{"id":"gen9vgc2023regulationc-1862078033","p1":"Hadrian1917","p2":"Kirigeki","format":"[Gen 9] VGC 2023 Regulation C","log":"|j|\u2606Hadrian1917\n|j|\u2606Kirigeki\n|t:|1683834732\n|gametype|doubles\n|player|p1|Hadrian1917|brock|1142\n|player|p2|Kirigeki|cynthia|1070\n|teamsize|p1|6\n|teamsize|p2|6\n|gen|9\n|tier|[Gen 9] VGC 2023 Regulation C\n|rated|\n|rule|Species Clause: Limit one of each Pok\u00e9mon\n|rule|Item Clause: Limit one of each item\n|clearpoke\n|poke|p1|Flutter Mane, L50|\n|poke|p1|Chi-Yu, L50|\n|poke|p1|Iron Hands, L50|\n|poke|p1|Ting-Lu, L50|\n|poke|p1|Gyarados, L50, F|\n|poke|p1|Amoonguss, L50, F|\n|poke|p2|Klefki, L50, F|\n|poke|p2|Flutter Mane, L50|\n|poke|p2|Staraptor, L50, F|\n|poke|p2|Brute Bonnet, L50|\n|poke|p2|Garganacl, L50, F|\n|poke|p2|Dragonite, L50, M|\n|teampreview|4\n|inactive|Battle timer is ON: inactive players will automatically lose when time's up. (requested by Kirigeki)\n|inactive|Hadrian1917 has 60 seconds left.\n|\n|t:|1683834779\n|start\n|switch|p1a: Iron Hands|Iron Hands, L50|100\/100\n|switch|p1b: Gyarados|Gyarados, L50, F|100\/100\n|switch|p2a: Klefki|Klefki, L50, F, shiny|100\/100\n|switch|p2b: Staraptor|Staraptor, L50, F|100\/100\n|-ability|p2b: Staraptor|Intimidate|boost\n|-unboost|p1a: Iron Hands|atk|1\n|-unboost|p1b: Gyarados|atk|1\n|-ability|p1b: Gyarados|Intimidate|boost\n|-unboost|p2a: Klefki|atk|1\n|-unboost|p2b: Staraptor|atk|1\n|turn|1\n|inactive|Kirigeki has 30 seconds left.\n|\n|t:|1683834810\n|move|p1a: Iron Hands|Fake Out|p2a: Klefki\n|-resisted|p2a: Klefki\n|-damage|p2a: Klefki|96\/100\n|cant|p2a: Klefki|flinch\n|move|p2b: Staraptor|U-turn|p1a: Iron Hands\n|-resisted|p1a: Iron Hands\n|-damage|p1a: Iron Hands|93\/100\n|\n|t:|1683834818\n|switch|p2b: Brute Bonnet|Brute Bonnet, L50|100\/100|[from] U-turn\n|move|p1b: Gyarados|Taunt|p2a: Klefki\n|-start|p2a: Klefki|move: Taunt\n|\n|-heal|p2a: Klefki|100\/100|[from] item: Leftovers\n|upkeep\n|turn|2\n|\n|t:|1683834830\n|move|p1b: Gyarados|Taunt|p2b: Brute Bonnet\n|-start|p2b: Brute Bonnet|move: Taunt\n|-activate|p2a: Klefki|move: Struggle\n|move|p2a: Klefki|Struggle|p1a: Iron Hands\n|-damage|p1a: Iron Hands|90\/100\n|-damage|p2a: Klefki|75\/100|[from] recoil\n|move|p1a: Iron Hands|Volt Switch|p2a: Klefki\n|-damage|p2a: Klefki|62\/100\n|\n|t:|1683834840\n|-end|p1a: Iron Hands|Quark Drive|[silent]\n|switch|p1a: Chi-Yu|Chi-Yu, L50|100\/100|[from] Volt Switch\n|-ability|p1a: Chi-Yu|Beads of Ruin\n|cant|p2b: Brute Bonnet|move: Taunt|Spore\n|\n|-heal|p2a: Klefki|68\/100|[from] item: Leftovers\n|upkeep\n|turn|3\n|\n|t:|1683834864\n|switch|p1b: Iron Hands|Iron Hands, L50|90\/100\n|move|p1a: Chi-Yu|Heat Wave|p2a: Klefki|[spread] p2a,p2b\n|-supereffective|p2a: Klefki\n|-supereffective|p2b: Brute Bonnet\n|-damage|p2a: Klefki|0 fnt\n|-damage|p2b: Brute Bonnet|35\/100\n|faint|p2a: Klefki\n|move|p2b: Brute Bonnet|Pollen Puff|p1a: Chi-Yu\n|-damage|p1a: Chi-Yu|81\/100\n|\n|upkeep\n|\n|t:|1683834875\n|switch|p2a: Staraptor|Staraptor, L50, F|100\/100\n|-ability|p2a: Staraptor|Intimidate|boost\n|-unboost|p1a: Chi-Yu|atk|1\n|-unboost|p1b: Iron Hands|atk|1\n|turn|4\n|\n|t:|1683834884\n|move|p1b: Iron Hands|Fake Out|p2a: Staraptor\n|-damage|p2a: Staraptor|86\/100\n|move|p1a: Chi-Yu|Heat Wave|p2a: Staraptor|[spread] p2b\n|-miss|p1a: Chi-Yu|p2a: Staraptor\n|-supereffective|p2b: Brute Bonnet\n|-damage|p2b: Brute Bonnet|0 fnt\n|faint|p2b: Brute Bonnet\n|-end|p2b: Brute Bonnet|Protosynthesis|[silent]\n|cant|p2a: Staraptor|flinch\n|\n|upkeep\n|\n|t:|1683834892\n|switch|p2b: Flutter Mane|Flutter Mane, L50|100\/100\n|turn|5\n|\n|t:|1683834913\n|switch|p1a: Gyarados|Gyarados, L50, F|100\/100\n|-ability|p1a: Gyarados|Intimidate|boost\n|-unboost|p2a: Staraptor|atk|1\n|-unboost|p2b: Flutter Mane|atk|1\n|-terastallize|p2b: Flutter Mane|Fairy\n|-terastallize|p1b: Iron Hands|Grass\n|move|p2b: Flutter Mane|Moonblast|p1a: Gyarados\n|-damage|p1a: Gyarados|31\/100\n|-damage|p2b: Flutter Mane|90\/100|[from] item: Life Orb\n|move|p2a: Staraptor|Brave Bird|p1b: Iron Hands\n|-supereffective|p1b: Iron Hands\n|-damage|p1b: Iron Hands|9\/100\n|-damage|p2a: Staraptor|47\/100|[from] Recoil\n|move|p1b: Iron Hands|Volt Switch|p2a: Staraptor\n|-supereffective|p2a: Staraptor\n|-damage|p2a: Staraptor|4\/100\n|-message|Kirigeki forfeited.\n|\n|win|Hadrian1917\n|raw|Hadrian1917's rating: 1142 → 1162<\/strong> (+20 for winning)\n|raw|Kirigeki's rating: 1070 → 1054<\/strong> (-16 for losing)\n|l|\u2606Kirigeki\n","uploadtime":1683834974,"views":12,"p1id":"hadrian1917","p2id":"kirigeki","formatid":"gen9vgc2023regulationc","rating":1054,"private":0,"password":""}