{"id":"gen9vgc2023regulationc-1863563541","p1":"NotAnElk","p2":"R3M4TCH","format":"[Gen 9] VGC 2023 Regulation C","log":"|j|\u2606NotAnElk\n|j|\u2606R3M4TCH\n|t:|1684034870\n|gametype|doubles\n|player|p1|NotAnElk|nita|\n|player|p2|R3M4TCH|266|\n|teamsize|p1|6\n|teamsize|p2|6\n|gen|9\n|tier|[Gen 9] VGC 2023 Regulation C\n|rule|Species Clause: Limit one of each Pok\u00e9mon\n|rule|Item Clause: Limit one of each item\n|clearpoke\n|poke|p1|Dragapult, L50, M|\n|poke|p1|Frosmoth, L50, F|\n|poke|p1|Toxtricity, L50, M|\n|poke|p1|Grimmsnarl, L50, M|\n|poke|p1|Hatterene, L50, F|\n|poke|p1|Stonjourner, L50, M|\n|poke|p2|Pelipper, L50, M|\n|poke|p2|Salamence, L50, F|\n|poke|p2|Sableye, L50, M|\n|poke|p2|Breloom, L50, F|\n|poke|p2|Hariyama, L50, M|\n|poke|p2|Gardevoir, L50, M|\n|teampreview|4\nR3M4TCH has agreed to open team sheets.\n|c|\u2606NotAnElk|gl hf!\nNotAnElk has agreed to open team sheets.\n|\n|t:|1684034900\n|start\n|switch|p1a: Grimmsnarl|Grimmsnarl, L50, M|100\/100\n|switch|p1b: Toxtricity|Toxtricity, L50, M|100\/100\n|switch|p2a: Grimm|Sableye, L50, M|100\/100\n|switch|p2b: Redcap|Breloom, L50, F, shiny|100\/100\n|turn|1\n|\n|t:|1684034927\n|-terastallize|p2b: Redcap|Rock\n|move|p1a: Grimmsnarl|Fake Out|p2b: Redcap\n|-resisted|p2b: Redcap\n|-damage|p2b: Redcap|92\/100\n|move|p2a: Grimm|Light Screen|p2a: Grimm\n|-sidestart|p2: R3M4TCH|move: Light Screen\n|cant|p2b: Redcap|flinch\n|move|p1b: Toxtricity|Sludge Bomb|p2b: Redcap\n|-resisted|p2b: Redcap\n|-damage|p2b: Redcap|46\/100\n|-status|p2b: Redcap|psn\n|\n|-damage|p2b: Redcap|35\/100 psn|[from] psn\n|upkeep\n|turn|2\n|\n|t:|1684034959\n|switch|p2b: Mallard|Pelipper, L50, M, shiny|100\/100\n|-weather|RainDance|[from] ability: Drizzle|[of] p2b: Mallard\n|move|p1a: Grimmsnarl|Reflect|p1a: Grimmsnarl\n|-sidestart|p1: NotAnElk|Reflect\n|move|p1b: Toxtricity|Sludge Bomb|p2b: Mallard\n|-damage|p2b: Mallard|53\/100\n|move|p2a: Grimm|Foul Play|p1b: Toxtricity\n|-damage|p1b: Toxtricity|76\/100\n|\n|-weather|RainDance|[upkeep]\n|upkeep\n|turn|3\n|\n|t:|1684035005\n|switch|p1b: Hatterene|Hatterene, L50, F|100\/100\n|switch|p2a: The Wake|Salamence, L50, F|100\/100\n|-ability|p2a: The Wake|Intimidate|boost\n|-unboost|p1a: Grimmsnarl|atk|1\n|-unboost|p1b: Hatterene|atk|1\n|move|p1a: Grimmsnarl|Light Screen|p1a: Grimmsnarl\n|-sidestart|p1: NotAnElk|move: Light Screen\n|move|p2b: Mallard|Icy Wind|p1b: Hatterene|[spread] p1a\n|-miss|p2b: Mallard|p1b: Hatterene\n|-damage|p1a: Grimmsnarl|96\/100\n|-unboost|p1a: Grimmsnarl|spe|1\n|\n|-weather|RainDance|[upkeep]\n|upkeep\n|turn|4\n|\n|t:|1684035030\n|move|p2b: Mallard|Helping Hand|p2a: The Wake\n|-singleturn|p2a: The Wake|Helping Hand|[of] p2b: Mallard\n|move|p2a: The Wake|Hurricane|p1b: Hatterene\n|-damage|p1b: Hatterene|21\/100\n|-damage|p2a: The Wake|90\/100|[from] item: Life Orb\n|move|p1a: Grimmsnarl|Foul Play|p2a: The Wake\n|-damage|p2a: The Wake|48\/100\n|move|p1b: Hatterene|Nuzzle|p2a: The Wake\n|-damage|p2a: The Wake|45\/100\n|-status|p2a: The Wake|par\n|\n|-weather|RainDance|[upkeep]\n|upkeep\n|turn|5\n|\n|t:|1684035053\n|move|p1b: Hatterene|Protect|p1b: Hatterene\n|-singleturn|p1b: Hatterene|Protect\n|move|p2b: Mallard|Surf|p1b: Hatterene|[spread] p2a,p1a\n|-activate|p1b: Hatterene|move: Protect\n|-resisted|p2a: The Wake\n|-damage|p2a: The Wake|30\/100 par\n|-damage|p1a: Grimmsnarl|80\/100\n|move|p2a: The Wake|Hurricane|p1b: Hatterene\n|-activate|p1b: Hatterene|move: Protect\n|move|p1a: Grimmsnarl|Foul Play|p2a: The Wake\n|-damage|p2a: The Wake|0 fnt\n|faint|p2a: The Wake\n|\n|-weather|RainDance|[upkeep]\n|upkeep\n|\n|t:|1684035059\n|switch|p2a: Redcap|Breloom, L50, F, shiny, tera:Rock|35\/100 psn\n|turn|6\n|\n|t:|1684035084\n|move|p2a: Redcap|Spore|p1a: Grimmsnarl\n|-status|p1a: Grimmsnarl|slp|[from] move: Spore\n|move|p2b: Mallard|Tailwind|p2b: Mallard\n|-sidestart|p2: R3M4TCH|move: Tailwind\n|cant|p1a: Grimmsnarl|slp\n|move|p1b: Hatterene|Dazzling Gleam|p2b: Mallard|[spread] p2a,p2b\n|-damage|p2a: Redcap|0 fnt\n|-damage|p2b: Mallard|27\/100\n|-enditem|p2b: Mallard|Sitrus Berry|[eat]\n|-heal|p2b: Mallard|52\/100|[from] item: Sitrus Berry\n|faint|p2a: Redcap\n|\n|-weather|none\n|upkeep\n|\n|t:|1684035087\n|switch|p2a: Grimm|Sableye, L50, M|100\/100\n|turn|7\n|\n|t:|1684035107\n|move|p2b: Mallard|Icy Wind|p1b: Hatterene|[spread] p1a,p1b\n|-damage|p1a: Grimmsnarl|75\/100 slp\n|-damage|p1b: Hatterene|14\/100\n|-unboost|p1a: Grimmsnarl|spe|1\n|move|p2a: Grimm|Foul Play|p1b: Hatterene\n|-damage|p1b: Hatterene|0 fnt\n|faint|p1b: Hatterene\n|cant|p1a: Grimmsnarl|slp\n|\n|upkeep\n|\n|t:|1684035121\n|switch|p1b: Frosmoth|Frosmoth, L50, F|100\/100\n|turn|8\n|\n|t:|1684035132\n|move|p2a: Grimm|Thunder Wave|p1b: Frosmoth\n|-status|p1b: Frosmoth|par\n|move|p2b: Mallard|Surf|p1a: Grimmsnarl|[spread] p2a,p1a,p1b\n|-damage|p2a: Grimm|83\/100\n|-damage|p1a: Grimmsnarl|63\/100 slp\n|-damage|p1b: Frosmoth|93\/100 par\n|move|p1b: Frosmoth|Blizzard|p2a: Grimm|[spread] p2a,p2b\n|-damage|p2a: Grimm|47\/100\n|-damage|p2b: Mallard|20\/100\n|cant|p1a: Grimmsnarl|slp\n|\n|-sideend|p2: R3M4TCH|move: Light Screen\n|upkeep\n|turn|9\n|\n|t:|1684035146\n|move|p2a: Grimm|Light Screen|p2a: Grimm\n|-sidestart|p2: R3M4TCH|move: Light Screen\n|move|p2b: Mallard|Icy Wind|p1a: Grimmsnarl|[spread] p1a,p1b\n|-resisted|p1b: Frosmoth\n|-damage|p1a: Grimmsnarl|59\/100 slp\n|-damage|p1b: Frosmoth|91\/100 par\n|-unboost|p1a: Grimmsnarl|spe|1\n|-unboost|p1b: Frosmoth|spe|1\n|-curestatus|p1a: Grimmsnarl|slp|[msg]\n|move|p1a: Grimmsnarl|Foul Play|p2b: Mallard\n|-damage|p2b: Mallard|6\/100\n|move|p1b: Frosmoth|Blizzard|p2b: Mallard|[spread] p2a,p2b\n|-damage|p2a: Grimm|8\/100\n|-damage|p2b: Mallard|0 fnt\n|faint|p2b: Mallard\n|\n|-sideend|p1: NotAnElk|Reflect\n|-sideend|p2: R3M4TCH|move: Tailwind\n|upkeep\n|turn|10\n|\n|t:|1684035162\n|move|p2a: Grimm|Foul Play|p1b: Frosmoth\n|-damage|p1b: Frosmoth|65\/100 par\n|move|p1a: Grimmsnarl|Foul Play|p2a: Grimm\n|-damage|p2a: Grimm|0 fnt\n|faint|p2a: Grimm\n|\n|win|NotAnElk\n|c|\u2606R3M4TCH|gg!\n|c|\u2606NotAnElk|gg!\n","uploadtime":1684035171,"views":15,"p1id":"notanelk","p2id":"r3m4tch","formatid":"gen9vgc2023regulationc","rating":0,"private":0,"password":""}