{"id":"gen9vgc2023regulationc-1857706222","p1":"SandyShocksCV","p2":"Pikachudo2","format":"[Gen 9] VGC 2023 Regulation C","log":"|j|\u2606SandyShocksCV\n|j|\u2606Pikachudo2\n|t:|1683224151\n|gametype|doubles\n|player|p1|SandyShocksCV|169|1484\n|player|p2|Pikachudo2|101|1405\n|teamsize|p1|6\n|teamsize|p2|6\n|gen|9\n|tier|[Gen 9] VGC 2023 Regulation C\n|rated|\n|rule|Species Clause: Limit one of each Pok\u00e9mon\n|rule|Item Clause: Limit one of each item\n|clearpoke\n|poke|p1|Glimmora, L50, F|\n|poke|p1|Dragonite, L50, F|\n|poke|p1|Dondozo, L50, F|\n|poke|p1|Tatsugiri, L50, M|\n|poke|p1|Chi-Yu, L50|\n|poke|p1|Iron Bundle, L50|\n|poke|p2|Arcanine, L50, M|\n|poke|p2|Amoonguss, L50, M|\n|poke|p2|Flutter Mane, L50|\n|poke|p2|Iron Hands, L50|\n|poke|p2|Glimmora, L50, F|\n|poke|p2|Grimmsnarl, L50, M|\n|teampreview|4\n|inactive|Battle timer is ON: inactive players will automatically lose when time's up. (requested by Pikachudo2)\n|inactive|SandyShocksCV has 60 seconds left.\n|inactive|Pikachudo2 has 60 seconds left.\n|inactive|Pikachudo2 has 30 seconds left.\n|inactive|Pikachudo2 has 20 seconds left.\n|inactive|Pikachudo2 has 15 seconds left.\n|inactive|Pikachudo2 has 10 seconds left.\n|\n|t:|1683224240\n|start\n|switch|p1a: Dondozo|Dondozo, L50, F|100\/100\n|switch|p1b: Iron Bundle|Iron Bundle, L50|100\/100\n|switch|p2a: Grimmsnarl|Grimmsnarl, L50, M|100\/100\n|switch|p2b: Flutter Mane|Flutter Mane, L50|100\/100\n|-enditem|p1b: Iron Bundle|Booster Energy\n|-activate|p1b: Iron Bundle|ability: Quark Drive|[fromitem]\n|-start|p1b: Iron Bundle|quarkdrivespe\n|-enditem|p2b: Flutter Mane|Booster Energy\n|-activate|p2b: Flutter Mane|ability: Protosynthesis|[fromitem]\n|-start|p2b: Flutter Mane|protosynthesisspe\n|turn|1\n|\n|t:|1683224261\n|move|p2a: Grimmsnarl|Trick|p1a: Dondozo\n|-activate|p2a: Grimmsnarl|move: Trick|[of] p1a: Dondozo\n|-item|p1a: Dondozo|Eject Button|[from] move: Trick\n|-item|p2a: Grimmsnarl|Leftovers|[from] move: Trick\n|move|p1b: Iron Bundle|Icy Wind|p2a: Grimmsnarl|[spread] p2a,p2b\n|-damage|p2a: Grimmsnarl|86\/100\n|-damage|p2b: Flutter Mane|79\/100\n|-unboost|p2a: Grimmsnarl|spe|1\n|-unboost|p2b: Flutter Mane|spe|1\n|move|p2b: Flutter Mane|Substitute|p2b: Flutter Mane\n|-start|p2b: Flutter Mane|Substitute\n|-damage|p2b: Flutter Mane|54\/100\n|move|p1a: Dondozo|Wave Crash|p2b: Flutter Mane\n|-end|p2b: Flutter Mane|Substitute\n|-damage|p1a: Dondozo|96\/100|[from] Recoil|[of] p2b: Flutter Mane\n|\n|-heal|p2a: Grimmsnarl|92\/100|[from] item: Leftovers\n|upkeep\n|turn|2\n|inactive|SandyShocksCV has 30 seconds left.\n|\n|t:|1683224288\n|move|p2a: Grimmsnarl|Fake Tears|p1b: Iron Bundle\n|-unboost|p1b: Iron Bundle|spd|2\n|move|p1b: Iron Bundle|Icy Wind|p2b: Flutter Mane|[spread] p2a,p2b\n|-damage|p2a: Grimmsnarl|75\/100\n|-damage|p2b: Flutter Mane|30\/100\n|-unboost|p2a: Grimmsnarl|spe|1\n|-unboost|p2b: Flutter Mane|spe|1\n|move|p2b: Flutter Mane|Dazzling Gleam|p1b: Iron Bundle|[spread] p1a,p1b\n|-damage|p1a: Dondozo|67\/100\n|-damage|p1b: Iron Bundle|0 fnt\n|faint|p1b: Iron Bundle\n|-end|p1b: Iron Bundle|Quark Drive|[silent]\n|-enditem|p1a: Dondozo|Eject Button\n|\n|t:|1683224307\n|switch|p1a: Glimmora|Glimmora, L50, F|100\/100\n|\n|-heal|p2a: Grimmsnarl|81\/100|[from] item: Leftovers\n|upkeep\n|\n|t:|1683224324\n|switch|p1b: Chi-Yu|Chi-Yu, L50|100\/100\n|-ability|p1b: Chi-Yu|Beads of Ruin\n|turn|3\n|inactive|SandyShocksCV has 30 seconds left.\n|inactive|SandyShocksCV has 20 seconds left.\n|\n|t:|1683224361\n|-end|p2b: Flutter Mane|Protosynthesis|[silent]\n|switch|p2b: Iron Hands|Iron Hands, L50|100\/100\n|move|p1b: Chi-Yu|Heat Wave|p2a: Grimmsnarl|[spread] p2a,p2b\n|-damage|p2a: Grimmsnarl|45\/100\n|-damage|p2b: Iron Hands|77\/100\n|move|p1a: Glimmora|Power Gem|p2a: Grimmsnarl\n|-damage|p2a: Grimmsnarl|10\/100\n|move|p2a: Grimmsnarl|Spirit Break|p1b: Chi-Yu\n|-damage|p1b: Chi-Yu|54\/100\n|-unboost|p1b: Chi-Yu|spa|1\n|\n|-heal|p2a: Grimmsnarl|16\/100|[from] item: Leftovers\n|upkeep\n|turn|4\n|\n|t:|1683224383\n|-terastallize|p1b: Chi-Yu|Ghost\n|move|p2b: Iron Hands|Fake Out|p1b: Chi-Yu\n|-immune|p1b: Chi-Yu\n|move|p2a: Grimmsnarl|Fake Tears|p1a: Glimmora\n|-unboost|p1a: Glimmora|spd|2\n|move|p1b: Chi-Yu|Heat Wave|p2b: Iron Hands|[spread] p2a,p2b\n|-damage|p2a: Grimmsnarl|0 fnt\n|-damage|p2b: Iron Hands|60\/100\n|faint|p2a: Grimmsnarl\n|move|p1a: Glimmora|Earth Power|p2b: Iron Hands\n|-supereffective|p2b: Iron Hands\n|-damage|p2b: Iron Hands|23\/100\n|\n|upkeep\n|\n|t:|1683224394\n|switch|p2a: Flutter Mane|Flutter Mane, L50|30\/100\n|turn|5\n|inactive|SandyShocksCV has 30 seconds left.\n|inactive|SandyShocksCV has 20 seconds left.\n|\n|t:|1683224432\n|move|p1b: Chi-Yu|Protect|p1b: Chi-Yu\n|-singleturn|p1b: Chi-Yu|Protect\n|move|p2a: Flutter Mane|Dazzling Gleam|p1b: Chi-Yu|[spread] p1a\n|-activate|p1b: Chi-Yu|move: Protect\n|-resisted|p1a: Glimmora\n|-damage|p1a: Glimmora|70\/100\n|move|p1a: Glimmora|Power Gem|p2a: Flutter Mane\n|-damage|p2a: Flutter Mane|0 fnt\n|faint|p2a: Flutter Mane\n|-end|p2a: Flutter Mane|Protosynthesis|[silent]\n|move|p2b: Iron Hands|Heavy Slam|p1a: Glimmora\n|-supereffective|p1a: Glimmora\n|-damage|p1a: Glimmora|5\/100\n|-activate|p1a: Glimmora|ability: Toxic Debris\n|-sidestart|p2: Pikachudo2|move: Toxic Spikes\n|\n|upkeep\n|\n|t:|1683224436\n|switch|p2a: Glimmora|Glimmora, L50, F|100\/100\n|-sideend|p2: Pikachudo2|move: Toxic Spikes|[of] p2a: Glimmora\n|turn|6\n|\n|t:|1683224456\n|move|p1b: Chi-Yu|Heat Wave|p2a: Glimmora|[spread] p2a,p2b\n|-resisted|p2a: Glimmora\n|-damage|p2a: Glimmora|83\/100\n|-damage|p2b: Iron Hands|8\/100\n|move|p2a: Glimmora|Mortal Spin|p1a: Glimmora|[spread] p1a,p1b\n|-resisted|p1a: Glimmora\n|-resisted|p1b: Chi-Yu\n|-damage|p1a: Glimmora|5\/100\n|-damage|p1b: Chi-Yu|51\/100\n|-status|p1a: Glimmora|psn\n|-status|p1b: Chi-Yu|psn\n|-activate|p1a: Glimmora|ability: Toxic Debris\n|-sidestart|p2: Pikachudo2|move: Toxic Spikes\n|-sideend|p2: Pikachudo2|Toxic Spikes|[from] move: Mortal Spin|[of] p2a: Glimmora\n|move|p1a: Glimmora|Earth Power|p2a: Glimmora\n|-supereffective|p2a: Glimmora\n|-damage|p2a: Glimmora|0 fnt\n|faint|p2a: Glimmora\n|move|p2b: Iron Hands|Heavy Slam|p1b: Chi-Yu\n|-damage|p1b: Chi-Yu|0 fnt\n|faint|p1b: Chi-Yu\n|\n|-damage|p1a: Glimmora|0 fnt|[from] psn\n|faint|p1a: Glimmora\n|upkeep\n|\n|t:|1683224470\n|switch|p1b: Dondozo|Dondozo, L50, F|67\/100\n|turn|7\n|\n|t:|1683224476\n|-terastallize|p2b: Iron Hands|Grass\n|move|p1b: Dondozo|Earthquake|p2b: Iron Hands\n|-resisted|p2b: Iron Hands\n|-damage|p2b: Iron Hands|0 fnt\n|faint|p2b: Iron Hands\n|-end|p2b: Iron Hands|Quark Drive|[silent]\n|\n|win|SandyShocksCV\n|raw|SandyShocksCV's rating: 1484 → 1500<\/strong> (+16 for winning)\n|raw|Pikachudo2's rating: 1405 → 1389<\/strong> (-16 for losing)\n|c|\u2606SandyShocksCV|gg wp\n|l|\u2606Pikachudo2\n","uploadtime":1683225018,"views":13,"p1id":"sandyshockscv","p2id":"pikachudo2","formatid":"gen9vgc2023regulationc","rating":1389,"private":0,"password":""}