{"id":"gen9vgc2023regulationc-1846402351","p1":"JohanDK","p2":"darrenthemexican","format":"[Gen 9] VGC 2023 Regulation C","log":"|j|\u2606JohanDK\n|j|\u2606darrenthemexican\n|t:|1681838011\n|gametype|doubles\n|player|p1|JohanDK|2|1288\n|player|p2|darrenthemexican|lance|1187\n|teamsize|p1|6\n|teamsize|p2|6\n|gen|9\n|tier|[Gen 9] VGC 2023 Regulation C\n|rated|\n|rule|Species Clause: Limit one of each Pok\u00e9mon\n|rule|Item Clause: Limit one of each item\n|clearpoke\n|poke|p1|Palafin, L50, F|\n|poke|p1|Chien-Pao, L50|\n|poke|p1|Dragapult, L50, F|\n|poke|p1|Amoonguss, L50, M|\n|poke|p1|Arcanine, L50, F|\n|poke|p1|Flutter Mane, L50|\n|poke|p2|Flutter Mane, L50|\n|poke|p2|Dragonite, L50, M|\n|poke|p2|Quaquaval, L50, F|\n|poke|p2|Iron Bundle, L50|\n|poke|p2|Grimmsnarl, L50, M|\n|poke|p2|Flamigo, L50, M|\n|teampreview|4\n|\n|t:|1681838025\n|start\n|switch|p1a: Dnite|Dragapult, L50, F|100\/100\n|switch|p1b: Bundle|Chien-Pao, L50|100\/100\n|switch|p2a: Dragonite|Dragonite, L50, M|100\/100\n|switch|p2b: Grimmsnarl|Grimmsnarl, L50, M|100\/100\n|-ability|p1b: Bundle|Sword of Ruin\n|turn|1\n|\n|t:|1681838052\n|-terastallize|p2a: Dragonite|Steel\n|move|p2b: Grimmsnarl|Reflect|p2b: Grimmsnarl\n|-sidestart|p2: darrenthemexican|Reflect\n|move|p1a: Dnite|Dragon Darts|p2a: Dragonite\n|-resisted|p2a: Dragonite\n|-damage|p2a: Dragonite|91\/100\n|-anim|p1a: Dnite|Dragon Darts|p2a: Dragonite\n|-resisted|p2a: Dragonite\n|-damage|p2a: Dragonite|72\/100\n|move|p1b: Bundle|Ice Spinner|p2b: Grimmsnarl\n|-damage|p2b: Grimmsnarl|60\/100\n|move|p2a: Dragonite|Dragon Dance|p2a: Dragonite\n|-boost|p2a: Dragonite|atk|1\n|-boost|p2a: Dragonite|spe|1\n|\n|-heal|p2b: Grimmsnarl|66\/100|[from] item: Leftovers\n|upkeep\n|turn|2\n|\n|t:|1681838074\n|switch|p1a: WoChien|Amoonguss, L50, M|100\/100\n|move|p2b: Grimmsnarl|Thunder Wave|p1a: WoChien\n|-status|p1a: WoChien|par\n|move|p1b: Bundle|Sacred Sword|p2a: Dragonite\n|-supereffective|p2a: Dragonite\n|-damage|p2a: Dragonite|11\/100\n|move|p2a: Dragonite|Rock Slide|p1b: Bundle|[spread] p1a,p1b\n|-supereffective|p1b: Bundle\n|-damage|p1a: WoChien|64\/100 par\n|-damage|p1b: Bundle|16\/100\n|\n|-heal|p2b: Grimmsnarl|72\/100|[from] item: Leftovers\n|upkeep\n|turn|3\n|\n|t:|1681838096\n|move|p1b: Bundle|Protect|p1b: Bundle\n|-singleturn|p1b: Bundle|Protect\n|move|p2a: Dragonite|Protect|p2a: Dragonite\n|-singleturn|p2a: Dragonite|Protect\n|move|p2b: Grimmsnarl|Play Rough|p1b: Bundle\n|-activate|p1b: Bundle|move: Protect\n|move|p1a: WoChien|Spore|p2a: Dragonite\n|-activate|p2a: Dragonite|move: Protect\n|\n|-heal|p2b: Grimmsnarl|78\/100|[from] item: Leftovers\n|upkeep\n|turn|4\n|\n|t:|1681838115\n|cant|p1a: WoChien|par\n|move|p1b: Bundle|Ice Spinner|p2a: Dragonite\n|-resisted|p2a: Dragonite\n|-damage|p2a: Dragonite|0 fnt\n|faint|p2a: Dragonite\n|move|p2b: Grimmsnarl|Play Rough|p1b: Bundle\n|-supereffective|p1b: Bundle\n|-damage|p1b: Bundle|0 fnt\n|faint|p1b: Bundle\n|\n|-heal|p2b: Grimmsnarl|84\/100|[from] item: Leftovers\n|upkeep\n|\n|t:|1681838128\n|switch|p1b: Dnite|Dragapult, L50, F|100\/100\n|switch|p2a: Quaquaval|Quaquaval, L50, F|100\/100\n|turn|5\n|\n|t:|1681838142\n|-terastallize|p1b: Dnite|Steel\n|cant|p1a: WoChien|par\n|move|p2b: Grimmsnarl|Thunder Wave|p1b: Dnite\n|-status|p1b: Dnite|par\n|move|p2a: Quaquaval|Brave Bird|p1a: WoChien\n|-supereffective|p1a: WoChien\n|-damage|p1a: WoChien|1\/100 par\n|-enditem|p1a: WoChien|Sitrus Berry|[eat]\n|-heal|p1a: WoChien|26\/100 par|[from] item: Sitrus Berry\n|-damage|p2a: Quaquaval|72\/100|[from] Recoil\n|move|p1b: Dnite|Tera Blast|p2b: Grimmsnarl\n|-supereffective|p2b: Grimmsnarl\n|-damage|p2b: Grimmsnarl|0 fnt\n|faint|p2b: Grimmsnarl\n|\n|-sideend|p2: darrenthemexican|Reflect\n|upkeep\n|\n|t:|1681838157\n|switch|p2b: Flutter Mane|Flutter Mane, L50, shiny|100\/100\n|turn|6\n|\n|t:|1681838175\n|move|p2b: Flutter Mane|Dazzling Gleam|p1a: WoChien|[spread] p1a,p1b\n|-resisted|p1a: WoChien\n|-resisted|p1b: Dnite\n|-damage|p1a: WoChien|14\/100 par\n|-damage|p1b: Dnite|80\/100 par\n|move|p2a: Quaquaval|Close Combat|p1b: Dnite\n|-supereffective|p1b: Dnite\n|-damage|p1b: Dnite|0 fnt\n|-unboost|p2a: Quaquaval|def|1\n|-unboost|p2a: Quaquaval|spd|1\n|faint|p1b: Dnite\n|-ability|p2a: Quaquaval|Moxie|boost\n|-boost|p2a: Quaquaval|atk|1\n|move|p1a: WoChien|Spore|p2a: Quaquaval\n|-status|p2a: Quaquaval|slp|[from] move: Spore\n|\n|upkeep\n|\n|t:|1681838190\n|switch|p1b: Mimi|Flutter Mane, L50|100\/100\n|-enditem|p1b: Mimi|Booster Energy\n|-activate|p1b: Mimi|ability: Protosynthesis|[fromitem]\n|-start|p1b: Mimi|protosynthesisspa\n|turn|7\n|\n|t:|1681838201\n|move|p2b: Flutter Mane|Shadow Ball|p1b: Mimi\n|-supereffective|p1b: Mimi\n|-damage|p1b: Mimi|11\/100\n|move|p1b: Mimi|Dazzling Gleam|p2b: Flutter Mane|[spread] p2a,p2b\n|-supereffective|p2a: Quaquaval\n|-damage|p2a: Quaquaval|0 fnt\n|-damage|p2b: Flutter Mane|56\/100\n|faint|p2a: Quaquaval\n|move|p1a: WoChien|Spore|p2b: Flutter Mane\n|-status|p2b: Flutter Mane|slp|[from] move: Spore\n|\n|upkeep\n|turn|8\n|\n|t:|1681838222\n|move|p1a: WoChien|Rage Powder|p1a: WoChien\n|-singleturn|p1a: WoChien|move: Rage Powder\n|cant|p2b: Flutter Mane|slp\n|move|p1b: Mimi|Shadow Ball|p2b: Flutter Mane\n|-supereffective|p2b: Flutter Mane\n|-damage|p2b: Flutter Mane|0 fnt\n|faint|p2b: Flutter Mane\n|-end|p2b: Flutter Mane|Protosynthesis|[silent]\n|\n|win|JohanDK\n|raw|JohanDK's rating: 1288 → 1306<\/strong> (+18 for winning)\n|raw|darrenthemexican's rating: 1187 → 1169<\/strong> (-18 for losing)\n|l|\u2606darrenthemexican\n","uploadtime":1681838233,"views":10,"p1id":"johandk","p2id":"darrenthemexican","formatid":"gen9vgc2023regulationc","rating":1169,"private":0,"password":""}