{"id":"gen9vgc2023regulationc-1862540746","p1":"Bullish21","p2":"sahabatgomba","format":"[Gen 9] VGC 2023 Regulation C","log":"|j|\u2606Bullish21\n|j|\u2606sahabatgomba\n|t:|1683898970\n|gametype|doubles\n|player|p1|Bullish21|riley|\n|player|p2|sahabatgomba|tuber|\n|teamsize|p1|6\n|teamsize|p2|6\n|gen|9\n|tier|[Gen 9] VGC 2023 Regulation C\n|rule|Species Clause: Limit one of each Pok\u00e9mon\n|rule|Item Clause: Limit one of each item\n|clearpoke\n|poke|p1|Brambleghast, L50, M|\n|poke|p1|Ursaring, L50, M|\n|poke|p1|Lucario, L50, F|\n|poke|p1|Indeedee-F, L50, F|\n|poke|p1|Sylveon, L50, M|\n|poke|p1|Hatterene, L50, F|\n|poke|p2|Gholdengo, L50|\n|poke|p2|Azumarill, L50, F|\n|poke|p2|Armarouge, L50, F|\n|poke|p2|Ceruledge, L50, M|\n|poke|p2|Arcanine, L50, M|\n|poke|p2|Indeedee-F, L50, F|\n|teampreview|4\nsahabatgomba has agreed to open team sheets.\nBullish21 has agreed to open team sheets.\n|c|\u2606Bullish21|g1\n|c|\u2606sahabatgomba|oke\n|c|\u2606sahabatgomba|gw kencing dl\n|c|\u2606Bullish21|silakan\n|c|\u2606sahabatgomba|ok main ya bank\n|c|\u2606Bullish21|glhf bro\n|c|\u2606sahabatgomba|glhf\n|inactive|Battle timer is ON: inactive players will automatically lose when time's up. (requested by sahabatgomba)\n|\n|t:|1683899129\n|start\n|switch|p1a: Indeedee|Indeedee-F, L50, F|100\/100\n|switch|p1b: Sylveon|Sylveon, L50, M|100\/100\n|switch|p2a: Indeedee|Indeedee-F, L50, F|100\/100\n|switch|p2b: Gholdengo|Gholdengo, L50|100\/100\n|-fieldstart|move: Psychic Terrain|[from] ability: Psychic Surge|[of] p2a: Indeedee\n|-enditem|p2a: Indeedee|Psychic Seed\n|-boost|p2a: Indeedee|spd|1|[from] item: Psychic Seed\n|-enditem|p1a: Indeedee|Psychic Seed\n|-boost|p1a: Indeedee|spd|1|[from] item: Psychic Seed\n|turn|1\n|inactive|Bullish21 has 30 seconds left.\n|inactive|sahabatgomba has 30 seconds left.\n|\n|t:|1683899156\n|-terastallize|p1b: Sylveon|Fire\n|move|p2a: Indeedee|Follow Me|p2a: Indeedee\n|-singleturn|p2a: Indeedee|move: Follow Me\n|move|p2b: Gholdengo|Nasty Plot|p2b: Gholdengo\n|-boost|p2b: Gholdengo|spa|2\n|move|p1b: Sylveon|Tera Blast|p2a: Indeedee\n|-damage|p2a: Indeedee|63\/100\n|move|p1a: Indeedee|Trick Room|p1a: Indeedee\n|-fieldstart|move: Trick Room|[of] p1a: Indeedee\n|\n|upkeep\n|turn|2\n|inactive|sahabatgomba has 30 seconds left.\n|inactive|Bullish21 has 30 seconds left.\n|inactive|sahabatgomba has 20 seconds left.\n|inactive|sahabatgomba has 15 seconds left.\n|\n|t:|1683899200\n|move|p2b: Gholdengo|Protect|p2b: Gholdengo\n|-singleturn|p2b: Gholdengo|Protect\n|move|p1b: Sylveon|Tera Blast|p2a: Indeedee\n|-damage|p2a: Indeedee|20\/100\n|move|p1a: Indeedee|Psyshock|p2b: Gholdengo\n|-activate|p2b: Gholdengo|move: Protect\n|move|p2a: Indeedee|Psyshock|p1b: Sylveon\n|-damage|p1b: Sylveon|57\/100\n|\n|upkeep\n|turn|3\n|\n|t:|1683899222\n|-terastallize|p2b: Gholdengo|Steel\n|move|p2a: Indeedee|Follow Me|p2a: Indeedee\n|-singleturn|p2a: Indeedee|move: Follow Me\n|move|p1b: Sylveon|Tera Blast|p2a: Indeedee\n|-damage|p2a: Indeedee|0 fnt\n|faint|p2a: Indeedee\n|move|p1a: Indeedee|Psyshock|p2b: Gholdengo\n|-resisted|p2b: Gholdengo\n|-damage|p2b: Gholdengo|85\/100\n|move|p2b: Gholdengo|Make It Rain|p1a: Indeedee|[spread] p1a,p1b\n|-resisted|p1b: Sylveon\n|-damage|p1a: Indeedee|0 fnt\n|-damage|p1b: Sylveon|5\/100\n|-unboost|p2b: Gholdengo|spa|1\n|faint|p1a: Indeedee\n|-damage|p2b: Gholdengo|75\/100|[from] item: Life Orb\n|\n|upkeep\n|\n|t:|1683899239\n|switch|p1a: Ursaring|Ursaring, L50, M|100\/100\n|switch|p2a: Azumarill|Azumarill, L50, F|100\/100\n|turn|4\n|\n|t:|1683899261\n|move|p2a: Azumarill|Liquidation|p1b: Sylveon\n|-supereffective|p1b: Sylveon\n|-damage|p1b: Sylveon|0 fnt\n|faint|p1b: Sylveon\n|move|p1a: Ursaring|Rock Slide|p2b: Gholdengo|[spread] p2a,p2b\n|-resisted|p2b: Gholdengo\n|-damage|p2a: Azumarill|77\/100\n|-damage|p2b: Gholdengo|66\/100\n|move|p2b: Gholdengo|Nasty Plot|p2b: Gholdengo\n|-boost|p2b: Gholdengo|spa|2\n|\n|-status|p1a: Ursaring|brn|[from] item: Flame Orb\n|upkeep\n|\n|t:|1683899273\n|switch|p1b: Hatterene|Hatterene, L50, F|100\/100\n|turn|5\n|\n|t:|1683899293\n|move|p2b: Gholdengo|Protect|p2b: Gholdengo\n|-singleturn|p2b: Gholdengo|Protect\n|move|p1b: Hatterene|Mystical Fire|p2b: Gholdengo\n|-activate|p2b: Gholdengo|move: Protect\n|move|p2a: Azumarill|Brick Break|p1a: Ursaring\n|-supereffective|p1a: Ursaring\n|-damage|p1a: Ursaring|20\/100 brn\n|move|p1a: Ursaring|Rock Slide|p2a: Azumarill|[spread] p2a\n|-activate|p2b: Gholdengo|move: Protect\n|-damage|p2a: Azumarill|44\/100\n|\n|-damage|p1a: Ursaring|14\/100 brn|[from] brn\n|-fieldend|move: Trick Room\n|-fieldend|move: Psychic Terrain\n|upkeep\n|turn|6\n|\n|t:|1683899313\n|move|p2b: Gholdengo|Make It Rain|p1a: Ursaring|[spread] p1a,p1b\n|-crit|p1a: Ursaring\n|-supereffective|p1b: Hatterene\n|-enditem|p1b: Hatterene|Babiri Berry|[eat]\n|-enditem|p1b: Hatterene|Babiri Berry|[weaken]\n|-damage|p1a: Ursaring|0 fnt\n|-damage|p1b: Hatterene|0 fnt\n|-unboost|p2b: Gholdengo|spa|1\n|faint|p1a: Ursaring\n|faint|p1b: Hatterene\n|-damage|p2b: Gholdengo|56\/100|[from] item: Life Orb\n|\n|win|sahabatgomba\n|c|\u2606Bullish21|gg\n|c|\u2606sahabatgomba|lanjood\n","uploadtime":1683899639,"views":10,"p1id":"bullish21","p2id":"sahabatgomba","formatid":"gen9vgc2023regulationc","rating":0,"private":0,"password":""}