{"id":"gen9vgc2023regulationc-1850005209","p1":"kodiedunn","p2":"eunuchMiku","format":"[Gen 9] VGC 2023 Regulation C","log":"|j|\u2606kodiedunn\n|j|\u2606eunuchMiku\n|t:|1682277135\n|gametype|doubles\n|player|p1|kodiedunn|2|1036\n|player|p2|eunuchMiku|flannery|1109\n|teamsize|p1|6\n|teamsize|p2|6\n|gen|9\n|tier|[Gen 9] VGC 2023 Regulation C\n|rated|\n|rule|Species Clause: Limit one of each Pok\u00e9mon\n|rule|Item Clause: Limit one of each item\n|clearpoke\n|poke|p1|Tauros-Paldea-Aqua, L50, M|\n|poke|p1|Armarouge, L50, F|\n|poke|p1|Froslass, L50, F|\n|poke|p1|Indeedee-F, L50, F|\n|poke|p1|Scizor, L50, M|\n|poke|p1|Rotom-Wash, L50|\n|poke|p2|Torkoal, L50, F|\n|poke|p2|Lilligant, L50, F|\n|poke|p2|Flutter Mane, L50|\n|poke|p2|Great Tusk, L50|\n|poke|p2|Chi-Yu, L50|\n|poke|p2|Maushold, L50|\n|teampreview|4\n|inactive|Battle timer is ON: inactive players will automatically lose when time's up. (requested by eunuchMiku)\neunuchMiku has agreed to open team sheets.\n|inactive|kodiedunn has 60 seconds left.\n|\n|t:|1682277180\n|start\n|switch|p1a: Tauros|Tauros-Paldea-Aqua, L50, M|100\/100\n|switch|p1b: Froslass|Froslass, L50, F|100\/100\n|switch|p2a: Torkoal|Torkoal, L50, F|100\/100\n|switch|p2b: Maushold|Maushold, L50|100\/100\n|-weather|SunnyDay|[from] ability: Drought|[of] p2a: Torkoal\n|turn|1\n|inactive|kodiedunn has 30 seconds left.\n|\n|t:|1682277207\n|switch|p1b: Armarouge|Armarouge, L50, F|100\/100\n|-terastallize|p2a: Torkoal|Fire\n|move|p2b: Maushold|Follow Me|p2b: Maushold\n|-singleturn|p2b: Maushold|move: Follow Me\n|move|p1a: Tauros|Raging Bull|p2b: Maushold\n|-damage|p2b: Maushold|78\/100\n|-damage|p1a: Tauros|84\/100|[from] item: Rocky Helmet|[of] p2b: Maushold\n|move|p2a: Torkoal|Eruption|p1b: Armarouge|[spread] p1a\n|-start|p1b: Armarouge|ability: Flash Fire\n|-resisted|p1a: Tauros\n|-damage|p1a: Tauros|20\/100\n|\n|-weather|SunnyDay|[upkeep]\n|upkeep\n|turn|2\n|inactive|kodiedunn has 30 seconds left.\n|inactive|eunuchMiku has 30 seconds left.\n|inactive|kodiedunn has 20 seconds left.\n|\n|t:|1682277244\n|switch|p1a: Rotom|Rotom-Wash, L50|100\/100\n|move|p2a: Torkoal|Protect|p2a: Torkoal\n|-singleturn|p2a: Torkoal|Protect\n|move|p2b: Maushold|Population Bomb|p1b: Armarouge\n|-damage|p1b: Armarouge|95\/100\n|-damage|p1b: Armarouge|90\/100\n|-damage|p1b: Armarouge|85\/100\n|-damage|p1b: Armarouge|80\/100\n|-hitcount|p1b: Armarouge|4\n|move|p1b: Armarouge|Aura Sphere|p2b: Maushold\n|-supereffective|p2b: Maushold\n|-damage|p2b: Maushold|0 fnt\n|faint|p2b: Maushold\n|-damage|p1b: Armarouge|70\/100|[from] item: Life Orb\n|\n|-weather|SunnyDay|[upkeep]\n|upkeep\n|\n|t:|1682277263\n|switch|p2b: Great Tusk|Great Tusk, L50|100\/100\n|-activate|p2b: Great Tusk|ability: Protosynthesis\n|-start|p2b: Great Tusk|protosynthesisatk\n|turn|3\n|\n|t:|1682277279\n|switch|p2a: Lilligant|Lilligant, L50, F|100\/100\n|move|p1b: Armarouge|Protect|p1b: Armarouge\n|-singleturn|p1b: Armarouge|Protect\n|move|p2b: Great Tusk|Headlong Rush|p1b: Armarouge\n|-activate|p1b: Armarouge|move: Protect\n|move|p1a: Rotom|Will-O-Wisp|p2b: Great Tusk\n|-status|p2b: Great Tusk|brn\n|\n|-weather|SunnyDay|[upkeep]\n|-damage|p2b: Great Tusk|95\/100 brn|[from] brn\n|upkeep\n|turn|4\n|\n|t:|1682277299\n|-end|p1b: Armarouge|ability: Flash Fire|[silent]\n|switch|p1b: Tauros|Tauros-Paldea-Aqua, L50, M|20\/100\n|move|p2a: Lilligant|Sleep Powder|p1a: Rotom\n|-status|p1a: Rotom|slp|[from] move: Sleep Powder\n|move|p2b: Great Tusk|Headlong Rush|p1b: Tauros\n|-damage|p1b: Tauros|0 fnt\n|-unboost|p2b: Great Tusk|def|1\n|-unboost|p2b: Great Tusk|spd|1\n|faint|p1b: Tauros\n|cant|p1a: Rotom|slp\n|\n|-weather|SunnyDay|[upkeep]\n|-damage|p2b: Great Tusk|89\/100 brn|[from] brn\n|upkeep\n|\n|t:|1682277321\n|switch|p1b: Froslass|Froslass, L50, F|100\/100\n|turn|5\n|\n|t:|1682277342\n|move|p2a: Lilligant|Sleep Powder|p1b: Froslass\n|-status|p1b: Froslass|slp|[from] move: Sleep Powder\n|move|p2b: Great Tusk|Headlong Rush|p1b: Froslass\n|-damage|p1b: Froslass|48\/100 slp\n|-unboost|p2b: Great Tusk|def|1\n|-unboost|p2b: Great Tusk|spd|1\n|cant|p1b: Froslass|slp\n|-curestatus|p1a: Rotom|slp|[msg]\n|move|p1a: Rotom|Hydro Pump|p2b: Great Tusk\n|-supereffective|p2b: Great Tusk\n|-damage|p2b: Great Tusk|0 fnt\n|faint|p2b: Great Tusk\n|-end|p2b: Great Tusk|Protosynthesis|[silent]\n|\n|-weather|none\n|upkeep\n|\n|t:|1682277359\n|switch|p2b: Torkoal|Torkoal, L50, F, tera:Fire|100\/100\n|-weather|SunnyDay|[from] ability: Drought|[of] p2b: Torkoal\n|turn|6\n|inactive|kodiedunn has 30 seconds left.\n|\n|t:|1682277385\n|move|p2a: Lilligant|Sleep Powder|p1a: Rotom\n|-status|p1a: Rotom|slp|[from] move: Sleep Powder\n|cant|p1b: Froslass|slp\n|cant|p1a: Rotom|slp\n|move|p2b: Torkoal|Eruption|p1a: Rotom|[spread] p1a,p1b\n|-resisted|p1a: Rotom\n|-supereffective|p1b: Froslass\n|-damage|p1a: Rotom|36\/100 slp\n|-damage|p1b: Froslass|0 fnt\n|-start|p2b: Torkoal|Disable|Eruption|[from] ability: Cursed Body|[of] p1b: Froslass\n|faint|p1b: Froslass\n|\n|-weather|SunnyDay|[upkeep]\n|upkeep\n|\n|t:|1682277398\n|switch|p1b: Armarouge|Armarouge, L50, F|70\/100\n|turn|7\n|\n|t:|1682277420\n|move|p1b: Armarouge|Protect|p1b: Armarouge\n|-singleturn|p1b: Armarouge|Protect\n|move|p2a: Lilligant|After You|p2b: Torkoal\n|-activate|p2b: Torkoal|move: After You\n|move|p2b: Torkoal|Earth Power|p1b: Armarouge\n|-activate|p1b: Armarouge|move: Protect\n|cant|p1a: Rotom|slp\n|\n|-weather|SunnyDay|[upkeep]\n|upkeep\n|turn|8\n|\n|t:|1682277445\n|-terastallize|p1b: Armarouge|Normal\n|move|p2a: Lilligant|After You|p2b: Torkoal\n|-activate|p2b: Torkoal|move: After You\n|move|p2b: Torkoal|Earth Power|p1b: Armarouge\n|-damage|p1b: Armarouge|39\/100\n|-curestatus|p1a: Rotom|slp|[msg]\n|move|p1a: Rotom|Hydro Pump|p2b: Torkoal\n|-supereffective|p2b: Torkoal\n|-damage|p2b: Torkoal|43\/100\n|move|p1b: Armarouge|Flamethrower|p2a: Lilligant\n|-supereffective|p2a: Lilligant\n|-damage|p2a: Lilligant|0 fnt\n|faint|p2a: Lilligant\n|-damage|p1b: Armarouge|29\/100|[from] item: Life Orb\n|\n|-weather|SunnyDay|[upkeep]\n|upkeep\n|turn|9\n|-message|eunuchMiku forfeited.\n|\n|win|kodiedunn\n|raw|kodiedunn's rating: 1036 → 1078<\/strong> (+42 for winning)\n|raw|eunuchMiku's rating: 1109 → 1079<\/strong> (-30 for losing)\n|l|\u2606eunuchMiku\n","uploadtime":1682277534,"views":6,"p1id":"kodiedunn","p2id":"eunuchmiku","formatid":"gen9vgc2023regulationc","rating":1078,"private":0,"password":""}