{"id":"gen9vgc2023regulationc-1855223840","p1":"Mortipherus","p2":"3dster","format":"[Gen 9] VGC 2023 Regulation C","log":"|j|\u2606Mortipherus\n|j|\u26063dster\n|t:|1682917898\n|gametype|doubles\n|player|p1|Mortipherus|hooligans|1141\n|player|p2|3dster|266|1073\n|teamsize|p1|6\n|teamsize|p2|6\n|gen|9\n|tier|[Gen 9] VGC 2023 Regulation C\n|rated|\n|rule|Species Clause: Limit one of each Pok\u00e9mon\n|rule|Item Clause: Limit one of each item\n|clearpoke\n|poke|p1|Drifblim, L50, F|\n|poke|p1|Annihilape, L50, M|\n|poke|p1|Flutter Mane, L50|\n|poke|p1|Ceruledge, L50, F|\n|poke|p1|Gholdengo, L50|\n|poke|p1|Gengar, L50, M|\n|poke|p2|Abomasnow, L50, M|\n|poke|p2|Cetitan, L50, M|\n|poke|p2|Baxcalibur, L50, F|\n|poke|p2|Eiscue, L50, F|\n|poke|p2|Chien-Pao, L50|\n|poke|p2|Frosmoth, L50, F|\n|teampreview|4\n|\n|t:|1682917929\n|start\n|switch|p1a: Ceruledge|Ceruledge, L50, F|100\/100\n|switch|p1b: Gholdengo|Gholdengo, L50|100\/100\n|switch|p2a: Abomasnow|Abomasnow, L50, M|100\/100\n|switch|p2b: Frosmoth|Frosmoth, L50, F|100\/100\n|-weather|Snow|[from] ability: Snow Warning|[of] p2a: Abomasnow\n|turn|1\n|inactive|Battle timer is ON: inactive players will automatically lose when time's up. (requested by Mortipherus)\n|\n|t:|1682917956\n|-terastallize|p2b: Frosmoth|Water\n|move|p2b: Frosmoth|Tera Blast|p1a: Ceruledge\n|-supereffective|p1a: Ceruledge\n|-damage|p1a: Ceruledge|14\/100\n|move|p1b: Gholdengo|Power Gem|p2b: Frosmoth\n|-damage|p2b: Frosmoth|78\/100\n|move|p1a: Ceruledge|Bulk Up|p1a: Ceruledge\n|-boost|p1a: Ceruledge|atk|1\n|-boost|p1a: Ceruledge|def|1\n|move|p2a: Abomasnow|Aurora Veil|p2a: Abomasnow\n|-sidestart|p2: 3dster|move: Aurora Veil\n|\n|-weather|Snow|[upkeep]\n|upkeep\n|turn|2\n|inactive|3dster has 30 seconds left.\n|\n|t:|1682917985\n|switch|p2a: Eiscue|Eiscue, L50, F|100\/100\n|-terastallize|p1a: Ceruledge|Grass\n|move|p2b: Frosmoth|Blizzard|p1b: Gholdengo|[spread] p1a,p1b\n|-supereffective|p1a: Ceruledge\n|-resisted|p1b: Gholdengo\n|-damage|p1a: Ceruledge|0 fnt\n|-damage|p1b: Gholdengo|84\/100\n|faint|p1a: Ceruledge\n|move|p1b: Gholdengo|Thunderbolt|p2b: Frosmoth\n|-supereffective|p2b: Frosmoth\n|-damage|p2b: Frosmoth|45\/100\n|\n|-weather|Snow|[upkeep]\n|upkeep\n|\n|t:|1682917999\n|switch|p1a: Annihilape|Annihilape, L50, M|100\/100\n|turn|3\n|\n|t:|1682918009\n|move|p2b: Frosmoth|Giga Drain|p1a: Annihilape\n|-damage|p1a: Annihilape|76\/100\n|-heal|p2b: Frosmoth|63\/100|[from] drain|[of] p1a: Annihilape\n|move|p1a: Annihilape|Bulk Up|p1a: Annihilape\n|-boost|p1a: Annihilape|atk|1\n|-boost|p1a: Annihilape|def|1\n|move|p1b: Gholdengo|Thunderbolt|p2b: Frosmoth\n|-supereffective|p2b: Frosmoth\n|-damage|p2b: Frosmoth|32\/100\n|move|p2a: Eiscue|Chilling Water|p1a: Annihilape\n|-damage|p1a: Annihilape|69\/100\n|-unboost|p1a: Annihilape|atk|1\n|-ability|p1a: Annihilape|Defiant|boost\n|-boost|p1a: Annihilape|atk|2\n|\n|-weather|Snow|[upkeep]\n|-heal|p1a: Annihilape|75\/100|[from] item: Leftovers\n|upkeep\n|turn|4\n|\n|t:|1682918032\n|move|p2b: Frosmoth|Blizzard|p1a: Annihilape|[spread] p1a,p1b\n|-resisted|p1b: Gholdengo\n|-damage|p1a: Annihilape|37\/100\n|-damage|p1b: Gholdengo|67\/100\n|-status|p1b: Gholdengo|frz\n|move|p1a: Annihilape|Drain Punch|p2b: Frosmoth\n|-damage|p2b: Frosmoth|0 fnt\n|-heal|p1a: Annihilape|48\/100|[from] drain|[of] p2b: Frosmoth\n|faint|p2b: Frosmoth\n|cant|p1b: Gholdengo|frz\n|move|p2a: Eiscue|Icy Wind|p1b: Gholdengo|[spread] p1a,p1b\n|-resisted|p1b: Gholdengo\n|-damage|p1a: Annihilape|39\/100\n|-damage|p1b: Gholdengo|64\/100 frz\n|-unboost|p1a: Annihilape|spe|1\n|-ability|p1a: Annihilape|Defiant|boost\n|-boost|p1a: Annihilape|atk|2\n|-unboost|p1b: Gholdengo|spe|1\n|\n|-weather|Snow|[upkeep]\n|-heal|p1a: Annihilape|45\/100|[from] item: Leftovers\n|upkeep\n|\n|t:|1682918051\n|switch|p2b: Cetitan|Cetitan, L50, M|100\/100\n|turn|5\n|\n|t:|1682918063\n|move|p2b: Cetitan|Icicle Crash|p1a: Annihilape|[miss]\n|-miss|p2b: Cetitan|p1a: Annihilape\n|move|p1a: Annihilape|Drain Punch|p2b: Cetitan\n|-supereffective|p2b: Cetitan\n|-damage|p2b: Cetitan|0 fnt\n|-heal|p1a: Annihilape|100\/100|[from] drain|[of] p2b: Cetitan\n|faint|p2b: Cetitan\n|cant|p1b: Gholdengo|frz\n|move|p2a: Eiscue|Icy Wind|p1b: Gholdengo|[spread] p1a,p1b\n|-resisted|p1b: Gholdengo\n|-damage|p1a: Annihilape|92\/100\n|-damage|p1b: Gholdengo|60\/100 frz\n|-unboost|p1a: Annihilape|spe|1\n|-ability|p1a: Annihilape|Defiant|boost\n|-boost|p1a: Annihilape|atk|2\n|-unboost|p1b: Gholdengo|spe|1\n|\n|-weather|none\n|-heal|p1a: Annihilape|98\/100|[from] item: Leftovers\n|-sideend|p2: 3dster|move: Aurora Veil\n|upkeep\n|\n|t:|1682918080\n|switch|p2b: Abomasnow|Abomasnow, L50, M|100\/100\n|-weather|Snow|[from] ability: Snow Warning|[of] p2b: Abomasnow\n|turn|6\n|\n|t:|1682918090\n|move|p2b: Abomasnow|Aurora Veil|p2b: Abomasnow\n|-sidestart|p2: 3dster|move: Aurora Veil\n|move|p2a: Eiscue|Icy Wind|p1b: Gholdengo|[spread] p1a,p1b\n|-resisted|p1b: Gholdengo\n|-damage|p1a: Annihilape|89\/100\n|-damage|p1b: Gholdengo|57\/100 frz\n|-unboost|p1a: Annihilape|spe|1\n|-boost|p1a: Annihilape|atk|0\n|-unboost|p1b: Gholdengo|spe|1\n|move|p1a: Annihilape|Drain Punch|p2b: Abomasnow\n|-supereffective|p2b: Abomasnow\n|-enditem|p2b: Abomasnow|Focus Sash\n|-damage|p2b: Abomasnow|1\/100\n|-heal|p1a: Annihilape|100\/100|[from] drain|[of] p2b: Abomasnow\n|-curestatus|p1b: Gholdengo|frz|[msg]\n|move|p1b: Gholdengo|Make It Rain|p2b: Abomasnow|[spread] p2a,p2b\n|-supereffective|p2a: Eiscue\n|-supereffective|p2b: Abomasnow\n|-damage|p2a: Eiscue|46\/100\n|-damage|p2b: Abomasnow|0 fnt\n|-unboost|p1b: Gholdengo|spa|1\n|faint|p2b: Abomasnow\n|\n|-weather|Snow|[upkeep]\n|-heal|p2a: Eiscue|52\/100|[from] item: Leftovers\n|upkeep\n|turn|7\n|inactive|Mortipherus has 30 seconds left.\n|\n|t:|1682918122\n|move|p2a: Eiscue|Rest|p2a: Eiscue\n|-status|p2a: Eiscue|slp|[from] move: Rest\n|-heal|p2a: Eiscue|100\/100 slp|[silent]\n|move|p1a: Annihilape|Drain Punch|p2a: Eiscue\n|-activate|p2a: Eiscue|ability: Ice Face\n|-damage|p2a: Eiscue|100\/100 slp\n|detailschange|p2a: Eiscue|Eiscue-Noice, L50, F\n|move|p1b: Gholdengo|Power Gem|p2a: Eiscue\n|-supereffective|p2a: Eiscue\n|-damage|p2a: Eiscue|70\/100 slp\n|\n|-weather|Snow|[upkeep]\n|-heal|p2a: Eiscue|76\/100 slp|[from] item: Leftovers\n|upkeep\n|turn|8\n|\n|t:|1682918140\n|switch|p1b: Flutter Mane|Flutter Mane, L50|100\/100\n|cant|p2a: Eiscue|slp\n|move|p2a: Eiscue|Sleep Talk|p2a: Eiscue\n|move|p2a: Eiscue|Rest||[from]move: Sleep Talk|[still]\n|-fail|p2a: Eiscue\n|move|p1a: Annihilape|Drain Punch|p2a: Eiscue\n|-supereffective|p2a: Eiscue\n|-damage|p2a: Eiscue|0 fnt\n|faint|p2a: Eiscue\n|\n|win|Mortipherus\n|raw|Mortipherus's rating: 1141 → 1161<\/strong> (+20 for winning)\n|raw|3dster's rating: 1073 → 1056<\/strong> (-17 for losing)\n","uploadtime":1682918165,"views":20,"p1id":"mortipherus","p2id":"3dster","formatid":"gen9vgc2023regulationc","rating":1056,"private":0,"password":""}