{"id":"gen9vgc2023regulationc-1848215786","p1":"sotero23","p2":"Guacamole Tactico","format":"[Gen 9] VGC 2023 Regulation C","log":"|j|\u2606sotero23\n|j|\u2606Guacamole Tactico\n|t:|1682043567\n|gametype|doubles\n|player|p1|sotero23|veteran|\n|player|p2|Guacamole Tactico|riley|\n|teamsize|p1|6\n|teamsize|p2|6\n|gen|9\n|tier|[Gen 9] VGC 2023 Regulation C\n|rule|Species Clause: Limit one of each Pok\u00e9mon\n|rule|Item Clause: Limit one of each item\n|clearpoke\n|poke|p1|Scizor, L50, F|\n|poke|p1|Gothitelle, L50, M|\n|poke|p1|Chi-Yu, L50|\n|poke|p1|Dragonite, L50, M|\n|poke|p1|Amoonguss, L50, M|\n|poke|p1|Flutter Mane, L50|\n|poke|p2|Dragapult, L50, M|\n|poke|p2|Iron Valiant, L50|\n|poke|p2|Palafin, L50, M|\n|poke|p2|Iron Bundle, L50|\n|poke|p2|Arcanine, L50, F|\n|poke|p2|Rotom-Wash, L50|\n|teampreview|4\nsotero23 has agreed to open team sheets.\n|c|\u2606sotero23|g1\n|c|\u2606Guacamole Tactico|?\nGuacamole Tactico has agreed to open team sheets.\n|\n|t:|1682043709\n|start\n|switch|p1a: Chi-Yu|Chi-Yu, L50|100\/100\n|switch|p1b: Flutter Mane|Flutter Mane, L50|100\/100\n|switch|p2a: Iron Valiant|Iron Valiant, L50, shiny|100\/100\n|switch|p2b: Iron Bundle|Iron Bundle, L50, shiny|100\/100\n|-ability|p1a: Chi-Yu|Beads of Ruin\n|-enditem|p2a: Iron Valiant|Booster Energy\n|-activate|p2a: Iron Valiant|ability: Quark Drive|[fromitem]\n|-start|p2a: Iron Valiant|quarkdrivespe\n|-enditem|p1b: Flutter Mane|Booster Energy\n|-activate|p1b: Flutter Mane|ability: Protosynthesis|[fromitem]\n|-start|p1b: Flutter Mane|protosynthesisspa\n|turn|1\n|\n|t:|1682043742\n|-end|p2b: Iron Bundle|Quark Drive|[silent]\n|switch|p2b: Rotom|Rotom-Wash, L50, shiny|100\/100\n|-terastallize|p1a: Chi-Yu|Ghost\n|move|p2a: Iron Valiant|Aura Sphere|p1a: Chi-Yu\n|-immune|p1a: Chi-Yu\n|move|p1a: Chi-Yu|Heat Wave|p2b: Rotom|[spread] p2a,p2b\n|-resisted|p2b: Rotom\n|-damage|p2a: Iron Valiant|2\/100\n|-damage|p2b: Rotom|78\/100\n|move|p1b: Flutter Mane|Dazzling Gleam|p2b: Rotom|[spread] p2a,p2b\n|-supereffective|p2a: Iron Valiant\n|-damage|p2a: Iron Valiant|0 fnt\n|-damage|p2b: Rotom|31\/100\n|faint|p2a: Iron Valiant\n|-end|p2a: Iron Valiant|Quark Drive|[silent]\n|\n|-heal|p2b: Rotom|37\/100|[from] item: Leftovers\n|upkeep\n|\n|t:|1682043762\n|switch|p2a: Arcanine|Arcanine, L50, F, shiny|100\/100\n|-ability|p2a: Arcanine|Intimidate|boost\n|-unboost|p1a: Chi-Yu|atk|1\n|-unboost|p1b: Flutter Mane|atk|1\n|turn|2\n|\n|t:|1682043780\n|switch|p1a: Amoonguss|Amoonguss, L50, M|100\/100\n|move|p1b: Flutter Mane|Dazzling Gleam|p2b: Rotom|[spread] p2a,p2b\n|-resisted|p2a: Arcanine\n|-damage|p2a: Arcanine|83\/100\n|-damage|p2b: Rotom|0 fnt\n|faint|p2b: Rotom\n|move|p2a: Arcanine|Snarl|p1b: Flutter Mane|[spread] p1a,p1b\n|-damage|p1a: Amoonguss|93\/100\n|-damage|p1b: Flutter Mane|92\/100\n|-unboost|p1a: Amoonguss|spa|1\n|-unboost|p1b: Flutter Mane|spa|1\n|\n|upkeep\n|\n|t:|1682043790\n|switch|p2b: Iron Bundle|Iron Bundle, L50, shiny|100\/100\n|turn|3\n|\n|t:|1682043800\n|move|p1a: Amoonguss|Rage Powder|p1a: Amoonguss\n|-singleturn|p1a: Amoonguss|move: Rage Powder\n|move|p2b: Iron Bundle|Ice Beam|p1a: Amoonguss\n|-supereffective|p1a: Amoonguss\n|-crit|p1a: Amoonguss\n|-damage|p1a: Amoonguss|0 fnt\n|faint|p1a: Amoonguss\n|move|p1b: Flutter Mane|Shadow Ball|p2a: Arcanine\n|-damage|p2a: Arcanine|53\/100\n|-unboost|p2a: Arcanine|spd|1\n|move|p2a: Arcanine|Heat Wave|p1b: Flutter Mane\n|-damage|p1b: Flutter Mane|66\/100\n|\n|upkeep\n|\n|t:|1682043813\n|switch|p1a: Chi-Yu|Chi-Yu, L50, tera:Ghost|100\/100\n|-ability|p1a: Chi-Yu|Beads of Ruin\n|turn|4\n|\n|t:|1682043822\n|move|p1a: Chi-Yu|Heat Wave|p2b: Iron Bundle|[spread] p2a,p2b\n|-resisted|p2a: Arcanine\n|-damage|p2a: Arcanine|22\/100\n|-damage|p2b: Iron Bundle|0 fnt\n|-enditem|p2a: Arcanine|Sitrus Berry|[eat]\n|-heal|p2a: Arcanine|47\/100|[from] item: Sitrus Berry\n|faint|p2b: Iron Bundle\n|-end|p2b: Iron Bundle|Quark Drive|[silent]\n|move|p1b: Flutter Mane|Dazzling Gleam|p2a: Arcanine\n|-resisted|p2a: Arcanine\n|-damage|p2a: Arcanine|14\/100\n|move|p2a: Arcanine|Snarl|p1a: Chi-Yu|[spread] p1a,p1b\n|-supereffective|p1a: Chi-Yu\n|-damage|p1a: Chi-Yu|81\/100\n|-damage|p1b: Flutter Mane|54\/100\n|-unboost|p1a: Chi-Yu|spa|1\n|-unboost|p1b: Flutter Mane|spa|1\n|\n|upkeep\n|turn|5\n|\n|t:|1682043836\n|move|p2a: Arcanine|Protect|p2a: Arcanine\n|-singleturn|p2a: Arcanine|Protect\n|move|p1a: Chi-Yu|Heat Wave|p2a: Arcanine\n|-activate|p2a: Arcanine|move: Protect\n|move|p1b: Flutter Mane|Moonblast|p2a: Arcanine\n|-activate|p2a: Arcanine|move: Protect\n|\n|upkeep\n|turn|6\n|\n|t:|1682043845\n|move|p1a: Chi-Yu|Heat Wave|p2a: Arcanine\n|-resisted|p2a: Arcanine\n|-damage|p2a: Arcanine|0 fnt\n|faint|p2a: Arcanine\n|\n|win|sotero23\n|l|\u2606Guacamole Tactico\n","uploadtime":1682044282,"views":9,"p1id":"sotero23","p2id":"guacamoletactico","formatid":"gen9vgc2023regulationc","rating":0,"private":0,"password":""}