{"id":"gen9vgc2023regulationc-1848752743","p1":"Gagerade11","p2":"tt5yy","format":"[Gen 9] VGC 2023 Regulation C","log":"|j|\u2606Gagerade11\n|j|\u2606tt5yy\n|t:|1682106903\n|gametype|doubles\n|player|p1|Gagerade11|blue|1038\n|player|p2|tt5yy|102|1058\n|teamsize|p1|6\n|teamsize|p2|6\n|gen|9\n|tier|[Gen 9] VGC 2023 Regulation C\n|rated|\n|rule|Species Clause: Limit one of each Pok\u00e9mon\n|rule|Item Clause: Limit one of each item\n|clearpoke\n|poke|p1|Gholdengo, L50|\n|poke|p1|Annihilape, L50, F|\n|poke|p1|Chien-Pao, L50|\n|poke|p1|Amoonguss, L50, F|\n|poke|p1|Iron Bundle, L50|\n|poke|p1|Dachsbun, L50, F|\n|poke|p2|Torkoal, L50, M|\n|poke|p2|Chi-Yu, L50|\n|poke|p2|Bronzong, L50|\n|poke|p2|Gastrodon, L50, M|\n|poke|p2|Grimmsnarl, L50, M|\n|poke|p2|Skeledirge, L50, M|\n|teampreview|4\n|inactive|Battle timer is ON: inactive players will automatically lose when time's up. (requested by Gagerade11)\n|inactive|tt5yy has 60 seconds left.\n|\n|t:|1682106942\n|start\n|switch|p1a: Amoonguss|Amoonguss, L50, F|100\/100\n|switch|p1b: Iron Bundle|Iron Bundle, L50|100\/100\n|switch|p2a: Grimmsnarl|Grimmsnarl, L50, M|100\/100\n|switch|p2b: Chi-Yu|Chi-Yu, L50|100\/100\n|-ability|p2b: Chi-Yu|Beads of Ruin\n|-enditem|p1b: Iron Bundle|Booster Energy\n|-activate|p1b: Iron Bundle|ability: Quark Drive|[fromitem]\n|-start|p1b: Iron Bundle|quarkdrivespe\n|turn|1\n|inactive|Gagerade11 has 30 seconds left.\n|\n|t:|1682106974\n|-terastallize|p1b: Iron Bundle|Ground\n|move|p2a: Grimmsnarl|Fake Out|p1b: Iron Bundle\n|-damage|p1b: Iron Bundle|82\/100\n|cant|p1b: Iron Bundle|flinch\n|move|p2b: Chi-Yu|Substitute|p2b: Chi-Yu\n|-start|p2b: Chi-Yu|Substitute\n|-damage|p2b: Chi-Yu|76\/100\n|move|p1a: Amoonguss|Spore||[still]\n|-fail|p1a: Amoonguss\n|\n|upkeep\n|turn|2\n|\n|t:|1682106997\n|move|p2b: Chi-Yu|Protect|p2b: Chi-Yu\n|-singleturn|p2b: Chi-Yu|Protect\n|move|p2a: Grimmsnarl|Trick|p1b: Iron Bundle\n|-activate|p2a: Grimmsnarl|move: Trick|[of] p1b: Iron Bundle\n|-item|p1b: Iron Bundle|Lagging Tail|[from] move: Trick\n|-enditem|p2a: Grimmsnarl|Lagging Tail|[silent]|[from] move: Trick\n|move|p1b: Iron Bundle|Hydro Pump|p2b: Chi-Yu\n|-activate|p2b: Chi-Yu|move: Protect\n|move|p1a: Amoonguss|Spore|p2a: Grimmsnarl\n|-status|p2a: Grimmsnarl|slp|[from] move: Spore\n|\n|upkeep\n|turn|3\n|\n|t:|1682107020\n|switch|p2a: Gastrodon|Gastrodon, L50, M|100\/100\n|move|p1a: Amoonguss|Rage Powder|p1a: Amoonguss\n|-singleturn|p1a: Amoonguss|move: Rage Powder\n|move|p2b: Chi-Yu|Tera Blast|p1a: Amoonguss\n|-damage|p1a: Amoonguss|79\/100\n|move|p1b: Iron Bundle|Hydro Pump|p2a: Gastrodon\n|-ability|p2a: Gastrodon|Storm Drain|boost\n|-boost|p2a: Gastrodon|spa|1\n|\n|-heal|p1a: Amoonguss|85\/100|[from] item: Black Sludge\n|upkeep\n|turn|4\n|\n|t:|1682107036\n|move|p2a: Gastrodon|Protect|p2a: Gastrodon\n|-singleturn|p2a: Gastrodon|Protect\n|move|p2b: Chi-Yu|Snarl|p1a: Amoonguss|[spread] p1a,p1b\n|-damage|p1a: Amoonguss|69\/100\n|-damage|p1b: Iron Bundle|30\/100\n|-unboost|p1a: Amoonguss|spa|1\n|-unboost|p1b: Iron Bundle|spa|1\n|move|p1a: Amoonguss|Spore|p2a: Gastrodon\n|-activate|p2a: Gastrodon|move: Protect\n|move|p1b: Iron Bundle|Freeze-Dry|p2a: Gastrodon\n|-activate|p2a: Gastrodon|move: Protect\n|\n|-heal|p1a: Amoonguss|75\/100|[from] item: Black Sludge\n|upkeep\n|turn|5\n|\n|t:|1682107057\n|switch|p2a: Grimmsnarl|Grimmsnarl, L50, M|100\/100 slp\n|switch|p1a: Annihilape|Annihilape, L50, F|100\/100\n|move|p2b: Chi-Yu|Snarl|p1a: Annihilape|[spread] p1a,p1b\n|-damage|p1a: Annihilape|74\/100\n|-damage|p1b: Iron Bundle|0 fnt\n|-unboost|p1a: Annihilape|spa|1\n|-ability|p1a: Annihilape|Defiant|boost\n|-boost|p1a: Annihilape|atk|2\n|faint|p1b: Iron Bundle\n|-end|p1b: Iron Bundle|Quark Drive|[silent]\n|\n|upkeep\n|\n|t:|1682107070\n|switch|p1b: Amoonguss|Amoonguss, L50, F|100\/100\n|turn|6\n|\n|t:|1682107087\n|switch|p2a: Skeledirge|Skeledirge, L50, M|100\/100\n|move|p2b: Chi-Yu|Protect|p2b: Chi-Yu\n|-singleturn|p2b: Chi-Yu|Protect\n|move|p1b: Amoonguss|Rage Powder|p1b: Amoonguss\n|-singleturn|p1b: Amoonguss|move: Rage Powder\n|move|p1a: Annihilape|Drain Punch|p2b: Chi-Yu\n|-activate|p2b: Chi-Yu|move: Protect\n|\n|upkeep\n|turn|7\n|\n|t:|1682107106\n|-terastallize|p2b: Chi-Yu|Ghost\n|move|p2a: Skeledirge|Protect|p2a: Skeledirge\n|-singleturn|p2a: Skeledirge|Protect\n|move|p1b: Amoonguss|Rage Powder|p1b: Amoonguss\n|-singleturn|p1b: Amoonguss|move: Rage Powder\n|move|p1a: Annihilape|Drain Punch|p2b: Chi-Yu\n|-immune|p2b: Chi-Yu\n|move|p2b: Chi-Yu|Snarl|p1b: Amoonguss|[spread] p1a,p1b\n|-damage|p1a: Annihilape|48\/100\n|-damage|p1b: Amoonguss|82\/100\n|-unboost|p1a: Annihilape|spa|1\n|-ability|p1a: Annihilape|Defiant|boost\n|-boost|p1a: Annihilape|atk|2\n|-unboost|p1b: Amoonguss|spa|1\n|\n|-heal|p1b: Amoonguss|88\/100|[from] item: Black Sludge\n|upkeep\n|turn|8\n|\n|t:|1682107118\n|switch|p1a: Dachsbun|Dachsbun, L50, F|100\/100\n|switch|p2a: Grimmsnarl|Grimmsnarl, L50, M|100\/100 slp\n|move|p2b: Chi-Yu|Snarl|p1b: Amoonguss|[spread] p1a,p1b\n|-resisted|p1a: Dachsbun\n|-damage|p1a: Dachsbun|83\/100\n|-damage|p1b: Amoonguss|72\/100\n|-unboost|p1a: Dachsbun|spa|1\n|-unboost|p1b: Amoonguss|spa|1\n|move|p1b: Amoonguss|Spore||[still]\n|-fail|p1b: Amoonguss\n|\n|-heal|p1a: Dachsbun|90\/100|[from] item: Leftovers\n|-heal|p1b: Amoonguss|78\/100|[from] item: Black Sludge\n|upkeep\n|turn|9\n|\n|t:|1682107139\n|switch|p2a: Skeledirge|Skeledirge, L50, M|100\/100\n|move|p1b: Amoonguss|Protect|p1b: Amoonguss\n|-singleturn|p1b: Amoonguss|Protect\n|move|p2b: Chi-Yu|Tera Blast|p1b: Amoonguss\n|-activate|p1b: Amoonguss|move: Protect\n|move|p1a: Dachsbun|Play Rough|p2b: Chi-Yu\n|-end|p2b: Chi-Yu|Substitute\n|\n|-heal|p1a: Dachsbun|96\/100|[from] item: Leftovers\n|-heal|p1b: Amoonguss|84\/100|[from] item: Black Sludge\n|upkeep\n|turn|10\n|\n|t:|1682107157\n|move|p2b: Chi-Yu|Protect|p2b: Chi-Yu\n|-singleturn|p2b: Chi-Yu|Protect\n|move|p1a: Dachsbun|Wish|p1a: Dachsbun\n|move|p2a: Skeledirge|Encore|p1b: Amoonguss\n|-start|p1b: Amoonguss|Encore\n|move|p1b: Amoonguss|Protect||[still]\n|-fail|p1b: Amoonguss\n|\n|-heal|p1a: Dachsbun|100\/100|[from] item: Leftovers\n|-heal|p1b: Amoonguss|90\/100|[from] item: Black Sludge\n|upkeep\n|turn|11\n|\n|t:|1682107175\n|switch|p1b: Annihilape|Annihilape, L50, F|48\/100\n|move|p1a: Dachsbun|Protect|p1a: Dachsbun\n|-singleturn|p1a: Dachsbun|Protect\n|move|p2b: Chi-Yu|Tera Blast|p1b: Annihilape\n|-supereffective|p1b: Annihilape\n|-damage|p1b: Annihilape|0 fnt\n|faint|p1b: Annihilape\n|move|p2a: Skeledirge|Torch Song|p1a: Dachsbun\n|-activate|p1a: Dachsbun|move: Protect\n|\n|upkeep\n|-message|Gagerade11 forfeited.\n|\n|win|tt5yy\n|raw|Gagerade11's rating: 1038 → 1023<\/strong> (-15 for losing)\n|raw|tt5yy's rating: 1058 → 1088<\/strong> (+30 for winning)\n|l|\u2606Gagerade11\n","uploadtime":1682107192,"views":6,"p1id":"gagerade11","p2id":"tt5yy","formatid":"gen9vgc2023regulationc","rating":1023,"private":0,"password":""}