{"id":"gen9vgc2023regulationc-1848736098","p1":"Alaskan_fisher","p2":"Miggle SoCal","format":"[Gen 9] VGC 2023 Regulation C","log":"|j|\u2606Alaskan_fisher\n|j|\u2606Miggle SoCal\n|t:|1682105293\n|gametype|doubles\n|player|p1|Alaskan_fisher|fisherman-gen4|1176\n|player|p2|Miggle SoCal|2|1282\n|teamsize|p1|6\n|teamsize|p2|6\n|gen|9\n|tier|[Gen 9] VGC 2023 Regulation C\n|rated|\n|rule|Species Clause: Limit one of each Pok\u00e9mon\n|rule|Item Clause: Limit one of each item\n|clearpoke\n|poke|p1|Baxcalibur, L50, M|\n|poke|p1|Palafin, L50, F|\n|poke|p1|Arcanine, L50, M|\n|poke|p1|Flutter Mane, L50|\n|poke|p1|Ting-Lu, L50|\n|poke|p1|Amoonguss, L50, F|\n|poke|p2|Annihilape, L50, M|\n|poke|p2|Gholdengo, L50|\n|poke|p2|Maushold, L50|\n|poke|p2|Arcanine, L50, F|\n|poke|p2|Roaring Moon, L50|\n|poke|p2|Iron Bundle, L50|\n|teampreview|4\nAlaskan_fisher has agreed to open team sheets.\n|\n|t:|1682105332\n|start\n|switch|p1a: Amoonguss|Amoonguss, L50, F|100\/100\n|switch|p1b: Flutter Mane|Flutter Mane, L50|100\/100\n|switch|p2a: Goblin|Annihilape, L50, M|100\/100\n|switch|p2b: Maushold|Maushold, L50|100\/100\n|turn|1\n|\n|t:|1682105365\n|move|p2b: Maushold|Protect|p2b: Maushold\n|-singleturn|p2b: Maushold|Protect\n|move|p2a: Goblin|Protect|p2a: Goblin\n|-singleturn|p2a: Goblin|Protect\n|move|p1a: Amoonguss|Rage Powder|p1a: Amoonguss\n|-singleturn|p1a: Amoonguss|move: Rage Powder\n|move|p1b: Flutter Mane|Moonblast|p2b: Maushold\n|-activate|p2b: Maushold|move: Protect\n|\n|upkeep\n|turn|2\n|\n|t:|1682105422\n|-terastallize|p2a: Goblin|Water\n|move|p1a: Amoonguss|Rage Powder|p1a: Amoonguss\n|-singleturn|p1a: Amoonguss|move: Rage Powder\n|move|p1b: Flutter Mane|Moonblast|p2b: Maushold\n|-damage|p2b: Maushold|35\/100\n|-unboost|p2b: Maushold|spa|1\n|move|p2b: Maushold|Beat Up|p2a: Goblin\n|-damage|p2a: Goblin|98\/100\n|-damage|p2a: Goblin|96\/100\n|-damage|p2a: Goblin|94\/100\n|-damage|p2a: Goblin|91\/100\n|-hitcount|p2a: Goblin|4\n|move|p2a: Goblin|Rage Fist|p1a: Amoonguss\n|-damage|p1a: Amoonguss|13\/100\n|-enditem|p1a: Amoonguss|Sitrus Berry|[eat]\n|-heal|p1a: Amoonguss|38\/100|[from] item: Sitrus Berry\n|\n|upkeep\n|turn|3\n|\n|t:|1682105490\n|move|p2b: Maushold|Follow Me|p2b: Maushold\n|-singleturn|p2b: Maushold|move: Follow Me\n|move|p1b: Flutter Mane|Moonblast|p2b: Maushold\n|-damage|p2b: Maushold|0 fnt\n|faint|p2b: Maushold\n|move|p2a: Goblin|Rage Fist|p1b: Flutter Mane\n|-supereffective|p1b: Flutter Mane\n|-damage|p1b: Flutter Mane|0 fnt\n|faint|p1b: Flutter Mane\n|-end|p1b: Flutter Mane|Protosynthesis|[silent]\n|move|p1a: Amoonguss|Spore|p2a: Goblin\n|-status|p2a: Goblin|slp|[from] move: Spore\n|\n|upkeep\n|\n|t:|1682105505\n|switch|p1b: Arcanine|Arcanine, L50, M|100\/100\n|switch|p2b: MegaMence|Roaring Moon, L50|100\/100\n|-ability|p1b: Arcanine|Intimidate|boost\n|-unboost|p2a: Goblin|atk|1\n|-ability|p2a: Goblin|Defiant|boost\n|-boost|p2a: Goblin|atk|2\n|-unboost|p2b: MegaMence|atk|1\n|-enditem|p2b: MegaMence|Booster Energy\n|-activate|p2b: MegaMence|ability: Protosynthesis|[fromitem]\n|-start|p2b: MegaMence|protosynthesisspe\n|turn|4\n|\n|t:|1682105538\n|switch|p1a: Baxcalibur|Baxcalibur, L50, M|100\/100\n|move|p2b: MegaMence|Protect|p2b: MegaMence\n|-singleturn|p2b: MegaMence|Protect\n|cant|p2a: Goblin|slp\n|move|p1b: Arcanine|Will-O-Wisp|p2b: MegaMence\n|-activate|p2b: MegaMence|move: Protect\n|\n|upkeep\n|turn|5\n|\n|t:|1682105597\n|-terastallize|p1a: Baxcalibur|Poison\n|move|p2b: MegaMence|Tailwind|p2b: MegaMence\n|-sidestart|p2: Miggle SoCal|move: Tailwind\n|-curestatus|p2a: Goblin|slp|[msg]\n|move|p2a: Goblin|Rage Fist|p1b: Arcanine\n|-damage|p1b: Arcanine|0 fnt\n|faint|p1b: Arcanine\n|move|p1a: Baxcalibur|Dragon Dance|p1a: Baxcalibur\n|-boost|p1a: Baxcalibur|atk|1\n|-boost|p1a: Baxcalibur|spe|1\n|\n|upkeep\n|\n|t:|1682105628\n|switch|p1b: Amoonguss|Amoonguss, L50, F|71\/100\n|turn|6\n|\n|t:|1682105645\n|move|p2b: MegaMence|Protect|p2b: MegaMence\n|-singleturn|p2b: MegaMence|Protect\n|move|p1b: Amoonguss|Rage Powder|p1b: Amoonguss\n|-singleturn|p1b: Amoonguss|move: Rage Powder\n|move|p2a: Goblin|Rage Fist|p1b: Amoonguss\n|-damage|p1b: Amoonguss|0 fnt\n|faint|p1b: Amoonguss\n|move|p1a: Baxcalibur|Glaive Rush|p2a: Goblin\n|-damage|p2a: Goblin|0 fnt\n|-singlemove|p1a: Baxcalibur|Glaive Rush|[silent]\n|faint|p2a: Goblin\n|\n|upkeep\n|\n|t:|1682105655\n|switch|p2a: Iron Bundle|Iron Bundle, L50, shiny|100\/100\n|turn|7\n|\n|t:|1682105689\n|move|p1a: Baxcalibur|Protect|p1a: Baxcalibur\n|-singleturn|p1a: Baxcalibur|Protect\n|move|p2b: MegaMence|Acrobatics|p1a: Baxcalibur\n|-activate|p1a: Baxcalibur|move: Protect\n|move|p2a: Iron Bundle|Freeze-Dry|p1a: Baxcalibur\n|-activate|p1a: Baxcalibur|move: Protect\n|\n|upkeep\n|turn|8\n|\n|t:|1682105726\n|move|p2b: MegaMence|Acrobatics|p1a: Baxcalibur\n|-damage|p1a: Baxcalibur|74\/100\n|move|p2a: Iron Bundle|Encore|p1a: Baxcalibur\n|-start|p1a: Baxcalibur|Encore\n|move|p1a: Baxcalibur|Protect||[still]\n|-fail|p1a: Baxcalibur\n|\n|-sideend|p2: Miggle SoCal|move: Tailwind\n|upkeep\n|turn|9\n|\n|t:|1682105740\n|move|p1a: Baxcalibur|Protect|p1a: Baxcalibur\n|-singleturn|p1a: Baxcalibur|Protect\n|move|p2b: MegaMence|Acrobatics|p1a: Baxcalibur\n|-activate|p1a: Baxcalibur|move: Protect\n|move|p2a: Iron Bundle|Freeze-Dry|p1a: Baxcalibur\n|-activate|p1a: Baxcalibur|move: Protect\n|\n|upkeep\n|turn|10\n|\n|t:|1682105749\n|move|p1a: Baxcalibur|Protect||[still]\n|-fail|p1a: Baxcalibur\n|move|p2b: MegaMence|Tailwind|p2b: MegaMence\n|-sidestart|p2: Miggle SoCal|move: Tailwind\n|move|p2a: Iron Bundle|Freeze-Dry|p1a: Baxcalibur\n|-damage|p1a: Baxcalibur|39\/100\n|\n|-end|p1a: Baxcalibur|Encore\n|upkeep\n|turn|11\n|\n|t:|1682105763\n|move|p2b: MegaMence|Acrobatics|p1a: Baxcalibur\n|-damage|p1a: Baxcalibur|12\/100\n|move|p2a: Iron Bundle|Encore|p1a: Baxcalibur\n|-start|p1a: Baxcalibur|Encore\n|move|p1a: Baxcalibur|Protect||[still]\n|-fail|p1a: Baxcalibur\n|\n|upkeep\n|turn|12\n|c|\u2606Miggle SoCal|gg wp\n|\n|t:|1682105785\n|move|p1a: Baxcalibur|Protect|p1a: Baxcalibur\n|-singleturn|p1a: Baxcalibur|Protect\n|move|p2b: MegaMence|Throat Chop|p1a: Baxcalibur\n|-activate|p1a: Baxcalibur|move: Protect\n|move|p2a: Iron Bundle|Freeze-Dry|p1a: Baxcalibur\n|-activate|p1a: Baxcalibur|move: Protect\n|\n|upkeep\n|turn|13\n|c|\u2606Alaskan_fisher|gg\n|\n|t:|1682105796\n|move|p1a: Baxcalibur|Protect||[still]\n|-fail|p1a: Baxcalibur\n|move|p2b: MegaMence|Acrobatics|p1a: Baxcalibur\n|-damage|p1a: Baxcalibur|0 fnt\n|faint|p1a: Baxcalibur\n|\n|win|Miggle SoCal\n|raw|Alaskan_fisher's rating: 1149 → 1133<\/strong> (-16 for losing)\n|raw|Miggle SoCal's rating: 1282 → 1298<\/strong> (+16 for winning)\n","uploadtime":1682105812,"views":19,"p1id":"alaskanfisher","p2id":"migglesocal","formatid":"gen9vgc2023regulationc","rating":1133,"private":0,"password":""}