{"id":"gen9vgc2023regulationc-1846259570","p1":"Ralsei is bae","p2":"Gone2Flavortown21","format":"[Gen 9] VGC 2023 Regulation C","log":"|j|\u2606Ralsei is bae\n|j|\u2606Gone2Flavortown21\n|t:|1681826295\n|gametype|doubles\n|player|p1|Ralsei is bae|170|1203\n|player|p2|Gone2Flavortown21|101|1208\n|teamsize|p1|6\n|teamsize|p2|6\n|gen|9\n|tier|[Gen 9] VGC 2023 Regulation C\n|rated|\n|rule|Species Clause: Limit one of each Pok\u00e9mon\n|rule|Item Clause: Limit one of each item\n|clearpoke\n|poke|p1|Chien-Pao, L50|\n|poke|p1|Flutter Mane, L50|\n|poke|p1|Dragonite, L50, F|\n|poke|p1|Ting-Lu, L50|\n|poke|p1|Orthworm, L50, F|\n|poke|p1|Gyarados, L50, F|\n|poke|p2|Ting-Lu, L50|\n|poke|p2|Orthworm, L50, M|\n|poke|p2|Flutter Mane, L50|\n|poke|p2|Garchomp, L50, F|\n|poke|p2|Iron Thorns, L50|\n|poke|p2|Talonflame, L50, M|\n|teampreview|4\nRalsei is bae has agreed to open team sheets.\n|\n|t:|1681826324\n|start\n|switch|p1a: Orthworm|Orthworm, L50, F|100\/100\n|switch|p1b: Gyarados|Gyarados, L50, F|100\/100\n|switch|p2a: Garchomp|Garchomp, L50, F|100\/100\n|switch|p2b: Talonflame|Talonflame, L50, M|100\/100\n|-ability|p1b: Gyarados|Intimidate|boost\n|-fail|p2a: Garchomp|unboost|[from] item: Clear Amulet|[of] p2a: Garchomp\n|-unboost|p2b: Talonflame|atk|1\n|turn|1\n|\n|t:|1681826337\n|move|p2b: Talonflame|Taunt|p1a: Orthworm\n|-start|p1a: Orthworm|move: Taunt\n|move|p1b: Gyarados|Bulldoze|p2b: Talonflame|[spread] p2a\n|-immune|p1a: Orthworm|[from] ability: Earth Eater\n|-immune|p2b: Talonflame\n|-damage|p2a: Garchomp|87\/100\n|move|p2a: Garchomp|Swords Dance|p2a: Garchomp\n|-boost|p2a: Garchomp|atk|2\n|cant|p1a: Orthworm|move: Taunt|Shed Tail\n|\n|upkeep\n|turn|2\n|\n|t:|1681826365\n|switch|p1a: Ting-Lu|Ting-Lu, L50|100\/100\n|-ability|p1a: Ting-Lu|Vessel of Ruin\n|move|p2b: Talonflame|Will-O-Wisp|p1b: Gyarados\n|-status|p1b: Gyarados|brn\n|move|p1b: Gyarados|Waterfall|p2b: Talonflame\n|-supereffective|p2b: Talonflame\n|-damage|p2b: Talonflame|42\/100\n|move|p2a: Garchomp|Swords Dance|p2a: Garchomp\n|-boost|p2a: Garchomp|atk|2\n|\n|-damage|p1b: Gyarados|95\/100 brn|[from] brn\n|upkeep\n|turn|3\n|\n|t:|1681826383\n|switch|p1a: Orthworm|Orthworm, L50, F|100\/100\n|move|p2b: Talonflame|Will-O-Wisp|p1a: Orthworm\n|-status|p1a: Orthworm|brn\n|move|p1b: Gyarados|Waterfall|p2b: Talonflame\n|-supereffective|p2b: Talonflame\n|-damage|p2b: Talonflame|0 fnt\n|faint|p2b: Talonflame\n|move|p2a: Garchomp|Rock Slide|p1b: Gyarados|[spread] p1a,p1b\n|-resisted|p1a: Orthworm\n|-supereffective|p1b: Gyarados\n|-damage|p1a: Orthworm|83\/100 brn\n|-damage|p1b: Gyarados|0 fnt\n|faint|p1b: Gyarados\n|\n|-damage|p1a: Orthworm|77\/100 brn|[from] brn\n|upkeep\n|\n|t:|1681826396\n|switch|p2b: Flutter Mane|Flutter Mane, L50|100\/100\n|switch|p1b: Ting-Lu|Ting-Lu, L50|100\/100\n|-ability|p1b: Ting-Lu|Vessel of Ruin\n|turn|4\n|\n|t:|1681826413\n|move|p2b: Flutter Mane|Mystical Fire|p1a: Orthworm\n|-supereffective|p1a: Orthworm\n|-damage|p1a: Orthworm|0 fnt\n|faint|p1a: Orthworm\n|move|p2a: Garchomp|Rock Slide|p1b: Ting-Lu\n|-resisted|p1b: Ting-Lu\n|-damage|p1b: Ting-Lu|76\/100\n|move|p1b: Ting-Lu|Earthquake|p2a: Garchomp|[spread] p2a,p2b\n|-damage|p2a: Garchomp|29\/100\n|-damage|p2b: Flutter Mane|0 fnt\n|faint|p2b: Flutter Mane\n|-end|p2b: Flutter Mane|Protosynthesis|[silent]\n|\n|upkeep\n|\n|t:|1681826423\n|switch|p2b: Iron Thorns|Iron Thorns, L50|100\/100\n|switch|p1a: Flutter Mane|Flutter Mane, L50|100\/100\n|turn|5\n|\n|t:|1681826438\n|-terastallize|p1a: Flutter Mane|Fairy\n|move|p1a: Flutter Mane|Dazzling Gleam|p2a: Garchomp|[spread] p2a,p2b\n|-supereffective|p2a: Garchomp\n|-damage|p2a: Garchomp|0 fnt\n|-damage|p2b: Iron Thorns|44\/100\n|faint|p2a: Garchomp\n|move|p2b: Iron Thorns|Pin Missile|p1b: Ting-Lu\n|-supereffective|p1b: Ting-Lu\n|-damage|p1b: Ting-Lu|64\/100\n|-supereffective|p1b: Ting-Lu\n|-damage|p1b: Ting-Lu|53\/100\n|-supereffective|p1b: Ting-Lu\n|-damage|p1b: Ting-Lu|41\/100\n|-supereffective|p1b: Ting-Lu\n|-damage|p1b: Ting-Lu|31\/100\n|-supereffective|p1b: Ting-Lu\n|-damage|p1b: Ting-Lu|19\/100\n|-hitcount|p1b: Ting-Lu|5\n|move|p1b: Ting-Lu|Earthquake|p2b: Iron Thorns|[spread] p1a,p2b\n|-supereffective|p2b: Iron Thorns\n|-damage|p1a: Flutter Mane|0 fnt\n|-damage|p2b: Iron Thorns|0 fnt\n|faint|p1a: Flutter Mane\n|-end|p1a: Flutter Mane|Protosynthesis|[silent]\n|faint|p2b: Iron Thorns\n|-end|p2b: Iron Thorns|Quark Drive|[silent]\n|\n|win|Ralsei is bae\n|raw|Ralsei is bae's rating: 1203 → 1228<\/strong> (+25 for winning)\n|raw|Gone2Flavortown21's rating: 1208 → 1183<\/strong> (-25 for losing)\n|l|\u2606Gone2Flavortown21\n","uploadtime":1681826455,"views":8,"p1id":"ralseiisbae","p2id":"gone2flavortown21","formatid":"gen9vgc2023regulationc","rating":1183,"private":0,"password":""}