{"id":"gen9vgc2023regulationc-1854830504","p1":"show me the tarfax","p2":"pcltr","format":"[Gen 9] VGC 2023 Regulation C","log":"|j|\u2606show me the tarfax\n|j|\u2606pcltr\n|t:|1682871045\n|gametype|doubles\n|player|p1|show me the tarfax|roughneck|1129\n|player|p2|pcltr|cynthia-gen4|1188\n|teamsize|p1|6\n|teamsize|p2|6\n|gen|9\n|tier|[Gen 9] VGC 2023 Regulation C\n|rated|\n|rule|Species Clause: Limit one of each Pok\u00e9mon\n|rule|Item Clause: Limit one of each item\n|clearpoke\n|poke|p1|Arcanine, L50, F|\n|poke|p1|Iron Bundle, L50|\n|poke|p1|Garganacl, L50, F|\n|poke|p1|Ting-Lu, L50|\n|poke|p1|Roaring Moon, L50|\n|poke|p1|Amoonguss, L50, F|\n|poke|p2|Palafin, L50, F|\n|poke|p2|Ceruledge, L50, F|\n|poke|p2|Flutter Mane, L50|\n|poke|p2|Amoonguss, L50, F|\n|poke|p2|Baxcalibur, L50, M|\n|poke|p2|Klefki, L50, F|\n|teampreview|4\nshow me the tarfax has agreed to open team sheets.\n|\n|t:|1682871085\n|start\n|switch|p1a: Arcanine|Arcanine, L50, F|100\/100\n|switch|p1b: Garganacl|Garganacl, L50, F|100\/100\n|switch|p2a: Palafin|Palafin, L50, F|100\/100\n|switch|p2b: Klefki|Klefki, L50, F|100\/100\n|-ability|p1a: Arcanine|Intimidate|boost\n|-unboost|p2a: Palafin|atk|1\n|-unboost|p2b: Klefki|atk|1\n|turn|1\n|inactive|Battle timer is ON: inactive players will automatically lose when time's up. (requested by show me the tarfax)\n|\n|t:|1682871101\n|switch|p1a: Amoonguss|Amoonguss, L50, F|100\/100\n|detailschange|p2a: Palafin|Palafin-Hero, L50, F\n|switch|p2a: Flutter Mane|Flutter Mane, L50|100\/100\n|-enditem|p2a: Flutter Mane|Booster Energy\n|-activate|p2a: Flutter Mane|ability: Protosynthesis|[fromitem]\n|-start|p2a: Flutter Mane|protosynthesisspa\n|switch|p2b: Baxcalibur|Baxcalibur, L50, M|100\/100\n|move|p1b: Garganacl|Stealth Rock|p2a: Flutter Mane\n|-sidestart|p2: pcltr|move: Stealth Rock\n|\n|upkeep\n|turn|2\n|inactive|show me the tarfax has 30 seconds left.\n|\n|t:|1682871130\n|switch|p1b: Arcanine|Arcanine, L50, F|100\/100\n|-ability|p1b: Arcanine|Intimidate|boost\n|-unboost|p2a: Flutter Mane|atk|1\n|-unboost|p2b: Baxcalibur|atk|1\n|move|p2a: Flutter Mane|Dazzling Gleam|p1a: Amoonguss|[spread] p1a,p1b\n|-resisted|p1a: Amoonguss\n|-resisted|p1b: Arcanine\n|-damage|p1a: Amoonguss|84\/100\n|-damage|p1b: Arcanine|82\/100\n|move|p2b: Baxcalibur|Icicle Spear|p1a: Amoonguss\n|-supereffective|p1a: Amoonguss\n|-damage|p1a: Amoonguss|64\/100\n|-supereffective|p1a: Amoonguss\n|-damage|p1a: Amoonguss|47\/100\n|-supereffective|p1a: Amoonguss\n|-damage|p1a: Amoonguss|30\/100\n|-supereffective|p1a: Amoonguss\n|-damage|p1a: Amoonguss|12\/100\n|-hitcount|p1a: Amoonguss|4\n|move|p1a: Amoonguss|Spore|p2b: Baxcalibur\n|-status|p2b: Baxcalibur|slp|[from] move: Spore\n|\n|upkeep\n|turn|3\n|\n|t:|1682871151\n|switch|p2b: Palafin|Palafin-Hero, L50, F|100\/100\n|-damage|p2b: Palafin|88\/100|[from] Stealth Rock\n|-activate|p2b: Palafin|ability: Zero to Hero\n|switch|p1a: Iron Bundle|Iron Bundle, L50|100\/100\n|move|p2a: Flutter Mane|Dazzling Gleam|p1b: Arcanine|[spread] p1a,p1b\n|-resisted|p1b: Arcanine\n|-crit|p1b: Arcanine\n|-damage|p1a: Iron Bundle|26\/100\n|-damage|p1b: Arcanine|52\/100\n|move|p1b: Arcanine|Flare Blitz|p2a: Flutter Mane\n|-damage|p2a: Flutter Mane|41\/100\n|-damage|p1b: Arcanine|37\/100|[from] Recoil\n|\n|upkeep\n|turn|4\n|inactive|show me the tarfax has 30 seconds left.\n|\n|t:|1682871179\n|-terastallize|p2b: Palafin|Water\n|move|p1a: Iron Bundle|Protect|p1a: Iron Bundle\n|-singleturn|p1a: Iron Bundle|Protect\n|move|p2b: Palafin|Jet Punch|p1a: Iron Bundle\n|-activate|p1a: Iron Bundle|move: Protect\n|move|p2a: Flutter Mane|Shadow Ball|p1b: Arcanine\n|-damage|p1b: Arcanine|0 fnt\n|faint|p1b: Arcanine\n|\n|upkeep\n|\n|t:|1682871188\n|switch|p1b: Garganacl|Garganacl, L50, F|100\/100\n|turn|5\n|\n|t:|1682871200\n|-terastallize|p1b: Garganacl|Grass\n|move|p2b: Palafin|Protect|p2b: Palafin\n|-singleturn|p2b: Palafin|Protect\n|move|p1a: Iron Bundle|Hydro Pump|p2a: Flutter Mane\n|-crit|p2a: Flutter Mane\n|-damage|p2a: Flutter Mane|0 fnt\n|faint|p2a: Flutter Mane\n|-end|p2a: Flutter Mane|Protosynthesis|[silent]\n|move|p1b: Garganacl|Salt Cure|p2b: Palafin\n|-activate|p2b: Palafin|move: Protect\n|\n|upkeep\n|\n|t:|1682871216\n|switch|p2a: Klefki|Klefki, L50, F|100\/100\n|-damage|p2a: Klefki|94\/100|[from] Stealth Rock\n|turn|6\n|\n|t:|1682871241\n|-end|p1a: Iron Bundle|Quark Drive|[silent]\n|switch|p1a: Amoonguss|Amoonguss, L50, F|46\/100\n|move|p2a: Klefki|Thunder Wave|p1a: Amoonguss\n|-status|p1a: Amoonguss|par\n|move|p2b: Palafin|Wave Crash|p1a: Amoonguss\n|-resisted|p1a: Amoonguss\n|-damage|p1a: Amoonguss|0 fnt\n|-damage|p2b: Palafin|72\/100|[from] item: Rocky Helmet|[of] p1a: Amoonguss\n|faint|p1a: Amoonguss\n|-damage|p2b: Palafin|55\/100|[from] Recoil\n|move|p1b: Garganacl|Salt Cure|p2b: Palafin\n|-damage|p2b: Palafin|43\/100\n|-start|p2b: Palafin|Salt Cure\n|\n|-damage|p2b: Palafin|18\/100|[from] Salt Cure\n|upkeep\n|\n|t:|1682871246\n|switch|p1a: Iron Bundle|Iron Bundle, L50|26\/100\n|turn|7\n|\n|t:|1682871260\n|switch|p2b: Baxcalibur|Baxcalibur, L50, M|100\/100 slp\n|-damage|p2b: Baxcalibur|76\/100 slp|[from] Stealth Rock\n|move|p1a: Iron Bundle|Protect|p1a: Iron Bundle\n|-singleturn|p1a: Iron Bundle|Protect\n|move|p2a: Klefki|Thunder Wave|p1a: Iron Bundle\n|-activate|p1a: Iron Bundle|move: Protect\n|move|p1b: Garganacl|Salt Cure|p2a: Klefki\n|-resisted|p2a: Klefki\n|-damage|p2a: Klefki|87\/100\n|-start|p2a: Klefki|Salt Cure\n|\n|-damage|p2a: Klefki|62\/100|[from] Salt Cure\n|upkeep\n|turn|8\n|\n|t:|1682871278\n|cant|p2b: Baxcalibur|slp\n|move|p2a: Klefki|Thunder Wave|p1a: Iron Bundle\n|-status|p1a: Iron Bundle|par\n|cant|p1a: Iron Bundle|par\n|move|p1b: Garganacl|Salt Cure|p2b: Baxcalibur\n|-supereffective|p2b: Baxcalibur\n|-damage|p2b: Baxcalibur|51\/100 slp\n|-start|p2b: Baxcalibur|Salt Cure\n|\n|-damage|p2b: Baxcalibur|39\/100 slp|[from] Salt Cure\n|-damage|p2a: Klefki|38\/100|[from] Salt Cure\n|upkeep\n|turn|9\n|\n|t:|1682871299\n|move|p1b: Garganacl|Protect|p1b: Garganacl\n|-singleturn|p1b: Garganacl|Protect\n|move|p2a: Klefki|Light Screen|p2a: Klefki\n|-sidestart|p2: pcltr|move: Light Screen\n|cant|p2b: Baxcalibur|slp\n|move|p1a: Iron Bundle|Freeze-Dry|p2b: Baxcalibur\n|-damage|p2b: Baxcalibur|18\/100 slp\n|\n|-damage|p2b: Baxcalibur|6\/100 slp|[from] Salt Cure\n|-damage|p2a: Klefki|13\/100|[from] Salt Cure\n|upkeep\n|turn|10\n|\n|t:|1682871318\n|cant|p1a: Iron Bundle|par\n|move|p1b: Garganacl|Protect|p1b: Garganacl\n|-singleturn|p1b: Garganacl|Protect\n|cant|p2b: Baxcalibur|slp\n|move|p2a: Klefki|Foul Play|p1b: Garganacl\n|-activate|p1b: Garganacl|move: Protect\n|\n|-damage|p2b: Baxcalibur|0 fnt|[from] Salt Cure\n|faint|p2b: Baxcalibur\n|-damage|p2a: Klefki|0 fnt|[from] Salt Cure\n|faint|p2a: Klefki\n|upkeep\n|\n|t:|1682871331\n|switch|p2b: Palafin|Palafin-Hero, L50, F, tera:Water|18\/100\n|-damage|p2b: Palafin|6\/100|[from] Stealth Rock\n|turn|11\n|\n|t:|1682871340\n|move|p2b: Palafin|Protect|p2b: Palafin\n|-singleturn|p2b: Palafin|Protect\n|cant|p1a: Iron Bundle|par\n|move|p1b: Garganacl|Salt Cure|p2b: Palafin\n|-activate|p2b: Palafin|move: Protect\n|\n|upkeep\n|turn|12\n|\n|t:|1682871347\n|cant|p1a: Iron Bundle|par\n|move|p2b: Palafin|Wave Crash|p1a: Iron Bundle\n|-resisted|p1a: Iron Bundle\n|-damage|p1a: Iron Bundle|0 fnt\n|faint|p1a: Iron Bundle\n|-end|p1a: Iron Bundle|Quark Drive|[silent]\n|-damage|p2b: Palafin|0 fnt|[from] Recoil\n|faint|p2b: Palafin\n|\n|win|show me the tarfax\n|raw|show me the tarfax's rating: 1129 → 1158<\/strong> (+29 for winning)\n|raw|pcltr's rating: 1188 → 1159<\/strong> (-29 for losing)\n","uploadtime":1682871354,"views":12,"p1id":"showmethetarfax","p2id":"pcltr","formatid":"gen9vgc2023regulationc","rating":1158,"private":0,"password":""}