{"id":"gen9vgc2023regulationc-1855691718","p1":"andresespin","p2":"EeveeFitzy","format":"[Gen 9] VGC 2023 Regulation C","log":"|j|\u2606andresespin\n|j|\u2606EeveeFitzy\n|t:|1682973706\n|gametype|doubles\n|player|p1|andresespin|170|1250\n|player|p2|EeveeFitzy|marley|1327\n|teamsize|p1|6\n|teamsize|p2|6\n|gen|9\n|tier|[Gen 9] VGC 2023 Regulation C\n|rated|\n|rule|Species Clause: Limit one of each Pok\u00e9mon\n|rule|Item Clause: Limit one of each item\n|clearpoke\n|poke|p1|Amoonguss, L50, M|\n|poke|p1|Arcanine, L50, M|\n|poke|p1|Palafin, L50, M|\n|poke|p1|Flutter Mane, L50|\n|poke|p1|Iron Hands, L50|\n|poke|p1|Iron Bundle, L50|\n|poke|p2|Glimmora, L50, M|\n|poke|p2|Dragonite, L50, M|\n|poke|p2|Dondozo, L50, M|\n|poke|p2|Tatsugiri, L50, F|\n|poke|p2|Chi-Yu, L50|\n|poke|p2|Iron Bundle, L50|\n|teampreview|4\nandresespin has agreed to open team sheets.\nEeveeFitzy has agreed to open team sheets.\n|\n|t:|1682973733\n|start\n|switch|p1a: Arcanine|Arcanine, L50, M|100\/100\n|switch|p1b: Palafin|Palafin, L50, M|100\/100\n|switch|p2a: Iron Bundle|Iron Bundle, L50, shiny|100\/100\n|switch|p2b: Chi-Yu|Chi-Yu, L50|100\/100\n|-ability|p2b: Chi-Yu|Beads of Ruin\n|-ability|p1a: Arcanine|Intimidate|boost\n|-unboost|p2a: Iron Bundle|atk|1\n|-unboost|p2b: Chi-Yu|atk|1\n|-enditem|p2a: Iron Bundle|Booster Energy\n|-activate|p2a: Iron Bundle|ability: Quark Drive|[fromitem]\n|-start|p2a: Iron Bundle|quarkdrivespe\n|turn|1\n|inactive|Battle timer is ON: inactive players will automatically lose when time's up. (requested by EeveeFitzy)\n|\n|t:|1682973774\n|-terastallize|p1b: Palafin|Water\n|move|p2a: Iron Bundle|Hydro Pump|p1a: Arcanine\n|-supereffective|p1a: Arcanine\n|-damage|p1a: Arcanine|0 fnt\n|faint|p1a: Arcanine\n|move|p2b: Chi-Yu|Dark Pulse|p1b: Palafin\n|-damage|p1b: Palafin|24\/100\n|move|p1b: Palafin|Wave Crash|p2a: Iron Bundle\n|-resisted|p2a: Iron Bundle\n|-damage|p2a: Iron Bundle|55\/100\n|-damage|p1b: Palafin|13\/100|[from] Recoil\n|\n|upkeep\n|\n|t:|1682973786\n|switch|p1a: Amoonguss|Amoonguss, L50, M|100\/100\n|turn|2\n|\n|t:|1682973795\n|detailschange|p1b: Palafin|Palafin-Hero, L50, M, tera:Water\n|switch|p1b: Iron Bundle|Iron Bundle, L50|100\/100\n|move|p2b: Chi-Yu|Protect|p2b: Chi-Yu\n|-singleturn|p2b: Chi-Yu|Protect\n|move|p1a: Amoonguss|Protect|p1a: Amoonguss\n|-singleturn|p1a: Amoonguss|Protect\n|move|p2a: Iron Bundle|Freeze-Dry|p1a: Amoonguss\n|-activate|p1a: Amoonguss|move: Protect\n|\n|upkeep\n|turn|3\n|inactive|andresespin has 30 seconds left.\n|\n|t:|1682973822\n|move|p2a: Iron Bundle|Freeze-Dry|p1b: Iron Bundle\n|-damage|p1b: Iron Bundle|2\/100\n|move|p1b: Iron Bundle|Encore|p2b: Chi-Yu\n|-start|p2b: Chi-Yu|Encore\n|move|p2b: Chi-Yu|Protect||[still]\n|-fail|p2b: Chi-Yu\n|move|p1a: Amoonguss|Spore|p2a: Iron Bundle\n|-status|p2a: Iron Bundle|slp|[from] move: Spore\n|\n|upkeep\n|turn|4\n|\n|t:|1682973833\n|cant|p2a: Iron Bundle|slp\n|move|p2b: Chi-Yu|Protect|p2b: Chi-Yu\n|-singleturn|p2b: Chi-Yu|Protect\n|move|p1b: Iron Bundle|Freeze-Dry|p2a: Iron Bundle\n|-damage|p2a: Iron Bundle|0 fnt\n|faint|p2a: Iron Bundle\n|-end|p2a: Iron Bundle|Quark Drive|[silent]\n|move|p1a: Amoonguss|Pollen Puff|p1b: Iron Bundle\n|-heal|p1b: Iron Bundle|52\/100\n|\n|upkeep\n|\n|t:|1682973844\n|switch|p2a: Dondozo|Dondozo, L50, M|100\/100\n|turn|5\n|inactive|andresespin has 30 seconds left.\n|\n|t:|1682973871\n|switch|p2b: Tatsugiri|Tatsugiri, L50, F|100\/100\n|-activate|p2b: Tatsugiri|ability: Commander|[of] p2a: Dondozo\n|-boost|p2a: Dondozo|atk|2\n|-boost|p2a: Dondozo|spa|2\n|-boost|p2a: Dondozo|spe|2\n|-boost|p2a: Dondozo|def|2\n|-boost|p2a: Dondozo|spd|2\n|-terastallize|p2a: Dondozo|Grass\n|move|p1b: Iron Bundle|Freeze-Dry|p2a: Dondozo\n|-supereffective|p2a: Dondozo\n|-damage|p2a: Dondozo|68\/100\n|-status|p2a: Dondozo|frz\n|cant|p2a: Dondozo|frz\n|move|p1a: Amoonguss|Pollen Puff|p1b: Iron Bundle\n|-heal|p1b: Iron Bundle|100\/100\n|\n|-heal|p2a: Dondozo|74\/100 frz|[from] item: Leftovers\n|upkeep\n|turn|6\n|inactive|EeveeFitzy has 30 seconds left.\n|\n|t:|1682973904\n|switch|p1a: Palafin|Palafin-Hero, L50, M, tera:Water|13\/100\n|-activate|p1a: Palafin|ability: Zero to Hero\n|move|p1b: Iron Bundle|Icy Wind|p2b: Tatsugiri|[spread] \n|-miss|p1b: Iron Bundle|p2b: Tatsugiri\n|-miss|p1b: Iron Bundle|p2a: Dondozo\n|cant|p2a: Dondozo|frz\n|\n|-heal|p2a: Dondozo|80\/100 frz|[from] item: Leftovers\n|upkeep\n|turn|7\n|\n|t:|1682973919\n|move|p1b: Iron Bundle|Icy Wind|p2a: Dondozo|[spread] p2a\n|-miss|p1b: Iron Bundle|p2b: Tatsugiri\n|-supereffective|p2a: Dondozo\n|-damage|p2a: Dondozo|62\/100 frz\n|-unboost|p2a: Dondozo|spe|1\n|-curestatus|p2a: Dondozo|frz|[msg]\n|move|p2a: Dondozo|Earthquake|p1a: Palafin|[spread] p1a,p1b\n|-miss|p2a: Dondozo|p2b: Tatsugiri\n|-damage|p1a: Palafin|0 fnt\n|-damage|p1b: Iron Bundle|54\/100\n|faint|p1a: Palafin\n|\n|-heal|p2a: Dondozo|68\/100|[from] item: Leftovers\n|upkeep\n|\n|t:|1682973925\n|switch|p1a: Amoonguss|Amoonguss, L50, M|100\/100\n|turn|8\n|\n|t:|1682973931\n|move|p1b: Iron Bundle|Freeze-Dry|p2a: Dondozo\n|-supereffective|p2a: Dondozo\n|-damage|p2a: Dondozo|33\/100\n|move|p2a: Dondozo|Tera Blast|p1b: Iron Bundle\n|-supereffective|p1b: Iron Bundle\n|-damage|p1b: Iron Bundle|0 fnt\n|faint|p1b: Iron Bundle\n|-end|p1b: Iron Bundle|Quark Drive|[silent]\n|move|p1a: Amoonguss|Pollen Puff|p1: Iron Bundle|[notarget]\n|-fail|p1a: Amoonguss\n|\n|-heal|p2a: Dondozo|39\/100|[from] item: Leftovers\n|upkeep\n|turn|9\n|\n|t:|1682973936\n|move|p2a: Dondozo|Earthquake|p1a: Amoonguss|[spread] p1a\n|-miss|p2a: Dondozo|p2b: Tatsugiri\n|-crit|p1a: Amoonguss\n|-damage|p1a: Amoonguss|53\/100\n|move|p1a: Amoonguss|Pollen Puff|p2a: Dondozo\n|-supereffective|p2a: Dondozo\n|-damage|p2a: Dondozo|23\/100\n|\n|-heal|p2a: Dondozo|29\/100|[from] item: Leftovers\n|upkeep\n|turn|10\n|\n|t:|1682973945\n|move|p2a: Dondozo|Earthquake|p1a: Amoonguss|[spread] p1a\n|-miss|p2a: Dondozo|p2b: Tatsugiri\n|-damage|p1a: Amoonguss|18\/100\n|move|p1a: Amoonguss|Pollen Puff|p2a: Dondozo\n|-supereffective|p2a: Dondozo\n|-damage|p2a: Dondozo|11\/100\n|\n|-heal|p2a: Dondozo|17\/100|[from] item: Leftovers\n|upkeep\n|turn|11\n|\n|t:|1682973955\n|move|p2a: Dondozo|Earthquake|p1a: Amoonguss|[spread] p1a\n|-miss|p2a: Dondozo|p2b: Tatsugiri\n|-crit|p1a: Amoonguss\n|-damage|p1a: Amoonguss|0 fnt\n|faint|p1a: Amoonguss\n|\n|win|EeveeFitzy\n|raw|andresespin's rating: 1250 → 1230<\/strong> (-20 for losing)\n|raw|EeveeFitzy's rating: 1327 → 1343<\/strong> (+16 for winning)\n|l|\u2606andresespin\n","uploadtime":1682973964,"views":16,"p1id":"andresespin","p2id":"eeveefitzy","formatid":"gen9vgc2023regulationc","rating":1230,"private":0,"password":""}