{"id":"gen9vgc2023regulationc-1859582835","p1":"DracFrost","p2":"She bre on my loom","format":"[Gen 9] VGC 2023 Regulation C","log":"|j|\u2606DracFrost\n|j|\u2606She bre on my loom\n|t:|1683545067\n|gametype|doubles\n|player|p1|DracFrost|sabrina|1154\n|player|p2|She bre on my loom|102|1099\n|teamsize|p1|6\n|teamsize|p2|6\n|gen|9\n|tier|[Gen 9] VGC 2023 Regulation C\n|rated|\n|rule|Species Clause: Limit one of each Pok\u00e9mon\n|rule|Item Clause: Limit one of each item\n|clearpoke\n|poke|p1|Volcarona, L50, F|\n|poke|p1|Grimmsnarl, L50, M|\n|poke|p1|Ting-Lu, L50|\n|poke|p1|Maushold, L50|\n|poke|p1|Ceruledge, L50, F|\n|poke|p1|Roaring Moon, L50|\n|poke|p2|Hariyama, L50, M|\n|poke|p2|Amoonguss, L50, M|\n|poke|p2|Bronzong, L50|\n|poke|p2|Abomasnow, L50, F|\n|poke|p2|Arcanine, L50, F|\n|poke|p2|Iron Bundle, L50|\n|teampreview|4\n|\n|t:|1683545091\n|start\n|switch|p1a: Grimmsnarl|Grimmsnarl, L50, M|100\/100\n|switch|p1b: Roaring Moon|Roaring Moon, L50|100\/100\n|switch|p2a: Arcanine|Arcanine, L50, F|100\/100\n|switch|p2b: Bronzong|Bronzong, L50|100\/100\n|-ability|p2a: Arcanine|Intimidate|boost\n|-unboost|p1a: Grimmsnarl|atk|1\n|-unboost|p1b: Roaring Moon|atk|1\n|-enditem|p1b: Roaring Moon|Booster Energy\n|-activate|p1b: Roaring Moon|ability: Protosynthesis|[fromitem]\n|-start|p1b: Roaring Moon|protosynthesisspe\n|turn|1\n|\n|t:|1683545109\n|move|p1a: Grimmsnarl|Fake Out|p2b: Bronzong\n|-resisted|p2b: Bronzong\n|-crit|p2b: Bronzong\n|-damage|p2b: Bronzong|93\/100\n|move|p1b: Roaring Moon|Tailwind|p1b: Roaring Moon\n|-sidestart|p1: DracFrost|move: Tailwind\n|move|p2a: Arcanine|Will-O-Wisp|p1b: Roaring Moon\n|-status|p1b: Roaring Moon|brn\n|cant|p2b: Bronzong|flinch\n|\n|-heal|p2b: Bronzong|99\/100|[from] item: Leftovers\n|-damage|p1b: Roaring Moon|94\/100 brn|[from] brn\n|upkeep\n|turn|2\n|\n|t:|1683545126\n|switch|p2a: Hariyama|Hariyama, L50, M|100\/100\n|move|p1b: Roaring Moon|Protect|p1b: Roaring Moon\n|-singleturn|p1b: Roaring Moon|Protect\n|move|p1a: Grimmsnarl|Reflect|p1a: Grimmsnarl\n|-sidestart|p1: DracFrost|Reflect\n|move|p2b: Bronzong|Trick Room|p2b: Bronzong\n|-fieldstart|move: Trick Room|[of] p2b: Bronzong\n|\n|-heal|p2b: Bronzong|100\/100|[from] item: Leftovers\n|-damage|p1b: Roaring Moon|88\/100 brn|[from] brn\n|upkeep\n|turn|3\n|\n|t:|1683545144\n|move|p1a: Grimmsnarl|Light Screen|p1a: Grimmsnarl\n|-sidestart|p1: DracFrost|move: Light Screen\n|move|p2b: Bronzong|Gyro Ball|p1a: Grimmsnarl\n|-supereffective|p1a: Grimmsnarl\n|-damage|p1a: Grimmsnarl|51\/100\n|move|p2a: Hariyama|Close Combat|p1b: Roaring Moon\n|-supereffective|p1b: Roaring Moon\n|-damage|p1b: Roaring Moon|3\/100 brn\n|-unboost|p2a: Hariyama|def|1\n|-unboost|p2a: Hariyama|spd|1\n|move|p1b: Roaring Moon|Acrobatics|p2a: Hariyama\n|-supereffective|p2a: Hariyama\n|-damage|p2a: Hariyama|58\/100\n|\n|-damage|p1b: Roaring Moon|0 fnt|[from] brn\n|faint|p1b: Roaring Moon\n|-end|p1b: Roaring Moon|Protosynthesis|[silent]\n|upkeep\n|\n|t:|1683545160\n|switch|p1b: Maushold|Maushold, L50|100\/100\n|turn|4\n|\n|t:|1683545174\n|switch|p2b: Arcanine|Arcanine, L50, F|100\/100\n|-ability|p2b: Arcanine|Intimidate|boost\n|-unboost|p1a: Grimmsnarl|atk|1\n|-unboost|p1b: Maushold|atk|1\n|move|p1b: Maushold|Protect|p1b: Maushold\n|-singleturn|p1b: Maushold|Protect\n|move|p2a: Hariyama|Close Combat|p1b: Maushold\n|-activate|p1b: Maushold|move: Protect\n|move|p1a: Grimmsnarl|Play Rough|p2a: Hariyama\n|-supereffective|p2a: Hariyama\n|-damage|p2a: Hariyama|5\/100\n|\n|-sideend|p1: DracFrost|move: Tailwind\n|upkeep\n|turn|5\n|\n|t:|1683545192\n|move|p2a: Hariyama|Knock Off|p1b: Maushold\n|-damage|p1b: Maushold|78\/100\n|-enditem|p1b: Maushold|Sitrus Berry|[from] move: Knock Off|[of] p2a: Hariyama\n|move|p1a: Grimmsnarl|Play Rough|p2a: Hariyama|[miss]\n|-miss|p1a: Grimmsnarl|p2a: Hariyama\n|move|p1b: Maushold|Taunt|p2b: Arcanine\n|-start|p2b: Arcanine|move: Taunt\n|move|p2b: Arcanine|Flare Blitz|p1a: Grimmsnarl\n|-damage|p1a: Grimmsnarl|29\/100\n|-status|p1a: Grimmsnarl|brn\n|-damage|p2b: Arcanine|93\/100|[from] Recoil\n|\n|-damage|p1a: Grimmsnarl|23\/100 brn|[from] brn\n|upkeep\n|turn|6\n|\n|t:|1683545211\n|switch|p2a: Bronzong|Bronzong, L50|100\/100\n|move|p1b: Maushold|Protect|p1b: Maushold\n|-singleturn|p1b: Maushold|Protect\n|move|p1a: Grimmsnarl|Play Rough|p2a: Bronzong\n|-resisted|p2a: Bronzong\n|-damage|p2a: Bronzong|96\/100\n|-unboost|p2a: Bronzong|atk|1\n|move|p2b: Arcanine|Flare Blitz|p1a: Grimmsnarl\n|-damage|p1a: Grimmsnarl|0 fnt\n|faint|p1a: Grimmsnarl\n|-damage|p2b: Arcanine|85\/100|[from] Recoil\n|\n|-heal|p2a: Bronzong|100\/100|[from] item: Leftovers\n|-fieldend|move: Trick Room\n|upkeep\n|\n|t:|1683545226\n|switch|p1a: Volcarona|Volcarona, L50, F|100\/100\n|turn|7\n|\n|t:|1683545236\n|switch|p2b: Hariyama|Hariyama, L50, M|5\/100\n|-terastallize|p2a: Bronzong|Fire\n|move|p1b: Maushold|Follow Me|p1b: Maushold\n|-singleturn|p1b: Maushold|move: Follow Me\n|move|p1a: Volcarona|Quiver Dance|p1a: Volcarona\n|-boost|p1a: Volcarona|spa|1\n|-boost|p1a: Volcarona|spd|1\n|-boost|p1a: Volcarona|spe|1\n|move|p2a: Bronzong|Trick Room|p2a: Bronzong\n|-fieldstart|move: Trick Room|[of] p2a: Bronzong\n|\n|upkeep\n|turn|8\n|\n|t:|1683545270\n|switch|p2a: Abomasnow|Abomasnow, L50, F|100\/100\n|-weather|Snow|[from] ability: Snow Warning|[of] p2a: Abomasnow\n|move|p1b: Maushold|Follow Me|p1b: Maushold\n|-singleturn|p1b: Maushold|move: Follow Me\n|move|p2b: Hariyama|Knock Off|p1b: Maushold\n|-damage|p1b: Maushold|61\/100\n|move|p1a: Volcarona|Quiver Dance|p1a: Volcarona\n|-boost|p1a: Volcarona|spa|1\n|-boost|p1a: Volcarona|spd|1\n|-boost|p1a: Volcarona|spe|1\n|\n|-weather|Snow|[upkeep]\n|upkeep\n|turn|9\n|\n|t:|1683545293\n|move|p1b: Maushold|Follow Me|p1b: Maushold\n|-singleturn|p1b: Maushold|move: Follow Me\n|move|p2b: Hariyama|Close Combat|p1b: Maushold\n|-supereffective|p1b: Maushold\n|-damage|p1b: Maushold|0 fnt\n|-unboost|p2b: Hariyama|def|1\n|-unboost|p2b: Hariyama|spd|1\n|faint|p1b: Maushold\n|move|p2a: Abomasnow|Blizzard|p1a: Volcarona\n|-resisted|p1a: Volcarona\n|-damage|p1a: Volcarona|93\/100\n|move|p1a: Volcarona|Heat Wave|p2b: Hariyama|[spread] p2a,p2b\n|-supereffective|p2a: Abomasnow\n|-damage|p2a: Abomasnow|0 fnt\n|-damage|p2b: Hariyama|0 fnt\n|faint|p2a: Abomasnow\n|faint|p2b: Hariyama\n|\n|-weather|Snow|[upkeep]\n|-heal|p1a: Volcarona|99\/100|[from] item: Leftovers\n|-sideend|p1: DracFrost|Reflect\n|upkeep\n|\n|t:|1683545299\n|switch|p2b: Arcanine|Arcanine, L50, F|85\/100\n|switch|p2a: Bronzong|Bronzong, L50, tera:Fire|100\/100\n|-ability|p2b: Arcanine|Intimidate|boost\n|-unboost|p1a: Volcarona|atk|1\n|turn|10\n|\n|t:|1683545315\n|move|p2a: Bronzong|Gyro Ball|p1a: Volcarona\n|-resisted|p1a: Volcarona\n|-damage|p1a: Volcarona|79\/100\n|move|p2b: Arcanine|Flare Blitz|p1a: Volcarona\n|-damage|p1a: Volcarona|32\/100\n|-damage|p2b: Arcanine|70\/100|[from] Recoil\n|move|p1a: Volcarona|Heat Wave|p2a: Bronzong|[spread] p2a,p2b\n|-resisted|p2a: Bronzong\n|-resisted|p2b: Arcanine\n|-damage|p2a: Bronzong|78\/100\n|-damage|p2b: Arcanine|34\/100\n|\n|-weather|Snow|[upkeep]\n|-heal|p2a: Bronzong|84\/100|[from] item: Leftovers\n|-heal|p1a: Volcarona|39\/100|[from] item: Leftovers\n|-sideend|p1: DracFrost|move: Light Screen\n|upkeep\n|turn|11\n|c|\u2606She bre on my loom|gg\n|\n|t:|1683545329\n|move|p1a: Volcarona|Protect|p1a: Volcarona\n|-singleturn|p1a: Volcarona|Protect\n|move|p2a: Bronzong|Gyro Ball|p1a: Volcarona\n|-activate|p1a: Volcarona|move: Protect\n|move|p2b: Arcanine|Flare Blitz|p1a: Volcarona\n|-activate|p1a: Volcarona|move: Protect\n|\n|-weather|Snow|[upkeep]\n|-heal|p2a: Bronzong|90\/100|[from] item: Leftovers\n|-heal|p1a: Volcarona|45\/100|[from] item: Leftovers\n|-fieldend|move: Trick Room\n|upkeep\n|turn|12\n|\n|t:|1683545342\n|move|p2b: Arcanine|Protect|p2b: Arcanine\n|-singleturn|p2b: Arcanine|Protect\n|move|p1a: Volcarona|Heat Wave|p2a: Bronzong|[spread] p2a\n|-activate|p2b: Arcanine|move: Protect\n|-resisted|p2a: Bronzong\n|-crit|p2a: Bronzong\n|-damage|p2a: Bronzong|57\/100\n|move|p2a: Bronzong|Trick Room|p2a: Bronzong\n|-fieldstart|move: Trick Room|[of] p2a: Bronzong\n|\n|-weather|none\n|-heal|p2a: Bronzong|63\/100|[from] item: Leftovers\n|-heal|p1a: Volcarona|51\/100|[from] item: Leftovers\n|upkeep\n|turn|13\n|\n|t:|1683545352\n|move|p1a: Volcarona|Protect|p1a: Volcarona\n|-singleturn|p1a: Volcarona|Protect\n|move|p2a: Bronzong|Gyro Ball|p1a: Volcarona\n|-activate|p1a: Volcarona|move: Protect\n|move|p2b: Arcanine|Flare Blitz|p1a: Volcarona\n|-activate|p1a: Volcarona|move: Protect\n|\n|-heal|p2a: Bronzong|69\/100|[from] item: Leftovers\n|-heal|p1a: Volcarona|57\/100|[from] item: Leftovers\n|upkeep\n|turn|14\n|\n|t:|1683545366\n|move|p2a: Bronzong|Gyro Ball|p1a: Volcarona\n|-resisted|p1a: Volcarona\n|-damage|p1a: Volcarona|36\/100\n|move|p2b: Arcanine|Flare Blitz|p1a: Volcarona\n|-damage|p1a: Volcarona|0 fnt\n|faint|p1a: Volcarona\n|-damage|p2b: Arcanine|23\/100|[from] Recoil\n|\n|win|She bre on my loom\n|raw|DracFrost's rating: 1154 → 1125<\/strong> (-29 for losing)\n|raw|She bre on my loom's rating: 1099 → 1128<\/strong> (+29 for winning)\n","uploadtime":1683545379,"views":9,"p1id":"dracfrost","p2id":"shebreonmyloom","formatid":"gen9vgc2023regulationc","rating":1125,"private":0,"password":""}