{"id":"gen9vgc2023regulationc-1860097277","p1":"Shanipika","p2":"hynax7","format":"[Gen 9] VGC 2023 Regulation C","log":"|j|\u2606Shanipika\n|j|\u2606hynax7\n|t:|1683594856\n|gametype|doubles\n|player|p1|Shanipika|1|\n|player|p2|hynax7|ethan|\n|teamsize|p1|6\n|teamsize|p2|6\n|gen|9\n|tier|[Gen 9] VGC 2023 Regulation C\n|rule|Species Clause: Limit one of each Pok\u00e9mon\n|rule|Item Clause: Limit one of each item\n|clearpoke\n|poke|p1|Murkrow, L50, F|\n|poke|p1|Bellibolt, L50, F|\n|poke|p1|Slowking, L50, M|\n|poke|p1|Breloom, L50, M|\n|poke|p1|Naclstack, L50, F|\n|poke|p1|Gholdengo, L50|\n|poke|p2|Dondozo, L50, F|\n|poke|p2|Tatsugiri, L50, M|\n|poke|p2|Oricorio, L50, M|\n|poke|p2|Hatterene, L50, F|\n|poke|p2|Palafin, L50, F|\n|poke|p2|Medicham, L50, F|\n|teampreview|4\nhynax7 has agreed to open team sheets.\n|c|\u2606Shanipika|G2\n|c|\u2606hynax7|?\n|c|\u2606Shanipika|gl hf\n|c|\u2606Shanipika|Its a Best of 3 matches, we need to play at least 2 matches, I also sent the 3rd challenge in case the match is needed\n|c|\u2606hynax7|ok\n|j| ArianaQ\n|\n|t:|1683595271\n|start\n|switch|p1a: Murkrow|Murkrow, L50, F|100\/100\n|switch|p1b: Breloom|Breloom, L50, M|100\/100\n|switch|p2a: Dondozo|Dondozo, L50, F, shiny|100\/100\n|switch|p2b: Tatsugiri|Tatsugiri, L50, M, shiny|100\/100\n|-activate|p2b: Tatsugiri|ability: Commander|[of] p2a: Dondozo\n|-boost|p2a: Dondozo|atk|2\n|-boost|p2a: Dondozo|spa|2\n|-boost|p2a: Dondozo|spe|2\n|-boost|p2a: Dondozo|def|2\n|-boost|p2a: Dondozo|spd|2\n|turn|1\n|\n|t:|1683595304\n|-terastallize|p2a: Dondozo|Grass\n|-terastallize|p1b: Breloom|Grass\n|move|p1a: Murkrow|Haze|p1a: Murkrow\n|-clearallboost\n|move|p1b: Breloom|Bullet Seed|p2a: Dondozo\n|-resisted|p2a: Dondozo\n|-damage|p2a: Dondozo|92\/100\n|-resisted|p2a: Dondozo\n|-damage|p2a: Dondozo|83\/100\n|-resisted|p2a: Dondozo\n|-damage|p2a: Dondozo|75\/100\n|-resisted|p2a: Dondozo\n|-damage|p2a: Dondozo|67\/100\n|-resisted|p2a: Dondozo\n|-damage|p2a: Dondozo|58\/100\n|-hitcount|p2a: Dondozo|5\n|move|p2a: Dondozo|Substitute|p2a: Dondozo\n|-start|p2a: Dondozo|Substitute\n|-damage|p2a: Dondozo|33\/100\n|\n|-heal|p2a: Dondozo|39\/100|[from] item: Leftovers\n|upkeep\n|turn|2\n|\n|t:|1683595334\n|move|p1b: Breloom|Bullet Seed|p2a: Dondozo\n|-resisted|p2a: Dondozo\n|-activate|p2a: Dondozo|move: Substitute|[damage]\n|-resisted|p2a: Dondozo\n|-activate|p2a: Dondozo|move: Substitute|[damage]\n|-resisted|p2a: Dondozo\n|-end|p2a: Dondozo|Substitute\n|-resisted|p2a: Dondozo\n|-damage|p2a: Dondozo|30\/100\n|-hitcount|p2a: Dondozo|4\n|move|p1a: Murkrow|Foul Play|p2a: Dondozo\n|-damage|p2a: Dondozo|0 fnt\n|faint|p2a: Dondozo\n|\n|upkeep\n|\n|t:|1683595346\n|switch|p2a: Hatterene|Hatterene, L50, F|100\/100\n|turn|3\n|\n|t:|1683595359\n|move|p1a: Murkrow|Tailwind|p1a: Murkrow\n|-sidestart|p1: Shanipika|move: Tailwind\n|move|p1b: Breloom|Bullet Seed|p2a: Hatterene\n|-damage|p2a: Hatterene|70\/100\n|-damage|p2a: Hatterene|40\/100\n|-damage|p2a: Hatterene|13\/100\n|-damage|p2a: Hatterene|0 fnt\n|faint|p2a: Hatterene\n|-hitcount|p2: Hatterene|4\n|move|p2b: Tatsugiri|Icy Wind|p1a: Murkrow|[spread] p1a,p1b\n|-supereffective|p1a: Murkrow\n|-supereffective|p1b: Breloom\n|-damage|p1a: Murkrow|64\/100\n|-damage|p1b: Breloom|44\/100\n|-unboost|p1a: Murkrow|spe|1\n|-unboost|p1b: Breloom|spe|1\n|\n|upkeep\n|\n|t:|1683595373\n|switch|p2a: Medicham|Medicham, L50, F, shiny|100\/100\n|turn|4\n|\n|t:|1683595391\n|switch|p1b: Bellibolt|Bellibolt, L50, F|100\/100\n|move|p2a: Medicham|Fake Out|p1a: Murkrow\n|-damage|p1a: Murkrow|10\/100\n|-damage|p2a: Medicham|91\/100|[from] item: Life Orb\n|cant|p1a: Murkrow|flinch\n|move|p2b: Tatsugiri|Icy Wind|p1a: Murkrow|[spread] p1a,p1b\n|-supereffective|p1a: Murkrow\n|-damage|p1a: Murkrow|0 fnt\n|-damage|p1b: Bellibolt|88\/100\n|-unboost|p1b: Bellibolt|spe|1\n|-start|p1b: Bellibolt|Charge|Icy Wind|[from] ability: Electromorphosis\n|faint|p1a: Murkrow\n|\n|upkeep\n|\n|t:|1683595406\n|switch|p1a: Slowking|Slowking, L50, M|100\/100\n|turn|5\n|\n|t:|1683595422\n|move|p2b: Tatsugiri|Protect|p2b: Tatsugiri\n|-singleturn|p2b: Tatsugiri|Protect\n|move|p2a: Medicham|Close Combat|p1a: Slowking\n|-resisted|p1a: Slowking\n|-damage|p1a: Slowking|57\/100\n|-unboost|p2a: Medicham|def|1\n|-unboost|p2a: Medicham|spd|1\n|-damage|p2a: Medicham|81\/100|[from] item: Life Orb\n|move|p1b: Bellibolt|Thunderbolt|p2a: Medicham\n|-damage|p2a: Medicham|0 fnt\n|faint|p2a: Medicham\n|-end|p1b: Bellibolt|Charge|[silent]\n|move|p1a: Slowking|Trick Room|p1a: Slowking\n|-fieldstart|move: Trick Room|[of] p1a: Slowking\n|\n|upkeep\n|turn|6\n|\n|t:|1683595437\n|move|p1b: Bellibolt|Thunderbolt|p2b: Tatsugiri\n|-damage|p2b: Tatsugiri|60\/100\n|move|p1a: Slowking|Surf|p2b: Tatsugiri|[spread] p1b,p2b\n|-resisted|p2b: Tatsugiri\n|-damage|p1b: Bellibolt|67\/100\n|-damage|p2b: Tatsugiri|53\/100\n|-start|p1b: Bellibolt|Charge|Surf|[from] ability: Electromorphosis\n|move|p2b: Tatsugiri|Muddy Water|p1b: Bellibolt|[spread] p1a,p1b\n|-resisted|p1a: Slowking\n|-damage|p1a: Slowking|44\/100\n|-damage|p1b: Bellibolt|32\/100\n|-unboost|p1a: Slowking|accuracy|1\n|-start|p1b: Bellibolt|Charge|Muddy Water|[from] ability: Electromorphosis\n|-enditem|p1b: Bellibolt|Sitrus Berry|[eat]\n|-heal|p1b: Bellibolt|57\/100|[from] item: Sitrus Berry\n|\n|-sideend|p1: Shanipika|move: Tailwind\n|upkeep\n|turn|7\n|\n|t:|1683595455\n|move|p1b: Bellibolt|Thunderbolt|p2b: Tatsugiri\n|-damage|p2b: Tatsugiri|0 fnt\n|faint|p2b: Tatsugiri\n|-end|p1b: Bellibolt|Charge|[silent]\n|\n|win|Shanipika\n|c|\u2606Shanipika|ggs\n|c|\u2606hynax7|gg\n|l|\u2606hynax7\n|l| ArianaQ\n|j| ArianaQ\n|l| ArianaQ\n|j| Manofwoof1\n|l| Manofwoof1\n|j| Manofwoof1\n","uploadtime":1683596394,"views":6,"p1id":"shanipika","p2id":"hynax7","formatid":"gen9vgc2023regulationc","rating":0,"private":0,"password":""}