{"id":"gen9vgc2023regulationc-1847686404","p1":"lonoVGC","p2":"ts02942461","format":"[Gen 9] VGC 2023 Regulation C","log":"|j|\u2606lonoVGC\n|j|\u2606ts02942461\n|t:|1681992364\n|gametype|doubles\n|player|p1|lonoVGC|dawn-gen4pt|1278\n|player|p2|ts02942461|266|1240\n|teamsize|p1|6\n|teamsize|p2|6\n|gen|9\n|tier|[Gen 9] VGC 2023 Regulation C\n|rated|\n|rule|Species Clause: Limit one of each Pok\u00e9mon\n|rule|Item Clause: Limit one of each item\n|clearpoke\n|poke|p1|Arcanine, L50, F|\n|poke|p1|Palafin, L50, F|\n|poke|p1|Baxcalibur, L50, F|\n|poke|p1|Flutter Mane, L50|\n|poke|p1|Amoonguss, L50, F|\n|poke|p1|Ting-Lu, L50|\n|poke|p2|Scizor, L50, M|\n|poke|p2|Gastrodon, L50, F|\n|poke|p2|Farigiraf, L50, M|\n|poke|p2|Corviknight, L50, M|\n|poke|p2|Flutter Mane, L50|\n|poke|p2|Florges, L50, F|\n|teampreview|4\n|inactive|Battle timer is ON: inactive players will automatically lose when time's up. (requested by ts02942461)\n|\n|t:|1681992441\n|start\n|switch|p1a: Amoonguss|Amoonguss, L50, F|100\/100\n|switch|p1b: Palafin|Palafin, L50, F|100\/100\n|switch|p2a: Flutter Mane|Flutter Mane, L50|100\/100\n|switch|p2b: Florges|Florges, L50, F|100\/100\n|-enditem|p2a: Flutter Mane|Booster Energy\n|-activate|p2b: Florges|ability: Symbiosis|Choice Specs|[of] p2a: Flutter Mane\n|-activate|p2a: Flutter Mane|ability: Protosynthesis|[fromitem]\n|-start|p2a: Flutter Mane|protosynthesisspe\n|turn|1\n|inactive|ts02942461 has 30 seconds left.\n|inactive|lonoVGC has 30 seconds left.\n|inactive|lonoVGC has 20 seconds left.\n|inactive|lonoVGC has 15 seconds left.\n|\n|t:|1681992500\n|detailschange|p1b: Palafin|Palafin-Hero, L50, F\n|switch|p1b: Arcanine|Arcanine, L50, F|100\/100\n|-ability|p1b: Arcanine|Intimidate|boost\n|-unboost|p2a: Flutter Mane|atk|1\n|-unboost|p2b: Florges|atk|1\n|-terastallize|p2a: Flutter Mane|Fairy\n|move|p2b: Florges|Helping Hand|p2a: Flutter Mane\n|-singleturn|p2a: Flutter Mane|Helping Hand|[of] p2b: Florges\n|move|p2a: Flutter Mane|Dazzling Gleam|p1a: Amoonguss|[spread] p1a,p1b\n|-resisted|p1a: Amoonguss\n|-resisted|p1b: Arcanine\n|-damage|p1a: Amoonguss|56\/100\n|-damage|p1b: Arcanine|51\/100\n|move|p1a: Amoonguss|Spore|p2b: Florges\n|-status|p2b: Florges|slp|[from] move: Spore\n|\n|upkeep\n|turn|2\n|inactive|ts02942461 has 30 seconds left.\n|inactive|lonoVGC has 30 seconds left.\n|inactive|ts02942461 has 20 seconds left.\n|inactive|ts02942461 has 15 seconds left.\n|\n|t:|1681992540\n|switch|p2b: Scizor|Scizor, L50, M|100\/100\n|move|p1b: Arcanine|Protect|p1b: Arcanine\n|-singleturn|p1b: Arcanine|Protect\n|move|p2a: Flutter Mane|Dazzling Gleam|p1a: Amoonguss|[spread] p1a\n|-activate|p1b: Arcanine|move: Protect\n|-resisted|p1a: Amoonguss\n|-damage|p1a: Amoonguss|25\/100\n|-enditem|p1a: Amoonguss|Sitrus Berry|[eat]\n|-heal|p1a: Amoonguss|50\/100|[from] item: Sitrus Berry\n|move|p1a: Amoonguss|Spore|p2a: Flutter Mane\n|-status|p2a: Flutter Mane|slp|[from] move: Spore\n|\n|upkeep\n|turn|3\n|\n|t:|1681992562\n|move|p2b: Scizor|Protect|p2b: Scizor\n|-singleturn|p2b: Scizor|Protect\n|cant|p2a: Flutter Mane|slp\n|move|p1b: Arcanine|Flare Blitz|p2b: Scizor\n|-activate|p2b: Scizor|move: Protect\n|move|p1a: Amoonguss|Pollen Puff|p1b: Arcanine\n|-heal|p1b: Arcanine|100\/100\n|\n|upkeep\n|turn|4\n|\n|t:|1681992577\n|-end|p2a: Flutter Mane|Protosynthesis|[silent]\n|switch|p2a: Gastrodon|Gastrodon, L50, F|100\/100\n|switch|p2b: Florges|Florges, L50, F|100\/100 slp\n|switch|p1a: Palafin|Palafin-Hero, L50, F|100\/100\n|-activate|p1a: Palafin|ability: Zero to Hero\n|move|p1b: Arcanine|Will-O-Wisp||[still]\n|-fail|p1b: Arcanine\n|\n|upkeep\n|turn|5\n|inactive|lonoVGC has 30 seconds left.\n|inactive|lonoVGC has 20 seconds left.\n|\n|t:|1681992617\n|switch|p1b: Amoonguss|Amoonguss, L50, F|83\/100\n|switch|p1a: Ting-Lu|Ting-Lu, L50|100\/100\n|-ability|p1a: Ting-Lu|Vessel of Ruin\n|cant|p2b: Florges|slp\n|move|p2a: Gastrodon|Earth Power|p1b: Amoonguss\n|-damage|p1b: Amoonguss|60\/100\n|\n|upkeep\n|turn|6\n|\n|t:|1681992632\n|switch|p2a: Scizor|Scizor, L50, M|100\/100\n|-curestatus|p2b: Florges|slp|[msg]\n|move|p2b: Florges|Dazzling Gleam|p1a: Ting-Lu|[spread] p1a,p1b\n|-supereffective|p1a: Ting-Lu\n|-resisted|p1b: Amoonguss\n|-damage|p1a: Ting-Lu|80\/100\n|-damage|p1b: Amoonguss|50\/100\n|move|p1a: Ting-Lu|Fissure|p2a: Scizor|[miss]\n|-miss|p1a: Ting-Lu|p2a: Scizor\n|move|p1b: Amoonguss|Spore|p2a: Scizor\n|-activate|p2a: Scizor|item: Safety Goggles|Spore\n|\n|upkeep\n|turn|7\n|inactive|ts02942461 has 30 seconds left.\n|\n|t:|1681992658\n|switch|p1b: Arcanine|Arcanine, L50, F|100\/100\n|-ability|p1b: Arcanine|Intimidate|boost\n|-unboost|p2a: Scizor|atk|1\n|-unboost|p2b: Florges|atk|1\n|move|p2b: Florges|Helping Hand|p2a: Scizor\n|-singleturn|p2a: Scizor|Helping Hand|[of] p2b: Florges\n|move|p2a: Scizor|Pounce|p1a: Ting-Lu\n|-supereffective|p1a: Ting-Lu\n|-damage|p1a: Ting-Lu|28\/100\n|-unboost|p1a: Ting-Lu|spe|1\n|move|p1a: Ting-Lu|Heavy Slam|p2b: Florges\n|-supereffective|p2b: Florges\n|-damage|p2b: Florges|0 fnt\n|faint|p2b: Florges\n|\n|upkeep\n|\n|t:|1681992673\n|switch|p2b: Flutter Mane|Flutter Mane, L50, tera:Fairy|100\/100 slp\n|turn|8\n|\n|t:|1681992695\n|move|p2a: Scizor|Protect|p2a: Scizor\n|-singleturn|p2a: Scizor|Protect\n|-curestatus|p2b: Flutter Mane|slp|[msg]\n|move|p2b: Flutter Mane|Dazzling Gleam|p1a: Ting-Lu|[spread] p1a,p1b\n|-supereffective|p1a: Ting-Lu\n|-resisted|p1b: Arcanine\n|-damage|p1a: Ting-Lu|0 fnt\n|-damage|p1b: Arcanine|76\/100\n|faint|p1a: Ting-Lu\n|move|p1b: Arcanine|Flare Blitz|p2a: Scizor\n|-activate|p2a: Scizor|move: Protect\n|\n|upkeep\n|\n|t:|1681992705\n|switch|p1a: Palafin|Palafin-Hero, L50, F|100\/100\n|turn|9\n|\n|t:|1681992710\n|switch|p2a: Gastrodon|Gastrodon, L50, F|100\/100\n|-terastallize|p1a: Palafin|Water\n|move|p1a: Palafin|Jet Punch|p2a: Gastrodon\n|-activate|p2a: Gastrodon|ability: Storm Drain\n|-ability|p2a: Gastrodon|Storm Drain|boost\n|-boost|p2a: Gastrodon|spa|1\n|move|p2b: Flutter Mane|Dazzling Gleam|p1a: Palafin|[spread] p1a,p1b\n|-resisted|p1b: Arcanine\n|-damage|p1a: Palafin|43\/100\n|-damage|p1b: Arcanine|41\/100\n|move|p1b: Arcanine|Flare Blitz|p2a: Gastrodon\n|-resisted|p2a: Gastrodon\n|-damage|p2a: Gastrodon|80\/100\n|-damage|p1b: Arcanine|33\/100|[from] Recoil\n|\n|upkeep\n|turn|10\n|\n|t:|1681992731\n|switch|p1a: Amoonguss|Amoonguss, L50, F|83\/100\n|move|p1b: Arcanine|Protect|p1b: Arcanine\n|-singleturn|p1b: Arcanine|Protect\n|move|p2b: Flutter Mane|Dazzling Gleam|p1a: Amoonguss|[spread] p1a\n|-activate|p1b: Arcanine|move: Protect\n|-resisted|p1a: Amoonguss\n|-damage|p1a: Amoonguss|55\/100\n|move|p2a: Gastrodon|Earth Power|p1a: Amoonguss\n|-damage|p1a: Amoonguss|18\/100\n|\n|upkeep\n|turn|11\n|\n|t:|1681992753\n|move|p1b: Arcanine|Extreme Speed|p2b: Flutter Mane\n|-damage|p2b: Flutter Mane|41\/100\n|move|p1a: Amoonguss|Rage Powder|p1a: Amoonguss\n|-singleturn|p1a: Amoonguss|move: Rage Powder\n|move|p2b: Flutter Mane|Dazzling Gleam|p1a: Amoonguss|[spread] p1a,p1b\n|-resisted|p1a: Amoonguss\n|-resisted|p1b: Arcanine\n|-damage|p1a: Amoonguss|0 fnt\n|-damage|p1b: Arcanine|0 fnt\n|faint|p1a: Amoonguss\n|faint|p1b: Arcanine\n|move|p2a: Gastrodon|Earth Power|p1: Amoonguss|[notarget]\n|-fail|p2a: Gastrodon\n|\n|upkeep\n|\n|t:|1681992762\n|switch|p1b: Palafin|Palafin-Hero, L50, F, tera:Water|43\/100\n|turn|12\n|\n|t:|1681992769\n|move|p1b: Palafin|Jet Punch|p2a: Gastrodon\n|-activate|p2a: Gastrodon|ability: Storm Drain\n|-ability|p2a: Gastrodon|Storm Drain|boost\n|-boost|p2a: Gastrodon|spa|1\n|move|p2b: Flutter Mane|Dazzling Gleam|p1b: Palafin\n|-damage|p1b: Palafin|0 fnt\n|faint|p1b: Palafin\n|\n|win|ts02942461\n|raw|lonoVGC's rating: 1278 → 1250<\/strong> (-28 for losing)\n|raw|ts02942461's rating: 1240 → 1268<\/strong> (+28 for winning)\n|l|\u2606lonoVGC\n|l|\u2606ts02942461\n|j|\u2606ts02942461\n|player|p2|ts02942461|266\n","uploadtime":1681993196,"views":13,"p1id":"lonovgc","p2id":"ts02942461","formatid":"gen9vgc2023regulationc","rating":1250,"private":0,"password":""}