{"id":"gen9vgc2023regulationc-1859857151","p1":"PurpleStyle","p2":"Heaven64","format":"[Gen 9] VGC 2023 Regulation C","log":"|j|\u2606PurpleStyle\n|j|\u2606Heaven64\n|t:|1683570308\n|gametype|doubles\n|player|p1|PurpleStyle|pokefan|\n|player|p2|Heaven64|leaf-masters|\n|teamsize|p1|6\n|teamsize|p2|6\n|gen|9\n|tier|[Gen 9] VGC 2023 Regulation C\n|rule|Species Clause: Limit one of each Pok\u00e9mon\n|rule|Item Clause: Limit one of each item\n|clearpoke\n|poke|p1|Hydreigon, L50, F|\n|poke|p1|Tauros-Paldea-Combat, L50, M|\n|poke|p1|Flutter Mane, L50|\n|poke|p1|Indeedee, L50, M|\n|poke|p1|Drifblim, L50, F|\n|poke|p1|Azumarill, L50, M|\n|poke|p2|Ting-Lu, L50|\n|poke|p2|Palafin, L50, M|\n|poke|p2|Corviknight, L50, F|\n|poke|p2|Hatterene, L50, F|\n|poke|p2|Toedscool, L50, M|\n|poke|p2|Dragalge, L50, F|\n|teampreview|4\nPurpleStyle rejected open team sheets.\n|c|\u2606PurpleStyle|glhf\n|\n|t:|1683571171\n|start\n|switch|p1a: Drifblim|Drifblim, L50, F|100\/100\n|switch|p1b: Indeedee|Indeedee, L50, M|100\/100\n|switch|p2a: Grand Doomer|Dragalge, L50, F, shiny|100\/100\n|switch|p2b: Cappi|Toedscool, L50, M|100\/100\n|-fieldstart|move: Psychic Terrain|[from] ability: Psychic Surge|[of] p1b: Indeedee\n|-enditem|p1a: Drifblim|Psychic Seed\n|-boost|p1a: Drifblim|spd|1|[from] item: Psychic Seed\n|turn|1\n|\n|t:|1683571194\n|move|p2b: Cappi|Rage Powder|p2b: Cappi\n|-singleturn|p2b: Cappi|move: Rage Powder\n|move|p1a: Drifblim|Acrobatics|p2b: Cappi\n|-supereffective|p2b: Cappi\n|-damage|p2b: Cappi|11\/100\n|move|p1b: Indeedee|Psyshock|p2b: Cappi\n|-damage|p2b: Cappi|0 fnt\n|faint|p2b: Cappi\n|move|p2a: Grand Doomer|Gunk Shot|p1b: Indeedee|[miss]\n|-miss|p2a: Grand Doomer|p1b: Indeedee\n|\n|upkeep\n|c|\u2606Heaven64|GG\n|c|\u2606Heaven64|lol\n|c|\u2606PurpleStyle|LOL\n|\n|t:|1683571213\n|switch|p2b: Dyna Blade|Corviknight, L50, F, shiny|100\/100\n|turn|2\n|\n|t:|1683571224\n|-terastallize|p2a: Grand Doomer|Fairy\n|move|p1a: Drifblim|Will-O-Wisp|p2b: Dyna Blade\n|-status|p2b: Dyna Blade|brn\n|move|p1b: Indeedee|Psyshock|p2a: Grand Doomer\n|-damage|p2a: Grand Doomer|46\/100\n|move|p2b: Dyna Blade|Bulk Up|p2b: Dyna Blade\n|-boost|p2b: Dyna Blade|atk|1\n|-boost|p2b: Dyna Blade|def|1\n|move|p2a: Grand Doomer|Gunk Shot|p1b: Indeedee|[miss]\n|-miss|p2a: Grand Doomer|p1b: Indeedee\n|\n|-damage|p2b: Dyna Blade|95\/100 brn|[from] brn\n|upkeep\n|turn|3\n|c|\u2606Heaven64|GG x2\n|c|\u2606PurpleStyle|oh no\n|\n|t:|1683571254\n|move|p1a: Drifblim|Acrobatics|p2a: Grand Doomer\n|-damage|p2a: Grand Doomer|0 fnt\n|faint|p2a: Grand Doomer\n|move|p1b: Indeedee|Encore|p2b: Dyna Blade\n|-start|p2b: Dyna Blade|Encore\n|move|p2b: Dyna Blade|Bulk Up|p2b: Dyna Blade\n|-boost|p2b: Dyna Blade|atk|1\n|-boost|p2b: Dyna Blade|def|1\n|\n|-damage|p2b: Dyna Blade|89\/100 brn|[from] brn\n|upkeep\n|c|\u2606Heaven64|it's not his day\n|\n|t:|1683571263\n|switch|p2a: Dark Mind|Ting-Lu, L50|100\/100\n|-ability|p2a: Dark Mind|Vessel of Ruin\n|turn|4\n|\n|t:|1683571272\n|move|p1a: Drifblim|Will-O-Wisp|p2a: Dark Mind\n|-status|p2a: Dark Mind|brn\n|move|p1b: Indeedee|Hyper Voice|p2b: Dyna Blade|[spread] p2a,p2b\n|-resisted|p2b: Dyna Blade\n|-damage|p2a: Dark Mind|87\/100 brn\n|-damage|p2b: Dyna Blade|77\/100 brn\n|-enditem|p1b: Indeedee|Throat Spray\n|-boost|p1b: Indeedee|spa|1|[from] item: Throat Spray\n|move|p2b: Dyna Blade|Bulk Up|p2b: Dyna Blade\n|-boost|p2b: Dyna Blade|atk|1\n|-boost|p2b: Dyna Blade|def|1\n|move|p2a: Dark Mind|Body Press|p1b: Indeedee\n|-damage|p1b: Indeedee|79\/100\n|\n|-damage|p2b: Dyna Blade|71\/100 brn|[from] brn\n|-damage|p2a: Dark Mind|81\/100 brn|[from] brn\n|upkeep\n|turn|5\n|\n|t:|1683571284\n|move|p1a: Drifblim|Acrobatics|p2a: Dark Mind\n|-damage|p2a: Dark Mind|53\/100 brn\n|move|p1b: Indeedee|Hyper Voice|p2b: Dyna Blade|[spread] p2a,p2b\n|-resisted|p2b: Dyna Blade\n|-damage|p2a: Dark Mind|30\/100 brn\n|-damage|p2b: Dyna Blade|54\/100 brn\n|move|p2b: Dyna Blade|Bulk Up|p2b: Dyna Blade\n|-boost|p2b: Dyna Blade|atk|1\n|-boost|p2b: Dyna Blade|def|1\n|move|p2a: Dark Mind|Whirlwind|p1b: Indeedee\n|drag|p1b: Flutter Mane|Flutter Mane, L50|100\/100\n|-enditem|p1b: Flutter Mane|Booster Energy\n|-activate|p1b: Flutter Mane|ability: Protosynthesis|[fromitem]\n|-start|p1b: Flutter Mane|protosynthesisspa\n|\n|-damage|p2b: Dyna Blade|48\/100 brn|[from] brn\n|-damage|p2a: Dark Mind|24\/100 brn|[from] brn\n|-end|p2b: Dyna Blade|Encore\n|-fieldend|move: Psychic Terrain\n|upkeep\n|-enditem|p2b: Dyna Blade|Sitrus Berry|[eat]\n|-heal|p2b: Dyna Blade|73\/100 brn|[from] item: Sitrus Berry\n|-enditem|p2a: Dark Mind|Aguav Berry|[eat]\n|-heal|p2a: Dark Mind|57\/100 brn|[from] item: Aguav Berry\n|turn|6\n|\n|t:|1683571352\n|-terastallize|p1b: Flutter Mane|Grass\n|move|p1a: Drifblim|Acrobatics|p2a: Dark Mind\n|-damage|p2a: Dark Mind|33\/100 brn\n|move|p1b: Flutter Mane|Energy Ball|p2a: Dark Mind\n|-supereffective|p2a: Dark Mind\n|-damage|p2a: Dark Mind|0 fnt\n|faint|p2a: Dark Mind\n|move|p2b: Dyna Blade|Brave Bird|p1b: Flutter Mane\n|-supereffective|p1b: Flutter Mane\n|-damage|p1b: Flutter Mane|0 fnt\n|faint|p1b: Flutter Mane\n|-end|p1b: Flutter Mane|Protosynthesis|[silent]\n|-damage|p2b: Dyna Blade|52\/100 brn|[from] Recoil\n|\n|-damage|p2b: Dyna Blade|46\/100 brn|[from] brn\n|upkeep\n|\n|t:|1683571366\n|switch|p1b: Azumarill|Azumarill, L50, M|100\/100\n|turn|7\n|\n|t:|1683571382\n|move|p1b: Azumarill|Protect|p1b: Azumarill\n|-singleturn|p1b: Azumarill|Protect\n|move|p1a: Drifblim|Tailwind|p1a: Drifblim\n|-sidestart|p1: PurpleStyle|move: Tailwind\n|move|p2b: Dyna Blade|Roost|p2b: Dyna Blade\n|-heal|p2b: Dyna Blade|96\/100 brn\n|-singleturn|p2b: Dyna Blade|move: Roost\n|\n|-damage|p2b: Dyna Blade|90\/100 brn|[from] brn\n|upkeep\n|turn|8\n|\n|t:|1683571396\n|move|p1a: Drifblim|Acrobatics|p2b: Dyna Blade\n|-resisted|p2b: Dyna Blade\n|-damage|p2b: Dyna Blade|84\/100 brn\n|move|p1b: Azumarill|Belly Drum|p1b: Azumarill\n|-damage|p1b: Azumarill|50\/100\n|-setboost|p1b: Azumarill|atk|6|[from] move: Belly Drum\n|-enditem|p1b: Azumarill|Sitrus Berry|[eat]\n|-heal|p1b: Azumarill|75\/100|[from] item: Sitrus Berry\n|move|p2b: Dyna Blade|Brave Bird|p1b: Azumarill\n|-damage|p1b: Azumarill|0 fnt\n|faint|p1b: Azumarill\n|-damage|p2b: Dyna Blade|59\/100 brn|[from] Recoil\n|\n|-damage|p2b: Dyna Blade|53\/100 brn|[from] brn\n|upkeep\n|\n|t:|1683571399\n|switch|p1b: Indeedee|Indeedee, L50, M|79\/100\n|-fieldstart|move: Psychic Terrain|[from] ability: Psychic Surge|[of] p1b: Indeedee\n|turn|9\n|\n|t:|1683571421\n|move|p1b: Indeedee|Protect|p1b: Indeedee\n|-singleturn|p1b: Indeedee|Protect\n|move|p1a: Drifblim|Acrobatics|p2b: Dyna Blade\n|-resisted|p2b: Dyna Blade\n|-damage|p2b: Dyna Blade|46\/100 brn\n|move|p2b: Dyna Blade|Brave Bird|p1b: Indeedee\n|-activate|p1b: Indeedee|move: Protect\n|\n|-damage|p2b: Dyna Blade|40\/100 brn|[from] brn\n|upkeep\n|turn|10\n|\n|t:|1683571427\n|move|p1a: Drifblim|Acrobatics|p2b: Dyna Blade\n|-resisted|p2b: Dyna Blade\n|-damage|p2b: Dyna Blade|35\/100 brn\n|move|p1b: Indeedee|Hyper Voice|p2b: Dyna Blade\n|-resisted|p2b: Dyna Blade\n|-damage|p2b: Dyna Blade|14\/100 brn\n|move|p2b: Dyna Blade|Brave Bird|p1b: Indeedee\n|-crit|p1b: Indeedee\n|-damage|p1b: Indeedee|0 fnt\n|faint|p1b: Indeedee\n|-damage|p2b: Dyna Blade|0 fnt|[from] Recoil\n|faint|p2b: Dyna Blade\n|\n|win|PurpleStyle\n|c|\u2606Heaven64|gg\n|c|\u2606PurpleStyle|gg\n","uploadtime":1683571471,"views":8,"p1id":"purplestyle","p2id":"heaven64","formatid":"gen9vgc2023regulationc","rating":0,"private":0,"password":""}