{"id":"gen9vgc2023regulationc-1846132268","p1":"PolexPower","p2":"Pikareem","format":"[Gen 9] VGC 2023 Regulation C","log":"|j|\u2606PolexPower\n|j|\u2606Pikareem\n|t:|1681811348\n|gametype|doubles\n|player|p1|PolexPower|170|1169\n|player|p2|Pikareem|steven|1216\n|teamsize|p1|6\n|teamsize|p2|6\n|gen|9\n|tier|[Gen 9] VGC 2023 Regulation C\n|rated|\n|rule|Species Clause: Limit one of each Pok\u00e9mon\n|rule|Item Clause: Limit one of each item\n|clearpoke\n|poke|p1|Chi-Yu, L50|\n|poke|p1|Dachsbun, L50, M|\n|poke|p1|Scizor, L50, M|\n|poke|p1|Pawmot, L50, M|\n|poke|p1|Palafin, L50, M|\n|poke|p1|Dragonite, L50, M|\n|poke|p2|Squawkabilly, L50, M|\n|poke|p2|Sandy Shocks, L50|\n|poke|p2|Amoonguss, L50, M|\n|poke|p2|Gholdengo, L50|\n|poke|p2|Espathra, L50, F|\n|poke|p2|Ting-Lu, L50|\n|teampreview|4\n|\n|t:|1681811388\n|start\n|switch|p1a: Palafin|Palafin, L50, M, shiny|100\/100\n|switch|p1b: Chi-Yu|Chi-Yu, L50|100\/100\n|switch|p2a: Sandy Shocks|Sandy Shocks, L50, shiny|100\/100\n|switch|p2b: Espathra|Espathra, L50, F|100\/100\n|-ability|p1b: Chi-Yu|Beads of Ruin\n|turn|1\n|\n|t:|1681811412\n|move|p1b: Chi-Yu|Protect|p1b: Chi-Yu\n|-singleturn|p1b: Chi-Yu|Protect\n|move|p2b: Espathra|Protect|p2b: Espathra\n|-singleturn|p2b: Espathra|Protect\n|move|p2a: Sandy Shocks|Gravity|p2a: Sandy Shocks\n|-fieldstart|move: Gravity\n|move|p1a: Palafin|Flip Turn|p2b: Espathra\n|-activate|p2b: Espathra|move: Protect\n|\n|-ability|p2b: Espathra|Speed Boost|boost\n|-boost|p2b: Espathra|spe|1\n|upkeep\n|turn|2\n|\n|t:|1681811442\n|move|p2b: Espathra|Shadow Ball|p1b: Chi-Yu\n|-resisted|p1b: Chi-Yu\n|-damage|p1b: Chi-Yu|87\/100\n|move|p2a: Sandy Shocks|Zap Cannon|p1a: Palafin\n|-supereffective|p1a: Palafin\n|-damage|p1a: Palafin|0 fnt\n|faint|p1a: Palafin\n|move|p1b: Chi-Yu|Nasty Plot|p1b: Chi-Yu\n|-boost|p1b: Chi-Yu|spa|2\n|\n|-ability|p2b: Espathra|Speed Boost|boost\n|-boost|p2b: Espathra|spe|1\n|upkeep\n|\n|t:|1681811459\n|switch|p1a: Dachsbun|Dachsbun, L50, M, shiny|100\/100\n|turn|3\n|\n|t:|1681811471\n|-terastallize|p2a: Sandy Shocks|Electric\n|move|p2b: Espathra|Hypnosis|p1a: Dachsbun\n|-status|p1a: Dachsbun|slp|[from] move: Hypnosis\n|move|p2a: Sandy Shocks|Zap Cannon|p1b: Chi-Yu\n|-damage|p1b: Chi-Yu|0 fnt\n|faint|p1b: Chi-Yu\n|cant|p1a: Dachsbun|slp\n|\n|-ability|p2b: Espathra|Speed Boost|boost\n|-boost|p2b: Espathra|spe|1\n|upkeep\n|\n|t:|1681811486\n|switch|p1b: Scizor|Scizor, L50, M, shiny|100\/100\n|turn|4\n|\n|t:|1681811504\n|move|p1b: Scizor|Bullet Punch|p2b: Espathra\n|-damage|p2b: Espathra|36\/100\n|move|p2b: Espathra|Hypnosis|p1b: Scizor\n|-status|p1b: Scizor|slp|[from] move: Hypnosis\n|move|p2a: Sandy Shocks|Zap Cannon|p1a: Dachsbun\n|-damage|p1a: Dachsbun|0 fnt\n|faint|p1a: Dachsbun\n|\n|-ability|p2b: Espathra|Speed Boost|boost\n|-boost|p2b: Espathra|spe|1\n|upkeep\n|turn|5\n|\n|t:|1681811517\n|cant|p1b: Scizor|slp\n|move|p2b: Espathra|Lumina Crash|p1b: Scizor\n|-resisted|p1b: Scizor\n|-damage|p1b: Scizor|77\/100 slp\n|-unboost|p1b: Scizor|spd|2\n|move|p2a: Sandy Shocks|Zap Cannon|p1b: Scizor|[miss]\n|-miss|p2a: Sandy Shocks|p1b: Scizor\n|\n|-fieldend|move: Gravity\n|-ability|p2b: Espathra|Speed Boost|boost\n|-boost|p2b: Espathra|spe|1\n|upkeep\n|turn|6\n|\n|t:|1681811535\n|cant|p1b: Scizor|slp\n|move|p2b: Espathra|Shadow Ball|p1b: Scizor\n|-damage|p1b: Scizor|12\/100 slp\n|move|p2a: Sandy Shocks|Volt Switch|p1b: Scizor\n|-damage|p1b: Scizor|0 fnt\n|faint|p1b: Scizor\n|\n|win|Pikareem\n|raw|PolexPower's rating: 1169 → 1147<\/strong> (-22 for losing)\n|raw|Pikareem's rating: 1216 → 1238<\/strong> (+22 for winning)\n|c|\u2606PolexPower|gg\n|l|\u2606PolexPower\n|c|\u2606Pikareem|gg\n","uploadtime":1681811549,"views":14,"p1id":"polexpower","p2id":"pikareem","formatid":"gen9vgc2023regulationc","rating":1147,"private":0,"password":""}