{"id":"gen9vgc2023regulationc-1847499399","p1":"Ultra35","p2":"mattyguy","format":"[Gen 9] VGC 2023 Regulation C","log":"|j|\u2606Ultra35\n|j|\u2606mattyguy\n|t:|1681963076\n|gametype|doubles\n|player|p1|Ultra35|266|1145\n|player|p2|mattyguy|169|1067\n|teamsize|p1|6\n|teamsize|p2|6\n|gen|9\n|tier|[Gen 9] VGC 2023 Regulation C\n|rated|\n|rule|Species Clause: Limit one of each Pok\u00e9mon\n|rule|Item Clause: Limit one of each item\n|clearpoke\n|poke|p1|Torkoal, L50, F|\n|poke|p1|Scovillain, L50, M|\n|poke|p1|Flutter Mane, L50|\n|poke|p1|Roaring Moon, L50|\n|poke|p1|Chien-Pao, L50|\n|poke|p1|Heracross, L50, F|\n|poke|p2|Talonflame, L50, M|\n|poke|p2|Great Tusk, L50|\n|poke|p2|Flutter Mane, L50|\n|poke|p2|Amoonguss, L50, M|\n|poke|p2|Gyarados, L50, M|\n|poke|p2|Chi-Yu, L50|\n|teampreview|4\nmattyguy has agreed to open team sheets.\nUltra35 has agreed to open team sheets.\n|inactive|Battle timer is ON: inactive players will automatically lose when time's up. (requested by mattyguy)\n|\n|t:|1681963121\n|start\n|switch|p1a: Heracross|Heracross, L50, F, shiny|100\/100\n|switch|p1b: Roaring Moon|Roaring Moon, L50|100\/100\n|switch|p2a: Talonflame|Talonflame, L50, M|100\/100\n|switch|p2b: Great Tusk|Great Tusk, L50|100\/100\n|turn|1\n|inactive|mattyguy has 30 seconds left.\n|\n|t:|1681963147\n|move|p2b: Great Tusk|Close Combat|p1b: Roaring Moon\n|-supereffective|p1b: Roaring Moon\n|-damage|p1b: Roaring Moon|0 fnt\n|-unboost|p2b: Great Tusk|def|1\n|-unboost|p2b: Great Tusk|spd|1\n|faint|p1b: Roaring Moon\n|-end|p1b: Roaring Moon|Protosynthesis|[silent]\n|move|p2a: Talonflame|Will-O-Wisp|p1a: Heracross|[miss]\n|-miss|p2a: Talonflame|p1a: Heracross\n|move|p1a: Heracross|Rock Blast|p2a: Talonflame|[miss]\n|-miss|p1a: Heracross|p2a: Talonflame\n|\n|upkeep\n|\n|t:|1681963156\n|switch|p1b: Chien-Pao|Chien-Pao, L50|100\/100\n|-ability|p1b: Chien-Pao|Sword of Ruin\n|turn|2\n|inactive|mattyguy has 30 seconds left.\n|inactive|mattyguy has 20 seconds left.\n|inactive|mattyguy has 15 seconds left.\n|inactive|mattyguy has 10 seconds left.\n|\n|t:|1681963201\n|-terastallize|p1a: Heracross|Rock\n|move|p2b: Great Tusk|Close Combat|p1b: Chien-Pao\n|-supereffective|p1b: Chien-Pao\n|-enditem|p1b: Chien-Pao|Focus Sash\n|-damage|p1b: Chien-Pao|1\/100\n|-unboost|p2b: Great Tusk|def|1\n|-unboost|p2b: Great Tusk|spd|1\n|move|p1b: Chien-Pao|Ice Spinner|p2b: Great Tusk\n|-supereffective|p2b: Great Tusk\n|-damage|p2b: Great Tusk|0 fnt\n|faint|p2b: Great Tusk\n|-end|p2b: Great Tusk|Protosynthesis|[silent]\n|move|p2a: Talonflame|Brave Bird|p1a: Heracross\n|-resisted|p1a: Heracross\n|-damage|p1a: Heracross|75\/100\n|-damage|p2a: Talonflame|92\/100|[from] Recoil\n|move|p1a: Heracross|Rock Blast|p2a: Talonflame|[miss]\n|-miss|p1a: Heracross|p2a: Talonflame\n|\n|upkeep\n|c|\u2606Ultra35|10% chance babeeey\n|inactive|mattyguy has 30 seconds left.\n|c|\u2606Ultra35|10% chance to play more pokemon\n|\n|t:|1681963234\n|switch|p2b: Flutter Mane|Flutter Mane, L50|100\/100\n|turn|3\n|\n|t:|1681963252\n|move|p1b: Chien-Pao|Sucker Punch|p2b: Flutter Mane\n|-damage|p2b: Flutter Mane|37\/100\n|move|p2a: Talonflame|Tailwind|p2a: Talonflame\n|-sidestart|p2: mattyguy|move: Tailwind\n|move|p2b: Flutter Mane|Dazzling Gleam|p1b: Chien-Pao|[spread] p1a,p1b\n|-supereffective|p1b: Chien-Pao\n|-damage|p1a: Heracross|31\/100\n|-damage|p1b: Chien-Pao|0 fnt\n|faint|p1b: Chien-Pao\n|move|p1a: Heracross|Rock Blast|p2b: Flutter Mane|[miss]\n|-miss|p1a: Heracross|p2b: Flutter Mane\n|\n|upkeep\n|\n|t:|1681963256\n|switch|p1b: Flutter Mane|Flutter Mane, L50|100\/100\n|turn|4\n|c|\u2606Ultra35|. . . . . . . . . .\n|inactive|mattyguy has 30 seconds left.\n|inactive|mattyguy has 20 seconds left.\n|inactive|Ultra35 has 30 seconds left.\n|inactive|mattyguy has 15 seconds left.\n|\n|t:|1681963300\n|move|p1a: Heracross|Protect|p1a: Heracross\n|-singleturn|p1a: Heracross|Protect\n|move|p2a: Talonflame|Brave Bird|p1b: Flutter Mane\n|-damage|p1b: Flutter Mane|44\/100\n|-damage|p2a: Talonflame|78\/100|[from] Recoil\n|move|p2b: Flutter Mane|Dazzling Gleam|p1b: Flutter Mane|[spread] p1b\n|-activate|p1a: Heracross|move: Protect\n|-damage|p1b: Flutter Mane|2\/100\n|move|p1b: Flutter Mane|Shadow Ball|p2a: Talonflame\n|-crit|p2a: Talonflame\n|-damage|p2a: Talonflame|0 fnt\n|faint|p2a: Talonflame\n|\n|upkeep\n|\n|t:|1681963312\n|switch|p2a: Chi-Yu|Chi-Yu, L50|100\/100\n|-ability|p2a: Chi-Yu|Beads of Ruin\n|turn|5\n|-message|Ultra35 forfeited.\n|\n|win|mattyguy\n|raw|Ultra35's rating: 1145 → 1114<\/strong> (-31 for losing)\n|raw|mattyguy's rating: 1067 → 1104<\/strong> (+37 for winning)\n","uploadtime":1681963318,"views":4,"p1id":"ultra35","p2id":"mattyguy","formatid":"gen9vgc2023regulationc","rating":1104,"private":0,"password":""}