{"id":"gen9vgc2023regulationc-1858003300","p1":"SavannahPandaVGC","p2":"thisairtastegreat","format":"[Gen 9] VGC 2023 Regulation C","log":"|j|\u2606SavannahPandaVGC\n|j|\u203dthisairtastegreat\n|t:|1683258642\n|gametype|doubles\n|player|p1|SavannahPandaVGC|2|1306\n|player|p2|thisairtastegreat|cyclistf|1201\n|teamsize|p1|6\n|teamsize|p2|6\n|gen|9\n|tier|[Gen 9] VGC 2023 Regulation C\n|rated|\n|rule|Species Clause: Limit one of each Pok\u00e9mon\n|rule|Item Clause: Limit one of each item\n|clearpoke\n|poke|p1|Flutter Mane, L50|\n|poke|p1|Iron Hands, L50|\n|poke|p1|Corviknight, L50, M|\n|poke|p1|Gyarados, L50, F|\n|poke|p1|Chi-Yu, L50|\n|poke|p1|Amoonguss, L50, M|\n|poke|p2|Great Tusk, L50|\n|poke|p2|Talonflame, L50, F|\n|poke|p2|Chi-Yu, L50|\n|poke|p2|Brambleghast, L50, M|\n|poke|p2|Annihilape, L50, F|\n|poke|p2|Scizor, L50, F|\n|teampreview|4\nSavannahPandaVGC has agreed to open team sheets.\n|inactive|Battle timer is ON: inactive players will automatically lose when time's up. (requested by SavannahPandaVGC)\n|inactive|SavannahPandaVGC has 60 seconds left.\n|inactive|SavannahPandaVGC has 30 seconds left.\n|inactive|SavannahPandaVGC has 20 seconds left.\n|inactive|SavannahPandaVGC has 15 seconds left.\n|inactive|SavannahPandaVGC has 10 seconds left.\n|\n|t:|1683258727\n|start\n|switch|p1a: Iron Hands|Iron Hands, L50|100\/100\n|switch|p1b: Flutter Mane|Flutter Mane, L50|100\/100\n|switch|p2a: Talonflame|Talonflame, L50, F|100\/100\n|switch|p2b: Annihilape|Annihilape, L50, F|100\/100\n|turn|1\n|inactive|SavannahPandaVGC has 30 seconds left.\n|inactive|SavannahPandaVGC has 20 seconds left.\n|inactive|SavannahPandaVGC has 15 seconds left.\n|inactive|SavannahPandaVGC has 10 seconds left.\n|inactive|SavannahPandaVGC has 5 seconds left.\n|\n|t:|1683258782\n|move|p2b: Annihilape|Protect|p2b: Annihilape\n|-singleturn|p2b: Annihilape|Protect\n|move|p2a: Talonflame|Tailwind|p2a: Talonflame\n|-sidestart|p2: thisairtastegreat|move: Tailwind\n|move|p1b: Flutter Mane|Shadow Ball|p2b: Annihilape\n|-activate|p2b: Annihilape|move: Protect\n|move|p1a: Iron Hands|Wild Charge|p2a: Talonflame\n|-supereffective|p2a: Talonflame\n|-crit|p2a: Talonflame\n|-damage|p2a: Talonflame|0 fnt\n|faint|p2a: Talonflame\n|-damage|p1a: Iron Hands|81\/100|[from] Recoil\n|\n|upkeep\n|\n|t:|1683258793\n|switch|p2a: Scizor|Scizor, L50, F|100\/100\n|turn|2\n|\n|t:|1683258813\n|-end|p1b: Flutter Mane|Protosynthesis|[silent]\n|switch|p1b: Amoonguss|Amoonguss, L50, M|100\/100\n|move|p2a: Scizor|Bullet Punch|p1b: Amoonguss\n|-damage|p1b: Amoonguss|65\/100\n|-damage|p2a: Scizor|91\/100|[from] item: Life Orb\n|move|p2b: Annihilape|Bulk Up|p2b: Annihilape\n|-boost|p2b: Annihilape|atk|1\n|-boost|p2b: Annihilape|def|1\n|move|p1a: Iron Hands|Volt Switch|p2a: Scizor\n|-damage|p2a: Scizor|76\/100\n|\n|t:|1683258824\n|-end|p1a: Iron Hands|Quark Drive|[silent]\n|switch|p1a: Flutter Mane|Flutter Mane, L50|100\/100|[from] Volt Switch\n|\n|upkeep\n|turn|3\n|\n|t:|1683258848\n|move|p2b: Annihilape|Protect|p2b: Annihilape\n|-singleturn|p2b: Annihilape|Protect\n|move|p1b: Amoonguss|Rage Powder|p1b: Amoonguss\n|-singleturn|p1b: Amoonguss|move: Rage Powder\n|move|p2a: Scizor|Bullet Punch|p1b: Amoonguss\n|-damage|p1b: Amoonguss|24\/100\n|-enditem|p1b: Amoonguss|Sitrus Berry|[eat]\n|-heal|p1b: Amoonguss|49\/100|[from] item: Sitrus Berry\n|-damage|p2a: Scizor|66\/100|[from] item: Life Orb\n|move|p1a: Flutter Mane|Shadow Ball|p2b: Annihilape\n|-activate|p2b: Annihilape|move: Protect\n|\n|upkeep\n|turn|4\n|inactive|SavannahPandaVGC has 30 seconds left.\n|inactive|thisairtastegreat has 30 seconds left.\n|inactive|SavannahPandaVGC has 20 seconds left.\n|inactive|SavannahPandaVGC has 15 seconds left.\n|inactive|SavannahPandaVGC has 10 seconds left.\n|\n|t:|1683258895\n|switch|p1b: Iron Hands|Iron Hands, L50|81\/100\n|-terastallize|p2b: Annihilape|Fire\n|-terastallize|p1a: Flutter Mane|Fairy\n|move|p2a: Scizor|Bullet Punch|p1a: Flutter Mane\n|-supereffective|p1a: Flutter Mane\n|-damage|p1a: Flutter Mane|0 fnt\n|faint|p1a: Flutter Mane\n|-end|p1a: Flutter Mane|Protosynthesis|[silent]\n|-damage|p2a: Scizor|56\/100|[from] item: Life Orb\n|move|p2b: Annihilape|Rage Fist|p1b: Iron Hands\n|-damage|p1b: Iron Hands|54\/100\n|\n|-sideend|p2: thisairtastegreat|move: Tailwind\n|upkeep\n|\n|t:|1683258918\n|switch|p1a: Gyarados|Gyarados, L50, F|100\/100\n|-ability|p1a: Gyarados|Intimidate|boost\n|-unboost|p2a: Scizor|atk|1\n|-unboost|p2b: Annihilape|atk|1\n|-ability|p2b: Annihilape|Defiant|boost\n|-boost|p2b: Annihilape|atk|2\n|turn|5\n|inactive|SavannahPandaVGC has 30 seconds left.\n|inactive|SavannahPandaVGC has 20 seconds left.\n|\n|t:|1683258954\n|move|p2b: Annihilape|Protect|p2b: Annihilape\n|-singleturn|p2b: Annihilape|Protect\n|move|p1b: Iron Hands|Fake Out|p2a: Scizor\n|-resisted|p2a: Scizor\n|-damage|p2a: Scizor|50\/100\n|move|p1a: Gyarados|Waterfall|p2a: Scizor\n|-damage|p2a: Scizor|17\/100\n|cant|p2a: Scizor|flinch\n|\n|upkeep\n|turn|6\n|\n|t:|1683258972\n|-end|p1b: Iron Hands|Quark Drive|[silent]\n|switch|p1b: Amoonguss|Amoonguss, L50, M|82\/100\n|move|p2b: Annihilape|Bulk Up|p2b: Annihilape\n|-boost|p2b: Annihilape|atk|1\n|-boost|p2b: Annihilape|def|1\n|move|p1a: Gyarados|Thunder Wave|p2b: Annihilape\n|-status|p2b: Annihilape|par\n|-enditem|p2b: Annihilape|Lum Berry|[eat]\n|-curestatus|p2b: Annihilape|par|[msg]\n|move|p2a: Scizor|Tailwind|p2a: Scizor\n|-sidestart|p2: thisairtastegreat|move: Tailwind\n|\n|upkeep\n|turn|7\n|inactive|SavannahPandaVGC has 30 seconds left.\n|\n|t:|1683259000\n|move|p2a: Scizor|Bullet Punch|p1b: Amoonguss\n|-damage|p1b: Amoonguss|53\/100\n|-damage|p2a: Scizor|8\/100|[from] item: Life Orb\n|move|p2b: Annihilape|Rage Fist|p1b: Amoonguss\n|-damage|p1b: Amoonguss|0 fnt\n|faint|p1b: Amoonguss\n|move|p1a: Gyarados|Waterfall|p2a: Scizor\n|-damage|p2a: Scizor|0 fnt\n|faint|p2a: Scizor\n|\n|upkeep\n|\n|t:|1683259016\n|switch|p2a: Great Tusk|Great Tusk, L50|100\/100\n|switch|p1b: Iron Hands|Iron Hands, L50|54\/100\n|turn|8\n|\n|t:|1683259028\n|move|p1b: Iron Hands|Fake Out|p2a: Great Tusk\n|-damage|p2a: Great Tusk|89\/100\n|move|p2b: Annihilape|Rage Fist|p1a: Gyarados\n|-damage|p1a: Gyarados|31\/100\n|cant|p2a: Great Tusk|flinch\n|move|p1a: Gyarados|Waterfall|p2a: Great Tusk\n|-supereffective|p2a: Great Tusk\n|-damage|p2a: Great Tusk|46\/100\n|\n|upkeep\n|turn|9\n|\n|t:|1683259045\n|move|p2b: Annihilape|Rage Fist|p1a: Gyarados\n|-crit|p1a: Gyarados\n|-damage|p1a: Gyarados|0 fnt\n|faint|p1a: Gyarados\n|move|p2a: Great Tusk|Close Combat|p1b: Iron Hands\n|-crit|p1b: Iron Hands\n|-damage|p1b: Iron Hands|0 fnt\n|-unboost|p2a: Great Tusk|def|1\n|-unboost|p2a: Great Tusk|spd|1\n|faint|p1b: Iron Hands\n|-end|p1b: Iron Hands|Quark Drive|[silent]\n|\n|win|thisairtastegreat\n|raw|SavannahPandaVGC's rating: 1306 → 1280<\/strong> (-26 for losing)\n|raw|thisairtastegreat's rating: 1201 → 1233<\/strong> (+32 for winning)\n|l|\u203dthisairtastegreat\n","uploadtime":1683259168,"views":4,"p1id":"savannahpandavgc","p2id":"thisairtastegreat","formatid":"gen9vgc2023regulationc","rating":1233,"private":0,"password":""}