{"id":"gen9vgc2023regulationc-1858259959","p1":"winwinlung","p2":"DanishBagel","format":"[Gen 9] VGC 2023 Regulation C","log":"|j|\u2606winwinlung\n|j|\u2606DanishBagel\n|t:|1683296220\n|gametype|doubles\n|player|p1|winwinlung|169|1162\n|player|p2|DanishBagel|waiter-gen4dp|1229\n|teamsize|p1|6\n|teamsize|p2|6\n|gen|9\n|tier|[Gen 9] VGC 2023 Regulation C\n|rated|\n|rule|Species Clause: Limit one of each Pok\u00e9mon\n|rule|Item Clause: Limit one of each item\n|clearpoke\n|poke|p1|Chien-Pao, L50|\n|poke|p1|Garchomp, L50, F|\n|poke|p1|Scizor, L50, M|\n|poke|p1|Gyarados, L50, F|\n|poke|p1|Farigiraf, L50, M|\n|poke|p1|Iron Hands, L50|\n|poke|p2|Chien-Pao, L50|\n|poke|p2|Palafin, L50, M|\n|poke|p2|Murkrow, L50, F|\n|poke|p2|Gholdengo, L50|\n|poke|p2|Arcanine, L50, M|\n|poke|p2|Great Tusk, L50|\n|teampreview|4\nDanishBagel has agreed to open team sheets.\n|\n|t:|1683296254\n|start\n|switch|p1a: Chien-Pao|Chien-Pao, L50|100\/100\n|switch|p1b: Garchomp|Garchomp, L50, F|100\/100\n|switch|p2a: M'Lady|Murkrow, L50, F|100\/100\n|switch|p2b: L8Stage Capitalism|Gholdengo, L50|100\/100\n|-ability|p1a: Chien-Pao|Sword of Ruin\n|turn|1\n|\n|t:|1683296280\n|-terastallize|p1a: Chien-Pao|Flying\n|-terastallize|p2b: L8Stage Capitalism|Steel\n|move|p2a: M'Lady|Tailwind|p2a: M'Lady\n|-sidestart|p2: DanishBagel|move: Tailwind\n|move|p2b: L8Stage Capitalism|Make It Rain|p1b: Garchomp|[spread] p1a,p1b\n|-enditem|p1a: Chien-Pao|Focus Sash\n|-damage|p1a: Chien-Pao|1\/100\n|-damage|p1b: Garchomp|0 fnt\n|-unboost|p2b: L8Stage Capitalism|spa|1\n|faint|p1b: Garchomp\n|move|p1a: Chien-Pao|Ice Fang|p2a: M'Lady\n|-supereffective|p2a: M'Lady\n|-damage|p2a: M'Lady|23\/100\n|-status|p2a: M'Lady|frz\n|\n|upkeep\n|c|\u2606DanishBagel|damn lol\n|\n|t:|1683296300\n|switch|p1b: Scizor|Scizor, L50, M|100\/100\n|turn|2\n|\n|t:|1683296321\n|move|p1a: Chien-Pao|Protect|p1a: Chien-Pao\n|-singleturn|p1a: Chien-Pao|Protect\n|cant|p2a: M'Lady|frz\n|move|p2b: L8Stage Capitalism|Make It Rain|p1a: Chien-Pao|[spread] p1b\n|-activate|p1a: Chien-Pao|move: Protect\n|-resisted|p1b: Scizor\n|-damage|p1b: Scizor|64\/100\n|-unboost|p2b: L8Stage Capitalism|spa|1\n|move|p1b: Scizor|Close Combat|p2b: L8Stage Capitalism\n|-supereffective|p2b: L8Stage Capitalism\n|-damage|p2b: L8Stage Capitalism|0 fnt\n|-unboost|p1b: Scizor|def|1\n|-unboost|p1b: Scizor|spd|1\n|faint|p2b: L8Stage Capitalism\n|\n|upkeep\n|\n|t:|1683296334\n|switch|p2b: Spin Dash|Great Tusk, L50|100\/100\n|-enditem|p2b: Spin Dash|Booster Energy\n|-activate|p2b: Spin Dash|ability: Protosynthesis|[fromitem]\n|-start|p2b: Spin Dash|protosynthesisatk\n|turn|3\n|\n|t:|1683296376\n|move|p2b: Spin Dash|Rock Slide|p1a: Chien-Pao|[spread] p1a\n|-miss|p2b: Spin Dash|p1b: Scizor\n|-supereffective|p1a: Chien-Pao\n|-damage|p1a: Chien-Pao|0 fnt\n|faint|p1a: Chien-Pao\n|cant|p2a: M'Lady|frz\n|move|p1b: Scizor|Close Combat|p2b: Spin Dash\n|-damage|p2b: Spin Dash|52\/100\n|-unboost|p1b: Scizor|def|1\n|-unboost|p1b: Scizor|spd|1\n|\n|upkeep\n|\n|t:|1683296387\n|switch|p1a: Gyarados|Gyarados, L50, F|100\/100\n|-ability|p1a: Gyarados|Intimidate|boost\n|-unboost|p2a: M'Lady|atk|1\n|-unboost|p2b: Spin Dash|atk|1\n|turn|4\n|\n|t:|1683296406\n|move|p2b: Spin Dash|Rock Slide|p1a: Gyarados|[spread] p1a,p1b\n|-supereffective|p1a: Gyarados\n|-damage|p1a: Gyarados|65\/100\n|-damage|p1b: Scizor|30\/100\n|cant|p2a: M'Lady|frz\n|move|p1a: Gyarados|Waterfall|p2b: Spin Dash\n|-supereffective|p2b: Spin Dash\n|-damage|p2b: Spin Dash|3\/100\n|move|p1b: Scizor|Close Combat|p2b: Spin Dash\n|-damage|p2b: Spin Dash|0 fnt\n|-unboost|p1b: Scizor|def|1\n|-unboost|p1b: Scizor|spd|1\n|faint|p2b: Spin Dash\n|-end|p2b: Spin Dash|Protosynthesis|[silent]\n|\n|-sideend|p2: DanishBagel|move: Tailwind\n|upkeep\n|\n|t:|1683296410\n|switch|p2b: Zacian @ Home|Chien-Pao, L50|100\/100\n|-ability|p2b: Zacian @ Home|Sword of Ruin\n|turn|5\n|\n|t:|1683296431\n|move|p2b: Zacian @ Home|Sucker Punch|p1b: Scizor\n|-damage|p1b: Scizor|0 fnt\n|faint|p1b: Scizor\n|cant|p2a: M'Lady|frz\n|move|p1a: Gyarados|Waterfall|p2b: Zacian @ Home\n|-damage|p2b: Zacian @ Home|52\/100\n|\n|upkeep\n|turn|6\n|\n|t:|1683296442\n|move|p2b: Zacian @ Home|Sucker Punch|p1a: Gyarados\n|-damage|p1a: Gyarados|14\/100\n|-enditem|p1a: Gyarados|Sitrus Berry|[eat]\n|-heal|p1a: Gyarados|39\/100|[from] item: Sitrus Berry\n|cant|p2a: M'Lady|frz\n|move|p1a: Gyarados|Waterfall|p2b: Zacian @ Home\n|-damage|p2b: Zacian @ Home|6\/100\n|\n|upkeep\n|turn|7\n|\n|t:|1683296458\n|move|p2b: Zacian @ Home|Sucker Punch||[still]\n|-fail|p2b: Zacian @ Home\n|cant|p2a: M'Lady|frz\n|move|p1a: Gyarados|Thunder Wave|p2b: Zacian @ Home\n|-status|p2b: Zacian @ Home|par\n|\n|upkeep\n|turn|8\n|\n|t:|1683296466\n|move|p2b: Zacian @ Home|Sucker Punch|p1a: Gyarados\n|-crit|p1a: Gyarados\n|-damage|p1a: Gyarados|0 fnt\n|faint|p1a: Gyarados\n|\n|win|DanishBagel\n|raw|winwinlung's rating: 1162 → 1142<\/strong> (-20 for losing)\n|raw|DanishBagel's rating: 1229 → 1249<\/strong> (+20 for winning)\n|l|\u2606winwinlung\n|c|\u2606DanishBagel|crit mattered\n","uploadtime":1683296484,"views":5,"p1id":"winwinlung","p2id":"danishbagel","formatid":"gen9vgc2023regulationc","rating":1142,"private":0,"password":""}