{"id":"gen9vgc2023regulationc-1849676865","p1":"1og0ut","p2":"gfdgvvcg","format":"[Gen 9] VGC 2023 Regulation C","log":"|j|\u26061og0ut\n|j|\u2606gfdgvvcg\n|t:|1682230416\n|gametype|doubles\n|player|p1|1og0ut|cheren|1073\n|player|p2|gfdgvvcg|swimmerf-gen4dp|1000\n|teamsize|p1|6\n|teamsize|p2|6\n|gen|9\n|tier|[Gen 9] VGC 2023 Regulation C\n|rated|\n|rule|Species Clause: Limit one of each Pok\u00e9mon\n|rule|Item Clause: Limit one of each item\n|clearpoke\n|poke|p1|Mimikyu, L50, F|\n|poke|p1|Iron Hands, L50|\n|poke|p1|Hatterene, L50, F|\n|poke|p1|Torkoal, L50, M|\n|poke|p1|Skeledirge, L50, F|\n|poke|p1|Garganacl, L50, F|\n|poke|p2|Chi-Yu, L50|\n|poke|p2|Dondozo, L50, F|\n|poke|p2|Tatsugiri, L50, M|\n|poke|p2|Palafin, L50, M|\n|poke|p2|Brute Bonnet, L50|\n|poke|p2|Clodsire, L50, M|\n|teampreview|4\n|\n|t:|1682230451\n|start\n|switch|p1a: Pin|Mimikyu, L50, F|100\/100\n|switch|p1b: Medi|Iron Hands, L50|100\/100\n|switch|p2a: Dondozo|Dondozo, L50, F|100\/100\n|switch|p2b: Brute Bonnet|Brute Bonnet, L50|100\/100\n|-enditem|p2b: Brute Bonnet|Booster Energy\n|-activate|p2b: Brute Bonnet|ability: Protosynthesis|[fromitem]\n|-start|p2b: Brute Bonnet|protosynthesisatk\n|-enditem|p1b: Medi|Booster Energy\n|-activate|p1b: Medi|ability: Quark Drive|[fromitem]\n|-start|p1b: Medi|quarkdriveatk\n|turn|1\n|\n|t:|1682230477\n|-terastallize|p1b: Medi|Electric\n|move|p2b: Brute Bonnet|Protect|p2b: Brute Bonnet\n|-singleturn|p2b: Brute Bonnet|Protect\n|move|p1b: Medi|Electric Terrain|p1b: Medi\n|-fieldstart|move: Electric Terrain\n|move|p2a: Dondozo|Earthquake|p1a: Pin|[spread] p1a,p1b\n|-activate|p2b: Brute Bonnet|move: Protect\n|-supereffective|p1b: Medi\n|-activate|p1a: Pin|ability: Disguise\n|-damage|p1a: Pin|100\/100\n|-damage|p1b: Medi|79\/100\n|detailschange|p1a: Pin|Mimikyu-Busted, L50, F\n|-damage|p1a: Pin|88\/100|[from] pokemon: Mimikyu-Busted\n|move|p1a: Pin|Trick Room|p1a: Pin\n|-fieldstart|move: Trick Room|[of] p1a: Pin\n|\n|upkeep\n|turn|2\n|\n|t:|1682230511\n|-terastallize|p2a: Dondozo|Water\n|move|p2a: Dondozo|Liquidation|p1a: Pin\n|-damage|p1a: Pin|42\/100\n|move|p1b: Medi|Thunder Punch|p2a: Dondozo\n|-supereffective|p2a: Dondozo\n|-damage|p2a: Dondozo|0 fnt\n|faint|p2a: Dondozo\n|move|p2b: Brute Bonnet|Spore|p1b: Medi\n|-activate|p1b: Medi|move: Electric Terrain\n|move|p1a: Pin|Play Rough|p2b: Brute Bonnet\n|-supereffective|p2b: Brute Bonnet\n|-damage|p2b: Brute Bonnet|36\/100\n|\n|upkeep\n|\n|t:|1682230525\n|switch|p2a: Clodsire|Clodsire, L50, M|100\/100\n|turn|3\n|\n|t:|1682230541\n|move|p2b: Brute Bonnet|Sucker Punch|p1a: Pin\n|-damage|p1a: Pin|0 fnt\n|faint|p1a: Pin\n|move|p2a: Clodsire|Earthquake|p1b: Medi|[spread] p2b,p1b\n|-resisted|p2b: Brute Bonnet\n|-supereffective|p1b: Medi\n|-damage|p2b: Brute Bonnet|29\/100\n|-damage|p1b: Medi|55\/100\n|move|p1b: Medi|Force Palm|p2b: Brute Bonnet\n|-supereffective|p2b: Brute Bonnet\n|-damage|p2b: Brute Bonnet|0 fnt\n|faint|p2b: Brute Bonnet\n|-end|p2b: Brute Bonnet|Protosynthesis|[silent]\n|\n|upkeep\n|\n|t:|1682230552\n|switch|p2b: Tatsugiri|Tatsugiri, L50, M|100\/100\n|switch|p1a: Pixel|Garganacl, L50, F|100\/100\n|turn|4\n|inactive|Battle timer is ON: inactive players will automatically lose when time's up. (requested by gfdgvvcg)\n|\n|t:|1682230585\n|move|p2a: Clodsire|Helping Hand|p2b: Tatsugiri\n|-singleturn|p2b: Tatsugiri|Helping Hand|[of] p2a: Clodsire\n|move|p1a: Pixel|Heavy Slam|p2a: Clodsire\n|-damage|p2a: Clodsire|90\/100\n|move|p1b: Medi|Close Combat|p2a: Clodsire\n|-resisted|p2a: Clodsire\n|-damage|p2a: Clodsire|40\/100\n|-unboost|p1b: Medi|def|1\n|-unboost|p1b: Medi|spd|1\n|-enditem|p2a: Clodsire|Sitrus Berry|[eat]\n|-heal|p2a: Clodsire|65\/100|[from] item: Sitrus Berry\n|move|p2b: Tatsugiri|Muddy Water|p1a: Pixel|[spread] p1a\n|-miss|p2b: Tatsugiri|p1b: Medi\n|-supereffective|p1a: Pixel\n|-damage|p1a: Pixel|16\/100\n|\n|upkeep\n|turn|5\n|inactive|gfdgvvcg has 30 seconds left.\n|\n|t:|1682230616\n|move|p2a: Clodsire|Helping Hand|p2b: Tatsugiri\n|-singleturn|p2b: Tatsugiri|Helping Hand|[of] p2a: Clodsire\n|move|p1a: Pixel|Salt Cure|p2a: Clodsire\n|-resisted|p2a: Clodsire\n|-damage|p2a: Clodsire|57\/100\n|-start|p2a: Clodsire|Salt Cure\n|move|p1b: Medi|Close Combat|p2a: Clodsire\n|-resisted|p2a: Clodsire\n|-damage|p2a: Clodsire|9\/100\n|-unboost|p1b: Medi|def|1\n|-unboost|p1b: Medi|spd|1\n|move|p2b: Tatsugiri|Muddy Water|p1b: Medi|[spread] p1a,p1b\n|-supereffective|p1a: Pixel\n|-damage|p1a: Pixel|0 fnt\n|-damage|p1b: Medi|0 fnt\n|faint|p1a: Pixel\n|faint|p1b: Medi\n|-end|p1b: Medi|Quark Drive|[silent]\n|\n|-damage|p2a: Clodsire|0 fnt|[from] Salt Cure\n|faint|p2a: Clodsire\n|-fieldend|move: Trick Room\n|-fieldend|move: Electric Terrain\n|upkeep\n|inactive|1og0ut has 30 seconds left.\n|inactive|1og0ut has 20 seconds left.\n|inactive|1og0ut has 15 seconds left.\n|\n|t:|1682230660\n|switch|p1b: rips|Hatterene, L50, F|100\/100\n|turn|6\n|\n|t:|1682230668\n|move|p2b: Tatsugiri|Muddy Water|p1b: rips\n|-damage|p1b: rips|16\/100\n|-unboost|p1b: rips|accuracy|1\n|move|p1b: rips|Dazzling Gleam|p2b: Tatsugiri|[miss]\n|-miss|p1b: rips|p2b: Tatsugiri\n|\n|upkeep\n|turn|7\n|\n|t:|1682230682\n|move|p2b: Tatsugiri|Muddy Water|p1b: rips|[miss]\n|-miss|p2b: Tatsugiri|p1b: rips\n|move|p1b: rips|Dazzling Gleam|p2b: Tatsugiri|[miss]\n|-miss|p1b: rips|p2b: Tatsugiri\n|\n|upkeep\n|turn|8\n|\n|t:|1682230689\n|move|p2b: Tatsugiri|Muddy Water|p1b: rips\n|-crit|p1b: rips\n|-damage|p1b: rips|0 fnt\n|faint|p1b: rips\n|\n|win|gfdgvvcg\n|raw|1og0ut's rating: 1073 → 1048<\/strong> (-25 for losing)\n|raw|gfdgvvcg's rating: 1000 → 1048<\/strong> (+48 for winning)\n","uploadtime":1682230697,"views":18,"p1id":"1og0ut","p2id":"gfdgvvcg","formatid":"gen9vgc2023regulationc","rating":1048,"private":0,"password":""}