{"id":"gen9vgc2023regulationc-1863224647","p1":"Gadiel_VaStar","p2":"BIGDRAGONLIKEUGEOK","format":"[Gen 9] VGC 2023 Regulation C","log":"|j|\u2606Gadiel_VaStar\n|j|\u2606BIGDRAGONLIKEUGEOK\n|t:|1683990584\n|gametype|doubles\n|player|p1|Gadiel_VaStar|jasmine|1132\n|player|p2|BIGDRAGONLIKEUGEOK|170|1232\n|teamsize|p1|6\n|teamsize|p2|6\n|gen|9\n|tier|[Gen 9] VGC 2023 Regulation C\n|rated|\n|rule|Species Clause: Limit one of each Pok\u00e9mon\n|rule|Item Clause: Limit one of each item\n|clearpoke\n|poke|p1|Flamigo, L50, M|\n|poke|p1|Dondozo, L50, M|\n|poke|p1|Tatsugiri-Stretchy, L50, M|\n|poke|p1|Scream Tail, L50|\n|poke|p1|Wo-Chien, L50|\n|poke|p1|Cloyster, L50, M|\n|poke|p2|Dondozo, L50, M|\n|poke|p2|Dragonite, L50, M|\n|poke|p2|Chien-Pao, L50|\n|poke|p2|Tatsugiri, L50, M|\n|poke|p2|Chi-Yu, L50|\n|poke|p2|Flutter Mane, L50|\n|teampreview|4\nGadiel_VaStar rejected open team sheets.\n|\n|t:|1683990635\n|start\n|switch|p1a: Scream Tail|Scream Tail, L50|100\/100\n|switch|p1b: Tatsugiri|Tatsugiri-Stretchy, L50, M, shiny|100\/100\n|switch|p2a: Dragonite|Dragonite, L50, M|100\/100\n|switch|p2b: Chien-Pao|Chien-Pao, L50|100\/100\n|-ability|p2b: Chien-Pao|Sword of Ruin\n|-enditem|p1a: Scream Tail|Booster Energy\n|-activate|p1a: Scream Tail|ability: Protosynthesis|[fromitem]\n|-start|p1a: Scream Tail|protosynthesisspe\n|turn|1\n|inactive|Battle timer is ON: inactive players will automatically lose when time's up. (requested by BIGDRAGONLIKEUGEOK)\n|inactive|Gadiel_VaStar has 60 seconds left.\n|\n|t:|1683990669\n|move|p2b: Chien-Pao|Protect|p2b: Chien-Pao\n|-singleturn|p2b: Chien-Pao|Protect\n|move|p1a: Scream Tail|Perish Song|p1a: Scream Tail\n|-start|p1a: Scream Tail|perish3|[silent]\n|-start|p1b: Tatsugiri|perish3|[silent]\n|-start|p2a: Dragonite|perish3|[silent]\n|-start|p2b: Chien-Pao|perish3|[silent]\n|-fieldactivate|move: Perish Song\n|move|p1b: Tatsugiri|Muddy Water|p2a: Dragonite|[spread] \n|-activate|p2b: Chien-Pao|move: Protect\n|-miss|p1b: Tatsugiri|p2a: Dragonite\n|move|p2a: Dragonite|Iron Head|p1a: Scream Tail\n|-supereffective|p1a: Scream Tail\n|-damage|p1a: Scream Tail|5\/100\n|\n|-start|p1a: Scream Tail|perish3\n|-start|p2b: Chien-Pao|perish3\n|-start|p1b: Tatsugiri|perish3\n|-start|p2a: Dragonite|perish3\n|upkeep\n|turn|2\n|inactive|Gadiel_VaStar has 30 seconds left.\n|inactive|BIGDRAGONLIKEUGEOK has 30 seconds left.\n|inactive|Gadiel_VaStar has 20 seconds left.\n|inactive|BIGDRAGONLIKEUGEOK has 20 seconds left.\n|inactive|Gadiel_VaStar has 15 seconds left.\n|inactive|Gadiel_VaStar has 10 seconds left.\n|inactive|BIGDRAGONLIKEUGEOK has 15 seconds left.\n|inactive|BIGDRAGONLIKEUGEOK has 10 seconds left.\n|\n|t:|1683990720\n|switch|p2a: Dondozo|Dondozo, L50, M, shiny|100\/100\n|move|p1b: Tatsugiri|Protect|p1b: Tatsugiri\n|-singleturn|p1b: Tatsugiri|Protect\n|move|p2b: Chien-Pao|Sucker Punch||[still]\n|-fail|p2b: Chien-Pao\n|move|p1a: Scream Tail|Reflect|p1a: Scream Tail\n|-sidestart|p1: Gadiel_VaStar|Reflect\n|\n|-start|p1a: Scream Tail|perish2\n|-start|p2b: Chien-Pao|perish2\n|-start|p1b: Tatsugiri|perish2\n|upkeep\n|turn|3\n|inactive|Gadiel_VaStar has 30 seconds left.\n|inactive|BIGDRAGONLIKEUGEOK has 30 seconds left.\n|inactive|BIGDRAGONLIKEUGEOK has 20 seconds left.\n|\n|t:|1683990765\n|-end|p1a: Scream Tail|Protosynthesis|[silent]\n|switch|p1a: Dondozo|Dondozo, L50, M|100\/100\n|-activate|p1b: Tatsugiri|ability: Commander|[of] p1a: Dondozo\n|-boost|p1a: Dondozo|atk|2\n|-boost|p1a: Dondozo|spa|2\n|-boost|p1a: Dondozo|spe|2\n|-boost|p1a: Dondozo|def|2\n|-boost|p1a: Dondozo|spd|2\n|move|p2b: Chien-Pao|Haze|p2b: Chien-Pao\n|-clearallboost\n|move|p2a: Dondozo|Fissure|p1a: Dondozo\n|-damage|p1a: Dondozo|0 fnt\n|faint|p1a: Dondozo\n|-ohko\n|\n|-start|p2b: Chien-Pao|perish1\n|-start|p1b: Tatsugiri|perish1\n|upkeep\n|inactive|Gadiel_VaStar has 30 seconds left.\n|\n|t:|1683990797\n|switch|p1a: Scream Tail|Scream Tail, L50|5\/100\n|turn|4\n|c|\u2606BIGDRAGONLIKEUGEOK|Jajajajajjajaa\n|\n|t:|1683990821\n|switch|p2b: Flutter Mane|Flutter Mane, L50|100\/100\n|switch|p1b: Flamigo|Flamigo, L50, M, shiny|100\/100\n|-copyboost|p1b: Flamigo|p1a: Scream Tail|[from] ability: Costar\n|move|p1a: Scream Tail|Perish Song|p1a: Scream Tail\n|-start|p1a: Scream Tail|perish3|[silent]\n|-start|p1b: Flamigo|perish3|[silent]\n|-start|p2a: Dondozo|perish3|[silent]\n|-start|p2b: Flutter Mane|perish3|[silent]\n|-fieldactivate|move: Perish Song\n|move|p2a: Dondozo|Order Up|p1b: Flamigo\n|-damage|p1b: Flamigo|80\/100\n|\n|-start|p2b: Flutter Mane|perish3\n|-start|p1a: Scream Tail|perish3\n|-start|p1b: Flamigo|perish3\n|-start|p2a: Dondozo|perish3\n|upkeep\n|turn|5\n|inactive|Gadiel_VaStar has 30 seconds left.\n|inactive|BIGDRAGONLIKEUGEOK has 30 seconds left.\n|inactive|Gadiel_VaStar has 20 seconds left.\n|inactive|Gadiel_VaStar has 15 seconds left.\n|\n|t:|1683990864\n|move|p1a: Scream Tail|Protect|p1a: Scream Tail\n|-singleturn|p1a: Scream Tail|Protect\n|move|p1b: Flamigo|Detect|p1b: Flamigo\n|-singleturn|p1b: Flamigo|Protect\n|move|p2b: Flutter Mane|Dazzling Gleam|p1b: Flamigo|[spread] \n|-activate|p1a: Scream Tail|move: Protect\n|-activate|p1b: Flamigo|move: Protect\n|move|p2a: Dondozo|Wave Crash|p1b: Flamigo\n|-activate|p1b: Flamigo|move: Protect\n|\n|-start|p2b: Flutter Mane|perish2\n|-start|p1a: Scream Tail|perish2\n|-start|p1b: Flamigo|perish2\n|-start|p2a: Dondozo|perish2\n|upkeep\n|turn|6\n|inactive|Gadiel_VaStar has 30 seconds left.\n|inactive|Gadiel_VaStar has 20 seconds left.\n|inactive|Gadiel_VaStar has 15 seconds left.\n|inactive|Gadiel_VaStar has 10 seconds left.\n|\n|t:|1683990910\n|switch|p2a: Dragonite|Dragonite, L50, M|100\/100\n|-terastallize|p1b: Flamigo|Flying\n|move|p1a: Scream Tail|Protect|p1a: Scream Tail\n|-singleturn|p1a: Scream Tail|Protect\n|move|p2b: Flutter Mane|Dazzling Gleam|p1b: Flamigo|[spread] p1b\n|-activate|p1a: Scream Tail|move: Protect\n|-damage|p1b: Flamigo|9\/100\n|move|p1b: Flamigo|Fling|p2a: Dragonite\n|-damage|p2a: Dragonite|90\/100\n|-enditem|p1b: Flamigo|King's Rock|[from] move: Fling\n|\n|-start|p2b: Flutter Mane|perish1\n|-start|p1a: Scream Tail|perish1\n|-start|p1b: Flamigo|perish1\n|-sideend|p1: Gadiel_VaStar|Reflect\n|upkeep\n|turn|7\n|inactive|Gadiel_VaStar has 30 seconds left.\n|inactive|Gadiel_VaStar has 20 seconds left.\n|inactive|Gadiel_VaStar has 15 seconds left.\n|\n|t:|1683990953\n|switch|p1b: Tatsugiri|Tatsugiri-Stretchy, L50, M, shiny|100\/100\n|move|p2a: Dragonite|Extreme Speed|p1a: Scream Tail\n|-damage|p1a: Scream Tail|0 fnt\n|faint|p1a: Scream Tail\n|-end|p1a: Scream Tail|Protosynthesis|[silent]\n|move|p2b: Flutter Mane|Dazzling Gleam|p1b: Tatsugiri\n|-supereffective|p1b: Tatsugiri\n|-enditem|p1b: Tatsugiri|Focus Sash\n|-damage|p1b: Tatsugiri|1\/100\n|\n|-start|p2b: Flutter Mane|perish0\n|upkeep\n|faint|p2b: Flutter Mane\n|-end|p2b: Flutter Mane|Protosynthesis|[silent]\n|\n|t:|1683990970\n|switch|p2b: Chien-Pao|Chien-Pao, L50|100\/100\n|switch|p1a: Flamigo|Flamigo, L50, M, shiny, tera:Flying|9\/100\n|-ability|p2b: Chien-Pao|Sword of Ruin\n|-copyboost|p1a: Flamigo|p1b: Tatsugiri|[from] ability: Costar\n|turn|8\n|c|\u2606BIGDRAGONLIKEUGEOK|JAJAJAJAJAA\n|inactive|Gadiel_VaStar has 30 seconds left.\n|inactive|Gadiel_VaStar has 20 seconds left.\n|inactive|Gadiel_VaStar has 15 seconds left.\n|\n|t:|1683991014\n|move|p1a: Flamigo|Detect|p1a: Flamigo\n|-singleturn|p1a: Flamigo|Protect\n|move|p2a: Dragonite|Extreme Speed|p1b: Tatsugiri\n|-damage|p1b: Tatsugiri|0 fnt\n|faint|p1b: Tatsugiri\n|move|p2b: Chien-Pao|Sucker Punch||[still]\n|-fail|p2b: Chien-Pao\n|\n|upkeep\n|turn|9\n|\n|t:|1683991026\n|move|p2a: Dragonite|Extreme Speed|p1a: Flamigo\n|-damage|p1a: Flamigo|0 fnt\n|faint|p1a: Flamigo\n|\n|win|BIGDRAGONLIKEUGEOK\n|raw|Gadiel_VaStar's rating: 1132 → 1114<\/strong> (-18 for losing)\n|raw|BIGDRAGONLIKEUGEOK's rating: 1232 → 1250<\/strong> (+18 for winning)\n","uploadtime":1683991031,"views":10,"p1id":"gadielvastar","p2id":"bigdragonlikeugeok","formatid":"gen9vgc2023regulationc","rating":1114,"private":0,"password":""}