{"id":"gen9vgc2023regulationc-1849759566","p1":"Token1","p2":"Zyro Pegasi","format":"[Gen 9] VGC 2023 Regulation C","log":"|j|\u2606Token1\n|j|\u2606Zyro Pegasi\n|t:|1682246766\n|gametype|doubles\n|player|p1|Token1|102|1110\n|player|p2|Zyro Pegasi|red-masters|1037\n|teamsize|p1|6\n|teamsize|p2|6\n|gen|9\n|tier|[Gen 9] VGC 2023 Regulation C\n|rated|\n|rule|Species Clause: Limit one of each Pok\u00e9mon\n|rule|Item Clause: Limit one of each item\n|clearpoke\n|poke|p1|Ting-Lu, L50|\n|poke|p1|Great Tusk, L50|\n|poke|p1|Armarouge, L50, M|\n|poke|p1|Indeedee-F, L50, F|\n|poke|p1|Gholdengo, L50|\n|poke|p1|Gyarados, L50, F|\n|poke|p2|Meowscarada, L50, F|\n|poke|p2|Krookodile, L50, M|\n|poke|p2|Indeedee-F, L50, F|\n|poke|p2|Flamigo, L50, M|\n|poke|p2|Dondozo, L50, M|\n|poke|p2|Tatsugiri, L50, M|\n|teampreview|4\n|inactive|Battle timer is ON: inactive players will automatically lose when time's up. (requested by Token1)\n|inactive|Zyro Pegasi also wants the timer to be on.\n|\n|t:|1682246790\n|start\n|switch|p1a: Great Tusk|Great Tusk, L50|100\/100\n|switch|p1b: Gyarados|Gyarados, L50, F|100\/100\n|switch|p2a: Riko|Meowscarada, L50, F|100\/100\n|switch|p2b: Toph|Krookodile, L50, M|100\/100\n|-ability|p1b: Gyarados|Intimidate|boost\n|-unboost|p2a: Riko|atk|1\n|-unboost|p2b: Toph|atk|1\n|turn|1\n|\n|t:|1682246809\n|move|p2b: Toph|Endure|p2b: Toph\n|-singleturn|p2b: Toph|move: Endure\n|move|p1a: Great Tusk|Protect|p1a: Great Tusk\n|-singleturn|p1a: Great Tusk|Protect\n|move|p2a: Riko|Flower Trick|p2b: Toph\n|-start|p2a: Riko|typechange|Grass|[from] ability: Protean\n|-supereffective|p2b: Toph\n|-crit|p2b: Toph\n|-activate|p2b: Toph|move: Endure\n|-damage|p2b: Toph|1\/100\n|-setboost|p2b: Toph|atk|6|[from] ability: Anger Point\n|-enditem|p2b: Toph|Salac Berry|[eat]\n|-boost|p2b: Toph|spe|1|[from] item: Salac Berry\n|move|p1b: Gyarados|Dragon Dance|p1b: Gyarados\n|-boost|p1b: Gyarados|atk|1\n|-boost|p1b: Gyarados|spe|1\n|\n|upkeep\n|turn|2\n|inactive|Token1 has 30 seconds left.\n|inactive|Zyro Pegasi has 30 seconds left.\n|inactive|Token1 has 20 seconds left.\n|\n|t:|1682246847\n|switch|p2a: Amigo|Flamigo, L50, M|100\/100\n|-copyboost|p2a: Amigo|p2b: Toph|[from] ability: Costar\n|-terastallize|p1b: Gyarados|Flying\n|move|p2b: Toph|Rock Slide|p1b: Gyarados|[spread] p1b\n|-miss|p2b: Toph|p1a: Great Tusk\n|-supereffective|p1b: Gyarados\n|-damage|p1b: Gyarados|0 fnt\n|faint|p1b: Gyarados\n|move|p1a: Great Tusk|Earthquake|p2b: Toph|[spread] p2b\n|-immune|p2a: Amigo\n|-damage|p2b: Toph|0 fnt\n|faint|p2b: Toph\n|\n|upkeep\n|\n|t:|1682246866\n|switch|p2b: Riko|Meowscarada, L50, F|100\/100\n|switch|p1b: Gholdengo|Gholdengo, L50|100\/100\n|turn|3\n|\n|t:|1682246881\n|-end|p1a: Great Tusk|Protosynthesis|[silent]\n|switch|p1a: Armarouge|Armarouge, L50, M|100\/100\n|move|p2a: Amigo|Brave Bird|p1a: Armarouge\n|-damage|p1a: Armarouge|0 fnt\n|faint|p1a: Armarouge\n|-damage|p2a: Amigo|60\/100|[from] Recoil\n|move|p2b: Riko|Knock Off|p1b: Gholdengo\n|-start|p2b: Riko|typechange|Dark|[from] ability: Protean\n|-supereffective|p1b: Gholdengo\n|-damage|p1b: Gholdengo|26\/100\n|-enditem|p1b: Gholdengo|Covert Cloak|[from] move: Knock Off|[of] p2b: Riko\n|move|p1b: Gholdengo|Make It Rain|p2a: Amigo|[spread] p2a,p2b\n|-damage|p2a: Amigo|0 fnt\n|-damage|p2b: Riko|29\/100\n|-unboost|p1b: Gholdengo|spa|1\n|faint|p2a: Amigo\n|-enditem|p2b: Riko|Eject Button\n|\n|t:|1682246895\n|switch|p2b: Joy|Indeedee-F, L50, F|100\/100\n|-fieldstart|move: Psychic Terrain|[from] ability: Psychic Surge|[of] p2b: Joy\n|-enditem|p2b: Joy|Psychic Seed\n|-boost|p2b: Joy|spd|1|[from] item: Psychic Seed\n|\n|upkeep\n|\n|t:|1682246900\n|switch|p2a: Riko|Meowscarada, L50, F|29\/100\n|switch|p1a: Great Tusk|Great Tusk, L50|100\/100\n|turn|4\n|\n|t:|1682246916\n|move|p1a: Great Tusk|Protect|p1a: Great Tusk\n|-singleturn|p1a: Great Tusk|Protect\n|move|p2b: Joy|Follow Me|p2b: Joy\n|-singleturn|p2b: Joy|move: Follow Me\n|move|p2a: Riko|Flower Trick|p1a: Great Tusk\n|-start|p2a: Riko|typechange|Grass|[from] ability: Protean\n|-activate|p1a: Great Tusk|move: Protect\n|move|p1b: Gholdengo|Make It Rain|p2b: Joy|[spread] p2a,p2b\n|-damage|p2a: Riko|0 fnt\n|-damage|p2b: Joy|81\/100\n|-unboost|p1b: Gholdengo|spa|1\n|faint|p2a: Riko\n|\n|upkeep\n|turn|5\n|-message|Zyro Pegasi forfeited.\n|\n|win|Token1\n|raw|Token1's rating: 1110 → 1130<\/strong> (+20 for winning)\n|raw|Zyro Pegasi's rating: 1037 → 1025<\/strong> (-12 for losing)\n|l|\u2606Zyro Pegasi\n","uploadtime":1682246933,"views":16,"p1id":"token1","p2id":"zyropegasi","formatid":"gen9vgc2023regulationc","rating":1025,"private":0,"password":""}