{"id":"gen9vgc2023regulationc-1852551845","p1":"mugiwaraLux","p2":"Piccius","format":"[Gen 9] VGC 2023 Regulation C","log":"|j|\u2606mugiwaraLux\n|j|\u2606Piccius\n|t:|1682574652\n|gametype|doubles\n|player|p1|mugiwaraLux|265|1380\n|player|p2|Piccius|hiker-gen4|1498\n|teamsize|p1|6\n|teamsize|p2|6\n|gen|9\n|tier|[Gen 9] VGC 2023 Regulation C\n|rated|\n|rule|Species Clause: Limit one of each Pok\u00e9mon\n|rule|Item Clause: Limit one of each item\n|clearpoke\n|poke|p1|Palafin, L50, F|\n|poke|p1|Amoonguss, L50, M|\n|poke|p1|Flutter Mane, L50|\n|poke|p1|Arcanine, L50, M|\n|poke|p1|Chien-Pao, L50|\n|poke|p1|Roaring Moon, L50|\n|poke|p2|Palafin, L50, F|\n|poke|p2|Meowscarada, L50, F|\n|poke|p2|Amoonguss, L50, M|\n|poke|p2|Arcanine, L50, M|\n|poke|p2|Flutter Mane, L50|\n|poke|p2|Chien-Pao, L50|\n|teampreview|4\n|inactive|Battle timer is ON: inactive players will automatically lose when time's up. (requested by mugiwaraLux)\nmugiwaraLux has agreed to open team sheets.\n|inactive|mugiwaraLux has 60 seconds left.\n|inactive|Piccius has 60 seconds left.\n|\n|t:|1682574687\n|start\n|switch|p1a: Chien-Pao|Chien-Pao, L50|100\/100\n|switch|p1b: Arcanine|Arcanine, L50, M|100\/100\n|switch|p2a: Palafin|Palafin, L50, F|100\/100\n|switch|p2b: Meowscarada|Meowscarada, L50, F|100\/100\n|-ability|p1a: Chien-Pao|Sword of Ruin\n|-ability|p1b: Arcanine|Intimidate|boost\n|-unboost|p2a: Palafin|atk|1\n|-unboost|p2b: Meowscarada|atk|1\n|turn|1\n|\n|t:|1682574705\n|detailschange|p2a: Palafin|Palafin-Hero, L50, F\n|switch|p2a: Arcanine|Arcanine, L50, M|100\/100\n|-ability|p2a: Arcanine|Intimidate|boost\n|-unboost|p1a: Chien-Pao|atk|1\n|-unboost|p1b: Arcanine|atk|1\n|switch|p1b: Amoonguss|Amoonguss, L50, M|100\/100\n|move|p2b: Meowscarada|U-turn|p1a: Chien-Pao\n|-supereffective|p1a: Chien-Pao\n|-damage|p1a: Chien-Pao|60\/100\n|\n|t:|1682574718\n|switch|p2b: Palafin|Palafin-Hero, L50, F|100\/100|[from] U-turn\n|-activate|p2b: Palafin|ability: Zero to Hero\n|move|p1a: Chien-Pao|Ice Spinner|p2b: Palafin\n|-resisted|p2b: Palafin\n|-damage|p2b: Palafin|83\/100\n|\n|upkeep\n|turn|2\n|inactive|Piccius has 30 seconds left.\n|\n|t:|1682574753\n|-terastallize|p2b: Palafin|Water\n|-terastallize|p1b: Amoonguss|Water\n|move|p1a: Chien-Pao|Protect|p1a: Chien-Pao\n|-singleturn|p1a: Chien-Pao|Protect\n|move|p2b: Palafin|Wave Crash|p1b: Amoonguss\n|-resisted|p1b: Amoonguss\n|-damage|p1b: Amoonguss|34\/100\n|-enditem|p1b: Amoonguss|Sitrus Berry|[eat]\n|-heal|p1b: Amoonguss|59\/100|[from] item: Sitrus Berry\n|-damage|p2b: Palafin|56\/100|[from] Recoil\n|move|p2a: Arcanine|Flare Blitz|p1a: Chien-Pao\n|-activate|p1a: Chien-Pao|move: Protect\n|move|p1b: Amoonguss|Spore|p2b: Palafin\n|-status|p2b: Palafin|slp|[from] move: Spore\n|\n|upkeep\n|turn|3\n|inactive|Piccius has 30 seconds left.\n|\n|t:|1682574783\n|switch|p1b: Arcanine|Arcanine, L50, M|100\/100\n|-ability|p1b: Arcanine|Intimidate|boost\n|-unboost|p2a: Arcanine|atk|1\n|-unboost|p2b: Palafin|atk|1\n|move|p1a: Chien-Pao|Sucker Punch|p2b: Palafin\n|-damage|p2b: Palafin|24\/100 slp\n|cant|p2b: Palafin|slp\n|move|p2a: Arcanine|Flare Blitz|p1a: Chien-Pao\n|-supereffective|p1a: Chien-Pao\n|-damage|p1a: Chien-Pao|0 fnt\n|faint|p1a: Chien-Pao\n|-damage|p2a: Arcanine|85\/100|[from] Recoil\n|\n|upkeep\n|\n|t:|1682574793\n|switch|p1a: Roaring Moon|Roaring Moon, L50|100\/100\n|-enditem|p1a: Roaring Moon|Booster Energy\n|-activate|p1a: Roaring Moon|ability: Protosynthesis|[fromitem]\n|-start|p1a: Roaring Moon|protosynthesisatk\n|turn|4\n|\n|t:|1682574804\n|switch|p2b: Amoonguss|Amoonguss, L50, M|100\/100\n|move|p1b: Arcanine|Extreme Speed|p2b: Amoonguss\n|-damage|p2b: Amoonguss|77\/100\n|move|p1a: Roaring Moon|Dragon Dance|p1a: Roaring Moon\n|-boost|p1a: Roaring Moon|atk|1\n|-boost|p1a: Roaring Moon|spe|1\n|move|p2a: Arcanine|Will-O-Wisp|p1a: Roaring Moon|[miss]\n|-miss|p2a: Arcanine|p1a: Roaring Moon\n|\n|upkeep\n|turn|5\n|\n|t:|1682574827\n|switch|p2a: Meowscarada|Meowscarada, L50, F|100\/100\n|move|p1a: Roaring Moon|Protect|p1a: Roaring Moon\n|-singleturn|p1a: Roaring Moon|Protect\n|move|p2b: Amoonguss|Protect|p2b: Amoonguss\n|-singleturn|p2b: Amoonguss|Protect\n|move|p1b: Arcanine|Flare Blitz|p2b: Amoonguss\n|-activate|p2b: Amoonguss|move: Protect\n|\n|upkeep\n|turn|6\n|inactive|mugiwaraLux has 30 seconds left.\n|\n|t:|1682574861\n|switch|p2b: Arcanine|Arcanine, L50, M|85\/100\n|-ability|p2b: Arcanine|Intimidate|boost\n|-unboost|p1a: Roaring Moon|atk|1\n|-unboost|p1b: Arcanine|atk|1\n|move|p2a: Meowscarada|Play Rough|p1a: Roaring Moon\n|-supereffective|p1a: Roaring Moon\n|-damage|p1a: Roaring Moon|0 fnt\n|faint|p1a: Roaring Moon\n|-end|p1a: Roaring Moon|Protosynthesis|[silent]\n|move|p1b: Arcanine|Flare Blitz|p2b: Arcanine\n|-resisted|p2b: Arcanine\n|-damage|p2b: Arcanine|66\/100\n|-damage|p1b: Arcanine|94\/100|[from] Recoil\n|\n|upkeep\n|\n|t:|1682574867\n|switch|p1a: Amoonguss|Amoonguss, L50, M, tera:Water|92\/100\n|turn|7\n|\n|t:|1682574883\n|switch|p2a: Amoonguss|Amoonguss, L50, M|100\/100\n|move|p1b: Arcanine|Extreme Speed|p2a: Amoonguss\n|-damage|p2a: Amoonguss|85\/100\n|move|p2b: Arcanine|Snarl|p1b: Arcanine|[spread] p1a,p1b\n|-crit|p1a: Amoonguss\n|-damage|p1a: Amoonguss|81\/100\n|-damage|p1b: Arcanine|87\/100\n|-unboost|p1a: Amoonguss|spa|1\n|-unboost|p1b: Arcanine|spa|1\n|move|p1a: Amoonguss|Pollen Puff|p2a: Amoonguss\n|-damage|p2a: Amoonguss|76\/100\n|\n|upkeep\n|turn|8\n|\n|t:|1682574903\n|move|p1b: Arcanine|Flare Blitz|p2a: Amoonguss\n|-supereffective|p2a: Amoonguss\n|-damage|p2a: Amoonguss|13\/100\n|-enditem|p2a: Amoonguss|Sitrus Berry|[eat]\n|-heal|p2a: Amoonguss|38\/100|[from] item: Sitrus Berry\n|-damage|p1b: Arcanine|64\/100|[from] Recoil\n|move|p2b: Arcanine|Will-O-Wisp|p1a: Amoonguss\n|-status|p1a: Amoonguss|brn\n|move|p1a: Amoonguss|Spore|p2b: Arcanine\n|-activate|p2b: Arcanine|item: Safety Goggles|Spore\n|move|p2a: Amoonguss|Spore|p1b: Arcanine\n|-activate|p1b: Arcanine|item: Safety Goggles|Spore\n|\n|-damage|p1a: Amoonguss|75\/100 brn|[from] brn\n|upkeep\n|turn|9\n|\n|t:|1682574923\n|move|p1b: Arcanine|Flare Blitz|p2a: Amoonguss\n|-supereffective|p2a: Amoonguss\n|-crit|p2a: Amoonguss\n|-damage|p2a: Amoonguss|0 fnt\n|faint|p2a: Amoonguss\n|-damage|p1b: Arcanine|50\/100|[from] Recoil\n|move|p2b: Arcanine|Snarl|p1b: Arcanine|[spread] p1a,p1b\n|-damage|p1a: Amoonguss|68\/100 brn\n|-damage|p1b: Arcanine|43\/100\n|-unboost|p1a: Amoonguss|spa|1\n|-unboost|p1b: Arcanine|spa|1\n|move|p1a: Amoonguss|Pollen Puff|p1b: Arcanine\n|-heal|p1b: Arcanine|93\/100\n|\n|-damage|p1a: Amoonguss|62\/100 brn|[from] brn\n|upkeep\n|\n|t:|1682574932\n|switch|p2a: Meowscarada|Meowscarada, L50, F|100\/100\n|turn|10\n|\n|t:|1682574955\n|move|p1a: Amoonguss|Protect|p1a: Amoonguss\n|-singleturn|p1a: Amoonguss|Protect\n|move|p2a: Meowscarada|Knock Off|p1b: Arcanine\n|-damage|p1b: Arcanine|42\/100\n|-enditem|p1b: Arcanine|Safety Goggles|[from] move: Knock Off|[of] p2a: Meowscarada\n|move|p1b: Arcanine|Flare Blitz|p2a: Meowscarada\n|-supereffective|p2a: Meowscarada\n|-damage|p2a: Meowscarada|0 fnt\n|faint|p2a: Meowscarada\n|-damage|p1b: Arcanine|17\/100|[from] Recoil\n|move|p2b: Arcanine|Flare Blitz|p1b: Arcanine\n|-resisted|p1b: Arcanine\n|-damage|p1b: Arcanine|0 fnt\n|faint|p1b: Arcanine\n|-damage|p2b: Arcanine|60\/100|[from] Recoil\n|\n|-damage|p1a: Amoonguss|56\/100 brn|[from] brn\n|upkeep\n|\n|t:|1682574964\n|switch|p2a: Palafin|Palafin-Hero, L50, F, tera:Water|24\/100 slp\n|turn|11\n|\n|t:|1682574974\n|cant|p2a: Palafin|slp\n|move|p2b: Arcanine|Snarl|p1a: Amoonguss\n|-damage|p1a: Amoonguss|45\/100 brn\n|-unboost|p1a: Amoonguss|spa|1\n|move|p1a: Amoonguss|Pollen Puff|p2a: Palafin\n|-damage|p2a: Palafin|16\/100 slp\n|\n|-damage|p1a: Amoonguss|39\/100 brn|[from] brn\n|upkeep\n|turn|12\n|c|\u2606mugiwaraLux|gg\n|\n|t:|1682574986\n|-curestatus|p2a: Palafin|slp|[msg]\n|move|p2a: Palafin|Close Combat|p1a: Amoonguss\n|-damage|p1a: Amoonguss|0 fnt\n|-unboost|p2a: Palafin|def|1\n|-unboost|p2a: Palafin|spd|1\n|faint|p1a: Amoonguss\n|\n|win|Piccius\n|raw|mugiwaraLux's rating: 1380 → 1367<\/strong> (-13 for losing)\n|raw|Piccius's rating: 1498 → 1511<\/strong> (+13 for winning)\n","uploadtime":1682574991,"views":11,"p1id":"mugiwaralux","p2id":"piccius","formatid":"gen9vgc2023regulationc","rating":1367,"private":0,"password":""}