{"id":"gen9vgc2023regulationc-1845346228","p1":"Robbie35646","p2":"CbuttyVGC","format":"[Gen 9] VGC 2023 Regulation C","log":"|j|\u2606Robbie35646\n|j|\u2606CbuttyVGC\n|t:|1681719002\n|gametype|doubles\n|player|p1|Robbie35646|larry|\n|player|p2|CbuttyVGC|acetrainer-gen4dp|\n|teamsize|p1|6\n|teamsize|p2|6\n|gen|9\n|tier|[Gen 9] VGC 2023 Regulation C\n|rule|Species Clause: Limit one of each Pok\u00e9mon\n|rule|Item Clause: Limit one of each item\n|clearpoke\n|poke|p1|Ting-Lu, L50|\n|poke|p1|Palafin, L50, F|\n|poke|p1|Amoonguss, L50, F|\n|poke|p1|Arcanine, L50, F|\n|poke|p1|Flutter Mane, L50|\n|poke|p1|Baxcalibur, L50, M|\n|poke|p2|Flutter Mane, L50|\n|poke|p2|Wo-Chien, L50|\n|poke|p2|Gholdengo, L50|\n|poke|p2|Iron Hands, L50|\n|poke|p2|Arcanine, L50, F|\n|poke|p2|Palafin, L50, M|\n|teampreview|4\n|inactive|Battle timer is ON: inactive players will automatically lose when time's up. (requested by CbuttyVGC)\n|inactiveoff|Battle timer is now OFF.\n|c|\u2606Robbie35646|i just forfeited the roomtour game\n|c|\u2606CbuttyVGC|Okie\n|c|\u2606Robbie35646|so now i can actually look at the game xd\nCbuttyVGC has agreed to open team sheets.\nRobbie35646 has agreed to open team sheets.\n|\n|t:|1681719050\n|start\n|switch|p1a: Ting-Lu|Ting-Lu, L50|100\/100\n|switch|p1b: Palafin|Palafin, L50, F, shiny|100\/100\n|switch|p2a: Iron Hands|Iron Hands, L50|100\/100\n|switch|p2b: Arcanine|Arcanine, L50, F|100\/100\n|-ability|p2b: Arcanine|Intimidate|boost\n|-unboost|p1a: Ting-Lu|atk|1\n|-unboost|p1b: Palafin|atk|1\n|-ability|p1a: Ting-Lu|Vessel of Ruin\n|turn|1\n|\n|t:|1681719068\n|detailschange|p1b: Palafin|Palafin-Hero, L50, F, shiny\n|switch|p1b: Arcanine|Arcanine, L50, F|100\/100\n|-ability|p1b: Arcanine|Intimidate|boost\n|-unboost|p2a: Iron Hands|atk|1\n|-unboost|p2b: Arcanine|atk|1\n|switch|p1a: Flutter Mane|Flutter Mane, L50|100\/100\n|move|p2b: Arcanine|Will-O-Wisp|p1a: Flutter Mane\n|-status|p1a: Flutter Mane|brn\n|move|p2a: Iron Hands|Volt Switch|p1b: Arcanine\n|-damage|p1b: Arcanine|88\/100\n|\n|t:|1681719084\n|-end|p2a: Iron Hands|Quark Drive|[silent]\n|switch|p2a: Gholdengo|Gholdengo, L50|100\/100|[from] Volt Switch\n|\n|-damage|p1a: Flutter Mane|95\/100 brn|[from] brn\n|upkeep\n|turn|2\n|\n|t:|1681719110\n|move|p2a: Gholdengo|Protect|p2a: Gholdengo\n|-singleturn|p2a: Gholdengo|Protect\n|move|p1a: Flutter Mane|Dazzling Gleam|p2a: Gholdengo|[spread] p2b\n|-activate|p2a: Gholdengo|move: Protect\n|-resisted|p2b: Arcanine\n|-damage|p2b: Arcanine|75\/100\n|move|p1b: Arcanine|Flare Blitz|p2a: Gholdengo\n|-activate|p2a: Gholdengo|move: Protect\n|move|p2b: Arcanine|Snarl|p1b: Arcanine|[spread] p1a,p1b\n|-damage|p1a: Flutter Mane|88\/100 brn\n|-damage|p1b: Arcanine|80\/100\n|-unboost|p1a: Flutter Mane|spa|1\n|-unboost|p1b: Arcanine|spa|1\n|\n|-damage|p1a: Flutter Mane|82\/100 brn|[from] brn\n|upkeep\n|turn|3\n|\n|t:|1681719124\n|-end|p1a: Flutter Mane|Protosynthesis|[silent]\n|switch|p1a: Palafin|Palafin-Hero, L50, F, shiny|100\/100\n|-activate|p1a: Palafin|ability: Zero to Hero\n|-terastallize|p2a: Gholdengo|Water\n|move|p1b: Arcanine|Flare Blitz|p2a: Gholdengo\n|-resisted|p2a: Gholdengo\n|-damage|p2a: Gholdengo|76\/100\n|-damage|p1b: Arcanine|72\/100|[from] Recoil\n|move|p2b: Arcanine|Snarl|p1b: Arcanine|[spread] p1a,p1b\n|-damage|p1a: Palafin|93\/100\n|-damage|p1b: Arcanine|63\/100\n|-unboost|p1a: Palafin|spa|1\n|-unboost|p1b: Arcanine|spa|1\n|move|p2a: Gholdengo|Nasty Plot|p2a: Gholdengo\n|-boost|p2a: Gholdengo|spa|2\n|\n|upkeep\n|turn|4\n|\n|t:|1681719135\n|switch|p2b: Wo-Chien|Wo-Chien, L50|100\/100\n|-ability|p2b: Wo-Chien|Tablets of Ruin\n|move|p1b: Arcanine|Flare Blitz|p2b: Wo-Chien\n|-supereffective|p2b: Wo-Chien\n|-damage|p2b: Wo-Chien|39\/100\n|-damage|p1b: Arcanine|44\/100|[from] Recoil\n|move|p1a: Palafin|Haze|p1a: Palafin\n|-clearallboost\n|move|p2a: Gholdengo|Shadow Ball|p1a: Palafin\n|-damage|p1a: Palafin|48\/100\n|\n|-heal|p2b: Wo-Chien|45\/100|[from] item: Leftovers\n|upkeep\n|turn|5\n|\n|t:|1681719163\n|switch|p2b: Arcanine|Arcanine, L50, F|75\/100\n|-ability|p2b: Arcanine|Intimidate|boost\n|-unboost|p1a: Palafin|atk|1\n|-unboost|p1b: Arcanine|atk|1\n|move|p1b: Arcanine|Flare Blitz|p2b: Arcanine\n|-resisted|p2b: Arcanine\n|-damage|p2b: Arcanine|58\/100\n|-damage|p1b: Arcanine|39\/100|[from] Recoil\n|move|p1a: Palafin|Wave Crash|p2a: Gholdengo\n|-resisted|p2a: Gholdengo\n|-damage|p2a: Gholdengo|48\/100\n|-enditem|p2a: Gholdengo|Sitrus Berry|[eat]\n|-heal|p2a: Gholdengo|73\/100|[from] item: Sitrus Berry\n|-damage|p1a: Palafin|39\/100|[from] Recoil\n|move|p2a: Gholdengo|Shadow Ball|p1a: Palafin\n|-damage|p1a: Palafin|0 fnt\n|faint|p1a: Palafin\n|\n|upkeep\n|\n|t:|1681719171\n|switch|p1a: Flutter Mane|Flutter Mane, L50|82\/100 brn\n|turn|6\n|\n|t:|1681719196\n|-terastallize|p1a: Flutter Mane|Steel\n|move|p2a: Gholdengo|Protect|p2a: Gholdengo\n|-singleturn|p2a: Gholdengo|Protect\n|move|p1a: Flutter Mane|Shadow Ball|p2b: Arcanine\n|-damage|p2b: Arcanine|0 fnt\n|faint|p2b: Arcanine\n|move|p1b: Arcanine|Flare Blitz|p2a: Gholdengo\n|-activate|p2a: Gholdengo|move: Protect\n|\n|-damage|p1a: Flutter Mane|77\/100 brn|[from] brn\n|upkeep\n|\n|t:|1681719206\n|switch|p2b: Iron Hands|Iron Hands, L50|100\/100\n|turn|7\n|\n|t:|1681719217\n|-end|p1a: Flutter Mane|Protosynthesis|[silent]\n|switch|p1a: Ting-Lu|Ting-Lu, L50|100\/100\n|-ability|p1a: Ting-Lu|Vessel of Ruin\n|move|p1b: Arcanine|Protect|p1b: Arcanine\n|-singleturn|p1b: Arcanine|Protect\n|move|p2a: Gholdengo|Nasty Plot|p2a: Gholdengo\n|-boost|p2a: Gholdengo|spa|2\n|move|p2b: Iron Hands|Drain Punch|p1a: Ting-Lu\n|-supereffective|p1a: Ting-Lu\n|-crit|p1a: Ting-Lu\n|-damage|p1a: Ting-Lu|22\/100\n|\n|upkeep\n|turn|8\n|c|\u2606Robbie35646|this is actually unplayable for me\n|c|\u2606CbuttyVGC|Damn really?\n|c|\u2606Robbie35646|this mu\n|c|\u2606CbuttyVGC|Ohh\n|c|\u2606Robbie35646|terawater gholdengo is just insane vs balance\n|c|\u2606CbuttyVGC|Yeaa\n|c|\u2606CbuttyVGC|The snail and arc definitely don't help you either\n|c|\u2606Robbie35646|i want to run iron hands\n|c|\u2606Robbie35646|and maybe i should\n|c|\u2606Robbie35646|just run hands\n|c|\u2606Robbie35646|gg\n|-message|Robbie35646 forfeited.\n|\n|win|CbuttyVGC\n|l|\u2606Robbie35646\n|c|\u2606CbuttyVGC|Gg\n|j|\u2606Robbie35646\n|player|p1|Robbie35646|larry\n|l|\u2606CbuttyVGC\n|j|\u2606CbuttyVGC\n|player|p2|CbuttyVGC|acetrainer-gen4dp\n","uploadtime":1681719420,"views":13,"p1id":"robbie35646","p2id":"cbuttyvgc","formatid":"gen9vgc2023regulationc","rating":0,"private":0,"password":""}