{"id":"gen9vgc2023regulationc-1850059193","p1":"valintino","p2":"ollun336699","format":"[Gen 9] VGC 2023 Regulation C","log":"|j|\u2606valintino\n|j|\u2606ollun336699\n|t:|1682282748\n|gametype|doubles\n|player|p1|valintino|169|1333\n|player|p2|ollun336699|2|1249\n|teamsize|p1|6\n|teamsize|p2|6\n|gen|9\n|tier|[Gen 9] VGC 2023 Regulation C\n|rated|\n|rule|Species Clause: Limit one of each Pok\u00e9mon\n|rule|Item Clause: Limit one of each item\n|clearpoke\n|poke|p1|Ting-Lu, L50|\n|poke|p1|Dondozo, L50, M|\n|poke|p1|Medicham, L50, F|\n|poke|p1|Lycanroc-Midnight, L50, F|\n|poke|p1|Cryogonal, L50|\n|poke|p1|Tauros-Paldea-Blaze, L50, M|\n|poke|p2|Chien-Pao, L50|\n|poke|p2|Gyarados, L50, M|\n|poke|p2|Rotom-Wash, L50|\n|poke|p2|Arcanine, L50, F|\n|poke|p2|Baxcalibur, L50, M|\n|poke|p2|Flutter Mane, L50|\n|teampreview|4\n|\n|t:|1682282800\n|start\n|switch|p1a: Lycanroc|Lycanroc-Midnight, L50, F|100\/100\n|switch|p1b: Medicham|Medicham, L50, F|100\/100\n|switch|p2a: Flutter Mane|Flutter Mane, L50|100\/100\n|switch|p2b: Gyarados|Gyarados, L50, M|100\/100\n|-ability|p2b: Gyarados|Intimidate|boost\n|-unboost|p1a: Lycanroc|atk|1\n|-unboost|p1b: Medicham|atk|1\n|-enditem|p2a: Flutter Mane|Booster Energy\n|-activate|p2a: Flutter Mane|ability: Protosynthesis|[fromitem]\n|-start|p2a: Flutter Mane|protosynthesisspe\n|turn|1\n|\n|t:|1682282844\n|move|p2b: Gyarados|Protect|p2b: Gyarados\n|-singleturn|p2b: Gyarados|Protect\n|move|p1b: Medicham|Fake Out|p2b: Gyarados\n|-activate|p2b: Gyarados|move: Protect\n|move|p2a: Flutter Mane|Shadow Ball|p1b: Medicham\n|-supereffective|p1b: Medicham\n|-enditem|p1b: Medicham|Focus Sash\n|-damage|p1b: Medicham|1\/100\n|move|p1a: Lycanroc|Stone Edge|p2a: Flutter Mane\n|-crit|p2a: Flutter Mane\n|-damage|p2a: Flutter Mane|0 fnt\n|faint|p2a: Flutter Mane\n|-end|p2a: Flutter Mane|Protosynthesis|[silent]\n|\n|upkeep\n|inactive|Battle timer is ON: inactive players will automatically lose when time's up. (requested by ollun336699)\n|\n|t:|1682282864\n|switch|p2a: Rotom|Rotom-Wash, L50|100\/100\n|turn|2\n|inactive|valintino has 30 seconds left.\n|\n|t:|1682282896\n|-terastallize|p1a: Lycanroc|Water\n|move|p1b: Medicham|Detect|p1b: Medicham\n|-singleturn|p1b: Medicham|Protect\n|move|p2b: Gyarados|Waterfall|p1b: Medicham\n|-activate|p1b: Medicham|move: Protect\n|move|p2a: Rotom|Hydro Pump|p1a: Lycanroc\n|-resisted|p1a: Lycanroc\n|-damage|p1a: Lycanroc|65\/100\n|move|p1a: Lycanroc|Stone Edge|p2b: Gyarados\n|-supereffective|p2b: Gyarados\n|-damage|p2b: Gyarados|14\/100\n|\n|upkeep\n|turn|3\n|\n|t:|1682282914\n|move|p2b: Gyarados|Waterfall|p1b: Medicham\n|-damage|p1b: Medicham|0 fnt\n|faint|p1b: Medicham\n|move|p2a: Rotom|Thunderbolt|p1a: Lycanroc\n|-supereffective|p1a: Lycanroc\n|-damage|p1a: Lycanroc|0 fnt\n|faint|p1a: Lycanroc\n|\n|upkeep\n|\n|t:|1682282923\n|switch|p1b: Cryogonal|Cryogonal, L50|100\/100\n|switch|p1a: Ting-Lu|Ting-Lu, L50|100\/100\n|-ability|p1a: Ting-Lu|Vessel of Ruin\n|turn|4\n|inactive|valintino has 30 seconds left.\n|\n|t:|1682282952\n|-terastallize|p2a: Rotom|Fire\n|move|p1b: Cryogonal|Frost Breath|p2b: Gyarados\n|-crit|p2b: Gyarados\n|-damage|p2b: Gyarados|0 fnt\n|faint|p2b: Gyarados\n|move|p2a: Rotom|Tera Blast|p1b: Cryogonal\n|-supereffective|p1b: Cryogonal\n|-damage|p1b: Cryogonal|59\/100\n|move|p1a: Ting-Lu|Ruination|p2a: Rotom\n|-damage|p2a: Rotom|51\/100\n|\n|upkeep\n|\n|t:|1682282963\n|switch|p2b: Chien-Pao|Chien-Pao, L50|100\/100\n|-ability|p2b: Chien-Pao|Sword of Ruin\n|turn|5\n|\n|t:|1682282986\n|move|p1b: Cryogonal|Protect|p1b: Cryogonal\n|-singleturn|p1b: Cryogonal|Protect\n|move|p2a: Rotom|Protect|p2a: Rotom\n|-singleturn|p2a: Rotom|Protect\n|move|p2b: Chien-Pao|Ice Spinner|p1a: Ting-Lu\n|-supereffective|p1a: Ting-Lu\n|-damage|p1a: Ting-Lu|33\/100\n|move|p1a: Ting-Lu|Heavy Slam|p2b: Chien-Pao\n|-supereffective|p2b: Chien-Pao\n|-damage|p2b: Chien-Pao|15\/100\n|\n|upkeep\n|turn|6\n|inactive|valintino has 30 seconds left.\n|inactive|ollun336699 has 30 seconds left.\n|\n|t:|1682283015\n|move|p2b: Chien-Pao|Ice Spinner|p1a: Ting-Lu\n|-supereffective|p1a: Ting-Lu\n|-crit|p1a: Ting-Lu\n|-damage|p1a: Ting-Lu|0 fnt\n|faint|p1a: Ting-Lu\n|move|p1b: Cryogonal|Frost Breath|p2b: Chien-Pao\n|-resisted|p2b: Chien-Pao\n|-crit|p2b: Chien-Pao\n|-damage|p2b: Chien-Pao|0 fnt\n|faint|p2b: Chien-Pao\n|move|p2a: Rotom|Tera Blast|p1b: Cryogonal\n|-supereffective|p1b: Cryogonal\n|-damage|p1b: Cryogonal|4\/100\n|\n|upkeep\n|turn|7\n|\n|t:|1682283029\n|move|p1b: Cryogonal|Sheer Cold|p2a: Rotom\n|-damage|p2a: Rotom|0 fnt\n|faint|p2a: Rotom\n|-ohko\n|\n|win|valintino\n|raw|valintino's rating: 1333 → 1348<\/strong> (+15 for winning)\n|raw|ollun336699's rating: 1249 → 1230<\/strong> (-19 for losing)\n|l|\u2606ollun336699\n|c|\u2606valintino|HIM\n","uploadtime":1682283044,"views":13,"p1id":"valintino","p2id":"ollun336699","formatid":"gen9vgc2023regulationc","rating":1230,"private":0,"password":""}