{"id":"gen9vgc2023regulationc-1861584838","p1":"Catv470","p2":"0Elusia0","format":"[Gen 9] VGC 2023 Regulation C","log":"|j|\u2606Catv470\n|j|\u26060Elusia0\n|t:|1683776825\n|gametype|doubles\n|player|p1|Catv470|sonia-professor|1071\n|player|p2|0Elusia0|roxie|1084\n|teamsize|p1|6\n|teamsize|p2|6\n|gen|9\n|tier|[Gen 9] VGC 2023 Regulation C\n|rated|\n|rule|Species Clause: Limit one of each Pok\u00e9mon\n|rule|Item Clause: Limit one of each item\n|clearpoke\n|poke|p1|Chien-Pao, L50|\n|poke|p1|Dragonite, L50, M|\n|poke|p1|Farigiraf, L50, M|\n|poke|p1|Gyarados, L50, F|\n|poke|p1|Flutter Mane, L50|\n|poke|p1|Roaring Moon, L50|\n|poke|p2|Indeedee-F, L50, F|\n|poke|p2|Drifblim, L50, F|\n|poke|p2|Wo-Chien, L50|\n|poke|p2|Gothitelle, L50, F|\n|poke|p2|Scream Tail, L50|\n|poke|p2|Flutter Mane, L50|\n|teampreview|4\n|inactive|Battle timer is ON: inactive players will automatically lose when time's up. (requested by 0Elusia0)\n|inactive|Catv470 also wants the timer to be on.\n|\n|t:|1683776851\n|start\n|switch|p1a: salt|Roaring Moon, L50|100\/100\n|switch|p1b: misdrevaus+|Flutter Mane, L50|100\/100\n|switch|p2a: Indeedee|Indeedee-F, L50, F|100\/100\n|switch|p2b: Drifblim|Drifblim, L50, F|100\/100\n|-fieldstart|move: Psychic Terrain|[from] ability: Psychic Surge|[of] p2a: Indeedee\n|-enditem|p2b: Drifblim|Psychic Seed\n|-boost|p2b: Drifblim|spd|1|[from] item: Psychic Seed\n|-enditem|p1a: salt|Booster Energy\n|-activate|p1a: salt|ability: Protosynthesis|[fromitem]\n|-start|p1a: salt|protosynthesisatk\n|turn|1\n|\n|t:|1683776871\n|move|p1b: misdrevaus+|Shadow Ball|p2b: Drifblim\n|-supereffective|p2b: Drifblim\n|-damage|p2b: Drifblim|52\/100\n|-unboost|p2b: Drifblim|spd|1\n|move|p2b: Drifblim|Minimize|p2b: Drifblim\n|-boost|p2b: Drifblim|evasion|2\n|move|p1a: salt|Tailwind|p1a: salt\n|-sidestart|p1: Catv470|move: Tailwind\n|move|p2a: Indeedee|Charm|p1a: salt\n|-unboost|p1a: salt|atk|2\n|\n|upkeep\n|turn|2\n|\n|t:|1683776890\n|move|p2a: Indeedee|Follow Me|p2a: Indeedee\n|-singleturn|p2a: Indeedee|move: Follow Me\n|move|p1b: misdrevaus+|Shadow Ball|p2a: Indeedee\n|-immune|p2a: Indeedee\n|move|p1a: salt|Throat Chop|p2a: Indeedee\n|-supereffective|p2a: Indeedee\n|-damage|p2a: Indeedee|16\/100\n|-start|p2a: Indeedee|Throat Chop|[silent]\n|move|p2b: Drifblim|Substitute|p2b: Drifblim\n|-start|p2b: Drifblim|Substitute\n|-damage|p2b: Drifblim|27\/100\n|\n|upkeep\n|turn|3\n|\n|t:|1683776911\n|-end|p1a: salt|Protosynthesis|[silent]\n|switch|p1a: !|Chien-Pao, L50|100\/100\n|-ability|p1a: !|Sword of Ruin\n|-terastallize|p1b: misdrevaus+|Fairy\n|move|p1b: misdrevaus+|Dazzling Gleam|p2a: Indeedee|[spread] p2a\n|-miss|p1b: misdrevaus+|p2b: Drifblim\n|-damage|p2a: Indeedee|0 fnt\n|faint|p2a: Indeedee\n|move|p2b: Drifblim|Minimize|p2b: Drifblim\n|-boost|p2b: Drifblim|evasion|2\n|\n|upkeep\n|\n|t:|1683776924\n|switch|p2a: Gothitelle|Gothitelle, L50, F|100\/100\n|turn|4\n|\n|t:|1683776932\n|move|p1a: !|Crunch|p2a: Gothitelle\n|-supereffective|p2a: Gothitelle\n|-damage|p2a: Gothitelle|0 fnt\n|faint|p2a: Gothitelle\n|-damage|p1a: !|91\/100|[from] item: Life Orb\n|move|p1b: misdrevaus+|Dazzling Gleam|p2b: Drifblim|[miss]\n|-miss|p1b: misdrevaus+|p2b: Drifblim\n|move|p2b: Drifblim|Baton Pass|p2b: Drifblim\n|\n|t:|1683776935\n|switch|p2b: Wo-Chien|Wo-Chien, L50|100\/100|[from] Baton Pass\n|-ability|p2b: Wo-Chien|Tablets of Ruin\n|\n|-sideend|p1: Catv470|move: Tailwind\n|upkeep\n|\n|t:|1683776937\n|switch|p2a: Drifblim|Drifblim, L50, F|27\/100\n|turn|5\n|\n|t:|1683776948\n|move|p1a: !|Icy Wind|p2a: Drifblim|[spread] p2a\n|-miss|p1a: !|p2b: Wo-Chien\n|-supereffective|p2a: Drifblim\n|-damage|p2a: Drifblim|0 fnt\n|faint|p2a: Drifblim\n|-damage|p1a: !|81\/100|[from] item: Life Orb\n|move|p1b: misdrevaus+|Dazzling Gleam|p2b: Wo-Chien|[miss]\n|-miss|p1b: misdrevaus+|p2b: Wo-Chien\n|move|p2b: Wo-Chien|Leech Seed|p1a: !\n|-start|p1a: !|move: Leech Seed\n|\n|-damage|p1a: !|69\/100|[from] Leech Seed|[of] p2b: Wo-Chien\n|-fieldend|move: Psychic Terrain\n|upkeep\n|turn|6\n|\n|t:|1683776965\n|-terastallize|p2b: Wo-Chien|Fire\n|move|p1b: misdrevaus+|Moonblast|p2b: Wo-Chien|[miss]\n|-miss|p1b: misdrevaus+|p2b: Wo-Chien\n|move|p1a: !|Ice Spinner|p2b: Wo-Chien\n|-resisted|p2b: Wo-Chien\n|-activate|p2b: Wo-Chien|move: Substitute|[damage]\n|-damage|p1a: !|59\/100|[from] item: Life Orb\n|move|p2b: Wo-Chien|Leech Seed|p1b: misdrevaus+\n|-start|p1b: misdrevaus+|move: Leech Seed\n|\n|-damage|p1a: !|47\/100|[from] Leech Seed|[of] p2b: Wo-Chien\n|-damage|p1b: misdrevaus+|88\/100|[from] Leech Seed|[of] p2b: Wo-Chien\n|upkeep\n|turn|7\n|inactive|0Elusia0 has 30 seconds left.\n|\n|t:|1683776993\n|move|p1b: misdrevaus+|Shadow Ball|p2b: Wo-Chien\n|-end|p2b: Wo-Chien|Substitute\n|move|p1a: !|Sacred Sword|p2b: Wo-Chien\n|-damage|p2b: Wo-Chien|67\/100\n|-damage|p1a: !|38\/100|[from] item: Life Orb\n|move|p2b: Wo-Chien|Ruination|p1b: misdrevaus+\n|-damage|p1b: misdrevaus+|44\/100\n|\n|-heal|p2b: Wo-Chien|73\/100|[from] item: Leftovers\n|-damage|p1a: !|25\/100|[from] Leech Seed|[of] p2b: Wo-Chien\n|-heal|p2b: Wo-Chien|83\/100|[silent]\n|-damage|p1b: misdrevaus+|32\/100|[from] Leech Seed|[of] p2b: Wo-Chien\n|-heal|p2b: Wo-Chien|92\/100|[silent]\n|upkeep\n|turn|8\n|inactive|Catv470 has 30 seconds left.\n|\n|t:|1683777019\n|move|p1b: misdrevaus+|Moonblast|p2b: Wo-Chien|[miss]\n|-miss|p1b: misdrevaus+|p2b: Wo-Chien\n|move|p1a: !|Sacred Sword|p2b: Wo-Chien\n|-damage|p2b: Wo-Chien|60\/100\n|-damage|p1a: !|16\/100|[from] item: Life Orb\n|move|p2b: Wo-Chien|Snarl|p1a: !|[spread] p1a,p1b\n|-resisted|p1a: !\n|-resisted|p1b: misdrevaus+\n|-damage|p1a: !|5\/100\n|-damage|p1b: misdrevaus+|25\/100\n|-unboost|p1a: !|spa|1\n|-unboost|p1b: misdrevaus+|spa|1\n|\n|-heal|p2b: Wo-Chien|67\/100|[from] item: Leftovers\n|-damage|p1a: !|0 fnt|[from] Leech Seed|[of] p2b: Wo-Chien\n|-heal|p2b: Wo-Chien|70\/100|[silent]\n|faint|p1a: !\n|-damage|p1b: misdrevaus+|13\/100|[from] Leech Seed|[of] p2b: Wo-Chien\n|-heal|p2b: Wo-Chien|79\/100|[silent]\n|upkeep\n|\n|t:|1683777025\n|switch|p1a: salt|Roaring Moon, L50|100\/100\n|turn|9\n|\n|t:|1683777042\n|move|p1b: misdrevaus+|Moonblast|p2b: Wo-Chien|[miss]\n|-miss|p1b: misdrevaus+|p2b: Wo-Chien\n|move|p1a: salt|Acrobatics|p2b: Wo-Chien|[miss]\n|-miss|p1a: salt|p2b: Wo-Chien\n|move|p2b: Wo-Chien|Leech Seed|p1a: salt\n|-start|p1a: salt|move: Leech Seed\n|\n|-heal|p2b: Wo-Chien|85\/100|[from] item: Leftovers\n|-damage|p1b: misdrevaus+|0 fnt|[from] Leech Seed|[of] p2b: Wo-Chien\n|-heal|p2b: Wo-Chien|93\/100|[silent]\n|faint|p1b: misdrevaus+\n|-end|p1b: misdrevaus+|Protosynthesis|[silent]\n|-damage|p1a: salt|88\/100|[from] Leech Seed|[of] p2b: Wo-Chien\n|-heal|p2b: Wo-Chien|100\/100|[silent]\n|upkeep\n|\n|t:|1683777049\n|switch|p1b: flying worm|Gyarados, L50, F|100\/100\n|-ability|p1b: flying worm|Intimidate|boost\n|-unboost|p2b: Wo-Chien|atk|1\n|turn|10\n|\n|t:|1683777057\n|move|p1a: salt|Acrobatics|p2b: Wo-Chien|[miss]\n|-miss|p1a: salt|p2b: Wo-Chien\n|move|p1b: flying worm|Waterfall|p2b: Wo-Chien\n|-supereffective|p2b: Wo-Chien\n|-crit|p2b: Wo-Chien\n|-damage|p2b: Wo-Chien|38\/100\n|move|p2b: Wo-Chien|Leech Seed|p1b: flying worm\n|-start|p1b: flying worm|move: Leech Seed\n|\n|-heal|p2b: Wo-Chien|44\/100|[from] item: Leftovers\n|-damage|p1a: salt|76\/100|[from] Leech Seed|[of] p2b: Wo-Chien\n|-heal|p2b: Wo-Chien|56\/100|[silent]\n|-damage|p1b: flying worm|88\/100|[from] Leech Seed|[of] p2b: Wo-Chien\n|-heal|p2b: Wo-Chien|67\/100|[silent]\n|upkeep\n|turn|11\n|\n|t:|1683777072\n|move|p1a: salt|Acrobatics|p2b: Wo-Chien|[miss]\n|-miss|p1a: salt|p2b: Wo-Chien\n|move|p1b: flying worm|Waterfall|p2b: Wo-Chien|[miss]\n|-miss|p1b: flying worm|p2b: Wo-Chien\n|move|p2b: Wo-Chien|Ruination|p1b: flying worm\n|-damage|p1b: flying worm|45\/100\n|-enditem|p1b: flying worm|Sitrus Berry|[eat]\n|-heal|p1b: flying worm|69\/100|[from] item: Sitrus Berry\n|\n|-heal|p2b: Wo-Chien|73\/100|[from] item: Leftovers\n|-damage|p1a: salt|64\/100|[from] Leech Seed|[of] p2b: Wo-Chien\n|-heal|p2b: Wo-Chien|84\/100|[silent]\n|-damage|p1b: flying worm|57\/100|[from] Leech Seed|[of] p2b: Wo-Chien\n|-heal|p2b: Wo-Chien|95\/100|[silent]\n|upkeep\n|turn|12\n|\n|t:|1683777090\n|move|p1a: salt|Acrobatics|p2b: Wo-Chien\n|-damage|p2b: Wo-Chien|68\/100\n|move|p1b: flying worm|Waterfall|p2b: Wo-Chien\n|-supereffective|p2b: Wo-Chien\n|-damage|p2b: Wo-Chien|20\/100\n|move|p2b: Wo-Chien|Ruination|p1b: flying worm\n|-damage|p1b: flying worm|29\/100\n|\n|-heal|p2b: Wo-Chien|26\/100|[from] item: Leftovers\n|-damage|p1a: salt|52\/100|[from] Leech Seed|[of] p2b: Wo-Chien\n|-heal|p2b: Wo-Chien|37\/100|[silent]\n|-damage|p1b: flying worm|16\/100|[from] Leech Seed|[of] p2b: Wo-Chien\n|-heal|p2b: Wo-Chien|48\/100|[silent]\n|upkeep\n|turn|13\n|\n|t:|1683777107\n|move|p1a: salt|Acrobatics|p2b: Wo-Chien\n|-crit|p2b: Wo-Chien\n|-damage|p2b: Wo-Chien|10\/100\n|move|p1b: flying worm|Waterfall|p2b: Wo-Chien|[miss]\n|-miss|p1b: flying worm|p2b: Wo-Chien\n|move|p2b: Wo-Chien|Ruination|p1b: flying worm\n|-damage|p1b: flying worm|9\/100\n|\n|-heal|p2b: Wo-Chien|16\/100|[from] item: Leftovers\n|-damage|p1a: salt|40\/100|[from] Leech Seed|[of] p2b: Wo-Chien\n|-heal|p2b: Wo-Chien|28\/100|[silent]\n|-damage|p1b: flying worm|0 fnt|[from] Leech Seed|[of] p2b: Wo-Chien\n|-heal|p2b: Wo-Chien|35\/100|[silent]\n|faint|p1b: flying worm\n|upkeep\n|turn|14\n|c|\u2606Catv470|oh my fucking god\n|\n|t:|1683777126\n|move|p1a: salt|Acrobatics|p2b: Wo-Chien|[miss]\n|-miss|p1a: salt|p2b: Wo-Chien\n|move|p2b: Wo-Chien|Ruination|p1a: salt\n|-damage|p1a: salt|20\/100\n|\n|-heal|p2b: Wo-Chien|41\/100|[from] item: Leftovers\n|-damage|p1a: salt|8\/100|[from] Leech Seed|[of] p2b: Wo-Chien\n|-heal|p2b: Wo-Chien|53\/100|[silent]\n|upkeep\n|turn|15\n|\n|t:|1683777137\n|move|p1a: salt|Acrobatics|p2b: Wo-Chien|[miss]\n|-miss|p1a: salt|p2b: Wo-Chien\n|move|p2b: Wo-Chien|Ruination|p1a: salt\n|-damage|p1a: salt|4\/100\n|\n|-heal|p2b: Wo-Chien|59\/100|[from] item: Leftovers\n|-damage|p1a: salt|0 fnt|[from] Leech Seed|[of] p2b: Wo-Chien\n|-heal|p2b: Wo-Chien|62\/100|[silent]\n|faint|p1a: salt\n|-end|p1a: salt|Protosynthesis|[silent]\n|\n|win|0Elusia0\n|upkeep\n|raw|Catv470's rating: 1071 → 1051<\/strong> (-20 for losing)\n|raw|0Elusia0's rating: 1084 → 1110<\/strong> (+26 for winning)\n|c|\u2606Catv470|minimize baton pass and then leftovers w\/leech seed\n|c|\u2606Catv470|on god \ud83d\udc80\n","uploadtime":1683777171,"views":21,"p1id":"catv470","p2id":"0elusia0","formatid":"gen9vgc2023regulationc","rating":1051,"private":0,"password":""}