{"id":"gen9vgc2023regulationc-1852997147","p1":"jacob weedson","p2":"b(R)2","format":"[Gen 9] VGC 2023 Regulation C","log":"|j|\u2606jacob weedson\n|j|\u2606b(R)2\n|t:|1682624135\n|gametype|doubles\n|player|p1|jacob weedson|crasherwake|1308\n|player|p2|b(R)2|266|1356\n|teamsize|p1|6\n|teamsize|p2|6\n|gen|9\n|tier|[Gen 9] VGC 2023 Regulation C\n|rated|\n|rule|Species Clause: Limit one of each Pok\u00e9mon\n|rule|Item Clause: Limit one of each item\n|clearpoke\n|poke|p1|Tyranitar, L50, M|\n|poke|p1|Scream Tail, L50|\n|poke|p1|Gyarados, L50, M|\n|poke|p1|Ting-Lu, L50|\n|poke|p1|Orthworm, L50, M|\n|poke|p1|Flutter Mane, L50|\n|poke|p2|Ting-Lu, L50|\n|poke|p2|Amoonguss, L50, M|\n|poke|p2|Garganacl, L50, F|\n|poke|p2|Arcanine, L50, F|\n|poke|p2|Roaring Moon, L50|\n|poke|p2|Iron Bundle, L50|\n|teampreview|4\nb(R)2 has agreed to open team sheets.\njacob weedson has agreed to open team sheets.\n|\n|t:|1682624208\n|start\n|switch|p1a: corey|Orthworm, L50, M|100\/100\n|switch|p1b: hi-jinx|Scream Tail, L50|100\/100\n|switch|p2a: Roaring Moon|Roaring Moon, L50|100\/100\n|switch|p2b: Amoonguss|Amoonguss, L50, M|100\/100\n|-enditem|p1b: hi-jinx|Booster Energy\n|-activate|p1b: hi-jinx|ability: Protosynthesis|[fromitem]\n|-start|p1b: hi-jinx|protosynthesisspe\n|-enditem|p2a: Roaring Moon|Booster Energy\n|-activate|p2a: Roaring Moon|ability: Protosynthesis|[fromitem]\n|-start|p2a: Roaring Moon|protosynthesisatk\n|turn|1\n|\n|t:|1682624229\n|move|p1b: hi-jinx|Thunder Wave|p2a: Roaring Moon\n|-status|p2a: Roaring Moon|par\n|move|p1a: corey|Shed Tail|p1a: corey\n|-start|p1a: corey|Substitute|[from] move: Shed Tail\n|-damage|p1a: corey|50\/100\n|-enditem|p1a: corey|Sitrus Berry|[eat]\n|-heal|p1a: corey|75\/100|[from] item: Sitrus Berry\n|\n|t:|1682624239\n|switch|p1a: slime|Gyarados, L50, M|100\/100|[from] Shed Tail\n|-ability|p1a: slime|Intimidate|boost\n|-unboost|p2a: Roaring Moon|atk|1\n|-unboost|p2b: Amoonguss|atk|1\n|move|p2a: Roaring Moon|Dragon Dance|p2a: Roaring Moon\n|-boost|p2a: Roaring Moon|atk|1\n|-boost|p2a: Roaring Moon|spe|1\n|move|p2b: Amoonguss|Spore|p1b: hi-jinx\n|-status|p1b: hi-jinx|slp|[from] move: Spore\n|\n|upkeep\n|turn|2\n|\n|t:|1682624260\n|switch|p2b: Arcanine|Arcanine, L50, F|100\/100\n|-ability|p2b: Arcanine|Intimidate|boost\n|-immune|p1a: slime\n|-unboost|p1b: hi-jinx|atk|1\n|cant|p1b: hi-jinx|slp\n|move|p1a: slime|Dragon Dance|p1a: slime\n|-boost|p1a: slime|atk|1\n|-boost|p1a: slime|spe|1\n|move|p2a: Roaring Moon|Acrobatics|p1a: slime\n|-end|p1a: slime|Substitute\n|\n|upkeep\n|turn|3\n|\n|t:|1682624285\n|-terastallize|p2b: Arcanine|Grass\n|cant|p1b: hi-jinx|slp\n|move|p1a: slime|Waterfall|p2b: Arcanine\n|-resisted|p2b: Arcanine\n|-damage|p2b: Arcanine|75\/100\n|move|p2b: Arcanine|Will-O-Wisp|p1a: slime|[miss]\n|-miss|p2b: Arcanine|p1a: slime\n|move|p2a: Roaring Moon|Acrobatics|p1b: hi-jinx\n|-damage|p1b: hi-jinx|61\/100 slp\n|\n|upkeep\n|turn|4\n|\n|t:|1682624305\n|move|p2b: Arcanine|Extreme Speed|p1a: slime\n|-damage|p1a: slime|75\/100\n|cant|p1b: hi-jinx|slp\n|move|p1a: slime|Dragon Dance|p1a: slime\n|-boost|p1a: slime|atk|1\n|-boost|p1a: slime|spe|1\n|cant|p2a: Roaring Moon|par\n|\n|upkeep\n|turn|5\n|\n|t:|1682624323\n|move|p1a: slime|Protect|p1a: slime\n|-singleturn|p1a: slime|Protect\n|-curestatus|p1b: hi-jinx|slp|[msg]\n|move|p1b: hi-jinx|Howl|p1b: hi-jinx|[spread] p1a,p1b\n|-boost|p1a: slime|atk|1\n|-boost|p1b: hi-jinx|atk|1\n|move|p2b: Arcanine|Will-O-Wisp|p1a: slime\n|-activate|p1a: slime|move: Protect\n|cant|p2a: Roaring Moon|par\n|\n|upkeep\n|turn|6\n|\n|t:|1682624346\n|switch|p2b: Amoonguss|Amoonguss, L50, M|100\/100\n|move|p1a: slime|Waterfall|p2a: Roaring Moon\n|-resisted|p2a: Roaring Moon\n|-damage|p2a: Roaring Moon|53\/100 par\n|move|p1b: hi-jinx|Thunder Wave|p2b: Amoonguss\n|-status|p2b: Amoonguss|par\n|move|p2a: Roaring Moon|Jaw Lock|p1a: slime\n|-damage|p1a: slime|11\/100\n|-activate|p2a: Roaring Moon|trapped\n|-activate|p1a: slime|trapped\n|\n|upkeep\n|turn|7\n|\n|t:|1682624361\n|-end|p1b: hi-jinx|Protosynthesis|[silent]\n|switch|p1b: corey|Orthworm, L50, M|75\/100\n|move|p2a: Roaring Moon|Protect|p2a: Roaring Moon\n|-singleturn|p2a: Roaring Moon|Protect\n|move|p1a: slime|Earthquake|p2b: Amoonguss|[spread] p2b\n|-activate|p2a: Roaring Moon|move: Protect\n|-heal|p1b: corey|99\/100|[from] ability: Earth Eater|[of] p1a: slime\n|-damage|p2b: Amoonguss|56\/100 par\n|move|p2b: Amoonguss|Spore|p1b: corey\n|-status|p1b: corey|slp|[from] move: Spore\n|\n|upkeep\n|turn|8\n|\n|t:|1682624386\n|switch|p2b: Arcanine|Arcanine, L50, F, tera:Grass|75\/100\n|-ability|p2b: Arcanine|Intimidate|boost\n|-unboost|p1a: slime|atk|1\n|-unboost|p1b: corey|atk|1\n|-terastallize|p1a: slime|Ground\n|move|p1a: slime|Earthquake|p2a: Roaring Moon|[spread] p2a,p2b\n|-heal|p1b: corey|100\/100 slp|[from] ability: Earth Eater|[of] p1a: slime\n|-resisted|p2b: Arcanine\n|-crit|p2b: Arcanine\n|-damage|p2a: Roaring Moon|0 fnt\n|-damage|p2b: Arcanine|21\/100\n|-enditem|p2b: Arcanine|Iapapa Berry|[eat]\n|-heal|p2b: Arcanine|54\/100|[from] item: Iapapa Berry\n|faint|p2a: Roaring Moon\n|-end|p2a: Roaring Moon|Protosynthesis|[silent]\n|cant|p1b: corey|slp\n|\n|upkeep\n|\n|t:|1682624400\n|switch|p2a: Garganacl|Garganacl, L50, F|100\/100\n|turn|9\n|\n|t:|1682624417\n|move|p1a: slime|Protect|p1a: slime\n|-singleturn|p1a: slime|Protect\n|move|p2b: Arcanine|Extreme Speed|p1a: slime\n|-activate|p1a: slime|move: Protect\n|-curestatus|p1b: corey|slp|[msg]\n|move|p1b: corey|Iron Defense|p1b: corey\n|-boost|p1b: corey|def|2\n|move|p2a: Garganacl|Salt Cure|p1b: corey\n|-resisted|p1b: corey\n|-damage|p1b: corey|98\/100\n|-start|p1b: corey|Salt Cure\n|\n|-damage|p1b: corey|73\/100|[from] Salt Cure\n|upkeep\n|turn|10\n|\n|t:|1682624436\n|switch|p1a: deer of bowl|Ting-Lu, L50|100\/100\n|-ability|p1a: deer of bowl|Vessel of Ruin\n|move|p2b: Arcanine|Extreme Speed|p1a: deer of bowl\n|-damage|p1a: deer of bowl|87\/100\n|move|p1b: corey|Body Press|p2b: Arcanine\n|-damage|p2b: Arcanine|9\/100\n|move|p2a: Garganacl|Salt Cure|p1a: deer of bowl\n|-resisted|p1a: deer of bowl\n|-damage|p1a: deer of bowl|83\/100\n|-start|p1a: deer of bowl|Salt Cure\n|\n|-heal|p1a: deer of bowl|89\/100|[from] item: Leftovers\n|-damage|p1b: corey|49\/100|[from] Salt Cure\n|-damage|p1a: deer of bowl|77\/100|[from] Salt Cure\n|upkeep\n|turn|11\n|\n|t:|1682624455\n|switch|p2b: Amoonguss|Amoonguss, L50, M|90\/100 par\n|move|p1b: corey|Body Press|p2a: Garganacl\n|-supereffective|p2a: Garganacl\n|-crit|p2a: Garganacl\n|-damage|p2a: Garganacl|0 fnt\n|faint|p2a: Garganacl\n|move|p1a: deer of bowl|Earthquake|p2b: Amoonguss|[spread] p2b\n|-heal|p1b: corey|73\/100|[from] ability: Earth Eater|[of] p1a: deer of bowl\n|-damage|p2b: Amoonguss|66\/100 par\n|\n|-heal|p1a: deer of bowl|83\/100|[from] item: Leftovers\n|-damage|p1b: corey|49\/100|[from] Salt Cure\n|-damage|p1a: deer of bowl|71\/100|[from] Salt Cure\n|upkeep\n|\n|t:|1682624468\n|switch|p2a: Arcanine|Arcanine, L50, F, tera:Grass|9\/100\n|-ability|p2a: Arcanine|Intimidate|boost\n|-unboost|p1a: deer of bowl|atk|1\n|-unboost|p1b: corey|atk|1\n|turn|12\n|\n|t:|1682624480\n|move|p2a: Arcanine|Protect|p2a: Arcanine\n|-singleturn|p2a: Arcanine|Protect\n|move|p1b: corey|Heavy Slam|p2b: Amoonguss\n|-damage|p2b: Amoonguss|53\/100 par\n|move|p1a: deer of bowl|Earthquake|p2b: Amoonguss|[spread] p2b\n|-activate|p2a: Arcanine|move: Protect\n|-heal|p1b: corey|73\/100|[from] ability: Earth Eater|[of] p1a: deer of bowl\n|-damage|p2b: Amoonguss|40\/100 par\n|-enditem|p2b: Amoonguss|Sitrus Berry|[eat]\n|-heal|p2b: Amoonguss|65\/100 par|[from] item: Sitrus Berry\n|move|p2b: Amoonguss|Spore|p1a: deer of bowl\n|-status|p1a: deer of bowl|slp|[from] move: Spore\n|\n|-heal|p1a: deer of bowl|77\/100 slp|[from] item: Leftovers\n|-damage|p1b: corey|49\/100|[from] Salt Cure\n|-damage|p1a: deer of bowl|65\/100 slp|[from] Salt Cure\n|upkeep\n|turn|13\n|\n|t:|1682624520\n|switch|p1a: slime|Gyarados, L50, M, tera:Ground|11\/100\n|-ability|p1a: slime|Intimidate|boost\n|-unboost|p2a: Arcanine|atk|1\n|-unboost|p2b: Amoonguss|atk|1\n|move|p2b: Amoonguss|Rage Powder|p2b: Amoonguss\n|-singleturn|p2b: Amoonguss|move: Rage Powder\n|move|p2a: Arcanine|Flare Blitz|p1b: corey\n|-supereffective|p1b: corey\n|-damage|p1b: corey|21\/100\n|-damage|p2a: Arcanine|0 fnt|[from] Recoil\n|faint|p2a: Arcanine\n|move|p1b: corey|Body Press|p2b: Amoonguss\n|-resisted|p2b: Amoonguss\n|-damage|p2b: Amoonguss|45\/100 par\n|\n|-damage|p1b: corey|0 fnt|[from] Salt Cure\n|faint|p1b: corey\n|upkeep\n|\n|t:|1682624533\n|switch|p1b: hi-jinx|Scream Tail, L50|61\/100\n|turn|14\n|\n|t:|1682624541\n|move|p1b: hi-jinx|Howl|p1b: hi-jinx|[spread] p1a,p1b\n|-boost|p1a: slime|atk|1\n|-boost|p1b: hi-jinx|atk|1\n|move|p1a: slime|Waterfall|p2b: Amoonguss\n|-resisted|p2b: Amoonguss\n|-damage|p2b: Amoonguss|22\/100 par\n|move|p2b: Amoonguss|Spore|p1b: hi-jinx\n|-status|p1b: hi-jinx|slp|[from] move: Spore\n|\n|upkeep\n|turn|15\n|\n|t:|1682624551\n|cant|p1b: hi-jinx|slp\n|move|p1a: slime|Waterfall|p2b: Amoonguss\n|-resisted|p2b: Amoonguss\n|-damage|p2b: Amoonguss|2\/100 par\n|move|p2b: Amoonguss|Pollen Puff|p1a: slime\n|-damage|p1a: slime|0 fnt\n|faint|p1a: slime\n|\n|upkeep\n|\n|t:|1682624555\n|switch|p1a: deer of bowl|Ting-Lu, L50|65\/100 slp\n|-ability|p1a: deer of bowl|Vessel of Ruin\n|turn|16\n|\n|t:|1682624563\n|cant|p1b: hi-jinx|slp\n|cant|p1a: deer of bowl|slp\n|move|p2b: Amoonguss|Pollen Puff|p1a: deer of bowl\n|-supereffective|p1a: deer of bowl\n|-damage|p1a: deer of bowl|50\/100 slp\n|\n|-heal|p1a: deer of bowl|56\/100 slp|[from] item: Leftovers\n|upkeep\n|turn|17\n|c|\u2606b(R)2|lol\n|-message|b(R)2 forfeited.\n|\n|win|jacob weedson\n|raw|jacob weedson's rating: 1308 → 1331<\/strong> (+23 for winning)\n|raw|b(R)2's rating: 1356 → 1333<\/strong> (-23 for losing)\n","uploadtime":1682624581,"views":19,"p1id":"jacobweedson","p2id":"br2","formatid":"gen9vgc2023regulationc","rating":1331,"private":0,"password":""}