{"id":"gen9vgc2023regulationc-1846380559","p1":"goodrisotto","p2":"supaflytnt","format":"[Gen 9] VGC 2023 Regulation C","log":"|j|\u2606goodrisotto\n|j|\u2606supaflytnt\n|t:|1681836255\n|gametype|doubles\n|player|p1|goodrisotto|265|1177\n|player|p2|supaflytnt|hoopster|1217\n|teamsize|p1|6\n|teamsize|p2|6\n|gen|9\n|tier|[Gen 9] VGC 2023 Regulation C\n|rated|\n|rule|Species Clause: Limit one of each Pok\u00e9mon\n|rule|Item Clause: Limit one of each item\n|clearpoke\n|poke|p1|Hydreigon, L50, F|\n|poke|p1|Annihilape, L50, F|\n|poke|p1|Gholdengo, L50|\n|poke|p1|Iron Bundle, L50|\n|poke|p1|Amoonguss, L50, M|\n|poke|p1|Garganacl, L50, M|\n|poke|p2|Flutter Mane, L50|\n|poke|p2|Arcanine, L50, F|\n|poke|p2|Dragonite, L50, M|\n|poke|p2|Palafin, L50, M|\n|poke|p2|Amoonguss, L50, F|\n|poke|p2|Kingambit, L50, M|\n|teampreview|4\n|\n|t:|1681836323\n|start\n|switch|p1a: Annihilape|Annihilape, L50, F, shiny|100\/100\n|switch|p1b: Hydreigon|Hydreigon, L50, F|100\/100\n|switch|p2a: Gucci Mane|Flutter Mane, L50, shiny|100\/100\n|switch|p2b: Among who?|Amoonguss, L50, F|100\/100\n|turn|1\n|\n|t:|1681836340\n|switch|p1b: Garganacl|Garganacl, L50, M|100\/100\n|switch|p1a: Amoonguss|Amoonguss, L50, M|100\/100\n|move|p2a: Gucci Mane|Dazzling Gleam|p1b: Garganacl|[spread] p1a,p1b\n|-resisted|p1a: Amoonguss\n|-damage|p1a: Amoonguss|80\/100\n|-damage|p1b: Garganacl|58\/100\n|move|p2b: Among who?|Spore|p1b: Garganacl\n|-immune|p1b: Garganacl|[from] ability: Purifying Salt\n|\n|-heal|p1b: Garganacl|64\/100|[from] item: Leftovers\n|upkeep\n|turn|2\n|\n|t:|1681836383\n|switch|p2b: Your boy|Palafin, L50, M|100\/100\n|move|p2a: Gucci Mane|Dazzling Gleam|p1b: Garganacl|[spread] p1a,p1b\n|-resisted|p1a: Amoonguss\n|-damage|p1a: Amoonguss|60\/100\n|-damage|p1b: Garganacl|24\/100\n|move|p1b: Garganacl|Recover|p1b: Garganacl\n|-heal|p1b: Garganacl|74\/100\n|move|p1a: Amoonguss|Spore|p2a: Gucci Mane\n|-status|p2a: Gucci Mane|slp|[from] move: Spore\n|\n|-heal|p1b: Garganacl|80\/100|[from] item: Leftovers\n|upkeep\n|turn|3\n|\n|t:|1681836405\n|-end|p2a: Gucci Mane|Protosynthesis|[silent]\n|switch|p2a: Kingambit|Kingambit, L50, M|100\/100\n|detailschange|p2b: Your boy|Palafin-Hero, L50, M\n|switch|p2b: Among who?|Amoonguss, L50, F|100\/100\n|move|p1b: Garganacl|Salt Cure|p2b: Among who?\n|-damage|p2b: Among who?|88\/100\n|-start|p2b: Among who?|Salt Cure\n|move|p1a: Amoonguss|Pollen Puff|p1b: Garganacl\n|-heal|p1b: Garganacl|100\/100\n|\n|-damage|p2b: Among who?|76\/100|[from] Salt Cure\n|upkeep\n|turn|4\n|\n|t:|1681836429\n|switch|p2b: Your boy|Palafin-Hero, L50, M|100\/100\n|-activate|p2b: Your boy|ability: Zero to Hero\n|move|p2a: Kingambit|Iron Head|p1a: Amoonguss\n|-damage|p1a: Amoonguss|21\/100\n|-enditem|p1a: Amoonguss|Sitrus Berry|[eat]\n|-heal|p1a: Amoonguss|46\/100|[from] item: Sitrus Berry\n|move|p1b: Garganacl|Salt Cure|p2a: Kingambit\n|-resisted|p2a: Kingambit\n|-damage|p2a: Kingambit|95\/100\n|-start|p2a: Kingambit|Salt Cure\n|move|p1a: Amoonguss|Spore|p2a: Kingambit\n|-status|p2a: Kingambit|slp|[from] move: Spore\n|-enditem|p2a: Kingambit|Lum Berry|[eat]\n|-curestatus|p2a: Kingambit|slp|[msg]\n|\n|-damage|p2a: Kingambit|70\/100|[from] Salt Cure\n|upkeep\n|turn|5\n|\n|t:|1681836458\n|-terastallize|p1b: Garganacl|Ghost\n|move|p2b: Your boy|Substitute|p2b: Your boy\n|-start|p2b: Your boy|Substitute\n|-damage|p2b: Your boy|76\/100\n|move|p2a: Kingambit|Kowtow Cleave|p1a: Amoonguss\n|-damage|p1a: Amoonguss|0 fnt\n|faint|p1a: Amoonguss\n|move|p1b: Garganacl|Salt Cure|p2b: Your boy\n|-activate|p2b: Your boy|move: Substitute|[damage]\n|\n|-damage|p2a: Kingambit|46\/100|[from] Salt Cure\n|upkeep\n|\n|t:|1681836471\n|switch|p1a: Annihilape|Annihilape, L50, F, shiny|100\/100\n|turn|6\n|\n|t:|1681836487\n|switch|p2a: Among who?|Amoonguss, L50, F|100\/100\n|-terastallize|p2b: Your boy|Water\n|move|p2b: Your boy|Wave Crash|p1a: Annihilape\n|-damage|p1a: Annihilape|0 fnt\n|faint|p1a: Annihilape\n|-damage|p2b: Your boy|41\/100|[from] Recoil\n|move|p1b: Garganacl|Salt Cure|p2b: Your boy\n|-end|p2b: Your boy|Substitute\n|\n|upkeep\n|\n|t:|1681836498\n|switch|p1a: Hydreigon|Hydreigon, L50, F|100\/100\n|turn|7\n|\n|t:|1681836518\n|move|p2b: Your boy|Protect|p2b: Your boy\n|-singleturn|p2b: Your boy|Protect\n|move|p1a: Hydreigon|Focus Energy|p1a: Hydreigon\n|-start|p1a: Hydreigon|move: Focus Energy\n|move|p1b: Garganacl|Salt Cure|p2a: Among who?\n|-damage|p2a: Among who?|86\/100\n|-start|p2a: Among who?|Salt Cure\n|move|p2a: Among who?|Spore|p1a: Hydreigon\n|-status|p1a: Hydreigon|slp|[from] move: Spore\n|\n|-damage|p2a: Among who?|74\/100|[from] Salt Cure\n|upkeep\n|turn|8\n|\n|t:|1681836537\n|cant|p1a: Hydreigon|slp\n|move|p2b: Your boy|Substitute|p2b: Your boy\n|-start|p2b: Your boy|Substitute\n|-damage|p2b: Your boy|16\/100\n|move|p1b: Garganacl|Salt Cure|p2a: Among who?\n|-damage|p2a: Among who?|59\/100\n|move|p2a: Among who?|Pollen Puff|p2b: Your boy\n|-heal|p2b: Your boy|66\/100\n|\n|-damage|p2a: Among who?|47\/100|[from] Salt Cure\n|upkeep\n|turn|9\n|\n|t:|1681836554\n|switch|p2a: Gucci Mane|Flutter Mane, L50, shiny|100\/100 slp\n|cant|p1a: Hydreigon|slp\n|move|p2b: Your boy|Wave Crash|p1b: Garganacl\n|-damage|p1b: Garganacl|19\/100\n|-damage|p2b: Your boy|40\/100|[from] Recoil\n|move|p1b: Garganacl|Salt Cure|p2a: Gucci Mane\n|-damage|p2a: Gucci Mane|79\/100 slp\n|-start|p2a: Gucci Mane|Salt Cure\n|\n|-heal|p1b: Garganacl|25\/100|[from] item: Leftovers\n|-damage|p2a: Gucci Mane|67\/100 slp|[from] Salt Cure\n|upkeep\n|turn|10\n|\n|t:|1681836577\n|move|p1b: Garganacl|Wide Guard|p1b: Garganacl\n|-singleturn|p1b: Garganacl|Wide Guard\n|cant|p2a: Gucci Mane|slp\n|cant|p1a: Hydreigon|slp\n|move|p2b: Your boy|Wave Crash|p1b: Garganacl\n|-damage|p1b: Garganacl|0 fnt\n|faint|p1b: Garganacl\n|-damage|p2b: Your boy|31\/100|[from] Recoil\n|\n|-damage|p2a: Gucci Mane|54\/100 slp|[from] Salt Cure\n|upkeep\n|turn|11\n|\n|t:|1681836592\n|-curestatus|p2a: Gucci Mane|slp|[msg]\n|move|p2a: Gucci Mane|Moonblast|p1a: Hydreigon\n|-supereffective|p1a: Hydreigon\n|-damage|p1a: Hydreigon|0 fnt\n|faint|p1a: Hydreigon\n|\n|win|supaflytnt\n|raw|goodrisotto's rating: 1177 → 1155<\/strong> (-22 for losing)\n|raw|supaflytnt's rating: 1217 → 1239<\/strong> (+22 for winning)\n|c|\u2606supaflytnt|gg\n|l|\u2606goodrisotto\n","uploadtime":1681836711,"views":10,"p1id":"goodrisotto","p2id":"supaflytnt","formatid":"gen9vgc2023regulationc","rating":1155,"private":0,"password":""}