{"id":"gen9vgc2023regulationc-1858964920","p1":"TheOgreVGC","p2":"Animod2","format":"[Gen 9] VGC 2023 Regulation C","log":"|j|\u2606TheOgreVGC\n|j|\u2606Animod2\n|t:|1683388750\n|gametype|doubles\n|player|p1|TheOgreVGC|n-masters|\n|player|p2|Animod2|scientist|\n|teamsize|p1|6\n|teamsize|p2|6\n|gen|9\n|tier|[Gen 9] VGC 2023 Regulation C\n|rule|Species Clause: Limit one of each Pok\u00e9mon\n|rule|Item Clause: Limit one of each item\n|clearpoke\n|poke|p1|Iron Hands, L50|\n|poke|p1|Flutter Mane, L50|\n|poke|p1|Ting-Lu, L50|\n|poke|p1|Gyarados, L50, M|\n|poke|p1|Amoonguss, L50, M|\n|poke|p1|Chi-Yu, L50|\n|poke|p2|Iron Bundle, L50|\n|poke|p2|Chi-Yu, L50|\n|poke|p2|Iron Hands, L50|\n|poke|p2|Amoonguss, L50, F|\n|poke|p2|Gyarados, L50, F|\n|poke|p2|Bronzong, L50|\n|teampreview|4\nAnimod2 has agreed to open team sheets.\n|c|\u2606TheOgreVGC|g1\nTheOgreVGC has agreed to open team sheets.\n|c|\u2606TheOgreVGC|glhf\n|\n|t:|1683388862\n|start\n|switch|p1a: Gyarados|Gyarados, L50, M, shiny|100\/100\n|switch|p1b: Chi-Yu|Chi-Yu, L50|100\/100\n|switch|p2a: Iron Bundle|Iron Bundle, L50|100\/100\n|switch|p2b: Chi-Yu|Chi-Yu, L50|100\/100\n|-ability|p2b: Chi-Yu|Beads of Ruin\n|-ability|p1b: Chi-Yu|Beads of Ruin\n|-ability|p1a: Gyarados|Intimidate|boost\n|-unboost|p2a: Iron Bundle|atk|1\n|-unboost|p2b: Chi-Yu|atk|1\n|-enditem|p2a: Iron Bundle|Booster Energy\n|-activate|p2a: Iron Bundle|ability: Quark Drive|[fromitem]\n|-start|p2a: Iron Bundle|quarkdrivespe\n|turn|1\n|\n|t:|1683388926\n|switch|p1a: Ting-Lu|Ting-Lu, L50|100\/100\n|-ability|p1a: Ting-Lu|Vessel of Ruin\n|-terastallize|p1b: Chi-Yu|Water\n|move|p2a: Iron Bundle|Freeze-Dry|p1a: Ting-Lu\n|-supereffective|p1a: Ting-Lu\n|-damage|p1a: Ting-Lu|68\/100\n|move|p2b: Chi-Yu|Heat Wave|p1b: Chi-Yu|[spread] p1a,p1b\n|-resisted|p1b: Chi-Yu\n|-damage|p1a: Ting-Lu|42\/100\n|-damage|p1b: Chi-Yu|80\/100\n|move|p1b: Chi-Yu|Heat Wave|p2b: Chi-Yu|[spread] p2a,p2b\n|-resisted|p2b: Chi-Yu\n|-damage|p2a: Iron Bundle|25\/100\n|-damage|p2b: Chi-Yu|84\/100\n|\n|-heal|p1b: Chi-Yu|86\/100|[from] item: Leftovers\n|upkeep\n|turn|2\n|\n|t:|1683388977\n|switch|p1b: Iron Hands|Iron Hands, L50, shiny|100\/100\n|move|p2a: Iron Bundle|Freeze-Dry|p1a: Ting-Lu\n|-supereffective|p1a: Ting-Lu\n|-damage|p1a: Ting-Lu|8\/100\n|move|p2b: Chi-Yu|Heat Wave|p1b: Iron Hands|[spread] p1a,p1b\n|-damage|p1a: Ting-Lu|0 fnt\n|-damage|p1b: Iron Hands|60\/100\n|faint|p1a: Ting-Lu\n|\n|upkeep\n|\n|t:|1683388988\n|switch|p1a: Chi-Yu|Chi-Yu, L50, tera:Water|86\/100\n|-ability|p1a: Chi-Yu|Beads of Ruin\n|turn|3\n|\n|t:|1683389045\n|move|p1a: Chi-Yu|Protect|p1a: Chi-Yu\n|-singleturn|p1a: Chi-Yu|Protect\n|move|p2a: Iron Bundle|Freeze-Dry|p1a: Chi-Yu\n|-activate|p1a: Chi-Yu|move: Protect\n|move|p2b: Chi-Yu|Heat Wave|p1b: Iron Hands|[spread] p1b\n|-activate|p1a: Chi-Yu|move: Protect\n|-damage|p1b: Iron Hands|3\/100\n|-status|p1b: Iron Hands|brn\n|move|p1b: Iron Hands|Drain Punch|p2b: Chi-Yu\n|-supereffective|p2b: Chi-Yu\n|-damage|p2b: Chi-Yu|12\/100\n|-heal|p1b: Iron Hands|22\/100 brn|[from] drain|[of] p2b: Chi-Yu\n|\n|-heal|p1a: Chi-Yu|92\/100|[from] item: Leftovers\n|-damage|p1b: Iron Hands|16\/100 brn|[from] brn\n|upkeep\n|turn|4\n|\n|t:|1683389078\n|switch|p2b: Iron Hands|Iron Hands, L50|100\/100\n|move|p2a: Iron Bundle|Freeze-Dry|p1a: Chi-Yu\n|-supereffective|p1a: Chi-Yu\n|-damage|p1a: Chi-Yu|24\/100\n|move|p1a: Chi-Yu|Heat Wave|p2a: Iron Bundle|[spread] p2a,p2b\n|-damage|p2a: Iron Bundle|0 fnt\n|-damage|p2b: Iron Hands|75\/100\n|faint|p2a: Iron Bundle\n|-end|p2a: Iron Bundle|Quark Drive|[silent]\n|move|p1b: Iron Hands|Drain Punch|p2b: Iron Hands\n|-damage|p2b: Iron Hands|60\/100\n|-heal|p1b: Iron Hands|24\/100 brn|[from] drain|[of] p2b: Iron Hands\n|\n|-heal|p1a: Chi-Yu|30\/100|[from] item: Leftovers\n|-damage|p1b: Iron Hands|18\/100 brn|[from] brn\n|upkeep\n|\n|t:|1683389101\n|switch|p2a: Chi-Yu|Chi-Yu, L50|12\/100\n|-ability|p2a: Chi-Yu|Beads of Ruin\n|turn|5\n|\n|t:|1683389130\n|move|p1a: Chi-Yu|Protect|p1a: Chi-Yu\n|-singleturn|p1a: Chi-Yu|Protect\n|move|p2b: Iron Hands|Fake Out|p1b: Iron Hands\n|-damage|p1b: Iron Hands|8\/100 brn\n|move|p2a: Chi-Yu|Dark Pulse|p1a: Chi-Yu\n|-activate|p1a: Chi-Yu|move: Protect\n|cant|p1b: Iron Hands|flinch\n|\n|-heal|p1a: Chi-Yu|37\/100|[from] item: Leftovers\n|-damage|p1b: Iron Hands|2\/100 brn|[from] brn\n|upkeep\n|turn|6\n|\n|t:|1683389153\n|switch|p1a: Gyarados|Gyarados, L50, M, shiny|100\/100\n|-ability|p1a: Gyarados|Intimidate|boost\n|-unboost|p2a: Chi-Yu|atk|1\n|-unboost|p2b: Iron Hands|atk|1\n|move|p2a: Chi-Yu|Dark Pulse|p1a: Gyarados\n|-damage|p1a: Gyarados|26\/100\n|move|p1b: Iron Hands|Drain Punch|p2a: Chi-Yu\n|-supereffective|p2a: Chi-Yu\n|-damage|p2a: Chi-Yu|0 fnt\n|-heal|p1b: Iron Hands|6\/100 brn|[from] drain|[of] p2a: Chi-Yu\n|faint|p2a: Chi-Yu\n|move|p2b: Iron Hands|Volt Switch|p1b: Iron Hands\n|-resisted|p1b: Iron Hands\n|-damage|p1b: Iron Hands|0 fnt\n|faint|p1b: Iron Hands\n|-end|p1b: Iron Hands|Quark Drive|[silent]\n|\n|t:|1683389169\n|-end|p2b: Iron Hands|Quark Drive|[silent]\n|switch|p2b: Amoonguss|Amoonguss, L50, F|100\/100|[from] Volt Switch\n|\n|upkeep\n|\n|t:|1683389175\n|switch|p2a: Iron Hands|Iron Hands, L50|60\/100\n|switch|p1b: Chi-Yu|Chi-Yu, L50, tera:Water|37\/100\n|-ability|p1b: Chi-Yu|Beads of Ruin\n|turn|7\n|\n|t:|1683389204\n|-terastallize|p2b: Amoonguss|Water\n|move|p1b: Chi-Yu|Protect|p1b: Chi-Yu\n|-singleturn|p1b: Chi-Yu|Protect\n|move|p1a: Gyarados|Protect|p1a: Gyarados\n|-singleturn|p1a: Gyarados|Protect\n|move|p2a: Iron Hands|Wild Charge|p1b: Chi-Yu\n|-activate|p1b: Chi-Yu|move: Protect\n|move|p2b: Amoonguss|Pollen Puff|p2a: Iron Hands\n|-heal|p2a: Iron Hands|100\/100\n|\n|-heal|p1b: Chi-Yu|43\/100|[from] item: Leftovers\n|upkeep\n|turn|8\n|\n|t:|1683389228\n|move|p1b: Chi-Yu|Dark Pulse|p2a: Iron Hands\n|-resisted|p2a: Iron Hands\n|-damage|p2a: Iron Hands|87\/100\n|move|p1a: Gyarados|Taunt|p2b: Amoonguss\n|-start|p2b: Amoonguss|move: Taunt\n|move|p2a: Iron Hands|Wild Charge|p1b: Chi-Yu\n|-supereffective|p1b: Chi-Yu\n|-damage|p1b: Chi-Yu|0 fnt\n|faint|p1b: Chi-Yu\n|-damage|p2a: Iron Hands|80\/100|[from] Recoil\n|cant|p2b: Amoonguss|move: Taunt|Spore\n|\n|upkeep\n|turn|9\n|\n|t:|1683389244\n|move|p1a: Gyarados|Waterfall|p2a: Iron Hands\n|-damage|p2a: Iron Hands|58\/100\n|move|p2a: Iron Hands|Wild Charge|p1a: Gyarados\n|-supereffective|p1a: Gyarados\n|-damage|p1a: Gyarados|0 fnt\n|faint|p1a: Gyarados\n|-damage|p2a: Iron Hands|53\/100|[from] Recoil\n|\n|win|Animod2\n|c|\u2606TheOgreVGC|gg\n|c|\u2606Animod2|gg\n|l|\u2606TheOgreVGC\n","uploadtime":1683390465,"views":9,"p1id":"theogrevgc","p2id":"animod2","formatid":"gen9vgc2023regulationc","rating":0,"private":0,"password":""}