{"id":"gen9vgc2023regulationc-1860660581","p1":"rudyxkam","p2":"Triplegio2005","format":"[Gen 9] VGC 2023 Regulation C","log":"|j|\u2606rudyxkam\n|j|\u2606Triplegio2005\n|t:|1683663547\n|gametype|doubles\n|player|p1|rudyxkam|gardenia|1154\n|player|p2|Triplegio2005|doubleteam|1152\n|teamsize|p1|6\n|teamsize|p2|6\n|gen|9\n|tier|[Gen 9] VGC 2023 Regulation C\n|rated|\n|rule|Species Clause: Limit one of each Pok\u00e9mon\n|rule|Item Clause: Limit one of each item\n|clearpoke\n|poke|p1|Gyarados, L50, F|\n|poke|p1|Talonflame, L50, M|\n|poke|p1|Baxcalibur, L50, F|\n|poke|p1|Corviknight, L50, M|\n|poke|p1|Ting-Lu, L50|\n|poke|p1|Flutter Mane, L50|\n|poke|p2|Indeedee-F, L50, F|\n|poke|p2|Armarouge, L50, F|\n|poke|p2|Torkoal, L50, M|\n|poke|p2|Hatterene, L50, F|\n|poke|p2|Kingambit, L50, M|\n|poke|p2|Annihilape, L50, M|\n|teampreview|4\n|inactive|Battle timer is ON: inactive players will automatically lose when time's up. (requested by rudyxkam)\nrudyxkam has agreed to open team sheets.\nTriplegio2005 has agreed to open team sheets.\n|c|\u2606rudyxkam|glhf!\n|inactive|rudyxkam has 60 seconds left.\n|inactive|Triplegio2005 has 60 seconds left.\n|inactive|rudyxkam has 30 seconds left.\n|inactive|rudyxkam has 20 seconds left.\n|inactive|rudyxkam has 15 seconds left.\n|inactive|rudyxkam has 10 seconds left.\n|\n|t:|1683663631\n|start\n|switch|p1a: Rodan|Talonflame, L50, M, shiny|100\/100\n|switch|p1b: Manda|Gyarados, L50, F, shiny|100\/100\n|switch|p2a: Indeedee|Indeedee-F, L50, F, shiny|100\/100\n|switch|p2b: Annihilape|Annihilape, L50, M|100\/100\n|-ability|p1b: Manda|Intimidate|boost\n|-unboost|p2a: Indeedee|atk|1\n|-unboost|p2b: Annihilape|atk|1\n|-ability|p2b: Annihilape|Defiant|boost\n|-boost|p2b: Annihilape|atk|2\n|-fieldstart|move: Psychic Terrain|[from] ability: Psychic Surge|[of] p2a: Indeedee\n|-enditem|p2a: Indeedee|Psychic Seed\n|-boost|p2a: Indeedee|spd|1|[from] item: Psychic Seed\n|turn|1\n|inactive|rudyxkam has 30 seconds left.\n|inactive|Triplegio2005 has 30 seconds left.\n|inactive|rudyxkam has 20 seconds left.\n|inactive|rudyxkam has 15 seconds left.\n|\n|t:|1683663672\n|move|p2b: Annihilape|Close Combat|p1b: Manda\n|-resisted|p1b: Manda\n|-damage|p1b: Manda|63\/100\n|-unboost|p2b: Annihilape|def|1\n|-unboost|p2b: Annihilape|spd|1\n|move|p1a: Rodan|Will-O-Wisp|p2b: Annihilape\n|-status|p2b: Annihilape|brn\n|move|p1b: Manda|Taunt|p2a: Indeedee\n|-start|p2a: Indeedee|move: Taunt\n|cant|p2a: Indeedee|move: Taunt|Trick Room\n|\n|-damage|p2b: Annihilape|95\/100 brn|[from] brn\n|upkeep\n|turn|2\n|inactive|rudyxkam has 30 seconds left.\n|\n|t:|1683663701\n|move|p1a: Rodan|Brave Bird|p2b: Annihilape\n|-activate|p2b: Annihilape|move: Psychic Terrain\n|move|p2b: Annihilape|Close Combat|p1a: Rodan\n|-resisted|p1a: Rodan\n|-damage|p1a: Rodan|79\/100\n|-unboost|p2b: Annihilape|def|1\n|-unboost|p2b: Annihilape|spd|1\n|move|p1b: Manda|Waterfall|p2b: Annihilape\n|-damage|p2b: Annihilape|21\/100 brn\n|move|p2a: Indeedee|Dazzling Gleam|p1b: Manda|[spread] p1a,p1b\n|-resisted|p1a: Rodan\n|-damage|p1a: Rodan|70\/100\n|-damage|p1b: Manda|54\/100\n|\n|-damage|p2b: Annihilape|15\/100 brn|[from] brn\n|upkeep\n|turn|3\n|\n|t:|1683663722\n|move|p2b: Annihilape|Close Combat|p1a: Rodan\n|-resisted|p1a: Rodan\n|-damage|p1a: Rodan|46\/100\n|-unboost|p2b: Annihilape|def|1\n|-unboost|p2b: Annihilape|spd|1\n|move|p1a: Rodan|Brave Bird|p2b: Annihilape\n|-supereffective|p2b: Annihilape\n|-damage|p2b: Annihilape|0 fnt\n|faint|p2b: Annihilape\n|-damage|p1a: Rodan|39\/100|[from] Recoil\n|move|p1b: Manda|Thunder Wave|p2a: Indeedee\n|-status|p2a: Indeedee|par\n|move|p2a: Indeedee|Dazzling Gleam|p1b: Manda|[spread] p1a,p1b\n|-resisted|p1a: Rodan\n|-damage|p1a: Rodan|28\/100\n|-damage|p1b: Manda|46\/100\n|-enditem|p1b: Manda|Sitrus Berry|[eat]\n|-heal|p1b: Manda|70\/100|[from] item: Sitrus Berry\n|\n|-end|p2a: Indeedee|move: Taunt\n|upkeep\n|\n|t:|1683663733\n|switch|p2b: Kingambit|Kingambit, L50, M|100\/100\n|turn|4\n|\n|t:|1683663752\n|-terastallize|p2b: Kingambit|Dark\n|move|p2a: Indeedee|Follow Me|p2a: Indeedee\n|-singleturn|p2a: Indeedee|move: Follow Me\n|move|p1a: Rodan|Will-O-Wisp||[still]\n|-fail|p1a: Rodan\n|move|p1b: Manda|Taunt|p2a: Indeedee\n|-start|p2a: Indeedee|move: Taunt\n|move|p2b: Kingambit|Swords Dance|p2b: Kingambit\n|-boost|p2b: Kingambit|atk|2\n|\n|upkeep\n|turn|5\n|\n|t:|1683663770\n|switch|p1b: Gigan|Corviknight, L50, M, shiny|100\/100\n|move|p1a: Rodan|Will-O-Wisp|p2b: Kingambit\n|-status|p2b: Kingambit|brn\n|move|p2b: Kingambit|Kowtow Cleave|p1b: Gigan\n|-damage|p1b: Gigan|53\/100\n|cant|p2a: Indeedee|par\n|\n|-damage|p2b: Kingambit|95\/100 brn|[from] brn\n|-fieldend|move: Psychic Terrain\n|upkeep\n|turn|6\n|\n|t:|1683663785\n|move|p2b: Kingambit|Sucker Punch||[still]\n|-fail|p2b: Kingambit\n|move|p1a: Rodan|Taunt|p2b: Kingambit\n|-start|p2b: Kingambit|move: Taunt\n|move|p1b: Gigan|Bulk Up|p1b: Gigan\n|-boost|p1b: Gigan|atk|1\n|-boost|p1b: Gigan|def|1\n|cant|p2a: Indeedee|par\n|\n|-damage|p2b: Kingambit|89\/100 brn|[from] brn\n|upkeep\n|turn|7\n|inactive|rudyxkam has 30 seconds left.\n|\n|t:|1683663810\n|move|p1a: Rodan|Taunt||[still]\n|-fail|p1a: Rodan\n|move|p1b: Gigan|Bulk Up|p1b: Gigan\n|-boost|p1b: Gigan|atk|1\n|-boost|p1b: Gigan|def|1\n|move|p2b: Kingambit|Kowtow Cleave|p1b: Gigan\n|-damage|p1b: Gigan|30\/100\n|move|p2a: Indeedee|Dazzling Gleam|p1a: Rodan|[spread] p1a,p1b\n|-resisted|p1a: Rodan\n|-resisted|p1b: Gigan\n|-crit|p1b: Gigan\n|-damage|p1a: Rodan|18\/100\n|-damage|p1b: Gigan|20\/100\n|\n|-damage|p2b: Kingambit|83\/100 brn|[from] brn\n|-end|p2a: Indeedee|move: Taunt\n|upkeep\n|turn|8\n|\n|t:|1683663824\n|move|p2a: Indeedee|Helping Hand|p2b: Kingambit\n|-singleturn|p2b: Kingambit|Helping Hand|[of] p2a: Indeedee\n|move|p2b: Kingambit|Sucker Punch||[still]\n|-fail|p2b: Kingambit\n|move|p1a: Rodan|Taunt|p2a: Indeedee\n|-start|p2a: Indeedee|move: Taunt\n|move|p1b: Gigan|Roost|p1b: Gigan\n|-heal|p1b: Gigan|71\/100\n|-singleturn|p1b: Gigan|move: Roost\n|\n|-damage|p2b: Kingambit|77\/100 brn|[from] brn\n|upkeep\n|turn|9\n|\n|t:|1683663838\n|move|p1a: Rodan|Brave Bird|p2a: Indeedee\n|-damage|p2a: Indeedee|63\/100 par\n|-damage|p1a: Rodan|4\/100|[from] Recoil\n|move|p1b: Gigan|Body Press|p2b: Kingambit\n|-supereffective|p2b: Kingambit\n|-damage|p2b: Kingambit|3\/100 brn\n|move|p2b: Kingambit|Kowtow Cleave|p1a: Rodan\n|-damage|p1a: Rodan|0 fnt\n|faint|p1a: Rodan\n|move|p2a: Indeedee|Dazzling Gleam|p1b: Gigan\n|-resisted|p1b: Gigan\n|-damage|p1b: Gigan|63\/100\n|\n|-damage|p2b: Kingambit|0 fnt|[from] brn\n|faint|p2b: Kingambit\n|upkeep\n|\n|t:|1683663856\n|switch|p1a: Manda|Gyarados, L50, F, shiny|70\/100\n|switch|p2b: Hatterene|Hatterene, L50, F, shiny|100\/100\n|-ability|p1a: Manda|Intimidate|boost\n|-unboost|p2a: Indeedee|atk|1\n|-unboost|p2b: Hatterene|atk|1\n|turn|10\n|inactive|rudyxkam has 30 seconds left.\n|\n|t:|1683663882\n|move|p1a: Manda|Taunt|p2b: Hatterene\n|move|p2b: Hatterene|Taunt|p1a: Manda|[from]ability: Magic Bounce\n|-start|p1a: Manda|move: Taunt\n|move|p1b: Gigan|Body Press|p2a: Indeedee\n|-damage|p2a: Indeedee|16\/100 par\n|cant|p2a: Indeedee|par\n|move|p2b: Hatterene|Trick Room|p2b: Hatterene\n|-fieldstart|move: Trick Room|[of] p2b: Hatterene\n|\n|upkeep\n|turn|11\n|\n|t:|1683663901\n|move|p2b: Hatterene|Psychic|p1b: Gigan\n|-resisted|p1b: Gigan\n|-damage|p1b: Gigan|31\/100\n|-damage|p2b: Hatterene|91\/100|[from] item: Life Orb\n|cant|p2a: Indeedee|par\n|move|p1b: Gigan|Brave Bird|p2b: Hatterene\n|-damage|p2b: Hatterene|17\/100\n|-damage|p1b: Gigan|12\/100|[from] Recoil\n|move|p1a: Manda|Waterfall|p2a: Indeedee\n|-damage|p2a: Indeedee|0 fnt\n|faint|p2a: Indeedee\n|\n|upkeep\n|turn|12\n|c|\u2606Triplegio2005|gg\n|\n|t:|1683663917\n|-terastallize|p1a: Manda|Steel\n|move|p2b: Hatterene|Mystical Fire|p1b: Gigan\n|-supereffective|p1b: Gigan\n|-damage|p1b: Gigan|0 fnt\n|faint|p1b: Gigan\n|-damage|p2b: Hatterene|7\/100|[from] item: Life Orb\n|move|p1a: Manda|Waterfall|p2b: Hatterene\n|-damage|p2b: Hatterene|0 fnt\n|faint|p2b: Hatterene\n|\n|win|rudyxkam\n|raw|rudyxkam's rating: 1154 → 1179<\/strong> (+25 for winning)\n|raw|Triplegio2005's rating: 1152 → 1127<\/strong> (-25 for losing)\n|c|\u2606rudyxkam|gg\n|l|\u2606Triplegio2005\n","uploadtime":1683663928,"views":35,"p1id":"rudyxkam","p2id":"triplegio2005","formatid":"gen9vgc2023regulationc","rating":1127,"private":0,"password":""}