{"id":"gen9vgc2023regulationc-1860414759","p1":"stuby522","p2":"AyLuLiiiEsToTaCBN","format":"[Gen 9] VGC 2023 Regulation C","log":"|j|\u2606stuby522\n|j|\u2606AyLuLiiiEsToTaCBN\n|t:|1683642182\n|gametype|doubles\n|player|p1|stuby522|rocketgruntf|1182\n|player|p2|AyLuLiiiEsToTaCBN|silver|1163\n|teamsize|p1|6\n|teamsize|p2|6\n|gen|9\n|tier|[Gen 9] VGC 2023 Regulation C\n|rated|\n|rule|Species Clause: Limit one of each Pok\u00e9mon\n|rule|Item Clause: Limit one of each item\n|clearpoke\n|poke|p1|Iron Treads, L50|\n|poke|p1|Flutter Mane, L50|\n|poke|p1|Braviary, L50, M|\n|poke|p1|Hydreigon, L50, M|\n|poke|p1|Gyarados, L50, M|\n|poke|p1|Talonflame, L50, M|\n|poke|p2|Ting-Lu, L50|\n|poke|p2|Abomasnow, L50, F|\n|poke|p2|Flutter Mane, L50|\n|poke|p2|Iron Hands, L50|\n|poke|p2|Bronzong, L50|\n|poke|p2|Arcanine, L50, F|\n|teampreview|4\n|inactive|Battle timer is ON: inactive players will automatically lose when time's up. (requested by AyLuLiiiEsToTaCBN)\n|\n|t:|1683642244\n|start\n|switch|p1a: ThreeHeads|Hydreigon, L50, M, shiny|100\/100\n|switch|p1b: FireBird|Talonflame, L50, M, shiny|100\/100\n|switch|p2a: Bronzong|Bronzong, L50|100\/100\n|switch|p2b: Iron Hands|Iron Hands, L50|100\/100\n|turn|1\n|\n|t:|1683642264\n|move|p2b: Iron Hands|Fake Out|p1b: FireBird\n|-damage|p1b: FireBird|80\/100\n|cant|p1b: FireBird|flinch\n|move|p1a: ThreeHeads|Focus Energy|p1a: ThreeHeads\n|-start|p1a: ThreeHeads|move: Focus Energy\n|move|p2a: Bronzong|Trick Room|p2a: Bronzong\n|-fieldstart|move: Trick Room|[of] p2a: Bronzong\n|\n|upkeep\n|turn|2\n|inactive|stuby522 has 30 seconds left.\n|inactive|stuby522 has 20 seconds left.\n|inactive|stuby522 has 15 seconds left.\n|inactive|stuby522 has 10 seconds left.\n|\n|t:|1683642310\n|-terastallize|p1a: ThreeHeads|Fire\n|move|p2a: Bronzong|Protect|p2a: Bronzong\n|-singleturn|p2a: Bronzong|Protect\n|move|p2b: Iron Hands|Wild Charge|p1b: FireBird\n|-supereffective|p1b: FireBird\n|-damage|p1b: FireBird|0 fnt\n|faint|p1b: FireBird\n|-damage|p2b: Iron Hands|86\/100|[from] Recoil\n|move|p1a: ThreeHeads|Draco Meteor|p2b: Iron Hands\n|-crit|p2b: Iron Hands\n|-damage|p2b: Iron Hands|37\/100\n|-unboost|p1a: ThreeHeads|spa|2\n|\n|upkeep\n|inactive|stuby522 has 30 seconds left.\n|inactive|stuby522 has 20 seconds left.\n|\n|t:|1683642346\n|switch|p1b: IronElephant|Iron Treads, L50, shiny|100\/100\n|-enditem|p1b: IronElephant|Booster Energy\n|-activate|p1b: IronElephant|ability: Quark Drive|[fromitem]\n|-start|p1b: IronElephant|quarkdrivespe\n|turn|3\n|inactive|stuby522 has 30 seconds left.\n|inactive|stuby522 has 20 seconds left.\n|\n|t:|1683642385\n|switch|p2a: Ting-Lu|Ting-Lu, L50|100\/100\n|-ability|p2a: Ting-Lu|Vessel of Ruin\n|move|p2b: Iron Hands|Close Combat|p1b: IronElephant\n|-supereffective|p1b: IronElephant\n|-damage|p1b: IronElephant|0 fnt\n|-unboost|p2b: Iron Hands|def|1\n|-unboost|p2b: Iron Hands|spd|1\n|faint|p1b: IronElephant\n|-end|p1b: IronElephant|Quark Drive|[silent]\n|move|p1a: ThreeHeads|Heat Wave|p2a: Ting-Lu|[spread] p2a\n|-miss|p1a: ThreeHeads|p2b: Iron Hands\n|-crit|p2a: Ting-Lu\n|-damage|p2a: Ting-Lu|70\/100\n|\n|upkeep\n|\n|t:|1683642400\n|switch|p1b: BraveBird|Braviary, L50, M|100\/100\n|turn|4\n|\n|t:|1683642414\n|move|p1b: BraveBird|Protect|p1b: BraveBird\n|-singleturn|p1b: BraveBird|Protect\n|move|p2a: Ting-Lu|Stone Edge|p1a: ThreeHeads\n|-supereffective|p1a: ThreeHeads\n|-crit|p1a: ThreeHeads\n|-damage|p1a: ThreeHeads|0 fnt\n|faint|p1a: ThreeHeads\n|move|p2b: Iron Hands|Wild Charge|p1b: BraveBird\n|-activate|p1b: BraveBird|move: Protect\n|\n|upkeep\n|turn|5\n|-message|stuby522 forfeited.\n|\n|win|AyLuLiiiEsToTaCBN\n|raw|stuby522's rating: 1182 → 1156<\/strong> (-26 for losing)\n|raw|AyLuLiiiEsToTaCBN's rating: 1163 → 1189<\/strong> (+26 for winning)\n|l|\u2606stuby522\n","uploadtime":1683642429,"views":8,"p1id":"stuby522","p2id":"ayluliiiestotacbn","formatid":"gen9vgc2023regulationc","rating":1156,"private":0,"password":""}