{"id":"gen9vgc2023regulationc-1857739773","p1":"ENLIGHTENMENT1124","p2":"darkpom","format":"[Gen 9] VGC 2023 Regulation C","log":"|j|\u2606ENLIGHTENMENT1124\n|j|\u2606darkpom\n|t:|1683227222\n|gametype|doubles\n|player|p1|ENLIGHTENMENT1124|170|1130\n|player|p2|darkpom|dawn|1082\n|teamsize|p1|6\n|teamsize|p2|6\n|gen|9\n|tier|[Gen 9] VGC 2023 Regulation C\n|rated|\n|rule|Species Clause: Limit one of each Pok\u00e9mon\n|rule|Item Clause: Limit one of each item\n|clearpoke\n|poke|p1|Maushold-Four, L50|\n|poke|p1|Annihilape, L50, M|\n|poke|p1|Lycanroc, L50, F|\n|poke|p1|Tyranitar, L50, M|\n|poke|p1|Indeedee-F, L50, F|\n|poke|p1|Flutter Mane, L50|\n|poke|p2|Gastrodon, L50, F|\n|poke|p2|Tyranitar, L50, F|\n|poke|p2|Lycanroc, L50, M|\n|poke|p2|Goodra, L50, F|\n|poke|p2|Amoonguss, L50, F|\n|poke|p2|Scizor, L50, M|\n|teampreview|4\n|inactive|Battle timer is ON: inactive players will automatically lose when time's up. (requested by darkpom)\n|\n|t:|1683227288\n|start\n|switch|p1a: Annihilape|Annihilape, L50, M|100\/100\n|switch|p1b: Indeedee|Indeedee-F, L50, F|100\/100\n|switch|p2a: Scizor|Scizor, L50, M|100\/100\n|switch|p2b: Goodra|Goodra, L50, F|100\/100\n|-fieldstart|move: Psychic Terrain|[from] ability: Psychic Surge|[of] p1b: Indeedee\n|turn|1\n|inactive|ENLIGHTENMENT1124 has 30 seconds left.\n|\n|t:|1683227321\n|move|p1b: Indeedee|Follow Me|p1b: Indeedee\n|-singleturn|p1b: Indeedee|move: Follow Me\n|move|p1a: Annihilape|Bulk Up|p1a: Annihilape\n|-boost|p1a: Annihilape|atk|1\n|-boost|p1a: Annihilape|def|1\n|move|p2b: Goodra|Surf|p1a: Annihilape|[spread] p2a,p1a,p1b\n|-damage|p2a: Scizor|77\/100\n|-damage|p1a: Annihilape|87\/100\n|-damage|p1b: Indeedee|82\/100\n|move|p2a: Scizor|Aerial Ace|p1b: Indeedee\n|-damage|p1b: Indeedee|33\/100\n|\n|-heal|p1a: Annihilape|93\/100|[from] item: Leftovers\n|upkeep\n|turn|2\n|inactive|ENLIGHTENMENT1124 has 30 seconds left.\n|\n|t:|1683227349\n|switch|p1b: Tyranitar|Tyranitar, L50, M, shiny|100\/100\n|-weather|Sandstorm|[from] ability: Sand Stream|[of] p1b: Tyranitar\n|-terastallize|p1a: Annihilape|Water\n|move|p1a: Annihilape|Bulk Up|p1a: Annihilape\n|-boost|p1a: Annihilape|atk|1\n|-boost|p1a: Annihilape|def|1\n|move|p2b: Goodra|Draco Meteor|p1b: Tyranitar\n|-damage|p1b: Tyranitar|67\/100\n|-unboost|p2b: Goodra|spa|2\n|move|p2a: Scizor|Aerial Ace|p1a: Annihilape\n|-damage|p1a: Annihilape|69\/100\n|\n|-weather|Sandstorm|[upkeep]\n|-damage|p1a: Annihilape|63\/100|[from] Sandstorm\n|-damage|p2b: Goodra|94\/100|[from] Sandstorm\n|-heal|p1a: Annihilape|69\/100|[from] item: Leftovers\n|upkeep\n|turn|3\n|inactive|ENLIGHTENMENT1124 has 30 seconds left.\n|inactive|ENLIGHTENMENT1124 has 20 seconds left.\n|\n|t:|1683227385\n|switch|p2b: Amoonguss|Amoonguss, L50, F|100\/100\n|move|p1a: Annihilape|Drain Punch|p2b: Amoonguss\n|-resisted|p2b: Amoonguss\n|-damage|p2b: Amoonguss|63\/100\n|-heal|p1a: Annihilape|88\/100|[from] drain|[of] p2b: Amoonguss\n|move|p2a: Scizor|Aerial Ace|p1a: Annihilape\n|-damage|p1a: Annihilape|64\/100\n|move|p1b: Tyranitar|Rock Slide|p2a: Scizor|[spread] p2a,p2b\n|-damage|p2a: Scizor|46\/100\n|-damage|p2b: Amoonguss|30\/100\n|\n|-weather|Sandstorm|[upkeep]\n|-damage|p1a: Annihilape|58\/100|[from] Sandstorm\n|-damage|p2b: Amoonguss|24\/100|[from] Sandstorm\n|-heal|p1a: Annihilape|64\/100|[from] item: Leftovers\n|-heal|p2b: Amoonguss|30\/100|[from] item: Black Sludge\n|upkeep\n|turn|4\n|inactive|ENLIGHTENMENT1124 has 30 seconds left.\n|\n|t:|1683227412\n|switch|p2a: Goodra|Goodra, L50, F|94\/100\n|move|p1a: Annihilape|Drain Punch|p2b: Amoonguss\n|-resisted|p2b: Amoonguss\n|-damage|p2b: Amoonguss|0 fnt\n|-heal|p1a: Annihilape|80\/100|[from] drain|[of] p2b: Amoonguss\n|faint|p2b: Amoonguss\n|move|p1b: Tyranitar|Rock Slide|p2a: Goodra\n|-damage|p2a: Goodra|54\/100\n|\n|-weather|Sandstorm|[upkeep]\n|-damage|p1a: Annihilape|74\/100|[from] Sandstorm\n|-damage|p2a: Goodra|48\/100|[from] Sandstorm\n|-heal|p1a: Annihilape|80\/100|[from] item: Leftovers\n|upkeep\n|\n|t:|1683227420\n|switch|p2b: Lycanroc|Lycanroc, L50, M|100\/100\n|turn|5\n|\n|t:|1683227434\n|move|p1b: Tyranitar|Protect|p1b: Tyranitar\n|-singleturn|p1b: Tyranitar|Protect\n|move|p2b: Lycanroc|Close Combat|p1b: Tyranitar\n|-activate|p1b: Tyranitar|move: Protect\n|move|p1a: Annihilape|Drain Punch|p2b: Lycanroc\n|-supereffective|p2b: Lycanroc\n|-damage|p2b: Lycanroc|0 fnt\n|-heal|p1a: Annihilape|100\/100|[from] drain|[of] p2b: Lycanroc\n|faint|p2b: Lycanroc\n|move|p2a: Goodra|Draco Meteor|p1a: Annihilape|[miss]\n|-miss|p2a: Goodra|p1a: Annihilape\n|\n|-weather|Sandstorm|[upkeep]\n|-damage|p1a: Annihilape|94\/100|[from] Sandstorm\n|-damage|p2a: Goodra|42\/100|[from] Sandstorm\n|-heal|p1a: Annihilape|100\/100|[from] item: Leftovers\n|-fieldend|move: Psychic Terrain\n|upkeep\n|-message|darkpom forfeited.\n|\n|win|ENLIGHTENMENT1124\n|raw|ENLIGHTENMENT1124's rating: 1130 → 1152<\/strong> (+22 for winning)\n|raw|darkpom's rating: 1082 → 1063<\/strong> (-19 for losing)\n|l|\u2606darkpom\n","uploadtime":1683227491,"views":7,"p1id":"enlightenment1124","p2id":"darkpom","formatid":"gen9vgc2023regulationc","rating":1063,"private":0,"password":""}