{"id":"gen9vgc2023regulationc-1861906842","p1":"TheRealKaige","p2":"Pigeon3.0","format":"[Gen 9] VGC 2023 Regulation C","log":"|j|\u2606TheRealKaige\n|j|\u2606Pigeon3.0\n|t:|1683819699\n|gametype|doubles\n|player|p1|TheRealKaige|169|1157\n|player|p2|Pigeon3.0|unknown|1067\n|teamsize|p1|6\n|teamsize|p2|6\n|gen|9\n|tier|[Gen 9] VGC 2023 Regulation C\n|rated|\n|rule|Species Clause: Limit one of each Pok\u00e9mon\n|rule|Item Clause: Limit one of each item\n|clearpoke\n|poke|p1|Flutter Mane, L50|\n|poke|p1|Chi-Yu, L50|\n|poke|p1|Scream Tail, L50|\n|poke|p1|Amoonguss, L50, F|\n|poke|p1|Baxcalibur, L50, M|\n|poke|p1|Annihilape, L50, F|\n|poke|p2|Arcanine, L50, M|\n|poke|p2|Grimmsnarl, L50, M|\n|poke|p2|Ting-Lu, L50|\n|poke|p2|Amoonguss, L50, M|\n|poke|p2|Palafin, L50, F|\n|poke|p2|Flutter Mane, L50|\n|teampreview|4\nPigeon3.0 rejected open team sheets.\n|inactive|Battle timer is ON: inactive players will automatically lose when time's up. (requested by Pigeon3.0)\n|inactive|TheRealKaige has 60 seconds left.\n|inactive|Pigeon3.0 has 60 seconds left.\n|\n|t:|1683819749\n|start\n|switch|p1a: Flutter Mane|Flutter Mane, L50|100\/100\n|switch|p1b: Baxcalibur|Baxcalibur, L50, M|100\/100\n|switch|p2a: Palafin|Palafin, L50, F|100\/100\n|switch|p2b: Arcanine|Arcanine, L50, M|100\/100\n|-ability|p2b: Arcanine|Intimidate|boost\n|-unboost|p1a: Flutter Mane|atk|1\n|-unboost|p1b: Baxcalibur|atk|1\n|turn|1\n|inactive|TheRealKaige has 30 seconds left.\n|\n|t:|1683819783\n|move|p2a: Palafin|Protect|p2a: Palafin\n|-singleturn|p2a: Palafin|Protect\n|move|p1a: Flutter Mane|Shadow Ball|p2b: Arcanine\n|-damage|p2b: Arcanine|47\/100\n|move|p1b: Baxcalibur|Icicle Crash|p2a: Palafin\n|-activate|p2a: Palafin|move: Protect\n|move|p2b: Arcanine|Flare Blitz|p1a: Flutter Mane\n|-damage|p1a: Flutter Mane|23\/100\n|-damage|p2b: Arcanine|29\/100|[from] Recoil\n|\n|upkeep\n|turn|2\n|inactive|Pigeon3.0 has 30 seconds left.\n|\n|t:|1683819809\n|-end|p1a: Flutter Mane|Protosynthesis|[silent]\n|switch|p1a: Amoonguss|Amoonguss, L50, F|100\/100\n|move|p2b: Arcanine|Extreme Speed|p1b: Baxcalibur\n|-damage|p1b: Baxcalibur|82\/100\n|move|p2a: Palafin|Jet Punch|p1a: Amoonguss\n|-resisted|p1a: Amoonguss\n|-damage|p1a: Amoonguss|92\/100\n|move|p1b: Baxcalibur|Glaive Rush|p2b: Arcanine\n|-damage|p2b: Arcanine|0 fnt\n|-singlemove|p1b: Baxcalibur|Glaive Rush|[silent]\n|faint|p2b: Arcanine\n|\n|upkeep\n|\n|t:|1683819822\n|switch|p2b: Flutter Mane|Flutter Mane, L50|100\/100\n|turn|3\n|inactive|TheRealKaige has 30 seconds left.\n|inactive|TheRealKaige has 20 seconds left.\n|inactive|TheRealKaige has 15 seconds left.\n|\n|t:|1683819864\n|detailschange|p2a: Palafin|Palafin-Hero, L50, F\n|switch|p2a: Grimmsnarl|Grimmsnarl, L50, M|100\/100\n|switch|p1b: Flutter Mane|Flutter Mane, L50|23\/100\n|move|p2b: Flutter Mane|Moonblast|p1b: Flutter Mane\n|-damage|p1b: Flutter Mane|0 fnt\n|faint|p1b: Flutter Mane\n|-end|p1b: Flutter Mane|Protosynthesis|[silent]\n|move|p1a: Amoonguss|Spore|p2b: Flutter Mane\n|-status|p2b: Flutter Mane|slp|[from] move: Spore\n|\n|upkeep\n|\n|t:|1683819878\n|switch|p1b: Baxcalibur|Baxcalibur, L50, M|82\/100\n|turn|4\n|\n|t:|1683819893\n|cant|p2b: Flutter Mane|slp\n|move|p1b: Baxcalibur|Icicle Crash|p2b: Flutter Mane\n|-enditem|p2b: Flutter Mane|Focus Sash\n|-damage|p2b: Flutter Mane|1\/100 slp\n|move|p2a: Grimmsnarl|Spirit Break|p1b: Baxcalibur\n|-supereffective|p1b: Baxcalibur\n|-damage|p1b: Baxcalibur|21\/100\n|-unboost|p1b: Baxcalibur|spa|1\n|move|p1a: Amoonguss|Pollen Puff|p1b: Baxcalibur\n|-heal|p1b: Baxcalibur|71\/100\n|\n|upkeep\n|turn|5\n|\n|t:|1683819912\n|-terastallize|p1b: Baxcalibur|Electric\n|cant|p2b: Flutter Mane|slp\n|move|p1b: Baxcalibur|Ice Shard|p2b: Flutter Mane\n|-damage|p2b: Flutter Mane|0 fnt\n|faint|p2b: Flutter Mane\n|-end|p2b: Flutter Mane|Protosynthesis|[silent]\n|move|p2a: Grimmsnarl|Spirit Break|p1b: Baxcalibur\n|-damage|p1b: Baxcalibur|39\/100\n|-unboost|p1b: Baxcalibur|spa|1\n|move|p1a: Amoonguss|Pollen Puff|p1b: Baxcalibur\n|-heal|p1b: Baxcalibur|88\/100\n|\n|upkeep\n|\n|t:|1683819925\n|switch|p2b: Palafin|Palafin-Hero, L50, F|100\/100\n|-activate|p2b: Palafin|ability: Zero to Hero\n|turn|6\n|\n|t:|1683819943\n|-terastallize|p2b: Palafin|Water\n|move|p1a: Amoonguss|Rage Powder|p1a: Amoonguss\n|-singleturn|p1a: Amoonguss|move: Rage Powder\n|move|p2b: Palafin|Wave Crash|p1a: Amoonguss\n|-resisted|p1a: Amoonguss\n|-damage|p1a: Amoonguss|47\/100\n|-enditem|p1a: Amoonguss|Sitrus Berry|[eat]\n|-heal|p1a: Amoonguss|71\/100|[from] item: Sitrus Berry\n|-damage|p2b: Palafin|82\/100|[from] Recoil\n|move|p1b: Baxcalibur|Tera Blast|p2a: Grimmsnarl\n|-damage|p2a: Grimmsnarl|47\/100\n|move|p2a: Grimmsnarl|False Surrender|p1a: Amoonguss\n|-damage|p1a: Amoonguss|44\/100\n|\n|-heal|p2a: Grimmsnarl|53\/100|[from] item: Leftovers\n|upkeep\n|turn|7\n|\n|t:|1683819961\n|move|p1a: Amoonguss|Rage Powder|p1a: Amoonguss\n|-singleturn|p1a: Amoonguss|move: Rage Powder\n|move|p2b: Palafin|Wave Crash|p1a: Amoonguss\n|-resisted|p1a: Amoonguss\n|-damage|p1a: Amoonguss|0 fnt\n|faint|p1a: Amoonguss\n|-damage|p2b: Palafin|64\/100|[from] Recoil\n|move|p1b: Baxcalibur|Tera Blast|p2b: Palafin\n|-supereffective|p2b: Palafin\n|-damage|p2b: Palafin|0 fnt\n|faint|p2b: Palafin\n|move|p2a: Grimmsnarl|False Surrender|p1b: Baxcalibur\n|-damage|p1b: Baxcalibur|55\/100\n|\n|-heal|p2a: Grimmsnarl|59\/100|[from] item: Leftovers\n|upkeep\n|\n|t:|1683819971\n|switch|p1a: Annihilape|Annihilape, L50, F|100\/100\n|turn|8\n|\n|t:|1683819982\n|move|p1b: Baxcalibur|Tera Blast|p2a: Grimmsnarl\n|-damage|p2a: Grimmsnarl|10\/100\n|move|p1a: Annihilape|Bulk Up|p1a: Annihilape\n|-boost|p1a: Annihilape|atk|1\n|-boost|p1a: Annihilape|def|1\n|move|p2a: Grimmsnarl|Spirit Break|p1a: Annihilape\n|-supereffective|p1a: Annihilape\n|-damage|p1a: Annihilape|63\/100\n|-unboost|p1a: Annihilape|spa|1\n|-ability|p1a: Annihilape|Defiant|boost\n|-boost|p1a: Annihilape|atk|2\n|\n|-heal|p1a: Annihilape|69\/100|[from] item: Leftovers\n|-heal|p2a: Grimmsnarl|16\/100|[from] item: Leftovers\n|upkeep\n|turn|9\n|-message|Pigeon3.0 forfeited.\n|\n|win|TheRealKaige\n|raw|TheRealKaige's rating: 1157 → 1176<\/strong> (+19 for winning)\n|raw|Pigeon3.0's rating: 1067 → 1052<\/strong> (-15 for losing)\n|l|\u2606Pigeon3.0\n","uploadtime":1683819995,"views":11,"p1id":"therealkaige","p2id":"pigeon30","formatid":"gen9vgc2023regulationc","rating":1052,"private":0,"password":""}