{"id":"gen9vgc2023regulationc-1848749097","p1":"mugua","p2":"WillieDangerously","format":"[Gen 9] VGC 2023 Regulation C","log":"|j|\u2606mugua\n|j|\u2606WillieDangerously\n|t:|1682106548\n|gametype|doubles\n|player|p1|mugua|harlequin|1107\n|player|p2|WillieDangerously|psychic-gen4|1107\n|teamsize|p1|6\n|teamsize|p2|6\n|gen|9\n|tier|[Gen 9] VGC 2023 Regulation C\n|rated|\n|rule|Species Clause: Limit one of each Pok\u00e9mon\n|rule|Item Clause: Limit one of each item\n|clearpoke\n|poke|p1|Dondozo, L50, M|\n|poke|p1|Tatsugiri-Droopy, L50, M|\n|poke|p1|Pelipper, L50, M|\n|poke|p1|Drednaw, L50, F|\n|poke|p1|Dragonite, L50, F|\n|poke|p1|Chien-Pao, L50|\n|poke|p2|Espathra, L50, F|\n|poke|p2|Iron Bundle, L50|\n|poke|p2|Iron Valiant, L50|\n|poke|p2|Salamence, L50, M|\n|poke|p2|Scizor, L50, F|\n|poke|p2|Sandy Shocks, L50|\n|teampreview|4\n|\n|t:|1682106581\n|start\n|switch|p1a: Pelipper|Pelipper, L50, M|100\/100\n|switch|p1b: Dondozo|Dondozo, L50, M|100\/100\n|switch|p2a: Espathra|Espathra, L50, F|100\/100\n|switch|p2b: Sandy Shocks|Sandy Shocks, L50|100\/100\n|-weather|RainDance|[from] ability: Drizzle|[of] p1a: Pelipper\n|-enditem|p2b: Sandy Shocks|Booster Energy\n|-activate|p2b: Sandy Shocks|ability: Protosynthesis|[fromitem]\n|-start|p2b: Sandy Shocks|protosynthesisspe\n|turn|1\n|\n|t:|1682106608\n|switch|p1a: Tatsugiri|Tatsugiri-Droopy, L50, M, shiny|100\/100\n|-activate|p1a: Tatsugiri|ability: Commander|[of] p1b: Dondozo\n|-boost|p1b: Dondozo|atk|2\n|-boost|p1b: Dondozo|spa|2\n|-boost|p1b: Dondozo|spe|2\n|-boost|p1b: Dondozo|def|2\n|-boost|p1b: Dondozo|spd|2\n|-terastallize|p1b: Dondozo|Water\n|move|p2b: Sandy Shocks|Gravity|p2b: Sandy Shocks\n|-fieldstart|move: Gravity\n|move|p1b: Dondozo|Surf|p2b: Sandy Shocks|[spread] p2a,p2b\n|-miss|p1b: Dondozo|p1a: Tatsugiri\n|-supereffective|p2b: Sandy Shocks\n|-damage|p2a: Espathra|0 fnt\n|-damage|p2b: Sandy Shocks|0 fnt\n|faint|p2a: Espathra\n|faint|p2b: Sandy Shocks\n|-end|p2b: Sandy Shocks|Protosynthesis|[silent]\n|-damage|p1b: Dondozo|91\/100|[from] item: Life Orb\n|\n|-weather|RainDance|[upkeep]\n|upkeep\n|\n|t:|1682106625\n|switch|p2a: Iron Bundle|Iron Bundle, L50|100\/100\n|switch|p2b: Iron Valiant|Iron Valiant, L50|100\/100\n|turn|2\n|\n|t:|1682106642\n|move|p2a: Iron Bundle|Icy Wind|p1a: Tatsugiri|[spread] p1b\n|-miss|p2a: Iron Bundle|p1a: Tatsugiri\n|-resisted|p1b: Dondozo\n|-damage|p1b: Dondozo|85\/100\n|-unboost|p1b: Dondozo|spe|1\n|move|p2b: Iron Valiant|Hypnosis|p1b: Dondozo\n|-status|p1b: Dondozo|slp|[from] move: Hypnosis\n|cant|p1b: Dondozo|slp\n|\n|-weather|RainDance|[upkeep]\n|upkeep\n|turn|3\n|\n|t:|1682106668\n|move|p2a: Iron Bundle|Hydro Pump|p1b: Dondozo\n|-resisted|p1b: Dondozo\n|-damage|p1b: Dondozo|63\/100 slp\n|move|p2b: Iron Valiant|Focus Blast|p1b: Dondozo\n|-damage|p1b: Dondozo|27\/100 slp\n|-curestatus|p1b: Dondozo|slp|[msg]\n|move|p1b: Dondozo|Sleep Talk||[still]\n|-fail|p1b: Dondozo\n|\n|-weather|RainDance|[upkeep]\n|upkeep\n|turn|4\n|\n|t:|1682106694\n|move|p2a: Iron Bundle|Hydro Pump|p1b: Dondozo\n|-resisted|p1b: Dondozo\n|-damage|p1b: Dondozo|4\/100\n|move|p2b: Iron Valiant|Moonblast|p1b: Dondozo\n|-damage|p1b: Dondozo|0 fnt\n|faint|p1b: Dondozo\n|\n|-weather|RainDance|[upkeep]\n|upkeep\n|\n|t:|1682106700\n|switch|p1b: Drednaw|Drednaw, L50, F|100\/100\n|turn|5\n|\n|t:|1682106713\n|move|p1b: Drednaw|Rock Slide|p2b: Iron Valiant|[spread] p2a,p2b\n|-supereffective|p2a: Iron Bundle\n|-resisted|p2b: Iron Valiant\n|-damage|p2a: Iron Bundle|0 fnt\n|-damage|p2b: Iron Valiant|72\/100\n|faint|p2a: Iron Bundle\n|-end|p2a: Iron Bundle|Quark Drive|[silent]\n|move|p1a: Tatsugiri|Muddy Water|p2b: Iron Valiant\n|-damage|p2b: Iron Valiant|0 fnt\n|faint|p2b: Iron Valiant\n|-end|p2b: Iron Valiant|Quark Drive|[silent]\n|\n|win|mugua\n|raw|mugua's rating: 1107 → 1132<\/strong> (+25 for winning)\n|raw|WillieDangerously's rating: 1107 → 1082<\/strong> (-25 for losing)\n","uploadtime":1682106718,"views":10,"p1id":"mugua","p2id":"williedangerously","formatid":"gen9vgc2023regulationc","rating":1082,"private":0,"password":""}