{"id":"gen9vgc2023regulationc-1861517991","p1":"Bcfcc","p2":"Only_Lui","format":"[Gen 9] VGC 2023 Regulation C","log":"|j|\u2606Bcfcc\n|j|\u2606Only_Lui\n|t:|1683767783\n|gametype|doubles\n|player|p1|Bcfcc|1|1000\n|player|p2|Only_Lui|1|1024\n|teamsize|p1|6\n|teamsize|p2|6\n|gen|9\n|tier|[Gen 9] VGC 2023 Regulation C\n|rated|\n|rule|Species Clause: Limit one of each Pok\u00e9mon\n|rule|Item Clause: Limit one of each item\n|clearpoke\n|poke|p1|Dragonite, L50, M|\n|poke|p1|Chien-Pao, L50|\n|poke|p1|Iron Hands, L50|\n|poke|p1|Gholdengo, L50|\n|poke|p1|Flutter Mane, L50|\n|poke|p1|Gyarados, L50, M|\n|poke|p2|Toxtricity, L50, F|\n|poke|p2|Murkrow, L50, F|\n|poke|p2|Gholdengo, L50|\n|poke|p2|Dragonite, L50, M|\n|poke|p2|Ursaring, L50, F|\n|poke|p2|Flutter Mane, L50|\n|teampreview|4\n|inactive|Battle timer is ON: inactive players will automatically lose when time's up. (requested by Bcfcc)\n|inactive|Bcfcc has 60 seconds left.\n|\n|t:|1683767822\n|start\n|switch|p1a: Iron Hands|Iron Hands, L50|100\/100\n|switch|p1b: Gyarados|Gyarados, L50, M, shiny|100\/100\n|switch|p2a: Murkrow|Murkrow, L50, F|100\/100\n|switch|p2b: Gholdengo|Gholdengo, L50|100\/100\n|turn|1\n|\n|t:|1683767842\n|move|p1a: Iron Hands|Fake Out|p2a: Murkrow\n|-damage|p2a: Murkrow|85\/100\n|cant|p2a: Murkrow|flinch\n|move|p1b: Gyarados|Dragon Dance|p1b: Gyarados\n|-boost|p1b: Gyarados|atk|1\n|-boost|p1b: Gyarados|spe|1\n|move|p2b: Gholdengo|Thunderbolt|p1b: Gyarados\n|-supereffective|p1b: Gyarados\n|-damage|p1b: Gyarados|0 fnt\n|faint|p1b: Gyarados\n|\n|upkeep\n|\n|t:|1683767854\n|switch|p1b: Chien-Pao|Chien-Pao, L50|100\/100\n|-ability|p1b: Chien-Pao|Sword of Ruin\n|turn|2\n|inactive|Only_Lui has 30 seconds left.\n|\n|t:|1683767881\n|move|p2a: Murkrow|Tailwind|p2a: Murkrow\n|-sidestart|p2: Only_Lui|move: Tailwind\n|move|p2b: Gholdengo|Thunderbolt|p1b: Chien-Pao\n|-damage|p1b: Chien-Pao|19\/100\n|move|p1b: Chien-Pao|Throat Chop|p2b: Gholdengo\n|-supereffective|p2b: Gholdengo\n|-damage|p2b: Gholdengo|0 fnt\n|faint|p2b: Gholdengo\n|move|p1a: Iron Hands|Volt Switch|p2a: Murkrow\n|-supereffective|p2a: Murkrow\n|-damage|p2a: Murkrow|63\/100\n|\n|t:|1683767894\n|-end|p1a: Iron Hands|Quark Drive|[silent]\n|switch|p1a: Dragonite|Dragonite, L50, M|100\/100|[from] Volt Switch\n|\n|upkeep\n|\n|t:|1683767900\n|switch|p2b: Flutter Mane|Flutter Mane, L50|100\/100\n|-enditem|p2b: Flutter Mane|Booster Energy\n|-activate|p2b: Flutter Mane|ability: Protosynthesis|[fromitem]\n|-start|p2b: Flutter Mane|protosynthesisspa\n|turn|3\n|inactive|Bcfcc has 30 seconds left.\n|inactive|Only_Lui has 30 seconds left.\n|inactive|Bcfcc has 20 seconds left.\n|inactive|Bcfcc has 15 seconds left.\n|\n|t:|1683767942\n|-terastallize|p1b: Chien-Pao|Ice\n|move|p1b: Chien-Pao|Ice Shard|p2b: Flutter Mane\n|-damage|p2b: Flutter Mane|36\/100\n|move|p2b: Flutter Mane|Dazzling Gleam|p1b: Chien-Pao|[spread] p1a,p1b\n|-supereffective|p1a: Dragonite\n|-damage|p1a: Dragonite|27\/100\n|-damage|p1b: Chien-Pao|0 fnt\n|faint|p1b: Chien-Pao\n|move|p2a: Murkrow|Foul Play|p1a: Dragonite\n|-damage|p1a: Dragonite|0 fnt\n|faint|p1a: Dragonite\n|\n|upkeep\n|\n|t:|1683767948\n|switch|p1b: Iron Hands|Iron Hands, L50|100\/100\n|turn|4\n|inactive|Only_Lui has 30 seconds left.\n|\n|t:|1683767978\n|move|p2b: Flutter Mane|Moonblast|p1b: Iron Hands\n|-supereffective|p1b: Iron Hands\n|-damage|p1b: Iron Hands|25\/100\n|move|p2a: Murkrow|Foul Play|p1b: Iron Hands\n|-resisted|p1b: Iron Hands\n|-damage|p1b: Iron Hands|13\/100\n|move|p1b: Iron Hands|Wild Charge|p2b: Flutter Mane\n|-damage|p2b: Flutter Mane|0 fnt\n|faint|p2b: Flutter Mane\n|-end|p2b: Flutter Mane|Protosynthesis|[silent]\n|-damage|p1b: Iron Hands|8\/100|[from] Recoil\n|\n|upkeep\n|\n|t:|1683767992\n|switch|p2b: Toxtricity|Toxtricity, L50, F|100\/100\n|turn|5\n|-message|Bcfcc forfeited.\n|\n|win|Only_Lui\n|raw|Bcfcc's rating: 1000 → 1000<\/strong> (+0 for losing)\n|raw|Only_Lui's rating: 1024 → 1058<\/strong> (+34 for winning)\n|l|\u2606Bcfcc\n","uploadtime":1683768010,"views":11,"p1id":"bcfcc","p2id":"onlylui","formatid":"gen9vgc2023regulationc","rating":1000,"private":0,"password":""}