{"id":"gen9vgc2023regulationc-1860889250","p1":"CornAria","p2":"pls be kind to me","format":"[Gen 9] VGC 2023 Regulation C","log":"|j|\u2606CornAria\n|j|\u2606pls be kind to me\n|t:|1683690977\n|gametype|doubles\n|player|p1|CornAria|riley|1373\n|player|p2|pls be kind to me|flannery|1441\n|teamsize|p1|6\n|teamsize|p2|6\n|gen|9\n|tier|[Gen 9] VGC 2023 Regulation C\n|rated|\n|rule|Species Clause: Limit one of each Pok\u00e9mon\n|rule|Item Clause: Limit one of each item\n|clearpoke\n|poke|p1|Chi-Yu, L50|\n|poke|p1|Great Tusk, L50|\n|poke|p1|Corviknight, L50, F|\n|poke|p1|Murkrow, L50, F|\n|poke|p1|Flutter Mane, L50|\n|poke|p1|Iron Bundle, L50|\n|poke|p2|Scream Tail, L50|\n|poke|p2|Baxcalibur, L50, M|\n|poke|p2|Corviknight, L50, M|\n|poke|p2|Rotom-Wash, L50|\n|poke|p2|Flutter Mane, L50|\n|poke|p2|Tyranitar, L50, F|\n|teampreview|4\npls be kind to me has agreed to open team sheets.\nCornAria has agreed to open team sheets.\n|\n|t:|1683691070\n|start\n|switch|p1a: Great Tusk|Great Tusk, L50|100\/100\n|switch|p1b: Flutter Mane|Flutter Mane, L50|100\/100\n|switch|p2a: Corviknight|Corviknight, L50, M, shiny|100\/100\n|switch|p2b: Tyranitar|Tyranitar, L50, F|100\/100\n|-weather|Sandstorm|[from] ability: Sand Stream|[of] p2b: Tyranitar\n|turn|1\n|inactive|Battle timer is ON: inactive players will automatically lose when time's up. (requested by pls be kind to me)\n|\n|t:|1683691097\n|-terastallize|p1a: Great Tusk|Steel\n|-terastallize|p2b: Tyranitar|Flying\n|move|p1a: Great Tusk|Rock Slide|p2a: Corviknight|[spread] \n|-miss|p1a: Great Tusk|p2a: Corviknight\n|-miss|p1a: Great Tusk|p2b: Tyranitar\n|move|p1b: Flutter Mane|Thunderbolt|p2a: Corviknight\n|-supereffective|p2a: Corviknight\n|-damage|p2a: Corviknight|37\/100\n|-status|p2a: Corviknight|par\n|move|p2b: Tyranitar|Heavy Slam|p1b: Flutter Mane\n|-supereffective|p1b: Flutter Mane\n|-damage|p1b: Flutter Mane|0 fnt\n|faint|p1b: Flutter Mane\n|-end|p1b: Flutter Mane|Protosynthesis|[silent]\n|move|p2a: Corviknight|Tailwind|p2a: Corviknight\n|-sidestart|p2: pls be kind to me|move: Tailwind\n|\n|-weather|Sandstorm|[upkeep]\n|-damage|p2b: Tyranitar|94\/100|[from] Sandstorm\n|upkeep\n|\n|t:|1683691118\n|switch|p1b: Corviknight|Corviknight, L50, F|100\/100\n|turn|2\n|\n|t:|1683691130\n|move|p1a: Great Tusk|Rock Slide|p2b: Tyranitar|[spread] p2a,p2b\n|-supereffective|p2b: Tyranitar\n|-damage|p2a: Corviknight|20\/100 par\n|-damage|p2b: Tyranitar|58\/100\n|move|p2b: Tyranitar|Low Kick|p1a: Great Tusk\n|-supereffective|p1a: Great Tusk\n|-damage|p1a: Great Tusk|37\/100\n|move|p1b: Corviknight|Brave Bird|p2b: Tyranitar\n|-crit|p2b: Tyranitar\n|-damage|p2b: Tyranitar|0 fnt\n|faint|p2b: Tyranitar\n|-damage|p1b: Corviknight|80\/100|[from] Recoil\n|move|p2a: Corviknight|Roost|p2a: Corviknight\n|-heal|p2a: Corviknight|70\/100 par\n|-singleturn|p2a: Corviknight|move: Roost\n|\n|-weather|Sandstorm|[upkeep]\n|upkeep\n|\n|t:|1683691152\n|switch|p2b: Scream Tail|Scream Tail, L50, shiny|100\/100\n|-enditem|p2b: Scream Tail|Booster Energy\n|-activate|p2b: Scream Tail|ability: Protosynthesis|[fromitem]\n|-start|p2b: Scream Tail|protosynthesisspe\n|turn|3\n|\n|t:|1683691170\n|move|p2b: Scream Tail|Encore|p1b: Corviknight\n|-start|p1b: Corviknight|Encore\n|move|p1a: Great Tusk|Rock Slide|p2a: Corviknight|[spread] p2a\n|-miss|p1a: Great Tusk|p2b: Scream Tail\n|-damage|p2a: Corviknight|53\/100 par\n|move|p1b: Corviknight|Brave Bird|p2b: Scream Tail\n|-damage|p2b: Scream Tail|36\/100\n|-damage|p1b: Corviknight|55\/100|[from] Recoil\n|cant|p2a: Corviknight|flinch\n|\n|-weather|Sandstorm|[upkeep]\n|-damage|p2b: Scream Tail|30\/100|[from] Sandstorm\n|upkeep\n|turn|4\n|\n|t:|1683691188\n|switch|p1b: Chi-Yu|Chi-Yu, L50|100\/100\n|-ability|p1b: Chi-Yu|Beads of Ruin\n|move|p2b: Scream Tail|Disable||[still]\n|-fail|p2b: Scream Tail\n|move|p1a: Great Tusk|Rock Slide|p2a: Corviknight|[spread] p2b\n|-miss|p1a: Great Tusk|p2a: Corviknight\n|-damage|p2b: Scream Tail|14\/100\n|cant|p2a: Corviknight|par\n|\n|-weather|Sandstorm|[upkeep]\n|-damage|p2b: Scream Tail|8\/100|[from] Sandstorm\n|-damage|p1b: Chi-Yu|94\/100|[from] Sandstorm\n|-sideend|p2: pls be kind to me|move: Tailwind\n|upkeep\n|turn|5\n|\n|t:|1683691203\n|move|p2b: Scream Tail|Disable|p1a: Great Tusk\n|-start|p1a: Great Tusk|Disable|Rock Slide\n|cant|p1a: Great Tusk|Disable|Rock Slide\n|move|p1b: Chi-Yu|Flamethrower|p2a: Corviknight\n|-supereffective|p2a: Corviknight\n|-damage|p2a: Corviknight|0 fnt\n|faint|p2a: Corviknight\n|-damage|p1b: Chi-Yu|84\/100|[from] item: Life Orb\n|\n|-weather|none\n|upkeep\n|\n|t:|1683691207\n|switch|p2a: Flutter Mane|Flutter Mane, L50|100\/100\n|turn|6\n|\n|t:|1683691222\n|-end|p1a: Great Tusk|Protosynthesis|[silent]\n|switch|p1a: Corviknight|Corviknight, L50, F|55\/100\n|move|p2b: Scream Tail|Play Rough|p1b: Chi-Yu\n|-damage|p1b: Chi-Yu|44\/100\n|move|p2a: Flutter Mane|Moonblast|p1b: Chi-Yu\n|-damage|p1b: Chi-Yu|0 fnt\n|faint|p1b: Chi-Yu\n|-damage|p2a: Flutter Mane|91\/100|[from] item: Life Orb\n|\n|upkeep\n|\n|t:|1683691231\n|switch|p1b: Great Tusk|Great Tusk, L50, tera:Steel|37\/100\n|turn|7\n|\n|t:|1683691253\n|move|p2b: Scream Tail|Play Rough|p1b: Great Tusk\n|-resisted|p1b: Great Tusk\n|-damage|p1b: Great Tusk|28\/100\n|move|p1b: Great Tusk|Headlong Rush|p2b: Scream Tail\n|-damage|p2b: Scream Tail|0 fnt\n|-unboost|p1b: Great Tusk|def|1\n|-unboost|p1b: Great Tusk|spd|1\n|faint|p2b: Scream Tail\n|-end|p2b: Scream Tail|Protosynthesis|[silent]\n|move|p2a: Flutter Mane|Shadow Ball|p1a: Corviknight\n|-damage|p1a: Corviknight|0 fnt\n|faint|p1a: Corviknight\n|-damage|p2a: Flutter Mane|82\/100|[from] item: Life Orb\n|\n|upkeep\n|turn|8\n|\n|t:|1683691267\n|move|p1b: Great Tusk|Headlong Rush|p2a: Flutter Mane\n|-damage|p2a: Flutter Mane|0 fnt\n|-unboost|p1b: Great Tusk|def|1\n|-unboost|p1b: Great Tusk|spd|1\n|faint|p2a: Flutter Mane\n|-end|p2a: Flutter Mane|Protosynthesis|[silent]\n|\n|win|CornAria\n|raw|CornAria's rating: 1373 → 1397<\/strong> (+24 for winning)\n|raw|pls be kind to me's rating: 1441 → 1417<\/strong> (-24 for losing)\n|l|\u2606CornAria\n","uploadtime":1683691304,"views":24,"p1id":"cornaria","p2id":"plsbekindtome","formatid":"gen9vgc2023regulationc","rating":1397,"private":0,"password":""}