{"id":"gen9vgc2023regulationc-1855358605","p1":"ciue","p2":"Slitherycoffeecake","format":"[Gen 9] VGC 2023 Regulation C","log":"|j|\u2606ciue\n|j|\u2606Slitherycoffeecake\n|t:|1682942632\n|gametype|doubles\n|player|p1|ciue|flannery|1124\n|player|p2|Slitherycoffeecake|1|1061\n|teamsize|p1|6\n|teamsize|p2|6\n|gen|9\n|tier|[Gen 9] VGC 2023 Regulation C\n|rated|\n|rule|Species Clause: Limit one of each Pok\u00e9mon\n|rule|Item Clause: Limit one of each item\n|clearpoke\n|poke|p1|Armarouge, L50, M|\n|poke|p1|Indeedee-F, L50, F|\n|poke|p1|Torkoal, L50, F|\n|poke|p1|Ting-Lu, L50|\n|poke|p1|Flutter Mane, L50|\n|poke|p1|Gyarados, L50, F|\n|poke|p2|Glimmora, L50, M|\n|poke|p2|Pincurchin, L50, F|\n|poke|p2|Iron Moth, L50|\n|poke|p2|Iron Treads, L50|\n|poke|p2|Annihilape, L50, M|\n|poke|p2|Maushold, L50|\n|teampreview|4\nSlitherycoffeecake has agreed to open team sheets.\n|inactive|Battle timer is ON: inactive players will automatically lose when time's up. (requested by Slitherycoffeecake)\nciue has agreed to open team sheets.\n|inactive|ciue has 60 seconds left.\n|\n|t:|1682942691\n|start\n|switch|p1a: Armarouge|Armarouge, L50, M|100\/100\n|switch|p1b: Indeedee|Indeedee-F, L50, F|100\/100\n|switch|p2a: Glimmora|Glimmora, L50, M|100\/100\n|switch|p2b: Pincurchin|Pincurchin, L50, F|100\/100\n|-fieldstart|move: Psychic Terrain|[from] ability: Psychic Surge|[of] p1b: Indeedee\n|-enditem|p1b: Indeedee|Psychic Seed\n|-boost|p1b: Indeedee|spd|1|[from] item: Psychic Seed\n|-fieldstart|move: Electric Terrain|[from] ability: Electric Surge|[of] p2b: Pincurchin\n|turn|1\n|inactive|ciue has 30 seconds left.\n|inactive|Slitherycoffeecake has 30 seconds left.\n|inactive|ciue has 20 seconds left.\n|inactive|ciue has 15 seconds left.\n|\n|t:|1682942735\n|move|p2a: Glimmora|Mortal Spin|p1b: Indeedee|[spread] p1a,p1b\n|-damage|p1a: Armarouge|96\/100\n|-damage|p1b: Indeedee|95\/100\n|-status|p1a: Armarouge|psn\n|-status|p1b: Indeedee|psn\n|move|p1b: Indeedee|Dazzling Gleam|p2b: Pincurchin|[spread] p2a,p2b\n|-resisted|p2a: Glimmora\n|-crit|p2b: Pincurchin\n|-damage|p2a: Glimmora|93\/100\n|-damage|p2b: Pincurchin|75\/100\n|move|p1a: Armarouge|Expanding Force|p2a: Glimmora\n|-supereffective|p2a: Glimmora\n|-damage|p2a: Glimmora|0 fnt\n|faint|p2a: Glimmora\n|move|p2b: Pincurchin|Chilling Water|p1a: Armarouge\n|-supereffective|p1a: Armarouge\n|-damage|p1a: Armarouge|71\/100 psn\n|-unboost|p1a: Armarouge|atk|1\n|\n|-damage|p1b: Indeedee|83\/100 psn|[from] psn\n|-damage|p1a: Armarouge|58\/100 psn|[from] psn\n|upkeep\n|\n|t:|1682942755\n|switch|p2a: Iron Moth|Iron Moth, L50|100\/100\n|-activate|p2a: Iron Moth|ability: Quark Drive\n|-start|p2a: Iron Moth|quarkdrivespa\n|turn|2\n|inactive|Slitherycoffeecake has 30 seconds left.\n|\n|t:|1682942783\n|switch|p1b: Flutter Mane|Flutter Mane, L50|100\/100\n|switch|p1a: Torkoal|Torkoal, L50, F|100\/100\n|-weather|SunnyDay|[from] ability: Drought|[of] p1a: Torkoal\n|-activate|p1b: Flutter Mane|ability: Protosynthesis\n|-start|p1b: Flutter Mane|protosynthesisspa\n|move|p2a: Iron Moth|Venoshock|p1a: Torkoal\n|-damage|p1a: Torkoal|33\/100\n|move|p2b: Pincurchin|Acupressure|p2a: Iron Moth\n|-boost|p2a: Iron Moth|accuracy|2\n|\n|-weather|SunnyDay|[upkeep]\n|upkeep\n|turn|3\n|inactive|ciue has 30 seconds left.\n|inactive|Slitherycoffeecake has 30 seconds left.\n|\n|t:|1682942813\n|move|p2b: Pincurchin|Sucker Punch|p1b: Flutter Mane\n|-damage|p1b: Flutter Mane|72\/100\n|move|p2a: Iron Moth|Heat Wave|p1b: Flutter Mane|[spread] p1a,p1b\n|-resisted|p1a: Torkoal\n|-damage|p1a: Torkoal|0 fnt\n|-damage|p1b: Flutter Mane|1\/100\n|faint|p1a: Torkoal\n|move|p1b: Flutter Mane|Shadow Ball|p2a: Iron Moth\n|-damage|p2a: Iron Moth|22\/100\n|-damage|p1b: Flutter Mane|0 fnt|[from] item: Life Orb\n|faint|p1b: Flutter Mane\n|-end|p1b: Flutter Mane|Protosynthesis|[silent]\n|\n|-weather|SunnyDay|[upkeep]\n|upkeep\n|\n|t:|1682942826\n|switch|p1b: Armarouge|Armarouge, L50, M|58\/100 psn\n|switch|p1a: Indeedee|Indeedee-F, L50, F|83\/100 psn\n|-fieldstart|move: Psychic Terrain|[from] ability: Psychic Surge|[of] p1a: Indeedee\n|-end|p2a: Iron Moth|Quark Drive\n|turn|4\n|\n|t:|1682942849\n|-terastallize|p1b: Armarouge|Grass\n|move|p1a: Indeedee|Helping Hand|p1b: Armarouge\n|-singleturn|p1b: Armarouge|Helping Hand|[of] p1a: Indeedee\n|move|p2b: Pincurchin|Sucker Punch||[still]\n|-fail|p2b: Pincurchin\n|move|p2a: Iron Moth|Venoshock|p1b: Armarouge\n|-supereffective|p1b: Armarouge\n|-damage|p1b: Armarouge|0 fnt\n|faint|p1b: Armarouge\n|\n|-weather|SunnyDay|[upkeep]\n|-damage|p1a: Indeedee|71\/100 psn|[from] psn\n|upkeep\n|turn|5\n|-message|ciue forfeited.\n|\n|win|Slitherycoffeecake\n|raw|ciue's rating: 1124 → 1095<\/strong> (-29 for losing)\n|raw|Slitherycoffeecake's rating: 1061 → 1097<\/strong> (+36 for winning)\n|l|\u2606ciue\n","uploadtime":1682942870,"views":20,"p1id":"ciue","p2id":"slitherycoffeecake","formatid":"gen9vgc2023regulationc","rating":1095,"private":0,"password":""}