{"id":"gen9vgc2023regulationc-1857390609","p1":"Im16yrold)","p2":"tadano-reol","format":"[Gen 9] VGC 2023 Regulation C","log":"|j|\u2606Im16yrold)\n|j|\u2606tadano-reol\n|t:|1683185290\n|gametype|doubles\n|player|p1|Im16yrold)|sailor|1223\n|player|p2|tadano-reol|red|1181\n|teamsize|p1|6\n|teamsize|p2|6\n|gen|9\n|tier|[Gen 9] VGC 2023 Regulation C\n|rated|\n|rule|Species Clause: Limit one of each Pok\u00e9mon\n|rule|Item Clause: Limit one of each item\n|clearpoke\n|poke|p1|Wo-Chien, L50|\n|poke|p1|Glimmora, L50, M|\n|poke|p1|Dondozo, L50, M|\n|poke|p1|Tatsugiri, L50, F|\n|poke|p1|Flutter Mane, L50|\n|poke|p1|Iron Bundle, L50|\n|poke|p2|Armarouge, L50, F|\n|poke|p2|Indeedee-F, L50, F|\n|poke|p2|Roaring Moon, L50|\n|poke|p2|Corviknight, L50, M|\n|poke|p2|Garchomp, L50, M|\n|poke|p2|Flutter Mane, L50|\n|teampreview|4\n|inactive|Battle timer is ON: inactive players will automatically lose when time's up. (requested by tadano-reol)\n|\n|t:|1683185301\n|start\n|switch|p1a: Wo-Chien|Wo-Chien, L50|100\/100\n|switch|p1b: Glimmora|Glimmora, L50, M|100\/100\n|switch|p2a: Garchomp|Garchomp, L50, M|100\/100\n|switch|p2b: Corviknight|Corviknight, L50, M|100\/100\n|-ability|p1a: Wo-Chien|Tablets of Ruin\n|turn|1\n|j| hisanory\n|\n|t:|1683185312\n|move|p2a: Garchomp|Earthquake|p1a: Wo-Chien|[spread] p1a,p1b\n|-immune|p2b: Corviknight\n|-resisted|p1a: Wo-Chien\n|-supereffective|p1b: Glimmora\n|-damage|p1a: Wo-Chien|88\/100\n|-damage|p1b: Glimmora|0 fnt\n|faint|p1b: Glimmora\n|move|p2b: Corviknight|Brave Bird|p1a: Wo-Chien\n|-supereffective|p1a: Wo-Chien\n|-damage|p1a: Wo-Chien|29\/100\n|-enditem|p1a: Wo-Chien|Sitrus Berry|[eat]\n|-heal|p1a: Wo-Chien|54\/100|[from] item: Sitrus Berry\n|-damage|p2b: Corviknight|82\/100|[from] Recoil\n|move|p1a: Wo-Chien|Leech Seed|p2b: Corviknight\n|-start|p2b: Corviknight|move: Leech Seed\n|\n|-damage|p2b: Corviknight|70\/100|[from] Leech Seed|[of] p1a: Wo-Chien\n|-heal|p1a: Wo-Chien|67\/100|[silent]\n|upkeep\n|\n|t:|1683185328\n|switch|p1b: Flutter Mane|Flutter Mane, L50|100\/100\n|turn|2\n|\n|t:|1683185342\n|move|p2a: Garchomp|Earthquake|p1a: Wo-Chien|[spread] p1a,p1b\n|-immune|p2b: Corviknight\n|-resisted|p1a: Wo-Chien\n|-damage|p1a: Wo-Chien|54\/100\n|-damage|p1b: Flutter Mane|34\/100\n|move|p1b: Flutter Mane|Moonblast|p2a: Garchomp\n|-supereffective|p2a: Garchomp\n|-damage|p2a: Garchomp|0 fnt\n|faint|p2a: Garchomp\n|move|p2b: Corviknight|Iron Head|p1b: Flutter Mane\n|-supereffective|p1b: Flutter Mane\n|-damage|p1b: Flutter Mane|0 fnt\n|faint|p1b: Flutter Mane\n|-end|p1b: Flutter Mane|Protosynthesis|[silent]\n|move|p1a: Wo-Chien|Foul Play|p2b: Corviknight\n|-damage|p2b: Corviknight|39\/100\n|-enditem|p2b: Corviknight|Sitrus Berry|[eat]\n|-heal|p2b: Corviknight|64\/100|[from] item: Sitrus Berry\n|\n|-damage|p2b: Corviknight|52\/100|[from] Leech Seed|[of] p1a: Wo-Chien\n|-heal|p1a: Wo-Chien|67\/100|[silent]\n|upkeep\n|\n|t:|1683185361\n|switch|p1b: Iron Bundle|Iron Bundle, L50|100\/100\n|switch|p2a: Flutter Mane|Flutter Mane, L50|100\/100\n|-enditem|p1b: Iron Bundle|Booster Energy\n|-activate|p1b: Iron Bundle|ability: Quark Drive|[fromitem]\n|-start|p1b: Iron Bundle|quarkdrivespe\n|turn|3\n|\n|t:|1683185380\n|-terastallize|p1a: Wo-Chien|Poison\n|move|p1b: Iron Bundle|Hydro Pump|p2b: Corviknight\n|-damage|p2b: Corviknight|1\/100\n|move|p2a: Flutter Mane|Moonblast|p1a: Wo-Chien\n|-resisted|p1a: Wo-Chien\n|-crit|p1a: Wo-Chien\n|-damage|p1a: Wo-Chien|39\/100\n|move|p2b: Corviknight|Tailwind|p2b: Corviknight\n|-sidestart|p2: tadano-reol|move: Tailwind\n|move|p1a: Wo-Chien|Leech Seed|p2a: Flutter Mane\n|-start|p2a: Flutter Mane|move: Leech Seed\n|\n|-damage|p2a: Flutter Mane|89\/100|[from] Leech Seed|[of] p1a: Wo-Chien\n|-heal|p1a: Wo-Chien|47\/100|[silent]\n|-damage|p2b: Corviknight|0 fnt|[from] Leech Seed|[of] p1a: Wo-Chien\n|-heal|p1a: Wo-Chien|48\/100|[silent]\n|faint|p2b: Corviknight\n|upkeep\n|\n|t:|1683185391\n|switch|p2b: Roaring Moon|Roaring Moon, L50, shiny|100\/100\n|-enditem|p2b: Roaring Moon|Booster Energy\n|-activate|p2b: Roaring Moon|ability: Protosynthesis|[fromitem]\n|-start|p2b: Roaring Moon|protosynthesisspe\n|turn|4\n|\n|t:|1683185406\n|-terastallize|p2b: Roaring Moon|Flying\n|move|p2b: Roaring Moon|Acrobatics|p1b: Iron Bundle\n|-damage|p1b: Iron Bundle|47\/100\n|move|p2a: Flutter Mane|Moonblast|p1a: Wo-Chien\n|-resisted|p1a: Wo-Chien\n|-damage|p1a: Wo-Chien|27\/100\n|move|p1b: Iron Bundle|Icy Wind|p2a: Flutter Mane|[spread] p2a,p2b\n|-supereffective|p2b: Roaring Moon\n|-damage|p2a: Flutter Mane|70\/100\n|-damage|p2b: Roaring Moon|60\/100\n|-unboost|p2a: Flutter Mane|spe|1\n|-unboost|p2b: Roaring Moon|spe|1\n|move|p1a: Wo-Chien|Leech Seed|p2b: Roaring Moon\n|-start|p2b: Roaring Moon|move: Leech Seed\n|\n|-damage|p2b: Roaring Moon|47\/100|[from] Leech Seed|[of] p1a: Wo-Chien\n|-heal|p1a: Wo-Chien|38\/100|[silent]\n|-damage|p2a: Flutter Mane|58\/100|[from] Leech Seed|[of] p1a: Wo-Chien\n|-heal|p1a: Wo-Chien|47\/100|[silent]\n|upkeep\n|turn|5\n|\n|t:|1683185424\n|move|p1a: Wo-Chien|Protect|p1a: Wo-Chien\n|-singleturn|p1a: Wo-Chien|Protect\n|move|p2b: Roaring Moon|Acrobatics|p1b: Iron Bundle\n|-damage|p1b: Iron Bundle|0 fnt\n|faint|p1b: Iron Bundle\n|-end|p1b: Iron Bundle|Quark Drive|[silent]\n|move|p2a: Flutter Mane|Moonblast|p1a: Wo-Chien\n|-activate|p1a: Wo-Chien|move: Protect\n|\n|-damage|p2b: Roaring Moon|35\/100|[from] Leech Seed|[of] p1a: Wo-Chien\n|-heal|p1a: Wo-Chien|58\/100|[silent]\n|-damage|p2a: Flutter Mane|46\/100|[from] Leech Seed|[of] p1a: Wo-Chien\n|-heal|p1a: Wo-Chien|67\/100|[silent]\n|upkeep\n|turn|6\n|\n|t:|1683185439\n|move|p2b: Roaring Moon|Acrobatics|p1a: Wo-Chien\n|-damage|p1a: Wo-Chien|31\/100\n|move|p2a: Flutter Mane|Moonblast|p1a: Wo-Chien\n|-resisted|p1a: Wo-Chien\n|-damage|p1a: Wo-Chien|9\/100\n|move|p1a: Wo-Chien|Foul Play|p2b: Roaring Moon\n|-damage|p2b: Roaring Moon|0 fnt\n|faint|p2b: Roaring Moon\n|-end|p2b: Roaring Moon|Protosynthesis|[silent]\n|\n|-damage|p2a: Flutter Mane|34\/100|[from] Leech Seed|[of] p1a: Wo-Chien\n|-heal|p1a: Wo-Chien|18\/100|[silent]\n|-sideend|p2: tadano-reol|move: Tailwind\n|upkeep\n|turn|7\n|\n|t:|1683185451\n|move|p1a: Wo-Chien|Protect|p1a: Wo-Chien\n|-singleturn|p1a: Wo-Chien|Protect\n|move|p2a: Flutter Mane|Moonblast|p1a: Wo-Chien\n|-activate|p1a: Wo-Chien|move: Protect\n|\n|-damage|p2a: Flutter Mane|22\/100|[from] Leech Seed|[of] p1a: Wo-Chien\n|-heal|p1a: Wo-Chien|27\/100|[silent]\n|upkeep\n|turn|8\n|\n|t:|1683185474\n|move|p2a: Flutter Mane|Moonblast|p1a: Wo-Chien\n|-resisted|p1a: Wo-Chien\n|-damage|p1a: Wo-Chien|5\/100\n|move|p1a: Wo-Chien|Foul Play|p2a: Flutter Mane\n|-damage|p2a: Flutter Mane|0 fnt\n|faint|p2a: Flutter Mane\n|-end|p2a: Flutter Mane|Protosynthesis|[silent]\n|\n|win|Im16yrold)\n|raw|Im16yrold)'s rating: 1223 → 1245<\/strong> (+22 for winning)\n|raw|tadano-reol's rating: 1181 → 1159<\/strong> (-22 for losing)\n|l|\u2606tadano-reol\n|l|\u2606Im16yrold)\n","uploadtime":1683185494,"views":4,"p1id":"im16yrold","p2id":"tadanoreol","formatid":"gen9vgc2023regulationc","rating":1159,"private":0,"password":""}