{"id":"gen9vgc2023regulationc-1847253259","p1":"ScepTorBird","p2":"Cynthia Blueheart","format":"[Gen 9] VGC 2023 Regulation C","log":"|j|\u2606ScepTorBird\n|j|\u2606Cynthia Blueheart\n|t:|1681931747\n|gametype|doubles\n|player|p1|ScepTorBird|koga|1156\n|player|p2|Cynthia Blueheart|clair|1258\n|teamsize|p1|6\n|teamsize|p2|6\n|gen|9\n|tier|[Gen 9] VGC 2023 Regulation C\n|rated|\n|rule|Species Clause: Limit one of each Pok\u00e9mon\n|rule|Item Clause: Limit one of each item\n|clearpoke\n|poke|p1|Garganacl, L50, M|\n|poke|p1|Iron Bundle, L50|\n|poke|p1|Chien-Pao, L50|\n|poke|p1|Arcanine, L50, M|\n|poke|p1|Corviknight, L50, M|\n|poke|p1|Lucario, L50, M|\n|poke|p2|Annihilape, L50, M|\n|poke|p2|Bombirdier, L50, M|\n|poke|p2|Chien-Pao, L50|\n|poke|p2|Amoonguss, L50, M|\n|poke|p2|Arcanine, L50, F|\n|poke|p2|Dragapult, L50, F|\n|teampreview|4\n|inactive|Battle timer is ON: inactive players will automatically lose when time's up. (requested by ScepTorBird)\n|inactive|Cynthia Blueheart also wants the timer to be on.\n|\n|t:|1681931777\n|start\n|switch|p1a: Mr. Chip|Garganacl, L50, M, shiny|100\/100\n|switch|p1b: Iron Will|Corviknight, L50, M, shiny|100\/100\n|switch|p2a: Chien-Pao|Chien-Pao, L50|100\/100\n|switch|p2b: Annihilape|Annihilape, L50, M|100\/100\n|-ability|p2a: Chien-Pao|Sword of Ruin\n|turn|1\n|\n|t:|1681931800\n|switch|p2a: Arcanine|Arcanine, L50, F|100\/100\n|-ability|p2a: Arcanine|Intimidate|boost\n|-fail|p1a: Mr. Chip|unboost|[from] item: Clear Amulet|[of] p1a: Mr. Chip\n|-ability|p1b: Iron Will|Mirror Armor\n|-unboost|p2a: Arcanine|atk|1\n|move|p2b: Annihilape|Drain Punch|p1a: Mr. Chip\n|-supereffective|p1a: Mr. Chip\n|-damage|p1a: Mr. Chip|61\/100\n|move|p1b: Iron Will|Brave Bird|p2b: Annihilape\n|-supereffective|p2b: Annihilape\n|-damage|p2b: Annihilape|22\/100\n|-damage|p1b: Iron Will|76\/100|[from] Recoil\n|move|p1a: Mr. Chip|Heavy Slam|p2a: Arcanine\n|-resisted|p2a: Arcanine\n|-crit|p2a: Arcanine\n|-damage|p2a: Arcanine|92\/100\n|\n|-heal|p1b: Iron Will|82\/100|[from] item: Leftovers\n|upkeep\n|turn|2\n|\n|t:|1681931817\n|move|p1b: Iron Will|Protect|p1b: Iron Will\n|-singleturn|p1b: Iron Will|Protect\n|move|p2b: Annihilape|Encore|p1a: Mr. Chip\n|-start|p1a: Mr. Chip|Encore\n|move|p2a: Arcanine|Flare Blitz|p1b: Iron Will\n|-activate|p1b: Iron Will|move: Protect\n|move|p1a: Mr. Chip|Heavy Slam|p2b: Annihilape\n|-damage|p2b: Annihilape|0 fnt\n|faint|p2b: Annihilape\n|\n|-heal|p1b: Iron Will|88\/100|[from] item: Leftovers\n|upkeep\n|\n|t:|1681931821\n|switch|p2b: Chien-Pao|Chien-Pao, L50|100\/100\n|-ability|p2b: Chien-Pao|Sword of Ruin\n|turn|3\n|\n|t:|1681931831\n|-terastallize|p2b: Chien-Pao|Fighting\n|move|p2b: Chien-Pao|Sacred Sword|p1a: Mr. Chip\n|-supereffective|p1a: Mr. Chip\n|-damage|p1a: Mr. Chip|0 fnt\n|faint|p1a: Mr. Chip\n|-damage|p2b: Chien-Pao|91\/100|[from] item: Life Orb\n|move|p2a: Arcanine|Flare Blitz|p1b: Iron Will\n|-supereffective|p1b: Iron Will\n|-damage|p1b: Iron Will|18\/100\n|-damage|p2a: Arcanine|63\/100|[from] Recoil\n|move|p1b: Iron Will|Tailwind|p1b: Iron Will\n|-sidestart|p1: ScepTorBird|move: Tailwind\n|\n|-heal|p1b: Iron Will|23\/100|[from] item: Leftovers\n|upkeep\n|\n|t:|1681931837\n|switch|p1a: Birdo|Iron Bundle, L50|100\/100\n|-enditem|p1a: Birdo|Booster Energy\n|-activate|p1a: Birdo|ability: Quark Drive|[fromitem]\n|-start|p1a: Birdo|quarkdrivespe\n|turn|4\n|\n|t:|1681931855\n|switch|p2a: Dragapult|Dragapult, L50, F|100\/100\n|-terastallize|p1a: Birdo|Ground\n|move|p2b: Chien-Pao|Sucker Punch|p1b: Iron Will\n|-damage|p1b: Iron Will|0 fnt\n|faint|p1b: Iron Will\n|-damage|p2b: Chien-Pao|81\/100|[from] item: Life Orb\n|move|p1a: Birdo|Tera Blast|p2a: Dragapult\n|-damage|p2a: Dragapult|45\/100\n|\n|upkeep\n|\n|t:|1681931864\n|switch|p1b: Fang|Chien-Pao, L50|100\/100\n|-ability|p1b: Fang|Sword of Ruin\n|turn|5\n|\n|t:|1681931874\n|switch|p2a: Arcanine|Arcanine, L50, F|63\/100\n|-ability|p2a: Arcanine|Intimidate|boost\n|-unboost|p1a: Birdo|atk|1\n|-unboost|p1b: Fang|atk|1\n|move|p2b: Chien-Pao|Protect|p2b: Chien-Pao\n|-singleturn|p2b: Chien-Pao|Protect\n|move|p1a: Birdo|Freeze-Dry|p2a: Arcanine\n|-resisted|p2a: Arcanine\n|-damage|p2a: Arcanine|39\/100\n|-status|p2a: Arcanine|frz\n|-enditem|p2a: Arcanine|Sitrus Berry|[eat]\n|-heal|p2a: Arcanine|64\/100 frz|[from] item: Sitrus Berry\n|move|p1b: Fang|Ice Spinner|p2b: Chien-Pao\n|-activate|p2b: Chien-Pao|move: Protect\n|\n|upkeep\n|turn|6\n|\n|t:|1681931890\n|switch|p2b: Dragapult|Dragapult, L50, F|45\/100\n|move|p1a: Birdo|Hydro Pump|p2b: Dragapult\n|-resisted|p2b: Dragapult\n|-crit|p2b: Dragapult\n|-damage|p2b: Dragapult|0 fnt\n|faint|p2b: Dragapult\n|move|p1b: Fang|Sacred Sword|p2a: Arcanine\n|-damage|p2a: Arcanine|33\/100 frz\n|-curestatus|p2a: Arcanine|frz|[from] move: Flare Blitz\n|move|p2a: Arcanine|Flare Blitz|p1b: Fang\n|-supereffective|p1b: Fang\n|-crit|p1b: Fang\n|-enditem|p1b: Fang|Focus Sash\n|-damage|p1b: Fang|1\/100\n|-damage|p2a: Arcanine|2\/100|[from] Recoil\n|\n|-sideend|p1: ScepTorBird|move: Tailwind\n|upkeep\n|\n|t:|1681931899\n|switch|p2b: Chien-Pao|Chien-Pao, L50, tera:Fighting|81\/100\n|-ability|p2b: Chien-Pao|Sword of Ruin\n|turn|7\n|\n|t:|1681931905\n|move|p1b: Fang|Protect|p1b: Fang\n|-singleturn|p1b: Fang|Protect\n|move|p2a: Arcanine|Extreme Speed|p1b: Fang\n|-activate|p1b: Fang|move: Protect\n|move|p1a: Birdo|Tera Blast|p2a: Arcanine\n|-supereffective|p2a: Arcanine\n|-damage|p2a: Arcanine|0 fnt\n|faint|p2a: Arcanine\n|move|p2b: Chien-Pao|Ice Spinner|p1a: Birdo\n|-supereffective|p1a: Birdo\n|-damage|p1a: Birdo|0 fnt\n|faint|p1a: Birdo\n|-end|p1a: Birdo|Quark Drive|[silent]\n|-damage|p2b: Chien-Pao|71\/100|[from] item: Life Orb\n|\n|upkeep\n|turn|8\n|\n|t:|1681931909\n|move|p1b: Fang|Protect|p1b: Fang\n|-singleturn|p1b: Fang|Protect\n|move|p2b: Chien-Pao|Sucker Punch||[still]\n|-fail|p2b: Chien-Pao\n|\n|upkeep\n|turn|9\n|\n|t:|1681931913\n|move|p1b: Fang|Protect||[still]\n|-fail|p1b: Fang\n|move|p2b: Chien-Pao|Sucker Punch||[still]\n|-fail|p2b: Chien-Pao\n|\n|upkeep\n|turn|10\n|\n|t:|1681931920\n|move|p2b: Chien-Pao|Sucker Punch|p1b: Fang\n|-resisted|p1b: Fang\n|-damage|p1b: Fang|0 fnt\n|faint|p1b: Fang\n|-damage|p2b: Chien-Pao|62\/100|[from] item: Life Orb\n|\n|win|Cynthia Blueheart\n|raw|ScepTorBird's rating: 1156 → 1138<\/strong> (-18 for losing)\n|raw|Cynthia Blueheart's rating: 1258 → 1276<\/strong> (+18 for winning)\n|c|\u2606ScepTorBird|Damn\n|c|\u2606Cynthia Blueheart|Gg\n|c|\u2606ScepTorBird|Not really\n|c|\u2606Cynthia Blueheart|Why not?\n|c|\u2606Cynthia Blueheart|I beat you based on skill\n|c|\u2606Cynthia Blueheart|So it\u2019s a gg\n|c|\u2606ScepTorBird|Not ry\n|c|\u2606ScepTorBird|Encore ape is cringe as hell\n|l|\u2606ScepTorBird\n","uploadtime":1681932057,"views":12,"p1id":"sceptorbird","p2id":"cynthiablueheart","formatid":"gen9vgc2023regulationc","rating":1138,"private":0,"password":""}