{"id":"gen9vgc2023regulationc-1852213271","p1":"jeffman323","p2":"AgumonVGC","format":"[Gen 9] VGC 2023 Regulation C","log":"|j|\u2606jeffman323\n|j|\u203dAgumonVGC\n|t:|1682533482\n|gametype|doubles\n|player|p1|jeffman323|steven|1636\n|player|p2|AgumonVGC|1|1544\n|teamsize|p1|6\n|teamsize|p2|6\n|gen|9\n|tier|[Gen 9] VGC 2023 Regulation C\n|rated|\n|rule|Species Clause: Limit one of each Pok\u00e9mon\n|rule|Item Clause: Limit one of each item\n|clearpoke\n|poke|p1|Hatterene, L50, F|\n|poke|p1|Azumarill, L50, F|\n|poke|p1|Brute Bonnet, L50|\n|poke|p1|Kingambit, L50, M|\n|poke|p1|Iron Hands, L50|\n|poke|p1|Stantler, L50, F|\n|poke|p2|Palafin, L50, M|\n|poke|p2|Flutter Mane, L50|\n|poke|p2|Baxcalibur, L50, F|\n|poke|p2|Arcanine, L50, M|\n|poke|p2|Amoonguss, L50, M|\n|poke|p2|Ting-Lu, L50|\n|teampreview|4\njeffman323 has agreed to open team sheets.\n|inactive|Battle timer is ON: inactive players will automatically lose when time's up. (requested by AgumonVGC)\n|\n|t:|1682533521\n|start\n|switch|p1a: Iron Hands|Iron Hands, L50|100\/100\n|switch|p1b: Hatterene|Hatterene, L50, F|100\/100\n|switch|p2a: Flutter Mane|Flutter Mane, L50|100\/100\n|switch|p2b: Palafin|Palafin, L50, M|100\/100\n|turn|1\n|\n|t:|1682533533\n|-end|p1a: Iron Hands|Quark Drive|[silent]\n|switch|p1a: Kingambit|Kingambit, L50, M|100\/100\n|move|p2a: Flutter Mane|Shadow Ball|p1b: Hatterene\n|-supereffective|p1b: Hatterene\n|-enditem|p1b: Hatterene|Focus Sash\n|-damage|p1b: Hatterene|1\/100\n|move|p2b: Palafin|Wave Crash|p1b: Hatterene\n|-damage|p1b: Hatterene|0 fnt\n|faint|p1b: Hatterene\n|-damage|p2b: Palafin|99\/100|[from] Recoil\n|\n|upkeep\n|\n|t:|1682533540\n|switch|p1b: Brute Bonnet|Brute Bonnet, L50|100\/100\n|turn|2\n|\n|t:|1682533553\n|-end|p2a: Flutter Mane|Protosynthesis|[silent]\n|switch|p2a: Amoonguss|Amoonguss, L50, M|100\/100\n|detailschange|p2b: Palafin|Palafin-Hero, L50, M\n|switch|p2b: Ting-Lu|Ting-Lu, L50|100\/100\n|-ability|p2b: Ting-Lu|Vessel of Ruin\n|move|p1b: Brute Bonnet|Bullet Seed|p2a: Amoonguss\n|-resisted|p2a: Amoonguss\n|-damage|p2a: Amoonguss|97\/100\n|-resisted|p2a: Amoonguss\n|-damage|p2a: Amoonguss|94\/100\n|-resisted|p2a: Amoonguss\n|-damage|p2a: Amoonguss|92\/100\n|-resisted|p2a: Amoonguss\n|-damage|p2a: Amoonguss|89\/100\n|-hitcount|p2a: Amoonguss|4\n|move|p1a: Kingambit|Iron Head|p2a: Amoonguss\n|-damage|p2a: Amoonguss|52\/100\n|\n|upkeep\n|turn|3\n|\n|t:|1682533568\n|switch|p2a: Palafin|Palafin-Hero, L50, M|99\/100\n|-activate|p2a: Palafin|ability: Zero to Hero\n|-terastallize|p2b: Ting-Lu|Grass\n|-terastallize|p1a: Kingambit|Flying\n|move|p2b: Ting-Lu|Stomping Tantrum|p1a: Kingambit\n|-immune|p1a: Kingambit\n|move|p1b: Brute Bonnet|Spore|p2b: Ting-Lu\n|-immune|p2b: Ting-Lu\n|move|p1a: Kingambit|Tera Blast|p2a: Palafin\n|-damage|p2a: Palafin|56\/100\n|\n|upkeep\n|turn|4\n|j| Piccolo Ruiz\n|inactive|jeffman323 has 30 seconds left.\n|inactive|jeffman323 has 20 seconds left.\n|inactive|jeffman323 has 15 seconds left.\n|\n|t:|1682533612\n|move|p2a: Palafin|Protect|p2a: Palafin\n|-singleturn|p2a: Palafin|Protect\n|move|p1b: Brute Bonnet|Sucker Punch|p2b: Ting-Lu\n|-damage|p2b: Ting-Lu|78\/100\n|move|p2b: Ting-Lu|Payback|p1a: Kingambit\n|-damage|p1a: Kingambit|83\/100\n|move|p1a: Kingambit|Tera Blast|p2b: Ting-Lu\n|-supereffective|p2b: Ting-Lu\n|-damage|p2b: Ting-Lu|23\/100\n|\n|upkeep\n|turn|5\n|\n|t:|1682533637\n|move|p1b: Brute Bonnet|Sucker Punch|p2b: Ting-Lu\n|-damage|p2b: Ting-Lu|0 fnt\n|faint|p2b: Ting-Lu\n|move|p2a: Palafin|Wave Crash|p1a: Kingambit\n|-damage|p1a: Kingambit|23\/100\n|-damage|p2a: Palafin|36\/100|[from] Recoil\n|move|p1a: Kingambit|Tera Blast|p2a: Palafin\n|-damage|p2a: Palafin|0 fnt\n|faint|p2a: Palafin\n|\n|upkeep\n|\n|t:|1682533643\n|switch|p2a: Flutter Mane|Flutter Mane, L50|100\/100\n|switch|p2b: Amoonguss|Amoonguss, L50, M|85\/100\n|turn|6\n|j| Rk9s\n|\n|t:|1682533666\n|move|p1b: Brute Bonnet|Protect|p1b: Brute Bonnet\n|-singleturn|p1b: Brute Bonnet|Protect\n|move|p2a: Flutter Mane|Dazzling Gleam|p1b: Brute Bonnet|[spread] p1a\n|-activate|p1b: Brute Bonnet|move: Protect\n|-damage|p1a: Kingambit|0 fnt\n|faint|p1a: Kingambit\n|move|p2b: Amoonguss|Pollen Puff|p1b: Brute Bonnet\n|-activate|p1b: Brute Bonnet|move: Protect\n|\n|upkeep\n|\n|t:|1682533673\n|switch|p1a: Iron Hands|Iron Hands, L50|100\/100\n|turn|7\n|\n|t:|1682533695\n|move|p1a: Iron Hands|Fake Out|p2b: Amoonguss\n|-damage|p2b: Amoonguss|72\/100\n|move|p2a: Flutter Mane|Dazzling Gleam|p1a: Iron Hands|[spread] p1a,p1b\n|-supereffective|p1a: Iron Hands\n|-supereffective|p1b: Brute Bonnet\n|-damage|p1a: Iron Hands|50\/100\n|-damage|p1b: Brute Bonnet|23\/100\n|move|p1b: Brute Bonnet|Bullet Seed|p2a: Flutter Mane\n|-damage|p2a: Flutter Mane|78\/100\n|-damage|p2a: Flutter Mane|55\/100\n|-damage|p2a: Flutter Mane|33\/100\n|-damage|p2a: Flutter Mane|11\/100\n|-damage|p2a: Flutter Mane|0 fnt\n|faint|p2a: Flutter Mane\n|-end|p2a: Flutter Mane|Protosynthesis|[silent]\n|-hitcount|p2: Flutter Mane|5\n|cant|p2b: Amoonguss|flinch\n|\n|upkeep\n|turn|8\n|\n|t:|1682533715\n|move|p1b: Brute Bonnet|Protect|p1b: Brute Bonnet\n|-singleturn|p1b: Brute Bonnet|Protect\n|move|p2b: Amoonguss|Pollen Puff|p1b: Brute Bonnet\n|-activate|p1b: Brute Bonnet|move: Protect\n|move|p1a: Iron Hands|Thunder Punch|p2b: Amoonguss\n|-resisted|p2b: Amoonguss\n|-damage|p2b: Amoonguss|51\/100\n|-status|p2b: Amoonguss|par\n|\n|upkeep\n|turn|9\n|-message|AgumonVGC forfeited.\n|\n|win|jeffman323\n|raw|jeffman323's rating: 1636 → 1651<\/strong> (+15 for winning)\n|raw|AgumonVGC's rating: 1544 → 1529<\/strong> (-15 for losing)\n|l|\u203dAgumonVGC\n","uploadtime":1682533724,"views":13,"p1id":"jeffman323","p2id":"agumonvgc","formatid":"gen9vgc2023regulationc","rating":1529,"private":0,"password":""}