{"id":"gen9vgc2023regulationc-1845099169","p1":"tacomonaco","p2":"DarthIgnus","format":"[Gen 9] VGC 2023 Regulation C","log":"|j|\u2606tacomonaco\n|j|\u2606DarthIgnus\n|t:|1681683414\n|gametype|doubles\n|player|p1|tacomonaco|101|1117\n|player|p2|DarthIgnus|266|1201\n|teamsize|p1|6\n|teamsize|p2|6\n|gen|9\n|tier|[Gen 9] VGC 2023 Regulation C\n|rated|\n|rule|Species Clause: Limit one of each Pok\u00e9mon\n|rule|Item Clause: Limit one of each item\n|clearpoke\n|poke|p1|Dragonite, L50, M|\n|poke|p1|Iron Hands, L50|\n|poke|p1|Chien-Pao, L50|\n|poke|p1|Palafin, L50, M|\n|poke|p1|Amoonguss, L50, F|\n|poke|p1|Arcanine, L50, M|\n|poke|p2|Arcanine, L50, F|\n|poke|p2|Amoonguss, L50, F|\n|poke|p2|Palafin, L50, M|\n|poke|p2|Flutter Mane, L50|\n|poke|p2|Chi-Yu, L50|\n|poke|p2|Glimmora, L50, M|\n|teampreview|4\n|\n|t:|1681683465\n|start\n|switch|p1a: Chien-Pao|Chien-Pao, L50|100\/100\n|switch|p1b: Palafin|Palafin, L50, M|100\/100\n|switch|p2a: Flutter Mane|Flutter Mane, L50|100\/100\n|switch|p2b: Palafin|Palafin, L50, M|100\/100\n|-ability|p1a: Chien-Pao|Sword of Ruin\n|-enditem|p2a: Flutter Mane|Booster Energy\n|-activate|p2a: Flutter Mane|ability: Protosynthesis|[fromitem]\n|-start|p2a: Flutter Mane|protosynthesisspa\n|turn|1\n|\n|t:|1681683502\n|-terastallize|p1b: Palafin|Water\n|move|p1a: Chien-Pao|Protect|p1a: Chien-Pao\n|-singleturn|p1a: Chien-Pao|Protect\n|move|p2b: Palafin|Jet Punch|p1a: Chien-Pao\n|-activate|p1a: Chien-Pao|move: Protect\n|move|p1b: Palafin|Jet Punch|p2a: Flutter Mane\n|-damage|p2a: Flutter Mane|28\/100\n|move|p2a: Flutter Mane|Dazzling Gleam|p1a: Chien-Pao|[spread] p1b\n|-activate|p1a: Chien-Pao|move: Protect\n|-damage|p1b: Palafin|56\/100\n|\n|upkeep\n|turn|2\n|\n|t:|1681683544\n|switch|p1a: Amoonguss|Amoonguss, L50, F|100\/100\n|detailschange|p2b: Palafin|Palafin-Hero, L50, M\n|switch|p2b: Arcanine|Arcanine, L50, F|100\/100\n|-ability|p2b: Arcanine|Intimidate|boost\n|-unboost|p1a: Amoonguss|atk|1\n|-unboost|p1b: Palafin|atk|1\n|move|p2a: Flutter Mane|Protect|p2a: Flutter Mane\n|-singleturn|p2a: Flutter Mane|Protect\n|move|p1b: Palafin|Jet Punch|p2a: Flutter Mane\n|-activate|p2a: Flutter Mane|move: Protect\n|\n|upkeep\n|turn|3\n|inactive|Battle timer is ON: inactive players will automatically lose when time's up. (requested by DarthIgnus)\n|inactive|DarthIgnus has 60 seconds left.\n|\n|t:|1681683595\n|-end|p2a: Flutter Mane|Protosynthesis|[silent]\n|switch|p2a: Palafin|Palafin-Hero, L50, M|100\/100\n|-activate|p2a: Palafin|ability: Zero to Hero\n|detailschange|p1b: Palafin|Palafin-Hero, L50, M, tera:Water\n|switch|p1b: Iron Hands|Iron Hands, L50|100\/100\n|move|p1a: Amoonguss|Protect|p1a: Amoonguss\n|-singleturn|p1a: Amoonguss|Protect\n|move|p2b: Arcanine|Will-O-Wisp|p1b: Iron Hands|[miss]\n|-miss|p2b: Arcanine|p1b: Iron Hands\n|\n|upkeep\n|turn|4\n|inactive|tacomonaco has 30 seconds left.\n|inactive|tacomonaco has 20 seconds left.\n|\n|t:|1681683631\n|move|p2a: Palafin|Protect|p2a: Palafin\n|-singleturn|p2a: Palafin|Protect\n|move|p1a: Amoonguss|Rage Powder|p1a: Amoonguss\n|-singleturn|p1a: Amoonguss|move: Rage Powder\n|move|p2b: Arcanine|Will-O-Wisp|p1b: Iron Hands\n|-status|p1b: Iron Hands|brn\n|move|p1b: Iron Hands|Thunder Punch|p2a: Palafin\n|-activate|p2a: Palafin|move: Protect\n|\n|-damage|p1b: Iron Hands|94\/100 brn|[from] brn\n|upkeep\n|turn|5\n|inactive|tacomonaco has 30 seconds left.\n|\n|t:|1681683657\n|move|p2b: Arcanine|Howl|p2b: Arcanine|[spread] p2a,p2b\n|-boost|p2a: Palafin|atk|1\n|-boost|p2b: Arcanine|atk|1\n|move|p2a: Palafin|Substitute|p2a: Palafin\n|-start|p2a: Palafin|Substitute\n|-damage|p2a: Palafin|75\/100\n|move|p1b: Iron Hands|Thunder Punch|p2a: Palafin\n|-supereffective|p2a: Palafin\n|-end|p2a: Palafin|Substitute\n|move|p1a: Amoonguss|Spore|p2b: Arcanine\n|-activate|p2b: Arcanine|item: Safety Goggles|Spore\n|\n|-damage|p1b: Iron Hands|88\/100 brn|[from] brn\n|upkeep\n|turn|6\n|\n|t:|1681683678\n|move|p2a: Palafin|Protect|p2a: Palafin\n|-singleturn|p2a: Palafin|Protect\n|move|p2b: Arcanine|Howl|p2b: Arcanine|[spread] p2a,p2b\n|-boost|p2a: Palafin|atk|1\n|-boost|p2b: Arcanine|atk|1\n|move|p1b: Iron Hands|Drain Punch|p2b: Arcanine\n|-damage|p2b: Arcanine|77\/100\n|-heal|p1b: Iron Hands|98\/100 brn|[from] drain|[of] p2b: Arcanine\n|move|p1a: Amoonguss|Spore|p2a: Palafin\n|-activate|p2a: Palafin|move: Protect\n|\n|-damage|p1b: Iron Hands|92\/100 brn|[from] brn\n|upkeep\n|turn|7\n|\n|t:|1681683700\n|-terastallize|p2a: Palafin|Water\n|move|p1a: Amoonguss|Rage Powder|p1a: Amoonguss\n|-singleturn|p1a: Amoonguss|move: Rage Powder\n|move|p2b: Arcanine|Flare Blitz|p1a: Amoonguss\n|-supereffective|p1a: Amoonguss\n|-damage|p1a: Amoonguss|0 fnt\n|faint|p1a: Amoonguss\n|-damage|p2b: Arcanine|40\/100|[from] Recoil\n|move|p2a: Palafin|Wave Crash|p1b: Iron Hands\n|-damage|p1b: Iron Hands|0 fnt\n|faint|p1b: Iron Hands\n|-end|p1b: Iron Hands|Quark Drive|[silent]\n|-damage|p2a: Palafin|42\/100|[from] Recoil\n|\n|upkeep\n|\n|t:|1681683718\n|switch|p1b: Chien-Pao|Chien-Pao, L50|100\/100\n|switch|p1a: Palafin|Palafin-Hero, L50, M, tera:Water|56\/100\n|-ability|p1b: Chien-Pao|Sword of Ruin\n|-activate|p1a: Palafin|ability: Zero to Hero\n|turn|8\n|inactive|DarthIgnus has 30 seconds left.\n|\n|t:|1681683745\n|move|p1b: Chien-Pao|Protect|p1b: Chien-Pao\n|-singleturn|p1b: Chien-Pao|Protect\n|move|p2a: Palafin|Protect|p2a: Palafin\n|-singleturn|p2a: Palafin|Protect\n|move|p2b: Arcanine|Extreme Speed|p1a: Palafin\n|-damage|p1a: Palafin|7\/100\n|move|p1a: Palafin|Jet Punch|p2b: Arcanine\n|-supereffective|p2b: Arcanine\n|-damage|p2b: Arcanine|0 fnt\n|faint|p2b: Arcanine\n|\n|upkeep\n|\n|t:|1681683756\n|switch|p2b: Glimmora|Glimmora, L50, M|100\/100\n|-item|p2b: Glimmora|Air Balloon\n|turn|9\n|inactive|DarthIgnus has 30 seconds left.\n|\n|t:|1681683781\n|move|p2b: Glimmora|Spiky Shield|p2b: Glimmora\n|-singleturn|p2b: Glimmora|move: Protect\n|move|p1b: Chien-Pao|Sucker Punch||[still]\n|-fail|p1b: Chien-Pao\n|move|p1a: Palafin|Jet Punch|p2b: Glimmora\n|-activate|p2b: Glimmora|move: Protect\n|-damage|p1a: Palafin|0 fnt|[from] Spiky Shield|[of] p2b: Glimmora\n|faint|p1a: Palafin\n|move|p2a: Palafin|Substitute|p2a: Palafin\n|-start|p2a: Palafin|Substitute\n|-damage|p2a: Palafin|17\/100\n|\n|upkeep\n|turn|10\n|\n|t:|1681683799\n|move|p2a: Palafin|Jet Punch|p1b: Chien-Pao\n|-enditem|p1b: Chien-Pao|Focus Sash\n|-damage|p1b: Chien-Pao|1\/100\n|move|p1b: Chien-Pao|Ice Spinner|p2b: Glimmora\n|-damage|p2b: Glimmora|54\/100\n|-activate|p2b: Glimmora|ability: Toxic Debris\n|-sidestart|p1: tacomonaco|move: Toxic Spikes\n|-enditem|p2b: Glimmora|Air Balloon\n|move|p2b: Glimmora|Power Gem|p1b: Chien-Pao\n|-supereffective|p1b: Chien-Pao\n|-damage|p1b: Chien-Pao|0 fnt\n|faint|p1b: Chien-Pao\n|\n|win|DarthIgnus\n|raw|tacomonaco's rating: 1117 → 1098<\/strong> (-19 for losing)\n|raw|DarthIgnus's rating: 1201 → 1220<\/strong> (+19 for winning)\n","uploadtime":1681683813,"views":9,"p1id":"tacomonaco","p2id":"darthignus","formatid":"gen9vgc2023regulationc","rating":1098,"private":0,"password":""}