{"id":"gen9vgc2023regulationc-1848485810","p1":"Barbie120","p2":"chin8","format":"[Gen 9] VGC 2023 Regulation C","log":"|j|\u2606Barbie120\n|j|\u2606chin8\n|t:|1682083457\n|gametype|doubles\n|player|p1|Barbie120|drayden|1487\n|player|p2|chin8|gentleman-gen4dp|1641\n|teamsize|p1|6\n|teamsize|p2|6\n|gen|9\n|tier|[Gen 9] VGC 2023 Regulation C\n|rated|\n|rule|Species Clause: Limit one of each Pok\u00e9mon\n|rule|Item Clause: Limit one of each item\n|clearpoke\n|poke|p1|Indeedee-F, L50, F|\n|poke|p1|Chi-Yu, L50|\n|poke|p1|Arcanine, L50, F|\n|poke|p1|Flutter Mane, L50|\n|poke|p1|Baxcalibur, L50, F|\n|poke|p1|Corviknight, L50, M|\n|poke|p2|Masquerain, L50, M|\n|poke|p2|Annihilape, L50, M|\n|poke|p2|Rotom-Wash, L50|\n|poke|p2|Ceruledge, L50, M|\n|poke|p2|Maushold, L50|\n|poke|p2|Gholdengo, L50|\n|teampreview|4\n|inactive|Battle timer is ON: inactive players will automatically lose when time's up. (requested by chin8)\n|inactive|Barbie120 has 60 seconds left.\n|inactive|Barbie120 has 30 seconds left.\n|inactive|Barbie120 has 20 seconds left.\n|\n|t:|1682083546\n|start\n|switch|p1a: Flutter Mane|Flutter Mane, L50|100\/100\n|switch|p1b: Baxcalibur|Baxcalibur, L50, F|100\/100\n|switch|p2a: Scudo|Maushold, L50|100\/100\n|switch|p2b: Scimmia|Annihilape, L50, M|100\/100\n|-enditem|p1a: Flutter Mane|Booster Energy\n|-activate|p1a: Flutter Mane|ability: Protosynthesis|[fromitem]\n|-start|p1a: Flutter Mane|protosynthesisspe\n|turn|1\n|\n|t:|1682083563\n|-terastallize|p1b: Baxcalibur|Ground\n|move|p1a: Flutter Mane|Protect|p1a: Flutter Mane\n|-singleturn|p1a: Flutter Mane|Protect\n|move|p2a: Scudo|Follow Me|p2a: Scudo\n|-singleturn|p2a: Scudo|move: Follow Me\n|move|p2b: Scimmia|Rage Fist|p1a: Flutter Mane\n|-activate|p1a: Flutter Mane|move: Protect\n|move|p1b: Baxcalibur|Earthquake|p2a: Scudo|[spread] p2a,p2b\n|-activate|p1a: Flutter Mane|move: Protect\n|-damage|p2a: Scudo|39\/100\n|-damage|p2b: Scimmia|70\/100\n|\n|upkeep\n|turn|2\n|\n|t:|1682083586\n|move|p2a: Scudo|Follow Me|p2a: Scudo\n|-singleturn|p2a: Scudo|move: Follow Me\n|move|p1a: Flutter Mane|Dazzling Gleam|p2a: Scudo|[spread] p2a,p2b\n|-supereffective|p2b: Scimmia\n|-damage|p2a: Scudo|10\/100\n|-damage|p2b: Scimmia|35\/100\n|move|p2b: Scimmia|Rage Fist|p1b: Baxcalibur\n|-damage|p1b: Baxcalibur|43\/100\n|move|p1b: Baxcalibur|Earthquake|p2a: Scudo|[spread] p1a,p2a,p2b\n|-damage|p1a: Flutter Mane|9\/100\n|-damage|p2a: Scudo|0 fnt\n|-damage|p2b: Scimmia|5\/100\n|faint|p2a: Scudo\n|\n|upkeep\n|\n|t:|1682083597\n|switch|p2a: Spada|Ceruledge, L50, M|100\/100\n|turn|3\n|\n|t:|1682083610\n|move|p1a: Flutter Mane|Protect|p1a: Flutter Mane\n|-singleturn|p1a: Flutter Mane|Protect\n|move|p2b: Scimmia|Protect|p2b: Scimmia\n|-singleturn|p2b: Scimmia|Protect\n|move|p1b: Baxcalibur|Ice Shard|p2b: Scimmia\n|-activate|p2b: Scimmia|move: Protect\n|move|p2a: Spada|Bitter Blade|p1a: Flutter Mane\n|-activate|p1a: Flutter Mane|move: Protect\n|\n|upkeep\n|turn|4\n|\n|t:|1682083633\n|switch|p2b: Jerry|Gholdengo, L50|100\/100\n|switch|p1b: Indeedee|Indeedee-F, L50, F|100\/100\n|-fieldstart|move: Psychic Terrain|[from] ability: Psychic Surge|[of] p1b: Indeedee\n|-enditem|p1b: Indeedee|Psychic Seed\n|-boost|p1b: Indeedee|spd|1|[from] item: Psychic Seed\n|move|p2a: Spada|Shadow Sneak|p1a: Flutter Mane\n|-activate|p1a: Flutter Mane|move: Psychic Terrain\n|move|p1a: Flutter Mane|Shadow Ball|p2a: Spada\n|-supereffective|p2a: Spada\n|-damage|p2a: Spada|28\/100\n|-enditem|p2a: Spada|Weakness Policy\n|-boost|p2a: Spada|atk|2|[from] item: Weakness Policy\n|-boost|p2a: Spada|spa|2|[from] item: Weakness Policy\n|\n|upkeep\n|turn|5\n|-message|chin8 forfeited.\n|\n|win|Barbie120\n|raw|Barbie120's rating: 1487 → 1515<\/strong> (+28 for winning)\n|raw|chin8's rating: 1641 → 1613<\/strong> (-28 for losing)\n|l|\u2606chin8\n","uploadtime":1682083652,"views":7,"p1id":"barbie120","p2id":"chin8","formatid":"gen9vgc2023regulationc","rating":1515,"private":0,"password":""}