{"id":"gen9vgc2023regulationc-1845553430","p1":"Makatuk","p2":"haha u rage quit","format":"[Gen 9] VGC 2023 Regulation C","log":"|j|\u2606Makatuk\n|j|\u2606haha u rage quit\n|t:|1681744475\n|gametype|doubles\n|player|p1|Makatuk|red|1246\n|player|p2|haha u rage quit|pokemaniac|1351\n|teamsize|p1|6\n|teamsize|p2|6\n|gen|9\n|tier|[Gen 9] VGC 2023 Regulation C\n|rated|\n|rule|Species Clause: Limit one of each Pok\u00e9mon\n|rule|Item Clause: Limit one of each item\n|clearpoke\n|poke|p1|Tauros-Paldea-Aqua, L50, M|\n|poke|p1|Frosmoth, L50, F|\n|poke|p1|Sylveon, L50, F|\n|poke|p1|Iron Hands, L50|\n|poke|p1|Gholdengo, L50|\n|poke|p1|Talonflame, L50, M|\n|poke|p2|Meowscarada, L50, M|\n|poke|p2|Tatsugiri-Droopy, L50, M|\n|poke|p2|Talonflame, L50, M|\n|poke|p2|Pawmot, L50, M|\n|poke|p2|Dondozo, L50, M|\n|poke|p2|Arcanine, L50, M|\n|teampreview|4\n|inactive|Battle timer is ON: inactive players will automatically lose when time's up. (requested by Makatuk)\n|inactive|Makatuk has 60 seconds left.\n|\n|t:|1681744510\n|start\n|switch|p1a: Iron Hands|Iron Hands, L50|100\/100\n|switch|p1b: Gholdengo|Gholdengo, L50|100\/100\n|switch|p2a: Pawmot|Pawmot, L50, M, shiny|100\/100\n|switch|p2b: Arcanine|Arcanine, L50, M|100\/100\n|-ability|p2b: Arcanine|Intimidate|boost\n|-unboost|p1a: Iron Hands|atk|1\n|-unboost|p1b: Gholdengo|atk|1\n|turn|1\n|\n|t:|1681744527\n|move|p2a: Pawmot|Fake Out|p1a: Iron Hands\n|-damage|p1a: Iron Hands|93\/100\n|cant|p1a: Iron Hands|flinch\n|move|p2b: Arcanine|Flare Blitz|p1b: Gholdengo\n|-supereffective|p1b: Gholdengo\n|-damage|p1b: Gholdengo|0 fnt\n|faint|p1b: Gholdengo\n|-damage|p2b: Arcanine|70\/100|[from] Recoil\n|-damage|p2b: Arcanine|60\/100|[from] item: Life Orb\n|\n|upkeep\n|\n|t:|1681744535\n|switch|p1b: Tauros|Tauros-Paldea-Aqua, L50, M|100\/100\n|-ability|p1b: Tauros|Intimidate|boost\n|-unboost|p2a: Pawmot|atk|1\n|-unboost|p2b: Arcanine|atk|1\n|turn|2\n|\n|t:|1681744556\n|move|p2a: Pawmot|Double Shock|p1b: Tauros\n|-supereffective|p1b: Tauros\n|-damage|p1b: Tauros|8\/100\n|-start|p2a: Pawmot|typechange|???\/Fighting|[from] move: Double Shock\n|move|p1b: Tauros|Wave Crash|p2b: Arcanine\n|-supereffective|p2b: Arcanine\n|-damage|p2b: Arcanine|0 fnt\n|faint|p2b: Arcanine\n|-damage|p1b: Tauros|0 fnt|[from] Recoil\n|faint|p1b: Tauros\n|move|p1a: Iron Hands|Drain Punch|p2a: Pawmot\n|-crit|p2a: Pawmot\n|-enditem|p2a: Pawmot|Focus Sash\n|-damage|p2a: Pawmot|1\/100\n|-heal|p1a: Iron Hands|100\/100|[from] drain|[of] p2a: Pawmot\n|\n|upkeep\n|\n|t:|1681744570\n|switch|p1b: Talonflame|Talonflame, L50, M|100\/100\n|switch|p2b: Dondozo|Dondozo, L50, M|100\/100\n|turn|3\n|\n|t:|1681744594\n|switch|p2a: Tatsugiri|Tatsugiri-Droopy, L50, M|100\/100\n|-activate|p2a: Tatsugiri|ability: Commander|[of] p2b: Dondozo\n|-boost|p2b: Dondozo|atk|2\n|-boost|p2b: Dondozo|spa|2\n|-boost|p2b: Dondozo|spe|2\n|-boost|p2b: Dondozo|def|2\n|-boost|p2b: Dondozo|spd|2\n|-terastallize|p2b: Dondozo|Grass\n|move|p2b: Dondozo|Wave Crash|p1b: Talonflame\n|-supereffective|p1b: Talonflame\n|-damage|p1b: Talonflame|0 fnt\n|faint|p1b: Talonflame\n|-damage|p2b: Dondozo|74\/100|[from] Recoil\n|move|p1a: Iron Hands|Thunder Punch|p2b: Dondozo\n|-resisted|p2b: Dondozo\n|-crit|p2b: Dondozo\n|-damage|p2b: Dondozo|51\/100\n|\n|upkeep\n|turn|4\n|\n|t:|1681744606\n|move|p2b: Dondozo|Earthquake|p1a: Iron Hands|[spread] p1a\n|-miss|p2b: Dondozo|p2a: Tatsugiri\n|-supereffective|p1a: Iron Hands\n|-damage|p1a: Iron Hands|49\/100\n|move|p1a: Iron Hands|Ice Punch|p2b: Dondozo\n|-supereffective|p2b: Dondozo\n|-damage|p2b: Dondozo|37\/100\n|\n|upkeep\n|turn|5\n|\n|t:|1681744615\n|-terastallize|p1a: Iron Hands|Grass\n|move|p2b: Dondozo|Earthquake|p1a: Iron Hands|[spread] p1a\n|-miss|p2b: Dondozo|p2a: Tatsugiri\n|-resisted|p1a: Iron Hands\n|-damage|p1a: Iron Hands|36\/100\n|move|p1a: Iron Hands|Ice Punch|p2b: Dondozo\n|-supereffective|p2b: Dondozo\n|-damage|p2b: Dondozo|23\/100\n|\n|upkeep\n|turn|6\n|\n|t:|1681744620\n|move|p2b: Dondozo|Rest|p2b: Dondozo\n|-status|p2b: Dondozo|slp|[from] move: Rest\n|-heal|p2b: Dondozo|100\/100 slp|[silent]\n|-enditem|p2b: Dondozo|Chesto Berry|[eat]\n|-curestatus|p2b: Dondozo|slp|[msg]\n|move|p1a: Iron Hands|Ice Punch|p2b: Dondozo\n|-supereffective|p2b: Dondozo\n|-damage|p2b: Dondozo|86\/100\n|\n|upkeep\n|turn|7\n|\n|t:|1681744622\n|move|p2b: Dondozo|Wave Crash|p1a: Iron Hands\n|-resisted|p1a: Iron Hands\n|-damage|p1a: Iron Hands|4\/100\n|-damage|p2b: Dondozo|76\/100|[from] Recoil\n|move|p1a: Iron Hands|Drain Punch|p2b: Dondozo\n|-damage|p2b: Dondozo|63\/100\n|-heal|p1a: Iron Hands|11\/100|[from] drain|[of] p2b: Dondozo\n|\n|upkeep\n|turn|8\n|\n|t:|1681744626\n|move|p2b: Dondozo|Wave Crash|p1a: Iron Hands\n|-resisted|p1a: Iron Hands\n|-damage|p1a: Iron Hands|0 fnt\n|faint|p1a: Iron Hands\n|-end|p1a: Iron Hands|Quark Drive|[silent]\n|-damage|p2b: Dondozo|60\/100|[from] Recoil\n|\n|win|haha u rage quit\n|raw|Makatuk's rating: 1246 → 1228<\/strong> (-18 for losing)\n|raw|haha u rage quit's rating: 1351 → 1365<\/strong> (+14 for winning)\n|l|\u2606Makatuk\n","uploadtime":1681744640,"views":12,"p1id":"makatuk","p2id":"hahauragequit","formatid":"gen9vgc2023regulationc","rating":1228,"private":0,"password":""}