{"id":"gen9vgc2023regulationc-1854865619","p1":"chacaad","p2":"ClickForVictory","format":"[Gen 9] VGC 2023 Regulation C","log":"|j|\u2606chacaad\n|j|\u2606ClickForVictory\n|t:|1682874861\n|gametype|doubles\n|player|p1|chacaad|101|1287\n|player|p2|ClickForVictory|furisodegirl-black|1407\n|teamsize|p1|6\n|teamsize|p2|6\n|gen|9\n|tier|[Gen 9] VGC 2023 Regulation C\n|rated|\n|rule|Species Clause: Limit one of each Pok\u00e9mon\n|rule|Item Clause: Limit one of each item\n|clearpoke\n|poke|p1|Bronzong, L50|\n|poke|p1|Ting-Lu, L50|\n|poke|p1|Amoonguss, L50, M|\n|poke|p1|Iron Hands, L50|\n|poke|p1|Annihilape, L50, M|\n|poke|p1|Kingambit, L50, F|\n|poke|p2|Flutter Mane, L50|\n|poke|p2|Amoonguss, L50, F|\n|poke|p2|Iron Jugulis, L50|\n|poke|p2|Great Tusk, L50|\n|poke|p2|Bruxish, L50, M|\n|poke|p2|Chi-Yu, L50|\n|teampreview|4\n|c|\u2606ClickForVictory|have fun!\nClickForVictory has agreed to open team sheets.\n|\n|t:|1682874914\n|start\n|switch|p1a: Bronzong|Bronzong, L50|100\/100\n|switch|p1b: Annihilape|Annihilape, L50, M|100\/100\n|switch|p2a: Flambuoyant|Bruxish, L50, M|100\/100\n|switch|p2b: Fiendish Fish|Chi-Yu, L50|100\/100\n|-ability|p2b: Fiendish Fish|Beads of Ruin\n|turn|1\n|\n|t:|1682874960\n|-terastallize|p2b: Fiendish Fish|Fire\n|-terastallize|p1a: Bronzong|Electric\n|move|p1b: Annihilape|Final Gambit|p2a: Flambuoyant\n|-damage|p2a: Flambuoyant|0 fnt\n|faint|p1b: Annihilape\n|faint|p2a: Flambuoyant\n|move|p2b: Fiendish Fish|Heat Wave|p1a: Bronzong\n|-damage|p1a: Bronzong|38\/100\n|move|p1a: Bronzong|Iron Defense|p1a: Bronzong\n|-boost|p1a: Bronzong|def|2\n|\n|upkeep\n|\n|t:|1682874976\n|switch|p1b: Iron Hands|Iron Hands, L50|100\/100\n|switch|p2a: Mamoswole|Great Tusk, L50, shiny|100\/100\n|turn|2\n|\n|t:|1682874992\n|move|p1b: Iron Hands|Fake Out|p2b: Fiendish Fish\n|-damage|p2b: Fiendish Fish|78\/100\n|cant|p2b: Fiendish Fish|flinch\n|move|p2a: Mamoswole|Close Combat|p1a: Bronzong\n|-damage|p1a: Bronzong|9\/100\n|-unboost|p2a: Mamoswole|def|1\n|-unboost|p2a: Mamoswole|spd|1\n|move|p1a: Bronzong|Trick Room|p1a: Bronzong\n|-fieldstart|move: Trick Room|[of] p1a: Bronzong\n|\n|upkeep\n|turn|3\n|\n|t:|1682875022\n|switch|p2b: Spectral Spaghetti|Flutter Mane, L50, shiny|100\/100\n|move|p1a: Bronzong|Body Press|p2a: Mamoswole\n|-damage|p2a: Mamoswole|57\/100\n|move|p1b: Iron Hands|Drain Punch|p2b: Spectral Spaghetti\n|-immune|p2b: Spectral Spaghetti\n|move|p2a: Mamoswole|Ice Spinner|p1a: Bronzong\n|-damage|p1a: Bronzong|0 fnt\n|faint|p1a: Bronzong\n|\n|upkeep\n|\n|t:|1682875036\n|switch|p1a: Kingambit|Kingambit, L50, F|100\/100\n|turn|4\n|\n|t:|1682875082\n|-end|p2b: Spectral Spaghetti|Protosynthesis|[silent]\n|switch|p2b: Fiendish Fish|Chi-Yu, L50, tera:Fire|78\/100\n|-ability|p2b: Fiendish Fish|Beads of Ruin\n|move|p2a: Mamoswole|Protect|p2a: Mamoswole\n|-singleturn|p2a: Mamoswole|Protect\n|move|p1a: Kingambit|Iron Head|p2b: Fiendish Fish\n|-resisted|p2b: Fiendish Fish\n|-damage|p2b: Fiendish Fish|51\/100\n|-damage|p1a: Kingambit|91\/100|[from] item: Life Orb\n|move|p1b: Iron Hands|Drain Punch|p2a: Mamoswole\n|-activate|p2a: Mamoswole|move: Protect\n|\n|upkeep\n|turn|5\n|\n|t:|1682875110\n|move|p1a: Kingambit|Protect|p1a: Kingambit\n|-singleturn|p1a: Kingambit|Protect\n|move|p1b: Iron Hands|Wild Charge|p2a: Mamoswole\n|-immune|p2a: Mamoswole\n|move|p2a: Mamoswole|Close Combat|p1a: Kingambit\n|-activate|p1a: Kingambit|move: Protect\n|move|p2b: Fiendish Fish|Heat Wave|p1a: Kingambit|[spread] p1b\n|-activate|p1a: Kingambit|move: Protect\n|-crit|p1b: Iron Hands\n|-damage|p1b: Iron Hands|14\/100\n|-enditem|p1b: Iron Hands|Sitrus Berry|[eat]\n|-heal|p1b: Iron Hands|39\/100|[from] item: Sitrus Berry\n|\n|upkeep\n|turn|6\n|\n|t:|1682875149\n|move|p2a: Mamoswole|Protect|p2a: Mamoswole\n|-singleturn|p2a: Mamoswole|Protect\n|move|p1a: Kingambit|Sucker Punch|p2b: Fiendish Fish\n|-damage|p2b: Fiendish Fish|0 fnt\n|faint|p2b: Fiendish Fish\n|-damage|p1a: Kingambit|81\/100|[from] item: Life Orb\n|move|p1b: Iron Hands|Drain Punch|p2a: Mamoswole\n|-activate|p2a: Mamoswole|move: Protect\n|\n|-fieldend|move: Trick Room\n|upkeep\n|\n|t:|1682875158\n|switch|p2b: Spectral Spaghetti|Flutter Mane, L50, shiny|100\/100\n|turn|7\n|\n|t:|1682875170\n|move|p1a: Kingambit|Sucker Punch|p2b: Spectral Spaghetti\n|-damage|p2b: Spectral Spaghetti|32\/100\n|-damage|p1a: Kingambit|72\/100|[from] item: Life Orb\n|move|p2b: Spectral Spaghetti|Dazzling Gleam|p1a: Kingambit|[spread] p1a,p1b\n|-supereffective|p1b: Iron Hands\n|-damage|p1a: Kingambit|25\/100\n|-damage|p1b: Iron Hands|0 fnt\n|faint|p1b: Iron Hands\n|-end|p1b: Iron Hands|Quark Drive|[silent]\n|move|p2a: Mamoswole|Close Combat|p1a: Kingambit\n|-supereffective|p1a: Kingambit\n|-damage|p1a: Kingambit|0 fnt\n|-unboost|p2a: Mamoswole|def|1\n|-unboost|p2a: Mamoswole|spd|1\n|faint|p1a: Kingambit\n|\n|win|ClickForVictory\n|raw|chacaad's rating: 1287 → 1270<\/strong> (-17 for losing)\n|raw|ClickForVictory's rating: 1407 → 1420<\/strong> (+13 for winning)\n|c|\u2606ClickForVictory|gg!\n|c|\u2606chacaad|GG\n","uploadtime":1682875193,"views":11,"p1id":"chacaad","p2id":"clickforvictory","formatid":"gen9vgc2023regulationc","rating":1270,"private":0,"password":""}