{"id":"gen9vgc2023regulationc-1854826438","p1":"VeeGey","p2":"AidanGom","format":"[Gen 9] VGC 2023 Regulation C","log":"|j|\u2606VeeGey\n|j|\u2606AidanGom\n|t:|1682870588\n|gametype|doubles\n|player|p1|VeeGey|102|1117\n|player|p2|AidanGom|170|1100\n|teamsize|p1|6\n|teamsize|p2|6\n|gen|9\n|tier|[Gen 9] VGC 2023 Regulation C\n|rated|\n|rule|Species Clause: Limit one of each Pok\u00e9mon\n|rule|Item Clause: Limit one of each item\n|clearpoke\n|poke|p1|Golduck, L50, M|\n|poke|p1|Pelipper, L50, F|\n|poke|p1|Barraskewda, L50, F|\n|poke|p1|Qwilfish, L50, F|\n|poke|p1|Gastrodon, L50, M|\n|poke|p1|Klefki, L50, M|\n|poke|p2|Annihilape, L50, M|\n|poke|p2|Tinkaton, L50, F|\n|poke|p2|Roaring Moon, L50|\n|poke|p2|Amoonguss, L50, F|\n|poke|p2|Iron Bundle, L50|\n|poke|p2|Meowscarada, L50, F|\n|teampreview|4\n|inactive|Battle timer is ON: inactive players will automatically lose when time's up. (requested by VeeGey)\n|inactive|VeeGey has 60 seconds left.\n|\n|t:|1682870622\n|start\n|switch|p1a: Pelipper|Pelipper, L50, F|100\/100\n|switch|p1b: Golduck|Golduck, L50, M|100\/100\n|switch|p2a: Annihilape|Annihilape, L50, M, shiny|100\/100\n|switch|p2b: Tinkaton|Tinkaton, L50, F|100\/100\n|-ability|p2b: Tinkaton|Mold Breaker\n|-weather|RainDance|[from] ability: Drizzle|[of] p1a: Pelipper\n|turn|1\n|\n|t:|1682870638\n|move|p2b: Tinkaton|Fake Out|p1a: Pelipper\n|-damage|p1a: Pelipper|93\/100\n|move|p1b: Golduck|Surf|p2b: Tinkaton|[spread] p1a,p2a,p2b\n|-resisted|p1a: Pelipper\n|-damage|p1a: Pelipper|50\/100\n|-damage|p2a: Annihilape|55\/100\n|-damage|p2b: Tinkaton|52\/100\n|-damage|p1b: Golduck|91\/100|[from] item: Life Orb\n|move|p2a: Annihilape|Bulk Up|p2a: Annihilape\n|-boost|p2a: Annihilape|atk|1\n|-boost|p2a: Annihilape|def|1\n|cant|p1a: Pelipper|flinch\n|\n|-weather|RainDance|[upkeep]\n|-heal|p2a: Annihilape|61\/100|[from] item: Leftovers\n|upkeep\n|turn|2\n|inactive|VeeGey has 30 seconds left.\n|\n|t:|1682870665\n|-terastallize|p2b: Tinkaton|Water\n|move|p2a: Annihilape|Protect|p2a: Annihilape\n|-singleturn|p2a: Annihilape|Protect\n|move|p1b: Golduck|Surf|p2b: Tinkaton|[spread] p1a,p2b\n|-activate|p2a: Annihilape|move: Protect\n|-resisted|p1a: Pelipper\n|-resisted|p2b: Tinkaton\n|-damage|p1a: Pelipper|6\/100\n|-damage|p2b: Tinkaton|28\/100\n|-enditem|p2b: Tinkaton|Sitrus Berry|[eat]\n|-heal|p2b: Tinkaton|53\/100|[from] item: Sitrus Berry\n|-damage|p1b: Golduck|81\/100|[from] item: Life Orb\n|move|p2b: Tinkaton|Knock Off|p1a: Pelipper\n|-damage|p1a: Pelipper|0 fnt\n|-enditem|p1a: Pelipper|Damp Rock|[from] move: Knock Off|[of] p2b: Tinkaton\n|faint|p1a: Pelipper\n|\n|-weather|RainDance|[upkeep]\n|-heal|p2a: Annihilape|67\/100|[from] item: Leftovers\n|upkeep\n|\n|t:|1682870673\n|switch|p1a: Barraskewda|Barraskewda, L50, F|100\/100\n|turn|3\n|\n|t:|1682870691\n|-terastallize|p1a: Barraskewda|Water\n|move|p1b: Golduck|Grass Knot|p2b: Tinkaton\n|-supereffective|p2b: Tinkaton\n|-damage|p2b: Tinkaton|0 fnt\n|faint|p2b: Tinkaton\n|-damage|p1b: Golduck|71\/100|[from] item: Life Orb\n|move|p1a: Barraskewda|Liquidation|p2a: Annihilape\n|-damage|p2a: Annihilape|0 fnt\n|faint|p2a: Annihilape\n|\n|-weather|RainDance|[upkeep]\n|upkeep\n|\n|t:|1682870706\n|switch|p2b: Meowscarada|Meowscarada, L50, F|100\/100\n|switch|p2a: Iron Bundle|Iron Bundle, L50, shiny|100\/100\n|turn|4\n|inactive|VeeGey has 30 seconds left.\n|\n|t:|1682870732\n|switch|p1a: Klefki|Klefki, L50, M|100\/100\n|move|p1b: Golduck|Ice Beam|p2b: Meowscarada\n|-supereffective|p2b: Meowscarada\n|-damage|p2b: Meowscarada|0 fnt\n|faint|p2b: Meowscarada\n|-damage|p1b: Golduck|62\/100|[from] item: Life Orb\n|move|p2a: Iron Bundle|Freeze-Dry|p1a: Klefki\n|-resisted|p1a: Klefki\n|-crit|p1a: Klefki\n|-damage|p1a: Klefki|69\/100\n|\n|-weather|RainDance|[upkeep]\n|upkeep\n|turn|5\n|-message|AidanGom forfeited.\n|\n|win|VeeGey\n|raw|VeeGey's rating: 1117 → 1141<\/strong> (+24 for winning)\n|raw|AidanGom's rating: 1100 → 1076<\/strong> (-24 for losing)\n|l|\u2606AidanGom\n","uploadtime":1682870754,"views":13,"p1id":"veegey","p2id":"aidangom","formatid":"gen9vgc2023regulationc","rating":1076,"private":0,"password":""}