{"id":"gen9vgc2023regulationc-1855891500","p1":"Krib_Underscore","p2":"etoubia18","format":"[Gen 9] VGC 2023 Regulation C","log":"|j|\u2606Krib_Underscore\n|j|\u2606etoubia18\n|t:|1682996768\n|gametype|doubles\n|player|p1|Krib_Underscore|dancer|1118\n|player|p2|etoubia18|266|1092\n|teamsize|p1|6\n|teamsize|p2|6\n|gen|9\n|tier|[Gen 9] VGC 2023 Regulation C\n|rated|\n|rule|Species Clause: Limit one of each Pok\u00e9mon\n|rule|Item Clause: Limit one of each item\n|clearpoke\n|poke|p1|Armarouge, L50, M|\n|poke|p1|Indeedee-F, L50, F|\n|poke|p1|Great Tusk, L50|\n|poke|p1|Corviknight, L50, M|\n|poke|p1|Iron Bundle, L50|\n|poke|p1|Roaring Moon, L50|\n|poke|p2|Gothitelle, L50, F|\n|poke|p2|Garganacl, L50, F|\n|poke|p2|Wo-Chien, L50|\n|poke|p2|Palafin, L50, M|\n|poke|p2|Arcanine, L50, F|\n|poke|p2|Flutter Mane, L50|\n|teampreview|4\nKrib_Underscore has agreed to open team sheets.\netoubia18 has agreed to open team sheets.\n|\n|t:|1682996801\n|start\n|switch|p1a: Taxi Service|Corviknight, L50, M, shiny|100\/100\n|switch|p1b: HoHoHomicide|Iron Bundle, L50|100\/100\n|switch|p2a: Gothitelle|Gothitelle, L50, F|100\/100\n|switch|p2b: Garganacl|Garganacl, L50, F|100\/100\n|turn|1\n|\n|t:|1682996815\n|move|p1b: HoHoHomicide|Hydro Pump|p2b: Garganacl\n|-supereffective|p2b: Garganacl\n|-damage|p2b: Garganacl|31\/100\n|move|p1a: Taxi Service|Tailwind|p1a: Taxi Service\n|-sidestart|p1: Krib_Underscore|move: Tailwind\n|move|p2a: Gothitelle|Psychic|p1b: HoHoHomicide\n|-damage|p1b: HoHoHomicide|38\/100\n|move|p2b: Garganacl|Salt Cure|p1a: Taxi Service\n|-crit|p1a: Taxi Service\n|-damage|p1a: Taxi Service|85\/100\n|-start|p1a: Taxi Service|Salt Cure\n|\n|-damage|p1a: Taxi Service|60\/100|[from] Salt Cure\n|upkeep\n|turn|2\n|\n|t:|1682996850\n|-terastallize|p2b: Garganacl|Ghost\n|move|p1b: HoHoHomicide|Hydro Pump|p2b: Garganacl\n|-damage|p2b: Garganacl|0 fnt\n|faint|p2b: Garganacl\n|move|p1a: Taxi Service|Brave Bird|p2a: Gothitelle\n|-damage|p2a: Gothitelle|62\/100\n|-damage|p1a: Taxi Service|49\/100|[from] Recoil\n|move|p2a: Gothitelle|Psychic|p1b: HoHoHomicide\n|-damage|p1b: HoHoHomicide|0 fnt\n|faint|p1b: HoHoHomicide\n|-end|p1b: HoHoHomicide|Quark Drive|[silent]\n|\n|-damage|p1a: Taxi Service|24\/100|[from] Salt Cure\n|upkeep\n|\n|t:|1682996864\n|switch|p1b: Big Horns|Great Tusk, L50|100\/100\n|switch|p2b: Arcanine|Arcanine, L50, F|100\/100\n|-ability|p2b: Arcanine|Intimidate|boost\n|-ability|p1a: Taxi Service|Mirror Armor\n|-unboost|p2b: Arcanine|atk|1\n|-unboost|p1b: Big Horns|atk|1\n|turn|3\n|\n|t:|1682996877\n|move|p1b: Big Horns|Knock Off|p2a: Gothitelle\n|-supereffective|p2a: Gothitelle\n|-damage|p2a: Gothitelle|18\/100\n|-enditem|p2a: Gothitelle|Sitrus Berry|[from] move: Knock Off|[of] p1b: Big Horns\n|move|p1a: Taxi Service|Roost|p1a: Taxi Service\n|-heal|p1a: Taxi Service|74\/100\n|-singleturn|p1a: Taxi Service|move: Roost\n|move|p2b: Arcanine|Will-O-Wisp|p1b: Big Horns\n|-status|p1b: Big Horns|brn\n|move|p2a: Gothitelle|Psychic|p1b: Big Horns\n|-supereffective|p1b: Big Horns\n|-damage|p1b: Big Horns|50\/100 brn\n|\n|-damage|p1b: Big Horns|44\/100 brn|[from] brn\n|-damage|p1a: Taxi Service|49\/100|[from] Salt Cure\n|upkeep\n|turn|4\n|\n|t:|1682996914\n|move|p1b: Big Horns|Headlong Rush|p2a: Gothitelle\n|-damage|p2a: Gothitelle|0 fnt\n|-unboost|p1b: Big Horns|def|1\n|-unboost|p1b: Big Horns|spd|1\n|faint|p2a: Gothitelle\n|move|p1a: Taxi Service|Tailwind||[still]\n|-fail|p1a: Taxi Service\n|move|p2b: Arcanine|Flare Blitz|p1a: Taxi Service\n|-supereffective|p1a: Taxi Service\n|-damage|p1a: Taxi Service|0 fnt\n|-damage|p2b: Arcanine|84\/100|[from] item: Rocky Helmet|[of] p1a: Taxi Service\n|faint|p1a: Taxi Service\n|-damage|p2b: Arcanine|65\/100|[from] Recoil\n|-damage|p2b: Arcanine|55\/100|[from] item: Life Orb\n|\n|-damage|p1b: Big Horns|38\/100 brn|[from] brn\n|-sideend|p1: Krib_Underscore|move: Tailwind\n|upkeep\n|inactive|Battle timer is ON: inactive players will automatically lose when time's up. (requested by Krib_Underscore)\n|\n|t:|1682996981\n|switch|p1a: Megaman|Armarouge, L50, M|100\/100\n|switch|p2a: Flutter Mane|Flutter Mane, L50|100\/100\n|-enditem|p2a: Flutter Mane|Booster Energy\n|-activate|p2a: Flutter Mane|ability: Protosynthesis|[fromitem]\n|-start|p2a: Flutter Mane|protosynthesisspe\n|turn|5\n|inactive|Krib_Underscore has 30 seconds left.\n|\n|t:|1682997016\n|-terastallize|p1a: Megaman|Grass\n|move|p2a: Flutter Mane|Shadow Ball|p1a: Megaman\n|-damage|p1a: Megaman|52\/100\n|move|p2b: Arcanine|Morning Sun|p2b: Arcanine\n|-heal|p2b: Arcanine|100\/100\n|move|p1b: Big Horns|Headlong Rush|p2a: Flutter Mane\n|-damage|p2a: Flutter Mane|57\/100\n|-unboost|p1b: Big Horns|def|1\n|-unboost|p1b: Big Horns|spd|1\n|move|p1a: Megaman|Armor Cannon|p2a: Flutter Mane\n|-damage|p2a: Flutter Mane|0 fnt\n|-unboost|p1a: Megaman|def|1\n|-unboost|p1a: Megaman|spd|1\n|faint|p2a: Flutter Mane\n|-end|p2a: Flutter Mane|Protosynthesis|[silent]\n|-damage|p1a: Megaman|42\/100|[from] item: Life Orb\n|\n|-damage|p1b: Big Horns|33\/100 brn|[from] brn\n|upkeep\n|turn|6\n|inactive|Krib_Underscore has 30 seconds left.\n|\n|t:|1682997048\n|move|p2b: Arcanine|Flare Blitz|p1a: Megaman\n|-start|p1a: Megaman|ability: Flash Fire\n|move|p1b: Big Horns|Headlong Rush|p2b: Arcanine\n|-supereffective|p2b: Arcanine\n|-damage|p2b: Arcanine|49\/100\n|-unboost|p1b: Big Horns|def|1\n|-unboost|p1b: Big Horns|spd|1\n|move|p1a: Megaman|Expanding Force|p2b: Arcanine\n|-damage|p2b: Arcanine|0 fnt\n|faint|p2b: Arcanine\n|-damage|p1a: Megaman|32\/100|[from] item: Life Orb\n|\n|win|Krib_Underscore\n|raw|Krib_Underscore's rating: 1118 → 1141<\/strong> (+23 for winning)\n|raw|etoubia18's rating: 1092 → 1070<\/strong> (-22 for losing)\n|c|\u2606Krib_Underscore|gg\n","uploadtime":1682997061,"views":11,"p1id":"kribunderscore","p2id":"etoubia18","formatid":"gen9vgc2023regulationc","rating":1070,"private":0,"password":""}