{"id":"gen9vgc2023regulationc-1859659603","p1":"Enemypie","p2":"Damoria","format":"[Gen 9] VGC 2023 Regulation C","log":"|j|\u2606Enemypie\n|j|\u2606Damoria\n|t:|1683553608\n|gametype|doubles\n|player|p1|Enemypie|hilbert-wonderlauncher|1105\n|player|p2|Damoria|acetrainer-gen4dp|1116\n|teamsize|p1|6\n|teamsize|p2|6\n|gen|9\n|tier|[Gen 9] VGC 2023 Regulation C\n|rated|\n|rule|Species Clause: Limit one of each Pok\u00e9mon\n|rule|Item Clause: Limit one of each item\n|clearpoke\n|poke|p1|Chien-Pao, L50|\n|poke|p1|Dragapult, L50, M|\n|poke|p1|Ting-Lu, L50|\n|poke|p1|Amoonguss, L50, M|\n|poke|p1|Indeedee-F, L50, F|\n|poke|p1|Armarouge, L50, M|\n|poke|p2|Flutter Mane, L50|\n|poke|p2|Chi-Yu, L50|\n|poke|p2|Arcanine, L50, F|\n|poke|p2|Chien-Pao, L50|\n|poke|p2|Dragapult, L50, M|\n|poke|p2|Gyarados, L50, F|\n|teampreview|4\nEnemypie has agreed to open team sheets.\n|\n|t:|1683553646\n|start\n|switch|p1a: Chien-Pao|Chien-Pao, L50|100\/100\n|switch|p1b: Dragapult|Dragapult, L50, M|100\/100\n|switch|p2a: Chien-Pao|Chien-Pao, L50|100\/100\n|switch|p2b: Dragapult|Dragapult, L50, M|100\/100\n|-ability|p1a: Chien-Pao|Sword of Ruin\n|-ability|p2a: Chien-Pao|Sword of Ruin\n|turn|1\n|c|\u2606Damoria|ah. a man of cuture i see\n|c|\u2606Enemypie|Nice team you got there\n|\n|t:|1683553703\n|-terastallize|p2b: Dragapult|Steel\n|-terastallize|p1b: Dragapult|Steel\n|move|p1a: Chien-Pao|Sucker Punch|p2b: Dragapult\n|-damage|p2b: Dragapult|41\/100\n|move|p2a: Chien-Pao|Sucker Punch||[still]\n|-fail|p2a: Chien-Pao\n|move|p2b: Dragapult|Phantom Force||[still]\n|-prepare|p2b: Dragapult|Phantom Force\n|move|p1b: Dragapult|Dragon Dance|p1b: Dragapult\n|-boost|p1b: Dragapult|atk|1\n|-boost|p1b: Dragapult|spe|1\n|\n|upkeep\n|turn|2\n|\n|t:|1683553737\n|move|p2a: Chien-Pao|Sucker Punch|p1a: Chien-Pao\n|-resisted|p1a: Chien-Pao\n|-damage|p1a: Chien-Pao|79\/100\n|move|p1b: Dragapult|Tera Blast|p2a: Chien-Pao\n|-supereffective|p2a: Chien-Pao\n|-enditem|p2a: Chien-Pao|Focus Sash\n|-damage|p2a: Chien-Pao|1\/100\n|-damage|p1b: Dragapult|91\/100|[from] item: Life Orb\n|move|p2b: Dragapult|Phantom Force|p1a: Chien-Pao|[from]lockedmove\n|-resisted|p1a: Chien-Pao\n|-damage|p1a: Chien-Pao|31\/100\n|move|p1a: Chien-Pao|Sacred Sword|p2b: Dragapult\n|-supereffective|p2b: Dragapult\n|-damage|p2b: Dragapult|0 fnt\n|faint|p2b: Dragapult\n|\n|upkeep\n|\n|t:|1683553751\n|switch|p2b: Flutter Mane|Flutter Mane, L50|100\/100\n|-enditem|p2b: Flutter Mane|Booster Energy\n|-activate|p2b: Flutter Mane|ability: Protosynthesis|[fromitem]\n|-start|p2b: Flutter Mane|protosynthesisspa\n|turn|3\n|\n|t:|1683553764\n|move|p1a: Chien-Pao|Sucker Punch|p2b: Flutter Mane\n|-damage|p2b: Flutter Mane|31\/100\n|move|p2a: Chien-Pao|Sucker Punch|p1b: Dragapult\n|-damage|p1b: Dragapult|20\/100\n|move|p1b: Dragapult|Tera Blast|p2a: Chien-Pao\n|-supereffective|p2a: Chien-Pao\n|-damage|p2a: Chien-Pao|0 fnt\n|faint|p2a: Chien-Pao\n|-damage|p1b: Dragapult|10\/100|[from] item: Life Orb\n|move|p2b: Flutter Mane|Dazzling Gleam|p1b: Dragapult|[spread] p1a,p1b\n|-supereffective|p1a: Chien-Pao\n|-resisted|p1b: Dragapult\n|-damage|p1a: Chien-Pao|0 fnt\n|-damage|p1b: Dragapult|0 fnt\n|faint|p1a: Chien-Pao\n|faint|p1b: Dragapult\n|\n|upkeep\n|\n|t:|1683553778\n|switch|p2a: Chi-Yu|Chi-Yu, L50|100\/100\n|switch|p1a: Ting-Lu|Ting-Lu, L50|100\/100\n|switch|p1b: Amoonguss|Amoonguss, L50, M|100\/100\n|-ability|p2a: Chi-Yu|Beads of Ruin\n|-ability|p1a: Ting-Lu|Vessel of Ruin\n|turn|4\n|\n|t:|1683553791\n|move|p2b: Flutter Mane|Dazzling Gleam|p1b: Amoonguss|[spread] p1a,p1b\n|-supereffective|p1a: Ting-Lu\n|-resisted|p1b: Amoonguss\n|-damage|p1a: Ting-Lu|57\/100\n|-damage|p1b: Amoonguss|81\/100\n|move|p2a: Chi-Yu|Flamethrower|p1b: Amoonguss\n|-supereffective|p1b: Amoonguss\n|-damage|p1b: Amoonguss|0 fnt\n|faint|p1b: Amoonguss\n|move|p1a: Ting-Lu|Heavy Slam|p2b: Flutter Mane\n|-supereffective|p2b: Flutter Mane\n|-damage|p2b: Flutter Mane|0 fnt\n|faint|p2b: Flutter Mane\n|-end|p2b: Flutter Mane|Protosynthesis|[silent]\n|\n|upkeep\n|turn|5\n|\n|t:|1683553810\n|move|p2a: Chi-Yu|Flamethrower|p1a: Ting-Lu\n|-damage|p1a: Ting-Lu|30\/100\n|move|p1a: Ting-Lu|Fissure|p2a: Chi-Yu\n|-damage|p2a: Chi-Yu|0 fnt\n|faint|p2a: Chi-Yu\n|-ohko\n|\n|win|Enemypie\n|raw|Enemypie's rating: 1105 → 1131<\/strong> (+26 for winning)\n|raw|Damoria's rating: 1116 → 1090<\/strong> (-26 for losing)\n|c|\u2606Enemypie|gg\n|c|\u2606Damoria|gg\n|l|\u2606Damoria\n","uploadtime":1683553825,"views":7,"p1id":"enemypie","p2id":"damoria","formatid":"gen9vgc2023regulationc","rating":1090,"private":0,"password":""}