{"id":"gen9vgc2023regulationc-1845834838","p1":"AsianGuy96","p2":"Zoomander","format":"[Gen 9] VGC 2023 Regulation C","log":"|j|\u2606AsianGuy96\n|j|\u2606Zoomander\n|t:|1681769476\n|gametype|doubles\n|player|p1|AsianGuy96|169|1080\n|player|p2|Zoomander|wallace|1101\n|teamsize|p1|6\n|teamsize|p2|6\n|gen|9\n|tier|[Gen 9] VGC 2023 Regulation C\n|rated|\n|rule|Species Clause: Limit one of each Pok\u00e9mon\n|rule|Item Clause: Limit one of each item\n|clearpoke\n|poke|p1|Dondozo, L50, M|\n|poke|p1|Ting-Lu, L50|\n|poke|p1|Dugtrio, L50, F|\n|poke|p1|Bisharp, L50, M|\n|poke|p1|Chien-Pao, L50|\n|poke|p1|Haxorus, L50, M|\n|poke|p2|Mimikyu, L50, F|\n|poke|p2|Bronzong, L50|\n|poke|p2|Grimmsnarl, L50, M|\n|poke|p2|Iron Moth, L50|\n|poke|p2|Maushold-Four, L50|\n|poke|p2|Cetitan, L50, F|\n|teampreview|4\n|inactive|Battle timer is ON: inactive players will automatically lose when time's up. (requested by AsianGuy96)\nAsianGuy96 rejected open team sheets.\n|\n|t:|1681769497\n|start\n|switch|p1a: Dugtrio|Dugtrio, L50, F|100\/100\n|switch|p1b: Dondozo|Dondozo, L50, M|100\/100\n|switch|p2a: Iron Moth|Iron Moth, L50|100\/100\n|switch|p2b: Bronzong|Bronzong, L50|100\/100\n|turn|1\n|\n|t:|1681769512\n|move|p2a: Iron Moth|Protect|p2a: Iron Moth\n|-singleturn|p2a: Iron Moth|Protect\n|move|p1a: Dugtrio|Fissure|p2a: Iron Moth\n|-activate|p2a: Iron Moth|move: Protect\n|move|p1b: Dondozo|Fissure|p2a: Iron Moth\n|-activate|p2a: Iron Moth|move: Protect\n|move|p2b: Bronzong|Iron Defense|p2b: Bronzong\n|-boost|p2b: Bronzong|def|2\n|\n|upkeep\n|turn|2\n|c|\u2606Zoomander|i sensing a theme\n|inactive|Zoomander has 30 seconds left.\n|\n|t:|1681769546\n|switch|p1a: Haxorus|Haxorus, L50, M|100\/100\n|-ability|p1a: Haxorus|Mold Breaker\n|move|p2b: Bronzong|Helping Hand|p2a: Iron Moth\n|-singleturn|p2a: Iron Moth|Helping Hand|[of] p2b: Bronzong\n|move|p2a: Iron Moth|Sludge Wave|p1a: Haxorus|[spread] p1a,p1b\n|-immune|p2b: Bronzong\n|-damage|p1a: Haxorus|14\/100\n|-damage|p1b: Dondozo|44\/100\n|move|p1b: Dondozo|Fissure|p2a: Iron Moth|[miss]\n|-miss|p1b: Dondozo|p2a: Iron Moth\n|\n|upkeep\n|turn|3\n|c|\u2606AsianGuy96|its a team for funzees\n|\n|t:|1681769566\n|move|p2a: Iron Moth|Sludge Wave|p1a: Haxorus|[spread] p1a,p1b\n|-immune|p2b: Bronzong\n|-damage|p1a: Haxorus|0 fnt\n|-damage|p1b: Dondozo|2\/100\n|-status|p1b: Dondozo|psn\n|faint|p1a: Haxorus\n|move|p1b: Dondozo|Fissure|p2a: Iron Moth\n|-enditem|p2a: Iron Moth|Focus Sash\n|-damage|p2a: Iron Moth|1\/100\n|-damage|p1b: Dondozo|0 fnt|[from] item: Life Orb\n|faint|p1b: Dondozo\n|move|p2b: Bronzong|Iron Defense|p2b: Bronzong\n|-boost|p2b: Bronzong|def|2\n|\n|upkeep\n|\n|t:|1681769579\n|switch|p1a: Chien-Pao|Chien-Pao, L50|100\/100\n|switch|p1b: Dugtrio|Dugtrio, L50, F|100\/100\n|-ability|p1a: Chien-Pao|Sword of Ruin\n|turn|4\n|\n|t:|1681769602\n|move|p2a: Iron Moth|Protect|p2a: Iron Moth\n|-singleturn|p2a: Iron Moth|Protect\n|move|p1a: Chien-Pao|Ice Shard|p2a: Iron Moth\n|-activate|p2a: Iron Moth|move: Protect\n|move|p1b: Dugtrio|Fissure|p2a: Iron Moth\n|-activate|p2a: Iron Moth|move: Protect\n|move|p2b: Bronzong|Body Press|p1a: Chien-Pao\n|-supereffective|p1a: Chien-Pao\n|-damage|p1a: Chien-Pao|0 fnt\n|faint|p1a: Chien-Pao\n|\n|upkeep\n|turn|5\n|-message|AsianGuy96 forfeited.\n|\n|win|Zoomander\n|raw|AsianGuy96's rating: 1080 → 1059<\/strong> (-21 for losing)\n|raw|Zoomander's rating: 1101 → 1124<\/strong> (+23 for winning)\n|l|\u2606AsianGuy96\n|c|\u2606Zoomander|ggs\n","uploadtime":1681769634,"views":12,"p1id":"asianguy96","p2id":"zoomander","formatid":"gen9vgc2023regulationc","rating":1059,"private":0,"password":""}