{"id":"gen9vgc2023regulationc-1864068340","p1":"Bankaimike","p2":"agniss","format":"[Gen 9] VGC 2023 Regulation C","log":"|j|\u2606Bankaimike\n|j|\u2606agniss\n|t:|1684112940\n|gametype|doubles\n|player|p1|Bankaimike|1|1206\n|player|p2|agniss|265|1289\n|teamsize|p1|6\n|teamsize|p2|6\n|gen|9\n|tier|[Gen 9] VGC 2023 Regulation C\n|rated|\n|rule|Species Clause: Limit one of each Pok\u00e9mon\n|rule|Item Clause: Limit one of each item\n|clearpoke\n|poke|p1|Talonflame, L50, F|\n|poke|p1|Great Tusk, L50|\n|poke|p1|Palafin, L50, F|\n|poke|p1|Arcanine, L50, M|\n|poke|p1|Amoonguss, L50, F|\n|poke|p1|Flutter Mane, L50|\n|poke|p2|Gothitelle, L50, F|\n|poke|p2|Arcanine, L50, F|\n|poke|p2|Amoonguss, L50, F|\n|poke|p2|Flutter Mane, L50|\n|poke|p2|Scream Tail, L50|\n|poke|p2|Ting-Lu, L50|\n|teampreview|4\n|inactive|Battle timer is ON: inactive players will automatically lose when time's up. (requested by Bankaimike)\n|inactive|Bankaimike has 60 seconds left.\n|inactive|Bankaimike has 30 seconds left.\n|inactive|Bankaimike has 20 seconds left.\n|inactive|Bankaimike has 15 seconds left.\nBankaimike has agreed to open team sheets.\n|\n|t:|1684113020\n|start\n|switch|p1a: Talonflame|Talonflame, L50, F|100\/100\n|switch|p1b: Flutter Mane|Flutter Mane, L50|100\/100\n|switch|p2a: Ting-Lu|Ting-Lu, L50|100\/100\n|switch|p2b: Scream Tail|Scream Tail, L50|100\/100\n|-ability|p2a: Ting-Lu|Vessel of Ruin\n|-enditem|p2b: Scream Tail|Booster Energy\n|-activate|p2b: Scream Tail|ability: Protosynthesis|[fromitem]\n|-start|p2b: Scream Tail|protosynthesisspe\n|turn|1\n|inactive|Bankaimike has 30 seconds left.\n|\n|t:|1684113049\n|-end|p1b: Flutter Mane|Protosynthesis|[silent]\n|switch|p1b: Amoonguss|Amoonguss, L50, F|100\/100\n|-terastallize|p2a: Ting-Lu|Poison\n|move|p2b: Scream Tail|Protect|p2b: Scream Tail\n|-singleturn|p2b: Scream Tail|Protect\n|move|p1a: Talonflame|Tailwind|p1a: Talonflame\n|-sidestart|p1: Bankaimike|move: Tailwind\n|move|p2a: Ting-Lu|Sand Tomb|p1b: Amoonguss\n|-damage|p1b: Amoonguss|90\/100\n|-activate|p1b: Amoonguss|move: Sand Tomb|[of] p2a: Ting-Lu\n|\n|-damage|p1b: Amoonguss|77\/100|[from] move: Sand Tomb|[partiallytrapped]\n|upkeep\n|turn|2\n|inactive|agniss has 30 seconds left.\n|\n|t:|1684113075\n|switch|p2a: Gothitelle|Gothitelle, L50, F|100\/100\n|move|p1a: Talonflame|Taunt|p2b: Scream Tail\n|-start|p2b: Scream Tail|move: Taunt\n|cant|p2b: Scream Tail|move: Taunt|Perish Song\n|move|p1b: Amoonguss|Spore|p2a: Gothitelle\n|-status|p2a: Gothitelle|slp|[from] move: Spore\n|\n|-end|p1b: Amoonguss|Sand Tomb|[partiallytrapped]|[silent]\n|upkeep\n|turn|3\n|inactive|Bankaimike has 30 seconds left.\n|inactive|agniss has 30 seconds left.\n|inactive|Bankaimike has 20 seconds left.\n|inactive|agniss has 20 seconds left.\n|inactive|Bankaimike has 15 seconds left.\n|inactive|agniss has 15 seconds left.\n|\n|t:|1684113119\n|cant|p2a: Gothitelle|slp\n|move|p1a: Talonflame|Brave Bird|p2b: Scream Tail\n|-damage|p2b: Scream Tail|74\/100\n|-damage|p1a: Talonflame|88\/100|[from] Recoil\n|move|p2b: Scream Tail|Play Rough|p1a: Talonflame\n|-resisted|p1a: Talonflame\n|-damage|p1a: Talonflame|70\/100\n|move|p1b: Amoonguss|Pollen Puff|p1a: Talonflame\n|-heal|p1a: Talonflame|100\/100\n|\n|upkeep\n|turn|4\n|inactive|Bankaimike has 30 seconds left.\n|\n|t:|1684113149\n|move|p1a: Talonflame|Taunt|p2a: Gothitelle\n|-start|p2a: Gothitelle|move: Taunt\n|move|p2b: Scream Tail|Play Rough|p1a: Talonflame\n|-resisted|p1a: Talonflame\n|-damage|p1a: Talonflame|84\/100\n|move|p1b: Amoonguss|Pollen Puff|p2a: Gothitelle\n|-supereffective|p2a: Gothitelle\n|-damage|p2a: Gothitelle|75\/100 slp\n|cant|p2a: Gothitelle|slp\n|\n|-end|p2b: Scream Tail|move: Taunt\n|-sideend|p1: Bankaimike|move: Tailwind\n|upkeep\n|turn|5\n|inactive|Bankaimike has 30 seconds left.\n|inactive|agniss has 30 seconds left.\n|\n|t:|1684113184\n|move|p2b: Scream Tail|Perish Song|p2b: Scream Tail\n|-start|p1a: Talonflame|perish3|[silent]\n|-start|p1b: Amoonguss|perish3|[silent]\n|-start|p2a: Gothitelle|perish3|[silent]\n|-start|p2b: Scream Tail|perish3|[silent]\n|-fieldactivate|move: Perish Song\n|move|p1a: Talonflame|Brave Bird|p2a: Gothitelle\n|-damage|p2a: Gothitelle|34\/100 slp\n|-enditem|p2a: Gothitelle|Sitrus Berry|[eat]\n|-heal|p2a: Gothitelle|59\/100 slp|[from] item: Sitrus Berry\n|-damage|p1a: Talonflame|68\/100|[from] Recoil\n|cant|p2a: Gothitelle|slp\n|move|p1b: Amoonguss|Pollen Puff|p2a: Gothitelle\n|-supereffective|p2a: Gothitelle\n|-damage|p2a: Gothitelle|34\/100 slp\n|\n|-start|p2b: Scream Tail|perish3\n|-start|p1a: Talonflame|perish3\n|-start|p2a: Gothitelle|perish3\n|-start|p1b: Amoonguss|perish3\n|upkeep\n|turn|6\n|inactive|agniss has 30 seconds left.\n|\n|t:|1684113216\n|move|p2b: Scream Tail|Disable|p1a: Talonflame\n|-start|p1a: Talonflame|Disable|Brave Bird\n|cant|p1a: Talonflame|Disable|Brave Bird\n|-curestatus|p2a: Gothitelle|slp|[msg]\n|move|p2a: Gothitelle|Psychic|p1a: Talonflame\n|-damage|p1a: Talonflame|17\/100\n|move|p1b: Amoonguss|Pollen Puff|p2a: Gothitelle\n|-supereffective|p2a: Gothitelle\n|-damage|p2a: Gothitelle|6\/100\n|\n|-end|p2a: Gothitelle|move: Taunt\n|-start|p2b: Scream Tail|perish2\n|-start|p1a: Talonflame|perish2\n|-start|p2a: Gothitelle|perish2\n|-start|p1b: Amoonguss|perish2\n|upkeep\n|turn|7\n|inactive|agniss has 30 seconds left.\n|\n|t:|1684113250\n|move|p2b: Scream Tail|Disable|p1b: Amoonguss\n|-start|p1b: Amoonguss|Disable|Pollen Puff\n|move|p1a: Talonflame|Tailwind|p1a: Talonflame\n|-sidestart|p1: Bankaimike|move: Tailwind\n|cant|p1b: Amoonguss|Disable|Pollen Puff\n|move|p2a: Gothitelle|Heal Pulse|p2b: Scream Tail\n|-heal|p2b: Scream Tail|100\/100\n|\n|-start|p1a: Talonflame|perish1\n|-start|p2b: Scream Tail|perish1\n|-start|p1b: Amoonguss|perish1\n|-start|p2a: Gothitelle|perish1\n|upkeep\n|turn|8\n|inactive|Bankaimike has 30 seconds left.\n|\n|t:|1684113275\n|-end|p2b: Scream Tail|Protosynthesis|[silent]\n|switch|p2b: Ting-Lu|Ting-Lu, L50, tera:Poison|100\/100\n|-ability|p2b: Ting-Lu|Vessel of Ruin\n|move|p1a: Talonflame|Taunt|p2a: Gothitelle\n|-start|p2a: Gothitelle|move: Taunt\n|move|p1b: Amoonguss|Spore|p2b: Ting-Lu\n|-status|p2b: Ting-Lu|slp|[from] move: Spore\n|cant|p2a: Gothitelle|move: Taunt|Heal Pulse\n|\n|-start|p1a: Talonflame|perish0\n|-start|p1b: Amoonguss|perish0\n|-start|p2a: Gothitelle|perish0\n|faint|p1a: Talonflame\n|faint|p1b: Amoonguss\n|faint|p2a: Gothitelle\n|upkeep\n|inactive|agniss has 30 seconds left.\n|inactive|agniss has 20 seconds left.\n|\n|t:|1684113315\n|switch|p1a: Great Tusk|Great Tusk, L50|100\/100\n|switch|p2a: Scream Tail|Scream Tail, L50|100\/100\n|switch|p1b: Flutter Mane|Flutter Mane, L50|100\/100\n|turn|9\n|\n|t:|1684113325\n|-terastallize|p1a: Great Tusk|Ground\n|move|p2a: Scream Tail|Protect|p2a: Scream Tail\n|-singleturn|p2a: Scream Tail|Protect\n|move|p1b: Flutter Mane|Shadow Ball|p2a: Scream Tail\n|-activate|p2a: Scream Tail|move: Protect\n|move|p1a: Great Tusk|Headlong Rush|p2b: Ting-Lu\n|-supereffective|p2b: Ting-Lu\n|-damage|p2b: Ting-Lu|0 fnt\n|-unboost|p1a: Great Tusk|def|1\n|-unboost|p1a: Great Tusk|spd|1\n|faint|p2b: Ting-Lu\n|\n|upkeep\n|\n|t:|1684113336\n|switch|p2b: Flutter Mane|Flutter Mane, L50|100\/100\n|turn|10\n|\n|t:|1684113352\n|move|p2b: Flutter Mane|Protect|p2b: Flutter Mane\n|-singleturn|p2b: Flutter Mane|Protect\n|move|p2a: Scream Tail|Protect||[still]\n|-fail|p2a: Scream Tail\n|move|p1b: Flutter Mane|Shadow Ball|p2a: Scream Tail\n|-supereffective|p2a: Scream Tail\n|-damage|p2a: Scream Tail|10\/100\n|-unboost|p2a: Scream Tail|spd|1\n|move|p1a: Great Tusk|Headlong Rush|p2b: Flutter Mane\n|-activate|p2b: Flutter Mane|move: Protect\n|\n|-sideend|p1: Bankaimike|move: Tailwind\n|upkeep\n|turn|11\n|\n|t:|1684113375\n|move|p2b: Flutter Mane|Shadow Ball|p1b: Flutter Mane\n|-supereffective|p1b: Flutter Mane\n|-damage|p1b: Flutter Mane|26\/100\n|move|p1b: Flutter Mane|Shadow Ball|p2b: Flutter Mane\n|-supereffective|p2b: Flutter Mane\n|-enditem|p2b: Flutter Mane|Focus Sash\n|-damage|p2b: Flutter Mane|1\/100\n|move|p2a: Scream Tail|Disable|p1a: Great Tusk\n|-start|p1a: Great Tusk|Disable|Headlong Rush\n|cant|p1a: Great Tusk|Disable|Headlong Rush\n|\n|upkeep\n|turn|12\n|\n|t:|1684113399\n|move|p2b: Flutter Mane|Shadow Ball|p1b: Flutter Mane\n|-supereffective|p1b: Flutter Mane\n|-damage|p1b: Flutter Mane|0 fnt\n|faint|p1b: Flutter Mane\n|-end|p1b: Flutter Mane|Protosynthesis|[silent]\n|move|p2a: Scream Tail|Play Rough|p1a: Great Tusk\n|-damage|p1a: Great Tusk|75\/100\n|-activate|p1a: Great Tusk|move: Struggle\n|move|p1a: Great Tusk|Struggle|p2a: Scream Tail\n|-damage|p2a: Scream Tail|0 fnt\n|faint|p2a: Scream Tail\n|-end|p2a: Scream Tail|Protosynthesis|[silent]\n|-damage|p1a: Great Tusk|49\/100|[from] recoil\n|\n|upkeep\n|turn|13\n|\n|t:|1684113421\n|move|p2b: Flutter Mane|Moonblast|p1a: Great Tusk\n|-crit|p1a: Great Tusk\n|-damage|p1a: Great Tusk|0 fnt\n|faint|p1a: Great Tusk\n|-end|p1a: Great Tusk|Protosynthesis|[silent]\n|\n|win|agniss\n|raw|Bankaimike's rating: 1206 → 1187<\/strong> (-19 for losing)\n|raw|agniss's rating: 1289 → 1308<\/strong> (+19 for winning)\n","uploadtime":1684113427,"views":17,"p1id":"bankaimike","p2id":"agniss","formatid":"gen9vgc2023regulationc","rating":1187,"private":0,"password":""}