{"id":"gen9vgc2023regulationc-1854808945","p1":"We_Love_The_Gong","p2":"Slimmora","format":"[Gen 9] VGC 2023 Regulation C","log":"|j|\u2606We_Love_The_Gong\n|j|\u2606Slimmora\n|t:|1682868575\n|gametype|doubles\n|player|p1|We_Love_The_Gong|fantina|1359\n|player|p2|Slimmora|101|1401\n|teamsize|p1|6\n|teamsize|p2|6\n|gen|9\n|tier|[Gen 9] VGC 2023 Regulation C\n|rated|\n|rule|Species Clause: Limit one of each Pok\u00e9mon\n|rule|Item Clause: Limit one of each item\n|clearpoke\n|poke|p1|Gholdengo, L50|\n|poke|p1|Ting-Lu, L50|\n|poke|p1|Gyarados, L50, F|\n|poke|p1|Flutter Mane, L50|\n|poke|p1|Amoonguss, L50, F|\n|poke|p1|Baxcalibur, L50, F|\n|poke|p2|Iron Bundle, L50|\n|poke|p2|Gallade, L50, M|\n|poke|p2|Corviknight, L50, M|\n|poke|p2|Chien-Pao, L50|\n|poke|p2|Dragapult, L50, M|\n|poke|p2|Azumarill, L50, M|\n|teampreview|4\nSlimmora has agreed to open team sheets.\nWe_Love_The_Gong has agreed to open team sheets.\n|c|\u2606We_Love_The_Gong|wow someone wants open team sheets?\n|c|\u2606Slimmora|Yeah I know, wild\n|\n|t:|1682868641\n|start\n|switch|p1a: Baxcalibur|Baxcalibur, L50, F|100\/100\n|switch|p1b: Ting-Lu|Ting-Lu, L50|100\/100\n|switch|p2a: Santa|Iron Bundle, L50|100\/100\n|switch|p2b: Dauntless|Corviknight, L50, M|100\/100\n|-ability|p1b: Ting-Lu|Vessel of Ruin\n|-enditem|p2a: Santa|Booster Energy\n|-activate|p2a: Santa|ability: Quark Drive|[fromitem]\n|-start|p2a: Santa|quarkdrivespe\n|turn|1\n|c|\u2606Slimmora|It's because Showdown is gimmick based bo1\n|\n|t:|1682868657\n|move|p2a: Santa|Protect|p2a: Santa\n|-singleturn|p2a: Santa|Protect\n|move|p1a: Baxcalibur|Glaive Rush|p2a: Santa\n|-activate|p2a: Santa|move: Protect\n|move|p2b: Dauntless|Tailwind|p2b: Dauntless\n|-sidestart|p2: Slimmora|move: Tailwind\n|move|p1b: Ting-Lu|Rock Slide|p2b: Dauntless|[spread] p2b\n|-activate|p2a: Santa|move: Protect\n|-damage|p2b: Dauntless|85\/100\n|\n|-heal|p2b: Dauntless|91\/100|[from] item: Leftovers\n|upkeep\n|turn|2\n|c|\u2606We_Love_The_Gong|at least you said it cause its the truth\n|\n|t:|1682868682\n|switch|p1a: Amoonguss|Amoonguss, L50, F|100\/100\n|move|p2a: Santa|Hydro Pump|p1b: Ting-Lu\n|-supereffective|p1b: Ting-Lu\n|-damage|p1b: Ting-Lu|59\/100\n|move|p2b: Dauntless|Iron Head|p1a: Amoonguss\n|-damage|p1a: Amoonguss|79\/100\n|-damage|p2b: Dauntless|75\/100|[from] item: Rocky Helmet|[of] p1a: Amoonguss\n|move|p1b: Ting-Lu|Ruination|p2b: Dauntless\n|-damage|p2b: Dauntless|38\/100\n|\n|-heal|p2b: Dauntless|44\/100|[from] item: Leftovers\n|upkeep\n|turn|3\n|\n|t:|1682868707\n|move|p2a: Santa|Protect|p2a: Santa\n|-singleturn|p2a: Santa|Protect\n|move|p1a: Amoonguss|Protect|p1a: Amoonguss\n|-singleturn|p1a: Amoonguss|Protect\n|move|p2b: Dauntless|Taunt|p1a: Amoonguss\n|-activate|p1a: Amoonguss|move: Protect\n|move|p1b: Ting-Lu|Heavy Slam|p2a: Santa\n|-activate|p2a: Santa|move: Protect\n|\n|-heal|p2b: Dauntless|50\/100|[from] item: Leftovers\n|upkeep\n|turn|4\n|\n|t:|1682868730\n|move|p2a: Santa|Freeze-Dry|p1a: Amoonguss\n|-supereffective|p1a: Amoonguss\n|-damage|p1a: Amoonguss|37\/100\n|move|p2b: Dauntless|Brave Bird|p1a: Amoonguss\n|-supereffective|p1a: Amoonguss\n|-damage|p1a: Amoonguss|0 fnt\n|-damage|p2b: Dauntless|33\/100|[from] item: Rocky Helmet|[of] p1a: Amoonguss\n|faint|p1a: Amoonguss\n|-damage|p2b: Dauntless|19\/100|[from] Recoil\n|move|p1b: Ting-Lu|Heavy Slam|p2a: Santa\n|-damage|p2a: Santa|57\/100\n|\n|-heal|p2b: Dauntless|25\/100|[from] item: Leftovers\n|-sideend|p2: Slimmora|move: Tailwind\n|upkeep\n|\n|t:|1682868743\n|switch|p1a: Flutter Mane|Flutter Mane, L50|100\/100\n|turn|5\n|\n|t:|1682868761\n|move|p2a: Santa|Protect|p2a: Santa\n|-singleturn|p2a: Santa|Protect\n|move|p1a: Flutter Mane|Shadow Ball|p2b: Dauntless\n|-damage|p2b: Dauntless|0 fnt\n|faint|p2b: Dauntless\n|move|p1b: Ting-Lu|Heavy Slam|p2a: Santa\n|-activate|p2a: Santa|move: Protect\n|\n|upkeep\n|\n|t:|1682868774\n|switch|p2b: Azumarill|Azumarill, L50, M|100\/100\n|turn|6\n|\n|t:|1682868801\n|switch|p1b: Baxcalibur|Baxcalibur, L50, F|100\/100\n|move|p2a: Santa|Hydro Pump|p1b: Baxcalibur|[miss]\n|-miss|p2a: Santa|p1b: Baxcalibur\n|move|p1a: Flutter Mane|Shadow Ball|p2a: Santa\n|-damage|p2a: Santa|0 fnt\n|faint|p2a: Santa\n|-end|p2a: Santa|Quark Drive|[silent]\n|move|p2b: Azumarill|Play Rough|p1a: Flutter Mane\n|-damage|p1a: Flutter Mane|8\/100\n|\n|upkeep\n|\n|t:|1682868815\n|switch|p2a: Snippers|Gallade, L50, M|100\/100\n|turn|7\n|\n|t:|1682868828\n|-terastallize|p1b: Baxcalibur|Poison\n|move|p2a: Snippers|Protect|p2a: Snippers\n|-singleturn|p2a: Snippers|Protect\n|move|p2b: Azumarill|Protect|p2b: Azumarill\n|-singleturn|p2b: Azumarill|Protect\n|move|p1a: Flutter Mane|Shadow Ball|p2a: Snippers\n|-activate|p2a: Snippers|move: Protect\n|move|p1b: Baxcalibur|Glaive Rush|p2a: Snippers\n|-activate|p2a: Snippers|move: Protect\n|\n|upkeep\n|turn|8\n|\n|t:|1682868845\n|-end|p1a: Flutter Mane|Protosynthesis|[silent]\n|switch|p1a: Ting-Lu|Ting-Lu, L50|59\/100\n|-ability|p1a: Ting-Lu|Vessel of Ruin\n|-terastallize|p2a: Snippers|Steel\n|move|p2b: Azumarill|Aqua Jet|p1a: Ting-Lu\n|-supereffective|p1a: Ting-Lu\n|-damage|p1a: Ting-Lu|26\/100\n|move|p2a: Snippers|Psycho Cut|p1b: Baxcalibur\n|-supereffective|p1b: Baxcalibur\n|-damage|p1b: Baxcalibur|0 fnt\n|faint|p1b: Baxcalibur\n|\n|upkeep\n|c|\u2606We_Love_The_Gong|gg\n|\n|t:|1682868855\n|switch|p1b: Flutter Mane|Flutter Mane, L50|8\/100\n|turn|9\n|-message|We_Love_The_Gong forfeited.\n|\n|win|Slimmora\n|raw|We_Love_The_Gong's rating: 1359 → 1341<\/strong> (-18 for losing)\n|raw|Slimmora's rating: 1401 → 1419<\/strong> (+18 for winning)\n","uploadtime":1682868862,"views":9,"p1id":"welovethegong","p2id":"slimmora","formatid":"gen9vgc2023regulationc","rating":1341,"private":0,"password":""}