{"id":"gen9vgc2023regulationc-1854469064","p1":"ShaytheFair","p2":"Hvac goon","format":"[Gen 9] VGC 2023 Regulation C","log":"|j|\u2606ShaytheFair\n|j|\u2606Hvac goon\n|t:|1682814883\n|gametype|doubles\n|player|p1|ShaytheFair|veteranf|\n|player|p2|Hvac goon|ninjaboy|\n|teamsize|p1|6\n|teamsize|p2|6\n|gen|9\n|tier|[Gen 9] VGC 2023 Regulation C\n|rule|Species Clause: Limit one of each Pok\u00e9mon\n|rule|Item Clause: Limit one of each item\n|clearpoke\n|poke|p1|Palafin, L50, F|\n|poke|p1|Flutter Mane, L50|\n|poke|p1|Arcanine, L50, F|\n|poke|p1|Ting-Lu, L50|\n|poke|p1|Amoonguss, L50, M|\n|poke|p1|Kingambit, L50, F|\n|poke|p2|Chi-Yu, L50|\n|poke|p2|Glimmora, L50, F|\n|poke|p2|Dondozo, L50, F|\n|poke|p2|Tatsugiri, L50, F|\n|poke|p2|Dragonite, L50, F|\n|poke|p2|Iron Bundle, L50|\n|teampreview|4\n|inactive|Battle timer is ON: inactive players will automatically lose when time's up. (requested by Hvac goon)\n|inactiveoff|Battle timer is now OFF.\n|c|\u2606Hvac goon|g1\n|c|\u2606Hvac goon|ready?\n|c|\u2606ShaytheFair|Yeah man!\n|c|\u2606Hvac goon|ok gl brother\n|inactive|Battle timer is ON: inactive players will automatically lose when time's up. (requested by Hvac goon)\n|inactive|ShaytheFair has 30 seconds left.\n|inactive|Hvac goon has 30 seconds left.\n|\n|t:|1682815101\n|start\n|switch|p1a: Butter Pecan|Arcanine, L50, F|100\/100\n|switch|p1b: Fish Food|Palafin, L50, F|100\/100\n|switch|p2a: Chi-Yu|Chi-Yu, L50|100\/100\n|switch|p2b: Glimmora|Glimmora, L50, F|100\/100\n|-ability|p2a: Chi-Yu|Beads of Ruin\n|-ability|p1a: Butter Pecan|Intimidate|boost\n|-unboost|p2a: Chi-Yu|atk|1\n|-unboost|p2b: Glimmora|atk|1\n|turn|1\n|c|\u2606ShaytheFair|GL\n|inactive|ShaytheFair has 30 seconds left.\n|c|\u2606Hvac goon|GL\n|\n|t:|1682815132\n|switch|p1a: Cookies n Cream|Amoonguss, L50, M|100\/100\n|move|p2a: Chi-Yu|Protect|p2a: Chi-Yu\n|-singleturn|p2a: Chi-Yu|Protect\n|move|p1b: Fish Food|Protect|p1b: Fish Food\n|-singleturn|p1b: Fish Food|Protect\n|move|p2b: Glimmora|Mortal Spin|p1a: Cookies n Cream|[spread] p1a\n|-activate|p1b: Fish Food|move: Protect\n|-damage|p1a: Cookies n Cream|99\/100\n|-damage|p2b: Glimmora|84\/100|[from] item: Rocky Helmet|[of] p1a: Cookies n Cream\n|\n|upkeep\n|turn|2\n|\n|t:|1682815155\n|detailschange|p1b: Fish Food|Palafin-Hero, L50, F\n|switch|p1b: Chocolate Cherry|Flutter Mane, L50|100\/100\n|-enditem|p1b: Chocolate Cherry|Booster Energy\n|-activate|p1b: Chocolate Cherry|ability: Protosynthesis|[fromitem]\n|-start|p1b: Chocolate Cherry|protosynthesisspa\n|move|p1a: Cookies n Cream|Rage Powder|p1a: Cookies n Cream\n|-singleturn|p1a: Cookies n Cream|move: Rage Powder\n|move|p2a: Chi-Yu|Overheat|p1a: Cookies n Cream\n|-supereffective|p1a: Cookies n Cream\n|-damage|p1a: Cookies n Cream|0 fnt\n|-unboost|p2a: Chi-Yu|spa|2\n|faint|p1a: Cookies n Cream\n|move|p2b: Glimmora|Mortal Spin|p1b: Chocolate Cherry\n|-damage|p1b: Chocolate Cherry|93\/100\n|-status|p1b: Chocolate Cherry|psn\n|\n|-damage|p1b: Chocolate Cherry|81\/100 psn|[from] psn\n|upkeep\n|\n|t:|1682815171\n|switch|p1a: Fish Food|Palafin-Hero, L50, F|100\/100\n|-activate|p1a: Fish Food|ability: Zero to Hero\n|turn|3\n|inactive|ShaytheFair has 30 seconds left.\n|inactive|Hvac goon has 30 seconds left.\n|\n|t:|1682815197\n|move|p1b: Chocolate Cherry|Protect|p1b: Chocolate Cherry\n|-singleturn|p1b: Chocolate Cherry|Protect\n|move|p2a: Chi-Yu|Protect|p2a: Chi-Yu\n|-singleturn|p2a: Chi-Yu|Protect\n|move|p2b: Glimmora|Energy Ball|p1a: Fish Food\n|-supereffective|p1a: Fish Food\n|-damage|p1a: Fish Food|15\/100\n|move|p1a: Fish Food|Wave Crash|p2b: Glimmora\n|-supereffective|p2b: Glimmora\n|-damage|p2b: Glimmora|0 fnt\n|-activate|p2b: Glimmora|ability: Toxic Debris\n|-sidestart|p1: ShaytheFair|move: Toxic Spikes\n|faint|p2b: Glimmora\n|-damage|p1a: Fish Food|0 fnt|[from] Recoil\n|faint|p1a: Fish Food\n|\n|-damage|p1b: Chocolate Cherry|69\/100 psn|[from] psn\n|upkeep\n|\n|t:|1682815214\n|switch|p2b: Dondozo|Dondozo, L50, F|100\/100\n|switch|p1a: Butter Pecan|Arcanine, L50, F|100\/100\n|-status|p1a: Butter Pecan|psn\n|-ability|p1a: Butter Pecan|Intimidate|boost\n|-unboost|p2a: Chi-Yu|atk|1\n|-fail|p2b: Dondozo|unboost|Attack|[from] ability: Oblivious|[of] p2b: Dondozo\n|turn|4\n|\n|t:|1682815236\n|switch|p2a: Tatsugiri|Tatsugiri, L50, F|100\/100\n|-activate|p2a: Tatsugiri|ability: Commander|[of] p2b: Dondozo\n|-boost|p2b: Dondozo|atk|2\n|-boost|p2b: Dondozo|spa|2\n|-boost|p2b: Dondozo|spe|2\n|-boost|p2b: Dondozo|def|2\n|-boost|p2b: Dondozo|spd|2\n|-terastallize|p2b: Dondozo|Grass\n|move|p1b: Chocolate Cherry|Dazzling Gleam|p2b: Dondozo|[spread] p2b\n|-miss|p1b: Chocolate Cherry|p2a: Tatsugiri\n|-damage|p2b: Dondozo|76\/100\n|move|p2b: Dondozo|Wave Crash|p1a: Butter Pecan\n|-supereffective|p1a: Butter Pecan\n|-damage|p1a: Butter Pecan|0 fnt\n|faint|p1a: Butter Pecan\n|-damage|p2b: Dondozo|47\/100|[from] Recoil\n|\n|-heal|p2b: Dondozo|53\/100|[from] item: Leftovers\n|-damage|p1b: Chocolate Cherry|57\/100 psn|[from] psn\n|upkeep\n|turn|5\n|inactive|ShaytheFair has 30 seconds left.\n|\n|t:|1682815263\n|-terastallize|p1b: Chocolate Cherry|Fairy\n|move|p2b: Dondozo|Protect|p2b: Dondozo\n|-singleturn|p2b: Dondozo|Protect\n|move|p1b: Chocolate Cherry|Moonblast|p2b: Dondozo\n|-activate|p2b: Dondozo|move: Protect\n|\n|-heal|p2b: Dondozo|60\/100|[from] item: Leftovers\n|-damage|p1b: Chocolate Cherry|45\/100 psn|[from] psn\n|upkeep\n|turn|6\n|\n|t:|1682815276\n|move|p1b: Chocolate Cherry|Shadow Ball|p2b: Dondozo\n|-damage|p2b: Dondozo|32\/100\n|move|p2b: Dondozo|Wave Crash|p1b: Chocolate Cherry\n|-damage|p1b: Chocolate Cherry|0 fnt\n|faint|p1b: Chocolate Cherry\n|-end|p1b: Chocolate Cherry|Protosynthesis|[silent]\n|-damage|p2b: Dondozo|24\/100|[from] Recoil\n|\n|win|Hvac goon\n|c|\u2606Hvac goon|GG man\n","uploadtime":1682815285,"views":11,"p1id":"shaythefair","p2id":"hvacgoon","formatid":"gen9vgc2023regulationc","rating":0,"private":0,"password":""}