{"id":"gen9vgc2023regulationc-1855145977","p1":"GunGunSaber","p2":"thrillcorner","format":"[Gen 9] VGC 2023 Regulation C","log":"|j|\u2606GunGunSaber\n|j|\u2606thrillcorner\n|t:|1682906905\n|gametype|doubles\n|player|p1|GunGunSaber|scientist|1141\n|player|p2|thrillcorner|red-masters2|1158\n|teamsize|p1|6\n|teamsize|p2|6\n|gen|9\n|tier|[Gen 9] VGC 2023 Regulation C\n|rated|\n|rule|Species Clause: Limit one of each Pok\u00e9mon\n|rule|Item Clause: Limit one of each item\n|clearpoke\n|poke|p1|Slowking, L50, M|\n|poke|p1|Hariyama, L50, M|\n|poke|p1|Glaceon, L50, F|\n|poke|p1|Meowscarada, L50, F|\n|poke|p1|Ceruledge, L50, F|\n|poke|p1|Baxcalibur, L50, M|\n|poke|p2|Arcanine, L50, F|\n|poke|p2|Amoonguss, L50, F|\n|poke|p2|Kingambit, L50, F|\n|poke|p2|Flutter Mane, L50|\n|poke|p2|Ting-Lu, L50|\n|poke|p2|Palafin, L50, F|\n|teampreview|4\n|inactive|Battle timer is ON: inactive players will automatically lose when time's up. (requested by GunGunSaber)\nthrillcorner has agreed to open team sheets.\n|inactive|thrillcorner has 60 seconds left.\n|\n|t:|1682906946\n|start\n|switch|p1a: King Joffrey|Slowking, L50, M|100\/100\n|switch|p1b: Saber|Ceruledge, L50, F|100\/100\n|switch|p2a: Willow|Flutter Mane, L50|100\/100\n|switch|p2b: Blueshido|Kingambit, L50, F, shiny|100\/100\n|turn|1\n|\n|t:|1682906966\n|switch|p2b: Ripley|Arcanine, L50, F|100\/100\n|-ability|p2b: Ripley|Intimidate|boost\n|-fail|p1a: King Joffrey|unboost|Attack|[from] ability: Oblivious|[of] p1a: King Joffrey\n|-unboost|p1b: Saber|atk|1\n|move|p1b: Saber|Ally Switch|p1b: Saber\n|swap|p1b: Saber|0|[from] move: Ally Switch\n|move|p2a: Willow|Shadow Ball|p1a: Saber\n|-supereffective|p1a: Saber\n|-crit|p1a: Saber\n|-enditem|p1a: Saber|Focus Sash\n|-damage|p1a: Saber|1\/100\n|move|p1b: King Joffrey|Trick Room|p1b: King Joffrey\n|-fieldstart|move: Trick Room|[of] p1b: King Joffrey\n|\n|upkeep\n|turn|2\n|inactive|thrillcorner has 30 seconds left.\n|inactive|thrillcorner has 20 seconds left.\n|\n|t:|1682907001\n|-end|p2a: Willow|Protosynthesis|[silent]\n|switch|p2a: Mugman|Ting-Lu, L50|100\/100\n|-ability|p2a: Mugman|Vessel of Ruin\n|move|p2b: Ripley|Extreme Speed|p1b: King Joffrey\n|-damage|p1b: King Joffrey|83\/100\n|move|p1b: King Joffrey|Chilly Reception|p1b: King Joffrey\n|-weather|Snow\n|\n|t:|1682907011\n|switch|p1b: Frozen 3|Glaceon, L50, F|100\/100|[from] Chilly Reception\n|move|p1a: Saber|Lava Plume|p2a: Mugman|[spread] p1b,p2a,p2b\n|-supereffective|p1b: Frozen 3\n|-crit|p2a: Mugman\n|-resisted|p2b: Ripley\n|-damage|p1b: Frozen 3|82\/100\n|-damage|p2a: Mugman|94\/100\n|-damage|p2b: Ripley|96\/100\n|-enditem|p1b: Frozen 3|Weakness Policy\n|-boost|p1b: Frozen 3|atk|2|[from] item: Weakness Policy\n|-boost|p1b: Frozen 3|spa|2|[from] item: Weakness Policy\n|\n|-weather|Snow|[upkeep]\n|-heal|p1b: Frozen 3|88\/100|[from] ability: Ice Body\n|upkeep\n|turn|3\n|inactive|GunGunSaber has 30 seconds left.\n|inactive|thrillcorner has 30 seconds left.\n|\n|t:|1682907044\n|-terastallize|p1b: Frozen 3|Water\n|-terastallize|p2a: Mugman|Water\n|move|p1b: Frozen 3|Tera Blast|p2b: Ripley\n|-supereffective|p2b: Ripley\n|-crit|p2b: Ripley\n|-damage|p2b: Ripley|0 fnt\n|faint|p2b: Ripley\n|move|p2a: Mugman|Stomping Tantrum|p1a: Saber\n|-supereffective|p1a: Saber\n|-damage|p1a: Saber|0 fnt\n|faint|p1a: Saber\n|\n|-weather|Snow|[upkeep]\n|-heal|p1b: Frozen 3|94\/100|[from] ability: Ice Body\n|upkeep\n|\n|t:|1682907062\n|switch|p1a: Foam Hands|Hariyama, L50, M|100\/100\n|switch|p2b: Blueshido|Kingambit, L50, F, shiny|100\/100\n|turn|4\n|\n|t:|1682907079\n|move|p2b: Blueshido|Protect|p2b: Blueshido\n|-singleturn|p2b: Blueshido|Protect\n|move|p1a: Foam Hands|Fake Out|p2b: Blueshido\n|-activate|p2b: Blueshido|move: Protect\n|move|p1b: Frozen 3|Freeze-Dry|p2a: Mugman\n|-supereffective|p2a: Mugman\n|-damage|p2a: Mugman|40\/100\n|move|p2a: Mugman|Ruination|p1b: Frozen 3\n|-damage|p1b: Frozen 3|47\/100\n|\n|-weather|Snow|[upkeep]\n|-heal|p1b: Frozen 3|53\/100|[from] ability: Ice Body\n|-status|p1a: Foam Hands|brn|[from] item: Flame Orb\n|upkeep\n|turn|5\n|inactive|thrillcorner has 30 seconds left.\n|inactive|thrillcorner has 20 seconds left.\n|\n|t:|1682907117\n|move|p2b: Blueshido|Sucker Punch|p1b: Frozen 3\n|-damage|p1b: Frozen 3|9\/100\n|move|p1a: Foam Hands|Close Combat|p2b: Blueshido\n|-supereffective|p2b: Blueshido\n|-damage|p2b: Blueshido|0 fnt\n|-unboost|p1a: Foam Hands|def|1\n|-unboost|p1a: Foam Hands|spd|1\n|faint|p2b: Blueshido\n|move|p1b: Frozen 3|Freeze-Dry|p2a: Mugman\n|-supereffective|p2a: Mugman\n|-damage|p2a: Mugman|0 fnt\n|faint|p2a: Mugman\n|\n|-weather|Snow|[upkeep]\n|-heal|p1b: Frozen 3|15\/100|[from] ability: Ice Body\n|-damage|p1a: Foam Hands|95\/100 brn|[from] brn\n|-fieldend|move: Trick Room\n|upkeep\n|\n|t:|1682907137\n|switch|p2b: Willow|Flutter Mane, L50|100\/100\n|turn|6\n|\n|t:|1682907151\n|move|p2b: Willow|Dazzling Gleam|p1a: Foam Hands|[spread] p1a,p1b\n|-supereffective|p1a: Foam Hands\n|-damage|p1a: Foam Hands|0 fnt\n|-damage|p1b: Frozen 3|0 fnt\n|faint|p1a: Foam Hands\n|faint|p1b: Frozen 3\n|\n|-weather|none\n|upkeep\n|\n|t:|1682907160\n|switch|p1a: King Joffrey|Slowking, L50, M|83\/100\n|turn|7\n|\n|t:|1682907167\n|move|p2b: Willow|Dazzling Gleam|p1a: King Joffrey\n|-damage|p1a: King Joffrey|26\/100\n|move|p1a: King Joffrey|Trick Room|p1a: King Joffrey\n|-fieldstart|move: Trick Room|[of] p1a: King Joffrey\n|\n|upkeep\n|turn|8\n|\n|t:|1682907174\n|move|p1a: King Joffrey|Hydro Pump|p2b: Willow\n|-damage|p2b: Willow|55\/100\n|move|p2b: Willow|Dazzling Gleam|p1a: King Joffrey\n|-crit|p1a: King Joffrey\n|-damage|p1a: King Joffrey|0 fnt\n|faint|p1a: King Joffrey\n|\n|win|thrillcorner\n|raw|GunGunSaber's rating: 1141 → 1117<\/strong> (-24 for losing)\n|raw|thrillcorner's rating: 1158 → 1182<\/strong> (+24 for winning)\n|c|\u2606thrillcorner|gg\n","uploadtime":1682907183,"views":34,"p1id":"gungunsaber","p2id":"thrillcorner","formatid":"gen9vgc2023regulationc","rating":1117,"private":0,"password":""}