{"id":"gen9vgc2023regulationc-1854844673","p1":"80u844z","p2":"mence x vgc","format":"[Gen 9] VGC 2023 Regulation C","log":"|j|\u260680u844z\n|j|\u2606mence x vgc\n|t:|1682872599\n|gametype|doubles\n|player|p1|80u844z|bruno|1343\n|player|p2|mence x vgc|koga|1392\n|teamsize|p1|6\n|teamsize|p2|6\n|gen|9\n|tier|[Gen 9] VGC 2023 Regulation C\n|rated|\n|rule|Species Clause: Limit one of each Pok\u00e9mon\n|rule|Item Clause: Limit one of each item\n|clearpoke\n|poke|p1|Flutter Mane, L50|\n|poke|p1|Gothitelle, L50, M|\n|poke|p1|Wo-Chien, L50|\n|poke|p1|Gholdengo, L50|\n|poke|p1|Palafin, L50, F|\n|poke|p1|Arcanine, L50, M|\n|poke|p2|Amoonguss, L50, F|\n|poke|p2|Gyarados, L50, F|\n|poke|p2|Baxcalibur, L50, M|\n|poke|p2|Flutter Mane, L50|\n|poke|p2|Chi-Yu, L50|\n|poke|p2|Ting-Lu, L50|\n|teampreview|4\n|inactive|Battle timer is ON: inactive players will automatically lose when time's up. (requested by mence x vgc)\n|inactive|80u844z also wants the timer to be on.\n|inactive|mence x vgc has 60 seconds left.\n|inactive|mence x vgc has 30 seconds left.\n|inactive|mence x vgc has 20 seconds left.\n|inactive|mence x vgc has 15 seconds left.\n|inactive|mence x vgc has 10 seconds left.\n|inactive|mence x vgc has 5 seconds left.\n|\n|t:|1682872688\n|start\n|switch|p1a: Flutter Mane|Flutter Mane, L50|100\/100\n|switch|p1b: Gholdengo|Gholdengo, L50|100\/100\n|switch|p2a: Flutter Mane|Flutter Mane, L50, shiny|100\/100\n|switch|p2b: Ting-Lu|Ting-Lu, L50|100\/100\n|-ability|p2b: Ting-Lu|Vessel of Ruin\n|-enditem|p2a: Flutter Mane|Booster Energy\n|-activate|p2a: Flutter Mane|ability: Protosynthesis|[fromitem]\n|-start|p2a: Flutter Mane|protosynthesisspa\n|turn|1\n|inactive|80u844z has 30 seconds left.\n|inactive|mence x vgc has 30 seconds left.\n|inactive|80u844z has 20 seconds left.\n|inactive|80u844z has 15 seconds left.\n|inactive|mence x vgc has 20 seconds left.\n|inactive|80u844z has 10 seconds left.\n|\n|t:|1682872734\n|-terastallize|p1b: Gholdengo|Steel\n|-terastallize|p2b: Ting-Lu|Water\n|move|p1a: Flutter Mane|Protect|p1a: Flutter Mane\n|-singleturn|p1a: Flutter Mane|Protect\n|move|p2a: Flutter Mane|Protect|p2a: Flutter Mane\n|-singleturn|p2a: Flutter Mane|Protect\n|move|p1b: Gholdengo|Make It Rain|p2a: Flutter Mane|[spread] p2b\n|-activate|p2a: Flutter Mane|move: Protect\n|-resisted|p2b: Ting-Lu\n|-damage|p2b: Ting-Lu|91\/100\n|-unboost|p1b: Gholdengo|spa|1\n|move|p2b: Ting-Lu|Stomping Tantrum|p1b: Gholdengo\n|-supereffective|p1b: Gholdengo\n|-damage|p1b: Gholdengo|33\/100\n|\n|upkeep\n|turn|2\n|inactive|mence x vgc has 30 seconds left.\n|inactive|mence x vgc has 20 seconds left.\n|inactive|mence x vgc has 15 seconds left.\n|inactive|mence x vgc has 10 seconds left.\n|\n|t:|1682872783\n|-end|p2a: Flutter Mane|Protosynthesis|[silent]\n|switch|p2a: Amoonguss|Amoonguss, L50, F, shiny|100\/100\n|move|p1b: Gholdengo|Make It Rain|p2a: Amoonguss|[spread] p2a,p2b\n|-resisted|p2b: Ting-Lu\n|-damage|p2a: Amoonguss|72\/100\n|-damage|p2b: Ting-Lu|85\/100\n|-unboost|p1b: Gholdengo|spa|1\n|move|p1a: Flutter Mane|Shadow Ball|p2a: Amoonguss\n|-damage|p2a: Amoonguss|43\/100\n|-enditem|p2a: Amoonguss|Sitrus Berry|[eat]\n|-heal|p2a: Amoonguss|68\/100|[from] item: Sitrus Berry\n|move|p2b: Ting-Lu|Heavy Slam|p1a: Flutter Mane\n|-supereffective|p1a: Flutter Mane\n|-enditem|p1a: Flutter Mane|Focus Sash\n|-damage|p1a: Flutter Mane|1\/100\n|\n|upkeep\n|turn|3\n|inactive|mence x vgc has 30 seconds left.\n|inactive|mence x vgc has 20 seconds left.\n|inactive|mence x vgc has 15 seconds left.\n|inactive|mence x vgc has 10 seconds left.\n|inactive|mence x vgc has 5 seconds left.\n|\n|t:|1682872834\n|switch|p1b: Gothitelle|Gothitelle, L50, M, shiny|100\/100\n|move|p1a: Flutter Mane|Perish Song|p1a: Flutter Mane\n|-start|p1a: Flutter Mane|perish3|[silent]\n|-start|p1b: Gothitelle|perish3|[silent]\n|-start|p2a: Amoonguss|perish3|[silent]\n|-start|p2b: Ting-Lu|perish3|[silent]\n|-fieldactivate|move: Perish Song\n|move|p2b: Ting-Lu|Heavy Slam|p1a: Flutter Mane\n|-supereffective|p1a: Flutter Mane\n|-damage|p1a: Flutter Mane|0 fnt\n|faint|p1a: Flutter Mane\n|-end|p1a: Flutter Mane|Protosynthesis|[silent]\n|move|p2a: Amoonguss|Spore|p1b: Gothitelle\n|-status|p1b: Gothitelle|slp|[from] move: Spore\n|\n|-start|p2b: Ting-Lu|perish3\n|-start|p1b: Gothitelle|perish3\n|-start|p2a: Amoonguss|perish3\n|upkeep\n|\n|t:|1682872844\n|switch|p1a: Arcanine|Arcanine, L50, M, shiny|100\/100\n|-ability|p1a: Arcanine|Intimidate|boost\n|-unboost|p2a: Amoonguss|atk|1\n|-unboost|p2b: Ting-Lu|atk|1\n|turn|4\n|\n|t:|1682872866\n|cant|p1b: Gothitelle|slp\n|move|p1a: Arcanine|Will-O-Wisp|p2b: Ting-Lu\n|-status|p2b: Ting-Lu|brn\n|move|p2b: Ting-Lu|Ruination|p1b: Gothitelle\n|-damage|p1b: Gothitelle|51\/100 slp\n|move|p2a: Amoonguss|Pollen Puff|p1b: Gothitelle\n|-supereffective|p1b: Gothitelle\n|-damage|p1b: Gothitelle|30\/100 slp\n|-enditem|p1b: Gothitelle|Sitrus Berry|[eat]\n|-heal|p1b: Gothitelle|55\/100 slp|[from] item: Sitrus Berry\n|\n|-damage|p2b: Ting-Lu|79\/100 brn|[from] brn\n|-start|p2b: Ting-Lu|perish2\n|-start|p1b: Gothitelle|perish2\n|-start|p2a: Amoonguss|perish2\n|upkeep\n|turn|5\n|inactive|mence x vgc has 30 seconds left.\n|\n|t:|1682872895\n|cant|p1b: Gothitelle|slp\n|move|p1a: Arcanine|Flare Blitz|p2a: Amoonguss\n|-supereffective|p2a: Amoonguss\n|-damage|p2a: Amoonguss|5\/100\n|-damage|p1a: Arcanine|77\/100|[from] Recoil\n|move|p2b: Ting-Lu|Ruination|p1b: Gothitelle\n|-damage|p1b: Gothitelle|28\/100 slp\n|move|p2a: Amoonguss|Pollen Puff|p1b: Gothitelle\n|-supereffective|p1b: Gothitelle\n|-damage|p1b: Gothitelle|9\/100 slp\n|\n|-damage|p2b: Ting-Lu|73\/100 brn|[from] brn\n|-start|p2b: Ting-Lu|perish1\n|-start|p1b: Gothitelle|perish1\n|-start|p2a: Amoonguss|perish1\n|upkeep\n|turn|6\n|inactive|mence x vgc has 30 seconds left.\n|\n|t:|1682872926\n|switch|p1b: Gholdengo|Gholdengo, L50, tera:Steel|33\/100\n|move|p1a: Arcanine|Snarl|p2a: Amoonguss|[spread] p2b\n|-miss|p1a: Arcanine|p2a: Amoonguss\n|-damage|p2b: Ting-Lu|69\/100 brn\n|-unboost|p2b: Ting-Lu|spa|1\n|move|p2b: Ting-Lu|Ruination|p1a: Arcanine\n|-damage|p1a: Arcanine|39\/100\n|move|p2a: Amoonguss|Spore|p1b: Gholdengo\n|-immune|p1b: Gholdengo|[from] ability: Good as Gold\n|\n|-damage|p2b: Ting-Lu|63\/100 brn|[from] brn\n|-start|p2b: Ting-Lu|perish0\n|-start|p2a: Amoonguss|perish0\n|upkeep\n|faint|p2b: Ting-Lu\n|faint|p2a: Amoonguss\n|\n|t:|1682872942\n|switch|p2b: Baxcalibur|Baxcalibur, L50, M|100\/100\n|switch|p2a: Flutter Mane|Flutter Mane, L50, shiny|100\/100\n|turn|7\n|\n|t:|1682872956\n|move|p1a: Arcanine|Protect|p1a: Arcanine\n|-singleturn|p1a: Arcanine|Protect\n|move|p1b: Gholdengo|Make It Rain|p2a: Flutter Mane|[spread] p2a,p2b\n|-supereffective|p2a: Flutter Mane\n|-supereffective|p2b: Baxcalibur\n|-damage|p2a: Flutter Mane|0 fnt\n|-damage|p2b: Baxcalibur|0 fnt\n|-unboost|p1b: Gholdengo|spa|1\n|faint|p2a: Flutter Mane\n|-end|p2a: Flutter Mane|Protosynthesis|[silent]\n|faint|p2b: Baxcalibur\n|\n|win|80u844z\n|raw|80u844z's rating: 1343 → 1366<\/strong> (+23 for winning)\n|raw|mence x vgc's rating: 1392 → 1369<\/strong> (-23 for losing)\n|l|\u260680u844z\n","uploadtime":1682872971,"views":10,"p1id":"80u844z","p2id":"mencexvgc","formatid":"gen9vgc2023regulationc","rating":1366,"private":0,"password":""}