{"id":"gen9vgc2023regulationc-1854315604","p1":"Broskander","p2":"miopadresuneo","format":"[Gen 9] VGC 2023 Regulation C","log":"|j|\u2606Broskander\n|j|\u2606miopadresuneo\n|t:|1682796097\n|gametype|doubles\n|player|p1|Broskander|1|1213\n|player|p2|miopadresuneo|pokemaniac|1137\n|teamsize|p1|6\n|teamsize|p2|6\n|gen|9\n|tier|[Gen 9] VGC 2023 Regulation C\n|rated|\n|rule|Species Clause: Limit one of each Pok\u00e9mon\n|rule|Item Clause: Limit one of each item\n|clearpoke\n|poke|p1|Amoonguss, L50, M|\n|poke|p1|Palafin, L50, M|\n|poke|p1|Ting-Lu, L50|\n|poke|p1|Arcanine, L50, M|\n|poke|p1|Grimmsnarl, L50, M|\n|poke|p1|Annihilape, L50, F|\n|poke|p2|Ting-Lu, L50|\n|poke|p2|Gyarados, L50, M|\n|poke|p2|Orthworm, L50, M|\n|poke|p2|Flutter Mane, L50|\n|poke|p2|Chien-Pao, L50|\n|poke|p2|Dragonite, L50, M|\n|teampreview|4\n|inactive|Battle timer is ON: inactive players will automatically lose when time's up. (requested by Broskander)\nmiopadresuneo has agreed to open team sheets.\nBroskander has agreed to open team sheets.\n|inactive|miopadresuneo has 60 seconds left.\n|inactive|miopadresuneo has 30 seconds left.\n|\n|t:|1682796190\n|start\n|switch|p1a: Grimmsnarl|Grimmsnarl, L50, M|100\/100\n|switch|p1b: Palafin|Palafin, L50, M|100\/100\n|switch|p2a: Ting-Lu|Ting-Lu, L50|100\/100\n|switch|p2b: Orthworm|Orthworm, L50, M|100\/100\n|-ability|p2a: Ting-Lu|Vessel of Ruin\n|turn|1\n|inactive|Broskander has 30 seconds left.\n|inactive|Broskander has 20 seconds left.\n|\n|t:|1682796230\n|detailschange|p1b: Palafin|Palafin-Hero, L50, M\n|switch|p1b: Arcanine|Arcanine, L50, M|100\/100\n|-ability|p1b: Arcanine|Intimidate|boost\n|-unboost|p2a: Ting-Lu|atk|1\n|-unboost|p2b: Orthworm|atk|1\n|move|p1a: Grimmsnarl|Thunder Wave|p2b: Orthworm\n|-status|p2b: Orthworm|par\n|move|p2a: Ting-Lu|Earthquake|p1b: Arcanine|[spread] p1a,p1b\n|-immune|p2b: Orthworm|[from] ability: Earth Eater\n|-supereffective|p1b: Arcanine\n|-damage|p1a: Grimmsnarl|66\/100\n|-damage|p1b: Arcanine|31\/100\n|cant|p2b: Orthworm|par\n|\n|upkeep\n|turn|2\n|\n|t:|1682796250\n|switch|p1a: Annihilape|Annihilape, L50, F|100\/100\n|move|p1b: Arcanine|Will-O-Wisp|p2a: Ting-Lu\n|-status|p2a: Ting-Lu|brn\n|move|p2a: Ting-Lu|Earthquake|p1b: Arcanine|[spread] p1a,p1b\n|-immune|p2b: Orthworm|[from] ability: Earth Eater\n|-supereffective|p1b: Arcanine\n|-damage|p1a: Annihilape|84\/100\n|-damage|p1b: Arcanine|0 fnt\n|faint|p1b: Arcanine\n|move|p2b: Orthworm|Iron Defense|p2b: Orthworm\n|-boost|p2b: Orthworm|def|2\n|\n|-damage|p2a: Ting-Lu|94\/100 brn|[from] brn\n|upkeep\n|\n|t:|1682796266\n|switch|p1b: Palafin|Palafin-Hero, L50, M|100\/100\n|-activate|p1b: Palafin|ability: Zero to Hero\n|turn|3\n|inactive|miopadresuneo has 30 seconds left.\n|\n|t:|1682796297\n|move|p1a: Annihilape|Drain Punch|p2a: Ting-Lu\n|-supereffective|p2a: Ting-Lu\n|-damage|p2a: Ting-Lu|48\/100 brn\n|-heal|p1a: Annihilape|100\/100|[from] drain|[of] p2a: Ting-Lu\n|move|p1b: Palafin|Haze|p1b: Palafin\n|-clearallboost\n|move|p2a: Ting-Lu|Earthquake|p1b: Palafin|[spread] p1a,p1b\n|-immune|p2b: Orthworm|[from] ability: Earth Eater\n|-damage|p1a: Annihilape|75\/100\n|-damage|p1b: Palafin|77\/100\n|cant|p2b: Orthworm|par\n|\n|-damage|p2a: Ting-Lu|42\/100 brn|[from] brn\n|upkeep\n|turn|4\n|\n|t:|1682796317\n|move|p1a: Annihilape|Bulk Up|p1a: Annihilape\n|-boost|p1a: Annihilape|atk|1\n|-boost|p1a: Annihilape|def|1\n|move|p1b: Palafin|Wave Crash|p2a: Ting-Lu\n|-supereffective|p2a: Ting-Lu\n|-damage|p2a: Ting-Lu|0 fnt\n|faint|p2a: Ting-Lu\n|-damage|p1b: Palafin|61\/100|[from] Recoil\n|move|p2b: Orthworm|Shed Tail|p2b: Orthworm\n|-start|p2b: Orthworm|Substitute|[from] move: Shed Tail\n|-damage|p2b: Orthworm|50\/100 par\n|-enditem|p2b: Orthworm|Sitrus Berry|[eat]\n|-heal|p2b: Orthworm|75\/100 par|[from] item: Sitrus Berry\n|\n|t:|1682796326\n|switch|p2b: Flutter Mane|Flutter Mane, L50|100\/100|[from] Shed Tail\n|\n|upkeep\n|\n|t:|1682796329\n|switch|p2a: Orthworm|Orthworm, L50, M|75\/100 par\n|turn|5\n|inactive|miopadresuneo has 30 seconds left.\n|\n|t:|1682796363\n|-terastallize|p2b: Flutter Mane|Fairy\n|-terastallize|p1a: Annihilape|Fire\n|move|p1b: Palafin|Jet Punch|p2b: Flutter Mane\n|-end|p2b: Flutter Mane|Substitute\n|move|p2b: Flutter Mane|Moonblast|p1a: Annihilape\n|-resisted|p1a: Annihilape\n|-damage|p1a: Annihilape|37\/100\n|-unboost|p1a: Annihilape|spa|1\n|-ability|p1a: Annihilape|Defiant|boost\n|-boost|p1a: Annihilape|atk|2\n|move|p1a: Annihilape|Rage Fist|p2b: Flutter Mane\n|-damage|p2b: Flutter Mane|0 fnt\n|faint|p2b: Flutter Mane\n|-end|p2b: Flutter Mane|Protosynthesis|[silent]\n|move|p2a: Orthworm|Iron Defense|p2a: Orthworm\n|-boost|p2a: Orthworm|def|2\n|\n|upkeep\n|\n|t:|1682796375\n|switch|p2b: Gyarados|Gyarados, L50, M, shiny|100\/100\n|-ability|p2b: Gyarados|Intimidate|boost\n|-unboost|p1a: Annihilape|atk|1\n|-ability|p1a: Annihilape|Defiant|boost\n|-boost|p1a: Annihilape|atk|2\n|-unboost|p1b: Palafin|atk|1\n|turn|6\n|inactive|Broskander has 30 seconds left.\n|\n|t:|1682796407\n|switch|p1b: Grimmsnarl|Grimmsnarl, L50, M|66\/100\n|move|p1a: Annihilape|Drain Punch|p2a: Orthworm\n|-supereffective|p2a: Orthworm\n|-damage|p2a: Orthworm|9\/100 par\n|-heal|p1a: Annihilape|63\/100|[from] drain|[of] p2a: Orthworm\n|move|p2b: Gyarados|Waterfall|p1a: Annihilape\n|-supereffective|p1a: Annihilape\n|-damage|p1a: Annihilape|20\/100\n|move|p2a: Orthworm|Body Press|p1a: Annihilape\n|-damage|p1a: Annihilape|0 fnt\n|faint|p1a: Annihilape\n|\n|upkeep\n|\n|t:|1682796422\n|switch|p1a: Palafin|Palafin-Hero, L50, M|61\/100\n|turn|7\n|\n|t:|1682796434\n|move|p1a: Palafin|Jet Punch|p2a: Orthworm\n|-damage|p2a: Orthworm|0 fnt\n|faint|p2a: Orthworm\n|move|p1b: Grimmsnarl|Thunder Wave|p2b: Gyarados\n|-status|p2b: Gyarados|par\n|move|p2b: Gyarados|Bulldoze|p1a: Palafin|[spread] p1a,p1b\n|-damage|p1a: Palafin|51\/100\n|-damage|p1b: Grimmsnarl|52\/100\n|-unboost|p1a: Palafin|spe|1\n|-unboost|p1b: Grimmsnarl|spe|1\n|\n|upkeep\n|turn|8\n|\n|t:|1682796449\n|move|p1b: Grimmsnarl|Reflect|p1b: Grimmsnarl\n|-sidestart|p1: Broskander|Reflect\n|move|p1a: Palafin|Haze|p1a: Palafin\n|-clearallboost\n|move|p2b: Gyarados|Thunder Wave|p1a: Palafin\n|-status|p1a: Palafin|par\n|\n|upkeep\n|turn|9\n|\n|t:|1682796460\n|move|p1a: Palafin|Jet Punch|p2b: Gyarados\n|-resisted|p2b: Gyarados\n|-damage|p2b: Gyarados|77\/100 par\n|move|p1b: Grimmsnarl|Spirit Break|p2b: Gyarados\n|-damage|p2b: Gyarados|48\/100 par\n|-unboost|p2b: Gyarados|spa|1\n|cant|p2b: Gyarados|par\n|\n|upkeep\n|turn|10\n|\n|t:|1682796472\n|move|p1b: Grimmsnarl|Spirit Break|p2b: Gyarados\n|-damage|p2b: Gyarados|19\/100 par\n|-unboost|p2b: Gyarados|spa|1\n|move|p1a: Palafin|Wave Crash|p2b: Gyarados\n|-resisted|p2b: Gyarados\n|-damage|p2b: Gyarados|0 fnt\n|faint|p2b: Gyarados\n|-damage|p1a: Palafin|44\/100 par|[from] Recoil\n|\n|win|Broskander\n|raw|Broskander's rating: 1213 → 1233<\/strong> (+20 for winning)\n|raw|miopadresuneo's rating: 1137 → 1117<\/strong> (-20 for losing)\n|l|\u2606miopadresuneo\n|c|\u2606Broskander|Gg wp\n|l|\u2606Broskander\n|j|\u2606Broskander\n|player|p1|Broskander|1\n","uploadtime":1682796680,"views":13,"p1id":"broskander","p2id":"miopadresuneo","formatid":"gen9vgc2023regulationc","rating":1117,"private":0,"password":""}