{"id":"gen9vgc2023regulationc-1858342134","p1":"Mikeypipebomb","p2":"zefiro9999","format":"[Gen 9] VGC 2023 Regulation C","log":"|j|\u2606Mikeypipebomb\n|j|\u2606zefiro9999\n|t:|1683303631\n|gametype|doubles\n|player|p1|Mikeypipebomb|n|1454\n|player|p2|zefiro9999|n|1413\n|teamsize|p1|6\n|teamsize|p2|6\n|gen|9\n|tier|[Gen 9] VGC 2023 Regulation C\n|rated|\n|rule|Species Clause: Limit one of each Pok\u00e9mon\n|rule|Item Clause: Limit one of each item\n|clearpoke\n|poke|p1|Dondozo, L50, M|\n|poke|p1|Tatsugiri-Droopy, L50, F|\n|poke|p1|Glimmora, L50, M|\n|poke|p1|Chi-Yu, L50|\n|poke|p1|Flutter Mane, L50|\n|poke|p1|Dragonite, L50, M|\n|poke|p2|Arcanine, L50, M|\n|poke|p2|Palafin, L50, F|\n|poke|p2|Annihilape, L50, M|\n|poke|p2|Amoonguss, L50, M|\n|poke|p2|Iron Valiant, L50|\n|poke|p2|Chien-Pao, L50|\n|teampreview|4\n|inactive|Battle timer is ON: inactive players will automatically lose when time's up. (requested by zefiro9999)\n|\n|t:|1683303654\n|start\n|switch|p1a: Glimmora|Glimmora, L50, M|100\/100\n|switch|p1b: Dondozo|Dondozo, L50, M|100\/100\n|switch|p2a: Palafin|Palafin, L50, F|100\/100\n|switch|p2b: Annihilape|Annihilape, L50, M|100\/100\n|turn|1\n|\n|t:|1683303666\n|-terastallize|p2b: Annihilape|Grass\n|move|p1b: Dondozo|Protect|p1b: Dondozo\n|-singleturn|p1b: Dondozo|Protect\n|move|p2a: Palafin|Flip Turn|p1a: Glimmora\n|-supereffective|p1a: Glimmora\n|-damage|p1a: Glimmora|54\/100\n|-activate|p1a: Glimmora|ability: Toxic Debris\n|-sidestart|p2: zefiro9999|move: Toxic Spikes\n|\n|t:|1683303676\n|detailschange|p2a: Palafin|Palafin-Hero, L50, F\n|switch|p2a: Amoonguss|Amoonguss, L50, M|100\/100|[from] Flip Turn\n|-sideend|p2: zefiro9999|move: Toxic Spikes|[of] p2a: Amoonguss\n|move|p2b: Annihilape|Bulk Up|p2b: Annihilape\n|-boost|p2b: Annihilape|atk|1\n|-boost|p2b: Annihilape|def|1\n|move|p1a: Glimmora|Mortal Spin|p2a: Amoonguss|[spread] p2a,p2b\n|-supereffective|p2b: Annihilape\n|-damage|p2a: Amoonguss|96\/100\n|-damage|p2b: Annihilape|94\/100\n|-status|p2b: Annihilape|psn\n|-enditem|p2b: Annihilape|Lum Berry|[eat]\n|-curestatus|p2b: Annihilape|psn|[msg]\n|-damage|p1a: Glimmora|38\/100|[from] item: Rocky Helmet|[of] p2a: Amoonguss\n|\n|upkeep\n|turn|2\n|\n|t:|1683303700\n|-terastallize|p1b: Dondozo|Grass\n|move|p2b: Annihilape|Bulk Up|p2b: Annihilape\n|-boost|p2b: Annihilape|atk|1\n|-boost|p2b: Annihilape|def|1\n|move|p1a: Glimmora|Power Gem|p2a: Amoonguss\n|-damage|p2a: Amoonguss|67\/100\n|move|p1b: Dondozo|Yawn|p2a: Amoonguss\n|-start|p2a: Amoonguss|move: Yawn|[of] p1b: Dondozo\n|move|p2a: Amoonguss|Spore|p1b: Dondozo\n|-immune|p1b: Dondozo\n|\n|upkeep\n|turn|3\n|inactive|zefiro9999 has 30 seconds left.\n|\n|t:|1683303727\n|switch|p2a: Palafin|Palafin-Hero, L50, F|100\/100\n|-activate|p2a: Palafin|ability: Zero to Hero\n|move|p1b: Dondozo|Protect|p1b: Dondozo\n|-singleturn|p1b: Dondozo|Protect\n|move|p2b: Annihilape|Rage Fist|p1b: Dondozo\n|-activate|p1b: Dondozo|move: Protect\n|move|p1a: Glimmora|Mortal Spin|p2b: Annihilape|[spread] p2a,p2b\n|-supereffective|p2b: Annihilape\n|-damage|p2a: Palafin|95\/100\n|-damage|p2b: Annihilape|88\/100\n|-status|p2a: Palafin|psn\n|-status|p2b: Annihilape|psn\n|\n|-damage|p2a: Palafin|83\/100 psn|[from] psn\n|-damage|p2b: Annihilape|75\/100 psn|[from] psn\n|upkeep\n|turn|4\n|inactive|Mikeypipebomb has 30 seconds left.\n|\n|t:|1683303755\n|move|p2a: Palafin|Flip Turn|p1a: Glimmora\n|-supereffective|p1a: Glimmora\n|-crit|p1a: Glimmora\n|-damage|p1a: Glimmora|0 fnt\n|-activate|p1a: Glimmora|ability: Toxic Debris\n|-sidestart|p2: zefiro9999|move: Toxic Spikes\n|faint|p1a: Glimmora\n|\n|t:|1683303762\n|switch|p2a: Amoonguss|Amoonguss, L50, M|99\/100|[from] Flip Turn\n|-sideend|p2: zefiro9999|move: Toxic Spikes|[of] p2a: Amoonguss\n|move|p2b: Annihilape|Rage Fist|p1b: Dondozo\n|-damage|p1b: Dondozo|61\/100\n|move|p1b: Dondozo|Body Press|p2b: Annihilape\n|-damage|p2b: Annihilape|43\/100 psn\n|\n|-damage|p2b: Annihilape|30\/100 psn|[from] psn\n|upkeep\n|\n|t:|1683303770\n|switch|p1a: Flutter Mane|Flutter Mane, L50|100\/100\n|-enditem|p1a: Flutter Mane|Booster Energy\n|-activate|p1a: Flutter Mane|ability: Protosynthesis|[fromitem]\n|-start|p1a: Flutter Mane|protosynthesisspe\n|turn|5\n|\n|t:|1683303792\n|move|p2b: Annihilape|Protect|p2b: Annihilape\n|-singleturn|p2b: Annihilape|Protect\n|move|p1a: Flutter Mane|Substitute|p1a: Flutter Mane\n|-start|p1a: Flutter Mane|Substitute\n|-damage|p1a: Flutter Mane|76\/100\n|move|p1b: Dondozo|Yawn|p2a: Amoonguss\n|-start|p2a: Amoonguss|move: Yawn|[of] p1b: Dondozo\n|move|p2a: Amoonguss|Spore||[still]\n|-fail|p2a: Amoonguss\n|\n|-damage|p2b: Annihilape|18\/100 psn|[from] psn\n|upkeep\n|turn|6\n|inactive|zefiro9999 has 30 seconds left.\n|\n|t:|1683303817\n|move|p1a: Flutter Mane|Hex|p2b: Annihilape\n|-damage|p2b: Annihilape|0 fnt\n|faint|p2b: Annihilape\n|move|p1b: Dondozo|Body Press|p2a: Amoonguss\n|-resisted|p2a: Amoonguss\n|-damage|p2a: Amoonguss|87\/100\n|-damage|p1b: Dondozo|45\/100|[from] item: Rocky Helmet|[of] p2a: Amoonguss\n|-enditem|p1b: Dondozo|Sitrus Berry|[eat]\n|-heal|p1b: Dondozo|69\/100|[from] item: Sitrus Berry\n|move|p2a: Amoonguss|Spore||[still]\n|-fail|p2a: Amoonguss\n|\n|-end|p2a: Amoonguss|move: Yawn|[silent]\n|-status|p2a: Amoonguss|slp\n|upkeep\n|\n|t:|1683303831\n|switch|p2b: Palafin|Palafin-Hero, L50, F|83\/100 psn\n|turn|7\n|\n|t:|1683303838\n|switch|p1b: Tatsugiri|Tatsugiri-Droopy, L50, F|100\/100\n|move|p1a: Flutter Mane|Hex|p2b: Palafin\n|-damage|p2b: Palafin|18\/100 psn\n|move|p2b: Palafin|Flip Turn|p1b: Tatsugiri\n|-activate|p1b: Tatsugiri|ability: Storm Drain\n|-ability|p1b: Tatsugiri|Storm Drain|boost\n|-boost|p1b: Tatsugiri|spa|1\n|cant|p2a: Amoonguss|slp\n|\n|-damage|p2b: Palafin|6\/100 psn|[from] psn\n|upkeep\n|turn|8\n|\n|t:|1683303854\n|switch|p2b: Chien-Pao|Chien-Pao, L50|100\/100\n|-ability|p2b: Chien-Pao|Sword of Ruin\n|move|p1a: Flutter Mane|Hex|p2a: Amoonguss\n|-damage|p2a: Amoonguss|28\/100 slp\n|move|p1b: Tatsugiri|Dragon Pulse|p2a: Amoonguss\n|-damage|p2a: Amoonguss|0 fnt\n|faint|p2a: Amoonguss\n|\n|upkeep\n|\n|t:|1683303864\n|switch|p2a: Palafin|Palafin-Hero, L50, F|6\/100 psn\n|turn|9\n|\n|t:|1683303881\n|move|p1a: Flutter Mane|Moonblast|p2b: Chien-Pao\n|-supereffective|p2b: Chien-Pao\n|-enditem|p2b: Chien-Pao|Focus Sash\n|-damage|p2b: Chien-Pao|1\/100\n|move|p2a: Palafin|Wave Crash|p1b: Tatsugiri\n|-activate|p1b: Tatsugiri|ability: Storm Drain\n|-ability|p1b: Tatsugiri|Storm Drain|boost\n|-boost|p1b: Tatsugiri|spa|1\n|move|p2b: Chien-Pao|Ice Spinner|p1a: Flutter Mane\n|-end|p1a: Flutter Mane|Substitute\n|move|p1b: Tatsugiri|Dragon Pulse|p2b: Chien-Pao\n|-damage|p2b: Chien-Pao|0 fnt\n|faint|p2b: Chien-Pao\n|\n|-damage|p2a: Palafin|0 fnt|[from] psn\n|faint|p2a: Palafin\n|\n|win|Mikeypipebomb\n|upkeep\n|raw|Mikeypipebomb's rating: 1454 → 1472<\/strong> (+18 for winning)\n|raw|zefiro9999's rating: 1413 → 1395<\/strong> (-18 for losing)\n|l|\u2606zefiro9999\n|c|\u2606Mikeypipebomb|gg\n","uploadtime":1683303898,"views":15,"p1id":"mikeypipebomb","p2id":"zefiro9999","formatid":"gen9vgc2023regulationc","rating":1395,"private":0,"password":""}