{"id":"gen9vgc2023regulationc-1856748542","p1":"reallove85tw","p2":"Bolta1","format":"[Gen 9] VGC 2023 Regulation C","log":"|j|\u2606reallove85tw\n|j|\u2606Bolta1\n|t:|1683105210\n|gametype|doubles\n|player|p1|reallove85tw|dawn-gen4pt|1130\n|player|p2|Bolta1|1|1139\n|teamsize|p1|6\n|teamsize|p2|6\n|gen|9\n|tier|[Gen 9] VGC 2023 Regulation C\n|rated|\n|rule|Species Clause: Limit one of each Pok\u00e9mon\n|rule|Item Clause: Limit one of each item\n|clearpoke\n|poke|p1|Lilligant, L50, F|\n|poke|p1|Torkoal, L50, F|\n|poke|p1|Flutter Mane, L50|\n|poke|p1|Chi-Yu, L50|\n|poke|p1|Great Tusk, L50|\n|poke|p1|Dragonite, L50, F|\n|poke|p2|Flutter Mane, L50|\n|poke|p2|Chi-Yu, L50|\n|poke|p2|Roaring Moon, L50|\n|poke|p2|Jumpluff, L50, F|\n|poke|p2|Wo-Chien, L50|\n|poke|p2|Torkoal, L50, M|\n|teampreview|4\nreallove85tw has agreed to open team sheets.\n|\n|t:|1683105258\n|start\n|switch|p1a: Lilligant|Lilligant, L50, F|100\/100\n|switch|p1b: Torkoal|Torkoal, L50, F|100\/100\n|switch|p2a: Jumpluff|Jumpluff, L50, F|100\/100\n|switch|p2b: Torkoal|Torkoal, L50, M|100\/100\n|-weather|SunnyDay|[from] ability: Drought|[of] p2b: Torkoal\n|turn|1\n|\n|t:|1683105282\n|move|p2a: Jumpluff|Sleep Powder|p1b: Torkoal\n|-status|p1b: Torkoal|slp|[from] move: Sleep Powder\n|move|p1a: Lilligant|Sleep Powder|p2b: Torkoal|[miss]\n|-miss|p1a: Lilligant|p2b: Torkoal\n|move|p2b: Torkoal|Heat Wave|p1a: Lilligant|[spread] p1a,p1b\n|-supereffective|p1a: Lilligant\n|-resisted|p1b: Torkoal\n|-damage|p1a: Lilligant|0 fnt\n|-damage|p1b: Torkoal|52\/100 slp\n|faint|p1a: Lilligant\n|cant|p1b: Torkoal|slp\n|\n|-weather|SunnyDay|[upkeep]\n|upkeep\n|\n|t:|1683105310\n|switch|p1a: Flutter Mane|Flutter Mane, L50|100\/100\n|-activate|p1a: Flutter Mane|ability: Protosynthesis\n|-start|p1a: Flutter Mane|protosynthesisspa\n|turn|2\n|\n|t:|1683105333\n|-terastallize|p2b: Torkoal|Fire\n|move|p2a: Jumpluff|Sleep Powder|p1a: Flutter Mane\n|-status|p1a: Flutter Mane|slp|[from] move: Sleep Powder\n|cant|p1a: Flutter Mane|slp\n|move|p2b: Torkoal|Heat Wave|p1a: Flutter Mane|[spread] p1a,p1b\n|-resisted|p1b: Torkoal\n|-damage|p1a: Flutter Mane|25\/100 slp\n|-damage|p1b: Torkoal|0 fnt\n|faint|p1b: Torkoal\n|\n|-weather|SunnyDay|[upkeep]\n|upkeep\n|\n|t:|1683105342\n|switch|p1b: Chi-Yu|Chi-Yu, L50|100\/100\n|-ability|p1b: Chi-Yu|Beads of Ruin\n|turn|3\n|\n|t:|1683105351\n|move|p2a: Jumpluff|Sleep Powder|p1b: Chi-Yu\n|-status|p1b: Chi-Yu|slp|[from] move: Sleep Powder\n|cant|p1b: Chi-Yu|slp\n|-curestatus|p1a: Flutter Mane|slp|[msg]\n|move|p1a: Flutter Mane|Shadow Ball|p2a: Jumpluff\n|-damage|p2a: Jumpluff|27\/100\n|move|p2b: Torkoal|Heat Wave|p1b: Chi-Yu|[spread] p1a,p1b\n|-resisted|p1b: Chi-Yu\n|-damage|p1a: Flutter Mane|0 fnt\n|-damage|p1b: Chi-Yu|50\/100 slp\n|faint|p1a: Flutter Mane\n|-end|p1a: Flutter Mane|Protosynthesis|[silent]\n|\n|-weather|SunnyDay|[upkeep]\n|upkeep\n|turn|4\n|\n|t:|1683105369\n|switch|p2a: Roaring Moon|Roaring Moon, L50|100\/100\n|-activate|p2a: Roaring Moon|ability: Protosynthesis\n|-start|p2a: Roaring Moon|protosynthesisatk\n|-curestatus|p1b: Chi-Yu|slp|[msg]\n|move|p1b: Chi-Yu|Heat Wave|p2a: Roaring Moon|[spread] p2a,p2b\n|-resisted|p2a: Roaring Moon\n|-resisted|p2b: Torkoal\n|-damage|p2a: Roaring Moon|67\/100\n|-damage|p2b: Torkoal|51\/100\n|move|p2b: Torkoal|Heat Wave|p1b: Chi-Yu|[miss]\n|-miss|p2b: Torkoal|p1b: Chi-Yu\n|\n|-weather|SunnyDay|[upkeep]\n|upkeep\n|turn|5\n|\n|t:|1683105384\n|switch|p2b: Jumpluff|Jumpluff, L50, F|27\/100\n|-terastallize|p1b: Chi-Yu|Ghost\n|move|p1b: Chi-Yu|Heat Wave|p2a: Roaring Moon|[spread] p2a,p2b\n|-resisted|p2a: Roaring Moon\n|-supereffective|p2b: Jumpluff\n|-damage|p2a: Roaring Moon|33\/100\n|-damage|p2b: Jumpluff|0 fnt\n|faint|p2b: Jumpluff\n|move|p2a: Roaring Moon|Earthquake|p1b: Chi-Yu\n|-damage|p1b: Chi-Yu|0 fnt\n|faint|p1b: Chi-Yu\n|\n|win|Bolta1\n|raw|reallove85tw's rating: 1130 → 1106<\/strong> (-24 for losing)\n|raw|Bolta1's rating: 1139 → 1163<\/strong> (+24 for winning)\n","uploadtime":1683105396,"views":26,"p1id":"reallove85tw","p2id":"bolta1","formatid":"gen9vgc2023regulationc","rating":1106,"private":0,"password":""}