{"id":"gen9vgc2023regulationc-1862384182","p1":"biribirijyuu","p2":"Ijustwantagarchomp","format":"[Gen 9] VGC 2023 Regulation C","log":"|j|\u2606biribirijyuu\n|j|\u2606Ijustwantagarchomp\n|t:|1683877018\n|gametype|doubles\n|player|p1|biribirijyuu|1|1180\n|player|p2|Ijustwantagarchomp|101|1275\n|teamsize|p1|6\n|teamsize|p2|6\n|gen|9\n|tier|[Gen 9] VGC 2023 Regulation C\n|rated|\n|rule|Species Clause: Limit one of each Pok\u00e9mon\n|rule|Item Clause: Limit one of each item\n|clearpoke\n|poke|p1|Flutter Mane, L50|\n|poke|p1|Lycanroc, L50, M|\n|poke|p1|Tyranitar, L50, M|\n|poke|p1|Wo-Chien, L50|\n|poke|p1|Goodra, L50, M|\n|poke|p1|Corviknight, L50, M|\n|poke|p2|Chien-Pao, L50|\n|poke|p2|Scizor, L50, M|\n|poke|p2|Azumarill, L50, F|\n|poke|p2|Iron Hands, L50|\n|poke|p2|Flutter Mane, L50|\n|poke|p2|Chi-Yu, L50|\n|teampreview|4\n|\n|t:|1683877076\n|start\n|switch|p1a: Lycanroc|Lycanroc, L50, M|100\/100\n|switch|p1b: Tyranitar|Tyranitar, L50, M|100\/100\n|switch|p2a: Diego|Chien-Pao, L50|100\/100\n|switch|p2b: One Punch Man|Scizor, L50, M|100\/100\n|-ability|p2a: Diego|Sword of Ruin\n|-weather|Sandstorm|[from] ability: Sand Stream|[of] p1b: Tyranitar\n|turn|1\n|inactive|Battle timer is ON: inactive players will automatically lose when time's up. (requested by biribirijyuu)\n|inactive|Ijustwantagarchomp has 60 seconds left.\n|inactive|biribirijyuu has 60 seconds left.\n|\n|t:|1683877122\n|move|p2b: One Punch Man|Bullet Punch|p1b: Tyranitar\n|-supereffective|p1b: Tyranitar\n|-damage|p1b: Tyranitar|0 fnt\n|faint|p1b: Tyranitar\n|move|p1a: Lycanroc|Rock Slide|p2a: Diego|[spread] p2a,p2b\n|-supereffective|p2a: Diego\n|-damage|p2a: Diego|18\/100\n|-damage|p2b: One Punch Man|65\/100\n|cant|p2a: Diego|flinch\n|\n|-weather|Sandstorm|[upkeep]\n|-damage|p2a: Diego|12\/100|[from] Sandstorm\n|upkeep\n|\n|t:|1683877141\n|switch|p1b: Wo-Chien|Wo-Chien, L50|100\/100\n|-ability|p1b: Wo-Chien|Tablets of Ruin\n|turn|2\n|inactive|biribirijyuu has 30 seconds left.\n|inactive|Ijustwantagarchomp has 30 seconds left.\n|\n|t:|1683877175\n|move|p2b: One Punch Man|Bullet Punch|p1b: Wo-Chien\n|-damage|p1b: Wo-Chien|53\/100\n|move|p1a: Lycanroc|Endeavor|p2b: One Punch Man\n|-immune|p2b: One Punch Man\n|move|p2a: Diego|Ice Spinner|p1b: Wo-Chien\n|-supereffective|p1b: Wo-Chien\n|-damage|p1b: Wo-Chien|0 fnt\n|faint|p1b: Wo-Chien\n|\n|-weather|Sandstorm|[upkeep]\n|-damage|p2a: Diego|6\/100|[from] Sandstorm\n|upkeep\n|\n|t:|1683877188\n|switch|p1b: Goodra|Goodra, L50, M|100\/100\n|turn|3\n|\n|t:|1683877207\n|move|p1b: Goodra|Protect|p1b: Goodra\n|-singleturn|p1b: Goodra|Protect\n|move|p2b: One Punch Man|Bullet Punch|p1b: Goodra\n|-activate|p1b: Goodra|move: Protect\n|move|p1a: Lycanroc|Close Combat|p2b: One Punch Man\n|-damage|p2b: One Punch Man|11\/100\n|-unboost|p1a: Lycanroc|def|1\n|-unboost|p1a: Lycanroc|spd|1\n|move|p2a: Diego|Ice Spinner|p1b: Goodra\n|-activate|p1b: Goodra|move: Protect\n|\n|-weather|Sandstorm|[upkeep]\n|-damage|p2a: Diego|0 fnt|[from] Sandstorm\n|-damage|p1b: Goodra|95\/100|[from] Sandstorm\n|faint|p2a: Diego\n|-heal|p1b: Goodra|100\/100|[from] item: Leftovers\n|upkeep\n|\n|t:|1683877226\n|switch|p2a: Zurg|Iron Hands, L50|100\/100\n|turn|4\n|\n|t:|1683877251\n|-terastallize|p1a: Lycanroc|Ghost\n|move|p2b: One Punch Man|Bullet Punch|p1a: Lycanroc\n|-enditem|p1a: Lycanroc|Focus Sash\n|-damage|p1a: Lycanroc|1\/100\n|move|p1a: Lycanroc|Rock Slide|p2a: Zurg|[spread] p2a,p2b\n|-resisted|p2a: Zurg\n|-damage|p2a: Zurg|92\/100\n|-damage|p2b: One Punch Man|0 fnt\n|faint|p2b: One Punch Man\n|move|p1b: Goodra|Acid Armor|p1b: Goodra\n|-boost|p1b: Goodra|def|2\n|move|p2a: Zurg|Swords Dance|p2a: Zurg\n|-boost|p2a: Zurg|atk|2\n|\n|-weather|Sandstorm|[upkeep]\n|-damage|p1b: Goodra|95\/100|[from] Sandstorm\n|-heal|p1b: Goodra|100\/100|[from] item: Leftovers\n|upkeep\n|\n|t:|1683877267\n|switch|p2b: The Snack|Chi-Yu, L50|100\/100\n|-ability|p2b: The Snack|Beads of Ruin\n|turn|5\n|\n|t:|1683877290\n|move|p1b: Goodra|Protect|p1b: Goodra\n|-singleturn|p1b: Goodra|Protect\n|move|p1a: Lycanroc|Endeavor|p2a: Zurg\n|-damage|p2a: Zurg|1\/100\n|move|p2b: The Snack|Heat Wave|p1b: Goodra|[spread] p1a\n|-activate|p1b: Goodra|move: Protect\n|-damage|p1a: Lycanroc|0 fnt\n|faint|p1a: Lycanroc\n|move|p2a: Zurg|Drain Punch|p1b: Goodra\n|-activate|p1b: Goodra|move: Protect\n|\n|-weather|none\n|upkeep\n|turn|6\n|inactive|Ijustwantagarchomp has 30 seconds left.\n|\n|t:|1683877316\n|move|p2b: The Snack|Dark Pulse|p1b: Goodra\n|-damage|p1b: Goodra|72\/100\n|cant|p1b: Goodra|flinch\n|move|p2a: Zurg|Drain Punch|p1b: Goodra\n|-damage|p1b: Goodra|26\/100\n|-heal|p2a: Zurg|19\/100|[from] drain|[of] p1b: Goodra\n|\n|-heal|p1b: Goodra|32\/100|[from] item: Leftovers\n|upkeep\n|turn|7\n|-message|biribirijyuu forfeited.\n|\n|win|Ijustwantagarchomp\n|raw|biribirijyuu's rating: 1180 → 1162<\/strong> (-18 for losing)\n|raw|Ijustwantagarchomp's rating: 1275 → 1293<\/strong> (+18 for winning)\n|l|\u2606biribirijyuu\n","uploadtime":1683877339,"views":10,"p1id":"biribirijyuu","p2id":"ijustwantagarchomp","formatid":"gen9vgc2023regulationc","rating":1162,"private":0,"password":""}