{"id":"gen9vgc2023regulationc-1845239184","p1":"Lovetomholland<3","p2":"Whatever0512","format":"[Gen 9] VGC 2023 Regulation C","log":"|j|\u2606Lovetomholland<3\n|j|\u2606Whatever0512\n|t:|1681700555\n|gametype|doubles\n|player|p1|Lovetomholland<3|iris|1097\n|player|p2|Whatever0512|266|1190\n|teamsize|p1|6\n|teamsize|p2|6\n|gen|9\n|tier|[Gen 9] VGC 2023 Regulation C\n|rated|\n|rule|Species Clause: Limit one of each Pok\u00e9mon\n|rule|Item Clause: Limit one of each item\n|clearpoke\n|poke|p1|Tandemaus, L50|\n|poke|p1|Ceruledge, L50, M|\n|poke|p1|Arboliva, L50, F|\n|poke|p1|Annihilape, L50, M|\n|poke|p1|Arcanine, L50, M|\n|poke|p1|Pachirisu, L50, F|\n|poke|p2|Talonflame, L50, F|\n|poke|p2|Flutter Mane, L50|\n|poke|p2|Tyranitar, L50, M|\n|poke|p2|Iron Bundle, L50|\n|poke|p2|Gothitelle, L50, F|\n|poke|p2|Great Tusk, L50|\n|teampreview|4\n|inactive|Battle timer is ON: inactive players will automatically lose when time's up. (requested by Lovetomholland<3)\n|\n|t:|1681700604\n|start\n|switch|p1a: Ceruledge|Ceruledge, L50, M|100\/100\n|switch|p1b: Pachirisu|Pachirisu, L50, F|100\/100\n|switch|p2a: Talonflame|Talonflame, L50, F|100\/100\n|switch|p2b: Great Tusk|Great Tusk, L50|100\/100\n|turn|1\n|inactive|Lovetomholland<3 has 30 seconds left.\n|inactive|Lovetomholland<3 has 20 seconds left.\n|inactive|Lovetomholland<3 has 15 seconds left.\n|inactive|Lovetomholland<3 has 10 seconds left.\n|\n|t:|1681700650\n|move|p1b: Pachirisu|Follow Me|p1b: Pachirisu\n|-singleturn|p1b: Pachirisu|move: Follow Me\n|move|p2a: Talonflame|Taunt|p1b: Pachirisu\n|-start|p1b: Pachirisu|move: Taunt\n|move|p1a: Ceruledge|Will-O-Wisp|p2b: Great Tusk\n|-status|p2b: Great Tusk|brn\n|move|p2b: Great Tusk|Earthquake|p1a: Ceruledge|[spread] p1a,p1b\n|-immune|p2a: Talonflame\n|-supereffective|p1a: Ceruledge\n|-supereffective|p1b: Pachirisu\n|-damage|p1a: Ceruledge|26\/100\n|-damage|p1b: Pachirisu|13\/100\n|-ability|p1a: Ceruledge|Weak Armor|boost\n|-unboost|p1a: Ceruledge|def|1\n|-boost|p1a: Ceruledge|spe|2\n|-enditem|p1a: Ceruledge|Weakness Policy\n|-boost|p1a: Ceruledge|atk|2|[from] item: Weakness Policy\n|-boost|p1a: Ceruledge|spa|2|[from] item: Weakness Policy\n|-damage|p2b: Great Tusk|91\/100 brn|[from] item: Life Orb\n|\n|-damage|p2b: Great Tusk|85\/100 brn|[from] brn\n|upkeep\n|turn|2\n|inactive|Lovetomholland<3 has 30 seconds left.\n|inactive|Whatever0512 has 30 seconds left.\n|inactive|Whatever0512 has 20 seconds left.\n|inactive|Whatever0512 has 15 seconds left.\n|inactive|Whatever0512 has 10 seconds left.\n|inactive|Whatever0512 has 5 seconds left.\n|\n|t:|1681700700\n|move|p2b: Great Tusk|Protect|p2b: Great Tusk\n|-singleturn|p2b: Great Tusk|Protect\n|move|p2a: Talonflame|Tailwind|p2a: Talonflame\n|-sidestart|p2: Whatever0512|move: Tailwind\n|move|p1a: Ceruledge|Bitter Blade|p2b: Great Tusk\n|-activate|p2b: Great Tusk|move: Protect\n|move|p1b: Pachirisu|Nuzzle|p2a: Talonflame\n|-supereffective|p2a: Talonflame\n|-damage|p2a: Talonflame|90\/100\n|-status|p2a: Talonflame|par\n|\n|-damage|p2b: Great Tusk|79\/100 brn|[from] brn\n|upkeep\n|turn|3\n|\n|t:|1681700723\n|move|p1a: Ceruledge|Bitter Blade|p2b: Great Tusk\n|-damage|p2b: Great Tusk|32\/100 brn\n|-heal|p1a: Ceruledge|55\/100|[from] drain|[of] p2b: Great Tusk\n|move|p2b: Great Tusk|Earthquake|p1b: Pachirisu|[spread] p1a,p1b\n|-immune|p2a: Talonflame\n|-supereffective|p1a: Ceruledge\n|-supereffective|p1b: Pachirisu\n|-crit|p1b: Pachirisu\n|-damage|p1a: Ceruledge|0 fnt\n|-damage|p1b: Pachirisu|0 fnt\n|faint|p1a: Ceruledge\n|faint|p1b: Pachirisu\n|-damage|p2b: Great Tusk|22\/100 brn|[from] item: Life Orb\n|move|p2a: Talonflame|Brave Bird|p1: Ceruledge|[notarget]\n|-fail|p2a: Talonflame\n|\n|-damage|p2b: Great Tusk|16\/100 brn|[from] brn\n|upkeep\n|\n|t:|1681700741\n|switch|p1b: Tandemaus|Tandemaus, L50|100\/100\n|switch|p1a: Arcanine|Arcanine, L50, M|100\/100\n|-ability|p1a: Arcanine|Intimidate|boost\n|-unboost|p2a: Talonflame|atk|1\n|-unboost|p2b: Great Tusk|atk|1\n|turn|4\n|inactive|Lovetomholland<3 has 30 seconds left.\n|\n|t:|1681700773\n|-end|p2b: Great Tusk|Protosynthesis|[silent]\n|switch|p2b: Flutter Mane|Flutter Mane, L50|100\/100\n|move|p1a: Arcanine|Extreme Speed|p2b: Flutter Mane\n|-immune|p2b: Flutter Mane\n|move|p2a: Talonflame|Taunt|p1a: Arcanine\n|-start|p1a: Arcanine|move: Taunt\n|move|p1b: Tandemaus|Charm|p2a: Talonflame\n|-unboost|p2a: Talonflame|atk|2\n|\n|upkeep\n|turn|5\n|inactive|Lovetomholland<3 has 30 seconds left.\n|inactive|Whatever0512 has 30 seconds left.\n|inactive|Lovetomholland<3 has 20 seconds left.\n|inactive|Whatever0512 has 20 seconds left.\n|inactive|Lovetomholland<3 has 15 seconds left.\n|inactive|Lovetomholland<3 has 10 seconds left.\n|\n|t:|1681700821\n|-terastallize|p2b: Flutter Mane|Water\n|-terastallize|p1a: Arcanine|Fire\n|move|p2b: Flutter Mane|Shadow Ball|p1a: Arcanine\n|-damage|p1a: Arcanine|32\/100\n|cant|p2a: Talonflame|par\n|move|p1a: Arcanine|Flare Blitz|p2b: Flutter Mane\n|-resisted|p2b: Flutter Mane\n|-damage|p2b: Flutter Mane|59\/100\n|-damage|p1a: Arcanine|22\/100|[from] Recoil\n|-enditem|p1a: Arcanine|Aguav Berry|[eat]\n|-heal|p1a: Arcanine|55\/100|[from] item: Aguav Berry\n|move|p1b: Tandemaus|Switcheroo|p2a: Talonflame\n|-activate|p1b: Tandemaus|move: Trick|[of] p2a: Talonflame\n|-enditem|p2a: Talonflame|Safety Goggles|[silent]|[from] move: Switcheroo\n|-item|p1b: Tandemaus|Safety Goggles|[from] move: Switcheroo\n|\n|-sideend|p2: Whatever0512|move: Tailwind\n|upkeep\n|turn|6\n|inactive|Lovetomholland<3 has 30 seconds left.\n|inactive|Whatever0512 has 30 seconds left.\n|inactive|Lovetomholland<3 has 20 seconds left.\n|inactive|Whatever0512 has 20 seconds left.\n|inactive|Whatever0512 has 15 seconds left.\n|\n|t:|1681700864\n|move|p1a: Arcanine|Extreme Speed|p2b: Flutter Mane\n|-damage|p2b: Flutter Mane|31\/100\n|move|p2b: Flutter Mane|Shadow Ball|p1a: Arcanine\n|-damage|p1a: Arcanine|0 fnt\n|faint|p1a: Arcanine\n|move|p1b: Tandemaus|Charm|p2a: Talonflame\n|-unboost|p2a: Talonflame|atk|2\n|move|p2a: Talonflame|Tailwind|p2a: Talonflame\n|-sidestart|p2: Whatever0512|move: Tailwind\n|\n|upkeep\n|turn|7\n|\n|t:|1681700879\n|-end|p2b: Flutter Mane|Protosynthesis|[silent]\n|switch|p2b: Tyranitar|Tyranitar, L50, M|100\/100\n|-weather|Sandstorm|[from] ability: Sand Stream|[of] p2b: Tyranitar\n|move|p2a: Talonflame|Will-O-Wisp|p1b: Tandemaus\n|-status|p1b: Tandemaus|brn\n|move|p1b: Tandemaus|Switcheroo|p2b: Tyranitar\n|-activate|p1b: Tandemaus|move: Trick|[of] p2b: Tyranitar\n|-item|p2b: Tyranitar|Safety Goggles|[from] move: Switcheroo\n|-item|p1b: Tandemaus|Assault Vest|[from] move: Switcheroo\n|\n|-weather|Sandstorm|[upkeep]\n|-damage|p2a: Talonflame|84\/100 par|[from] Sandstorm\n|-damage|p1b: Tandemaus|95\/100 brn|[from] Sandstorm\n|-damage|p1b: Tandemaus|89\/100 brn|[from] brn\n|upkeep\n|turn|8\n|c|\u2606Lovetomholland<3|Lol\n|c|\u2606Lovetomholland<3|Wait\n|c|\u2606Lovetomholland<3|Don't hit\n|inactive|Whatever0512 has 30 seconds left.\n|\n|t:|1681700911\n|move|p2b: Tyranitar|Heavy Slam|p1b: Tandemaus\n|-damage|p1b: Tandemaus|6\/100 brn\n|cant|p2a: Talonflame|par\n|-activate|p1b: Tandemaus|move: Struggle\n|move|p1b: Tandemaus|Struggle|p2b: Tyranitar\n|-damage|p2b: Tyranitar|98\/100\n|-damage|p1b: Tandemaus|0 fnt|[from] recoil\n|faint|p1b: Tandemaus\n|\n|win|Whatever0512\n|raw|Lovetomholland<3's rating: 1097 → 1079<\/strong> (-18 for losing)\n|raw|Whatever0512's rating: 1190 → 1208<\/strong> (+18 for winning)\n|c|\u2606Lovetomholland<3|Gg\n|l|\u2606Lovetomholland<3\n|c|\u2606Whatever0512|Gg\n","uploadtime":1681700943,"views":12,"p1id":"lovetomholland3","p2id":"whatever0512","formatid":"gen9vgc2023regulationc","rating":1079,"private":0,"password":""}