{"id":"gen9vgc2023regulationc-1857849159","p1":"ELFRAN132","p2":"johnnychiou36","format":"[Gen 9] VGC 2023 Regulation C","log":"|j|\u2606ELFRAN132\n|j|\u2606johnnychiou36\n|t:|1683238541\n|gametype|doubles\n|player|p1|ELFRAN132|169|1066\n|player|p2|johnnychiou36|cynthia|1173\n|teamsize|p1|6\n|teamsize|p2|6\n|gen|9\n|tier|[Gen 9] VGC 2023 Regulation C\n|rated|\n|rule|Species Clause: Limit one of each Pok\u00e9mon\n|rule|Item Clause: Limit one of each item\n|clearpoke\n|poke|p1|Iron Hands, L50|\n|poke|p1|Drifblim, L50, F|\n|poke|p1|Amoonguss, L50, F|\n|poke|p1|Flutter Mane, L50|\n|poke|p1|Tatsugiri, L50, M|\n|poke|p1|Arcanine, L50, F|\n|poke|p2|Tyranitar, L50, M|\n|poke|p2|Lycanroc, L50, M|\n|poke|p2|Indeedee-F, L50, F|\n|poke|p2|Armarouge, L50, M|\n|poke|p2|Flutter Mane, L50|\n|poke|p2|Chi-Yu, L50|\n|teampreview|4\n|\n|t:|1683238568\n|start\n|switch|p1a: Tatsugiri|Tatsugiri, L50, M|100\/100\n|switch|p1b: Drifblim|Drifblim, L50, F|100\/100\n|switch|p2a: Armarouge|Armarouge, L50, M, shiny|100\/100\n|switch|p2b: Indeedee|Indeedee-F, L50, F, shiny|100\/100\n|-fieldstart|move: Psychic Terrain|[from] ability: Psychic Surge|[of] p2b: Indeedee\n|turn|1\n|\n|t:|1683238597\n|move|p2b: Indeedee|Helping Hand|p2a: Armarouge\n|-singleturn|p2a: Armarouge|Helping Hand|[of] p2b: Indeedee\n|move|p1a: Tatsugiri|Taunt|p2b: Indeedee\n|-start|p2b: Indeedee|move: Taunt\n|move|p1b: Drifblim|Tailwind|p1b: Drifblim\n|-sidestart|p1: ELFRAN132|move: Tailwind\n|move|p2a: Armarouge|Expanding Force|p1b: Drifblim|[spread] p1a,p1b\n|-enditem|p1a: Tatsugiri|Focus Sash\n|-damage|p1a: Tatsugiri|1\/100\n|-damage|p1b: Drifblim|13\/100\n|-enditem|p1b: Drifblim|Aguav Berry|[eat]\n|-heal|p1b: Drifblim|46\/100|[from] item: Aguav Berry\n|\n|upkeep\n|turn|2\n|\n|t:|1683238646\n|switch|p2a: Flutter Mane|Flutter Mane, L50, shiny|100\/100\n|move|p1b: Drifblim|Icy Wind|p2b: Indeedee|[spread] p2a,p2b\n|-damage|p2a: Flutter Mane|92\/100\n|-damage|p2b: Indeedee|93\/100\n|-unboost|p2a: Flutter Mane|spe|1\n|-unboost|p2b: Indeedee|spe|1\n|move|p1a: Tatsugiri|Muddy Water|p2b: Indeedee|[spread] p2a,p2b\n|-crit|p2a: Flutter Mane\n|-damage|p2a: Flutter Mane|39\/100\n|-damage|p2b: Indeedee|62\/100\n|-unboost|p2b: Indeedee|accuracy|1\n|move|p2b: Indeedee|Psychic|p1b: Drifblim\n|-damage|p1b: Drifblim|5\/100\n|\n|upkeep\n|turn|3\n|\n|t:|1683238672\n|move|p1b: Drifblim|Icy Wind|p2a: Flutter Mane|[spread] p2a,p2b\n|-damage|p2a: Flutter Mane|31\/100\n|-damage|p2b: Indeedee|54\/100\n|-unboost|p2a: Flutter Mane|spe|1\n|-unboost|p2b: Indeedee|spe|1\n|move|p1a: Tatsugiri|Muddy Water|p2a: Flutter Mane|[spread] \n|-miss|p1a: Tatsugiri|p2a: Flutter Mane\n|-miss|p1a: Tatsugiri|p2b: Indeedee\n|move|p2a: Flutter Mane|Dazzling Gleam|p1b: Drifblim|[spread] p1a,p1b\n|-supereffective|p1a: Tatsugiri\n|-damage|p1a: Tatsugiri|0 fnt\n|-damage|p1b: Drifblim|0 fnt\n|faint|p1a: Tatsugiri\n|faint|p1b: Drifblim\n|move|p2b: Indeedee|Psychic|p1: Tatsugiri|[notarget]\n|-fail|p2b: Indeedee\n|\n|upkeep\n|\n|t:|1683238686\n|switch|p1a: Flutter Mane|Flutter Mane, L50|100\/100\n|switch|p1b: Iron Hands|Iron Hands, L50|100\/100\n|-enditem|p1a: Flutter Mane|Booster Energy\n|-activate|p1a: Flutter Mane|ability: Protosynthesis|[fromitem]\n|-start|p1a: Flutter Mane|protosynthesisspa\n|turn|4\n|\n|t:|1683238698\n|-end|p2a: Flutter Mane|Protosynthesis|[silent]\n|switch|p2a: Armarouge|Armarouge, L50, M, shiny|100\/100\n|move|p1a: Flutter Mane|Dazzling Gleam|p2a: Armarouge|[spread] p2a,p2b\n|-resisted|p2a: Armarouge\n|-damage|p2a: Armarouge|74\/100\n|-damage|p2b: Indeedee|13\/100\n|move|p1b: Iron Hands|Wild Charge|p2b: Indeedee\n|-damage|p2b: Indeedee|0 fnt\n|faint|p2b: Indeedee\n|-damage|p1b: Iron Hands|98\/100|[from] Recoil\n|\n|-sideend|p1: ELFRAN132|move: Tailwind\n|upkeep\n|\n|t:|1683238705\n|switch|p2b: Flutter Mane|Flutter Mane, L50, shiny|31\/100\n|turn|5\n|\n|t:|1683238742\n|-terastallize|p1a: Flutter Mane|Water\n|move|p2b: Flutter Mane|Shadow Ball|p1a: Flutter Mane\n|-damage|p1a: Flutter Mane|49\/100\n|move|p1a: Flutter Mane|Shadow Ball|p2a: Armarouge\n|-supereffective|p2a: Armarouge\n|-damage|p2a: Armarouge|0 fnt\n|faint|p2a: Armarouge\n|move|p1b: Iron Hands|Wild Charge|p2b: Flutter Mane\n|-damage|p2b: Flutter Mane|0 fnt\n|faint|p2b: Flutter Mane\n|-end|p2b: Flutter Mane|Protosynthesis|[silent]\n|-damage|p1b: Iron Hands|94\/100|[from] Recoil\n|\n|-fieldend|move: Psychic Terrain\n|upkeep\n|\n|t:|1683238751\n|switch|p2a: Chi-Yu|Chi-Yu, L50|100\/100\n|-ability|p2a: Chi-Yu|Beads of Ruin\n|turn|6\n|\n|t:|1683238764\n|-terastallize|p2a: Chi-Yu|Grass\n|move|p2a: Chi-Yu|Heat Wave|p1b: Iron Hands|[spread] p1a,p1b\n|-resisted|p1a: Flutter Mane\n|-damage|p1a: Flutter Mane|23\/100\n|-damage|p1b: Iron Hands|66\/100\n|move|p1a: Flutter Mane|Moonblast|p2a: Chi-Yu\n|-damage|p2a: Chi-Yu|24\/100\n|move|p1b: Iron Hands|Drain Punch|p2a: Chi-Yu\n|-damage|p2a: Chi-Yu|0 fnt\n|-heal|p1b: Iron Hands|73\/100|[from] drain|[of] p2a: Chi-Yu\n|faint|p2a: Chi-Yu\n|\n|win|ELFRAN132\n|raw|ELFRAN132's rating: 1066 → 1105<\/strong> (+39 for winning)\n|raw|johnnychiou36's rating: 1173 → 1141<\/strong> (-32 for losing)\n|l|\u2606johnnychiou36\n|l|\u2606ELFRAN132\n|j|\u2606ELFRAN132\n|player|p1|ELFRAN132|169\n","uploadtime":1683238933,"views":7,"p1id":"elfran132","p2id":"johnnychiou36","formatid":"gen9vgc2023regulationc","rating":1105,"private":0,"password":""}