{"id":"gen9vgc2023regulationc-1857580035","p1":"Ytterby","p2":"esotilin123456","format":"[Gen 9] VGC 2023 Regulation C","log":"|j|\u2606Ytterby\n|j|\u2606esotilin123456\n|t:|1683210110\n|gametype|doubles\n|player|p1|Ytterby|brycenman|1215\n|player|p2|esotilin123456|hilbert-wonderlauncher|1324\n|teamsize|p1|6\n|teamsize|p2|6\n|gen|9\n|tier|[Gen 9] VGC 2023 Regulation C\n|rated|\n|rule|Species Clause: Limit one of each Pok\u00e9mon\n|rule|Item Clause: Limit one of each item\n|clearpoke\n|poke|p1|Flutter Mane, L50|\n|poke|p1|Arcanine, L50, F|\n|poke|p1|Torkoal, L50, F|\n|poke|p1|Maushold, L50|\n|poke|p1|Annihilape, L50, F|\n|poke|p1|Noivern, L50, F|\n|poke|p2|Tyranitar, L50, M|\n|poke|p2|Corviknight, L50, F|\n|poke|p2|Salamence, L50, F|\n|poke|p2|Arcanine, L50, M|\n|poke|p2|Gastrodon, L50, F|\n|poke|p2|Rotom-Mow, L50|\n|teampreview|4\n|c|\u2606esotilin123456|ew monke\n|c|\u2606Ytterby|m o n k e\nesotilin123456 has agreed to open team sheets.\n|inactive|Battle timer is ON: inactive players will automatically lose when time's up. (requested by esotilin123456)\n|\n|t:|1683210158\n|start\n|switch|p1a: FATMAN|Annihilape, L50, F|100\/100\n|switch|p1b: N|Noivern, L50, F|100\/100\n|switch|p2a: IRON BIRD|Corviknight, L50, F|100\/100\n|switch|p2b: Great Tyrant|Tyranitar, L50, M, shiny|100\/100\n|-item|p2a: IRON BIRD|Aguav Berry|[from] ability: Frisk|[of] p1b: N|[identify]\n|-item|p2b: Great Tyrant|Chople Berry|[from] ability: Frisk|[of] p1b: N|[identify]\n|-weather|Sandstorm|[from] ability: Sand Stream|[of] p2b: Great Tyrant\n|turn|1\n|\n|t:|1683210182\n|move|p1b: N|Protect|p1b: N\n|-singleturn|p1b: N|Protect\n|move|p1a: FATMAN|Close Combat|p2b: Great Tyrant\n|-supereffective|p2b: Great Tyrant\n|-enditem|p2b: Great Tyrant|Chople Berry|[eat]\n|-enditem|p2b: Great Tyrant|Chople Berry|[weaken]\n|-damage|p2b: Great Tyrant|6\/100\n|-unboost|p1a: FATMAN|def|1\n|-unboost|p1a: FATMAN|spd|1\n|move|p2a: IRON BIRD|Brave Bird|p1a: FATMAN\n|-supereffective|p1a: FATMAN\n|-damage|p1a: FATMAN|0 fnt\n|faint|p1a: FATMAN\n|-damage|p2a: IRON BIRD|67\/100|[from] Recoil\n|move|p2b: Great Tyrant|Rock Slide|p1b: N\n|-activate|p1b: N|move: Protect\n|\n|-weather|Sandstorm|[upkeep]\n|-damage|p1b: N|94\/100|[from] Sandstorm\n|upkeep\n|\n|t:|1683210204\n|switch|p1a: TMAN|Torkoal, L50, F|100\/100\n|-weather|SunnyDay|[from] ability: Drought|[of] p1a: TMAN\n|turn|2\n|\n|t:|1683210221\n|move|p1b: N|Heat Wave|p2b: Great Tyrant|[spread] p2a,p2b\n|-supereffective|p2a: IRON BIRD\n|-resisted|p2b: Great Tyrant\n|-damage|p2a: IRON BIRD|5\/100\n|-damage|p2b: Great Tyrant|0 fnt\n|-enditem|p2a: IRON BIRD|Aguav Berry|[eat]\n|-heal|p2a: IRON BIRD|39\/100|[from] item: Aguav Berry\n|faint|p2b: Great Tyrant\n|move|p2a: IRON BIRD|Brave Bird|p1b: N\n|-crit|p1b: N\n|-damage|p1b: N|1\/100\n|-damage|p2a: IRON BIRD|12\/100|[from] Recoil\n|move|p1a: TMAN|Heat Wave|p2a: IRON BIRD\n|-supereffective|p2a: IRON BIRD\n|-damage|p2a: IRON BIRD|0 fnt\n|faint|p2a: IRON BIRD\n|\n|-weather|SunnyDay|[upkeep]\n|upkeep\n|c|\u2606Ytterby|whoarrrrrr\n|\n|t:|1683210235\n|switch|p2a: good boi|Arcanine, L50, M|100\/100\n|switch|p2b: RORAAAHOHHHH|Salamence, L50, F|100\/100\n|-ability|p2b: RORAAAHOHHHH|Intimidate|boost\n|-unboost|p1a: TMAN|atk|1\n|-unboost|p1b: N|atk|1\n|-ability|p2a: good boi|Intimidate|boost\n|-unboost|p1a: TMAN|atk|1\n|-unboost|p1b: N|atk|1\n|turn|3\n|c|\u2606Ytterby|1%\n|c|\u2606Ytterby|literal 1hp\n|inactive|Ytterby has 30 seconds left.\n|inactive|Ytterby has 20 seconds left.\n|inactive|esotilin123456 has 30 seconds left.\n|\n|t:|1683210278\n|switch|p1a: AN|Arcanine, L50, F|100\/100\n|-ability|p1a: AN|Intimidate|boost\n|-unboost|p2a: good boi|atk|1\n|-unboost|p2b: RORAAAHOHHHH|atk|1\n|-terastallize|p2b: RORAAAHOHHHH|Fire\n|move|p1b: N|Protect|p1b: N\n|-singleturn|p1b: N|Protect\n|move|p2b: RORAAAHOHHHH|Flamethrower|p1a: AN\n|-resisted|p1a: AN\n|-damage|p1a: AN|51\/100\n|-damage|p2b: RORAAAHOHHHH|91\/100|[from] item: Life Orb\n|move|p2a: good boi|Snarl|p1b: N|[spread] p1a\n|-activate|p1b: N|move: Protect\n|-damage|p1a: AN|41\/100\n|-unboost|p1a: AN|spa|1\n|\n|-weather|SunnyDay|[upkeep]\n|upkeep\n|turn|4\n|inactive|Ytterby has 30 seconds left.\n|\n|t:|1683210309\n|move|p2a: good boi|Extreme Speed|p1b: N\n|-damage|p1b: N|0 fnt\n|faint|p1b: N\n|move|p2b: RORAAAHOHHHH|Flamethrower|p1a: AN\n|-resisted|p1a: AN\n|-damage|p1a: AN|0 fnt\n|faint|p1a: AN\n|-damage|p2b: RORAAAHOHHHH|81\/100|[from] item: Life Orb\n|\n|-weather|SunnyDay|[upkeep]\n|upkeep\n|\n|t:|1683210316\n|switch|p1b: TMAN|Torkoal, L50, F|100\/100\n|turn|5\n|c|\u2606Ytterby|ooh good bait\n|c|\u2606Ytterby|ggs\n|\n|t:|1683210337\n|move|p2b: RORAAAHOHHHH|Draco Meteor|p1b: TMAN\n|-damage|p1b: TMAN|36\/100\n|-unboost|p2b: RORAAAHOHHHH|spa|2\n|-damage|p2b: RORAAAHOHHHH|71\/100|[from] item: Life Orb\n|move|p2a: good boi|Snarl|p1b: TMAN|[miss]\n|-miss|p2a: good boi|p1b: TMAN\n|move|p1b: TMAN|Earth Power|p2b: RORAAAHOHHHH\n|-supereffective|p2b: RORAAAHOHHHH\n|-damage|p2b: RORAAAHOHHHH|20\/100\n|\n|-weather|SunnyDay|[upkeep]\n|upkeep\n|turn|6\n|\n|t:|1683210358\n|move|p2b: RORAAAHOHHHH|Draco Meteor|p1b: TMAN\n|-damage|p1b: TMAN|7\/100\n|-unboost|p2b: RORAAAHOHHHH|spa|2\n|-damage|p2b: RORAAAHOHHHH|10\/100|[from] item: Life Orb\n|move|p2a: good boi|Flare Blitz|p1b: TMAN\n|-resisted|p1b: TMAN\n|-damage|p1b: TMAN|0 fnt\n|faint|p1b: TMAN\n|-damage|p2a: good boi|98\/100|[from] Recoil\n|\n|win|esotilin123456\n|raw|Ytterby's rating: 1215 → 1198<\/strong> (-17 for losing)\n|raw|esotilin123456's rating: 1324 → 1338<\/strong> (+14 for winning)\n|l|\u2606esotilin123456\n","uploadtime":1683210364,"views":10,"p1id":"ytterby","p2id":"esotilin123456","formatid":"gen9vgc2023regulationc","rating":1198,"private":0,"password":""}