{"id":"gen9vgc2023regulationc-1851864989","p1":"starburst48763","p2":"Patte96","format":"[Gen 9] VGC 2023 Regulation C","log":"|j|\u2606starburst48763\n|j|\u2606Patte96\n|t:|1682497296\n|gametype|doubles\n|player|p1|starburst48763|elesa-masters|1255\n|player|p2|Patte96|wattson|1214\n|teamsize|p1|6\n|teamsize|p2|6\n|gen|9\n|tier|[Gen 9] VGC 2023 Regulation C\n|rated|\n|rule|Species Clause: Limit one of each Pok\u00e9mon\n|rule|Item Clause: Limit one of each item\n|clearpoke\n|poke|p1|Ceruledge, L50, F|\n|poke|p1|Gyarados, L50, M|\n|poke|p1|Ting-Lu, L50|\n|poke|p1|Glimmora, L50, M|\n|poke|p1|Flutter Mane, L50|\n|poke|p1|Tsareena, L50, F|\n|poke|p2|Tyranitar, L50, M|\n|poke|p2|Grimmsnarl, L50, M|\n|poke|p2|Flutter Mane, L50|\n|poke|p2|Dragapult, L50, F|\n|poke|p2|Sylveon, L50, M|\n|poke|p2|Oranguru, L50, M|\n|teampreview|4\n|\n|t:|1682497336\n|start\n|switch|p1a: Ting-Lu|Ting-Lu, L50|100\/100\n|switch|p1b: Gyarados|Gyarados, L50, M|100\/100\n|switch|p2a: Oranguru|Oranguru, L50, M|100\/100\n|switch|p2b: Sylveon|Sylveon, L50, M|100\/100\n|-ability|p1b: Gyarados|Intimidate|boost\n|-unboost|p2a: Oranguru|atk|1\n|-unboost|p2b: Sylveon|atk|1\n|-ability|p1a: Ting-Lu|Vessel of Ruin\n|turn|1\n|\n|t:|1682497362\n|move|p2b: Sylveon|Protect|p2b: Sylveon\n|-singleturn|p2b: Sylveon|Protect\n|move|p1b: Gyarados|Taunt|p2a: Oranguru\n|-start|p2a: Oranguru|move: Taunt\n|move|p1a: Ting-Lu|Throat Chop|p2b: Sylveon\n|-activate|p2b: Sylveon|move: Protect\n|cant|p2a: Oranguru|move: Taunt|Trick Room\n|\n|upkeep\n|turn|2\n|\n|t:|1682497392\n|switch|p2a: Grimmsnarl|Grimmsnarl, L50, M|100\/100\n|switch|p1a: Ceruledge|Ceruledge, L50, F|100\/100\n|-terastallize|p2b: Sylveon|Fairy\n|move|p1b: Gyarados|Whirlpool|p2a: Grimmsnarl\n|-damage|p2a: Grimmsnarl|93\/100\n|-activate|p2a: Grimmsnarl|move: Whirlpool|[of] p1b: Gyarados\n|move|p2b: Sylveon|Hyper Beam|p1b: Gyarados\n|-damage|p1b: Gyarados|0 fnt\n|-mustrecharge|p2b: Sylveon\n|faint|p1b: Gyarados\n|\n|-end|p2a: Grimmsnarl|Whirlpool|[partiallytrapped]|[silent]\n|upkeep\n|\n|t:|1682497409\n|switch|p1b: Ting-Lu|Ting-Lu, L50|100\/100\n|-ability|p1b: Ting-Lu|Vessel of Ruin\n|turn|3\n|\n|t:|1682497418\n|move|p2a: Grimmsnarl|Reflect|p2a: Grimmsnarl\n|-sidestart|p2: Patte96|Reflect\n|move|p1a: Ceruledge|Bulk Up|p1a: Ceruledge\n|-boost|p1a: Ceruledge|atk|1\n|-boost|p1a: Ceruledge|def|1\n|cant|p2b: Sylveon|recharge\n|move|p1b: Ting-Lu|Heavy Slam|p2a: Grimmsnarl\n|-supereffective|p2a: Grimmsnarl\n|-damage|p2a: Grimmsnarl|41\/100\n|\n|upkeep\n|turn|4\n|\n|t:|1682497451\n|switch|p2b: Dragapult|Dragapult, L50, F, shiny|100\/100\n|-terastallize|p1b: Ting-Lu|Ground\n|move|p2a: Grimmsnarl|Swagger|p2b: Dragapult\n|-boost|p2b: Dragapult|atk|2\n|-start|p2b: Dragapult|confusion\n|-enditem|p2b: Dragapult|Persim Berry|[eat]\n|-end|p2b: Dragapult|confusion\n|move|p1a: Ceruledge|Bitter Blade|p2b: Dragapult\n|-resisted|p2b: Dragapult\n|-damage|p2b: Dragapult|73\/100\n|move|p1b: Ting-Lu|Heavy Slam|p2b: Dragapult\n|-damage|p2b: Dragapult|36\/100\n|\n|upkeep\n|turn|5\n|\n|t:|1682497483\n|move|p1a: Ceruledge|Shadow Sneak|p2b: Dragapult\n|-supereffective|p2b: Dragapult\n|-damage|p2b: Dragapult|0 fnt\n|faint|p2b: Dragapult\n|move|p2a: Grimmsnarl|Fake Tears|p1b: Ting-Lu\n|-unboost|p1b: Ting-Lu|spd|2\n|move|p1b: Ting-Lu|Heavy Slam|p2a: Grimmsnarl\n|-supereffective|p2a: Grimmsnarl\n|-damage|p2a: Grimmsnarl|0 fnt\n|faint|p2a: Grimmsnarl\n|\n|upkeep\n|\n|t:|1682497496\n|switch|p2b: Sylveon|Sylveon, L50, M, tera:Fairy|100\/100\n|switch|p2a: Oranguru|Oranguru, L50, M|100\/100\n|turn|6\n|\n|t:|1682497512\n|switch|p1b: Flutter Mane|Flutter Mane, L50|100\/100\n|move|p1a: Ceruledge|Bitter Blade|p2b: Sylveon\n|-damage|p2b: Sylveon|48\/100\n|move|p2a: Oranguru|Foul Play|p1a: Ceruledge\n|-supereffective|p1a: Ceruledge\n|-damage|p1a: Ceruledge|33\/100\n|move|p2b: Sylveon|Hyper Voice|p1a: Ceruledge|[spread] p1a,p1b\n|-resisted|p1a: Ceruledge\n|-damage|p1a: Ceruledge|8\/100\n|-damage|p1b: Flutter Mane|55\/100\n|-enditem|p2b: Sylveon|Throat Spray\n|-boost|p2b: Sylveon|spa|1|[from] item: Throat Spray\n|\n|upkeep\n|turn|7\n|\n|t:|1682497535\n|move|p2b: Sylveon|Protect|p2b: Sylveon\n|-singleturn|p2b: Sylveon|Protect\n|move|p1b: Flutter Mane|Moonblast|p2b: Sylveon\n|-activate|p2b: Sylveon|move: Protect\n|move|p1a: Ceruledge|Bitter Blade|p2a: Oranguru\n|-damage|p2a: Oranguru|62\/100\n|-heal|p1a: Ceruledge|30\/100|[from] drain|[of] p2a: Oranguru\n|move|p2a: Oranguru|Trick Room|p2a: Oranguru\n|-fieldstart|move: Trick Room|[of] p2a: Oranguru\n|\n|upkeep\n|turn|8\n|\n|t:|1682497553\n|move|p1a: Ceruledge|Shadow Sneak|p2b: Sylveon\n|-damage|p2b: Sylveon|25\/100\n|move|p2b: Sylveon|Hyper Voice|p1a: Ceruledge|[spread] p1a,p1b\n|-resisted|p1a: Ceruledge\n|-damage|p1a: Ceruledge|0 fnt\n|-damage|p1b: Flutter Mane|0 fnt\n|faint|p1a: Ceruledge\n|faint|p1b: Flutter Mane\n|-end|p1b: Flutter Mane|Protosynthesis|[silent]\n|move|p2a: Oranguru|Instruct|p2b: Sylveon\n|-singleturn|p2b: Sylveon|move: Instruct|[of] p2a: Oranguru\n|move|p2b: Sylveon|Hyper Voice|p1: Ceruledge|[notarget]\n|-fail|p2b: Sylveon\n|\n|upkeep\n|\n|t:|1682497561\n|switch|p1b: Ting-Lu|Ting-Lu, L50, tera:Ground|100\/100\n|-ability|p1b: Ting-Lu|Vessel of Ruin\n|turn|9\n|inactive|Battle timer is ON: inactive players will automatically lose when time's up. (requested by starburst48763)\n|\n|t:|1682497596\n|move|p1b: Ting-Lu|Heavy Slam|p2b: Sylveon\n|-supereffective|p2b: Sylveon\n|-damage|p2b: Sylveon|0 fnt\n|faint|p2b: Sylveon\n|move|p2a: Oranguru|Brick Break|p1b: Ting-Lu\n|-damage|p1b: Ting-Lu|93\/100\n|\n|upkeep\n|turn|10\n|\n|t:|1682497606\n|move|p1b: Ting-Lu|Throat Chop|p2a: Oranguru\n|-supereffective|p2a: Oranguru\n|-damage|p2a: Oranguru|20\/100\n|move|p2a: Oranguru|Foul Play|p1b: Ting-Lu\n|-damage|p1b: Ting-Lu|76\/100\n|\n|-sideend|p2: Patte96|Reflect\n|upkeep\n|turn|11\n|\n|t:|1682497618\n|move|p1b: Ting-Lu|Throat Chop|p2a: Oranguru\n|-supereffective|p2a: Oranguru\n|-damage|p2a: Oranguru|0 fnt\n|faint|p2a: Oranguru\n|\n|win|starburst48763\n|raw|starburst48763's rating: 1255 → 1277<\/strong> (+22 for winning)\n|raw|Patte96's rating: 1214 → 1192<\/strong> (-22 for losing)\n","uploadtime":1682497622,"views":14,"p1id":"starburst48763","p2id":"patte96","formatid":"gen9vgc2023regulationc","rating":1192,"private":0,"password":""}