{"id":"gen9vgc2023regulationc-1860298811","p1":"Rateder","p2":"Cyalia","format":"[Gen 9] VGC 2023 Regulation C","log":"|j|\u2606Rateder\n|j|\u2606Cyalia\n|t:|1683628371\n|gametype|doubles\n|player|p1|Rateder|ethan|1463\n|player|p2|Cyalia|guitarist|1421\n|teamsize|p1|6\n|teamsize|p2|6\n|gen|9\n|tier|[Gen 9] VGC 2023 Regulation C\n|rated|\n|rule|Species Clause: Limit one of each Pok\u00e9mon\n|rule|Item Clause: Limit one of each item\n|clearpoke\n|poke|p1|Flutter Mane, L50|\n|poke|p1|Orthworm, L50, F|\n|poke|p1|Maushold-Four, L50|\n|poke|p1|Annihilape, L50, F|\n|poke|p1|Ting-Lu, L50|\n|poke|p1|Gyarados, L50, F|\n|poke|p2|Flutter Mane, L50|\n|poke|p2|Gyarados, L50, F|\n|poke|p2|Iron Hands, L50|\n|poke|p2|Chi-Yu, L50|\n|poke|p2|Glimmora, L50, M|\n|poke|p2|Wo-Chien, L50|\n|teampreview|4\n|inactive|Battle timer is ON: inactive players will automatically lose when time's up. (requested by Rateder)\nRateder rejected open team sheets.\n|j| qwe321654\n|\n|t:|1683628399\n|start\n|switch|p1a: Orthworm|Orthworm, L50, F|100\/100\n|switch|p1b: Ting-Lu|Ting-Lu, L50|100\/100\n|switch|p2a: Flutter Mane|Flutter Mane, L50|100\/100\n|switch|p2b: Chi-Yu|Chi-Yu, L50|100\/100\n|-ability|p2b: Chi-Yu|Beads of Ruin\n|-ability|p1b: Ting-Lu|Vessel of Ruin\n|turn|1\n|inactive|Rateder has 30 seconds left.\n|l| qwe321654\n|inactive|Rateder has 20 seconds left.\n|inactive|Rateder has 15 seconds left.\n|\n|t:|1683628442\n|-terastallize|p1b: Ting-Lu|Poison\n|move|p2b: Chi-Yu|Dark Pulse|p1a: Orthworm\n|-damage|p1a: Orthworm|51\/100\n|move|p2a: Flutter Mane|Shadow Ball|p1a: Orthworm\n|-damage|p1a: Orthworm|0 fnt\n|faint|p1a: Orthworm\n|move|p1b: Ting-Lu|Earthquake|p2a: Flutter Mane|[spread] p2a,p2b\n|-supereffective|p2b: Chi-Yu\n|-damage|p2a: Flutter Mane|38\/100\n|-damage|p2b: Chi-Yu|0 fnt\n|faint|p2b: Chi-Yu\n|\n|upkeep\n|\n|t:|1683628466\n|switch|p2b: Wo-Chien|Wo-Chien, L50|100\/100\n|switch|p1a: Flutter Mane|Flutter Mane, L50|100\/100\n|-ability|p2b: Wo-Chien|Tablets of Ruin\n|turn|2\n|\n|t:|1683628477\n|-terastallize|p2b: Wo-Chien|Water\n|move|p1a: Flutter Mane|Shadow Ball|p2a: Flutter Mane\n|-supereffective|p2a: Flutter Mane\n|-damage|p2a: Flutter Mane|0 fnt\n|faint|p2a: Flutter Mane\n|-end|p2a: Flutter Mane|Protosynthesis|[silent]\n|move|p2b: Wo-Chien|Leech Seed|p1b: Ting-Lu\n|-start|p1b: Ting-Lu|move: Leech Seed\n|move|p1b: Ting-Lu|Fissure|p2b: Wo-Chien|[miss]\n|-miss|p1b: Ting-Lu|p2b: Wo-Chien\n|\n|-damage|p1b: Ting-Lu|88\/100|[from] Leech Seed|[of] p2b: Wo-Chien\n|upkeep\n|\n|t:|1683628489\n|switch|p2a: Iron Hands|Iron Hands, L50|100\/100\n|turn|3\n|\n|t:|1683628500\n|move|p1b: Ting-Lu|Protect|p1b: Ting-Lu\n|-singleturn|p1b: Ting-Lu|Protect\n|move|p1a: Flutter Mane|Perish Song|p1a: Flutter Mane\n|-start|p1a: Flutter Mane|perish3|[silent]\n|-start|p1b: Ting-Lu|perish3|[silent]\n|-start|p2a: Iron Hands|perish3|[silent]\n|-start|p2b: Wo-Chien|perish3|[silent]\n|-fieldactivate|move: Perish Song\n|move|p2b: Wo-Chien|Substitute|p2b: Wo-Chien\n|-start|p2b: Wo-Chien|Substitute\n|-damage|p2b: Wo-Chien|75\/100\n|move|p2a: Iron Hands|Wild Charge|p1a: Flutter Mane\n|-damage|p1a: Flutter Mane|23\/100\n|-damage|p2a: Iron Hands|90\/100|[from] Recoil\n|\n|-heal|p2b: Wo-Chien|82\/100|[from] item: Leftovers\n|-damage|p1b: Ting-Lu|76\/100|[from] Leech Seed|[of] p2b: Wo-Chien\n|-heal|p2b: Wo-Chien|97\/100|[silent]\n|-start|p1a: Flutter Mane|perish3\n|-start|p2b: Wo-Chien|perish3\n|-start|p2a: Iron Hands|perish3\n|-start|p1b: Ting-Lu|perish3\n|upkeep\n|turn|4\n|inactive|Cyalia has 30 seconds left.\n|\n|t:|1683628526\n|switch|p1b: Gyarados|Gyarados, L50, F, shiny|100\/100\n|-ability|p1b: Gyarados|Intimidate|boost\n|-unboost|p2a: Iron Hands|atk|1\n|-immune|p2b: Wo-Chien\n|move|p1a: Flutter Mane|Protect|p1a: Flutter Mane\n|-singleturn|p1a: Flutter Mane|Protect\n|move|p2b: Wo-Chien|Giga Drain|p1b: Gyarados\n|-damage|p1b: Gyarados|80\/100\n|-heal|p2b: Wo-Chien|100\/100|[from] drain|[of] p1b: Gyarados\n|move|p2a: Iron Hands|Wild Charge|p1b: Gyarados\n|-supereffective|p1b: Gyarados\n|-damage|p1b: Gyarados|0 fnt\n|faint|p1b: Gyarados\n|-damage|p2a: Iron Hands|74\/100|[from] Recoil\n|\n|-start|p1a: Flutter Mane|perish2\n|-start|p2b: Wo-Chien|perish2\n|-start|p2a: Iron Hands|perish2\n|upkeep\n|\n|t:|1683628544\n|switch|p1b: Ting-Lu|Ting-Lu, L50, tera:Poison|76\/100\n|-ability|p1b: Ting-Lu|Vessel of Ruin\n|turn|5\n|\n|t:|1683628557\n|move|p1b: Ting-Lu|Protect|p1b: Ting-Lu\n|-singleturn|p1b: Ting-Lu|Protect\n|move|p1a: Flutter Mane|Dazzling Gleam|p2b: Wo-Chien|[spread] p2a,p2b\n|-crit|p2b: Wo-Chien\n|-activate|p2b: Wo-Chien|move: Substitute|[damage]\n|-supereffective|p2a: Iron Hands\n|-damage|p2a: Iron Hands|49\/100\n|move|p2b: Wo-Chien|Leech Seed|p1b: Ting-Lu\n|-activate|p1b: Ting-Lu|move: Protect\n|move|p2a: Iron Hands|Wild Charge|p1a: Flutter Mane\n|-damage|p1a: Flutter Mane|0 fnt\n|faint|p1a: Flutter Mane\n|-end|p1a: Flutter Mane|Protosynthesis|[silent]\n|-damage|p2a: Iron Hands|46\/100|[from] Recoil\n|\n|-start|p2b: Wo-Chien|perish1\n|-start|p2a: Iron Hands|perish1\n|upkeep\n|turn|6\n|inactive|Cyalia has 30 seconds left.\n|\n|t:|1683628586\n|move|p1b: Ting-Lu|Protect|p1b: Ting-Lu\n|-singleturn|p1b: Ting-Lu|Protect\n|move|p2b: Wo-Chien|Leech Seed|p1b: Ting-Lu\n|-activate|p1b: Ting-Lu|move: Protect\n|move|p2a: Iron Hands|Wild Charge|p1b: Ting-Lu\n|-activate|p1b: Ting-Lu|move: Protect\n|\n|-start|p2b: Wo-Chien|perish0\n|-start|p2a: Iron Hands|perish0\n|faint|p2b: Wo-Chien\n|faint|p2a: Iron Hands\n|-end|p2a: Iron Hands|Quark Drive|[silent]\n|\n|win|Rateder\n|upkeep\n|raw|Rateder's rating: 1463 → 1481<\/strong> (+18 for winning)\n|raw|Cyalia's rating: 1421 → 1403<\/strong> (-18 for losing)\n","uploadtime":1683628599,"views":10,"p1id":"rateder","p2id":"cyalia","formatid":"gen9vgc2023regulationc","rating":1403,"private":0,"password":""}