{"id":"gen9vgc2023regulationc-1864158931","p1":"Fake_pinkmilk","p2":"JuanMKB","format":"[Gen 9] VGC 2023 Regulation C","log":"|j|\u2606Fake_pinkmilk\n|j|\u2606JuanMKB\n|t:|1684127005\n|gametype|doubles\n|player|p1|Fake_pinkmilk|265|1063\n|player|p2|JuanMKB|2|1111\n|teamsize|p1|6\n|teamsize|p2|6\n|gen|9\n|tier|[Gen 9] VGC 2023 Regulation C\n|rated|\n|rule|Species Clause: Limit one of each Pok\u00e9mon\n|rule|Item Clause: Limit one of each item\n|clearpoke\n|poke|p1|Talonflame, L50, F|\n|poke|p1|Flutter Mane, L50|\n|poke|p1|Great Tusk, L50|\n|poke|p1|Roaring Moon, L50|\n|poke|p1|Arboliva, L50, F|\n|poke|p1|Chien-Pao, L50|\n|poke|p2|Corviknight, L50, M|\n|poke|p2|Slither Wing, L50|\n|poke|p2|Tsareena, L50, F|\n|poke|p2|Skeledirge, L50, F|\n|poke|p2|Flutter Mane, L50|\n|poke|p2|Chi-Yu, L50|\n|teampreview|4\n|l|\u2606Fake_pinkmilk\n|player|p1|\n|\n|t:|1684127057\n|start\n|switch|p1a: Talonflame|Talonflame, L50, F|100\/100\n|switch|p1b: Great Tusk|Great Tusk, L50|100\/100\n|switch|p2a: Flutter Mane|Flutter Mane, L50|100\/100\n|switch|p2b: Corviknight|Corviknight, L50, M|100\/100\n|-ability|p2b: Corviknight|Pressure\n|-enditem|p2a: Flutter Mane|Booster Energy\n|-activate|p2a: Flutter Mane|ability: Protosynthesis|[fromitem]\n|-start|p2a: Flutter Mane|protosynthesisspe\n|turn|1\n|j|\u2606Fake_pinkmilk\n|player|p1|Fake_pinkmilk|265\n|\n|t:|1684127078\n|move|p2a: Flutter Mane|Protect|p2a: Flutter Mane\n|-singleturn|p2a: Flutter Mane|Protect\n|move|p1a: Talonflame|Tailwind|p1a: Talonflame\n|-sidestart|p1: Fake_pinkmilk|move: Tailwind\n|move|p1b: Great Tusk|Earthquake|p2b: Corviknight|[spread] \n|-activate|p2a: Flutter Mane|move: Protect\n|-immune|p1a: Talonflame\n|-immune|p2b: Corviknight\n|move|p2b: Corviknight|Tailwind|p2b: Corviknight\n|-sidestart|p2: JuanMKB|move: Tailwind\n|\n|upkeep\n|turn|2\n|\n|t:|1684127109\n|move|p2a: Flutter Mane|Dazzling Gleam|p1b: Great Tusk|[spread] p1a,p1b\n|-resisted|p1a: Talonflame\n|-supereffective|p1b: Great Tusk\n|-damage|p1a: Talonflame|79\/100\n|-damage|p1b: Great Tusk|11\/100\n|move|p1b: Great Tusk|Earthquake|p2a: Flutter Mane|[spread] p2a\n|-immune|p1a: Talonflame\n|-immune|p2b: Corviknight\n|-damage|p2a: Flutter Mane|18\/100\n|move|p1a: Talonflame|Sunny Day|p1a: Talonflame\n|-weather|SunnyDay\n|-activate|p1b: Great Tusk|ability: Protosynthesis\n|-start|p1b: Great Tusk|protosynthesisatk\n|move|p2b: Corviknight|Brave Bird|p1a: Talonflame\n|-damage|p1a: Talonflame|33\/100\n|-damage|p2b: Corviknight|87\/100|[from] Recoil\n|\n|-weather|SunnyDay|[upkeep]\n|upkeep\n|turn|3\n|\n|t:|1684127137\n|switch|p2b: Slither Wing|Slither Wing, L50|100\/100\n|-activate|p2b: Slither Wing|ability: Protosynthesis\n|-start|p2b: Slither Wing|protosynthesisatk\n|-terastallize|p2a: Flutter Mane|Fairy\n|move|p1a: Talonflame|Protect|p1a: Talonflame\n|-singleturn|p1a: Talonflame|Protect\n|move|p2a: Flutter Mane|Dazzling Gleam|p1a: Talonflame|[spread] p1b\n|-activate|p1a: Talonflame|move: Protect\n|-supereffective|p1b: Great Tusk\n|-damage|p1b: Great Tusk|0 fnt\n|faint|p1b: Great Tusk\n|-end|p1b: Great Tusk|Protosynthesis|[silent]\n|\n|-weather|SunnyDay|[upkeep]\n|upkeep\n|inactive|Battle timer is ON: inactive players will automatically lose when time's up. (requested by JuanMKB)\n|\n|t:|1684127161\n|switch|p1b: Flutter Mane|Flutter Mane, L50|100\/100\n|-activate|p1b: Flutter Mane|ability: Protosynthesis\n|-start|p1b: Flutter Mane|protosynthesisspe\n|turn|4\n|\n|t:|1684127178\n|-terastallize|p1b: Flutter Mane|Fairy\n|move|p2b: Slither Wing|First Impression|p1b: Flutter Mane\n|-resisted|p1b: Flutter Mane\n|-damage|p1b: Flutter Mane|47\/100\n|move|p2a: Flutter Mane|Dazzling Gleam|p1a: Talonflame|[spread] p1a,p1b\n|-resisted|p1a: Talonflame\n|-damage|p1a: Talonflame|4\/100\n|-damage|p1b: Flutter Mane|1\/100\n|-enditem|p1a: Talonflame|Iapapa Berry|[eat]\n|-heal|p1a: Talonflame|37\/100|[from] item: Iapapa Berry\n|move|p1b: Flutter Mane|Substitute|p1b: Flutter Mane\n|-fail|p1b: Flutter Mane|move: Substitute|[weak]\n|move|p1a: Talonflame|Flare Blitz|p2b: Slither Wing\n|-supereffective|p2b: Slither Wing\n|-damage|p2b: Slither Wing|0 fnt\n|faint|p2b: Slither Wing\n|-end|p2b: Slither Wing|Protosynthesis|[silent]\n|-damage|p1a: Talonflame|3\/100|[from] Recoil\n|\n|-weather|SunnyDay|[upkeep]\n|-sideend|p1: Fake_pinkmilk|move: Tailwind\n|-sideend|p2: JuanMKB|move: Tailwind\n|upkeep\n|\n|t:|1684127197\n|switch|p2b: Chi-Yu|Chi-Yu, L50|100\/100\n|-ability|p2b: Chi-Yu|Beads of Ruin\n|turn|5\n|\n|t:|1684127206\n|move|p1a: Talonflame|Protect|p1a: Talonflame\n|-singleturn|p1a: Talonflame|Protect\n|move|p2a: Flutter Mane|Dazzling Gleam|p1b: Flutter Mane|[spread] p1b\n|-activate|p1a: Talonflame|move: Protect\n|-damage|p1b: Flutter Mane|0 fnt\n|faint|p1b: Flutter Mane\n|-end|p1b: Flutter Mane|Protosynthesis|[silent]\n|move|p2b: Chi-Yu|Nasty Plot|p2b: Chi-Yu\n|-boost|p2b: Chi-Yu|spa|2\n|\n|-weather|SunnyDay|[upkeep]\n|upkeep\n|\n|t:|1684127213\n|switch|p1b: Roaring Moon|Roaring Moon, L50|100\/100\n|-activate|p1b: Roaring Moon|ability: Protosynthesis\n|-start|p1b: Roaring Moon|protosynthesisspe\n|turn|6\n|\n|t:|1684127229\n|move|p1b: Roaring Moon|Rock Slide|p2b: Chi-Yu|[spread] p2a,p2b\n|-supereffective|p2b: Chi-Yu\n|-damage|p2a: Flutter Mane|0 fnt\n|-damage|p2b: Chi-Yu|15\/100\n|faint|p2a: Flutter Mane\n|-end|p2a: Flutter Mane|Protosynthesis|[silent]\n|move|p1a: Talonflame|Flare Blitz|p2b: Chi-Yu\n|-resisted|p2b: Chi-Yu\n|-damage|p2b: Chi-Yu|0 fnt\n|faint|p2b: Chi-Yu\n|-damage|p1a: Talonflame|0 fnt|[from] Recoil\n|faint|p1a: Talonflame\n|\n|-weather|none\n|-end|p1b: Roaring Moon|Protosynthesis\n|upkeep\n|inactive|JuanMKB has 30 seconds left.\n|inactive|JuanMKB has 20 seconds left.\n|\n|t:|1684127267\n|switch|p2b: Corviknight|Corviknight, L50, M|87\/100\n|-ability|p2b: Corviknight|Pressure\n|turn|7\n|inactive|JuanMKB has 30 seconds left.\n|\n|t:|1684127294\n|move|p1b: Roaring Moon|Rock Slide|p2b: Corviknight\n|-damage|p2b: Corviknight|53\/100\n|cant|p2b: Corviknight|flinch\n|\n|upkeep\n|turn|8\n|\n|t:|1684127299\n|move|p1b: Roaring Moon|Rock Slide|p2b: Corviknight\n|-damage|p2b: Corviknight|20\/100\n|move|p2b: Corviknight|Roost|p2b: Corviknight\n|-heal|p2b: Corviknight|70\/100\n|-singleturn|p2b: Corviknight|move: Roost\n|\n|upkeep\n|turn|9\n|\n|t:|1684127306\n|move|p1b: Roaring Moon|Rock Slide|p2b: Corviknight\n|-damage|p2b: Corviknight|38\/100\n|move|p2b: Corviknight|Tailwind|p2b: Corviknight\n|-sidestart|p2: JuanMKB|move: Tailwind\n|\n|upkeep\n|turn|10\n|\n|t:|1684127312\n|move|p1b: Roaring Moon|Rock Slide|p2b: Corviknight|[miss]\n|-miss|p1b: Roaring Moon|p2b: Corviknight\n|move|p2b: Corviknight|Roost|p2b: Corviknight\n|-heal|p2b: Corviknight|88\/100\n|-singleturn|p2b: Corviknight|move: Roost\n|\n|upkeep\n|turn|11\n|\n|t:|1684127321\n|move|p1b: Roaring Moon|Rock Slide|p2b: Corviknight\n|-damage|p2b: Corviknight|53\/100\n|move|p2b: Corviknight|Iron Head|p1b: Roaring Moon\n|-crit|p1b: Roaring Moon\n|-damage|p1b: Roaring Moon|48\/100\n|\n|upkeep\n|turn|12\n|\n|t:|1684127328\n|move|p1b: Roaring Moon|Rock Slide|p2b: Corviknight\n|-damage|p2b: Corviknight|18\/100\n|move|p2b: Corviknight|Roost|p2b: Corviknight\n|-heal|p2b: Corviknight|68\/100\n|-singleturn|p2b: Corviknight|move: Roost\n|\n|-sideend|p2: JuanMKB|move: Tailwind\n|upkeep\n|turn|13\n|\n|t:|1684127337\n|move|p1b: Roaring Moon|Rock Slide|p2b: Corviknight\n|-damage|p2b: Corviknight|33\/100\n|move|p2b: Corviknight|Roost|p2b: Corviknight\n|-heal|p2b: Corviknight|83\/100\n|-singleturn|p2b: Corviknight|move: Roost\n|\n|upkeep\n|turn|14\n|\n|t:|1684127345\n|move|p1b: Roaring Moon|Rock Slide|p2b: Corviknight\n|-damage|p2b: Corviknight|46\/100\n|move|p2b: Corviknight|Iron Head|p1b: Roaring Moon\n|-damage|p1b: Roaring Moon|15\/100\n|\n|upkeep\n|turn|15\n|-message|Fake_pinkmilk forfeited.\n|\n|win|JuanMKB\n|raw|Fake_pinkmilk's rating: 1063 → 1046<\/strong> (-17 for losing)\n|raw|JuanMKB's rating: 1111 → 1133<\/strong> (+22 for winning)\n|l|\u2606Fake_pinkmilk\n","uploadtime":1684127353,"views":6,"p1id":"fakepinkmilk","p2id":"juanmkb","formatid":"gen9vgc2023regulationc","rating":1046,"private":0,"password":""}