{"id":"gen9vgc2023regulationc-1859389125","p1":"Av3z","p2":"Arcacagne","format":"[Gen 9] VGC 2023 Regulation C","log":"|j|\u2606Av3z\n|j|\u2606Arcacagne\n|t:|1683454536\n|gametype|doubles\n|player|p1|Av3z|102|1228\n|player|p2|Arcacagne|2|1282\n|teamsize|p1|6\n|teamsize|p2|6\n|gen|9\n|tier|[Gen 9] VGC 2023 Regulation C\n|rated|\n|rule|Species Clause: Limit one of each Pok\u00e9mon\n|rule|Item Clause: Limit one of each item\n|clearpoke\n|poke|p1|Jumpluff, L50, F|\n|poke|p1|Torkoal, L50, F|\n|poke|p1|Flutter Mane, L50|\n|poke|p1|Dragonite, L50, F|\n|poke|p1|Chien-Pao, L50|\n|poke|p1|Great Tusk, L50|\n|poke|p2|Chi-Yu, L50|\n|poke|p2|Flutter Mane, L50|\n|poke|p2|Amoonguss, L50, F|\n|poke|p2|Palafin, L50, F|\n|poke|p2|Kingambit, L50, M|\n|poke|p2|Arcanine, L50, M|\n|teampreview|4\n|n|\u2606Av3z|av3z\nAv3z has agreed to open team sheets.\n|inactive|Battle timer is ON: inactive players will automatically lose when time's up. (requested by Av3z)\n|n|\u2606Av3z|av3z\n|inactive|Av3z has 60 seconds left.\n|\n|t:|1683454572\n|start\n|switch|p1a: Reputation|Torkoal, L50, F|100\/100\n|switch|p1b: Folklore|Great Tusk, L50, shiny|100\/100\n|switch|p2a: Chi-Yu|Chi-Yu, L50|100\/100\n|switch|p2b: Palafin|Palafin, L50, F|100\/100\n|-ability|p2a: Chi-Yu|Beads of Ruin\n|-weather|SunnyDay|[from] ability: Drought|[of] p1a: Reputation\n|-activate|p1b: Folklore|ability: Protosynthesis\n|-start|p1b: Folklore|protosynthesisatk\n|turn|1\n|inactive|Arcacagne has 30 seconds left.\n|\n|t:|1683454602\n|-terastallize|p2a: Chi-Yu|Water\n|move|p2b: Palafin|Jet Punch|p1b: Folklore\n|-supereffective|p1b: Folklore\n|-damage|p1b: Folklore|82\/100\n|move|p1b: Folklore|Headlong Rush|p2a: Chi-Yu\n|-damage|p2a: Chi-Yu|0 fnt\n|-unboost|p1b: Folklore|def|1\n|-unboost|p1b: Folklore|spd|1\n|faint|p2a: Chi-Yu\n|move|p1a: Reputation|Earth Power|p2b: Palafin\n|-damage|p2b: Palafin|65\/100\n|\n|-weather|SunnyDay|[upkeep]\n|upkeep\n|\n|t:|1683454615\n|switch|p2a: Flutter Mane|Flutter Mane, L50|100\/100\n|-activate|p2a: Flutter Mane|ability: Protosynthesis\n|-start|p2a: Flutter Mane|protosynthesisspa\n|turn|2\n|\n|t:|1683454626\n|detailschange|p2b: Palafin|Palafin-Hero, L50, F\n|switch|p2b: Amoonguss|Amoonguss, L50, F|100\/100\n|move|p2a: Flutter Mane|Protect|p2a: Flutter Mane\n|-singleturn|p2a: Flutter Mane|Protect\n|move|p1b: Folklore|Headlong Rush|p2a: Flutter Mane\n|-activate|p2a: Flutter Mane|move: Protect\n|move|p1a: Reputation|Overheat|p2a: Flutter Mane\n|-activate|p2a: Flutter Mane|move: Protect\n|\n|-weather|SunnyDay|[upkeep]\n|upkeep\n|turn|3\n|inactive|Arcacagne has 30 seconds left.\n|\n|t:|1683454658\n|move|p1b: Folklore|Headlong Rush|p2a: Flutter Mane\n|-damage|p2a: Flutter Mane|0 fnt\n|-unboost|p1b: Folklore|def|1\n|-unboost|p1b: Folklore|spd|1\n|faint|p2a: Flutter Mane\n|-end|p2a: Flutter Mane|Protosynthesis|[silent]\n|move|p2b: Amoonguss|Spore|p1a: Reputation\n|-status|p1a: Reputation|slp|[from] move: Spore\n|cant|p1a: Reputation|slp\n|\n|-weather|SunnyDay|[upkeep]\n|upkeep\n|\n|t:|1683454668\n|switch|p2a: Palafin|Palafin-Hero, L50, F|65\/100\n|-activate|p2a: Palafin|ability: Zero to Hero\n|turn|4\n|\n|t:|1683454688\n|-terastallize|p1b: Folklore|Steel\n|-curestatus|p1a: Reputation|slp|[msg]\n|move|p1a: Reputation|Protect|p1a: Reputation\n|-singleturn|p1a: Reputation|Protect\n|move|p2a: Palafin|Jet Punch|p1b: Folklore\n|-damage|p1b: Folklore|44\/100\n|move|p1b: Folklore|Headlong Rush|p2a: Palafin\n|-damage|p2a: Palafin|0 fnt\n|-unboost|p1b: Folklore|def|1\n|-unboost|p1b: Folklore|spd|1\n|faint|p2a: Palafin\n|move|p2b: Amoonguss|Pollen Puff|p2: Palafin|[notarget]\n|-fail|p2b: Amoonguss\n|\n|-weather|SunnyDay|[upkeep]\n|upkeep\n|turn|5\n|c|\u2606Av3z|?\n|\n|t:|1683454708\n|move|p2b: Amoonguss|Protect|p2b: Amoonguss\n|-singleturn|p2b: Amoonguss|Protect\n|move|p1b: Folklore|Headlong Rush|p2b: Amoonguss\n|-activate|p2b: Amoonguss|move: Protect\n|move|p1a: Reputation|Overheat|p2b: Amoonguss\n|-activate|p2b: Amoonguss|move: Protect\n|\n|-weather|none\n|-end|p1b: Folklore|Protosynthesis\n|upkeep\n|turn|6\n|\n|t:|1683454719\n|move|p1b: Folklore|Headlong Rush|p2b: Amoonguss\n|-damage|p2b: Amoonguss|43\/100\n|-unboost|p1b: Folklore|def|1\n|-unboost|p1b: Folklore|spd|1\n|-enditem|p2b: Amoonguss|Sitrus Berry|[eat]\n|-heal|p2b: Amoonguss|68\/100|[from] item: Sitrus Berry\n|move|p2b: Amoonguss|Spore|p1a: Reputation\n|-status|p1a: Reputation|slp|[from] move: Spore\n|cant|p1a: Reputation|slp\n|\n|upkeep\n|turn|7\n|c|\u2606Av3z|no wave crash on pala?\n|\n|t:|1683454743\n|move|p1b: Folklore|Headlong Rush|p2b: Amoonguss\n|-damage|p2b: Amoonguss|19\/100\n|-unboost|p1b: Folklore|def|1\n|-unboost|p1b: Folklore|spd|1\n|move|p2b: Amoonguss|Pollen Puff|p1b: Folklore\n|-resisted|p1b: Folklore\n|-damage|p1b: Folklore|0 fnt\n|faint|p1b: Folklore\n|-end|p1b: Folklore|Protosynthesis|[silent]\n|cant|p1a: Reputation|slp\n|\n|upkeep\n|\n|t:|1683454755\n|switch|p1b: Lover|Flutter Mane, L50, shiny|100\/100\n|turn|8\n|\n|t:|1683454762\n|move|p1b: Lover|Mystical Fire|p2b: Amoonguss\n|-supereffective|p2b: Amoonguss\n|-damage|p2b: Amoonguss|0 fnt\n|faint|p2b: Amoonguss\n|\n|win|Av3z\n|raw|Av3z's rating: 1228 → 1257<\/strong> (+29 for winning)\n|raw|Arcacagne's rating: 1282 → 1253<\/strong> (-29 for losing)\n|c|\u2606Av3z|whats ur flowchart\n|c|\u2606Av3z|i need to know what the gameplan was homie pls\n|c|\u2606Arcacagne|I did not expect 1hko on the fish\n||Ladder isn't responding, score probably updated but might not have (Request timeout).\n|c|\u2606Av3z|ah\n|c|\u2606Av3z|fair\n|c|\u2606Av3z|gg\n","uploadtime":1683454874,"views":18,"p1id":"av3z","p2id":"arcacagne","formatid":"gen9vgc2023regulationc","rating":1253,"private":0,"password":""}