{"id":"gen9vgc2023regulationc-1854626696","p1":"superseriousboi","p2":"PLS6687","format":"[Gen 9] VGC 2023 Regulation C","log":"|j|\u2606superseriousboi\n|j|\u2606PLS6687\n|t:|1682838696\n|gametype|doubles\n|player|p1|superseriousboi|265|1024\n|player|p2|PLS6687|265|1000\n|teamsize|p1|6\n|teamsize|p2|4\n|gen|9\n|tier|[Gen 9] VGC 2023 Regulation C\n|rated|\n|rule|Species Clause: Limit one of each Pok\u00e9mon\n|rule|Item Clause: Limit one of each item\n|clearpoke\n|poke|p1|Lucario, L50, M|\n|poke|p1|Maushold, L50|\n|poke|p1|Grimmsnarl, L50, M|\n|poke|p1|Chi-Yu, L50|\n|poke|p1|Flutter Mane, L50|\n|poke|p1|Iron Bundle, L50|\n|poke|p2|Sandy Shocks, L50|\n|poke|p2|Ting-Lu, L50|\n|poke|p2|Maushold-Four, L50|\n|poke|p2|Annihilape, L50, M|\n|teampreview|4\nPLS6687 has agreed to open team sheets.\nsuperseriousboi has agreed to open team sheets.\n|inactive|Battle timer is ON: inactive players will automatically lose when time's up. (requested by PLS6687)\n|inactive|superseriousboi has 60 seconds left.\n|\n|t:|1682838786\n|start\n|switch|p1a: Grimmsnarl|Grimmsnarl, L50, M|100\/100\n|switch|p1b: Flutter Mane|Flutter Mane, L50|100\/100\n|switch|p2a: Ting-Lu|Ting-Lu, L50|100\/100\n|switch|p2b: Maushold|Maushold-Four, L50, shiny|100\/100\n|-ability|p2a: Ting-Lu|Vessel of Ruin\n|turn|1\n|inactive|PLS6687 has 30 seconds left.\n|inactive|PLS6687 has 20 seconds left.\n|\n|t:|1682838822\n|move|p1a: Grimmsnarl|Misty Terrain|p1a: Grimmsnarl\n|-fieldstart|move: Misty Terrain\n|move|p1b: Flutter Mane|Substitute|p1b: Flutter Mane\n|-start|p1b: Flutter Mane|Substitute\n|-damage|p1b: Flutter Mane|76\/100\n|move|p2b: Maushold|Taunt|p1a: Grimmsnarl\n|-start|p1a: Grimmsnarl|move: Taunt\n|move|p2a: Ting-Lu|Heavy Slam|p1b: Flutter Mane\n|-supereffective|p1b: Flutter Mane\n|-end|p1b: Flutter Mane|Substitute\n|\n|upkeep\n|turn|2\n|\n|t:|1682838845\n|switch|p1a: Chi-Yu|Chi-Yu, L50|100\/100\n|-ability|p1a: Chi-Yu|Beads of Ruin\n|-terastallize|p1b: Flutter Mane|Fairy\n|move|p1b: Flutter Mane|Dazzling Gleam|p2a: Ting-Lu|[spread] p2a,p2b\n|-supereffective|p2a: Ting-Lu\n|-damage|p2a: Ting-Lu|67\/100\n|-damage|p2b: Maushold|24\/100\n|-damage|p1b: Flutter Mane|66\/100|[from] item: Life Orb\n|move|p2b: Maushold|Grass Knot|p1a: Chi-Yu\n|-resisted|p1a: Chi-Yu\n|-damage|p1a: Chi-Yu|99\/100\n|move|p2a: Ting-Lu|Heavy Slam|p1b: Flutter Mane\n|-supereffective|p1b: Flutter Mane\n|-damage|p1b: Flutter Mane|0 fnt\n|faint|p1b: Flutter Mane\n|-end|p1b: Flutter Mane|Protosynthesis|[silent]\n|\n|-heal|p2b: Maushold|30\/100|[from] item: Leftovers\n|upkeep\n|\n|t:|1682838870\n|switch|p1b: Iron Bundle|Iron Bundle, L50|100\/100\n|-enditem|p1b: Iron Bundle|Booster Energy\n|-activate|p1b: Iron Bundle|ability: Quark Drive|[fromitem]\n|-start|p1b: Iron Bundle|quarkdrivespe\n|turn|3\n|\n|t:|1682838884\n|move|p2b: Maushold|Protect|p2b: Maushold\n|-singleturn|p2b: Maushold|Protect\n|move|p1b: Iron Bundle|Freeze-Dry|p2a: Ting-Lu\n|-supereffective|p2a: Ting-Lu\n|-damage|p2a: Ting-Lu|45\/100\n|move|p1a: Chi-Yu|Heat Wave|p2b: Maushold|[spread] p2a\n|-activate|p2b: Maushold|move: Protect\n|-damage|p2a: Ting-Lu|35\/100\n|move|p2a: Ting-Lu|Fissure|p1b: Iron Bundle\n|-damage|p1b: Iron Bundle|0 fnt\n|faint|p1b: Iron Bundle\n|-end|p1b: Iron Bundle|Quark Drive|[silent]\n|-ohko\n|\n|-heal|p2b: Maushold|36\/100|[from] item: Leftovers\n|upkeep\n|\n|t:|1682838896\n|switch|p1b: Grimmsnarl|Grimmsnarl, L50, M|100\/100\n|turn|4\n|\n|t:|1682838906\n|move|p2b: Maushold|Follow Me|p2b: Maushold\n|-singleturn|p2b: Maushold|move: Follow Me\n|move|p1a: Chi-Yu|Nasty Plot|p1a: Chi-Yu\n|-boost|p1a: Chi-Yu|spa|2\n|move|p1b: Grimmsnarl|Spirit Break|p2b: Maushold\n|-damage|p2b: Maushold|0 fnt\n|faint|p2b: Maushold\n|move|p2a: Ting-Lu|Fissure|p1b: Grimmsnarl|[miss]\n|-miss|p2a: Ting-Lu|p1b: Grimmsnarl\n|\n|upkeep\n|\n|t:|1682838923\n|switch|p2b: Sandy Shocks|Sandy Shocks, L50|100\/100\n|-enditem|p2b: Sandy Shocks|Booster Energy\n|-activate|p2b: Sandy Shocks|ability: Protosynthesis|[fromitem]\n|-start|p2b: Sandy Shocks|protosynthesisspe\n|turn|5\n|\n|t:|1682838938\n|move|p2b: Sandy Shocks|Protect|p2b: Sandy Shocks\n|-singleturn|p2b: Sandy Shocks|Protect\n|move|p1a: Chi-Yu|Heat Wave|p2b: Sandy Shocks|[spread] p2a\n|-activate|p2b: Sandy Shocks|move: Protect\n|-damage|p2a: Ting-Lu|6\/100\n|move|p1b: Grimmsnarl|Spirit Break|p2a: Ting-Lu\n|-supereffective|p2a: Ting-Lu\n|-damage|p2a: Ting-Lu|0 fnt\n|faint|p2a: Ting-Lu\n|\n|-fieldend|Misty Terrain\n|upkeep\n|\n|t:|1682838949\n|switch|p2a: Annihilape|Annihilape, L50, M, shiny|100\/100\n|turn|6\n|inactive|PLS6687 has 30 seconds left.\n|\n|t:|1682838975\n|move|p1b: Grimmsnarl|Fake Tears|p2b: Sandy Shocks\n|-unboost|p2b: Sandy Shocks|spd|2\n|move|p2b: Sandy Shocks|Light Screen|p2b: Sandy Shocks\n|-sidestart|p2: PLS6687|move: Light Screen\n|move|p1a: Chi-Yu|Heat Wave|p2b: Sandy Shocks|[spread] p2a,p2b\n|-damage|p2a: Annihilape|36\/100\n|-damage|p2b: Sandy Shocks|0 fnt\n|faint|p2b: Sandy Shocks\n|-end|p2b: Sandy Shocks|Protosynthesis|[silent]\n|move|p2a: Annihilape|Bulk Up|p2a: Annihilape\n|-boost|p2a: Annihilape|atk|1\n|-boost|p2a: Annihilape|def|1\n|\n|upkeep\n|turn|7\n|\n|t:|1682838991\n|move|p1a: Chi-Yu|Dark Pulse|p2a: Annihilape\n|-damage|p2a: Annihilape|0 fnt\n|faint|p2a: Annihilape\n|\n|win|superseriousboi\n|raw|superseriousboi's rating: 1024 → 1058<\/strong> (+34 for winning)\n|raw|PLS6687's rating: 1000 → 1000<\/strong> (+0 for losing)\n|l|\u2606PLS6687\n","uploadtime":1682838998,"views":18,"p1id":"superseriousboi","p2id":"pls6687","formatid":"gen9vgc2023regulationc","rating":1000,"private":0,"password":""}