{"id":"gen9vgc2023regulationc-1861952577","p1":"Kiky14","p2":"alexlgnd","format":"[Gen 9] VGC 2023 Regulation C","log":"|j|\u2606Kiky14\n|j|\u203dalexlgnd\n|t:|1683823630\n|gametype|doubles\n|player|p1|Kiky14|hilbert-wonderlauncher|1094\n|player|p2|alexlgnd|ethan|1022\n|teamsize|p1|6\n|teamsize|p2|6\n|gen|9\n|tier|[Gen 9] VGC 2023 Regulation C\n|rated|\n|rule|Species Clause: Limit one of each Pok\u00e9mon\n|rule|Item Clause: Limit one of each item\n|clearpoke\n|poke|p1|Ceruledge, L50, M|\n|poke|p1|Garganacl, L50, M|\n|poke|p1|Zoroark, L50, F|\n|poke|p1|Flutter Mane, L50|\n|poke|p1|Palafin, L50, F|\n|poke|p1|Amoonguss, L50, F|\n|poke|p2|Maushold-Four, L50|\n|poke|p2|Amoonguss, L50, F|\n|poke|p2|Glimmora, L50, M|\n|poke|p2|Hydreigon, L50, M|\n|poke|p2|Orthworm, L50, F|\n|poke|p2|Dragonite, L50, F|\n|teampreview|4\n|inactive|Battle timer is ON: inactive players will automatically lose when time's up. (requested by alexlgnd)\n|\n|t:|1683823658\n|start\n|switch|p1a: Palafin|Palafin, L50, F, shiny|100\/100\n|switch|p1b: Amoonguss|Amoonguss, L50, F|100\/100\n|switch|p2a: Orthworm|Orthworm, L50, F|100\/100\n|switch|p2b: Glimmora|Glimmora, L50, M|100\/100\n|turn|1\n|inactive|Kiky14 has 30 seconds left.\n|\n|t:|1683823685\n|move|p1a: Palafin|Flip Turn|p2a: Orthworm\n|-damage|p2a: Orthworm|76\/100\n|-damage|p1a: Palafin|84\/100|[from] item: Rocky Helmet|[of] p2a: Orthworm\n|\n|t:|1683823693\n|detailschange|p1a: Palafin|Palafin-Hero, L50, F, shiny\n|switch|p1a: Garganacl|Garganacl, L50, M|100\/100|[from] Flip Turn\n|move|p2b: Glimmora|Acid Armor|p2b: Glimmora\n|-boost|p2b: Glimmora|def|2\n|move|p2a: Orthworm|Stealth Rock|p1a: Garganacl\n|-sidestart|p1: Kiky14|move: Stealth Rock\n|move|p1b: Amoonguss|Spore|p2b: Glimmora\n|-status|p2b: Glimmora|slp|[from] move: Spore\n|\n|upkeep\n|turn|2\n|\n|t:|1683823718\n|cant|p2b: Glimmora|slp\n|move|p2a: Orthworm|Shed Tail|p2a: Orthworm\n|-start|p2a: Orthworm|Substitute|[from] move: Shed Tail\n|-damage|p2a: Orthworm|26\/100\n|\n|t:|1683823729\n|switch|p2a: Dragonite|Dragonite, L50, F|100\/100|[from] Shed Tail\n|move|p1a: Garganacl|Salt Cure|p2b: Glimmora\n|-damage|p2b: Glimmora|91\/100 slp\n|-start|p2b: Glimmora|Salt Cure\n|-activate|p2b: Glimmora|ability: Toxic Debris\n|-sidestart|p1: Kiky14|move: Toxic Spikes\n|move|p1b: Amoonguss|Spore||[still]\n|-fail|p1b: Amoonguss\n|\n|-heal|p2b: Glimmora|97\/100 slp|[from] item: Leftovers\n|-damage|p2b: Glimmora|85\/100 slp|[from] Salt Cure\n|upkeep\n|turn|3\n|\n|t:|1683823747\n|cant|p2b: Glimmora|slp\n|move|p2a: Dragonite|Tailwind|p2a: Dragonite\n|-sidestart|p2: alexlgnd|move: Tailwind\n|move|p1a: Garganacl|Salt Cure|p2a: Dragonite\n|-supereffective|p2a: Dragonite\n|-activate|p2a: Dragonite|move: Substitute|[damage]\n|move|p1b: Amoonguss|Pollen Puff|p2a: Dragonite\n|-resisted|p2a: Dragonite\n|-activate|p2a: Dragonite|move: Substitute|[damage]\n|\n|-heal|p2b: Glimmora|90\/100 slp|[from] item: Leftovers\n|-damage|p2b: Glimmora|78\/100 slp|[from] Salt Cure\n|upkeep\n|turn|4\n|inactive|Kiky14 has 30 seconds left.\n|inactive|alexlgnd has 30 seconds left.\n|\n|t:|1683823775\n|-terastallize|p1a: Garganacl|Ghost\n|cant|p2b: Glimmora|slp\n|move|p2a: Dragonite|Fire Blast|p1b: Amoonguss\n|-supereffective|p1b: Amoonguss\n|-damage|p1b: Amoonguss|60\/100\n|move|p1a: Garganacl|Salt Cure|p2a: Dragonite\n|-supereffective|p2a: Dragonite\n|-end|p2a: Dragonite|Substitute\n|move|p1b: Amoonguss|Spore|p2a: Dragonite\n|-status|p2a: Dragonite|slp|[from] move: Spore\n|\n|-heal|p2b: Glimmora|84\/100 slp|[from] item: Leftovers\n|-heal|p1b: Amoonguss|66\/100|[from] item: Black Sludge\n|-damage|p2b: Glimmora|72\/100 slp|[from] Salt Cure\n|upkeep\n|turn|5\n|inactive|Kiky14 has 30 seconds left.\n|\n|t:|1683823803\n|move|p1b: Amoonguss|Protect|p1b: Amoonguss\n|-singleturn|p1b: Amoonguss|Protect\n|-curestatus|p2b: Glimmora|slp|[msg]\n|move|p2b: Glimmora|Dazzling Gleam|p1a: Garganacl|[spread] p1a\n|-activate|p1b: Amoonguss|move: Protect\n|-damage|p1a: Garganacl|83\/100\n|cant|p2a: Dragonite|slp\n|move|p1a: Garganacl|Salt Cure|p2a: Dragonite\n|-supereffective|p2a: Dragonite\n|-damage|p2a: Dragonite|84\/100 slp\n|-start|p2a: Dragonite|Salt Cure\n|\n|-heal|p2b: Glimmora|78\/100|[from] item: Leftovers\n|-heal|p1b: Amoonguss|72\/100|[from] item: Black Sludge\n|-damage|p2b: Glimmora|66\/100|[from] Salt Cure\n|-damage|p2a: Dragonite|72\/100 slp|[from] Salt Cure\n|upkeep\n|turn|6\n|inactive|Kiky14 has 30 seconds left.\n|inactive|alexlgnd has 30 seconds left.\n|\n|t:|1683823830\n|switch|p1a: Flutter Mane|Flutter Mane, L50|100\/100\n|-enditem|p1a: Flutter Mane|Booster Energy\n|-activate|p1a: Flutter Mane|ability: Protosynthesis|[fromitem]\n|-start|p1a: Flutter Mane|protosynthesisspa\n|-damage|p1a: Flutter Mane|88\/100|[from] Stealth Rock\n|-status|p1a: Flutter Mane|psn\n|cant|p2a: Dragonite|slp\n|move|p2b: Glimmora|Dazzling Gleam|p1b: Amoonguss|[spread] p1a,p1b\n|-resisted|p1b: Amoonguss\n|-damage|p1a: Flutter Mane|65\/100 psn\n|-damage|p1b: Amoonguss|63\/100\n|move|p1b: Amoonguss|Spore|p2b: Glimmora\n|-status|p2b: Glimmora|slp|[from] move: Spore\n|\n|-heal|p2b: Glimmora|71\/100 slp|[from] item: Leftovers\n|-heal|p1b: Amoonguss|69\/100|[from] item: Black Sludge\n|-damage|p1a: Flutter Mane|53\/100 psn|[from] psn\n|-damage|p2b: Glimmora|59\/100 slp|[from] Salt Cure\n|-damage|p2a: Dragonite|60\/100 slp|[from] Salt Cure\n|-sideend|p2: alexlgnd|move: Tailwind\n|upkeep\n|turn|7\n|inactive|alexlgnd has 30 seconds left.\n|\n|t:|1683823859\n|move|p1a: Flutter Mane|Dazzling Gleam|p2b: Glimmora|[spread] p2a,p2b\n|-supereffective|p2a: Dragonite\n|-resisted|p2b: Glimmora\n|-damage|p2a: Dragonite|0 fnt\n|-damage|p2b: Glimmora|25\/100 slp\n|faint|p2a: Dragonite\n|cant|p2b: Glimmora|slp\n|move|p1b: Amoonguss|Pollen Puff|p1a: Flutter Mane\n|-heal|p1a: Flutter Mane|100\/100 psn\n|\n|-heal|p2b: Glimmora|31\/100 slp|[from] item: Leftovers\n|-heal|p1b: Amoonguss|75\/100|[from] item: Black Sludge\n|-damage|p1a: Flutter Mane|88\/100 psn|[from] psn\n|-damage|p2b: Glimmora|19\/100 slp|[from] Salt Cure\n|upkeep\n|\n|t:|1683823875\n|switch|p2a: Hydreigon|Hydreigon, L50, M|100\/100\n|turn|8\n|\n|t:|1683823889\n|move|p1b: Amoonguss|Rage Powder|p1b: Amoonguss\n|-singleturn|p1b: Amoonguss|move: Rage Powder\n|move|p1a: Flutter Mane|Dazzling Gleam|p2a: Hydreigon|[spread] p2a,p2b\n|-supereffective|p2a: Hydreigon\n|-resisted|p2b: Glimmora\n|-damage|p2a: Hydreigon|0 fnt\n|-damage|p2b: Glimmora|0 fnt\n|faint|p2a: Hydreigon\n|faint|p2b: Glimmora\n|\n|-heal|p1b: Amoonguss|81\/100|[from] item: Black Sludge\n|-damage|p1a: Flutter Mane|76\/100 psn|[from] psn\n|upkeep\n|-message|alexlgnd forfeited.\n|\n|win|Kiky14\n|raw|Kiky14's rating: 1094 → 1115<\/strong> (+21 for winning)\n|raw|alexlgnd's rating: 1022 → 1011<\/strong> (-11 for losing)\n|l|\u203dalexlgnd\n","uploadtime":1683823906,"views":14,"p1id":"kiky14","p2id":"alexlgnd","formatid":"gen9vgc2023regulationc","rating":1011,"private":0,"password":""}