{"id":"gen9vgc2023regulationc-1856834869","p1":"Shapy23","p2":"ScrubShadedPurple","format":"[Gen 9] VGC 2023 Regulation C","log":"|j|\u2606Shapy23\n|j|\u2606ScrubShadedPurple\n|t:|1683117548\n|gametype|doubles\n|player|p1|Shapy23|102|1064\n|player|p2|ScrubShadedPurple|102|1132\n|teamsize|p1|6\n|teamsize|p2|6\n|gen|9\n|tier|[Gen 9] VGC 2023 Regulation C\n|rated|\n|rule|Species Clause: Limit one of each Pok\u00e9mon\n|rule|Item Clause: Limit one of each item\n|clearpoke\n|poke|p1|Arcanine, L50, M|\n|poke|p1|Amoonguss, L50, F|\n|poke|p1|Quaquaval, L50, F|\n|poke|p1|Braviary, L50, M|\n|poke|p1|Ting-Lu, L50|\n|poke|p1|Gholdengo, L50|\n|poke|p2|Ceruledge, L50, M|\n|poke|p2|Ting-Lu, L50|\n|poke|p2|Amoonguss, L50, M|\n|poke|p2|Flutter Mane, L50|\n|poke|p2|Gyarados, L50, F|\n|poke|p2|Chien-Pao, L50|\n|teampreview|4\n|inactive|Battle timer is ON: inactive players will automatically lose when time's up. (requested by ScrubShadedPurple)\n|inactive|Shapy23 also wants the timer to be on.\n|inactive|ScrubShadedPurple has 60 seconds left.\n|\n|t:|1683117582\n|start\n|switch|p1a: Quaquaval|Quaquaval, L50, F|100\/100\n|switch|p1b: Braviary|Braviary, L50, M|100\/100\n|switch|p2a: Ting-Lu|Ting-Lu, L50|100\/100\n|switch|p2b: Amoonguss|Amoonguss, L50, M|100\/100\n|-ability|p2a: Ting-Lu|Vessel of Ruin\n|turn|1\n|inactive|Shapy23 has 30 seconds left.\n|inactive|Shapy23 has 20 seconds left.\n|inactive|Shapy23 has 15 seconds left.\n|\n|t:|1683117623\n|switch|p2a: Gyarados|Gyarados, L50, F|100\/100\n|-ability|p2a: Gyarados|Intimidate|boost\n|-unboost|p1a: Quaquaval|atk|1\n|-unboost|p1b: Braviary|atk|1\n|move|p2b: Amoonguss|Protect|p2b: Amoonguss\n|-singleturn|p2b: Amoonguss|Protect\n|move|p1a: Quaquaval|Bulk Up|p1a: Quaquaval\n|-boost|p1a: Quaquaval|atk|1\n|-boost|p1a: Quaquaval|def|1\n|move|p1b: Braviary|Brave Bird|p2b: Amoonguss\n|-activate|p2b: Amoonguss|move: Protect\n|\n|upkeep\n|turn|2\n|inactive|Shapy23 has 30 seconds left.\n|inactive|ScrubShadedPurple has 30 seconds left.\n|inactive|Shapy23 has 20 seconds left.\n|inactive|ScrubShadedPurple has 20 seconds left.\n|inactive|Shapy23 has 15 seconds left.\n|inactive|Shapy23 has 10 seconds left.\n|\n|t:|1683117671\n|switch|p1a: Gholdengo|Gholdengo, L50|100\/100\n|-terastallize|p2b: Amoonguss|Water\n|move|p2a: Gyarados|Thunder Wave|p1a: Gholdengo\n|-immune|p1a: Gholdengo|[from] ability: Good as Gold\n|move|p1b: Braviary|Tailwind|p1b: Braviary\n|-sidestart|p1: Shapy23|move: Tailwind\n|move|p2b: Amoonguss|Spore|p1b: Braviary\n|-status|p1b: Braviary|slp|[from] move: Spore\n|\n|upkeep\n|turn|3\n|\n|t:|1683117693\n|switch|p2a: Ting-Lu|Ting-Lu, L50|100\/100\n|-ability|p2a: Ting-Lu|Vessel of Ruin\n|cant|p1b: Braviary|slp\n|move|p2b: Amoonguss|Protect|p2b: Amoonguss\n|-singleturn|p2b: Amoonguss|Protect\n|move|p1a: Gholdengo|Charge Beam|p2a: Ting-Lu\n|-immune|p2a: Ting-Lu\n|\n|upkeep\n|turn|4\n|inactive|Shapy23 has 30 seconds left.\n|\n|t:|1683117721\n|switch|p2b: Gyarados|Gyarados, L50, F|100\/100\n|-ability|p2b: Gyarados|Intimidate|boost\n|-unboost|p1a: Gholdengo|atk|1\n|-unboost|p1b: Braviary|atk|1\n|move|p1a: Gholdengo|Charge Beam|p2b: Gyarados\n|-supereffective|p2b: Gyarados\n|-damage|p2b: Gyarados|34\/100\n|-boost|p1a: Gholdengo|spa|1\n|-damage|p1a: Gholdengo|91\/100|[from] item: Life Orb\n|-curestatus|p1b: Braviary|slp|[msg]\n|move|p1b: Braviary|Facade|p2a: Ting-Lu\n|-damage|p2a: Ting-Lu|90\/100\n|move|p2a: Ting-Lu|Earthquake|p1b: Braviary|[spread] p1a\n|-immune|p2b: Gyarados\n|-immune|p1b: Braviary\n|-supereffective|p1a: Gholdengo\n|-damage|p1a: Gholdengo|30\/100\n|\n|upkeep\n|turn|5\n|\n|t:|1683117744\n|move|p1b: Braviary|Helping Hand|p1a: Gholdengo\n|-immune|p1a: Gholdengo|[from] ability: Good as Gold\n|move|p2b: Gyarados|Protect|p2b: Gyarados\n|-singleturn|p2b: Gyarados|Protect\n|move|p1a: Gholdengo|Make It Rain|p2b: Gyarados|[spread] p2a\n|-activate|p2b: Gyarados|move: Protect\n|-damage|p2a: Ting-Lu|60\/100\n|-unboost|p1a: Gholdengo|spa|1\n|-damage|p1a: Gholdengo|20\/100|[from] item: Life Orb\n|move|p2a: Ting-Lu|Earthquake|p1b: Braviary|[spread] p1a\n|-activate|p2b: Gyarados|move: Protect\n|-immune|p1b: Braviary\n|-supereffective|p1a: Gholdengo\n|-damage|p1a: Gholdengo|0 fnt\n|faint|p1a: Gholdengo\n|\n|-sideend|p1: Shapy23|move: Tailwind\n|upkeep\n|\n|t:|1683117764\n|switch|p1a: Amoonguss|Amoonguss, L50, F|100\/100\n|turn|6\n|\n|t:|1683117781\n|switch|p2b: Amoonguss|Amoonguss, L50, M, tera:Water|100\/100\n|move|p1b: Braviary|Facade|p2b: Amoonguss\n|-damage|p2b: Amoonguss|86\/100\n|move|p2a: Ting-Lu|Ruination|p1a: Amoonguss|[miss]\n|-miss|p2a: Ting-Lu|p1a: Amoonguss\n|move|p1a: Amoonguss|Pollen Puff|p2a: Ting-Lu\n|-supereffective|p2a: Ting-Lu\n|-damage|p2a: Ting-Lu|46\/100\n|\n|upkeep\n|turn|7\n|inactive|Shapy23 has 30 seconds left.\n|inactive|Shapy23 has 20 seconds left.\n|inactive|Shapy23 has 15 seconds left.\n|\n|t:|1683117825\n|switch|p1b: Quaquaval|Quaquaval, L50, F|100\/100\n|move|p2a: Ting-Lu|Ruination|p1a: Amoonguss\n|-damage|p1a: Amoonguss|51\/100\n|move|p2b: Amoonguss|Pollen Puff|p2a: Ting-Lu\n|-heal|p2a: Ting-Lu|96\/100\n|move|p1a: Amoonguss|Spore|p2b: Amoonguss\n|-status|p2b: Amoonguss|slp|[from] move: Spore\n|\n|upkeep\n|turn|8\n|inactive|ScrubShadedPurple has 30 seconds left.\n|\n|t:|1683117855\n|switch|p2b: Gyarados|Gyarados, L50, F|34\/100\n|-ability|p2b: Gyarados|Intimidate|boost\n|-unboost|p1a: Amoonguss|atk|1\n|-unboost|p1b: Quaquaval|atk|1\n|move|p1b: Quaquaval|Bulk Up|p1b: Quaquaval\n|-boost|p1b: Quaquaval|atk|1\n|-boost|p1b: Quaquaval|def|1\n|move|p2a: Ting-Lu|Ruination|p1a: Amoonguss\n|-damage|p1a: Amoonguss|26\/100\n|move|p1a: Amoonguss|Spore|p2a: Ting-Lu\n|-status|p2a: Ting-Lu|slp|[from] move: Spore\n|\n|upkeep\n|turn|9\n|inactive|Shapy23 has 30 seconds left.\n|inactive|ScrubShadedPurple has 30 seconds left.\n|\n|t:|1683117887\n|move|p1b: Quaquaval|Close Combat|p2b: Gyarados\n|-resisted|p2b: Gyarados\n|-damage|p2b: Gyarados|6\/100\n|-unboost|p1b: Quaquaval|def|1\n|-unboost|p1b: Quaquaval|spd|1\n|move|p2b: Gyarados|Thunder Wave|p1b: Quaquaval\n|-status|p1b: Quaquaval|par\n|cant|p2a: Ting-Lu|slp\n|move|p1a: Amoonguss|Pollen Puff|p2b: Gyarados\n|-resisted|p2b: Gyarados\n|-damage|p2b: Gyarados|0 fnt\n|faint|p2b: Gyarados\n|\n|upkeep\n|\n|t:|1683117905\n|switch|p2b: Flutter Mane|Flutter Mane, L50|100\/100\n|turn|10\n|inactive|ScrubShadedPurple has 30 seconds left.\n|\n|t:|1683117935\n|-terastallize|p1b: Quaquaval|Fire\n|move|p2b: Flutter Mane|Dazzling Gleam|p1a: Amoonguss|[spread] p1a,p1b\n|-resisted|p1a: Amoonguss\n|-resisted|p1b: Quaquaval\n|-damage|p1a: Amoonguss|10\/100\n|-damage|p1b: Quaquaval|68\/100 par\n|cant|p1b: Quaquaval|par\n|cant|p2a: Ting-Lu|slp\n|move|p1a: Amoonguss|Spore|p2b: Flutter Mane\n|-status|p2b: Flutter Mane|slp|[from] move: Spore\n|\n|upkeep\n|turn|11\n|inactive|Shapy23 has 30 seconds left.\n|\n|t:|1683117966\n|-end|p2b: Flutter Mane|Protosynthesis|[silent]\n|switch|p2b: Amoonguss|Amoonguss, L50, M, tera:Water|100\/100 slp\n|move|p1b: Quaquaval|Bulk Up|p1b: Quaquaval\n|-boost|p1b: Quaquaval|atk|1\n|-boost|p1b: Quaquaval|def|1\n|-curestatus|p2a: Ting-Lu|slp|[msg]\n|move|p2a: Ting-Lu|Earthquake|p1a: Amoonguss|[spread] p2b,p1a,p1b\n|-supereffective|p1b: Quaquaval\n|-damage|p2b: Amoonguss|68\/100 slp\n|-damage|p1a: Amoonguss|0 fnt\n|-damage|p1b: Quaquaval|7\/100 par\n|faint|p1a: Amoonguss\n|\n|upkeep\n|\n|t:|1683117978\n|switch|p1a: Braviary|Braviary, L50, M|100\/100\n|turn|12\n|\n|t:|1683117988\n|move|p1a: Braviary|Tailwind|p1a: Braviary\n|-sidestart|p1: Shapy23|move: Tailwind\n|cant|p1b: Quaquaval|par\n|move|p2a: Ting-Lu|Earthquake|p1b: Quaquaval|[spread] p2b,p1b\n|-immune|p1a: Braviary\n|-supereffective|p1b: Quaquaval\n|-damage|p2b: Amoonguss|39\/100 slp\n|-damage|p1b: Quaquaval|0 fnt\n|faint|p1b: Quaquaval\n|cant|p2b: Amoonguss|slp\n|\n|upkeep\n|turn|13\n|-message|Shapy23 forfeited.\n|\n|win|ScrubShadedPurple\n|raw|Shapy23's rating: 1064 → 1048<\/strong> (-16 for losing)\n|raw|ScrubShadedPurple's rating: 1132 → 1152<\/strong> (+20 for winning)\n|l|\u2606Shapy23\n","uploadtime":1683118009,"views":6,"p1id":"shapy23","p2id":"scrubshadedpurple","formatid":"gen9vgc2023regulationc","rating":1048,"private":0,"password":""}