{"id":"gen9vgc2023regulationc-1846915394","p1":"Xepher008","p2":"Y-silver","format":"[Gen 9] VGC 2023 Regulation C","log":"|j|\u2606Xepher008\n|j|\u2606Y-silver\n|t:|1681900369\n|gametype|doubles\n|player|p1|Xepher008|2|1163\n|player|p2|Y-silver|saturn|1176\n|teamsize|p1|6\n|teamsize|p2|6\n|gen|9\n|tier|[Gen 9] VGC 2023 Regulation C\n|rated|\n|rule|Species Clause: Limit one of each Pok\u00e9mon\n|rule|Item Clause: Limit one of each item\n|clearpoke\n|poke|p1|Flutter Mane, L50|\n|poke|p1|Gastrodon, L50, M|\n|poke|p1|Chi-Yu, L50|\n|poke|p1|Chien-Pao, L50|\n|poke|p1|Dragonite, L50, M|\n|poke|p1|Amoonguss, L50, M|\n|poke|p2|Arcanine, L50, M|\n|poke|p2|Palafin, L50, F|\n|poke|p2|Amoonguss, L50, M|\n|poke|p2|Flutter Mane, L50|\n|poke|p2|Ting-Lu, L50|\n|poke|p2|Baxcalibur, L50, F|\n|teampreview|4\nY-silver has agreed to open team sheets.\n|inactive|Battle timer is ON: inactive players will automatically lose when time's up. (requested by Xepher008)\n|inactive|Y-silver has 60 seconds left.\n|\n|t:|1681900431\n|start\n|switch|p1a: Gastrodon|Gastrodon, L50, M|100\/100\n|switch|p1b: Chi-Yu|Chi-Yu, L50|100\/100\n|switch|p2a: Baxcalibur|Baxcalibur, L50, F|100\/100\n|switch|p2b: Palafin|Palafin, L50, F, shiny|100\/100\n|-ability|p1b: Chi-Yu|Beads of Ruin\n|turn|1\n|inactive|Xepher008 has 30 seconds left.\n|inactive|Xepher008 has 20 seconds left.\n|\n|t:|1681900469\n|detailschange|p2b: Palafin|Palafin-Hero, L50, F, shiny\n|switch|p2b: Arcanine|Arcanine, L50, M|100\/100\n|-ability|p2b: Arcanine|Intimidate|boost\n|-unboost|p1a: Gastrodon|atk|1\n|-unboost|p1b: Chi-Yu|atk|1\n|move|p1b: Chi-Yu|Dark Pulse|p2b: Arcanine\n|-damage|p2b: Arcanine|50\/100\n|move|p2a: Baxcalibur|Icicle Crash|p1a: Gastrodon\n|-damage|p1a: Gastrodon|50\/100\n|move|p1a: Gastrodon|Muddy Water|p2b: Arcanine|[spread] p2b\n|-miss|p1a: Gastrodon|p2a: Baxcalibur\n|-supereffective|p2b: Arcanine\n|-damage|p2b: Arcanine|0 fnt\n|faint|p2b: Arcanine\n|\n|upkeep\n|\n|t:|1681900484\n|switch|p2b: Flutter Mane|Flutter Mane, L50|100\/100\n|turn|2\n|\n|t:|1681900507\n|move|p1a: Gastrodon|Protect|p1a: Gastrodon\n|-singleturn|p1a: Gastrodon|Protect\n|move|p2b: Flutter Mane|Dazzling Gleam|p1a: Gastrodon|[spread] p1b\n|-activate|p1a: Gastrodon|move: Protect\n|-damage|p1b: Chi-Yu|39\/100\n|move|p1b: Chi-Yu|Snarl|p2a: Baxcalibur|[spread] p2a,p2b\n|-damage|p2a: Baxcalibur|74\/100\n|-damage|p2b: Flutter Mane|69\/100\n|-unboost|p2b: Flutter Mane|spa|1\n|move|p2a: Baxcalibur|Glaive Rush|p1b: Chi-Yu\n|-damage|p1b: Chi-Yu|0 fnt\n|-singlemove|p2a: Baxcalibur|Glaive Rush|[silent]\n|faint|p1b: Chi-Yu\n|\n|upkeep\n|inactive|Xepher008 has 30 seconds left.\n|inactive|Xepher008 has 20 seconds left.\n|\n|t:|1681900544\n|switch|p1b: Flutter Mane|Flutter Mane, L50|100\/100\n|turn|3\n|inactive|Y-silver has 30 seconds left.\n|\n|t:|1681900577\n|-terastallize|p2a: Baxcalibur|Poison\n|-terastallize|p1a: Gastrodon|Fire\n|move|p1b: Flutter Mane|Dazzling Gleam|p2a: Baxcalibur|[spread] p2a,p2b\n|-resisted|p2a: Baxcalibur\n|-damage|p2a: Baxcalibur|30\/100\n|-damage|p2b: Flutter Mane|18\/100\n|move|p2b: Flutter Mane|Dazzling Gleam|p1b: Flutter Mane|[spread] p1a,p1b\n|-resisted|p1a: Gastrodon\n|-damage|p1a: Gastrodon|32\/100\n|-damage|p1b: Flutter Mane|64\/100\n|move|p2a: Baxcalibur|Icicle Crash|p1a: Gastrodon\n|-resisted|p1a: Gastrodon\n|-damage|p1a: Gastrodon|5\/100\n|move|p1a: Gastrodon|Muddy Water|p2b: Flutter Mane|[spread] p2a,p2b\n|-damage|p2a: Baxcalibur|0 fnt\n|-damage|p2b: Flutter Mane|0 fnt\n|faint|p2a: Baxcalibur\n|faint|p2b: Flutter Mane\n|-end|p2b: Flutter Mane|Protosynthesis|[silent]\n|\n|upkeep\n|\n|t:|1681900594\n|switch|p2a: Palafin|Palafin-Hero, L50, F, shiny|100\/100\n|-activate|p2a: Palafin|ability: Zero to Hero\n|turn|4\n|\n|t:|1681900604\n|move|p1a: Gastrodon|Protect|p1a: Gastrodon\n|-singleturn|p1a: Gastrodon|Protect\n|move|p2a: Palafin|Jet Punch|p1a: Gastrodon\n|-activate|p1a: Gastrodon|ability: Storm Drain\n|-activate|p1a: Gastrodon|move: Protect\n|move|p1b: Flutter Mane|Dazzling Gleam|p2a: Palafin\n|-damage|p2a: Palafin|38\/100\n|\n|upkeep\n|turn|5\n|-message|Y-silver forfeited.\n|\n|win|Xepher008\n|raw|Xepher008's rating: 1163 → 1189<\/strong> (+26 for winning)\n|raw|Y-silver's rating: 1176 → 1150<\/strong> (-26 for losing)\n|l|\u2606Y-silver\n","uploadtime":1681900622,"views":12,"p1id":"xepher008","p2id":"ysilver","formatid":"gen9vgc2023regulationc","rating":1150,"private":0,"password":""}