{"id":"gen9vgc2023regulationc-1856518968","p1":"HocusPocusAlakazam","p2":"Delibirdsbags","format":"[Gen 9] VGC 2023 Regulation C","log":"|j|\u2606HocusPocusAlakazam\n|j|\u2606Delibirdsbags\n|t:|1683070813\n|gametype|doubles\n|player|p1|HocusPocusAlakazam|colress|1228\n|player|p2|Delibirdsbags|169|1291\n|teamsize|p1|6\n|teamsize|p2|6\n|gen|9\n|tier|[Gen 9] VGC 2023 Regulation C\n|rated|\n|rule|Species Clause: Limit one of each Pok\u00e9mon\n|rule|Item Clause: Limit one of each item\n|clearpoke\n|poke|p1|Arcanine, L50, M|\n|poke|p1|Amoonguss, L50, F|\n|poke|p1|Flutter Mane, L50|\n|poke|p1|Palafin, L50, M|\n|poke|p1|Baxcalibur, L50, M|\n|poke|p1|Ting-Lu, L50|\n|poke|p2|Krookodile, L50, F|\n|poke|p2|Flutter Mane, L50|\n|poke|p2|Volcarona, L50, F|\n|poke|p2|Murkrow, L50, M|\n|poke|p2|Chien-Pao, L50|\n|poke|p2|Gyarados, L50, F|\n|teampreview|4\nHocusPocusAlakazam has agreed to open team sheets.\n|inactive|Battle timer is ON: inactive players will automatically lose when time's up. (requested by HocusPocusAlakazam)\n|inactive|Delibirdsbags has 60 seconds left.\n|\n|t:|1683070851\n|start\n|switch|p1a: Flutter Mane|Flutter Mane, L50, shiny|100\/100\n|switch|p1b: Palafin|Palafin, L50, M|100\/100\n|switch|p2a: Flutter Mane|Flutter Mane, L50|100\/100\n|switch|p2b: Volcarona|Volcarona, L50, F|100\/100\n|turn|1\n|inactive|HocusPocusAlakazam has 30 seconds left.\n|\n|t:|1683070877\n|detailschange|p1b: Palafin|Palafin-Hero, L50, M\n|switch|p1b: Ting-Lu|Ting-Lu, L50|100\/100\n|-ability|p1b: Ting-Lu|Vessel of Ruin\n|move|p1a: Flutter Mane|Shadow Ball|p2a: Flutter Mane\n|-supereffective|p2a: Flutter Mane\n|-damage|p2a: Flutter Mane|17\/100\n|-unboost|p2a: Flutter Mane|spd|1\n|move|p2a: Flutter Mane|Shadow Ball|p1a: Flutter Mane\n|-supereffective|p1a: Flutter Mane\n|-damage|p1a: Flutter Mane|5\/100\n|move|p2b: Volcarona|Quiver Dance|p2b: Volcarona\n|-boost|p2b: Volcarona|spa|1\n|-boost|p2b: Volcarona|spd|1\n|-boost|p2b: Volcarona|spe|1\n|\n|upkeep\n|turn|2\n|\n|t:|1683070902\n|-terastallize|p2b: Volcarona|Grass\n|-terastallize|p1b: Ting-Lu|Poison\n|move|p2b: Volcarona|Heat Wave|p1a: Flutter Mane|[spread] p1a,p1b\n|-damage|p1a: Flutter Mane|0 fnt\n|-damage|p1b: Ting-Lu|81\/100\n|faint|p1a: Flutter Mane\n|-end|p1a: Flutter Mane|Protosynthesis|[silent]\n|move|p2a: Flutter Mane|Shadow Ball|p1b: Ting-Lu\n|-damage|p1b: Ting-Lu|58\/100\n|move|p1b: Ting-Lu|Stone Edge|p2b: Volcarona\n|-crit|p2b: Volcarona\n|-damage|p2b: Volcarona|48\/100\n|\n|upkeep\n|\n|t:|1683070909\n|switch|p1a: Arcanine|Arcanine, L50, M|100\/100\n|-ability|p1a: Arcanine|Intimidate|boost\n|-unboost|p2a: Flutter Mane|atk|1\n|-unboost|p2b: Volcarona|atk|1\n|turn|3\n|inactive|HocusPocusAlakazam has 30 seconds left.\n|inactive|HocusPocusAlakazam has 20 seconds left.\n|inactive|HocusPocusAlakazam has 15 seconds left.\n|\n|t:|1683070950\n|move|p2b: Volcarona|Protect|p2b: Volcarona\n|-singleturn|p2b: Volcarona|Protect\n|move|p1a: Arcanine|Extreme Speed|p2b: Volcarona\n|-activate|p2b: Volcarona|move: Protect\n|move|p2a: Flutter Mane|Shadow Ball|p1a: Arcanine\n|-damage|p1a: Arcanine|48\/100\n|move|p1b: Ting-Lu|Heavy Slam|p2a: Flutter Mane\n|-supereffective|p2a: Flutter Mane\n|-damage|p2a: Flutter Mane|0 fnt\n|faint|p2a: Flutter Mane\n|-end|p2a: Flutter Mane|Protosynthesis|[silent]\n|\n|upkeep\n|\n|t:|1683070966\n|switch|p2a: Gyarados|Gyarados, L50, F|100\/100\n|-ability|p2a: Gyarados|Intimidate|boost\n|-unboost|p1a: Arcanine|atk|1\n|-unboost|p1b: Ting-Lu|atk|1\n|turn|4\n|\n|t:|1683070990\n|move|p1a: Arcanine|Extreme Speed|p2b: Volcarona\n|-damage|p2b: Volcarona|32\/100\n|move|p2b: Volcarona|Heat Wave|p1a: Arcanine|[spread] p1a,p1b\n|-resisted|p1a: Arcanine\n|-damage|p1a: Arcanine|28\/100\n|-damage|p1b: Ting-Lu|39\/100\n|move|p2a: Gyarados|Waterfall|p1b: Ting-Lu\n|-damage|p1b: Ting-Lu|11\/100\n|move|p1b: Ting-Lu|Stone Edge|p2a: Gyarados\n|-supereffective|p2a: Gyarados\n|-damage|p2a: Gyarados|53\/100\n|\n|upkeep\n|turn|5\n|\n|t:|1683071014\n|switch|p1b: Palafin|Palafin-Hero, L50, M|100\/100\n|-activate|p1b: Palafin|ability: Zero to Hero\n|move|p2b: Volcarona|Heat Wave|p1b: Palafin|[spread] p1b\n|-miss|p2b: Volcarona|p1a: Arcanine\n|-resisted|p1b: Palafin\n|-damage|p1b: Palafin|76\/100\n|move|p1a: Arcanine|Flare Blitz|p2b: Volcarona\n|-supereffective|p2b: Volcarona\n|-damage|p2b: Volcarona|0 fnt\n|faint|p2b: Volcarona\n|-damage|p1a: Arcanine|18\/100|[from] Recoil\n|move|p2a: Gyarados|Waterfall|p1b: Palafin\n|-resisted|p1b: Palafin\n|-damage|p1b: Palafin|55\/100\n|\n|upkeep\n|\n|t:|1683071032\n|switch|p2b: Chien-Pao|Chien-Pao, L50|100\/100\n|-ability|p2b: Chien-Pao|Sword of Ruin\n|turn|6\n|\n|t:|1683071041\n|switch|p1a: Ting-Lu|Ting-Lu, L50, tera:Poison|11\/100\n|-ability|p1a: Ting-Lu|Vessel of Ruin\n|move|p2b: Chien-Pao|Protect|p2b: Chien-Pao\n|-singleturn|p2b: Chien-Pao|Protect\n|move|p1b: Palafin|Protect|p1b: Palafin\n|-singleturn|p1b: Palafin|Protect\n|move|p2a: Gyarados|Waterfall|p1a: Ting-Lu\n|-damage|p1a: Ting-Lu|0 fnt\n|faint|p1a: Ting-Lu\n|\n|upkeep\n|\n|t:|1683071043\n|switch|p1a: Arcanine|Arcanine, L50, M|18\/100\n|-ability|p1a: Arcanine|Intimidate|boost\n|-unboost|p2a: Gyarados|atk|1\n|-unboost|p2b: Chien-Pao|atk|1\n|turn|7\n|inactive|Delibirdsbags has 30 seconds left.\n|\n|t:|1683071071\n|move|p2b: Chien-Pao|Sacred Sword|p1b: Palafin\n|-crit|p1b: Palafin\n|-damage|p1b: Palafin|6\/100\n|move|p1a: Arcanine|Will-O-Wisp|p2b: Chien-Pao\n|-status|p2b: Chien-Pao|brn\n|move|p1b: Palafin|Substitute|p1b: Palafin\n|-fail|p1b: Palafin|move: Substitute|[weak]\n|move|p2a: Gyarados|Waterfall|p1a: Arcanine\n|-supereffective|p1a: Arcanine\n|-damage|p1a: Arcanine|0 fnt\n|faint|p1a: Arcanine\n|\n|-damage|p2b: Chien-Pao|95\/100 brn|[from] brn\n|upkeep\n|turn|8\n|-message|HocusPocusAlakazam forfeited.\n|\n|win|Delibirdsbags\n|raw|HocusPocusAlakazam's rating: 1228 → 1207<\/strong> (-21 for losing)\n|raw|Delibirdsbags's rating: 1291 → 1312<\/strong> (+21 for winning)\n","uploadtime":1683071095,"views":9,"p1id":"hocuspocusalakazam","p2id":"delibirdsbags","formatid":"gen9vgc2023regulationc","rating":1207,"private":0,"password":""}