{"id":"gen9vgc2023regulationc-1845443487","p1":"Mikralas","p2":"crturtle","format":"[Gen 9] VGC 2023 Regulation C","log":"|j|\u2606Mikralas\n|j|\u2606crturtle\n|t:|1681733914\n|gametype|doubles\n|player|p1|Mikralas|caitlin|1000\n|player|p2|crturtle|red|1000\n|teamsize|p1|6\n|teamsize|p2|6\n|gen|9\n|tier|[Gen 9] VGC 2023 Regulation C\n|rated|\n|rule|Species Clause: Limit one of each Pok\u00e9mon\n|rule|Item Clause: Limit one of each item\n|clearpoke\n|poke|p1|Ampharos, L50, M|\n|poke|p1|Breloom, L50, F|\n|poke|p1|Gardevoir, L50, F|\n|poke|p1|Ceruledge, L50, F|\n|poke|p1|Gyarados, L50, M|\n|poke|p1|Toxtricity-Low-Key, L50, M|\n|poke|p2|Dondozo, L50, M|\n|poke|p2|Tatsugiri-Droopy, L50, M|\n|poke|p2|Pelipper, L50, M|\n|poke|p2|Drednaw, L50, F|\n|poke|p2|Dragonite, L50, M|\n|poke|p2|Chien-Pao, L50|\n|teampreview|4\n|\n|t:|1681733933\n|start\n|switch|p1a: Gardevoir|Gardevoir, L50, F|100\/100\n|switch|p1b: Gyarados|Gyarados, L50, M|100\/100\n|switch|p2a: Dragonite|Dragonite, L50, M|100\/100\n|switch|p2b: Chien-Pao|Chien-Pao, L50|100\/100\n|-ability|p2b: Chien-Pao|Sword of Ruin\n|-ability|p1b: Gyarados|Intimidate|boost\n|-fail|p2a: Dragonite|unboost|Attack|[from] ability: Inner Focus|[of] p2a: Dragonite\n|-unboost|p2b: Chien-Pao|atk|1\n|-ability|p1a: Gardevoir|Inner Focus|[from] ability: Trace|[of] p2a: Dragonite\n|turn|1\n|\n|t:|1681733980\n|move|p2b: Chien-Pao|Sucker Punch||[still]\n|-fail|p2b: Chien-Pao\n|move|p2a: Dragonite|Thunder Wave|p1a: Gardevoir\n|-status|p1a: Gardevoir|par\n|move|p1b: Gyarados|Thunder Wave|p2a: Dragonite\n|-status|p2a: Dragonite|par\n|-enditem|p2a: Dragonite|Lum Berry|[eat]\n|-curestatus|p2a: Dragonite|par|[msg]\n|move|p1a: Gardevoir|Will-O-Wisp|p2b: Chien-Pao\n|-status|p2b: Chien-Pao|brn\n|\n|-damage|p2b: Chien-Pao|95\/100 brn|[from] brn\n|upkeep\n|turn|2\n|\n|t:|1681734016\n|move|p2a: Dragonite|Extreme Speed|p1a: Gardevoir\n|-damage|p1a: Gardevoir|46\/100 par\n|move|p2b: Chien-Pao|Ice Spinner|p1a: Gardevoir\n|-damage|p1a: Gardevoir|20\/100 par\n|move|p1b: Gyarados|Thunder Wave|p2a: Dragonite\n|-status|p2a: Dragonite|par\n|move|p1a: Gardevoir|Trick Room|p1a: Gardevoir\n|-fieldstart|move: Trick Room|[of] p1a: Gardevoir\n|\n|-damage|p2b: Chien-Pao|89\/100 brn|[from] brn\n|upkeep\n|turn|3\n|\n|t:|1681734057\n|move|p2b: Chien-Pao|Protect|p2b: Chien-Pao\n|-singleturn|p2b: Chien-Pao|Protect\n|cant|p2a: Dragonite|par\n|move|p1a: Gardevoir|Mystical Fire|p2b: Chien-Pao\n|-activate|p2b: Chien-Pao|move: Protect\n|move|p1b: Gyarados|Crunch|p2a: Dragonite\n|-damage|p2a: Dragonite|61\/100 par\n|\n|-damage|p2b: Chien-Pao|83\/100 brn|[from] brn\n|upkeep\n|turn|4\n|\n|t:|1681734086\n|move|p2a: Dragonite|Extreme Speed|p1a: Gardevoir\n|-damage|p1a: Gardevoir|0 fnt\n|faint|p1a: Gardevoir\n|move|p1b: Gyarados|Crunch|p2a: Dragonite\n|-damage|p2a: Dragonite|20\/100 par\n|move|p2b: Chien-Pao|Ice Spinner|p1b: Gyarados\n|-damage|p1b: Gyarados|83\/100\n|-damage|p2b: Chien-Pao|67\/100 brn|[from] item: Rocky Helmet|[of] p1b: Gyarados\n|\n|-damage|p2b: Chien-Pao|61\/100 brn|[from] brn\n|upkeep\n|\n|t:|1681734100\n|switch|p1a: Toxtricity|Toxtricity-Low-Key, L50, M|100\/100\n|-item|p1a: Toxtricity|Air Balloon\n|turn|5\n|\n|t:|1681734124\n|switch|p1b: Amphos|Ampharos, L50, M|100\/100\n|move|p2a: Dragonite|Extreme Speed|p1a: Toxtricity\n|-damage|p1a: Toxtricity|44\/100\n|-enditem|p1a: Toxtricity|Air Balloon\n|move|p1a: Toxtricity|Magnetic Flux|p1a: Toxtricity\n|-boost|p1a: Toxtricity|def|1\n|-boost|p1a: Toxtricity|spd|1\n|-boost|p1b: Amphos|def|1\n|-boost|p1b: Amphos|spd|1\n|move|p2b: Chien-Pao|Ice Spinner|p1a: Toxtricity\n|-damage|p1a: Toxtricity|27\/100\n|\n|-damage|p2b: Chien-Pao|55\/100 brn|[from] brn\n|upkeep\n|turn|6\n|\n|t:|1681734151\n|move|p1a: Toxtricity|Protect|p1a: Toxtricity\n|-singleturn|p1a: Toxtricity|Protect\n|move|p2b: Chien-Pao|Protect|p2b: Chien-Pao\n|-singleturn|p2b: Chien-Pao|Protect\n|cant|p2a: Dragonite|par\n|move|p1b: Amphos|Thunderbolt|p2a: Dragonite\n|-damage|p2a: Dragonite|0 fnt\n|faint|p2a: Dragonite\n|\n|-damage|p2b: Chien-Pao|49\/100 brn|[from] brn\n|-fieldend|move: Trick Room\n|upkeep\n|\n|t:|1681734176\n|switch|p2a: Drednaw|Drednaw, L50, F|100\/100\n|turn|7\n|\n|t:|1681734194\n|-terastallize|p2a: Drednaw|Grass\n|move|p2b: Chien-Pao|Sucker Punch|p1b: Amphos\n|-damage|p1b: Amphos|90\/100\n|move|p2a: Drednaw|Earthquake|p1a: Toxtricity|[spread] p2b,p1a,p1b\n|-supereffective|p1a: Toxtricity\n|-supereffective|p1b: Amphos\n|-damage|p2b: Chien-Pao|0 fnt\n|-damage|p1a: Toxtricity|0 fnt\n|-damage|p1b: Amphos|14\/100\n|faint|p2b: Chien-Pao\n|faint|p1a: Toxtricity\n|move|p1b: Amphos|Thunderbolt|p2a: Drednaw\n|-resisted|p2a: Drednaw\n|-damage|p2a: Drednaw|68\/100\n|\n|-heal|p1b: Amphos|20\/100|[from] item: Leftovers\n|upkeep\n|\n|t:|1681734210\n|switch|p2b: Pelipper|Pelipper, L50, M|100\/100\n|switch|p1a: Gyarados|Gyarados, L50, M|83\/100\n|-ability|p1a: Gyarados|Intimidate|boost\n|-unboost|p2a: Drednaw|atk|1\n|-unboost|p2b: Pelipper|atk|1\n|-weather|RainDance|[from] ability: Drizzle|[of] p2b: Pelipper\n|turn|8\n|\n|t:|1681734231\n|move|p1b: Amphos|Protect|p1b: Amphos\n|-singleturn|p1b: Amphos|Protect\n|move|p2a: Drednaw|Earthquake|p1a: Gyarados|[spread] \n|-activate|p1b: Amphos|move: Protect\n|-immune|p2b: Pelipper\n|-immune|p1a: Gyarados\n|move|p1a: Gyarados|Thunder Wave|p2a: Drednaw\n|-status|p2a: Drednaw|par\n|move|p2b: Pelipper|Hurricane|p1a: Gyarados\n|-damage|p1a: Gyarados|36\/100\n|\n|-weather|RainDance|[upkeep]\n|-heal|p1b: Amphos|26\/100|[from] item: Leftovers\n|upkeep\n|turn|9\n|\n|t:|1681734257\n|-terastallize|p1b: Amphos|Ice\n|move|p2b: Pelipper|Protect|p2b: Pelipper\n|-singleturn|p2b: Pelipper|Protect\n|move|p2a: Drednaw|Earthquake|p1b: Amphos|[spread] p1b\n|-activate|p2b: Pelipper|move: Protect\n|-immune|p1a: Gyarados\n|-damage|p1b: Amphos|9\/100\n|move|p1a: Gyarados|Crunch|p2a: Drednaw\n|-damage|p2a: Drednaw|35\/100 par\n|-unboost|p2a: Drednaw|def|1\n|move|p1b: Amphos|Tera Blast|p2a: Drednaw\n|-supereffective|p2a: Drednaw\n|-damage|p2a: Drednaw|0 fnt\n|faint|p2a: Drednaw\n|\n|-weather|RainDance|[upkeep]\n|-heal|p1b: Amphos|15\/100|[from] item: Leftovers\n|upkeep\n|turn|10\n|\n|t:|1681734296\n|move|p1b: Amphos|Protect|p1b: Amphos\n|-singleturn|p1b: Amphos|Protect\n|move|p1a: Gyarados|Thunder Wave|p2b: Pelipper\n|-status|p2b: Pelipper|par\n|move|p2b: Pelipper|Hydro Pump|p1b: Amphos\n|-activate|p1b: Amphos|move: Protect\n|\n|-weather|RainDance|[upkeep]\n|-heal|p1b: Amphos|21\/100|[from] item: Leftovers\n|upkeep\n|turn|11\n|\n|t:|1681734315\n|move|p1a: Gyarados|Crunch|p2b: Pelipper\n|-damage|p2b: Pelipper|66\/100 par\n|-unboost|p2b: Pelipper|def|1\n|move|p1b: Amphos|Thunderbolt|p2b: Pelipper\n|-supereffective|p2b: Pelipper\n|-damage|p2b: Pelipper|0 fnt\n|faint|p2b: Pelipper\n|\n|win|Mikralas\n|raw|Mikralas's rating: 1000 → 1040<\/strong> (+40 for winning)\n|raw|crturtle's rating: 1000 → 1000<\/strong> (+0 for losing)\n","uploadtime":1681734333,"views":10,"p1id":"mikralas","p2id":"crturtle","formatid":"gen9vgc2023regulationc","rating":1000,"private":0,"password":""}