{"id":"gen9vgc2023regulationc-1847087556","p1":"ThePyre","p2":"BlindMagneton","format":"[Gen 9] VGC 2023 Regulation C","log":"|j|\u2606ThePyre\n|j|\u2606BlindMagneton\n|t:|1681918037\n|gametype|doubles\n|player|p1|ThePyre|2|1192\n|player|p2|BlindMagneton|wattson|1293\n|teamsize|p1|6\n|teamsize|p2|6\n|gen|9\n|tier|[Gen 9] VGC 2023 Regulation C\n|rated|\n|rule|Species Clause: Limit one of each Pok\u00e9mon\n|rule|Item Clause: Limit one of each item\n|clearpoke\n|poke|p1|Lilligant, L50, F|\n|poke|p1|Torkoal, L50, M|\n|poke|p1|Iron Hands, L50|\n|poke|p1|Gothitelle, L50, M|\n|poke|p1|Flutter Mane, L50|\n|poke|p1|Chi-Yu, L50|\n|poke|p2|Iron Bundle, L50|\n|poke|p2|Palafin, L50, M|\n|poke|p2|Ceruledge, L50, F|\n|poke|p2|Grimmsnarl, L50, M|\n|poke|p2|Dachsbun, L50, F|\n|poke|p2|Dragapult, L50, F|\n|teampreview|4\n|inactive|Battle timer is ON: inactive players will automatically lose when time's up. (requested by ThePyre)\n|inactive|ThePyre has 60 seconds left.\n|inactive|BlindMagneton has 60 seconds left.\n|\n|t:|1681918096\n|start\n|switch|p1a: Chi-Yu|Chi-Yu, L50|100\/100\n|switch|p1b: Flutter Mane|Flutter Mane, L50|100\/100\n|switch|p2a: Dragapult|Dragapult, L50, F|100\/100\n|switch|p2b: Ceruledge|Ceruledge, L50, F|100\/100\n|-ability|p1a: Chi-Yu|Beads of Ruin\n|turn|1\n|inactive|ThePyre has 30 seconds left.\n|inactive|BlindMagneton has 30 seconds left.\n|inactive|BlindMagneton has 20 seconds left.\n|inactive|BlindMagneton has 15 seconds left.\n|\n|t:|1681918136\n|switch|p2b: Grimmsnarl|Grimmsnarl, L50, M|100\/100\n|move|p1b: Flutter Mane|Protect|p1b: Flutter Mane\n|-singleturn|p1b: Flutter Mane|Protect\n|move|p2a: Dragapult|Phantom Force||[still]\n|-prepare|p2a: Dragapult|Phantom Force\n|move|p1a: Chi-Yu|Dark Pulse|p2b: Grimmsnarl\n|-resisted|p2b: Grimmsnarl\n|-damage|p2b: Grimmsnarl|74\/100\n|\n|upkeep\n|turn|2\n|\n|t:|1681918152\n|-end|p1b: Flutter Mane|Protosynthesis|[silent]\n|switch|p1b: Iron Hands|Iron Hands, L50|100\/100\n|move|p2b: Grimmsnarl|Fake Out|p1a: Chi-Yu\n|-damage|p1a: Chi-Yu|74\/100\n|move|p2a: Dragapult|Phantom Force|p1b: Iron Hands|[from]lockedmove\n|-damage|p1b: Iron Hands|66\/100\n|cant|p1a: Chi-Yu|flinch\n|\n|upkeep\n|turn|3\n|inactive|BlindMagneton has 30 seconds left.\n|inactive|BlindMagneton has 20 seconds left.\n|inactive|BlindMagneton has 15 seconds left.\n|inactive|BlindMagneton has 10 seconds left.\n|\n|t:|1681918197\n|switch|p1a: Gothitelle|Gothitelle, L50, M|100\/100\n|switch|p2b: Dachsbun|Dachsbun, L50, F|100\/100\n|-terastallize|p2a: Dragapult|Fairy\n|move|p2a: Dragapult|Dragon Darts|p1a: Gothitelle\n|-damage|p1a: Gothitelle|78\/100\n|-anim|p2a: Dragapult|Dragon Darts|p1b: Iron Hands\n|-damage|p1b: Iron Hands|48\/100\n|move|p1b: Iron Hands|Drain Punch|p2b: Dachsbun\n|-resisted|p2b: Dachsbun\n|-damage|p2b: Dachsbun|80\/100\n|-heal|p1b: Iron Hands|55\/100|[from] drain|[of] p2b: Dachsbun\n|\n|upkeep\n|turn|4\n|inactive|ThePyre has 30 seconds left.\n|\n|t:|1681918227\n|move|p2a: Dragapult|Will-O-Wisp|p2b: Dachsbun\n|-ability|p2b: Dachsbun|Well-Baked Body|boost\n|-boost|p2b: Dachsbun|def|2\n|move|p2b: Dachsbun|Body Press|p1b: Iron Hands\n|-damage|p1b: Iron Hands|25\/100\n|move|p1b: Iron Hands|Wild Charge|p2a: Dragapult\n|-damage|p2a: Dragapult|34\/100\n|-damage|p1b: Iron Hands|13\/100|[from] Recoil\n|move|p1a: Gothitelle|Trick Room|p1a: Gothitelle\n|-fieldstart|move: Trick Room|[of] p1a: Gothitelle\n|\n|upkeep\n|turn|5\n|\n|t:|1681918247\n|move|p1b: Iron Hands|Wild Charge|p2a: Dragapult\n|-crit|p2a: Dragapult\n|-damage|p2a: Dragapult|0 fnt\n|faint|p2a: Dragapult\n|-damage|p1b: Iron Hands|8\/100|[from] Recoil\n|move|p1a: Gothitelle|Psychic|p2b: Dachsbun\n|-damage|p2b: Dachsbun|61\/100\n|move|p2b: Dachsbun|Snarl|p1b: Iron Hands|[spread] p1a,p1b\n|-supereffective|p1a: Gothitelle\n|-resisted|p1b: Iron Hands\n|-damage|p1a: Gothitelle|70\/100\n|-damage|p1b: Iron Hands|6\/100\n|-unboost|p1a: Gothitelle|spa|1\n|-unboost|p1b: Iron Hands|spa|1\n|\n|upkeep\n|\n|t:|1681918268\n|switch|p2a: Ceruledge|Ceruledge, L50, F|100\/100\n|turn|6\n|\n|t:|1681918283\n|move|p1a: Gothitelle|Helping Hand|p1b: Iron Hands\n|-singleturn|p1b: Iron Hands|Helping Hand|[of] p1a: Gothitelle\n|move|p2a: Ceruledge|Shadow Sneak|p1b: Iron Hands\n|-damage|p1b: Iron Hands|0 fnt\n|faint|p1b: Iron Hands\n|-end|p1b: Iron Hands|Quark Drive|[silent]\n|move|p2b: Dachsbun|Snarl|p1a: Gothitelle\n|-supereffective|p1a: Gothitelle\n|-damage|p1a: Gothitelle|58\/100\n|-unboost|p1a: Gothitelle|spa|1\n|\n|upkeep\n|\n|t:|1681918296\n|switch|p1b: Chi-Yu|Chi-Yu, L50|74\/100\n|-ability|p1b: Chi-Yu|Beads of Ruin\n|turn|7\n|\n|t:|1681918316\n|move|p1a: Gothitelle|Helping Hand|p1b: Chi-Yu\n|-singleturn|p1b: Chi-Yu|Helping Hand|[of] p1a: Gothitelle\n|move|p2a: Ceruledge|Bitter Blade|p2b: Dachsbun\n|-ability|p2b: Dachsbun|Well-Baked Body|boost\n|-boost|p2b: Dachsbun|def|2\n|move|p2b: Dachsbun|Body Press|p1b: Chi-Yu\n|-supereffective|p1b: Chi-Yu\n|-damage|p1b: Chi-Yu|0 fnt\n|faint|p1b: Chi-Yu\n|\n|upkeep\n|\n|t:|1681918327\n|switch|p1b: Flutter Mane|Flutter Mane, L50|100\/100\n|turn|8\n|\n|t:|1681918341\n|move|p1b: Flutter Mane|Protect|p1b: Flutter Mane\n|-singleturn|p1b: Flutter Mane|Protect\n|move|p1a: Gothitelle|Psychic|p2b: Dachsbun\n|-crit|p2b: Dachsbun\n|-damage|p2b: Dachsbun|35\/100\n|move|p2a: Ceruledge|Bulk Up|p2a: Ceruledge\n|-boost|p2a: Ceruledge|atk|1\n|-boost|p2a: Ceruledge|def|1\n|move|p2b: Dachsbun|Lick|p1a: Gothitelle\n|-supereffective|p1a: Gothitelle\n|-damage|p1a: Gothitelle|47\/100\n|-enditem|p1a: Gothitelle|Sitrus Berry|[eat]\n|-heal|p1a: Gothitelle|72\/100|[from] item: Sitrus Berry\n|\n|-fieldend|move: Trick Room\n|upkeep\n|turn|9\n|inactive|BlindMagneton has 30 seconds left.\n|\n|t:|1681918368\n|-terastallize|p1b: Flutter Mane|Fairy\n|move|p1a: Gothitelle|Helping Hand|p1b: Flutter Mane\n|-singleturn|p1b: Flutter Mane|Helping Hand|[of] p1a: Gothitelle\n|move|p2a: Ceruledge|Protect|p2a: Ceruledge\n|-singleturn|p2a: Ceruledge|Protect\n|move|p1b: Flutter Mane|Shadow Ball|p2a: Ceruledge\n|-activate|p2a: Ceruledge|move: Protect\n|move|p2b: Dachsbun|Snarl|p1b: Flutter Mane|[spread] p1a,p1b\n|-supereffective|p1a: Gothitelle\n|-resisted|p1b: Flutter Mane\n|-damage|p1a: Gothitelle|65\/100\n|-damage|p1b: Flutter Mane|98\/100\n|-unboost|p1a: Gothitelle|spa|1\n|-unboost|p1b: Flutter Mane|spa|1\n|\n|upkeep\n|turn|10\n|inactive|BlindMagneton has 30 seconds left.\n|inactive|BlindMagneton has 20 seconds left.\n|inactive|BlindMagneton has 15 seconds left.\n|inactive|BlindMagneton has 10 seconds left.\n|inactive|BlindMagneton has 5 seconds left.\n|\n|t:|1681918419\n|move|p1a: Gothitelle|Helping Hand|p1b: Flutter Mane\n|-singleturn|p1b: Flutter Mane|Helping Hand|[of] p1a: Gothitelle\n|move|p2a: Ceruledge|Shadow Sneak|p1b: Flutter Mane\n|-damage|p1b: Flutter Mane|39\/100\n|move|p1b: Flutter Mane|Shadow Ball|p2a: Ceruledge\n|-supereffective|p2a: Ceruledge\n|-damage|p2a: Ceruledge|30\/100\n|move|p2b: Dachsbun|Mud-Slap|p1a: Gothitelle\n|-damage|p1a: Gothitelle|63\/100\n|-unboost|p1a: Gothitelle|accuracy|1\n|\n|upkeep\n|turn|11\n|\n|t:|1681918441\n|move|p2a: Ceruledge|Shadow Sneak|p1b: Flutter Mane\n|-damage|p1b: Flutter Mane|0 fnt\n|faint|p1b: Flutter Mane\n|-end|p1b: Flutter Mane|Protosynthesis|[silent]\n|move|p2b: Dachsbun|Lick|p1a: Gothitelle\n|-supereffective|p1a: Gothitelle\n|-damage|p1a: Gothitelle|52\/100\n|-status|p1a: Gothitelle|par\n|move|p1a: Gothitelle|Psychic|p2a: Ceruledge\n|-damage|p2a: Ceruledge|20\/100\n|\n|upkeep\n|turn|12\n|-message|ThePyre forfeited.\n|\n|win|BlindMagneton\n|raw|ThePyre's rating: 1192 → 1174<\/strong> (-18 for losing)\n|raw|BlindMagneton's rating: 1293 → 1311<\/strong> (+18 for winning)\n|l|\u2606ThePyre\n","uploadtime":1681918463,"views":8,"p1id":"thepyre","p2id":"blindmagneton","formatid":"gen9vgc2023regulationc","rating":1174,"private":0,"password":""}