{"id":"gen9vgc2023regulationc-1848976056","p1":"Ori1","p2":"dadarvin","format":"[Gen 9] VGC 2023 Regulation C","log":"|j|\u2606Ori1\n|j|\u2606dadarvin\n|t:|1682133487\n|gametype|doubles\n|player|p1|Ori1|clown|1107\n|player|p2|dadarvin|170|1183\n|teamsize|p1|6\n|teamsize|p2|6\n|gen|9\n|tier|[Gen 9] VGC 2023 Regulation C\n|rated|\n|rule|Species Clause: Limit one of each Pok\u00e9mon\n|rule|Item Clause: Limit one of each item\n|clearpoke\n|poke|p1|Pawmot, L50, M|\n|poke|p1|Armarouge, L50, M|\n|poke|p1|Gastrodon-East, L50, M|\n|poke|p1|Kingambit, L50, F|\n|poke|p1|Drifblim, L50, F|\n|poke|p1|Jolteon, L50, M|\n|poke|p2|Torkoal, L50, F|\n|poke|p2|Armarouge, L50, F|\n|poke|p2|Gothitelle, L50, F|\n|poke|p2|Indeedee, L50, M|\n|poke|p2|Gallade, L50, M|\n|poke|p2|Flutter Mane, L50|\n|teampreview|4\n|\n|t:|1682133535\n|start\n|switch|p1a: Drifblim|Drifblim, L50, F|100\/100\n|switch|p1b: Pawmot|Pawmot, L50, M|100\/100\n|switch|p2a: Torkoal|Torkoal, L50, F|100\/100\n|switch|p2b: Flutter Mane|Flutter Mane, L50|100\/100\n|-weather|SunnyDay|[from] ability: Drought|[of] p2a: Torkoal\n|-activate|p2b: Flutter Mane|ability: Protosynthesis\n|-start|p2b: Flutter Mane|protosynthesisspe\n|turn|1\n|inactive|Battle timer is ON: inactive players will automatically lose when time's up. (requested by dadarvin)\n|\n|t:|1682133555\n|switch|p1b: Armarouge|Armarouge, L50, M|100\/100\n|move|p2b: Flutter Mane|Shadow Ball|p1a: Drifblim\n|-supereffective|p1a: Drifblim\n|-enditem|p1a: Drifblim|Focus Sash\n|-damage|p1a: Drifblim|1\/100\n|move|p1a: Drifblim|Tailwind|p1a: Drifblim\n|-sidestart|p1: Ori1|move: Tailwind\n|move|p2a: Torkoal|Eruption|p1b: Armarouge|[spread] p1a\n|-start|p1b: Armarouge|ability: Flash Fire\n|-damage|p1a: Drifblim|0 fnt\n|faint|p1a: Drifblim\n|\n|-weather|SunnyDay|[upkeep]\n|upkeep\n|\n|t:|1682133574\n|switch|p1a: Kingambit|Kingambit, L50, F|100\/100\n|turn|2\n|\n|t:|1682133584\n|switch|p2a: Indeedee|Indeedee, L50, M|100\/100\n|-fieldstart|move: Psychic Terrain|[from] ability: Psychic Surge|[of] p2a: Indeedee\n|-terastallize|p1b: Armarouge|Grass\n|move|p1b: Armarouge|Wide Guard|p1b: Armarouge\n|-singleturn|p1b: Armarouge|Wide Guard\n|move|p2b: Flutter Mane|Shadow Ball|p1b: Armarouge\n|-damage|p1b: Armarouge|23\/100\n|-enditem|p1b: Armarouge|Aguav Berry|[eat]\n|-heal|p1b: Armarouge|57\/100|[from] item: Aguav Berry\n|move|p1a: Kingambit|Iron Head|p2b: Flutter Mane\n|-supereffective|p2b: Flutter Mane\n|-damage|p2b: Flutter Mane|0 fnt\n|faint|p2b: Flutter Mane\n|-end|p2b: Flutter Mane|Protosynthesis|[silent]\n|\n|-weather|SunnyDay|[upkeep]\n|upkeep\n|\n|t:|1682133605\n|switch|p2b: Torkoal|Torkoal, L50, F|100\/100\n|turn|3\n|inactive|Ori1 has 30 seconds left.\n|\n|t:|1682133634\n|-terastallize|p2a: Indeedee|Fairy\n|move|p2b: Torkoal|Protect|p2b: Torkoal\n|-singleturn|p2b: Torkoal|Protect\n|move|p2a: Indeedee|Psychic|p1b: Armarouge\n|-damage|p1b: Armarouge|0 fnt\n|faint|p1b: Armarouge\n|move|p1a: Kingambit|Kowtow Cleave|p2b: Torkoal\n|-activate|p2b: Torkoal|move: Protect\n|\n|-weather|SunnyDay|[upkeep]\n|upkeep\n|\n|t:|1682133639\n|switch|p1b: Pawmot|Pawmot, L50, M|100\/100\n|turn|4\n|\n|t:|1682133651\n|move|p1b: Pawmot|Double Shock|p2b: Torkoal\n|-damage|p2b: Torkoal|52\/100\n|-start|p1b: Pawmot|typechange|???\/Fighting|[from] move: Double Shock\n|move|p2a: Indeedee|Psychic|p1b: Pawmot\n|-supereffective|p1b: Pawmot\n|-damage|p1b: Pawmot|0 fnt\n|faint|p1b: Pawmot\n|move|p1a: Kingambit|Iron Head|p2a: Indeedee\n|-supereffective|p2a: Indeedee\n|-damage|p2a: Indeedee|0 fnt\n|faint|p2a: Indeedee\n|move|p2b: Torkoal|Eruption|p1a: Kingambit\n|-supereffective|p1a: Kingambit\n|-damage|p1a: Kingambit|27\/100\n|\n|-weather|SunnyDay|[upkeep]\n|-sideend|p1: Ori1|move: Tailwind\n|upkeep\n|\n|t:|1682133664\n|switch|p2a: Gallade|Gallade, L50, M|100\/100\n|turn|5\n|-message|Ori1 forfeited.\n|\n|win|dadarvin\n|raw|Ori1's rating: 1107 → 1087<\/strong> (-20 for losing)\n|raw|dadarvin's rating: 1183 → 1203<\/strong> (+20 for winning)\n|l|\u2606Ori1\n","uploadtime":1682133673,"views":9,"p1id":"ori1","p2id":"dadarvin","formatid":"gen9vgc2023regulationc","rating":1087,"private":0,"password":""}