{"id":"gen9vgc2023regulationc-1846344939","p1":"BigPapiKiryae","p2":"foosrodah","format":"[Gen 9] VGC 2023 Regulation C","log":"|j|\u2606BigPapiKiryae\n|j|\u2606foosrodah\n|t:|1681833359\n|gametype|doubles\n|player|p1|BigPapiKiryae|101|1539\n|player|p2|foosrodah|1|1592\n|teamsize|p1|6\n|teamsize|p2|6\n|gen|9\n|tier|[Gen 9] VGC 2023 Regulation C\n|rated|\n|rule|Species Clause: Limit one of each Pok\u00e9mon\n|rule|Item Clause: Limit one of each item\n|clearpoke\n|poke|p1|Chi-Yu, L50|\n|poke|p1|Iron Bundle, L50|\n|poke|p1|Flutter Mane, L50|\n|poke|p1|Maushold-Four, L50|\n|poke|p1|Dragonite, L50, M|\n|poke|p1|Great Tusk, L50|\n|poke|p2|Annihilape, L50, M|\n|poke|p2|Maushold-Four, L50|\n|poke|p2|Amoonguss, L50, F|\n|poke|p2|Chien-Pao, L50|\n|poke|p2|Dragonite, L50, F|\n|poke|p2|Flutter Mane, L50|\n|teampreview|4\n|\n|t:|1681833440\n|start\n|switch|p1a: Great Tusk|Great Tusk, L50|100\/100\n|switch|p1b: Iron Bundle|Iron Bundle, L50|100\/100\n|switch|p2a: Chien-Pao|Chien-Pao, L50|100\/100\n|switch|p2b: Dragonite|Dragonite, L50, F|100\/100\n|-ability|p2a: Chien-Pao|Sword of Ruin\n|-enditem|p1b: Iron Bundle|Booster Energy\n|-activate|p1b: Iron Bundle|ability: Quark Drive|[fromitem]\n|-start|p1b: Iron Bundle|quarkdrivespe\n|turn|1\n|inactive|Battle timer is ON: inactive players will automatically lose when time's up. (requested by BigPapiKiryae)\n|\n|t:|1681833462\n|-terastallize|p2b: Dragonite|Normal\n|move|p2b: Dragonite|Extreme Speed|p1a: Great Tusk\n|-crit|p1a: Great Tusk\n|-damage|p1a: Great Tusk|3\/100\n|move|p2a: Chien-Pao|Sucker Punch|p1a: Great Tusk\n|-resisted|p1a: Great Tusk\n|-damage|p1a: Great Tusk|0 fnt\n|faint|p1a: Great Tusk\n|-end|p1a: Great Tusk|Protosynthesis|[silent]\n|move|p1b: Iron Bundle|Icy Wind|p2a: Chien-Pao|[spread] p2a,p2b\n|-resisted|p2a: Chien-Pao\n|-crit|p2b: Dragonite\n|-damage|p2a: Chien-Pao|84\/100\n|-damage|p2b: Dragonite|69\/100\n|-unboost|p2a: Chien-Pao|spe|1\n|-unboost|p2b: Dragonite|spe|1\n|\n|upkeep\n|j| better bulu bureau\n|\n|t:|1681833483\n|switch|p1a: Dragonite|Dragonite, L50, M|100\/100\n|turn|2\n|inactive|foosrodah has 30 seconds left.\n|\n|t:|1681833508\n|switch|p2a: Annihilape|Annihilape, L50, M|100\/100\n|-terastallize|p1a: Dragonite|Flying\n|move|p1b: Iron Bundle|Protect|p1b: Iron Bundle\n|-singleturn|p1b: Iron Bundle|Protect\n|move|p2b: Dragonite|Extreme Speed|p1b: Iron Bundle\n|-activate|p1b: Iron Bundle|move: Protect\n|move|p1a: Dragonite|Tera Blast|p2a: Annihilape\n|-supereffective|p2a: Annihilape\n|-damage|p2a: Annihilape|6\/100\n|\n|-heal|p2a: Annihilape|12\/100|[from] item: Leftovers\n|upkeep\n|turn|3\n|l| better bulu bureau\n|j| DondozoCrowned\n|\n|t:|1681833528\n|-end|p1b: Iron Bundle|Quark Drive|[silent]\n|switch|p1b: Maushold|Maushold-Four, L50|100\/100\n|switch|p2a: Chien-Pao|Chien-Pao, L50|84\/100\n|-ability|p2a: Chien-Pao|Sword of Ruin\n|move|p2b: Dragonite|Extreme Speed|p1b: Maushold\n|-damage|p1b: Maushold|15\/100\n|move|p1a: Dragonite|Tera Blast|p2b: Dragonite\n|-damage|p2b: Dragonite|0 fnt\n|faint|p2b: Dragonite\n|\n|upkeep\n|l| DondozoCrowned\n|inactive|foosrodah has 30 seconds left.\n|inactive|foosrodah has 20 seconds left.\n|inactive|foosrodah has 15 seconds left.\n|inactive|foosrodah has 10 seconds left.\n|inactive|foosrodah has 5 seconds left.\n|\n|t:|1681833583\n|switch|p2b: Flutter Mane|Flutter Mane, L50|100\/100\n|turn|4\n|inactive|foosrodah has 30 seconds left.\n|\n|t:|1681833615\n|move|p1b: Maushold|Protect|p1b: Maushold\n|-singleturn|p1b: Maushold|Protect\n|move|p1a: Dragonite|Protect|p1a: Dragonite\n|-singleturn|p1a: Dragonite|Protect\n|move|p2a: Chien-Pao|Ice Spinner|p1a: Dragonite\n|-activate|p1a: Dragonite|move: Protect\n|move|p2b: Flutter Mane|Dazzling Gleam|p1a: Dragonite|[spread] \n|-activate|p1a: Dragonite|move: Protect\n|-activate|p1b: Maushold|move: Protect\n|\n|upkeep\n|turn|5\n|\n|t:|1681833638\n|move|p1b: Maushold|Follow Me|p1b: Maushold\n|-singleturn|p1b: Maushold|move: Follow Me\n|move|p2a: Chien-Pao|Ice Spinner|p1b: Maushold\n|-damage|p1b: Maushold|0 fnt\n|faint|p1b: Maushold\n|move|p2b: Flutter Mane|Dazzling Gleam|p1a: Dragonite\n|-damage|p1a: Dragonite|69\/100\n|move|p1a: Dragonite|Tera Blast|p2a: Chien-Pao\n|-damage|p2a: Chien-Pao|0 fnt\n|faint|p2a: Chien-Pao\n|\n|upkeep\n|-message|foosrodah forfeited.\n|\n|win|BigPapiKiryae\n|raw|BigPapiKiryae's rating: 1539 → 1562<\/strong> (+23 for winning)\n|raw|foosrodah's rating: 1592 → 1569<\/strong> (-23 for losing)\n|l|\u2606foosrodah\n","uploadtime":1681833662,"views":10,"p1id":"bigpapikiryae","p2id":"foosrodah","formatid":"gen9vgc2023regulationc","rating":1562,"private":0,"password":""}