{"id":"gen9vgc2023regulationc-1858503646","p1":"poopidiscoop","p2":"Plexionth","format":"[Gen 9] VGC 2023 Regulation C","log":"|j|\u2606poopidiscoop\n|j|\u2606Plexionth\n|t:|1683318928\n|gametype|doubles\n|player|p1|poopidiscoop|pokemonbreeder-gen4|1147\n|player|p2|Plexionth|red|1081\n|teamsize|p1|6\n|teamsize|p2|6\n|gen|9\n|tier|[Gen 9] VGC 2023 Regulation C\n|rated|\n|rule|Species Clause: Limit one of each Pok\u00e9mon\n|rule|Item Clause: Limit one of each item\n|clearpoke\n|poke|p1|Chi-Yu, L50|\n|poke|p1|Iron Bundle, L50|\n|poke|p1|Dragonite, L50, F|\n|poke|p1|Glimmora, L50, M|\n|poke|p1|Tatsugiri, L50, F|\n|poke|p1|Dondozo, L50, M|\n|poke|p2|Pincurchin, L50, M|\n|poke|p2|Torkoal, L50, M|\n|poke|p2|Amoonguss, L50, M|\n|poke|p2|Flutter Mane, L50|\n|poke|p2|Hydreigon, L50, M|\n|poke|p2|Murkrow, L50, M|\n|teampreview|4\n|inactive|Battle timer is ON: inactive players will automatically lose when time's up. (requested by Plexionth)\n|\n|t:|1683318946\n|start\n|switch|p1a: Glimmora|Glimmora, L50, M|100\/100\n|switch|p1b: Dragonite|Dragonite, L50, F|100\/100\n|switch|p2a: Maybe Smash|Hydreigon, L50, M|100\/100\n|switch|p2b: Pass|Murkrow, L50, M|100\/100\n|turn|1\n|\n|t:|1683318963\n|-terastallize|p1b: Dragonite|Flying\n|move|p2b: Pass|Tailwind|p2b: Pass\n|-sidestart|p2: Plexionth|move: Tailwind\n|move|p2a: Maybe Smash|Draco Meteor|p1b: Dragonite\n|-damage|p1b: Dragonite|44\/100\n|-unboost|p2a: Maybe Smash|spa|2\n|move|p1a: Glimmora|Mortal Spin|p2b: Pass|[spread] p2a,p2b\n|-damage|p2a: Maybe Smash|95\/100\n|-damage|p2b: Pass|96\/100\n|-status|p2a: Maybe Smash|psn\n|-status|p2b: Pass|psn\n|move|p1b: Dragonite|Dragon Dance|p1b: Dragonite\n|-boost|p1b: Dragonite|atk|1\n|-boost|p1b: Dragonite|spe|1\n|\n|-damage|p2a: Maybe Smash|83\/100 psn|[from] psn\n|-damage|p2b: Pass|83\/100 psn|[from] psn\n|upkeep\n|turn|2\n|\n|t:|1683318983\n|move|p1b: Dragonite|Extreme Speed|p2b: Pass\n|-damage|p2b: Pass|37\/100 psn\n|move|p2b: Pass|Haze|p2b: Pass\n|-clearallboost\n|move|p2a: Maybe Smash|Draco Meteor|p1b: Dragonite|[miss]\n|-miss|p2a: Maybe Smash|p1b: Dragonite\n|move|p1a: Glimmora|Sludge Bomb|p2a: Maybe Smash\n|-damage|p2a: Maybe Smash|36\/100 psn\n|\n|-damage|p2a: Maybe Smash|24\/100 psn|[from] psn\n|-damage|p2b: Pass|24\/100 psn|[from] psn\n|upkeep\n|turn|3\n|inactive|Plexionth has 30 seconds left.\n|c|\u2606Plexionth|FUCK GLIMMORA\n|c|\u2606poopidiscoop|SIR THE LANGUAGE\n|c|\u2606Plexionth|ITS FUCKING DUMB\n|inactive|Plexionth has 20 seconds left.\n|inactive|Plexionth has 15 seconds left.\n|c|\u2606poopidiscoop|THAT MAN GLIMMORA HAS A PHD EXCUSE YOU\n|inactive|Plexionth has 10 seconds left.\n|c|\u2606Plexionth|my language is better than ur user name\n|inactive|Plexionth has 5 seconds left.\n|\n|t:|1683319035\n|move|p1b: Dragonite|Extreme Speed|p2a: Maybe Smash\n|-damage|p2a: Maybe Smash|0 fnt\n|faint|p2a: Maybe Smash\n|move|p2b: Pass|Tailwind||[still]\n|-fail|p2b: Pass\n|move|p1a: Glimmora|Sludge Bomb|p2b: Pass\n|-damage|p2b: Pass|0 fnt\n|faint|p2b: Pass\n|\n|upkeep\n|c|\u2606poopidiscoop|someone is mad they cant rhyme like kanye\n|\n|t:|1683319049\n|switch|p2a: Passssss bro|Amoonguss, L50, M|100\/100\n|switch|p2b: Hear me out|Flutter Mane, L50|100\/100\n|turn|4\n|\n|t:|1683319061\n|move|p2b: Hear me out|Icy Wind|p1a: Glimmora|[spread] p1a,p1b\n|-supereffective|p1b: Dragonite\n|-damage|p1a: Glimmora|88\/100\n|-damage|p1b: Dragonite|5\/100\n|-unboost|p1a: Glimmora|spe|1\n|-unboost|p1b: Dragonite|spe|1\n|-damage|p2b: Hear me out|91\/100|[from] item: Life Orb\n|move|p2a: Passssss bro|Spore|p1a: Glimmora\n|-status|p1a: Glimmora|slp|[from] move: Spore\n|cant|p1a: Glimmora|slp\n|move|p1b: Dragonite|Tera Blast|p2a: Passssss bro\n|-supereffective|p2a: Passssss bro\n|-damage|p2a: Passssss bro|0 fnt\n|faint|p2a: Passssss bro\n|\n|-sideend|p2: Plexionth|move: Tailwind\n|upkeep\n|turn|5\n|c|\u2606poopidiscoop|its okay\n|\n|t:|1683319083\n|move|p2b: Hear me out|Dazzling Gleam|p1b: Dragonite|[spread] p1a,p1b\n|-resisted|p1a: Glimmora\n|-damage|p1a: Glimmora|73\/100 slp\n|-damage|p1b: Dragonite|0 fnt\n|faint|p1b: Dragonite\n|-damage|p2b: Hear me out|81\/100|[from] item: Life Orb\n|cant|p1a: Glimmora|slp\n|\n|upkeep\n|c|\u2606poopidiscoop|not everyone can be kanye\n|\n|t:|1683319093\n|switch|p1b: Iron Bundle|Iron Bundle, L50|100\/100\n|-enditem|p1b: Iron Bundle|Booster Energy\n|-activate|p1b: Iron Bundle|ability: Quark Drive|[fromitem]\n|-start|p1b: Iron Bundle|quarkdrivespe\n|turn|6\n|c|\u2606Plexionth|U really ignored my usernames\n|\n|t:|1683319110\n|-terastallize|p2b: Hear me out|Ground\n|move|p1b: Iron Bundle|Protect|p1b: Iron Bundle\n|-singleturn|p1b: Iron Bundle|Protect\n|move|p2b: Hear me out|Tera Blast|p1a: Glimmora\n|-supereffective|p1a: Glimmora\n|-damage|p1a: Glimmora|0 fnt\n|faint|p1a: Glimmora\n|-damage|p2b: Hear me out|71\/100|[from] item: Life Orb\n|\n|upkeep\n|c|\u2606poopidiscoop|oh shit i didnt pay attention\n|c|\u2606poopidiscoop|what were they\n|\n|t:|1683319117\n|switch|p1a: Chi-Yu|Chi-Yu, L50|100\/100\n|-ability|p1a: Chi-Yu|Beads of Ruin\n|turn|7\n|\n|t:|1683319128\n|move|p1b: Iron Bundle|Icy Wind|p2b: Hear me out\n|-supereffective|p2b: Hear me out\n|-damage|p2b: Hear me out|0 fnt\n|faint|p2b: Hear me out\n|-end|p2b: Hear me out|Protosynthesis|[silent]\n|\n|win|poopidiscoop\n|raw|poopidiscoop's rating: 1147 → 1167<\/strong> (+20 for winning)\n|raw|Plexionth's rating: 1081 → 1063<\/strong> (-18 for losing)\n","uploadtime":1683319019,"views":7,"p1id":"poopidiscoop","p2id":"plexionth","formatid":"gen9vgc2023regulationc","rating":1063,"private":0,"password":""}