{"id":"gen9vgc2023regulationc-1852482742","p1":"Determewnation","p2":"MsGilded","format":"[Gen 9] VGC 2023 Regulation C","log":"|j|\u2606Determewnation\n|j|\u2606MsGilded\n|t:|1682563345\n|gametype|doubles\n|player|p1|Determewnation|akari-isekai|1255\n|player|p2|MsGilded|rocketgruntf|1185\n|teamsize|p1|6\n|teamsize|p2|6\n|gen|9\n|tier|[Gen 9] VGC 2023 Regulation C\n|rated|\n|rule|Species Clause: Limit one of each Pok\u00e9mon\n|rule|Item Clause: Limit one of each item\n|clearpoke\n|poke|p1|Iron Treads, L50|\n|poke|p1|Murkrow, L50, F|\n|poke|p1|Goodra, L50, F|\n|poke|p1|Indeedee-F, L50, F|\n|poke|p1|Sylveon, L50, F|\n|poke|p1|Tsareena, L50, F|\n|poke|p2|Ceruledge, L50, F|\n|poke|p2|Palafin, L50, M|\n|poke|p2|Flutter Mane, L50|\n|poke|p2|Kingambit, L50, M|\n|poke|p2|Ting-Lu, L50|\n|poke|p2|Maushold, L50|\n|teampreview|4\nDetermewnation has agreed to open team sheets.\nMsGilded rejected open team sheets.\n|inactive|Battle timer is ON: inactive players will automatically lose when time's up. (requested by MsGilded)\n|inactive|Determewnation has 60 seconds left.\n|\n|t:|1682563413\n|start\n|switch|p1a: Iron Treads|Iron Treads, L50|100\/100\n|switch|p1b: Tsareena|Tsareena, L50, F|100\/100\n|switch|p2a: Palafin|Palafin, L50, M|100\/100\n|switch|p2b: Ceruledge|Ceruledge, L50, F|100\/100\n|turn|1\n|\n|t:|1682563438\n|-terastallize|p1a: Iron Treads|Ground\n|-terastallize|p2b: Ceruledge|Grass\n|move|p1b: Tsareena|Protect|p1b: Tsareena\n|-singleturn|p1b: Tsareena|Protect\n|move|p1a: Iron Treads|Earthquake|p2a: Palafin|[spread] p2a,p2b\n|-activate|p1b: Tsareena|move: Protect\n|-resisted|p2b: Ceruledge\n|-damage|p2a: Palafin|41\/100\n|-damage|p2b: Ceruledge|76\/100\n|move|p2a: Palafin|Flip Turn|p1a: Iron Treads\n|-supereffective|p1a: Iron Treads\n|-damage|p1a: Iron Treads|52\/100\n|\n|t:|1682563447\n|detailschange|p2a: Palafin|Palafin-Hero, L50, M\n|switch|p2a: Flutter Mane|Flutter Mane, L50|100\/100|[from] Flip Turn\n|move|p2b: Ceruledge|Bitter Blade|p1b: Tsareena\n|-activate|p1b: Tsareena|move: Protect\n|\n|upkeep\n|turn|2\n|inactive|Determewnation has 30 seconds left.\n|inactive|Determewnation has 20 seconds left.\n|inactive|Determewnation has 15 seconds left.\n|\n|t:|1682563488\n|move|p1a: Iron Treads|Iron Head|p2a: Flutter Mane\n|-supereffective|p2a: Flutter Mane\n|-crit|p2a: Flutter Mane\n|-damage|p2a: Flutter Mane|0 fnt\n|faint|p2a: Flutter Mane\n|-end|p2a: Flutter Mane|Protosynthesis|[silent]\n|move|p2b: Ceruledge|Bitter Blade|p1b: Tsareena\n|-supereffective|p1b: Tsareena\n|-damage|p1b: Tsareena|0 fnt\n|-heal|p2b: Ceruledge|100\/100|[from] drain|[of] p1b: Tsareena\n|faint|p1b: Tsareena\n|\n|upkeep\n|\n|t:|1682563499\n|switch|p2a: Palafin|Palafin-Hero, L50, M|41\/100\n|switch|p1b: Sylveon|Sylveon, L50, F|100\/100\n|-activate|p2a: Palafin|ability: Zero to Hero\n|turn|3\n|\n|t:|1682563505\n|move|p1a: Iron Treads|Protect|p1a: Iron Treads\n|-singleturn|p1a: Iron Treads|Protect\n|move|p2a: Palafin|Jet Punch|p1a: Iron Treads\n|-activate|p1a: Iron Treads|move: Protect\n|move|p2b: Ceruledge|Bitter Blade|p1b: Sylveon\n|-damage|p1b: Sylveon|29\/100\n|move|p1b: Sylveon|Hyper Voice|p2a: Palafin|[spread] p2a,p2b\n|-damage|p2a: Palafin|0 fnt\n|-damage|p2b: Ceruledge|55\/100\n|faint|p2a: Palafin\n|-enditem|p1b: Sylveon|Throat Spray\n|-boost|p1b: Sylveon|spa|1|[from] item: Throat Spray\n|\n|upkeep\n|\n|t:|1682563514\n|switch|p2a: Ting-Lu|Ting-Lu, L50|100\/100\n|-ability|p2a: Ting-Lu|Vessel of Ruin\n|turn|4\n|\n|t:|1682563530\n|move|p1b: Sylveon|Protect|p1b: Sylveon\n|-singleturn|p1b: Sylveon|Protect\n|move|p1a: Iron Treads|Iron Head|p2b: Ceruledge\n|-damage|p2b: Ceruledge|15\/100\n|move|p2b: Ceruledge|Bitter Blade|p1a: Iron Treads\n|-damage|p1a: Iron Treads|4\/100\n|-heal|p2b: Ceruledge|39\/100|[from] drain|[of] p1a: Iron Treads\n|move|p2a: Ting-Lu|Heavy Slam|p1b: Sylveon\n|-activate|p1b: Sylveon|move: Protect\n|\n|upkeep\n|turn|5\n|\n|t:|1682563546\n|move|p2b: Ceruledge|Shadow Sneak|p1a: Iron Treads\n|-damage|p1a: Iron Treads|0 fnt\n|faint|p1a: Iron Treads\n|-end|p1a: Iron Treads|Quark Drive|[silent]\n|move|p1b: Sylveon|Hyper Beam|p2a: Ting-Lu\n|-supereffective|p2a: Ting-Lu\n|-damage|p2a: Ting-Lu|4\/100\n|-mustrecharge|p1b: Sylveon\n|move|p2a: Ting-Lu|Heavy Slam|p1b: Sylveon\n|-supereffective|p1b: Sylveon\n|-damage|p1b: Sylveon|0 fnt\n|faint|p1b: Sylveon\n|\n|upkeep\n|\n|t:|1682563554\n|switch|p1a: Murkrow|Murkrow, L50, F|100\/100\n|turn|6\n|\n|t:|1682563563\n|move|p1a: Murkrow|Foul Play|p2b: Ceruledge\n|-damage|p2b: Ceruledge|0 fnt\n|faint|p2b: Ceruledge\n|move|p2a: Ting-Lu|Heavy Slam|p1a: Murkrow\n|-damage|p1a: Murkrow|61\/100\n|\n|upkeep\n|turn|7\n|\n|t:|1682563570\n|move|p1a: Murkrow|Foul Play|p2a: Ting-Lu\n|-resisted|p2a: Ting-Lu\n|-damage|p2a: Ting-Lu|0 fnt\n|faint|p2a: Ting-Lu\n|\n|win|Determewnation\n|raw|Determewnation's rating: 1255 → 1275<\/strong> (+20 for winning)\n|raw|MsGilded's rating: 1185 → 1165<\/strong> (-20 for losing)\n|l|\u2606MsGilded\n","uploadtime":1682563589,"views":9,"p1id":"determewnation","p2id":"msgilded","formatid":"gen9vgc2023regulationc","rating":1165,"private":0,"password":""}