{"id":"gen9vgc2023regulationc-1854821390","p1":"JustRadAlex","p2":"deazy fool","format":"[Gen 9] VGC 2023 Regulation C","log":"|j|\u2606JustRadAlex\n|j|\u2606deazy fool\n|t:|1682870008\n|gametype|doubles\n|player|p1|JustRadAlex|archer|1103\n|player|p2|deazy fool|roxie|1000\n|teamsize|p1|6\n|teamsize|p2|6\n|gen|9\n|tier|[Gen 9] VGC 2023 Regulation C\n|rated|\n|rule|Species Clause: Limit one of each Pok\u00e9mon\n|rule|Item Clause: Limit one of each item\n|clearpoke\n|poke|p1|Ceruledge, L50, M|\n|poke|p1|Garganacl, L50, M|\n|poke|p1|Amoonguss, L50, F|\n|poke|p1|Grimmsnarl, L50, M|\n|poke|p1|Rotom-Wash, L50|\n|poke|p1|Chien-Pao, L50|\n|poke|p2|Gothitelle, L50, M|\n|poke|p2|Gothorita, L50, M|\n|poke|p2|Glimmora, L50, M|\n|poke|p2|Scream Tail, L50|\n|poke|p2|Palafin, L50, F|\n|poke|p2|Amoonguss, L50, F|\n|teampreview|4\n|inactive|Battle timer is ON: inactive players will automatically lose when time's up. (requested by deazy fool)\n|inactive|deazy fool has 60 seconds left.\n|\n|t:|1682870043\n|start\n|switch|p1a: TrickSnarl|Grimmsnarl, L50, M, shiny|100\/100\n|switch|p1b: Blues|Ceruledge, L50, M|100\/100\n|switch|p2a: Palafin|Palafin, L50, F|100\/100\n|switch|p2b: Scream Tail|Scream Tail, L50|100\/100\n|-enditem|p2b: Scream Tail|Booster Energy\n|-activate|p2b: Scream Tail|ability: Protosynthesis|[fromitem]\n|-start|p2b: Scream Tail|protosynthesisspe\n|turn|1\n|\n|t:|1682870062\n|detailschange|p2a: Palafin|Palafin-Hero, L50, F\n|switch|p2a: Amoonguss|Amoonguss, L50, F|100\/100\n|-terastallize|p1b: Blues|Grass\n|move|p1a: TrickSnarl|Fake Out|p2b: Scream Tail\n|-damage|p2b: Scream Tail|91\/100\n|cant|p2b: Scream Tail|flinch\n|move|p1b: Blues|Bitter Blade|p2b: Scream Tail\n|-damage|p2b: Scream Tail|61\/100\n|\n|upkeep\n|turn|2\n|\n|t:|1682870082\n|-terastallize|p2a: Amoonguss|Water\n|move|p2b: Scream Tail|Perish Song|p2b: Scream Tail\n|-start|p1a: TrickSnarl|perish3|[silent]\n|-start|p1b: Blues|perish3|[silent]\n|-start|p2a: Amoonguss|perish3|[silent]\n|-start|p2b: Scream Tail|perish3|[silent]\n|-fieldactivate|move: Perish Song\n|move|p1b: Blues|Bitter Blade|p2a: Amoonguss\n|-resisted|p2a: Amoonguss\n|-damage|p2a: Amoonguss|81\/100\n|move|p1a: TrickSnarl|Foul Play|p2b: Scream Tail\n|-damage|p2b: Scream Tail|44\/100\n|move|p2a: Amoonguss|Pollen Puff|p2b: Scream Tail\n|-heal|p2b: Scream Tail|94\/100\n|\n|-start|p2b: Scream Tail|perish3\n|-start|p1b: Blues|perish3\n|-start|p1a: TrickSnarl|perish3\n|-start|p2a: Amoonguss|perish3\n|upkeep\n|turn|3\n|inactive|deazy fool has 30 seconds left.\n|\n|t:|1682870112\n|switch|p1a: Pyramid Scheme|Garganacl, L50, M, shiny|100\/100\n|switch|p2a: Palafin|Palafin-Hero, L50, F|100\/100\n|-activate|p2a: Palafin|ability: Zero to Hero\n|move|p1b: Blues|Shadow Sneak|p2b: Scream Tail\n|-supereffective|p2b: Scream Tail\n|-damage|p2b: Scream Tail|63\/100\n|move|p2b: Scream Tail|Encore|p1b: Blues\n|-start|p1b: Blues|Encore\n|\n|-start|p2b: Scream Tail|perish2\n|-start|p1b: Blues|perish2\n|upkeep\n|turn|4\n|\n|t:|1682870134\n|-end|p2b: Scream Tail|Protosynthesis|[silent]\n|switch|p2b: Gothorita|Gothorita, L50, M, shiny|100\/100\n|switch|p1b: Chien-Pao|Chien-Pao, L50|100\/100\n|-ability|p1b: Chien-Pao|Sword of Ruin\n|move|p2a: Palafin|Wave Crash|p1a: Pyramid Scheme\n|-supereffective|p1a: Pyramid Scheme\n|-damage|p1a: Pyramid Scheme|0 fnt\n|faint|p1a: Pyramid Scheme\n|-damage|p2a: Palafin|64\/100|[from] Recoil\n|\n|upkeep\n|\n|t:|1682870142\n|switch|p1a: TrickSnarl|Grimmsnarl, L50, M, shiny|100\/100\n|turn|5\n|\n|t:|1682870162\n|switch|p2a: Scream Tail|Scream Tail, L50|63\/100\n|move|p2b: Gothorita|Protect|p2b: Gothorita\n|-singleturn|p2b: Gothorita|Protect\n|move|p1a: TrickSnarl|Fake Out|p2a: Scream Tail\n|-damage|p2a: Scream Tail|50\/100\n|move|p1b: Chien-Pao|Throat Chop|p2b: Gothorita\n|-activate|p2b: Gothorita|move: Protect\n|\n|upkeep\n|turn|6\n|\n|t:|1682870183\n|switch|p2b: Amoonguss|Amoonguss, L50, F, tera:Water|100\/100\n|move|p1b: Chien-Pao|Throat Chop|p2b: Amoonguss\n|-damage|p2b: Amoonguss|50\/100\n|-start|p2b: Amoonguss|Throat Chop|[silent]\n|move|p2a: Scream Tail|Perish Song|p2a: Scream Tail\n|-start|p1a: TrickSnarl|perish3|[silent]\n|-start|p1b: Chien-Pao|perish3|[silent]\n|-start|p2a: Scream Tail|perish3|[silent]\n|-start|p2b: Amoonguss|perish3|[silent]\n|-fieldactivate|move: Perish Song\n|move|p1a: TrickSnarl|Foul Play|p2a: Scream Tail\n|-damage|p2a: Scream Tail|24\/100\n|\n|-start|p1b: Chien-Pao|perish3\n|-start|p2a: Scream Tail|perish3\n|-start|p1a: TrickSnarl|perish3\n|-start|p2b: Amoonguss|perish3\n|upkeep\n|turn|7\n|\n|t:|1682870207\n|move|p1b: Chien-Pao|Throat Chop|p2a: Scream Tail\n|-damage|p2a: Scream Tail|0 fnt\n|faint|p2a: Scream Tail\n|-end|p2a: Scream Tail|Protosynthesis|[silent]\n|move|p1a: TrickSnarl|Spirit Break|p2b: Amoonguss\n|-damage|p2b: Amoonguss|14\/100\n|-unboost|p2b: Amoonguss|spa|1\n|move|p2b: Amoonguss|Spore|p1a: TrickSnarl\n|-status|p1a: TrickSnarl|slp|[from] move: Spore\n|-enditem|p1a: TrickSnarl|Lum Berry|[eat]\n|-curestatus|p1a: TrickSnarl|slp|[msg]\n|\n|-end|p2b: Amoonguss|Throat Chop|[silent]\n|-start|p1b: Chien-Pao|perish2\n|-start|p1a: TrickSnarl|perish2\n|-start|p2b: Amoonguss|perish2\n|upkeep\n|\n|t:|1682870214\n|switch|p2a: Palafin|Palafin-Hero, L50, F|64\/100\n|turn|8\n|\n|t:|1682870227\n|move|p2b: Amoonguss|Rage Powder|p2b: Amoonguss\n|-singleturn|p2b: Amoonguss|move: Rage Powder\n|move|p1a: TrickSnarl|Thunder Wave|p2b: Amoonguss\n|-status|p2b: Amoonguss|par\n|move|p1b: Chien-Pao|Throat Chop|p2b: Amoonguss\n|-damage|p2b: Amoonguss|0 fnt\n|faint|p2b: Amoonguss\n|move|p2a: Palafin|Wave Crash|p1b: Chien-Pao\n|-enditem|p1b: Chien-Pao|Focus Sash\n|-damage|p1b: Chien-Pao|1\/100\n|-damage|p2a: Palafin|36\/100|[from] Recoil\n|\n|-start|p1b: Chien-Pao|perish1\n|-start|p1a: TrickSnarl|perish1\n|upkeep\n|\n|t:|1682870246\n|switch|p2b: Gothorita|Gothorita, L50, M, shiny|100\/100\n|turn|9\n|inactive|deazy fool has 30 seconds left.\n|\n|t:|1682870277\n|move|p1b: Chien-Pao|Throat Chop|p2a: Palafin\n|-damage|p2a: Palafin|0 fnt\n|faint|p2a: Palafin\n|move|p1a: TrickSnarl|Foul Play|p2b: Gothorita\n|-supereffective|p2b: Gothorita\n|-damage|p2b: Gothorita|53\/100\n|move|p2b: Gothorita|Charm|p1b: Chien-Pao\n|-unboost|p1b: Chien-Pao|atk|2\n|\n|-start|p1b: Chien-Pao|perish0\n|-start|p1a: TrickSnarl|perish0\n|upkeep\n|faint|p1b: Chien-Pao\n|faint|p1a: TrickSnarl\n|c|\u2606deazy fool|No what\n|\n|t:|1682870288\n|switch|p1b: Blues|Ceruledge, L50, M, tera:Grass|100\/100\n|turn|10\n|c|\u2606JustRadAlex|Ggs :)\n|c|\u2606deazy fool|your most logical move was to switch to ceruledge to save chien pao\n|\n|t:|1682870311\n|move|p1b: Blues|Bitter Blade|p2b: Gothorita\n|-damage|p2b: Gothorita|20\/100\n|move|p2b: Gothorita|Charm|p1b: Blues\n|-unboost|p1b: Blues|atk|2\n|\n|upkeep\n|turn|11\n|c|\u2606JustRadAlex|Well I didn't\n|c|\u2606JustRadAlex|Soo\n|c|\u2606JustRadAlex|Ggs\n|\n|t:|1682870321\n|move|p1b: Blues|Bitter Blade|p2b: Gothorita\n|-damage|p2b: Gothorita|3\/100\n|move|p2b: Gothorita|Foul Play|p1b: Blues\n|-damage|p1b: Blues|87\/100\n|\n|upkeep\n|turn|12\n|l|\u2606deazy fool\n|inactive|deazy fool disconnected and has a minute to reconnect!\n|player|p2|\n|j|\u2606deazy fool\n|inactive|deazy fool reconnected and has 45 seconds left.\n|player|p2|deazy fool|roxie\n|l|\u2606deazy fool\n|inactive|deazy fool disconnected and has a minute to reconnect!\n|player|p2|\n|inactive|deazy fool has 30 seconds left.\n|j|\u2606deazy fool\n|inactive|deazy fool reconnected and has 30 seconds left.\n|player|p2|deazy fool|roxie\n|-message|deazy fool forfeited.\n|\n|win|JustRadAlex\n|raw|JustRadAlex's rating: 1103 → 1121<\/strong> (+18 for winning)\n|raw|deazy fool's rating: 1000 → 1000<\/strong> (+0 for losing)\n|l|\u2606deazy fool\n","uploadtime":1682870362,"views":14,"p1id":"justradalex","p2id":"deazyfool","formatid":"gen9vgc2023regulationc","rating":1000,"private":0,"password":""}