{"id":"gen9vgc2023regulationc-1862561501","p1":"njayz","p2":"revocolombia","format":"[Gen 9] VGC 2023 Regulation C","log":"|j|\u2606njayz\n|j|\u2606revocolombia\n|t:|1683900926\n|gametype|doubles\n|player|p1|njayz|falkner|1211\n|player|p2|revocolombia|pokemonranger-gen4|1313\n|teamsize|p1|6\n|teamsize|p2|6\n|gen|9\n|tier|[Gen 9] VGC 2023 Regulation C\n|rated|\n|rule|Species Clause: Limit one of each Pok\u00e9mon\n|rule|Item Clause: Limit one of each item\n|clearpoke\n|poke|p1|Flutter Mane, L50|\n|poke|p1|Garganacl, L50, M|\n|poke|p1|Iron Hands, L50|\n|poke|p1|Brute Bonnet, L50|\n|poke|p1|Ting-Lu, L50|\n|poke|p1|Palafin, L50, F|\n|poke|p2|Flutter Mane, L50|\n|poke|p2|Great Tusk, L50|\n|poke|p2|Dragonite, L50, M|\n|poke|p2|Chien-Pao, L50|\n|poke|p2|Murkrow, L50, F|\n|poke|p2|Gholdengo, L50|\n|teampreview|4\n|j| A Borygon\n|\n|t:|1683900965\n|start\n|switch|p1a: Iron Hands|Iron Hands, L50|100\/100\n|switch|p1b: Palafin|Palafin, L50, F|100\/100\n|switch|p2a: Murkrow|Murkrow, L50, F|100\/100\n|switch|p2b: Great Tusk|Great Tusk, L50|100\/100\n|turn|1\n|l| A Borygon\n|\n|t:|1683900991\n|detailschange|p1b: Palafin|Palafin-Hero, L50, F\n|switch|p1b: Ting-Lu|Ting-Lu, L50|100\/100\n|-ability|p1b: Ting-Lu|Vessel of Ruin\n|move|p1a: Iron Hands|Fake Out|p2a: Murkrow\n|-damage|p2a: Murkrow|82\/100\n|cant|p2a: Murkrow|flinch\n|move|p2b: Great Tusk|Earthquake|p1a: Iron Hands|[spread] p1a,p1b\n|-immune|p2a: Murkrow\n|-supereffective|p1a: Iron Hands\n|-damage|p1a: Iron Hands|41\/100\n|-damage|p1b: Ting-Lu|75\/100\n|\n|upkeep\n|turn|2\n|\n|t:|1683901029\n|-terastallize|p1a: Iron Hands|Fighting\n|move|p2a: Murkrow|Tailwind|p2a: Murkrow\n|-sidestart|p2: revocolombia|move: Tailwind\n|move|p2b: Great Tusk|Earthquake|p1b: Ting-Lu|[spread] p1a,p1b\n|-immune|p2a: Murkrow\n|-damage|p1a: Iron Hands|14\/100\n|-damage|p1b: Ting-Lu|53\/100\n|move|p1a: Iron Hands|Drain Punch|p2b: Great Tusk\n|-damage|p2b: Great Tusk|60\/100\n|-heal|p1a: Iron Hands|33\/100|[from] drain|[of] p2b: Great Tusk\n|move|p1b: Ting-Lu|Rock Slide|p2b: Great Tusk|[spread] p2a,p2b\n|-supereffective|p2a: Murkrow\n|-resisted|p2b: Great Tusk\n|-damage|p2a: Murkrow|24\/100\n|-damage|p2b: Great Tusk|55\/100\n|\n|upkeep\n|turn|3\n|l|\u2606njayz\n|player|p1|\n|j|\u2606njayz\n|player|p1|njayz|falkner\n|\n|t:|1683901077\n|move|p2a: Murkrow|Sunny Day|p2a: Murkrow\n|-weather|SunnyDay\n|-activate|p2b: Great Tusk|ability: Protosynthesis\n|-start|p2b: Great Tusk|protosynthesisatk\n|move|p2b: Great Tusk|Earthquake|p1a: Iron Hands|[spread] p1a,p1b\n|-immune|p2a: Murkrow\n|-damage|p1a: Iron Hands|0 fnt\n|-damage|p1b: Ting-Lu|24\/100\n|faint|p1a: Iron Hands\n|-end|p1a: Iron Hands|Quark Drive|[silent]\n|move|p1b: Ting-Lu|Rock Slide|p2a: Murkrow|[spread] p2a,p2b\n|-supereffective|p2a: Murkrow\n|-resisted|p2b: Great Tusk\n|-damage|p2a: Murkrow|0 fnt\n|-damage|p2b: Great Tusk|51\/100\n|faint|p2a: Murkrow\n|\n|-weather|SunnyDay|[upkeep]\n|upkeep\n|\n|t:|1683901098\n|switch|p2a: Chien-Pao|Chien-Pao, L50|100\/100\n|switch|p1a: Palafin|Palafin-Hero, L50, F|100\/100\n|-ability|p2a: Chien-Pao|Sword of Ruin\n|-activate|p1a: Palafin|ability: Zero to Hero\n|turn|4\n|inactive|Battle timer is ON: inactive players will automatically lose when time's up. (requested by njayz)\n|\n|t:|1683901117\n|move|p1a: Palafin|Jet Punch|p2b: Great Tusk\n|-supereffective|p2b: Great Tusk\n|-damage|p2b: Great Tusk|11\/100\n|move|p2a: Chien-Pao|Ice Spinner|p1b: Ting-Lu\n|-supereffective|p1b: Ting-Lu\n|-damage|p1b: Ting-Lu|0 fnt\n|faint|p1b: Ting-Lu\n|move|p2b: Great Tusk|Brick Break|p1a: Palafin\n|-damage|p1a: Palafin|23\/100\n|\n|-weather|SunnyDay|[upkeep]\n|upkeep\n|\n|t:|1683901137\n|switch|p1b: Brute Bonnet|Brute Bonnet, L50|100\/100\n|-activate|p1b: Brute Bonnet|ability: Protosynthesis\n|-start|p1b: Brute Bonnet|protosynthesisatk\n|turn|5\n|\n|t:|1683901158\n|move|p2b: Great Tusk|Protect|p2b: Great Tusk\n|-singleturn|p2b: Great Tusk|Protect\n|move|p1a: Palafin|Jet Punch|p2b: Great Tusk\n|-activate|p2b: Great Tusk|move: Protect\n|move|p1b: Brute Bonnet|Sucker Punch|p2a: Chien-Pao\n|-resisted|p2a: Chien-Pao\n|-damage|p2a: Chien-Pao|74\/100\n|move|p2a: Chien-Pao|Ice Spinner|p1b: Brute Bonnet\n|-supereffective|p1b: Brute Bonnet\n|-damage|p1b: Brute Bonnet|5\/100\n|-enditem|p1b: Brute Bonnet|Sitrus Berry|[eat]\n|-heal|p1b: Brute Bonnet|30\/100|[from] item: Sitrus Berry\n|\n|-weather|SunnyDay|[upkeep]\n|-sideend|p2: revocolombia|move: Tailwind\n|upkeep\n|turn|6\n|\n|t:|1683901180\n|move|p2a: Chien-Pao|Ice Shard|p1b: Brute Bonnet\n|-supereffective|p1b: Brute Bonnet\n|-damage|p1b: Brute Bonnet|0 fnt\n|faint|p1b: Brute Bonnet\n|-end|p1b: Brute Bonnet|Protosynthesis|[silent]\n|move|p1a: Palafin|Jet Punch|p2a: Chien-Pao\n|-damage|p2a: Chien-Pao|41\/100\n|move|p2b: Great Tusk|Brick Break|p1a: Palafin\n|-damage|p1a: Palafin|0 fnt\n|faint|p1a: Palafin\n|\n|win|revocolombia\n|raw|njayz's rating: 1211 → 1193<\/strong> (-18 for losing)\n|raw|revocolombia's rating: 1313 → 1327<\/strong> (+14 for winning)\n|l|\u2606njayz\n","uploadtime":1683901193,"views":9,"p1id":"njayz","p2id":"revocolombia","formatid":"gen9vgc2023regulationc","rating":1193,"private":0,"password":""}