{"id":"gen9vgc2023regulationc-1854587242","p1":"Tempest brute","p2":"Pyte 17","format":"[Gen 9] VGC 2023 Regulation C","log":"|j|\u2606Tempest brute\n|j|\u2606Pyte 17\n|t:|1682831389\n|gametype|doubles\n|player|p1|Tempest brute|veteran|1601\n|player|p2|Pyte 17|265|1641\n|teamsize|p1|5\n|teamsize|p2|6\n|gen|9\n|tier|[Gen 9] VGC 2023 Regulation C\n|rated|\n|rule|Species Clause: Limit one of each Pok\u00e9mon\n|rule|Item Clause: Limit one of each item\n|clearpoke\n|poke|p1|Ting-Lu, L50|\n|poke|p1|Roaring Moon, L50|\n|poke|p1|Klefki, L50, F|\n|poke|p1|Skeledirge, L50, M|\n|poke|p1|Iron Bundle, L50|\n|poke|p2|Talonflame, L50, M|\n|poke|p2|Corviknight, L50, M|\n|poke|p2|Azumarill, L50, F|\n|poke|p2|Iron Hands, L50|\n|poke|p2|Scream Tail, L50|\n|poke|p2|Amoonguss, L50, M|\n|teampreview|4\n|\n|t:|1682831446\n|start\n|switch|p1a: Klefki|Klefki, L50, F|100\/100\n|switch|p1b: Skeledirge|Skeledirge, L50, M|100\/100\n|switch|p2a: Talonflame|Talonflame, L50, M|100\/100\n|switch|p2b: Iron Hands|Iron Hands, L50|100\/100\n|turn|1\n|\n|t:|1682831478\n|move|p2a: Talonflame|Tailwind|p2a: Talonflame\n|-sidestart|p2: Pyte 17|move: Tailwind\n|move|p1a: Klefki|Reflect|p1a: Klefki\n|-sidestart|p1: Tempest brute|Reflect\n|move|p2b: Iron Hands|Drain Punch|p1a: Klefki\n|-damage|p1a: Klefki|71\/100\n|move|p1b: Skeledirge|Will-O-Wisp|p2b: Iron Hands\n|-status|p2b: Iron Hands|brn\n|\n|-damage|p2b: Iron Hands|94\/100 brn|[from] brn\n|upkeep\n|turn|2\n|\n|t:|1682831509\n|move|p1a: Klefki|Thunder Wave|p2a: Talonflame\n|-status|p2a: Talonflame|par\n|move|p2a: Talonflame|Flare Blitz|p1a: Klefki\n|-supereffective|p1a: Klefki\n|-damage|p1a: Klefki|16\/100\n|-damage|p2a: Talonflame|85\/100 par|[from] Recoil\n|move|p2b: Iron Hands|Swords Dance|p2b: Iron Hands\n|-boost|p2b: Iron Hands|atk|2\n|move|p1b: Skeledirge|Torch Song|p2b: Iron Hands\n|-damage|p2b: Iron Hands|69\/100 brn\n|-boost|p1b: Skeledirge|spa|1\n|\n|-damage|p2b: Iron Hands|63\/100 brn|[from] brn\n|upkeep\n|turn|3\n|\n|t:|1682831536\n|switch|p2a: Scream Tail|Scream Tail, L50|100\/100\n|-enditem|p2a: Scream Tail|Booster Energy\n|-activate|p2a: Scream Tail|ability: Protosynthesis|[fromitem]\n|-start|p2a: Scream Tail|protosynthesisspe\n|switch|p1a: Ting-Lu|Ting-Lu, L50|100\/100\n|-ability|p1a: Ting-Lu|Vessel of Ruin\n|move|p2b: Iron Hands|Drain Punch|p1a: Ting-Lu\n|-supereffective|p1a: Ting-Lu\n|-damage|p1a: Ting-Lu|74\/100\n|-heal|p2b: Iron Hands|78\/100 brn|[from] drain|[of] p1a: Ting-Lu\n|move|p1b: Skeledirge|Torch Song|p2b: Iron Hands\n|-damage|p2b: Iron Hands|46\/100 brn\n|-boost|p1b: Skeledirge|spa|1\n|\n|-heal|p1a: Ting-Lu|80\/100|[from] item: Leftovers\n|-damage|p2b: Iron Hands|40\/100 brn|[from] brn\n|upkeep\n|turn|4\n|\n|t:|1682831557\n|move|p2b: Iron Hands|Protect|p2b: Iron Hands\n|-singleturn|p2b: Iron Hands|Protect\n|move|p1a: Ting-Lu|Protect|p1a: Ting-Lu\n|-singleturn|p1a: Ting-Lu|Protect\n|move|p2a: Scream Tail|Disable|p1b: Skeledirge\n|-start|p1b: Skeledirge|Disable|Torch Song\n|move|p1b: Skeledirge|Shadow Ball|p2b: Iron Hands\n|-activate|p2b: Iron Hands|move: Protect\n|\n|-heal|p1a: Ting-Lu|86\/100|[from] item: Leftovers\n|-damage|p2b: Iron Hands|34\/100 brn|[from] brn\n|-sideend|p2: Pyte 17|move: Tailwind\n|upkeep\n|turn|5\n|\n|t:|1682831592\n|switch|p1a: Klefki|Klefki, L50, F|16\/100\n|-terastallize|p2a: Scream Tail|Normal\n|move|p2a: Scream Tail|Encore||[still]\n|-fail|p2a: Scream Tail\n|move|p2b: Iron Hands|Drain Punch|p1a: Klefki\n|-damage|p1a: Klefki|0 fnt\n|-heal|p2b: Iron Hands|39\/100 brn|[from] drain|[of] p1a: Klefki\n|faint|p1a: Klefki\n|move|p1b: Skeledirge|Shadow Ball|p2b: Iron Hands\n|-damage|p2b: Iron Hands|0 fnt\n|faint|p2b: Iron Hands\n|-end|p2b: Iron Hands|Quark Drive|[silent]\n|\n|upkeep\n|\n|t:|1682831625\n|switch|p1a: Ting-Lu|Ting-Lu, L50|86\/100\n|switch|p2b: Azumarill|Azumarill, L50, F|100\/100\n|-ability|p1a: Ting-Lu|Vessel of Ruin\n|turn|6\n|\n|t:|1682831641\n|switch|p2b: Talonflame|Talonflame, L50, M|85\/100 par\n|-terastallize|p1a: Ting-Lu|Water\n|move|p2a: Scream Tail|Protect|p2a: Scream Tail\n|-singleturn|p2a: Scream Tail|Protect\n|move|p1b: Skeledirge|Will-O-Wisp||[still]\n|-fail|p1b: Skeledirge\n|move|p1a: Ting-Lu|Body Press|p2a: Scream Tail\n|-activate|p2a: Scream Tail|move: Protect\n|\n|-heal|p1a: Ting-Lu|92\/100|[from] item: Leftovers\n|upkeep\n|turn|7\n|\n|t:|1682831663\n|move|p2a: Scream Tail|Encore|p1b: Skeledirge\n|-start|p1b: Skeledirge|Encore\n|move|p2b: Talonflame|Will-O-Wisp|p1a: Ting-Lu\n|-status|p1a: Ting-Lu|brn\n|move|p1b: Skeledirge|Will-O-Wisp||[still]\n|-fail|p1b: Skeledirge\n|move|p1a: Ting-Lu|Body Press|p2a: Scream Tail\n|-supereffective|p2a: Scream Tail\n|-damage|p2a: Scream Tail|78\/100\n|\n|-heal|p1a: Ting-Lu|98\/100 brn|[from] item: Leftovers\n|-damage|p1a: Ting-Lu|92\/100 brn|[from] brn\n|-end|p1b: Skeledirge|Disable\n|upkeep\n|turn|8\n|\n|t:|1682831696\n|switch|p1b: Roaring Moon|Roaring Moon, L50|100\/100\n|-enditem|p1b: Roaring Moon|Booster Energy\n|-activate|p1b: Roaring Moon|ability: Protosynthesis|[fromitem]\n|-start|p1b: Roaring Moon|protosynthesisspe\n|move|p2a: Scream Tail|Disable|p1a: Ting-Lu\n|-start|p1a: Ting-Lu|Disable|Body Press\n|move|p2b: Talonflame|Tailwind|p2b: Talonflame\n|-sidestart|p2: Pyte 17|move: Tailwind\n|cant|p1a: Ting-Lu|Disable|Body Press\n|\n|-heal|p1a: Ting-Lu|98\/100 brn|[from] item: Leftovers\n|-damage|p1a: Ting-Lu|92\/100 brn|[from] brn\n|-sideend|p1: Tempest brute|Reflect\n|upkeep\n|turn|9\n|\n|t:|1682831721\n|switch|p2b: Azumarill|Azumarill, L50, F|100\/100\n|switch|p1a: Skeledirge|Skeledirge, L50, M|100\/100\n|move|p1b: Roaring Moon|Protect|p1b: Roaring Moon\n|-singleturn|p1b: Roaring Moon|Protect\n|move|p2a: Scream Tail|Dazzling Gleam|p1b: Roaring Moon|[spread] p1a\n|-activate|p1b: Roaring Moon|move: Protect\n|-resisted|p1a: Skeledirge\n|-damage|p1a: Skeledirge|95\/100\n|\n|upkeep\n|turn|10\n|\n|t:|1682831743\n|-end|p1b: Roaring Moon|Protosynthesis|[silent]\n|switch|p1b: Ting-Lu|Ting-Lu, L50, tera:Water|92\/100 brn\n|-ability|p1b: Ting-Lu|Vessel of Ruin\n|switch|p2b: Talonflame|Talonflame, L50, M|85\/100 par\n|move|p2a: Scream Tail|Dazzling Gleam|p1a: Skeledirge|[spread] p1a,p1b\n|-resisted|p1a: Skeledirge\n|-damage|p1a: Skeledirge|91\/100\n|-damage|p1b: Ting-Lu|84\/100 brn\n|move|p1a: Skeledirge|Will-O-Wisp|p2b: Talonflame|[miss]\n|-miss|p1a: Skeledirge|p2b: Talonflame\n|\n|-heal|p1b: Ting-Lu|90\/100 brn|[from] item: Leftovers\n|-damage|p1b: Ting-Lu|84\/100 brn|[from] brn\n|upkeep\n|turn|11\n|\n|t:|1682831799\n|move|p2a: Scream Tail|Encore|p1a: Skeledirge\n|-start|p1a: Skeledirge|Encore\n|cant|p2b: Talonflame|par\n|move|p1a: Skeledirge|Will-O-Wisp|p2a: Scream Tail\n|-status|p2a: Scream Tail|brn\n|move|p1b: Ting-Lu|Body Press|p2a: Scream Tail\n|-supereffective|p2a: Scream Tail\n|-damage|p2a: Scream Tail|56\/100 brn\n|\n|-heal|p1b: Ting-Lu|90\/100 brn|[from] item: Leftovers\n|-damage|p2a: Scream Tail|50\/100 brn|[from] brn\n|-damage|p1b: Ting-Lu|84\/100 brn|[from] brn\n|-sideend|p2: Pyte 17|move: Tailwind\n|upkeep\n|turn|12\n|\n|t:|1682831817\n|switch|p2b: Azumarill|Azumarill, L50, F|100\/100\n|switch|p1a: Roaring Moon|Roaring Moon, L50|100\/100\n|move|p2a: Scream Tail|Dazzling Gleam|p1a: Roaring Moon|[spread] p1a,p1b\n|-supereffective|p1a: Roaring Moon\n|-damage|p1a: Roaring Moon|65\/100\n|-damage|p1b: Ting-Lu|77\/100 brn\n|move|p1b: Ting-Lu|Body Press|p2a: Scream Tail\n|-supereffective|p2a: Scream Tail\n|-damage|p2a: Scream Tail|27\/100 brn\n|\n|-heal|p1b: Ting-Lu|83\/100 brn|[from] item: Leftovers\n|-damage|p2a: Scream Tail|21\/100 brn|[from] brn\n|-damage|p1b: Ting-Lu|77\/100 brn|[from] brn\n|upkeep\n|turn|13\n|\n|t:|1682831859\n|switch|p1b: Skeledirge|Skeledirge, L50, M|91\/100\n|move|p2a: Scream Tail|Protect|p2a: Scream Tail\n|-singleturn|p2a: Scream Tail|Protect\n|move|p1a: Roaring Moon|Protect|p1a: Roaring Moon\n|-singleturn|p1a: Roaring Moon|Protect\n|move|p2b: Azumarill|Play Rough|p1a: Roaring Moon\n|-activate|p1a: Roaring Moon|move: Protect\n|\n|-damage|p2a: Scream Tail|15\/100 brn|[from] brn\n|upkeep\n|turn|14\n|\n|t:|1682831878\n|move|p2a: Scream Tail|Encore|p1a: Roaring Moon\n|-start|p1a: Roaring Moon|Encore\n|move|p1a: Roaring Moon|Protect||[still]\n|-fail|p1a: Roaring Moon\n|move|p1b: Skeledirge|Will-O-Wisp|p2b: Azumarill\n|-status|p2b: Azumarill|brn\n|move|p2b: Azumarill|Liquidation|p1b: Skeledirge\n|-supereffective|p1b: Skeledirge\n|-damage|p1b: Skeledirge|50\/100\n|-unboost|p1b: Skeledirge|def|1\n|-enditem|p1b: Skeledirge|Sitrus Berry|[eat]\n|-heal|p1b: Skeledirge|75\/100|[from] item: Sitrus Berry\n|\n|-damage|p2a: Scream Tail|9\/100 brn|[from] brn\n|-damage|p2b: Azumarill|94\/100 brn|[from] brn\n|upkeep\n|turn|15\n|\n|t:|1682831898\n|switch|p1b: Ting-Lu|Ting-Lu, L50, tera:Water|77\/100 brn\n|-ability|p1b: Ting-Lu|Vessel of Ruin\n|move|p1a: Roaring Moon|Protect|p1a: Roaring Moon\n|-singleturn|p1a: Roaring Moon|Protect\n|move|p2a: Scream Tail|Encore||[still]\n|-fail|p2a: Scream Tail\n|move|p2b: Azumarill|Liquidation|p1b: Ting-Lu\n|-resisted|p1b: Ting-Lu\n|-damage|p1b: Ting-Lu|71\/100 brn\n|\n|-heal|p1b: Ting-Lu|77\/100 brn|[from] item: Leftovers\n|-damage|p2a: Scream Tail|3\/100 brn|[from] brn\n|-damage|p2b: Azumarill|88\/100 brn|[from] brn\n|-damage|p1b: Ting-Lu|71\/100 brn|[from] brn\n|upkeep\n|turn|16\n|\n|t:|1682831926\n|-end|p1a: Roaring Moon|Protosynthesis|[silent]\n|switch|p1a: Skeledirge|Skeledirge, L50, M|75\/100\n|move|p2a: Scream Tail|Dazzling Gleam|p1a: Skeledirge|[spread] p1a,p1b\n|-resisted|p1a: Skeledirge\n|-damage|p1a: Skeledirge|71\/100\n|-damage|p1b: Ting-Lu|62\/100 brn\n|move|p2b: Azumarill|Liquidation|p1a: Skeledirge\n|-supereffective|p1a: Skeledirge\n|-damage|p1a: Skeledirge|28\/100\n|move|p1b: Ting-Lu|Throat Chop|p2b: Azumarill\n|-resisted|p2b: Azumarill\n|-damage|p2b: Azumarill|81\/100 brn\n|-start|p2b: Azumarill|Throat Chop|[silent]\n|\n|-heal|p1b: Ting-Lu|68\/100 brn|[from] item: Leftovers\n|-damage|p2a: Scream Tail|0 fnt|[from] brn\n|faint|p2a: Scream Tail\n|-end|p2a: Scream Tail|Protosynthesis|[silent]\n|-damage|p2b: Azumarill|75\/100 brn|[from] brn\n|-damage|p1b: Ting-Lu|62\/100 brn|[from] brn\n|upkeep\n|\n|t:|1682831937\n|switch|p2a: Talonflame|Talonflame, L50, M|85\/100 par\n|turn|17\n|\n|t:|1682831962\n|switch|p1a: Roaring Moon|Roaring Moon, L50|65\/100\n|move|p2a: Talonflame|Tailwind|p2a: Talonflame\n|-sidestart|p2: Pyte 17|move: Tailwind\n|move|p2b: Azumarill|Liquidation|p1a: Roaring Moon\n|-resisted|p1a: Roaring Moon\n|-damage|p1a: Roaring Moon|52\/100\n|move|p1b: Ting-Lu|Throat Chop|p2b: Azumarill\n|-resisted|p2b: Azumarill\n|-damage|p2b: Azumarill|67\/100 brn\n|\n|-heal|p1b: Ting-Lu|68\/100 brn|[from] item: Leftovers\n|-damage|p2b: Azumarill|61\/100 brn|[from] brn\n|-damage|p1b: Ting-Lu|62\/100 brn|[from] brn\n|-end|p2b: Azumarill|Throat Chop|[silent]\n|upkeep\n|turn|18\n|\n|t:|1682831979\n|move|p1a: Roaring Moon|Protect|p1a: Roaring Moon\n|-singleturn|p1a: Roaring Moon|Protect\n|move|p1b: Ting-Lu|Protect|p1b: Ting-Lu\n|-singleturn|p1b: Ting-Lu|Protect\n|move|p2a: Talonflame|Will-O-Wisp|p1a: Roaring Moon\n|-activate|p1a: Roaring Moon|move: Protect\n|move|p2b: Azumarill|Play Rough|p1b: Ting-Lu\n|-activate|p1b: Ting-Lu|move: Protect\n|\n|-heal|p1b: Ting-Lu|68\/100 brn|[from] item: Leftovers\n|-damage|p2b: Azumarill|55\/100 brn|[from] brn\n|-damage|p1b: Ting-Lu|62\/100 brn|[from] brn\n|upkeep\n|turn|19\n|\n|t:|1682832008\n|move|p2a: Talonflame|Will-O-Wisp|p1a: Roaring Moon\n|-status|p1a: Roaring Moon|brn\n|move|p1a: Roaring Moon|Substitute|p1a: Roaring Moon\n|-start|p1a: Roaring Moon|Substitute\n|-damage|p1a: Roaring Moon|27\/100 brn\n|move|p2b: Azumarill|Play Rough|p1b: Ting-Lu\n|-damage|p1b: Ting-Lu|48\/100 brn\n|move|p1b: Ting-Lu|Throat Chop|p2b: Azumarill\n|-resisted|p2b: Azumarill\n|-damage|p2b: Azumarill|48\/100 brn\n|-start|p2b: Azumarill|Throat Chop|[silent]\n|\n|-heal|p1b: Ting-Lu|54\/100 brn|[from] item: Leftovers\n|-damage|p1a: Roaring Moon|21\/100 brn|[from] brn\n|-damage|p2b: Azumarill|42\/100 brn|[from] brn\n|-damage|p1b: Ting-Lu|48\/100 brn|[from] brn\n|upkeep\n|turn|20\n|\n|t:|1682832029\n|move|p1b: Ting-Lu|Protect|p1b: Ting-Lu\n|-singleturn|p1b: Ting-Lu|Protect\n|move|p2a: Talonflame|Flare Blitz|p1a: Roaring Moon\n|-resisted|p1a: Roaring Moon\n|-activate|p1a: Roaring Moon|move: Substitute|[damage]\n|-damage|p2a: Talonflame|79\/100 par|[from] Recoil|[of] p1a: Roaring Moon\n|move|p1a: Roaring Moon|Acrobatics|p2b: Azumarill\n|-damage|p2b: Azumarill|25\/100 brn\n|move|p2b: Azumarill|Liquidation|p1b: Ting-Lu\n|-activate|p1b: Ting-Lu|move: Protect\n|\n|-heal|p1b: Ting-Lu|54\/100 brn|[from] item: Leftovers\n|-damage|p1a: Roaring Moon|15\/100 brn|[from] brn\n|-damage|p2b: Azumarill|19\/100 brn|[from] brn\n|-damage|p1b: Ting-Lu|48\/100 brn|[from] brn\n|-end|p2b: Azumarill|Throat Chop|[silent]\n|-sideend|p2: Pyte 17|move: Tailwind\n|upkeep\n|turn|21\n|\n|t:|1682832047\n|move|p2b: Azumarill|Aqua Jet|p1a: Roaring Moon\n|-resisted|p1a: Roaring Moon\n|-activate|p1a: Roaring Moon|move: Substitute|[damage]\n|move|p1a: Roaring Moon|Acrobatics|p2b: Azumarill\n|-damage|p2b: Azumarill|4\/100 brn\n|move|p2a: Talonflame|Flare Blitz|p1a: Roaring Moon\n|-resisted|p1a: Roaring Moon\n|-end|p1a: Roaring Moon|Substitute\n|-damage|p2a: Talonflame|77\/100 par|[from] Recoil|[of] p1a: Roaring Moon\n|move|p1b: Ting-Lu|Throat Chop|p2a: Talonflame\n|-damage|p2a: Talonflame|58\/100 par\n|\n|-heal|p1b: Ting-Lu|54\/100 brn|[from] item: Leftovers\n|-damage|p1a: Roaring Moon|9\/100 brn|[from] brn\n|-damage|p2b: Azumarill|0 fnt|[from] brn\n|faint|p2b: Azumarill\n|-damage|p1b: Ting-Lu|48\/100 brn|[from] brn\n|upkeep\n|turn|22\n|\n|t:|1682832064\n|move|p1a: Roaring Moon|Jaw Lock|p2a: Talonflame\n|-damage|p2a: Talonflame|36\/100 par\n|-activate|p1a: Roaring Moon|trapped\n|-activate|p2a: Talonflame|trapped\n|move|p2a: Talonflame|Tailwind|p2a: Talonflame\n|-sidestart|p2: Pyte 17|move: Tailwind\n|move|p1b: Ting-Lu|Throat Chop|p2a: Talonflame\n|-damage|p2a: Talonflame|19\/100 par\n|\n|-heal|p1b: Ting-Lu|54\/100 brn|[from] item: Leftovers\n|-damage|p1a: Roaring Moon|3\/100 brn|[from] brn\n|-damage|p1b: Ting-Lu|48\/100 brn|[from] brn\n|upkeep\n|turn|23\n|\n|t:|1682832073\n|cant|p2a: Talonflame|par\n|move|p1a: Roaring Moon|Jaw Lock|p2a: Talonflame\n|-damage|p2a: Talonflame|0 fnt\n|faint|p2a: Talonflame\n|\n|win|Tempest brute\n|raw|Tempest brute's rating: 1601 → 1623<\/strong> (+22 for winning)\n|raw|Pyte 17's rating: 1641 → 1619<\/strong> (-22 for losing)\n|l|\u2606Pyte 17\n","uploadtime":1682832838,"views":10,"p1id":"tempestbrute","p2id":"pyte17","formatid":"gen9vgc2023regulationc","rating":1619,"private":0,"password":""}