{"id":"gen9vgc2023regulationc-1846166721","p1":"markitofiori","p2":"SiderisVGC","format":"[Gen 9] VGC 2023 Regulation C","log":"|j|\u2606markitofiori\n|j|\u2606SiderisVGC\n|t:|1681816340\n|gametype|doubles\n|player|p1|markitofiori|hilbert|1269\n|player|p2|SiderisVGC|266|1177\n|teamsize|p1|6\n|teamsize|p2|6\n|gen|9\n|tier|[Gen 9] VGC 2023 Regulation C\n|rated|\n|rule|Species Clause: Limit one of each Pok\u00e9mon\n|rule|Item Clause: Limit one of each item\n|clearpoke\n|poke|p1|Ting-Lu, L50|\n|poke|p1|Amoonguss, L50, F|\n|poke|p1|Arcanine, L50, M|\n|poke|p1|Kingambit, L50, M|\n|poke|p1|Flutter Mane, L50|\n|poke|p1|Azumarill, L50, M|\n|poke|p2|Flutter Mane, L50|\n|poke|p2|Gyarados, L50, F|\n|poke|p2|Ting-Lu, L50|\n|poke|p2|Iron Hands, L50|\n|poke|p2|Amoonguss, L50, M|\n|poke|p2|Ceruledge, L50, M|\n|teampreview|4\n|inactive|Battle timer is ON: inactive players will automatically lose when time's up. (requested by SiderisVGC)\n|\n|t:|1681816370\n|start\n|switch|p1a: Arcanine|Arcanine, L50, M|100\/100\n|switch|p1b: Kingambit|Kingambit, L50, M|100\/100\n|switch|p2a: Iron Hands|Iron Hands, L50|100\/100\n|switch|p2b: Ceruledge|Ceruledge, L50, M|100\/100\n|-ability|p1a: Arcanine|Intimidate|boost\n|-unboost|p2a: Iron Hands|atk|1\n|-fail|p2b: Ceruledge|unboost|[from] item: Clear Amulet|[of] p2b: Ceruledge\n|turn|1\n|\n|t:|1681816389\n|move|p1b: Kingambit|Protect|p1b: Kingambit\n|-singleturn|p1b: Kingambit|Protect\n|move|p2a: Iron Hands|Fake Out|p1b: Kingambit\n|-activate|p1b: Kingambit|move: Protect\n|move|p1a: Arcanine|Will-O-Wisp|p2a: Iron Hands\n|-status|p2a: Iron Hands|brn\n|move|p2b: Ceruledge|Bulk Up|p2b: Ceruledge\n|-boost|p2b: Ceruledge|atk|1\n|-boost|p2b: Ceruledge|def|1\n|\n|-damage|p2a: Iron Hands|94\/100 brn|[from] brn\n|upkeep\n|turn|2\n|inactive|markitofiori has 30 seconds left.\n|\n|t:|1681816420\n|-terastallize|p1b: Kingambit|Dark\n|move|p1b: Kingambit|Sucker Punch||[still]\n|-fail|p1b: Kingambit\n|move|p1a: Arcanine|Howl|p1a: Arcanine|[spread] p1a,p1b\n|-boost|p1a: Arcanine|atk|1\n|-boost|p1b: Kingambit|atk|1\n|move|p2b: Ceruledge|Bulk Up|p2b: Ceruledge\n|-boost|p2b: Ceruledge|atk|1\n|-boost|p2b: Ceruledge|def|1\n|move|p2a: Iron Hands|Volt Switch|p1b: Kingambit\n|-damage|p1b: Kingambit|87\/100\n|\n|t:|1681816440\n|-end|p2a: Iron Hands|Quark Drive|[silent]\n|switch|p2a: Ting-Lu|Ting-Lu, L50|100\/100|[from] Volt Switch\n|-ability|p2a: Ting-Lu|Vessel of Ruin\n|\n|upkeep\n|turn|3\n|\n|t:|1681816456\n|move|p2b: Ceruledge|Protect|p2b: Ceruledge\n|-singleturn|p2b: Ceruledge|Protect\n|move|p1a: Arcanine|Will-O-Wisp|p2a: Ting-Lu\n|-status|p2a: Ting-Lu|brn\n|move|p1b: Kingambit|Kowtow Cleave|p2b: Ceruledge\n|-activate|p2b: Ceruledge|move: Protect\n|move|p2a: Ting-Lu|Earthquake|p1a: Arcanine|[spread] p1a,p1b\n|-activate|p2b: Ceruledge|move: Protect\n|-supereffective|p1a: Arcanine\n|-damage|p1a: Arcanine|43\/100\n|-damage|p1b: Kingambit|69\/100\n|\n|-damage|p2a: Ting-Lu|95\/100 brn|[from] brn\n|upkeep\n|turn|4\n|inactive|markitofiori has 30 seconds left.\n|\n|t:|1681816483\n|-terastallize|p2b: Ceruledge|Grass\n|move|p1a: Arcanine|Extreme Speed|p2b: Ceruledge\n|-damage|p2b: Ceruledge|84\/100\n|move|p1b: Kingambit|Sucker Punch|p2b: Ceruledge\n|-damage|p2b: Ceruledge|38\/100\n|move|p2b: Ceruledge|Bitter Blade|p1b: Kingambit\n|-damage|p1b: Kingambit|0 fnt\n|-heal|p2b: Ceruledge|77\/100|[from] drain|[of] p1b: Kingambit\n|faint|p1b: Kingambit\n|move|p2a: Ting-Lu|Earthquake|p1a: Arcanine|[spread] p2b,p1a\n|-resisted|p2b: Ceruledge\n|-supereffective|p1a: Arcanine\n|-damage|p2b: Ceruledge|70\/100\n|-damage|p1a: Arcanine|0 fnt\n|faint|p1a: Arcanine\n|\n|-damage|p2a: Ting-Lu|89\/100 brn|[from] brn\n|upkeep\n|\n|t:|1681816502\n|switch|p1a: Flutter Mane|Flutter Mane, L50|100\/100\n|switch|p1b: Azumarill|Azumarill, L50, M|100\/100\n|-enditem|p1a: Flutter Mane|Booster Energy\n|-activate|p1a: Flutter Mane|ability: Protosynthesis|[fromitem]\n|-start|p1a: Flutter Mane|protosynthesisspa\n|turn|5\n|\n|t:|1681816518\n|switch|p2a: Iron Hands|Iron Hands, L50|94\/100 brn\n|move|p1a: Flutter Mane|Protect|p1a: Flutter Mane\n|-singleturn|p1a: Flutter Mane|Protect\n|move|p2b: Ceruledge|Protect|p2b: Ceruledge\n|-singleturn|p2b: Ceruledge|Protect\n|move|p1b: Azumarill|Play Rough|p2b: Ceruledge\n|-activate|p2b: Ceruledge|move: Protect\n|\n|-damage|p2a: Iron Hands|88\/100 brn|[from] brn\n|upkeep\n|turn|6\n|inactive|markitofiori has 30 seconds left.\n|\n|t:|1681816543\n|move|p2a: Iron Hands|Fake Out|p1b: Azumarill\n|-damage|p1b: Azumarill|92\/100\n|cant|p1b: Azumarill|flinch\n|move|p1a: Flutter Mane|Moonblast|p2b: Ceruledge\n|-damage|p2b: Ceruledge|12\/100\n|move|p2b: Ceruledge|Bitter Blade|p1a: Flutter Mane\n|-damage|p1a: Flutter Mane|0 fnt\n|-heal|p2b: Ceruledge|49\/100|[from] drain|[of] p1a: Flutter Mane\n|faint|p1a: Flutter Mane\n|-end|p1a: Flutter Mane|Protosynthesis|[silent]\n|\n|-damage|p2a: Iron Hands|82\/100 brn|[from] brn\n|upkeep\n|turn|7\n|-message|markitofiori forfeited.\n|\n|win|SiderisVGC\n|raw|markitofiori's rating: 1269 → 1238<\/strong> (-31 for losing)\n|raw|SiderisVGC's rating: 1177 → 1208<\/strong> (+31 for winning)\n|l|\u2606markitofiori\n","uploadtime":1681816571,"views":10,"p1id":"markitofiori","p2id":"siderisvgc","formatid":"gen9vgc2023regulationc","rating":1208,"private":0,"password":""}