{"id":"gen9vgc2023regulationc-1861192025","p1":"fxgjx","p2":"Wellington Kobs","format":"[Gen 9] VGC 2023 Regulation C","log":"|j|\u2606fxgjx\n|j|\u2606Wellington Kobs\n|t:|1683734578\n|gametype|doubles\n|player|p1|fxgjx|266|1000\n|player|p2|Wellington Kobs|blue|1047\n|teamsize|p1|6\n|teamsize|p2|6\n|gen|9\n|tier|[Gen 9] VGC 2023 Regulation C\n|rated|\n|rule|Species Clause: Limit one of each Pok\u00e9mon\n|rule|Item Clause: Limit one of each item\n|clearpoke\n|poke|p1|Palafin, L50, F|\n|poke|p1|Chi-Yu, L50|\n|poke|p1|Flutter Mane, L50|\n|poke|p1|Farigiraf, L50, M|\n|poke|p1|Amoonguss, L50, F|\n|poke|p1|Talonflame, L50, F|\n|poke|p2|Flutter Mane, L50|\n|poke|p2|Murkrow, L50, F|\n|poke|p2|Amoonguss, L50, M|\n|poke|p2|Palafin, L50, F|\n|poke|p2|Great Tusk, L50|\n|poke|p2|Arcanine, L50, F|\n|teampreview|4\n|inactive|Battle timer is ON: inactive players will automatically lose when time's up. (requested by fxgjx)\n|\n|t:|1683734595\n|start\n|switch|p1a: Talonflame|Talonflame, L50, F|100\/100\n|switch|p1b: Farigiraf|Farigiraf, L50, M|100\/100\n|switch|p2a: Murkrow|Murkrow, L50, F|100\/100\n|switch|p2b: Flutter Mane|Flutter Mane, L50|100\/100\n|turn|1\n|\n|t:|1683734613\n|move|p1a: Talonflame|Tailwind|p1a: Talonflame\n|-sidestart|p1: fxgjx|move: Tailwind\n|move|p2a: Murkrow|Tailwind|p2a: Murkrow\n|-sidestart|p2: Wellington Kobs|move: Tailwind\n|move|p2b: Flutter Mane|Shadow Ball|p1b: Farigiraf\n|-immune|p1b: Farigiraf\n|move|p1b: Farigiraf|Shadow Ball|p2b: Flutter Mane\n|-supereffective|p2b: Flutter Mane\n|-damage|p2b: Flutter Mane|19\/100\n|\n|upkeep\n|turn|2\n|\n|t:|1683734626\n|switch|p1b: Chi-Yu|Chi-Yu, L50|100\/100\n|-ability|p1b: Chi-Yu|Beads of Ruin\n|move|p1a: Talonflame|Brave Bird|p2b: Flutter Mane\n|-damage|p2b: Flutter Mane|0 fnt\n|faint|p2b: Flutter Mane\n|-end|p2b: Flutter Mane|Protosynthesis|[silent]\n|-damage|p1a: Talonflame|96\/100|[from] Recoil\n|move|p2a: Murkrow|Sunny Day|p2a: Murkrow\n|-weather|SunnyDay\n|\n|-weather|SunnyDay|[upkeep]\n|upkeep\n|\n|t:|1683734632\n|switch|p2b: Great Tusk|Great Tusk, L50|100\/100\n|-activate|p2b: Great Tusk|ability: Protosynthesis\n|-start|p2b: Great Tusk|protosynthesisspe\n|turn|3\n|\n|t:|1683734644\n|switch|p2a: Amoonguss|Amoonguss, L50, M|100\/100\n|move|p1b: Chi-Yu|Protect|p1b: Chi-Yu\n|-singleturn|p1b: Chi-Yu|Protect\n|move|p2b: Great Tusk|Close Combat|p1b: Chi-Yu\n|-activate|p1b: Chi-Yu|move: Protect\n|move|p1a: Talonflame|Will-O-Wisp|p2b: Great Tusk\n|-status|p2b: Great Tusk|brn\n|\n|-weather|SunnyDay|[upkeep]\n|-damage|p2b: Great Tusk|95\/100 brn|[from] brn\n|upkeep\n|turn|4\n|\n|t:|1683734662\n|-terastallize|p1b: Chi-Yu|Ghost\n|move|p2a: Amoonguss|Protect|p2a: Amoonguss\n|-singleturn|p2a: Amoonguss|Protect\n|move|p2b: Great Tusk|Rock Slide|p1b: Chi-Yu|[spread] p1a,p1b\n|-supereffective|p1a: Talonflame\n|-crit|p1b: Chi-Yu\n|-damage|p1a: Talonflame|51\/100\n|-damage|p1b: Chi-Yu|73\/100\n|-damage|p2b: Great Tusk|85\/100 brn|[from] item: Life Orb\n|move|p1a: Talonflame|Taunt|p2a: Amoonguss\n|-activate|p2a: Amoonguss|move: Protect\n|move|p1b: Chi-Yu|Heat Wave|p2b: Great Tusk|[spread] p2b\n|-activate|p2a: Amoonguss|move: Protect\n|-damage|p2b: Great Tusk|0 fnt\n|faint|p2b: Great Tusk\n|-end|p2b: Great Tusk|Protosynthesis|[silent]\n|\n|-weather|SunnyDay|[upkeep]\n|-sideend|p1: fxgjx|move: Tailwind\n|-sideend|p2: Wellington Kobs|move: Tailwind\n|upkeep\n|\n|t:|1683734673\n|switch|p2b: Murkrow|Murkrow, L50, F|100\/100\n|turn|5\n|l|\u2606Wellington Kobs\n|inactive|Wellington Kobs disconnected and has a minute to reconnect!\n|player|p2|\n|inactive|Wellington Kobs has 30 seconds left.\n|inactive|Wellington Kobs has 20 seconds left.\n|inactive|Wellington Kobs has 15 seconds left.\n|inactive|Wellington Kobs has 10 seconds left.\n|inactive|Wellington Kobs has 5 seconds left.\n|-message|Wellington Kobs lost due to inactivity.\n|\n|win|fxgjx\n|raw|fxgjx's rating: 1000 → 1045<\/strong> (+45 for winning)\n|raw|Wellington Kobs's rating: 1047 → 1028<\/strong> (-19 for losing)\n","uploadtime":1683734730,"views":8,"p1id":"fxgjx","p2id":"wellingtonkobs","formatid":"gen9vgc2023regulationc","rating":1028,"private":0,"password":""}