{"id":"gen9vgc2023regulationc-1856965117","p1":"jigawoho","p2":"SeydouVGC","format":"[Gen 9] VGC 2023 Regulation C","log":"|j|\u2606jigawoho\n|j|\u2606SeydouVGC\n|t:|1683131276\n|gametype|doubles\n|player|p1|jigawoho|n|1187\n|player|p2|SeydouVGC|flint|1300\n|teamsize|p1|6\n|teamsize|p2|6\n|gen|9\n|tier|[Gen 9] VGC 2023 Regulation C\n|rated|\n|rule|Species Clause: Limit one of each Pok\u00e9mon\n|rule|Item Clause: Limit one of each item\n|clearpoke\n|poke|p1|Ting-Lu, L50|\n|poke|p1|Flutter Mane, L50|\n|poke|p1|Gothitelle, L50, F|\n|poke|p1|Scream Tail, L50|\n|poke|p1|Arcanine, L50, M|\n|poke|p1|Brute Bonnet, L50|\n|poke|p2|Ting-Lu, L50|\n|poke|p2|Torkoal, L50, M|\n|poke|p2|Flutter Mane, L50|\n|poke|p2|Iron Hands, L50|\n|poke|p2|Bronzong, L50|\n|poke|p2|Gyarados, L50, M|\n|teampreview|4\n|inactive|Battle timer is ON: inactive players will automatically lose when time's up. (requested by jigawoho)\n|\n|t:|1683131346\n|start\n|switch|p1a: Flutter Mane|Flutter Mane, L50|100\/100\n|switch|p1b: Gothitelle|Gothitelle, L50, F|100\/100\n|switch|p2a: Bronzong|Bronzong, L50, shiny|100\/100\n|switch|p2b: Flutter Mane|Flutter Mane, L50|100\/100\n|turn|1\n|\n|t:|1683131368\n|-terastallize|p1a: Flutter Mane|Fairy\n|-terastallize|p2a: Bronzong|Fire\n|move|p1b: Gothitelle|Fake Out|p2a: Bronzong\n|-damage|p2a: Bronzong|95\/100\n|move|p1a: Flutter Mane|Shadow Ball|p2b: Flutter Mane\n|-supereffective|p2b: Flutter Mane\n|-damage|p2b: Flutter Mane|0 fnt\n|faint|p2b: Flutter Mane\n|-end|p2b: Flutter Mane|Protosynthesis|[silent]\n|-damage|p1a: Flutter Mane|90\/100|[from] item: Life Orb\n|cant|p2a: Bronzong|flinch\n|\n|upkeep\n|\n|t:|1683131383\n|switch|p2b: Torkoal|Torkoal, L50, M, shiny|100\/100\n|-weather|SunnyDay|[from] ability: Drought|[of] p2b: Torkoal\n|-activate|p1a: Flutter Mane|ability: Protosynthesis\n|-start|p1a: Flutter Mane|protosynthesisspe\n|turn|2\n|\n|t:|1683131392\n|move|p1b: Gothitelle|Protect|p1b: Gothitelle\n|-singleturn|p1b: Gothitelle|Protect\n|move|p1a: Flutter Mane|Shadow Ball|p2b: Torkoal\n|-damage|p2b: Torkoal|25\/100\n|-damage|p1a: Flutter Mane|80\/100|[from] item: Life Orb\n|move|p2b: Torkoal|Heat Wave|p1b: Gothitelle|[spread] p1a\n|-activate|p1b: Gothitelle|move: Protect\n|-damage|p1a: Flutter Mane|1\/100\n|-status|p1a: Flutter Mane|brn\n|move|p2a: Bronzong|Trick Room|p2a: Bronzong\n|-fieldstart|move: Trick Room|[of] p2a: Bronzong\n|\n|-weather|SunnyDay|[upkeep]\n|-damage|p1a: Flutter Mane|0 fnt|[from] brn\n|faint|p1a: Flutter Mane\n|-end|p1a: Flutter Mane|Protosynthesis|[silent]\n|upkeep\n|\n|t:|1683131406\n|switch|p1a: Arcanine|Arcanine, L50, M|100\/100\n|-ability|p1a: Arcanine|Intimidate|boost\n|-unboost|p2a: Bronzong|atk|1\n|-unboost|p2b: Torkoal|atk|1\n|turn|3\n|\n|t:|1683131418\n|move|p1b: Gothitelle|Protect|p1b: Gothitelle\n|-singleturn|p1b: Gothitelle|Protect\n|move|p1a: Arcanine|Extreme Speed|p2b: Torkoal\n|-damage|p2b: Torkoal|7\/100\n|move|p2b: Torkoal|Heat Wave|p1a: Arcanine|[spread] p1a\n|-activate|p1b: Gothitelle|move: Protect\n|-resisted|p1a: Arcanine\n|-damage|p1a: Arcanine|53\/100\n|move|p2a: Bronzong|Body Press|p1a: Arcanine\n|-damage|p1a: Arcanine|24\/100\n|\n|-weather|SunnyDay|[upkeep]\n|upkeep\n|turn|4\n|\n|t:|1683131435\n|switch|p1b: Scream Tail|Scream Tail, L50|100\/100\n|-activate|p1b: Scream Tail|ability: Protosynthesis\n|-start|p1b: Scream Tail|protosynthesisspe\n|move|p1a: Arcanine|Extreme Speed|p2b: Torkoal\n|-damage|p2b: Torkoal|0 fnt\n|faint|p2b: Torkoal\n|move|p2a: Bronzong|Body Press|p1a: Arcanine\n|-damage|p1a: Arcanine|0 fnt\n|faint|p1a: Arcanine\n|\n|-weather|SunnyDay|[upkeep]\n|upkeep\n|\n|t:|1683131446\n|switch|p2b: Ting-Lu|Ting-Lu, L50|100\/100\n|switch|p1a: Gothitelle|Gothitelle, L50, F|100\/100\n|-ability|p2b: Ting-Lu|Vessel of Ruin\n|turn|5\n|\n|t:|1683131457\n|move|p1a: Gothitelle|Fake Out|p2b: Ting-Lu\n|-damage|p2b: Ting-Lu|97\/100\n|cant|p2b: Ting-Lu|flinch\n|move|p2a: Bronzong|Safeguard|p2a: Bronzong\n|-sidestart|p2: SeydouVGC|Safeguard\n|move|p1b: Scream Tail|Perish Song|p1b: Scream Tail\n|-start|p1a: Gothitelle|perish3|[silent]\n|-start|p1b: Scream Tail|perish3|[silent]\n|-start|p2a: Bronzong|perish3|[silent]\n|-start|p2b: Ting-Lu|perish3|[silent]\n|-fieldactivate|move: Perish Song\n|\n|-weather|SunnyDay|[upkeep]\n|-start|p2b: Ting-Lu|perish3\n|-start|p2a: Bronzong|perish3\n|-start|p1a: Gothitelle|perish3\n|-start|p1b: Scream Tail|perish3\n|upkeep\n|turn|6\n|\n|t:|1683131474\n|move|p1a: Gothitelle|Protect|p1a: Gothitelle\n|-singleturn|p1a: Gothitelle|Protect\n|move|p1b: Scream Tail|Protect|p1b: Scream Tail\n|-singleturn|p1b: Scream Tail|Protect\n|move|p2b: Ting-Lu|Earthquake|p1b: Scream Tail|[spread] \n|-activate|p1a: Gothitelle|move: Protect\n|-activate|p1b: Scream Tail|move: Protect\n|-immune|p2a: Bronzong|[from] ability: Levitate\n|move|p2a: Bronzong|Body Press|p1a: Gothitelle\n|-activate|p1a: Gothitelle|move: Protect\n|\n|-weather|none\n|-end|p1b: Scream Tail|Protosynthesis\n|-start|p2b: Ting-Lu|perish2\n|-start|p2a: Bronzong|perish2\n|-start|p1a: Gothitelle|perish2\n|-start|p1b: Scream Tail|perish2\n|-fieldend|move: Trick Room\n|upkeep\n|turn|7\n|c|\u2606SeydouVGC|doesn't the slowest pokemon win perish trap?\n|inactive|jigawoho has 30 seconds left.\n|c|\u2606jigawoho|no clue lol\n|inactive|jigawoho has 20 seconds left.\n|\n|t:|1683131511\n|move|p2a: Bronzong|Protect|p2a: Bronzong\n|-singleturn|p2a: Bronzong|Protect\n|move|p1b: Scream Tail|Encore|p2a: Bronzong\n|-activate|p2a: Bronzong|move: Protect\n|move|p1a: Gothitelle|Psychic|p2a: Bronzong\n|-activate|p2a: Bronzong|move: Protect\n|move|p2b: Ting-Lu|Earthquake|p1a: Gothitelle|[spread] p1a,p1b\n|-activate|p2a: Bronzong|move: Protect\n|-damage|p1a: Gothitelle|56\/100\n|-damage|p1b: Scream Tail|67\/100\n|\n|-start|p1b: Scream Tail|perish1\n|-start|p1a: Gothitelle|perish1\n|-start|p2a: Bronzong|perish1\n|-start|p2b: Ting-Lu|perish1\n|upkeep\n|turn|8\n|c|\u2606SeydouVGC|xD\n|inactive|SeydouVGC has 30 seconds left.\n|\n|t:|1683131539\n|move|p1b: Scream Tail|Protect|p1b: Scream Tail\n|-singleturn|p1b: Scream Tail|Protect\n|move|p1a: Gothitelle|Protect|p1a: Gothitelle\n|-singleturn|p1a: Gothitelle|Protect\n|move|p2a: Bronzong|Protect|p2a: Bronzong\n|-singleturn|p2a: Bronzong|Protect\n|move|p2b: Ting-Lu|Earthquake|p1a: Gothitelle|[spread] \n|-activate|p2a: Bronzong|move: Protect\n|-activate|p1a: Gothitelle|move: Protect\n|-activate|p1b: Scream Tail|move: Protect\n|\n|-start|p1b: Scream Tail|perish0\n|-start|p1a: Gothitelle|perish0\n|-start|p2a: Bronzong|perish0\n|-start|p2b: Ting-Lu|perish0\n|faint|p1b: Scream Tail\n|-end|p1b: Scream Tail|Protosynthesis|[silent]\n|faint|p1a: Gothitelle\n|faint|p2a: Bronzong\n|faint|p2b: Ting-Lu\n|\n|win|SeydouVGC\n|upkeep\n|raw|jigawoho's rating: 1187 → 1170<\/strong> (-17 for losing)\n|raw|SeydouVGC's rating: 1300 → 1317<\/strong> (+17 for winning)\n|c|\u2606SeydouVGC|xD\n|l|\u2606jigawoho\n","uploadtime":1683131599,"views":19,"p1id":"jigawoho","p2id":"seydouvgc","formatid":"gen9vgc2023regulationc","rating":1170,"private":0,"password":""}