{"id":"gen9vgc2023regulationc-1858692712","p1":"MightyMudsdale","p2":"Dr_Piscit","format":"[Gen 9] VGC 2023 Regulation C","log":"|j|\u2606MightyMudsdale\n|j|\u2606Dr_Piscit\n|t:|1683343389\n|gametype|doubles\n|player|p1|MightyMudsdale|nessa-masters|1311\n|player|p2|Dr_Piscit|1|1254\n|teamsize|p1|6\n|teamsize|p2|6\n|gen|9\n|tier|[Gen 9] VGC 2023 Regulation C\n|rated|\n|rule|Species Clause: Limit one of each Pok\u00e9mon\n|rule|Item Clause: Limit one of each item\n|clearpoke\n|poke|p1|Ting-Lu, L50|\n|poke|p1|Garganacl, L50, M|\n|poke|p1|Bronzong, L50|\n|poke|p1|Abomasnow, L50, M|\n|poke|p1|Flutter Mane, L50|\n|poke|p1|Chi-Yu, L50|\n|poke|p2|Dondozo, L50, M|\n|poke|p2|Tatsugiri, L50, M|\n|poke|p2|Annihilape, L50, M|\n|poke|p2|Amoonguss, L50, M|\n|poke|p2|Flutter Mane, L50|\n|poke|p2|Noivern, L50, M|\n|teampreview|4\n|c|\u2606MightyMudsdale|gl hf\nMightyMudsdale has agreed to open team sheets.\n|\n|t:|1683343402\n|start\n|switch|p1a: Tea Shop|Bronzong, L50|100\/100\n|switch|p1b: Beifong|Ting-Lu, L50|100\/100\n|switch|p2a: Flutter Mane|Flutter Mane, L50|100\/100\n|switch|p2b: Dondozo|Dondozo, L50, M, shiny|100\/100\n|-ability|p1b: Beifong|Vessel of Ruin\n|turn|1\n|\n|t:|1683343412\n|-terastallize|p1b: Beifong|Fire\n|move|p2a: Flutter Mane|Shadow Ball|p1a: Tea Shop\n|-supereffective|p1a: Tea Shop\n|-damage|p1a: Tea Shop|55\/100\n|move|p1b: Beifong|Payback|p2b: Dondozo\n|-damage|p2b: Dondozo|86\/100\n|move|p2b: Dondozo|Substitute|p2b: Dondozo\n|-start|p2b: Dondozo|Substitute\n|-damage|p2b: Dondozo|61\/100\n|move|p1a: Tea Shop|Bulldoze|p2b: Dondozo|[spread] p1b,p2a,p2b\n|-activate|p2b: Dondozo|move: Substitute|[damage]\n|-supereffective|p1b: Beifong\n|-damage|p1b: Beifong|90\/100\n|-damage|p2a: Flutter Mane|87\/100\n|-unboost|p1b: Beifong|spe|1\n|-unboost|p2a: Flutter Mane|spe|1\n|-enditem|p1b: Beifong|Weakness Policy\n|-boost|p1b: Beifong|atk|2|[from] item: Weakness Policy\n|-boost|p1b: Beifong|spa|2|[from] item: Weakness Policy\n|\n|-heal|p2b: Dondozo|68\/100|[from] item: Leftovers\n|upkeep\n|turn|2\n|\n|t:|1683343442\n|-end|p2a: Flutter Mane|Protosynthesis|[silent]\n|switch|p2a: Tatsugiri|Tatsugiri, L50, M, shiny|100\/100\n|-activate|p2a: Tatsugiri|ability: Commander|[of] p2b: Dondozo\n|-boost|p2b: Dondozo|atk|2\n|-boost|p2b: Dondozo|spa|2\n|-boost|p2b: Dondozo|spe|2\n|-boost|p2b: Dondozo|def|2\n|-boost|p2b: Dondozo|spd|2\n|move|p2b: Dondozo|Earthquake|p1b: Beifong|[spread] p1b\n|-miss|p2b: Dondozo|p2a: Tatsugiri\n|-immune|p1a: Tea Shop|[from] ability: Levitate\n|-supereffective|p1b: Beifong\n|-damage|p1b: Beifong|55\/100\n|move|p1b: Beifong|Heavy Slam|p2a: Tatsugiri|[miss]\n|-miss|p1b: Beifong|p2a: Tatsugiri\n|move|p1a: Tea Shop|Trick Room|p1a: Tea Shop\n|-fieldstart|move: Trick Room|[of] p1a: Tea Shop\n|\n|-heal|p2b: Dondozo|74\/100|[from] item: Leftovers\n|upkeep\n|turn|3\n|\n|t:|1683343471\n|switch|p1a: Bosco|Garganacl, L50, M|100\/100\n|move|p2b: Dondozo|Protect|p2b: Dondozo\n|-singleturn|p2b: Dondozo|Protect\n|move|p1b: Beifong|Stomping Tantrum|p2b: Dondozo\n|-activate|p2b: Dondozo|move: Protect\n|\n|-heal|p2b: Dondozo|80\/100|[from] item: Leftovers\n|upkeep\n|turn|4\n|\n|t:|1683343484\n|-terastallize|p2b: Dondozo|Water\n|move|p1b: Beifong|Stomping Tantrum|p2b: Dondozo\n|-activate|p2b: Dondozo|move: Substitute|[damage]\n|move|p1a: Bosco|Salt Cure|p2b: Dondozo\n|-activate|p2b: Dondozo|move: Substitute|[damage]\n|move|p2b: Dondozo|Wave Crash|p1b: Beifong\n|-supereffective|p1b: Beifong\n|-damage|p1b: Beifong|0 fnt\n|faint|p1b: Beifong\n|-damage|p2b: Dondozo|62\/100|[from] Recoil\n|\n|-heal|p2b: Dondozo|68\/100|[from] item: Leftovers\n|upkeep\n|\n|t:|1683343494\n|switch|p1b: Wong Shi Tong|Abomasnow, L50, M|100\/100\n|-weather|Snow|[from] ability: Snow Warning|[of] p1b: Wong Shi Tong\n|turn|5\n|\n|t:|1683343498\n|move|p2b: Dondozo|Protect|p2b: Dondozo\n|-singleturn|p2b: Dondozo|Protect\n|move|p1a: Bosco|Salt Cure|p2b: Dondozo\n|-activate|p2b: Dondozo|move: Protect\n|move|p1b: Wong Shi Tong|Aurora Veil|p1b: Wong Shi Tong\n|-sidestart|p1: MightyMudsdale|move: Aurora Veil\n|\n|-weather|Snow|[upkeep]\n|-heal|p2b: Dondozo|75\/100|[from] item: Leftovers\n|upkeep\n|turn|6\n|\n|t:|1683343516\n|move|p1a: Bosco|Salt Cure|p2b: Dondozo\n|-end|p2b: Dondozo|Substitute\n|move|p1b: Wong Shi Tong|Giga Drain|p2b: Dondozo\n|-supereffective|p2b: Dondozo\n|-damage|p2b: Dondozo|56\/100\n|move|p2b: Dondozo|Wave Crash|p1a: Bosco\n|-supereffective|p1a: Bosco\n|-crit|p1a: Bosco\n|-damage|p1a: Bosco|0 fnt\n|faint|p1a: Bosco\n|-damage|p2b: Dondozo|29\/100|[from] Recoil\n|\n|-weather|Snow|[upkeep]\n|-heal|p2b: Dondozo|36\/100|[from] item: Leftovers\n|-fieldend|move: Trick Room\n|upkeep\n|\n|t:|1683343525\n|switch|p1a: Tea Shop|Bronzong, L50|55\/100\n|turn|7\n|\n|t:|1683343533\n|move|p2b: Dondozo|Wave Crash|p1b: Wong Shi Tong\n|-resisted|p1b: Wong Shi Tong\n|-damage|p1b: Wong Shi Tong|74\/100\n|-damage|p2b: Dondozo|29\/100|[from] Recoil\n|move|p1b: Wong Shi Tong|Giga Drain|p2b: Dondozo\n|-supereffective|p2b: Dondozo\n|-damage|p2b: Dondozo|8\/100\n|-heal|p1b: Wong Shi Tong|87\/100|[from] drain|[of] p2b: Dondozo\n|move|p1a: Tea Shop|Trick Room|p1a: Tea Shop\n|-fieldstart|move: Trick Room|[of] p1a: Tea Shop\n|\n|-weather|Snow|[upkeep]\n|-heal|p2b: Dondozo|14\/100|[from] item: Leftovers\n|upkeep\n|turn|8\n|\n|t:|1683343547\n|move|p2b: Dondozo|Protect|p2b: Dondozo\n|-singleturn|p2b: Dondozo|Protect\n|move|p1a: Tea Shop|Gyro Ball|p2b: Dondozo\n|-activate|p2b: Dondozo|move: Protect\n|move|p1b: Wong Shi Tong|Giga Drain|p2b: Dondozo\n|-activate|p2b: Dondozo|move: Protect\n|\n|-weather|Snow|[upkeep]\n|-heal|p2b: Dondozo|20\/100|[from] item: Leftovers\n|upkeep\n|turn|9\n|\n|t:|1683343553\n|move|p1a: Tea Shop|Gyro Ball|p2b: Dondozo\n|-resisted|p2b: Dondozo\n|-damage|p2b: Dondozo|16\/100\n|move|p1b: Wong Shi Tong|Giga Drain|p2b: Dondozo\n|-supereffective|p2b: Dondozo\n|-damage|p2b: Dondozo|0 fnt\n|-heal|p1b: Wong Shi Tong|97\/100|[from] drain|[of] p2b: Dondozo\n|faint|p2b: Dondozo\n|\n|-weather|none\n|upkeep\n|\n|t:|1683343562\n|switch|p2b: Flutter Mane|Flutter Mane, L50|87\/100\n|turn|10\n|\n|t:|1683343571\n|move|p1a: Tea Shop|Gyro Ball|p2b: Flutter Mane\n|-supereffective|p2b: Flutter Mane\n|-damage|p2b: Flutter Mane|0 fnt\n|faint|p2b: Flutter Mane\n|-end|p2b: Flutter Mane|Protosynthesis|[silent]\n|move|p1b: Wong Shi Tong|Giga Drain|p2a: Tatsugiri\n|-damage|p2a: Tatsugiri|65\/100\n|-heal|p1b: Wong Shi Tong|100\/100|[from] drain|[of] p2a: Tatsugiri\n|move|p2a: Tatsugiri|Icy Wind|p1a: Tea Shop|[spread] p1a,p1b\n|-resisted|p1a: Tea Shop\n|-damage|p1a: Tea Shop|51\/100\n|-damage|p1b: Wong Shi Tong|92\/100\n|-unboost|p1a: Tea Shop|spe|1\n|-unboost|p1b: Wong Shi Tong|spe|1\n|\n|upkeep\n|\n|t:|1683343574\n|switch|p2b: Annihilape|Annihilape, L50, M, shiny|100\/100\n|turn|11\n|\n|t:|1683343596\n|move|p1b: Wong Shi Tong|Protect|p1b: Wong Shi Tong\n|-singleturn|p1b: Wong Shi Tong|Protect\n|move|p1a: Tea Shop|Gyro Ball|p2b: Annihilape\n|-damage|p2b: Annihilape|60\/100\n|move|p2b: Annihilape|Bulk Up|p2b: Annihilape\n|-boost|p2b: Annihilape|atk|1\n|-boost|p2b: Annihilape|def|1\n|move|p2a: Tatsugiri|Muddy Water|p1b: Wong Shi Tong|[spread] p1a\n|-activate|p1b: Wong Shi Tong|move: Protect\n|-damage|p1a: Tea Shop|33\/100\n|\n|-fieldend|move: Trick Room\n|upkeep\n|turn|12\n|\n|t:|1683343619\n|move|p2a: Tatsugiri|Muddy Water|p1a: Tea Shop|[spread] p1a\n|-miss|p2a: Tatsugiri|p1b: Wong Shi Tong\n|-damage|p1a: Tea Shop|15\/100\n|-unboost|p1a: Tea Shop|accuracy|1\n|move|p2b: Annihilape|Drain Punch|p1b: Wong Shi Tong\n|-supereffective|p1b: Wong Shi Tong\n|-damage|p1b: Wong Shi Tong|13\/100\n|-heal|p2b: Annihilape|96\/100|[from] drain|[of] p1b: Wong Shi Tong\n|move|p1b: Wong Shi Tong|Giga Drain|p2a: Tatsugiri\n|-damage|p2a: Tatsugiri|27\/100\n|-heal|p1b: Wong Shi Tong|27\/100|[from] drain|[of] p2a: Tatsugiri\n|move|p1a: Tea Shop|Trick Room|p1a: Tea Shop\n|-fieldstart|move: Trick Room|[of] p1a: Tea Shop\n|\n|-sideend|p1: MightyMudsdale|move: Aurora Veil\n|upkeep\n|turn|13\n|\n|t:|1683343643\n|move|p1a: Tea Shop|Gyro Ball|p2a: Tatsugiri\n|-resisted|p2a: Tatsugiri\n|-damage|p2a: Tatsugiri|0 fnt\n|faint|p2a: Tatsugiri\n|move|p1b: Wong Shi Tong|Giga Drain|p2b: Annihilape\n|-damage|p2b: Annihilape|70\/100\n|-heal|p1b: Wong Shi Tong|42\/100|[from] drain|[of] p2b: Annihilape\n|move|p2b: Annihilape|Drain Punch|p1b: Wong Shi Tong\n|-supereffective|p1b: Wong Shi Tong\n|-damage|p1b: Wong Shi Tong|0 fnt\n|-heal|p2b: Annihilape|89\/100|[from] drain|[of] p1b: Wong Shi Tong\n|faint|p1b: Wong Shi Tong\n|\n|upkeep\n|turn|14\n|\n|t:|1683343655\n|move|p1a: Tea Shop|Gyro Ball|p2b: Annihilape\n|-damage|p2b: Annihilape|62\/100\n|move|p2b: Annihilape|Rage Fist|p1a: Tea Shop\n|-supereffective|p1a: Tea Shop\n|-damage|p1a: Tea Shop|0 fnt\n|faint|p1a: Tea Shop\n|\n|win|Dr_Piscit\n|raw|MightyMudsdale's rating: 1311 → 1288<\/strong> (-23 for losing)\n|raw|Dr_Piscit's rating: 1254 → 1283<\/strong> (+29 for winning)\n|c|\u2606MightyMudsdale|gg\n|l|\u2606Dr_Piscit\n","uploadtime":1683343662,"views":16,"p1id":"mightymudsdale","p2id":"drpiscit","formatid":"gen9vgc2023regulationc","rating":1283,"private":0,"password":""}