{"id":"gen9vgc2023regulationc-1845939507","p1":"Moonlight Flutter","p2":"christian_hvn","format":"[Gen 9] VGC 2023 Regulation C","log":"|j|\u2606Moonlight Flutter\n|j|\u2606christian_hvn\n|t:|1681781630\n|gametype|doubles\n|player|p1|Moonlight Flutter|dawn-masters2|\n|player|p2|christian_hvn|marley|\n|teamsize|p1|6\n|teamsize|p2|6\n|gen|9\n|tier|[Gen 9] VGC 2023 Regulation C\n|rule|Species Clause: Limit one of each Pok\u00e9mon\n|rule|Item Clause: Limit one of each item\n|clearpoke\n|poke|p1|Flutter Mane, L50|\n|poke|p1|Chi-Yu, L50|\n|poke|p1|Meowscarada, L50, M|\n|poke|p1|Gyarados, L50, M|\n|poke|p1|Baxcalibur, L50, F|\n|poke|p1|Corviknight, L50, M|\n|poke|p2|Flutter Mane, L50|\n|poke|p2|Chi-Yu, L50|\n|poke|p2|Iron Bundle, L50|\n|poke|p2|Amoonguss, L50, M|\n|poke|p2|Palafin, L50, F|\n|poke|p2|Iron Hands, L50|\n|teampreview|4\nchristian_hvn has agreed to open team sheets.\n|c|\u2606christian_hvn|glhf\nMoonlight Flutter has agreed to open team sheets.\n|c|\u2606Moonlight Flutter|u2\n|j| Bambambi\n|j| AndrwApple\n|j| QuickDartVGC\n|\n|t:|1681781690\n|start\n|switch|p1a: Baxcalibur|Baxcalibur, L50, F|100\/100\n|switch|p1b: Corviknight|Corviknight, L50, M|100\/100\n|switch|p2a: catch these hands|Iron Hands, L50|100\/100\n|switch|p2b: bundle of bitches|Iron Bundle, L50|100\/100\n|-enditem|p2b: bundle of bitches|Booster Energy\n|-activate|p2b: bundle of bitches|ability: Quark Drive|[fromitem]\n|-start|p2b: bundle of bitches|quarkdrivespe\n|turn|1\n|c| Bambambi|Flutter fish balance mirror just about\n|\n|t:|1681781727\n|-terastallize|p1a: Baxcalibur|Poison\n|move|p2b: bundle of bitches|Freeze-Dry|p1a: Baxcalibur\n|-damage|p1a: Baxcalibur|70\/100\n|move|p1a: Baxcalibur|Glaive Rush|p2b: bundle of bitches\n|-damage|p2b: bundle of bitches|13\/100\n|-singlemove|p1a: Baxcalibur|Glaive Rush|[silent]\n|move|p1b: Corviknight|Tailwind|p1b: Corviknight\n|-sidestart|p1: Moonlight Flutter|move: Tailwind\n|move|p2a: catch these hands|Drain Punch|p1a: Baxcalibur\n|-resisted|p1a: Baxcalibur\n|-damage|p1a: Baxcalibur|34\/100\n|\n|upkeep\n|turn|2\n|c| Bambambi|Who has the better balance?\n|\n|t:|1681781741\n|switch|p1a: Flutter Mane|Flutter Mane, L50|100\/100\n|-enditem|p1a: Flutter Mane|Booster Energy\n|-activate|p1a: Flutter Mane|ability: Protosynthesis|[fromitem]\n|-start|p1a: Flutter Mane|protosynthesisspa\n|move|p2b: bundle of bitches|Protect|p2b: bundle of bitches\n|-singleturn|p2b: bundle of bitches|Protect\n|move|p1b: Corviknight|Brave Bird|p2b: bundle of bitches\n|-activate|p2b: bundle of bitches|move: Protect\n|move|p2a: catch these hands|Wild Charge|p1a: Flutter Mane\n|-damage|p1a: Flutter Mane|26\/100\n|-damage|p2a: catch these hands|89\/100|[from] Recoil\n|\n|upkeep\n|turn|3\n|\n|t:|1681781761\n|move|p1a: Flutter Mane|Moonblast|p2a: catch these hands\n|-supereffective|p2a: catch these hands\n|-damage|p2a: catch these hands|21\/100\n|move|p2b: bundle of bitches|Icy Wind|p1a: Flutter Mane|[spread] p1a,p1b\n|-damage|p1a: Flutter Mane|8\/100\n|-damage|p1b: Corviknight|83\/100\n|-unboost|p1a: Flutter Mane|spe|1\n|-ability|p1b: Corviknight|Mirror Armor\n|-unboost|p2b: bundle of bitches|spe|1\n|move|p1b: Corviknight|Brave Bird|p2b: bundle of bitches\n|-damage|p2b: bundle of bitches|0 fnt\n|faint|p2b: bundle of bitches\n|-end|p2b: bundle of bitches|Quark Drive|[silent]\n|-damage|p1b: Corviknight|80\/100|[from] Recoil\n|move|p2a: catch these hands|Wild Charge|p1a: Flutter Mane\n|-damage|p1a: Flutter Mane|0 fnt\n|faint|p1a: Flutter Mane\n|-end|p1a: Flutter Mane|Protosynthesis|[silent]\n|-damage|p2a: catch these hands|20\/100|[from] Recoil\n|\n|upkeep\n|\n|t:|1681781785\n|switch|p2b: AMOGUS|Amoonguss, L50, M|100\/100\n|switch|p1a: Meowscarada|Meowscarada, L50, M|100\/100\n|turn|4\n|\n|t:|1681781825\n|-terastallize|p2b: AMOGUS|Water\n|move|p1a: Meowscarada|Flower Trick|p2a: catch these hands\n|-start|p1a: Meowscarada|typechange|Grass|[from] ability: Protean\n|-crit|p2a: catch these hands\n|-damage|p2a: catch these hands|0 fnt\n|faint|p2a: catch these hands\n|-end|p2a: catch these hands|Quark Drive|[silent]\n|move|p1b: Corviknight|Bulk Up|p1b: Corviknight\n|-boost|p1b: Corviknight|atk|1\n|-boost|p1b: Corviknight|def|1\n|move|p2b: AMOGUS|Pollen Puff|p1a: Meowscarada\n|-supereffective|p1a: Meowscarada\n|-damage|p1a: Meowscarada|47\/100\n|\n|-sideend|p1: Moonlight Flutter|move: Tailwind\n|upkeep\n|\n|t:|1681781834\n|switch|p2a: flutter ya mane|Flutter Mane, L50|100\/100\n|turn|5\n|\n|t:|1681781860\n|move|p1a: Meowscarada|Flower Trick|p2a: flutter ya mane\n|-crit|p2a: flutter ya mane\n|-damage|p2a: flutter ya mane|0 fnt\n|faint|p2a: flutter ya mane\n|-end|p2a: flutter ya mane|Protosynthesis|[silent]\n|move|p1b: Corviknight|Tailwind|p1b: Corviknight\n|-sidestart|p1: Moonlight Flutter|move: Tailwind\n|move|p2b: AMOGUS|Pollen Puff|p1a: Meowscarada\n|-supereffective|p1a: Meowscarada\n|-damage|p1a: Meowscarada|2\/100\n|\n|upkeep\n|turn|6\n|c| AndrwApple|Lol\n|c|\u2606christian_hvn|oh um\n|c|\u2606Moonlight Flutter|oh it's no bulk?\n|c|\u2606christian_hvn|this is awkward\n|c| Bambambi|Wow\n|c| AndrwApple|It just dropped\n|c| AndrwApple|Like\n|c| AndrwApple|Absolutely\n|c| AndrwApple|Dissapeared\n|c| Bambambi|Crit mattered lol\n|c| AndrwApple|Lmao\n|c|\u2606Moonlight Flutter|yes really lucky\n|\n|t:|1681781912\n|move|p2b: AMOGUS|Protect|p2b: AMOGUS\n|-singleturn|p2b: AMOGUS|Protect\n|move|p1a: Meowscarada|Flower Trick|p2b: AMOGUS\n|-activate|p2b: AMOGUS|move: Protect\n|move|p1b: Corviknight|Brave Bird|p2b: AMOGUS\n|-activate|p2b: AMOGUS|move: Protect\n|\n|upkeep\n|turn|7\n|c| AndrwApple|Amogus\n|\n|t:|1681781918\n|move|p1a: Meowscarada|Flower Trick|p2b: AMOGUS\n|-supereffective|p2b: AMOGUS\n|-crit|p2b: AMOGUS\n|-damage|p2b: AMOGUS|0 fnt\n|faint|p2b: AMOGUS\n|\n|win|Moonlight Flutter\n","uploadtime":1681781928,"views":4,"p1id":"moonlightflutter","p2id":"christianhvn","formatid":"gen9vgc2023regulationc","rating":0,"private":0,"password":""}