{"id":"gen9vgc2023regulationc-1861138374","p1":"ze banded","p2":"Garydosses","format":"[Gen 9] VGC 2023 Regulation C","log":"|j|\u2606ze banded\n|j|\u2606Garydosses\n|t:|1683729940\n|gametype|doubles\n|player|p1|ze banded|acetrainer-gen4dp|\n|player|p2|Garydosses|170|\n|teamsize|p1|6\n|teamsize|p2|6\n|gen|9\n|tier|[Gen 9] VGC 2023 Regulation C\n|rated|Tournament battle\n|rule|Species Clause: Limit one of each Pok\u00e9mon\n|rule|Item Clause: Limit one of each item\n|clearpoke\n|poke|p1|Kingambit, L50, M|\n|poke|p1|Amoonguss, L50, F|\n|poke|p1|Farigiraf, L50, F|\n|poke|p1|Hatterene, L50, F|\n|poke|p1|Pelipper, L50, M|\n|poke|p1|Palafin, L50, F|\n|poke|p2|Kingambit, L50, M|\n|poke|p2|Torkoal, L50, M|\n|poke|p2|Flutter Mane, L50|\n|poke|p2|Jumpluff, L50, F|\n|poke|p2|Great Tusk, L50|\n|poke|p2|Chien-Pao, L50|\n|teampreview|4\n|raw| Open Team Sheet for ze banded<\/summary>Kingambit @ Black Glasses Ability: Defiant Level: 50 Tera Type: Dark - Protect - Swords Dance - Kowtow Cleave - Sucker Punch Amoonguss @ Sitrus Berry Ability: Regenerator Level: 50 Tera Type: Water - Protect - Rage Powder - Spore - Pollen Puff Farigiraf @ Safety Goggles Ability: Armor Tail Level: 50 Tera Type: Water - Trick Room - Tera Blast - Uproar - Psyshock Hatterene (F) @ Life Orb Ability: Magic Bounce Level: 50 Tera Type: Steel - Trick Room - Psychic - Dazzling Gleam - Shadow Ball Pelipper @ Damp Rock Ability: Drizzle Level: 50 Tera Type: Grass - Protect - Wide Guard - Hurricane - Hydro Pump Palafin @ Mystic Water Ability: Zero to Hero Level: 50 Tera Type: Water - Protect - Close Combat - Jet Punch - Wave Crash <\/details><\/div> Open Team Sheet for Garydosses<\/summary>Kingambit @ Assault Vest Ability: Defiant Level: 50 Tera Type: Fire - Iron Head - Kowtow Cleave - Sucker Punch - Tera Blast Torkoal @ Eject Pack Ability: Drought Level: 50 Tera Type: Flying - Overheat - Helping Hand - Fissure - Protect Flutter Mane @ Choice Specs Ability: Protosynthesis Level: 50 Tera Type: Fairy - Shadow Ball - Dazzling Gleam - Thunderbolt - Moonblast Jumpluff @ Covert Cloak Ability: Chlorophyll Level: 50 Tera Type: Water - Leaf Storm - Sleep Powder - Encore - Tailwind Great Tusk @ Choice Scarf Ability: Protosynthesis Level: 50 Hidden Power: Fighting Tera Type: Fire - Headlong Rush - Close Combat - Earthquake - Rock Slide Chien-Pao @ Focus Sash Ability: Sword of Ruin Level: 50 Tera Type: Flying - Ice Spinner - Sucker Punch - Taunt - Protect <\/details><\/div>\n|inactive|Battle timer is ON: inactive players will automatically lose when time's up. (requested by Garydosses)\n|c|\u2606ze banded|Glhf\n|j| XD VIRGO\n|c|\u2606Garydosses|Glhf\n|j|@Eshivgc\n|inactive|ze banded has 60 seconds left.\n|inactive|Garydosses has 60 seconds left.\n|j| NeuroticTC\n|j| Moosoomessi\n|inactive|Garydosses has 30 seconds left.\n|inactive|Garydosses has 20 seconds left.\n|inactive|Garydosses has 15 seconds left.\n|inactive|Garydosses has 10 seconds left.\n|inactive|Garydosses has 5 seconds left.\n|\n|t:|1683730028\n|start\n|switch|p1a: Kingambit|Kingambit, L50, M|100\/100\n|switch|p1b: Farigiraf|Farigiraf, L50, F|100\/100\n|switch|p2a: Flutter Mane|Flutter Mane, L50|100\/100\n|switch|p2b: Torkoal|Torkoal, L50, M|100\/100\n|-weather|SunnyDay|[from] ability: Drought|[of] p2b: Torkoal\n|-activate|p2a: Flutter Mane|ability: Protosynthesis\n|-start|p2a: Flutter Mane|protosynthesisspa\n|turn|1\n|j| TheSunnyBug\n|\n|t:|1683730039\n|switch|p1a: Pelipper|Pelipper, L50, M|100\/100\n|-weather|RainDance|[from] ability: Drizzle|[of] p1a: Pelipper\n|-end|p2a: Flutter Mane|Protosynthesis\n|-terastallize|p2a: Flutter Mane|Fairy\n|move|p2b: Torkoal|Helping Hand|p2a: Flutter Mane\n|-singleturn|p2a: Flutter Mane|Helping Hand|[of] p2b: Torkoal\n|move|p2a: Flutter Mane|Dazzling Gleam|p1b: Farigiraf|[spread] p1a,p1b\n|-damage|p1a: Pelipper|0 fnt\n|-damage|p1b: Farigiraf|0 fnt\n|faint|p1a: Pelipper\n|faint|p1b: Farigiraf\n|\n|-weather|RainDance|[upkeep]\n|upkeep\n|\n|t:|1683730047\n|switch|p1a: Kingambit|Kingambit, L50, M|100\/100\n|switch|p1b: Hatterene|Hatterene, L50, F|100\/100\n|turn|2\n|c| TheSunnyBug|you should have spammed sleep again\n|\n|t:|1683730063\n|-end|p2a: Flutter Mane|Protosynthesis|[silent]\n|switch|p2a: Jumpluff|Jumpluff, L50, F|100\/100\n|switch|p2b: Kingambit|Kingambit, L50, M|100\/100\n|-terastallize|p1b: Hatterene|Steel\n|move|p1a: Kingambit|Swords Dance|p1a: Kingambit\n|-boost|p1a: Kingambit|atk|2\n|move|p1b: Hatterene|Trick Room|p1b: Hatterene\n|-fieldstart|move: Trick Room|[of] p1b: Hatterene\n|\n|-weather|RainDance|[upkeep]\n|upkeep\n|turn|3\n|c|\u2606Garydosses|Its goggles\n|j| ale cog\n|c|\u2606Garydosses|Om the setter\n|j| xerntest\n|inactive|Garydosses has 30 seconds left.\n|\n|t:|1683730098\n|move|p2b: Kingambit|Sucker Punch|p1b: Hatterene\n|-damage|p1b: Hatterene|58\/100\n|move|p1b: Hatterene|Dazzling Gleam|p2b: Kingambit|[spread] p2a,p2b\n|-damage|p2a: Jumpluff|46\/100\n|-damage|p2b: Kingambit|70\/100\n|-damage|p1b: Hatterene|48\/100|[from] item: Life Orb\n|move|p1a: Kingambit|Kowtow Cleave|p2a: Jumpluff\n|-damage|p2a: Jumpluff|0 fnt\n|faint|p2a: Jumpluff\n|\n|-weather|RainDance|[upkeep]\n|upkeep\n|\n|t:|1683730102\n|switch|p2a: Torkoal|Torkoal, L50, M|100\/100\n|-weather|SunnyDay|[from] ability: Drought|[of] p2a: Torkoal\n|turn|4\n|c| TheSunnyBug|not flutter tho\n|\n|t:|1683730124\n|move|p1b: Hatterene|Psychic|p2a: Torkoal\n|-damage|p2a: Torkoal|10\/100\n|-damage|p1b: Hatterene|38\/100|[from] item: Life Orb\n|move|p2a: Torkoal|Overheat|p1b: Hatterene\n|-supereffective|p1b: Hatterene\n|-damage|p1b: Hatterene|0 fnt\n|-unboost|p2a: Torkoal|spa|2\n|-enditem|p2a: Torkoal|Eject Pack\n|faint|p1b: Hatterene\n|\n|t:|1683730135\n|switch|p2a: Flutter Mane|Flutter Mane, L50, tera:Fairy|100\/100\n|-activate|p2a: Flutter Mane|ability: Protosynthesis\n|-start|p2a: Flutter Mane|protosynthesisspa\n|move|p1a: Kingambit|Kowtow Cleave|p2b: Kingambit\n|-resisted|p2b: Kingambit\n|-damage|p2b: Kingambit|22\/100\n|move|p2b: Kingambit|Kowtow Cleave|p1a: Kingambit\n|-resisted|p1a: Kingambit\n|-damage|p1a: Kingambit|83\/100\n|\n|-weather|SunnyDay|[upkeep]\n|upkeep\n|turn|5\n|l|@Eshivgc\n|\n|t:|1683730153\n|move|p1a: Kingambit|Kowtow Cleave|p2a: Flutter Mane\n|-resisted|p2a: Flutter Mane\n|-damage|p2a: Flutter Mane|0 fnt\n|faint|p2a: Flutter Mane\n|-end|p2a: Flutter Mane|Protosynthesis|[silent]\n|move|p2b: Kingambit|Iron Head|p1a: Kingambit\n|-resisted|p1a: Kingambit\n|-damage|p1a: Kingambit|65\/100\n|\n|-weather|SunnyDay|[upkeep]\n|upkeep\n|c|\u2606Garydosses|Jesus\n|\n|t:|1683730164\n|switch|p2a: Torkoal|Torkoal, L50, M|10\/100\n|turn|6\n|\n|t:|1683730174\n|move|p2a: Torkoal|Protect|p2a: Torkoal\n|-singleturn|p2a: Torkoal|Protect\n|move|p1a: Kingambit|Sucker Punch||[still]\n|-fail|p1a: Kingambit\n|move|p2b: Kingambit|Kowtow Cleave|p1a: Kingambit\n|-resisted|p1a: Kingambit\n|-damage|p1a: Kingambit|45\/100\n|\n|-weather|SunnyDay|[upkeep]\n|-fieldend|move: Trick Room\n|upkeep\n|turn|7\n|\n|t:|1683730185\n|move|p2a: Torkoal|Helping Hand|p2b: Kingambit\n|-singleturn|p2b: Kingambit|Helping Hand|[of] p2a: Torkoal\n|move|p2b: Kingambit|Kowtow Cleave|p1a: Kingambit\n|-resisted|p1a: Kingambit\n|-damage|p1a: Kingambit|17\/100\n|move|p1a: Kingambit|Kowtow Cleave|p2a: Torkoal\n|-damage|p2a: Torkoal|0 fnt\n|faint|p2a: Torkoal\n|\n|-weather|SunnyDay|[upkeep]\n|upkeep\n|turn|8\n|\n|t:|1683730198\n|move|p2b: Kingambit|Sucker Punch|p1a: Kingambit\n|-resisted|p1a: Kingambit\n|-damage|p1a: Kingambit|2\/100\n|move|p1a: Kingambit|Sucker Punch||[still]\n|-fail|p1a: Kingambit\n|\n|-weather|none\n|upkeep\n|turn|9\n|l| xerntest\n|c| Moosoomessi|o\n|\n|t:|1683730204\n|move|p2b: Kingambit|Sucker Punch|p1a: Kingambit\n|-resisted|p1a: Kingambit\n|-damage|p1a: Kingambit|0 fnt\n|faint|p1a: Kingambit\n|\n|win|Garydosses\n|n|\u2606ze banded|zebanded\n|n|\u2606Garydosses|garydosses\n|n| XD VIRGO|xdvirgo\n|n| NeuroticTC|neurotictc\n|n| Moosoomessi|moosoomessi\n|n| TheSunnyBug|thesunnybug\n|n| ale cog|alecog\n","uploadtime":1683730205,"views":13,"p1id":"zebanded","p2id":"garydosses","formatid":"gen9vgc2023regulationc","rating":0,"private":0,"password":""}