{"id":"gen9vgc2023regulationc-1861978906","p1":"BrianJortVGC","p2":"PeekayW","format":"[Gen 9] VGC 2023 Regulation C","log":"|j|\u2606BrianJortVGC\n|j|\u2606PeekayW\n|t:|1683825880\n|gametype|doubles\n|player|p1|BrianJortVGC|fennel|1579\n|player|p2|PeekayW|2|1541\n|teamsize|p1|6\n|teamsize|p2|6\n|gen|9\n|tier|[Gen 9] VGC 2023 Regulation C\n|rated|\n|rule|Species Clause: Limit one of each Pok\u00e9mon\n|rule|Item Clause: Limit one of each item\n|clearpoke\n|poke|p1|Ceruledge, L50, M|\n|poke|p1|Dragonite, L50, M|\n|poke|p1|Ting-Lu, L50|\n|poke|p1|Gastrodon-East, L50, F|\n|poke|p1|Scream Tail, L50|\n|poke|p1|Glimmora, L50, F|\n|poke|p2|Iron Bundle, L50|\n|poke|p2|Flutter Mane, L50|\n|poke|p2|Chi-Yu, L50|\n|poke|p2|Wo-Chien, L50|\n|poke|p2|Baxcalibur, L50, F|\n|poke|p2|Scizor, L50, M|\n|teampreview|4\nPeekayW has agreed to open team sheets.\nBrianJortVGC has agreed to open team sheets.\n|\n|t:|1683825943\n|start\n|switch|p1a: Scream Tail|Scream Tail, L50|100\/100\n|switch|p1b: Ting-Lu|Ting-Lu, L50|100\/100\n|switch|p2a: Wo-Chien|Wo-Chien, L50|100\/100\n|switch|p2b: Chi-Yu|Chi-Yu, L50|100\/100\n|-ability|p2b: Chi-Yu|Beads of Ruin\n|-ability|p2a: Wo-Chien|Tablets of Ruin\n|-ability|p1b: Ting-Lu|Vessel of Ruin\n|-enditem|p1a: Scream Tail|Booster Energy\n|-activate|p1a: Scream Tail|ability: Protosynthesis|[fromitem]\n|-start|p1a: Scream Tail|protosynthesisspe\n|turn|1\n|inactive|Battle timer is ON: inactive players will automatically lose when time's up. (requested by PeekayW)\n|inactive|PeekayW has 60 seconds left.\n|\n|t:|1683825976\n|-terastallize|p2b: Chi-Yu|Grass\n|move|p1b: Ting-Lu|Protect|p1b: Ting-Lu\n|-singleturn|p1b: Ting-Lu|Protect\n|move|p1a: Scream Tail|Howl|p1a: Scream Tail|[spread] p1a,p1b\n|-boost|p1a: Scream Tail|atk|1\n|-boost|p1b: Ting-Lu|atk|1\n|move|p2b: Chi-Yu|Tera Blast|p1b: Ting-Lu\n|-activate|p1b: Ting-Lu|move: Protect\n|move|p2a: Wo-Chien|Ruination|p1b: Ting-Lu\n|-activate|p1b: Ting-Lu|move: Protect\n|\n|upkeep\n|turn|2\n|\n|t:|1683825993\n|move|p1a: Scream Tail|Disable|p2b: Chi-Yu\n|-start|p2b: Chi-Yu|Disable|Tera Blast\n|move|p2b: Chi-Yu|Dark Pulse|p1a: Scream Tail\n|-damage|p1a: Scream Tail|56\/100\n|-damage|p2b: Chi-Yu|91\/100|[from] item: Life Orb\n|move|p2a: Wo-Chien|Pollen Puff|p1a: Scream Tail\n|-damage|p1a: Scream Tail|37\/100\n|move|p1b: Ting-Lu|Heavy Slam|p2a: Wo-Chien\n|-damage|p2a: Wo-Chien|61\/100\n|\n|upkeep\n|turn|3\n|\n|t:|1683826010\n|move|p1a: Scream Tail|Play Rough|p2a: Wo-Chien\n|-supereffective|p2a: Wo-Chien\n|-damage|p2a: Wo-Chien|11\/100\n|move|p2b: Chi-Yu|Heat Wave|p1a: Scream Tail|[spread] p1b\n|-miss|p2b: Chi-Yu|p1a: Scream Tail\n|-damage|p1b: Ting-Lu|60\/100\n|-status|p1b: Ting-Lu|brn\n|-enditem|p1b: Ting-Lu|Lum Berry|[eat]\n|-curestatus|p1b: Ting-Lu|brn|[msg]\n|-damage|p2b: Chi-Yu|82\/100|[from] item: Life Orb\n|move|p2a: Wo-Chien|Giga Drain|p1b: Ting-Lu\n|-supereffective|p1b: Ting-Lu\n|-damage|p1b: Ting-Lu|11\/100\n|-heal|p2a: Wo-Chien|43\/100|[from] drain|[of] p1b: Ting-Lu\n|move|p1b: Ting-Lu|Heavy Slam|p2a: Wo-Chien\n|-damage|p2a: Wo-Chien|5\/100\n|\n|upkeep\n|turn|4\n|inactive|PeekayW has 30 seconds left.\n|\n|t:|1683826037\n|switch|p1b: Ceruledge|Ceruledge, L50, M|100\/100\n|move|p1a: Scream Tail|Play Rough|p2a: Wo-Chien\n|-supereffective|p2a: Wo-Chien\n|-damage|p2a: Wo-Chien|0 fnt\n|faint|p2a: Wo-Chien\n|move|p2b: Chi-Yu|Heat Wave|p1b: Ceruledge|[spread] p1a\n|-start|p1b: Ceruledge|ability: Flash Fire\n|-damage|p1a: Scream Tail|0 fnt\n|faint|p1a: Scream Tail\n|-end|p1a: Scream Tail|Protosynthesis|[silent]\n|-damage|p2b: Chi-Yu|72\/100|[from] item: Life Orb\n|\n|upkeep\n|\n|t:|1683826056\n|switch|p1a: Ting-Lu|Ting-Lu, L50|11\/100\n|switch|p2a: Baxcalibur|Baxcalibur, L50, F|100\/100\n|-ability|p1a: Ting-Lu|Vessel of Ruin\n|turn|5\n|inactive|PeekayW has 30 seconds left.\n|\n|t:|1683826085\n|move|p2b: Chi-Yu|Protect|p2b: Chi-Yu\n|-singleturn|p2b: Chi-Yu|Protect\n|move|p2a: Baxcalibur|Glaive Rush|p1b: Ceruledge\n|-damage|p1b: Ceruledge|20\/100\n|-singlemove|p2a: Baxcalibur|Glaive Rush|[silent]\n|move|p1b: Ceruledge|Bitter Blade|p2b: Chi-Yu\n|-activate|p2b: Chi-Yu|move: Protect\n|move|p1a: Ting-Lu|Heavy Slam|p2a: Baxcalibur\n|-supereffective|p2a: Baxcalibur\n|-damage|p2a: Baxcalibur|2\/100\n|\n|-end|p2b: Chi-Yu|Disable\n|upkeep\n|turn|6\n|\n|t:|1683826110\n|move|p2a: Baxcalibur|Protect|p2a: Baxcalibur\n|-singleturn|p2a: Baxcalibur|Protect\n|move|p1b: Ceruledge|Shadow Sneak|p2b: Chi-Yu\n|-damage|p2b: Chi-Yu|43\/100\n|move|p2b: Chi-Yu|Dark Pulse|p1b: Ceruledge\n|-supereffective|p1b: Ceruledge\n|-damage|p1b: Ceruledge|0 fnt\n|faint|p1b: Ceruledge\n|-damage|p2b: Chi-Yu|34\/100|[from] item: Life Orb\n|move|p1a: Ting-Lu|Heavy Slam|p2b: Chi-Yu\n|-damage|p2b: Chi-Yu|0 fnt\n|faint|p2b: Chi-Yu\n|\n|upkeep\n|\n|t:|1683826122\n|switch|p2b: Iron Bundle|Iron Bundle, L50|100\/100\n|switch|p1b: Dragonite|Dragonite, L50, M|100\/100\n|-enditem|p2b: Iron Bundle|Booster Energy\n|-activate|p2b: Iron Bundle|ability: Quark Drive|[fromitem]\n|-start|p2b: Iron Bundle|quarkdrivespe\n|turn|7\n|\n|t:|1683826137\n|-terastallize|p1b: Dragonite|Normal\n|move|p2a: Baxcalibur|Protect||[still]\n|-fail|p2a: Baxcalibur\n|move|p1a: Ting-Lu|Protect|p1a: Ting-Lu\n|-singleturn|p1a: Ting-Lu|Protect\n|move|p1b: Dragonite|Extreme Speed|p2a: Baxcalibur\n|-damage|p2a: Baxcalibur|0 fnt\n|faint|p2a: Baxcalibur\n|move|p2b: Iron Bundle|Icy Wind|p1a: Ting-Lu|[spread] p1b\n|-activate|p1a: Ting-Lu|move: Protect\n|-damage|p1b: Dragonite|94\/100\n|-unboost|p1b: Dragonite|spe|1\n|\n|upkeep\n|turn|8\n|\n|t:|1683826156\n|move|p1b: Dragonite|Extreme Speed|p2b: Iron Bundle\n|-damage|p2b: Iron Bundle|22\/100\n|move|p2b: Iron Bundle|Icy Wind|p1b: Dragonite|[spread] p1a,p1b\n|-supereffective|p1a: Ting-Lu\n|-damage|p1a: Ting-Lu|0 fnt\n|-damage|p1b: Dragonite|79\/100\n|-unboost|p1b: Dragonite|spe|1\n|faint|p1a: Ting-Lu\n|\n|upkeep\n|turn|9\n|c|\u2606BrianJortVGC|Gg\n|\n|t:|1683826166\n|move|p2b: Iron Bundle|Protect|p2b: Iron Bundle\n|-singleturn|p2b: Iron Bundle|Protect\n|move|p1b: Dragonite|Extreme Speed|p2b: Iron Bundle\n|-activate|p2b: Iron Bundle|move: Protect\n|\n|upkeep\n|turn|10\n|\n|t:|1683826173\n|move|p1b: Dragonite|Extreme Speed|p2b: Iron Bundle\n|-damage|p2b: Iron Bundle|0 fnt\n|faint|p2b: Iron Bundle\n|-end|p2b: Iron Bundle|Quark Drive|[silent]\n|\n|win|BrianJortVGC\n|raw|BrianJortVGC's rating: 1579 → 1597<\/strong> (+18 for winning)\n|raw|PeekayW's rating: 1541 → 1523<\/strong> (-18 for losing)\n","uploadtime":1683826185,"views":10,"p1id":"brianjortvgc","p2id":"peekayw","formatid":"gen9vgc2023regulationc","rating":1523,"private":0,"password":""}