{"id":"gen9vgc2023regulationc-1855818145","p1":"S07VGC","p2":"falinks8274","format":"[Gen 9] VGC 2023 Regulation C","log":"|j|\u2606S07VGC\n|j|\u2606falinks8274\n|t:|1682987754\n|gametype|doubles\n|player|p1|S07VGC|169|1095\n|player|p2|falinks8274|169|1001\n|teamsize|p1|6\n|teamsize|p2|6\n|gen|9\n|tier|[Gen 9] VGC 2023 Regulation C\n|rated|\n|rule|Species Clause: Limit one of each Pok\u00e9mon\n|rule|Item Clause: Limit one of each item\n|clearpoke\n|poke|p1|Torkoal, L50, F|\n|poke|p1|Jumpluff, L50, M|\n|poke|p1|Flutter Mane, L50|\n|poke|p1|Chien-Pao, L50|\n|poke|p1|Ursaring, L50, M|\n|poke|p1|Brute Bonnet, L50|\n|poke|p2|Murkrow, L50, F|\n|poke|p2|Roaring Moon, L50|\n|poke|p2|Gothitelle, L50, M|\n|poke|p2|Flutter Mane, L50|\n|poke|p2|Chien-Pao, L50|\n|poke|p2|Ting-Lu, L50|\n|teampreview|4\nfalinks8274 rejected open team sheets.\n|\n|t:|1682987786\n|start\n|switch|p1a: Jumpluff|Jumpluff, L50, M, shiny|100\/100\n|switch|p1b: Torkoal|Torkoal, L50, F|100\/100\n|switch|p2a: Murkrow|Murkrow, L50, F|100\/100\n|switch|p2b: Roaring Moon|Roaring Moon, L50|100\/100\n|-weather|SunnyDay|[from] ability: Drought|[of] p1b: Torkoal\n|-activate|p2b: Roaring Moon|ability: Protosynthesis\n|-start|p2b: Roaring Moon|protosynthesisatk\n|turn|1\n|\n|t:|1682987824\n|move|p2a: Murkrow|Tailwind|p2a: Murkrow\n|-sidestart|p2: falinks8274|move: Tailwind\n|move|p2b: Roaring Moon|Fire Fang|p1a: Jumpluff\n|-supereffective|p1a: Jumpluff\n|-damage|p1a: Jumpluff|0 fnt\n|faint|p1a: Jumpluff\n|move|p1b: Torkoal|Overheat|p2a: Murkrow\n|-damage|p2a: Murkrow|22\/100\n|-unboost|p1b: Torkoal|spa|2\n|-enditem|p1b: Torkoal|Eject Pack\n|\n|t:|1682987835\n|switch|p1b: Ursaring|Ursaring, L50, M|100\/100\n|\n|-weather|SunnyDay|[upkeep]\n|-status|p1b: Ursaring|brn|[from] item: Flame Orb\n|upkeep\n|\n|t:|1682987842\n|switch|p1a: Flutter Mane|Flutter Mane, L50|100\/100\n|-activate|p1a: Flutter Mane|ability: Protosynthesis\n|-start|p1a: Flutter Mane|protosynthesisspe\n|turn|2\n|\n|t:|1682987850\n|move|p1b: Ursaring|Protect|p1b: Ursaring\n|-singleturn|p1b: Ursaring|Protect\n|move|p2a: Murkrow|Perish Song|p2a: Murkrow\n|-start|p1a: Flutter Mane|perish3|[silent]\n|-start|p1b: Ursaring|perish3|[silent]\n|-start|p2a: Murkrow|perish3|[silent]\n|-start|p2b: Roaring Moon|perish3|[silent]\n|-fieldactivate|move: Perish Song\n|move|p2b: Roaring Moon|Fire Fang|p1a: Flutter Mane\n|-damage|p1a: Flutter Mane|0 fnt\n|faint|p1a: Flutter Mane\n|-end|p1a: Flutter Mane|Protosynthesis|[silent]\n|\n|-weather|SunnyDay|[upkeep]\n|-damage|p1b: Ursaring|94\/100 brn|[from] brn\n|-start|p2b: Roaring Moon|perish3\n|-start|p2a: Murkrow|perish3\n|-start|p1b: Ursaring|perish3\n|upkeep\n|\n|t:|1682987858\n|switch|p1a: Torkoal|Torkoal, L50, F|100\/100\n|turn|3\n|\n|t:|1682987877\n|-terastallize|p1b: Ursaring|Normal\n|move|p2a: Murkrow|Perish Song|p2a: Murkrow\n|-start|p1a: Torkoal|perish3|[silent]\n|-fieldactivate|move: Perish Song\n|move|p2b: Roaring Moon|Fire Fang|p1b: Ursaring\n|-damage|p1b: Ursaring|10\/100 brn\n|move|p1b: Ursaring|Facade|p2b: Roaring Moon\n|-damage|p2b: Roaring Moon|0 fnt\n|faint|p2b: Roaring Moon\n|-end|p2b: Roaring Moon|Protosynthesis|[silent]\n|move|p1a: Torkoal|Clear Smog|p2a: Murkrow\n|-damage|p2a: Murkrow|8\/100\n|-clearboost|p2a: Murkrow\n|\n|-weather|SunnyDay|[upkeep]\n|-damage|p1b: Ursaring|4\/100 brn|[from] brn\n|-start|p2a: Murkrow|perish2\n|-start|p1b: Ursaring|perish2\n|-start|p1a: Torkoal|perish3\n|upkeep\n|\n|t:|1682987891\n|switch|p2b: Flutter Mane|Flutter Mane, L50|100\/100\n|-activate|p2b: Flutter Mane|ability: Protosynthesis\n|-start|p2b: Flutter Mane|protosynthesisspe\n|turn|4\n|\n|t:|1682987900\n|move|p2b: Flutter Mane|Shadow Ball|p1a: Torkoal\n|-damage|p1a: Torkoal|45\/100\n|move|p2a: Murkrow|Brave Bird|p1b: Ursaring\n|-damage|p1b: Ursaring|0 fnt\n|faint|p1b: Ursaring\n|-damage|p2a: Murkrow|7\/100|[from] Recoil\n|move|p1a: Torkoal|Overheat|p2b: Flutter Mane\n|-damage|p2b: Flutter Mane|22\/100\n|-unboost|p1a: Torkoal|spa|2\n|\n|-weather|SunnyDay|[upkeep]\n|-start|p2a: Murkrow|perish1\n|-start|p1a: Torkoal|perish2\n|-sideend|p2: falinks8274|move: Tailwind\n|upkeep\n|turn|5\n|\n|t:|1682987913\n|move|p2a: Murkrow|Tailwind|p2a: Murkrow\n|-sidestart|p2: falinks8274|move: Tailwind\n|move|p2b: Flutter Mane|Shadow Ball|p1a: Torkoal\n|-damage|p1a: Torkoal|0 fnt\n|faint|p1a: Torkoal\n|\n|win|falinks8274\n|raw|S07VGC's rating: 1095 → 1064<\/strong> (-31 for losing)\n|raw|falinks8274's rating: 1001 → 1051<\/strong> (+50 for winning)\n|l|\u2606S07VGC\n","uploadtime":1682988092,"views":14,"p1id":"s07vgc","p2id":"falinks8274","formatid":"gen9vgc2023regulationc","rating":1051,"private":0,"password":""}