{"id":"gen9vgc2023regulationc-1854152417","p1":"Tayekc","p2":"lax2145","format":"[Gen 9] VGC 2023 Regulation C","log":"|j|\u2606Tayekc\n|j|\u2606lax2145\n|t:|1682777022\n|gametype|doubles\n|player|p1|Tayekc|hilbert|\n|player|p2|lax2145|giovanni|\n|teamsize|p1|6\n|teamsize|p2|6\n|gen|9\n|tier|[Gen 9] VGC 2023 Regulation C\n|rule|Species Clause: Limit one of each Pok\u00e9mon\n|rule|Item Clause: Limit one of each item\n|clearpoke\n|poke|p1|Chien-Pao, L50|\n|poke|p1|Dragonite, L50, M|\n|poke|p1|Scizor, L50, M|\n|poke|p1|Flutter Mane, L50|\n|poke|p1|Chi-Yu, L50|\n|poke|p1|Iron Bundle, L50|\n|poke|p2|Ting-Lu, L50|\n|poke|p2|Flutter Mane, L50|\n|poke|p2|Iron Jugulis, L50|\n|poke|p2|Arcanine, L50, F|\n|poke|p2|Chien-Pao, L50|\n|poke|p2|Annihilape, L50, M|\n|teampreview|4\n|\n|t:|1682777050\n|start\n|switch|p1a: Scizor|Scizor, L50, M, shiny|100\/100\n|switch|p1b: Iron Bundle|Iron Bundle, L50, shiny|100\/100\n|switch|p2a: Ting-Lu|Ting-Lu, L50|100\/100\n|switch|p2b: Chien-Pao|Chien-Pao, L50|100\/100\n|-ability|p2b: Chien-Pao|Sword of Ruin\n|-ability|p2a: Ting-Lu|Vessel of Ruin\n|-enditem|p1b: Iron Bundle|Booster Energy\n|-activate|p1b: Iron Bundle|ability: Quark Drive|[fromitem]\n|-start|p1b: Iron Bundle|quarkdrivespe\n|turn|1\n|\n|t:|1682777076\n|-terastallize|p2a: Ting-Lu|Dark\n|move|p1a: Scizor|Bullet Punch|p2b: Chien-Pao\n|-supereffective|p2b: Chien-Pao\n|-damage|p2b: Chien-Pao|4\/100\n|move|p1b: Iron Bundle|Icy Wind|p2a: Ting-Lu|[spread] p2a,p2b\n|-resisted|p2b: Chien-Pao\n|-crit|p2b: Chien-Pao\n|-damage|p2a: Ting-Lu|92\/100\n|-damage|p2b: Chien-Pao|0 fnt\n|-unboost|p2a: Ting-Lu|spe|1\n|faint|p2b: Chien-Pao\n|move|p2a: Ting-Lu|Fissure|p1b: Iron Bundle|[miss]\n|-miss|p2a: Ting-Lu|p1b: Iron Bundle\n|\n|upkeep\n|\n|t:|1682777087\n|switch|p2b: Arcanine|Arcanine, L50, F|100\/100\n|-ability|p2b: Arcanine|Intimidate|boost\n|-fail|p1a: Scizor|unboost|[from] item: Clear Amulet|[of] p1a: Scizor\n|-unboost|p1b: Iron Bundle|atk|1\n|turn|2\n|\n|t:|1682777104\n|-terastallize|p1a: Scizor|Water\n|move|p1b: Iron Bundle|Hydro Pump|p2b: Arcanine\n|-supereffective|p2b: Arcanine\n|-damage|p2b: Arcanine|8\/100\n|-enditem|p2b: Arcanine|Sitrus Berry|[eat]\n|-heal|p2b: Arcanine|33\/100|[from] item: Sitrus Berry\n|move|p2b: Arcanine|Flare Blitz|p1a: Scizor\n|-resisted|p1a: Scizor\n|-damage|p1a: Scizor|70\/100\n|-damage|p2b: Arcanine|24\/100|[from] Recoil\n|move|p1a: Scizor|Close Combat|p2a: Ting-Lu\n|-supereffective|p2a: Ting-Lu\n|-damage|p2a: Ting-Lu|43\/100\n|-unboost|p1a: Scizor|def|1\n|-unboost|p1a: Scizor|spd|1\n|move|p2a: Ting-Lu|Stomping Tantrum|p1b: Iron Bundle\n|-damage|p1b: Iron Bundle|1\/100\n|\n|upkeep\n|turn|3\n|\n|t:|1682777150\n|move|p2b: Arcanine|Extreme Speed|p1b: Iron Bundle\n|-damage|p1b: Iron Bundle|0 fnt\n|faint|p1b: Iron Bundle\n|-end|p1b: Iron Bundle|Quark Drive|[silent]\n|move|p1a: Scizor|Close Combat|p2a: Ting-Lu\n|-supereffective|p2a: Ting-Lu\n|-damage|p2a: Ting-Lu|0 fnt\n|-unboost|p1a: Scizor|def|1\n|-unboost|p1a: Scizor|spd|1\n|faint|p2a: Ting-Lu\n|\n|upkeep\n|\n|t:|1682777165\n|switch|p1b: Chien-Pao|Chien-Pao, L50|100\/100\n|switch|p2a: Annihilape|Annihilape, L50, M|100\/100\n|-ability|p1b: Chien-Pao|Sword of Ruin\n|turn|4\n|\n|t:|1682777193\n|move|p1b: Chien-Pao|Protect|p1b: Chien-Pao\n|-singleturn|p1b: Chien-Pao|Protect\n|move|p1a: Scizor|Protect|p1a: Scizor\n|-singleturn|p1a: Scizor|Protect\n|move|p2a: Annihilape|Final Gambit|p1b: Chien-Pao\n|-activate|p1b: Chien-Pao|move: Protect\n|move|p2b: Arcanine|Flare Blitz|p1a: Scizor\n|-activate|p1a: Scizor|move: Protect\n|\n|upkeep\n|turn|5\n|\n|t:|1682777221\n|move|p2a: Annihilape|Final Gambit|p1a: Scizor\n|-damage|p1a: Scizor|0 fnt\n|faint|p2a: Annihilape\n|faint|p1a: Scizor\n|move|p1b: Chien-Pao|Ice Spinner|p2b: Arcanine\n|-resisted|p2b: Arcanine\n|-damage|p2b: Arcanine|0 fnt\n|faint|p2b: Arcanine\n|\n|win|Tayekc\n","uploadtime":1682777232,"views":23,"p1id":"tayekc","p2id":"lax2145","formatid":"gen9vgc2023regulationc","rating":0,"private":0,"password":""}