{"id":"gen9vgc2023regulationc-1846943969","p1":"Poisonx1","p2":"knight8512","format":"[Gen 9] VGC 2023 Regulation C","log":"|j|\u2606Poisonx1\n|j|\u2606knight8512\n|t:|1681904338\n|gametype|doubles\n|player|p1|Poisonx1|lucas-gen4pt|1052\n|player|p2|knight8512|boarder|1144\n|teamsize|p1|6\n|teamsize|p2|6\n|gen|9\n|tier|[Gen 9] VGC 2023 Regulation C\n|rated|\n|rule|Species Clause: Limit one of each Pok\u00e9mon\n|rule|Item Clause: Limit one of each item\n|clearpoke\n|poke|p1|Armarouge, L50, F|\n|poke|p1|Indeedee, L50, M|\n|poke|p1|Grimmsnarl, L50, M|\n|poke|p1|Dragonite, L50, M|\n|poke|p1|Annihilape, L50, F|\n|poke|p1|Amoonguss, L50, M|\n|poke|p2|Garchomp, L50, F|\n|poke|p2|Gyarados, L50, F|\n|poke|p2|Flutter Mane, L50|\n|poke|p2|Talonflame, L50, F|\n|poke|p2|Amoonguss, L50, F|\n|poke|p2|Chien-Pao, L50|\n|teampreview|4\n|\n|t:|1681904393\n|start\n|switch|p1a: Indeedee|Indeedee, L50, M|100\/100\n|switch|p1b: Armarouge|Armarouge, L50, F|100\/100\n|switch|p2a: Flutter Mane|Flutter Mane, L50|100\/100\n|switch|p2b: Garchomp|Garchomp, L50, F|100\/100\n|-fieldstart|move: Psychic Terrain|[from] ability: Psychic Surge|[of] p1a: Indeedee\n|turn|1\n|\n|t:|1681904413\n|move|p2a: Flutter Mane|Shadow Ball|p1b: Armarouge\n|-supereffective|p1b: Armarouge\n|-damage|p1b: Armarouge|0 fnt\n|faint|p1b: Armarouge\n|move|p2b: Garchomp|Stomping Tantrum|p1a: Indeedee\n|-damage|p1a: Indeedee|18\/100\n|-damage|p2b: Garchomp|91\/100|[from] item: Life Orb\n|move|p1a: Indeedee|Trick Room|p1a: Indeedee\n|-fieldstart|move: Trick Room|[of] p1a: Indeedee\n|\n|-heal|p1a: Indeedee|24\/100|[from] item: Leftovers\n|upkeep\n|\n|t:|1681904420\n|switch|p1b: Grimmsnarl|Grimmsnarl, L50, M|100\/100\n|turn|2\n|\n|t:|1681904437\n|move|p2b: Garchomp|Protect|p2b: Garchomp\n|-singleturn|p2b: Garchomp|Protect\n|move|p1b: Grimmsnarl|Light Screen|p1b: Grimmsnarl\n|-sidestart|p1: Poisonx1|move: Light Screen\n|move|p1a: Indeedee|Draining Kiss|p2b: Garchomp\n|-activate|p2b: Garchomp|move: Protect\n|move|p2a: Flutter Mane|Shadow Ball|p1a: Indeedee\n|-immune|p1a: Indeedee\n|\n|-heal|p1a: Indeedee|30\/100|[from] item: Leftovers\n|upkeep\n|turn|3\n|\n|t:|1681904464\n|-end|p2a: Flutter Mane|Protosynthesis|[silent]\n|switch|p2a: Amoonguss|Amoonguss, L50, F|100\/100\n|-terastallize|p2b: Garchomp|Fire\n|move|p1b: Grimmsnarl|Foul Play|p2a: Amoonguss\n|-damage|p2a: Amoonguss|83\/100\n|-damage|p1b: Grimmsnarl|84\/100|[from] item: Rocky Helmet|[of] p2a: Amoonguss\n|move|p1a: Indeedee|Draining Kiss|p2b: Garchomp\n|-resisted|p2b: Garchomp\n|-damage|p2b: Garchomp|84\/100\n|-heal|p1a: Indeedee|36\/100|[from] drain|[of] p2b: Garchomp\n|-damage|p1a: Indeedee|24\/100|[from] ability: Rough Skin|[of] p2b: Garchomp\n|move|p2b: Garchomp|Stomping Tantrum|p1a: Indeedee\n|-damage|p1a: Indeedee|0 fnt\n|faint|p1a: Indeedee\n|-damage|p2b: Garchomp|75\/100|[from] item: Life Orb\n|\n|upkeep\n|\n|t:|1681904471\n|switch|p1a: Dragonite|Dragonite, L50, M|100\/100\n|turn|4\n|\n|t:|1681904495\n|move|p1b: Grimmsnarl|Thunder Wave|p2b: Garchomp\n|-activate|p2b: Garchomp|move: Psychic Terrain\n|move|p2a: Amoonguss|Spore|p1a: Dragonite\n|-status|p1a: Dragonite|slp|[from] move: Spore\n|cant|p1a: Dragonite|slp\n|move|p2b: Garchomp|Rock Slide|p1a: Dragonite|[spread] p1a,p1b\n|-supereffective|p1a: Dragonite\n|-damage|p1a: Dragonite|44\/100 slp\n|-damage|p1b: Grimmsnarl|52\/100\n|-damage|p2b: Garchomp|65\/100|[from] item: Life Orb\n|\n|upkeep\n|turn|5\n|-message|Poisonx1 forfeited.\n|\n|win|knight8512\n|raw|Poisonx1's rating: 1088 → 1069<\/strong> (-19 for losing)\n|raw|knight8512's rating: 1144 → 1165<\/strong> (+21 for winning)\n|l|\u2606Poisonx1\n","uploadtime":1681904520,"views":16,"p1id":"poisonx1","p2id":"knight8512","formatid":"gen9vgc2023regulationc","rating":1069,"private":0,"password":""}