{"id":"gen9vgc2023regulationc-1846816975","p1":"Zzag","p2":"ExcelSheet","format":"[Gen 9] VGC 2023 Regulation C","log":"|j|\u2606Zzag\n|j|\u2606ExcelSheet\n|t:|1681884570\n|gametype|doubles\n|player|p1|Zzag|steven|1188\n|player|p2|ExcelSheet|hilbert-wonderlauncher|1083\n|teamsize|p1|6\n|teamsize|p2|6\n|gen|9\n|tier|[Gen 9] VGC 2023 Regulation C\n|rated|\n|rule|Species Clause: Limit one of each Pok\u00e9mon\n|rule|Item Clause: Limit one of each item\n|clearpoke\n|poke|p1|Chi-Yu, L50|\n|poke|p1|Flutter Mane, L50|\n|poke|p1|Glimmora, L50, F|\n|poke|p1|Roaring Moon, L50|\n|poke|p1|Amoonguss, L50, M|\n|poke|p1|Arcanine, L50, M|\n|poke|p2|Flutter Mane, L50|\n|poke|p2|Great Tusk, L50|\n|poke|p2|Scizor, L50, F|\n|poke|p2|Corviknight, L50, F|\n|poke|p2|Chi-Yu, L50|\n|poke|p2|Iron Bundle, L50|\n|teampreview|4\n|inactive|Battle timer is ON: inactive players will automatically lose when time's up. (requested by ExcelSheet)\nExcelSheet has agreed to open team sheets.\n|inactive|Zzag has 60 seconds left.\n|inactive|ExcelSheet has 60 seconds left.\n|inactive|ExcelSheet has 30 seconds left.\n|\n|t:|1681884635\n|start\n|switch|p1a: Glimmora|Glimmora, L50, F|100\/100\n|switch|p1b: Chi-Yu|Chi-Yu, L50|100\/100\n|switch|p2a: Corviknight|Corviknight, L50, F|100\/100\n|switch|p2b: Iron Bundle|Iron Bundle, L50|100\/100\n|-ability|p1b: Chi-Yu|Beads of Ruin\n|-enditem|p2b: Iron Bundle|Booster Energy\n|-activate|p2b: Iron Bundle|ability: Quark Drive|[fromitem]\n|-start|p2b: Iron Bundle|quarkdrivespe\n|turn|1\n|inactive|Zzag has 30 seconds left.\n|inactive|ExcelSheet has 30 seconds left.\n|inactive|ExcelSheet has 20 seconds left.\n|\n|t:|1681884675\n|-terastallize|p1b: Chi-Yu|Grass\n|move|p2b: Iron Bundle|Protect|p2b: Iron Bundle\n|-singleturn|p2b: Iron Bundle|Protect\n|move|p1a: Glimmora|Power Gem|p2b: Iron Bundle\n|-activate|p2b: Iron Bundle|move: Protect\n|move|p1b: Chi-Yu|Flamethrower|p2a: Corviknight\n|-supereffective|p2a: Corviknight\n|-damage|p2a: Corviknight|0 fnt\n|faint|p2a: Corviknight\n|\n|upkeep\n|\n|t:|1681884686\n|switch|p2a: Scizor|Scizor, L50, F|100\/100\n|turn|2\n|inactive|Zzag has 30 seconds left.\n|\n|t:|1681884711\n|switch|p1b: Arcanine|Arcanine, L50, M|100\/100\n|-ability|p1b: Arcanine|Intimidate|boost\n|-unboost|p2a: Scizor|atk|1\n|-unboost|p2b: Iron Bundle|atk|1\n|-terastallize|p2a: Scizor|Fire\n|move|p2b: Iron Bundle|Icy Wind|p1a: Glimmora|[spread] p1a,p1b\n|-resisted|p1b: Arcanine\n|-damage|p1a: Glimmora|72\/100\n|-damage|p1b: Arcanine|88\/100\n|-unboost|p1a: Glimmora|spe|1\n|-unboost|p1b: Arcanine|spe|1\n|move|p1a: Glimmora|Power Gem|p2b: Iron Bundle\n|-supereffective|p2b: Iron Bundle\n|-damage|p2b: Iron Bundle|0 fnt\n|faint|p2b: Iron Bundle\n|-end|p2b: Iron Bundle|Quark Drive|[silent]\n|move|p2a: Scizor|U-turn|p1b: Arcanine\n|-resisted|p1b: Arcanine\n|-damage|p1b: Arcanine|64\/100\n|\n|t:|1681884726\n|switch|p2a: Great Tusk|Great Tusk, L50|100\/100|[from] U-turn\n|\n|upkeep\n|\n|t:|1681884729\n|switch|p2b: Scizor|Scizor, L50, F, tera:Fire|100\/100\n|turn|3\n|inactive|Zzag has 30 seconds left.\n|inactive|ExcelSheet has 30 seconds left.\n|\n|t:|1681884761\n|move|p1b: Arcanine|Protect|p1b: Arcanine\n|-singleturn|p1b: Arcanine|Protect\n|move|p2a: Great Tusk|Headlong Rush|p1a: Glimmora\n|-supereffective|p1a: Glimmora\n|-damage|p1a: Glimmora|0 fnt\n|-unboost|p2a: Great Tusk|def|1\n|-unboost|p2a: Great Tusk|spd|1\n|-activate|p1a: Glimmora|ability: Toxic Debris\n|-sidestart|p2: ExcelSheet|move: Toxic Spikes\n|faint|p1a: Glimmora\n|move|p2b: Scizor|Aerial Ace|p1b: Arcanine\n|-activate|p1b: Arcanine|move: Protect\n|\n|upkeep\n|\n|t:|1681884777\n|switch|p1a: Roaring Moon|Roaring Moon, L50|100\/100\n|-enditem|p1a: Roaring Moon|Booster Energy\n|-activate|p1a: Roaring Moon|ability: Protosynthesis|[fromitem]\n|-start|p1a: Roaring Moon|protosynthesisspe\n|turn|4\n|\n|t:|1681884790\n|move|p1a: Roaring Moon|Breaking Swipe|p2a: Great Tusk|[spread] p2a,p2b\n|-damage|p2a: Great Tusk|78\/100\n|-damage|p2b: Scizor|81\/100\n|-unboost|p2a: Great Tusk|atk|1\n|-unboost|p2b: Scizor|atk|1\n|move|p2a: Great Tusk|Close Combat|p1a: Roaring Moon\n|-supereffective|p1a: Roaring Moon\n|-crit|p1a: Roaring Moon\n|-damage|p1a: Roaring Moon|0 fnt\n|-unboost|p2a: Great Tusk|def|1\n|-unboost|p2a: Great Tusk|spd|1\n|faint|p1a: Roaring Moon\n|-end|p1a: Roaring Moon|Protosynthesis|[silent]\n|move|p1b: Arcanine|Flare Blitz|p2a: Great Tusk\n|-damage|p2a: Great Tusk|0 fnt\n|faint|p2a: Great Tusk\n|-end|p2a: Great Tusk|Protosynthesis|[silent]\n|-damage|p1b: Arcanine|36\/100|[from] Recoil\n|move|p2b: Scizor|Aerial Ace|p1b: Arcanine\n|-damage|p1b: Arcanine|0 fnt\n|faint|p1b: Arcanine\n|\n|upkeep\n|\n|t:|1681884810\n|switch|p1a: Chi-Yu|Chi-Yu, L50, tera:Grass|100\/100\n|-ability|p1a: Chi-Yu|Beads of Ruin\n|turn|5\n|\n|t:|1681884828\n|move|p1a: Chi-Yu|Dark Pulse|p2b: Scizor\n|-damage|p2b: Scizor|8\/100\n|move|p2b: Scizor|Aerial Ace|p1a: Chi-Yu\n|-supereffective|p1a: Chi-Yu\n|-damage|p1a: Chi-Yu|16\/100\n|\n|upkeep\n|turn|6\n|\n|t:|1681884838\n|move|p1a: Chi-Yu|Dark Pulse|p2b: Scizor\n|-crit|p2b: Scizor\n|-damage|p2b: Scizor|0 fnt\n|faint|p2b: Scizor\n|\n|win|Zzag\n|raw|Zzag's rating: 1188 → 1206<\/strong> (+18 for winning)\n|raw|ExcelSheet's rating: 1083 → 1067<\/strong> (-16 for losing)\n","uploadtime":1681884843,"views":10,"p1id":"zzag","p2id":"excelsheet","formatid":"gen9vgc2023regulationc","rating":1067,"private":0,"password":""}