{"id":"gen9vgc2023regulationc-1857929720","p1":"Vinsmoke","p2":"chalmander69","format":"[Gen 9] VGC 2023 Regulation C","log":"|j|\u2606Vinsmoke\n|j|\u2606chalmander69\n|t:|1683248639\n|gametype|doubles\n|player|p1|Vinsmoke|caitlin|1135\n|player|p2|chalmander69|harlequin|1181\n|teamsize|p1|6\n|teamsize|p2|6\n|gen|9\n|tier|[Gen 9] VGC 2023 Regulation C\n|rated|\n|rule|Species Clause: Limit one of each Pok\u00e9mon\n|rule|Item Clause: Limit one of each item\n|clearpoke\n|poke|p1|Palafin, L50, M|\n|poke|p1|Chi-Yu, L50|\n|poke|p1|Amoonguss, L50, M|\n|poke|p1|Flutter Mane, L50|\n|poke|p1|Iron Bundle, L50|\n|poke|p1|Dragonite, L50, F|\n|poke|p2|Chi-Yu, L50|\n|poke|p2|Corviknight, L50, M|\n|poke|p2|Arcanine, L50, F|\n|poke|p2|Flutter Mane, L50|\n|poke|p2|Amoonguss, L50, F|\n|poke|p2|Iron Hands, L50|\n|teampreview|4\nchalmander69 has agreed to open team sheets.\n|inactive|Battle timer is ON: inactive players will automatically lose when time's up. (requested by chalmander69)\nVinsmoke has agreed to open team sheets.\n|inactive|chalmander69 has 60 seconds left.\n|inactive|chalmander69 has 30 seconds left.\n|inactive|chalmander69 has 20 seconds left.\n|\n|t:|1683248719\n|start\n|switch|p1a: Flutter Mane|Flutter Mane, L50|100\/100\n|switch|p1b: Palafin|Palafin, L50, M|100\/100\n|switch|p2a: Corviknight|Corviknight, L50, M, shiny|100\/100\n|switch|p2b: Arcanine|Arcanine, L50, F|100\/100\n|-ability|p2b: Arcanine|Intimidate|boost\n|-unboost|p1a: Flutter Mane|atk|1\n|-unboost|p1b: Palafin|atk|1\n|-enditem|p1a: Flutter Mane|Booster Energy\n|-activate|p1a: Flutter Mane|ability: Protosynthesis|[fromitem]\n|-start|p1a: Flutter Mane|protosynthesisspa\n|turn|1\n|j| Volcano0\n|l| Volcano0\n|inactive|chalmander69 has 30 seconds left.\n|\n|t:|1683248744\n|detailschange|p1b: Palafin|Palafin-Hero, L50, M\n|switch|p1b: Dragonite|Dragonite, L50, F|100\/100\n|move|p1a: Flutter Mane|Protect|p1a: Flutter Mane\n|-singleturn|p1a: Flutter Mane|Protect\n|move|p2b: Arcanine|Howl|p2b: Arcanine|[spread] p2a,p2b\n|-boost|p2a: Corviknight|atk|1\n|-boost|p2b: Arcanine|atk|1\n|move|p2a: Corviknight|Tailwind|p2a: Corviknight\n|-sidestart|p2: chalmander69|move: Tailwind\n|\n|upkeep\n|turn|2\n|\n|t:|1683248763\n|move|p2b: Arcanine|Will-O-Wisp|p1b: Dragonite\n|-status|p1b: Dragonite|brn\n|move|p2a: Corviknight|Iron Head|p1a: Flutter Mane\n|-supereffective|p1a: Flutter Mane\n|-damage|p1a: Flutter Mane|0 fnt\n|faint|p1a: Flutter Mane\n|-end|p1a: Flutter Mane|Protosynthesis|[silent]\n|move|p1b: Dragonite|Stomping Tantrum|p2b: Arcanine\n|-supereffective|p2b: Arcanine\n|-damage|p2b: Arcanine|71\/100\n|\n|-damage|p1b: Dragonite|94\/100 brn|[from] brn\n|upkeep\n|\n|t:|1683248768\n|switch|p1a: Palafin|Palafin-Hero, L50, M|100\/100\n|-activate|p1a: Palafin|ability: Zero to Hero\n|turn|3\n|inactive|chalmander69 has 30 seconds left.\n|inactive|chalmander69 has 20 seconds left.\n|inactive|chalmander69 has 15 seconds left.\n|\n|t:|1683248810\n|-terastallize|p2b: Arcanine|Water\n|move|p2b: Arcanine|Will-O-Wisp|p1a: Palafin\n|-status|p1a: Palafin|brn\n|move|p2a: Corviknight|Iron Head|p1a: Palafin\n|-resisted|p1a: Palafin\n|-damage|p1a: Palafin|82\/100 brn\n|cant|p1a: Palafin|flinch\n|move|p1b: Dragonite|Ice Spinner|p2b: Arcanine\n|-resisted|p2b: Arcanine\n|-damage|p2b: Arcanine|63\/100\n|\n|-damage|p1a: Palafin|76\/100 brn|[from] brn\n|-damage|p1b: Dragonite|88\/100 brn|[from] brn\n|upkeep\n|turn|4\n|inactive|chalmander69 has 30 seconds left.\n|inactive|chalmander69 has 20 seconds left.\n|\n|t:|1683248846\n|move|p1b: Dragonite|Extreme Speed|p2b: Arcanine\n|-damage|p2b: Arcanine|45\/100\n|move|p2b: Arcanine|Howl|p2b: Arcanine|[spread] p2a,p2b\n|-boost|p2a: Corviknight|atk|1\n|-boost|p2b: Arcanine|atk|1\n|move|p2a: Corviknight|Iron Head|p1b: Dragonite\n|-damage|p1b: Dragonite|34\/100 brn\n|move|p1a: Palafin|Wave Crash|p2a: Corviknight\n|-damage|p2a: Corviknight|68\/100\n|-damage|p1a: Palafin|67\/100 brn|[from] Recoil\n|\n|-damage|p1a: Palafin|61\/100 brn|[from] brn\n|-damage|p1b: Dragonite|28\/100 brn|[from] brn\n|-sideend|p2: chalmander69|move: Tailwind\n|upkeep\n|turn|5\n|inactive|chalmander69 has 30 seconds left.\n|\n|t:|1683248874\n|move|p2a: Corviknight|Protect|p2a: Corviknight\n|-singleturn|p2a: Corviknight|Protect\n|move|p2b: Arcanine|Extreme Speed|p1b: Dragonite\n|-damage|p1b: Dragonite|0 fnt\n|faint|p1b: Dragonite\n|move|p1a: Palafin|Wave Crash|p2a: Corviknight\n|-activate|p2a: Corviknight|move: Protect\n|\n|-damage|p1a: Palafin|55\/100 brn|[from] brn\n|upkeep\n|\n|t:|1683248878\n|switch|p1b: Chi-Yu|Chi-Yu, L50|100\/100\n|-ability|p1b: Chi-Yu|Beads of Ruin\n|turn|6\n|\n|t:|1683248900\n|switch|p2a: Chi-Yu|Chi-Yu, L50|100\/100\n|-ability|p2a: Chi-Yu|Beads of Ruin\n|move|p2b: Arcanine|Extreme Speed|p1b: Chi-Yu\n|-damage|p1b: Chi-Yu|31\/100\n|move|p1b: Chi-Yu|Heat Wave|p2b: Arcanine|[spread] p2a,p2b\n|-resisted|p2a: Chi-Yu\n|-resisted|p2b: Arcanine\n|-crit|p2b: Arcanine\n|-damage|p2a: Chi-Yu|79\/100\n|-damage|p2b: Arcanine|0 fnt\n|faint|p2b: Arcanine\n|-damage|p1b: Chi-Yu|21\/100|[from] item: Life Orb\n|move|p1a: Palafin|Wave Crash|p2a: Chi-Yu\n|-supereffective|p2a: Chi-Yu\n|-damage|p2a: Chi-Yu|0 fnt\n|faint|p2a: Chi-Yu\n|-damage|p1a: Palafin|34\/100 brn|[from] Recoil\n|\n|-damage|p1a: Palafin|28\/100 brn|[from] brn\n|upkeep\n|\n|t:|1683248919\n|switch|p2b: Corviknight|Corviknight, L50, M, shiny|68\/100\n|switch|p2a: Flutter Mane|Flutter Mane, L50|100\/100\n|-enditem|p2a: Flutter Mane|Booster Energy\n|-activate|p2a: Flutter Mane|ability: Protosynthesis|[fromitem]\n|-start|p2a: Flutter Mane|protosynthesisspa\n|turn|7\n|\n|t:|1683248933\n|move|p1b: Chi-Yu|Protect|p1b: Chi-Yu\n|-singleturn|p1b: Chi-Yu|Protect\n|move|p1a: Palafin|Jet Punch|p2a: Flutter Mane\n|-damage|p2a: Flutter Mane|67\/100\n|move|p2a: Flutter Mane|Dazzling Gleam|p1a: Palafin|[spread] p1a\n|-activate|p1b: Chi-Yu|move: Protect\n|-damage|p1a: Palafin|0 fnt\n|faint|p1a: Palafin\n|move|p2b: Corviknight|Brave Bird|p1b: Chi-Yu\n|-activate|p1b: Chi-Yu|move: Protect\n|\n|upkeep\n|turn|8\n|-message|Vinsmoke forfeited.\n|\n|win|chalmander69\n|raw|Vinsmoke's rating: 1135 → 1113<\/strong> (-22 for losing)\n|raw|chalmander69's rating: 1181 → 1203<\/strong> (+22 for winning)\n|l|\u2606Vinsmoke\n|j| Volcano0\n|l| Volcano0\n","uploadtime":1683248956,"views":14,"p1id":"vinsmoke","p2id":"chalmander69","formatid":"gen9vgc2023regulationc","rating":1113,"private":0,"password":""}