{"id":"gen9vgc2023regulationc-1855070214","p1":"S07VGC","p2":"VillagerZz","format":"[Gen 9] VGC 2023 Regulation C","log":"|j|\u2606S07VGC\n|j|\u2606VillagerZz\n|t:|1682897663\n|gametype|doubles\n|player|p1|S07VGC|265|1037\n|player|p2|VillagerZz|2|1000\n|teamsize|p1|6\n|teamsize|p2|6\n|gen|9\n|tier|[Gen 9] VGC 2023 Regulation C\n|rated|\n|rule|Species Clause: Limit one of each Pok\u00e9mon\n|rule|Item Clause: Limit one of each item\n|clearpoke\n|poke|p1|Torkoal, L50, M|\n|poke|p1|Jumpluff, L50, M|\n|poke|p1|Annihilape, L50, M|\n|poke|p1|Chien-Pao, L50|\n|poke|p1|Ursaring, L50, M|\n|poke|p1|Brute Bonnet, L50|\n|poke|p2|Sylveon, L50, M|\n|poke|p2|Heracross, L50, F|\n|poke|p2|Scream Tail, L50|\n|poke|p2|Dragonair, L50, M|\n|poke|p2|Jumpluff, L50, F|\n|poke|p2|Blissey, L50, F|\n|teampreview|4\n|\n|t:|1682897706\n|start\n|switch|p1a: Torkoal|Torkoal, L50, M|100\/100\n|switch|p1b: Jumpluff|Jumpluff, L50, M, shiny|100\/100\n|switch|p2a: Sylveon|Sylveon, L50, M|100\/100\n|switch|p2b: Jumpluff|Jumpluff, L50, F, shiny|100\/100\n|-weather|SunnyDay|[from] ability: Drought|[of] p1a: Torkoal\n|turn|1\n|\n|t:|1682897736\n|move|p1b: Jumpluff|Sleep Powder|p2a: Sylveon|[miss]\n|-miss|p1b: Jumpluff|p2a: Sylveon\n|move|p2b: Jumpluff|Tailwind|p2b: Jumpluff\n|-sidestart|p2: VillagerZz|move: Tailwind\n|move|p2a: Sylveon|Hyper Voice|p1a: Torkoal|[spread] p1a,p1b\n|-resisted|p1a: Torkoal\n|-damage|p1a: Torkoal|75\/100\n|-damage|p1b: Jumpluff|61\/100\n|-enditem|p2a: Sylveon|Throat Spray\n|-boost|p2a: Sylveon|spa|1|[from] item: Throat Spray\n|move|p1a: Torkoal|Overheat|p2b: Jumpluff\n|-supereffective|p2b: Jumpluff\n|-enditem|p2b: Jumpluff|Focus Sash\n|-damage|p2b: Jumpluff|1\/100\n|-unboost|p1a: Torkoal|spa|2\n|-enditem|p1a: Torkoal|Eject Pack\n|\n|t:|1682897752\n|switch|p1a: Ursaring|Ursaring, L50, M|100\/100\n|\n|-weather|SunnyDay|[upkeep]\n|-status|p1a: Ursaring|brn|[from] item: Flame Orb\n|upkeep\n|turn|2\n|inactive|Battle timer is ON: inactive players will automatically lose when time's up. (requested by S07VGC)\n|\n|t:|1682897788\n|move|p1a: Ursaring|Protect|p1a: Ursaring\n|-singleturn|p1a: Ursaring|Protect\n|move|p1b: Jumpluff|Tailwind|p1b: Jumpluff\n|-sidestart|p1: S07VGC|move: Tailwind\n|move|p2b: Jumpluff|Encore|p1b: Jumpluff\n|-start|p1b: Jumpluff|Encore\n|move|p2a: Sylveon|Hyper Voice|p1a: Ursaring|[spread] p1b\n|-activate|p1a: Ursaring|move: Protect\n|-damage|p1b: Jumpluff|1\/100\n|-enditem|p1b: Jumpluff|Aguav Berry|[eat]\n|-heal|p1b: Jumpluff|34\/100|[from] item: Aguav Berry\n|\n|-weather|SunnyDay|[upkeep]\n|-damage|p1a: Ursaring|94\/100 brn|[from] brn\n|upkeep\n|turn|3\n|inactive|S07VGC has 30 seconds left.\n|inactive|VillagerZz has 30 seconds left.\n|\n|t:|1682897820\n|switch|p1b: Torkoal|Torkoal, L50, M|75\/100\n|-terastallize|p1a: Ursaring|Normal\n|move|p2b: Jumpluff|Encore|p1a: Ursaring\n|-start|p1a: Ursaring|Encore\n|move|p2a: Sylveon|Hyper Voice|p1b: Torkoal|[spread] p1a,p1b\n|-resisted|p1b: Torkoal\n|-damage|p1a: Ursaring|21\/100 brn\n|-damage|p1b: Torkoal|35\/100\n|move|p1a: Ursaring|Protect||[still]\n|-fail|p1a: Ursaring\n|\n|-weather|SunnyDay|[upkeep]\n|-damage|p1a: Ursaring|15\/100 brn|[from] brn\n|upkeep\n|turn|4\n|inactive|S07VGC has 30 seconds left.\n|\n|t:|1682897853\n|move|p2b: Jumpluff|Protect|p2b: Jumpluff\n|-singleturn|p2b: Jumpluff|Protect\n|move|p1a: Ursaring|Protect|p1a: Ursaring\n|-singleturn|p1a: Ursaring|Protect\n|move|p2a: Sylveon|Hyper Voice|p1a: Ursaring|[spread] p1b\n|-activate|p1a: Ursaring|move: Protect\n|-resisted|p1b: Torkoal\n|-damage|p1b: Torkoal|0 fnt\n|faint|p1b: Torkoal\n|\n|-weather|SunnyDay|[upkeep]\n|-damage|p1a: Ursaring|9\/100 brn|[from] brn\n|-sideend|p2: VillagerZz|move: Tailwind\n|upkeep\n|\n|t:|1682897859\n|switch|p1b: Jumpluff|Jumpluff, L50, M, shiny|34\/100\n|turn|5\n|\n|t:|1682897877\n|switch|p1a: Brute Bonnet|Brute Bonnet, L50|100\/100\n|-activate|p1a: Brute Bonnet|ability: Protosynthesis\n|-start|p1a: Brute Bonnet|protosynthesisspd\n|move|p1b: Jumpluff|Sleep Powder|p2a: Sylveon\n|-status|p2a: Sylveon|slp|[from] move: Sleep Powder\n|move|p2b: Jumpluff|Tailwind|p2b: Jumpluff\n|-sidestart|p2: VillagerZz|move: Tailwind\n|cant|p2a: Sylveon|slp\n|\n|-weather|none\n|-end|p1a: Brute Bonnet|Protosynthesis\n|-sideend|p1: S07VGC|move: Tailwind\n|upkeep\n|turn|6\n|inactive|VillagerZz has 30 seconds left.\n|\n|t:|1682897904\n|move|p2b: Jumpluff|Protect|p2b: Jumpluff\n|-singleturn|p2b: Jumpluff|Protect\n|move|p1b: Jumpluff|Protect|p1b: Jumpluff\n|-singleturn|p1b: Jumpluff|Protect\n|cant|p2a: Sylveon|slp\n|move|p1a: Brute Bonnet|Bullet Seed|p2b: Jumpluff\n|-activate|p2b: Jumpluff|move: Protect\n|\n|upkeep\n|turn|7\n|\n|t:|1682897921\n|switch|p1b: Ursaring|Ursaring, L50, M, tera:Normal|9\/100 brn\n|move|p2b: Jumpluff|Encore||[still]\n|-fail|p2b: Jumpluff\n|cant|p2a: Sylveon|slp\n|move|p1a: Brute Bonnet|Bullet Seed|p2b: Jumpluff\n|-resisted|p2b: Jumpluff\n|-damage|p2b: Jumpluff|0 fnt\n|faint|p2b: Jumpluff\n|-hitcount|p2: Jumpluff|1\n|\n|-damage|p1b: Ursaring|3\/100 brn|[from] brn\n|upkeep\n|\n|t:|1682897939\n|switch|p2b: Scream Tail|Scream Tail, L50, shiny|100\/100\n|-enditem|p2b: Scream Tail|Booster Energy\n|-activate|p2b: Scream Tail|ability: Protosynthesis|[fromitem]\n|-start|p2b: Scream Tail|protosynthesisspe\n|turn|8\n|\n|t:|1682897962\n|switch|p1b: Jumpluff|Jumpluff, L50, M, shiny|34\/100\n|move|p2b: Scream Tail|Encore|p1a: Brute Bonnet\n|-start|p1a: Brute Bonnet|Encore\n|-curestatus|p2a: Sylveon|slp|[msg]\n|move|p2a: Sylveon|Hyper Voice|p1b: Jumpluff|[spread] p1a,p1b\n|-supereffective|p1a: Brute Bonnet\n|-damage|p1a: Brute Bonnet|28\/100\n|-damage|p1b: Jumpluff|0 fnt\n|faint|p1b: Jumpluff\n|move|p1a: Brute Bonnet|Bullet Seed|p2b: Scream Tail\n|-damage|p2b: Scream Tail|90\/100\n|-damage|p2b: Scream Tail|80\/100\n|-damage|p2b: Scream Tail|70\/100\n|-damage|p2b: Scream Tail|60\/100\n|-hitcount|p2b: Scream Tail|4\n|\n|-sideend|p2: VillagerZz|move: Tailwind\n|upkeep\n|\n|t:|1682897980\n|switch|p1b: Ursaring|Ursaring, L50, M, tera:Normal|3\/100 brn\n|turn|9\n|\n|t:|1682897989\n|move|p2b: Scream Tail|Disable|p1a: Brute Bonnet\n|-start|p1a: Brute Bonnet|Disable|Bullet Seed\n|move|p2a: Sylveon|Hyper Voice|p1b: Ursaring|[spread] p1a,p1b\n|-supereffective|p1a: Brute Bonnet\n|-damage|p1a: Brute Bonnet|0 fnt\n|-damage|p1b: Ursaring|0 fnt\n|faint|p1a: Brute Bonnet\n|-end|p1a: Brute Bonnet|Protosynthesis|[silent]\n|faint|p1b: Ursaring\n|\n|win|VillagerZz\n|raw|S07VGC's rating: 1037 → 1020<\/strong> (-17 for losing)\n|raw|VillagerZz's rating: 1000 → 1044<\/strong> (+44 for winning)\n|l|\u2606S07VGC\n","uploadtime":1682898002,"views":15,"p1id":"s07vgc","p2id":"villagerzz","formatid":"gen9vgc2023regulationc","rating":1020,"private":0,"password":""}