{"id":"gen9vgc2023regulationc-1848631010","p1":"Flamingwombat1","p2":"UltimoRyu","format":"[Gen 9] VGC 2023 Regulation C","log":"|j|\u2606Flamingwombat1\n|j|\u2606UltimoRyu\n|t:|1682096025\n|gametype|doubles\n|player|p1|Flamingwombat1|plasmagrunt|1179\n|player|p2|UltimoRyu|steven|1192\n|teamsize|p1|6\n|teamsize|p2|6\n|gen|9\n|tier|[Gen 9] VGC 2023 Regulation C\n|rated|\n|rule|Species Clause: Limit one of each Pok\u00e9mon\n|rule|Item Clause: Limit one of each item\n|clearpoke\n|poke|p1|Great Tusk, L50|\n|poke|p1|Bellibolt, L50, M|\n|poke|p1|Gholdengo, L50|\n|poke|p1|Clawitzer, L50, F|\n|poke|p1|Glimmora, L50, M|\n|poke|p1|Breloom, L50, M|\n|poke|p2|Pelipper, L50, F|\n|poke|p2|Palafin, L50, F|\n|poke|p2|Goodra, L50, M|\n|poke|p2|Gyarados, L50, M|\n|poke|p2|Dondozo, L50, F|\n|poke|p2|Tatsugiri-Stretchy, L50, F|\n|teampreview|4\n|inactive|Battle timer is ON: inactive players will automatically lose when time's up. (requested by Flamingwombat1)\n|inactive|UltimoRyu has 60 seconds left.\n|\n|t:|1682096056\n|start\n|switch|p1a: Bellibolt|Bellibolt, L50, M|100\/100\n|switch|p1b: Glimmora|Glimmora, L50, M|100\/100\n|switch|p2a: Goodra|Goodra, L50, M|100\/100\n|switch|p2b: Palafin|Palafin, L50, F|100\/100\n|turn|1\n|\n|t:|1682096075\n|detailschange|p2b: Palafin|Palafin-Hero, L50, F\n|switch|p2b: Pelipper|Pelipper, L50, F|100\/100\n|-weather|RainDance|[from] ability: Drizzle|[of] p2b: Pelipper\n|move|p1b: Glimmora|Mortal Spin|p2b: Pelipper|[spread] p2a,p2b\n|-damage|p2a: Goodra|96\/100\n|-damage|p2b: Pelipper|94\/100\n|-status|p2a: Goodra|psn\n|-status|p2b: Pelipper|psn\n|move|p2a: Goodra|Muddy Water|p1b: Glimmora|[spread] p1a,p1b\n|-supereffective|p1b: Glimmora\n|-damage|p1a: Bellibolt|68\/100\n|-damage|p1b: Glimmora|16\/100\n|-unboost|p1b: Glimmora|accuracy|1\n|-start|p1a: Bellibolt|Charge|Muddy Water|[from] ability: Electromorphosis\n|move|p1a: Bellibolt|Volt Switch|p2b: Pelipper\n|-supereffective|p2b: Pelipper\n|-damage|p2b: Pelipper|0 fnt\n|faint|p2b: Pelipper\n|-end|p1a: Bellibolt|Charge|[silent]\n|\n|t:|1682096096\n|switch|p1a: Gholdengo|Gholdengo, L50|100\/100|[from] Volt Switch\n|-item|p1a: Gholdengo|Air Balloon\n|\n|-weather|RainDance|[upkeep]\n|-activate|p2a: Goodra|ability: Hydration\n|-curestatus|p2a: Goodra|psn|[msg]\n|-heal|p2a: Goodra|100\/100|[from] item: Leftovers\n|upkeep\n|inactive|UltimoRyu has 30 seconds left.\n|\n|t:|1682096122\n|switch|p2b: Gyarados|Gyarados, L50, M|100\/100\n|-ability|p2b: Gyarados|Intimidate|boost\n|-unboost|p1a: Gholdengo|atk|1\n|-unboost|p1b: Glimmora|atk|1\n|turn|2\n|\n|t:|1682096132\n|move|p2b: Gyarados|Protect|p2b: Gyarados\n|-singleturn|p2b: Gyarados|Protect\n|move|p1b: Glimmora|Power Gem|p2a: Goodra|[miss]\n|-miss|p1b: Glimmora|p2a: Goodra\n|move|p1a: Gholdengo|Thunderbolt|p2b: Gyarados\n|-activate|p2b: Gyarados|move: Protect\n|move|p2a: Goodra|Muddy Water|p1a: Gholdengo|[spread] p1b\n|-miss|p2a: Goodra|p1a: Gholdengo\n|-supereffective|p1b: Glimmora\n|-damage|p1b: Glimmora|0 fnt\n|faint|p1b: Glimmora\n|\n|-weather|RainDance|[upkeep]\n|upkeep\n|\n|t:|1682096143\n|switch|p1b: Bellibolt|Bellibolt, L50, M|68\/100\n|turn|3\n|\n|t:|1682096158\n|-terastallize|p2b: Gyarados|Steel\n|-terastallize|p1b: Bellibolt|Fairy\n|move|p1a: Gholdengo|Thunderbolt|p2b: Gyarados\n|-damage|p2b: Gyarados|68\/100\n|move|p2b: Gyarados|Waterfall|p1a: Gholdengo\n|-damage|p1a: Gholdengo|28\/100\n|-enditem|p1a: Gholdengo|Air Balloon\n|move|p2a: Goodra|Muddy Water|p1b: Bellibolt|[spread] p1a,p1b\n|-crit|p1a: Gholdengo\n|-crit|p1b: Bellibolt\n|-damage|p1a: Gholdengo|0 fnt\n|-damage|p1b: Bellibolt|16\/100\n|-start|p1b: Bellibolt|Charge|Muddy Water|[from] ability: Electromorphosis\n|-enditem|p1b: Bellibolt|Sitrus Berry|[eat]\n|-heal|p1b: Bellibolt|41\/100|[from] item: Sitrus Berry\n|faint|p1a: Gholdengo\n|move|p1b: Bellibolt|Tera Blast|p2a: Goodra\n|-supereffective|p2a: Goodra\n|-damage|p2a: Goodra|59\/100\n|\n|-weather|RainDance|[upkeep]\n|-heal|p2a: Goodra|65\/100|[from] item: Leftovers\n|upkeep\n|\n|t:|1682096177\n|switch|p1a: Breloom|Breloom, L50, M|100\/100\n|turn|4\n|\n|t:|1682096199\n|move|p2b: Gyarados|Protect|p2b: Gyarados\n|-singleturn|p2b: Gyarados|Protect\n|move|p1a: Breloom|Mach Punch|p2b: Gyarados\n|-activate|p2b: Gyarados|move: Protect\n|move|p2a: Goodra|Muddy Water|p1b: Bellibolt|[spread] p1a\n|-miss|p2a: Goodra|p1b: Bellibolt\n|-resisted|p1a: Breloom\n|-damage|p1a: Breloom|66\/100\n|move|p1b: Bellibolt|Slack Off|p1b: Bellibolt\n|-heal|p1b: Bellibolt|92\/100\n|\n|-weather|RainDance|[upkeep]\n|-heal|p2a: Goodra|71\/100|[from] item: Leftovers\n|upkeep\n|turn|5\n|inactive|UltimoRyu has 30 seconds left.\n|\n|t:|1682096226\n|move|p1a: Breloom|Mach Punch|p2b: Gyarados\n|-supereffective|p2b: Gyarados\n|-damage|p2b: Gyarados|7\/100\n|-enditem|p2b: Gyarados|Sitrus Berry|[eat]\n|-heal|p2b: Gyarados|32\/100|[from] item: Sitrus Berry\n|move|p2b: Gyarados|Iron Head|p1a: Breloom\n|-damage|p1a: Breloom|0 fnt\n|faint|p1a: Breloom\n|move|p2a: Goodra|Thunder|p1b: Bellibolt\n|-damage|p1b: Bellibolt|58\/100\n|-start|p1b: Bellibolt|Charge|Thunder|[from] ability: Electromorphosis\n|move|p1b: Bellibolt|Tera Blast|p2a: Goodra\n|-supereffective|p2a: Goodra\n|-damage|p2a: Goodra|32\/100\n|\n|-weather|none\n|-heal|p2a: Goodra|38\/100|[from] item: Leftovers\n|upkeep\n|turn|6\n|\n|t:|1682096246\n|move|p2b: Gyarados|Iron Head|p1b: Bellibolt\n|-supereffective|p1b: Bellibolt\n|-damage|p1b: Bellibolt|0 fnt\n|faint|p1b: Bellibolt\n|\n|win|UltimoRyu\n|raw|Flamingwombat1's rating: 1179 → 1155<\/strong> (-24 for losing)\n|raw|UltimoRyu's rating: 1192 → 1216<\/strong> (+24 for winning)\n|l|\u2606Flamingwombat1\n","uploadtime":1682096269,"views":8,"p1id":"flamingwombat1","p2id":"ultimoryu","formatid":"gen9vgc2023regulationc","rating":1155,"private":0,"password":""}