{"id":"gen9vgc2023regulationc-1847396575","p1":"ANTIVALLEY","p2":"Cramsey94","format":"[Gen 9] VGC 2023 Regulation C","log":"|j|\u2606ANTIVALLEY\n|j|\u2606Cramsey94\n|t:|1681950253\n|gametype|doubles\n|player|p1|ANTIVALLEY|penny|1278\n|player|p2|Cramsey94|265|1219\n|teamsize|p1|6\n|teamsize|p2|6\n|gen|9\n|tier|[Gen 9] VGC 2023 Regulation C\n|rated|\n|rule|Species Clause: Limit one of each Pok\u00e9mon\n|rule|Item Clause: Limit one of each item\n|clearpoke\n|poke|p1|Orthworm, L50, F|\n|poke|p1|Dragonite, L50, M|\n|poke|p1|Ting-Lu, L50|\n|poke|p1|Gyarados, L50, M|\n|poke|p1|Flutter Mane, L50|\n|poke|p1|Chien-Pao, L50|\n|poke|p2|Dragonite, L50, F|\n|poke|p2|Chien-Pao, L50|\n|poke|p2|Great Tusk, L50|\n|poke|p2|Flutter Mane, L50|\n|poke|p2|Oranguru, L50, F|\n|poke|p2|Torkoal, L50, F|\n|teampreview|4\n|\n|t:|1681950300\n|start\n|switch|p1a: Ting-Lu|Ting-Lu, L50|100\/100\n|switch|p1b: Orthworm|Orthworm, L50, F|100\/100\n|switch|p2a: Dragonite|Dragonite, L50, F|100\/100\n|switch|p2b: Great Tusk|Great Tusk, L50|100\/100\n|-ability|p1a: Ting-Lu|Vessel of Ruin\n|turn|1\n|\n|t:|1681950332\n|-terastallize|p1a: Ting-Lu|Water\n|move|p2b: Great Tusk|Close Combat|p1a: Ting-Lu\n|-damage|p1a: Ting-Lu|64\/100\n|-unboost|p2b: Great Tusk|def|1\n|-unboost|p2b: Great Tusk|spd|1\n|move|p2a: Dragonite|Low Kick|p1a: Ting-Lu\n|-damage|p1a: Ting-Lu|35\/100\n|move|p1a: Ting-Lu|Earthquake|p2b: Great Tusk|[spread] p2b\n|-immune|p1b: Orthworm|[from] ability: Earth Eater\n|-immune|p2a: Dragonite\n|-damage|p2b: Great Tusk|47\/100\n|move|p1b: Orthworm|Iron Defense|p1b: Orthworm\n|-boost|p1b: Orthworm|def|2\n|\n|upkeep\n|turn|2\n|inactive|Battle timer is ON: inactive players will automatically lose when time's up. (requested by Cramsey94)\n|\n|t:|1681950362\n|switch|p1a: Gyarados|Gyarados, L50, M|100\/100\n|-ability|p1a: Gyarados|Intimidate|boost\n|-unboost|p2a: Dragonite|atk|1\n|-unboost|p2b: Great Tusk|atk|1\n|-terastallize|p2a: Dragonite|Flying\n|move|p2b: Great Tusk|Close Combat|p1b: Orthworm\n|-supereffective|p1b: Orthworm\n|-damage|p1b: Orthworm|73\/100\n|-unboost|p2b: Great Tusk|def|1\n|-unboost|p2b: Great Tusk|spd|1\n|move|p2a: Dragonite|Tera Blast|p1a: Gyarados\n|-damage|p1a: Gyarados|62\/100\n|move|p1b: Orthworm|Heavy Slam|p2a: Dragonite\n|-damage|p2a: Dragonite|94\/100\n|\n|upkeep\n|turn|3\n|inactive|ANTIVALLEY has 30 seconds left.\n|inactive|Cramsey94 has 30 seconds left.\n|inactive|ANTIVALLEY has 20 seconds left.\n|inactive|ANTIVALLEY has 15 seconds left.\n|inactive|ANTIVALLEY has 10 seconds left.\n|\n|t:|1681950408\n|move|p2b: Great Tusk|Close Combat|p1a: Gyarados\n|-resisted|p1a: Gyarados\n|-damage|p1a: Gyarados|41\/100\n|-unboost|p2b: Great Tusk|def|1\n|-unboost|p2b: Great Tusk|spd|1\n|move|p2a: Dragonite|Tera Blast|p1a: Gyarados\n|-damage|p1a: Gyarados|3\/100\n|move|p1a: Gyarados|Thunder Wave|p2a: Dragonite\n|-status|p2a: Dragonite|par\n|-enditem|p2a: Dragonite|Lum Berry|[eat]\n|-curestatus|p2a: Dragonite|par|[msg]\n|move|p1b: Orthworm|Body Press|p2b: Great Tusk\n|-damage|p2b: Great Tusk|0 fnt\n|faint|p2b: Great Tusk\n|-end|p2b: Great Tusk|Protosynthesis|[silent]\n|\n|upkeep\n|\n|t:|1681950427\n|switch|p2b: Chien-Pao|Chien-Pao, L50|100\/100\n|-ability|p2b: Chien-Pao|Sword of Ruin\n|turn|4\n|\n|t:|1681950442\n|move|p2a: Dragonite|Extreme Speed|p1a: Gyarados\n|-damage|p1a: Gyarados|0 fnt\n|faint|p1a: Gyarados\n|move|p2b: Chien-Pao|Sacred Sword|p1b: Orthworm\n|-supereffective|p1b: Orthworm\n|-damage|p1b: Orthworm|6\/100\n|-enditem|p1b: Orthworm|Sitrus Berry|[eat]\n|-heal|p1b: Orthworm|31\/100|[from] item: Sitrus Berry\n|-damage|p2b: Chien-Pao|91\/100|[from] item: Life Orb\n|move|p1b: Orthworm|Body Press|p2b: Chien-Pao\n|-supereffective|p2b: Chien-Pao\n|-damage|p2b: Chien-Pao|0 fnt\n|faint|p2b: Chien-Pao\n|\n|upkeep\n|\n|t:|1681950459\n|switch|p2b: Flutter Mane|Flutter Mane, L50|100\/100\n|switch|p1a: Flutter Mane|Flutter Mane, L50|100\/100\n|-enditem|p2b: Flutter Mane|Booster Energy\n|-activate|p2b: Flutter Mane|ability: Protosynthesis|[fromitem]\n|-start|p2b: Flutter Mane|protosynthesisspe\n|turn|5\n|\n|t:|1681950483\n|move|p2b: Flutter Mane|Shadow Ball|p1a: Flutter Mane\n|-supereffective|p1a: Flutter Mane\n|-crit|p1a: Flutter Mane\n|-damage|p1a: Flutter Mane|0 fnt\n|faint|p1a: Flutter Mane\n|-end|p1a: Flutter Mane|Protosynthesis|[silent]\n|move|p2a: Dragonite|Low Kick|p1b: Orthworm\n|-supereffective|p1b: Orthworm\n|-damage|p1b: Orthworm|12\/100\n|move|p1b: Orthworm|Heavy Slam|p2b: Flutter Mane\n|-supereffective|p2b: Flutter Mane\n|-damage|p2b: Flutter Mane|0 fnt\n|faint|p2b: Flutter Mane\n|-end|p2b: Flutter Mane|Protosynthesis|[silent]\n|\n|upkeep\n|\n|t:|1681950494\n|switch|p1a: Ting-Lu|Ting-Lu, L50, tera:Water|35\/100\n|-ability|p1a: Ting-Lu|Vessel of Ruin\n|turn|6\n|\n|t:|1681950508\n|move|p2a: Dragonite|Low Kick|p1b: Orthworm\n|-supereffective|p1b: Orthworm\n|-damage|p1b: Orthworm|0 fnt\n|faint|p1b: Orthworm\n|move|p1a: Ting-Lu|Rock Slide|p2a: Dragonite\n|-supereffective|p2a: Dragonite\n|-damage|p2a: Dragonite|23\/100\n|\n|upkeep\n|turn|7\n|\n|t:|1681950518\n|move|p2a: Dragonite|Tera Blast|p1a: Ting-Lu\n|-damage|p1a: Ting-Lu|13\/100\n|move|p1a: Ting-Lu|Rock Slide|p2a: Dragonite\n|-supereffective|p2a: Dragonite\n|-damage|p2a: Dragonite|0 fnt\n|faint|p2a: Dragonite\n|\n|win|ANTIVALLEY\n|raw|ANTIVALLEY's rating: 1278 → 1299<\/strong> (+21 for winning)\n|raw|Cramsey94's rating: 1219 → 1198<\/strong> (-21 for losing)\n|l|\u2606Cramsey94\n","uploadtime":1681950534,"views":10,"p1id":"antivalley","p2id":"cramsey94","formatid":"gen9vgc2023regulationc","rating":1198,"private":0,"password":""}