{"id":"gen9vgc2023regulationc-1850687946","p1":"Goozy Goobler","p2":"cps annie","format":"[Gen 9] VGC 2023 Regulation C","log":"|j|\u2606Goozy Goobler\n|j|\u2606cps annie\n|t:|1682359212\n|gametype|doubles\n|player|p1|Goozy Goobler|swimmer-gen4dp|1143\n|player|p2|cps annie|will|1222\n|teamsize|p1|6\n|teamsize|p2|6\n|gen|9\n|tier|[Gen 9] VGC 2023 Regulation C\n|rated|\n|rule|Species Clause: Limit one of each Pok\u00e9mon\n|rule|Item Clause: Limit one of each item\n|clearpoke\n|poke|p1|Skeledirge, L50, M|\n|poke|p1|Bombirdier, L50, M|\n|poke|p1|Greedent, L50, M|\n|poke|p1|Flutter Mane, L50|\n|poke|p1|Garganacl, L50, M|\n|poke|p1|Toedscool, L50, M|\n|poke|p2|Dragonite, L50, M|\n|poke|p2|Chien-Pao, L50|\n|poke|p2|Gholdengo, L50|\n|poke|p2|Chi-Yu, L50|\n|poke|p2|Iron Bundle, L50|\n|poke|p2|Iron Hands, L50|\n|teampreview|4\n|inactive|Battle timer is ON: inactive players will automatically lose when time's up. (requested by Goozy Goobler)\nGoozy Goobler rejected open team sheets.\n|c|\u2606cps annie|What?\n|inactive|Goozy Goobler has 60 seconds left.\n|c|\u2606Goozy Goobler|what?\n|inactive|Goozy Goobler has 30 seconds left.\n|\n|t:|1682359278\n|start\n|switch|p1a: Garganacl|Garganacl, L50, M|100\/100\n|switch|p1b: Flutter Mane|Flutter Mane, L50|100\/100\n|switch|p2a: Iron Hands|Iron Hands, L50, shiny|100\/100\n|switch|p2b: Chien-Pao|Chien-Pao, L50|100\/100\n|-ability|p2b: Chien-Pao|Sword of Ruin\n|-enditem|p1b: Flutter Mane|Booster Energy\n|-activate|p1b: Flutter Mane|ability: Protosynthesis|[fromitem]\n|-start|p1b: Flutter Mane|protosynthesisspe\n|turn|1\n|c|\u2606cps annie|Troll team?\n|c|\u2606Goozy Goobler|nah\n|c|\u2606Goozy Goobler|thats insulting\n|inactive|cps annie has 30 seconds left.\n|inactive|cps annie has 20 seconds left.\n|inactive|cps annie has 15 seconds left.\n|\n|t:|1682359319\n|-terastallize|p1a: Garganacl|Fighting\n|move|p1b: Flutter Mane|Protect|p1b: Flutter Mane\n|-singleturn|p1b: Flutter Mane|Protect\n|move|p2a: Iron Hands|Fake Out|p1a: Garganacl\n|-damage|p1a: Garganacl|89\/100\n|-damage|p2a: Iron Hands|84\/100|[from] item: Rocky Helmet|[of] p1a: Garganacl\n|move|p2b: Chien-Pao|Ice Spinner|p1b: Flutter Mane\n|-activate|p1b: Flutter Mane|move: Protect\n|cant|p1a: Garganacl|flinch\n|\n|upkeep\n|turn|2\n|inactive|cps annie has 30 seconds left.\n|c|\u2606cps annie|Hahahaha\n|inactive|cps annie has 20 seconds left.\n|inactive|cps annie has 15 seconds left.\n|inactive|cps annie has 10 seconds left.\n|\n|t:|1682359368\n|-terastallize|p2a: Iron Hands|Fire\n|move|p2b: Chien-Pao|Protect|p2b: Chien-Pao\n|-singleturn|p2b: Chien-Pao|Protect\n|move|p1b: Flutter Mane|Dazzling Gleam|p2a: Iron Hands|[spread] p2a\n|-activate|p2b: Chien-Pao|move: Protect\n|-resisted|p2a: Iron Hands\n|-damage|p2a: Iron Hands|76\/100\n|move|p2a: Iron Hands|Fire Punch|p1b: Flutter Mane\n|-damage|p1b: Flutter Mane|0 fnt\n|faint|p1b: Flutter Mane\n|-end|p1b: Flutter Mane|Protosynthesis|[silent]\n|move|p1a: Garganacl|Body Press|p2b: Chien-Pao\n|-activate|p2b: Chien-Pao|move: Protect\n|\n|upkeep\n|\n|t:|1682359380\n|switch|p1b: Skeledirge|Skeledirge, L50, M|100\/100\n|turn|3\n|inactive|cps annie has 30 seconds left.\n|\n|t:|1682359412\n|switch|p1b: Greedent|Greedent, L50, M|100\/100\n|move|p2b: Chien-Pao|Protect||[still]\n|-fail|p2b: Chien-Pao\n|move|p2a: Iron Hands|Wild Charge|p1b: Greedent\n|-crit|p1b: Greedent\n|-damage|p1b: Greedent|31\/100\n|-damage|p2a: Iron Hands|62\/100|[from] Recoil\n|move|p1a: Garganacl|Body Press|p2b: Chien-Pao\n|-supereffective|p2b: Chien-Pao\n|-enditem|p2b: Chien-Pao|Focus Sash\n|-damage|p2b: Chien-Pao|1\/100\n|\n|upkeep\n|turn|4\n|inactive|cps annie has 30 seconds left.\n|\n|t:|1682359441\n|move|p1a: Garganacl|Wide Guard|p1a: Garganacl\n|-singleturn|p1a: Garganacl|Wide Guard\n|move|p2b: Chien-Pao|Ice Spinner|p1a: Garganacl\n|-damage|p1a: Garganacl|60\/100\n|-damage|p2b: Chien-Pao|0 fnt|[from] item: Rocky Helmet|[of] p1a: Garganacl\n|faint|p2b: Chien-Pao\n|move|p2a: Iron Hands|Wild Charge|p1b: Greedent\n|-damage|p1b: Greedent|0 fnt\n|faint|p1b: Greedent\n|-damage|p2a: Iron Hands|56\/100|[from] Recoil\n|\n|upkeep\n|inactive|cps annie has 30 seconds left.\n|\n|t:|1682359468\n|switch|p2b: Chi-Yu|Chi-Yu, L50|100\/100\n|switch|p1b: Skeledirge|Skeledirge, L50, M|100\/100\n|-ability|p2b: Chi-Yu|Beads of Ruin\n|turn|5\n|\n|t:|1682359483\n|move|p2b: Chi-Yu|Dark Pulse|p1b: Skeledirge\n|-supereffective|p1b: Skeledirge\n|-damage|p1b: Skeledirge|9\/100\n|move|p1b: Skeledirge|Earth Power|p2a: Iron Hands\n|-supereffective|p2a: Iron Hands\n|-damage|p2a: Iron Hands|13\/100\n|move|p2a: Iron Hands|Wild Charge|p1a: Garganacl\n|-damage|p1a: Garganacl|35\/100\n|-damage|p2a: Iron Hands|0 fnt|[from] item: Rocky Helmet|[of] p1a: Garganacl\n|faint|p2a: Iron Hands\n|-end|p2a: Iron Hands|Quark Drive|[silent]\n|move|p1a: Garganacl|Salt Cure|p2b: Chi-Yu\n|-supereffective|p2b: Chi-Yu\n|-damage|p2b: Chi-Yu|50\/100\n|-start|p2b: Chi-Yu|Salt Cure\n|\n|-damage|p2b: Chi-Yu|38\/100|[from] Salt Cure\n|upkeep\n|\n|t:|1682359501\n|switch|p2a: Gholdengo|Gholdengo, L50|100\/100\n|turn|6\n|\n|t:|1682359510\n|move|p2a: Gholdengo|Protect|p2a: Gholdengo\n|-singleturn|p2a: Gholdengo|Protect\n|move|p2b: Chi-Yu|Dark Pulse|p1b: Skeledirge\n|-supereffective|p1b: Skeledirge\n|-damage|p1b: Skeledirge|0 fnt\n|faint|p1b: Skeledirge\n|move|p1a: Garganacl|Recover|p1a: Garganacl\n|-heal|p1a: Garganacl|85\/100\n|\n|-damage|p2b: Chi-Yu|26\/100|[from] Salt Cure\n|upkeep\n|turn|7\n|\n|t:|1682359526\n|move|p2b: Chi-Yu|Dark Pulse|p1a: Garganacl\n|-resisted|p1a: Garganacl\n|-damage|p1a: Garganacl|53\/100\n|move|p2a: Gholdengo|Nasty Plot|p2a: Gholdengo\n|-boost|p2a: Gholdengo|spa|2\n|move|p1a: Garganacl|Salt Cure|p2a: Gholdengo\n|-resisted|p2a: Gholdengo\n|-damage|p2a: Gholdengo|93\/100\n|-start|p2a: Gholdengo|Salt Cure\n|\n|-heal|p2a: Gholdengo|99\/100|[from] item: Leftovers\n|-damage|p2b: Chi-Yu|13\/100|[from] Salt Cure\n|-damage|p2a: Gholdengo|75\/100|[from] Salt Cure\n|upkeep\n|turn|8\n|c|\u2606Goozy Goobler|gg\n|\n|t:|1682359542\n|move|p2b: Chi-Yu|Dark Pulse|p1a: Garganacl\n|-resisted|p1a: Garganacl\n|-damage|p1a: Garganacl|25\/100\n|move|p2a: Gholdengo|Shadow Ball|p1a: Garganacl\n|-damage|p1a: Garganacl|0 fnt\n|faint|p1a: Garganacl\n|\n|win|cps annie\n|raw|Goozy Goobler's rating: 1143 → 1124<\/strong> (-19 for losing)\n|raw|cps annie's rating: 1222 → 1241<\/strong> (+19 for winning)\n|l|\u2606Goozy Goobler\n","uploadtime":1682359689,"views":17,"p1id":"goozygoobler","p2id":"cpsannie","formatid":"gen9vgc2023regulationc","rating":1124,"private":0,"password":""}