{"id":"gen9vgc2023regulationc-1859344046","p1":"tuberdum","p2":"Topperlecat","format":"[Gen 9] VGC 2023 Regulation C","log":"|j|\u2606tuberdum\n|j|\u2606Topperlecat\n|t:|1683441547\n|gametype|doubles\n|player|p1|tuberdum|170|1042\n|player|p2|Topperlecat|n|1000\n|teamsize|p1|6\n|teamsize|p2|6\n|gen|9\n|tier|[Gen 9] VGC 2023 Regulation C\n|rated|\n|rule|Species Clause: Limit one of each Pok\u00e9mon\n|rule|Item Clause: Limit one of each item\n|clearpoke\n|poke|p1|Gholdengo, L50|\n|poke|p1|Dragonite, L50, F|\n|poke|p1|Chi-Yu, L50|\n|poke|p1|Palafin, L50, M|\n|poke|p1|Amoonguss, L50, M|\n|poke|p1|Iron Hands, L50|\n|poke|p2|Gastrodon-East, L50, M|\n|poke|p2|Iron Bundle, L50|\n|poke|p2|Indeedee-F, L50, F|\n|poke|p2|Ceruledge, L50, F|\n|poke|p2|Ting-Lu, L50|\n|poke|p2|Flutter Mane, L50|\n|teampreview|4\n|inactive|Battle timer is ON: inactive players will automatically lose when time's up. (requested by tuberdum)\n|c|\u2606Topperlecat|Glhf\nTopperlecat has agreed to open team sheets.\n|inactive|Topperlecat has 60 seconds left.\n|\n|t:|1683441584\n|start\n|switch|p1a: Palafin|Palafin, L50, M|100\/100\n|switch|p1b: Gholdengo|Gholdengo, L50|100\/100\n|switch|p2a: THE GOAT|Ting-Lu, L50|100\/100\n|switch|p2b: wombo combo|Ceruledge, L50, F|100\/100\n|-ability|p2a: THE GOAT|Vessel of Ruin\n|turn|1\n|inactive|tuberdum has 30 seconds left.\n|\n|t:|1683441611\n|detailschange|p1a: Palafin|Palafin-Hero, L50, M\n|switch|p1a: Iron Hands|Iron Hands, L50|100\/100\n|switch|p2b: brbrbrbrbr|Gastrodon-East, L50, M|100\/100\n|move|p1b: Gholdengo|Protect|p1b: Gholdengo\n|-singleturn|p1b: Gholdengo|Protect\n|move|p2a: THE GOAT|Stomping Tantrum|p1b: Gholdengo\n|-activate|p1b: Gholdengo|move: Protect\n|\n|upkeep\n|turn|2\n|inactive|tuberdum has 30 seconds left.\n|inactive|Topperlecat has 30 seconds left.\n|\n|t:|1683441643\n|switch|p1b: Palafin|Palafin-Hero, L50, M|100\/100\n|-activate|p1b: Palafin|ability: Zero to Hero\n|-terastallize|p1a: Iron Hands|Fighting\n|move|p1a: Iron Hands|Drain Punch|p2a: THE GOAT\n|-supereffective|p2a: THE GOAT\n|-damage|p2a: THE GOAT|29\/100\n|move|p2a: THE GOAT|Stomping Tantrum|p1b: Palafin\n|-damage|p1b: Palafin|63\/100\n|move|p2b: brbrbrbrbr|Earth Power|p1b: Palafin\n|-damage|p1b: Palafin|35\/100\n|\n|-heal|p2a: THE GOAT|35\/100|[from] item: Leftovers\n|upkeep\n|turn|3\n|inactive|Topperlecat has 30 seconds left.\n|\n|t:|1683441674\n|move|p1b: Palafin|Protect|p1b: Palafin\n|-singleturn|p1b: Palafin|Protect\n|move|p2a: THE GOAT|Protect|p2a: THE GOAT\n|-singleturn|p2a: THE GOAT|Protect\n|move|p1a: Iron Hands|Drain Punch|p2a: THE GOAT\n|-activate|p2a: THE GOAT|move: Protect\n|move|p2b: brbrbrbrbr|Earth Power|p1b: Palafin\n|-activate|p1b: Palafin|move: Protect\n|\n|-heal|p2a: THE GOAT|41\/100|[from] item: Leftovers\n|upkeep\n|turn|4\n|inactive|tuberdum has 30 seconds left.\n|\n|t:|1683441701\n|switch|p1b: Amoonguss|Amoonguss, L50, M|100\/100\n|switch|p2a: wombo combo|Ceruledge, L50, F|100\/100\n|-singleturn|p1a: Iron Hands|move: Focus Punch\n|move|p2b: brbrbrbrbr|Yawn|p1a: Iron Hands\n|-start|p1a: Iron Hands|move: Yawn|[of] p2b: brbrbrbrbr\n|move|p1a: Iron Hands|Focus Punch|p2b: brbrbrbrbr\n|-damage|p2b: brbrbrbrbr|0 fnt\n|faint|p2b: brbrbrbrbr\n|\n|upkeep\n|inactive|Topperlecat has 30 seconds left.\n|inactive|Topperlecat has 20 seconds left.\n|inactive|Topperlecat has 15 seconds left.\n|\n|t:|1683441744\n|switch|p2b: happy feet|Iron Bundle, L50|100\/100\n|turn|5\n|\n|t:|1683441764\n|-terastallize|p2a: wombo combo|Grass\n|move|p2b: happy feet|Freeze-Dry|p1a: Iron Hands\n|-damage|p1a: Iron Hands|80\/100\n|move|p2a: wombo combo|Bitter Blade|p1b: Amoonguss\n|-supereffective|p1b: Amoonguss\n|-damage|p1b: Amoonguss|16\/100\n|-enditem|p1b: Amoonguss|Aguav Berry|[eat]\n|-heal|p1b: Amoonguss|49\/100|[from] item: Aguav Berry\n|move|p1a: Iron Hands|Thunder Punch|p2b: happy feet\n|-supereffective|p2b: happy feet\n|-enditem|p2b: happy feet|Focus Sash\n|-damage|p2b: happy feet|1\/100\n|move|p1b: Amoonguss|Spore|p2a: wombo combo\n|-immune|p2a: wombo combo\n|\n|-end|p1a: Iron Hands|move: Yawn|[silent]\n|-status|p1a: Iron Hands|slp\n|upkeep\n|turn|6\n|inactive|tuberdum has 30 seconds left.\n|inactive|Topperlecat has 30 seconds left.\n|\n|t:|1683441792\n|switch|p1b: Palafin|Palafin-Hero, L50, M|35\/100\n|move|p2b: happy feet|Hydro Pump|p1a: Iron Hands\n|-damage|p1a: Iron Hands|42\/100 slp\n|move|p2a: wombo combo|Bitter Blade|p1b: Palafin\n|-resisted|p1b: Palafin\n|-damage|p1b: Palafin|15\/100\n|cant|p1a: Iron Hands|slp\n|\n|upkeep\n|turn|7\n|\n|t:|1683441808\n|move|p2b: happy feet|Protect|p2b: happy feet\n|-singleturn|p2b: happy feet|Protect\n|move|p1b: Palafin|Jet Punch|p2b: happy feet\n|-activate|p2b: happy feet|move: Protect\n|move|p2a: wombo combo|Tera Blast|p1b: Palafin\n|-supereffective|p1b: Palafin\n|-damage|p1b: Palafin|0 fnt\n|faint|p1b: Palafin\n|cant|p1a: Iron Hands|slp\n|\n|upkeep\n|\n|t:|1683441818\n|switch|p1b: Amoonguss|Amoonguss, L50, M|49\/100\n|turn|8\n|\n|t:|1683441836\n|move|p2b: happy feet|Hydro Pump|p1a: Iron Hands\n|-damage|p1a: Iron Hands|9\/100 slp\n|move|p2a: wombo combo|Bitter Blade|p1b: Amoonguss\n|-supereffective|p1b: Amoonguss\n|-damage|p1b: Amoonguss|0 fnt\n|faint|p1b: Amoonguss\n|cant|p1a: Iron Hands|slp\n|\n|upkeep\n|\n|t:|1683441840\n|switch|p1b: Gholdengo|Gholdengo, L50|100\/100\n|turn|9\n|\n|t:|1683441853\n|move|p2b: happy feet|Freeze-Dry|p1a: Iron Hands\n|-damage|p1a: Iron Hands|0 fnt\n|faint|p1a: Iron Hands\n|-end|p1a: Iron Hands|Quark Drive|[silent]\n|move|p1b: Gholdengo|Make It Rain|p2a: wombo combo|[spread] p2a,p2b\n|-damage|p2a: wombo combo|65\/100\n|-damage|p2b: happy feet|0 fnt\n|-unboost|p1b: Gholdengo|spa|1\n|faint|p2b: happy feet\n|-end|p2b: happy feet|Quark Drive|[silent]\n|-damage|p1b: Gholdengo|91\/100|[from] item: Life Orb\n|move|p2a: wombo combo|Bitter Blade|p1b: Gholdengo\n|-supereffective|p1b: Gholdengo\n|-damage|p1b: Gholdengo|5\/100\n|-heal|p2a: wombo combo|100\/100|[from] drain|[of] p1b: Gholdengo\n|\n|upkeep\n|\n|t:|1683441870\n|switch|p2b: THE GOAT|Ting-Lu, L50|41\/100\n|-ability|p2b: THE GOAT|Vessel of Ruin\n|turn|10\n|\n|t:|1683441875\n|move|p1b: Gholdengo|Make It Rain|p2a: wombo combo|[spread] p2a,p2b\n|-damage|p2a: wombo combo|81\/100\n|-damage|p2b: THE GOAT|20\/100\n|-unboost|p1b: Gholdengo|spa|1\n|-damage|p1b: Gholdengo|0 fnt|[from] item: Life Orb\n|faint|p1b: Gholdengo\n|\n|win|Topperlecat\n|raw|tuberdum's rating: 1042 → 1036<\/strong> (-6 for losing)\n|raw|Topperlecat's rating: 1284 → 1294<\/strong> (+10 for winning)\n|l|\u2606tuberdum\n","uploadtime":1683441899,"views":10,"p1id":"tuberdum","p2id":"topperlecat","formatid":"gen9vgc2023regulationc","rating":1036,"private":0,"password":""}