{"id":"gen9vgc2023regulationc-1853197199","p1":"gGusto","p2":"GholDenko","format":"[Gen 9] VGC 2023 Regulation C","log":"|j|\u2606gGusto\n|j|\u2606GholDenko\n|t:|1682647318\n|gametype|doubles\n|player|p1|gGusto|265|\n|player|p2|GholDenko|drayden|\n|teamsize|p1|6\n|teamsize|p2|6\n|gen|9\n|tier|[Gen 9] VGC 2023 Regulation C\n|rule|Species Clause: Limit one of each Pok\u00e9mon\n|rule|Item Clause: Limit one of each item\n|clearpoke\n|poke|p1|Ting-Lu, L50|\n|poke|p1|Umbreon, L50, M|\n|poke|p1|Cetitan, L50, F|\n|poke|p1|Arcanine, L50, M|\n|poke|p1|Azumarill, L50, F|\n|poke|p1|Arboliva, L50, M|\n|poke|p2|Maushold, L50|\n|poke|p2|Skeledirge, L50, F|\n|poke|p2|Dunsparce, L50, M|\n|poke|p2|Gogoat, L50, F|\n|poke|p2|Staraptor, L50, M|\n|poke|p2|Slowking, L50, M|\n|teampreview|4\n|inactive|Battle timer is ON: inactive players will automatically lose when time's up. (requested by gGusto)\n|inactive|GholDenko also wants the timer to be on.\n|inactive|gGusto no longer wants the timer on, but the timer is staying on because gholdenko still does.\n|c|\u2606GholDenko|G3\nGholDenko has agreed to open team sheets.\n|c|\u2606GholDenko|no do not accept OTS, oops\ngGusto rejected open team sheets.\n|inactive|gGusto has 60 seconds left.\n|inactive|GholDenko has 60 seconds left.\n|inactiveoff|Battle timer is now OFF.\n|c|\u2606gGusto|glhf\n|c|\u2606GholDenko|u2!\n|\n|t:|1682648464\n|start\n|switch|p1a: Arcanine|Arcanine, L50, M|100\/100\n|switch|p1b: Azumarill|Azumarill, L50, F|100\/100\n|switch|p2a: Maushold|Maushold, L50|100\/100\n|switch|p2b: Staraptor|Staraptor, L50, M|100\/100\n|-ability|p2b: Staraptor|Intimidate|boost\n|-unboost|p1a: Arcanine|atk|1\n|-unboost|p1b: Azumarill|atk|1\n|-ability|p1a: Arcanine|Intimidate|boost\n|-unboost|p2a: Maushold|atk|1\n|-unboost|p2b: Staraptor|atk|1\n|turn|1\n|\n|t:|1682648489\n|move|p2a: Maushold|Protect|p2a: Maushold\n|-singleturn|p2a: Maushold|Protect\n|move|p2b: Staraptor|U-turn|p1a: Arcanine\n|-resisted|p1a: Arcanine\n|-damage|p1a: Arcanine|93\/100\n|\n|t:|1682648496\n|switch|p2b: Slowking|Slowking, L50, M|100\/100|[from] U-turn\n|move|p1a: Arcanine|Howl|p1a: Arcanine|[spread] p1a,p1b\n|-boost|p1a: Arcanine|atk|1\n|-boost|p1b: Azumarill|atk|1\n|move|p1b: Azumarill|Liquidation|p2b: Slowking\n|-resisted|p2b: Slowking\n|-crit|p2b: Slowking\n|-damage|p2b: Slowking|66\/100\n|\n|-heal|p2b: Slowking|72\/100|[from] item: Leftovers\n|upkeep\n|turn|2\n|\n|t:|1682648516\n|switch|p1a: Umbreon|Umbreon, L50, M|100\/100\n|-terastallize|p1b: Azumarill|Water\n|move|p2a: Maushold|Follow Me|p2a: Maushold\n|-singleturn|p2a: Maushold|move: Follow Me\n|move|p1b: Azumarill|Liquidation|p2a: Maushold\n|-enditem|p2a: Maushold|Focus Sash\n|-damage|p2a: Maushold|1\/100\n|move|p2b: Slowking|Chilling Water|p1a: Umbreon\n|-damage|p1a: Umbreon|88\/100\n|-unboost|p1a: Umbreon|atk|1\n|\n|-heal|p1a: Umbreon|94\/100|[from] item: Leftovers\n|-heal|p2b: Slowking|78\/100|[from] item: Leftovers\n|upkeep\n|turn|3\n|\n|t:|1682648539\n|switch|p2a: Gogoat|Gogoat, L50, F|100\/100\n|move|p1a: Umbreon|Taunt|p2b: Slowking\n|-start|p2b: Slowking|move: Taunt\n|move|p1b: Azumarill|Liquidation|p2a: Gogoat\n|-resisted|p2a: Gogoat\n|-damage|p2a: Gogoat|50\/100\n|move|p2b: Slowking|Chilling Water|p1b: Azumarill\n|-resisted|p1b: Azumarill\n|-damage|p1b: Azumarill|91\/100\n|-unboost|p1b: Azumarill|atk|1\n|\n|-heal|p1a: Umbreon|99\/100|[from] item: Leftovers\n|-heal|p2b: Slowking|84\/100|[from] item: Leftovers\n|upkeep\n|turn|4\n|\n|t:|1682648586\n|switch|p1b: Arcanine|Arcanine, L50, M|93\/100\n|-ability|p1b: Arcanine|Intimidate|boost\n|-fail|p2a: Gogoat|unboost|[from] item: Clear Amulet|[of] p2a: Gogoat\n|-unboost|p2b: Slowking|atk|1\n|move|p1a: Umbreon|Yawn|p2b: Slowking\n|-start|p2b: Slowking|move: Yawn|[of] p1a: Umbreon\n|move|p2a: Gogoat|Milk Drink|p2a: Gogoat\n|-heal|p2a: Gogoat|99\/100\n|move|p2b: Slowking|Chilling Water|p1b: Arcanine\n|-supereffective|p1b: Arcanine\n|-damage|p1b: Arcanine|59\/100\n|-unboost|p1b: Arcanine|atk|1\n|\n|-heal|p1a: Umbreon|100\/100|[from] item: Leftovers\n|-heal|p2b: Slowking|90\/100|[from] item: Leftovers\n|upkeep\n|turn|5\n|\n|t:|1682648654\n|switch|p1b: Cetitan|Cetitan, L50, F|100\/100\n|switch|p2a: Staraptor|Staraptor, L50, M|100\/100\n|-ability|p2a: Staraptor|Intimidate|boost\n|-unboost|p1a: Umbreon|atk|1\n|-unboost|p1b: Cetitan|atk|1\n|switch|p2b: Maushold|Maushold, L50|1\/100\n|move|p1a: Umbreon|Taunt|p2a: Staraptor\n|-start|p2a: Staraptor|move: Taunt\n|\n|upkeep\n|turn|6\n|\n|t:|1682648678\n|switch|p2a: Slowking|Slowking, L50, M|100\/100\n|switch|p1b: Azumarill|Azumarill, L50, F, tera:Water|91\/100\n|move|p2b: Maushold|Encore|p1a: Umbreon\n|-start|p1a: Umbreon|Encore\n|move|p1a: Umbreon|Taunt|p2b: Maushold\n|-start|p2b: Maushold|move: Taunt\n|\n|upkeep\n|turn|7\n|\n|t:|1682648696\n|switch|p2b: Gogoat|Gogoat, L50, F|99\/100\n|move|p1a: Umbreon|Taunt|p2a: Slowking\n|-start|p2a: Slowking|move: Taunt\n|move|p1b: Azumarill|Play Rough|p2a: Slowking\n|-damage|p2a: Slowking|35\/100\n|move|p2a: Slowking|Chilling Water|p1b: Azumarill\n|-resisted|p1b: Azumarill\n|-damage|p1b: Azumarill|82\/100\n|-unboost|p1b: Azumarill|atk|1\n|\n|-heal|p2a: Slowking|41\/100|[from] item: Leftovers\n|upkeep\n|turn|8\n|\n|t:|1682648730\n|switch|p2a: Staraptor|Staraptor, L50, M|100\/100\n|-ability|p2a: Staraptor|Intimidate|boost\n|-unboost|p1a: Umbreon|atk|1\n|-unboost|p1b: Azumarill|atk|1\n|move|p1a: Umbreon|Taunt|p2b: Gogoat\n|-start|p2b: Gogoat|move: Taunt\n|move|p2b: Gogoat|Trailblaze|p1b: Azumarill\n|-supereffective|p1b: Azumarill\n|-damage|p1b: Azumarill|39\/100\n|-boost|p2b: Gogoat|spe|1\n|move|p1b: Azumarill|Play Rough|p2a: Staraptor\n|-damage|p2a: Staraptor|49\/100\n|\n|-end|p1a: Umbreon|Encore\n|upkeep\n|turn|9\n|\n|t:|1682648753\n|switch|p1b: Arcanine|Arcanine, L50, M|59\/100\n|-ability|p1b: Arcanine|Intimidate|boost\n|-unboost|p2a: Staraptor|atk|1\n|-fail|p2b: Gogoat|unboost|[from] item: Clear Amulet|[of] p2b: Gogoat\n|move|p2a: Staraptor|U-turn|p1a: Umbreon\n|-supereffective|p1a: Umbreon\n|-damage|p1a: Umbreon|81\/100\n|\n|t:|1682648763\n|switch|p2a: Slowking|Slowking, L50, M|74\/100|[from] U-turn\n|move|p2b: Gogoat|Trailblaze|p1b: Arcanine\n|-resisted|p1b: Arcanine\n|-damage|p1b: Arcanine|47\/100\n|-boost|p2b: Gogoat|spe|1\n|move|p1a: Umbreon|Foul Play|p2a: Slowking\n|-supereffective|p2a: Slowking\n|-damage|p2a: Slowking|44\/100\n|\n|-heal|p1a: Umbreon|87\/100|[from] item: Leftovers\n|-heal|p2a: Slowking|50\/100|[from] item: Leftovers\n|upkeep\n|turn|10\n|\n|t:|1682648795\n|-terastallize|p2b: Gogoat|Water\n|move|p2b: Gogoat|Horn Leech|p1b: Arcanine\n|-resisted|p1b: Arcanine\n|-damage|p1b: Arcanine|30\/100\n|-heal|p2b: Gogoat|100\/100|[from] drain|[of] p1b: Arcanine\n|move|p1b: Arcanine|Flare Blitz|p2b: Gogoat\n|-resisted|p2b: Gogoat\n|-damage|p2b: Gogoat|78\/100\n|-status|p2b: Gogoat|brn\n|-damage|p1b: Arcanine|21\/100|[from] Recoil\n|move|p1a: Umbreon|Foul Play|p2b: Gogoat\n|-damage|p2b: Gogoat|40\/100 brn\n|move|p2a: Slowking|Chilling Water|p1b: Arcanine\n|-supereffective|p1b: Arcanine\n|-damage|p1b: Arcanine|0 fnt\n|faint|p1b: Arcanine\n|\n|-heal|p1a: Umbreon|93\/100|[from] item: Leftovers\n|-heal|p2a: Slowking|56\/100|[from] item: Leftovers\n|-damage|p2b: Gogoat|34\/100 brn|[from] brn\n|-end|p2b: Gogoat|move: Taunt\n|upkeep\n|\n|t:|1682648812\n|switch|p1b: Cetitan|Cetitan, L50, F|100\/100\n|turn|11\n|\n|t:|1682648830\n|move|p2b: Gogoat|Milk Drink|p2b: Gogoat\n|-heal|p2b: Gogoat|84\/100 brn\n|move|p1b: Cetitan|Ice Spinner|p2a: Slowking\n|-resisted|p2a: Slowking\n|-damage|p2a: Slowking|42\/100\n|move|p1a: Umbreon|Foul Play|p2b: Gogoat\n|-damage|p2b: Gogoat|42\/100 brn\n|move|p2a: Slowking|Chilling Water|p1b: Cetitan\n|-damage|p1b: Cetitan|91\/100\n|-unboost|p1b: Cetitan|atk|1\n|\n|-heal|p1a: Umbreon|99\/100|[from] item: Leftovers\n|-heal|p2a: Slowking|48\/100|[from] item: Leftovers\n|-damage|p2b: Gogoat|36\/100 brn|[from] brn\n|upkeep\n|turn|12\n|\n|t:|1682648860\n|move|p2b: Gogoat|Milk Drink|p2b: Gogoat\n|-heal|p2b: Gogoat|86\/100 brn\n|move|p1b: Cetitan|Superpower|p2b: Gogoat\n|-damage|p2b: Gogoat|58\/100 brn\n|-unboost|p1b: Cetitan|atk|1\n|-unboost|p1b: Cetitan|def|1\n|move|p1a: Umbreon|Foul Play|p2b: Gogoat\n|-damage|p2b: Gogoat|15\/100 brn\n|move|p2a: Slowking|Chilling Water|p1b: Cetitan\n|-damage|p1b: Cetitan|80\/100\n|-unboost|p1b: Cetitan|atk|1\n|\n|-heal|p1a: Umbreon|100\/100|[from] item: Leftovers\n|-heal|p2a: Slowking|54\/100|[from] item: Leftovers\n|-damage|p2b: Gogoat|9\/100 brn|[from] brn\n|upkeep\n|turn|13\n|\n|t:|1682648905\n|move|p2b: Gogoat|Milk Drink|p2b: Gogoat\n|-heal|p2b: Gogoat|59\/100 brn\n|move|p1b: Cetitan|Ice Spinner|p2b: Gogoat\n|-resisted|p2b: Gogoat\n|-damage|p2b: Gogoat|51\/100 brn\n|move|p1a: Umbreon|Taunt|p2b: Gogoat\n|-start|p2b: Gogoat|move: Taunt\n|move|p2a: Slowking|Chilling Water|p1b: Cetitan\n|-damage|p1b: Cetitan|69\/100\n|-unboost|p1b: Cetitan|atk|1\n|\n|-heal|p2a: Slowking|60\/100|[from] item: Leftovers\n|-damage|p2b: Gogoat|45\/100 brn|[from] brn\n|upkeep\n|turn|14\n|\n|t:|1682648926\n|move|p2b: Gogoat|Horn Leech|p1b: Cetitan\n|-damage|p1b: Cetitan|45\/100\n|-heal|p2b: Gogoat|59\/100 brn|[from] drain|[of] p1b: Cetitan\n|move|p1b: Cetitan|Ice Spinner|p2a: Slowking\n|-resisted|p2a: Slowking\n|-damage|p2a: Slowking|55\/100\n|move|p1a: Umbreon|Foul Play|p2b: Gogoat\n|-damage|p2b: Gogoat|20\/100 brn\n|move|p2a: Slowking|Chilling Water|p1b: Cetitan\n|-damage|p1b: Cetitan|33\/100\n|-unboost|p1b: Cetitan|atk|1\n|\n|-heal|p2a: Slowking|61\/100|[from] item: Leftovers\n|-damage|p2b: Gogoat|14\/100 brn|[from] brn\n|upkeep\n|turn|15\n|\n|t:|1682648953\n|switch|p2b: Staraptor|Staraptor, L50, M|49\/100\n|-ability|p2b: Staraptor|Intimidate|boost\n|-unboost|p1a: Umbreon|atk|1\n|-unboost|p1b: Cetitan|atk|1\n|move|p1b: Cetitan|Ice Spinner|p2a: Slowking\n|-resisted|p2a: Slowking\n|-damage|p2a: Slowking|57\/100\n|move|p1a: Umbreon|Foul Play|p2b: Staraptor\n|-damage|p2b: Staraptor|0 fnt\n|faint|p2b: Staraptor\n|move|p2a: Slowking|Chilling Water|p1b: Cetitan\n|-damage|p1b: Cetitan|22\/100\n|\n|-heal|p2a: Slowking|63\/100|[from] item: Leftovers\n|upkeep\n|\n|t:|1682648971\n|switch|p2b: Maushold|Maushold, L50|1\/100\n|turn|16\n|\n|t:|1682648981\n|move|p2b: Maushold|Protect|p2b: Maushold\n|-singleturn|p2b: Maushold|Protect\n|move|p1b: Cetitan|Ice Spinner|p2a: Slowking\n|-resisted|p2a: Slowking\n|-damage|p2a: Slowking|61\/100\n|move|p1a: Umbreon|Foul Play|p2b: Maushold\n|-activate|p2b: Maushold|move: Protect\n|move|p2a: Slowking|Calm Mind|p2a: Slowking\n|-boost|p2a: Slowking|spa|1\n|-boost|p2a: Slowking|spd|1\n|\n|-heal|p2a: Slowking|67\/100|[from] item: Leftovers\n|upkeep\n|turn|17\n|\n|t:|1682649023\n|move|p2b: Maushold|Protect||[still]\n|-fail|p2b: Maushold\n|move|p1b: Cetitan|Ice Shard|p2b: Maushold\n|-damage|p2b: Maushold|0 fnt\n|faint|p2b: Maushold\n|move|p1a: Umbreon|Taunt|p2a: Slowking\n|-start|p2a: Slowking|move: Taunt\n|move|p2a: Slowking|Chilling Water|p1b: Cetitan\n|-damage|p1b: Cetitan|7\/100\n|\n|-heal|p2a: Slowking|73\/100|[from] item: Leftovers\n|upkeep\n|\n|t:|1682649034\n|switch|p2b: Gogoat|Gogoat, L50, F, tera:Water|14\/100 brn\n|turn|18\n|\n|t:|1682649045\n|move|p1b: Cetitan|Ice Spinner|p2b: Gogoat\n|-resisted|p2b: Gogoat\n|-damage|p2b: Gogoat|9\/100 brn\n|move|p1a: Umbreon|Taunt|p2b: Gogoat\n|-start|p2b: Gogoat|move: Taunt\n|cant|p2b: Gogoat|move: Taunt|Milk Drink\n|move|p2a: Slowking|Chilling Water|p1b: Cetitan\n|-damage|p1b: Cetitan|0 fnt\n|faint|p1b: Cetitan\n|\n|-heal|p2a: Slowking|79\/100|[from] item: Leftovers\n|-damage|p2b: Gogoat|2\/100 brn|[from] brn\n|upkeep\n|\n|t:|1682649057\n|switch|p1b: Azumarill|Azumarill, L50, F, tera:Water|39\/100\n|turn|19\n|\n|t:|1682649069\n|move|p1a: Umbreon|Foul Play|p2a: Slowking\n|-supereffective|p2a: Slowking\n|-damage|p2a: Slowking|49\/100\n|move|p2b: Gogoat|Horn Leech|p1b: Azumarill\n|-supereffective|p1b: Azumarill\n|-damage|p1b: Azumarill|4\/100\n|-heal|p2b: Gogoat|18\/100 brn|[from] drain|[of] p1b: Azumarill\n|move|p1b: Azumarill|Play Rough|p2a: Slowking\n|-damage|p2a: Slowking|0 fnt\n|faint|p2a: Slowking\n|\n|-damage|p2b: Gogoat|12\/100 brn|[from] brn\n|upkeep\n|turn|20\n|\n|t:|1682649084\n|move|p1a: Umbreon|Foul Play|p2b: Gogoat\n|-damage|p2b: Gogoat|0 fnt\n|faint|p2b: Gogoat\n|\n|win|gGusto\n|c|\u2606gGusto|ggs\n|c|\u2606GholDenko|Ggs\n","uploadtime":1682649090,"views":10,"p1id":"ggusto","p2id":"gholdenko","formatid":"gen9vgc2023regulationc","rating":0,"private":0,"password":""}