{"id":"gen9vgc2023regulationc-1859062788","p1":"Litopardo","p2":"KevinATL","format":"[Gen 9] VGC 2023 Regulation C","log":"|j|\u2606Litopardo\n|j|\u2606KevinATL\n|t:|1683400035\n|gametype|doubles\n|player|p1|Litopardo|2|\n|player|p2|KevinATL|2|\n|teamsize|p1|6\n|teamsize|p2|6\n|gen|9\n|tier|[Gen 9] VGC 2023 Regulation C\n|rule|Species Clause: Limit one of each Pok\u00e9mon\n|rule|Item Clause: Limit one of each item\n|clearpoke\n|poke|p1|Chi-Yu, L50|\n|poke|p1|Flutter Mane, L50|\n|poke|p1|Torkoal, L50, M|\n|poke|p1|Great Tusk, L50|\n|poke|p1|Slither Wing, L50|\n|poke|p1|Foongus, L50, F|\n|poke|p2|Palafin, L50, F|\n|poke|p2|Scream Tail, L50|\n|poke|p2|Flutter Mane, L50|\n|poke|p2|Amoonguss, L50, F|\n|poke|p2|Arcanine, L50, M|\n|poke|p2|Gothitelle, L50, M|\n|teampreview|4\nKevinATL rejected open team sheets.\n|c|\u2606KevinATL|manda\n|c|\u2606KevinATL|el link tu\n|c|\u2606KevinATL|porfa\n|j| Haxu5\n|j| KaesyGard\n|c|\u2606KevinATL|va\n|\n|t:|1683400193\n|start\n|switch|p1a: Torkoal|Torkoal, L50, M|100\/100\n|switch|p1b: Chi-Yu|Chi-Yu, L50|100\/100\n|switch|p2a: INEEDAHERO|Palafin, L50, F|100\/100\n|switch|p2b: AWOOOOOOOOOO|Arcanine, L50, M|100\/100\n|-ability|p2b: AWOOOOOOOOOO|Intimidate|boost\n|-unboost|p1a: Torkoal|atk|1\n|-unboost|p1b: Chi-Yu|atk|1\n|-ability|p1b: Chi-Yu|Beads of Ruin\n|-weather|SunnyDay|[from] ability: Drought|[of] p1a: Torkoal\n|turn|1\n|\n|t:|1683400247\n|move|p2b: AWOOOOOOOOOO|Extreme Speed|p1a: Torkoal\n|-damage|p1a: Torkoal|77\/100\n|move|p2a: INEEDAHERO|Jet Punch|p1a: Torkoal\n|-supereffective|p1a: Torkoal\n|-damage|p1a: Torkoal|50\/100\n|move|p1b: Chi-Yu|Dark Pulse|p2b: AWOOOOOOOOOO\n|-damage|p2b: AWOOOOOOOOOO|3\/100\n|-damage|p1b: Chi-Yu|91\/100|[from] item: Life Orb\n|move|p1a: Torkoal|Overheat|p2a: INEEDAHERO\n|-resisted|p2a: INEEDAHERO\n|-damage|p2a: INEEDAHERO|31\/100\n|-unboost|p1a: Torkoal|spa|2\n|\n|-weather|SunnyDay|[upkeep]\n|upkeep\n|turn|2\n|c|\u2606KevinATL|amigos\n|c|\u2606KevinATL|me llaman\n|c|\u2606KevinATL|me pueden esperar\n|c|\u2606KevinATL|2 minutos\n|c|\u2606KevinATL|voy volando\n|c|\u2606KevinATL|por fa\n|c|\u2606KevinATL|litio?\n|c| KaesyGard|si si vayan rapido\n|c|\u2606KevinATL|listo\n|c| KaesyGard|OKEYY\n|\n|t:|1683400518\n|detailschange|p2a: INEEDAHERO|Palafin-Hero, L50, F\n|switch|p2a: EEEEEEEEEEEE|Flutter Mane, L50|100\/100\n|-activate|p2a: EEEEEEEEEEEE|ability: Protosynthesis\n|-start|p2a: EEEEEEEEEEEE|protosynthesisspe\n|switch|p1a: Flutter Mane|Flutter Mane, L50|100\/100\n|-activate|p1a: Flutter Mane|ability: Protosynthesis\n|-start|p1a: Flutter Mane|protosynthesisspe\n|move|p2b: AWOOOOOOOOOO|Protect|p2b: AWOOOOOOOOOO\n|-singleturn|p2b: AWOOOOOOOOOO|Protect\n|move|p1b: Chi-Yu|Heat Wave|p2a: EEEEEEEEEEEE|[spread] p2a\n|-activate|p2b: AWOOOOOOOOOO|move: Protect\n|-enditem|p2a: EEEEEEEEEEEE|Focus Sash\n|-damage|p2a: EEEEEEEEEEEE|1\/100\n|-status|p2a: EEEEEEEEEEEE|brn\n|-damage|p1b: Chi-Yu|81\/100|[from] item: Life Orb\n|\n|-weather|SunnyDay|[upkeep]\n|-damage|p2a: EEEEEEEEEEEE|0 fnt|[from] brn\n|faint|p2a: EEEEEEEEEEEE\n|-end|p2a: EEEEEEEEEEEE|Protosynthesis|[silent]\n|upkeep\n|c| Haxu5|xdxd\n|\n|t:|1683400563\n|switch|p2a: AMOGUS|Amoonguss, L50, F|100\/100\n|turn|3\n|\n|t:|1683400578\n|move|p2a: AMOGUS|Protect|p2a: AMOGUS\n|-singleturn|p2a: AMOGUS|Protect\n|move|p2b: AWOOOOOOOOOO|Extreme Speed|p1a: Flutter Mane\n|-immune|p1a: Flutter Mane\n|move|p1a: Flutter Mane|Mystical Fire|p2a: AMOGUS\n|-activate|p2a: AMOGUS|move: Protect\n|move|p1b: Chi-Yu|Heat Wave|p2b: AWOOOOOOOOOO|[spread] \n|-activate|p2a: AMOGUS|move: Protect\n|-miss|p1b: Chi-Yu|p2b: AWOOOOOOOOOO\n|\n|-weather|SunnyDay|[upkeep]\n|upkeep\n|turn|4\n|\n|t:|1683400601\n|move|p2b: AWOOOOOOOOOO|Protect|p2b: AWOOOOOOOOOO\n|-singleturn|p2b: AWOOOOOOOOOO|Protect\n|move|p1a: Flutter Mane|Mystical Fire|p2a: AMOGUS\n|-supereffective|p2a: AMOGUS\n|-damage|p2a: AMOGUS|0 fnt\n|faint|p2a: AMOGUS\n|move|p1b: Chi-Yu|Heat Wave|p2b: AWOOOOOOOOOO\n|-activate|p2b: AWOOOOOOOOOO|move: Protect\n|\n|-weather|SunnyDay|[upkeep]\n|upkeep\n|\n|t:|1683400606\n|switch|p2a: INEEDAHERO|Palafin-Hero, L50, F|31\/100\n|-activate|p2a: INEEDAHERO|ability: Zero to Hero\n|turn|5\n|\n|t:|1683400636\n|switch|p1b: Foongus|Foongus, L50, F|100\/100\n|move|p2b: AWOOOOOOOOOO|Protect||[still]\n|-fail|p2b: AWOOOOOOOOOO\n|move|p2a: INEEDAHERO|Protect|p2a: INEEDAHERO\n|-singleturn|p2a: INEEDAHERO|Protect\n|move|p1a: Flutter Mane|Mystical Fire|p2b: AWOOOOOOOOOO\n|-resisted|p2b: AWOOOOOOOOOO\n|-damage|p2b: AWOOOOOOOOOO|0 fnt\n|faint|p2b: AWOOOOOOOOOO\n|\n|-weather|none\n|-end|p1a: Flutter Mane|Protosynthesis\n|upkeep\n|turn|6\n|\n|t:|1683400655\n|-end|p1a: Flutter Mane|Protosynthesis|[silent]\n|switch|p1a: Torkoal|Torkoal, L50, M|50\/100\n|-weather|SunnyDay|[from] ability: Drought|[of] p1a: Torkoal\n|-terastallize|p2a: INEEDAHERO|Water\n|move|p2a: INEEDAHERO|Jet Punch|p1a: Torkoal\n|-supereffective|p1a: Torkoal\n|-damage|p1a: Torkoal|0 fnt\n|faint|p1a: Torkoal\n|move|p1b: Foongus|Spore|p2a: INEEDAHERO\n|-status|p2a: INEEDAHERO|slp|[from] move: Spore\n|\n|-weather|SunnyDay|[upkeep]\n|upkeep\n|\n|t:|1683400668\n|switch|p1a: Chi-Yu|Chi-Yu, L50|81\/100\n|-ability|p1a: Chi-Yu|Beads of Ruin\n|turn|7\n|\n|t:|1683400674\n|cant|p2a: INEEDAHERO|slp\n|move|p1a: Chi-Yu|Dark Pulse|p2a: INEEDAHERO\n|-damage|p2a: INEEDAHERO|0 fnt\n|faint|p2a: INEEDAHERO\n|-damage|p1a: Chi-Yu|71\/100|[from] item: Life Orb\n|\n|win|Litopardo\n|c| Haxu5|xdxd\n|c|\u2606KevinATL|troleando en la primera como siempre\n|c| Haxu5|trolliing\n|c|\u2606KevinATL|seguimos\n|c|\u2606KevinATL|jaskdjaskdjsa\n|l|\u2606KevinATL\n","uploadtime":1683400691,"views":12,"p1id":"litopardo","p2id":"kevinatl","formatid":"gen9vgc2023regulationc","rating":0,"private":0,"password":""}