{"id":"gen9vgc2023regulationc-1851642441","p1":"WindyEng","p2":"DrChocolateMD","format":"[Gen 9] VGC 2023 Regulation C","log":"|j|\u2606WindyEng\n|j|\u2606DrChocolateMD\n|t:|1682464662\n|gametype|doubles\n|player|p1|WindyEng|musician|\n|player|p2|DrChocolateMD|cyrus|\n|teamsize|p1|6\n|teamsize|p2|6\n|gen|9\n|tier|[Gen 9] VGC 2023 Regulation C\n|rule|Species Clause: Limit one of each Pok\u00e9mon\n|rule|Item Clause: Limit one of each item\n|clearpoke\n|poke|p1|Sandy Shocks, L50|\n|poke|p1|Maushold, L50|\n|poke|p1|Stonjourner, L50, F|\n|poke|p1|Skeledirge, L50, F|\n|poke|p1|Noivern, L50, F|\n|poke|p1|Sableye, L50, M|\n|poke|p2|Iron Bundle, L50|\n|poke|p2|Kingambit, L50, M|\n|poke|p2|Salazzle, L50, F|\n|poke|p2|Gengar, L50, F|\n|poke|p2|Baxcalibur, L50, M|\n|poke|p2|Mabosstiff, L50, F|\n|teampreview|4\nDrChocolateMD rejected open team sheets.\n|j| pinapplehead\n|c|\u2606DrChocolateMD|I'mma say it, Sandy Shocks does not look like a Pokemon with base 101 Speed\n|c|\u2606DrChocolateMD|:P\n|c|\u2606WindyEng|lol idk - magnets make everything fast\n|c| pinapplehead|dragonite is also said to break the sound barrier and then has bad speed too\n|c|\u2606DrChocolateMD|Yeah but Extreme Speed, nyoom\n|\n|t:|1682464829\n|start\n|switch|p1a: DiSableye|Sableye, L50, M, shiny|100\/100\n|switch|p1b: Coarse & Rough|Sandy Shocks, L50|100\/100\n|switch|p2a: Loser Lizard|Salazzle, L50, F|100\/100\n|switch|p2b: Nobody wo Levitate|Gengar, L50, F|100\/100\n|-enditem|p1b: Coarse & Rough|Booster Energy\n|-activate|p1b: Coarse & Rough|ability: Protosynthesis|[fromitem]\n|-start|p1b: Coarse & Rough|protosynthesisspe\n|turn|1\n|\n|t:|1682464858\n|-terastallize|p2b: Nobody wo Levitate|Flying\n|move|p1b: Coarse & Rough|Protect|p1b: Coarse & Rough\n|-singleturn|p1b: Coarse & Rough|Protect\n|move|p2a: Loser Lizard|Fake Out|p1b: Coarse & Rough\n|-activate|p1b: Coarse & Rough|move: Protect\n|move|p1a: DiSableye|Light Screen|p1a: DiSableye\n|-sidestart|p1: WindyEng|move: Light Screen\n|move|p2b: Nobody wo Levitate|Toxic Spikes|p1a: DiSableye\n|-sidestart|p1: WindyEng|move: Toxic Spikes\n|\n|upkeep\n|turn|2\n|\n|t:|1682464885\n|move|p1a: DiSableye|Thunder Wave|p2b: Nobody wo Levitate\n|-status|p2b: Nobody wo Levitate|par\n|move|p1b: Coarse & Rough|Earth Power|p2a: Loser Lizard\n|-supereffective|p2a: Loser Lizard\n|-damage|p2a: Loser Lizard|0 fnt\n|faint|p2a: Loser Lizard\n|move|p2b: Nobody wo Levitate|Shadow Ball|p1b: Coarse & Rough\n|-damage|p1b: Coarse & Rough|69\/100\n|\n|upkeep\n|\n|t:|1682464900\n|switch|p2a: Dumb Bird|Iron Bundle, L50|100\/100\n|-enditem|p2a: Dumb Bird|Booster Energy\n|-activate|p2a: Dumb Bird|ability: Quark Drive|[fromitem]\n|-start|p2a: Dumb Bird|quarkdrivespe\n|turn|3\n|c|\u2606WindyEng|geez - finally landa thunder wave\n|c|\u2606DrChocolateMD|Thunder Wave nuuu\n|\n|t:|1682464948\n|-terastallize|p1b: Coarse & Rough|Ghost\n|move|p1a: DiSableye|Thunder Wave|p2a: Dumb Bird\n|-status|p2a: Dumb Bird|par\n|move|p1b: Coarse & Rough|Earth Power|p2a: Dumb Bird\n|-damage|p2a: Dumb Bird|20\/100 par\n|-unboost|p2a: Dumb Bird|spd|1\n|move|p2a: Dumb Bird|Hydro Pump|p1b: Coarse & Rough\n|-damage|p1b: Coarse & Rough|22\/100\n|move|p2b: Nobody wo Levitate|Toxic Spikes|p1a: DiSableye\n|-sidestart|p1: WindyEng|move: Toxic Spikes\n|\n|upkeep\n|turn|4\n|c|\u2606DrChocolateMD|Look at that, 2 in a row\n|c|\u2606DrChocolateMD|I'm officially in the bad place\n|\n|t:|1682464996\n|cant|p2b: Nobody wo Levitate|par\n|move|p1a: DiSableye|Reflect|p1a: DiSableye\n|-sidestart|p1: WindyEng|Reflect\n|move|p1b: Coarse & Rough|Thunderbolt|p2b: Nobody wo Levitate\n|-supereffective|p2b: Nobody wo Levitate\n|-enditem|p2b: Nobody wo Levitate|Focus Sash\n|-damage|p2b: Nobody wo Levitate|1\/100 par\n|move|p2a: Dumb Bird|Icy Wind|p1b: Coarse & Rough|[spread] p1a,p1b\n|-damage|p1a: DiSableye|83\/100\n|-damage|p1b: Coarse & Rough|6\/100\n|-unboost|p1a: DiSableye|spe|1\n|-unboost|p1b: Coarse & Rough|spe|1\n|\n|upkeep\n|turn|5\n|\n|t:|1682465029\n|switch|p1a: GarganaclButWorse|Stonjourner, L50, F|100\/100\n|-status|p1a: GarganaclButWorse|tox\n|move|p1b: Coarse & Rough|Protect|p1b: Coarse & Rough\n|-singleturn|p1b: Coarse & Rough|Protect\n|move|p2a: Dumb Bird|Icy Wind|p1b: Coarse & Rough|[spread] p1a\n|-activate|p1b: Coarse & Rough|move: Protect\n|-damage|p1a: GarganaclButWorse|55\/100 tox\n|-unboost|p1a: GarganaclButWorse|spe|1\n|move|p2b: Nobody wo Levitate|Icy Wind|p1a: GarganaclButWorse|[spread] p1a\n|-activate|p1b: Coarse & Rough|move: Protect\n|-damage|p1a: GarganaclButWorse|26\/100 tox\n|-unboost|p1a: GarganaclButWorse|spe|1\n|\n|-damage|p1a: GarganaclButWorse|20\/100 tox|[from] psn\n|upkeep\n|turn|6\n|c|\u2606WindyEng|ow\n|\n|t:|1682465059\n|cant|p2a: Dumb Bird|par\n|move|p2b: Nobody wo Levitate|Protect|p2b: Nobody wo Levitate\n|-singleturn|p2b: Nobody wo Levitate|Protect\n|move|p1b: Coarse & Rough|Earth Power|p2a: Dumb Bird\n|-damage|p2a: Dumb Bird|0 fnt\n|faint|p2a: Dumb Bird\n|-end|p2a: Dumb Bird|Quark Drive|[silent]\n|move|p1a: GarganaclButWorse|Rock Slide|p2b: Nobody wo Levitate\n|-activate|p2b: Nobody wo Levitate|move: Protect\n|\n|-damage|p1a: GarganaclButWorse|7\/100 tox|[from] psn\n|upkeep\n|\n|t:|1682465070\n|switch|p2a: Bad Dragon|Baxcalibur, L50, M|100\/100\n|turn|7\n|\n|t:|1682465086\n|move|p2a: Bad Dragon|Ice Shard|p1b: Coarse & Rough\n|-damage|p1b: Coarse & Rough|0 fnt\n|faint|p1b: Coarse & Rough\n|-end|p1b: Coarse & Rough|Protosynthesis|[silent]\n|cant|p2b: Nobody wo Levitate|par\n|move|p1a: GarganaclButWorse|Rock Slide|p2a: Bad Dragon|[spread] p2a,p2b\n|-supereffective|p2a: Bad Dragon\n|-supereffective|p2b: Nobody wo Levitate\n|-damage|p2a: Bad Dragon|47\/100\n|-damage|p2b: Nobody wo Levitate|0 fnt\n|faint|p2b: Nobody wo Levitate\n|\n|-damage|p1a: GarganaclButWorse|0 fnt|[from] psn\n|faint|p1a: GarganaclButWorse\n|upkeep\n|c|\u2606DrChocolateMD|Bad news bears boys\n|c|\u2606DrChocolateMD|Oof there's the full para\n|\n|t:|1682465100\n|switch|p1b: DiSableye|Sableye, L50, M, shiny|83\/100\n|switch|p1a: We Are The Millers|Maushold, L50, shiny|100\/100\n|-status|p1a: We Are The Millers|tox\n|-status|p1b: DiSableye|tox\n|turn|8\n|c| pinapplehead|its time\n|\n|t:|1682465117\n|move|p2a: Bad Dragon|Protect|p2a: Bad Dragon\n|-singleturn|p2a: Bad Dragon|Protect\n|move|p1b: DiSableye|Fake Out|p2a: Bad Dragon\n|-activate|p2a: Bad Dragon|move: Protect\n|move|p1a: We Are The Millers|Low Kick|p2a: Bad Dragon\n|-activate|p2a: Bad Dragon|move: Protect\n|\n|-damage|p1a: We Are The Millers|94\/100 tox|[from] psn\n|-damage|p1b: DiSableye|78\/100 tox|[from] psn\n|-sideend|p1: WindyEng|move: Light Screen\n|upkeep\n|turn|9\n|c| pinapplehead|bad para tho\n|\n|t:|1682465129\n|move|p2a: Bad Dragon|Ice Shard|p1a: We Are The Millers\n|-damage|p1a: We Are The Millers|68\/100 tox\n|move|p1b: DiSableye|Thunder Wave|p2a: Bad Dragon\n|-status|p2a: Bad Dragon|par\n|move|p1a: We Are The Millers|Low Kick|p2a: Bad Dragon\n|-supereffective|p2a: Bad Dragon\n|-damage|p2a: Bad Dragon|0 fnt\n|faint|p2a: Bad Dragon\n|\n|win|WindyEng\n|c|\u2606DrChocolateMD|GG :P\n|c|\u2606WindyEng|gg!\n","uploadtime":1682465141,"views":24,"p1id":"windyeng","p2id":"drchocolatemd","formatid":"gen9vgc2023regulationc","rating":0,"private":0,"password":""}