{"id":"gen9vgc2023regulationc-1845892646","p1":"ldhc22","p2":"jesus.utrilla","format":"[Gen 9] VGC 2023 Regulation C","log":"|j|\u2606ldhc22\n|j|\u2606jesus.utrilla\n|t:|1681776161\n|gametype|doubles\n|player|p1|ldhc22|2|1432\n|player|p2|jesus.utrilla|rosa|1555\n|teamsize|p1|6\n|teamsize|p2|6\n|gen|9\n|tier|[Gen 9] VGC 2023 Regulation C\n|rated|\n|rule|Species Clause: Limit one of each Pok\u00e9mon\n|rule|Item Clause: Limit one of each item\n|clearpoke\n|poke|p1|Ceruledge, L50, F|\n|poke|p1|Ting-Lu, L50|\n|poke|p1|Orthworm, L50, F|\n|poke|p1|Gyarados, L50, F|\n|poke|p1|Amoonguss, L50, F|\n|poke|p1|Flutter Mane, L50|\n|poke|p2|Scream Tail, L50|\n|poke|p2|Glimmora, L50, F|\n|poke|p2|Ting-Lu, L50|\n|poke|p2|Corviknight, L50, M|\n|poke|p2|Dondozo, L50, M|\n|poke|p2|Tatsugiri, L50, M|\n|teampreview|4\nldhc22 rejected open team sheets.\n|inactive|Battle timer is ON: inactive players will automatically lose when time's up. (requested by ldhc22)\n|inactive|ldhc22 has 60 seconds left.\n|inactive|ldhc22 has 30 seconds left.\n|\n|t:|1681776229\n|start\n|switch|p1a: Ting-Lu|Ting-Lu, L50|100\/100\n|switch|p1b: Gyarados|Gyarados, L50, F|100\/100\n|switch|p2a: Scream Tail|Scream Tail, L50|100\/100\n|switch|p2b: Glimmora|Glimmora, L50, F, shiny|100\/100\n|-ability|p1b: Gyarados|Intimidate|boost\n|-unboost|p2a: Scream Tail|atk|1\n|-unboost|p2b: Glimmora|atk|1\n|-ability|p1a: Ting-Lu|Vessel of Ruin\n|-enditem|p2a: Scream Tail|Booster Energy\n|-activate|p2a: Scream Tail|ability: Protosynthesis|[fromitem]\n|-start|p2a: Scream Tail|protosynthesisspe\n|turn|1\n|inactive|ldhc22 has 30 seconds left.\n|inactive|ldhc22 has 20 seconds left.\n|\n|t:|1681776265\n|move|p2a: Scream Tail|Protect|p2a: Scream Tail\n|-singleturn|p2a: Scream Tail|Protect\n|move|p2b: Glimmora|Spiky Shield|p2b: Glimmora\n|-singleturn|p2b: Glimmora|move: Protect\n|move|p1b: Gyarados|Waterfall|p2b: Glimmora\n|-activate|p2b: Glimmora|move: Protect\n|-damage|p1b: Gyarados|88\/100|[from] Spiky Shield|[of] p2b: Glimmora\n|move|p1a: Ting-Lu|Earthquake|p2b: Glimmora|[spread] \n|-activate|p2a: Scream Tail|move: Protect\n|-activate|p2b: Glimmora|move: Protect\n|-immune|p1b: Gyarados\n|\n|upkeep\n|turn|2\n|inactive|jesus.utrilla has 30 seconds left.\n|inactive|jesus.utrilla has 20 seconds left.\n|\n|t:|1681776303\n|-terastallize|p2b: Glimmora|Grass\n|move|p2a: Scream Tail|Encore|p1b: Gyarados\n|-start|p1b: Gyarados|Encore\n|move|p1b: Gyarados|Waterfall|p2a: Scream Tail\n|-damage|p2a: Scream Tail|69\/100\n|move|p2b: Glimmora|Mortal Spin|p1a: Ting-Lu|[spread] p1a,p1b\n|-resisted|p1a: Ting-Lu\n|-damage|p1a: Ting-Lu|99\/100\n|-damage|p1b: Gyarados|85\/100\n|-status|p1a: Ting-Lu|psn\n|-status|p1b: Gyarados|psn\n|-enditem|p1b: Gyarados|Lum Berry|[eat]\n|-curestatus|p1b: Gyarados|psn|[msg]\n|move|p1a: Ting-Lu|Stomping Tantrum|p2b: Glimmora\n|-resisted|p2b: Glimmora\n|-crit|p2b: Glimmora\n|-damage|p2b: Glimmora|58\/100\n|\n|-damage|p1a: Ting-Lu|88\/100 psn|[from] psn\n|upkeep\n|turn|3\n|inactive|ldhc22 has 30 seconds left.\n|inactive|jesus.utrilla has 30 seconds left.\n|inactive|ldhc22 has 20 seconds left.\n|inactive|ldhc22 has 15 seconds left.\n|inactive|ldhc22 has 10 seconds left.\n|\n|t:|1681776351\n|move|p2a: Scream Tail|Disable|p1b: Gyarados\n|-start|p1b: Gyarados|Disable|Waterfall\n|cant|p1b: Gyarados|Disable|Waterfall\n|move|p2b: Glimmora|Toxic|p1b: Gyarados\n|-status|p1b: Gyarados|tox\n|move|p1a: Ting-Lu|Throat Chop|p2b: Glimmora\n|-damage|p2b: Glimmora|29\/100\n|-start|p2b: Glimmora|Throat Chop|[silent]\n|-enditem|p2b: Glimmora|Sitrus Berry|[eat]\n|-heal|p2b: Glimmora|54\/100|[from] item: Sitrus Berry\n|\n|-damage|p1b: Gyarados|79\/100 tox|[from] psn\n|-damage|p1a: Ting-Lu|75\/100 psn|[from] psn\n|upkeep\n|turn|4\n|inactive|jesus.utrilla has 30 seconds left.\n|\n|t:|1681776384\n|switch|p1b: Amoonguss|Amoonguss, L50, F|100\/100\n|move|p2a: Scream Tail|Encore|p1a: Ting-Lu\n|-start|p1a: Ting-Lu|Encore\n|move|p2b: Glimmora|Mortal Spin|p1a: Ting-Lu|[spread] p1a,p1b\n|-resisted|p1a: Ting-Lu\n|-damage|p1a: Ting-Lu|75\/100 psn\n|-damage|p1b: Amoonguss|99\/100\n|-status|p1b: Amoonguss|psn\n|-damage|p2b: Glimmora|37\/100|[from] item: Rocky Helmet|[of] p1b: Amoonguss\n|move|p1a: Ting-Lu|Throat Chop|p2b: Glimmora\n|-damage|p2b: Glimmora|9\/100\n|\n|-damage|p1a: Ting-Lu|62\/100 psn|[from] psn\n|-damage|p1b: Amoonguss|86\/100 psn|[from] psn\n|-end|p2b: Glimmora|Throat Chop|[silent]\n|upkeep\n|turn|5\n|\n|t:|1681776408\n|switch|p1a: Gyarados|Gyarados, L50, F|79\/100 tox\n|-ability|p1a: Gyarados|Intimidate|boost\n|-unboost|p2a: Scream Tail|atk|1\n|-unboost|p2b: Glimmora|atk|1\n|move|p2a: Scream Tail|Protect|p2a: Scream Tail\n|-singleturn|p2a: Scream Tail|Protect\n|move|p2b: Glimmora|Spiky Shield|p2b: Glimmora\n|-singleturn|p2b: Glimmora|move: Protect\n|move|p1b: Amoonguss|Spore|p2a: Scream Tail\n|-activate|p2a: Scream Tail|move: Protect\n|\n|-damage|p1a: Gyarados|73\/100 tox|[from] psn\n|-damage|p1b: Amoonguss|74\/100 psn|[from] psn\n|upkeep\n|turn|6\n|inactive|ldhc22 has 30 seconds left.\n|inactive|ldhc22 has 20 seconds left.\n|\n|t:|1681776444\n|switch|p2b: Dondozo|Dondozo, L50, M, shiny|100\/100\n|move|p1b: Amoonguss|Rage Powder|p1b: Amoonguss\n|-singleturn|p1b: Amoonguss|move: Rage Powder\n|move|p2a: Scream Tail|Disable|p1b: Amoonguss\n|-start|p1b: Amoonguss|Disable|Rage Powder\n|move|p1a: Gyarados|Waterfall|p2b: Dondozo\n|-resisted|p2b: Dondozo\n|-damage|p2b: Dondozo|87\/100\n|\n|-heal|p2b: Dondozo|93\/100|[from] item: Leftovers\n|-damage|p1a: Gyarados|62\/100 tox|[from] psn\n|-damage|p1b: Amoonguss|62\/100 psn|[from] psn\n|upkeep\n|turn|7\n|inactive|ldhc22 has 30 seconds left.\n|inactive|jesus.utrilla has 30 seconds left.\n|inactive|jesus.utrilla has 20 seconds left.\n|inactive|jesus.utrilla has 15 seconds left.\n|inactive|jesus.utrilla has 10 seconds left.\n|\n|t:|1681776490\n|switch|p1a: Ting-Lu|Ting-Lu, L50|62\/100 psn\n|-ability|p1a: Ting-Lu|Vessel of Ruin\n|move|p2a: Scream Tail|Encore|p1b: Amoonguss\n|-start|p1b: Amoonguss|Encore\n|move|p2b: Dondozo|Substitute|p2b: Dondozo\n|-start|p2b: Dondozo|Substitute\n|-damage|p2b: Dondozo|68\/100\n|cant|p1b: Amoonguss|Disable|Rage Powder\n|\n|-heal|p2b: Dondozo|75\/100|[from] item: Leftovers\n|-damage|p1a: Ting-Lu|50\/100 psn|[from] psn\n|-damage|p1b: Amoonguss|49\/100 psn|[from] psn\n|upkeep\n|turn|8\n|inactive|jesus.utrilla has 30 seconds left.\n|\n|t:|1681776516\n|switch|p1b: Gyarados|Gyarados, L50, F|62\/100 tox\n|-ability|p1b: Gyarados|Intimidate|boost\n|-unboost|p2a: Scream Tail|atk|1\n|-immune|p2b: Dondozo\n|move|p2b: Dondozo|Protect|p2b: Dondozo\n|-singleturn|p2b: Dondozo|Protect\n|move|p2a: Scream Tail|Dazzling Gleam|p1a: Ting-Lu|[spread] p1a,p1b\n|-supereffective|p1a: Ting-Lu\n|-damage|p1a: Ting-Lu|37\/100 psn\n|-damage|p1b: Gyarados|51\/100 tox\n|move|p1a: Ting-Lu|Earthquake|p2b: Dondozo|[spread] p2a\n|-activate|p2b: Dondozo|move: Protect\n|-immune|p1b: Gyarados\n|-damage|p2a: Scream Tail|43\/100\n|\n|-heal|p2b: Dondozo|81\/100|[from] item: Leftovers\n|-damage|p1b: Gyarados|45\/100 tox|[from] psn\n|-damage|p1a: Ting-Lu|25\/100 psn|[from] psn\n|upkeep\n|turn|9\n|inactive|ldhc22 has 30 seconds left.\n|\n|t:|1681776549\n|-end|p2a: Scream Tail|Protosynthesis|[silent]\n|switch|p2a: Tatsugiri|Tatsugiri, L50, M|100\/100\n|-activate|p2a: Tatsugiri|ability: Commander|[of] p2b: Dondozo\n|-boost|p2b: Dondozo|atk|2\n|-boost|p2b: Dondozo|spa|2\n|-boost|p2b: Dondozo|spe|2\n|-boost|p2b: Dondozo|def|2\n|-boost|p2b: Dondozo|spd|2\n|move|p2b: Dondozo|Order Up|p1b: Gyarados\n|-damage|p1b: Gyarados|0 fnt\n|faint|p1b: Gyarados\n|-boost|p2b: Dondozo|atk|1\n|move|p1a: Ting-Lu|Earthquake|p2b: Dondozo|[spread] p2b\n|-miss|p1a: Ting-Lu|p2a: Tatsugiri\n|-activate|p2b: Dondozo|move: Substitute|[damage]\n|\n|-heal|p2b: Dondozo|87\/100|[from] item: Leftovers\n|-damage|p1a: Ting-Lu|13\/100 psn|[from] psn\n|upkeep\n|\n|t:|1681776567\n|switch|p1b: Amoonguss|Amoonguss, L50, F|83\/100 psn\n|turn|10\n|\n|t:|1681776583\n|move|p2b: Dondozo|Earthquake|p1b: Amoonguss|[spread] p1a,p1b\n|-miss|p2b: Dondozo|p2a: Tatsugiri\n|-damage|p1a: Ting-Lu|0 fnt\n|-damage|p1b: Amoonguss|37\/100 psn\n|faint|p1a: Ting-Lu\n|move|p1b: Amoonguss|Spore||[still]\n|-fail|p1b: Amoonguss\n|\n|-heal|p2b: Dondozo|93\/100|[from] item: Leftovers\n|-damage|p1b: Amoonguss|24\/100 psn|[from] psn\n|upkeep\n|\n|t:|1681776593\n|switch|p1a: Flutter Mane|Flutter Mane, L50|100\/100\n|turn|11\n|\n|t:|1681776608\n|move|p1a: Flutter Mane|Thunderbolt|p2b: Dondozo\n|-supereffective|p2b: Dondozo\n|-end|p2b: Dondozo|Substitute\n|move|p2b: Dondozo|Earthquake|p1b: Amoonguss|[spread] p1a,p1b\n|-miss|p2b: Dondozo|p2a: Tatsugiri\n|-damage|p1a: Flutter Mane|15\/100\n|-damage|p1b: Amoonguss|0 fnt\n|faint|p1b: Amoonguss\n|\n|-heal|p2b: Dondozo|99\/100|[from] item: Leftovers\n|upkeep\n|turn|12\n|\n|t:|1681776620\n|move|p1a: Flutter Mane|Thunderbolt|p2b: Dondozo\n|-supereffective|p2b: Dondozo\n|-damage|p2b: Dondozo|52\/100\n|move|p2b: Dondozo|Earthquake|p1a: Flutter Mane|[spread] p1a\n|-miss|p2b: Dondozo|p2a: Tatsugiri\n|-damage|p1a: Flutter Mane|0 fnt\n|faint|p1a: Flutter Mane\n|-end|p1a: Flutter Mane|Protosynthesis|[silent]\n|\n|win|jesus.utrilla\n|raw|ldhc22's rating: 1432 → 1419<\/strong> (-13 for losing)\n|raw|jesus.utrilla's rating: 1555 → 1568<\/strong> (+13 for winning)\n|l|\u2606ldhc22\n","uploadtime":1681776633,"views":41,"p1id":"ldhc22","p2id":"jesusutrilla","formatid":"gen9vgc2023regulationc","rating":1419,"private":0,"password":""}