{"id":"gen9vgc2023regulationc-1851355372","p1":"Tikotron3826","p2":"13dobe","format":"[Gen 9] VGC 2023 Regulation C","log":"|j|\u2606Tikotron3826\n|j|\u260613dobe\n|t:|1682438420\n|gametype|doubles\n|player|p1|Tikotron3826|265|1274\n|player|p2|13dobe|101|1228\n|teamsize|p1|6\n|teamsize|p2|6\n|gen|9\n|tier|[Gen 9] VGC 2023 Regulation C\n|rated|\n|rule|Species Clause: Limit one of each Pok\u00e9mon\n|rule|Item Clause: Limit one of each item\n|clearpoke\n|poke|p1|Gyarados, L50, F|\n|poke|p1|Tinkaton, L50, F|\n|poke|p1|Ting-Lu, L50|\n|poke|p1|Dragapult, L50, F|\n|poke|p1|Chien-Pao, L50|\n|poke|p1|Armarouge, L50, M|\n|poke|p2|Azumarill, L50, F|\n|poke|p2|Tyranitar, L50, F|\n|poke|p2|Torkoal, L50, M|\n|poke|p2|Leafeon, L50, F|\n|poke|p2|Murkrow, L50, F|\n|poke|p2|Palafin, L50, F|\n|teampreview|4\n|inactive|Battle timer is ON: inactive players will automatically lose when time's up. (requested by Tikotron3826)\n|\n|t:|1682438452\n|start\n|switch|p1a: Tinkaton|Tinkaton, L50, F|100\/100\n|switch|p1b: Ting-Lu|Ting-Lu, L50|100\/100\n|switch|p2a: Murkrow|Murkrow, L50, F|100\/100\n|switch|p2b: Palafin|Palafin, L50, F|100\/100\n|-ability|p1a: Tinkaton|Mold Breaker\n|-ability|p1b: Ting-Lu|Vessel of Ruin\n|turn|1\n|inactive|Tikotron3826 has 30 seconds left.\n|\n|t:|1682438486\n|detailschange|p2b: Palafin|Palafin-Hero, L50, F\n|switch|p2b: Tyranitar|Tyranitar, L50, F|100\/100\n|-weather|Sandstorm|[from] ability: Sand Stream|[of] p2b: Tyranitar\n|move|p2a: Murkrow|Tailwind|p2a: Murkrow\n|-sidestart|p2: 13dobe|move: Tailwind\n|move|p1a: Tinkaton|Thunder Wave|p2a: Murkrow\n|-status|p2a: Murkrow|par\n|move|p1b: Ting-Lu|Fissure|p2b: Tyranitar|[miss]\n|-miss|p1b: Ting-Lu|p2b: Tyranitar\n|\n|-weather|Sandstorm|[upkeep]\n|-damage|p2a: Murkrow|95\/100 par|[from] Sandstorm\n|upkeep\n|turn|2\n|\n|t:|1682438502\n|switch|p2a: Azumarill|Azumarill, L50, F|100\/100\n|move|p2b: Tyranitar|Low Kick|p1b: Ting-Lu\n|-supereffective|p1b: Ting-Lu\n|-damage|p1b: Ting-Lu|38\/100\n|move|p1a: Tinkaton|Thunder Wave|p2b: Tyranitar\n|-status|p2b: Tyranitar|par\n|move|p1b: Ting-Lu|Stomping Tantrum|p2b: Tyranitar\n|-supereffective|p2b: Tyranitar\n|-damage|p2b: Tyranitar|0 fnt\n|faint|p2b: Tyranitar\n|\n|-weather|Sandstorm|[upkeep]\n|-damage|p2a: Azumarill|95\/100|[from] Sandstorm\n|upkeep\n|\n|t:|1682438515\n|switch|p2b: Murkrow|Murkrow, L50, F|95\/100 par\n|turn|3\n|\n|t:|1682438524\n|move|p2b: Murkrow|Rain Dance|p2b: Murkrow\n|-weather|RainDance\n|move|p2a: Azumarill|Liquidation|p1b: Ting-Lu\n|-supereffective|p1b: Ting-Lu\n|-damage|p1b: Ting-Lu|0 fnt\n|faint|p1b: Ting-Lu\n|-damage|p2a: Azumarill|85\/100|[from] item: Life Orb\n|move|p1a: Tinkaton|Thunder Wave|p2a: Azumarill\n|-status|p2a: Azumarill|par\n|\n|-weather|RainDance|[upkeep]\n|upkeep\n|\n|t:|1682438530\n|switch|p1b: Gyarados|Gyarados, L50, F|100\/100\n|-ability|p1b: Gyarados|Intimidate|boost\n|-unboost|p2a: Azumarill|atk|1\n|-unboost|p2b: Murkrow|atk|1\n|turn|4\n|\n|t:|1682438548\n|move|p2b: Murkrow|Haze|p2b: Murkrow\n|-clearallboost\n|move|p1a: Tinkaton|Gigaton Hammer|p2a: Azumarill\n|-damage|p2a: Azumarill|30\/100 par\n|move|p1b: Gyarados|Dragon Dance|p1b: Gyarados\n|-boost|p1b: Gyarados|atk|1\n|-boost|p1b: Gyarados|spe|1\n|move|p2a: Azumarill|Liquidation|p1a: Tinkaton\n|-damage|p1a: Tinkaton|0 fnt\n|faint|p1a: Tinkaton\n|-damage|p2a: Azumarill|20\/100 par|[from] item: Life Orb\n|\n|-weather|RainDance|[upkeep]\n|-sideend|p2: 13dobe|move: Tailwind\n|upkeep\n|\n|t:|1682438556\n|switch|p1a: Armarouge|Armarouge, L50, M|100\/100\n|turn|5\n|\n|t:|1682438578\n|-terastallize|p1b: Gyarados|Flying\n|move|p2a: Azumarill|Aqua Jet|p1a: Armarouge\n|-supereffective|p1a: Armarouge\n|-damage|p1a: Armarouge|0 fnt\n|faint|p1a: Armarouge\n|-damage|p2a: Azumarill|11\/100 par|[from] item: Life Orb\n|move|p1b: Gyarados|Tera Blast|p2b: Murkrow\n|-damage|p2b: Murkrow|0 fnt\n|faint|p2b: Murkrow\n|\n|-weather|RainDance|[upkeep]\n|upkeep\n|\n|t:|1682438588\n|switch|p2b: Palafin|Palafin-Hero, L50, F|100\/100\n|-activate|p2b: Palafin|ability: Zero to Hero\n|turn|6\n|\n|t:|1682438594\n|-terastallize|p2b: Palafin|Water\n|move|p2b: Palafin|Jet Punch|p1b: Gyarados\n|-damage|p1b: Gyarados|0 fnt\n|faint|p1b: Gyarados\n|\n|win|13dobe\n|raw|Tikotron3826's rating: 1274 → 1246<\/strong> (-28 for losing)\n|raw|13dobe's rating: 1228 → 1256<\/strong> (+28 for winning)\n|c|\u260613dobe|Gg\n|l|\u2606Tikotron3826\n","uploadtime":1682438601,"views":5,"p1id":"tikotron3826","p2id":"13dobe","formatid":"gen9vgc2023regulationc","rating":1246,"private":0,"password":""}