{"id":"gen9vgc2023regulationc-1850828837","p1":"tuxmux","p2":"Eagrill","format":"[Gen 9] VGC 2023 Regulation C","log":"|j|\u2606tuxmux\n|j|\u2606Eagrill\n|t:|1682371913\n|gametype|doubles\n|player|p1|tuxmux|2|\n|player|p2|Eagrill|265|\n|teamsize|p1|6\n|teamsize|p2|6\n|gen|9\n|tier|[Gen 9] VGC 2023 Regulation C\n|rule|Species Clause: Limit one of each Pok\u00e9mon\n|rule|Item Clause: Limit one of each item\n|clearpoke\n|poke|p1|Talonflame, L50, M|\n|poke|p1|Hydreigon, L50, F|\n|poke|p1|Tinkaton, L50, F|\n|poke|p1|Azumarill, L50, F|\n|poke|p1|Lucario, L50, M|\n|poke|p1|Toxapex, L50, F|\n|poke|p2|Ceruledge, L50, F|\n|poke|p2|Coalossal, L50, M|\n|poke|p2|Gastrodon, L50, F|\n|poke|p2|Kilowattrel, L50, M|\n|poke|p2|Grimmsnarl, L50, M|\n|poke|p2|Brambleghast, L50, F|\n|teampreview|4\n|inactive|Battle timer is ON: inactive players will automatically lose when time's up. (requested by Eagrill)\n|inactiveoff|Battle timer is now OFF.\n|c|\u2606Eagrill|glhf\n|c|\u2606tuxmux|glhf\n|j| jayballester\n|\n|t:|1682371954\n|start\n|switch|p1a: Specs Hex Pex|Toxapex, L50, F|100\/100\n|switch|p1b: jay was onto smth|Azumarill, L50, F|100\/100\n|switch|p2a: nor this|Kilowattrel, L50, M|100\/100\n|switch|p2b: I like this|Brambleghast, L50, F|100\/100\n|turn|1\n|\n|t:|1682371977\n|switch|p1b: good pick (not)|Hydreigon, L50, F|100\/100\n|move|p1a: Specs Hex Pex|Baneful Bunker|p1a: Specs Hex Pex\n|-singleturn|p1a: Specs Hex Pex|move: Protect\n|move|p2a: nor this|Tailwind|p2a: nor this\n|-sidestart|p2: Eagrill|move: Tailwind\n|-start|p2a: nor this|Charge|Tailwind|[from] ability: Wind Power\n|-ability|p2b: I like this|Wind Rider|boost\n|-boost|p2b: I like this|atk|1\n|move|p2b: I like this|Power Whip|p1b: good pick (not)|[miss]\n|-miss|p2b: I like this|p1b: good pick (not)\n|\n|upkeep\n|turn|2\n|\n|t:|1682371996\n|-terastallize|p2a: nor this|Ice\n|move|p2a: nor this|Tera Blast|p1b: good pick (not)\n|-supereffective|p1b: good pick (not)\n|-damage|p1b: good pick (not)|22\/100\n|move|p2b: I like this|Power Whip|p1a: Specs Hex Pex\n|-damage|p1a: Specs Hex Pex|43\/100\n|move|p1b: good pick (not)|Dark Pulse|p2b: I like this\n|-supereffective|p2b: I like this\n|-damage|p2b: I like this|0 fnt\n|faint|p2b: I like this\n|move|p1a: Specs Hex Pex|Toxic Spikes|p2a: nor this\n|-sidestart|p2: Eagrill|move: Toxic Spikes\n|\n|-heal|p1a: Specs Hex Pex|48\/100|[from] item: Leftovers\n|upkeep\n|\n|t:|1682372009\n|switch|p2b: what is this|Grimmsnarl, L50, M|100\/100\n|-status|p2b: what is this|psn\n|turn|3\n|\n|t:|1682372025\n|move|p1a: Specs Hex Pex|Baneful Bunker|p1a: Specs Hex Pex\n|-singleturn|p1a: Specs Hex Pex|move: Protect\n|move|p2a: nor this|Thunderbolt|p1a: Specs Hex Pex\n|-activate|p1a: Specs Hex Pex|move: Protect\n|-end|p2a: nor this|Charge|[silent]\n|move|p2b: what is this|Spirit Break|p1b: good pick (not)\n|-supereffective|p1b: good pick (not)\n|-damage|p1b: good pick (not)|0 fnt\n|faint|p1b: good pick (not)\n|\n|-heal|p1a: Specs Hex Pex|54\/100|[from] item: Leftovers\n|-damage|p2b: what is this|88\/100 psn|[from] psn\n|upkeep\n|\n|t:|1682372034\n|switch|p1b: who tf uses this|Talonflame, L50, M|100\/100\n|turn|4\n|\n|t:|1682372059\n|-terastallize|p1b: who tf uses this|Flying\n|move|p2b: what is this|Thunder Wave|p1b: who tf uses this\n|-status|p1b: who tf uses this|par\n|move|p1b: who tf uses this|Brave Bird|p2a: nor this\n|-enditem|p2a: nor this|Focus Sash\n|-damage|p2a: nor this|1\/100\n|-damage|p1b: who tf uses this|75\/100 par|[from] Recoil\n|-damage|p1b: who tf uses this|65\/100 par|[from] item: Life Orb\n|move|p2a: nor this|Thunderbolt|p1b: who tf uses this\n|-supereffective|p1b: who tf uses this\n|-damage|p1b: who tf uses this|0 fnt\n|faint|p1b: who tf uses this\n|move|p1a: Specs Hex Pex|Sludge Bomb|p2b: what is this\n|-supereffective|p2b: what is this\n|-damage|p2b: what is this|58\/100 psn\n|\n|-heal|p1a: Specs Hex Pex|60\/100|[from] item: Leftovers\n|-damage|p2b: what is this|46\/100 psn|[from] psn\n|-sideend|p2: Eagrill|move: Tailwind\n|upkeep\n|\n|t:|1682372075\n|switch|p1b: jay was onto smth|Azumarill, L50, F|100\/100\n|turn|5\n|j| F3athers\n|\n|t:|1682372093\n|move|p1a: Specs Hex Pex|Baneful Bunker|p1a: Specs Hex Pex\n|-singleturn|p1a: Specs Hex Pex|move: Protect\n|move|p1b: jay was onto smth|Aqua Jet|p2a: nor this\n|-damage|p2a: nor this|0 fnt\n|faint|p2a: nor this\n|move|p2b: what is this|Thunder Wave|p1b: jay was onto smth\n|-status|p1b: jay was onto smth|par\n|\n|-heal|p1a: Specs Hex Pex|65\/100|[from] item: Leftovers\n|-damage|p2b: what is this|34\/100 psn|[from] psn\n|upkeep\n|\n|t:|1682372112\n|switch|p2a: dont have this|Gastrodon, L50, F|100\/100\n|-status|p2a: dont have this|psn\n|turn|6\n|\n|t:|1682372120\n|cant|p1b: jay was onto smth|par\n|move|p2b: what is this|Spirit Break|p1b: jay was onto smth\n|-damage|p1b: jay was onto smth|62\/100 par\n|-unboost|p1b: jay was onto smth|spa|1\n|move|p2a: dont have this|Yawn|p1a: Specs Hex Pex\n|-start|p1a: Specs Hex Pex|move: Yawn|[of] p2a: dont have this\n|move|p1a: Specs Hex Pex|Hex|p2b: what is this\n|-resisted|p2b: what is this\n|-damage|p2b: what is this|27\/100 psn\n|\n|-heal|p1a: Specs Hex Pex|71\/100|[from] item: Leftovers\n|-damage|p2b: what is this|15\/100 psn|[from] psn\n|-damage|p2a: dont have this|88\/100 psn|[from] psn\n|upkeep\n|turn|7\n|c| jayballester|Pex > Wo-Chien\n|\n|t:|1682372152\n|move|p1a: Specs Hex Pex|Baneful Bunker|p1a: Specs Hex Pex\n|-singleturn|p1a: Specs Hex Pex|move: Protect\n|move|p1b: jay was onto smth|Aqua Jet|p2a: dont have this\n|-activate|p2a: dont have this|ability: Storm Drain\n|-ability|p2a: dont have this|Storm Drain|boost\n|-boost|p2a: dont have this|spa|1\n|move|p2b: what is this|Spirit Break|p1b: jay was onto smth\n|-damage|p1b: jay was onto smth|26\/100 par\n|-unboost|p1b: jay was onto smth|spa|1\n|move|p2a: dont have this|Icy Wind|p1a: Specs Hex Pex|[spread] p1b\n|-activate|p1a: Specs Hex Pex|move: Protect\n|-resisted|p1b: jay was onto smth\n|-damage|p1b: jay was onto smth|18\/100 par\n|-unboost|p1b: jay was onto smth|spe|1\n|\n|-heal|p2a: dont have this|94\/100 psn|[from] item: Leftovers\n|-heal|p1a: Specs Hex Pex|77\/100|[from] item: Leftovers\n|-damage|p2b: what is this|2\/100 psn|[from] psn\n|-damage|p2a: dont have this|82\/100 psn|[from] psn\n|-end|p1a: Specs Hex Pex|move: Yawn|[silent]\n|-status|p1a: Specs Hex Pex|slp\n|upkeep\n|turn|8\n|l| F3athers\n|\n|t:|1682372209\n|cant|p1a: Specs Hex Pex|slp\n|move|p1b: jay was onto smth|Aqua Jet|p2a: dont have this\n|-ability|p2a: dont have this|Storm Drain|boost\n|-boost|p2a: dont have this|spa|1\n|move|p2b: what is this|Spirit Break|p1b: jay was onto smth\n|-damage|p1b: jay was onto smth|0 fnt\n|faint|p1b: jay was onto smth\n|move|p2a: dont have this|Icy Wind|p1a: Specs Hex Pex\n|-resisted|p1a: Specs Hex Pex\n|-damage|p1a: Specs Hex Pex|69\/100 slp\n|-unboost|p1a: Specs Hex Pex|spe|1\n|\n|-heal|p2a: dont have this|88\/100 psn|[from] item: Leftovers\n|-heal|p1a: Specs Hex Pex|75\/100 slp|[from] item: Leftovers\n|-damage|p2b: what is this|0 fnt|[from] psn\n|faint|p2b: what is this\n|-damage|p2a: dont have this|75\/100 psn|[from] psn\n|upkeep\n|turn|9\n|\n|t:|1682372238\n|-curestatus|p1a: Specs Hex Pex|slp|[msg]\n|move|p1a: Specs Hex Pex|Baneful Bunker|p1a: Specs Hex Pex\n|-singleturn|p1a: Specs Hex Pex|move: Protect\n|move|p2a: dont have this|Surf|p1a: Specs Hex Pex\n|-activate|p1a: Specs Hex Pex|move: Protect\n|\n|-heal|p2a: dont have this|81\/100 psn|[from] item: Leftovers\n|-heal|p1a: Specs Hex Pex|81\/100|[from] item: Leftovers\n|-damage|p2a: dont have this|69\/100 psn|[from] psn\n|upkeep\n|turn|10\n|\n|t:|1682372244\n|move|p2a: dont have this|Surf|p1a: Specs Hex Pex\n|-resisted|p1a: Specs Hex Pex\n|-damage|p1a: Specs Hex Pex|64\/100\n|move|p1a: Specs Hex Pex|Hex|p2a: dont have this\n|-damage|p2a: dont have this|54\/100 psn\n|\n|-heal|p2a: dont have this|60\/100 psn|[from] item: Leftovers\n|-heal|p1a: Specs Hex Pex|69\/100|[from] item: Leftovers\n|-damage|p2a: dont have this|47\/100 psn|[from] psn\n|upkeep\n|turn|11\n|\n|t:|1682372247\n|move|p1a: Specs Hex Pex|Baneful Bunker|p1a: Specs Hex Pex\n|-singleturn|p1a: Specs Hex Pex|move: Protect\n|move|p2a: dont have this|Surf|p1a: Specs Hex Pex\n|-activate|p1a: Specs Hex Pex|move: Protect\n|\n|-heal|p2a: dont have this|53\/100 psn|[from] item: Leftovers\n|-heal|p1a: Specs Hex Pex|75\/100|[from] item: Leftovers\n|-damage|p2a: dont have this|41\/100 psn|[from] psn\n|upkeep\n|turn|12\n|c| jayballester|no earth power rip\n|c|\u2606tuxmux|pex\n|\n|t:|1682372266\n|move|p2a: dont have this|Surf|p1a: Specs Hex Pex\n|-resisted|p1a: Specs Hex Pex\n|-damage|p1a: Specs Hex Pex|58\/100\n|move|p1a: Specs Hex Pex|Hex|p2a: dont have this\n|-damage|p2a: dont have this|24\/100 psn\n|\n|-heal|p2a: dont have this|30\/100 psn|[from] item: Leftovers\n|-heal|p1a: Specs Hex Pex|64\/100|[from] item: Leftovers\n|-damage|p2a: dont have this|18\/100 psn|[from] psn\n|upkeep\n|turn|13\n|c|\u2606tuxmux|in its natural enviroment\n|c|\u2606tuxmux|back to singles\n|-message|Eagrill forfeited.\n|\n|win|tuxmux\n|c|\u2606tuxmux|gg\n","uploadtime":1682372279,"views":15,"p1id":"tuxmux","p2id":"eagrill","formatid":"gen9vgc2023regulationc","rating":0,"private":0,"password":""}