{"id":"gen9vgc2023regulationc-1855518075","p1":"Null66","p2":"Reuselation","format":"[Gen 9] VGC 2023 Regulation C","log":"|j|\u2606Null66\n|j|\u2606Reuselation\n|t:|1682958533\n|gametype|doubles\n|player|p1|Null66|winona|1099\n|player|p2|Reuselation|red|1146\n|teamsize|p1|6\n|teamsize|p2|6\n|gen|9\n|tier|[Gen 9] VGC 2023 Regulation C\n|rated|\n|rule|Species Clause: Limit one of each Pok\u00e9mon\n|rule|Item Clause: Limit one of each item\n|clearpoke\n|poke|p1|Scizor, L50, F|\n|poke|p1|Iron Hands, L50|\n|poke|p1|Gyarados, L50, M|\n|poke|p1|Garchomp, L50, M|\n|poke|p1|Iron Bundle, L50|\n|poke|p1|Talonflame, L50, M|\n|poke|p2|Pelipper, L50, M|\n|poke|p2|Palafin, L50, M|\n|poke|p2|Amoonguss, L50, M|\n|poke|p2|Iron Hands, L50|\n|poke|p2|Salamence, L50, M|\n|poke|p2|Chien-Pao, L50|\n|teampreview|4\n|inactive|Battle timer is ON: inactive players will automatically lose when time's up. (requested by Null66)\n|inactive|Null66 has 60 seconds left.\n|inactive|Null66 has 30 seconds left.\n|\n|t:|1682958603\n|start\n|switch|p1a: Talonflame|Talonflame, L50, M|100\/100\n|switch|p1b: Garchomp|Garchomp, L50, M, shiny|100\/100\n|switch|p2a: Iron Hands|Iron Hands, L50|100\/100\n|switch|p2b: Palafin|Palafin, L50, M|100\/100\n|turn|1\n|\n|t:|1682958626\n|-terastallize|p2a: Iron Hands|Grass\n|move|p1b: Garchomp|Protect|p1b: Garchomp\n|-singleturn|p1b: Garchomp|Protect\n|move|p2a: Iron Hands|Fake Out|p1a: Talonflame\n|-damage|p1a: Talonflame|79\/100\n|move|p2b: Palafin|Jet Punch|p1a: Talonflame\n|-supereffective|p1a: Talonflame\n|-damage|p1a: Talonflame|11\/100\n|cant|p1a: Talonflame|flinch\n|\n|upkeep\n|turn|2\n|\n|t:|1682958649\n|switch|p1a: Iron Hands|Iron Hands, L50|100\/100\n|-end|p2a: Iron Hands|Quark Drive|[silent]\n|switch|p2a: Amoonguss|Amoonguss, L50, M|100\/100\n|move|p2b: Palafin|Jet Punch|p1a: Iron Hands\n|-damage|p1a: Iron Hands|82\/100\n|move|p1b: Garchomp|Rock Slide|p2a: Amoonguss|[spread] p2a,p2b\n|-damage|p2a: Amoonguss|79\/100\n|-damage|p2b: Palafin|67\/100\n|-damage|p1b: Garchomp|91\/100|[from] item: Life Orb\n|\n|upkeep\n|turn|3\n|\n|t:|1682958671\n|detailschange|p2b: Palafin|Palafin-Hero, L50, M\n|switch|p2b: Iron Hands|Iron Hands, L50, tera:Grass|100\/100\n|move|p1a: Iron Hands|Fake Out|p2a: Amoonguss\n|-damage|p2a: Amoonguss|65\/100\n|move|p1b: Garchomp|Rock Slide|p2a: Amoonguss|[spread] p2b\n|-miss|p1b: Garchomp|p2a: Amoonguss\n|-damage|p2b: Iron Hands|82\/100\n|-damage|p1b: Garchomp|81\/100|[from] item: Life Orb\n|cant|p2a: Amoonguss|flinch\n|\n|upkeep\n|turn|4\n|inactive|Null66 has 30 seconds left.\n|inactive|Reuselation has 30 seconds left.\n|\n|t:|1682958702\n|-end|p1a: Iron Hands|Quark Drive|[silent]\n|switch|p1a: Talonflame|Talonflame, L50, M|11\/100\n|move|p1b: Garchomp|Earthquake|p2b: Iron Hands|[spread] p2a,p2b\n|-immune|p1a: Talonflame\n|-resisted|p2b: Iron Hands\n|-damage|p2a: Amoonguss|18\/100\n|-damage|p2b: Iron Hands|64\/100\n|-enditem|p2a: Amoonguss|Sitrus Berry|[eat]\n|-heal|p2a: Amoonguss|43\/100|[from] item: Sitrus Berry\n|-damage|p1b: Garchomp|72\/100|[from] item: Life Orb\n|move|p2b: Iron Hands|Drain Punch|p1a: Talonflame\n|-resisted|p1a: Talonflame\n|-damage|p1a: Talonflame|0 fnt\n|-heal|p2b: Iron Hands|69\/100|[from] drain|[of] p1a: Talonflame\n|faint|p1a: Talonflame\n|move|p2a: Amoonguss|Spore|p1b: Garchomp\n|-status|p1b: Garchomp|slp|[from] move: Spore\n|\n|upkeep\n|\n|t:|1682958727\n|switch|p1a: Iron Bundle|Iron Bundle, L50, shiny|100\/100\n|-enditem|p1a: Iron Bundle|Booster Energy\n|-activate|p1a: Iron Bundle|ability: Quark Drive|[fromitem]\n|-start|p1a: Iron Bundle|quarkdrivespe\n|turn|5\n|\n|t:|1682958738\n|move|p1a: Iron Bundle|Protect|p1a: Iron Bundle\n|-singleturn|p1a: Iron Bundle|Protect\n|cant|p1b: Garchomp|slp\n|move|p2a: Amoonguss|Protect|p2a: Amoonguss\n|-singleturn|p2a: Amoonguss|Protect\n|move|p2b: Iron Hands|Drain Punch|p1a: Iron Bundle\n|-activate|p1a: Iron Bundle|move: Protect\n|\n|upkeep\n|turn|6\n|inactive|Null66 has 30 seconds left.\n|\n|t:|1682958764\n|switch|p2a: Chien-Pao|Chien-Pao, L50|100\/100\n|-ability|p2a: Chien-Pao|Sword of Ruin\n|-terastallize|p1a: Iron Bundle|Ghost\n|move|p1a: Iron Bundle|Icy Wind|p2b: Iron Hands|[spread] p2a,p2b\n|-resisted|p2a: Chien-Pao\n|-supereffective|p2b: Iron Hands\n|-damage|p2a: Chien-Pao|84\/100\n|-damage|p2b: Iron Hands|48\/100\n|-unboost|p2a: Chien-Pao|spe|1\n|-unboost|p2b: Iron Hands|spe|1\n|cant|p1b: Garchomp|slp\n|move|p2b: Iron Hands|Drain Punch|p1a: Iron Bundle\n|-immune|p1a: Iron Bundle\n|\n|upkeep\n|turn|7\n|inactive|Null66 has 30 seconds left.\n|\n|t:|1682958798\n|move|p1a: Iron Bundle|Freeze-Dry|p2b: Iron Hands\n|-supereffective|p2b: Iron Hands\n|-damage|p2b: Iron Hands|7\/100\n|cant|p1b: Garchomp|slp\n|move|p2a: Chien-Pao|Throat Chop|p1a: Iron Bundle\n|-supereffective|p1a: Iron Bundle\n|-damage|p1a: Iron Bundle|0 fnt\n|faint|p1a: Iron Bundle\n|-end|p1a: Iron Bundle|Quark Drive|[silent]\n|move|p2b: Iron Hands|Volt Switch|p1b: Garchomp\n|-immune|p1b: Garchomp\n|\n|upkeep\n|\n|t:|1682958808\n|switch|p1a: Iron Hands|Iron Hands, L50|82\/100\n|turn|8\n|\n|t:|1682958825\n|-end|p2b: Iron Hands|Quark Drive|[silent]\n|switch|p2b: Amoonguss|Amoonguss, L50, M|76\/100\n|move|p2a: Chien-Pao|Protect|p2a: Chien-Pao\n|-singleturn|p2a: Chien-Pao|Protect\n|move|p1a: Iron Hands|Fake Out|p2a: Chien-Pao\n|-activate|p2a: Chien-Pao|move: Protect\n|-curestatus|p1b: Garchomp|slp|[msg]\n|move|p1b: Garchomp|Rock Slide|p2b: Amoonguss|[spread] p2b\n|-activate|p2a: Chien-Pao|move: Protect\n|-damage|p2b: Amoonguss|43\/100\n|-damage|p1b: Garchomp|62\/100|[from] item: Life Orb\n|\n|upkeep\n|turn|9\n|\n|t:|1682958847\n|move|p1b: Garchomp|Protect|p1b: Garchomp\n|-singleturn|p1b: Garchomp|Protect\n|move|p2a: Chien-Pao|Ice Spinner|p1b: Garchomp\n|-activate|p1b: Garchomp|move: Protect\n|move|p1a: Iron Hands|Drain Punch|p2a: Chien-Pao\n|-supereffective|p2a: Chien-Pao\n|-damage|p2a: Chien-Pao|0 fnt\n|-heal|p1a: Iron Hands|100\/100|[from] drain|[of] p2a: Chien-Pao\n|faint|p2a: Chien-Pao\n|move|p2b: Amoonguss|Spore|p1a: Iron Hands\n|-status|p1a: Iron Hands|slp|[from] move: Spore\n|\n|upkeep\n|\n|t:|1682958861\n|switch|p2a: Palafin|Palafin-Hero, L50, M|67\/100\n|-activate|p2a: Palafin|ability: Zero to Hero\n|turn|10\n|\n|t:|1682958874\n|move|p2a: Palafin|Jet Punch|p1b: Garchomp\n|-damage|p1b: Garchomp|14\/100\n|-damage|p2a: Palafin|55\/100|[from] ability: Rough Skin|[of] p1b: Garchomp\n|move|p1b: Garchomp|Rock Slide|p2a: Palafin|[spread] p2a,p2b\n|-damage|p2a: Palafin|34\/100\n|-damage|p2b: Amoonguss|17\/100\n|-damage|p1b: Garchomp|4\/100|[from] item: Life Orb\n|cant|p1a: Iron Hands|slp\n|move|p2b: Amoonguss|Spore|p1b: Garchomp\n|-status|p1b: Garchomp|slp|[from] move: Spore\n|\n|upkeep\n|turn|11\n|\n|t:|1682958893\n|cant|p1b: Garchomp|slp\n|move|p2a: Palafin|Jet Punch|p1a: Iron Hands\n|-damage|p1a: Iron Hands|70\/100 slp\n|-curestatus|p1a: Iron Hands|slp|[msg]\n|move|p1a: Iron Hands|Wild Charge|p2a: Palafin\n|-supereffective|p2a: Palafin\n|-damage|p2a: Palafin|0 fnt\n|faint|p2a: Palafin\n|-damage|p1a: Iron Hands|64\/100|[from] Recoil\n|move|p2b: Amoonguss|Pollen Puff|p1b: Garchomp\n|-damage|p1b: Garchomp|0 fnt\n|faint|p1b: Garchomp\n|\n|upkeep\n|\n|t:|1682958910\n|switch|p2a: Iron Hands|Iron Hands, L50, tera:Grass|7\/100\n|turn|12\n|\n|t:|1682958923\n|move|p2a: Iron Hands|Drain Punch|p1a: Iron Hands\n|-damage|p1a: Iron Hands|38\/100\n|-heal|p2a: Iron Hands|21\/100|[from] drain|[of] p1a: Iron Hands\n|move|p1a: Iron Hands|Drain Punch|p2b: Amoonguss\n|-resisted|p2b: Amoonguss\n|-damage|p2b: Amoonguss|0 fnt\n|-heal|p1a: Iron Hands|45\/100|[from] drain|[of] p2b: Amoonguss\n|faint|p2b: Amoonguss\n|\n|upkeep\n|turn|13\n|\n|t:|1682958937\n|move|p2a: Iron Hands|Drain Punch|p1a: Iron Hands\n|-damage|p1a: Iron Hands|16\/100\n|-heal|p2a: Iron Hands|37\/100|[from] drain|[of] p1a: Iron Hands\n|move|p1a: Iron Hands|Drain Punch|p2a: Iron Hands\n|-damage|p2a: Iron Hands|8\/100\n|-heal|p1a: Iron Hands|30\/100|[from] drain|[of] p2a: Iron Hands\n|\n|upkeep\n|turn|14\n|\n|t:|1682958949\n|move|p2a: Iron Hands|Drain Punch|p1a: Iron Hands\n|-damage|p1a: Iron Hands|0 fnt\n|-heal|p2a: Iron Hands|24\/100|[from] drain|[of] p1a: Iron Hands\n|faint|p1a: Iron Hands\n|-end|p1a: Iron Hands|Quark Drive|[silent]\n|\n|win|Reuselation\n|raw|Null66's rating: 1099 → 1077<\/strong> (-22 for losing)\n|raw|Reuselation's rating: 1146 → 1168<\/strong> (+22 for winning)\n|l|\u2606Null66\n|c|\u2606Reuselation|Gg\n","uploadtime":1682958966,"views":18,"p1id":"null66","p2id":"reuselation","formatid":"gen9vgc2023regulationc","rating":1077,"private":0,"password":""}