{"id":"gen9vgc2023regulationc-1863532877","p1":"kodiedunn","p2":"AsianGuy96","format":"[Gen 9] VGC 2023 Regulation C","log":"|j|\u2606kodiedunn\n|j|\u2606AsianGuy96\n|t:|1684030428\n|gametype|doubles\n|player|p1|kodiedunn|102|\n|player|p2|AsianGuy96|266|\n|teamsize|p1|6\n|teamsize|p2|6\n|gen|9\n|tier|[Gen 9] VGC 2023 Regulation C\n|rule|Species Clause: Limit one of each Pok\u00e9mon\n|rule|Item Clause: Limit one of each item\n|clearpoke\n|poke|p1|Tauros-Paldea-Aqua, L50, M|\n|poke|p1|Armarouge, L50, F|\n|poke|p1|Froslass, L50, F|\n|poke|p1|Honchkrow, L50, F|\n|poke|p1|Scizor, L50, F|\n|poke|p1|Rotom-Wash, L50|\n|poke|p2|Sableye, L50, M|\n|poke|p2|Slaking, L50, M|\n|poke|p2|Iron Valiant, L50|\n|poke|p2|Annihilape, L50, F|\n|poke|p2|Oricorio-Pom-Pom, L50, F|\n|poke|p2|Volcarona, L50, M|\n|teampreview|4\n|inactive|Battle timer is ON: inactive players will automatically lose when time's up. (requested by AsianGuy96)\n|inactive|kodiedunn has 60 seconds left.\n|inactive|AsianGuy96 has 60 seconds left.\n|inactive|kodiedunn has 30 seconds left.\n|inactive|AsianGuy96 has 30 seconds left.\n|inactiveoff|Battle timer is now OFF.\n|\n|t:|1684030510\n|start\n|switch|p1a: Froslass|Froslass, L50, F|100\/100\n|switch|p1b: Tauros|Tauros-Paldea-Aqua, L50, M|100\/100\n|switch|p2a: Sableye|Sableye, L50, M|100\/100\n|switch|p2b: Slaking|Slaking, L50, M|100\/100\n|turn|1\n|j| LiluziHit\n|\n|t:|1684030555\n|-terastallize|p1b: Tauros|Ghost\n|move|p2a: Sableye|Fake Out|p1b: Tauros\n|-immune|p1b: Tauros\n|move|p1a: Froslass|Will-O-Wisp|p2b: Slaking\n|-status|p2b: Slaking|brn\n|move|p1b: Tauros|Trailblaze|p2b: Slaking\n|-damage|p2b: Slaking|89\/100 brn\n|-boost|p1b: Tauros|spe|1\n|move|p2b: Slaking|Night Slash|p1a: Froslass\n|-supereffective|p1a: Froslass\n|-damage|p1a: Froslass|68\/100\n|\n|-heal|p2b: Slaking|95\/100 brn|[from] item: Leftovers\n|-damage|p2b: Slaking|89\/100 brn|[from] brn\n|upkeep\n|turn|2\n|c| LiluziHit|let's go kodie\n|\n|t:|1684030605\n|switch|p2b: Annihilape|Annihilape, L50, F|100\/100\n|move|p2a: Sableye|Thunder Wave|p1b: Tauros\n|-status|p1b: Tauros|par\n|move|p1a: Froslass|Frost Breath|p1b: Tauros\n|-crit|p1b: Tauros\n|-damage|p1b: Tauros|78\/100 par\n|-setboost|p1b: Tauros|atk|6|[from] ability: Anger Point\n|move|p1b: Tauros|Raging Bull|p2a: Sableye\n|-damage|p2a: Sableye|0 fnt\n|faint|p2a: Sableye\n|\n|upkeep\n|l|\u2606AsianGuy96\n|player|p2|\n|j|\u2606AsianGuy96\n|player|p2|AsianGuy96|266\n|inactive|Battle timer is ON: inactive players will automatically lose when time's up. (requested by AsianGuy96)\n|n|\u2606AsianGuy96|asianguy96\n|\n|t:|1684030649\n|switch|p2a: Slaking|Slaking, L50, M|89\/100 brn\n|turn|3\n|inactive|kodiedunn has 30 seconds left.\n|\n|t:|1684030684\n|move|p2b: Annihilape|Phantom Force||[still]\n|-prepare|p2b: Annihilape|Phantom Force\n|move|p1a: Froslass|Will-O-Wisp|p2b: Annihilape|[miss]\n|-miss|p1a: Froslass|p2b: Annihilape\n|move|p1b: Tauros|Raging Bull|p2b: Annihilape|[miss]\n|-miss|p1b: Tauros|p2b: Annihilape\n|move|p2a: Slaking|Substitute|p2a: Slaking\n|-start|p2a: Slaking|Substitute\n|-damage|p2a: Slaking|64\/100 brn\n|\n|-heal|p2a: Slaking|70\/100 brn|[from] item: Leftovers\n|-damage|p2a: Slaking|64\/100 brn|[from] brn\n|upkeep\n|turn|4\n|inactive|AsianGuy96 has 30 seconds left.\n|\n|t:|1684030717\n|move|p2b: Annihilape|Phantom Force|p1b: Tauros|[from]lockedmove\n|-supereffective|p1b: Tauros\n|-damage|p1b: Tauros|0 fnt\n|faint|p1b: Tauros\n|move|p1a: Froslass|Destiny Bond|p1a: Froslass\n|-singlemove|p1a: Froslass|Destiny Bond\n|cant|p2a: Slaking|ability: Truant\n|\n|-heal|p2a: Slaking|70\/100 brn|[from] item: Leftovers\n|-damage|p2a: Slaking|64\/100 brn|[from] brn\n|upkeep\n|\n|t:|1684030727\n|switch|p1b: Honchkrow|Honchkrow, L50, F|100\/100\n|turn|5\n|\n|t:|1684030745\n|move|p2b: Annihilape|Phantom Force||[still]\n|-prepare|p2b: Annihilape|Phantom Force\n|move|p1a: Froslass|Frost Breath|p2a: Slaking\n|-crit|p2a: Slaking\n|-activate|p2a: Slaking|move: Substitute|[damage]\n|move|p2a: Slaking|Night Slash|p1a: Froslass\n|-supereffective|p1a: Froslass\n|-damage|p1a: Froslass|37\/100\n|move|p1b: Honchkrow|Perish Song|p1b: Honchkrow\n|-start|p1a: Froslass|perish3|[silent]\n|-start|p1b: Honchkrow|perish3|[silent]\n|-start|p2a: Slaking|perish3|[silent]\n|-miss|p1b: Honchkrow|p2b: Annihilape\n|-fieldactivate|move: Perish Song\n|\n|-heal|p2a: Slaking|70\/100 brn|[from] item: Leftovers\n|-damage|p2a: Slaking|64\/100 brn|[from] brn\n|-start|p1a: Froslass|perish3\n|-start|p2a: Slaking|perish3\n|-start|p1b: Honchkrow|perish3\n|upkeep\n|turn|6\n|inactive|AsianGuy96 has 30 seconds left.\n|inactive|AsianGuy96 has 20 seconds left.\n|inactive|AsianGuy96 has 15 seconds left.\n|\n|t:|1684030787\n|switch|p1a: Scizor|Scizor, L50, F|100\/100\n|move|p2b: Annihilape|Phantom Force|p1a: Scizor|[from]lockedmove\n|-damage|p1a: Scizor|53\/100\n|cant|p2a: Slaking|ability: Truant\n|move|p1b: Honchkrow|Brave Bird|p2b: Annihilape\n|-supereffective|p2b: Annihilape\n|-damage|p2b: Annihilape|0 fnt\n|faint|p2b: Annihilape\n|-damage|p1b: Honchkrow|71\/100|[from] Recoil\n|\n|-heal|p2a: Slaking|70\/100 brn|[from] item: Leftovers\n|-damage|p2a: Slaking|64\/100 brn|[from] brn\n|-start|p2a: Slaking|perish2\n|-start|p1b: Honchkrow|perish2\n|upkeep\n|c| LiluziHit|honchcrow????\n|\n|t:|1684030807\n|switch|p2b: Volcarona|Volcarona, L50, M|100\/100\n|turn|7\n|inactive|AsianGuy96 has 30 seconds left.\n|inactive|AsianGuy96 has 20 seconds left.\n|inactive|AsianGuy96 has 15 seconds left.\n|inactive|AsianGuy96 has 10 seconds left.\n|\n|t:|1684030853\n|-terastallize|p2b: Volcarona|Water\n|move|p2b: Volcarona|Fiery Dance|p1a: Scizor\n|-supereffective|p1a: Scizor\n|-damage|p1a: Scizor|0 fnt\n|faint|p1a: Scizor\n|move|p2a: Slaking|Body Slam|p1b: Honchkrow\n|-damage|p1b: Honchkrow|47\/100\n|move|p1b: Honchkrow|Brave Bird|p2b: Volcarona\n|-damage|p2b: Volcarona|27\/100\n|-status|p1b: Honchkrow|brn|[from] ability: Flame Body|[of] p2b: Volcarona\n|-damage|p1b: Honchkrow|29\/100 brn|[from] Recoil\n|\n|-heal|p2a: Slaking|70\/100 brn|[from] item: Leftovers\n|-damage|p2a: Slaking|64\/100 brn|[from] brn\n|-damage|p1b: Honchkrow|23\/100 brn|[from] brn\n|-start|p2a: Slaking|perish1\n|-start|p1b: Honchkrow|perish1\n|upkeep\n|\n|t:|1684030871\n|switch|p1a: Froslass|Froslass, L50, F|37\/100\n|turn|8\n|inactive|kodiedunn has 30 seconds left.\n|inactive|AsianGuy96 has 30 seconds left.\n|inactive|kodiedunn has 20 seconds left.\n|inactive|AsianGuy96 has 20 seconds left.\n|inactiveoff|Battle timer is now OFF.\n|\n|t:|1684030919\n|move|p1a: Froslass|Frost Breath|p2b: Volcarona\n|-resisted|p2b: Volcarona\n|-crit|p2b: Volcarona\n|-damage|p2b: Volcarona|16\/100\n|move|p2b: Volcarona|Fiery Dance|p1a: Froslass\n|-supereffective|p1a: Froslass\n|-damage|p1a: Froslass|0 fnt\n|faint|p1a: Froslass\n|cant|p2a: Slaking|ability: Truant\n|move|p1b: Honchkrow|Brave Bird|p2b: Volcarona\n|-damage|p2b: Volcarona|0 fnt\n|faint|p2b: Volcarona\n|-damage|p1b: Honchkrow|19\/100 brn|[from] Recoil\n|\n|-heal|p2a: Slaking|70\/100 brn|[from] item: Leftovers\n|-damage|p2a: Slaking|64\/100 brn|[from] brn\n|-damage|p1b: Honchkrow|13\/100 brn|[from] brn\n|-start|p2a: Slaking|perish0\n|-start|p1b: Honchkrow|perish0\n|upkeep\n|faint|p2a: Slaking\n|faint|p1b: Honchkrow\n|\n|win|kodiedunn\n|l| LiluziHit\n","uploadtime":1684030950,"views":12,"p1id":"kodiedunn","p2id":"asianguy96","formatid":"gen9vgc2023regulationc","rating":0,"private":0,"password":""}