{"id":"gen9vgc2023regulationc-1859807783","p1":"Just Crit And Win","p2":"WhatWasIC00KING","format":"[Gen 9] VGC 2023 Regulation C","log":"|j|\u2606Just Crit And Win\n|j|\u2606WhatWasIC00KING\n|t:|1683566213\n|gametype|doubles\n|player|p1|Just Crit And Win|1|\n|player|p2|WhatWasIC00KING|gambler|\n|teamsize|p1|6\n|teamsize|p2|6\n|gen|9\n|tier|[Gen 9] VGC 2023 Regulation C\n|rule|Species Clause: Limit one of each Pok\u00e9mon\n|rule|Item Clause: Limit one of each item\n|clearpoke\n|poke|p1|Flutter Mane, L50|\n|poke|p1|Arcanine, L50, M|\n|poke|p1|Palafin, L50, F|\n|poke|p1|Chien-Pao, L50|\n|poke|p1|Great Tusk, L50|\n|poke|p1|Amoonguss, L50, M|\n|poke|p2|Iron Hands, L50|\n|poke|p2|Oranguru, L50, M|\n|poke|p2|Hatterene, L50, F|\n|poke|p2|Kingambit, L50, M|\n|poke|p2|Torkoal, L50, F|\n|poke|p2|Indeedee-F, L50, F|\n|teampreview|4\n|inactive|Battle timer is ON: inactive players will automatically lose when time's up. (requested by Just Crit And Win)\nWhatWasIC00KING has agreed to open team sheets.\nJust Crit And Win has agreed to open team sheets.\n|inactive|Just Crit And Win has 60 seconds left.\n|\n|t:|1683566257\n|start\n|switch|p1a: Flutter Mane|Flutter Mane, L50|100\/100\n|switch|p1b: Chien-Pao|Chien-Pao, L50|100\/100\n|switch|p2a: Iron Hands|Iron Hands, L50|100\/100\n|switch|p2b: Oranguru|Oranguru, L50, M, shiny|100\/100\n|-ability|p1b: Chien-Pao|Sword of Ruin\n|-enditem|p1a: Flutter Mane|Booster Energy\n|-activate|p1a: Flutter Mane|ability: Protosynthesis|[fromitem]\n|-start|p1a: Flutter Mane|protosynthesisspa\n|turn|1\n|inactive|WhatWasIC00KING has 30 seconds left.\n|\n|t:|1683566283\n|move|p1a: Flutter Mane|Protect|p1a: Flutter Mane\n|-singleturn|p1a: Flutter Mane|Protect\n|move|p1b: Chien-Pao|Taunt|p2b: Oranguru\n|-start|p2b: Oranguru|move: Taunt\n|cant|p2b: Oranguru|move: Taunt|Instruct\n|move|p2a: Iron Hands|Wild Charge|p1a: Flutter Mane\n|-activate|p1a: Flutter Mane|move: Protect\n|\n|upkeep\n|turn|2\n|\n|t:|1683566304\n|switch|p2b: Indeedee|Indeedee-F, L50, F|100\/100\n|-fieldstart|move: Psychic Terrain|[from] ability: Psychic Surge|[of] p2b: Indeedee\n|-enditem|p2b: Indeedee|Psychic Seed\n|-boost|p2b: Indeedee|spd|1|[from] item: Psychic Seed\n|move|p1b: Chien-Pao|Ice Spinner|p2a: Iron Hands\n|-damage|p2a: Iron Hands|63\/100\n|-fieldend|move: Psychic Terrain\n|move|p1a: Flutter Mane|Moonblast|p2a: Iron Hands\n|-supereffective|p2a: Iron Hands\n|-damage|p2a: Iron Hands|2\/100\n|move|p2a: Iron Hands|Drain Punch|p1b: Chien-Pao\n|-supereffective|p1b: Chien-Pao\n|-enditem|p1b: Chien-Pao|Focus Sash\n|-damage|p1b: Chien-Pao|1\/100\n|-heal|p2a: Iron Hands|34\/100|[from] drain|[of] p1b: Chien-Pao\n|\n|upkeep\n|turn|3\n|inactive|Just Crit And Win has 30 seconds left.\n|inactive|WhatWasIC00KING has 30 seconds left.\n|\n|t:|1683566339\n|-end|p2a: Iron Hands|Quark Drive|[silent]\n|switch|p2a: Hatterene|Hatterene, L50, F|100\/100\n|move|p2b: Indeedee|Follow Me|p2b: Indeedee\n|-singleturn|p2b: Indeedee|move: Follow Me\n|move|p1b: Chien-Pao|Throat Chop|p2b: Indeedee\n|-supereffective|p2b: Indeedee\n|-damage|p2b: Indeedee|0 fnt\n|faint|p2b: Indeedee\n|move|p1a: Flutter Mane|Substitute|p1a: Flutter Mane\n|-start|p1a: Flutter Mane|Substitute\n|-damage|p1a: Flutter Mane|76\/100\n|\n|upkeep\n|\n|t:|1683566349\n|switch|p2b: Iron Hands|Iron Hands, L50|34\/100\n|turn|4\n|\n|t:|1683566364\n|move|p2b: Iron Hands|Fake Out|p1b: Chien-Pao\n|-damage|p1b: Chien-Pao|0 fnt\n|faint|p1b: Chien-Pao\n|move|p1a: Flutter Mane|Shadow Ball|p2a: Hatterene\n|-supereffective|p2a: Hatterene\n|-damage|p2a: Hatterene|0 fnt\n|faint|p2a: Hatterene\n|\n|upkeep\n|\n|t:|1683566371\n|switch|p1b: Amoonguss|Amoonguss, L50, M|100\/100\n|switch|p2a: Oranguru|Oranguru, L50, M, shiny|100\/100\n|turn|5\n|\n|t:|1683566389\n|-terastallize|p2b: Iron Hands|Grass\n|move|p1a: Flutter Mane|Moonblast|p2b: Iron Hands\n|-damage|p2b: Iron Hands|0 fnt\n|faint|p2b: Iron Hands\n|-end|p2b: Iron Hands|Quark Drive|[silent]\n|move|p2a: Oranguru|Yawn|p1b: Amoonguss\n|-start|p1b: Amoonguss|move: Yawn|[of] p2a: Oranguru\n|move|p1b: Amoonguss|Spore|p2a: Oranguru\n|-status|p2a: Oranguru|slp|[from] move: Spore\n|\n|upkeep\n|turn|6\n|\n|t:|1683566399\n|switch|p1b: Great Tusk|Great Tusk, L50|100\/100\n|move|p1a: Flutter Mane|Moonblast|p2a: Oranguru\n|-damage|p2a: Oranguru|53\/100 slp\n|cant|p2a: Oranguru|slp\n|\n|upkeep\n|turn|7\n|-message|WhatWasIC00KING forfeited.\n|\n|win|Just Crit And Win\n","uploadtime":1683566414,"views":3,"p1id":"justcritandwin","p2id":"whatwasic00king","formatid":"gen9vgc2023regulationc","rating":0,"private":0,"password":""}