{"id":"gen9vgc2023regulationc-1845869455","p1":"Kiriziio","p2":"bizhopp","format":"[Gen 9] VGC 2023 Regulation C","log":"|j|\u2606Kiriziio\n|j|\u2606bizhopp\n|t:|1681773449\n|gametype|doubles\n|player|p1|Kiriziio|lance|1216\n|player|p2|bizhopp|169|1139\n|teamsize|p1|6\n|teamsize|p2|6\n|gen|9\n|tier|[Gen 9] VGC 2023 Regulation C\n|rated|\n|rule|Species Clause: Limit one of each Pok\u00e9mon\n|rule|Item Clause: Limit one of each item\n|clearpoke\n|poke|p1|Dondozo, L50, F|\n|poke|p1|Tatsugiri-Stretchy, L50, M|\n|poke|p1|Chi-Yu, L50|\n|poke|p1|Flutter Mane, L50|\n|poke|p1|Dragonite, L50, M|\n|poke|p1|Glimmora, L50, F|\n|poke|p2|Brambleghast, L50, M|\n|poke|p2|Chien-Pao, L50|\n|poke|p2|Dragonite, L50, F|\n|poke|p2|Arcanine, L50, M|\n|poke|p2|Palafin, L50, F|\n|poke|p2|Gholdengo, L50|\n|teampreview|4\n|\n|t:|1681773497\n|start\n|switch|p1a: Flutter Mane|Flutter Mane, L50|100\/100\n|switch|p1b: Dondozo|Dondozo, L50, F|100\/100\n|switch|p2a: Dragonite|Dragonite, L50, F|100\/100\n|switch|p2b: Gholdengo|Gholdengo, L50|100\/100\n|-enditem|p1a: Flutter Mane|Booster Energy\n|-activate|p1a: Flutter Mane|ability: Protosynthesis|[fromitem]\n|-start|p1a: Flutter Mane|protosynthesisspe\n|turn|1\n|\n|t:|1681773527\n|-terastallize|p1a: Flutter Mane|Steel\n|-terastallize|p2b: Gholdengo|Rock\n|move|p1a: Flutter Mane|Hex|p2b: Gholdengo\n|-damage|p2b: Gholdengo|66\/100\n|move|p2a: Dragonite|Tailwind|p2a: Dragonite\n|-sidestart|p2: bizhopp|move: Tailwind\n|move|p2b: Gholdengo|Thunderbolt|p1b: Dondozo\n|-supereffective|p1b: Dondozo\n|-damage|p1b: Dondozo|35\/100\n|-enditem|p1b: Dondozo|Sitrus Berry|[eat]\n|-heal|p1b: Dondozo|60\/100|[from] item: Sitrus Berry\n|move|p1b: Dondozo|Yawn|p2a: Dragonite\n|-start|p2a: Dragonite|move: Yawn|[of] p1b: Dondozo\n|\n|upkeep\n|turn|2\n|\n|t:|1681773550\n|switch|p2a: Brambleghast|Brambleghast, L50, M|100\/100\n|-ability|p2a: Brambleghast|Wind Rider|boost\n|-boost|p2a: Brambleghast|atk|1\n|move|p1a: Flutter Mane|Moonblast|p2a: Brambleghast\n|-damage|p2a: Brambleghast|8\/100\n|move|p2b: Gholdengo|Thunderbolt|p1b: Dondozo\n|-supereffective|p1b: Dondozo\n|-damage|p1b: Dondozo|0 fnt\n|faint|p1b: Dondozo\n|\n|upkeep\n|\n|t:|1681773563\n|switch|p1b: Glimmora|Glimmora, L50, F|100\/100\n|turn|3\n|\n|t:|1681773587\n|switch|p2b: Dragonite|Dragonite, L50, F|100\/100\n|move|p1b: Glimmora|Spiky Shield|p1b: Glimmora\n|-singleturn|p1b: Glimmora|move: Protect\n|move|p1a: Flutter Mane|Substitute|p1a: Flutter Mane\n|-start|p1a: Flutter Mane|Substitute\n|-damage|p1a: Flutter Mane|76\/100\n|move|p2a: Brambleghast|Pounce|p1a: Flutter Mane\n|-resisted|p1a: Flutter Mane\n|-end|p1a: Flutter Mane|Substitute\n|\n|upkeep\n|turn|4\n|\n|t:|1681773627\n|move|p1a: Flutter Mane|Protect|p1a: Flutter Mane\n|-singleturn|p1a: Flutter Mane|Protect\n|move|p2a: Brambleghast|Shadow Sneak|p1a: Flutter Mane\n|-activate|p1a: Flutter Mane|move: Protect\n|move|p2b: Dragonite|Earthquake|p1b: Glimmora|[spread] p2a,p1b\n|-activate|p1a: Flutter Mane|move: Protect\n|-resisted|p2a: Brambleghast\n|-supereffective|p1b: Glimmora\n|-damage|p2a: Brambleghast|0 fnt\n|-enditem|p1b: Glimmora|Focus Sash\n|-damage|p1b: Glimmora|1\/100\n|-activate|p1b: Glimmora|ability: Toxic Debris\n|-sidestart|p2: bizhopp|move: Toxic Spikes\n|faint|p2a: Brambleghast\n|move|p1b: Glimmora|Toxic|p2b: Dragonite\n|-status|p2b: Dragonite|tox\n|-enditem|p2b: Dragonite|Lum Berry|[eat]\n|-curestatus|p2b: Dragonite|tox|[msg]\n|\n|-sideend|p2: bizhopp|move: Tailwind\n|upkeep\n|\n|t:|1681773655\n|switch|p2a: Chien-Pao|Chien-Pao, L50|100\/100\n|-status|p2a: Chien-Pao|psn\n|-ability|p2a: Chien-Pao|Sword of Ruin\n|turn|5\n|\n|t:|1681773694\n|move|p2b: Dragonite|Protect|p2b: Dragonite\n|-singleturn|p2b: Dragonite|Protect\n|move|p1a: Flutter Mane|Substitute|p1a: Flutter Mane\n|-start|p1a: Flutter Mane|Substitute\n|-damage|p1a: Flutter Mane|51\/100\n|move|p2a: Chien-Pao|Sacred Sword|p1a: Flutter Mane\n|-supereffective|p1a: Flutter Mane\n|-end|p1a: Flutter Mane|Substitute\n|move|p1b: Glimmora|Power Gem|p2a: Chien-Pao\n|-supereffective|p2a: Chien-Pao\n|-damage|p2a: Chien-Pao|37\/100 psn\n|\n|-damage|p2a: Chien-Pao|25\/100 psn|[from] psn\n|upkeep\n|turn|6\n|\n|t:|1681773718\n|move|p1a: Flutter Mane|Protect|p1a: Flutter Mane\n|-singleturn|p1a: Flutter Mane|Protect\n|move|p1b: Glimmora|Spiky Shield|p1b: Glimmora\n|-singleturn|p1b: Glimmora|move: Protect\n|move|p2b: Dragonite|Extreme Speed|p1b: Glimmora\n|-activate|p1b: Glimmora|move: Protect\n|-damage|p2b: Dragonite|88\/100|[from] Spiky Shield|[of] p1b: Glimmora\n|move|p2a: Chien-Pao|Ice Shard|p1a: Flutter Mane\n|-activate|p1a: Flutter Mane|move: Protect\n|\n|-damage|p2a: Chien-Pao|13\/100 psn|[from] psn\n|upkeep\n|turn|7\n|\n|t:|1681773738\n|move|p2b: Dragonite|Extreme Speed|p1b: Glimmora\n|-resisted|p1b: Glimmora\n|-crit|p1b: Glimmora\n|-damage|p1b: Glimmora|0 fnt\n|-activate|p1b: Glimmora|ability: Toxic Debris\n|-sidestart|p2: bizhopp|move: Toxic Spikes\n|faint|p1b: Glimmora\n|move|p2a: Chien-Pao|Ice Shard|p1a: Flutter Mane\n|-resisted|p1a: Flutter Mane\n|-damage|p1a: Flutter Mane|28\/100\n|move|p1a: Flutter Mane|Substitute|p1a: Flutter Mane\n|-start|p1a: Flutter Mane|Substitute\n|-damage|p1a: Flutter Mane|3\/100\n|\n|-damage|p2a: Chien-Pao|0 fnt|[from] psn\n|faint|p2a: Chien-Pao\n|upkeep\n|\n|t:|1681773750\n|switch|p2a: Gholdengo|Gholdengo, L50, tera:Rock|66\/100\n|switch|p1b: Chi-Yu|Chi-Yu, L50|100\/100\n|-ability|p1b: Chi-Yu|Beads of Ruin\n|-status|p2a: Gholdengo|tox\n|turn|8\n|\n|t:|1681773767\n|move|p2b: Dragonite|Extreme Speed|p1a: Flutter Mane\n|-resisted|p1a: Flutter Mane\n|-end|p1a: Flutter Mane|Substitute\n|move|p1a: Flutter Mane|Hex|p2a: Gholdengo\n|-damage|p2a: Gholdengo|0 fnt\n|faint|p2a: Gholdengo\n|move|p1b: Chi-Yu|Dark Pulse|p2b: Dragonite\n|-damage|p2b: Dragonite|31\/100\n|\n|upkeep\n|turn|9\n|\n|t:|1681773783\n|move|p1a: Flutter Mane|Moonblast|p2b: Dragonite\n|-supereffective|p2b: Dragonite\n|-damage|p2b: Dragonite|0 fnt\n|faint|p2b: Dragonite\n|\n|win|Kiriziio\n|raw|Kiriziio's rating: 1216 → 1236<\/strong> (+20 for winning)\n|raw|bizhopp's rating: 1139 → 1119<\/strong> (-20 for losing)\n","uploadtime":1681773789,"views":4,"p1id":"kiriziio","p2id":"bizhopp","formatid":"gen9vgc2023regulationc","rating":1119,"private":0,"password":""}