{"id":"gen9vgc2023regulationc-1855085955","p1":"G4rug4","p2":"Bakemono316","format":"[Gen 9] VGC 2023 Regulation C","log":"|j|\u2606G4rug4\n|j|\u2606Bakemono316\n|t:|1682899554\n|gametype|doubles\n|player|p1|G4rug4|265|\n|player|p2|Bakemono316|pryce|\n|teamsize|p1|6\n|teamsize|p2|6\n|gen|9\n|tier|[Gen 9] VGC 2023 Regulation C\n|rule|Species Clause: Limit one of each Pok\u00e9mon\n|rule|Item Clause: Limit one of each item\n|clearpoke\n|poke|p1|Ceruledge, L50, M|\n|poke|p1|Gyarados, L50, F|\n|poke|p1|Flutter Mane, L50|\n|poke|p1|Maushold, L50|\n|poke|p1|Ting-Lu, L50|\n|poke|p1|Chien-Pao, L50|\n|poke|p2|Gyarados, L50, F|\n|poke|p2|Bronzong, L50|\n|poke|p2|Amoonguss, L50, F|\n|poke|p2|Flutter Mane, L50|\n|poke|p2|Ting-Lu, L50|\n|poke|p2|Chi-Yu, L50|\n|teampreview|4\n|inactive|Battle timer is ON: inactive players will automatically lose when time's up. (requested by G4rug4)\nBakemono316 has agreed to open team sheets.\n|inactive|G4rug4 has 60 seconds left.\n|inactive|Bakemono316 has 60 seconds left.\nG4rug4 has agreed to open team sheets.\n|inactive|G4rug4 has 30 seconds left.\n|inactive|G4rug4 has 20 seconds left.\n|\n|t:|1682899625\n|start\n|switch|p1a: Gyarados|Gyarados, L50, F|100\/100\n|switch|p1b: Ceruledge|Ceruledge, L50, M|100\/100\n|switch|p2a: Gyarados|Gyarados, L50, F|100\/100\n|switch|p2b: Amoonguss|Amoonguss, L50, F|100\/100\n|-ability|p1a: Gyarados|Intimidate|boost\n|-unboost|p2a: Gyarados|atk|1\n|-unboost|p2b: Amoonguss|atk|1\n|-ability|p2a: Gyarados|Intimidate|boost\n|-unboost|p1a: Gyarados|atk|1\n|-unboost|p1b: Ceruledge|atk|1\n|turn|1\n|\n|t:|1682899648\n|switch|p1a: Chien-Pao|Chien-Pao, L50|100\/100\n|-ability|p1a: Chien-Pao|Sword of Ruin\n|switch|p2b: Ting-Lu|Ting-Lu, L50|100\/100\n|-ability|p2b: Ting-Lu|Vessel of Ruin\n|-terastallize|p1b: Ceruledge|Grass\n|move|p1b: Ceruledge|Bitter Blade|p2b: Ting-Lu\n|-damage|p2b: Ting-Lu|83\/100\n|move|p2a: Gyarados|Taunt|p1a: Chien-Pao\n|-start|p1a: Chien-Pao|move: Taunt\n|\n|upkeep\n|turn|2\n|inactive|G4rug4 has 30 seconds left.\n|inactive|Bakemono316 has 30 seconds left.\n|inactive|G4rug4 has 20 seconds left.\n|\n|t:|1682899686\n|-terastallize|p2b: Ting-Lu|Poison\n|move|p1a: Chien-Pao|Ice Spinner|p2b: Ting-Lu\n|-damage|p2b: Ting-Lu|58\/100\n|move|p1b: Ceruledge|Close Combat|p2b: Ting-Lu\n|-resisted|p2b: Ting-Lu\n|-damage|p2b: Ting-Lu|51\/100\n|-unboost|p1b: Ceruledge|def|1\n|-unboost|p1b: Ceruledge|spd|1\n|move|p2a: Gyarados|Thunder Wave|p1a: Chien-Pao\n|-status|p1a: Chien-Pao|par\n|move|p2b: Ting-Lu|Heavy Slam|p1a: Chien-Pao\n|-supereffective|p1a: Chien-Pao\n|-damage|p1a: Chien-Pao|24\/100 par\n|\n|upkeep\n|turn|3\n|\n|t:|1682899710\n|switch|p1b: Flutter Mane|Flutter Mane, L50|100\/100\n|switch|p1a: Gyarados|Gyarados, L50, F|100\/100\n|-ability|p1a: Gyarados|Intimidate|boost\n|-unboost|p2a: Gyarados|atk|1\n|-unboost|p2b: Ting-Lu|atk|1\n|move|p2a: Gyarados|Waterfall|p1a: Gyarados\n|-resisted|p1a: Gyarados\n|-damage|p1a: Gyarados|88\/100\n|move|p2b: Ting-Lu|Ruination|p1b: Flutter Mane\n|-damage|p1b: Flutter Mane|51\/100\n|\n|upkeep\n|turn|4\n|inactive|G4rug4 has 30 seconds left.\n|inactive|G4rug4 has 20 seconds left.\n|\n|t:|1682899745\n|switch|p2b: Amoonguss|Amoonguss, L50, F|100\/100\n|move|p2a: Gyarados|Protect|p2a: Gyarados\n|-singleturn|p2a: Gyarados|Protect\n|move|p1b: Flutter Mane|Shadow Ball|p2b: Amoonguss\n|-damage|p2b: Amoonguss|57\/100\n|move|p1a: Gyarados|Taunt|p2a: Gyarados\n|-activate|p2a: Gyarados|move: Protect\n|\n|upkeep\n|turn|5\n|inactive|G4rug4 has 30 seconds left.\n|inactive|G4rug4 has 20 seconds left.\n|\n|t:|1682899780\n|-end|p1b: Flutter Mane|Protosynthesis|[silent]\n|switch|p1b: Ceruledge|Ceruledge, L50, M, tera:Grass|100\/100\n|switch|p2a: Ting-Lu|Ting-Lu, L50, tera:Poison|51\/100\n|-ability|p2a: Ting-Lu|Vessel of Ruin\n|move|p1a: Gyarados|Thunder Wave|p2a: Ting-Lu\n|-status|p2a: Ting-Lu|par\n|move|p2b: Amoonguss|Pollen Puff|p2a: Ting-Lu\n|-heal|p2a: Ting-Lu|100\/100 par\n|\n|upkeep\n|turn|6\n|inactive|G4rug4 has 30 seconds left.\n|inactive|Bakemono316 has 30 seconds left.\n|\n|t:|1682899812\n|switch|p2b: Gyarados|Gyarados, L50, F|100\/100\n|-ability|p2b: Gyarados|Intimidate|boost\n|-unboost|p1a: Gyarados|atk|1\n|-unboost|p1b: Ceruledge|atk|1\n|move|p1b: Ceruledge|Tera Blast|p2b: Gyarados\n|-damage|p2b: Gyarados|71\/100\n|move|p1a: Gyarados|Taunt|p2b: Gyarados\n|-start|p2b: Gyarados|move: Taunt\n|move|p2a: Ting-Lu|Ruination|p1b: Ceruledge\n|-damage|p1b: Ceruledge|50\/100\n|\n|upkeep\n|turn|7\n|inactive|Bakemono316 has 30 seconds left.\n|inactive|Bakemono316 has 20 seconds left.\n|\n|t:|1682899848\n|switch|p1b: Chien-Pao|Chien-Pao, L50|24\/100 par\n|-ability|p1b: Chien-Pao|Sword of Ruin\n|move|p1a: Gyarados|Waterfall|p2a: Ting-Lu\n|-damage|p2a: Ting-Lu|82\/100 par\n|move|p2b: Gyarados|Waterfall|p1b: Chien-Pao\n|-damage|p1b: Chien-Pao|0 fnt\n|faint|p1b: Chien-Pao\n|move|p2a: Ting-Lu|Heavy Slam|p1a: Gyarados\n|-resisted|p1a: Gyarados\n|-damage|p1a: Gyarados|79\/100\n|\n|upkeep\n|\n|t:|1682899861\n|switch|p1b: Flutter Mane|Flutter Mane, L50|51\/100\n|turn|8\n|j| Ferchoxx\n|\n|t:|1682899882\n|switch|p1a: Ceruledge|Ceruledge, L50, M, tera:Grass|50\/100\n|switch|p2b: Amoonguss|Amoonguss, L50, F|90\/100\n|move|p1b: Flutter Mane|Shadow Ball|p2a: Ting-Lu\n|-damage|p2a: Ting-Lu|59\/100 par\n|move|p2a: Ting-Lu|Heavy Slam|p1b: Flutter Mane\n|-supereffective|p1b: Flutter Mane\n|-damage|p1b: Flutter Mane|0 fnt\n|faint|p1b: Flutter Mane\n|-end|p1b: Flutter Mane|Protosynthesis|[silent]\n|\n|upkeep\n|c| Ferchoxx|uy que cerdadas son esas\n|c| Ferchoxx|jaja\n|\n|t:|1682899894\n|switch|p1b: Gyarados|Gyarados, L50, F|79\/100\n|-ability|p1b: Gyarados|Intimidate|boost\n|-unboost|p2a: Ting-Lu|atk|1\n|-unboost|p2b: Amoonguss|atk|1\n|turn|9\n|\n|t:|1682899917\n|switch|p2a: Gyarados|Gyarados, L50, F|71\/100\n|-ability|p2a: Gyarados|Intimidate|boost\n|-unboost|p1a: Ceruledge|atk|1\n|-unboost|p1b: Gyarados|atk|1\n|move|p1a: Ceruledge|Bitter Blade|p2a: Gyarados\n|-resisted|p2a: Gyarados\n|-damage|p2a: Gyarados|55\/100\n|-heal|p1a: Ceruledge|59\/100|[from] drain|[of] p2a: Gyarados\n|move|p1b: Gyarados|Waterfall|p2b: Amoonguss\n|-resisted|p2b: Amoonguss\n|-damage|p2b: Amoonguss|78\/100\n|move|p2b: Amoonguss|Pollen Puff|p1a: Ceruledge\n|-supereffective|p1a: Ceruledge\n|-damage|p1a: Ceruledge|37\/100\n|\n|upkeep\n|turn|10\n|inactive|G4rug4 has 30 seconds left.\n|inactive|Bakemono316 has 30 seconds left.\n|\n|t:|1682899946\n|switch|p2b: Ting-Lu|Ting-Lu, L50, tera:Poison|59\/100 par\n|-ability|p2b: Ting-Lu|Vessel of Ruin\n|move|p1a: Ceruledge|Bitter Blade|p2b: Ting-Lu\n|-damage|p2b: Ting-Lu|44\/100 par\n|-heal|p1a: Ceruledge|47\/100|[from] drain|[of] p2b: Ting-Lu\n|move|p1b: Gyarados|Thunder Wave|p2a: Gyarados\n|-status|p2a: Gyarados|par\n|-enditem|p2a: Gyarados|Lum Berry|[eat]\n|-curestatus|p2a: Gyarados|par|[msg]\n|move|p2a: Gyarados|Thunder Wave|p1a: Ceruledge\n|-status|p1a: Ceruledge|par\n|\n|upkeep\n|turn|11\n|inactive|G4rug4 has 30 seconds left.\n|\n|t:|1682899972\n|move|p1b: Gyarados|Thunder Wave|p2a: Gyarados\n|-status|p2a: Gyarados|par\n|move|p1a: Ceruledge|Bitter Blade|p2b: Ting-Lu\n|-damage|p2b: Ting-Lu|30\/100 par\n|-heal|p1a: Ceruledge|56\/100 par|[from] drain|[of] p2b: Ting-Lu\n|move|p2a: Gyarados|Waterfall|p1a: Ceruledge\n|-resisted|p1a: Ceruledge\n|-damage|p1a: Ceruledge|33\/100 par\n|cant|p2b: Ting-Lu|par\n|\n|upkeep\n|turn|12\n|\n|t:|1682899993\n|switch|p2a: Amoonguss|Amoonguss, L50, F|100\/100\n|move|p1b: Gyarados|Waterfall|p2a: Amoonguss\n|-resisted|p2a: Amoonguss\n|-damage|p2a: Amoonguss|89\/100\n|move|p1a: Ceruledge|Bitter Blade|p2b: Ting-Lu\n|-crit|p2b: Ting-Lu\n|-damage|p2b: Ting-Lu|1\/100 par\n|-heal|p1a: Ceruledge|53\/100 par|[from] drain|[of] p2b: Ting-Lu\n|move|p2b: Ting-Lu|Heavy Slam|p1a: Ceruledge\n|-damage|p1a: Ceruledge|15\/100 par\n|\n|upkeep\n|turn|13\n|inactive|G4rug4 has 30 seconds left.\n|\n|t:|1682900019\n|switch|p2b: Gyarados|Gyarados, L50, F|55\/100 par\n|-ability|p2b: Gyarados|Intimidate|boost\n|-unboost|p1a: Ceruledge|atk|1\n|-unboost|p1b: Gyarados|atk|1\n|move|p1b: Gyarados|Thunder Wave|p2a: Amoonguss|[miss]\n|-miss|p1b: Gyarados|p2a: Amoonguss\n|move|p1a: Ceruledge|Bitter Blade|p2a: Amoonguss\n|-supereffective|p2a: Amoonguss\n|-damage|p2a: Amoonguss|47\/100\n|-heal|p1a: Ceruledge|38\/100 par|[from] drain|[of] p2a: Amoonguss\n|-enditem|p2a: Amoonguss|Sitrus Berry|[eat]\n|-heal|p2a: Amoonguss|72\/100|[from] item: Sitrus Berry\n|move|p2a: Amoonguss|Pollen Puff|p1a: Ceruledge\n|-supereffective|p1a: Ceruledge\n|-damage|p1a: Ceruledge|15\/100 par\n|\n|upkeep\n|turn|14\n|\n|t:|1682900041\n|switch|p2a: Ting-Lu|Ting-Lu, L50, tera:Poison|1\/100 par\n|-ability|p2a: Ting-Lu|Vessel of Ruin\n|move|p1b: Gyarados|Thunder Wave|p2a: Ting-Lu\n|-fail|p2a: Ting-Lu|par\n|move|p1a: Ceruledge|Bitter Blade|p2a: Ting-Lu\n|-damage|p2a: Ting-Lu|0 fnt\n|-heal|p1a: Ceruledge|16\/100 par|[from] drain|[of] p2a: Ting-Lu\n|faint|p2a: Ting-Lu\n|move|p2b: Gyarados|Waterfall|p1a: Ceruledge\n|-resisted|p1a: Ceruledge\n|-damage|p1a: Ceruledge|0 fnt\n|faint|p1a: Ceruledge\n|\n|upkeep\n|\n|t:|1682900055\n|switch|p2a: Amoonguss|Amoonguss, L50, F|100\/100\n|turn|15\n|c| Ferchoxx|iiish\n|\n|t:|1682900062\n|move|p1b: Gyarados|Waterfall|p2a: Amoonguss\n|-resisted|p2a: Amoonguss\n|-damage|p2a: Amoonguss|91\/100\n|move|p2b: Gyarados|Thunder Wave|p1b: Gyarados\n|-status|p1b: Gyarados|par\n|cant|p2a: Amoonguss|flinch\n|\n|upkeep\n|turn|16\n|\n|t:|1682900073\n|switch|p2b: Flutter Mane|Flutter Mane, L50|100\/100\n|move|p1b: Gyarados|Waterfall|p2a: Amoonguss\n|-resisted|p2a: Amoonguss\n|-damage|p2a: Amoonguss|82\/100\n|cant|p2a: Amoonguss|flinch\n|\n|upkeep\n|turn|17\n|\n|t:|1682900085\n|move|p2b: Flutter Mane|Hex|p1b: Gyarados\n|-damage|p1b: Gyarados|0 fnt\n|faint|p1b: Gyarados\n|\n|win|Bakemono316\n","uploadtime":1682900093,"views":4,"p1id":"g4rug4","p2id":"bakemono316","formatid":"gen9vgc2023regulationc","rating":0,"private":0,"password":""}