{"id":"gen9vgc2023regulationc-1845754217","p1":"TonnyDolfing","p2":"shanaha","format":"[Gen 9] VGC 2023 Regulation C","log":"|j|\u2606TonnyDolfing\n|j|\u2606shanaha\n|t:|1681761438\n|gametype|doubles\n|player|p1|TonnyDolfing|lucas-gen4pt|1047\n|player|p2|shanaha|1|1000\n|teamsize|p1|6\n|teamsize|p2|6\n|gen|9\n|tier|[Gen 9] VGC 2023 Regulation C\n|rated|\n|rule|Species Clause: Limit one of each Pok\u00e9mon\n|rule|Item Clause: Limit one of each item\n|clearpoke\n|poke|p1|Ting-Lu, L50|\n|poke|p1|Amoonguss, L50, M|\n|poke|p1|Arcanine, L50, F|\n|poke|p1|Flutter Mane, L50|\n|poke|p1|Palafin, L50, M|\n|poke|p1|Dragonite, L50, F|\n|poke|p2|Garganacl, L50, M|\n|poke|p2|Armarouge, L50, M|\n|poke|p2|Indeedee-F, L50, F|\n|poke|p2|Farigiraf, L50, M|\n|poke|p2|Arcanine, L50, M|\n|poke|p2|Tsareena, L50, F|\n|teampreview|4\n|\n|t:|1681761457\n|start\n|switch|p1a: Ting-Lu|Ting-Lu, L50|100\/100\n|switch|p1b: Arcanine|Arcanine, L50, F|100\/100\n|switch|p2a: Indeedee|Indeedee-F, L50, F|100\/100\n|switch|p2b: Farigiraf|Farigiraf, L50, M|100\/100\n|-ability|p1b: Arcanine|Intimidate|boost\n|-unboost|p2a: Indeedee|atk|1\n|-unboost|p2b: Farigiraf|atk|1\n|-fieldstart|move: Psychic Terrain|[from] ability: Psychic Surge|[of] p2a: Indeedee\n|-enditem|p2a: Indeedee|Psychic Seed\n|-boost|p2a: Indeedee|spd|1|[from] item: Psychic Seed\n|-ability|p1a: Ting-Lu|Vessel of Ruin\n|turn|1\n|\n|t:|1681761473\n|move|p1b: Arcanine|Protect|p1b: Arcanine\n|-singleturn|p1b: Arcanine|Protect\n|move|p2a: Indeedee|Baton Pass|p2a: Indeedee\n|\n|t:|1681761478\n|switch|p2a: Garganacl|Garganacl, L50, M|100\/100|[from] Baton Pass\n|move|p1a: Ting-Lu|Earthquake|p2a: Garganacl|[spread] p2a,p2b\n|-activate|p1b: Arcanine|move: Protect\n|-supereffective|p2a: Garganacl\n|-damage|p2a: Garganacl|50\/100\n|-damage|p2b: Farigiraf|58\/100\n|move|p2b: Farigiraf|Trick Room|p2b: Farigiraf\n|-fieldstart|move: Trick Room|[of] p2b: Farigiraf\n|\n|-heal|p2a: Garganacl|56\/100|[from] item: Leftovers\n|upkeep\n|turn|2\n|\n|t:|1681761498\n|move|p1b: Arcanine|Extreme Speed|p2a: Garganacl\n|-activate|p2a: Garganacl|move: Psychic Terrain\n|move|p2a: Garganacl|Iron Defense|p2a: Garganacl\n|-boost|p2a: Garganacl|def|2\n|move|p1a: Ting-Lu|Earthquake|p2a: Garganacl|[spread] p1b,p2a,p2b\n|-supereffective|p1b: Arcanine\n|-supereffective|p2a: Garganacl\n|-damage|p1b: Arcanine|32\/100\n|-damage|p2a: Garganacl|29\/100\n|-damage|p2b: Farigiraf|20\/100\n|move|p2b: Farigiraf|Skill Swap|p2a: Garganacl\n|-activate|p2b: Farigiraf|move: Skill Swap|||[of] p2a: Garganacl\n|\n|-heal|p2a: Garganacl|35\/100|[from] item: Leftovers\n|upkeep\n|turn|3\n|\n|t:|1681761514\n|-terastallize|p2a: Garganacl|Flying\n|move|p1b: Arcanine|Protect|p1b: Arcanine\n|-singleturn|p1b: Arcanine|Protect\n|move|p2a: Garganacl|Recover|p2a: Garganacl\n|-heal|p2a: Garganacl|85\/100\n|move|p1a: Ting-Lu|Earthquake|p2b: Farigiraf|[spread] p2b\n|-activate|p1b: Arcanine|move: Protect\n|-immune|p2a: Garganacl\n|-damage|p2b: Farigiraf|0 fnt\n|faint|p2b: Farigiraf\n|\n|-heal|p2a: Garganacl|91\/100|[from] item: Leftovers\n|upkeep\n|\n|t:|1681761529\n|switch|p2b: Tsareena|Tsareena, L50, F|100\/100\n|turn|4\n|\n|t:|1681761553\n|switch|p1a: Amoonguss|Amoonguss, L50, M|100\/100\n|move|p2a: Garganacl|Salt Cure|p1b: Arcanine\n|-supereffective|p1b: Arcanine\n|-damage|p1b: Arcanine|14\/100\n|-start|p1b: Arcanine|Salt Cure\n|move|p2b: Tsareena|Fling|p2a: Garganacl\n|-damage|p2a: Garganacl|89\/100\n|-heal|p2a: Garganacl|100\/100|[from] item: Sitrus Berry\n|-enditem|p2b: Tsareena|Sitrus Berry|[from] move: Fling\n|move|p1b: Arcanine|Flare Blitz|p2b: Tsareena\n|-supereffective|p2b: Tsareena\n|-damage|p2b: Tsareena|16\/100\n|-damage|p1b: Arcanine|0 fnt|[from] Recoil\n|faint|p1b: Arcanine\n|\n|upkeep\n|\n|t:|1681761568\n|switch|p1b: Flutter Mane|Flutter Mane, L50|100\/100\n|-enditem|p1b: Flutter Mane|Booster Energy\n|-activate|p1b: Flutter Mane|ability: Protosynthesis|[fromitem]\n|-start|p1b: Flutter Mane|protosynthesisspe\n|turn|5\n|\n|t:|1681761580\n|-terastallize|p1b: Flutter Mane|Fairy\n|move|p1a: Amoonguss|Pollen Puff|p2b: Tsareena\n|-supereffective|p2b: Tsareena\n|-damage|p2b: Tsareena|0 fnt\n|faint|p2b: Tsareena\n|move|p2a: Garganacl|Salt Cure|p1b: Flutter Mane\n|-damage|p1b: Flutter Mane|79\/100\n|-start|p1b: Flutter Mane|Salt Cure\n|move|p1b: Flutter Mane|Moonblast|p2a: Garganacl\n|-damage|p2a: Garganacl|71\/100\n|\n|-heal|p2a: Garganacl|76\/100|[from] item: Leftovers\n|-damage|p1b: Flutter Mane|67\/100|[from] Salt Cure\n|-fieldend|move: Trick Room\n|-fieldend|move: Psychic Terrain\n|-activate|p2a: Garganacl|ability: Cud Chew\n|-enditem|p2a: Garganacl|Sitrus Berry|[eat]\n|-heal|p2a: Garganacl|100\/100|[from] item: Sitrus Berry\n|upkeep\n|\n|t:|1681761597\n|switch|p2b: Indeedee|Indeedee-F, L50, F|100\/100\n|-fieldstart|move: Psychic Terrain|[from] ability: Psychic Surge|[of] p2b: Indeedee\n|turn|6\n|\n|t:|1681761620\n|-end|p1b: Flutter Mane|Protosynthesis|[silent]\n|switch|p1b: Ting-Lu|Ting-Lu, L50|100\/100\n|-ability|p1b: Ting-Lu|Vessel of Ruin\n|move|p2b: Indeedee|Follow Me|p2b: Indeedee\n|-singleturn|p2b: Indeedee|move: Follow Me\n|move|p2a: Garganacl|Salt Cure|p1a: Amoonguss\n|-damage|p1a: Amoonguss|92\/100\n|-start|p1a: Amoonguss|Salt Cure\n|move|p1a: Amoonguss|Spore|p2b: Indeedee\n|-status|p2b: Indeedee|slp|[from] move: Spore\n|\n|-damage|p1a: Amoonguss|80\/100|[from] Salt Cure\n|upkeep\n|turn|7\n|\n|t:|1681761645\n|move|p1a: Amoonguss|Protect|p1a: Amoonguss\n|-singleturn|p1a: Amoonguss|Protect\n|move|p1b: Ting-Lu|Earthquake|p2a: Garganacl|[spread] p2b\n|-activate|p1a: Amoonguss|move: Protect\n|-immune|p2a: Garganacl\n|-damage|p2b: Indeedee|49\/100 slp\n|move|p2a: Garganacl|Iron Defense|p2a: Garganacl\n|-boost|p2a: Garganacl|def|2\n|cant|p2b: Indeedee|slp\n|\n|-damage|p1a: Amoonguss|68\/100|[from] Salt Cure\n|upkeep\n|turn|8\n|\n|t:|1681761664\n|switch|p1a: Flutter Mane|Flutter Mane, L50, tera:Fairy|67\/100\n|cant|p2b: Indeedee|slp\n|move|p1b: Ting-Lu|Ruination|p2a: Garganacl\n|-damage|p2a: Garganacl|51\/100\n|move|p2a: Garganacl|Salt Cure|p1b: Ting-Lu\n|-resisted|p1b: Ting-Lu\n|-damage|p1b: Ting-Lu|98\/100\n|-start|p1b: Ting-Lu|Salt Cure\n|\n|-heal|p2a: Garganacl|57\/100|[from] item: Leftovers\n|-damage|p1b: Ting-Lu|86\/100|[from] Salt Cure\n|upkeep\n|turn|9\n|inactive|Battle timer is ON: inactive players will automatically lose when time's up. (requested by shanaha)\n|\n|t:|1681761693\n|move|p2a: Garganacl|Protect|p2a: Garganacl\n|-singleturn|p2a: Garganacl|Protect\n|move|p1a: Flutter Mane|Moonblast|p2a: Garganacl\n|-activate|p2a: Garganacl|move: Protect\n|move|p1b: Ting-Lu|Heavy Slam|p2a: Garganacl\n|-activate|p2a: Garganacl|move: Protect\n|cant|p2b: Indeedee|slp\n|\n|-heal|p2a: Garganacl|62\/100|[from] item: Leftovers\n|-damage|p1b: Ting-Lu|73\/100|[from] Salt Cure\n|upkeep\n|turn|10\n|\n|t:|1681761707\n|move|p1a: Flutter Mane|Moonblast|p2a: Garganacl\n|-damage|p2a: Garganacl|40\/100\n|move|p1b: Ting-Lu|Heavy Slam|p2a: Garganacl\n|-damage|p2a: Garganacl|35\/100\n|move|p2a: Garganacl|Recover|p2a: Garganacl\n|-heal|p2a: Garganacl|85\/100\n|-curestatus|p2b: Indeedee|slp|[msg]\n|move|p2b: Indeedee|Trick Room|p2b: Indeedee\n|-fieldstart|move: Trick Room|[of] p2b: Indeedee\n|\n|-heal|p2a: Garganacl|91\/100|[from] item: Leftovers\n|-damage|p1b: Ting-Lu|61\/100|[from] Salt Cure\n|-fieldend|move: Psychic Terrain\n|upkeep\n|turn|11\n|\n|t:|1681761724\n|move|p2a: Garganacl|Salt Cure|p1a: Flutter Mane\n|-damage|p1a: Flutter Mane|45\/100\n|-start|p1a: Flutter Mane|Salt Cure\n|move|p1b: Ting-Lu|Ruination|p2a: Garganacl\n|-damage|p2a: Garganacl|46\/100\n|move|p2b: Indeedee|Psychic|p1a: Flutter Mane\n|-damage|p1a: Flutter Mane|22\/100\n|move|p1a: Flutter Mane|Moonblast|p2a: Garganacl\n|-damage|p2a: Garganacl|22\/100\n|\n|-heal|p2a: Garganacl|28\/100|[from] item: Leftovers\n|-damage|p1b: Ting-Lu|49\/100|[from] Salt Cure\n|-damage|p1a: Flutter Mane|10\/100|[from] Salt Cure\n|upkeep\n|turn|12\n|inactive|TonnyDolfing has 30 seconds left.\n|\n|t:|1681761752\n|move|p2a: Garganacl|Recover|p2a: Garganacl\n|-heal|p2a: Garganacl|78\/100\n|move|p1b: Ting-Lu|Heavy Slam|p2a: Garganacl\n|-damage|p2a: Garganacl|73\/100\n|move|p2b: Indeedee|Psychic|p1a: Flutter Mane\n|-crit|p1a: Flutter Mane\n|-damage|p1a: Flutter Mane|0 fnt\n|faint|p1a: Flutter Mane\n|-end|p1a: Flutter Mane|Protosynthesis|[silent]\n|\n|-heal|p2a: Garganacl|79\/100|[from] item: Leftovers\n|-damage|p1b: Ting-Lu|37\/100|[from] Salt Cure\n|upkeep\n|c|\u2606TonnyDolfing|well played\n|c|\u2606TonnyDolfing|gg\n|\n|t:|1681761772\n|switch|p1a: Amoonguss|Amoonguss, L50, M|100\/100\n|turn|13\n|\n|t:|1681761778\n|move|p1a: Amoonguss|Pollen Puff|p2a: Garganacl\n|-resisted|p2a: Garganacl\n|-damage|p2a: Garganacl|76\/100\n|move|p2a: Garganacl|Salt Cure|p1a: Amoonguss\n|-damage|p1a: Amoonguss|92\/100\n|-start|p1a: Amoonguss|Salt Cure\n|move|p1b: Ting-Lu|Ruination|p2a: Garganacl\n|-damage|p2a: Garganacl|38\/100\n|move|p2b: Indeedee|Psychic|p1a: Amoonguss\n|-supereffective|p1a: Amoonguss\n|-damage|p1a: Amoonguss|56\/100\n|-unboost|p1a: Amoonguss|spd|1\n|\n|-heal|p2a: Garganacl|44\/100|[from] item: Leftovers\n|-damage|p1a: Amoonguss|43\/100|[from] Salt Cure\n|-damage|p1b: Ting-Lu|25\/100|[from] Salt Cure\n|upkeep\n|-enditem|p1a: Amoonguss|Sitrus Berry|[eat]\n|-heal|p1a: Amoonguss|68\/100|[from] item: Sitrus Berry\n|turn|14\n|inactive|TonnyDolfing has 30 seconds left.\n|\n|t:|1681761805\n|move|p1a: Amoonguss|Pollen Puff|p1b: Ting-Lu\n|-heal|p1b: Ting-Lu|75\/100\n|move|p2a: Garganacl|Recover|p2a: Garganacl\n|-heal|p2a: Garganacl|94\/100\n|move|p1b: Ting-Lu|Heavy Slam|p2b: Indeedee\n|-damage|p2b: Indeedee|0 fnt\n|faint|p2b: Indeedee\n|\n|-heal|p2a: Garganacl|99\/100|[from] item: Leftovers\n|-damage|p1a: Amoonguss|56\/100|[from] Salt Cure\n|-damage|p1b: Ting-Lu|62\/100|[from] Salt Cure\n|-fieldend|move: Trick Room\n|upkeep\n|turn|15\n|\n|t:|1681761826\n|move|p1b: Ting-Lu|Heavy Slam|p2a: Garganacl\n|-damage|p2a: Garganacl|95\/100\n|move|p2a: Garganacl|Salt Cure|p1a: Amoonguss\n|-damage|p1a: Amoonguss|48\/100\n|move|p1a: Amoonguss|Pollen Puff|p2a: Garganacl\n|-resisted|p2a: Garganacl\n|-damage|p2a: Garganacl|92\/100\n|\n|-heal|p2a: Garganacl|98\/100|[from] item: Leftovers\n|-damage|p1b: Ting-Lu|50\/100|[from] Salt Cure\n|-damage|p1a: Amoonguss|35\/100|[from] Salt Cure\n|upkeep\n|turn|16\n|\n|t:|1681761842\n|move|p1b: Ting-Lu|Ruination|p2a: Garganacl\n|-damage|p2a: Garganacl|49\/100\n|move|p2a: Garganacl|Salt Cure|p1a: Amoonguss\n|-damage|p1a: Amoonguss|27\/100\n|move|p1a: Amoonguss|Pollen Puff|p2a: Garganacl\n|-resisted|p2a: Garganacl\n|-crit|p2a: Garganacl\n|-damage|p2a: Garganacl|43\/100\n|\n|-heal|p2a: Garganacl|48\/100|[from] item: Leftovers\n|-damage|p1b: Ting-Lu|38\/100|[from] Salt Cure\n|-damage|p1a: Amoonguss|15\/100|[from] Salt Cure\n|upkeep\n|turn|17\n|\n|t:|1681761858\n|move|p1b: Ting-Lu|Body Press|p2a: Garganacl\n|-resisted|p2a: Garganacl\n|-damage|p2a: Garganacl|45\/100\n|move|p2a: Garganacl|Salt Cure|p1a: Amoonguss\n|-damage|p1a: Amoonguss|7\/100\n|move|p1a: Amoonguss|Spore|p2a: Garganacl\n|-status|p2a: Garganacl|slp|[from] move: Spore\n|\n|-heal|p2a: Garganacl|51\/100 slp|[from] item: Leftovers\n|-damage|p1b: Ting-Lu|26\/100|[from] Salt Cure\n|-damage|p1a: Amoonguss|0 fnt|[from] Salt Cure\n|faint|p1a: Amoonguss\n|upkeep\n|turn|18\n|\n|t:|1681761873\n|move|p1b: Ting-Lu|Ruination|p2a: Garganacl|[miss]\n|-miss|p1b: Ting-Lu|p2a: Garganacl\n|cant|p2a: Garganacl|slp\n|\n|-heal|p2a: Garganacl|57\/100 slp|[from] item: Leftovers\n|-damage|p1b: Ting-Lu|13\/100|[from] Salt Cure\n|upkeep\n|turn|19\n|\n|t:|1681761882\n|move|p1b: Ting-Lu|Ruination|p2a: Garganacl\n|-damage|p2a: Garganacl|29\/100 slp\n|cant|p2a: Garganacl|slp\n|\n|-heal|p2a: Garganacl|35\/100 slp|[from] item: Leftovers\n|-damage|p1b: Ting-Lu|1\/100|[from] Salt Cure\n|upkeep\n|turn|20\n|\n|t:|1681761890\n|move|p1b: Ting-Lu|Heavy Slam|p2a: Garganacl\n|-damage|p2a: Garganacl|30\/100 slp\n|cant|p2a: Garganacl|slp\n|\n|-heal|p2a: Garganacl|36\/100 slp|[from] item: Leftovers\n|-damage|p1b: Ting-Lu|0 fnt|[from] Salt Cure\n|faint|p1b: Ting-Lu\n|\n|win|shanaha\n|upkeep\n|raw|TonnyDolfing's rating: 1047 → 1028<\/strong> (-19 for losing)\n|raw|shanaha's rating: 1000 → 1045<\/strong> (+45 for winning)\n","uploadtime":1681761902,"views":5,"p1id":"tonnydolfing","p2id":"shanaha","formatid":"gen9vgc2023regulationc","rating":1028,"private":0,"password":""}