{"id":"gen9vgc2023regulationc-1847490653","p1":"leafyarrow","p2":"Tempest brute","format":"[Gen 9] VGC 2023 Regulation C","log":"|j|\u2606leafyarrow\n|j|\u2606Tempest brute\n|t:|1681961797\n|gametype|doubles\n|player|p1|leafyarrow|1|\n|player|p2|Tempest brute|veteran|\n|teamsize|p1|6\n|teamsize|p2|4\n|gen|9\n|tier|[Gen 9] VGC 2023 Regulation C\n|rated|Tournament battle\n|rule|Species Clause: Limit one of each Pok\u00e9mon\n|rule|Item Clause: Limit one of each item\n|clearpoke\n|poke|p1|Flutter Mane, L50|\n|poke|p1|Palafin, L50, M|\n|poke|p1|Amoonguss, L50, F|\n|poke|p1|Ting-Lu, L50|\n|poke|p1|Arcanine, L50, F|\n|poke|p1|Roaring Moon, L50|\n|poke|p2|Ting-Lu, L50|\n|poke|p2|Roaring Moon, L50|\n|poke|p2|Klefki, L50, M|\n|poke|p2|Skeledirge, L50, M|\n|teampreview|4\n|raw| Open Team Sheet for leafyarrow<\/summary>Flutter Mane @ Choice Specs Ability: Protosynthesis Level: 50 Tera Type: Fairy - Moonblast - Dazzling Gleam - Shadow Ball - Power Gem Palafin @ Mystic Water Ability: Zero to Hero Level: 50 Tera Type: Water - Jet Punch - Wave Crash - Haze - Protect Amoonguss @ Sitrus Berry Ability: Regenerator Level: 50 Tera Type: Flying - Pollen Puff - Protect - Spore - Rage Powder Ting-Lu @ Assault Vest Ability: Vessel of Ruin Level: 50 Tera Type: Poison - Ruination - Stomping Tantrum - Heavy Slam - Fissure Arcanine @ Safety Goggles Ability: Intimidate Level: 50 Tera Type: Grass - Flare Blitz - Will-O-Wisp - Protect - Extreme Speed Roaring Moon @ Booster Energy Ability: Protosynthesis Level: 50 Tera Type: Flying - Throat Chop - Acrobatics - Dragon Dance - Protect <\/details><\/div> Open Team Sheet for Tempest brute<\/summary>Ting-Lu @ Leftovers Ability: Vessel of Ruin Level: 50 Tera Type: Water - Body Press - Throat Chop - Whirlwind - Protect Roaring Moon @ Booster Energy Ability: Protosynthesis Level: 50 Tera Type: Flying - Substitute - Acrobatics - Jaw Lock - Protect Klefki @ Light Clay Ability: Prankster Level: 50 Tera Type: Water - Reflect - Light Screen - Thunder Wave - Dazzling Gleam Skeledirge @ Sitrus Berry Ability: Unaware Level: 50 Tera Type: Grass - Will-O-Wisp - Torch Song - Shadow Ball - Slack Off <\/details><\/div>\n|j| benjirz9\n|\n|t:|1681961875\n|start\n|switch|p1a: Palafin|Palafin, L50, M|100\/100\n|switch|p1b: Roaring Moon|Roaring Moon, L50|100\/100\n|switch|p2a: Klefki|Klefki, L50, M|100\/100\n|switch|p2b: Skeledirge|Skeledirge, L50, M|100\/100\n|-enditem|p1b: Roaring Moon|Booster Energy\n|-activate|p1b: Roaring Moon|ability: Protosynthesis|[fromitem]\n|-start|p1b: Roaring Moon|protosynthesisspe\n|turn|1\n|\n|t:|1681961916\n|detailschange|p1a: Palafin|Palafin-Hero, L50, M\n|switch|p1a: Arcanine|Arcanine, L50, F|100\/100\n|-ability|p1a: Arcanine|Intimidate|boost\n|-unboost|p2a: Klefki|atk|1\n|-unboost|p2b: Skeledirge|atk|1\n|move|p2a: Klefki|Reflect|p2a: Klefki\n|-sidestart|p2: Tempest brute|Reflect\n|move|p1b: Roaring Moon|Throat Chop|p2b: Skeledirge\n|-supereffective|p2b: Skeledirge\n|-damage|p2b: Skeledirge|53\/100\n|-start|p2b: Skeledirge|Throat Chop|[silent]\n|move|p2b: Skeledirge|Will-O-Wisp|p1b: Roaring Moon\n|-status|p1b: Roaring Moon|brn\n|\n|-damage|p1b: Roaring Moon|95\/100 brn|[from] brn\n|upkeep\n|turn|2\n|j| TooStandard4u\n|j|%Borghi\n|l| TooStandard4u\n|j| SlowHomie\n|\n|t:|1681961953\n|move|p2a: Klefki|Thunder Wave|p1a: Arcanine\n|-status|p1a: Arcanine|par\n|move|p1b: Roaring Moon|Throat Chop|p2b: Skeledirge\n|-supereffective|p2b: Skeledirge\n|-damage|p2b: Skeledirge|32\/100\n|-enditem|p2b: Skeledirge|Sitrus Berry|[eat]\n|-heal|p2b: Skeledirge|56\/100|[from] item: Sitrus Berry\n|move|p2b: Skeledirge|Slack Off|p2b: Skeledirge\n|-heal|p2b: Skeledirge|100\/100\n|move|p1a: Arcanine|Flare Blitz|p2b: Skeledirge\n|-resisted|p2b: Skeledirge\n|-damage|p2b: Skeledirge|90\/100\n|-damage|p1a: Arcanine|96\/100 par|[from] Recoil\n|\n|-damage|p1b: Roaring Moon|89\/100 brn|[from] brn\n|-end|p2b: Skeledirge|Throat Chop|[silent]\n|upkeep\n|turn|3\n|\n|t:|1681961985\n|switch|p2b: Roaring Moon|Roaring Moon, L50|100\/100\n|-enditem|p2b: Roaring Moon|Booster Energy\n|-activate|p2b: Roaring Moon|ability: Protosynthesis|[fromitem]\n|-start|p2b: Roaring Moon|protosynthesisspe\n|move|p1b: Roaring Moon|Throat Chop|p2b: Roaring Moon\n|-resisted|p2b: Roaring Moon\n|-damage|p2b: Roaring Moon|94\/100\n|-start|p2b: Roaring Moon|Throat Chop|[silent]\n|move|p2a: Klefki|Dazzling Gleam|p1b: Roaring Moon|[spread] p1a,p1b\n|-resisted|p1a: Arcanine\n|-supereffective|p1b: Roaring Moon\n|-damage|p1a: Arcanine|87\/100 par\n|-damage|p1b: Roaring Moon|15\/100 brn\n|cant|p1a: Arcanine|par\n|\n|-damage|p1b: Roaring Moon|9\/100 brn|[from] brn\n|upkeep\n|turn|4\n|l|%Borghi\n|\n|t:|1681962028\n|move|p2a: Klefki|Light Screen|p2a: Klefki\n|-sidestart|p2: Tempest brute|move: Light Screen\n|move|p1b: Roaring Moon|Acrobatics|p2a: Klefki\n|-resisted|p2a: Klefki\n|-damage|p2a: Klefki|94\/100\n|move|p2b: Roaring Moon|Substitute|p2b: Roaring Moon\n|-start|p2b: Roaring Moon|Substitute\n|-damage|p2b: Roaring Moon|69\/100\n|cant|p1a: Arcanine|par\n|\n|-damage|p1b: Roaring Moon|3\/100 brn|[from] brn\n|-end|p2b: Roaring Moon|Throat Chop|[silent]\n|upkeep\n|turn|5\n|\n|t:|1681962070\n|cant|p1a: Arcanine|par\n|move|p1b: Roaring Moon|Acrobatics|p2b: Roaring Moon\n|-activate|p2b: Roaring Moon|move: Substitute|[damage]\n|move|p2b: Roaring Moon|Jaw Lock|p1a: Arcanine\n|-damage|p1a: Arcanine|50\/100 par\n|-activate|p2b: Roaring Moon|trapped\n|-activate|p1a: Arcanine|trapped\n|move|p2a: Klefki|Dazzling Gleam|p1b: Roaring Moon|[spread] p1a,p1b\n|-resisted|p1a: Arcanine\n|-supereffective|p1b: Roaring Moon\n|-damage|p1a: Arcanine|41\/100 par\n|-damage|p1b: Roaring Moon|0 fnt\n|faint|p1b: Roaring Moon\n|-end|p1b: Roaring Moon|Protosynthesis|[silent]\n|\n|upkeep\n|\n|t:|1681962085\n|switch|p1b: Palafin|Palafin-Hero, L50, M|100\/100\n|-activate|p1b: Palafin|ability: Zero to Hero\n|turn|6\n|\n|t:|1681962103\n|-terastallize|p1b: Palafin|Water\n|move|p1a: Arcanine|Extreme Speed|p2b: Roaring Moon\n|-activate|p2b: Roaring Moon|move: Substitute|[damage]\n|move|p2a: Klefki|Thunder Wave|p1b: Palafin\n|-status|p1b: Palafin|par\n|move|p2b: Roaring Moon|Jaw Lock|p1a: Arcanine\n|-damage|p1a: Arcanine|3\/100 par\n|cant|p1b: Palafin|par\n|\n|upkeep\n|turn|7\n|\n|t:|1681962141\n|move|p1a: Arcanine|Extreme Speed|p2b: Roaring Moon\n|-end|p2b: Roaring Moon|Substitute\n|move|p1b: Palafin|Jet Punch|p2b: Roaring Moon\n|-resisted|p2b: Roaring Moon\n|-damage|p2b: Roaring Moon|48\/100\n|move|p2b: Roaring Moon|Jaw Lock|p1b: Palafin\n|-crit|p1b: Palafin\n|-damage|p1b: Palafin|47\/100 par\n|-activate|p1b: Palafin|trapped\n|move|p2a: Klefki|Dazzling Gleam|p1b: Palafin|[spread] p1a,p1b\n|-resisted|p1a: Arcanine\n|-damage|p1a: Arcanine|0 fnt\n|-damage|p1b: Palafin|30\/100 par\n|faint|p1a: Arcanine\n|\n|upkeep\n|\n|t:|1681962154\n|switch|p1a: Flutter Mane|Flutter Mane, L50|100\/100\n|turn|8\n|\n|t:|1681962175\n|move|p2b: Roaring Moon|Protect|p2b: Roaring Moon\n|-singleturn|p2b: Roaring Moon|Protect\n|move|p2a: Klefki|Thunder Wave|p1a: Flutter Mane\n|-status|p1a: Flutter Mane|par\n|cant|p1a: Flutter Mane|par\n|cant|p1b: Palafin|par\n|\n|-sideend|p2: Tempest brute|Reflect\n|upkeep\n|turn|9\n|\n|t:|1681962195\n|move|p2a: Klefki|Reflect|p2a: Klefki\n|-sidestart|p2: Tempest brute|Reflect\n|move|p2b: Roaring Moon|Jaw Lock|p1a: Flutter Mane\n|-damage|p1a: Flutter Mane|35\/100 par\n|-activate|p2b: Roaring Moon|trapped\n|move|p1a: Flutter Mane|Shadow Ball|p2a: Klefki\n|-damage|p2a: Klefki|56\/100\n|cant|p1b: Palafin|par\n|\n|upkeep\n|turn|10\n|\n|t:|1681962209\n|move|p2b: Roaring Moon|Jaw Lock|p1b: Palafin\n|-damage|p1b: Palafin|0 fnt\n|faint|p1b: Palafin\n|move|p1a: Flutter Mane|Shadow Ball|p2a: Klefki\n|-damage|p2a: Klefki|17\/100\n|move|p2a: Klefki|Dazzling Gleam|p1a: Flutter Mane\n|-damage|p1a: Flutter Mane|14\/100 par\n|\n|upkeep\n|turn|11\n|\n|t:|1681962220\n|move|p2b: Roaring Moon|Jaw Lock|p1a: Flutter Mane\n|-damage|p1a: Flutter Mane|0 fnt\n|faint|p1a: Flutter Mane\n|-end|p1a: Flutter Mane|Protosynthesis|[silent]\n|\n|win|Tempest brute\n|n|\u2606leafyarrow|leafyarrow\n|n|\u2606Tempest brute|tempestbrute\n|n| benjirz9|benjirz9\n|n| SlowHomie|slowhomie\n|c|\u2606Tempest brute|gg\n|j| Wheeel\n","uploadtime":1681962222,"views":11,"p1id":"leafyarrow","p2id":"tempestbrute","formatid":"gen9vgc2023regulationc","rating":0,"private":0,"password":""}