{"id":"gen9vgc2023regulationc-1851700225","p1":"Bostonbobby","p2":"MLGmushroom","format":"[Gen 9] VGC 2023 Regulation C","log":"|j|\u2606Bostonbobby\n|j|\u2606MLGmushroom\n|t:|1682471588\n|gametype|doubles\n|player|p1|Bostonbobby|170|1364\n|player|p2|MLGmushroom|blue|1295\n|teamsize|p1|6\n|teamsize|p2|6\n|gen|9\n|tier|[Gen 9] VGC 2023 Regulation C\n|rated|\n|rule|Species Clause: Limit one of each Pok\u00e9mon\n|rule|Item Clause: Limit one of each item\n|clearpoke\n|poke|p1|Ceruledge, L50, M|\n|poke|p1|Chien-Pao, L50|\n|poke|p1|Tsareena, L50, F|\n|poke|p1|Baxcalibur, L50, M|\n|poke|p1|Scizor, L50, M|\n|poke|p1|Goodra, L50, M|\n|poke|p2|Chien-Pao, L50|\n|poke|p2|Roaring Moon, L50|\n|poke|p2|Flutter Mane, L50|\n|poke|p2|Amoonguss, L50, M|\n|poke|p2|Gyarados, L50, F|\n|poke|p2|Scizor, L50, M|\n|teampreview|4\n|inactive|Battle timer is ON: inactive players will automatically lose when time's up. (requested by Bostonbobby)\n|\n|t:|1682471617\n|start\n|switch|p1a: Ceruledge|Ceruledge, L50, M|100\/100\n|switch|p1b: Baxcalibur|Baxcalibur, L50, M|100\/100\n|switch|p2a: Chien-Pao|Chien-Pao, L50|100\/100\n|switch|p2b: Gyarados|Gyarados, L50, F|100\/100\n|-ability|p2a: Chien-Pao|Sword of Ruin\n|-ability|p2b: Gyarados|Intimidate|boost\n|-unboost|p1a: Ceruledge|atk|1\n|-fail|p1b: Baxcalibur|unboost|[from] item: Clear Amulet|[of] p1b: Baxcalibur\n|turn|1\n|inactive|Bostonbobby has 30 seconds left.\n|inactive|Bostonbobby has 20 seconds left.\n|inactive|Bostonbobby has 15 seconds left.\n|inactive|Bostonbobby has 10 seconds left.\n|\n|t:|1682471667\n|move|p2a: Chien-Pao|Protect|p2a: Chien-Pao\n|-singleturn|p2a: Chien-Pao|Protect\n|move|p1a: Ceruledge|Lava Plume|p2a: Chien-Pao|[spread] p1b,p2b\n|-activate|p2a: Chien-Pao|move: Protect\n|-resisted|p2b: Gyarados\n|-damage|p1b: Baxcalibur|88\/100\n|-damage|p2b: Gyarados|94\/100\n|-ability|p1b: Baxcalibur|Thermal Exchange|boost\n|-boost|p1b: Baxcalibur|atk|1\n|move|p2b: Gyarados|Thunder Wave|p1b: Baxcalibur|[miss]\n|-miss|p2b: Gyarados|p1b: Baxcalibur\n|move|p1b: Baxcalibur|Glaive Rush|p2a: Chien-Pao\n|-activate|p2a: Chien-Pao|move: Protect\n|\n|upkeep\n|turn|2\n|\n|t:|1682471685\n|-terastallize|p1b: Baxcalibur|Water\n|move|p2a: Chien-Pao|Sacred Sword|p1b: Baxcalibur\n|-damage|p1b: Baxcalibur|50\/100\n|move|p1a: Ceruledge|Lava Plume|p2b: Gyarados|[spread] p1b,p2a,p2b\n|-resisted|p1b: Baxcalibur\n|-supereffective|p2a: Chien-Pao\n|-resisted|p2b: Gyarados\n|-damage|p1b: Baxcalibur|44\/100\n|-damage|p2a: Chien-Pao|53\/100\n|-damage|p2b: Gyarados|86\/100\n|-ability|p1b: Baxcalibur|Thermal Exchange|boost\n|-boost|p1b: Baxcalibur|atk|1\n|move|p2b: Gyarados|Waterfall|p1a: Ceruledge\n|-supereffective|p1a: Ceruledge\n|-enditem|p1a: Ceruledge|Focus Sash\n|-damage|p1a: Ceruledge|1\/100\n|move|p1b: Baxcalibur|Glaive Rush|p2b: Gyarados\n|-damage|p2b: Gyarados|0 fnt\n|-singlemove|p1b: Baxcalibur|Glaive Rush|[silent]\n|faint|p2b: Gyarados\n|\n|upkeep\n|\n|t:|1682471700\n|switch|p2b: Flutter Mane|Flutter Mane, L50|100\/100\n|turn|3\n|\n|t:|1682471705\n|move|p1a: Ceruledge|Protect|p1a: Ceruledge\n|-singleturn|p1a: Ceruledge|Protect\n|move|p1b: Baxcalibur|Protect|p1b: Baxcalibur\n|-singleturn|p1b: Baxcalibur|Protect\n|move|p2a: Chien-Pao|Sucker Punch||[still]\n|-fail|p2a: Chien-Pao\n|move|p2b: Flutter Mane|Thunderbolt|p1b: Baxcalibur\n|-activate|p1b: Baxcalibur|move: Protect\n|\n|upkeep\n|turn|4\n|\n|t:|1682471725\n|-terastallize|p2b: Flutter Mane|Fairy\n|move|p2a: Chien-Pao|Protect|p2a: Chien-Pao\n|-singleturn|p2a: Chien-Pao|Protect\n|move|p1a: Ceruledge|Shadow Sneak|p2b: Flutter Mane\n|-damage|p2b: Flutter Mane|67\/100\n|move|p1b: Baxcalibur|Ice Shard|p2b: Flutter Mane\n|-damage|p2b: Flutter Mane|0 fnt\n|faint|p2b: Flutter Mane\n|-end|p2b: Flutter Mane|Protosynthesis|[silent]\n|\n|upkeep\n|\n|t:|1682471733\n|switch|p2b: Roaring Moon|Roaring Moon, L50|100\/100\n|-enditem|p2b: Roaring Moon|Booster Energy\n|-activate|p2b: Roaring Moon|ability: Protosynthesis|[fromitem]\n|-start|p2b: Roaring Moon|protosynthesisatk\n|turn|5\n|\n|t:|1682471742\n|move|p2a: Chien-Pao|Sucker Punch|p1b: Baxcalibur\n|-damage|p1b: Baxcalibur|0 fnt\n|faint|p1b: Baxcalibur\n|move|p2b: Roaring Moon|Breaking Swipe|p1a: Ceruledge\n|-damage|p1a: Ceruledge|0 fnt\n|faint|p1a: Ceruledge\n|\n|upkeep\n|\n|t:|1682471746\n|switch|p1a: Scizor|Scizor, L50, M|100\/100\n|switch|p1b: Goodra|Goodra, L50, M|100\/100\n|turn|6\n|\n|t:|1682471757\n|move|p2a: Chien-Pao|Protect|p2a: Chien-Pao\n|-singleturn|p2a: Chien-Pao|Protect\n|move|p1b: Goodra|Protect|p1b: Goodra\n|-singleturn|p1b: Goodra|Protect\n|move|p2b: Roaring Moon|Breaking Swipe|p1b: Goodra|[spread] p1a\n|-activate|p1b: Goodra|move: Protect\n|-resisted|p1a: Scizor\n|-damage|p1a: Scizor|80\/100\n|-unboost|p1a: Scizor|atk|1\n|move|p1a: Scizor|Swords Dance|p1a: Scizor\n|-boost|p1a: Scizor|atk|2\n|\n|upkeep\n|turn|7\n|\n|t:|1682471775\n|move|p2a: Chien-Pao|Sucker Punch|p1a: Scizor\n|-damage|p1a: Scizor|30\/100\n|move|p1a: Scizor|Bullet Punch|p2a: Chien-Pao\n|-supereffective|p2a: Chien-Pao\n|-damage|p2a: Chien-Pao|0 fnt\n|faint|p2a: Chien-Pao\n|move|p2b: Roaring Moon|Breaking Swipe|p1b: Goodra|[spread] p1a,p1b\n|-resisted|p1a: Scizor\n|-supereffective|p1b: Goodra\n|-damage|p1a: Scizor|15\/100\n|-damage|p1b: Goodra|33\/100\n|-unboost|p1a: Scizor|atk|1\n|-unboost|p1b: Goodra|atk|1\n|move|p1b: Goodra|Sludge Bomb|p2b: Roaring Moon\n|-damage|p2b: Roaring Moon|72\/100\n|-status|p2b: Roaring Moon|psn\n|\n|-damage|p2b: Roaring Moon|60\/100 psn|[from] psn\n|upkeep\n|turn|8\n|inactive|Bostonbobby has 30 seconds left.\n|\n|t:|1682471801\n|move|p1a: Scizor|Bullet Punch|p2b: Roaring Moon\n|-damage|p2b: Roaring Moon|18\/100 psn\n|move|p2b: Roaring Moon|Breaking Swipe|p1a: Scizor|[spread] p1a,p1b\n|-resisted|p1a: Scizor\n|-supereffective|p1b: Goodra\n|-damage|p1a: Scizor|0 fnt\n|-damage|p1b: Goodra|0 fnt\n|faint|p1a: Scizor\n|faint|p1b: Goodra\n|\n|win|MLGmushroom\n|raw|Bostonbobby's rating: 1364 → 1340<\/strong> (-24 for losing)\n|raw|MLGmushroom's rating: 1295 → 1325<\/strong> (+30 for winning)\n","uploadtime":1682471810,"views":13,"p1id":"bostonbobby","p2id":"mlgmushroom","formatid":"gen9vgc2023regulationc","rating":1325,"private":0,"password":""}