{"id":"gen9vgc2023regulationc-1852896221","p1":"sea_Lake","p2":"mythical weavile","format":"[Gen 9] VGC 2023 Regulation C","log":"|j|\u2606sea_Lake\n|j|\u2606mythical weavile\n|t:|1682615382\n|gametype|doubles\n|player|p1|sea_Lake|265|1411\n|player|p2|mythical weavile|1|1384\n|teamsize|p1|6\n|teamsize|p2|6\n|gen|9\n|tier|[Gen 9] VGC 2023 Regulation C\n|rated|\n|rule|Species Clause: Limit one of each Pok\u00e9mon\n|rule|Item Clause: Limit one of each item\n|clearpoke\n|poke|p1|Tatsugiri, L50, M|\n|poke|p1|Dondozo, L50, M|\n|poke|p1|Pelipper, L50, M|\n|poke|p1|Scizor, L50, F|\n|poke|p1|Iron Jugulis, L50|\n|poke|p1|Chien-Pao, L50|\n|poke|p2|Dondozo, L50, M|\n|poke|p2|Tatsugiri, L50, F|\n|poke|p2|Iron Hands, L50|\n|poke|p2|Iron Bundle, L50|\n|poke|p2|Chi-Yu, L50|\n|poke|p2|Amoonguss, L50, M|\n|teampreview|4\n|inactive|Battle timer is ON: inactive players will automatically lose when time's up. (requested by mythical weavile)\n|inactive|sea_Lake has 60 seconds left.\n|inactive|mythical weavile has 60 seconds left.\n|\n|t:|1682615419\n|start\n|switch|p1a: Dondozo|Dondozo, L50, M|100\/100\n|switch|p1b: Pelipper|Pelipper, L50, M, shiny|100\/100\n|switch|p2a: Iron Hands|Iron Hands, L50|100\/100\n|switch|p2b: Amoonguss|Amoonguss, L50, M|100\/100\n|-weather|RainDance|[from] ability: Drizzle|[of] p1b: Pelipper\n|turn|1\n|inactive|sea_Lake has 30 seconds left.\n|inactive|mythical weavile has 30 seconds left.\n|\n|t:|1682615453\n|-terastallize|p1a: Dondozo|Grass\n|move|p2a: Iron Hands|Fake Out|p1b: Pelipper\n|-damage|p1b: Pelipper|82\/100\n|cant|p1b: Pelipper|flinch\n|move|p1a: Dondozo|Fissure|p2a: Iron Hands|[miss]\n|-miss|p1a: Dondozo|p2a: Iron Hands\n|move|p2b: Amoonguss|Spore|p1a: Dondozo\n|-immune|p1a: Dondozo\n|\n|-weather|RainDance|[upkeep]\n|upkeep\n|turn|2\n|\n|t:|1682615476\n|move|p2b: Amoonguss|Protect|p2b: Amoonguss\n|-singleturn|p2b: Amoonguss|Protect\n|move|p1b: Pelipper|Hurricane|p2b: Amoonguss\n|-activate|p2b: Amoonguss|move: Protect\n|move|p2a: Iron Hands|Wild Charge|p1b: Pelipper\n|-supereffective|p1b: Pelipper\n|-damage|p1b: Pelipper|0 fnt\n|faint|p1b: Pelipper\n|-damage|p2a: Iron Hands|86\/100|[from] Recoil\n|move|p1a: Dondozo|Wave Crash|p2b: Amoonguss\n|-activate|p2b: Amoonguss|move: Protect\n|\n|-weather|RainDance|[upkeep]\n|upkeep\n|\n|t:|1682615489\n|switch|p1b: Tatsugiri|Tatsugiri, L50, M|100\/100\n|turn|3\n|inactive|mythical weavile has 30 seconds left.\n|\n|t:|1682615524\n|move|p1b: Tatsugiri|Draco Meteor|p2b: Amoonguss\n|-damage|p2b: Amoonguss|24\/100\n|-unboost|p1b: Tatsugiri|spa|2\n|-enditem|p2b: Amoonguss|Sitrus Berry|[eat]\n|-heal|p2b: Amoonguss|48\/100|[from] item: Sitrus Berry\n|-damage|p1b: Tatsugiri|91\/100|[from] item: Life Orb\n|move|p2a: Iron Hands|Drain Punch|p1a: Dondozo\n|-damage|p1a: Dondozo|79\/100\n|-heal|p2a: Iron Hands|98\/100|[from] drain|[of] p1a: Dondozo\n|move|p1a: Dondozo|Fissure|p2a: Iron Hands|[miss]\n|-miss|p1a: Dondozo|p2a: Iron Hands\n|move|p2b: Amoonguss|Spore|p1b: Tatsugiri\n|-status|p1b: Tatsugiri|slp|[from] move: Spore\n|\n|-weather|RainDance|[upkeep]\n|-heal|p1a: Dondozo|85\/100|[from] item: Leftovers\n|upkeep\n|turn|4\n|inactive|sea_Lake has 30 seconds left.\n|inactive|mythical weavile has 30 seconds left.\n|\n|t:|1682615555\n|switch|p1b: Iron Jugulis|Iron Jugulis, L50|100\/100\n|-enditem|p1b: Iron Jugulis|Booster Energy\n|-activate|p1b: Iron Jugulis|ability: Quark Drive|[fromitem]\n|-start|p1b: Iron Jugulis|quarkdrivespe\n|move|p2b: Amoonguss|Protect|p2b: Amoonguss\n|-singleturn|p2b: Amoonguss|Protect\n|move|p2a: Iron Hands|Drain Punch|p1a: Dondozo\n|-crit|p1a: Dondozo\n|-damage|p1a: Dondozo|51\/100\n|-heal|p2a: Iron Hands|100\/100|[from] drain|[of] p1a: Dondozo\n|move|p1a: Dondozo|Fissure|p2a: Iron Hands\n|-damage|p2a: Iron Hands|0 fnt\n|faint|p2a: Iron Hands\n|-end|p2a: Iron Hands|Quark Drive|[silent]\n|-ohko\n|\n|-weather|RainDance|[upkeep]\n|-heal|p1a: Dondozo|58\/100|[from] item: Leftovers\n|upkeep\n|\n|t:|1682615568\n|switch|p2a: Iron Bundle|Iron Bundle, L50|100\/100\n|-enditem|p2a: Iron Bundle|Booster Energy\n|-activate|p2a: Iron Bundle|ability: Quark Drive|[fromitem]\n|-start|p2a: Iron Bundle|quarkdrivespe\n|turn|5\n|\n|t:|1682615589\n|move|p1a: Dondozo|Protect|p1a: Dondozo\n|-singleturn|p1a: Dondozo|Protect\n|move|p2a: Iron Bundle|Icy Wind|p1a: Dondozo|[spread] p1b\n|-activate|p1a: Dondozo|move: Protect\n|-supereffective|p1b: Iron Jugulis\n|-damage|p1b: Iron Jugulis|67\/100\n|-unboost|p1b: Iron Jugulis|spe|1\n|move|p1b: Iron Jugulis|Tailwind|p1b: Iron Jugulis\n|-sidestart|p1: sea_Lake|move: Tailwind\n|move|p2b: Amoonguss|Spore|p1b: Iron Jugulis\n|-status|p1b: Iron Jugulis|slp|[from] move: Spore\n|\n|-weather|RainDance|[upkeep]\n|-heal|p1a: Dondozo|64\/100|[from] item: Leftovers\n|upkeep\n|turn|6\n|inactive|sea_Lake has 30 seconds left.\n|inactive|sea_Lake has 20 seconds left.\n|\n|t:|1682615624\n|cant|p1b: Iron Jugulis|slp\n|move|p2a: Iron Bundle|Freeze-Dry|p1a: Dondozo\n|-supereffective|p1a: Dondozo\n|-damage|p1a: Dondozo|0 fnt\n|faint|p1a: Dondozo\n|move|p2b: Amoonguss|Pollen Puff|p1b: Iron Jugulis\n|-damage|p1b: Iron Jugulis|49\/100 slp\n|\n|-weather|RainDance|[upkeep]\n|upkeep\n|\n|t:|1682615633\n|switch|p1a: Tatsugiri|Tatsugiri, L50, M|91\/100 slp\n|turn|7\n|\n|t:|1682615644\n|move|p2b: Amoonguss|Rage Powder|p2b: Amoonguss\n|-singleturn|p2b: Amoonguss|move: Rage Powder\n|cant|p1b: Iron Jugulis|slp\n|move|p2a: Iron Bundle|Freeze-Dry|p1b: Iron Jugulis\n|-supereffective|p1b: Iron Jugulis\n|-damage|p1b: Iron Jugulis|0 fnt\n|faint|p1b: Iron Jugulis\n|-end|p1b: Iron Jugulis|Quark Drive|[silent]\n|cant|p1a: Tatsugiri|slp\n|\n|-weather|RainDance|[upkeep]\n|upkeep\n|turn|8\n|\n|t:|1682615658\n|-terastallize|p2a: Iron Bundle|Ice\n|move|p2a: Iron Bundle|Freeze-Dry|p1a: Tatsugiri\n|-supereffective|p1a: Tatsugiri\n|-damage|p1a: Tatsugiri|0 fnt\n|faint|p1a: Tatsugiri\n|\n|win|mythical weavile\n|raw|sea_Lake's rating: 1411 → 1389<\/strong> (-22 for losing)\n|raw|mythical weavile's rating: 1384 → 1406<\/strong> (+22 for winning)\n|l|\u2606sea_Lake\n","uploadtime":1682615771,"views":9,"p1id":"sealake","p2id":"mythicalweavile","formatid":"gen9vgc2023regulationc","rating":1389,"private":0,"password":""}