{"id":"gen9vgc2023regulationc-1851453951","p1":"Funniname.jpg","p2":"megaoscurio19","format":"[Gen 9] VGC 2023 Regulation C","log":"|j|\u2606Funniname.jpg\n|j|\u2606megaoscurio19\n|t:|1682446422\n|gametype|doubles\n|player|p1|Funniname.jpg|clown|1040\n|player|p2|megaoscurio19|2|1094\n|teamsize|p1|6\n|teamsize|p2|6\n|gen|9\n|tier|[Gen 9] VGC 2023 Regulation C\n|rated|\n|rule|Species Clause: Limit one of each Pok\u00e9mon\n|rule|Item Clause: Limit one of each item\n|clearpoke\n|poke|p1|Avalugg, L50, F|\n|poke|p1|Abomasnow, L50, M|\n|poke|p1|Gothitelle, L50, M|\n|poke|p1|Azumarill, L50, F|\n|poke|p1|Orthworm, L50, M|\n|poke|p1|Clodsire, L50, F|\n|poke|p2|Palafin, L50, M|\n|poke|p2|Flutter Mane, L50|\n|poke|p2|Arcanine, L50, F|\n|poke|p2|Amoonguss, L50, F|\n|poke|p2|Ting-Lu, L50|\n|poke|p2|Baxcalibur, L50, F|\n|teampreview|4\nmegaoscurio19 rejected open team sheets.\n|inactive|Battle timer is ON: inactive players will automatically lose when time's up. (requested by Funniname.jpg)\n|\n|t:|1682446498\n|start\n|switch|p1a: Clodsire|Clodsire, L50, F|100\/100\n|switch|p1b: Orthworm|Orthworm, L50, M|100\/100\n|switch|p2a: Ting-Lu|Ting-Lu, L50|100\/100\n|switch|p2b: Arcanine|Arcanine, L50, F|100\/100\n|-ability|p2b: Arcanine|Intimidate|boost\n|-unboost|p1a: Clodsire|atk|1\n|-unboost|p1b: Orthworm|atk|1\n|-ability|p2a: Ting-Lu|Vessel of Ruin\n|turn|1\n|inactive|Funniname.jpg has 30 seconds left.\n|inactive|megaoscurio19 has 30 seconds left.\n|inactive|megaoscurio19 has 20 seconds left.\n|\n|t:|1682446538\n|-terastallize|p1b: Orthworm|Electric\n|move|p2b: Arcanine|Flare Blitz|p1b: Orthworm\n|-damage|p1b: Orthworm|64\/100\n|-damage|p2b: Arcanine|90\/100|[from] Recoil\n|move|p1b: Orthworm|Body Press|p2a: Ting-Lu\n|-supereffective|p2a: Ting-Lu\n|-damage|p2a: Ting-Lu|65\/100\n|move|p2a: Ting-Lu|Ruination|p1a: Clodsire|[miss]\n|-miss|p2a: Ting-Lu|p1a: Clodsire\n|move|p1a: Clodsire|Earthquake|p2b: Arcanine|[spread] p2a,p2b\n|-heal|p1b: Orthworm|89\/100|[from] ability: Earth Eater|[of] p1a: Clodsire\n|-supereffective|p2b: Arcanine\n|-damage|p2a: Ting-Lu|52\/100\n|-damage|p2b: Arcanine|44\/100\n|\n|upkeep\n|turn|2\n|inactive|Funniname.jpg has 30 seconds left.\n|inactive|megaoscurio19 has 30 seconds left.\n|\n|t:|1682446571\n|switch|p2b: Amoonguss|Amoonguss, L50, F|100\/100\n|switch|p2a: Palafin|Palafin, L50, M|100\/100\n|move|p1b: Orthworm|Body Press|p2a: Palafin\n|-damage|p2a: Palafin|68\/100\n|move|p1a: Clodsire|Earthquake|p2b: Amoonguss|[spread] p2a,p2b\n|-heal|p1b: Orthworm|100\/100|[from] ability: Earth Eater|[of] p1a: Clodsire\n|-damage|p2a: Palafin|44\/100\n|-damage|p2b: Amoonguss|84\/100\n|\n|upkeep\n|turn|3\n|inactive|Funniname.jpg has 30 seconds left.\n|\n|t:|1682446598\n|move|p2a: Palafin|Jet Punch|p1a: Clodsire\n|-immune|p1a: Clodsire|[from] ability: Water Absorb\n|move|p1b: Orthworm|Body Slam|p2a: Palafin\n|-damage|p2a: Palafin|29\/100\n|-status|p2a: Palafin|par\n|move|p2b: Amoonguss|Pollen Puff|p2a: Palafin\n|-heal|p2a: Palafin|79\/100 par\n|move|p1a: Clodsire|Gunk Shot|p2b: Amoonguss\n|-damage|p2b: Amoonguss|56\/100\n|\n|upkeep\n|turn|4\n|inactive|Funniname.jpg has 30 seconds left.\n|inactive|Funniname.jpg has 20 seconds left.\n|\n|t:|1682446635\n|move|p2b: Amoonguss|Rage Powder|p2b: Amoonguss\n|-singleturn|p2b: Amoonguss|move: Rage Powder\n|move|p1b: Orthworm|Body Press|p2b: Amoonguss\n|-resisted|p2b: Amoonguss\n|-damage|p2b: Amoonguss|43\/100\n|-enditem|p2b: Amoonguss|Sitrus Berry|[eat]\n|-heal|p2b: Amoonguss|67\/100|[from] item: Sitrus Berry\n|move|p2a: Palafin|Wave Crash|p1b: Orthworm\n|-damage|p1b: Orthworm|68\/100\n|-damage|p2a: Palafin|70\/100 par|[from] Recoil\n|move|p1a: Clodsire|Earthquake|p2a: Palafin|[spread] p2a,p2b\n|-heal|p1b: Orthworm|93\/100|[from] ability: Earth Eater|[of] p1a: Clodsire\n|-damage|p2a: Palafin|46\/100 par\n|-damage|p2b: Amoonguss|53\/100\n|\n|upkeep\n|turn|5\n|inactive|Funniname.jpg has 30 seconds left.\n|\n|t:|1682446667\n|detailschange|p2a: Palafin|Palafin-Hero, L50, M\n|switch|p2a: Ting-Lu|Ting-Lu, L50|52\/100\n|-ability|p2a: Ting-Lu|Vessel of Ruin\n|move|p1b: Orthworm|Body Press|p2b: Amoonguss\n|-resisted|p2b: Amoonguss\n|-damage|p2b: Amoonguss|41\/100\n|move|p2b: Amoonguss|Pollen Puff|p2a: Ting-Lu\n|-heal|p2a: Ting-Lu|100\/100\n|move|p1a: Clodsire|Earthquake|p2a: Ting-Lu|[spread] p2a,p2b\n|-heal|p1b: Orthworm|100\/100|[from] ability: Earth Eater|[of] p1a: Clodsire\n|-damage|p2a: Ting-Lu|88\/100\n|-damage|p2b: Amoonguss|26\/100\n|\n|upkeep\n|turn|6\n|inactive|Funniname.jpg has 30 seconds left.\n|inactive|megaoscurio19 has 30 seconds left.\n|inactive|megaoscurio19 has 20 seconds left.\n|\n|t:|1682446703\n|move|p1b: Orthworm|Body Press|p2a: Ting-Lu\n|-supereffective|p2a: Ting-Lu\n|-damage|p2a: Ting-Lu|49\/100\n|move|p2a: Ting-Lu|Stomping Tantrum|p1b: Orthworm\n|-immune|p1b: Orthworm|[from] ability: Earth Eater\n|move|p2b: Amoonguss|Spore|p1a: Clodsire\n|-activate|p1a: Clodsire|item: Safety Goggles|Spore\n|move|p1a: Clodsire|Low Kick|p2a: Ting-Lu\n|-supereffective|p2a: Ting-Lu\n|-damage|p2a: Ting-Lu|22\/100\n|\n|upkeep\n|turn|7\n|-message|megaoscurio19 forfeited.\n|\n|win|Funniname.jpg\n|raw|Funniname.jpg's rating: 1040 → 1079<\/strong> (+39 for winning)\n|raw|megaoscurio19's rating: 1094 → 1066<\/strong> (-28 for losing)\n|l|\u2606megaoscurio19\n||Ladder isn't responding, score probably updated but might not have (Service Unavailable).\n","uploadtime":1682446806,"views":10,"p1id":"funninamejpg","p2id":"megaoscurio19","formatid":"gen9vgc2023regulationc","rating":1066,"private":0,"password":""}