{"id":"gen9vgc2023regulationc-1863822432","p1":"alanfournumbers","p2":"godtech946","format":"[Gen 9] VGC 2023 Regulation C","log":"|j|\u2606alanfournumbers\n|j|\u2606godtech946\n|t:|1684081965\n|gametype|doubles\n|player|p1|alanfournumbers|pokemonranger-gen4|1074\n|player|p2|godtech946|veteran|1042\n|teamsize|p1|6\n|teamsize|p2|6\n|gen|9\n|tier|[Gen 9] VGC 2023 Regulation C\n|rated|\n|rule|Species Clause: Limit one of each Pok\u00e9mon\n|rule|Item Clause: Limit one of each item\n|clearpoke\n|poke|p1|Magnezone, L50|\n|poke|p1|Amoonguss, L50, F|\n|poke|p1|Sableye, L50, F|\n|poke|p1|Flutter Mane, L50|\n|poke|p1|Great Tusk, L50|\n|poke|p1|Dragonite, L50, F|\n|poke|p2|Azumarill, L50, F|\n|poke|p2|Dondozo, L50, M|\n|poke|p2|Ting-Lu, L50|\n|poke|p2|Annihilape, L50, M|\n|poke|p2|Dugtrio, L50, M|\n|poke|p2|Gothitelle, L50, F|\n|teampreview|4\n|\n|t:|1684081982\n|start\n|switch|p1a: Amoonguss|Amoonguss, L50, F|100\/100\n|switch|p1b: Magnezone|Magnezone, L50|100\/100\n|switch|p2a: Azumarill|Azumarill, L50, F|100\/100\n|switch|p2b: Gothitelle|Gothitelle, L50, F|100\/100\n|turn|1\n|\n|t:|1684082003\n|move|p2b: Gothitelle|Fake Out|p1a: Amoonguss\n|-damage|p1a: Amoonguss|96\/100\n|move|p1b: Magnezone|Electroweb|p2b: Gothitelle|[spread] p2a,p2b\n|-supereffective|p2a: Azumarill\n|-damage|p2a: Azumarill|59\/100\n|-damage|p2b: Gothitelle|80\/100\n|-unboost|p2a: Azumarill|spe|1\n|-unboost|p2b: Gothitelle|spe|1\n|cant|p1a: Amoonguss|flinch\n|move|p2a: Azumarill|Perish Song|p2a: Azumarill\n|-start|p1a: Amoonguss|perish3|[silent]\n|-start|p1b: Magnezone|perish3|[silent]\n|-start|p2a: Azumarill|perish3|[silent]\n|-start|p2b: Gothitelle|perish3|[silent]\n|-fieldactivate|move: Perish Song\n|\n|-heal|p1a: Amoonguss|100\/100|[from] item: Leftovers\n|-start|p1b: Magnezone|perish3\n|-start|p2b: Gothitelle|perish3\n|-start|p1a: Amoonguss|perish3\n|-start|p2a: Azumarill|perish3\n|upkeep\n|turn|2\n|\n|t:|1684082032\n|move|p2a: Azumarill|Protect|p2a: Azumarill\n|-singleturn|p2a: Azumarill|Protect\n|move|p1b: Magnezone|Electroweb|p2b: Gothitelle|[spread] \n|-activate|p2a: Azumarill|move: Protect\n|-miss|p1b: Magnezone|p2b: Gothitelle\n|move|p2b: Gothitelle|Hypnosis|p1b: Magnezone\n|-status|p1b: Magnezone|slp|[from] move: Hypnosis\n|move|p1a: Amoonguss|Spore|p2b: Gothitelle\n|-status|p2b: Gothitelle|slp|[from] move: Spore\n|\n|-start|p1b: Magnezone|perish2\n|-start|p2b: Gothitelle|perish2\n|-start|p1a: Amoonguss|perish2\n|-start|p2a: Azumarill|perish2\n|upkeep\n|turn|3\n|\n|t:|1684082058\n|cant|p2b: Gothitelle|slp\n|move|p2a: Azumarill|Protect|p2a: Azumarill\n|-singleturn|p2a: Azumarill|Protect\n|cant|p1b: Magnezone|slp\n|move|p1a: Amoonguss|Spore|p2a: Azumarill\n|-activate|p2a: Azumarill|move: Protect\n|\n|-start|p1b: Magnezone|perish1\n|-start|p2b: Gothitelle|perish1\n|-start|p1a: Amoonguss|perish1\n|-start|p2a: Azumarill|perish1\n|upkeep\n|turn|4\n|\n|t:|1684082081\n|switch|p2a: Ting-Lu|Ting-Lu, L50|100\/100\n|-ability|p2a: Ting-Lu|Vessel of Ruin\n|cant|p2b: Gothitelle|slp\n|-curestatus|p1b: Magnezone|slp|[msg]\n|move|p1b: Magnezone|Electroweb|p2b: Gothitelle|[spread] p2b\n|-immune|p2a: Ting-Lu\n|-damage|p2b: Gothitelle|65\/100 slp\n|-unboost|p2b: Gothitelle|spe|1\n|move|p1a: Amoonguss|Spore|p2a: Ting-Lu\n|-status|p2a: Ting-Lu|slp|[from] move: Spore\n|\n|-start|p1b: Magnezone|perish0\n|-start|p1a: Amoonguss|perish0\n|-start|p2b: Gothitelle|perish0\n|upkeep\n|faint|p1b: Magnezone\n|faint|p1a: Amoonguss\n|faint|p2b: Gothitelle\n|\n|t:|1684082104\n|switch|p2b: Azumarill|Azumarill, L50, F|59\/100\n|switch|p1b: Sableye|Sableye, L50, F|100\/100\n|switch|p1a: Dragonite|Dragonite, L50, F|100\/100\n|turn|5\n|\n|t:|1684082123\n|move|p1b: Sableye|Taunt|p2b: Azumarill\n|-start|p2b: Azumarill|move: Taunt\n|move|p1a: Dragonite|Dragon Dance|p1a: Dragonite\n|-boost|p1a: Dragonite|atk|1\n|-boost|p1a: Dragonite|spe|1\n|cant|p2a: Ting-Lu|slp\n|cant|p2b: Azumarill|move: Taunt|Perish Song\n|\n|upkeep\n|turn|6\n|\n|t:|1684082143\n|switch|p2b: Dondozo|Dondozo, L50, M|100\/100\n|cant|p2a: Ting-Lu|slp\n|move|p1a: Dragonite|Dragon Dance|p1a: Dragonite\n|-boost|p1a: Dragonite|atk|1\n|-boost|p1a: Dragonite|spe|1\n|move|p1b: Sableye|Knock Off|p2a: Ting-Lu\n|-resisted|p2a: Ting-Lu\n|-damage|p2a: Ting-Lu|93\/100 slp\n|-enditem|p2a: Ting-Lu|Figy Berry|[from] move: Knock Off|[of] p1b: Sableye\n|\n|upkeep\n|turn|7\n|\n|t:|1684082166\n|move|p1b: Sableye|Will-O-Wisp|p2b: Dondozo\n|-status|p2b: Dondozo|brn\n|move|p1a: Dragonite|Dragon Claw|p2b: Dondozo\n|-damage|p2b: Dondozo|75\/100 brn\n|-curestatus|p2a: Ting-Lu|slp|[msg]\n|move|p2a: Ting-Lu|Heavy Slam|p1a: Dragonite\n|-damage|p1a: Dragonite|92\/100\n|move|p2b: Dondozo|Avalanche|p1a: Dragonite\n|-supereffective|p1a: Dragonite\n|-damage|p1a: Dragonite|35\/100\n|-enditem|p1a: Dragonite|Weakness Policy\n|-boost|p1a: Dragonite|atk|2|[from] item: Weakness Policy\n|-boost|p1a: Dragonite|spa|2|[from] item: Weakness Policy\n|\n|-damage|p2b: Dondozo|69\/100 brn|[from] brn\n|upkeep\n|turn|8\n|\n|t:|1684082193\n|-terastallize|p1a: Dragonite|Steel\n|move|p2a: Ting-Lu|Protect|p2a: Ting-Lu\n|-singleturn|p2a: Ting-Lu|Protect\n|move|p1a: Dragonite|Brick Break|p2a: Ting-Lu\n|-activate|p2a: Ting-Lu|move: Protect\n|move|p1b: Sableye|Knock Off|p2b: Dondozo\n|-damage|p2b: Dondozo|53\/100 brn\n|-enditem|p2b: Dondozo|Assault Vest|[from] move: Knock Off|[of] p1b: Sableye\n|move|p2b: Dondozo|Avalanche|p1a: Dragonite\n|-resisted|p1a: Dragonite\n|-damage|p1a: Dragonite|32\/100\n|\n|-damage|p2b: Dondozo|47\/100 brn|[from] brn\n|upkeep\n|turn|9\n|\n|t:|1684082218\n|move|p1b: Sableye|Taunt|p2b: Dondozo\n|-start|p2b: Dondozo|move: Taunt\n|move|p1a: Dragonite|Iron Head|p2a: Ting-Lu\n|-damage|p2a: Ting-Lu|11\/100\n|move|p2a: Ting-Lu|Stomping Tantrum|p1a: Dragonite\n|-supereffective|p1a: Dragonite\n|-damage|p1a: Dragonite|0 fnt\n|faint|p1a: Dragonite\n|move|p2b: Dondozo|Fissure|p1b: Sableye|[miss]\n|-miss|p2b: Dondozo|p1b: Sableye\n|\n|-damage|p2b: Dondozo|41\/100 brn|[from] brn\n|upkeep\n|turn|10\n|\n|t:|1684082239\n|move|p1b: Sableye|Knock Off|p2a: Ting-Lu\n|-resisted|p2a: Ting-Lu\n|-damage|p2a: Ting-Lu|6\/100\n|move|p2a: Ting-Lu|Fissure|p1b: Sableye|[miss]\n|-miss|p2a: Ting-Lu|p1b: Sableye\n|move|p2b: Dondozo|Fissure|p1b: Sableye|[miss]\n|-miss|p2b: Dondozo|p1b: Sableye\n|\n|-damage|p2b: Dondozo|34\/100 brn|[from] brn\n|upkeep\n|turn|11\n|\n|t:|1684082251\n|move|p1b: Sableye|Knock Off|p2a: Ting-Lu\n|-resisted|p2a: Ting-Lu\n|-damage|p2a: Ting-Lu|1\/100\n|move|p2a: Ting-Lu|Fissure|p1b: Sableye|[miss]\n|-miss|p2a: Ting-Lu|p1b: Sableye\n|move|p2b: Dondozo|Fissure|p1b: Sableye\n|-damage|p1b: Sableye|0 fnt\n|faint|p1b: Sableye\n|-ohko\n|\n|win|godtech946\n|raw|alanfournumbers's rating: 1074 → 1051<\/strong> (-23 for losing)\n|raw|godtech946's rating: 1042 → 1079<\/strong> (+37 for winning)\n|l|\u2606alanfournumbers\n","uploadtime":1684082266,"views":9,"p1id":"alanfournumbers","p2id":"godtech946","formatid":"gen9vgc2023regulationc","rating":1051,"private":0,"password":""}