{"id":"gen9vgc2023regulationc-1862919827","p1":"thrillcorner","p2":"RIPTheDollarMenu","format":"[Gen 9] VGC 2023 Regulation C","log":"|j|\u2606thrillcorner\n|j|\u2606RIPTheDollarMenu\n|t:|1683938472\n|gametype|doubles\n|player|p1|thrillcorner|red-masters2|1366\n|player|p2|RIPTheDollarMenu|waiter-gen4|1285\n|teamsize|p1|6\n|teamsize|p2|6\n|gen|9\n|tier|[Gen 9] VGC 2023 Regulation C\n|rated|\n|rule|Species Clause: Limit one of each Pok\u00e9mon\n|rule|Item Clause: Limit one of each item\n|clearpoke\n|poke|p1|Arcanine, L50, F|\n|poke|p1|Amoonguss, L50, M|\n|poke|p1|Flutter Mane, L50|\n|poke|p1|Pelipper, L50, F|\n|poke|p1|Azumarill, L50, M|\n|poke|p1|Iron Hands, L50|\n|poke|p2|Tyranitar, L50, F|\n|poke|p2|Garchomp, L50, F|\n|poke|p2|Scream Tail, L50|\n|poke|p2|Corviknight, L50, F|\n|poke|p2|Gyarados, L50, F|\n|poke|p2|Iron Hands, L50|\n|teampreview|4\nthrillcorner has agreed to open team sheets.\n|inactive|Battle timer is ON: inactive players will automatically lose when time's up. (requested by RIPTheDollarMenu)\n|\n|t:|1683938533\n|start\n|switch|p1a: Flutter Mane|Flutter Mane, L50|100\/100\n|switch|p1b: Iron Hands|Iron Hands, L50|100\/100\n|switch|p2a: Beholder|Scream Tail, L50, shiny|100\/100\n|switch|p2b: Corviknight|Corviknight, L50, F|100\/100\n|-enditem|p1a: Flutter Mane|Booster Energy\n|-activate|p1a: Flutter Mane|ability: Protosynthesis|[fromitem]\n|-start|p1a: Flutter Mane|protosynthesisspa\n|-enditem|p2a: Beholder|Booster Energy\n|-activate|p2a: Beholder|ability: Protosynthesis|[fromitem]\n|-start|p2a: Beholder|protosynthesisspe\n|turn|1\n|\n|t:|1683938554\n|-terastallize|p2a: Beholder|Grass\n|move|p1b: Iron Hands|Fake Out|p2b: Corviknight\n|-resisted|p2b: Corviknight\n|-damage|p2b: Corviknight|95\/100\n|move|p2a: Beholder|Thunder Wave|p1a: Flutter Mane\n|-status|p1a: Flutter Mane|par\n|cant|p2b: Corviknight|flinch\n|move|p1a: Flutter Mane|Trick Room|p1a: Flutter Mane\n|-fieldstart|move: Trick Room|[of] p1a: Flutter Mane\n|\n|upkeep\n|turn|2\n|c|\u2606RIPTheDollarMenu|Oh\n|inactive|thrillcorner has 30 seconds left.\n|inactive|RIPTheDollarMenu has 30 seconds left.\n|inactive|thrillcorner has 20 seconds left.\n|inactive|thrillcorner has 15 seconds left.\n|\n|t:|1683938596\n|-end|p1a: Flutter Mane|Protosynthesis|[silent]\n|switch|p1a: Azumarill|Azumarill, L50, M|100\/100\n|move|p1b: Iron Hands|Wild Charge|p2b: Corviknight\n|-supereffective|p2b: Corviknight\n|-damage|p2b: Corviknight|15\/100\n|-damage|p1b: Iron Hands|84\/100|[from] Recoil\n|move|p2b: Corviknight|Iron Head|p1a: Azumarill\n|-damage|p1a: Azumarill|72\/100\n|move|p2a: Beholder|Encore|p1b: Iron Hands\n|-start|p1b: Iron Hands|Encore\n|\n|upkeep\n|turn|3\n|inactive|thrillcorner has 30 seconds left.\n|\n|t:|1683938624\n|-end|p1b: Iron Hands|Quark Drive|[silent]\n|switch|p1b: Pelipper|Pelipper, L50, F|100\/100\n|-weather|RainDance|[from] ability: Drizzle|[of] p1b: Pelipper\n|switch|p2b: Genie|Iron Hands, L50, shiny|100\/100\n|move|p1a: Azumarill|Aqua Jet|p2b: Genie\n|-damage|p2b: Genie|66\/100\n|-damage|p1a: Azumarill|62\/100|[from] item: Life Orb\n|move|p2a: Beholder|Thunder Wave|p1a: Azumarill|[miss]\n|-miss|p2a: Beholder|p1a: Azumarill\n|\n|-weather|RainDance|[upkeep]\n|upkeep\n|turn|4\n|\n|t:|1683938642\n|move|p1a: Azumarill|Protect|p1a: Azumarill\n|-singleturn|p1a: Azumarill|Protect\n|move|p2b: Genie|Fake Out|p1b: Pelipper\n|-damage|p1b: Pelipper|80\/100\n|cant|p1b: Pelipper|flinch\n|move|p2a: Beholder|Thunder Wave|p1a: Azumarill\n|-activate|p1a: Azumarill|move: Protect\n|\n|-weather|RainDance|[upkeep]\n|upkeep\n|turn|5\n|\n|t:|1683938660\n|move|p2b: Genie|Protect|p2b: Genie\n|-singleturn|p2b: Genie|Protect\n|move|p1a: Azumarill|Liquidation|p2b: Genie\n|-activate|p2b: Genie|move: Protect\n|move|p1b: Pelipper|Hurricane|p2a: Beholder\n|-supereffective|p2a: Beholder\n|-damage|p2a: Beholder|31\/100\n|move|p2a: Beholder|Disable|p1a: Azumarill\n|-start|p1a: Azumarill|Disable|Liquidation\n|\n|-weather|RainDance|[upkeep]\n|-fieldend|move: Trick Room\n|upkeep\n|turn|6\n|inactive|thrillcorner has 30 seconds left.\n|\n|t:|1683938686\n|switch|p1a: Iron Hands|Iron Hands, L50|84\/100\n|move|p2a: Beholder|Thunder Wave|p1b: Pelipper\n|-status|p1b: Pelipper|par\n|move|p2b: Genie|Wild Charge|p1b: Pelipper\n|-supereffective|p1b: Pelipper\n|-damage|p1b: Pelipper|0 fnt\n|faint|p1b: Pelipper\n|-damage|p2b: Genie|55\/100|[from] Recoil\n|\n|-weather|RainDance|[upkeep]\n|upkeep\n|\n|t:|1683938700\n|switch|p1b: Flutter Mane|Flutter Mane, L50|100\/100 par\n|turn|7\n|inactive|RIPTheDollarMenu has 30 seconds left.\n|\n|t:|1683938726\n|move|p2a: Beholder|Encore||[still]\n|-fail|p2a: Beholder\n|move|p2b: Genie|Wild Charge|p1b: Flutter Mane\n|-damage|p1b: Flutter Mane|39\/100 par\n|-damage|p2b: Genie|45\/100|[from] Recoil\n|-enditem|p2b: Genie|Sitrus Berry|[eat]\n|-heal|p2b: Genie|70\/100|[from] item: Sitrus Berry\n|move|p1b: Flutter Mane|Dazzling Gleam|p2a: Beholder|[spread] p2a,p2b\n|-supereffective|p2b: Genie\n|-damage|p2a: Beholder|12\/100\n|-damage|p2b: Genie|22\/100\n|move|p1a: Iron Hands|Drain Punch|p2b: Genie\n|-damage|p2b: Genie|0 fnt\n|-heal|p1a: Iron Hands|94\/100|[from] drain|[of] p2b: Genie\n|faint|p2b: Genie\n|-end|p2b: Genie|Quark Drive|[silent]\n|\n|-weather|none\n|upkeep\n|\n|t:|1683938741\n|switch|p2b: Tarrasque|Tyranitar, L50, F, shiny|100\/100\n|-weather|Sandstorm|[from] ability: Sand Stream|[of] p2b: Tarrasque\n|turn|8\n|inactive|thrillcorner has 30 seconds left.\n|\n|t:|1683938767\n|-end|p1a: Iron Hands|Quark Drive|[silent]\n|switch|p1a: Azumarill|Azumarill, L50, M|62\/100\n|cant|p1b: Flutter Mane|par\n|move|p2a: Beholder|Disable||[still]\n|-fail|p2a: Beholder\n|move|p2b: Tarrasque|Rock Slide|p1a: Azumarill|[spread] p1a,p1b\n|-damage|p1a: Azumarill|30\/100\n|-damage|p1b: Flutter Mane|2\/100 par\n|\n|-weather|Sandstorm|[upkeep]\n|-damage|p2a: Beholder|6\/100|[from] Sandstorm\n|-damage|p1b: Flutter Mane|0 fnt|[from] Sandstorm\n|-damage|p1a: Azumarill|24\/100|[from] Sandstorm\n|faint|p1b: Flutter Mane\n|-end|p1b: Flutter Mane|Protosynthesis|[silent]\n|upkeep\n|\n|t:|1683938778\n|switch|p1b: Iron Hands|Iron Hands, L50|94\/100\n|turn|9\n|\n|t:|1683938800\n|-end|p2a: Beholder|Protosynthesis|[silent]\n|switch|p2a: Corviknight|Corviknight, L50, F|15\/100\n|-terastallize|p1a: Azumarill|Water\n|move|p2b: Tarrasque|Protect|p2b: Tarrasque\n|-singleturn|p2b: Tarrasque|Protect\n|move|p1b: Iron Hands|Fake Out|p2a: Corviknight\n|-resisted|p2a: Corviknight\n|-damage|p2a: Corviknight|9\/100\n|move|p1a: Azumarill|Aqua Jet|p2b: Tarrasque\n|-activate|p2b: Tarrasque|move: Protect\n|\n|-weather|Sandstorm|[upkeep]\n|-damage|p1a: Azumarill|18\/100|[from] Sandstorm\n|-damage|p1b: Iron Hands|88\/100|[from] Sandstorm\n|upkeep\n|turn|10\n|inactive|RIPTheDollarMenu has 30 seconds left.\n|inactive|RIPTheDollarMenu has 20 seconds left.\n|\n|t:|1683938839\n|move|p1a: Azumarill|Aqua Jet|p2a: Corviknight\n|-damage|p2a: Corviknight|0 fnt\n|faint|p2a: Corviknight\n|-damage|p1a: Azumarill|9\/100|[from] item: Life Orb\n|move|p2b: Tarrasque|Rock Slide|p1a: Azumarill|[spread] p1a,p1b\n|-resisted|p1b: Iron Hands\n|-damage|p1a: Azumarill|0 fnt\n|-damage|p1b: Iron Hands|79\/100\n|faint|p1a: Azumarill\n|cant|p1b: Iron Hands|flinch\n|\n|-weather|Sandstorm|[upkeep]\n|-damage|p1b: Iron Hands|73\/100|[from] Sandstorm\n|upkeep\n|\n|t:|1683938849\n|switch|p2a: Beholder|Scream Tail, L50, shiny, tera:Grass|6\/100\n|turn|11\n|\n|t:|1683938863\n|move|p2b: Tarrasque|Protect|p2b: Tarrasque\n|-singleturn|p2b: Tarrasque|Protect\n|move|p2a: Beholder|Encore|p1b: Iron Hands\n|-start|p1b: Iron Hands|Encore\n|move|p1b: Iron Hands|Fake Out||[still]\n|-hint|Fake Out only works on your first turn out.\n|-fail|p1b: Iron Hands\n|\n|-weather|Sandstorm|[upkeep]\n|-damage|p2a: Beholder|0 fnt|[from] Sandstorm\n|-damage|p1b: Iron Hands|67\/100|[from] Sandstorm\n|faint|p2a: Beholder\n|-end|p2a: Beholder|Protosynthesis|[silent]\n|upkeep\n|turn|12\n|\n|t:|1683938874\n|move|p1b: Iron Hands|Fake Out||[still]\n|-hint|Fake Out only works on your first turn out.\n|-fail|p1b: Iron Hands\n|move|p2b: Tarrasque|Low Kick|p1b: Iron Hands\n|-damage|p1b: Iron Hands|39\/100\n|\n|-weather|none\n|upkeep\n|turn|13\n|c|\u2606RIPTheDollarMenu|gg\n|\n|t:|1683938887\n|move|p1b: Iron Hands|Fake Out||[still]\n|-hint|Fake Out only works on your first turn out.\n|-fail|p1b: Iron Hands\n|move|p2b: Tarrasque|Low Kick|p1b: Iron Hands\n|-damage|p1b: Iron Hands|13\/100\n|\n|-end|p1b: Iron Hands|Encore\n|upkeep\n|turn|14\n|c|\u2606thrillcorner|gg\n|\n|t:|1683938894\n|move|p2b: Tarrasque|Low Kick|p1b: Iron Hands\n|-damage|p1b: Iron Hands|0 fnt\n|faint|p1b: Iron Hands\n|-end|p1b: Iron Hands|Quark Drive|[silent]\n|\n|win|RIPTheDollarMenu\n|raw|thrillcorner's rating: 1366 → 1341<\/strong> (-25 for losing)\n|raw|RIPTheDollarMenu's rating: 1285 → 1316<\/strong> (+31 for winning)\n","uploadtime":1683938901,"views":60,"p1id":"thrillcorner","p2id":"ripthedollarmenu","formatid":"gen9vgc2023regulationc","rating":1316,"private":0,"password":""}