{"id":"gen9vgc2023regulationc-1852430125","p1":"Kaeduzolt","p2":"AnyRandomPerson","format":"[Gen 9] VGC 2023 Regulation C","log":"|j|\u2606Kaeduzolt\n|j|\u2606AnyRandomPerson\n|t:|1682556620\n|gametype|doubles\n|player|p1|Kaeduzolt|elesa-masters|1260\n|player|p2|AnyRandomPerson|scientist-gen4dp|1173\n|teamsize|p1|6\n|teamsize|p2|6\n|gen|9\n|tier|[Gen 9] VGC 2023 Regulation C\n|rated|\n|rule|Species Clause: Limit one of each Pok\u00e9mon\n|rule|Item Clause: Limit one of each item\n|clearpoke\n|poke|p1|Flutter Mane, L50|\n|poke|p1|Iron Hands, L50|\n|poke|p1|Scream Tail, L50|\n|poke|p1|Chi-Yu, L50|\n|poke|p1|Maushold, L50|\n|poke|p1|Annihilape, L50, M|\n|poke|p2|Wo-Chien, L50|\n|poke|p2|Glimmora, L50, F|\n|poke|p2|Flutter Mane, L50|\n|poke|p2|Palafin, L50, M|\n|poke|p2|Gothitelle, L50, F|\n|poke|p2|Arcanine, L50, M|\n|teampreview|4\n|inactive|Battle timer is ON: inactive players will automatically lose when time's up. (requested by Kaeduzolt)\n|c|\u2606Kaeduzolt|wait\n|c|\u2606AnyRandomPerson|?\n|c|\u2606Kaeduzolt|https:\/\/pokepast.es\/ef6dc50266256f7a\n|c|\u2606Kaeduzolt|yes\n|inactive|Kaeduzolt has 60 seconds left.\n|inactive|AnyRandomPerson has 60 seconds left.\n|c|\u2606AnyRandomPerson|bro\n|c|\u2606AnyRandomPerson|haha\n|c|\u2606Kaeduzolt|lmao i'm joking\nKaeduzolt has agreed to open team sheets.\nAnyRandomPerson has agreed to open team sheets.\n|inactive|Kaeduzolt has 30 seconds left.\n|inactive|AnyRandomPerson has 30 seconds left.\n|\n|t:|1682556690\n|start\n|switch|p1a: Iron Hands|Iron Hands, L50|100\/100\n|switch|p1b: Scream Tail|Scream Tail, L50|100\/100\n|switch|p2a: FIRE AND BRIMSTONE|Glimmora, L50, F|100\/100\n|switch|p2b: STAY MAD|Wo-Chien, L50|100\/100\n|-ability|p2b: STAY MAD|Tablets of Ruin\n|-enditem|p1b: Scream Tail|Booster Energy\n|-activate|p1b: Scream Tail|ability: Protosynthesis|[fromitem]\n|-start|p1b: Scream Tail|protosynthesisspe\n|turn|1\n|\n|t:|1682556704\n|switch|p2b: PRO GHOSTING|Gothitelle, L50, F|100\/100\n|move|p1b: Scream Tail|Light Screen|p1b: Scream Tail\n|-sidestart|p1: Kaeduzolt|move: Light Screen\n|move|p2a: FIRE AND BRIMSTONE|Mortal Spin|p1b: Scream Tail|[spread] p1a,p1b\n|-supereffective|p1b: Scream Tail\n|-damage|p1a: Iron Hands|98\/100\n|-damage|p1b: Scream Tail|92\/100\n|-status|p1a: Iron Hands|psn\n|-status|p1b: Scream Tail|psn\n|move|p1a: Iron Hands|Swords Dance|p1a: Iron Hands\n|-boost|p1a: Iron Hands|atk|2\n|\n|-damage|p1b: Scream Tail|80\/100 psn|[from] psn\n|-damage|p1a: Iron Hands|85\/100 psn|[from] psn\n|upkeep\n|turn|2\n|inactive|AnyRandomPerson has 30 seconds left.\n|\n|t:|1682556732\n|move|p2b: PRO GHOSTING|Fake Out|p1a: Iron Hands\n|-damage|p1a: Iron Hands|82\/100 psn\n|move|p1b: Scream Tail|Howl|p1b: Scream Tail|[spread] p1a,p1b\n|-boost|p1a: Iron Hands|atk|1\n|-boost|p1b: Scream Tail|atk|1\n|move|p2a: FIRE AND BRIMSTONE|Earth Power|p1a: Iron Hands\n|-supereffective|p1a: Iron Hands\n|-damage|p1a: Iron Hands|55\/100 psn\n|cant|p1a: Iron Hands|flinch\n|\n|-damage|p1b: Scream Tail|68\/100 psn|[from] psn\n|-damage|p1a: Iron Hands|43\/100 psn|[from] psn\n|upkeep\n|turn|3\n|\n|t:|1682556746\n|move|p2a: FIRE AND BRIMSTONE|Spiky Shield|p2a: FIRE AND BRIMSTONE\n|-singleturn|p2a: FIRE AND BRIMSTONE|move: Protect\n|move|p2b: PRO GHOSTING|Protect|p2b: PRO GHOSTING\n|-singleturn|p2b: PRO GHOSTING|Protect\n|move|p1b: Scream Tail|Howl|p1b: Scream Tail|[spread] p1a,p1b\n|-boost|p1a: Iron Hands|atk|1\n|-boost|p1b: Scream Tail|atk|1\n|move|p1a: Iron Hands|Drain Punch|p2a: FIRE AND BRIMSTONE\n|-activate|p2a: FIRE AND BRIMSTONE|move: Protect\n|-damage|p1a: Iron Hands|31\/100 psn|[from] Spiky Shield|[of] p2a: FIRE AND BRIMSTONE\n|\n|-damage|p1b: Scream Tail|56\/100 psn|[from] psn\n|-damage|p1a: Iron Hands|18\/100 psn|[from] psn\n|upkeep\n|turn|4\n|\n|t:|1682556764\n|switch|p2a: MOCKING BIRD|Flutter Mane, L50|100\/100\n|-enditem|p2a: MOCKING BIRD|Booster Energy\n|-activate|p2a: MOCKING BIRD|ability: Protosynthesis|[fromitem]\n|-start|p2a: MOCKING BIRD|protosynthesisspe\n|move|p1b: Scream Tail|Howl|p1b: Scream Tail|[spread] p1a,p1b\n|-boost|p1a: Iron Hands|atk|1\n|-boost|p1b: Scream Tail|atk|1\n|move|p2b: PRO GHOSTING|Psychic|p1a: Iron Hands\n|-supereffective|p1a: Iron Hands\n|-damage|p1a: Iron Hands|0 fnt\n|faint|p1a: Iron Hands\n|-end|p1a: Iron Hands|Quark Drive|[silent]\n|\n|-damage|p1b: Scream Tail|44\/100 psn|[from] psn\n|upkeep\n|\n|t:|1682556769\n|switch|p1a: Flutter Mane|Flutter Mane, L50|100\/100\n|turn|5\n|\n|t:|1682556792\n|-terastallize|p1a: Flutter Mane|Fairy\n|move|p2a: MOCKING BIRD|Protect|p2a: MOCKING BIRD\n|-singleturn|p2a: MOCKING BIRD|Protect\n|move|p2b: PRO GHOSTING|Protect|p2b: PRO GHOSTING\n|-singleturn|p2b: PRO GHOSTING|Protect\n|move|p1b: Scream Tail|Play Rough|p2a: MOCKING BIRD\n|-activate|p2a: MOCKING BIRD|move: Protect\n|move|p1a: Flutter Mane|Dazzling Gleam|p2b: PRO GHOSTING|[spread] \n|-activate|p2a: MOCKING BIRD|move: Protect\n|-activate|p2b: PRO GHOSTING|move: Protect\n|\n|-damage|p1b: Scream Tail|32\/100 psn|[from] psn\n|-sideend|p1: Kaeduzolt|move: Light Screen\n|upkeep\n|turn|6\n|inactive|AnyRandomPerson has 30 seconds left.\n|\n|t:|1682556826\n|-terastallize|p2a: MOCKING BIRD|Steel\n|move|p2a: MOCKING BIRD|Perish Song|p2a: MOCKING BIRD\n|-start|p1a: Flutter Mane|perish3|[silent]\n|-start|p1b: Scream Tail|perish3|[silent]\n|-start|p2a: MOCKING BIRD|perish3|[silent]\n|-start|p2b: PRO GHOSTING|perish3|[silent]\n|-fieldactivate|move: Perish Song\n|move|p1b: Scream Tail|Light Screen|p1b: Scream Tail\n|-sidestart|p1: Kaeduzolt|move: Light Screen\n|move|p1a: Flutter Mane|Dazzling Gleam|p2b: PRO GHOSTING|[spread] p2a,p2b\n|-resisted|p2a: MOCKING BIRD\n|-damage|p2a: MOCKING BIRD|76\/100\n|-damage|p2b: PRO GHOSTING|53\/100\n|move|p2b: PRO GHOSTING|Psychic|p1a: Flutter Mane\n|-damage|p1a: Flutter Mane|81\/100\n|\n|-damage|p1b: Scream Tail|19\/100 psn|[from] psn\n|-start|p2a: MOCKING BIRD|perish3\n|-start|p1b: Scream Tail|perish3\n|-start|p1a: Flutter Mane|perish3\n|-start|p2b: PRO GHOSTING|perish3\n|upkeep\n|turn|7\n|c|\u2606Kaeduzolt|oh damn\n|c|\u2606Kaeduzolt|i didn't know it was perish song\n|c|\u2606AnyRandomPerson|hehehe\n|inactive|Kaeduzolt has 30 seconds left.\n|inactive|Kaeduzolt has 20 seconds left.\n|inactive|Kaeduzolt has 15 seconds left.\n|\n|t:|1682556868\n|-end|p2a: MOCKING BIRD|Protosynthesis|[silent]\n|switch|p2a: FIRE AND BRIMSTONE|Glimmora, L50, F|100\/100\n|move|p2b: PRO GHOSTING|Protect|p2b: PRO GHOSTING\n|-singleturn|p2b: PRO GHOSTING|Protect\n|move|p1b: Scream Tail|Play Rough|p2b: PRO GHOSTING\n|-activate|p2b: PRO GHOSTING|move: Protect\n|move|p1a: Flutter Mane|Dazzling Gleam|p2b: PRO GHOSTING|[spread] p2a\n|-activate|p2b: PRO GHOSTING|move: Protect\n|-resisted|p2a: FIRE AND BRIMSTONE\n|-damage|p2a: FIRE AND BRIMSTONE|78\/100\n|\n|-damage|p1b: Scream Tail|7\/100 psn|[from] psn\n|-start|p1b: Scream Tail|perish2\n|-start|p1a: Flutter Mane|perish2\n|-start|p2b: PRO GHOSTING|perish2\n|upkeep\n|turn|8\n|inactive|AnyRandomPerson has 30 seconds left.\n|\n|t:|1682556897\n|switch|p2b: MOCKING BIRD|Flutter Mane, L50, tera:Steel|76\/100\n|move|p1b: Scream Tail|Play Rough|p2b: MOCKING BIRD\n|-resisted|p2b: MOCKING BIRD\n|-damage|p2b: MOCKING BIRD|37\/100\n|move|p1a: Flutter Mane|Dazzling Gleam|p2a: FIRE AND BRIMSTONE|[spread] p2a,p2b\n|-resisted|p2a: FIRE AND BRIMSTONE\n|-resisted|p2b: MOCKING BIRD\n|-damage|p2a: FIRE AND BRIMSTONE|56\/100\n|-damage|p2b: MOCKING BIRD|13\/100\n|move|p2a: FIRE AND BRIMSTONE|Sludge Bomb|p1a: Flutter Mane\n|-supereffective|p1a: Flutter Mane\n|-damage|p1a: Flutter Mane|33\/100\n|\n|-damage|p1b: Scream Tail|0 fnt|[from] psn\n|faint|p1b: Scream Tail\n|-end|p1b: Scream Tail|Protosynthesis|[silent]\n|-start|p1a: Flutter Mane|perish1\n|upkeep\n|c|\u2606Kaeduzolt|wait there's just one problem\n|inactive|Kaeduzolt has 30 seconds left.\n|c|\u2606Kaeduzolt|how do you play around dondozo\n|\n|t:|1682556926\n|switch|p1b: Chi-Yu|Chi-Yu, L50|100\/100\n|-ability|p1b: Chi-Yu|Beads of Ruin\n|turn|9\n|c|\u2606AnyRandomPerson|perish song\n|c|\u2606AnyRandomPerson|it cant switch\n|c|\u2606Kaeduzolt|oh yeahhhhhhhhh\n|\n|t:|1682556939\n|move|p2b: MOCKING BIRD|Protect|p2b: MOCKING BIRD\n|-singleturn|p2b: MOCKING BIRD|Protect\n|move|p2a: FIRE AND BRIMSTONE|Spiky Shield|p2a: FIRE AND BRIMSTONE\n|-singleturn|p2a: FIRE AND BRIMSTONE|move: Protect\n|move|p1b: Chi-Yu|Dark Pulse|p2a: FIRE AND BRIMSTONE\n|-activate|p2a: FIRE AND BRIMSTONE|move: Protect\n|move|p1a: Flutter Mane|Dazzling Gleam|p2b: MOCKING BIRD|[spread] \n|-activate|p2a: FIRE AND BRIMSTONE|move: Protect\n|-activate|p2b: MOCKING BIRD|move: Protect\n|\n|-start|p1a: Flutter Mane|perish0\n|faint|p1a: Flutter Mane\n|-end|p1a: Flutter Mane|Protosynthesis|[silent]\n|upkeep\n|turn|10\n|c|\u2606AnyRandomPerson|or wo chien with leech seed stall\n|c|\u2606Kaeduzolt|i really like the team\n|inactive|AnyRandomPerson has 30 seconds left.\n|c|\u2606Kaeduzolt|did you build it yourself?\n|c|\u2606AnyRandomPerson|yeah :)\n|inactive|AnyRandomPerson has 20 seconds left.\n|c|\u2606Kaeduzolt|would you mind if i use it?\n|inactive|AnyRandomPerson has 15 seconds left.\n|c|\u2606AnyRandomPerson|I borrowed some of wolfeys spreads\n|c|\u2606AnyRandomPerson|no\n|inactive|AnyRandomPerson has 10 seconds left.\n|\n|t:|1682556984\n|move|p2b: MOCKING BIRD|Moonblast|p1b: Chi-Yu\n|-damage|p1b: Chi-Yu|65\/100\n|move|p1b: Chi-Yu|Dark Pulse|p2a: FIRE AND BRIMSTONE\n|-damage|p2a: FIRE AND BRIMSTONE|7\/100\n|move|p2a: FIRE AND BRIMSTONE|Earth Power|p1b: Chi-Yu\n|-supereffective|p1b: Chi-Yu\n|-damage|p1b: Chi-Yu|27\/100\n|\n|-sideend|p1: Kaeduzolt|move: Light Screen\n|upkeep\n|turn|11\n|\n|t:|1682556992\n|move|p2b: MOCKING BIRD|Moonblast|p1b: Chi-Yu\n|-damage|p1b: Chi-Yu|0 fnt\n|faint|p1b: Chi-Yu\n|\n|win|AnyRandomPerson\n|raw|Kaeduzolt's rating: 1260 → 1229<\/strong> (-31 for losing)\n|raw|AnyRandomPerson's rating: 1173 → 1204<\/strong> (+31 for winning)\n|c|\u2606Kaeduzolt|gg\n|c|\u2606AnyRandomPerson|https:\/\/pokepast.es\/11f9a6e0edc441a3\n|c|\u2606Kaeduzolt|thanks a ton\n|c|\u2606AnyRandomPerson|https:\/\/pokepast.es\/1812127b997467c5\n|c|\u2606AnyRandomPerson|actually\n|c|\u2606AnyRandomPerson|this is the current version\n|c|\u2606AnyRandomPerson|some updated movesets and items\n|c|\u2606Kaeduzolt|oh ic\n|c|\u2606Kaeduzolt|thanks a lot\n|c|\u2606AnyRandomPerson|welcome!\n|l|\u2606Kaeduzolt\n","uploadtime":1682557450,"views":16,"p1id":"kaeduzolt","p2id":"anyrandomperson","formatid":"gen9vgc2023regulationc","rating":1204,"private":0,"password":""}