{"id":"gen9vgc2023regulationc-1860569570","p1":"JasperGsgrodo","p2":"WillieDangerously","format":"[Gen 9] VGC 2023 Regulation C","log":"|j|\u2606JasperGsgrodo\n|j|\u2606WillieDangerously\n|t:|1683655330\n|gametype|doubles\n|player|p1|JasperGsgrodo|ninjaboy|1240\n|player|p2|WillieDangerously|psychic-gen4|1203\n|teamsize|p1|6\n|teamsize|p2|6\n|gen|9\n|tier|[Gen 9] VGC 2023 Regulation C\n|rated|\n|rule|Species Clause: Limit one of each Pok\u00e9mon\n|rule|Item Clause: Limit one of each item\n|clearpoke\n|poke|p1|Flutter Mane, L50|\n|poke|p1|Ting-Lu, L50|\n|poke|p1|Wo-Chien, L50|\n|poke|p1|Iron Bundle, L50|\n|poke|p1|Arcanine, L50, F|\n|poke|p1|Great Tusk, L50|\n|poke|p2|Gholdengo, L50|\n|poke|p2|Wo-Chien, L50|\n|poke|p2|Iron Bundle, L50|\n|poke|p2|Dragapult, L50, F|\n|poke|p2|Hippowdon, L50, M|\n|poke|p2|Glimmora, L50, F|\n|teampreview|4\n|inactive|Battle timer is ON: inactive players will automatically lose when time's up. (requested by JasperGsgrodo)\n|\n|t:|1683655361\n|start\n|switch|p1a: Iron Bundle|Iron Bundle, L50|100\/100\n|switch|p1b: Flutter Mane|Flutter Mane, L50, shiny|100\/100\n|switch|p2a: Glimmora|Glimmora, L50, F|100\/100\n|switch|p2b: Wo-Chien|Wo-Chien, L50|100\/100\n|-ability|p2b: Wo-Chien|Tablets of Ruin\n|-enditem|p1a: Iron Bundle|Booster Energy\n|-activate|p1a: Iron Bundle|ability: Quark Drive|[fromitem]\n|-start|p1a: Iron Bundle|quarkdrivespe\n|turn|1\n|inactive|WillieDangerously has 30 seconds left.\n|inactive|WillieDangerously has 20 seconds left.\n|inactive|WillieDangerously has 15 seconds left.\n|inactive|WillieDangerously has 10 seconds left.\n|\n|t:|1683655411\n|-terastallize|p2b: Wo-Chien|Poison\n|move|p1a: Iron Bundle|Icy Wind|p2b: Wo-Chien|[spread] p2a,p2b\n|-damage|p2a: Glimmora|86\/100\n|-damage|p2b: Wo-Chien|86\/100\n|-unboost|p2a: Glimmora|spe|1\n|-unboost|p2b: Wo-Chien|spe|1\n|move|p1b: Flutter Mane|Moonblast|p2b: Wo-Chien\n|-resisted|p2b: Wo-Chien\n|-damage|p2b: Wo-Chien|64\/100\n|move|p2a: Glimmora|Energy Ball|p1a: Iron Bundle\n|-supereffective|p1a: Iron Bundle\n|-damage|p1a: Iron Bundle|2\/100\n|move|p2b: Wo-Chien|Leech Seed|p1b: Flutter Mane|[miss]\n|-miss|p2b: Wo-Chien|p1b: Flutter Mane\n|\n|-heal|p2b: Wo-Chien|70\/100|[from] item: Leftovers\n|upkeep\n|turn|2\n|inactive|JasperGsgrodo has 30 seconds left.\n|\n|t:|1683655441\n|-end|p1a: Iron Bundle|Quark Drive|[silent]\n|switch|p1a: Arcanine|Arcanine, L50, F|100\/100\n|-ability|p1a: Arcanine|Intimidate|boost\n|-unboost|p2a: Glimmora|atk|1\n|-unboost|p2b: Wo-Chien|atk|1\n|-end|p1b: Flutter Mane|Protosynthesis|[silent]\n|switch|p1b: Ting-Lu|Ting-Lu, L50|100\/100\n|-ability|p1b: Ting-Lu|Vessel of Ruin\n|move|p2b: Wo-Chien|Protect|p2b: Wo-Chien\n|-singleturn|p2b: Wo-Chien|Protect\n|move|p2a: Glimmora|Mortal Spin|p1b: Ting-Lu|[spread] p1a,p1b\n|-resisted|p1b: Ting-Lu\n|-damage|p1a: Arcanine|98\/100\n|-damage|p1b: Ting-Lu|99\/100\n|-status|p1a: Arcanine|psn\n|-status|p1b: Ting-Lu|psn\n|\n|-heal|p2b: Wo-Chien|76\/100|[from] item: Leftovers\n|-damage|p1a: Arcanine|86\/100 psn|[from] psn\n|-damage|p1b: Ting-Lu|88\/100 psn|[from] psn\n|upkeep\n|turn|3\n|inactive|JasperGsgrodo has 30 seconds left.\n|inactive|WillieDangerously has 30 seconds left.\n|inactive|JasperGsgrodo has 20 seconds left.\n|\n|t:|1683655477\n|move|p1a: Arcanine|Will-O-Wisp|p2b: Wo-Chien\n|-status|p2b: Wo-Chien|brn\n|move|p2a: Glimmora|Power Gem|p1a: Arcanine\n|-supereffective|p1a: Arcanine\n|-damage|p1a: Arcanine|33\/100 psn\n|move|p1b: Ting-Lu|Fissure|p2b: Wo-Chien|[miss]\n|-miss|p1b: Ting-Lu|p2b: Wo-Chien\n|move|p2b: Wo-Chien|Leech Seed|p1b: Ting-Lu|[miss]\n|-miss|p2b: Wo-Chien|p1b: Ting-Lu\n|\n|-heal|p2b: Wo-Chien|82\/100 brn|[from] item: Leftovers\n|-damage|p1a: Arcanine|21\/100 psn|[from] psn\n|-damage|p1b: Ting-Lu|76\/100 psn|[from] psn\n|-damage|p2b: Wo-Chien|76\/100 brn|[from] brn\n|upkeep\n|turn|4\n|inactive|JasperGsgrodo has 30 seconds left.\n|inactive|WillieDangerously has 30 seconds left.\n|inactive|WillieDangerously has 20 seconds left.\n|inactive|WillieDangerously has 15 seconds left.\n|inactive|WillieDangerously has 10 seconds left.\n|\n|t:|1683655524\n|move|p1a: Arcanine|Protect|p1a: Arcanine\n|-singleturn|p1a: Arcanine|Protect\n|move|p2b: Wo-Chien|Protect|p2b: Wo-Chien\n|-singleturn|p2b: Wo-Chien|Protect\n|move|p2a: Glimmora|Energy Ball|p1b: Ting-Lu\n|-supereffective|p1b: Ting-Lu\n|-damage|p1b: Ting-Lu|59\/100 psn\n|move|p1b: Ting-Lu|Stomping Tantrum|p2a: Glimmora\n|-supereffective|p2a: Glimmora\n|-damage|p2a: Glimmora|0 fnt\n|-activate|p2a: Glimmora|ability: Toxic Debris\n|-sidestart|p1: JasperGsgrodo|move: Toxic Spikes\n|faint|p2a: Glimmora\n|\n|-heal|p2b: Wo-Chien|82\/100 brn|[from] item: Leftovers\n|-damage|p1a: Arcanine|9\/100 psn|[from] psn\n|-damage|p1b: Ting-Lu|46\/100 psn|[from] psn\n|-damage|p2b: Wo-Chien|76\/100 brn|[from] brn\n|upkeep\n|\n|t:|1683655545\n|switch|p2a: Gholdengo|Gholdengo, L50|100\/100\n|turn|5\n|\n|t:|1683655555\n|move|p2a: Gholdengo|Protect|p2a: Gholdengo\n|-singleturn|p2a: Gholdengo|Protect\n|move|p1a: Arcanine|Flare Blitz|p2a: Gholdengo\n|-activate|p2a: Gholdengo|move: Protect\n|move|p1b: Ting-Lu|Fissure|p2b: Wo-Chien\n|-damage|p2b: Wo-Chien|0 fnt\n|faint|p2b: Wo-Chien\n|-ohko\n|\n|-damage|p1a: Arcanine|0 fnt|[from] psn\n|faint|p1a: Arcanine\n|-damage|p1b: Ting-Lu|34\/100 psn|[from] psn\n|upkeep\n|\n|t:|1683655570\n|switch|p1a: Flutter Mane|Flutter Mane, L50, shiny|100\/100\n|switch|p2b: Iron Bundle|Iron Bundle, L50|100\/100\n|-status|p1a: Flutter Mane|psn\n|-enditem|p2b: Iron Bundle|Booster Energy\n|-activate|p2b: Iron Bundle|ability: Quark Drive|[fromitem]\n|-start|p2b: Iron Bundle|quarkdrivespe\n|turn|6\n|\n|t:|1683655590\n|move|p2b: Iron Bundle|Icy Wind|p1a: Flutter Mane|[spread] p1b\n|-miss|p2b: Iron Bundle|p1a: Flutter Mane\n|-supereffective|p1b: Ting-Lu\n|-damage|p1b: Ting-Lu|22\/100 psn\n|-unboost|p1b: Ting-Lu|spe|1\n|move|p1a: Flutter Mane|Shadow Ball|p2a: Gholdengo\n|-supereffective|p2a: Gholdengo\n|-damage|p2a: Gholdengo|6\/100\n|-enditem|p2a: Gholdengo|Sitrus Berry|[eat]\n|-heal|p2a: Gholdengo|31\/100|[from] item: Sitrus Berry\n|move|p2a: Gholdengo|Shadow Ball|p1a: Flutter Mane\n|-supereffective|p1a: Flutter Mane\n|-damage|p1a: Flutter Mane|30\/100 psn\n|-unboost|p1a: Flutter Mane|spd|1\n|move|p1b: Ting-Lu|Stomping Tantrum|p2a: Gholdengo\n|-supereffective|p2a: Gholdengo\n|-damage|p2a: Gholdengo|0 fnt\n|faint|p2a: Gholdengo\n|\n|-damage|p1a: Flutter Mane|17\/100 psn|[from] psn\n|-damage|p1b: Ting-Lu|10\/100 psn|[from] psn\n|upkeep\n|turn|7\n|inactive|WillieDangerously has 30 seconds left.\n|\n|t:|1683655625\n|move|p2b: Iron Bundle|Protect|p2b: Iron Bundle\n|-singleturn|p2b: Iron Bundle|Protect\n|move|p1a: Flutter Mane|Shadow Ball|p2b: Iron Bundle\n|-activate|p2b: Iron Bundle|move: Protect\n|move|p1b: Ting-Lu|Stomping Tantrum|p2b: Iron Bundle\n|-activate|p2b: Iron Bundle|move: Protect\n|\n|-damage|p1a: Flutter Mane|5\/100 psn|[from] psn\n|-damage|p1b: Ting-Lu|0 fnt|[from] psn\n|faint|p1b: Ting-Lu\n|upkeep\n|\n|t:|1683655635\n|switch|p1b: Iron Bundle|Iron Bundle, L50|2\/100\n|-status|p1b: Iron Bundle|psn\n|turn|8\n|\n|t:|1683655651\n|move|p2b: Iron Bundle|Icy Wind|p1b: Iron Bundle|[spread] p1a,p1b\n|-resisted|p1b: Iron Bundle\n|-damage|p1a: Flutter Mane|0 fnt\n|-damage|p1b: Iron Bundle|0 fnt\n|faint|p1a: Flutter Mane\n|-end|p1a: Flutter Mane|Protosynthesis|[silent]\n|faint|p1b: Iron Bundle\n|-end|p1b: Iron Bundle|Quark Drive|[silent]\n|\n|win|WillieDangerously\n|raw|JasperGsgrodo's rating: 1240 → 1212<\/strong> (-28 for losing)\n|raw|WillieDangerously's rating: 1203 → 1231<\/strong> (+28 for winning)\n","uploadtime":1683655656,"views":9,"p1id":"jaspergsgrodo","p2id":"williedangerously","formatid":"gen9vgc2023regulationc","rating":1212,"private":0,"password":""}