{"id":"gen9vgc2023regulationc-1851859092","p1":"Croking","p2":"starburst48763","format":"[Gen 9] VGC 2023 Regulation C","log":"|j|\u2606Croking\n|j|\u2606starburst48763\n|t:|1682496310\n|gametype|doubles\n|player|p1|Croking|volo|1221\n|player|p2|starburst48763|elesa-masters|1230\n|teamsize|p1|6\n|teamsize|p2|6\n|gen|9\n|tier|[Gen 9] VGC 2023 Regulation C\n|rated|\n|rule|Species Clause: Limit one of each Pok\u00e9mon\n|rule|Item Clause: Limit one of each item\n|clearpoke\n|poke|p1|Ting-Lu, L50|\n|poke|p1|Corviknight, L50, F|\n|poke|p1|Gholdengo, L50|\n|poke|p1|Baxcalibur, L50, F|\n|poke|p1|Rotom-Wash, L50|\n|poke|p1|Flutter Mane, L50|\n|poke|p2|Ceruledge, L50, M|\n|poke|p2|Gyarados, L50, M|\n|poke|p2|Ting-Lu, L50|\n|poke|p2|Glimmora, L50, F|\n|poke|p2|Flutter Mane, L50|\n|poke|p2|Tsareena, L50, F|\n|teampreview|4\n|\n|t:|1682496326\n|start\n|switch|p1a: Rotom|Rotom-Wash, L50|100\/100\n|switch|p1b: Ting-Lu|Ting-Lu, L50|100\/100\n|switch|p2a: Ceruledge|Ceruledge, L50, M|100\/100\n|switch|p2b: Ting-Lu|Ting-Lu, L50|100\/100\n|-ability|p2b: Ting-Lu|Vessel of Ruin\n|-ability|p1b: Ting-Lu|Vessel of Ruin\n|turn|1\n|inactive|Battle timer is ON: inactive players will automatically lose when time's up. (requested by Croking)\n|\n|t:|1682496345\n|-terastallize|p2a: Ceruledge|Grass\n|move|p2a: Ceruledge|Bulk Up|p2a: Ceruledge\n|-boost|p2a: Ceruledge|atk|1\n|-boost|p2a: Ceruledge|def|1\n|move|p1a: Rotom|Will-O-Wisp|p2b: Ting-Lu\n|-status|p2b: Ting-Lu|brn\n|move|p2b: Ting-Lu|Ruination|p1a: Rotom\n|-damage|p1a: Rotom|51\/100\n|move|p1b: Ting-Lu|Fissure|p2b: Ting-Lu|[miss]\n|-miss|p1b: Ting-Lu|p2b: Ting-Lu\n|\n|-damage|p2b: Ting-Lu|94\/100 brn|[from] brn\n|upkeep\n|turn|2\n|\n|t:|1682496366\n|switch|p2b: Gyarados|Gyarados, L50, M|100\/100\n|-ability|p2b: Gyarados|Intimidate|boost\n|-unboost|p1a: Rotom|atk|1\n|-unboost|p1b: Ting-Lu|atk|1\n|move|p1a: Rotom|Protect|p1a: Rotom\n|-singleturn|p1a: Rotom|Protect\n|move|p2a: Ceruledge|Bulk Up|p2a: Ceruledge\n|-boost|p2a: Ceruledge|atk|1\n|-boost|p2a: Ceruledge|def|1\n|move|p1b: Ting-Lu|Stomping Tantrum|p2a: Ceruledge\n|-resisted|p2a: Ceruledge\n|-damage|p2a: Ceruledge|92\/100\n|\n|upkeep\n|turn|3\n|\n|t:|1682496382\n|switch|p2b: Ting-Lu|Ting-Lu, L50|94\/100 brn\n|-ability|p2b: Ting-Lu|Vessel of Ruin\n|move|p1a: Rotom|Volt Switch|p2b: Ting-Lu\n|-immune|p2b: Ting-Lu\n|move|p2a: Ceruledge|Bitter Blade|p1b: Ting-Lu\n|-damage|p1b: Ting-Lu|63\/100\n|-heal|p2a: Ceruledge|100\/100|[from] drain|[of] p1b: Ting-Lu\n|move|p1b: Ting-Lu|Ruination|p2a: Ceruledge|[miss]\n|-miss|p1b: Ting-Lu|p2a: Ceruledge\n|\n|-damage|p2b: Ting-Lu|88\/100 brn|[from] brn\n|upkeep\n|turn|4\n|inactive|Croking has 30 seconds left.\n|\n|t:|1682496411\n|switch|p1a: Baxcalibur|Baxcalibur, L50, F|100\/100\n|move|p2a: Ceruledge|Bitter Blade|p1a: Baxcalibur\n|-damage|p1a: Baxcalibur|30\/100\n|-ability|p1a: Baxcalibur|Thermal Exchange|boost\n|-boost|p1a: Baxcalibur|atk|1\n|move|p2b: Ting-Lu|Ruination|p1b: Ting-Lu\n|-damage|p1b: Ting-Lu|32\/100\n|move|p1b: Ting-Lu|Fissure|p2a: Ceruledge|[miss]\n|-miss|p1b: Ting-Lu|p2a: Ceruledge\n|\n|-damage|p2b: Ting-Lu|82\/100 brn|[from] brn\n|upkeep\n|turn|5\n|\n|t:|1682496436\n|switch|p2b: Gyarados|Gyarados, L50, M|100\/100\n|-ability|p2b: Gyarados|Intimidate|boost\n|-unboost|p1a: Baxcalibur|atk|1\n|-unboost|p1b: Ting-Lu|atk|1\n|move|p2a: Ceruledge|Shadow Sneak|p1a: Baxcalibur\n|-damage|p1a: Baxcalibur|0 fnt\n|faint|p1a: Baxcalibur\n|move|p1b: Ting-Lu|Fissure|p2a: Ceruledge|[miss]\n|-miss|p1b: Ting-Lu|p2a: Ceruledge\n|\n|upkeep\n|-message|Croking forfeited.\n|\n|win|starburst48763\n|raw|Croking's rating: 1221 → 1197<\/strong> (-24 for losing)\n|raw|starburst48763's rating: 1230 → 1254<\/strong> (+24 for winning)\n|l|\u2606Croking\n","uploadtime":1682496452,"views":16,"p1id":"croking","p2id":"starburst48763","formatid":"gen9vgc2023regulationc","rating":1197,"private":0,"password":""}