{"id":"gen9vgc2023regulationc-1851545477","p1":"Piccolo Ruiz","p2":"Dux-El52","format":"[Gen 9] VGC 2023 Regulation C","log":"|j|\u2606Piccolo Ruiz\n|j|\u2606Dux-El52\n|t:|1682454372\n|gametype|doubles\n|player|p1|Piccolo Ruiz|valerie|1274\n|player|p2|Dux-El52|101|1351\n|teamsize|p1|6\n|teamsize|p2|6\n|gen|9\n|tier|[Gen 9] VGC 2023 Regulation C\n|rated|\n|rule|Species Clause: Limit one of each Pok\u00e9mon\n|rule|Item Clause: Limit one of each item\n|clearpoke\n|poke|p1|Flutter Mane, L50|\n|poke|p1|Amoonguss, L50, F|\n|poke|p1|Gyarados, L50, F|\n|poke|p1|Arcanine, L50, F|\n|poke|p1|Ting-Lu, L50|\n|poke|p1|Baxcalibur, L50, F|\n|poke|p2|Iron Bundle, L50|\n|poke|p2|Ceruledge, L50, F|\n|poke|p2|Gastrodon, L50, M|\n|poke|p2|Chien-Pao, L50|\n|poke|p2|Azumarill, L50, M|\n|poke|p2|Chi-Yu, L50|\n|teampreview|4\n|inactive|Battle timer is ON: inactive players will automatically lose when time's up. (requested by Piccolo Ruiz)\n|inactive|Piccolo Ruiz has 60 seconds left.\n|inactive|Dux-El52 has 60 seconds left.\n|inactive|Piccolo Ruiz has 30 seconds left.\n|inactive|Piccolo Ruiz has 20 seconds left.\n|inactive|Piccolo Ruiz has 15 seconds left.\n|inactive|Piccolo Ruiz has 10 seconds left.\n|inactive|Piccolo Ruiz has 5 seconds left.\n|\n|t:|1682454460\n|start\n|switch|p1a: Ting-Lu|Ting-Lu, L50|100\/100\n|switch|p1b: Katya|Baxcalibur, L50, F, shiny|100\/100\n|switch|p2a: Azumarill|Azumarill, L50, M, shiny|100\/100\n|switch|p2b: Chien-Pao|Chien-Pao, L50|100\/100\n|-ability|p2b: Chien-Pao|Sword of Ruin\n|-ability|p1a: Ting-Lu|Vessel of Ruin\n|turn|1\n|inactive|Piccolo Ruiz has 30 seconds left.\n|inactive|Piccolo Ruiz has 20 seconds left.\n|inactive|Piccolo Ruiz has 15 seconds left.\n|\n|t:|1682454504\n|move|p2b: Chien-Pao|Ice Spinner|p1a: Ting-Lu\n|-supereffective|p1a: Ting-Lu\n|-damage|p1a: Ting-Lu|45\/100\n|move|p1b: Katya|Glaive Rush|p2b: Chien-Pao\n|-damage|p2b: Chien-Pao|8\/100\n|-singlemove|p1b: Katya|Glaive Rush|[silent]\n|move|p1a: Ting-Lu|Heavy Slam|p2a: Azumarill\n|-damage|p2a: Azumarill|59\/100\n|move|p2a: Azumarill|Liquidation|p1a: Ting-Lu\n|-supereffective|p1a: Ting-Lu\n|-damage|p1a: Ting-Lu|0 fnt\n|faint|p1a: Ting-Lu\n|\n|upkeep\n|\n|t:|1682454529\n|switch|p1a: Sasha Colby|Flutter Mane, L50|100\/100\n|-enditem|p1a: Sasha Colby|Booster Energy\n|-activate|p1a: Sasha Colby|ability: Protosynthesis|[fromitem]\n|-start|p1a: Sasha Colby|protosynthesisspa\n|turn|2\n|\n|t:|1682454550\n|move|p1a: Sasha Colby|Protect|p1a: Sasha Colby\n|-singleturn|p1a: Sasha Colby|Protect\n|move|p2b: Chien-Pao|Sucker Punch||[still]\n|-fail|p2b: Chien-Pao\n|move|p1b: Katya|Ice Shard|p2b: Chien-Pao\n|-resisted|p2b: Chien-Pao\n|-damage|p2b: Chien-Pao|0 fnt\n|faint|p2b: Chien-Pao\n|move|p2a: Azumarill|Aqua Jet|p1a: Sasha Colby\n|-activate|p1a: Sasha Colby|move: Protect\n|\n|upkeep\n|\n|t:|1682454557\n|switch|p2b: Ceruledge|Ceruledge, L50, F, shiny|100\/100\n|turn|3\n|inactive|Piccolo Ruiz has 30 seconds left.\n|\n|t:|1682454584\n|-terastallize|p1a: Sasha Colby|Fairy\n|move|p2b: Ceruledge|Protect|p2b: Ceruledge\n|-singleturn|p2b: Ceruledge|Protect\n|move|p1a: Sasha Colby|Moonblast|p2a: Azumarill\n|-damage|p2a: Azumarill|0 fnt\n|faint|p2a: Azumarill\n|move|p1b: Katya|Glaive Rush|p2b: Ceruledge\n|-activate|p2b: Ceruledge|move: Protect\n|\n|upkeep\n|\n|t:|1682454593\n|switch|p2a: Gastrodon|Gastrodon, L50, M|100\/100\n|turn|4\n|\n|t:|1682454618\n|move|p1a: Sasha Colby|Shadow Ball|p2b: Ceruledge\n|-supereffective|p2b: Ceruledge\n|-damage|p2b: Ceruledge|0 fnt\n|faint|p2b: Ceruledge\n|move|p1b: Katya|Icicle Crash|p2a: Gastrodon\n|-damage|p2a: Gastrodon|62\/100\n|move|p2a: Gastrodon|Muddy Water|p1b: Katya|[spread] p1a,p1b\n|-resisted|p1b: Katya\n|-damage|p1a: Sasha Colby|84\/100\n|-damage|p1b: Katya|90\/100\n|\n|-heal|p2a: Gastrodon|68\/100|[from] item: Leftovers\n|upkeep\n|turn|5\n|-message|Dux-El52 forfeited.\n|\n|win|Piccolo Ruiz\n|raw|Piccolo Ruiz's rating: 1274 → 1304<\/strong> (+30 for winning)\n|raw|Dux-El52's rating: 1351 → 1327<\/strong> (-24 for losing)\n|l|\u2606Dux-El52\n","uploadtime":1682454637,"views":6,"p1id":"piccoloruiz","p2id":"duxel52","formatid":"gen9vgc2023regulationc","rating":1304,"private":0,"password":""}