{"id":"gen9vgc2023regulationc-1860465647","p1":"Okzy97","p2":"Lewlo","format":"[Gen 9] VGC 2023 Regulation C","log":"|j|\u2606Okzy97\n|j|\u2606Lewlo\n|t:|1683646612\n|gametype|doubles\n|player|p1|Okzy97|benga|1161\n|player|p2|Lewlo|pokemonbreeder-gen4|1247\n|teamsize|p1|6\n|teamsize|p2|6\n|gen|9\n|tier|[Gen 9] VGC 2023 Regulation C\n|rated|\n|rule|Species Clause: Limit one of each Pok\u00e9mon\n|rule|Item Clause: Limit one of each item\n|clearpoke\n|poke|p1|Wo-Chien, L50|\n|poke|p1|Ting-Lu, L50|\n|poke|p1|Arcanine, L50, M|\n|poke|p1|Garganacl, L50, F|\n|poke|p1|Gothitelle, L50, F|\n|poke|p1|Scream Tail, L50|\n|poke|p2|Azumarill, L50, M|\n|poke|p2|Iron Hands, L50|\n|poke|p2|Chien-Pao, L50|\n|poke|p2|Amoonguss, L50, F|\n|poke|p2|Flutter Mane, L50|\n|poke|p2|Farigiraf, L50, F|\n|teampreview|4\n|inactive|Battle timer is ON: inactive players will automatically lose when time's up. (requested by Lewlo)\nLewlo has agreed to open team sheets.\nOkzy97 has agreed to open team sheets.\n|inactive|Okzy97 has 60 seconds left.\n|inactive|Lewlo has 60 seconds left.\n|\n|t:|1683646661\n|start\n|switch|p1a: Wo-Chien|Wo-Chien, L50|100\/100\n|switch|p1b: Garganacl|Garganacl, L50, F|100\/100\n|switch|p2a: Flutter Mane|Flutter Mane, L50|100\/100\n|switch|p2b: Chien-Pao|Chien-Pao, L50|100\/100\n|-ability|p2b: Chien-Pao|Sword of Ruin\n|-ability|p1a: Wo-Chien|Tablets of Ruin\n|-enditem|p2a: Flutter Mane|Booster Energy\n|-activate|p2a: Flutter Mane|ability: Protosynthesis|[fromitem]\n|-start|p2a: Flutter Mane|protosynthesisspa\n|turn|1\n|inactive|Okzy97 has 30 seconds left.\n|inactive|Lewlo has 30 seconds left.\n|\n|t:|1683646694\n|switch|p2b: Amoonguss|Amoonguss, L50, F|100\/100\n|-terastallize|p1a: Wo-Chien|Fairy\n|move|p1b: Garganacl|Wide Guard|p1b: Garganacl\n|-singleturn|p1b: Garganacl|Wide Guard\n|move|p2a: Flutter Mane|Dazzling Gleam|p1a: Wo-Chien|[spread] \n|-activate|p1a: Wo-Chien|move: Wide Guard\n|-activate|p1b: Garganacl|move: Wide Guard\n|move|p1a: Wo-Chien|Leech Seed|p2a: Flutter Mane\n|-start|p2a: Flutter Mane|move: Leech Seed\n|\n|-damage|p2a: Flutter Mane|88\/100|[from] Leech Seed|[of] p1a: Wo-Chien\n|upkeep\n|turn|2\n|\n|t:|1683646715\n|-end|p2a: Flutter Mane|Protosynthesis|[silent]\n|switch|p2a: Azumarill|Azumarill, L50, M|100\/100\n|move|p1a: Wo-Chien|Protect|p1a: Wo-Chien\n|-singleturn|p1a: Wo-Chien|Protect\n|move|p1b: Garganacl|Salt Cure|p2b: Amoonguss\n|-damage|p2b: Amoonguss|92\/100\n|-start|p2b: Amoonguss|Salt Cure\n|move|p2b: Amoonguss|Spore|p1a: Wo-Chien\n|-activate|p1a: Wo-Chien|move: Protect\n|\n|-damage|p2b: Amoonguss|79\/100|[from] Salt Cure\n|upkeep\n|turn|3\n|inactive|Okzy97 has 30 seconds left.\n|inactive|Okzy97 has 20 seconds left.\n|\n|t:|1683646752\n|switch|p2a: Flutter Mane|Flutter Mane, L50|88\/100\n|move|p1a: Wo-Chien|Leech Seed|p2a: Flutter Mane\n|-start|p2a: Flutter Mane|move: Leech Seed\n|move|p1b: Garganacl|Salt Cure|p2a: Flutter Mane\n|-damage|p2a: Flutter Mane|74\/100\n|-start|p2a: Flutter Mane|Salt Cure\n|move|p2b: Amoonguss|Spore|p1a: Wo-Chien\n|-status|p1a: Wo-Chien|slp|[from] move: Spore\n|\n|-damage|p2a: Flutter Mane|62\/100|[from] Leech Seed|[of] p1a: Wo-Chien\n|-damage|p2a: Flutter Mane|49\/100|[from] Salt Cure\n|-damage|p2b: Amoonguss|67\/100|[from] Salt Cure\n|upkeep\n|turn|4\n|inactive|Okzy97 has 30 seconds left.\n|inactive|Lewlo has 30 seconds left.\n|\n|t:|1683646782\n|-end|p2a: Flutter Mane|Protosynthesis|[silent]\n|switch|p2a: Azumarill|Azumarill, L50, M|100\/100\n|switch|p1a: Gothitelle|Gothitelle, L50, F|100\/100\n|move|p1b: Garganacl|Wide Guard|p1b: Garganacl\n|-singleturn|p1b: Garganacl|Wide Guard\n|move|p2b: Amoonguss|Rage Powder|p2b: Amoonguss\n|-singleturn|p2b: Amoonguss|move: Rage Powder\n|\n|-damage|p2b: Amoonguss|55\/100|[from] Salt Cure\n|upkeep\n|turn|5\n|\n|t:|1683646807\n|-terastallize|p2a: Azumarill|Grass\n|move|p1a: Gothitelle|Fake Out|p2a: Azumarill\n|-crit|p2a: Azumarill\n|-damage|p2a: Azumarill|91\/100\n|cant|p2a: Azumarill|flinch\n|move|p1b: Garganacl|Salt Cure|p2a: Azumarill\n|-damage|p2a: Azumarill|76\/100\n|-start|p2a: Azumarill|Salt Cure\n|move|p2b: Amoonguss|Spore|p1a: Gothitelle\n|-status|p1a: Gothitelle|slp|[from] move: Spore\n|\n|-damage|p2a: Azumarill|64\/100|[from] Salt Cure\n|-damage|p2b: Amoonguss|43\/100|[from] Salt Cure\n|upkeep\n|turn|6\n|inactive|Okzy97 has 30 seconds left.\n|inactive|Okzy97 has 20 seconds left.\n|\n|t:|1683646842\n|switch|p1a: Scream Tail|Scream Tail, L50|100\/100\n|move|p1b: Garganacl|Protect|p1b: Garganacl\n|-singleturn|p1b: Garganacl|Protect\n|move|p2a: Azumarill|Aqua Jet|p1b: Garganacl\n|-activate|p1b: Garganacl|move: Protect\n|move|p2b: Amoonguss|Pollen Puff|p1a: Scream Tail\n|-damage|p1a: Scream Tail|88\/100\n|\n|-damage|p2a: Azumarill|51\/100|[from] Salt Cure\n|-damage|p2b: Amoonguss|30\/100|[from] Salt Cure\n|upkeep\n|turn|7\n|\n|t:|1683646867\n|switch|p2a: Chien-Pao|Chien-Pao, L50|100\/100\n|-ability|p2a: Chien-Pao|Sword of Ruin\n|switch|p2b: Flutter Mane|Flutter Mane, L50|49\/100\n|move|p1a: Scream Tail|Disable||[still]\n|-fail|p1a: Scream Tail\n|move|p1b: Garganacl|Recover||[still]\n|-fail|p1b: Garganacl|heal\n|\n|upkeep\n|turn|8\n|inactive|Okzy97 has 30 seconds left.\n|\n|t:|1683646900\n|-end|p1a: Scream Tail|Protosynthesis|[silent]\n|switch|p1a: Wo-Chien|Wo-Chien, L50, tera:Fairy|100\/100 slp\n|-ability|p1a: Wo-Chien|Tablets of Ruin\n|move|p1b: Garganacl|Protect|p1b: Garganacl\n|-singleturn|p1b: Garganacl|Protect\n|move|p2a: Chien-Pao|Sacred Sword|p1b: Garganacl\n|-activate|p1b: Garganacl|move: Protect\n|move|p2b: Flutter Mane|Shadow Ball|p1a: Wo-Chien\n|-damage|p1a: Wo-Chien|73\/100 slp\n|-unboost|p1a: Wo-Chien|spd|1\n|\n|-heal|p1a: Wo-Chien|79\/100 slp|[from] item: Leftovers\n|upkeep\n|turn|9\n|inactive|Okzy97 has 30 seconds left.\n|\n|t:|1683646930\n|switch|p2a: Amoonguss|Amoonguss, L50, F|64\/100\n|move|p2b: Flutter Mane|Perish Song|p2b: Flutter Mane\n|-start|p1a: Wo-Chien|perish3|[silent]\n|-start|p1b: Garganacl|perish3|[silent]\n|-start|p2a: Amoonguss|perish3|[silent]\n|-start|p2b: Flutter Mane|perish3|[silent]\n|-fieldactivate|move: Perish Song\n|cant|p1a: Wo-Chien|slp\n|move|p1b: Garganacl|Salt Cure|p2b: Flutter Mane\n|-damage|p2b: Flutter Mane|35\/100\n|-start|p2b: Flutter Mane|Salt Cure\n|\n|-heal|p1a: Wo-Chien|85\/100 slp|[from] item: Leftovers\n|-damage|p2b: Flutter Mane|23\/100|[from] Salt Cure\n|-start|p2b: Flutter Mane|perish3\n|-start|p1a: Wo-Chien|perish3\n|-start|p1b: Garganacl|perish3\n|-start|p2a: Amoonguss|perish3\n|upkeep\n|turn|10\n|inactive|Okzy97 has 30 seconds left.\n|\n|t:|1683646958\n|switch|p2a: Azumarill|Azumarill, L50, M, tera:Grass|51\/100\n|cant|p1a: Wo-Chien|slp\n|move|p1b: Garganacl|Protect|p1b: Garganacl\n|-singleturn|p1b: Garganacl|Protect\n|move|p2b: Flutter Mane|Shadow Ball|p1a: Wo-Chien\n|-crit|p1a: Wo-Chien\n|-damage|p1a: Wo-Chien|21\/100 slp\n|\n|-heal|p1a: Wo-Chien|27\/100 slp|[from] item: Leftovers\n|-damage|p2b: Flutter Mane|10\/100|[from] Salt Cure\n|-start|p2b: Flutter Mane|perish2\n|-start|p1a: Wo-Chien|perish2\n|-start|p1b: Garganacl|perish2\n|upkeep\n|turn|11\n|\n|t:|1683646977\n|-end|p2b: Flutter Mane|Protosynthesis|[silent]\n|switch|p2b: Chien-Pao|Chien-Pao, L50|100\/100\n|-ability|p2b: Chien-Pao|Sword of Ruin\n|switch|p1a: Scream Tail|Scream Tail, L50|88\/100\n|switch|p1b: Gothitelle|Gothitelle, L50, F|100\/100 slp\n|move|p2a: Azumarill|Aqua Jet|p1b: Gothitelle\n|-damage|p1b: Gothitelle|69\/100 slp\n|\n|upkeep\n|turn|12\n|\n|t:|1683646998\n|move|p2b: Chien-Pao|Sucker Punch||[still]\n|-fail|p2b: Chien-Pao\n|move|p1a: Scream Tail|Perish Song|p1a: Scream Tail\n|-start|p1a: Scream Tail|perish3|[silent]\n|-start|p1b: Gothitelle|perish3|[silent]\n|-start|p2a: Azumarill|perish3|[silent]\n|-start|p2b: Chien-Pao|perish3|[silent]\n|-fieldactivate|move: Perish Song\n|move|p2a: Azumarill|Play Rough|p1a: Scream Tail\n|-damage|p1a: Scream Tail|28\/100\n|-unboost|p1a: Scream Tail|atk|1\n|cant|p1b: Gothitelle|slp\n|\n|-start|p2b: Chien-Pao|perish3\n|-start|p1a: Scream Tail|perish3\n|-start|p1b: Gothitelle|perish3\n|-start|p2a: Azumarill|perish3\n|upkeep\n|turn|13\n|\n|t:|1683647023\n|-end|p1a: Scream Tail|Protosynthesis|[silent]\n|switch|p1a: Garganacl|Garganacl, L50, F|100\/100\n|cant|p1b: Gothitelle|slp\n|move|p2b: Chien-Pao|Ice Spinner|p1b: Gothitelle\n|-damage|p1b: Gothitelle|25\/100 slp\n|move|p2a: Azumarill|Play Rough|p1b: Gothitelle\n|-damage|p1b: Gothitelle|0 fnt\n|faint|p1b: Gothitelle\n|\n|-start|p2b: Chien-Pao|perish2\n|-start|p2a: Azumarill|perish2\n|upkeep\n|\n|t:|1683647038\n|switch|p1b: Scream Tail|Scream Tail, L50|28\/100\n|turn|14\n|\n|t:|1683647048\n|switch|p2b: Amoonguss|Amoonguss, L50, F|97\/100\n|move|p2a: Azumarill|Aqua Jet|p1a: Garganacl\n|-supereffective|p1a: Garganacl\n|-damage|p1a: Garganacl|69\/100\n|move|p1b: Scream Tail|Play Rough|p2b: Amoonguss\n|-resisted|p2b: Amoonguss\n|-damage|p2b: Amoonguss|87\/100\n|-damage|p1b: Scream Tail|12\/100|[from] item: Rocky Helmet|[of] p2b: Amoonguss\n|move|p1a: Garganacl|Salt Cure|p2a: Azumarill\n|-damage|p2a: Azumarill|37\/100\n|-start|p2a: Azumarill|Salt Cure\n|\n|-damage|p2a: Azumarill|25\/100|[from] Salt Cure\n|-start|p2a: Azumarill|perish1\n|upkeep\n|turn|15\n|inactive|Okzy97 has 30 seconds left.\n|\n|t:|1683647080\n|switch|p2a: Flutter Mane|Flutter Mane, L50|10\/100\n|move|p2b: Amoonguss|Rage Powder|p2b: Amoonguss\n|-singleturn|p2b: Amoonguss|move: Rage Powder\n|move|p1b: Scream Tail|Disable|p2b: Amoonguss\n|-start|p2b: Amoonguss|Disable|Rage Powder\n|move|p1a: Garganacl|Salt Cure|p2b: Amoonguss\n|-damage|p2b: Amoonguss|75\/100\n|-start|p2b: Amoonguss|Salt Cure\n|\n|-damage|p2b: Amoonguss|63\/100|[from] Salt Cure\n|upkeep\n|turn|16\n|\n|t:|1683647103\n|switch|p2b: Chien-Pao|Chien-Pao, L50|100\/100\n|-ability|p2b: Chien-Pao|Sword of Ruin\n|move|p1a: Garganacl|Protect|p1a: Garganacl\n|-singleturn|p1a: Garganacl|Protect\n|move|p1b: Scream Tail|Play Rough|p2a: Flutter Mane|[miss]\n|-miss|p1b: Scream Tail|p2a: Flutter Mane\n|move|p2a: Flutter Mane|Dazzling Gleam|p1a: Garganacl|[spread] p1b\n|-activate|p1a: Garganacl|move: Protect\n|-damage|p1b: Scream Tail|0 fnt\n|faint|p1b: Scream Tail\n|-end|p1b: Scream Tail|Protosynthesis|[silent]\n|\n|upkeep\n|\n|t:|1683647115\n|switch|p1b: Wo-Chien|Wo-Chien, L50, tera:Fairy|27\/100 slp\n|-ability|p1b: Wo-Chien|Tablets of Ruin\n|turn|17\n|inactive|Okzy97 has 30 seconds left.\n|\n|t:|1683647125\n|switch|p2b: Amoonguss|Amoonguss, L50, F|96\/100\n|-curestatus|p1b: Wo-Chien|slp|[msg]\n|move|p1b: Wo-Chien|Protect|p1b: Wo-Chien\n|-singleturn|p1b: Wo-Chien|Protect\n|move|p2a: Flutter Mane|Perish Song|p2a: Flutter Mane\n|-start|p1a: Garganacl|perish3|[silent]\n|-start|p1b: Wo-Chien|perish3|[silent]\n|-start|p2a: Flutter Mane|perish3|[silent]\n|-start|p2b: Amoonguss|perish3|[silent]\n|-fieldactivate|move: Perish Song\n|move|p1a: Garganacl|Salt Cure|p2b: Amoonguss\n|-damage|p2b: Amoonguss|86\/100\n|-start|p2b: Amoonguss|Salt Cure\n|\n|-heal|p1b: Wo-Chien|33\/100|[from] item: Leftovers\n|-damage|p2b: Amoonguss|74\/100|[from] Salt Cure\n|-start|p2a: Flutter Mane|perish3\n|-start|p1b: Wo-Chien|perish3\n|-start|p1a: Garganacl|perish3\n|-start|p2b: Amoonguss|perish3\n|upkeep\n|turn|18\n|inactive|Okzy97 has 30 seconds left this turn.\n|inactive|Okzy97 has 20 seconds left.\n|inactive|Okzy97 has 15 seconds left.\n|inactive|Okzy97 has 10 seconds left.\n|inactive|Okzy97 has 5 seconds left.\n|-message|Okzy97 lost due to inactivity.\n|\n|win|Lewlo\n|raw|Okzy97's rating: 1161 → 1142<\/strong> (-19 for losing)\n|raw|Lewlo's rating: 1247 → 1266<\/strong> (+19 for winning)\n|c|\u2606Lewlo|srry mate\n|c|\u2606Lewlo|gg\n|l|\u2606Okzy97\n","uploadtime":1683647176,"views":8,"p1id":"okzy97","p2id":"lewlo","formatid":"gen9vgc2023regulationc","rating":1142,"private":0,"password":""}