{"id":"gen9vgc2023regulationc-1845043562","p1":"TrapperKeepr","p2":"Godofredo Davis","format":"[Gen 9] VGC 2023 Regulation C","log":"|j|\u2606TrapperKeepr\n|j|\u2606Godofredo Davis\n|t:|1681677221\n|gametype|doubles\n|player|p1|TrapperKeepr|170|1052\n|player|p2|Godofredo Davis|lucas|1118\n|teamsize|p1|6\n|teamsize|p2|6\n|gen|9\n|tier|[Gen 9] VGC 2023 Regulation C\n|rated|\n|rule|Species Clause: Limit one of each Pok\u00e9mon\n|rule|Item Clause: Limit one of each item\n|clearpoke\n|poke|p1|Gastrodon, L50, F|\n|poke|p1|Ting-Lu, L50|\n|poke|p1|Amoonguss, L50, F|\n|poke|p1|Flutter Mane, L50|\n|poke|p1|Gyarados, L50, M|\n|poke|p1|Iron Hands, L50|\n|poke|p2|Salamence, L50, M|\n|poke|p2|Iron Bundle, L50|\n|poke|p2|Volcarona, L50, M|\n|poke|p2|Annihilape, L50, F|\n|poke|p2|Clodsire, L50, M|\n|poke|p2|Meowscarada, L50, M|\n|teampreview|4\n|inactive|Battle timer is ON: inactive players will automatically lose when time's up. (requested by Godofredo Davis)\n|inactive|TrapperKeepr has 60 seconds left.\n|\n|t:|1681677263\n|start\n|switch|p1a: Gastrodon|Gastrodon, L50, F|100\/100\n|switch|p1b: Ting-Lu|Ting-Lu, L50|100\/100\n|switch|p2a: Salamence|Salamence, L50, M|100\/100\n|switch|p2b: Mister M|Meowscarada, L50, M|100\/100\n|-ability|p2a: Salamence|Intimidate|boost\n|-unboost|p1a: Gastrodon|atk|1\n|-unboost|p1b: Ting-Lu|atk|1\n|-ability|p1b: Ting-Lu|Vessel of Ruin\n|turn|1\n|inactive|TrapperKeepr has 30 seconds left.\n|inactive|TrapperKeepr has 20 seconds left.\n|\n|t:|1681677302\n|switch|p1b: Amoonguss|Amoonguss, L50, F|100\/100\n|move|p2b: Mister M|Flower Trick|p1b: Amoonguss\n|-start|p2b: Mister M|typechange|Grass|[from] ability: Protean\n|-resisted|p1b: Amoonguss\n|-crit|p1b: Amoonguss\n|-damage|p1b: Amoonguss|83\/100\n|move|p2a: Salamence|Dragon Dance|p2a: Salamence\n|-boost|p2a: Salamence|atk|1\n|-boost|p2a: Salamence|spe|1\n|move|p1a: Gastrodon|Yawn|p2b: Mister M\n|-start|p2b: Mister M|move: Yawn|[of] p1a: Gastrodon\n|\n|upkeep\n|turn|2\n|\n|t:|1681677324\n|switch|p2b: Clodsire|Clodsire, L50, M|100\/100\n|move|p2a: Salamence|Dual Wingbeat|p1b: Amoonguss\n|-supereffective|p1b: Amoonguss\n|-damage|p1b: Amoonguss|19\/100\n|-damage|p2a: Salamence|84\/100|[from] item: Rocky Helmet|[of] p1b: Amoonguss\n|-supereffective|p1b: Amoonguss\n|-damage|p1b: Amoonguss|0 fnt\n|-damage|p2a: Salamence|68\/100|[from] item: Rocky Helmet|[of] p1b: Amoonguss\n|faint|p1b: Amoonguss\n|-hitcount|p1: Amoonguss|2\n|move|p1a: Gastrodon|Yawn|p2a: Salamence\n|-start|p2a: Salamence|move: Yawn|[of] p1a: Gastrodon\n|\n|upkeep\n|inactive|TrapperKeepr has 30 seconds left.\n|\n|t:|1681677353\n|switch|p1b: Ting-Lu|Ting-Lu, L50|100\/100\n|-ability|p1b: Ting-Lu|Vessel of Ruin\n|turn|3\n|\n|t:|1681677366\n|switch|p2a: Mister M|Meowscarada, L50, M|100\/100\n|move|p1a: Gastrodon|Muddy Water|p2a: Mister M|[spread] p2a,p2b\n|-resisted|p2a: Mister M\n|-supereffective|p2b: Clodsire\n|-damage|p2a: Mister M|89\/100\n|-damage|p2b: Clodsire|75\/100\n|move|p1b: Ting-Lu|Fissure|p2b: Clodsire\n|-damage|p2b: Clodsire|0 fnt\n|faint|p2b: Clodsire\n|-ohko\n|\n|upkeep\n|\n|t:|1681677370\n|switch|p2b: Salamence|Salamence, L50, M|68\/100\n|-ability|p2b: Salamence|Intimidate|boost\n|-unboost|p1a: Gastrodon|atk|1\n|-unboost|p1b: Ting-Lu|atk|1\n|turn|4\n|\n|t:|1681677387\n|move|p2a: Mister M|Flower Trick|p1a: Gastrodon\n|-start|p2a: Mister M|typechange|Grass|[from] ability: Protean\n|-supereffective|p1a: Gastrodon\n|-crit|p1a: Gastrodon\n|-damage|p1a: Gastrodon|0 fnt\n|faint|p1a: Gastrodon\n|move|p2b: Salamence|Dragon Dance|p2b: Salamence\n|-boost|p2b: Salamence|atk|1\n|-boost|p2b: Salamence|spe|1\n|move|p1b: Ting-Lu|Rock Slide|p2b: Salamence|[spread] p2a,p2b\n|-crit|p2a: Mister M\n|-supereffective|p2b: Salamence\n|-crit|p2b: Salamence\n|-damage|p2a: Mister M|50\/100\n|-damage|p2b: Salamence|6\/100\n|\n|upkeep\n|\n|t:|1681677400\n|switch|p1a: Flutter Mane|Flutter Mane, L50|100\/100\n|-enditem|p1a: Flutter Mane|Booster Energy\n|-activate|p1a: Flutter Mane|ability: Protosynthesis|[fromitem]\n|-start|p1a: Flutter Mane|protosynthesisspa\n|turn|5\n|\n|t:|1681677418\n|move|p2b: Salamence|Earthquake|p1a: Flutter Mane|[spread] p2a,p1a,p1b\n|-resisted|p2a: Mister M\n|-damage|p2a: Mister M|18\/100\n|-damage|p1a: Flutter Mane|33\/100\n|-damage|p1b: Ting-Lu|77\/100\n|move|p2a: Mister M|Flower Trick|p1b: Ting-Lu\n|-supereffective|p1b: Ting-Lu\n|-crit|p1b: Ting-Lu\n|-damage|p1b: Ting-Lu|3\/100\n|move|p1a: Flutter Mane|Dazzling Gleam|p2b: Salamence|[spread] p2a,p2b\n|-supereffective|p2b: Salamence\n|-damage|p2a: Mister M|0 fnt\n|-damage|p2b: Salamence|0 fnt\n|faint|p2a: Mister M\n|faint|p2b: Salamence\n|move|p1b: Ting-Lu|Rock Slide|p2: Mister M|[notarget]\n|-fail|p1b: Ting-Lu\n|\n|upkeep\n|\n|t:|1681677432\n|switch|p2b: Tsunade|Annihilape, L50, F|100\/100\n|turn|6\n|inactive|TrapperKeepr has 30 seconds left.\n|\n|t:|1681677466\n|-terastallize|p1a: Flutter Mane|Fairy\n|-terastallize|p2b: Tsunade|Fire\n|move|p1a: Flutter Mane|Shadow Ball|p2b: Tsunade\n|-damage|p2b: Tsunade|72\/100\n|move|p2b: Tsunade|Rage Fist|p1a: Flutter Mane\n|-damage|p1a: Flutter Mane|0 fnt\n|faint|p1a: Flutter Mane\n|-end|p1a: Flutter Mane|Protosynthesis|[silent]\n|move|p1b: Ting-Lu|Stomping Tantrum|p2b: Tsunade\n|-supereffective|p2b: Tsunade\n|-damage|p2b: Tsunade|0 fnt\n|faint|p2b: Tsunade\n|\n|win|TrapperKeepr\n|raw|TrapperKeepr's rating: 1052 → 1090<\/strong> (+38 for winning)\n|raw|Godofredo Davis's rating: 1118 → 1088<\/strong> (-30 for losing)\n|l|\u2606Godofredo Davis\n","uploadtime":1681677481,"views":11,"p1id":"trapperkeepr","p2id":"godofredodavis","formatid":"gen9vgc2023regulationc","rating":1088,"private":0,"password":""}