{"id":"gen9vgc2023regulationc-1845297844","p1":"urgebkakxishbekys","p2":"BalancedPlayStyle","format":"[Gen 9] VGC 2023 Regulation C","log":"|j|\u2606urgebkakxishbekys\n|j|\u2606BalancedPlayStyle\n|t:|1681710027\n|gametype|doubles\n|player|p1|urgebkakxishbekys|blackbelt-gen4dp|1151\n|player|p2|BalancedPlayStyle|bugcatcher-gen4dp|1051\n|teamsize|p1|6\n|teamsize|p2|6\n|gen|9\n|tier|[Gen 9] VGC 2023 Regulation C\n|rated|\n|rule|Species Clause: Limit one of each Pok\u00e9mon\n|rule|Item Clause: Limit one of each item\n|clearpoke\n|poke|p1|Dondozo, L50, F|\n|poke|p1|Tatsugiri-Droopy, L50, M|\n|poke|p1|Pelipper, L50, F|\n|poke|p1|Drednaw, L50, F|\n|poke|p1|Chien-Pao, L50|\n|poke|p1|Dragonite, L50, F|\n|poke|p2|Flutter Mane, L50|\n|poke|p2|Arcanine, L50, F|\n|poke|p2|Palafin, L50, M|\n|poke|p2|Amoonguss, L50, M|\n|poke|p2|Ting-Lu, L50|\n|poke|p2|Dragonite, L50, F|\n|teampreview|4\nBalancedPlayStyle rejected open team sheets.\n|inactive|Battle timer is ON: inactive players will automatically lose when time's up. (requested by BalancedPlayStyle)\n|\n|t:|1681710057\n|start\n|switch|p1a: Pelipper|Pelipper, L50, F|100\/100\n|switch|p1b: Drednaw|Drednaw, L50, F|100\/100\n|switch|p2a: Dragonite|Dragonite, L50, F|100\/100\n|switch|p2b: Palafin|Palafin, L50, M|100\/100\n|-weather|RainDance|[from] ability: Drizzle|[of] p1a: Pelipper\n|turn|1\n|inactive|urgebkakxishbekys has 30 seconds left.\n|\n|t:|1681710091\n|detailschange|p2b: Palafin|Palafin-Hero, L50, M\n|switch|p2b: Flutter Mane|Flutter Mane, L50|100\/100\n|-enditem|p2b: Flutter Mane|Booster Energy\n|-activate|p2b: Flutter Mane|ability: Protosynthesis|[fromitem]\n|-start|p2b: Flutter Mane|protosynthesisspe\n|-terastallize|p2a: Dragonite|Normal\n|move|p2a: Dragonite|Extreme Speed|p1a: Pelipper\n|-damage|p1a: Pelipper|32\/100\n|move|p1b: Drednaw|Rock Slide|p2a: Dragonite|[spread] p2a,p2b\n|-damage|p2a: Dragonite|53\/100\n|-damage|p2b: Flutter Mane|13\/100\n|move|p1a: Pelipper|Hurricane|p2b: Flutter Mane\n|-damage|p2b: Flutter Mane|0 fnt\n|faint|p2b: Flutter Mane\n|-end|p2b: Flutter Mane|Protosynthesis|[silent]\n|\n|-weather|RainDance|[upkeep]\n|upkeep\n|\n|t:|1681710101\n|switch|p2b: Palafin|Palafin-Hero, L50, M|100\/100\n|-activate|p2b: Palafin|ability: Zero to Hero\n|turn|2\n|\n|t:|1681710110\n|move|p1a: Pelipper|Protect|p1a: Pelipper\n|-singleturn|p1a: Pelipper|Protect\n|move|p2a: Dragonite|Extreme Speed|p1a: Pelipper\n|-activate|p1a: Pelipper|move: Protect\n|move|p1b: Drednaw|Rock Slide|p2a: Dragonite|[spread] p2a,p2b\n|-damage|p2a: Dragonite|10\/100\n|-damage|p2b: Palafin|65\/100\n|move|p2b: Palafin|Close Combat|p1b: Drednaw\n|-supereffective|p1b: Drednaw\n|-damage|p1b: Drednaw|0 fnt\n|-unboost|p2b: Palafin|def|1\n|-unboost|p2b: Palafin|spd|1\n|faint|p1b: Drednaw\n|\n|-weather|RainDance|[upkeep]\n|upkeep\n|\n|t:|1681710125\n|switch|p1b: Dondozo|Dondozo, L50, F|100\/100\n|turn|3\n|\n|t:|1681710134\n|switch|p2b: Amoonguss|Amoonguss, L50, M|100\/100\n|switch|p1a: Tatsugiri|Tatsugiri-Droopy, L50, M|100\/100\n|-activate|p1a: Tatsugiri|ability: Commander|[of] p1b: Dondozo\n|-boost|p1b: Dondozo|atk|2\n|-boost|p1b: Dondozo|spa|2\n|-boost|p1b: Dondozo|spe|2\n|-boost|p1b: Dondozo|def|2\n|-boost|p1b: Dondozo|spd|2\n|-terastallize|p1b: Dondozo|Water\n|move|p2a: Dragonite|Extreme Speed|p1a: Tatsugiri|[miss]\n|-miss|p2a: Dragonite|p1a: Tatsugiri\n|move|p1b: Dondozo|Surf|p2a: Dragonite|[spread] p2a,p2b\n|-miss|p1b: Dondozo|p1a: Tatsugiri\n|-resisted|p2b: Amoonguss\n|-damage|p2a: Dragonite|0 fnt\n|-damage|p2b: Amoonguss|48\/100\n|-enditem|p2b: Amoonguss|Sitrus Berry|[eat]\n|-heal|p2b: Amoonguss|73\/100|[from] item: Sitrus Berry\n|faint|p2a: Dragonite\n|-damage|p1b: Dondozo|91\/100|[from] item: Life Orb\n|\n|-weather|RainDance|[upkeep]\n|upkeep\n|\n|t:|1681710138\n|switch|p2a: Palafin|Palafin-Hero, L50, M|65\/100\n|turn|4\n|inactive|urgebkakxishbekys has 30 seconds left.\n|\n|t:|1681710163\n|move|p2a: Palafin|Protect|p2a: Palafin\n|-singleturn|p2a: Palafin|Protect\n|move|p1b: Dondozo|Surf|p2a: Palafin|[spread] p2b\n|-miss|p1b: Dondozo|p1a: Tatsugiri\n|-activate|p2a: Palafin|move: Protect\n|-resisted|p2b: Amoonguss\n|-damage|p2b: Amoonguss|19\/100\n|-damage|p1b: Dondozo|81\/100|[from] item: Life Orb\n|move|p2b: Amoonguss|Clear Smog|p1b: Dondozo\n|-damage|p1b: Dondozo|72\/100\n|-clearboost|p1b: Dondozo\n|\n|-weather|RainDance|[upkeep]\n|upkeep\n|turn|5\n|\n|t:|1681710183\n|move|p2a: Palafin|Close Combat|p1b: Dondozo\n|-damage|p1b: Dondozo|29\/100\n|-unboost|p2a: Palafin|def|1\n|-unboost|p2a: Palafin|spd|1\n|move|p1b: Dondozo|Surf|p2b: Amoonguss|[spread] p2a,p2b\n|-miss|p1b: Dondozo|p1a: Tatsugiri\n|-resisted|p2a: Palafin\n|-resisted|p2b: Amoonguss\n|-damage|p2a: Palafin|37\/100\n|-damage|p2b: Amoonguss|0 fnt\n|faint|p2b: Amoonguss\n|-damage|p1b: Dondozo|19\/100|[from] item: Life Orb\n|\n|-weather|RainDance|[upkeep]\n|upkeep\n|turn|6\n|-message|BalancedPlayStyle forfeited.\n|\n|win|urgebkakxishbekys\n|raw|urgebkakxishbekys's rating: 1151 → 1169<\/strong> (+18 for winning)\n|raw|BalancedPlayStyle's rating: 1051 → 1038<\/strong> (-13 for losing)\n|l|\u2606BalancedPlayStyle\n|l|\u2606urgebkakxishbekys\n|j|\u2606urgebkakxishbekys\n|player|p1|urgebkakxishbekys|blackbelt-gen4dp\n","uploadtime":1681710341,"views":8,"p1id":"urgebkakxishbekys","p2id":"balancedplaystyle","formatid":"gen9vgc2023regulationc","rating":1038,"private":0,"password":""}