{"id":"gen9vgc2023regulationc-1859691338","p1":"cosplayLover","p2":"zhz2021","format":"[Gen 9] VGC 2023 Regulation C","log":"|j|\u2606cosplayLover\n|j|\u2606zhz2021\n|t:|1683556472\n|gametype|doubles\n|player|p1|cosplayLover|169|1568\n|player|p2|zhz2021|marley|1797\n|teamsize|p1|6\n|teamsize|p2|6\n|gen|9\n|tier|[Gen 9] VGC 2023 Regulation C\n|rated|\n|rule|Species Clause: Limit one of each Pok\u00e9mon\n|rule|Item Clause: Limit one of each item\n|clearpoke\n|poke|p1|Flutter Mane, L50|\n|poke|p1|Palafin, L50, M|\n|poke|p1|Amoonguss, L50, M|\n|poke|p1|Iron Hands, L50|\n|poke|p1|Annihilape, L50, M|\n|poke|p1|Farigiraf, L50, M|\n|poke|p2|Roaring Moon, L50|\n|poke|p2|Brambleghast, L50, M|\n|poke|p2|Iron Hands, L50|\n|poke|p2|Maushold-Four, L50|\n|poke|p2|Flutter Mane, L50|\n|poke|p2|Chi-Yu, L50|\n|teampreview|4\n|j| THUNDERSND77\n|j| EnrolledAgent\n|\n|t:|1683556520\n|start\n|switch|p1a: Flutter Mane|Flutter Mane, L50|100\/100\n|switch|p1b: Farigiraf|Farigiraf, L50, M|100\/100\n|switch|p2a: \u9b3c\u6708|Roaring Moon, L50, shiny|100\/100\n|switch|p2b: \u8349\u738b|Brambleghast, L50, M, shiny|100\/100\n|-enditem|p2a: \u9b3c\u6708|Booster Energy\n|-activate|p2a: \u9b3c\u6708|ability: Protosynthesis|[fromitem]\n|-start|p2a: \u9b3c\u6708|protosynthesisspe\n|turn|1\n|l| THUNDERSND77\n|\n|t:|1683556539\n|-terastallize|p2a: \u9b3c\u6708|Ghost\n|move|p2a: \u9b3c\u6708|Taunt|p1b: Farigiraf\n|-start|p1b: Farigiraf|move: Taunt\n|move|p1a: Flutter Mane|Dazzling Gleam|p2a: \u9b3c\u6708|[spread] p2a,p2b\n|-damage|p2a: \u9b3c\u6708|56\/100\n|-damage|p2b: \u8349\u738b|13\/100\n|move|p2b: \u8349\u738b|Bullet Seed|p1a: Flutter Mane\n|-damage|p1a: Flutter Mane|80\/100\n|-crit|p1a: Flutter Mane\n|-damage|p1a: Flutter Mane|50\/100\n|-damage|p1a: Flutter Mane|30\/100\n|-damage|p1a: Flutter Mane|12\/100\n|-damage|p1a: Flutter Mane|0 fnt\n|faint|p1a: Flutter Mane\n|-end|p1a: Flutter Mane|Protosynthesis|[silent]\n|-hitcount|p1: Flutter Mane|5\n|cant|p1b: Farigiraf|move: Taunt|Trick Room\n|\n|upkeep\n|j| THUNDERSND77\n|\n|t:|1683556558\n|switch|p1a: Annihilape|Annihilape, L50, M|100\/100\n|turn|2\n|inactive|Battle timer is ON: inactive players will automatically lose when time's up. (requested by zhz2021)\n|\n|t:|1683556570\n|-terastallize|p1a: Annihilape|Fire\n|move|p2a: \u9b3c\u6708|Tailwind|p2a: \u9b3c\u6708\n|-sidestart|p2: zhz2021|move: Tailwind\n|-ability|p2b: \u8349\u738b|Wind Rider|boost\n|-boost|p2b: \u8349\u738b|atk|1\n|move|p2b: \u8349\u738b|Bullet Seed|p1b: Farigiraf\n|-damage|p1b: Farigiraf|86\/100\n|-damage|p1b: Farigiraf|71\/100\n|-damage|p1b: Farigiraf|58\/100\n|-damage|p1b: Farigiraf|44\/100\n|-damage|p1b: Farigiraf|29\/100\n|-hitcount|p1b: Farigiraf|5\n|move|p1a: Annihilape|Rage Fist|p2a: \u9b3c\u6708\n|-supereffective|p2a: \u9b3c\u6708\n|-damage|p2a: \u9b3c\u6708|0 fnt\n|faint|p2a: \u9b3c\u6708\n|-end|p2a: \u9b3c\u6708|Protosynthesis|[silent]\n|move|p1b: Farigiraf|Psychic|p2b: \u8349\u738b\n|-crit|p2b: \u8349\u738b\n|-damage|p2b: \u8349\u738b|0 fnt\n|faint|p2b: \u8349\u738b\n|\n|upkeep\n|\n|t:|1683556580\n|switch|p2a: \u4e9a\u68a6|Flutter Mane, L50, shiny|100\/100\n|switch|p2b: \u5929\u9053|Chi-Yu, L50|100\/100\n|-ability|p2b: \u5929\u9053|Beads of Ruin\n|turn|3\n|\n|t:|1683556600\n|move|p1a: Annihilape|Protect|p1a: Annihilape\n|-singleturn|p1a: Annihilape|Protect\n|move|p2a: \u4e9a\u68a6|Shadow Ball|p1a: Annihilape\n|-activate|p1a: Annihilape|move: Protect\n|move|p2b: \u5929\u9053|Dark Pulse|p1a: Annihilape\n|-activate|p1a: Annihilape|move: Protect\n|move|p1b: Farigiraf|Psychic|p2a: \u4e9a\u68a6\n|-crit|p2a: \u4e9a\u68a6\n|-damage|p2a: \u4e9a\u68a6|33\/100\n|-unboost|p2a: \u4e9a\u68a6|spd|1\n|\n|-end|p1b: Farigiraf|move: Taunt\n|upkeep\n|turn|4\n|\n|t:|1683556620\n|move|p2a: \u4e9a\u68a6|Shadow Ball|p1a: Annihilape\n|-damage|p1a: Annihilape|54\/100\n|move|p2b: \u5929\u9053|Dark Pulse|p1a: Annihilape\n|-damage|p1a: Annihilape|0 fnt\n|faint|p1a: Annihilape\n|-damage|p2b: \u5929\u9053|91\/100|[from] item: Life Orb\n|move|p1b: Farigiraf|Psychic|p2a: \u4e9a\u68a6\n|-damage|p2a: \u4e9a\u68a6|0 fnt\n|faint|p2a: \u4e9a\u68a6\n|-end|p2a: \u4e9a\u68a6|Protosynthesis|[silent]\n|\n|upkeep\n|\n|t:|1683556631\n|switch|p1a: Amoonguss|Amoonguss, L50, M|100\/100\n|turn|5\n|inactive|cosplayLover has 30 seconds left.\n|\n|t:|1683556657\n|move|p2b: \u5929\u9053|Heat Wave|p1b: Farigiraf|[spread] p1a,p1b\n|-supereffective|p1a: Amoonguss\n|-enditem|p1a: Amoonguss|Occa Berry|[eat]\n|-enditem|p1a: Amoonguss|Occa Berry|[weaken]\n|-damage|p1a: Amoonguss|42\/100\n|-damage|p1b: Farigiraf|0 fnt\n|faint|p1b: Farigiraf\n|-damage|p2b: \u5929\u9053|82\/100|[from] item: Life Orb\n|move|p1a: Amoonguss|Spore|p2b: \u5929\u9053\n|-status|p2b: \u5929\u9053|slp|[from] move: Spore\n|\n|-sideend|p2: zhz2021|move: Tailwind\n|upkeep\n|turn|6\n|\n|t:|1683556668\n|cant|p2b: \u5929\u9053|slp\n|move|p1a: Amoonguss|Pollen Puff|p2b: \u5929\u9053\n|-damage|p2b: \u5929\u9053|63\/100 slp\n|\n|upkeep\n|turn|7\n|-message|cosplayLover forfeited.\n|\n|win|zhz2021\n|raw|cosplayLover's rating: 1568 → 1560<\/strong> (-8 for losing)\n|raw|zhz2021's rating: 1797 → 1805<\/strong> (+8 for winning)\n|l|\u2606cosplayLover\n|c|\u2606zhz2021|gg\n|l|\u2606zhz2021\n|l| THUNDERSND77\n","uploadtime":1683557016,"views":5,"p1id":"cosplaylover","p2id":"zhz2021","formatid":"gen9vgc2023regulationc","rating":1560,"private":0,"password":""}