{"id":"gen9vgc2023regulationc-1846669792","p1":"Valhala Alfa","p2":"koha440","format":"[Gen 9] VGC 2023 Regulation C","log":"|j|\u2606Valhala Alfa\n|j|\u2606koha440\n|t:|1681863870\n|gametype|doubles\n|player|p1|Valhala Alfa|101|1127\n|player|p2|koha440|2|1083\n|teamsize|p1|6\n|teamsize|p2|6\n|gen|9\n|tier|[Gen 9] VGC 2023 Regulation C\n|rated|\n|rule|Species Clause: Limit one of each Pok\u00e9mon\n|rule|Item Clause: Limit one of each item\n|clearpoke\n|poke|p1|Farigiraf, L50, F|\n|poke|p1|Murkrow, L50, M|\n|poke|p1|Magnezone, L50|\n|poke|p1|Staraptor, L50, M|\n|poke|p1|Annihilape, L50, M|\n|poke|p1|Volcarona, L50, M|\n|poke|p2|Tatsugiri, L50, M|\n|poke|p2|Dondozo, L50, F|\n|poke|p2|Glimmora, L50, F|\n|poke|p2|Flutter Mane, L50|\n|poke|p2|Chi-Yu, L50|\n|poke|p2|Iron Bundle, L50|\n|teampreview|4\n|inactive|Battle timer is ON: inactive players will automatically lose when time's up. (requested by Valhala Alfa)\n|inactive|Valhala Alfa has 60 seconds left.\n|\n|t:|1681863908\n|start\n|switch|p1a: Staraptor|Staraptor, L50, M|100\/100\n|switch|p1b: Magnezone|Magnezone, L50|100\/100\n|switch|p2a: Chi-Yu|Chi-Yu, L50|100\/100\n|switch|p2b: Flutter Mane|Flutter Mane, L50|100\/100\n|-ability|p2a: Chi-Yu|Beads of Ruin\n|turn|1\n|\n|t:|1681863929\n|-terastallize|p2b: Flutter Mane|Water\n|-terastallize|p1b: Magnezone|Water\n|move|p1a: Staraptor|Brave Bird|p2b: Flutter Mane\n|-damage|p2b: Flutter Mane|0 fnt\n|faint|p2b: Flutter Mane\n|-end|p2b: Flutter Mane|Protosynthesis|[silent]\n|-damage|p1a: Staraptor|68\/100|[from] Recoil\n|move|p2a: Chi-Yu|Flamethrower|p1b: Magnezone\n|-resisted|p1b: Magnezone\n|-damage|p1b: Magnezone|82\/100\n|move|p1b: Magnezone|Tera Blast|p2a: Chi-Yu\n|-supereffective|p2a: Chi-Yu\n|-damage|p2a: Chi-Yu|2\/100\n|\n|upkeep\n|\n|t:|1681863945\n|switch|p2b: Dondozo|Dondozo, L50, F|100\/100\n|turn|2\n|\n|t:|1681863954\n|switch|p2a: Tatsugiri|Tatsugiri, L50, M|100\/100\n|-activate|p2a: Tatsugiri|ability: Commander|[of] p2b: Dondozo\n|-boost|p2b: Dondozo|atk|2\n|-boost|p2b: Dondozo|spa|2\n|-boost|p2b: Dondozo|spe|2\n|-boost|p2b: Dondozo|def|2\n|-boost|p2b: Dondozo|spd|2\n|move|p1a: Staraptor|Brave Bird|p2b: Dondozo\n|-damage|p2b: Dondozo|77\/100\n|-damage|p1a: Staraptor|56\/100|[from] Recoil\n|move|p2b: Dondozo|Wave Crash|p1a: Staraptor\n|-damage|p1a: Staraptor|0 fnt\n|faint|p1a: Staraptor\n|-damage|p2b: Dondozo|66\/100|[from] Recoil\n|move|p1b: Magnezone|Volt Switch|p2b: Dondozo\n|-supereffective|p2b: Dondozo\n|-crit|p2b: Dondozo\n|-damage|p2b: Dondozo|0 fnt\n|faint|p2b: Dondozo\n|\n|t:|1681863976\n|switch|p1b: Volcarona|Volcarona, L50, M|100\/100|[from] Volt Switch\n|\n|upkeep\n|\n|t:|1681863982\n|switch|p1a: Murkrow|Murkrow, L50, M|100\/100\n|switch|p2b: Chi-Yu|Chi-Yu, L50|2\/100\n|-ability|p2b: Chi-Yu|Beads of Ruin\n|turn|3\n|\n|t:|1681863998\n|move|p2b: Chi-Yu|Protect|p2b: Chi-Yu\n|-singleturn|p2b: Chi-Yu|Protect\n|move|p1a: Murkrow|Tailwind|p1a: Murkrow\n|-sidestart|p1: Valhala Alfa|move: Tailwind\n|move|p1b: Volcarona|Giga Drain|p2b: Chi-Yu\n|-activate|p2b: Chi-Yu|move: Protect\n|move|p2a: Tatsugiri|Muddy Water|p1b: Volcarona|[spread] p1a,p1b\n|-supereffective|p1b: Volcarona\n|-damage|p1a: Murkrow|44\/100\n|-damage|p1b: Volcarona|16\/100\n|-unboost|p1a: Murkrow|accuracy|1\n|-unboost|p1b: Volcarona|accuracy|1\n|\n|upkeep\n|turn|4\n|\n|t:|1681864019\n|move|p2b: Chi-Yu|Protect||[still]\n|-fail|p2b: Chi-Yu\n|move|p1a: Murkrow|Haze|p1a: Murkrow\n|-clearallboost\n|move|p1b: Volcarona|Giga Drain|p2b: Chi-Yu\n|-resisted|p2b: Chi-Yu\n|-damage|p2b: Chi-Yu|0 fnt\n|-heal|p1b: Volcarona|17\/100|[from] drain|[of] p2b: Chi-Yu\n|faint|p2b: Chi-Yu\n|move|p2a: Tatsugiri|Muddy Water|p1b: Volcarona|[spread] p1a,p1b\n|-supereffective|p1b: Volcarona\n|-damage|p1a: Murkrow|0 fnt\n|-damage|p1b: Volcarona|0 fnt\n|faint|p1a: Murkrow\n|faint|p1b: Volcarona\n|\n|upkeep\n|\n|t:|1681864030\n|switch|p1b: Magnezone|Magnezone, L50, tera:Water|82\/100\n|turn|5\n|\n|t:|1681864035\n|move|p2a: Tatsugiri|Muddy Water|p1b: Magnezone\n|-resisted|p1b: Magnezone\n|-damage|p1b: Magnezone|68\/100\n|-unboost|p1b: Magnezone|accuracy|1\n|move|p1b: Magnezone|Discharge|p2a: Tatsugiri\n|-crit|p2a: Tatsugiri\n|-damage|p2a: Tatsugiri|0 fnt\n|faint|p2a: Tatsugiri\n|\n|win|Valhala Alfa\n|raw|Valhala Alfa's rating: 1127 → 1149<\/strong> (+22 for winning)\n|raw|koha440's rating: 1083 → 1063<\/strong> (-20 for losing)\n|l|\u2606koha440\n","uploadtime":1681865401,"views":15,"p1id":"valhalaalfa","p2id":"koha440","formatid":"gen9vgc2023regulationc","rating":1063,"private":0,"password":""}