{"id":"gen9vgc2023regulationc-1850616403","p1":"BlindMagneton","p2":"toocynical1","format":"[Gen 9] VGC 2023 Regulation C","log":"|j|\u2606BlindMagneton\n|j|\u2606toocynical1\n|t:|1682353332\n|gametype|doubles\n|player|p1|BlindMagneton|wattson|1138\n|player|p2|toocynical1|101|1246\n|teamsize|p1|6\n|teamsize|p2|6\n|gen|9\n|tier|[Gen 9] VGC 2023 Regulation C\n|rated|\n|rule|Species Clause: Limit one of each Pok\u00e9mon\n|rule|Item Clause: Limit one of each item\n|clearpoke\n|poke|p1|Iron Valiant, L50|\n|poke|p1|Wo-Chien, L50|\n|poke|p1|Maushold, L50|\n|poke|p1|Grimmsnarl, L50, M|\n|poke|p1|Dragapult, L50, M|\n|poke|p1|Ceruledge, L50, M|\n|poke|p2|Maushold-Four, L50|\n|poke|p2|Chien-Pao, L50|\n|poke|p2|Azumarill, L50, F|\n|poke|p2|Arcanine, L50, F|\n|poke|p2|Flutter Mane, L50|\n|poke|p2|Kingambit, L50, F|\n|teampreview|4\ntoocynical1 has agreed to open team sheets.\n|inactive|Battle timer is ON: inactive players will automatically lose when time's up. (requested by BlindMagneton)\n|\n|t:|1682353519\n|start\n|switch|p1a: Ceruledge|Ceruledge, L50, M|100\/100\n|switch|p1b: Maushold|Maushold, L50|100\/100\n|switch|p2a: Chien-Pao|Chien-Pao, L50|100\/100\n|switch|p2b: Azumarill|Azumarill, L50, F|100\/100\n|-ability|p2a: Chien-Pao|Sword of Ruin\n|turn|1\n|inactive|BlindMagneton has 30 seconds left.\n|inactive|toocynical1 has 30 seconds left.\n|inactive|toocynical1 has 20 seconds left.\n|inactive|toocynical1 has 15 seconds left.\n|\n|t:|1682353560\n|-terastallize|p1a: Ceruledge|Grass\n|-terastallize|p2b: Azumarill|Water\n|move|p1b: Maushold|Follow Me|p1b: Maushold\n|-singleturn|p1b: Maushold|move: Follow Me\n|move|p2b: Azumarill|Aqua Jet|p1b: Maushold\n|-damage|p1b: Maushold|8\/100\n|-damage|p2b: Azumarill|91\/100|[from] item: Life Orb\n|move|p2a: Chien-Pao|Sacred Sword|p1b: Maushold\n|-supereffective|p1b: Maushold\n|-damage|p1b: Maushold|0 fnt\n|faint|p1b: Maushold\n|move|p1a: Ceruledge|Bulk Up|p1a: Ceruledge\n|-boost|p1a: Ceruledge|atk|1\n|-boost|p1a: Ceruledge|def|1\n|\n|upkeep\n|inactive|BlindMagneton has 30 seconds left.\n|\n|t:|1682353586\n|switch|p1b: Grimmsnarl|Grimmsnarl, L50, M|100\/100\n|turn|2\n|inactive|toocynical1 has 30 seconds left.\n|inactive|toocynical1 has 20 seconds left.\n|\n|t:|1682353624\n|move|p1b: Grimmsnarl|Fake Out|p2b: Azumarill\n|-damage|p2b: Azumarill|70\/100\n|move|p2a: Chien-Pao|Ice Spinner|p1a: Ceruledge\n|-supereffective|p1a: Ceruledge\n|-damage|p1a: Ceruledge|28\/100\n|move|p1a: Ceruledge|Bitter Blade|p2a: Chien-Pao\n|-supereffective|p2a: Chien-Pao\n|-enditem|p2a: Chien-Pao|Focus Sash\n|-damage|p2a: Chien-Pao|1\/100\n|-heal|p1a: Ceruledge|71\/100|[from] drain|[of] p2a: Chien-Pao\n|cant|p2b: Azumarill|flinch\n|\n|upkeep\n|turn|3\n|inactive|BlindMagneton has 30 seconds left.\n|inactive|toocynical1 has 30 seconds left.\n|inactive|toocynical1 has 20 seconds left.\n|inactive|BlindMagneton has 20 seconds left.\n|inactive|toocynical1 has 15 seconds left.\n|inactive|BlindMagneton has 15 seconds left.\n|inactive|toocynical1 has 10 seconds left.\n|\n|t:|1682353673\n|move|p2a: Chien-Pao|Protect|p2a: Chien-Pao\n|-singleturn|p2a: Chien-Pao|Protect\n|move|p1b: Grimmsnarl|Thunder Wave|p2b: Azumarill\n|-status|p2b: Azumarill|par\n|move|p1a: Ceruledge|Shadow Sneak|p2a: Chien-Pao\n|-activate|p2a: Chien-Pao|move: Protect\n|cant|p2b: Azumarill|par\n|\n|upkeep\n|turn|4\n|inactive|BlindMagneton has 30 seconds left.\n|inactive|BlindMagneton has 20 seconds left.\n|inactive|BlindMagneton has 15 seconds left.\n|\n|t:|1682353716\n|switch|p2b: Arcanine|Arcanine, L50, F|100\/100\n|-ability|p2b: Arcanine|Intimidate|boost\n|-fail|p1a: Ceruledge|unboost|[from] item: Clear Amulet|[of] p1a: Ceruledge\n|-unboost|p1b: Grimmsnarl|atk|1\n|move|p2a: Chien-Pao|Sucker Punch||[still]\n|-fail|p2a: Chien-Pao\n|move|p1b: Grimmsnarl|Drain Punch|p2a: Chien-Pao\n|-supereffective|p2a: Chien-Pao\n|-damage|p2a: Chien-Pao|0 fnt\n|faint|p2a: Chien-Pao\n|move|p1a: Ceruledge|Bulk Up|p1a: Ceruledge\n|-boost|p1a: Ceruledge|atk|1\n|-boost|p1a: Ceruledge|def|1\n|\n|upkeep\n|\n|t:|1682353734\n|switch|p2a: Azumarill|Azumarill, L50, F, tera:Water|70\/100 par\n|turn|5\n|\n|t:|1682353747\n|move|p1b: Grimmsnarl|Thunder Wave|p2b: Arcanine\n|-status|p2b: Arcanine|par\n|move|p1a: Ceruledge|Bitter Blade|p2a: Azumarill\n|-resisted|p2a: Azumarill\n|-damage|p2a: Azumarill|24\/100 par\n|-heal|p1a: Ceruledge|96\/100|[from] drain|[of] p2a: Azumarill\n|move|p2b: Arcanine|Howl|p2b: Arcanine|[spread] p2a,p2b\n|-boost|p2a: Azumarill|atk|1\n|-boost|p2b: Arcanine|atk|1\n|move|p2a: Azumarill|Play Rough|p1b: Grimmsnarl\n|-supereffective|p1b: Grimmsnarl\n|-enditem|p1b: Grimmsnarl|Focus Sash\n|-damage|p1b: Grimmsnarl|1\/100\n|-damage|p2a: Azumarill|14\/100 par|[from] item: Life Orb\n|\n|upkeep\n|turn|6\n|\n|t:|1682353768\n|switch|p1b: Dragapult|Dragapult, L50, M|100\/100\n|move|p2b: Arcanine|Extreme Speed|p1a: Ceruledge\n|-damage|p1a: Ceruledge|79\/100\n|move|p1a: Ceruledge|Shadow Sneak|p2a: Azumarill\n|-damage|p2a: Azumarill|0 fnt\n|faint|p2a: Azumarill\n|\n|upkeep\n|\n|t:|1682353782\n|switch|p2a: Kingambit|Kingambit, L50, F|100\/100\n|turn|7\n|\n|t:|1682353802\n|move|p2a: Kingambit|Protect|p2a: Kingambit\n|-singleturn|p2a: Kingambit|Protect\n|move|p1b: Dragapult|Curse|p2a: Kingambit\n|-start|p2a: Kingambit|Curse|[of] p1b: Dragapult\n|-damage|p1b: Dragapult|51\/100\n|move|p1a: Ceruledge|Bitter Blade|p2b: Arcanine\n|-resisted|p2b: Arcanine\n|-damage|p2b: Arcanine|56\/100 par\n|-heal|p1a: Ceruledge|100\/100|[from] drain|[of] p2b: Arcanine\n|move|p2b: Arcanine|Will-O-Wisp|p1b: Dragapult\n|-status|p1b: Dragapult|brn\n|\n|-damage|p1b: Dragapult|45\/100 brn|[from] brn\n|-damage|p2a: Kingambit|76\/100|[from] Curse\n|upkeep\n|turn|8\n|inactive|toocynical1 has 30 seconds left.\n|\n|t:|1682353834\n|cant|p2b: Arcanine|par\n|move|p1b: Dragapult|Curse|p2b: Arcanine\n|-start|p2b: Arcanine|Curse|[of] p1b: Dragapult\n|-damage|p1b: Dragapult|0 fnt\n|faint|p1b: Dragapult\n|move|p1a: Ceruledge|Bitter Blade|p2a: Kingambit\n|-supereffective|p2a: Kingambit\n|-damage|p2a: Kingambit|0 fnt\n|faint|p2a: Kingambit\n|\n|-damage|p2b: Arcanine|31\/100 par|[from] Curse\n|upkeep\n|\n|t:|1682353845\n|switch|p1b: Grimmsnarl|Grimmsnarl, L50, M|1\/100\n|turn|9\n|\n|t:|1682353850\n|move|p1b: Grimmsnarl|Fake Out|p2b: Arcanine\n|-damage|p2b: Arcanine|18\/100 par\n|cant|p2b: Arcanine|flinch\n|move|p1a: Ceruledge|Bitter Blade|p2b: Arcanine\n|-resisted|p2b: Arcanine\n|-damage|p2b: Arcanine|0 fnt\n|faint|p2b: Arcanine\n|\n|win|BlindMagneton\n|raw|BlindMagneton's rating: 1138 → 1171<\/strong> (+33 for winning)\n|raw|toocynical1's rating: 1246 → 1213<\/strong> (-33 for losing)\n|l|\u2606toocynical1\n","uploadtime":1682353862,"views":12,"p1id":"blindmagneton","p2id":"toocynical1","formatid":"gen9vgc2023regulationc","rating":1171,"private":0,"password":""}