{"id":"gen9vgc2023regulationc-1846878686","p1":"Oorko","p2":"frazer983","format":"[Gen 9] VGC 2023 Regulation C","log":"|j|\u2606Oorko\n|j|\u2606frazer983\n|t:|1681894811\n|gametype|doubles\n|player|p1|Oorko|dragontamer|1276\n|player|p2|frazer983|169|1275\n|teamsize|p1|6\n|teamsize|p2|6\n|gen|9\n|tier|[Gen 9] VGC 2023 Regulation C\n|rated|\n|rule|Species Clause: Limit one of each Pok\u00e9mon\n|rule|Item Clause: Limit one of each item\n|clearpoke\n|poke|p1|Glimmora, L50, M|\n|poke|p1|Iron Bundle, L50|\n|poke|p1|Dondozo, L50, F|\n|poke|p1|Dragonite, L50, M|\n|poke|p1|Tatsugiri, L50, F|\n|poke|p1|Chi-Yu, L50|\n|poke|p2|Palafin, L50, M|\n|poke|p2|Chien-Pao, L50|\n|poke|p2|Dragapult, L50, M|\n|poke|p2|Amoonguss, L50, M|\n|poke|p2|Arcanine, L50, F|\n|poke|p2|Flutter Mane, L50|\n|teampreview|4\n|inactive|Battle timer is ON: inactive players will automatically lose when time's up. (requested by Oorko)\n|inactive|Oorko has 60 seconds left.\nfrazer983 has agreed to open team sheets.\n|\n|t:|1681894844\n|start\n|switch|p1a: Iron Bundle|Iron Bundle, L50|100\/100\n|switch|p1b: Dragonite|Dragonite, L50, M|100\/100\n|switch|p2a: Dozo|Palafin, L50, M|100\/100\n|switch|p2b: Dnite|Dragapult, L50, M|100\/100\n|-enditem|p1a: Iron Bundle|Booster Energy\n|-activate|p1a: Iron Bundle|ability: Quark Drive|[fromitem]\n|-start|p1a: Iron Bundle|quarkdrivespe\n|turn|1\n|\n|t:|1681894863\n|detailschange|p2a: Dozo|Palafin-Hero, L50, M\n|switch|p2a: ChiYu|Arcanine, L50, F|100\/100\n|-ability|p2a: ChiYu|Intimidate|boost\n|-unboost|p1a: Iron Bundle|atk|1\n|-unboost|p1b: Dragonite|atk|1\n|-terastallize|p2b: Dnite|Steel\n|move|p1a: Iron Bundle|Protect|p1a: Iron Bundle\n|-singleturn|p1a: Iron Bundle|Protect\n|move|p2b: Dnite|Dragon Darts|p1b: Dragonite\n|-supereffective|p1b: Dragonite\n|-damage|p1b: Dragonite|64\/100\n|-anim|p2b: Dnite|Dragon Darts|p1b: Dragonite\n|-supereffective|p1b: Dragonite\n|-damage|p1b: Dragonite|0 fnt\n|faint|p1b: Dragonite\n|\n|upkeep\n|\n|t:|1681894878\n|switch|p1b: Dondozo|Dondozo, L50, F|100\/100\n|turn|2\n|\n|t:|1681894891\n|-end|p1a: Iron Bundle|Quark Drive|[silent]\n|switch|p1a: Tatsugiri|Tatsugiri, L50, F|100\/100\n|-activate|p1a: Tatsugiri|ability: Commander|[of] p1b: Dondozo\n|-boost|p1b: Dondozo|atk|2\n|-boost|p1b: Dondozo|spa|2\n|-boost|p1b: Dondozo|spe|2\n|-boost|p1b: Dondozo|def|2\n|-boost|p1b: Dondozo|spd|2\n|-terastallize|p1b: Dondozo|Grass\n|move|p2b: Dnite|Dragon Darts|p1b: Dondozo\n|-damage|p1b: Dondozo|88\/100\n|-anim|p2b: Dnite|Dragon Darts|p1b: Dondozo\n|-damage|p1b: Dondozo|75\/100\n|move|p1b: Dondozo|Earthquake|p2b: Dnite|[spread] p2a,p2b\n|-miss|p1b: Dondozo|p1a: Tatsugiri\n|-supereffective|p2a: ChiYu\n|-supereffective|p2b: Dnite\n|-damage|p2a: ChiYu|0 fnt\n|-damage|p2b: Dnite|0 fnt\n|faint|p2a: ChiYu\n|faint|p2b: Dnite\n|\n|-heal|p1b: Dondozo|81\/100|[from] item: Leftovers\n|upkeep\n|\n|t:|1681894912\n|switch|p2b: Bundle|Chien-Pao, L50|100\/100\n|switch|p2a: Dozo|Palafin-Hero, L50, M|100\/100\n|-ability|p2b: Bundle|Sword of Ruin\n|-activate|p2a: Dozo|ability: Zero to Hero\n|turn|3\n|\n|t:|1681894921\n|move|p2b: Bundle|Ice Spinner|p1b: Dondozo\n|-supereffective|p1b: Dondozo\n|-damage|p1b: Dondozo|45\/100\n|move|p1b: Dondozo|Tera Blast|p2a: Dozo\n|-supereffective|p2a: Dozo\n|-damage|p2a: Dozo|0 fnt\n|faint|p2a: Dozo\n|\n|-heal|p1b: Dondozo|52\/100|[from] item: Leftovers\n|upkeep\n|turn|4\n|\n|t:|1681894932\n|move|p1b: Dondozo|Protect|p1b: Dondozo\n|-singleturn|p1b: Dondozo|Protect\n|move|p2b: Bundle|Ice Spinner|p1b: Dondozo\n|-activate|p1b: Dondozo|move: Protect\n|\n|-heal|p1b: Dondozo|58\/100|[from] item: Leftovers\n|upkeep\n|turn|5\n|-message|frazer983 forfeited.\n|\n|win|Oorko\n|raw|Oorko's rating: 1276 → 1301<\/strong> (+25 for winning)\n|raw|frazer983's rating: 1275 → 1250<\/strong> (-25 for losing)\n|l|\u2606frazer983\n","uploadtime":1681894947,"views":16,"p1id":"oorko","p2id":"frazer983","formatid":"gen9vgc2023regulationc","rating":1250,"private":0,"password":""}