{"id":"gen9vgc2023regulationc-1856105999","p1":"GengarMaster69","p2":"haha you rage quit","format":"[Gen 9] VGC 2023 Regulation C","log":"|j|\u2606GengarMaster69\n|j|\u2606haha you rage quit\n|t:|1683030766\n|gametype|doubles\n|player|p1|GengarMaster69|riley|1083\n|player|p2|haha you rage quit|pokemaniac|1082\n|teamsize|p1|6\n|teamsize|p2|6\n|gen|9\n|tier|[Gen 9] VGC 2023 Regulation C\n|rated|\n|rule|Species Clause: Limit one of each Pok\u00e9mon\n|rule|Item Clause: Limit one of each item\n|clearpoke\n|poke|p1|Gengar, L50, M|\n|poke|p1|Dragonite, L50, M|\n|poke|p1|Amoonguss, L50, M|\n|poke|p1|Sylveon, L50, M|\n|poke|p1|Garganacl, L50, F|\n|poke|p1|Armarouge, L50, F|\n|poke|p2|Hariyama, L50, F|\n|poke|p2|Slowpoke, L50, F|\n|poke|p2|Indeedee-F, L50, F|\n|poke|p2|Torkoal, L50, M|\n|poke|p2|Arboliva, L50, F|\n|poke|p2|Gastrodon, L50, F|\n|teampreview|4\n|\n|t:|1683030803\n|start\n|switch|p1a: Amoonguss|Amoonguss, L50, M|100\/100\n|switch|p1b: Gengar|Gengar, L50, M|100\/100\n|switch|p2a: Hariyama|Hariyama, L50, F, shiny|100\/100\n|switch|p2b: Slowpoke|Slowpoke, L50, F, shiny|100\/100\n|turn|1\n|\n|t:|1683030836\n|-terastallize|p2b: Slowpoke|Water\n|move|p2a: Hariyama|Fake Out|p1a: Amoonguss\n|-damage|p1a: Amoonguss|90\/100\n|move|p1b: Gengar|Thunderbolt|p2b: Slowpoke\n|-supereffective|p2b: Slowpoke\n|-damage|p2b: Slowpoke|47\/100\n|cant|p1a: Amoonguss|flinch\n|move|p2b: Slowpoke|Trick Room|p2b: Slowpoke\n|-fieldstart|move: Trick Room|[of] p2b: Slowpoke\n|\n|-heal|p1a: Amoonguss|96\/100|[from] item: Black Sludge\n|-status|p2a: Hariyama|brn|[from] item: Flame Orb\n|upkeep\n|turn|2\n|\n|t:|1683030863\n|switch|p2a: Arboliva|Arboliva, L50, F, shiny|100\/100\n|move|p1a: Amoonguss|Protect|p1a: Amoonguss\n|-singleturn|p1a: Amoonguss|Protect\n|move|p2b: Slowpoke|Heal Pulse|p2a: Arboliva\n|-fail|p2a: Arboliva|heal\n|move|p1b: Gengar|Thunderbolt|p2b: Slowpoke\n|-supereffective|p2b: Slowpoke\n|-damage|p2b: Slowpoke|0 fnt\n|faint|p2b: Slowpoke\n|\n|-heal|p1a: Amoonguss|100\/100|[from] item: Black Sludge\n|upkeep\n|\n|t:|1683030873\n|switch|p2b: Torkoal|Torkoal, L50, M, shiny|100\/100\n|-weather|SunnyDay|[from] ability: Drought|[of] p2b: Torkoal\n|turn|3\n|\n|t:|1683030893\n|move|p2b: Torkoal|Eruption|p1b: Gengar|[spread] p1a,p1b\n|-supereffective|p1a: Amoonguss\n|-crit|p1b: Gengar\n|-damage|p1a: Amoonguss|0 fnt\n|-enditem|p1b: Gengar|Focus Sash\n|-damage|p1b: Gengar|1\/100\n|-start|p2b: Torkoal|Disable|Eruption|[from] ability: Cursed Body|[of] p1b: Gengar\n|faint|p1a: Amoonguss\n|move|p2a: Arboliva|Earth Power|p1b: Gengar\n|-supereffective|p1b: Gengar\n|-damage|p1b: Gengar|0 fnt\n|faint|p1b: Gengar\n|\n|-weather|SunnyDay|[upkeep]\n|upkeep\n|inactive|Battle timer is ON: inactive players will automatically lose when time's up. (requested by haha you rage quit)\n|\n|t:|1683030919\n|switch|p1a: Armarouge|Armarouge, L50, F|100\/100\n|switch|p1b: Sylveon|Sylveon, L50, M|100\/100\n|turn|4\n|\n|t:|1683030934\n|move|p2b: Torkoal|Earth Power|p1a: Armarouge\n|-supereffective|p1a: Armarouge\n|-damage|p1a: Armarouge|43\/100\n|-enditem|p1a: Armarouge|Weakness Policy\n|-boost|p1a: Armarouge|atk|2|[from] item: Weakness Policy\n|-boost|p1a: Armarouge|spa|2|[from] item: Weakness Policy\n|move|p2a: Arboliva|Earth Power|p1a: Armarouge\n|-supereffective|p1a: Armarouge\n|-damage|p1a: Armarouge|0 fnt\n|faint|p1a: Armarouge\n|move|p1b: Sylveon|Hyper Voice|p2b: Torkoal|[spread] p2a,p2b\n|-resisted|p2b: Torkoal\n|-damage|p2a: Arboliva|66\/100\n|-damage|p2b: Torkoal|71\/100\n|-fieldstart|move: Grassy Terrain|[from] ability: Seed Sower|[of] p2a: Arboliva\n|\n|-weather|SunnyDay|[upkeep]\n|-heal|p2b: Torkoal|77\/100|[from] Grassy Terrain\n|-heal|p2a: Arboliva|72\/100|[from] Grassy Terrain\n|upkeep\n|turn|5\n|\n|t:|1683030957\n|-terastallize|p1b: Sylveon|Fire\n|move|p2b: Torkoal|Heat Wave|p1b: Sylveon\n|-resisted|p1b: Sylveon\n|-damage|p1b: Sylveon|85\/100\n|move|p2a: Arboliva|Terrain Pulse|p1b: Sylveon\n|-resisted|p1b: Sylveon\n|-damage|p1b: Sylveon|68\/100\n|move|p1b: Sylveon|Tera Blast|p2a: Arboliva\n|-supereffective|p2a: Arboliva\n|-damage|p2a: Arboliva|0 fnt\n|faint|p2a: Arboliva\n|\n|-weather|SunnyDay|[upkeep]\n|-heal|p2b: Torkoal|83\/100|[from] Grassy Terrain\n|-heal|p1b: Sylveon|73\/100|[from] Grassy Terrain\n|-fieldend|move: Trick Room\n|upkeep\n|\n|t:|1683030962\n|switch|p2a: Hariyama|Hariyama, L50, F, shiny|100\/100 brn\n|turn|6\n|\n|t:|1683030981\n|move|p2a: Hariyama|Fake Out|p1b: Sylveon\n|-crit|p1b: Sylveon\n|-damage|p1b: Sylveon|31\/100\n|cant|p1b: Sylveon|flinch\n|move|p2b: Torkoal|Earth Power|p1b: Sylveon\n|-supereffective|p1b: Sylveon\n|-damage|p1b: Sylveon|5\/100\n|\n|-weather|SunnyDay|[upkeep]\n|-heal|p1b: Sylveon|11\/100|[from] Grassy Terrain\n|-heal|p2b: Torkoal|89\/100|[from] Grassy Terrain\n|-damage|p2a: Hariyama|95\/100 brn|[from] brn\n|-end|p2b: Torkoal|Disable\n|upkeep\n|turn|7\n|\n|t:|1683030994\n|move|p2a: Hariyama|Wide Guard|p2a: Hariyama\n|-singleturn|p2a: Hariyama|Wide Guard\n|move|p1b: Sylveon|Shadow Ball|p2a: Hariyama\n|-damage|p2a: Hariyama|70\/100 brn\n|move|p2b: Torkoal|Earth Power|p1b: Sylveon\n|-supereffective|p1b: Sylveon\n|-damage|p1b: Sylveon|0 fnt\n|faint|p1b: Sylveon\n|\n|win|haha you rage quit\n|raw|GengarMaster69's rating: 1083 → 1060<\/strong> (-23 for losing)\n|raw|haha you rage quit's rating: 1082 → 1110<\/strong> (+28 for winning)\n|l|\u2606GengarMaster69\n","uploadtime":1683031019,"views":4,"p1id":"gengarmaster69","p2id":"hahayouragequit","formatid":"gen9vgc2023regulationc","rating":1060,"private":0,"password":""}