{"id":"gen9vgc2023regulationc-1846417965","p1":"gundi8","p2":"Hadrian1917","format":"[Gen 9] VGC 2023 Regulation C","log":"|j|\u2606gundi8\n|j|\u2606Hadrian1917\n|t:|1681839263\n|gametype|doubles\n|player|p1|gundi8|ethan|1356\n|player|p2|Hadrian1917|brock|1363\n|teamsize|p1|6\n|teamsize|p2|6\n|gen|9\n|tier|[Gen 9] VGC 2023 Regulation C\n|rated|\n|rule|Species Clause: Limit one of each Pok\u00e9mon\n|rule|Item Clause: Limit one of each item\n|clearpoke\n|poke|p1|Palafin, L50, M|\n|poke|p1|Arcanine, L50, F|\n|poke|p1|Amoonguss, L50, M|\n|poke|p1|Dragapult, L50, M|\n|poke|p1|Chien-Pao, L50|\n|poke|p1|Flutter Mane, L50|\n|poke|p2|Flutter Mane, L50|\n|poke|p2|Arcanine, L50, M|\n|poke|p2|Baxcalibur, L50, F|\n|poke|p2|Ting-Lu, L50|\n|poke|p2|Gyarados, L50, F|\n|poke|p2|Amoonguss, L50, M|\n|teampreview|4\n|inactive|Battle timer is ON: inactive players will automatically lose when time's up. (requested by gundi8)\n|inactive|gundi8 has 60 seconds left.\n|\n|t:|1681839312\n|start\n|switch|p1a: Arcanine|Arcanine, L50, F|100\/100\n|switch|p1b: Chien-Pao|Chien-Pao, L50|100\/100\n|switch|p2a: Arcanine|Arcanine, L50, M|100\/100\n|switch|p2b: Baxcalibur|Baxcalibur, L50, F|100\/100\n|-ability|p1b: Chien-Pao|Sword of Ruin\n|-ability|p1a: Arcanine|Intimidate|boost\n|-unboost|p2a: Arcanine|atk|1\n|-fail|p2b: Baxcalibur|unboost|[from] item: Clear Amulet|[of] p2b: Baxcalibur\n|-ability|p2a: Arcanine|Intimidate|boost\n|-unboost|p1a: Arcanine|atk|1\n|-unboost|p1b: Chien-Pao|atk|1\n|turn|1\n|inactive|Hadrian1917 has 30 seconds left.\n|\n|t:|1681839346\n|-terastallize|p2b: Baxcalibur|Poison\n|move|p1b: Chien-Pao|Protect|p1b: Chien-Pao\n|-singleturn|p1b: Chien-Pao|Protect\n|move|p1a: Arcanine|Protect|p1a: Arcanine\n|-singleturn|p1a: Arcanine|Protect\n|move|p2a: Arcanine|Howl|p2a: Arcanine|[spread] p2a,p2b\n|-boost|p2a: Arcanine|atk|1\n|-boost|p2b: Baxcalibur|atk|1\n|move|p2b: Baxcalibur|Glaive Rush|p1a: Arcanine\n|-activate|p1a: Arcanine|move: Protect\n|\n|upkeep\n|turn|2\n|inactive|Hadrian1917 has 30 seconds left.\n|inactive|gundi8 has 30 seconds left.\n|\n|t:|1681839377\n|move|p1a: Arcanine|Extreme Speed|p2b: Baxcalibur\n|-damage|p2b: Baxcalibur|83\/100\n|move|p2b: Baxcalibur|Ice Shard|p1b: Chien-Pao\n|-resisted|p1b: Chien-Pao\n|-damage|p1b: Chien-Pao|75\/100\n|move|p1b: Chien-Pao|Ice Spinner|p2b: Baxcalibur\n|-damage|p2b: Baxcalibur|51\/100\n|move|p2a: Arcanine|Howl|p2a: Arcanine|[spread] p2a,p2b\n|-boost|p2a: Arcanine|atk|1\n|-boost|p2b: Baxcalibur|atk|1\n|\n|upkeep\n|turn|3\n|\n|t:|1681839397\n|move|p2b: Baxcalibur|Protect|p2b: Baxcalibur\n|-singleturn|p2b: Baxcalibur|Protect\n|move|p1a: Arcanine|Extreme Speed|p2b: Baxcalibur\n|-activate|p2b: Baxcalibur|move: Protect\n|move|p1b: Chien-Pao|Ice Spinner|p2b: Baxcalibur\n|-activate|p2b: Baxcalibur|move: Protect\n|move|p2a: Arcanine|Flare Blitz|p1b: Chien-Pao\n|-supereffective|p1b: Chien-Pao\n|-damage|p1b: Chien-Pao|0 fnt\n|faint|p1b: Chien-Pao\n|-damage|p2a: Arcanine|81\/100|[from] Recoil\n|\n|upkeep\n|\n|t:|1681839404\n|switch|p1b: Dragapult|Dragapult, L50, M, shiny|100\/100\n|turn|4\n|\n|t:|1681839429\n|switch|p2b: Gyarados|Gyarados, L50, F|100\/100\n|-ability|p2b: Gyarados|Intimidate|boost\n|-unboost|p1a: Arcanine|atk|1\n|-fail|p1b: Dragapult|unboost|[from] ability: Clear Body|[of] p1b: Dragapult\n|-terastallize|p1b: Dragapult|Steel\n|move|p1a: Arcanine|Extreme Speed|p2b: Gyarados\n|-damage|p2b: Gyarados|91\/100\n|move|p1b: Dragapult|Dragon Darts|p2a: Arcanine\n|-damage|p2a: Arcanine|42\/100\n|-anim|p1b: Dragapult|Dragon Darts|p2b: Gyarados\n|-damage|p2b: Gyarados|54\/100\n|move|p2a: Arcanine|Will-O-Wisp|p1b: Dragapult|[miss]\n|-miss|p2a: Arcanine|p1b: Dragapult\n|\n|upkeep\n|turn|5\n|inactive|Hadrian1917 has 30 seconds left.\n|\n|t:|1681839458\n|switch|p1a: Flutter Mane|Flutter Mane, L50, shiny|100\/100\n|-enditem|p1a: Flutter Mane|Booster Energy\n|-activate|p1a: Flutter Mane|ability: Protosynthesis|[fromitem]\n|-start|p1a: Flutter Mane|protosynthesisspa\n|move|p1b: Dragapult|Dragon Darts|p2a: Arcanine\n|-damage|p2a: Arcanine|5\/100\n|-anim|p1b: Dragapult|Dragon Darts|p2b: Gyarados\n|-damage|p2b: Gyarados|23\/100\n|-enditem|p2b: Gyarados|Sitrus Berry|[eat]\n|-heal|p2b: Gyarados|48\/100|[from] item: Sitrus Berry\n|move|p2a: Arcanine|Will-O-Wisp|p1b: Dragapult\n|-status|p1b: Dragapult|brn\n|move|p2b: Gyarados|Thunder Wave|p1a: Flutter Mane\n|-status|p1a: Flutter Mane|par\n|\n|-damage|p1b: Dragapult|95\/100 brn|[from] brn\n|upkeep\n|turn|6\n|inactive|Hadrian1917 has 30 seconds left.\n|inactive|Hadrian1917 has 20 seconds left.\n|\n|t:|1681839495\n|switch|p2a: Baxcalibur|Baxcalibur, L50, F, tera:Poison|51\/100\n|move|p1b: Dragapult|Dragon Darts|p2a: Baxcalibur\n|-damage|p2a: Baxcalibur|36\/100\n|-anim|p1b: Dragapult|Dragon Darts|p2b: Gyarados\n|-damage|p2b: Gyarados|30\/100\n|move|p2b: Gyarados|Waterfall|p1b: Dragapult\n|-damage|p1b: Dragapult|49\/100 brn\n|cant|p1a: Flutter Mane|par\n|\n|-damage|p1b: Dragapult|43\/100 brn|[from] brn\n|upkeep\n|turn|7\n|\n|t:|1681839520\n|move|p2b: Gyarados|Protect|p2b: Gyarados\n|-singleturn|p2b: Gyarados|Protect\n|move|p2a: Baxcalibur|Ice Shard|p1b: Dragapult\n|-resisted|p1b: Dragapult\n|-damage|p1b: Dragapult|28\/100 brn\n|move|p1b: Dragapult|Dragon Darts|p2a: Baxcalibur\n|-damage|p2a: Baxcalibur|20\/100\n|-anim|p1b: Dragapult|Dragon Darts|p2a: Baxcalibur\n|-damage|p2a: Baxcalibur|5\/100\n|move|p1a: Flutter Mane|Thunderbolt|p2b: Gyarados\n|-activate|p2b: Gyarados|move: Protect\n|\n|-damage|p1b: Dragapult|23\/100 brn|[from] brn\n|upkeep\n|turn|8\n|inactive|gundi8 has 30 seconds left.\n|inactive|Hadrian1917 has 30 seconds left.\n|inactive|Hadrian1917 has 20 seconds left.\n|\n|t:|1681839560\n|move|p2a: Baxcalibur|Ice Shard|p1b: Dragapult\n|-resisted|p1b: Dragapult\n|-damage|p1b: Dragapult|8\/100 brn\n|move|p1b: Dragapult|Dragon Darts|p2a: Baxcalibur\n|-damage|p2a: Baxcalibur|0 fnt\n|-anim|p1b: Dragapult|Dragon Darts|p2b: Gyarados\n|-damage|p2b: Gyarados|13\/100\n|faint|p2a: Baxcalibur\n|move|p2b: Gyarados|Waterfall|p1a: Flutter Mane\n|-damage|p1a: Flutter Mane|49\/100 par\n|move|p1a: Flutter Mane|Moonblast|p2b: Gyarados\n|-crit|p2b: Gyarados\n|-damage|p2b: Gyarados|0 fnt\n|faint|p2b: Gyarados\n|\n|-damage|p1b: Dragapult|2\/100 brn|[from] brn\n|upkeep\n|\n|t:|1681839575\n|switch|p2a: Arcanine|Arcanine, L50, M|5\/100\n|switch|p2b: Flutter Mane|Flutter Mane, L50|100\/100\n|-ability|p2a: Arcanine|Intimidate|boost\n|-unboost|p1a: Flutter Mane|atk|1\n|-fail|p1b: Dragapult|unboost|[from] ability: Clear Body|[of] p1b: Dragapult\n|turn|9\n|inactive|Hadrian1917 has 30 seconds left.\n|\n|t:|1681839603\n|switch|p1b: Arcanine|Arcanine, L50, F|100\/100\n|-ability|p1b: Arcanine|Intimidate|boost\n|-unboost|p2a: Arcanine|atk|1\n|-unboost|p2b: Flutter Mane|atk|1\n|move|p1a: Flutter Mane|Protect|p1a: Flutter Mane\n|-singleturn|p1a: Flutter Mane|Protect\n|move|p2a: Arcanine|Extreme Speed|p1b: Arcanine\n|-damage|p1b: Arcanine|84\/100\n|move|p2b: Flutter Mane|Shadow Ball|p1a: Flutter Mane\n|-activate|p1a: Flutter Mane|move: Protect\n|\n|upkeep\n|turn|10\n|inactive|gundi8 has 30 seconds left.\n|inactive|Hadrian1917 has 30 seconds left.\n|\n|t:|1681839629\n|move|p1b: Arcanine|Extreme Speed|p2a: Arcanine\n|-damage|p2a: Arcanine|0 fnt\n|faint|p2a: Arcanine\n|move|p2b: Flutter Mane|Shadow Ball|p1b: Arcanine\n|-damage|p1b: Arcanine|25\/100\n|move|p1a: Flutter Mane|Shadow Ball|p2b: Flutter Mane\n|-supereffective|p2b: Flutter Mane\n|-damage|p2b: Flutter Mane|4\/100\n|-unboost|p2b: Flutter Mane|spd|1\n|\n|upkeep\n|turn|11\n|-message|Hadrian1917 forfeited.\n|\n|win|gundi8\n|raw|gundi8's rating: 1356 → 1376<\/strong> (+20 for winning)\n|raw|Hadrian1917's rating: 1363 → 1343<\/strong> (-20 for losing)\n","uploadtime":1681839642,"views":8,"p1id":"gundi8","p2id":"hadrian1917","formatid":"gen9vgc2023regulationc","rating":1343,"private":0,"password":""}