{"id":"gen9vgc2023regulationc-1862238694","p1":"RonJohn","p2":"delibirdsbags","format":"[Gen 9] VGC 2023 Regulation C","log":"|j|\u2606RonJohn\n|j|\u2606delibirdsbags\n|t:|1683853508\n|gametype|doubles\n|player|p1|RonJohn|2|1209\n|player|p2|delibirdsbags|101|1237\n|teamsize|p1|6\n|teamsize|p2|6\n|gen|9\n|tier|[Gen 9] VGC 2023 Regulation C\n|rated|\n|rule|Species Clause: Limit one of each Pok\u00e9mon\n|rule|Item Clause: Limit one of each item\n|clearpoke\n|poke|p1|Flutter Mane, L50|\n|poke|p1|Orthworm, L50, M|\n|poke|p1|Dragonite, L50, M|\n|poke|p1|Amoonguss, L50, F|\n|poke|p1|Gyarados, L50, F|\n|poke|p1|Ting-Lu, L50|\n|poke|p2|Krookodile, L50, F|\n|poke|p2|Flutter Mane, L50|\n|poke|p2|Volcarona, L50, M|\n|poke|p2|Murkrow, L50, M|\n|poke|p2|Chien-Pao, L50|\n|poke|p2|Gyarados, L50, M|\n|teampreview|4\nRonJohn has agreed to open team sheets.\n|\n|t:|1683853533\n|start\n|switch|p1a: Gyarados|Gyarados, L50, F|100\/100\n|switch|p1b: Ting-Lu|Ting-Lu, L50|100\/100\n|switch|p2a: Chien-Pao|Chien-Pao, L50|100\/100\n|switch|p2b: Flutter Mane|Flutter Mane, L50|100\/100\n|-ability|p2a: Chien-Pao|Sword of Ruin\n|-ability|p1a: Gyarados|Intimidate|boost\n|-unboost|p2a: Chien-Pao|atk|1\n|-unboost|p2b: Flutter Mane|atk|1\n|-ability|p1b: Ting-Lu|Vessel of Ruin\n|turn|1\n|\n|t:|1683853561\n|switch|p1a: Orthworm|Orthworm, L50, M|100\/100\n|move|p2a: Chien-Pao|Ice Spinner|p1b: Ting-Lu\n|-supereffective|p1b: Ting-Lu\n|-damage|p1b: Ting-Lu|60\/100\n|move|p2b: Flutter Mane|Thunderbolt|p1a: Orthworm\n|-damage|p1a: Orthworm|63\/100\n|move|p1b: Ting-Lu|Earthquake|p2b: Flutter Mane|[spread] p2a,p2b\n|-heal|p1a: Orthworm|88\/100|[from] ability: Earth Eater|[of] p1b: Ting-Lu\n|-damage|p2a: Chien-Pao|50\/100\n|-damage|p2b: Flutter Mane|19\/100\n|\n|upkeep\n|turn|2\n|\n|t:|1683853584\n|-end|p2b: Flutter Mane|Protosynthesis|[silent]\n|switch|p2b: Gyarados|Gyarados, L50, M|100\/100\n|-ability|p2b: Gyarados|Intimidate|boost\n|-unboost|p1a: Orthworm|atk|1\n|-unboost|p1b: Ting-Lu|atk|1\n|move|p2a: Chien-Pao|Sacred Sword|p1a: Orthworm\n|-supereffective|p1a: Orthworm\n|-damage|p1a: Orthworm|50\/100\n|-enditem|p1a: Orthworm|Sitrus Berry|[eat]\n|-heal|p1a: Orthworm|75\/100|[from] item: Sitrus Berry\n|move|p1b: Ting-Lu|Earthquake|p2b: Gyarados|[spread] p2a\n|-heal|p1a: Orthworm|100\/100|[from] ability: Earth Eater|[of] p1b: Ting-Lu\n|-immune|p2b: Gyarados\n|-damage|p2a: Chien-Pao|21\/100\n|move|p1a: Orthworm|Shed Tail|p1a: Orthworm\n|-start|p1a: Orthworm|Substitute|[from] move: Shed Tail\n|-damage|p1a: Orthworm|50\/100\n|\n|t:|1683853601\n|switch|p1a: Dragonite|Dragonite, L50, M|100\/100|[from] Shed Tail\n|\n|upkeep\n|turn|3\n|\n|t:|1683853617\n|switch|p1b: Gyarados|Gyarados, L50, F|100\/100\n|-ability|p1b: Gyarados|Intimidate|boost\n|-unboost|p2a: Chien-Pao|atk|1\n|-unboost|p2b: Gyarados|atk|1\n|move|p2a: Chien-Pao|Protect|p2a: Chien-Pao\n|-singleturn|p2a: Chien-Pao|Protect\n|move|p1a: Dragonite|Dragon Dance|p1a: Dragonite\n|-boost|p1a: Dragonite|atk|1\n|-boost|p1a: Dragonite|spe|1\n|move|p2b: Gyarados|Waterfall|p1b: Gyarados\n|-resisted|p1b: Gyarados\n|-damage|p1b: Gyarados|78\/100\n|\n|upkeep\n|turn|4\n|\n|t:|1683853666\n|switch|p2a: Flutter Mane|Flutter Mane, L50|19\/100\n|move|p1a: Dragonite|Dragon Dance|p1a: Dragonite\n|-boost|p1a: Dragonite|atk|1\n|-boost|p1a: Dragonite|spe|1\n|move|p1b: Gyarados|Thunder Wave|p2a: Flutter Mane\n|-status|p2a: Flutter Mane|par\n|move|p2b: Gyarados|Waterfall|p1a: Dragonite\n|-resisted|p1a: Dragonite\n|-activate|p1a: Dragonite|move: Substitute|[damage]\n|\n|upkeep\n|turn|5\n|\n|t:|1683853690\n|switch|p1b: Orthworm|Orthworm, L50, M|50\/100\n|-terastallize|p1a: Dragonite|Normal\n|move|p1a: Dragonite|Earthquake|p2a: Flutter Mane|[spread] p2a\n|-heal|p1b: Orthworm|75\/100|[from] ability: Earth Eater|[of] p1a: Dragonite\n|-immune|p2b: Gyarados\n|-damage|p2a: Flutter Mane|0 fnt\n|faint|p2a: Flutter Mane\n|-end|p2a: Flutter Mane|Protosynthesis|[silent]\n|move|p2b: Gyarados|Waterfall|p1a: Dragonite\n|-end|p1a: Dragonite|Substitute\n|\n|upkeep\n|\n|t:|1683853706\n|switch|p2a: Chien-Pao|Chien-Pao, L50|21\/100\n|-ability|p2a: Chien-Pao|Sword of Ruin\n|turn|6\n|\n|t:|1683853760\n|move|p2a: Chien-Pao|Protect|p2a: Chien-Pao\n|-singleturn|p2a: Chien-Pao|Protect\n|move|p1a: Dragonite|Extreme Speed|p2b: Gyarados\n|-damage|p2b: Gyarados|0 fnt\n|faint|p2b: Gyarados\n|move|p1b: Orthworm|Body Press|p2a: Chien-Pao\n|-activate|p2a: Chien-Pao|move: Protect\n|\n|upkeep\n|\n|t:|1683853770\n|switch|p2b: Volcarona|Volcarona, L50, M|100\/100\n|turn|7\n|\n|t:|1683853786\n|move|p1a: Dragonite|Earthquake|p2b: Volcarona|[spread] p2a,p2b\n|-heal|p1b: Orthworm|100\/100|[from] ability: Earth Eater|[of] p1a: Dragonite\n|-damage|p2a: Chien-Pao|0 fnt\n|-damage|p2b: Volcarona|28\/100\n|faint|p2a: Chien-Pao\n|move|p2b: Volcarona|Heat Wave|p1b: Orthworm|[spread] p1a,p1b\n|-supereffective|p1b: Orthworm\n|-damage|p1a: Dragonite|81\/100\n|-damage|p1b: Orthworm|24\/100\n|move|p1b: Orthworm|Body Press|p2b: Volcarona\n|-resisted|p2b: Volcarona\n|-damage|p2b: Volcarona|15\/100\n|\n|upkeep\n|turn|8\n|\n|t:|1683853803\n|switch|p1b: Gyarados|Gyarados, L50, F|78\/100\n|-ability|p1b: Gyarados|Intimidate|boost\n|-unboost|p2b: Volcarona|atk|1\n|move|p1a: Dragonite|Earthquake|p2b: Volcarona|[spread] p2b\n|-immune|p1b: Gyarados\n|-damage|p2b: Volcarona|0 fnt\n|faint|p2b: Volcarona\n|\n|win|RonJohn\n|raw|RonJohn's rating: 1209 → 1236<\/strong> (+27 for winning)\n|raw|delibirdsbags's rating: 1237 → 1210<\/strong> (-27 for losing)\n|c|\u2606RonJohn|gg\n","uploadtime":1683853816,"views":28,"p1id":"ronjohn","p2id":"delibirdsbags","formatid":"gen9vgc2023regulationc","rating":1210,"private":0,"password":""}