{"id":"gen9vgc2023regulationc-1851546240","p1":"Matyel","p2":"rudyxkam","format":"[Gen 9] VGC 2023 Regulation C","log":"|j|\u2606Matyel\n|j|\u2606rudyxkam\n|t:|1682454442\n|gametype|doubles\n|player|p1|Matyel|leon|1291\n|player|p2|rudyxkam|gardenia|1223\n|teamsize|p1|6\n|teamsize|p2|6\n|gen|9\n|tier|[Gen 9] VGC 2023 Regulation C\n|rated|\n|rule|Species Clause: Limit one of each Pok\u00e9mon\n|rule|Item Clause: Limit one of each item\n|clearpoke\n|poke|p1|Umbreon, L50, M|\n|poke|p1|Vivillon-Fancy, L50, F|\n|poke|p1|Armarouge, L50, F|\n|poke|p1|Iron Hands, L50|\n|poke|p1|Flutter Mane, L50|\n|poke|p1|Indeedee-F, L50, F|\n|poke|p2|Gyarados, L50, M|\n|poke|p2|Talonflame, L50, M|\n|poke|p2|Baxcalibur, L50, F|\n|poke|p2|Corviknight, L50, M|\n|poke|p2|Ting-Lu, L50|\n|poke|p2|Flutter Mane, L50|\n|teampreview|4\n|inactive|Battle timer is ON: inactive players will automatically lose when time's up. (requested by rudyxkam)\nrudyxkam has agreed to open team sheets.\n|c|\u2606rudyxkam|glhf!\n|inactive|rudyxkam has 60 seconds left.\n|\n|t:|1682454492\n|start\n|switch|p1a: Umbreon|Umbreon, L50, M|100\/100\n|switch|p1b: ferropalmas|Iron Hands, L50|100\/100\n|switch|p2a: Sker|Ting-Lu, L50|100\/100\n|switch|p2b: Manda|Gyarados, L50, M, shiny|100\/100\n|-ability|p2b: Manda|Intimidate|boost\n|-fail|p1a: Umbreon|unboost|Attack|[from] ability: Inner Focus|[of] p1a: Umbreon\n|-unboost|p1b: ferropalmas|atk|1\n|-ability|p2a: Sker|Vessel of Ruin\n|turn|1\n|inactive|Matyel has 30 seconds left.\n|\n|t:|1682454524\n|switch|p2b: T. Gojira|Baxcalibur, L50, F, shiny|100\/100\n|move|p1a: Umbreon|Foul Play|p2a: Sker\n|-resisted|p2a: Sker\n|-damage|p2a: Sker|92\/100\n|move|p1b: ferropalmas|Drain Punch|p2a: Sker\n|-supereffective|p2a: Sker\n|-damage|p2a: Sker|60\/100\n|move|p2a: Sker|Bulldoze|p1a: Umbreon|[spread] p2b,p1a,p1b\n|-supereffective|p1b: ferropalmas\n|-damage|p2b: T. Gojira|86\/100\n|-damage|p1a: Umbreon|91\/100\n|-damage|p1b: ferropalmas|74\/100\n|-unboost|p1a: Umbreon|spe|1\n|-unboost|p1b: ferropalmas|spe|1\n|\n|upkeep\n|turn|2\n|inactive|Matyel has 30 seconds left.\n|inactive|rudyxkam has 30 seconds left.\n|inactive|Matyel has 20 seconds left.\n|inactive|Matyel has 15 seconds left.\n|\n|t:|1682454564\n|move|p2b: T. Gojira|Protect|p2b: T. Gojira\n|-singleturn|p2b: T. Gojira|Protect\n|move|p2a: Sker|Bulldoze|p1b: ferropalmas|[spread] p1a,p1b\n|-activate|p2b: T. Gojira|move: Protect\n|-supereffective|p1b: ferropalmas\n|-damage|p1a: Umbreon|82\/100\n|-damage|p1b: ferropalmas|50\/100\n|-unboost|p1a: Umbreon|spe|1\n|-unboost|p1b: ferropalmas|spe|1\n|move|p1a: Umbreon|Foul Play|p2a: Sker\n|-resisted|p2a: Sker\n|-damage|p2a: Sker|52\/100\n|move|p1b: ferropalmas|Wild Charge|p2b: T. Gojira\n|-activate|p2b: T. Gojira|move: Protect\n|\n|upkeep\n|turn|3\n|\n|t:|1682454582\n|move|p2b: T. Gojira|Dragon Dance|p2b: T. Gojira\n|-boost|p2b: T. Gojira|atk|1\n|-boost|p2b: T. Gojira|spe|1\n|-enditem|p1a: Umbreon|Mirror Herb\n|-boost|p1a: Umbreon|atk|1|[from] item: Mirror Herb\n|-boost|p1a: Umbreon|spe|1|[from] item: Mirror Herb\n|move|p2a: Sker|Stomping Tantrum|p1b: ferropalmas\n|-supereffective|p1b: ferropalmas\n|-damage|p1b: ferropalmas|9\/100\n|move|p1a: Umbreon|Foul Play|p2a: Sker\n|-resisted|p2a: Sker\n|-damage|p2a: Sker|44\/100\n|move|p1b: ferropalmas|Drain Punch|p2a: Sker\n|-supereffective|p2a: Sker\n|-damage|p2a: Sker|11\/100\n|-heal|p1b: ferropalmas|27\/100|[from] drain|[of] p2a: Sker\n|\n|upkeep\n|turn|4\n|\n|t:|1682454600\n|-end|p1b: ferropalmas|Quark Drive|[silent]\n|switch|p1b: Armarouge|Armarouge, L50, F|100\/100\n|move|p2b: T. Gojira|Glaive Rush|p1a: Umbreon\n|-crit|p1a: Umbreon\n|-damage|p1a: Umbreon|0 fnt\n|-singlemove|p2b: T. Gojira|Glaive Rush|[silent]\n|faint|p1a: Umbreon\n|move|p2a: Sker|Stomping Tantrum|p1b: Armarouge\n|-supereffective|p1b: Armarouge\n|-damage|p1b: Armarouge|41\/100\n|-ability|p1b: Armarouge|Weak Armor|boost\n|-unboost|p1b: Armarouge|def|1\n|-boost|p1b: Armarouge|spe|2\n|-enditem|p1b: Armarouge|Weakness Policy\n|-boost|p1b: Armarouge|atk|2|[from] item: Weakness Policy\n|-boost|p1b: Armarouge|spa|2|[from] item: Weakness Policy\n|\n|upkeep\n|\n|t:|1682454611\n|switch|p1a: Indeedee|Indeedee-F, L50, F|100\/100\n|-fieldstart|move: Psychic Terrain|[from] ability: Psychic Surge|[of] p1a: Indeedee\n|turn|5\n|\n|t:|1682454621\n|-terastallize|p1b: Armarouge|Dark\n|move|p2b: T. Gojira|Protect|p2b: T. Gojira\n|-singleturn|p2b: T. Gojira|Protect\n|move|p1a: Indeedee|Follow Me|p1a: Indeedee\n|-singleturn|p1a: Indeedee|move: Follow Me\n|move|p1b: Armarouge|Dark Pulse|p2a: Sker\n|-resisted|p2a: Sker\n|-damage|p2a: Sker|0 fnt\n|faint|p2a: Sker\n|\n|upkeep\n|\n|t:|1682454635\n|switch|p2a: Manda|Gyarados, L50, M, shiny|100\/100\n|-ability|p2a: Manda|Intimidate|boost\n|-unboost|p1a: Indeedee|atk|1\n|-unboost|p1b: Armarouge|atk|1\n|turn|6\n|inactive|rudyxkam has 30 seconds left.\n|\n|t:|1682454664\n|switch|p2b: Shobijin|Flutter Mane, L50, shiny|100\/100\n|move|p1a: Indeedee|Helping Hand|p1b: Armarouge\n|-singleturn|p1b: Armarouge|Helping Hand|[of] p1a: Indeedee\n|move|p1b: Armarouge|Expanding Force|p2b: Shobijin|[spread] p2a,p2b\n|-damage|p2a: Manda|0 fnt\n|-damage|p2b: Shobijin|0 fnt\n|faint|p2a: Manda\n|faint|p2b: Shobijin\n|-end|p2b: Shobijin|Protosynthesis|[silent]\n|\n|upkeep\n|c|\u2606rudyxkam|gg!\n|-message|rudyxkam forfeited.\n|\n|win|Matyel\n|raw|Matyel's rating: 1291 → 1311<\/strong> (+20 for winning)\n|raw|rudyxkam's rating: 1223 → 1203<\/strong> (-20 for losing)\n","uploadtime":1682454681,"views":14,"p1id":"matyel","p2id":"rudyxkam","formatid":"gen9vgc2023regulationc","rating":1203,"private":0,"password":""}