{"id":"gen9vgc2023regulationc-1861650447","p1":"Kibunrunrun","p2":"Arcacagne","format":"[Gen 9] VGC 2023 Regulation C","log":"|j|\u2606Kibunrunrun\n|j|\u2606Arcacagne\n|t:|1683788268\n|gametype|doubles\n|player|p1|Kibunrunrun|hilbert-wonderlauncher|1341\n|player|p2|Arcacagne|266|1340\n|teamsize|p1|6\n|teamsize|p2|6\n|gen|9\n|tier|[Gen 9] VGC 2023 Regulation C\n|rated|\n|rule|Species Clause: Limit one of each Pok\u00e9mon\n|rule|Item Clause: Limit one of each item\n|clearpoke\n|poke|p1|Glimmora, L50, M|\n|poke|p1|Dondozo, L50, M|\n|poke|p1|Tatsugiri, L50, M|\n|poke|p1|Flutter Mane, L50|\n|poke|p1|Chi-Yu, L50|\n|poke|p1|Dragonite, L50, M|\n|poke|p2|Chi-Yu, L50|\n|poke|p2|Flutter Mane, L50|\n|poke|p2|Amoonguss, L50, F|\n|poke|p2|Ting-Lu, L50|\n|poke|p2|Iron Hands, L50|\n|poke|p2|Gyarados, L50, M|\n|teampreview|4\n|inactive|Battle timer is ON: inactive players will automatically lose when time's up. (requested by Kibunrunrun)\n|inactive|Arcacagne has 60 seconds left.\n|\n|t:|1683788316\n|start\n|switch|p1a: Glimmora|Glimmora, L50, M|100\/100\n|switch|p1b: Dondozo|Dondozo, L50, M|100\/100\n|switch|p2a: Iron Hands|Iron Hands, L50|100\/100\n|switch|p2b: Ting-Lu|Ting-Lu, L50|100\/100\n|-ability|p2b: Ting-Lu|Vessel of Ruin\n|turn|1\n|inactive|Kibunrunrun has 30 seconds left.\n|inactive|Arcacagne has 30 seconds left.\n|inactive|Kibunrunrun has 20 seconds left.\n|inactive|Kibunrunrun has 15 seconds left.\n|\n|t:|1683788359\n|-terastallize|p2b: Ting-Lu|Poison\n|-terastallize|p1b: Dondozo|Grass\n|move|p2a: Iron Hands|Fake Out|p1a: Glimmora\n|-resisted|p1a: Glimmora\n|-damage|p1a: Glimmora|93\/100\n|-activate|p1a: Glimmora|ability: Toxic Debris\n|-sidestart|p2: Arcacagne|move: Toxic Spikes\n|cant|p1a: Glimmora|flinch\n|move|p2b: Ting-Lu|Stomping Tantrum|p1a: Glimmora\n|-supereffective|p1a: Glimmora\n|-damage|p1a: Glimmora|0 fnt\n|-activate|p1a: Glimmora|ability: Toxic Debris\n|-sidestart|p2: Arcacagne|move: Toxic Spikes\n|faint|p1a: Glimmora\n|move|p1b: Dondozo|Yawn|p2a: Iron Hands\n|-start|p2a: Iron Hands|move: Yawn|[of] p1b: Dondozo\n|\n|upkeep\n|inactive|Kibunrunrun has 30 seconds left.\n|\n|t:|1683788386\n|switch|p1a: Dragonite|Dragonite, L50, M|100\/100\n|turn|2\n|\n|t:|1683788406\n|-end|p2a: Iron Hands|Quark Drive|[silent]\n|switch|p2a: Amoonguss|Amoonguss, L50, F|100\/100\n|-sideend|p2: Arcacagne|move: Toxic Spikes|[of] p2a: Amoonguss\n|move|p1a: Dragonite|Protect|p1a: Dragonite\n|-singleturn|p1a: Dragonite|Protect\n|move|p2b: Ting-Lu|Throat Chop|p1b: Dondozo\n|-damage|p1b: Dondozo|79\/100\n|-start|p1b: Dondozo|Throat Chop|[silent]\n|move|p1b: Dondozo|Bulldoze|p2b: Ting-Lu|[spread] p2a,p2b\n|-activate|p1a: Dragonite|move: Protect\n|-supereffective|p2b: Ting-Lu\n|-damage|p2a: Amoonguss|91\/100\n|-damage|p2b: Ting-Lu|88\/100\n|-unboost|p2a: Amoonguss|spe|1\n|-unboost|p2b: Ting-Lu|spe|1\n|\n|-heal|p1b: Dondozo|86\/100|[from] item: Leftovers\n|upkeep\n|turn|3\n|inactive|Kibunrunrun has 30 seconds left.\n|inactive|Arcacagne has 30 seconds left.\n|\n|t:|1683788438\n|move|p1a: Dragonite|Stomping Tantrum|p2b: Ting-Lu\n|-supereffective|p2b: Ting-Lu\n|-damage|p2b: Ting-Lu|56\/100\n|move|p1b: Dondozo|Yawn|p2a: Amoonguss\n|-start|p2a: Amoonguss|move: Yawn|[of] p1b: Dondozo\n|move|p2b: Ting-Lu|Throat Chop|p1a: Dragonite\n|-crit|p1a: Dragonite\n|-damage|p1a: Dragonite|71\/100\n|-start|p1a: Dragonite|Throat Chop|[silent]\n|move|p2a: Amoonguss|Spore|p1a: Dragonite\n|-activate|p1a: Dragonite|item: Safety Goggles|Spore\n|\n|-heal|p1b: Dondozo|92\/100|[from] item: Leftovers\n|-end|p1b: Dondozo|Throat Chop|[silent]\n|upkeep\n|turn|4\n|inactive|Kibunrunrun has 30 seconds left.\n|inactive|Arcacagne has 30 seconds left.\n|\n|t:|1683788471\n|switch|p2a: Iron Hands|Iron Hands, L50|100\/100\n|move|p1b: Dondozo|Protect|p1b: Dondozo\n|-singleturn|p1b: Dondozo|Protect\n|move|p1a: Dragonite|Stomping Tantrum|p2b: Ting-Lu\n|-supereffective|p2b: Ting-Lu\n|-damage|p2b: Ting-Lu|27\/100\n|move|p2b: Ting-Lu|Throat Chop|p1a: Dragonite\n|-damage|p1a: Dragonite|33\/100\n|\n|-heal|p1b: Dondozo|98\/100|[from] item: Leftovers\n|-end|p1a: Dragonite|Throat Chop|[silent]\n|upkeep\n|turn|5\n|inactive|Kibunrunrun has 30 seconds left.\n|\n|t:|1683788505\n|switch|p2b: Flutter Mane|Flutter Mane, L50|100\/100\n|-enditem|p2b: Flutter Mane|Booster Energy\n|-activate|p2b: Flutter Mane|ability: Protosynthesis|[fromitem]\n|-start|p2b: Flutter Mane|protosynthesisspa\n|move|p1a: Dragonite|Protect|p1a: Dragonite\n|-singleturn|p1a: Dragonite|Protect\n|move|p2a: Iron Hands|Fake Out|p1b: Dondozo\n|-damage|p1b: Dondozo|89\/100\n|cant|p1b: Dondozo|flinch\n|\n|-heal|p1b: Dondozo|95\/100|[from] item: Leftovers\n|upkeep\n|turn|6\n|inactive|Kibunrunrun has 30 seconds left.\n|inactive|Arcacagne has 30 seconds left.\n|\n|t:|1683788531\n|move|p1a: Dragonite|Protect||[still]\n|-fail|p1a: Dragonite\n|move|p2b: Flutter Mane|Substitute|p2b: Flutter Mane\n|-start|p2b: Flutter Mane|Substitute\n|-damage|p2b: Flutter Mane|76\/100\n|move|p2a: Iron Hands|Swords Dance|p2a: Iron Hands\n|-boost|p2a: Iron Hands|atk|2\n|move|p1b: Dondozo|Bulldoze|p2b: Flutter Mane|[spread] p2a,p2b\n|-immune|p1a: Dragonite\n|-activate|p2b: Flutter Mane|move: Substitute|[damage]\n|-supereffective|p2a: Iron Hands\n|-damage|p2a: Iron Hands|86\/100\n|\n|-heal|p1b: Dondozo|100\/100|[from] item: Leftovers\n|upkeep\n|turn|7\n|inactive|Kibunrunrun has 30 seconds left.\n|\n|t:|1683788558\n|move|p2b: Flutter Mane|Moonblast|p1a: Dragonite\n|-supereffective|p1a: Dragonite\n|-damage|p1a: Dragonite|0 fnt\n|faint|p1a: Dragonite\n|move|p2a: Iron Hands|Drain Punch|p1b: Dondozo\n|-damage|p1b: Dondozo|77\/100\n|-heal|p2a: Iron Hands|98\/100|[from] drain|[of] p1b: Dondozo\n|move|p1b: Dondozo|Bulldoze|p2a: Iron Hands|[spread] p2a,p2b\n|-end|p2b: Flutter Mane|Substitute\n|-supereffective|p2a: Iron Hands\n|-damage|p2a: Iron Hands|85\/100\n|\n|-heal|p1b: Dondozo|83\/100|[from] item: Leftovers\n|upkeep\n|\n|t:|1683788573\n|switch|p1a: Flutter Mane|Flutter Mane, L50|100\/100\n|-enditem|p1a: Flutter Mane|Booster Energy\n|-activate|p1a: Flutter Mane|ability: Protosynthesis|[fromitem]\n|-start|p1a: Flutter Mane|protosynthesisspe\n|turn|8\n|\n|t:|1683788593\n|-end|p2b: Flutter Mane|Protosynthesis|[silent]\n|switch|p2b: Ting-Lu|Ting-Lu, L50, tera:Poison|27\/100\n|-ability|p2b: Ting-Lu|Vessel of Ruin\n|move|p1a: Flutter Mane|Protect|p1a: Flutter Mane\n|-singleturn|p1a: Flutter Mane|Protect\n|move|p2a: Iron Hands|Thunder Punch|p1a: Flutter Mane\n|-activate|p1a: Flutter Mane|move: Protect\n|move|p1b: Dondozo|Wave Crash|p2b: Ting-Lu\n|-damage|p2b: Ting-Lu|5\/100\n|-damage|p1b: Dondozo|76\/100|[from] Recoil\n|\n|-heal|p1b: Dondozo|82\/100|[from] item: Leftovers\n|upkeep\n|turn|9\n|inactive|Kibunrunrun has 30 seconds left.\n|\n|t:|1683788619\n|move|p1a: Flutter Mane|Moonblast|p2a: Iron Hands\n|-supereffective|p2a: Iron Hands\n|-damage|p2a: Iron Hands|31\/100\n|move|p2a: Iron Hands|Thunder Punch|p1a: Flutter Mane\n|-damage|p1a: Flutter Mane|0 fnt\n|faint|p1a: Flutter Mane\n|-end|p1a: Flutter Mane|Protosynthesis|[silent]\n|move|p2b: Ting-Lu|Heavy Slam|p1b: Dondozo\n|-damage|p1b: Dondozo|67\/100\n|move|p1b: Dondozo|Wave Crash|p2b: Ting-Lu\n|-damage|p2b: Ting-Lu|0 fnt\n|faint|p2b: Ting-Lu\n|-damage|p1b: Dondozo|65\/100|[from] Recoil\n|\n|-heal|p1b: Dondozo|72\/100|[from] item: Leftovers\n|upkeep\n|\n|t:|1683788634\n|switch|p2b: Amoonguss|Amoonguss, L50, F|100\/100\n|turn|10\n|\n|t:|1683788643\n|move|p2a: Iron Hands|Swords Dance|p2a: Iron Hands\n|-boost|p2a: Iron Hands|atk|2\n|move|p1b: Dondozo|Yawn|p2a: Iron Hands\n|-start|p2a: Iron Hands|move: Yawn|[of] p1b: Dondozo\n|move|p2b: Amoonguss|Pollen Puff|p2a: Iron Hands\n|-heal|p2a: Iron Hands|81\/100\n|\n|-heal|p1b: Dondozo|78\/100|[from] item: Leftovers\n|upkeep\n|turn|11\n|\n|t:|1683788667\n|move|p1b: Dondozo|Protect|p1b: Dondozo\n|-singleturn|p1b: Dondozo|Protect\n|move|p2a: Iron Hands|Swords Dance|p2a: Iron Hands\n|-boost|p2a: Iron Hands|atk|2\n|move|p2b: Amoonguss|Pollen Puff|p2a: Iron Hands\n|-heal|p2a: Iron Hands|100\/100\n|\n|-heal|p1b: Dondozo|84\/100|[from] item: Leftovers\n|-end|p2a: Iron Hands|move: Yawn|[silent]\n|-status|p2a: Iron Hands|slp\n|upkeep\n|turn|12\n|\n|t:|1683788685\n|cant|p2a: Iron Hands|slp\n|move|p1b: Dondozo|Yawn|p2b: Amoonguss\n|-start|p2b: Amoonguss|move: Yawn|[of] p1b: Dondozo\n|move|p2b: Amoonguss|Pollen Puff|p2a: Iron Hands\n|-immune|p2a: Iron Hands\n|\n|-heal|p1b: Dondozo|90\/100|[from] item: Leftovers\n|upkeep\n|turn|13\n|\n|t:|1683788709\n|-curestatus|p2a: Iron Hands|slp|[msg]\n|move|p2a: Iron Hands|Drain Punch|p1b: Dondozo\n|-damage|p1b: Dondozo|69\/100\n|move|p1b: Dondozo|Bulldoze|p2b: Amoonguss|[spread] p2a,p2b\n|-supereffective|p2a: Iron Hands\n|-damage|p2a: Iron Hands|87\/100\n|-damage|p2b: Amoonguss|91\/100\n|-unboost|p2b: Amoonguss|spe|1\n|move|p2b: Amoonguss|Pollen Puff|p1b: Dondozo\n|-supereffective|p1b: Dondozo\n|-damage|p1b: Dondozo|45\/100\n|\n|-heal|p1b: Dondozo|51\/100|[from] item: Leftovers\n|-end|p2b: Amoonguss|move: Yawn|[silent]\n|-status|p2b: Amoonguss|slp\n|upkeep\n|turn|14\n|\n|t:|1683788730\n|move|p2a: Iron Hands|Drain Punch|p1b: Dondozo\n|-damage|p1b: Dondozo|30\/100\n|-heal|p2a: Iron Hands|98\/100|[from] drain|[of] p1b: Dondozo\n|move|p1b: Dondozo|Wave Crash|p2a: Iron Hands\n|-damage|p2a: Iron Hands|71\/100\n|-damage|p1b: Dondozo|21\/100|[from] Recoil\n|cant|p2b: Amoonguss|slp\n|\n|-heal|p1b: Dondozo|27\/100|[from] item: Leftovers\n|upkeep\n|turn|15\n|-message|Kibunrunrun forfeited.\n|\n|win|Arcacagne\n|raw|Kibunrunrun's rating: 1341 → 1321<\/strong> (-20 for losing)\n|raw|Arcacagne's rating: 1340 → 1360<\/strong> (+20 for winning)\n|l|\u2606Kibunrunrun\n","uploadtime":1683788748,"views":23,"p1id":"kibunrunrun","p2id":"arcacagne","formatid":"gen9vgc2023regulationc","rating":1321,"private":0,"password":""}