{"id":"gen9vgc2023regulationc-1848491387","p1":"boogerhunter","p2":"RandomDuVGCFR","format":"[Gen 9] VGC 2023 Regulation C","log":"|j|\u2606boogerhunter\n|j|\u2606RandomDuVGCFR\n|t:|1682084006\n|gametype|doubles\n|player|p1|boogerhunter|102|1323\n|player|p2|RandomDuVGCFR|266|1407\n|teamsize|p1|6\n|teamsize|p2|6\n|gen|9\n|tier|[Gen 9] VGC 2023 Regulation C\n|rated|\n|rule|Species Clause: Limit one of each Pok\u00e9mon\n|rule|Item Clause: Limit one of each item\n|clearpoke\n|poke|p1|Annihilape, L50, M|\n|poke|p1|Maushold, L50|\n|poke|p1|Sableye, L50, M|\n|poke|p1|Garganacl, L50, F|\n|poke|p1|Tyranitar, L50, M|\n|poke|p1|Lycanroc, L50, M|\n|poke|p2|Coalossal, L50, M|\n|poke|p2|Dragonite, L50, M|\n|poke|p2|Amoonguss, L50, F|\n|poke|p2|Palafin, L50, F|\n|poke|p2|Dragapult, L50, M|\n|poke|p2|Chien-Pao, L50|\n|teampreview|4\n|inactive|Battle timer is ON: inactive players will automatically lose when time's up. (requested by boogerhunter)\n|inactive|RandomDuVGCFR has 60 seconds left.\n|\n|t:|1682084054\n|start\n|switch|p1a: Annihilape|Annihilape, L50, M|100\/100\n|switch|p1b: Maushold|Maushold, L50|100\/100\n|switch|p2a: Coalossal|Coalossal, L50, M|100\/100\n|switch|p2b: Palafin|Palafin, L50, F|100\/100\n|turn|1\n|\n|t:|1682084068\n|detailschange|p2b: Palafin|Palafin-Hero, L50, F\n|switch|p2b: Dragapult|Dragapult, L50, M|100\/100\n|move|p2a: Coalossal|Protect|p2a: Coalossal\n|-singleturn|p2a: Coalossal|Protect\n|move|p1a: Annihilape|Final Gambit|p2a: Coalossal\n|-activate|p2a: Coalossal|move: Protect\n|move|p1b: Maushold|Population Bomb|p2b: Dragapult\n|-immune|p2b: Dragapult\n|\n|upkeep\n|turn|2\n|inactive|RandomDuVGCFR has 30 seconds left.\n|c|\u2606RandomDuVGCFR|Imagine using a bait..\n|inactive|RandomDuVGCFR has 20 seconds left.\n|c|\u2606boogerhunter|?\n|inactive|RandomDuVGCFR has 15 seconds left.\n|inactive|RandomDuVGCFR has 10 seconds left.\n|\n|t:|1682084116\n|switch|p2a: Chien-Pao|Chien-Pao, L50|100\/100\n|-ability|p2a: Chien-Pao|Sword of Ruin\n|move|p1a: Annihilape|Final Gambit|p2a: Chien-Pao\n|-enditem|p2a: Chien-Pao|Focus Sash\n|-damage|p2a: Chien-Pao|1\/100\n|faint|p1a: Annihilape\n|move|p2b: Dragapult|Dragon Darts|p1b: Maushold\n|-damage|p1b: Maushold|21\/100\n|-anim|p2b: Dragapult|Dragon Darts|p1b: Maushold\n|-damage|p1b: Maushold|0 fnt\n|faint|p1b: Maushold\n|\n|upkeep\n|\n|t:|1682084120\n|switch|p1b: Garganacl|Garganacl, L50, F|100\/100\n|switch|p1a: Sableye|Sableye, L50, M|100\/100\n|turn|3\n|inactive|RandomDuVGCFR has 30 seconds left.\n|c|\u2606RandomDuVGCFR|Maushold + Annihilape just baiting standards set\n|inactive|boogerhunter has 30 seconds left.\n|inactive|RandomDuVGCFR has 20 seconds left.\n|c|\u2606RandomDuVGCFR|With Scarf + Final Gambit\n|inactive|RandomDuVGCFR has 15 seconds left.\n|\n|t:|1682084164\n|move|p1a: Sableye|Reflect|p1a: Sableye\n|-sidestart|p1: boogerhunter|Reflect\n|move|p2b: Dragapult|Dragon Darts|p1a: Sableye\n|-damage|p1a: Sableye|71\/100\n|-anim|p2b: Dragapult|Dragon Darts|p1b: Garganacl\n|-damage|p1b: Garganacl|77\/100\n|move|p2a: Chien-Pao|Ice Spinner|p1a: Sableye\n|-damage|p1a: Sableye|33\/100\n|move|p1b: Garganacl|Salt Cure|p2a: Chien-Pao\n|-supereffective|p2a: Chien-Pao\n|-damage|p2a: Chien-Pao|0 fnt\n|faint|p2a: Chien-Pao\n|\n|-heal|p1b: Garganacl|83\/100|[from] item: Leftovers\n|upkeep\n|c|\u2606boogerhunter|oh i dont play very seriously\n|c|\u2606boogerhunter|i have no idea what youre talking about\n|\n|t:|1682084180\n|switch|p2a: Palafin|Palafin-Hero, L50, F|100\/100\n|-activate|p2a: Palafin|ability: Zero to Hero\n|turn|4\n|\n|t:|1682084190\n|-terastallize|p1b: Garganacl|Ghost\n|move|p1a: Sableye|Will-O-Wisp|p2a: Palafin\n|-status|p2a: Palafin|brn\n|move|p2b: Dragapult|Dragon Darts|p1b: Garganacl\n|-damage|p1b: Garganacl|67\/100\n|-anim|p2b: Dragapult|Dragon Darts|p1a: Sableye\n|-damage|p1a: Sableye|6\/100\n|move|p2a: Palafin|Wave Crash|p1a: Sableye\n|-damage|p1a: Sableye|0 fnt\n|faint|p1a: Sableye\n|-damage|p2a: Palafin|99\/100 brn|[from] Recoil\n|move|p1b: Garganacl|Salt Cure|p2a: Palafin\n|-damage|p2a: Palafin|86\/100 brn\n|-start|p2a: Palafin|Salt Cure\n|\n|-heal|p1b: Garganacl|72\/100|[from] item: Leftovers\n|-damage|p2a: Palafin|80\/100 brn|[from] brn\n|-damage|p2a: Palafin|55\/100 brn|[from] Salt Cure\n|upkeep\n|turn|5\n|\n|t:|1682084207\n|switch|p2a: Coalossal|Coalossal, L50, M|100\/100\n|move|p1b: Garganacl|Protect|p1b: Garganacl\n|-singleturn|p1b: Garganacl|Protect\n|move|p2b: Dragapult|Dragon Darts|p1b: Garganacl\n|-activate|p1b: Garganacl|move: Protect\n|\n|-heal|p1b: Garganacl|78\/100|[from] item: Leftovers\n|upkeep\n|turn|6\n|\n|t:|1682084216\n|switch|p2b: Palafin|Palafin-Hero, L50, F|55\/100 brn\n|move|p2a: Coalossal|Protect|p2a: Coalossal\n|-singleturn|p2a: Coalossal|Protect\n|move|p1b: Garganacl|Fissure|p2a: Coalossal\n|-activate|p2a: Coalossal|move: Protect\n|\n|-heal|p1b: Garganacl|84\/100|[from] item: Leftovers\n|-damage|p2b: Palafin|49\/100 brn|[from] brn\n|upkeep\n|turn|7\n|c|\u2606RandomDuVGCFR|Bsbshsns\n|c|\u2606RandomDuVGCFR|Fissure\n|c|\u2606RandomDuVGCFR|Garganacl\n|c|\u2606RandomDuVGCFR|Wanna die\n|inactive|RandomDuVGCFR has 30 seconds left.\n|c|\u2606boogerhunter|why are you so against having fun\n|\n|t:|1682084251\n|switch|p2a: Dragapult|Dragapult, L50, M|100\/100\n|move|p2b: Palafin|Protect|p2b: Palafin\n|-singleturn|p2b: Palafin|Protect\n|move|p1b: Garganacl|Fissure|p2a: Dragapult\n|-damage|p2a: Dragapult|0 fnt\n|faint|p2a: Dragapult\n|-ohko\n|\n|-heal|p1b: Garganacl|90\/100|[from] item: Leftovers\n|-damage|p2b: Palafin|43\/100 brn|[from] brn\n|upkeep\n|c|\u2606boogerhunter|you should try to have fun with your life\n|\n|t:|1682084259\n|switch|p2a: Coalossal|Coalossal, L50, M|100\/100\n|turn|8\n|\n|t:|1682084266\n|move|p2a: Coalossal|Protect|p2a: Coalossal\n|-singleturn|p2a: Coalossal|Protect\n|move|p2b: Palafin|Jet Punch|p1b: Garganacl\n|-damage|p1b: Garganacl|79\/100\n|move|p1b: Garganacl|Salt Cure|p2b: Palafin\n|-damage|p2b: Palafin|30\/100 brn\n|-start|p2b: Palafin|Salt Cure\n|\n|-heal|p1b: Garganacl|85\/100|[from] item: Leftovers\n|-damage|p2b: Palafin|24\/100 brn|[from] brn\n|-damage|p2b: Palafin|0 fnt|[from] Salt Cure\n|faint|p2b: Palafin\n|upkeep\n|turn|9\n|\n|t:|1682084282\n|move|p2a: Coalossal|Flare Blitz|p1b: Garganacl\n|-damage|p1b: Garganacl|62\/100\n|-damage|p2a: Coalossal|92\/100|[from] Recoil\n|move|p1b: Garganacl|Salt Cure|p2a: Coalossal\n|-supereffective|p2a: Coalossal\n|-damage|p2a: Coalossal|69\/100\n|-start|p2a: Coalossal|Salt Cure\n|-enditem|p2a: Coalossal|Weakness Policy\n|-boost|p2a: Coalossal|atk|2|[from] item: Weakness Policy\n|-boost|p2a: Coalossal|spa|2|[from] item: Weakness Policy\n|\n|-heal|p1b: Garganacl|68\/100|[from] item: Leftovers\n|-damage|p2a: Coalossal|57\/100|[from] Salt Cure\n|upkeep\n|turn|10\n|\n|t:|1682084296\n|move|p2a: Coalossal|Protect|p2a: Coalossal\n|-singleturn|p2a: Coalossal|Protect\n|move|p1b: Garganacl|Protect||[still]\n|-fail|p1b: Garganacl\n|\n|-heal|p1b: Garganacl|73\/100|[from] item: Leftovers\n|-damage|p2a: Coalossal|45\/100|[from] Salt Cure\n|-sideend|p1: boogerhunter|Reflect\n|upkeep\n|turn|11\n|\n|t:|1682084303\n|-terastallize|p2a: Coalossal|Ground\n|move|p2a: Coalossal|Flare Blitz|p1b: Garganacl\n|-damage|p1b: Garganacl|2\/100\n|-damage|p2a: Coalossal|19\/100|[from] Recoil\n|move|p1b: Garganacl|Recover|p1b: Garganacl\n|-heal|p1b: Garganacl|52\/100\n|\n|-heal|p1b: Garganacl|58\/100|[from] item: Leftovers\n|-damage|p2a: Coalossal|7\/100|[from] Salt Cure\n|upkeep\n|turn|12\n|c|\u2606boogerhunter|gg\n|c|\u2606boogerhunter|please try my team\n|\n|t:|1682084310\n|move|p1b: Garganacl|Protect|p1b: Garganacl\n|-singleturn|p1b: Garganacl|Protect\n|move|p2a: Coalossal|Flare Blitz|p1b: Garganacl\n|-activate|p1b: Garganacl|move: Protect\n|\n|-heal|p1b: Garganacl|64\/100|[from] item: Leftovers\n|-damage|p2a: Coalossal|0 fnt|[from] Salt Cure\n|faint|p2a: Coalossal\n|\n|win|boogerhunter\n|upkeep\n|raw|boogerhunter's rating: 1323 → 1348<\/strong> (+25 for winning)\n|raw|RandomDuVGCFR's rating: 1407 → 1382<\/strong> (-25 for losing)\n|c|\u2606RandomDuVGCFR|Never\n|c|\u2606RandomDuVGCFR|Win on\n|c|\u2606RandomDuVGCFR|Fissure\n|c|\u2606boogerhunter|have fun man\n|c|\u2606boogerhunter|:(\n|c|\u2606RandomDuVGCFR|Garganacl\n|c|\u2606boogerhunter|i wish you the best\n|c|\u2606boogerhunter|in life\n","uploadtime":1682084342,"views":5,"p1id":"boogerhunter","p2id":"randomduvgcfr","formatid":"gen9vgc2023regulationc","rating":1348,"private":0,"password":""}