{"id":"gen9vgc2023regulationc-1858755478","p1":"Biawak123","p2":"Boppenheimer","format":"[Gen 9] VGC 2023 Regulation C","log":"|j|\u2606Biawak123\n|j|\u2606Boppenheimer\n|t:|1683354573\n|gametype|doubles\n|player|p1|Biawak123|blue|1219\n|player|p2|Boppenheimer|emma|1182\n|teamsize|p1|6\n|teamsize|p2|6\n|gen|9\n|tier|[Gen 9] VGC 2023 Regulation C\n|rated|\n|rule|Species Clause: Limit one of each Pok\u00e9mon\n|rule|Item Clause: Limit one of each item\n|clearpoke\n|poke|p1|Umbreon, L50, M|\n|poke|p1|Iron Hands, L50|\n|poke|p1|Salamence, L50, M|\n|poke|p1|Iron Bundle, L50|\n|poke|p1|Gardevoir, L50, F|\n|poke|p1|Gengar, L50, M|\n|poke|p2|Tyranitar, L50, M|\n|poke|p2|Gastrodon, L50, F|\n|poke|p2|Flutter Mane, L50|\n|poke|p2|Klefki, L50, F|\n|poke|p2|Chi-Yu, L50|\n|poke|p2|Corviknight, L50, M|\n|teampreview|4\n|inactive|Battle timer is ON: inactive players will automatically lose when time's up. (requested by Boppenheimer)\n|\n|t:|1683354617\n|start\n|switch|p1a: Gengar|Gengar, L50, M|100\/100\n|switch|p1b: Iron Bundle|Iron Bundle, L50|100\/100\n|switch|p2a: Tyranitar|Tyranitar, L50, M|100\/100\n|switch|p2b: Klefki|Klefki, L50, F|100\/100\n|-weather|Sandstorm|[from] ability: Sand Stream|[of] p2a: Tyranitar\n|turn|1\n|\n|t:|1683354640\n|-end|p1b: Iron Bundle|Quark Drive|[silent]\n|switch|p1b: Iron Hands|Iron Hands, L50|100\/100\n|move|p2b: Klefki|Misty Terrain|p2b: Klefki\n|-fieldstart|move: Misty Terrain\n|move|p2a: Tyranitar|Rock Slide|p1a: Gengar|[spread] p1a,p1b\n|-resisted|p1b: Iron Hands\n|-damage|p1a: Gengar|2\/100\n|-damage|p1b: Iron Hands|85\/100\n|-start|p2a: Tyranitar|Disable|Rock Slide|[from] ability: Cursed Body|[of] p1a: Gengar\n|move|p1a: Gengar|Trick Room|p1a: Gengar\n|-fieldstart|move: Trick Room|[of] p1a: Gengar\n|\n|-weather|Sandstorm|[upkeep]\n|-damage|p1b: Iron Hands|79\/100|[from] Sandstorm\n|-damage|p1a: Gengar|0 fnt|[from] Sandstorm\n|faint|p1a: Gengar\n|upkeep\n|\n|t:|1683354653\n|switch|p1a: Umbreon|Umbreon, L50, M|100\/100\n|turn|2\n|inactive|Biawak123 has 30 seconds left.\n|inactive|Boppenheimer has 30 seconds left.\n|inactive|Biawak123 has 20 seconds left.\n|inactive|Boppenheimer has 20 seconds left.\n|\n|t:|1683354697\n|switch|p2a: Flutter Mane|Flutter Mane, L50|100\/100\n|-enditem|p2a: Flutter Mane|Booster Energy\n|-activate|p2a: Flutter Mane|ability: Protosynthesis|[fromitem]\n|-start|p2a: Flutter Mane|protosynthesisspa\n|move|p1b: Iron Hands|Thunder Punch|p2a: Flutter Mane\n|-damage|p2a: Flutter Mane|19\/100\n|move|p1a: Umbreon|Skill Swap|p2b: Klefki\n|-activate|p1a: Umbreon|move: Skill Swap|Prankster|Inner Focus|[of] p2b: Klefki\n|move|p2b: Klefki|Dazzling Gleam|p1a: Umbreon|[spread] p1a,p1b\n|-supereffective|p1a: Umbreon\n|-supereffective|p1b: Iron Hands\n|-damage|p1a: Umbreon|76\/100\n|-damage|p1b: Iron Hands|61\/100\n|\n|-weather|Sandstorm|[upkeep]\n|-damage|p1b: Iron Hands|55\/100|[from] Sandstorm\n|-damage|p1a: Umbreon|70\/100|[from] Sandstorm\n|-damage|p2a: Flutter Mane|13\/100|[from] Sandstorm\n|upkeep\n|turn|3\n|inactive|Biawak123 has 30 seconds left.\n|inactive|Boppenheimer has 30 seconds left.\n|inactive|Biawak123 has 20 seconds left.\n|inactive|Boppenheimer has 20 seconds left.\n|inactive|Boppenheimer has 15 seconds left.\n|\n|t:|1683354741\n|-end|p2a: Flutter Mane|Protosynthesis|[silent]\n|switch|p2a: Chi-Yu|Chi-Yu, L50|100\/100\n|-ability|p2a: Chi-Yu|Beads of Ruin\n|move|p1b: Iron Hands|Drain Punch|p2b: Klefki\n|-damage|p2b: Klefki|55\/100\n|-heal|p1b: Iron Hands|71\/100|[from] drain|[of] p2b: Klefki\n|move|p1a: Umbreon|Snarl|p2b: Klefki|[spread] p2a\n|-miss|p1a: Umbreon|p2b: Klefki\n|-resisted|p2a: Chi-Yu\n|-damage|p2a: Chi-Yu|96\/100\n|-unboost|p2a: Chi-Yu|spa|1\n|move|p2b: Klefki|Reflect|p2b: Klefki\n|-sidestart|p2: Boppenheimer|Reflect\n|\n|-weather|Sandstorm|[upkeep]\n|-damage|p1b: Iron Hands|65\/100|[from] Sandstorm\n|-damage|p1a: Umbreon|64\/100|[from] Sandstorm\n|-damage|p2a: Chi-Yu|90\/100|[from] Sandstorm\n|upkeep\n|turn|4\n|inactive|Biawak123 has 30 seconds left.\n|\n|t:|1683354769\n|move|p2a: Chi-Yu|Protect|p2a: Chi-Yu\n|-singleturn|p2a: Chi-Yu|Protect\n|move|p1b: Iron Hands|Thunder Punch|p2a: Chi-Yu\n|-activate|p2a: Chi-Yu|move: Protect\n|move|p1a: Umbreon|Snarl|p2a: Chi-Yu|[spread] p2b\n|-activate|p2a: Chi-Yu|move: Protect\n|-resisted|p2b: Klefki\n|-damage|p2b: Klefki|48\/100\n|-unboost|p2b: Klefki|spa|1\n|move|p2b: Klefki|Dazzling Gleam|p1b: Iron Hands|[spread] p1a,p1b\n|-supereffective|p1a: Umbreon\n|-supereffective|p1b: Iron Hands\n|-damage|p1a: Umbreon|43\/100\n|-damage|p1b: Iron Hands|47\/100\n|-enditem|p1a: Umbreon|Sitrus Berry|[eat]\n|-heal|p1a: Umbreon|68\/100|[from] item: Sitrus Berry\n|\n|-weather|Sandstorm|[upkeep]\n|-damage|p1b: Iron Hands|41\/100|[from] Sandstorm\n|-damage|p1a: Umbreon|62\/100|[from] Sandstorm\n|-damage|p2a: Chi-Yu|84\/100|[from] Sandstorm\n|upkeep\n|turn|5\n|\n|t:|1683354785\n|switch|p2a: Tyranitar|Tyranitar, L50, M|100\/100\n|move|p1b: Iron Hands|Drain Punch|p2b: Klefki\n|-damage|p2b: Klefki|18\/100\n|-heal|p1b: Iron Hands|52\/100|[from] drain|[of] p2b: Klefki\n|move|p1a: Umbreon|Snarl|p2b: Klefki|[spread] p2a,p2b\n|-resisted|p2a: Tyranitar\n|-resisted|p2b: Klefki\n|-damage|p2a: Tyranitar|98\/100\n|-damage|p2b: Klefki|12\/100\n|-unboost|p2a: Tyranitar|spa|1\n|-unboost|p2b: Klefki|spa|1\n|move|p2b: Klefki|Dazzling Gleam|p1a: Umbreon|[spread] p1a,p1b\n|-supereffective|p1a: Umbreon\n|-supereffective|p1b: Iron Hands\n|-damage|p1a: Umbreon|49\/100\n|-damage|p1b: Iron Hands|41\/100\n|\n|-weather|none\n|-fieldend|move: Trick Room\n|-fieldend|Misty Terrain\n|upkeep\n|turn|6\n|\n|t:|1683354808\n|move|p1a: Umbreon|Moonlight|p1a: Umbreon\n|-heal|p1a: Umbreon|99\/100\n|move|p2b: Klefki|Dazzling Gleam|p1a: Umbreon|[spread] p1a,p1b\n|-supereffective|p1a: Umbreon\n|-supereffective|p1b: Iron Hands\n|-damage|p1a: Umbreon|86\/100\n|-damage|p1b: Iron Hands|31\/100\n|move|p2a: Tyranitar|Low Kick|p1b: Iron Hands\n|-damage|p1b: Iron Hands|0 fnt\n|faint|p1b: Iron Hands\n|-end|p1b: Iron Hands|Quark Drive|[silent]\n|\n|upkeep\n|\n|t:|1683354819\n|switch|p1b: Iron Bundle|Iron Bundle, L50|100\/100\n|turn|7\n|\n|t:|1683354829\n|-terastallize|p2a: Tyranitar|Grass\n|move|p1b: Iron Bundle|Icy Wind|p2b: Klefki|[spread] p2a,p2b\n|-supereffective|p2a: Tyranitar\n|-resisted|p2b: Klefki\n|-damage|p2a: Tyranitar|62\/100\n|-damage|p2b: Klefki|2\/100\n|-unboost|p2a: Tyranitar|spe|1\n|-unboost|p2b: Klefki|spe|1\n|move|p1a: Umbreon|Foul Play|p2a: Tyranitar\n|-damage|p2a: Tyranitar|31\/100\n|move|p2b: Klefki|Dazzling Gleam|p1b: Iron Bundle|[spread] p1a,p1b\n|-supereffective|p1a: Umbreon\n|-damage|p1a: Umbreon|71\/100\n|-damage|p1b: Iron Bundle|84\/100\n|move|p2a: Tyranitar|Low Kick|p1b: Iron Bundle\n|-supereffective|p1b: Iron Bundle\n|-damage|p1b: Iron Bundle|23\/100\n|\n|upkeep\n|turn|8\n|inactive|Biawak123 has 30 seconds left.\n|inactive|Boppenheimer has 30 seconds left.\n|inactive|Boppenheimer has 20 seconds left.\n|\n|t:|1683354871\n|switch|p2b: Chi-Yu|Chi-Yu, L50|84\/100\n|-ability|p2b: Chi-Yu|Beads of Ruin\n|move|p1b: Iron Bundle|Protect|p1b: Iron Bundle\n|-singleturn|p1b: Iron Bundle|Protect\n|move|p1a: Umbreon|Foul Play|p2a: Tyranitar\n|-damage|p2a: Tyranitar|3\/100\n|move|p2a: Tyranitar|Low Kick|p1b: Iron Bundle\n|-activate|p1b: Iron Bundle|move: Protect\n|\n|upkeep\n|turn|9\n|inactive|Biawak123 has 30 seconds left.\n|\n|t:|1683354902\n|switch|p2a: Klefki|Klefki, L50, F|2\/100\n|move|p2b: Chi-Yu|Protect|p2b: Chi-Yu\n|-singleturn|p2b: Chi-Yu|Protect\n|move|p1b: Iron Bundle|Hydro Pump|p2b: Chi-Yu\n|-activate|p2b: Chi-Yu|move: Protect\n|move|p1a: Umbreon|Foul Play|p2a: Klefki\n|-resisted|p2a: Klefki\n|-damage|p2a: Klefki|0 fnt\n|faint|p2a: Klefki\n|\n|upkeep\n|\n|t:|1683354916\n|switch|p2a: Flutter Mane|Flutter Mane, L50|13\/100\n|turn|10\n|\n|t:|1683354933\n|move|p1b: Iron Bundle|Icy Wind|p2a: Flutter Mane|[spread] p2a,p2b\n|-resisted|p2b: Chi-Yu\n|-damage|p2a: Flutter Mane|0 fnt\n|-damage|p2b: Chi-Yu|72\/100\n|-unboost|p2b: Chi-Yu|spe|1\n|faint|p2a: Flutter Mane\n|-end|p2a: Flutter Mane|Protosynthesis|[silent]\n|move|p2b: Chi-Yu|Heat Wave|p1b: Iron Bundle|[spread] p1a,p1b\n|-damage|p1a: Umbreon|24\/100\n|-damage|p1b: Iron Bundle|0 fnt\n|-status|p1a: Umbreon|brn\n|faint|p1b: Iron Bundle\n|-end|p1b: Iron Bundle|Quark Drive|[silent]\n|-damage|p2b: Chi-Yu|62\/100|[from] item: Life Orb\n|move|p1a: Umbreon|Snarl|p2b: Chi-Yu\n|-resisted|p2b: Chi-Yu\n|-damage|p2b: Chi-Yu|54\/100\n|-unboost|p2b: Chi-Yu|spa|1\n|\n|-damage|p1a: Umbreon|18\/100 brn|[from] brn\n|-sideend|p2: Boppenheimer|Reflect\n|upkeep\n|\n|t:|1683354936\n|switch|p2a: Tyranitar|Tyranitar, L50, M, tera:Grass|3\/100\n|-weather|Sandstorm|[from] ability: Sand Stream|[of] p2a: Tyranitar\n|turn|11\n|\n|t:|1683354953\n|-terastallize|p1a: Umbreon|Water\n|move|p1a: Umbreon|Moonlight|p1a: Umbreon\n|-heal|p1a: Umbreon|43\/100 brn\n|move|p2b: Chi-Yu|Flamethrower|p1a: Umbreon\n|-resisted|p1a: Umbreon\n|-damage|p1a: Umbreon|23\/100 brn\n|-damage|p2b: Chi-Yu|44\/100|[from] item: Life Orb\n|move|p2a: Tyranitar|Low Kick|p1a: Umbreon\n|-damage|p1a: Umbreon|2\/100 brn\n|\n|-weather|Sandstorm|[upkeep]\n|-damage|p2b: Chi-Yu|38\/100|[from] Sandstorm\n|-damage|p1a: Umbreon|0 fnt|[from] Sandstorm\n|-damage|p2a: Tyranitar|0 fnt|[from] Sandstorm\n|faint|p1a: Umbreon\n|faint|p2a: Tyranitar\n|\n|win|Boppenheimer\n|upkeep\n|raw|Biawak123's rating: 1219 → 1191<\/strong> (-28 for losing)\n|raw|Boppenheimer's rating: 1182 → 1210<\/strong> (+28 for winning)\n|l|\u2606Biawak123\n","uploadtime":1683354999,"views":10,"p1id":"biawak123","p2id":"boppenheimer","formatid":"gen9vgc2023regulationc","rating":1191,"private":0,"password":""}