{"id":"gen9vgc2023regulationc-1862755304","p1":"ThatOneDedenne","p2":"Mortipherus","format":"[Gen 9] VGC 2023 Regulation C","log":"|j|\u2606ThatOneDedenne\n|j|\u2606Mortipherus\n|t:|1683918596\n|gametype|doubles\n|player|p1|ThatOneDedenne|rocketgruntf|1119\n|player|p2|Mortipherus|hooligans|1160\n|teamsize|p1|6\n|teamsize|p2|6\n|gen|9\n|tier|[Gen 9] VGC 2023 Regulation C\n|rated|\n|rule|Species Clause: Limit one of each Pok\u00e9mon\n|rule|Item Clause: Limit one of each item\n|clearpoke\n|poke|p1|Tyranitar, L50, M|\n|poke|p1|Lycanroc, L50, M|\n|poke|p1|Garchomp, L50, F|\n|poke|p1|Sandaconda, L50, M|\n|poke|p1|Breloom, L50, F|\n|poke|p1|Great Tusk, L50|\n|poke|p2|Dragapult, L50, F|\n|poke|p2|Chien-Pao, L50|\n|poke|p2|Arcanine, L50, F|\n|poke|p2|Amoonguss, L50, F|\n|poke|p2|Gyarados, L50, F|\n|poke|p2|Flutter Mane, L50|\n|teampreview|4\n|inactive|Battle timer is ON: inactive players will automatically lose when time's up. (requested by ThatOneDedenne)\n|inactive|Mortipherus has 60 seconds left.\n|\n|t:|1683918630\n|start\n|switch|p1a: Tyranitar|Tyranitar, L50, M|100\/100\n|switch|p1b: Lycanroc|Lycanroc, L50, M|100\/100\n|switch|p2a: Dragapult|Dragapult, L50, F|100\/100\n|switch|p2b: Arcanine|Arcanine, L50, F|100\/100\n|-ability|p2b: Arcanine|Intimidate|boost\n|-unboost|p1a: Tyranitar|atk|1\n|-unboost|p1b: Lycanroc|atk|1\n|-weather|Sandstorm|[from] ability: Sand Stream|[of] p1a: Tyranitar\n|turn|1\n|\n|t:|1683918649\n|-terastallize|p1a: Tyranitar|Flying\n|move|p1b: Lycanroc|Rock Slide|p2a: Dragapult|[spread] p2a,p2b\n|-supereffective|p2b: Arcanine\n|-damage|p2a: Dragapult|71\/100\n|-damage|p2b: Arcanine|63\/100\n|move|p2a: Dragapult|Phantom Force||[still]\n|-prepare|p2a: Dragapult|Phantom Force\n|move|p2b: Arcanine|Will-O-Wisp|p1b: Lycanroc\n|-status|p1b: Lycanroc|brn\n|move|p1a: Tyranitar|Rock Slide|p2a: Dragapult|[spread] p2b\n|-miss|p1a: Tyranitar|p2a: Dragapult\n|-supereffective|p2b: Arcanine\n|-damage|p2b: Arcanine|23\/100\n|\n|-weather|Sandstorm|[upkeep]\n|-damage|p2a: Dragapult|65\/100|[from] Sandstorm\n|-damage|p1a: Tyranitar|95\/100|[from] Sandstorm\n|-damage|p1b: Lycanroc|94\/100 brn|[from] brn\n|upkeep\n|turn|2\n|\n|t:|1683918672\n|move|p2b: Arcanine|Protect|p2b: Arcanine\n|-singleturn|p2b: Arcanine|Protect\n|move|p1b: Lycanroc|Rock Slide|p2b: Arcanine|[spread] \n|-miss|p1b: Lycanroc|p2a: Dragapult\n|-activate|p2b: Arcanine|move: Protect\n|move|p2a: Dragapult|Phantom Force|p1b: Lycanroc|[from]lockedmove\n|-damage|p1b: Lycanroc|18\/100 brn\n|move|p1a: Tyranitar|Rock Slide|p2a: Dragapult|[spread] p2a\n|-activate|p2b: Arcanine|move: Protect\n|-damage|p2a: Dragapult|37\/100\n|\n|-weather|Sandstorm|[upkeep]\n|-damage|p2a: Dragapult|31\/100|[from] Sandstorm\n|-damage|p1a: Tyranitar|89\/100|[from] Sandstorm\n|-damage|p1b: Lycanroc|12\/100 brn|[from] brn\n|upkeep\n|turn|3\n|inactive|ThatOneDedenne has 30 seconds left.\n|inactive|Mortipherus has 30 seconds left.\n|\n|t:|1683918703\n|move|p2a: Dragapult|Protect|p2a: Dragapult\n|-singleturn|p2a: Dragapult|Protect\n|move|p1b: Lycanroc|Rock Slide|p2a: Dragapult|[spread] p2b\n|-activate|p2a: Dragapult|move: Protect\n|-supereffective|p2b: Arcanine\n|-damage|p2b: Arcanine|5\/100\n|move|p2b: Arcanine|Will-O-Wisp|p1a: Tyranitar\n|-status|p1a: Tyranitar|brn\n|move|p1a: Tyranitar|Rock Slide|p2a: Dragapult|[spread] p2b\n|-activate|p2a: Dragapult|move: Protect\n|-supereffective|p2b: Arcanine\n|-damage|p2b: Arcanine|0 fnt\n|faint|p2b: Arcanine\n|\n|-weather|Sandstorm|[upkeep]\n|-damage|p2a: Dragapult|25\/100|[from] Sandstorm\n|-damage|p1a: Tyranitar|83\/100 brn|[from] Sandstorm\n|-damage|p1b: Lycanroc|6\/100 brn|[from] brn\n|-damage|p1a: Tyranitar|77\/100 brn|[from] brn\n|upkeep\n|\n|t:|1683918726\n|switch|p2b: Gyarados|Gyarados, L50, F|100\/100\n|-ability|p2b: Gyarados|Intimidate|boost\n|-unboost|p1a: Tyranitar|atk|1\n|-unboost|p1b: Lycanroc|atk|1\n|turn|4\n|\n|t:|1683918736\n|switch|p2a: Chien-Pao|Chien-Pao, L50|100\/100\n|-ability|p2a: Chien-Pao|Sword of Ruin\n|move|p2b: Gyarados|Protect|p2b: Gyarados\n|-singleturn|p2b: Gyarados|Protect\n|move|p1b: Lycanroc|Rock Slide|p2b: Gyarados|[spread] \n|-activate|p2b: Gyarados|move: Protect\n|-miss|p1b: Lycanroc|p2a: Chien-Pao\n|move|p1a: Tyranitar|Rock Slide|p2b: Gyarados|[spread] p2a\n|-activate|p2b: Gyarados|move: Protect\n|-supereffective|p2a: Chien-Pao\n|-damage|p2a: Chien-Pao|79\/100\n|\n|-weather|Sandstorm|[upkeep]\n|-damage|p2a: Chien-Pao|73\/100|[from] Sandstorm\n|-damage|p2b: Gyarados|95\/100|[from] Sandstorm\n|-damage|p1a: Tyranitar|72\/100 brn|[from] Sandstorm\n|-damage|p1b: Lycanroc|0 fnt|[from] brn\n|faint|p1b: Lycanroc\n|-damage|p1a: Tyranitar|66\/100 brn|[from] brn\n|upkeep\n|\n|t:|1683918740\n|switch|p1b: Great Tusk|Great Tusk, L50, shiny|100\/100\n|turn|5\n|inactive|Mortipherus has 30 seconds left.\n|\n|t:|1683918770\n|move|p2a: Chien-Pao|Ice Spinner|p1b: Great Tusk\n|-supereffective|p1b: Great Tusk\n|-damage|p1b: Great Tusk|18\/100\n|move|p1b: Great Tusk|Close Combat|p2a: Chien-Pao\n|-supereffective|p2a: Chien-Pao\n|-damage|p2a: Chien-Pao|0 fnt\n|-unboost|p1b: Great Tusk|def|1\n|-unboost|p1b: Great Tusk|spd|1\n|faint|p2a: Chien-Pao\n|-damage|p1b: Great Tusk|8\/100|[from] item: Life Orb\n|move|p2b: Gyarados|Waterfall|p1b: Great Tusk\n|-supereffective|p1b: Great Tusk\n|-damage|p1b: Great Tusk|0 fnt\n|faint|p1b: Great Tusk\n|-end|p1b: Great Tusk|Protosynthesis|[silent]\n|move|p1a: Tyranitar|Rock Slide|p2b: Gyarados|[miss]\n|-miss|p1a: Tyranitar|p2b: Gyarados\n|\n|-weather|none\n|-damage|p1a: Tyranitar|60\/100 brn|[from] brn\n|upkeep\n|\n|t:|1683918792\n|switch|p2a: Dragapult|Dragapult, L50, F|25\/100\n|switch|p1b: Garchomp|Garchomp, L50, F|100\/100\n|turn|6\n|\n|t:|1683918808\n|-terastallize|p2a: Dragapult|Fairy\n|move|p1b: Garchomp|Protect|p1b: Garchomp\n|-singleturn|p1b: Garchomp|Protect\n|move|p2a: Dragapult|Dragon Darts|p1a: Tyranitar\n|-damage|p1a: Tyranitar|38\/100 brn\n|-anim|p2a: Dragapult|Dragon Darts|p1a: Tyranitar\n|-damage|p1a: Tyranitar|17\/100 brn\n|move|p2b: Gyarados|Waterfall|p1b: Garchomp\n|-activate|p1b: Garchomp|move: Protect\n|move|p1a: Tyranitar|Rock Slide|p2b: Gyarados|[spread] p2b\n|-miss|p1a: Tyranitar|p2a: Dragapult\n|-supereffective|p2b: Gyarados\n|-damage|p2b: Gyarados|78\/100\n|\n|-damage|p1a: Tyranitar|12\/100 brn|[from] brn\n|upkeep\n|turn|7\n|\n|t:|1683918818\n|move|p2a: Dragapult|Dragon Darts|p1b: Garchomp\n|-supereffective|p1b: Garchomp\n|-damage|p1b: Garchomp|50\/100\n|-anim|p2a: Dragapult|Dragon Darts|p1a: Tyranitar\n|-damage|p1a: Tyranitar|0 fnt\n|faint|p1a: Tyranitar\n|move|p1b: Garchomp|Earthquake|p2b: Gyarados|[spread] p2a\n|-immune|p2b: Gyarados\n|-damage|p2a: Dragapult|0 fnt\n|faint|p2a: Dragapult\n|move|p2b: Gyarados|Waterfall|p1b: Garchomp\n|-damage|p1b: Garchomp|18\/100\n|-damage|p2b: Gyarados|66\/100|[from] ability: Rough Skin|[of] p1b: Garchomp\n|\n|upkeep\n|turn|8\n|\n|t:|1683918835\n|move|p1b: Garchomp|Dragon Claw|p2b: Gyarados\n|-damage|p2b: Gyarados|27\/100\n|-enditem|p2b: Gyarados|Sitrus Berry|[eat]\n|-heal|p2b: Gyarados|51\/100|[from] item: Sitrus Berry\n|move|p2b: Gyarados|Waterfall|p1b: Garchomp\n|-damage|p1b: Garchomp|0 fnt\n|-damage|p2b: Gyarados|39\/100|[from] ability: Rough Skin|[of] p1b: Garchomp\n|faint|p1b: Garchomp\n|\n|win|Mortipherus\n|raw|ThatOneDedenne's rating: 1117 → 1095<\/strong> (-22 for losing)\n|raw|Mortipherus's rating: 1160 → 1182<\/strong> (+22 for winning)\n|l|\u2606ThatOneDedenne\n|l|\u2606Mortipherus\n|j|\u2606Mortipherus\n|player|p2|Mortipherus|hooligans\n","uploadtime":1683919004,"views":15,"p1id":"thatonededenne","p2id":"mortipherus","formatid":"gen9vgc2023regulationc","rating":1095,"private":0,"password":""}