{"id":"gen9vgc2023regulationc-1844942260","p1":"XinBluQAQ","p2":"cat vomiting","format":"[Gen 9] VGC 2023 Regulation C","log":"|j|\u2606XinBluQAQ\n|j|\u2606cat vomiting\n|t:|1681666539\n|gametype|doubles\n|player|p1|XinBluQAQ|shadowtriad|\n|player|p2|cat vomiting|roxie|\n|teamsize|p1|6\n|teamsize|p2|6\n|gen|9\n|tier|[Gen 9] VGC 2023 Regulation C\n|rule|Species Clause: Limit one of each Pok\u00e9mon\n|rule|Item Clause: Limit one of each item\n|clearpoke\n|poke|p1|Talonflame, L50, M|\n|poke|p1|Iron Bundle, L50|\n|poke|p1|Iron Hands, L50|\n|poke|p1|Flutter Mane, L50|\n|poke|p1|Garchomp, L50, F|\n|poke|p1|Chien-Pao, L50|\n|poke|p2|Iron Thorns, L50|\n|poke|p2|Scream Tail, L50|\n|poke|p2|Arcanine, L50, M|\n|poke|p2|Ting-Lu, L50|\n|poke|p2|Maushold, L50|\n|poke|p2|Corviknight, L50, M|\n|teampreview|4\ncat vomiting has agreed to open team sheets.\nXinBluQAQ has agreed to open team sheets.\n|\n|t:|1681666563\n|start\n|switch|p1a: Garchomp|Garchomp, L50, F|100\/100\n|switch|p1b: Chien-Pao|Chien-Pao, L50|100\/100\n|switch|p2a: Scream Tail|Scream Tail, L50|100\/100\n|switch|p2b: Maushold|Maushold, L50|100\/100\n|-ability|p1b: Chien-Pao|Sword of Ruin\n|-enditem|p2a: Scream Tail|Booster Energy\n|-activate|p2a: Scream Tail|ability: Protosynthesis|[fromitem]\n|-start|p2a: Scream Tail|protosynthesisspe\n|turn|1\n|\n|t:|1681666586\n|move|p1b: Chien-Pao|Protect|p1b: Chien-Pao\n|-singleturn|p1b: Chien-Pao|Protect\n|move|p2b: Maushold|Protect|p2b: Maushold\n|-singleturn|p2b: Maushold|Protect\n|move|p2a: Scream Tail|Howl|p2a: Scream Tail|[spread] p2a,p2b\n|-boost|p2a: Scream Tail|atk|1\n|-boost|p2b: Maushold|atk|1\n|move|p1a: Garchomp|Earthquake|p2b: Maushold|[spread] p2a\n|-activate|p1b: Chien-Pao|move: Protect\n|-activate|p2b: Maushold|move: Protect\n|-damage|p2a: Scream Tail|61\/100\n|\n|upkeep\n|turn|2\n|\n|t:|1681666609\n|move|p2a: Scream Tail|Howl|p2a: Scream Tail|[spread] p2a,p2b\n|-boost|p2a: Scream Tail|atk|1\n|-boost|p2b: Maushold|atk|1\n|move|p1b: Chien-Pao|Sacred Sword|p2b: Maushold\n|-supereffective|p2b: Maushold\n|-damage|p2b: Maushold|0 fnt\n|faint|p2b: Maushold\n|move|p1a: Garchomp|Iron Head|p2a: Scream Tail\n|-supereffective|p2a: Scream Tail\n|-damage|p2a: Scream Tail|5\/100\n|\n|upkeep\n|\n|t:|1681666621\n|switch|p2b: Iron Thorns|Iron Thorns, L50|100\/100\n|turn|3\n|\n|t:|1681666652\n|-terastallize|p2b: Iron Thorns|Bug\n|move|p1b: Chien-Pao|Protect|p1b: Chien-Pao\n|-singleturn|p1b: Chien-Pao|Protect\n|move|p2a: Scream Tail|Howl|p2a: Scream Tail|[spread] p2a,p2b\n|-boost|p2a: Scream Tail|atk|1\n|-boost|p2b: Iron Thorns|atk|1\n|move|p1a: Garchomp|Earthquake|p2b: Iron Thorns|[spread] p2a,p2b\n|-activate|p1b: Chien-Pao|move: Protect\n|-resisted|p2b: Iron Thorns\n|-damage|p2a: Scream Tail|0 fnt\n|-damage|p2b: Iron Thorns|79\/100\n|faint|p2a: Scream Tail\n|-end|p2a: Scream Tail|Protosynthesis|[silent]\n|move|p2b: Iron Thorns|Pin Missile|p1a: Garchomp\n|-damage|p1a: Garchomp|71\/100\n|-damage|p1a: Garchomp|43\/100\n|-damage|p1a: Garchomp|16\/100\n|-damage|p1a: Garchomp|0 fnt\n|faint|p1a: Garchomp\n|-hitcount|p1: Garchomp|4\n|\n|upkeep\n|\n|t:|1681666674\n|switch|p2a: Corviknight|Corviknight, L50, M|100\/100\n|switch|p1a: Iron Hands|Iron Hands, L50, shiny|100\/100\n|turn|4\n|\n|t:|1681666687\n|move|p1b: Chien-Pao|Sacred Sword|p2a: Corviknight\n|-damage|p2a: Corviknight|66\/100\n|move|p2b: Iron Thorns|Rock Blast|p1b: Chien-Pao\n|-supereffective|p1b: Chien-Pao\n|-damage|p1b: Chien-Pao|42\/100\n|-supereffective|p1b: Chien-Pao\n|-damage|p1b: Chien-Pao|0 fnt\n|faint|p1b: Chien-Pao\n|-hitcount|p1: Chien-Pao|2\n|move|p2a: Corviknight|Bulk Up|p2a: Corviknight\n|-boost|p2a: Corviknight|atk|1\n|-boost|p2a: Corviknight|def|1\n|move|p1a: Iron Hands|Close Combat|p2a: Corviknight\n|-damage|p2a: Corviknight|26\/100\n|-unboost|p1a: Iron Hands|def|1\n|-unboost|p1a: Iron Hands|spd|1\n|\n|upkeep\n|\n|t:|1681666703\n|switch|p1b: Flutter Mane|Flutter Mane, L50|100\/100\n|turn|5\n|\n|t:|1681666740\n|move|p1a: Iron Hands|Fake Out||[still]\n|-hint|Fake Out only works on your first turn out.\n|-fail|p1a: Iron Hands\n|move|p1b: Flutter Mane|Shadow Ball|p2a: Corviknight\n|-crit|p2a: Corviknight\n|-damage|p2a: Corviknight|0 fnt\n|faint|p2a: Corviknight\n|move|p2b: Iron Thorns|Rock Blast|p1b: Flutter Mane\n|-damage|p1b: Flutter Mane|60\/100\n|-damage|p1b: Flutter Mane|25\/100\n|-damage|p1b: Flutter Mane|0 fnt\n|faint|p1b: Flutter Mane\n|-end|p1b: Flutter Mane|Protosynthesis|[silent]\n|-hitcount|p1: Flutter Mane|3\n|\n|upkeep\n|turn|6\n|\n|t:|1681666783\n|-terastallize|p1a: Iron Hands|Grass\n|move|p2b: Iron Thorns|Pin Missile|p1a: Iron Hands\n|-supereffective|p1a: Iron Hands\n|-damage|p1a: Iron Hands|57\/100\n|-supereffective|p1a: Iron Hands\n|-damage|p1a: Iron Hands|15\/100\n|-supereffective|p1a: Iron Hands\n|-damage|p1a: Iron Hands|0 fnt\n|faint|p1a: Iron Hands\n|-end|p1a: Iron Hands|Quark Drive|[silent]\n|-hitcount|p1: Iron Hands|3\n|\n|win|cat vomiting\n","uploadtime":1681666793,"views":14,"p1id":"xinbluqaq","p2id":"catvomiting","formatid":"gen9vgc2023regulationc","rating":0,"private":0,"password":""}