{"id":"gen9vgc2023regulationc-1856257759","p1":"b(R)2","p2":"Inwaves22","format":"[Gen 9] VGC 2023 Regulation C","log":"|j|\u2606b(R)2\n|j|\u2606Inwaves22\n|t:|1683045252\n|gametype|doubles\n|player|p1|b(R)2|265|1291\n|player|p2|Inwaves22|falkner|1295\n|teamsize|p1|6\n|teamsize|p2|6\n|gen|9\n|tier|[Gen 9] VGC 2023 Regulation C\n|rated|\n|rule|Species Clause: Limit one of each Pok\u00e9mon\n|rule|Item Clause: Limit one of each item\n|clearpoke\n|poke|p1|Chi-Yu, L50|\n|poke|p1|Flutter Mane, L50|\n|poke|p1|Glimmora, L50, M|\n|poke|p1|Dragonite, L50, F|\n|poke|p1|Dondozo, L50, M|\n|poke|p1|Tatsugiri-Stretchy, L50, F|\n|poke|p2|Glimmora, L50, M|\n|poke|p2|Chi-Yu, L50|\n|poke|p2|Flutter Mane, L50|\n|poke|p2|Dragonite, L50, F|\n|poke|p2|Dondozo, L50, M|\n|poke|p2|Tatsugiri, L50, F|\n|teampreview|4\nb(R)2 has agreed to open team sheets.\nInwaves22 has agreed to open team sheets.\n|inactive|Battle timer is ON: inactive players will automatically lose when time's up. (requested by Inwaves22)\n|\n|t:|1683045300\n|start\n|switch|p1a: Dondozo|Dondozo, L50, M|100\/100\n|switch|p1b: Glimmora|Glimmora, L50, M|100\/100\n|switch|p2a: Glimmora|Glimmora, L50, M|100\/100\n|switch|p2b: Dondozo|Dondozo, L50, M|100\/100\n|turn|1\n|\n|t:|1683045316\n|move|p1b: Glimmora|Toxic|p2b: Dondozo\n|-status|p2b: Dondozo|tox\n|move|p2a: Glimmora|Toxic|p1a: Dondozo\n|-status|p1a: Dondozo|tox\n|move|p1a: Dondozo|Yawn|p2a: Glimmora\n|-start|p2a: Glimmora|move: Yawn|[of] p1a: Dondozo\n|move|p2b: Dondozo|Yawn|p1b: Glimmora\n|-start|p1b: Glimmora|move: Yawn|[of] p2b: Dondozo\n|\n|-damage|p2b: Dondozo|94\/100 tox|[from] psn\n|-damage|p1a: Dondozo|94\/100 tox|[from] psn\n|upkeep\n|turn|2\n|c|\u2606b(R)2|lol\n|inactive|b(R)2 has 30 seconds left.\n|\n|t:|1683045342\n|switch|p1b: Tatsugiri|Tatsugiri-Stretchy, L50, F, shiny|100\/100\n|move|p2a: Glimmora|Earth Power|p1b: Tatsugiri\n|-damage|p1b: Tatsugiri|69\/100\n|move|p2b: Dondozo|Bulldoze|p1a: Dondozo|[spread] p2a,p1a,p1b\n|-supereffective|p2a: Glimmora\n|-damage|p2a: Glimmora|48\/100\n|-damage|p1a: Dondozo|88\/100 tox\n|-damage|p1b: Tatsugiri|52\/100\n|-unboost|p2a: Glimmora|spe|1\n|-unboost|p1a: Dondozo|spe|1\n|-unboost|p1b: Tatsugiri|spe|1\n|-activate|p2a: Glimmora|ability: Toxic Debris\n|-sidestart|p1: b(R)2|move: Toxic Spikes\n|move|p1a: Dondozo|Yawn||[still]\n|-fail|p1a: Dondozo\n|\n|-heal|p1a: Dondozo|94\/100 tox|[from] item: Leftovers\n|-damage|p2b: Dondozo|82\/100 tox|[from] psn\n|-damage|p1a: Dondozo|82\/100 tox|[from] psn\n|-end|p2a: Glimmora|move: Yawn|[silent]\n|-status|p2a: Glimmora|slp\n|upkeep\n|turn|3\n|inactive|b(R)2 has 30 seconds left.\n|\n|t:|1683045374\n|cant|p2a: Glimmora|slp\n|move|p1b: Tatsugiri|Muddy Water|p2a: Glimmora|[spread] p2a,p2b\n|-supereffective|p2a: Glimmora\n|-resisted|p2b: Dondozo\n|-damage|p2a: Glimmora|0 fnt\n|-damage|p2b: Dondozo|70\/100 tox\n|faint|p2a: Glimmora\n|move|p2b: Dondozo|Bulldoze|p1a: Dondozo|[spread] p1a,p1b\n|-crit|p1a: Dondozo\n|-damage|p1a: Dondozo|72\/100 tox\n|-damage|p1b: Tatsugiri|37\/100\n|-unboost|p1a: Dondozo|spe|1\n|-unboost|p1b: Tatsugiri|spe|1\n|-enditem|p1b: Tatsugiri|Sitrus Berry|[eat]\n|-heal|p1b: Tatsugiri|62\/100|[from] item: Sitrus Berry\n|move|p1a: Dondozo|Wave Crash|p1b: Tatsugiri\n|-activate|p1b: Tatsugiri|ability: Storm Drain\n|-ability|p1b: Tatsugiri|Storm Drain|boost\n|-boost|p1b: Tatsugiri|spa|1\n|\n|-heal|p1a: Dondozo|79\/100 tox|[from] item: Leftovers\n|-damage|p2b: Dondozo|52\/100 tox|[from] psn\n|-damage|p1a: Dondozo|60\/100 tox|[from] psn\n|upkeep\n|inactive|Inwaves22 has 30 seconds left.\n|\n|t:|1683045400\n|switch|p2a: Flutter Mane|Flutter Mane, L50|100\/100\n|-enditem|p2a: Flutter Mane|Booster Energy\n|-activate|p2a: Flutter Mane|ability: Protosynthesis|[fromitem]\n|-start|p2a: Flutter Mane|protosynthesisspe\n|turn|4\n|\n|t:|1683045425\n|move|p2a: Flutter Mane|Hex|p1a: Dondozo\n|-damage|p1a: Dondozo|16\/100 tox\n|move|p2b: Dondozo|Yawn|p1b: Tatsugiri\n|-start|p1b: Tatsugiri|move: Yawn|[of] p2b: Dondozo\n|move|p1b: Tatsugiri|Muddy Water|p2b: Dondozo|[spread] p2a,p2b\n|-resisted|p2b: Dondozo\n|-damage|p2a: Flutter Mane|53\/100\n|-damage|p2b: Dondozo|41\/100 tox\n|-unboost|p2a: Flutter Mane|accuracy|1\n|-enditem|p2b: Dondozo|Sitrus Berry|[eat]\n|-heal|p2b: Dondozo|66\/100 tox|[from] item: Sitrus Berry\n|move|p1a: Dondozo|Yawn|p2a: Flutter Mane\n|-start|p2a: Flutter Mane|move: Yawn|[of] p1a: Dondozo\n|\n|-heal|p1a: Dondozo|22\/100 tox|[from] item: Leftovers\n|-damage|p2b: Dondozo|41\/100 tox|[from] psn\n|-damage|p1a: Dondozo|0 fnt|[from] psn\n|faint|p1a: Dondozo\n|upkeep\n|\n|t:|1683045442\n|switch|p1a: Glimmora|Glimmora, L50, M|100\/100\n|-sideend|p1: b(R)2|move: Toxic Spikes|[of] p1a: Glimmora\n|turn|5\n|\n|t:|1683045466\n|-end|p2a: Flutter Mane|Protosynthesis|[silent]\n|switch|p2a: Chi-Yu|Chi-Yu, L50|100\/100\n|-ability|p2a: Chi-Yu|Beads of Ruin\n|move|p1a: Glimmora|Power Gem|p2a: Chi-Yu\n|-supereffective|p2a: Chi-Yu\n|-damage|p2a: Chi-Yu|28\/100\n|move|p2b: Dondozo|Bulldoze|p1b: Tatsugiri|[spread] p2a,p1a,p1b\n|-supereffective|p2a: Chi-Yu\n|-supereffective|p1a: Glimmora\n|-damage|p2a: Chi-Yu|0 fnt\n|-damage|p1a: Glimmora|55\/100\n|-damage|p1b: Tatsugiri|45\/100\n|-unboost|p1a: Glimmora|spe|1\n|-unboost|p1b: Tatsugiri|spe|1\n|-activate|p1a: Glimmora|ability: Toxic Debris\n|-sidestart|p2: Inwaves22|move: Toxic Spikes\n|faint|p2a: Chi-Yu\n|move|p1b: Tatsugiri|Muddy Water|p2b: Dondozo\n|-resisted|p2b: Dondozo\n|-damage|p2b: Dondozo|26\/100 tox\n|\n|-damage|p2b: Dondozo|0 fnt|[from] psn\n|faint|p2b: Dondozo\n|-end|p1b: Tatsugiri|move: Yawn|[silent]\n|-status|p1b: Tatsugiri|slp\n|upkeep\n|\n|t:|1683045485\n|switch|p2b: Flutter Mane|Flutter Mane, L50|53\/100\n|-status|p2b: Flutter Mane|psn\n|turn|6\n|\n|t:|1683045499\n|move|p1a: Glimmora|Spiky Shield|p1a: Glimmora\n|-singleturn|p1a: Glimmora|move: Protect\n|move|p2b: Flutter Mane|Moonblast|p1a: Glimmora\n|-activate|p1a: Glimmora|move: Protect\n|cant|p1b: Tatsugiri|slp\n|\n|-damage|p2b: Flutter Mane|40\/100 psn|[from] psn\n|upkeep\n|turn|7\n|\n|t:|1683045524\n|-terastallize|p2b: Flutter Mane|Steel\n|move|p2b: Flutter Mane|Moonblast|p1a: Glimmora\n|-resisted|p1a: Glimmora\n|-damage|p1a: Glimmora|24\/100\n|move|p1a: Glimmora|Power Gem|p2b: Flutter Mane\n|-resisted|p2b: Flutter Mane\n|-damage|p2b: Flutter Mane|20\/100 psn\n|cant|p1b: Tatsugiri|slp\n|\n|-damage|p2b: Flutter Mane|7\/100 psn|[from] psn\n|upkeep\n|turn|8\n|\n|t:|1683045537\n|move|p1a: Glimmora|Spiky Shield|p1a: Glimmora\n|-singleturn|p1a: Glimmora|move: Protect\n|move|p2b: Flutter Mane|Hex|p1b: Tatsugiri\n|-damage|p1b: Tatsugiri|0 fnt\n|faint|p1b: Tatsugiri\n|\n|-damage|p2b: Flutter Mane|0 fnt|[from] psn\n|faint|p2b: Flutter Mane\n|-end|p2b: Flutter Mane|Protosynthesis|[silent]\n|\n|win|b(R)2\n|upkeep\n|raw|b(R)2's rating: 1291 → 1316<\/strong> (+25 for winning)\n|raw|Inwaves22's rating: 1295 → 1270<\/strong> (-25 for losing)\n","uploadtime":1683045545,"views":13,"p1id":"br2","p2id":"inwaves22","formatid":"gen9vgc2023regulationc","rating":1270,"private":0,"password":""}