{"id":"gen9vgc2023regulationc-1857959487","p1":"DuskDevoir","p2":"BlueRay_04","format":"[Gen 9] VGC 2023 Regulation C","log":"|j|\u2606DuskDevoir\n|j|\u2606BlueRay_04\n|t:|1683252495\n|gametype|doubles\n|player|p1|DuskDevoir|bellelba|1135\n|player|p2|BlueRay_04|bianca|1198\n|teamsize|p1|6\n|teamsize|p2|6\n|gen|9\n|tier|[Gen 9] VGC 2023 Regulation C\n|rated|\n|rule|Species Clause: Limit one of each Pok\u00e9mon\n|rule|Item Clause: Limit one of each item\n|clearpoke\n|poke|p1|Chien-Pao, L50|\n|poke|p1|Gyarados, L50, M|\n|poke|p1|Grimmsnarl, L50, M|\n|poke|p1|Tauros-Paldea-Blaze, L50, M|\n|poke|p1|Florges, L50, F|\n|poke|p1|Wo-Chien, L50|\n|poke|p2|Magneton, L50|\n|poke|p2|Ting-Lu, L50|\n|poke|p2|Flutter Mane, L50|\n|poke|p2|Azumarill, L50, F|\n|poke|p2|Arcanine, L50, F|\n|poke|p2|Chien-Pao, L50|\n|teampreview|4\n|inactive|Battle timer is ON: inactive players will automatically lose when time's up. (requested by BlueRay_04)\n|\n|t:|1683252556\n|start\n|switch|p1a: Grimmsnarl|Grimmsnarl, L50, M|100\/100\n|switch|p1b: Gyarados|Gyarados, L50, M, shiny|100\/100\n|switch|p2a: Magneton|Magneton, L50|100\/100\n|switch|p2b: Azumarill|Azumarill, L50, F|100\/100\n|-ability|p1b: Gyarados|Intimidate|boost\n|-unboost|p2a: Magneton|atk|1\n|-unboost|p2b: Azumarill|atk|1\n|turn|1\n|inactive|DuskDevoir has 30 seconds left.\n|inactive|BlueRay_04 has 30 seconds left.\n|inactive|BlueRay_04 has 20 seconds left.\n|\n|t:|1683252593\n|switch|p1b: Wo-Chien|Wo-Chien, L50|100\/100\n|-ability|p1b: Wo-Chien|Tablets of Ruin\n|move|p2a: Magneton|Protect|p2a: Magneton\n|-singleturn|p2a: Magneton|Protect\n|move|p1a: Grimmsnarl|Fake Out|p2b: Azumarill\n|-crit|p2b: Azumarill\n|-damage|p2b: Azumarill|87\/100\n|cant|p2b: Azumarill|flinch\n|\n|upkeep\n|turn|2\n|inactive|BlueRay_04 has 30 seconds left.\n|inactive|DuskDevoir has 30 seconds left.\n|inactive|BlueRay_04 has 20 seconds left.\n|inactive|DuskDevoir has 20 seconds left.\n|inactive|DuskDevoir has 15 seconds left.\n|\n|t:|1683252646\n|switch|p2a: Arcanine|Arcanine, L50, F|100\/100\n|-ability|p2a: Arcanine|Intimidate|boost\n|-unboost|p1a: Grimmsnarl|atk|1\n|-unboost|p1b: Wo-Chien|atk|1\n|switch|p1b: Gyarados|Gyarados, L50, M, shiny|100\/100\n|-ability|p1b: Gyarados|Intimidate|boost\n|-unboost|p2a: Arcanine|atk|1\n|-unboost|p2b: Azumarill|atk|1\n|move|p2b: Azumarill|Protect|p2b: Azumarill\n|-singleturn|p2b: Azumarill|Protect\n|move|p1a: Grimmsnarl|Light Screen|p1a: Grimmsnarl\n|-sidestart|p1: DuskDevoir|move: Light Screen\n|\n|upkeep\n|turn|3\n|inactive|BlueRay_04 has 30 seconds left.\n|\n|t:|1683252673\n|switch|p1b: Wo-Chien|Wo-Chien, L50|100\/100\n|-ability|p1b: Wo-Chien|Tablets of Ruin\n|switch|p2b: Magneton|Magneton, L50|100\/100\n|-terastallize|p2a: Arcanine|Water\n|move|p1a: Grimmsnarl|Misty Terrain|p1a: Grimmsnarl\n|-fieldstart|move: Misty Terrain\n|move|p2a: Arcanine|Will-O-Wisp|p1b: Wo-Chien\n|-activate|p1b: Wo-Chien|move: Misty Terrain\n|\n|upkeep\n|turn|4\n|inactive|DuskDevoir has 30 seconds left.\n|inactive|DuskDevoir has 20 seconds left.\n|\n|t:|1683252711\n|switch|p2a: Flutter Mane|Flutter Mane, L50|100\/100\n|-enditem|p2a: Flutter Mane|Booster Energy\n|-activate|p2a: Flutter Mane|ability: Protosynthesis|[fromitem]\n|-start|p2a: Flutter Mane|protosynthesisspe\n|move|p1a: Grimmsnarl|Fake Tears|p2a: Flutter Mane\n|-unboost|p2a: Flutter Mane|spd|2\n|move|p2b: Magneton|Electroweb|p1a: Grimmsnarl|[spread] p1a,p1b\n|-resisted|p1b: Wo-Chien\n|-damage|p1a: Grimmsnarl|90\/100\n|-damage|p1b: Wo-Chien|96\/100\n|-unboost|p1a: Grimmsnarl|spe|1\n|-unboost|p1b: Wo-Chien|spe|1\n|move|p1b: Wo-Chien|Giga Drain|p2a: Flutter Mane\n|-damage|p2a: Flutter Mane|38\/100\n|-heal|p1b: Wo-Chien|100\/100|[from] drain|[of] p2a: Flutter Mane\n|\n|upkeep\n|turn|5\n|inactive|DuskDevoir has 30 seconds left.\n|inactive|BlueRay_04 has 30 seconds left.\n|inactive|DuskDevoir has 20 seconds left.\n|inactive|BlueRay_04 has 20 seconds left.\n|inactive|DuskDevoir has 15 seconds left.\n|inactive|BlueRay_04 has 15 seconds left.\n|inactive|DuskDevoir has 10 seconds left.\n|\n|t:|1683252760\n|move|p2a: Flutter Mane|Protect|p2a: Flutter Mane\n|-singleturn|p2a: Flutter Mane|Protect\n|move|p1a: Grimmsnarl|Fake Tears|p2a: Flutter Mane\n|-activate|p2a: Flutter Mane|move: Protect\n|move|p2b: Magneton|Flash Cannon|p1a: Grimmsnarl\n|-supereffective|p1a: Grimmsnarl\n|-enditem|p1a: Grimmsnarl|Babiri Berry|[eat]\n|-enditem|p1a: Grimmsnarl|Babiri Berry|[weaken]\n|-damage|p1a: Grimmsnarl|71\/100\n|move|p1b: Wo-Chien|Snarl|p2b: Magneton|[spread] p2b\n|-activate|p2a: Flutter Mane|move: Protect\n|-damage|p2b: Magneton|79\/100\n|-unboost|p2b: Magneton|spa|1\n|\n|upkeep\n|turn|6\n|inactive|DuskDevoir has 30 seconds left.\n|\n|t:|1683252785\n|-end|p2a: Flutter Mane|Protosynthesis|[silent]\n|switch|p2a: Arcanine|Arcanine, L50, F, tera:Water|100\/100\n|-ability|p2a: Arcanine|Intimidate|boost\n|-unboost|p1a: Grimmsnarl|atk|1\n|-unboost|p1b: Wo-Chien|atk|1\n|move|p1a: Grimmsnarl|Fake Tears|p2b: Magneton\n|-unboost|p2b: Magneton|spd|2\n|move|p2b: Magneton|Flash Cannon|p1a: Grimmsnarl\n|-supereffective|p1a: Grimmsnarl\n|-damage|p1a: Grimmsnarl|41\/100\n|move|p1b: Wo-Chien|Snarl|p2b: Magneton|[spread] p2a,p2b\n|-damage|p2a: Arcanine|79\/100\n|-damage|p2b: Magneton|41\/100\n|-unboost|p2a: Arcanine|spa|1\n|-unboost|p2b: Magneton|spa|1\n|\n|-sideend|p1: DuskDevoir|move: Light Screen\n|upkeep\n|turn|7\n|inactive|DuskDevoir has 30 seconds left.\n|\n|t:|1683252814\n|switch|p1b: Gyarados|Gyarados, L50, M, shiny|100\/100\n|-ability|p1b: Gyarados|Intimidate|boost\n|-unboost|p2a: Arcanine|atk|1\n|-unboost|p2b: Magneton|atk|1\n|move|p1a: Grimmsnarl|Light Screen|p1a: Grimmsnarl\n|-sidestart|p1: DuskDevoir|move: Light Screen\n|move|p2a: Arcanine|Flare Blitz|p1b: Gyarados\n|-resisted|p1b: Gyarados\n|-damage|p1b: Gyarados|78\/100\n|-status|p1b: Gyarados|brn\n|-damage|p2a: Arcanine|72\/100|[from] Recoil\n|move|p2b: Magneton|Thunderbolt|p1b: Gyarados\n|-supereffective|p1b: Gyarados\n|-damage|p1b: Gyarados|21\/100 brn\n|\n|-damage|p1b: Gyarados|15\/100 brn|[from] brn\n|-fieldend|Misty Terrain\n|upkeep\n|turn|8\n|inactive|DuskDevoir has 30 seconds left.\n|inactive|BlueRay_04 has 30 seconds left.\n|inactive|DuskDevoir has 20 seconds left.\n|inactive|DuskDevoir has 15 seconds left.\n|\n|t:|1683252859\n|switch|p2b: Azumarill|Azumarill, L50, F|87\/100\n|move|p1a: Grimmsnarl|Fake Tears|p2a: Arcanine\n|-unboost|p2a: Arcanine|spd|2\n|move|p2a: Arcanine|Flare Blitz|p1a: Grimmsnarl\n|-damage|p1a: Grimmsnarl|5\/100\n|-damage|p2a: Arcanine|60\/100|[from] Recoil\n|move|p1b: Gyarados|Waterfall|p2a: Arcanine\n|-resisted|p2a: Arcanine\n|-damage|p2a: Arcanine|49\/100\n|\n|-damage|p1b: Gyarados|9\/100 brn|[from] brn\n|upkeep\n|turn|9\n|inactive|DuskDevoir has 30 seconds left.\n|\n|t:|1683252885\n|move|p2a: Arcanine|Extreme Speed|p1a: Grimmsnarl\n|-damage|p1a: Grimmsnarl|0 fnt\n|faint|p1a: Grimmsnarl\n|move|p2b: Azumarill|Aqua Jet|p1b: Gyarados\n|-resisted|p1b: Gyarados\n|-damage|p1b: Gyarados|0 fnt\n|faint|p1b: Gyarados\n|\n|upkeep\n|\n|t:|1683252895\n|switch|p1b: Wo-Chien|Wo-Chien, L50|100\/100\n|switch|p1a: Florges|Florges, L50, F, shiny|100\/100\n|-ability|p1b: Wo-Chien|Tablets of Ruin\n|turn|10\n|\n|t:|1683252911\n|-terastallize|p1b: Wo-Chien|Water\n|move|p2a: Arcanine|Protect|p2a: Arcanine\n|-singleturn|p2a: Arcanine|Protect\n|move|p1a: Florges|Petal Blizzard|p2b: Azumarill|[spread] p1b,p2b\n|-activate|p2a: Arcanine|move: Protect\n|-supereffective|p1b: Wo-Chien\n|-supereffective|p2b: Azumarill\n|-damage|p1b: Wo-Chien|88\/100\n|-damage|p2b: Azumarill|72\/100\n|-enditem|p1b: Wo-Chien|Weakness Policy\n|-boost|p1b: Wo-Chien|atk|2|[from] item: Weakness Policy\n|-boost|p1b: Wo-Chien|spa|2|[from] item: Weakness Policy\n|-activate|p1a: Florges|ability: Symbiosis|Throat Spray|[of] p1b: Wo-Chien\n|move|p1b: Wo-Chien|Giga Drain|p2b: Azumarill\n|-supereffective|p2b: Azumarill\n|-damage|p2b: Azumarill|0 fnt\n|-heal|p1b: Wo-Chien|100\/100|[from] drain|[of] p2b: Azumarill\n|faint|p2b: Azumarill\n|\n|upkeep\n|\n|t:|1683252926\n|switch|p2b: Flutter Mane|Flutter Mane, L50|38\/100\n|turn|11\n|\n|t:|1683252936\n|move|p2a: Arcanine|Protect||[still]\n|-fail|p2a: Arcanine\n|move|p2b: Flutter Mane|Perish Song|p2b: Flutter Mane\n|-start|p1a: Florges|perish3|[silent]\n|-start|p1b: Wo-Chien|perish3|[silent]\n|-start|p2a: Arcanine|perish3|[silent]\n|-start|p2b: Flutter Mane|perish3|[silent]\n|-fieldactivate|move: Perish Song\n|move|p1a: Florges|Pollen Puff|p1b: Wo-Chien\n|-immune|p1b: Wo-Chien\n|move|p1b: Wo-Chien|Snarl|p2b: Flutter Mane|[spread] p2a,p2b\n|-damage|p2a: Arcanine|0 fnt\n|-damage|p2b: Flutter Mane|4\/100\n|-unboost|p2b: Flutter Mane|spa|1\n|faint|p2a: Arcanine\n|-enditem|p1b: Wo-Chien|Throat Spray\n|-boost|p1b: Wo-Chien|spa|1|[from] item: Throat Spray\n|\n|-start|p2b: Flutter Mane|perish3\n|-start|p1a: Florges|perish3\n|-start|p1b: Wo-Chien|perish3\n|-sideend|p1: DuskDevoir|move: Light Screen\n|upkeep\n|\n|t:|1683252952\n|switch|p2a: Magneton|Magneton, L50|41\/100\n|turn|12\n|\n|t:|1683252972\n|move|p2b: Flutter Mane|Shadow Ball|p1b: Wo-Chien\n|-damage|p1b: Wo-Chien|78\/100\n|move|p2a: Magneton|Thunderbolt|p1b: Wo-Chien\n|-supereffective|p1b: Wo-Chien\n|-damage|p1b: Wo-Chien|18\/100\n|move|p1a: Florges|Pollen Puff|p1b: Wo-Chien\n|-heal|p1b: Wo-Chien|68\/100\n|move|p1b: Wo-Chien|Snarl|p2a: Magneton|[spread] p2a,p2b\n|-damage|p2a: Magneton|0 fnt\n|-damage|p2b: Flutter Mane|0 fnt\n|faint|p2a: Magneton\n|faint|p2b: Flutter Mane\n|-end|p2b: Flutter Mane|Protosynthesis|[silent]\n|\n|win|DuskDevoir\n|raw|DuskDevoir's rating: 1135 → 1164<\/strong> (+29 for winning)\n|raw|BlueRay_04's rating: 1198 → 1169<\/strong> (-29 for losing)\n|l|\u2606BlueRay_04\n","uploadtime":1683252990,"views":11,"p1id":"duskdevoir","p2id":"blueray04","formatid":"gen9vgc2023regulationc","rating":1164,"private":0,"password":""}