{"id":"gen9vgc2023regulationc-1863353222","p1":"Insertable194","p2":"STOP VVVLBI","format":"[Gen 9] VGC 2023 Regulation C","log":"|j|\u2606Insertable194\n|j|\u2606STOP VVVLBI\n|t:|1684006192\n|gametype|doubles\n|player|p1|Insertable194|hilbert-wonderlauncher|1373\n|player|p2|STOP VVVLBI|dawn|1387\n|teamsize|p1|6\n|teamsize|p2|6\n|gen|9\n|tier|[Gen 9] VGC 2023 Regulation C\n|rated|\n|rule|Species Clause: Limit one of each Pok\u00e9mon\n|rule|Item Clause: Limit one of each item\n|clearpoke\n|poke|p1|Ting-Lu, L50|\n|poke|p1|Palafin, L50, F|\n|poke|p1|Amoonguss, L50, F|\n|poke|p1|Arcanine, L50, F|\n|poke|p1|Flutter Mane, L50|\n|poke|p1|Iron Hands, L50|\n|poke|p2|Klefki, L50, F|\n|poke|p2|Corviknight, L50, F|\n|poke|p2|Chi-Yu, L50|\n|poke|p2|Flutter Mane, L50|\n|poke|p2|Roaring Moon, L50|\n|poke|p2|Annihilape, L50, F|\n|teampreview|4\nInsertable194 has agreed to open team sheets.\n|\n|t:|1684006230\n|start\n|switch|p1a: Palafin|Palafin, L50, F, shiny|100\/100\n|switch|p1b: Amoonguss|Amoonguss, L50, F|100\/100\n|switch|p2a: Klefki|Klefki, L50, F|100\/100\n|switch|p2b: Roaring Moon|Roaring Moon, L50|100\/100\n|-enditem|p2b: Roaring Moon|Booster Energy\n|-activate|p2b: Roaring Moon|ability: Protosynthesis|[fromitem]\n|-start|p2b: Roaring Moon|protosynthesisatk\n|turn|1\n|inactive|Battle timer is ON: inactive players will automatically lose when time's up. (requested by STOP VVVLBI)\n|\n|t:|1684006249\n|-terastallize|p1b: Amoonguss|Water\n|move|p2a: Klefki|Reflect|p2a: Klefki\n|-sidestart|p2: STOP VVVLBI|Reflect\n|move|p2b: Roaring Moon|Acrobatics|p1b: Amoonguss\n|-damage|p1b: Amoonguss|60\/100\n|move|p1a: Palafin|Taunt|p2a: Klefki\n|-start|p2a: Klefki|move: Taunt\n|move|p1b: Amoonguss|Spore|p2b: Roaring Moon\n|-status|p2b: Roaring Moon|slp|[from] move: Spore\n|\n|upkeep\n|turn|2\n|\n|t:|1684006269\n|detailschange|p1a: Palafin|Palafin-Hero, L50, F, shiny\n|switch|p1a: Iron Hands|Iron Hands, L50|100\/100\n|cant|p2b: Roaring Moon|slp\n|move|p2a: Klefki|Dazzling Gleam|p1b: Amoonguss|[spread] p1a,p1b\n|-supereffective|p1a: Iron Hands\n|-damage|p1a: Iron Hands|74\/100\n|-damage|p1b: Amoonguss|44\/100\n|-enditem|p1b: Amoonguss|Sitrus Berry|[eat]\n|-heal|p1b: Amoonguss|69\/100|[from] item: Sitrus Berry\n|move|p1b: Amoonguss|Spore|p2a: Klefki\n|-status|p2a: Klefki|slp|[from] move: Spore\n|\n|upkeep\n|turn|3\n|\n|t:|1684006286\n|-end|p2b: Roaring Moon|Protosynthesis|[silent]\n|switch|p2b: Corviknight|Corviknight, L50, F|100\/100\n|switch|p2a: Chi-Yu|Chi-Yu, L50|100\/100\n|-ability|p2a: Chi-Yu|Beads of Ruin\n|move|p1a: Iron Hands|Swords Dance|p1a: Iron Hands\n|-boost|p1a: Iron Hands|atk|2\n|move|p1b: Amoonguss|Pollen Puff|p1a: Iron Hands\n|-heal|p1a: Iron Hands|100\/100\n|\n|upkeep\n|turn|4\n|inactive|Insertable194 has 30 seconds left.\n|inactive|STOP VVVLBI has 30 seconds left.\n|\n|t:|1684006317\n|switch|p1b: Ting-Lu|Ting-Lu, L50|100\/100\n|-ability|p1b: Ting-Lu|Vessel of Ruin\n|-terastallize|p2a: Chi-Yu|Grass\n|move|p2a: Chi-Yu|Tera Blast|p1b: Ting-Lu\n|-supereffective|p1b: Ting-Lu\n|-damage|p1b: Ting-Lu|55\/100\n|-damage|p2a: Chi-Yu|91\/100|[from] item: Life Orb\n|move|p2b: Corviknight|Bulk Up|p2b: Corviknight\n|-boost|p2b: Corviknight|atk|1\n|-boost|p2b: Corviknight|def|1\n|move|p1a: Iron Hands|Drain Punch|p2a: Chi-Yu\n|-damage|p2a: Chi-Yu|0 fnt\n|faint|p2a: Chi-Yu\n|\n|upkeep\n|\n|t:|1684006333\n|switch|p2a: Klefki|Klefki, L50, F|100\/100 slp\n|turn|5\n|\n|t:|1684006355\n|cant|p2a: Klefki|slp\n|move|p2b: Corviknight|Bulk Up|p2b: Corviknight\n|-boost|p2b: Corviknight|atk|1\n|-boost|p2b: Corviknight|def|1\n|move|p1a: Iron Hands|Swords Dance|p1a: Iron Hands\n|-boost|p1a: Iron Hands|atk|2\n|move|p1b: Ting-Lu|Ruination|p2b: Corviknight\n|-damage|p2b: Corviknight|50\/100\n|-enditem|p2b: Corviknight|Sitrus Berry|[eat]\n|-heal|p2b: Corviknight|75\/100|[from] item: Sitrus Berry\n|\n|upkeep\n|turn|6\n|\n|t:|1684006373\n|switch|p1b: Amoonguss|Amoonguss, L50, F, tera:Water|100\/100\n|cant|p2a: Klefki|slp\n|move|p2b: Corviknight|Brave Bird|p1a: Iron Hands\n|-damage|p1a: Iron Hands|39\/100\n|-damage|p2b: Corviknight|52\/100|[from] Recoil\n|move|p1a: Iron Hands|Thunder Punch|p2b: Corviknight\n|-supereffective|p2b: Corviknight\n|-damage|p2b: Corviknight|0 fnt\n|faint|p2b: Corviknight\n|\n|upkeep\n|\n|t:|1684006384\n|switch|p2b: Roaring Moon|Roaring Moon, L50|100\/100 slp\n|turn|7\n|-message|STOP VVVLBI forfeited.\n|\n|win|Insertable194\n|raw|Insertable194's rating: 1373 → 1394<\/strong> (+21 for winning)\n|raw|STOP VVVLBI's rating: 1387 → 1366<\/strong> (-21 for losing)\n|l|\u2606STOP VVVLBI\n","uploadtime":1684006390,"views":4,"p1id":"insertable194","p2id":"stopvvvlbi","formatid":"gen9vgc2023regulationc","rating":1366,"private":0,"password":""}