{"id":"gen9vgc2023regulationc-1862175570","p1":"pikallo1995","p2":"finiro","format":"[Gen 9] VGC 2023 Regulation C","log":"|j|\u2606pikallo1995\n|j|\u2606finiro\n|t:|1683845492\n|gametype|doubles\n|player|p1|pikallo1995|benga|\n|player|p2|finiro|gambler|\n|teamsize|p1|6\n|teamsize|p2|6\n|gen|9\n|tier|[Gen 9] VGC 2023 Regulation C\n|rule|Species Clause: Limit one of each Pok\u00e9mon\n|rule|Item Clause: Limit one of each item\n|clearpoke\n|poke|p1|Gastrodon, L50, M|\n|poke|p1|Lucario, L50, F|\n|poke|p1|Magnezone, L50|\n|poke|p1|Azumarill, L50, M|\n|poke|p1|Clodsire, L50, F|\n|poke|p1|Chien-Pao, L50|\n|poke|p2|Lurantis, L50, F|\n|poke|p2|Iron Bundle, L50|\n|poke|p2|Arcanine, L50, F|\n|poke|p2|Klefki, L50, F|\n|poke|p2|Scizor, L50, M|\n|poke|p2|Kingambit, L50, F|\n|teampreview|4\n|inactive|Battle timer is ON: inactive players will automatically lose when time's up. (requested by pikallo1995)\n|c|\u2606finiro|G1\n|inactive|pikallo1995 has 60 seconds left.\n|inactive|finiro has 60 seconds left.\n|j| LiluziHit\n|inactive|pikallo1995 has 30 seconds left.\n|inactive|finiro has 30 seconds left.\n|inactive|pikallo1995 has 20 seconds left.\n|inactive|finiro has 20 seconds left.\n|inactive|pikallo1995 has 15 seconds left.\n|inactive|finiro has 15 seconds left.\n|inactiveoff|Battle timer is now OFF.\n|c|\u2606pikallo1995|my bad i had auto timer on\n|c|\u2606finiro|all g\n|c|\u2606finiro|glhf\n|c|\u2606pikallo1995|GL bro\n|\n|t:|1683845703\n|start\n|switch|p1a: Magnezone|Magnezone, L50, shiny|100\/100\n|switch|p1b: Azumarill|Azumarill, L50, M, shiny|100\/100\n|switch|p2a: Arcanine|Arcanine, L50, F|100\/100\n|switch|p2b: Klefki|Klefki, L50, F|100\/100\n|-ability|p2a: Arcanine|Intimidate|boost\n|-unboost|p1a: Magnezone|atk|1\n|-unboost|p1b: Azumarill|atk|1\n|turn|1\n|\n|t:|1683845765\n|-terastallize|p1a: Magnezone|Fire\n|move|p2a: Arcanine|Protect|p2a: Arcanine\n|-singleturn|p2a: Arcanine|Protect\n|move|p2b: Klefki|Switcheroo|p1b: Azumarill\n|-activate|p2b: Klefki|move: Trick|[of] p1b: Azumarill\n|-item|p1b: Azumarill|Choice Specs|[from] move: Switcheroo\n|-item|p2b: Klefki|Choice Band|[from] move: Switcheroo\n|move|p1b: Azumarill|Liquidation|p2b: Klefki\n|-damage|p2b: Klefki|61\/100\n|move|p1a: Magnezone|Tera Blast|p2b: Klefki\n|-supereffective|p2b: Klefki\n|-damage|p2b: Klefki|0 fnt\n|faint|p2b: Klefki\n|\n|upkeep\n|\n|t:|1683845780\n|switch|p2b: Iron Bundle|Iron Bundle, L50|100\/100\n|-enditem|p2b: Iron Bundle|Booster Energy\n|-activate|p2b: Iron Bundle|ability: Quark Drive|[fromitem]\n|-start|p2b: Iron Bundle|quarkdrivespe\n|turn|2\n|\n|t:|1683845803\n|switch|p1a: Gastrodon|Gastrodon, L50, M, shiny|100\/100\n|move|p2b: Iron Bundle|Hydro Pump|p1a: Gastrodon\n|-ability|p1a: Gastrodon|Storm Drain|boost\n|-boost|p1a: Gastrodon|spa|1\n|move|p2a: Arcanine|Will-O-Wisp|p1b: Azumarill\n|-status|p1b: Azumarill|brn\n|move|p1b: Azumarill|Liquidation|p1a: Gastrodon\n|-activate|p1a: Gastrodon|ability: Storm Drain\n|-ability|p1a: Gastrodon|Storm Drain|boost\n|-boost|p1a: Gastrodon|spa|1\n|\n|-damage|p1b: Azumarill|95\/100 brn|[from] brn\n|upkeep\n|turn|3\n|\n|t:|1683845833\n|-terastallize|p2a: Arcanine|Grass\n|move|p2b: Iron Bundle|Freeze-Dry|p1a: Gastrodon\n|-supereffective|p1a: Gastrodon\n|-damage|p1a: Gastrodon|0 fnt\n|faint|p1a: Gastrodon\n|move|p2a: Arcanine|Tera Blast|p1b: Azumarill\n|-supereffective|p1b: Azumarill\n|-damage|p1b: Azumarill|22\/100 brn\n|move|p1b: Azumarill|Liquidation|p1: Gastrodon|[notarget]\n|-fail|p1b: Azumarill\n|\n|-damage|p1b: Azumarill|16\/100 brn|[from] brn\n|upkeep\n|\n|t:|1683845850\n|switch|p1a: Magnezone|Magnezone, L50, shiny, tera:Fire|100\/100\n|turn|4\n|\n|t:|1683845861\n|switch|p1b: Clodsire|Clodsire, L50, F, shiny|100\/100\n|-item|p1b: Clodsire|Air Balloon\n|move|p2a: Arcanine|Protect|p2a: Arcanine\n|-singleturn|p2a: Arcanine|Protect\n|move|p2b: Iron Bundle|Hydro Pump|p1a: Magnezone\n|-supereffective|p1a: Magnezone\n|-damage|p1a: Magnezone|22\/100\n|move|p1a: Magnezone|Tera Blast|p2a: Arcanine\n|-activate|p2a: Arcanine|move: Protect\n|\n|upkeep\n|turn|5\n|\n|t:|1683845898\n|move|p2b: Iron Bundle|Icy Wind|p1b: Clodsire|[spread] p1a,p1b\n|-resisted|p1a: Magnezone\n|-supereffective|p1b: Clodsire\n|-damage|p1a: Magnezone|15\/100\n|-damage|p1b: Clodsire|79\/100\n|-unboost|p1a: Magnezone|spe|1\n|-unboost|p1b: Clodsire|spe|1\n|-enditem|p1b: Clodsire|Air Balloon\n|move|p2a: Arcanine|Tera Blast|p1a: Magnezone\n|-resisted|p1a: Magnezone\n|-crit|p1a: Magnezone\n|-damage|p1a: Magnezone|0 fnt\n|faint|p1a: Magnezone\n|move|p1b: Clodsire|Gunk Shot|p2a: Arcanine\n|-supereffective|p2a: Arcanine\n|-damage|p2a: Arcanine|37\/100\n|\n|-heal|p2a: Arcanine|43\/100|[from] item: Leftovers\n|upkeep\n|\n|t:|1683845912\n|switch|p1a: Azumarill|Azumarill, L50, M, shiny|16\/100 brn\n|turn|6\n|\n|t:|1683845937\n|move|p2b: Iron Bundle|Freeze-Dry|p1b: Clodsire\n|-supereffective|p1b: Clodsire\n|-damage|p1b: Clodsire|41\/100\n|move|p2a: Arcanine|Tera Blast|p1b: Clodsire\n|-damage|p1b: Clodsire|4\/100\n|move|p1a: Azumarill|Ice Spinner|p2a: Arcanine\n|-supereffective|p2a: Arcanine\n|-damage|p2a: Arcanine|8\/100\n|move|p1b: Clodsire|Gunk Shot|p2a: Arcanine\n|-supereffective|p2a: Arcanine\n|-crit|p2a: Arcanine\n|-damage|p2a: Arcanine|0 fnt\n|faint|p2a: Arcanine\n|\n|-damage|p1a: Azumarill|10\/100 brn|[from] brn\n|upkeep\n|\n|t:|1683845950\n|switch|p2a: Lurantis|Lurantis, L50, F|100\/100\n|turn|7\n|\n|t:|1683845962\n|move|p2b: Iron Bundle|Protect|p2b: Iron Bundle\n|-singleturn|p2b: Iron Bundle|Protect\n|move|p1a: Azumarill|Ice Spinner|p2a: Lurantis\n|-supereffective|p2a: Lurantis\n|-enditem|p2a: Lurantis|Yache Berry|[eat]\n|-enditem|p2a: Lurantis|Yache Berry|[weaken]\n|-damage|p2a: Lurantis|82\/100\n|move|p2a: Lurantis|Brick Break|p1a: Azumarill\n|-resisted|p1a: Azumarill\n|-damage|p1a: Azumarill|0 fnt\n|faint|p1a: Azumarill\n|move|p1b: Clodsire|Recover|p1b: Clodsire\n|-heal|p1b: Clodsire|54\/100\n|\n|upkeep\n|turn|8\n|\n|t:|1683845992\n|move|p2b: Iron Bundle|Freeze-Dry|p1b: Clodsire\n|-supereffective|p1b: Clodsire\n|-damage|p1b: Clodsire|14\/100\n|move|p2a: Lurantis|Leaf Storm|p1b: Clodsire\n|-damage|p1b: Clodsire|0 fnt\n|-boost|p2a: Lurantis|spa|2\n|faint|p1b: Clodsire\n|\n|win|finiro\n|l| LiluziHit\n|c|\u2606pikallo1995|GG\n|c|\u2606finiro|gg\n","uploadtime":1683846488,"views":13,"p1id":"pikallo1995","p2id":"finiro","formatid":"gen9vgc2023regulationc","rating":0,"private":0,"password":""}