{"id":"gen9vgc2023regulationc-1858568232","p1":"DuaLipasMicrophone","p2":"Heaven64","format":"[Gen 9] VGC 2023 Regulation C","log":"|j|\u2606DuaLipasMicrophone\n|j|\u2606Heaven64\n|t:|1683326413\n|gametype|doubles\n|player|p1|DuaLipasMicrophone|265|\n|player|p2|Heaven64|leaf-masters|\n|teamsize|p1|6\n|teamsize|p2|6\n|gen|9\n|tier|[Gen 9] VGC 2023 Regulation C\n|rule|Species Clause: Limit one of each Pok\u00e9mon\n|rule|Item Clause: Limit one of each item\n|clearpoke\n|poke|p1|Arcanine, L50, F|\n|poke|p1|Slowbro, L50, F|\n|poke|p1|Chien-Pao, L50|\n|poke|p1|Gogoat, L50, F|\n|poke|p1|Haxorus, L50, M|\n|poke|p1|Kilowattrel, L50, F|\n|poke|p2|Klefki, L50, F|\n|poke|p2|Iron Thorns, L50|\n|poke|p2|Pelipper, L50, F|\n|poke|p2|Krookodile, L50, M|\n|poke|p2|Pincurchin, L50, M|\n|poke|p2|Floatzel, L50, F|\n|teampreview|4\n|c|\u2606DuaLipasMicrophone|g2\n|j| j4ce\n|j| Enkidu504\n|l| Enkidu504\n|j| Enkidu504\n|j| smsy\n|j| sucabaVGC\nDuaLipasMicrophone rejected open team sheets.\n|j| BBRAFF\n|l| BBRAFF\n|c| j4ce|I wonder who wins that endgame without miss + crit\n|\n|t:|1683327162\n|start\n|switch|p1a: Mic|Chien-Pao, L50|100\/100\n|switch|p1b: Speaker|Haxorus, L50, M|100\/100\n|switch|p2a: Vault-TEC|Klefki, L50, F|100\/100\n|switch|p2b: Abstergo|Krookodile, L50, M, shiny|100\/100\n|-ability|p1a: Mic|Sword of Ruin\n|-ability|p1b: Speaker|Mold Breaker\n|-ability|p2b: Abstergo|Intimidate|boost\n|-unboost|p1a: Mic|atk|1\n|-fail|p1b: Speaker|unboost|[from] item: Clear Amulet|[of] p1b: Speaker\n|turn|1\n|j| BBRAFF\n|l| BBRAFF\n|\n|t:|1683327348\n|-terastallize|p1a: Mic|Ghost\n|move|p1a: Mic|Ice Spinner|p2b: Abstergo\n|-supereffective|p2b: Abstergo\n|-damage|p2b: Abstergo|0 fnt\n|faint|p2b: Abstergo\n|-damage|p1a: Mic|91\/100|[from] item: Life Orb\n|move|p1b: Speaker|Aqua Tail|p2a: Vault-TEC\n|-damage|p2a: Vault-TEC|62\/100\n|move|p2a: Vault-TEC|Trick Room|p2a: Vault-TEC\n|-fieldstart|move: Trick Room|[of] p2a: Vault-TEC\n|\n|upkeep\n|\n|t:|1683327389\n|switch|p2b: Shinra|Iron Thorns, L50|100\/100\n|turn|2\n|l| smsy\n|\n|t:|1683327465\n|switch|p1a: Microphone|Gogoat, L50, F|100\/100\n|move|p2b: Shinra|Protect|p2b: Shinra\n|-singleturn|p2b: Shinra|Protect\n|move|p1b: Speaker|Protect|p1b: Speaker\n|-singleturn|p1b: Speaker|Protect\n|move|p2a: Vault-TEC|Reflect|p2a: Vault-TEC\n|-sidestart|p2: Heaven64|Reflect\n|\n|upkeep\n|turn|3\n|\n|t:|1683327576\n|-terastallize|p2b: Shinra|Water\n|move|p1a: Microphone|Milk Drink||[still]\n|-fail|p1a: Microphone|heal\n|move|p2a: Vault-TEC|Dazzling Gleam|p1b: Speaker|[spread] p1a,p1b\n|-supereffective|p1b: Speaker\n|-damage|p1a: Microphone|83\/100\n|-damage|p1b: Speaker|45\/100\n|move|p2b: Shinra|Ice Punch|p1b: Speaker\n|-supereffective|p1b: Speaker\n|-damage|p1b: Speaker|0 fnt\n|faint|p1b: Speaker\n|\n|-heal|p1a: Microphone|89\/100|[from] item: Leftovers\n|upkeep\n|j| smsy\n|\n|t:|1683327595\n|switch|p1b: Mic|Chien-Pao, L50, tera:Ghost|91\/100\n|-ability|p1b: Mic|Sword of Ruin\n|turn|4\n|\n|t:|1683327654\n|move|p1a: Microphone|Horn Leech|p2b: Shinra\n|-supereffective|p2b: Shinra\n|-damage|p2b: Shinra|46\/100\n|-heal|p1a: Microphone|100\/100|[from] drain|[of] p2b: Shinra\n|move|p2a: Vault-TEC|Dazzling Gleam|p1b: Mic|[spread] p1a,p1b\n|-damage|p1a: Microphone|84\/100\n|-damage|p1b: Mic|60\/100\n|move|p2b: Shinra|Rock Slide|p1a: Microphone|[spread] p1a,p1b\n|-damage|p1a: Microphone|43\/100\n|-damage|p1b: Mic|22\/100\n|cant|p1b: Mic|flinch\n|\n|-heal|p1a: Microphone|49\/100|[from] item: Leftovers\n|upkeep\n|turn|5\n|\n|t:|1683327696\n|-end|p2b: Shinra|Quark Drive|[silent]\n|switch|p2b: Dexter|Pincurchin, L50, M|100\/100\n|-fieldstart|move: Electric Terrain|[from] ability: Electric Surge|[of] p2b: Dexter\n|move|p1a: Microphone|Horn Leech|p2b: Dexter\n|-damage|p2b: Dexter|66\/100\n|-heal|p1a: Microphone|60\/100|[from] drain|[of] p2b: Dexter\n|move|p2a: Vault-TEC|Dazzling Gleam|p1a: Microphone|[spread] p1a,p1b\n|-damage|p1a: Microphone|43\/100\n|-damage|p1b: Mic|0 fnt\n|faint|p1b: Mic\n|\n|-heal|p1a: Microphone|49\/100|[from] item: Leftovers\n|-fieldend|move: Trick Room\n|upkeep\n|\n|t:|1683327708\n|switch|p1b: Bigger Speaker|Kilowattrel, L50, F|100\/100\n|turn|6\n|\n|t:|1683327783\n|move|p1b: Bigger Speaker|Hurricane|p2b: Dexter\n|-resisted|p2b: Dexter\n|-damage|p2b: Dexter|31\/100\n|-start|p2b: Dexter|confusion\n|move|p2a: Vault-TEC|Dazzling Gleam|p1b: Bigger Speaker|[spread] p1a,p1b\n|-damage|p1a: Microphone|32\/100\n|-damage|p1b: Bigger Speaker|67\/100\n|move|p1a: Microphone|Horn Leech|p2b: Dexter\n|-damage|p2b: Dexter|5\/100\n|-heal|p1a: Microphone|41\/100|[from] drain|[of] p2b: Dexter\n|-activate|p2b: Dexter|confusion\n|move|p2b: Dexter|Thunder|p1a: Microphone\n|-resisted|p1a: Microphone\n|-crit|p1a: Microphone\n|-damage|p1a: Microphone|0 fnt\n|faint|p1a: Microphone\n|\n|-sideend|p2: Heaven64|Reflect\n|upkeep\n|turn|7\n|c|\u2606Heaven64|let's a go\n|\n|t:|1683327810\n|move|p1b: Bigger Speaker|Hurricane|p2b: Dexter\n|-resisted|p2b: Dexter\n|-damage|p2b: Dexter|0 fnt\n|faint|p2b: Dexter\n|move|p2a: Vault-TEC|Trick Room|p2a: Vault-TEC\n|-fieldstart|move: Trick Room|[of] p2a: Vault-TEC\n|\n|upkeep\n|\n|t:|1683327815\n|switch|p2b: Shinra|Iron Thorns, L50, tera:Water|46\/100\n|-activate|p2b: Shinra|ability: Quark Drive\n|-start|p2b: Shinra|quarkdriveatk\n|turn|8\n|c|\u2606DuaLipasMicrophone|gg\n|\n|t:|1683327826\n|move|p2a: Vault-TEC|Dazzling Gleam|p1b: Bigger Speaker\n|-damage|p1b: Bigger Speaker|18\/100\n|move|p2b: Shinra|Ice Punch|p1b: Bigger Speaker\n|-supereffective|p1b: Bigger Speaker\n|-damage|p1b: Bigger Speaker|0 fnt\n|faint|p1b: Bigger Speaker\n|\n|win|Heaven64\n|l| sucabaVGC\n|l| Enkidu504\n|l| smsy\n|l| j4ce\n|j| thejordanvgc\n|l| thejordanvgc\n|j| A Borygon\n","uploadtime":1683328803,"views":15,"p1id":"dualipasmicrophone","p2id":"heaven64","formatid":"gen9vgc2023regulationc","rating":0,"private":0,"password":""}