{"id":"gen9vgc2023regulationc-1857457881","p1":"Karajony","p2":"willz_vgc","format":"[Gen 9] VGC 2023 Regulation C","log":"|j|\u2606Karajony\n|j|\u2606willz_vgc\n|t:|1683196314\n|gametype|doubles\n|player|p1|Karajony|worker-gen4|1285\n|player|p2|willz_vgc|169|1334\n|teamsize|p1|6\n|teamsize|p2|6\n|gen|9\n|tier|[Gen 9] VGC 2023 Regulation C\n|rated|\n|rule|Species Clause: Limit one of each Pok\u00e9mon\n|rule|Item Clause: Limit one of each item\n|clearpoke\n|poke|p1|Flutter Mane, L50|\n|poke|p1|Iron Hands, L50|\n|poke|p1|Baxcalibur, L50, F|\n|poke|p1|Scream Tail, L50|\n|poke|p1|Arcanine, L50, F|\n|poke|p1|Kingambit, L50, M|\n|poke|p2|Grimmsnarl, L50, M|\n|poke|p2|Iron Hands, L50|\n|poke|p2|Ting-Lu, L50|\n|poke|p2|Iron Bundle, L50|\n|poke|p2|Flutter Mane, L50|\n|poke|p2|Chi-Yu, L50|\n|teampreview|4\n|inactive|Battle timer is ON: inactive players will automatically lose when time's up. (requested by Karajony)\n|inactive|Karajony has 60 seconds left.\n|inactive|willz_vgc has 60 seconds left.\n|\n|t:|1683196362\n|start\n|switch|p1a: Iron Hands|Iron Hands, L50|100\/100\n|switch|p1b: Scream Tail|Scream Tail, L50|100\/100\n|switch|p2a: Chi-Yu|Chi-Yu, L50|100\/100\n|switch|p2b: Flutter Mane|Flutter Mane, L50|100\/100\n|-ability|p2a: Chi-Yu|Beads of Ruin\n|turn|1\n|\n|t:|1683196382\n|move|p2a: Chi-Yu|Protect|p2a: Chi-Yu\n|-singleturn|p2a: Chi-Yu|Protect\n|move|p1a: Iron Hands|Detect|p1a: Iron Hands\n|-singleturn|p1a: Iron Hands|Protect\n|move|p2b: Flutter Mane|Dazzling Gleam|p1b: Scream Tail|[spread] p1b\n|-activate|p1a: Iron Hands|move: Protect\n|-damage|p1b: Scream Tail|59\/100\n|-damage|p2b: Flutter Mane|91\/100|[from] item: Life Orb\n|move|p1b: Scream Tail|Trick Room|p1b: Scream Tail\n|-fieldstart|move: Trick Room|[of] p1b: Scream Tail\n|\n|upkeep\n|turn|2\n|inactive|willz_vgc has 30 seconds left.\n|\n|t:|1683196409\n|switch|p2a: Iron Hands|Iron Hands, L50|100\/100\n|move|p2b: Flutter Mane|Protect|p2b: Flutter Mane\n|-singleturn|p2b: Flutter Mane|Protect\n|move|p1a: Iron Hands|Swords Dance|p1a: Iron Hands\n|-boost|p1a: Iron Hands|atk|2\n|move|p1b: Scream Tail|Disable|p2b: Flutter Mane\n|-activate|p2b: Flutter Mane|move: Protect\n|\n|upkeep\n|turn|3\n|inactive|Karajony has 30 seconds left.\n|inactive|willz_vgc has 30 seconds left.\n|\n|t:|1683196438\n|-end|p2b: Flutter Mane|Protosynthesis|[silent]\n|switch|p2b: Ting-Lu|Ting-Lu, L50|100\/100\n|-ability|p2b: Ting-Lu|Vessel of Ruin\n|-terastallize|p1a: Iron Hands|Grass\n|-terastallize|p2a: Iron Hands|Fire\n|move|p1a: Iron Hands|Wild Charge|p2b: Ting-Lu\n|-immune|p2b: Ting-Lu\n|move|p2a: Iron Hands|Swords Dance|p2a: Iron Hands\n|-boost|p2a: Iron Hands|atk|2\n|move|p1b: Scream Tail|Stealth Rock|p2b: Ting-Lu\n|-sidestart|p2: willz_vgc|move: Stealth Rock\n|\n|upkeep\n|turn|4\n|inactive|willz_vgc has 30 seconds left.\n|inactive|Karajony has 30 seconds left.\n|\n|t:|1683196470\n|-end|p1b: Scream Tail|Protosynthesis|[silent]\n|switch|p1b: Arcanine|Arcanine, L50, F|100\/100\n|-ability|p1b: Arcanine|Intimidate|boost\n|-unboost|p2a: Iron Hands|atk|1\n|-unboost|p2b: Ting-Lu|atk|1\n|move|p2b: Ting-Lu|Heavy Slam|p1b: Arcanine\n|-resisted|p1b: Arcanine\n|-damage|p1b: Arcanine|88\/100\n|move|p1a: Iron Hands|Drain Punch|p2a: Iron Hands\n|-damage|p2a: Iron Hands|49\/100\n|-enditem|p2a: Iron Hands|Sitrus Berry|[eat]\n|-heal|p2a: Iron Hands|74\/100|[from] item: Sitrus Berry\n|move|p2a: Iron Hands|Drain Punch|p1a: Iron Hands\n|-damage|p1a: Iron Hands|60\/100\n|-heal|p2a: Iron Hands|94\/100|[from] drain|[of] p1a: Iron Hands\n|\n|upkeep\n|turn|5\n|inactive|Karajony has 30 seconds left.\n|inactive|willz_vgc has 30 seconds left.\n|inactive|willz_vgc has 20 seconds left.\n|\n|t:|1683196507\n|switch|p1b: Scream Tail|Scream Tail, L50|59\/100\n|move|p2b: Ting-Lu|Stomping Tantrum|p1b: Scream Tail\n|-damage|p1b: Scream Tail|44\/100\n|move|p1a: Iron Hands|Drain Punch|p2b: Ting-Lu\n|-supereffective|p2b: Ting-Lu\n|-damage|p2b: Ting-Lu|0 fnt\n|-heal|p1a: Iron Hands|100\/100|[from] drain|[of] p2b: Ting-Lu\n|faint|p2b: Ting-Lu\n|move|p2a: Iron Hands|Drain Punch|p1a: Iron Hands\n|-damage|p1a: Iron Hands|65\/100\n|-heal|p2a: Iron Hands|100\/100|[from] drain|[of] p1a: Iron Hands\n|\n|-fieldend|move: Trick Room\n|upkeep\n|\n|t:|1683196517\n|switch|p2b: Chi-Yu|Chi-Yu, L50|100\/100\n|-damage|p2b: Chi-Yu|76\/100|[from] Stealth Rock\n|-ability|p2b: Chi-Yu|Beads of Ruin\n|turn|6\n|inactive|willz_vgc has 30 seconds left.\n|\n|t:|1683196543\n|-end|p1b: Scream Tail|Protosynthesis|[silent]\n|switch|p1b: Arcanine|Arcanine, L50, F|88\/100\n|-ability|p1b: Arcanine|Intimidate|boost\n|-unboost|p2a: Iron Hands|atk|1\n|-unboost|p2b: Chi-Yu|atk|1\n|move|p1a: Iron Hands|Detect|p1a: Iron Hands\n|-singleturn|p1a: Iron Hands|Protect\n|move|p2b: Chi-Yu|Heat Wave|p1a: Iron Hands|[spread] p1b\n|-activate|p1a: Iron Hands|move: Protect\n|-resisted|p1b: Arcanine\n|-damage|p1b: Arcanine|65\/100\n|move|p2a: Iron Hands|Wild Charge|p1a: Iron Hands\n|-activate|p1a: Iron Hands|move: Protect\n|\n|upkeep\n|turn|7\n|inactive|Karajony has 30 seconds left.\n|inactive|Karajony has 20 seconds left.\n|inactive|Karajony has 15 seconds left.\n|inactive|Karajony has 10 seconds left.\n|inactive|Karajony has 5 seconds left.\n|\n|t:|1683196594\n|-end|p1a: Iron Hands|Quark Drive|[silent]\n|switch|p1a: Flutter Mane|Flutter Mane, L50|100\/100\n|move|p2b: Chi-Yu|Heat Wave|p1a: Flutter Mane|[spread] p1a,p1b\n|-resisted|p1b: Arcanine\n|-damage|p1a: Flutter Mane|55\/100\n|-damage|p1b: Arcanine|40\/100\n|-enditem|p1b: Arcanine|Sitrus Berry|[eat]\n|-heal|p1b: Arcanine|65\/100|[from] item: Sitrus Berry\n|move|p1b: Arcanine|Flare Blitz|p2b: Chi-Yu\n|-resisted|p2b: Chi-Yu\n|-damage|p2b: Chi-Yu|28\/100\n|-damage|p1b: Arcanine|55\/100|[from] Recoil\n|move|p2a: Iron Hands|Wild Charge|p1a: Flutter Mane\n|-damage|p1a: Flutter Mane|0 fnt\n|faint|p1a: Flutter Mane\n|-end|p1a: Flutter Mane|Protosynthesis|[silent]\n|-damage|p2a: Iron Hands|92\/100|[from] Recoil\n|\n|upkeep\n|\n|t:|1683196609\n|switch|p1a: Scream Tail|Scream Tail, L50|44\/100\n|turn|8\n|\n|t:|1683196630\n|move|p2b: Chi-Yu|Protect|p2b: Chi-Yu\n|-singleturn|p2b: Chi-Yu|Protect\n|move|p1b: Arcanine|Flare Blitz|p2b: Chi-Yu\n|-activate|p2b: Chi-Yu|move: Protect\n|move|p2a: Iron Hands|Wild Charge|p1b: Arcanine\n|-damage|p1b: Arcanine|0 fnt\n|faint|p1b: Arcanine\n|-damage|p2a: Iron Hands|81\/100|[from] Recoil\n|move|p1a: Scream Tail|Trick Room|p1a: Scream Tail\n|-fieldstart|move: Trick Room|[of] p1a: Scream Tail\n|\n|upkeep\n|\n|t:|1683196641\n|switch|p1b: Iron Hands|Iron Hands, L50, tera:Grass|65\/100\n|turn|9\n|\n|t:|1683196662\n|switch|p2b: Flutter Mane|Flutter Mane, L50|91\/100\n|-damage|p2b: Flutter Mane|79\/100|[from] Stealth Rock\n|move|p1b: Iron Hands|Wild Charge|p2b: Flutter Mane\n|-damage|p2b: Flutter Mane|0 fnt\n|faint|p2b: Flutter Mane\n|-end|p2b: Flutter Mane|Protosynthesis|[silent]\n|-damage|p1b: Iron Hands|53\/100|[from] Recoil\n|move|p2a: Iron Hands|Swords Dance|p2a: Iron Hands\n|-boost|p2a: Iron Hands|atk|2\n|move|p1a: Scream Tail|Encore|p2a: Iron Hands\n|-start|p2a: Iron Hands|Encore\n|\n|upkeep\n|\n|t:|1683196673\n|switch|p2b: Chi-Yu|Chi-Yu, L50|28\/100\n|-damage|p2b: Chi-Yu|4\/100|[from] Stealth Rock\n|-ability|p2b: Chi-Yu|Beads of Ruin\n|turn|10\n|\n|t:|1683196692\n|move|p1b: Iron Hands|Drain Punch|p2b: Chi-Yu\n|-supereffective|p2b: Chi-Yu\n|-damage|p2b: Chi-Yu|0 fnt\n|-heal|p1b: Iron Hands|54\/100|[from] drain|[of] p2b: Chi-Yu\n|faint|p2b: Chi-Yu\n|move|p2a: Iron Hands|Swords Dance|p2a: Iron Hands\n|-boost|p2a: Iron Hands|atk|2\n|move|p1a: Scream Tail|Stealth Rock||[still]\n|-fail|p1a: Scream Tail\n|\n|upkeep\n|turn|11\n|inactive|Karajony has 30 seconds left.\n|\n|t:|1683196718\n|move|p1b: Iron Hands|Swords Dance|p1b: Iron Hands\n|-boost|p1b: Iron Hands|atk|2\n|move|p2a: Iron Hands|Swords Dance|p2a: Iron Hands\n|-boost|p2a: Iron Hands|atk|2\n|move|p1a: Scream Tail|Trick Room|p1a: Scream Tail\n|-fieldend|move: Trick Room\n|\n|upkeep\n|turn|12\n|\n|t:|1683196731\n|move|p1a: Scream Tail|Disable|p2a: Iron Hands\n|-start|p2a: Iron Hands|Disable|Swords Dance\n|cant|p2a: Iron Hands|Disable|Swords Dance\n|move|p1b: Iron Hands|Drain Punch|p2a: Iron Hands\n|-damage|p2a: Iron Hands|26\/100\n|-heal|p1b: Iron Hands|83\/100|[from] drain|[of] p2a: Iron Hands\n|\n|-end|p2a: Iron Hands|Encore\n|upkeep\n|turn|13\n|\n|t:|1683196743\n|move|p1a: Scream Tail|Encore|p2a: Iron Hands\n|-start|p2a: Iron Hands|Encore\n|cant|p2a: Iron Hands|Disable|Swords Dance\n|move|p1b: Iron Hands|Drain Punch|p2a: Iron Hands\n|-damage|p2a: Iron Hands|0 fnt\n|-heal|p1b: Iron Hands|95\/100|[from] drain|[of] p2a: Iron Hands\n|faint|p2a: Iron Hands\n|-end|p2a: Iron Hands|Quark Drive|[silent]\n|\n|win|Karajony\n|raw|Karajony's rating: 1285 → 1314<\/strong> (+29 for winning)\n|raw|willz_vgc's rating: 1334 → 1311<\/strong> (-23 for losing)\n|c|\u2606willz_vgc|Lucky ass read shitter\n","uploadtime":1683196753,"views":19,"p1id":"karajony","p2id":"willzvgc","formatid":"gen9vgc2023regulationc","rating":1311,"private":0,"password":""}