{"id":"gen9vgc2023regulationc-1862102729","p1":"Bricclow","p2":"Ringstonjz","format":"[Gen 9] VGC 2023 Regulation C","log":"|j|\u2606Bricclow\n|j|\u2606Ringstonjz\n|t:|1683837235\n|gametype|doubles\n|player|p1|Bricclow|101|1137\n|player|p2|Ringstonjz|101|1085\n|teamsize|p1|6\n|teamsize|p2|6\n|gen|9\n|tier|[Gen 9] VGC 2023 Regulation C\n|rated|\n|rule|Species Clause: Limit one of each Pok\u00e9mon\n|rule|Item Clause: Limit one of each item\n|clearpoke\n|poke|p1|Skeledirge, L50, M|\n|poke|p1|Glimmora, L50, M|\n|poke|p1|Wo-Chien, L50|\n|poke|p1|Great Tusk, L50|\n|poke|p1|Klefki, L50, M|\n|poke|p1|Flutter Mane, L50|\n|poke|p2|Corviknight, L50, M|\n|poke|p2|Ting-Lu, L50|\n|poke|p2|Arcanine, L50, M|\n|poke|p2|Amoonguss, L50, M|\n|poke|p2|Palafin, L50, M|\n|poke|p2|Chien-Pao, L50|\n|teampreview|4\nRingstonjz has agreed to open team sheets.\n|\n|t:|1683837274\n|start\n|switch|p1a: Glimmora|Glimmora, L50, M|100\/100\n|switch|p1b: Klefki|Klefki, L50, M, shiny|100\/100\n|switch|p2a: Palafin|Palafin, L50, M|100\/100\n|switch|p2b: Corviknight|Corviknight, L50, M|100\/100\n|turn|1\n|inactive|Battle timer is ON: inactive players will automatically lose when time's up. (requested by Bricclow)\n|\n|t:|1683837311\n|move|p2a: Palafin|Protect|p2a: Palafin\n|-singleturn|p2a: Palafin|Protect\n|move|p1b: Klefki|Reflect|p1b: Klefki\n|-sidestart|p1: Bricclow|Reflect\n|move|p1a: Glimmora|Mortal Spin|p2a: Palafin|[spread] \n|-activate|p2a: Palafin|move: Protect\n|-immune|p2b: Corviknight\n|move|p2b: Corviknight|Iron Head|p1a: Glimmora\n|-supereffective|p1a: Glimmora\n|-damage|p1a: Glimmora|51\/100\n|-activate|p1a: Glimmora|ability: Toxic Debris\n|-sidestart|p2: Ringstonjz|move: Toxic Spikes\n|\n|upkeep\n|turn|2\n|\n|t:|1683837335\n|detailschange|p2a: Palafin|Palafin-Hero, L50, M\n|switch|p2a: Ting-Lu|Ting-Lu, L50|100\/100\n|-status|p2a: Ting-Lu|psn\n|-ability|p2a: Ting-Lu|Vessel of Ruin\n|move|p1b: Klefki|Thunder Wave|p2b: Corviknight\n|-status|p2b: Corviknight|par\n|move|p1a: Glimmora|Power Gem|p2b: Corviknight\n|-damage|p2b: Corviknight|78\/100 par\n|move|p2b: Corviknight|Bulk Up|p2b: Corviknight\n|-boost|p2b: Corviknight|atk|1\n|-boost|p2b: Corviknight|def|1\n|\n|-damage|p2a: Ting-Lu|88\/100 psn|[from] psn\n|upkeep\n|turn|3\n|inactive|Bricclow has 30 seconds left.\n|\n|t:|1683837365\n|move|p1a: Glimmora|Power Gem|p2b: Corviknight\n|-damage|p2b: Corviknight|55\/100 par\n|move|p1b: Klefki|Dazzling Gleam|p2a: Ting-Lu|[spread] p2a,p2b\n|-supereffective|p2a: Ting-Lu\n|-resisted|p2b: Corviknight\n|-damage|p2a: Ting-Lu|78\/100 psn\n|-damage|p2b: Corviknight|49\/100 par\n|move|p2a: Ting-Lu|Earthquake|p1b: Klefki|[spread] p1a,p1b\n|-immune|p2b: Corviknight\n|-supereffective|p1a: Glimmora\n|-supereffective|p1b: Klefki\n|-damage|p1a: Glimmora|0 fnt\n|-damage|p1b: Klefki|54\/100\n|-activate|p1a: Glimmora|ability: Toxic Debris\n|-sidestart|p2: Ringstonjz|move: Toxic Spikes\n|faint|p1a: Glimmora\n|move|p2b: Corviknight|Bulk Up|p2b: Corviknight\n|-boost|p2b: Corviknight|atk|1\n|-boost|p2b: Corviknight|def|1\n|\n|-damage|p2a: Ting-Lu|65\/100 psn|[from] psn\n|upkeep\n|\n|t:|1683837377\n|switch|p1a: Skeledirge|Skeledirge, L50, M, shiny|100\/100\n|turn|4\n|inactive|Ringstonjz has 30 seconds left.\n|\n|t:|1683837402\n|-terastallize|p1a: Skeledirge|Fairy\n|-terastallize|p2b: Corviknight|Fire\n|move|p1b: Klefki|Dazzling Gleam|p2a: Ting-Lu|[spread] p2a,p2b\n|-supereffective|p2a: Ting-Lu\n|-resisted|p2b: Corviknight\n|-damage|p2a: Ting-Lu|55\/100 psn\n|-damage|p2b: Corviknight|44\/100 par\n|move|p1a: Skeledirge|Torch Song|p2b: Corviknight\n|-resisted|p2b: Corviknight\n|-damage|p2b: Corviknight|34\/100 par\n|-boost|p1a: Skeledirge|spa|1\n|move|p2a: Ting-Lu|Earthquake|p1b: Klefki|[spread] p2b,p1a,p1b\n|-supereffective|p2b: Corviknight\n|-crit|p1a: Skeledirge\n|-supereffective|p1b: Klefki\n|-damage|p2b: Corviknight|2\/100 par\n|-damage|p1a: Skeledirge|56\/100\n|-damage|p1b: Klefki|5\/100\n|cant|p2b: Corviknight|par\n|\n|-damage|p2a: Ting-Lu|42\/100 psn|[from] psn\n|upkeep\n|turn|5\n|inactive|Bricclow has 30 seconds left.\n|\n|t:|1683837431\n|move|p1b: Klefki|Dazzling Gleam|p2b: Corviknight|[spread] p2a,p2b\n|-supereffective|p2a: Ting-Lu\n|-crit|p2a: Ting-Lu\n|-resisted|p2b: Corviknight\n|-damage|p2a: Ting-Lu|27\/100 psn\n|-damage|p2b: Corviknight|0 fnt\n|faint|p2b: Corviknight\n|move|p1a: Skeledirge|Slack Off|p1a: Skeledirge\n|-heal|p1a: Skeledirge|100\/100\n|move|p2a: Ting-Lu|Heavy Slam|p1a: Skeledirge\n|-supereffective|p1a: Skeledirge\n|-damage|p1a: Skeledirge|80\/100\n|\n|-damage|p2a: Ting-Lu|14\/100 psn|[from] psn\n|upkeep\n|\n|t:|1683837447\n|switch|p2b: Palafin|Palafin-Hero, L50, M|100\/100\n|-status|p2b: Palafin|tox\n|-activate|p2b: Palafin|ability: Zero to Hero\n|turn|6\n|\n|t:|1683837459\n|move|p2b: Palafin|Protect|p2b: Palafin\n|-singleturn|p2b: Palafin|Protect\n|move|p1b: Klefki|Dazzling Gleam|p2b: Palafin|[spread] p2a\n|-activate|p2b: Palafin|move: Protect\n|-supereffective|p2a: Ting-Lu\n|-damage|p2a: Ting-Lu|4\/100 psn\n|move|p1a: Skeledirge|Hex|p2b: Palafin\n|-activate|p2b: Palafin|move: Protect\n|move|p2a: Ting-Lu|Earthquake|p1a: Skeledirge|[spread] p1a,p1b\n|-activate|p2b: Palafin|move: Protect\n|-supereffective|p1b: Klefki\n|-damage|p1a: Skeledirge|58\/100\n|-damage|p1b: Klefki|0 fnt\n|faint|p1b: Klefki\n|\n|-damage|p2b: Palafin|94\/100 tox|[from] psn\n|-damage|p2a: Ting-Lu|0 fnt|[from] psn\n|faint|p2a: Ting-Lu\n|upkeep\n|\n|t:|1683837473\n|switch|p1b: Flutter Mane|Flutter Mane, L50|100\/100\n|switch|p2a: Chien-Pao|Chien-Pao, L50|100\/100\n|-status|p2a: Chien-Pao|tox\n|-ability|p2a: Chien-Pao|Sword of Ruin\n|-enditem|p1b: Flutter Mane|Booster Energy\n|-activate|p1b: Flutter Mane|ability: Protosynthesis|[fromitem]\n|-start|p1b: Flutter Mane|protosynthesisspe\n|turn|7\n|inactive|Ringstonjz has 30 seconds left.\n|\n|t:|1683837502\n|move|p1b: Flutter Mane|Protect|p1b: Flutter Mane\n|-singleturn|p1b: Flutter Mane|Protect\n|move|p2a: Chien-Pao|Ice Spinner|p1a: Skeledirge\n|-damage|p1a: Skeledirge|29\/100\n|move|p2b: Palafin|Wave Crash|p1b: Flutter Mane\n|-activate|p1b: Flutter Mane|move: Protect\n|move|p1a: Skeledirge|Hex|p2b: Palafin\n|-damage|p2b: Palafin|0 fnt\n|faint|p2b: Palafin\n|\n|-damage|p2a: Chien-Pao|95\/100 tox|[from] psn\n|upkeep\n|turn|8\n|\n|t:|1683837518\n|move|p1b: Flutter Mane|Moonblast|p2a: Chien-Pao\n|-supereffective|p2a: Chien-Pao\n|-damage|p2a: Chien-Pao|0 fnt\n|faint|p2a: Chien-Pao\n|\n|win|Bricclow\n|raw|Bricclow's rating: 1137 → 1158<\/strong> (+21 for winning)\n|raw|Ringstonjz's rating: 1085 → 1066<\/strong> (-19 for losing)\n|l|\u2606Ringstonjz\n","uploadtime":1683837527,"views":13,"p1id":"bricclow","p2id":"ringstonjz","formatid":"gen9vgc2023regulationc","rating":1066,"private":0,"password":""}