{"id":"gen9vgc2023regulationc-1849531839","p1":"OnHoldWithTheIRS","p2":"appokalypstik","format":"[Gen 9] VGC 2023 Regulation C","log":"|j|\u2606OnHoldWithTheIRS\n|j|\u2606appokalypstik\n|t:|1682209736\n|gametype|doubles\n|player|p1|OnHoldWithTheIRS|clerk|1259\n|player|p2|appokalypstik|roxie|1328\n|teamsize|p1|6\n|teamsize|p2|6\n|gen|9\n|tier|[Gen 9] VGC 2023 Regulation C\n|rated|\n|rule|Species Clause: Limit one of each Pok\u00e9mon\n|rule|Item Clause: Limit one of each item\n|clearpoke\n|poke|p1|Baxcalibur, L50, F|\n|poke|p1|Sandy Shocks, L50|\n|poke|p1|Klefki, L50, F|\n|poke|p1|Armarouge, L50, M|\n|poke|p1|Rotom-Wash, L50|\n|poke|p1|Meowscarada, L50, F|\n|poke|p2|Wo-Chien, L50|\n|poke|p2|Glimmora, L50, F|\n|poke|p2|Murkrow, L50, M|\n|poke|p2|Rotom-Wash, L50|\n|poke|p2|Great Tusk, L50|\n|poke|p2|Dragapult, L50, M|\n|teampreview|4\n|inactive|Battle timer is ON: inactive players will automatically lose when time's up. (requested by appokalypstik)\nOnHoldWithTheIRS has agreed to open team sheets.\nappokalypstik rejected open team sheets.\n|inactive|OnHoldWithTheIRS has 60 seconds left.\n|inactive|OnHoldWithTheIRS has 30 seconds left.\n|inactive|OnHoldWithTheIRS has 20 seconds left.\n|\n|t:|1682209812\n|start\n|switch|p1a: Rotom|Rotom-Wash, L50|100\/100\n|switch|p1b: Meowscarada|Meowscarada, L50, F|100\/100\n|switch|p2a: Murk Goob|Murkrow, L50, M|100\/100\n|switch|p2b: Great Goob|Great Tusk, L50|100\/100\n|turn|1\n|inactive|OnHoldWithTheIRS has 30 seconds left.\n|inactive|OnHoldWithTheIRS has 20 seconds left.\n|\n|t:|1682209851\n|-end|p2b: Great Goob|Protosynthesis|[silent]\n|switch|p2b: Wo-Chien-Goobs|Wo-Chien, L50|100\/100\n|-ability|p2b: Wo-Chien-Goobs|Tablets of Ruin\n|move|p1b: Meowscarada|Flower Trick|p2b: Wo-Chien-Goobs\n|-resisted|p2b: Wo-Chien-Goobs\n|-crit|p2b: Wo-Chien-Goobs\n|-damage|p2b: Wo-Chien-Goobs|86\/100\n|move|p2a: Murk Goob|Brave Bird|p1b: Meowscarada\n|-supereffective|p1b: Meowscarada\n|-enditem|p1b: Meowscarada|Focus Sash\n|-damage|p1b: Meowscarada|1\/100\n|-damage|p2a: Murk Goob|64\/100|[from] Recoil\n|move|p1a: Rotom|Thunderbolt|p2a: Murk Goob\n|-supereffective|p2a: Murk Goob\n|-damage|p2a: Murk Goob|0 fnt\n|faint|p2a: Murk Goob\n|\n|-heal|p2b: Wo-Chien-Goobs|92\/100|[from] item: Leftovers\n|upkeep\n|\n|t:|1682209864\n|switch|p2a: Rotom-Goob|Rotom-Wash, L50|100\/100\n|turn|2\n|inactive|OnHoldWithTheIRS has 30 seconds left.\n|inactive|appokalypstik has 30 seconds left.\n|inactive|OnHoldWithTheIRS has 20 seconds left.\n|inactive|appokalypstik has 20 seconds left.\n|\n|t:|1682209902\n|-terastallize|p2a: Rotom-Goob|Electric\n|move|p1b: Meowscarada|Protect|p1b: Meowscarada\n|-singleturn|p1b: Meowscarada|Protect\n|move|p2b: Wo-Chien-Goobs|Protect|p2b: Wo-Chien-Goobs\n|-singleturn|p2b: Wo-Chien-Goobs|Protect\n|move|p1a: Rotom|Thunderbolt|p2a: Rotom-Goob\n|-resisted|p2a: Rotom-Goob\n|-damage|p2a: Rotom-Goob|82\/100\n|move|p2a: Rotom-Goob|Discharge|p1a: Rotom|[spread] p1a\n|-activate|p2b: Wo-Chien-Goobs|move: Protect\n|-activate|p1b: Meowscarada|move: Protect\n|-damage|p1a: Rotom|61\/100\n|\n|-heal|p2b: Wo-Chien-Goobs|98\/100|[from] item: Leftovers\n|upkeep\n|turn|3\n|inactive|OnHoldWithTheIRS has 30 seconds left.\n|inactive|OnHoldWithTheIRS has 20 seconds left.\n|inactive|OnHoldWithTheIRS has 15 seconds left.\n|inactive|OnHoldWithTheIRS has 10 seconds left.\n|\n|t:|1682209948\n|switch|p1a: Sandy Shocks|Sandy Shocks, L50|100\/100\n|switch|p2a: Great Goob|Great Tusk, L50|100\/100\n|move|p1b: Meowscarada|Flower Trick|p2a: Great Goob\n|-supereffective|p2a: Great Goob\n|-crit|p2a: Great Goob\n|-damage|p2a: Great Goob|18\/100\n|move|p2b: Wo-Chien-Goobs|Pollen Puff|p1b: Meowscarada\n|-supereffective|p1b: Meowscarada\n|-damage|p1b: Meowscarada|0 fnt\n|faint|p1b: Meowscarada\n|\n|-heal|p2b: Wo-Chien-Goobs|100\/100|[from] item: Leftovers\n|upkeep\n|\n|t:|1682209966\n|switch|p1b: Baxcalibur|Baxcalibur, L50, F|100\/100\n|turn|4\n|inactive|OnHoldWithTheIRS has 30 seconds left.\n|inactive|OnHoldWithTheIRS has 20 seconds left.\n|inactive|OnHoldWithTheIRS has 15 seconds left.\n|inactive|OnHoldWithTheIRS has 10 seconds left.\n|\n|t:|1682210011\n|move|p1b: Baxcalibur|Ice Shard|p2a: Great Goob\n|-supereffective|p2a: Great Goob\n|-damage|p2a: Great Goob|0 fnt\n|faint|p2a: Great Goob\n|-end|p2a: Great Goob|Protosynthesis|[silent]\n|move|p1a: Sandy Shocks|Volt Switch|p2b: Wo-Chien-Goobs\n|-resisted|p2b: Wo-Chien-Goobs\n|-damage|p2b: Wo-Chien-Goobs|90\/100\n|\n|t:|1682210018\n|-end|p1a: Sandy Shocks|Protosynthesis|[silent]\n|switch|p1a: Rotom|Rotom-Wash, L50|61\/100|[from] Volt Switch\n|move|p2b: Wo-Chien-Goobs|Leech Seed|p1a: Rotom\n|-start|p1a: Rotom|move: Leech Seed\n|\n|-heal|p2b: Wo-Chien-Goobs|96\/100|[from] item: Leftovers\n|-damage|p1a: Rotom|49\/100|[from] Leech Seed|[of] p2b: Wo-Chien-Goobs\n|-heal|p2b: Wo-Chien-Goobs|100\/100|[silent]\n|upkeep\n|-enditem|p1a: Rotom|Sitrus Berry|[eat]\n|-heal|p1a: Rotom|74\/100|[from] item: Sitrus Berry\n|\n|t:|1682210022\n|switch|p2a: Rotom-Goob|Rotom-Wash, L50, tera:Electric|82\/100\n|turn|5\n|\n|t:|1682210044\n|switch|p1a: Sandy Shocks|Sandy Shocks, L50|100\/100\n|move|p2b: Wo-Chien-Goobs|Protect|p2b: Wo-Chien-Goobs\n|-singleturn|p2b: Wo-Chien-Goobs|Protect\n|move|p1b: Baxcalibur|Icicle Spear|p2a: Rotom-Goob\n|-damage|p2a: Rotom-Goob|70\/100\n|-damage|p2a: Rotom-Goob|58\/100\n|-damage|p2a: Rotom-Goob|45\/100\n|-enditem|p2a: Rotom-Goob|Sitrus Berry|[eat]\n|-heal|p2a: Rotom-Goob|70\/100|[from] item: Sitrus Berry\n|-damage|p2a: Rotom-Goob|58\/100\n|-hitcount|p2a: Rotom-Goob|4\n|move|p2a: Rotom-Goob|Discharge|p1b: Baxcalibur|[spread] p1b\n|-activate|p2b: Wo-Chien-Goobs|move: Protect\n|-immune|p1a: Sandy Shocks\n|-resisted|p1b: Baxcalibur\n|-damage|p1b: Baxcalibur|84\/100\n|-status|p1b: Baxcalibur|par\n|\n|upkeep\n|turn|6\n|inactive|OnHoldWithTheIRS has 30 seconds left.\n|inactive|OnHoldWithTheIRS has 20 seconds left.\n|inactive|OnHoldWithTheIRS has 15 seconds left.\n|inactive|OnHoldWithTheIRS has 10 seconds left.\n|\n|t:|1682210091\n|move|p1a: Sandy Shocks|Thunderbolt|p2b: Wo-Chien-Goobs\n|-resisted|p2b: Wo-Chien-Goobs\n|-damage|p2b: Wo-Chien-Goobs|87\/100\n|move|p2a: Rotom-Goob|Hydro Pump|p1a: Sandy Shocks\n|-supereffective|p1a: Sandy Shocks\n|-damage|p1a: Sandy Shocks|17\/100\n|move|p2b: Wo-Chien-Goobs|Leech Seed|p1b: Baxcalibur\n|-start|p1b: Baxcalibur|move: Leech Seed\n|cant|p1b: Baxcalibur|par\n|\n|-heal|p2b: Wo-Chien-Goobs|94\/100|[from] item: Leftovers\n|-damage|p1b: Baxcalibur|72\/100 par|[from] Leech Seed|[of] p2b: Wo-Chien-Goobs\n|-heal|p2b: Wo-Chien-Goobs|100\/100|[silent]\n|upkeep\n|turn|7\n|inactive|OnHoldWithTheIRS has 30 seconds left.\n|inactive|appokalypstik has 30 seconds left.\n|\n|t:|1682210118\n|switch|p1b: Rotom|Rotom-Wash, L50|74\/100\n|move|p2a: Rotom-Goob|Protect|p2a: Rotom-Goob\n|-singleturn|p2a: Rotom-Goob|Protect\n|move|p1a: Sandy Shocks|Volt Switch|p2a: Rotom-Goob\n|-activate|p2a: Rotom-Goob|move: Protect\n|move|p2b: Wo-Chien-Goobs|Foul Play|p1a: Sandy Shocks\n|-damage|p1a: Sandy Shocks|0 fnt\n|faint|p1a: Sandy Shocks\n|-end|p1a: Sandy Shocks|Protosynthesis|[silent]\n|\n|upkeep\n|j| ale cog\n|\n|t:|1682210128\n|switch|p1a: Baxcalibur|Baxcalibur, L50, F|72\/100 par\n|turn|8\n|inactive|OnHoldWithTheIRS has 30 seconds left.\n|inactive|OnHoldWithTheIRS has 20 seconds left.\n|\n|t:|1682210166\n|move|p1b: Rotom|Hydro Pump|p2a: Rotom-Goob\n|-damage|p2a: Rotom-Goob|13\/100\n|move|p2a: Rotom-Goob|Nasty Plot|p2a: Rotom-Goob\n|-boost|p2a: Rotom-Goob|spa|2\n|move|p2b: Wo-Chien-Goobs|Leech Seed|p1a: Baxcalibur\n|-start|p1a: Baxcalibur|move: Leech Seed\n|move|p1a: Baxcalibur|Icicle Spear|p2a: Rotom-Goob\n|-damage|p2a: Rotom-Goob|0 fnt\n|faint|p2a: Rotom-Goob\n|-hitcount|p2: Rotom-Goob|1\n|\n|-damage|p1a: Baxcalibur|60\/100 par|[from] Leech Seed|[of] p2b: Wo-Chien-Goobs\n|upkeep\n|turn|9\n|\n|t:|1682210188\n|move|p1b: Rotom|Will-O-Wisp|p2b: Wo-Chien-Goobs\n|-status|p2b: Wo-Chien-Goobs|brn\n|move|p2b: Wo-Chien-Goobs|Leech Seed|p1b: Rotom\n|-start|p1b: Rotom|move: Leech Seed\n|move|p1a: Baxcalibur|Icicle Spear|p2b: Wo-Chien-Goobs\n|-supereffective|p2b: Wo-Chien-Goobs\n|-damage|p2b: Wo-Chien-Goobs|82\/100 brn\n|-supereffective|p2b: Wo-Chien-Goobs\n|-damage|p2b: Wo-Chien-Goobs|63\/100 brn\n|-supereffective|p2b: Wo-Chien-Goobs\n|-damage|p2b: Wo-Chien-Goobs|44\/100 brn\n|-supereffective|p2b: Wo-Chien-Goobs\n|-damage|p2b: Wo-Chien-Goobs|25\/100 brn\n|-supereffective|p2b: Wo-Chien-Goobs\n|-damage|p2b: Wo-Chien-Goobs|9\/100 brn\n|-hitcount|p2b: Wo-Chien-Goobs|5\n|\n|-heal|p2b: Wo-Chien-Goobs|15\/100 brn|[from] item: Leftovers\n|-damage|p1b: Rotom|61\/100|[from] Leech Seed|[of] p2b: Wo-Chien-Goobs\n|-heal|p2b: Wo-Chien-Goobs|25\/100 brn|[silent]\n|-damage|p1a: Baxcalibur|48\/100 par|[from] Leech Seed|[of] p2b: Wo-Chien-Goobs\n|-heal|p2b: Wo-Chien-Goobs|39\/100 brn|[silent]\n|-damage|p2b: Wo-Chien-Goobs|33\/100 brn|[from] brn\n|upkeep\n|turn|10\n|\n|t:|1682210211\n|move|p2b: Wo-Chien-Goobs|Protect|p2b: Wo-Chien-Goobs\n|-singleturn|p2b: Wo-Chien-Goobs|Protect\n|move|p1b: Rotom|Thunderbolt|p2b: Wo-Chien-Goobs\n|-activate|p2b: Wo-Chien-Goobs|move: Protect\n|move|p1a: Baxcalibur|Icicle Spear|p2b: Wo-Chien-Goobs\n|-activate|p2b: Wo-Chien-Goobs|move: Protect\n|\n|-heal|p2b: Wo-Chien-Goobs|39\/100 brn|[from] item: Leftovers\n|-damage|p1b: Rotom|49\/100|[from] Leech Seed|[of] p2b: Wo-Chien-Goobs\n|-heal|p2b: Wo-Chien-Goobs|49\/100 brn|[silent]\n|-damage|p1a: Baxcalibur|36\/100 par|[from] Leech Seed|[of] p2b: Wo-Chien-Goobs\n|-heal|p2b: Wo-Chien-Goobs|63\/100 brn|[silent]\n|-damage|p2b: Wo-Chien-Goobs|57\/100 brn|[from] brn\n|upkeep\n|turn|11\n|\n|t:|1682210225\n|move|p1b: Rotom|Thunderbolt|p2b: Wo-Chien-Goobs\n|-resisted|p2b: Wo-Chien-Goobs\n|-damage|p2b: Wo-Chien-Goobs|44\/100 brn\n|move|p2b: Wo-Chien-Goobs|Foul Play|p1a: Baxcalibur\n|-damage|p1a: Baxcalibur|10\/100 par\n|move|p1a: Baxcalibur|Icicle Spear|p2b: Wo-Chien-Goobs\n|-supereffective|p2b: Wo-Chien-Goobs\n|-damage|p2b: Wo-Chien-Goobs|28\/100 brn\n|-supereffective|p2b: Wo-Chien-Goobs\n|-damage|p2b: Wo-Chien-Goobs|9\/100 brn\n|-supereffective|p2b: Wo-Chien-Goobs\n|-damage|p2b: Wo-Chien-Goobs|0 fnt\n|faint|p2b: Wo-Chien-Goobs\n|-hitcount|p2: Wo-Chien-Goobs|3\n|\n|win|OnHoldWithTheIRS\n|raw|OnHoldWithTheIRS's rating: 1259 → 1289<\/strong> (+30 for winning)\n|raw|appokalypstik's rating: 1328 → 1304<\/strong> (-24 for losing)\n|l|\u2606appokalypstik\n","uploadtime":1682210250,"views":1,"p1id":"onholdwiththeirs","p2id":"appokalypstik","formatid":"gen9vgc2023regulationc","rating":1289,"private":0,"password":""}