{"id":"gen9vgc2023regulationc-1854986925","p1":"Steakman5","p2":"razeycakes","format":"[Gen 9] VGC 2023 Regulation C","log":"|j|\u2606Steakman5\n|j|\u2606razeycakes\n|t:|1682888065\n|gametype|doubles\n|player|p1|Steakman5|swimmer-gen4|1180\n|player|p2|razeycakes|2|1186\n|teamsize|p1|6\n|teamsize|p2|6\n|gen|9\n|tier|[Gen 9] VGC 2023 Regulation C\n|rated|\n|rule|Species Clause: Limit one of each Pok\u00e9mon\n|rule|Item Clause: Limit one of each item\n|clearpoke\n|poke|p1|Flamigo, L50, M|\n|poke|p1|Dondozo, L50, F|\n|poke|p1|Flutter Mane, L50|\n|poke|p1|Tatsugiri-Droopy, L50, F|\n|poke|p1|Great Tusk, L50|\n|poke|p1|Talonflame, L50, F|\n|poke|p2|Pelipper, L50, M|\n|poke|p2|Gastrodon, L50, M|\n|poke|p2|Gholdengo, L50|\n|poke|p2|Iron Bundle, L50|\n|poke|p2|Braviary, L50, M|\n|poke|p2|Luxray, L50, M|\n|teampreview|4\n|\n|t:|1682888106\n|start\n|switch|p1a: Flutter Mane|Flutter Mane, L50|100\/100\n|switch|p1b: Tatsugiri|Tatsugiri-Droopy, L50, F|100\/100\n|switch|p2a: Pelipper|Pelipper, L50, M|100\/100\n|switch|p2b: Gastrodon|Gastrodon, L50, M|100\/100\n|-weather|RainDance|[from] ability: Drizzle|[of] p2a: Pelipper\n|-enditem|p1a: Flutter Mane|Booster Energy\n|-activate|p1a: Flutter Mane|ability: Protosynthesis|[fromitem]\n|-start|p1a: Flutter Mane|protosynthesisspe\n|turn|1\n|\n|t:|1682888123\n|-terastallize|p2b: Gastrodon|Fire\n|move|p1b: Tatsugiri|Protect|p1b: Tatsugiri\n|-singleturn|p1b: Tatsugiri|Protect\n|move|p1a: Flutter Mane|Perish Song|p1a: Flutter Mane\n|-start|p1a: Flutter Mane|perish3|[silent]\n|-start|p1b: Tatsugiri|perish3|[silent]\n|-start|p2a: Pelipper|perish3|[silent]\n|-start|p2b: Gastrodon|perish3|[silent]\n|-fieldactivate|move: Perish Song\n|move|p2a: Pelipper|Surf|p1a: Flutter Mane|[spread] p1a\n|-activate|p1b: Tatsugiri|move: Protect\n|-ability|p2b: Gastrodon|Storm Drain|boost\n|-boost|p2b: Gastrodon|spa|1\n|-damage|p1a: Flutter Mane|54\/100\n|move|p2b: Gastrodon|Earth Power|p1a: Flutter Mane\n|-damage|p1a: Flutter Mane|0 fnt\n|faint|p1a: Flutter Mane\n|-end|p1a: Flutter Mane|Protosynthesis|[silent]\n|\n|-weather|RainDance|[upkeep]\n|-start|p1b: Tatsugiri|perish3\n|-start|p2a: Pelipper|perish3\n|-start|p2b: Gastrodon|perish3\n|upkeep\n|\n|t:|1682888142\n|switch|p1a: Dondozo|Dondozo, L50, F|100\/100\n|-activate|p1b: Tatsugiri|ability: Commander|[of] p1a: Dondozo\n|-boost|p1a: Dondozo|atk|2\n|-boost|p1a: Dondozo|spa|2\n|-boost|p1a: Dondozo|spe|2\n|-boost|p1a: Dondozo|def|2\n|-boost|p1a: Dondozo|spd|2\n|turn|2\n|\n|t:|1682888152\n|-terastallize|p1a: Dondozo|Water\n|move|p2b: Gastrodon|Protect|p2b: Gastrodon\n|-singleturn|p2b: Gastrodon|Protect\n|move|p1a: Dondozo|Surf|p2a: Pelipper|[spread] p2a\n|-miss|p1a: Dondozo|p1b: Tatsugiri\n|-activate|p2b: Gastrodon|move: Protect\n|-resisted|p2a: Pelipper\n|-damage|p2a: Pelipper|18\/100\n|-damage|p1a: Dondozo|91\/100|[from] item: Life Orb\n|move|p2a: Pelipper|Tailwind|p2a: Pelipper\n|-sidestart|p2: razeycakes|move: Tailwind\n|\n|-weather|RainDance|[upkeep]\n|-start|p2a: Pelipper|perish2\n|-start|p1b: Tatsugiri|perish2\n|-start|p2b: Gastrodon|perish2\n|upkeep\n|turn|3\n|\n|t:|1682888172\n|move|p1a: Dondozo|Surf|p2a: Pelipper|[spread] p2a\n|-miss|p1a: Dondozo|p1b: Tatsugiri\n|-ability|p2b: Gastrodon|Storm Drain|boost\n|-boost|p2b: Gastrodon|spa|1\n|-resisted|p2a: Pelipper\n|-damage|p2a: Pelipper|0 fnt\n|faint|p2a: Pelipper\n|-damage|p1a: Dondozo|81\/100|[from] item: Life Orb\n|move|p2b: Gastrodon|Muddy Water|p1b: Tatsugiri|[spread] p1a\n|-miss|p2b: Gastrodon|p1b: Tatsugiri\n|-resisted|p1a: Dondozo\n|-damage|p1a: Dondozo|69\/100\n|\n|-weather|RainDance|[upkeep]\n|-start|p1b: Tatsugiri|perish1\n|-start|p2b: Gastrodon|perish1\n|upkeep\n|\n|t:|1682888177\n|switch|p2a: Iron Bundle|Iron Bundle, L50|100\/100\n|turn|4\n|\n|t:|1682888183\n|switch|p2b: Gholdengo|Gholdengo, L50|100\/100\n|move|p2a: Iron Bundle|Freeze-Dry|p1a: Dondozo\n|-supereffective|p1a: Dondozo\n|-damage|p1a: Dondozo|24\/100\n|move|p1a: Dondozo|Surf|p2b: Gholdengo|[spread] p2a,p2b\n|-miss|p1a: Dondozo|p1b: Tatsugiri\n|-resisted|p2a: Iron Bundle\n|-damage|p2a: Iron Bundle|0 fnt\n|-damage|p2b: Gholdengo|0 fnt\n|faint|p2a: Iron Bundle\n|-end|p2a: Iron Bundle|Quark Drive|[silent]\n|faint|p2b: Gholdengo\n|-damage|p1a: Dondozo|14\/100|[from] item: Life Orb\n|\n|-weather|RainDance|[upkeep]\n|-start|p1b: Tatsugiri|perish0\n|faint|p1b: Tatsugiri\n|upkeep\n|\n|t:|1682888197\n|switch|p2b: Gastrodon|Gastrodon, L50, M, tera:Fire|100\/100\n|switch|p1b: Flamigo|Flamigo, L50, M|100\/100\n|-copyboost|p1b: Flamigo|p1a: Dondozo|[from] ability: Costar\n|turn|5\n|\n|t:|1682888206\n|move|p1a: Dondozo|Protect|p1a: Dondozo\n|-singleturn|p1a: Dondozo|Protect\n|move|p1b: Flamigo|Brave Bird|p2b: Gastrodon\n|-damage|p2b: Gastrodon|0 fnt\n|faint|p2b: Gastrodon\n|-damage|p1b: Flamigo|55\/100|[from] Recoil\n|\n|win|Steakman5\n|raw|Steakman5's rating: 1180 → 1205<\/strong> (+25 for winning)\n|raw|razeycakes's rating: 1186 → 1161<\/strong> (-25 for losing)\n|l|\u2606razeycakes\n","uploadtime":1682888222,"views":5,"p1id":"steakman5","p2id":"razeycakes","formatid":"gen9vgc2023regulationc","rating":1161,"private":0,"password":""}