{"id":"gen9vgc2023regulationc-1851377741","p1":"Duecal1on","p2":"wolsmc","format":"[Gen 9] VGC 2023 Regulation C","log":"|j|\u2606Duecal1on\n|j|\u2606wolsmc\n|t:|1682440261\n|gametype|doubles\n|player|p1|Duecal1on|102|1178\n|player|p2|wolsmc|265|1210\n|teamsize|p1|6\n|teamsize|p2|6\n|gen|9\n|tier|[Gen 9] VGC 2023 Regulation C\n|rated|\n|rule|Species Clause: Limit one of each Pok\u00e9mon\n|rule|Item Clause: Limit one of each item\n|clearpoke\n|poke|p1|Palafin, L50, M|\n|poke|p1|Pelipper, L50, M|\n|poke|p1|Scizor, L50, M|\n|poke|p1|Arcanine, L50, M|\n|poke|p1|Dragonite, L50, F|\n|poke|p1|Chien-Pao, L50|\n|poke|p2|Ting-Lu, L50|\n|poke|p2|Chi-Yu, L50|\n|poke|p2|Flutter Mane, L50|\n|poke|p2|Baxcalibur, L50, M|\n|poke|p2|Amoonguss, L50, F|\n|poke|p2|Gyarados, L50, M|\n|teampreview|4\n|inactive|Battle timer is ON: inactive players will automatically lose when time's up. (requested by wolsmc)\nwolsmc rejected open team sheets.\n|\n|t:|1682440285\n|start\n|switch|p1a: Scizor|Scizor, L50, M|100\/100\n|switch|p1b: Dragonite|Dragonite, L50, F|100\/100\n|switch|p2a: Flutter Mane|Flutter Mane, L50|100\/100\n|switch|p2b: Chi-Yu|Chi-Yu, L50|100\/100\n|-ability|p2b: Chi-Yu|Beads of Ruin\n|turn|1\n|\n|t:|1682440307\n|-end|p2a: Flutter Mane|Protosynthesis|[silent]\n|switch|p2a: Gyarados|Gyarados, L50, M, shiny|100\/100\n|-ability|p2a: Gyarados|Intimidate|boost\n|-fail|p1a: Scizor|unboost|[from] item: Clear Amulet|[of] p1a: Scizor\n|-unboost|p1b: Dragonite|atk|1\n|switch|p1a: Pelipper|Pelipper, L50, M|100\/100\n|-weather|RainDance|[from] ability: Drizzle|[of] p1a: Pelipper\n|-terastallize|p2b: Chi-Yu|Ghost\n|-terastallize|p1b: Dragonite|Flying\n|move|p2b: Chi-Yu|Heat Wave|p1b: Dragonite|[spread] p1a,p1b\n|-resisted|p1a: Pelipper\n|-damage|p1a: Pelipper|80\/100\n|-damage|p1b: Dragonite|86\/100\n|-damage|p2b: Chi-Yu|90\/100|[from] item: Life Orb\n|move|p1b: Dragonite|Hurricane|p2b: Chi-Yu\n|-damage|p2b: Chi-Yu|0 fnt\n|faint|p2b: Chi-Yu\n|\n|-weather|RainDance|[upkeep]\n|upkeep\n|inactive|wolsmc has 30 seconds left.\n|\n|t:|1682440336\n|switch|p2b: Flutter Mane|Flutter Mane, L50|100\/100\n|turn|2\n|\n|t:|1682440342\n|move|p1a: Pelipper|Wide Guard|p1a: Pelipper\n|-singleturn|p1a: Pelipper|Wide Guard\n|move|p2b: Flutter Mane|Dazzling Gleam|p1b: Dragonite|[spread] \n|-activate|p1a: Pelipper|move: Wide Guard\n|-activate|p1b: Dragonite|move: Wide Guard\n|move|p2a: Gyarados|Waterfall|p1a: Pelipper\n|-resisted|p1a: Pelipper\n|-damage|p1a: Pelipper|54\/100\n|move|p1b: Dragonite|Thunder|p2a: Gyarados\n|-supereffective|p2a: Gyarados\n|-damage|p2a: Gyarados|0 fnt\n|faint|p2a: Gyarados\n|\n|-weather|RainDance|[upkeep]\n|upkeep\n|\n|t:|1682440354\n|switch|p2a: Ting-Lu|Ting-Lu, L50|100\/100\n|-ability|p2a: Ting-Lu|Vessel of Ruin\n|turn|3\n|\n|t:|1682440370\n|move|p2b: Flutter Mane|Dazzling Gleam|p1b: Dragonite|[spread] p1a,p1b\n|-damage|p1a: Pelipper|7\/100\n|-damage|p1b: Dragonite|50\/100\n|move|p1b: Dragonite|Hurricane|p2b: Flutter Mane\n|-damage|p2b: Flutter Mane|37\/100\n|move|p1a: Pelipper|Tailwind|p1a: Pelipper\n|-sidestart|p1: Duecal1on|move: Tailwind\n|move|p2a: Ting-Lu|Heavy Slam|p1a: Pelipper\n|-resisted|p1a: Pelipper\n|-damage|p1a: Pelipper|0 fnt\n|faint|p1a: Pelipper\n|\n|-weather|RainDance|[upkeep]\n|upkeep\n|\n|t:|1682440384\n|switch|p1a: Chien-Pao|Chien-Pao, L50|100\/100\n|-ability|p1a: Chien-Pao|Sword of Ruin\n|turn|4\n|\n|t:|1682440391\n|move|p1a: Chien-Pao|Ice Spinner|p2a: Ting-Lu\n|-supereffective|p2a: Ting-Lu\n|-damage|p2a: Ting-Lu|41\/100\n|move|p2b: Flutter Mane|Dazzling Gleam|p1b: Dragonite|[spread] p1a,p1b\n|-supereffective|p1a: Chien-Pao\n|-enditem|p1a: Chien-Pao|Focus Sash\n|-damage|p1a: Chien-Pao|1\/100\n|-damage|p1b: Dragonite|19\/100\n|move|p1b: Dragonite|Hurricane|p2b: Flutter Mane\n|-damage|p2b: Flutter Mane|0 fnt\n|faint|p2b: Flutter Mane\n|-end|p2b: Flutter Mane|Protosynthesis|[silent]\n|move|p2a: Ting-Lu|Heavy Slam|p1a: Chien-Pao\n|-supereffective|p1a: Chien-Pao\n|-damage|p1a: Chien-Pao|0 fnt\n|faint|p1a: Chien-Pao\n|\n|-weather|RainDance|[upkeep]\n|upkeep\n|\n|t:|1682440409\n|switch|p1a: Scizor|Scizor, L50, M|100\/100\n|turn|5\n|\n|t:|1682440417\n|move|p1a: Scizor|Feint|p2a: Ting-Lu\n|-damage|p2a: Ting-Lu|34\/100\n|move|p1b: Dragonite|Hurricane|p2a: Ting-Lu\n|-damage|p2a: Ting-Lu|2\/100\n|-start|p2a: Ting-Lu|confusion\n|-activate|p2a: Ting-Lu|confusion\n|move|p2a: Ting-Lu|Stomping Tantrum|p1a: Scizor\n|-damage|p1a: Scizor|59\/100\n|\n|-weather|RainDance|[upkeep]\n|upkeep\n|turn|6\n|\n|t:|1682440433\n|move|p1a: Scizor|Feint|p2a: Ting-Lu\n|-damage|p2a: Ting-Lu|0 fnt\n|faint|p2a: Ting-Lu\n|\n|win|Duecal1on\n|raw|Duecal1on's rating: 1178 → 1205<\/strong> (+27 for winning)\n|raw|wolsmc's rating: 1210 → 1183<\/strong> (-27 for losing)\n","uploadtime":1682440438,"views":7,"p1id":"duecal1on","p2id":"wolsmc","formatid":"gen9vgc2023regulationc","rating":1183,"private":0,"password":""}