{"id":"gen9vgc2023regulationc-1856973882","p1":"JashFromKC","p2":"ItzLuku","format":"[Gen 9] VGC 2023 Regulation C","log":"|j|\u2606JashFromKC\n|j|\u2606ItzLuku\n|t:|1683132292\n|gametype|doubles\n|player|p1|JashFromKC|gambler|1080\n|player|p2|ItzLuku|101|1078\n|teamsize|p1|6\n|teamsize|p2|6\n|gen|9\n|tier|[Gen 9] VGC 2023 Regulation C\n|rated|\n|rule|Species Clause: Limit one of each Pok\u00e9mon\n|rule|Item Clause: Limit one of each item\n|clearpoke\n|poke|p1|Ceruledge, L50, M|\n|poke|p1|Lycanroc, L50, M|\n|poke|p1|Tyranitar, L50, M|\n|poke|p1|Iron Bundle, L50|\n|poke|p1|Dragonite, L50, M|\n|poke|p1|Sylveon, L50, M|\n|poke|p2|Maushold-Four, L50|\n|poke|p2|Annihilape, L50, F|\n|poke|p2|Armarouge, L50, M|\n|poke|p2|Indeedee-F, L50, F|\n|poke|p2|Iron Bundle, L50|\n|poke|p2|Talonflame, L50, F|\n|teampreview|4\n|inactive|Battle timer is ON: inactive players will automatically lose when time's up. (requested by ItzLuku)\n|inactive|JashFromKC has 60 seconds left.\n|inactive|ItzLuku has 60 seconds left.\n|\n|t:|1683132324\n|start\n|switch|p1a: Lycanroc|Lycanroc, L50, M|100\/100\n|switch|p1b: Tyranitar|Tyranitar, L50, M|100\/100\n|switch|p2a: Maushold|Maushold-Four, L50|100\/100\n|switch|p2b: Annihilape|Annihilape, L50, F|100\/100\n|-weather|Sandstorm|[from] ability: Sand Stream|[of] p1b: Tyranitar\n|turn|1\n|inactive|JashFromKC has 30 seconds left.\n|inactive|ItzLuku has 30 seconds left.\n|inactive|JashFromKC has 20 seconds left.\n|inactive|JashFromKC has 15 seconds left.\n|\n|t:|1683132365\n|move|p1a: Lycanroc|Rock Slide|p2b: Annihilape|[spread] p2a,p2b\n|-crit|p2a: Maushold\n|-resisted|p2b: Annihilape\n|-damage|p2a: Maushold|45\/100\n|-damage|p2b: Annihilape|92\/100\n|move|p2a: Maushold|Super Fang|p1b: Tyranitar\n|-damage|p1b: Tyranitar|51\/100\n|cant|p2b: Annihilape|flinch\n|move|p1b: Tyranitar|Crunch|p2b: Annihilape\n|-damage|p2b: Annihilape|59\/100\n|\n|-weather|Sandstorm|[upkeep]\n|-damage|p2a: Maushold|39\/100|[from] Sandstorm\n|-damage|p2b: Annihilape|53\/100|[from] Sandstorm\n|-heal|p2b: Annihilape|59\/100|[from] item: Leftovers\n|upkeep\n|turn|2\n|inactive|JashFromKC has 30 seconds left.\n|inactive|JashFromKC has 20 seconds left.\n|\n|t:|1683132403\n|-terastallize|p1b: Tyranitar|Flying\n|move|p2a: Maushold|Protect|p2a: Maushold\n|-singleturn|p2a: Maushold|Protect\n|move|p1a: Lycanroc|Rock Slide|p2b: Annihilape|[spread] p2b\n|-activate|p2a: Maushold|move: Protect\n|-resisted|p2b: Annihilape\n|-damage|p2b: Annihilape|48\/100\n|move|p2b: Annihilape|Drain Punch|p1a: Lycanroc\n|-supereffective|p1a: Lycanroc\n|-enditem|p1a: Lycanroc|Focus Sash\n|-damage|p1a: Lycanroc|1\/100\n|-heal|p2b: Annihilape|83\/100|[from] drain|[of] p1a: Lycanroc\n|move|p1b: Tyranitar|Tera Blast|p2b: Annihilape\n|-supereffective|p2b: Annihilape\n|-damage|p2b: Annihilape|22\/100\n|\n|-weather|Sandstorm|[upkeep]\n|-damage|p2a: Maushold|33\/100|[from] Sandstorm\n|-damage|p2b: Annihilape|16\/100|[from] Sandstorm\n|-damage|p1b: Tyranitar|45\/100|[from] Sandstorm\n|-heal|p2b: Annihilape|22\/100|[from] item: Leftovers\n|upkeep\n|turn|3\n|inactive|JashFromKC has 30 seconds left.\n|\n|t:|1683132432\n|switch|p1b: Ceruledge|Ceruledge, L50, M|100\/100\n|move|p2b: Annihilape|Protect|p2b: Annihilape\n|-singleturn|p2b: Annihilape|Protect\n|move|p1a: Lycanroc|Rock Slide|p2a: Maushold|[spread] p2a\n|-activate|p2b: Annihilape|move: Protect\n|-damage|p2a: Maushold|0 fnt\n|faint|p2a: Maushold\n|\n|-weather|Sandstorm|[upkeep]\n|-damage|p2b: Annihilape|16\/100|[from] Sandstorm\n|-damage|p1b: Ceruledge|94\/100|[from] Sandstorm\n|-heal|p2b: Annihilape|22\/100|[from] item: Leftovers\n|upkeep\n|\n|t:|1683132444\n|switch|p2a: Iron Bundle|Iron Bundle, L50|100\/100\n|turn|4\n|\n|t:|1683132468\n|move|p2b: Annihilape|Protect||[still]\n|-fail|p2b: Annihilape\n|move|p1b: Ceruledge|Shadow Sneak|p2b: Annihilape\n|-supereffective|p2b: Annihilape\n|-damage|p2b: Annihilape|0 fnt\n|faint|p2b: Annihilape\n|move|p1a: Lycanroc|Close Combat|p2a: Iron Bundle\n|-supereffective|p2a: Iron Bundle\n|-crit|p2a: Iron Bundle\n|-damage|p2a: Iron Bundle|0 fnt\n|-unboost|p1a: Lycanroc|def|1\n|-unboost|p1a: Lycanroc|spd|1\n|faint|p2a: Iron Bundle\n|-end|p2a: Iron Bundle|Quark Drive|[silent]\n|\n|-weather|Sandstorm|[upkeep]\n|-damage|p1b: Ceruledge|88\/100|[from] Sandstorm\n|upkeep\n|\n|t:|1683132477\n|switch|p2b: Talonflame|Talonflame, L50, F|100\/100\n|turn|5\n|-message|ItzLuku forfeited.\n|\n|win|JashFromKC\n|raw|JashFromKC's rating: 1080 → 1110<\/strong> (+30 for winning)\n|raw|ItzLuku's rating: 1100 → 1074<\/strong> (-26 for losing)\n|l|\u2606ItzLuku\n","uploadtime":1683132533,"views":17,"p1id":"jashfromkc","p2id":"itzluku","formatid":"gen9vgc2023regulationc","rating":1074,"private":0,"password":""}