{"id":"gen9vgc2023regulationc-1845147991","p1":"ibi cho","p2":"PokemonPesticide","format":"[Gen 9] VGC 2023 Regulation C","log":"|j|\u2606ibi cho\n|j|\u2606PokemonPesticide\n|t:|1681689265\n|gametype|doubles\n|player|p1|ibi cho|lady-gen4|1207\n|player|p2|PokemonPesticide|rocketgrunt|1118\n|teamsize|p1|6\n|teamsize|p2|6\n|gen|9\n|tier|[Gen 9] VGC 2023 Regulation C\n|rated|\n|rule|Species Clause: Limit one of each Pok\u00e9mon\n|rule|Item Clause: Limit one of each item\n|clearpoke\n|poke|p1|Flutter Mane, L50|\n|poke|p1|Gothitelle, L50, F|\n|poke|p1|Arcanine, L50, F|\n|poke|p1|Wo-Chien, L50|\n|poke|p1|Palafin, L50, F|\n|poke|p1|Iron Hands, L50|\n|poke|p2|Seviper, L50, F|\n|poke|p2|Wo-Chien, L50|\n|poke|p2|Flutter Mane, L50|\n|poke|p2|Gyarados, L50, F|\n|poke|p2|Rabsca, L50, F|\n|poke|p2|Klefki, L50, F|\n|teampreview|4\n|\n|t:|1681689309\n|start\n|switch|p1a: Flutter Mane|Flutter Mane, L50|100\/100\n|switch|p1b: Gothitelle|Gothitelle, L50, F|100\/100\n|switch|p2a: Seviper|Seviper, L50, F|100\/100\n|switch|p2b: Wo-Chien|Wo-Chien, L50|100\/100\n|-ability|p2b: Wo-Chien|Tablets of Ruin\n|turn|1\n|\n|t:|1681689347\n|move|p1b: Gothitelle|Fake Out|p2a: Seviper\n|-damage|p2a: Seviper|94\/100\n|move|p1a: Flutter Mane|Moonblast|p2b: Wo-Chien\n|-supereffective|p2b: Wo-Chien\n|-damage|p2b: Wo-Chien|37\/100\n|move|p2b: Wo-Chien|Snarl|p1a: Flutter Mane|[spread] p1a,p1b\n|-supereffective|p1b: Gothitelle\n|-damage|p1a: Flutter Mane|84\/100\n|-damage|p1b: Gothitelle|79\/100\n|-unboost|p1a: Flutter Mane|spa|1\n|-unboost|p1b: Gothitelle|spa|1\n|cant|p2a: Seviper|flinch\n|\n|-heal|p2b: Wo-Chien|43\/100|[from] item: Leftovers\n|upkeep\n|turn|2\n|\n|t:|1681689373\n|move|p1a: Flutter Mane|Protect|p1a: Flutter Mane\n|-singleturn|p1a: Flutter Mane|Protect\n|move|p2b: Wo-Chien|Pollen Puff|p1b: Gothitelle\n|-supereffective|p1b: Gothitelle\n|-damage|p1b: Gothitelle|49\/100\n|-enditem|p1b: Gothitelle|Sitrus Berry|[eat]\n|-heal|p1b: Gothitelle|73\/100|[from] item: Sitrus Berry\n|move|p2a: Seviper|Poison Fang|p1b: Gothitelle\n|-damage|p1b: Gothitelle|59\/100\n|-status|p1b: Gothitelle|tox\n|move|p1b: Gothitelle|Psychic|p2a: Seviper\n|-supereffective|p2a: Seviper\n|-damage|p2a: Seviper|68\/100\n|\n|-heal|p2b: Wo-Chien|49\/100|[from] item: Leftovers\n|-damage|p1b: Gothitelle|53\/100 tox|[from] psn\n|upkeep\n|turn|3\n|\n|t:|1681689413\n|-end|p1a: Flutter Mane|Protosynthesis|[silent]\n|switch|p1a: Arcanine|Arcanine, L50, F|100\/100\n|-ability|p1a: Arcanine|Intimidate|boost\n|-unboost|p2a: Seviper|atk|1\n|-unboost|p2b: Wo-Chien|atk|1\n|move|p2b: Wo-Chien|Protect|p2b: Wo-Chien\n|-singleturn|p2b: Wo-Chien|Protect\n|move|p2a: Seviper|Wrap|p1b: Gothitelle\n|-damage|p1b: Gothitelle|51\/100 tox\n|-activate|p1b: Gothitelle|move: Wrap|[of] p2a: Seviper\n|move|p1b: Gothitelle|Psychic|p2a: Seviper\n|-supereffective|p2a: Seviper\n|-damage|p2a: Seviper|41\/100\n|\n|-heal|p2b: Wo-Chien|56\/100|[from] item: Leftovers\n|-damage|p1b: Gothitelle|38\/100 tox|[from] psn\n|-damage|p1b: Gothitelle|26\/100 tox|[from] move: Wrap|[partiallytrapped]\n|upkeep\n|turn|4\n|\n|t:|1681689443\n|-terastallize|p2b: Wo-Chien|Fire\n|move|p1a: Arcanine|Will-O-Wisp|p2b: Wo-Chien\n|-immune|p2b: Wo-Chien\n|move|p2b: Wo-Chien|Pollen Puff|p2a: Seviper\n|-heal|p2a: Seviper|91\/100\n|move|p2a: Seviper|Dig||[still]\n|-prepare|p2a: Seviper|Dig\n|move|p1b: Gothitelle|Psychic|p2a: Seviper|[miss]\n|-miss|p1b: Gothitelle|p2a: Seviper\n|\n|-heal|p2b: Wo-Chien|62\/100|[from] item: Leftovers\n|-damage|p1b: Gothitelle|7\/100 tox|[from] psn\n|-damage|p1b: Gothitelle|0 fnt|[from] move: Wrap|[partiallytrapped]\n|faint|p1b: Gothitelle\n|upkeep\n|\n|t:|1681689459\n|switch|p1b: Flutter Mane|Flutter Mane, L50|84\/100\n|turn|5\n|\n|t:|1681689473\n|move|p1b: Flutter Mane|Protect|p1b: Flutter Mane\n|-singleturn|p1b: Flutter Mane|Protect\n|move|p1a: Arcanine|Protect|p1a: Arcanine\n|-singleturn|p1a: Arcanine|Protect\n|move|p2b: Wo-Chien|Leech Seed|p1a: Arcanine\n|-activate|p1a: Arcanine|move: Protect\n|move|p2a: Seviper|Dig|p1a: Arcanine|[from]lockedmove\n|-activate|p1a: Arcanine|move: Protect\n|\n|-heal|p2b: Wo-Chien|68\/100|[from] item: Leftovers\n|upkeep\n|turn|6\n|\n|t:|1681689499\n|move|p1b: Flutter Mane|Shadow Ball|p2b: Wo-Chien\n|-damage|p2b: Wo-Chien|42\/100\n|move|p1a: Arcanine|Will-O-Wisp|p2a: Seviper\n|-status|p2a: Seviper|brn\n|move|p2b: Wo-Chien|Leech Seed|p1a: Arcanine\n|-start|p1a: Arcanine|move: Leech Seed\n|move|p2a: Seviper|Poison Fang|p1b: Flutter Mane\n|-damage|p1b: Flutter Mane|74\/100\n|-status|p1b: Flutter Mane|tox\n|\n|-heal|p2b: Wo-Chien|48\/100|[from] item: Leftovers\n|-activate|p2a: Seviper|ability: Shed Skin\n|-curestatus|p2a: Seviper|brn|[msg]\n|-damage|p1a: Arcanine|88\/100|[from] Leech Seed|[of] p2b: Wo-Chien\n|-heal|p2b: Wo-Chien|60\/100|[silent]\n|-damage|p1b: Flutter Mane|68\/100 tox|[from] psn\n|upkeep\n|turn|7\n|\n|t:|1681689523\n|switch|p1a: Wo-Chien|Wo-Chien, L50|100\/100\n|-ability|p1a: Wo-Chien|Tablets of Ruin\n|move|p1b: Flutter Mane|Shadow Ball|p2b: Wo-Chien\n|-damage|p2b: Wo-Chien|32\/100\n|move|p2b: Wo-Chien|Snarl|p1b: Flutter Mane|[spread] p1a,p1b\n|-resisted|p1a: Wo-Chien\n|-damage|p1a: Wo-Chien|95\/100\n|-damage|p1b: Flutter Mane|53\/100 tox\n|-unboost|p1a: Wo-Chien|spa|1\n|-unboost|p1b: Flutter Mane|spa|1\n|move|p2a: Seviper|Wrap|p1a: Wo-Chien\n|-damage|p1a: Wo-Chien|94\/100\n|-activate|p1a: Wo-Chien|move: Wrap|[of] p2a: Seviper\n|\n|-heal|p2b: Wo-Chien|38\/100|[from] item: Leftovers\n|-heal|p1a: Wo-Chien|99\/100|[from] item: Leftovers\n|-damage|p1b: Flutter Mane|41\/100 tox|[from] psn\n|-damage|p1a: Wo-Chien|87\/100|[from] move: Wrap|[partiallytrapped]\n|upkeep\n|turn|8\n|\n|t:|1681689547\n|move|p2b: Wo-Chien|Protect|p2b: Wo-Chien\n|-singleturn|p2b: Wo-Chien|Protect\n|move|p1b: Flutter Mane|Perish Song|p1b: Flutter Mane\n|-start|p1a: Wo-Chien|perish3|[silent]\n|-start|p1b: Flutter Mane|perish3|[silent]\n|-start|p2a: Seviper|perish3|[silent]\n|-start|p2b: Wo-Chien|perish3|[silent]\n|-fieldactivate|move: Perish Song\n|move|p1a: Wo-Chien|Leech Seed|p2a: Seviper\n|-start|p2a: Seviper|move: Leech Seed\n|move|p2a: Seviper|Poison Fang|p1a: Wo-Chien\n|-supereffective|p1a: Wo-Chien\n|-damage|p1a: Wo-Chien|75\/100\n|\n|-heal|p2b: Wo-Chien|44\/100|[from] item: Leftovers\n|-heal|p1a: Wo-Chien|81\/100|[from] item: Leftovers\n|-damage|p2a: Seviper|79\/100|[from] Leech Seed|[of] p1a: Wo-Chien\n|-heal|p1a: Wo-Chien|93\/100|[silent]\n|-damage|p1b: Flutter Mane|23\/100 tox|[from] psn\n|-damage|p1a: Wo-Chien|80\/100|[from] move: Wrap|[partiallytrapped]\n|-start|p1b: Flutter Mane|perish3\n|-start|p2b: Wo-Chien|perish3\n|-start|p1a: Wo-Chien|perish3\n|-start|p2a: Seviper|perish3\n|upkeep\n|turn|9\n|\n|t:|1681689588\n|move|p1b: Flutter Mane|Shadow Ball|p2b: Wo-Chien\n|-damage|p2b: Wo-Chien|24\/100\n|move|p2b: Wo-Chien|Pollen Puff|p2a: Seviper\n|-heal|p2a: Seviper|100\/100\n|move|p1a: Wo-Chien|Pollen Puff|p1b: Flutter Mane\n|-heal|p1b: Flutter Mane|72\/100 tox\n|move|p2a: Seviper|Poison Fang|p1a: Wo-Chien\n|-supereffective|p1a: Wo-Chien\n|-damage|p1a: Wo-Chien|68\/100\n|-status|p1a: Wo-Chien|tox\n|\n|-heal|p2b: Wo-Chien|30\/100|[from] item: Leftovers\n|-heal|p1a: Wo-Chien|74\/100 tox|[from] item: Leftovers\n|-damage|p2a: Seviper|88\/100|[from] Leech Seed|[of] p1a: Wo-Chien\n|-heal|p1a: Wo-Chien|85\/100 tox|[silent]\n|-damage|p1b: Flutter Mane|48\/100 tox|[from] psn\n|-damage|p1a: Wo-Chien|79\/100 tox|[from] psn\n|-damage|p1a: Wo-Chien|67\/100 tox|[from] move: Wrap|[partiallytrapped]\n|-start|p1b: Flutter Mane|perish2\n|-start|p2b: Wo-Chien|perish2\n|-start|p1a: Wo-Chien|perish2\n|-start|p2a: Seviper|perish2\n|upkeep\n|turn|10\n|\n|t:|1681689632\n|-end|p1b: Flutter Mane|Protosynthesis|[silent]\n|switch|p1b: Arcanine|Arcanine, L50, F|88\/100\n|-ability|p1b: Arcanine|Intimidate|boost\n|-unboost|p2a: Seviper|atk|1\n|-unboost|p2b: Wo-Chien|atk|1\n|switch|p2a: Flutter Mane|Flutter Mane, L50|100\/100\n|-enditem|p2a: Flutter Mane|Booster Energy\n|-activate|p2a: Flutter Mane|ability: Protosynthesis|[fromitem]\n|-start|p2a: Flutter Mane|protosynthesisspa\n|move|p2b: Wo-Chien|Pollen Puff|p1a: Wo-Chien\n|-supereffective|p1a: Wo-Chien\n|-damage|p1a: Wo-Chien|2\/100 tox\n|move|p1a: Wo-Chien|Pollen Puff|p1b: Arcanine\n|-heal|p1b: Arcanine|100\/100\n|\n|-heal|p2b: Wo-Chien|36\/100|[from] item: Leftovers\n|-heal|p1a: Wo-Chien|8\/100 tox|[from] item: Leftovers\n|-damage|p1a: Wo-Chien|0 fnt|[from] psn\n|faint|p1a: Wo-Chien\n|-start|p2b: Wo-Chien|perish1\n|upkeep\n|\n|t:|1681689652\n|switch|p1a: Flutter Mane|Flutter Mane, L50|48\/100 tox\n|turn|11\n|\n|t:|1681689686\n|move|p1a: Flutter Mane|Protect|p1a: Flutter Mane\n|-singleturn|p1a: Flutter Mane|Protect\n|move|p2a: Flutter Mane|Shadow Ball|p1a: Flutter Mane\n|-activate|p1a: Flutter Mane|move: Protect\n|move|p1b: Arcanine|Snarl|p2a: Flutter Mane|[spread] p2a\n|-miss|p1b: Arcanine|p2b: Wo-Chien\n|-damage|p2a: Flutter Mane|93\/100\n|-unboost|p2a: Flutter Mane|spa|1\n|move|p2b: Wo-Chien|Leech Seed|p1b: Arcanine\n|-start|p1b: Arcanine|move: Leech Seed\n|\n|-heal|p2b: Wo-Chien|43\/100|[from] item: Leftovers\n|-damage|p1b: Arcanine|88\/100|[from] Leech Seed|[of] p2b: Wo-Chien\n|-heal|p2b: Wo-Chien|55\/100|[silent]\n|-damage|p1a: Flutter Mane|42\/100 tox|[from] psn\n|-start|p2b: Wo-Chien|perish0\n|faint|p2b: Wo-Chien\n|upkeep\n|\n|t:|1681689718\n|switch|p2b: Seviper|Seviper, L50, F|88\/100\n|turn|12\n|\n|t:|1681689730\n|move|p1a: Flutter Mane|Shadow Ball|p2a: Flutter Mane\n|-supereffective|p2a: Flutter Mane\n|-damage|p2a: Flutter Mane|6\/100\n|move|p2a: Flutter Mane|Shadow Ball|p1a: Flutter Mane\n|-supereffective|p1a: Flutter Mane\n|-damage|p1a: Flutter Mane|0 fnt\n|faint|p1a: Flutter Mane\n|-end|p1a: Flutter Mane|Protosynthesis|[silent]\n|move|p1b: Arcanine|Flare Blitz|p2a: Flutter Mane\n|-damage|p2a: Flutter Mane|0 fnt\n|faint|p2a: Flutter Mane\n|-end|p2a: Flutter Mane|Protosynthesis|[silent]\n|-damage|p1b: Arcanine|87\/100|[from] Recoil\n|move|p2b: Seviper|Poison Fang|p1b: Arcanine\n|-damage|p1b: Arcanine|70\/100\n|\n|-damage|p1b: Arcanine|57\/100|[from] Leech Seed|[of] p2b: Seviper\n|-heal|p2b: Seviper|100\/100|[silent]\n|upkeep\n|\n|t:|1681689746\n|switch|p2a: Rabsca|Rabsca, L50, F, shiny|100\/100\n|turn|13\n|\n|t:|1681689753\n|move|p1b: Arcanine|Flare Blitz|p2a: Rabsca\n|-supereffective|p2a: Rabsca\n|-damage|p2a: Rabsca|5\/100\n|-damage|p1b: Arcanine|28\/100|[from] Recoil\n|move|p2b: Seviper|Dig||[still]\n|-prepare|p2b: Seviper|Dig\n|move|p2a: Rabsca|Revival Blessing|p2a: Rabsca\n|\n|t:|1681689759\n|-heal|p2: Wo-Chien|50\/100|[from] move: Revival Blessing\n|\n|-damage|p1b: Arcanine|16\/100|[from] Leech Seed|[of] p2b: Seviper\n|upkeep\n|turn|14\n|\n|t:|1681689768\n|move|p1b: Arcanine|Protect|p1b: Arcanine\n|-singleturn|p1b: Arcanine|Protect\n|move|p2b: Seviper|Dig|p1b: Arcanine|[from]lockedmove\n|-activate|p1b: Arcanine|move: Protect\n|move|p2a: Rabsca|Bug Buzz|p1b: Arcanine\n|-activate|p1b: Arcanine|move: Protect\n|\n|-damage|p1b: Arcanine|4\/100|[from] Leech Seed|[of] p2b: Seviper\n|upkeep\n|turn|15\n|-message|ibi cho forfeited.\n|\n|win|PokemonPesticide\n|raw|ibi cho's rating: 1207 → 1176<\/strong> (-31 for losing)\n|raw|PokemonPesticide's rating: 1118 → 1149<\/strong> (+31 for winning)\n|l|\u2606ibi cho\n","uploadtime":1681689786,"views":15,"p1id":"ibicho","p2id":"pokemonpesticide","formatid":"gen9vgc2023regulationc","rating":1149,"private":0,"password":""}