{"id":"gen9vgc2023regulationc-1862463701","p1":"LittlePak3","p2":"sotero23","format":"[Gen 9] VGC 2023 Regulation C","log":"|j|\u2606LittlePak3\n|j|\u2606sotero23\n|t:|1683890078\n|gametype|doubles\n|player|p1|LittlePak3|riley|1311\n|player|p2|sotero23|veteran|1363\n|teamsize|p1|6\n|teamsize|p2|6\n|gen|9\n|tier|[Gen 9] VGC 2023 Regulation C\n|rated|\n|rule|Species Clause: Limit one of each Pok\u00e9mon\n|rule|Item Clause: Limit one of each item\n|clearpoke\n|poke|p1|Flutter Mane, L50|\n|poke|p1|Palafin, L50, F|\n|poke|p1|Arcanine, L50, M|\n|poke|p1|Amoonguss, L50, M|\n|poke|p1|Ting-Lu, L50|\n|poke|p1|Baxcalibur, L50, M|\n|poke|p2|Gyarados, L50, F|\n|poke|p2|Murkrow, L50, F|\n|poke|p2|Great Tusk, L50|\n|poke|p2|Flutter Mane, L50|\n|poke|p2|Chi-Yu, L50|\n|poke|p2|Gholdengo, L50|\n|teampreview|4\n|\n|t:|1683890166\n|start\n|switch|p1a: Palafin|Palafin, L50, F|100\/100\n|switch|p1b: Baxcalibur|Baxcalibur, L50, M|100\/100\n|switch|p2a: Gyarados|Gyarados, L50, F|100\/100\n|switch|p2b: Gholdengo|Gholdengo, L50|100\/100\n|-ability|p2a: Gyarados|Intimidate|boost\n|-unboost|p1a: Palafin|atk|1\n|-unboost|p1b: Baxcalibur|atk|1\n|turn|1\n|\n|t:|1683890196\n|switch|p1b: Ting-Lu|Ting-Lu, L50|100\/100\n|-ability|p1b: Ting-Lu|Vessel of Ruin\n|move|p1a: Palafin|Protect|p1a: Palafin\n|-singleturn|p1a: Palafin|Protect\n|move|p2b: Gholdengo|Nasty Plot|p2b: Gholdengo\n|-boost|p2b: Gholdengo|spa|2\n|move|p2a: Gyarados|Thunder Wave|p1b: Ting-Lu\n|-immune|p1b: Ting-Lu\n|\n|upkeep\n|turn|2\n|\n|t:|1683890228\n|move|p1a: Palafin|Haze|p1a: Palafin\n|-clearallboost\n|move|p2b: Gholdengo|Shadow Ball|p1a: Palafin\n|-damage|p1a: Palafin|62\/100\n|move|p2a: Gyarados|Waterfall|p1b: Ting-Lu\n|-supereffective|p1b: Ting-Lu\n|-damage|p1b: Ting-Lu|63\/100\n|move|p1b: Ting-Lu|Stomping Tantrum|p2b: Gholdengo\n|-supereffective|p2b: Gholdengo\n|-damage|p2b: Gholdengo|38\/100\n|\n|-heal|p2b: Gholdengo|44\/100|[from] item: Leftovers\n|upkeep\n|turn|3\n|\n|t:|1683890256\n|detailschange|p1a: Palafin|Palafin-Hero, L50, F\n|switch|p1a: Baxcalibur|Baxcalibur, L50, M|100\/100\n|switch|p2a: Murkrow|Murkrow, L50, F|100\/100\n|move|p2b: Gholdengo|Protect|p2b: Gholdengo\n|-singleturn|p2b: Gholdengo|Protect\n|move|p1b: Ting-Lu|Stomping Tantrum|p2b: Gholdengo\n|-activate|p2b: Gholdengo|move: Protect\n|\n|-heal|p2b: Gholdengo|50\/100|[from] item: Leftovers\n|upkeep\n|turn|4\n|\n|t:|1683890290\n|switch|p2a: Gyarados|Gyarados, L50, F|100\/100\n|-ability|p2a: Gyarados|Intimidate|boost\n|-unboost|p1a: Baxcalibur|atk|1\n|-unboost|p1b: Ting-Lu|atk|1\n|-terastallize|p2b: Gholdengo|Water\n|move|p2b: Gholdengo|Nasty Plot|p2b: Gholdengo\n|-boost|p2b: Gholdengo|spa|2\n|move|p1a: Baxcalibur|Icicle Spear|p2a: Gyarados\n|-damage|p2a: Gyarados|89\/100\n|-damage|p2a: Gyarados|79\/100\n|-damage|p2a: Gyarados|69\/100\n|-damage|p2a: Gyarados|58\/100\n|-hitcount|p2a: Gyarados|4\n|move|p1b: Ting-Lu|Stomping Tantrum|p2b: Gholdengo\n|-crit|p2b: Gholdengo\n|-damage|p2b: Gholdengo|2\/100\n|\n|-heal|p2b: Gholdengo|8\/100|[from] item: Leftovers\n|upkeep\n|turn|5\n|\n|t:|1683890344\n|-terastallize|p1a: Baxcalibur|Flying\n|move|p2b: Gholdengo|Protect|p2b: Gholdengo\n|-singleturn|p2b: Gholdengo|Protect\n|move|p1a: Baxcalibur|Icicle Spear|p2a: Gyarados\n|-damage|p2a: Gyarados|48\/100\n|-enditem|p2a: Gyarados|Sitrus Berry|[eat]\n|-heal|p2a: Gyarados|73\/100|[from] item: Sitrus Berry\n|-damage|p2a: Gyarados|63\/100\n|-damage|p2a: Gyarados|52\/100\n|-damage|p2a: Gyarados|42\/100\n|-damage|p2a: Gyarados|32\/100\n|-hitcount|p2a: Gyarados|5\n|move|p2a: Gyarados|Waterfall|p1b: Ting-Lu\n|-supereffective|p1b: Ting-Lu\n|-damage|p1b: Ting-Lu|20\/100\n|move|p1b: Ting-Lu|Stomping Tantrum|p2b: Gholdengo\n|-activate|p2b: Gholdengo|move: Protect\n|\n|-heal|p2b: Gholdengo|14\/100|[from] item: Leftovers\n|upkeep\n|turn|6\n|\n|t:|1683890379\n|switch|p1b: Palafin|Palafin-Hero, L50, F|62\/100\n|-activate|p1b: Palafin|ability: Zero to Hero\n|move|p2a: Gyarados|Protect|p2a: Gyarados\n|-singleturn|p2a: Gyarados|Protect\n|move|p2b: Gholdengo|Make It Rain|p1b: Palafin|[spread] p1a,p1b\n|-resisted|p1b: Palafin\n|-damage|p1a: Baxcalibur|7\/100\n|-damage|p1b: Palafin|23\/100\n|-unboost|p2b: Gholdengo|spa|1\n|move|p1a: Baxcalibur|Icicle Spear|p2a: Gyarados\n|-activate|p2a: Gyarados|move: Protect\n|\n|-heal|p2b: Gholdengo|20\/100|[from] item: Leftovers\n|upkeep\n|turn|7\n|\n|t:|1683890429\n|switch|p2a: Great Tusk|Great Tusk, L50|100\/100\n|move|p2b: Gholdengo|Protect|p2b: Gholdengo\n|-singleturn|p2b: Gholdengo|Protect\n|move|p1b: Palafin|Jet Punch|p2b: Gholdengo\n|-activate|p2b: Gholdengo|move: Protect\n|move|p1a: Baxcalibur|Icicle Spear|p2a: Great Tusk\n|-supereffective|p2a: Great Tusk\n|-damage|p2a: Great Tusk|82\/100\n|-supereffective|p2a: Great Tusk\n|-damage|p2a: Great Tusk|66\/100\n|-supereffective|p2a: Great Tusk\n|-damage|p2a: Great Tusk|50\/100\n|-supereffective|p2a: Great Tusk\n|-damage|p2a: Great Tusk|31\/100\n|-hitcount|p2a: Great Tusk|4\n|\n|-heal|p2b: Gholdengo|27\/100|[from] item: Leftovers\n|upkeep\n|turn|8\n|\n|t:|1683890494\n|-end|p2a: Great Tusk|Protosynthesis|[silent]\n|switch|p2a: Gyarados|Gyarados, L50, F|32\/100\n|-ability|p2a: Gyarados|Intimidate|boost\n|-unboost|p1a: Baxcalibur|atk|1\n|-unboost|p1b: Palafin|atk|1\n|move|p1b: Palafin|Jet Punch|p2b: Gholdengo\n|-resisted|p2b: Gholdengo\n|-damage|p2b: Gholdengo|14\/100\n|move|p1a: Baxcalibur|Ice Shard|p2a: Gyarados\n|-damage|p2a: Gyarados|21\/100\n|move|p2b: Gholdengo|Make It Rain|p1b: Palafin|[spread] p1a,p1b\n|-resisted|p1b: Palafin\n|-damage|p1a: Baxcalibur|0 fnt\n|-damage|p1b: Palafin|0 fnt\n|-unboost|p2b: Gholdengo|spa|1\n|faint|p1a: Baxcalibur\n|faint|p1b: Palafin\n|\n|-heal|p2b: Gholdengo|20\/100|[from] item: Leftovers\n|upkeep\n|\n|t:|1683890513\n|switch|p1b: Ting-Lu|Ting-Lu, L50|20\/100\n|switch|p1a: \u9b4d\u9b4e|Flutter Mane, L50|100\/100\n|-ability|p1b: Ting-Lu|Vessel of Ruin\n|turn|9\n|\n|t:|1683890533\n|move|p2b: Gholdengo|Protect|p2b: Gholdengo\n|-singleturn|p2b: Gholdengo|Protect\n|move|p1a: \u9b4d\u9b4e|Dazzling Gleam|p2a: Gyarados|[spread] p2a\n|-activate|p2b: Gholdengo|move: Protect\n|-damage|p2a: Gyarados|0 fnt\n|faint|p2a: Gyarados\n|move|p1b: Ting-Lu|Ruination|p2b: Gholdengo\n|-activate|p2b: Gholdengo|move: Protect\n|\n|-heal|p2b: Gholdengo|26\/100|[from] item: Leftovers\n|upkeep\n|\n|t:|1683890543\n|switch|p2a: Murkrow|Murkrow, L50, F|100\/100\n|turn|10\n|\n|t:|1683890563\n|move|p2a: Murkrow|Tailwind|p2a: Murkrow\n|-sidestart|p2: sotero23|move: Tailwind\n|move|p2b: Gholdengo|Make It Rain|p1a: \u9b4d\u9b4e|[spread] p1a,p1b\n|-supereffective|p1a: \u9b4d\u9b4e\n|-damage|p1a: \u9b4d\u9b4e|43\/100\n|-damage|p1b: Ting-Lu|4\/100\n|-unboost|p2b: Gholdengo|spa|1\n|move|p1a: \u9b4d\u9b4e|Dazzling Gleam|p2b: Gholdengo|[spread] p2a,p2b\n|-supereffective|p2a: Murkrow\n|-damage|p2a: Murkrow|35\/100\n|-damage|p2b: Gholdengo|0 fnt\n|faint|p2b: Gholdengo\n|move|p1b: Ting-Lu|Stomping Tantrum|p2a: Murkrow\n|-immune|p2a: Murkrow\n|\n|upkeep\n|\n|t:|1683890572\n|switch|p2b: Great Tusk|Great Tusk, L50|31\/100\n|turn|11\n|\n|t:|1683890588\n|move|p2b: Great Tusk|Earthquake|p1b: Ting-Lu|[spread] p1a,p1b\n|-immune|p2a: Murkrow\n|-damage|p1a: \u9b4d\u9b4e|0 fnt\n|-damage|p1b: Ting-Lu|0 fnt\n|faint|p1a: \u9b4d\u9b4e\n|-end|p1a: \u9b4d\u9b4e|Protosynthesis|[silent]\n|faint|p1b: Ting-Lu\n|\n|win|sotero23\n|raw|LittlePak3's rating: 1311 → 1294<\/strong> (-17 for losing)\n|raw|sotero23's rating: 1363 → 1380<\/strong> (+17 for winning)\n|l|\u2606LittlePak3\n","uploadtime":1683890667,"views":14,"p1id":"littlepak3","p2id":"sotero23","formatid":"gen9vgc2023regulationc","rating":1294,"private":0,"password":""}