{"id":"gen9vgc2023regulationc-1846788943","p1":"Cat Scottish Fold","p2":"gnblr","format":"[Gen 9] VGC 2023 Regulation C","log":"|j|\u2606Cat Scottish Fold\n|j|\u2606gnblr\n|t:|1681879558\n|gametype|doubles\n|player|p1|Cat Scottish Fold|dawn-gen4pt|1332\n|player|p2|gnblr|brycenman|1266\n|teamsize|p1|6\n|teamsize|p2|6\n|gen|9\n|tier|[Gen 9] VGC 2023 Regulation C\n|rated|\n|rule|Species Clause: Limit one of each Pok\u00e9mon\n|rule|Item Clause: Limit one of each item\n|clearpoke\n|poke|p1|Talonflame, L50, F|\n|poke|p1|Garchomp, L50, F|\n|poke|p1|Iron Bundle, L50|\n|poke|p1|Flutter Mane, L50|\n|poke|p1|Kingambit, L50, F|\n|poke|p1|Amoonguss, L50, F|\n|poke|p2|Ting-Lu, L50|\n|poke|p2|Amoonguss, L50, F|\n|poke|p2|Arcanine, L50, M|\n|poke|p2|Flutter Mane, L50|\n|poke|p2|Palafin, L50, M|\n|poke|p2|Baxcalibur, L50, M|\n|teampreview|4\ngnblr has agreed to open team sheets.\n|\n|t:|1681879587\n|start\n|switch|p1a: \u30d5\u30a1\u30a4\u30a2\u30ed\u30fc|Talonflame, L50, F|100\/100\n|switch|p1b: \u30c9\u30c9\u30b2\u30b6\u30f3|Kingambit, L50, F|100\/100\n|switch|p2a: Flutter Mane|Flutter Mane, L50|100\/100\n|switch|p2b: Palafin|Palafin, L50, M|100\/100\n|-enditem|p2a: Flutter Mane|Booster Energy\n|-activate|p2a: Flutter Mane|ability: Protosynthesis|[fromitem]\n|-start|p2a: Flutter Mane|protosynthesisspa\n|turn|1\n|\n|t:|1681879623\n|switch|p1a: \u30e2\u30ed\u30d0\u30ec\u30eb|Amoonguss, L50, F, shiny|100\/100\n|detailschange|p2b: Palafin|Palafin-Hero, L50, M\n|switch|p2b: Ting-Lu|Ting-Lu, L50|100\/100\n|-ability|p2b: Ting-Lu|Vessel of Ruin\n|move|p2a: Flutter Mane|Substitute|p2a: Flutter Mane\n|-start|p2a: Flutter Mane|Substitute\n|-damage|p2a: Flutter Mane|76\/100\n|move|p1b: \u30c9\u30c9\u30b2\u30b6\u30f3|Kowtow Cleave|p2b: Ting-Lu\n|-resisted|p2b: Ting-Lu\n|-damage|p2b: Ting-Lu|86\/100\n|\n|upkeep\n|turn|2\n|\n|t:|1681879645\n|switch|p1b: \u30d5\u30a1\u30a4\u30a2\u30ed\u30fc|Talonflame, L50, F|100\/100\n|move|p2a: Flutter Mane|Moonblast|p1b: \u30d5\u30a1\u30a4\u30a2\u30ed\u30fc\n|-resisted|p1b: \u30d5\u30a1\u30a4\u30a2\u30ed\u30fc\n|-damage|p1b: \u30d5\u30a1\u30a4\u30a2\u30ed\u30fc|69\/100\n|move|p2b: Ting-Lu|Stomping Tantrum|p1b: \u30d5\u30a1\u30a4\u30a2\u30ed\u30fc\n|-immune|p1b: \u30d5\u30a1\u30a4\u30a2\u30ed\u30fc\n|move|p1a: \u30e2\u30ed\u30d0\u30ec\u30eb|Spore|p2b: Ting-Lu\n|-status|p2b: Ting-Lu|slp|[from] move: Spore\n|\n|upkeep\n|turn|3\n|\n|t:|1681879667\n|move|p2a: Flutter Mane|Shadow Ball|p1a: \u30e2\u30ed\u30d0\u30ec\u30eb\n|-damage|p1a: \u30e2\u30ed\u30d0\u30ec\u30eb|72\/100\n|move|p1b: \u30d5\u30a1\u30a4\u30a2\u30ed\u30fc|Brave Bird|p2a: Flutter Mane\n|-end|p2a: Flutter Mane|Substitute\n|-damage|p1b: \u30d5\u30a1\u30a4\u30a2\u30ed\u30fc|63\/100|[from] Recoil|[of] p2a: Flutter Mane\n|cant|p2b: Ting-Lu|slp\n|move|p1a: \u30e2\u30ed\u30d0\u30ec\u30eb|Pollen Puff|p1b: \u30d5\u30a1\u30a4\u30a2\u30ed\u30fc\n|-heal|p1b: \u30d5\u30a1\u30a4\u30a2\u30ed\u30fc|100\/100\n|\n|upkeep\n|turn|4\n|\n|t:|1681879685\n|move|p2a: Flutter Mane|Protect|p2a: Flutter Mane\n|-singleturn|p2a: Flutter Mane|Protect\n|move|p1b: \u30d5\u30a1\u30a4\u30a2\u30ed\u30fc|Brave Bird|p2a: Flutter Mane\n|-activate|p2a: Flutter Mane|move: Protect\n|cant|p2b: Ting-Lu|slp\n|move|p1a: \u30e2\u30ed\u30d0\u30ec\u30eb|Spore|p2b: Ting-Lu\n|-fail|p2b: Ting-Lu|slp\n|\n|upkeep\n|turn|5\n|\n|t:|1681879720\n|-end|p2a: Flutter Mane|Protosynthesis|[silent]\n|switch|p2a: Palafin|Palafin-Hero, L50, M|100\/100\n|-activate|p2a: Palafin|ability: Zero to Hero\n|move|p1b: \u30d5\u30a1\u30a4\u30a2\u30ed\u30fc|Brave Bird|p2a: Palafin\n|-damage|p2a: Palafin|65\/100\n|-damage|p1b: \u30d5\u30a1\u30a4\u30a2\u30ed\u30fc|88\/100|[from] Recoil\n|-curestatus|p2b: Ting-Lu|slp|[msg]\n|move|p2b: Ting-Lu|Fissure|p1a: \u30e2\u30ed\u30d0\u30ec\u30eb|[miss]\n|-miss|p2b: Ting-Lu|p1a: \u30e2\u30ed\u30d0\u30ec\u30eb\n|move|p1a: \u30e2\u30ed\u30d0\u30ec\u30eb|Spore|p2b: Ting-Lu\n|-status|p2b: Ting-Lu|slp|[from] move: Spore\n|\n|upkeep\n|turn|6\n|\n|t:|1681879741\n|-terastallize|p2a: Palafin|Water\n|move|p1a: \u30e2\u30ed\u30d0\u30ec\u30eb|Rage Powder|p1a: \u30e2\u30ed\u30d0\u30ec\u30eb\n|-singleturn|p1a: \u30e2\u30ed\u30d0\u30ec\u30eb|move: Rage Powder\n|move|p2a: Palafin|Jet Punch|p1a: \u30e2\u30ed\u30d0\u30ec\u30eb\n|-resisted|p1a: \u30e2\u30ed\u30d0\u30ec\u30eb\n|-damage|p1a: \u30e2\u30ed\u30d0\u30ec\u30eb|41\/100\n|-enditem|p1a: \u30e2\u30ed\u30d0\u30ec\u30eb|Sitrus Berry|[eat]\n|-heal|p1a: \u30e2\u30ed\u30d0\u30ec\u30eb|66\/100|[from] item: Sitrus Berry\n|move|p1b: \u30d5\u30a1\u30a4\u30a2\u30ed\u30fc|Will-O-Wisp|p2a: Palafin\n|-status|p2a: Palafin|brn\n|cant|p2b: Ting-Lu|slp\n|\n|-damage|p2a: Palafin|59\/100 brn|[from] brn\n|upkeep\n|turn|7\n|\n|t:|1681879770\n|switch|p1b: \u30c6\u30c4\u30ce\u30c4\u30c4\u30df|Iron Bundle, L50, shiny|100\/100\n|-enditem|p1b: \u30c6\u30c4\u30ce\u30c4\u30c4\u30df|Booster Energy\n|-activate|p1b: \u30c6\u30c4\u30ce\u30c4\u30c4\u30df|ability: Quark Drive|[fromitem]\n|-start|p1b: \u30c6\u30c4\u30ce\u30c4\u30c4\u30df|quarkdrivespe\n|move|p2a: Palafin|Wave Crash|p1a: \u30e2\u30ed\u30d0\u30ec\u30eb\n|-resisted|p1a: \u30e2\u30ed\u30d0\u30ec\u30eb\n|-damage|p1a: \u30e2\u30ed\u30d0\u30ec\u30eb|34\/100\n|-damage|p2a: Palafin|47\/100 brn|[from] Recoil\n|-curestatus|p2b: Ting-Lu|slp|[msg]\n|move|p2b: Ting-Lu|Heavy Slam|p1b: \u30c6\u30c4\u30ce\u30c4\u30c4\u30df\n|-damage|p1b: \u30c6\u30c4\u30ce\u30c4\u30c4\u30df|69\/100\n|move|p1a: \u30e2\u30ed\u30d0\u30ec\u30eb|Pollen Puff|p1b: \u30c6\u30c4\u30ce\u30c4\u30c4\u30df\n|-heal|p1b: \u30c6\u30c4\u30ce\u30c4\u30c4\u30df|100\/100\n|\n|-damage|p2a: Palafin|41\/100 brn|[from] brn\n|upkeep\n|turn|8\n|\n|t:|1681879800\n|move|p1b: \u30c6\u30c4\u30ce\u30c4\u30c4\u30df|Freeze-Dry|p2a: Palafin\n|-supereffective|p2a: Palafin\n|-damage|p2a: Palafin|0 fnt\n|faint|p2a: Palafin\n|move|p2b: Ting-Lu|Stomping Tantrum|p1a: \u30e2\u30ed\u30d0\u30ec\u30eb\n|-damage|p1a: \u30e2\u30ed\u30d0\u30ec\u30eb|6\/100\n|move|p1a: \u30e2\u30ed\u30d0\u30ec\u30eb|Spore|p2b: Ting-Lu\n|-status|p2b: Ting-Lu|slp|[from] move: Spore\n|\n|upkeep\n|\n|t:|1681879804\n|switch|p2a: Baxcalibur|Baxcalibur, L50, M, shiny|100\/100\n|turn|9\n|\n|t:|1681879816\n|switch|p1a: \u30c9\u30c9\u30b2\u30b6\u30f3|Kingambit, L50, F|100\/100\n|move|p2a: Baxcalibur|Ice Shard|p1a: \u30c9\u30c9\u30b2\u30b6\u30f3\n|-resisted|p1a: \u30c9\u30c9\u30b2\u30b6\u30f3\n|-damage|p1a: \u30c9\u30c9\u30b2\u30b6\u30f3|91\/100\n|move|p1b: \u30c6\u30c4\u30ce\u30c4\u30c4\u30df|Hydro Pump|p2b: Ting-Lu\n|-supereffective|p2b: Ting-Lu\n|-damage|p2b: Ting-Lu|59\/100 slp\n|cant|p2b: Ting-Lu|slp\n|\n|upkeep\n|turn|10\n|\n|t:|1681879833\n|move|p1b: \u30c6\u30c4\u30ce\u30c4\u30c4\u30df|Hydro Pump|p2b: Ting-Lu|[miss]\n|-miss|p1b: \u30c6\u30c4\u30ce\u30c4\u30c4\u30df|p2b: Ting-Lu\n|move|p2a: Baxcalibur|Glaive Rush|p1b: \u30c6\u30c4\u30ce\u30c4\u30c4\u30df\n|-damage|p1b: \u30c6\u30c4\u30ce\u30c4\u30c4\u30df|24\/100\n|-singlemove|p2a: Baxcalibur|Glaive Rush|[silent]\n|move|p1a: \u30c9\u30c9\u30b2\u30b6\u30f3|Iron Head|p2a: Baxcalibur\n|-supereffective|p2a: Baxcalibur\n|-damage|p2a: Baxcalibur|0 fnt\n|faint|p2a: Baxcalibur\n|cant|p2b: Ting-Lu|slp\n|\n|upkeep\n|\n|t:|1681879841\n|switch|p2a: Flutter Mane|Flutter Mane, L50|76\/100\n|turn|11\n|\n|t:|1681879873\n|move|p2a: Flutter Mane|Protect|p2a: Flutter Mane\n|-singleturn|p2a: Flutter Mane|Protect\n|move|p1b: \u30c6\u30c4\u30ce\u30c4\u30c4\u30df|Icy Wind|p2a: Flutter Mane|[spread] p2b\n|-activate|p2a: Flutter Mane|move: Protect\n|-supereffective|p2b: Ting-Lu\n|-damage|p2b: Ting-Lu|50\/100 slp\n|-unboost|p2b: Ting-Lu|spe|1\n|move|p1a: \u30c9\u30c9\u30b2\u30b6\u30f3|Iron Head|p2b: Ting-Lu\n|-damage|p2b: Ting-Lu|24\/100 slp\n|-curestatus|p2b: Ting-Lu|slp|[msg]\n|move|p2b: Ting-Lu|Stomping Tantrum|p1a: \u30c9\u30c9\u30b2\u30b6\u30f3\n|-supereffective|p1a: \u30c9\u30c9\u30b2\u30b6\u30f3\n|-damage|p1a: \u30c9\u30c9\u30b2\u30b6\u30f3|7\/100\n|\n|upkeep\n|turn|12\n|\n|t:|1681879922\n|move|p1b: \u30c6\u30c4\u30ce\u30c4\u30c4\u30df|Protect|p1b: \u30c6\u30c4\u30ce\u30c4\u30c4\u30df\n|-singleturn|p1b: \u30c6\u30c4\u30ce\u30c4\u30c4\u30df|Protect\n|move|p2a: Flutter Mane|Shadow Ball|p1a: \u30c9\u30c9\u30b2\u30b6\u30f3\n|-resisted|p1a: \u30c9\u30c9\u30b2\u30b6\u30f3\n|-damage|p1a: \u30c9\u30c9\u30b2\u30b6\u30f3|0 fnt\n|faint|p1a: \u30c9\u30c9\u30b2\u30b6\u30f3\n|move|p2b: Ting-Lu|Stomping Tantrum|p1b: \u30c6\u30c4\u30ce\u30c4\u30c4\u30df\n|-activate|p1b: \u30c6\u30c4\u30ce\u30c4\u30c4\u30df|move: Protect\n|\n|upkeep\n|\n|t:|1681879928\n|switch|p1a: \u30d5\u30a1\u30a4\u30a2\u30ed\u30fc|Talonflame, L50, F|88\/100\n|turn|13\n|\n|t:|1681879947\n|move|p2a: Flutter Mane|Protect|p2a: Flutter Mane\n|-singleturn|p2a: Flutter Mane|Protect\n|move|p1b: \u30c6\u30c4\u30ce\u30c4\u30c4\u30df|Icy Wind|p2a: Flutter Mane|[spread] p2b\n|-activate|p2a: Flutter Mane|move: Protect\n|-supereffective|p2b: Ting-Lu\n|-damage|p2b: Ting-Lu|14\/100\n|-unboost|p2b: Ting-Lu|spe|1\n|move|p1a: \u30d5\u30a1\u30a4\u30a2\u30ed\u30fc|Brave Bird|p2b: Ting-Lu\n|-damage|p2b: Ting-Lu|0 fnt\n|faint|p2b: Ting-Lu\n|-damage|p1a: \u30d5\u30a1\u30a4\u30a2\u30ed\u30fc|82\/100|[from] Recoil\n|\n|upkeep\n|turn|14\n|\n|t:|1681879964\n|move|p1b: \u30c6\u30c4\u30ce\u30c4\u30c4\u30df|Icy Wind|p2a: Flutter Mane\n|-damage|p2a: Flutter Mane|54\/100\n|-unboost|p2a: Flutter Mane|spe|1\n|move|p1a: \u30d5\u30a1\u30a4\u30a2\u30ed\u30fc|Brave Bird|p2a: Flutter Mane\n|-damage|p2a: Flutter Mane|0 fnt\n|faint|p2a: Flutter Mane\n|-end|p2a: Flutter Mane|Protosynthesis|[silent]\n|-damage|p1a: \u30d5\u30a1\u30a4\u30a2\u30ed\u30fc|69\/100|[from] Recoil\n|\n|win|Cat Scottish Fold\n|raw|Cat Scottish Fold's rating: 1332 → 1348<\/strong> (+16 for winning)\n|raw|gnblr's rating: 1266 → 1246<\/strong> (-20 for losing)\n|l|\u2606gnblr\n","uploadtime":1681879972,"views":7,"p1id":"catscottishfold","p2id":"gnblr","formatid":"gen9vgc2023regulationc","rating":1246,"private":0,"password":""}