{"id":"gen9vgc2023regulationc-1845156550","p1":"KnickNom","p2":"KrisKiwii","format":"[Gen 9] VGC 2023 Regulation C","log":"|j|\u2606KnickNom\n|j|\u2606KrisKiwii\n|t:|1681690312\n|gametype|doubles\n|player|p1|KnickNom|leon|\n|player|p2|KrisKiwii|doubleteam|\n|teamsize|p1|6\n|teamsize|p2|6\n|gen|9\n|tier|[Gen 9] VGC 2023 Regulation C\n|rule|Species Clause: Limit one of each Pok\u00e9mon\n|rule|Item Clause: Limit one of each item\n|clearpoke\n|poke|p1|Slither Wing, L50|\n|poke|p1|Torkoal, L50, F|\n|poke|p1|Chien-Pao, L50|\n|poke|p1|Great Tusk, L50|\n|poke|p1|Flutter Mane, L50|\n|poke|p1|Dragonite, L50, F|\n|poke|p2|Tatsugiri-Stretchy, L50, F|\n|poke|p2|Dondozo, L50, F|\n|poke|p2|Volcarona, L50, F|\n|poke|p2|Annihilape, L50, M|\n|poke|p2|Flutter Mane, L50|\n|poke|p2|Maushold, L50|\n|teampreview|4\n|c|\u2606KrisKiwii|g2 :D\n|j| spazime\n|inactive|Battle timer is ON: inactive players will automatically lose when time's up. (requested by KnickNom)\n|\n|t:|1681690746\n|start\n|switch|p1a: Torkoal|Torkoal, L50, F|100\/100\n|switch|p1b: Slither Wing|Slither Wing, L50|100\/100\n|switch|p2a: Volcarona|Volcarona, L50, F|100\/100\n|switch|p2b: Annihilape|Annihilape, L50, M|100\/100\n|-weather|SunnyDay|[from] ability: Drought|[of] p1a: Torkoal\n|-activate|p1b: Slither Wing|ability: Protosynthesis\n|-start|p1b: Slither Wing|protosynthesisatk\n|turn|1\n|inactive|KrisKiwii has 30 seconds left.\n|\n|t:|1681690772\n|-terastallize|p2b: Annihilape|Fire\n|move|p2a: Volcarona|Rage Powder|p2a: Volcarona\n|-singleturn|p2a: Volcarona|move: Rage Powder\n|move|p2b: Annihilape|Bulk Up|p2b: Annihilape\n|-boost|p2b: Annihilape|atk|1\n|-boost|p2b: Annihilape|def|1\n|move|p1b: Slither Wing|Close Combat|p2a: Volcarona\n|-resisted|p2a: Volcarona\n|-damage|p2a: Volcarona|24\/100\n|-unboost|p1b: Slither Wing|def|1\n|-unboost|p1b: Slither Wing|spd|1\n|move|p1a: Torkoal|Eruption|p2a: Volcarona|[spread] p2a,p2b\n|-resisted|p2b: Annihilape\n|-damage|p2a: Volcarona|0 fnt\n|-damage|p2b: Annihilape|66\/100\n|faint|p2a: Volcarona\n|\n|-weather|SunnyDay|[upkeep]\n|upkeep\n|j| Bostonl1\n|j| ErryUnregistered\n|\n|t:|1681690789\n|switch|p2a: Flutter Mane|Flutter Mane, L50|100\/100\n|-activate|p2a: Flutter Mane|ability: Protosynthesis\n|-start|p2a: Flutter Mane|protosynthesisspe\n|turn|2\n|inactive|KnickNom has 30 seconds left.\n|inactive|KrisKiwii has 30 seconds left.\n|\n|t:|1681690817\n|-terastallize|p1b: Slither Wing|Fire\n|move|p2a: Flutter Mane|Moonblast|p1b: Slither Wing\n|-resisted|p1b: Slither Wing\n|-damage|p1b: Slither Wing|71\/100\n|-damage|p2a: Flutter Mane|90\/100|[from] item: Life Orb\n|move|p2b: Annihilape|Rage Fist|p1a: Torkoal\n|-damage|p1a: Torkoal|47\/100\n|move|p1b: Slither Wing|Flare Blitz|p2a: Flutter Mane\n|-damage|p2a: Flutter Mane|0 fnt\n|faint|p2a: Flutter Mane\n|-end|p2a: Flutter Mane|Protosynthesis|[silent]\n|-damage|p1b: Slither Wing|50\/100|[from] Recoil\n|move|p1a: Torkoal|Earth Power|p2b: Annihilape\n|-supereffective|p2b: Annihilape\n|-damage|p2b: Annihilape|22\/100\n|\n|-weather|SunnyDay|[upkeep]\n|upkeep\n|\n|t:|1681690828\n|switch|p2a: Tatsugiri|Tatsugiri-Stretchy, L50, F|100\/100\n|turn|3\n|inactive|KnickNom has 30 seconds left.\n|\n|t:|1681690856\n|-end|p1b: Slither Wing|Protosynthesis|[silent]\n|switch|p1b: Great Tusk|Great Tusk, L50|100\/100\n|-activate|p1b: Great Tusk|ability: Protosynthesis\n|-start|p1b: Great Tusk|protosynthesisatk\n|move|p2a: Tatsugiri|Muddy Water|p1a: Torkoal|[spread] p1a,p1b\n|-supereffective|p1a: Torkoal\n|-supereffective|p1b: Great Tusk\n|-damage|p1a: Torkoal|3\/100\n|-damage|p1b: Great Tusk|52\/100\n|-unboost|p1a: Torkoal|accuracy|1\n|move|p2b: Annihilape|Drain Punch|p1b: Great Tusk\n|-damage|p1b: Great Tusk|18\/100\n|-heal|p2b: Annihilape|39\/100|[from] drain|[of] p1b: Great Tusk\n|move|p1a: Torkoal|Earth Power|p2b: Annihilape|[miss]\n|-miss|p1a: Torkoal|p2b: Annihilape\n|\n|-weather|SunnyDay|[upkeep]\n|upkeep\n|turn|4\n|inactive|KnickNom has 30 seconds left.\n|inactive|KrisKiwii has 30 seconds left.\n|inactive|KrisKiwii has 20 seconds left.\n|inactive|KnickNom has 20 seconds left.\n|inactive|KrisKiwii has 15 seconds left.\n|inactive|KnickNom has 15 seconds left.\n|inactive|KrisKiwii has 10 seconds left.\n|inactive|KnickNom has 10 seconds left.\n|\n|t:|1681690908\n|move|p2a: Tatsugiri|Muddy Water|p1a: Torkoal|[spread] p1a,p1b\n|-supereffective|p1a: Torkoal\n|-supereffective|p1b: Great Tusk\n|-damage|p1a: Torkoal|0 fnt\n|-damage|p1b: Great Tusk|0 fnt\n|faint|p1a: Torkoal\n|faint|p1b: Great Tusk\n|-end|p1b: Great Tusk|Protosynthesis|[silent]\n|move|p2b: Annihilape|Drain Punch|p1: Torkoal|[notarget]\n|-fail|p2b: Annihilape\n|\n|-weather|SunnyDay|[upkeep]\n|upkeep\n|\n|t:|1681690912\n|switch|p1b: Slither Wing|Slither Wing, L50, tera:Fire|50\/100\n|switch|p1a: Flutter Mane|Flutter Mane, L50|100\/100\n|-activate|p1a: Flutter Mane|ability: Protosynthesis\n|-start|p1a: Flutter Mane|protosynthesisspe\n|-activate|p1b: Slither Wing|ability: Protosynthesis\n|-start|p1b: Slither Wing|protosynthesisatk\n|turn|5\n|inactive|KrisKiwii has 30 seconds left.\n|inactive|KnickNom has 30 seconds left.\n|inactive|KrisKiwii has 20 seconds left.\n|inactive|KrisKiwii has 15 seconds left.\n|\n|t:|1681690959\n|move|p2b: Annihilape|Protect|p2b: Annihilape\n|-singleturn|p2b: Annihilape|Protect\n|move|p1b: Slither Wing|First Impression|p2a: Tatsugiri\n|-damage|p2a: Tatsugiri|0 fnt\n|faint|p2a: Tatsugiri\n|move|p1a: Flutter Mane|Shadow Ball|p2b: Annihilape\n|-activate|p2b: Annihilape|move: Protect\n|\n|-weather|none\n|-end|p1a: Flutter Mane|Protosynthesis\n|-end|p1b: Slither Wing|Protosynthesis\n|upkeep\n|turn|6\n|\n|t:|1681690969\n|move|p1a: Flutter Mane|Shadow Ball|p2b: Annihilape\n|-damage|p2b: Annihilape|0 fnt\n|faint|p2b: Annihilape\n|-damage|p1a: Flutter Mane|91\/100|[from] item: Life Orb\n|\n|win|KnickNom\n|c|\u2606KnickNom|gg\n|c|\u2606KrisKiwii|gg ^^\n|l| Bostonl1\n|l| spazime\n","uploadtime":1681690980,"views":24,"p1id":"knicknom","p2id":"kriskiwii","formatid":"gen9vgc2023regulationc","rating":0,"private":0,"password":""}