{"id":"gen9vgc2023regulationc-1860581629","p1":"pardosimmia","p2":"BaltimoreBuizels","format":"[Gen 9] VGC 2023 Regulation C","log":"|j|\u2606pardosimmia\n|j|\u2606BaltimoreBuizels\n|t:|1683656351\n|gametype|doubles\n|player|p1|pardosimmia|hiker-gen4|1249\n|player|p2|BaltimoreBuizels|flannery|1151\n|teamsize|p1|6\n|teamsize|p2|6\n|gen|9\n|tier|[Gen 9] VGC 2023 Regulation C\n|rated|\n|rule|Species Clause: Limit one of each Pok\u00e9mon\n|rule|Item Clause: Limit one of each item\n|clearpoke\n|poke|p1|Arcanine, L50, M|\n|poke|p1|Flutter Mane, L50|\n|poke|p1|Chi-Yu, L50|\n|poke|p1|Iron Bundle, L50|\n|poke|p1|Murkrow, L50, F|\n|poke|p1|Iron Hands, L50|\n|poke|p2|Dragapult, L50, F|\n|poke|p2|Chien-Pao, L50|\n|poke|p2|Talonflame, L50, F|\n|poke|p2|Iron Bundle, L50|\n|poke|p2|Flutter Mane, L50|\n|poke|p2|Amoonguss, L50, F|\n|teampreview|4\n|inactive|Battle timer is ON: inactive players will automatically lose when time's up. (requested by pardosimmia)\n|\n|t:|1683656397\n|start\n|switch|p1a: Iron Bundle|Iron Bundle, L50|100\/100\n|switch|p1b: Iron Hands|Iron Hands, L50|100\/100\n|switch|p2a: Taloncott|Talonflame, L50, F, shiny|100\/100\n|switch|p2b: Fluttercott|Flutter Mane, L50, shiny|100\/100\n|-enditem|p1a: Iron Bundle|Booster Energy\n|-activate|p1a: Iron Bundle|ability: Quark Drive|[fromitem]\n|-start|p1a: Iron Bundle|quarkdrivespe\n|turn|1\n|inactive|pardosimmia has 30 seconds left.\n|\n|t:|1683656426\n|-terastallize|p2b: Fluttercott|Water\n|-terastallize|p1b: Iron Hands|Fire\n|move|p1a: Iron Bundle|Protect|p1a: Iron Bundle\n|-singleturn|p1a: Iron Bundle|Protect\n|move|p2a: Taloncott|Tailwind|p2a: Taloncott\n|-sidestart|p2: BaltimoreBuizels|move: Tailwind\n|move|p2b: Fluttercott|Dazzling Gleam|p1b: Iron Hands|[spread] p1b\n|-activate|p1a: Iron Bundle|move: Protect\n|-resisted|p1b: Iron Hands\n|-damage|p1b: Iron Hands|87\/100\n|move|p1b: Iron Hands|Wild Charge|p2a: Taloncott\n|-supereffective|p2a: Taloncott\n|-damage|p2a: Taloncott|0 fnt\n|faint|p2a: Taloncott\n|-damage|p1b: Iron Hands|68\/100|[from] Recoil\n|\n|upkeep\n|\n|t:|1683656433\n|switch|p2a: Gimbob|Iron Bundle, L50, shiny|100\/100\n|-enditem|p2a: Gimbob|Booster Energy\n|-activate|p2a: Gimbob|ability: Quark Drive|[fromitem]\n|-start|p2a: Gimbob|quarkdrivespe\n|turn|2\n|inactive|pardosimmia has 30 seconds left.\n|\n|t:|1683656460\n|-end|p1b: Iron Hands|Quark Drive|[silent]\n|switch|p1b: Chi-Yu|Chi-Yu, L50|100\/100\n|-ability|p1b: Chi-Yu|Beads of Ruin\n|move|p2a: Gimbob|Hydro Pump|p1b: Chi-Yu\n|-supereffective|p1b: Chi-Yu\n|-damage|p1b: Chi-Yu|0 fnt\n|faint|p1b: Chi-Yu\n|move|p2b: Fluttercott|Dazzling Gleam|p1a: Iron Bundle\n|-damage|p1a: Iron Bundle|0 fnt\n|faint|p1a: Iron Bundle\n|-end|p1a: Iron Bundle|Quark Drive|[silent]\n|\n|upkeep\n|\n|t:|1683656471\n|switch|p1a: Iron Hands|Iron Hands, L50, tera:Fire|68\/100\n|switch|p1b: Flutter Mane|Flutter Mane, L50|100\/100\n|turn|3\n|\n|t:|1683656486\n|move|p1a: Iron Hands|Fake Out|p2a: Gimbob\n|-damage|p2a: Gimbob|83\/100\n|cant|p2a: Gimbob|flinch\n|move|p2b: Fluttercott|Dazzling Gleam|p1a: Iron Hands|[spread] p1a,p1b\n|-resisted|p1a: Iron Hands\n|-damage|p1a: Iron Hands|56\/100\n|-damage|p1b: Flutter Mane|56\/100\n|move|p1b: Flutter Mane|Dazzling Gleam|p2b: Fluttercott|[spread] p2a,p2b\n|-damage|p2a: Gimbob|0 fnt\n|-damage|p2b: Fluttercott|56\/100\n|faint|p2a: Gimbob\n|-end|p2a: Gimbob|Quark Drive|[silent]\n|\n|upkeep\n|\n|t:|1683656489\n|switch|p2a: Turkeyleg|Dragapult, L50, F, shiny|100\/100\n|turn|4\n|\n|t:|1683656502\n|move|p2a: Turkeyleg|Phantom Force||[still]\n|-prepare|p2a: Turkeyleg|Phantom Force\n|move|p2b: Fluttercott|Dazzling Gleam|p1b: Flutter Mane|[spread] p1a,p1b\n|-resisted|p1a: Iron Hands\n|-damage|p1a: Iron Hands|43\/100\n|-damage|p1b: Flutter Mane|11\/100\n|move|p1b: Flutter Mane|Dazzling Gleam|p2a: Turkeyleg|[spread] p2b\n|-miss|p1b: Flutter Mane|p2a: Turkeyleg\n|-damage|p2b: Fluttercott|6\/100\n|move|p1a: Iron Hands|Ice Punch|p2a: Turkeyleg|[miss]\n|-miss|p1a: Iron Hands|p2a: Turkeyleg\n|\n|-sideend|p2: BaltimoreBuizels|move: Tailwind\n|upkeep\n|turn|5\n|\n|t:|1683656521\n|move|p2a: Turkeyleg|Phantom Force|p1b: Flutter Mane|[from]lockedmove\n|-supereffective|p1b: Flutter Mane\n|-damage|p1b: Flutter Mane|0 fnt\n|faint|p1b: Flutter Mane\n|-end|p1b: Flutter Mane|Protosynthesis|[silent]\n|-damage|p2a: Turkeyleg|91\/100|[from] item: Life Orb\n|move|p2b: Fluttercott|Dazzling Gleam|p1a: Iron Hands\n|-resisted|p1a: Iron Hands\n|-damage|p1a: Iron Hands|28\/100\n|move|p1a: Iron Hands|Ice Punch|p2a: Turkeyleg\n|-supereffective|p2a: Turkeyleg\n|-crit|p2a: Turkeyleg\n|-damage|p2a: Turkeyleg|0 fnt\n|faint|p2a: Turkeyleg\n|\n|upkeep\n|turn|6\n|\n|t:|1683656534\n|move|p2b: Fluttercott|Dazzling Gleam|p1a: Iron Hands\n|-resisted|p1a: Iron Hands\n|-damage|p1a: Iron Hands|11\/100\n|move|p1a: Iron Hands|Ice Punch|p2b: Fluttercott\n|-resisted|p2b: Fluttercott\n|-damage|p2b: Fluttercott|0 fnt\n|faint|p2b: Fluttercott\n|-end|p2b: Fluttercott|Protosynthesis|[silent]\n|\n|win|pardosimmia\n|raw|pardosimmia's rating: 1249 → 1267<\/strong> (+18 for winning)\n|raw|BaltimoreBuizels's rating: 1151 → 1133<\/strong> (-18 for losing)\n","uploadtime":1683656543,"views":9,"p1id":"pardosimmia","p2id":"baltimorebuizels","formatid":"gen9vgc2023regulationc","rating":1133,"private":0,"password":""}