{"id":"gen9vgc2023regulationc-1856472073","p1":"PikaTROD","p2":"RitmanTesting1","format":"[Gen 9] VGC 2023 Regulation C","log":"|j|\u2606PikaTROD\n|j|\u2606RitmanTesting1\n|t:|1683065232\n|gametype|doubles\n|player|p1|PikaTROD|169|1374\n|player|p2|RitmanTesting1|byron|1443\n|teamsize|p1|6\n|teamsize|p2|6\n|gen|9\n|tier|[Gen 9] VGC 2023 Regulation C\n|rated|\n|rule|Species Clause: Limit one of each Pok\u00e9mon\n|rule|Item Clause: Limit one of each item\n|clearpoke\n|poke|p1|Torkoal, L50, F|\n|poke|p1|Lilligant, L50, F|\n|poke|p1|Chien-Pao, L50|\n|poke|p1|Dragonite, L50, M|\n|poke|p1|Flutter Mane, L50|\n|poke|p1|Kingambit, L50, F|\n|poke|p2|Arcanine, L50, F|\n|poke|p2|Flutter Mane, L50|\n|poke|p2|Rotom-Wash, L50|\n|poke|p2|Glimmora, L50, F|\n|poke|p2|Dragonite, L50, F|\n|poke|p2|Chien-Pao, L50|\n|teampreview|4\n|inactive|Battle timer is ON: inactive players will automatically lose when time's up. (requested by RitmanTesting1)\nPikaTROD has agreed to open team sheets.\nRitmanTesting1 has agreed to open team sheets.\n|inactive|PikaTROD has 60 seconds left.\n|\n|t:|1683065280\n|start\n|switch|p1a: Torkoal|Torkoal, L50, F|100\/100\n|switch|p1b: Flutter Mane|Flutter Mane, L50|100\/100\n|switch|p2a: Dragonite|Dragonite, L50, F|100\/100\n|switch|p2b: Chien-Pao|Chien-Pao, L50|100\/100\n|-ability|p2b: Chien-Pao|Sword of Ruin\n|-weather|SunnyDay|[from] ability: Drought|[of] p1a: Torkoal\n|-activate|p1b: Flutter Mane|ability: Protosynthesis\n|-start|p1b: Flutter Mane|protosynthesisspa\n|turn|1\n|inactive|PikaTROD has 30 seconds left.\n|inactive|RitmanTesting1 has 30 seconds left.\n|\n|t:|1683065311\n|-end|p1b: Flutter Mane|Protosynthesis|[silent]\n|switch|p1b: Kingambit|Kingambit, L50, F|100\/100\n|-terastallize|p2a: Dragonite|Normal\n|move|p2a: Dragonite|Extreme Speed|p1a: Torkoal\n|-damage|p1a: Torkoal|28\/100\n|move|p2b: Chien-Pao|Ice Spinner|p1b: Kingambit\n|-resisted|p1b: Kingambit\n|-damage|p1b: Kingambit|82\/100\n|move|p1a: Torkoal|Eruption|p2b: Chien-Pao|[spread] p2a,p2b\n|-supereffective|p2b: Chien-Pao\n|-damage|p2a: Dragonite|79\/100\n|-damage|p2b: Chien-Pao|22\/100\n|\n|-weather|SunnyDay|[upkeep]\n|upkeep\n|turn|2\n|inactive|PikaTROD has 30 seconds left.\n|inactive|PikaTROD has 20 seconds left.\n|\n|t:|1683065349\n|switch|p1a: Flutter Mane|Flutter Mane, L50|100\/100\n|-activate|p1a: Flutter Mane|ability: Protosynthesis\n|-start|p1a: Flutter Mane|protosynthesisspa\n|move|p1b: Kingambit|Protect|p1b: Kingambit\n|-singleturn|p1b: Kingambit|Protect\n|move|p2a: Dragonite|Extreme Speed|p1a: Flutter Mane\n|-immune|p1a: Flutter Mane\n|move|p2b: Chien-Pao|Sacred Sword|p1b: Kingambit\n|-activate|p1b: Kingambit|move: Protect\n|\n|-weather|SunnyDay|[upkeep]\n|upkeep\n|turn|3\n|inactive|PikaTROD has 30 seconds left.\n|inactive|PikaTROD has 20 seconds left.\n|\n|t:|1683065389\n|switch|p2b: Arcanine|Arcanine, L50, F|100\/100\n|-ability|p2b: Arcanine|Intimidate|boost\n|-unboost|p1a: Flutter Mane|atk|1\n|-unboost|p1b: Kingambit|atk|1\n|-ability|p1b: Kingambit|Defiant|boost\n|-boost|p1b: Kingambit|atk|2\n|switch|p1b: Torkoal|Torkoal, L50, F|28\/100\n|-terastallize|p1a: Flutter Mane|Fairy\n|move|p2a: Dragonite|Extreme Speed|p1b: Torkoal\n|-damage|p1b: Torkoal|0 fnt\n|faint|p1b: Torkoal\n|move|p1a: Flutter Mane|Dazzling Gleam|p2b: Arcanine|[spread] p2a,p2b\n|-resisted|p2b: Arcanine\n|-damage|p2a: Dragonite|0 fnt\n|-damage|p2b: Arcanine|55\/100\n|faint|p2a: Dragonite\n|\n|-weather|SunnyDay|[upkeep]\n|upkeep\n|inactive|PikaTROD has 30 seconds left.\n|inactive|RitmanTesting1 has 30 seconds left.\n|inactive|PikaTROD has 20 seconds left.\n|inactive|PikaTROD has 15 seconds left.\n|\n|t:|1683065429\n|switch|p2a: Chien-Pao|Chien-Pao, L50|22\/100\n|switch|p1b: Lilligant|Lilligant, L50, F|100\/100\n|-ability|p2a: Chien-Pao|Sword of Ruin\n|turn|4\n|\n|t:|1683065440\n|-end|p1a: Flutter Mane|Protosynthesis|[silent]\n|switch|p1a: Kingambit|Kingambit, L50, F|82\/100\n|move|p2a: Chien-Pao|Protect|p2a: Chien-Pao\n|-singleturn|p2a: Chien-Pao|Protect\n|move|p1b: Lilligant|Leaf Storm|p2a: Chien-Pao\n|-activate|p2a: Chien-Pao|move: Protect\n|move|p2b: Arcanine|Flare Blitz|p1a: Kingambit\n|-supereffective|p1a: Kingambit\n|-damage|p1a: Kingambit|0 fnt\n|faint|p1a: Kingambit\n|-damage|p2b: Arcanine|25\/100|[from] Recoil\n|\n|-weather|SunnyDay|[upkeep]\n|upkeep\n|\n|t:|1683065446\n|switch|p1a: Flutter Mane|Flutter Mane, L50, tera:Fairy|100\/100\n|-activate|p1a: Flutter Mane|ability: Protosynthesis\n|-start|p1a: Flutter Mane|protosynthesisspa\n|turn|5\n|inactive|PikaTROD has 30 seconds left.\n|\n|t:|1683065478\n|switch|p2a: Flutter Mane|Flutter Mane, L50|100\/100\n|-activate|p2a: Flutter Mane|ability: Protosynthesis\n|-start|p2a: Flutter Mane|protosynthesisspa\n|move|p1b: Lilligant|After You|p1a: Flutter Mane\n|-activate|p1a: Flutter Mane|move: After You\n|move|p1a: Flutter Mane|Dazzling Gleam|p2a: Flutter Mane|[spread] p2a,p2b\n|-resisted|p2b: Arcanine\n|-damage|p2a: Flutter Mane|17\/100\n|-damage|p2b: Arcanine|0 fnt\n|faint|p2b: Arcanine\n|\n|-weather|none\n|-end|p1a: Flutter Mane|Protosynthesis\n|-end|p2a: Flutter Mane|Protosynthesis\n|upkeep\n|-enditem|p2a: Flutter Mane|Booster Energy\n|-activate|p2a: Flutter Mane|ability: Protosynthesis|[fromitem]\n|-start|p2a: Flutter Mane|protosynthesisspa\n|\n|t:|1683065486\n|switch|p2b: Chien-Pao|Chien-Pao, L50|22\/100\n|-ability|p2b: Chien-Pao|Sword of Ruin\n|turn|6\n|\n|t:|1683065500\n|move|p2b: Chien-Pao|Ice Spinner|p1a: Flutter Mane\n|-damage|p1a: Flutter Mane|1\/100\n|move|p1a: Flutter Mane|Dazzling Gleam|p2a: Flutter Mane|[spread] p2a,p2b\n|-supereffective|p2b: Chien-Pao\n|-damage|p2a: Flutter Mane|0 fnt\n|-damage|p2b: Chien-Pao|0 fnt\n|faint|p2a: Flutter Mane\n|-end|p2a: Flutter Mane|Protosynthesis|[silent]\n|faint|p2b: Chien-Pao\n|\n|win|PikaTROD\n|raw|PikaTROD's rating: 1374 → 1398<\/strong> (+24 for winning)\n|raw|RitmanTesting1's rating: 1443 → 1419<\/strong> (-24 for losing)\n|c|\u2606PikaTROD|gg\n|l|\u2606RitmanTesting1\n|c|\u2606PikaTROD|can i see the pao spread?\n|j|\u2606RitmanTesting1\n|player|p2|RitmanTesting1|byron\n","uploadtime":1683065686,"views":4,"p1id":"pikatrod","p2id":"ritmantesting1","formatid":"gen9vgc2023regulationc","rating":1398,"private":0,"password":""}