{"id":"gen9vgc2023regulationc-1863492100","p1":"ShadyTigers","p2":"mathtass","format":"[Gen 9] VGC 2023 Regulation C","log":"|j|\u2606ShadyTigers\n|j|\u2606mathtass\n|t:|1684024711\n|gametype|doubles\n|player|p1|ShadyTigers|169|1357\n|player|p2|mathtass|1|1370\n|teamsize|p1|6\n|teamsize|p2|6\n|gen|9\n|tier|[Gen 9] VGC 2023 Regulation C\n|rated|\n|rule|Species Clause: Limit one of each Pok\u00e9mon\n|rule|Item Clause: Limit one of each item\n|clearpoke\n|poke|p1|Roaring Moon, L50|\n|poke|p1|Murkrow, L50, F|\n|poke|p1|Torkoal, L50, M|\n|poke|p1|Flutter Mane, L50|\n|poke|p1|Great Tusk, L50|\n|poke|p1|Scream Tail, L50|\n|poke|p2|Amoonguss, L50, F|\n|poke|p2|Chi-Yu, L50|\n|poke|p2|Arcanine, L50, F|\n|poke|p2|Dragonite, L50, M|\n|poke|p2|Flutter Mane, L50|\n|poke|p2|Iron Hands, L50|\n|teampreview|4\nmathtass has agreed to open team sheets.\nShadyTigers has agreed to open team sheets.\n|\n|t:|1684024762\n|start\n|switch|p1a: Flutter Mane|Flutter Mane, L50|100\/100\n|switch|p1b: Murkrow|Murkrow, L50, F|100\/100\n|switch|p2a: Simba|Arcanine, L50, F, shiny|100\/100\n|switch|p2b: Titan|Dragonite, L50, M, shiny|100\/100\n|-ability|p2a: Simba|Intimidate|boost\n|-unboost|p1a: Flutter Mane|atk|1\n|-unboost|p1b: Murkrow|atk|1\n|turn|1\n|\n|t:|1684024789\n|-terastallize|p2b: Titan|Flying\n|move|p1a: Flutter Mane|Protect|p1a: Flutter Mane\n|-singleturn|p1a: Flutter Mane|Protect\n|move|p1b: Murkrow|Tailwind|p1b: Murkrow\n|-sidestart|p1: ShadyTigers|move: Tailwind\n|move|p2a: Simba|Howl|p2a: Simba|[spread] p2a,p2b\n|-boost|p2a: Simba|atk|1\n|-boost|p2b: Titan|atk|1\n|move|p2b: Titan|Tera Blast|p1b: Murkrow\n|-damage|p1b: Murkrow|2\/100\n|\n|upkeep\n|turn|2\n|\n|t:|1684024839\n|-terastallize|p1b: Murkrow|Ghost\n|move|p2b: Titan|Extreme Speed|p1b: Murkrow\n|-immune|p1b: Murkrow\n|move|p1b: Murkrow|Haze|p1b: Murkrow\n|-clearallboost\n|move|p1a: Flutter Mane|Shadow Ball|p2a: Simba\n|-damage|p2a: Simba|41\/100\n|-enditem|p2a: Simba|Sitrus Berry|[eat]\n|-heal|p2a: Simba|66\/100|[from] item: Sitrus Berry\n|-damage|p1a: Flutter Mane|91\/100|[from] item: Life Orb\n|move|p2a: Simba|Flare Blitz|p1a: Flutter Mane\n|-damage|p1a: Flutter Mane|19\/100\n|-damage|p2a: Simba|47\/100|[from] Recoil\n|\n|upkeep\n|turn|3\n|\n|t:|1684024862\n|move|p1b: Murkrow|Sunny Day|p1b: Murkrow\n|-weather|SunnyDay\n|-activate|p1a: Flutter Mane|ability: Protosynthesis\n|-start|p1a: Flutter Mane|protosynthesisspa\n|move|p1a: Flutter Mane|Dazzling Gleam|p2a: Simba|[spread] p2a,p2b\n|-resisted|p2a: Simba\n|-damage|p2a: Simba|20\/100\n|-damage|p2b: Titan|76\/100\n|-damage|p1a: Flutter Mane|9\/100|[from] item: Life Orb\n|move|p2a: Simba|Flare Blitz|p1a: Flutter Mane\n|-damage|p1a: Flutter Mane|0 fnt\n|faint|p1a: Flutter Mane\n|-end|p1a: Flutter Mane|Protosynthesis|[silent]\n|-damage|p2a: Simba|17\/100|[from] Recoil\n|move|p2b: Titan|Tera Blast|p1b: Murkrow\n|-damage|p1b: Murkrow|0 fnt\n|faint|p1b: Murkrow\n|\n|-weather|SunnyDay|[upkeep]\n|upkeep\n|\n|t:|1684024867\n|switch|p1a: Roaring Moon|Roaring Moon, L50|100\/100\n|switch|p1b: Great Tusk|Great Tusk, L50|100\/100\n|-activate|p1b: Great Tusk|ability: Protosynthesis\n|-start|p1b: Great Tusk|protosynthesisatk\n|-activate|p1a: Roaring Moon|ability: Protosynthesis\n|-start|p1a: Roaring Moon|protosynthesisatk\n|turn|4\n|\n|t:|1684024898\n|move|p2a: Simba|Protect|p2a: Simba\n|-singleturn|p2a: Simba|Protect\n|move|p1b: Great Tusk|Rock Slide|p2a: Simba|[spread] p2b\n|-activate|p2a: Simba|move: Protect\n|-supereffective|p2b: Titan\n|-damage|p2b: Titan|27\/100\n|move|p1a: Roaring Moon|Iron Head|p2b: Titan\n|-damage|p2b: Titan|0 fnt\n|faint|p2b: Titan\n|\n|-weather|SunnyDay|[upkeep]\n|-sideend|p1: ShadyTigers|move: Tailwind\n|upkeep\n|\n|t:|1684024911\n|switch|p2b: Lady Mane|Flutter Mane, L50, shiny|100\/100\n|-activate|p2b: Lady Mane|ability: Protosynthesis\n|-start|p2b: Lady Mane|protosynthesisspe\n|turn|5\n|\n|t:|1684024916\n|move|p2b: Lady Mane|Dazzling Gleam|p1a: Roaring Moon|[spread] p1a,p1b\n|-supereffective|p1a: Roaring Moon\n|-supereffective|p1b: Great Tusk\n|-damage|p1a: Roaring Moon|0 fnt\n|-damage|p1b: Great Tusk|0 fnt\n|faint|p1a: Roaring Moon\n|-end|p1a: Roaring Moon|Protosynthesis|[silent]\n|faint|p1b: Great Tusk\n|-end|p1b: Great Tusk|Protosynthesis|[silent]\n|\n|win|mathtass\n|raw|ShadyTigers's rating: 1357 → 1338<\/strong> (-19 for losing)\n|raw|mathtass's rating: 1370 → 1389<\/strong> (+19 for winning)\n|l|\u2606ShadyTigers\n","uploadtime":1684024920,"views":10,"p1id":"shadytigers","p2id":"mathtass","formatid":"gen9vgc2023regulationc","rating":1338,"private":0,"password":""}