{"id":"gen9vgc2023regulationc-1859790905","p1":"justincl19","p2":"5wamp","format":"[Gen 9] VGC 2023 Regulation C","log":"|j|\u2606justincl19\n|j|\u26065wamp\n|t:|1683564822\n|gametype|doubles\n|player|p1|justincl19|2|\n|player|p2|5wamp|boarder|\n|teamsize|p1|6\n|teamsize|p2|6\n|gen|9\n|tier|[Gen 9] VGC 2023 Regulation C\n|rule|Species Clause: Limit one of each Pok\u00e9mon\n|rule|Item Clause: Limit one of each item\n|clearpoke\n|poke|p1|Morgrem, L50, M|\n|poke|p1|Glalie, L50, M|\n|poke|p1|Toedscruel, L50, F|\n|poke|p1|Rabsca, L50, M|\n|poke|p1|Rotom-Mow, L50|\n|poke|p1|Grafaiai, L50, M|\n|poke|p2|Foongus, L50, M|\n|poke|p2|Camerupt, L50, F|\n|poke|p2|Crabominable, L50, M|\n|poke|p2|Rabsca, L50, M|\n|poke|p2|Toedscruel, L50, F|\n|poke|p2|Stantler, L50, F|\n|teampreview|4\n|c|\u2606justincl19|glhf\n|c|\u26065wamp|glhf\n|\n|t:|1683564888\n|start\n|switch|p1a: Morgrem|Morgrem, L50, M|100\/100\n|switch|p1b: Glalie|Glalie, L50, M|100\/100\n|switch|p2a: Crabominable|Crabominable, L50, M|100\/100\n|switch|p2b: Camerupt|Camerupt, L50, F|100\/100\n|turn|1\n|j| Griffin07\n|\n|t:|1683564918\n|-terastallize|p1b: Glalie|Water\n|move|p1a: Morgrem|Light Screen|p1a: Morgrem\n|-sidestart|p1: justincl19|move: Light Screen\n|move|p1b: Glalie|Substitute|p1b: Glalie\n|-start|p1b: Glalie|Substitute\n|-damage|p1b: Glalie|75\/100\n|move|p2a: Crabominable|Iron Head|p1a: Morgrem\n|-supereffective|p1a: Morgrem\n|-damage|p1a: Morgrem|0 fnt\n|faint|p1a: Morgrem\n|-damage|p2a: Crabominable|90\/100|[from] item: Life Orb\n|move|p2b: Camerupt|Heat Wave|p1b: Glalie\n|-resisted|p1b: Glalie\n|-activate|p1b: Glalie|move: Substitute|[damage]\n|\n|-heal|p1b: Glalie|81\/100|[from] item: Leftovers\n|-ability|p1b: Glalie|Moody|boost\n|-boost|p1b: Glalie|atk|2\n|-unboost|p1b: Glalie|def|1\n|upkeep\n|\n|t:|1683564937\n|switch|p1a: Toedscruel|Toedscruel, L50, F|100\/100\n|turn|2\n|\n|t:|1683564959\n|move|p1b: Glalie|Foul Play|p2b: Camerupt\n|-damage|p2b: Camerupt|74\/100\n|move|p2a: Crabominable|Ice Hammer|p1a: Toedscruel\n|-supereffective|p1a: Toedscruel\n|-crit|p1a: Toedscruel\n|-enditem|p1a: Toedscruel|Yache Berry|[eat]\n|-enditem|p1a: Toedscruel|Yache Berry|[weaken]\n|-damage|p1a: Toedscruel|0 fnt\n|-unboost|p2a: Crabominable|spe|1\n|faint|p1a: Toedscruel\n|-damage|p2a: Crabominable|80\/100|[from] item: Life Orb\n|move|p2b: Camerupt|Earth Power|p1b: Glalie\n|-crit|p1b: Glalie\n|-end|p1b: Glalie|Substitute\n|\n|-heal|p1b: Glalie|87\/100|[from] item: Leftovers\n|-ability|p1b: Glalie|Moody|boost\n|-boost|p1b: Glalie|def|2\n|-unboost|p1b: Glalie|spd|1\n|upkeep\n|c|\u2606justincl19|double crit\n|c|\u2606justincl19|wooooo\n|\n|t:|1683564976\n|switch|p1a: Grafaiai|Grafaiai, L50, M|100\/100\n|turn|3\n|c|\u26065wamp|bro\n|c|\u26065wamp|no way crit mattered\n|c|\u26065wamp|on glalie\n|c|\u2606justincl19|its the principle thats fun\n|\n|t:|1683565014\n|move|p1a: Grafaiai|Parting Shot|p2a: Crabominable\n|-fail|p2a: Crabominable|unboost|Attack|[from] ability: Hyper Cutter|[of] p2a: Crabominable\n|-unboost|p2a: Crabominable|spa|1\n|move|p1b: Glalie|Substitute|p1b: Glalie\n|-start|p1b: Glalie|Substitute\n|-damage|p1b: Glalie|62\/100\n|move|p2b: Camerupt|Earth Power|p1a: Grafaiai\n|-supereffective|p1a: Grafaiai\n|-damage|p1a: Grafaiai|20\/100\n|-enditem|p1a: Grafaiai|Iapapa Berry|[eat]\n|-heal|p1a: Grafaiai|53\/100|[from] item: Iapapa Berry\n|move|p2a: Crabominable|Close Combat|p1b: Glalie\n|-end|p1b: Glalie|Substitute\n|-unboost|p2a: Crabominable|def|1\n|-unboost|p2a: Crabominable|spd|1\n|-damage|p2a: Crabominable|70\/100|[from] item: Life Orb\n|\n|-heal|p1b: Glalie|68\/100|[from] item: Leftovers\n|-ability|p1b: Glalie|Moody|boost\n|-boost|p1b: Glalie|spe|2\n|-unboost|p1b: Glalie|def|1\n|upkeep\n|turn|4\n|\n|t:|1683565056\n|switch|p2a: Stantler|Stantler, L50, F|100\/100\n|-ability|p2a: Stantler|Intimidate|boost\n|-unboost|p1a: Grafaiai|atk|1\n|-unboost|p1b: Glalie|atk|1\n|move|p1b: Glalie|Protect|p1b: Glalie\n|-singleturn|p1b: Glalie|Protect\n|move|p1a: Grafaiai|Parting Shot|p2b: Camerupt\n|-unboost|p2b: Camerupt|atk|1\n|-unboost|p2b: Camerupt|spa|1\n|move|p2b: Camerupt|Earth Power|p1a: Grafaiai\n|-supereffective|p1a: Grafaiai\n|-damage|p1a: Grafaiai|3\/100\n|\n|-heal|p1b: Glalie|74\/100|[from] item: Leftovers\n|-ability|p1b: Glalie|Moody|boost\n|-boost|p1b: Glalie|spe|2\n|-unboost|p1b: Glalie|spa|1\n|upkeep\n|turn|5\n|\n|t:|1683565094\n|move|p1a: Grafaiai|Taunt|p2a: Stantler\n|-start|p2a: Stantler|move: Taunt\n|move|p1b: Glalie|Substitute|p1b: Glalie\n|-start|p1b: Glalie|Substitute\n|-damage|p1b: Glalie|49\/100\n|move|p2b: Camerupt|Earth Power|p1b: Glalie\n|-end|p1b: Glalie|Substitute\n|cant|p2a: Stantler|move: Taunt|Trick Room\n|\n|-heal|p1b: Glalie|54\/100|[from] item: Leftovers\n|-ability|p1b: Glalie|Moody|boost\n|-boost|p1b: Glalie|atk|2\n|-unboost|p1b: Glalie|spe|1\n|upkeep\n|turn|6\n|j| TheFury777\n|\n|t:|1683565117\n|-terastallize|p2b: Camerupt|Fire\n|move|p1b: Glalie|Protect|p1b: Glalie\n|-singleturn|p1b: Glalie|Protect\n|move|p1a: Grafaiai|Parting Shot|p2b: Camerupt\n|-unboost|p2b: Camerupt|atk|1\n|-unboost|p2b: Camerupt|spa|1\n|move|p2a: Stantler|Double-Edge|p1b: Glalie\n|-activate|p1b: Glalie|move: Protect\n|move|p2b: Camerupt|Heat Wave|p1a: Grafaiai|[spread] p1a\n|-activate|p1b: Glalie|move: Protect\n|-damage|p1a: Grafaiai|0 fnt\n|faint|p1a: Grafaiai\n|\n|-heal|p1b: Glalie|60\/100|[from] item: Leftovers\n|-ability|p1b: Glalie|Moody|boost\n|-boost|p1b: Glalie|atk|2\n|-unboost|p1b: Glalie|spd|1\n|upkeep\n|turn|7\n|\n|t:|1683565142\n|move|p1b: Glalie|Substitute|p1b: Glalie\n|-start|p1b: Glalie|Substitute\n|-damage|p1b: Glalie|35\/100\n|move|p2a: Stantler|Double-Edge|p1b: Glalie\n|-end|p1b: Glalie|Substitute\n|-damage|p2a: Stantler|93\/100|[from] Recoil|[of] p1b: Glalie\n|move|p2b: Camerupt|Earth Power|p1b: Glalie\n|-damage|p1b: Glalie|1\/100\n|\n|-heal|p1b: Glalie|7\/100|[from] item: Leftovers\n|-end|p2a: Stantler|move: Taunt\n|-ability|p1b: Glalie|Moody|boost\n|-boost|p1b: Glalie|spd|2\n|-unboost|p1b: Glalie|def|1\n|upkeep\n|turn|8\n|\n|t:|1683565154\n|move|p1b: Glalie|Protect|p1b: Glalie\n|-singleturn|p1b: Glalie|Protect\n|move|p2b: Camerupt|Earth Power|p1b: Glalie\n|-activate|p1b: Glalie|move: Protect\n|move|p2a: Stantler|Trick Room|p2a: Stantler\n|-fieldstart|move: Trick Room|[of] p2a: Stantler\n|\n|-heal|p1b: Glalie|13\/100|[from] item: Leftovers\n|-sideend|p1: justincl19|move: Light Screen\n|-ability|p1b: Glalie|Moody|boost\n|-boost|p1b: Glalie|spe|2\n|-unboost|p1b: Glalie|spa|1\n|upkeep\n|turn|9\n|\n|t:|1683565159\n|move|p1b: Glalie|Protect||[still]\n|-fail|p1b: Glalie\n|move|p2b: Camerupt|Earth Power|p1b: Glalie\n|-damage|p1b: Glalie|0 fnt\n|faint|p1b: Glalie\n|\n|win|5wamp\n|c|\u26065wamp|gg\n|l| Griffin07\n|l| TheFury777\n|j| NormyNorm1\n|l| NormyNorm1\n","uploadtime":1683566065,"views":13,"p1id":"justincl19","p2id":"5wamp","formatid":"gen9vgc2023regulationc","rating":0,"private":0,"password":""}