{"id":"gen9vgc2023regulationc-1861271989","p1":"wackomarko","p2":"asyashi","format":"[Gen 9] VGC 2023 Regulation C","log":"|j|\u2606wackomarko\n|j|\u2606asyashi\n|t:|1683741342\n|gametype|doubles\n|player|p1|wackomarko|hiker-gen4|1104\n|player|p2|asyashi|may-gen3|1149\n|teamsize|p1|6\n|teamsize|p2|6\n|gen|9\n|tier|[Gen 9] VGC 2023 Regulation C\n|rated|\n|rule|Species Clause: Limit one of each Pok\u00e9mon\n|rule|Item Clause: Limit one of each item\n|clearpoke\n|poke|p1|Talonflame, L50, M|\n|poke|p1|Amoonguss, L50, M|\n|poke|p1|Flutter Mane, L50|\n|poke|p1|Chien-Pao, L50|\n|poke|p1|Gyarados, L50, F|\n|poke|p1|Dragapult, L50, F|\n|poke|p2|Chi-Yu, L50|\n|poke|p2|Flutter Mane, L50|\n|poke|p2|Iron Bundle, L50|\n|poke|p2|Maushold, L50|\n|poke|p2|Great Tusk, L50|\n|poke|p2|Gyarados, L50, F|\n|teampreview|4\nwackomarko has agreed to open team sheets.\n|inactive|Battle timer is ON: inactive players will automatically lose when time's up. (requested by asyashi)\nasyashi has agreed to open team sheets.\n|\n|t:|1683741394\n|start\n|switch|p1a: Talonflame|Talonflame, L50, M, shiny|100\/100\n|switch|p1b: Amoonguss|Amoonguss, L50, M|100\/100\n|switch|p2a: Great Tusk|Great Tusk, L50|100\/100\n|switch|p2b: Chi-Yu|Chi-Yu, L50|100\/100\n|-ability|p2b: Chi-Yu|Beads of Ruin\n|turn|1\n|inactive|asyashi has 30 seconds left.\n|\n|t:|1683741423\n|switch|p2b: Gyarados|Gyarados, L50, F|100\/100\n|-ability|p2b: Gyarados|Intimidate|boost\n|-unboost|p1a: Talonflame|atk|1\n|-unboost|p1b: Amoonguss|atk|1\n|-terastallize|p1b: Amoonguss|Water\n|move|p1a: Talonflame|Tailwind|p1a: Talonflame\n|-sidestart|p1: wackomarko|move: Tailwind\n|move|p2a: Great Tusk|Rock Slide|p1b: Amoonguss|[spread] p1a\n|-miss|p2a: Great Tusk|p1b: Amoonguss\n|-supereffective|p1a: Talonflame\n|-damage|p1a: Talonflame|0 fnt\n|faint|p1a: Talonflame\n|move|p1b: Amoonguss|Spore|p2a: Great Tusk\n|-status|p2a: Great Tusk|slp|[from] move: Spore\n|\n|upkeep\n|\n|t:|1683741445\n|switch|p1a: Dragapult|Dragapult, L50, F, shiny|100\/100\n|turn|2\n|\n|t:|1683741468\n|switch|p1b: Chien-Pao|Chien-Pao, L50|100\/100\n|-ability|p1b: Chien-Pao|Sword of Ruin\n|move|p1a: Dragapult|Dragon Darts|p2b: Gyarados\n|-damage|p2b: Gyarados|43\/100\n|-anim|p1a: Dragapult|Dragon Darts|p2a: Great Tusk\n|-damage|p2a: Great Tusk|65\/100 slp\n|cant|p2a: Great Tusk|slp\n|move|p2b: Gyarados|Dragon Dance|p2b: Gyarados\n|-boost|p2b: Gyarados|atk|1\n|-boost|p2b: Gyarados|spe|1\n|\n|upkeep\n|turn|3\n|inactive|wackomarko has 30 seconds left.\n|inactive|asyashi has 30 seconds left.\n|\n|t:|1683741495\n|-terastallize|p2b: Gyarados|Steel\n|move|p1a: Dragapult|Dragon Darts|p2a: Great Tusk\n|-damage|p2a: Great Tusk|26\/100 slp\n|-anim|p1a: Dragapult|Dragon Darts|p2b: Gyarados\n|-resisted|p2b: Gyarados\n|-damage|p2b: Gyarados|13\/100\n|move|p1b: Chien-Pao|Ice Spinner|p2a: Great Tusk\n|-supereffective|p2a: Great Tusk\n|-damage|p2a: Great Tusk|0 fnt\n|faint|p2a: Great Tusk\n|-end|p2a: Great Tusk|Protosynthesis|[silent]\n|move|p2b: Gyarados|Dragon Dance|p2b: Gyarados\n|-boost|p2b: Gyarados|atk|1\n|-boost|p2b: Gyarados|spe|1\n|\n|upkeep\n|\n|t:|1683741510\n|switch|p2a: Flutter Mane|Flutter Mane, L50|100\/100\n|-enditem|p2a: Flutter Mane|Booster Energy\n|-activate|p2a: Flutter Mane|ability: Protosynthesis|[fromitem]\n|-start|p2a: Flutter Mane|protosynthesisspe\n|turn|4\n|\n|t:|1683741525\n|move|p2b: Gyarados|Protect|p2b: Gyarados\n|-singleturn|p2b: Gyarados|Protect\n|move|p1b: Chien-Pao|Sucker Punch|p2a: Flutter Mane\n|-damage|p2a: Flutter Mane|24\/100\n|move|p1a: Dragapult|Dragon Darts|p2b: Gyarados\n|-immune|p2a: Flutter Mane\n|move|p2a: Flutter Mane|Dazzling Gleam|p1b: Chien-Pao|[spread] p1a,p1b\n|-supereffective|p1a: Dragapult\n|-supereffective|p1b: Chien-Pao\n|-damage|p1a: Dragapult|16\/100\n|-damage|p1b: Chien-Pao|8\/100\n|\n|-sideend|p1: wackomarko|move: Tailwind\n|upkeep\n|turn|5\n|inactive|wackomarko has 30 seconds left.\n|inactive|asyashi has 30 seconds left.\n|\n|t:|1683741565\n|move|p2b: Gyarados|Protect||[still]\n|-fail|p2b: Gyarados\n|move|p1b: Chien-Pao|Ice Shard|p2a: Flutter Mane\n|-damage|p2a: Flutter Mane|0 fnt\n|faint|p2a: Flutter Mane\n|-end|p2a: Flutter Mane|Protosynthesis|[silent]\n|move|p1a: Dragapult|Dragon Darts|p2b: Gyarados\n|-resisted|p2b: Gyarados\n|-damage|p2b: Gyarados|0 fnt\n|faint|p2b: Gyarados\n|\n|upkeep\n|\n|t:|1683741570\n|switch|p2b: Chi-Yu|Chi-Yu, L50|100\/100\n|-ability|p2b: Chi-Yu|Beads of Ruin\n|turn|6\n|\n|t:|1683741582\n|move|p1b: Chien-Pao|Sucker Punch|p2b: Chi-Yu\n|-resisted|p2b: Chi-Yu\n|-crit|p2b: Chi-Yu\n|-damage|p2b: Chi-Yu|41\/100\n|move|p2b: Chi-Yu|Heat Wave|p1a: Dragapult|[spread] p1a,p1b\n|-resisted|p1a: Dragapult\n|-supereffective|p1b: Chien-Pao\n|-damage|p1a: Dragapult|0 fnt\n|-damage|p1b: Chien-Pao|0 fnt\n|faint|p1a: Dragapult\n|faint|p1b: Chien-Pao\n|\n|upkeep\n|\n|t:|1683741596\n|switch|p1a: Amoonguss|Amoonguss, L50, M, tera:Water|100\/100\n|turn|7\n|\n|t:|1683741602\n|move|p2b: Chi-Yu|Heat Wave|p1a: Amoonguss\n|-resisted|p1a: Amoonguss\n|-damage|p1a: Amoonguss|72\/100\n|move|p1a: Amoonguss|Spore|p2b: Chi-Yu\n|-status|p2b: Chi-Yu|slp|[from] move: Spore\n|\n|upkeep\n|turn|8\n|\n|t:|1683741609\n|cant|p2b: Chi-Yu|slp\n|move|p1a: Amoonguss|Pollen Puff|p2b: Chi-Yu\n|-damage|p2b: Chi-Yu|20\/100 slp\n|\n|upkeep\n|turn|9\n|\n|t:|1683741616\n|cant|p2b: Chi-Yu|slp\n|move|p1a: Amoonguss|Pollen Puff|p2b: Chi-Yu\n|-damage|p2b: Chi-Yu|0 fnt\n|faint|p2b: Chi-Yu\n|\n|win|wackomarko\n|raw|wackomarko's rating: 1104 → 1132<\/strong> (+28 for winning)\n|raw|asyashi's rating: 1149 → 1121<\/strong> (-28 for losing)\n|l|\u2606asyashi\n","uploadtime":1683741625,"views":12,"p1id":"wackomarko","p2id":"asyashi","formatid":"gen9vgc2023regulationc","rating":1121,"private":0,"password":""}