{"id":"gen9vgc2023regulationc-1849097065","p1":"Damayr","p2":"hnknt","format":"[Gen 9] VGC 2023 Regulation C","log":"|j|\u2606Damayr\n|j|\u2606hnknt\n|t:|1682154734\n|gametype|doubles\n|player|p1|Damayr|1|1460\n|player|p2|hnknt|2|1445\n|teamsize|p1|6\n|teamsize|p2|6\n|gen|9\n|tier|[Gen 9] VGC 2023 Regulation C\n|rated|\n|rule|Species Clause: Limit one of each Pok\u00e9mon\n|rule|Item Clause: Limit one of each item\n|clearpoke\n|poke|p1|Grimmsnarl, L50, M|\n|poke|p1|Hawlucha, L50, F|\n|poke|p1|Talonflame, L50, M|\n|poke|p1|Garchomp, L50, M|\n|poke|p1|Flutter Mane, L50|\n|poke|p1|Farigiraf, L50, F|\n|poke|p2|Ting-Lu, L50|\n|poke|p2|Flutter Mane, L50|\n|poke|p2|Amoonguss, L50, M|\n|poke|p2|Arcanine, L50, F|\n|poke|p2|Palafin, L50, F|\n|poke|p2|Dragonite, L50, F|\n|teampreview|4\n|inactive|Battle timer is ON: inactive players will automatically lose when time's up. (requested by Damayr)\n|inactive|hnknt has 60 seconds left.\n|\n|t:|1682154806\n|start\n|switch|p1a: Grimmsnarl|Grimmsnarl, L50, M|100\/100\n|switch|p1b: Hawlucha|Hawlucha, L50, F|100\/100\n|switch|p2a: Dragonite|Dragonite, L50, F|100\/100\n|switch|p2b: Ting-Lu|Ting-Lu, L50|100\/100\n|-ability|p2b: Ting-Lu|Vessel of Ruin\n|turn|1\n|inactive|Damayr has 30 seconds left.\n|inactive|Damayr has 20 seconds left.\n|inactive|Damayr has 15 seconds left.\n|\n|t:|1682154848\n|move|p1b: Hawlucha|Protect|p1b: Hawlucha\n|-singleturn|p1b: Hawlucha|Protect\n|move|p2a: Dragonite|Tailwind|p2a: Dragonite\n|-sidestart|p2: hnknt|move: Tailwind\n|move|p2b: Ting-Lu|Ruination|p1a: Grimmsnarl\n|-damage|p1a: Grimmsnarl|50\/100\n|move|p1a: Grimmsnarl|Foul Play|p2a: Dragonite\n|-damage|p2a: Dragonite|75\/100\n|\n|upkeep\n|turn|2\n|inactive|Damayr has 30 seconds left.\n|\n|t:|1682154875\n|switch|p2b: Arcanine|Arcanine, L50, F|100\/100\n|-ability|p2b: Arcanine|Intimidate|boost\n|-unboost|p1a: Grimmsnarl|atk|1\n|-unboost|p1b: Hawlucha|atk|1\n|-terastallize|p2a: Dragonite|Flying\n|-terastallize|p1b: Hawlucha|Steel\n|move|p1a: Grimmsnarl|Swagger|p1b: Hawlucha\n|-boost|p1b: Hawlucha|atk|2\n|-start|p1b: Hawlucha|confusion\n|-enditem|p1b: Hawlucha|Persim Berry|[eat]\n|-end|p1b: Hawlucha|confusion\n|move|p2a: Dragonite|Tera Blast|p1b: Hawlucha\n|-resisted|p1b: Hawlucha\n|-damage|p1b: Hawlucha|69\/100\n|move|p1b: Hawlucha|Acrobatics|p2a: Dragonite\n|-damage|p2a: Dragonite|1\/100\n|\n|upkeep\n|turn|3\n|inactive|Damayr has 30 seconds left.\n|\n|t:|1682154909\n|move|p1b: Hawlucha|Protect|p1b: Hawlucha\n|-singleturn|p1b: Hawlucha|Protect\n|move|p2b: Arcanine|Flare Blitz|p1b: Hawlucha\n|-activate|p1b: Hawlucha|move: Protect\n|move|p2a: Dragonite|Tera Blast|p1a: Grimmsnarl\n|-damage|p1a: Grimmsnarl|0 fnt\n|faint|p1a: Grimmsnarl\n|\n|upkeep\n|\n|t:|1682154924\n|switch|p1a: Flutter Mane|Flutter Mane, L50|100\/100\n|turn|4\n|\n|t:|1682154938\n|-end|p1a: Flutter Mane|Protosynthesis|[silent]\n|switch|p1a: Farigiraf|Farigiraf, L50, F|100\/100\n|move|p1b: Hawlucha|Protect||[still]\n|-fail|p1b: Hawlucha\n|move|p2b: Arcanine|Flare Blitz|p1b: Hawlucha\n|-supereffective|p1b: Hawlucha\n|-damage|p1b: Hawlucha|0 fnt\n|faint|p1b: Hawlucha\n|-damage|p2b: Arcanine|79\/100|[from] Recoil\n|move|p2a: Dragonite|Tera Blast|p1a: Farigiraf\n|-damage|p1a: Farigiraf|46\/100\n|\n|-sideend|p2: hnknt|move: Tailwind\n|upkeep\n|\n|t:|1682154952\n|switch|p1b: Flutter Mane|Flutter Mane, L50|100\/100\n|turn|5\n|\n|t:|1682154966\n|move|p1b: Flutter Mane|Dazzling Gleam|p2a: Dragonite|[spread] p2a,p2b\n|-resisted|p2b: Arcanine\n|-damage|p2a: Dragonite|0 fnt\n|-damage|p2b: Arcanine|52\/100\n|faint|p2a: Dragonite\n|move|p2b: Arcanine|Flare Blitz|p1b: Flutter Mane\n|-damage|p1b: Flutter Mane|0 fnt\n|faint|p1b: Flutter Mane\n|-end|p1b: Flutter Mane|Protosynthesis|[silent]\n|-damage|p2b: Arcanine|29\/100|[from] Recoil\n|move|p1a: Farigiraf|Hyper Voice|p2b: Arcanine\n|-damage|p2b: Arcanine|0 fnt\n|faint|p2b: Arcanine\n|-enditem|p1a: Farigiraf|Throat Spray\n|-boost|p1a: Farigiraf|spa|1|[from] item: Throat Spray\n|\n|upkeep\n|\n|t:|1682154972\n|switch|p2b: Flutter Mane|Flutter Mane, L50|100\/100\n|switch|p2a: Ting-Lu|Ting-Lu, L50|100\/100\n|-ability|p2a: Ting-Lu|Vessel of Ruin\n|turn|6\n|l|\u2606Damayr\n|inactive|Damayr disconnected and has a minute to reconnect!\n|player|p1|\n|j| anuunuu\n|inactive|Damayr has 30 seconds left.\n|inactive|Damayr has 20 seconds left.\n|inactive|Damayr has 15 seconds left.\n|inactive|Damayr has 10 seconds left.\n|inactive|Damayr has 5 seconds left.\n|-message|Damayr lost due to inactivity.\n|\n|win|hnknt\n|raw|Damayr's rating: 1460 → 1439<\/strong> (-21 for losing)\n|raw|hnknt's rating: 1445 → 1466<\/strong> (+21 for winning)\n","uploadtime":1682155037,"views":7,"p1id":"damayr","p2id":"hnknt","formatid":"gen9vgc2023regulationc","rating":1439,"private":0,"password":""}