{"id":"gen9vgc2023regulationc-1845244334","p1":"CarmelPopcorn","p2":"FlynnHunter7","format":"[Gen 9] VGC 2023 Regulation C","log":"|j|\u2606CarmelPopcorn\n|j|\u2606FlynnHunter7\n|t:|1681701270\n|gametype|doubles\n|player|p1|CarmelPopcorn|depotagent|1052\n|player|p2|FlynnHunter7|hilbert|1082\n|teamsize|p1|6\n|teamsize|p2|6\n|gen|9\n|tier|[Gen 9] VGC 2023 Regulation C\n|rated|\n|rule|Species Clause: Limit one of each Pok\u00e9mon\n|rule|Item Clause: Limit one of each item\n|clearpoke\n|poke|p1|Armarouge, L50, M|\n|poke|p1|Iron Jugulis, L50|\n|poke|p1|Palafin, L50, M|\n|poke|p1|Chien-Pao, L50|\n|poke|p1|Indeedee-F, L50, F|\n|poke|p1|Chi-Yu, L50|\n|poke|p2|Palafin, L50, M|\n|poke|p2|Arcanine, L50, M|\n|poke|p2|Amoonguss, L50, M|\n|poke|p2|Flutter Mane, L50|\n|poke|p2|Wo-Chien, L50|\n|poke|p2|Ting-Lu, L50|\n|teampreview|4\n|inactive|Battle timer is ON: inactive players will automatically lose when time's up. (requested by FlynnHunter7)\nFlynnHunter7 has agreed to open team sheets.\n|inactive|CarmelPopcorn has 60 seconds left.\n|\n|t:|1681701301\n|start\n|switch|p1a: Godfrey|Palafin, L50, M|100\/100\n|switch|p1b: Maliketh|Chien-Pao, L50|100\/100\n|switch|p2a: Wo-Chien|Wo-Chien, L50|100\/100\n|switch|p2b: Palafin|Palafin, L50, M|100\/100\n|-ability|p1b: Maliketh|Sword of Ruin\n|-ability|p2a: Wo-Chien|Tablets of Ruin\n|turn|1\n|\n|t:|1681701321\n|detailschange|p2b: Palafin|Palafin-Hero, L50, M\n|switch|p2b: Arcanine|Arcanine, L50, M|100\/100\n|-ability|p2b: Arcanine|Intimidate|boost\n|-unboost|p1a: Godfrey|atk|1\n|-unboost|p1b: Maliketh|atk|1\n|move|p1a: Godfrey|Protect|p1a: Godfrey\n|-singleturn|p1a: Godfrey|Protect\n|move|p1b: Maliketh|Ice Spinner|p2a: Wo-Chien\n|-supereffective|p2a: Wo-Chien\n|-damage|p2a: Wo-Chien|63\/100\n|move|p2a: Wo-Chien|Leech Seed|p1b: Maliketh\n|-start|p1b: Maliketh|move: Leech Seed\n|\n|-heal|p2a: Wo-Chien|69\/100|[from] item: Leftovers\n|-damage|p1b: Maliketh|88\/100|[from] Leech Seed|[of] p2a: Wo-Chien\n|-heal|p2a: Wo-Chien|80\/100|[silent]\n|upkeep\n|turn|2\n|inactive|CarmelPopcorn has 30 seconds left.\n|inactive|CarmelPopcorn has 20 seconds left.\n|inactive|CarmelPopcorn has 15 seconds left.\n|\n|t:|1681701364\n|detailschange|p1a: Godfrey|Palafin-Hero, L50, M\n|switch|p1a: Radahn|Chi-Yu, L50|100\/100\n|-ability|p1a: Radahn|Beads of Ruin\n|move|p1b: Maliketh|Protect|p1b: Maliketh\n|-singleturn|p1b: Maliketh|Protect\n|move|p2b: Arcanine|Wild Charge|p1a: Radahn\n|-damage|p1a: Radahn|51\/100\n|-damage|p2b: Arcanine|91\/100|[from] Recoil\n|move|p2a: Wo-Chien|Leech Seed|p1a: Radahn\n|-start|p1a: Radahn|move: Leech Seed\n|\n|-heal|p2a: Wo-Chien|86\/100|[from] item: Leftovers\n|-damage|p1b: Maliketh|76\/100|[from] Leech Seed|[of] p2a: Wo-Chien\n|-heal|p2a: Wo-Chien|96\/100|[silent]\n|-damage|p1a: Radahn|39\/100|[from] Leech Seed|[of] p2a: Wo-Chien\n|-heal|p2a: Wo-Chien|100\/100|[silent]\n|upkeep\n|turn|3\n|inactive|CarmelPopcorn has 30 seconds left.\n|inactive|FlynnHunter7 has 30 seconds left.\n|\n|t:|1681701394\n|switch|p2b: Ting-Lu|Ting-Lu, L50|100\/100\n|-ability|p2b: Ting-Lu|Vessel of Ruin\n|move|p2a: Wo-Chien|Protect|p2a: Wo-Chien\n|-singleturn|p2a: Wo-Chien|Protect\n|move|p1b: Maliketh|Ice Spinner|p2a: Wo-Chien\n|-activate|p2a: Wo-Chien|move: Protect\n|move|p1a: Radahn|Heat Wave|p2b: Ting-Lu|[spread] p2b\n|-activate|p2a: Wo-Chien|move: Protect\n|-damage|p2b: Ting-Lu|85\/100\n|\n|-damage|p1b: Maliketh|64\/100|[from] Leech Seed|[of] p2a: Wo-Chien\n|-damage|p1a: Radahn|26\/100|[from] Leech Seed|[of] p2a: Wo-Chien\n|upkeep\n|turn|4\n|\n|t:|1681701412\n|move|p1b: Maliketh|Ice Spinner|p2b: Ting-Lu\n|-supereffective|p2b: Ting-Lu\n|-damage|p2b: Ting-Lu|57\/100\n|move|p1a: Radahn|Heat Wave|p2a: Wo-Chien|[spread] p2a,p2b\n|-supereffective|p2a: Wo-Chien\n|-crit|p2a: Wo-Chien\n|-damage|p2a: Wo-Chien|11\/100\n|-damage|p2b: Ting-Lu|40\/100\n|move|p2a: Wo-Chien|Giga Drain|p1b: Maliketh\n|-damage|p1b: Maliketh|25\/100\n|-heal|p2a: Wo-Chien|28\/100|[from] drain|[of] p1b: Maliketh\n|move|p2b: Ting-Lu|Rock Slide|p1a: Radahn|[spread] p1a,p1b\n|-supereffective|p1a: Radahn\n|-supereffective|p1b: Maliketh\n|-damage|p1a: Radahn|0 fnt\n|-damage|p1b: Maliketh|0 fnt\n|faint|p1a: Radahn\n|faint|p1b: Maliketh\n|\n|-heal|p2a: Wo-Chien|34\/100|[from] item: Leftovers\n|upkeep\n|\n|t:|1681701422\n|switch|p1b: Deathbed Fia|Indeedee-F, L50, F|100\/100\n|switch|p1a: Godfrey|Palafin-Hero, L50, M|100\/100\n|-activate|p1a: Godfrey|ability: Zero to Hero\n|-fieldstart|move: Psychic Terrain|[from] ability: Psychic Surge|[of] p1b: Deathbed Fia\n|-enditem|p1b: Deathbed Fia|Psychic Seed\n|-boost|p1b: Deathbed Fia|spd|1|[from] item: Psychic Seed\n|turn|5\n|\n|t:|1681701445\n|-terastallize|p1a: Godfrey|Water\n|-terastallize|p2b: Ting-Lu|Water\n|move|p1a: Godfrey|Wave Crash|p2b: Ting-Lu\n|-resisted|p2b: Ting-Lu\n|-damage|p2b: Ting-Lu|14\/100\n|-damage|p1a: Godfrey|88\/100|[from] Recoil\n|move|p1b: Deathbed Fia|Dazzling Gleam|p2a: Wo-Chien|[spread] p2a,p2b\n|-supereffective|p2a: Wo-Chien\n|-damage|p2a: Wo-Chien|20\/100\n|-damage|p2b: Ting-Lu|9\/100\n|move|p2a: Wo-Chien|Leech Seed|p1a: Godfrey\n|-start|p1a: Godfrey|move: Leech Seed\n|move|p2b: Ting-Lu|Fissure|p1b: Deathbed Fia\n|-damage|p1b: Deathbed Fia|0 fnt\n|faint|p1b: Deathbed Fia\n|-ohko\n|\n|-heal|p2a: Wo-Chien|26\/100|[from] item: Leftovers\n|-damage|p1a: Godfrey|76\/100|[from] Leech Seed|[of] p2a: Wo-Chien\n|-heal|p2a: Wo-Chien|38\/100|[silent]\n|upkeep\n|turn|6\n|\n|t:|1681701467\n|move|p2a: Wo-Chien|Protect|p2a: Wo-Chien\n|-singleturn|p2a: Wo-Chien|Protect\n|move|p1a: Godfrey|Wave Crash|p2b: Ting-Lu\n|-resisted|p2b: Ting-Lu\n|-damage|p2b: Ting-Lu|0 fnt\n|faint|p2b: Ting-Lu\n|-damage|p1a: Godfrey|72\/100|[from] Recoil\n|\n|-heal|p2a: Wo-Chien|44\/100|[from] item: Leftovers\n|-damage|p1a: Godfrey|60\/100|[from] Leech Seed|[of] p2a: Wo-Chien\n|-heal|p2a: Wo-Chien|55\/100|[silent]\n|upkeep\n|-message|CarmelPopcorn forfeited.\n|\n|win|FlynnHunter7\n|raw|CarmelPopcorn's rating: 1052 → 1036<\/strong> (-16 for losing)\n|raw|FlynnHunter7's rating: 1082 → 1107<\/strong> (+25 for winning)\n|l|\u2606CarmelPopcorn\n","uploadtime":1681701480,"views":10,"p1id":"carmelpopcorn","p2id":"flynnhunter7","formatid":"gen9vgc2023regulationc","rating":1036,"private":0,"password":""}