{"id":"gen9vgc2023regulationc-1862858507","p1":"Pinkleberry","p2":"wersdgsb","format":"[Gen 9] VGC 2023 Regulation C","log":"|j|\u2606Pinkleberry\n|j|\u2606wersdgsb\n|t:|1683930154\n|gametype|doubles\n|player|p1|Pinkleberry|idol|1040\n|player|p2|wersdgsb|169|1000\n|teamsize|p1|6\n|teamsize|p2|6\n|gen|9\n|tier|[Gen 9] VGC 2023 Regulation C\n|rated|\n|rule|Species Clause: Limit one of each Pok\u00e9mon\n|rule|Item Clause: Limit one of each item\n|clearpoke\n|poke|p1|Greedent, L50, M|\n|poke|p1|Ting-Lu, L50|\n|poke|p1|Flamigo, L50, F|\n|poke|p1|Bronzong, L50|\n|poke|p1|Gyarados, L50, M|\n|poke|p1|Rotom-Mow, L50|\n|poke|p2|Dragonite, L50, F|\n|poke|p2|Chien-Pao, L50|\n|poke|p2|Kingambit, L50, F|\n|poke|p2|Amoonguss, L50, F|\n|poke|p2|Altaria, L50, M|\n|poke|p2|Arcanine, L50, F|\n|teampreview|4\n|inactive|Battle timer is ON: inactive players will automatically lose when time's up. (requested by Pinkleberry)\n|\n|t:|1683930184\n|start\n|switch|p1a: Greedent|Greedent, L50, M|100\/100\n|switch|p1b: Bronzong|Bronzong, L50|100\/100\n|switch|p2a: Dragonite|Dragonite, L50, F|100\/100\n|switch|p2b: Arcanine|Arcanine, L50, F|100\/100\n|-ability|p2b: Arcanine|Intimidate|boost\n|-unboost|p1a: Greedent|atk|1\n|-unboost|p1b: Bronzong|atk|1\n|turn|1\n|\n|t:|1683930202\n|-terastallize|p2a: Dragonite|Flying\n|move|p2b: Arcanine|Flare Blitz|p1b: Bronzong\n|-supereffective|p1b: Bronzong\n|-damage|p1b: Bronzong|38\/100\n|-status|p1b: Bronzong|brn\n|-damage|p2b: Arcanine|82\/100|[from] Recoil\n|move|p2a: Dragonite|Tera Blast|p1b: Bronzong\n|-resisted|p1b: Bronzong\n|-damage|p1b: Bronzong|2\/100 brn\n|move|p1a: Greedent|Stuff Cheeks|p1a: Greedent\n|-boost|p1a: Greedent|def|2\n|-enditem|p1a: Greedent|Salac Berry|[eat]\n|-boost|p1a: Greedent|spe|1|[from] item: Salac Berry\n|move|p1b: Bronzong|Trick Room|p1b: Bronzong\n|-fieldstart|move: Trick Room|[of] p1b: Bronzong\n|\n|-damage|p1b: Bronzong|0 fnt|[from] brn\n|faint|p1b: Bronzong\n|upkeep\n|\n|t:|1683930221\n|switch|p1b: Ting-Lu|Ting-Lu, L50|100\/100\n|-ability|p1b: Ting-Lu|Vessel of Ruin\n|turn|2\n|\n|t:|1683930242\n|move|p1b: Ting-Lu|Rock Slide|p2a: Dragonite|[spread] p2a,p2b\n|-supereffective|p2a: Dragonite\n|-supereffective|p2b: Arcanine\n|-damage|p2a: Dragonite|76\/100\n|-damage|p2b: Arcanine|34\/100\n|move|p1a: Greedent|Body Press|p2b: Arcanine\n|-damage|p2b: Arcanine|2\/100\n|move|p2a: Dragonite|Tera Blast|p1a: Greedent\n|-damage|p1a: Greedent|63\/100\n|cant|p2b: Arcanine|flinch\n|\n|upkeep\n|turn|3\n|inactive|wersdgsb has 30 seconds left.\n|\n|t:|1683930269\n|switch|p2b: Kingambit|Kingambit, L50, F|100\/100\n|move|p1b: Ting-Lu|Rock Slide|p2a: Dragonite|[spread] p2a,p2b\n|-supereffective|p2a: Dragonite\n|-resisted|p2b: Kingambit\n|-damage|p2a: Dragonite|29\/100\n|-damage|p2b: Kingambit|91\/100\n|move|p1a: Greedent|Body Press|p2a: Dragonite\n|-resisted|p2a: Dragonite\n|-damage|p2a: Dragonite|13\/100\n|move|p2a: Dragonite|Tera Blast|p1a: Greedent\n|-damage|p1a: Greedent|28\/100\n|\n|upkeep\n|turn|4\n|\n|t:|1683930286\n|switch|p2a: Arcanine|Arcanine, L50, F|2\/100\n|-ability|p2a: Arcanine|Intimidate|boost\n|-unboost|p1a: Greedent|atk|1\n|-unboost|p1b: Ting-Lu|atk|1\n|move|p2b: Kingambit|Sucker Punch|p1a: Greedent\n|-damage|p1a: Greedent|10\/100\n|move|p1b: Ting-Lu|Rock Slide|p2b: Kingambit|[spread] p2a,p2b\n|-supereffective|p2a: Arcanine\n|-resisted|p2b: Kingambit\n|-damage|p2a: Arcanine|0 fnt\n|-damage|p2b: Kingambit|85\/100\n|faint|p2a: Arcanine\n|move|p1a: Greedent|Body Press|p2b: Kingambit\n|-supereffective|p2b: Kingambit\n|-damage|p2b: Kingambit|0 fnt\n|faint|p2b: Kingambit\n|\n|upkeep\n|\n|t:|1683930299\n|switch|p2b: Dragonite|Dragonite, L50, F, tera:Flying|13\/100\n|switch|p2a: Chien-Pao|Chien-Pao, L50|100\/100\n|-ability|p2a: Chien-Pao|Sword of Ruin\n|turn|5\n|\n|t:|1683930315\n|-terastallize|p1b: Ting-Lu|Poison\n|move|p2a: Chien-Pao|Sucker Punch|p1a: Greedent\n|-damage|p1a: Greedent|0 fnt\n|faint|p1a: Greedent\n|move|p1b: Ting-Lu|Rock Slide|p2b: Dragonite|[spread] p2a,p2b\n|-supereffective|p2a: Chien-Pao\n|-supereffective|p2b: Dragonite\n|-damage|p2a: Chien-Pao|51\/100\n|-damage|p2b: Dragonite|0 fnt\n|faint|p2b: Dragonite\n|\n|-fieldend|move: Trick Room\n|upkeep\n|\n|t:|1683930322\n|switch|p1a: Rotom|Rotom-Mow, L50|100\/100\n|turn|6\n|\n|t:|1683930331\n|move|p2a: Chien-Pao|Ice Spinner|p1a: Rotom\n|-supereffective|p1a: Rotom\n|-damage|p1a: Rotom|0 fnt\n|faint|p1a: Rotom\n|move|p1b: Ting-Lu|Rock Slide|p2a: Chien-Pao\n|-supereffective|p2a: Chien-Pao\n|-damage|p2a: Chien-Pao|0 fnt\n|faint|p2a: Chien-Pao\n|\n|win|Pinkleberry\n|raw|Pinkleberry's rating: 1040 → 1070<\/strong> (+30 for winning)\n|raw|wersdgsb's rating: 1000 → 1000<\/strong> (+0 for losing)\n|l|\u2606wersdgsb\n","uploadtime":1683930384,"views":12,"p1id":"pinkleberry","p2id":"wersdgsb","formatid":"gen9vgc2023regulationc","rating":1000,"private":0,"password":""}