{"id":"gen9vgc2023regulationc-1854720744","p1":"bravadomercenary","p2":"ELEVEN BUT POKEMEN","format":"[Gen 9] VGC 2023 Regulation C","log":"|j|\u2606bravadomercenary\n|j|\u2606ELEVEN BUT POKEMEN\n|t:|1682856538\n|gametype|doubles\n|player|p1|bravadomercenary|265|1105\n|player|p2|ELEVEN BUT POKEMEN|ninjaboy|1042\n|teamsize|p1|6\n|teamsize|p2|6\n|gen|9\n|tier|[Gen 9] VGC 2023 Regulation C\n|rated|\n|rule|Species Clause: Limit one of each Pok\u00e9mon\n|rule|Item Clause: Limit one of each item\n|clearpoke\n|poke|p1|Palafin, L50, F|\n|poke|p1|Flutter Mane, L50|\n|poke|p1|Indeedee-F, L50, F|\n|poke|p1|Armarouge, L50, F|\n|poke|p1|Ting-Lu, L50|\n|poke|p1|Iron Hands, L50|\n|poke|p2|Kingambit, L50, F|\n|poke|p2|Ting-Lu, L50|\n|poke|p2|Palafin, L50, F|\n|poke|p2|Amoonguss, L50, F|\n|poke|p2|Arcanine, L50, M|\n|poke|p2|Flutter Mane, L50|\n|teampreview|4\n|inactive|Battle timer is ON: inactive players will automatically lose when time's up. (requested by bravadomercenary)\n|inactive|bravadomercenary has 60 seconds left.\n|\n|t:|1682856574\n|start\n|switch|p1a: Palafin|Palafin, L50, F|100\/100\n|switch|p1b: Armarouge|Armarouge, L50, F|100\/100\n|switch|p2a: Gotham chess|Kingambit, L50, F|100\/100\n|switch|p2b: Amoonguss|Amoonguss, L50, F|100\/100\n|turn|1\n|\n|t:|1682856591\n|detailschange|p1a: Palafin|Palafin-Hero, L50, F\n|switch|p1a: Indeedee|Indeedee-F, L50, F|100\/100\n|-fieldstart|move: Psychic Terrain|[from] ability: Psychic Surge|[of] p1a: Indeedee\n|-terastallize|p1b: Armarouge|Grass\n|move|p2b: Amoonguss|Rage Powder|p2b: Amoonguss\n|-singleturn|p2b: Amoonguss|move: Rage Powder\n|move|p1b: Armarouge|Armor Cannon|p2a: Gotham chess\n|-supereffective|p2a: Gotham chess\n|-enditem|p2a: Gotham chess|Focus Sash\n|-damage|p2a: Gotham chess|1\/100\n|-unboost|p1b: Armarouge|def|1\n|-unboost|p1b: Armarouge|spd|1\n|-damage|p1b: Armarouge|91\/100|[from] item: Life Orb\n|move|p2a: Gotham chess|Substitute|p2a: Gotham chess\n|-fail|p2a: Gotham chess|move: Substitute|[weak]\n|\n|upkeep\n|turn|2\n|inactive|ELEVEN BUT POKEMEN has 30 seconds left.\n|\n|t:|1682856622\n|switch|p2a: Xiao-ling|Ting-Lu, L50|100\/100\n|-ability|p2a: Xiao-ling|Vessel of Ruin\n|switch|p2b: DOG|Arcanine, L50, M|100\/100\n|-ability|p2b: DOG|Intimidate|boost\n|-unboost|p1a: Indeedee|atk|1\n|-unboost|p1b: Armarouge|atk|1\n|move|p1b: Armarouge|Protect|p1b: Armarouge\n|-singleturn|p1b: Armarouge|Protect\n|move|p1a: Indeedee|Dazzling Gleam|p2b: DOG|[spread] p2a,p2b\n|-supereffective|p2a: Xiao-ling\n|-resisted|p2b: DOG\n|-crit|p2b: DOG\n|-damage|p2a: Xiao-ling|87\/100\n|-damage|p2b: DOG|92\/100\n|\n|upkeep\n|turn|3\n|inactive|ELEVEN BUT POKEMEN has 30 seconds left.\n|inactive|ELEVEN BUT POKEMEN has 20 seconds left.\n|\n|t:|1682856657\n|move|p1a: Indeedee|Helping Hand|p1b: Armarouge\n|-singleturn|p1b: Armarouge|Helping Hand|[of] p1a: Indeedee\n|move|p2b: DOG|Flare Blitz|p1b: Armarouge\n|-start|p1b: Armarouge|ability: Flash Fire\n|move|p1b: Armarouge|Energy Ball|p2a: Xiao-ling\n|-supereffective|p2a: Xiao-ling\n|-damage|p2a: Xiao-ling|0 fnt\n|faint|p2a: Xiao-ling\n|-damage|p1b: Armarouge|81\/100|[from] item: Life Orb\n|\n|upkeep\n|\n|t:|1682856668\n|switch|p2a: Gotham chess|Kingambit, L50, F|1\/100\n|turn|4\n|inactive|bravadomercenary has 30 seconds left.\n|\n|t:|1682856693\n|move|p1b: Armarouge|Protect|p1b: Armarouge\n|-singleturn|p1b: Armarouge|Protect\n|move|p2b: DOG|Close Combat|p1a: Indeedee\n|-damage|p1a: Indeedee|65\/100\n|-unboost|p2b: DOG|def|1\n|-unboost|p2b: DOG|spd|1\n|move|p1a: Indeedee|Dazzling Gleam|p2a: Gotham chess|[spread] p2a,p2b\n|-resisted|p2b: DOG\n|-damage|p2a: Gotham chess|0 fnt\n|-damage|p2b: DOG|82\/100\n|faint|p2a: Gotham chess\n|\n|upkeep\n|\n|t:|1682856710\n|switch|p2a: Amoonguss|Amoonguss, L50, F|100\/100\n|turn|5\n|\n|t:|1682856722\n|move|p1a: Indeedee|Helping Hand|p1b: Armarouge\n|-singleturn|p1b: Armarouge|Helping Hand|[of] p1a: Indeedee\n|move|p2b: DOG|Play Rough|p1b: Armarouge\n|-damage|p1b: Armarouge|38\/100\n|-unboost|p1b: Armarouge|atk|1\n|move|p1b: Armarouge|Expanding Force|p2a: Amoonguss|[spread] p2a,p2b\n|-supereffective|p2a: Amoonguss\n|-damage|p2a: Amoonguss|0 fnt\n|-damage|p2b: DOG|0 fnt\n|faint|p2a: Amoonguss\n|faint|p2b: DOG\n|-damage|p1b: Armarouge|28\/100|[from] item: Life Orb\n|\n|win|bravadomercenary\n|raw|bravadomercenary's rating: 1105 → 1126<\/strong> (+21 for winning)\n|raw|ELEVEN BUT POKEMEN's rating: 1042 → 1029<\/strong> (-13 for losing)\n|l|\u2606ELEVEN BUT POKEMEN\n","uploadtime":1682856735,"views":15,"p1id":"bravadomercenary","p2id":"elevenbutpokemen","formatid":"gen9vgc2023regulationc","rating":1029,"private":0,"password":""}