{"id":"gen9vgc2023regulationc-1850631803","p1":"MiniMuesli","p2":"auiauiladot","format":"[Gen 9] VGC 2023 Regulation C","log":"|j|\u2606MiniMuesli\n|j|\u2606auiauiladot\n|t:|1682354580\n|gametype|doubles\n|player|p1|MiniMuesli|266|1301\n|player|p2|auiauiladot|beauty-gen4dp|1312\n|teamsize|p1|6\n|teamsize|p2|6\n|gen|9\n|tier|[Gen 9] VGC 2023 Regulation C\n|rated|\n|rule|Species Clause: Limit one of each Pok\u00e9mon\n|rule|Item Clause: Limit one of each item\n|clearpoke\n|poke|p1|Indeedee-F, L50, F|\n|poke|p1|Armarouge, L50, M|\n|poke|p1|Torkoal, L50, M|\n|poke|p1|Hatterene, L50, F|\n|poke|p1|Kingambit, L50, M|\n|poke|p1|Annihilape, L50, M|\n|poke|p2|Farigiraf, L50, F|\n|poke|p2|Torkoal, L50, F|\n|poke|p2|Great Tusk, L50|\n|poke|p2|Garganacl, L50, M|\n|poke|p2|Ting-Lu, L50|\n|poke|p2|Orthworm, L50, F|\n|teampreview|4\n|inactive|Battle timer is ON: inactive players will automatically lose when time's up. (requested by MiniMuesli)\n|\n|t:|1682354601\n|start\n|switch|p1a: Indeedee|Indeedee-F, L50, F|100\/100\n|switch|p1b: Armarouge|Armarouge, L50, M|100\/100\n|switch|p2a: <3|Farigiraf, L50, F, shiny|100\/100\n|switch|p2b: salt cure|Garganacl, L50, M, shiny|100\/100\n|-fieldstart|move: Psychic Terrain|[from] ability: Psychic Surge|[of] p1a: Indeedee\n|-enditem|p1a: Indeedee|Psychic Seed\n|-boost|p1a: Indeedee|spd|1|[from] item: Psychic Seed\n|turn|1\n|\n|t:|1682354623\n|move|p2b: salt cure|Wide Guard|p2b: salt cure\n|-singleturn|p2b: salt cure|Wide Guard\n|move|p1a: Indeedee|Follow Me|p1a: Indeedee\n|-singleturn|p1a: Indeedee|move: Follow Me\n|move|p2a: <3|Trick Room|p2a: <3\n|-fieldstart|move: Trick Room|[of] p2a: <3\n|move|p1b: Armarouge|Trick Room|p1b: Armarouge\n|-fieldend|move: Trick Room\n|\n|upkeep\n|turn|2\n|inactive|MiniMuesli has 30 seconds left.\n|\n|t:|1682354650\n|move|p2b: salt cure|Wide Guard|p2b: salt cure\n|-singleturn|p2b: salt cure|Wide Guard\n|move|p1a: Indeedee|Dazzling Gleam|p2b: salt cure|[spread] \n|-activate|p2a: <3|move: Wide Guard\n|-activate|p2b: salt cure|move: Wide Guard\n|move|p1b: Armarouge|Expanding Force|p2b: salt cure|[spread] \n|-activate|p2a: <3|move: Wide Guard\n|-activate|p2b: salt cure|move: Wide Guard\n|move|p2a: <3|Trick Room|p2a: <3\n|-fieldstart|move: Trick Room|[of] p2a: <3\n|\n|upkeep\n|turn|3\n|\n|t:|1682354666\n|-terastallize|p2b: salt cure|Normal\n|move|p2a: <3|Protect|p2a: <3\n|-singleturn|p2a: <3|Protect\n|move|p1a: Indeedee|Follow Me|p1a: Indeedee\n|-singleturn|p1a: Indeedee|move: Follow Me\n|move|p2b: salt cure|Explosion|p1a: Indeedee|[spread] p1a,p1b\n|-activate|p2a: <3|move: Protect\n|-enditem|p2b: salt cure|Normal Gem|[from] gem\n|-damage|p1a: Indeedee|0 fnt\n|-damage|p1b: Armarouge|0 fnt\n|faint|p2b: salt cure\n|faint|p1a: Indeedee\n|faint|p1b: Armarouge\n|\n|upkeep\n|inactive|MiniMuesli has 30 seconds left.\n|inactive|MiniMuesli has 20 seconds left.\n|inactive|MiniMuesli has 15 seconds left.\n|inactive|MiniMuesli has 10 seconds left.\n|\n|t:|1682354714\n|switch|p2b: Torkoal|Torkoal, L50, F, shiny|100\/100\n|switch|p1b: Hatterene|Hatterene, L50, F|100\/100\n|switch|p1a: Torkoal|Torkoal, L50, M|100\/100\n|-weather|SunnyDay|[from] ability: Drought|[of] p1a: Torkoal\n|turn|4\n|\n|t:|1682354727\n|-terastallize|p1a: Torkoal|Fire\n|move|p1a: Torkoal|Eruption|p2b: Torkoal|[spread] p2a,p2b\n|-resisted|p2b: Torkoal\n|-damage|p2a: <3|0 fnt\n|-damage|p2b: Torkoal|27\/100\n|faint|p2a: <3\n|move|p2b: Torkoal|Earth Power|p1a: Torkoal\n|-supereffective|p1a: Torkoal\n|-damage|p1a: Torkoal|26\/100\n|move|p1b: Hatterene|Psychic|p2b: Torkoal\n|-damage|p2b: Torkoal|0 fnt\n|faint|p2b: Torkoal\n|-damage|p1b: Hatterene|91\/100|[from] item: Life Orb\n|\n|-weather|SunnyDay|[upkeep]\n|upkeep\n|\n|t:|1682354742\n|switch|p2b: Great Tusk|Great Tusk, L50, shiny|100\/100\n|-activate|p2b: Great Tusk|ability: Protosynthesis\n|-start|p2b: Great Tusk|protosynthesisatk\n|turn|5\n|c|\u2606MiniMuesli|do you have the link of pokepast of your team?\n|\n|t:|1682354757\n|move|p1a: Torkoal|Flamethrower|p2b: Great Tusk\n|-enditem|p2b: Great Tusk|Focus Sash\n|-damage|p2b: Great Tusk|1\/100\n|move|p1b: Hatterene|Psychic|p2b: Great Tusk\n|-supereffective|p2b: Great Tusk\n|-crit|p2b: Great Tusk\n|-damage|p2b: Great Tusk|0 fnt\n|faint|p2b: Great Tusk\n|-end|p2b: Great Tusk|Protosynthesis|[silent]\n|-damage|p1b: Hatterene|82\/100|[from] item: Life Orb\n|\n|win|MiniMuesli\n|raw|MiniMuesli's rating: 1301 → 1322<\/strong> (+21 for winning)\n|raw|auiauiladot's rating: 1312 → 1291<\/strong> (-21 for losing)\n|l|\u2606auiauiladot\n","uploadtime":1682354871,"views":19,"p1id":"minimuesli","p2id":"auiauiladot","formatid":"gen9vgc2023regulationc","rating":1291,"private":0,"password":""}