{"id":"gen9vgc2023regulationc-1845563382","p1":"Iono_1118","p2":"cat vomiting","format":"[Gen 9] VGC 2023 Regulation C","log":"|j|\u2606Iono_1118\n|j|\u2606cat vomiting\n|t:|1681745324\n|gametype|doubles\n|player|p1|Iono_1118|iono|\n|player|p2|cat vomiting|roxie|\n|teamsize|p1|6\n|teamsize|p2|6\n|gen|9\n|tier|[Gen 9] VGC 2023 Regulation C\n|rule|Species Clause: Limit one of each Pok\u00e9mon\n|rule|Item Clause: Limit one of each item\n|clearpoke\n|poke|p1|Bellibolt, L50, F|\n|poke|p1|Wo-Chien, L50|\n|poke|p1|Scizor, L50, M|\n|poke|p1|Arcanine, L50, F|\n|poke|p1|Flutter Mane, L50|\n|poke|p1|Palafin, L50, M|\n|poke|p2|Baxcalibur, L50, F|\n|poke|p2|Scream Tail, L50|\n|poke|p2|Gyarados, L50, F|\n|poke|p2|Great Tusk, L50|\n|poke|p2|Iron Hands, L50|\n|poke|p2|Corviknight, L50, F|\n|teampreview|4\ncat vomiting has agreed to open team sheets.\nIono_1118 has agreed to open team sheets.\n|\n|t:|1681745380\n|start\n|switch|p1a: \u6a5f\u7532\u52c7\u8005|Scizor, L50, M, shiny|100\/100\n|switch|p1b: \u5947\u6a39\u86d9\u86d9|Bellibolt, L50, F, shiny|100\/100\n|switch|p2a: Scream Tail|Scream Tail, L50|100\/100\n|switch|p2b: Corviknight|Corviknight, L50, F|100\/100\n|-enditem|p2a: Scream Tail|Booster Energy\n|-activate|p2a: Scream Tail|ability: Protosynthesis|[fromitem]\n|-start|p2a: Scream Tail|protosynthesisspe\n|turn|1\n|inactive|Battle timer is ON: inactive players will automatically lose when time's up. (requested by cat vomiting)\n|\n|t:|1681745451\n|-end|p2a: Scream Tail|Protosynthesis|[silent]\n|switch|p2a: Gyarados|Gyarados, L50, F|100\/100\n|-ability|p2a: Gyarados|Intimidate|boost\n|-fail|p1a: \u6a5f\u7532\u52c7\u8005|unboost|[from] item: Clear Amulet|[of] p1a: \u6a5f\u7532\u52c7\u8005\n|-unboost|p1b: \u5947\u6a39\u86d9\u86d9|atk|1\n|-terastallize|p1b: \u5947\u6a39\u86d9\u86d9|Water\n|move|p1a: \u6a5f\u7532\u52c7\u8005|Bullet Punch|p2a: Gyarados\n|-resisted|p2a: Gyarados\n|-damage|p2a: Gyarados|84\/100\n|move|p2b: Corviknight|Bulk Up|p2b: Corviknight\n|-boost|p2b: Corviknight|atk|1\n|-boost|p2b: Corviknight|def|1\n|move|p1b: \u5947\u6a39\u86d9\u86d9|Muddy Water|p2a: Gyarados|[spread] p2a,p2b\n|-resisted|p2a: Gyarados\n|-damage|p2a: Gyarados|72\/100\n|-damage|p2b: Corviknight|75\/100\n|-unboost|p2a: Gyarados|accuracy|1\n|\n|upkeep\n|turn|2\n|inactive|Iono_1118 has 30 seconds left.\n|inactive|cat vomiting has 30 seconds left.\n|inactive|Iono_1118 has 20 seconds left.\n|inactive|cat vomiting has 20 seconds left.\n|inactive|Iono_1118 has 15 seconds left.\n|inactive|cat vomiting has 15 seconds left.\n|inactive|Iono_1118 has 10 seconds left.\n|inactive|Iono_1118 has 5 seconds left.\n|\n|t:|1681745503\n|switch|p2a: Scream Tail|Scream Tail, L50|100\/100\n|move|p1a: \u6a5f\u7532\u52c7\u8005|Bullet Punch|p1b: \u5947\u6a39\u86d9\u86d9\n|-resisted|p1b: \u5947\u6a39\u86d9\u86d9\n|-damage|p1b: \u5947\u6a39\u86d9\u86d9|90\/100\n|-start|p1b: \u5947\u6a39\u86d9\u86d9|Charge|Bullet Punch|[from] ability: Electromorphosis\n|move|p2b: Corviknight|Roost|p2b: Corviknight\n|-heal|p2b: Corviknight|100\/100\n|-singleturn|p2b: Corviknight|move: Roost\n|move|p1b: \u5947\u6a39\u86d9\u86d9|Parabolic Charge|p2a: Scream Tail|[spread] p1a,p2a,p2b\n|-damage|p1a: \u6a5f\u7532\u52c7\u8005|50\/100\n|-heal|p1b: \u5947\u6a39\u86d9\u86d9|100\/100|[from] drain|[of] p1a: \u6a5f\u7532\u52c7\u8005\n|-damage|p2a: Scream Tail|71\/100\n|-damage|p2b: Corviknight|65\/100\n|-end|p1b: \u5947\u6a39\u86d9\u86d9|Charge|[silent]\n|\n|upkeep\n|turn|3\n|inactive|Iono_1118 has 30 seconds left.\n|inactive|cat vomiting has 30 seconds left.\n|inactive|cat vomiting has 20 seconds left.\n|inactive|cat vomiting has 15 seconds left.\n|inactive|cat vomiting has 10 seconds left.\n|\n|t:|1681745552\n|switch|p1a: \u6211\u7684\u8d85\u4eba|Palafin, L50, M, shiny|100\/100\n|-terastallize|p2a: Scream Tail|Water\n|move|p2a: Scream Tail|Howl|p2a: Scream Tail|[spread] p2a,p2b\n|-boost|p2a: Scream Tail|atk|1\n|-boost|p2b: Corviknight|atk|1\n|move|p2b: Corviknight|Bulk Up|p2b: Corviknight\n|-boost|p2b: Corviknight|atk|1\n|-boost|p2b: Corviknight|def|1\n|move|p1b: \u5947\u6a39\u86d9\u86d9|Thunderbolt|p2b: Corviknight\n|-supereffective|p2b: Corviknight\n|-damage|p2b: Corviknight|0 fnt\n|faint|p2b: Corviknight\n|\n|upkeep\n|\n|t:|1681745565\n|switch|p2b: Baxcalibur|Baxcalibur, L50, F|100\/100\n|turn|4\n|inactive|Iono_1118 has 30 seconds left.\n|\n|t:|1681745598\n|move|p1a: \u6211\u7684\u8d85\u4eba|Protect|p1a: \u6211\u7684\u8d85\u4eba\n|-singleturn|p1a: \u6211\u7684\u8d85\u4eba|Protect\n|move|p2a: Scream Tail|Howl|p2a: Scream Tail|[spread] p2a,p2b\n|-boost|p2a: Scream Tail|atk|1\n|-boost|p2b: Baxcalibur|atk|1\n|move|p2b: Baxcalibur|Glaive Rush|p1b: \u5947\u6a39\u86d9\u86d9\n|-damage|p1b: \u5947\u6a39\u86d9\u86d9|29\/100\n|-singlemove|p2b: Baxcalibur|Glaive Rush|[silent]\n|-start|p1b: \u5947\u6a39\u86d9\u86d9|Charge|Glaive Rush|[from] ability: Electromorphosis\n|move|p1b: \u5947\u6a39\u86d9\u86d9|Parabolic Charge|p2a: Scream Tail|[spread] p2a,p2b\n|-activate|p1a: \u6211\u7684\u8d85\u4eba|move: Protect\n|-supereffective|p2a: Scream Tail\n|-resisted|p2b: Baxcalibur\n|-damage|p2a: Scream Tail|8\/100\n|-heal|p1b: \u5947\u6a39\u86d9\u86d9|66\/100|[from] drain|[of] p2a: Scream Tail\n|-damage|p2b: Baxcalibur|63\/100\n|-heal|p1b: \u5947\u6a39\u86d9\u86d9|88\/100|[from] drain|[of] p2b: Baxcalibur\n|-end|p1b: \u5947\u6a39\u86d9\u86d9|Charge|[silent]\n|\n|upkeep\n|turn|5\n|inactive|cat vomiting has 30 seconds left.\n|\n|t:|1681745627\n|move|p2a: Scream Tail|Howl|p2a: Scream Tail|[spread] p2a,p2b\n|-boost|p2a: Scream Tail|atk|1\n|-boost|p2b: Baxcalibur|atk|1\n|move|p1a: \u6211\u7684\u8d85\u4eba|Haze|p1a: \u6211\u7684\u8d85\u4eba\n|-clearallboost\n|move|p2b: Baxcalibur|Glaive Rush|p1b: \u5947\u6a39\u86d9\u86d9\n|-damage|p1b: \u5947\u6a39\u86d9\u86d9|37\/100\n|-singlemove|p2b: Baxcalibur|Glaive Rush|[silent]\n|-start|p1b: \u5947\u6a39\u86d9\u86d9|Charge|Glaive Rush|[from] ability: Electromorphosis\n|move|p1b: \u5947\u6a39\u86d9\u86d9|Thunderbolt|p2b: Baxcalibur\n|-resisted|p2b: Baxcalibur\n|-damage|p2b: Baxcalibur|0 fnt\n|faint|p2b: Baxcalibur\n|-end|p1b: \u5947\u6a39\u86d9\u86d9|Charge|[silent]\n|\n|upkeep\n|\n|t:|1681745639\n|switch|p2b: Gyarados|Gyarados, L50, F|72\/100\n|-ability|p2b: Gyarados|Intimidate|boost\n|-unboost|p1a: \u6211\u7684\u8d85\u4eba|atk|1\n|-unboost|p1b: \u5947\u6a39\u86d9\u86d9|atk|1\n|turn|6\n|inactive|cat vomiting has 30 seconds left.\n|inactive|cat vomiting has 20 seconds left.\n|\n|t:|1681745675\n|move|p2b: Gyarados|Protect|p2b: Gyarados\n|-singleturn|p2b: Gyarados|Protect\n|move|p2a: Scream Tail|Howl|p2a: Scream Tail|[spread] p2a,p2b\n|-boost|p2a: Scream Tail|atk|1\n|-boost|p2b: Gyarados|atk|1\n|move|p1a: \u6211\u7684\u8d85\u4eba|Wave Crash|p2b: Gyarados\n|-activate|p2b: Gyarados|move: Protect\n|move|p1b: \u5947\u6a39\u86d9\u86d9|Parabolic Charge|p2b: Gyarados|[spread] p1a,p2a\n|-activate|p2b: Gyarados|move: Protect\n|-supereffective|p1a: \u6211\u7684\u8d85\u4eba\n|-supereffective|p2a: Scream Tail\n|-damage|p1a: \u6211\u7684\u8d85\u4eba|36\/100\n|-heal|p1b: \u5947\u6a39\u86d9\u86d9|67\/100|[from] drain|[of] p1a: \u6211\u7684\u8d85\u4eba\n|-damage|p2a: Scream Tail|0 fnt\n|-heal|p1b: \u5947\u6a39\u86d9\u86d9|71\/100|[from] drain|[of] p2a: Scream Tail\n|faint|p2a: Scream Tail\n|-end|p2a: Scream Tail|Protosynthesis|[silent]\n|\n|upkeep\n|turn|7\n|\n|t:|1681745694\n|move|p1a: \u6211\u7684\u8d85\u4eba|Jet Punch|p2b: Gyarados\n|-resisted|p2b: Gyarados\n|-damage|p2b: Gyarados|64\/100\n|move|p2b: Gyarados|Waterfall|p1a: \u6211\u7684\u8d85\u4eba\n|-resisted|p1a: \u6211\u7684\u8d85\u4eba\n|-damage|p1a: \u6211\u7684\u8d85\u4eba|0 fnt\n|faint|p1a: \u6211\u7684\u8d85\u4eba\n|move|p1b: \u5947\u6a39\u86d9\u86d9|Parabolic Charge|p2b: Gyarados\n|-supereffective|p2b: Gyarados\n|-damage|p2b: Gyarados|0 fnt\n|-heal|p1b: \u5947\u6a39\u86d9\u86d9|100\/100|[from] drain|[of] p2b: Gyarados\n|faint|p2b: Gyarados\n|\n|win|Iono_1118\n|l|\u2606cat vomiting\n|l|\u2606Iono_1118\n|j|\u2606cat vomiting\n|player|p2|cat vomiting|roxie\n","uploadtime":1681745736,"views":14,"p1id":"iono1118","p2id":"catvomiting","formatid":"gen9vgc2023regulationc","rating":0,"private":0,"password":""}