{"id":"gen9vgc2023regulationc-1860531470","p1":"fizzywizzyglizzy","p2":"Beru98","format":"[Gen 9] VGC 2023 Regulation C","log":"|j|\u2606fizzywizzyglizzy\n|j|\u2606Beru98\n|t:|1683652167\n|gametype|doubles\n|player|p1|fizzywizzyglizzy|265|1377\n|player|p2|Beru98|2|1334\n|teamsize|p1|6\n|teamsize|p2|6\n|gen|9\n|tier|[Gen 9] VGC 2023 Regulation C\n|rated|\n|rule|Species Clause: Limit one of each Pok\u00e9mon\n|rule|Item Clause: Limit one of each item\n|clearpoke\n|poke|p1|Orthworm, L50, F|\n|poke|p1|Garganacl, L50, F|\n|poke|p1|Flutter Mane, L50|\n|poke|p1|Ting-Lu, L50|\n|poke|p1|Amoonguss, L50, F|\n|poke|p1|Dragonite, L50, F|\n|poke|p2|Torkoal, L50, F|\n|poke|p2|Jumpluff, L50, F|\n|poke|p2|Great Tusk, L50|\n|poke|p2|Flutter Mane, L50|\n|poke|p2|Sandy Shocks, L50|\n|poke|p2|Kingambit, L50, F|\n|teampreview|4\n|inactive|Battle timer is ON: inactive players will automatically lose when time's up. (requested by fizzywizzyglizzy)\n|\n|t:|1683652232\n|start\n|switch|p1a: Amoonguss|Amoonguss, L50, F|100\/100\n|switch|p1b: Garganacl|Garganacl, L50, F|100\/100\n|switch|p2a: Torkoal|Torkoal, L50, F|100\/100\n|switch|p2b: Jumpluff|Jumpluff, L50, F|100\/100\n|-weather|SunnyDay|[from] ability: Drought|[of] p2a: Torkoal\n|turn|1\n|inactive|fizzywizzyglizzy has 30 seconds left.\n|inactive|Beru98 has 30 seconds left.\n|inactive|fizzywizzyglizzy has 20 seconds left.\n|inactive|fizzywizzyglizzy has 15 seconds left.\n|\n|t:|1683652276\n|move|p1a: Amoonguss|Protect|p1a: Amoonguss\n|-singleturn|p1a: Amoonguss|Protect\n|move|p2b: Jumpluff|Tailwind|p2b: Jumpluff\n|-sidestart|p2: Beru98|move: Tailwind\n|move|p1b: Garganacl|Fissure|p2a: Torkoal\n|-damage|p2a: Torkoal|0 fnt\n|faint|p2a: Torkoal\n|-ohko\n|\n|-weather|SunnyDay|[upkeep]\n|upkeep\n|\n|t:|1683652283\n|switch|p2a: Great Tusk|Great Tusk, L50|100\/100\n|-activate|p2a: Great Tusk|ability: Protosynthesis\n|-start|p2a: Great Tusk|protosynthesisatk\n|turn|2\n|\n|t:|1683652295\n|switch|p1b: Orthworm|Orthworm, L50, F|100\/100\n|-terastallize|p2a: Great Tusk|Ground\n|move|p2b: Jumpluff|Encore|p1a: Amoonguss\n|-start|p1a: Amoonguss|Encore\n|move|p2a: Great Tusk|Earthquake|p1a: Amoonguss|[spread] p1a\n|-immune|p1b: Orthworm|[from] ability: Earth Eater\n|-immune|p2b: Jumpluff\n|-damage|p1a: Amoonguss|44\/100\n|move|p1a: Amoonguss|Protect||[still]\n|-fail|p1a: Amoonguss\n|\n|-weather|SunnyDay|[upkeep]\n|upkeep\n|turn|3\n|\n|t:|1683652315\n|move|p1a: Amoonguss|Protect|p1a: Amoonguss\n|-singleturn|p1a: Amoonguss|Protect\n|move|p2b: Jumpluff|Sleep Powder|p1b: Orthworm\n|-status|p1b: Orthworm|slp|[from] move: Sleep Powder\n|move|p2a: Great Tusk|Earthquake|p1a: Amoonguss|[spread] \n|-activate|p1a: Amoonguss|move: Protect\n|-immune|p1b: Orthworm|[from] ability: Earth Eater\n|-immune|p2b: Jumpluff\n|cant|p1b: Orthworm|slp\n|\n|-weather|SunnyDay|[upkeep]\n|upkeep\n|turn|4\n|inactive|fizzywizzyglizzy has 30 seconds left.\n|\n|t:|1683652349\n|move|p1a: Amoonguss|Protect|p1a: Amoonguss\n|-singleturn|p1a: Amoonguss|Protect\n|move|p2b: Jumpluff|Pollen Puff|p1a: Amoonguss\n|-activate|p1a: Amoonguss|move: Protect\n|move|p2a: Great Tusk|Earthquake|p1a: Amoonguss|[spread] \n|-activate|p1a: Amoonguss|move: Protect\n|-immune|p1b: Orthworm|[from] ability: Earth Eater\n|-immune|p2b: Jumpluff\n|-curestatus|p1b: Orthworm|slp|[msg]\n|move|p1b: Orthworm|Shed Tail|p1b: Orthworm\n|-start|p1b: Orthworm|Substitute|[from] move: Shed Tail\n|-damage|p1b: Orthworm|50\/100\n|-enditem|p1b: Orthworm|Sitrus Berry|[eat]\n|-heal|p1b: Orthworm|75\/100|[from] item: Sitrus Berry\n|\n|t:|1683652368\n|switch|p1b: Dragonite|Dragonite, L50, F|100\/100|[from] Shed Tail\n|\n|-weather|SunnyDay|[upkeep]\n|-end|p1a: Amoonguss|Encore\n|-sideend|p2: Beru98|move: Tailwind\n|upkeep\n|turn|5\n|\n|t:|1683652384\n|-end|p2a: Great Tusk|Protosynthesis|[silent]\n|switch|p2a: Flutter Mane|Flutter Mane, L50|100\/100\n|-activate|p2a: Flutter Mane|ability: Protosynthesis\n|-start|p2a: Flutter Mane|protosynthesisspa\n|switch|p1a: Orthworm|Orthworm, L50, F|75\/100\n|move|p2b: Jumpluff|Encore||[still]\n|-fail|p2b: Jumpluff\n|move|p1b: Dragonite|Dragon Dance|p1b: Dragonite\n|-boost|p1b: Dragonite|atk|1\n|-boost|p1b: Dragonite|spe|1\n|\n|-weather|none\n|-end|p2a: Flutter Mane|Protosynthesis\n|upkeep\n|turn|6\n|\n|t:|1683652403\n|-terastallize|p1b: Dragonite|Flying\n|move|p1b: Dragonite|Tera Blast|p2b: Jumpluff\n|-supereffective|p2b: Jumpluff\n|-damage|p2b: Jumpluff|0 fnt\n|faint|p2b: Jumpluff\n|move|p2a: Flutter Mane|Dazzling Gleam|p1b: Dragonite|[spread] p1a,p1b\n|-end|p1b: Dragonite|Substitute\n|-resisted|p1a: Orthworm\n|-damage|p1a: Orthworm|47\/100\n|move|p1a: Orthworm|Heavy Slam|p2a: Flutter Mane\n|-supereffective|p2a: Flutter Mane\n|-damage|p2a: Flutter Mane|0 fnt\n|faint|p2a: Flutter Mane\n|-end|p2a: Flutter Mane|Protosynthesis|[silent]\n|\n|upkeep\n|-message|Beru98 forfeited.\n|\n|win|fizzywizzyglizzy\n|raw|fizzywizzyglizzy's rating: 1377 → 1395<\/strong> (+18 for winning)\n|raw|Beru98's rating: 1334 → 1316<\/strong> (-18 for losing)\n|l|\u2606Beru98\n","uploadtime":1683652422,"views":7,"p1id":"fizzywizzyglizzy","p2id":"beru98","formatid":"gen9vgc2023regulationc","rating":1316,"private":0,"password":""}