{"id":"gen9vgc2023regulationc-1860433967","p1":"goodvibesonly10","p2":"Mike2811","format":"[Gen 9] VGC 2023 Regulation C","log":"|j|\u2606goodvibesonly10\n|j|\u2606Mike2811\n|t:|1683643874\n|gametype|doubles\n|player|p1|goodvibesonly10|cynthia-gen4|1038\n|player|p2|Mike2811|170|1136\n|teamsize|p1|6\n|teamsize|p2|6\n|gen|9\n|tier|[Gen 9] VGC 2023 Regulation C\n|rated|\n|rule|Species Clause: Limit one of each Pok\u00e9mon\n|rule|Item Clause: Limit one of each item\n|clearpoke\n|poke|p1|Arcanine, L50, M|\n|poke|p1|Baxcalibur, L50, F|\n|poke|p1|Indeedee-F, L50, F|\n|poke|p1|Hatterene, L50, F|\n|poke|p1|Hariyama, L50, M|\n|poke|p1|Orthworm, L50, F|\n|poke|p2|Lycanroc, L50, F|\n|poke|p2|Corviknight, L50, F|\n|poke|p2|Iron Bundle, L50|\n|poke|p2|Tyranitar, L50, F|\n|poke|p2|Garchomp, L50, M|\n|poke|p2|Flutter Mane, L50|\n|teampreview|4\n|inactive|Battle timer is ON: inactive players will automatically lose when time's up. (requested by goodvibesonly10)\n|inactive|Mike2811 has 60 seconds left.\n|\n|t:|1683643918\n|start\n|switch|p1a: Indeedee|Indeedee-F, L50, F|100\/100\n|switch|p1b: Hatterene|Hatterene, L50, F|100\/100\n|switch|p2a: Tyranitar|Tyranitar, L50, F|100\/100\n|switch|p2b: Lycanroc|Lycanroc, L50, F|100\/100\n|-weather|Sandstorm|[from] ability: Sand Stream|[of] p2a: Tyranitar\n|-fieldstart|move: Psychic Terrain|[from] ability: Psychic Surge|[of] p1a: Indeedee\n|-enditem|p1a: Indeedee|Psychic Seed\n|-boost|p1a: Indeedee|spd|1|[from] item: Psychic Seed\n|turn|1\n|inactive|Mike2811 has 30 seconds left.\n|\n|t:|1683643946\n|switch|p1b: Hariyama|Hariyama, L50, M|100\/100\n|move|p2b: Lycanroc|Rock Slide|p1a: Indeedee|[spread] p1a,p1b\n|-resisted|p1b: Hariyama\n|-damage|p1a: Indeedee|71\/100\n|-damage|p1b: Hariyama|86\/100\n|move|p2a: Tyranitar|Crunch|p1a: Indeedee\n|-supereffective|p1a: Indeedee\n|-damage|p1a: Indeedee|0 fnt\n|faint|p1a: Indeedee\n|\n|-weather|Sandstorm|[upkeep]\n|-damage|p1b: Hariyama|80\/100|[from] Sandstorm\n|-status|p1b: Hariyama|brn|[from] item: Flame Orb\n|upkeep\n|\n|t:|1683643959\n|switch|p1a: Arcanine|Arcanine, L50, M|100\/100\n|-ability|p1a: Arcanine|Intimidate|boost\n|-unboost|p2a: Tyranitar|atk|1\n|-unboost|p2b: Lycanroc|atk|1\n|turn|2\n|inactive|Mike2811 has 30 seconds left.\n|\n|t:|1683643986\n|switch|p2b: Garchomp|Garchomp, L50, M|100\/100\n|-terastallize|p2a: Tyranitar|Grass\n|move|p1a: Arcanine|Protect|p1a: Arcanine\n|-singleturn|p1a: Arcanine|Protect\n|move|p2a: Tyranitar|Rock Slide|p1a: Arcanine|[spread] p1b\n|-activate|p1a: Arcanine|move: Protect\n|-resisted|p1b: Hariyama\n|-damage|p1b: Hariyama|69\/100 brn\n|move|p1b: Hariyama|Close Combat|p2a: Tyranitar\n|-damage|p2a: Tyranitar|29\/100\n|-unboost|p1b: Hariyama|def|1\n|-unboost|p1b: Hariyama|spd|1\n|\n|-weather|Sandstorm|[upkeep]\n|-damage|p2a: Tyranitar|24\/100|[from] Sandstorm\n|-damage|p1b: Hariyama|63\/100 brn|[from] Sandstorm\n|-damage|p1b: Hariyama|57\/100 brn|[from] brn\n|upkeep\n|turn|3\n|\n|t:|1683644011\n|switch|p1b: Hatterene|Hatterene, L50, F|100\/100\n|-terastallize|p1a: Arcanine|Flying\n|move|p2b: Garchomp|Substitute|p2b: Garchomp\n|-start|p2b: Garchomp|Substitute\n|-damage|p2b: Garchomp|76\/100\n|move|p1a: Arcanine|Will-O-Wisp||[still]\n|-fail|p1a: Arcanine\n|move|p2a: Tyranitar|Rock Slide|p1b: Hatterene|[spread] p1a,p1b\n|-supereffective|p1a: Arcanine\n|-damage|p1a: Arcanine|59\/100\n|-damage|p1b: Hatterene|77\/100\n|\n|-weather|Sandstorm|[upkeep]\n|-damage|p2a: Tyranitar|18\/100|[from] Sandstorm\n|-damage|p1b: Hatterene|71\/100|[from] Sandstorm\n|-heal|p2b: Garchomp|82\/100|[from] item: Leftovers\n|upkeep\n|turn|4\n|\n|t:|1683644035\n|move|p2b: Garchomp|Protect|p2b: Garchomp\n|-singleturn|p2b: Garchomp|Protect\n|move|p1a: Arcanine|Flare Blitz|p2a: Tyranitar\n|-supereffective|p2a: Tyranitar\n|-damage|p2a: Tyranitar|0 fnt\n|faint|p2a: Tyranitar\n|-damage|p1a: Arcanine|53\/100|[from] Recoil\n|move|p1b: Hatterene|Trick Room|p1b: Hatterene\n|-fieldstart|move: Trick Room|[of] p1b: Hatterene\n|\n|-weather|Sandstorm|[upkeep]\n|-damage|p1b: Hatterene|65\/100|[from] Sandstorm\n|-heal|p2b: Garchomp|88\/100|[from] item: Leftovers\n|upkeep\n|\n|t:|1683644048\n|switch|p2a: Lycanroc|Lycanroc, L50, F|100\/100\n|turn|5\n|inactive|Mike2811 has 30 seconds left.\n|\n|t:|1683644075\n|switch|p1a: Hariyama|Hariyama, L50, M|57\/100 brn\n|move|p2a: Lycanroc|Protect|p2a: Lycanroc\n|-singleturn|p2a: Lycanroc|Protect\n|move|p1b: Hatterene|Dazzling Gleam|p2b: Garchomp|[spread] p2b\n|-activate|p2a: Lycanroc|move: Protect\n|-supereffective|p2b: Garchomp\n|-end|p2b: Garchomp|Substitute\n|-damage|p1b: Hatterene|55\/100|[from] item: Life Orb\n|move|p2b: Garchomp|Dragon Claw|p1a: Hariyama\n|-damage|p1a: Hariyama|21\/100 brn\n|\n|-weather|none\n|-heal|p2b: Garchomp|94\/100|[from] item: Leftovers\n|-damage|p1a: Hariyama|15\/100 brn|[from] brn\n|-fieldend|move: Psychic Terrain\n|upkeep\n|turn|6\n|\n|t:|1683644098\n|move|p2b: Garchomp|Protect|p2b: Garchomp\n|-singleturn|p2b: Garchomp|Protect\n|move|p1b: Hatterene|Dazzling Gleam|p2a: Lycanroc|[spread] p2a\n|-activate|p2b: Garchomp|move: Protect\n|-damage|p2a: Lycanroc|27\/100\n|-damage|p1b: Hatterene|45\/100|[from] item: Life Orb\n|move|p1a: Hariyama|Close Combat|p2a: Lycanroc\n|-supereffective|p2a: Lycanroc\n|-damage|p2a: Lycanroc|0 fnt\n|-unboost|p1a: Hariyama|def|1\n|-unboost|p1a: Hariyama|spd|1\n|faint|p2a: Lycanroc\n|\n|-heal|p2b: Garchomp|99\/100|[from] item: Leftovers\n|-damage|p1a: Hariyama|9\/100 brn|[from] brn\n|upkeep\n|\n|t:|1683644112\n|switch|p2a: Iron Bundle|Iron Bundle, L50|100\/100\n|-enditem|p2a: Iron Bundle|Booster Energy\n|-activate|p2a: Iron Bundle|ability: Quark Drive|[fromitem]\n|-start|p2a: Iron Bundle|quarkdrivespe\n|turn|7\n|inactive|Mike2811 has 30 seconds left.\n|\n|t:|1683644138\n|move|p2a: Iron Bundle|Protect|p2a: Iron Bundle\n|-singleturn|p2a: Iron Bundle|Protect\n|move|p1b: Hatterene|Dazzling Gleam|p2a: Iron Bundle|[spread] p2b\n|-activate|p2a: Iron Bundle|move: Protect\n|-supereffective|p2b: Garchomp\n|-damage|p2b: Garchomp|5\/100\n|-damage|p1b: Hatterene|35\/100|[from] item: Life Orb\n|move|p1a: Hariyama|Close Combat|p2a: Iron Bundle\n|-activate|p2a: Iron Bundle|move: Protect\n|move|p2b: Garchomp|Earthquake|p1b: Hatterene|[spread] p1a,p1b\n|-activate|p2a: Iron Bundle|move: Protect\n|-damage|p1a: Hariyama|0 fnt\n|-damage|p1b: Hatterene|0 fnt\n|faint|p1a: Hariyama\n|faint|p1b: Hatterene\n|\n|-heal|p2b: Garchomp|11\/100|[from] item: Leftovers\n|upkeep\n|\n|t:|1683644155\n|switch|p1b: Arcanine|Arcanine, L50, M, tera:Flying|53\/100\n|-ability|p1b: Arcanine|Intimidate|boost\n|-unboost|p2a: Iron Bundle|atk|1\n|-unboost|p2b: Garchomp|atk|1\n|turn|8\n|\n|t:|1683644176\n|move|p1b: Arcanine|Flare Blitz|p2a: Iron Bundle\n|-damage|p2a: Iron Bundle|42\/100\n|-damage|p1b: Arcanine|40\/100|[from] Recoil\n|move|p2b: Garchomp|Dragon Claw|p1b: Arcanine\n|-damage|p1b: Arcanine|15\/100\n|move|p2a: Iron Bundle|Hydro Pump|p1b: Arcanine\n|-damage|p1b: Arcanine|0 fnt\n|faint|p1b: Arcanine\n|\n|win|Mike2811\n|raw|goodvibesonly10's rating: 1038 → 1027<\/strong> (-11 for losing)\n|raw|Mike2811's rating: 1136 → 1154<\/strong> (+18 for winning)\n","uploadtime":1683644188,"views":4,"p1id":"goodvibesonly10","p2id":"mike2811","formatid":"gen9vgc2023regulationc","rating":1027,"private":0,"password":""}