{"id":"gen9vgc2023regulationc-1863351461","p1":"Yoone","p2":"masterminy","format":"[Gen 9] VGC 2023 Regulation C","log":"|j|\u2606Yoone\n|j|\u2606masterminy\n|t:|1684005972\n|gametype|doubles\n|player|p1|Yoone|101|\n|player|p2|masterminy|riley|\n|teamsize|p1|6\n|teamsize|p2|6\n|gen|9\n|tier|[Gen 9] VGC 2023 Regulation C\n|rule|Species Clause: Limit one of each Pok\u00e9mon\n|rule|Item Clause: Limit one of each item\n|clearpoke\n|poke|p1|Murkrow, L50, M|\n|poke|p1|Garchomp, L50, F|\n|poke|p1|Cyclizar, L50, M|\n|poke|p1|Tyranitar, L50, F|\n|poke|p1|Medicham, L50, M|\n|poke|p1|Tinkaton, L50, F|\n|poke|p2|Breloom, L50, M|\n|poke|p2|Annihilape, L50, M|\n|poke|p2|Ceruledge, L50, M|\n|poke|p2|Grimmsnarl, L50, M|\n|poke|p2|Rotom-Wash, L50|\n|poke|p2|Spiritomb, L50, F|\n|teampreview|4\nYoone rejected open team sheets.\n|\n|t:|1684005994\n|start\n|switch|p1a: Murkrow|Murkrow, L50, M|100\/100\n|switch|p1b: Medicham|Medicham, L50, M|100\/100\n|switch|p2a: comp sci student|Grimmsnarl, L50, M, shiny|100\/100\n|switch|p2b: Polyamory|Spiritomb, L50, F|100\/100\n|turn|1\n|\n|t:|1684006035\n|move|p1b: Medicham|Fake Out|p2a: comp sci student\n|-damage|p2a: comp sci student|77\/100\n|move|p1a: Murkrow|Tailwind|p1a: Murkrow\n|-sidestart|p1: Yoone|move: Tailwind\n|cant|p2a: comp sci student|flinch\n|move|p2b: Polyamory|Trick Room|p2b: Polyamory\n|-fieldstart|move: Trick Room|[of] p2b: Polyamory\n|\n|upkeep\n|turn|2\n|\n|t:|1684006061\n|switch|p1b: Tyranitar|Tyranitar, L50, F|100\/100\n|-weather|Sandstorm|[from] ability: Sand Stream|[of] p1b: Tyranitar\n|move|p2a: comp sci student|Reflect|p2a: comp sci student\n|-sidestart|p2: masterminy|Reflect\n|move|p2b: Polyamory|Will-O-Wisp|p1b: Tyranitar\n|-status|p1b: Tyranitar|brn\n|move|p1a: Murkrow|Foul Play|p2a: comp sci student\n|-resisted|p2a: comp sci student\n|-damage|p2a: comp sci student|71\/100\n|\n|-weather|Sandstorm|[upkeep]\n|-damage|p2b: Polyamory|95\/100|[from] Sandstorm\n|-damage|p2a: comp sci student|65\/100|[from] Sandstorm\n|-damage|p1a: Murkrow|95\/100|[from] Sandstorm\n|-damage|p1b: Tyranitar|95\/100 brn|[from] brn\n|upkeep\n|turn|3\n|\n|t:|1684006122\n|move|p1a: Murkrow|Protect|p1a: Murkrow\n|-singleturn|p1a: Murkrow|Protect\n|move|p2b: Polyamory|Ally Switch|p2b: Polyamory\n|swap|p2b: Polyamory|0|[from] move: Ally Switch\n|move|p2b: comp sci student|Spirit Break|p1b: Tyranitar\n|-supereffective|p1b: Tyranitar\n|-damage|p1b: Tyranitar|44\/100 brn\n|-unboost|p1b: Tyranitar|spa|1\n|move|p1b: Tyranitar|Low Kick|p2b: comp sci student\n|-damage|p2b: comp sci student|56\/100\n|\n|-weather|Sandstorm|[upkeep]\n|-damage|p2a: Polyamory|89\/100|[from] Sandstorm\n|-damage|p2b: comp sci student|50\/100|[from] Sandstorm\n|-damage|p1a: Murkrow|89\/100|[from] Sandstorm\n|-damage|p1b: Tyranitar|39\/100 brn|[from] brn\n|upkeep\n|turn|4\n|\n|t:|1684006168\n|switch|p1a: Medicham|Medicham, L50, M|100\/100\n|-terastallize|p1b: Tyranitar|Fire\n|move|p2a: Polyamory|Taunt|p1a: Medicham\n|-start|p1a: Medicham|move: Taunt\n|move|p2b: comp sci student|Spirit Break|p1b: Tyranitar\n|-resisted|p1b: Tyranitar\n|-damage|p1b: Tyranitar|27\/100 brn\n|-unboost|p1b: Tyranitar|spa|1\n|move|p1b: Tyranitar|Tera Blast|p2b: comp sci student\n|-damage|p2b: comp sci student|35\/100\n|\n|-weather|Sandstorm|[upkeep]\n|-damage|p2a: Polyamory|83\/100|[from] Sandstorm\n|-damage|p2b: comp sci student|29\/100|[from] Sandstorm\n|-damage|p1b: Tyranitar|21\/100 brn|[from] Sandstorm\n|-damage|p1a: Medicham|94\/100|[from] Sandstorm\n|-enditem|p1b: Tyranitar|Aguav Berry|[eat]\n|-heal|p1b: Tyranitar|54\/100 brn|[from] item: Aguav Berry\n|-damage|p1b: Tyranitar|48\/100 brn|[from] brn\n|-sideend|p1: Yoone|move: Tailwind\n|upkeep\n|turn|5\n|\n|t:|1684006198\n|move|p1a: Medicham|Bullet Punch|p2b: comp sci student\n|-supereffective|p2b: comp sci student\n|-damage|p2b: comp sci student|0 fnt\n|faint|p2b: comp sci student\n|move|p2a: Polyamory|Will-O-Wisp|p1a: Medicham\n|-status|p1a: Medicham|brn\n|move|p1b: Tyranitar|Tera Blast|p2a: Polyamory\n|-damage|p2a: Polyamory|68\/100\n|\n|-weather|Sandstorm|[upkeep]\n|-damage|p2a: Polyamory|62\/100|[from] Sandstorm\n|-damage|p1b: Tyranitar|43\/100 brn|[from] Sandstorm\n|-damage|p1a: Medicham|88\/100 brn|[from] Sandstorm\n|-damage|p1b: Tyranitar|37\/100 brn|[from] brn\n|-damage|p1a: Medicham|82\/100 brn|[from] brn\n|-fieldend|move: Trick Room\n|upkeep\n|\n|t:|1684006225\n|switch|p2b: Dont get stuck in|Rotom-Wash, L50, shiny|100\/100\n|turn|6\n|\n|t:|1684006249\n|switch|p1b: Garchomp|Garchomp, L50, F|100\/100\n|move|p2b: Dont get stuck in|Protect|p2b: Dont get stuck in\n|-singleturn|p2b: Dont get stuck in|Protect\n|move|p1a: Medicham|Bullet Punch|p2a: Polyamory\n|-damage|p2a: Polyamory|55\/100\n|move|p2a: Polyamory|Trick Room|p2a: Polyamory\n|-fieldstart|move: Trick Room|[of] p2a: Polyamory\n|\n|-weather|none\n|-damage|p1a: Medicham|76\/100 brn|[from] brn\n|-end|p1a: Medicham|move: Taunt\n|upkeep\n|turn|7\n|\n|t:|1684006266\n|switch|p1a: Tyranitar|Tyranitar, L50, F, tera:Fire|37\/100 brn\n|-weather|Sandstorm|[from] ability: Sand Stream|[of] p1a: Tyranitar\n|move|p2a: Polyamory|Will-O-Wisp|p1b: Garchomp|[miss]\n|-miss|p2a: Polyamory|p1b: Garchomp\n|move|p2b: Dont get stuck in|Hydro Pump|p1a: Tyranitar|[miss]\n|-miss|p2b: Dont get stuck in|p1a: Tyranitar\n|move|p1b: Garchomp|Dragon Claw|p2a: Polyamory\n|-damage|p2a: Polyamory|29\/100\n|\n|-weather|Sandstorm|[upkeep]\n|-damage|p2a: Polyamory|23\/100|[from] Sandstorm\n|-damage|p1a: Tyranitar|31\/100 brn|[from] Sandstorm\n|-damage|p2b: Dont get stuck in|95\/100|[from] Sandstorm\n|-damage|p1a: Tyranitar|25\/100 brn|[from] brn\n|upkeep\n|turn|8\n|\n|t:|1684006304\n|switch|p1a: Medicham|Medicham, L50, M|76\/100 brn\n|move|p2a: Polyamory|Will-O-Wisp|p1b: Garchomp\n|-status|p1b: Garchomp|brn\n|move|p2b: Dont get stuck in|Hydro Pump|p1a: Medicham\n|-damage|p1a: Medicham|10\/100 brn\n|move|p1b: Garchomp|Dragon Claw|p2a: Polyamory\n|-damage|p2a: Polyamory|9\/100\n|\n|-weather|Sandstorm|[upkeep]\n|-damage|p2a: Polyamory|4\/100|[from] Sandstorm\n|-damage|p1a: Medicham|4\/100 brn|[from] Sandstorm\n|-damage|p2b: Dont get stuck in|89\/100|[from] Sandstorm\n|-damage|p1a: Medicham|0 fnt|[from] brn\n|faint|p1a: Medicham\n|-damage|p1b: Garchomp|94\/100 brn|[from] brn\n|upkeep\n|\n|t:|1684006318\n|switch|p1a: Murkrow|Murkrow, L50, M|89\/100\n|turn|9\n|\n|t:|1684006333\n|switch|p2a: Maybe Live pls|Breloom, L50, M, shiny|100\/100\n|move|p1a: Murkrow|Protect|p1a: Murkrow\n|-singleturn|p1a: Murkrow|Protect\n|move|p2b: Dont get stuck in|Thunderbolt|p1a: Murkrow\n|-activate|p1a: Murkrow|move: Protect\n|move|p1b: Garchomp|Rock Slide|p2b: Dont get stuck in|[spread] p2a,p2b\n|-resisted|p2a: Maybe Live pls\n|-damage|p2a: Maybe Live pls|95\/100\n|-damage|p2b: Dont get stuck in|83\/100\n|\n|-weather|Sandstorm|[upkeep]\n|-damage|p1a: Murkrow|83\/100|[from] Sandstorm\n|-damage|p2b: Dont get stuck in|77\/100|[from] Sandstorm\n|-damage|p2a: Maybe Live pls|89\/100|[from] Sandstorm\n|-damage|p1b: Garchomp|88\/100 brn|[from] brn\n|-sideend|p2: masterminy|Reflect\n|upkeep\n|turn|10\n|\n|t:|1684006363\n|move|p1a: Murkrow|Tailwind|p1a: Murkrow\n|-sidestart|p1: Yoone|move: Tailwind\n|move|p2b: Dont get stuck in|Hydro Pump|p1b: Garchomp|[miss]\n|-miss|p2b: Dont get stuck in|p1b: Garchomp\n|move|p2a: Maybe Live pls|Spore|p1a: Murkrow\n|-status|p1a: Murkrow|slp|[from] move: Spore\n|move|p1b: Garchomp|Earthquake|p2a: Maybe Live pls|[spread] p2a\n|-immune|p1a: Murkrow\n|-immune|p2b: Dont get stuck in|[from] ability: Levitate\n|-resisted|p2a: Maybe Live pls\n|-damage|p2a: Maybe Live pls|75\/100\n|\n|-weather|Sandstorm|[upkeep]\n|-damage|p2b: Dont get stuck in|71\/100|[from] Sandstorm\n|-damage|p2a: Maybe Live pls|70\/100|[from] Sandstorm\n|-damage|p1a: Murkrow|77\/100 slp|[from] Sandstorm\n|-damage|p1b: Garchomp|82\/100 brn|[from] brn\n|-fieldend|move: Trick Room\n|upkeep\n|turn|11\n|\n|t:|1684006397\n|switch|p1a: Tyranitar|Tyranitar, L50, F, tera:Fire|25\/100 brn\n|move|p1b: Garchomp|Dragon Claw|p2b: Dont get stuck in\n|-damage|p2b: Dont get stuck in|52\/100\n|move|p2a: Maybe Live pls|Bullet Seed|p1b: Garchomp\n|-damage|p1b: Garchomp|61\/100 brn\n|-damage|p1b: Garchomp|41\/100 brn\n|-crit|p1b: Garchomp\n|-damage|p1b: Garchomp|11\/100 brn\n|-damage|p1b: Garchomp|0 fnt\n|faint|p1b: Garchomp\n|-hitcount|p1: Garchomp|4\n|move|p2b: Dont get stuck in|Thunderbolt|p1a: Tyranitar\n|-damage|p1a: Tyranitar|0 fnt\n|faint|p1a: Tyranitar\n|\n|-weather|none\n|upkeep\n|\n|t:|1684006413\n|switch|p1b: Murkrow|Murkrow, L50, M|77\/100 slp\n|turn|12\n|\n|t:|1684006420\n|cant|p1b: Murkrow|slp\n|move|p2a: Maybe Live pls|Bullet Seed|p1b: Murkrow\n|-resisted|p1b: Murkrow\n|-damage|p1b: Murkrow|64\/100 slp\n|-resisted|p1b: Murkrow\n|-damage|p1b: Murkrow|50\/100 slp\n|-resisted|p1b: Murkrow\n|-damage|p1b: Murkrow|36\/100 slp\n|-hitcount|p1b: Murkrow|3\n|move|p2b: Dont get stuck in|Thunderbolt|p1b: Murkrow\n|-supereffective|p1b: Murkrow\n|-damage|p1b: Murkrow|0 fnt\n|faint|p1b: Murkrow\n|\n|win|masterminy\n","uploadtime":1684006431,"views":10,"p1id":"yoone","p2id":"masterminy","formatid":"gen9vgc2023regulationc","rating":0,"private":0,"password":""}