{"id":"gen9vgc2023regulationc-1860119538","p1":"mx555","p2":"Charlie77777","format":"[Gen 9] VGC 2023 Regulation C","log":"|j|\u2606mx555\n|j|\u2606Charlie77777\n|t:|1683597485\n|gametype|doubles\n|player|p1|mx555|170|1155\n|player|p2|Charlie77777|265|1093\n|teamsize|p1|6\n|teamsize|p2|6\n|gen|9\n|tier|[Gen 9] VGC 2023 Regulation C\n|rated|\n|rule|Species Clause: Limit one of each Pok\u00e9mon\n|rule|Item Clause: Limit one of each item\n|clearpoke\n|poke|p1|Scizor, L50, M|\n|poke|p1|Flutter Mane, L50|\n|poke|p1|Iron Bundle, L50|\n|poke|p1|Iron Hands, L50|\n|poke|p1|Amoonguss, L50, F|\n|poke|p1|Chi-Yu, L50|\n|poke|p2|Chi-Yu, L50|\n|poke|p2|Coalossal, L50, F|\n|poke|p2|Lilligant, L50, F|\n|poke|p2|Iron Bundle, L50|\n|poke|p2|Gholdengo, L50|\n|poke|p2|Torkoal, L50, F|\n|teampreview|4\n|inactive|Battle timer is ON: inactive players will automatically lose when time's up. (requested by Charlie77777)\n|\n|t:|1683597506\n|start\n|switch|p1a: Iron Hands|Iron Hands, L50|100\/100\n|switch|p1b: Iron Bundle|Iron Bundle, L50|100\/100\n|switch|p2a: Chi-Yu|Chi-Yu, L50|100\/100\n|switch|p2b: Coalossal|Coalossal, L50, F|100\/100\n|-ability|p2a: Chi-Yu|Beads of Ruin\n|-enditem|p1b: Iron Bundle|Booster Energy\n|-activate|p1b: Iron Bundle|ability: Quark Drive|[fromitem]\n|-start|p1b: Iron Bundle|quarkdrivespe\n|turn|1\n|inactive|Charlie77777 has 30 seconds left.\n|\n|t:|1683597534\n|move|p1a: Iron Hands|Fake Out|p2a: Chi-Yu\n|-damage|p2a: Chi-Yu|75\/100\n|move|p1b: Iron Bundle|Hydro Pump|p2b: Coalossal|[miss]\n|-miss|p1b: Iron Bundle|p2b: Coalossal\n|cant|p2a: Chi-Yu|flinch\n|move|p2b: Coalossal|Will-O-Wisp|p1a: Iron Hands\n|-status|p1a: Iron Hands|brn\n|\n|-damage|p1a: Iron Hands|94\/100 brn|[from] brn\n|upkeep\n|turn|2\n|\n|t:|1683597555\n|move|p1b: Iron Bundle|Hydro Pump|p2a: Chi-Yu\n|-supereffective|p2a: Chi-Yu\n|-damage|p2a: Chi-Yu|0 fnt\n|faint|p2a: Chi-Yu\n|move|p2b: Coalossal|Tar Shot|p1b: Iron Bundle\n|-unboost|p1b: Iron Bundle|spe|1\n|-start|p1b: Iron Bundle|Tar Shot\n|move|p1a: Iron Hands|Close Combat|p2b: Coalossal\n|-supereffective|p2b: Coalossal\n|-damage|p2b: Coalossal|47\/100\n|-unboost|p1a: Iron Hands|def|1\n|-unboost|p1a: Iron Hands|spd|1\n|\n|-heal|p2b: Coalossal|53\/100|[from] item: Leftovers\n|-damage|p1a: Iron Hands|88\/100 brn|[from] brn\n|upkeep\n|\n|t:|1683597572\n|switch|p2a: Torkoal|Torkoal, L50, F|100\/100\n|-weather|SunnyDay|[from] ability: Drought|[of] p2a: Torkoal\n|turn|3\n|\n|t:|1683597587\n|move|p1b: Iron Bundle|Hydro Pump|p2a: Torkoal\n|-supereffective|p2a: Torkoal\n|-damage|p2a: Torkoal|18\/100\n|move|p2b: Coalossal|Heat Wave|p1b: Iron Bundle|[spread] p1a\n|-miss|p2b: Coalossal|p1b: Iron Bundle\n|-damage|p1a: Iron Hands|59\/100 brn\n|move|p1a: Iron Hands|Close Combat|p2a: Torkoal\n|-damage|p2a: Torkoal|0 fnt\n|-unboost|p1a: Iron Hands|def|1\n|-unboost|p1a: Iron Hands|spd|1\n|faint|p2a: Torkoal\n|\n|-weather|SunnyDay|[upkeep]\n|-heal|p2b: Coalossal|59\/100|[from] item: Leftovers\n|-damage|p1a: Iron Hands|53\/100 brn|[from] brn\n|upkeep\n|\n|t:|1683597601\n|switch|p2a: Lilligant|Lilligant, L50, F|100\/100\n|turn|4\n|\n|t:|1683597615\n|move|p1b: Iron Bundle|Protect|p1b: Iron Bundle\n|-singleturn|p1b: Iron Bundle|Protect\n|move|p2a: Lilligant|Solar Beam||[still]\n|-prepare|p2a: Lilligant|Solar Beam\n|-anim|p2a: Lilligant|Solar Beam|p1b: Iron Bundle\n|-activate|p1b: Iron Bundle|move: Protect\n|move|p2b: Coalossal|Heat Wave|p1b: Iron Bundle|[spread] p1a\n|-activate|p1b: Iron Bundle|move: Protect\n|-damage|p1a: Iron Hands|16\/100 brn\n|move|p1a: Iron Hands|Close Combat|p2a: Lilligant\n|-damage|p2a: Lilligant|41\/100\n|-unboost|p1a: Iron Hands|def|1\n|-unboost|p1a: Iron Hands|spd|1\n|\n|-weather|SunnyDay|[upkeep]\n|-heal|p2b: Coalossal|65\/100|[from] item: Leftovers\n|-damage|p1a: Iron Hands|10\/100 brn|[from] brn\n|upkeep\n|turn|5\n|\n|t:|1683597634\n|move|p2a: Lilligant|Solar Beam||[still]\n|-prepare|p2a: Lilligant|Solar Beam\n|-anim|p2a: Lilligant|Solar Beam|p1b: Iron Bundle\n|-supereffective|p1b: Iron Bundle\n|-damage|p1b: Iron Bundle|0 fnt\n|faint|p1b: Iron Bundle\n|-end|p1b: Iron Bundle|Quark Drive|[silent]\n|move|p2b: Coalossal|Heat Wave|p1a: Iron Hands\n|-damage|p1a: Iron Hands|0 fnt\n|faint|p1a: Iron Hands\n|-end|p1a: Iron Hands|Quark Drive|[silent]\n|\n|-weather|SunnyDay|[upkeep]\n|-heal|p2b: Coalossal|71\/100|[from] item: Leftovers\n|upkeep\n|\n|t:|1683597637\n|switch|p1b: Chi-Yu|Chi-Yu, L50|100\/100\n|switch|p1a: Flutter Mane|Flutter Mane, L50|100\/100\n|-activate|p1a: Flutter Mane|ability: Protosynthesis\n|-start|p1a: Flutter Mane|protosynthesisspe\n|-ability|p1b: Chi-Yu|Beads of Ruin\n|turn|6\n|\n|t:|1683597661\n|move|p1a: Flutter Mane|Dazzling Gleam|p2b: Coalossal|[spread] p2a,p2b\n|-resisted|p2b: Coalossal\n|-crit|p2b: Coalossal\n|-damage|p2a: Lilligant|0 fnt\n|-damage|p2b: Coalossal|48\/100\n|faint|p2a: Lilligant\n|move|p1b: Chi-Yu|Dark Pulse|p2b: Coalossal\n|-damage|p2b: Coalossal|0 fnt\n|faint|p2b: Coalossal\n|-damage|p1b: Chi-Yu|91\/100|[from] item: Life Orb\n|\n|win|mx555\n|raw|mx555's rating: 1155 → 1176<\/strong> (+21 for winning)\n|raw|Charlie77777's rating: 1093 → 1073<\/strong> (-20 for losing)\n|l|\u2606Charlie77777\n","uploadtime":1683597674,"views":16,"p1id":"mx555","p2id":"charlie77777","formatid":"gen9vgc2023regulationc","rating":1073,"private":0,"password":""}