{"id":"gen9vgc2023regulationc-1860122491","p1":"Emiker","p2":"SbradyB","format":"[Gen 9] VGC 2023 Regulation C","log":"|j|\u2606Emiker\n|j|\u2606SbradyB\n|t:|1683597846\n|gametype|doubles\n|player|p1|Emiker|red|1407\n|player|p2|SbradyB|169|1480\n|teamsize|p1|6\n|teamsize|p2|6\n|gen|9\n|tier|[Gen 9] VGC 2023 Regulation C\n|rated|\n|rule|Species Clause: Limit one of each Pok\u00e9mon\n|rule|Item Clause: Limit one of each item\n|clearpoke\n|poke|p1|Chi-Yu, L50|\n|poke|p1|Glimmora, L50, M|\n|poke|p1|Flutter Mane, L50|\n|poke|p1|Wo-Chien, L50|\n|poke|p1|Dondozo, L50, M|\n|poke|p1|Tatsugiri-Droopy, L50, M|\n|poke|p2|Chi-Yu, L50|\n|poke|p2|Gyarados, L50, F|\n|poke|p2|Wo-Chien, L50|\n|poke|p2|Dragonite, L50, M|\n|poke|p2|Glimmora, L50, F|\n|poke|p2|Flutter Mane, L50|\n|teampreview|4\n|inactive|Battle timer is ON: inactive players will automatically lose when time's up. (requested by SbradyB)\n|inactive|Emiker has 60 seconds left.\n|inactive|SbradyB has 60 seconds left.\n|\n|t:|1683597885\n|start\n|switch|p1a: Chi-Yu|Chi-Yu, L50|100\/100\n|switch|p1b: Tatsugiri|Tatsugiri-Droopy, L50, M|100\/100\n|switch|p2a: Dragonite|Dragonite, L50, M|100\/100\n|switch|p2b: Gyarados|Gyarados, L50, F, shiny|100\/100\n|-ability|p1a: Chi-Yu|Beads of Ruin\n|-ability|p2b: Gyarados|Intimidate|boost\n|-unboost|p1a: Chi-Yu|atk|1\n|-unboost|p1b: Tatsugiri|atk|1\n|turn|1\n|inactive|Emiker has 30 seconds left.\n|\n|t:|1683597912\n|move|p1a: Chi-Yu|Protect|p1a: Chi-Yu\n|-singleturn|p1a: Chi-Yu|Protect\n|move|p1b: Tatsugiri|Icy Wind|p2a: Dragonite|[spread] p2a,p2b\n|-supereffective|p2a: Dragonite\n|-damage|p2a: Dragonite|70\/100\n|-damage|p2b: Gyarados|86\/100\n|-unboost|p2a: Dragonite|spe|1\n|-unboost|p2b: Gyarados|spe|1\n|move|p2b: Gyarados|Thunder Wave|p1a: Chi-Yu\n|-activate|p1a: Chi-Yu|move: Protect\n|move|p2a: Dragonite|Earthquake|p1a: Chi-Yu|[spread] p1b\n|-activate|p1a: Chi-Yu|move: Protect\n|-immune|p2b: Gyarados\n|-damage|p1b: Tatsugiri|15\/100\n|\n|upkeep\n|turn|2\n|inactive|Emiker has 30 seconds left.\n|inactive|SbradyB has 30 seconds left.\n|inactive|Emiker has 20 seconds left.\n|\n|t:|1683597952\n|switch|p1a: Wo-Chien|Wo-Chien, L50|100\/100\n|-ability|p1a: Wo-Chien|Tablets of Ruin\n|move|p1b: Tatsugiri|Icy Wind|p2a: Dragonite|[spread] p2a,p2b\n|-supereffective|p2a: Dragonite\n|-damage|p2a: Dragonite|23\/100\n|-damage|p2b: Gyarados|75\/100\n|-unboost|p2a: Dragonite|spe|1\n|-unboost|p2b: Gyarados|spe|1\n|move|p2b: Gyarados|Waterfall|p1b: Tatsugiri\n|-resisted|p1b: Tatsugiri\n|-damage|p1b: Tatsugiri|3\/100\n|move|p2a: Dragonite|Earthquake|p1b: Tatsugiri|[spread] p1a,p1b\n|-immune|p2b: Gyarados\n|-resisted|p1a: Wo-Chien\n|-damage|p1a: Wo-Chien|86\/100\n|-damage|p1b: Tatsugiri|0 fnt\n|faint|p1b: Tatsugiri\n|\n|upkeep\n|\n|t:|1683597972\n|switch|p1b: Chi-Yu|Chi-Yu, L50|100\/100\n|-ability|p1b: Chi-Yu|Beads of Ruin\n|turn|3\n|\n|t:|1683597996\n|switch|p2a: Wo-Chien|Wo-Chien, L50|100\/100\n|-ability|p2a: Wo-Chien|Tablets of Ruin\n|move|p1b: Chi-Yu|Protect|p1b: Chi-Yu\n|-singleturn|p1b: Chi-Yu|Protect\n|move|p1a: Wo-Chien|Leech Seed|p2b: Gyarados\n|-start|p2b: Gyarados|move: Leech Seed\n|move|p2b: Gyarados|Thunder Wave|p1b: Chi-Yu\n|-activate|p1b: Chi-Yu|move: Protect\n|\n|-damage|p2b: Gyarados|63\/100|[from] Leech Seed|[of] p1a: Wo-Chien\n|-heal|p1a: Wo-Chien|99\/100|[silent]\n|upkeep\n|turn|4\n|inactive|Emiker has 30 seconds left.\n|inactive|SbradyB has 30 seconds left.\n|inactive|Emiker has 20 seconds left.\n|inactive|SbradyB has 20 seconds left.\n|\n|t:|1683598035\n|-terastallize|p2a: Wo-Chien|Water\n|move|p1b: Chi-Yu|Heat Wave|p2a: Wo-Chien|[spread] p2a,p2b\n|-resisted|p2a: Wo-Chien\n|-resisted|p2b: Gyarados\n|-damage|p2a: Wo-Chien|92\/100\n|-damage|p2b: Gyarados|42\/100\n|move|p1a: Wo-Chien|Pollen Puff|p2a: Wo-Chien\n|-damage|p2a: Wo-Chien|81\/100\n|move|p2a: Wo-Chien|Pollen Puff|p2b: Gyarados\n|-heal|p2b: Gyarados|92\/100\n|move|p2b: Gyarados|Taunt|p1a: Wo-Chien\n|-start|p1a: Wo-Chien|move: Taunt\n|\n|-damage|p2b: Gyarados|80\/100|[from] Leech Seed|[of] p1a: Wo-Chien\n|-heal|p1a: Wo-Chien|100\/100|[silent]\n|upkeep\n|turn|5\n|inactive|Emiker has 30 seconds left.\n|inactive|SbradyB has 30 seconds left.\n|inactive|Emiker has 20 seconds left.\n|\n|t:|1683598072\n|move|p1b: Chi-Yu|Nasty Plot|p1b: Chi-Yu\n|-boost|p1b: Chi-Yu|spa|2\n|move|p1a: Wo-Chien|Foul Play|p2b: Gyarados\n|-damage|p2b: Gyarados|46\/100\n|move|p2a: Wo-Chien|Pollen Puff|p1a: Wo-Chien\n|-supereffective|p1a: Wo-Chien\n|-damage|p1a: Wo-Chien|32\/100\n|-enditem|p1a: Wo-Chien|Sitrus Berry|[eat]\n|-heal|p1a: Wo-Chien|57\/100|[from] item: Sitrus Berry\n|move|p2b: Gyarados|Waterfall|p1b: Chi-Yu\n|-supereffective|p1b: Chi-Yu\n|-damage|p1b: Chi-Yu|32\/100\n|\n|-damage|p2b: Gyarados|33\/100|[from] Leech Seed|[of] p1a: Wo-Chien\n|-heal|p1a: Wo-Chien|70\/100|[silent]\n|upkeep\n|turn|6\n|inactive|Emiker has 30 seconds left.\n|inactive|SbradyB has 30 seconds left.\n|\n|t:|1683598103\n|move|p1b: Chi-Yu|Dark Pulse|p2b: Gyarados\n|-damage|p2b: Gyarados|0 fnt\n|faint|p2b: Gyarados\n|move|p1a: Wo-Chien|Pollen Puff|p1b: Chi-Yu\n|-heal|p1b: Chi-Yu|82\/100\n|move|p2a: Wo-Chien|Pollen Puff|p1a: Wo-Chien\n|-supereffective|p1a: Wo-Chien\n|-damage|p1a: Wo-Chien|0 fnt\n|faint|p1a: Wo-Chien\n|\n|upkeep\n|inactive|SbradyB has 30 seconds left.\n|\n|t:|1683598130\n|switch|p2b: Dragonite|Dragonite, L50, M|23\/100\n|switch|p1a: Flutter Mane|Flutter Mane, L50|100\/100\n|-enditem|p1a: Flutter Mane|Booster Energy\n|-activate|p1a: Flutter Mane|ability: Protosynthesis|[fromitem]\n|-start|p1a: Flutter Mane|protosynthesisspa\n|turn|7\n|\n|t:|1683598146\n|move|p1b: Chi-Yu|Protect|p1b: Chi-Yu\n|-singleturn|p1b: Chi-Yu|Protect\n|move|p2b: Dragonite|Extreme Speed|p1b: Chi-Yu\n|-activate|p1b: Chi-Yu|move: Protect\n|move|p1a: Flutter Mane|Dazzling Gleam|p2b: Dragonite|[spread] p2a,p2b\n|-supereffective|p2b: Dragonite\n|-damage|p2a: Wo-Chien|60\/100\n|-damage|p2b: Dragonite|0 fnt\n|faint|p2b: Dragonite\n|move|p2a: Wo-Chien|Snarl|p1a: Flutter Mane|[spread] p1a\n|-activate|p1b: Chi-Yu|move: Protect\n|-damage|p1a: Flutter Mane|84\/100\n|-unboost|p1a: Flutter Mane|spa|1\n|\n|upkeep\n|\n|t:|1683598150\n|switch|p2b: Flutter Mane|Flutter Mane, L50|100\/100\n|turn|8\n|inactive|Emiker has 30 seconds left.\n|inactive|SbradyB has 30 seconds left.\n|inactive|SbradyB has 20 seconds left.\n|inactive|SbradyB has 15 seconds left.\n|inactive|SbradyB has 10 seconds left.\n|\n|t:|1683598204\n|-terastallize|p1a: Flutter Mane|Fairy\n|move|p2b: Flutter Mane|Moonblast|p1b: Chi-Yu\n|-damage|p1b: Chi-Yu|0 fnt\n|faint|p1b: Chi-Yu\n|move|p1a: Flutter Mane|Dazzling Gleam|p2a: Wo-Chien|[spread] p2a,p2b\n|-damage|p2a: Wo-Chien|44\/100\n|-damage|p2b: Flutter Mane|64\/100\n|move|p2a: Wo-Chien|Snarl|p1a: Flutter Mane\n|-resisted|p1a: Flutter Mane\n|-crit|p1a: Flutter Mane\n|-damage|p1a: Flutter Mane|71\/100\n|-unboost|p1a: Flutter Mane|spa|1\n|\n|upkeep\n|turn|9\n|-message|Emiker forfeited.\n|\n|win|SbradyB\n|raw|Emiker's rating: 1407 → 1391<\/strong> (-16 for losing)\n|raw|SbradyB's rating: 1480 → 1496<\/strong> (+16 for winning)\n|l|\u2606Emiker\n","uploadtime":1683598236,"views":13,"p1id":"emiker","p2id":"sbradyb","formatid":"gen9vgc2023regulationc","rating":1391,"private":0,"password":""}