{"id":"gen9vgc2023regulationc-1845794175","p1":"mike langson","p2":"hancec","format":"[Gen 9] VGC 2023 Regulation C","log":"|j|\u2606mike langson\n|j|\u2606hancec\n|t:|1681765208\n|gametype|doubles\n|player|p1|mike langson|crasherwake|\n|player|p2|hancec|gentleman-gen4dp|\n|teamsize|p1|6\n|teamsize|p2|6\n|gen|9\n|tier|[Gen 9] VGC 2023 Regulation C\n|rated|Tournament battle\n|rule|Species Clause: Limit one of each Pok\u00e9mon\n|rule|Item Clause: Limit one of each item\n|clearpoke\n|poke|p1|Tyranitar, L50, M|\n|poke|p1|Scream Tail, L50|\n|poke|p1|Corviknight, L50, F|\n|poke|p1|Ting-Lu, L50|\n|poke|p1|Amoonguss, L50, F|\n|poke|p1|Arcanine, L50, M|\n|poke|p2|Murkrow, L50, M|\n|poke|p2|Iron Bundle, L50|\n|poke|p2|Chi-Yu, L50|\n|poke|p2|Gholdengo, L50|\n|poke|p2|Great Tusk, L50|\n|poke|p2|Farigiraf, L50, F|\n|teampreview|4\n|raw| Open Team Sheet for mike langson<\/summary>Tyranitar @ Choice Scarf Ability: Sand Stream Level: 50 Shiny: Yes Tera Type: Flying - Rock Slide - Crunch - Tera Blast - Low Kick Scream Tail @ Booster Energy Ability: Protosynthesis Level: 50 Tera Type: Steel - Howl - Play Rough - Thunder Wave - Protect Corviknight @ Safety Goggles Ability: Mirror Armor Level: 50 Tera Type: Fire - Brave Bird - Iron Head - Bulk Up - Roost Ting-Lu @ Leftovers Ability: Vessel of Ruin Level: 50 Tera Type: Poison - Earthquake - Stomping Tantrum - Heavy Slam - Protect Amoonguss @ Iapapa Berry Ability: Regenerator Level: 50 Tera Type: Dark - Pollen Puff - Spore - Rage Powder - Protect Arcanine (M) @ Sitrus Berry Ability: Intimidate Level: 50 Tera Type: Grass - Protect - Snarl - Flare Blitz - Will-O-Wisp <\/details><\/div> Open Team Sheet for hancec<\/summary>Murkrow @ Focus Sash Ability: Prankster Level: 50 Shiny: Yes Tera Type: Ghost - Brave Bird - Tailwind - Sunny Day - Haze Iron Bundle @ Booster Energy Ability: Quark Drive Level: 50 Tera Type: Flying - Freeze-Dry - Icy Wind - Hydro Pump - Protect Chi-Yu @ Wide Lens Ability: Beads of Ruin Level: 50 Tera Type: Fire - Heat Wave - Overheat - Dark Pulse - Protect Gholdengo @ Choice Specs Ability: Good as Gold Level: 50 Tera Type: Steel - Make It Rain - Shadow Ball - Trick - Thunderbolt Great Tusk @ Clear Amulet Ability: Protosynthesis Level: 50 Hidden Power: Fighting Tera Type: Ground - Headlong Rush - Earthquake - Close Combat - Protect Farigiraf @ Life Orb Ability: Armor Tail Level: 50 Tera Type: Fairy - Hyper Voice - Dazzling Gleam - Trick Room - Imprison <\/details><\/div>\n|c|\u2606hancec|glhf\n|c|\u2606mike langson|u2\n|j| The2009Zapdos\n|\n|t:|1681765302\n|start\n|switch|p1a: Scream Tail|Scream Tail, L50|100\/100\n|switch|p1b: Ting-Lu|Ting-Lu, L50|100\/100\n|switch|p2a: Murkrow|Murkrow, L50, M, shiny|100\/100\n|switch|p2b: Gholdengo|Gholdengo, L50|100\/100\n|-ability|p1b: Ting-Lu|Vessel of Ruin\n|-enditem|p1a: Scream Tail|Booster Energy\n|-activate|p1a: Scream Tail|ability: Protosynthesis|[fromitem]\n|-start|p1a: Scream Tail|protosynthesisspe\n|turn|1\n|\n|t:|1681765350\n|switch|p2b: Great Tusk|Great Tusk, L50|100\/100\n|move|p1a: Scream Tail|Protect|p1a: Scream Tail\n|-singleturn|p1a: Scream Tail|Protect\n|move|p2a: Murkrow|Tailwind|p2a: Murkrow\n|-sidestart|p2: hancec|move: Tailwind\n|move|p1b: Ting-Lu|Stomping Tantrum|p2b: Great Tusk\n|-damage|p2b: Great Tusk|73\/100\n|\n|upkeep\n|turn|2\n|l| The2009Zapdos\n|\n|t:|1681765376\n|-end|p1a: Scream Tail|Protosynthesis|[silent]\n|switch|p1a: Corviknight|Corviknight, L50, F|100\/100\n|-terastallize|p2b: Great Tusk|Ground\n|move|p1b: Ting-Lu|Protect|p1b: Ting-Lu\n|-singleturn|p1b: Ting-Lu|Protect\n|move|p2a: Murkrow|Sunny Day|p2a: Murkrow\n|-weather|SunnyDay\n|-activate|p2b: Great Tusk|ability: Protosynthesis\n|-start|p2b: Great Tusk|protosynthesisatk\n|move|p2b: Great Tusk|Earthquake|p1a: Corviknight|[spread] \n|-activate|p1b: Ting-Lu|move: Protect\n|-immune|p2a: Murkrow\n|-immune|p1a: Corviknight\n|\n|-weather|SunnyDay|[upkeep]\n|upkeep\n|turn|3\n|\n|t:|1681765404\n|switch|p1b: Scream Tail|Scream Tail, L50|100\/100\n|-activate|p1b: Scream Tail|ability: Protosynthesis\n|-start|p1b: Scream Tail|protosynthesisspe\n|move|p2a: Murkrow|Brave Bird|p1b: Scream Tail\n|-damage|p1b: Scream Tail|66\/100\n|-damage|p2a: Murkrow|82\/100|[from] Recoil\n|move|p2b: Great Tusk|Close Combat|p1b: Scream Tail\n|-resisted|p1b: Scream Tail\n|-damage|p1b: Scream Tail|49\/100\n|-unboost|p2b: Great Tusk|def|1\n|-unboost|p2b: Great Tusk|spd|1\n|move|p1a: Corviknight|Brave Bird|p2b: Great Tusk\n|-crit|p2b: Great Tusk\n|-damage|p2b: Great Tusk|5\/100\n|-damage|p1a: Corviknight|80\/100|[from] Recoil\n|\n|-weather|SunnyDay|[upkeep]\n|upkeep\n|turn|4\n|\n|t:|1681765433\n|move|p1b: Scream Tail|Protect|p1b: Scream Tail\n|-singleturn|p1b: Scream Tail|Protect\n|move|p2a: Murkrow|Brave Bird|p1a: Corviknight\n|-resisted|p1a: Corviknight\n|-damage|p1a: Corviknight|58\/100\n|-damage|p2a: Murkrow|71\/100|[from] Recoil\n|move|p2b: Great Tusk|Close Combat|p1a: Corviknight\n|-damage|p1a: Corviknight|0 fnt\n|-unboost|p2b: Great Tusk|def|1\n|-unboost|p2b: Great Tusk|spd|1\n|faint|p1a: Corviknight\n|\n|-weather|SunnyDay|[upkeep]\n|-sideend|p2: hancec|move: Tailwind\n|upkeep\n|\n|t:|1681765443\n|switch|p1a: Tyranitar|Tyranitar, L50, M, shiny|100\/100\n|-weather|Sandstorm|[from] ability: Sand Stream|[of] p1a: Tyranitar\n|-end|p1b: Scream Tail|Protosynthesis\n|-end|p2b: Great Tusk|Protosynthesis\n|turn|5\n|\n|t:|1681765467\n|-terastallize|p1a: Tyranitar|Flying\n|move|p2a: Murkrow|Tailwind|p2a: Murkrow\n|-sidestart|p2: hancec|move: Tailwind\n|move|p2b: Great Tusk|Headlong Rush|p1b: Scream Tail\n|-damage|p1b: Scream Tail|0 fnt\n|-unboost|p2b: Great Tusk|def|1\n|-unboost|p2b: Great Tusk|spd|1\n|faint|p1b: Scream Tail\n|-end|p1b: Scream Tail|Protosynthesis|[silent]\n|move|p1a: Tyranitar|Rock Slide|p2a: Murkrow|[spread] p2a,p2b\n|-supereffective|p2a: Murkrow\n|-resisted|p2b: Great Tusk\n|-damage|p2a: Murkrow|0 fnt\n|-damage|p2b: Great Tusk|0 fnt\n|faint|p2a: Murkrow\n|faint|p2b: Great Tusk\n|-end|p2b: Great Tusk|Protosynthesis|[silent]\n|\n|-weather|Sandstorm|[upkeep]\n|-damage|p1a: Tyranitar|95\/100|[from] Sandstorm\n|upkeep\n|\n|t:|1681765478\n|switch|p1b: Ting-Lu|Ting-Lu, L50|100\/100\n|switch|p2a: Gholdengo|Gholdengo, L50|100\/100\n|switch|p2b: Iron Bundle|Iron Bundle, L50|100\/100\n|-ability|p1b: Ting-Lu|Vessel of Ruin\n|-enditem|p2b: Iron Bundle|Booster Energy\n|-activate|p2b: Iron Bundle|ability: Quark Drive|[fromitem]\n|-start|p2b: Iron Bundle|quarkdrivespe\n|turn|6\n|\n|t:|1681765487\n|move|p2b: Iron Bundle|Freeze-Dry|p1a: Tyranitar\n|-supereffective|p1a: Tyranitar\n|-damage|p1a: Tyranitar|43\/100\n|move|p2a: Gholdengo|Make It Rain|p1a: Tyranitar|[spread] p1a,p1b\n|-damage|p1a: Tyranitar|0 fnt\n|-damage|p1b: Ting-Lu|58\/100\n|-unboost|p2a: Gholdengo|spa|1\n|faint|p1a: Tyranitar\n|move|p1b: Ting-Lu|Earthquake|p2a: Gholdengo|[spread] p2a,p2b\n|-supereffective|p2a: Gholdengo\n|-damage|p2a: Gholdengo|20\/100\n|-damage|p2b: Iron Bundle|62\/100\n|\n|-weather|Sandstorm|[upkeep]\n|-damage|p2b: Iron Bundle|56\/100|[from] Sandstorm\n|-heal|p1b: Ting-Lu|64\/100|[from] item: Leftovers\n|upkeep\n|turn|7\n|\n|t:|1681765496\n|move|p2b: Iron Bundle|Freeze-Dry|p1b: Ting-Lu\n|-supereffective|p1b: Ting-Lu\n|-damage|p1b: Ting-Lu|22\/100\n|move|p2a: Gholdengo|Make It Rain|p1b: Ting-Lu\n|-damage|p1b: Ting-Lu|0 fnt\n|-unboost|p2a: Gholdengo|spa|1\n|faint|p1b: Ting-Lu\n|\n|win|hancec\n|n|\u2606mike langson|mikelangson\n|n|\u2606hancec|hancec\n|c|\u2606mike langson|gg\n|c|\u2606hancec|gg\n|l|\u2606mike langson\n","uploadtime":1681765508,"views":11,"p1id":"mikelangson","p2id":"hancec","formatid":"gen9vgc2023regulationc","rating":0,"private":0,"password":""}