{"id":"gen9vgc2023regulationc-1846706906","p1":"CaptainEricVGC","p2":"JayVGC YT","format":"[Gen 9] VGC 2023 Regulation C","log":"|j|\u2606CaptainEricVGC\n|j|\u2606JayVGC YT\n|t:|1681868278\n|gametype|doubles\n|player|p1|CaptainEricVGC|1|\n|player|p2|JayVGC YT|102|\n|teamsize|p1|6\n|teamsize|p2|6\n|gen|9\n|tier|[Gen 9] VGC 2023 Regulation C\n|rule|Species Clause: Limit one of each Pok\u00e9mon\n|rule|Item Clause: Limit one of each item\n|clearpoke\n|poke|p1|Baxcalibur, L50, F|\n|poke|p1|Amoonguss, L50, F|\n|poke|p1|Ting-Lu, L50|\n|poke|p1|Arcanine, L50, F|\n|poke|p1|Palafin, L50, M|\n|poke|p1|Flutter Mane, L50|\n|poke|p2|Maushold-Four, L50|\n|poke|p2|Annihilape, L50, F|\n|poke|p2|Gholdengo, L50|\n|poke|p2|Iron Bundle, L50|\n|poke|p2|Arcanine, L50, F|\n|poke|p2|Roaring Moon, L50|\n|teampreview|4\nCaptainEricVGC has agreed to open team sheets.\nJayVGC YT has agreed to open team sheets.\n|c|\u2606JayVGC YT|was blizzard a mistake?\n|c|\u2606CaptainEricVGC|yes\n|\n|t:|1681868347\n|start\n|switch|p1a: Baxcalibur|Baxcalibur, L50, F|100\/100\n|switch|p1b: Flutter Mane|Flutter Mane, L50|100\/100\n|switch|p2a: Pancakes|Maushold-Four, L50|100\/100\n|switch|p2b: Monke Business|Annihilape, L50, F|100\/100\n|-enditem|p1b: Flutter Mane|Booster Energy\n|-activate|p1b: Flutter Mane|ability: Protosynthesis|[fromitem]\n|-start|p1b: Flutter Mane|protosynthesisspa\n|turn|1\n|\n|t:|1681868394\n|switch|p2b: \"Incineroar\"|Arcanine, L50, F|100\/100\n|-ability|p2b: \"Incineroar\"|Intimidate|boost\n|-unboost|p1a: Baxcalibur|atk|1\n|-unboost|p1b: Flutter Mane|atk|1\n|move|p1b: Flutter Mane|Substitute|p1b: Flutter Mane\n|-start|p1b: Flutter Mane|Substitute\n|-damage|p1b: Flutter Mane|76\/100\n|move|p2a: Pancakes|Super Fang|p1a: Baxcalibur\n|-damage|p1a: Baxcalibur|50\/100\n|move|p1a: Baxcalibur|Icicle Spear|p2b: \"Incineroar\"\n|-resisted|p2b: \"Incineroar\"\n|-damage|p2b: \"Incineroar\"|96\/100\n|-resisted|p2b: \"Incineroar\"\n|-damage|p2b: \"Incineroar\"|92\/100\n|-resisted|p2b: \"Incineroar\"\n|-damage|p2b: \"Incineroar\"|89\/100\n|-resisted|p2b: \"Incineroar\"\n|-damage|p2b: \"Incineroar\"|84\/100\n|-hitcount|p2b: \"Incineroar\"|4\n|\n|upkeep\n|turn|2\n|\n|t:|1681868418\n|switch|p1a: Ting-Lu|Ting-Lu, L50|100\/100\n|-ability|p1a: Ting-Lu|Vessel of Ruin\n|move|p1b: Flutter Mane|Protect|p1b: Flutter Mane\n|-singleturn|p1b: Flutter Mane|Protect\n|move|p2a: Pancakes|Follow Me|p2a: Pancakes\n|-singleturn|p2a: Pancakes|move: Follow Me\n|move|p2b: \"Incineroar\"|Flare Blitz|p1b: Flutter Mane\n|-activate|p1b: Flutter Mane|move: Protect\n|\n|upkeep\n|turn|3\n|\n|t:|1681868447\n|move|p2a: Pancakes|Follow Me|p2a: Pancakes\n|-singleturn|p2a: Pancakes|move: Follow Me\n|move|p1b: Flutter Mane|Substitute|p1b: Flutter Mane\n|-fail|p1b: Flutter Mane|move: Substitute\n|move|p2b: \"Incineroar\"|Flare Blitz|p1b: Flutter Mane\n|-end|p1b: Flutter Mane|Substitute\n|-damage|p2b: \"Incineroar\"|78\/100|[from] Recoil|[of] p1b: Flutter Mane\n|move|p1a: Ting-Lu|Fissure|p2a: Pancakes\n|-damage|p2a: Pancakes|0 fnt\n|faint|p2a: Pancakes\n|-ohko\n|\n|upkeep\n|\n|t:|1681868455\n|switch|p2a: Peaceful Moon|Roaring Moon, L50|100\/100\n|-enditem|p2a: Peaceful Moon|Booster Energy\n|-activate|p2a: Peaceful Moon|ability: Protosynthesis|[fromitem]\n|-start|p2a: Peaceful Moon|protosynthesisspe\n|turn|4\n|\n|t:|1681868478\n|-terastallize|p2a: Peaceful Moon|Flying\n|move|p1b: Flutter Mane|Protect|p1b: Flutter Mane\n|-singleturn|p1b: Flutter Mane|Protect\n|move|p2a: Peaceful Moon|Dragon Dance|p2a: Peaceful Moon\n|-boost|p2a: Peaceful Moon|atk|1\n|-boost|p2a: Peaceful Moon|spe|1\n|move|p2b: \"Incineroar\"|Flare Blitz|p1b: Flutter Mane\n|-activate|p1b: Flutter Mane|move: Protect\n|move|p1a: Ting-Lu|Stomping Tantrum|p2b: \"Incineroar\"\n|-supereffective|p2b: \"Incineroar\"\n|-damage|p2b: \"Incineroar\"|0 fnt\n|faint|p2b: \"Incineroar\"\n|\n|upkeep\n|\n|t:|1681868488\n|switch|p2b: Monke Business|Annihilape, L50, F|100\/100\n|turn|5\n|\n|t:|1681868513\n|-end|p1b: Flutter Mane|Protosynthesis|[silent]\n|switch|p1b: Baxcalibur|Baxcalibur, L50, F|50\/100\n|move|p2a: Peaceful Moon|Acrobatics|p1b: Baxcalibur\n|-damage|p1b: Baxcalibur|0 fnt\n|faint|p1b: Baxcalibur\n|move|p2b: Monke Business|Bulk Up|p2b: Monke Business\n|-boost|p2b: Monke Business|atk|1\n|-boost|p2b: Monke Business|def|1\n|move|p1a: Ting-Lu|Stomping Tantrum|p2b: Monke Business\n|-damage|p2b: Monke Business|78\/100\n|\n|-heal|p2b: Monke Business|84\/100|[from] item: Leftovers\n|upkeep\n|\n|t:|1681868524\n|switch|p1b: Palafin|Palafin, L50, M|100\/100\n|turn|6\n|\n|t:|1681868552\n|move|p1b: Palafin|Protect|p1b: Palafin\n|-singleturn|p1b: Palafin|Protect\n|move|p2a: Peaceful Moon|Acrobatics|p1b: Palafin\n|-activate|p1b: Palafin|move: Protect\n|move|p2b: Monke Business|Drain Punch|p1a: Ting-Lu\n|-supereffective|p1a: Ting-Lu\n|-damage|p1a: Ting-Lu|30\/100\n|-heal|p2b: Monke Business|100\/100|[from] drain|[of] p1a: Ting-Lu\n|move|p1a: Ting-Lu|Fissure|p2b: Monke Business|[miss]\n|-miss|p1a: Ting-Lu|p2b: Monke Business\n|\n|upkeep\n|turn|7\n|\n|t:|1681868582\n|switch|p1a: Flutter Mane|Flutter Mane, L50|76\/100\n|move|p2b: Monke Business|Protect|p2b: Monke Business\n|-singleturn|p2b: Monke Business|Protect\n|move|p2a: Peaceful Moon|Acrobatics|p1b: Palafin\n|-damage|p1b: Palafin|0 fnt\n|faint|p1b: Palafin\n|\n|upkeep\n|\n|t:|1681868590\n|switch|p1b: Ting-Lu|Ting-Lu, L50|30\/100\n|-ability|p1b: Ting-Lu|Vessel of Ruin\n|turn|8\n|\n|t:|1681868609\n|-terastallize|p1a: Flutter Mane|Fairy\n|move|p2a: Peaceful Moon|Acrobatics|p1b: Ting-Lu\n|-damage|p1b: Ting-Lu|0 fnt\n|faint|p1b: Ting-Lu\n|move|p1a: Flutter Mane|Moonblast|p2b: Monke Business\n|-supereffective|p2b: Monke Business\n|-damage|p2b: Monke Business|0 fnt\n|faint|p2b: Monke Business\n|\n|upkeep\n|turn|9\n|c|\u2606CaptainEricVGC|gg\n|c|\u2606JayVGC YT|ggs\n|\n|t:|1681868623\n|move|p2a: Peaceful Moon|Acrobatics|p1a: Flutter Mane\n|-damage|p1a: Flutter Mane|0 fnt\n|faint|p1a: Flutter Mane\n|-end|p1a: Flutter Mane|Protosynthesis|[silent]\n|\n|win|JayVGC YT\n","uploadtime":1681868645,"views":16,"p1id":"captainericvgc","p2id":"jayvgcyt","formatid":"gen9vgc2023regulationc","rating":0,"private":0,"password":""}