{"id":"gen9vgc2023regulationc-1852909683","p1":"Paciu95","p2":"icedragonkid105","format":"[Gen 9] VGC 2023 Regulation C","log":"|j|\u2606Paciu95\n|j|\u2606icedragonkid105\n|t:|1682616504\n|gametype|doubles\n|player|p1|Paciu95|101|1139\n|player|p2|icedragonkid105|1|1186\n|teamsize|p1|6\n|teamsize|p2|6\n|gen|9\n|tier|[Gen 9] VGC 2023 Regulation C\n|rated|\n|rule|Species Clause: Limit one of each Pok\u00e9mon\n|rule|Item Clause: Limit one of each item\n|clearpoke\n|poke|p1|Abomasnow, L50, M|\n|poke|p1|Arcanine, L50, F|\n|poke|p1|Flutter Mane, L50|\n|poke|p1|Cetitan, L50, M|\n|poke|p1|Amoonguss, L50, F|\n|poke|p1|Iron Bundle, L50|\n|poke|p2|Baxcalibur, L50, M|\n|poke|p2|Flutter Mane, L50|\n|poke|p2|Chi-Yu, L50|\n|poke|p2|Iron Hands, L50|\n|poke|p2|Iron Bundle, L50|\n|poke|p2|Arcanine, L50, M|\n|teampreview|4\n|\n|t:|1682616534\n|start\n|switch|p1a: Iron Bundle|Iron Bundle, L50|100\/100\n|switch|p1b: Arcanine|Arcanine, L50, F|100\/100\n|switch|p2a: Glacius|Baxcalibur, L50, M|100\/100\n|switch|p2b: K-9|Arcanine, L50, M|100\/100\n|-ability|p2b: K-9|Intimidate|boost\n|-unboost|p1a: Iron Bundle|atk|1\n|-unboost|p1b: Arcanine|atk|1\n|-ability|p1b: Arcanine|Intimidate|boost\n|-fail|p2a: Glacius|unboost|[from] item: Clear Amulet|[of] p2a: Glacius\n|-unboost|p2b: K-9|atk|1\n|-enditem|p1a: Iron Bundle|Booster Energy\n|-activate|p1a: Iron Bundle|ability: Quark Drive|[fromitem]\n|-start|p1a: Iron Bundle|quarkdrivespe\n|turn|1\n|\n|t:|1682616573\n|switch|p1b: Abomasnow|Abomasnow, L50, M, shiny|100\/100\n|-weather|Snow|[from] ability: Snow Warning|[of] p1b: Abomasnow\n|move|p1a: Iron Bundle|Hydro Pump|p2b: K-9|[miss]\n|-miss|p1a: Iron Bundle|p2b: K-9\n|move|p2b: K-9|Howl|p2b: K-9|[spread] p2a,p2b\n|-boost|p2a: Glacius|atk|1\n|-boost|p2b: K-9|atk|1\n|move|p2a: Glacius|Glaive Rush|p1a: Iron Bundle\n|-damage|p1a: Iron Bundle|6\/100\n|-singlemove|p2a: Glacius|Glaive Rush|[silent]\n|\n|-weather|Snow|[upkeep]\n|upkeep\n|turn|2\n|\n|t:|1682616594\n|move|p2a: Glacius|Ice Shard|p1a: Iron Bundle\n|-resisted|p1a: Iron Bundle\n|-damage|p1a: Iron Bundle|0 fnt\n|faint|p1a: Iron Bundle\n|-end|p1a: Iron Bundle|Quark Drive|[silent]\n|move|p2b: K-9|Flare Blitz|p1b: Abomasnow\n|-supereffective|p1b: Abomasnow\n|-damage|p1b: Abomasnow|0 fnt\n|faint|p1b: Abomasnow\n|-damage|p2b: K-9|61\/100|[from] Recoil\n|\n|-weather|Snow|[upkeep]\n|upkeep\n|\n|t:|1682616608\n|switch|p1a: Arcanine|Arcanine, L50, F|100\/100\n|switch|p1b: Cetitan|Cetitan, L50, M, shiny|100\/100\n|-ability|p1a: Arcanine|Intimidate|boost\n|-fail|p2a: Glacius|unboost|[from] item: Clear Amulet|[of] p2a: Glacius\n|-unboost|p2b: K-9|atk|1\n|turn|3\n|\n|t:|1682616632\n|-terastallize|p1b: Cetitan|Fire\n|move|p1a: Arcanine|Extreme Speed|p2b: K-9\n|-damage|p2b: K-9|35\/100\n|move|p2b: K-9|Flare Blitz|p1b: Cetitan\n|-resisted|p1b: Cetitan\n|-damage|p1b: Cetitan|82\/100\n|-damage|p2b: K-9|25\/100|[from] Recoil\n|move|p2a: Glacius|Glaive Rush|p1a: Arcanine\n|-damage|p1a: Arcanine|0 fnt\n|-singlemove|p2a: Glacius|Glaive Rush|[silent]\n|faint|p1a: Arcanine\n|move|p1b: Cetitan|Belly Drum|p1b: Cetitan\n|-damage|p1b: Cetitan|32\/100\n|-setboost|p1b: Cetitan|atk|6|[from] move: Belly Drum\n|-enditem|p1b: Cetitan|Sitrus Berry|[eat]\n|-heal|p1b: Cetitan|57\/100|[from] item: Sitrus Berry\n|\n|-weather|Snow|[upkeep]\n|upkeep\n|turn|4\n|\n|t:|1682616659\n|move|p2b: K-9|Extreme Speed|p1b: Cetitan\n|-damage|p1b: Cetitan|41\/100\n|move|p2a: Glacius|Ice Shard|p1b: Cetitan\n|-resisted|p1b: Cetitan\n|-damage|p1b: Cetitan|26\/100\n|move|p1b: Cetitan|Liquidation|p2a: Glacius\n|-resisted|p2a: Glacius\n|-damage|p2a: Glacius|60\/100\n|\n|-weather|Snow|[upkeep]\n|upkeep\n|turn|5\n|\n|t:|1682616676\n|switch|p2b: Dom|Iron Hands, L50|100\/100\n|move|p2a: Glacius|Protect|p2a: Glacius\n|-singleturn|p2a: Glacius|Protect\n|move|p1b: Cetitan|Ice Spinner|p2a: Glacius\n|-activate|p2a: Glacius|move: Protect\n|\n|-weather|none\n|upkeep\n|turn|6\n|-message|Paciu95 forfeited.\n|\n|win|icedragonkid105\n|raw|Paciu95's rating: 1139 → 1117<\/strong> (-22 for losing)\n|raw|icedragonkid105's rating: 1186 → 1208<\/strong> (+22 for winning)\n|l|\u2606Paciu95\n","uploadtime":1682616699,"views":9,"p1id":"paciu95","p2id":"icedragonkid105","formatid":"gen9vgc2023regulationc","rating":1117,"private":0,"password":""}