{"id":"gen9vgc2023regulationc-1863891999","p1":"Lightoz","p2":"G3rd","format":"[Gen 9] VGC 2023 Regulation C","log":"|j|\u2606Lightoz\n|j|\u2606G3rd\n|t:|1684090135\n|gametype|doubles\n|player|p1|Lightoz|265|1395\n|player|p2|G3rd|giovanni|1416\n|teamsize|p1|6\n|teamsize|p2|6\n|gen|9\n|tier|[Gen 9] VGC 2023 Regulation C\n|rated|\n|rule|Species Clause: Limit one of each Pok\u00e9mon\n|rule|Item Clause: Limit one of each item\n|clearpoke\n|poke|p1|Kingambit, L50, M|\n|poke|p1|Gothitelle, L50, M|\n|poke|p1|Iron Hands, L50|\n|poke|p1|Flutter Mane, L50|\n|poke|p1|Amoonguss, L50, M|\n|poke|p1|Gyarados, L50, F|\n|poke|p2|Annihilape, L50, F|\n|poke|p2|Maushold-Four, L50|\n|poke|p2|Chien-Pao, L50|\n|poke|p2|Dragonite, L50, F|\n|poke|p2|Ting-Lu, L50|\n|poke|p2|Florges, L50, F|\n|teampreview|4\nG3rd has agreed to open team sheets.\n|\n|t:|1684090155\n|start\n|switch|p1a: Iron Hands|Iron Hands, L50|100\/100\n|switch|p1b: Flutter Mane|Flutter Mane, L50|100\/100\n|switch|p2a: Maushold|Maushold-Four, L50|100\/100\n|switch|p2b: Annihilape|Annihilape, L50, F|100\/100\n|turn|1\n|inactive|Battle timer is ON: inactive players will automatically lose when time's up. (requested by G3rd)\n|\n|t:|1684090175\n|-terastallize|p2b: Annihilape|Fire\n|move|p1b: Flutter Mane|Moonblast|p2a: Maushold\n|-crit|p2a: Maushold\n|-damage|p2a: Maushold|21\/100\n|-unboost|p2a: Maushold|spa|1\n|move|p2a: Maushold|Beat Up|p2b: Annihilape\n|-damage|p2b: Annihilape|99\/100\n|-damage|p2b: Annihilape|97\/100\n|-damage|p2b: Annihilape|95\/100\n|-damage|p2b: Annihilape|94\/100\n|-hitcount|p2b: Annihilape|4\n|move|p2b: Annihilape|Rage Fist|p1b: Flutter Mane\n|-supereffective|p1b: Flutter Mane\n|-enditem|p1b: Flutter Mane|Focus Sash\n|-damage|p1b: Flutter Mane|1\/100\n|move|p1a: Iron Hands|Wild Charge|p2a: Maushold\n|-damage|p2a: Maushold|0 fnt\n|faint|p2a: Maushold\n|-damage|p1a: Iron Hands|97\/100|[from] Recoil\n|\n|-heal|p2b: Annihilape|99\/100|[from] item: Leftovers\n|upkeep\n|\n|t:|1684090195\n|switch|p2a: Florges|Florges, L50, F|100\/100\n|turn|2\n|inactive|Lightoz has 30 seconds left.\n|\n|t:|1684090229\n|-end|p1b: Flutter Mane|Protosynthesis|[silent]\n|switch|p1b: Amoonguss|Amoonguss, L50, M|100\/100\n|-terastallize|p1a: Iron Hands|Fire\n|move|p2b: Annihilape|Rage Fist|p1a: Iron Hands\n|-damage|p1a: Iron Hands|26\/100\n|move|p2a: Florges|Moonblast|p1a: Iron Hands\n|-resisted|p1a: Iron Hands\n|-damage|p1a: Iron Hands|16\/100\n|move|p1a: Iron Hands|Wild Charge|p2a: Florges\n|-damage|p2a: Florges|54\/100\n|-damage|p1a: Iron Hands|7\/100|[from] Recoil\n|\n|-heal|p2b: Annihilape|100\/100|[from] item: Leftovers\n|upkeep\n|turn|3\n|\n|t:|1684090246\n|move|p2a: Florges|Helping Hand|p2b: Annihilape\n|-singleturn|p2b: Annihilape|Helping Hand|[of] p2a: Florges\n|move|p2b: Annihilape|Rage Fist|p1b: Amoonguss\n|-damage|p1b: Amoonguss|0 fnt\n|faint|p1b: Amoonguss\n|move|p1a: Iron Hands|Wild Charge|p2a: Florges\n|-damage|p2a: Florges|11\/100\n|-damage|p1a: Iron Hands|0 fnt|[from] Recoil\n|faint|p1a: Iron Hands\n|-end|p1a: Iron Hands|Quark Drive|[silent]\n|\n|upkeep\n|\n|t:|1684090252\n|switch|p1a: Flutter Mane|Flutter Mane, L50|1\/100\n|switch|p1b: Gyarados|Gyarados, L50, F|100\/100\n|-ability|p1b: Gyarados|Intimidate|boost\n|-unboost|p2a: Florges|atk|1\n|-unboost|p2b: Annihilape|atk|1\n|-ability|p2b: Annihilape|Defiant|boost\n|-boost|p2b: Annihilape|atk|2\n|turn|4\n|\n|t:|1684090273\n|move|p1a: Flutter Mane|Protect|p1a: Flutter Mane\n|-singleturn|p1a: Flutter Mane|Protect\n|move|p2b: Annihilape|Rage Fist|p1b: Gyarados\n|-damage|p1b: Gyarados|0 fnt\n|faint|p1b: Gyarados\n|move|p2a: Florges|Moonblast|p1a: Flutter Mane\n|-activate|p1a: Flutter Mane|move: Protect\n|\n|upkeep\n|turn|5\n|-message|Lightoz forfeited.\n|\n|win|G3rd\n|raw|Lightoz's rating: 1395 → 1376<\/strong> (-19 for losing)\n|raw|G3rd's rating: 1416 → 1435<\/strong> (+19 for winning)\n|l|\u2606Lightoz\n","uploadtime":1684090286,"views":8,"p1id":"lightoz","p2id":"g3rd","formatid":"gen9vgc2023regulationc","rating":1376,"private":0,"password":""}