{"id":"gen9vgc2023regulationc-1851106610","p1":"Trampasthetrainer","p2":"Feming0","format":"[Gen 9] VGC 2023 Regulation C","log":"|j|\u2606Trampasthetrainer\n|j|\u2606Feming0\n|t:|1682410333\n|gametype|doubles\n|player|p1|Trampasthetrainer|n|1088\n|player|p2|Feming0|iris-gen5bw2|1000\n|teamsize|p1|6\n|teamsize|p2|6\n|gen|9\n|tier|[Gen 9] VGC 2023 Regulation C\n|rated|\n|rule|Species Clause: Limit one of each Pok\u00e9mon\n|rule|Item Clause: Limit one of each item\n|clearpoke\n|poke|p1|Spiritomb, L50, M|\n|poke|p1|Salamence, L50, F|\n|poke|p1|Hariyama, L50, M|\n|poke|p1|Amoonguss, L50, M|\n|poke|p1|Gholdengo, L50|\n|poke|p1|Chien-Pao, L50|\n|poke|p2|Lycanroc-Midnight, L50, F|\n|poke|p2|Oranguru, L50, M|\n|poke|p2|Chien-Pao, L50|\n|poke|p2|Pachirisu, L50, F|\n|poke|p2|Hydreigon, L50, M|\n|poke|p2|Amoonguss, L50, M|\n|teampreview|4\n|\n|t:|1682410378\n|start\n|switch|p1a: Spiritomb|Spiritomb, L50, M, shiny|100\/100\n|switch|p1b: Salamence|Salamence, L50, F|100\/100\n|switch|p2a: Lycanroc|Lycanroc-Midnight, L50, F|100\/100\n|switch|p2b: Oranguru|Oranguru, L50, M|100\/100\n|turn|1\n|\n|t:|1682410400\n|switch|p1b: Hariyama|Hariyama, L50, M|100\/100\n|move|p2a: Lycanroc|Endure|p2a: Lycanroc\n|-singleturn|p2a: Lycanroc|move: Endure\n|move|p2b: Oranguru|Skill Swap|p2a: Lycanroc\n|-activate|p2b: Oranguru|move: Skill Swap|||[of] p2a: Lycanroc\n|move|p1a: Spiritomb|Will-O-Wisp|p2a: Lycanroc\n|-status|p2a: Lycanroc|brn\n|\n|-damage|p2a: Lycanroc|94\/100 brn|[from] brn\n|-status|p1b: Hariyama|brn|[from] item: Flame Orb\n|upkeep\n|turn|2\n|\n|t:|1682410424\n|switch|p1b: Gholdengo|Gholdengo, L50|100\/100\n|move|p2b: Oranguru|Protect|p2b: Oranguru\n|-singleturn|p2b: Oranguru|Protect\n|move|p2a: Lycanroc|Close Combat|p1b: Gholdengo\n|-immune|p1b: Gholdengo\n|move|p1a: Spiritomb|Snarl|p2b: Oranguru|[spread] p2a\n|-activate|p2b: Oranguru|move: Protect\n|-damage|p2a: Lycanroc|77\/100 brn\n|-unboost|p2a: Lycanroc|spa|1\n|\n|-damage|p2a: Lycanroc|71\/100 brn|[from] brn\n|upkeep\n|turn|3\n|\n|t:|1682410448\n|switch|p1b: Salamence|Salamence, L50, F|100\/100\n|move|p2b: Oranguru|Protect||[still]\n|-fail|p2b: Oranguru\n|move|p2a: Lycanroc|Rock Slide|p1b: Salamence|[spread] p1a,p1b\n|-supereffective|p1b: Salamence\n|-crit|p1b: Salamence\n|-damage|p1a: Spiritomb|89\/100\n|-damage|p1b: Salamence|40\/100\n|cant|p1a: Spiritomb|flinch\n|\n|-heal|p1a: Spiritomb|95\/100|[from] item: Leftovers\n|-damage|p2a: Lycanroc|64\/100 brn|[from] brn\n|upkeep\n|turn|4\n|\n|t:|1682410508\n|switch|p1a: Hariyama|Hariyama, L50, M|100\/100 brn\n|-terastallize|p1b: Salamence|Water\n|move|p2b: Oranguru|Protect|p2b: Oranguru\n|-singleturn|p2b: Oranguru|Protect\n|move|p1b: Salamence|Hydro Pump|p2a: Lycanroc\n|-supereffective|p2a: Lycanroc\n|-damage|p2a: Lycanroc|0 fnt\n|faint|p2a: Lycanroc\n|-ability|p1b: Salamence|Moxie|boost\n|-boost|p1b: Salamence|atk|1\n|-damage|p1b: Salamence|30\/100|[from] item: Life Orb\n|\n|-damage|p1a: Hariyama|95\/100 brn|[from] brn\n|upkeep\n|\n|t:|1682410514\n|switch|p2a: Chien-Pao|Chien-Pao, L50|100\/100\n|-ability|p2a: Chien-Pao|Sword of Ruin\n|turn|5\n|\n|t:|1682410552\n|switch|p1a: Spiritomb|Spiritomb, L50, M, shiny|95\/100\n|move|p1b: Salamence|Protect|p1b: Salamence\n|-singleturn|p1b: Salamence|Protect\n|move|p2a: Chien-Pao|Substitute|p2a: Chien-Pao\n|-start|p2a: Chien-Pao|Substitute\n|-damage|p2a: Chien-Pao|75\/100\n|move|p2b: Oranguru|Skill Swap|p2a: Chien-Pao\n|-activate|p2b: Oranguru|move: Skill Swap|||[of] p2a: Chien-Pao\n|-ability|p2b: Oranguru|Sword of Ruin\n|\n|-heal|p1a: Spiritomb|100\/100|[from] item: Leftovers\n|upkeep\n|turn|6\n|\n|t:|1682410589\n|switch|p1b: Gholdengo|Gholdengo, L50|100\/100\n|move|p2a: Chien-Pao|Sheer Cold|p1b: Gholdengo\n|-damage|p1b: Gholdengo|0 fnt\n|faint|p1b: Gholdengo\n|-ohko\n|move|p2b: Oranguru|Instruct|p2a: Chien-Pao\n|-singleturn|p2a: Chien-Pao|move: Instruct|[of] p2b: Oranguru\n|move|p2a: Chien-Pao|Sheer Cold|p1a: Spiritomb\n|-damage|p1a: Spiritomb|0 fnt\n|faint|p1a: Spiritomb\n|-ohko\n|\n|upkeep\n|\n|t:|1682410614\n|switch|p1b: Salamence|Salamence, L50, F, tera:Water|30\/100\n|switch|p1a: Hariyama|Hariyama, L50, M|95\/100 brn\n|turn|7\n|\n|t:|1682410626\n|move|p1a: Hariyama|Wide Guard|p1a: Hariyama\n|-singleturn|p1a: Hariyama|Wide Guard\n|move|p2a: Chien-Pao|Sheer Cold|p1b: Salamence\n|-damage|p1b: Salamence|0 fnt\n|faint|p1b: Salamence\n|-ohko\n|move|p2b: Oranguru|Instruct|p2a: Chien-Pao\n|-singleturn|p2a: Chien-Pao|move: Instruct|[of] p2b: Oranguru\n|move|p2a: Chien-Pao|Sheer Cold|p1a: Hariyama\n|-damage|p1a: Hariyama|0 fnt\n|faint|p1a: Hariyama\n|-ohko\n|\n|win|Feming0\n|raw|Trampasthetrainer's rating: 1088 → 1059<\/strong> (-29 for losing)\n|raw|Feming0's rating: 1000 → 1050<\/strong> (+50 for winning)\n","uploadtime":1682410650,"views":14,"p1id":"trampasthetrainer","p2id":"feming0","formatid":"gen9vgc2023regulationc","rating":1050,"private":0,"password":""}