{"id":"gen9vgc2023regulationc-1852020033","p1":"BlueTrip","p2":"cloudetix","format":"[Gen 9] VGC 2023 Regulation C","log":"|j|\u2606BlueTrip\n|j|\u2606cloudetix\n|t:|1682517326\n|gametype|doubles\n|player|p1|BlueTrip|ash-kalos|1095\n|player|p2|cloudetix|102|1002\n|teamsize|p1|6\n|teamsize|p2|6\n|gen|9\n|tier|[Gen 9] VGC 2023 Regulation C\n|rated|\n|rule|Species Clause: Limit one of each Pok\u00e9mon\n|rule|Item Clause: Limit one of each item\n|clearpoke\n|poke|p1|Arboliva, L50, F|\n|poke|p1|Hariyama, L50, M|\n|poke|p1|Flutter Mane, L50|\n|poke|p1|Gyarados, L50, M|\n|poke|p1|Gholdengo, L50|\n|poke|p1|Farigiraf, L50, F|\n|poke|p2|Torkoal, L50, M|\n|poke|p2|Armarouge, L50, M|\n|poke|p2|Indeedee-F, L50, F|\n|poke|p2|Tauros-Paldea-Blaze, L50, M|\n|poke|p2|Coalossal, L50, F|\n|poke|p2|Arcanine, L50, F|\n|teampreview|4\nBlueTrip has agreed to open team sheets.\n|c|\u2606BlueTrip|glhf\n|c|\u2606cloudetix|glgl\ncloudetix has agreed to open team sheets.\n|\n|t:|1682517410\n|start\n|switch|p1a: Gyarados|Gyarados, L50, M|100\/100\n|switch|p1b: Farigiraf|Farigiraf, L50, F|100\/100\n|switch|p2a: Indeedee|Indeedee-F, L50, F|100\/100\n|switch|p2b: Armarouge|Armarouge, L50, M|100\/100\n|-ability|p1a: Gyarados|Intimidate|boost\n|-unboost|p2a: Indeedee|atk|1\n|-unboost|p2b: Armarouge|atk|1\n|-fieldstart|move: Psychic Terrain|[from] ability: Psychic Surge|[of] p2a: Indeedee\n|turn|1\n|\n|t:|1682517437\n|move|p2a: Indeedee|Follow Me|p2a: Indeedee\n|-singleturn|p2a: Indeedee|move: Follow Me\n|move|p1a: Gyarados|Waterfall|p2a: Indeedee\n|-damage|p2a: Indeedee|39\/100\n|move|p2b: Armarouge|Trick Room|p2b: Armarouge\n|-fieldstart|move: Trick Room|[of] p2b: Armarouge\n|move|p1b: Farigiraf|Trick Room|p1b: Farigiraf\n|-fieldend|move: Trick Room\n|\n|upkeep\n|turn|2\n|\n|t:|1682517457\n|move|p2a: Indeedee|Protect|p2a: Indeedee\n|-singleturn|p2a: Indeedee|Protect\n|move|p2b: Armarouge|Protect|p2b: Armarouge\n|-singleturn|p2b: Armarouge|Protect\n|move|p1a: Gyarados|Waterfall|p2a: Indeedee\n|-activate|p2a: Indeedee|move: Protect\n|move|p1b: Farigiraf|Shadow Ball|p2b: Armarouge\n|-activate|p2b: Armarouge|move: Protect\n|\n|upkeep\n|turn|3\n|inactive|Battle timer is ON: inactive players will automatically lose when time's up. (requested by BlueTrip)\n|\n|t:|1682517490\n|switch|p2b: Coalossal|Coalossal, L50, F|100\/100\n|move|p2a: Indeedee|Follow Me|p2a: Indeedee\n|-singleturn|p2a: Indeedee|move: Follow Me\n|move|p1a: Gyarados|Waterfall|p2a: Indeedee\n|-damage|p2a: Indeedee|0 fnt\n|faint|p2a: Indeedee\n|move|p1b: Farigiraf|Shadow Ball|p2b: Coalossal\n|-damage|p2b: Coalossal|77\/100\n|\n|upkeep\n|\n|t:|1682517500\n|switch|p2a: Armarouge|Armarouge, L50, M|100\/100\n|turn|4\n|inactive|BlueTrip has 30 seconds left.\n|\n|t:|1682517530\n|-terastallize|p2b: Coalossal|Rock\n|move|p1a: Gyarados|Waterfall|p2a: Armarouge\n|-supereffective|p2a: Armarouge\n|-damage|p2a: Armarouge|0 fnt\n|faint|p2a: Armarouge\n|move|p1b: Farigiraf|Shadow Ball|p2b: Coalossal\n|-damage|p2b: Coalossal|53\/100\n|move|p2b: Coalossal|Rock Slide|p1a: Gyarados|[spread] p1a,p1b\n|-supereffective|p1a: Gyarados\n|-damage|p1a: Gyarados|7\/100\n|-damage|p1b: Farigiraf|59\/100\n|-enditem|p1a: Gyarados|Sitrus Berry|[eat]\n|-heal|p1a: Gyarados|32\/100|[from] item: Sitrus Berry\n|\n|upkeep\n|\n|t:|1682517543\n|switch|p2a: Torkoal|Torkoal, L50, M|100\/100\n|-weather|SunnyDay|[from] ability: Drought|[of] p2a: Torkoal\n|turn|5\n|\n|t:|1682517558\n|move|p1a: Gyarados|Waterfall|p2b: Coalossal\n|-supereffective|p2b: Coalossal\n|-damage|p2b: Coalossal|24\/100\n|move|p1b: Farigiraf|Psychic|p2a: Torkoal\n|-damage|p2a: Torkoal|37\/100\n|cant|p2b: Coalossal|flinch\n|move|p2a: Torkoal|Yawn|p1a: Gyarados\n|-start|p1a: Gyarados|move: Yawn|[of] p2a: Torkoal\n|\n|-weather|SunnyDay|[upkeep]\n|-fieldend|move: Psychic Terrain\n|upkeep\n|turn|6\n|\n|t:|1682517583\n|switch|p1a: Hariyama|Hariyama, L50, M|100\/100\n|move|p1b: Farigiraf|Psychic|p2a: Torkoal\n|-damage|p2a: Torkoal|0 fnt\n|faint|p2a: Torkoal\n|move|p2b: Coalossal|Rock Slide|p1a: Hariyama|[spread] p1a,p1b\n|-resisted|p1a: Hariyama\n|-damage|p1a: Hariyama|78\/100\n|-damage|p1b: Farigiraf|25\/100\n|-enditem|p1b: Farigiraf|Iapapa Berry|[eat]\n|-heal|p1b: Farigiraf|58\/100|[from] item: Iapapa Berry\n|\n|-weather|SunnyDay|[upkeep]\n|-status|p1a: Hariyama|brn|[from] item: Flame Orb\n|upkeep\n|turn|7\n|c|\u2606cloudetix|gg\n|-message|cloudetix forfeited.\n|\n|win|BlueTrip\n|raw|BlueTrip's rating: 1095 → 1114<\/strong> (+19 for winning)\n|raw|cloudetix's rating: 1002 → 1000<\/strong> (-2 for losing)\n|c|\u2606BlueTrip|gg\n","uploadtime":1682517600,"views":3,"p1id":"bluetrip","p2id":"cloudetix","formatid":"gen9vgc2023regulationc","rating":1000,"private":0,"password":""}