{"id":"gen9vgc2023regulationc-1846487240","p1":"Tachipoyo","p2":"Sotero23","format":"[Gen 9] VGC 2023 Regulation C","log":"|j|\u2606Tachipoyo\n|j|\u2606Sotero23\n|t:|1681844965\n|gametype|doubles\n|player|p1|Tachipoyo|tate|1281\n|player|p2|Sotero23|101|1362\n|teamsize|p1|6\n|teamsize|p2|6\n|gen|9\n|tier|[Gen 9] VGC 2023 Regulation C\n|rated|\n|rule|Species Clause: Limit one of each Pok\u00e9mon\n|rule|Item Clause: Limit one of each item\n|clearpoke\n|poke|p1|Dondozo, L50, M|\n|poke|p1|Tatsugiri, L50, M|\n|poke|p1|Gothitelle, L50, M|\n|poke|p1|Scovillain, L50, M|\n|poke|p1|Mimikyu, L50, F|\n|poke|p1|Baxcalibur, L50, M|\n|poke|p2|Scizor, L50, F|\n|poke|p2|Gothitelle, L50, F|\n|poke|p2|Chi-Yu, L50|\n|poke|p2|Dragonite, L50, M|\n|poke|p2|Amoonguss, L50, F|\n|poke|p2|Flutter Mane, L50|\n|teampreview|4\n|inactive|Battle timer is ON: inactive players will automatically lose when time's up. (requested by Tachipoyo)\n|inactive|Sotero23 has 60 seconds left.\n|\n|t:|1681845024\n|start\n|switch|p1a: Dondozo|Dondozo, L50, M|100\/100\n|switch|p1b: Gothitelle|Gothitelle, L50, M|100\/100\n|switch|p2a: Amoonguss|Amoonguss, L50, F|100\/100\n|switch|p2b: Flutter Mane|Flutter Mane, L50|100\/100\n|-enditem|p2b: Flutter Mane|Booster Energy\n|-activate|p2b: Flutter Mane|ability: Protosynthesis|[fromitem]\n|-start|p2b: Flutter Mane|protosynthesisspa\n|turn|1\n|\n|t:|1681845046\n|switch|p1a: Scovillain|Scovillain, L50, M|100\/100\n|move|p2a: Amoonguss|Protect|p2a: Amoonguss\n|-singleturn|p2a: Amoonguss|Protect\n|move|p2b: Flutter Mane|Moonblast|p1a: Scovillain\n|-resisted|p1a: Scovillain\n|-damage|p1a: Scovillain|38\/100\n|move|p1b: Gothitelle|Hypnosis|p2b: Flutter Mane\n|-status|p2b: Flutter Mane|slp|[from] move: Hypnosis\n|\n|-ability|p1a: Scovillain|Moody|boost\n|-boost|p1a: Scovillain|spd|2\n|-unboost|p1a: Scovillain|spe|1\n|upkeep\n|turn|2\n|inactive|Sotero23 has 30 seconds left.\n|\n|t:|1681845077\n|cant|p2b: Flutter Mane|slp\n|move|p1a: Scovillain|Bullet Seed|p2b: Flutter Mane\n|-damage|p2b: Flutter Mane|84\/100 slp\n|-damage|p2b: Flutter Mane|68\/100 slp\n|-hitcount|p2b: Flutter Mane|2\n|move|p1b: Gothitelle|Heal Pulse|p1a: Scovillain\n|-heal|p1a: Scovillain|88\/100\n|move|p2a: Amoonguss|Clear Smog|p1a: Scovillain\n|-supereffective|p1a: Scovillain\n|-damage|p1a: Scovillain|58\/100\n|-clearboost|p1a: Scovillain\n|\n|-ability|p1a: Scovillain|Moody|boost\n|-boost|p1a: Scovillain|spd|2\n|-unboost|p1a: Scovillain|atk|1\n|upkeep\n|turn|3\n|\n|t:|1681845098\n|-curestatus|p2b: Flutter Mane|slp|[msg]\n|move|p2b: Flutter Mane|Shadow Ball|p1a: Scovillain\n|-damage|p1a: Scovillain|0 fnt\n|faint|p1a: Scovillain\n|move|p1b: Gothitelle|Heal Pulse|p1: Scovillain|[notarget]\n|-fail|p1b: Gothitelle\n|move|p2a: Amoonguss|Clear Smog|p1b: Gothitelle\n|-crit|p1b: Gothitelle\n|-damage|p1b: Gothitelle|81\/100\n|-clearboost|p1b: Gothitelle\n|\n|upkeep\n|\n|t:|1681845105\n|switch|p1a: Dondozo|Dondozo, L50, M|100\/100\n|turn|4\n|\n|t:|1681845113\n|switch|p1b: Tatsugiri|Tatsugiri, L50, M|100\/100\n|-activate|p1b: Tatsugiri|ability: Commander|[of] p1a: Dondozo\n|-boost|p1a: Dondozo|atk|2\n|-boost|p1a: Dondozo|spa|2\n|-boost|p1a: Dondozo|spe|2\n|-boost|p1a: Dondozo|def|2\n|-boost|p1a: Dondozo|spd|2\n|move|p2b: Flutter Mane|Protect|p2b: Flutter Mane\n|-singleturn|p2b: Flutter Mane|Protect\n|move|p1a: Dondozo|Earthquake|p2b: Flutter Mane|[spread] p2a\n|-miss|p1a: Dondozo|p1b: Tatsugiri\n|-activate|p2b: Flutter Mane|move: Protect\n|-damage|p2a: Amoonguss|66\/100\n|move|p2a: Amoonguss|Spore|p1a: Dondozo\n|-status|p1a: Dondozo|slp|[from] move: Spore\n|-enditem|p1a: Dondozo|Chesto Berry|[eat]\n|-curestatus|p1a: Dondozo|slp|[msg]\n|\n|upkeep\n|turn|5\n|\n|t:|1681845129\n|move|p2b: Flutter Mane|Moonblast|p1a: Dondozo\n|-damage|p1a: Dondozo|62\/100\n|-unboost|p1a: Dondozo|spa|1\n|move|p1a: Dondozo|Earthquake|p2a: Amoonguss|[spread] p2a,p2b\n|-miss|p1a: Dondozo|p1b: Tatsugiri\n|-damage|p2a: Amoonguss|28\/100\n|-damage|p2b: Flutter Mane|0 fnt\n|-enditem|p2a: Amoonguss|Sitrus Berry|[eat]\n|-heal|p2a: Amoonguss|53\/100|[from] item: Sitrus Berry\n|faint|p2b: Flutter Mane\n|-end|p2b: Flutter Mane|Protosynthesis|[silent]\n|move|p2a: Amoonguss|Clear Smog|p1a: Dondozo\n|-damage|p1a: Dondozo|54\/100\n|-clearboost|p1a: Dondozo\n|\n|upkeep\n|\n|t:|1681845147\n|switch|p2b: Chi-Yu|Chi-Yu, L50|100\/100\n|-ability|p2b: Chi-Yu|Beads of Ruin\n|turn|6\n|-message|Tachipoyo forfeited.\n|\n|win|Sotero23\n|raw|Tachipoyo's rating: 1281 → 1262<\/strong> (-19 for losing)\n|raw|Sotero23's rating: 1362 → 1377<\/strong> (+15 for winning)\n|l|\u2606Tachipoyo\n","uploadtime":1681845184,"views":13,"p1id":"tachipoyo","p2id":"sotero23","formatid":"gen9vgc2023regulationc","rating":1262,"private":0,"password":""}