{"id":"gen9vgc2023regulationc-1860312750","p1":"cydsdad","p2":"DragonWheal69","format":"[Gen 9] VGC 2023 Regulation C","log":"|j|\u2606cydsdad\n|j|\u2606DragonWheal69\n|t:|1683631093\n|gametype|doubles\n|player|p1|cydsdad|1|1069\n|player|p2|DragonWheal69|unknown|1005\n|teamsize|p1|6\n|teamsize|p2|6\n|gen|9\n|tier|[Gen 9] VGC 2023 Regulation C\n|rated|\n|rule|Species Clause: Limit one of each Pok\u00e9mon\n|rule|Item Clause: Limit one of each item\n|clearpoke\n|poke|p1|Rotom-Wash, L50|\n|poke|p1|Pawmot, L50, F|\n|poke|p1|Annihilape, L50, M|\n|poke|p1|Vivillon-Fancy, L50, F|\n|poke|p1|Hydreigon, L50, M|\n|poke|p1|Iron Bundle, L50|\n|poke|p2|Maushold-Four, L50|\n|poke|p2|Kingambit, L50, F|\n|poke|p2|Tatsugiri, L50, M|\n|poke|p2|Dondozo, L50, F|\n|poke|p2|Ceruledge, L50, M|\n|poke|p2|Flutter Mane, L50|\n|teampreview|4\n|inactive|Battle timer is ON: inactive players will automatically lose when time's up. (requested by DragonWheal69)\n|inactive|cydsdad has 60 seconds left.\n|\n|t:|1683631154\n|start\n|switch|p1a: Vivillon|Vivillon-Fancy, L50, F, shiny|100\/100\n|switch|p1b: Annihilape|Annihilape, L50, M, shiny|100\/100\n|switch|p2a: Ceruledge|Ceruledge, L50, M|100\/100\n|switch|p2b: Flutter Mane|Flutter Mane, L50|100\/100\n|turn|1\n|inactive|cydsdad has 30 seconds left.\n|\n|t:|1683631188\n|move|p1a: Vivillon|Protect|p1a: Vivillon\n|-singleturn|p1a: Vivillon|Protect\n|move|p2b: Flutter Mane|Dazzling Gleam|p1b: Annihilape|[spread] p1b\n|-activate|p1a: Vivillon|move: Protect\n|-supereffective|p1b: Annihilape\n|-damage|p1b: Annihilape|38\/100\n|move|p2a: Ceruledge|Bitter Blade|p1a: Vivillon\n|-activate|p1a: Vivillon|move: Protect\n|move|p1b: Annihilape|Earthquake|p2a: Ceruledge|[spread] p2a,p2b\n|-activate|p1a: Vivillon|move: Protect\n|-supereffective|p2a: Ceruledge\n|-damage|p2a: Ceruledge|31\/100\n|-damage|p2b: Flutter Mane|41\/100\n|-ability|p2a: Ceruledge|Weak Armor|boost\n|-unboost|p2a: Ceruledge|def|1\n|-boost|p2a: Ceruledge|spe|2\n|-enditem|p2a: Ceruledge|Weakness Policy\n|-boost|p2a: Ceruledge|atk|2|[from] item: Weakness Policy\n|-boost|p2a: Ceruledge|spa|2|[from] item: Weakness Policy\n|\n|-heal|p1b: Annihilape|44\/100|[from] item: Leftovers\n|upkeep\n|turn|2\n|inactive|cydsdad has 30 seconds left.\n|\n|t:|1683631215\n|switch|p1a: Rotom|Rotom-Wash, L50|100\/100\n|-terastallize|p2a: Ceruledge|Grass\n|move|p1b: Annihilape|Protect|p1b: Annihilape\n|-singleturn|p1b: Annihilape|Protect\n|move|p2a: Ceruledge|Bitter Blade|p1a: Rotom\n|-resisted|p1a: Rotom\n|-damage|p1a: Rotom|40\/100\n|-heal|p2a: Ceruledge|57\/100|[from] drain|[of] p1a: Rotom\n|move|p2b: Flutter Mane|Dazzling Gleam|p1a: Rotom|[spread] p1a\n|-activate|p1b: Annihilape|move: Protect\n|-damage|p1a: Rotom|0 fnt\n|faint|p1a: Rotom\n|\n|-heal|p1b: Annihilape|50\/100|[from] item: Leftovers\n|upkeep\n|\n|t:|1683631240\n|switch|p1a: Vivillon|Vivillon-Fancy, L50, F, shiny|100\/100\n|turn|3\n|\n|t:|1683631248\n|move|p1a: Vivillon|Protect|p1a: Vivillon\n|-singleturn|p1a: Vivillon|Protect\n|move|p1b: Annihilape|Protect|p1b: Annihilape\n|-singleturn|p1b: Annihilape|Protect\n|move|p2a: Ceruledge|Bitter Blade|p1a: Vivillon\n|-activate|p1a: Vivillon|move: Protect\n|move|p2b: Flutter Mane|Dazzling Gleam|p1b: Annihilape|[spread] \n|-activate|p1a: Vivillon|move: Protect\n|-activate|p1b: Annihilape|move: Protect\n|\n|-heal|p1b: Annihilape|56\/100|[from] item: Leftovers\n|upkeep\n|turn|4\n|\n|t:|1683631266\n|move|p1a: Vivillon|Rage Powder|p1a: Vivillon\n|-singleturn|p1a: Vivillon|move: Rage Powder\n|move|p2a: Ceruledge|Bitter Blade|p1a: Vivillon\n|-supereffective|p1a: Vivillon\n|-enditem|p1a: Vivillon|Focus Sash\n|-damage|p1a: Vivillon|1\/100\n|-heal|p2a: Ceruledge|100\/100|[from] drain|[of] p1a: Vivillon\n|move|p2b: Flutter Mane|Dazzling Gleam|p1a: Vivillon|[spread] p1a,p1b\n|-supereffective|p1b: Annihilape\n|-damage|p1a: Vivillon|0 fnt\n|-damage|p1b: Annihilape|0 fnt\n|faint|p1a: Vivillon\n|faint|p1b: Annihilape\n|\n|upkeep\n|\n|t:|1683631286\n|switch|p1a: Pawmot|Pawmot, L50, F, shiny|100\/100\n|turn|5\n|\n|t:|1683631298\n|move|p2a: Ceruledge|Bitter Blade|p1a: Pawmot\n|-damage|p1a: Pawmot|0 fnt\n|faint|p1a: Pawmot\n|\n|win|DragonWheal69\n|raw|cydsdad's rating: 1069 → 1045<\/strong> (-24 for losing)\n|raw|DragonWheal69's rating: 1005 → 1051<\/strong> (+46 for winning)\n|l|\u2606cydsdad\n","uploadtime":1683631306,"views":10,"p1id":"cydsdad","p2id":"dragonwheal69","formatid":"gen9vgc2023regulationc","rating":1045,"private":0,"password":""}