{"id":"gen9vgc2023regulationc-1849699622","p1":"Topperlecat","p2":"xSPECTRExN7x","format":"[Gen 9] VGC 2023 Regulation C","log":"|j|\u2606Topperlecat\n|j|\u2606xSPECTRExN7x\n|t:|1682234917\n|gametype|doubles\n|player|p1|Topperlecat|n|1100\n|player|p2|xSPECTRExN7x|102|1076\n|teamsize|p1|6\n|teamsize|p2|6\n|gen|9\n|tier|[Gen 9] VGC 2023 Regulation C\n|rated|\n|rule|Species Clause: Limit one of each Pok\u00e9mon\n|rule|Item Clause: Limit one of each item\n|clearpoke\n|poke|p1|Pelipper, L50, M|\n|poke|p1|Barraskewda, L50, F|\n|poke|p1|Chien-Pao, L50|\n|poke|p1|Flutter Mane, L50|\n|poke|p1|Garchomp, L50, M|\n|poke|p1|Orthworm, L50, M|\n|poke|p2|Murkrow, L50, F|\n|poke|p2|Breloom, L50, F|\n|poke|p2|Scizor, L50, M|\n|poke|p2|Skeledirge, L50, M|\n|poke|p2|Garchomp, L50, M|\n|poke|p2|Salamence, L50, M|\n|teampreview|4\nTopperlecat has agreed to open team sheets.\n|c|\u2606Topperlecat|glhf\n|\n|t:|1682234964\n|start\n|switch|p1a: Chien-Pao|Chien-Pao, L50|100\/100\n|switch|p1b: Orthworm|Orthworm, L50, M|100\/100\n|switch|p2a: Breloom|Breloom, L50, F|100\/100\n|switch|p2b: Salamence|Salamence, L50, M|100\/100\n|-ability|p1a: Chien-Pao|Sword of Ruin\n|-ability|p2b: Salamence|Intimidate|boost\n|-unboost|p1a: Chien-Pao|atk|1\n|-unboost|p1b: Orthworm|atk|1\n|turn|1\n|\n|t:|1682234990\n|-terastallize|p1a: Chien-Pao|Ghost\n|move|p1b: Orthworm|Protect|p1b: Orthworm\n|-singleturn|p1b: Orthworm|Protect\n|move|p2a: Breloom|Mach Punch|p1a: Chien-Pao\n|-immune|p1a: Chien-Pao\n|move|p1a: Chien-Pao|Ice Spinner|p2a: Breloom\n|-supereffective|p2a: Breloom\n|-enditem|p2a: Breloom|Focus Sash\n|-damage|p2a: Breloom|1\/100\n|-damage|p1a: Chien-Pao|91\/100|[from] item: Life Orb\n|move|p2b: Salamence|Rock Slide|p1b: Orthworm|[spread] p1a\n|-activate|p1b: Orthworm|move: Protect\n|-damage|p1a: Chien-Pao|55\/100\n|-damage|p2b: Salamence|90\/100|[from] item: Life Orb\n|\n|upkeep\n|turn|2\n|\n|t:|1682235020\n|move|p2a: Breloom|Mach Punch|p1b: Orthworm\n|-supereffective|p1b: Orthworm\n|-damage|p1b: Orthworm|50\/100\n|move|p1a: Chien-Pao|Ice Spinner|p2b: Salamence\n|-supereffective|p2b: Salamence\n|-damage|p2b: Salamence|0 fnt\n|faint|p2b: Salamence\n|-damage|p1a: Chien-Pao|45\/100|[from] item: Life Orb\n|move|p1b: Orthworm|Body Press|p2a: Breloom\n|-damage|p2a: Breloom|0 fnt\n|faint|p2a: Breloom\n|\n|upkeep\n|\n|t:|1682235034\n|switch|p2b: Murkrow|Murkrow, L50, F|100\/100\n|switch|p2a: Scizor|Scizor, L50, M|100\/100\n|turn|3\n|\n|t:|1682235053\n|switch|p1a: Garchomp|Garchomp, L50, M|100\/100\n|move|p1b: Orthworm|Protect|p1b: Orthworm\n|-singleturn|p1b: Orthworm|Protect\n|move|p2a: Scizor|Bullet Punch|p1a: Garchomp\n|-damage|p1a: Garchomp|68\/100\n|-damage|p2a: Scizor|88\/100|[from] ability: Rough Skin|[of] p1a: Garchomp\n|move|p2b: Murkrow|Foul Play|p1a: Garchomp\n|-damage|p1a: Garchomp|19\/100\n|-damage|p2b: Murkrow|89\/100|[from] ability: Rough Skin|[of] p1a: Garchomp\n|\n|upkeep\n|turn|4\n|\n|t:|1682235074\n|move|p2b: Murkrow|Tailwind|p2b: Murkrow\n|-sidestart|p2: xSPECTRExN7x|move: Tailwind\n|move|p2a: Scizor|Bullet Punch|p1a: Garchomp\n|-damage|p1a: Garchomp|0 fnt\n|-damage|p2a: Scizor|76\/100|[from] ability: Rough Skin|[of] p1a: Garchomp\n|faint|p1a: Garchomp\n|move|p1b: Orthworm|Shed Tail|p1b: Orthworm\n|-fail|p1b: Orthworm|move: Shed Tail|[weak]\n|\n|upkeep\n|\n|t:|1682235085\n|switch|p1a: Chien-Pao|Chien-Pao, L50, tera:Ghost|45\/100\n|-ability|p1a: Chien-Pao|Sword of Ruin\n|turn|5\n|\n|t:|1682235097\n|move|p2a: Scizor|Bullet Punch|p1a: Chien-Pao\n|-damage|p1a: Chien-Pao|0 fnt\n|faint|p1a: Chien-Pao\n|move|p2b: Murkrow|Foul Play|p1b: Orthworm\n|-damage|p1b: Orthworm|39\/100\n|move|p1b: Orthworm|Body Press|p2a: Scizor\n|-damage|p2a: Scizor|46\/100\n|\n|upkeep\n|\n|t:|1682235106\n|switch|p1a: Flutter Mane|Flutter Mane, L50|100\/100\n|turn|6\n|\n|t:|1682235118\n|move|p1a: Flutter Mane|Protect|p1a: Flutter Mane\n|-singleturn|p1a: Flutter Mane|Protect\n|move|p2a: Scizor|Bullet Punch|p1a: Flutter Mane\n|-activate|p1a: Flutter Mane|move: Protect\n|move|p2b: Murkrow|Foul Play|p1a: Flutter Mane\n|-activate|p1a: Flutter Mane|move: Protect\n|move|p1b: Orthworm|Iron Defense|p1b: Orthworm\n|-boost|p1b: Orthworm|def|2\n|\n|upkeep\n|turn|7\n|\n|t:|1682235133\n|move|p2a: Scizor|Bullet Punch|p1a: Flutter Mane\n|-supereffective|p1a: Flutter Mane\n|-enditem|p1a: Flutter Mane|Focus Sash\n|-damage|p1a: Flutter Mane|1\/100\n|move|p2b: Murkrow|Foul Play|p1a: Flutter Mane\n|-damage|p1a: Flutter Mane|0 fnt\n|faint|p1a: Flutter Mane\n|-end|p1a: Flutter Mane|Protosynthesis|[silent]\n|move|p1b: Orthworm|Body Press|p2a: Scizor\n|-damage|p2a: Scizor|0 fnt\n|faint|p2a: Scizor\n|\n|-sideend|p2: xSPECTRExN7x|move: Tailwind\n|upkeep\n|turn|8\n|\n|t:|1682235153\n|move|p2b: Murkrow|Haze|p2b: Murkrow\n|-clearallboost\n|move|p1b: Orthworm|Body Press|p2b: Murkrow\n|-damage|p2b: Murkrow|47\/100\n|\n|upkeep\n|turn|9\n|\n|t:|1682235161\n|move|p2b: Murkrow|Foul Play|p1b: Orthworm\n|-damage|p1b: Orthworm|20\/100\n|move|p1b: Orthworm|Body Press|p2b: Murkrow\n|-damage|p2b: Murkrow|6\/100\n|\n|upkeep\n|turn|10\n|\n|t:|1682235185\n|move|p2b: Murkrow|Foul Play|p1b: Orthworm\n|-damage|p1b: Orthworm|4\/100\n|move|p1b: Orthworm|Body Press|p2b: Murkrow\n|-damage|p2b: Murkrow|0 fnt\n|faint|p2b: Murkrow\n|\n|win|Topperlecat\n|raw|Topperlecat's rating: 1100 → 1123<\/strong> (+23 for winning)\n|raw|xSPECTRExN7x's rating: 1076 → 1056<\/strong> (-20 for losing)\n","uploadtime":1682235194,"views":10,"p1id":"topperlecat","p2id":"xspectrexn7x","formatid":"gen9vgc2023regulationc","rating":1056,"private":0,"password":""}