{"id":"gen9vgc2023regulationc-1850288768","p1":"r3gCt3st","p2":"megaprawn","format":"[Gen 9] VGC 2023 Regulation C","log":"|j|\u2606r3gCt3st\n|j|\u2606megaprawn\n|t:|1682311681\n|gametype|doubles\n|player|p1|r3gCt3st|unknown|1197\n|player|p2|megaprawn|brycen|1257\n|teamsize|p1|4\n|teamsize|p2|6\n|gen|9\n|tier|[Gen 9] VGC 2023 Regulation C\n|rated|\n|rule|Species Clause: Limit one of each Pok\u00e9mon\n|rule|Item Clause: Limit one of each item\n|clearpoke\n|poke|p1|Iron Bundle, L50|\n|poke|p1|Pincurchin, L50, F|\n|poke|p1|Palafin, L50, M|\n|poke|p1|Arcanine, L50, F|\n|poke|p2|Armarouge, L50, F|\n|poke|p2|Great Tusk, L50|\n|poke|p2|Talonflame, L50, F|\n|poke|p2|Indeedee-F, L50, F|\n|poke|p2|Gyarados, L50, M|\n|poke|p2|Flutter Mane, L50|\n|teampreview|4\nmegaprawn has agreed to open team sheets.\n|\n|t:|1682311698\n|start\n|switch|p1a: Iron Bundle|Iron Bundle, L50|100\/100\n|switch|p1b: Palafin|Palafin, L50, M|100\/100\n|switch|p2a: Great Tusk|Great Tusk, L50|100\/100\n|switch|p2b: Talonflame|Talonflame, L50, F|100\/100\n|turn|1\n|inactive|Battle timer is ON: inactive players will automatically lose when time's up. (requested by megaprawn)\n|\n|t:|1682311713\n|detailschange|p1b: Palafin|Palafin-Hero, L50, M\n|switch|p1b: Pincurchin|Pincurchin, L50, F|100\/100\n|-fieldstart|move: Electric Terrain|[from] ability: Electric Surge|[of] p1b: Pincurchin\n|-activate|p1a: Iron Bundle|ability: Quark Drive\n|-start|p1a: Iron Bundle|quarkdrivespe\n|-terastallize|p1a: Iron Bundle|Ghost\n|move|p2b: Talonflame|Brave Bird|p1a: Iron Bundle\n|-damage|p1a: Iron Bundle|59\/100\n|-damage|p2b: Talonflame|91\/100|[from] Recoil\n|move|p1a: Iron Bundle|Flip Turn|p2a: Great Tusk\n|-supereffective|p2a: Great Tusk\n|-damage|p2a: Great Tusk|77\/100\n|\n|t:|1682311727\n|-end|p1a: Iron Bundle|Quark Drive|[silent]\n|switch|p1a: Arcanine|Arcanine, L50, F|100\/100|[from] Flip Turn\n|-ability|p1a: Arcanine|Intimidate|boost\n|-unboost|p2a: Great Tusk|atk|1\n|-unboost|p2b: Talonflame|atk|1\n|move|p2a: Great Tusk|Close Combat|p1a: Arcanine\n|-damage|p1a: Arcanine|45\/100\n|-unboost|p2a: Great Tusk|def|1\n|-unboost|p2a: Great Tusk|spd|1\n|\n|upkeep\n|turn|2\n|\n|t:|1682311744\n|-end|p2a: Great Tusk|Protosynthesis|[silent]\n|switch|p2a: Armarouge|Armarouge, L50, F|100\/100\n|move|p1a: Arcanine|Extreme Speed|p2b: Talonflame\n|-damage|p2b: Talonflame|59\/100\n|move|p2b: Talonflame|Tailwind|p2b: Talonflame\n|-sidestart|p2: megaprawn|move: Tailwind\n|move|p1b: Pincurchin|Liquidation|p2a: Armarouge\n|-supereffective|p2a: Armarouge\n|-damage|p2a: Armarouge|39\/100\n|-ability|p2a: Armarouge|Weak Armor|boost\n|-unboost|p2a: Armarouge|def|1\n|-boost|p2a: Armarouge|spe|2\n|-enditem|p2a: Armarouge|Weakness Policy\n|-boost|p2a: Armarouge|atk|2|[from] item: Weakness Policy\n|-boost|p2a: Armarouge|spa|2|[from] item: Weakness Policy\n|\n|upkeep\n|turn|3\n|\n|t:|1682311766\n|switch|p2b: Indeedee|Indeedee-F, L50, F|100\/100\n|-fieldstart|move: Psychic Terrain|[from] ability: Psychic Surge|[of] p2b: Indeedee\n|switch|p1b: Palafin|Palafin-Hero, L50, M|100\/100\n|-activate|p1b: Palafin|ability: Zero to Hero\n|-terastallize|p2a: Armarouge|Psychic\n|move|p2a: Armarouge|Expanding Force|p1b: Palafin|[spread] p1a,p1b\n|-damage|p1a: Arcanine|0 fnt\n|-damage|p1b: Palafin|0 fnt\n|faint|p1a: Arcanine\n|faint|p1b: Palafin\n|\n|upkeep\n|\n|t:|1682311769\n|switch|p1b: Iron Bundle|Iron Bundle, L50, tera:Ghost|59\/100\n|switch|p1a: Pincurchin|Pincurchin, L50, F|100\/100\n|-fieldstart|move: Electric Terrain|[from] ability: Electric Surge|[of] p1a: Pincurchin\n|-activate|p1b: Iron Bundle|ability: Quark Drive\n|-start|p1b: Iron Bundle|quarkdrivespe\n|turn|4\n|inactive|r3gCt3st has 30 seconds left.\n|\n|t:|1682311799\n|move|p2b: Indeedee|Follow Me|p2b: Indeedee\n|-singleturn|p2b: Indeedee|move: Follow Me\n|move|p1a: Pincurchin|Sucker Punch||[still]\n|-fail|p1a: Pincurchin\n|move|p2a: Armarouge|Expanding Force|p1b: Iron Bundle\n|-damage|p1b: Iron Bundle|0 fnt\n|faint|p1b: Iron Bundle\n|-end|p1b: Iron Bundle|Quark Drive|[silent]\n|\n|upkeep\n|turn|5\n|-message|r3gCt3st forfeited.\n|\n|win|megaprawn\n|raw|r3gCt3st's rating: 1197 → 1176<\/strong> (-21 for losing)\n|raw|megaprawn's rating: 1257 → 1278<\/strong> (+21 for winning)\n|l|\u2606r3gCt3st\n","uploadtime":1682311807,"views":45,"p1id":"r3gct3st","p2id":"megaprawn","formatid":"gen9vgc2023regulationc","rating":1176,"private":0,"password":""}