{"id":"gen9vgc2023regulationc-1846686474","p1":"Banari","p2":"Sprye0216","format":"[Gen 9] VGC 2023 Regulation C","log":"|j|\u2606Banari\n|j|\u2606Sprye0216\n|t:|1681865822\n|gametype|doubles\n|player|p1|Banari|cress|1139\n|player|p2|Sprye0216|skyla|1117\n|teamsize|p1|6\n|teamsize|p2|6\n|gen|9\n|tier|[Gen 9] VGC 2023 Regulation C\n|rated|\n|rule|Species Clause: Limit one of each Pok\u00e9mon\n|rule|Item Clause: Limit one of each item\n|clearpoke\n|poke|p1|Amoonguss, L50, M|\n|poke|p1|Dragapult, L50, M|\n|poke|p1|Chien-Pao, L50|\n|poke|p1|Flutter Mane, L50|\n|poke|p1|Talonflame, L50, M|\n|poke|p1|Mimikyu, L50, F|\n|poke|p2|Arcanine, L50, F|\n|poke|p2|Flutter Mane, L50|\n|poke|p2|Chien-Pao, L50|\n|poke|p2|Dragapult, L50, M|\n|poke|p2|Amoonguss, L50, M|\n|poke|p2|Palafin, L50, F|\n|teampreview|4\n|inactive|Battle timer is ON: inactive players will automatically lose when time's up. (requested by Banari)\nSprye0216 has agreed to open team sheets.\n|inactive|Sprye0216 has 60 seconds left.\n|\n|t:|1681865859\n|start\n|switch|p1a: Fire Bird|Talonflame, L50, M|100\/100\n|switch|p1b: $35.00|Mimikyu, L50, F|100\/100\n|switch|p2a: Chien-Pao|Chien-Pao, L50|100\/100\n|switch|p2b: Palafin|Palafin, L50, F|100\/100\n|-ability|p2a: Chien-Pao|Sword of Ruin\n|turn|1\n|inactive|Banari has 30 seconds left.\n|inactive|Banari has 20 seconds left.\n|inactive|Banari has 15 seconds left.\n|inactive|Banari has 10 seconds left.\n|inactive|Banari has 5 seconds left.\n|\n|t:|1681865913\n|detailschange|p2b: Palafin|Palafin-Hero, L50, F\n|switch|p2b: Arcanine|Arcanine, L50, F|100\/100\n|-ability|p2b: Arcanine|Intimidate|boost\n|-unboost|p1a: Fire Bird|atk|1\n|-unboost|p1b: $35.00|atk|1\n|move|p2a: Chien-Pao|Protect|p2a: Chien-Pao\n|-singleturn|p2a: Chien-Pao|Protect\n|move|p1b: $35.00|Shadow Sneak|p2b: Arcanine\n|-damage|p2b: Arcanine|80\/100\n|-damage|p1b: $35.00|90\/100|[from] item: Life Orb\n|move|p1a: Fire Bird|Will-O-Wisp|p2a: Chien-Pao\n|-activate|p2a: Chien-Pao|move: Protect\n|\n|upkeep\n|turn|2\n|inactive|Sprye0216 has 30 seconds left.\n|\n|t:|1681865942\n|move|p1b: $35.00|Protect|p1b: $35.00\n|-singleturn|p1b: $35.00|Protect\n|move|p2a: Chien-Pao|Sucker Punch||[still]\n|-fail|p2a: Chien-Pao\n|move|p1a: Fire Bird|Will-O-Wisp|p2a: Chien-Pao\n|-status|p2a: Chien-Pao|brn\n|move|p2b: Arcanine|Flare Blitz|p1a: Fire Bird\n|-resisted|p1a: Fire Bird\n|-damage|p1a: Fire Bird|60\/100\n|-damage|p2b: Arcanine|68\/100|[from] Recoil\n|\n|-damage|p2a: Chien-Pao|95\/100 brn|[from] brn\n|upkeep\n|turn|3\n|inactive|Banari has 30 seconds left.\n|inactive|Banari has 20 seconds left.\n|inactive|Banari has 15 seconds left.\n|\n|t:|1681865987\n|move|p2a: Chien-Pao|Sucker Punch||[still]\n|-fail|p2a: Chien-Pao\n|move|p1a: Fire Bird|Taunt|p2b: Arcanine\n|-start|p2b: Arcanine|move: Taunt\n|move|p1b: $35.00|Swords Dance|p1b: $35.00\n|-boost|p1b: $35.00|atk|2\n|cant|p2b: Arcanine|move: Taunt|Howl\n|\n|-damage|p2a: Chien-Pao|89\/100 brn|[from] brn\n|upkeep\n|turn|4\n|inactive|Banari has 30 seconds left.\n|\n|t:|1681866014\n|switch|p1a: Not Chien-Pao|Chien-Pao, L50|100\/100\n|-ability|p1a: Not Chien-Pao|Sword of Ruin\n|switch|p2b: Palafin|Palafin-Hero, L50, F|100\/100\n|-activate|p2b: Palafin|ability: Zero to Hero\n|move|p2a: Chien-Pao|Protect|p2a: Chien-Pao\n|-singleturn|p2a: Chien-Pao|Protect\n|move|p1b: $35.00|Play Rough|p2a: Chien-Pao\n|-activate|p2a: Chien-Pao|move: Protect\n|\n|-damage|p2a: Chien-Pao|83\/100 brn|[from] brn\n|upkeep\n|turn|5\n|\n|t:|1681866039\n|-terastallize|p2b: Palafin|Water\n|move|p1b: $35.00|Protect|p1b: $35.00\n|-singleturn|p1b: $35.00|Protect\n|move|p2a: Chien-Pao|Sucker Punch||[still]\n|-fail|p2a: Chien-Pao\n|move|p2b: Palafin|Jet Punch|p1b: $35.00\n|-activate|p1b: $35.00|move: Protect\n|move|p1a: Not Chien-Pao|Sacred Sword|p2a: Chien-Pao\n|-supereffective|p2a: Chien-Pao\n|-damage|p2a: Chien-Pao|0 fnt\n|faint|p2a: Chien-Pao\n|\n|upkeep\n|\n|t:|1681866050\n|switch|p2a: Arcanine|Arcanine, L50, F|68\/100\n|-ability|p2a: Arcanine|Intimidate|boost\n|-unboost|p1a: Not Chien-Pao|atk|1\n|-unboost|p1b: $35.00|atk|1\n|turn|6\n|inactive|Banari has 30 seconds left.\n|inactive|Banari has 20 seconds left.\n|inactive|Banari has 15 seconds left.\n|inactive|Banari has 10 seconds left.\n|inactive|Banari has 5 seconds left.\n|\n|t:|1681866103\n|switch|p1a: Fire Bird|Talonflame, L50, M|60\/100\n|move|p2b: Palafin|Jet Punch|p1a: Fire Bird\n|-supereffective|p1a: Fire Bird\n|-damage|p1a: Fire Bird|0 fnt\n|faint|p1a: Fire Bird\n|move|p1b: $35.00|Swords Dance|p1b: $35.00\n|-boost|p1b: $35.00|atk|2\n|move|p2a: Arcanine|Will-O-Wisp|p1b: $35.00\n|-status|p1b: $35.00|brn\n|\n|-damage|p1b: $35.00|84\/100 brn|[from] brn\n|upkeep\n|\n|t:|1681866115\n|switch|p1a: Not Chien-Pao|Chien-Pao, L50|100\/100\n|-ability|p1a: Not Chien-Pao|Sword of Ruin\n|turn|7\n|\n|t:|1681866122\n|move|p2b: Palafin|Jet Punch|p1b: $35.00\n|-activate|p1b: $35.00|ability: Disguise\n|-damage|p1b: $35.00|84\/100 brn\n|detailschange|p1b: $35.00|Mimikyu-Busted, L50, F\n|-damage|p1b: $35.00|72\/100 brn|[from] pokemon: Mimikyu-Busted\n|move|p1a: Not Chien-Pao|Sacred Sword|p2b: Palafin\n|-damage|p2b: Palafin|64\/100\n|move|p1b: $35.00|Play Rough|p2b: Palafin\n|-damage|p2b: Palafin|8\/100\n|-damage|p1b: $35.00|62\/100 brn|[from] item: Life Orb\n|move|p2a: Arcanine|Flare Blitz|p1a: Not Chien-Pao\n|-supereffective|p1a: Not Chien-Pao\n|-enditem|p1a: Not Chien-Pao|Focus Sash\n|-damage|p1a: Not Chien-Pao|1\/100\n|-damage|p2a: Arcanine|41\/100|[from] Recoil\n|\n|-damage|p1b: $35.00|56\/100 brn|[from] brn\n|upkeep\n|turn|8\n|inactive|Sprye0216 has 30 seconds left.\n|\n|t:|1681866148\n|move|p1b: $35.00|Shadow Sneak|p2b: Palafin\n|-damage|p2b: Palafin|0 fnt\n|faint|p2b: Palafin\n|-damage|p1b: $35.00|46\/100 brn|[from] item: Life Orb\n|move|p1a: Not Chien-Pao|Sacred Sword|p2a: Arcanine\n|-damage|p2a: Arcanine|0 fnt\n|faint|p2a: Arcanine\n|\n|-damage|p1b: $35.00|40\/100 brn|[from] brn\n|upkeep\n|\n|t:|1681866159\n|switch|p2a: Dragapult|Dragapult, L50, M|100\/100\n|turn|9\n|inactive|Banari has 30 seconds left.\n|\n|t:|1681866189\n|move|p1a: Not Chien-Pao|Sucker Punch|p2a: Dragapult\n|-supereffective|p2a: Dragapult\n|-damage|p2a: Dragapult|0 fnt\n|faint|p2a: Dragapult\n|\n|win|Banari\n|raw|Banari's rating: 1139 → 1162<\/strong> (+23 for winning)\n|raw|Sprye0216's rating: 1117 → 1094<\/strong> (-23 for losing)\n","uploadtime":1681866195,"views":14,"p1id":"banari","p2id":"sprye0216","formatid":"gen9vgc2023regulationc","rating":1094,"private":0,"password":""}