{"id":"gen9vgc2023regulationc-1849716042","p1":"curt322","p2":"Topperlecat","format":"[Gen 9] VGC 2023 Regulation C","log":"|j|\u2606curt322\n|j|\u2606Topperlecat\n|t:|1682238244\n|gametype|doubles\n|player|p1|curt322|marley|1155\n|player|p2|Topperlecat|n|1144\n|teamsize|p1|6\n|teamsize|p2|6\n|gen|9\n|tier|[Gen 9] VGC 2023 Regulation C\n|rated|\n|rule|Species Clause: Limit one of each Pok\u00e9mon\n|rule|Item Clause: Limit one of each item\n|clearpoke\n|poke|p1|Garganacl, L50, F|\n|poke|p1|Gyarados, L50, F|\n|poke|p1|Flutter Mane, L50|\n|poke|p1|Gholdengo, L50|\n|poke|p1|Amoonguss, L50, F|\n|poke|p1|Dragonite, L50, F|\n|poke|p2|Wo-Chien, L50|\n|poke|p2|Iron Bundle, L50|\n|poke|p2|Volcarona, L50, M|\n|poke|p2|Maushold-Four, L50|\n|poke|p2|Annihilape, L50, M|\n|poke|p2|Gothitelle, L50, M|\n|teampreview|4\nTopperlecat has agreed to open team sheets.\n|c|\u2606Topperlecat|Glhf\n|\n|t:|1682238311\n|start\n|switch|p1a: Garganacl|Garganacl, L50, F, shiny|100\/100\n|switch|p1b: Gholdengo|Gholdengo, L50|100\/100\n|switch|p2a: Annihilape|Annihilape, L50, M|100\/100\n|switch|p2b: Maushold|Maushold-Four, L50|100\/100\n|turn|1\n|\n|t:|1682238348\n|-terastallize|p1a: Garganacl|Poison\n|move|p2b: Maushold|Beat Up|p2a: Annihilape\n|-damage|p2a: Annihilape|97\/100\n|-damage|p2a: Annihilape|95\/100\n|-damage|p2a: Annihilape|93\/100\n|-damage|p2a: Annihilape|91\/100\n|-hitcount|p2a: Annihilape|4\n|move|p2a: Annihilape|Rage Fist|p1b: Gholdengo\n|-supereffective|p1b: Gholdengo\n|-damage|p1b: Gholdengo|0 fnt\n|faint|p1b: Gholdengo\n|move|p1a: Garganacl|Salt Cure|p2a: Annihilape\n|-resisted|p2a: Annihilape\n|-damage|p2a: Annihilape|86\/100\n|-start|p2a: Annihilape|Salt Cure\n|\n|-damage|p2a: Annihilape|73\/100|[from] Salt Cure\n|upkeep\n|\n|t:|1682238363\n|switch|p1b: Amoonguss|Amoonguss, L50, F|100\/100\n|turn|2\n|\n|t:|1682238386\n|move|p1b: Amoonguss|Protect|p1b: Amoonguss\n|-singleturn|p1b: Amoonguss|Protect\n|move|p2b: Maushold|Follow Me|p2b: Maushold\n|-singleturn|p2b: Maushold|move: Follow Me\n|move|p2a: Annihilape|Rage Fist|p1a: Garganacl\n|-damage|p1a: Garganacl|51\/100\n|move|p1a: Garganacl|Salt Cure|p2b: Maushold\n|-damage|p2b: Maushold|79\/100\n|-start|p2b: Maushold|Salt Cure\n|\n|-heal|p1a: Garganacl|57\/100|[from] item: Leftovers\n|-damage|p2b: Maushold|67\/100|[from] Salt Cure\n|-damage|p2a: Annihilape|61\/100|[from] Salt Cure\n|upkeep\n|turn|3\n|\n|t:|1682238417\n|move|p2b: Maushold|Follow Me|p2b: Maushold\n|-singleturn|p2b: Maushold|move: Follow Me\n|move|p1b: Amoonguss|Rage Powder|p1b: Amoonguss\n|-singleturn|p1b: Amoonguss|move: Rage Powder\n|move|p2a: Annihilape|Bulk Up|p2a: Annihilape\n|-boost|p2a: Annihilape|atk|1\n|-boost|p2a: Annihilape|def|1\n|move|p1a: Garganacl|Recover|p1a: Garganacl\n|-heal|p1a: Garganacl|100\/100\n|\n|-damage|p2b: Maushold|54\/100|[from] Salt Cure\n|-damage|p2a: Annihilape|48\/100|[from] Salt Cure\n|upkeep\n|turn|4\n|\n|t:|1682238469\n|move|p1b: Amoonguss|Protect|p1b: Amoonguss\n|-singleturn|p1b: Amoonguss|Protect\n|move|p2b: Maushold|Follow Me|p2b: Maushold\n|-singleturn|p2b: Maushold|move: Follow Me\n|move|p2a: Annihilape|Bulk Up|p2a: Annihilape\n|-boost|p2a: Annihilape|atk|1\n|-boost|p2a: Annihilape|def|1\n|move|p1a: Garganacl|Salt Cure|p2b: Maushold\n|-damage|p2b: Maushold|35\/100\n|\n|-damage|p2b: Maushold|22\/100|[from] Salt Cure\n|-damage|p2a: Annihilape|36\/100|[from] Salt Cure\n|upkeep\n|turn|5\n|\n|t:|1682238489\n|move|p1a: Garganacl|Protect|p1a: Garganacl\n|-singleturn|p1a: Garganacl|Protect\n|move|p2b: Maushold|Encore|p1b: Amoonguss\n|-start|p1b: Amoonguss|Encore\n|move|p2a: Annihilape|Rage Fist|p1a: Garganacl\n|-activate|p1a: Garganacl|move: Protect\n|move|p1b: Amoonguss|Protect||[still]\n|-fail|p1b: Amoonguss\n|\n|-damage|p2b: Maushold|10\/100|[from] Salt Cure\n|-damage|p2a: Annihilape|24\/100|[from] Salt Cure\n|upkeep\n|-enditem|p2a: Annihilape|Iapapa Berry|[eat]\n|-heal|p2a: Annihilape|57\/100|[from] item: Iapapa Berry\n|turn|6\n|\n|t:|1682238510\n|move|p1b: Amoonguss|Protect|p1b: Amoonguss\n|-singleturn|p1b: Amoonguss|Protect\n|move|p2b: Maushold|Encore|p1a: Garganacl\n|-start|p1a: Garganacl|Encore\n|move|p2a: Annihilape|Drain Punch|p1b: Amoonguss\n|-activate|p1b: Amoonguss|move: Protect\n|move|p1a: Garganacl|Protect||[still]\n|-fail|p1a: Garganacl\n|\n|-damage|p2b: Maushold|0 fnt|[from] Salt Cure\n|faint|p2b: Maushold\n|-damage|p2a: Annihilape|44\/100|[from] Salt Cure\n|upkeep\n|\n|t:|1682238517\n|switch|p2b: Volcarona|Volcarona, L50, M|100\/100\n|turn|7\n|\n|t:|1682238547\n|switch|p1b: Flutter Mane|Flutter Mane, L50|100\/100\n|-enditem|p1b: Flutter Mane|Booster Energy\n|-activate|p1b: Flutter Mane|ability: Protosynthesis|[fromitem]\n|-start|p1b: Flutter Mane|protosynthesisspa\n|move|p1a: Garganacl|Protect|p1a: Garganacl\n|-singleturn|p1a: Garganacl|Protect\n|move|p2b: Volcarona|Quiver Dance|p2b: Volcarona\n|-boost|p2b: Volcarona|spa|1\n|-boost|p2b: Volcarona|spd|1\n|-boost|p2b: Volcarona|spe|1\n|move|p2a: Annihilape|Drain Punch|p1b: Flutter Mane\n|-immune|p1b: Flutter Mane\n|\n|-damage|p2a: Annihilape|32\/100|[from] Salt Cure\n|upkeep\n|turn|8\n|\n|t:|1682238580\n|switch|p1a: Amoonguss|Amoonguss, L50, F|100\/100\n|move|p1b: Flutter Mane|Protect|p1b: Flutter Mane\n|-singleturn|p1b: Flutter Mane|Protect\n|move|p2a: Annihilape|Protect|p2a: Annihilape\n|-singleturn|p2a: Annihilape|Protect\n|move|p2b: Volcarona|Fiery Dance|p1b: Flutter Mane\n|-activate|p1b: Flutter Mane|move: Protect\n|\n|-damage|p2a: Annihilape|19\/100|[from] Salt Cure\n|upkeep\n|turn|9\n|\n|t:|1682238605\n|move|p2b: Volcarona|Fiery Dance|p1b: Flutter Mane\n|-damage|p1b: Flutter Mane|44\/100\n|-boost|p2b: Volcarona|spa|1\n|move|p1b: Flutter Mane|Dazzling Gleam|p2a: Annihilape|[spread] p2a,p2b\n|-supereffective|p2a: Annihilape\n|-resisted|p2b: Volcarona\n|-damage|p2a: Annihilape|0 fnt\n|-damage|p2b: Volcarona|87\/100\n|faint|p2a: Annihilape\n|move|p1a: Amoonguss|Spore|p2b: Volcarona\n|-status|p2b: Volcarona|slp|[from] move: Spore\n|\n|upkeep\n|\n|t:|1682238613\n|switch|p2a: Iron Bundle|Iron Bundle, L50|100\/100\n|-enditem|p2a: Iron Bundle|Booster Energy\n|-activate|p2a: Iron Bundle|ability: Quark Drive|[fromitem]\n|-start|p2a: Iron Bundle|quarkdrivespe\n|turn|10\n|\n|t:|1682238632\n|move|p1b: Flutter Mane|Protect|p1b: Flutter Mane\n|-singleturn|p1b: Flutter Mane|Protect\n|move|p2a: Iron Bundle|Freeze-Dry|p1a: Amoonguss\n|-supereffective|p1a: Amoonguss\n|-damage|p1a: Amoonguss|34\/100\n|cant|p2b: Volcarona|slp\n|move|p1a: Amoonguss|Spore|p2a: Iron Bundle\n|-status|p2a: Iron Bundle|slp|[from] move: Spore\n|\n|upkeep\n|turn|11\n|\n|t:|1682238670\n|cant|p2a: Iron Bundle|slp\n|-curestatus|p2b: Volcarona|slp|[msg]\n|move|p2b: Volcarona|Fiery Dance|p1b: Flutter Mane\n|-damage|p1b: Flutter Mane|0 fnt\n|faint|p1b: Flutter Mane\n|-end|p1b: Flutter Mane|Protosynthesis|[silent]\n|move|p1a: Amoonguss|Pollen Puff|p1: Flutter Mane|[notarget]\n|-fail|p1a: Amoonguss\n|\n|upkeep\n|\n|t:|1682238679\n|switch|p1b: Garganacl|Garganacl, L50, F, shiny, tera:Poison|100\/100\n|turn|12\n|\n|t:|1682238692\n|move|p1a: Amoonguss|Protect|p1a: Amoonguss\n|-singleturn|p1a: Amoonguss|Protect\n|cant|p2a: Iron Bundle|slp\n|move|p2b: Volcarona|Fiery Dance|p1a: Amoonguss\n|-activate|p1a: Amoonguss|move: Protect\n|move|p1b: Garganacl|Salt Cure|p2a: Iron Bundle\n|-supereffective|p2a: Iron Bundle\n|-damage|p2a: Iron Bundle|67\/100 slp\n|-start|p2a: Iron Bundle|Salt Cure\n|\n|-damage|p2a: Iron Bundle|43\/100 slp|[from] Salt Cure\n|upkeep\n|turn|13\n|\n|t:|1682238715\n|move|p2b: Volcarona|Protect|p2b: Volcarona\n|-singleturn|p2b: Volcarona|Protect\n|move|p1a: Amoonguss|Protect|p1a: Amoonguss\n|-singleturn|p1a: Amoonguss|Protect\n|-curestatus|p2a: Iron Bundle|slp|[msg]\n|move|p2a: Iron Bundle|Freeze-Dry|p1a: Amoonguss\n|-activate|p1a: Amoonguss|move: Protect\n|move|p1b: Garganacl|Salt Cure|p2b: Volcarona\n|-activate|p2b: Volcarona|move: Protect\n|\n|-damage|p2a: Iron Bundle|18\/100|[from] Salt Cure\n|upkeep\n|turn|14\n|\n|t:|1682238737\n|-terastallize|p2b: Volcarona|Water\n|move|p1a: Amoonguss|Rage Powder|p1a: Amoonguss\n|-singleturn|p1a: Amoonguss|move: Rage Powder\n|move|p2a: Iron Bundle|Freeze-Dry|p1a: Amoonguss\n|-supereffective|p1a: Amoonguss\n|-damage|p1a: Amoonguss|0 fnt\n|faint|p1a: Amoonguss\n|move|p2b: Volcarona|Fiery Dance|p1b: Garganacl\n|-damage|p1b: Garganacl|48\/100\n|move|p1b: Garganacl|Salt Cure|p2b: Volcarona\n|-damage|p2b: Volcarona|73\/100\n|-start|p2b: Volcarona|Salt Cure\n|\n|-heal|p1b: Garganacl|54\/100|[from] item: Leftovers\n|-damage|p2a: Iron Bundle|0 fnt|[from] Salt Cure\n|faint|p2a: Iron Bundle\n|-end|p2a: Iron Bundle|Quark Drive|[silent]\n|-damage|p2b: Volcarona|48\/100|[from] Salt Cure\n|upkeep\n|-enditem|p2b: Volcarona|Sitrus Berry|[eat]\n|-heal|p2b: Volcarona|73\/100|[from] item: Sitrus Berry\n|turn|15\n|\n|t:|1682238759\n|move|p1b: Garganacl|Protect|p1b: Garganacl\n|-singleturn|p1b: Garganacl|Protect\n|move|p2b: Volcarona|Fiery Dance|p1b: Garganacl\n|-activate|p1b: Garganacl|move: Protect\n|\n|-heal|p1b: Garganacl|59\/100|[from] item: Leftovers\n|-damage|p2b: Volcarona|48\/100|[from] Salt Cure\n|upkeep\n|turn|16\n|\n|t:|1682238769\n|move|p2b: Volcarona|Fiery Dance|p1b: Garganacl\n|-damage|p1b: Garganacl|9\/100\n|-boost|p2b: Volcarona|spa|1\n|move|p1b: Garganacl|Recover|p1b: Garganacl\n|-heal|p1b: Garganacl|59\/100\n|\n|-heal|p1b: Garganacl|65\/100|[from] item: Leftovers\n|-damage|p2b: Volcarona|23\/100|[from] Salt Cure\n|upkeep\n|turn|17\n|\n|t:|1682238779\n|move|p1b: Garganacl|Protect|p1b: Garganacl\n|-singleturn|p1b: Garganacl|Protect\n|move|p2b: Volcarona|Fiery Dance|p1b: Garganacl\n|-activate|p1b: Garganacl|move: Protect\n|\n|-heal|p1b: Garganacl|71\/100|[from] item: Leftovers\n|-damage|p2b: Volcarona|0 fnt|[from] Salt Cure\n|faint|p2b: Volcarona\n|\n|win|curt322\n|upkeep\n|raw|curt322's rating: 1155 → 1179<\/strong> (+24 for winning)\n|raw|Topperlecat's rating: 1144 → 1120<\/strong> (-24 for losing)\n","uploadtime":1682238786,"views":13,"p1id":"curt322","p2id":"topperlecat","formatid":"gen9vgc2023regulationc","rating":1120,"private":0,"password":""}