{"id":"gen9vgc2023regulationc-1861661672","p1":"ContessaZia","p2":"All Puff","format":"[Gen 9] VGC 2023 Regulation C","log":"|j|\u2606ContessaZia\n|j|\u2606All Puff\n|t:|1683790138\n|gametype|doubles\n|player|p1|ContessaZia|acetrainerf-gen4dp|\n|player|p2|All Puff|1|\n|teamsize|p1|6\n|teamsize|p2|6\n|gen|9\n|tier|[Gen 9] VGC 2023 Regulation C\n|rule|Species Clause: Limit one of each Pok\u00e9mon\n|rule|Item Clause: Limit one of each item\n|clearpoke\n|poke|p1|Torkoal, L50, F|\n|poke|p1|Revavroom, L50, F|\n|poke|p1|Great Tusk, L50|\n|poke|p1|Walking Wake, L50|\n|poke|p1|Murkrow, L50, F|\n|poke|p1|Jumpluff, L50, M|\n|poke|p2|Flutter Mane, L50|\n|poke|p2|Scream Tail, L50|\n|poke|p2|Gothitelle, L50, M|\n|poke|p2|Arcanine, L50, F|\n|poke|p2|Ting-Lu, L50|\n|poke|p2|Fletchling, L50, M|\n|teampreview|4\nContessaZia has agreed to open team sheets.\nAll Puff has agreed to open team sheets.\n|\n|t:|1683790425\n|start\n|switch|p1a: Homura|Revavroom, L50, F|100\/100\n|switch|p1b: Kyouko|Great Tusk, L50|100\/100\n|switch|p2a: Spear|Flutter Mane, L50|100\/100\n|switch|p2b: Don't leave me|Gothitelle, L50, M|100\/100\n|turn|1\n|j| Mlemcorice\n|\n|t:|1683790499\n|-terastallize|p1b: Kyouko|Ghost\n|move|p2b: Don't leave me|Fake Out|p1a: Homura\n|-resisted|p1a: Homura\n|-damage|p1a: Homura|97\/100\n|move|p1b: Kyouko|Headlong Rush|p2a: Spear\n|-enditem|p2a: Spear|Focus Sash\n|-damage|p2a: Spear|1\/100\n|-unboost|p1b: Kyouko|def|1\n|-unboost|p1b: Kyouko|spd|1\n|move|p2a: Spear|Moonblast|p1b: Kyouko\n|-damage|p1b: Kyouko|0 fnt\n|faint|p1b: Kyouko\n|-end|p1b: Kyouko|Protosynthesis|[silent]\n|cant|p1a: Homura|flinch\n|\n|upkeep\n|\n|t:|1683790519\n|switch|p1b: Madoka|Murkrow, L50, F, shiny|100\/100\n|turn|2\n|\n|t:|1683790666\n|move|p2b: Don't leave me|Helping Hand|p2a: Spear\n|-singleturn|p2a: Spear|Helping Hand|[of] p2b: Don't leave me\n|move|p1b: Madoka|Tailwind|p1b: Madoka\n|-sidestart|p1: ContessaZia|move: Tailwind\n|move|p1a: Homura|Poison Jab|p2a: Spear\n|-damage|p2a: Spear|0 fnt\n|faint|p2a: Spear\n|-end|p2a: Spear|Protosynthesis|[silent]\n|\n|upkeep\n|\n|t:|1683790676\n|switch|p2a: Guddy|Scream Tail, L50|100\/100\n|-enditem|p2a: Guddy|Booster Energy\n|-activate|p2a: Guddy|ability: Protosynthesis|[fromitem]\n|-start|p2a: Guddy|protosynthesisspe\n|turn|3\n|\n|t:|1683790704\n|-terastallize|p2a: Guddy|Poison\n|move|p1b: Madoka|Taunt|p2a: Guddy\n|-start|p2a: Guddy|move: Taunt\n|move|p1a: Homura|Spin Out|p2a: Guddy\n|-damage|p2a: Guddy|64\/100\n|-unboost|p1a: Homura|spe|2\n|move|p2a: Guddy|Fire Punch|p1b: Madoka\n|-damage|p1b: Madoka|84\/100\n|move|p2b: Don't leave me|Thunderbolt|p1b: Madoka\n|-supereffective|p1b: Madoka\n|-damage|p1b: Madoka|47\/100\n|\n|upkeep\n|turn|4\n|\n|t:|1683790773\n|move|p1b: Madoka|Sunny Day|p1b: Madoka\n|-weather|SunnyDay\n|move|p2a: Guddy|Fire Punch|p1b: Madoka\n|-damage|p1b: Madoka|26\/100\n|move|p1a: Homura|Parting Shot|p2b: Don't leave me\n|-unboost|p2b: Don't leave me|atk|1\n|-unboost|p2b: Don't leave me|spa|1\n|\n|t:|1683790779\n|switch|p1a: Sayaka|Walking Wake, L50|100\/100|[from] Parting Shot\n|-activate|p1a: Sayaka|ability: Protosynthesis\n|-start|p1a: Sayaka|protosynthesisspa\n|move|p2b: Don't leave me|Thunderbolt|p1b: Madoka\n|-supereffective|p1b: Madoka\n|-damage|p1b: Madoka|0 fnt\n|faint|p1b: Madoka\n|\n|-weather|SunnyDay|[upkeep]\n|upkeep\n|\n|t:|1683790788\n|switch|p1b: Homura|Revavroom, L50, F|97\/100\n|turn|5\n|\n|t:|1683790815\n|-end|p2a: Guddy|Protosynthesis|[silent]\n|switch|p2a: Detthy|Fletchling, L50, M|100\/100\n|move|p2b: Don't leave me|Protect|p2b: Don't leave me\n|-singleturn|p2b: Don't leave me|Protect\n|move|p1a: Sayaka|Hydro Steam|p2a: Detthy\n|-damage|p2a: Detthy|0 fnt\n|faint|p2a: Detthy\n|move|p1b: Homura|Spin Out|p2b: Don't leave me\n|-activate|p2b: Don't leave me|move: Protect\n|\n|-weather|SunnyDay|[upkeep]\n|-sideend|p1: ContessaZia|move: Tailwind\n|upkeep\n|\n|t:|1683790826\n|switch|p2a: Guddy|Scream Tail, L50, tera:Poison|64\/100\n|-activate|p2a: Guddy|ability: Protosynthesis\n|-start|p2a: Guddy|protosynthesisspe\n|turn|6\n|\n|t:|1683790843\n|move|p2a: Guddy|Perish Song|p2a: Guddy\n|-start|p1a: Sayaka|perish3|[silent]\n|-start|p1b: Homura|perish3|[silent]\n|-start|p2a: Guddy|perish3|[silent]\n|-start|p2b: Don't leave me|perish3|[silent]\n|-fieldactivate|move: Perish Song\n|move|p1a: Sayaka|Hydro Steam|p2b: Don't leave me\n|-damage|p2b: Don't leave me|32\/100\n|-enditem|p2b: Don't leave me|Sitrus Berry|[eat]\n|-heal|p2b: Don't leave me|57\/100|[from] item: Sitrus Berry\n|move|p1b: Homura|Spin Out|p2b: Don't leave me\n|-damage|p2b: Don't leave me|13\/100\n|-unboost|p1b: Homura|spe|2\n|move|p2b: Don't leave me|Thunderbolt|p1b: Homura\n|-damage|p1b: Homura|78\/100\n|\n|-weather|SunnyDay|[upkeep]\n|-start|p2a: Guddy|perish3\n|-start|p1a: Sayaka|perish3\n|-start|p2b: Don't leave me|perish3\n|-start|p1b: Homura|perish3\n|upkeep\n|turn|7\n|\n|t:|1683790869\n|move|p2b: Don't leave me|Protect|p2b: Don't leave me\n|-singleturn|p2b: Don't leave me|Protect\n|move|p2a: Guddy|Disable|p1a: Sayaka\n|-start|p1a: Sayaka|Disable|Hydro Steam\n|cant|p1a: Sayaka|Disable|Hydro Steam\n|move|p1b: Homura|Spin Out|p2b: Don't leave me\n|-activate|p2b: Don't leave me|move: Protect\n|\n|-weather|SunnyDay|[upkeep]\n|-start|p2a: Guddy|perish2\n|-start|p1a: Sayaka|perish2\n|-start|p2b: Don't leave me|perish2\n|-start|p1b: Homura|perish2\n|upkeep\n|turn|8\n|\n|t:|1683790895\n|move|p2b: Don't leave me|Protect||[still]\n|-fail|p2b: Don't leave me\n|move|p2a: Guddy|Disable|p1b: Homura\n|-start|p1b: Homura|Disable|Spin Out\n|move|p1a: Sayaka|Flamethrower|p2b: Don't leave me\n|-damage|p2b: Don't leave me|0 fnt\n|faint|p2b: Don't leave me\n|move|p1b: Homura|Poison Jab|p2a: Guddy\n|-resisted|p2a: Guddy\n|-damage|p2a: Guddy|50\/100\n|\n|-weather|none\n|-end|p2a: Guddy|Protosynthesis\n|-end|p1a: Sayaka|Protosynthesis\n|-start|p2a: Guddy|perish1\n|-start|p1a: Sayaka|perish1\n|-start|p1b: Homura|perish1\n|upkeep\n|turn|9\n|\n|t:|1683790917\n|move|p1a: Sayaka|Flamethrower|p2a: Guddy\n|-damage|p2a: Guddy|26\/100\n|move|p2a: Guddy|Fire Punch|p1b: Homura\n|-supereffective|p1b: Homura\n|-enditem|p1b: Homura|Occa Berry|[eat]\n|-enditem|p1b: Homura|Occa Berry|[weaken]\n|-damage|p1b: Homura|62\/100\n|move|p1b: Homura|Poison Jab|p2a: Guddy\n|-resisted|p2a: Guddy\n|-damage|p2a: Guddy|12\/100\n|\n|-start|p1a: Sayaka|perish0\n|-start|p2a: Guddy|perish0\n|-start|p1b: Homura|perish0\n|upkeep\n|faint|p1a: Sayaka\n|-end|p1a: Sayaka|Protosynthesis|[silent]\n|faint|p2a: Guddy\n|-end|p2a: Guddy|Protosynthesis|[silent]\n|faint|p1b: Homura\n|\n|win|ContessaZia\n","uploadtime":1683790937,"views":17,"p1id":"contessazia","p2id":"allpuff","formatid":"gen9vgc2023regulationc","rating":0,"private":0,"password":""}