{"id":"gen9vgc2023regulationc-1857277544","p1":"Tsutox","p2":"TGH_sr","format":"[Gen 9] VGC 2023 Regulation C","log":"|j|\u2606Tsutox\n|j|\u2606TGH_sr\n|t:|1683166853\n|gametype|doubles\n|player|p1|Tsutox|hiker|1229\n|player|p2|TGH_sr|steven|1276\n|teamsize|p1|6\n|teamsize|p2|6\n|gen|9\n|tier|[Gen 9] VGC 2023 Regulation C\n|rated|\n|rule|Species Clause: Limit one of each Pok\u00e9mon\n|rule|Item Clause: Limit one of each item\n|clearpoke\n|poke|p1|Cetitan, L50, M|\n|poke|p1|Glimmora, L50, F|\n|poke|p1|Chi-Yu, L50|\n|poke|p1|Flutter Mane, L50|\n|poke|p1|Brute Bonnet, L50|\n|poke|p1|Talonflame, L50, M|\n|poke|p2|Talonflame, L50, M|\n|poke|p2|Garchomp, L50, F|\n|poke|p2|Gholdengo, L50|\n|poke|p2|Gyarados, L50, M|\n|poke|p2|Flutter Mane, L50|\n|poke|p2|Chi-Yu, L50|\n|teampreview|4\nTGH_sr has agreed to open team sheets.\nTsutox has agreed to open team sheets.\n|\n|t:|1683166977\n|start\n|switch|p1a: Glimmora|Glimmora, L50, F|100\/100\n|switch|p1b: Chi-Yu|Chi-Yu, L50|100\/100\n|switch|p2a: Gholdengo|Gholdengo, L50|100\/100\n|switch|p2b: Talonflame|Talonflame, L50, M|100\/100\n|-ability|p1b: Chi-Yu|Beads of Ruin\n|turn|1\n|\n|t:|1683167033\n|move|p2a: Gholdengo|Protect|p2a: Gholdengo\n|-singleturn|p2a: Gholdengo|Protect\n|move|p2b: Talonflame|Tailwind|p2b: Talonflame\n|-sidestart|p2: TGH_sr|move: Tailwind\n|move|p1b: Chi-Yu|Dark Pulse|p2a: Gholdengo\n|-activate|p2a: Gholdengo|move: Protect\n|move|p1a: Glimmora|Power Gem|p2b: Talonflame\n|-supereffective|p2b: Talonflame\n|-damage|p2b: Talonflame|0 fnt\n|faint|p2b: Talonflame\n|\n|upkeep\n|\n|t:|1683167063\n|switch|p2b: Gyarados|Gyarados, L50, M|100\/100\n|-ability|p2b: Gyarados|Intimidate|boost\n|-unboost|p1a: Glimmora|atk|1\n|-unboost|p1b: Chi-Yu|atk|1\n|turn|2\n|\n|t:|1683167084\n|move|p1b: Chi-Yu|Protect|p1b: Chi-Yu\n|-singleturn|p1b: Chi-Yu|Protect\n|move|p2a: Gholdengo|Make It Rain|p1b: Chi-Yu|[spread] p1a\n|-activate|p1b: Chi-Yu|move: Protect\n|-supereffective|p1a: Glimmora\n|-damage|p1a: Glimmora|0 fnt\n|-unboost|p2a: Gholdengo|spa|1\n|faint|p1a: Glimmora\n|move|p2b: Gyarados|Waterfall|p1b: Chi-Yu\n|-activate|p1b: Chi-Yu|move: Protect\n|\n|upkeep\n|\n|t:|1683167107\n|switch|p1a: Flutter Mane|Flutter Mane, L50|100\/100\n|turn|3\n|\n|t:|1683167143\n|move|p2a: Gholdengo|Make It Rain|p1b: Chi-Yu|[spread] p1a,p1b\n|-supereffective|p1a: Flutter Mane\n|-resisted|p1b: Chi-Yu\n|-damage|p1a: Flutter Mane|12\/100\n|-damage|p1b: Chi-Yu|81\/100\n|-unboost|p2a: Gholdengo|spa|1\n|move|p2b: Gyarados|Waterfall|p1b: Chi-Yu\n|-supereffective|p1b: Chi-Yu\n|-damage|p1b: Chi-Yu|0 fnt\n|faint|p1b: Chi-Yu\n|move|p1a: Flutter Mane|Shadow Ball|p2a: Gholdengo\n|-supereffective|p2a: Gholdengo\n|-damage|p2a: Gholdengo|0 fnt\n|faint|p2a: Gholdengo\n|\n|upkeep\n|\n|t:|1683167158\n|switch|p1b: Cetitan|Cetitan, L50, M|100\/100\n|switch|p2a: Chi-Yu|Chi-Yu, L50|100\/100\n|-ability|p2a: Chi-Yu|Beads of Ruin\n|turn|4\n|\n|t:|1683167202\n|-terastallize|p1b: Cetitan|Water\n|move|p2a: Chi-Yu|Snarl|p1a: Flutter Mane|[spread] p1a,p1b\n|-crit|p1b: Cetitan\n|-damage|p1a: Flutter Mane|0 fnt\n|-damage|p1b: Cetitan|50\/100\n|-unboost|p1b: Cetitan|spa|1\n|faint|p1a: Flutter Mane\n|-end|p1a: Flutter Mane|Protosynthesis|[silent]\n|move|p2b: Gyarados|Waterfall|p1b: Cetitan\n|-resisted|p1b: Cetitan\n|-damage|p1b: Cetitan|31\/100\n|move|p1b: Cetitan|Liquidation|p2a: Chi-Yu\n|-supereffective|p2a: Chi-Yu\n|-damage|p2a: Chi-Yu|0 fnt\n|faint|p2a: Chi-Yu\n|\n|-sideend|p2: TGH_sr|move: Tailwind\n|upkeep\n|turn|5\n|\n|t:|1683167223\n|move|p2b: Gyarados|Waterfall|p1b: Cetitan\n|-resisted|p1b: Cetitan\n|-damage|p1b: Cetitan|15\/100\n|cant|p1b: Cetitan|flinch\n|\n|upkeep\n|turn|6\n|\n|t:|1683167229\n|move|p2b: Gyarados|Waterfall|p1b: Cetitan\n|-resisted|p1b: Cetitan\n|-damage|p1b: Cetitan|0 fnt\n|faint|p1b: Cetitan\n|\n|win|TGH_sr\n|raw|Tsutox's rating: 1229 → 1207<\/strong> (-22 for losing)\n|raw|TGH_sr's rating: 1276 → 1298<\/strong> (+22 for winning)\n|l|\u2606Tsutox\n","uploadtime":1683167239,"views":12,"p1id":"tsutox","p2id":"tghsr","formatid":"gen9vgc2023regulationc","rating":1207,"private":0,"password":""}