{"id":"gen9vgc2023regulationc-1848995872","p1":"Kammala","p2":"had sweep","format":"[Gen 9] VGC 2023 Regulation C","log":"|j|\u2606Kammala\n|j|\u203dhad sweep\n|t:|1682136281\n|gametype|doubles\n|player|p1|Kammala|102|1351\n|player|p2|had sweep|swimmer-gen4|1327\n|teamsize|p1|6\n|teamsize|p2|6\n|gen|9\n|tier|[Gen 9] VGC 2023 Regulation C\n|rated|\n|rule|Species Clause: Limit one of each Pok\u00e9mon\n|rule|Item Clause: Limit one of each item\n|clearpoke\n|poke|p1|Azumarill, L50, F|\n|poke|p1|Amoonguss, L50, M|\n|poke|p1|Tauros-Paldea-Blaze, L50, M|\n|poke|p1|Ting-Lu, L50|\n|poke|p1|Baxcalibur, L50, F|\n|poke|p1|Flutter Mane, L50|\n|poke|p2|Garchomp, L50, F|\n|poke|p2|Scizor, L50, F|\n|poke|p2|Gyarados, L50, F|\n|poke|p2|Chi-Yu, L50|\n|poke|p2|Luxray, L50, F|\n|poke|p2|Talonflame, L50, M|\n|teampreview|4\n|inactive|Battle timer is ON: inactive players will automatically lose when time's up. (requested by had sweep)\n|inactive|Kammala also wants the timer to be on.\nKammala has agreed to open team sheets.\nhad sweep rejected open team sheets.\n|c|\u2606Kammala|XD\n|inactive|Kammala has 60 seconds left.\n|\n|t:|1682136324\n|start\n|switch|p1a: Baxcalibur|Baxcalibur, L50, F|100\/100\n|switch|p1b: Azumarill|Azumarill, L50, F|100\/100\n|switch|p2a: Garchomp|Garchomp, L50, F|100\/100\n|switch|p2b: Scizor|Scizor, L50, F|100\/100\n|turn|1\n|\n|t:|1682136342\n|switch|p2a: Gyarados|Gyarados, L50, F|100\/100\n|-ability|p2a: Gyarados|Intimidate|boost\n|-fail|p1a: Baxcalibur|unboost|[from] item: Clear Amulet|[of] p1a: Baxcalibur\n|-unboost|p1b: Azumarill|atk|1\n|move|p1a: Baxcalibur|Protect|p1a: Baxcalibur\n|-singleturn|p1a: Baxcalibur|Protect\n|move|p2b: Scizor|Swords Dance|p2b: Scizor\n|-boost|p2b: Scizor|atk|2\n|move|p1b: Azumarill|Play Rough|p2a: Gyarados\n|-damage|p2a: Gyarados|54\/100\n|\n|upkeep\n|turn|2\n|\n|t:|1682136364\n|switch|p1b: Amoonguss|Amoonguss, L50, M|100\/100\n|-terastallize|p1a: Baxcalibur|Electric\n|move|p2b: Scizor|Bullet Punch|p1a: Baxcalibur\n|-resisted|p1a: Baxcalibur\n|-damage|p1a: Baxcalibur|69\/100\n|move|p1a: Baxcalibur|Tera Blast|p2a: Gyarados\n|-supereffective|p2a: Gyarados\n|-crit|p2a: Gyarados\n|-damage|p2a: Gyarados|0 fnt\n|faint|p2a: Gyarados\n|\n|upkeep\n|\n|t:|1682136378\n|switch|p2a: Garchomp|Garchomp, L50, F|100\/100\n|turn|3\n|\n|t:|1682136386\n|-terastallize|p2a: Garchomp|Ground\n|move|p1a: Baxcalibur|Protect|p1a: Baxcalibur\n|-singleturn|p1a: Baxcalibur|Protect\n|move|p2b: Scizor|Bullet Punch|p1b: Amoonguss\n|-damage|p1b: Amoonguss|45\/100\n|-enditem|p1b: Amoonguss|Sitrus Berry|[eat]\n|-heal|p1b: Amoonguss|70\/100|[from] item: Sitrus Berry\n|move|p2a: Garchomp|Earthquake|p1a: Baxcalibur|[spread] p2b,p1b\n|-activate|p1a: Baxcalibur|move: Protect\n|-damage|p2b: Scizor|23\/100\n|-damage|p1b: Amoonguss|5\/100\n|-enditem|p2b: Scizor|Sitrus Berry|[eat]\n|-heal|p2b: Scizor|47\/100|[from] item: Sitrus Berry\n|move|p1b: Amoonguss|Spore|p2a: Garchomp\n|-status|p2a: Garchomp|slp|[from] move: Spore\n|\n|upkeep\n|turn|4\n|\n|t:|1682136411\n|move|p1b: Amoonguss|Rage Powder|p1b: Amoonguss\n|-singleturn|p1b: Amoonguss|move: Rage Powder\n|move|p2b: Scizor|Bullet Punch|p1b: Amoonguss\n|-crit|p1b: Amoonguss\n|-damage|p1b: Amoonguss|0 fnt\n|faint|p1b: Amoonguss\n|cant|p2a: Garchomp|slp\n|move|p1a: Baxcalibur|Icicle Crash|p2a: Garchomp\n|-supereffective|p2a: Garchomp\n|-damage|p2a: Garchomp|1\/100 slp\n|\n|upkeep\n|\n|t:|1682136426\n|switch|p1b: Azumarill|Azumarill, L50, F|100\/100\n|turn|5\n|\n|t:|1682136430\n|switch|p1a: Tauros|Tauros-Paldea-Blaze, L50, M|100\/100\n|-ability|p1a: Tauros|Intimidate|boost\n|-unboost|p2a: Garchomp|atk|1\n|-unboost|p2b: Scizor|atk|1\n|move|p1b: Azumarill|Aqua Jet|p2a: Garchomp\n|-supereffective|p2a: Garchomp\n|-damage|p2a: Garchomp|0 fnt\n|-damage|p1b: Azumarill|88\/100|[from] ability: Rough Skin|[of] p2a: Garchomp\n|faint|p2a: Garchomp\n|move|p2b: Scizor|Close Combat|p1a: Tauros\n|-damage|p1a: Tauros|35\/100\n|-unboost|p2b: Scizor|def|1\n|-unboost|p2b: Scizor|spd|1\n|\n|upkeep\n|\n|t:|1682136436\n|switch|p2a: Talonflame|Talonflame, L50, M|100\/100\n|turn|6\n|\n|t:|1682136454\n|move|p1a: Tauros|Protect|p1a: Tauros\n|-singleturn|p1a: Tauros|Protect\n|move|p2b: Scizor|Protect|p2b: Scizor\n|-singleturn|p2b: Scizor|Protect\n|move|p2a: Talonflame|Brave Bird|p1a: Tauros\n|-activate|p1a: Tauros|move: Protect\n|move|p1b: Azumarill|Liquidation|p2a: Talonflame\n|-supereffective|p2a: Talonflame\n|-crit|p2a: Talonflame\n|-damage|p2a: Talonflame|0 fnt\n|faint|p2a: Talonflame\n|\n|upkeep\n|turn|7\n|-message|had sweep forfeited.\n|\n|win|Kammala\n|raw|Kammala's rating: 1351 → 1369<\/strong> (+18 for winning)\n|raw|had sweep's rating: 1308 → 1290<\/strong> (-18 for losing)\n|l|\u203dhad sweep\n","uploadtime":1682136471,"views":29,"p1id":"kammala","p2id":"hadsweep","formatid":"gen9vgc2023regulationc","rating":1290,"private":0,"password":""}