{"id":"gen9vgc2023regulationc-1848186968","p1":"perceived slight","p2":"WillieDangerously","format":"[Gen 9] VGC 2023 Regulation C","log":"|j|\u2606perceived slight\n|j|\u2606WillieDangerously\n|t:|1682040028\n|gametype|doubles\n|player|p1|perceived slight|265|1252\n|player|p2|WillieDangerously|psychic-gen4|1188\n|teamsize|p1|6\n|teamsize|p2|6\n|gen|9\n|tier|[Gen 9] VGC 2023 Regulation C\n|rated|\n|rule|Species Clause: Limit one of each Pok\u00e9mon\n|rule|Item Clause: Limit one of each item\n|clearpoke\n|poke|p1|Rotom-Wash, L50|\n|poke|p1|Amoonguss, L50, M|\n|poke|p1|Garchomp, L50, M|\n|poke|p1|Orthworm, L50, M|\n|poke|p1|Grimmsnarl, L50, M|\n|poke|p1|Flutter Mane, L50|\n|poke|p2|Espathra, L50, F|\n|poke|p2|Iron Bundle, L50|\n|poke|p2|Iron Valiant, L50|\n|poke|p2|Salamence, L50, M|\n|poke|p2|Scizor, L50, M|\n|poke|p2|Sandy Shocks, L50|\n|teampreview|4\n|\n|t:|1682040069\n|start\n|switch|p1a: Grimmsnarl|Grimmsnarl, L50, M|100\/100\n|switch|p1b: Orthworm|Orthworm, L50, M|100\/100\n|switch|p2a: Espathra|Espathra, L50, F|100\/100\n|switch|p2b: Sandy Shocks|Sandy Shocks, L50|100\/100\n|-enditem|p2b: Sandy Shocks|Booster Energy\n|-activate|p2b: Sandy Shocks|ability: Protosynthesis|[fromitem]\n|-start|p2b: Sandy Shocks|protosynthesisspe\n|turn|1\n|\n|t:|1682040094\n|-terastallize|p2b: Sandy Shocks|Ghost\n|move|p1a: Grimmsnarl|Misty Terrain|p1a: Grimmsnarl\n|-fieldstart|move: Misty Terrain\n|move|p2b: Sandy Shocks|Gravity|p2b: Sandy Shocks\n|-fieldstart|move: Gravity\n|move|p2a: Espathra|Hypnosis|p1b: Orthworm\n|-activate|p1b: Orthworm|move: Misty Terrain\n|move|p1b: Orthworm|Shed Tail|p1b: Orthworm\n|-start|p1b: Orthworm|Substitute|[from] move: Shed Tail\n|-damage|p1b: Orthworm|50\/100\n|-enditem|p1b: Orthworm|Sitrus Berry|[eat]\n|-heal|p1b: Orthworm|75\/100|[from] item: Sitrus Berry\n|\n|t:|1682040105\n|switch|p1b: Flutter Mane|Flutter Mane, L50|100\/100|[from] Shed Tail\n|-enditem|p1b: Flutter Mane|Booster Energy\n|-activate|p1b: Flutter Mane|ability: Protosynthesis|[fromitem]\n|-start|p1b: Flutter Mane|protosynthesisspa\n|\n|-ability|p2a: Espathra|Speed Boost|boost\n|-boost|p2a: Espathra|spe|1\n|upkeep\n|turn|2\n|\n|t:|1682040148\n|move|p1b: Flutter Mane|Protect|p1b: Flutter Mane\n|-singleturn|p1b: Flutter Mane|Protect\n|move|p1a: Grimmsnarl|Light Screen|p1a: Grimmsnarl\n|-sidestart|p1: perceived slight|move: Light Screen\n|move|p2a: Espathra|Dazzling Gleam|p1b: Flutter Mane|[spread] p1a\n|-activate|p1b: Flutter Mane|move: Protect\n|-supereffective|p1a: Grimmsnarl\n|-damage|p1a: Grimmsnarl|85\/100\n|move|p2b: Sandy Shocks|Thunder|p1a: Grimmsnarl\n|-damage|p1a: Grimmsnarl|58\/100\n|\n|-ability|p2a: Espathra|Speed Boost|boost\n|-boost|p2a: Espathra|spe|1\n|upkeep\n|turn|3\n|\n|t:|1682040176\n|move|p2b: Sandy Shocks|Protect|p2b: Sandy Shocks\n|-singleturn|p2b: Sandy Shocks|Protect\n|move|p2a: Espathra|Lumina Crash|p1b: Flutter Mane\n|-activate|p1b: Flutter Mane|move: Substitute|[damage]\n|move|p1b: Flutter Mane|Shadow Ball|p2b: Sandy Shocks\n|-activate|p2b: Sandy Shocks|move: Protect\n|move|p1a: Grimmsnarl|Spirit Break|p2a: Espathra\n|-damage|p2a: Espathra|54\/100\n|\n|-ability|p2a: Espathra|Speed Boost|boost\n|-boost|p2a: Espathra|spe|1\n|upkeep\n|turn|4\n|\n|t:|1682040205\n|move|p2a: Espathra|Dazzling Gleam|p1b: Flutter Mane|[spread] p1a,p1b\n|-end|p1b: Flutter Mane|Substitute\n|-supereffective|p1a: Grimmsnarl\n|-damage|p1a: Grimmsnarl|41\/100\n|move|p2b: Sandy Shocks|Thunder|p1b: Flutter Mane\n|-damage|p1b: Flutter Mane|69\/100\n|move|p1b: Flutter Mane|Shadow Ball|p2b: Sandy Shocks\n|-supereffective|p2b: Sandy Shocks\n|-damage|p2b: Sandy Shocks|0 fnt\n|faint|p2b: Sandy Shocks\n|-end|p2b: Sandy Shocks|Protosynthesis|[silent]\n|move|p1a: Grimmsnarl|Spirit Break|p2a: Espathra\n|-damage|p2a: Espathra|6\/100\n|\n|-ability|p2a: Espathra|Speed Boost|boost\n|-boost|p2a: Espathra|spe|1\n|upkeep\n|\n|t:|1682040218\n|switch|p2b: Scizor|Scizor, L50, M|100\/100\n|turn|5\n|\n|t:|1682040244\n|-terastallize|p1a: Grimmsnarl|Steel\n|move|p1b: Flutter Mane|Protect|p1b: Flutter Mane\n|-singleturn|p1b: Flutter Mane|Protect\n|move|p2b: Scizor|Bullet Punch|p1a: Grimmsnarl\n|-resisted|p1a: Grimmsnarl\n|-damage|p1a: Grimmsnarl|20\/100\n|move|p2a: Espathra|Dazzling Gleam|p1a: Grimmsnarl|[spread] p1a\n|-activate|p1b: Flutter Mane|move: Protect\n|-resisted|p1a: Grimmsnarl\n|-damage|p1a: Grimmsnarl|16\/100\n|move|p1a: Grimmsnarl|Spirit Break|p2a: Espathra\n|-damage|p2a: Espathra|0 fnt\n|faint|p2a: Espathra\n|\n|-fieldend|move: Gravity\n|-fieldend|Misty Terrain\n|upkeep\n|\n|t:|1682040248\n|switch|p2a: Iron Bundle|Iron Bundle, L50|100\/100\n|turn|6\n|\n|t:|1682040277\n|-end|p1b: Flutter Mane|Protosynthesis|[silent]\n|switch|p1b: Rotom|Rotom-Wash, L50|100\/100\n|move|p2b: Scizor|Bullet Punch|p1b: Rotom\n|-resisted|p1b: Rotom\n|-damage|p1b: Rotom|90\/100\n|move|p1a: Grimmsnarl|Reflect|p1a: Grimmsnarl\n|-sidestart|p1: perceived slight|Reflect\n|move|p2a: Iron Bundle|Icy Wind|p1b: Rotom|[spread] p1a,p1b\n|-resisted|p1a: Grimmsnarl\n|-resisted|p1b: Rotom\n|-damage|p1a: Grimmsnarl|11\/100\n|-damage|p1b: Rotom|82\/100\n|-unboost|p1a: Grimmsnarl|spe|1\n|-unboost|p1b: Rotom|spe|1\n|\n|upkeep\n|turn|7\n|\n|t:|1682040303\n|move|p2a: Iron Bundle|Protect|p2a: Iron Bundle\n|-singleturn|p2a: Iron Bundle|Protect\n|move|p2b: Scizor|Swords Dance|p2b: Scizor\n|-boost|p2b: Scizor|atk|2\n|move|p1b: Rotom|Thunderbolt|p2a: Iron Bundle\n|-activate|p2a: Iron Bundle|move: Protect\n|move|p1a: Grimmsnarl|Spirit Break|p2a: Iron Bundle\n|-activate|p2a: Iron Bundle|move: Protect\n|\n|upkeep\n|turn|8\n|\n|t:|1682040348\n|switch|p1b: Flutter Mane|Flutter Mane, L50|69\/100\n|move|p2a: Iron Bundle|Blizzard|p1b: Flutter Mane|[spread] \n|-miss|p2a: Iron Bundle|p1a: Grimmsnarl\n|-miss|p2a: Iron Bundle|p1b: Flutter Mane\n|move|p2b: Scizor|Pounce|p1a: Grimmsnarl\n|-resisted|p1a: Grimmsnarl\n|-damage|p1a: Grimmsnarl|0 fnt\n|faint|p1a: Grimmsnarl\n|\n|upkeep\n|\n|t:|1682040368\n|switch|p1a: Rotom|Rotom-Wash, L50|82\/100\n|turn|9\n|\n|t:|1682040386\n|move|p2a: Iron Bundle|Protect|p2a: Iron Bundle\n|-singleturn|p2a: Iron Bundle|Protect\n|move|p1b: Flutter Mane|Shadow Ball|p2b: Scizor\n|-damage|p2b: Scizor|36\/100\n|move|p1a: Rotom|Hydro Pump|p2b: Scizor\n|-damage|p2b: Scizor|0 fnt\n|faint|p2b: Scizor\n|\n|-sideend|p1: perceived slight|move: Light Screen\n|upkeep\n|turn|10\n|\n|t:|1682040400\n|move|p2a: Iron Bundle|Blizzard|p1a: Rotom|[spread] \n|-miss|p2a: Iron Bundle|p1a: Rotom\n|-miss|p2a: Iron Bundle|p1b: Flutter Mane\n|move|p1b: Flutter Mane|Moonblast|p2a: Iron Bundle\n|-damage|p2a: Iron Bundle|0 fnt\n|faint|p2a: Iron Bundle\n|-end|p2a: Iron Bundle|Quark Drive|[silent]\n|\n|win|perceived slight\n|raw|perceived slight's rating: 1252 → 1272<\/strong> (+20 for winning)\n|raw|WillieDangerously's rating: 1188 → 1168<\/strong> (-20 for losing)\n","uploadtime":1682040407,"views":7,"p1id":"perceivedslight","p2id":"williedangerously","formatid":"gen9vgc2023regulationc","rating":1168,"private":0,"password":""}