{"id":"gen9vgc2023regulationc-1859716139","p1":"yaze20212","p2":"littensalt","format":"[Gen 9] VGC 2023 Regulation C","log":"|j|\u2606yaze20212\n|j|\u2606littensalt\n|t:|1683558600\n|gametype|doubles\n|player|p1|yaze20212|1|1000\n|player|p2|littensalt|hugh|1050\n|teamsize|p1|6\n|teamsize|p2|6\n|gen|9\n|tier|[Gen 9] VGC 2023 Regulation C\n|rated|\n|rule|Species Clause: Limit one of each Pok\u00e9mon\n|rule|Item Clause: Limit one of each item\n|clearpoke\n|poke|p1|Iron Valiant, L50|\n|poke|p1|Roaring Moon, L50|\n|poke|p1|Gengar, L50, M|\n|poke|p1|Iron Bundle, L50|\n|poke|p1|Gyarados, L50, M|\n|poke|p1|Gholdengo, L50|\n|poke|p2|Amoonguss, L50, F|\n|poke|p2|Palafin, L50, F|\n|poke|p2|Arcanine, L50, M|\n|poke|p2|Ting-Lu, L50|\n|poke|p2|Murkrow, L50, F|\n|poke|p2|Great Tusk, L50|\n|teampreview|4\n|\n|t:|1683558625\n|start\n|switch|p1a: Roaring Moon|Roaring Moon, L50|100\/100\n|switch|p1b: Iron Valiant|Iron Valiant, L50|100\/100\n|switch|p2a: Murkrow|Murkrow, L50, F|100\/100\n|switch|p2b: Palafin|Palafin, L50, F|100\/100\n|-enditem|p1a: Roaring Moon|Booster Energy\n|-activate|p1a: Roaring Moon|ability: Protosynthesis|[fromitem]\n|-start|p1a: Roaring Moon|protosynthesisspe\n|turn|1\n|\n|t:|1683558656\n|move|p2a: Murkrow|Tailwind|p2a: Murkrow\n|-sidestart|p2: littensalt|move: Tailwind\n|move|p2b: Palafin|Flip Turn|p1b: Iron Valiant\n|-damage|p1b: Iron Valiant|68\/100\n|\n|t:|1683558666\n|detailschange|p2b: Palafin|Palafin-Hero, L50, F\n|switch|p2b: Arcanine|Arcanine, L50, M|100\/100|[from] Flip Turn\n|-ability|p2b: Arcanine|Intimidate|boost\n|-unboost|p1a: Roaring Moon|atk|1\n|-unboost|p1b: Iron Valiant|atk|1\n|move|p1a: Roaring Moon|Tailwind|p1a: Roaring Moon\n|-sidestart|p1: yaze20212|move: Tailwind\n|move|p1b: Iron Valiant|Thunder Punch|p2a: Murkrow\n|-supereffective|p2a: Murkrow\n|-damage|p2a: Murkrow|35\/100\n|-status|p2a: Murkrow|par\n|-damage|p1b: Iron Valiant|59\/100|[from] item: Life Orb\n|\n|upkeep\n|turn|2\n|\n|t:|1683558688\n|-end|p1a: Roaring Moon|Protosynthesis|[silent]\n|switch|p1a: Iron Bundle|Iron Bundle, L50|100\/100\n|-end|p1b: Iron Valiant|Quark Drive|[silent]\n|switch|p1b: Gengar|Gengar, L50, M|100\/100\n|move|p2b: Arcanine|Will-O-Wisp|p1b: Gengar\n|-status|p1b: Gengar|brn\n|move|p2a: Murkrow|U-turn|p1a: Iron Bundle\n|-damage|p1a: Iron Bundle|84\/100\n|\n|t:|1683558702\n|switch|p2a: Palafin|Palafin-Hero, L50, F|100\/100|[from] U-turn\n|-activate|p2a: Palafin|ability: Zero to Hero\n|\n|-damage|p1b: Gengar|95\/100 brn|[from] brn\n|upkeep\n|turn|3\n|\n|t:|1683558733\n|-terastallize|p1a: Iron Bundle|Ice\n|-terastallize|p2a: Palafin|Water\n|move|p1a: Iron Bundle|Freeze-Dry|p2a: Palafin\n|-supereffective|p2a: Palafin\n|-damage|p2a: Palafin|0 fnt\n|faint|p2a: Palafin\n|move|p1b: Gengar|Shadow Ball|p2b: Arcanine\n|-damage|p2b: Arcanine|42\/100\n|move|p2b: Arcanine|Snarl|p1b: Gengar|[spread] p1a,p1b\n|-supereffective|p1b: Gengar\n|-damage|p1a: Iron Bundle|63\/100\n|-damage|p1b: Gengar|59\/100 brn\n|-unboost|p1a: Iron Bundle|spa|1\n|-unboost|p1b: Gengar|spa|1\n|\n|-damage|p1b: Gengar|53\/100 brn|[from] brn\n|upkeep\n|\n|t:|1683558742\n|switch|p2a: Ting-Lu|Ting-Lu, L50|100\/100\n|-ability|p2a: Ting-Lu|Vessel of Ruin\n|turn|4\n|\n|t:|1683558768\n|move|p1a: Iron Bundle|Freeze-Dry|p2a: Ting-Lu\n|-supereffective|p2a: Ting-Lu\n|-damage|p2a: Ting-Lu|78\/100\n|move|p1b: Gengar|Shadow Ball|p2b: Arcanine\n|-damage|p2b: Arcanine|11\/100\n|move|p2b: Arcanine|Flare Blitz|p1a: Iron Bundle\n|-supereffective|p1a: Iron Bundle\n|-damage|p1a: Iron Bundle|0 fnt\n|faint|p1a: Iron Bundle\n|-end|p1a: Iron Bundle|Quark Drive|[silent]\n|-damage|p2b: Arcanine|0 fnt|[from] Recoil\n|faint|p2b: Arcanine\n|move|p2a: Ting-Lu|Heavy Slam|p1b: Gengar\n|-crit|p1b: Gengar\n|-damage|p1b: Gengar|0 fnt\n|faint|p1b: Gengar\n|\n|-sideend|p1: yaze20212|move: Tailwind\n|-sideend|p2: littensalt|move: Tailwind\n|upkeep\n|\n|t:|1683558793\n|switch|p1a: Roaring Moon|Roaring Moon, L50|100\/100\n|switch|p1b: Iron Valiant|Iron Valiant, L50|59\/100\n|switch|p2b: Murkrow|Murkrow, L50, F|35\/100 par\n|turn|5\n|\n|t:|1683558815\n|move|p2b: Murkrow|Tailwind|p2b: Murkrow\n|-sidestart|p2: littensalt|move: Tailwind\n|move|p1a: Roaring Moon|Dragon Claw|p2b: Murkrow\n|-damage|p2b: Murkrow|0 fnt\n|faint|p2b: Murkrow\n|move|p1b: Iron Valiant|Close Combat|p2a: Ting-Lu\n|-supereffective|p2a: Ting-Lu\n|-damage|p2a: Ting-Lu|0 fnt\n|-unboost|p1b: Iron Valiant|def|1\n|-unboost|p1b: Iron Valiant|spd|1\n|faint|p2a: Ting-Lu\n|-damage|p1b: Iron Valiant|49\/100|[from] item: Life Orb\n|\n|win|yaze20212\n|raw|yaze20212's rating: 1000 → 1046<\/strong> (+46 for winning)\n|raw|littensalt's rating: 1050 → 1030<\/strong> (-20 for losing)\n|l|\u2606littensalt\n|j|\u2606littensalt\n|player|p2|littensalt|hugh\n","uploadtime":1683558838,"views":11,"p1id":"yaze20212","p2id":"littensalt","formatid":"gen9vgc2023regulationc","rating":1030,"private":0,"password":""}