{"id":"gen9vgc2023regulationc-1850914372","p1":"CatCookie01","p2":"YouSlakingBro","format":"[Gen 9] VGC 2023 Regulation C","log":"|j|\u2606CatCookie01\n|j|\u2606YouSlakingBro\n|t:|1682381703\n|gametype|doubles\n|player|p1|CatCookie01|pokekid|\n|player|p2|YouSlakingBro|2|\n|teamsize|p1|6\n|teamsize|p2|6\n|gen|9\n|tier|[Gen 9] VGC 2023 Regulation C\n|rated|Tournament battle\n|rule|Species Clause: Limit one of each Pok\u00e9mon\n|rule|Item Clause: Limit one of each item\n|clearpoke\n|poke|p1|Maushold, L50|\n|poke|p1|Annihilape, L50, M|\n|poke|p1|Flutter Mane, L50|\n|poke|p1|Iron Bundle, L50|\n|poke|p1|Chi-Yu, L50|\n|poke|p1|Garganacl, L50, F|\n|poke|p2|Orthworm, L50, F|\n|poke|p2|Dragonite, L50, F|\n|poke|p2|Ting-Lu, L50|\n|poke|p2|Rotom-Wash, L50|\n|poke|p2|Skeledirge, L50, F|\n|poke|p2|Chien-Pao, L50|\n|teampreview|4\n|raw| Open Team Sheet for CatCookie01<\/summary>Maushold @ Safety Goggles Ability: Friend Guard Level: 50 Tera Type: Ghost - Encore - Follow Me - Protect - Beat Up Annihilape @ Sitrus Berry Ability: Defiant Level: 50 Tera Type: Water - Rage Fist - Drain Punch - Bulk Up - Protect Flutter Mane @ Choice Specs Ability: Protosynthesis Level: 50 Tera Type: Fairy - Mystical Fire - Shadow Ball - Dazzling Gleam - Thunderbolt Iron Bundle @ Booster Energy Ability: Quark Drive Level: 50 Tera Type: Ghost - Hydro Pump - Freeze-Dry - Icy Wind - Protect Chi-Yu @ Covert Cloak Ability: Beads of Ruin Level: 50 Tera Type: Water - Dark Pulse - Heat Wave - Protect - Snarl Garganacl @ Leftovers Ability: Purifying Salt Level: 50 Tera Type: Ghost - Salt Cure - Recover - Protect - Fissure <\/details><\/div> Open Team Sheet for YouSlakingBro<\/summary>Worm (Orthworm) @ Sitrus Berry Ability: Earth Eater Level: 50 Tera Type: Fire - Shed Tail - Body Press - Iron Defense - Heavy Slam OG (Dragonite) @ Lum Berry Ability: Multiscale Level: 50 Tera Type: Flying - Dragon Dance - Tera Blast - Earthquake - Extreme Speed Ring (Ting-Lu) @ Choice Band Ability: Vessel of Ruin Level: 50 Tera Type: Water - Earthquake - Rock Slide - Throat Chop - Bulldoze Laundry Day (Rotom-Wash) @ Choice Specs Ability: Levitate Level: 50 Tera Type: Steel - Hydro Pump - Thunderbolt - Volt Switch - Trick Feeling Hungover? (Skeledirge) @ Safety Goggles Ability: Unaware Level: 50 Tera Type: Fairy - Torch Song - Yawn - Will-O-Wisp - Protect Teracotta (Chien-Pao) @ Focus Sash Ability: Sword of Ruin Level: 50 Tera Type: Flying - Ice Spinner - Sucker Punch - Sacred Sword - Protect <\/details><\/div>\n|inactive|Battle timer is ON: inactive players will automatically lose when time's up. (requested by CatCookie01)\n|inactive|YouSlakingBro also wants the timer to be on.\n|inactive|YouSlakingBro has 60 seconds left.\n|\n|t:|1682381737\n|start\n|switch|p1a: Flutter Mane|Flutter Mane, L50|100\/100\n|switch|p1b: Annihilape|Annihilape, L50, M|100\/100\n|switch|p2a: Ring|Ting-Lu, L50|100\/100\n|switch|p2b: Teracotta|Chien-Pao, L50|100\/100\n|-ability|p2b: Teracotta|Sword of Ruin\n|-ability|p2a: Ring|Vessel of Ruin\n|turn|1\n|\n|t:|1682381752\n|-terastallize|p1a: Flutter Mane|Fairy\n|move|p2b: Teracotta|Protect|p2b: Teracotta\n|-singleturn|p2b: Teracotta|Protect\n|move|p1a: Flutter Mane|Dazzling Gleam|p2b: Teracotta|[spread] p2a\n|-activate|p2b: Teracotta|move: Protect\n|-supereffective|p2a: Ring\n|-damage|p2a: Ring|28\/100\n|move|p1b: Annihilape|Drain Punch|p2b: Teracotta\n|-activate|p2b: Teracotta|move: Protect\n|move|p2a: Ring|Earthquake|p1a: Flutter Mane|[spread] p1a,p1b\n|-activate|p2b: Teracotta|move: Protect\n|-damage|p1a: Flutter Mane|0 fnt\n|-damage|p1b: Annihilape|38\/100\n|-enditem|p1b: Annihilape|Sitrus Berry|[eat]\n|-heal|p1b: Annihilape|63\/100|[from] item: Sitrus Berry\n|faint|p1a: Flutter Mane\n|-end|p1a: Flutter Mane|Protosynthesis|[silent]\n|\n|upkeep\n|j| ITawtITawAPuddyTat\n|\n|t:|1682381776\n|switch|p1a: Garganacl|Garganacl, L50, F|100\/100\n|turn|2\n|l| ITawtITawAPuddyTat\n|\n|t:|1682381795\n|move|p2b: Teracotta|Ice Spinner|p1b: Annihilape\n|-damage|p1b: Annihilape|10\/100\n|move|p1b: Annihilape|Drain Punch|p2a: Ring\n|-supereffective|p2a: Ring\n|-damage|p2a: Ring|0 fnt\n|-heal|p1b: Annihilape|24\/100|[from] drain|[of] p2a: Ring\n|faint|p2a: Ring\n|move|p1a: Garganacl|Salt Cure|p2b: Teracotta\n|-supereffective|p2b: Teracotta\n|-damage|p2b: Teracotta|65\/100\n|-start|p2b: Teracotta|Salt Cure\n|\n|-damage|p2b: Teracotta|52\/100|[from] Salt Cure\n|upkeep\n|\n|t:|1682381807\n|switch|p2a: Feeling Hungover?|Skeledirge, L50, F|100\/100\n|turn|3\n|\n|t:|1682381820\n|-terastallize|p2a: Feeling Hungover?|Fairy\n|move|p1b: Annihilape|Protect|p1b: Annihilape\n|-singleturn|p1b: Annihilape|Protect\n|move|p2b: Teracotta|Ice Spinner|p1b: Annihilape\n|-activate|p1b: Annihilape|move: Protect\n|move|p2a: Feeling Hungover?|Yawn|p1a: Garganacl\n|-immune|p1a: Garganacl|[from] ability: Purifying Salt\n|move|p1a: Garganacl|Salt Cure|p2a: Feeling Hungover?\n|-damage|p2a: Feeling Hungover?|83\/100\n|-start|p2a: Feeling Hungover?|Salt Cure\n|\n|-damage|p2b: Teracotta|40\/100|[from] Salt Cure\n|-damage|p2a: Feeling Hungover?|71\/100|[from] Salt Cure\n|upkeep\n|turn|4\n|j| idontknow25\n|\n|t:|1682381841\n|move|p2b: Teracotta|Ice Spinner|p1b: Annihilape\n|-damage|p1b: Annihilape|0 fnt\n|faint|p1b: Annihilape\n|move|p2a: Feeling Hungover?|Torch Song|p1a: Garganacl\n|-resisted|p1a: Garganacl\n|-damage|p1a: Garganacl|90\/100\n|-boost|p2a: Feeling Hungover?|spa|1\n|move|p1a: Garganacl|Salt Cure|p2b: Teracotta\n|-supereffective|p2b: Teracotta\n|-damage|p2b: Teracotta|2\/100\n|\n|-heal|p1a: Garganacl|96\/100|[from] item: Leftovers\n|-damage|p2b: Teracotta|0 fnt|[from] Salt Cure\n|faint|p2b: Teracotta\n|-damage|p2a: Feeling Hungover?|59\/100|[from] Salt Cure\n|upkeep\n|inactive|YouSlakingBro has 30 seconds left.\n|inactive|YouSlakingBro has 20 seconds left.\n|\n|t:|1682381878\n|switch|p2b: Worm|Orthworm, L50, F|100\/100\n|switch|p1b: Iron Bundle|Iron Bundle, L50|100\/100\n|-enditem|p1b: Iron Bundle|Booster Energy\n|-activate|p1b: Iron Bundle|ability: Quark Drive|[fromitem]\n|-start|p1b: Iron Bundle|quarkdrivespe\n|turn|5\n|\n|t:|1682381896\n|move|p1b: Iron Bundle|Protect|p1b: Iron Bundle\n|-singleturn|p1b: Iron Bundle|Protect\n|move|p2a: Feeling Hungover?|Torch Song|p1b: Iron Bundle\n|-activate|p1b: Iron Bundle|move: Protect\n|move|p2b: Worm|Heavy Slam|p1b: Iron Bundle\n|-activate|p1b: Iron Bundle|move: Protect\n|move|p1a: Garganacl|Salt Cure|p2b: Worm\n|-resisted|p2b: Worm\n|-damage|p2b: Worm|96\/100\n|-start|p2b: Worm|Salt Cure\n|\n|-heal|p1a: Garganacl|100\/100|[from] item: Leftovers\n|-damage|p2b: Worm|71\/100|[from] Salt Cure\n|-damage|p2a: Feeling Hungover?|46\/100|[from] Salt Cure\n|upkeep\n|turn|6\n|\n|t:|1682381912\n|move|p1b: Iron Bundle|Hydro Pump|p2a: Feeling Hungover?|[miss]\n|-miss|p1b: Iron Bundle|p2a: Feeling Hungover?\n|move|p2a: Feeling Hungover?|Torch Song|p1b: Iron Bundle\n|-damage|p1b: Iron Bundle|2\/100\n|-boost|p2a: Feeling Hungover?|spa|1\n|move|p2b: Worm|Heavy Slam|p1b: Iron Bundle\n|-damage|p1b: Iron Bundle|0 fnt\n|faint|p1b: Iron Bundle\n|-end|p1b: Iron Bundle|Quark Drive|[silent]\n|move|p1a: Garganacl|Fissure|p2a: Feeling Hungover?|[miss]\n|-miss|p1a: Garganacl|p2a: Feeling Hungover?\n|\n|-damage|p2b: Worm|46\/100|[from] Salt Cure\n|-damage|p2a: Feeling Hungover?|34\/100|[from] Salt Cure\n|upkeep\n|-enditem|p2b: Worm|Sitrus Berry|[eat]\n|-heal|p2b: Worm|71\/100|[from] item: Sitrus Berry\n|turn|7\n|j| ExpCake\n|\n|t:|1682381932\n|move|p1a: Garganacl|Protect|p1a: Garganacl\n|-singleturn|p1a: Garganacl|Protect\n|move|p2b: Worm|Iron Defense|p2b: Worm\n|-boost|p2b: Worm|def|2\n|move|p2a: Feeling Hungover?|Torch Song|p1a: Garganacl\n|-activate|p1a: Garganacl|move: Protect\n|\n|-damage|p2a: Feeling Hungover?|22\/100|[from] Salt Cure\n|-damage|p2b: Worm|46\/100|[from] Salt Cure\n|upkeep\n|turn|8\n|\n|t:|1682381940\n|move|p2b: Worm|Body Press|p1a: Garganacl\n|-supereffective|p1a: Garganacl\n|-damage|p1a: Garganacl|22\/100\n|move|p2a: Feeling Hungover?|Torch Song|p1a: Garganacl\n|-resisted|p1a: Garganacl\n|-damage|p1a: Garganacl|0 fnt\n|-boost|p2a: Feeling Hungover?|spa|1\n|faint|p1a: Garganacl\n|\n|win|YouSlakingBro\n|n|\u2606CatCookie01|catcookie01\n|n|\u2606YouSlakingBro|youslakingbro\n|n| idontknow25|idontknow25\n|n| ExpCake|expcake\n|c|\u2606CatCookie01|gg\n|l|\u2606CatCookie01\n|c|\u2606YouSlakingBro|gg\n","uploadtime":1682381951,"views":10,"p1id":"catcookie01","p2id":"youslakingbro","formatid":"gen9vgc2023regulationc","rating":0,"private":0,"password":""}