{"id":"gen9vgc2023regulationc-1855968315","p1":"Trap Jihad","p2":"April112","format":"[Gen 9] VGC 2023 Regulation C","log":"|j|\u2606Trap Jihad\n|j|\u2606April112\n|t:|1683009134\n|gametype|doubles\n|player|p1|Trap Jihad|striker|1457\n|player|p2|April112|170|1575\n|teamsize|p1|6\n|teamsize|p2|6\n|gen|9\n|tier|[Gen 9] VGC 2023 Regulation C\n|rated|\n|rule|Species Clause: Limit one of each Pok\u00e9mon\n|rule|Item Clause: Limit one of each item\n|clearpoke\n|poke|p1|Iron Bundle, L50|\n|poke|p1|Maushold-Four, L50|\n|poke|p1|Annihilape, L50, M|\n|poke|p1|Chi-Yu, L50|\n|poke|p1|Ting-Lu, L50|\n|poke|p1|Grimmsnarl, L50, M|\n|poke|p2|Iron Bundle, L50|\n|poke|p2|Amoonguss, L50, M|\n|poke|p2|Dragonite, L50, F|\n|poke|p2|Gholdengo, L50|\n|poke|p2|Chien-Pao, L50|\n|poke|p2|Tyranitar, L50, M|\n|teampreview|4\n|inactive|Battle timer is ON: inactive players will automatically lose when time's up. (requested by April112)\n|inactive|April112 has 60 seconds left.\n|\n|t:|1683009176\n|start\n|switch|p1a: Chi-Yu|Chi-Yu, L50|100\/100\n|switch|p1b: Iron Bundle|Iron Bundle, L50, shiny|100\/100\n|switch|p2a: Iron Bundle|Iron Bundle, L50|100\/100\n|switch|p2b: Gholdengo|Gholdengo, L50|100\/100\n|-ability|p1a: Chi-Yu|Beads of Ruin\n|-enditem|p2a: Iron Bundle|Booster Energy\n|-activate|p2a: Iron Bundle|ability: Quark Drive|[fromitem]\n|-start|p2a: Iron Bundle|quarkdrivespe\n|turn|1\n|\n|t:|1683009194\n|move|p2a: Iron Bundle|Protect|p2a: Iron Bundle\n|-singleturn|p2a: Iron Bundle|Protect\n|move|p2b: Gholdengo|Protect|p2b: Gholdengo\n|-singleturn|p2b: Gholdengo|Protect\n|move|p1b: Iron Bundle|Icy Wind|p2a: Iron Bundle|[spread] \n|-activate|p2a: Iron Bundle|move: Protect\n|-activate|p2b: Gholdengo|move: Protect\n|move|p1a: Chi-Yu|Heat Wave|p2a: Iron Bundle|[spread] \n|-activate|p2a: Iron Bundle|move: Protect\n|-activate|p2b: Gholdengo|move: Protect\n|\n|upkeep\n|turn|2\n|j| mpudi\n|inactive|April112 has 30 seconds left.\n|\n|t:|1683009222\n|-terastallize|p2b: Gholdengo|Water\n|move|p1b: Iron Bundle|Protect|p1b: Iron Bundle\n|-singleturn|p1b: Iron Bundle|Protect\n|move|p2a: Iron Bundle|Icy Wind|p1b: Iron Bundle|[spread] p1a\n|-activate|p1b: Iron Bundle|move: Protect\n|-resisted|p1a: Chi-Yu\n|-damage|p1a: Chi-Yu|89\/100\n|-unboost|p1a: Chi-Yu|spe|1\n|move|p2b: Gholdengo|Make It Rain|p1b: Iron Bundle|[spread] p1a\n|-activate|p1b: Iron Bundle|move: Protect\n|-resisted|p1a: Chi-Yu\n|-damage|p1a: Chi-Yu|62\/100\n|-unboost|p2b: Gholdengo|spa|1\n|move|p1a: Chi-Yu|Heat Wave|p2b: Gholdengo|[spread] p2a,p2b\n|-crit|p2a: Iron Bundle\n|-resisted|p2b: Gholdengo\n|-damage|p2a: Iron Bundle|0 fnt\n|-damage|p2b: Gholdengo|73\/100\n|faint|p2a: Iron Bundle\n|-end|p2a: Iron Bundle|Quark Drive|[silent]\n|\n|upkeep\n|j| 20m-hierophant\n|inactive|April112 has 30 seconds left.\n|\n|t:|1683009249\n|switch|p2a: Chien-Pao|Chien-Pao, L50|100\/100\n|-ability|p2a: Chien-Pao|Sword of Ruin\n|turn|3\n|\n|t:|1683009266\n|-terastallize|p1a: Chi-Yu|Fire\n|move|p2a: Chien-Pao|Protect|p2a: Chien-Pao\n|-singleturn|p2a: Chien-Pao|Protect\n|move|p1b: Iron Bundle|Icy Wind|p2b: Gholdengo|[spread] p2b\n|-activate|p2a: Chien-Pao|move: Protect\n|-resisted|p2b: Gholdengo\n|-crit|p2b: Gholdengo\n|-damage|p2b: Gholdengo|52\/100\n|move|p2b: Gholdengo|Make It Rain|p1b: Iron Bundle|[spread] p1a,p1b\n|-resisted|p1a: Chi-Yu\n|-damage|p1a: Chi-Yu|41\/100\n|-damage|p1b: Iron Bundle|23\/100\n|-unboost|p2b: Gholdengo|spa|1\n|move|p1a: Chi-Yu|Heat Wave|p2b: Gholdengo|[spread] \n|-activate|p2a: Chien-Pao|move: Protect\n|-miss|p1a: Chi-Yu|p2b: Gholdengo\n|\n|upkeep\n|turn|4\n|inactive|April112 has 30 seconds left.\n|\n|t:|1683009295\n|switch|p1a: Annihilape|Annihilape, L50, M, shiny|100\/100\n|move|p2a: Chien-Pao|Sucker Punch||[still]\n|-fail|p2a: Chien-Pao\n|move|p1b: Iron Bundle|Encore|p2a: Chien-Pao\n|-start|p2a: Chien-Pao|Encore\n|move|p2b: Gholdengo|Make It Rain|p1b: Iron Bundle|[spread] p1a,p1b\n|-damage|p1a: Annihilape|78\/100\n|-damage|p1b: Iron Bundle|0 fnt\n|-unboost|p2b: Gholdengo|spa|1\n|faint|p1b: Iron Bundle\n|-end|p1b: Iron Bundle|Quark Drive|[silent]\n|\n|-heal|p1a: Annihilape|84\/100|[from] item: Leftovers\n|upkeep\n|\n|t:|1683009308\n|switch|p1b: Ting-Lu|Ting-Lu, L50|100\/100\n|-ability|p1b: Ting-Lu|Vessel of Ruin\n|turn|5\n|\n|t:|1683009321\n|switch|p2a: Dragonite|Dragonite, L50, F|100\/100\n|move|p2b: Gholdengo|Protect|p2b: Gholdengo\n|-singleturn|p2b: Gholdengo|Protect\n|move|p1a: Annihilape|Bulk Up|p1a: Annihilape\n|-boost|p1a: Annihilape|atk|1\n|-boost|p1a: Annihilape|def|1\n|move|p1b: Ting-Lu|Heavy Slam|p2a: Dragonite\n|-damage|p2a: Dragonite|88\/100\n|\n|-heal|p1a: Annihilape|90\/100|[from] item: Leftovers\n|upkeep\n|turn|6\n|\n|t:|1683009341\n|switch|p2b: Chien-Pao|Chien-Pao, L50|100\/100\n|-ability|p2b: Chien-Pao|Sword of Ruin\n|move|p1a: Annihilape|Protect|p1a: Annihilape\n|-singleturn|p1a: Annihilape|Protect\n|move|p2a: Dragonite|Dragon Dance|p2a: Dragonite\n|-boost|p2a: Dragonite|atk|1\n|-boost|p2a: Dragonite|spe|1\n|move|p1b: Ting-Lu|Heavy Slam|p2b: Chien-Pao\n|-supereffective|p2b: Chien-Pao\n|-damage|p2b: Chien-Pao|23\/100\n|\n|-heal|p1a: Annihilape|96\/100|[from] item: Leftovers\n|upkeep\n|turn|7\n|inactive|April112 has 30 seconds left.\n|\n|t:|1683009367\n|move|p2b: Chien-Pao|Protect|p2b: Chien-Pao\n|-singleturn|p2b: Chien-Pao|Protect\n|move|p2a: Dragonite|Extreme Speed|p1b: Ting-Lu\n|-damage|p1b: Ting-Lu|64\/100\n|move|p1a: Annihilape|Rage Fist|p2a: Dragonite\n|-damage|p2a: Dragonite|7\/100\n|move|p1b: Ting-Lu|Heavy Slam|p2a: Dragonite\n|-damage|p2a: Dragonite|0 fnt\n|faint|p2a: Dragonite\n|\n|-heal|p1a: Annihilape|100\/100|[from] item: Leftovers\n|upkeep\n|\n|t:|1683009379\n|switch|p2a: Gholdengo|Gholdengo, L50, tera:Water|52\/100\n|turn|8\n|inactive|April112 has 30 seconds left.\n|\n|t:|1683009408\n|move|p2b: Chien-Pao|Sucker Punch|p1a: Annihilape\n|-damage|p1a: Annihilape|73\/100\n|move|p2a: Gholdengo|Shadow Ball|p1a: Annihilape\n|-supereffective|p1a: Annihilape\n|-damage|p1a: Annihilape|11\/100\n|move|p1a: Annihilape|Rage Fist|p2a: Gholdengo\n|-damage|p2a: Gholdengo|0 fnt\n|faint|p2a: Gholdengo\n|move|p1b: Ting-Lu|Stomping Tantrum|p2b: Chien-Pao\n|-damage|p2b: Chien-Pao|0 fnt\n|faint|p2b: Chien-Pao\n|\n|win|Trap Jihad\n|raw|Trap Jihad's rating: 1457 → 1484<\/strong> (+27 for winning)\n|raw|April112's rating: 1575 → 1548<\/strong> (-27 for losing)\n|l|\u2606April112\n|l| 20m-hierophant\n","uploadtime":1683009428,"views":19,"p1id":"trapjihad","p2id":"april112","formatid":"gen9vgc2023regulationc","rating":1484,"private":0,"password":""}