{"id":"gen9vgc2023regulationc-1851413440","p1":"CAmouFlase","p2":"rudyxkam","format":"[Gen 9] VGC 2023 Regulation C","log":"|j|\u2606CAmouFlase\n|j|\u2606rudyxkam\n|t:|1682443141\n|gametype|doubles\n|player|p1|CAmouFlase|nate|1155\n|player|p2|rudyxkam|gardenia|1155\n|teamsize|p1|6\n|teamsize|p2|6\n|gen|9\n|tier|[Gen 9] VGC 2023 Regulation C\n|rated|\n|rule|Species Clause: Limit one of each Pok\u00e9mon\n|rule|Item Clause: Limit one of each item\n|clearpoke\n|poke|p1|Garchomp, L50, M|\n|poke|p1|Scizor, L50, F|\n|poke|p1|Amoonguss, L50, M|\n|poke|p1|Rotom-Heat, L50|\n|poke|p1|Gyarados, L50, M|\n|poke|p1|Gardevoir, L50, F|\n|poke|p2|Gyarados, L50, M|\n|poke|p2|Talonflame, L50, M|\n|poke|p2|Baxcalibur, L50, F|\n|poke|p2|Corviknight, L50, M|\n|poke|p2|Ting-Lu, L50|\n|poke|p2|Flutter Mane, L50|\n|teampreview|4\n|inactive|Battle timer is ON: inactive players will automatically lose when time's up. (requested by rudyxkam)\n|c|\u2606rudyxkam|glhf!\nrudyxkam has agreed to open team sheets.\n|inactive|rudyxkam has 60 seconds left.\n|\n|t:|1682443189\n|start\n|switch|p1a: Rotom|Rotom-Heat, L50, shiny|100\/100\n|switch|p1b: Garchomp|Garchomp, L50, M|100\/100\n|switch|p2a: Gigan|Corviknight, L50, M, shiny|100\/100\n|switch|p2b: Rodan|Talonflame, L50, M, shiny|100\/100\n|turn|1\n|inactive|rudyxkam has 30 seconds left.\n|\n|t:|1682443215\n|-terastallize|p1a: Rotom|Electric\n|-terastallize|p2a: Gigan|Dragon\n|move|p2b: Rodan|Will-O-Wisp|p1b: Garchomp\n|-status|p1b: Garchomp|brn\n|move|p1b: Garchomp|Swords Dance|p1b: Garchomp\n|-boost|p1b: Garchomp|atk|2\n|move|p1a: Rotom|Discharge|p2b: Rodan|[spread] p2a,p2b\n|-immune|p1b: Garchomp\n|-resisted|p2a: Gigan\n|-supereffective|p2b: Rodan\n|-damage|p2a: Gigan|85\/100\n|-damage|p2b: Rodan|0 fnt\n|-status|p2a: Gigan|par\n|faint|p2b: Rodan\n|move|p2a: Gigan|Bulk Up|p2a: Gigan\n|-boost|p2a: Gigan|atk|1\n|-boost|p2a: Gigan|def|1\n|\n|-damage|p1b: Garchomp|95\/100 brn|[from] brn\n|upkeep\n|\n|t:|1682443225\n|switch|p2b: Shobijin|Flutter Mane, L50, shiny|100\/100\n|turn|2\n|\n|t:|1682443248\n|-end|p2b: Shobijin|Protosynthesis|[silent]\n|switch|p2b: Manda|Gyarados, L50, M, shiny|100\/100\n|-ability|p2b: Manda|Intimidate|boost\n|-unboost|p1a: Rotom|atk|1\n|-unboost|p1b: Garchomp|atk|1\n|move|p1b: Garchomp|Dragon Claw|p2a: Gigan\n|-supereffective|p2a: Gigan\n|-damage|p2a: Gigan|48\/100 par\n|-damage|p1b: Garchomp|85\/100 brn|[from] item: Life Orb\n|move|p1a: Rotom|Discharge|p2a: Gigan|[spread] p2a,p2b\n|-immune|p1b: Garchomp\n|-resisted|p2a: Gigan\n|-supereffective|p2b: Manda\n|-damage|p2a: Gigan|31\/100 par\n|-damage|p2b: Manda|0 fnt\n|faint|p2b: Manda\n|move|p2a: Gigan|Bulk Up|p2a: Gigan\n|-boost|p2a: Gigan|atk|1\n|-boost|p2a: Gigan|def|1\n|\n|-damage|p1b: Garchomp|79\/100 brn|[from] brn\n|upkeep\n|\n|t:|1682443261\n|switch|p2b: Shobijin|Flutter Mane, L50, shiny|100\/100\n|turn|3\n|\n|t:|1682443274\n|move|p2b: Shobijin|Dazzling Gleam|p1b: Garchomp|[spread] p1a,p1b\n|-supereffective|p1b: Garchomp\n|-damage|p1a: Rotom|37\/100\n|-damage|p1b: Garchomp|0 fnt\n|faint|p1b: Garchomp\n|move|p1a: Rotom|Discharge|p2b: Shobijin|[spread] p2a,p2b\n|-resisted|p2a: Gigan\n|-damage|p2a: Gigan|14\/100 par\n|-damage|p2b: Shobijin|58\/100\n|cant|p2a: Gigan|par\n|\n|upkeep\n|\n|t:|1682443287\n|switch|p1b: Scizor|Scizor, L50, F|100\/100\n|turn|4\n|c|\u2606rudyxkam|gg\n|\n|t:|1682443299\n|move|p2b: Shobijin|Dazzling Gleam|p1b: Scizor|[spread] p1a,p1b\n|-resisted|p1b: Scizor\n|-damage|p1a: Rotom|0 fnt\n|-damage|p1b: Scizor|73\/100\n|faint|p1a: Rotom\n|move|p1b: Scizor|Tailwind|p1b: Scizor\n|-sidestart|p1: CAmouFlase|move: Tailwind\n|move|p2a: Gigan|Brave Bird|p1b: Scizor\n|-damage|p1b: Scizor|0 fnt\n|faint|p1b: Scizor\n|-damage|p2a: Gigan|0 fnt|[from] Recoil\n|faint|p2a: Gigan\n|\n|upkeep\n|\n|t:|1682443315\n|switch|p1a: Gyarados|Gyarados, L50, M, shiny|100\/100\n|-ability|p1a: Gyarados|Intimidate|boost\n|-unboost|p2b: Shobijin|atk|1\n|turn|5\n|\n|t:|1682443322\n|move|p1a: Gyarados|Waterfall|p2b: Shobijin\n|-damage|p2b: Shobijin|6\/100\n|cant|p2b: Shobijin|flinch\n|\n|upkeep\n|turn|6\n|-message|rudyxkam forfeited.\n|\n|win|CAmouFlase\n|raw|CAmouFlase's rating: 1155 → 1180<\/strong> (+25 for winning)\n|raw|rudyxkam's rating: 1155 → 1130<\/strong> (-25 for losing)\n","uploadtime":1682443332,"views":12,"p1id":"camouflase","p2id":"rudyxkam","formatid":"gen9vgc2023regulationc","rating":1130,"private":0,"password":""}