{"id":"gen9vgc2023regulationc-1862201653","p1":"etaaan","p2":"kaicrowler","format":"[Gen 9] VGC 2023 Regulation C","log":"|j|\u2606etaaan\n|j|\u2606kaicrowler\n|t:|1683848785\n|gametype|doubles\n|player|p1|etaaan|102|1161\n|player|p2|kaicrowler|2|1178\n|teamsize|p1|6\n|teamsize|p2|6\n|gen|9\n|tier|[Gen 9] VGC 2023 Regulation C\n|rated|\n|rule|Species Clause: Limit one of each Pok\u00e9mon\n|rule|Item Clause: Limit one of each item\n|clearpoke\n|poke|p1|Arcanine, L50, M|\n|poke|p1|Flutter Mane, L50|\n|poke|p1|Ting-Lu, L50|\n|poke|p1|Rotom-Wash, L50|\n|poke|p1|Amoonguss, L50, M|\n|poke|p1|Baxcalibur, L50, F|\n|poke|p2|Dachsbun, L50, F|\n|poke|p2|Great Tusk, L50|\n|poke|p2|Chi-Yu, L50|\n|poke|p2|Flutter Mane, L50|\n|poke|p2|Lilligant, L50, F|\n|poke|p2|Torkoal, L50, M|\n|teampreview|4\netaaan has agreed to open team sheets.\n|\n|t:|1683848841\n|start\n|switch|p1a: Ting-Lu|Ting-Lu, L50|100\/100\n|switch|p1b: Amoonguss|Amoonguss, L50, M|100\/100\n|switch|p2a: Dachsbun|Dachsbun, L50, F|100\/100\n|switch|p2b: Torkoal|Torkoal, L50, M|100\/100\n|-ability|p1a: Ting-Lu|Vessel of Ruin\n|-weather|SunnyDay|[from] ability: Drought|[of] p2b: Torkoal\n|turn|1\n|\n|t:|1683848865\n|switch|p1b: Arcanine|Arcanine, L50, M|100\/100\n|-ability|p1b: Arcanine|Intimidate|boost\n|-unboost|p2a: Dachsbun|atk|1\n|-unboost|p2b: Torkoal|atk|1\n|move|p2a: Dachsbun|Body Press|p1a: Ting-Lu\n|-supereffective|p1a: Ting-Lu\n|-damage|p1a: Ting-Lu|75\/100\n|move|p1a: Ting-Lu|Fissure|p2b: Torkoal\n|-damage|p2b: Torkoal|0 fnt\n|faint|p2b: Torkoal\n|-ohko\n|\n|-weather|SunnyDay|[upkeep]\n|upkeep\n|\n|t:|1683848881\n|switch|p2b: Great Tusk|Great Tusk, L50|100\/100\n|-activate|p2b: Great Tusk|ability: Protosynthesis\n|-start|p2b: Great Tusk|protosynthesisatk\n|turn|2\n|\n|t:|1683848908\n|switch|p1a: Flutter Mane|Flutter Mane, L50|100\/100\n|-activate|p1a: Flutter Mane|ability: Protosynthesis\n|-start|p1a: Flutter Mane|protosynthesisspe\n|move|p1b: Arcanine|Protect|p1b: Arcanine\n|-singleturn|p1b: Arcanine|Protect\n|move|p2b: Great Tusk|Earthquake|p1a: Flutter Mane|[spread] p2a,p1a\n|-activate|p1b: Arcanine|move: Protect\n|-damage|p2a: Dachsbun|46\/100\n|-damage|p1a: Flutter Mane|0 fnt\n|faint|p1a: Flutter Mane\n|-end|p1a: Flutter Mane|Protosynthesis|[silent]\n|move|p2a: Dachsbun|Body Press|p1b: Arcanine\n|-activate|p1b: Arcanine|move: Protect\n|\n|-weather|SunnyDay|[upkeep]\n|upkeep\n|\n|t:|1683848923\n|switch|p1a: Ting-Lu|Ting-Lu, L50|75\/100\n|-ability|p1a: Ting-Lu|Vessel of Ruin\n|turn|3\n|\n|t:|1683848973\n|-end|p2b: Great Tusk|Protosynthesis|[silent]\n|switch|p2b: Chi-Yu|Chi-Yu, L50|100\/100\n|-ability|p2b: Chi-Yu|Beads of Ruin\n|move|p2a: Dachsbun|Body Press|p1a: Ting-Lu\n|-supereffective|p1a: Ting-Lu\n|-damage|p1a: Ting-Lu|49\/100\n|move|p1b: Arcanine|Will-O-Wisp|p2b: Chi-Yu\n|-immune|p2b: Chi-Yu\n|move|p1a: Ting-Lu|Fissure|p2b: Chi-Yu\n|-damage|p2b: Chi-Yu|0 fnt\n|faint|p2b: Chi-Yu\n|-ohko\n|\n|-weather|SunnyDay|[upkeep]\n|upkeep\n|c|\u2606kaicrowler|wtffffffffff\n|\n|t:|1683848991\n|switch|p2b: Great Tusk|Great Tusk, L50|100\/100\n|-activate|p2b: Great Tusk|ability: Protosynthesis\n|-start|p2b: Great Tusk|protosynthesisatk\n|turn|4\n|\n|t:|1683849006\n|move|p1b: Arcanine|Protect|p1b: Arcanine\n|-singleturn|p1b: Arcanine|Protect\n|move|p2b: Great Tusk|Rock Slide|p1a: Ting-Lu|[spread] p1a\n|-activate|p1b: Arcanine|move: Protect\n|-resisted|p1a: Ting-Lu\n|-damage|p1a: Ting-Lu|40\/100\n|move|p2a: Dachsbun|Body Press|p1a: Ting-Lu\n|-supereffective|p1a: Ting-Lu\n|-damage|p1a: Ting-Lu|12\/100\n|cant|p1a: Ting-Lu|flinch\n|\n|-weather|SunnyDay|[upkeep]\n|upkeep\n|turn|5\n|\n|t:|1683849042\n|move|p2b: Great Tusk|Rock Slide|p1b: Arcanine|[spread] p1a,p1b\n|-resisted|p1a: Ting-Lu\n|-supereffective|p1b: Arcanine\n|-damage|p1a: Ting-Lu|4\/100\n|-damage|p1b: Arcanine|44\/100\n|move|p2a: Dachsbun|Stomping Tantrum|p1a: Ting-Lu\n|-damage|p1a: Ting-Lu|0 fnt\n|faint|p1a: Ting-Lu\n|move|p1b: Arcanine|Will-O-Wisp|p2b: Great Tusk\n|-status|p2b: Great Tusk|brn\n|\n|-weather|none\n|-end|p2b: Great Tusk|Protosynthesis\n|-damage|p2b: Great Tusk|95\/100 brn|[from] brn\n|upkeep\n|\n|t:|1683849054\n|switch|p1a: Amoonguss|Amoonguss, L50, M|100\/100\n|turn|6\n|\n|t:|1683849082\n|move|p2b: Great Tusk|Rock Slide|p1a: Amoonguss|[spread] p1a\n|-miss|p2b: Great Tusk|p1b: Arcanine\n|-damage|p1a: Amoonguss|91\/100\n|move|p1b: Arcanine|Play Rough|p2b: Great Tusk\n|-supereffective|p2b: Great Tusk\n|-damage|p2b: Great Tusk|59\/100 brn\n|move|p2a: Dachsbun|Psychic Fangs|p1a: Amoonguss\n|-supereffective|p1a: Amoonguss\n|-damage|p1a: Amoonguss|73\/100\n|cant|p1a: Amoonguss|flinch\n|\n|-damage|p2b: Great Tusk|53\/100 brn|[from] brn\n|upkeep\n|turn|7\n|c|\u2606etaaan|piss\n|\n|t:|1683849109\n|-terastallize|p2b: Great Tusk|Ground\n|move|p1a: Amoonguss|Rage Powder|p1a: Amoonguss\n|-singleturn|p1a: Amoonguss|move: Rage Powder\n|move|p2b: Great Tusk|Rock Slide|p1b: Arcanine|[spread] p1b\n|-miss|p2b: Great Tusk|p1a: Amoonguss\n|-supereffective|p1b: Arcanine\n|-damage|p1b: Arcanine|20\/100\n|cant|p1b: Arcanine|flinch\n|move|p2a: Dachsbun|Body Press|p1a: Amoonguss\n|-resisted|p1a: Amoonguss\n|-damage|p1a: Amoonguss|64\/100\n|\n|-damage|p2b: Great Tusk|48\/100 brn|[from] brn\n|upkeep\n|turn|8\n|c|\u2606etaaan|piss again\n|\n|t:|1683849141\n|move|p2b: Great Tusk|Rock Slide|p1a: Amoonguss|[spread] p1a,p1b\n|-supereffective|p1b: Arcanine\n|-damage|p1a: Amoonguss|54\/100\n|-damage|p1b: Arcanine|0 fnt\n|faint|p1b: Arcanine\n|move|p2a: Dachsbun|Psychic Fangs|p1a: Amoonguss\n|-supereffective|p1a: Amoonguss\n|-damage|p1a: Amoonguss|35\/100\n|move|p1a: Amoonguss|Pollen Puff|p1: Arcanine|[notarget]\n|-fail|p1a: Amoonguss\n|\n|-damage|p2b: Great Tusk|42\/100 brn|[from] brn\n|upkeep\n|turn|9\n|\n|t:|1683849160\n|move|p2b: Great Tusk|Rock Slide|p1a: Amoonguss\n|-damage|p1a: Amoonguss|23\/100\n|-enditem|p1a: Amoonguss|Aguav Berry|[eat]\n|-heal|p1a: Amoonguss|56\/100|[from] item: Aguav Berry\n|move|p2a: Dachsbun|Psychic Fangs|p1a: Amoonguss\n|-supereffective|p1a: Amoonguss\n|-damage|p1a: Amoonguss|36\/100\n|move|p1a: Amoonguss|Grass Knot|p2b: Great Tusk\n|-supereffective|p2b: Great Tusk\n|-damage|p2b: Great Tusk|0 fnt\n|faint|p2b: Great Tusk\n|-end|p2b: Great Tusk|Protosynthesis|[silent]\n|\n|upkeep\n|turn|10\n|\n|t:|1683849224\n|move|p2a: Dachsbun|Psychic Fangs|p1a: Amoonguss\n|-supereffective|p1a: Amoonguss\n|-damage|p1a: Amoonguss|18\/100\n|move|p1a: Amoonguss|Spore|p2a: Dachsbun\n|-status|p2a: Dachsbun|slp|[from] move: Spore\n|\n|upkeep\n|turn|11\n|\n|t:|1683849238\n|cant|p2a: Dachsbun|slp\n|move|p1a: Amoonguss|Pollen Puff|p2a: Dachsbun\n|-resisted|p2a: Dachsbun\n|-damage|p2a: Dachsbun|40\/100 slp\n|\n|upkeep\n|turn|12\n|\n|t:|1683849247\n|-terastallize|p1a: Amoonguss|Grass\n|cant|p2a: Dachsbun|slp\n|move|p1a: Amoonguss|Grass Knot|p2a: Dachsbun\n|-damage|p2a: Dachsbun|30\/100 slp\n|\n|upkeep\n|turn|13\n|\n|t:|1683849256\n|cant|p2a: Dachsbun|slp\n|move|p1a: Amoonguss|Grass Knot|p2a: Dachsbun\n|-damage|p2a: Dachsbun|22\/100 slp\n|\n|upkeep\n|turn|14\n|\n|t:|1683849265\n|-curestatus|p2a: Dachsbun|slp|[msg]\n|move|p2a: Dachsbun|Psychic Fangs|p1a: Amoonguss\n|-damage|p1a: Amoonguss|9\/100\n|-status|p2a: Dachsbun|slp|[from] ability: Effect Spore|[of] p1a: Amoonguss\n|move|p1a: Amoonguss|Grass Knot|p2a: Dachsbun\n|-damage|p2a: Dachsbun|12\/100 slp\n|\n|upkeep\n|turn|15\n|\n|t:|1683849276\n|cant|p2a: Dachsbun|slp\n|move|p1a: Amoonguss|Grass Knot|p2a: Dachsbun\n|-damage|p2a: Dachsbun|2\/100 slp\n|\n|upkeep\n|turn|16\n|\n|t:|1683849283\n|cant|p2a: Dachsbun|slp\n|move|p1a: Amoonguss|Grass Knot|p2a: Dachsbun\n|-damage|p2a: Dachsbun|0 fnt\n|faint|p2a: Dachsbun\n|\n|win|etaaan\n|raw|etaaan's rating: 1161 → 1187<\/strong> (+26 for winning)\n|raw|kaicrowler's rating: 1178 → 1152<\/strong> (-26 for losing)\n|c|\u2606etaaan|gg\n|c|\u2606kaicrowler|ggggggggggggggggg\n|l|\u2606kaicrowler\n","uploadtime":1683849317,"views":8,"p1id":"etaaan","p2id":"kaicrowler","formatid":"gen9vgc2023regulationc","rating":1152,"private":0,"password":""}