{"id":"gen9vgc2023regulationc-1855092188","p1":"pgdraxos","p2":"Holacucu","format":"[Gen 9] VGC 2023 Regulation C","log":"|j|\u2606pgdraxos\n|j|\u2606Holacucu\n|t:|1682900311\n|gametype|doubles\n|player|p1|pgdraxos|steven|1066\n|player|p2|Holacucu|swimmer|1087\n|teamsize|p1|6\n|teamsize|p2|6\n|gen|9\n|tier|[Gen 9] VGC 2023 Regulation C\n|rated|\n|rule|Species Clause: Limit one of each Pok\u00e9mon\n|rule|Item Clause: Limit one of each item\n|clearpoke\n|poke|p1|Ceruledge, L50, F|\n|poke|p1|Gyarados, L50, F|\n|poke|p1|Flutter Mane, L50|\n|poke|p1|Baxcalibur, L50, M|\n|poke|p1|Chien-Pao, L50|\n|poke|p1|Amoonguss, L50, F|\n|poke|p2|Kilowattrel, L50, M|\n|poke|p2|Chi-Yu, L50|\n|poke|p2|Amoonguss, L50, M|\n|poke|p2|Mimikyu, L50, M|\n|poke|p2|Iron Bundle, L50|\n|poke|p2|Grafaiai, L50, F|\n|teampreview|4\npgdraxos has agreed to open team sheets.\n|\n|t:|1682900358\n|start\n|switch|p1a: Ceruledge|Ceruledge, L50, F|100\/100\n|switch|p1b: Amoonguss|Amoonguss, L50, F|100\/100\n|switch|p2a: Kilowattrel|Kilowattrel, L50, M|100\/100\n|switch|p2b: Iron Bundle|Iron Bundle, L50|100\/100\n|-enditem|p2b: Iron Bundle|Booster Energy\n|-activate|p2b: Iron Bundle|ability: Quark Drive|[fromitem]\n|-start|p2b: Iron Bundle|quarkdrivespe\n|turn|1\n|inactive|Battle timer is ON: inactive players will automatically lose when time's up. (requested by pgdraxos)\n|\n|t:|1682900374\n|move|p1b: Amoonguss|Rage Powder|p1b: Amoonguss\n|-singleturn|p1b: Amoonguss|move: Rage Powder\n|move|p2b: Iron Bundle|Air Cutter|p1a: Ceruledge|[spread] p1a,p1b\n|-supereffective|p1b: Amoonguss\n|-damage|p1a: Ceruledge|91\/100\n|-damage|p1b: Amoonguss|77\/100\n|move|p2a: Kilowattrel|Tailwind|p2a: Kilowattrel\n|-sidestart|p2: Holacucu|move: Tailwind\n|move|p1a: Ceruledge|Close Combat|p2b: Iron Bundle\n|-supereffective|p2b: Iron Bundle\n|-damage|p2b: Iron Bundle|10\/100\n|-unboost|p1a: Ceruledge|def|1\n|-unboost|p1a: Ceruledge|spd|1\n|\n|upkeep\n|turn|2\n|\n|t:|1682900393\n|move|p1b: Amoonguss|Rage Powder|p1b: Amoonguss\n|-singleturn|p1b: Amoonguss|move: Rage Powder\n|move|p1a: Ceruledge|Shadow Sneak|p2b: Iron Bundle\n|-damage|p2b: Iron Bundle|0 fnt\n|faint|p2b: Iron Bundle\n|-end|p2b: Iron Bundle|Quark Drive|[silent]\n|move|p2a: Kilowattrel|Air Cutter|p1a: Ceruledge|[spread] p1a,p1b\n|-supereffective|p1b: Amoonguss\n|-damage|p1a: Ceruledge|69\/100\n|-damage|p1b: Amoonguss|35\/100\n|-enditem|p1b: Amoonguss|Sitrus Berry|[eat]\n|-heal|p1b: Amoonguss|60\/100|[from] item: Sitrus Berry\n|\n|upkeep\n|\n|t:|1682900404\n|switch|p2b: Chi-Yu|Chi-Yu, L50|100\/100\n|-ability|p2b: Chi-Yu|Beads of Ruin\n|turn|3\n|\n|t:|1682900413\n|-terastallize|p1b: Amoonguss|Water\n|move|p1b: Amoonguss|Rage Powder|p1b: Amoonguss\n|-singleturn|p1b: Amoonguss|move: Rage Powder\n|move|p2a: Kilowattrel|Air Cutter|p1b: Amoonguss|[spread] p1a,p1b\n|-damage|p1a: Ceruledge|41\/100\n|-damage|p1b: Amoonguss|34\/100\n|move|p2b: Chi-Yu|Nasty Plot|p2b: Chi-Yu\n|-boost|p2b: Chi-Yu|spa|2\n|move|p1a: Ceruledge|Close Combat|p2b: Chi-Yu\n|-supereffective|p2b: Chi-Yu\n|-damage|p2b: Chi-Yu|0 fnt\n|-unboost|p1a: Ceruledge|def|1\n|-unboost|p1a: Ceruledge|spd|1\n|faint|p2b: Chi-Yu\n|\n|upkeep\n|\n|t:|1682900429\n|switch|p2b: Mimikyu|Mimikyu, L50, M|100\/100\n|turn|4\n|\n|t:|1682900438\n|move|p1a: Ceruledge|Shadow Sneak|p2b: Mimikyu\n|-activate|p2b: Mimikyu|ability: Disguise\n|-damage|p2b: Mimikyu|100\/100\n|detailschange|p2b: Mimikyu|Mimikyu-Busted, L50, M\n|-damage|p2b: Mimikyu|88\/100|[from] pokemon: Mimikyu-Busted\n|move|p2a: Kilowattrel|Air Cutter|p1b: Amoonguss|[spread] p1b\n|-miss|p2a: Kilowattrel|p1a: Ceruledge\n|-damage|p1b: Amoonguss|16\/100\n|move|p2b: Mimikyu|Wood Hammer|p1b: Amoonguss\n|-supereffective|p1b: Amoonguss\n|-damage|p1b: Amoonguss|0 fnt\n|faint|p1b: Amoonguss\n|-damage|p2b: Mimikyu|80\/100|[from] Recoil\n|\n|-sideend|p2: Holacucu|move: Tailwind\n|upkeep\n|\n|t:|1682900450\n|switch|p1b: Chien-Pao|Chien-Pao, L50|100\/100\n|-ability|p1b: Chien-Pao|Sword of Ruin\n|turn|5\n|\n|t:|1682900467\n|switch|p1a: Baxcalibur|Baxcalibur, L50, M, shiny|100\/100\n|move|p1b: Chien-Pao|Sucker Punch|p2b: Mimikyu\n|-damage|p2b: Mimikyu|10\/100\n|move|p2a: Kilowattrel|Air Cutter|p1a: Baxcalibur|[spread] p1a,p1b\n|-crit|p1a: Baxcalibur\n|-damage|p1a: Baxcalibur|73\/100\n|-damage|p1b: Chien-Pao|69\/100\n|move|p2b: Mimikyu|Play Rough|p1b: Chien-Pao\n|-supereffective|p1b: Chien-Pao\n|-damage|p1b: Chien-Pao|0 fnt\n|faint|p1b: Chien-Pao\n|\n|upkeep\n|\n|t:|1682900477\n|switch|p1b: Ceruledge|Ceruledge, L50, F|41\/100\n|turn|6\n|\n|t:|1682900490\n|-terastallize|p2b: Mimikyu|Grass\n|move|p1a: Baxcalibur|Ice Shard|p2a: Kilowattrel\n|-supereffective|p2a: Kilowattrel\n|-enditem|p2a: Kilowattrel|Focus Sash\n|-damage|p2a: Kilowattrel|1\/100\n|-damage|p1a: Baxcalibur|64\/100|[from] item: Life Orb\n|move|p1b: Ceruledge|Shadow Sneak|p2b: Mimikyu\n|-damage|p2b: Mimikyu|0 fnt\n|faint|p2b: Mimikyu\n|move|p2a: Kilowattrel|Thunderbolt|p1a: Baxcalibur\n|-resisted|p1a: Baxcalibur\n|-damage|p1a: Baxcalibur|46\/100\n|\n|upkeep\n|turn|7\n|-message|Holacucu forfeited.\n|\n|win|pgdraxos\n|raw|pgdraxos's rating: 1066 → 1098<\/strong> (+32 for winning)\n|raw|Holacucu's rating: 1087 → 1063<\/strong> (-24 for losing)\n|l|\u2606Holacucu\n","uploadtime":1682900517,"views":8,"p1id":"pgdraxos","p2id":"holacucu","formatid":"gen9vgc2023regulationc","rating":1063,"private":0,"password":""}