{"id":"gen9vgc2023regulationc-1852962888","p1":"slipperydanger","p2":"smksell","format":"[Gen 9] VGC 2023 Regulation C","log":"|j|\u2606slipperydanger\n|j|\u2606smksell\n|t:|1682621004\n|gametype|doubles\n|player|p1|slipperydanger|2|1211\n|player|p2|smksell|169|1125\n|teamsize|p1|6\n|teamsize|p2|6\n|gen|9\n|tier|[Gen 9] VGC 2023 Regulation C\n|rated|\n|rule|Species Clause: Limit one of each Pok\u00e9mon\n|rule|Item Clause: Limit one of each item\n|clearpoke\n|poke|p1|Palafin, L50, F|\n|poke|p1|Arcanine, L50, M|\n|poke|p1|Flutter Mane, L50|\n|poke|p1|Ting-Lu, L50|\n|poke|p1|Amoonguss, L50, F|\n|poke|p1|Baxcalibur, L50, M|\n|poke|p2|Chi-Yu, L50|\n|poke|p2|Flutter Mane, L50|\n|poke|p2|Wo-Chien, L50|\n|poke|p2|Gastrodon, L50, F|\n|poke|p2|Tyranitar, L50, M|\n|poke|p2|Scizor, L50, F|\n|teampreview|4\nslipperydanger has agreed to open team sheets.\n|inactive|Battle timer is ON: inactive players will automatically lose when time's up. (requested by smksell)\n|\n|t:|1682621064\n|start\n|switch|p1a: Ting-Lu|Ting-Lu, L50|100\/100\n|switch|p1b: Arcanine|Arcanine, L50, M|100\/100\n|switch|p2a: Tyranitar|Tyranitar, L50, M|100\/100\n|switch|p2b: Scizor|Scizor, L50, F|100\/100\n|-weather|Sandstorm|[from] ability: Sand Stream|[of] p2a: Tyranitar\n|-ability|p1b: Arcanine|Intimidate|boost\n|-unboost|p2a: Tyranitar|atk|1\n|-fail|p2b: Scizor|unboost|[from] item: Clear Amulet|[of] p2b: Scizor\n|-ability|p1a: Ting-Lu|Vessel of Ruin\n|turn|1\n|inactive|slipperydanger has 30 seconds left.\n|inactive|smksell has 30 seconds left.\n|inactive|slipperydanger has 20 seconds left.\n|inactive|slipperydanger has 15 seconds left.\n|\n|t:|1682621107\n|-terastallize|p2a: Tyranitar|Rock\n|move|p1b: Arcanine|Protect|p1b: Arcanine\n|-singleturn|p1b: Arcanine|Protect\n|move|p2a: Tyranitar|Rock Slide|p1b: Arcanine|[spread] p1a\n|-activate|p1b: Arcanine|move: Protect\n|-resisted|p1a: Ting-Lu\n|-damage|p1a: Ting-Lu|93\/100\n|move|p2b: Scizor|U-turn|p1a: Ting-Lu\n|-supereffective|p1a: Ting-Lu\n|-damage|p1a: Ting-Lu|45\/100\n|\n|t:|1682621119\n|switch|p2b: Wo-Chien|Wo-Chien, L50|100\/100|[from] U-turn\n|-ability|p2b: Wo-Chien|Tablets of Ruin\n|cant|p1a: Ting-Lu|flinch\n|\n|-weather|Sandstorm|[upkeep]\n|-damage|p2b: Wo-Chien|94\/100|[from] Sandstorm\n|-heal|p2b: Wo-Chien|100\/100|[from] item: Leftovers\n|upkeep\n|turn|2\n|inactive|slipperydanger has 30 seconds left.\n|\n|t:|1682621144\n|-terastallize|p1b: Arcanine|Grass\n|move|p2a: Tyranitar|Rock Slide|p1a: Ting-Lu|[spread] p1a,p1b\n|-resisted|p1a: Ting-Lu\n|-damage|p1a: Ting-Lu|38\/100\n|-damage|p1b: Arcanine|76\/100\n|move|p1b: Arcanine|Flare Blitz|p2b: Wo-Chien\n|-supereffective|p2b: Wo-Chien\n|-damage|p2b: Wo-Chien|40\/100\n|-damage|p1b: Arcanine|54\/100|[from] Recoil\n|move|p2b: Wo-Chien|Ruination|p1b: Arcanine|[miss]\n|-miss|p2b: Wo-Chien|p1b: Arcanine\n|move|p1a: Ting-Lu|Stomping Tantrum|p2a: Tyranitar\n|-supereffective|p2a: Tyranitar\n|-damage|p2a: Tyranitar|4\/100\n|\n|-weather|Sandstorm|[upkeep]\n|-damage|p2b: Wo-Chien|34\/100|[from] Sandstorm\n|-heal|p2b: Wo-Chien|40\/100|[from] item: Leftovers\n|upkeep\n|turn|3\n|inactive|slipperydanger has 30 seconds left.\n|inactive|slipperydanger has 20 seconds left.\n|inactive|slipperydanger has 15 seconds left.\n|inactive|slipperydanger has 10 seconds left.\n|\n|t:|1682621193\n|move|p1b: Arcanine|Protect|p1b: Arcanine\n|-singleturn|p1b: Arcanine|Protect\n|move|p2a: Tyranitar|Rock Slide|p1b: Arcanine|[spread] p1a\n|-activate|p1b: Arcanine|move: Protect\n|-resisted|p1a: Ting-Lu\n|-damage|p1a: Ting-Lu|31\/100\n|move|p2b: Wo-Chien|Leech Seed|p1a: Ting-Lu\n|-start|p1a: Ting-Lu|move: Leech Seed\n|move|p1a: Ting-Lu|Heavy Slam|p2a: Tyranitar\n|-supereffective|p2a: Tyranitar\n|-crit|p2a: Tyranitar\n|-damage|p2a: Tyranitar|0 fnt\n|faint|p2a: Tyranitar\n|\n|-weather|Sandstorm|[upkeep]\n|-damage|p2b: Wo-Chien|34\/100|[from] Sandstorm\n|-heal|p2b: Wo-Chien|40\/100|[from] item: Leftovers\n|-damage|p1a: Ting-Lu|19\/100|[from] Leech Seed|[of] p2b: Wo-Chien\n|-heal|p2b: Wo-Chien|55\/100|[silent]\n|upkeep\n|j| LasermanZ111\n|\n|t:|1682621215\n|switch|p2a: Chi-Yu|Chi-Yu, L50|100\/100\n|-ability|p2a: Chi-Yu|Beads of Ruin\n|turn|4\n|inactive|slipperydanger has 30 seconds left.\n|inactive|slipperydanger has 20 seconds left.\n|inactive|slipperydanger has 15 seconds left.\n|inactive|slipperydanger has 10 seconds left.\n|inactive|slipperydanger has 5 seconds left.\n|\n|t:|1682621268\n|switch|p1a: Baxcalibur|Baxcalibur, L50, M|100\/100\n|move|p1b: Arcanine|Flare Blitz|p2b: Wo-Chien\n|-supereffective|p2b: Wo-Chien\n|-damage|p2b: Wo-Chien|0 fnt\n|faint|p2b: Wo-Chien\n|-damage|p1b: Arcanine|34\/100|[from] Recoil\n|move|p2a: Chi-Yu|Heat Wave|p1b: Arcanine|[spread] p1a,p1b\n|-crit|p1a: Baxcalibur\n|-supereffective|p1b: Arcanine\n|-damage|p1a: Baxcalibur|26\/100\n|-damage|p1b: Arcanine|0 fnt\n|-ability|p1a: Baxcalibur|Thermal Exchange|boost\n|-boost|p1a: Baxcalibur|atk|1\n|faint|p1b: Arcanine\n|\n|-weather|Sandstorm|[upkeep]\n|-damage|p2a: Chi-Yu|94\/100|[from] Sandstorm\n|-damage|p1a: Baxcalibur|20\/100|[from] Sandstorm\n|upkeep\n|\n|t:|1682621286\n|switch|p1b: Ting-Lu|Ting-Lu, L50|19\/100\n|switch|p2b: Scizor|Scizor, L50, F|100\/100\n|-ability|p1b: Ting-Lu|Vessel of Ruin\n|turn|5\n|inactive|slipperydanger has 30 seconds left.\n|inactive|slipperydanger has 20 seconds left.\n|\n|t:|1682621325\n|move|p1a: Baxcalibur|Protect|p1a: Baxcalibur\n|-singleturn|p1a: Baxcalibur|Protect\n|move|p2b: Scizor|Bullet Punch|p1a: Baxcalibur\n|-activate|p1a: Baxcalibur|move: Protect\n|move|p2a: Chi-Yu|Heat Wave|p1b: Ting-Lu|[spread] p1b\n|-activate|p1a: Baxcalibur|move: Protect\n|-damage|p1b: Ting-Lu|3\/100\n|move|p1b: Ting-Lu|Fissure|p2b: Scizor|[miss]\n|-miss|p1b: Ting-Lu|p2b: Scizor\n|\n|-weather|none\n|upkeep\n|turn|6\n|c|\u2606slipperydanger|i threw\n|inactive|slipperydanger has 30 seconds left.\n|inactive|slipperydanger has 20 seconds left.\n|\n|t:|1682621363\n|switch|p1a: Flutter Mane|Flutter Mane, L50|100\/100\n|move|p2b: Scizor|Bullet Punch|p1b: Ting-Lu\n|-damage|p1b: Ting-Lu|0 fnt\n|faint|p1b: Ting-Lu\n|move|p2a: Chi-Yu|Heat Wave|p1a: Flutter Mane\n|-damage|p1a: Flutter Mane|27\/100\n|\n|upkeep\n|\n|t:|1682621373\n|switch|p1b: Baxcalibur|Baxcalibur, L50, M|20\/100\n|turn|7\n|\n|t:|1682621384\n|move|p2b: Scizor|Bullet Punch|p1a: Flutter Mane\n|-supereffective|p1a: Flutter Mane\n|-damage|p1a: Flutter Mane|0 fnt\n|faint|p1a: Flutter Mane\n|-end|p1a: Flutter Mane|Protosynthesis|[silent]\n|move|p2a: Chi-Yu|Heat Wave|p1b: Baxcalibur\n|-damage|p1b: Baxcalibur|0 fnt\n|faint|p1b: Baxcalibur\n|\n|win|smksell\n|raw|slipperydanger's rating: 1211 → 1180<\/strong> (-31 for losing)\n|raw|smksell's rating: 1125 → 1156<\/strong> (+31 for winning)\n|l|\u2606slipperydanger\n","uploadtime":1682621419,"views":3,"p1id":"slipperydanger","p2id":"smksell","formatid":"gen9vgc2023regulationc","rating":1156,"private":0,"password":""}