{"id":"gen9vgc2023regulationc-1849025034","p1":"s.daninja","p2":"Endruler","format":"[Gen 9] VGC 2023 Regulation C","log":"|j|\u2606s.daninja\n|j|\u2606Endruler\n|t:|1682140917\n|gametype|doubles\n|player|p1|s.daninja|iris-gen5bw2|1070\n|player|p2|Endruler|gentleman|1000\n|teamsize|p1|6\n|teamsize|p2|6\n|gen|9\n|tier|[Gen 9] VGC 2023 Regulation C\n|rated|\n|rule|Species Clause: Limit one of each Pok\u00e9mon\n|rule|Item Clause: Limit one of each item\n|clearpoke\n|poke|p1|Torkoal, L50, M|\n|poke|p1|Great Tusk, L50|\n|poke|p1|Annihilape, L50, M|\n|poke|p1|Rotom-Mow, L50|\n|poke|p1|Garchomp, L50, F|\n|poke|p1|Raichu, L50, M|\n|poke|p2|Torkoal, L50, F|\n|poke|p2|Lilligant, L50, F|\n|poke|p2|Brute Bonnet, L50|\n|poke|p2|Flutter Mane, L50|\n|poke|p2|Arcanine, L50, F|\n|poke|p2|Iron Hands, L50|\n|teampreview|4\n|inactive|Battle timer is ON: inactive players will automatically lose when time's up. (requested by Endruler)\n|\n|t:|1682140946\n|start\n|switch|p1a: Annihilape|Annihilape, L50, M|100\/100\n|switch|p1b: Raichu|Raichu, L50, M|100\/100\n|switch|p2a: Torkoal|Torkoal, L50, F, shiny|100\/100\n|switch|p2b: Lilligant|Lilligant, L50, F, shiny|100\/100\n|-weather|SunnyDay|[from] ability: Drought|[of] p2a: Torkoal\n|turn|1\n|inactive|Endruler has 30 seconds left.\n|\n|t:|1682140976\n|move|p1b: Raichu|Fake Out|p2b: Lilligant\n|-damage|p2b: Lilligant|87\/100\n|cant|p2b: Lilligant|flinch\n|move|p1a: Annihilape|Final Gambit|p2a: Torkoal\n|-damage|p2a: Torkoal|0 fnt\n|faint|p1a: Annihilape\n|faint|p2a: Torkoal\n|\n|-weather|SunnyDay|[upkeep]\n|upkeep\n|\n|t:|1682140989\n|switch|p1a: Rotom|Rotom-Mow, L50|100\/100\n|switch|p2a: Flutter Mane|Flutter Mane, L50, shiny|100\/100\n|-activate|p2a: Flutter Mane|ability: Protosynthesis\n|-start|p2a: Flutter Mane|protosynthesisspa\n|turn|2\n|\n|t:|1682141000\n|-terastallize|p2a: Flutter Mane|Fire\n|move|p2b: Lilligant|Sleep Powder|p1b: Raichu\n|-status|p1b: Raichu|slp|[from] move: Sleep Powder\n|move|p2a: Flutter Mane|Tera Blast|p1a: Rotom\n|-supereffective|p1a: Rotom\n|-damage|p1a: Rotom|0 fnt\n|faint|p1a: Rotom\n|cant|p1b: Raichu|slp\n|\n|-weather|SunnyDay|[upkeep]\n|upkeep\n|\n|t:|1682141009\n|switch|p1a: Garchomp|Garchomp, L50, F|100\/100\n|turn|3\n|\n|t:|1682141021\n|-end|p2a: Flutter Mane|Protosynthesis|[silent]\n|switch|p2a: Iron Hands|Iron Hands, L50, shiny|100\/100\n|move|p2b: Lilligant|Sleep Powder|p1a: Garchomp\n|-status|p1a: Garchomp|slp|[from] move: Sleep Powder\n|cant|p1b: Raichu|slp\n|cant|p1a: Garchomp|slp\n|\n|-weather|SunnyDay|[upkeep]\n|upkeep\n|turn|4\n|\n|t:|1682141035\n|move|p2b: Lilligant|Protect|p2b: Lilligant\n|-singleturn|p2b: Lilligant|Protect\n|cant|p1b: Raichu|slp\n|cant|p1a: Garchomp|slp\n|move|p2a: Iron Hands|Rock Slide|p1a: Garchomp|[spread] p1a,p1b\n|-resisted|p1a: Garchomp\n|-damage|p1a: Garchomp|82\/100 slp\n|-damage|p1b: Raichu|22\/100 slp\n|\n|-weather|SunnyDay|[upkeep]\n|upkeep\n|turn|5\n|\n|t:|1682141052\n|move|p2b: Lilligant|Leaf Storm|p1a: Garchomp|[miss]\n|-miss|p2b: Lilligant|p1a: Garchomp\n|-curestatus|p1b: Raichu|slp|[msg]\n|move|p1b: Raichu|Discharge|p2b: Lilligant|[spread] p2a,p2b\n|-immune|p1a: Garchomp\n|-resisted|p2a: Iron Hands\n|-resisted|p2b: Lilligant\n|-damage|p2a: Iron Hands|90\/100\n|-damage|p2b: Lilligant|70\/100\n|cant|p1a: Garchomp|slp\n|move|p2a: Iron Hands|Rock Slide|p1a: Garchomp|[spread] p1a,p1b\n|-resisted|p1a: Garchomp\n|-damage|p1a: Garchomp|66\/100 slp\n|-damage|p1b: Raichu|0 fnt\n|faint|p1b: Raichu\n|\n|-weather|none\n|upkeep\n|turn|6\n|inactive|s.daninja has 30 seconds left.\n|inactive|Endruler has 30 seconds left.\n|\n|t:|1682141084\n|-end|p2a: Iron Hands|Quark Drive|[silent]\n|switch|p2a: Flutter Mane|Flutter Mane, L50, shiny, tera:Fire|100\/100\n|-terastallize|p1a: Garchomp|Dragon\n|move|p2b: Lilligant|Protect|p2b: Lilligant\n|-singleturn|p2b: Lilligant|Protect\n|-curestatus|p1a: Garchomp|slp|[msg]\n|move|p1a: Garchomp|Earthquake|p2a: Flutter Mane|[spread] p2a\n|-activate|p2b: Lilligant|move: Protect\n|-supereffective|p2a: Flutter Mane\n|-damage|p2a: Flutter Mane|0 fnt\n|faint|p2a: Flutter Mane\n|-end|p2a: Flutter Mane|Protosynthesis|[silent]\n|\n|upkeep\n|\n|t:|1682141096\n|switch|p2a: Iron Hands|Iron Hands, L50, shiny|90\/100\n|turn|7\n|\n|t:|1682141107\n|move|p1a: Garchomp|Earthquake|p2b: Lilligant|[spread] p2a,p2b\n|-supereffective|p2a: Iron Hands\n|-resisted|p2b: Lilligant\n|-damage|p2a: Iron Hands|18\/100\n|-damage|p2b: Lilligant|22\/100\n|move|p2b: Lilligant|Sleep Powder|p1a: Garchomp\n|-status|p1a: Garchomp|slp|[from] move: Sleep Powder\n|move|p2a: Iron Hands|Brick Break|p1a: Garchomp\n|-damage|p1a: Garchomp|0 fnt\n|-damage|p2a: Iron Hands|6\/100|[from] ability: Rough Skin|[of] p1a: Garchomp\n|faint|p1a: Garchomp\n|\n|win|Endruler\n|raw|s.daninja's rating: 1070 → 1045<\/strong> (-25 for losing)\n|raw|Endruler's rating: 1000 → 1048<\/strong> (+48 for winning)\n|c|\u2606Endruler|Gg\n","uploadtime":1682141129,"views":11,"p1id":"sdaninja","p2id":"endruler","formatid":"gen9vgc2023regulationc","rating":1045,"private":0,"password":""}