{"id":"gen9vgc2023regulationc-1858016045","p1":"SavannahPandaVGC","p2":"xlntego","format":"[Gen 9] VGC 2023 Regulation C","log":"|j|\u2606SavannahPandaVGC\n|j|\u2606xlntego\n|t:|1683260699\n|gametype|doubles\n|player|p1|SavannahPandaVGC|2|1305\n|player|p2|xlntego|marshal|1394\n|teamsize|p1|6\n|teamsize|p2|6\n|gen|9\n|tier|[Gen 9] VGC 2023 Regulation C\n|rated|\n|rule|Species Clause: Limit one of each Pok\u00e9mon\n|rule|Item Clause: Limit one of each item\n|clearpoke\n|poke|p1|Flutter Mane, L50|\n|poke|p1|Iron Hands, L50|\n|poke|p1|Corviknight, L50, F|\n|poke|p1|Gyarados, L50, M|\n|poke|p1|Chi-Yu, L50|\n|poke|p1|Amoonguss, L50, M|\n|poke|p2|Iron Hands, L50|\n|poke|p2|Iron Bundle, L50|\n|poke|p2|Flutter Mane, L50|\n|poke|p2|Chi-Yu, L50|\n|poke|p2|Roaring Moon, L50|\n|poke|p2|Amoonguss, L50, M|\n|teampreview|4\nSavannahPandaVGC has agreed to open team sheets.\n|inactive|Battle timer is ON: inactive players will automatically lose when time's up. (requested by SavannahPandaVGC)\n|inactive|SavannahPandaVGC has 60 seconds left.\n|inactive|xlntego has 60 seconds left.\nxlntego has agreed to open team sheets.\n|inactive|SavannahPandaVGC has 30 seconds left.\n|\n|t:|1683260771\n|start\n|switch|p1a: Iron Hands|Iron Hands, L50|100\/100\n|switch|p1b: Flutter Mane|Flutter Mane, L50|100\/100\n|switch|p2a: Flutter Mane|Flutter Mane, L50|100\/100\n|switch|p2b: Iron Bundle|Iron Bundle, L50|100\/100\n|turn|1\n|inactive|SavannahPandaVGC has 30 seconds left.\n|inactive|xlntego has 30 seconds left.\n|inactive|SavannahPandaVGC has 20 seconds left.\n|\n|t:|1683260811\n|-terastallize|p1b: Flutter Mane|Fairy\n|move|p2b: Iron Bundle|Protect|p2b: Iron Bundle\n|-singleturn|p2b: Iron Bundle|Protect\n|move|p1a: Iron Hands|Fake Out|p2a: Flutter Mane\n|-immune|p2a: Flutter Mane\n|move|p2a: Flutter Mane|Moonblast|p1a: Iron Hands\n|-supereffective|p1a: Iron Hands\n|-damage|p1a: Iron Hands|50\/100\n|move|p1b: Flutter Mane|Moonblast|p2a: Flutter Mane\n|-damage|p2a: Flutter Mane|3\/100\n|-unboost|p2a: Flutter Mane|spa|1\n|\n|upkeep\n|turn|2\n|inactive|xlntego has 30 seconds left.\n|\n|t:|1683260841\n|-end|p1a: Iron Hands|Quark Drive|[silent]\n|switch|p1a: Amoonguss|Amoonguss, L50, M|100\/100\n|move|p2b: Iron Bundle|Hydro Pump|p1b: Flutter Mane|[miss]\n|-miss|p2b: Iron Bundle|p1b: Flutter Mane\n|move|p2a: Flutter Mane|Moonblast|p1a: Amoonguss\n|-resisted|p1a: Amoonguss\n|-damage|p1a: Amoonguss|87\/100\n|-unboost|p1a: Amoonguss|spa|1\n|move|p1b: Flutter Mane|Moonblast|p2a: Flutter Mane\n|-damage|p2a: Flutter Mane|0 fnt\n|faint|p2a: Flutter Mane\n|-end|p2a: Flutter Mane|Protosynthesis|[silent]\n|\n|upkeep\n|\n|t:|1683260854\n|switch|p2a: Fungus|Amoonguss, L50, M, shiny|100\/100\n|turn|3\n|\n|t:|1683260870\n|-end|p1b: Flutter Mane|Protosynthesis|[silent]\n|switch|p1b: Iron Hands|Iron Hands, L50|50\/100\n|move|p2b: Iron Bundle|Protect|p2b: Iron Bundle\n|-singleturn|p2b: Iron Bundle|Protect\n|move|p1a: Amoonguss|Spore|p2b: Iron Bundle\n|-activate|p2b: Iron Bundle|move: Protect\n|move|p2a: Fungus|Spore|p1b: Iron Hands\n|-status|p1b: Iron Hands|slp|[from] move: Spore\n|\n|upkeep\n|turn|4\n|\n|t:|1683260894\n|cant|p1b: Iron Hands|slp\n|move|p2b: Iron Bundle|Freeze-Dry|p1a: Amoonguss\n|-supereffective|p1a: Amoonguss\n|-damage|p1a: Amoonguss|27\/100\n|-status|p1a: Amoonguss|frz\n|-enditem|p1a: Amoonguss|Sitrus Berry|[eat]\n|-heal|p1a: Amoonguss|52\/100 frz|[from] item: Sitrus Berry\n|move|p2a: Fungus|Pollen Puff|p1b: Iron Hands\n|-resisted|p1b: Iron Hands\n|-damage|p1b: Iron Hands|46\/100 slp\n|cant|p1a: Amoonguss|frz\n|\n|upkeep\n|turn|5\n|inactive|SavannahPandaVGC has 30 seconds left.\n|\n|t:|1683260923\n|move|p2a: Fungus|Rage Powder|p2a: Fungus\n|-singleturn|p2a: Fungus|move: Rage Powder\n|move|p2b: Iron Bundle|Freeze-Dry|p1a: Amoonguss\n|-supereffective|p1a: Amoonguss\n|-damage|p1a: Amoonguss|0 fnt\n|faint|p1a: Amoonguss\n|cant|p1b: Iron Hands|slp\n|\n|upkeep\n|\n|t:|1683260930\n|switch|p1a: Gyarados|Gyarados, L50, M|100\/100\n|-ability|p1a: Gyarados|Intimidate|boost\n|-unboost|p2a: Fungus|atk|1\n|-unboost|p2b: Iron Bundle|atk|1\n|turn|6\n|\n|t:|1683260953\n|move|p1a: Gyarados|Protect|p1a: Gyarados\n|-singleturn|p1a: Gyarados|Protect\n|move|p2a: Fungus|Rage Powder|p2a: Fungus\n|-singleturn|p2a: Fungus|move: Rage Powder\n|move|p2b: Iron Bundle|Hydro Pump|p1b: Iron Hands\n|-crit|p1b: Iron Hands\n|-damage|p1b: Iron Hands|0 fnt\n|faint|p1b: Iron Hands\n|-end|p1b: Iron Hands|Quark Drive|[silent]\n|\n|upkeep\n|\n|t:|1683260961\n|switch|p1b: Flutter Mane|Flutter Mane, L50, tera:Fairy|100\/100\n|turn|7\n|\n|t:|1683260979\n|move|p2b: Iron Bundle|Protect|p2b: Iron Bundle\n|-singleturn|p2b: Iron Bundle|Protect\n|move|p1b: Flutter Mane|Moonblast|p2b: Iron Bundle\n|-activate|p2b: Iron Bundle|move: Protect\n|move|p1a: Gyarados|Taunt|p2a: Fungus\n|-start|p2a: Fungus|move: Taunt\n|cant|p2a: Fungus|move: Taunt|Spore\n|\n|upkeep\n|turn|8\n|inactive|SavannahPandaVGC has 30 seconds left.\n|inactive|SavannahPandaVGC has 20 seconds left.\n|\n|t:|1683261015\n|-end|p2b: Iron Bundle|Quark Drive|[silent]\n|switch|p2b: Iron Hands|Iron Hands, L50|100\/100\n|move|p1b: Flutter Mane|Moonblast|p2b: Iron Hands\n|-supereffective|p2b: Iron Hands\n|-damage|p2b: Iron Hands|0 fnt\n|faint|p2b: Iron Hands\n|-end|p2b: Iron Hands|Quark Drive|[silent]\n|move|p1a: Gyarados|Thunder Wave|p2a: Fungus|[miss]\n|-miss|p1a: Gyarados|p2a: Fungus\n|move|p2a: Fungus|Pollen Puff|p2: Iron Hands|[notarget]\n|-fail|p2a: Fungus\n|\n|upkeep\n|\n|t:|1683261025\n|switch|p2b: Iron Bundle|Iron Bundle, L50|100\/100\n|turn|9\n|\n|t:|1683261035\n|move|p2b: Iron Bundle|Protect|p2b: Iron Bundle\n|-singleturn|p2b: Iron Bundle|Protect\n|move|p1b: Flutter Mane|Moonblast|p2b: Iron Bundle\n|-activate|p2b: Iron Bundle|move: Protect\n|move|p1a: Gyarados|Thunder Wave|p2a: Fungus|[miss]\n|-miss|p1a: Gyarados|p2a: Fungus\n|move|p2a: Fungus|Pollen Puff|p2b: Iron Bundle\n|-activate|p2b: Iron Bundle|move: Protect\n|\n|-end|p2a: Fungus|move: Taunt\n|upkeep\n|turn|10\n|\n|t:|1683261057\n|-terastallize|p2b: Iron Bundle|Water\n|move|p2a: Fungus|Rage Powder|p2a: Fungus\n|-singleturn|p2a: Fungus|move: Rage Powder\n|move|p2b: Iron Bundle|Hydro Pump|p1b: Flutter Mane\n|-damage|p1b: Flutter Mane|22\/100\n|move|p1b: Flutter Mane|Moonblast|p2a: Fungus\n|-resisted|p2a: Fungus\n|-damage|p2a: Fungus|64\/100\n|-unboost|p2a: Fungus|spa|1\n|move|p1a: Gyarados|Taunt|p2a: Fungus\n|-start|p2a: Fungus|move: Taunt\n|\n|upkeep\n|turn|11\n|\n|t:|1683261077\n|move|p2b: Iron Bundle|Freeze-Dry|p1b: Flutter Mane\n|-damage|p1b: Flutter Mane|0 fnt\n|faint|p1b: Flutter Mane\n|-end|p1b: Flutter Mane|Protosynthesis|[silent]\n|move|p1a: Gyarados|Waterfall|p2b: Iron Bundle\n|-resisted|p2b: Iron Bundle\n|-damage|p2b: Iron Bundle|80\/100\n|move|p2a: Fungus|Pollen Puff|p1a: Gyarados\n|-resisted|p1a: Gyarados\n|-damage|p1a: Gyarados|97\/100\n|\n|upkeep\n|turn|12\n|\n|t:|1683261090\n|move|p2b: Iron Bundle|Freeze-Dry|p1a: Gyarados\n|-supereffective|p1a: Gyarados\n|-damage|p1a: Gyarados|5\/100\n|-enditem|p1a: Gyarados|Figy Berry|[eat]\n|-heal|p1a: Gyarados|38\/100|[from] item: Figy Berry\n|move|p1a: Gyarados|Waterfall|p2b: Iron Bundle\n|-resisted|p2b: Iron Bundle\n|-damage|p2b: Iron Bundle|59\/100\n|move|p2a: Fungus|Pollen Puff|p2b: Iron Bundle\n|-heal|p2b: Iron Bundle|100\/100\n|\n|upkeep\n|turn|13\n|\n|t:|1683261104\n|move|p2b: Iron Bundle|Freeze-Dry|p1a: Gyarados\n|-supereffective|p1a: Gyarados\n|-crit|p1a: Gyarados\n|-damage|p1a: Gyarados|0 fnt\n|faint|p1a: Gyarados\n|\n|win|xlntego\n|raw|SavannahPandaVGC's rating: 1305 → 1290<\/strong> (-15 for losing)\n|raw|xlntego's rating: 1394 → 1409<\/strong> (+15 for winning)\n","uploadtime":1683261111,"views":5,"p1id":"savannahpandavgc","p2id":"xlntego","formatid":"gen9vgc2023regulationc","rating":1290,"private":0,"password":""}