{"id":"gen9vgc2023regulationc-1861328303","p1":"Vengeful potato","p2":"sandforyourtaking","format":"[Gen 9] VGC 2023 Regulation C","log":"|j|\u2606Vengeful potato\n|j|\u2606sandforyourtaking\n|t:|1683746361\n|gametype|doubles\n|player|p1|Vengeful potato|swimmer-gen4|1240\n|player|p2|sandforyourtaking|caitlin|1191\n|teamsize|p1|6\n|teamsize|p2|6\n|gen|9\n|tier|[Gen 9] VGC 2023 Regulation C\n|rated|\n|rule|Species Clause: Limit one of each Pok\u00e9mon\n|rule|Item Clause: Limit one of each item\n|clearpoke\n|poke|p1|Dudunsparce-*, L50, M|\n|poke|p1|Hariyama, L50, M|\n|poke|p1|Corviknight, L50, F|\n|poke|p1|Iron Moth, L50|\n|poke|p1|Abomasnow, L50, M|\n|poke|p1|Veluza, L50, M|\n|poke|p2|Lycanroc, L50, M|\n|poke|p2|Tyranitar, L50, M|\n|poke|p2|Dondozo, L50, M|\n|poke|p2|Tatsugiri-Stretchy, L50, M|\n|poke|p2|Chi-Yu, L50|\n|poke|p2|Iron Bundle, L50|\n|teampreview|4\n|inactive|Battle timer is ON: inactive players will automatically lose when time's up. (requested by sandforyourtaking)\n|inactive|Vengeful potato has 60 seconds left.\n|\n|t:|1683746411\n|start\n|switch|p1a: Double Trouble|Dudunsparce, L50, M|100\/100\n|switch|p1b: THICC|Hariyama, L50, M, shiny|100\/100\n|switch|p2a: Lycanroc|Lycanroc, L50, M, shiny|100\/100\n|switch|p2b: Tyranitar|Tyranitar, L50, M|100\/100\n|-weather|Sandstorm|[from] ability: Sand Stream|[of] p2b: Tyranitar\n|turn|1\n|\n|t:|1683746433\n|-terastallize|p2b: Tyranitar|Grass\n|move|p1b: THICC|Fake Out|p2a: Lycanroc\n|-resisted|p2a: Lycanroc\n|-damage|p2a: Lycanroc|90\/100\n|cant|p2a: Lycanroc|flinch\n|move|p1a: Double Trouble|Glare|p2b: Tyranitar\n|-status|p2b: Tyranitar|par\n|move|p2b: Tyranitar|Rock Slide|p1a: Double Trouble|[spread] p1a,p1b\n|-resisted|p1b: THICC\n|-damage|p1a: Double Trouble|71\/100\n|-damage|p1b: THICC|86\/100\n|\n|-weather|Sandstorm|[upkeep]\n|-damage|p1a: Double Trouble|65\/100|[from] Sandstorm\n|-damage|p1b: THICC|80\/100|[from] Sandstorm\n|-damage|p2b: Tyranitar|95\/100 par|[from] Sandstorm\n|upkeep\n|turn|2\n|\n|t:|1683746450\n|move|p1b: THICC|Wide Guard|p1b: THICC\n|-singleturn|p1b: THICC|Wide Guard\n|move|p2a: Lycanroc|Close Combat|p1a: Double Trouble\n|-supereffective|p1a: Double Trouble\n|-damage|p1a: Double Trouble|0 fnt\n|-unboost|p2a: Lycanroc|def|1\n|-unboost|p2a: Lycanroc|spd|1\n|faint|p1a: Double Trouble\n|move|p2b: Tyranitar|Rock Slide|p1b: THICC\n|-activate|p1b: THICC|move: Wide Guard\n|\n|-weather|Sandstorm|[upkeep]\n|-damage|p1b: THICC|74\/100|[from] Sandstorm\n|-damage|p2b: Tyranitar|89\/100 par|[from] Sandstorm\n|upkeep\n|\n|t:|1683746463\n|switch|p1a: Polished|Corviknight, L50, F, shiny|100\/100\n|turn|3\n|\n|t:|1683746475\n|move|p2a: Lycanroc|Rock Slide|p1b: THICC|[spread] p1a,p1b\n|-resisted|p1b: THICC\n|-damage|p1a: Polished|75\/100\n|-damage|p1b: THICC|59\/100\n|move|p1a: Polished|Brave Bird|p2b: Tyranitar\n|-supereffective|p2b: Tyranitar\n|-damage|p2b: Tyranitar|24\/100 par\n|-damage|p1a: Polished|53\/100|[from] Recoil\n|move|p1b: THICC|Drain Punch|p2a: Lycanroc\n|-supereffective|p2a: Lycanroc\n|-damage|p2a: Lycanroc|0 fnt\n|-heal|p1b: THICC|90\/100|[from] drain|[of] p2a: Lycanroc\n|faint|p2a: Lycanroc\n|move|p2b: Tyranitar|Rock Slide|p1b: THICC|[spread] p1a,p1b\n|-resisted|p1b: THICC\n|-damage|p1a: Polished|23\/100\n|-damage|p1b: THICC|74\/100\n|\n|-weather|Sandstorm|[upkeep]\n|-damage|p1b: THICC|68\/100|[from] Sandstorm\n|-damage|p2b: Tyranitar|18\/100 par|[from] Sandstorm\n|upkeep\n|\n|t:|1683746495\n|switch|p2a: Chi-Yu|Chi-Yu, L50|100\/100\n|-ability|p2a: Chi-Yu|Beads of Ruin\n|turn|4\n|\n|t:|1683746507\n|move|p2a: Chi-Yu|Heat Wave|p1b: THICC|[spread] p1a,p1b\n|-supereffective|p1a: Polished\n|-damage|p1a: Polished|0 fnt\n|-damage|p1b: THICC|43\/100\n|faint|p1a: Polished\n|-damage|p2a: Chi-Yu|91\/100|[from] item: Life Orb\n|move|p1b: THICC|Drain Punch|p2a: Chi-Yu\n|-supereffective|p2a: Chi-Yu\n|-damage|p2a: Chi-Yu|0 fnt\n|-heal|p1b: THICC|76\/100|[from] drain|[of] p2a: Chi-Yu\n|faint|p2a: Chi-Yu\n|move|p2b: Tyranitar|Rock Slide|p1b: THICC|[miss]\n|-miss|p2b: Tyranitar|p1b: THICC\n|\n|-weather|Sandstorm|[upkeep]\n|-damage|p1b: THICC|70\/100|[from] Sandstorm\n|-damage|p2b: Tyranitar|13\/100 par|[from] Sandstorm\n|upkeep\n|\n|t:|1683746522\n|switch|p2a: Iron Bundle|Iron Bundle, L50|100\/100\n|switch|p1a: SODA?|Abomasnow, L50, M, shiny|100\/100\n|-weather|Snow|[from] ability: Snow Warning|[of] p1a: SODA?\n|-enditem|p2a: Iron Bundle|Booster Energy\n|-activate|p2a: Iron Bundle|ability: Quark Drive|[fromitem]\n|-start|p2a: Iron Bundle|quarkdrivespe\n|turn|5\n|\n|t:|1683746535\n|move|p1b: THICC|Bullet Punch|p2b: Tyranitar\n|-damage|p2b: Tyranitar|3\/100 par\n|move|p2a: Iron Bundle|Icy Wind|p1b: THICC|[spread] p1a,p1b\n|-damage|p1a: SODA?|77\/100\n|-damage|p1b: THICC|61\/100\n|-unboost|p1a: SODA?|spe|1\n|-unboost|p1b: THICC|spe|1\n|move|p1a: SODA?|Giga Drain|p2a: Iron Bundle\n|-supereffective|p2a: Iron Bundle\n|-damage|p2a: Iron Bundle|0 fnt\n|-heal|p1a: SODA?|100\/100|[from] drain|[of] p2a: Iron Bundle\n|faint|p2a: Iron Bundle\n|-end|p2a: Iron Bundle|Quark Drive|[silent]\n|cant|p2b: Tyranitar|par\n|\n|-weather|Snow|[upkeep]\n|upkeep\n|turn|6\n|-message|sandforyourtaking forfeited.\n|\n|win|Vengeful potato\n|raw|Vengeful potato's rating: 1240 → 1261<\/strong> (+21 for winning)\n|raw|sandforyourtaking's rating: 1191 → 1170<\/strong> (-21 for losing)\n|l|\u2606sandforyourtaking\n|c|\u2606Vengeful potato|Ggs\n","uploadtime":1683746553,"views":7,"p1id":"vengefulpotato","p2id":"sandforyourtaking","formatid":"gen9vgc2023regulationc","rating":1170,"private":0,"password":""}