{"id":"gen9vgc2023regulationc-1850977766","p1":"Draco Jack17","p2":"Swissersweet","format":"[Gen 9] VGC 2023 Regulation C","log":"|j|\u2606Draco Jack17\n|j|\u2606Swissersweet\n|t:|1682389360\n|gametype|doubles\n|player|p1|Draco Jack17|n|1221\n|player|p2|Swissersweet|ethan|1113\n|teamsize|p1|6\n|teamsize|p2|6\n|gen|9\n|tier|[Gen 9] VGC 2023 Regulation C\n|rated|\n|rule|Species Clause: Limit one of each Pok\u00e9mon\n|rule|Item Clause: Limit one of each item\n|clearpoke\n|poke|p1|Houndstone, L50, F|\n|poke|p1|Tyranitar, L50, M|\n|poke|p1|Palafin, L50, M|\n|poke|p1|Chien-Pao, L50|\n|poke|p1|Chi-Yu, L50|\n|poke|p1|Dragapult, L50, M|\n|poke|p2|Chi-Yu, L50|\n|poke|p2|Flutter Mane, L50|\n|poke|p2|Gastrodon, L50, M|\n|poke|p2|Salamence, L50, M|\n|poke|p2|Klefki, L50, F|\n|poke|p2|Stonjourner, L50, M|\n|teampreview|4\n|inactive|Battle timer is ON: inactive players will automatically lose when time's up. (requested by Swissersweet)\nDraco Jack17 has agreed to open team sheets.\n|inactive|Draco Jack17 has 60 seconds left.\n|inactive|Swissersweet has 60 seconds left.\n|\n|t:|1682389395\n|start\n|switch|p1a: All Might|Palafin, L50, M|100\/100\n|switch|p1b: Gambino|Dragapult, L50, M|100\/100\n|switch|p2a: Stonjourner|Stonjourner, L50, M|100\/100\n|switch|p2b: Salamence|Salamence, L50, M|100\/100\n|-ability|p2b: Salamence|Intimidate|boost\n|-unboost|p1a: All Might|atk|1\n|-fail|p1b: Gambino|unboost|[from] ability: Clear Body|[of] p1b: Gambino\n|turn|1\n|inactive|Draco Jack17 has 30 seconds left.\n|inactive|Swissersweet has 30 seconds left.\n|inactive|Draco Jack17 has 20 seconds left.\n|\n|t:|1682389433\n|detailschange|p1a: All Might|Palafin-Hero, L50, M\n|switch|p1a: Rawr XD|Tyranitar, L50, M|100\/100\n|-weather|Sandstorm|[from] ability: Sand Stream|[of] p1a: Rawr XD\n|move|p1b: Gambino|Phantom Force||[still]\n|-prepare|p1b: Gambino|Phantom Force\n|move|p2a: Stonjourner|Stealth Rock|p1b: Gambino\n|-sidestart|p1: Draco Jack17|move: Stealth Rock\n|move|p2b: Salamence|Dragon Tail|p1b: Gambino|[miss]\n|-miss|p2b: Salamence|p1b: Gambino\n|\n|-weather|Sandstorm|[upkeep]\n|-damage|p1b: Gambino|94\/100|[from] Sandstorm\n|-damage|p2b: Salamence|95\/100|[from] Sandstorm\n|upkeep\n|turn|2\n|inactive|Swissersweet has 30 seconds left.\n|inactive|Draco Jack17 has 30 seconds left.\n|inactive|Swissersweet has 20 seconds left.\n|inactive|Swissersweet has 15 seconds left.\n|\n|t:|1682389477\n|move|p1b: Gambino|Phantom Force|p2b: Salamence|[from]lockedmove\n|-damage|p2b: Salamence|6\/100\n|move|p1a: Rawr XD|Rock Slide|p2a: Stonjourner|[spread] p2b\n|-miss|p1a: Rawr XD|p2a: Stonjourner\n|-supereffective|p2b: Salamence\n|-damage|p2b: Salamence|0 fnt\n|faint|p2b: Salamence\n|move|p2a: Stonjourner|Body Press|p1a: Rawr XD\n|-supereffective|p1a: Rawr XD\n|-damage|p1a: Rawr XD|0 fnt\n|faint|p1a: Rawr XD\n|\n|-weather|Sandstorm|[upkeep]\n|-damage|p1b: Gambino|88\/100|[from] Sandstorm\n|upkeep\n|\n|t:|1682389497\n|switch|p2b: Gastrodon|Gastrodon, L50, M|100\/100\n|switch|p1a: All Might|Palafin-Hero, L50, M|100\/100\n|-damage|p1a: All Might|88\/100|[from] Stealth Rock\n|-activate|p1a: All Might|ability: Zero to Hero\n|turn|3\n|\n|t:|1682389518\n|move|p1a: All Might|Protect|p1a: All Might\n|-singleturn|p1a: All Might|Protect\n|move|p1b: Gambino|Phantom Force||[still]\n|-prepare|p1b: Gambino|Phantom Force\n|move|p2a: Stonjourner|Body Press|p1a: All Might\n|-activate|p1a: All Might|move: Protect\n|move|p2b: Gastrodon|Earth Power|p1b: Gambino|[miss]\n|-miss|p2b: Gastrodon|p1b: Gambino\n|\n|-weather|Sandstorm|[upkeep]\n|-damage|p1b: Gambino|82\/100|[from] Sandstorm\n|upkeep\n|turn|4\n|\n|t:|1682389536\n|move|p2b: Gastrodon|Protect|p2b: Gastrodon\n|-singleturn|p2b: Gastrodon|Protect\n|move|p1b: Gambino|Phantom Force|p2b: Gastrodon|[from]lockedmove\n|-activate|p2b: Gastrodon|move: Phantom Force|[broken]\n|-damage|p2b: Gastrodon|24\/100\n|-enditem|p2b: Gastrodon|Sitrus Berry|[eat]\n|-heal|p2b: Gastrodon|49\/100|[from] item: Sitrus Berry\n|move|p1a: All Might|Haze|p1a: All Might\n|-clearallboost\n|move|p2a: Stonjourner|Body Press|p1a: All Might\n|-damage|p1a: All Might|58\/100\n|\n|-weather|Sandstorm|[upkeep]\n|-damage|p1b: Gambino|76\/100|[from] Sandstorm\n|upkeep\n|turn|5\n|inactive|Swissersweet has 30 seconds left.\n|\n|t:|1682389570\n|move|p1a: All Might|Protect|p1a: All Might\n|-singleturn|p1a: All Might|Protect\n|move|p1b: Gambino|Phantom Force||[still]\n|-prepare|p1b: Gambino|Phantom Force\n|move|p2a: Stonjourner|Body Press|p1a: All Might\n|-activate|p1a: All Might|move: Protect\n|move|p2b: Gastrodon|Earth Power|p1b: Gambino|[miss]\n|-miss|p2b: Gastrodon|p1b: Gambino\n|\n|-weather|none\n|upkeep\n|turn|6\n|inactive|Swissersweet has 30 seconds left.\n|\n|t:|1682389597\n|move|p1b: Gambino|Phantom Force|p2b: Gastrodon|[from]lockedmove\n|-damage|p2b: Gastrodon|0 fnt\n|faint|p2b: Gastrodon\n|move|p1a: All Might|Wave Crash|p2a: Stonjourner\n|-supereffective|p2a: Stonjourner\n|-damage|p2a: Stonjourner|13\/100\n|-damage|p1a: All Might|41\/100|[from] item: Rocky Helmet|[of] p2a: Stonjourner\n|-damage|p1a: All Might|12\/100|[from] Recoil\n|move|p2a: Stonjourner|Body Press|p1a: All Might\n|-damage|p1a: All Might|0 fnt\n|faint|p1a: All Might\n|\n|upkeep\n|\n|t:|1682389612\n|switch|p1a: POW!|Chien-Pao, L50|100\/100\n|switch|p2b: Chi-Yu|Chi-Yu, L50|100\/100\n|-damage|p1a: POW!|75\/100|[from] Stealth Rock\n|-ability|p1a: POW!|Sword of Ruin\n|-ability|p2b: Chi-Yu|Beads of Ruin\n|turn|7\n|inactive|Swissersweet has 30 seconds left.\n|\n|t:|1682389639\n|move|p1a: POW!|Protect|p1a: POW!\n|-singleturn|p1a: POW!|Protect\n|move|p1b: Gambino|Phantom Force||[still]\n|-prepare|p1b: Gambino|Phantom Force\n|move|p2b: Chi-Yu|Heat Wave|p1b: Gambino|[spread] \n|-miss|p2b: Chi-Yu|p1b: Gambino\n|-activate|p1a: POW!|move: Protect\n|move|p2a: Stonjourner|Body Press|p1a: POW!\n|-activate|p1a: POW!|move: Protect\n|\n|upkeep\n|turn|8\n|\n|t:|1682389659\n|-terastallize|p1a: POW!|Ghost\n|move|p1b: Gambino|Phantom Force|p2a: Stonjourner|[from]lockedmove\n|-damage|p2a: Stonjourner|0 fnt\n|-damage|p1b: Gambino|60\/100|[from] item: Rocky Helmet|[of] p2a: Stonjourner\n|faint|p2a: Stonjourner\n|move|p1a: POW!|Sacred Sword|p2b: Chi-Yu\n|-supereffective|p2b: Chi-Yu\n|-damage|p2b: Chi-Yu|0 fnt\n|faint|p2b: Chi-Yu\n|-damage|p1a: POW!|66\/100|[from] item: Life Orb\n|\n|win|Draco Jack17\n|raw|Draco Jack17's rating: 1221 → 1238<\/strong> (+17 for winning)\n|raw|Swissersweet's rating: 1113 → 1096<\/strong> (-17 for losing)\n","uploadtime":1682389672,"views":12,"p1id":"dracojack17","p2id":"swissersweet","formatid":"gen9vgc2023regulationc","rating":1096,"private":0,"password":""}