{"id":"gen9vgc2023regulationc-1855537984","p1":"BlindMagneton","p2":"eepy nougat","format":"[Gen 9] VGC 2023 Regulation C","log":"|j|\u2606BlindMagneton\n|j|\u2606eepy nougat\n|t:|1682960211\n|gametype|doubles\n|player|p1|BlindMagneton|169|1326\n|player|p2|eepy nougat|janitor|1288\n|teamsize|p1|6\n|teamsize|p2|6\n|gen|9\n|tier|[Gen 9] VGC 2023 Regulation C\n|rated|\n|rule|Species Clause: Limit one of each Pok\u00e9mon\n|rule|Item Clause: Limit one of each item\n|clearpoke\n|poke|p1|Iron Bundle, L50|\n|poke|p1|Sandy Shocks, L50|\n|poke|p1|Pelipper, L50, F|\n|poke|p1|Scizor, L50, M|\n|poke|p1|Clodsire, L50, M|\n|poke|p1|Ceruledge, L50, M|\n|poke|p2|Iron Bundle, L50|\n|poke|p2|Abomasnow, L50, F|\n|poke|p2|Annihilape, L50, M|\n|poke|p2|Rotom-Heat, L50|\n|poke|p2|Amoonguss, L50, F|\n|poke|p2|Iron Treads, L50|\n|teampreview|4\n|\n|t:|1682960286\n|start\n|switch|p1a: Iron Bundle|Iron Bundle, L50|100\/100\n|switch|p1b: Sandy Shocks|Sandy Shocks, L50|100\/100\n|switch|p2a: Amoonguss|Amoonguss, L50, F|100\/100\n|switch|p2b: Rotom|Rotom-Heat, L50, shiny|100\/100\n|-enditem|p1b: Sandy Shocks|Booster Energy\n|-activate|p1b: Sandy Shocks|ability: Protosynthesis|[fromitem]\n|-start|p1b: Sandy Shocks|protosynthesisspe\n|turn|1\n|inactive|Battle timer is ON: inactive players will automatically lose when time's up. (requested by eepy nougat)\n|\n|t:|1682960325\n|move|p2b: Rotom|Protect|p2b: Rotom\n|-singleturn|p2b: Rotom|Protect\n|move|p1b: Sandy Shocks|Electric Terrain|p1b: Sandy Shocks\n|-fieldstart|move: Electric Terrain\n|-activate|p1a: Iron Bundle|ability: Quark Drive\n|-start|p1a: Iron Bundle|quarkdrivespe\n|move|p1a: Iron Bundle|Flip Turn|p2b: Rotom\n|-activate|p2b: Rotom|move: Protect\n|move|p2a: Amoonguss|Spore|p1a: Iron Bundle\n|-activate|p1a: Iron Bundle|move: Electric Terrain\n|\n|upkeep\n|turn|2\n|inactive|eepy nougat has 30 seconds left.\n|\n|t:|1682960359\n|switch|p2b: Abomasnow|Abomasnow, L50, F|100\/100\n|-weather|Snow|[from] ability: Snow Warning|[of] p2b: Abomasnow\n|move|p1a: Iron Bundle|Flip Turn|p2b: Abomasnow\n|-resisted|p2b: Abomasnow\n|-damage|p2b: Abomasnow|95\/100\n|\n|t:|1682960366\n|-end|p1a: Iron Bundle|Quark Drive|[silent]\n|switch|p1a: Pelipper|Pelipper, L50, F|100\/100|[from] Flip Turn\n|-weather|RainDance|[from] ability: Drizzle|[of] p1a: Pelipper\n|move|p1b: Sandy Shocks|Gravity|p1b: Sandy Shocks\n|-fieldstart|move: Gravity\n|move|p2a: Amoonguss|Giga Drain|p1b: Sandy Shocks\n|-supereffective|p1b: Sandy Shocks\n|-crit|p1b: Sandy Shocks\n|-damage|p1b: Sandy Shocks|5\/100\n|\n|-weather|RainDance|[upkeep]\n|upkeep\n|turn|3\n|inactive|BlindMagneton has 30 seconds left.\n|inactive|BlindMagneton has 20 seconds left.\n|inactive|BlindMagneton has 15 seconds left.\n|\n|t:|1682960409\n|-end|p1b: Sandy Shocks|Protosynthesis|[silent]\n|switch|p1b: Scizor|Scizor, L50, M|100\/100\n|move|p2b: Abomasnow|Protect|p2b: Abomasnow\n|-singleturn|p2b: Abomasnow|Protect\n|move|p1a: Pelipper|Hurricane|p2a: Amoonguss\n|-supereffective|p2a: Amoonguss\n|-damage|p2a: Amoonguss|9\/100\n|-enditem|p2a: Amoonguss|Sitrus Berry|[eat]\n|-heal|p2a: Amoonguss|34\/100|[from] item: Sitrus Berry\n|move|p2a: Amoonguss|Giga Drain|p1b: Scizor\n|-resisted|p1b: Scizor\n|-crit|p1b: Scizor\n|-damage|p1b: Scizor|87\/100\n|-heal|p2a: Amoonguss|39\/100|[from] drain|[of] p1b: Scizor\n|\n|-weather|RainDance|[upkeep]\n|upkeep\n|turn|4\n|inactive|BlindMagneton has 30 seconds left.\n|inactive|eepy nougat has 30 seconds left.\n|inactive|BlindMagneton has 20 seconds left.\n|inactive|eepy nougat has 20 seconds left.\n|inactive|BlindMagneton has 15 seconds left.\n|\n|t:|1682960450\n|switch|p1a: Sandy Shocks|Sandy Shocks, L50|5\/100\n|switch|p2b: Iron Treads|Iron Treads, L50|100\/100\n|-activate|p2b: Iron Treads|ability: Quark Drive\n|-start|p2b: Iron Treads|quarkdrivespe\n|switch|p2a: Rotom|Rotom-Heat, L50, shiny|100\/100\n|move|p1b: Scizor|U-turn|p2a: Rotom\n|-resisted|p2a: Rotom\n|-crit|p2a: Rotom\n|-damage|p2a: Rotom|64\/100\n|-damage|p1b: Scizor|78\/100|[from] item: Life Orb\n|\n|t:|1682960466\n|switch|p1b: Iron Bundle|Iron Bundle, L50|100\/100|[from] U-turn\n|-activate|p1b: Iron Bundle|ability: Quark Drive\n|-start|p1b: Iron Bundle|quarkdrivespe\n|\n|-weather|RainDance|[upkeep]\n|upkeep\n|turn|5\n|inactive|eepy nougat has 30 seconds left.\n|\n|t:|1682960500\n|-terastallize|p1b: Iron Bundle|Water\n|move|p2a: Rotom|Protect|p2a: Rotom\n|-singleturn|p2a: Rotom|Protect\n|move|p1b: Iron Bundle|Hydro Pump|p2b: Iron Treads\n|-supereffective|p2b: Iron Treads\n|-crit|p2b: Iron Treads\n|-enditem|p2b: Iron Treads|Focus Sash\n|-damage|p2b: Iron Treads|1\/100\n|move|p2b: Iron Treads|Earthquake|p1a: Sandy Shocks|[spread] p1a,p1b\n|-activate|p2a: Rotom|move: Protect\n|-supereffective|p1a: Sandy Shocks\n|-damage|p1a: Sandy Shocks|0 fnt\n|-damage|p1b: Iron Bundle|56\/100\n|faint|p1a: Sandy Shocks\n|-end|p1a: Sandy Shocks|Protosynthesis|[silent]\n|\n|-weather|RainDance|[upkeep]\n|-fieldend|move: Electric Terrain\n|-end|p1b: Iron Bundle|Quark Drive\n|-end|p2b: Iron Treads|Quark Drive\n|upkeep\n|\n|t:|1682960514\n|switch|p1a: Scizor|Scizor, L50, M|78\/100\n|turn|6\n|inactive|eepy nougat has 30 seconds left.\n|\n|t:|1682960543\n|-terastallize|p2a: Rotom|Electric\n|move|p2b: Iron Treads|Protect|p2b: Iron Treads\n|-singleturn|p2b: Iron Treads|Protect\n|move|p1b: Iron Bundle|Hydro Pump|p2a: Rotom\n|-crit|p2a: Rotom\n|-damage|p2a: Rotom|0 fnt\n|faint|p2a: Rotom\n|move|p1a: Scizor|U-turn|p2b: Iron Treads\n|-activate|p2b: Iron Treads|move: Protect\n|\n|-weather|none\n|-fieldend|move: Gravity\n|upkeep\n|\n|t:|1682960550\n|switch|p2a: Amoonguss|Amoonguss, L50, F|72\/100\n|turn|7\n|\n|t:|1682960569\n|move|p2a: Amoonguss|Rage Powder|p2a: Amoonguss\n|-singleturn|p2a: Amoonguss|move: Rage Powder\n|move|p1a: Scizor|Bullet Punch|p2a: Amoonguss\n|-damage|p2a: Amoonguss|29\/100\n|-damage|p1a: Scizor|68\/100|[from] item: Life Orb\n|move|p1b: Iron Bundle|Hydro Pump|p2a: Amoonguss\n|-resisted|p2a: Amoonguss\n|-damage|p2a: Amoonguss|0 fnt\n|faint|p2a: Amoonguss\n|move|p2b: Iron Treads|Rock Slide|p1a: Scizor|[spread] p1a,p1b\n|-damage|p1a: Scizor|47\/100\n|-damage|p1b: Iron Bundle|36\/100\n|\n|upkeep\n|\n|t:|1682960578\n|switch|p2a: Abomasnow|Abomasnow, L50, F|95\/100\n|-weather|Snow|[from] ability: Snow Warning|[of] p2a: Abomasnow\n|turn|8\n|inactive|BlindMagneton has 30 seconds left.\n|\n|t:|1682960611\n|move|p2b: Iron Treads|Protect|p2b: Iron Treads\n|-singleturn|p2b: Iron Treads|Protect\n|move|p1b: Iron Bundle|Hydro Pump|p2b: Iron Treads\n|-activate|p2b: Iron Treads|move: Protect\n|move|p1a: Scizor|U-turn|p2a: Abomasnow\n|-supereffective|p2a: Abomasnow\n|-damage|p2a: Abomasnow|19\/100\n|-damage|p1a: Scizor|38\/100|[from] item: Life Orb\n|\n|t:|1682960619\n|switch|p1a: Pelipper|Pelipper, L50, F|100\/100|[from] U-turn\n|-weather|RainDance|[from] ability: Drizzle|[of] p1a: Pelipper\n|move|p2a: Abomasnow|Blizzard|p1b: Iron Bundle|[spread] p1a\n|-miss|p2a: Abomasnow|p1b: Iron Bundle\n|-damage|p1a: Pelipper|38\/100\n|\n|-weather|RainDance|[upkeep]\n|upkeep\n|turn|9\n|inactive|BlindMagneton has 30 seconds left.\n|\n|t:|1682960647\n|-end|p1b: Iron Bundle|Quark Drive|[silent]\n|switch|p1b: Scizor|Scizor, L50, M|38\/100\n|move|p1a: Pelipper|Wide Guard|p1a: Pelipper\n|-singleturn|p1a: Pelipper|Wide Guard\n|move|p2b: Iron Treads|Rock Slide|p1a: Pelipper|[spread] \n|-activate|p1a: Pelipper|move: Wide Guard\n|-activate|p1b: Scizor|move: Wide Guard\n|move|p2a: Abomasnow|Blizzard|p1a: Pelipper|[spread] \n|-activate|p1a: Pelipper|move: Wide Guard\n|-activate|p1b: Scizor|move: Wide Guard\n|\n|-weather|RainDance|[upkeep]\n|upkeep\n|turn|10\n|-message|eepy nougat forfeited.\n|\n|win|BlindMagneton\n|raw|BlindMagneton's rating: 1326 → 1344<\/strong> (+18 for winning)\n|raw|eepy nougat's rating: 1288 → 1266<\/strong> (-22 for losing)\n|l|\u2606eepy nougat\n","uploadtime":1682960664,"views":22,"p1id":"blindmagneton","p2id":"eepynougat","formatid":"gen9vgc2023regulationc","rating":1266,"private":0,"password":""}