{"id":"gen9vgc2023regulationc-1851696695","p1":"Lucario3021","p2":"ugh50","format":"[Gen 9] VGC 2023 Regulation C","log":"|j|\u2606Lucario3021\n|j|\u2606ugh50\n|t:|1682471161\n|gametype|doubles\n|player|p1|Lucario3021|clavell-s|1036\n|player|p2|ugh50|265|1033\n|teamsize|p1|6\n|teamsize|p2|6\n|gen|9\n|tier|[Gen 9] VGC 2023 Regulation C\n|rated|\n|rule|Species Clause: Limit one of each Pok\u00e9mon\n|rule|Item Clause: Limit one of each item\n|clearpoke\n|poke|p1|Toedscruel, L50, F|\n|poke|p1|Pawmot, L50, M|\n|poke|p1|Gholdengo, L50|\n|poke|p1|Great Tusk, L50|\n|poke|p1|Flutter Mane, L50|\n|poke|p1|Dragonite, L50, F|\n|poke|p2|Bellibolt, L50, M|\n|poke|p2|Pelipper, L50, M|\n|poke|p2|Gothitelle, L50, F|\n|poke|p2|Kilowattrel, L50, F|\n|poke|p2|Orthworm, L50, M|\n|poke|p2|Garchomp, L50, F|\n|teampreview|4\n|inactive|Battle timer is ON: inactive players will automatically lose when time's up. (requested by Lucario3021)\nLucario3021 rejected open team sheets.\n|\n|t:|1682471182\n|start\n|switch|p1a: Pawmot|Pawmot, L50, M|100\/100\n|switch|p1b: Toedscruel|Toedscruel, L50, F|100\/100\n|switch|p2a: Pelipper|Pelipper, L50, M|100\/100\n|switch|p2b: Kilowattrel|Kilowattrel, L50, F|100\/100\n|-weather|RainDance|[from] ability: Drizzle|[of] p2a: Pelipper\n|turn|1\n|inactive|ugh50 has 30 seconds left.\n|\n|t:|1682471211\n|move|p2a: Pelipper|Protect|p2a: Pelipper\n|-singleturn|p2a: Pelipper|Protect\n|move|p2b: Kilowattrel|U-turn|p1b: Toedscruel\n|-supereffective|p1b: Toedscruel\n|-damage|p1b: Toedscruel|62\/100\n|\n|t:|1682471221\n|switch|p2b: Bellibolt|Bellibolt, L50, M|100\/100|[from] U-turn\n|move|p1a: Pawmot|Entrainment|p1b: Toedscruel\n|-endability|p1b: Toedscruel|Mycelium Might|[from] move: Entrainment\n|-ability|p1b: Toedscruel|Natural Cure|[from] move: Entrainment\n|move|p1b: Toedscruel|Spore|p2b: Bellibolt\n|-status|p2b: Bellibolt|slp|[from] move: Spore\n|\n|-weather|RainDance|[upkeep]\n|upkeep\n|turn|2\n|inactive|ugh50 has 30 seconds left.\n|inactive|ugh50 has 20 seconds left.\n|\n|t:|1682471259\n|move|p1a: Pawmot|Nuzzle|p2a: Pelipper\n|-supereffective|p2a: Pelipper\n|-damage|p2a: Pelipper|65\/100\n|-status|p2a: Pelipper|par\n|move|p1b: Toedscruel|Leech Seed|p2a: Pelipper|[miss]\n|-miss|p1b: Toedscruel|p2a: Pelipper\n|cant|p2b: Bellibolt|slp\n|move|p2a: Pelipper|Tailwind|p2a: Pelipper\n|-sidestart|p2: ugh50|move: Tailwind\n|\n|-weather|RainDance|[upkeep]\n|upkeep\n|turn|3\n|inactive|Lucario3021 has 30 seconds left.\n|\n|t:|1682471286\n|switch|p1a: Flutter Mane|Flutter Mane, L50|100\/100\n|-enditem|p1a: Flutter Mane|Booster Energy\n|-activate|p1a: Flutter Mane|ability: Protosynthesis|[fromitem]\n|-start|p1a: Flutter Mane|protosynthesisspe\n|move|p2a: Pelipper|Protect|p2a: Pelipper\n|-singleturn|p2a: Pelipper|Protect\n|move|p1b: Toedscruel|Leech Seed|p2a: Pelipper\n|-activate|p2a: Pelipper|move: Protect\n|cant|p2b: Bellibolt|slp\n|\n|-weather|RainDance|[upkeep]\n|upkeep\n|turn|4\n|inactive|ugh50 has 30 seconds left.\n|\n|t:|1682471312\n|move|p1a: Flutter Mane|Shadow Ball|p2b: Bellibolt\n|-damage|p2b: Bellibolt|60\/100 slp\n|-start|p2b: Bellibolt|Charge|Shadow Ball|[from] ability: Electromorphosis\n|move|p1b: Toedscruel|Leech Seed|p2a: Pelipper\n|-start|p2a: Pelipper|move: Leech Seed\n|-curestatus|p2b: Bellibolt|slp|[msg]\n|move|p2b: Bellibolt|Soak|p1a: Flutter Mane\n|-start|p1a: Flutter Mane|typechange|Water\n|move|p2a: Pelipper|Soak|p1b: Toedscruel\n|-start|p1b: Toedscruel|typechange|Water\n|\n|-weather|RainDance|[upkeep]\n|-damage|p2a: Pelipper|53\/100 par|[from] Leech Seed|[of] p1b: Toedscruel\n|-heal|p1b: Toedscruel|79\/100|[silent]\n|upkeep\n|turn|5\n|\n|t:|1682471334\n|switch|p2a: Gothitelle|Gothitelle, L50, F|100\/100\n|-terastallize|p1a: Flutter Mane|Ghost\n|move|p1a: Flutter Mane|Dazzling Gleam|p2b: Bellibolt|[spread] p2a,p2b\n|-damage|p2a: Gothitelle|84\/100\n|-damage|p2b: Bellibolt|38\/100\n|-start|p2b: Bellibolt|Charge|Dazzling Gleam|[from] ability: Electromorphosis\n|move|p1b: Toedscruel|Giga Drain|p2a: Gothitelle\n|-crit|p2a: Gothitelle\n|-damage|p2a: Gothitelle|59\/100\n|-heal|p1b: Toedscruel|97\/100|[from] drain|[of] p2a: Gothitelle\n|move|p2b: Bellibolt|Parabolic Charge|p1a: Flutter Mane|[spread] p2a,p1a,p1b\n|-supereffective|p1b: Toedscruel\n|-damage|p2a: Gothitelle|18\/100\n|-heal|p2b: Bellibolt|60\/100|[from] drain|[of] p2a: Gothitelle\n|-damage|p1a: Flutter Mane|52\/100\n|-heal|p2b: Bellibolt|79\/100|[from] drain|[of] p1a: Flutter Mane\n|-damage|p1b: Toedscruel|4\/100\n|-heal|p2b: Bellibolt|100\/100|[from] drain|[of] p1b: Toedscruel\n|-end|p2b: Bellibolt|Charge|[silent]\n|\n|-weather|none\n|-heal|p2a: Gothitelle|24\/100|[from] item: Leftovers\n|-sideend|p2: ugh50|move: Tailwind\n|upkeep\n|turn|6\n|inactive|Lucario3021 has 30 seconds left.\n|inactive|ugh50 has 30 seconds left.\n|\n|t:|1682471365\n|move|p2a: Gothitelle|Protect|p2a: Gothitelle\n|-singleturn|p2a: Gothitelle|Protect\n|move|p1a: Flutter Mane|Dazzling Gleam|p2a: Gothitelle|[spread] p2b\n|-activate|p2a: Gothitelle|move: Protect\n|-damage|p2b: Bellibolt|80\/100\n|-start|p2b: Bellibolt|Charge|Dazzling Gleam|[from] ability: Electromorphosis\n|move|p1b: Toedscruel|Earth Power|p2b: Bellibolt\n|-supereffective|p2b: Bellibolt\n|-damage|p2b: Bellibolt|36\/100\n|-start|p2b: Bellibolt|Charge|Earth Power|[from] ability: Electromorphosis\n|move|p2b: Bellibolt|Discharge|p1a: Flutter Mane|[spread] p1a,p1b\n|-activate|p2a: Gothitelle|move: Protect\n|-supereffective|p1b: Toedscruel\n|-damage|p1a: Flutter Mane|0 fnt\n|-damage|p1b: Toedscruel|0 fnt\n|faint|p1a: Flutter Mane\n|-end|p1a: Flutter Mane|Protosynthesis|[silent]\n|faint|p1b: Toedscruel\n|-end|p2b: Bellibolt|Charge|[silent]\n|\n|-heal|p2a: Gothitelle|31\/100|[from] item: Leftovers\n|upkeep\n|\n|t:|1682471372\n|switch|p1a: Dragonite|Dragonite, L50, F|100\/100\n|switch|p1b: Pawmot|Pawmot, L50, M|100\/100\n|turn|7\n|inactive|ugh50 has 30 seconds left.\n|inactive|ugh50 has 20 seconds left.\n|inactive|ugh50 has 15 seconds left.\n|\n|t:|1682471414\n|-terastallize|p2a: Gothitelle|Ground\n|move|p2a: Gothitelle|Fake Out||[still]\n|-hint|Fake Out only works on your first turn out.\n|-fail|p2a: Gothitelle\n|move|p1b: Pawmot|Entrainment|p2b: Bellibolt\n|-endability|p2b: Bellibolt|Electromorphosis|[from] move: Entrainment\n|-ability|p2b: Bellibolt|Natural Cure|[from] move: Entrainment\n|move|p1a: Dragonite|Dragon Dance|p1a: Dragonite\n|-boost|p1a: Dragonite|atk|1\n|-boost|p1a: Dragonite|spe|1\n|move|p2b: Bellibolt|Parabolic Charge|p1b: Pawmot|[spread] p1a,p1b\n|-immune|p2a: Gothitelle\n|-resisted|p1b: Pawmot\n|-crit|p1b: Pawmot\n|-damage|p1a: Dragonite|89\/100\n|-heal|p2b: Bellibolt|43\/100|[from] drain|[of] p1a: Dragonite\n|-damage|p1b: Pawmot|65\/100\n|-heal|p2b: Bellibolt|58\/100|[from] drain|[of] p1b: Pawmot\n|\n|-heal|p2a: Gothitelle|37\/100|[from] item: Leftovers\n|upkeep\n|turn|8\n|\n|t:|1682471436\n|move|p2a: Gothitelle|Protect|p2a: Gothitelle\n|-singleturn|p2a: Gothitelle|Protect\n|move|p1a: Dragonite|Extreme Speed|p2b: Bellibolt\n|-damage|p2b: Bellibolt|17\/100\n|move|p1b: Pawmot|Revival Blessing|p1b: Pawmot\n|\n|t:|1682471444\n|-heal|p1: Flutter Mane|50\/100|[from] move: Revival Blessing\n|move|p2b: Bellibolt|Slack Off|p2b: Bellibolt\n|-heal|p2b: Bellibolt|67\/100\n|\n|-heal|p2a: Gothitelle|43\/100|[from] item: Leftovers\n|upkeep\n|turn|9\n|inactive|Lucario3021 has 30 seconds left.\n|inactive|Lucario3021 has 20 seconds left.\n|inactive|Lucario3021 has 15 seconds left.\n|\n|t:|1682471488\n|move|p2a: Gothitelle|Fake Out||[still]\n|-hint|Fake Out only works on your first turn out.\n|-fail|p2a: Gothitelle\n|move|p1a: Dragonite|Extreme Speed|p2b: Bellibolt\n|-damage|p2b: Bellibolt|24\/100\n|move|p1b: Pawmot|Entrainment|p2a: Gothitelle\n|-endability|p2a: Gothitelle|Shadow Tag|[from] move: Entrainment\n|-ability|p2a: Gothitelle|Natural Cure|[from] move: Entrainment\n|move|p2b: Bellibolt|Soak|p1b: Pawmot\n|-start|p1b: Pawmot|typechange|Water\n|\n|-heal|p2a: Gothitelle|49\/100|[from] item: Leftovers\n|upkeep\n|turn|10\n|inactive|Lucario3021 has 30 seconds left.\n|\n|t:|1682471517\n|move|p2a: Gothitelle|Protect|p2a: Gothitelle\n|-singleturn|p2a: Gothitelle|Protect\n|move|p1a: Dragonite|Extreme Speed|p2b: Bellibolt\n|-damage|p2b: Bellibolt|0 fnt\n|faint|p2b: Bellibolt\n|move|p1b: Pawmot|Entrainment|p2a: Gothitelle\n|-activate|p2a: Gothitelle|move: Protect\n|\n|-heal|p2a: Gothitelle|56\/100|[from] item: Leftovers\n|upkeep\n|\n|t:|1682471528\n|switch|p2b: Kilowattrel|Kilowattrel, L50, F|100\/100\n|turn|11\n|inactive|ugh50 has 30 seconds left.\n|\n|t:|1682471554\n|move|p2a: Gothitelle|Fake Out||[still]\n|-hint|Fake Out only works on your first turn out.\n|-fail|p2a: Gothitelle\n|move|p1a: Dragonite|Extreme Speed|p2b: Kilowattrel\n|-damage|p2b: Kilowattrel|22\/100\n|move|p2b: Kilowattrel|Thunder|p1b: Pawmot|[miss]\n|-miss|p2b: Kilowattrel|p1b: Pawmot\n|move|p1b: Pawmot|Entrainment|p2b: Kilowattrel\n|-endability|p2b: Kilowattrel|Volt Absorb|[from] move: Entrainment\n|-ability|p2b: Kilowattrel|Natural Cure|[from] move: Entrainment\n|\n|-heal|p2a: Gothitelle|62\/100|[from] item: Leftovers\n|upkeep\n|turn|12\n|inactive|ugh50 has 30 seconds left.\n|\n|t:|1682471584\n|move|p2a: Gothitelle|Helping Hand|p2b: Kilowattrel\n|-singleturn|p2b: Kilowattrel|Helping Hand|[of] p2a: Gothitelle\n|move|p1a: Dragonite|Extreme Speed|p2b: Kilowattrel\n|-damage|p2b: Kilowattrel|0 fnt\n|faint|p2b: Kilowattrel\n|move|p1b: Pawmot|Entrainment||[still]\n|-fail|p1b: Pawmot\n|\n|-heal|p2a: Gothitelle|68\/100|[from] item: Leftovers\n|upkeep\n|\n|t:|1682471593\n|switch|p2b: Pelipper|Pelipper, L50, M|53\/100 par\n|-weather|RainDance|[from] ability: Drizzle|[of] p2b: Pelipper\n|turn|13\n|\n|t:|1682471611\n|move|p2a: Gothitelle|Fake Out||[still]\n|-hint|Fake Out only works on your first turn out.\n|-fail|p2a: Gothitelle\n|move|p1a: Dragonite|Extreme Speed|p2a: Gothitelle\n|-damage|p2a: Gothitelle|29\/100\n|move|p1b: Pawmot|Entrainment|p2b: Pelipper\n|-endability|p2b: Pelipper|Drizzle|[from] move: Entrainment\n|-ability|p2b: Pelipper|Natural Cure|[from] move: Entrainment\n|move|p2b: Pelipper|Hydro Pump|p1b: Pawmot|[miss]\n|-miss|p2b: Pelipper|p1b: Pawmot\n|\n|-weather|RainDance|[upkeep]\n|-heal|p2a: Gothitelle|36\/100|[from] item: Leftovers\n|upkeep\n|turn|14\n|inactive|ugh50 has 30 seconds left.\n|inactive|ugh50 has 20 seconds left.\n|\n|t:|1682471647\n|move|p2a: Gothitelle|Protect|p2a: Gothitelle\n|-singleturn|p2a: Gothitelle|Protect\n|move|p1b: Pawmot|Fake Out||[still]\n|-hint|Fake Out only works on your first turn out.\n|-fail|p1b: Pawmot\n|move|p1a: Dragonite|Extreme Speed|p2b: Pelipper\n|-damage|p2b: Pelipper|10\/100 par\n|cant|p2b: Pelipper|par\n|\n|-weather|RainDance|[upkeep]\n|-heal|p2a: Gothitelle|42\/100|[from] item: Leftovers\n|upkeep\n|turn|15\n|\n|t:|1682471664\n|move|p1a: Dragonite|Extreme Speed|p2a: Gothitelle\n|-damage|p2a: Gothitelle|3\/100\n|move|p1b: Pawmot|Nuzzle|p2b: Pelipper\n|-supereffective|p2b: Pelipper\n|-damage|p2b: Pelipper|0 fnt\n|faint|p2b: Pelipper\n|move|p2a: Gothitelle|Psychic|p1a: Dragonite\n|-damage|p1a: Dragonite|61\/100\n|\n|-weather|RainDance|[upkeep]\n|-heal|p2a: Gothitelle|9\/100|[from] item: Leftovers\n|upkeep\n|turn|16\n|-message|ugh50 forfeited.\n|\n|win|Lucario3021\n|raw|Lucario3021's rating: 1036 → 1070<\/strong> (+34 for winning)\n|raw|ugh50's rating: 1033 → 1018<\/strong> (-15 for losing)\n|l|\u2606ugh50\n","uploadtime":1682471674,"views":13,"p1id":"lucario3021","p2id":"ugh50","formatid":"gen9vgc2023regulationc","rating":1018,"private":0,"password":""}