{"id":"gen9vgc2023regulationc-1845224335","p1":"hggjjjh","p2":"ForcedOTS","format":"[Gen 9] VGC 2023 Regulation C","log":"|j|\u2606hggjjjh\n|j|\u2606ForcedOTS\n|t:|1681698552\n|gametype|doubles\n|player|p1|hggjjjh|lass-gen4dp|1143\n|player|p2|ForcedOTS|linebacker|1170\n|teamsize|p1|6\n|teamsize|p2|6\n|gen|9\n|tier|[Gen 9] VGC 2023 Regulation C\n|rated|\n|rule|Species Clause: Limit one of each Pok\u00e9mon\n|rule|Item Clause: Limit one of each item\n|clearpoke\n|poke|p1|Dragonite, L50, M|\n|poke|p1|Flutter Mane, L50|\n|poke|p1|Amoonguss, L50, M|\n|poke|p1|Chien-Pao, L50|\n|poke|p1|Arcanine, L50, F|\n|poke|p1|Palafin, L50, F|\n|poke|p2|Corviknight, L50, M|\n|poke|p2|Amoonguss, L50, F|\n|poke|p2|Palafin, L50, M|\n|poke|p2|Flutter Mane, L50|\n|poke|p2|Arcanine, L50, M|\n|poke|p2|Chien-Pao, L50|\n|teampreview|4\n|inactive|Battle timer is ON: inactive players will automatically lose when time's up. (requested by ForcedOTS)\n|\n|t:|1681698576\n|start\n|switch|p1a: Arcanine|Arcanine, L50, F|100\/100\n|switch|p1b: Palafin|Palafin, L50, F|100\/100\n|switch|p2a: Palafin|Palafin, L50, M, shiny|100\/100\n|switch|p2b: Arcanine|Arcanine, L50, M, shiny|100\/100\n|-ability|p2b: Arcanine|Intimidate|boost\n|-unboost|p1a: Arcanine|atk|1\n|-unboost|p1b: Palafin|atk|1\n|-ability|p1a: Arcanine|Intimidate|boost\n|-unboost|p2a: Palafin|atk|1\n|-unboost|p2b: Arcanine|atk|1\n|turn|1\n|\n|t:|1681698599\n|detailschange|p1b: Palafin|Palafin-Hero, L50, F\n|switch|p1b: Amoonguss|Amoonguss, L50, M|100\/100\n|detailschange|p2a: Palafin|Palafin-Hero, L50, M, shiny\n|switch|p2a: Amoonguss|Amoonguss, L50, F, shiny|100\/100\n|move|p2b: Arcanine|Will-O-Wisp|p1b: Amoonguss\n|-status|p1b: Amoonguss|brn\n|move|p1a: Arcanine|Will-O-Wisp|p2a: Amoonguss|[miss]\n|-miss|p1a: Arcanine|p2a: Amoonguss\n|\n|-damage|p1b: Amoonguss|95\/100 brn|[from] brn\n|upkeep\n|turn|2\n|c|\u2606ForcedOTS|Great minds think alike\n|inactive|hggjjjh has 30 seconds left.\n|inactive|ForcedOTS has 30 seconds left.\n|inactive|hggjjjh has 20 seconds left.\n|inactive|hggjjjh has 15 seconds left.\n|inactive|hggjjjh has 10 seconds left.\n|inactive|hggjjjh has 5 seconds left.\n|\n|t:|1681698649\n|switch|p2a: Palafin|Palafin-Hero, L50, M, shiny|100\/100\n|-activate|p2a: Palafin|ability: Zero to Hero\n|move|p1b: Amoonguss|Protect|p1b: Amoonguss\n|-singleturn|p1b: Amoonguss|Protect\n|move|p2b: Arcanine|Flare Blitz|p1b: Amoonguss\n|-activate|p1b: Amoonguss|move: Protect\n|move|p1a: Arcanine|Howl|p1a: Arcanine|[spread] p1a,p1b\n|-boost|p1a: Arcanine|atk|1\n|-boost|p1b: Amoonguss|atk|1\n|\n|-damage|p1b: Amoonguss|89\/100 brn|[from] brn\n|upkeep\n|turn|3\n|inactive|hggjjjh has 30 seconds left.\n|\n|t:|1681698676\n|switch|p1b: Palafin|Palafin-Hero, L50, F|100\/100\n|-activate|p1b: Palafin|ability: Zero to Hero\n|-terastallize|p1a: Arcanine|Water\n|move|p2a: Palafin|Protect|p2a: Palafin\n|-singleturn|p2a: Palafin|Protect\n|move|p2b: Arcanine|Flare Blitz|p1b: Palafin\n|-resisted|p1b: Palafin\n|-damage|p1b: Palafin|84\/100\n|-damage|p2b: Arcanine|94\/100|[from] Recoil\n|move|p1a: Arcanine|Will-O-Wisp|p2a: Palafin\n|-activate|p2a: Palafin|move: Protect\n|\n|upkeep\n|turn|4\n|\n|t:|1681698697\n|switch|p2b: Amoonguss|Amoonguss, L50, F, shiny|100\/100\n|-terastallize|p2a: Palafin|Water\n|move|p1a: Arcanine|Extreme Speed|p2b: Amoonguss\n|-damage|p2b: Amoonguss|80\/100\n|move|p1b: Palafin|Jet Punch|p2b: Amoonguss\n|-resisted|p2b: Amoonguss\n|-damage|p2b: Amoonguss|60\/100\n|move|p2a: Palafin|Wave Crash|p1b: Palafin\n|-resisted|p1b: Palafin\n|-damage|p1b: Palafin|35\/100\n|-damage|p2a: Palafin|84\/100|[from] Recoil\n|\n|upkeep\n|turn|5\n|\n|t:|1681698714\n|switch|p1b: Amoonguss|Amoonguss, L50, M|100\/100 brn\n|switch|p2b: Arcanine|Arcanine, L50, M, shiny|94\/100\n|-ability|p2b: Arcanine|Intimidate|boost\n|-unboost|p1a: Arcanine|atk|1\n|-unboost|p1b: Amoonguss|atk|1\n|move|p1a: Arcanine|Will-O-Wisp|p2a: Palafin\n|-status|p2a: Palafin|brn\n|move|p2a: Palafin|Wave Crash|p1b: Amoonguss\n|-resisted|p1b: Amoonguss\n|-damage|p1b: Amoonguss|80\/100 brn\n|-damage|p2a: Palafin|77\/100 brn|[from] Recoil\n|\n|-damage|p2a: Palafin|71\/100 brn|[from] brn\n|-damage|p1b: Amoonguss|74\/100 brn|[from] brn\n|upkeep\n|turn|6\n|inactive|hggjjjh has 30 seconds left.\n|inactive|ForcedOTS has 30 seconds left.\n|inactive|hggjjjh has 20 seconds left.\n|inactive|hggjjjh has 15 seconds left.\n|inactive|ForcedOTS has 20 seconds left.\n|inactive|hggjjjh has 10 seconds left.\n|\n|t:|1681698762\n|switch|p1a: Flutter Mane|Flutter Mane, L50|100\/100\n|switch|p2a: Flutter Mane|Flutter Mane, L50, shiny|100\/100\n|move|p1b: Amoonguss|Protect|p1b: Amoonguss\n|-singleturn|p1b: Amoonguss|Protect\n|move|p2b: Arcanine|Flare Blitz|p1b: Amoonguss\n|-activate|p1b: Amoonguss|move: Protect\n|\n|-damage|p1b: Amoonguss|68\/100 brn|[from] brn\n|upkeep\n|turn|7\n|\n|t:|1681698784\n|-end|p2a: Flutter Mane|Protosynthesis|[silent]\n|switch|p2a: Amoonguss|Amoonguss, L50, F, shiny|93\/100\n|switch|p1b: Arcanine|Arcanine, L50, F, tera:Water|100\/100\n|-ability|p1b: Arcanine|Intimidate|boost\n|-unboost|p2a: Amoonguss|atk|1\n|-unboost|p2b: Arcanine|atk|1\n|move|p1a: Flutter Mane|Shadow Ball|p2a: Amoonguss\n|-damage|p2a: Amoonguss|47\/100\n|move|p2b: Arcanine|Flare Blitz|p1a: Flutter Mane\n|-damage|p1a: Flutter Mane|25\/100\n|-damage|p2b: Arcanine|71\/100|[from] Recoil\n|\n|upkeep\n|turn|8\n|inactive|hggjjjh has 30 seconds left.\n|inactive|hggjjjh has 20 seconds left.\n|inactive|hggjjjh has 15 seconds left.\n|\n|t:|1681698827\n|switch|p2a: Palafin|Palafin-Hero, L50, M, shiny, tera:Water|71\/100 brn\n|move|p1a: Flutter Mane|Shadow Ball|p2b: Arcanine\n|-damage|p2b: Arcanine|0 fnt\n|faint|p2b: Arcanine\n|move|p1b: Arcanine|Flare Blitz|p2a: Palafin\n|-resisted|p2a: Palafin\n|-damage|p2a: Palafin|46\/100 brn\n|-damage|p1b: Arcanine|92\/100|[from] Recoil\n|\n|-damage|p2a: Palafin|40\/100 brn|[from] brn\n|upkeep\n|\n|t:|1681698834\n|switch|p2b: Flutter Mane|Flutter Mane, L50, shiny|100\/100\n|turn|9\n|inactive|hggjjjh has 30 seconds left.\n|\n|t:|1681698859\n|move|p2a: Palafin|Jet Punch|p1a: Flutter Mane\n|-damage|p1a: Flutter Mane|0 fnt\n|faint|p1a: Flutter Mane\n|-end|p1a: Flutter Mane|Protosynthesis|[silent]\n|move|p2b: Flutter Mane|Thunderbolt|p1b: Arcanine\n|-supereffective|p1b: Arcanine\n|-damage|p1b: Arcanine|0 fnt\n|faint|p1b: Arcanine\n|\n|-damage|p2a: Palafin|34\/100 brn|[from] brn\n|upkeep\n|\n|t:|1681698867\n|switch|p1a: Palafin|Palafin-Hero, L50, F|35\/100\n|switch|p1b: Amoonguss|Amoonguss, L50, M|100\/100 brn\n|turn|10\n|\n|t:|1681698876\n|switch|p2a: Amoonguss|Amoonguss, L50, F, shiny|80\/100\n|move|p1a: Palafin|Protect|p1a: Palafin\n|-singleturn|p1a: Palafin|Protect\n|move|p2b: Flutter Mane|Thunderbolt|p1a: Palafin\n|-activate|p1a: Palafin|move: Protect\n|move|p1b: Amoonguss|Spore|p2b: Flutter Mane\n|-status|p2b: Flutter Mane|slp|[from] move: Spore\n|\n|-damage|p1b: Amoonguss|95\/100 brn|[from] brn\n|upkeep\n|turn|11\n|\n|t:|1681698893\n|cant|p2b: Flutter Mane|slp\n|move|p1a: Palafin|Wave Crash|p2b: Flutter Mane\n|-damage|p2b: Flutter Mane|0 fnt\n|faint|p2b: Flutter Mane\n|-end|p2b: Flutter Mane|Protosynthesis|[silent]\n|-damage|p1a: Palafin|9\/100|[from] Recoil\n|move|p2a: Amoonguss|Pollen Puff|p1a: Palafin\n|-damage|p1a: Palafin|0 fnt\n|faint|p1a: Palafin\n|move|p1b: Amoonguss|Pollen Puff|p1: Palafin|[notarget]\n|-fail|p1b: Amoonguss\n|\n|-damage|p1b: Amoonguss|89\/100 brn|[from] brn\n|upkeep\n|\n|t:|1681698901\n|switch|p2b: Palafin|Palafin-Hero, L50, M, shiny, tera:Water|34\/100 brn\n|turn|12\n|\n|t:|1681698907\n|move|p2b: Palafin|Wave Crash|p1b: Amoonguss\n|-resisted|p1b: Amoonguss\n|-damage|p1b: Amoonguss|67\/100 brn\n|-damage|p2b: Palafin|26\/100 brn|[from] Recoil\n|move|p2a: Amoonguss|Pollen Puff|p1b: Amoonguss\n|-damage|p1b: Amoonguss|50\/100 brn\n|-enditem|p1b: Amoonguss|Sitrus Berry|[eat]\n|-heal|p1b: Amoonguss|75\/100 brn|[from] item: Sitrus Berry\n|move|p1b: Amoonguss|Pollen Puff|p2b: Palafin\n|-damage|p2b: Palafin|10\/100 brn\n|\n|-damage|p2b: Palafin|4\/100 brn|[from] brn\n|-damage|p1b: Amoonguss|70\/100 brn|[from] brn\n|upkeep\n|turn|13\n|\n|t:|1681698921\n|move|p2b: Palafin|Jet Punch|p1b: Amoonguss\n|-resisted|p1b: Amoonguss\n|-damage|p1b: Amoonguss|59\/100 brn\n|move|p2a: Amoonguss|Pollen Puff|p2b: Palafin\n|-heal|p2b: Palafin|54\/100 brn\n|move|p1b: Amoonguss|Pollen Puff|p2b: Palafin\n|-damage|p2b: Palafin|37\/100 brn\n|\n|-damage|p2b: Palafin|31\/100 brn|[from] brn\n|-damage|p1b: Amoonguss|53\/100 brn|[from] brn\n|upkeep\n|turn|14\n|\n|t:|1681698932\n|move|p2b: Palafin|Jet Punch|p1b: Amoonguss\n|-resisted|p1b: Amoonguss\n|-damage|p1b: Amoonguss|42\/100 brn\n|move|p1b: Amoonguss|Pollen Puff|p2a: Amoonguss\n|-damage|p2a: Amoonguss|64\/100\n|move|p2a: Amoonguss|Pollen Puff|p2b: Palafin\n|-heal|p2b: Palafin|81\/100 brn\n|\n|-damage|p2b: Palafin|75\/100 brn|[from] brn\n|-damage|p1b: Amoonguss|36\/100 brn|[from] brn\n|upkeep\n|turn|15\n|\n|t:|1681698942\n|move|p2b: Palafin|Wave Crash|p1b: Amoonguss\n|-resisted|p1b: Amoonguss\n|-damage|p1b: Amoonguss|13\/100 brn\n|-damage|p2b: Palafin|67\/100 brn|[from] Recoil\n|move|p2a: Amoonguss|Pollen Puff|p1b: Amoonguss\n|-damage|p1b: Amoonguss|0 fnt\n|faint|p1b: Amoonguss\n|\n|win|ForcedOTS\n|raw|hggjjjh's rating: 1143 → 1120<\/strong> (-23 for losing)\n|raw|ForcedOTS's rating: 1170 → 1193<\/strong> (+23 for winning)\n|c|\u2606ForcedOTS|gg\n|l|\u2606hggjjjh\n","uploadtime":1681698954,"views":14,"p1id":"hggjjjh","p2id":"forcedots","formatid":"gen9vgc2023regulationc","rating":1120,"private":0,"password":""}