{"id":"gen9vgc2023regulationc-1845265775","p1":"sleepyzeraora","p2":"StrawHatRonin","format":"[Gen 9] VGC 2023 Regulation C","log":"|j|\u2606sleepyzeraora\n|j|\u2606StrawHatRonin\n|t:|1681704450\n|gametype|doubles\n|player|p1|sleepyzeraora|169|1000\n|player|p2|StrawHatRonin|morty|1077\n|teamsize|p1|6\n|teamsize|p2|6\n|gen|9\n|tier|[Gen 9] VGC 2023 Regulation C\n|rated|\n|rule|Species Clause: Limit one of each Pok\u00e9mon\n|rule|Item Clause: Limit one of each item\n|clearpoke\n|poke|p1|Toxtricity, L50, F|\n|poke|p1|Annihilape, L50, F|\n|poke|p1|Amoonguss, L50, F|\n|poke|p1|Ceruledge, L50, F|\n|poke|p1|Baxcalibur, L50, F|\n|poke|p1|Electrode, L50|\n|poke|p2|Annihilape, L50, F|\n|poke|p2|Amoonguss, L50, M|\n|poke|p2|Arcanine, L50, M|\n|poke|p2|Maushold, L50|\n|poke|p2|Pelipper, L50, F|\n|poke|p2|Drednaw, L50, F|\n|teampreview|4\n|inactive|Battle timer is ON: inactive players will automatically lose when time's up. (requested by StrawHatRonin)\nsleepyzeraora rejected open team sheets.\n|\n|t:|1681704465\n|start\n|switch|p1a: burn baby burn|Ceruledge, L50, F|100\/100\n|switch|p1b: Electrode|Electrode, L50|100\/100\n|switch|p2a: Annihilape|Annihilape, L50, F|100\/100\n|switch|p2b: Maushold|Maushold, L50|100\/100\n|turn|1\n|inactive|sleepyzeraora has 30 seconds left.\n|\n|t:|1681704491\n|move|p1b: Electrode|Rollout|p1a: burn baby burn\n|-supereffective|p1a: burn baby burn\n|-damage|p1a: burn baby burn|90\/100\n|-ability|p1a: burn baby burn|Weak Armor|boost\n|-unboost|p1a: burn baby burn|def|1\n|-boost|p1a: burn baby burn|spe|2\n|-enditem|p1a: burn baby burn|Weakness Policy\n|-boost|p1a: burn baby burn|atk|2|[from] item: Weakness Policy\n|-boost|p1a: burn baby burn|spa|2|[from] item: Weakness Policy\n|move|p1a: burn baby burn|Bitter Blade|p2b: Maushold\n|-damage|p2b: Maushold|0 fnt\n|-heal|p1a: burn baby burn|100\/100|[from] drain|[of] p2b: Maushold\n|faint|p2b: Maushold\n|move|p2a: Annihilape|Rage Fist|p1a: burn baby burn\n|-supereffective|p1a: burn baby burn\n|-damage|p1a: burn baby burn|3\/100\n|-ability|p1a: burn baby burn|Weak Armor|boost\n|-unboost|p1a: burn baby burn|def|1\n|-boost|p1a: burn baby burn|spe|2\n|\n|upkeep\n|\n|t:|1681704514\n|switch|p2b: Amoonguss|Amoonguss, L50, M|100\/100\n|turn|2\n|inactive|sleepyzeraora has 30 seconds left.\n|inactive|sleepyzeraora has 20 seconds left.\n|\n|t:|1681704549\n|move|p2b: Amoonguss|Protect|p2b: Amoonguss\n|-singleturn|p2b: Amoonguss|Protect\n|move|p1a: burn baby burn|Bitter Blade|p2b: Amoonguss\n|-activate|p2b: Amoonguss|move: Protect\n|move|p1b: Electrode|Rollout|p1a: burn baby burn|[from]lockedmove\n|-supereffective|p1a: burn baby burn\n|-damage|p1a: burn baby burn|0 fnt\n|faint|p1a: burn baby burn\n|move|p2a: Annihilape|Rage Fist|p1b: Electrode\n|-damage|p1b: Electrode|65\/100\n|\n|upkeep\n|\n|t:|1681704564\n|switch|p1a: lets wock|Toxtricity, L50, F|100\/100\n|turn|3\n|\n|t:|1681704587\n|move|p1b: Electrode|Rollout|p1a: lets wock|[from]lockedmove\n|-damage|p1a: lets wock|76\/100\n|move|p1a: lets wock|Overdrive|p2a: Annihilape|[spread] p2a,p2b\n|-resisted|p2b: Amoonguss\n|-damage|p2a: Annihilape|73\/100\n|-damage|p2b: Amoonguss|84\/100\n|-enditem|p1a: lets wock|Throat Spray\n|-boost|p1a: lets wock|spa|1|[from] item: Throat Spray\n|move|p2a: Annihilape|Bulk Up|p2a: Annihilape\n|-boost|p2a: Annihilape|atk|1\n|-boost|p2a: Annihilape|def|1\n|move|p2b: Amoonguss|Spore|p1a: lets wock\n|-status|p1a: lets wock|slp|[from] move: Spore\n|\n|-heal|p2a: Annihilape|79\/100|[from] item: Leftovers\n|upkeep\n|turn|4\n|\n|t:|1681704610\n|move|p1b: Electrode|Rollout|p1a: lets wock|[from]lockedmove\n|-damage|p1a: lets wock|29\/100 slp\n|cant|p1a: lets wock|slp\n|move|p2a: Annihilape|Bulk Up|p2a: Annihilape\n|-boost|p2a: Annihilape|atk|1\n|-boost|p2a: Annihilape|def|1\n|move|p2b: Amoonguss|Spore|p1b: Electrode\n|-status|p1b: Electrode|slp|[from] move: Spore\n|\n|-heal|p2a: Annihilape|86\/100|[from] item: Leftovers\n|upkeep\n|turn|5\n|\n|t:|1681704634\n|switch|p2b: Arcanine|Arcanine, L50, M|100\/100\n|-ability|p2b: Arcanine|Intimidate|boost\n|-unboost|p1a: lets wock|atk|1\n|-unboost|p1b: Electrode|atk|1\n|cant|p1b: Electrode|slp\n|-curestatus|p1a: lets wock|slp|[msg]\n|move|p1a: lets wock|Boomburst|p2a: Annihilape|[spread] p2b\n|-immune|p1b: Electrode|[from] ability: Soundproof\n|-immune|p2a: Annihilape\n|-damage|p2b: Arcanine|24\/100\n|move|p2a: Annihilape|Drain Punch|p1b: Electrode\n|-damage|p1b: Electrode|0 fnt\n|-heal|p2a: Annihilape|100\/100|[from] drain|[of] p1b: Electrode\n|faint|p1b: Electrode\n|\n|upkeep\n|\n|t:|1681704649\n|switch|p1b: im upside down|Baxcalibur, L50, F|100\/100\n|turn|6\n|\n|t:|1681704662\n|move|p2a: Annihilape|Protect|p2a: Annihilape\n|-singleturn|p2a: Annihilape|Protect\n|move|p2b: Arcanine|Extreme Speed|p1a: lets wock\n|-damage|p1a: lets wock|0 fnt\n|faint|p1a: lets wock\n|-damage|p2b: Arcanine|15\/100|[from] item: Life Orb\n|move|p1b: im upside down|Glaive Rush|p2a: Annihilape\n|-activate|p2a: Annihilape|move: Protect\n|\n|upkeep\n|turn|7\n|\n|t:|1681704680\n|-terastallize|p1b: im upside down|Dragon\n|move|p2b: Arcanine|Extreme Speed|p1b: im upside down\n|-damage|p1b: im upside down|64\/100\n|-damage|p2b: Arcanine|5\/100|[from] item: Life Orb\n|move|p1b: im upside down|Glaive Rush|p2a: Annihilape\n|-damage|p2a: Annihilape|59\/100\n|-singlemove|p1b: im upside down|Glaive Rush|[silent]\n|move|p2a: Annihilape|Drain Punch|p1b: im upside down\n|-damage|p1b: im upside down|0 fnt\n|-heal|p2a: Annihilape|88\/100|[from] drain|[of] p1b: im upside down\n|faint|p1b: im upside down\n|\n|win|StrawHatRonin\n|raw|sleepyzeraora's rating: 1000 → 1000<\/strong> (+0 for losing)\n|raw|StrawHatRonin's rating: 1077 → 1099<\/strong> (+22 for winning)\n|l|\u2606sleepyzeraora\n","uploadtime":1681704702,"views":14,"p1id":"sleepyzeraora","p2id":"strawhatronin","formatid":"gen9vgc2023regulationc","rating":1000,"private":0,"password":""}