{"id":"gen9vgc2023regulationc-1852232213","p1":"b(R)2","p2":"NGZIN_BR","format":"[Gen 9] VGC 2023 Regulation C","log":"|j|\u2606b(R)2\n|j|\u2606NGZIN_BR\n|t:|1682535076\n|gametype|doubles\n|player|p1|b(R)2|266|1133\n|player|p2|NGZIN_BR|dawn|1168\n|teamsize|p1|6\n|teamsize|p2|6\n|gen|9\n|tier|[Gen 9] VGC 2023 Regulation C\n|rated|\n|rule|Species Clause: Limit one of each Pok\u00e9mon\n|rule|Item Clause: Limit one of each item\n|clearpoke\n|poke|p1|Roaring Moon, L50|\n|poke|p1|Amoonguss, L50, M|\n|poke|p1|Ting-Lu, L50|\n|poke|p1|Arcanine, L50, F|\n|poke|p1|Garganacl, L50, F|\n|poke|p1|Iron Bundle, L50|\n|poke|p2|Talonflame, L50, M|\n|poke|p2|Garchomp, L50, F|\n|poke|p2|Wo-Chien, L50|\n|poke|p2|Armarouge, L50, F|\n|poke|p2|Indeedee-F, L50, F|\n|poke|p2|Amoonguss, L50, F|\n|teampreview|4\n|inactive|Battle timer is ON: inactive players will automatically lose when time's up. (requested by NGZIN_BR)\nb(R)2 has agreed to open team sheets.\n|inactive|b(R)2 has 60 seconds left.\n|inactive|b(R)2 has 30 seconds left.\n|\n|t:|1682535144\n|start\n|switch|p1a: Roaring Moon|Roaring Moon, L50|100\/100\n|switch|p1b: Ting-Lu|Ting-Lu, L50|100\/100\n|switch|p2a: Talonflame|Talonflame, L50, M|100\/100\n|switch|p2b: Garchomp|Garchomp, L50, F|100\/100\n|-ability|p1b: Ting-Lu|Vessel of Ruin\n|-enditem|p1a: Roaring Moon|Booster Energy\n|-activate|p1a: Roaring Moon|ability: Protosynthesis|[fromitem]\n|-start|p1a: Roaring Moon|protosynthesisatk\n|turn|1\n|inactive|b(R)2 has 30 seconds left.\n|\n|t:|1682535173\n|-terastallize|p1a: Roaring Moon|Flying\n|-terastallize|p2b: Garchomp|Steel\n|move|p2a: Talonflame|Tailwind|p2a: Talonflame\n|-sidestart|p2: NGZIN_BR|move: Tailwind\n|move|p2b: Garchomp|Swords Dance|p2b: Garchomp\n|-boost|p2b: Garchomp|atk|2\n|move|p1a: Roaring Moon|Acrobatics|p2b: Garchomp\n|-resisted|p2b: Garchomp\n|-damage|p2b: Garchomp|60\/100\n|-damage|p1a: Roaring Moon|88\/100|[from] ability: Rough Skin|[of] p2b: Garchomp\n|move|p1b: Ting-Lu|Stomping Tantrum|p2b: Garchomp\n|-supereffective|p2b: Garchomp\n|-damage|p2b: Garchomp|4\/100\n|-damage|p1b: Ting-Lu|88\/100|[from] ability: Rough Skin|[of] p2b: Garchomp\n|\n|upkeep\n|turn|2\n|inactive|b(R)2 has 30 seconds left.\n|\n|t:|1682535200\n|move|p2a: Talonflame|Will-O-Wisp|p1b: Ting-Lu\n|-status|p1b: Ting-Lu|brn\n|move|p2b: Garchomp|Rock Slide|p1b: Ting-Lu|[spread] p1a\n|-miss|p2b: Garchomp|p1b: Ting-Lu\n|-supereffective|p1a: Roaring Moon\n|-damage|p1a: Roaring Moon|0 fnt\n|faint|p1a: Roaring Moon\n|-end|p1a: Roaring Moon|Protosynthesis|[silent]\n|-damage|p2b: Garchomp|0 fnt|[from] item: Life Orb\n|faint|p2b: Garchomp\n|move|p1b: Ting-Lu|Earthquake|p2a: Talonflame\n|-immune|p2a: Talonflame\n|\n|-damage|p1b: Ting-Lu|82\/100 brn|[from] brn\n|upkeep\n|\n|t:|1682535217\n|switch|p1a: Iron Bundle|Iron Bundle, L50|100\/100\n|switch|p2b: Indeedee|Indeedee-F, L50, F|100\/100\n|-fieldstart|move: Psychic Terrain|[from] ability: Psychic Surge|[of] p2b: Indeedee\n|turn|3\n|\n|t:|1682535230\n|move|p1a: Iron Bundle|Protect|p1a: Iron Bundle\n|-singleturn|p1a: Iron Bundle|Protect\n|move|p2a: Talonflame|Will-O-Wisp|p1a: Iron Bundle\n|-activate|p1a: Iron Bundle|move: Protect\n|move|p2b: Indeedee|Draining Kiss|p1b: Ting-Lu\n|-supereffective|p1b: Ting-Lu\n|-damage|p1b: Ting-Lu|72\/100 brn\n|move|p1b: Ting-Lu|Ruination|p2a: Talonflame\n|-damage|p2a: Talonflame|51\/100\n|\n|-damage|p1b: Ting-Lu|66\/100 brn|[from] brn\n|upkeep\n|turn|4\n|\n|t:|1682535252\n|-end|p1a: Iron Bundle|Quark Drive|[silent]\n|switch|p1a: Amoonguss|Amoonguss, L50, M|100\/100\n|move|p2a: Talonflame|Brave Bird|p1b: Ting-Lu\n|-damage|p1b: Ting-Lu|44\/100 brn\n|-damage|p2a: Talonflame|40\/100|[from] Recoil\n|move|p2b: Indeedee|Calm Mind|p2b: Indeedee\n|-boost|p2b: Indeedee|spa|1\n|-boost|p2b: Indeedee|spd|1\n|move|p1b: Ting-Lu|Ruination|p2b: Indeedee|[miss]\n|-miss|p1b: Ting-Lu|p2b: Indeedee\n|\n|-damage|p1b: Ting-Lu|38\/100 brn|[from] brn\n|-sideend|p2: NGZIN_BR|move: Tailwind\n|upkeep\n|turn|5\n|inactive|b(R)2 has 30 seconds left.\n|\n|t:|1682535277\n|move|p2a: Talonflame|Will-O-Wisp|p1a: Amoonguss\n|-status|p1a: Amoonguss|brn\n|move|p2b: Indeedee|Psyshock|p1a: Amoonguss\n|-supereffective|p1a: Amoonguss\n|-damage|p1a: Amoonguss|20\/100 brn\n|move|p1b: Ting-Lu|Ruination|p2b: Indeedee\n|-damage|p2b: Indeedee|51\/100\n|move|p1a: Amoonguss|Pollen Puff|p1b: Ting-Lu\n|-heal|p1b: Ting-Lu|88\/100 brn\n|\n|-damage|p1b: Ting-Lu|81\/100 brn|[from] brn\n|-damage|p1a: Amoonguss|14\/100 brn|[from] brn\n|upkeep\n|turn|6\n|inactive|b(R)2 has 30 seconds left.\n|inactive|NGZIN_BR has 30 seconds left.\n|\n|t:|1682535304\n|move|p1a: Amoonguss|Protect|p1a: Amoonguss\n|-singleturn|p1a: Amoonguss|Protect\n|move|p2a: Talonflame|Tailwind|p2a: Talonflame\n|-sidestart|p2: NGZIN_BR|move: Tailwind\n|move|p2b: Indeedee|Psyshock|p1a: Amoonguss\n|-activate|p1a: Amoonguss|move: Protect\n|move|p1b: Ting-Lu|Ruination|p2b: Indeedee\n|-damage|p2b: Indeedee|26\/100\n|\n|-damage|p1b: Ting-Lu|75\/100 brn|[from] brn\n|-damage|p1a: Amoonguss|8\/100 brn|[from] brn\n|upkeep\n|turn|7\n|inactive|b(R)2 has 30 seconds left.\n|\n|t:|1682535329\n|move|p2a: Talonflame|Brave Bird|p1a: Amoonguss\n|-supereffective|p1a: Amoonguss\n|-damage|p1a: Amoonguss|0 fnt\n|-damage|p2a: Talonflame|24\/100|[from] item: Rocky Helmet|[of] p1a: Amoonguss\n|faint|p1a: Amoonguss\n|-damage|p2a: Talonflame|21\/100|[from] Recoil\n|move|p2b: Indeedee|Draining Kiss|p1b: Ting-Lu\n|-supereffective|p1b: Ting-Lu\n|-damage|p1b: Ting-Lu|61\/100 brn\n|-heal|p2b: Indeedee|45\/100|[from] drain|[of] p1b: Ting-Lu\n|move|p1b: Ting-Lu|Earthquake|p2a: Talonflame|[spread] p2b\n|-immune|p2a: Talonflame\n|-damage|p2b: Indeedee|17\/100\n|\n|-damage|p1b: Ting-Lu|55\/100 brn|[from] brn\n|-fieldend|move: Psychic Terrain\n|upkeep\n|\n|t:|1682535344\n|switch|p1a: Iron Bundle|Iron Bundle, L50|100\/100\n|turn|8\n|\n|t:|1682535366\n|move|p1a: Iron Bundle|Protect|p1a: Iron Bundle\n|-singleturn|p1a: Iron Bundle|Protect\n|move|p2a: Talonflame|Will-O-Wisp|p1a: Iron Bundle\n|-activate|p1a: Iron Bundle|move: Protect\n|move|p2b: Indeedee|Draining Kiss|p1b: Ting-Lu\n|-supereffective|p1b: Ting-Lu\n|-damage|p1b: Ting-Lu|41\/100 brn\n|-heal|p2b: Indeedee|36\/100|[from] drain|[of] p1b: Ting-Lu\n|move|p1b: Ting-Lu|Heavy Slam|p2a: Talonflame\n|-resisted|p2a: Talonflame\n|-damage|p2a: Talonflame|11\/100\n|\n|-damage|p1b: Ting-Lu|35\/100 brn|[from] brn\n|upkeep\n|turn|9\n|inactive|b(R)2 has 30 seconds left.\n|\n|t:|1682535393\n|move|p2a: Talonflame|Brave Bird|p1a: Iron Bundle\n|-damage|p1a: Iron Bundle|59\/100\n|-damage|p2a: Talonflame|2\/100|[from] Recoil\n|move|p2b: Indeedee|Draining Kiss|p1b: Ting-Lu\n|-supereffective|p1b: Ting-Lu\n|-damage|p1b: Ting-Lu|22\/100 brn\n|-heal|p2b: Indeedee|54\/100|[from] drain|[of] p1b: Ting-Lu\n|move|p1a: Iron Bundle|Icy Wind|p2a: Talonflame|[spread] p2a,p2b\n|-damage|p2a: Talonflame|0 fnt\n|-damage|p2b: Indeedee|41\/100\n|-unboost|p2b: Indeedee|spe|1\n|faint|p2a: Talonflame\n|move|p1b: Ting-Lu|Stomping Tantrum|p2b: Indeedee\n|-damage|p2b: Indeedee|16\/100\n|\n|-damage|p1b: Ting-Lu|15\/100 brn|[from] brn\n|-sideend|p2: NGZIN_BR|move: Tailwind\n|upkeep\n|\n|t:|1682535412\n|switch|p2a: Armarouge|Armarouge, L50, F|100\/100\n|turn|10\n|\n|t:|1682535434\n|move|p1a: Iron Bundle|Icy Wind|p2a: Armarouge|[spread] p2a,p2b\n|-resisted|p2a: Armarouge\n|-damage|p2a: Armarouge|96\/100\n|-damage|p2b: Indeedee|5\/100\n|-unboost|p2a: Armarouge|spe|1\n|-unboost|p2b: Indeedee|spe|1\n|move|p2b: Indeedee|Draining Kiss|p1b: Ting-Lu\n|-supereffective|p1b: Ting-Lu\n|-damage|p1b: Ting-Lu|1\/100 brn\n|-heal|p2b: Indeedee|24\/100|[from] drain|[of] p1b: Ting-Lu\n|move|p1b: Ting-Lu|Earthquake|p2b: Indeedee|[spread] p1a,p2a,p2b\n|-supereffective|p2a: Armarouge\n|-crit|p2a: Armarouge\n|-damage|p1a: Iron Bundle|41\/100\n|-damage|p2a: Armarouge|51\/100\n|-damage|p2b: Indeedee|0 fnt\n|faint|p2b: Indeedee\n|move|p2a: Armarouge|Heat Wave|p1a: Iron Bundle|[spread] p1a,p1b\n|-damage|p1a: Iron Bundle|0 fnt\n|-damage|p1b: Ting-Lu|0 fnt\n|faint|p1a: Iron Bundle\n|-end|p1a: Iron Bundle|Quark Drive|[silent]\n|faint|p1b: Ting-Lu\n|\n|win|NGZIN_BR\n|raw|b(R)2's rating: 1133 → 1111<\/strong> (-22 for losing)\n|raw|NGZIN_BR's rating: 1168 → 1190<\/strong> (+22 for winning)\n","uploadtime":1682535454,"views":34,"p1id":"br2","p2id":"ngzinbr","formatid":"gen9vgc2023regulationc","rating":1111,"private":0,"password":""}