{"id":"gen9vgc2023regulationc-1854867632","p1":"salamencetv","p2":"Carlipop6","format":"[Gen 9] VGC 2023 Regulation C","log":"|j|\u2606salamencetv\n|j|\u2606Carlipop6\n|t:|1682875081\n|gametype|doubles\n|player|p1|salamencetv|pryce|\n|player|p2|Carlipop6|169|\n|teamsize|p1|6\n|teamsize|p2|6\n|gen|9\n|tier|[Gen 9] VGC 2023 Regulation C\n|rule|Species Clause: Limit one of each Pok\u00e9mon\n|rule|Item Clause: Limit one of each item\n|clearpoke\n|poke|p1|Gholdengo, L50|\n|poke|p1|Cetitan, L50, F|\n|poke|p1|Brute Bonnet, L50|\n|poke|p1|Slowking, L50, M|\n|poke|p1|Garchomp, L50, F|\n|poke|p1|Sylveon, L50, M|\n|poke|p2|Armarouge, L50, F|\n|poke|p2|Indeedee, L50, M|\n|poke|p2|Iron Hands, L50|\n|poke|p2|Amoonguss, L50, M|\n|poke|p2|Quaquaval, L50, F|\n|poke|p2|Misdreavus, L50, F|\n|teampreview|4\n|c|\u2606salamencetv|GLHF G2\n|inactive|Battle timer is ON: inactive players will automatically lose when time's up. (requested by Carlipop6)\n|\n|t:|1682875333\n|start\n|switch|p1a: Whalecum|Cetitan, L50, F|100\/100\n|switch|p1b: Whiffin|Slowking, L50, M|100\/100\n|switch|p2a: Misdreavus|Misdreavus, L50, F, shiny|100\/100\n|switch|p2b: Iron Hands|Iron Hands, L50, shiny|100\/100\n|turn|1\n|c|\u2606Carlipop6|same to you\n|inactive|Carlipop6 has 30 seconds left.\n|\n|t:|1682875358\n|switch|p1b: Dennis|Garchomp, L50, F|100\/100\n|move|p2b: Iron Hands|Fake Out|p1b: Dennis\n|-damage|p1b: Dennis|85\/100\n|-damage|p2b: Iron Hands|88\/100|[from] ability: Rough Skin|[of] p1b: Dennis\n|move|p2a: Misdreavus|Thunder Wave|p1b: Dennis\n|-immune|p1b: Dennis\n|move|p1a: Whalecum|Ice Spinner|p2a: Misdreavus\n|-damage|p2a: Misdreavus|62\/100\n|\n|upkeep\n|turn|2\n|inactive|salamencetv has 30 seconds left.\n|\n|t:|1682875389\n|-terastallize|p2b: Iron Hands|Flying\n|move|p1b: Dennis|Earthquake|p2a: Misdreavus|[spread] p1a\n|-immune|p2a: Misdreavus|[from] ability: Levitate\n|-immune|p2b: Iron Hands\n|-damage|p1a: Whalecum|63\/100\n|move|p2a: Misdreavus|Thunder Wave|p1a: Whalecum\n|-status|p1a: Whalecum|par\n|move|p2b: Iron Hands|Ice Punch|p1b: Dennis\n|-supereffective|p1b: Dennis\n|-damage|p1b: Dennis|0 fnt\n|-damage|p2b: Iron Hands|76\/100|[from] ability: Rough Skin|[of] p1b: Dennis\n|faint|p1b: Dennis\n|move|p1a: Whalecum|Ice Spinner|p2a: Misdreavus\n|-damage|p2a: Misdreavus|22\/100\n|\n|upkeep\n|\n|t:|1682875398\n|switch|p1b: GholdenGONOW|Gholdengo, L50|100\/100\n|turn|3\n|\n|t:|1682875421\n|move|p1b: GholdenGONOW|Make It Rain|p2b: Iron Hands|[spread] p2a,p2b\n|-damage|p2a: Misdreavus|0 fnt\n|-damage|p2b: Iron Hands|32\/100\n|-unboost|p1b: GholdenGONOW|spa|1\n|faint|p2a: Misdreavus\n|-damage|p1b: GholdenGONOW|91\/100|[from] item: Life Orb\n|move|p2b: Iron Hands|Drain Punch|p1a: Whalecum\n|-supereffective|p1a: Whalecum\n|-damage|p1a: Whalecum|0 fnt\n|-heal|p2b: Iron Hands|65\/100|[from] drain|[of] p1a: Whalecum\n|faint|p1a: Whalecum\n|\n|upkeep\n|\n|t:|1682875434\n|switch|p2a: Amoonguss|Amoonguss, L50, M, shiny|100\/100\n|switch|p1a: Whiffin|Slowking, L50, M|100\/100\n|turn|4\n|inactive|salamencetv has 30 seconds left.\n|\n|t:|1682875462\n|-terastallize|p1a: Whiffin|Fire\n|move|p2a: Amoonguss|Rage Powder|p2a: Amoonguss\n|-singleturn|p2a: Amoonguss|move: Rage Powder\n|move|p1b: GholdenGONOW|Thunderbolt|p2a: Amoonguss\n|-resisted|p2a: Amoonguss\n|-damage|p2a: Amoonguss|90\/100\n|-damage|p1b: GholdenGONOW|81\/100|[from] item: Life Orb\n|move|p2b: Iron Hands|Wild Charge|p1a: Whiffin\n|-damage|p1a: Whiffin|55\/100\n|-damage|p2b: Iron Hands|57\/100|[from] Recoil\n|move|p1a: Whiffin|Psychic|p2a: Amoonguss\n|-supereffective|p2a: Amoonguss\n|-damage|p2a: Amoonguss|49\/100\n|\n|upkeep\n|turn|5\n|\n|t:|1682875485\n|move|p2a: Amoonguss|Rage Powder|p2a: Amoonguss\n|-singleturn|p2a: Amoonguss|move: Rage Powder\n|move|p1b: GholdenGONOW|Shadow Ball|p2a: Amoonguss\n|-damage|p2a: Amoonguss|24\/100\n|-enditem|p2a: Amoonguss|Aguav Berry|[eat]\n|-heal|p2a: Amoonguss|57\/100|[from] item: Aguav Berry\n|-damage|p1b: GholdenGONOW|71\/100|[from] item: Life Orb\n|move|p2b: Iron Hands|Drain Punch|p1a: Whiffin\n|-damage|p1a: Whiffin|15\/100\n|-heal|p2b: Iron Hands|71\/100|[from] drain|[of] p1a: Whiffin\n|-enditem|p1a: Whiffin|Sitrus Berry|[eat]\n|-heal|p1a: Whiffin|40\/100|[from] item: Sitrus Berry\n|move|p1a: Whiffin|Flamethrower|p2a: Amoonguss\n|-supereffective|p2a: Amoonguss\n|-damage|p2a: Amoonguss|16\/100\n|\n|upkeep\n|turn|6\n|\n|t:|1682875503\n|move|p2a: Amoonguss|Rage Powder|p2a: Amoonguss\n|-singleturn|p2a: Amoonguss|move: Rage Powder\n|move|p1b: GholdenGONOW|Shadow Ball|p2a: Amoonguss\n|-damage|p2a: Amoonguss|0 fnt\n|faint|p2a: Amoonguss\n|-damage|p1b: GholdenGONOW|62\/100|[from] item: Life Orb\n|move|p2b: Iron Hands|Wild Charge|p1a: Whiffin\n|-damage|p1a: Whiffin|0 fnt\n|faint|p1a: Whiffin\n|-damage|p2b: Iron Hands|64\/100|[from] Recoil\n|\n|upkeep\n|\n|t:|1682875514\n|switch|p2a: Quaquaval|Quaquaval, L50, F|100\/100\n|turn|7\n|\n|t:|1682875531\n|move|p2a: Quaquaval|Aqua Step|p1b: GholdenGONOW\n|-damage|p1b: GholdenGONOW|10\/100\n|-boost|p2a: Quaquaval|spe|1\n|-damage|p2a: Quaquaval|90\/100|[from] item: Life Orb\n|move|p1b: GholdenGONOW|Thunderbolt|p2a: Quaquaval\n|-supereffective|p2a: Quaquaval\n|-damage|p2a: Quaquaval|0 fnt\n|faint|p2a: Quaquaval\n|-damage|p1b: GholdenGONOW|0 fnt|[from] item: Life Orb\n|faint|p1b: GholdenGONOW\n|\n|win|Carlipop6\n|c|\u2606salamencetv|GG\n|c|\u2606Carlipop6|gg\n|c|\u2606salamencetv|G3\n","uploadtime":1682875900,"views":10,"p1id":"salamencetv","p2id":"carlipop6","formatid":"gen9vgc2023regulationc","rating":0,"private":0,"password":""}