{"id":"gen9vgc2023regulationc-1858069430","p1":"elllisha_OWO","p2":"Arcacagne","format":"[Gen 9] VGC 2023 Regulation C","log":"|j|\u2606elllisha_OWO\n|j|\u2606Arcacagne\n|t:|1683270387\n|gametype|doubles\n|player|p1|elllisha_OWO|roxie|1164\n|player|p2|Arcacagne|1|1196\n|teamsize|p1|6\n|teamsize|p2|6\n|gen|9\n|tier|[Gen 9] VGC 2023 Regulation C\n|rated|\n|rule|Species Clause: Limit one of each Pok\u00e9mon\n|rule|Item Clause: Limit one of each item\n|clearpoke\n|poke|p1|Oranguru, L50, F|\n|poke|p1|Torkoal, L50, M|\n|poke|p1|Hariyama, L50, F|\n|poke|p1|Dragonite, L50, F|\n|poke|p1|Lilligant, L50, F|\n|poke|p1|Flutter Mane, L50|\n|poke|p2|Chi-Yu, L50|\n|poke|p2|Flutter Mane, L50|\n|poke|p2|Amoonguss, L50, F|\n|poke|p2|Palafin, L50, M|\n|poke|p2|Kingambit, L50, M|\n|poke|p2|Arcanine, L50, F|\n|teampreview|4\nelllisha_OWO has agreed to open team sheets.\nArcacagne has agreed to open team sheets.\n|inactive|Battle timer is ON: inactive players will automatically lose when time's up. (requested by elllisha_OWO)\n|\n|t:|1683270490\n|start\n|switch|p1a: Lilligant|Lilligant, L50, F|100\/100\n|switch|p1b: Torkoal|Torkoal, L50, M|100\/100\n|switch|p2a: Chi-Yu|Chi-Yu, L50|100\/100\n|switch|p2b: Palafin|Palafin, L50, M|100\/100\n|-ability|p2a: Chi-Yu|Beads of Ruin\n|-weather|SunnyDay|[from] ability: Drought|[of] p1b: Torkoal\n|turn|1\n|inactive|elllisha_OWO has 30 seconds left.\n|inactive|Arcacagne has 30 seconds left.\n|inactive|elllisha_OWO has 20 seconds left.\n|inactive|Arcacagne has 20 seconds left.\n|inactive|elllisha_OWO has 15 seconds left.\n|inactive|Arcacagne has 15 seconds left.\n|inactive|elllisha_OWO has 10 seconds left.\n|\n|t:|1683270537\n|move|p2b: Palafin|Protect|p2b: Palafin\n|-singleturn|p2b: Palafin|Protect\n|move|p1b: Torkoal|Protect|p1b: Torkoal\n|-singleturn|p1b: Torkoal|Protect\n|move|p1a: Lilligant|Leaf Storm|p2b: Palafin\n|-activate|p2b: Palafin|move: Protect\n|move|p2a: Chi-Yu|Heat Wave|p1b: Torkoal|[spread] p1a\n|-activate|p1b: Torkoal|move: Protect\n|-supereffective|p1a: Lilligant\n|-enditem|p1a: Lilligant|Focus Sash\n|-damage|p1a: Lilligant|1\/100\n|\n|-weather|SunnyDay|[upkeep]\n|upkeep\n|turn|2\n|\n|t:|1683270559\n|-terastallize|p1b: Torkoal|Fire\n|move|p2b: Palafin|Jet Punch|p1a: Lilligant\n|-resisted|p1a: Lilligant\n|-damage|p1a: Lilligant|0 fnt\n|faint|p1a: Lilligant\n|move|p2a: Chi-Yu|Nasty Plot|p2a: Chi-Yu\n|-boost|p2a: Chi-Yu|spa|2\n|move|p1b: Torkoal|Eruption|p2b: Palafin|[spread] p2a,p2b\n|-resisted|p2a: Chi-Yu\n|-resisted|p2b: Palafin\n|-damage|p2a: Chi-Yu|47\/100\n|-damage|p2b: Palafin|0 fnt\n|faint|p2b: Palafin\n|\n|-weather|SunnyDay|[upkeep]\n|upkeep\n|inactive|elllisha_OWO has 30 seconds left.\n|\n|t:|1683270585\n|switch|p1a: Hariyama|Hariyama, L50, F|100\/100\n|switch|p2b: Flutter Mane|Flutter Mane, L50|100\/100\n|-activate|p2b: Flutter Mane|ability: Protosynthesis\n|-start|p2b: Flutter Mane|protosynthesisspa\n|turn|3\n|inactive|elllisha_OWO has 30 seconds left.\n|inactive|elllisha_OWO has 20 seconds left.\n|inactive|elllisha_OWO has 15 seconds left.\n|\n|t:|1683270627\n|move|p2b: Flutter Mane|Protect|p2b: Flutter Mane\n|-singleturn|p2b: Flutter Mane|Protect\n|move|p2a: Chi-Yu|Protect|p2a: Chi-Yu\n|-singleturn|p2a: Chi-Yu|Protect\n|move|p1a: Hariyama|Bullet Punch|p2b: Flutter Mane\n|-activate|p2b: Flutter Mane|move: Protect\n|move|p1b: Torkoal|Heat Wave|p2a: Chi-Yu|[spread] \n|-activate|p2a: Chi-Yu|move: Protect\n|-activate|p2b: Flutter Mane|move: Protect\n|\n|-weather|SunnyDay|[upkeep]\n|-status|p1a: Hariyama|brn|[from] item: Flame Orb\n|upkeep\n|turn|4\n|inactive|elllisha_OWO has 30 seconds left.\n|inactive|elllisha_OWO has 20 seconds left.\n|inactive|elllisha_OWO has 15 seconds left.\n|inactive|elllisha_OWO has 10 seconds left.\n|\n|t:|1683270674\n|-end|p2b: Flutter Mane|Protosynthesis|[silent]\n|switch|p2b: Amoonguss|Amoonguss, L50, F|100\/100\n|move|p1a: Hariyama|Bullet Punch|p2b: Amoonguss\n|-damage|p2b: Amoonguss|83\/100\n|move|p2a: Chi-Yu|Dark Pulse|p1b: Torkoal\n|-damage|p1b: Torkoal|0 fnt\n|faint|p1b: Torkoal\n|\n|-weather|SunnyDay|[upkeep]\n|-damage|p1a: Hariyama|95\/100 brn|[from] brn\n|upkeep\n|\n|t:|1683270683\n|switch|p1b: Oranguru|Oranguru, L50, F|100\/100\n|turn|5\n|\n|t:|1683270694\n|move|p2b: Amoonguss|Rage Powder|p2b: Amoonguss\n|-singleturn|p2b: Amoonguss|move: Rage Powder\n|move|p1a: Hariyama|Bullet Punch|p2b: Amoonguss\n|-damage|p2b: Amoonguss|63\/100\n|move|p2a: Chi-Yu|Heat Wave|p1a: Hariyama|[spread] p1a,p1b\n|-damage|p1a: Hariyama|0 fnt\n|-damage|p1b: Oranguru|17\/100\n|faint|p1a: Hariyama\n|move|p1b: Oranguru|Trick Room|p1b: Oranguru\n|-fieldstart|move: Trick Room|[of] p1b: Oranguru\n|\n|-weather|none\n|upkeep\n|turn|6\n|-message|elllisha_OWO forfeited.\n|\n|win|Arcacagne\n|raw|elllisha_OWO's rating: 1164 → 1141<\/strong> (-23 for losing)\n|raw|Arcacagne's rating: 1196 → 1219<\/strong> (+23 for winning)\n|l|\u2606elllisha_OWO\n","uploadtime":1683270710,"views":7,"p1id":"elllishaowo","p2id":"arcacagne","formatid":"gen9vgc2023regulationc","rating":1141,"private":0,"password":""}