{"id":"gen9vgc2023regulationc-1849706138","p1":"PixelMaster98146","p2":"progressbabyyy","format":"[Gen 9] VGC 2023 Regulation C","log":"|j|\u2606PixelMaster98146\n|j|\u2606progressbabyyy\n|t:|1682236241\n|gametype|doubles\n|player|p1|PixelMaster98146|palmer|1333\n|player|p2|progressbabyyy|169|1336\n|teamsize|p1|6\n|teamsize|p2|6\n|gen|9\n|tier|[Gen 9] VGC 2023 Regulation C\n|rated|\n|rule|Species Clause: Limit one of each Pok\u00e9mon\n|rule|Item Clause: Limit one of each item\n|clearpoke\n|poke|p1|Orthworm, L50, F|\n|poke|p1|Iron Hands, L50|\n|poke|p1|Palafin, L50, F|\n|poke|p1|Ting-Lu, L50|\n|poke|p1|Flutter Mane, L50|\n|poke|p1|Gyarados, L50, F|\n|poke|p2|Iron Jugulis, L50|\n|poke|p2|Iron Treads, L50|\n|poke|p2|Iron Hands, L50|\n|poke|p2|Chien-Pao, L50|\n|poke|p2|Palafin, L50, M|\n|poke|p2|Amoonguss, L50, M|\n|teampreview|4\n|inactive|Battle timer is ON: inactive players will automatically lose when time's up. (requested by progressbabyyy)\nPixelMaster98146 has agreed to open team sheets.\n|inactive|PixelMaster98146 has 60 seconds left.\n|inactive|progressbabyyy has 60 seconds left.\n|\n|t:|1682236303\n|start\n|switch|p1a: Mischief|Flutter Mane, L50|100\/100\n|switch|p1b: Iron Hands|Iron Hands, L50|100\/100\n|switch|p2a: OG FLIPPER|Palafin, L50, M|100\/100\n|switch|p2b: Iron Hands|Iron Hands, L50|100\/100\n|-enditem|p1a: Mischief|Booster Energy\n|-activate|p1a: Mischief|ability: Protosynthesis|[fromitem]\n|-start|p1a: Mischief|protosynthesisspa\n|turn|1\n|inactive|PixelMaster98146 has 30 seconds left.\n|\n|t:|1682236330\n|detailschange|p2a: OG FLIPPER|Palafin-Hero, L50, M\n|switch|p2a: Amoonguss|Amoonguss, L50, M|100\/100\n|-terastallize|p1a: Mischief|Fairy\n|-terastallize|p2b: Iron Hands|Fire\n|move|p1a: Mischief|Moonblast|p2b: Iron Hands\n|-resisted|p2b: Iron Hands\n|-damage|p2b: Iron Hands|75\/100\n|move|p2b: Iron Hands|Thunder Punch|p1a: Mischief\n|-damage|p1a: Mischief|25\/100\n|move|p1b: Iron Hands|Drain Punch|p2b: Iron Hands\n|-damage|p2b: Iron Hands|44\/100\n|\n|upkeep\n|turn|2\n|\n|t:|1682236354\n|move|p1a: Mischief|Protect|p1a: Mischief\n|-singleturn|p1a: Mischief|Protect\n|move|p2a: Amoonguss|Rage Powder|p2a: Amoonguss\n|-singleturn|p2a: Amoonguss|move: Rage Powder\n|move|p2b: Iron Hands|Thunder Punch|p1a: Mischief\n|-activate|p1a: Mischief|move: Protect\n|move|p1b: Iron Hands|Swords Dance|p1b: Iron Hands\n|-boost|p1b: Iron Hands|atk|2\n|\n|upkeep\n|turn|3\n|\n|t:|1682236370\n|move|p2a: Amoonguss|Rage Powder|p2a: Amoonguss\n|-singleturn|p2a: Amoonguss|move: Rage Powder\n|move|p1a: Mischief|Shadow Ball|p2a: Amoonguss\n|-damage|p2a: Amoonguss|52\/100\n|-unboost|p2a: Amoonguss|spd|1\n|move|p2b: Iron Hands|Fire Punch|p1a: Mischief\n|-damage|p1a: Mischief|0 fnt\n|faint|p1a: Mischief\n|-end|p1a: Mischief|Protosynthesis|[silent]\n|move|p1b: Iron Hands|Swords Dance|p1b: Iron Hands\n|-boost|p1b: Iron Hands|atk|2\n|\n|upkeep\n|\n|t:|1682236387\n|switch|p1a: Gyarados|Gyarados, L50, F|100\/100\n|-ability|p1a: Gyarados|Intimidate|boost\n|-unboost|p2a: Amoonguss|atk|1\n|-unboost|p2b: Iron Hands|atk|1\n|turn|4\n|\n|t:|1682236411\n|move|p1a: Gyarados|Protect|p1a: Gyarados\n|-singleturn|p1a: Gyarados|Protect\n|move|p2b: Iron Hands|Thunder Punch|p1a: Gyarados\n|-activate|p1a: Gyarados|move: Protect\n|move|p1b: Iron Hands|Wild Charge|p2b: Iron Hands\n|-damage|p2b: Iron Hands|0 fnt\n|faint|p2b: Iron Hands\n|-end|p2b: Iron Hands|Quark Drive|[silent]\n|-damage|p1b: Iron Hands|89\/100|[from] Recoil\n|move|p2a: Amoonguss|Spore|p1b: Iron Hands\n|-activate|p1b: Iron Hands|item: Safety Goggles|Spore\n|\n|upkeep\n|\n|t:|1682236429\n|switch|p2b: OG FLIPPER|Palafin-Hero, L50, M|100\/100\n|-activate|p2b: OG FLIPPER|ability: Zero to Hero\n|turn|5\n|\n|t:|1682236456\n|move|p1b: Iron Hands|Detect|p1b: Iron Hands\n|-singleturn|p1b: Iron Hands|Protect\n|move|p2b: OG FLIPPER|Wave Crash|p1b: Iron Hands\n|-activate|p1b: Iron Hands|move: Protect\n|move|p1a: Gyarados|Taunt|p2a: Amoonguss\n|-start|p2a: Amoonguss|move: Taunt\n|move|p2a: Amoonguss|Pollen Puff|p2b: OG FLIPPER\n|-immune|p2b: OG FLIPPER\n|\n|upkeep\n|turn|6\n|\n|t:|1682236477\n|switch|p2a: Chien-Pao|Chien-Pao, L50|100\/100\n|-ability|p2a: Chien-Pao|Sword of Ruin\n|move|p2b: OG FLIPPER|Wave Crash|p1b: Iron Hands\n|-damage|p1b: Iron Hands|20\/100\n|-damage|p2b: OG FLIPPER|75\/100|[from] Recoil\n|move|p1a: Gyarados|Waterfall|p2b: OG FLIPPER\n|-resisted|p2b: OG FLIPPER\n|-damage|p2b: OG FLIPPER|55\/100\n|move|p1b: Iron Hands|Drain Punch|p2b: OG FLIPPER\n|-damage|p2b: OG FLIPPER|0 fnt\n|-heal|p1b: Iron Hands|44\/100|[from] drain|[of] p2b: OG FLIPPER\n|faint|p2b: OG FLIPPER\n|\n|upkeep\n|\n|t:|1682236484\n|switch|p2b: Amoonguss|Amoonguss, L50, M|85\/100\n|turn|7\n|\n|t:|1682236506\n|move|p1b: Iron Hands|Detect|p1b: Iron Hands\n|-singleturn|p1b: Iron Hands|Protect\n|move|p2a: Chien-Pao|Ice Spinner|p1b: Iron Hands\n|-activate|p1b: Iron Hands|move: Protect\n|move|p1a: Gyarados|Taunt|p2b: Amoonguss\n|-start|p2b: Amoonguss|move: Taunt\n|cant|p2b: Amoonguss|move: Taunt|Spore\n|\n|upkeep\n|turn|8\n|\n|t:|1682236517\n|move|p2a: Chien-Pao|Ice Spinner|p1b: Iron Hands\n|-damage|p1b: Iron Hands|9\/100\n|move|p1a: Gyarados|Waterfall|p2a: Chien-Pao\n|-damage|p2a: Chien-Pao|52\/100\n|move|p1b: Iron Hands|Drain Punch|p2a: Chien-Pao\n|-supereffective|p2a: Chien-Pao\n|-damage|p2a: Chien-Pao|0 fnt\n|-heal|p1b: Iron Hands|27\/100|[from] drain|[of] p2a: Chien-Pao\n|faint|p2a: Chien-Pao\n|move|p2b: Amoonguss|Pollen Puff|p2: Chien-Pao|[notarget]\n|-fail|p2b: Amoonguss\n|\n|upkeep\n|turn|9\n|-message|progressbabyyy forfeited.\n|\n|win|PixelMaster98146\n|raw|PixelMaster98146's rating: 1333 → 1353<\/strong> (+20 for winning)\n|raw|progressbabyyy's rating: 1336 → 1316<\/strong> (-20 for losing)\n|l|\u2606progressbabyyy\n","uploadtime":1682236611,"views":8,"p1id":"pixelmaster98146","p2id":"progressbabyyy","formatid":"gen9vgc2023regulationc","rating":1316,"private":0,"password":""}