{"id":"gen9vgc2023regulationc-1851633502","p1":"pmal919","p2":"kushsmoker68","format":"[Gen 9] VGC 2023 Regulation C","log":"|j|\u2606pmal919\n|j|\u2606kushsmoker68\n|t:|1682463599\n|gametype|doubles\n|player|p1|pmal919|acetrainer-gen4dp|1076\n|player|p2|kushsmoker68|clerkf|1156\n|teamsize|p1|6\n|teamsize|p2|6\n|gen|9\n|tier|[Gen 9] VGC 2023 Regulation C\n|rated|\n|rule|Species Clause: Limit one of each Pok\u00e9mon\n|rule|Item Clause: Limit one of each item\n|clearpoke\n|poke|p1|Gyarados, L50, M|\n|poke|p1|Chi-Yu, L50|\n|poke|p1|Amoonguss, L50, M|\n|poke|p1|Baxcalibur, L50, M|\n|poke|p1|Ting-Lu, L50|\n|poke|p1|Flutter Mane, L50|\n|poke|p2|Indeedee-F, L50, F|\n|poke|p2|Armarouge, L50, F|\n|poke|p2|Maushold, L50|\n|poke|p2|Meowscarada, L50, M|\n|poke|p2|Annihilape, L50, M|\n|poke|p2|Palafin, L50, M|\n|teampreview|4\nkushsmoker68 has agreed to open team sheets.\n|\n|t:|1682463630\n|start\n|switch|p1a: Ting-Lu|Ting-Lu, L50|100\/100\n|switch|p1b: Amoonguss|Amoonguss, L50, M|100\/100\n|switch|p2a: tuxedo flower|Meowscarada, L50, M|100\/100\n|switch|p2b: ecco2k|Palafin, L50, M|100\/100\n|-ability|p1a: Ting-Lu|Vessel of Ruin\n|turn|1\n|\n|t:|1682463652\n|-terastallize|p1a: Ting-Lu|Poison\n|move|p2a: tuxedo flower|Knock Off|p1b: Amoonguss\n|-damage|p1b: Amoonguss|57\/100\n|-damage|p2a: tuxedo flower|84\/100|[from] item: Rocky Helmet|[of] p1b: Amoonguss\n|-enditem|p1b: Amoonguss|Rocky Helmet|[from] move: Knock Off|[of] p2a: tuxedo flower\n|move|p2b: ecco2k|Close Combat|p1a: Ting-Lu\n|-resisted|p1a: Ting-Lu\n|-damage|p1a: Ting-Lu|92\/100\n|-unboost|p2b: ecco2k|def|1\n|-unboost|p2b: ecco2k|spd|1\n|move|p1a: Ting-Lu|Fissure|p2b: ecco2k|[miss]\n|-miss|p1a: Ting-Lu|p2b: ecco2k\n|move|p1b: Amoonguss|Pollen Puff|p2a: tuxedo flower\n|-supereffective|p2a: tuxedo flower\n|-damage|p2a: tuxedo flower|0 fnt\n|faint|p2a: tuxedo flower\n|\n|-heal|p1a: Ting-Lu|98\/100|[from] item: Leftovers\n|upkeep\n|\n|t:|1682463678\n|switch|p2a: the red light|Indeedee-F, L50, F|100\/100\n|-fieldstart|move: Psychic Terrain|[from] ability: Psychic Surge|[of] p2a: the red light\n|-enditem|p2a: the red light|Psychic Seed\n|-boost|p2a: the red light|spd|1|[from] item: Psychic Seed\n|turn|2\n|\n|t:|1682463692\n|move|p2a: the red light|Follow Me|p2a: the red light\n|-singleturn|p2a: the red light|move: Follow Me\n|move|p1b: Amoonguss|Rage Powder|p1b: Amoonguss\n|-singleturn|p1b: Amoonguss|move: Rage Powder\n|move|p2b: ecco2k|Flip Turn|p1b: Amoonguss\n|-resisted|p1b: Amoonguss\n|-damage|p1b: Amoonguss|44\/100\n|\n|t:|1682463701\n|detailschange|p2b: ecco2k|Palafin-Hero, L50, M\n|switch|p2b: roxanne|Armarouge, L50, F|100\/100|[from] Flip Turn\n|move|p1a: Ting-Lu|Stomping Tantrum|p2a: the red light\n|-damage|p2a: the red light|46\/100\n|\n|-heal|p1a: Ting-Lu|100\/100|[from] item: Leftovers\n|upkeep\n|turn|3\n|\n|t:|1682463722\n|switch|p1b: Gyarados|Gyarados, L50, M, shiny|100\/100\n|-ability|p1b: Gyarados|Intimidate|boost\n|-unboost|p2a: the red light|atk|1\n|-unboost|p2b: roxanne|atk|1\n|-terastallize|p2b: roxanne|Psychic\n|move|p2a: the red light|Helping Hand|p2b: roxanne\n|-singleturn|p2b: roxanne|Helping Hand|[of] p2a: the red light\n|move|p2b: roxanne|Expanding Force|p1b: Gyarados|[spread] p1a,p1b\n|-supereffective|p1a: Ting-Lu\n|-damage|p1a: Ting-Lu|0 fnt\n|-damage|p1b: Gyarados|17\/100\n|faint|p1a: Ting-Lu\n|\n|upkeep\n|\n|t:|1682463738\n|switch|p1a: Flutter Mane|Flutter Mane, L50|100\/100\n|-enditem|p1a: Flutter Mane|Booster Energy\n|-activate|p1a: Flutter Mane|ability: Protosynthesis|[fromitem]\n|-start|p1a: Flutter Mane|protosynthesisspa\n|turn|4\n|\n|t:|1682463752\n|move|p2a: the red light|Helping Hand|p2b: roxanne\n|-singleturn|p2b: roxanne|Helping Hand|[of] p2a: the red light\n|move|p1a: Flutter Mane|Shadow Ball|p2b: roxanne\n|-supereffective|p2b: roxanne\n|-damage|p2b: roxanne|0 fnt\n|faint|p2b: roxanne\n|move|p1b: Gyarados|Waterfall|p2a: the red light\n|-damage|p2a: the red light|16\/100\n|\n|upkeep\n|\n|t:|1682463761\n|switch|p2b: ecco2k|Palafin-Hero, L50, M|100\/100\n|-activate|p2b: ecco2k|ability: Zero to Hero\n|turn|5\n|\n|t:|1682463781\n|move|p2a: the red light|Protect|p2a: the red light\n|-singleturn|p2a: the red light|Protect\n|move|p1a: Flutter Mane|Thunderbolt|p2b: ecco2k\n|-supereffective|p2b: ecco2k\n|-damage|p2b: ecco2k|16\/100\n|move|p2b: ecco2k|Wave Crash|p1a: Flutter Mane\n|-damage|p1a: Flutter Mane|0 fnt\n|faint|p1a: Flutter Mane\n|-end|p1a: Flutter Mane|Protosynthesis|[silent]\n|-damage|p2b: ecco2k|0 fnt|[from] Recoil\n|faint|p2b: ecco2k\n|move|p1b: Gyarados|Waterfall|p2a: the red light\n|-activate|p2a: the red light|move: Protect\n|\n|upkeep\n|\n|t:|1682463796\n|switch|p1a: Amoonguss|Amoonguss, L50, M|77\/100\n|turn|6\n|\n|t:|1682463806\n|move|p2a: the red light|Follow Me|p2a: the red light\n|-singleturn|p2a: the red light|move: Follow Me\n|move|p1b: Gyarados|Waterfall|p2a: the red light\n|-damage|p2a: the red light|0 fnt\n|faint|p2a: the red light\n|\n|win|pmal919\n|raw|pmal919's rating: 1076 → 1111<\/strong> (+35 for winning)\n|raw|kushsmoker68's rating: 1156 → 1125<\/strong> (-31 for losing)\n","uploadtime":1682463815,"views":16,"p1id":"pmal919","p2id":"kushsmoker68","formatid":"gen9vgc2023regulationc","rating":1111,"private":0,"password":""}