{"id":"gen9vgc2023regulationc-1857703569","p1":"Aigashu-15","p2":"Valiiiii","format":"[Gen 9] VGC 2023 Regulation C","log":"|j|\u2606Aigashu-15\n|j|\u2606Valiiiii\n|t:|1683223871\n|gametype|doubles\n|player|p1|Aigashu-15|170|1108\n|player|p2|Valiiiii|veteran|1148\n|teamsize|p1|6\n|teamsize|p2|6\n|gen|9\n|tier|[Gen 9] VGC 2023 Regulation C\n|rated|\n|rule|Species Clause: Limit one of each Pok\u00e9mon\n|rule|Item Clause: Limit one of each item\n|clearpoke\n|poke|p1|Arboliva, L50, M|\n|poke|p1|Iron Hands, L50|\n|poke|p1|Farigiraf, L50, M|\n|poke|p1|Slowking, L50, M|\n|poke|p1|Tinkaton, L50, F|\n|poke|p1|Skeledirge, L50, F|\n|poke|p2|Ceruledge, L50, M|\n|poke|p2|Maushold, L50|\n|poke|p2|Flutter Mane, L50|\n|poke|p2|Iron Bundle, L50|\n|poke|p2|Brute Bonnet, L50|\n|poke|p2|Corviknight, L50, M|\n|teampreview|4\n|\n|t:|1683223947\n|start\n|switch|p1a: Agamenon|Farigiraf, L50, M|100\/100\n|switch|p1b: Tinkaton|Tinkaton, L50, F|100\/100\n|switch|p2a: Ceruledge|Ceruledge, L50, M, shiny|100\/100\n|switch|p2b: Maushold|Maushold, L50, shiny|100\/100\n|-ability|p1b: Tinkaton|Mold Breaker\n|turn|1\n|\n|t:|1683223974\n|-terastallize|p2b: Maushold|Ghost\n|move|p2a: Ceruledge|Protect|p2a: Ceruledge\n|-singleturn|p2a: Ceruledge|Protect\n|move|p2b: Maushold|Sunny Day|p2b: Maushold\n|-weather|SunnyDay\n|move|p1b: Tinkaton|Bulldoze|p2b: Maushold|[spread] p1a,p2b\n|-activate|p2a: Ceruledge|move: Protect\n|-damage|p1a: Agamenon|86\/100\n|-damage|p2b: Maushold|88\/100\n|-unboost|p1a: Agamenon|spe|1\n|-unboost|p2b: Maushold|spe|1\n|move|p1a: Agamenon|Trick Room|p1a: Agamenon\n|-fieldstart|move: Trick Room|[of] p1a: Agamenon\n|\n|-weather|SunnyDay|[upkeep]\n|upkeep\n|turn|2\n|\n|t:|1683223996\n|move|p2b: Maushold|Follow Me|p2b: Maushold\n|-singleturn|p2b: Maushold|move: Follow Me\n|move|p1a: Agamenon|Shadow Ball|p2b: Maushold\n|-supereffective|p2b: Maushold\n|-damage|p2b: Maushold|37\/100\n|move|p1b: Tinkaton|Gigaton Hammer|p2b: Maushold\n|-damage|p2b: Maushold|0 fnt\n|faint|p2b: Maushold\n|move|p2a: Ceruledge|Bitter Blade|p1b: Tinkaton\n|-supereffective|p1b: Tinkaton\n|-damage|p1b: Tinkaton|0 fnt\n|faint|p1b: Tinkaton\n|\n|-weather|SunnyDay|[upkeep]\n|upkeep\n|\n|t:|1683224010\n|switch|p1b: Skeledirge|Skeledirge, L50, F|100\/100\n|switch|p2b: Brute Bonnet|Brute Bonnet, L50, shiny|100\/100\n|-activate|p2b: Brute Bonnet|ability: Protosynthesis\n|-start|p2b: Brute Bonnet|protosynthesisspd\n|turn|3\n|\n|t:|1683224027\n|move|p1a: Agamenon|Dazzling Gleam|p2a: Ceruledge|[spread] p2a,p2b\n|-resisted|p2a: Ceruledge\n|-supereffective|p2b: Brute Bonnet\n|-damage|p2a: Ceruledge|93\/100\n|-damage|p2b: Brute Bonnet|82\/100\n|move|p1b: Skeledirge|Torch Song|p2b: Brute Bonnet\n|-supereffective|p2b: Brute Bonnet\n|-damage|p2b: Brute Bonnet|35\/100\n|-boost|p1b: Skeledirge|spa|1\n|move|p2b: Brute Bonnet|Spore|p1b: Skeledirge\n|-status|p1b: Skeledirge|slp|[from] move: Spore\n|move|p2a: Ceruledge|Bitter Blade|p1a: Agamenon\n|-damage|p1a: Agamenon|16\/100\n|-heal|p2a: Ceruledge|100\/100|[from] drain|[of] p1a: Agamenon\n|\n|-weather|SunnyDay|[upkeep]\n|upkeep\n|turn|4\n|\n|t:|1683224062\n|-terastallize|p1b: Skeledirge|Fairy\n|move|p1a: Agamenon|Dazzling Gleam|p2a: Ceruledge|[spread] p2a,p2b\n|-resisted|p2a: Ceruledge\n|-supereffective|p2b: Brute Bonnet\n|-damage|p2a: Ceruledge|93\/100\n|-damage|p2b: Brute Bonnet|18\/100\n|cant|p1b: Skeledirge|slp\n|move|p2b: Brute Bonnet|Synthesis|p2b: Brute Bonnet\n|-heal|p2b: Brute Bonnet|84\/100\n|move|p2a: Ceruledge|Bitter Blade|p1a: Agamenon\n|-damage|p1a: Agamenon|0 fnt\n|-heal|p2a: Ceruledge|100\/100|[from] drain|[of] p1a: Agamenon\n|faint|p1a: Agamenon\n|\n|-weather|SunnyDay|[upkeep]\n|upkeep\n|\n|t:|1683224070\n|switch|p1a: Manoalegre|Iron Hands, L50|100\/100\n|turn|5\n|\n|t:|1683224103\n|move|p2a: Ceruledge|Protect|p2a: Ceruledge\n|-singleturn|p2a: Ceruledge|Protect\n|move|p1a: Manoalegre|Fake Out|p2b: Brute Bonnet\n|-damage|p2b: Brute Bonnet|73\/100\n|cant|p1b: Skeledirge|slp\n|cant|p2b: Brute Bonnet|flinch\n|\n|-weather|none\n|-end|p2b: Brute Bonnet|Protosynthesis\n|-fieldend|move: Trick Room\n|upkeep\n|turn|6\n|\n|t:|1683224125\n|move|p2a: Ceruledge|Bitter Blade|p1b: Skeledirge\n|-damage|p1b: Skeledirge|56\/100 slp\n|move|p2b: Brute Bonnet|Spore|p1a: Manoalegre\n|-status|p1a: Manoalegre|slp|[from] move: Spore\n|-curestatus|p1b: Skeledirge|slp|[msg]\n|move|p1b: Skeledirge|Earth Power|p2a: Ceruledge\n|-supereffective|p2a: Ceruledge\n|-damage|p2a: Ceruledge|28\/100\n|cant|p1a: Manoalegre|slp\n|\n|-heal|p1b: Skeledirge|62\/100|[from] item: Leftovers\n|upkeep\n|turn|7\n|\n|t:|1683224157\n|move|p2a: Ceruledge|Protect|p2a: Ceruledge\n|-singleturn|p2a: Ceruledge|Protect\n|move|p2b: Brute Bonnet|Spore|p1b: Skeledirge\n|-status|p1b: Skeledirge|slp|[from] move: Spore\n|cant|p1b: Skeledirge|slp\n|cant|p1a: Manoalegre|slp\n|\n|-heal|p1b: Skeledirge|68\/100 slp|[from] item: Leftovers\n|upkeep\n|turn|8\n|-message|Aigashu-15 forfeited.\n|\n|win|Valiiiii\n|raw|Aigashu-15's rating: 1108 → 1086<\/strong> (-22 for losing)\n|raw|Valiiiii's rating: 1148 → 1170<\/strong> (+22 for winning)\n|l|\u2606Aigashu-15\n||Ladder isn't responding, score probably updated but might not have (Request timeout).\n","uploadtime":1683224197,"views":16,"p1id":"aigashu15","p2id":"valiiiii","formatid":"gen9vgc2023regulationc","rating":1086,"private":0,"password":""}