{"id":"gen9vgc2023regulationc-1854227292","p1":"Alexis_student","p2":"baileyatg","format":"[Gen 9] VGC 2023 Regulation C","log":"|j|\u2606Alexis_student\n|j|\u2606baileyatg\n|t:|1682785954\n|gametype|doubles\n|player|p1|Alexis_student|cyclistf|1203\n|player|p2|baileyatg|169|1220\n|teamsize|p1|6\n|teamsize|p2|6\n|gen|9\n|tier|[Gen 9] VGC 2023 Regulation C\n|rated|\n|rule|Species Clause: Limit one of each Pok\u00e9mon\n|rule|Item Clause: Limit one of each item\n|clearpoke\n|poke|p1|Chi-Yu, L50|\n|poke|p1|Flutter Mane, L50|\n|poke|p1|Iron Bundle, L50|\n|poke|p1|Kingambit, L50, F|\n|poke|p1|Dragonite, L50, M|\n|poke|p1|Amoonguss, L50, M|\n|poke|p2|Tatsugiri, L50, F|\n|poke|p2|Glimmora, L50, M|\n|poke|p2|Dragonite, L50, F|\n|poke|p2|Iron Bundle, L50|\n|poke|p2|Dondozo, L50, F|\n|poke|p2|Chi-Yu, L50|\n|teampreview|4\n|inactive|Battle timer is ON: inactive players will automatically lose when time's up. (requested by Alexis_student)\n|inactive|Alexis_student has 60 seconds left.\n|inactive|baileyatg has 60 seconds left.\n|\n|t:|1682786005\n|start\n|switch|p1a: Iron Bundle|Iron Bundle, L50|100\/100\n|switch|p1b: Kingambit|Kingambit, L50, F|100\/100\n|switch|p2a: ALORDA|Glimmora, L50, M|100\/100\n|switch|p2b: MESSI|Iron Bundle, L50|100\/100\n|-enditem|p2b: MESSI|Booster Energy\n|-activate|p2b: MESSI|ability: Quark Drive|[fromitem]\n|-start|p2b: MESSI|quarkdrivespe\n|-enditem|p1a: Iron Bundle|Booster Energy\n|-activate|p1a: Iron Bundle|ability: Quark Drive|[fromitem]\n|-start|p1a: Iron Bundle|quarkdrivespe\n|turn|1\n|inactive|Alexis_student has 30 seconds left.\n|inactive|baileyatg has 30 seconds left.\n|inactive|baileyatg has 20 seconds left.\n|inactive|baileyatg has 15 seconds left.\n|\n|t:|1682786049\n|move|p2b: MESSI|Protect|p2b: MESSI\n|-singleturn|p2b: MESSI|Protect\n|move|p1a: Iron Bundle|Protect|p1a: Iron Bundle\n|-singleturn|p1a: Iron Bundle|Protect\n|move|p2a: ALORDA|Earth Power|p1b: Kingambit\n|-supereffective|p1b: Kingambit\n|-damage|p1b: Kingambit|63\/100\n|move|p1b: Kingambit|Iron Head|p2b: MESSI\n|-activate|p2b: MESSI|move: Protect\n|\n|upkeep\n|turn|2\n|\n|t:|1682786074\n|move|p2b: MESSI|Freeze-Dry|p1a: Iron Bundle\n|-damage|p1a: Iron Bundle|38\/100\n|move|p1a: Iron Bundle|Hydro Pump|p2b: MESSI|[miss]\n|-miss|p1a: Iron Bundle|p2b: MESSI\n|move|p2a: ALORDA|Mortal Spin|p1b: Kingambit|[spread] p1a\n|-immune|p1b: Kingambit\n|-damage|p1a: Iron Bundle|33\/100\n|-status|p1a: Iron Bundle|psn\n|move|p1b: Kingambit|Iron Head|p2b: MESSI\n|-damage|p2b: MESSI|46\/100\n|\n|-damage|p1a: Iron Bundle|21\/100 psn|[from] psn\n|upkeep\n|turn|3\n|\n|t:|1682786094\n|move|p1a: Iron Bundle|Protect|p1a: Iron Bundle\n|-singleturn|p1a: Iron Bundle|Protect\n|move|p2b: MESSI|Protect|p2b: MESSI\n|-singleturn|p2b: MESSI|Protect\n|move|p2a: ALORDA|Earth Power|p1b: Kingambit\n|-supereffective|p1b: Kingambit\n|-damage|p1b: Kingambit|27\/100\n|move|p1b: Kingambit|Iron Head|p2a: ALORDA\n|-supereffective|p2a: ALORDA\n|-damage|p2a: ALORDA|9\/100\n|-activate|p2a: ALORDA|ability: Toxic Debris\n|-sidestart|p1: Alexis_student|move: Toxic Spikes\n|\n|-damage|p1a: Iron Bundle|9\/100 psn|[from] psn\n|upkeep\n|turn|4\n|inactive|baileyatg has 30 seconds left.\n|inactive|baileyatg has 20 seconds left.\n|\n|t:|1682786132\n|move|p1b: Kingambit|Sucker Punch|p2a: ALORDA\n|-crit|p2a: ALORDA\n|-damage|p2a: ALORDA|0 fnt\n|-activate|p2a: ALORDA|ability: Toxic Debris\n|-sidestart|p1: Alexis_student|move: Toxic Spikes\n|faint|p2a: ALORDA\n|move|p1a: Iron Bundle|Freeze-Dry|p2b: MESSI\n|-damage|p2b: MESSI|0 fnt\n|faint|p2b: MESSI\n|-end|p2b: MESSI|Quark Drive|[silent]\n|\n|-damage|p1a: Iron Bundle|0 fnt|[from] psn\n|faint|p1a: Iron Bundle\n|-end|p1a: Iron Bundle|Quark Drive|[silent]\n|upkeep\n|\n|t:|1682786145\n|switch|p2b: MAGICO|Dondozo, L50, F|100\/100\n|switch|p1a: Amoonguss|Amoonguss, L50, M|100\/100\n|switch|p2a: ALGO|Tatsugiri, L50, F|100\/100\n|-activate|p2a: ALGO|ability: Commander|[of] p2b: MAGICO\n|-boost|p2b: MAGICO|atk|2\n|-boost|p2b: MAGICO|spa|2\n|-boost|p2b: MAGICO|spe|2\n|-boost|p2b: MAGICO|def|2\n|-boost|p2b: MAGICO|spd|2\n|-sideend|p1: Alexis_student|move: Toxic Spikes|[of] p1a: Amoonguss\n|turn|5\n|inactive|baileyatg has 30 seconds left.\n|inactive|baileyatg has 20 seconds left.\n|\n|t:|1682786183\n|-terastallize|p2b: MAGICO|Grass\n|-terastallize|p1a: Amoonguss|Water\n|move|p2b: MAGICO|Wave Crash|p1a: Amoonguss\n|-resisted|p1a: Amoonguss\n|-damage|p1a: Amoonguss|52\/100\n|-damage|p2b: MAGICO|85\/100|[from] Recoil\n|move|p1b: Kingambit|Assurance|p2b: MAGICO\n|-damage|p2b: MAGICO|61\/100\n|move|p1a: Amoonguss|Clear Smog|p2b: MAGICO\n|-supereffective|p2b: MAGICO\n|-damage|p2b: MAGICO|44\/100\n|-clearboost|p2b: MAGICO\n|\n|-heal|p2b: MAGICO|50\/100|[from] item: Leftovers\n|upkeep\n|turn|6\n|\n|t:|1682786206\n|move|p2b: MAGICO|Protect|p2b: MAGICO\n|-singleturn|p2b: MAGICO|Protect\n|move|p1b: Kingambit|Iron Head|p2b: MAGICO\n|-activate|p2b: MAGICO|move: Protect\n|move|p1a: Amoonguss|Pollen Puff|p1b: Kingambit\n|-heal|p1b: Kingambit|77\/100\n|\n|-heal|p2b: MAGICO|57\/100|[from] item: Leftovers\n|upkeep\n|turn|7\n|\n|t:|1682786222\n|move|p2b: MAGICO|Earthquake|p1b: Kingambit|[spread] p1a,p1b\n|-miss|p2b: MAGICO|p2a: ALGO\n|-supereffective|p1b: Kingambit\n|-damage|p1a: Amoonguss|33\/100\n|-damage|p1b: Kingambit|44\/100\n|-enditem|p1a: Amoonguss|Sitrus Berry|[eat]\n|-heal|p1a: Amoonguss|58\/100|[from] item: Sitrus Berry\n|move|p1b: Kingambit|Assurance|p2b: MAGICO\n|-damage|p2b: MAGICO|31\/100\n|move|p1a: Amoonguss|Pollen Puff|p2b: MAGICO\n|-supereffective|p2b: MAGICO\n|-damage|p2b: MAGICO|0 fnt\n|faint|p2b: MAGICO\n|\n|upkeep\n|turn|8\n|-message|baileyatg forfeited.\n|\n|win|Alexis_student\n|raw|Alexis_student's rating: 1203 → 1229<\/strong> (+26 for winning)\n|raw|baileyatg's rating: 1220 → 1194<\/strong> (-26 for losing)\n|l|\u2606baileyatg\n","uploadtime":1682786233,"views":16,"p1id":"alexisstudent","p2id":"baileyatg","formatid":"gen9vgc2023regulationc","rating":1194,"private":0,"password":""}