{"id":"gen9vgc2023regulationc-1851041964","p1":"Hakke112","p2":"SweetP","format":"[Gen 9] VGC 2023 Regulation C","log":"|j|\u2606Hakke112\n|j|\u2606SweetP\n|t:|1682398622\n|gametype|doubles\n|player|p1|Hakke112|266|1233\n|player|p2|SweetP|dawn|1170\n|teamsize|p1|6\n|teamsize|p2|6\n|gen|9\n|tier|[Gen 9] VGC 2023 Regulation C\n|rated|\n|rule|Species Clause: Limit one of each Pok\u00e9mon\n|rule|Item Clause: Limit one of each item\n|clearpoke\n|poke|p1|Swalot, L50, M|\n|poke|p1|Oranguru, L50, F|\n|poke|p1|Iron Hands, L50|\n|poke|p1|Flutter Mane, L50|\n|poke|p1|Amoonguss, L50, F|\n|poke|p1|Torkoal, L50, F|\n|poke|p2|Grimmsnarl, L50, M|\n|poke|p2|Iron Hands, L50|\n|poke|p2|Dondozo, L50, F|\n|poke|p2|Arcanine, L50, M|\n|poke|p2|Volcarona, L50, M|\n|poke|p2|Goodra, L50, M|\n|teampreview|4\n|inactive|Battle timer is ON: inactive players will automatically lose when time's up. (requested by Hakke112)\n|inactive|Hakke112 has 60 seconds left.\n|\n|t:|1682398654\n|start\n|switch|p1a: Swalot|Swalot, L50, M|100\/100\n|switch|p1b: Oranguru|Oranguru, L50, F|100\/100\n|switch|p2a: Iron Hands|Iron Hands, L50|100\/100\n|switch|p2b: Arcanine|Arcanine, L50, M|100\/100\n|-ability|p2b: Arcanine|Intimidate|boost\n|-unboost|p1a: Swalot|atk|1\n|-unboost|p1b: Oranguru|atk|1\n|turn|1\n|\n|t:|1682398671\n|-terastallize|p1b: Oranguru|Ghost\n|move|p2a: Iron Hands|Fake Out|p1b: Oranguru\n|-immune|p1b: Oranguru\n|move|p2b: Arcanine|Howl|p2b: Arcanine|[spread] p2a,p2b\n|-boost|p2a: Iron Hands|atk|1\n|-boost|p2b: Arcanine|atk|1\n|move|p1a: Swalot|Substitute|p1a: Swalot\n|-start|p1a: Swalot|Substitute\n|-damage|p1a: Swalot|75\/100\n|move|p1b: Oranguru|Trick Room|p1b: Oranguru\n|-fieldstart|move: Trick Room|[of] p1b: Oranguru\n|\n|upkeep\n|turn|2\n|inactive|Hakke112 has 30 seconds left.\n|\n|t:|1682398697\n|move|p1a: Swalot|Stockpile|p1a: Swalot\n|-start|p1a: Swalot|stockpile1\n|-boost|p1a: Swalot|def|1\n|-boost|p1a: Swalot|spd|1\n|move|p1b: Oranguru|Taunt|p2b: Arcanine\n|-start|p2b: Arcanine|move: Taunt\n|move|p2a: Iron Hands|Wild Charge|p1b: Oranguru\n|-damage|p1b: Oranguru|15\/100\n|-damage|p2a: Iron Hands|84\/100|[from] Recoil\n|cant|p2b: Arcanine|move: Taunt|Howl\n|\n|-heal|p1b: Oranguru|21\/100|[from] item: Leftovers\n|upkeep\n|turn|3\n|\n|t:|1682398715\n|move|p1a: Swalot|Stockpile|p1a: Swalot\n|-start|p1a: Swalot|stockpile2\n|-boost|p1a: Swalot|def|1\n|-boost|p1a: Swalot|spd|1\n|move|p1b: Oranguru|Instruct|p1a: Swalot\n|-singleturn|p1a: Swalot|move: Instruct|[of] p1b: Oranguru\n|move|p1a: Swalot|Stockpile|p1a: Swalot\n|-start|p1a: Swalot|stockpile3\n|-boost|p1a: Swalot|def|1\n|-boost|p1a: Swalot|spd|1\n|move|p2a: Iron Hands|Wild Charge|p1b: Oranguru\n|-damage|p1b: Oranguru|0 fnt\n|faint|p1b: Oranguru\n|-damage|p2a: Iron Hands|81\/100|[from] Recoil\n|move|p2b: Arcanine|Flare Blitz|p1a: Swalot\n|-activate|p1a: Swalot|move: Substitute|[damage]\n|-damage|p2b: Arcanine|92\/100|[from] Recoil|[of] p1a: Swalot\n|\n|upkeep\n|\n|t:|1682398737\n|switch|p1b: Torkoal|Torkoal, L50, F|100\/100\n|-weather|SunnyDay|[from] ability: Drought|[of] p1b: Torkoal\n|turn|4\n|\n|t:|1682398754\n|switch|p2b: Goodra|Goodra, L50, M|100\/100\n|-terastallize|p2a: Iron Hands|Fire\n|move|p1b: Torkoal|Eruption|p2b: Goodra|[spread] p2a,p2b\n|-resisted|p2a: Iron Hands\n|-resisted|p2b: Goodra\n|-damage|p2a: Iron Hands|46\/100\n|-damage|p2b: Goodra|83\/100\n|-enditem|p2a: Iron Hands|Sitrus Berry|[eat]\n|-heal|p2a: Iron Hands|71\/100|[from] item: Sitrus Berry\n|move|p1a: Swalot|Body Press|p2a: Iron Hands\n|-damage|p2a: Iron Hands|33\/100\n|move|p2a: Iron Hands|Earthquake|p1b: Torkoal|[spread] p2b,p1a,p1b\n|-supereffective|p1a: Swalot\n|-end|p1a: Swalot|Substitute\n|-supereffective|p1b: Torkoal\n|-damage|p2b: Goodra|35\/100\n|-damage|p1b: Torkoal|34\/100\n|\n|-weather|SunnyDay|[upkeep]\n|upkeep\n|turn|5\n|inactive|Hakke112 has 30 seconds left.\n|inactive|SweetP has 30 seconds left.\n|inactive|SweetP has 20 seconds left.\n|inactive|SweetP has 15 seconds left.\n|inactive|SweetP has 10 seconds left.\n|\n|t:|1682398799\n|-end|p2a: Iron Hands|Quark Drive|[silent]\n|switch|p2a: Arcanine|Arcanine, L50, M|92\/100\n|-ability|p2a: Arcanine|Intimidate|boost\n|-unboost|p1a: Swalot|atk|1\n|-unboost|p1b: Torkoal|atk|1\n|move|p1b: Torkoal|Earth Power|p2a: Arcanine\n|-supereffective|p2a: Arcanine\n|-damage|p2a: Arcanine|33\/100\n|move|p1a: Swalot|Substitute|p1a: Swalot\n|-start|p1a: Swalot|Substitute\n|-damage|p1a: Swalot|50\/100\n|-enditem|p1a: Swalot|Aguav Berry|[eat]\n|-heal|p1a: Swalot|84\/100|[from] item: Aguav Berry\n|move|p2b: Goodra|Draco Meteor|p1b: Torkoal\n|-damage|p1b: Torkoal|0 fnt\n|-unboost|p2b: Goodra|spa|2\n|faint|p1b: Torkoal\n|\n|-weather|SunnyDay|[upkeep]\n|-fieldend|move: Trick Room\n|upkeep\n|\n|t:|1682398814\n|switch|p1b: Flutter Mane|Flutter Mane, L50|100\/100\n|-activate|p1b: Flutter Mane|ability: Protosynthesis\n|-start|p1b: Flutter Mane|protosynthesisspe\n|turn|6\n|inactive|Hakke112 has 30 seconds left.\n|inactive|SweetP has 30 seconds left.\n|inactive|SweetP has 20 seconds left.\n|\n|t:|1682398852\n|move|p1b: Flutter Mane|Shadow Ball|p2a: Arcanine\n|-damage|p2a: Arcanine|0 fnt\n|faint|p2a: Arcanine\n|move|p2b: Goodra|Flamethrower|p1b: Flutter Mane\n|-damage|p1b: Flutter Mane|79\/100\n|move|p1a: Swalot|Body Press|p2b: Goodra\n|-damage|p2b: Goodra|0 fnt\n|faint|p2b: Goodra\n|\n|-weather|SunnyDay|[upkeep]\n|upkeep\n|\n|t:|1682398859\n|switch|p2a: Dondozo|Dondozo, L50, F|100\/100\n|switch|p2b: Iron Hands|Iron Hands, L50, tera:Fire|33\/100\n|turn|7\n|\n|t:|1682398875\n|move|p1b: Flutter Mane|Shadow Ball|p2b: Iron Hands\n|-damage|p2b: Iron Hands|0 fnt\n|faint|p2b: Iron Hands\n|-end|p2b: Iron Hands|Quark Drive|[silent]\n|move|p2a: Dondozo|Heavy Slam|p1b: Flutter Mane\n|-supereffective|p1b: Flutter Mane\n|-damage|p1b: Flutter Mane|0 fnt\n|faint|p1b: Flutter Mane\n|-end|p1b: Flutter Mane|Protosynthesis|[silent]\n|-damage|p2a: Dondozo|91\/100|[from] item: Life Orb\n|move|p1a: Swalot|Body Press|p2a: Dondozo\n|-damage|p2a: Dondozo|80\/100\n|\n|-weather|SunnyDay|[upkeep]\n|upkeep\n|turn|8\n|\n|t:|1682398892\n|move|p2a: Dondozo|Tera Blast|p1a: Swalot\n|-activate|p1a: Swalot|move: Substitute|[damage]\n|-damage|p2a: Dondozo|71\/100|[from] item: Life Orb\n|move|p1a: Swalot|Body Press|p2a: Dondozo\n|-damage|p2a: Dondozo|59\/100\n|\n|-weather|none\n|upkeep\n|turn|9\n|\n|t:|1682398909\n|move|p2a: Dondozo|Wave Crash|p1a: Swalot\n|-end|p1a: Swalot|Substitute\n|-damage|p2a: Dondozo|57\/100|[from] Recoil|[of] p1a: Swalot\n|-damage|p2a: Dondozo|48\/100|[from] item: Life Orb\n|move|p1a: Swalot|Body Press|p2a: Dondozo\n|-damage|p2a: Dondozo|36\/100\n|\n|upkeep\n|turn|10\n|c|\u2606SweetP|Cool team\n|\n|t:|1682398924\n|move|p2a: Dondozo|Wave Crash|p1a: Swalot\n|-damage|p1a: Swalot|44\/100\n|-damage|p2a: Dondozo|26\/100|[from] Recoil\n|-damage|p2a: Dondozo|16\/100|[from] item: Life Orb\n|move|p1a: Swalot|Body Press|p2a: Dondozo\n|-damage|p2a: Dondozo|4\/100\n|\n|upkeep\n|turn|11\n|\n|t:|1682398935\n|move|p2a: Dondozo|Wave Crash|p1a: Swalot\n|-damage|p1a: Swalot|7\/100\n|-damage|p2a: Dondozo|0 fnt|[from] Recoil\n|faint|p2a: Dondozo\n|\n|win|Hakke112\n|raw|Hakke112's rating: 1233 → 1254<\/strong> (+21 for winning)\n|raw|SweetP's rating: 1170 → 1149<\/strong> (-21 for losing)\n|c|\u2606Hakke112|Gg\n|c|\u2606SweetP|Gg\n|l|\u2606SweetP\n|l|\u2606Hakke112\n|j|\u2606Hakke112\n|player|p1|Hakke112|266\n","uploadtime":1682398964,"views":14,"p1id":"hakke112","p2id":"sweetp","formatid":"gen9vgc2023regulationc","rating":1149,"private":0,"password":""}