{"id":"gen9vgc2023regulationc-1858287592","p1":"Yoroloi","p2":"LasermanZ111","format":"[Gen 9] VGC 2023 Regulation C","log":"|j|\u2606Yoroloi\n|j|\u2606LasermanZ111\n|t:|1683298725\n|gametype|doubles\n|player|p1|Yoroloi|iris-gen5bw2|\n|player|p2|LasermanZ111|red|\n|teamsize|p1|6\n|teamsize|p2|6\n|gen|9\n|tier|[Gen 9] VGC 2023 Regulation C\n|rated|Tournament battle\n|rule|Species Clause: Limit one of each Pok\u00e9mon\n|rule|Item Clause: Limit one of each item\n|clearpoke\n|poke|p1|Annihilape, L50, M|\n|poke|p1|Flutter Mane, L50|\n|poke|p1|Gastrodon-East, L50, F|\n|poke|p1|Murkrow, L50, F|\n|poke|p1|Garchomp, L50, M|\n|poke|p1|Iron Hands, L50|\n|poke|p2|Chi-Yu, L50|\n|poke|p2|Amoonguss, L50, M|\n|poke|p2|Flutter Mane, L50|\n|poke|p2|Corviknight, L50, M|\n|poke|p2|Ting-Lu, L50|\n|poke|p2|Tauros-Paldea-Aqua, L50, M|\n|teampreview|4\n|raw| Open Team Sheet for Yoroloi<\/summary>Annihilape @ Safety Goggles Ability: Defiant Level: 50 Tera Type: Fire - Bulk Up - Rage Fist - Drain Punch - Protect Flutter Mane @ Booster Energy Ability: Protosynthesis Level: 50 Tera Type: Fairy - Dazzling Gleam - Shadow Ball - Mystical Fire - Power Gem Gastrodon (Gastrodon-East) @ Sitrus Berry Ability: Storm Drain Level: 50 Tera Type: Fire - Ice Beam - Earth Power - Muddy Water - Protect Murkrow @ Eviolite Ability: Prankster Level: 50 Tera Type: Steel - Tailwind - Taunt - Foul Play - Protect Garchomp @ Life Orb Ability: Rough Skin Level: 50 Tera Type: Ground - Swords Dance - Earthquake - Protect - Dragon Claw Iron Hands @ Leftovers Ability: Quark Drive Level: 50 Tera Type: Grass - Fake Out - Drain Punch - Wild Charge - Swords Dance <\/details><\/div> Open Team Sheet for LasermanZ111<\/summary>Chi-Yu @ Focus Sash Ability: Beads of Ruin Level: 50 Tera Type: Grass - Heat Wave - Dark Pulse - Protect - Tera Blast Amoonguss (M) @ Sitrus Berry Ability: Regenerator Level: 50 Tera Type: Water - Spore - Rage Powder - Pollen Puff - Protect Flutter Mane @ Choice Specs Ability: Protosynthesis Level: 50 Tera Type: Fairy - Shadow Ball - Dazzling Gleam - Moonblast - Thunderbolt Corviknight (M) @ Lum Berry Ability: Mirror Armor Level: 50 Tera Type: Fire - Brave Bird - Tailwind - Iron Head - Roost Ting-Lu @ Assault Vest Ability: Vessel of Ruin Level: 50 Tera Type: Grass - Heavy Slam - Stomping Tantrum - Ruination - Earthquake Tauros (Tauros-Paldea-Aqua) (M) @ Mirror Herb Ability: Intimidate Level: 50 Tera Type: Steel - Raging Bull - Close Combat - Protect - Aqua Jet <\/details><\/div>\n|inactive|Battle timer is ON: inactive players will automatically lose when time's up. (requested by Yoroloi)\n|\n|t:|1683298836\n|start\n|switch|p1a: Murkrow|Murkrow, L50, F|100\/100\n|switch|p1b: Annihilape|Annihilape, L50, M|100\/100\n|switch|p2a: Flutter Mane|Flutter Mane, L50|100\/100\n|switch|p2b: Amoonguss|Amoonguss, L50, M|100\/100\n|turn|1\n|inactive|LasermanZ111 has 30 seconds left.\n|inactive|LasermanZ111 has 20 seconds left.\n|\n|t:|1683298875\n|-terastallize|p1b: Annihilape|Fire\n|move|p2b: Amoonguss|Rage Powder|p2b: Amoonguss\n|-singleturn|p2b: Amoonguss|move: Rage Powder\n|move|p1a: Murkrow|Taunt|p2b: Amoonguss\n|-start|p2b: Amoonguss|move: Taunt\n|move|p2a: Flutter Mane|Shadow Ball|p1b: Annihilape\n|-damage|p1b: Annihilape|37\/100\n|move|p1b: Annihilape|Rage Fist|p2a: Flutter Mane\n|-supereffective|p2a: Flutter Mane\n|-damage|p2a: Flutter Mane|0 fnt\n|faint|p2a: Flutter Mane\n|-end|p2a: Flutter Mane|Protosynthesis|[silent]\n|\n|upkeep\n|inactive|LasermanZ111 has 30 seconds left.\n|inactive|LasermanZ111 has 20 seconds left.\n|\n|t:|1683298910\n|switch|p2a: Corviknight|Corviknight, L50, M|100\/100\n|turn|2\n|\n|t:|1683298925\n|switch|p1b: Iron Hands|Iron Hands, L50|100\/100\n|move|p1a: Murkrow|Tailwind|p1a: Murkrow\n|-sidestart|p1: Yoroloi|move: Tailwind\n|move|p2a: Corviknight|Brave Bird|p1b: Iron Hands\n|-damage|p1b: Iron Hands|68\/100\n|-damage|p2a: Corviknight|88\/100|[from] Recoil\n|move|p2b: Amoonguss|Pollen Puff|p2a: Corviknight\n|-heal|p2a: Corviknight|100\/100\n|\n|-heal|p1b: Iron Hands|74\/100|[from] item: Leftovers\n|upkeep\n|turn|3\n|inactive|Yoroloi has 30 seconds left.\n|inactive|LasermanZ111 has 30 seconds left.\n|inactive|Yoroloi has 20 seconds left.\n|inactive|LasermanZ111 has 20 seconds left.\n|inactive|LasermanZ111 has 15 seconds left.\n|\n|t:|1683298968\n|-terastallize|p2a: Corviknight|Fire\n|move|p1b: Iron Hands|Fake Out|p2a: Corviknight\n|-damage|p2a: Corviknight|88\/100\n|move|p1a: Murkrow|Foul Play|p2a: Corviknight\n|-damage|p2a: Corviknight|58\/100\n|cant|p2a: Corviknight|flinch\n|move|p2b: Amoonguss|Pollen Puff|p1b: Iron Hands\n|-resisted|p1b: Iron Hands\n|-crit|p1b: Iron Hands\n|-damage|p1b: Iron Hands|62\/100\n|\n|-heal|p1b: Iron Hands|68\/100|[from] item: Leftovers\n|upkeep\n|turn|4\n|\n|t:|1683298993\n|move|p1a: Murkrow|Taunt|p2a: Corviknight\n|-start|p2a: Corviknight|move: Taunt\n|move|p1b: Iron Hands|Drain Punch|p2a: Corviknight\n|-damage|p2a: Corviknight|25\/100\n|-heal|p1b: Iron Hands|83\/100|[from] drain|[of] p2a: Corviknight\n|move|p2a: Corviknight|Brave Bird|p1b: Iron Hands\n|-damage|p1b: Iron Hands|55\/100\n|-damage|p2a: Corviknight|15\/100|[from] Recoil\n|move|p2b: Amoonguss|Pollen Puff|p2a: Corviknight\n|-heal|p2a: Corviknight|64\/100\n|\n|-heal|p1b: Iron Hands|61\/100|[from] item: Leftovers\n|-end|p2b: Amoonguss|move: Taunt\n|upkeep\n|turn|5\n|\n|t:|1683299015\n|move|p2b: Amoonguss|Protect|p2b: Amoonguss\n|-singleturn|p2b: Amoonguss|Protect\n|move|p1a: Murkrow|Taunt|p2b: Amoonguss\n|-activate|p2b: Amoonguss|move: Protect\n|move|p1b: Iron Hands|Swords Dance|p1b: Iron Hands\n|-boost|p1b: Iron Hands|atk|2\n|move|p2a: Corviknight|Brave Bird|p1a: Murkrow\n|-damage|p1a: Murkrow|53\/100\n|-damage|p2a: Corviknight|54\/100|[from] Recoil\n|\n|-heal|p1b: Iron Hands|67\/100|[from] item: Leftovers\n|-sideend|p1: Yoroloi|move: Tailwind\n|upkeep\n|turn|6\n|inactive|LasermanZ111 has 30 seconds left.\n|inactive|Yoroloi has 30 seconds left.\n|\n|t:|1683299047\n|switch|p2a: Chi-Yu|Chi-Yu, L50|100\/100\n|-ability|p2a: Chi-Yu|Beads of Ruin\n|move|p2b: Amoonguss|Rage Powder|p2b: Amoonguss\n|-singleturn|p2b: Amoonguss|move: Rage Powder\n|move|p1a: Murkrow|Taunt|p2b: Amoonguss\n|-start|p2b: Amoonguss|move: Taunt\n|move|p1b: Iron Hands|Drain Punch|p2b: Amoonguss\n|-resisted|p2b: Amoonguss\n|-damage|p2b: Amoonguss|68\/100\n|-heal|p1b: Iron Hands|83\/100|[from] drain|[of] p2b: Amoonguss\n|\n|-heal|p1b: Iron Hands|89\/100|[from] item: Leftovers\n|upkeep\n|turn|7\n|inactive|LasermanZ111 has 30 seconds left.\n|\n|t:|1683299076\n|switch|p2b: Corviknight|Corviknight, L50, M, tera:Fire|54\/100\n|move|p2a: Chi-Yu|Protect|p2a: Chi-Yu\n|-singleturn|p2a: Chi-Yu|Protect\n|move|p1a: Murkrow|Tailwind|p1a: Murkrow\n|-sidestart|p1: Yoroloi|move: Tailwind\n|move|p1b: Iron Hands|Drain Punch|p2a: Chi-Yu\n|-activate|p2a: Chi-Yu|move: Protect\n|\n|-heal|p1b: Iron Hands|95\/100|[from] item: Leftovers\n|upkeep\n|turn|8\n|inactive|Yoroloi has 30 seconds left.\n|inactive|Yoroloi has 20 seconds left.\n|\n|t:|1683299111\n|move|p1a: Murkrow|Taunt|p2b: Corviknight\n|-start|p2b: Corviknight|move: Taunt\n|move|p2a: Chi-Yu|Heat Wave|p1b: Iron Hands|[spread] p1a,p1b\n|-damage|p1a: Murkrow|0 fnt\n|-damage|p1b: Iron Hands|53\/100\n|faint|p1a: Murkrow\n|move|p1b: Iron Hands|Drain Punch|p2a: Chi-Yu\n|-supereffective|p2a: Chi-Yu\n|-enditem|p2a: Chi-Yu|Focus Sash\n|-damage|p2a: Chi-Yu|1\/100\n|-heal|p1b: Iron Hands|81\/100|[from] drain|[of] p2a: Chi-Yu\n|cant|p2b: Corviknight|move: Taunt|Tailwind\n|\n|-heal|p1b: Iron Hands|87\/100|[from] item: Leftovers\n|upkeep\n|\n|t:|1683299126\n|switch|p1a: Gastrodon|Gastrodon-East, L50, F|100\/100\n|turn|9\n|inactive|LasermanZ111 has 30 seconds left.\n|\n|t:|1683299159\n|switch|p2b: Amoonguss|Amoonguss, L50, M|100\/100\n|move|p2a: Chi-Yu|Protect|p2a: Chi-Yu\n|-singleturn|p2a: Chi-Yu|Protect\n|move|p1b: Iron Hands|Wild Charge|p2b: Amoonguss\n|-resisted|p2b: Amoonguss\n|-damage|p2b: Amoonguss|64\/100\n|-damage|p1b: Iron Hands|79\/100|[from] Recoil\n|move|p1a: Gastrodon|Earth Power|p2a: Chi-Yu\n|-activate|p2a: Chi-Yu|move: Protect\n|\n|-heal|p1b: Iron Hands|85\/100|[from] item: Leftovers\n|upkeep\n|turn|10\n|inactive|LasermanZ111 has 30 seconds left.\n|\n|t:|1683299191\n|move|p2b: Amoonguss|Rage Powder|p2b: Amoonguss\n|-singleturn|p2b: Amoonguss|move: Rage Powder\n|move|p2a: Chi-Yu|Dark Pulse|p1a: Gastrodon\n|-damage|p1a: Gastrodon|47\/100\n|-enditem|p1a: Gastrodon|Sitrus Berry|[eat]\n|-heal|p1a: Gastrodon|72\/100|[from] item: Sitrus Berry\n|move|p1b: Iron Hands|Drain Punch|p2b: Amoonguss\n|-resisted|p2b: Amoonguss\n|-damage|p2b: Amoonguss|31\/100\n|-heal|p1b: Iron Hands|100\/100|[from] drain|[of] p2b: Amoonguss\n|-enditem|p2b: Amoonguss|Sitrus Berry|[eat]\n|-heal|p2b: Amoonguss|55\/100|[from] item: Sitrus Berry\n|move|p1a: Gastrodon|Muddy Water|p2a: Chi-Yu|[spread] p2a,p2b\n|-supereffective|p2a: Chi-Yu\n|-resisted|p2b: Amoonguss\n|-damage|p2a: Chi-Yu|0 fnt\n|-damage|p2b: Amoonguss|42\/100\n|-unboost|p2b: Amoonguss|accuracy|1\n|faint|p2a: Chi-Yu\n|\n|-sideend|p1: Yoroloi|move: Tailwind\n|upkeep\n|c|\u2606LasermanZ111|of course\n|\n|t:|1683299210\n|switch|p2a: Corviknight|Corviknight, L50, M, tera:Fire|54\/100\n|turn|11\n|c|\u2606Yoroloi|lol\n|inactive|LasermanZ111 has 30 seconds left.\n|inactive|LasermanZ111 has 20 seconds left.\n|\n|t:|1683299246\n|move|p2a: Corviknight|Roost|p2a: Corviknight\n|-heal|p2a: Corviknight|100\/100\n|move|p1b: Iron Hands|Drain Punch|p2a: Corviknight\n|-damage|p2a: Corviknight|32\/100\n|move|p1a: Gastrodon|Muddy Water|p2a: Corviknight|[spread] p2a,p2b\n|-supereffective|p2a: Corviknight\n|-resisted|p2b: Amoonguss\n|-damage|p2a: Corviknight|0 fnt\n|-damage|p2b: Amoonguss|32\/100\n|-unboost|p2b: Amoonguss|accuracy|1\n|faint|p2a: Corviknight\n|move|p2b: Amoonguss|Spore|p1b: Iron Hands\n|-status|p1b: Iron Hands|slp|[from] move: Spore\n|\n|upkeep\n|turn|12\n|\n|t:|1683299266\n|cant|p1b: Iron Hands|slp\n|move|p1a: Gastrodon|Ice Beam|p2b: Amoonguss\n|-supereffective|p2b: Amoonguss\n|-damage|p2b: Amoonguss|1\/100\n|move|p2b: Amoonguss|Pollen Puff|p1a: Gastrodon|[miss]\n|-miss|p2b: Amoonguss|p1a: Gastrodon\n|\n|upkeep\n|turn|13\n|\n|t:|1683299281\n|cant|p1b: Iron Hands|slp\n|move|p1a: Gastrodon|Earth Power|p2b: Amoonguss\n|-damage|p2b: Amoonguss|0 fnt\n|faint|p2b: Amoonguss\n|\n|win|Yoroloi\n|n|\u2606Yoroloi|yoroloi\n|n|\u2606LasermanZ111|lasermanz111\n|c|\u2606Yoroloi|gg\n|c|\u2606LasermanZ111|gg\n","uploadtime":1683299291,"views":8,"p1id":"yoroloi","p2id":"lasermanz111","formatid":"gen9vgc2023regulationc","rating":0,"private":0,"password":""}