{"id":"gen9vgc2023regulationc-1849441295","p1":"Seatoe","p2":"PigsRuleVGC!!!","format":"[Gen 9] VGC 2023 Regulation C","log":"|j|\u2606Seatoe\n|j|\u2606PigsRuleVGC!!!\n|t:|1682198841\n|gametype|doubles\n|player|p1|Seatoe|sailor|1299\n|player|p2|PigsRuleVGC!!!|acetrainer|1400\n|teamsize|p1|6\n|teamsize|p2|6\n|gen|9\n|tier|[Gen 9] VGC 2023 Regulation C\n|rated|\n|rule|Species Clause: Limit one of each Pok\u00e9mon\n|rule|Item Clause: Limit one of each item\n|clearpoke\n|poke|p1|Palafin, L50, F|\n|poke|p1|Arcanine, L50, M|\n|poke|p1|Amoonguss, L50, M|\n|poke|p1|Ting-Lu, L50|\n|poke|p1|Baxcalibur, L50, M|\n|poke|p1|Braviary, L50, M|\n|poke|p2|Palafin, L50, M|\n|poke|p2|Chi-Yu, L50|\n|poke|p2|Corviknight, L50, M|\n|poke|p2|Iron Hands, L50|\n|poke|p2|Amoonguss, L50, M|\n|poke|p2|Flutter Mane, L50|\n|teampreview|4\n|inactive|Battle timer is ON: inactive players will automatically lose when time's up. (requested by PigsRuleVGC!!!)\n|j| czarVGC\n|inactive|Seatoe has 60 seconds left.\n|inactive|PigsRuleVGC!!! has 60 seconds left.\n|inactive|PigsRuleVGC!!! has 30 seconds left.\n|\n|t:|1682198903\n|start\n|switch|p1a: \u2018Murica|Braviary, L50, M|100\/100\n|switch|p1b: Australia|Palafin, L50, F|100\/100\n|switch|p2a: Palafin|Palafin, L50, M|100\/100\n|switch|p2b: Iron Hands|Iron Hands, L50|100\/100\n|turn|1\n|inactive|PigsRuleVGC!!! has 30 seconds left.\n|\n|t:|1682198936\n|detailschange|p2a: Palafin|Palafin-Hero, L50, M\n|switch|p2a: Amoonguss|Amoonguss, L50, M|100\/100\n|detailschange|p1b: Australia|Palafin-Hero, L50, F\n|switch|p1b: Spain|Amoonguss, L50, M|100\/100\n|move|p1a: \u2018Murica|Tailwind|p1a: \u2018Murica\n|-sidestart|p1: Seatoe|move: Tailwind\n|move|p2b: Iron Hands|Volt Switch|p1b: Spain\n|-resisted|p1b: Spain\n|-damage|p1b: Spain|95\/100\n|\n|t:|1682198948\n|-end|p2b: Iron Hands|Quark Drive|[silent]\n|switch|p2b: Palafin|Palafin-Hero, L50, M|100\/100|[from] Volt Switch\n|-activate|p2b: Palafin|ability: Zero to Hero\n|\n|upkeep\n|turn|2\n|inactive|PigsRuleVGC!!! has 30 seconds left.\n|inactive|PigsRuleVGC!!! has 20 seconds left.\n|inactive|PigsRuleVGC!!! has 15 seconds left.\n|inactive|PigsRuleVGC!!! has 10 seconds left.\n|\n|t:|1682198994\n|move|p2a: Amoonguss|Protect|p2a: Amoonguss\n|-singleturn|p2a: Amoonguss|Protect\n|move|p1a: \u2018Murica|Brave Bird|p2a: Amoonguss\n|-activate|p2a: Amoonguss|move: Protect\n|move|p2b: Palafin|Wave Crash|p1a: \u2018Murica\n|-damage|p1a: \u2018Murica|10\/100\n|-damage|p2b: Palafin|72\/100|[from] Recoil\n|move|p1b: Spain|Spore|p2b: Palafin\n|-status|p2b: Palafin|slp|[from] move: Spore\n|\n|upkeep\n|turn|3\n|inactive|Seatoe has 30 seconds left.\n|\n|t:|1682199025\n|switch|p2a: Iron Hands|Iron Hands, L50|100\/100\n|cant|p2b: Palafin|slp\n|move|p1a: \u2018Murica|Roost|p1a: \u2018Murica\n|-heal|p1a: \u2018Murica|60\/100\n|-singleturn|p1a: \u2018Murica|move: Roost\n|move|p1b: Spain|Pollen Puff|p1a: \u2018Murica\n|-heal|p1a: \u2018Murica|100\/100\n|\n|upkeep\n|turn|4\n|\n|t:|1682199047\n|-terastallize|p2a: Iron Hands|Grass\n|cant|p2b: Palafin|slp\n|move|p1a: \u2018Murica|Brave Bird|p2a: Iron Hands\n|-supereffective|p2a: Iron Hands\n|-damage|p2a: Iron Hands|19\/100\n|-damage|p1a: \u2018Murica|65\/100|[from] Recoil\n|move|p1b: Spain|Spore|p2a: Iron Hands\n|-immune|p2a: Iron Hands\n|move|p2a: Iron Hands|Wild Charge|p1a: \u2018Murica\n|-supereffective|p1a: \u2018Murica\n|-damage|p1a: \u2018Murica|0 fnt\n|faint|p1a: \u2018Murica\n|-damage|p2a: Iron Hands|7\/100|[from] Recoil\n|\n|-sideend|p1: Seatoe|move: Tailwind\n|upkeep\n|\n|t:|1682199052\n|switch|p1a: Australia|Palafin-Hero, L50, F|100\/100\n|-activate|p1a: Australia|ability: Zero to Hero\n|turn|5\n|l| czarVGC\n|\n|t:|1682199073\n|-end|p2a: Iron Hands|Quark Drive|[silent]\n|switch|p2a: Amoonguss|Amoonguss, L50, M|100\/100\n|move|p1a: Australia|Jet Punch|p2a: Amoonguss\n|-resisted|p2a: Amoonguss\n|-damage|p2a: Amoonguss|75\/100\n|cant|p2b: Palafin|slp\n|move|p1b: Spain|Spore|p2b: Palafin\n|-fail|p2b: Palafin|slp\n|\n|upkeep\n|turn|6\n|\n|t:|1682199086\n|-curestatus|p2b: Palafin|slp|[msg]\n|move|p2b: Palafin|Protect|p2b: Palafin\n|-singleturn|p2b: Palafin|Protect\n|move|p1a: Australia|Protect|p1a: Australia\n|-singleturn|p1a: Australia|Protect\n|move|p2a: Amoonguss|Protect|p2a: Amoonguss\n|-singleturn|p2a: Amoonguss|Protect\n|move|p1b: Spain|Spore|p2b: Palafin\n|-activate|p2b: Palafin|move: Protect\n|\n|upkeep\n|turn|7\n|\n|t:|1682199105\n|switch|p2b: Iron Hands|Iron Hands, L50, tera:Grass|7\/100\n|-terastallize|p1a: Australia|Water\n|move|p1a: Australia|Wave Crash|p2b: Iron Hands\n|-resisted|p2b: Iron Hands\n|-damage|p2b: Iron Hands|0 fnt\n|faint|p2b: Iron Hands\n|-end|p2b: Iron Hands|Quark Drive|[silent]\n|-damage|p1a: Australia|98\/100|[from] Recoil\n|move|p1b: Spain|Pollen Puff|p1a: Australia\n|-heal|p1a: Australia|100\/100\n|move|p2a: Amoonguss|Spore|p1a: Australia\n|-status|p1a: Australia|slp|[from] move: Spore\n|\n|upkeep\n|\n|t:|1682199122\n|switch|p2b: Flutter Mane|Flutter Mane, L50|100\/100\n|-enditem|p2b: Flutter Mane|Booster Energy\n|-activate|p2b: Flutter Mane|ability: Protosynthesis|[fromitem]\n|-start|p2b: Flutter Mane|protosynthesisspa\n|turn|8\n|\n|t:|1682199133\n|switch|p1a: Canada|Ting-Lu, L50|100\/100\n|-ability|p1a: Canada|Vessel of Ruin\n|move|p2b: Flutter Mane|Shadow Ball|p1b: Spain\n|-damage|p1b: Spain|59\/100\n|move|p1b: Spain|Spore|p2b: Flutter Mane\n|-status|p2b: Flutter Mane|slp|[from] move: Spore\n|move|p2a: Amoonguss|Pollen Puff|p1b: Spain\n|-damage|p1b: Spain|48\/100\n|-enditem|p1b: Spain|Sitrus Berry|[eat]\n|-heal|p1b: Spain|73\/100|[from] item: Sitrus Berry\n|\n|upkeep\n|turn|9\n|\n|t:|1682199155\n|-end|p2b: Flutter Mane|Protosynthesis|[silent]\n|switch|p2b: Palafin|Palafin-Hero, L50, M|72\/100\n|move|p1a: Canada|Heavy Slam|p2b: Palafin\n|-resisted|p2b: Palafin\n|-damage|p2b: Palafin|56\/100\n|move|p1b: Spain|Spore|p2a: Amoonguss\n|-immune|p2a: Amoonguss\n|move|p2a: Amoonguss|Pollen Puff|p2b: Palafin\n|-heal|p2b: Palafin|100\/100\n|\n|upkeep\n|turn|10\n|inactive|PigsRuleVGC!!! has 30 seconds left.\n|\n|t:|1682199183\n|move|p2b: Palafin|Protect|p2b: Palafin\n|-singleturn|p2b: Palafin|Protect\n|move|p1b: Spain|Rage Powder|p1b: Spain\n|-singleturn|p1b: Spain|move: Rage Powder\n|move|p1a: Canada|Fissure|p2b: Palafin\n|-activate|p2b: Palafin|move: Protect\n|move|p2a: Amoonguss|Spore|p1a: Canada\n|-status|p1a: Canada|slp|[from] move: Spore\n|\n|upkeep\n|turn|11\n|\n|t:|1682199204\n|move|p1b: Spain|Rage Powder|p1b: Spain\n|-singleturn|p1b: Spain|move: Rage Powder\n|move|p2b: Palafin|Wave Crash|p1b: Spain\n|-resisted|p1b: Spain\n|-damage|p1b: Spain|37\/100\n|-damage|p2b: Palafin|87\/100|[from] Recoil\n|cant|p1a: Canada|slp\n|move|p2a: Amoonguss|Pollen Puff|p1b: Spain\n|-damage|p1b: Spain|26\/100\n|\n|upkeep\n|turn|12\n|\n|t:|1682199224\n|switch|p1a: Australia|Palafin-Hero, L50, F, tera:Water|100\/100 slp\n|move|p2b: Palafin|Wave Crash|p1b: Spain\n|-resisted|p1b: Spain\n|-damage|p1b: Spain|0 fnt\n|faint|p1b: Spain\n|-damage|p2b: Palafin|79\/100|[from] Recoil\n|move|p2a: Amoonguss|Pollen Puff|p2b: Palafin\n|-heal|p2b: Palafin|100\/100\n|\n|upkeep\n|\n|t:|1682199236\n|switch|p1b: Canada|Ting-Lu, L50|100\/100 slp\n|-ability|p1b: Canada|Vessel of Ruin\n|turn|13\n|\n|t:|1682199246\n|switch|p2a: Flutter Mane|Flutter Mane, L50|100\/100 slp\n|move|p2b: Palafin|Wave Crash|p1b: Canada\n|-supereffective|p1b: Canada\n|-damage|p1b: Canada|0 fnt\n|faint|p1b: Canada\n|-damage|p2b: Palafin|63\/100|[from] Recoil\n|cant|p1a: Australia|slp\n|\n|upkeep\n|turn|14\n|\n|t:|1682199259\n|switch|p2b: Amoonguss|Amoonguss, L50, M|100\/100\n|cant|p2a: Flutter Mane|slp\n|cant|p1a: Australia|slp\n|\n|upkeep\n|turn|15\n|\n|t:|1682199269\n|move|p2b: Amoonguss|Rage Powder|p2b: Amoonguss\n|-singleturn|p2b: Amoonguss|move: Rage Powder\n|cant|p2a: Flutter Mane|slp\n|cant|p1a: Australia|slp\n|\n|upkeep\n|turn|16\n|\n|t:|1682199277\n|move|p2b: Amoonguss|Rage Powder|p2b: Amoonguss\n|-singleturn|p2b: Amoonguss|move: Rage Powder\n|cant|p2a: Flutter Mane|slp\n|-curestatus|p1a: Australia|slp|[msg]\n|move|p1a: Australia|Wave Crash|p2b: Amoonguss\n|-resisted|p2b: Amoonguss\n|-damage|p2b: Amoonguss|34\/100\n|-enditem|p2b: Amoonguss|Sitrus Berry|[eat]\n|-heal|p2b: Amoonguss|59\/100|[from] item: Sitrus Berry\n|-damage|p1a: Australia|77\/100|[from] Recoil\n|\n|upkeep\n|turn|17\n|\n|t:|1682199291\n|-curestatus|p2a: Flutter Mane|slp|[msg]\n|move|p2a: Flutter Mane|Protect|p2a: Flutter Mane\n|-singleturn|p2a: Flutter Mane|Protect\n|move|p1a: Australia|Wave Crash|p2a: Flutter Mane\n|-activate|p2a: Flutter Mane|move: Protect\n|move|p2b: Amoonguss|Spore|p1a: Australia\n|-status|p1a: Australia|slp|[from] move: Spore\n|\n|upkeep\n|turn|18\n|\n|t:|1682199311\n|move|p2a: Flutter Mane|Moonblast|p1a: Australia\n|-damage|p1a: Australia|33\/100 slp\n|cant|p1a: Australia|slp\n|move|p2b: Amoonguss|Pollen Puff|p1a: Australia\n|-damage|p1a: Australia|16\/100 slp\n|\n|upkeep\n|turn|19\n|\n|t:|1682199321\n|move|p2b: Amoonguss|Rage Powder|p2b: Amoonguss\n|-singleturn|p2b: Amoonguss|move: Rage Powder\n|cant|p1a: Australia|slp\n|move|p2a: Flutter Mane|Moonblast|p1a: Australia\n|-damage|p1a: Australia|0 fnt\n|faint|p1a: Australia\n|\n|win|PigsRuleVGC!!!\n|raw|Seatoe's rating: 1299 → 1281<\/strong> (-18 for losing)\n|raw|PigsRuleVGC!!!'s rating: 1400 → 1414<\/strong> (+14 for winning)\n|l|\u2606Seatoe\n","uploadtime":1682199335,"views":10,"p1id":"seatoe","p2id":"pigsrulevgc","formatid":"gen9vgc2023regulationc","rating":1281,"private":0,"password":""}