{"id":"gen9vgc2023regulationc-1863451886","p1":"okFreaKVGC","p2":"RIPTheDollarMenu","format":"[Gen 9] VGC 2023 Regulation C","log":"|j|\u2606okFreaKVGC\n|j|\u2606RIPTheDollarMenu\n|t:|1684019074\n|gametype|doubles\n|player|p1|okFreaKVGC|2|1304\n|player|p2|RIPTheDollarMenu|waiter-gen4|1278\n|teamsize|p1|6\n|teamsize|p2|6\n|gen|9\n|tier|[Gen 9] VGC 2023 Regulation C\n|rated|\n|rule|Species Clause: Limit one of each Pok\u00e9mon\n|rule|Item Clause: Limit one of each item\n|clearpoke\n|poke|p1|Indeedee-F, L50, F|\n|poke|p1|Drifblim, L50, M|\n|poke|p1|Garchomp, L50, M|\n|poke|p1|Iron Bundle, L50|\n|poke|p1|Sylveon, L50, F|\n|poke|p1|Arcanine, L50, F|\n|poke|p2|Tyranitar, L50, F|\n|poke|p2|Garchomp, L50, F|\n|poke|p2|Scream Tail, L50|\n|poke|p2|Corviknight, L50, M|\n|poke|p2|Gyarados, L50, M|\n|poke|p2|Iron Hands, L50|\n|teampreview|4\n|\n|t:|1684019137\n|start\n|switch|p1a: Indeedee|Indeedee-F, L50, F|100\/100\n|switch|p1b: Sylveon|Sylveon, L50, F|100\/100\n|switch|p2a: Beholder|Scream Tail, L50, shiny|100\/100\n|switch|p2b: Leviathan|Gyarados, L50, M|100\/100\n|-ability|p2b: Leviathan|Intimidate|boost\n|-unboost|p1a: Indeedee|atk|1\n|-unboost|p1b: Sylveon|atk|1\n|-fieldstart|move: Psychic Terrain|[from] ability: Psychic Surge|[of] p1a: Indeedee\n|-enditem|p2a: Beholder|Booster Energy\n|-activate|p2a: Beholder|ability: Protosynthesis|[fromitem]\n|-start|p2a: Beholder|protosynthesisspe\n|turn|1\n|\n|t:|1684019162\n|-terastallize|p1b: Sylveon|Fairy\n|move|p2a: Beholder|Encore||[still]\n|-fail|p2a: Beholder\n|move|p2b: Leviathan|Taunt|p1a: Indeedee\n|-start|p1a: Indeedee|move: Taunt\n|move|p1a: Indeedee|Psychic|p2b: Leviathan\n|-damage|p2b: Leviathan|69\/100\n|move|p1b: Sylveon|Hyper Voice|p2b: Leviathan|[spread] p2a,p2b\n|-damage|p2a: Beholder|40\/100\n|-damage|p2b: Leviathan|0 fnt\n|faint|p2b: Leviathan\n|\n|upkeep\n|\n|t:|1684019193\n|switch|p2b: Corviknight|Corviknight, L50, M|100\/100\n|turn|2\n|\n|t:|1684019206\n|move|p2a: Beholder|Disable|p1b: Sylveon\n|-start|p1b: Sylveon|Disable|Hyper Voice\n|move|p1a: Indeedee|Psychic|p2b: Corviknight\n|-resisted|p2b: Corviknight\n|-damage|p2b: Corviknight|83\/100\n|move|p2b: Corviknight|Bulk Up|p2b: Corviknight\n|-boost|p2b: Corviknight|atk|1\n|-boost|p2b: Corviknight|def|1\n|cant|p1b: Sylveon|Disable|Hyper Voice\n|\n|upkeep\n|turn|3\n|\n|t:|1684019238\n|switch|p1a: Garchomp|Garchomp, L50, M|100\/100\n|switch|p1b: Drifblim|Drifblim, L50, M|100\/100\n|-enditem|p1b: Drifblim|Psychic Seed\n|-boost|p1b: Drifblim|spd|1|[from] item: Psychic Seed\n|move|p2a: Beholder|Thunder Wave|p1a: Garchomp\n|-immune|p1a: Garchomp\n|move|p2b: Corviknight|Iron Head|p1b: Drifblim\n|-damage|p1b: Drifblim|39\/100\n|\n|upkeep\n|turn|4\n|\n|t:|1684019271\n|-terastallize|p2a: Beholder|Grass\n|move|p1b: Drifblim|Will-O-Wisp|p2b: Corviknight|[miss]\n|-miss|p1b: Drifblim|p2b: Corviknight\n|move|p2a: Beholder|Thunder Wave|p1b: Drifblim\n|-status|p1b: Drifblim|par\n|move|p1a: Garchomp|Swords Dance|p1a: Garchomp\n|-boost|p1a: Garchomp|atk|2\n|move|p2b: Corviknight|Bulk Up|p2b: Corviknight\n|-boost|p2b: Corviknight|atk|1\n|-boost|p2b: Corviknight|def|1\n|\n|upkeep\n|turn|5\n|\n|t:|1684019304\n|move|p1a: Garchomp|Protect|p1a: Garchomp\n|-singleturn|p1a: Garchomp|Protect\n|move|p2a: Beholder|Encore|p1a: Garchomp\n|-activate|p1a: Garchomp|move: Protect\n|move|p1b: Drifblim|Will-O-Wisp|p2b: Corviknight|[miss]\n|-miss|p1b: Drifblim|p2b: Corviknight\n|move|p2b: Corviknight|Bulk Up|p2b: Corviknight\n|-boost|p2b: Corviknight|atk|1\n|-boost|p2b: Corviknight|def|1\n|\n|upkeep\n|turn|6\n|\n|t:|1684019324\n|switch|p1a: Indeedee|Indeedee-F, L50, F|100\/100\n|move|p2a: Beholder|Disable|p1b: Drifblim\n|-start|p1b: Drifblim|Disable|Will-O-Wisp\n|cant|p1b: Drifblim|Disable|Will-O-Wisp\n|move|p2b: Corviknight|Brave Bird|p1a: Indeedee\n|-damage|p1a: Indeedee|0 fnt\n|faint|p1a: Indeedee\n|-damage|p2b: Corviknight|55\/100|[from] Recoil\n|\n|upkeep\n|\n|t:|1684019351\n|switch|p1a: Sylveon|Sylveon, L50, F, tera:Fairy|100\/100\n|turn|7\n|c|\u2606okFreaKVGC|one day ill hit a willo\n|\n|t:|1684019365\n|move|p2a: Beholder|Thunder Wave|p1a: Sylveon\n|-status|p1a: Sylveon|par\n|move|p1b: Drifblim|Tailwind|p1b: Drifblim\n|-sidestart|p1: okFreaKVGC|move: Tailwind\n|move|p2b: Corviknight|Iron Head|p1a: Sylveon\n|-supereffective|p1a: Sylveon\n|-damage|p1a: Sylveon|0 fnt\n|faint|p1a: Sylveon\n|\n|upkeep\n|-message|okFreaKVGC forfeited.\n|\n|win|RIPTheDollarMenu\n|raw|okFreaKVGC's rating: 1321 → 1299<\/strong> (-22 for losing)\n|raw|RIPTheDollarMenu's rating: 1278 → 1306<\/strong> (+28 for winning)\n|l|\u2606okFreaKVGC\n","uploadtime":1684019376,"views":11,"p1id":"okfreakvgc","p2id":"ripthedollarmenu","formatid":"gen9vgc2023regulationc","rating":1299,"private":0,"password":""}