{"id":"gen9vgc2023regulationc-1850042247","p1":"PurpleStyle","p2":"Heaven64","format":"[Gen 9] VGC 2023 Regulation C","log":"|j|\u2606PurpleStyle\n|j|\u2606Heaven64\n|t:|1682280959\n|gametype|doubles\n|player|p1|PurpleStyle|pokefan|\n|player|p2|Heaven64|leaf-masters|\n|teamsize|p1|6\n|teamsize|p2|6\n|gen|9\n|tier|[Gen 9] VGC 2023 Regulation C\n|rule|Species Clause: Limit one of each Pok\u00e9mon\n|rule|Item Clause: Limit one of each item\n|clearpoke\n|poke|p1|Flutter Mane, L50|\n|poke|p1|Crocalor, L50, F|\n|poke|p1|Donphan, L50, F|\n|poke|p1|Hydreigon, L50, M|\n|poke|p1|Azumarill, L50, M|\n|poke|p1|Venonat, L50, M|\n|poke|p2|Gholdengo, L50|\n|poke|p2|Grimmsnarl, L50, M|\n|poke|p2|Noivern, L50, M|\n|poke|p2|Tauros-Paldea-Aqua, L50, M|\n|poke|p2|Veluza, L50, M|\n|poke|p2|Zangoose, L50, M|\n|teampreview|4\n|c|\u2606Heaven64|G3\n|c|\u2606PurpleStyle|g3\n|\n|t:|1682281695\n|start\n|switch|p1a: Flutter Mane|Flutter Mane, L50|100\/100\n|switch|p1b: Azumarill|Azumarill, L50, M|100\/100\n|switch|p2a: Ficello|Gholdengo, L50|100\/100\n|switch|p2b: Tonsurephobia|Grimmsnarl, L50, M|100\/100\n|turn|1\n|\n|t:|1682281745\n|-terastallize|p2a: Ficello|Fairy\n|move|p2b: Tonsurephobia|Reflect|p2b: Tonsurephobia\n|-sidestart|p2: Heaven64|Reflect\n|move|p1a: Flutter Mane|Substitute|p1a: Flutter Mane\n|-start|p1a: Flutter Mane|Substitute\n|-damage|p1a: Flutter Mane|75\/100\n|move|p2a: Ficello|Make It Rain|p1a: Flutter Mane|[spread] p1a,p1b\n|-supereffective|p1a: Flutter Mane\n|-crit|p1a: Flutter Mane\n|-end|p1a: Flutter Mane|Substitute\n|-damage|p1b: Azumarill|52\/100\n|-unboost|p2a: Ficello|spa|1\n|move|p1b: Azumarill|Play Rough|p2b: Tonsurephobia\n|-supereffective|p2b: Tonsurephobia\n|-enditem|p2b: Tonsurephobia|Roseli Berry|[eat]\n|-enditem|p2b: Tonsurephobia|Roseli Berry|[weaken]\n|-damage|p2b: Tonsurephobia|62\/100\n|\n|-heal|p1a: Flutter Mane|82\/100|[from] item: Leftovers\n|upkeep\n|turn|2\n|\n|t:|1682281802\n|-terastallize|p1a: Flutter Mane|Steel\n|move|p1a: Flutter Mane|Moonblast|p2b: Tonsurephobia\n|-supereffective|p2b: Tonsurephobia\n|-damage|p2b: Tonsurephobia|0 fnt\n|faint|p2b: Tonsurephobia\n|move|p2a: Ficello|Make It Rain|p1b: Azumarill|[spread] p1a,p1b\n|-resisted|p1a: Flutter Mane\n|-crit|p1b: Azumarill\n|-damage|p1a: Flutter Mane|69\/100\n|-damage|p1b: Azumarill|0 fnt\n|-unboost|p2a: Ficello|spa|1\n|faint|p1b: Azumarill\n|\n|-heal|p1a: Flutter Mane|75\/100|[from] item: Leftovers\n|upkeep\n|c|\u2606Heaven64|lucky\n|c|\u2606PurpleStyle|yeah thats a hell of a crit lol\n|\n|t:|1682281828\n|switch|p2b: High on Fumes|Zangoose, L50, M, shiny|100\/100\n|switch|p1b: Crocalor|Crocalor, L50, F|100\/100\n|turn|3\n|\n|t:|1682281857\n|switch|p2a: Fish Gallade|Veluza, L50, M|100\/100\n|move|p2b: High on Fumes|Protect|p2b: High on Fumes\n|-singleturn|p2b: High on Fumes|Protect\n|move|p1a: Flutter Mane|Substitute|p1a: Flutter Mane\n|-start|p1a: Flutter Mane|Substitute\n|-damage|p1a: Flutter Mane|50\/100\n|move|p1b: Crocalor|Will-O-Wisp|p2b: High on Fumes\n|-activate|p2b: High on Fumes|move: Protect\n|\n|-heal|p1a: Flutter Mane|56\/100|[from] item: Leftovers\n|-status|p2b: High on Fumes|tox|[from] item: Toxic Orb\n|upkeep\n|turn|4\n|\n|t:|1682281897\n|move|p1a: Flutter Mane|Protect|p1a: Flutter Mane\n|-singleturn|p1a: Flutter Mane|Protect\n|move|p2a: Fish Gallade|Aqua Cutter|p1a: Flutter Mane\n|-activate|p1a: Flutter Mane|move: Protect\n|move|p2b: High on Fumes|Facade|p1a: Flutter Mane\n|-activate|p1a: Flutter Mane|move: Protect\n|move|p1b: Crocalor|Snarl|p2b: High on Fumes|[spread] p2a,p2b\n|-supereffective|p2a: Fish Gallade\n|-damage|p2a: Fish Gallade|76\/100\n|-damage|p2b: High on Fumes|88\/100 tox\n|-unboost|p2a: Fish Gallade|spa|1\n|-unboost|p2b: High on Fumes|spa|1\n|\n|-heal|p1a: Flutter Mane|62\/100|[from] item: Leftovers\n|-damage|p2b: High on Fumes|82\/100 tox|[from] psn\n|upkeep\n|turn|5\n|\n|t:|1682281914\n|move|p1a: Flutter Mane|Shadow Ball|p2a: Fish Gallade\n|-supereffective|p2a: Fish Gallade\n|-damage|p2a: Fish Gallade|0 fnt\n|faint|p2a: Fish Gallade\n|move|p2b: High on Fumes|Facade|p1a: Flutter Mane\n|-resisted|p1a: Flutter Mane\n|-end|p1a: Flutter Mane|Substitute\n|move|p1b: Crocalor|Flamethrower|p2b: High on Fumes\n|-damage|p2b: High on Fumes|43\/100 tox\n|\n|-heal|p1a: Flutter Mane|69\/100|[from] item: Leftovers\n|-damage|p2b: High on Fumes|31\/100 tox|[from] psn\n|-sideend|p2: Heaven64|Reflect\n|upkeep\n|\n|t:|1682281927\n|switch|p2a: Ficello|Gholdengo, L50, tera:Fairy|100\/100\n|turn|6\n|\n|t:|1682281938\n|move|p1a: Flutter Mane|Moonblast|p2b: High on Fumes\n|-damage|p2b: High on Fumes|0 fnt\n|faint|p2b: High on Fumes\n|move|p2a: Ficello|Shadow Ball|p1a: Flutter Mane\n|-damage|p1a: Flutter Mane|30\/100\n|move|p1b: Crocalor|Snarl|p2a: Ficello\n|-resisted|p2a: Ficello\n|-damage|p2a: Ficello|97\/100\n|-unboost|p2a: Ficello|spa|1\n|\n|-heal|p1a: Flutter Mane|37\/100|[from] item: Leftovers\n|upkeep\n|turn|7\n|\n|t:|1682281955\n|move|p1a: Flutter Mane|Protect|p1a: Flutter Mane\n|-singleturn|p1a: Flutter Mane|Protect\n|move|p2a: Ficello|Shadow Ball|p1a: Flutter Mane\n|-activate|p1a: Flutter Mane|move: Protect\n|move|p1b: Crocalor|Snarl|p2a: Ficello\n|-resisted|p2a: Ficello\n|-damage|p2a: Ficello|93\/100\n|-unboost|p2a: Ficello|spa|1\n|\n|-heal|p1a: Flutter Mane|43\/100|[from] item: Leftovers\n|upkeep\n|turn|8\n|\n|t:|1682281960\n|move|p1a: Flutter Mane|Substitute|p1a: Flutter Mane\n|-start|p1a: Flutter Mane|Substitute\n|-damage|p1a: Flutter Mane|18\/100\n|move|p2a: Ficello|Shadow Ball|p1a: Flutter Mane\n|-activate|p1a: Flutter Mane|move: Substitute|[damage]\n|move|p1b: Crocalor|Snarl|p2a: Ficello\n|-resisted|p2a: Ficello\n|-damage|p2a: Ficello|89\/100\n|-unboost|p2a: Ficello|spa|1\n|\n|-heal|p1a: Flutter Mane|24\/100|[from] item: Leftovers\n|upkeep\n|turn|9\n|c|\u2606Heaven64|gg\n|\n|t:|1682281969\n|move|p1a: Flutter Mane|Shadow Ball|p2a: Ficello\n|-damage|p2a: Ficello|67\/100\n|-unboost|p2a: Ficello|spd|1\n|move|p2a: Ficello|Shadow Ball|p1a: Flutter Mane\n|-end|p1a: Flutter Mane|Substitute\n|move|p1b: Crocalor|Snarl|p2a: Ficello\n|-resisted|p2a: Ficello\n|-damage|p2a: Ficello|61\/100\n|-unboost|p2a: Ficello|spa|1\n|\n|-heal|p1a: Flutter Mane|30\/100|[from] item: Leftovers\n|upkeep\n|turn|10\n|c|\u2606PurpleStyle|gg\n|c|\u2606PurpleStyle|we can end here if you want\n|\n|t:|1682281990\n|move|p1a: Flutter Mane|Protect|p1a: Flutter Mane\n|-singleturn|p1a: Flutter Mane|Protect\n|move|p2a: Ficello|Shadow Ball|p1a: Flutter Mane\n|-activate|p1a: Flutter Mane|move: Protect\n|move|p1b: Crocalor|Snarl|p2a: Ficello\n|-resisted|p2a: Ficello\n|-damage|p2a: Ficello|56\/100\n|-unboost|p2a: Ficello|spa|1\n|\n|-heal|p1a: Flutter Mane|37\/100|[from] item: Leftovers\n|upkeep\n|turn|11\n|-message|Heaven64 forfeited.\n|\n|win|PurpleStyle\n|l|\u2606Heaven64\n","uploadtime":1682282015,"views":6,"p1id":"purplestyle","p2id":"heaven64","formatid":"gen9vgc2023regulationc","rating":0,"private":0,"password":""}