{"id":"gen9vgc2023regulationc-1862639955","p1":"yogunjamz","p2":"TheChickenL","format":"[Gen 9] VGC 2023 Regulation C","log":"|j|\u2606yogunjamz\n|j|\u2606TheChickenL\n|t:|1683908000\n|gametype|doubles\n|player|p1|yogunjamz|102|1000\n|player|p2|TheChickenL|102|1108\n|teamsize|p1|4\n|teamsize|p2|6\n|gen|9\n|tier|[Gen 9] VGC 2023 Regulation C\n|rated|\n|rule|Species Clause: Limit one of each Pok\u00e9mon\n|rule|Item Clause: Limit one of each item\n|clearpoke\n|poke|p1|Wo-Chien, L50|\n|poke|p1|Eelektross, L50, F|\n|poke|p1|Ting-Lu, L50|\n|poke|p1|Ditto, L50|\n|poke|p2|Skeledirge, L50, F|\n|poke|p2|Torkoal, L50, M|\n|poke|p2|Flutter Mane, L50|\n|poke|p2|Gastrodon, L50, F|\n|poke|p2|Brute Bonnet, L50|\n|poke|p2|Chien-Pao, L50|\n|teampreview|4\n|\n|t:|1683908037\n|start\n|switch|p1a: Eelektross|Eelektross, L50, F|100\/100\n|switch|p1b: Wo-Chien|Wo-Chien, L50|100\/100\n|switch|p2a: Torkoal|Torkoal, L50, M|100\/100\n|switch|p2b: Gastrodon|Gastrodon, L50, F|100\/100\n|-ability|p1b: Wo-Chien|Tablets of Ruin\n|-weather|SunnyDay|[from] ability: Drought|[of] p2a: Torkoal\n|turn|1\n|\n|t:|1683908069\n|-terastallize|p1b: Wo-Chien|Ground\n|move|p1b: Wo-Chien|Light Screen|p1b: Wo-Chien\n|-sidestart|p1: yogunjamz|move: Light Screen\n|move|p1a: Eelektross|Discharge|p2b: Gastrodon|[spread] p2a\n|-immune|p1b: Wo-Chien\n|-immune|p2b: Gastrodon\n|-damage|p2a: Torkoal|78\/100\n|move|p2b: Gastrodon|Ice Beam|p1b: Wo-Chien\n|-supereffective|p1b: Wo-Chien\n|-damage|p1b: Wo-Chien|83\/100\n|move|p2a: Torkoal|Eruption|p1a: Eelektross|[spread] p1a,p1b\n|-damage|p1a: Eelektross|77\/100\n|-damage|p1b: Wo-Chien|65\/100\n|\n|-weather|SunnyDay|[upkeep]\n|-heal|p1b: Wo-Chien|71\/100|[from] item: Leftovers\n|upkeep\n|turn|2\n|\n|t:|1683908092\n|move|p2a: Torkoal|Helping Hand|p2b: Gastrodon\n|-singleturn|p2b: Gastrodon|Helping Hand|[of] p2a: Torkoal\n|move|p1b: Wo-Chien|Leech Seed|p2b: Gastrodon|[miss]\n|-miss|p1b: Wo-Chien|p2b: Gastrodon\n|move|p1a: Eelektross|Acid Spray|p2b: Gastrodon\n|-resisted|p2b: Gastrodon\n|-damage|p2b: Gastrodon|96\/100\n|-unboost|p2b: Gastrodon|spd|2\n|move|p2b: Gastrodon|Ice Beam|p1b: Wo-Chien\n|-supereffective|p1b: Wo-Chien\n|-damage|p1b: Wo-Chien|46\/100\n|\n|-weather|SunnyDay|[upkeep]\n|-heal|p1b: Wo-Chien|52\/100|[from] item: Leftovers\n|upkeep\n|turn|3\n|\n|t:|1683908115\n|switch|p2a: Chien-Pao|Chien-Pao, L50|100\/100\n|-ability|p2a: Chien-Pao|Sword of Ruin\n|move|p1b: Wo-Chien|Protect|p1b: Wo-Chien\n|-singleturn|p1b: Wo-Chien|Protect\n|move|p1a: Eelektross|Discharge|p2a: Chien-Pao|[spread] p2a\n|-activate|p1b: Wo-Chien|move: Protect\n|-immune|p2b: Gastrodon\n|-damage|p2a: Chien-Pao|65\/100\n|move|p2b: Gastrodon|Ice Beam|p1b: Wo-Chien\n|-activate|p1b: Wo-Chien|move: Protect\n|\n|-weather|SunnyDay|[upkeep]\n|-heal|p1b: Wo-Chien|58\/100|[from] item: Leftovers\n|upkeep\n|turn|4\n|\n|t:|1683908135\n|move|p1b: Wo-Chien|Protect||[still]\n|-fail|p1b: Wo-Chien\n|move|p2a: Chien-Pao|Ice Spinner|p1b: Wo-Chien\n|-supereffective|p1b: Wo-Chien\n|-damage|p1b: Wo-Chien|0 fnt\n|faint|p1b: Wo-Chien\n|move|p1a: Eelektross|Flamethrower|p2a: Chien-Pao\n|-supereffective|p2a: Chien-Pao\n|-damage|p2a: Chien-Pao|0 fnt\n|faint|p2a: Chien-Pao\n|move|p2b: Gastrodon|Ice Beam|p1a: Eelektross\n|-crit|p1a: Eelektross\n|-damage|p1a: Eelektross|55\/100\n|\n|-weather|SunnyDay|[upkeep]\n|upkeep\n|\n|t:|1683908154\n|switch|p2a: Flutter Mane|Flutter Mane, L50, shiny|100\/100\n|switch|p1b: Ditto|Ditto, L50|100\/100\n|-activate|p2a: Flutter Mane|ability: Protosynthesis\n|-start|p2a: Flutter Mane|protosynthesisspa\n|-transform|p1b: Ditto|p2a: Flutter Mane|[from] ability: Imposter\n|turn|5\n|\n|t:|1683908186\n|move|p1b: Ditto|Protect|p1b: Ditto\n|-singleturn|p1b: Ditto|Protect\n|move|p2a: Flutter Mane|Shadow Ball|p1b: Ditto\n|-activate|p1b: Ditto|move: Protect\n|move|p1a: Eelektross|Discharge|p2b: Gastrodon|[spread] p2a\n|-activate|p1b: Ditto|move: Protect\n|-immune|p2b: Gastrodon\n|-damage|p2a: Flutter Mane|79\/100\n|-status|p2a: Flutter Mane|par\n|move|p2b: Gastrodon|Ice Beam|p1a: Eelektross\n|-damage|p1a: Eelektross|44\/100\n|\n|-weather|none\n|-end|p2a: Flutter Mane|Protosynthesis\n|-sideend|p1: yogunjamz|move: Light Screen\n|upkeep\n|turn|6\n|\n|t:|1683908218\n|move|p1b: Ditto|Shadow Ball|p2a: Flutter Mane\n|-supereffective|p2a: Flutter Mane\n|-damage|p2a: Flutter Mane|0 fnt\n|faint|p2a: Flutter Mane\n|-end|p2a: Flutter Mane|Protosynthesis|[silent]\n|-damage|p1b: Ditto|91\/100|[from] item: Life Orb\n|move|p1a: Eelektross|Flash Cannon|p2b: Gastrodon\n|-resisted|p2b: Gastrodon\n|-damage|p2b: Gastrodon|78\/100\n|move|p2b: Gastrodon|Ice Beam|p1a: Eelektross\n|-damage|p1a: Eelektross|30\/100\n|\n|upkeep\n|\n|t:|1683908225\n|switch|p2a: Torkoal|Torkoal, L50, M|78\/100\n|-weather|SunnyDay|[from] ability: Drought|[of] p2a: Torkoal\n|turn|7\n|\n|t:|1683908255\n|move|p2a: Torkoal|Helping Hand|p2b: Gastrodon\n|-singleturn|p2b: Gastrodon|Helping Hand|[of] p2a: Torkoal\n|move|p1b: Ditto|Energy Ball|p2b: Gastrodon\n|-supereffective|p2b: Gastrodon\n|-crit|p2b: Gastrodon\n|-damage|p2b: Gastrodon|0 fnt\n|faint|p2b: Gastrodon\n|-damage|p1b: Ditto|81\/100|[from] item: Life Orb\n|move|p1a: Eelektross|Acid Spray|p2a: Torkoal\n|-damage|p2a: Torkoal|66\/100\n|-unboost|p2a: Torkoal|spd|2\n|\n|-weather|SunnyDay|[upkeep]\n|upkeep\n|turn|8\n|inactive|Battle timer is ON: inactive players will automatically lose when time's up. (requested by yogunjamz)\n|-message|TheChickenL forfeited.\n|\n|win|yogunjamz\n|raw|yogunjamz's rating: 1000 → 1052<\/strong> (+52 for winning)\n|raw|TheChickenL's rating: 1108 → 1075<\/strong> (-33 for losing)\n|l|\u2606TheChickenL\n","uploadtime":1683908344,"views":15,"p1id":"yogunjamz","p2id":"thechickenl","formatid":"gen9vgc2023regulationc","rating":1052,"private":0,"password":""}