{"id":"gen9vgc2023regulationc-1853184837","p1":"shuijunjun","p2":"jackiepeanuts","format":"[Gen 9] VGC 2023 Regulation C","log":"|j|\u2606shuijunjun\n|j|\u2606jackiepeanuts\n|t:|1682645681\n|gametype|doubles\n|player|p1|shuijunjun|iono|1374\n|player|p2|jackiepeanuts|102|1413\n|teamsize|p1|6\n|teamsize|p2|6\n|gen|9\n|tier|[Gen 9] VGC 2023 Regulation C\n|rated|\n|rule|Species Clause: Limit one of each Pok\u00e9mon\n|rule|Item Clause: Limit one of each item\n|clearpoke\n|poke|p1|Armarouge, L50, M|\n|poke|p1|Maushold-Four, L50|\n|poke|p1|Flutter Mane, L50|\n|poke|p1|Iron Bundle, L50|\n|poke|p1|Chien-Pao, L50|\n|poke|p1|Dragonite, L50, F|\n|poke|p2|Lokix, L50, F|\n|poke|p2|Flutter Mane, L50|\n|poke|p2|Chien-Pao, L50|\n|poke|p2|Ting-Lu, L50|\n|poke|p2|Dragonite, L50, F|\n|poke|p2|Orthworm, L50, F|\n|teampreview|4\n|\n|t:|1682645710\n|start\n|switch|p1a: Maushold|Maushold-Four, L50|100\/100\n|switch|p1b: Armarouge|Armarouge, L50, M|100\/100\n|switch|p2a: Flutter Mane|Flutter Mane, L50|100\/100\n|switch|p2b: Orthworm|Orthworm, L50, F|100\/100\n|-enditem|p2a: Flutter Mane|Booster Energy\n|-activate|p2a: Flutter Mane|ability: Protosynthesis|[fromitem]\n|-start|p2a: Flutter Mane|protosynthesisspa\n|turn|1\n|\n|t:|1682645727\n|-terastallize|p2b: Orthworm|Fire\n|move|p1a: Maushold|Beat Up|p1b: Armarouge\n|-supereffective|p1b: Armarouge\n|-damage|p1b: Armarouge|97\/100\n|-ability|p1b: Armarouge|Weak Armor|boost\n|-unboost|p1b: Armarouge|def|1\n|-boost|p1b: Armarouge|spe|2\n|-enditem|p1b: Armarouge|Weakness Policy\n|-boost|p1b: Armarouge|atk|2|[from] item: Weakness Policy\n|-boost|p1b: Armarouge|spa|2|[from] item: Weakness Policy\n|-supereffective|p1b: Armarouge\n|-damage|p1b: Armarouge|92\/100\n|-ability|p1b: Armarouge|Weak Armor|boost\n|-unboost|p1b: Armarouge|def|1\n|-boost|p1b: Armarouge|spe|2\n|-supereffective|p1b: Armarouge\n|-damage|p1b: Armarouge|83\/100\n|-ability|p1b: Armarouge|Weak Armor|boost\n|-unboost|p1b: Armarouge|def|1\n|-boost|p1b: Armarouge|spe|2\n|-supereffective|p1b: Armarouge\n|-damage|p1b: Armarouge|71\/100\n|-ability|p1b: Armarouge|Weak Armor|boost\n|-unboost|p1b: Armarouge|def|1\n|-hitcount|p1b: Armarouge|4\n|move|p1b: Armarouge|Flash Cannon|p2a: Flutter Mane\n|-supereffective|p2a: Flutter Mane\n|-damage|p2a: Flutter Mane|0 fnt\n|faint|p2a: Flutter Mane\n|-end|p2a: Flutter Mane|Protosynthesis|[silent]\n|move|p2b: Orthworm|Shed Tail|p2b: Orthworm\n|-start|p2b: Orthworm|Substitute|[from] move: Shed Tail\n|-damage|p2b: Orthworm|50\/100\n|-enditem|p2b: Orthworm|Sitrus Berry|[eat]\n|-heal|p2b: Orthworm|75\/100|[from] item: Sitrus Berry\n|\n|t:|1682645757\n|switch|p2b: Lokix|Lokix, L50, F, shiny|100\/100|[from] Shed Tail\n|\n|upkeep\n|\n|t:|1682645764\n|switch|p2a: Orthworm|Orthworm, L50, F, tera:Fire|75\/100\n|turn|2\n|\n|t:|1682645770\n|move|p1a: Maushold|Follow Me|p1a: Maushold\n|-singleturn|p1a: Maushold|move: Follow Me\n|move|p2b: Lokix|First Impression|p1a: Maushold\n|-damage|p1a: Maushold|27\/100\n|-damage|p2b: Lokix|91\/100|[from] item: Life Orb\n|move|p1b: Armarouge|Heat Wave|p2a: Orthworm|[spread] p2a\n|-miss|p1b: Armarouge|p2b: Lokix\n|-resisted|p2a: Orthworm\n|-damage|p2a: Orthworm|31\/100\n|move|p2a: Orthworm|Shed Tail|p2a: Orthworm\n|-fail|p2a: Orthworm|move: Shed Tail|[weak]\n|\n|upkeep\n|turn|3\n|\n|t:|1682645789\n|move|p1b: Armarouge|Heat Wave|p2b: Lokix|[spread] p2a,p2b\n|-supereffective|p2b: Lokix\n|-end|p2b: Lokix|Substitute\n|-resisted|p2a: Orthworm\n|-damage|p2a: Orthworm|0 fnt\n|faint|p2a: Orthworm\n|move|p1a: Maushold|Encore|p2b: Lokix\n|-start|p2b: Lokix|Encore\n|move|p2b: Lokix|First Impression||[still]\n|-hint|First Impression only works on your first turn out.\n|-fail|p2b: Lokix\n|\n|upkeep\n|\n|t:|1682645797\n|switch|p2a: Chien-Pao|Chien-Pao, L50|100\/100\n|-ability|p2a: Chien-Pao|Sword of Ruin\n|turn|4\n|\n|t:|1682645805\n|-terastallize|p1b: Armarouge|Fighting\n|move|p1a: Maushold|Follow Me|p1a: Maushold\n|-singleturn|p1a: Maushold|move: Follow Me\n|move|p2b: Lokix|First Impression||[still]\n|-hint|First Impression only works on your first turn out.\n|-fail|p2b: Lokix\n|move|p1b: Armarouge|Aura Sphere|p2a: Chien-Pao\n|-supereffective|p2a: Chien-Pao\n|-enditem|p2a: Chien-Pao|Focus Sash\n|-damage|p2a: Chien-Pao|1\/100\n|move|p2a: Chien-Pao|Ice Spinner|p1a: Maushold\n|-damage|p1a: Maushold|0 fnt\n|faint|p1a: Maushold\n|\n|upkeep\n|\n|t:|1682645817\n|switch|p1a: Chien-Pao|Chien-Pao, L50|100\/100\n|-ability|p1a: Chien-Pao|Sword of Ruin\n|turn|5\n|\n|t:|1682645820\n|move|p2b: Lokix|First Impression||[still]\n|-hint|First Impression only works on your first turn out.\n|-fail|p2b: Lokix\n|move|p1a: Chien-Pao|Ice Shard|p2a: Chien-Pao\n|-resisted|p2a: Chien-Pao\n|-damage|p2a: Chien-Pao|0 fnt\n|faint|p2a: Chien-Pao\n|move|p1b: Armarouge|Heat Wave|p2b: Lokix\n|-supereffective|p2b: Lokix\n|-damage|p2b: Lokix|0 fnt\n|faint|p2b: Lokix\n|\n|win|shuijunjun\n|raw|shuijunjun's rating: 1374 → 1396<\/strong> (+22 for winning)\n|raw|jackiepeanuts's rating: 1413 → 1391<\/strong> (-22 for losing)\n|l|\u2606jackiepeanuts\n","uploadtime":1682645831,"views":11,"p1id":"shuijunjun","p2id":"jackiepeanuts","formatid":"gen9vgc2023regulationc","rating":1391,"private":0,"password":""}