{"id":"gen9vgc2023regulationc-1858725235","p1":"2245663y","p2":"Yaretherenonames","format":"[Gen 9] VGC 2023 Regulation C","log":"|j|\u26062245663y\n|j|\u2606Yaretherenonames\n|t:|1683348802\n|gametype|doubles\n|player|p1|2245663y|dawn-gen4pt|1081\n|player|p2|Yaretherenonames|linebacker|1152\n|teamsize|p1|6\n|teamsize|p2|6\n|gen|9\n|tier|[Gen 9] VGC 2023 Regulation C\n|rated|\n|rule|Species Clause: Limit one of each Pok\u00e9mon\n|rule|Item Clause: Limit one of each item\n|clearpoke\n|poke|p1|Wo-Chien, L50|\n|poke|p1|Glimmora, L50, M|\n|poke|p1|Ting-Lu, L50|\n|poke|p1|Arcanine, L50, M|\n|poke|p1|Grimmsnarl, L50, M|\n|poke|p1|Garganacl, L50, F|\n|poke|p2|Roaring Moon, L50|\n|poke|p2|Ting-Lu, L50|\n|poke|p2|Maushold-Four, L50|\n|poke|p2|Torkoal, L50, M|\n|poke|p2|Gyarados, L50, F|\n|poke|p2|Cacturne, L50, M|\n|teampreview|4\n|inactive|Battle timer is ON: inactive players will automatically lose when time's up. (requested by Yaretherenonames)\n|inactive|2245663y has 60 seconds left.\n|\n|t:|1683348841\n|start\n|switch|p1a: Arcanine|Arcanine, L50, M|100\/100\n|switch|p1b: Grimmsnarl|Grimmsnarl, L50, M|100\/100\n|switch|p2a: Torkoal|Torkoal, L50, M|100\/100\n|switch|p2b: Ting-Lu|Ting-Lu, L50|100\/100\n|-ability|p1a: Arcanine|Intimidate|boost\n|-unboost|p2a: Torkoal|atk|1\n|-unboost|p2b: Ting-Lu|atk|1\n|-ability|p2b: Ting-Lu|Vessel of Ruin\n|-weather|SunnyDay|[from] ability: Drought|[of] p2a: Torkoal\n|turn|1\n|\n|t:|1683348865\n|move|p1a: Arcanine|Will-O-Wisp|p2b: Ting-Lu\n|-status|p2b: Ting-Lu|brn\n|move|p1b: Grimmsnarl|Spirit Break|p2a: Torkoal\n|-resisted|p2a: Torkoal\n|-damage|p2a: Torkoal|92\/100\n|-unboost|p2a: Torkoal|spa|1\n|move|p2b: Ting-Lu|Ruination|p1b: Grimmsnarl|[miss]\n|-miss|p2b: Ting-Lu|p1b: Grimmsnarl\n|move|p2a: Torkoal|Yawn|p1b: Grimmsnarl\n|-start|p1b: Grimmsnarl|move: Yawn|[of] p2a: Torkoal\n|\n|-weather|SunnyDay|[upkeep]\n|-damage|p2b: Ting-Lu|94\/100 brn|[from] brn\n|upkeep\n|turn|2\n|\n|t:|1683348889\n|move|p1b: Grimmsnarl|Parting Shot|p2a: Torkoal\n|-unboost|p2a: Torkoal|atk|1\n|-unboost|p2a: Torkoal|spa|1\n|\n|t:|1683348895\n|switch|p1b: Wo-Chien|Wo-Chien, L50|100\/100|[from] Parting Shot\n|-ability|p1b: Wo-Chien|Tablets of Ruin\n|move|p1a: Arcanine|Fire Spin|p2b: Ting-Lu\n|-damage|p2b: Ting-Lu|87\/100 brn\n|-activate|p2b: Ting-Lu|move: Fire Spin|[of] p1a: Arcanine\n|move|p2b: Ting-Lu|Stomping Tantrum|p1a: Arcanine\n|-supereffective|p1a: Arcanine\n|-damage|p1a: Arcanine|65\/100\n|move|p2a: Torkoal|Yawn|p1a: Arcanine\n|-start|p1a: Arcanine|move: Yawn|[of] p2a: Torkoal\n|\n|-weather|SunnyDay|[upkeep]\n|-damage|p2b: Ting-Lu|81\/100 brn|[from] brn\n|-damage|p2b: Ting-Lu|69\/100 brn|[from] move: Fire Spin|[partiallytrapped]\n|upkeep\n|turn|3\n|\n|t:|1683348913\n|move|p1a: Arcanine|Fire Spin|p2a: Torkoal\n|-resisted|p2a: Torkoal\n|-damage|p2a: Torkoal|84\/100\n|-activate|p2a: Torkoal|move: Fire Spin|[of] p1a: Arcanine\n|move|p1b: Wo-Chien|Leech Seed|p2b: Ting-Lu\n|-start|p2b: Ting-Lu|move: Leech Seed\n|move|p2b: Ting-Lu|Ruination|p1b: Wo-Chien\n|-damage|p1b: Wo-Chien|50\/100\n|move|p2a: Torkoal|Yawn|p1b: Wo-Chien\n|-start|p1b: Wo-Chien|move: Yawn|[of] p2a: Torkoal\n|\n|-weather|SunnyDay|[upkeep]\n|-heal|p1b: Wo-Chien|57\/100|[from] item: Leftovers\n|-damage|p2b: Ting-Lu|56\/100 brn|[from] Leech Seed|[of] p1b: Wo-Chien\n|-heal|p1b: Wo-Chien|72\/100|[silent]\n|-damage|p2b: Ting-Lu|50\/100 brn|[from] brn\n|-damage|p2b: Ting-Lu|38\/100 brn|[from] move: Fire Spin|[partiallytrapped]\n|-damage|p2a: Torkoal|71\/100|[from] move: Fire Spin|[partiallytrapped]\n|-end|p1a: Arcanine|move: Yawn|[silent]\n|-status|p1a: Arcanine|slp\n|upkeep\n|turn|4\n|\n|t:|1683348938\n|cant|p1a: Arcanine|slp\n|move|p1b: Wo-Chien|Leech Seed|p2a: Torkoal\n|-start|p2a: Torkoal|move: Leech Seed\n|move|p2b: Ting-Lu|Ruination|p1b: Wo-Chien\n|-damage|p1b: Wo-Chien|36\/100\n|move|p2a: Torkoal|Overheat|p1b: Wo-Chien\n|-supereffective|p1b: Wo-Chien\n|-damage|p1b: Wo-Chien|2\/100\n|-unboost|p2a: Torkoal|spa|2\n|\n|-weather|SunnyDay|[upkeep]\n|-heal|p1b: Wo-Chien|8\/100|[from] item: Leftovers\n|-damage|p2b: Ting-Lu|25\/100 brn|[from] Leech Seed|[of] p1b: Wo-Chien\n|-heal|p1b: Wo-Chien|24\/100|[silent]\n|-damage|p2a: Torkoal|59\/100|[from] Leech Seed|[of] p1b: Wo-Chien\n|-heal|p1b: Wo-Chien|35\/100|[silent]\n|-damage|p2b: Ting-Lu|19\/100 brn|[from] brn\n|-damage|p2b: Ting-Lu|7\/100 brn|[from] move: Fire Spin|[partiallytrapped]\n|-damage|p2a: Torkoal|46\/100|[from] move: Fire Spin|[partiallytrapped]\n|-end|p1b: Wo-Chien|move: Yawn|[silent]\n|-status|p1b: Wo-Chien|slp\n|upkeep\n|-enditem|p2a: Torkoal|Sitrus Berry|[eat]\n|-heal|p2a: Torkoal|71\/100|[from] item: Sitrus Berry\n|turn|5\n|inactive|2245663y has 30 seconds left.\n|inactive|Yaretherenonames has 30 seconds left.\n|\n|t:|1683348970\n|cant|p1b: Wo-Chien|slp\n|cant|p1a: Arcanine|slp\n|move|p2b: Ting-Lu|Earthquake|p1b: Wo-Chien|[spread] p2a,p1a,p1b\n|-supereffective|p2a: Torkoal\n|-crit|p2a: Torkoal\n|-supereffective|p1a: Arcanine\n|-resisted|p1b: Wo-Chien\n|-damage|p2a: Torkoal|49\/100\n|-damage|p1a: Arcanine|46\/100 slp\n|-damage|p1b: Wo-Chien|33\/100 slp\n|move|p2a: Torkoal|Overheat|p1b: Wo-Chien|[miss]\n|-miss|p2a: Torkoal|p1b: Wo-Chien\n|\n|-weather|none\n|-heal|p1b: Wo-Chien|40\/100 slp|[from] item: Leftovers\n|-damage|p2b: Ting-Lu|0 fnt|[from] Leech Seed|[of] p1b: Wo-Chien\n|-heal|p1b: Wo-Chien|48\/100 slp|[silent]\n|faint|p2b: Ting-Lu\n|-damage|p2a: Torkoal|36\/100|[from] Leech Seed|[of] p1b: Wo-Chien\n|-heal|p1b: Wo-Chien|59\/100 slp|[silent]\n|-damage|p2a: Torkoal|24\/100|[from] move: Fire Spin|[partiallytrapped]\n|upkeep\n|\n|t:|1683348988\n|switch|p2b: Roaring Moon|Roaring Moon, L50|100\/100\n|turn|6\n|\n|t:|1683348999\n|-terastallize|p2b: Roaring Moon|Fire\n|move|p2b: Roaring Moon|Tera Blast|p1b: Wo-Chien\n|-supereffective|p1b: Wo-Chien\n|-damage|p1b: Wo-Chien|16\/100 slp\n|-curestatus|p1a: Arcanine|slp|[msg]\n|move|p1a: Arcanine|Will-O-Wisp|p2b: Roaring Moon\n|-immune|p2b: Roaring Moon\n|cant|p1b: Wo-Chien|slp\n|move|p2a: Torkoal|Overheat|p1b: Wo-Chien|[miss]\n|-miss|p2a: Torkoal|p1b: Wo-Chien\n|\n|-heal|p1b: Wo-Chien|22\/100 slp|[from] item: Leftovers\n|-damage|p2a: Torkoal|11\/100|[from] Leech Seed|[of] p1b: Wo-Chien\n|-heal|p1b: Wo-Chien|33\/100 slp|[silent]\n|-damage|p2a: Torkoal|0 fnt|[from] move: Fire Spin|[partiallytrapped]\n|faint|p2a: Torkoal\n|upkeep\n|\n|t:|1683349014\n|switch|p2a: Cacturne|Cacturne, L50, M|100\/100\n|turn|7\n|\n|t:|1683349023\n|-terastallize|p1b: Wo-Chien|Poison\n|move|p2a: Cacturne|Spiky Shield|p2a: Cacturne\n|-singleturn|p2a: Cacturne|move: Protect\n|move|p2b: Roaring Moon|Tera Blast|p1b: Wo-Chien\n|-damage|p1b: Wo-Chien|11\/100 slp\n|move|p1a: Arcanine|Morning Sun|p1a: Arcanine\n|-heal|p1a: Arcanine|96\/100\n|-curestatus|p1b: Wo-Chien|slp|[msg]\n|move|p1b: Wo-Chien|Leech Seed|p2b: Roaring Moon\n|-start|p2b: Roaring Moon|move: Leech Seed\n|\n|-heal|p1b: Wo-Chien|18\/100|[from] item: Leftovers\n|-damage|p2b: Roaring Moon|88\/100|[from] Leech Seed|[of] p1b: Wo-Chien\n|-heal|p1b: Wo-Chien|29\/100|[silent]\n|upkeep\n|turn|8\n|c|\u2606Yaretherenonames|your strat is so fucking infuriating\n|inactive|Yaretherenonames has 30 seconds left.\n|-message|Yaretherenonames forfeited.\n|\n|win|2245663y\n|raw|2245663y's rating: 1081 → 1114<\/strong> (+33 for winning)\n|raw|Yaretherenonames's rating: 1152 → 1122<\/strong> (-30 for losing)\n|l|\u2606Yaretherenonames\n","uploadtime":1683349062,"views":7,"p1id":"2245663y","p2id":"yaretherenonames","formatid":"gen9vgc2023regulationc","rating":1114,"private":0,"password":""}