{"id":"gen9vgc2023regulationc-1854787118","p1":"WindrunnerB4","p2":"LocalNomad","format":"[Gen 9] VGC 2023 Regulation C","log":"|j|\u2606WindrunnerB4\n|j|\u2606LocalNomad\n|t:|1682865965\n|gametype|doubles\n|player|p1|WindrunnerB4|lucas-gen4pt|1331\n|player|p2|LocalNomad|cynthia|1230\n|teamsize|p1|6\n|teamsize|p2|6\n|gen|9\n|tier|[Gen 9] VGC 2023 Regulation C\n|rated|\n|rule|Species Clause: Limit one of each Pok\u00e9mon\n|rule|Item Clause: Limit one of each item\n|clearpoke\n|poke|p1|Murkrow, L50, F|\n|poke|p1|Chi-Yu, L50|\n|poke|p1|Flutter Mane, L50|\n|poke|p1|Great Tusk, L50|\n|poke|p1|Brute Bonnet, L50|\n|poke|p1|Corviknight, L50, M|\n|poke|p2|Flutter Mane, L50|\n|poke|p2|Palafin, L50, F|\n|poke|p2|Talonflame, L50, M|\n|poke|p2|Arcanine, L50, M|\n|poke|p2|Amoonguss, L50, M|\n|poke|p2|Great Tusk, L50|\n|teampreview|4\nWindrunnerB4 has agreed to open team sheets.\nLocalNomad has agreed to open team sheets.\n|inactive|Battle timer is ON: inactive players will automatically lose when time's up. (requested by WindrunnerB4)\n|inactive|LocalNomad has 60 seconds left.\n|inactive|LocalNomad has 30 seconds left.\n|inactive|LocalNomad has 20 seconds left.\n|inactive|LocalNomad has 15 seconds left.\n|inactive|LocalNomad has 10 seconds left.\n|\n|t:|1682866091\n|start\n|switch|p1a: Murkrow|Murkrow, L50, F, shiny|100\/100\n|switch|p1b: Corviknight|Corviknight, L50, M|100\/100\n|switch|p2a: Palafin|Palafin, L50, F|100\/100\n|switch|p2b: Arcanine|Arcanine, L50, M|100\/100\n|-ability|p2b: Arcanine|Intimidate|boost\n|-unboost|p1a: Murkrow|atk|1\n|-ability|p1b: Corviknight|Mirror Armor\n|-unboost|p2b: Arcanine|atk|1\n|turn|1\n|inactive|WindrunnerB4 has 30 seconds left.\n|inactive|LocalNomad has 30 seconds left.\n|inactive|WindrunnerB4 has 20 seconds left.\n|inactive|WindrunnerB4 has 15 seconds left.\n|inactive|WindrunnerB4 has 10 seconds left.\n|inactive|WindrunnerB4 has 5 seconds left.\n|\n|t:|1682866143\n|detailschange|p2a: Palafin|Palafin-Hero, L50, F\n|switch|p2a: Amoonguss|Amoonguss, L50, M|100\/100\n|-terastallize|p1b: Corviknight|Fire\n|move|p1a: Murkrow|Tailwind|p1a: Murkrow\n|-sidestart|p1: WindrunnerB4|move: Tailwind\n|move|p1b: Corviknight|Brave Bird|p2a: Amoonguss\n|-supereffective|p2a: Amoonguss\n|-damage|p2a: Amoonguss|0 fnt\n|-damage|p1b: Corviknight|84\/100|[from] item: Rocky Helmet|[of] p2a: Amoonguss\n|faint|p2a: Amoonguss\n|-damage|p1b: Corviknight|46\/100|[from] Recoil\n|move|p2b: Arcanine|Flare Blitz|p1b: Corviknight\n|-resisted|p1b: Corviknight\n|-damage|p1b: Corviknight|32\/100\n|-damage|p2b: Arcanine|96\/100|[from] Recoil\n|\n|upkeep\n|\n|t:|1682866159\n|switch|p2a: Palafin|Palafin-Hero, L50, F|100\/100\n|-activate|p2a: Palafin|ability: Zero to Hero\n|turn|2\n|\n|t:|1682866180\n|switch|p2b: Flutter Mane|Flutter Mane, L50|100\/100\n|move|p2a: Palafin|Jet Punch|p1b: Corviknight\n|-supereffective|p1b: Corviknight\n|-damage|p1b: Corviknight|0 fnt\n|faint|p1b: Corviknight\n|move|p1a: Murkrow|Foul Play|p2a: Palafin\n|-damage|p2a: Palafin|49\/100\n|\n|upkeep\n|\n|t:|1682866194\n|switch|p1b: Flutter Mane|Flutter Mane, L50|100\/100\n|turn|3\n|inactive|WindrunnerB4 has 30 seconds left.\n|\n|t:|1682866223\n|-terastallize|p2b: Flutter Mane|Water\n|move|p2a: Palafin|Protect|p2a: Palafin\n|-singleturn|p2a: Palafin|Protect\n|move|p1b: Flutter Mane|Shadow Ball|p2b: Flutter Mane\n|-damage|p2b: Flutter Mane|37\/100\n|move|p1a: Murkrow|Foul Play|p2a: Palafin\n|-activate|p2a: Palafin|move: Protect\n|move|p2b: Flutter Mane|Dazzling Gleam|p1b: Flutter Mane|[spread] p1a,p1b\n|-supereffective|p1a: Murkrow\n|-damage|p1a: Murkrow|0 fnt\n|-damage|p1b: Flutter Mane|55\/100\n|faint|p1a: Murkrow\n|\n|upkeep\n|\n|t:|1682866233\n|switch|p1a: Brute Bonnet|Brute Bonnet, L50|100\/100\n|turn|4\n|inactive|LocalNomad has 30 seconds left.\n|inactive|WindrunnerB4 has 30 seconds left.\n|inactive|LocalNomad has 20 seconds left.\n|inactive|WindrunnerB4 has 20 seconds left.\n|\n|t:|1682866289\n|switch|p2a: Arcanine|Arcanine, L50, M|96\/100\n|-ability|p2a: Arcanine|Intimidate|boost\n|-unboost|p1a: Brute Bonnet|atk|1\n|-unboost|p1b: Flutter Mane|atk|1\n|move|p1a: Brute Bonnet|Rage Powder|p1a: Brute Bonnet\n|-singleturn|p1a: Brute Bonnet|move: Rage Powder\n|move|p1b: Flutter Mane|Shadow Ball|p2b: Flutter Mane\n|-damage|p2b: Flutter Mane|0 fnt\n|faint|p2b: Flutter Mane\n|-end|p2b: Flutter Mane|Protosynthesis|[silent]\n|\n|-sideend|p1: WindrunnerB4|move: Tailwind\n|upkeep\n|\n|t:|1682866298\n|switch|p2b: Palafin|Palafin-Hero, L50, F|49\/100\n|turn|5\n|inactive|WindrunnerB4 has 30 seconds left.\n|inactive|WindrunnerB4 has 20 seconds left.\n|inactive|WindrunnerB4 has 15 seconds left.\n|inactive|WindrunnerB4 has 10 seconds left.\n|inactive|WindrunnerB4 has 5 seconds left.\n|\n|t:|1682866349\n|move|p2b: Palafin|Jet Punch|p1b: Flutter Mane\n|-damage|p1b: Flutter Mane|0 fnt\n|faint|p1b: Flutter Mane\n|-end|p1b: Flutter Mane|Protosynthesis|[silent]\n|move|p2a: Arcanine|Flare Blitz|p1a: Brute Bonnet\n|-supereffective|p1a: Brute Bonnet\n|-damage|p1a: Brute Bonnet|14\/100\n|-status|p1a: Brute Bonnet|brn\n|-damage|p2a: Arcanine|69\/100|[from] Recoil\n|move|p1a: Brute Bonnet|Bullet Seed|p2b: Palafin\n|-supereffective|p2b: Palafin\n|-damage|p2b: Palafin|39\/100\n|-supereffective|p2b: Palafin\n|-damage|p2b: Palafin|29\/100\n|-supereffective|p2b: Palafin\n|-damage|p2b: Palafin|20\/100\n|-supereffective|p2b: Palafin\n|-damage|p2b: Palafin|10\/100\n|-supereffective|p2b: Palafin\n|-damage|p2b: Palafin|0 fnt\n|faint|p2b: Palafin\n|-hitcount|p2: Palafin|5\n|\n|-damage|p1a: Brute Bonnet|8\/100 brn|[from] brn\n|upkeep\n|turn|6\n|\n|t:|1682866362\n|move|p2a: Arcanine|Flare Blitz|p1a: Brute Bonnet\n|-supereffective|p1a: Brute Bonnet\n|-crit|p1a: Brute Bonnet\n|-damage|p1a: Brute Bonnet|0 fnt\n|faint|p1a: Brute Bonnet\n|-end|p1a: Brute Bonnet|Protosynthesis|[silent]\n|-damage|p2a: Arcanine|66\/100|[from] Recoil\n|\n|win|LocalNomad\n|raw|WindrunnerB4's rating: 1331 → 1305<\/strong> (-26 for losing)\n|raw|LocalNomad's rating: 1230 → 1262<\/strong> (+32 for winning)\n","uploadtime":1682866370,"views":18,"p1id":"windrunnerb4","p2id":"localnomad","formatid":"gen9vgc2023regulationc","rating":1262,"private":0,"password":""}