{"id":"gen9vgc2023regulationc-1856171919","p1":"kynlem","p2":"haha you rage quit","format":"[Gen 9] VGC 2023 Regulation C","log":"|j|\u2606kynlem\n|j|\u2606haha you rage quit\n|t:|1683037380\n|gametype|doubles\n|player|p1|kynlem|lady|1015\n|player|p2|haha you rage quit|pokemaniac|1084\n|teamsize|p1|6\n|teamsize|p2|6\n|gen|9\n|tier|[Gen 9] VGC 2023 Regulation C\n|rated|\n|rule|Species Clause: Limit one of each Pok\u00e9mon\n|rule|Item Clause: Limit one of each item\n|clearpoke\n|poke|p1|Breloom, L50, M|\n|poke|p1|Klefki, L50, F|\n|poke|p1|Azumarill, L50, F|\n|poke|p1|Clodsire, L50, M|\n|poke|p1|Houndoom, L50, F|\n|poke|p1|Ditto, L50|\n|poke|p2|Hariyama, L50, M|\n|poke|p2|Slowpoke, L50, M|\n|poke|p2|Indeedee-F, L50, F|\n|poke|p2|Torkoal, L50, M|\n|poke|p2|Arboliva, L50, M|\n|poke|p2|Gastrodon, L50, F|\n|teampreview|4\n|inactive|Battle timer is ON: inactive players will automatically lose when time's up. (requested by kynlem)\n|\n|t:|1683037398\n|start\n|switch|p1a: SoS|Klefki, L50, F|100\/100\n|switch|p1b: NSH|Breloom, L50, M|100\/100\n|switch|p2a: Hariyama|Hariyama, L50, M|100\/100\n|switch|p2b: Slowpoke|Slowpoke, L50, M, shiny|100\/100\n|turn|1\n|\n|t:|1683037422\n|move|p2a: Hariyama|Fake Out|p1b: NSH\n|-damage|p1b: NSH|86\/100\n|move|p1a: SoS|Reflect|p1a: SoS\n|-sidestart|p1: kynlem|Reflect\n|cant|p1b: NSH|flinch\n|move|p2b: Slowpoke|Trick Room|p2b: Slowpoke\n|-fieldstart|move: Trick Room|[of] p2b: Slowpoke\n|\n|-status|p2a: Hariyama|brn|[from] item: Flame Orb\n|-status|p1b: NSH|tox|[from] item: Toxic Orb\n|upkeep\n|turn|2\n|inactive|kynlem has 30 seconds left.\n|inactive|haha you rage quit has 30 seconds left.\n|inactive|kynlem has 20 seconds left.\n|inactive|haha you rage quit has 20 seconds left.\n|inactive|haha you rage quit has 15 seconds left.\n|\n|t:|1683037468\n|move|p2b: Slowpoke|Helping Hand|p2a: Hariyama\n|-singleturn|p2a: Hariyama|Helping Hand|[of] p2b: Slowpoke\n|move|p1b: NSH|Protect|p1b: NSH\n|-singleturn|p1b: NSH|Protect\n|move|p2a: Hariyama|Drain Punch|p1b: NSH\n|-activate|p1b: NSH|move: Protect\n|move|p1a: SoS|Dazzling Gleam|p2a: Hariyama|[spread] p2a,p2b\n|-supereffective|p2a: Hariyama\n|-damage|p2a: Hariyama|69\/100 brn\n|-damage|p2b: Slowpoke|87\/100\n|\n|-heal|p1b: NSH|98\/100 tox|[from] ability: Poison Heal\n|-damage|p2a: Hariyama|64\/100 brn|[from] brn\n|upkeep\n|turn|3\n|inactive|kynlem has 30 seconds left.\n|\n|t:|1683037496\n|move|p2b: Slowpoke|Helping Hand|p2a: Hariyama\n|-singleturn|p2a: Hariyama|Helping Hand|[of] p2b: Slowpoke\n|move|p2a: Hariyama|Drain Punch|p1b: NSH\n|-damage|p1b: NSH|34\/100 tox\n|-heal|p2a: Hariyama|88\/100 brn|[from] drain|[of] p1b: NSH\n|move|p1a: SoS|Dazzling Gleam|p2b: Slowpoke|[spread] p2a,p2b\n|-supereffective|p2a: Hariyama\n|-damage|p2a: Hariyama|60\/100 brn\n|-damage|p2b: Slowpoke|72\/100\n|move|p1b: NSH|Seed Bomb|p2a: Hariyama\n|-damage|p2a: Hariyama|29\/100 brn\n|\n|-heal|p1b: NSH|46\/100 tox|[from] ability: Poison Heal\n|-damage|p2a: Hariyama|23\/100 brn|[from] brn\n|upkeep\n|turn|4\n|\n|t:|1683037514\n|move|p1b: NSH|Protect|p1b: NSH\n|-singleturn|p1b: NSH|Protect\n|move|p2b: Slowpoke|Heal Pulse|p2a: Hariyama\n|-heal|p2a: Hariyama|74\/100 brn\n|move|p2a: Hariyama|Bulk Up|p2a: Hariyama\n|-boost|p2a: Hariyama|atk|1\n|-boost|p2a: Hariyama|def|1\n|move|p1a: SoS|Dazzling Gleam|p2a: Hariyama|[spread] p2a,p2b\n|-supereffective|p2a: Hariyama\n|-damage|p2a: Hariyama|45\/100 brn\n|-damage|p2b: Slowpoke|56\/100\n|\n|-heal|p1b: NSH|58\/100 tox|[from] ability: Poison Heal\n|-damage|p2a: Hariyama|39\/100 brn|[from] brn\n|upkeep\n|turn|5\n|\n|t:|1683037536\n|move|p2b: Slowpoke|Heal Pulse|p2a: Hariyama\n|-heal|p2a: Hariyama|90\/100 brn\n|move|p2a: Hariyama|Drain Punch|p1b: NSH\n|-damage|p1b: NSH|0 fnt\n|-heal|p2a: Hariyama|100\/100 brn|[from] drain|[of] p1b: NSH\n|faint|p1b: NSH\n|move|p1a: SoS|Dazzling Gleam|p2b: Slowpoke|[spread] p2a,p2b\n|-supereffective|p2a: Hariyama\n|-damage|p2a: Hariyama|68\/100 brn\n|-damage|p2b: Slowpoke|41\/100\n|\n|-damage|p2a: Hariyama|62\/100 brn|[from] brn\n|-fieldend|move: Trick Room\n|upkeep\n|\n|t:|1683037550\n|switch|p1b: UI|Clodsire, L50, M|100\/100\n|turn|6\n|\n|t:|1683037564\n|move|p1a: SoS|Dazzling Gleam|p2b: Slowpoke|[spread] p2a,p2b\n|-supereffective|p2a: Hariyama\n|-damage|p2a: Hariyama|31\/100 brn\n|-damage|p2b: Slowpoke|25\/100\n|move|p2a: Hariyama|Drain Punch|p1b: UI\n|-resisted|p1b: UI\n|-damage|p1b: UI|81\/100\n|-heal|p2a: Hariyama|41\/100 brn|[from] drain|[of] p1b: UI\n|move|p1b: UI|Megahorn|p2b: Slowpoke|[miss]\n|-miss|p1b: UI|p2b: Slowpoke\n|move|p2b: Slowpoke|Trick Room|p2b: Slowpoke\n|-fieldstart|move: Trick Room|[of] p2b: Slowpoke\n|\n|-damage|p2a: Hariyama|35\/100 brn|[from] brn\n|upkeep\n|turn|7\n|\n|t:|1683037588\n|move|p2b: Slowpoke|Heal Pulse|p2a: Hariyama\n|-heal|p2a: Hariyama|85\/100 brn\n|move|p1b: UI|Stomping Tantrum|p2a: Hariyama\n|-crit|p2a: Hariyama\n|-damage|p2a: Hariyama|21\/100 brn\n|move|p2a: Hariyama|Bulk Up|p2a: Hariyama\n|-boost|p2a: Hariyama|atk|1\n|-boost|p2a: Hariyama|def|1\n|move|p1a: SoS|Dazzling Gleam|p2b: Slowpoke|[spread] p2a,p2b\n|-supereffective|p2a: Hariyama\n|-damage|p2a: Hariyama|0 fnt\n|-damage|p2b: Slowpoke|12\/100\n|faint|p2a: Hariyama\n|\n|upkeep\n|\n|t:|1683037601\n|switch|p2a: Torkoal|Torkoal, L50, M, shiny|100\/100\n|-weather|SunnyDay|[from] ability: Drought|[of] p2a: Torkoal\n|turn|8\n|\n|t:|1683037616\n|switch|p1a: SRS|Houndoom, L50, F|100\/100\n|-terastallize|p2a: Torkoal|Fire\n|move|p2b: Slowpoke|Surf|p1a: SRS|[spread] p2a,p1a,p1b\n|-supereffective|p2a: Torkoal\n|-supereffective|p1a: SRS\n|-supereffective|p1b: UI\n|-damage|p2a: Torkoal|84\/100\n|-damage|p1a: SRS|85\/100\n|-damage|p1b: UI|78\/100\n|-enditem|p2a: Torkoal|Weakness Policy\n|-boost|p2a: Torkoal|atk|2|[from] item: Weakness Policy\n|-boost|p2a: Torkoal|spa|2|[from] item: Weakness Policy\n|move|p2a: Torkoal|Eruption|p1b: UI|[spread] p1b\n|-start|p1a: SRS|ability: Flash Fire\n|-damage|p1b: UI|50\/100\n|move|p1b: UI|Stomping Tantrum|p2a: Torkoal\n|-supereffective|p2a: Torkoal\n|-damage|p2a: Torkoal|53\/100\n|\n|-weather|SunnyDay|[upkeep]\n|-sideend|p1: kynlem|Reflect\n|upkeep\n|turn|9\n|inactive|kynlem has 30 seconds left.\n|inactive|kynlem has 20 seconds left.\n|inactive|kynlem has 15 seconds left.\n|\n|t:|1683037659\n|move|p2b: Slowpoke|Heal Pulse|p2a: Torkoal\n|-heal|p2a: Torkoal|100\/100\n|move|p2a: Torkoal|Earth Power|p1a: SRS\n|-supereffective|p1a: SRS\n|-crit|p1a: SRS\n|-damage|p1a: SRS|0 fnt\n|faint|p1a: SRS\n|move|p1b: UI|Stomping Tantrum|p2b: Slowpoke\n|-damage|p2b: Slowpoke|0 fnt\n|faint|p2b: Slowpoke\n|\n|-weather|SunnyDay|[upkeep]\n|upkeep\n|\n|t:|1683037671\n|switch|p2b: Gastrodon|Gastrodon, L50, F, shiny|100\/100\n|switch|p1a: SoS|Klefki, L50, F|100\/100\n|turn|10\n|\n|t:|1683037687\n|move|p1a: SoS|Light Screen|p1a: SoS\n|-sidestart|p1: kynlem|move: Light Screen\n|move|p2a: Torkoal|Eruption|p1b: UI|[spread] p1a,p1b\n|-supereffective|p1a: SoS\n|-damage|p1a: SoS|0 fnt\n|-damage|p1b: UI|26\/100\n|faint|p1a: SoS\n|move|p2b: Gastrodon|Ice Beam|p1b: UI\n|-supereffective|p1b: UI\n|-damage|p1b: UI|9\/100\n|-damage|p2b: Gastrodon|91\/100|[from] item: Life Orb\n|move|p1b: UI|Stomping Tantrum|p2a: Torkoal\n|-supereffective|p2a: Torkoal\n|-damage|p2a: Torkoal|69\/100\n|\n|-weather|SunnyDay|[upkeep]\n|-fieldend|move: Trick Room\n|upkeep\n|turn|11\n|-message|kynlem forfeited.\n|\n|win|haha you rage quit\n|raw|kynlem's rating: 1015 → 1005<\/strong> (-10 for losing)\n|raw|haha you rage quit's rating: 1084 → 1106<\/strong> (+22 for winning)\n|l|\u2606kynlem\n","uploadtime":1683037718,"views":5,"p1id":"kynlem","p2id":"hahayouragequit","formatid":"gen9vgc2023regulationc","rating":1005,"private":0,"password":""}