{"id":"gen9vgc2023regulationc-1845045740","p1":"bort_888","p2":"fizzywizzyglizzy","format":"[Gen 9] VGC 2023 Regulation C","log":"|j|\u2606bort_888\n|j|\u2606fizzywizzyglizzy\n|t:|1681677451\n|gametype|doubles\n|player|p1|bort_888|shelly|1108\n|player|p2|fizzywizzyglizzy|169|1128\n|teamsize|p1|6\n|teamsize|p2|6\n|gen|9\n|tier|[Gen 9] VGC 2023 Regulation C\n|rated|\n|rule|Species Clause: Limit one of each Pok\u00e9mon\n|rule|Item Clause: Limit one of each item\n|clearpoke\n|poke|p1|Murkrow, L50, F|\n|poke|p1|Chi-Yu, L50|\n|poke|p1|Flutter Mane, L50|\n|poke|p1|Great Tusk, L50|\n|poke|p1|Brute Bonnet, L50|\n|poke|p1|Corviknight, L50, F|\n|poke|p2|Arcanine, L50, F|\n|poke|p2|Palafin, L50, F|\n|poke|p2|Kingambit, L50, M|\n|poke|p2|Garganacl, L50, F|\n|poke|p2|Flutter Mane, L50|\n|poke|p2|Amoonguss, L50, F|\n|teampreview|4\n|inactive|Battle timer is ON: inactive players will automatically lose when time's up. (requested by bort_888)\n|inactive|bort_888 has 60 seconds left.\n|inactive|fizzywizzyglizzy has 60 seconds left.\n|inactive|bort_888 has 30 seconds left.\n|inactive|bort_888 has 20 seconds left.\n|inactive|bort_888 has 15 seconds left.\n|inactive|bort_888 has 10 seconds left.\n|\n|t:|1681677534\n|start\n|switch|p1a: Murkrow|Murkrow, L50, F, shiny|100\/100\n|switch|p1b: Great Tusk|Great Tusk, L50|100\/100\n|switch|p2a: Palafin|Palafin, L50, F|100\/100\n|switch|p2b: Garganacl|Garganacl, L50, F, shiny|100\/100\n|turn|1\n|inactive|bort_888 has 30 seconds left.\n|inactive|fizzywizzyglizzy has 30 seconds left.\n|\n|t:|1681677559\n|detailschange|p2a: Palafin|Palafin-Hero, L50, F\n|switch|p2a: Arcanine|Arcanine, L50, F|100\/100\n|-ability|p2a: Arcanine|Intimidate|boost\n|-unboost|p1a: Murkrow|atk|1\n|-unboost|p1b: Great Tusk|atk|1\n|move|p1a: Murkrow|Sunny Day|p1a: Murkrow\n|-weather|SunnyDay\n|-activate|p1b: Great Tusk|ability: Protosynthesis\n|-start|p1b: Great Tusk|protosynthesisdef\n|move|p1b: Great Tusk|Headlong Rush|p2a: Arcanine\n|-supereffective|p2a: Arcanine\n|-damage|p2a: Arcanine|17\/100\n|-unboost|p1b: Great Tusk|def|1\n|-unboost|p1b: Great Tusk|spd|1\n|move|p2b: Garganacl|Salt Cure|p1b: Great Tusk\n|-resisted|p1b: Great Tusk\n|-damage|p1b: Great Tusk|98\/100\n|-start|p1b: Great Tusk|Salt Cure\n|\n|-weather|SunnyDay|[upkeep]\n|-damage|p1b: Great Tusk|86\/100|[from] Salt Cure\n|upkeep\n|turn|2\n|inactive|fizzywizzyglizzy has 30 seconds left.\n|\n|t:|1681677586\n|move|p1a: Murkrow|Tailwind|p1a: Murkrow\n|-sidestart|p1: bort_888|move: Tailwind\n|move|p1b: Great Tusk|Headlong Rush|p2a: Arcanine\n|-supereffective|p2a: Arcanine\n|-damage|p2a: Arcanine|0 fnt\n|-unboost|p1b: Great Tusk|def|1\n|-unboost|p1b: Great Tusk|spd|1\n|faint|p2a: Arcanine\n|move|p2b: Garganacl|Salt Cure|p1a: Murkrow\n|-supereffective|p1a: Murkrow\n|-crit|p1a: Murkrow\n|-damage|p1a: Murkrow|57\/100\n|-start|p1a: Murkrow|Salt Cure\n|\n|-weather|SunnyDay|[upkeep]\n|-damage|p1b: Great Tusk|74\/100|[from] Salt Cure\n|-damage|p1a: Murkrow|45\/100|[from] Salt Cure\n|upkeep\n|\n|t:|1681677600\n|switch|p2a: Palafin|Palafin-Hero, L50, F|100\/100\n|-activate|p2a: Palafin|ability: Zero to Hero\n|turn|3\n|\n|t:|1681677620\n|-terastallize|p1b: Great Tusk|Steel\n|-terastallize|p2a: Palafin|Water\n|move|p1a: Murkrow|Haze|p1a: Murkrow\n|-clearallboost\n|move|p2a: Palafin|Jet Punch|p1b: Great Tusk\n|-damage|p1b: Great Tusk|56\/100\n|move|p1b: Great Tusk|Headlong Rush|p2a: Palafin\n|-damage|p2a: Palafin|33\/100\n|-unboost|p1b: Great Tusk|def|1\n|-unboost|p1b: Great Tusk|spd|1\n|move|p2b: Garganacl|Salt Cure|p1a: Murkrow\n|-supereffective|p1a: Murkrow\n|-damage|p1a: Murkrow|15\/100\n|\n|-weather|SunnyDay|[upkeep]\n|-damage|p1b: Great Tusk|31\/100|[from] Salt Cure\n|-damage|p1a: Murkrow|3\/100|[from] Salt Cure\n|upkeep\n|turn|4\n|inactive|fizzywizzyglizzy has 30 seconds left.\n|\n|t:|1681677652\n|move|p2a: Palafin|Protect|p2a: Palafin\n|-singleturn|p2a: Palafin|Protect\n|move|p2b: Garganacl|Protect|p2b: Garganacl\n|-singleturn|p2b: Garganacl|Protect\n|move|p1a: Murkrow|Haze|p1a: Murkrow\n|-clearallboost\n|move|p1b: Great Tusk|Headlong Rush|p2a: Palafin\n|-activate|p2a: Palafin|move: Protect\n|\n|-weather|SunnyDay|[upkeep]\n|-damage|p1b: Great Tusk|7\/100|[from] Salt Cure\n|-damage|p1a: Murkrow|0 fnt|[from] Salt Cure\n|faint|p1a: Murkrow\n|upkeep\n|\n|t:|1681677663\n|switch|p1a: Brute Bonnet|Brute Bonnet, L50|100\/100\n|-activate|p1a: Brute Bonnet|ability: Protosynthesis\n|-start|p1a: Brute Bonnet|protosynthesisatk\n|turn|5\n|\n|t:|1681677675\n|move|p2a: Palafin|Jet Punch|p1b: Great Tusk\n|-damage|p1b: Great Tusk|0 fnt\n|faint|p1b: Great Tusk\n|-end|p1b: Great Tusk|Protosynthesis|[silent]\n|move|p1a: Brute Bonnet|Bullet Seed|p2b: Garganacl\n|-supereffective|p2b: Garganacl\n|-damage|p2b: Garganacl|74\/100\n|-supereffective|p2b: Garganacl\n|-damage|p2b: Garganacl|50\/100\n|-supereffective|p2b: Garganacl\n|-damage|p2b: Garganacl|27\/100\n|-supereffective|p2b: Garganacl\n|-damage|p2b: Garganacl|1\/100\n|-supereffective|p2b: Garganacl\n|-damage|p2b: Garganacl|0 fnt\n|faint|p2b: Garganacl\n|-hitcount|p2: Garganacl|5\n|\n|-weather|none\n|-end|p1a: Brute Bonnet|Protosynthesis\n|-sideend|p1: bort_888|move: Tailwind\n|upkeep\n|\n|t:|1681677691\n|switch|p1b: Chi-Yu|Chi-Yu, L50|100\/100\n|switch|p2b: Flutter Mane|Flutter Mane, L50|100\/100\n|-ability|p1b: Chi-Yu|Beads of Ruin\n|-enditem|p2b: Flutter Mane|Booster Energy\n|-activate|p2b: Flutter Mane|ability: Protosynthesis|[fromitem]\n|-start|p2b: Flutter Mane|protosynthesisspe\n|turn|6\n|\n|t:|1681677711\n|move|p1b: Chi-Yu|Protect|p1b: Chi-Yu\n|-singleturn|p1b: Chi-Yu|Protect\n|move|p2a: Palafin|Jet Punch|p1a: Brute Bonnet\n|-resisted|p1a: Brute Bonnet\n|-damage|p1a: Brute Bonnet|72\/100\n|move|p2b: Flutter Mane|Moonblast|p1a: Brute Bonnet\n|-supereffective|p1a: Brute Bonnet\n|-damage|p1a: Brute Bonnet|0 fnt\n|faint|p1a: Brute Bonnet\n|-end|p1a: Brute Bonnet|Protosynthesis|[silent]\n|\n|upkeep\n|turn|7\n|\n|t:|1681677723\n|move|p2a: Palafin|Jet Punch|p1b: Chi-Yu\n|-supereffective|p1b: Chi-Yu\n|-damage|p1b: Chi-Yu|0 fnt\n|faint|p1b: Chi-Yu\n|\n|win|fizzywizzyglizzy\n|raw|bort_888's rating: 1108 → 1084<\/strong> (-24 for losing)\n|raw|fizzywizzyglizzy's rating: 1128 → 1152<\/strong> (+24 for winning)\n|l|\u2606bort_888\n","uploadtime":1681677731,"views":18,"p1id":"bort888","p2id":"fizzywizzyglizzy","formatid":"gen9vgc2023regulationc","rating":1084,"private":0,"password":""}