{"id":"gen9vgc2023regulationc-1845847218","p1":"AXiS Fan","p2":"Keveloper","format":"[Gen 9] VGC 2023 Regulation C","log":"|j|\u2606AXiS Fan\n|j|\u2606Keveloper\n|t:|1681770878\n|gametype|doubles\n|player|p1|AXiS Fan|veteranf|1433\n|player|p2|Keveloper|ash|1376\n|teamsize|p1|6\n|teamsize|p2|6\n|gen|9\n|tier|[Gen 9] VGC 2023 Regulation C\n|rated|\n|rule|Species Clause: Limit one of each Pok\u00e9mon\n|rule|Item Clause: Limit one of each item\n|clearpoke\n|poke|p1|Abomasnow, L50, M|\n|poke|p1|Cetitan, L50, M|\n|poke|p1|Ting-Lu, L50|\n|poke|p1|Arcanine, L50, M|\n|poke|p1|Flutter Mane, L50|\n|poke|p1|Rotom-Wash, L50|\n|poke|p2|Orthworm, L50, F|\n|poke|p2|Dragonite, L50, M|\n|poke|p2|Ting-Lu, L50|\n|poke|p2|Gyarados, L50, M|\n|poke|p2|Flutter Mane, L50|\n|poke|p2|Chien-Pao, L50|\n|teampreview|4\n|\n|t:|1681770930\n|start\n|switch|p1a: Flutter Mane|Flutter Mane, L50|100\/100\n|switch|p1b: Rotom|Rotom-Wash, L50|100\/100\n|switch|p2a: Orthworm|Orthworm, L50, F|100\/100\n|switch|p2b: Ting-Lu|Ting-Lu, L50|100\/100\n|-ability|p2b: Ting-Lu|Vessel of Ruin\n|turn|1\n|\n|t:|1681770968\n|-end|p1a: Flutter Mane|Protosynthesis|[silent]\n|switch|p1a: Abomasnow|Abomasnow, L50, M|100\/100\n|-weather|Snow|[from] ability: Snow Warning|[of] p1a: Abomasnow\n|-terastallize|p2b: Ting-Lu|Water\n|move|p1b: Rotom|Nasty Plot|p1b: Rotom\n|-boost|p1b: Rotom|spa|2\n|move|p2b: Ting-Lu|Bulldoze|p1b: Rotom|[spread] p1a\n|-immune|p2a: Orthworm|[from] ability: Earth Eater\n|-immune|p1b: Rotom|[from] ability: Levitate\n|-resisted|p1a: Abomasnow\n|-damage|p1a: Abomasnow|90\/100\n|-unboost|p1a: Abomasnow|spe|1\n|move|p2a: Orthworm|Heavy Slam|p1a: Abomasnow\n|-supereffective|p1a: Abomasnow\n|-damage|p1a: Abomasnow|65\/100\n|\n|-weather|Snow|[upkeep]\n|upkeep\n|turn|2\n|\n|t:|1681770997\n|switch|p2b: Dragonite|Dragonite, L50, M|100\/100\n|move|p1b: Rotom|Nasty Plot|p1b: Rotom\n|-boost|p1b: Rotom|spa|2\n|move|p2a: Orthworm|Body Press|p1b: Rotom\n|-damage|p1b: Rotom|71\/100\n|move|p1a: Abomasnow|Aurora Veil|p1a: Abomasnow\n|-sidestart|p1: AXiS Fan|move: Aurora Veil\n|\n|-weather|Snow|[upkeep]\n|upkeep\n|turn|3\n|\n|t:|1681771027\n|-terastallize|p1b: Rotom|Ghost\n|move|p2b: Dragonite|Extreme Speed|p1b: Rotom\n|-immune|p1b: Rotom\n|move|p1b: Rotom|Thunderbolt|p2b: Dragonite\n|-damage|p2b: Dragonite|39\/100\n|move|p2a: Orthworm|Body Press|p1b: Rotom\n|-immune|p1b: Rotom\n|move|p1a: Abomasnow|Blizzard|p2b: Dragonite|[spread] p2a,p2b\n|-resisted|p2a: Orthworm\n|-supereffective|p2b: Dragonite\n|-damage|p2a: Orthworm|83\/100\n|-damage|p2b: Dragonite|0 fnt\n|faint|p2b: Dragonite\n|\n|-weather|Snow|[upkeep]\n|upkeep\n|\n|t:|1681771039\n|switch|p2b: Ting-Lu|Ting-Lu, L50, tera:Water|100\/100\n|-ability|p2b: Ting-Lu|Vessel of Ruin\n|turn|4\n|\n|t:|1681771051\n|move|p1b: Rotom|Thunderbolt|p2b: Ting-Lu\n|-supereffective|p2b: Ting-Lu\n|-damage|p2b: Ting-Lu|0 fnt\n|faint|p2b: Ting-Lu\n|move|p2a: Orthworm|Shed Tail|p2a: Orthworm\n|-start|p2a: Orthworm|Substitute|[from] move: Shed Tail\n|-damage|p2a: Orthworm|33\/100\n|-enditem|p2a: Orthworm|Sitrus Berry|[eat]\n|-heal|p2a: Orthworm|58\/100|[from] item: Sitrus Berry\n|\n|t:|1681771054\n|switch|p2a: Gyarados|Gyarados, L50, M|100\/100|[from] Shed Tail\n|-ability|p2a: Gyarados|Intimidate|boost\n|-unboost|p1a: Abomasnow|atk|1\n|-unboost|p1b: Rotom|atk|1\n|move|p1a: Abomasnow|Energy Ball|p2a: Gyarados\n|-end|p2a: Gyarados|Substitute\n|\n|-weather|Snow|[upkeep]\n|upkeep\n|\n|t:|1681771061\n|switch|p2b: Orthworm|Orthworm, L50, F|58\/100\n|turn|5\n|\n|t:|1681771095\n|switch|p1a: Flutter Mane|Flutter Mane, L50|100\/100\n|move|p2a: Gyarados|Waterfall|p1b: Rotom\n|-damage|p1b: Rotom|49\/100\n|-enditem|p1b: Rotom|Sitrus Berry|[eat]\n|-heal|p1b: Rotom|74\/100|[from] item: Sitrus Berry\n|move|p1b: Rotom|Thunderbolt|p2b: Orthworm\n|-damage|p2b: Orthworm|0 fnt\n|faint|p2b: Orthworm\n|\n|-weather|none\n|upkeep\n|turn|6\n|\n|t:|1681771111\n|move|p1a: Flutter Mane|Moonblast|p2a: Gyarados\n|-damage|p2a: Gyarados|57\/100\n|-unboost|p2a: Gyarados|spa|1\n|move|p2a: Gyarados|Bulldoze|p1a: Flutter Mane|[spread] p1a\n|-immune|p1b: Rotom|[from] ability: Levitate\n|-damage|p1a: Flutter Mane|81\/100\n|-unboost|p1a: Flutter Mane|spe|1\n|move|p1b: Rotom|Thunderbolt|p2a: Gyarados\n|-supereffective|p2a: Gyarados\n|-crit|p2a: Gyarados\n|-damage|p2a: Gyarados|0 fnt\n|faint|p2a: Gyarados\n|\n|win|AXiS Fan\n|raw|AXiS Fan's rating: 1433 → 1450<\/strong> (+17 for winning)\n|raw|Keveloper's rating: 1376 → 1359<\/strong> (-17 for losing)\n","uploadtime":1681771116,"views":4,"p1id":"axisfan","p2id":"keveloper","formatid":"gen9vgc2023regulationc","rating":1359,"private":0,"password":""}