{"id":"gen9vgc2023regulationc-1860132893","p1":"sitbar","p2":"torwildheart","format":"[Gen 9] VGC 2023 Regulation C","log":"|j|\u2606sitbar\n|j|\u2606torwildheart\n|t:|1683599136\n|gametype|doubles\n|player|p1|sitbar|brycenman|1126\n|player|p2|torwildheart|teamrocket|1212\n|teamsize|p1|6\n|teamsize|p2|6\n|gen|9\n|tier|[Gen 9] VGC 2023 Regulation C\n|rated|\n|rule|Species Clause: Limit one of each Pok\u00e9mon\n|rule|Item Clause: Limit one of each item\n|clearpoke\n|poke|p1|Ceruledge, L50, F|\n|poke|p1|Scizor, L50, M|\n|poke|p1|Salamence, L50, M|\n|poke|p1|Maushold, L50|\n|poke|p1|Chien-Pao, L50|\n|poke|p1|Ting-Lu, L50|\n|poke|p2|Kingambit, L50, M|\n|poke|p2|Flutter Mane, L50|\n|poke|p2|Gyarados, L50, F|\n|poke|p2|Great Tusk, L50|\n|poke|p2|Torkoal, L50, F|\n|poke|p2|Jumpluff, L50, F|\n|teampreview|4\ntorwildheart has agreed to open team sheets.\n|inactive|Battle timer is ON: inactive players will automatically lose when time's up. (requested by torwildheart)\n|inactive|sitbar has 60 seconds left.\n|\n|t:|1683599212\n|start\n|switch|p1a: Ceruledge|Ceruledge, L50, F|100\/100\n|switch|p1b: Ting-Lu|Ting-Lu, L50|100\/100\n|switch|p2a: Sets Sun|Torkoal, L50, F|100\/100\n|switch|p2b: Speed Lover|Jumpluff, L50, F|100\/100\n|-ability|p1b: Ting-Lu|Vessel of Ruin\n|-weather|SunnyDay|[from] ability: Drought|[of] p2a: Sets Sun\n|turn|1\n|inactive|sitbar has 30 seconds left.\n|inactive|sitbar has 20 seconds left.\n|inactive|sitbar has 15 seconds left.\n|\n|t:|1683599255\n|move|p2b: Speed Lover|Sleep Powder|p1a: Ceruledge\n|-status|p1a: Ceruledge|slp|[from] move: Sleep Powder\n|cant|p1a: Ceruledge|slp\n|move|p1b: Ting-Lu|Fissure|p2a: Sets Sun|[miss]\n|-miss|p1b: Ting-Lu|p2a: Sets Sun\n|move|p2a: Sets Sun|Fissure|p1b: Ting-Lu|[miss]\n|-miss|p2a: Sets Sun|p1b: Ting-Lu\n|\n|-weather|SunnyDay|[upkeep]\n|upkeep\n|turn|2\n|inactive|sitbar has 30 seconds left.\n|\n|t:|1683599288\n|switch|p2a: Gyarados|Gyarados, L50, F|100\/100\n|-ability|p2a: Gyarados|Intimidate|boost\n|-fail|p1a: Ceruledge|unboost|[from] item: Clear Amulet|[of] p1a: Ceruledge\n|-unboost|p1b: Ting-Lu|atk|1\n|move|p2b: Speed Lover|Encore|p1b: Ting-Lu\n|-start|p1b: Ting-Lu|Encore\n|cant|p1a: Ceruledge|slp\n|move|p1b: Ting-Lu|Fissure|p2b: Speed Lover\n|-immune|p2b: Speed Lover\n|\n|-weather|SunnyDay|[upkeep]\n|upkeep\n|turn|3\n|\n|t:|1683599305\n|switch|p1b: Chien-Pao|Chien-Pao, L50|100\/100\n|-ability|p1b: Chien-Pao|Sword of Ruin\n|-curestatus|p1a: Ceruledge|slp|[msg]\n|move|p1a: Ceruledge|Protect|p1a: Ceruledge\n|-singleturn|p1a: Ceruledge|Protect\n|move|p2b: Speed Lover|Tailwind|p2b: Speed Lover\n|-sidestart|p2: torwildheart|move: Tailwind\n|move|p2a: Gyarados|Waterfall|p1a: Ceruledge\n|-activate|p1a: Ceruledge|move: Protect\n|\n|-weather|SunnyDay|[upkeep]\n|upkeep\n|turn|4\n|\n|t:|1683599327\n|-terastallize|p1a: Ceruledge|Grass\n|move|p2b: Speed Lover|Sleep Powder|p1b: Chien-Pao\n|-status|p1b: Chien-Pao|slp|[from] move: Sleep Powder\n|move|p2a: Gyarados|Waterfall|p1a: Ceruledge\n|-resisted|p1a: Ceruledge\n|-damage|p1a: Ceruledge|84\/100\n|cant|p1b: Chien-Pao|slp\n|move|p1a: Ceruledge|Bitter Blade|p2b: Speed Lover\n|-supereffective|p2b: Speed Lover\n|-damage|p2b: Speed Lover|0 fnt\n|-heal|p1a: Ceruledge|100\/100|[from] drain|[of] p2b: Speed Lover\n|faint|p2b: Speed Lover\n|\n|-weather|SunnyDay|[upkeep]\n|upkeep\n|\n|t:|1683599336\n|switch|p2b: Banned|Flutter Mane, L50|100\/100\n|-activate|p2b: Banned|ability: Protosynthesis\n|-start|p2b: Banned|protosynthesisspe\n|turn|5\n|inactive|sitbar has 30 seconds left.\n|\n|t:|1683599364\n|-terastallize|p2b: Banned|Fairy\n|move|p1a: Ceruledge|Ally Switch|p1a: Ceruledge\n|swap|p1a: Ceruledge|1|[from] move: Ally Switch\n|cant|p1a: Chien-Pao|slp\n|move|p2b: Banned|Moonblast|p1a: Chien-Pao\n|-supereffective|p1a: Chien-Pao\n|-enditem|p1a: Chien-Pao|Focus Sash\n|-damage|p1a: Chien-Pao|1\/100 slp\n|move|p2a: Gyarados|Waterfall|p1b: Ceruledge\n|-resisted|p1b: Ceruledge\n|-damage|p1b: Ceruledge|84\/100\n|\n|-weather|none\n|-end|p2b: Banned|Protosynthesis\n|upkeep\n|turn|6\n|\n|t:|1683599385\n|cant|p1a: Chien-Pao|slp\n|move|p2b: Banned|Moonblast|p1b: Ceruledge\n|-damage|p1b: Ceruledge|0 fnt\n|faint|p1b: Ceruledge\n|move|p2a: Gyarados|Waterfall|p1a: Chien-Pao\n|-damage|p1a: Chien-Pao|0 fnt\n|faint|p1a: Chien-Pao\n|\n|-sideend|p2: torwildheart|move: Tailwind\n|upkeep\n|\n|t:|1683599391\n|switch|p1a: Salamence|Salamence, L50, M|100\/100\n|switch|p1b: Ting-Lu|Ting-Lu, L50|100\/100\n|-ability|p1a: Salamence|Intimidate|boost\n|-unboost|p2a: Gyarados|atk|1\n|-unboost|p2b: Banned|atk|1\n|-ability|p1b: Ting-Lu|Vessel of Ruin\n|turn|7\n|\n|t:|1683599407\n|switch|p2a: Sets Sun|Torkoal, L50, F|100\/100\n|-weather|SunnyDay|[from] ability: Drought|[of] p2a: Sets Sun\n|-activate|p2b: Banned|ability: Protosynthesis\n|-start|p2b: Banned|protosynthesisspe\n|move|p2b: Banned|Moonblast|p1b: Ting-Lu\n|-supereffective|p1b: Ting-Lu\n|-damage|p1b: Ting-Lu|10\/100\n|move|p1a: Salamence|Rock Slide|p2a: Sets Sun|[spread] p2a,p2b\n|-supereffective|p2a: Sets Sun\n|-damage|p2a: Sets Sun|68\/100\n|-damage|p2b: Banned|54\/100\n|-enditem|p2a: Sets Sun|Eject Button\n|\n|t:|1683599413\n|switch|p2a: Gyarados|Gyarados, L50, F|100\/100\n|-ability|p2a: Gyarados|Intimidate|boost\n|-unboost|p1a: Salamence|atk|1\n|-unboost|p1b: Ting-Lu|atk|1\n|move|p1b: Ting-Lu|Heavy Slam|p2b: Banned\n|-supereffective|p2b: Banned\n|-damage|p2b: Banned|0 fnt\n|faint|p2b: Banned\n|-end|p2b: Banned|Protosynthesis|[silent]\n|\n|-weather|SunnyDay|[upkeep]\n|upkeep\n|\n|t:|1683599416\n|switch|p2b: Sets Sun|Torkoal, L50, F|68\/100\n|turn|8\n|\n|t:|1683599436\n|move|p2b: Sets Sun|Protect|p2b: Sets Sun\n|-singleturn|p2b: Sets Sun|Protect\n|move|p1a: Salamence|Rock Slide|p2b: Sets Sun|[spread] p2a\n|-activate|p2b: Sets Sun|move: Protect\n|-supereffective|p2a: Gyarados\n|-damage|p2a: Gyarados|76\/100\n|move|p2a: Gyarados|Waterfall|p1b: Ting-Lu\n|-supereffective|p1b: Ting-Lu\n|-damage|p1b: Ting-Lu|0 fnt\n|faint|p1b: Ting-Lu\n|\n|-weather|SunnyDay|[upkeep]\n|upkeep\n|turn|9\n|\n|t:|1683599456\n|move|p1a: Salamence|Dual Wingbeat|p2b: Sets Sun\n|-crit|p2b: Sets Sun\n|-damage|p2b: Sets Sun|41\/100\n|-damage|p2b: Sets Sun|30\/100\n|-hitcount|p2b: Sets Sun|2\n|move|p2a: Gyarados|Thunder Wave|p1a: Salamence\n|-status|p1a: Salamence|par\n|move|p2b: Sets Sun|Overheat|p1a: Salamence\n|-resisted|p1a: Salamence\n|-damage|p1a: Salamence|63\/100 par\n|-unboost|p2b: Sets Sun|spa|2\n|\n|-weather|SunnyDay|[upkeep]\n|upkeep\n|turn|10\n|\n|t:|1683599467\n|move|p2b: Sets Sun|Protect|p2b: Sets Sun\n|-singleturn|p2b: Sets Sun|Protect\n|move|p2a: Gyarados|Taunt|p1a: Salamence\n|-start|p1a: Salamence|move: Taunt\n|cant|p1a: Salamence|par\n|\n|-weather|SunnyDay|[upkeep]\n|upkeep\n|turn|11\n|\n|t:|1683599475\n|move|p2b: Sets Sun|Helping Hand|p2a: Gyarados\n|-singleturn|p2a: Gyarados|Helping Hand|[of] p2b: Sets Sun\n|move|p2a: Gyarados|Waterfall|p1a: Salamence\n|-resisted|p1a: Salamence\n|-damage|p1a: Salamence|49\/100 par\n|-enditem|p1a: Salamence|Sitrus Berry|[eat]\n|-heal|p1a: Salamence|73\/100 par|[from] item: Sitrus Berry\n|cant|p1a: Salamence|par\n|\n|-weather|none\n|upkeep\n|turn|12\n|\n|t:|1683599493\n|move|p2b: Sets Sun|Helping Hand|p2a: Gyarados\n|-singleturn|p2a: Gyarados|Helping Hand|[of] p2b: Sets Sun\n|move|p2a: Gyarados|Waterfall|p1a: Salamence\n|-resisted|p1a: Salamence\n|-damage|p1a: Salamence|40\/100 par\n|move|p1a: Salamence|Rock Slide|p2b: Sets Sun|[spread] p2a,p2b\n|-supereffective|p2a: Gyarados\n|-supereffective|p2b: Sets Sun\n|-damage|p2a: Gyarados|51\/100\n|-damage|p2b: Sets Sun|10\/100\n|\n|-end|p1a: Salamence|move: Taunt\n|upkeep\n|turn|13\n|\n|t:|1683599510\n|move|p2b: Sets Sun|Helping Hand|p2a: Gyarados\n|-singleturn|p2a: Gyarados|Helping Hand|[of] p2b: Sets Sun\n|move|p2a: Gyarados|Waterfall|p1a: Salamence\n|-resisted|p1a: Salamence\n|-damage|p1a: Salamence|10\/100 par\n|cant|p1a: Salamence|flinch\n|\n|upkeep\n|turn|14\n|c|\u2606torwildheart|gg\n|\n|t:|1683599534\n|move|p2b: Sets Sun|Helping Hand|p2a: Gyarados\n|-singleturn|p2a: Gyarados|Helping Hand|[of] p2b: Sets Sun\n|move|p2a: Gyarados|Waterfall|p1a: Salamence\n|-resisted|p1a: Salamence\n|-damage|p1a: Salamence|0 fnt\n|faint|p1a: Salamence\n|\n|win|torwildheart\n|raw|sitbar's rating: 1126 → 1107<\/strong> (-19 for losing)\n|raw|torwildheart's rating: 1212 → 1231<\/strong> (+19 for winning)\n|l|\u2606sitbar\n","uploadtime":1683599564,"views":12,"p1id":"sitbar","p2id":"torwildheart","formatid":"gen9vgc2023regulationc","rating":1107,"private":0,"password":""}