{"id":"gen9vgc2023regulationc-1857618462","p1":"Ryzell","p2":"Lutrinae Arctis","format":"[Gen 9] VGC 2023 Regulation C","log":"|j|\u2606Ryzell\n|j|\u2606Lutrinae Arctis\n|t:|1683213484\n|gametype|doubles\n|player|p1|Ryzell|gambler|1312\n|player|p2|Lutrinae Arctis|dawn-gen4pt|1258\n|teamsize|p1|6\n|teamsize|p2|6\n|gen|9\n|tier|[Gen 9] VGC 2023 Regulation C\n|rated|\n|rule|Species Clause: Limit one of each Pok\u00e9mon\n|rule|Item Clause: Limit one of each item\n|clearpoke\n|poke|p1|Flutter Mane, L50|\n|poke|p1|Chi-Yu, L50|\n|poke|p1|Roaring Moon, L50|\n|poke|p1|Jumpluff, L50, M|\n|poke|p1|Wo-Chien, L50|\n|poke|p1|Torkoal, L50, F|\n|poke|p2|Flutter Mane, L50|\n|poke|p2|Jumpluff, L50, M|\n|poke|p2|Wo-Chien, L50|\n|poke|p2|Torkoal, L50, F|\n|poke|p2|Roaring Moon, L50|\n|poke|p2|Chi-Yu, L50|\n|teampreview|4\n|c|\u2606Lutrinae Arctis|hmmm\n|c|\u2606Ryzell|hmmmmmmmmmm\n|c|\u2606Ryzell|seems like we both watched a very interesting video\n|\n|t:|1683213536\n|start\n|switch|p1a: Flutter Mane|Flutter Mane, L50|100\/100\n|switch|p1b: Wo-Chien|Wo-Chien, L50|100\/100\n|switch|p2a: Chi-Yu|Chi-Yu, L50|100\/100\n|switch|p2b: Jumpluff|Jumpluff, L50, M|100\/100\n|-ability|p2a: Chi-Yu|Beads of Ruin\n|-ability|p1b: Wo-Chien|Tablets of Ruin\n|turn|1\n|c|\u2606Lutrinae Arctis|it would seem like that yes\n|\n|t:|1683213553\n|move|p2b: Jumpluff|Sleep Powder|p1a: Flutter Mane\n|-status|p1a: Flutter Mane|slp|[from] move: Sleep Powder\n|move|p2a: Chi-Yu|Flamethrower|p1b: Wo-Chien\n|-supereffective|p1b: Wo-Chien\n|-damage|p1b: Wo-Chien|11\/100\n|move|p1b: Wo-Chien|Leaf Storm|p2a: Chi-Yu\n|-resisted|p2a: Chi-Yu\n|-damage|p2a: Chi-Yu|72\/100\n|-unboost|p1b: Wo-Chien|spa|2\n|-enditem|p1b: Wo-Chien|Eject Pack\n|\n|t:|1683213564\n|switch|p1b: Torkoal|Torkoal, L50, F|100\/100\n|-weather|SunnyDay|[from] ability: Drought|[of] p1b: Torkoal\n|-activate|p1a: Flutter Mane|ability: Protosynthesis\n|-start|p1a: Flutter Mane|protosynthesisspa\n|cant|p1a: Flutter Mane|slp\n|\n|-weather|SunnyDay|[upkeep]\n|upkeep\n|turn|2\n|\n|t:|1683213577\n|-terastallize|p1b: Torkoal|Fire\n|move|p2b: Jumpluff|Sleep Powder|p1b: Torkoal\n|-status|p1b: Torkoal|slp|[from] move: Sleep Powder\n|move|p2a: Chi-Yu|Dark Pulse|p1b: Torkoal\n|-damage|p1b: Torkoal|22\/100 slp\n|cant|p1a: Flutter Mane|slp\n|cant|p1b: Torkoal|slp\n|\n|-weather|SunnyDay|[upkeep]\n|upkeep\n|turn|3\n|inactive|Battle timer is ON: inactive players will automatically lose when time's up. (requested by Ryzell)\n|\n|t:|1683213592\n|move|p2b: Jumpluff|Absorb|p1a: Flutter Mane\n|-damage|p1a: Flutter Mane|96\/100 slp\n|move|p2a: Chi-Yu|Flamethrower|p1a: Flutter Mane\n|-damage|p1a: Flutter Mane|10\/100 slp\n|-curestatus|p1a: Flutter Mane|slp|[msg]\n|move|p1a: Flutter Mane|Dazzling Gleam|p2b: Jumpluff|[spread] p2a,p2b\n|-damage|p2a: Chi-Yu|42\/100\n|-damage|p2b: Jumpluff|49\/100\n|cant|p1b: Torkoal|slp\n|\n|-weather|SunnyDay|[upkeep]\n|upkeep\n|turn|4\n|\n|t:|1683213615\n|move|p2b: Jumpluff|Protect|p2b: Jumpluff\n|-singleturn|p2b: Jumpluff|Protect\n|move|p2a: Chi-Yu|Flamethrower|p1a: Flutter Mane\n|-damage|p1a: Flutter Mane|0 fnt\n|faint|p1a: Flutter Mane\n|-end|p1a: Flutter Mane|Protosynthesis|[silent]\n|-curestatus|p1b: Torkoal|slp|[msg]\n|move|p1b: Torkoal|Heat Wave|p2a: Chi-Yu|[spread] p2a\n|-activate|p2b: Jumpluff|move: Protect\n|-resisted|p2a: Chi-Yu\n|-damage|p2a: Chi-Yu|0 fnt\n|faint|p2a: Chi-Yu\n|\n|-weather|SunnyDay|[upkeep]\n|upkeep\n|\n|t:|1683213637\n|switch|p1a: Chi-Yu|Chi-Yu, L50|100\/100\n|switch|p2a: Flutter Mane|Flutter Mane, L50|100\/100\n|-ability|p1a: Chi-Yu|Beads of Ruin\n|-activate|p2a: Flutter Mane|ability: Protosynthesis\n|-start|p2a: Flutter Mane|protosynthesisspa\n|turn|5\n|\n|t:|1683213648\n|move|p2b: Jumpluff|Sleep Powder|p1a: Chi-Yu\n|-activate|p1a: Chi-Yu|item: Safety Goggles|Sleep Powder\n|move|p1a: Chi-Yu|Flamethrower|p2a: Flutter Mane\n|-damage|p2a: Flutter Mane|11\/100\n|move|p2a: Flutter Mane|Shadow Ball|p1b: Torkoal\n|-damage|p1b: Torkoal|0 fnt\n|faint|p1b: Torkoal\n|\n|-weather|none\n|-end|p2a: Flutter Mane|Protosynthesis\n|upkeep\n|c|\u2606Lutrinae Arctis|woops\n|\n|t:|1683213656\n|switch|p1b: Wo-Chien|Wo-Chien, L50|11\/100\n|-ability|p1b: Wo-Chien|Tablets of Ruin\n|turn|6\n|\n|t:|1683213678\n|move|p2b: Jumpluff|Protect|p2b: Jumpluff\n|-singleturn|p2b: Jumpluff|Protect\n|move|p1a: Chi-Yu|Flamethrower|p2a: Flutter Mane\n|-damage|p2a: Flutter Mane|0 fnt\n|faint|p2a: Flutter Mane\n|-end|p2a: Flutter Mane|Protosynthesis|[silent]\n|move|p1b: Wo-Chien|Dark Pulse|p2b: Jumpluff\n|-activate|p2b: Jumpluff|move: Protect\n|\n|upkeep\n|\n|t:|1683213687\n|switch|p2a: Torkoal|Torkoal, L50, F|100\/100\n|-weather|SunnyDay|[from] ability: Drought|[of] p2a: Torkoal\n|turn|7\n|\n|t:|1683213698\n|-terastallize|p2a: Torkoal|Fire\n|move|p2b: Jumpluff|Absorb|p1a: Chi-Yu\n|-resisted|p1a: Chi-Yu\n|-damage|p1a: Chi-Yu|99\/100\n|-heal|p2b: Jumpluff|50\/100|[from] drain|[of] p1a: Chi-Yu\n|move|p1a: Chi-Yu|Dark Pulse|p2a: Torkoal\n|-damage|p2a: Torkoal|27\/100\n|move|p1b: Wo-Chien|Dark Pulse|p2a: Torkoal\n|-damage|p2a: Torkoal|0 fnt\n|faint|p2a: Torkoal\n|\n|-weather|SunnyDay|[upkeep]\n|upkeep\n|turn|8\n|\n|t:|1683213715\n|move|p2b: Jumpluff|Absorb|p1b: Wo-Chien\n|-resisted|p1b: Wo-Chien\n|-damage|p1b: Wo-Chien|10\/100\n|-heal|p2b: Jumpluff|51\/100|[from] drain|[of] p1b: Wo-Chien\n|move|p1a: Chi-Yu|Flamethrower|p2b: Jumpluff\n|-supereffective|p2b: Jumpluff\n|-damage|p2b: Jumpluff|0 fnt\n|faint|p2b: Jumpluff\n|\n|win|Ryzell\n|raw|Ryzell's rating: 1312 → 1329<\/strong> (+17 for winning)\n|raw|Lutrinae Arctis's rating: 1258 → 1237<\/strong> (-21 for losing)\n|c|\u2606Lutrinae Arctis|gg\n|c|\u2606Ryzell|gg\n|l|\u2606Ryzell\n","uploadtime":1683213726,"views":11,"p1id":"ryzell","p2id":"lutrinaearctis","formatid":"gen9vgc2023regulationc","rating":1237,"private":0,"password":""}