{"id":"gen9vgc2023regulationc-1863785816","p1":"Ups1deD0wnSyndrome","p2":"Ayrshire20Scythers","format":"[Gen 9] VGC 2023 Regulation C","log":"|j|\u2606Ups1deD0wnSyndrome\n|j|\u2606Ayrshire20Scythers\n|t:|1684077422\n|gametype|doubles\n|player|p1|Ups1deD0wnSyndrome|265|\n|player|p2|Ayrshire20Scythers|policeman-gen4|\n|teamsize|p1|6\n|teamsize|p2|6\n|gen|9\n|tier|[Gen 9] VGC 2023 Regulation C\n|rule|Species Clause: Limit one of each Pok\u00e9mon\n|rule|Item Clause: Limit one of each item\n|clearpoke\n|poke|p1|Ting-Lu, L50|\n|poke|p1|Altaria, L50, M|\n|poke|p1|Scizor, L50, M|\n|poke|p1|Flutter Mane, L50|\n|poke|p1|Grafaiai, L50, F|\n|poke|p1|Bruxish, L50, M|\n|poke|p2|Pincurchin, L50, M|\n|poke|p2|Iron Moth, L50|\n|poke|p2|Tyranitar, L50, F|\n|poke|p2|Iron Thorns, L50|\n|poke|p2|Iron Jugulis, L50|\n|poke|p2|Indeedee-F, L50, F|\n|teampreview|4\n|\n|t:|1684077449\n|start\n|switch|p1a: Bruxish|Bruxish, L50, M|100\/100\n|switch|p1b: Flutter Mane|Flutter Mane, L50|100\/100\n|switch|p2a: Indeedee|Indeedee-F, L50, F, shiny|100\/100\n|switch|p2b: Iron Moth|Iron Moth, L50, shiny|100\/100\n|-enditem|p1b: Flutter Mane|Booster Energy\n|-activate|p1b: Flutter Mane|ability: Protosynthesis|[fromitem]\n|-start|p1b: Flutter Mane|protosynthesisspe\n|turn|1\n|\n|t:|1684077474\n|move|p2a: Indeedee|Follow Me|p2a: Indeedee\n|-singleturn|p2a: Indeedee|move: Follow Me\n|move|p1b: Flutter Mane|Mystical Fire|p2a: Indeedee\n|-damage|p2a: Indeedee|80\/100\n|-unboost|p2a: Indeedee|spa|1\n|move|p1a: Bruxish|Waterfall|p2a: Indeedee\n|-damage|p2a: Indeedee|30\/100\n|move|p2b: Iron Moth|Sludge Wave|p1a: Bruxish|[spread] p2a,p1a,p1b\n|-damage|p2a: Indeedee|0 fnt\n|-damage|p1a: Bruxish|19\/100\n|-damage|p1b: Flutter Mane|62\/100\n|faint|p2a: Indeedee\n|-damage|p2b: Iron Moth|90\/100|[from] item: Life Orb\n|\n|upkeep\n|\n|t:|1684077505\n|switch|p2a: Iron Thorns|Iron Thorns, L50, shiny|100\/100\n|-item|p2a: Iron Thorns|Air Balloon\n|turn|2\n|\n|t:|1684077518\n|move|p1b: Flutter Mane|Protect|p1b: Flutter Mane\n|-singleturn|p1b: Flutter Mane|Protect\n|move|p2a: Iron Thorns|Protect|p2a: Iron Thorns\n|-singleturn|p2a: Iron Thorns|Protect\n|move|p1a: Bruxish|Waterfall|p2b: Iron Moth\n|-supereffective|p2b: Iron Moth\n|-damage|p2b: Iron Moth|0 fnt\n|faint|p2b: Iron Moth\n|-end|p2b: Iron Moth|Quark Drive|[silent]\n|\n|upkeep\n|\n|t:|1684077531\n|switch|p2b: Tyranitar|Tyranitar, L50, F, shiny|100\/100\n|-weather|Sandstorm|[from] ability: Sand Stream|[of] p2b: Tyranitar\n|turn|3\n|\n|t:|1684077549\n|move|p1b: Flutter Mane|Dazzling Gleam|p2b: Tyranitar|[spread] p2a,p2b\n|-supereffective|p2b: Tyranitar\n|-damage|p2a: Iron Thorns|82\/100\n|-damage|p2b: Tyranitar|80\/100\n|-enditem|p2a: Iron Thorns|Air Balloon\n|move|p1a: Bruxish|Waterfall|p2a: Iron Thorns\n|-supereffective|p2a: Iron Thorns\n|-damage|p2a: Iron Thorns|24\/100\n|cant|p2a: Iron Thorns|flinch\n|move|p2b: Tyranitar|Rock Slide|p1b: Flutter Mane|[spread] p1a,p1b\n|-damage|p1a: Bruxish|0 fnt\n|-damage|p1b: Flutter Mane|0 fnt\n|faint|p1a: Bruxish\n|faint|p1b: Flutter Mane\n|-end|p1b: Flutter Mane|Protosynthesis|[silent]\n|\n|-weather|Sandstorm|[upkeep]\n|upkeep\n|\n|t:|1684077568\n|switch|p1b: Ting-Lu|Ting-Lu, L50|100\/100\n|switch|p1a: Grafaiai|Grafaiai, L50, F|100\/100\n|-ability|p1b: Ting-Lu|Vessel of Ruin\n|turn|4\n|\n|t:|1684077586\n|move|p2a: Iron Thorns|Protect|p2a: Iron Thorns\n|-singleturn|p2a: Iron Thorns|Protect\n|move|p1a: Grafaiai|Swagger|p2b: Tyranitar\n|-boost|p2b: Tyranitar|atk|2\n|-enditem|p1a: Grafaiai|Mirror Herb\n|-boost|p1a: Grafaiai|atk|2|[from] item: Mirror Herb\n|-start|p2b: Tyranitar|confusion\n|-activate|p2b: Tyranitar|confusion\n|move|p2b: Tyranitar|Bulldoze|p1b: Ting-Lu|[spread] p1a,p1b\n|-activate|p2a: Iron Thorns|move: Protect\n|-supereffective|p1a: Grafaiai\n|-damage|p1a: Grafaiai|0 fnt\n|-damage|p1b: Ting-Lu|86\/100\n|-unboost|p1b: Ting-Lu|spe|1\n|faint|p1a: Grafaiai\n|move|p1b: Ting-Lu|Body Press|p2b: Tyranitar\n|-supereffective|p2b: Tyranitar\n|-damage|p2b: Tyranitar|0 fnt\n|faint|p2b: Tyranitar\n|\n|-weather|Sandstorm|[upkeep]\n|-heal|p1b: Ting-Lu|92\/100|[from] item: Leftovers\n|upkeep\n|turn|5\n|\n|t:|1684077612\n|-terastallize|p2a: Iron Thorns|Rock\n|move|p2a: Iron Thorns|Rock Slide|p1b: Ting-Lu\n|-resisted|p1b: Ting-Lu\n|-damage|p1b: Ting-Lu|80\/100\n|move|p1b: Ting-Lu|Stomping Tantrum|p2a: Iron Thorns\n|-supereffective|p2a: Iron Thorns\n|-damage|p2a: Iron Thorns|0 fnt\n|faint|p2a: Iron Thorns\n|-end|p2a: Iron Thorns|Quark Drive|[silent]\n|\n|win|Ups1deD0wnSyndrome\n|l|\u2606Ayrshire20Scythers\n","uploadtime":1684077624,"views":21,"p1id":"ups1ded0wnsyndrome","p2id":"ayrshire20scythers","formatid":"gen9vgc2023regulationc","rating":0,"private":0,"password":""}