{"id":"gen9vgc2023regulationc-1863517804","p1":"beef town","p2":"mathtass","format":"[Gen 9] VGC 2023 Regulation C","log":"|j|\u2606beef town\n|j|\u2606mathtass\n|t:|1684028321\n|gametype|doubles\n|player|p1|beef town|elesa|1360\n|player|p2|mathtass|1|1316\n|teamsize|p1|6\n|teamsize|p2|6\n|gen|9\n|tier|[Gen 9] VGC 2023 Regulation C\n|rated|\n|rule|Species Clause: Limit one of each Pok\u00e9mon\n|rule|Item Clause: Limit one of each item\n|clearpoke\n|poke|p1|Baxcalibur, L50, F|\n|poke|p1|Arcanine, L50, F|\n|poke|p1|Amoonguss, L50, M|\n|poke|p1|Kingambit, L50, F|\n|poke|p1|Chi-Yu, L50|\n|poke|p1|Flutter Mane, L50|\n|poke|p2|Amoonguss, L50, F|\n|poke|p2|Chi-Yu, L50|\n|poke|p2|Arcanine, L50, F|\n|poke|p2|Dragonite, L50, M|\n|poke|p2|Flutter Mane, L50|\n|poke|p2|Iron Hands, L50|\n|teampreview|4\nmathtass has agreed to open team sheets.\n|inactive|Battle timer is ON: inactive players will automatically lose when time's up. (requested by beef town)\n|inactive|mathtass has 60 seconds left.\n|l|\u2606beef town\n|inactive|beef town disconnected and has a minute to reconnect!\n|player|p1|\n|\n|t:|1684028366\n|start\n|switch|p1a: Kingambit|Kingambit, L50, F|100\/100\n|switch|p1b: Amoonguss|Amoonguss, L50, M|100\/100\n|switch|p2a: Simba|Arcanine, L50, F, shiny|100\/100\n|switch|p2b: Titan|Dragonite, L50, M, shiny|100\/100\n|-ability|p2a: Simba|Intimidate|boost\n|-unboost|p1a: Kingambit|atk|1\n|-ability|p1a: Kingambit|Defiant|boost\n|-boost|p1a: Kingambit|atk|2\n|-unboost|p1b: Amoonguss|atk|1\n|turn|1\n|j|\u2606beef town\n|inactive|beef town reconnected and has 55 seconds left.\n|player|p1|beef town|elesa\n|\n|t:|1684028379\n|-terastallize|p1b: Amoonguss|Water\n|move|p2a: Simba|Howl|p2a: Simba|[spread] p2a,p2b\n|-boost|p2a: Simba|atk|1\n|-boost|p2b: Titan|atk|1\n|move|p2b: Titan|Stomping Tantrum|p1a: Kingambit\n|-supereffective|p1a: Kingambit\n|-damage|p1a: Kingambit|32\/100\n|move|p1a: Kingambit|Swords Dance|p1a: Kingambit\n|-boost|p1a: Kingambit|atk|2\n|move|p1b: Amoonguss|Spore|p2b: Titan\n|-status|p2b: Titan|slp|[from] move: Spore\n|-enditem|p2b: Titan|Lum Berry|[eat]\n|-curestatus|p2b: Titan|slp|[msg]\n|\n|upkeep\n|turn|2\n|inactive|mathtass has 30 seconds left.\n|\n|t:|1684028406\n|switch|p2b: Iron Man|Iron Hands, L50, shiny|100\/100\n|move|p1b: Amoonguss|Rage Powder|p1b: Amoonguss\n|-singleturn|p1b: Amoonguss|move: Rage Powder\n|move|p2a: Simba|Flare Blitz|p1b: Amoonguss\n|-resisted|p1b: Amoonguss\n|-damage|p1b: Amoonguss|69\/100\n|-damage|p2a: Simba|89\/100|[from] Recoil\n|move|p1a: Kingambit|Kowtow Cleave|p2b: Iron Man\n|-resisted|p2b: Iron Man\n|-damage|p2b: Iron Man|50\/100\n|\n|upkeep\n|turn|3\n|\n|t:|1684028421\n|move|p1b: Amoonguss|Rage Powder|p1b: Amoonguss\n|-singleturn|p1b: Amoonguss|move: Rage Powder\n|move|p2a: Simba|Howl|p2a: Simba|[spread] p2a,p2b\n|-boost|p2a: Simba|atk|1\n|-boost|p2b: Iron Man|atk|1\n|move|p2b: Iron Man|Drain Punch|p1a: Kingambit\n|-supereffective|p1a: Kingambit\n|-damage|p1a: Kingambit|0 fnt\n|-heal|p2b: Iron Man|64\/100|[from] drain|[of] p1a: Kingambit\n|faint|p1a: Kingambit\n|\n|upkeep\n|\n|t:|1684028434\n|switch|p1a: Baxcalibur|Baxcalibur, L50, F|100\/100\n|turn|4\n|\n|t:|1684028439\n|move|p2a: Simba|Protect|p2a: Simba\n|-singleturn|p2a: Simba|Protect\n|move|p2b: Iron Man|Protect|p2b: Iron Man\n|-singleturn|p2b: Iron Man|Protect\n|move|p1a: Baxcalibur|Earthquake|p2a: Simba|[spread] p1b\n|-activate|p2a: Simba|move: Protect\n|-activate|p2b: Iron Man|move: Protect\n|-damage|p1b: Amoonguss|46\/100\n|-enditem|p1b: Amoonguss|Sitrus Berry|[eat]\n|-heal|p1b: Amoonguss|71\/100|[from] item: Sitrus Berry\n|move|p1b: Amoonguss|Spore|p2b: Iron Man\n|-activate|p2b: Iron Man|move: Protect\n|\n|upkeep\n|turn|5\n|\n|t:|1684028464\n|switch|p2a: Titan|Dragonite, L50, M, shiny|100\/100\n|move|p1a: Baxcalibur|Earthquake|p2b: Iron Man|[spread] p1b,p2b\n|-immune|p2a: Titan\n|-supereffective|p2b: Iron Man\n|-damage|p1b: Amoonguss|48\/100\n|-damage|p2b: Iron Man|25\/100\n|move|p2b: Iron Man|Drain Punch|p1a: Baxcalibur\n|-supereffective|p1a: Baxcalibur\n|-damage|p1a: Baxcalibur|0 fnt\n|-heal|p2b: Iron Man|68\/100|[from] drain|[of] p1a: Baxcalibur\n|faint|p1a: Baxcalibur\n|move|p1b: Amoonguss|Spore|p2b: Iron Man\n|-activate|p2b: Iron Man|item: Safety Goggles|Spore\n|\n|upkeep\n|\n|t:|1684028476\n|switch|p1a: Flutter Mane|Flutter Mane, L50|100\/100\n|-enditem|p1a: Flutter Mane|Booster Energy\n|-activate|p1a: Flutter Mane|ability: Protosynthesis|[fromitem]\n|-start|p1a: Flutter Mane|protosynthesisspa\n|turn|6\n|\n|t:|1684028488\n|switch|p2a: Simba|Arcanine, L50, F, shiny|89\/100\n|-ability|p2a: Simba|Intimidate|boost\n|-unboost|p1a: Flutter Mane|atk|1\n|-unboost|p1b: Amoonguss|atk|1\n|-terastallize|p2b: Iron Man|Fire\n|move|p1b: Amoonguss|Rage Powder|p1b: Amoonguss\n|-singleturn|p1b: Amoonguss|move: Rage Powder\n|move|p1a: Flutter Mane|Dazzling Gleam|p2b: Iron Man|[spread] p2a,p2b\n|-resisted|p2a: Simba\n|-resisted|p2b: Iron Man\n|-damage|p2a: Simba|67\/100\n|-damage|p2b: Iron Man|52\/100\n|move|p2b: Iron Man|Wild Charge|p1a: Flutter Mane\n|-damage|p1a: Flutter Mane|0 fnt\n|faint|p1a: Flutter Mane\n|-end|p1a: Flutter Mane|Protosynthesis|[silent]\n|-damage|p2b: Iron Man|38\/100|[from] Recoil\n|\n|upkeep\n|turn|7\n|l|\u2606beef town\n|inactive|beef town disconnected and has a minute to reconnect!\n|player|p1|\n|inactive|beef town has 30 seconds left.\n|inactive|beef town has 20 seconds left.\n|inactive|beef town has 15 seconds left.\n|inactive|beef town has 10 seconds left.\n|inactive|beef town has 5 seconds left.\n|-message|beef town lost due to inactivity.\n|\n|win|mathtass\n|raw|beef town's rating: 1360 → 1337<\/strong> (-23 for losing)\n|raw|mathtass's rating: 1316 → 1339<\/strong> (+23 for winning)\n","uploadtime":1684028554,"views":10,"p1id":"beeftown","p2id":"mathtass","formatid":"gen9vgc2023regulationc","rating":1337,"private":0,"password":""}