{"id":"gen9vgc2023regulationc-1845569436","p1":"RitmanTesting1","p2":"PureNeutral","format":"[Gen 9] VGC 2023 Regulation C","log":"|j|\u2606RitmanTesting1\n|j|\u2606PureNeutral\n|t:|1681745833\n|gametype|doubles\n|player|p1|RitmanTesting1|byron|1323\n|player|p2|PureNeutral|elesa|1344\n|teamsize|p1|6\n|teamsize|p2|6\n|gen|9\n|tier|[Gen 9] VGC 2023 Regulation C\n|rated|\n|rule|Species Clause: Limit one of each Pok\u00e9mon\n|rule|Item Clause: Limit one of each item\n|clearpoke\n|poke|p1|Wo-Chien, L50|\n|poke|p1|Glimmora, L50, M|\n|poke|p1|Baxcalibur, L50, F|\n|poke|p1|Flutter Mane, L50|\n|poke|p1|Arcanine, L50, M|\n|poke|p1|Roaring Moon, L50|\n|poke|p2|Maushold-Four, L50|\n|poke|p2|Annihilape, L50, F|\n|poke|p2|Flutter Mane, L50|\n|poke|p2|Great Tusk, L50|\n|poke|p2|Talonflame, L50, M|\n|poke|p2|Baxcalibur, L50, M|\n|teampreview|4\nRitmanTesting1 has agreed to open team sheets.\n|inactive|Battle timer is ON: inactive players will automatically lose when time's up. (requested by RitmanTesting1)\n|\n|t:|1681745868\n|start\n|switch|p1a: Glimmora|Glimmora, L50, M|100\/100\n|switch|p1b: Wo-Chien|Wo-Chien, L50|100\/100\n|switch|p2a: Talonflame|Talonflame, L50, M|100\/100\n|switch|p2b: Baxcalibur|Baxcalibur, L50, M|100\/100\n|-ability|p1b: Wo-Chien|Tablets of Ruin\n|turn|1\n|\n|t:|1681745884\n|move|p1b: Wo-Chien|Protect|p1b: Wo-Chien\n|-singleturn|p1b: Wo-Chien|Protect\n|move|p2a: Talonflame|Tailwind|p2a: Talonflame\n|-sidestart|p2: PureNeutral|move: Tailwind\n|move|p2b: Baxcalibur|Icicle Spear|p1b: Wo-Chien\n|-activate|p1b: Wo-Chien|move: Protect\n|move|p1a: Glimmora|Power Gem|p2a: Talonflame\n|-supereffective|p2a: Talonflame\n|-damage|p2a: Talonflame|0 fnt\n|faint|p2a: Talonflame\n|\n|upkeep\n|\n|t:|1681745887\n|switch|p2a: Flutter Mane|Flutter Mane, L50|100\/100\n|turn|2\n|inactive|RitmanTesting1 has 30 seconds left.\n|\n|t:|1681745914\n|-terastallize|p2a: Flutter Mane|Fairy\n|-terastallize|p1b: Wo-Chien|Poison\n|move|p2a: Flutter Mane|Dazzling Gleam|p1a: Glimmora|[spread] p1a,p1b\n|-resisted|p1a: Glimmora\n|-resisted|p1b: Wo-Chien\n|-damage|p1a: Glimmora|78\/100\n|-damage|p1b: Wo-Chien|79\/100\n|move|p2b: Baxcalibur|Icicle Spear|p1b: Wo-Chien\n|-damage|p1b: Wo-Chien|70\/100\n|-damage|p1b: Wo-Chien|60\/100\n|-crit|p1b: Wo-Chien\n|-damage|p1b: Wo-Chien|45\/100\n|-damage|p1b: Wo-Chien|35\/100\n|-damage|p1b: Wo-Chien|25\/100\n|-hitcount|p1b: Wo-Chien|5\n|move|p1a: Glimmora|Power Gem|p2b: Baxcalibur\n|-supereffective|p2b: Baxcalibur\n|-damage|p2b: Baxcalibur|26\/100\n|move|p1b: Wo-Chien|Snarl|p2b: Baxcalibur|[spread] p2a,p2b\n|-resisted|p2a: Flutter Mane\n|-damage|p2a: Flutter Mane|95\/100\n|-damage|p2b: Baxcalibur|12\/100\n|-unboost|p2a: Flutter Mane|spa|1\n|-unboost|p2b: Baxcalibur|spa|1\n|\n|-heal|p1b: Wo-Chien|32\/100|[from] item: Leftovers\n|upkeep\n|turn|3\n|inactive|PureNeutral has 30 seconds left.\n|\n|t:|1681745942\n|-end|p2a: Flutter Mane|Protosynthesis|[silent]\n|switch|p2a: Maushold|Maushold-Four, L50|100\/100\n|move|p2b: Baxcalibur|Protect|p2b: Baxcalibur\n|-singleturn|p2b: Baxcalibur|Protect\n|move|p1b: Wo-Chien|Protect|p1b: Wo-Chien\n|-singleturn|p1b: Wo-Chien|Protect\n|move|p1a: Glimmora|Mortal Spin|p2a: Maushold|[spread] p2a\n|-activate|p2b: Baxcalibur|move: Protect\n|-damage|p2a: Maushold|97\/100\n|-status|p2a: Maushold|psn\n|\n|-heal|p1b: Wo-Chien|38\/100|[from] item: Leftovers\n|-damage|p2a: Maushold|84\/100 psn|[from] psn\n|upkeep\n|turn|4\n|\n|t:|1681745962\n|switch|p1b: Arcanine|Arcanine, L50, M|100\/100\n|-ability|p1b: Arcanine|Intimidate|boost\n|-unboost|p2a: Maushold|atk|1\n|-unboost|p2b: Baxcalibur|atk|1\n|move|p2a: Maushold|Follow Me|p2a: Maushold\n|-singleturn|p2a: Maushold|move: Follow Me\n|move|p2b: Baxcalibur|Icicle Spear|p1b: Arcanine\n|-resisted|p1b: Arcanine\n|-damage|p1b: Arcanine|94\/100\n|-resisted|p1b: Arcanine\n|-damage|p1b: Arcanine|89\/100\n|-resisted|p1b: Arcanine\n|-damage|p1b: Arcanine|84\/100\n|-resisted|p1b: Arcanine\n|-damage|p1b: Arcanine|78\/100\n|-resisted|p1b: Arcanine\n|-damage|p1b: Arcanine|72\/100\n|-hitcount|p1b: Arcanine|5\n|move|p1a: Glimmora|Mortal Spin|p2b: Baxcalibur|[spread] p2a,p2b\n|-damage|p2a: Maushold|80\/100 psn\n|-damage|p2b: Baxcalibur|9\/100\n|-status|p2b: Baxcalibur|psn\n|\n|-damage|p2a: Maushold|67\/100 psn|[from] psn\n|-damage|p2b: Baxcalibur|0 fnt|[from] psn\n|faint|p2b: Baxcalibur\n|-sideend|p2: PureNeutral|move: Tailwind\n|upkeep\n|\n|t:|1681745965\n|switch|p2b: Flutter Mane|Flutter Mane, L50, tera:Fairy|95\/100\n|turn|5\n|\n|t:|1681745988\n|move|p2a: Maushold|Follow Me|p2a: Maushold\n|-singleturn|p2a: Maushold|move: Follow Me\n|move|p2b: Flutter Mane|Shadow Ball|p1b: Arcanine\n|-damage|p1b: Arcanine|9\/100\n|move|p1b: Arcanine|Snarl|p2a: Maushold|[spread] p2a,p2b\n|-resisted|p2b: Flutter Mane\n|-damage|p2a: Maushold|59\/100 psn\n|-damage|p2b: Flutter Mane|92\/100\n|-unboost|p2a: Maushold|spa|1\n|-unboost|p2b: Flutter Mane|spa|1\n|move|p1a: Glimmora|Mortal Spin|p2b: Flutter Mane|[spread] p2a,p2b\n|-supereffective|p2b: Flutter Mane\n|-damage|p2a: Maushold|54\/100 psn\n|-damage|p2b: Flutter Mane|80\/100\n|-status|p2b: Flutter Mane|psn\n|\n|-damage|p2b: Flutter Mane|68\/100 psn|[from] psn\n|-damage|p2a: Maushold|41\/100 psn|[from] psn\n|upkeep\n|turn|6\n|\n|t:|1681746011\n|move|p1b: Arcanine|Protect|p1b: Arcanine\n|-singleturn|p1b: Arcanine|Protect\n|move|p2a: Maushold|Feint|p1b: Arcanine\n|-activate|p1b: Arcanine|move: Feint\n|-damage|p1b: Arcanine|2\/100\n|move|p2b: Flutter Mane|Shadow Ball|p1a: Glimmora\n|-damage|p1a: Glimmora|46\/100\n|move|p1a: Glimmora|Sludge Bomb|p2a: Maushold\n|-damage|p2a: Maushold|0 fnt\n|faint|p2a: Maushold\n|\n|-damage|p2b: Flutter Mane|56\/100 psn|[from] psn\n|upkeep\n|turn|7\n|\n|t:|1681746034\n|move|p1b: Arcanine|Extreme Speed|p2b: Flutter Mane\n|-damage|p2b: Flutter Mane|21\/100 psn\n|move|p2b: Flutter Mane|Shadow Ball|p1a: Glimmora\n|-damage|p1a: Glimmora|18\/100\n|move|p1a: Glimmora|Sludge Bomb|p2b: Flutter Mane\n|-supereffective|p2b: Flutter Mane\n|-damage|p2b: Flutter Mane|0 fnt\n|faint|p2b: Flutter Mane\n|-end|p2b: Flutter Mane|Protosynthesis|[silent]\n|\n|win|RitmanTesting1\n|raw|RitmanTesting1's rating: 1323 → 1344<\/strong> (+21 for winning)\n|raw|PureNeutral's rating: 1344 → 1323<\/strong> (-21 for losing)\n|l|\u2606PureNeutral\n","uploadtime":1681746046,"views":5,"p1id":"ritmantesting1","p2id":"pureneutral","formatid":"gen9vgc2023regulationc","rating":1323,"private":0,"password":""}