{"id":"gen9vgc2023regulationc-1858651140","p1":"Delicia Delight","p2":"arcaninesrules","format":"[Gen 9] VGC 2023 Regulation C","log":"|j|\u2606Delicia Delight\n|j|\u2606arcaninesrules\n|t:|1683337492\n|gametype|doubles\n|player|p1|Delicia Delight|170|1322\n|player|p2|arcaninesrules|266|1338\n|teamsize|p1|6\n|teamsize|p2|6\n|gen|9\n|tier|[Gen 9] VGC 2023 Regulation C\n|rated|\n|rule|Species Clause: Limit one of each Pok\u00e9mon\n|rule|Item Clause: Limit one of each item\n|clearpoke\n|poke|p1|Annihilape, L50, M|\n|poke|p1|Gholdengo, L50|\n|poke|p1|Maushold, L50|\n|poke|p1|Arcanine, L50, F|\n|poke|p1|Roaring Moon, L50|\n|poke|p1|Iron Bundle, L50|\n|poke|p2|Chi-Yu, L50|\n|poke|p2|Flutter Mane, L50|\n|poke|p2|Chien-Pao, L50|\n|poke|p2|Gyarados, L50, M|\n|poke|p2|Amoonguss, L50, F|\n|poke|p2|Iron Hands, L50|\n|teampreview|4\n|inactive|Battle timer is ON: inactive players will automatically lose when time's up. (requested by Delicia Delight)\narcaninesrules has agreed to open team sheets.\n|inactive|Delicia Delight has 60 seconds left.\n|inactive|arcaninesrules has 60 seconds left.\n|\n|t:|1683337525\n|start\n|switch|p1a: Gholdenjoe|Gholdengo, L50|100\/100\n|switch|p1b: Goblin|Annihilape, L50, M|100\/100\n|switch|p2a: Iron Hands|Iron Hands, L50|100\/100\n|switch|p2b: Chi-Yu|Chi-Yu, L50|100\/100\n|-ability|p2b: Chi-Yu|Beads of Ruin\n|turn|1\n|\n|t:|1683337541\n|-terastallize|p1a: Gholdenjoe|Water\n|move|p2b: Chi-Yu|Heat Wave|p1b: Goblin|[spread] p1b\n|-miss|p2b: Chi-Yu|p1a: Gholdenjoe\n|-damage|p1b: Goblin|33\/100\n|-enditem|p1b: Goblin|Sitrus Berry|[eat]\n|-heal|p1b: Goblin|58\/100|[from] item: Sitrus Berry\n|-damage|p2b: Chi-Yu|90\/100|[from] item: Life Orb\n|move|p1b: Goblin|Drain Punch|p2b: Chi-Yu\n|-supereffective|p2b: Chi-Yu\n|-damage|p2b: Chi-Yu|0 fnt\n|-heal|p1b: Goblin|86\/100|[from] drain|[of] p2b: Chi-Yu\n|faint|p2b: Chi-Yu\n|move|p1a: Gholdenjoe|Nasty Plot|p1a: Gholdenjoe\n|-boost|p1a: Gholdenjoe|spa|2\n|move|p2a: Iron Hands|Wild Charge|p1b: Goblin\n|-damage|p1b: Goblin|43\/100\n|-damage|p2a: Iron Hands|91\/100|[from] Recoil\n|\n|upkeep\n|\n|t:|1683337553\n|switch|p2b: Flutter Mane|Flutter Mane, L50|100\/100\n|-enditem|p2b: Flutter Mane|Booster Energy\n|-activate|p2b: Flutter Mane|ability: Protosynthesis|[fromitem]\n|-start|p2b: Flutter Mane|protosynthesisspe\n|turn|2\n|\n|t:|1683337577\n|switch|p1b: Maushold|Maushold, L50|100\/100\n|move|p2b: Flutter Mane|Protect|p2b: Flutter Mane\n|-singleturn|p2b: Flutter Mane|Protect\n|move|p1a: Gholdenjoe|Make It Rain|p2b: Flutter Mane|[spread] p2a\n|-activate|p2b: Flutter Mane|move: Protect\n|-resisted|p2a: Iron Hands\n|-damage|p2a: Iron Hands|68\/100\n|-unboost|p1a: Gholdenjoe|spa|1\n|move|p2a: Iron Hands|Wild Charge|p1a: Gholdenjoe\n|-supereffective|p1a: Gholdenjoe\n|-damage|p1a: Gholdenjoe|31\/100\n|-damage|p2a: Iron Hands|54\/100|[from] Recoil\n|\n|-heal|p1a: Gholdenjoe|37\/100|[from] item: Leftovers\n|upkeep\n|turn|3\n|\n|t:|1683337600\n|-end|p2b: Flutter Mane|Protosynthesis|[silent]\n|switch|p2b: Gyarados|Gyarados, L50, M|100\/100\n|-ability|p2b: Gyarados|Intimidate|boost\n|-unboost|p1a: Gholdenjoe|atk|1\n|-unboost|p1b: Maushold|atk|1\n|move|p1b: Maushold|Follow Me|p1b: Maushold\n|-singleturn|p1b: Maushold|move: Follow Me\n|move|p1a: Gholdenjoe|Make It Rain|p2b: Gyarados|[spread] p2a,p2b\n|-resisted|p2a: Iron Hands\n|-resisted|p2b: Gyarados\n|-damage|p2a: Iron Hands|37\/100\n|-damage|p2b: Gyarados|65\/100\n|-unboost|p1a: Gholdenjoe|spa|1\n|move|p2a: Iron Hands|Drain Punch|p1b: Maushold\n|-supereffective|p1b: Maushold\n|-crit|p1b: Maushold\n|-damage|p1b: Maushold|0 fnt\n|-heal|p2a: Iron Hands|73\/100|[from] drain|[of] p1b: Maushold\n|faint|p1b: Maushold\n|\n|-heal|p1a: Gholdenjoe|43\/100|[from] item: Leftovers\n|upkeep\n|\n|t:|1683337613\n|switch|p1b: Iron Bundle|Iron Bundle, L50, shiny|100\/100\n|turn|4\n|\n|t:|1683337627\n|switch|p1a: Goblin|Annihilape, L50, M|43\/100\n|-terastallize|p2b: Gyarados|Steel\n|move|p1b: Iron Bundle|Freeze-Dry|p2b: Gyarados\n|-resisted|p2b: Gyarados\n|-damage|p2b: Gyarados|50\/100\n|-status|p2b: Gyarados|frz\n|cant|p2b: Gyarados|frz\n|move|p2a: Iron Hands|Drain Punch|p1b: Iron Bundle\n|-supereffective|p1b: Iron Bundle\n|-damage|p1b: Iron Bundle|9\/100\n|-heal|p2a: Iron Hands|97\/100|[from] drain|[of] p1b: Iron Bundle\n|\n|upkeep\n|turn|5\n|\n|t:|1683337649\n|move|p1b: Iron Bundle|Icy Wind|p2b: Gyarados|[spread] p2a,p2b\n|-resisted|p2b: Gyarados\n|-damage|p2a: Iron Hands|88\/100\n|-damage|p2b: Gyarados|41\/100 frz\n|-unboost|p2a: Iron Hands|spe|1\n|-unboost|p2b: Gyarados|spe|1\n|move|p1a: Goblin|Bulk Up|p1a: Goblin\n|-boost|p1a: Goblin|atk|1\n|-boost|p1a: Goblin|def|1\n|cant|p2b: Gyarados|frz\n|move|p2a: Iron Hands|Wild Charge|p1a: Goblin\n|-damage|p1a: Goblin|12\/100\n|-damage|p2a: Iron Hands|81\/100|[from] Recoil\n|\n|upkeep\n|turn|6\n|\n|t:|1683337668\n|move|p1b: Iron Bundle|Icy Wind|p2b: Gyarados|[spread] p2a,p2b\n|-resisted|p2b: Gyarados\n|-damage|p2a: Iron Hands|71\/100\n|-damage|p2b: Gyarados|32\/100 frz\n|-unboost|p2a: Iron Hands|spe|1\n|-unboost|p2b: Gyarados|spe|1\n|move|p1a: Goblin|Rage Fist|p2a: Iron Hands\n|-damage|p2a: Iron Hands|0 fnt\n|faint|p2a: Iron Hands\n|-end|p2a: Iron Hands|Quark Drive|[silent]\n|cant|p2b: Gyarados|frz\n|\n|upkeep\n|\n|t:|1683337679\n|switch|p2a: Flutter Mane|Flutter Mane, L50|100\/100\n|turn|7\n|\n|t:|1683337698\n|move|p1b: Iron Bundle|Icy Wind|p2b: Gyarados|[spread] p2b\n|-miss|p1b: Iron Bundle|p2a: Flutter Mane\n|-resisted|p2b: Gyarados\n|-damage|p2b: Gyarados|22\/100 frz\n|-unboost|p2b: Gyarados|spe|1\n|move|p2a: Flutter Mane|Moonblast|p1a: Goblin\n|-supereffective|p1a: Goblin\n|-damage|p1a: Goblin|0 fnt\n|faint|p1a: Goblin\n|cant|p2b: Gyarados|frz\n|\n|upkeep\n|\n|t:|1683337702\n|switch|p1a: Gholdenjoe|Gholdengo, L50, tera:Water|43\/100\n|turn|8\n|\n|t:|1683337711\n|move|p1b: Iron Bundle|Icy Wind|p2a: Flutter Mane|[spread] p2a,p2b\n|-resisted|p2b: Gyarados\n|-damage|p2a: Flutter Mane|80\/100\n|-damage|p2b: Gyarados|13\/100 frz\n|-unboost|p2a: Flutter Mane|spe|1\n|-unboost|p2b: Gyarados|spe|1\n|move|p2a: Flutter Mane|Thunderbolt|p1a: Gholdenjoe\n|-supereffective|p1a: Gholdenjoe\n|-damage|p1a: Gholdenjoe|0 fnt\n|faint|p1a: Gholdenjoe\n|cant|p2b: Gyarados|frz\n|\n|upkeep\n|turn|9\n|inactive|Delicia Delight has 30 seconds left.\n|inactive|Delicia Delight has 20 seconds left.\n|-message|Delicia Delight forfeited.\n|\n|win|arcaninesrules\n|raw|Delicia Delight's rating: 1322 → 1303<\/strong> (-19 for losing)\n|raw|arcaninesrules's rating: 1338 → 1357<\/strong> (+19 for winning)\n|l|\u2606Delicia Delight\n","uploadtime":1683337755,"views":13,"p1id":"deliciadelight","p2id":"arcaninesrules","formatid":"gen9vgc2023regulationc","rating":1303,"private":0,"password":""}