{"id":"gen9vgc2023regulationc-1845708222","p1":"Cordero26","p2":"DrChocolateMD","format":"[Gen 9] VGC 2023 Regulation C","log":"|j|\u2606Cordero26\n|j|\u2606DrChocolateMD\n|t:|1681757352\n|gametype|doubles\n|player|p1|Cordero26|nate|1057\n|player|p2|DrChocolateMD|cyrus|1057\n|teamsize|p1|6\n|teamsize|p2|6\n|gen|9\n|tier|[Gen 9] VGC 2023 Regulation C\n|rated|\n|rule|Species Clause: Limit one of each Pok\u00e9mon\n|rule|Item Clause: Limit one of each item\n|clearpoke\n|poke|p1|Ting-Lu, L50|\n|poke|p1|Gyarados, L50, M|\n|poke|p1|Toedscruel, L50, M|\n|poke|p1|Volcarona, L50, M|\n|poke|p1|Indeedee-F, L50, F|\n|poke|p1|Murkrow, L50, F|\n|poke|p2|Ting-Lu, L50|\n|poke|p2|Gyarados, L50, F|\n|poke|p2|Orthworm, L50, M|\n|poke|p2|Dragonite, L50, F|\n|poke|p2|Annihilape, L50, M|\n|poke|p2|Maushold, L50|\n|teampreview|4\nDrChocolateMD rejected open team sheets.\n|\n|t:|1681757386\n|start\n|switch|p1a: Ting-Lu|Ting-Lu, L50|100\/100\n|switch|p1b: Indeedee|Indeedee-F, L50, F|100\/100\n|switch|p2a: Orthworm|Orthworm, L50, M|100\/100\n|switch|p2b: Ting-Lu|Ting-Lu, L50|100\/100\n|-fieldstart|move: Psychic Terrain|[from] ability: Psychic Surge|[of] p1b: Indeedee\n|-enditem|p1b: Indeedee|Psychic Seed\n|-boost|p1b: Indeedee|spd|1|[from] item: Psychic Seed\n|-ability|p2b: Ting-Lu|Vessel of Ruin\n|-ability|p1a: Ting-Lu|Vessel of Ruin\n|turn|1\n|inactive|Battle timer is ON: inactive players will automatically lose when time's up. (requested by Cordero26)\n|\n|t:|1681757411\n|switch|p1b: Gyarados|Gyarados, L50, M|100\/100\n|-ability|p1b: Gyarados|Intimidate|boost\n|-unboost|p2a: Orthworm|atk|1\n|-unboost|p2b: Ting-Lu|atk|1\n|move|p2b: Ting-Lu|Earthquake|p1a: Ting-Lu|[spread] p1a\n|-immune|p2a: Orthworm|[from] ability: Earth Eater\n|-immune|p1b: Gyarados\n|-damage|p1a: Ting-Lu|84\/100\n|move|p2a: Orthworm|Shed Tail|p2a: Orthworm\n|-start|p2a: Orthworm|Substitute|[from] move: Shed Tail\n|-damage|p2a: Orthworm|50\/100\n|-enditem|p2a: Orthworm|Sitrus Berry|[eat]\n|-heal|p2a: Orthworm|75\/100|[from] item: Sitrus Berry\n|\n|t:|1681757424\n|switch|p2a: Dragonite|Dragonite, L50, F|100\/100|[from] Shed Tail\n|move|p1a: Ting-Lu|Ruination|p2a: Dragonite\n|-end|p2a: Dragonite|Substitute\n|\n|upkeep\n|turn|2\n|\n|t:|1681757443\n|switch|p2a: Gyarados|Gyarados, L50, F|100\/100\n|-ability|p2a: Gyarados|Intimidate|boost\n|-unboost|p1a: Ting-Lu|atk|1\n|-unboost|p1b: Gyarados|atk|1\n|move|p1b: Gyarados|Waterfall|p2b: Ting-Lu\n|-supereffective|p2b: Ting-Lu\n|-damage|p2b: Ting-Lu|69\/100\n|move|p2b: Ting-Lu|Earthquake|p1b: Gyarados|[spread] p1a\n|-immune|p2a: Gyarados\n|-immune|p1b: Gyarados\n|-damage|p1a: Ting-Lu|68\/100\n|move|p1a: Ting-Lu|Zen Headbutt|p2a: Gyarados\n|-crit|p2a: Gyarados\n|-damage|p2a: Gyarados|56\/100\n|\n|upkeep\n|turn|3\n|\n|t:|1681757467\n|move|p1b: Gyarados|Helping Hand|p1a: Ting-Lu\n|-singleturn|p1a: Ting-Lu|Helping Hand|[of] p1b: Gyarados\n|move|p2a: Gyarados|Thunder Wave|p1b: Gyarados\n|-status|p1b: Gyarados|par\n|move|p2b: Ting-Lu|Earthquake|p1a: Ting-Lu|[spread] p1a\n|-immune|p2a: Gyarados\n|-immune|p1b: Gyarados\n|-damage|p1a: Ting-Lu|50\/100\n|move|p1a: Ting-Lu|Zen Headbutt|p2a: Gyarados\n|-damage|p2a: Gyarados|25\/100\n|\n|upkeep\n|turn|4\n|inactive|Cordero26 has 30 seconds left.\n|inactive|DrChocolateMD has 30 seconds left.\n|\n|t:|1681757494\n|switch|p2b: Orthworm|Orthworm, L50, M|75\/100\n|switch|p1a: Murkrow|Murkrow, L50, F|100\/100\n|move|p2a: Gyarados|Waterfall|p1a: Murkrow\n|-damage|p1a: Murkrow|35\/100\n|move|p1b: Gyarados|Thunder Wave|p2a: Gyarados\n|-status|p2a: Gyarados|par\n|\n|upkeep\n|turn|5\n|\n|t:|1681757515\n|move|p1a: Murkrow|Tailwind|p1a: Murkrow\n|-sidestart|p1: Cordero26|move: Tailwind\n|move|p1b: Gyarados|Waterfall|p2a: Gyarados\n|-resisted|p2a: Gyarados\n|-damage|p2a: Gyarados|13\/100 par\n|move|p2b: Orthworm|Shed Tail|p2b: Orthworm\n|-start|p2b: Orthworm|Substitute|[from] move: Shed Tail\n|-damage|p2b: Orthworm|25\/100\n|\n|t:|1681757522\n|switch|p2b: Dragonite|Dragonite, L50, F|100\/100|[from] Shed Tail\n|cant|p2a: Gyarados|flinch\n|\n|-fieldend|move: Psychic Terrain\n|upkeep\n|turn|6\n|inactive|Cordero26 has 30 seconds left.\n|\n|t:|1681757554\n|switch|p1a: Indeedee|Indeedee-F, L50, F|100\/100\n|-fieldstart|move: Psychic Terrain|[from] ability: Psychic Surge|[of] p1a: Indeedee\n|-terastallize|p2b: Dragonite|Flying\n|move|p1b: Gyarados|Waterfall|p2b: Dragonite\n|-activate|p2b: Dragonite|move: Substitute|[damage]\n|move|p2b: Dragonite|Dragon Dance|p2b: Dragonite\n|-boost|p2b: Dragonite|atk|1\n|-boost|p2b: Dragonite|spe|1\n|move|p2a: Gyarados|Waterfall|p1a: Indeedee\n|-damage|p1a: Indeedee|65\/100\n|\n|upkeep\n|turn|7\n|inactive|DrChocolateMD has 30 seconds left.\n|\n|t:|1681757582\n|switch|p2a: Orthworm|Orthworm, L50, M|25\/100\n|move|p1a: Indeedee|Helping Hand|p1b: Gyarados\n|-singleturn|p1b: Gyarados|Helping Hand|[of] p1a: Indeedee\n|move|p2b: Dragonite|Earthquake|p1a: Indeedee|[spread] p1a\n|-heal|p2a: Orthworm|50\/100|[from] ability: Earth Eater|[of] p2b: Dragonite\n|-immune|p1b: Gyarados\n|-damage|p1a: Indeedee|26\/100\n|move|p1b: Gyarados|Waterfall|p2a: Orthworm\n|-damage|p2a: Orthworm|24\/100\n|\n|upkeep\n|turn|8\n|\n|t:|1681757598\n|move|p1a: Indeedee|Helping Hand|p1b: Gyarados\n|-singleturn|p1b: Gyarados|Helping Hand|[of] p1a: Indeedee\n|move|p2b: Dragonite|Earthquake|p1a: Indeedee|[spread] p1a\n|-heal|p2a: Orthworm|49\/100|[from] ability: Earth Eater|[of] p2b: Dragonite\n|-immune|p1b: Gyarados\n|-crit|p1a: Indeedee\n|-damage|p1a: Indeedee|0 fnt\n|faint|p1a: Indeedee\n|cant|p1b: Gyarados|par\n|move|p2a: Orthworm|Iron Defense|p2a: Orthworm\n|-boost|p2a: Orthworm|def|2\n|\n|-sideend|p1: Cordero26|move: Tailwind\n|upkeep\n|\n|t:|1681757611\n|switch|p1a: Murkrow|Murkrow, L50, F|35\/100\n|turn|9\n|\n|t:|1681757631\n|move|p1a: Murkrow|Haze|p1a: Murkrow\n|-clearallboost\n|move|p2b: Dragonite|Tera Blast|p1a: Murkrow\n|-damage|p1a: Murkrow|0 fnt\n|faint|p1a: Murkrow\n|move|p2a: Orthworm|Iron Defense|p2a: Orthworm\n|-boost|p2a: Orthworm|def|2\n|cant|p1b: Gyarados|par\n|\n|upkeep\n|-message|Cordero26 forfeited.\n|\n|win|DrChocolateMD\n|raw|Cordero26's rating: 1057 → 1038<\/strong> (-19 for losing)\n|raw|DrChocolateMD's rating: 1057 → 1088<\/strong> (+31 for winning)\n|l|\u2606Cordero26\n","uploadtime":1681757645,"views":8,"p1id":"cordero26","p2id":"drchocolatemd","formatid":"gen9vgc2023regulationc","rating":1038,"private":0,"password":""}