{"id":"gen9vgc2023regulationc-1851815069","p1":"Tempest brute","p2":"michael langson","format":"[Gen 9] VGC 2023 Regulation C","log":"|j|\u2606Tempest brute\n|j|\u2606michael langson\n|t:|1682488708\n|gametype|doubles\n|player|p1|Tempest brute|veteran|\n|player|p2|michael langson|crasherwake|\n|teamsize|p1|5\n|teamsize|p2|6\n|gen|9\n|tier|[Gen 9] VGC 2023 Regulation C\n|rated|Tournament battle\n|rule|Species Clause: Limit one of each Pok\u00e9mon\n|rule|Item Clause: Limit one of each item\n|clearpoke\n|poke|p1|Ting-Lu, L50|\n|poke|p1|Roaring Moon, L50|\n|poke|p1|Klefki, L50, F|\n|poke|p1|Skeledirge, L50, M|\n|poke|p1|Iron Bundle, L50|\n|poke|p2|Tyranitar, L50, M|\n|poke|p2|Scream Tail, L50|\n|poke|p2|Gyarados, L50, F|\n|poke|p2|Ting-Lu, L50|\n|poke|p2|Orthworm, L50, F|\n|poke|p2|Flutter Mane, L50|\n|teampreview|4\n|raw| Open Team Sheet for Tempest brute<\/summary>Ting-Lu @ Leftovers Ability: Vessel of Ruin Level: 50 Tera Type: Water - Body Press - Throat Chop - Whirlwind - Protect Roaring Moon @ Booster Energy Ability: Protosynthesis Level: 50 Tera Type: Flying - Substitute - Acrobatics - Jaw Lock - Protect Klefki @ Light Clay Ability: Prankster Level: 50 Tera Type: Water - Reflect - Light Screen - Thunder Wave - Dazzling Gleam Skeledirge @ Sitrus Berry Ability: Unaware Level: 50 Tera Type: Fairy - Will-O-Wisp - Torch Song - Shadow Ball - Slack Off Iron Bundle @ Safety Goggles Ability: Quark Drive Level: 50 Tera Type: Poison - Hydro Pump - Freeze-Dry - Flip Turn - Protect <\/details><\/div> Open Team Sheet for michael langson<\/summary>giga2 (Tyranitar) @ Choice Scarf Ability: Sand Stream Level: 50 Shiny: Yes Tera Type: Flying - Rock Slide - Brick Break - Tera Blast - Earthquake hi-jinx (Scream Tail) @ Booster Energy Ability: Protosynthesis Level: 50 Tera Type: Steel - Howl - Play Rough - Thunder Wave - Protect slime (Gyarados) @ Lum Berry Ability: Intimidate Level: 50 Tera Type: Ground - Waterfall - Earthquake - Dragon Dance - Protect deer of bowl (Ting-Lu) @ Leftovers Ability: Vessel of Ruin Level: 50 Tera Type: Grass - Bulldoze - Stomping Tantrum - Ruination - Protect corey (Orthworm) @ Sitrus Berry Ability: Earth Eater Level: 50 Tera Type: Poison - Shed Tail - Iron Defense - Heavy Slam - Body Press blu (Flutter Mane) @ Choice Specs Ability: Protosynthesis Level: 50 Tera Type: Fairy - Moonblast - Dazzling Gleam - Hex - Mystical Fire <\/details><\/div>\n|j| Wottl3y\n|j| bigtibba\n|j| DefiAntVGC\n|j| metropegao\n|\n|t:|1682488777\n|start\n|switch|p1a: Klefki|Klefki, L50, F|100\/100\n|switch|p1b: Skeledirge|Skeledirge, L50, M|100\/100\n|switch|p2a: hi-jinx|Scream Tail, L50|100\/100\n|switch|p2b: corey|Orthworm, L50, F|100\/100\n|-enditem|p2a: hi-jinx|Booster Energy\n|-activate|p2a: hi-jinx|ability: Protosynthesis|[fromitem]\n|-start|p2a: hi-jinx|protosynthesisspe\n|turn|1\n|j| w0wells\n|j| fissure all skill\n|\n|t:|1682488821\n|move|p1a: Klefki|Reflect|p1a: Klefki\n|-sidestart|p1: Tempest brute|Reflect\n|move|p2a: hi-jinx|Thunder Wave|p1b: Skeledirge\n|-status|p1b: Skeledirge|par\n|move|p2b: corey|Shed Tail|p2b: corey\n|-start|p2b: corey|Substitute|[from] move: Shed Tail\n|-damage|p2b: corey|50\/100\n|-enditem|p2b: corey|Sitrus Berry|[eat]\n|-heal|p2b: corey|75\/100|[from] item: Sitrus Berry\n|j| EUIC Motivation\n|\n|t:|1682488833\n|switch|p2b: deer of bowl|Ting-Lu, L50|100\/100|[from] Shed Tail\n|-ability|p2b: deer of bowl|Vessel of Ruin\n|cant|p1b: Skeledirge|par\n|\n|upkeep\n|turn|2\n|\n|t:|1682488846\n|switch|p1b: Ting-Lu|Ting-Lu, L50|100\/100\n|-ability|p1b: Ting-Lu|Vessel of Ruin\n|move|p1a: Klefki|Thunder Wave|p2a: hi-jinx\n|-status|p2a: hi-jinx|par\n|move|p2a: hi-jinx|Thunder Wave|p1a: Klefki\n|-status|p1a: Klefki|par\n|move|p2b: deer of bowl|Ruination|p1b: Ting-Lu\n|-damage|p1b: Ting-Lu|51\/100\n|\n|-heal|p1b: Ting-Lu|57\/100|[from] item: Leftovers\n|upkeep\n|turn|3\n|\n|t:|1682488873\n|move|p1a: Klefki|Light Screen|p1a: Klefki\n|-sidestart|p1: Tempest brute|move: Light Screen\n|move|p2a: hi-jinx|Play Rough|p1b: Ting-Lu|[miss]\n|-miss|p2a: hi-jinx|p1b: Ting-Lu\n|move|p2b: deer of bowl|Ruination|p1a: Klefki\n|-damage|p1a: Klefki|50\/100 par\n|move|p1b: Ting-Lu|Whirlwind|p2b: deer of bowl\n|drag|p2b: giga2|Tyranitar, L50, M, shiny|100\/100\n|-weather|Sandstorm|[from] ability: Sand Stream|[of] p2b: giga2\n|\n|-weather|Sandstorm|[upkeep]\n|-damage|p2a: hi-jinx|95\/100 par|[from] Sandstorm\n|-heal|p1b: Ting-Lu|63\/100|[from] item: Leftovers\n|upkeep\n|turn|4\n|\n|t:|1682488893\n|switch|p1a: Skeledirge|Skeledirge, L50, M|100\/100 par\n|move|p1b: Ting-Lu|Protect|p1b: Ting-Lu\n|-singleturn|p1b: Ting-Lu|Protect\n|move|p2b: giga2|Brick Break|p1a: Skeledirge\n|-immune|p1a: Skeledirge\n|move|p2a: hi-jinx|Howl|p2a: hi-jinx|[spread] p2a,p2b\n|-boost|p2a: hi-jinx|atk|1\n|-boost|p2b: giga2|atk|1\n|\n|-weather|Sandstorm|[upkeep]\n|-damage|p2a: hi-jinx|89\/100 par|[from] Sandstorm\n|-damage|p1a: Skeledirge|94\/100 par|[from] Sandstorm\n|-heal|p1b: Ting-Lu|69\/100|[from] item: Leftovers\n|upkeep\n|turn|5\n|\n|t:|1682488909\n|move|p2b: giga2|Brick Break|p1b: Ting-Lu\n|-sideend|p1: Tempest brute|Reflect\n|-sideend|p1: Tempest brute|move: Light Screen\n|-supereffective|p1b: Ting-Lu\n|-damage|p1b: Ting-Lu|29\/100\n|move|p2a: hi-jinx|Howl|p2a: hi-jinx|[spread] p2a,p2b\n|-boost|p2a: hi-jinx|atk|1\n|-boost|p2b: giga2|atk|1\n|move|p1b: Ting-Lu|Body Press|p2b: giga2\n|-supereffective|p2b: giga2\n|-damage|p2b: giga2|4\/100\n|move|p1a: Skeledirge|Will-O-Wisp|p2b: giga2\n|-status|p2b: giga2|brn\n|\n|-weather|Sandstorm|[upkeep]\n|-damage|p2a: hi-jinx|83\/100 par|[from] Sandstorm\n|-damage|p1a: Skeledirge|88\/100 par|[from] Sandstorm\n|-heal|p1b: Ting-Lu|35\/100|[from] item: Leftovers\n|-damage|p2b: giga2|0 fnt|[from] brn\n|faint|p2b: giga2\n|upkeep\n|\n|t:|1682488930\n|switch|p2b: deer of bowl|Ting-Lu, L50|100\/100\n|-ability|p2b: deer of bowl|Vessel of Ruin\n|turn|6\n|\n|t:|1682488938\n|-end|p2a: hi-jinx|Protosynthesis|[silent]\n|switch|p2a: corey|Orthworm, L50, F|75\/100\n|switch|p1b: Klefki|Klefki, L50, F|50\/100 par\n|move|p2b: deer of bowl|Bulldoze|p1a: Skeledirge|[spread] p1a,p1b\n|-heal|p2a: corey|99\/100|[from] ability: Earth Eater|[of] p2b: deer of bowl\n|-supereffective|p1a: Skeledirge\n|-supereffective|p1b: Klefki\n|-damage|p1a: Skeledirge|62\/100 par\n|-damage|p1b: Klefki|16\/100 par\n|-unboost|p1a: Skeledirge|spe|1\n|-unboost|p1b: Klefki|spe|1\n|move|p1a: Skeledirge|Will-O-Wisp|p2b: deer of bowl\n|-status|p2b: deer of bowl|brn\n|\n|-weather|Sandstorm|[upkeep]\n|-damage|p1a: Skeledirge|55\/100 par|[from] Sandstorm\n|-damage|p2b: deer of bowl|94\/100 brn|[from] brn\n|upkeep\n|turn|7\n|j| Topperlecat\n|\n|t:|1682488957\n|move|p1b: Klefki|Reflect|p1b: Klefki\n|-sidestart|p1: Tempest brute|Reflect\n|move|p2a: corey|Iron Defense|p2a: corey\n|-boost|p2a: corey|def|2\n|move|p2b: deer of bowl|Ruination|p1a: Skeledirge\n|-damage|p1a: Skeledirge|28\/100 par\n|-enditem|p1a: Skeledirge|Sitrus Berry|[eat]\n|-heal|p1a: Skeledirge|53\/100 par|[from] item: Sitrus Berry\n|move|p1a: Skeledirge|Torch Song|p2a: corey\n|-supereffective|p2a: corey\n|-damage|p2a: corey|49\/100\n|-boost|p1a: Skeledirge|spa|1\n|\n|-weather|none\n|-heal|p2b: deer of bowl|100\/100 brn|[from] item: Leftovers\n|-damage|p2b: deer of bowl|94\/100 brn|[from] brn\n|upkeep\n|turn|8\n|j| Sessapinae\n|\n|t:|1682488981\n|-terastallize|p2a: corey|Poison\n|move|p1b: Klefki|Thunder Wave|p2a: corey|[miss]\n|-miss|p1b: Klefki|p2a: corey\n|move|p2a: corey|Body Press|p1b: Klefki\n|-damage|p1b: Klefki|0 fnt\n|faint|p1b: Klefki\n|move|p2b: deer of bowl|Bulldoze|p1a: Skeledirge|[spread] p1a\n|-heal|p2a: corey|74\/100|[from] ability: Earth Eater|[of] p2b: deer of bowl\n|-supereffective|p1a: Skeledirge\n|-damage|p1a: Skeledirge|44\/100 par\n|-unboost|p1a: Skeledirge|spe|1\n|cant|p1a: Skeledirge|par\n|\n|-heal|p2b: deer of bowl|100\/100 brn|[from] item: Leftovers\n|-damage|p2b: deer of bowl|94\/100 brn|[from] brn\n|upkeep\n|\n|t:|1682488986\n|switch|p1b: Iron Bundle|Iron Bundle, L50|100\/100\n|turn|9\n|\n|t:|1682489005\n|move|p1b: Iron Bundle|Protect|p1b: Iron Bundle\n|-singleturn|p1b: Iron Bundle|Protect\n|move|p2a: corey|Body Press|p1b: Iron Bundle\n|-activate|p1b: Iron Bundle|move: Protect\n|move|p2b: deer of bowl|Bulldoze|p1b: Iron Bundle|[spread] p1a\n|-activate|p1b: Iron Bundle|move: Protect\n|-heal|p2a: corey|99\/100|[from] ability: Earth Eater|[of] p2b: deer of bowl\n|-supereffective|p1a: Skeledirge\n|-damage|p1a: Skeledirge|35\/100 par\n|-unboost|p1a: Skeledirge|spe|1\n|cant|p1a: Skeledirge|par\n|\n|-heal|p2b: deer of bowl|100\/100 brn|[from] item: Leftovers\n|-damage|p2b: deer of bowl|94\/100 brn|[from] brn\n|upkeep\n|turn|10\n|\n|t:|1682489022\n|-terastallize|p1b: Iron Bundle|Poison\n|move|p1b: Iron Bundle|Hydro Pump|p2a: corey|[miss]\n|-miss|p1b: Iron Bundle|p2a: corey\n|move|p2a: corey|Body Press|p1b: Iron Bundle\n|-resisted|p1b: Iron Bundle\n|-damage|p1b: Iron Bundle|85\/100\n|move|p2b: deer of bowl|Bulldoze|p1b: Iron Bundle|[spread] p1a,p1b\n|-heal|p2a: corey|100\/100|[from] ability: Earth Eater|[of] p2b: deer of bowl\n|-supereffective|p1a: Skeledirge\n|-supereffective|p1b: Iron Bundle\n|-damage|p1a: Skeledirge|26\/100 par\n|-damage|p1b: Iron Bundle|74\/100\n|-unboost|p1a: Skeledirge|spe|1\n|-unboost|p1b: Iron Bundle|spe|1\n|move|p1a: Skeledirge|Slack Off|p1a: Skeledirge\n|-heal|p1a: Skeledirge|76\/100 par\n|\n|-heal|p2b: deer of bowl|100\/100 brn|[from] item: Leftovers\n|-damage|p2b: deer of bowl|94\/100 brn|[from] brn\n|upkeep\n|turn|11\n|l| Topperlecat\n|j| Topperlecat\n|l| Topperlecat\n|\n|t:|1682489046\n|move|p1b: Iron Bundle|Protect|p1b: Iron Bundle\n|-singleturn|p1b: Iron Bundle|Protect\n|move|p2a: corey|Heavy Slam|p1b: Iron Bundle\n|-activate|p1b: Iron Bundle|move: Protect\n|move|p2b: deer of bowl|Ruination|p1a: Skeledirge|[miss]\n|-miss|p2b: deer of bowl|p1a: Skeledirge\n|cant|p1a: Skeledirge|par\n|\n|-heal|p2b: deer of bowl|100\/100 brn|[from] item: Leftovers\n|-damage|p2b: deer of bowl|94\/100 brn|[from] brn\n|upkeep\n|turn|12\n|\n|t:|1682489057\n|move|p1b: Iron Bundle|Flip Turn|p2b: deer of bowl\n|-supereffective|p2b: deer of bowl\n|-damage|p2b: deer of bowl|76\/100 brn\n|\n|t:|1682489061\n|-end|p1b: Iron Bundle|Quark Drive|[silent]\n|switch|p1b: Ting-Lu|Ting-Lu, L50|35\/100|[from] Flip Turn\n|-ability|p1b: Ting-Lu|Vessel of Ruin\n|move|p2a: corey|Heavy Slam|p1b: Ting-Lu\n|-crit|p1b: Ting-Lu\n|-damage|p1b: Ting-Lu|26\/100\n|move|p2b: deer of bowl|Stomping Tantrum|p1b: Ting-Lu\n|-damage|p1b: Ting-Lu|17\/100\n|move|p1a: Skeledirge|Will-O-Wisp|p2a: corey|[miss]\n|-miss|p1a: Skeledirge|p2a: corey\n|\n|-heal|p2b: deer of bowl|82\/100 brn|[from] item: Leftovers\n|-heal|p1b: Ting-Lu|23\/100|[from] item: Leftovers\n|-damage|p2b: deer of bowl|76\/100 brn|[from] brn\n|upkeep\n|turn|13\n|c|\u2606Tempest brute|ok\n|\n|t:|1682489083\n|move|p1b: Ting-Lu|Protect|p1b: Ting-Lu\n|-singleturn|p1b: Ting-Lu|Protect\n|move|p2a: corey|Body Press|p1b: Ting-Lu\n|-activate|p1b: Ting-Lu|move: Protect\n|move|p2b: deer of bowl|Ruination|p1a: Skeledirge\n|-damage|p1a: Skeledirge|38\/100 par\n|move|p1a: Skeledirge|Will-O-Wisp|p2a: corey\n|-status|p2a: corey|brn\n|\n|-heal|p2b: deer of bowl|82\/100 brn|[from] item: Leftovers\n|-heal|p1b: Ting-Lu|29\/100|[from] item: Leftovers\n|-damage|p2a: corey|94\/100 brn|[from] brn\n|-damage|p2b: deer of bowl|76\/100 brn|[from] brn\n|upkeep\n|turn|14\n|\n|t:|1682489098\n|move|p2a: corey|Body Press|p1b: Ting-Lu\n|-supereffective|p1b: Ting-Lu\n|-damage|p1b: Ting-Lu|14\/100\n|move|p1b: Ting-Lu|Body Press|p2b: deer of bowl\n|-supereffective|p2b: deer of bowl\n|-damage|p2b: deer of bowl|47\/100 brn\n|move|p2b: deer of bowl|Bulldoze|p1a: Skeledirge|[spread] p1a,p1b\n|-heal|p2a: corey|100\/100 brn|[from] ability: Earth Eater|[of] p2b: deer of bowl\n|-supereffective|p1a: Skeledirge\n|-damage|p1a: Skeledirge|29\/100 par\n|-damage|p1b: Ting-Lu|10\/100\n|-unboost|p1a: Skeledirge|spe|1\n|-unboost|p1b: Ting-Lu|spe|1\n|move|p1a: Skeledirge|Slack Off|p1a: Skeledirge\n|-heal|p1a: Skeledirge|80\/100 par\n|\n|-heal|p2b: deer of bowl|53\/100 brn|[from] item: Leftovers\n|-heal|p1b: Ting-Lu|17\/100|[from] item: Leftovers\n|-damage|p2a: corey|94\/100 brn|[from] brn\n|-damage|p2b: deer of bowl|47\/100 brn|[from] brn\n|-sideend|p1: Tempest brute|Reflect\n|upkeep\n|turn|15\n|j| Topperlecat\n|\n|t:|1682489129\n|move|p1b: Ting-Lu|Protect|p1b: Ting-Lu\n|-singleturn|p1b: Ting-Lu|Protect\n|move|p2a: corey|Body Press|p1b: Ting-Lu\n|-activate|p1b: Ting-Lu|move: Protect\n|move|p2b: deer of bowl|Bulldoze|p1a: Skeledirge|[spread] p1a\n|-activate|p1b: Ting-Lu|move: Protect\n|-heal|p2a: corey|100\/100 brn|[from] ability: Earth Eater|[of] p2b: deer of bowl\n|-supereffective|p1a: Skeledirge\n|-damage|p1a: Skeledirge|67\/100 par\n|-unboost|p1a: Skeledirge|spe|1\n|move|p1a: Skeledirge|Torch Song|p2b: deer of bowl\n|-damage|p2b: deer of bowl|28\/100 brn\n|-boost|p1a: Skeledirge|spa|1\n|\n|-heal|p2b: deer of bowl|34\/100 brn|[from] item: Leftovers\n|-heal|p1b: Ting-Lu|23\/100|[from] item: Leftovers\n|-damage|p2a: corey|94\/100 brn|[from] brn\n|-damage|p2b: deer of bowl|28\/100 brn|[from] brn\n|upkeep\n|turn|16\n|\n|t:|1682489148\n|switch|p1b: Iron Bundle|Iron Bundle, L50, tera:Poison|74\/100\n|move|p2b: deer of bowl|Protect|p2b: deer of bowl\n|-singleturn|p2b: deer of bowl|Protect\n|move|p2a: corey|Body Press|p1b: Iron Bundle\n|-resisted|p1b: Iron Bundle\n|-damage|p1b: Iron Bundle|61\/100\n|move|p1a: Skeledirge|Slack Off|p1a: Skeledirge\n|-heal|p1a: Skeledirge|100\/100 par\n|\n|-heal|p2b: deer of bowl|34\/100 brn|[from] item: Leftovers\n|-damage|p2a: corey|88\/100 brn|[from] brn\n|-damage|p2b: deer of bowl|28\/100 brn|[from] brn\n|upkeep\n|turn|17\n|\n|t:|1682489164\n|move|p1b: Iron Bundle|Hydro Pump|p2b: deer of bowl\n|-supereffective|p2b: deer of bowl\n|-damage|p2b: deer of bowl|0 fnt\n|faint|p2b: deer of bowl\n|move|p2a: corey|Iron Defense|p2a: corey\n|-boost|p2a: corey|def|2\n|move|p1a: Skeledirge|Torch Song|p2a: corey\n|-damage|p2a: corey|24\/100 brn\n|-boost|p1a: Skeledirge|spa|1\n|\n|-damage|p2a: corey|17\/100 brn|[from] brn\n|upkeep\n|\n|t:|1682489172\n|switch|p2b: hi-jinx|Scream Tail, L50|83\/100 par\n|turn|18\n|c|\u2606michael langson|im v bad\n|\n|t:|1682489183\n|move|p1b: Iron Bundle|Freeze-Dry|p2a: corey\n|-damage|p2a: corey|0 fnt\n|faint|p2a: corey\n|move|p2b: hi-jinx|Thunder Wave|p1b: Iron Bundle\n|-status|p1b: Iron Bundle|par\n|move|p1a: Skeledirge|Shadow Ball|p2b: hi-jinx\n|-supereffective|p2b: hi-jinx\n|-damage|p2b: hi-jinx|0 fnt\n|faint|p2b: hi-jinx\n|-end|p2b: hi-jinx|Protosynthesis|[silent]\n|\n|win|Tempest brute\n|n|\u2606Tempest brute|tempestbrute\n|n|\u2606michael langson|michaellangson\n|n| Wottl3y|wottl3y\n|n| bigtibba|bigtibba\n|n| DefiAntVGC|defiantvgc\n|n| metropegao|metropegao\n|n| w0wells|w0wells\n|n| fissure all skill|fissureallskill\n|n| EUIC Motivation|euicmotivation\n|n| Sessapinae|sessapinae\n|n| Topperlecat|topperlecat\n|c|\u2606Tempest brute|nah you go to finals\n|l|\u2606michael langson\n|l| Topperlecat\n|c|\u2606Tempest brute|and gave me abig run for my money\n|l| DefiAntVGC\n|l| Wottl3y\n|j| Topperlecat\n|l| Topperlecat\n|j| Topperlecat\n|j| PixelMaster98146\n","uploadtime":1682489184,"views":20,"p1id":"tempestbrute","p2id":"michaellangson","formatid":"gen9vgc2023regulationc","rating":0,"private":0,"password":""}