{"id":"gen9vgc2023regulationc-1852441061","p1":"Blastoise Farted","p2":"anshar_training","format":"[Gen 9] VGC 2023 Regulation C","log":"|j|\u2606Blastoise Farted\n|j|\u2606anshar_training\n|t:|1682557981\n|gametype|doubles\n|player|p1|Blastoise Farted|pokefan-gen4|1093\n|player|p2|anshar_training|colress|1178\n|teamsize|p1|4\n|teamsize|p2|6\n|gen|9\n|tier|[Gen 9] VGC 2023 Regulation C\n|rated|\n|rule|Species Clause: Limit one of each Pok\u00e9mon\n|rule|Item Clause: Limit one of each item\n|clearpoke\n|poke|p1|Arcanine, L50, F|\n|poke|p1|Florges, L50, F|\n|poke|p1|Ceruledge, L50, M|\n|poke|p1|Arboliva, L50, F|\n|poke|p2|Palafin, L50, M|\n|poke|p2|Flutter Mane, L50|\n|poke|p2|Arcanine, L50, M|\n|poke|p2|Amoonguss, L50, F|\n|poke|p2|Ting-Lu, L50|\n|poke|p2|Roaring Moon, L50|\n|teampreview|4\n|\n|t:|1682558008\n|start\n|switch|p1a: Arboliva|Arboliva, L50, F|100\/100\n|switch|p1b: Arcanine|Arcanine, L50, F|100\/100\n|switch|p2a: PlusUltra|Palafin, L50, M|100\/100\n|switch|p2b: Cornelia|Flutter Mane, L50|100\/100\n|-ability|p1b: Arcanine|Intimidate|boost\n|-unboost|p2a: PlusUltra|atk|1\n|-unboost|p2b: Cornelia|atk|1\n|turn|1\n|\n|t:|1682558052\n|move|p2a: PlusUltra|Protect|p2a: PlusUltra\n|-singleturn|p2a: PlusUltra|Protect\n|move|p2b: Cornelia|Dazzling Gleam|p1a: Arboliva|[spread] p1a,p1b\n|-resisted|p1b: Arcanine\n|-damage|p1a: Arboliva|73\/100\n|-damage|p1b: Arcanine|79\/100\n|-fieldstart|move: Grassy Terrain|[from] ability: Seed Sower|[of] p1a: Arboliva\n|move|p1b: Arcanine|Flare Blitz|p2b: Cornelia\n|-damage|p2b: Cornelia|17\/100\n|-damage|p1b: Arcanine|59\/100|[from] Recoil\n|move|p1a: Arboliva|Earth Power|p2b: Cornelia\n|-damage|p2b: Cornelia|0 fnt\n|faint|p2b: Cornelia\n|-end|p2b: Cornelia|Protosynthesis|[silent]\n|\n|-heal|p1b: Arcanine|65\/100|[from] Grassy Terrain\n|-heal|p1a: Arboliva|79\/100|[from] Grassy Terrain\n|upkeep\n|\n|t:|1682558068\n|switch|p2b: Good Soup|Ting-Lu, L50|100\/100\n|-ability|p2b: Good Soup|Vessel of Ruin\n|turn|2\n|\n|t:|1682558085\n|detailschange|p2a: PlusUltra|Palafin-Hero, L50, M\n|switch|p2a: Susy|Amoonguss, L50, F|100\/100\n|-terastallize|p2b: Good Soup|Poison\n|move|p1b: Arcanine|Will-O-Wisp|p2a: Susy\n|-status|p2a: Susy|brn\n|move|p2b: Good Soup|Stomping Tantrum|p1b: Arcanine\n|-supereffective|p1b: Arcanine\n|-damage|p1b: Arcanine|0 fnt\n|faint|p1b: Arcanine\n|move|p1a: Arboliva|Energy Ball|p2b: Good Soup\n|-resisted|p2b: Good Soup\n|-damage|p2b: Good Soup|88\/100\n|\n|-heal|p2b: Good Soup|94\/100|[from] Grassy Terrain\n|-heal|p1a: Arboliva|85\/100|[from] Grassy Terrain\n|-damage|p2a: Susy|95\/100 brn|[from] brn\n|upkeep\n|\n|t:|1682558106\n|switch|p1b: Florges|Florges, L50, F, shiny|100\/100\n|turn|3\n|\n|t:|1682558139\n|-terastallize|p1b: Florges|Grass\n|move|p2a: Susy|Protect|p2a: Susy\n|-singleturn|p2a: Susy|Protect\n|move|p1b: Florges|Calm Mind|p1b: Florges\n|-boost|p1b: Florges|spa|1\n|-boost|p1b: Florges|spd|1\n|move|p2b: Good Soup|Ruination|p1b: Florges\n|-damage|p1b: Florges|51\/100\n|move|p1a: Arboliva|Earth Power|p2b: Good Soup\n|-supereffective|p2b: Good Soup\n|-damage|p2b: Good Soup|69\/100\n|\n|-heal|p1b: Florges|57\/100|[from] Grassy Terrain\n|-heal|p1b: Florges|63\/100|[from] item: Leftovers\n|-heal|p2b: Good Soup|75\/100|[from] Grassy Terrain\n|-heal|p1a: Arboliva|91\/100|[from] Grassy Terrain\n|-heal|p2a: Susy|100\/100 brn|[from] Grassy Terrain\n|-damage|p2a: Susy|95\/100 brn|[from] brn\n|upkeep\n|turn|4\n|\n|t:|1682558167\n|move|p1b: Florges|Calm Mind|p1b: Florges\n|-boost|p1b: Florges|spa|1\n|-boost|p1b: Florges|spd|1\n|move|p2b: Good Soup|Heavy Slam|p1b: Florges\n|-damage|p1b: Florges|17\/100\n|move|p1a: Arboliva|Pollen Puff|p1b: Florges\n|-heal|p1b: Florges|66\/100\n|move|p2a: Susy|Pollen Puff|p1b: Florges\n|-supereffective|p1b: Florges\n|-damage|p1b: Florges|59\/100\n|\n|-heal|p1b: Florges|65\/100|[from] Grassy Terrain\n|-heal|p1b: Florges|71\/100|[from] item: Leftovers\n|-heal|p2b: Good Soup|81\/100|[from] Grassy Terrain\n|-heal|p1a: Arboliva|97\/100|[from] Grassy Terrain\n|-heal|p2a: Susy|100\/100 brn|[from] Grassy Terrain\n|-damage|p2a: Susy|95\/100 brn|[from] brn\n|upkeep\n|turn|5\n|\n|t:|1682558196\n|move|p1b: Florges|Chilling Water|p2b: Good Soup\n|-damage|p2b: Good Soup|71\/100\n|-unboost|p2b: Good Soup|atk|1\n|move|p2b: Good Soup|Heavy Slam|p1b: Florges\n|-damage|p1b: Florges|39\/100\n|move|p1a: Arboliva|Pollen Puff|p1b: Florges\n|-heal|p1b: Florges|89\/100\n|move|p2a: Susy|Pollen Puff|p1b: Florges\n|-supereffective|p1b: Florges\n|-damage|p1b: Florges|81\/100\n|\n|-heal|p1b: Florges|87\/100|[from] Grassy Terrain\n|-heal|p1b: Florges|93\/100|[from] item: Leftovers\n|-heal|p2b: Good Soup|77\/100|[from] Grassy Terrain\n|-heal|p1a: Arboliva|100\/100|[from] Grassy Terrain\n|-heal|p2a: Susy|100\/100 brn|[from] Grassy Terrain\n|-damage|p2a: Susy|95\/100 brn|[from] brn\n|-fieldend|move: Grassy Terrain\n|upkeep\n|turn|6\n|inactive|Battle timer is ON: inactive players will automatically lose when time's up. (requested by anshar_training)\n|\n|t:|1682558254\n|move|p1b: Florges|Giga Drain|p2a: Susy\n|-resisted|p2a: Susy\n|-damage|p2a: Susy|85\/100 brn\n|-heal|p1b: Florges|99\/100|[from] drain|[of] p2a: Susy\n|move|p2b: Good Soup|Heavy Slam|p1a: Arboliva\n|-damage|p1a: Arboliva|75\/100\n|-fieldstart|move: Grassy Terrain|[from] ability: Seed Sower|[of] p1a: Arboliva\n|move|p1a: Arboliva|Earth Power|p2a: Susy\n|-damage|p2a: Susy|64\/100 brn\n|move|p2a: Susy|Pollen Puff|p1a: Arboliva\n|-supereffective|p1a: Arboliva\n|-damage|p1a: Arboliva|57\/100\n|\n|-heal|p1b: Florges|100\/100|[from] Grassy Terrain\n|-heal|p2b: Good Soup|83\/100|[from] Grassy Terrain\n|-heal|p1a: Arboliva|63\/100|[from] Grassy Terrain\n|-heal|p2a: Susy|69\/100 brn|[from] Grassy Terrain\n|-damage|p2a: Susy|64\/100 brn|[from] brn\n|upkeep\n|turn|7\n|inactive|Blastoise Farted has 30 seconds left.\n|inactive|anshar_training has 30 seconds left.\n|inactive|Blastoise Farted has 20 seconds left.\n|\n|t:|1682558290\n|move|p1b: Florges|Draining Kiss|p2b: Good Soup\n|-resisted|p2b: Good Soup\n|-damage|p2b: Good Soup|75\/100\n|move|p2b: Good Soup|Ruination|p1a: Arboliva\n|-damage|p1a: Arboliva|32\/100\n|move|p1a: Arboliva|Earth Power|p2b: Good Soup\n|-supereffective|p2b: Good Soup\n|-damage|p2b: Good Soup|51\/100\n|move|p2a: Susy|Pollen Puff|p1a: Arboliva\n|-supereffective|p1a: Arboliva\n|-damage|p1a: Arboliva|13\/100\n|\n|-heal|p2b: Good Soup|57\/100|[from] Grassy Terrain\n|-heal|p1a: Arboliva|19\/100|[from] Grassy Terrain\n|-heal|p2a: Susy|69\/100 brn|[from] Grassy Terrain\n|-damage|p2a: Susy|64\/100 brn|[from] brn\n|upkeep\n|turn|8\n|inactive|anshar_training has 30 seconds left.\n|\n|t:|1682558320\n|move|p1b: Florges|Calm Mind|p1b: Florges\n|-boost|p1b: Florges|spa|1\n|-boost|p1b: Florges|spd|1\n|move|p2b: Good Soup|Ruination|p1a: Arboliva\n|-damage|p1a: Arboliva|10\/100\n|move|p1a: Arboliva|Earth Power|p2b: Good Soup\n|-supereffective|p2b: Good Soup\n|-damage|p2b: Good Soup|34\/100\n|move|p2a: Susy|Pollen Puff|p1a: Arboliva\n|-supereffective|p1a: Arboliva\n|-damage|p1a: Arboliva|0 fnt\n|faint|p1a: Arboliva\n|\n|-heal|p2b: Good Soup|40\/100|[from] Grassy Terrain\n|-heal|p2a: Susy|69\/100 brn|[from] Grassy Terrain\n|-damage|p2a: Susy|64\/100 brn|[from] brn\n|upkeep\n|\n|t:|1682558340\n|switch|p1a: Ceruledge|Ceruledge, L50, M, shiny|100\/100\n|turn|9\n|\n|t:|1682558354\n|move|p1a: Ceruledge|Protect|p1a: Ceruledge\n|-singleturn|p1a: Ceruledge|Protect\n|move|p2a: Susy|Rage Powder|p2a: Susy\n|-singleturn|p2a: Susy|move: Rage Powder\n|move|p1b: Florges|Giga Drain|p2b: Good Soup\n|-resisted|p2b: Good Soup\n|-damage|p2b: Good Soup|24\/100\n|move|p2b: Good Soup|Stomping Tantrum|p1a: Ceruledge\n|-activate|p1a: Ceruledge|move: Protect\n|\n|-heal|p2b: Good Soup|29\/100|[from] Grassy Terrain\n|-heal|p2a: Susy|69\/100 brn|[from] Grassy Terrain\n|-damage|p2a: Susy|64\/100 brn|[from] brn\n|upkeep\n|turn|10\n|inactive|Blastoise Farted has 30 seconds left.\n|\n|t:|1682558382\n|move|p1a: Ceruledge|Bulk Up|p1a: Ceruledge\n|-boost|p1a: Ceruledge|atk|1\n|-boost|p1a: Ceruledge|def|1\n|move|p1b: Florges|Chilling Water|p2b: Good Soup\n|-damage|p2b: Good Soup|18\/100\n|-unboost|p2b: Good Soup|atk|1\n|move|p2b: Good Soup|Stomping Tantrum|p1a: Ceruledge\n|-supereffective|p1a: Ceruledge\n|-damage|p1a: Ceruledge|73\/100\n|move|p2a: Susy|Spore|p1a: Ceruledge\n|-activate|p1a: Ceruledge|item: Safety Goggles|Spore\n|\n|-heal|p1a: Ceruledge|79\/100|[from] Grassy Terrain\n|-heal|p2b: Good Soup|24\/100|[from] Grassy Terrain\n|-heal|p2a: Susy|69\/100 brn|[from] Grassy Terrain\n|-damage|p2a: Susy|64\/100 brn|[from] brn\n|-fieldend|move: Grassy Terrain\n|upkeep\n|turn|11\n|\n|t:|1682558406\n|move|p1a: Ceruledge|Bitter Blade|p2a: Susy\n|-supereffective|p2a: Susy\n|-damage|p2a: Susy|0 fnt\n|-heal|p1a: Ceruledge|100\/100|[from] drain|[of] p2a: Susy\n|faint|p2a: Susy\n|move|p1b: Florges|Giga Drain|p2b: Good Soup\n|-resisted|p2b: Good Soup\n|-damage|p2b: Good Soup|11\/100\n|move|p2b: Good Soup|Heavy Slam|p1a: Ceruledge\n|-resisted|p1a: Ceruledge\n|-damage|p1a: Ceruledge|93\/100\n|\n|upkeep\n|\n|t:|1682558417\n|switch|p2a: PlusUltra|Palafin-Hero, L50, M|100\/100\n|-activate|p2a: PlusUltra|ability: Zero to Hero\n|turn|12\n|\n|t:|1682558434\n|move|p2a: PlusUltra|Jet Punch|p1a: Ceruledge\n|-supereffective|p1a: Ceruledge\n|-crit|p1a: Ceruledge\n|-damage|p1a: Ceruledge|0 fnt\n|faint|p1a: Ceruledge\n|move|p1b: Florges|Giga Drain|p2a: PlusUltra\n|-supereffective|p2a: PlusUltra\n|-damage|p2a: PlusUltra|0 fnt\n|faint|p2a: PlusUltra\n|move|p2b: Good Soup|Ruination|p1b: Florges\n|-damage|p1b: Florges|51\/100\n|\n|-heal|p1b: Florges|57\/100|[from] item: Leftovers\n|upkeep\n|turn|13\n|\n|t:|1682558450\n|move|p1b: Florges|Giga Drain|p2b: Good Soup\n|-resisted|p2b: Good Soup\n|-damage|p2b: Good Soup|0 fnt\n|-heal|p1b: Florges|63\/100|[from] drain|[of] p2b: Good Soup\n|faint|p2b: Good Soup\n|\n|win|Blastoise Farted\n|raw|Blastoise Farted's rating: 1093 → 1125<\/strong> (+32 for winning)\n|raw|anshar_training's rating: 1178 → 1147<\/strong> (-31 for losing)\n","uploadtime":1682558459,"views":12,"p1id":"blastoisefarted","p2id":"anshartraining","formatid":"gen9vgc2023regulationc","rating":1125,"private":0,"password":""}