{"id":"gen9vgc2023regulationc-1862932691","p1":"Dr_Piscit","p2":"thrillcorner","format":"[Gen 9] VGC 2023 Regulation C","log":"|j|\u2606Dr_Piscit\n|j|\u2606thrillcorner\n|t:|1683940277\n|gametype|doubles\n|player|p1|Dr_Piscit|265|1257\n|player|p2|thrillcorner|red-masters2|1312\n|teamsize|p1|6\n|teamsize|p2|6\n|gen|9\n|tier|[Gen 9] VGC 2023 Regulation C\n|rated|\n|rule|Species Clause: Limit one of each Pok\u00e9mon\n|rule|Item Clause: Limit one of each item\n|clearpoke\n|poke|p1|Dondozo, L50, M|\n|poke|p1|Tatsugiri, L50, M|\n|poke|p1|Annihilape, L50, M|\n|poke|p1|Amoonguss, L50, M|\n|poke|p1|Flutter Mane, L50|\n|poke|p1|Noivern, L50, F|\n|poke|p2|Arcanine, L50, F|\n|poke|p2|Amoonguss, L50, F|\n|poke|p2|Flutter Mane, L50|\n|poke|p2|Pelipper, L50, F|\n|poke|p2|Azumarill, L50, M|\n|poke|p2|Iron Hands, L50|\n|teampreview|4\nthrillcorner has agreed to open team sheets.\nDr_Piscit has agreed to open team sheets.\n|\n|t:|1683940372\n|start\n|switch|p1a: Annihilape|Annihilape, L50, M, shiny|100\/100\n|switch|p1b: Flutter Mane|Flutter Mane, L50|100\/100\n|switch|p2a: Iron Hands|Iron Hands, L50|100\/100\n|switch|p2b: Flutter Mane|Flutter Mane, L50|100\/100\n|-enditem|p2b: Flutter Mane|Booster Energy\n|-activate|p2b: Flutter Mane|ability: Protosynthesis|[fromitem]\n|-start|p2b: Flutter Mane|protosynthesisspa\n|turn|1\n|\n|t:|1683940396\n|move|p2b: Flutter Mane|Protect|p2b: Flutter Mane\n|-singleturn|p2b: Flutter Mane|Protect\n|move|p1a: Annihilape|Protect|p1a: Annihilape\n|-singleturn|p1a: Annihilape|Protect\n|move|p1b: Flutter Mane|Dazzling Gleam|p2b: Flutter Mane|[spread] p2a\n|-activate|p2b: Flutter Mane|move: Protect\n|-supereffective|p2a: Iron Hands\n|-damage|p2a: Iron Hands|71\/100\n|move|p2a: Iron Hands|Wild Charge|p1b: Flutter Mane\n|-damage|p1b: Flutter Mane|36\/100\n|-damage|p2a: Iron Hands|61\/100|[from] Recoil\n|\n|upkeep\n|turn|2\n|\n|t:|1683940427\n|move|p1b: Flutter Mane|Dazzling Gleam|p2a: Iron Hands|[spread] p2a,p2b\n|-supereffective|p2a: Iron Hands\n|-damage|p2a: Iron Hands|32\/100\n|-damage|p2b: Flutter Mane|75\/100\n|move|p2b: Flutter Mane|Shadow Ball|p1a: Annihilape\n|-supereffective|p1a: Annihilape\n|-damage|p1a: Annihilape|6\/100\n|move|p1a: Annihilape|Rage Fist|p2b: Flutter Mane\n|-supereffective|p2b: Flutter Mane\n|-damage|p2b: Flutter Mane|0 fnt\n|faint|p2b: Flutter Mane\n|-end|p2b: Flutter Mane|Protosynthesis|[silent]\n|move|p2a: Iron Hands|Wild Charge|p1b: Flutter Mane\n|-damage|p1b: Flutter Mane|0 fnt\n|faint|p1b: Flutter Mane\n|-end|p1b: Flutter Mane|Protosynthesis|[silent]\n|-damage|p2a: Iron Hands|26\/100|[from] Recoil\n|\n|upkeep\n|\n|t:|1683940443\n|switch|p1b: Dondozo|Dondozo, L50, M, shiny|100\/100\n|switch|p2b: Azumarill|Azumarill, L50, M|100\/100\n|turn|3\n|\n|t:|1683940466\n|-end|p2a: Iron Hands|Quark Drive|[silent]\n|switch|p2a: Pelipper|Pelipper, L50, F|100\/100\n|-weather|RainDance|[from] ability: Drizzle|[of] p2a: Pelipper\n|move|p1a: Annihilape|Protect|p1a: Annihilape\n|-singleturn|p1a: Annihilape|Protect\n|move|p2b: Azumarill|Play Rough|p1b: Dondozo\n|-damage|p1b: Dondozo|52\/100\n|-damage|p2b: Azumarill|91\/100|[from] item: Life Orb\n|move|p1b: Dondozo|Earthquake|p2b: Azumarill|[spread] p2b\n|-activate|p1a: Annihilape|move: Protect\n|-immune|p2a: Pelipper\n|-damage|p2b: Azumarill|72\/100\n|\n|-weather|RainDance|[upkeep]\n|-heal|p1b: Dondozo|58\/100|[from] item: Leftovers\n|upkeep\n|turn|4\n|\n|t:|1683940488\n|move|p1b: Dondozo|Protect|p1b: Dondozo\n|-singleturn|p1b: Dondozo|Protect\n|move|p2b: Azumarill|Aqua Jet|p1a: Annihilape\n|-damage|p1a: Annihilape|0 fnt\n|faint|p1a: Annihilape\n|-damage|p2b: Azumarill|62\/100|[from] item: Life Orb\n|move|p2a: Pelipper|Hurricane|p1b: Dondozo\n|-activate|p1b: Dondozo|move: Protect\n|\n|-weather|RainDance|[upkeep]\n|-heal|p1b: Dondozo|64\/100|[from] item: Leftovers\n|upkeep\n|\n|t:|1683940498\n|switch|p1a: Tatsugiri|Tatsugiri, L50, M, shiny|100\/100\n|-activate|p1a: Tatsugiri|ability: Commander|[of] p1b: Dondozo\n|-boost|p1b: Dondozo|atk|2\n|-boost|p1b: Dondozo|spa|2\n|-boost|p1b: Dondozo|spe|2\n|-boost|p1b: Dondozo|def|2\n|-boost|p1b: Dondozo|spd|2\n|turn|5\n|\n|t:|1683940510\n|-terastallize|p1b: Dondozo|Flying\n|move|p2b: Azumarill|Protect|p2b: Azumarill\n|-singleturn|p2b: Azumarill|Protect\n|move|p2a: Pelipper|Hurricane|p1b: Dondozo\n|-damage|p1b: Dondozo|48\/100\n|move|p1b: Dondozo|Tera Blast|p2b: Azumarill\n|-activate|p2b: Azumarill|move: Protect\n|\n|-weather|RainDance|[upkeep]\n|-heal|p1b: Dondozo|54\/100|[from] item: Leftovers\n|upkeep\n|turn|6\n|\n|t:|1683940537\n|-terastallize|p2b: Azumarill|Water\n|move|p2b: Azumarill|Aqua Jet|p1b: Dondozo\n|-damage|p1b: Dondozo|30\/100\n|-damage|p2b: Azumarill|52\/100|[from] item: Life Orb\n|move|p2a: Pelipper|Hurricane|p1b: Dondozo\n|-damage|p1b: Dondozo|12\/100\n|move|p1b: Dondozo|Tera Blast|p2b: Azumarill\n|-damage|p2b: Azumarill|0 fnt\n|faint|p2b: Azumarill\n|\n|-weather|RainDance|[upkeep]\n|-heal|p1b: Dondozo|18\/100|[from] item: Leftovers\n|upkeep\n|\n|t:|1683940549\n|switch|p2b: Iron Hands|Iron Hands, L50|26\/100\n|turn|7\n|\n|t:|1683940562\n|move|p1b: Dondozo|Protect|p1b: Dondozo\n|-singleturn|p1b: Dondozo|Protect\n|move|p2b: Iron Hands|Fake Out|p1b: Dondozo\n|-activate|p1b: Dondozo|move: Protect\n|move|p2a: Pelipper|Hurricane|p1b: Dondozo\n|-activate|p1b: Dondozo|move: Protect\n|\n|-weather|none\n|-heal|p1b: Dondozo|24\/100|[from] item: Leftovers\n|upkeep\n|turn|8\n|\n|t:|1683940590\n|move|p2a: Pelipper|Hurricane|p1b: Dondozo\n|-damage|p1b: Dondozo|6\/100\n|move|p1b: Dondozo|Earthquake|p2b: Iron Hands|[spread] p2b\n|-miss|p1b: Dondozo|p1a: Tatsugiri\n|-immune|p2a: Pelipper\n|-supereffective|p2b: Iron Hands\n|-damage|p2b: Iron Hands|0 fnt\n|faint|p2b: Iron Hands\n|-end|p2b: Iron Hands|Quark Drive|[silent]\n|\n|-heal|p1b: Dondozo|13\/100|[from] item: Leftovers\n|upkeep\n|turn|9\n|\n|t:|1683940602\n|move|p1b: Dondozo|Protect|p1b: Dondozo\n|-singleturn|p1b: Dondozo|Protect\n|move|p2a: Pelipper|Hurricane|p1b: Dondozo\n|-activate|p1b: Dondozo|move: Protect\n|\n|-heal|p1b: Dondozo|19\/100|[from] item: Leftovers\n|upkeep\n|turn|10\n|\n|t:|1683940610\n|move|p2a: Pelipper|Hurricane|p1b: Dondozo\n|-damage|p1b: Dondozo|1\/100\n|move|p1b: Dondozo|Tera Blast|p2a: Pelipper\n|-damage|p2a: Pelipper|30\/100\n|\n|-heal|p1b: Dondozo|8\/100|[from] item: Leftovers\n|upkeep\n|turn|11\n|c|\u2606thrillcorner|gg\n|-message|thrillcorner forfeited.\n|\n|win|Dr_Piscit\n|raw|Dr_Piscit's rating: 1257 → 1286<\/strong> (+29 for winning)\n|raw|thrillcorner's rating: 1312 → 1289<\/strong> (-23 for losing)\n|l|\u2606Dr_Piscit\n","uploadtime":1683940643,"views":55,"p1id":"drpiscit","p2id":"thrillcorner","formatid":"gen9vgc2023regulationc","rating":1286,"private":0,"password":""}