{"id":"gen9vgc2023regulationc-1861556361","p1":"omega_sousaku8814","p2":"Croagunk88","format":"[Gen 9] VGC 2023 Regulation C","log":"|j|\u2606omega_sousaku8814\n|j|\u2606Croagunk88\n|t:|1683772757\n|gametype|doubles\n|player|p1|omega_sousaku8814|102|1087\n|player|p2|Croagunk88|101|1117\n|teamsize|p1|4\n|teamsize|p2|6\n|gen|9\n|tier|[Gen 9] VGC 2023 Regulation C\n|rated|\n|rule|Species Clause: Limit one of each Pok\u00e9mon\n|rule|Item Clause: Limit one of each item\n|clearpoke\n|poke|p1|Hatterene, L50, F|\n|poke|p1|Indeedee-F, L50, F|\n|poke|p1|Torkoal, L50, M|\n|poke|p1|Kingambit, L50, F|\n|poke|p2|Jumpluff, L50, F|\n|poke|p2|Torkoal, L50, M|\n|poke|p2|Great Tusk, L50|\n|poke|p2|Tyranitar, L50, F|\n|poke|p2|Flutter Mane, L50|\n|poke|p2|Brute Bonnet, L50|\n|teampreview|4\n|\n|t:|1683772816\n|start\n|switch|p1a: Hatterene|Hatterene, L50, F|100\/100\n|switch|p1b: Indeedee|Indeedee-F, L50, F|100\/100\n|switch|p2a: Torkoal|Torkoal, L50, M|100\/100\n|switch|p2b: Great Tusk|Great Tusk, L50|100\/100\n|-fieldstart|move: Psychic Terrain|[from] ability: Psychic Surge|[of] p1b: Indeedee\n|-enditem|p1b: Indeedee|Psychic Seed\n|-boost|p1b: Indeedee|spd|1|[from] item: Psychic Seed\n|-weather|SunnyDay|[from] ability: Drought|[of] p2a: Torkoal\n|-activate|p2b: Great Tusk|ability: Protosynthesis\n|-start|p2b: Great Tusk|protosynthesisatk\n|turn|1\n|\n|t:|1683772834\n|-terastallize|p2a: Torkoal|Flying\n|move|p2a: Torkoal|Helping Hand|p2b: Great Tusk\n|-singleturn|p2b: Great Tusk|Helping Hand|[of] p2a: Torkoal\n|move|p1a: Hatterene|Protect|p1a: Hatterene\n|-singleturn|p1a: Hatterene|Protect\n|move|p2b: Great Tusk|Headlong Rush|p1a: Hatterene\n|-activate|p1a: Hatterene|move: Protect\n|move|p1b: Indeedee|Trick Room|p1b: Indeedee\n|-fieldstart|move: Trick Room|[of] p1b: Indeedee\n|\n|-weather|SunnyDay|[upkeep]\n|upkeep\n|turn|2\n|\n|t:|1683772872\n|move|p1b: Indeedee|Helping Hand|p1a: Hatterene\n|-singleturn|p1a: Hatterene|Helping Hand|[of] p1b: Indeedee\n|move|p2a: Torkoal|Fissure|p1b: Indeedee\n|-damage|p1b: Indeedee|0 fnt\n|faint|p1b: Indeedee\n|-ohko\n|move|p1a: Hatterene|Dazzling Gleam|p2b: Great Tusk|[spread] p2a,p2b\n|-supereffective|p2b: Great Tusk\n|-damage|p2a: Torkoal|38\/100\n|-damage|p2b: Great Tusk|0 fnt\n|faint|p2b: Great Tusk\n|-end|p2b: Great Tusk|Protosynthesis|[silent]\n|-damage|p1a: Hatterene|91\/100|[from] item: Life Orb\n|\n|-weather|SunnyDay|[upkeep]\n|upkeep\n|\n|t:|1683772893\n|switch|p1b: Torkoal|Torkoal, L50, M|100\/100\n|switch|p2b: Flutter Mane|Flutter Mane, L50|100\/100\n|-activate|p2b: Flutter Mane|ability: Protosynthesis\n|-start|p2b: Flutter Mane|protosynthesisspa\n|turn|3\n|\n|t:|1683772923\n|move|p2a: Torkoal|Fissure|p1a: Hatterene|[miss]\n|-miss|p2a: Torkoal|p1a: Hatterene\n|move|p1b: Torkoal|Heat Wave|p2a: Torkoal|[spread] p2a,p2b\n|-damage|p2a: Torkoal|0 fnt\n|-damage|p2b: Flutter Mane|30\/100\n|faint|p2a: Torkoal\n|move|p1a: Hatterene|Dazzling Gleam|p2b: Flutter Mane\n|-damage|p2b: Flutter Mane|0 fnt\n|faint|p2b: Flutter Mane\n|-end|p2b: Flutter Mane|Protosynthesis|[silent]\n|-damage|p1a: Hatterene|81\/100|[from] item: Life Orb\n|\n|-weather|SunnyDay|[upkeep]\n|upkeep\n|\n|t:|1683772942\n|switch|p2b: Tyranitar|Tyranitar, L50, F|100\/100\n|-weather|Sandstorm|[from] ability: Sand Stream|[of] p2b: Tyranitar\n|turn|4\n|\n|t:|1683772956\n|switch|p1b: Kingambit|Kingambit, L50, F|100\/100\n|move|p1a: Hatterene|Protect|p1a: Hatterene\n|-singleturn|p1a: Hatterene|Protect\n|move|p2b: Tyranitar|Rock Slide|p1b: Kingambit|[spread] p1b\n|-activate|p1a: Hatterene|move: Protect\n|-resisted|p1b: Kingambit\n|-damage|p1b: Kingambit|89\/100\n|\n|-weather|Sandstorm|[upkeep]\n|-damage|p1a: Hatterene|75\/100|[from] Sandstorm\n|upkeep\n|turn|5\n|\n|t:|1683773004\n|-terastallize|p1b: Kingambit|Dark\n|move|p1a: Hatterene|Dazzling Gleam|p2b: Tyranitar\n|-supereffective|p2b: Tyranitar\n|-damage|p2b: Tyranitar|52\/100\n|-damage|p1a: Hatterene|65\/100|[from] item: Life Orb\n|move|p1b: Kingambit|Swords Dance|p1b: Kingambit\n|-boost|p1b: Kingambit|atk|2\n|move|p2b: Tyranitar|Low Kick|p1b: Kingambit\n|-supereffective|p1b: Kingambit\n|-damage|p1b: Kingambit|33\/100\n|\n|-weather|Sandstorm|[upkeep]\n|-damage|p1a: Hatterene|59\/100|[from] Sandstorm\n|-fieldend|move: Trick Room\n|-fieldend|move: Psychic Terrain\n|upkeep\n|turn|6\n|\n|t:|1683773013\n|move|p1b: Kingambit|Protect|p1b: Kingambit\n|-singleturn|p1b: Kingambit|Protect\n|move|p2b: Tyranitar|Rock Slide|p1a: Hatterene|[spread] p1a\n|-activate|p1b: Kingambit|move: Protect\n|-damage|p1a: Hatterene|22\/100\n|move|p1a: Hatterene|Trick Room|p1a: Hatterene\n|-fieldstart|move: Trick Room|[of] p1a: Hatterene\n|\n|-weather|Sandstorm|[upkeep]\n|-damage|p1a: Hatterene|16\/100|[from] Sandstorm\n|upkeep\n|turn|7\n|\n|t:|1683773029\n|move|p1a: Hatterene|Dazzling Gleam|p2b: Tyranitar\n|-supereffective|p2b: Tyranitar\n|-damage|p2b: Tyranitar|4\/100\n|-damage|p1a: Hatterene|7\/100|[from] item: Life Orb\n|move|p1b: Kingambit|Kowtow Cleave|p2b: Tyranitar\n|-resisted|p2b: Tyranitar\n|-damage|p2b: Tyranitar|0 fnt\n|faint|p2b: Tyranitar\n|\n|win|omega_sousaku8814\n|raw|omega_sousaku8814's rating: 1087 → 1116<\/strong> (+29 for winning)\n|raw|Croagunk88's rating: 1117 → 1090<\/strong> (-27 for losing)\n|l|\u2606omega_sousaku8814\n","uploadtime":1683773115,"views":21,"p1id":"omegasousaku8814","p2id":"croagunk88","formatid":"gen9vgc2023regulationc","rating":1090,"private":0,"password":""}