{"id":"gen9vgc2023regulationc-1861675659","p1":"K285","p2":"k58462312","format":"[Gen 9] VGC 2023 Regulation C","log":"|j|\u2606K285\n|j|\u2606k58462312\n|t:|1683792507\n|gametype|doubles\n|player|p1|K285|nanu|1223\n|player|p2|k58462312|riley|1264\n|teamsize|p1|6\n|teamsize|p2|6\n|gen|9\n|tier|[Gen 9] VGC 2023 Regulation C\n|rated|\n|rule|Species Clause: Limit one of each Pok\u00e9mon\n|rule|Item Clause: Limit one of each item\n|clearpoke\n|poke|p1|Annihilape, L50, F|\n|poke|p1|Maushold, L50|\n|poke|p1|Ting-Lu, L50|\n|poke|p1|Arcanine, L50, F|\n|poke|p1|Chien-Pao, L50|\n|poke|p1|Flutter Mane, L50|\n|poke|p2|Corviknight, L50, M|\n|poke|p2|Vaporeon, L50, M|\n|poke|p2|Wo-Chien, L50|\n|poke|p2|Ting-Lu, L50|\n|poke|p2|Gallade, L50, M|\n|poke|p2|Eelektross, L50, M|\n|teampreview|4\n|inactive|Battle timer is ON: inactive players will automatically lose when time's up. (requested by K285)\n|\n|t:|1683792539\n|start\n|switch|p1a: Annihilape|Annihilape, L50, F|100\/100\n|switch|p1b: Maushold|Maushold, L50|100\/100\n|switch|p2a: Corviknight|Corviknight, L50, M|100\/100\n|switch|p2b: Ting-Lu|Ting-Lu, L50|100\/100\n|-ability|p2b: Ting-Lu|Vessel of Ruin\n|turn|1\n|\n|t:|1683792562\n|move|p1b: Maushold|Follow Me|p1b: Maushold\n|-singleturn|p1b: Maushold|move: Follow Me\n|move|p1a: Annihilape|Bulk Up|p1a: Annihilape\n|-boost|p1a: Annihilape|atk|1\n|-boost|p1a: Annihilape|def|1\n|move|p2a: Corviknight|Brave Bird|p1b: Maushold\n|-damage|p1b: Maushold|0 fnt\n|-damage|p2a: Corviknight|84\/100|[from] item: Rocky Helmet|[of] p1b: Maushold\n|faint|p1b: Maushold\n|-damage|p2a: Corviknight|53\/100|[from] Recoil\n|move|p2b: Ting-Lu|Stomping Tantrum|p1a: Annihilape\n|-damage|p1a: Annihilape|76\/100\n|\n|upkeep\n|\n|t:|1683792579\n|switch|p1b: Arcanine|Arcanine, L50, F|100\/100\n|-ability|p1b: Arcanine|Intimidate|boost\n|-ability|p2a: Corviknight|Mirror Armor\n|-unboost|p1b: Arcanine|atk|1\n|-unboost|p2b: Ting-Lu|atk|1\n|turn|2\n|\n|t:|1683792595\n|-terastallize|p1a: Annihilape|Water\n|-terastallize|p2a: Corviknight|Fire\n|move|p1b: Arcanine|Flare Blitz|p2a: Corviknight\n|-resisted|p2a: Corviknight\n|-damage|p2a: Corviknight|28\/100\n|-damage|p1b: Arcanine|92\/100|[from] Recoil\n|move|p1a: Annihilape|Drain Punch|p2b: Ting-Lu\n|-supereffective|p2b: Ting-Lu\n|-damage|p2b: Ting-Lu|40\/100\n|-heal|p1a: Annihilape|100\/100|[from] drain|[of] p2b: Ting-Lu\n|move|p2a: Corviknight|Brave Bird|p1a: Annihilape\n|-damage|p1a: Annihilape|46\/100\n|-enditem|p1a: Annihilape|Sitrus Berry|[eat]\n|-heal|p1a: Annihilape|71\/100|[from] item: Sitrus Berry\n|-damage|p2a: Corviknight|7\/100|[from] Recoil\n|move|p2b: Ting-Lu|Rock Slide|p1a: Annihilape|[spread] p1a,p1b\n|-supereffective|p1b: Arcanine\n|-damage|p1a: Annihilape|63\/100\n|-damage|p1b: Arcanine|68\/100\n|\n|upkeep\n|turn|3\n|inactive|k58462312 has 30 seconds left.\n|\n|t:|1683792629\n|move|p1b: Arcanine|Flare Blitz|p2a: Corviknight\n|-resisted|p2a: Corviknight\n|-damage|p2a: Corviknight|0 fnt\n|faint|p2a: Corviknight\n|-damage|p1b: Arcanine|66\/100|[from] Recoil\n|move|p1a: Annihilape|Drain Punch|p2b: Ting-Lu\n|-supereffective|p2b: Ting-Lu\n|-damage|p2b: Ting-Lu|0 fnt\n|-heal|p1a: Annihilape|84\/100|[from] drain|[of] p2b: Ting-Lu\n|faint|p2b: Ting-Lu\n|\n|upkeep\n|\n|t:|1683792643\n|switch|p2a: Gallade|Gallade, L50, M|100\/100\n|switch|p2b: Vaporeon|Vaporeon, L50, M|100\/100\n|turn|4\n|\n|t:|1683792664\n|switch|p1b: Chien-Pao|Chien-Pao, L50|100\/100\n|-ability|p1b: Chien-Pao|Sword of Ruin\n|move|p1a: Annihilape|Protect|p1a: Annihilape\n|-singleturn|p1a: Annihilape|Protect\n|move|p2a: Gallade|Sacred Sword|p1a: Annihilape\n|-activate|p1a: Annihilape|move: Protect\n|move|p2b: Vaporeon|Muddy Water|p1a: Annihilape|[spread] p1b\n|-activate|p1a: Annihilape|move: Protect\n|-damage|p1b: Chien-Pao|57\/100\n|-unboost|p1b: Chien-Pao|accuracy|1\n|\n|upkeep\n|turn|5\n|inactive|K285 has 30 seconds left.\n|inactive|K285 has 20 seconds left.\n|\n|t:|1683792699\n|move|p1b: Chien-Pao|Sacred Sword|p2b: Vaporeon\n|-damage|p2b: Vaporeon|63\/100\n|move|p2a: Gallade|Sacred Sword|p1a: Annihilape\n|-damage|p1a: Annihilape|0 fnt\n|faint|p1a: Annihilape\n|move|p2b: Vaporeon|Muddy Water|p1b: Chien-Pao|[miss]\n|-miss|p2b: Vaporeon|p1b: Chien-Pao\n|\n|upkeep\n|\n|t:|1683792707\n|switch|p1a: Arcanine|Arcanine, L50, F|66\/100\n|-ability|p1a: Arcanine|Intimidate|boost\n|-unboost|p2a: Gallade|atk|1\n|-unboost|p2b: Vaporeon|atk|1\n|turn|6\n|\n|t:|1683792728\n|move|p2a: Gallade|Quick Guard|p2a: Gallade\n|-singleturn|p2a: Gallade|Quick Guard\n|move|p1a: Arcanine|Extreme Speed|p2a: Gallade\n|-activate|p2a: Gallade|move: Quick Guard\n|move|p1b: Chien-Pao|Ice Shard|p2a: Gallade\n|-activate|p2a: Gallade|move: Quick Guard\n|move|p2b: Vaporeon|Muddy Water|p1a: Arcanine|[spread] p1a,p1b\n|-supereffective|p1a: Arcanine\n|-damage|p1a: Arcanine|1\/100\n|-damage|p1b: Chien-Pao|10\/100\n|\n|upkeep\n|turn|7\n|\n|t:|1683792747\n|move|p2a: Gallade|Quick Guard|p2a: Gallade\n|-singleturn|p2a: Gallade|Quick Guard\n|move|p1a: Arcanine|Extreme Speed|p2a: Gallade\n|-activate|p2a: Gallade|move: Quick Guard\n|move|p1b: Chien-Pao|Ice Shard|p2a: Gallade\n|-activate|p2a: Gallade|move: Quick Guard\n|move|p2b: Vaporeon|Muddy Water|p1a: Arcanine|[spread] p1a,p1b\n|-supereffective|p1a: Arcanine\n|-damage|p1a: Arcanine|0 fnt\n|-damage|p1b: Chien-Pao|0 fnt\n|faint|p1a: Arcanine\n|faint|p1b: Chien-Pao\n|\n|win|k58462312\n|raw|K285's rating: 1223 → 1201<\/strong> (-22 for losing)\n|raw|k58462312's rating: 1264 → 1286<\/strong> (+22 for winning)\n|l|\u2606K285\n","uploadtime":1683792766,"views":17,"p1id":"k285","p2id":"k58462312","formatid":"gen9vgc2023regulationc","rating":1201,"private":0,"password":""}