{"id":"gen9vgc2023regulationc-1849713875","p1":"memeshe","p2":"MyBigPillar","format":"[Gen 9] VGC 2023 Regulation C","log":"|j|\u2606memeshe\n|j|\u2606MyBigPillar\n|t:|1682237817\n|gametype|doubles\n|player|p1|memeshe|266|1023\n|player|p2|MyBigPillar|fisherman-gen4|1099\n|teamsize|p1|6\n|teamsize|p2|6\n|gen|9\n|tier|[Gen 9] VGC 2023 Regulation C\n|rated|\n|rule|Species Clause: Limit one of each Pok\u00e9mon\n|rule|Item Clause: Limit one of each item\n|clearpoke\n|poke|p1|Drifblim, L50, M|\n|poke|p1|Squawkabilly, L50, F|\n|poke|p1|Gothitelle, L50, M|\n|poke|p1|Klefki, L50, F|\n|poke|p1|Magnezone, L50|\n|poke|p1|Flutter Mane, L50|\n|poke|p2|Delibird, L50, F|\n|poke|p2|Sandy Shocks, L50|\n|poke|p2|Talonflame, L50, M|\n|poke|p2|Amoonguss, L50, F|\n|poke|p2|Dondozo, L50, M|\n|poke|p2|Sylveon, L50, M|\n|teampreview|4\n|inactive|Battle timer is ON: inactive players will automatically lose when time's up. (requested by memeshe)\nmemeshe rejected open team sheets.\n|inactive|MyBigPillar has 60 seconds left.\n|\n|t:|1682237857\n|start\n|switch|p1a: Klefki|Klefki, L50, F, shiny|100\/100\n|switch|p1b: Flutter Mane|Flutter Mane, L50, shiny|100\/100\n|switch|p2a: Sandy Shocks|Sandy Shocks, L50|100\/100\n|switch|p2b: Sussy|Amoonguss, L50, F|100\/100\n|-enditem|p2a: Sandy Shocks|Booster Energy\n|-activate|p2a: Sandy Shocks|ability: Protosynthesis|[fromitem]\n|-start|p2a: Sandy Shocks|protosynthesisspe\n|turn|1\n|inactive|memeshe has 30 seconds left.\n|\n|t:|1682237889\n|switch|p2b: Dondozo|Dondozo, L50, M|100\/100\n|-terastallize|p1b: Flutter Mane|Grass\n|move|p1a: Klefki|Light Screen|p1a: Klefki\n|-sidestart|p1: memeshe|move: Light Screen\n|move|p2a: Sandy Shocks|Gravity|p2a: Sandy Shocks\n|-fieldstart|move: Gravity\n|move|p1b: Flutter Mane|Moonblast|p2a: Sandy Shocks\n|-damage|p2a: Sandy Shocks|46\/100\n|\n|upkeep\n|turn|2\n|inactive|memeshe has 30 seconds left.\n|\n|t:|1682237914\n|move|p1a: Klefki|Thunder Wave|p2b: Dondozo\n|-status|p2b: Dondozo|par\n|move|p2a: Sandy Shocks|Zap Cannon|p1b: Flutter Mane\n|-resisted|p1b: Flutter Mane\n|-damage|p1b: Flutter Mane|84\/100\n|-status|p1b: Flutter Mane|par\n|move|p1b: Flutter Mane|Moonblast|p2a: Sandy Shocks\n|-damage|p2a: Sandy Shocks|0 fnt\n|faint|p2a: Sandy Shocks\n|-end|p2a: Sandy Shocks|Protosynthesis|[silent]\n|move|p2b: Dondozo|Stomping Tantrum|p1a: Klefki\n|-supereffective|p1a: Klefki\n|-damage|p1a: Klefki|49\/100\n|-enditem|p1a: Klefki|Eject Button\n|\n|t:|1682237927\n|switch|p1a: Gothitelle|Gothitelle, L50, M, shiny|100\/100\n|\n|upkeep\n|\n|t:|1682237941\n|switch|p2a: Delibird|Delibird, L50, F|100\/100\n|turn|3\n|\n|t:|1682237957\n|move|p1a: Gothitelle|Fake Out|p2a: Delibird\n|-damage|p2a: Delibird|85\/100\n|cant|p2a: Delibird|flinch\n|move|p1b: Flutter Mane|Perish Song|p1b: Flutter Mane\n|-start|p1a: Gothitelle|perish3|[silent]\n|-start|p1b: Flutter Mane|perish3|[silent]\n|-start|p2a: Delibird|perish3|[silent]\n|-start|p2b: Dondozo|perish3|[silent]\n|-fieldactivate|move: Perish Song\n|move|p2b: Dondozo|Wave Crash|p1a: Gothitelle\n|-damage|p1a: Gothitelle|45\/100\n|-damage|p2b: Dondozo|86\/100 par|[from] Recoil\n|\n|-start|p2a: Delibird|perish3\n|-start|p1b: Flutter Mane|perish3\n|-start|p1a: Gothitelle|perish3\n|-start|p2b: Dondozo|perish3\n|upkeep\n|turn|4\n|\n|t:|1682237979\n|move|p1b: Flutter Mane|Protect|p1b: Flutter Mane\n|-singleturn|p1b: Flutter Mane|Protect\n|move|p1a: Gothitelle|Protect|p1a: Gothitelle\n|-singleturn|p1a: Gothitelle|Protect\n|move|p2a: Delibird|Ice Shard|p1b: Flutter Mane\n|-activate|p1b: Flutter Mane|move: Protect\n|move|p2b: Dondozo|Wave Crash|p1a: Gothitelle\n|-activate|p1a: Gothitelle|move: Protect\n|\n|-start|p2a: Delibird|perish2\n|-start|p1b: Flutter Mane|perish2\n|-start|p1a: Gothitelle|perish2\n|-start|p2b: Dondozo|perish2\n|upkeep\n|turn|5\n|inactive|memeshe has 30 seconds left.\n|\n|t:|1682238008\n|move|p2a: Delibird|Ice Shard|p1b: Flutter Mane\n|-supereffective|p1b: Flutter Mane\n|-damage|p1b: Flutter Mane|0 fnt\n|faint|p1b: Flutter Mane\n|-end|p1b: Flutter Mane|Protosynthesis|[silent]\n|move|p1a: Gothitelle|Psychic|p2b: Dondozo\n|-damage|p2b: Dondozo|68\/100 par\n|move|p2b: Dondozo|Wave Crash|p1a: Gothitelle\n|-damage|p1a: Gothitelle|0 fnt\n|faint|p1a: Gothitelle\n|-damage|p2b: Dondozo|57\/100 par|[from] Recoil\n|\n|-start|p2a: Delibird|perish1\n|-start|p2b: Dondozo|perish1\n|-sideend|p1: memeshe|move: Light Screen\n|-fieldend|move: Gravity\n|upkeep\n|-message|memeshe forfeited.\n|\n|win|MyBigPillar\n|raw|memeshe's rating: 1023 → 1012<\/strong> (-11 for losing)\n|raw|MyBigPillar's rating: 1099 → 1119<\/strong> (+20 for winning)\n|l|\u2606memeshe\n","uploadtime":1682238023,"views":18,"p1id":"memeshe","p2id":"mybigpillar","formatid":"gen9vgc2023regulationc","rating":1012,"private":0,"password":""}