{"id":"gen9vgc2023regulationc-1863236619","p1":"Kush_Fairy_dust","p2":"Edward2201","format":"[Gen 9] VGC 2023 Regulation C","log":"|j|\u2606Kush_Fairy_dust\n|j|\u2606Edward2201\n|t:|1683992053\n|gametype|doubles\n|player|p1|Kush_Fairy_dust|cress|1140\n|player|p2|Edward2201|102|1225\n|teamsize|p1|6\n|teamsize|p2|6\n|gen|9\n|tier|[Gen 9] VGC 2023 Regulation C\n|rated|\n|rule|Species Clause: Limit one of each Pok\u00e9mon\n|rule|Item Clause: Limit one of each item\n|clearpoke\n|poke|p1|Annihilape, L50, M|\n|poke|p1|Great Tusk, L50|\n|poke|p1|Baxcalibur, L50, F|\n|poke|p1|Iron Jugulis, L50|\n|poke|p1|Murkrow, L50, F|\n|poke|p1|Amoonguss, L50, F|\n|poke|p2|Flutter Mane, L50|\n|poke|p2|Amoonguss, L50, F|\n|poke|p2|Chi-Yu, L50|\n|poke|p2|Iron Bundle, L50|\n|poke|p2|Scream Tail, L50|\n|poke|p2|Annihilape, L50, F|\n|teampreview|4\n|inactive|Battle timer is ON: inactive players will automatically lose when time's up. (requested by Edward2201)\n|c|\u2606Edward2201|Spero tua madre muoia\n|\n|t:|1683992081\n|start\n|switch|p1a: Amoonguss|Amoonguss, L50, F|100\/100\n|switch|p1b: Murkrow|Murkrow, L50, F|100\/100\n|switch|p2a: Scream Tail|Scream Tail, L50, shiny|100\/100\n|switch|p2b: Annihilape|Annihilape, L50, F, shiny|100\/100\n|-enditem|p2a: Scream Tail|Booster Energy\n|-activate|p2a: Scream Tail|ability: Protosynthesis|[fromitem]\n|-start|p2a: Scream Tail|protosynthesisspe\n|turn|1\n|\n|t:|1683992101\n|-terastallize|p2a: Scream Tail|Grass\n|move|p1b: Murkrow|Tailwind|p1b: Murkrow\n|-sidestart|p1: Kush_Fairy_dust|move: Tailwind\n|move|p2a: Scream Tail|Dazzling Gleam|p1a: Amoonguss|[spread] p1a,p1b\n|-resisted|p1a: Amoonguss\n|-supereffective|p1b: Murkrow\n|-damage|p1a: Amoonguss|94\/100\n|-damage|p1b: Murkrow|46\/100\n|move|p2b: Annihilape|Bulk Up|p2b: Annihilape\n|-boost|p2b: Annihilape|atk|1\n|-boost|p2b: Annihilape|def|1\n|move|p1a: Amoonguss|Spore|p2a: Scream Tail\n|-immune|p2a: Scream Tail\n|\n|upkeep\n|turn|2\n|inactive|Kush_Fairy_dust has 30 seconds left.\n|inactive|Edward2201 has 30 seconds left.\n|inactive|Kush_Fairy_dust has 20 seconds left.\n|\n|t:|1683992140\n|move|p1b: Murkrow|Sucker Punch|p2b: Annihilape\n|-damage|p2b: Annihilape|89\/100\n|move|p2a: Scream Tail|Disable|p1a: Amoonguss\n|-start|p1a: Amoonguss|Disable|Spore\n|move|p2b: Annihilape|Rage Fist|p1b: Murkrow\n|-resisted|p1b: Murkrow\n|-crit|p1b: Murkrow\n|-damage|p1b: Murkrow|0 fnt\n|faint|p1b: Murkrow\n|move|p1a: Amoonguss|Sludge Bomb|p2a: Scream Tail\n|-supereffective|p2a: Scream Tail\n|-damage|p2a: Scream Tail|52\/100\n|\n|upkeep\n|\n|t:|1683992154\n|switch|p1b: Iron Jugulis|Iron Jugulis, L50|100\/100\n|turn|3\n|\n|t:|1683992174\n|move|p1a: Amoonguss|Rage Powder|p1a: Amoonguss\n|-singleturn|p1a: Amoonguss|move: Rage Powder\n|move|p1b: Iron Jugulis|Dark Pulse|p2b: Annihilape\n|-damage|p2b: Annihilape|42\/100\n|-enditem|p2b: Annihilape|Sitrus Berry|[eat]\n|-heal|p2b: Annihilape|67\/100|[from] item: Sitrus Berry\n|-damage|p1b: Iron Jugulis|91\/100|[from] item: Life Orb\n|move|p2a: Scream Tail|Dazzling Gleam|p1a: Amoonguss|[spread] p1a,p1b\n|-resisted|p1a: Amoonguss\n|-supereffective|p1b: Iron Jugulis\n|-damage|p1a: Amoonguss|87\/100\n|-damage|p1b: Iron Jugulis|54\/100\n|move|p2b: Annihilape|Bulk Up|p2b: Annihilape\n|-boost|p2b: Annihilape|atk|1\n|-boost|p2b: Annihilape|def|1\n|\n|upkeep\n|turn|4\n|inactive|Kush_Fairy_dust has 30 seconds left.\n|\n|t:|1683992208\n|move|p1b: Iron Jugulis|Protect|p1b: Iron Jugulis\n|-singleturn|p1b: Iron Jugulis|Protect\n|move|p1a: Amoonguss|Rage Powder|p1a: Amoonguss\n|-singleturn|p1a: Amoonguss|move: Rage Powder\n|move|p2a: Scream Tail|Disable||[still]\n|-fail|p2a: Scream Tail\n|move|p2b: Annihilape|Rage Fist|p1a: Amoonguss\n|-damage|p1a: Amoonguss|0 fnt\n|faint|p1a: Amoonguss\n|\n|-sideend|p1: Kush_Fairy_dust|move: Tailwind\n|upkeep\n|\n|t:|1683992217\n|switch|p1a: Annihilape|Annihilape, L50, M|100\/100\n|turn|5\n|inactive|Edward2201 has 30 seconds left.\n|\n|t:|1683992245\n|move|p2a: Scream Tail|Encore|p1b: Iron Jugulis\n|-start|p1b: Iron Jugulis|Encore\n|move|p1b: Iron Jugulis|Protect||[still]\n|-fail|p1b: Iron Jugulis\n|move|p1a: Annihilape|Rage Fist|p2b: Annihilape\n|-supereffective|p2b: Annihilape\n|-damage|p2b: Annihilape|42\/100\n|move|p2b: Annihilape|Rage Fist|p1a: Annihilape\n|-supereffective|p1a: Annihilape\n|-damage|p1a: Annihilape|0 fnt\n|faint|p1a: Annihilape\n|\n|upkeep\n|turn|6\n|c|\u2606Edward2201|EASY\n|-message|Kush_Fairy_dust forfeited.\n|\n|win|Edward2201\n|raw|Kush_Fairy_dust's rating: 1140 → 1121<\/strong> (-19 for losing)\n|raw|Edward2201's rating: 1225 → 1244<\/strong> (+19 for winning)\n|l|\u2606Kush_Fairy_dust\n","uploadtime":1683992080,"views":4,"p1id":"kushfairydust","p2id":"edward2201","formatid":"gen9vgc2023regulationc","rating":1121,"private":0,"password":""}