{"id":"gen9vgc2023regulationc-1858183210","p1":"pardosimmia","p2":"wtfgr","format":"[Gen 9] VGC 2023 Regulation C","log":"|j|\u2606pardosimmia\n|j|\u2606wtfgr\n|t:|1683288266\n|gametype|doubles\n|player|p1|pardosimmia|2|1323\n|player|p2|wtfgr|2|1232\n|teamsize|p1|6\n|teamsize|p2|6\n|gen|9\n|tier|[Gen 9] VGC 2023 Regulation C\n|rated|\n|rule|Species Clause: Limit one of each Pok\u00e9mon\n|rule|Item Clause: Limit one of each item\n|clearpoke\n|poke|p1|Annihilape, L50, F|\n|poke|p1|Maushold-Four, L50|\n|poke|p1|Flutter Mane, L50|\n|poke|p1|Gyarados, L50, M|\n|poke|p1|Amoonguss, L50, M|\n|poke|p1|Iron Bundle, L50|\n|poke|p2|Amoonguss, L50, M|\n|poke|p2|Great Tusk, L50|\n|poke|p2|Flutter Mane, L50|\n|poke|p2|Iron Bundle, L50|\n|poke|p2|Tyranitar, L50, F|\n|poke|p2|Talonflame, L50, M|\n|teampreview|4\n|\n|t:|1683288309\n|start\n|switch|p1a: Iron Bundle|Iron Bundle, L50|100\/100\n|switch|p1b: Flutter Mane|Flutter Mane, L50|100\/100\n|switch|p2a: G4l3 W1ng5|Talonflame, L50, M|100\/100\n|switch|p2b: 8rut3 80nn3t|Amoonguss, L50, M|100\/100\n|-enditem|p1a: Iron Bundle|Booster Energy\n|-activate|p1a: Iron Bundle|ability: Quark Drive|[fromitem]\n|-start|p1a: Iron Bundle|quarkdrivespe\n|turn|1\n|\n|t:|1683288339\n|move|p2a: G4l3 W1ng5|Tailwind|p2a: G4l3 W1ng5\n|-sidestart|p2: wtfgr|move: Tailwind\n|move|p1a: Iron Bundle|Freeze-Dry|p2b: 8rut3 80nn3t\n|-supereffective|p2b: 8rut3 80nn3t\n|-damage|p2b: 8rut3 80nn3t|50\/100\n|-enditem|p2b: 8rut3 80nn3t|Sitrus Berry|[eat]\n|-heal|p2b: 8rut3 80nn3t|75\/100|[from] item: Sitrus Berry\n|move|p1b: Flutter Mane|Shadow Ball|p2b: 8rut3 80nn3t\n|-damage|p2b: 8rut3 80nn3t|24\/100\n|move|p2b: 8rut3 80nn3t|Spore|p1b: Flutter Mane\n|-status|p1b: Flutter Mane|slp|[from] move: Spore\n|\n|upkeep\n|turn|2\n|\n|t:|1683288366\n|switch|p2b: D0nph4n|Great Tusk, L50|100\/100\n|move|p2a: G4l3 W1ng5|Brave Bird|p1a: Iron Bundle\n|-damage|p1a: Iron Bundle|49\/100\n|-damage|p2a: G4l3 W1ng5|88\/100|[from] Recoil\n|move|p1a: Iron Bundle|Hydro Pump|p2a: G4l3 W1ng5|[miss]\n|-miss|p1a: Iron Bundle|p2a: G4l3 W1ng5\n|cant|p1b: Flutter Mane|slp\n|\n|upkeep\n|turn|3\n|\n|t:|1683288385\n|-end|p1a: Iron Bundle|Quark Drive|[silent]\n|switch|p1a: Gyarados|Gyarados, L50, M, shiny|100\/100\n|-ability|p1a: Gyarados|Intimidate|boost\n|-unboost|p2a: G4l3 W1ng5|atk|1\n|-unboost|p2b: D0nph4n|atk|1\n|-end|p1b: Flutter Mane|Protosynthesis|[silent]\n|switch|p1b: Amoonguss|Amoonguss, L50, M|100\/100\n|-terastallize|p2b: D0nph4n|Ground\n|move|p2a: G4l3 W1ng5|Brave Bird|p1b: Amoonguss\n|-supereffective|p1b: Amoonguss\n|-damage|p1b: Amoonguss|60\/100\n|-damage|p2a: G4l3 W1ng5|71\/100|[from] Recoil\n|move|p2b: D0nph4n|Earthquake|p1b: Amoonguss|[spread] p1b\n|-immune|p2a: G4l3 W1ng5\n|-immune|p1a: Gyarados\n|-damage|p1b: Amoonguss|17\/100\n|-enditem|p1b: Amoonguss|Sitrus Berry|[eat]\n|-heal|p1b: Amoonguss|42\/100|[from] item: Sitrus Berry\n|-damage|p2b: D0nph4n|90\/100|[from] item: Life Orb\n|\n|upkeep\n|turn|4\n|\n|t:|1683288417\n|-end|p2b: D0nph4n|Protosynthesis|[silent]\n|switch|p2b: 8rut3 80nn3t|Amoonguss, L50, M|57\/100\n|move|p1b: Amoonguss|Protect|p1b: Amoonguss\n|-singleturn|p1b: Amoonguss|Protect\n|move|p2a: G4l3 W1ng5|Taunt|p1a: Gyarados\n|-start|p1a: Gyarados|move: Taunt\n|move|p1a: Gyarados|Waterfall|p2a: G4l3 W1ng5\n|-supereffective|p2a: G4l3 W1ng5\n|-damage|p2a: G4l3 W1ng5|0 fnt\n|faint|p2a: G4l3 W1ng5\n|\n|-sideend|p2: wtfgr|move: Tailwind\n|upkeep\n|\n|t:|1683288435\n|switch|p2a: M15dr34vu5|Flutter Mane, L50|100\/100\n|turn|5\n|\n|t:|1683288450\n|switch|p1a: Flutter Mane|Flutter Mane, L50|100\/100 slp\n|switch|p2b: D0nph4n|Great Tusk, L50, tera:Ground|90\/100\n|move|p2a: M15dr34vu5|Thunderbolt|p1a: Flutter Mane\n|-damage|p1a: Flutter Mane|60\/100 slp\n|move|p1b: Amoonguss|Spore|p2a: M15dr34vu5\n|-status|p2a: M15dr34vu5|slp|[from] move: Spore\n|\n|upkeep\n|turn|6\n|\n|t:|1683288468\n|-end|p1a: Flutter Mane|Protosynthesis|[silent]\n|switch|p1a: Gyarados|Gyarados, L50, M, shiny|100\/100\n|-ability|p1a: Gyarados|Intimidate|boost\n|-unboost|p2a: M15dr34vu5|atk|1\n|-unboost|p2b: D0nph4n|atk|1\n|-end|p2b: D0nph4n|Protosynthesis|[silent]\n|switch|p2b: 8rut3 80nn3t|Amoonguss, L50, M|90\/100\n|cant|p2a: M15dr34vu5|slp\n|move|p1b: Amoonguss|Spore|p2b: 8rut3 80nn3t\n|-immune|p2b: 8rut3 80nn3t\n|\n|upkeep\n|turn|7\n|\n|t:|1683288488\n|move|p1b: Amoonguss|Rage Powder|p1b: Amoonguss\n|-singleturn|p1b: Amoonguss|move: Rage Powder\n|-curestatus|p2a: M15dr34vu5|slp|[msg]\n|move|p2a: M15dr34vu5|Thunderbolt|p1b: Amoonguss\n|-resisted|p1b: Amoonguss\n|-damage|p1b: Amoonguss|22\/100\n|move|p1a: Gyarados|Thunder Wave|p2a: M15dr34vu5\n|-status|p2a: M15dr34vu5|par\n|move|p2b: 8rut3 80nn3t|Spore|p1a: Gyarados\n|-status|p1a: Gyarados|slp|[from] move: Spore\n|-enditem|p1a: Gyarados|Lum Berry|[eat]\n|-curestatus|p1a: Gyarados|slp|[msg]\n|\n|upkeep\n|turn|8\n|\n|t:|1683288508\n|-terastallize|p1a: Gyarados|Steel\n|move|p2b: 8rut3 80nn3t|Rage Powder|p2b: 8rut3 80nn3t\n|-singleturn|p2b: 8rut3 80nn3t|move: Rage Powder\n|move|p1a: Gyarados|Taunt|p2b: 8rut3 80nn3t\n|-start|p2b: 8rut3 80nn3t|move: Taunt\n|cant|p2a: M15dr34vu5|par\n|move|p1b: Amoonguss|Spore||[still]\n|-fail|p1b: Amoonguss\n|\n|upkeep\n|turn|9\n|\n|t:|1683288528\n|move|p1a: Gyarados|Waterfall|p2a: M15dr34vu5\n|-crit|p2a: M15dr34vu5\n|-damage|p2a: M15dr34vu5|20\/100 par\n|cant|p2a: M15dr34vu5|flinch\n|move|p2b: 8rut3 80nn3t|Leaf Storm|p1b: Amoonguss\n|-resisted|p1b: Amoonguss\n|-damage|p1b: Amoonguss|14\/100\n|-unboost|p2b: 8rut3 80nn3t|spa|2\n|move|p1b: Amoonguss|Spore|p2b: 8rut3 80nn3t\n|-immune|p2b: 8rut3 80nn3t\n|\n|upkeep\n|turn|10\n|\n|t:|1683288557\n|-end|p2a: M15dr34vu5|Protosynthesis|[silent]\n|switch|p2a: D0nph4n|Great Tusk, L50, tera:Ground|90\/100\n|switch|p1b: Flutter Mane|Flutter Mane, L50|60\/100 slp\n|move|p1a: Gyarados|Thunder Wave|p2b: 8rut3 80nn3t\n|-status|p2b: 8rut3 80nn3t|par\n|move|p2b: 8rut3 80nn3t|Leaf Storm|p1b: Flutter Mane\n|-damage|p1b: Flutter Mane|41\/100 slp\n|-unboost|p2b: 8rut3 80nn3t|spa|2\n|\n|upkeep\n|turn|11\n|\n|t:|1683288581\n|switch|p2b: M15dr34vu5|Flutter Mane, L50|20\/100 par\n|move|p1a: Gyarados|Protect|p1a: Gyarados\n|-singleturn|p1a: Gyarados|Protect\n|-curestatus|p1b: Flutter Mane|slp|[msg]\n|move|p1b: Flutter Mane|Moonblast|p2a: D0nph4n\n|-damage|p2a: D0nph4n|0 fnt\n|faint|p2a: D0nph4n\n|-end|p2a: D0nph4n|Protosynthesis|[silent]\n|\n|upkeep\n|\n|t:|1683288591\n|switch|p2a: 8rut3 80nn3t|Amoonguss, L50, M|100\/100 par\n|turn|12\n|\n|t:|1683288603\n|move|p2a: 8rut3 80nn3t|Rage Powder|p2a: 8rut3 80nn3t\n|-singleturn|p2a: 8rut3 80nn3t|move: Rage Powder\n|move|p1b: Flutter Mane|Moonblast|p2a: 8rut3 80nn3t\n|-resisted|p2a: 8rut3 80nn3t\n|-damage|p2a: 8rut3 80nn3t|72\/100 par\n|move|p1a: Gyarados|Taunt|p2a: 8rut3 80nn3t\n|-start|p2a: 8rut3 80nn3t|move: Taunt\n|move|p2b: M15dr34vu5|Shadow Ball|p1b: Flutter Mane\n|-supereffective|p1b: Flutter Mane\n|-damage|p1b: Flutter Mane|0 fnt\n|faint|p1b: Flutter Mane\n|-end|p1b: Flutter Mane|Protosynthesis|[silent]\n|\n|upkeep\n|\n|t:|1683288618\n|switch|p1b: Iron Bundle|Iron Bundle, L50|49\/100\n|turn|13\n|\n|t:|1683288626\n|move|p1b: Iron Bundle|Freeze-Dry|p2a: 8rut3 80nn3t\n|-supereffective|p2a: 8rut3 80nn3t\n|-damage|p2a: 8rut3 80nn3t|16\/100 par\n|move|p1a: Gyarados|Waterfall|p2b: M15dr34vu5\n|-damage|p2b: M15dr34vu5|0 fnt\n|faint|p2b: M15dr34vu5\n|-end|p2b: M15dr34vu5|Protosynthesis|[silent]\n|cant|p2a: 8rut3 80nn3t|par\n|\n|upkeep\n|turn|14\n|-message|wtfgr forfeited.\n|\n|win|pardosimmia\n|raw|pardosimmia's rating: 1323 → 1338<\/strong> (+15 for winning)\n|raw|wtfgr's rating: 1232 → 1213<\/strong> (-19 for losing)\n|l|\u2606wtfgr\n","uploadtime":1683288645,"views":11,"p1id":"pardosimmia","p2id":"wtfgr","formatid":"gen9vgc2023regulationc","rating":1213,"private":0,"password":""}