{"id":"gen9vgc2023regulationc-1855839057","p1":"hhhyy6","p2":"AllCuzOfHax","format":"[Gen 9] VGC 2023 Regulation C","log":"|j|\u2606hhhyy6\n|j|\u2606AllCuzOfHax\n|t:|1682990262\n|gametype|doubles\n|player|p1|hhhyy6|266|1263\n|player|p2|AllCuzOfHax|cynthia-masters3|1332\n|teamsize|p1|6\n|teamsize|p2|6\n|gen|9\n|tier|[Gen 9] VGC 2023 Regulation C\n|rated|\n|rule|Species Clause: Limit one of each Pok\u00e9mon\n|rule|Item Clause: Limit one of each item\n|clearpoke\n|poke|p1|Torkoal, L50, F|\n|poke|p1|Chi-Yu, L50|\n|poke|p1|Bronzong, L50|\n|poke|p1|Gastrodon, L50, F|\n|poke|p1|Grimmsnarl, L50, M|\n|poke|p1|Skeledirge, L50, M|\n|poke|p2|Ting-Lu, L50|\n|poke|p2|Wo-Chien, L50|\n|poke|p2|Arcanine, L50, M|\n|poke|p2|Gyarados, L50, F|\n|poke|p2|Glimmora, L50, F|\n|poke|p2|Grimmsnarl, L50, M|\n|teampreview|4\n|inactive|Battle timer is ON: inactive players will automatically lose when time's up. (requested by hhhyy6)\n|inactive|AllCuzOfHax has 60 seconds left.\n|\n|t:|1682990334\n|start\n|switch|p1a: Grimmsnarl|Grimmsnarl, L50, M|100\/100\n|switch|p1b: Gastrodon|Gastrodon, L50, F|100\/100\n|switch|p2a: Grimmsnarl|Grimmsnarl, L50, M|100\/100\n|switch|p2b: Glimmora|Glimmora, L50, F|100\/100\n|turn|1\n|\n|t:|1682990349\n|move|p1b: Gastrodon|Protect|p1b: Gastrodon\n|-singleturn|p1b: Gastrodon|Protect\n|move|p2a: Grimmsnarl|Light Screen|p2a: Grimmsnarl\n|-sidestart|p2: AllCuzOfHax|move: Light Screen\n|move|p1a: Grimmsnarl|Trick|p2b: Glimmora\n|-activate|p1a: Grimmsnarl|move: Trick|[of] p2b: Glimmora\n|-item|p2b: Glimmora|Lagging Tail|[from] move: Trick\n|-item|p1a: Grimmsnarl|Assault Vest|[from] move: Trick\n|move|p2b: Glimmora|Mortal Spin|p1b: Gastrodon|[spread] p1a\n|-activate|p1b: Gastrodon|move: Protect\n|-supereffective|p1a: Grimmsnarl\n|-damage|p1a: Grimmsnarl|91\/100\n|-status|p1a: Grimmsnarl|psn\n|\n|-damage|p1a: Grimmsnarl|79\/100 psn|[from] psn\n|upkeep\n|turn|2\n|\n|t:|1682990365\n|switch|p1b: Bronzong|Bronzong, L50|100\/100\n|move|p2a: Grimmsnarl|Reflect|p2a: Grimmsnarl\n|-sidestart|p2: AllCuzOfHax|Reflect\n|move|p1a: Grimmsnarl|Spirit Break|p2a: Grimmsnarl\n|-supereffective|p2a: Grimmsnarl\n|-damage|p2a: Grimmsnarl|54\/100\n|-unboost|p2a: Grimmsnarl|spa|1\n|move|p2b: Glimmora|Mortal Spin|p1a: Grimmsnarl|[spread] p1a\n|-immune|p1b: Bronzong\n|-supereffective|p1a: Grimmsnarl\n|-damage|p1a: Grimmsnarl|70\/100 psn\n|\n|-damage|p1a: Grimmsnarl|58\/100 psn|[from] psn\n|upkeep\n|turn|3\n|\n|t:|1682990385\n|switch|p2b: Wo-Chien|Wo-Chien, L50|100\/100\n|-ability|p2b: Wo-Chien|Tablets of Ruin\n|switch|p2a: Ting-Lu|Ting-Lu, L50|100\/100\n|-ability|p2a: Ting-Lu|Vessel of Ruin\n|move|p1a: Grimmsnarl|Spirit Break|p2a: Ting-Lu\n|-supereffective|p2a: Ting-Lu\n|-damage|p2a: Ting-Lu|80\/100\n|-unboost|p2a: Ting-Lu|spa|1\n|move|p1b: Bronzong|Body Press|p2a: Ting-Lu\n|-supereffective|p2a: Ting-Lu\n|-damage|p2a: Ting-Lu|62\/100\n|\n|-heal|p2a: Ting-Lu|68\/100|[from] item: Leftovers\n|-damage|p1a: Grimmsnarl|46\/100 psn|[from] psn\n|upkeep\n|turn|4\n|\n|t:|1682990404\n|move|p2a: Ting-Lu|Protect|p2a: Ting-Lu\n|-singleturn|p2a: Ting-Lu|Protect\n|move|p2b: Wo-Chien|Leech Seed|p1b: Bronzong\n|-start|p1b: Bronzong|move: Leech Seed\n|move|p1a: Grimmsnarl|Spirit Break|p2a: Ting-Lu\n|-activate|p2a: Ting-Lu|move: Protect\n|move|p1b: Bronzong|Body Press|p2a: Ting-Lu\n|-activate|p2a: Ting-Lu|move: Protect\n|\n|-heal|p2a: Ting-Lu|75\/100|[from] item: Leftovers\n|-damage|p1b: Bronzong|88\/100|[from] Leech Seed|[of] p2b: Wo-Chien\n|-damage|p1a: Grimmsnarl|33\/100 psn|[from] psn\n|upkeep\n|turn|5\n|\n|t:|1682990423\n|switch|p2a: Glimmora|Glimmora, L50, F|100\/100\n|switch|p1b: Gastrodon|Gastrodon, L50, F|100\/100\n|move|p2b: Wo-Chien|Leech Seed|p1a: Grimmsnarl\n|-start|p1a: Grimmsnarl|move: Leech Seed\n|move|p1a: Grimmsnarl|Spirit Break|p2b: Wo-Chien\n|-supereffective|p2b: Wo-Chien\n|-damage|p2b: Wo-Chien|73\/100\n|-unboost|p2b: Wo-Chien|spa|1\n|\n|-damage|p1a: Grimmsnarl|21\/100 psn|[from] Leech Seed|[of] p2b: Wo-Chien\n|-heal|p2b: Wo-Chien|85\/100|[silent]\n|-damage|p1a: Grimmsnarl|9\/100 psn|[from] psn\n|upkeep\n|turn|6\n|\n|t:|1682990439\n|switch|p1a: Bronzong|Bronzong, L50|88\/100\n|move|p1b: Gastrodon|Protect|p1b: Gastrodon\n|-singleturn|p1b: Gastrodon|Protect\n|move|p2b: Wo-Chien|Leech Seed|p1b: Gastrodon\n|-activate|p1b: Gastrodon|move: Protect\n|move|p2a: Glimmora|Mortal Spin|p1a: Bronzong|[spread] \n|-activate|p1b: Gastrodon|move: Protect\n|-immune|p1a: Bronzong\n|\n|upkeep\n|turn|7\n|\n|t:|1682990449\n|switch|p1b: Grimmsnarl|Grimmsnarl, L50, M|9\/100 psn\n|move|p2b: Wo-Chien|Leech Seed|p1a: Bronzong\n|-start|p1a: Bronzong|move: Leech Seed\n|move|p1a: Bronzong|Body Press|p2b: Wo-Chien\n|-supereffective|p2b: Wo-Chien\n|-damage|p2b: Wo-Chien|65\/100\n|move|p2a: Glimmora|Mortal Spin|p1a: Bronzong|[spread] p1b\n|-immune|p1a: Bronzong\n|-supereffective|p1b: Grimmsnarl\n|-damage|p1b: Grimmsnarl|2\/100 psn\n|\n|-damage|p1a: Bronzong|76\/100|[from] Leech Seed|[of] p2b: Wo-Chien\n|-heal|p2b: Wo-Chien|75\/100|[silent]\n|-damage|p1b: Grimmsnarl|0 fnt|[from] psn\n|faint|p1b: Grimmsnarl\n|upkeep\n|\n|t:|1682990459\n|switch|p1b: Gastrodon|Gastrodon, L50, F|100\/100\n|turn|8\n|inactive|AllCuzOfHax has 30 seconds left.\n|\n|t:|1682990489\n|move|p2b: Wo-Chien|Leech Seed|p1b: Gastrodon|[miss]\n|-miss|p2b: Wo-Chien|p1b: Gastrodon\n|move|p1b: Gastrodon|Earth Power|p2a: Glimmora\n|-supereffective|p2a: Glimmora\n|-damage|p2a: Glimmora|0 fnt\n|faint|p2a: Glimmora\n|move|p1a: Bronzong|Body Press|p2b: Wo-Chien\n|-supereffective|p2b: Wo-Chien\n|-damage|p2b: Wo-Chien|53\/100\n|\n|-damage|p1a: Bronzong|64\/100|[from] Leech Seed|[of] p2b: Wo-Chien\n|-heal|p2b: Wo-Chien|64\/100|[silent]\n|-sideend|p2: AllCuzOfHax|move: Light Screen\n|upkeep\n|\n|t:|1682990493\n|switch|p2a: Grimmsnarl|Grimmsnarl, L50, M|54\/100\n|turn|9\n|\n|t:|1682990508\n|move|p2a: Grimmsnarl|Light Screen|p2a: Grimmsnarl\n|-sidestart|p2: AllCuzOfHax|move: Light Screen\n|move|p2b: Wo-Chien|Leech Seed|p1b: Gastrodon\n|-start|p1b: Gastrodon|move: Leech Seed\n|move|p1b: Gastrodon|Sludge Bomb|p2a: Grimmsnarl\n|-supereffective|p2a: Grimmsnarl\n|-damage|p2a: Grimmsnarl|25\/100\n|move|p1a: Bronzong|Iron Head|p2a: Grimmsnarl\n|-supereffective|p2a: Grimmsnarl\n|-damage|p2a: Grimmsnarl|0 fnt\n|faint|p2a: Grimmsnarl\n|\n|-damage|p1b: Gastrodon|88\/100|[from] Leech Seed|[of] p2b: Wo-Chien\n|-heal|p2b: Wo-Chien|77\/100|[silent]\n|-damage|p1a: Bronzong|52\/100|[from] Leech Seed|[of] p2b: Wo-Chien\n|-heal|p2b: Wo-Chien|87\/100|[silent]\n|-sideend|p2: AllCuzOfHax|Reflect\n|upkeep\n|\n|t:|1682990519\n|switch|p2a: Ting-Lu|Ting-Lu, L50|75\/100\n|-ability|p2a: Ting-Lu|Vessel of Ruin\n|turn|10\n|\n|t:|1682990531\n|switch|p1b: Skeledirge|Skeledirge, L50, M|100\/100\n|move|p2b: Wo-Chien|Protect|p2b: Wo-Chien\n|-singleturn|p2b: Wo-Chien|Protect\n|move|p2a: Ting-Lu|Protect|p2a: Ting-Lu\n|-singleturn|p2a: Ting-Lu|Protect\n|move|p1a: Bronzong|Body Press|p2a: Ting-Lu\n|-activate|p2a: Ting-Lu|move: Protect\n|\n|-heal|p2a: Ting-Lu|81\/100|[from] item: Leftovers\n|-damage|p1a: Bronzong|40\/100|[from] Leech Seed|[of] p2b: Wo-Chien\n|-heal|p2b: Wo-Chien|98\/100|[silent]\n|upkeep\n|turn|11\n|\n|t:|1682990545\n|switch|p1a: Gastrodon|Gastrodon, L50, F|88\/100\n|-terastallize|p1b: Skeledirge|Fairy\n|move|p2b: Wo-Chien|Leech Seed|p1b: Skeledirge\n|-start|p1b: Skeledirge|move: Leech Seed\n|move|p1b: Skeledirge|Encore|p2b: Wo-Chien\n|-start|p2b: Wo-Chien|Encore\n|move|p2a: Ting-Lu|Ruination|p1b: Skeledirge\n|-damage|p1b: Skeledirge|51\/100\n|\n|-heal|p1b: Skeledirge|57\/100|[from] item: Leftovers\n|-heal|p2a: Ting-Lu|87\/100|[from] item: Leftovers\n|-damage|p1b: Skeledirge|44\/100|[from] Leech Seed|[of] p2b: Wo-Chien\n|-heal|p2b: Wo-Chien|100\/100|[silent]\n|upkeep\n|turn|12\n|\n|t:|1682990557\n|switch|p1b: Bronzong|Bronzong, L50|40\/100\n|move|p2b: Wo-Chien|Leech Seed|p1a: Gastrodon\n|-start|p1a: Gastrodon|move: Leech Seed\n|move|p2a: Ting-Lu|Heavy Slam|p1b: Bronzong\n|-resisted|p1b: Bronzong\n|-damage|p1b: Bronzong|35\/100\n|move|p1a: Gastrodon|Sludge Bomb|p2b: Wo-Chien\n|-supereffective|p2b: Wo-Chien\n|-damage|p2b: Wo-Chien|85\/100\n|\n|-heal|p2a: Ting-Lu|93\/100|[from] item: Leftovers\n|-damage|p1a: Gastrodon|76\/100|[from] Leech Seed|[of] p2b: Wo-Chien\n|-heal|p2b: Wo-Chien|98\/100|[silent]\n|upkeep\n|turn|13\n|\n|t:|1682990572\n|switch|p1a: Skeledirge|Skeledirge, L50, M, tera:Fairy|44\/100\n|move|p2b: Wo-Chien|Leech Seed|p1b: Bronzong\n|-start|p1b: Bronzong|move: Leech Seed\n|move|p2a: Ting-Lu|Ruination|p1a: Skeledirge\n|-damage|p1a: Skeledirge|23\/100\n|move|p1b: Bronzong|Body Press|p2b: Wo-Chien\n|-supereffective|p2b: Wo-Chien\n|-damage|p2b: Wo-Chien|63\/100\n|\n|-heal|p1a: Skeledirge|29\/100|[from] item: Leftovers\n|-heal|p2a: Ting-Lu|99\/100|[from] item: Leftovers\n|-damage|p1b: Bronzong|23\/100|[from] Leech Seed|[of] p2b: Wo-Chien\n|-heal|p2b: Wo-Chien|74\/100|[silent]\n|upkeep\n|turn|14\n|\n|t:|1682990582\n|switch|p1b: Gastrodon|Gastrodon, L50, F|76\/100\n|move|p1a: Skeledirge|Protect|p1a: Skeledirge\n|-singleturn|p1a: Skeledirge|Protect\n|move|p2b: Wo-Chien|Leech Seed|p1a: Skeledirge\n|-activate|p1a: Skeledirge|move: Protect\n|move|p2a: Ting-Lu|Heavy Slam|p1a: Skeledirge\n|-activate|p1a: Skeledirge|move: Protect\n|\n|-heal|p1a: Skeledirge|34\/100|[from] item: Leftovers\n|-heal|p2a: Ting-Lu|100\/100|[from] item: Leftovers\n|-end|p2b: Wo-Chien|Encore\n|upkeep\n|turn|15\n|\n|t:|1682990596\n|move|p2b: Wo-Chien|Leech Seed|p1a: Skeledirge\n|-start|p1a: Skeledirge|move: Leech Seed\n|move|p1a: Skeledirge|Torch Song|p2b: Wo-Chien\n|-supereffective|p2b: Wo-Chien\n|-damage|p2b: Wo-Chien|47\/100\n|-boost|p1a: Skeledirge|spa|1\n|move|p2a: Ting-Lu|Heavy Slam|p1a: Skeledirge\n|-supereffective|p1a: Skeledirge\n|-damage|p1a: Skeledirge|13\/100\n|move|p1b: Gastrodon|Sludge Bomb|p2b: Wo-Chien\n|-supereffective|p2b: Wo-Chien\n|-damage|p2b: Wo-Chien|31\/100\n|-status|p2b: Wo-Chien|psn\n|\n|-heal|p1a: Skeledirge|19\/100|[from] item: Leftovers\n|-damage|p1a: Skeledirge|7\/100|[from] Leech Seed|[of] p2b: Wo-Chien\n|-heal|p2b: Wo-Chien|44\/100 psn|[silent]\n|-damage|p2b: Wo-Chien|31\/100 psn|[from] psn\n|upkeep\n|turn|16\n|\n|t:|1682990613\n|switch|p1a: Bronzong|Bronzong, L50|23\/100\n|move|p1b: Gastrodon|Protect|p1b: Gastrodon\n|-singleturn|p1b: Gastrodon|Protect\n|move|p2b: Wo-Chien|Leech Seed|p1b: Gastrodon\n|-activate|p1b: Gastrodon|move: Protect\n|move|p2a: Ting-Lu|Ruination|p1b: Gastrodon\n|-activate|p1b: Gastrodon|move: Protect\n|\n|-damage|p2b: Wo-Chien|19\/100 psn|[from] psn\n|-sideend|p2: AllCuzOfHax|move: Light Screen\n|upkeep\n|-enditem|p2b: Wo-Chien|Aguav Berry|[eat]\n|-heal|p2b: Wo-Chien|52\/100 psn|[from] item: Aguav Berry\n|turn|17\n|\n|t:|1682990631\n|move|p2b: Wo-Chien|Leech Seed|p1b: Gastrodon\n|-start|p1b: Gastrodon|move: Leech Seed\n|move|p2a: Ting-Lu|Ruination|p1b: Gastrodon\n|-damage|p1b: Gastrodon|39\/100\n|move|p1b: Gastrodon|Sludge Bomb|p2b: Wo-Chien\n|-supereffective|p2b: Wo-Chien\n|-damage|p2b: Wo-Chien|29\/100 psn\n|move|p1a: Bronzong|Body Press|p2b: Wo-Chien\n|-supereffective|p2b: Wo-Chien\n|-damage|p2b: Wo-Chien|0 fnt\n|faint|p2b: Wo-Chien\n|\n|upkeep\n|turn|18\n|\n|t:|1682990652\n|-terastallize|p2a: Ting-Lu|Fairy\n|move|p1b: Gastrodon|Protect|p1b: Gastrodon\n|-singleturn|p1b: Gastrodon|Protect\n|move|p2a: Ting-Lu|Earthquake|p1b: Gastrodon|[spread] \n|-activate|p1b: Gastrodon|move: Protect\n|-immune|p1a: Bronzong|[from] ability: Levitate\n|move|p1a: Bronzong|Body Press|p2a: Ting-Lu\n|-resisted|p2a: Ting-Lu\n|-damage|p2a: Ting-Lu|93\/100\n|\n|-heal|p2a: Ting-Lu|99\/100|[from] item: Leftovers\n|upkeep\n|turn|19\n|\n|t:|1682990666\n|move|p2a: Ting-Lu|Earthquake|p1b: Gastrodon|[spread] p1b\n|-immune|p1a: Bronzong|[from] ability: Levitate\n|-damage|p1b: Gastrodon|4\/100\n|move|p1b: Gastrodon|Sludge Bomb|p2a: Ting-Lu\n|-supereffective|p2a: Ting-Lu\n|-damage|p2a: Ting-Lu|78\/100\n|move|p1a: Bronzong|Iron Head|p2a: Ting-Lu\n|-supereffective|p2a: Ting-Lu\n|-damage|p2a: Ting-Lu|51\/100\n|\n|-heal|p2a: Ting-Lu|57\/100|[from] item: Leftovers\n|upkeep\n|turn|20\n|\n|t:|1682990677\n|move|p1b: Gastrodon|Protect|p1b: Gastrodon\n|-singleturn|p1b: Gastrodon|Protect\n|move|p2a: Ting-Lu|Heavy Slam|p1b: Gastrodon\n|-activate|p1b: Gastrodon|move: Protect\n|move|p1a: Bronzong|Iron Head|p2a: Ting-Lu\n|-supereffective|p2a: Ting-Lu\n|-damage|p2a: Ting-Lu|26\/100\n|\n|-heal|p2a: Ting-Lu|33\/100|[from] item: Leftovers\n|upkeep\n|turn|21\n|\n|t:|1682990686\n|move|p2a: Ting-Lu|Protect|p2a: Ting-Lu\n|-singleturn|p2a: Ting-Lu|Protect\n|move|p1b: Gastrodon|Sludge Bomb|p2a: Ting-Lu\n|-activate|p2a: Ting-Lu|move: Protect\n|move|p1a: Bronzong|Iron Head|p2a: Ting-Lu\n|-activate|p2a: Ting-Lu|move: Protect\n|\n|-heal|p2a: Ting-Lu|39\/100|[from] item: Leftovers\n|upkeep\n|turn|22\n|\n|t:|1682990691\n|move|p1b: Gastrodon|Protect|p1b: Gastrodon\n|-singleturn|p1b: Gastrodon|Protect\n|move|p2a: Ting-Lu|Heavy Slam|p1a: Bronzong\n|-resisted|p1a: Bronzong\n|-damage|p1a: Bronzong|16\/100\n|move|p1a: Bronzong|Trick Room|p1a: Bronzong\n|-fieldstart|move: Trick Room|[of] p1a: Bronzong\n|\n|-heal|p2a: Ting-Lu|45\/100|[from] item: Leftovers\n|upkeep\n|turn|23\n|\n|t:|1682990696\n|move|p2a: Ting-Lu|Protect|p2a: Ting-Lu\n|-singleturn|p2a: Ting-Lu|Protect\n|move|p1a: Bronzong|Iron Head|p2a: Ting-Lu\n|-activate|p2a: Ting-Lu|move: Protect\n|move|p1b: Gastrodon|Sludge Bomb|p2a: Ting-Lu\n|-activate|p2a: Ting-Lu|move: Protect\n|\n|-heal|p2a: Ting-Lu|51\/100|[from] item: Leftovers\n|upkeep\n|turn|24\n|inactive|AllCuzOfHax has 30 seconds left.\n|\n|t:|1682990724\n|move|p1a: Bronzong|Iron Head|p2a: Ting-Lu\n|-supereffective|p2a: Ting-Lu\n|-damage|p2a: Ting-Lu|23\/100\n|move|p1b: Gastrodon|Sludge Bomb|p2a: Ting-Lu\n|-supereffective|p2a: Ting-Lu\n|-damage|p2a: Ting-Lu|2\/100\n|cant|p2a: Ting-Lu|flinch\n|\n|-heal|p2a: Ting-Lu|8\/100|[from] item: Leftovers\n|upkeep\n|turn|25\n|-message|AllCuzOfHax forfeited.\n|\n|win|hhhyy6\n|raw|hhhyy6's rating: 1263 → 1293<\/strong> (+30 for winning)\n|raw|AllCuzOfHax's rating: 1332 → 1308<\/strong> (-24 for losing)\n|l|\u2606AllCuzOfHax\n","uploadtime":1682990731,"views":15,"p1id":"hhhyy6","p2id":"allcuzofhax","formatid":"gen9vgc2023regulationc","rating":1293,"private":0,"password":""}