{"id":"gen9vgc2023regulationc-1849221820","p1":"Insertable194","p2":"chipp zanuff 7","format":"[Gen 9] VGC 2023 Regulation C","log":"|j|\u2606Insertable194\n|j|\u2606chipp zanuff 7\n|t:|1682174534\n|gametype|doubles\n|player|p1|Insertable194|hilbert-wonderlauncher|\n|player|p2|chipp zanuff 7|102|\n|teamsize|p1|6\n|teamsize|p2|5\n|gen|9\n|tier|[Gen 9] VGC 2023 Regulation C\n|rated|Tournament battle\n|rule|Species Clause: Limit one of each Pok\u00e9mon\n|rule|Item Clause: Limit one of each item\n|clearpoke\n|poke|p1|Ting-Lu, L50|\n|poke|p1|Palafin, L50, F|\n|poke|p1|Amoonguss, L50, F|\n|poke|p1|Arcanine, L50, M|\n|poke|p1|Flutter Mane, L50|\n|poke|p1|Iron Hands, L50|\n|poke|p2|Garganacl, L50, M|\n|poke|p2|Gyarados, L50, F|\n|poke|p2|Amoonguss, L50, M|\n|poke|p2|Ting-Lu, L50|\n|poke|p2|Flutter Mane, L50|\n|teampreview|4\n|raw| Open Team Sheet for Insertable194<\/summary>Ting-Lu @ Assault Vest Ability: Vessel of Ruin Level: 50 Tera Type: Grass - Stomping Tantrum - Heavy Slam - Ruination - Fissure Palafin @ Mystic Water Ability: Zero to Hero Level: 50 Shiny: Yes Tera Type: Water - Wave Crash - Jet Punch - Taunt - Protect Amoonguss @ Sitrus Berry Ability: Regenerator Level: 50 Tera Type: Water - Pollen Puff - Spore - Rage Powder - Protect Arcanine @ Figy Berry Ability: Intimidate Level: 50 Tera Type: Flying - Flare Blitz - Extreme Speed - Will-O-Wisp - Protect Flutter Mane @ Choice Specs Ability: Protosynthesis Level: 50 Tera Type: Water - Moonblast - Shadow Ball - Dazzling Gleam - Thunderbolt Iron Hands @ Safety Goggles Ability: Quark Drive Level: 50 Tera Type: Fire - Drain Punch - Thunder Punch - Swords Dance - Protect <\/details><\/div> Open Team Sheet for chipp zanuff 7<\/summary>Garganacl @ Leftovers Ability: Purifying Salt Level: 50 Tera Type: Ghost - Salt Cure - Recover - Protect - Stealth Rock Gyarados @ Safety Goggles Ability: Intimidate Level: 50 Tera Type: Grass - Waterfall - Protect - Taunt - Thunder Wave Amoonguss (M) @ Sitrus Berry Ability: Regenerator Level: 50 Tera Type: Water - Spore - Pollen Puff - Rage Powder - Protect Ting-Lu @ Assault Vest Ability: Vessel of Ruin Level: 50 Tera Type: Poison - Stomping Tantrum - Stone Edge - Throat Chop - Fissure Flutter Mane @ Booster Energy Ability: Protosynthesis Level: 50 Tera Type: Fairy - Dazzling Gleam - Protect - Substitute - Hex <\/details><\/div>\n|inactive|Battle timer is ON: inactive players will automatically lose when time's up. (requested by chipp zanuff 7)\n|inactive|Insertable194 has 60 seconds left.\n|\n|t:|1682174606\n|start\n|switch|p1a: Flutter Mane|Flutter Mane, L50|100\/100\n|switch|p1b: Arcanine|Arcanine, L50, M|100\/100\n|switch|p2a: Garganacl|Garganacl, L50, M|100\/100\n|switch|p2b: Gyarados|Gyarados, L50, F|100\/100\n|-ability|p1b: Arcanine|Intimidate|boost\n|-unboost|p2a: Garganacl|atk|1\n|-unboost|p2b: Gyarados|atk|1\n|-ability|p2b: Gyarados|Intimidate|boost\n|-unboost|p1a: Flutter Mane|atk|1\n|-unboost|p1b: Arcanine|atk|1\n|turn|1\n|inactive|Insertable194 has 30 seconds left.\n|inactive|chipp zanuff 7 has 30 seconds left.\n|j| IceColdGhost\n|j| NooobGuy\n|inactive|chipp zanuff 7 has 20 seconds left.\n|l| IceColdGhost\n|inactive|chipp zanuff 7 has 15 seconds left.\n|\n|t:|1682174650\n|-end|p1a: Flutter Mane|Protosynthesis|[silent]\n|switch|p1a: Iron Hands|Iron Hands, L50|100\/100\n|switch|p1b: Ting-Lu|Ting-Lu, L50|100\/100\n|-ability|p1b: Ting-Lu|Vessel of Ruin\n|switch|p2b: Ting-Lu|Ting-Lu, L50|100\/100\n|-ability|p2b: Ting-Lu|Vessel of Ruin\n|move|p2a: Garganacl|Stealth Rock|p1a: Iron Hands\n|-sidestart|p1: Insertable194|move: Stealth Rock\n|\n|upkeep\n|turn|2\n|inactive|Insertable194 has 30 seconds left.\n|inactive|chipp zanuff 7 has 30 seconds left.\n|inactive|chipp zanuff 7 has 20 seconds left.\n|inactive|chipp zanuff 7 has 15 seconds left.\n|inactive|chipp zanuff 7 has 10 seconds left.\n|j| sadgirl23\n|\n|t:|1682174696\n|switch|p2b: Gyarados|Gyarados, L50, F|100\/100\n|-ability|p2b: Gyarados|Intimidate|boost\n|-unboost|p1a: Iron Hands|atk|1\n|-unboost|p1b: Ting-Lu|atk|1\n|move|p1a: Iron Hands|Swords Dance|p1a: Iron Hands\n|-boost|p1a: Iron Hands|atk|2\n|move|p1b: Ting-Lu|Fissure|p2b: Gyarados\n|-immune|p2b: Gyarados\n|move|p2a: Garganacl|Salt Cure|p1a: Iron Hands\n|-resisted|p1a: Iron Hands\n|-damage|p1a: Iron Hands|97\/100\n|-start|p1a: Iron Hands|Salt Cure\n|\n|-damage|p1a: Iron Hands|85\/100|[from] Salt Cure\n|upkeep\n|turn|3\n|l| sadgirl23\n|inactive|Insertable194 has 30 seconds left.\n|inactive|chipp zanuff 7 has 30 seconds left.\n|\n|t:|1682174726\n|switch|p2b: Amoonguss|Amoonguss, L50, M|100\/100\n|move|p1a: Iron Hands|Drain Punch|p2a: Garganacl\n|-supereffective|p2a: Garganacl\n|-damage|p2a: Garganacl|7\/100\n|-heal|p1a: Iron Hands|100\/100|[from] drain|[of] p2a: Garganacl\n|move|p1b: Ting-Lu|Ruination|p2b: Amoonguss\n|-damage|p2b: Amoonguss|50\/100\n|-enditem|p2b: Amoonguss|Sitrus Berry|[eat]\n|-heal|p2b: Amoonguss|75\/100|[from] item: Sitrus Berry\n|move|p2a: Garganacl|Salt Cure|p1b: Ting-Lu\n|-resisted|p1b: Ting-Lu\n|-damage|p1b: Ting-Lu|98\/100\n|-start|p1b: Ting-Lu|Salt Cure\n|\n|-heal|p2a: Garganacl|13\/100|[from] item: Leftovers\n|-damage|p1a: Iron Hands|88\/100|[from] Salt Cure\n|-damage|p1b: Ting-Lu|86\/100|[from] Salt Cure\n|upkeep\n|turn|4\n|j| sadgirl23\n|j| IceColdGhost\n|inactive|Insertable194 has 30 seconds left.\n|inactive|chipp zanuff 7 has 30 seconds left.\n|inactive|Insertable194 has 20 seconds left.\n|\n|t:|1682174761\n|move|p1a: Iron Hands|Protect|p1a: Iron Hands\n|-singleturn|p1a: Iron Hands|Protect\n|move|p2b: Amoonguss|Rage Powder|p2b: Amoonguss\n|-singleturn|p2b: Amoonguss|move: Rage Powder\n|move|p1b: Ting-Lu|Fissure|p2b: Amoonguss|[miss]\n|-miss|p1b: Ting-Lu|p2b: Amoonguss\n|move|p2a: Garganacl|Recover|p2a: Garganacl\n|-heal|p2a: Garganacl|63\/100\n|\n|-heal|p2a: Garganacl|69\/100|[from] item: Leftovers\n|-damage|p1a: Iron Hands|76\/100|[from] Salt Cure\n|-damage|p1b: Ting-Lu|73\/100|[from] Salt Cure\n|upkeep\n|turn|5\n|\n|t:|1682174784\n|-end|p1a: Iron Hands|Quark Drive|[silent]\n|switch|p1a: Arcanine|Arcanine, L50, M|100\/100\n|-damage|p1a: Arcanine|76\/100|[from] Stealth Rock\n|-ability|p1a: Arcanine|Intimidate|boost\n|-unboost|p2a: Garganacl|atk|1\n|-unboost|p2b: Amoonguss|atk|1\n|switch|p2b: Gyarados|Gyarados, L50, F|100\/100\n|-ability|p2b: Gyarados|Intimidate|boost\n|-unboost|p1a: Arcanine|atk|1\n|-unboost|p1b: Ting-Lu|atk|1\n|-terastallize|p2a: Garganacl|Ghost\n|move|p1b: Ting-Lu|Fissure|p2b: Gyarados\n|-immune|p2b: Gyarados\n|move|p2a: Garganacl|Salt Cure|p1a: Arcanine\n|-supereffective|p1a: Arcanine\n|-damage|p1a: Arcanine|60\/100\n|-start|p1a: Arcanine|Salt Cure\n|\n|-heal|p2a: Garganacl|75\/100|[from] item: Leftovers\n|-damage|p1a: Arcanine|48\/100|[from] Salt Cure\n|-damage|p1b: Ting-Lu|61\/100|[from] Salt Cure\n|upkeep\n|turn|6\n|inactive|Insertable194 has 30 seconds left.\n|inactive|chipp zanuff 7 has 30 seconds left.\n|l| IceColdGhost\n|\n|t:|1682174818\n|switch|p1b: Flutter Mane|Flutter Mane, L50|100\/100\n|-damage|p1b: Flutter Mane|88\/100|[from] Stealth Rock\n|move|p1a: Arcanine|Flare Blitz|p2a: Garganacl\n|-damage|p2a: Garganacl|50\/100\n|-damage|p1a: Arcanine|40\/100|[from] Recoil\n|move|p2b: Gyarados|Waterfall|p1a: Arcanine\n|-supereffective|p1a: Arcanine\n|-damage|p1a: Arcanine|0 fnt\n|faint|p1a: Arcanine\n|move|p2a: Garganacl|Salt Cure|p1b: Flutter Mane\n|-damage|p1b: Flutter Mane|76\/100\n|-start|p1b: Flutter Mane|Salt Cure\n|\n|-heal|p2a: Garganacl|55\/100|[from] item: Leftovers\n|-damage|p1b: Flutter Mane|64\/100|[from] Salt Cure\n|upkeep\n|\n|t:|1682174826\n|switch|p1a: Iron Hands|Iron Hands, L50|76\/100\n|-damage|p1a: Iron Hands|70\/100|[from] Stealth Rock\n|turn|7\n|\n|t:|1682174847\n|switch|p2b: Ting-Lu|Ting-Lu, L50|100\/100\n|-ability|p2b: Ting-Lu|Vessel of Ruin\n|move|p1b: Flutter Mane|Moonblast|p2a: Garganacl\n|-damage|p2a: Garganacl|21\/100\n|move|p1a: Iron Hands|Swords Dance|p1a: Iron Hands\n|-boost|p1a: Iron Hands|atk|2\n|move|p2a: Garganacl|Recover|p2a: Garganacl\n|-heal|p2a: Garganacl|71\/100\n|\n|-heal|p2a: Garganacl|77\/100|[from] item: Leftovers\n|-damage|p1b: Flutter Mane|52\/100|[from] Salt Cure\n|upkeep\n|turn|8\n|\n|t:|1682174869\n|-end|p1b: Flutter Mane|Protosynthesis|[silent]\n|switch|p1b: Ting-Lu|Ting-Lu, L50|61\/100\n|-damage|p1b: Ting-Lu|55\/100|[from] Stealth Rock\n|-ability|p1b: Ting-Lu|Vessel of Ruin\n|switch|p2b: Gyarados|Gyarados, L50, F|100\/100\n|-ability|p2b: Gyarados|Intimidate|boost\n|-unboost|p1a: Iron Hands|atk|1\n|-unboost|p1b: Ting-Lu|atk|1\n|move|p1a: Iron Hands|Drain Punch|p2b: Gyarados\n|-resisted|p2b: Gyarados\n|-damage|p2b: Gyarados|71\/100\n|-heal|p1a: Iron Hands|83\/100|[from] drain|[of] p2b: Gyarados\n|move|p2a: Garganacl|Salt Cure|p1a: Iron Hands\n|-resisted|p1a: Iron Hands\n|-damage|p1a: Iron Hands|80\/100\n|-start|p1a: Iron Hands|Salt Cure\n|\n|-heal|p2a: Garganacl|83\/100|[from] item: Leftovers\n|-damage|p1a: Iron Hands|68\/100|[from] Salt Cure\n|upkeep\n|turn|9\n|\n|t:|1682174891\n|switch|p2b: Amoonguss|Amoonguss, L50, M|100\/100\n|move|p1a: Iron Hands|Drain Punch|p2b: Amoonguss\n|-resisted|p2b: Amoonguss\n|-damage|p2b: Amoonguss|67\/100\n|-heal|p1a: Iron Hands|84\/100|[from] drain|[of] p2b: Amoonguss\n|move|p1b: Ting-Lu|Fissure|p2a: Garganacl|[miss]\n|-miss|p1b: Ting-Lu|p2a: Garganacl\n|move|p2a: Garganacl|Salt Cure|p1b: Ting-Lu\n|-resisted|p1b: Ting-Lu\n|-damage|p1b: Ting-Lu|53\/100\n|-start|p1b: Ting-Lu|Salt Cure\n|\n|-heal|p2a: Garganacl|89\/100|[from] item: Leftovers\n|-damage|p1a: Iron Hands|72\/100|[from] Salt Cure\n|-damage|p1b: Ting-Lu|40\/100|[from] Salt Cure\n|upkeep\n|turn|10\n|inactive|Insertable194 has 30 seconds left.\n|inactive|Insertable194 has 20 seconds left.\n|inactive|Insertable194 has 15 seconds left.\n|inactive|Insertable194 has 10 seconds left.\n|\n|t:|1682174937\n|switch|p2a: Gyarados|Gyarados, L50, F|71\/100\n|-ability|p2a: Gyarados|Intimidate|boost\n|-unboost|p1a: Iron Hands|atk|1\n|-unboost|p1b: Ting-Lu|atk|1\n|move|p1a: Iron Hands|Thunder Punch|p2a: Gyarados\n|-supereffective|p2a: Gyarados\n|-damage|p2a: Gyarados|0 fnt\n|faint|p2a: Gyarados\n|move|p1b: Ting-Lu|Fissure|p2b: Amoonguss|[miss]\n|-miss|p1b: Ting-Lu|p2b: Amoonguss\n|move|p2b: Amoonguss|Spore|p1b: Ting-Lu\n|-status|p1b: Ting-Lu|slp|[from] move: Spore\n|\n|-damage|p1a: Iron Hands|60\/100|[from] Salt Cure\n|-damage|p1b: Ting-Lu|28\/100 slp|[from] Salt Cure\n|upkeep\n|\n|t:|1682174946\n|switch|p2a: Ting-Lu|Ting-Lu, L50|100\/100\n|-ability|p2a: Ting-Lu|Vessel of Ruin\n|turn|11\n|\n|t:|1682174968\n|move|p2b: Amoonguss|Rage Powder|p2b: Amoonguss\n|-singleturn|p2b: Amoonguss|move: Rage Powder\n|move|p1a: Iron Hands|Drain Punch|p2a: Ting-Lu\n|-supereffective|p2a: Ting-Lu\n|-damage|p2a: Ting-Lu|63\/100\n|-heal|p1a: Iron Hands|81\/100|[from] drain|[of] p2a: Ting-Lu\n|cant|p1b: Ting-Lu|slp\n|move|p2a: Ting-Lu|Fissure|p1a: Iron Hands|[miss]\n|-miss|p2a: Ting-Lu|p1a: Iron Hands\n|\n|-damage|p1a: Iron Hands|69\/100|[from] Salt Cure\n|-damage|p1b: Ting-Lu|16\/100 slp|[from] Salt Cure\n|upkeep\n|turn|12\n|l| NooobGuy\n|\n|t:|1682174994\n|move|p1a: Iron Hands|Drain Punch|p2a: Ting-Lu\n|-supereffective|p2a: Ting-Lu\n|-damage|p2a: Ting-Lu|24\/100\n|-heal|p1a: Iron Hands|91\/100|[from] drain|[of] p2a: Ting-Lu\n|cant|p1b: Ting-Lu|slp\n|move|p2a: Ting-Lu|Stomping Tantrum|p1a: Iron Hands\n|-supereffective|p1a: Iron Hands\n|-damage|p1a: Iron Hands|7\/100\n|move|p2b: Amoonguss|Pollen Puff|p2a: Ting-Lu\n|-heal|p2a: Ting-Lu|74\/100\n|\n|-damage|p1a: Iron Hands|0 fnt|[from] Salt Cure\n|faint|p1a: Iron Hands\n|-end|p1a: Iron Hands|Quark Drive|[silent]\n|-damage|p1b: Ting-Lu|3\/100 slp|[from] Salt Cure\n|upkeep\n|\n|t:|1682175002\n|switch|p1a: Flutter Mane|Flutter Mane, L50|52\/100\n|-damage|p1a: Flutter Mane|39\/100|[from] Stealth Rock\n|turn|13\n|\n|t:|1682175023\n|-terastallize|p1a: Flutter Mane|Water\n|move|p1a: Flutter Mane|Moonblast|p2a: Ting-Lu\n|-supereffective|p2a: Ting-Lu\n|-damage|p2a: Ting-Lu|24\/100\n|cant|p1b: Ting-Lu|slp\n|move|p2a: Ting-Lu|Stomping Tantrum|p1a: Flutter Mane\n|-damage|p1a: Flutter Mane|0 fnt\n|faint|p1a: Flutter Mane\n|-end|p1a: Flutter Mane|Protosynthesis|[silent]\n|move|p2b: Amoonguss|Pollen Puff|p1b: Ting-Lu\n|-supereffective|p1b: Ting-Lu\n|-damage|p1b: Ting-Lu|0 fnt\n|faint|p1b: Ting-Lu\n|\n|win|chipp zanuff 7\n|n|\u2606Insertable194|insertable194\n|n|\u2606chipp zanuff 7|chippzanuff7\n|n| sadgirl23|sadgirl23\n","uploadtime":1682175029,"views":7,"p1id":"insertable194","p2id":"chippzanuff7","formatid":"gen9vgc2023regulationc","rating":0,"private":0,"password":""}