{"id":"gen9vgc2023regulationc-1864163855","p1":"DamEdge","p2":"revocolombia","format":"[Gen 9] VGC 2023 Regulation C","log":"|j|\u2606DamEdge\n|j|\u2606revocolombia\n|t:|1684127981\n|gametype|doubles\n|player|p1|DamEdge|rocketgrunt|1348\n|player|p2|revocolombia|pokemonranger-gen4|1393\n|teamsize|p1|6\n|teamsize|p2|6\n|gen|9\n|tier|[Gen 9] VGC 2023 Regulation C\n|rated|\n|rule|Species Clause: Limit one of each Pok\u00e9mon\n|rule|Item Clause: Limit one of each item\n|clearpoke\n|poke|p1|Flutter Mane, L50|\n|poke|p1|Great Tusk, L50|\n|poke|p1|Hawlucha, L50, M|\n|poke|p1|Chi-Yu, L50|\n|poke|p1|Indeedee-F, L50, F|\n|poke|p1|Murkrow, L50, F|\n|poke|p2|Flutter Mane, L50|\n|poke|p2|Annihilape, L50, M|\n|poke|p2|Dragonite, L50, F|\n|poke|p2|Chien-Pao, L50|\n|poke|p2|Murkrow, L50, M|\n|poke|p2|Gholdengo, L50|\n|teampreview|4\n|\n|t:|1684128035\n|start\n|switch|p1a: Hawlucha|Hawlucha, L50, M, shiny|100\/100\n|switch|p1b: Indeedee|Indeedee-F, L50, F|100\/100\n|switch|p2a: Chien-Pao|Chien-Pao, L50|100\/100\n|switch|p2b: Annihilape|Annihilape, L50, M, shiny|100\/100\n|-ability|p2a: Chien-Pao|Sword of Ruin\n|-fieldstart|move: Psychic Terrain|[from] ability: Psychic Surge|[of] p1b: Indeedee\n|-enditem|p1a: Hawlucha|Psychic Seed\n|-boost|p1a: Hawlucha|spd|1|[from] item: Psychic Seed\n|turn|1\n|inactive|Battle timer is ON: inactive players will automatically lose when time's up. (requested by DamEdge)\n|\n|t:|1684128058\n|-terastallize|p2b: Annihilape|Fire\n|move|p1b: Indeedee|Follow Me|p1b: Indeedee\n|-singleturn|p1b: Indeedee|move: Follow Me\n|move|p1a: Hawlucha|Swords Dance|p1a: Hawlucha\n|-boost|p1a: Hawlucha|atk|2\n|move|p2a: Chien-Pao|Ice Spinner|p1b: Indeedee\n|-damage|p1b: Indeedee|43\/100\n|-fieldend|move: Psychic Terrain\n|move|p2b: Annihilape|Bulk Up|p2b: Annihilape\n|-boost|p2b: Annihilape|atk|1\n|-boost|p2b: Annihilape|def|1\n|\n|upkeep\n|turn|2\n|inactive|DamEdge has 30 seconds left.\n|\n|t:|1684128085\n|-terastallize|p1a: Hawlucha|Steel\n|move|p1a: Hawlucha|Acrobatics|p2b: Annihilape\n|-damage|p2b: Annihilape|13\/100\n|move|p2a: Chien-Pao|Ice Spinner|p1b: Indeedee\n|-damage|p1b: Indeedee|0 fnt\n|faint|p1b: Indeedee\n|move|p2b: Annihilape|Bulk Up|p2b: Annihilape\n|-boost|p2b: Annihilape|atk|1\n|-boost|p2b: Annihilape|def|1\n|\n|-heal|p2b: Annihilape|20\/100|[from] item: Leftovers\n|upkeep\n|\n|t:|1684128094\n|switch|p1b: Great Tusk|Great Tusk, L50|100\/100\n|turn|3\n|\n|t:|1684128104\n|move|p2b: Annihilape|Protect|p2b: Annihilape\n|-singleturn|p2b: Annihilape|Protect\n|move|p1a: Hawlucha|Acrobatics|p2a: Chien-Pao\n|-enditem|p2a: Chien-Pao|Focus Sash\n|-damage|p2a: Chien-Pao|1\/100\n|move|p1b: Great Tusk|Rock Slide|p2b: Annihilape|[spread] p2a\n|-activate|p2b: Annihilape|move: Protect\n|-supereffective|p2a: Chien-Pao\n|-damage|p2a: Chien-Pao|0 fnt\n|faint|p2a: Chien-Pao\n|\n|-heal|p2b: Annihilape|26\/100|[from] item: Leftovers\n|upkeep\n|\n|t:|1684128127\n|switch|p2a: Flutter Mane|Flutter Mane, L50|100\/100\n|-enditem|p2a: Flutter Mane|Booster Energy\n|-activate|p2a: Flutter Mane|ability: Protosynthesis|[fromitem]\n|-start|p2a: Flutter Mane|protosynthesisspe\n|turn|4\n|\n|t:|1684128137\n|switch|p2b: Dragonite|Dragonite, L50, F|100\/100\n|move|p1a: Hawlucha|Acrobatics|p2a: Flutter Mane\n|-damage|p2a: Flutter Mane|0 fnt\n|faint|p2a: Flutter Mane\n|-end|p2a: Flutter Mane|Protosynthesis|[silent]\n|move|p1b: Great Tusk|Rock Slide|p2b: Dragonite\n|-supereffective|p2b: Dragonite\n|-damage|p2b: Dragonite|74\/100\n|\n|upkeep\n|\n|t:|1684128148\n|switch|p2a: Annihilape|Annihilape, L50, M, shiny, tera:Fire|26\/100\n|turn|5\n|\n|t:|1684128161\n|move|p2b: Dragonite|Extreme Speed|p1b: Great Tusk\n|-damage|p1b: Great Tusk|77\/100\n|move|p1a: Hawlucha|Acrobatics|p2b: Dragonite\n|-damage|p2b: Dragonite|0 fnt\n|faint|p2b: Dragonite\n|move|p1b: Great Tusk|Rock Slide|p2a: Annihilape\n|-supereffective|p2a: Annihilape\n|-damage|p2a: Annihilape|0 fnt\n|faint|p2a: Annihilape\n|\n|win|DamEdge\n|raw|DamEdge's rating: 1348 → 1371<\/strong> (+23 for winning)\n|raw|revocolombia's rating: 1393 → 1370<\/strong> (-23 for losing)\n|l|\u2606DamEdge\n","uploadtime":1684128174,"views":6,"p1id":"damedge","p2id":"revocolombia","formatid":"gen9vgc2023regulationc","rating":1370,"private":0,"password":""}