{"id":"gen9vgc2023regulationc-1858636808","p1":"Sandwich350","p2":"arcaninesrules","format":"[Gen 9] VGC 2023 Regulation C","log":"|j|\u2606Sandwich350\n|j|\u2606arcaninesrules\n|t:|1683335518\n|gametype|doubles\n|player|p1|Sandwich350|olympia|1350\n|player|p2|arcaninesrules|266|1290\n|teamsize|p1|6\n|teamsize|p2|6\n|gen|9\n|tier|[Gen 9] VGC 2023 Regulation C\n|rated|\n|rule|Species Clause: Limit one of each Pok\u00e9mon\n|rule|Item Clause: Limit one of each item\n|clearpoke\n|poke|p1|Volcarona, L50, M|\n|poke|p1|Grimmsnarl, L50, M|\n|poke|p1|Amoonguss, L50, M|\n|poke|p1|Sylveon, L50, F|\n|poke|p1|Brute Bonnet, L50|\n|poke|p1|Dragalge, L50, M|\n|poke|p2|Chi-Yu, L50|\n|poke|p2|Flutter Mane, L50|\n|poke|p2|Chien-Pao, L50|\n|poke|p2|Gyarados, L50, M|\n|poke|p2|Amoonguss, L50, F|\n|poke|p2|Iron Hands, L50|\n|teampreview|4\n|inactive|Battle timer is ON: inactive players will automatically lose when time's up. (requested by Sandwich350)\nSandwich350 rejected open team sheets.\n|inactive|arcaninesrules has 60 seconds left.\n|\n|t:|1683335566\n|start\n|switch|p1a: Grimmsnarl|Grimmsnarl, L50, M|100\/100\n|switch|p1b: Dragalge|Dragalge, L50, M|100\/100\n|switch|p2a: Iron Hands|Iron Hands, L50|100\/100\n|switch|p2b: Gyarados|Gyarados, L50, M|100\/100\n|-ability|p2b: Gyarados|Intimidate|boost\n|-unboost|p1a: Grimmsnarl|atk|1\n|-unboost|p1b: Dragalge|atk|1\n|turn|1\n|\n|t:|1683335582\n|move|p2a: Iron Hands|Fake Out|p1b: Dragalge\n|-damage|p1b: Dragalge|85\/100\n|move|p1a: Grimmsnarl|Taunt|p2b: Gyarados\n|-start|p2b: Gyarados|move: Taunt\n|cant|p2b: Gyarados|move: Taunt|Dragon Dance\n|cant|p1b: Dragalge|flinch\n|\n|upkeep\n|turn|2\n|inactive|arcaninesrules has 30 seconds left.\n|inactive|arcaninesrules has 20 seconds left.\n|inactive|arcaninesrules has 15 seconds left.\n|\n|t:|1683335626\n|switch|p2b: Amoonguss|Amoonguss, L50, F|100\/100\n|move|p1a: Grimmsnarl|Reflect|p1a: Grimmsnarl\n|-sidestart|p1: Sandwich350|Reflect\n|move|p2a: Iron Hands|Volt Switch|p1a: Grimmsnarl\n|-damage|p1a: Grimmsnarl|90\/100\n|\n|t:|1683335631\n|-end|p2a: Iron Hands|Quark Drive|[silent]\n|switch|p2a: Gyarados|Gyarados, L50, M|100\/100|[from] Volt Switch\n|-ability|p2a: Gyarados|Intimidate|boost\n|-unboost|p1a: Grimmsnarl|atk|1\n|-unboost|p1b: Dragalge|atk|1\n|move|p1b: Dragalge|Sludge Bomb|p2b: Amoonguss\n|-damage|p2b: Amoonguss|28\/100\n|\n|-heal|p2b: Amoonguss|34\/100|[from] item: Leftovers\n|upkeep\n|turn|3\n|\n|t:|1683335644\n|switch|p2b: Iron Hands|Iron Hands, L50|100\/100\n|-terastallize|p2a: Gyarados|Steel\n|move|p1a: Grimmsnarl|Taunt|p2a: Gyarados\n|-start|p2a: Gyarados|move: Taunt\n|move|p2a: Gyarados|Iron Head|p1a: Grimmsnarl\n|-supereffective|p1a: Grimmsnarl\n|-damage|p1a: Grimmsnarl|40\/100\n|move|p1b: Dragalge|Sludge Bomb|p2b: Iron Hands\n|-damage|p2b: Iron Hands|64\/100\n|\n|upkeep\n|turn|4\n|\n|t:|1683335659\n|move|p2b: Iron Hands|Fake Out|p1b: Dragalge\n|-damage|p1b: Dragalge|75\/100\n|move|p1a: Grimmsnarl|Light Screen|p1a: Grimmsnarl\n|-sidestart|p1: Sandwich350|move: Light Screen\n|move|p2a: Gyarados|Iron Head|p1a: Grimmsnarl\n|-supereffective|p1a: Grimmsnarl\n|-damage|p1a: Grimmsnarl|0 fnt\n|faint|p1a: Grimmsnarl\n|cant|p1b: Dragalge|flinch\n|\n|upkeep\n|\n|t:|1683335666\n|switch|p1a: Volcarona|Volcarona, L50, M|100\/100\n|turn|5\n|\n|t:|1683335676\n|-terastallize|p1a: Volcarona|Fairy\n|move|p1a: Volcarona|Quiver Dance|p1a: Volcarona\n|-boost|p1a: Volcarona|spa|1\n|-boost|p1a: Volcarona|spd|1\n|-boost|p1a: Volcarona|spe|1\n|move|p2a: Gyarados|Waterfall|p1a: Volcarona\n|-damage|p1a: Volcarona|75\/100\n|move|p2b: Iron Hands|Wild Charge|p1a: Volcarona\n|-damage|p1a: Volcarona|40\/100\n|-status|p2b: Iron Hands|brn|[from] ability: Flame Body|[of] p1a: Volcarona\n|-damage|p2b: Iron Hands|58\/100 brn|[from] Recoil\n|move|p1b: Dragalge|Sludge Bomb|p2b: Iron Hands\n|-damage|p2b: Iron Hands|20\/100 brn\n|\n|-heal|p1a: Volcarona|46\/100|[from] item: Leftovers\n|-damage|p2b: Iron Hands|14\/100 brn|[from] brn\n|-end|p2a: Gyarados|move: Taunt\n|upkeep\n|turn|6\n|\n|t:|1683335694\n|switch|p1b: Heart|Amoonguss, L50, M|100\/100\n|move|p1a: Volcarona|Protect|p1a: Volcarona\n|-singleturn|p1a: Volcarona|Protect\n|move|p2a: Gyarados|Iron Head|p1a: Volcarona\n|-activate|p1a: Volcarona|move: Protect\n|move|p2b: Iron Hands|Volt Switch|p1a: Volcarona\n|-activate|p1a: Volcarona|move: Protect\n|\n|-heal|p1a: Volcarona|52\/100|[from] item: Leftovers\n|-damage|p2b: Iron Hands|8\/100 brn|[from] brn\n|upkeep\n|turn|7\n|\n|t:|1683335707\n|switch|p2a: Amoonguss|Amoonguss, L50, F|67\/100\n|move|p1b: Heart|Rage Powder|p1b: Heart\n|-singleturn|p1b: Heart|move: Rage Powder\n|move|p1a: Volcarona|Fiery Dance|p2a: Amoonguss\n|-supereffective|p2a: Amoonguss\n|-damage|p2a: Amoonguss|0 fnt\n|-boost|p1a: Volcarona|spa|1\n|faint|p2a: Amoonguss\n|move|p2b: Iron Hands|Wild Charge|p1b: Heart\n|-resisted|p1b: Heart\n|-crit|p1b: Heart\n|-damage|p1b: Heart|84\/100\n|-damage|p2b: Iron Hands|4\/100 brn|[from] Recoil\n|\n|-heal|p1a: Volcarona|59\/100|[from] item: Leftovers\n|-heal|p1b: Heart|90\/100|[from] item: Black Sludge\n|-damage|p2b: Iron Hands|0 fnt|[from] brn\n|faint|p2b: Iron Hands\n|-end|p2b: Iron Hands|Quark Drive|[silent]\n|upkeep\n|\n|t:|1683335709\n|switch|p2b: Chi-Yu|Chi-Yu, L50|100\/100\n|switch|p2a: Gyarados|Gyarados, L50, M, tera:Steel|100\/100\n|-ability|p2b: Chi-Yu|Beads of Ruin\n|-ability|p2a: Gyarados|Intimidate|boost\n|-unboost|p1a: Volcarona|atk|1\n|-unboost|p1b: Heart|atk|1\n|turn|8\n|\n|t:|1683335722\n|move|p1b: Heart|Rage Powder|p1b: Heart\n|-singleturn|p1b: Heart|move: Rage Powder\n|move|p1a: Volcarona|Fiery Dance|p2a: Gyarados\n|-supereffective|p2a: Gyarados\n|-damage|p2a: Gyarados|0 fnt\n|-boost|p1a: Volcarona|spa|1\n|faint|p2a: Gyarados\n|move|p2b: Chi-Yu|Heat Wave|p1b: Heart|[spread] p1a\n|-miss|p2b: Chi-Yu|p1b: Heart\n|-damage|p1a: Volcarona|28\/100\n|-status|p1a: Volcarona|brn\n|-damage|p2b: Chi-Yu|90\/100|[from] item: Life Orb\n|\n|-heal|p1a: Volcarona|34\/100 brn|[from] item: Leftovers\n|-heal|p1b: Heart|96\/100|[from] item: Black Sludge\n|-damage|p1a: Volcarona|28\/100 brn|[from] brn\n|upkeep\n|turn|9\n|inactive|arcaninesrules has 30 seconds left.\n|inactive|arcaninesrules has 20 seconds left.\n|inactive|arcaninesrules has 15 seconds left.\n|inactive|arcaninesrules has 10 seconds left.\n|inactive|arcaninesrules has 5 seconds left.\n|\n|t:|1683335777\n|move|p2b: Chi-Yu|Protect|p2b: Chi-Yu\n|-singleturn|p2b: Chi-Yu|Protect\n|move|p1a: Volcarona|Tera Blast|p2b: Chi-Yu\n|-activate|p2b: Chi-Yu|move: Protect\n|move|p1b: Heart|Pollen Puff|p2b: Chi-Yu\n|-activate|p2b: Chi-Yu|move: Protect\n|\n|-heal|p1a: Volcarona|34\/100 brn|[from] item: Leftovers\n|-heal|p1b: Heart|100\/100|[from] item: Black Sludge\n|-damage|p1a: Volcarona|28\/100 brn|[from] brn\n|-sideend|p1: Sandwich350|Reflect\n|upkeep\n|turn|10\n|\n|t:|1683335784\n|move|p1a: Volcarona|Tera Blast|p2b: Chi-Yu\n|-damage|p2b: Chi-Yu|0 fnt\n|faint|p2b: Chi-Yu\n|\n|win|Sandwich350\n|raw|Sandwich350's rating: 1350 → 1367<\/strong> (+17 for winning)\n|raw|arcaninesrules's rating: 1290 → 1269<\/strong> (-21 for losing)\n|l|\u2606Sandwich350\n","uploadtime":1683335834,"views":10,"p1id":"sandwich350","p2id":"arcaninesrules","formatid":"gen9vgc2023regulationc","rating":1269,"private":0,"password":""}