{"id":"gen9vgc2023regulationc-1849901859","p1":"GoodUnity-YT","p2":"Soosendosenv3","format":"[Gen 9] VGC 2023 Regulation C","log":"|j|\u2606GoodUnity-YT\n|j|\u2606Soosendosenv3\n|t:|1682266257\n|gametype|doubles\n|player|p1|GoodUnity-YT|101|\n|player|p2|Soosendosenv3|lass-gen4dp|\n|teamsize|p1|6\n|teamsize|p2|6\n|gen|9\n|tier|[Gen 9] VGC 2023 Regulation C\n|rule|Species Clause: Limit one of each Pok\u00e9mon\n|rule|Item Clause: Limit one of each item\n|clearpoke\n|poke|p1|Indeedee-F, L50, F|\n|poke|p1|Armarouge, L50, M|\n|poke|p1|Iron Bundle, L50|\n|poke|p1|Corviknight, L50, F|\n|poke|p1|Iron Hands, L50|\n|poke|p1|Ting-Lu, L50|\n|poke|p2|Ting-Lu, L50|\n|poke|p2|Amoonguss, L50, F|\n|poke|p2|Arcanine, L50, M|\n|poke|p2|Flutter Mane, L50|\n|poke|p2|Palafin, L50, F|\n|poke|p2|Kingambit, L50, M|\n|teampreview|4\nSoosendosenv3 has agreed to open team sheets.\n|c|\u2606Soosendosenv3|glhf\nGoodUnity-YT has agreed to open team sheets.\n|c|\u2606GoodUnity-YT|GLHF\n|\n|t:|1682266308\n|start\n|switch|p1a: Corviknight|Corviknight, L50, F|100\/100\n|switch|p1b: Iron Hands|Iron Hands, L50|100\/100\n|switch|p2a: Flutter Mane|Flutter Mane, L50|100\/100\n|switch|p2b: Ting-Lu|Ting-Lu, L50|100\/100\n|-ability|p2b: Ting-Lu|Vessel of Ruin\n|-enditem|p2a: Flutter Mane|Booster Energy\n|-activate|p2a: Flutter Mane|ability: Protosynthesis|[fromitem]\n|-start|p2a: Flutter Mane|protosynthesisspa\n|turn|1\n|\n|t:|1682266364\n|-terastallize|p1b: Iron Hands|Grass\n|move|p2a: Flutter Mane|Protect|p2a: Flutter Mane\n|-singleturn|p2a: Flutter Mane|Protect\n|move|p1a: Corviknight|Brave Bird|p2a: Flutter Mane\n|-activate|p2a: Flutter Mane|move: Protect\n|move|p2b: Ting-Lu|Ruination|p1b: Iron Hands\n|-damage|p1b: Iron Hands|51\/100\n|move|p1b: Iron Hands|Wild Charge|p2a: Flutter Mane\n|-activate|p2a: Flutter Mane|move: Protect\n|\n|-heal|p1b: Iron Hands|57\/100|[from] item: Leftovers\n|upkeep\n|turn|2\n|\n|t:|1682266403\n|-end|p2a: Flutter Mane|Protosynthesis|[silent]\n|switch|p2a: Arcanine|Arcanine, L50, M|100\/100\n|-ability|p2a: Arcanine|Intimidate|boost\n|-ability|p1a: Corviknight|Mirror Armor\n|-unboost|p2a: Arcanine|atk|1\n|-unboost|p1b: Iron Hands|atk|1\n|-end|p1b: Iron Hands|Quark Drive|[silent]\n|switch|p1b: Indeedee|Indeedee-F, L50, F|100\/100\n|-fieldstart|move: Psychic Terrain|[from] ability: Psychic Surge|[of] p1b: Indeedee\n|move|p1a: Corviknight|Tailwind|p1a: Corviknight\n|-sidestart|p1: GoodUnity-YT|move: Tailwind\n|move|p2b: Ting-Lu|Ruination|p1a: Corviknight\n|-damage|p1a: Corviknight|51\/100\n|\n|upkeep\n|turn|3\n|\n|t:|1682266434\n|-terastallize|p2a: Arcanine|Flying\n|move|p1b: Indeedee|Helping Hand|p1a: Corviknight\n|-singleturn|p1a: Corviknight|Helping Hand|[of] p1b: Indeedee\n|move|p1a: Corviknight|Body Press|p2b: Ting-Lu\n|-supereffective|p2b: Ting-Lu\n|-damage|p2b: Ting-Lu|51\/100\n|move|p2a: Arcanine|Howl|p2a: Arcanine|[spread] p2a,p2b\n|-boost|p2a: Arcanine|atk|1\n|-boost|p2b: Ting-Lu|atk|1\n|move|p2b: Ting-Lu|Earthquake|p1b: Indeedee|[spread] p1b\n|-immune|p2a: Arcanine\n|-immune|p1a: Corviknight\n|-damage|p1b: Indeedee|48\/100\n|-enditem|p1b: Indeedee|Eject Button\n|\n|t:|1682266451\n|switch|p1b: Iron Hands|Iron Hands, L50, tera:Grass|57\/100\n|\n|-heal|p1b: Iron Hands|63\/100|[from] item: Leftovers\n|upkeep\n|turn|4\n|\n|t:|1682266499\n|switch|p2a: Amoonguss|Amoonguss, L50, F|100\/100\n|switch|p2b: Flutter Mane|Flutter Mane, L50|100\/100\n|move|p1a: Corviknight|Body Press|p2b: Flutter Mane\n|-immune|p2b: Flutter Mane\n|move|p1b: Iron Hands|Volt Switch|p2a: Amoonguss\n|-resisted|p2a: Amoonguss\n|-damage|p2a: Amoonguss|95\/100\n|\n|t:|1682266508\n|-end|p1b: Iron Hands|Quark Drive|[silent]\n|switch|p1b: Armarouge|Armarouge, L50, M|100\/100|[from] Volt Switch\n|\n|upkeep\n|turn|5\n|\n|t:|1682266547\n|move|p2a: Amoonguss|Rage Powder|p2a: Amoonguss\n|-singleturn|p2a: Amoonguss|move: Rage Powder\n|move|p1b: Armarouge|Expanding Force|p2b: Flutter Mane|[spread] p2a,p2b\n|-supereffective|p2a: Amoonguss\n|-damage|p2a: Amoonguss|0 fnt\n|-damage|p2b: Flutter Mane|36\/100\n|faint|p2a: Amoonguss\n|move|p2b: Flutter Mane|Shadow Ball|p1b: Armarouge\n|-supereffective|p1b: Armarouge\n|-damage|p1b: Armarouge|0 fnt\n|faint|p1b: Armarouge\n|move|p1a: Corviknight|Brave Bird|p2b: Flutter Mane\n|-damage|p2b: Flutter Mane|0 fnt\n|faint|p2b: Flutter Mane\n|-end|p2b: Flutter Mane|Protosynthesis|[silent]\n|-damage|p1a: Corviknight|42\/100|[from] Recoil\n|\n|-sideend|p1: GoodUnity-YT|move: Tailwind\n|upkeep\n|\n|t:|1682266559\n|switch|p2b: Arcanine|Arcanine, L50, M, tera:Flying|100\/100\n|switch|p1b: Indeedee|Indeedee-F, L50, F|48\/100\n|switch|p2a: Ting-Lu|Ting-Lu, L50|51\/100\n|-ability|p2b: Arcanine|Intimidate|boost\n|-ability|p1a: Corviknight|Mirror Armor\n|-unboost|p2b: Arcanine|atk|1\n|-unboost|p1b: Indeedee|atk|1\n|-ability|p2a: Ting-Lu|Vessel of Ruin\n|turn|6\n|\n|t:|1682266603\n|move|p2b: Arcanine|Flare Blitz|p1a: Corviknight\n|-supereffective|p1a: Corviknight\n|-damage|p1a: Corviknight|1\/100\n|-damage|p2b: Arcanine|86\/100|[from] Recoil\n|move|p1b: Indeedee|Psychic|p2b: Arcanine\n|-damage|p2b: Arcanine|57\/100\n|move|p1a: Corviknight|Roost|p1a: Corviknight\n|-heal|p1a: Corviknight|52\/100\n|-singleturn|p1a: Corviknight|move: Roost\n|move|p2a: Ting-Lu|Heavy Slam|p1b: Indeedee\n|-damage|p1b: Indeedee|13\/100\n|\n|-fieldend|move: Psychic Terrain\n|upkeep\n|turn|7\n|\n|t:|1682266642\n|move|p1b: Indeedee|Follow Me|p1b: Indeedee\n|-singleturn|p1b: Indeedee|move: Follow Me\n|move|p2b: Arcanine|Flare Blitz|p1b: Indeedee\n|-damage|p1b: Indeedee|0 fnt\n|faint|p1b: Indeedee\n|-damage|p2b: Arcanine|53\/100|[from] Recoil\n|move|p1a: Corviknight|Roost|p1a: Corviknight\n|-heal|p1a: Corviknight|100\/100\n|-singleturn|p1a: Corviknight|move: Roost\n|move|p2a: Ting-Lu|Ruination|p1a: Corviknight\n|-damage|p1a: Corviknight|51\/100\n|\n|upkeep\n|\n|t:|1682266653\n|switch|p1b: Iron Hands|Iron Hands, L50, tera:Grass|63\/100\n|turn|8\n|\n|t:|1682266673\n|move|p2b: Arcanine|Flare Blitz|p1b: Iron Hands\n|-supereffective|p1b: Iron Hands\n|-damage|p1b: Iron Hands|15\/100\n|-status|p1b: Iron Hands|brn\n|-damage|p2b: Arcanine|32\/100|[from] Recoil\n|move|p1a: Corviknight|Body Press|p2a: Ting-Lu\n|-supereffective|p2a: Ting-Lu\n|-damage|p2a: Ting-Lu|19\/100\n|move|p2a: Ting-Lu|Earthquake|p1a: Corviknight|[spread] p1b\n|-immune|p2b: Arcanine\n|-immune|p1a: Corviknight\n|-resisted|p1b: Iron Hands\n|-damage|p1b: Iron Hands|4\/100 brn\n|move|p1b: Iron Hands|Wild Charge|p2b: Arcanine\n|-supereffective|p2b: Arcanine\n|-damage|p2b: Arcanine|0 fnt\n|faint|p2b: Arcanine\n|-damage|p1b: Iron Hands|0 fnt|[from] Recoil\n|faint|p1b: Iron Hands\n|-end|p1b: Iron Hands|Quark Drive|[silent]\n|\n|upkeep\n|turn|9\n|\n|t:|1682266719\n|move|p1a: Corviknight|Body Press|p2a: Ting-Lu\n|-supereffective|p2a: Ting-Lu\n|-damage|p2a: Ting-Lu|0 fnt\n|faint|p2a: Ting-Lu\n|\n|win|GoodUnity-YT\n|c|\u2606Soosendosenv3|gg\n|l|\u2606GoodUnity-YT\n","uploadtime":1682266727,"views":10,"p1id":"goodunityyt","p2id":"soosendosenv3","formatid":"gen9vgc2023regulationc","rating":0,"private":0,"password":""}