{"id":"gen9vgc2023regulationc-1857049611","p1":"Khun.G","p2":"theOnlyGO","format":"[Gen 9] VGC 2023 Regulation C","log":"|j|\u2606Khun.G\n|j|\u2606theOnlyGO\n|t:|1683140787\n|gametype|doubles\n|player|p1|Khun.G|steven|1198\n|player|p2|theOnlyGO|medium|1102\n|teamsize|p1|6\n|teamsize|p2|6\n|gen|9\n|tier|[Gen 9] VGC 2023 Regulation C\n|rated|\n|rule|Species Clause: Limit one of each Pok\u00e9mon\n|rule|Item Clause: Limit one of each item\n|clearpoke\n|poke|p1|Palafin, L50, M|\n|poke|p1|Ting-Lu, L50|\n|poke|p1|Dondozo, L50, F|\n|poke|p1|Tatsugiri-Droopy, L50, F|\n|poke|p1|Amoonguss, L50, F|\n|poke|p1|Arcanine, L50, M|\n|poke|p2|Ting-Lu, L50|\n|poke|p2|Chien-Pao, L50|\n|poke|p2|Arcanine, L50, M|\n|poke|p2|Palafin, L50, F|\n|poke|p2|Gholdengo, L50|\n|poke|p2|Glimmora, L50, F|\n|teampreview|4\n|inactive|Battle timer is ON: inactive players will automatically lose when time's up. (requested by theOnlyGO)\n|inactive|Khun.G has 60 seconds left.\n|inactive|theOnlyGO has 60 seconds left.\n|inactive|theOnlyGO has 30 seconds left.\n|\n|t:|1683140855\n|start\n|switch|p1a: Ting-Lu|Ting-Lu, L50|100\/100\n|switch|p1b: Palafin|Palafin, L50, M|100\/100\n|switch|p2a: Palafin|Palafin, L50, F|100\/100\n|switch|p2b: Arcanine|Arcanine, L50, M|100\/100\n|-ability|p2b: Arcanine|Intimidate|boost\n|-unboost|p1a: Ting-Lu|atk|1\n|-unboost|p1b: Palafin|atk|1\n|-ability|p1a: Ting-Lu|Vessel of Ruin\n|turn|1\n|inactive|theOnlyGO has 30 seconds left.\n|\n|t:|1683140888\n|-terastallize|p2a: Palafin|Water\n|move|p1b: Palafin|Haze|p1b: Palafin\n|-clearallboost\n|move|p2b: Arcanine|Will-O-Wisp|p1b: Palafin|[miss]\n|-miss|p2b: Arcanine|p1b: Palafin\n|move|p2a: Palafin|Wave Crash|p1a: Ting-Lu\n|-supereffective|p1a: Ting-Lu\n|-damage|p1a: Ting-Lu|20\/100\n|-damage|p2a: Palafin|70\/100|[from] Recoil\n|move|p1a: Ting-Lu|Stomping Tantrum|p2b: Arcanine\n|-supereffective|p2b: Arcanine\n|-damage|p2b: Arcanine|38\/100\n|\n|upkeep\n|turn|2\n|inactive|Khun.G has 30 seconds left.\n|inactive|Khun.G has 20 seconds left.\n|inactive|Khun.G has 15 seconds left.\n|inactive|Khun.G has 10 seconds left.\n|\n|t:|1683140934\n|switch|p1a: Dondozo|Dondozo, L50, F|100\/100\n|-terastallize|p1b: Palafin|Water\n|move|p1b: Palafin|Jet Punch|p2b: Arcanine\n|-supereffective|p2b: Arcanine\n|-damage|p2b: Arcanine|0 fnt\n|faint|p2b: Arcanine\n|move|p2a: Palafin|Jet Punch|p1a: Dondozo\n|-resisted|p1a: Dondozo\n|-damage|p1a: Dondozo|90\/100\n|\n|-heal|p1a: Dondozo|96\/100|[from] item: Leftovers\n|upkeep\n|inactive|theOnlyGO has 30 seconds left.\n|\n|t:|1683140960\n|switch|p2b: Chien-Pao|Chien-Pao, L50|100\/100\n|-ability|p2b: Chien-Pao|Sword of Ruin\n|turn|3\n|\n|t:|1683140975\n|detailschange|p2a: Palafin|Palafin-Hero, L50, F, tera:Water\n|switch|p2a: Glimmora|Glimmora, L50, F|100\/100\n|move|p2b: Chien-Pao|Protect|p2b: Chien-Pao\n|-singleturn|p2b: Chien-Pao|Protect\n|move|p1b: Palafin|Jet Punch|p2b: Chien-Pao\n|-activate|p2b: Chien-Pao|move: Protect\n|move|p1a: Dondozo|Wave Crash|p2b: Chien-Pao\n|-activate|p2b: Chien-Pao|move: Protect\n|\n|-heal|p1a: Dondozo|100\/100|[from] item: Leftovers\n|upkeep\n|turn|4\n|inactive|theOnlyGO has 30 seconds left.\n|\n|t:|1683141009\n|move|p2b: Chien-Pao|Sucker Punch|p1b: Palafin\n|-damage|p1b: Palafin|46\/100\n|move|p1b: Palafin|Jet Punch|p2b: Chien-Pao\n|-damage|p2b: Chien-Pao|49\/100\n|move|p2a: Glimmora|Mortal Spin|p1b: Palafin|[spread] p1a,p1b\n|-damage|p1a: Dondozo|97\/100\n|-damage|p1b: Palafin|40\/100\n|-status|p1a: Dondozo|psn\n|-status|p1b: Palafin|psn\n|move|p1a: Dondozo|Wave Crash|p2b: Chien-Pao\n|-damage|p2b: Chien-Pao|0 fnt\n|faint|p2b: Chien-Pao\n|-damage|p1a: Dondozo|87\/100 psn|[from] Recoil\n|\n|-heal|p1a: Dondozo|93\/100 psn|[from] item: Leftovers\n|-damage|p1b: Palafin|27\/100 psn|[from] psn\n|-damage|p1a: Dondozo|81\/100 psn|[from] psn\n|upkeep\n|\n|t:|1683141025\n|switch|p2b: Palafin|Palafin-Hero, L50, F, tera:Water|70\/100\n|-activate|p2b: Palafin|ability: Zero to Hero\n|turn|5\n|\n|t:|1683141046\n|detailschange|p1b: Palafin|Palafin-Hero, L50, M, tera:Water\n|switch|p1b: Arcanine|Arcanine, L50, M, shiny|100\/100\n|-ability|p1b: Arcanine|Intimidate|boost\n|-unboost|p2a: Glimmora|atk|1\n|-unboost|p2b: Palafin|atk|1\n|move|p2b: Palafin|Jet Punch|p1b: Arcanine\n|-supereffective|p1b: Arcanine\n|-damage|p1b: Arcanine|6\/100\n|move|p2a: Glimmora|Power Gem|p1a: Dondozo\n|-crit|p1a: Dondozo\n|-damage|p1a: Dondozo|38\/100 psn\n|move|p1a: Dondozo|Fissure|p2b: Palafin\n|-damage|p2b: Palafin|0 fnt\n|faint|p2b: Palafin\n|-ohko\n|\n|-heal|p1a: Dondozo|45\/100 psn|[from] item: Leftovers\n|-damage|p1a: Dondozo|32\/100 psn|[from] psn\n|upkeep\n|turn|6\n|c|\u2606theOnlyGO|...\n|\n|t:|1683141071\n|switch|p1b: Ting-Lu|Ting-Lu, L50|20\/100\n|-ability|p1b: Ting-Lu|Vessel of Ruin\n|move|p2a: Glimmora|Spiky Shield|p2a: Glimmora\n|-singleturn|p2a: Glimmora|move: Protect\n|move|p1a: Dondozo|Wave Crash|p2a: Glimmora\n|-activate|p2a: Glimmora|move: Protect\n|-damage|p1a: Dondozo|20\/100 psn|[from] Spiky Shield|[of] p2a: Glimmora\n|\n|-heal|p1a: Dondozo|26\/100 psn|[from] item: Leftovers\n|-damage|p1a: Dondozo|13\/100 psn|[from] psn\n|upkeep\n|turn|7\n|inactive|theOnlyGO has 30 seconds left.\n|inactive|theOnlyGO has 20 seconds left.\n|inactive|theOnlyGO has 15 seconds left.\n|inactive|theOnlyGO has 10 seconds left.\n|\n|t:|1683141117\n|move|p2a: Glimmora|Power Gem|p1a: Dondozo\n|-damage|p1a: Dondozo|0 fnt\n|faint|p1a: Dondozo\n|move|p1b: Ting-Lu|Stomping Tantrum|p2a: Glimmora\n|-supereffective|p2a: Glimmora\n|-damage|p2a: Glimmora|0 fnt\n|-activate|p2a: Glimmora|ability: Toxic Debris\n|-sidestart|p1: Khun.G|move: Toxic Spikes\n|faint|p2a: Glimmora\n|\n|win|Khun.G\n|raw|Khun.G's rating: 1198 → 1216<\/strong> (+18 for winning)\n|raw|theOnlyGO's rating: 1102 → 1084<\/strong> (-18 for losing)\n|c|\u2606Khun.G|GG\n|l|\u2606theOnlyGO\n","uploadtime":1683141155,"views":12,"p1id":"khung","p2id":"theonlygo","formatid":"gen9vgc2023regulationc","rating":1084,"private":0,"password":""}