{"id":"gen9vgc2023regulationc-1855568432","p1":"NicoHaxVGC","p2":"BelliboltFan420","format":"[Gen 9] VGC 2023 Regulation C","log":"|j|\u2606NicoHaxVGC\n|j|\u2606BelliboltFan420\n|t:|1682962769\n|gametype|doubles\n|player|p1|NicoHaxVGC|red|1374\n|player|p2|BelliboltFan420|benga|1393\n|teamsize|p1|6\n|teamsize|p2|6\n|gen|9\n|tier|[Gen 9] VGC 2023 Regulation C\n|rated|\n|rule|Species Clause: Limit one of each Pok\u00e9mon\n|rule|Item Clause: Limit one of each item\n|clearpoke\n|poke|p1|Corviknight, L50, F|\n|poke|p1|Ting-Lu, L50|\n|poke|p1|Annihilape, L50, M|\n|poke|p1|Amoonguss, L50, F|\n|poke|p1|Iron Bundle, L50|\n|poke|p1|Flutter Mane, L50|\n|poke|p2|Chien-Pao, L50|\n|poke|p2|Dragonite, L50, F|\n|poke|p2|Garchomp, L50, M|\n|poke|p2|Talonflame, L50, M|\n|poke|p2|Abomasnow, L50, F|\n|poke|p2|Iron Valiant, L50|\n|teampreview|4\n|inactive|Battle timer is ON: inactive players will automatically lose when time's up. (requested by NicoHaxVGC)\n|inactive|BelliboltFan420 has 60 seconds left.\n|inactive|BelliboltFan420 has 30 seconds left.\n|inactive|BelliboltFan420 has 20 seconds left.\n|inactive|BelliboltFan420 has 15 seconds left.\n|\n|t:|1682962847\n|start\n|switch|p1a: Cyborg|Iron Bundle, L50|100\/100\n|switch|p1b: Raven|Corviknight, L50, F|100\/100\n|switch|p2a: Chien-Pao|Chien-Pao, L50|100\/100\n|switch|p2b: Abomasnow|Abomasnow, L50, F|100\/100\n|-ability|p2a: Chien-Pao|Sword of Ruin\n|-weather|Snow|[from] ability: Snow Warning|[of] p2b: Abomasnow\n|-enditem|p1a: Cyborg|Booster Energy\n|-activate|p1a: Cyborg|ability: Quark Drive|[fromitem]\n|-start|p1a: Cyborg|quarkdrivespe\n|turn|1\n|inactive|NicoHaxVGC has 30 seconds left.\n|inactive|NicoHaxVGC has 20 seconds left.\n|\n|t:|1682962886\n|move|p2a: Chien-Pao|Protect|p2a: Chien-Pao\n|-singleturn|p2a: Chien-Pao|Protect\n|move|p1a: Cyborg|Hydro Pump|p2a: Chien-Pao\n|-activate|p2a: Chien-Pao|move: Protect\n|move|p1b: Raven|Tailwind|p1b: Raven\n|-sidestart|p1: NicoHaxVGC|move: Tailwind\n|move|p2b: Abomasnow|Aurora Veil|p2b: Abomasnow\n|-sidestart|p2: BelliboltFan420|move: Aurora Veil\n|\n|-weather|Snow|[upkeep]\n|upkeep\n|turn|2\n|inactive|BelliboltFan420 has 30 seconds left.\n|\n|t:|1682962911\n|switch|p2a: Dragonite|Dragonite, L50, F|100\/100\n|move|p1a: Cyborg|Hydro Pump|p2a: Dragonite\n|-resisted|p2a: Dragonite\n|-damage|p2a: Dragonite|84\/100\n|move|p1b: Raven|Brave Bird|p2b: Abomasnow\n|-supereffective|p2b: Abomasnow\n|-damage|p2b: Abomasnow|64\/100\n|-damage|p1b: Raven|89\/100|[from] Recoil\n|move|p2b: Abomasnow|Wood Hammer|p1a: Cyborg\n|-supereffective|p1a: Cyborg\n|-damage|p1a: Cyborg|38\/100\n|-damage|p2b: Abomasnow|49\/100|[from] Recoil\n|\n|-weather|Snow|[upkeep]\n|upkeep\n|turn|3\n|inactive|NicoHaxVGC has 30 seconds left.\n|inactive|BelliboltFan420 has 30 seconds left.\n|inactive|NicoHaxVGC has 20 seconds left.\n|\n|t:|1682962947\n|switch|p2b: Chien-Pao|Chien-Pao, L50|100\/100\n|-ability|p2b: Chien-Pao|Sword of Ruin\n|-terastallize|p1a: Cyborg|Ghost\n|-terastallize|p2a: Dragonite|Normal\n|move|p2a: Dragonite|Extreme Speed|p1a: Cyborg\n|-immune|p1a: Cyborg\n|move|p1a: Cyborg|Icy Wind|p2a: Dragonite|[spread] p2a,p2b\n|-resisted|p2b: Chien-Pao\n|-crit|p2b: Chien-Pao\n|-damage|p2a: Dragonite|72\/100\n|-damage|p2b: Chien-Pao|82\/100\n|-unboost|p2a: Dragonite|spe|1\n|-unboost|p2b: Chien-Pao|spe|1\n|move|p1b: Raven|Brave Bird|p2b: Chien-Pao\n|-damage|p2b: Chien-Pao|61\/100\n|-damage|p1b: Raven|82\/100|[from] Recoil\n|\n|-weather|Snow|[upkeep]\n|-heal|p2b: Chien-Pao|67\/100|[from] item: Leftovers\n|upkeep\n|turn|4\n|inactive|BelliboltFan420 has 30 seconds left.\n|inactive|BelliboltFan420 has 20 seconds left.\n|\n|t:|1682962985\n|switch|p2a: Iron Valiant|Iron Valiant, L50|100\/100\n|move|p1a: Cyborg|Protect|p1a: Cyborg\n|-singleturn|p1a: Cyborg|Protect\n|move|p2b: Chien-Pao|Sucker Punch||[still]\n|-fail|p2b: Chien-Pao\n|move|p1b: Raven|Iron Head|p2b: Chien-Pao\n|-supereffective|p2b: Chien-Pao\n|-damage|p2b: Chien-Pao|38\/100\n|\n|-weather|Snow|[upkeep]\n|-heal|p2b: Chien-Pao|44\/100|[from] item: Leftovers\n|-sideend|p1: NicoHaxVGC|move: Tailwind\n|upkeep\n|turn|5\n|inactive|BelliboltFan420 has 30 seconds left.\n|inactive|BelliboltFan420 has 20 seconds left.\n|inactive|BelliboltFan420 has 15 seconds left.\n|inactive|BelliboltFan420 has 10 seconds left.\n|\n|t:|1682963034\n|move|p1a: Cyborg|Icy Wind|p2b: Chien-Pao|[spread] p2a,p2b\n|-resisted|p2b: Chien-Pao\n|-damage|p2a: Iron Valiant|78\/100\n|-damage|p2b: Chien-Pao|36\/100\n|-unboost|p2a: Iron Valiant|spe|1\n|-unboost|p2b: Chien-Pao|spe|1\n|move|p2a: Iron Valiant|Close Combat|p1b: Raven\n|-damage|p1b: Raven|9\/100\n|-unboost|p2a: Iron Valiant|def|1\n|-unboost|p2a: Iron Valiant|spd|1\n|move|p1b: Raven|Tailwind|p1b: Raven\n|-sidestart|p1: NicoHaxVGC|move: Tailwind\n|move|p2b: Chien-Pao|Ice Spinner|p1a: Cyborg\n|-damage|p1a: Cyborg|0 fnt\n|faint|p1a: Cyborg\n|-end|p1a: Cyborg|Quark Drive|[silent]\n|\n|-weather|none\n|-heal|p2b: Chien-Pao|42\/100|[from] item: Leftovers\n|upkeep\n|\n|t:|1682963052\n|switch|p1a: Star fire|Flutter Mane, L50|100\/100\n|turn|6\n|inactive|BelliboltFan420 has 30 seconds left.\n|\n|t:|1682963083\n|switch|p1b: Robin|Annihilape, L50, M|100\/100\n|move|p2b: Chien-Pao|Sucker Punch|p1a: Star fire\n|-damage|p1a: Star fire|30\/100\n|move|p1a: Star fire|Dazzling Gleam|p2b: Chien-Pao|[spread] p2a,p2b\n|-supereffective|p2a: Iron Valiant\n|-supereffective|p2b: Chien-Pao\n|-damage|p2a: Iron Valiant|0 fnt\n|-damage|p2b: Chien-Pao|0 fnt\n|faint|p2a: Iron Valiant\n|-end|p2a: Iron Valiant|Quark Drive|[silent]\n|faint|p2b: Chien-Pao\n|\n|upkeep\n|\n|t:|1682963091\n|switch|p2b: Dragonite|Dragonite, L50, F, tera:Normal|72\/100\n|switch|p2a: Abomasnow|Abomasnow, L50, F|49\/100\n|-weather|Snow|[from] ability: Snow Warning|[of] p2a: Abomasnow\n|turn|7\n|\n|t:|1682963108\n|move|p1a: Star fire|Dazzling Gleam|p2a: Abomasnow|[spread] p2a,p2b\n|-damage|p2a: Abomasnow|22\/100\n|-damage|p2b: Dragonite|44\/100\n|move|p1b: Robin|Drain Punch|p2b: Dragonite\n|-supereffective|p2b: Dragonite\n|-damage|p2b: Dragonite|0 fnt\n|faint|p2b: Dragonite\n|move|p2a: Abomasnow|Wood Hammer|p1a: Star fire\n|-damage|p1a: Star fire|0 fnt\n|faint|p1a: Star fire\n|-end|p1a: Star fire|Protosynthesis|[silent]\n|-damage|p2a: Abomasnow|14\/100|[from] Recoil\n|\n|-weather|Snow|[upkeep]\n|upkeep\n|\n|t:|1682963116\n|switch|p1a: Raven|Corviknight, L50, F|9\/100\n|turn|8\n|\n|t:|1682963123\n|move|p1b: Robin|Drain Punch|p2a: Abomasnow\n|-supereffective|p2a: Abomasnow\n|-damage|p2a: Abomasnow|0 fnt\n|faint|p2a: Abomasnow\n|\n|win|NicoHaxVGC\n|raw|NicoHaxVGC's rating: 1374 → 1395<\/strong> (+21 for winning)\n|raw|BelliboltFan420's rating: 1393 → 1372<\/strong> (-21 for losing)\n|l|\u2606BelliboltFan420\n","uploadtime":1682963130,"views":23,"p1id":"nicohaxvgc","p2id":"belliboltfan420","formatid":"gen9vgc2023regulationc","rating":1372,"private":0,"password":""}