{"id":"gen9vgc2023regulationc-1860139756","p1":"Wow_Yangg","p2":"SnomSoCute2","format":"[Gen 9] VGC 2023 Regulation C","log":"|j|\u2606Wow_Yangg\n|j|\u2606SnomSoCute2\n|t:|1683600014\n|gametype|doubles\n|player|p1|Wow_Yangg|fisherman-gen4|\n|player|p2|SnomSoCute2|serena-masters3|\n|teamsize|p1|6\n|teamsize|p2|6\n|gen|9\n|tier|[Gen 9] VGC 2023 Regulation C\n|rule|Species Clause: Limit one of each Pok\u00e9mon\n|rule|Item Clause: Limit one of each item\n|clearpoke\n|poke|p1|Bellibolt, L50, M|\n|poke|p1|Scizor, L50, M|\n|poke|p1|Flutter Mane, L50|\n|poke|p1|Wo-Chien, L50|\n|poke|p1|Arcanine, L50, F|\n|poke|p1|Baxcalibur, L50, F|\n|poke|p2|Murkrow, L50, F|\n|poke|p2|Chi-Yu, L50|\n|poke|p2|Chien-Pao, L50|\n|poke|p2|Flutter Mane, L50|\n|poke|p2|Great Tusk, L50|\n|poke|p2|Farigiraf, L50, M|\n|teampreview|4\n|\n|t:|1683600056\n|start\n|switch|p1a: Bellibolt|Bellibolt, L50, M|100\/100\n|switch|p1b: Scizor|Scizor, L50, M|100\/100\n|switch|p2a: Murkrow|Murkrow, L50, F, shiny|100\/100\n|switch|p2b: Chi-Yu|Chi-Yu, L50|100\/100\n|-ability|p2b: Chi-Yu|Beads of Ruin\n|turn|1\n|inactive|Battle timer is ON: inactive players will automatically lose when time's up. (requested by Wow_Yangg)\n|\n|t:|1683600094\n|-terastallize|p2b: Chi-Yu|Grass\n|-terastallize|p1a: Bellibolt|Water\n|move|p1b: Scizor|Protect|p1b: Scizor\n|-singleturn|p1b: Scizor|Protect\n|move|p2a: Murkrow|Sunny Day|p2a: Murkrow\n|-weather|SunnyDay\n|move|p2b: Chi-Yu|Heat Wave|p1a: Bellibolt|[spread] p1a\n|-activate|p1b: Scizor|move: Protect\n|-resisted|p1a: Bellibolt\n|-damage|p1a: Bellibolt|69\/100\n|-start|p1a: Bellibolt|Charge|Heat Wave|[from] ability: Electromorphosis\n|-damage|p2b: Chi-Yu|91\/100|[from] item: Life Orb\n|move|p1a: Bellibolt|Parabolic Charge|p2a: Murkrow|[spread] p2a,p2b\n|-activate|p1b: Scizor|move: Protect\n|-supereffective|p2a: Murkrow\n|-resisted|p2b: Chi-Yu\n|-damage|p2a: Murkrow|0 fnt\n|-heal|p1a: Bellibolt|100\/100|[from] drain|[of] p2a: Murkrow\n|-damage|p2b: Chi-Yu|69\/100\n|faint|p2a: Murkrow\n|-end|p1a: Bellibolt|Charge|[silent]\n|\n|-weather|SunnyDay|[upkeep]\n|upkeep\n|\n|t:|1683600119\n|switch|p2a: Farigiraf|Farigiraf, L50, M, shiny|100\/100\n|turn|2\n|\n|t:|1683600130\n|move|p2b: Chi-Yu|Heat Wave|p1a: Bellibolt|[spread] p1a,p1b\n|-resisted|p1a: Bellibolt\n|-supereffective|p1b: Scizor\n|-damage|p1a: Bellibolt|70\/100\n|-damage|p1b: Scizor|0 fnt\n|-start|p1a: Bellibolt|Charge|Heat Wave|[from] ability: Electromorphosis\n|faint|p1b: Scizor\n|-damage|p2b: Chi-Yu|59\/100|[from] item: Life Orb\n|move|p2a: Farigiraf|Psychic|p1a: Bellibolt\n|-damage|p1a: Bellibolt|27\/100\n|-start|p1a: Bellibolt|Charge|Psychic|[from] ability: Electromorphosis\n|move|p1a: Bellibolt|Parabolic Charge|p2a: Farigiraf|[spread] p2a,p2b\n|-resisted|p2b: Chi-Yu\n|-damage|p2a: Farigiraf|31\/100\n|-heal|p1a: Bellibolt|62\/100|[from] drain|[of] p2a: Farigiraf\n|-damage|p2b: Chi-Yu|36\/100\n|-heal|p1a: Bellibolt|70\/100|[from] drain|[of] p2b: Chi-Yu\n|-end|p1a: Bellibolt|Charge|[silent]\n|\n|-weather|SunnyDay|[upkeep]\n|upkeep\n|\n|t:|1683600149\n|switch|p1b: Baxcalibur|Baxcalibur, L50, F|100\/100\n|turn|3\n|\n|t:|1683600162\n|move|p2b: Chi-Yu|Dark Pulse|p1b: Baxcalibur\n|-damage|p1b: Baxcalibur|35\/100\n|-damage|p2b: Chi-Yu|27\/100|[from] item: Life Orb\n|move|p1b: Baxcalibur|Icicle Spear|p2b: Chi-Yu\n|-supereffective|p2b: Chi-Yu\n|-damage|p2b: Chi-Yu|0 fnt\n|faint|p2b: Chi-Yu\n|-hitcount|p2: Chi-Yu|1\n|move|p2a: Farigiraf|Psychic|p1b: Baxcalibur\n|-damage|p1b: Baxcalibur|0 fnt\n|faint|p1b: Baxcalibur\n|move|p1a: Bellibolt|Parabolic Charge|p2a: Farigiraf\n|-damage|p2a: Farigiraf|0 fnt\n|-heal|p1a: Bellibolt|85\/100|[from] drain|[of] p2a: Farigiraf\n|faint|p2a: Farigiraf\n|\n|-weather|SunnyDay|[upkeep]\n|upkeep\n|\n|t:|1683600182\n|switch|p1b: Wo-Chien|Wo-Chien, L50|100\/100\n|switch|p2a: Great Tusk|Great Tusk, L50, shiny|100\/100\n|-activate|p2a: Great Tusk|ability: Protosynthesis\n|-start|p2a: Great Tusk|protosynthesisatk\n|-ability|p1b: Wo-Chien|Tablets of Ruin\n|turn|4\n|\n|t:|1683600191\n|move|p2a: Great Tusk|Close Combat|p1b: Wo-Chien\n|-supereffective|p1b: Wo-Chien\n|-damage|p1b: Wo-Chien|0 fnt\n|-unboost|p2a: Great Tusk|def|1\n|-unboost|p2a: Great Tusk|spd|1\n|faint|p1b: Wo-Chien\n|move|p1a: Bellibolt|Muddy Water|p2a: Great Tusk\n|-supereffective|p2a: Great Tusk\n|-damage|p2a: Great Tusk|3\/100\n|\n|-weather|SunnyDay|[upkeep]\n|upkeep\n|turn|5\n|\n|t:|1683600202\n|move|p1a: Bellibolt|Sucker Punch|p2a: Great Tusk\n|-resisted|p2a: Great Tusk\n|-damage|p2a: Great Tusk|0 fnt\n|faint|p2a: Great Tusk\n|-end|p2a: Great Tusk|Protosynthesis|[silent]\n|\n|win|Wow_Yangg\n","uploadtime":1683600304,"views":8,"p1id":"wowyangg","p2id":"snomsocute2","formatid":"gen9vgc2023regulationc","rating":0,"private":0,"password":""}