{"id":"gen9vgc2023regulationc-1848060740","p1":"entitysardo992","p2":"DarthIgnus","format":"[Gen 9] VGC 2023 Regulation C","log":"|j|\u2606entitysardo992\n|j|\u2606DarthIgnus\n|t:|1682025320\n|gametype|doubles\n|player|p1|entitysardo992|101|1177\n|player|p2|DarthIgnus|101|1153\n|teamsize|p1|6\n|teamsize|p2|6\n|gen|9\n|tier|[Gen 9] VGC 2023 Regulation C\n|rated|\n|rule|Species Clause: Limit one of each Pok\u00e9mon\n|rule|Item Clause: Limit one of each item\n|clearpoke\n|poke|p1|Roaring Moon, L50|\n|poke|p1|Arcanine, L50, F|\n|poke|p1|Ting-Lu, L50|\n|poke|p1|Amoonguss, L50, F|\n|poke|p1|Palafin, L50, M|\n|poke|p1|Flutter Mane, L50|\n|poke|p2|Arcanine, L50, F|\n|poke|p2|Amoonguss, L50, F|\n|poke|p2|Palafin, L50, F|\n|poke|p2|Kingambit, L50, F|\n|poke|p2|Dragonite, L50, M|\n|poke|p2|Flutter Mane, L50|\n|teampreview|4\n|\n|t:|1682025384\n|start\n|switch|p1a: Amoonguss|Amoonguss, L50, F|100\/100\n|switch|p1b: Palafin|Palafin, L50, M|100\/100\n|switch|p2a: Kingambit|Kingambit, L50, F|100\/100\n|switch|p2b: Palafin|Palafin, L50, F|100\/100\n|turn|1\n|\n|t:|1682025406\n|detailschange|p2b: Palafin|Palafin-Hero, L50, F\n|switch|p2b: Amoonguss|Amoonguss, L50, F|100\/100\n|-terastallize|p1a: Amoonguss|Dark\n|move|p1b: Palafin|Protect|p1b: Palafin\n|-singleturn|p1b: Palafin|Protect\n|move|p2a: Kingambit|Protect|p2a: Kingambit\n|-singleturn|p2a: Kingambit|Protect\n|move|p1a: Amoonguss|Spore|p2a: Kingambit\n|-activate|p2a: Kingambit|move: Protect\n|\n|upkeep\n|turn|2\n|\n|t:|1682025445\n|switch|p2a: Arcanine|Arcanine, L50, F|100\/100\n|-ability|p2a: Arcanine|Intimidate|boost\n|-unboost|p1a: Amoonguss|atk|1\n|-unboost|p1b: Palafin|atk|1\n|switch|p1a: Arcanine|Arcanine, L50, F|100\/100\n|-ability|p1a: Arcanine|Intimidate|boost\n|-unboost|p2a: Arcanine|atk|1\n|-unboost|p2b: Amoonguss|atk|1\n|move|p1b: Palafin|Close Combat|p2a: Arcanine\n|-damage|p2a: Arcanine|77\/100\n|-unboost|p1b: Palafin|def|1\n|-unboost|p1b: Palafin|spd|1\n|move|p2b: Amoonguss|Spore|p1a: Arcanine\n|-activate|p1a: Arcanine|item: Safety Goggles|Spore\n|\n|upkeep\n|turn|3\n|\n|t:|1682025474\n|-terastallize|p2b: Amoonguss|Water\n|move|p1b: Palafin|Protect|p1b: Palafin\n|-singleturn|p1b: Palafin|Protect\n|move|p2a: Arcanine|Will-O-Wisp|p1b: Palafin\n|-activate|p1b: Palafin|move: Protect\n|move|p1a: Arcanine|Flare Blitz|p2b: Amoonguss\n|-resisted|p2b: Amoonguss\n|-damage|p2b: Amoonguss|79\/100\n|-damage|p1a: Arcanine|92\/100|[from] Recoil\n|move|p2b: Amoonguss|Pollen Puff|p2a: Arcanine\n|-heal|p2a: Arcanine|100\/100\n|\n|upkeep\n|turn|4\n|\n|t:|1682025506\n|switch|p2a: Palafin|Palafin-Hero, L50, F|100\/100\n|-activate|p2a: Palafin|ability: Zero to Hero\n|detailschange|p1b: Palafin|Palafin-Hero, L50, M\n|switch|p1b: Amoonguss|Amoonguss, L50, F, tera:Dark|100\/100\n|move|p1a: Arcanine|Will-O-Wisp|p2b: Amoonguss\n|-status|p2b: Amoonguss|brn\n|move|p2b: Amoonguss|Spore|p1b: Amoonguss\n|-status|p1b: Amoonguss|slp|[from] move: Spore\n|\n|-damage|p2b: Amoonguss|73\/100 brn|[from] brn\n|upkeep\n|turn|5\n|\n|t:|1682025542\n|move|p1a: Arcanine|Protect|p1a: Arcanine\n|-singleturn|p1a: Arcanine|Protect\n|move|p2a: Palafin|Substitute|p2a: Palafin\n|-start|p2a: Palafin|Substitute\n|-damage|p2a: Palafin|75\/100\n|cant|p1b: Amoonguss|slp\n|move|p2b: Amoonguss|Pollen Puff|p2a: Palafin\n|-heal|p2a: Palafin|100\/100\n|\n|-damage|p2b: Amoonguss|67\/100 brn|[from] brn\n|upkeep\n|turn|6\n|\n|t:|1682025559\n|switch|p1a: Palafin|Palafin-Hero, L50, M|100\/100\n|-activate|p1a: Palafin|ability: Zero to Hero\n|-curestatus|p1b: Amoonguss|slp|[msg]\n|move|p1b: Amoonguss|Rage Powder|p1b: Amoonguss\n|-singleturn|p1b: Amoonguss|move: Rage Powder\n|move|p2a: Palafin|Wave Crash|p1b: Amoonguss\n|-damage|p1b: Amoonguss|29\/100\n|-enditem|p1b: Amoonguss|Sitrus Berry|[eat]\n|-heal|p1b: Amoonguss|53\/100|[from] item: Sitrus Berry\n|-damage|p2a: Palafin|75\/100|[from] Recoil\n|move|p2b: Amoonguss|Pollen Puff|p1b: Amoonguss\n|-supereffective|p1b: Amoonguss\n|-damage|p1b: Amoonguss|24\/100\n|\n|-damage|p2b: Amoonguss|61\/100 brn|[from] brn\n|upkeep\n|turn|7\n|\n|t:|1682025582\n|switch|p1a: Arcanine|Arcanine, L50, F|92\/100\n|-ability|p1a: Arcanine|Intimidate|boost\n|-immune|p2a: Palafin\n|-unboost|p2b: Amoonguss|atk|1\n|move|p1b: Amoonguss|Rage Powder|p1b: Amoonguss\n|-singleturn|p1b: Amoonguss|move: Rage Powder\n|move|p2a: Palafin|Jet Punch|p1b: Amoonguss\n|-damage|p1b: Amoonguss|0 fnt\n|faint|p1b: Amoonguss\n|move|p2b: Amoonguss|Pollen Puff|p2a: Palafin\n|-heal|p2a: Palafin|100\/100\n|\n|-damage|p2b: Amoonguss|56\/100 brn|[from] brn\n|upkeep\n|\n|t:|1682025593\n|switch|p1b: Palafin|Palafin-Hero, L50, M|100\/100\n|turn|8\n|-message|entitysardo992 forfeited.\n|\n|win|DarthIgnus\n|raw|entitysardo992's rating: 1177 → 1150<\/strong> (-27 for losing)\n|raw|DarthIgnus's rating: 1153 → 1180<\/strong> (+27 for winning)\n|l|\u2606entitysardo992\n","uploadtime":1682025732,"views":5,"p1id":"entitysardo992","p2id":"darthignus","formatid":"gen9vgc2023regulationc","rating":1150,"private":0,"password":""}