{"id":"gen9vgc2023regulationc-1862025879","p1":"revocolombia","p2":"Lizardon0311","format":"[Gen 9] VGC 2023 Regulation C","log":"|j|\u2606revocolombia\n|j|\u2606Lizardon0311\n|t:|1683829911\n|gametype|doubles\n|player|p1|revocolombia|pokemonranger-gen4|1230\n|player|p2|Lizardon0311|170|1231\n|teamsize|p1|6\n|teamsize|p2|6\n|gen|9\n|tier|[Gen 9] VGC 2023 Regulation C\n|rated|\n|rule|Species Clause: Limit one of each Pok\u00e9mon\n|rule|Item Clause: Limit one of each item\n|clearpoke\n|poke|p1|Flutter Mane, L50|\n|poke|p1|Great Tusk, L50|\n|poke|p1|Rotom-Wash, L50|\n|poke|p1|Chien-Pao, L50|\n|poke|p1|Murkrow, L50, M|\n|poke|p1|Kingambit, L50, M|\n|poke|p2|Ting-Lu, L50|\n|poke|p2|Flutter Mane, L50|\n|poke|p2|Ceruledge, L50, F|\n|poke|p2|Palafin, L50, F|\n|poke|p2|Amoonguss, L50, M|\n|poke|p2|Iron Hands, L50|\n|teampreview|4\n|inactive|Battle timer is ON: inactive players will automatically lose when time's up. (requested by Lizardon0311)\n|inactive|revocolombia has 60 seconds left.\n|inactive|Lizardon0311 has 60 seconds left.\n|inactive|Lizardon0311 has 30 seconds left.\n|\n|t:|1683829974\n|start\n|switch|p1a: Murkrow|Murkrow, L50, M|100\/100\n|switch|p1b: Great Tusk|Great Tusk, L50|100\/100\n|switch|p2a: Flutter Mane|Flutter Mane, L50, shiny|100\/100\n|switch|p2b: Iron Hands|Iron Hands, L50, shiny|100\/100\n|turn|1\n|inactive|Lizardon0311 has 30 seconds left.\n|inactive|Lizardon0311 has 20 seconds left.\n|inactive|Lizardon0311 has 15 seconds left.\n|inactive|Lizardon0311 has 10 seconds left.\n|\n|t:|1683830020\n|-terastallize|p1b: Great Tusk|Fire\n|move|p1a: Murkrow|Tailwind|p1a: Murkrow\n|-sidestart|p1: revocolombia|move: Tailwind\n|move|p1b: Great Tusk|Earthquake|p2a: Flutter Mane|[spread] p2a,p2b\n|-immune|p1a: Murkrow\n|-supereffective|p2b: Iron Hands\n|-damage|p2a: Flutter Mane|35\/100\n|-damage|p2b: Iron Hands|43\/100\n|move|p2a: Flutter Mane|Dazzling Gleam|p1a: Murkrow|[spread] p1a,p1b\n|-supereffective|p1a: Murkrow\n|-resisted|p1b: Great Tusk\n|-damage|p1a: Murkrow|13\/100\n|-damage|p1b: Great Tusk|74\/100\n|move|p2b: Iron Hands|Volt Switch|p1a: Murkrow\n|-supereffective|p1a: Murkrow\n|-damage|p1a: Murkrow|0 fnt\n|faint|p1a: Murkrow\n|inactive|Lizardon0311 has 30 seconds left.\n|\n|t:|1683830053\n|-end|p2b: Iron Hands|Quark Drive|[silent]\n|switch|p2b: Amoonguss|Amoonguss, L50, M, shiny|100\/100|[from] Volt Switch\n|\n|upkeep\n|\n|t:|1683830060\n|switch|p1a: Chien-Pao|Chien-Pao, L50|100\/100\n|-ability|p1a: Chien-Pao|Sword of Ruin\n|turn|2\n|\n|t:|1683830072\n|-terastallize|p2b: Amoonguss|Water\n|move|p1a: Chien-Pao|Ice Spinner|p2b: Amoonguss\n|-resisted|p2b: Amoonguss\n|-damage|p2b: Amoonguss|76\/100\n|move|p1b: Great Tusk|Rock Slide|p2a: Flutter Mane|[spread] p2a,p2b\n|-damage|p2a: Flutter Mane|0 fnt\n|-damage|p2b: Amoonguss|53\/100\n|faint|p2a: Flutter Mane\n|-end|p2a: Flutter Mane|Protosynthesis|[silent]\n|cant|p2b: Amoonguss|flinch\n|\n|upkeep\n|\n|t:|1683830085\n|switch|p2a: Iron Hands|Iron Hands, L50, shiny|43\/100\n|turn|3\n|\n|t:|1683830106\n|switch|p2b: Ceruledge|Ceruledge, L50, F, shiny|100\/100\n|move|p1b: Great Tusk|Protect|p1b: Great Tusk\n|-singleturn|p1b: Great Tusk|Protect\n|move|p1a: Chien-Pao|Sacred Sword|p2b: Ceruledge\n|-immune|p2b: Ceruledge\n|move|p2a: Iron Hands|Volt Switch|p2b: Ceruledge\n|-damage|p2b: Ceruledge|89\/100\n|\n|t:|1683830113\n|-end|p2a: Iron Hands|Quark Drive|[silent]\n|switch|p2a: Amoonguss|Amoonguss, L50, M, shiny, tera:Water|87\/100|[from] Volt Switch\n|\n|upkeep\n|turn|4\n|\n|t:|1683830137\n|move|p2b: Ceruledge|Protect|p2b: Ceruledge\n|-singleturn|p2b: Ceruledge|Protect\n|move|p1a: Chien-Pao|Ice Spinner|p2a: Amoonguss\n|-resisted|p2a: Amoonguss\n|-damage|p2a: Amoonguss|61\/100\n|move|p1b: Great Tusk|Rock Slide|p2b: Ceruledge|[spread] p2a\n|-activate|p2b: Ceruledge|move: Protect\n|-damage|p2a: Amoonguss|37\/100\n|-enditem|p2a: Amoonguss|Sitrus Berry|[eat]\n|-heal|p2a: Amoonguss|62\/100|[from] item: Sitrus Berry\n|move|p2a: Amoonguss|Spore|p1b: Great Tusk\n|-status|p1b: Great Tusk|slp|[from] move: Spore\n|\n|-sideend|p1: revocolombia|move: Tailwind\n|upkeep\n|turn|5\n|\n|t:|1683830159\n|move|p1a: Chien-Pao|Sucker Punch||[still]\n|-fail|p1a: Chien-Pao\n|move|p2b: Ceruledge|Bulk Up|p2b: Ceruledge\n|-boost|p2b: Ceruledge|atk|1\n|-boost|p2b: Ceruledge|def|1\n|cant|p1b: Great Tusk|slp\n|move|p2a: Amoonguss|Spore|p1a: Chien-Pao\n|-status|p1a: Chien-Pao|slp|[from] move: Spore\n|\n|upkeep\n|turn|6\n|\n|t:|1683830176\n|switch|p2a: Iron Hands|Iron Hands, L50, shiny|43\/100\n|cant|p1a: Chien-Pao|slp\n|move|p2b: Ceruledge|Bitter Blade|p1a: Chien-Pao\n|-supereffective|p1a: Chien-Pao\n|-enditem|p1a: Chien-Pao|Focus Sash\n|-damage|p1a: Chien-Pao|1\/100 slp\n|-heal|p2b: Ceruledge|100\/100|[from] drain|[of] p1a: Chien-Pao\n|-curestatus|p1b: Great Tusk|slp|[msg]\n|move|p1b: Great Tusk|Rock Slide|p2b: Ceruledge|[spread] p2a\n|-miss|p1b: Great Tusk|p2b: Ceruledge\n|-resisted|p2a: Iron Hands\n|-damage|p2a: Iron Hands|33\/100\n|\n|upkeep\n|turn|7\n|inactive|revocolombia has 30 seconds left.\n|inactive|Lizardon0311 has 30 seconds left.\n|\n|t:|1683830207\n|move|p2a: Iron Hands|Fake Out|p1b: Great Tusk\n|-damage|p1b: Great Tusk|60\/100\n|cant|p1a: Chien-Pao|slp\n|move|p2b: Ceruledge|Bulk Up|p2b: Ceruledge\n|-boost|p2b: Ceruledge|atk|1\n|-boost|p2b: Ceruledge|def|1\n|cant|p1b: Great Tusk|flinch\n|\n|upkeep\n|turn|8\n|inactive|Lizardon0311 has 30 seconds left.\n|\n|t:|1683830241\n|-end|p2a: Iron Hands|Quark Drive|[silent]\n|switch|p2a: Amoonguss|Amoonguss, L50, M, shiny, tera:Water|95\/100\n|cant|p1a: Chien-Pao|slp\n|move|p2b: Ceruledge|Shadow Sneak|p1a: Chien-Pao\n|-resisted|p1a: Chien-Pao\n|-damage|p1a: Chien-Pao|0 fnt\n|faint|p1a: Chien-Pao\n|move|p1b: Great Tusk|Earthquake|p2a: Amoonguss|[spread] p2a,p2b\n|-supereffective|p2b: Ceruledge\n|-damage|p2a: Amoonguss|57\/100\n|-damage|p2b: Ceruledge|48\/100\n|\n|upkeep\n|\n|t:|1683830253\n|switch|p1a: Kingambit|Kingambit, L50, M|100\/100\n|turn|9\n|\n|t:|1683830261\n|move|p2b: Ceruledge|Protect|p2b: Ceruledge\n|-singleturn|p2b: Ceruledge|Protect\n|move|p2a: Amoonguss|Protect|p2a: Amoonguss\n|-singleturn|p2a: Amoonguss|Protect\n|move|p1a: Kingambit|Protect|p1a: Kingambit\n|-singleturn|p1a: Kingambit|Protect\n|move|p1b: Great Tusk|Earthquake|p2a: Amoonguss|[spread] \n|-activate|p1a: Kingambit|move: Protect\n|-activate|p2a: Amoonguss|move: Protect\n|-activate|p2b: Ceruledge|move: Protect\n|\n|upkeep\n|turn|10\n|inactive|revocolombia has 30 seconds left.\n|\n|t:|1683830295\n|move|p2a: Amoonguss|Rage Powder|p2a: Amoonguss\n|-singleturn|p2a: Amoonguss|move: Rage Powder\n|move|p1a: Kingambit|Sucker Punch||[still]\n|-fail|p1a: Kingambit\n|move|p2b: Ceruledge|Bitter Blade|p1a: Kingambit\n|-supereffective|p1a: Kingambit\n|-damage|p1a: Kingambit|0 fnt\n|-heal|p2b: Ceruledge|96\/100|[from] drain|[of] p1a: Kingambit\n|faint|p1a: Kingambit\n|move|p1b: Great Tusk|Brick Break|p2a: Amoonguss\n|-damage|p2a: Amoonguss|17\/100\n|\n|upkeep\n|turn|11\n|\n|t:|1683830311\n|switch|p2a: Iron Hands|Iron Hands, L50, shiny|33\/100\n|move|p2b: Ceruledge|Bitter Blade|p1b: Great Tusk\n|-resisted|p1b: Great Tusk\n|-damage|p1b: Great Tusk|34\/100\n|-heal|p2b: Ceruledge|100\/100|[from] drain|[of] p1b: Great Tusk\n|move|p1b: Great Tusk|Earthquake|p2b: Ceruledge|[spread] p2a,p2b\n|-supereffective|p2a: Iron Hands\n|-supereffective|p2b: Ceruledge\n|-damage|p2a: Iron Hands|0 fnt\n|-damage|p2b: Ceruledge|48\/100\n|faint|p2a: Iron Hands\n|-end|p2a: Iron Hands|Quark Drive|[silent]\n|\n|upkeep\n|\n|t:|1683830319\n|switch|p2a: Amoonguss|Amoonguss, L50, M, shiny, tera:Water|50\/100\n|turn|12\n|\n|t:|1683830327\n|move|p2b: Ceruledge|Bitter Blade|p1b: Great Tusk\n|-resisted|p1b: Great Tusk\n|-damage|p1b: Great Tusk|3\/100\n|-heal|p2b: Ceruledge|66\/100|[from] drain|[of] p1b: Great Tusk\n|move|p1b: Great Tusk|Earthquake|p2b: Ceruledge|[spread] p2a,p2b\n|-supereffective|p2b: Ceruledge\n|-damage|p2a: Amoonguss|16\/100\n|-damage|p2b: Ceruledge|19\/100\n|move|p2a: Amoonguss|Spore|p1b: Great Tusk\n|-status|p1b: Great Tusk|slp|[from] move: Spore\n|\n|upkeep\n|turn|13\n|\n|t:|1683830339\n|move|p2b: Ceruledge|Bitter Blade|p1b: Great Tusk\n|-resisted|p1b: Great Tusk\n|-damage|p1b: Great Tusk|0 fnt\n|-heal|p2b: Ceruledge|20\/100|[from] drain|[of] p1b: Great Tusk\n|faint|p1b: Great Tusk\n|-end|p1b: Great Tusk|Protosynthesis|[silent]\n|\n|win|Lizardon0311\n|raw|revocolombia's rating: 1230 → 1205<\/strong> (-25 for losing)\n|raw|Lizardon0311's rating: 1231 → 1256<\/strong> (+25 for winning)\n","uploadtime":1683830343,"views":16,"p1id":"revocolombia","p2id":"lizardon0311","formatid":"gen9vgc2023regulationc","rating":1205,"private":0,"password":""}