{"id":"gen9vgc2023regulationc-1862395326","p1":"Dragopult124","p2":"tm 80 rockslide","format":"[Gen 9] VGC 2023 Regulation C","log":"|j|\u2606Dragopult124\n|j|\u2606tm 80 rockslide\n|t:|1683878942\n|gametype|doubles\n|player|p1|Dragopult124|265|1247\n|player|p2|tm 80 rockslide|101|1171\n|teamsize|p1|6\n|teamsize|p2|6\n|gen|9\n|tier|[Gen 9] VGC 2023 Regulation C\n|rated|\n|rule|Species Clause: Limit one of each Pok\u00e9mon\n|rule|Item Clause: Limit one of each item\n|clearpoke\n|poke|p1|Volcarona, L50, F|\n|poke|p1|Baxcalibur, L50, F|\n|poke|p1|Gholdengo, L50|\n|poke|p1|Great Tusk, L50|\n|poke|p1|Grimmsnarl, L50, M|\n|poke|p1|Brute Bonnet, L50|\n|poke|p2|Wo-Chien, L50|\n|poke|p2|Glimmora, L50, M|\n|poke|p2|Flutter Mane, L50|\n|poke|p2|Chansey, L50, F|\n|poke|p2|Arcanine, L50, M|\n|poke|p2|Toxapex, L50, M|\n|teampreview|4\n|inactive|Battle timer is ON: inactive players will automatically lose when time's up. (requested by tm 80 rockslide)\n|inactive|Dragopult124 has 60 seconds left.\n|inactive|tm 80 rockslide has 60 seconds left.\n|\n|t:|1683878978\n|start\n|switch|p1a: Gholdengo|Gholdengo, L50|100\/100\n|switch|p1b: Grimmsnarl|Grimmsnarl, L50, M|100\/100\n|switch|p2a: Glimmora|Glimmora, L50, M|100\/100\n|switch|p2b: Flutter Mane|Flutter Mane, L50|100\/100\n|-enditem|p2b: Flutter Mane|Booster Energy\n|-activate|p2b: Flutter Mane|ability: Protosynthesis|[fromitem]\n|-start|p2b: Flutter Mane|protosynthesisspe\n|turn|1\n|j| A Borygon\n|\n|t:|1683878997\n|-end|p2b: Flutter Mane|Protosynthesis|[silent]\n|switch|p2b: Toxapex|Toxapex, L50, M|100\/100\n|-terastallize|p1a: Gholdengo|Flying\n|move|p1b: Grimmsnarl|Light Screen|p1b: Grimmsnarl\n|-sidestart|p1: Dragopult124|move: Light Screen\n|move|p2a: Glimmora|Mortal Spin|p1a: Gholdengo|[spread] p1a,p1b\n|-supereffective|p1b: Grimmsnarl\n|-damage|p1a: Gholdengo|96\/100\n|-damage|p1b: Grimmsnarl|92\/100\n|-status|p1a: Gholdengo|psn\n|-status|p1b: Grimmsnarl|psn\n|move|p1a: Gholdengo|Make It Rain|p2a: Glimmora|[spread] p2a,p2b\n|-supereffective|p2a: Glimmora\n|-resisted|p2b: Toxapex\n|-enditem|p2a: Glimmora|Focus Sash\n|-damage|p2a: Glimmora|1\/100\n|-damage|p2b: Toxapex|83\/100\n|-unboost|p1a: Gholdengo|spa|1\n|-damage|p1a: Gholdengo|86\/100 psn|[from] item: Life Orb\n|\n|-damage|p1a: Gholdengo|74\/100 psn|[from] psn\n|-damage|p1b: Grimmsnarl|79\/100 psn|[from] psn\n|upkeep\n|turn|2\n|l| A Borygon\n|inactive|Dragopult124 has 30 seconds left.\n|inactive|Dragopult124 has 20 seconds left.\n|\n|t:|1683879033\n|move|p2a: Glimmora|Spiky Shield|p2a: Glimmora\n|-singleturn|p2a: Glimmora|move: Protect\n|move|p1a: Gholdengo|Shadow Ball|p2b: Toxapex\n|-damage|p2b: Toxapex|62\/100\n|-unboost|p2b: Toxapex|spd|1\n|-damage|p1a: Gholdengo|65\/100 psn|[from] item: Life Orb\n|move|p1b: Grimmsnarl|Spirit Break|p2a: Glimmora\n|-activate|p2a: Glimmora|move: Protect\n|-damage|p1b: Grimmsnarl|67\/100 psn|[from] Spiky Shield|[of] p2a: Glimmora\n|move|p2b: Toxapex|Infestation|p1b: Grimmsnarl\n|-damage|p1b: Grimmsnarl|64\/100 psn\n|-activate|p1b: Grimmsnarl|move: Infestation|[of] p2b: Toxapex\n|\n|-damage|p1a: Gholdengo|52\/100 psn|[from] psn\n|-damage|p1b: Grimmsnarl|52\/100 psn|[from] psn\n|-damage|p1b: Grimmsnarl|40\/100 psn|[from] move: Infestation|[partiallytrapped]\n|upkeep\n|turn|3\n|inactive|tm 80 rockslide has 30 seconds left.\n|inactive|tm 80 rockslide has 20 seconds left.\n|inactive|tm 80 rockslide has 15 seconds left.\n|\n|t:|1683879074\n|move|p2a: Glimmora|Power Gem|p1a: Gholdengo\n|-supereffective|p1a: Gholdengo\n|-damage|p1a: Gholdengo|5\/100 psn\n|move|p1a: Gholdengo|Shadow Ball|p2b: Toxapex\n|-damage|p2b: Toxapex|29\/100\n|-damage|p1a: Gholdengo|0 fnt|[from] item: Life Orb\n|faint|p1a: Gholdengo\n|move|p1b: Grimmsnarl|Spirit Break|p2a: Glimmora\n|-resisted|p2a: Glimmora\n|-damage|p2a: Glimmora|0 fnt\n|-activate|p2a: Glimmora|ability: Toxic Debris\n|-sidestart|p1: Dragopult124|move: Toxic Spikes\n|faint|p2a: Glimmora\n|move|p2b: Toxapex|Acid Spray|p1b: Grimmsnarl\n|-supereffective|p1b: Grimmsnarl\n|-damage|p1b: Grimmsnarl|28\/100 psn\n|-unboost|p1b: Grimmsnarl|spd|2\n|\n|-damage|p1b: Grimmsnarl|15\/100 psn|[from] psn\n|-damage|p1b: Grimmsnarl|3\/100 psn|[from] move: Infestation|[partiallytrapped]\n|upkeep\n|\n|t:|1683879089\n|switch|p2a: Arcanine|Arcanine, L50, M|100\/100\n|switch|p1a: Great Tusk|Great Tusk, L50|100\/100\n|-ability|p2a: Arcanine|Intimidate|boost\n|-unboost|p1a: Great Tusk|atk|1\n|-unboost|p1b: Grimmsnarl|atk|1\n|-status|p1a: Great Tusk|psn\n|turn|4\n|\n|t:|1683879101\n|switch|p2b: Flutter Mane|Flutter Mane, L50|100\/100\n|-terastallize|p2a: Arcanine|Grass\n|move|p1b: Grimmsnarl|Misty Terrain|p1b: Grimmsnarl\n|-fieldstart|move: Misty Terrain\n|move|p2a: Arcanine|Flare Blitz|p1a: Great Tusk\n|-damage|p1a: Great Tusk|67\/100 psn\n|-damage|p2a: Arcanine|87\/100|[from] Recoil\n|move|p1a: Great Tusk|Earthquake|p2b: Flutter Mane|[spread] p1b,p2a,p2b\n|-resisted|p2a: Arcanine\n|-damage|p1b: Grimmsnarl|0 fnt\n|-damage|p2a: Arcanine|75\/100\n|-damage|p2b: Flutter Mane|48\/100\n|faint|p1b: Grimmsnarl\n|\n|-damage|p1a: Great Tusk|54\/100 psn|[from] psn\n|upkeep\n|\n|t:|1683879114\n|switch|p1b: Brute Bonnet|Brute Bonnet, L50|100\/100\n|-enditem|p1b: Brute Bonnet|Booster Energy\n|-activate|p1b: Brute Bonnet|ability: Protosynthesis|[fromitem]\n|-start|p1b: Brute Bonnet|protosynthesisatk\n|turn|5\n|\n|t:|1683879137\n|move|p2b: Flutter Mane|Protect|p2b: Flutter Mane\n|-singleturn|p2b: Flutter Mane|Protect\n|move|p1b: Brute Bonnet|Sucker Punch||[still]\n|-fail|p1b: Brute Bonnet\n|move|p2a: Arcanine|Flare Blitz|p1b: Brute Bonnet\n|-supereffective|p1b: Brute Bonnet\n|-damage|p1b: Brute Bonnet|14\/100\n|-damage|p2a: Arcanine|42\/100|[from] Recoil\n|move|p1a: Great Tusk|Close Combat|p2a: Arcanine\n|-damage|p2a: Arcanine|0 fnt\n|-unboost|p1a: Great Tusk|def|1\n|-unboost|p1a: Great Tusk|spd|1\n|faint|p2a: Arcanine\n|\n|-damage|p1a: Great Tusk|42\/100 psn|[from] psn\n|upkeep\n|\n|t:|1683879144\n|switch|p2a: Toxapex|Toxapex, L50, M|62\/100\n|turn|6\n|\n|t:|1683879162\n|move|p2b: Flutter Mane|Protect||[still]\n|-fail|p2b: Flutter Mane\n|move|p1b: Brute Bonnet|Sucker Punch||[still]\n|-fail|p1b: Brute Bonnet\n|move|p1a: Great Tusk|Headlong Rush|p2a: Toxapex\n|-supereffective|p2a: Toxapex\n|-damage|p2a: Toxapex|6\/100\n|-unboost|p1a: Great Tusk|def|1\n|-unboost|p1a: Great Tusk|spd|1\n|move|p2a: Toxapex|Ice Beam|p1a: Great Tusk\n|-supereffective|p1a: Great Tusk\n|-damage|p1a: Great Tusk|20\/100 psn\n|\n|-damage|p1a: Great Tusk|7\/100 psn|[from] psn\n|upkeep\n|turn|7\n|\n|t:|1683879179\n|move|p2b: Flutter Mane|Protect|p2b: Flutter Mane\n|-singleturn|p2b: Flutter Mane|Protect\n|move|p1b: Brute Bonnet|Sucker Punch||[still]\n|-fail|p1b: Brute Bonnet\n|move|p1a: Great Tusk|Headlong Rush|p2a: Toxapex\n|-supereffective|p2a: Toxapex\n|-damage|p2a: Toxapex|0 fnt\n|-unboost|p1a: Great Tusk|def|1\n|-unboost|p1a: Great Tusk|spd|1\n|faint|p2a: Toxapex\n|\n|-damage|p1a: Great Tusk|0 fnt|[from] psn\n|faint|p1a: Great Tusk\n|-end|p1a: Great Tusk|Protosynthesis|[silent]\n|upkeep\n|turn|8\n|\n|t:|1683879196\n|move|p1b: Brute Bonnet|Sucker Punch|p2b: Flutter Mane\n|-damage|p2b: Flutter Mane|0 fnt\n|faint|p2b: Flutter Mane\n|-end|p2b: Flutter Mane|Protosynthesis|[silent]\n|\n|win|Dragopult124\n|raw|Dragopult124's rating: 1247 → 1267<\/strong> (+20 for winning)\n|raw|tm 80 rockslide's rating: 1171 → 1151<\/strong> (-20 for losing)\n|l|\u2606tm 80 rockslide\n","uploadtime":1683879206,"views":9,"p1id":"dragopult124","p2id":"tm80rockslide","formatid":"gen9vgc2023regulationc","rating":1151,"private":0,"password":""}