{"id":"gen9vgc2023regulationc-1847949686","p1":"Neofalcon137","p2":"200 routes","format":"[Gen 9] VGC 2023 Regulation C","log":"|j|\u2606Neofalcon137\n|j|\u2606200 routes\n|t:|1682015135\n|gametype|doubles\n|player|p1|Neofalcon137|hilbert|1300\n|player|p2|200 routes|rosa|1343\n|teamsize|p1|6\n|teamsize|p2|6\n|gen|9\n|tier|[Gen 9] VGC 2023 Regulation C\n|rated|\n|rule|Species Clause: Limit one of each Pok\u00e9mon\n|rule|Item Clause: Limit one of each item\n|clearpoke\n|poke|p1|Palafin, L50, M|\n|poke|p1|Flutter Mane, L50|\n|poke|p1|Arcanine, L50, M|\n|poke|p1|Amoonguss, L50, M|\n|poke|p1|Ting-Lu, L50|\n|poke|p1|Roaring Moon, L50|\n|poke|p2|Scizor, L50, M|\n|poke|p2|Iron Bundle, L50|\n|poke|p2|Iron Hands, L50|\n|poke|p2|Baxcalibur, L50, F|\n|poke|p2|Amoonguss, L50, F|\n|poke|p2|Flutter Mane, L50|\n|teampreview|4\n|inactive|Battle timer is ON: inactive players will automatically lose when time's up. (requested by 200 routes)\n|\n|t:|1682015169\n|start\n|switch|p1a: Flutter Mane|Flutter Mane, L50|100\/100\n|switch|p1b: Arcanine|Arcanine, L50, M|100\/100\n|switch|p2a: Scizor|Scizor, L50, M|100\/100\n|switch|p2b: Iron Bundle|Iron Bundle, L50|100\/100\n|-ability|p1b: Arcanine|Intimidate|boost\n|-unboost|p2a: Scizor|atk|1\n|-unboost|p2b: Iron Bundle|atk|1\n|-enditem|p2b: Iron Bundle|Booster Energy\n|-activate|p2b: Iron Bundle|ability: Quark Drive|[fromitem]\n|-start|p2b: Iron Bundle|quarkdrivespe\n|turn|1\n|\n|t:|1682015183\n|-terastallize|p2a: Scizor|Dragon\n|move|p2a: Scizor|Bullet Punch|p1a: Flutter Mane\n|-supereffective|p1a: Flutter Mane\n|-damage|p1a: Flutter Mane|32\/100\n|move|p2b: Iron Bundle|Hydro Pump|p1b: Arcanine\n|-supereffective|p1b: Arcanine\n|-damage|p1b: Arcanine|0 fnt\n|faint|p1b: Arcanine\n|move|p1a: Flutter Mane|Moonblast|p2b: Iron Bundle\n|-damage|p2b: Iron Bundle|0 fnt\n|faint|p2b: Iron Bundle\n|-end|p2b: Iron Bundle|Quark Drive|[silent]\n|\n|upkeep\n|\n|t:|1682015199\n|switch|p2b: Flutter Mane|Flutter Mane, L50|100\/100\n|switch|p1b: Ting-Lu|Ting-Lu, L50|100\/100\n|-ability|p1b: Ting-Lu|Vessel of Ruin\n|turn|2\n|inactive|200 routes has 30 seconds left.\n|inactive|200 routes has 20 seconds left.\n|\n|t:|1682015236\n|-end|p1a: Flutter Mane|Protosynthesis|[silent]\n|switch|p1a: Amoonguss|Amoonguss, L50, M|100\/100\n|switch|p2a: Baxcalibur|Baxcalibur, L50, F|100\/100\n|-terastallize|p1b: Ting-Lu|Poison\n|move|p2b: Flutter Mane|Dazzling Gleam|p1b: Ting-Lu|[spread] p1a,p1b\n|-resisted|p1a: Amoonguss\n|-resisted|p1b: Ting-Lu\n|-damage|p1a: Amoonguss|87\/100\n|-damage|p1b: Ting-Lu|92\/100\n|move|p1b: Ting-Lu|Heavy Slam|p2b: Flutter Mane\n|-supereffective|p2b: Flutter Mane\n|-damage|p2b: Flutter Mane|0 fnt\n|faint|p2b: Flutter Mane\n|-end|p2b: Flutter Mane|Protosynthesis|[silent]\n|\n|upkeep\n|\n|t:|1682015249\n|switch|p2b: Scizor|Scizor, L50, M, tera:Dragon|100\/100\n|turn|3\n|\n|t:|1682015264\n|move|p1a: Amoonguss|Protect|p1a: Amoonguss\n|-singleturn|p1a: Amoonguss|Protect\n|move|p2a: Baxcalibur|Icicle Crash|p1a: Amoonguss\n|-activate|p1a: Amoonguss|move: Protect\n|move|p2b: Scizor|Pounce|p1a: Amoonguss\n|-activate|p1a: Amoonguss|move: Protect\n|move|p1b: Ting-Lu|Sand Tomb|p2a: Baxcalibur\n|-damage|p2a: Baxcalibur|86\/100\n|-activate|p2a: Baxcalibur|move: Sand Tomb|[of] p1b: Ting-Lu\n|\n|-damage|p2a: Baxcalibur|74\/100|[from] move: Sand Tomb|[partiallytrapped]\n|upkeep\n|turn|4\n|\n|t:|1682015283\n|move|p2a: Baxcalibur|Icicle Crash|p1a: Amoonguss\n|-supereffective|p1a: Amoonguss\n|-damage|p1a: Amoonguss|0 fnt\n|faint|p1a: Amoonguss\n|move|p2b: Scizor|Pounce|p1b: Ting-Lu\n|-resisted|p1b: Ting-Lu\n|-damage|p1b: Ting-Lu|80\/100\n|-unboost|p1b: Ting-Lu|spe|1\n|move|p1b: Ting-Lu|Stomping Tantrum|p2a: Baxcalibur\n|-damage|p2a: Baxcalibur|45\/100\n|\n|-damage|p2a: Baxcalibur|33\/100|[from] move: Sand Tomb|[partiallytrapped]\n|upkeep\n|\n|t:|1682015295\n|switch|p1a: Flutter Mane|Flutter Mane, L50|32\/100\n|turn|5\n|\n|t:|1682015307\n|move|p2a: Baxcalibur|Protect|p2a: Baxcalibur\n|-singleturn|p2a: Baxcalibur|Protect\n|move|p2b: Scizor|Bullet Punch|p1a: Flutter Mane\n|-supereffective|p1a: Flutter Mane\n|-damage|p1a: Flutter Mane|0 fnt\n|faint|p1a: Flutter Mane\n|-end|p1a: Flutter Mane|Protosynthesis|[silent]\n|move|p1b: Ting-Lu|Heavy Slam|p2a: Baxcalibur\n|-activate|p2a: Baxcalibur|move: Protect\n|\n|-damage|p2a: Baxcalibur|21\/100|[from] move: Sand Tomb|[partiallytrapped]\n|upkeep\n|turn|6\n|\n|t:|1682015320\n|move|p2b: Scizor|Bullet Punch|p1b: Ting-Lu\n|-damage|p1b: Ting-Lu|62\/100\n|move|p2a: Baxcalibur|Icicle Crash|p1b: Ting-Lu\n|-damage|p1b: Ting-Lu|32\/100\n|cant|p1b: Ting-Lu|flinch\n|\n|-damage|p2a: Baxcalibur|8\/100|[from] move: Sand Tomb|[partiallytrapped]\n|upkeep\n|turn|7\n|\n|t:|1682015328\n|move|p2b: Scizor|Bullet Punch|p1b: Ting-Lu\n|-damage|p1b: Ting-Lu|13\/100\n|move|p2a: Baxcalibur|Icicle Crash|p1b: Ting-Lu\n|-crit|p1b: Ting-Lu\n|-damage|p1b: Ting-Lu|0 fnt\n|faint|p1b: Ting-Lu\n|\n|win|200 routes\n|raw|Neofalcon137's rating: 1300 → 1278<\/strong> (-22 for losing)\n|raw|200 routes's rating: 1343 → 1361<\/strong> (+18 for winning)\n|l|\u2606Neofalcon137\n","uploadtime":1682015337,"views":7,"p1id":"neofalcon137","p2id":"200routes","formatid":"gen9vgc2023regulationc","rating":1278,"private":0,"password":""}