{"id":"gen9vgc2023regulationc-1856016372","p1":"StantlerGOAT","p2":"Panktotheleft","format":"[Gen 9] VGC 2023 Regulation C","log":"|j|\u2606StantlerGOAT\n|j|\u2606Panktotheleft\n|t:|1683017688\n|gametype|doubles\n|player|p1|StantlerGOAT|169|1099\n|player|p2|Panktotheleft|caitlin|1111\n|teamsize|p1|6\n|teamsize|p2|6\n|gen|9\n|tier|[Gen 9] VGC 2023 Regulation C\n|rated|\n|rule|Species Clause: Limit one of each Pok\u00e9mon\n|rule|Item Clause: Limit one of each item\n|clearpoke\n|poke|p1|Stantler, L50, F|\n|poke|p1|Annihilape, L50, F|\n|poke|p1|Kilowattrel, L50, F|\n|poke|p1|Wigglytuff, L50, M|\n|poke|p1|Iron Hands, L50|\n|poke|p1|Indeedee-F, L50, F|\n|poke|p2|Altaria, L50, F|\n|poke|p2|Scream Tail, L50|\n|poke|p2|Gothitelle, L50, M|\n|poke|p2|Scizor, L50, F|\n|poke|p2|Azumarill, L50, F|\n|poke|p2|Amoonguss, L50, M|\n|teampreview|4\nPanktotheleft has agreed to open team sheets.\n|inactive|Battle timer is ON: inactive players will automatically lose when time's up. (requested by StantlerGOAT)\n|\n|t:|1683017730\n|start\n|switch|p1a: Stantler|Stantler, L50, F|100\/100\n|switch|p1b: Annihilape|Annihilape, L50, F|100\/100\n|switch|p2a: Altaria|Altaria, L50, F|100\/100\n|switch|p2b: Gothitelle|Gothitelle, L50, M|100\/100\n|-ability|p2a: Altaria|Cloud Nine\n|-ability|p1a: Stantler|Intimidate|boost\n|-unboost|p2a: Altaria|atk|1\n|-unboost|p2b: Gothitelle|atk|1\n|turn|1\n|\n|t:|1683017743\n|move|p2b: Gothitelle|Fake Out|p1a: Stantler\n|-damage|p1a: Stantler|97\/100\n|move|p2a: Altaria|Will-O-Wisp|p1b: Annihilape\n|-status|p1b: Annihilape|brn\n|move|p1b: Annihilape|Rage Fist|p2b: Gothitelle\n|-supereffective|p2b: Gothitelle\n|-damage|p2b: Gothitelle|80\/100\n|cant|p1a: Stantler|flinch\n|\n|-damage|p1b: Annihilape|95\/100 brn|[from] brn\n|upkeep\n|turn|2\n|\n|t:|1683017761\n|move|p2b: Gothitelle|Protect|p2b: Gothitelle\n|-singleturn|p2b: Gothitelle|Protect\n|move|p2a: Altaria|Perish Song|p2a: Altaria\n|-start|p1a: Stantler|perish3|[silent]\n|-start|p1b: Annihilape|perish3|[silent]\n|-start|p2a: Altaria|perish3|[silent]\n|-start|p2b: Gothitelle|perish3|[silent]\n|-fieldactivate|move: Perish Song\n|move|p1b: Annihilape|Bulk Up|p1b: Annihilape\n|-boost|p1b: Annihilape|atk|1\n|-boost|p1b: Annihilape|def|1\n|move|p1a: Stantler|Skill Swap|p2b: Gothitelle\n|-activate|p2b: Gothitelle|move: Protect\n|\n|-heal|p1b: Annihilape|100\/100 brn|[from] item: Leftovers\n|-damage|p1b: Annihilape|95\/100 brn|[from] brn\n|-start|p2a: Altaria|perish3\n|-start|p1b: Annihilape|perish3\n|-start|p2b: Gothitelle|perish3\n|-start|p1a: Stantler|perish3\n|upkeep\n|turn|3\n|inactive|Panktotheleft has 30 seconds left.\n|\n|t:|1683017793\n|-terastallize|p2b: Gothitelle|Water\n|move|p2a: Altaria|Protect|p2a: Altaria\n|-singleturn|p2a: Altaria|Protect\n|move|p1b: Annihilape|Protect|p1b: Annihilape\n|-singleturn|p1b: Annihilape|Protect\n|move|p2b: Gothitelle|Psychic|p1a: Stantler\n|-damage|p1a: Stantler|78\/100\n|move|p1a: Stantler|Skill Swap|p2b: Gothitelle\n|-activate|p1a: Stantler|move: Skill Swap|Shadow Tag|Intimidate|[of] p2b: Gothitelle\n|-ability|p2b: Gothitelle|Intimidate|boost\n|-unboost|p1a: Stantler|atk|1\n|-unboost|p1b: Annihilape|atk|1\n|-ability|p1b: Annihilape|Defiant|boost\n|-boost|p1b: Annihilape|atk|2\n|\n|-heal|p1b: Annihilape|100\/100 brn|[from] item: Leftovers\n|-damage|p1b: Annihilape|95\/100 brn|[from] brn\n|-start|p2a: Altaria|perish2\n|-start|p1b: Annihilape|perish2\n|-start|p2b: Gothitelle|perish2\n|-start|p1a: Stantler|perish2\n|upkeep\n|turn|4\n|inactive|StantlerGOAT has 30 seconds left.\n|inactive|Panktotheleft has 30 seconds left.\n|inactive|StantlerGOAT has 20 seconds left.\n|inactive|StantlerGOAT has 15 seconds left.\n|inactive|StantlerGOAT has 10 seconds left.\n|\n|t:|1683017840\n|switch|p1b: Iron Hands|Iron Hands, L50|100\/100\n|move|p2b: Gothitelle|Protect|p2b: Gothitelle\n|-singleturn|p2b: Gothitelle|Protect\n|move|p1a: Stantler|Protect|p1a: Stantler\n|-singleturn|p1a: Stantler|Protect\n|move|p2a: Altaria|Will-O-Wisp|p1a: Stantler\n|-activate|p1a: Stantler|move: Protect\n|\n|-start|p2a: Altaria|perish1\n|-start|p2b: Gothitelle|perish1\n|-start|p1a: Stantler|perish1\n|upkeep\n|turn|5\n|inactive|StantlerGOAT has 30 seconds left.\n|inactive|Panktotheleft has 30 seconds left.\n|inactive|StantlerGOAT has 20 seconds left.\n|inactive|Panktotheleft has 20 seconds left.\n|\n|t:|1683017880\n|switch|p1a: Indeedee|Indeedee-F, L50, F|100\/100\n|-fieldstart|move: Psychic Terrain|[from] ability: Psychic Surge|[of] p1a: Indeedee\n|move|p1b: Iron Hands|Fake Out|p2a: Altaria\n|-hint|Psychic Terrain doesn't affect Pok\u00e9mon immune to Ground.\n|-damage|p2a: Altaria|86\/100\n|cant|p2a: Altaria|flinch\n|move|p2b: Gothitelle|Psychic|p1b: Iron Hands\n|-supereffective|p1b: Iron Hands\n|-damage|p1b: Iron Hands|64\/100\n|\n|-start|p2a: Altaria|perish0\n|-start|p2b: Gothitelle|perish0\n|faint|p2a: Altaria\n|faint|p2b: Gothitelle\n|upkeep\n|-message|Panktotheleft forfeited.\n|\n|win|StantlerGOAT\n|raw|StantlerGOAT's rating: 1099 → 1125<\/strong> (+26 for winning)\n|raw|Panktotheleft's rating: 1111 → 1085<\/strong> (-26 for losing)\n|l|\u2606Panktotheleft\n|l|\u2606StantlerGOAT\n|j|\u2606StantlerGOAT\n|player|p1|StantlerGOAT|169\n","uploadtime":1683018045,"views":13,"p1id":"stantlergoat","p2id":"panktotheleft","formatid":"gen9vgc2023regulationc","rating":1085,"private":0,"password":""}