{"id":"gen9vgc2023regulationc-1845096428","p1":"HarlequinIvy","p2":"iamedgy42069","format":"[Gen 9] VGC 2023 Regulation C","log":"|j|\u2606HarlequinIvy\n|j|\u2606iamedgy42069\n|t:|1681683094\n|gametype|doubles\n|player|p1|HarlequinIvy|clair|1112\n|player|p2|iamedgy42069|hoopster|1206\n|teamsize|p1|6\n|teamsize|p2|6\n|gen|9\n|tier|[Gen 9] VGC 2023 Regulation C\n|rated|\n|rule|Species Clause: Limit one of each Pok\u00e9mon\n|rule|Item Clause: Limit one of each item\n|clearpoke\n|poke|p1|Maushold-Four, L50|\n|poke|p1|Scream Tail, L50|\n|poke|p1|Ceruledge, L50, F|\n|poke|p1|Amoonguss, L50, M|\n|poke|p1|Corviknight, L50, M|\n|poke|p1|Garganacl, L50, M|\n|poke|p2|Tyranitar, L50, F|\n|poke|p2|Houndstone, L50, F|\n|poke|p2|Garchomp, L50, M|\n|poke|p2|Talonflame, L50, M|\n|poke|p2|Brute Bonnet, L50|\n|poke|p2|Rotom-Wash, L50|\n|teampreview|4\n|inactive|Battle timer is ON: inactive players will automatically lose when time's up. (requested by iamedgy42069)\niamedgy42069 has agreed to open team sheets.\n|inactive|iamedgy42069 has 60 seconds left.\n|\n|t:|1681683128\n|start\n|switch|p1a: Garganacl|Garganacl, L50, M|100\/100\n|switch|p1b: Scream Tail|Scream Tail, L50, shiny|100\/100\n|switch|p2a: Blazen|Talonflame, L50, M|100\/100\n|switch|p2b: Washed|Rotom-Wash, L50|100\/100\n|-enditem|p1b: Scream Tail|Booster Energy\n|-activate|p1b: Scream Tail|ability: Protosynthesis|[fromitem]\n|-start|p1b: Scream Tail|protosynthesisspe\n|turn|1\n|\n|t:|1681683149\n|move|p2b: Washed|Protect|p2b: Washed\n|-singleturn|p2b: Washed|Protect\n|move|p2a: Blazen|Tailwind|p2a: Blazen\n|-sidestart|p2: iamedgy42069|move: Tailwind\n|move|p1b: Scream Tail|Howl|p1b: Scream Tail|[spread] p1a,p1b\n|-boost|p1a: Garganacl|atk|1\n|-boost|p1b: Scream Tail|atk|1\n|move|p1a: Garganacl|Salt Cure|p2a: Blazen\n|-supereffective|p2a: Blazen\n|-enditem|p2a: Blazen|Focus Sash\n|-damage|p2a: Blazen|1\/100\n|-start|p2a: Blazen|Salt Cure\n|\n|-damage|p2a: Blazen|0 fnt|[from] Salt Cure\n|faint|p2a: Blazen\n|upkeep\n|\n|t:|1681683164\n|switch|p2a: Stargazer|Garchomp, L50, M|100\/100\n|turn|2\n|\n|t:|1681683182\n|switch|p2b: Mr. Boombastic|Tyranitar, L50, F, shiny|100\/100\n|-weather|Sandstorm|[from] ability: Sand Stream|[of] p2b: Mr. Boombastic\n|switch|p1a: Corviknight|Corviknight, L50, M|100\/100\n|-terastallize|p2a: Stargazer|Fire\n|move|p2a: Stargazer|Earthquake|p1a: Corviknight|[spread] p2b,p1b\n|-immune|p1a: Corviknight\n|-supereffective|p2b: Mr. Boombastic\n|-damage|p2b: Mr. Boombastic|48\/100\n|-damage|p1b: Scream Tail|68\/100\n|move|p1b: Scream Tail|Encore||[still]\n|-fail|p1b: Scream Tail\n|\n|-weather|Sandstorm|[upkeep]\n|-damage|p1b: Scream Tail|62\/100|[from] Sandstorm\n|upkeep\n|turn|3\n|\n|t:|1681683199\n|switch|p2b: Washed|Rotom-Wash, L50|100\/100\n|move|p2a: Stargazer|Swords Dance|p2a: Stargazer\n|-boost|p2a: Stargazer|atk|2\n|move|p1b: Scream Tail|Encore|p2a: Stargazer|[miss]\n|-miss|p1b: Scream Tail|p2a: Stargazer\n|move|p1a: Corviknight|Tailwind|p1a: Corviknight\n|-sidestart|p1: HarlequinIvy|move: Tailwind\n|\n|-weather|Sandstorm|[upkeep]\n|-damage|p1b: Scream Tail|56\/100|[from] Sandstorm\n|-damage|p2b: Washed|95\/100|[from] Sandstorm\n|upkeep\n|turn|4\n|inactive|HarlequinIvy has 30 seconds left.\n|inactive|iamedgy42069 has 30 seconds left.\n|inactive|HarlequinIvy has 20 seconds left.\n|\n|t:|1681683236\n|move|p2b: Washed|Helping Hand|p2a: Stargazer\n|-singleturn|p2a: Stargazer|Helping Hand|[of] p2b: Washed\n|move|p1b: Scream Tail|Encore|p2a: Stargazer|[miss]\n|-miss|p1b: Scream Tail|p2a: Stargazer\n|move|p2a: Stargazer|Rock Slide|p1b: Scream Tail|[spread] p1a\n|-miss|p2a: Stargazer|p1b: Scream Tail\n|-damage|p1a: Corviknight|56\/100\n|move|p1a: Corviknight|Roost|p1a: Corviknight\n|-heal|p1a: Corviknight|100\/100\n|-singleturn|p1a: Corviknight|move: Roost\n|\n|-weather|Sandstorm|[upkeep]\n|-damage|p1b: Scream Tail|50\/100|[from] Sandstorm\n|-damage|p2b: Washed|89\/100|[from] Sandstorm\n|-sideend|p2: iamedgy42069|move: Tailwind\n|upkeep\n|turn|5\n|\n|t:|1681683259\n|move|p2b: Washed|Protect|p2b: Washed\n|-singleturn|p2b: Washed|Protect\n|move|p1b: Scream Tail|Howl|p1b: Scream Tail|[spread] p1a,p1b\n|-boost|p1a: Corviknight|atk|1\n|-boost|p1b: Scream Tail|atk|1\n|move|p1a: Corviknight|Brave Bird|p2a: Stargazer\n|-damage|p2a: Stargazer|32\/100\n|-damage|p1a: Corviknight|80\/100|[from] Recoil\n|move|p2a: Stargazer|Rock Slide|p1b: Scream Tail|[spread] p1a\n|-miss|p2a: Stargazer|p1b: Scream Tail\n|-damage|p1a: Corviknight|47\/100\n|\n|-weather|Sandstorm|[upkeep]\n|-damage|p1b: Scream Tail|44\/100|[from] Sandstorm\n|-damage|p2b: Washed|83\/100|[from] Sandstorm\n|upkeep\n|turn|6\n|\n|t:|1681683275\n|switch|p2b: Mr. Boombastic|Tyranitar, L50, F, shiny|48\/100\n|move|p1b: Scream Tail|Encore||[still]\n|-fail|p1b: Scream Tail\n|move|p1a: Corviknight|Brave Bird|p2a: Stargazer|[miss]\n|-miss|p1a: Corviknight|p2a: Stargazer\n|move|p2a: Stargazer|Rock Slide|p1b: Scream Tail|[spread] p1a\n|-miss|p2a: Stargazer|p1b: Scream Tail\n|-damage|p1a: Corviknight|14\/100\n|\n|-weather|none\n|-sideend|p1: HarlequinIvy|move: Tailwind\n|upkeep\n|turn|7\n|\n|t:|1681683294\n|move|p1b: Scream Tail|Play Rough|p2b: Mr. Boombastic\n|-supereffective|p2b: Mr. Boombastic\n|-damage|p2b: Mr. Boombastic|0 fnt\n|faint|p2b: Mr. Boombastic\n|move|p2a: Stargazer|Rock Slide|p1a: Corviknight|[spread] p1a,p1b\n|-damage|p1a: Corviknight|0 fnt\n|-damage|p1b: Scream Tail|15\/100\n|faint|p1a: Corviknight\n|\n|upkeep\n|\n|t:|1681683310\n|switch|p1a: Ceruledge|Ceruledge, L50, F|100\/100\n|switch|p2b: Washed|Rotom-Wash, L50|83\/100\n|turn|8\n|\n|t:|1681683320\n|-terastallize|p1a: Ceruledge|Grass\n|move|p1a: Ceruledge|Shadow Sneak|p2a: Stargazer|[miss]\n|-miss|p1a: Ceruledge|p2a: Stargazer\n|move|p1b: Scream Tail|Howl|p1b: Scream Tail|[spread] p1a,p1b\n|-boost|p1a: Ceruledge|atk|1\n|-boost|p1b: Scream Tail|atk|1\n|move|p2a: Stargazer|Rock Slide|p1a: Ceruledge|[spread] p1a,p1b\n|-damage|p1a: Ceruledge|54\/100\n|-damage|p1b: Scream Tail|0 fnt\n|faint|p1b: Scream Tail\n|-end|p1b: Scream Tail|Protosynthesis|[silent]\n|move|p2b: Washed|Hydro Pump|p1a: Ceruledge\n|-resisted|p1a: Ceruledge\n|-damage|p1a: Ceruledge|39\/100\n|\n|upkeep\n|\n|t:|1681683326\n|switch|p1b: Garganacl|Garganacl, L50, M|100\/100\n|turn|9\n|\n|t:|1681683335\n|move|p2a: Stargazer|Rock Slide|p1a: Ceruledge|[spread] p1a,p1b\n|-damage|p1a: Ceruledge|0 fnt\n|-damage|p1b: Garganacl|73\/100\n|faint|p1a: Ceruledge\n|move|p2b: Washed|Hydro Pump|p1b: Garganacl\n|-supereffective|p1b: Garganacl\n|-damage|p1b: Garganacl|0 fnt\n|faint|p1b: Garganacl\n|\n|win|iamedgy42069\n|raw|HarlequinIvy's rating: 1112 → 1094<\/strong> (-18 for losing)\n|raw|iamedgy42069's rating: 1206 → 1224<\/strong> (+18 for winning)\n|l|\u2606HarlequinIvy\n","uploadtime":1681683345,"views":8,"p1id":"harlequinivy","p2id":"iamedgy42069","formatid":"gen9vgc2023regulationc","rating":1094,"private":0,"password":""}