{"id":"gen9vgc2023regulationc-1852764006","p1":"P0K3_DUDE","p2":"ImprovedBore","format":"[Gen 9] VGC 2023 Regulation C","log":"|j|\u2606P0K3_DUDE\n|j|\u2606ImprovedBore\n|t:|1682604272\n|gametype|doubles\n|player|p1|P0K3_DUDE|scientist-gen4|1000\n|player|p2|ImprovedBore|gambler|1057\n|teamsize|p1|6\n|teamsize|p2|6\n|gen|9\n|tier|[Gen 9] VGC 2023 Regulation C\n|rated|\n|rule|Species Clause: Limit one of each Pok\u00e9mon\n|rule|Item Clause: Limit one of each item\n|clearpoke\n|poke|p1|Altaria, L50, F|\n|poke|p1|Azumarill, L50, M|\n|poke|p1|Luxray, L50, F|\n|poke|p1|Lilligant, L50, F|\n|poke|p1|Lucario, L50, F|\n|poke|p1|Flareon, L50, M|\n|poke|p2|Dragapult, L50, F|\n|poke|p2|Chi-Yu, L50|\n|poke|p2|Gyarados, L50, F|\n|poke|p2|Wo-Chien, L50|\n|poke|p2|Glimmora, L50, M|\n|poke|p2|Gothitelle, L50, M|\n|teampreview|4\nImprovedBore has agreed to open team sheets.\n|inactive|Battle timer is ON: inactive players will automatically lose when time's up. (requested by P0K3_DUDE)\nP0K3_DUDE has agreed to open team sheets.\n|inactive|ImprovedBore has 60 seconds left.\n|inactive|ImprovedBore has 30 seconds left.\n|inactive|ImprovedBore has 20 seconds left.\n|inactive|ImprovedBore has 15 seconds left.\n|\n|t:|1682604403\n|start\n|switch|p1a: Flareon|Flareon, L50, M, shiny|100\/100\n|switch|p1b: Lucario|Lucario, L50, F|100\/100\n|switch|p2a: Dragapult|Dragapult, L50, F|100\/100\n|switch|p2b: Chi-Yu|Chi-Yu, L50|100\/100\n|-ability|p2b: Chi-Yu|Beads of Ruin\n|turn|1\n|inactive|ImprovedBore has 30 seconds left.\n|\n|t:|1682604430\n|move|p2a: Dragapult|Draco Meteor|p1a: Flareon\n|-damage|p1a: Flareon|17\/100\n|-unboost|p2a: Dragapult|spa|2\n|move|p2b: Chi-Yu|Heat Wave|p1a: Flareon|[spread] p1b\n|-start|p1a: Flareon|ability: Flash Fire\n|-supereffective|p1b: Lucario\n|-damage|p1b: Lucario|0 fnt\n|faint|p1b: Lucario\n|move|p1a: Flareon|Fire Blast|p2a: Dragapult\n|-resisted|p2a: Dragapult\n|-damage|p2a: Dragapult|44\/100\n|\n|upkeep\n|\n|t:|1682604445\n|switch|p1b: Azumarill|Azumarill, L50, M|100\/100\n|turn|2\n|\n|t:|1682604455\n|switch|p2a: Gyarados|Gyarados, L50, F|100\/100\n|-ability|p2a: Gyarados|Intimidate|boost\n|-unboost|p1a: Flareon|atk|1\n|-unboost|p1b: Azumarill|atk|1\n|move|p2b: Chi-Yu|Protect|p2b: Chi-Yu\n|-singleturn|p2b: Chi-Yu|Protect\n|move|p1a: Flareon|Flare Blitz|p2a: Gyarados\n|-resisted|p2a: Gyarados\n|-damage|p2a: Gyarados|71\/100\n|-status|p2a: Gyarados|brn\n|-damage|p1a: Flareon|6\/100|[from] Recoil\n|move|p1b: Azumarill|Hydro Pump|p2b: Chi-Yu\n|-activate|p2b: Chi-Yu|move: Protect\n|\n|-damage|p2a: Gyarados|65\/100 brn|[from] brn\n|upkeep\n|turn|3\n|\n|t:|1682604479\n|move|p2a: Gyarados|Helping Hand|p2b: Chi-Yu\n|-singleturn|p2b: Chi-Yu|Helping Hand|[of] p2a: Gyarados\n|move|p2b: Chi-Yu|Snarl|p1a: Flareon|[spread] p1a,p1b\n|-resisted|p1b: Azumarill\n|-damage|p1a: Flareon|0 fnt\n|-damage|p1b: Azumarill|84\/100\n|-unboost|p1b: Azumarill|spa|1\n|faint|p1a: Flareon\n|move|p1b: Azumarill|Hydro Pump|p2b: Chi-Yu\n|-supereffective|p2b: Chi-Yu\n|-damage|p2b: Chi-Yu|32\/100\n|\n|-damage|p2a: Gyarados|59\/100 brn|[from] brn\n|upkeep\n|\n|t:|1682604493\n|switch|p1a: Lilligant|Lilligant, L50, F, shiny|100\/100\n|turn|4\n|\n|t:|1682604501\n|move|p2b: Chi-Yu|Protect|p2b: Chi-Yu\n|-singleturn|p2b: Chi-Yu|Protect\n|move|p1a: Lilligant|Giga Drain|p2a: Gyarados\n|-crit|p2a: Gyarados\n|-damage|p2a: Gyarados|0 fnt\n|faint|p2a: Gyarados\n|move|p1b: Azumarill|Chilling Water|p2b: Chi-Yu\n|-activate|p2b: Chi-Yu|move: Protect\n|\n|upkeep\n|\n|t:|1682604509\n|switch|p2a: Glimmora|Glimmora, L50, M|100\/100\n|turn|5\n|\n|t:|1682604522\n|-terastallize|p2a: Glimmora|Grass\n|move|p2b: Chi-Yu|Snarl|p1a: Lilligant|[spread] p1a,p1b\n|-resisted|p1b: Azumarill\n|-damage|p1a: Lilligant|52\/100\n|-damage|p1b: Azumarill|75\/100\n|-unboost|p1a: Lilligant|spa|1\n|-unboost|p1b: Azumarill|spa|1\n|move|p1a: Lilligant|Energy Ball|p2a: Glimmora\n|-resisted|p2a: Glimmora\n|-damage|p2a: Glimmora|88\/100\n|move|p2a: Glimmora|Mortal Spin|p1b: Azumarill|[spread] p1a,p1b\n|-supereffective|p1a: Lilligant\n|-supereffective|p1b: Azumarill\n|-damage|p1a: Lilligant|38\/100\n|-damage|p1b: Azumarill|67\/100\n|-status|p1a: Lilligant|psn\n|-status|p1b: Azumarill|psn\n|move|p1b: Azumarill|Hydro Pump|p2b: Chi-Yu\n|-supereffective|p2b: Chi-Yu\n|-damage|p2b: Chi-Yu|0 fnt\n|faint|p2b: Chi-Yu\n|\n|-damage|p1a: Lilligant|26\/100 psn|[from] psn\n|-damage|p1b: Azumarill|54\/100 psn|[from] psn\n|upkeep\n|\n|t:|1682604542\n|switch|p2b: Dragapult|Dragapult, L50, F|44\/100\n|turn|6\n|\n|t:|1682604552\n|move|p2b: Dragapult|Shadow Ball|p1b: Azumarill\n|-damage|p1b: Azumarill|20\/100 psn\n|move|p1a: Lilligant|Giga Drain|p2b: Dragapult\n|-resisted|p2b: Dragapult\n|-damage|p2b: Dragapult|27\/100\n|-heal|p1a: Lilligant|36\/100 psn|[from] drain|[of] p2b: Dragapult\n|move|p2a: Glimmora|Power Gem|p1b: Azumarill\n|-damage|p1b: Azumarill|0 fnt\n|faint|p1b: Azumarill\n|\n|-damage|p1a: Lilligant|23\/100 psn|[from] psn\n|upkeep\n|turn|7\n|\n|t:|1682604568\n|move|p2b: Dragapult|Shadow Ball|p1a: Lilligant\n|-damage|p1a: Lilligant|0 fnt\n|faint|p1a: Lilligant\n|\n|win|ImprovedBore\n|raw|P0K3_DUDE's rating: 1000 → 1000<\/strong> (+0 for losing)\n|raw|ImprovedBore's rating: 1057 → 1083<\/strong> (+26 for winning)\n","uploadtime":1682604575,"views":12,"p1id":"p0k3dude","p2id":"improvedbore","formatid":"gen9vgc2023regulationc","rating":1000,"private":0,"password":""}