{"id":"gen9vgc2023regulationc-1855162128","p1":"IAmAnissue","p2":"Ruben1452","format":"[Gen 9] VGC 2023 Regulation C","log":"|j|\u2606IAmAnissue\n|j|\u2606Ruben1452\n|t:|1682908936\n|gametype|doubles\n|player|p1|IAmAnissue|170|1166\n|player|p2|Ruben1452|lucas|1234\n|teamsize|p1|6\n|teamsize|p2|6\n|gen|9\n|tier|[Gen 9] VGC 2023 Regulation C\n|rated|\n|rule|Species Clause: Limit one of each Pok\u00e9mon\n|rule|Item Clause: Limit one of each item\n|clearpoke\n|poke|p1|Annihilape, L50, M|\n|poke|p1|Amoonguss, L50, F|\n|poke|p1|Gothitelle, L50, M|\n|poke|p1|Farigiraf, L50, M|\n|poke|p1|Azumarill, L50, M|\n|poke|p1|Ceruledge, L50, M|\n|poke|p2|Arcanine, L50, F|\n|poke|p2|Amoonguss, L50, F|\n|poke|p2|Flutter Mane, L50|\n|poke|p2|Gastrodon-East, L50, F|\n|poke|p2|Iron Hands, L50|\n|poke|p2|Scizor, L50, M|\n|teampreview|4\n|inactive|Battle timer is ON: inactive players will automatically lose when time's up. (requested by IAmAnissue)\n|inactive|Ruben1452 also wants the timer to be on.\nRuben1452 has agreed to open team sheets.\n|inactive|IAmAnissue has 60 seconds left.\n|inactive|Ruben1452 has 60 seconds left.\n|\n|t:|1682908985\n|start\n|switch|p1a: Ceruledge|Ceruledge, L50, M|100\/100\n|switch|p1b: Help|Amoonguss, L50, F|100\/100\n|switch|p2a: Gastrodon|Gastrodon-East, L50, F|100\/100\n|switch|p2b: Scizor|Scizor, L50, M|100\/100\n|turn|1\n|inactive|Ruben1452 has 30 seconds left.\n|inactive|Ruben1452 has 20 seconds left.\n|inactive|Ruben1452 has 15 seconds left.\n|inactive|Ruben1452 has 10 seconds left.\n|inactive|Ruben1452 has 5 seconds left.\n|\n|t:|1682909040\n|move|p1a: Ceruledge|Protect|p1a: Ceruledge\n|-singleturn|p1a: Ceruledge|Protect\n|move|p2b: Scizor|Bullet Punch|p1a: Ceruledge\n|-activate|p1a: Ceruledge|move: Protect\n|move|p2a: Gastrodon|Earth Power|p1a: Ceruledge\n|-activate|p1a: Ceruledge|move: Protect\n|move|p1b: Help|Spore|p2a: Gastrodon\n|-status|p2a: Gastrodon|slp|[from] move: Spore\n|\n|upkeep\n|turn|2\n|inactive|IAmAnissue has 30 seconds left.\n|\n|t:|1682909075\n|switch|p2a: Flutter Mane|Flutter Mane, L50|100\/100\n|-terastallize|p2b: Scizor|Water\n|move|p1a: Ceruledge|Bulk Up|p1a: Ceruledge\n|-boost|p1a: Ceruledge|atk|1\n|-boost|p1a: Ceruledge|def|1\n|move|p2b: Scizor|Aerial Ace|p1b: Help\n|-supereffective|p1b: Help\n|-damage|p1b: Help|30\/100\n|-enditem|p1b: Help|Sitrus Berry|[eat]\n|-heal|p1b: Help|55\/100|[from] item: Sitrus Berry\n|-damage|p2b: Scizor|91\/100|[from] item: Life Orb\n|move|p1b: Help|Spore|p2b: Scizor\n|-status|p2b: Scizor|slp|[from] move: Spore\n|\n|upkeep\n|turn|3\n|inactive|IAmAnissue has 30 seconds left.\n|inactive|Ruben1452 has 30 seconds left.\n|inactive|IAmAnissue has 20 seconds left.\n|inactive|IAmAnissue has 15 seconds left.\n|inactive|IAmAnissue has 10 seconds left.\n|\n|t:|1682909122\n|move|p2a: Flutter Mane|Protect|p2a: Flutter Mane\n|-singleturn|p2a: Flutter Mane|Protect\n|move|p1b: Help|Rage Powder|p1b: Help\n|-singleturn|p1b: Help|move: Rage Powder\n|move|p1a: Ceruledge|Bitter Blade|p2a: Flutter Mane\n|-activate|p2a: Flutter Mane|move: Protect\n|cant|p2b: Scizor|slp\n|\n|upkeep\n|turn|4\n|\n|t:|1682909134\n|-end|p2a: Flutter Mane|Protosynthesis|[silent]\n|switch|p2a: Gastrodon|Gastrodon-East, L50, F|100\/100 slp\n|move|p1b: Help|Rage Powder|p1b: Help\n|-singleturn|p1b: Help|move: Rage Powder\n|move|p1a: Ceruledge|Bitter Blade|p2a: Gastrodon\n|-resisted|p2a: Gastrodon\n|-damage|p2a: Gastrodon|62\/100 slp\n|cant|p2b: Scizor|slp\n|\n|-heal|p2a: Gastrodon|68\/100 slp|[from] item: Leftovers\n|upkeep\n|turn|5\n|inactive|IAmAnissue has 30 seconds left.\n|inactive|IAmAnissue has 20 seconds left.\n|inactive|IAmAnissue has 15 seconds left.\n|\n|t:|1682909174\n|switch|p1b: Zebra|Farigiraf, L50, M|100\/100\n|move|p1a: Ceruledge|Bulk Up|p1a: Ceruledge\n|-boost|p1a: Ceruledge|atk|1\n|-boost|p1a: Ceruledge|def|1\n|cant|p2b: Scizor|slp\n|cant|p2a: Gastrodon|slp\n|\n|-heal|p2a: Gastrodon|75\/100 slp|[from] item: Leftovers\n|upkeep\n|turn|6\n|\n|t:|1682909198\n|-terastallize|p1a: Ceruledge|Grass\n|cant|p2a: Gastrodon|slp\n|move|p1a: Ceruledge|Shadow Sneak|p2b: Scizor\n|-damage|p2b: Scizor|50\/100 slp\n|-curestatus|p2b: Scizor|slp|[msg]\n|move|p2b: Scizor|Pounce|p1b: Zebra\n|-supereffective|p1b: Zebra\n|-damage|p1b: Zebra|0 fnt\n|faint|p1b: Zebra\n|-damage|p2b: Scizor|40\/100|[from] item: Life Orb\n|\n|-heal|p2a: Gastrodon|81\/100 slp|[from] item: Leftovers\n|upkeep\n|\n|t:|1682909202\n|switch|p1b: Help|Amoonguss, L50, F|88\/100\n|turn|7\n|inactive|IAmAnissue has 30 seconds left.\n|inactive|Ruben1452 has 30 seconds left.\n|inactive|IAmAnissue has 20 seconds left.\n|inactive|Ruben1452 has 20 seconds left.\n|inactive|IAmAnissue has 15 seconds left.\n|inactive|Ruben1452 has 15 seconds left.\n|inactive|Ruben1452 has 10 seconds left.\n|\n|t:|1682909250\n|move|p1a: Ceruledge|Shadow Sneak|p2b: Scizor\n|-damage|p2b: Scizor|0 fnt\n|faint|p2b: Scizor\n|cant|p2a: Gastrodon|slp\n|move|p1b: Help|Spore|p2a: Gastrodon\n|-fail|p2a: Gastrodon|slp\n|\n|-heal|p2a: Gastrodon|87\/100 slp|[from] item: Leftovers\n|upkeep\n|\n|t:|1682909264\n|switch|p2b: Flutter Mane|Flutter Mane, L50|100\/100\n|turn|8\n|\n|t:|1682909271\n|move|p2b: Flutter Mane|Protect|p2b: Flutter Mane\n|-singleturn|p2b: Flutter Mane|Protect\n|move|p1a: Ceruledge|Shadow Sneak|p2b: Flutter Mane\n|-activate|p2b: Flutter Mane|move: Protect\n|-curestatus|p2a: Gastrodon|slp|[msg]\n|move|p2a: Gastrodon|Ice Beam|p1a: Ceruledge\n|-supereffective|p1a: Ceruledge\n|-damage|p1a: Ceruledge|47\/100\n|move|p1b: Help|Spore|p2b: Flutter Mane\n|-activate|p2b: Flutter Mane|move: Protect\n|\n|-heal|p2a: Gastrodon|93\/100|[from] item: Leftovers\n|upkeep\n|turn|9\n|\n|t:|1682909291\n|move|p1b: Help|Rage Powder|p1b: Help\n|-singleturn|p1b: Help|move: Rage Powder\n|move|p1a: Ceruledge|Shadow Sneak|p2b: Flutter Mane\n|-supereffective|p2b: Flutter Mane\n|-enditem|p2b: Flutter Mane|Focus Sash\n|-damage|p2b: Flutter Mane|1\/100\n|move|p2b: Flutter Mane|Shadow Ball|p1b: Help\n|-damage|p1b: Help|51\/100\n|move|p2a: Gastrodon|Ice Beam|p1b: Help\n|-supereffective|p1b: Help\n|-damage|p1b: Help|10\/100\n|\n|-heal|p2a: Gastrodon|99\/100|[from] item: Leftovers\n|upkeep\n|turn|10\n|inactive|IAmAnissue has 30 seconds left.\n|inactive|IAmAnissue has 20 seconds left.\n|\n|t:|1682909329\n|switch|p1b: Walking Nuke|Azumarill, L50, M|100\/100\n|move|p2b: Flutter Mane|Protect|p2b: Flutter Mane\n|-singleturn|p2b: Flutter Mane|Protect\n|move|p1a: Ceruledge|Protect|p1a: Ceruledge\n|-singleturn|p1a: Ceruledge|Protect\n|move|p2a: Gastrodon|Ice Beam|p1a: Ceruledge\n|-activate|p1a: Ceruledge|move: Protect\n|\n|-heal|p2a: Gastrodon|100\/100|[from] item: Leftovers\n|upkeep\n|turn|11\n|inactive|IAmAnissue has 30 seconds left.\n|inactive|IAmAnissue has 20 seconds left.\n|inactive|IAmAnissue has 15 seconds left.\n|\n|t:|1682909372\n|-end|p2b: Flutter Mane|Protosynthesis|[silent]\n|switch|p2b: Iron Hands|Iron Hands, L50|100\/100\n|move|p1a: Ceruledge|Shadow Sneak|p2b: Iron Hands\n|-damage|p2b: Iron Hands|65\/100\n|move|p1b: Walking Nuke|Play Rough|p2a: Gastrodon\n|-damage|p2a: Gastrodon|43\/100\n|move|p2a: Gastrodon|Ice Beam|p1a: Ceruledge\n|-supereffective|p1a: Ceruledge\n|-damage|p1a: Ceruledge|0 fnt\n|faint|p1a: Ceruledge\n|\n|-heal|p2a: Gastrodon|49\/100|[from] item: Leftovers\n|upkeep\n|\n|t:|1682909374\n|switch|p1a: Help|Amoonguss, L50, F|43\/100\n|turn|12\n|inactive|Ruben1452 has 30 seconds left.\n|inactive|Ruben1452 has 20 seconds left.\n|\n|t:|1682909410\n|move|p2b: Iron Hands|Fake Out|p1b: Walking Nuke\n|-damage|p1b: Walking Nuke|83\/100\n|cant|p1b: Walking Nuke|flinch\n|move|p2a: Gastrodon|Ice Beam|p1a: Help\n|-supereffective|p1a: Help\n|-damage|p1a: Help|4\/100\n|move|p1a: Help|Spore|p2b: Iron Hands\n|-status|p2b: Iron Hands|slp|[from] move: Spore\n|\n|-heal|p2a: Gastrodon|56\/100|[from] item: Leftovers\n|upkeep\n|turn|13\n|inactive|IAmAnissue has 30 seconds left.\n|inactive|IAmAnissue has 20 seconds left.\n|inactive|IAmAnissue has 15 seconds left.\n|inactive|IAmAnissue has 10 seconds left.\n|\n|t:|1682909457\n|move|p2a: Gastrodon|Protect|p2a: Gastrodon\n|-singleturn|p2a: Gastrodon|Protect\n|cant|p2b: Iron Hands|slp\n|move|p1b: Walking Nuke|Play Rough|p2a: Gastrodon\n|-activate|p2a: Gastrodon|move: Protect\n|move|p1a: Help|Pollen Puff|p1b: Walking Nuke\n|-heal|p1b: Walking Nuke|100\/100\n|\n|-heal|p2a: Gastrodon|62\/100|[from] item: Leftovers\n|upkeep\n|turn|14\n|\n|t:|1682909477\n|-end|p2b: Iron Hands|Quark Drive|[silent]\n|switch|p2b: Flutter Mane|Flutter Mane, L50|1\/100\n|move|p1b: Walking Nuke|Play Rough|p2a: Gastrodon\n|-damage|p2a: Gastrodon|0 fnt\n|faint|p2a: Gastrodon\n|move|p1a: Help|Pollen Puff|p2b: Flutter Mane\n|-resisted|p2b: Flutter Mane\n|-damage|p2b: Flutter Mane|0 fnt\n|faint|p2b: Flutter Mane\n|-end|p2b: Flutter Mane|Protosynthesis|[silent]\n|\n|upkeep\n|\n|t:|1682909485\n|switch|p2b: Iron Hands|Iron Hands, L50|65\/100 slp\n|turn|15\n|\n|t:|1682909494\n|move|p1a: Help|Rage Powder|p1a: Help\n|-singleturn|p1a: Help|move: Rage Powder\n|move|p1b: Walking Nuke|Play Rough|p2b: Iron Hands\n|-supereffective|p2b: Iron Hands\n|-damage|p2b: Iron Hands|0 fnt\n|faint|p2b: Iron Hands\n|-end|p2b: Iron Hands|Quark Drive|[silent]\n|\n|win|IAmAnissue\n|raw|IAmAnissue's rating: 1166 → 1196<\/strong> (+30 for winning)\n|raw|Ruben1452's rating: 1234 → 1204<\/strong> (-30 for losing)\n|l|\u2606Ruben1452\n","uploadtime":1682909693,"views":19,"p1id":"iamanissue","p2id":"ruben1452","formatid":"gen9vgc2023regulationc","rating":1196,"private":0,"password":""}