{"id":"gen9vgc2023regulationc-1852893981","p1":"Joeforit","p2":"Sunaddicted","format":"[Gen 9] VGC 2023 Regulation C","log":"|j|\u2606Joeforit\n|j|\u2606Sunaddicted\n|t:|1682615197\n|gametype|doubles\n|player|p1|Joeforit|266|1520\n|player|p2|Sunaddicted|170|1413\n|teamsize|p1|6\n|teamsize|p2|6\n|gen|9\n|tier|[Gen 9] VGC 2023 Regulation C\n|rated|\n|rule|Species Clause: Limit one of each Pok\u00e9mon\n|rule|Item Clause: Limit one of each item\n|clearpoke\n|poke|p1|Ting-Lu, L50|\n|poke|p1|Orthworm, L50, F|\n|poke|p1|Amoonguss, L50, M|\n|poke|p1|Chien-Pao, L50|\n|poke|p1|Talonflame, L50, F|\n|poke|p1|Azumarill, L50, F|\n|poke|p2|Chi-Yu, L50|\n|poke|p2|Gyarados, L50, M|\n|poke|p2|Flutter Mane, L50|\n|poke|p2|Amoonguss, L50, M|\n|poke|p2|Iron Hands, L50|\n|poke|p2|Kingambit, L50, F|\n|teampreview|4\n|\n|t:|1682615233\n|start\n|switch|p1a: Ting-Lu|Ting-Lu, L50|100\/100\n|switch|p1b: Talonflame|Talonflame, L50, F|100\/100\n|switch|p2a: Chi-Yu|Chi-Yu, L50|100\/100\n|switch|p2b: Gyarados|Gyarados, L50, M|100\/100\n|-ability|p2a: Chi-Yu|Beads of Ruin\n|-ability|p2b: Gyarados|Intimidate|boost\n|-unboost|p1a: Ting-Lu|atk|1\n|-unboost|p1b: Talonflame|atk|1\n|-ability|p1a: Ting-Lu|Vessel of Ruin\n|turn|1\n|l|\u2606Joeforit\n|player|p1|\n|j|\u2606Joeforit\n|player|p1|Joeforit|266\n|\n|t:|1682615254\n|-terastallize|p2a: Chi-Yu|Water\n|-terastallize|p1a: Ting-Lu|Ground\n|move|p1b: Talonflame|Tailwind|p1b: Talonflame\n|-sidestart|p1: Joeforit|move: Tailwind\n|move|p1a: Ting-Lu|Earthquake|p2b: Gyarados|[spread] p2a\n|-immune|p1b: Talonflame\n|-immune|p2b: Gyarados\n|-damage|p2a: Chi-Yu|52\/100\n|-damage|p1a: Ting-Lu|91\/100|[from] item: Life Orb\n|move|p2a: Chi-Yu|Heat Wave|p1b: Talonflame|[spread] p1b\n|-miss|p2a: Chi-Yu|p1a: Ting-Lu\n|-resisted|p1b: Talonflame\n|-damage|p1b: Talonflame|79\/100\n|move|p2b: Gyarados|Waterfall|p1b: Talonflame\n|-supereffective|p1b: Talonflame\n|-damage|p1b: Talonflame|1\/100\n|\n|-heal|p2a: Chi-Yu|59\/100|[from] item: Leftovers\n|upkeep\n|turn|2\n|\n|t:|1682615280\n|move|p2a: Chi-Yu|Protect|p2a: Chi-Yu\n|-singleturn|p2a: Chi-Yu|Protect\n|move|p1b: Talonflame|Brave Bird|p2a: Chi-Yu\n|-activate|p2a: Chi-Yu|move: Protect\n|move|p1a: Ting-Lu|Earthquake|p2b: Gyarados|[spread] \n|-activate|p2a: Chi-Yu|move: Protect\n|-immune|p1b: Talonflame\n|-immune|p2b: Gyarados\n|move|p2b: Gyarados|Waterfall|p1a: Ting-Lu\n|-supereffective|p1a: Ting-Lu\n|-damage|p1a: Ting-Lu|48\/100\n|\n|-heal|p2a: Chi-Yu|65\/100|[from] item: Leftovers\n|upkeep\n|turn|3\n|\n|t:|1682615308\n|move|p1b: Talonflame|Will-O-Wisp|p2b: Gyarados\n|-status|p2b: Gyarados|brn\n|-enditem|p2b: Gyarados|Lum Berry|[eat]\n|-curestatus|p2b: Gyarados|brn|[msg]\n|move|p1a: Ting-Lu|Rock Slide|p2a: Chi-Yu|[spread] p2a,p2b\n|-supereffective|p2b: Gyarados\n|-damage|p2a: Chi-Yu|48\/100\n|-damage|p2b: Gyarados|69\/100\n|-damage|p1a: Ting-Lu|38\/100|[from] item: Life Orb\n|cant|p2a: Chi-Yu|flinch\n|move|p2b: Gyarados|Waterfall|p1b: Talonflame\n|-supereffective|p1b: Talonflame\n|-damage|p1b: Talonflame|0 fnt\n|faint|p1b: Talonflame\n|\n|-heal|p2a: Chi-Yu|54\/100|[from] item: Leftovers\n|upkeep\n|inactive|Battle timer is ON: inactive players will automatically lose when time's up. (requested by Sunaddicted)\n|\n|t:|1682615332\n|switch|p1b: Chien-Pao|Chien-Pao, L50|100\/100\n|-ability|p1b: Chien-Pao|Sword of Ruin\n|turn|4\n|\n|t:|1682615345\n|switch|p2b: Iron Hands|Iron Hands, L50|100\/100\n|move|p2a: Chi-Yu|Protect|p2a: Chi-Yu\n|-singleturn|p2a: Chi-Yu|Protect\n|move|p1b: Chien-Pao|Crunch|p2a: Chi-Yu\n|-activate|p2a: Chi-Yu|move: Protect\n|move|p1a: Ting-Lu|Rock Slide|p2a: Chi-Yu|[spread] p2b\n|-activate|p2a: Chi-Yu|move: Protect\n|-resisted|p2b: Iron Hands\n|-damage|p2b: Iron Hands|93\/100\n|-damage|p1a: Ting-Lu|28\/100|[from] item: Life Orb\n|\n|-heal|p2a: Chi-Yu|60\/100|[from] item: Leftovers\n|-sideend|p1: Joeforit|move: Tailwind\n|upkeep\n|turn|5\n|\n|t:|1682615366\n|-end|p2b: Iron Hands|Quark Drive|[silent]\n|switch|p2b: Gyarados|Gyarados, L50, M|69\/100\n|-ability|p2b: Gyarados|Intimidate|boost\n|-unboost|p1a: Ting-Lu|atk|1\n|-unboost|p1b: Chien-Pao|atk|1\n|move|p1b: Chien-Pao|Crunch|p2a: Chi-Yu\n|-damage|p2a: Chi-Yu|1\/100\n|move|p2a: Chi-Yu|Heat Wave|p1b: Chien-Pao|[spread] p1a,p1b\n|-supereffective|p1b: Chien-Pao\n|-damage|p1a: Ting-Lu|0 fnt\n|-damage|p1b: Chien-Pao|0 fnt\n|faint|p1a: Ting-Lu\n|faint|p1b: Chien-Pao\n|\n|-heal|p2a: Chi-Yu|7\/100|[from] item: Leftovers\n|upkeep\n|\n|t:|1682615382\n|switch|p1b: Orthworm|Orthworm, L50, F|100\/100\n|turn|6\n|\n|t:|1682615394\n|move|p2a: Chi-Yu|Protect|p2a: Chi-Yu\n|-singleturn|p2a: Chi-Yu|Protect\n|move|p2b: Gyarados|Thunder Wave|p1b: Orthworm\n|-status|p1b: Orthworm|par\n|move|p1b: Orthworm|Body Press|p2a: Chi-Yu\n|-activate|p2a: Chi-Yu|move: Protect\n|\n|-heal|p2a: Chi-Yu|13\/100|[from] item: Leftovers\n|upkeep\n|turn|7\n|\n|t:|1682615410\n|switch|p2a: Iron Hands|Iron Hands, L50|93\/100\n|move|p2b: Gyarados|Taunt|p1b: Orthworm\n|-start|p1b: Orthworm|move: Taunt\n|move|p1b: Orthworm|Body Press|p2a: Iron Hands\n|-crit|p2a: Iron Hands\n|-damage|p2a: Iron Hands|64\/100\n|\n|upkeep\n|turn|8\n|\n|t:|1682615422\n|move|p2b: Gyarados|Waterfall|p1b: Orthworm\n|-damage|p1b: Orthworm|78\/100 par\n|move|p2a: Iron Hands|Drain Punch|p1b: Orthworm\n|-supereffective|p1b: Orthworm\n|-damage|p1b: Orthworm|24\/100 par\n|-heal|p2a: Iron Hands|85\/100|[from] drain|[of] p1b: Orthworm\n|-enditem|p1b: Orthworm|Sitrus Berry|[eat]\n|-heal|p1b: Orthworm|49\/100 par|[from] item: Sitrus Berry\n|cant|p1b: Orthworm|flinch\n|\n|upkeep\n|turn|9\n|\n|t:|1682615435\n|move|p2b: Gyarados|Waterfall|p1b: Orthworm\n|-damage|p1b: Orthworm|27\/100 par\n|move|p2a: Iron Hands|Drain Punch|p1b: Orthworm\n|-supereffective|p1b: Orthworm\n|-damage|p1b: Orthworm|0 fnt\n|-heal|p2a: Iron Hands|94\/100|[from] drain|[of] p1b: Orthworm\n|faint|p1b: Orthworm\n|\n|win|Sunaddicted\n|raw|Joeforit's rating: 1520 → 1494<\/strong> (-26 for losing)\n|raw|Sunaddicted's rating: 1413 → 1439<\/strong> (+26 for winning)\n","uploadtime":1682615456,"views":6,"p1id":"joeforit","p2id":"sunaddicted","formatid":"gen9vgc2023regulationc","rating":1439,"private":0,"password":""}