{"id":"gen9vgc2023regulationc-1852157632","p1":"Des Weswolfs","p2":"Moxie Boosted","format":"[Gen 9] VGC 2023 Regulation C","log":"|j|\u2606Des Weswolfs\n|j|\u2606Moxie Boosted\n|t:|1682528866\n|gametype|doubles\n|player|p1|Des Weswolfs|ethan-gen2c|\n|player|p2|Moxie Boosted|ingo|\n|teamsize|p1|6\n|teamsize|p2|6\n|gen|9\n|tier|[Gen 9] VGC 2023 Regulation C\n|rated|Tournament battle\n|rule|Species Clause: Limit one of each Pok\u00e9mon\n|rule|Item Clause: Limit one of each item\n|clearpoke\n|poke|p1|Pincurchin, L50, M|\n|poke|p1|Iron Bundle, L50|\n|poke|p1|Iron Treads, L50|\n|poke|p1|Annihilape, L50, F|\n|poke|p1|Orthworm, L50, M|\n|poke|p1|Hawlucha, L50, M|\n|poke|p2|Garganacl, L50, M|\n|poke|p2|Hippowdon, L50, M|\n|poke|p2|Amoonguss, L50, F|\n|poke|p2|Chi-Yu, L50|\n|poke|p2|Iron Bundle, L50|\n|poke|p2|Gholdengo, L50|\n|teampreview|4\n|raw| Open Team Sheet for Des Weswolfs<\/summary>Pincurchin @ Aguav Berry Ability: Electric Surge Level: 50 Tera Type: Flying - Thunder Wave - Protect - Chilling Water - Recover Iron Bundle @ Choice Scarf Ability: Quark Drive Level: 50 Tera Type: Electric - Freeze-Dry - Hydro Pump - Tera Blast - Flip Turn Iron Treads @ Assault Vest Ability: Quark Drive Level: 50 Tera Type: Ground - Knock Off - Iron Head - Volt Switch - Earthquake Annihilape @ Leftovers Ability: Defiant Level: 50 Tera Type: Fire - Rage Fist - Drain Punch - Bulk Up - Protect Orthworm @ Figy Berry Ability: Earth Eater Level: 50 Tera Type: Ghost - Shed Tail - Iron Defense - Body Press - Heavy Slam Hawlucha @ Electric Seed Ability: Unburden Level: 50 Tera Type: Flying - Acrobatics - Close Combat - Rock Slide - Swords Dance <\/details><\/div> Open Team Sheet for Moxie Boosted<\/summary>Garganacl @ Leftovers Ability: Purifying Salt Level: 50 Tera Type: Flying - Salt Cure - Wide Guard - Recover - Protect Hippowdon @ Mago Berry Ability: Sand Stream Level: 50 Tera Type: Grass - Yawn - Sand Tomb - Slack Off - Protect Amoonguss @ Rocky Helmet Ability: Regenerator Level: 50 Tera Type: Water - Protect - Spore - Pollen Puff - Rage Powder Chi-Yu @ Safety Goggles Ability: Beads of Ruin Level: 50 Tera Type: Water - Heat Wave - Overheat - Protect - Nasty Plot Iron Bundle @ Booster Energy Ability: Quark Drive Level: 50 Tera Type: Ghost - Icy Wind - Freeze-Dry - Encore - Protect Gholdengo @ Sitrus Berry Ability: Good as Gold Level: 50 Tera Type: Water - Make It Rain - Protect - Nasty Plot - Shadow Ball <\/details><\/div>\n|inactive|Battle timer is ON: inactive players will automatically lose when time's up. (requested by Des Weswolfs)\n|c|\u2606Moxie Boosted|Gl hf\n|c|\u2606Des Weswolfs|thanks u2\n|inactive|Des Weswolfs has 60 seconds left.\n|inactive|Moxie Boosted has 60 seconds left.\n|\n|t:|1682528918\n|start\n|switch|p1a: Iron Treads|Iron Treads, L50|100\/100\n|switch|p1b: Annihilape|Annihilape, L50, F|100\/100\n|switch|p2a: Garganacl|Garganacl, L50, M|100\/100\n|switch|p2b: Hippowdon|Hippowdon, L50, M|100\/100\n|-weather|Sandstorm|[from] ability: Sand Stream|[of] p2b: Hippowdon\n|turn|1\n|inactive|Des Weswolfs has 30 seconds left.\n|inactive|Moxie Boosted has 30 seconds left.\n|inactive|Des Weswolfs has 20 seconds left.\n|inactive|Des Weswolfs has 15 seconds left.\n|\n|t:|1682528959\n|-terastallize|p2a: Garganacl|Flying\n|move|p1a: Iron Treads|Knock Off|p2a: Garganacl\n|-damage|p2a: Garganacl|80\/100\n|-enditem|p2a: Garganacl|Leftovers|[from] move: Knock Off|[of] p1a: Iron Treads\n|move|p1b: Annihilape|Drain Punch|p2a: Garganacl\n|-resisted|p2a: Garganacl\n|-damage|p2a: Garganacl|70\/100\n|move|p2b: Hippowdon|Yawn|p1b: Annihilape\n|-start|p1b: Annihilape|move: Yawn|[of] p2b: Hippowdon\n|move|p2a: Garganacl|Salt Cure|p1b: Annihilape\n|-resisted|p1b: Annihilape\n|-damage|p1b: Annihilape|92\/100\n|-start|p1b: Annihilape|Salt Cure\n|\n|-weather|Sandstorm|[upkeep]\n|-damage|p1b: Annihilape|86\/100|[from] Sandstorm\n|-damage|p2a: Garganacl|64\/100|[from] Sandstorm\n|-heal|p1b: Annihilape|92\/100|[from] item: Leftovers\n|-damage|p1b: Annihilape|80\/100|[from] Salt Cure\n|upkeep\n|turn|2\n|j| Draxolotl\n|inactive|Des Weswolfs has 30 seconds left.\n|\n|t:|1682528991\n|switch|p1b: Pincurchin|Pincurchin, L50, M|100\/100\n|-fieldstart|move: Electric Terrain|[from] ability: Electric Surge|[of] p1b: Pincurchin\n|-activate|p1a: Iron Treads|ability: Quark Drive\n|-start|p1a: Iron Treads|quarkdrivedef\n|move|p1a: Iron Treads|Volt Switch|p2a: Garganacl\n|-supereffective|p2a: Garganacl\n|-damage|p2a: Garganacl|43\/100\n|l| Draxolotl\n|\n|t:|1682529002\n|-end|p1a: Iron Treads|Quark Drive|[silent]\n|switch|p1a: Hawlucha|Hawlucha, L50, M|100\/100|[from] Volt Switch\n|-enditem|p1a: Hawlucha|Electric Seed\n|-boost|p1a: Hawlucha|def|1|[from] item: Electric Seed\n|move|p2b: Hippowdon|Sand Tomb|p1a: Hawlucha\n|-immune|p1a: Hawlucha\n|move|p2a: Garganacl|Salt Cure|p1a: Hawlucha\n|-damage|p1a: Hawlucha|89\/100\n|-start|p1a: Hawlucha|Salt Cure\n|\n|-weather|Sandstorm|[upkeep]\n|-damage|p1a: Hawlucha|83\/100|[from] Sandstorm\n|-damage|p2a: Garganacl|38\/100|[from] Sandstorm\n|-damage|p1b: Pincurchin|95\/100|[from] Sandstorm\n|-damage|p1a: Hawlucha|70\/100|[from] Salt Cure\n|upkeep\n|turn|3\n|\n|t:|1682529024\n|move|p2a: Garganacl|Protect|p2a: Garganacl\n|-singleturn|p2a: Garganacl|Protect\n|move|p1a: Hawlucha|Rock Slide|p2a: Garganacl|[spread] p2b\n|-activate|p2a: Garganacl|move: Protect\n|-resisted|p2b: Hippowdon\n|-damage|p2b: Hippowdon|95\/100\n|move|p2b: Hippowdon|Yawn|p1a: Hawlucha\n|-start|p1a: Hawlucha|move: Yawn|[of] p2b: Hippowdon\n|move|p1b: Pincurchin|Chilling Water|p2b: Hippowdon\n|-supereffective|p2b: Hippowdon\n|-crit|p2b: Hippowdon\n|-damage|p2b: Hippowdon|71\/100\n|-unboost|p2b: Hippowdon|atk|1\n|\n|-weather|Sandstorm|[upkeep]\n|-damage|p1a: Hawlucha|64\/100|[from] Sandstorm\n|-damage|p2a: Garganacl|32\/100|[from] Sandstorm\n|-damage|p1b: Pincurchin|89\/100|[from] Sandstorm\n|-damage|p1a: Hawlucha|52\/100|[from] Salt Cure\n|upkeep\n|turn|4\n|j| Rayo20\n|inactive|Des Weswolfs has 30 seconds left.\n|inactive|Moxie Boosted has 30 seconds left.\n|j| Draxolotl\n|inactive|Des Weswolfs has 20 seconds left.\n|\n|t:|1682529059\n|switch|p1b: Iron Treads|Iron Treads, L50|100\/100\n|-activate|p1b: Iron Treads|ability: Quark Drive\n|-start|p1b: Iron Treads|quarkdrivedef\n|move|p2a: Garganacl|Wide Guard|p2a: Garganacl\n|-singleturn|p2a: Garganacl|Wide Guard\n|move|p1a: Hawlucha|Rock Slide|p2b: Hippowdon|[spread] \n|-activate|p2a: Garganacl|move: Wide Guard\n|-activate|p2b: Hippowdon|move: Wide Guard\n|move|p2b: Hippowdon|Sand Tomb|p1b: Iron Treads\n|-supereffective|p1b: Iron Treads\n|-damage|p1b: Iron Treads|89\/100\n|-activate|p1b: Iron Treads|move: Sand Tomb|[of] p2b: Hippowdon\n|\n|-weather|Sandstorm|[upkeep]\n|-damage|p1a: Hawlucha|46\/100|[from] Sandstorm\n|-damage|p2a: Garganacl|26\/100|[from] Sandstorm\n|-damage|p1a: Hawlucha|33\/100|[from] Salt Cure\n|-damage|p1b: Iron Treads|77\/100|[from] move: Sand Tomb|[partiallytrapped]\n|-end|p1a: Hawlucha|move: Yawn|[silent]\n|-status|p1a: Hawlucha|slp\n|upkeep\n|turn|5\n|inactive|Des Weswolfs has 30 seconds left.\n|inactive|Moxie Boosted has 30 seconds left.\n|c|\u2606Des Weswolfs|if only I could read...\n|c| Draxolotl|im confused on the hippo situation over ttar\n|l| Rayo20\n|inactive|Des Weswolfs has 20 seconds left.\n|inactive|Moxie Boosted has 20 seconds left.\n|inactive|Des Weswolfs has 15 seconds left.\n|inactive|Des Weswolfs has 10 seconds left.\n|inactive|Des Weswolfs has 5 seconds left.\n|\n|t:|1682529109\n|cant|p1a: Hawlucha|slp\n|move|p1b: Iron Treads|Iron Head|p2a: Garganacl\n|-damage|p2a: Garganacl|0 fnt\n|faint|p2a: Garganacl\n|move|p2b: Hippowdon|Sand Tomb|p1b: Iron Treads\n|-supereffective|p1b: Iron Treads\n|-damage|p1b: Iron Treads|66\/100\n|\n|-weather|none\n|-damage|p1a: Hawlucha|21\/100 slp|[from] Salt Cure\n|-damage|p1b: Iron Treads|54\/100|[from] move: Sand Tomb|[partiallytrapped]\n|upkeep\n|\n|t:|1682529122\n|switch|p2a: Iron Bundle|Iron Bundle, L50|100\/100\n|-activate|p2a: Iron Bundle|ability: Quark Drive\n|-start|p2a: Iron Bundle|quarkdrivespe\n|turn|6\n|inactive|Moxie Boosted has 30 seconds left.\n|\n|t:|1682529151\n|move|p2a: Iron Bundle|Icy Wind|p1a: Hawlucha|[spread] p1a,p1b\n|-supereffective|p1a: Hawlucha\n|-damage|p1a: Hawlucha|0 fnt\n|-damage|p1b: Iron Treads|37\/100\n|-unboost|p1b: Iron Treads|spe|1\n|faint|p1a: Hawlucha\n|move|p1b: Iron Treads|Knock Off|p2b: Hippowdon\n|-damage|p2b: Hippowdon|50\/100\n|-enditem|p2b: Hippowdon|Mago Berry|[from] move: Knock Off|[of] p1b: Iron Treads\n|move|p2b: Hippowdon|Sand Tomb|p1b: Iron Treads\n|-supereffective|p1b: Iron Treads\n|-damage|p1b: Iron Treads|26\/100\n|\n|-damage|p1b: Iron Treads|14\/100|[from] move: Sand Tomb|[partiallytrapped]\n|-fieldend|move: Electric Terrain\n|-end|p2a: Iron Bundle|Quark Drive\n|-end|p1b: Iron Treads|Quark Drive\n|upkeep\n|-enditem|p2a: Iron Bundle|Booster Energy\n|-activate|p2a: Iron Bundle|ability: Quark Drive|[fromitem]\n|-start|p2a: Iron Bundle|quarkdrivespe\n|\n|t:|1682529169\n|switch|p1a: Pincurchin|Pincurchin, L50, M|89\/100\n|-fieldstart|move: Electric Terrain|[from] ability: Electric Surge|[of] p1a: Pincurchin\n|-activate|p1b: Iron Treads|ability: Quark Drive\n|-start|p1b: Iron Treads|quarkdrivedef\n|turn|7\n|l| Draxolotl\n|inactive|Moxie Boosted has 30 seconds left.\n|j| vight\n|\n|t:|1682529196\n|move|p2a: Iron Bundle|Protect|p2a: Iron Bundle\n|-singleturn|p2a: Iron Bundle|Protect\n|move|p1b: Iron Treads|Volt Switch|p2a: Iron Bundle\n|-activate|p2a: Iron Bundle|move: Protect\n|move|p2b: Hippowdon|Slack Off|p2b: Hippowdon\n|-heal|p2b: Hippowdon|100\/100\n|move|p1a: Pincurchin|Thunder Wave|p2a: Iron Bundle\n|-activate|p2a: Iron Bundle|move: Protect\n|\n|-damage|p1b: Iron Treads|2\/100|[from] move: Sand Tomb|[partiallytrapped]\n|upkeep\n|turn|8\n|inactive|Des Weswolfs has 30 seconds left.\n|inactive|Moxie Boosted has 30 seconds left.\n|inactive|Moxie Boosted has 20 seconds left.\n|l| vight\n|inactive|Moxie Boosted has 15 seconds left.\n|\n|t:|1682529238\n|move|p1a: Pincurchin|Protect|p1a: Pincurchin\n|-singleturn|p1a: Pincurchin|Protect\n|move|p2a: Iron Bundle|Encore|p1a: Pincurchin\n|-activate|p1a: Pincurchin|move: Protect\n|move|p1b: Iron Treads|Volt Switch|p2a: Iron Bundle\n|-supereffective|p2a: Iron Bundle\n|-damage|p2a: Iron Bundle|53\/100\n|\n|t:|1682529245\n|-end|p1b: Iron Treads|Quark Drive|[silent]\n|switch|p1b: Annihilape|Annihilape, L50, F|80\/100|[from] Volt Switch\n|move|p2b: Hippowdon|Sand Tomb|p1a: Pincurchin\n|-activate|p1a: Pincurchin|move: Protect\n|\n|-heal|p1b: Annihilape|86\/100|[from] item: Leftovers\n|upkeep\n|turn|9\n|j| templevgc\n|inactive|Des Weswolfs has 30 seconds left.\n|\n|t:|1682529270\n|move|p2a: Iron Bundle|Protect|p2a: Iron Bundle\n|-singleturn|p2a: Iron Bundle|Protect\n|move|p1b: Annihilape|Bulk Up|p1b: Annihilape\n|-boost|p1b: Annihilape|atk|1\n|-boost|p1b: Annihilape|def|1\n|move|p2b: Hippowdon|Sand Tomb|p1a: Pincurchin\n|-supereffective|p1a: Pincurchin\n|-damage|p1a: Pincurchin|72\/100\n|-activate|p1a: Pincurchin|move: Sand Tomb|[of] p2b: Hippowdon\n|move|p1a: Pincurchin|Thunder Wave|p2a: Iron Bundle\n|-activate|p2a: Iron Bundle|move: Protect\n|\n|-heal|p1b: Annihilape|92\/100|[from] item: Leftovers\n|-damage|p1a: Pincurchin|60\/100|[from] move: Sand Tomb|[partiallytrapped]\n|upkeep\n|turn|10\n|\n|t:|1682529296\n|move|p2a: Iron Bundle|Encore|p1b: Annihilape\n|-start|p1b: Annihilape|Encore\n|move|p1b: Annihilape|Bulk Up|p1b: Annihilape\n|-boost|p1b: Annihilape|atk|1\n|-boost|p1b: Annihilape|def|1\n|move|p2b: Hippowdon|Sand Tomb|p1b: Annihilape|[miss]\n|-miss|p2b: Hippowdon|p1b: Annihilape\n|move|p1a: Pincurchin|Chilling Water|p2b: Hippowdon\n|-supereffective|p2b: Hippowdon\n|-crit|p2b: Hippowdon\n|-damage|p2b: Hippowdon|75\/100\n|-unboost|p2b: Hippowdon|atk|1\n|\n|-heal|p1b: Annihilape|99\/100|[from] item: Leftovers\n|-damage|p1a: Pincurchin|48\/100|[from] move: Sand Tomb|[partiallytrapped]\n|upkeep\n|turn|11\n|inactive|Des Weswolfs has 30 seconds left.\n|inactive|Des Weswolfs has 20 seconds left.\n|\n|t:|1682529331\n|switch|p1b: Iron Treads|Iron Treads, L50|2\/100\n|-activate|p1b: Iron Treads|ability: Quark Drive\n|-start|p1b: Iron Treads|quarkdrivedef\n|move|p2a: Iron Bundle|Freeze-Dry|p1a: Pincurchin\n|-damage|p1a: Pincurchin|1\/100\n|-enditem|p1a: Pincurchin|Aguav Berry|[eat]\n|-heal|p1a: Pincurchin|34\/100|[from] item: Aguav Berry\n|move|p2b: Hippowdon|Sand Tomb|p1a: Pincurchin|[miss]\n|-miss|p2b: Hippowdon|p1a: Pincurchin\n|move|p1a: Pincurchin|Recover|p1a: Pincurchin\n|-heal|p1a: Pincurchin|84\/100\n|\n|-damage|p1a: Pincurchin|72\/100|[from] move: Sand Tomb|[partiallytrapped]\n|-fieldend|move: Electric Terrain\n|-end|p1b: Iron Treads|Quark Drive\n|upkeep\n|turn|12\n|inactive|Des Weswolfs has 30 seconds left.\n|inactive|Des Weswolfs has 20 seconds left.\n|l| templevgc\n|inactive|Des Weswolfs has 15 seconds left.\n|inactive|Des Weswolfs has 10 seconds left.\n|\n|t:|1682529380\n|move|p2a: Iron Bundle|Protect|p2a: Iron Bundle\n|-singleturn|p2a: Iron Bundle|Protect\n|move|p1a: Pincurchin|Protect|p1a: Pincurchin\n|-singleturn|p1a: Pincurchin|Protect\n|move|p1b: Iron Treads|Volt Switch|p2a: Iron Bundle\n|-activate|p2a: Iron Bundle|move: Protect\n|move|p2b: Hippowdon|Sand Tomb|p1b: Iron Treads\n|-supereffective|p1b: Iron Treads\n|-damage|p1b: Iron Treads|0 fnt\n|faint|p1b: Iron Treads\n|-end|p1b: Iron Treads|Quark Drive|[silent]\n|\n|-damage|p1a: Pincurchin|60\/100|[from] move: Sand Tomb|[partiallytrapped]\n|upkeep\n|\n|t:|1682529390\n|switch|p1b: Annihilape|Annihilape, L50, F|99\/100\n|turn|13\n|inactive|Des Weswolfs has 30 seconds left.\n|\n|t:|1682529414\n|switch|p2b: Chi-Yu|Chi-Yu, L50|100\/100\n|-ability|p2b: Chi-Yu|Beads of Ruin\n|move|p1b: Annihilape|Protect|p1b: Annihilape\n|-singleturn|p1b: Annihilape|Protect\n|move|p2a: Iron Bundle|Freeze-Dry|p1a: Pincurchin\n|-damage|p1a: Pincurchin|1\/100\n|move|p1a: Pincurchin|Thunder Wave|p2a: Iron Bundle\n|-status|p2a: Iron Bundle|par\n|\n|-heal|p1b: Annihilape|100\/100|[from] item: Leftovers\n|-end|p1a: Pincurchin|Sand Tomb|[partiallytrapped]\n|upkeep\n|turn|14\n|inactive|Des Weswolfs has 25 seconds left this turn.\n|inactive|Des Weswolfs has 20 seconds left.\n|inactive|Des Weswolfs has 15 seconds left.\n|inactive|Des Weswolfs has 10 seconds left.\n|\n|t:|1682529433\n|-terastallize|p1b: Annihilape|Fire\n|move|p1a: Pincurchin|Protect|p1a: Pincurchin\n|-singleturn|p1a: Pincurchin|Protect\n|move|p2a: Iron Bundle|Encore|p1b: Annihilape\n|-start|p1b: Annihilape|Encore\n|move|p2b: Chi-Yu|Heat Wave|p1b: Annihilape|[spread] p1b\n|-activate|p1a: Pincurchin|move: Protect\n|-resisted|p1b: Annihilape\n|-damage|p1b: Annihilape|84\/100\n|move|p1b: Annihilape|Protect||[still]\n|-fail|p1b: Annihilape\n|\n|-heal|p1b: Annihilape|90\/100|[from] item: Leftovers\n|upkeep\n|turn|15\n|inactive|Des Weswolfs has 10 seconds left this turn.\n|inactive|Des Weswolfs has 5 seconds left.\n|-message|Des Weswolfs lost due to inactivity.\n|\n|win|Moxie Boosted\n|n|\u2606Des Weswolfs|desweswolfs\n|n|\u2606Moxie Boosted|moxieboosted\n|c|\u2606Des Weswolfs|wp\n|c|\u2606Moxie Boosted|Gg wp\n|l|\u2606Moxie Boosted\n|c|\u2606Des Weswolfs|love your vids\n","uploadtime":1682530541,"views":11,"p1id":"desweswolfs","p2id":"moxieboosted","formatid":"gen9vgc2023regulationc","rating":0,"private":0,"password":""}