{"id":"gen9vgc2023regulationc-1863557516","p1":"A1ge7","p2":"Hytghydf","format":"[Gen 9] VGC 2023 Regulation C","log":"|j|\u2606A1ge7\n|j|\u2606Hytghydf\n|t:|1684033940\n|gametype|doubles\n|player|p1|A1ge7|n|1058\n|player|p2|Hytghydf|265|1000\n|teamsize|p1|6\n|teamsize|p2|6\n|gen|9\n|tier|[Gen 9] VGC 2023 Regulation C\n|rated|\n|rule|Species Clause: Limit one of each Pok\u00e9mon\n|rule|Item Clause: Limit one of each item\n|clearpoke\n|poke|p1|Iron Bundle, L50|\n|poke|p1|Ting-Lu, L50|\n|poke|p1|Murkrow, L50, F|\n|poke|p1|Flutter Mane, L50|\n|poke|p1|Sylveon, L50, F|\n|poke|p1|Maushold-Four, L50|\n|poke|p2|Iron Bundle, L50|\n|poke|p2|Glaceon, L50, M|\n|poke|p2|Abomasnow, L50, F|\n|poke|p2|Slowking, L50, M|\n|poke|p2|Ceruledge, L50, F|\n|poke|p2|Rotom-Frost, L50|\n|teampreview|4\n|\n|t:|1684033953\n|start\n|switch|p1a: Iron Bundle|Iron Bundle, L50|100\/100\n|switch|p1b: Ting-Lu|Ting-Lu, L50|100\/100\n|switch|p2a: Glaceon|Glaceon, L50, M|100\/100\n|switch|p2b: Ceruledge|Ceruledge, L50, F|100\/100\n|-ability|p1b: Ting-Lu|Vessel of Ruin\n|-enditem|p1a: Iron Bundle|Booster Energy\n|-activate|p1a: Iron Bundle|ability: Quark Drive|[fromitem]\n|-start|p1a: Iron Bundle|quarkdrivespe\n|turn|1\n|\n|t:|1684033966\n|-terastallize|p2b: Ceruledge|Grass\n|move|p1a: Iron Bundle|Protect|p1a: Iron Bundle\n|-singleturn|p1a: Iron Bundle|Protect\n|move|p2a: Glaceon|Ice Shard|p2b: Ceruledge\n|-supereffective|p2b: Ceruledge\n|-damage|p2b: Ceruledge|80\/100\n|-ability|p2b: Ceruledge|Weak Armor|boost\n|-unboost|p2b: Ceruledge|def|1\n|-boost|p2b: Ceruledge|spe|2\n|-enditem|p2b: Ceruledge|Weakness Policy\n|-boost|p2b: Ceruledge|atk|2|[from] item: Weakness Policy\n|-boost|p2b: Ceruledge|spa|2|[from] item: Weakness Policy\n|move|p2b: Ceruledge|Bitter Blade|p1a: Iron Bundle\n|-activate|p1a: Iron Bundle|move: Protect\n|move|p1b: Ting-Lu|Earthquake|p2b: Ceruledge|[spread] p2a,p2b\n|-activate|p1a: Iron Bundle|move: Protect\n|-resisted|p2b: Ceruledge\n|-damage|p2a: Glaceon|73\/100\n|-damage|p2b: Ceruledge|52\/100\n|-ability|p2b: Ceruledge|Weak Armor|boost\n|-unboost|p2b: Ceruledge|def|1\n|-boost|p2b: Ceruledge|spe|2\n|\n|-heal|p2a: Glaceon|78\/100|[from] item: Leftovers\n|upkeep\n|turn|2\n|\n|t:|1684034008\n|-terastallize|p1a: Iron Bundle|Ground\n|move|p2a: Glaceon|Ice Shard|p1a: Iron Bundle\n|-supereffective|p1a: Iron Bundle\n|-damage|p1a: Iron Bundle|82\/100\n|move|p2b: Ceruledge|Bitter Blade|p1a: Iron Bundle\n|-damage|p1a: Iron Bundle|0 fnt\n|-heal|p2b: Ceruledge|86\/100|[from] drain|[of] p1a: Iron Bundle\n|faint|p1a: Iron Bundle\n|-end|p1a: Iron Bundle|Quark Drive|[silent]\n|move|p1b: Ting-Lu|Heavy Slam|p2a: Glaceon\n|-supereffective|p2a: Glaceon\n|-damage|p2a: Glaceon|13\/100\n|\n|-heal|p2a: Glaceon|19\/100|[from] item: Leftovers\n|upkeep\n|\n|t:|1684034042\n|switch|p1a: Sylveon|Sylveon, L50, F|100\/100\n|turn|3\n|c|\u2606A1ge7|Bruh\n|\n|t:|1684034054\n|move|p2b: Ceruledge|Protect|p2b: Ceruledge\n|-singleturn|p2b: Ceruledge|Protect\n|move|p1a: Sylveon|Hyper Voice|p2b: Ceruledge|[spread] p2a\n|-activate|p2b: Ceruledge|move: Protect\n|-damage|p2a: Glaceon|0 fnt\n|faint|p2a: Glaceon\n|-enditem|p1a: Sylveon|Throat Spray\n|-boost|p1a: Sylveon|spa|1|[from] item: Throat Spray\n|move|p1b: Ting-Lu|Heavy Slam|p2b: Ceruledge\n|-activate|p2b: Ceruledge|move: Protect\n|\n|upkeep\n|\n|t:|1684034067\n|switch|p2a: Iron Bundle|Iron Bundle, L50|100\/100\n|turn|4\n|\n|t:|1684034084\n|move|p2b: Ceruledge|Disable|p1a: Sylveon\n|-start|p1a: Sylveon|Disable|Hyper Voice\n|move|p2a: Iron Bundle|Freeze-Dry|p1b: Ting-Lu\n|-supereffective|p1b: Ting-Lu\n|-damage|p1b: Ting-Lu|55\/100\n|cant|p1a: Sylveon|Disable|Hyper Voice\n|move|p1b: Ting-Lu|Heavy Slam|p2a: Iron Bundle\n|-damage|p2a: Iron Bundle|63\/100\n|\n|upkeep\n|turn|5\n|\n|t:|1684034108\n|move|p1a: Sylveon|Protect|p1a: Sylveon\n|-singleturn|p1a: Sylveon|Protect\n|move|p2b: Ceruledge|Bitter Blade|p1b: Ting-Lu\n|-damage|p1b: Ting-Lu|9\/100\n|-heal|p2b: Ceruledge|100\/100|[from] drain|[of] p1b: Ting-Lu\n|move|p2a: Iron Bundle|Freeze-Dry|p1b: Ting-Lu\n|-supereffective|p1b: Ting-Lu\n|-damage|p1b: Ting-Lu|0 fnt\n|faint|p1b: Ting-Lu\n|\n|upkeep\n|\n|t:|1684034139\n|switch|p1b: Flutter Mane|Flutter Mane, L50|100\/100\n|turn|6\n|\n|t:|1684034166\n|-end|p2a: Iron Bundle|Quark Drive|[silent]\n|switch|p2a: Abomasnow|Abomasnow, L50, F|100\/100\n|-weather|Snow|[from] ability: Snow Warning|[of] p2a: Abomasnow\n|move|p2b: Ceruledge|Bitter Blade|p1a: Sylveon\n|-damage|p1a: Sylveon|0 fnt\n|faint|p1a: Sylveon\n|move|p1b: Flutter Mane|Shadow Ball|p2b: Ceruledge\n|-damage|p2b: Ceruledge|56\/100\n|\n|-weather|Snow|[upkeep]\n|upkeep\n|turn|7\n|\n|t:|1684034211\n|move|p2b: Ceruledge|Bitter Blade|p1b: Flutter Mane\n|-enditem|p1b: Flutter Mane|Focus Sash\n|-damage|p1b: Flutter Mane|1\/100\n|-heal|p2b: Ceruledge|96\/100|[from] drain|[of] p1b: Flutter Mane\n|move|p1b: Flutter Mane|Moonblast|p2b: Ceruledge\n|-damage|p2b: Ceruledge|40\/100\n|move|p2a: Abomasnow|Blizzard|p1b: Flutter Mane\n|-damage|p1b: Flutter Mane|0 fnt\n|faint|p1b: Flutter Mane\n|-end|p1b: Flutter Mane|Protosynthesis|[silent]\n|\n|win|Hytghydf\n|raw|A1ge7's rating: 1058 → 1036<\/strong> (-22 for losing)\n|raw|Hytghydf's rating: 1000 → 1047<\/strong> (+47 for winning)\n|l|\u2606A1ge7\n","uploadtime":1684034226,"views":12,"p1id":"a1ge7","p2id":"hytghydf","formatid":"gen9vgc2023regulationc","rating":1036,"private":0,"password":""}