{"id":"gen9vgc2023regulationc-1848007200","p1":"matichango","p2":"Andyh331","format":"[Gen 9] VGC 2023 Regulation C","log":"|j|\u2606matichango\n|j|\u2606Andyh331\n|t:|1682020134\n|gametype|doubles\n|player|p1|matichango|1|1000\n|player|p2|Andyh331|1|1071\n|teamsize|p1|6\n|teamsize|p2|6\n|gen|9\n|tier|[Gen 9] VGC 2023 Regulation C\n|rated|\n|rule|Species Clause: Limit one of each Pok\u00e9mon\n|rule|Item Clause: Limit one of each item\n|clearpoke\n|poke|p1|Skeledirge, L50, F|\n|poke|p1|Meowscarada, L50, M|\n|poke|p1|Hydreigon, L50, M|\n|poke|p1|Kingambit, L50, M|\n|poke|p1|Annihilape, L50, M|\n|poke|p1|Toedscool, L50, M|\n|poke|p2|Cryogonal, L50|\n|poke|p2|Garchomp, L50, F|\n|poke|p2|Amoonguss, L50, M|\n|poke|p2|Palafin, L50, M|\n|poke|p2|Arcanine, L50, M|\n|poke|p2|Flutter Mane, L50|\n|teampreview|4\n|inactive|Battle timer is ON: inactive players will automatically lose when time's up. (requested by matichango)\n|inactive|matichango has 60 seconds left.\n|inactive|Andyh331 has 60 seconds left.\n|inactive|Andyh331 has 30 seconds left.\n|\n|t:|1682020206\n|start\n|switch|p1a: Skeledirge|Skeledirge, L50, F|100\/100\n|switch|p1b: Hydreigon|Hydreigon, L50, M|100\/100\n|switch|p2a: Cryogonal|Cryogonal, L50, shiny|100\/100\n|switch|p2b: Amoonguss|Amoonguss, L50, M|100\/100\n|turn|1\n|inactive|matichango has 30 seconds left.\n|inactive|matichango has 20 seconds left.\n|inactive|matichango has 15 seconds left.\n|\n|t:|1682020250\n|-terastallize|p1b: Hydreigon|Steel\n|move|p1a: Skeledirge|Protect|p1a: Skeledirge\n|-singleturn|p1a: Skeledirge|Protect\n|move|p2b: Amoonguss|Rage Powder|p2b: Amoonguss\n|-singleturn|p2b: Amoonguss|move: Rage Powder\n|move|p2a: Cryogonal|Icy Wind|p1b: Hydreigon|[spread] \n|-activate|p1a: Skeledirge|move: Protect\n|-miss|p2a: Cryogonal|p1b: Hydreigon\n|move|p1b: Hydreigon|Tailwind|p1b: Hydreigon\n|-sidestart|p1: matichango|move: Tailwind\n|\n|upkeep\n|turn|2\n|\n|t:|1682020271\n|move|p1b: Hydreigon|Dark Pulse|p2a: Cryogonal\n|-damage|p2a: Cryogonal|53\/100\n|-damage|p1b: Hydreigon|91\/100|[from] item: Life Orb\n|move|p2a: Cryogonal|Icy Wind|p1b: Hydreigon|[spread] p1a,p1b\n|-resisted|p1a: Skeledirge\n|-resisted|p1b: Hydreigon\n|-damage|p1a: Skeledirge|95\/100\n|-damage|p1b: Hydreigon|83\/100\n|-unboost|p1a: Skeledirge|spe|1\n|-unboost|p1b: Hydreigon|spe|1\n|move|p1a: Skeledirge|Torch Song|p2b: Amoonguss\n|-supereffective|p2b: Amoonguss\n|-damage|p2b: Amoonguss|52\/100\n|-boost|p1a: Skeledirge|spa|1\n|move|p2b: Amoonguss|Spore|p1a: Skeledirge\n|-status|p1a: Skeledirge|slp|[from] move: Spore\n|\n|-heal|p1a: Skeledirge|100\/100 slp|[from] item: Leftovers\n|upkeep\n|turn|3\n|inactive|Andyh331 has 30 seconds left.\n|\n|t:|1682020303\n|switch|p2a: Flutter Mane|Flutter Mane, L50|100\/100\n|-enditem|p2a: Flutter Mane|Booster Energy\n|-activate|p2a: Flutter Mane|ability: Protosynthesis|[fromitem]\n|-start|p2a: Flutter Mane|protosynthesisspe\n|move|p1b: Hydreigon|Dark Pulse|p2b: Amoonguss\n|-damage|p2b: Amoonguss|14\/100\n|-damage|p1b: Hydreigon|74\/100|[from] item: Life Orb\n|cant|p1a: Skeledirge|slp\n|move|p2b: Amoonguss|Spore|p1b: Hydreigon\n|-status|p1b: Hydreigon|slp|[from] move: Spore\n|\n|upkeep\n|turn|4\n|inactive|Andyh331 has 30 seconds left.\n|\n|t:|1682020332\n|switch|p2b: Garchomp|Garchomp, L50, F|100\/100\n|-terastallize|p2a: Flutter Mane|Fairy\n|move|p2a: Flutter Mane|Dazzling Gleam|p1b: Hydreigon|[spread] p1a,p1b\n|-resisted|p1a: Skeledirge\n|-resisted|p1b: Hydreigon\n|-damage|p1a: Skeledirge|81\/100 slp\n|-damage|p1b: Hydreigon|50\/100 slp\n|cant|p1b: Hydreigon|slp\n|-curestatus|p1a: Skeledirge|slp|[msg]\n|move|p1a: Skeledirge|Torch Song|p2b: Garchomp\n|-resisted|p2b: Garchomp\n|-damage|p2b: Garchomp|71\/100\n|-boost|p1a: Skeledirge|spa|1\n|\n|-heal|p1a: Skeledirge|87\/100|[from] item: Leftovers\n|-sideend|p1: matichango|move: Tailwind\n|upkeep\n|turn|5\n|\n|t:|1682020354\n|move|p2a: Flutter Mane|Protect|p2a: Flutter Mane\n|-singleturn|p2a: Flutter Mane|Protect\n|move|p1a: Skeledirge|Protect|p1a: Skeledirge\n|-singleturn|p1a: Skeledirge|Protect\n|move|p2b: Garchomp|Earthquake|p1a: Skeledirge|[spread] \n|-activate|p2a: Flutter Mane|move: Protect\n|-activate|p1a: Skeledirge|move: Protect\n|-immune|p1b: Hydreigon|[from] ability: Levitate\n|-curestatus|p1b: Hydreigon|slp|[msg]\n|move|p1b: Hydreigon|Tailwind|p1b: Hydreigon\n|-sidestart|p1: matichango|move: Tailwind\n|\n|-heal|p1a: Skeledirge|93\/100|[from] item: Leftovers\n|upkeep\n|turn|6\n|inactive|Andyh331 has 30 seconds left.\n|\n|t:|1682020386\n|move|p2b: Garchomp|Protect|p2b: Garchomp\n|-singleturn|p2b: Garchomp|Protect\n|move|p2a: Flutter Mane|Shadow Ball|p1a: Skeledirge\n|-supereffective|p1a: Skeledirge\n|-damage|p1a: Skeledirge|17\/100\n|move|p1b: Hydreigon|Draco Meteor|p2b: Garchomp\n|-activate|p2b: Garchomp|move: Protect\n|move|p1a: Skeledirge|Torch Song|p2a: Flutter Mane\n|-damage|p2a: Flutter Mane|36\/100\n|-boost|p1a: Skeledirge|spa|1\n|\n|-heal|p1a: Skeledirge|23\/100|[from] item: Leftovers\n|upkeep\n|turn|7\n|\n|t:|1682020408\n|move|p2a: Flutter Mane|Shadow Ball|p1b: Hydreigon\n|-damage|p1b: Hydreigon|0 fnt\n|faint|p1b: Hydreigon\n|move|p2b: Garchomp|Dragon Claw|p1a: Skeledirge\n|-damage|p1a: Skeledirge|0 fnt\n|faint|p1a: Skeledirge\n|\n|upkeep\n|\n|t:|1682020418\n|switch|p1b: Kingambit|Kingambit, L50, M|100\/100\n|switch|p1a: Meowscarada|Meowscarada, L50, M|100\/100\n|turn|8\n|\n|t:|1682020433\n|move|p2b: Garchomp|Protect|p2b: Garchomp\n|-singleturn|p2b: Garchomp|Protect\n|move|p1b: Kingambit|Sucker Punch||[still]\n|-fail|p1b: Kingambit\n|move|p1a: Meowscarada|Flower Trick|p2b: Garchomp\n|-activate|p2b: Garchomp|move: Protect\n|move|p2a: Flutter Mane|Perish Song|p2a: Flutter Mane\n|-start|p1a: Meowscarada|perish3|[silent]\n|-start|p1b: Kingambit|perish3|[silent]\n|-start|p2a: Flutter Mane|perish3|[silent]\n|-start|p2b: Garchomp|perish3|[silent]\n|-fieldactivate|move: Perish Song\n|\n|-start|p1a: Meowscarada|perish3\n|-start|p2a: Flutter Mane|perish3\n|-start|p1b: Kingambit|perish3\n|-start|p2b: Garchomp|perish3\n|-sideend|p1: matichango|move: Tailwind\n|upkeep\n|turn|9\n|\n|t:|1682020455\n|-end|p2a: Flutter Mane|Protosynthesis|[silent]\n|switch|p2a: Amoonguss|Amoonguss, L50, M|47\/100\n|switch|p2b: Cryogonal|Cryogonal, L50, shiny|53\/100\n|move|p1a: Meowscarada|Flower Trick|p2b: Cryogonal\n|-crit|p2b: Cryogonal\n|-damage|p2b: Cryogonal|0 fnt\n|faint|p2b: Cryogonal\n|move|p1b: Kingambit|Iron Head|p2a: Amoonguss\n|-damage|p2a: Amoonguss|5\/100\n|-damage|p1b: Kingambit|84\/100|[from] item: Rocky Helmet|[of] p2a: Amoonguss\n|\n|-start|p1a: Meowscarada|perish2\n|-start|p1b: Kingambit|perish2\n|upkeep\n|\n|t:|1682020474\n|switch|p2b: Flutter Mane|Flutter Mane, L50, tera:Fairy|36\/100\n|turn|10\n|\n|t:|1682020485\n|move|p2a: Amoonguss|Rage Powder|p2a: Amoonguss\n|-singleturn|p2a: Amoonguss|move: Rage Powder\n|move|p1a: Meowscarada|Flower Trick|p2b: Flutter Mane\n|-crit|p2b: Flutter Mane\n|-damage|p2b: Flutter Mane|0 fnt\n|faint|p2b: Flutter Mane\n|-end|p2b: Flutter Mane|Protosynthesis|[silent]\n|move|p1b: Kingambit|Iron Head|p2a: Amoonguss\n|-crit|p2a: Amoonguss\n|-damage|p2a: Amoonguss|0 fnt\n|-damage|p1b: Kingambit|68\/100|[from] item: Rocky Helmet|[of] p2a: Amoonguss\n|faint|p2a: Amoonguss\n|\n|-start|p1a: Meowscarada|perish1\n|-start|p1b: Kingambit|perish1\n|upkeep\n|\n|t:|1682020504\n|switch|p2b: Garchomp|Garchomp, L50, F|71\/100\n|turn|11\n|\n|t:|1682020510\n|move|p2b: Garchomp|Protect|p2b: Garchomp\n|-singleturn|p2b: Garchomp|Protect\n|move|p1a: Meowscarada|Flower Trick|p2b: Garchomp\n|-activate|p2b: Garchomp|move: Protect\n|move|p1b: Kingambit|Kowtow Cleave|p2b: Garchomp\n|-activate|p2b: Garchomp|move: Protect\n|\n|-start|p1a: Meowscarada|perish0\n|-start|p1b: Kingambit|perish0\n|faint|p1a: Meowscarada\n|faint|p1b: Kingambit\n|\n|win|Andyh331\n|upkeep\n|raw|matichango's rating: 1000 → 1000<\/strong> (+0 for losing)\n|raw|Andyh331's rating: 1071 → 1094<\/strong> (+23 for winning)\n|l|\u2606matichango\n","uploadtime":1682020537,"views":20,"p1id":"matichango","p2id":"andyh331","formatid":"gen9vgc2023regulationc","rating":1000,"private":0,"password":""}