{"id":"gen9vgc2023regulationc-1849766340","p1":"vroomfrogger","p2":"HoNguyenLyasfga","format":"[Gen 9] VGC 2023 Regulation C","log":"|j|\u2606vroomfrogger\n|j|\u2606HoNguyenLyasfga\n|t:|1682247977\n|gametype|doubles\n|player|p1|vroomfrogger|acetrainerf-gen4dp|1428\n|player|p2|HoNguyenLyasfga|266|1317\n|teamsize|p1|6\n|teamsize|p2|6\n|gen|9\n|tier|[Gen 9] VGC 2023 Regulation C\n|rated|\n|rule|Species Clause: Limit one of each Pok\u00e9mon\n|rule|Item Clause: Limit one of each item\n|clearpoke\n|poke|p1|Glimmora, L50, F|\n|poke|p1|Tyranitar, L50, M|\n|poke|p1|Houndstone, L50, F|\n|poke|p1|Garchomp, L50, M|\n|poke|p1|Annihilape, L50, F|\n|poke|p1|Scizor, L50, M|\n|poke|p2|Pelipper, L50, F|\n|poke|p2|Floatzel, L50, M|\n|poke|p2|Barraskewda, L50, M|\n|poke|p2|Vaporeon, L50, F|\n|poke|p2|Gastrodon, L50, F|\n|poke|p2|Golduck, L50, M|\n|teampreview|4\n|inactive|Battle timer is ON: inactive players will automatically lose when time's up. (requested by vroomfrogger)\n|inactive|HoNguyenLyasfga has 60 seconds left.\n|\n|t:|1682248016\n|start\n|switch|p1a: Glimmora|Glimmora, L50, F|100\/100\n|switch|p1b: Garchomp|Garchomp, L50, M|100\/100\n|switch|p2a: Barraskewda|Barraskewda, L50, M|100\/100\n|switch|p2b: Golduck|Golduck, L50, M|100\/100\n|turn|1\n|inactive|vroomfrogger has 30 seconds left.\n|\n|t:|1682248045\n|move|p2b: Golduck|Ice Beam|p1b: Garchomp\n|-supereffective|p1b: Garchomp\n|-damage|p1b: Garchomp|0 fnt\n|faint|p1b: Garchomp\n|move|p2a: Barraskewda|Liquidation|p1a: Glimmora\n|-supereffective|p1a: Glimmora\n|-enditem|p1a: Glimmora|Focus Sash\n|-damage|p1a: Glimmora|1\/100\n|-activate|p1a: Glimmora|ability: Toxic Debris\n|-sidestart|p2: HoNguyenLyasfga|move: Toxic Spikes\n|move|p1a: Glimmora|Mortal Spin|p2a: Barraskewda|[spread] p2a,p2b\n|-damage|p2a: Barraskewda|91\/100\n|-damage|p2b: Golduck|94\/100\n|-status|p2a: Barraskewda|psn\n|-status|p2b: Golduck|psn\n|\n|-damage|p2b: Golduck|82\/100 psn|[from] psn\n|-damage|p2a: Barraskewda|78\/100 psn|[from] psn\n|upkeep\n|\n|t:|1682248051\n|switch|p1b: Tyranitar|Tyranitar, L50, M|100\/100\n|-weather|Sandstorm|[from] ability: Sand Stream|[of] p1b: Tyranitar\n|turn|2\n|\n|t:|1682248067\n|switch|p2b: Pelipper|Pelipper, L50, F|100\/100\n|-weather|RainDance|[from] ability: Drizzle|[of] p2b: Pelipper\n|-terastallize|p1b: Tyranitar|Flying\n|move|p2a: Barraskewda|Close Combat|p1b: Tyranitar\n|-resisted|p1b: Tyranitar\n|-damage|p1b: Tyranitar|82\/100\n|-unboost|p2a: Barraskewda|def|1\n|-unboost|p2a: Barraskewda|spd|1\n|move|p1a: Glimmora|Sludge Bomb|p2a: Barraskewda\n|-damage|p2a: Barraskewda|0 fnt\n|faint|p2a: Barraskewda\n|move|p1b: Tyranitar|Rock Slide|p2b: Pelipper\n|-supereffective|p2b: Pelipper\n|-damage|p2b: Pelipper|9\/100\n|\n|-weather|RainDance|[upkeep]\n|upkeep\n|\n|t:|1682248084\n|switch|p2a: Floatzel|Floatzel, L50, M|100\/100\n|-status|p2a: Floatzel|psn\n|turn|3\n|\n|t:|1682248097\n|move|p2b: Pelipper|Quick Attack|p1a: Glimmora\n|-resisted|p1a: Glimmora\n|-damage|p1a: Glimmora|0 fnt\n|-activate|p1a: Glimmora|ability: Toxic Debris\n|-sidestart|p2: HoNguyenLyasfga|move: Toxic Spikes\n|faint|p1a: Glimmora\n|move|p2a: Floatzel|Wave Crash|p1b: Tyranitar\n|-damage|p1b: Tyranitar|0 fnt\n|faint|p1b: Tyranitar\n|-damage|p2a: Floatzel|67\/100 psn|[from] Recoil\n|-damage|p2a: Floatzel|57\/100 psn|[from] item: Life Orb\n|\n|-weather|RainDance|[upkeep]\n|-damage|p2a: Floatzel|45\/100 psn|[from] psn\n|upkeep\n|\n|t:|1682248104\n|switch|p1b: Houndstone|Houndstone, L50, F|100\/100\n|turn|4\n|\n|t:|1682248115\n|move|p1b: Houndstone|Shadow Sneak|p2a: Floatzel\n|-damage|p2a: Floatzel|0 fnt\n|faint|p2a: Floatzel\n|-damage|p1b: Houndstone|91\/100|[from] item: Life Orb\n|move|p2b: Pelipper|Hurricane|p1b: Houndstone\n|-damage|p1b: Houndstone|31\/100\n|-start|p1b: Houndstone|confusion\n|\n|-weather|RainDance|[upkeep]\n|upkeep\n|\n|t:|1682248124\n|switch|p2a: Golduck|Golduck, L50, M|82\/100 psn\n|turn|5\n|\n|t:|1682248131\n|-activate|p1b: Houndstone|confusion\n|-damage|p1b: Houndstone|14\/100|[from] confusion\n|move|p2a: Golduck|Hydro Pump|p1b: Houndstone\n|-damage|p1b: Houndstone|0 fnt\n|faint|p1b: Houndstone\n|\n|win|HoNguyenLyasfga\n|raw|vroomfrogger's rating: 1428 → 1402<\/strong> (-26 for losing)\n|raw|HoNguyenLyasfga's rating: 1317 → 1343<\/strong> (+26 for winning)\n","uploadtime":1682248222,"views":17,"p1id":"vroomfrogger","p2id":"honguyenlyasfga","formatid":"gen9vgc2023regulationc","rating":1343,"private":0,"password":""}