{"id":"gen9vgc2023regulationc-1847026616","p1":"Rigs_batata","p2":"Mobibation","format":"[Gen 9] VGC 2023 Regulation C","log":"|j|\u2606Rigs_batata\n|j|\u203dMobibation\n|t:|1681912882\n|gametype|doubles\n|player|p1|Rigs_batata|waiter-gen4dp|\n|player|p2|Mobibation|silver|\n|teamsize|p1|6\n|teamsize|p2|6\n|gen|9\n|tier|[Gen 9] VGC 2023 Regulation C\n|rule|Species Clause: Limit one of each Pok\u00e9mon\n|rule|Item Clause: Limit one of each item\n|clearpoke\n|poke|p1|Lilligant, L50, F|\n|poke|p1|Brute Bonnet, L50|\n|poke|p1|Farigiraf, L50, F|\n|poke|p1|Torkoal, L50, M|\n|poke|p1|Chi-Yu, L50|\n|poke|p1|Flutter Mane, L50|\n|poke|p2|Tinkaton, L50, F|\n|poke|p2|Iron Valiant, L50|\n|poke|p2|Amoonguss, L50, M|\n|poke|p2|Rotom-Wash, L50|\n|poke|p2|Arcanine, L50, F|\n|poke|p2|Grimmsnarl, L50, M|\n|teampreview|4\n|inactive|Battle timer is ON: inactive players will automatically lose when time's up. (requested by Rigs_batata)\n|\n|t:|1681912894\n|start\n|switch|p1a: Lilligant|Lilligant, L50, F, shiny|100\/100\n|switch|p1b: Torkoal|Torkoal, L50, M|100\/100\n|switch|p2a: Rotom|Rotom-Wash, L50|100\/100\n|switch|p2b: Grimmsnarl|Grimmsnarl, L50, M|100\/100\n|-weather|SunnyDay|[from] ability: Drought|[of] p1b: Torkoal\n|turn|1\n|\n|t:|1681912906\n|move|p1b: Torkoal|Protect|p1b: Torkoal\n|-singleturn|p1b: Torkoal|Protect\n|move|p2b: Grimmsnarl|Light Screen|p2b: Grimmsnarl\n|-sidestart|p2: Mobibation|move: Light Screen\n|move|p1a: Lilligant|Solar Beam||[still]\n|-prepare|p1a: Lilligant|Solar Beam\n|-anim|p1a: Lilligant|Solar Beam|p2a: Rotom\n|-supereffective|p2a: Rotom\n|-damage|p2a: Rotom|27\/100\n|move|p2a: Rotom|Hydro Pump|p1b: Torkoal\n|-activate|p1b: Torkoal|move: Protect\n|\n|-weather|SunnyDay|[upkeep]\n|-heal|p2a: Rotom|33\/100|[from] item: Leftovers\n|upkeep\n|turn|2\n|\n|t:|1681912918\n|-terastallize|p1b: Torkoal|Fire\n|move|p1a: Lilligant|After You|p1b: Torkoal\n|-activate|p1b: Torkoal|move: After You\n|move|p1b: Torkoal|Eruption|p2a: Rotom|[spread] p2a,p2b\n|-resisted|p2a: Rotom\n|-damage|p2a: Rotom|0 fnt\n|-damage|p2b: Grimmsnarl|22\/100\n|faint|p2a: Rotom\n|move|p2b: Grimmsnarl|Spirit Break|p1a: Lilligant\n|-damage|p1a: Lilligant|57\/100\n|-unboost|p1a: Lilligant|spa|1\n|\n|-weather|SunnyDay|[upkeep]\n|upkeep\n|\n|t:|1681912926\n|switch|p2a: Tinkaton|Tinkaton, L50, F|100\/100\n|-ability|p2a: Tinkaton|Mold Breaker\n|turn|3\n|c|\u2606Rigs_batata|Glhf\n|\n|t:|1681912939\n|-terastallize|p2a: Tinkaton|Water\n|move|p2b: Grimmsnarl|Parting Shot|p1b: Torkoal\n|-unboost|p1b: Torkoal|atk|1\n|-unboost|p1b: Torkoal|spa|1\n|\n|t:|1681912946\n|switch|p2b: Amoonguss|Amoonguss, L50, M|100\/100|[from] Parting Shot\n|move|p1a: Lilligant|After You|p1b: Torkoal\n|-activate|p1b: Torkoal|move: After You\n|move|p1b: Torkoal|Eruption|p2a: Tinkaton|[spread] p2a,p2b\n|-resisted|p2a: Tinkaton\n|-crit|p2a: Tinkaton\n|-supereffective|p2b: Amoonguss\n|-damage|p2a: Tinkaton|17\/100\n|-damage|p2b: Amoonguss|17\/100\n|-enditem|p2a: Tinkaton|Sitrus Berry|[eat]\n|-heal|p2a: Tinkaton|42\/100|[from] item: Sitrus Berry\n|move|p2a: Tinkaton|Gigaton Hammer|p1a: Lilligant\n|-damage|p1a: Lilligant|0 fnt\n|faint|p1a: Lilligant\n|\n|-weather|SunnyDay|[upkeep]\n|-heal|p2b: Amoonguss|23\/100|[from] item: Black Sludge\n|upkeep\n|\n|t:|1681912954\n|switch|p1a: Chi-Yu|Chi-Yu, L50|100\/100\n|-ability|p1a: Chi-Yu|Beads of Ruin\n|turn|4\n|\n|t:|1681912971\n|move|p1a: Chi-Yu|Heat Wave|p2b: Amoonguss|[spread] p2a,p2b\n|-resisted|p2a: Tinkaton\n|-supereffective|p2b: Amoonguss\n|-damage|p2a: Tinkaton|6\/100\n|-damage|p2b: Amoonguss|0 fnt\n|faint|p2b: Amoonguss\n|move|p2a: Tinkaton|Knock Off|p1a: Chi-Yu\n|-resisted|p1a: Chi-Yu\n|-damage|p1a: Chi-Yu|85\/100\n|-enditem|p1a: Chi-Yu|Choice Specs|[from] move: Knock Off|[of] p2a: Tinkaton\n|move|p1b: Torkoal|Heat Wave|p2a: Tinkaton\n|-resisted|p2a: Tinkaton\n|-damage|p2a: Tinkaton|0 fnt\n|faint|p2a: Tinkaton\n|\n|-weather|SunnyDay|[upkeep]\n|upkeep\n|\n|t:|1681912976\n|switch|p2b: Grimmsnarl|Grimmsnarl, L50, M|22\/100\n|turn|5\n|\n|t:|1681912985\n|move|p1a: Chi-Yu|Heat Wave|p2b: Grimmsnarl\n|-damage|p2b: Grimmsnarl|0 fnt\n|faint|p2b: Grimmsnarl\n|\n|win|Rigs_batata\n|c|\u2606Rigs_batata|GGs\n|l|\u203dMobibation\n","uploadtime":1681912996,"views":4,"p1id":"rigsbatata","p2id":"mobibation","formatid":"gen9vgc2023regulationc","rating":0,"private":0,"password":""}