{"id":"gen9vgc2023regulationc-1854303789","p1":"Dosher","p2":"HoldaUno","format":"[Gen 9] VGC 2023 Regulation C","log":"|j|\u2606Dosher\n|j|\u2606HoldaUno\n|t:|1682794720\n|gametype|doubles\n|player|p1|Dosher|veteran|1056\n|player|p2|HoldaUno|2|1039\n|teamsize|p1|6\n|teamsize|p2|6\n|gen|9\n|tier|[Gen 9] VGC 2023 Regulation C\n|rated|\n|rule|Species Clause: Limit one of each Pok\u00e9mon\n|rule|Item Clause: Limit one of each item\n|clearpoke\n|poke|p1|Gastrodon, L50, F|\n|poke|p1|Indeedee-F, L50, F|\n|poke|p1|Chi-Yu, L50|\n|poke|p1|Ceruledge, L50, M|\n|poke|p1|Dragonite, L50, F|\n|poke|p1|Amoonguss, L50, M|\n|poke|p2|Mudbray, L50, F|\n|poke|p2|Gengar, L50, F|\n|poke|p2|Dugtrio, L50, M|\n|poke|p2|Lycanroc-Midnight, L50, M|\n|poke|p2|Indeedee-F, L50, F|\n|poke|p2|Sableye, L50, M|\n|teampreview|4\n|inactive|Battle timer is ON: inactive players will automatically lose when time's up. (requested by Dosher)\nHoldaUno rejected open team sheets.\n|\n|t:|1682794737\n|start\n|switch|p1a: Indeedee|Indeedee-F, L50, F|100\/100\n|switch|p1b: Ceruledge|Ceruledge, L50, M|100\/100\n|switch|p2a: Indeedee|Indeedee-F, L50, F, shiny|100\/100\n|switch|p2b: Sableye|Sableye, L50, M, shiny|100\/100\n|-fieldstart|move: Psychic Terrain|[from] ability: Psychic Surge|[of] p2a: Indeedee\n|turn|1\n|\n|t:|1682794748\n|switch|p2a: Lycanroc|Lycanroc-Midnight, L50, M, shiny|100\/100\n|move|p1b: Ceruledge|Protect|p1b: Ceruledge\n|-singleturn|p1b: Ceruledge|Protect\n|move|p2b: Sableye|Skill Swap|p2a: Lycanroc\n|-activate|p2b: Sableye|move: Skill Swap|||[of] p2a: Lycanroc\n|move|p1a: Indeedee|Trick Room|p1a: Indeedee\n|-fieldstart|move: Trick Room|[of] p1a: Indeedee\n|\n|upkeep\n|turn|2\n|inactive|Dosher has 30 seconds left.\n|\n|t:|1682794776\n|switch|p1a: Gastrodon|Gastrodon, L50, F|100\/100\n|switch|p2a: Mudbray|Mudbray, L50, F, shiny|100\/100\n|-terastallize|p1b: Ceruledge|Grass\n|-terastallize|p2b: Sableye|Normal\n|move|p1b: Ceruledge|Shadow Sneak|p2b: Sableye\n|-activate|p2b: Sableye|move: Psychic Terrain\n|move|p2b: Sableye|Skill Swap|p2a: Mudbray\n|-activate|p2b: Sableye|move: Skill Swap|||[of] p2a: Mudbray\n|\n|upkeep\n|turn|3\n|inactive|HoldaUno has 30 seconds left.\n|\n|t:|1682794811\n|move|p1a: Gastrodon|Hydro Pump|p2a: Mudbray\n|-supereffective|p2a: Mudbray\n|-damage|p2a: Mudbray|33\/100\n|move|p2a: Mudbray|Rock Slide|p1b: Ceruledge|[spread] p1a,p1b\n|-resisted|p1a: Gastrodon\n|-crit|p1a: Gastrodon\n|-damage|p1a: Gastrodon|91\/100\n|-damage|p1b: Ceruledge|88\/100\n|-ability|p1b: Ceruledge|Weak Armor|boost\n|-unboost|p1b: Ceruledge|def|1\n|-boost|p1b: Ceruledge|spe|2\n|move|p2b: Sableye|Taunt|p1a: Gastrodon\n|-start|p1a: Gastrodon|move: Taunt\n|cant|p1b: Ceruledge|flinch\n|\n|-heal|p1a: Gastrodon|97\/100|[from] item: Leftovers\n|upkeep\n|turn|4\n|inactive|Dosher has 30 seconds left.\n|inactive|HoldaUno has 30 seconds left.\n|\n|t:|1682794846\n|switch|p2b: Indeedee|Indeedee-F, L50, F, shiny|100\/100\n|move|p2a: Mudbray|Protect|p2a: Mudbray\n|-singleturn|p2a: Mudbray|Protect\n|move|p1a: Gastrodon|Hydro Pump|p2a: Mudbray\n|-activate|p2a: Mudbray|move: Protect\n|move|p1b: Ceruledge|Bitter Blade|p2b: Indeedee\n|-damage|p2b: Indeedee|40\/100\n|-heal|p1b: Ceruledge|100\/100|[from] drain|[of] p2b: Indeedee\n|\n|-heal|p1a: Gastrodon|100\/100|[from] item: Leftovers\n|-heal|p2b: Indeedee|46\/100|[from] item: Leftovers\n|upkeep\n|turn|5\n|inactive|HoldaUno has 30 seconds left.\n|inactive|HoldaUno has 20 seconds left.\n|\n|t:|1682794883\n|move|p2b: Indeedee|Follow Me|p2b: Indeedee\n|-singleturn|p2b: Indeedee|move: Follow Me\n|move|p1a: Gastrodon|Hydro Pump|p2b: Indeedee\n|-damage|p2b: Indeedee|8\/100\n|move|p2a: Mudbray|Fissure|p1b: Ceruledge\n|-damage|p1b: Ceruledge|0 fnt\n|faint|p1b: Ceruledge\n|-ohko\n|\n|-heal|p2b: Indeedee|14\/100|[from] item: Leftovers\n|-fieldend|move: Trick Room\n|-fieldend|move: Psychic Terrain\n|upkeep\n|\n|t:|1682794893\n|switch|p1b: Indeedee|Indeedee-F, L50, F|100\/100\n|-fieldstart|move: Psychic Terrain|[from] ability: Psychic Surge|[of] p1b: Indeedee\n|turn|6\n|\n|t:|1682794916\n|move|p2b: Indeedee|Follow Me|p2b: Indeedee\n|-singleturn|p2b: Indeedee|move: Follow Me\n|move|p2a: Mudbray|Fissure|p1a: Gastrodon\n|-damage|p1a: Gastrodon|0 fnt\n|faint|p1a: Gastrodon\n|-ohko\n|move|p1b: Indeedee|Trick Room|p1b: Indeedee\n|-fieldstart|move: Trick Room|[of] p1b: Indeedee\n|\n|-heal|p2b: Indeedee|20\/100|[from] item: Leftovers\n|upkeep\n|c|\u2606Dosher|2 fissures...\n|\n|t:|1682794931\n|switch|p1a: Amoonguss|Amoonguss, L50, M|100\/100\n|turn|7\n|c|\u2606HoldaUno|Lol\n|c|\u2606HoldaUno|They don\u2019t miss\n|c|\u2606HoldaUno|check ability\n|inactive|HoldaUno has 30 seconds left.\n|inactive|HoldaUno has 20 seconds left.\n|inactive|HoldaUno has 15 seconds left.\n|inactive|HoldaUno has 10 seconds left.\n|\n|t:|1682794977\n|move|p2b: Indeedee|Follow Me|p2b: Indeedee\n|-singleturn|p2b: Indeedee|move: Follow Me\n|move|p1a: Amoonguss|Spore|p2b: Indeedee\n|-status|p2b: Indeedee|slp|[from] move: Spore\n|move|p2a: Mudbray|Fissure|p1a: Amoonguss\n|-damage|p1a: Amoonguss|0 fnt\n|faint|p1a: Amoonguss\n|-ohko\n|move|p1b: Indeedee|Psychic|p2b: Indeedee\n|-resisted|p2b: Indeedee\n|-damage|p2b: Indeedee|0 fnt\n|faint|p2b: Indeedee\n|\n|upkeep\n|\n|t:|1682794989\n|switch|p2b: Sableye|Sableye, L50, M, shiny, tera:Normal|100\/100\n|turn|8\n|\n|t:|1682794995\n|move|p2b: Sableye|Taunt|p1b: Indeedee\n|-activate|p1b: Indeedee|move: Psychic Terrain\n|move|p2a: Mudbray|Fissure|p1b: Indeedee\n|-damage|p1b: Indeedee|0 fnt\n|faint|p1b: Indeedee\n|-ohko\n|\n|win|HoldaUno\n|raw|Dosher's rating: 1056 → 1037<\/strong> (-19 for losing)\n|raw|HoldaUno's rating: 1039 → 1075<\/strong> (+36 for winning)\n|c|\u2606HoldaUno|Gg\n","uploadtime":1682795015,"views":15,"p1id":"dosher","p2id":"holdauno","formatid":"gen9vgc2023regulationc","rating":1037,"private":0,"password":""}