{"id":"gen9vgc2023regulationc-1852024030","p1":"tukeydukey","p2":"Capitan smoker","format":"[Gen 9] VGC 2023 Regulation C","log":"|j|\u2606tukeydukey\n|j|\u2606Capitan smoker\n|t:|1682517695\n|gametype|doubles\n|player|p1|tukeydukey|elesa|1304\n|player|p2|Capitan smoker|2|1250\n|teamsize|p1|6\n|teamsize|p2|6\n|gen|9\n|tier|[Gen 9] VGC 2023 Regulation C\n|rated|\n|rule|Species Clause: Limit one of each Pok\u00e9mon\n|rule|Item Clause: Limit one of each item\n|clearpoke\n|poke|p1|Abomasnow, L50, M|\n|poke|p1|Iron Bundle, L50|\n|poke|p1|Ting-Lu, L50|\n|poke|p1|Iron Hands, L50|\n|poke|p1|Tatsugiri-Droopy, L50, M|\n|poke|p1|Dondozo, L50, F|\n|poke|p2|Braviary, L50, M|\n|poke|p2|Dragonite, L50, M|\n|poke|p2|Flutter Mane, L50|\n|poke|p2|Torkoal, L50, F|\n|poke|p2|Lilligant, L50, F|\n|poke|p2|Great Tusk, L50|\n|teampreview|4\n|inactive|Battle timer is ON: inactive players will automatically lose when time's up. (requested by tukeydukey)\n|\n|t:|1682517712\n|start\n|switch|p1a: Iron Hands|Iron Hands, L50|100\/100\n|switch|p1b: Iron Bundle|Iron Bundle, L50|100\/100\n|switch|p2a: Braviary|Braviary, L50, M|100\/100\n|switch|p2b: Dragonite|Dragonite, L50, M, shiny|100\/100\n|-enditem|p1b: Iron Bundle|Booster Energy\n|-activate|p1b: Iron Bundle|ability: Quark Drive|[fromitem]\n|-start|p1b: Iron Bundle|quarkdrivespe\n|turn|1\n|inactive|Capitan smoker has 30 seconds left.\n|\n|t:|1682517747\n|move|p1a: Iron Hands|Fake Out|p2b: Dragonite\n|-damage|p2b: Dragonite|93\/100\n|move|p1b: Iron Bundle|Blizzard|p2b: Dragonite|[spread] p2a,p2b\n|-supereffective|p2a: Braviary\n|-supereffective|p2b: Dragonite\n|-damage|p2a: Braviary|7\/100\n|-damage|p2b: Dragonite|0 fnt\n|faint|p2b: Dragonite\n|move|p2a: Braviary|Tailwind|p2a: Braviary\n|-sidestart|p2: Capitan smoker|move: Tailwind\n|\n|-heal|p2a: Braviary|14\/100|[from] item: Leftovers\n|upkeep\n|\n|t:|1682517754\n|switch|p2b: Lilligant|Lilligant, L50, F|100\/100\n|turn|2\n|\n|t:|1682517771\n|move|p2b: Lilligant|Sleep Powder|p1a: Iron Hands\n|-status|p1a: Iron Hands|slp|[from] move: Sleep Powder\n|move|p2a: Braviary|Close Combat|p1b: Iron Bundle\n|-supereffective|p1b: Iron Bundle\n|-damage|p1b: Iron Bundle|23\/100\n|-unboost|p2a: Braviary|def|1\n|-unboost|p2a: Braviary|spd|1\n|move|p1b: Iron Bundle|Blizzard|p2a: Braviary|[spread] p2a,p2b\n|-supereffective|p2a: Braviary\n|-supereffective|p2b: Lilligant\n|-damage|p2a: Braviary|0 fnt\n|-enditem|p2b: Lilligant|Focus Sash\n|-damage|p2b: Lilligant|1\/100\n|faint|p2a: Braviary\n|cant|p1a: Iron Hands|slp\n|\n|upkeep\n|\n|t:|1682517775\n|switch|p2a: Torkoal|Torkoal, L50, F|100\/100\n|-weather|SunnyDay|[from] ability: Drought|[of] p2a: Torkoal\n|turn|3\n|\n|t:|1682517795\n|-terastallize|p2a: Torkoal|Fire\n|move|p1b: Iron Bundle|Protect|p1b: Iron Bundle\n|-singleturn|p1b: Iron Bundle|Protect\n|move|p2b: Lilligant|After You|p2a: Torkoal\n|-activate|p2a: Torkoal|move: After You\n|move|p2a: Torkoal|Eruption|p1b: Iron Bundle|[spread] p1a\n|-activate|p1b: Iron Bundle|move: Protect\n|-damage|p1a: Iron Hands|40\/100 slp\n|-curestatus|p1a: Iron Hands|slp|[msg]\n|move|p1a: Iron Hands|Drain Punch|p2b: Lilligant\n|-damage|p2b: Lilligant|0 fnt\n|-heal|p1a: Iron Hands|40\/100|[from] drain|[of] p2b: Lilligant\n|faint|p2b: Lilligant\n|\n|-weather|SunnyDay|[upkeep]\n|upkeep\n|turn|4\n|\n|t:|1682517808\n|move|p1b: Iron Bundle|Hydro Pump|p2a: Torkoal|[miss]\n|-miss|p1b: Iron Bundle|p2a: Torkoal\n|move|p1a: Iron Hands|Drain Punch|p2a: Torkoal\n|-damage|p2a: Torkoal|65\/100\n|-heal|p1a: Iron Hands|51\/100|[from] drain|[of] p2a: Torkoal\n|move|p2a: Torkoal|Heat Wave|p1b: Iron Bundle|[spread] p1a\n|-miss|p2a: Torkoal|p1b: Iron Bundle\n|-damage|p1a: Iron Hands|17\/100\n|\n|-weather|SunnyDay|[upkeep]\n|-sideend|p2: Capitan smoker|move: Tailwind\n|upkeep\n|turn|5\n|\n|t:|1682517820\n|move|p1b: Iron Bundle|Hydro Pump|p2a: Torkoal|[miss]\n|-miss|p1b: Iron Bundle|p2a: Torkoal\n|move|p1a: Iron Hands|Drain Punch|p2a: Torkoal\n|-damage|p2a: Torkoal|30\/100\n|-heal|p1a: Iron Hands|27\/100|[from] drain|[of] p2a: Torkoal\n|move|p2a: Torkoal|Heat Wave|p1b: Iron Bundle|[spread] p1a,p1b\n|-damage|p1a: Iron Hands|0 fnt\n|-damage|p1b: Iron Bundle|0 fnt\n|faint|p1a: Iron Hands\n|-end|p1a: Iron Hands|Quark Drive|[silent]\n|faint|p1b: Iron Bundle\n|-end|p1b: Iron Bundle|Quark Drive|[silent]\n|\n|-weather|SunnyDay|[upkeep]\n|upkeep\n|\n|t:|1682517829\n|switch|p1b: Tatsugiri|Tatsugiri-Droopy, L50, M, shiny|100\/100\n|switch|p1a: Dondozo|Dondozo, L50, F|100\/100\n|-activate|p1b: Tatsugiri|ability: Commander|[of] p1a: Dondozo\n|-boost|p1a: Dondozo|atk|2\n|-boost|p1a: Dondozo|spa|2\n|-boost|p1a: Dondozo|spe|2\n|-boost|p1a: Dondozo|def|2\n|-boost|p1a: Dondozo|spd|2\n|turn|6\n|\n|t:|1682517832\n|move|p1a: Dondozo|Earthquake|p2a: Torkoal|[spread] p2a\n|-miss|p1a: Dondozo|p1b: Tatsugiri\n|-supereffective|p2a: Torkoal\n|-damage|p2a: Torkoal|0 fnt\n|faint|p2a: Torkoal\n|\n|win|tukeydukey\n|raw|tukeydukey's rating: 1304 → 1321<\/strong> (+17 for winning)\n|raw|Capitan smoker's rating: 1250 → 1229<\/strong> (-21 for losing)\n|l|\u2606Capitan smoker\n","uploadtime":1682517840,"views":3,"p1id":"tukeydukey","p2id":"capitansmoker","formatid":"gen9vgc2023regulationc","rating":1229,"private":0,"password":""}