{"id":"gen9vgc2023regulationc-1863936213","p1":"StantlerGOAT","p2":"Itaker1ddl1n","format":"[Gen 9] VGC 2023 Regulation C","log":"|j|\u2606StantlerGOAT\n|j|\u2606Itaker1ddl1n\n|t:|1684095305\n|gametype|doubles\n|player|p1|StantlerGOAT|1|1084\n|player|p2|Itaker1ddl1n|102|1096\n|teamsize|p1|6\n|teamsize|p2|6\n|gen|9\n|tier|[Gen 9] VGC 2023 Regulation C\n|rated|\n|rule|Species Clause: Limit one of each Pok\u00e9mon\n|rule|Item Clause: Limit one of each item\n|clearpoke\n|poke|p1|Dudunsparce-*, L50, M|\n|poke|p1|Oranguru, L50, M|\n|poke|p1|Iron Hands, L50|\n|poke|p1|Bronzong, L50|\n|poke|p1|Torkoal, L50, F|\n|poke|p1|Ting-Lu, L50|\n|poke|p2|Scizor, L50, M|\n|poke|p2|Flutter Mane, L50|\n|poke|p2|Chien-Pao, L50|\n|poke|p2|Torkoal, L50, F|\n|poke|p2|Brute Bonnet, L50|\n|poke|p2|Gyarados, L50, F|\n|teampreview|4\n|inactive|Battle timer is ON: inactive players will automatically lose when time's up. (requested by StantlerGOAT)\n|\n|t:|1684095330\n|start\n|switch|p1a: Oranguru|Oranguru, L50, M|100\/100\n|switch|p1b: Iron Hands|Iron Hands, L50|100\/100\n|switch|p2a: Torkoal|Torkoal, L50, F|100\/100\n|switch|p2b: Brute Bonnet|Brute Bonnet, L50|100\/100\n|-weather|SunnyDay|[from] ability: Drought|[of] p2a: Torkoal\n|-activate|p2b: Brute Bonnet|ability: Protosynthesis\n|-start|p2b: Brute Bonnet|protosynthesisspd\n|turn|1\n|inactive|StantlerGOAT has 30 seconds left.\n|inactive|StantlerGOAT has 20 seconds left.\n|\n|t:|1684095365\n|-end|p2b: Brute Bonnet|Protosynthesis|[silent]\n|switch|p2b: Scizor|Scizor, L50, M|100\/100\n|move|p1a: Oranguru|Protect|p1a: Oranguru\n|-singleturn|p1a: Oranguru|Protect\n|move|p1b: Iron Hands|Drain Punch|p2b: Scizor\n|-damage|p2b: Scizor|54\/100\n|move|p2a: Torkoal|Yawn|p1b: Iron Hands\n|-start|p1b: Iron Hands|move: Yawn|[of] p2a: Torkoal\n|\n|-weather|SunnyDay|[upkeep]\n|upkeep\n|turn|2\n|\n|t:|1684095389\n|-end|p1b: Iron Hands|Quark Drive|[silent]\n|switch|p1b: Dudunsparce|Dudunsparce, L50, M|100\/100\n|move|p2b: Scizor|Bullet Punch|p1a: Oranguru\n|-damage|p1a: Oranguru|76\/100\n|move|p1a: Oranguru|Brick Break|p1b: Dudunsparce\n|-supereffective|p1b: Dudunsparce\n|-damage|p1b: Dudunsparce|83\/100\n|-enditem|p1b: Dudunsparce|Weakness Policy\n|-boost|p1b: Dudunsparce|atk|2|[from] item: Weakness Policy\n|-boost|p1b: Dudunsparce|spa|2|[from] item: Weakness Policy\n|-activate|p1a: Oranguru|ability: Symbiosis|Wide Lens|[of] p1b: Dudunsparce\n|move|p2a: Torkoal|Iron Defense|p2a: Torkoal\n|-boost|p2a: Torkoal|def|2\n|\n|-weather|SunnyDay|[upkeep]\n|upkeep\n|turn|3\n|inactive|StantlerGOAT has 30 seconds left.\n|inactive|Itaker1ddl1n has 30 seconds left.\n|inactive|StantlerGOAT has 20 seconds left.\n|\n|t:|1684095424\n|switch|p2b: Gyarados|Gyarados, L50, F|100\/100\n|-ability|p2b: Gyarados|Intimidate|boost\n|-unboost|p1a: Oranguru|atk|1\n|-unboost|p1b: Dudunsparce|atk|1\n|-terastallize|p1b: Dudunsparce|Rock\n|move|p1b: Dudunsparce|Rock Slide|p2b: Gyarados|[spread] p2a,p2b\n|-supereffective|p2a: Torkoal\n|-supereffective|p2b: Gyarados\n|-damage|p2a: Torkoal|69\/100\n|-damage|p2b: Gyarados|0 fnt\n|faint|p2b: Gyarados\n|move|p1a: Oranguru|Instruct|p1b: Dudunsparce\n|-singleturn|p1b: Dudunsparce|move: Instruct|[of] p1a: Oranguru\n|move|p1b: Dudunsparce|Rock Slide|p2a: Torkoal\n|-supereffective|p2a: Torkoal\n|-damage|p2a: Torkoal|27\/100\n|cant|p2a: Torkoal|flinch\n|\n|-weather|SunnyDay|[upkeep]\n|upkeep\n|\n|t:|1684095444\n|switch|p2b: Brute Bonnet|Brute Bonnet, L50|100\/100\n|-activate|p2b: Brute Bonnet|ability: Protosynthesis\n|-start|p2b: Brute Bonnet|protosynthesisspd\n|turn|4\n|\n|t:|1684095462\n|move|p1b: Dudunsparce|Protect|p1b: Dudunsparce\n|-singleturn|p1b: Dudunsparce|Protect\n|move|p2b: Brute Bonnet|Bullet Seed|p1b: Dudunsparce\n|-activate|p1b: Dudunsparce|move: Protect\n|move|p2a: Torkoal|Heat Wave|p1a: Oranguru|[spread] p1a\n|-activate|p1b: Dudunsparce|move: Protect\n|-damage|p1a: Oranguru|46\/100\n|move|p1a: Oranguru|Trick Room|p1a: Oranguru\n|-fieldstart|move: Trick Room|[of] p1a: Oranguru\n|\n|-weather|SunnyDay|[upkeep]\n|upkeep\n|turn|5\n|inactive|Itaker1ddl1n has 30 seconds left.\n|inactive|Itaker1ddl1n has 20 seconds left.\n|\n|t:|1684095507\n|move|p2a: Torkoal|Body Press|p1a: Oranguru\n|-damage|p1a: Oranguru|10\/100\n|move|p1a: Oranguru|Brick Break|p2b: Brute Bonnet\n|-supereffective|p2b: Brute Bonnet\n|-damage|p2b: Brute Bonnet|90\/100\n|move|p1b: Dudunsparce|Rock Slide|p2b: Brute Bonnet|[spread] p2a,p2b\n|-supereffective|p2a: Torkoal\n|-damage|p2a: Torkoal|0 fnt\n|-damage|p2b: Brute Bonnet|54\/100\n|faint|p2a: Torkoal\n|cant|p2b: Brute Bonnet|flinch\n|\n|-weather|none\n|-end|p2b: Brute Bonnet|Protosynthesis\n|upkeep\n|\n|t:|1684095519\n|switch|p2a: Scizor|Scizor, L50, M|54\/100\n|turn|6\n|\n|t:|1684095541\n|switch|p1a: Iron Hands|Iron Hands, L50|100\/100\n|move|p2a: Scizor|Bullet Punch|p1a: Iron Hands\n|-resisted|p1a: Iron Hands\n|-damage|p1a: Iron Hands|89\/100\n|move|p1b: Dudunsparce|Rock Slide|p2a: Scizor|[spread] p2a,p2b\n|-damage|p2a: Scizor|13\/100\n|-damage|p2b: Brute Bonnet|19\/100\n|cant|p2b: Brute Bonnet|flinch\n|\n|upkeep\n|turn|7\n|-message|Itaker1ddl1n forfeited.\n|\n|win|StantlerGOAT\n|raw|StantlerGOAT's rating: 1084 → 1112<\/strong> (+28 for winning)\n|raw|Itaker1ddl1n's rating: 1096 → 1071<\/strong> (-25 for losing)\n|l|\u2606Itaker1ddl1n\n","uploadtime":1684095560,"views":7,"p1id":"stantlergoat","p2id":"itaker1ddl1n","formatid":"gen9vgc2023regulationc","rating":1071,"private":0,"password":""}