{"id":"gen9vgc2023regulationc-1848063002","p1":"mgthrn","p2":"RandomDuVGCFR","format":"[Gen 9] VGC 2023 Regulation C","log":"|j|\u2606mgthrn\n|j|\u2606RandomDuVGCFR\n|t:|1682025554\n|gametype|doubles\n|player|p1|mgthrn|#stt4toxicboys|\n|player|p2|RandomDuVGCFR|102|\n|teamsize|p1|6\n|teamsize|p2|6\n|gen|9\n|tier|[Gen 9] VGC 2023 Regulation C\n|rule|Species Clause: Limit one of each Pok\u00e9mon\n|rule|Item Clause: Limit one of each item\n|clearpoke\n|poke|p1|Ting-Lu, L50|\n|poke|p1|Maushold-Four, L50|\n|poke|p1|Annihilape, L50, M|\n|poke|p1|Dragonite, L50, M|\n|poke|p1|Chien-Pao, L50|\n|poke|p1|Flutter Mane, L50|\n|poke|p2|Flutter Mane, L50|\n|poke|p2|Arcanine, L50, F|\n|poke|p2|Amoonguss, L50, M|\n|poke|p2|Palafin, L50, M|\n|poke|p2|Chien-Pao, L50|\n|poke|p2|Dragonite, L50, M|\n|teampreview|4\n|c|\u2606mgthrn|2\nRandomDuVGCFR has agreed to open team sheets.\nmgthrn has agreed to open team sheets.\n|j| KSt3ve\n|j| Antonazz\n|j| Nultiprise\n|l| Antonazz\n|j| ULT4CP Inder\n|l| ULT4CP Inder\n|j| Schizoption\n|j| Otark\n|j| Masskeauuu\n|j| sgjjjhg\n|j| Fathiryxi\n|j| wertsd26\n|j| Micciu20250\n|j|+Unamed\n|j| Pepeduce\n|j| Zenadark\n|j| zS\n|\n|t:|1682026124\n|start\n|switch|p1a: Maushold|Maushold-Four, L50|100\/100\n|switch|p1b: Ting-Lu|Ting-Lu, L50|100\/100\n|switch|p2a: Flutter Mane|Flutter Mane, L50|100\/100\n|switch|p2b: Dragonite|Dragonite, L50, M|100\/100\n|-ability|p1b: Ting-Lu|Vessel of Ruin\n|-enditem|p2a: Flutter Mane|Booster Energy\n|-activate|p2a: Flutter Mane|ability: Protosynthesis|[fromitem]\n|-start|p2a: Flutter Mane|protosynthesisspa\n|turn|1\n|\n|t:|1682026141\n|switch|p2b: Arcanine|Arcanine, L50, F|100\/100\n|-ability|p2b: Arcanine|Intimidate|boost\n|-unboost|p1a: Maushold|atk|1\n|-unboost|p1b: Ting-Lu|atk|1\n|-terastallize|p1b: Ting-Lu|Poison\n|move|p2a: Flutter Mane|Protect|p2a: Flutter Mane\n|-singleturn|p2a: Flutter Mane|Protect\n|move|p1a: Maushold|Super Fang|p2b: Arcanine\n|-damage|p2b: Arcanine|51\/100\n|move|p1b: Ting-Lu|Heavy Slam|p2a: Flutter Mane\n|-activate|p2a: Flutter Mane|move: Protect\n|\n|upkeep\n|turn|2\n|\n|t:|1682026168\n|-terastallize|p2a: Flutter Mane|Water\n|move|p1a: Maushold|Follow Me|p1a: Maushold\n|-singleturn|p1a: Maushold|move: Follow Me\n|move|p2a: Flutter Mane|Substitute|p2a: Flutter Mane\n|-start|p2a: Flutter Mane|Substitute\n|-damage|p2a: Flutter Mane|76\/100\n|move|p2b: Arcanine|Will-O-Wisp|p1a: Maushold\n|-status|p1a: Maushold|brn\n|move|p1b: Ting-Lu|Heavy Slam|p2a: Flutter Mane\n|-resisted|p2a: Flutter Mane\n|-activate|p2a: Flutter Mane|move: Substitute|[damage]\n|\n|-damage|p1a: Maushold|94\/100 brn|[from] brn\n|upkeep\n|turn|3\n|j| Squash\n|j| iKiQ\n|\n|t:|1682026192\n|move|p2a: Flutter Mane|Protect|p2a: Flutter Mane\n|-singleturn|p2a: Flutter Mane|Protect\n|move|p1a: Maushold|Follow Me|p1a: Maushold\n|-singleturn|p1a: Maushold|move: Follow Me\n|move|p2b: Arcanine|Flare Blitz|p1a: Maushold\n|-damage|p1a: Maushold|44\/100 brn\n|-damage|p2b: Arcanine|36\/100|[from] Recoil\n|move|p1b: Ting-Lu|Stomping Tantrum|p2a: Flutter Mane\n|-activate|p2a: Flutter Mane|move: Protect\n|\n|-damage|p1a: Maushold|38\/100 brn|[from] brn\n|upkeep\n|turn|4\n|\n|t:|1682026224\n|move|p1a: Maushold|Protect|p1a: Maushold\n|-singleturn|p1a: Maushold|Protect\n|move|p2a: Flutter Mane|Moonblast|p1a: Maushold\n|-activate|p1a: Maushold|move: Protect\n|move|p2b: Arcanine|Will-O-Wisp|p1b: Ting-Lu\n|-status|p1b: Ting-Lu|brn\n|move|p1b: Ting-Lu|Heavy Slam|p2a: Flutter Mane\n|-resisted|p2a: Flutter Mane\n|-end|p2a: Flutter Mane|Substitute\n|\n|-damage|p1a: Maushold|32\/100 brn|[from] brn\n|-damage|p1b: Ting-Lu|94\/100 brn|[from] brn\n|upkeep\n|turn|5\n|\n|t:|1682026243\n|move|p2b: Arcanine|Extreme Speed|p1a: Maushold\n|-damage|p1a: Maushold|8\/100 brn\n|move|p2a: Flutter Mane|Substitute|p2a: Flutter Mane\n|-start|p2a: Flutter Mane|Substitute\n|-damage|p2a: Flutter Mane|51\/100\n|move|p1a: Maushold|Super Fang|p2a: Flutter Mane\n|-end|p2a: Flutter Mane|Substitute\n|move|p1b: Ting-Lu|Stomping Tantrum|p2b: Arcanine\n|-supereffective|p2b: Arcanine\n|-damage|p2b: Arcanine|9\/100\n|\n|-damage|p1a: Maushold|2\/100 brn|[from] brn\n|-damage|p1b: Ting-Lu|88\/100 brn|[from] brn\n|upkeep\n|turn|6\n|l| Squash\n|j| Squash\n|l| iKiQ\n|\n|t:|1682026324\n|move|p2b: Arcanine|Protect|p2b: Arcanine\n|-singleturn|p2b: Arcanine|Protect\n|move|p2a: Flutter Mane|Substitute|p2a: Flutter Mane\n|-start|p2a: Flutter Mane|Substitute\n|-damage|p2a: Flutter Mane|27\/100\n|move|p1a: Maushold|Super Fang|p2a: Flutter Mane\n|-activate|p2a: Flutter Mane|move: Substitute|[damage]\n|move|p1b: Ting-Lu|Throat Chop|p2a: Flutter Mane\n|-end|p2a: Flutter Mane|Substitute\n|\n|-damage|p1a: Maushold|0 fnt|[from] brn\n|faint|p1a: Maushold\n|-damage|p1b: Ting-Lu|82\/100 brn|[from] brn\n|upkeep\n|\n|t:|1682026338\n|switch|p1a: Chien-Pao|Chien-Pao, L50|100\/100\n|-ability|p1a: Chien-Pao|Sword of Ruin\n|turn|7\n|\n|t:|1682026352\n|move|p1a: Chien-Pao|Protect|p1a: Chien-Pao\n|-singleturn|p1a: Chien-Pao|Protect\n|move|p2a: Flutter Mane|Protect|p2a: Flutter Mane\n|-singleturn|p2a: Flutter Mane|Protect\n|move|p2b: Arcanine|Flare Blitz|p1a: Chien-Pao\n|-activate|p1a: Chien-Pao|move: Protect\n|move|p1b: Ting-Lu|Throat Chop|p2b: Arcanine\n|-damage|p2b: Arcanine|0 fnt\n|faint|p2b: Arcanine\n|\n|-damage|p1b: Ting-Lu|76\/100 brn|[from] brn\n|upkeep\n|\n|t:|1682026356\n|switch|p2b: Chien-Pao|Chien-Pao, L50|100\/100\n|-ability|p2b: Chien-Pao|Sword of Ruin\n|turn|8\n|\n|t:|1682026364\n|switch|p1b: Annihilape|Annihilape, L50, M|100\/100\n|move|p2b: Chien-Pao|Sacred Sword|p1a: Chien-Pao\n|-supereffective|p1a: Chien-Pao\n|-enditem|p1a: Chien-Pao|Focus Sash\n|-damage|p1a: Chien-Pao|1\/100\n|move|p1a: Chien-Pao|Throat Chop|p2a: Flutter Mane\n|-damage|p2a: Flutter Mane|0 fnt\n|faint|p2a: Flutter Mane\n|-end|p2a: Flutter Mane|Protosynthesis|[silent]\n|\n|upkeep\n|\n|t:|1682026373\n|switch|p2a: Dragonite|Dragonite, L50, M|100\/100\n|turn|9\n|\n|t:|1682026398\n|switch|p1a: Ting-Lu|Ting-Lu, L50, tera:Poison|76\/100 brn\n|-ability|p1a: Ting-Lu|Vessel of Ruin\n|move|p2b: Chien-Pao|Protect|p2b: Chien-Pao\n|-singleturn|p2b: Chien-Pao|Protect\n|move|p1b: Annihilape|Protect|p1b: Annihilape\n|-singleturn|p1b: Annihilape|Protect\n|move|p2a: Dragonite|Tailwind|p2a: Dragonite\n|-sidestart|p2: RandomDuVGCFR|move: Tailwind\n|\n|-damage|p1a: Ting-Lu|70\/100 brn|[from] brn\n|upkeep\n|turn|10\n|\n|t:|1682026414\n|move|p2b: Chien-Pao|Ice Spinner|p1a: Ting-Lu\n|-damage|p1a: Ting-Lu|42\/100 brn\n|move|p2a: Dragonite|Stomping Tantrum|p1a: Ting-Lu\n|-supereffective|p1a: Ting-Lu\n|-damage|p1a: Ting-Lu|0 fnt\n|faint|p1a: Ting-Lu\n|move|p1b: Annihilape|Bulk Up|p1b: Annihilape\n|-boost|p1b: Annihilape|atk|1\n|-boost|p1b: Annihilape|def|1\n|\n|upkeep\n|\n|t:|1682026419\n|switch|p1a: Chien-Pao|Chien-Pao, L50|1\/100\n|-ability|p1a: Chien-Pao|Sword of Ruin\n|turn|11\n|\n|t:|1682026434\n|move|p1a: Chien-Pao|Protect|p1a: Chien-Pao\n|-singleturn|p1a: Chien-Pao|Protect\n|move|p2a: Dragonite|Extreme Speed|p1a: Chien-Pao\n|-activate|p1a: Chien-Pao|move: Protect\n|move|p2b: Chien-Pao|Ice Spinner|p1b: Annihilape\n|-damage|p1b: Annihilape|70\/100\n|move|p1b: Annihilape|Drain Punch|p2b: Chien-Pao\n|-supereffective|p2b: Chien-Pao\n|-crit|p2b: Chien-Pao\n|-enditem|p2b: Chien-Pao|Focus Sash\n|-damage|p2b: Chien-Pao|1\/100\n|-heal|p1b: Annihilape|100\/100|[from] drain|[of] p2b: Chien-Pao\n|\n|upkeep\n|turn|12\n|j| RUF1 Mimil\n|c|\u2606RandomDuVGCFR|GG i guess\n|c|\u2606mgthrn|on va voir\n|c|\u2606RandomDuVGCFR|Je termine juste pour le beau jeu\n|\n|t:|1682026473\n|move|p2a: Dragonite|Extreme Speed|p1a: Chien-Pao\n|-damage|p1a: Chien-Pao|0 fnt\n|faint|p1a: Chien-Pao\n|move|p2b: Chien-Pao|Ice Spinner|p1b: Annihilape\n|-damage|p1b: Annihilape|67\/100\n|move|p1b: Annihilape|Bulk Up|p1b: Annihilape\n|-boost|p1b: Annihilape|atk|1\n|-boost|p1b: Annihilape|def|1\n|\n|-heal|p1b: Annihilape|74\/100|[from] item: Leftovers\n|-sideend|p2: RandomDuVGCFR|move: Tailwind\n|upkeep\n|turn|13\n|c| Micciu20250|Crit now\n|c| Micciu20250|tkt\n|\n|t:|1682026487\n|move|p2b: Chien-Pao|Protect|p2b: Chien-Pao\n|-singleturn|p2b: Chien-Pao|Protect\n|move|p1b: Annihilape|Protect|p1b: Annihilape\n|-singleturn|p1b: Annihilape|Protect\n|move|p2a: Dragonite|Stomping Tantrum|p1b: Annihilape\n|-activate|p1b: Annihilape|move: Protect\n|\n|-heal|p1b: Annihilape|80\/100|[from] item: Leftovers\n|upkeep\n|turn|14\n|\n|t:|1682026495\n|move|p2b: Chien-Pao|Ice Spinner|p1b: Annihilape\n|-damage|p1b: Annihilape|55\/100\n|move|p2a: Dragonite|Stomping Tantrum|p1b: Annihilape\n|-damage|p1b: Annihilape|37\/100\n|move|p1b: Annihilape|Drain Punch|p2b: Chien-Pao\n|-supereffective|p2b: Chien-Pao\n|-damage|p2b: Chien-Pao|0 fnt\n|-heal|p1b: Annihilape|37\/100|[from] drain|[of] p2b: Chien-Pao\n|faint|p2b: Chien-Pao\n|\n|-heal|p1b: Annihilape|43\/100|[from] item: Leftovers\n|upkeep\n|turn|15\n|\n|t:|1682026506\n|move|p2a: Dragonite|Stomping Tantrum|p1b: Annihilape\n|-damage|p1b: Annihilape|30\/100\n|move|p1b: Annihilape|Drain Punch|p2a: Dragonite\n|-resisted|p2a: Dragonite\n|-damage|p2a: Dragonite|84\/100\n|-heal|p1b: Annihilape|38\/100|[from] drain|[of] p2a: Dragonite\n|\n|-heal|p1b: Annihilape|44\/100|[from] item: Leftovers\n|upkeep\n|turn|16\n|\n|t:|1682026514\n|move|p2a: Dragonite|Stomping Tantrum|p1b: Annihilape\n|-damage|p1b: Annihilape|30\/100\n|move|p1b: Annihilape|Rage Fist|p2a: Dragonite\n|-damage|p2a: Dragonite|0 fnt\n|faint|p2a: Dragonite\n|\n|win|mgthrn\n|l| zS\n|c|\u2606mgthrn|ggs\n|l| Micciu20250\n|l| Zenadark\n|l|+Unamed\n|l| RUF1 Mimil\n|l| Otark\n|l| wertsd26\n|l| Fathiryxi\n|l| KSt3ve\n|l| Masskeauuu\n|l| sgjjjhg\n|l|\u2606mgthrn\n|l| Nultiprise\n|c|\u2606RandomDuVGCFR|Gg\n","uploadtime":1682026522,"views":7,"p1id":"mgthrn","p2id":"randomduvgcfr","formatid":"gen9vgc2023regulationc","rating":0,"private":0,"password":""}