{"id":"gen9vgc2023regulationc-1847631290","p1":"PotatoLord9662","p2":"crinaft","format":"[Gen 9] VGC 2023 Regulation C","log":"|j|\u2606PotatoLord9662\n|j|\u2606crinaft\n|t:|1681984796\n|gametype|doubles\n|player|p1|PotatoLord9662|170|1162\n|player|p2|crinaft|170|1097\n|teamsize|p1|6\n|teamsize|p2|6\n|gen|9\n|tier|[Gen 9] VGC 2023 Regulation C\n|rated|\n|rule|Species Clause: Limit one of each Pok\u00e9mon\n|rule|Item Clause: Limit one of each item\n|clearpoke\n|poke|p1|Palafin, L50, M|\n|poke|p1|Pelipper, L50, M|\n|poke|p1|Pachirisu, L50, M|\n|poke|p1|Chien-Pao, L50|\n|poke|p1|Venomoth, L50, M|\n|poke|p1|Flutter Mane, L50|\n|poke|p2|Maushold, L50|\n|poke|p2|Dragapult, L50, F|\n|poke|p2|Tyranitar, L50, F|\n|poke|p2|Dragonite, L50, F|\n|poke|p2|Amoonguss, L50, F|\n|poke|p2|Gholdengo, L50|\n|teampreview|4\n|c|\u2606crinaft|Ur team go crazy\n|c|\u2606crinaft|Sry 4 meta\nPotatoLord9662 rejected open team sheets.\n|c|\u2606crinaft|1st day on\n|c|\u2606PotatoLord9662|It\u2019s cool\n|\n|t:|1681984866\n|start\n|switch|p1a: Chien-Pao|Chien-Pao, L50|100\/100\n|switch|p1b: Palafin|Palafin, L50, M, shiny|100\/100\n|switch|p2a: Dragapult|Dragapult, L50, F|100\/100\n|switch|p2b: Dragonite|Dragonite, L50, F|100\/100\n|-ability|p1a: Chien-Pao|Sword of Ruin\n|turn|1\n|c|\u2606PotatoLord9662|It\u2019s not the worst I\u2019ve seen today lol\n|\n|t:|1681984905\n|detailschange|p1b: Palafin|Palafin-Hero, L50, M, shiny\n|switch|p1b: Pelipper|Pelipper, L50, M, shiny|100\/100\n|-weather|RainDance|[from] ability: Drizzle|[of] p1b: Pelipper\n|-terastallize|p2b: Dragonite|Normal\n|move|p2a: Dragapult|Protect|p2a: Dragapult\n|-singleturn|p2a: Dragapult|Protect\n|move|p1a: Chien-Pao|Ice Spinner|p2a: Dragapult\n|-activate|p2a: Dragapult|move: Protect\n|move|p2b: Dragonite|Iron Head|p1a: Chien-Pao\n|-supereffective|p1a: Chien-Pao\n|-damage|p1a: Chien-Pao|26\/100\n|\n|-weather|RainDance|[upkeep]\n|upkeep\n|turn|2\n|\n|t:|1681984943\n|move|p2b: Dragonite|Extreme Speed|p1a: Chien-Pao\n|-damage|p1a: Chien-Pao|0 fnt\n|faint|p1a: Chien-Pao\n|move|p2a: Dragapult|Disable||[still]\n|-fail|p2a: Dragapult\n|move|p1b: Pelipper|Hurricane|p2b: Dragonite\n|-damage|p2b: Dragonite|81\/100\n|\n|-weather|RainDance|[upkeep]\n|upkeep\n|\n|t:|1681984953\n|switch|p1a: Palafin|Palafin-Hero, L50, M, shiny|100\/100\n|-activate|p1a: Palafin|ability: Zero to Hero\n|turn|3\n|\n|t:|1681984979\n|move|p1a: Palafin|Protect|p1a: Palafin\n|-singleturn|p1a: Palafin|Protect\n|move|p2a: Dragapult|Dragon Darts|p1b: Pelipper\n|-damage|p1b: Pelipper|77\/100\n|-anim|p2a: Dragapult|Dragon Darts|p1b: Pelipper\n|-damage|p1b: Pelipper|53\/100\n|-damage|p2a: Dragapult|91\/100|[from] item: Life Orb\n|move|p2b: Dragonite|Tailwind|p2b: Dragonite\n|-sidestart|p2: crinaft|move: Tailwind\n|move|p1b: Pelipper|Tailwind|p1b: Pelipper\n|-sidestart|p1: PotatoLord9662|move: Tailwind\n|\n|-weather|RainDance|[upkeep]\n|-heal|p1b: Pelipper|59\/100|[from] item: Leftovers\n|upkeep\n|turn|4\n|\n|t:|1681985001\n|move|p2b: Dragonite|Extreme Speed|p1a: Palafin\n|-damage|p1a: Palafin|49\/100\n|move|p2a: Dragapult|Dragon Darts|p1a: Palafin\n|-damage|p1a: Palafin|17\/100\n|-anim|p2a: Dragapult|Dragon Darts|p1b: Pelipper\n|-damage|p1b: Pelipper|32\/100\n|-damage|p2a: Dragapult|81\/100|[from] item: Life Orb\n|move|p1a: Palafin|Wave Crash|p2b: Dragonite\n|-damage|p2b: Dragonite|0 fnt\n|faint|p2b: Dragonite\n|-damage|p1a: Palafin|0 fnt|[from] Recoil\n|faint|p1a: Palafin\n|move|p1b: Pelipper|Hurricane|p2a: Dragapult\n|-damage|p2a: Dragapult|29\/100\n|\n|-weather|RainDance|[upkeep]\n|-heal|p1b: Pelipper|38\/100|[from] item: Leftovers\n|upkeep\n|\n|t:|1681985031\n|switch|p1a: Flutter Mane|Flutter Mane, L50, shiny|100\/100\n|switch|p2b: Gholdengo|Gholdengo, L50|100\/100\n|-enditem|p1a: Flutter Mane|Booster Energy\n|-activate|p1a: Flutter Mane|ability: Protosynthesis|[fromitem]\n|-start|p1a: Flutter Mane|protosynthesisspe\n|turn|5\n|\n|t:|1681985048\n|-terastallize|p1a: Flutter Mane|Electric\n|move|p1a: Flutter Mane|Shadow Ball|p2b: Gholdengo\n|-supereffective|p2b: Gholdengo\n|-damage|p2b: Gholdengo|0 fnt\n|faint|p2b: Gholdengo\n|move|p2a: Dragapult|Phantom Force||[still]\n|-prepare|p2a: Dragapult|Phantom Force\n|move|p1b: Pelipper|Hurricane|p2a: Dragapult|[miss]\n|-miss|p1b: Pelipper|p2a: Dragapult\n|\n|-weather|none\n|-heal|p1b: Pelipper|44\/100|[from] item: Leftovers\n|upkeep\n|\n|t:|1681985059\n|switch|p2b: Tyranitar|Tyranitar, L50, F|100\/100\n|-weather|Sandstorm|[from] ability: Sand Stream|[of] p2b: Tyranitar\n|turn|6\n|\n|t:|1681985071\n|move|p1a: Flutter Mane|Energy Ball|p2b: Tyranitar\n|-supereffective|p2b: Tyranitar\n|-damage|p2b: Tyranitar|58\/100\n|move|p2a: Dragapult|Phantom Force|p1a: Flutter Mane|[from]lockedmove\n|-damage|p1a: Flutter Mane|0 fnt\n|faint|p1a: Flutter Mane\n|-end|p1a: Flutter Mane|Protosynthesis|[silent]\n|-damage|p2a: Dragapult|19\/100|[from] item: Life Orb\n|move|p2b: Tyranitar|Dragon Dance|p2b: Tyranitar\n|-boost|p2b: Tyranitar|atk|1\n|-boost|p2b: Tyranitar|spe|1\n|move|p1b: Pelipper|Hydro Pump|p2b: Tyranitar\n|-supereffective|p2b: Tyranitar\n|-damage|p2b: Tyranitar|13\/100\n|\n|-weather|Sandstorm|[upkeep]\n|-damage|p2a: Dragapult|13\/100|[from] Sandstorm\n|-damage|p1b: Pelipper|38\/100|[from] Sandstorm\n|-heal|p1b: Pelipper|44\/100|[from] item: Leftovers\n|-sideend|p1: PotatoLord9662|move: Tailwind\n|-sideend|p2: crinaft|move: Tailwind\n|upkeep\n|turn|7\n|c|\u2606crinaft|Gg\n|\n|t:|1681985099\n|move|p1b: Pelipper|Protect|p1b: Pelipper\n|-singleturn|p1b: Pelipper|Protect\n|move|p2a: Dragapult|Dragon Darts|p1b: Pelipper\n|-activate|p1b: Pelipper|move: Protect\n|move|p2b: Tyranitar|Rock Blast|p1b: Pelipper\n|-activate|p1b: Pelipper|move: Protect\n|\n|-weather|Sandstorm|[upkeep]\n|-damage|p2a: Dragapult|7\/100|[from] Sandstorm\n|-damage|p1b: Pelipper|38\/100|[from] Sandstorm\n|-heal|p1b: Pelipper|44\/100|[from] item: Leftovers\n|upkeep\n|turn|8\n|\n|t:|1681985114\n|move|p2a: Dragapult|Dragon Darts|p1b: Pelipper\n|-damage|p1b: Pelipper|20\/100\n|-anim|p2a: Dragapult|Dragon Darts|p1b: Pelipper\n|-damage|p1b: Pelipper|0 fnt\n|faint|p1b: Pelipper\n|-damage|p2a: Dragapult|0 fnt|[from] item: Life Orb\n|faint|p2a: Dragapult\n|\n|win|crinaft\n|raw|PotatoLord9662's rating: 1162 → 1132<\/strong> (-30 for losing)\n|raw|crinaft's rating: 1097 → 1127<\/strong> (+30 for winning)\n|c|\u2606PotatoLord9662|Gg\n|l|\u2606PotatoLord9662\n|c|\u2606crinaft|Wpwp\n","uploadtime":1681985138,"views":15,"p1id":"potatolord9662","p2id":"crinaft","formatid":"gen9vgc2023regulationc","rating":1127,"private":0,"password":""}