{"id":"gen9vgc2023regulationc-1854814616","p1":"show me the tarfax","p2":"Sebita18","format":"[Gen 9] VGC 2023 Regulation C","log":"|j|\u2606show me the tarfax\n|j|\u2606Sebita18\n|t:|1682869229\n|gametype|doubles\n|player|p1|show me the tarfax|roughneck|1149\n|player|p2|Sebita18|265|1054\n|teamsize|p1|6\n|teamsize|p2|6\n|gen|9\n|tier|[Gen 9] VGC 2023 Regulation C\n|rated|\n|rule|Species Clause: Limit one of each Pok\u00e9mon\n|rule|Item Clause: Limit one of each item\n|clearpoke\n|poke|p1|Arcanine, L50, F|\n|poke|p1|Iron Bundle, L50|\n|poke|p1|Garganacl, L50, F|\n|poke|p1|Ting-Lu, L50|\n|poke|p1|Roaring Moon, L50|\n|poke|p1|Amoonguss, L50, F|\n|poke|p2|Talonflame, L50, M|\n|poke|p2|Iron Hands, L50|\n|poke|p2|Iron Bundle, L50|\n|poke|p2|Gholdengo, L50|\n|poke|p2|Meowscarada, L50, M|\n|poke|p2|Garganacl, L50, F|\n|teampreview|4\n|inactive|Battle timer is ON: inactive players will automatically lose when time's up. (requested by Sebita18)\nshow me the tarfax has agreed to open team sheets.\n|\n|t:|1682869269\n|start\n|switch|p1a: Garganacl|Garganacl, L50, F|100\/100\n|switch|p1b: Ting-Lu|Ting-Lu, L50|100\/100\n|switch|p2a: Garganacl|Garganacl, L50, F|100\/100\n|switch|p2b: Gholdengo|Gholdengo, L50|100\/100\n|-ability|p1b: Ting-Lu|Vessel of Ruin\n|turn|1\n|\n|t:|1682869288\n|move|p1a: Garganacl|Wide Guard|p1a: Garganacl\n|-singleturn|p1a: Garganacl|Wide Guard\n|move|p2b: Gholdengo|Make It Rain|p1a: Garganacl|[spread] \n|-activate|p1a: Garganacl|move: Wide Guard\n|-activate|p1b: Ting-Lu|move: Wide Guard\n|move|p1b: Ting-Lu|Ruination|p2b: Gholdengo\n|-damage|p2b: Gholdengo|51\/100\n|move|p2a: Garganacl|Salt Cure|p1a: Garganacl\n|-damage|p1a: Garganacl|90\/100\n|-start|p1a: Garganacl|Salt Cure\n|\n|-heal|p1a: Garganacl|96\/100|[from] item: Leftovers\n|-damage|p1a: Garganacl|84\/100|[from] Salt Cure\n|upkeep\n|turn|2\n|\n|t:|1682869311\n|switch|p2b: Iron Bundle|Iron Bundle, L50|100\/100\n|-enditem|p2b: Iron Bundle|Booster Energy\n|-activate|p2b: Iron Bundle|ability: Quark Drive|[fromitem]\n|-start|p2b: Iron Bundle|quarkdrivespe\n|move|p1b: Ting-Lu|Stomping Tantrum|p2b: Iron Bundle\n|-damage|p2b: Iron Bundle|63\/100\n|move|p2a: Garganacl|Salt Cure|p1b: Ting-Lu\n|-resisted|p1b: Ting-Lu\n|-damage|p1b: Ting-Lu|97\/100\n|-start|p1b: Ting-Lu|Salt Cure\n|move|p1a: Garganacl|Stealth Rock|p2a: Garganacl\n|-sidestart|p2: Sebita18|move: Stealth Rock\n|\n|-heal|p1a: Garganacl|90\/100|[from] item: Leftovers\n|-damage|p1b: Ting-Lu|84\/100|[from] Salt Cure\n|-damage|p1a: Garganacl|78\/100|[from] Salt Cure\n|upkeep\n|turn|3\n|inactive|show me the tarfax has 30 seconds left.\n|inactive|Sebita18 has 30 seconds left.\n|inactive|Sebita18 has 20 seconds left.\n|inactive|Sebita18 has 15 seconds left.\n|\n|t:|1682869354\n|-terastallize|p1a: Garganacl|Grass\n|move|p2b: Iron Bundle|Protect|p2b: Iron Bundle\n|-singleturn|p2b: Iron Bundle|Protect\n|move|p2a: Garganacl|Protect|p2a: Garganacl\n|-singleturn|p2a: Garganacl|Protect\n|move|p1b: Ting-Lu|Ruination|p2a: Garganacl\n|-activate|p2a: Garganacl|move: Protect\n|move|p1a: Garganacl|Salt Cure|p2b: Iron Bundle\n|-activate|p2b: Iron Bundle|move: Protect\n|\n|-heal|p1a: Garganacl|84\/100|[from] item: Leftovers\n|-damage|p1b: Ting-Lu|72\/100|[from] Salt Cure\n|-damage|p1a: Garganacl|72\/100|[from] Salt Cure\n|upkeep\n|turn|4\n|\n|t:|1682869378\n|switch|p1b: Amoonguss|Amoonguss, L50, F|100\/100\n|switch|p2a: Iron Hands|Iron Hands, L50|100\/100\n|-damage|p2a: Iron Hands|94\/100|[from] Stealth Rock\n|move|p2b: Iron Bundle|Icy Wind|p1b: Amoonguss|[spread] p1a,p1b\n|-supereffective|p1a: Garganacl\n|-supereffective|p1b: Amoonguss\n|-damage|p1a: Garganacl|43\/100\n|-damage|p1b: Amoonguss|68\/100\n|-unboost|p1a: Garganacl|spe|1\n|-unboost|p1b: Amoonguss|spe|1\n|move|p1a: Garganacl|Salt Cure|p2b: Iron Bundle\n|-supereffective|p2b: Iron Bundle\n|-damage|p2b: Iron Bundle|32\/100\n|-start|p2b: Iron Bundle|Salt Cure\n|\n|-heal|p1a: Garganacl|48\/100|[from] item: Leftovers\n|-damage|p2b: Iron Bundle|7\/100|[from] Salt Cure\n|-damage|p1a: Garganacl|36\/100|[from] Salt Cure\n|upkeep\n|turn|5\n|inactive|Sebita18 has 30 seconds left.\n|\n|t:|1682869410\n|switch|p1a: Iron Bundle|Iron Bundle, L50|100\/100\n|move|p2a: Iron Hands|Fake Out|p1b: Amoonguss\n|-damage|p1b: Amoonguss|53\/100\n|-damage|p2a: Iron Hands|78\/100|[from] item: Rocky Helmet|[of] p1b: Amoonguss\n|move|p2b: Iron Bundle|Freeze-Dry|p1a: Iron Bundle\n|-damage|p1a: Iron Bundle|32\/100\n|cant|p1b: Amoonguss|flinch\n|\n|-damage|p2b: Iron Bundle|0 fnt|[from] Salt Cure\n|faint|p2b: Iron Bundle\n|-end|p2b: Iron Bundle|Quark Drive|[silent]\n|upkeep\n|\n|t:|1682869428\n|switch|p2b: Garganacl|Garganacl, L50, F|100\/100\n|-damage|p2b: Garganacl|88\/100|[from] Stealth Rock\n|turn|6\n|\n|t:|1682869442\n|-terastallize|p2a: Iron Hands|Grass\n|move|p1a: Iron Bundle|Protect|p1a: Iron Bundle\n|-singleturn|p1a: Iron Bundle|Protect\n|move|p2a: Iron Hands|Drain Punch|p1a: Iron Bundle\n|-activate|p1a: Iron Bundle|move: Protect\n|move|p2b: Garganacl|Salt Cure|p1b: Amoonguss\n|-damage|p1b: Amoonguss|42\/100\n|-start|p1b: Amoonguss|Salt Cure\n|move|p1b: Amoonguss|Spore|p2a: Iron Hands\n|-immune|p2a: Iron Hands\n|\n|-heal|p2b: Garganacl|94\/100|[from] item: Leftovers\n|-damage|p1b: Amoonguss|30\/100|[from] Salt Cure\n|upkeep\n|turn|7\n|\n|t:|1682869463\n|move|p1a: Iron Bundle|Freeze-Dry|p2a: Iron Hands\n|-supereffective|p2a: Iron Hands\n|-damage|p2a: Iron Hands|41\/100\n|move|p2a: Iron Hands|Drain Punch|p1b: Amoonguss\n|-resisted|p1b: Amoonguss\n|-crit|p1b: Amoonguss\n|-damage|p1b: Amoonguss|2\/100\n|-heal|p2a: Iron Hands|54\/100|[from] drain|[of] p1b: Amoonguss\n|-damage|p2a: Iron Hands|38\/100|[from] item: Rocky Helmet|[of] p1b: Amoonguss\n|move|p2b: Garganacl|Salt Cure|p1a: Iron Bundle\n|-supereffective|p1a: Iron Bundle\n|-damage|p1a: Iron Bundle|0 fnt\n|faint|p1a: Iron Bundle\n|-end|p1a: Iron Bundle|Quark Drive|[silent]\n|move|p1b: Amoonguss|Pollen Puff|p1: Iron Bundle|[notarget]\n|-fail|p1b: Amoonguss\n|\n|-heal|p2b: Garganacl|99\/100|[from] item: Leftovers\n|-damage|p1b: Amoonguss|0 fnt|[from] Salt Cure\n|faint|p1b: Amoonguss\n|upkeep\n|\n|t:|1682869471\n|switch|p1a: Garganacl|Garganacl, L50, F, tera:Grass|36\/100\n|switch|p1b: Ting-Lu|Ting-Lu, L50|72\/100\n|-ability|p1b: Ting-Lu|Vessel of Ruin\n|turn|8\n|\n|t:|1682869496\n|move|p1a: Garganacl|Protect|p1a: Garganacl\n|-singleturn|p1a: Garganacl|Protect\n|move|p2a: Iron Hands|Drain Punch|p1b: Ting-Lu\n|-supereffective|p1b: Ting-Lu\n|-damage|p1b: Ting-Lu|20\/100\n|-heal|p2a: Iron Hands|68\/100|[from] drain|[of] p1b: Ting-Lu\n|move|p1b: Ting-Lu|Ruination|p2b: Garganacl\n|-damage|p2b: Garganacl|50\/100\n|move|p2b: Garganacl|Salt Cure|p1a: Garganacl\n|-activate|p1a: Garganacl|move: Protect\n|\n|-heal|p2b: Garganacl|56\/100|[from] item: Leftovers\n|-heal|p1a: Garganacl|42\/100|[from] item: Leftovers\n|upkeep\n|turn|9\n|-message|show me the tarfax forfeited.\n|\n|win|Sebita18\n|raw|show me the tarfax's rating: 1149 → 1117<\/strong> (-32 for losing)\n|raw|Sebita18's rating: 1054 → 1094<\/strong> (+40 for winning)\n","uploadtime":1682869510,"views":17,"p1id":"showmethetarfax","p2id":"sebita18","formatid":"gen9vgc2023regulationc","rating":1094,"private":0,"password":""}