{"id":"gen9vgc2023regulationc-1848036368","p1":"MrIKUrtz","p2":"KiryaeTest","format":"[Gen 9] VGC 2023 Regulation C","log":"|j|\u2606MrIKUrtz\n|j|\u2606KiryaeTest\n|t:|1682022874\n|gametype|doubles\n|player|p1|MrIKUrtz|101|1072\n|player|p2|KiryaeTest|2|1161\n|teamsize|p1|6\n|teamsize|p2|6\n|gen|9\n|tier|[Gen 9] VGC 2023 Regulation C\n|rated|\n|rule|Species Clause: Limit one of each Pok\u00e9mon\n|rule|Item Clause: Limit one of each item\n|clearpoke\n|poke|p1|Torkoal, L50, M|\n|poke|p1|Lilligant, L50, F|\n|poke|p1|Chien-Pao, L50|\n|poke|p1|Flutter Mane, L50|\n|poke|p1|Iron Bundle, L50|\n|poke|p1|Annihilape, L50, M|\n|poke|p2|Chi-Yu, L50|\n|poke|p2|Iron Bundle, L50|\n|poke|p2|Flutter Mane, L50|\n|poke|p2|Amoonguss, L50, F|\n|poke|p2|Dragonite, L50, F|\n|poke|p2|Gyarados, L50, M|\n|teampreview|4\n|j| ArgiSerrano\n|inactive|Battle timer is ON: inactive players will automatically lose when time's up. (requested by MrIKUrtz)\n|\n|t:|1682022920\n|start\n|switch|p1a: Torkoal|Torkoal, L50, M|100\/100\n|switch|p1b: Lilligant|Lilligant, L50, F|100\/100\n|switch|p2a: Dragonite|Dragonite, L50, F|100\/100\n|switch|p2b: Gyarados|Gyarados, L50, M|100\/100\n|-ability|p2b: Gyarados|Intimidate|boost\n|-unboost|p1a: Torkoal|atk|1\n|-unboost|p1b: Lilligant|atk|1\n|-weather|SunnyDay|[from] ability: Drought|[of] p1a: Torkoal\n|turn|1\n|inactive|KiryaeTest has 30 seconds left.\n|\n|t:|1682022950\n|move|p2a: Dragonite|Extreme Speed|p1a: Torkoal\n|-damage|p1a: Torkoal|78\/100\n|move|p1b: Lilligant|After You|p1a: Torkoal\n|-activate|p1a: Torkoal|move: After You\n|move|p1a: Torkoal|Eruption|p2a: Dragonite|[spread] p2a,p2b\n|-resisted|p2a: Dragonite\n|-resisted|p2b: Gyarados\n|-damage|p2a: Dragonite|85\/100\n|-damage|p2b: Gyarados|77\/100\n|move|p2b: Gyarados|Taunt|p1b: Lilligant\n|-start|p1b: Lilligant|move: Taunt\n|\n|-weather|SunnyDay|[upkeep]\n|upkeep\n|turn|2\n|\n|t:|1682022967\n|move|p1a: Torkoal|Protect|p1a: Torkoal\n|-singleturn|p1a: Torkoal|Protect\n|move|p1b: Lilligant|Leaf Storm|p2b: Gyarados\n|-damage|p2b: Gyarados|31\/100\n|-unboost|p1b: Lilligant|spa|2\n|move|p2b: Gyarados|Waterfall|p1a: Torkoal\n|-activate|p1a: Torkoal|move: Protect\n|move|p2a: Dragonite|Ice Spinner|p1b: Lilligant\n|-supereffective|p1b: Lilligant\n|-damage|p1b: Lilligant|0 fnt\n|faint|p1b: Lilligant\n|\n|-weather|SunnyDay|[upkeep]\n|upkeep\n|\n|t:|1682022979\n|switch|p1b: Iron Bundle|Iron Bundle, L50|100\/100\n|turn|3\n|\n|t:|1682022991\n|-terastallize|p2a: Dragonite|Normal\n|move|p2a: Dragonite|Extreme Speed|p1b: Iron Bundle\n|-damage|p1b: Iron Bundle|42\/100\n|move|p1b: Iron Bundle|Freeze-Dry|p2a: Dragonite\n|-damage|p2a: Dragonite|47\/100\n|move|p2b: Gyarados|Waterfall|p1a: Torkoal\n|-supereffective|p1a: Torkoal\n|-damage|p1a: Torkoal|50\/100\n|cant|p1a: Torkoal|flinch\n|\n|-weather|SunnyDay|[upkeep]\n|upkeep\n|turn|4\n|inactive|MrIKUrtz has 30 seconds left.\n|l|\u2606MrIKUrtz\n|inactive|MrIKUrtz disconnected and has a minute to reconnect!\n|player|p1|\n|j|\u2606MrIKUrtz\n|inactive|MrIKUrtz reconnected and has 25 seconds left.\n|player|p1|MrIKUrtz|101\n|inactive|MrIKUrtz has 20 seconds left.\n|inactive|MrIKUrtz has 15 seconds left.\n|inactive|MrIKUrtz has 10 seconds left.\n|inactive|MrIKUrtz has 5 seconds left.\n|\n|t:|1682023042\n|-end|p1b: Iron Bundle|Quark Drive|[silent]\n|switch|p1b: Annihilape|Annihilape, L50, M|100\/100\n|move|p2a: Dragonite|Extreme Speed|p1b: Annihilape\n|-immune|p1b: Annihilape\n|move|p2b: Gyarados|Waterfall|p1a: Torkoal\n|-supereffective|p1a: Torkoal\n|-damage|p1a: Torkoal|25\/100\n|cant|p1a: Torkoal|flinch\n|\n|-weather|SunnyDay|[upkeep]\n|upkeep\n|turn|5\n|l|\u2606KiryaeTest\n|inactive|KiryaeTest disconnected and has a minute to reconnect!\n|player|p2|\n|j|\u2606KiryaeTest\n|inactive|KiryaeTest reconnected and has 50 seconds left.\n|player|p2|KiryaeTest|2\n|\n|t:|1682023062\n|-terastallize|p1b: Annihilape|Fire\n|move|p1a: Torkoal|Protect|p1a: Torkoal\n|-singleturn|p1a: Torkoal|Protect\n|move|p2a: Dragonite|Extreme Speed|p1a: Torkoal\n|-activate|p1a: Torkoal|move: Protect\n|move|p1b: Annihilape|Drain Punch|p2a: Dragonite\n|-supereffective|p2a: Dragonite\n|-damage|p2a: Dragonite|0 fnt\n|faint|p2a: Dragonite\n|move|p2b: Gyarados|Taunt|p1b: Annihilape\n|-start|p1b: Annihilape|move: Taunt\n|\n|-weather|none\n|upkeep\n|\n|t:|1682023082\n|switch|p2a: Amoonguss|Amoonguss, L50, F|100\/100\n|turn|6\n|\n|t:|1682023095\n|switch|p1b: Iron Bundle|Iron Bundle, L50|42\/100\n|move|p2b: Gyarados|Waterfall|p1a: Torkoal\n|-supereffective|p1a: Torkoal\n|-damage|p1a: Torkoal|0 fnt\n|faint|p1a: Torkoal\n|move|p2a: Amoonguss|Spore|p1b: Iron Bundle\n|-status|p1b: Iron Bundle|slp|[from] move: Spore\n|\n|upkeep\n|\n|t:|1682023101\n|switch|p1a: Annihilape|Annihilape, L50, M, tera:Fire|100\/100\n|turn|7\n|\n|t:|1682023125\n|move|p1a: Annihilape|Protect|p1a: Annihilape\n|-singleturn|p1a: Annihilape|Protect\n|move|p2a: Amoonguss|Protect|p2a: Amoonguss\n|-singleturn|p2a: Amoonguss|Protect\n|cant|p1b: Iron Bundle|slp\n|move|p2b: Gyarados|Waterfall|p1a: Annihilape\n|-activate|p1a: Annihilape|move: Protect\n|\n|upkeep\n|turn|8\n|l| ArgiSerrano\n|\n|t:|1682023141\n|cant|p1b: Iron Bundle|slp\n|move|p1a: Annihilape|Rage Fist|p2b: Gyarados\n|-damage|p2b: Gyarados|2\/100\n|move|p2b: Gyarados|Waterfall|p1b: Iron Bundle\n|-resisted|p1b: Iron Bundle\n|-damage|p1b: Iron Bundle|18\/100 slp\n|move|p2a: Amoonguss|Spore|p1a: Annihilape\n|-status|p1a: Annihilape|slp|[from] move: Spore\n|-enditem|p1a: Annihilape|Lum Berry|[eat]\n|-curestatus|p1a: Annihilape|slp|[msg]\n|\n|upkeep\n|turn|9\n|inactive|KiryaeTest has 30 seconds left.\n|\n|t:|1682023169\n|move|p1a: Annihilape|Protect|p1a: Annihilape\n|-singleturn|p1a: Annihilape|Protect\n|move|p2a: Amoonguss|Protect|p2a: Amoonguss\n|-singleturn|p2a: Amoonguss|Protect\n|-curestatus|p1b: Iron Bundle|slp|[msg]\n|move|p1b: Iron Bundle|Icy Wind|p2a: Amoonguss|[spread] p2b\n|-activate|p2a: Amoonguss|move: Protect\n|-crit|p2b: Gyarados\n|-damage|p2b: Gyarados|0 fnt\n|faint|p2b: Gyarados\n|\n|upkeep\n|\n|t:|1682023181\n|switch|p2b: Flutter Mane|Flutter Mane, L50|100\/100\n|turn|10\n|\n|t:|1682023199\n|move|p1b: Iron Bundle|Freeze-Dry|p2a: Amoonguss\n|-supereffective|p2a: Amoonguss\n|-damage|p2a: Amoonguss|35\/100\n|-enditem|p2a: Amoonguss|Sitrus Berry|[eat]\n|-heal|p2a: Amoonguss|60\/100|[from] item: Sitrus Berry\n|move|p2b: Flutter Mane|Power Gem|p1b: Iron Bundle\n|-supereffective|p1b: Iron Bundle\n|-damage|p1b: Iron Bundle|0 fnt\n|faint|p1b: Iron Bundle\n|-end|p1b: Iron Bundle|Quark Drive|[silent]\n|move|p1a: Annihilape|Rage Fist|p2b: Flutter Mane\n|-supereffective|p2b: Flutter Mane\n|-damage|p2b: Flutter Mane|36\/100\n|move|p2a: Amoonguss|Spore|p1a: Annihilape\n|-status|p1a: Annihilape|slp|[from] move: Spore\n|\n|upkeep\n|turn|11\n|\n|t:|1682023222\n|move|p2b: Flutter Mane|Power Gem|p1a: Annihilape\n|-supereffective|p1a: Annihilape\n|-damage|p1a: Annihilape|33\/100 slp\n|cant|p1a: Annihilape|slp\n|move|p2a: Amoonguss|Pollen Puff|p2b: Flutter Mane\n|-heal|p2b: Flutter Mane|86\/100\n|\n|upkeep\n|turn|12\n|\n|t:|1682023233\n|move|p2a: Amoonguss|Rage Powder|p2a: Amoonguss\n|-singleturn|p2a: Amoonguss|move: Rage Powder\n|move|p2b: Flutter Mane|Power Gem|p1a: Annihilape\n|-supereffective|p1a: Annihilape\n|-damage|p1a: Annihilape|0 fnt\n|faint|p1a: Annihilape\n|\n|win|KiryaeTest\n|raw|MrIKUrtz's rating: 1072 → 1056<\/strong> (-16 for losing)\n|raw|KiryaeTest's rating: 1161 → 1180<\/strong> (+19 for winning)\n|l|\u2606MrIKUrtz\n","uploadtime":1682023241,"views":5,"p1id":"mrikurtz","p2id":"kiryaetest","formatid":"gen9vgc2023regulationc","rating":1056,"private":0,"password":""}