{"id":"gen9vgc2023regulationc-1846725489","p1":"413XPlayz","p2":"That_Leek","format":"[Gen 9] VGC 2023 Regulation C","log":"|j|\u2606413XPlayz\n|j|\u2606That_Leek\n|t:|1681870580\n|gametype|doubles\n|player|p1|413XPlayz|psychic|\n|player|p2|That_Leek|blue|\n|teamsize|p1|6\n|teamsize|p2|6\n|gen|9\n|tier|[Gen 9] VGC 2023 Regulation C\n|rated|Tournament battle\n|rule|Species Clause: Limit one of each Pok\u00e9mon\n|rule|Item Clause: Limit one of each item\n|clearpoke\n|poke|p1|Iron Hands, L50|\n|poke|p1|Amoonguss, L50, F|\n|poke|p1|Pelipper, L50, F|\n|poke|p1|Palafin, L50, F|\n|poke|p1|Baxcalibur, L50, F|\n|poke|p1|Flutter Mane, L50|\n|poke|p2|Talonflame, L50, M|\n|poke|p2|Baxcalibur, L50, M|\n|poke|p2|Sandy Shocks, L50|\n|poke|p2|Tauros-Paldea-Aqua, L50, M|\n|poke|p2|Gholdengo, L50|\n|poke|p2|Scream Tail, L50|\n|teampreview|4\n|raw| Open Team Sheet for 413XPlayz<\/summary>Iron Hands @ Assault Vest Ability: Quark Drive Level: 50 Shiny: Yes Tera Type: Grass - Fake Out - Drain Punch - Wild Charge - Volt Switch Amoonguss (F) @ Sitrus Berry Ability: Regenerator Level: 50 Tera Type: Steel - Spore - Rage Powder - Pollen Puff - Clear Smog Pelipper (F) @ Focus Sash Ability: Drizzle Level: 50 Tera Type: Flying - Hurricane - Hydro Pump - Tailwind - Protect Palafin (F) @ Mystic Water Ability: Zero to Hero Level: 50 Tera Type: Water - Jet Punch - Wave Crash - Haze - Protect Baxcalibur (F) @ Dragon Fang Ability: Thermal Exchange Level: 50 Tera Type: Poison - Glaive Rush - Ice Shard - Icicle Crash - Protect Flutter Mane @ Booster Energy Ability: Protosynthesis Level: 50 Tera Type: Steel - Moonblast - Shadow Ball - Dazzling Gleam - Protect <\/details><\/div> Open Team Sheet for That_Leek<\/summary>Talonflame @ Covert Cloak Ability: Gale Wings Level: 50 Tera Type: Fire - Flare Blitz - Brave Bird - Tailwind - Will-O-Wisp Baxcalibur @ Loaded Dice Ability: Thermal Exchange Level: 50 Tera Type: Poison - Icicle Spear - Glaive Rush - Protect - Ice Shard Sandy Shocks @ Life Orb Ability: Protosynthesis Level: 50 Tera Type: Ice - Thunderbolt - Earth Power - Tera Blast - Protect Tauros (Tauros-Paldea-Aqua) (M) @ Safety Goggles Ability: Intimidate Level: 50 Tera Type: Water - Raging Bull - Close Combat - Aqua Jet - Protect Gholdengo @ Choice Specs Ability: Good as Gold Level: 50 Tera Type: Steel - Dazzling Gleam - Trick - Make It Rain - Shadow Ball Scream Tail @ Sitrus Berry Ability: Protosynthesis Level: 50 Tera Type: Water - Fake Tears - Howl - Thunder Wave - Play Rough <\/details><\/div>\n|\n|t:|1681870647\n|start\n|switch|p1a: Pelipper|Pelipper, L50, F|100\/100\n|switch|p1b: Palafin|Palafin, L50, F|100\/100\n|switch|p2a: Talonflame|Talonflame, L50, M|100\/100\n|switch|p2b: Baxcalibur|Baxcalibur, L50, M|100\/100\n|-weather|RainDance|[from] ability: Drizzle|[of] p1a: Pelipper\n|turn|1\n|\n|t:|1681870688\n|move|p2a: Talonflame|Tailwind|p2a: Talonflame\n|-sidestart|p2: That_Leek|move: Tailwind\n|move|p1b: Palafin|Jet Punch|p2a: Talonflame\n|-supereffective|p2a: Talonflame\n|-damage|p2a: Talonflame|0 fnt\n|faint|p2a: Talonflame\n|move|p2b: Baxcalibur|Icicle Spear|p1a: Pelipper\n|-damage|p1a: Pelipper|80\/100\n|-damage|p1a: Pelipper|58\/100\n|-damage|p1a: Pelipper|38\/100\n|-damage|p1a: Pelipper|20\/100\n|-hitcount|p1a: Pelipper|4\n|move|p1a: Pelipper|Tailwind|p1a: Pelipper\n|-sidestart|p1: 413XPlayz|move: Tailwind\n|\n|-weather|RainDance|[upkeep]\n|upkeep\n|\n|t:|1681870709\n|switch|p2a: Gholdengo|Gholdengo, L50|100\/100\n|turn|2\n|\n|t:|1681870749\n|detailschange|p1b: Palafin|Palafin-Hero, L50, F\n|switch|p1b: Iron Hands|Iron Hands, L50, shiny|100\/100\n|move|p2b: Baxcalibur|Ice Shard|p1a: Pelipper\n|-damage|p1a: Pelipper|0 fnt\n|faint|p1a: Pelipper\n|move|p2a: Gholdengo|Shadow Ball|p1b: Iron Hands\n|-damage|p1b: Iron Hands|64\/100\n|\n|-weather|RainDance|[upkeep]\n|upkeep\n|\n|t:|1681870780\n|switch|p1a: Palafin|Palafin-Hero, L50, F|100\/100\n|-activate|p1a: Palafin|ability: Zero to Hero\n|turn|3\n|\n|t:|1681870820\n|switch|p2b: Tauros|Tauros-Paldea-Aqua, L50, M|100\/100\n|-ability|p2b: Tauros|Intimidate|boost\n|-unboost|p1a: Palafin|atk|1\n|-unboost|p1b: Iron Hands|atk|1\n|-terastallize|p1a: Palafin|Water\n|move|p1a: Palafin|Jet Punch|p2a: Gholdengo\n|-damage|p2a: Gholdengo|33\/100\n|move|p2a: Gholdengo|Shadow Ball|p1b: Iron Hands\n|-damage|p1b: Iron Hands|27\/100\n|move|p1b: Iron Hands|Drain Punch|p2b: Tauros\n|-damage|p2b: Tauros|68\/100\n|-heal|p1b: Iron Hands|37\/100|[from] drain|[of] p2b: Tauros\n|\n|-weather|RainDance|[upkeep]\n|upkeep\n|turn|4\n|\n|t:|1681870837\n|move|p1a: Palafin|Jet Punch|p2a: Gholdengo\n|-damage|p2a: Gholdengo|0 fnt\n|faint|p2a: Gholdengo\n|move|p2b: Tauros|Raging Bull|p1b: Iron Hands\n|-damage|p1b: Iron Hands|0 fnt\n|faint|p1b: Iron Hands\n|-end|p1b: Iron Hands|Quark Drive|[silent]\n|\n|-weather|RainDance|[upkeep]\n|-sideend|p2: That_Leek|move: Tailwind\n|-sideend|p1: 413XPlayz|move: Tailwind\n|upkeep\n|\n|t:|1681870844\n|switch|p2a: Baxcalibur|Baxcalibur, L50, M|100\/100\n|switch|p1b: Flutter Mane|Flutter Mane, L50|100\/100\n|-enditem|p1b: Flutter Mane|Booster Energy\n|-activate|p1b: Flutter Mane|ability: Protosynthesis|[fromitem]\n|-start|p1b: Flutter Mane|protosynthesisspa\n|turn|5\n|\n|t:|1681870900\n|move|p1b: Flutter Mane|Protect|p1b: Flutter Mane\n|-singleturn|p1b: Flutter Mane|Protect\n|move|p2b: Tauros|Aqua Jet|p1b: Flutter Mane\n|-activate|p1b: Flutter Mane|move: Protect\n|move|p2a: Baxcalibur|Ice Shard|p1b: Flutter Mane\n|-activate|p1b: Flutter Mane|move: Protect\n|move|p1a: Palafin|Wave Crash|p2a: Baxcalibur\n|-resisted|p2a: Baxcalibur\n|-damage|p2a: Baxcalibur|35\/100\n|-damage|p1a: Palafin|81\/100|[from] Recoil\n|\n|-weather|none\n|upkeep\n|turn|6\n|\n|t:|1681870917\n|move|p2b: Tauros|Aqua Jet|p1b: Flutter Mane\n|-damage|p1b: Flutter Mane|77\/100\n|move|p2a: Baxcalibur|Ice Shard|p1b: Flutter Mane\n|-damage|p1b: Flutter Mane|47\/100\n|move|p1a: Palafin|Jet Punch|p2a: Baxcalibur\n|-resisted|p2a: Baxcalibur\n|-damage|p2a: Baxcalibur|13\/100\n|move|p1b: Flutter Mane|Dazzling Gleam|p2a: Baxcalibur|[spread] p2a,p2b\n|-supereffective|p2a: Baxcalibur\n|-supereffective|p2b: Tauros\n|-damage|p2a: Baxcalibur|0 fnt\n|-damage|p2b: Tauros|0 fnt\n|faint|p2a: Baxcalibur\n|faint|p2b: Tauros\n|\n|win|413XPlayz\n|n|\u2606413XPlayz|413xplayz\n|n|\u2606That_Leek|thatleek\n|l|\u2606413XPlayz\n|l|\u2606That_Leek\n|j|@Karthik\n|l|@Karthik\n|j|\u2606413XPlayz\n|player|p1|413XPlayz|psychic\n","uploadtime":1681871531,"views":10,"p1id":"413xplayz","p2id":"thatleek","formatid":"gen9vgc2023regulationc","rating":0,"private":0,"password":""}