{"id":"gen9vgc2023regulationc-1849082363","p1":"gbfgfgr5","p2":"DbKing1993","format":"[Gen 9] VGC 2023 Regulation C","log":"|j|\u2606gbfgfgr5\n|j|\u2606DbKing1993\n|t:|1682151871\n|gametype|doubles\n|player|p1|gbfgfgr5|102|1033\n|player|p2|DbKing1993|giovanni|1037\n|teamsize|p1|6\n|teamsize|p2|6\n|gen|9\n|tier|[Gen 9] VGC 2023 Regulation C\n|rated|\n|rule|Species Clause: Limit one of each Pok\u00e9mon\n|rule|Item Clause: Limit one of each item\n|clearpoke\n|poke|p1|Torkoal, L50, M|\n|poke|p1|Chi-Yu, L50|\n|poke|p1|Bronzong, L50|\n|poke|p1|Gastrodon, L50, M|\n|poke|p1|Grimmsnarl, L50, M|\n|poke|p1|Skeledirge, L50, M|\n|poke|p2|Skeledirge, L50, F|\n|poke|p2|Meowscarada, L50, F|\n|poke|p2|Hydreigon, L50, M|\n|poke|p2|Kingambit, L50, F|\n|poke|p2|Annihilape, L50, M|\n|poke|p2|Toedscool, L50, M|\n|teampreview|4\n|\n|t:|1682151909\n|start\n|switch|p1a: Grimmsnarl|Grimmsnarl, L50, M|100\/100\n|switch|p1b: Chi-Yu|Chi-Yu, L50|100\/100\n|switch|p2a: Hydreigon|Hydreigon, L50, M|100\/100\n|switch|p2b: Kingambit|Kingambit, L50, F|100\/100\n|-ability|p1b: Chi-Yu|Beads of Ruin\n|turn|1\n|inactive|Battle timer is ON: inactive players will automatically lose when time's up. (requested by gbfgfgr5)\n|\n|t:|1682151934\n|move|p1a: Grimmsnarl|Fake Out|p2b: Kingambit\n|-resisted|p2b: Kingambit\n|-damage|p2b: Kingambit|95\/100\n|move|p1b: Chi-Yu|Snarl|p2a: Hydreigon|[spread] p2a,p2b\n|-resisted|p2a: Hydreigon\n|-resisted|p2b: Kingambit\n|-damage|p2a: Hydreigon|87\/100\n|-damage|p2b: Kingambit|83\/100\n|-unboost|p2a: Hydreigon|spa|1\n|-unboost|p2b: Kingambit|spa|1\n|-ability|p2b: Kingambit|Defiant|boost\n|-boost|p2b: Kingambit|atk|2\n|move|p2a: Hydreigon|Tailwind|p2a: Hydreigon\n|-sidestart|p2: DbKing1993|move: Tailwind\n|cant|p2b: Kingambit|flinch\n|\n|upkeep\n|turn|2\n|inactive|DbKing1993 has 30 seconds left.\n|inactive|DbKing1993 has 20 seconds left.\n|\n|t:|1682151970\n|switch|p1a: Gastrodon|Gastrodon, L50, M|100\/100\n|move|p1b: Chi-Yu|Protect|p1b: Chi-Yu\n|-singleturn|p1b: Chi-Yu|Protect\n|move|p2a: Hydreigon|Draco Meteor|p1b: Chi-Yu\n|-activate|p1b: Chi-Yu|move: Protect\n|move|p2b: Kingambit|Iron Head|p1a: Gastrodon\n|-resisted|p1a: Gastrodon\n|-damage|p1a: Gastrodon|47\/100\n|\n|upkeep\n|turn|3\n|\n|t:|1682151993\n|move|p1a: Gastrodon|Protect|p1a: Gastrodon\n|-singleturn|p1a: Gastrodon|Protect\n|move|p2a: Hydreigon|Dark Pulse|p1b: Chi-Yu\n|-resisted|p1b: Chi-Yu\n|-damage|p1b: Chi-Yu|82\/100\n|-damage|p2a: Hydreigon|78\/100|[from] item: Life Orb\n|move|p2b: Kingambit|Kowtow Cleave|p1a: Gastrodon\n|-activate|p1a: Gastrodon|move: Protect\n|cant|p1b: Chi-Yu|flinch\n|\n|upkeep\n|turn|4\n|\n|t:|1682152016\n|switch|p1a: Grimmsnarl|Grimmsnarl, L50, M|100\/100\n|move|p1b: Chi-Yu|Protect|p1b: Chi-Yu\n|-singleturn|p1b: Chi-Yu|Protect\n|move|p2b: Kingambit|Sucker Punch||[still]\n|-fail|p2b: Kingambit\n|move|p2a: Hydreigon|Draco Meteor|p1b: Chi-Yu\n|-activate|p1b: Chi-Yu|move: Protect\n|\n|-sideend|p2: DbKing1993|move: Tailwind\n|upkeep\n|turn|5\n|\n|t:|1682152040\n|switch|p2a: Toedscool|Toedscool, L50, M|100\/100\n|move|p2b: Kingambit|Protect|p2b: Kingambit\n|-singleturn|p2b: Kingambit|Protect\n|move|p1a: Grimmsnarl|Fake Out|p2b: Kingambit\n|-activate|p2b: Kingambit|move: Protect\n|move|p1b: Chi-Yu|Substitute|p1b: Chi-Yu\n|-start|p1b: Chi-Yu|Substitute\n|-damage|p1b: Chi-Yu|58\/100\n|\n|upkeep\n|turn|6\n|\n|t:|1682152065\n|move|p1b: Chi-Yu|Protect|p1b: Chi-Yu\n|-singleturn|p1b: Chi-Yu|Protect\n|move|p1a: Grimmsnarl|Trick|p2a: Toedscool\n|-activate|p1a: Grimmsnarl|move: Trick|[of] p2a: Toedscool\n|-item|p2a: Toedscool|Lagging Tail|[from] move: Trick\n|-item|p1a: Grimmsnarl|Eviolite|[from] move: Trick\n|move|p2b: Kingambit|Iron Head|p1a: Grimmsnarl\n|-supereffective|p1a: Grimmsnarl\n|-damage|p1a: Grimmsnarl|0 fnt\n|faint|p1a: Grimmsnarl\n|move|p2a: Toedscool|Spore|p1b: Chi-Yu\n|-activate|p1b: Chi-Yu|move: Protect\n|\n|upkeep\n|\n|t:|1682152076\n|switch|p1a: Skeledirge|Skeledirge, L50, M|100\/100\n|turn|7\n|\n|t:|1682152094\n|switch|p2b: Annihilape|Annihilape, L50, M|100\/100\n|move|p1b: Chi-Yu|Tera Blast|p2a: Toedscool\n|-damage|p2a: Toedscool|66\/100\n|move|p1a: Skeledirge|Encore||[still]\n|-fail|p1a: Skeledirge\n|move|p2a: Toedscool|Spore|p1a: Skeledirge\n|-status|p1a: Skeledirge|slp|[from] move: Spore\n|\n|upkeep\n|turn|8\n|inactive|DbKing1993 has 30 seconds left.\n|inactive|DbKing1993 has 20 seconds left.\n|\n|t:|1682152132\n|switch|p2a: Hydreigon|Hydreigon, L50, M|78\/100\n|-terastallize|p1b: Chi-Yu|Ghost\n|move|p2b: Annihilape|Close Combat|p1a: Skeledirge\n|-immune|p1a: Skeledirge\n|move|p1b: Chi-Yu|Tera Blast|p2b: Annihilape\n|-supereffective|p2b: Annihilape\n|-damage|p2b: Annihilape|14\/100\n|cant|p1a: Skeledirge|slp\n|\n|upkeep\n|turn|9\n|\n|t:|1682152151\n|switch|p1a: Gastrodon|Gastrodon, L50, M|47\/100\n|move|p2b: Annihilape|Close Combat|p1b: Chi-Yu\n|-immune|p1b: Chi-Yu\n|move|p1b: Chi-Yu|Snarl|p2b: Annihilape|[spread] p2a,p2b\n|-resisted|p2a: Hydreigon\n|-damage|p2a: Hydreigon|64\/100\n|-damage|p2b: Annihilape|0 fnt\n|-unboost|p2a: Hydreigon|spa|1\n|faint|p2b: Annihilape\n|move|p2a: Hydreigon|Tailwind|p2a: Hydreigon\n|-sidestart|p2: DbKing1993|move: Tailwind\n|\n|upkeep\n|\n|t:|1682152163\n|switch|p2b: Kingambit|Kingambit, L50, F|83\/100\n|turn|10\n|\n|t:|1682152177\n|move|p1b: Chi-Yu|Protect|p1b: Chi-Yu\n|-singleturn|p1b: Chi-Yu|Protect\n|move|p2a: Hydreigon|Dark Pulse|p1a: Gastrodon\n|-damage|p1a: Gastrodon|11\/100\n|-damage|p2a: Hydreigon|54\/100|[from] item: Life Orb\n|move|p2b: Kingambit|Kowtow Cleave|p1a: Gastrodon\n|-damage|p1a: Gastrodon|0 fnt\n|faint|p1a: Gastrodon\n|\n|upkeep\n|\n|t:|1682152185\n|switch|p1a: Skeledirge|Skeledirge, L50, M|100\/100 slp\n|turn|11\n|\n|t:|1682152204\n|-terastallize|p2b: Kingambit|Flying\n|move|p2a: Hydreigon|Draco Meteor|p1a: Skeledirge\n|-damage|p1a: Skeledirge|12\/100 slp\n|-unboost|p2a: Hydreigon|spa|2\n|-damage|p2a: Hydreigon|45\/100|[from] item: Life Orb\n|move|p2b: Kingambit|Kowtow Cleave|p1b: Chi-Yu\n|-supereffective|p1b: Chi-Yu\n|-end|p1b: Chi-Yu|Substitute\n|move|p1b: Chi-Yu|Tera Blast|p2a: Hydreigon\n|-resisted|p2a: Hydreigon\n|-damage|p2a: Hydreigon|16\/100\n|-curestatus|p1a: Skeledirge|slp|[msg]\n|move|p1a: Skeledirge|Torch Song|p2b: Kingambit\n|-damage|p2b: Kingambit|1\/100\n|-boost|p1a: Skeledirge|spa|1\n|-enditem|p2b: Kingambit|Sitrus Berry|[eat]\n|-heal|p2b: Kingambit|26\/100|[from] item: Sitrus Berry\n|\n|-heal|p1a: Skeledirge|18\/100|[from] item: Leftovers\n|upkeep\n|turn|12\n|inactive|DbKing1993 has 30 seconds left.\n|\n|t:|1682152232\n|move|p1b: Chi-Yu|Protect|p1b: Chi-Yu\n|-singleturn|p1b: Chi-Yu|Protect\n|move|p1a: Skeledirge|Protect|p1a: Skeledirge\n|-singleturn|p1a: Skeledirge|Protect\n|move|p2a: Hydreigon|Draco Meteor|p1b: Chi-Yu\n|-activate|p1b: Chi-Yu|move: Protect\n|move|p2b: Kingambit|Kowtow Cleave|p1a: Skeledirge\n|-activate|p1a: Skeledirge|move: Protect\n|\n|-heal|p1a: Skeledirge|24\/100|[from] item: Leftovers\n|-sideend|p2: DbKing1993|move: Tailwind\n|upkeep\n|turn|13\n|inactive|DbKing1993 has 30 seconds left.\n|\n|t:|1682152257\n|move|p2b: Kingambit|Protect|p2b: Kingambit\n|-singleturn|p2b: Kingambit|Protect\n|move|p1b: Chi-Yu|Substitute|p1b: Chi-Yu\n|-start|p1b: Chi-Yu|Substitute\n|-damage|p1b: Chi-Yu|33\/100\n|move|p2a: Hydreigon|Draco Meteor|p1a: Skeledirge\n|-damage|p1a: Skeledirge|0 fnt\n|-unboost|p2a: Hydreigon|spa|2\n|faint|p1a: Skeledirge\n|-damage|p2a: Hydreigon|6\/100|[from] item: Life Orb\n|\n|upkeep\n|turn|14\n|\n|t:|1682152278\n|move|p1b: Chi-Yu|Snarl|p2b: Kingambit|[spread] p2a,p2b\n|-resisted|p2a: Hydreigon\n|-damage|p2a: Hydreigon|0 fnt\n|-damage|p2b: Kingambit|0 fnt\n|faint|p2a: Hydreigon\n|faint|p2b: Kingambit\n|\n|upkeep\n|\n|t:|1682152286\n|switch|p2b: Toedscool|Toedscool, L50, M|66\/100\n|turn|15\n|\n|t:|1682152293\n|move|p1b: Chi-Yu|Tera Blast|p2b: Toedscool\n|-damage|p2b: Toedscool|12\/100\n|move|p2b: Toedscool|Spore||[still]\n|-fail|p2b: Toedscool\n|\n|upkeep\n|turn|16\n|\n|t:|1682152303\n|move|p1b: Chi-Yu|Tera Blast|p2b: Toedscool\n|-damage|p2b: Toedscool|0 fnt\n|faint|p2b: Toedscool\n|\n|win|gbfgfgr5\n|raw|gbfgfgr5's rating: 1033 → 1068<\/strong> (+35 for winning)\n|raw|DbKing1993's rating: 1037 → 1021<\/strong> (-16 for losing)\n","uploadtime":1682152326,"views":7,"p1id":"gbfgfgr5","p2id":"dbking1993","formatid":"gen9vgc2023regulationc","rating":1021,"private":0,"password":""}