{"id":"gen9vgc2023regulationc-1849899331","p1":"bombart","p2":"gankyburner","format":"[Gen 9] VGC 2023 Regulation C","log":"|j|\u2606bombart\n|j|\u2606gankyburner\n|t:|1682265978\n|gametype|doubles\n|player|p1|bombart|101|1326\n|player|p2|gankyburner|1|1346\n|teamsize|p1|6\n|teamsize|p2|6\n|gen|9\n|tier|[Gen 9] VGC 2023 Regulation C\n|rated|\n|rule|Species Clause: Limit one of each Pok\u00e9mon\n|rule|Item Clause: Limit one of each item\n|clearpoke\n|poke|p1|Dragapult, L50, F|\n|poke|p1|Amoonguss, L50, F|\n|poke|p1|Arcanine, L50, M|\n|poke|p1|Chien-Pao, L50|\n|poke|p1|Palafin, L50, F|\n|poke|p1|Flutter Mane, L50|\n|poke|p2|Grimmsnarl, L50, M|\n|poke|p2|Garganacl, L50, F|\n|poke|p2|Iron Hands, L50|\n|poke|p2|Palafin, L50, M|\n|poke|p2|Gholdengo, L50|\n|poke|p2|Murkrow, L50, M|\n|teampreview|4\n|inactive|Battle timer is ON: inactive players will automatically lose when time's up. (requested by bombart)\n|inactive|bombart has 60 seconds left.\n|\n|t:|1682266016\n|start\n|switch|p1a: Dragapult|Dragapult, L50, F|100\/100\n|switch|p1b: Palafin|Palafin, L50, F|100\/100\n|switch|p2a: Grimmsnarl|Grimmsnarl, L50, M|100\/100\n|switch|p2b: Garganacl|Garganacl, L50, F|100\/100\n|turn|1\n|\n|t:|1682266037\n|detailschange|p1b: Palafin|Palafin-Hero, L50, F\n|switch|p1b: Chien-Pao|Chien-Pao, L50|100\/100\n|-ability|p1b: Chien-Pao|Sword of Ruin\n|-terastallize|p1a: Dragapult|Dragon\n|-terastallize|p2b: Garganacl|Water\n|move|p2a: Grimmsnarl|Reflect|p2a: Grimmsnarl\n|-sidestart|p2: gankyburner|Reflect\n|move|p1a: Dragapult|Dragon Darts|p2b: Garganacl\n|-damage|p2b: Garganacl|69\/100\n|-anim|p1a: Dragapult|Dragon Darts|p2b: Garganacl\n|-damage|p2b: Garganacl|39\/100\n|move|p2b: Garganacl|Salt Cure|p1a: Dragapult\n|-damage|p1a: Dragapult|75\/100\n|-start|p1a: Dragapult|Salt Cure\n|\n|-heal|p2b: Garganacl|44\/100|[from] item: Leftovers\n|-damage|p1a: Dragapult|63\/100|[from] Salt Cure\n|upkeep\n|turn|2\n|inactive|gankyburner has 30 seconds left.\n|\n|t:|1682266063\n|move|p2b: Garganacl|Protect|p2b: Garganacl\n|-singleturn|p2b: Garganacl|Protect\n|move|p1a: Dragapult|Dragon Darts|p2b: Garganacl\n|-immune|p2a: Grimmsnarl\n|move|p1b: Chien-Pao|Ice Spinner|p2a: Grimmsnarl\n|-damage|p2a: Grimmsnarl|64\/100\n|move|p2a: Grimmsnarl|Play Rough|p1b: Chien-Pao\n|-supereffective|p1b: Chien-Pao\n|-enditem|p1b: Chien-Pao|Focus Sash\n|-damage|p1b: Chien-Pao|1\/100\n|\n|-heal|p2b: Garganacl|50\/100|[from] item: Leftovers\n|-damage|p1a: Dragapult|50\/100|[from] Salt Cure\n|upkeep\n|turn|3\n|inactive|bombart has 30 seconds left.\n|inactive|gankyburner has 30 seconds left.\n|\n|t:|1682266089\n|switch|p2b: Iron Hands|Iron Hands, L50|100\/100\n|move|p1a: Dragapult|Dragon Darts|p2b: Iron Hands\n|-damage|p2b: Iron Hands|72\/100\n|-anim|p1a: Dragapult|Dragon Darts|p2b: Iron Hands\n|-damage|p2b: Iron Hands|44\/100\n|move|p1b: Chien-Pao|Sacred Sword|p2b: Iron Hands\n|-damage|p2b: Iron Hands|26\/100\n|move|p2a: Grimmsnarl|Play Rough|p1a: Dragapult\n|-supereffective|p1a: Dragapult\n|-damage|p1a: Dragapult|0 fnt\n|faint|p1a: Dragapult\n|\n|upkeep\n|\n|t:|1682266102\n|switch|p1a: Palafin|Palafin-Hero, L50, F|100\/100\n|-activate|p1a: Palafin|ability: Zero to Hero\n|turn|4\n|\n|t:|1682266123\n|move|p1b: Chien-Pao|Protect|p1b: Chien-Pao\n|-singleturn|p1b: Chien-Pao|Protect\n|move|p1a: Palafin|Protect|p1a: Palafin\n|-singleturn|p1a: Palafin|Protect\n|move|p2b: Iron Hands|Fake Out|p1a: Palafin\n|-activate|p1a: Palafin|move: Protect\n|move|p2a: Grimmsnarl|Play Rough|p1b: Chien-Pao\n|-activate|p1b: Chien-Pao|move: Protect\n|\n|upkeep\n|turn|5\n|\n|t:|1682266147\n|move|p1b: Chien-Pao|Ice Spinner|p2b: Iron Hands\n|-damage|p2b: Iron Hands|4\/100\n|move|p1a: Palafin|Wave Crash|p2a: Grimmsnarl\n|-damage|p2a: Grimmsnarl|0 fnt\n|faint|p2a: Grimmsnarl\n|-damage|p1a: Palafin|80\/100|[from] Recoil\n|move|p2b: Iron Hands|Volt Switch|p1b: Chien-Pao\n|-damage|p1b: Chien-Pao|0 fnt\n|faint|p1b: Chien-Pao\n|\n|t:|1682266157\n|-end|p2b: Iron Hands|Quark Drive|[silent]\n|switch|p2b: Garganacl|Garganacl, L50, F, tera:Water|50\/100|[from] Volt Switch\n|\n|-heal|p2b: Garganacl|56\/100|[from] item: Leftovers\n|upkeep\n|\n|t:|1682266163\n|switch|p1b: Arcanine|Arcanine, L50, M|100\/100\n|switch|p2a: Iron Hands|Iron Hands, L50|4\/100\n|-ability|p1b: Arcanine|Intimidate|boost\n|-unboost|p2a: Iron Hands|atk|1\n|-unboost|p2b: Garganacl|atk|1\n|turn|6\n|\n|t:|1682266171\n|move|p1b: Arcanine|Protect|p1b: Arcanine\n|-singleturn|p1b: Arcanine|Protect\n|move|p1a: Palafin|Protect|p1a: Palafin\n|-singleturn|p1a: Palafin|Protect\n|move|p2a: Iron Hands|Fake Out|p1a: Palafin\n|-activate|p1a: Palafin|move: Protect\n|move|p2b: Garganacl|Salt Cure|p1a: Palafin\n|-activate|p1a: Palafin|move: Protect\n|\n|-heal|p2b: Garganacl|62\/100|[from] item: Leftovers\n|upkeep\n|turn|7\n|\n|t:|1682266193\n|-end|p2a: Iron Hands|Quark Drive|[silent]\n|switch|p2a: Palafin|Palafin, L50, M|100\/100\n|move|p1a: Palafin|Jet Punch|p2a: Palafin\n|-resisted|p2a: Palafin\n|-damage|p2a: Palafin|79\/100\n|move|p1b: Arcanine|Flare Blitz|p2b: Garganacl\n|-resisted|p2b: Garganacl\n|-damage|p2b: Garganacl|51\/100\n|-damage|p1b: Arcanine|96\/100|[from] Recoil\n|move|p2b: Garganacl|Salt Cure|p1a: Palafin\n|-damage|p1a: Palafin|71\/100\n|-start|p1a: Palafin|Salt Cure\n|\n|-heal|p2b: Garganacl|57\/100|[from] item: Leftovers\n|-damage|p1a: Palafin|46\/100|[from] Salt Cure\n|upkeep\n|turn|8\n|-message|bombart forfeited.\n|\n|win|gankyburner\n|raw|bombart's rating: 1326 → 1307<\/strong> (-19 for losing)\n|raw|gankyburner's rating: 1346 → 1365<\/strong> (+19 for winning)\n|l|\u2606bombart\n","uploadtime":1682266209,"views":9,"p1id":"bombart","p2id":"gankyburner","formatid":"gen9vgc2023regulationc","rating":1307,"private":0,"password":""}