{"id":"gen9vgc2023regulationc-1860653731","p1":"manolynx","p2":"321123a","format":"[Gen 9] VGC 2023 Regulation C","log":"|j|\u2606manolynx\n|j|\u2606321123a\n|t:|1683662875\n|gametype|doubles\n|player|p1|manolynx|170|1092\n|player|p2|321123a|170|1128\n|teamsize|p1|6\n|teamsize|p2|6\n|gen|9\n|tier|[Gen 9] VGC 2023 Regulation C\n|rated|\n|rule|Species Clause: Limit one of each Pok\u00e9mon\n|rule|Item Clause: Limit one of each item\n|clearpoke\n|poke|p1|Rotom-Wash, L50|\n|poke|p1|Slither Wing, L50|\n|poke|p1|Misdreavus, L50, M|\n|poke|p1|Glimmora, L50, M|\n|poke|p1|Corviknight, L50, M|\n|poke|p1|Armarouge, L50, M|\n|poke|p2|Flutter Mane, L50|\n|poke|p2|Ting-Lu, L50|\n|poke|p2|Arcanine, L50, M|\n|poke|p2|Baxcalibur, L50, F|\n|poke|p2|Amoonguss, L50, M|\n|poke|p2|Palafin, L50, F|\n|teampreview|4\n|\n|t:|1683662964\n|start\n|switch|p1a: Corviknight|Corviknight, L50, M|100\/100\n|switch|p1b: Glimmora|Glimmora, L50, M|100\/100\n|switch|p2a: Baxcalibur|Baxcalibur, L50, F|100\/100\n|switch|p2b: Amoonguss|Amoonguss, L50, M|100\/100\n|turn|1\n|\n|t:|1683663010\n|move|p2a: Baxcalibur|Glaive Rush|p1b: Glimmora\n|-damage|p1b: Glimmora|28\/100\n|-singlemove|p2a: Baxcalibur|Glaive Rush|[silent]\n|-activate|p1b: Glimmora|ability: Toxic Debris\n|-sidestart|p2: 321123a|move: Toxic Spikes\n|move|p1b: Glimmora|Power Gem|p2a: Baxcalibur\n|-supereffective|p2a: Baxcalibur\n|-damage|p2a: Baxcalibur|0 fnt\n|faint|p2a: Baxcalibur\n|-damage|p1b: Glimmora|18\/100|[from] item: Life Orb\n|move|p1a: Corviknight|Taunt|p2b: Amoonguss\n|-start|p2b: Amoonguss|move: Taunt\n|cant|p2b: Amoonguss|move: Taunt|Spore\n|\n|upkeep\n|\n|t:|1683663034\n|switch|p2a: Flutter Mane|Flutter Mane, L50|100\/100\n|-status|p2a: Flutter Mane|psn\n|-enditem|p2a: Flutter Mane|Booster Energy\n|-activate|p2a: Flutter Mane|ability: Protosynthesis|[fromitem]\n|-start|p2a: Flutter Mane|protosynthesisspa\n|turn|2\n|\n|t:|1683663062\n|switch|p2b: Ting-Lu|Ting-Lu, L50|100\/100\n|-status|p2b: Ting-Lu|psn\n|-ability|p2b: Ting-Lu|Vessel of Ruin\n|move|p1b: Glimmora|Spiky Shield|p1b: Glimmora\n|-singleturn|p1b: Glimmora|move: Protect\n|move|p2a: Flutter Mane|Dazzling Gleam|p1b: Glimmora|[spread] p1a\n|-activate|p1b: Glimmora|move: Protect\n|-resisted|p1a: Corviknight\n|-damage|p1a: Corviknight|87\/100\n|move|p1a: Corviknight|Iron Head|p2a: Flutter Mane\n|-supereffective|p2a: Flutter Mane\n|-damage|p2a: Flutter Mane|0 fnt\n|faint|p2a: Flutter Mane\n|-end|p2a: Flutter Mane|Protosynthesis|[silent]\n|\n|-damage|p2b: Ting-Lu|88\/100 psn|[from] psn\n|upkeep\n|\n|t:|1683663075\n|switch|p2a: Amoonguss|Amoonguss, L50, M|100\/100\n|-sideend|p2: 321123a|move: Toxic Spikes|[of] p2a: Amoonguss\n|turn|3\n|\n|t:|1683663108\n|move|p1b: Glimmora|Energy Ball|p2b: Ting-Lu\n|-supereffective|p2b: Ting-Lu\n|-crit|p2b: Ting-Lu\n|-damage|p2b: Ting-Lu|48\/100 psn\n|-damage|p1b: Glimmora|8\/100|[from] item: Life Orb\n|move|p1a: Corviknight|Taunt|p2a: Amoonguss\n|-start|p2a: Amoonguss|move: Taunt\n|move|p2b: Ting-Lu|Stomping Tantrum|p1b: Glimmora\n|-supereffective|p1b: Glimmora\n|-damage|p1b: Glimmora|0 fnt\n|-activate|p1b: Glimmora|ability: Toxic Debris\n|-sidestart|p2: 321123a|move: Toxic Spikes\n|faint|p1b: Glimmora\n|move|p2a: Amoonguss|Pollen Puff|p2b: Ting-Lu\n|-heal|p2b: Ting-Lu|98\/100 psn\n|\n|-damage|p2b: Ting-Lu|86\/100 psn|[from] psn\n|upkeep\n|\n|t:|1683663140\n|switch|p1b: Armarouge|Armarouge, L50, M|100\/100\n|turn|4\n|\n|t:|1683663179\n|-terastallize|p1b: Armarouge|Grass\n|-terastallize|p2b: Ting-Lu|Water\n|move|p1a: Corviknight|Brave Bird|p2a: Amoonguss\n|-supereffective|p2a: Amoonguss\n|-damage|p2a: Amoonguss|34\/100\n|-enditem|p2a: Amoonguss|Sitrus Berry|[eat]\n|-heal|p2a: Amoonguss|59\/100|[from] item: Sitrus Berry\n|-damage|p1a: Corviknight|64\/100|[from] Recoil\n|move|p1b: Armarouge|Energy Ball|p2b: Ting-Lu\n|-supereffective|p2b: Ting-Lu\n|-damage|p2b: Ting-Lu|54\/100 psn\n|move|p2b: Ting-Lu|Stomping Tantrum|p1b: Armarouge\n|-resisted|p1b: Armarouge\n|-damage|p1b: Armarouge|85\/100\n|move|p2a: Amoonguss|Pollen Puff|p2b: Ting-Lu\n|-heal|p2b: Ting-Lu|100\/100 psn\n|\n|-damage|p2b: Ting-Lu|88\/100 psn|[from] psn\n|upkeep\n|turn|5\n|\n|t:|1683663216\n|move|p1a: Corviknight|Brave Bird|p2b: Ting-Lu\n|-damage|p2b: Ting-Lu|64\/100 psn\n|-damage|p1a: Corviknight|54\/100|[from] Recoil\n|move|p1b: Armarouge|Energy Ball|p1a: Corviknight\n|-resisted|p1a: Corviknight\n|-damage|p1a: Corviknight|45\/100\n|move|p2b: Ting-Lu|Heavy Slam|p1b: Armarouge\n|-damage|p1b: Armarouge|50\/100\n|move|p2a: Amoonguss|Pollen Puff|p1b: Armarouge\n|-supereffective|p1b: Armarouge\n|-damage|p1b: Armarouge|18\/100\n|-enditem|p1b: Armarouge|Iapapa Berry|[eat]\n|-heal|p1b: Armarouge|52\/100|[from] item: Iapapa Berry\n|\n|-damage|p2b: Ting-Lu|51\/100 psn|[from] psn\n|-end|p2a: Amoonguss|move: Taunt\n|upkeep\n|turn|6\n|\n|t:|1683663259\n|move|p1a: Corviknight|Brave Bird|p2a: Amoonguss\n|-supereffective|p2a: Amoonguss\n|-damage|p2a: Amoonguss|0 fnt\n|faint|p2a: Amoonguss\n|-damage|p1a: Corviknight|24\/100|[from] Recoil\n|move|p1b: Armarouge|Energy Ball|p1a: Corviknight\n|-resisted|p1a: Corviknight\n|-damage|p1a: Corviknight|16\/100\n|move|p2b: Ting-Lu|Heavy Slam|p1b: Armarouge\n|-damage|p1b: Armarouge|20\/100\n|\n|-damage|p2b: Ting-Lu|39\/100 psn|[from] psn\n|upkeep\n|turn|7\n|\n|t:|1683663277\n|move|p1b: Armarouge|Ally Switch|p1b: Armarouge\n|swap|p1b: Armarouge|0|[from] move: Ally Switch\n|move|p1b: Corviknight|Roost|p1b: Corviknight\n|-heal|p1b: Corviknight|66\/100\n|-singleturn|p1b: Corviknight|move: Roost\n|move|p2b: Ting-Lu|Heavy Slam|p1b: Corviknight\n|-resisted|p1b: Corviknight\n|-damage|p1b: Corviknight|50\/100\n|\n|-damage|p2b: Ting-Lu|27\/100 psn|[from] psn\n|upkeep\n|turn|8\n|\n|t:|1683663297\n|move|p1b: Corviknight|Brave Bird|p2b: Ting-Lu\n|-damage|p2b: Ting-Lu|1\/100 psn\n|-damage|p1b: Corviknight|40\/100|[from] Recoil\n|move|p1a: Armarouge|Energy Ball|p2b: Ting-Lu\n|-supereffective|p2b: Ting-Lu\n|-damage|p2b: Ting-Lu|0 fnt\n|faint|p2b: Ting-Lu\n|\n|win|manolynx\n|raw|manolynx's rating: 1092 → 1121<\/strong> (+29 for winning)\n|raw|321123a's rating: 1128 → 1100<\/strong> (-28 for losing)\n|l|\u2606321123a\n","uploadtime":1683663311,"views":8,"p1id":"manolynx","p2id":"321123a","formatid":"gen9vgc2023regulationc","rating":1100,"private":0,"password":""}