{"id":"gen9vgc2023regulationc-1844944731","p1":"XinBluQAQ","p2":"cat vomiting","format":"[Gen 9] VGC 2023 Regulation C","log":"|j|\u2606XinBluQAQ\n|j|\u2606cat vomiting\n|t:|1681666800\n|gametype|doubles\n|player|p1|XinBluQAQ|shadowtriad|\n|player|p2|cat vomiting|roxie|\n|teamsize|p1|6\n|teamsize|p2|6\n|gen|9\n|tier|[Gen 9] VGC 2023 Regulation C\n|rule|Species Clause: Limit one of each Pok\u00e9mon\n|rule|Item Clause: Limit one of each item\n|clearpoke\n|poke|p1|Talonflame, L50, F|\n|poke|p1|Iron Bundle, L50|\n|poke|p1|Iron Hands, L50|\n|poke|p1|Flutter Mane, L50|\n|poke|p1|Garchomp, L50, M|\n|poke|p1|Chien-Pao, L50|\n|poke|p2|Iron Thorns, L50|\n|poke|p2|Scream Tail, L50|\n|poke|p2|Arcanine, L50, F|\n|poke|p2|Ting-Lu, L50|\n|poke|p2|Maushold, L50|\n|poke|p2|Corviknight, L50, F|\n|teampreview|4\ncat vomiting has agreed to open team sheets.\nXinBluQAQ has agreed to open team sheets.\n|inactive|Battle timer is ON: inactive players will automatically lose when time's up. (requested by cat vomiting)\n|\n|t:|1681666841\n|start\n|switch|p1a: Iron Hands|Iron Hands, L50, shiny|100\/100\n|switch|p1b: Flutter Mane|Flutter Mane, L50|100\/100\n|switch|p2a: Scream Tail|Scream Tail, L50|100\/100\n|switch|p2b: Corviknight|Corviknight, L50, F|100\/100\n|-enditem|p2a: Scream Tail|Booster Energy\n|-activate|p2a: Scream Tail|ability: Protosynthesis|[fromitem]\n|-start|p2a: Scream Tail|protosynthesisspe\n|turn|1\n|inactive|XinBluQAQ has 30 seconds left.\n|inactive|cat vomiting has 30 seconds left.\n|inactive|XinBluQAQ has 20 seconds left.\n|inactive|cat vomiting has 20 seconds left.\n|inactive|cat vomiting has 15 seconds left.\n|\n|t:|1681666885\n|move|p1a: Iron Hands|Fake Out|p2a: Scream Tail\n|-damage|p2a: Scream Tail|88\/100\n|cant|p2a: Scream Tail|flinch\n|move|p1b: Flutter Mane|Shadow Ball|p2a: Scream Tail\n|-supereffective|p2a: Scream Tail\n|-damage|p2a: Scream Tail|0 fnt\n|faint|p2a: Scream Tail\n|-end|p2a: Scream Tail|Protosynthesis|[silent]\n|move|p2b: Corviknight|Bulk Up|p2b: Corviknight\n|-boost|p2b: Corviknight|atk|1\n|-boost|p2b: Corviknight|def|1\n|\n|upkeep\n|\n|t:|1681666899\n|switch|p2a: Maushold|Maushold, L50|100\/100\n|turn|2\n|\n|t:|1681666920\n|move|p1b: Flutter Mane|Shadow Ball|p2b: Corviknight\n|-damage|p2b: Corviknight|43\/100\n|-ability|p2b: Corviknight|Mirror Armor\n|-unboost|p1b: Flutter Mane|spd|1\n|move|p2a: Maushold|Population Bomb|p1a: Iron Hands\n|-damage|p1a: Iron Hands|92\/100\n|-damage|p1a: Iron Hands|84\/100\n|-damage|p1a: Iron Hands|77\/100\n|-damage|p1a: Iron Hands|69\/100\n|-damage|p1a: Iron Hands|61\/100\n|-crit|p1a: Iron Hands\n|-damage|p1a: Iron Hands|49\/100\n|-damage|p1a: Iron Hands|42\/100\n|-damage|p1a: Iron Hands|34\/100\n|-damage|p1a: Iron Hands|26\/100\n|-damage|p1a: Iron Hands|19\/100\n|-hitcount|p1a: Iron Hands|10\n|move|p2b: Corviknight|Brave Bird|p1a: Iron Hands\n|-damage|p1a: Iron Hands|0 fnt\n|faint|p1a: Iron Hands\n|-end|p1a: Iron Hands|Quark Drive|[silent]\n|-damage|p2b: Corviknight|37\/100|[from] Recoil\n|\n|upkeep\n|\n|t:|1681666943\n|switch|p1a: Chien-Pao|Chien-Pao, L50|100\/100\n|-ability|p1a: Chien-Pao|Sword of Ruin\n|turn|3\n|inactive|cat vomiting has 30 seconds left.\n|\n|t:|1681666970\n|move|p2a: Maushold|Protect|p2a: Maushold\n|-singleturn|p2a: Maushold|Protect\n|move|p1a: Chien-Pao|Sacred Sword|p2a: Maushold\n|-activate|p2a: Maushold|move: Protect\n|move|p1b: Flutter Mane|Shadow Ball|p2b: Corviknight\n|-crit|p2b: Corviknight\n|-damage|p2b: Corviknight|0 fnt\n|faint|p2b: Corviknight\n|\n|upkeep\n|\n|t:|1681666979\n|switch|p2b: Iron Thorns|Iron Thorns, L50|100\/100\n|turn|4\n|\n|t:|1681666994\n|move|p1a: Chien-Pao|Sacred Sword|p2a: Maushold\n|-supereffective|p2a: Maushold\n|-damage|p2a: Maushold|0 fnt\n|faint|p2a: Maushold\n|move|p1b: Flutter Mane|Shadow Ball|p2b: Iron Thorns\n|-damage|p2b: Iron Thorns|31\/100\n|move|p2b: Iron Thorns|Rock Blast|p1b: Flutter Mane\n|-damage|p1b: Flutter Mane|70\/100\n|-damage|p1b: Flutter Mane|37\/100\n|-damage|p1b: Flutter Mane|5\/100\n|-damage|p1b: Flutter Mane|0 fnt\n|faint|p1b: Flutter Mane\n|-end|p1b: Flutter Mane|Protosynthesis|[silent]\n|-hitcount|p1: Flutter Mane|4\n|\n|upkeep\n|\n|t:|1681667008\n|switch|p1b: Iron Bundle|Iron Bundle, L50|100\/100\n|-enditem|p1b: Iron Bundle|Booster Energy\n|-activate|p1b: Iron Bundle|ability: Quark Drive|[fromitem]\n|-start|p1b: Iron Bundle|quarkdrivespe\n|turn|5\n|\n|t:|1681667016\n|move|p1b: Iron Bundle|Freeze-Dry|p2b: Iron Thorns\n|-damage|p2b: Iron Thorns|0 fnt\n|faint|p2b: Iron Thorns\n|-end|p2b: Iron Thorns|Quark Drive|[silent]\n|\n|win|XinBluQAQ\n","uploadtime":1681667056,"views":16,"p1id":"xinbluqaq","p2id":"catvomiting","formatid":"gen9vgc2023regulationc","rating":0,"private":0,"password":""}