{"id":"gen9vgc2023regulationc-1845883486","p1":"AccidentalHipster","p2":"Disobedient_vgc","format":"[Gen 9] VGC 2023 Regulation C","log":"|j|\u2606AccidentalHipster\n|j|\u2606Disobedient_vgc\n|t:|1681775078\n|gametype|doubles\n|player|p1|AccidentalHipster|clerkf|1062\n|player|p2|Disobedient_vgc|palmer|1080\n|teamsize|p1|6\n|teamsize|p2|6\n|gen|9\n|tier|[Gen 9] VGC 2023 Regulation C\n|rated|\n|rule|Species Clause: Limit one of each Pok\u00e9mon\n|rule|Item Clause: Limit one of each item\n|clearpoke\n|poke|p1|Zoroark, L50, M|\n|poke|p1|Annihilape, L50, M|\n|poke|p1|Maushold-Four, L50|\n|poke|p1|Gholdengo, L50|\n|poke|p1|Dragapult, L50, F|\n|poke|p1|Tatsugiri, L50, F|\n|poke|p2|Haxorus, L50, M|\n|poke|p2|Ting-Lu, L50|\n|poke|p2|Palafin, L50, F|\n|poke|p2|Amoonguss, L50, F|\n|poke|p2|Arcanine, L50, M|\n|poke|p2|Flutter Mane, L50|\n|teampreview|4\nAccidentalHipster has agreed to open team sheets.\n|\n|t:|1681775095\n|start\n|switch|p1a: Fambly|Maushold-Four, L50|100\/100\n|switch|p1b: Monke|Annihilape, L50, M|100\/100\n|switch|p2a: Haxorus|Haxorus, L50, M, shiny|100\/100\n|switch|p2b: Palafin|Palafin, L50, F, shiny|100\/100\n|-ability|p2a: Haxorus|Mold Breaker\n|turn|1\n|\n|t:|1681775125\n|switch|p1b: Monke|Annihilape, L50, M|100\/100\n|move|p2b: Palafin|Flip Turn|p1a: Fambly\n|-damage|p1a: Fambly|61\/100\n|-damage|p2b: Palafin|84\/100|[from] item: Rocky Helmet|[of] p1a: Fambly\n|\n|t:|1681775136\n|detailschange|p2b: Palafin|Palafin-Hero, L50, F, shiny\n|switch|p2b: Arcanine|Arcanine, L50, M, shiny|100\/100|[from] Flip Turn\n|-ability|p2b: Arcanine|Intimidate|boost\n|-unboost|p1a: Fambly|atk|1\n|-unboost|p1b: Monke|atk|1\n|-ability|p1b: Monke|Defiant|boost\n|-boost|p1b: Monke|atk|2\n|move|p1a: Fambly|Beat Up|p1b: Monke\n|-damage|p1b: Monke|99\/100\n|-damage|p1b: Monke|97\/100\n|-damage|p1b: Monke|95\/100\n|-damage|p1b: Monke|92\/100\n|-hitcount|p1b: Monke|4\n|move|p2a: Haxorus|Dragon Dance|p2a: Haxorus\n|-boost|p2a: Haxorus|atk|1\n|-boost|p2a: Haxorus|spe|1\n|\n|upkeep\n|turn|2\n|\n|t:|1681775157\n|move|p1a: Fambly|Follow Me|p1a: Fambly\n|-singleturn|p1a: Fambly|move: Follow Me\n|move|p2a: Haxorus|Rock Slide|p1b: Monke|[spread] p1a,p1b\n|-resisted|p1b: Monke\n|-damage|p1a: Fambly|0 fnt\n|-damage|p1b: Monke|64\/100\n|faint|p1a: Fambly\n|-damage|p2a: Haxorus|91\/100|[from] item: Life Orb\n|move|p2b: Arcanine|Will-O-Wisp|p1b: Monke\n|-status|p1b: Monke|brn\n|move|p1b: Monke|Rage Fist|p2a: Haxorus\n|-damage|p2a: Haxorus|0 fnt\n|faint|p2a: Haxorus\n|\n|-damage|p1b: Monke|58\/100 brn|[from] brn\n|upkeep\n|\n|t:|1681775179\n|switch|p1a: Zippy|Dragapult, L50, F|100\/100\n|switch|p2a: Flutter Mane|Flutter Mane, L50, shiny|100\/100\n|turn|3\n|\n|t:|1681775196\n|-terastallize|p2a: Flutter Mane|Fairy\n|move|p2b: Arcanine|Helping Hand|p2a: Flutter Mane\n|-singleturn|p2a: Flutter Mane|Helping Hand|[of] p2b: Arcanine\n|move|p2a: Flutter Mane|Dazzling Gleam|p1a: Zippy|[spread] p1a,p1b\n|-supereffective|p1a: Zippy\n|-supereffective|p1b: Monke\n|-damage|p1a: Zippy|0 fnt\n|-damage|p1b: Monke|0 fnt\n|faint|p1a: Zippy\n|faint|p1b: Monke\n|\n|upkeep\n|\n|t:|1681775208\n|switch|p1b: Guess who|Zoroark, L50, M|100\/100\n|turn|4\n|\n|t:|1681775223\n|-terastallize|p1b: Guess who|Poison\n|move|p1b: Guess who|Sludge Bomb|p2a: Flutter Mane\n|-supereffective|p2a: Flutter Mane\n|-damage|p2a: Flutter Mane|8\/100\n|-status|p2a: Flutter Mane|psn\n|move|p2a: Flutter Mane|Moonblast|p1b: Guess who\n|-resisted|p1b: Guess who\n|-damage|p1b: Guess who|34\/100\n|move|p2b: Arcanine|Will-O-Wisp|p1b: Guess who\n|-status|p1b: Guess who|brn\n|\n|-damage|p2a: Flutter Mane|0 fnt|[from] psn\n|faint|p2a: Flutter Mane\n|-end|p2a: Flutter Mane|Protosynthesis|[silent]\n|-damage|p1b: Guess who|28\/100 brn|[from] brn\n|upkeep\n|\n|t:|1681775237\n|switch|p2a: Palafin|Palafin-Hero, L50, F, shiny|84\/100\n|-activate|p2a: Palafin|ability: Zero to Hero\n|turn|5\n|\n|t:|1681775247\n|move|p2b: Arcanine|Helping Hand|p2a: Palafin\n|-singleturn|p2a: Palafin|Helping Hand|[of] p2b: Arcanine\n|move|p2a: Palafin|Jet Punch|p1b: Guess who\n|-damage|p1b: Guess who|0 fnt\n|faint|p1b: Guess who\n|\n|win|Disobedient_vgc\n|raw|AccidentalHipster's rating: 1062 → 1044<\/strong> (-18 for losing)\n|raw|Disobedient_vgc's rating: 1080 → 1107<\/strong> (+27 for winning)\n|c|\u2606AccidentalHipster|Gg\n|l|\u2606AccidentalHipster\n|c|\u2606Disobedient_vgc|gg\n","uploadtime":1681775265,"views":18,"p1id":"accidentalhipster","p2id":"disobedientvgc","formatid":"gen9vgc2023regulationc","rating":1044,"private":0,"password":""}