{"id":"gen9vgc2023regulationc-1849353912","p1":"Bleedlibloop","p2":"R2VGC","format":"[Gen 9] VGC 2023 Regulation C","log":"|j|\u2606Bleedlibloop\n|j|\u2606R2VGC\n|t:|1682189159\n|gametype|doubles\n|player|p1|Bleedlibloop|cynthia|1150\n|player|p2|R2VGC|170|1261\n|teamsize|p1|6\n|teamsize|p2|6\n|gen|9\n|tier|[Gen 9] VGC 2023 Regulation C\n|rated|\n|rule|Species Clause: Limit one of each Pok\u00e9mon\n|rule|Item Clause: Limit one of each item\n|clearpoke\n|poke|p1|Arcanine, L50, F|\n|poke|p1|Flutter Mane, L50|\n|poke|p1|Amoonguss, L50, F|\n|poke|p1|Ting-Lu, L50|\n|poke|p1|Palafin, L50, F|\n|poke|p1|Roaring Moon, L50|\n|poke|p2|Flutter Mane, L50|\n|poke|p2|Garganacl, L50, F|\n|poke|p2|Amoonguss, L50, M|\n|poke|p2|Palafin, L50, M|\n|poke|p2|Arcanine, L50, M|\n|poke|p2|Ting-Lu, L50|\n|teampreview|4\n|inactive|Battle timer is ON: inactive players will automatically lose when time's up. (requested by Bleedlibloop)\n|inactive|Bleedlibloop has 60 seconds left.\n|\n|t:|1682189191\n|start\n|switch|p1a: Roaring Moon|Roaring Moon, L50|100\/100\n|switch|p1b: Flutter Mane|Flutter Mane, L50|100\/100\n|switch|p2a: Garganacl|Garganacl, L50, F|100\/100\n|switch|p2b: Palafin|Palafin, L50, M|100\/100\n|-enditem|p1a: Roaring Moon|Booster Energy\n|-activate|p1a: Roaring Moon|ability: Protosynthesis|[fromitem]\n|-start|p1a: Roaring Moon|protosynthesisspe\n|turn|1\n|inactive|R2VGC has 30 seconds left.\n|\n|t:|1682189219\n|detailschange|p2b: Palafin|Palafin-Hero, L50, M\n|switch|p2b: Arcanine|Arcanine, L50, M|100\/100\n|-ability|p2b: Arcanine|Intimidate|boost\n|-unboost|p1a: Roaring Moon|atk|1\n|-unboost|p1b: Flutter Mane|atk|1\n|move|p1a: Roaring Moon|Tailwind|p1a: Roaring Moon\n|-sidestart|p1: Bleedlibloop|move: Tailwind\n|move|p1b: Flutter Mane|Shadow Ball|p2a: Garganacl\n|-damage|p2a: Garganacl|77\/100\n|-unboost|p2a: Garganacl|spd|1\n|move|p2a: Garganacl|Stealth Rock|p1b: Flutter Mane\n|-sidestart|p1: Bleedlibloop|move: Stealth Rock\n|\n|-heal|p2a: Garganacl|83\/100|[from] item: Leftovers\n|upkeep\n|turn|2\n|inactive|R2VGC has 30 seconds left.\n|\n|t:|1682189245\n|-end|p1b: Flutter Mane|Protosynthesis|[silent]\n|switch|p1b: Ting-Lu|Ting-Lu, L50|100\/100\n|-damage|p1b: Ting-Lu|95\/100|[from] Stealth Rock\n|-ability|p1b: Ting-Lu|Vessel of Ruin\n|move|p2a: Garganacl|Protect|p2a: Garganacl\n|-singleturn|p2a: Garganacl|Protect\n|move|p1a: Roaring Moon|Breaking Swipe|p2b: Arcanine|[spread] p2b\n|-activate|p2a: Garganacl|move: Protect\n|-damage|p2b: Arcanine|82\/100\n|-unboost|p2b: Arcanine|atk|1\n|move|p2b: Arcanine|Will-O-Wisp|p1a: Roaring Moon|[miss]\n|-miss|p2b: Arcanine|p1a: Roaring Moon\n|\n|-heal|p2a: Garganacl|88\/100|[from] item: Leftovers\n|upkeep\n|turn|3\n|\n|t:|1682189269\n|-terastallize|p2a: Garganacl|Ghost\n|move|p1a: Roaring Moon|Breaking Swipe|p2a: Garganacl|[spread] p2a,p2b\n|-damage|p2a: Garganacl|78\/100\n|-damage|p2b: Arcanine|67\/100\n|-unboost|p2a: Garganacl|atk|1\n|-unboost|p2b: Arcanine|atk|1\n|move|p1b: Ting-Lu|Stomping Tantrum|p2b: Arcanine\n|-supereffective|p2b: Arcanine\n|-damage|p2b: Arcanine|0 fnt\n|faint|p2b: Arcanine\n|move|p2a: Garganacl|Salt Cure|p1b: Ting-Lu\n|-resisted|p1b: Ting-Lu\n|-damage|p1b: Ting-Lu|92\/100\n|-start|p1b: Ting-Lu|Salt Cure\n|\n|-heal|p2a: Garganacl|84\/100|[from] item: Leftovers\n|-damage|p1b: Ting-Lu|80\/100|[from] Salt Cure\n|upkeep\n|\n|t:|1682189289\n|switch|p2b: Palafin|Palafin-Hero, L50, M|100\/100\n|-activate|p2b: Palafin|ability: Zero to Hero\n|turn|4\n|inactive|Bleedlibloop has 30 seconds left.\n|\n|t:|1682189320\n|-terastallize|p1b: Ting-Lu|Poison\n|move|p2b: Palafin|Protect|p2b: Palafin\n|-singleturn|p2b: Palafin|Protect\n|move|p1a: Roaring Moon|Breaking Swipe|p2b: Palafin|[spread] p2a\n|-activate|p2b: Palafin|move: Protect\n|-damage|p2a: Garganacl|74\/100\n|-unboost|p2a: Garganacl|atk|1\n|move|p1b: Ting-Lu|Stomping Tantrum|p2b: Palafin\n|-activate|p2b: Palafin|move: Protect\n|move|p2a: Garganacl|Salt Cure|p1a: Roaring Moon\n|-damage|p1a: Roaring Moon|92\/100\n|-start|p1a: Roaring Moon|Salt Cure\n|\n|-heal|p2a: Garganacl|80\/100|[from] item: Leftovers\n|-damage|p1a: Roaring Moon|79\/100|[from] Salt Cure\n|-damage|p1b: Ting-Lu|68\/100|[from] Salt Cure\n|-sideend|p1: Bleedlibloop|move: Tailwind\n|upkeep\n|turn|5\n|inactive|R2VGC has 30 seconds left.\n|\n|t:|1682189346\n|switch|p2a: Ting-Lu|Ting-Lu, L50|100\/100\n|-ability|p2a: Ting-Lu|Vessel of Ruin\n|move|p1a: Roaring Moon|Tailwind|p1a: Roaring Moon\n|-sidestart|p1: Bleedlibloop|move: Tailwind\n|move|p1b: Ting-Lu|Stomping Tantrum|p2b: Palafin\n|-damage|p2b: Palafin|66\/100\n|move|p2b: Palafin|Drain Punch|p1a: Roaring Moon\n|-supereffective|p1a: Roaring Moon\n|-damage|p1a: Roaring Moon|0 fnt\n|-heal|p2b: Palafin|100\/100|[from] drain|[of] p1a: Roaring Moon\n|faint|p1a: Roaring Moon\n|-end|p1a: Roaring Moon|Protosynthesis|[silent]\n|\n|-damage|p1b: Ting-Lu|56\/100|[from] Salt Cure\n|upkeep\n|\n|t:|1682189366\n|switch|p1a: Arcanine|Arcanine, L50, F|100\/100\n|-damage|p1a: Arcanine|76\/100|[from] Stealth Rock\n|-ability|p1a: Arcanine|Intimidate|boost\n|-unboost|p2a: Ting-Lu|atk|1\n|-unboost|p2b: Palafin|atk|1\n|turn|6\n|\n|t:|1682189377\n|switch|p2b: Garganacl|Garganacl, L50, F, tera:Ghost|80\/100\n|move|p1a: Arcanine|Will-O-Wisp|p2b: Garganacl\n|-immune|p2b: Garganacl|[from] ability: Purifying Salt\n|move|p1b: Ting-Lu|Fissure|p2a: Ting-Lu|[miss]\n|-miss|p1b: Ting-Lu|p2a: Ting-Lu\n|move|p2a: Ting-Lu|Stomping Tantrum|p1a: Arcanine\n|-supereffective|p1a: Arcanine\n|-crit|p1a: Arcanine\n|-damage|p1a: Arcanine|0 fnt\n|faint|p1a: Arcanine\n|\n|-heal|p2b: Garganacl|86\/100|[from] item: Leftovers\n|-damage|p1b: Ting-Lu|44\/100|[from] Salt Cure\n|upkeep\n|\n|t:|1682189392\n|switch|p1a: Flutter Mane|Flutter Mane, L50|100\/100\n|-damage|p1a: Flutter Mane|88\/100|[from] Stealth Rock\n|turn|7\n|\n|t:|1682189408\n|move|p1a: Flutter Mane|Dazzling Gleam|p2b: Garganacl|[spread] p2a,p2b\n|-supereffective|p2a: Ting-Lu\n|-damage|p2a: Ting-Lu|59\/100\n|-damage|p2b: Garganacl|59\/100\n|move|p1b: Ting-Lu|Stomping Tantrum|p2b: Garganacl\n|-damage|p2b: Garganacl|14\/100\n|move|p2a: Ting-Lu|Heavy Slam|p1a: Flutter Mane\n|-supereffective|p1a: Flutter Mane\n|-damage|p1a: Flutter Mane|0 fnt\n|faint|p1a: Flutter Mane\n|-end|p1a: Flutter Mane|Protosynthesis|[silent]\n|move|p2b: Garganacl|Recover|p2b: Garganacl\n|-heal|p2b: Garganacl|64\/100\n|\n|-heal|p2b: Garganacl|70\/100|[from] item: Leftovers\n|-damage|p1b: Ting-Lu|31\/100|[from] Salt Cure\n|upkeep\n|turn|8\n|-message|Bleedlibloop forfeited.\n|\n|win|R2VGC\n|raw|Bleedlibloop's rating: 1150 → 1133<\/strong> (-17 for losing)\n|raw|R2VGC's rating: 1261 → 1278<\/strong> (+17 for winning)\n|l|\u2606Bleedlibloop\n","uploadtime":1682189427,"views":7,"p1id":"bleedlibloop","p2id":"r2vgc","formatid":"gen9vgc2023regulationc","rating":1133,"private":0,"password":""}