{"id":"gen9vgc2023regulationc-1862106453","p1":"Kiky14","p2":"elpiblo","format":"[Gen 9] VGC 2023 Regulation C","log":"|j|\u2606Kiky14\n|j|\u2606elpiblo\n|t:|1683837616\n|gametype|doubles\n|player|p1|Kiky14|hilbert-wonderlauncher|1176\n|player|p2|elpiblo|dancer|1216\n|teamsize|p1|6\n|teamsize|p2|6\n|gen|9\n|tier|[Gen 9] VGC 2023 Regulation C\n|rated|\n|rule|Species Clause: Limit one of each Pok\u00e9mon\n|rule|Item Clause: Limit one of each item\n|clearpoke\n|poke|p1|Ceruledge, L50, M|\n|poke|p1|Garganacl, L50, M|\n|poke|p1|Zoroark, L50, F|\n|poke|p1|Flutter Mane, L50|\n|poke|p1|Palafin, L50, F|\n|poke|p1|Amoonguss, L50, F|\n|poke|p2|Indeedee-F, L50, F|\n|poke|p2|Ting-Lu, L50|\n|poke|p2|Brute Bonnet, L50|\n|poke|p2|Annihilape, L50, F|\n|poke|p2|Scream Tail, L50|\n|poke|p2|Gholdengo, L50|\n|teampreview|4\n|\n|t:|1683837647\n|start\n|switch|p1a: New jeans|Palafin, L50, F, shiny|100\/100\n|switch|p1b: Ive|Amoonguss, L50, F|100\/100\n|switch|p2a: Indeedee|Indeedee-F, L50, F|100\/100\n|switch|p2b: Brute Bonnet|Brute Bonnet, L50|100\/100\n|-fieldstart|move: Psychic Terrain|[from] ability: Psychic Surge|[of] p2a: Indeedee\n|-enditem|p2a: Indeedee|Psychic Seed\n|-boost|p2a: Indeedee|spd|1|[from] item: Psychic Seed\n|turn|1\n|inactive|Battle timer is ON: inactive players will automatically lose when time's up. (requested by elpiblo)\n|\n|t:|1683837662\n|move|p1a: New jeans|Flip Turn|p2a: Indeedee\n|-crit|p2a: Indeedee\n|-damage|p2a: Indeedee|49\/100\n|\n|t:|1683837667\n|detailschange|p1a: New jeans|Palafin-Hero, L50, F, shiny\n|switch|p1a: Mamamoo|Garganacl, L50, M|100\/100|[from] Flip Turn\n|move|p2b: Brute Bonnet|Ingrain|p2b: Brute Bonnet\n|-start|p2b: Brute Bonnet|move: Ingrain\n|move|p1b: Ive|Spore|p2a: Indeedee\n|-status|p2a: Indeedee|slp|[from] move: Spore\n|cant|p2a: Indeedee|slp\n|\n|upkeep\n|turn|2\n|inactive|Kiky14 has 30 seconds left.\n|\n|t:|1683837693\n|-terastallize|p1a: Mamamoo|Ghost\n|move|p2b: Brute Bonnet|Seed Bomb|p1a: Mamamoo\n|-damage|p1a: Mamamoo|81\/100\n|move|p1a: Mamamoo|Salt Cure|p2b: Brute Bonnet\n|-damage|p2b: Brute Bonnet|89\/100\n|-start|p2b: Brute Bonnet|Salt Cure\n|move|p1b: Ive|Pollen Puff|p2a: Indeedee\n|-supereffective|p2a: Indeedee\n|-damage|p2a: Indeedee|26\/100 slp\n|cant|p2a: Indeedee|slp\n|\n|-heal|p2b: Brute Bonnet|95\/100|[from] item: Leftovers\n|-heal|p2b: Brute Bonnet|100\/100|[from] Ingrain\n|-damage|p2b: Brute Bonnet|88\/100|[from] Salt Cure\n|upkeep\n|turn|3\n|\n|t:|1683837714\n|move|p2b: Brute Bonnet|Crunch|p1a: Mamamoo\n|-supereffective|p1a: Mamamoo\n|-enditem|p1a: Mamamoo|Colbur Berry|[eat]\n|-enditem|p1a: Mamamoo|Colbur Berry|[weaken]\n|-damage|p1a: Mamamoo|61\/100\n|move|p1a: Mamamoo|Body Press|p2b: Brute Bonnet\n|-supereffective|p2b: Brute Bonnet\n|-damage|p2b: Brute Bonnet|41\/100\n|move|p1b: Ive|Pollen Puff|p1a: Mamamoo\n|-heal|p1a: Mamamoo|100\/100\n|-curestatus|p2a: Indeedee|slp|[msg]\n|move|p2a: Indeedee|Trick Room|p2a: Indeedee\n|-fieldstart|move: Trick Room|[of] p2a: Indeedee\n|\n|-heal|p2b: Brute Bonnet|47\/100|[from] item: Leftovers\n|-heal|p2b: Brute Bonnet|53\/100|[from] Ingrain\n|-damage|p2b: Brute Bonnet|41\/100|[from] Salt Cure\n|upkeep\n|turn|4\n|inactive|Kiky14 has 30 seconds left.\n|inactive|elpiblo has 30 seconds left.\n|inactive|elpiblo has 20 seconds left.\n|inactive|elpiblo has 15 seconds left.\n|\n|t:|1683837755\n|move|p1b: Ive|Rage Powder|p1b: Ive\n|-singleturn|p1b: Ive|move: Rage Powder\n|move|p2a: Indeedee|Follow Me|p2a: Indeedee\n|-singleturn|p2a: Indeedee|move: Follow Me\n|move|p1a: Mamamoo|Body Press|p2a: Indeedee\n|-damage|p2a: Indeedee|0 fnt\n|faint|p2a: Indeedee\n|move|p2b: Brute Bonnet|Crunch|p1a: Mamamoo\n|-supereffective|p1a: Mamamoo\n|-damage|p1a: Mamamoo|58\/100\n|\n|-heal|p2b: Brute Bonnet|47\/100|[from] item: Leftovers\n|-heal|p2b: Brute Bonnet|53\/100|[from] Ingrain\n|-damage|p2b: Brute Bonnet|40\/100|[from] Salt Cure\n|upkeep\n|\n|t:|1683837772\n|switch|p2a: Ting-Lu|Ting-Lu, L50|100\/100\n|-ability|p2a: Ting-Lu|Vessel of Ruin\n|turn|5\n|\n|t:|1683837788\n|-terastallize|p2a: Ting-Lu|Poison\n|move|p1a: Mamamoo|Protect|p1a: Mamamoo\n|-singleturn|p1a: Mamamoo|Protect\n|move|p1b: Ive|Spore|p2a: Ting-Lu\n|-status|p2a: Ting-Lu|slp|[from] move: Spore\n|cant|p2a: Ting-Lu|slp\n|move|p2b: Brute Bonnet|Crunch|p1a: Mamamoo\n|-activate|p1a: Mamamoo|move: Protect\n|\n|-heal|p2b: Brute Bonnet|46\/100|[from] item: Leftovers\n|-heal|p2b: Brute Bonnet|52\/100|[from] Ingrain\n|-damage|p2b: Brute Bonnet|40\/100|[from] Salt Cure\n|-fieldend|move: Psychic Terrain\n|upkeep\n|turn|6\n|\n|t:|1683837804\n|move|p2b: Brute Bonnet|Protect|p2b: Brute Bonnet\n|-singleturn|p2b: Brute Bonnet|Protect\n|move|p1b: Ive|Pollen Puff|p1a: Mamamoo\n|-heal|p1a: Mamamoo|100\/100\n|move|p1a: Mamamoo|Body Press|p2b: Brute Bonnet\n|-activate|p2b: Brute Bonnet|move: Protect\n|cant|p2a: Ting-Lu|slp\n|\n|-heal|p2b: Brute Bonnet|46\/100|[from] item: Leftovers\n|-heal|p2b: Brute Bonnet|52\/100|[from] Ingrain\n|-damage|p2b: Brute Bonnet|39\/100|[from] Salt Cure\n|upkeep\n|turn|7\n|inactive|elpiblo has 30 seconds left.\n|\n|t:|1683837835\n|move|p1b: Ive|Pollen Puff|p2b: Brute Bonnet\n|-supereffective|p2b: Brute Bonnet\n|-damage|p2b: Brute Bonnet|8\/100\n|move|p1a: Mamamoo|Body Press|p2b: Brute Bonnet\n|-supereffective|p2b: Brute Bonnet\n|-damage|p2b: Brute Bonnet|0 fnt\n|faint|p2b: Brute Bonnet\n|-end|p2b: Brute Bonnet|Protosynthesis|[silent]\n|-curestatus|p2a: Ting-Lu|slp|[msg]\n|move|p2a: Ting-Lu|Fissure|p1b: Ive|[miss]\n|-miss|p2a: Ting-Lu|p1b: Ive\n|\n|-fieldend|move: Trick Room\n|upkeep\n|\n|t:|1683837848\n|switch|p2b: Annihilape|Annihilape, L50, F|100\/100\n|turn|8\n|\n|t:|1683837868\n|move|p1a: Mamamoo|Protect|p1a: Mamamoo\n|-singleturn|p1a: Mamamoo|Protect\n|move|p2b: Annihilape|Acrobatics|p1b: Ive\n|-supereffective|p1b: Ive\n|-damage|p1b: Ive|68\/100\n|move|p2a: Ting-Lu|Fissure|p1a: Mamamoo\n|-activate|p1a: Mamamoo|move: Protect\n|move|p1b: Ive|Spore|p2b: Annihilape\n|-status|p2b: Annihilape|slp|[from] move: Spore\n|\n|-heal|p1b: Ive|74\/100|[from] item: Black Sludge\n|upkeep\n|turn|9\n|\n|t:|1683837889\n|cant|p2b: Annihilape|slp\n|move|p2a: Ting-Lu|Fissure|p1b: Ive\n|-damage|p1b: Ive|0 fnt\n|faint|p1b: Ive\n|-ohko\n|move|p1a: Mamamoo|Salt Cure|p2b: Annihilape\n|-resisted|p2b: Annihilape\n|-damage|p2b: Annihilape|94\/100 slp\n|-start|p2b: Annihilape|Salt Cure\n|\n|-damage|p2b: Annihilape|81\/100 slp|[from] Salt Cure\n|upkeep\n|\n|t:|1683837897\n|switch|p1b: New jeans|Palafin-Hero, L50, F, shiny|100\/100\n|-activate|p1b: New jeans|ability: Zero to Hero\n|turn|10\n|\n|t:|1683837909\n|cant|p2b: Annihilape|slp\n|move|p1b: New jeans|Flip Turn|p2a: Ting-Lu\n|-damage|p2a: Ting-Lu|73\/100\n|\n|t:|1683837915\n|switch|p1b: Viviz|Flutter Mane, L50|100\/100|[from] Flip Turn\n|-enditem|p1b: Viviz|Booster Energy\n|-activate|p1b: Viviz|ability: Protosynthesis|[fromitem]\n|-start|p1b: Viviz|protosynthesisspa\n|move|p2a: Ting-Lu|Fissure|p1b: Viviz|[miss]\n|-miss|p2a: Ting-Lu|p1b: Viviz\n|move|p1a: Mamamoo|Salt Cure|p2a: Ting-Lu\n|-damage|p2a: Ting-Lu|66\/100\n|-start|p2a: Ting-Lu|Salt Cure\n|\n|-damage|p2b: Annihilape|69\/100 slp|[from] Salt Cure\n|-damage|p2a: Ting-Lu|54\/100|[from] Salt Cure\n|upkeep\n|turn|11\n|\n|t:|1683837937\n|move|p1b: Viviz|Dazzling Gleam|p2a: Ting-Lu|[spread] p2a,p2b\n|-resisted|p2a: Ting-Lu\n|-supereffective|p2b: Annihilape\n|-damage|p2a: Ting-Lu|46\/100\n|-damage|p2b: Annihilape|7\/100 slp\n|-curestatus|p2b: Annihilape|slp|[msg]\n|move|p2b: Annihilape|Acrobatics|p1a: Mamamoo\n|-damage|p1a: Mamamoo|89\/100\n|move|p2a: Ting-Lu|Stomping Tantrum|p1b: Viviz\n|-damage|p1b: Viviz|0 fnt\n|faint|p1b: Viviz\n|-end|p1b: Viviz|Protosynthesis|[silent]\n|move|p1a: Mamamoo|Body Press|p2a: Ting-Lu\n|-resisted|p2a: Ting-Lu\n|-damage|p2a: Ting-Lu|39\/100\n|\n|-damage|p2b: Annihilape|0 fnt|[from] Salt Cure\n|faint|p2b: Annihilape\n|-damage|p2a: Ting-Lu|27\/100|[from] Salt Cure\n|upkeep\n|\n|t:|1683837956\n|switch|p1b: New jeans|Palafin-Hero, L50, F, shiny|100\/100\n|turn|12\n|\n|t:|1683837966\n|move|p1b: New jeans|Flip Turn|p2a: Ting-Lu\n|-damage|p2a: Ting-Lu|0 fnt\n|faint|p2a: Ting-Lu\n|\n|win|Kiky14\n|raw|Kiky14's rating: 1176 → 1204<\/strong> (+28 for winning)\n|raw|elpiblo's rating: 1216 → 1188<\/strong> (-28 for losing)\n","uploadtime":1683837983,"views":12,"p1id":"kiky14","p2id":"elpiblo","formatid":"gen9vgc2023regulationc","rating":1188,"private":0,"password":""}