{"id":"gen9vgc2023regulationc-1860042937","p1":"sempr9","p2":"MikeTitan","format":"[Gen 9] VGC 2023 Regulation C","log":"|j|\u2606sempr9\n|j|\u2606MikeTitan\n|t:|1683588522\n|gametype|doubles\n|player|p1|sempr9|miriam|\n|player|p2|MikeTitan|roughneck|\n|teamsize|p1|6\n|teamsize|p2|6\n|gen|9\n|tier|[Gen 9] VGC 2023 Regulation C\n|rule|Species Clause: Limit one of each Pok\u00e9mon\n|rule|Item Clause: Limit one of each item\n|clearpoke\n|poke|p1|Flutter Mane, L50|\n|poke|p1|Gothorita, L50, F|\n|poke|p1|Dragonite, L50, F|\n|poke|p1|Bisharp, L50, F|\n|poke|p1|Glimmora, L50, F|\n|poke|p1|Tinkaton, L50, F|\n|poke|p2|Sandy Shocks, L50|\n|poke|p2|Annihilape, L50, M|\n|poke|p2|Muk, L50, F|\n|poke|p2|Hippowdon, L50, M|\n|poke|p2|Espathra, L50, F|\n|poke|p2|Houndstone, L50, M|\n|teampreview|4\n|l|\u2606MikeTitan\n|player|p2|\n|j|\u2606MikeTitan\n|player|p2|MikeTitan|roughneck\n|j| Pokemon_and_beer\n|j| Phelon\n|c|\u2606MikeTitan|ONCE MORE, WITH FEELING\n|j| hauntedskittydoll\n|j| Hera665\n|j| gooseiq\n|c| hauntedskittydoll|Glhf!\n|c| Phelon|The champion of the north bested the titan but now one must win\n|c| Phelon|ARE YOU READY?!\n|j| Aox93\n|\n|t:|1683588611\n|start\n|switch|p1a: Bisharp|Bisharp, L50, F, shiny|100\/100\n|switch|p1b: Flutter Mane|Flutter Mane, L50, shiny|100\/100\n|switch|p2a: It\u2019s Time|Annihilape, L50, M|100\/100\n|switch|p2b: Of Your Own|Espathra, L50, F|100\/100\n|-enditem|p1b: Flutter Mane|Booster Energy\n|-activate|p1b: Flutter Mane|ability: Protosynthesis|[fromitem]\n|-start|p1b: Flutter Mane|protosynthesisspe\n|turn|1\n|c| Aox93|GO MIKE GO\n|l| Hera665\n|j| Hera665\n|\n|t:|1683588701\n|switch|p2b: To Get|Muk, L50, F, shiny|100\/100\n|-terastallize|p2a: It\u2019s Time|Steel\n|move|p1b: Flutter Mane|Protect|p1b: Flutter Mane\n|-singleturn|p1b: Flutter Mane|Protect\n|move|p1a: Bisharp|Protect|p1a: Bisharp\n|-singleturn|p1a: Bisharp|Protect\n|move|p2a: It\u2019s Time|Shadow Claw|p1b: Flutter Mane\n|-activate|p1b: Flutter Mane|move: Protect\n|\n|upkeep\n|turn|2\n|j| thrillowisp\n|\n|t:|1683588737\n|switch|p2a: Sempra|Sandy Shocks, L50|100\/100\n|-enditem|p2a: Sempra|Booster Energy\n|-activate|p2a: Sempra|ability: Protosynthesis|[fromitem]\n|-start|p2a: Sempra|protosynthesisspe\n|move|p1b: Flutter Mane|Dazzling Gleam|p2b: To Get|[spread] p2a,p2b\n|-resisted|p2b: To Get\n|-damage|p2a: Sempra|76\/100\n|-damage|p2b: To Get|90\/100\n|move|p1a: Bisharp|Assurance|p2b: To Get\n|-damage|p2b: To Get|24\/100\n|move|p2b: To Get|Poison Jab|p1b: Flutter Mane\n|-damage|p1b: Flutter Mane|52\/100\n|-status|p1b: Flutter Mane|psn|[from] ability: Poison Touch|[of] p2b: To Get\n|\n|-heal|p2b: To Get|30\/100|[from] item: Black Sludge\n|-damage|p1b: Flutter Mane|39\/100 psn|[from] psn\n|upkeep\n|turn|3\n|l| Phelon\n|l| hauntedskittydoll\n|\n|t:|1683588778\n|switch|p2b: It\u2019s Time|Annihilape, L50, M, tera:Steel|100\/100\n|move|p2a: Sempra|Protect|p2a: Sempra\n|-singleturn|p2a: Sempra|Protect\n|move|p1b: Flutter Mane|Dazzling Gleam|p2a: Sempra|[spread] p2b\n|-activate|p2a: Sempra|move: Protect\n|-resisted|p2b: It\u2019s Time\n|-damage|p2b: It\u2019s Time|88\/100\n|move|p1a: Bisharp|Assurance|p2b: It\u2019s Time\n|-damage|p2b: It\u2019s Time|7\/100\n|\n|-damage|p1b: Flutter Mane|27\/100 psn|[from] psn\n|upkeep\n|turn|4\n|j| hauntedskittydoll\n|j| Phelon\n|\n|t:|1683588836\n|switch|p2b: Of Your Own|Espathra, L50, F|100\/100\n|move|p1b: Flutter Mane|Dazzling Gleam|p2b: Of Your Own|[spread] p2a,p2b\n|-damage|p2a: Sempra|48\/100\n|-damage|p2b: Of Your Own|59\/100\n|move|p2a: Sempra|Earth Power|p1a: Bisharp\n|-supereffective|p1a: Bisharp\n|-damage|p1a: Bisharp|6\/100\n|move|p1a: Bisharp|Assurance|p2a: Sempra\n|-damage|p2a: Sempra|0 fnt\n|faint|p2a: Sempra\n|-end|p2a: Sempra|Protosynthesis|[silent]\n|\n|-damage|p1b: Flutter Mane|15\/100 psn|[from] psn\n|upkeep\n|\n|t:|1683588849\n|switch|p2a: To Get|Muk, L50, F, shiny|30\/100\n|turn|5\n|l| Phelon\n|\n|t:|1683588935\n|move|p1a: Bisharp|Sucker Punch|p2a: To Get\n|-damage|p2a: To Get|0 fnt\n|faint|p2a: To Get\n|move|p1b: Flutter Mane|Misty Terrain|p1b: Flutter Mane\n|-fieldstart|move: Misty Terrain\n|move|p2b: Of Your Own|Lumina Crash|p1b: Flutter Mane\n|-damage|p1b: Flutter Mane|0 fnt\n|faint|p1b: Flutter Mane\n|-end|p1b: Flutter Mane|Protosynthesis|[silent]\n|\n|-ability|p2b: Of Your Own|Speed Boost|boost\n|-boost|p2b: Of Your Own|spe|1\n|upkeep\n|\n|t:|1683588944\n|switch|p1b: Dragonite|Dragonite, L50, F|100\/100\n|switch|p2a: It\u2019s Time|Annihilape, L50, M, tera:Steel|7\/100\n|turn|6\n|j| Phelon\n|l| Hera665\n|\n|t:|1683588987\n|-terastallize|p1b: Dragonite|Normal\n|move|p1b: Dragonite|Extreme Speed|p2b: Of Your Own\n|-damage|p2b: Of Your Own|0 fnt\n|faint|p2b: Of Your Own\n|move|p1a: Bisharp|Sucker Punch|p2a: It\u2019s Time\n|-damage|p2a: It\u2019s Time|0 fnt\n|faint|p2a: It\u2019s Time\n|\n|win|sempr9\n|c|\u2606MikeTitan|Ggs\n|c|\u2606sempr9|gg\n|l| thrillowisp\n|c| hauntedskittydoll|GGs\n|l| Phelon\n|c| Pokemon_and_beer|GGs!\n|l| Aox93\n|l| hauntedskittydoll\n|l| gooseiq\n|l| Pokemon_and_beer\n|l|\u2606MikeTitan\n|j|\u2606MikeTitan\n|player|p2|MikeTitan|roughneck\n","uploadtime":1683589007,"views":9,"p1id":"sempr9","p2id":"miketitan","formatid":"gen9vgc2023regulationc","rating":0,"private":0,"password":""}