{"id":"gen9vgc2023regulationc-1851025094","p1":"DinoMike130","p2":"Determewnation","format":"[Gen 9] VGC 2023 Regulation C","log":"|j|\u2606DinoMike130\n|j|\u2606Determewnation\n|t:|1682395815\n|gametype|doubles\n|player|p1|DinoMike130|veteran|1212\n|player|p2|Determewnation|akari-isekai|1245\n|teamsize|p1|6\n|teamsize|p2|6\n|gen|9\n|tier|[Gen 9] VGC 2023 Regulation C\n|rated|\n|rule|Species Clause: Limit one of each Pok\u00e9mon\n|rule|Item Clause: Limit one of each item\n|clearpoke\n|poke|p1|Torkoal, L50, M|\n|poke|p1|Brute Bonnet, L50|\n|poke|p1|Great Tusk, L50|\n|poke|p1|Jumpluff, L50, F|\n|poke|p1|Flutter Mane, L50|\n|poke|p1|Chi-Yu, L50|\n|poke|p2|Iron Treads, L50|\n|poke|p2|Murkrow, L50, M|\n|poke|p2|Goodra, L50, F|\n|poke|p2|Indeedee-F, L50, F|\n|poke|p2|Sylveon, L50, F|\n|poke|p2|Tsareena, L50, F|\n|teampreview|4\n|\n|t:|1682395881\n|start\n|switch|p1a: Torkoal|Torkoal, L50, M|100\/100\n|switch|p1b: Jumpluff|Jumpluff, L50, F|100\/100\n|switch|p2a: Murkrow|Murkrow, L50, M|100\/100\n|switch|p2b: Goodra|Goodra, L50, F, shiny|100\/100\n|-weather|SunnyDay|[from] ability: Drought|[of] p1a: Torkoal\n|turn|1\n|\n|t:|1682395895\n|move|p2a: Murkrow|Quash|p1b: Jumpluff\n|-activate|p1b: Jumpluff|move: Quash\n|move|p2b: Goodra|Draco Meteor|p1a: Torkoal\n|-damage|p1a: Torkoal|17\/100\n|-unboost|p2b: Goodra|spa|2\n|move|p1a: Torkoal|Yawn|p2b: Goodra\n|-start|p2b: Goodra|move: Yawn|[of] p1a: Torkoal\n|move|p1b: Jumpluff|Tailwind|p1b: Jumpluff\n|-sidestart|p1: DinoMike130|move: Tailwind\n|\n|-weather|SunnyDay|[upkeep]\n|-heal|p1a: Torkoal|23\/100|[from] item: Leftovers\n|upkeep\n|turn|2\n|\n|t:|1682395947\n|switch|p2b: Sylveon|Sylveon, L50, F|100\/100\n|switch|p1a: Flutter Mane|Flutter Mane, L50|100\/100\n|-activate|p1a: Flutter Mane|ability: Protosynthesis\n|-start|p1a: Flutter Mane|protosynthesisspa\n|move|p1b: Jumpluff|Encore||[still]\n|-fail|p1b: Jumpluff\n|move|p2a: Murkrow|Foul Play|p1a: Flutter Mane\n|-damage|p1a: Flutter Mane|72\/100\n|\n|-weather|SunnyDay|[upkeep]\n|upkeep\n|turn|3\n|\n|t:|1682395974\n|-terastallize|p1a: Flutter Mane|Fairy\n|move|p2a: Murkrow|Tailwind|p2a: Murkrow\n|-sidestart|p2: Determewnation|move: Tailwind\n|move|p1b: Jumpluff|U-turn|p2b: Sylveon\n|-resisted|p2b: Sylveon\n|-damage|p2b: Sylveon|94\/100\n|\n|t:|1682395981\n|switch|p1b: Chi-Yu|Chi-Yu, L50|100\/100|[from] U-turn\n|-ability|p1b: Chi-Yu|Beads of Ruin\n|move|p1a: Flutter Mane|Dazzling Gleam|p2a: Murkrow|[spread] p2a,p2b\n|-supereffective|p2a: Murkrow\n|-damage|p2a: Murkrow|0 fnt\n|-damage|p2b: Sylveon|0 fnt\n|faint|p2a: Murkrow\n|faint|p2b: Sylveon\n|-damage|p1a: Flutter Mane|62\/100|[from] item: Life Orb\n|\n|-weather|SunnyDay|[upkeep]\n|upkeep\n|\n|t:|1682395999\n|switch|p2a: Iron Treads|Iron Treads, L50|100\/100\n|switch|p2b: Goodra|Goodra, L50, F, shiny|100\/100\n|turn|4\n|\n|t:|1682396022\n|-terastallize|p2b: Goodra|Poison\n|move|p2a: Iron Treads|Protect|p2a: Iron Treads\n|-singleturn|p2a: Iron Treads|Protect\n|move|p1a: Flutter Mane|Dazzling Gleam|p2a: Iron Treads|[spread] p2b\n|-activate|p2a: Iron Treads|move: Protect\n|-resisted|p2b: Goodra\n|-crit|p2b: Goodra\n|-damage|p2b: Goodra|59\/100\n|-damage|p1a: Flutter Mane|52\/100|[from] item: Life Orb\n|move|p1b: Chi-Yu|Dark Pulse|p2a: Iron Treads\n|-activate|p2a: Iron Treads|move: Protect\n|move|p2b: Goodra|Sludge Bomb|p1a: Flutter Mane\n|-supereffective|p1a: Flutter Mane\n|-damage|p1a: Flutter Mane|0 fnt\n|faint|p1a: Flutter Mane\n|-end|p1a: Flutter Mane|Protosynthesis|[silent]\n|\n|-weather|SunnyDay|[upkeep]\n|-sideend|p1: DinoMike130|move: Tailwind\n|upkeep\n|\n|t:|1682396041\n|switch|p1a: Jumpluff|Jumpluff, L50, F|100\/100\n|turn|5\n|\n|t:|1682396080\n|move|p2a: Iron Treads|Rock Slide|p1a: Jumpluff|[spread] p1a,p1b\n|-supereffective|p1a: Jumpluff\n|-supereffective|p1b: Chi-Yu\n|-crit|p1b: Chi-Yu\n|-damage|p1a: Jumpluff|46\/100\n|-damage|p1b: Chi-Yu|28\/100\n|move|p1a: Jumpluff|Leaf Storm|p2a: Iron Treads\n|-damage|p2a: Iron Treads|24\/100\n|-unboost|p1a: Jumpluff|spa|2\n|move|p2b: Goodra|Sludge Bomb|p1b: Chi-Yu\n|-damage|p1b: Chi-Yu|0 fnt\n|faint|p1b: Chi-Yu\n|\n|-weather|none\n|upkeep\n|\n|t:|1682396094\n|switch|p1b: Torkoal|Torkoal, L50, M|23\/100\n|-weather|SunnyDay|[from] ability: Drought|[of] p1b: Torkoal\n|turn|6\n|\n|t:|1682396113\n|move|p1b: Torkoal|Protect|p1b: Torkoal\n|-singleturn|p1b: Torkoal|Protect\n|move|p2a: Iron Treads|Rock Slide|p1a: Jumpluff|[spread] p1a\n|-activate|p1b: Torkoal|move: Protect\n|-supereffective|p1a: Jumpluff\n|-damage|p1a: Jumpluff|0 fnt\n|faint|p1a: Jumpluff\n|move|p2b: Goodra|Sludge Bomb|p1b: Torkoal\n|-activate|p1b: Torkoal|move: Protect\n|\n|-weather|SunnyDay|[upkeep]\n|-heal|p1b: Torkoal|29\/100|[from] item: Leftovers\n|-sideend|p2: Determewnation|move: Tailwind\n|upkeep\n|turn|7\n|\n|t:|1682396125\n|move|p1b: Torkoal|Protect|p1b: Torkoal\n|-singleturn|p1b: Torkoal|Protect\n|move|p2a: Iron Treads|Iron Head|p1b: Torkoal\n|-activate|p1b: Torkoal|move: Protect\n|move|p2b: Goodra|Sludge Bomb|p1b: Torkoal\n|-activate|p1b: Torkoal|move: Protect\n|\n|-weather|SunnyDay|[upkeep]\n|-heal|p1b: Torkoal|36\/100|[from] item: Leftovers\n|upkeep\n|turn|8\n|\n|t:|1682396133\n|move|p1b: Torkoal|Protect||[still]\n|-fail|p1b: Torkoal\n|move|p2a: Iron Treads|Iron Head|p1b: Torkoal\n|-resisted|p1b: Torkoal\n|-damage|p1b: Torkoal|24\/100\n|move|p2b: Goodra|Sludge Bomb|p1b: Torkoal\n|-damage|p1b: Torkoal|0 fnt\n|faint|p1b: Torkoal\n|\n|win|Determewnation\n|raw|DinoMike130's rating: 1212 → 1189<\/strong> (-23 for losing)\n|raw|Determewnation's rating: 1245 → 1268<\/strong> (+23 for winning)\n","uploadtime":1682396152,"views":11,"p1id":"dinomike130","p2id":"determewnation","formatid":"gen9vgc2023regulationc","rating":1189,"private":0,"password":""}