{"id":"gen9vgc2023regulationc-1864079574","p1":"thrillcorner","p2":"perferw","format":"[Gen 9] VGC 2023 Regulation C","log":"|j|\u2606thrillcorner\n|j|\u2606perferw\n|t:|1684114476\n|gametype|doubles\n|player|p1|thrillcorner|red-masters2|1480\n|player|p2|perferw|266|1581\n|teamsize|p1|6\n|teamsize|p2|6\n|gen|9\n|tier|[Gen 9] VGC 2023 Regulation C\n|rated|\n|rule|Species Clause: Limit one of each Pok\u00e9mon\n|rule|Item Clause: Limit one of each item\n|clearpoke\n|poke|p1|Arcanine, L50, M|\n|poke|p1|Amoonguss, L50, M|\n|poke|p1|Flutter Mane, L50|\n|poke|p1|Kingambit, L50, F|\n|poke|p1|Baxcalibur, L50, F|\n|poke|p1|Iron Bundle, L50|\n|poke|p2|Chien-Pao, L50|\n|poke|p2|Dragapult, L50, M|\n|poke|p2|Talonflame, L50, F|\n|poke|p2|Amoonguss, L50, F|\n|poke|p2|Flutter Mane, L50|\n|poke|p2|Arcanine, L50, M|\n|teampreview|4\n|inactive|Battle timer is ON: inactive players will automatically lose when time's up. (requested by perferw)\nthrillcorner has agreed to open team sheets.\nperferw has agreed to open team sheets.\n|inactive|thrillcorner has 60 seconds left.\n|inactive|perferw has 60 seconds left.\n|\n|t:|1684114533\n|start\n|switch|p1a: Blueshido|Kingambit, L50, F, shiny|100\/100\n|switch|p1b: Ripley|Arcanine, L50, M|100\/100\n|switch|p2a: Amoonguss|Amoonguss, L50, F|100\/100\n|switch|p2b: Flutter Mane|Flutter Mane, L50|100\/100\n|-ability|p1b: Ripley|Intimidate|boost\n|-unboost|p2a: Amoonguss|atk|1\n|-unboost|p2b: Flutter Mane|atk|1\n|-enditem|p2b: Flutter Mane|Booster Energy\n|-activate|p2b: Flutter Mane|ability: Protosynthesis|[fromitem]\n|-start|p2b: Flutter Mane|protosynthesisspa\n|turn|1\n|inactive|thrillcorner has 30 seconds left.\n|inactive|perferw has 30 seconds left.\n|\n|t:|1684114560\n|-terastallize|p2a: Amoonguss|Water\n|move|p2a: Amoonguss|Rage Powder|p2a: Amoonguss\n|-singleturn|p2a: Amoonguss|move: Rage Powder\n|move|p2b: Flutter Mane|Shadow Ball|p1b: Ripley\n|-damage|p1b: Ripley|48\/100\n|move|p1b: Ripley|Flare Blitz|p2a: Amoonguss\n|-resisted|p2a: Amoonguss\n|-damage|p2a: Amoonguss|84\/100\n|-damage|p1b: Ripley|42\/100|[from] Recoil\n|move|p1a: Blueshido|Swords Dance|p1a: Blueshido\n|-boost|p1a: Blueshido|atk|2\n|\n|upkeep\n|turn|2\n|\n|t:|1684114581\n|switch|p1b: Spordyceps|Amoonguss, L50, M|100\/100\n|move|p2a: Amoonguss|Rage Powder|p2a: Amoonguss\n|-singleturn|p2a: Amoonguss|move: Rage Powder\n|move|p2b: Flutter Mane|Moonblast|p1a: Blueshido\n|-damage|p1a: Blueshido|43\/100\n|move|p1a: Blueshido|Kowtow Cleave|p2a: Amoonguss\n|-damage|p2a: Amoonguss|5\/100\n|-enditem|p2a: Amoonguss|Sitrus Berry|[eat]\n|-heal|p2a: Amoonguss|30\/100|[from] item: Sitrus Berry\n|\n|upkeep\n|turn|3\n|\n|t:|1684114601\n|switch|p2a: Arcanine|Arcanine, L50, M|100\/100\n|-ability|p2a: Arcanine|Intimidate|boost\n|-unboost|p1a: Blueshido|atk|1\n|-ability|p1a: Blueshido|Defiant|boost\n|-boost|p1a: Blueshido|atk|2\n|-unboost|p1b: Spordyceps|atk|1\n|move|p1a: Blueshido|Protect|p1a: Blueshido\n|-singleturn|p1a: Blueshido|Protect\n|move|p2b: Flutter Mane|Shadow Ball|p1b: Spordyceps\n|-damage|p1b: Spordyceps|54\/100\n|move|p1b: Spordyceps|Spore|p2a: Arcanine\n|-activate|p2a: Arcanine|item: Safety Goggles|Spore\n|\n|upkeep\n|turn|4\n|inactive|thrillcorner has 30 seconds left.\n|inactive|thrillcorner has 20 seconds left.\n|inactive|thrillcorner has 15 seconds left.\n|inactive|thrillcorner has 10 seconds left.\n|\n|t:|1684114646\n|switch|p2a: Amoonguss|Amoonguss, L50, F, tera:Water|64\/100\n|-terastallize|p1b: Spordyceps|Water\n|move|p2b: Flutter Mane|Protect|p2b: Flutter Mane\n|-singleturn|p2b: Flutter Mane|Protect\n|move|p1b: Spordyceps|Rage Powder|p1b: Spordyceps\n|-singleturn|p1b: Spordyceps|move: Rage Powder\n|move|p1a: Blueshido|Kowtow Cleave|p2b: Flutter Mane\n|-activate|p2b: Flutter Mane|move: Protect\n|\n|upkeep\n|turn|5\n|inactive|thrillcorner has 30 seconds left.\n|inactive|perferw has 30 seconds left.\n|\n|t:|1684114672\n|move|p1a: Blueshido|Protect|p1a: Blueshido\n|-singleturn|p1a: Blueshido|Protect\n|move|p2a: Amoonguss|Rage Powder|p2a: Amoonguss\n|-singleturn|p2a: Amoonguss|move: Rage Powder\n|move|p2b: Flutter Mane|Dazzling Gleam|p1b: Spordyceps|[spread] p1b\n|-activate|p1a: Blueshido|move: Protect\n|-damage|p1b: Spordyceps|22\/100\n|-enditem|p1b: Spordyceps|Sitrus Berry|[eat]\n|-heal|p1b: Spordyceps|47\/100|[from] item: Sitrus Berry\n|move|p1b: Spordyceps|Spore|p2a: Amoonguss\n|-status|p2a: Amoonguss|slp|[from] move: Spore\n|\n|upkeep\n|turn|6\n|\n|t:|1684114690\n|cant|p2a: Amoonguss|slp\n|move|p1a: Blueshido|Sucker Punch|p2b: Flutter Mane\n|-damage|p2b: Flutter Mane|0 fnt\n|faint|p2b: Flutter Mane\n|-end|p2b: Flutter Mane|Protosynthesis|[silent]\n|move|p1b: Spordyceps|Pollen Puff|p1a: Blueshido\n|-heal|p1a: Blueshido|92\/100\n|\n|upkeep\n|\n|t:|1684114697\n|switch|p2b: Arcanine|Arcanine, L50, M|100\/100\n|-ability|p2b: Arcanine|Intimidate|boost\n|-unboost|p1a: Blueshido|atk|1\n|-ability|p1a: Blueshido|Defiant|boost\n|-boost|p1a: Blueshido|atk|2\n|-unboost|p1b: Spordyceps|atk|1\n|turn|7\n|\n|t:|1684114708\n|switch|p2b: Chien-Pao|Chien-Pao, L50|100\/100\n|-ability|p2b: Chien-Pao|Sword of Ruin\n|move|p1b: Spordyceps|Rage Powder|p1b: Spordyceps\n|-singleturn|p1b: Spordyceps|move: Rage Powder\n|move|p1a: Blueshido|Kowtow Cleave|p2a: Amoonguss\n|-damage|p2a: Amoonguss|0 fnt\n|faint|p2a: Amoonguss\n|\n|upkeep\n|\n|t:|1684114711\n|switch|p2a: Arcanine|Arcanine, L50, M|100\/100\n|-ability|p2a: Arcanine|Intimidate|boost\n|-unboost|p1a: Blueshido|atk|1\n|-ability|p1a: Blueshido|Defiant|boost\n|-boost|p1a: Blueshido|atk|2\n|-unboost|p1b: Spordyceps|atk|1\n|turn|8\n|j| Spacejes\n|\n|t:|1684114736\n|switch|p1b: Ripley|Arcanine, L50, M|42\/100\n|-ability|p1b: Ripley|Intimidate|boost\n|-unboost|p2a: Arcanine|atk|1\n|-unboost|p2b: Chien-Pao|atk|1\n|move|p1a: Blueshido|Protect|p1a: Blueshido\n|-singleturn|p1a: Blueshido|Protect\n|move|p2a: Arcanine|Extreme Speed|p1b: Ripley\n|-damage|p1b: Ripley|21\/100\n|move|p2b: Chien-Pao|Sacred Sword|p1a: Blueshido\n|-activate|p1a: Blueshido|move: Protect\n|\n|upkeep\n|turn|9\n|\n|t:|1684114761\n|switch|p1b: Spordyceps|Amoonguss, L50, M, tera:Water|80\/100\n|move|p2a: Arcanine|Extreme Speed|p1b: Spordyceps\n|-damage|p1b: Spordyceps|60\/100\n|move|p1a: Blueshido|Sucker Punch|p2b: Chien-Pao\n|-resisted|p2b: Chien-Pao\n|-damage|p2b: Chien-Pao|13\/100\n|move|p2b: Chien-Pao|Sacred Sword|p1a: Blueshido\n|-supereffective|p1a: Blueshido\n|-damage|p1a: Blueshido|9\/100\n|\n|upkeep\n|turn|10\n|inactive|thrillcorner has 30 seconds left.\n|\n|t:|1684114789\n|switch|p1b: Ripley|Arcanine, L50, M|21\/100\n|-ability|p1b: Ripley|Intimidate|boost\n|-unboost|p2a: Arcanine|atk|1\n|-unboost|p2b: Chien-Pao|atk|1\n|move|p2b: Chien-Pao|Protect|p2b: Chien-Pao\n|-singleturn|p2b: Chien-Pao|Protect\n|move|p1a: Blueshido|Protect|p1a: Blueshido\n|-singleturn|p1a: Blueshido|Protect\n|move|p2a: Arcanine|Extreme Speed|p1a: Blueshido\n|-activate|p1a: Blueshido|move: Protect\n|\n|upkeep\n|turn|11\n|inactive|thrillcorner has 30 seconds left.\n|\n|t:|1684114824\n|switch|p1b: Spordyceps|Amoonguss, L50, M, tera:Water|93\/100\n|move|p2b: Chien-Pao|Protect||[still]\n|-fail|p2b: Chien-Pao\n|move|p2a: Arcanine|Extreme Speed|p1a: Blueshido\n|-resisted|p1a: Blueshido\n|-damage|p1a: Blueshido|2\/100\n|move|p1a: Blueshido|Sucker Punch||[still]\n|-fail|p1a: Blueshido\n|\n|upkeep\n|turn|12\n|\n|t:|1684114847\n|switch|p1b: Ripley|Arcanine, L50, M|21\/100\n|-ability|p1b: Ripley|Intimidate|boost\n|-unboost|p2a: Arcanine|atk|1\n|-unboost|p2b: Chien-Pao|atk|1\n|move|p1a: Blueshido|Protect|p1a: Blueshido\n|-singleturn|p1a: Blueshido|Protect\n|move|p2a: Arcanine|Extreme Speed|p1a: Blueshido\n|-activate|p1a: Blueshido|move: Protect\n|move|p2b: Chien-Pao|Sacred Sword|p1b: Ripley\n|-damage|p1b: Ripley|7\/100\n|\n|upkeep\n|turn|13\n|inactive|thrillcorner has 30 seconds left.\n|inactive|thrillcorner has 20 seconds left.\n|inactive|thrillcorner has 15 seconds left.\n|\n|t:|1684114889\n|move|p2a: Arcanine|Extreme Speed|p1a: Blueshido\n|-resisted|p1a: Blueshido\n|-damage|p1a: Blueshido|0 fnt\n|faint|p1a: Blueshido\n|move|p2b: Chien-Pao|Sacred Sword|p1b: Ripley\n|-damage|p1b: Ripley|0 fnt\n|faint|p1b: Ripley\n|\n|upkeep\n|\n|t:|1684114897\n|switch|p1b: Spordyceps|Amoonguss, L50, M, tera:Water|100\/100\n|switch|p1a: Willow|Flutter Mane, L50|100\/100\n|turn|14\n|\n|t:|1684114920\n|move|p2b: Chien-Pao|Protect|p2b: Chien-Pao\n|-singleturn|p2b: Chien-Pao|Protect\n|move|p1a: Willow|Power Gem|p2a: Arcanine\n|-supereffective|p2a: Arcanine\n|-damage|p2a: Arcanine|7\/100\n|move|p2a: Arcanine|Flare Blitz|p1a: Willow\n|-damage|p1a: Willow|46\/100\n|-damage|p2a: Arcanine|0 fnt|[from] Recoil\n|faint|p2a: Arcanine\n|move|p1b: Spordyceps|Spore|p2b: Chien-Pao\n|-activate|p2b: Chien-Pao|move: Protect\n|\n|upkeep\n|turn|15\n|-message|perferw forfeited.\n|\n|win|thrillcorner\n|raw|thrillcorner's rating: 1480 → 1506<\/strong> (+26 for winning)\n|raw|perferw's rating: 1581 → 1555<\/strong> (-26 for losing)\n|l|\u2606perferw\n|c|\u2606thrillcorner|gg\n|l| Spacejes\n","uploadtime":1684114937,"views":35,"p1id":"thrillcorner","p2id":"perferw","formatid":"gen9vgc2023regulationc","rating":1506,"private":0,"password":""}