{"id":"gen9vgc2023regulationc-1858288497","p1":"LeafeonLou12","p2":"0l0f3rn3","format":"[Gen 9] VGC 2023 Regulation C","log":"|j|\u2606LeafeonLou12\n|j|\u26060l0f3rn3\n|t:|1683298807\n|gametype|doubles\n|player|p1|LeafeonLou12|265|1204\n|player|p2|0l0f3rn3|266|1202\n|teamsize|p1|6\n|teamsize|p2|6\n|gen|9\n|tier|[Gen 9] VGC 2023 Regulation C\n|rated|\n|rule|Species Clause: Limit one of each Pok\u00e9mon\n|rule|Item Clause: Limit one of each item\n|clearpoke\n|poke|p1|Grumpig, L50, M|\n|poke|p1|Maushold-Four, L50|\n|poke|p1|Torkoal, L50, M|\n|poke|p1|Annihilape, L50, F|\n|poke|p1|Flutter Mane, L50|\n|poke|p1|Chi-Yu, L50|\n|poke|p2|Torkoal, L50, F|\n|poke|p2|Flutter Mane, L50|\n|poke|p2|Jumpluff, L50, F|\n|poke|p2|Roaring Moon, L50|\n|poke|p2|Brute Bonnet, L50|\n|poke|p2|Farigiraf, L50, F|\n|teampreview|4\n|\n|t:|1683298842\n|start\n|switch|p1a: FuckLillikoal|Grumpig, L50, M, shiny|100\/100\n|switch|p1b: Maushold|Maushold-Four, L50|100\/100\n|switch|p2a: Jumpluff|Jumpluff, L50, F|100\/100\n|switch|p2b: Roaring Moon|Roaring Moon, L50|100\/100\n|turn|1\n|\n|t:|1683298860\n|-terastallize|p2b: Roaring Moon|Ground\n|move|p1b: Maushold|Follow Me|p1b: Maushold\n|-singleturn|p1b: Maushold|move: Follow Me\n|move|p2a: Jumpluff|Absorb|p1b: Maushold\n|-crit|p1b: Maushold\n|-damage|p1b: Maushold|92\/100\n|move|p2b: Roaring Moon|Earthquake|p1a: FuckLillikoal|[spread] p1a,p1b\n|-immune|p2a: Jumpluff\n|-damage|p1a: FuckLillikoal|58\/100\n|-damage|p1b: Maushold|20\/100\n|move|p1a: FuckLillikoal|Trick Room|p1a: FuckLillikoal\n|-fieldstart|move: Trick Room|[of] p1a: FuckLillikoal\n|\n|upkeep\n|turn|2\n|\n|t:|1683298878\n|move|p2a: Jumpluff|Rage Powder|p2a: Jumpluff\n|-singleturn|p2a: Jumpluff|move: Rage Powder\n|move|p1b: Maushold|Follow Me|p1b: Maushold\n|-singleturn|p1b: Maushold|move: Follow Me\n|move|p1a: FuckLillikoal|Snarl|p2b: Roaring Moon|[spread] p2a,p2b\n|-damage|p2a: Jumpluff|88\/100\n|-damage|p2b: Roaring Moon|91\/100\n|-unboost|p2a: Jumpluff|spa|1\n|-unboost|p2b: Roaring Moon|spa|1\n|move|p2b: Roaring Moon|Earthquake|p1a: FuckLillikoal|[spread] p1a,p1b\n|-immune|p2a: Jumpluff\n|-damage|p1a: FuckLillikoal|16\/100\n|-damage|p1b: Maushold|0 fnt\n|faint|p1b: Maushold\n|\n|upkeep\n|\n|t:|1683298884\n|switch|p1b: Torkoal|Torkoal, L50, M|100\/100\n|-weather|SunnyDay|[from] ability: Drought|[of] p1b: Torkoal\n|-activate|p2b: Roaring Moon|ability: Protosynthesis\n|-start|p2b: Roaring Moon|protosynthesisatk\n|turn|3\n|\n|t:|1683298900\n|move|p1a: FuckLillikoal|Helping Hand|p1b: Torkoal\n|-singleturn|p1b: Torkoal|Helping Hand|[of] p1a: FuckLillikoal\n|move|p2b: Roaring Moon|Protect|p2b: Roaring Moon\n|-singleturn|p2b: Roaring Moon|Protect\n|move|p2a: Jumpluff|Protect|p2a: Jumpluff\n|-singleturn|p2a: Jumpluff|Protect\n|move|p1b: Torkoal|Eruption|p2a: Jumpluff|[spread] \n|-activate|p2a: Jumpluff|move: Protect\n|-activate|p2b: Roaring Moon|move: Protect\n|\n|-weather|SunnyDay|[upkeep]\n|upkeep\n|turn|4\n|\n|t:|1683298929\n|move|p2a: Jumpluff|Protect|p2a: Jumpluff\n|-singleturn|p2a: Jumpluff|Protect\n|move|p1b: Torkoal|Eruption|p2b: Roaring Moon|[spread] p2b\n|-activate|p2a: Jumpluff|move: Protect\n|-damage|p2b: Roaring Moon|0 fnt\n|faint|p2b: Roaring Moon\n|-end|p2b: Roaring Moon|Protosynthesis|[silent]\n|move|p1a: FuckLillikoal|Snarl|p2a: Jumpluff\n|-activate|p2a: Jumpluff|move: Protect\n|\n|-weather|SunnyDay|[upkeep]\n|upkeep\n|\n|t:|1683298944\n|switch|p2b: Brute Bonnet|Brute Bonnet, L50|100\/100\n|-activate|p2b: Brute Bonnet|ability: Protosynthesis\n|-start|p2b: Brute Bonnet|protosynthesisatk\n|turn|5\n|\n|t:|1683298962\n|move|p1a: FuckLillikoal|Helping Hand|p1b: Torkoal\n|-singleturn|p1b: Torkoal|Helping Hand|[of] p1a: FuckLillikoal\n|move|p2b: Brute Bonnet|Sucker Punch|p1b: Torkoal\n|-damage|p1b: Torkoal|63\/100\n|move|p1b: Torkoal|Eruption|p2a: Jumpluff|[spread] p2a,p2b\n|-supereffective|p2a: Jumpluff\n|-supereffective|p2b: Brute Bonnet\n|-damage|p2a: Jumpluff|0 fnt\n|-damage|p2b: Brute Bonnet|0 fnt\n|faint|p2a: Jumpluff\n|faint|p2b: Brute Bonnet\n|-end|p2b: Brute Bonnet|Protosynthesis|[silent]\n|\n|-weather|SunnyDay|[upkeep]\n|-fieldend|move: Trick Room\n|upkeep\n|\n|t:|1683298975\n|switch|p2b: Flutter Mane|Flutter Mane, L50|100\/100\n|-activate|p2b: Flutter Mane|ability: Protosynthesis\n|-start|p2b: Flutter Mane|protosynthesisspa\n|turn|6\n|\n|t:|1683298984\n|move|p2b: Flutter Mane|Power Gem|p1b: Torkoal\n|-supereffective|p1b: Torkoal\n|-damage|p1b: Torkoal|0 fnt\n|faint|p1b: Torkoal\n|move|p1a: FuckLillikoal|Snarl|p2b: Flutter Mane\n|-damage|p2b: Flutter Mane|86\/100\n|-unboost|p2b: Flutter Mane|spa|1\n|\n|-weather|SunnyDay|[upkeep]\n|upkeep\n|\n|t:|1683298989\n|switch|p1b: Chi-Yu|Chi-Yu, L50|100\/100\n|-ability|p1b: Chi-Yu|Beads of Ruin\n|turn|7\n|\n|t:|1683298999\n|move|p1a: FuckLillikoal|Helping Hand|p1b: Chi-Yu\n|-singleturn|p1b: Chi-Yu|Helping Hand|[of] p1a: FuckLillikoal\n|move|p1b: Chi-Yu|Overheat|p2b: Flutter Mane\n|-damage|p2b: Flutter Mane|0 fnt\n|-unboost|p1b: Chi-Yu|spa|2\n|faint|p2b: Flutter Mane\n|-end|p2b: Flutter Mane|Protosynthesis|[silent]\n|\n|win|LeafeonLou12\n|raw|LeafeonLou12's rating: 1204 → 1229<\/strong> (+25 for winning)\n|raw|0l0f3rn3's rating: 1202 → 1177<\/strong> (-25 for losing)\n|l|\u26060l0f3rn3\n","uploadtime":1683299005,"views":6,"p1id":"leafeonlou12","p2id":"0l0f3rn3","formatid":"gen9vgc2023regulationc","rating":1177,"private":0,"password":""}