{"id":"gen9vgc2023regulationc-1856939193","p1":"kricketot marx","p2":"Last Fortune","format":"[Gen 9] VGC 2023 Regulation C","log":"|j|\u2606kricketot marx\n|j|\u2606Last Fortune\n|t:|1683127926\n|gametype|doubles\n|player|p1|kricketot marx|flannery|1477\n|player|p2|Last Fortune|101|1390\n|teamsize|p1|6\n|teamsize|p2|6\n|gen|9\n|tier|[Gen 9] VGC 2023 Regulation C\n|rated|\n|rule|Species Clause: Limit one of each Pok\u00e9mon\n|rule|Item Clause: Limit one of each item\n|clearpoke\n|poke|p1|Garganacl, L50, M|\n|poke|p1|Flutter Mane, L50|\n|poke|p1|Iron Bundle, L50|\n|poke|p1|Abomasnow, L50, F|\n|poke|p1|Arcanine, L50, M|\n|poke|p1|Ting-Lu, L50|\n|poke|p2|Dondozo, L50, M|\n|poke|p2|Tatsugiri, L50, M|\n|poke|p2|Dragonite, L50, F|\n|poke|p2|Chi-Yu, L50|\n|poke|p2|Iron Bundle, L50|\n|poke|p2|Glimmora, L50, M|\n|teampreview|4\nLast Fortune has agreed to open team sheets.\nkricketot marx has agreed to open team sheets.\n|inactive|Battle timer is ON: inactive players will automatically lose when time's up. (requested by Last Fortune)\n|\n|t:|1683128012\n|start\n|switch|p1a: Garganacl|Garganacl, L50, M, shiny|100\/100\n|switch|p1b: Ting-Lu|Ting-Lu, L50|100\/100\n|switch|p2a: Iron Bundle|Iron Bundle, L50|100\/100\n|switch|p2b: Glimmora|Glimmora, L50, M|100\/100\n|-ability|p1b: Ting-Lu|Vessel of Ruin\n|turn|1\n|inactive|kricketot marx has 30 seconds left.\n|inactive|Last Fortune has 30 seconds left.\n|inactive|Last Fortune has 20 seconds left.\n|inactive|Last Fortune has 15 seconds left.\n|inactive|Last Fortune has 10 seconds left.\n|\n|t:|1683128060\n|-terastallize|p1a: Garganacl|Poison\n|move|p1b: Ting-Lu|Protect|p1b: Ting-Lu\n|-singleturn|p1b: Ting-Lu|Protect\n|move|p2a: Iron Bundle|Hydro Pump|p1b: Ting-Lu\n|-activate|p1b: Ting-Lu|move: Protect\n|move|p2b: Glimmora|Power Gem|p1b: Ting-Lu\n|-activate|p1b: Ting-Lu|move: Protect\n|move|p1a: Garganacl|Salt Cure|p2a: Iron Bundle\n|-supereffective|p2a: Iron Bundle\n|-damage|p2a: Iron Bundle|64\/100\n|-start|p2a: Iron Bundle|Salt Cure\n|\n|-damage|p2a: Iron Bundle|39\/100|[from] Salt Cure\n|upkeep\n|turn|2\n|inactive|kricketot marx has 30 seconds left.\n|inactive|kricketot marx has 20 seconds left.\n|\n|t:|1683128099\n|move|p2a: Iron Bundle|Hydro Pump|p1b: Ting-Lu\n|-supereffective|p1b: Ting-Lu\n|-damage|p1b: Ting-Lu|44\/100\n|move|p2b: Glimmora|Sludge Bomb|p1b: Ting-Lu\n|-resisted|p1b: Ting-Lu\n|-damage|p1b: Ting-Lu|32\/100\n|-status|p1b: Ting-Lu|psn\n|-enditem|p1b: Ting-Lu|Lum Berry|[eat]\n|-curestatus|p1b: Ting-Lu|psn|[msg]\n|move|p1b: Ting-Lu|Stomping Tantrum|p2b: Glimmora\n|-supereffective|p2b: Glimmora\n|-damage|p2b: Glimmora|0 fnt\n|-activate|p2b: Glimmora|ability: Toxic Debris\n|-sidestart|p1: kricketot marx|move: Toxic Spikes\n|faint|p2b: Glimmora\n|move|p1a: Garganacl|Salt Cure|p2a: Iron Bundle\n|-supereffective|p2a: Iron Bundle\n|-damage|p2a: Iron Bundle|3\/100\n|\n|-damage|p2a: Iron Bundle|0 fnt|[from] Salt Cure\n|faint|p2a: Iron Bundle\n|-end|p2a: Iron Bundle|Quark Drive|[silent]\n|upkeep\n|j| iMew2701\n|l| iMew2701\n|\n|t:|1683128115\n|switch|p2a: Dondozo|Dondozo, L50, M|100\/100\n|switch|p2b: Chi-Yu|Chi-Yu, L50|100\/100\n|-ability|p2b: Chi-Yu|Beads of Ruin\n|turn|3\n|\n|t:|1683128139\n|move|p2b: Chi-Yu|Protect|p2b: Chi-Yu\n|-singleturn|p2b: Chi-Yu|Protect\n|move|p1b: Ting-Lu|Protect|p1b: Ting-Lu\n|-singleturn|p1b: Ting-Lu|Protect\n|move|p2a: Dondozo|Substitute|p2a: Dondozo\n|-start|p2a: Dondozo|Substitute\n|-damage|p2a: Dondozo|76\/100\n|move|p1a: Garganacl|Salt Cure|p2b: Chi-Yu\n|-activate|p2b: Chi-Yu|move: Protect\n|\n|-heal|p2a: Dondozo|82\/100|[from] item: Leftovers\n|upkeep\n|turn|4\n|inactive|Last Fortune has 30 seconds left.\n|\n|t:|1683128166\n|move|p2b: Chi-Yu|Heat Wave|p1a: Garganacl|[spread] p1b\n|-miss|p2b: Chi-Yu|p1a: Garganacl\n|-damage|p1b: Ting-Lu|6\/100\n|-status|p1b: Ting-Lu|brn\n|move|p2a: Dondozo|Wave Crash|p1a: Garganacl\n|-damage|p1a: Garganacl|69\/100\n|-damage|p2a: Dondozo|73\/100|[from] Recoil\n|move|p1b: Ting-Lu|Stomping Tantrum|p2b: Chi-Yu\n|-supereffective|p2b: Chi-Yu\n|-damage|p2b: Chi-Yu|47\/100\n|move|p1a: Garganacl|Salt Cure|p2b: Chi-Yu\n|-supereffective|p2b: Chi-Yu\n|-damage|p2b: Chi-Yu|0 fnt\n|faint|p2b: Chi-Yu\n|\n|-heal|p2a: Dondozo|79\/100|[from] item: Leftovers\n|-heal|p1a: Garganacl|75\/100|[from] item: Leftovers\n|-damage|p1b: Ting-Lu|0 fnt|[from] brn\n|faint|p1b: Ting-Lu\n|upkeep\n|inactive|kricketot marx has 30 seconds left.\n|\n|t:|1683128191\n|switch|p1b: Abomasnow|Abomasnow, L50, F|100\/100\n|-status|p1b: Abomasnow|psn\n|-weather|Snow|[from] ability: Snow Warning|[of] p1b: Abomasnow\n|turn|5\n|j| RM20VGC777\n|inactive|kricketot marx has 30 seconds left.\n|\n|t:|1683128225\n|-terastallize|p2a: Dondozo|Steel\n|move|p1b: Abomasnow|Giga Drain|p2a: Dondozo\n|-resisted|p2a: Dondozo\n|-activate|p2a: Dondozo|move: Substitute|[damage]\n|move|p2a: Dondozo|Earthquake|p1a: Garganacl|[spread] p1a,p1b\n|-supereffective|p1a: Garganacl\n|-resisted|p1b: Abomasnow\n|-damage|p1a: Garganacl|46\/100\n|-damage|p1b: Abomasnow|91\/100 psn\n|move|p1a: Garganacl|Salt Cure|p2a: Dondozo\n|-resisted|p2a: Dondozo\n|-activate|p2a: Dondozo|move: Substitute|[damage]\n|\n|-weather|Snow|[upkeep]\n|-heal|p2a: Dondozo|85\/100|[from] item: Leftovers\n|-heal|p1a: Garganacl|52\/100|[from] item: Leftovers\n|-damage|p1b: Abomasnow|79\/100 psn|[from] psn\n|upkeep\n|turn|6\n|c|\u2606Last Fortune|I do not see how I'm gonna win this, but I've got time\n|inactive|Last Fortune has 30 seconds left.\n|inactive|Last Fortune has 20 seconds left.\n|\n|t:|1683128261\n|move|p2a: Dondozo|Protect|p2a: Dondozo\n|-singleturn|p2a: Dondozo|Protect\n|move|p1b: Abomasnow|Chilling Water|p2a: Dondozo\n|-activate|p2a: Dondozo|move: Protect\n|move|p1a: Garganacl|Salt Cure|p2a: Dondozo\n|-activate|p2a: Dondozo|move: Protect\n|\n|-weather|Snow|[upkeep]\n|-heal|p2a: Dondozo|91\/100|[from] item: Leftovers\n|-heal|p1a: Garganacl|58\/100|[from] item: Leftovers\n|-damage|p1b: Abomasnow|67\/100 psn|[from] psn\n|upkeep\n|turn|7\n|inactive|Last Fortune has 30 seconds left.\n|\n|t:|1683128292\n|move|p1b: Abomasnow|Chilling Water|p2a: Dondozo\n|-crit|p2a: Dondozo\n|-end|p2a: Dondozo|Substitute\n|move|p2a: Dondozo|Earthquake|p1a: Garganacl|[spread] p1a,p1b\n|-supereffective|p1a: Garganacl\n|-crit|p1a: Garganacl\n|-resisted|p1b: Abomasnow\n|-damage|p1a: Garganacl|19\/100\n|-damage|p1b: Abomasnow|57\/100 psn\n|move|p1a: Garganacl|Salt Cure|p2a: Dondozo\n|-resisted|p2a: Dondozo\n|-damage|p2a: Dondozo|87\/100\n|-start|p2a: Dondozo|Salt Cure\n|\n|-weather|Snow|[upkeep]\n|-heal|p2a: Dondozo|93\/100|[from] item: Leftovers\n|-heal|p1a: Garganacl|24\/100|[from] item: Leftovers\n|-damage|p1b: Abomasnow|45\/100 psn|[from] psn\n|-damage|p2a: Dondozo|68\/100|[from] Salt Cure\n|upkeep\n|turn|8\n|\n|t:|1683128312\n|move|p1a: Garganacl|Protect|p1a: Garganacl\n|-singleturn|p1a: Garganacl|Protect\n|move|p1b: Abomasnow|Aurora Veil|p1b: Abomasnow\n|-sidestart|p1: kricketot marx|move: Aurora Veil\n|move|p2a: Dondozo|Wave Crash|p1a: Garganacl\n|-activate|p1a: Garganacl|move: Protect\n|\n|-weather|Snow|[upkeep]\n|-heal|p2a: Dondozo|74\/100|[from] item: Leftovers\n|-heal|p1a: Garganacl|30\/100|[from] item: Leftovers\n|-damage|p1b: Abomasnow|33\/100 psn|[from] psn\n|-damage|p2a: Dondozo|50\/100|[from] Salt Cure\n|upkeep\n|turn|9\n|inactive|kricketot marx has 30 seconds left.\n|\n|t:|1683128339\n|switch|p1a: Iron Bundle|Iron Bundle, L50|100\/100\n|-status|p1a: Iron Bundle|psn\n|move|p1b: Abomasnow|Chilling Water|p2a: Dondozo\n|-damage|p2a: Dondozo|36\/100\n|-unboost|p2a: Dondozo|atk|1\n|move|p2a: Dondozo|Wave Crash|p1a: Iron Bundle\n|-resisted|p1a: Iron Bundle\n|-damage|p1a: Iron Bundle|91\/100 psn\n|-damage|p2a: Dondozo|35\/100|[from] Recoil\n|\n|-weather|none\n|-heal|p2a: Dondozo|41\/100|[from] item: Leftovers\n|-damage|p1a: Iron Bundle|79\/100 psn|[from] psn\n|-damage|p1b: Abomasnow|21\/100 psn|[from] psn\n|-damage|p2a: Dondozo|16\/100|[from] Salt Cure\n|upkeep\n|turn|10\n|-message|Last Fortune forfeited.\n|\n|win|kricketot marx\n|raw|kricketot marx's rating: 1477 → 1492<\/strong> (+15 for winning)\n|raw|Last Fortune's rating: 1390 → 1375<\/strong> (-15 for losing)\n|l|\u2606Last Fortune\n","uploadtime":1683128407,"views":15,"p1id":"kricketotmarx","p2id":"lastfortune","formatid":"gen9vgc2023regulationc","rating":1375,"private":0,"password":""}