{"id":"gen9vgc2023regulationc-1856434002","p1":"tecomoavocad2","p2":"carlospe1205","format":"[Gen 9] VGC 2023 Regulation C","log":"|j|\u2606tecomoavocad2\n|j|\u2606carlospe1205\n|t:|1683061142\n|gametype|doubles\n|player|p1|tecomoavocad2|lucas|1061\n|player|p2|carlospe1205|bugsy|1141\n|teamsize|p1|6\n|teamsize|p2|6\n|gen|9\n|tier|[Gen 9] VGC 2023 Regulation C\n|rated|\n|rule|Species Clause: Limit one of each Pok\u00e9mon\n|rule|Item Clause: Limit one of each item\n|clearpoke\n|poke|p1|Ting-Lu, L50|\n|poke|p1|Flutter Mane, L50|\n|poke|p1|Amoonguss, L50, F|\n|poke|p1|Arcanine, L50, M|\n|poke|p1|Dragonite, L50, F|\n|poke|p1|Chien-Pao, L50|\n|poke|p2|Baxcalibur, L50, F|\n|poke|p2|Talonflame, L50, F|\n|poke|p2|Amoonguss, L50, F|\n|poke|p2|Grimmsnarl, L50, M|\n|poke|p2|Flutter Mane, L50|\n|poke|p2|Chi-Yu, L50|\n|teampreview|4\n|\n|t:|1683061155\n|start\n|switch|p1a: Flutter Mane|Flutter Mane, L50|100\/100\n|switch|p1b: Amoonguss|Amoonguss, L50, F|100\/100\n|switch|p2a: Krompus|Grimmsnarl, L50, M|100\/100\n|switch|p2b: AMOGUS|Amoonguss, L50, F|100\/100\n|-enditem|p1a: Flutter Mane|Booster Energy\n|-activate|p1a: Flutter Mane|ability: Protosynthesis|[fromitem]\n|-start|p1a: Flutter Mane|protosynthesisspe\n|turn|1\n|\n|t:|1683061198\n|move|p1b: Amoonguss|Protect|p1b: Amoonguss\n|-singleturn|p1b: Amoonguss|Protect\n|move|p2a: Krompus|Fake Out|p1b: Amoonguss\n|-activate|p1b: Amoonguss|move: Protect\n|move|p1a: Flutter Mane|Moonblast|p2a: Krompus\n|-supereffective|p2a: Krompus\n|-damage|p2a: Krompus|0 fnt\n|faint|p2a: Krompus\n|move|p2b: AMOGUS|Spore|p1a: Flutter Mane\n|-status|p1a: Flutter Mane|slp|[from] move: Spore\n|\n|upkeep\n|\n|t:|1683061208\n|switch|p2a: Luz|Chi-Yu, L50|100\/100\n|-ability|p2a: Luz|Beads of Ruin\n|turn|2\n|\n|t:|1683061228\n|switch|p2b: Miko|Flutter Mane, L50|100\/100\n|-enditem|p2b: Miko|Booster Energy\n|-activate|p2b: Miko|ability: Protosynthesis|[fromitem]\n|-start|p2b: Miko|protosynthesisspa\n|switch|p1b: Ting-Lu|Ting-Lu, L50|100\/100\n|-ability|p1b: Ting-Lu|Vessel of Ruin\n|cant|p1a: Flutter Mane|slp\n|move|p2a: Luz|Heat Wave|p1a: Flutter Mane|[spread] p1a,p1b\n|-damage|p1a: Flutter Mane|49\/100 slp\n|-damage|p1b: Ting-Lu|77\/100\n|-damage|p2a: Luz|91\/100|[from] item: Life Orb\n|\n|upkeep\n|turn|3\n|\n|t:|1683061291\n|-terastallize|p2a: Luz|Flying\n|cant|p1a: Flutter Mane|slp\n|move|p2b: Miko|Shadow Ball|p1a: Flutter Mane\n|-supereffective|p1a: Flutter Mane\n|-damage|p1a: Flutter Mane|0 fnt\n|faint|p1a: Flutter Mane\n|-end|p1a: Flutter Mane|Protosynthesis|[silent]\n|move|p2a: Luz|Nasty Plot|p2a: Luz\n|-boost|p2a: Luz|spa|2\n|move|p1b: Ting-Lu|Stomping Tantrum|p2a: Luz\n|-immune|p2a: Luz\n|\n|upkeep\n|\n|t:|1683061304\n|switch|p1a: Arcanine|Arcanine, L50, M|100\/100\n|-ability|p1a: Arcanine|Intimidate|boost\n|-unboost|p2a: Luz|atk|1\n|-unboost|p2b: Miko|atk|1\n|turn|4\n|\n|t:|1683061339\n|move|p2a: Luz|Protect|p2a: Luz\n|-singleturn|p2a: Luz|Protect\n|move|p2b: Miko|Moonblast|p1b: Ting-Lu\n|-supereffective|p1b: Ting-Lu\n|-damage|p1b: Ting-Lu|5\/100\n|move|p1a: Arcanine|Flare Blitz|p2a: Luz\n|-activate|p2a: Luz|move: Protect\n|move|p1b: Ting-Lu|Stomping Tantrum|p2b: Miko\n|-damage|p2b: Miko|0 fnt\n|faint|p2b: Miko\n|-end|p2b: Miko|Protosynthesis|[silent]\n|\n|upkeep\n|\n|t:|1683061344\n|switch|p2b: AMOGUS|Amoonguss, L50, F|100\/100\n|turn|5\n|\n|t:|1683061363\n|move|p1a: Arcanine|Flare Blitz|p2b: AMOGUS\n|-supereffective|p2b: AMOGUS\n|-damage|p2b: AMOGUS|32\/100\n|-damage|p1a: Arcanine|84\/100|[from] item: Rocky Helmet|[of] p2b: AMOGUS\n|-damage|p1a: Arcanine|58\/100|[from] Recoil\n|move|p2a: Luz|Heat Wave|p1a: Arcanine|[spread] p1a,p1b\n|-resisted|p1a: Arcanine\n|-damage|p1a: Arcanine|13\/100\n|-damage|p1b: Ting-Lu|0 fnt\n|faint|p1b: Ting-Lu\n|-damage|p2a: Luz|81\/100|[from] item: Life Orb\n|move|p2b: AMOGUS|Pollen Puff|p2a: Luz\n|-heal|p2a: Luz|100\/100\n|\n|upkeep\n|\n|t:|1683061377\n|switch|p1b: Amoonguss|Amoonguss, L50, F|100\/100\n|turn|6\n|\n|t:|1683061389\n|-terastallize|p1b: Amoonguss|Electric\n|move|p1a: Arcanine|Flare Blitz|p2b: AMOGUS\n|-supereffective|p2b: AMOGUS\n|-damage|p2b: AMOGUS|0 fnt\n|-damage|p1a: Arcanine|0 fnt|[from] item: Rocky Helmet|[of] p2b: AMOGUS\n|faint|p2b: AMOGUS\n|faint|p1a: Arcanine\n|move|p2a: Luz|Heat Wave|p1b: Amoonguss\n|-damage|p1b: Amoonguss|0 fnt\n|faint|p1b: Amoonguss\n|-damage|p2a: Luz|91\/100|[from] item: Life Orb\n|\n|win|carlospe1205\n|raw|tecomoavocad2's rating: 1061 → 1046<\/strong> (-15 for losing)\n|raw|carlospe1205's rating: 1141 → 1160<\/strong> (+19 for winning)\n|c|\u2606tecomoavocad2|gg\n","uploadtime":1683061403,"views":7,"p1id":"tecomoavocad2","p2id":"carlospe1205","formatid":"gen9vgc2023regulationc","rating":1046,"private":0,"password":""}