{"id":"gen9vgc2023regulationc-1852600510","p1":"future vic","p2":"luckyrabbitnp","format":"[Gen 9] VGC 2023 Regulation C","log":"|j|\u2606future vic\n|j|\u2606luckyrabbitnp\n|t:|1682583255\n|gametype|doubles\n|player|p1|future vic|beauty-gen2jp|1109\n|player|p2|luckyrabbitnp|102|1123\n|teamsize|p1|6\n|teamsize|p2|6\n|gen|9\n|tier|[Gen 9] VGC 2023 Regulation C\n|rated|\n|rule|Species Clause: Limit one of each Pok\u00e9mon\n|rule|Item Clause: Limit one of each item\n|clearpoke\n|poke|p1|Oranguru, L50, F|\n|poke|p1|Torkoal, L50, F|\n|poke|p1|Altaria, L50, F|\n|poke|p1|Ting-Lu, L50|\n|poke|p1|Amoonguss, L50, F|\n|poke|p1|Hatterene, L50, F|\n|poke|p2|Tatsugiri, L50, F|\n|poke|p2|Flamigo, L50, F|\n|poke|p2|Garganacl, L50, M|\n|poke|p2|Dondozo, L50, F|\n|poke|p2|Drednaw, L50, F|\n|poke|p2|Pelipper, L50, F|\n|teampreview|4\n|inactive|Battle timer is ON: inactive players will automatically lose when time's up. (requested by future vic)\n|\n|t:|1682583277\n|start\n|switch|p1a: Oranguru|Oranguru, L50, F, shiny|100\/100\n|switch|p1b: Torkoal|Torkoal, L50, F, shiny|100\/100\n|switch|p2a: Garganacl|Garganacl, L50, M|100\/100\n|switch|p2b: Tatsugiri|Tatsugiri, L50, F|100\/100\n|-weather|SunnyDay|[from] ability: Drought|[of] p1b: Torkoal\n|turn|1\n|\n|t:|1682583296\n|-terastallize|p2a: Garganacl|Normal\n|move|p2b: Tatsugiri|Endure|p2b: Tatsugiri\n|-singleturn|p2b: Tatsugiri|move: Endure\n|move|p1b: Torkoal|Protect|p1b: Torkoal\n|-singleturn|p1b: Torkoal|Protect\n|move|p2a: Garganacl|Explosion|p1b: Torkoal|[spread] p2b,p1a\n|-activate|p1b: Torkoal|move: Protect\n|-activate|p2b: Tatsugiri|move: Endure\n|-damage|p2b: Tatsugiri|1\/100\n|-damage|p1a: Oranguru|0 fnt\n|faint|p2a: Garganacl\n|faint|p1a: Oranguru\n|\n|-weather|SunnyDay|[upkeep]\n|-status|p2b: Tatsugiri|tox|[from] item: Toxic Orb\n|upkeep\n|\n|t:|1682583318\n|switch|p2a: Dondozo|Dondozo, L50, F|100\/100\n|switch|p1a: Ting-Lu|Ting-Lu, L50|100\/100\n|-activate|p2b: Tatsugiri|ability: Commander|[of] p2a: Dondozo\n|-boost|p2a: Dondozo|atk|2\n|-boost|p2a: Dondozo|spa|2\n|-boost|p2a: Dondozo|spe|2\n|-boost|p2a: Dondozo|def|2\n|-boost|p2a: Dondozo|spd|2\n|-ability|p1a: Ting-Lu|Vessel of Ruin\n|turn|2\n|inactive|luckyrabbitnp has 30 seconds left.\n|\n|t:|1682583348\n|move|p2a: Dondozo|Order Up|p1b: Torkoal\n|-damage|p1b: Torkoal|64\/100\n|-boost|p2a: Dondozo|atk|1\n|move|p1a: Ting-Lu|Fissure|p2a: Dondozo|[miss]\n|-miss|p1a: Ting-Lu|p2a: Dondozo\n|move|p1b: Torkoal|Eruption|p2b: Tatsugiri|[spread] p2a\n|-miss|p1b: Torkoal|p2b: Tatsugiri\n|-resisted|p2a: Dondozo\n|-damage|p2a: Dondozo|89\/100\n|\n|-weather|SunnyDay|[upkeep]\n|-damage|p2b: Tatsugiri|0 fnt|[from] psn\n|faint|p2b: Tatsugiri\n|upkeep\n|\n|t:|1682583363\n|switch|p2b: Flamigo|Flamigo, L50, F|100\/100\n|-copyboost|p2b: Flamigo|p2a: Dondozo|[from] ability: Costar\n|turn|3\n|inactive|luckyrabbitnp has 30 seconds left.\n|c|\u2606future vic|god, i fucking hate u\n|inactive|luckyrabbitnp has 20 seconds left.\n|inactive|luckyrabbitnp has 15 seconds left.\n|\n|t:|1682583405\n|move|p1b: Torkoal|Protect|p1b: Torkoal\n|-singleturn|p1b: Torkoal|Protect\n|move|p2b: Flamigo|Feint|p1b: Torkoal\n|-activate|p1b: Torkoal|move: Feint\n|-damage|p1b: Torkoal|37\/100\n|-damage|p2b: Flamigo|91\/100|[from] item: Life Orb\n|move|p2a: Dondozo|Earthquake|p1a: Ting-Lu|[spread] p1a,p1b\n|-immune|p2b: Flamigo\n|-supereffective|p1b: Torkoal\n|-damage|p1a: Ting-Lu|68\/100\n|-damage|p1b: Torkoal|0 fnt\n|faint|p1b: Torkoal\n|move|p1a: Ting-Lu|Fissure|p2a: Dondozo|[miss]\n|-miss|p1a: Ting-Lu|p2a: Dondozo\n|\n|-weather|SunnyDay|[upkeep]\n|upkeep\n|\n|t:|1682583421\n|switch|p1b: Amoonguss|Amoonguss, L50, F, shiny|100\/100\n|turn|4\n|\n|t:|1682583435\n|move|p1b: Amoonguss|Rage Powder|p1b: Amoonguss\n|-singleturn|p1b: Amoonguss|move: Rage Powder\n|move|p2b: Flamigo|Brave Bird|p1b: Amoonguss\n|-supereffective|p1b: Amoonguss\n|-damage|p1b: Amoonguss|0 fnt\n|faint|p1b: Amoonguss\n|-damage|p2b: Flamigo|45\/100|[from] Recoil\n|-damage|p2b: Flamigo|36\/100|[from] item: Life Orb\n|move|p2a: Dondozo|Earthquake|p1a: Ting-Lu|[spread] p1a\n|-immune|p2b: Flamigo\n|-damage|p1a: Ting-Lu|38\/100\n|move|p1a: Ting-Lu|Fissure|p2a: Dondozo|[miss]\n|-miss|p1a: Ting-Lu|p2a: Dondozo\n|\n|-weather|SunnyDay|[upkeep]\n|upkeep\n|turn|5\n|-message|future vic forfeited.\n|\n|win|luckyrabbitnp\n|raw|future vic's rating: 1109 → 1085<\/strong> (-24 for losing)\n|raw|luckyrabbitnp's rating: 1123 → 1147<\/strong> (+24 for winning)\n|l|\u2606future vic\n","uploadtime":1682583391,"views":11,"p1id":"futurevic","p2id":"luckyrabbitnp","formatid":"gen9vgc2023regulationc","rating":1085,"private":0,"password":""}