{"id":"gen9vgc2023regulationc-1848380587","p1":"Ym949","p2":"TonyJazs","format":"[Gen 9] VGC 2023 Regulation C","log":"|j|\u2606Ym949\n|j|\u2606TonyJazs\n|t:|1682069730\n|gametype|doubles\n|player|p1|Ym949|acetrainer|1160\n|player|p2|TonyJazs|brawly|1108\n|teamsize|p1|6\n|teamsize|p2|6\n|gen|9\n|tier|[Gen 9] VGC 2023 Regulation C\n|rated|\n|rule|Species Clause: Limit one of each Pok\u00e9mon\n|rule|Item Clause: Limit one of each item\n|clearpoke\n|poke|p1|Ting-Lu, L50|\n|poke|p1|Corviknight, L50, M|\n|poke|p1|Flutter Mane, L50|\n|poke|p1|Iron Thorns, L50|\n|poke|p1|Iron Bundle, L50|\n|poke|p1|Tauros-Paldea-Blaze, L50, M|\n|poke|p2|Dragapult, L50, F|\n|poke|p2|Chien-Pao, L50|\n|poke|p2|Palafin, L50, M|\n|poke|p2|Baxcalibur, L50, F|\n|poke|p2|Talonflame, L50, F|\n|poke|p2|Great Tusk, L50|\n|teampreview|4\n|inactive|Battle timer is ON: inactive players will automatically lose when time's up. (requested by TonyJazs)\n|inactive|Ym949 has 60 seconds left.\n|\n|t:|1682069767\n|start\n|switch|p1a: Corviknight|Corviknight, L50, M|100\/100\n|switch|p1b: Tauros|Tauros-Paldea-Blaze, L50, M|100\/100\n|switch|p2a: Palafin|Palafin, L50, M, shiny|100\/100\n|switch|p2b: Talonflame|Talonflame, L50, F, shiny|100\/100\n|-ability|p1b: Tauros|Intimidate|boost\n|-unboost|p2a: Palafin|atk|1\n|-unboost|p2b: Talonflame|atk|1\n|turn|1\n|inactive|TonyJazs has 30 seconds left.\n|inactive|TonyJazs has 20 seconds left.\n|\n|t:|1682069802\n|detailschange|p2a: Palafin|Palafin-Hero, L50, M, shiny\n|switch|p2a: Dragapult|Dragapult, L50, F, shiny|100\/100\n|move|p1b: Tauros|Protect|p1b: Tauros\n|-singleturn|p1b: Tauros|Protect\n|move|p2b: Talonflame|Tailwind|p2b: Talonflame\n|-sidestart|p2: TonyJazs|move: Tailwind\n|move|p1a: Corviknight|Tailwind|p1a: Corviknight\n|-sidestart|p1: Ym949|move: Tailwind\n|\n|upkeep\n|turn|2\n|inactive|TonyJazs has 30 seconds left.\n|\n|t:|1682069830\n|-terastallize|p1b: Tauros|Fire\n|move|p2a: Dragapult|U-turn|p1b: Tauros\n|-resisted|p1b: Tauros\n|-damage|p1b: Tauros|83\/100\n|\n|t:|1682069835\n|switch|p2a: Palafin|Palafin-Hero, L50, M, shiny|100\/100|[from] U-turn\n|-activate|p2a: Palafin|ability: Zero to Hero\n|move|p2b: Talonflame|Taunt|p1a: Corviknight\n|-start|p1a: Corviknight|move: Taunt\n|move|p1b: Tauros|Will-O-Wisp|p2a: Palafin\n|-status|p2a: Palafin|brn\n|move|p1a: Corviknight|Brave Bird|p2b: Talonflame\n|-damage|p2b: Talonflame|25\/100\n|-damage|p1a: Corviknight|81\/100|[from] Recoil\n|\n|-damage|p2a: Palafin|95\/100 brn|[from] brn\n|upkeep\n|turn|3\n|inactive|TonyJazs has 30 seconds left.\n|\n|t:|1682069865\n|-terastallize|p2a: Palafin|Water\n|move|p1b: Tauros|Protect|p1b: Tauros\n|-singleturn|p1b: Tauros|Protect\n|move|p2b: Talonflame|Will-O-Wisp|p1a: Corviknight\n|-status|p1a: Corviknight|brn\n|move|p2a: Palafin|Wave Crash|p1b: Tauros\n|-activate|p1b: Tauros|move: Protect\n|move|p1a: Corviknight|Brave Bird|p2b: Talonflame\n|-damage|p2b: Talonflame|0 fnt\n|faint|p2b: Talonflame\n|-damage|p1a: Corviknight|76\/100 brn|[from] Recoil\n|\n|-damage|p2a: Palafin|89\/100 brn|[from] brn\n|-damage|p1a: Corviknight|70\/100 brn|[from] brn\n|upkeep\n|\n|t:|1682069883\n|switch|p2b: Dragapult|Dragapult, L50, F, shiny|100\/100\n|turn|4\n|\n|t:|1682069894\n|move|p2b: Dragapult|Phantom Force||[still]\n|-prepare|p2b: Dragapult|Phantom Force\n|move|p1b: Tauros|Will-O-Wisp|p2b: Dragapult|[miss]\n|-miss|p1b: Tauros|p2b: Dragapult\n|move|p2a: Palafin|Wave Crash|p1b: Tauros\n|-supereffective|p1b: Tauros\n|-damage|p1b: Tauros|0 fnt\n|faint|p1b: Tauros\n|-damage|p2a: Palafin|66\/100 brn|[from] Recoil\n|move|p1a: Corviknight|Brave Bird|p2b: Dragapult|[miss]\n|-miss|p1a: Corviknight|p2b: Dragapult\n|\n|-damage|p2a: Palafin|60\/100 brn|[from] brn\n|-damage|p1a: Corviknight|64\/100 brn|[from] brn\n|-end|p1a: Corviknight|move: Taunt\n|-sideend|p2: TonyJazs|move: Tailwind\n|-sideend|p1: Ym949|move: Tailwind\n|upkeep\n|\n|t:|1682069918\n|switch|p1b: Iron Bundle|Iron Bundle, L50|100\/100\n|-enditem|p1b: Iron Bundle|Booster Energy\n|-activate|p1b: Iron Bundle|ability: Quark Drive|[fromitem]\n|-start|p1b: Iron Bundle|quarkdrivespe\n|turn|5\n|\n|t:|1682069933\n|move|p1b: Iron Bundle|Protect|p1b: Iron Bundle\n|-singleturn|p1b: Iron Bundle|Protect\n|move|p1a: Corviknight|Protect|p1a: Corviknight\n|-singleturn|p1a: Corviknight|Protect\n|move|p2b: Dragapult|Phantom Force|p1a: Corviknight|[from]lockedmove\n|-activate|p1a: Corviknight|move: Phantom Force|[broken]\n|-damage|p1a: Corviknight|10\/100 brn\n|move|p2a: Palafin|Close Combat|p1b: Iron Bundle\n|-activate|p1b: Iron Bundle|move: Protect\n|\n|-damage|p2a: Palafin|54\/100 brn|[from] brn\n|-damage|p1a: Corviknight|4\/100 brn|[from] brn\n|upkeep\n|turn|6\n|inactive|Ym949 has 30 seconds left.\n|\n|t:|1682069959\n|move|p2a: Palafin|Protect|p2a: Palafin\n|-singleturn|p2a: Palafin|Protect\n|move|p1b: Iron Bundle|Freeze-Dry|p2a: Palafin\n|-activate|p2a: Palafin|move: Protect\n|move|p2b: Dragapult|Phantom Force||[still]\n|-prepare|p2b: Dragapult|Phantom Force\n|move|p1a: Corviknight|Tailwind|p1a: Corviknight\n|-sidestart|p1: Ym949|move: Tailwind\n|\n|-damage|p1a: Corviknight|0 fnt|[from] brn\n|faint|p1a: Corviknight\n|-damage|p2a: Palafin|48\/100 brn|[from] brn\n|upkeep\n|\n|t:|1682069973\n|switch|p1a: Ting-Lu|Ting-Lu, L50|100\/100\n|-ability|p1a: Ting-Lu|Vessel of Ruin\n|turn|7\n|\n|t:|1682069982\n|move|p1b: Iron Bundle|Protect|p1b: Iron Bundle\n|-singleturn|p1b: Iron Bundle|Protect\n|move|p2b: Dragapult|Phantom Force|p1b: Iron Bundle|[from]lockedmove\n|-activate|p1b: Iron Bundle|move: Phantom Force|[broken]\n|-damage|p1b: Iron Bundle|25\/100\n|move|p2a: Palafin|Wave Crash|p1a: Ting-Lu\n|-supereffective|p1a: Ting-Lu\n|-crit|p1a: Ting-Lu\n|-damage|p1a: Ting-Lu|0 fnt\n|faint|p1a: Ting-Lu\n|-damage|p2a: Palafin|0 fnt|[from] Recoil\n|faint|p2a: Palafin\n|\n|upkeep\n|-message|Ym949 forfeited.\n|\n|win|TonyJazs\n|raw|Ym949's rating: 1160 → 1131<\/strong> (-29 for losing)\n|raw|TonyJazs's rating: 1108 → 1137<\/strong> (+29 for winning)\n|l|\u2606Ym949\n","uploadtime":1682069998,"views":4,"p1id":"ym949","p2id":"tonyjazs","formatid":"gen9vgc2023regulationc","rating":1131,"private":0,"password":""}