{"id":"gen9vgc2023regulationc-1852887039","p1":"SauronVGC","p2":"Duecal1on","format":"[Gen 9] VGC 2023 Regulation C","log":"|j|\u2606SauronVGC\n|j|\u2606Duecal1on\n|t:|1682614606\n|gametype|doubles\n|player|p1|SauronVGC|cynthia|1277\n|player|p2|Duecal1on|pokefan|1192\n|teamsize|p1|6\n|teamsize|p2|6\n|gen|9\n|tier|[Gen 9] VGC 2023 Regulation C\n|rated|\n|rule|Species Clause: Limit one of each Pok\u00e9mon\n|rule|Item Clause: Limit one of each item\n|clearpoke\n|poke|p1|Iron Bundle, L50|\n|poke|p1|Scizor, L50, F|\n|poke|p1|Chi-Yu, L50|\n|poke|p1|Dachsbun, L50, M|\n|poke|p1|Flutter Mane, L50|\n|poke|p1|Wo-Chien, L50|\n|poke|p2|Palafin, L50, M|\n|poke|p2|Iron Bundle, L50|\n|poke|p2|Arcanine, L50, M|\n|poke|p2|Amoonguss, L50, M|\n|poke|p2|Chien-Pao, L50|\n|poke|p2|Scizor, L50, M|\n|teampreview|4\n|inactive|Battle timer is ON: inactive players will automatically lose when time's up. (requested by SauronVGC)\n|inactive|SauronVGC has 60 seconds left.\n|inactive|SauronVGC has 30 seconds left.\n|\n|t:|1682614680\n|start\n|switch|p1a: Dachsbun|Dachsbun, L50, M|100\/100\n|switch|p1b: Chi-Yu|Chi-Yu, L50|100\/100\n|switch|p2a: Iron Bundle|Iron Bundle, L50|100\/100\n|switch|p2b: Scizor|Scizor, L50, M|100\/100\n|-ability|p1b: Chi-Yu|Beads of Ruin\n|-enditem|p2a: Iron Bundle|Booster Energy\n|-activate|p2a: Iron Bundle|ability: Quark Drive|[fromitem]\n|-start|p2a: Iron Bundle|quarkdrivespe\n|turn|1\n|inactive|SauronVGC has 30 seconds left.\n|inactive|SauronVGC has 20 seconds left.\n|\n|t:|1682614715\n|-terastallize|p1a: Dachsbun|Steel\n|-terastallize|p2b: Scizor|Fire\n|move|p1b: Chi-Yu|Protect|p1b: Chi-Yu\n|-singleturn|p1b: Chi-Yu|Protect\n|move|p2b: Scizor|Feint|p1b: Chi-Yu\n|-activate|p1b: Chi-Yu|move: Feint\n|-damage|p1b: Chi-Yu|74\/100\n|move|p2a: Iron Bundle|Hydro Pump|p1b: Chi-Yu\n|-supereffective|p1b: Chi-Yu\n|-damage|p1b: Chi-Yu|0 fnt\n|faint|p1b: Chi-Yu\n|move|p1a: Dachsbun|Substitute|p1a: Dachsbun\n|-start|p1a: Dachsbun|Substitute\n|-damage|p1a: Dachsbun|76\/100\n|\n|-heal|p1a: Dachsbun|82\/100|[from] item: Leftovers\n|upkeep\n|\n|t:|1682614731\n|switch|p1b: Wo-Chien|Wo-Chien, L50|100\/100\n|-ability|p1b: Wo-Chien|Tablets of Ruin\n|turn|2\n|inactive|SauronVGC has 30 seconds left.\n|\n|t:|1682614760\n|move|p2a: Iron Bundle|Freeze-Dry|p1b: Wo-Chien\n|-supereffective|p1b: Wo-Chien\n|-damage|p1b: Wo-Chien|55\/100\n|-status|p1b: Wo-Chien|frz\n|move|p1a: Dachsbun|Yawn|p2a: Iron Bundle\n|-start|p2a: Iron Bundle|move: Yawn|[of] p1a: Dachsbun\n|cant|p1b: Wo-Chien|frz\n|move|p2b: Scizor|Swords Dance|p2b: Scizor\n|-boost|p2b: Scizor|atk|2\n|\n|-heal|p1a: Dachsbun|88\/100|[from] item: Leftovers\n|upkeep\n|turn|3\n|\n|t:|1682614784\n|-end|p2a: Iron Bundle|Quark Drive|[silent]\n|switch|p2a: Arcanine|Arcanine, L50, M, shiny|100\/100\n|-ability|p2a: Arcanine|Intimidate|boost\n|-immune|p1a: Dachsbun\n|-unboost|p1b: Wo-Chien|atk|1\n|move|p2b: Scizor|Bullet Punch|p1b: Wo-Chien\n|-damage|p1b: Wo-Chien|15\/100 frz\n|-enditem|p1b: Wo-Chien|Sitrus Berry|[eat]\n|-heal|p1b: Wo-Chien|39\/100 frz|[from] item: Sitrus Berry\n|move|p1a: Dachsbun|Body Press|p2b: Scizor\n|-damage|p2b: Scizor|80\/100\n|cant|p1b: Wo-Chien|frz\n|\n|-heal|p1a: Dachsbun|94\/100|[from] item: Leftovers\n|upkeep\n|turn|4\n|inactive|SauronVGC has 30 seconds left.\n|inactive|Duecal1on has 30 seconds left.\n|inactive|SauronVGC has 20 seconds left.\n|inactive|SauronVGC has 15 seconds left.\n|inactive|SauronVGC has 10 seconds left.\n|\n|t:|1682614829\n|cant|p1b: Wo-Chien|frz\n|move|p2b: Scizor|Feint|p1a: Dachsbun\n|-resisted|p1a: Dachsbun\n|-activate|p1a: Dachsbun|move: Substitute|[damage]\n|move|p2a: Arcanine|Flare Blitz|p1b: Wo-Chien\n|-supereffective|p1b: Wo-Chien\n|-damage|p1b: Wo-Chien|0 fnt\n|faint|p1b: Wo-Chien\n|-damage|p2a: Arcanine|86\/100|[from] Recoil\n|move|p1a: Dachsbun|Body Press|p2b: Scizor\n|-damage|p2b: Scizor|55\/100\n|\n|-heal|p1a: Dachsbun|99\/100|[from] item: Leftovers\n|upkeep\n|\n|t:|1682614839\n|switch|p1b: Scizor|Scizor, L50, F|100\/100\n|turn|5\n|-message|SauronVGC forfeited.\n|\n|win|Duecal1on\n|raw|SauronVGC's rating: 1277 → 1246<\/strong> (-31 for losing)\n|raw|Duecal1on's rating: 1192 → 1223<\/strong> (+31 for winning)\n|l|\u2606SauronVGC\n","uploadtime":1682614850,"views":9,"p1id":"sauronvgc","p2id":"duecal1on","formatid":"gen9vgc2023regulationc","rating":1223,"private":0,"password":""}