{"id":"gen9vgc2023regulationc-1849845941","p1":"omg_its_daddy","p2":"Gemstone Bandits","format":"[Gen 9] VGC 2023 Regulation C","log":"|j|\u2606omg_its_daddy\n|j|\u2606Gemstone Bandits\n|t:|1682259932\n|gametype|doubles\n|player|p1|omg_its_daddy|li|\n|player|p2|Gemstone Bandits|shadowtriad|\n|teamsize|p1|6\n|teamsize|p2|6\n|gen|9\n|tier|[Gen 9] VGC 2023 Regulation C\n|rule|Species Clause: Limit one of each Pok\u00e9mon\n|rule|Item Clause: Limit one of each item\n|clearpoke\n|poke|p1|Dragalge, L50, M|\n|poke|p1|Drowzee, L50, M|\n|poke|p1|Gyarados, L50, M|\n|poke|p1|Raichu, L50, M|\n|poke|p1|Iron Valiant, L50|\n|poke|p1|Corviknight, L50, F|\n|poke|p2|Tyranitar, L50, F|\n|poke|p2|Garchomp, L50, F|\n|poke|p2|Gengar, L50, F|\n|poke|p2|Sandy Shocks, L50|\n|poke|p2|Umbreon, L50, F|\n|poke|p2|Orthworm, L50, F|\n|teampreview|4\n|c|\u2606Gemstone Bandits|glhf\n|inactive|Battle timer is ON: inactive players will automatically lose when time's up. (requested by Gemstone Bandits)\n|inactive|omg_its_daddy has 60 seconds left.\n|c|\u2606omg_its_daddy|stop time\n|inactive|omg_its_daddy has 30 seconds left.\n|c|\u2606Gemstone Bandits|We need to play with time\n|c|\u2606omg_its_daddy|no\n|c|\u2606omg_its_daddy|we open all 3\n|inactive|omg_its_daddy has 20 seconds left.\n|c|\u2606omg_its_daddy|then time\n|inactive|omg_its_daddy has 15 seconds left.\n|inactiveoff|Battle timer is now OFF.\n|c|\u2606omg_its_daddy|ty\n|c|\u2606Gemstone Bandits|Doc says timer must be on\n|c|\u2606omg_its_daddy|we open all 3 games\n|c|\u2606omg_its_daddy|first\n|c|\u2606omg_its_daddy|i sent g2\n|c|\u2606omg_its_daddy|can you open the invite?\n|c|\u2606Gemstone Bandits|oh I understand mb\n|c|\u2606omg_its_daddy|np\n|inactive|Battle timer is ON: inactive players will automatically lose when time's up. (requested by Gemstone Bandits)\n|\n|t:|1682260180\n|start\n|switch|p1a: Drowzee|Drowzee, L50, M|100\/100\n|switch|p1b: Raichu|Raichu, L50, M|100\/100\n|switch|p2a: Tyranitar|Tyranitar, L50, F|100\/100\n|switch|p2b: Garchomp|Garchomp, L50, F|100\/100\n|-weather|Sandstorm|[from] ability: Sand Stream|[of] p2a: Tyranitar\n|turn|1\n|c|\u2606omg_its_daddy|glhf!\n|c|\u2606Gemstone Bandits|glhf\n|inactive|Gemstone Bandits has 30 seconds left.\n|\n|t:|1682260206\n|move|p1b: Raichu|Fake Out|p2a: Tyranitar\n|-resisted|p2a: Tyranitar\n|-damage|p2a: Tyranitar|98\/100\n|move|p2b: Garchomp|Substitute|p2b: Garchomp\n|-start|p2b: Garchomp|Substitute\n|-damage|p2b: Garchomp|76\/100\n|cant|p2a: Tyranitar|flinch\n|move|p1a: Drowzee|Trick Room|p1a: Drowzee\n|-fieldstart|move: Trick Room|[of] p1a: Drowzee\n|\n|-weather|Sandstorm|[upkeep]\n|-damage|p1a: Drowzee|95\/100|[from] Sandstorm\n|-damage|p1b: Raichu|95\/100|[from] Sandstorm\n|upkeep\n|turn|2\n|inactive|omg_its_daddy has 30 seconds left.\n|inactive|Gemstone Bandits has 30 seconds left.\n|inactive|Gemstone Bandits has 20 seconds left.\n|\n|t:|1682260243\n|move|p2a: Tyranitar|Protect|p2a: Tyranitar\n|-singleturn|p2a: Tyranitar|Protect\n|move|p1a: Drowzee|Low Kick|p2a: Tyranitar\n|-activate|p2a: Tyranitar|move: Protect\n|move|p2b: Garchomp|Earthquake|p1b: Raichu|[spread] p1a,p1b\n|-activate|p2a: Tyranitar|move: Protect\n|-supereffective|p1b: Raichu\n|-damage|p1a: Drowzee|62\/100\n|-damage|p1b: Raichu|0 fnt\n|faint|p1b: Raichu\n|\n|-weather|Sandstorm|[upkeep]\n|-damage|p1a: Drowzee|56\/100|[from] Sandstorm\n|upkeep\n|\n|t:|1682260252\n|switch|p1b: Dragalge|Dragalge, L50, M|100\/100\n|turn|3\n|\n|t:|1682260271\n|-terastallize|p1b: Dragalge|Fairy\n|-terastallize|p2a: Tyranitar|Flying\n|move|p1a: Drowzee|Rain Dance|p1a: Drowzee\n|-weather|RainDance\n|move|p1b: Dragalge|Tera Blast|p2a: Tyranitar\n|-damage|p2a: Tyranitar|39\/100\n|-damage|p1b: Dragalge|91\/100|[from] item: Life Orb\n|move|p2a: Tyranitar|Rock Slide|p1a: Drowzee|[spread] p1a,p1b\n|-damage|p1a: Drowzee|35\/100\n|-damage|p1b: Dragalge|61\/100\n|move|p2b: Garchomp|Earthquake|p1b: Dragalge|[spread] p1a,p1b\n|-immune|p2a: Tyranitar\n|-damage|p1a: Drowzee|3\/100\n|-damage|p1b: Dragalge|20\/100\n|\n|-weather|RainDance|[upkeep]\n|upkeep\n|turn|4\n|inactive|Gemstone Bandits has 30 seconds left.\n|\n|t:|1682260297\n|move|p1a: Drowzee|Foul Play|p2a: Tyranitar\n|-damage|p2a: Tyranitar|23\/100\n|move|p1b: Dragalge|Tera Blast|p2b: Garchomp\n|-supereffective|p2b: Garchomp\n|-end|p2b: Garchomp|Substitute\n|-damage|p1b: Dragalge|10\/100|[from] item: Life Orb\n|move|p2a: Tyranitar|Rock Slide|p1a: Drowzee|[spread] p1b\n|-miss|p2a: Tyranitar|p1a: Drowzee\n|-damage|p1b: Dragalge|0 fnt\n|faint|p1b: Dragalge\n|move|p2b: Garchomp|Earthquake|p1a: Drowzee|[spread] p1a\n|-immune|p2a: Tyranitar\n|-damage|p1a: Drowzee|0 fnt\n|faint|p1a: Drowzee\n|\n|-weather|RainDance|[upkeep]\n|upkeep\n|\n|t:|1682260301\n|switch|p1a: Gyarados|Gyarados, L50, M|100\/100\n|-ability|p1a: Gyarados|Intimidate|boost\n|-unboost|p2a: Tyranitar|atk|1\n|-unboost|p2b: Garchomp|atk|1\n|turn|5\n|\n|t:|1682260325\n|switch|p2a: Orthworm|Orthworm, L50, F, shiny|100\/100\n|move|p1a: Gyarados|Ice Fang|p2b: Garchomp\n|-supereffective|p2b: Garchomp\n|-damage|p2b: Garchomp|0 fnt\n|faint|p2b: Garchomp\n|\n|-weather|RainDance|[upkeep]\n|-fieldend|move: Trick Room\n|upkeep\n|\n|t:|1682260330\n|switch|p2b: Tyranitar|Tyranitar, L50, F, tera:Flying|23\/100\n|-weather|Sandstorm|[from] ability: Sand Stream|[of] p2b: Tyranitar\n|turn|6\n|\n|t:|1682260339\n|move|p1a: Gyarados|Dragon Dance|p1a: Gyarados\n|-boost|p1a: Gyarados|atk|1\n|-boost|p1a: Gyarados|spe|1\n|move|p2a: Orthworm|Heavy Slam|p1a: Gyarados\n|-resisted|p1a: Gyarados\n|-damage|p1a: Gyarados|93\/100\n|move|p2b: Tyranitar|Rock Slide|p1a: Gyarados\n|-supereffective|p1a: Gyarados\n|-damage|p1a: Gyarados|11\/100\n|\n|-weather|Sandstorm|[upkeep]\n|-damage|p1a: Gyarados|5\/100|[from] Sandstorm\n|-damage|p2b: Tyranitar|17\/100|[from] Sandstorm\n|upkeep\n|turn|7\n|\n|t:|1682260351\n|move|p2b: Tyranitar|Protect|p2b: Tyranitar\n|-singleturn|p2b: Tyranitar|Protect\n|move|p1a: Gyarados|Waterfall|p2a: Orthworm\n|-damage|p2a: Orthworm|60\/100\n|move|p2a: Orthworm|Heavy Slam|p1a: Gyarados\n|-resisted|p1a: Gyarados\n|-damage|p1a: Gyarados|0 fnt\n|faint|p1a: Gyarados\n|\n|win|Gemstone Bandits\n|c|\u2606omg_its_daddy|gg\n|c|\u2606Gemstone Bandits|gg\n","uploadtime":1682261025,"views":25,"p1id":"omgitsdaddy","p2id":"gemstonebandits","formatid":"gen9vgc2023regulationc","rating":0,"private":0,"password":""}