{"id":"gen9vgc2023regulationc-1847759114","p1":"katjeAvo","p2":"NicoHaxVGC","format":"[Gen 9] VGC 2023 Regulation C","log":"|j|\u2606katjeAvo\n|j|\u2606NicoHaxVGC\n|t:|1681999571\n|gametype|doubles\n|player|p1|katjeAvo|cynthia|1058\n|player|p2|NicoHaxVGC|hilbert-wonderlauncher|1064\n|teamsize|p1|6\n|teamsize|p2|6\n|gen|9\n|tier|[Gen 9] VGC 2023 Regulation C\n|rated|\n|rule|Species Clause: Limit one of each Pok\u00e9mon\n|rule|Item Clause: Limit one of each item\n|clearpoke\n|poke|p1|Hawlucha, L50, M|\n|poke|p1|Indeedee-F, L50, F|\n|poke|p1|Abomasnow, L50, M|\n|poke|p1|Iron Bundle, L50|\n|poke|p1|Dondozo, L50, M|\n|poke|p1|Tatsugiri, L50, M|\n|poke|p2|Flutter Mane, L50|\n|poke|p2|Palafin, L50, M|\n|poke|p2|Ting-Lu, L50|\n|poke|p2|Arcanine, L50, M|\n|poke|p2|Amoonguss, L50, M|\n|poke|p2|Chien-Pao, L50|\n|teampreview|4\n|inactive|Battle timer is ON: inactive players will automatically lose when time's up. (requested by NicoHaxVGC)\nkatjeAvo has agreed to open team sheets.\n|\n|t:|1681999595\n|start\n|switch|p1a: I will|Abomasnow, L50, M, shiny|100\/100\n|switch|p1b: Not be|Iron Bundle, L50, shiny|100\/100\n|switch|p2a: Flutter Mane|Flutter Mane, L50|100\/100\n|switch|p2b: Amoonguss|Amoonguss, L50, M|100\/100\n|-weather|Snow|[from] ability: Snow Warning|[of] p1a: I will\n|-enditem|p1b: Not be|Booster Energy\n|-activate|p1b: Not be|ability: Quark Drive|[fromitem]\n|-start|p1b: Not be|quarkdrivespe\n|-enditem|p2a: Flutter Mane|Booster Energy\n|-activate|p2a: Flutter Mane|ability: Protosynthesis|[fromitem]\n|-start|p2a: Flutter Mane|protosynthesisspa\n|turn|1\n|\n|t:|1681999609\n|-terastallize|p2b: Amoonguss|Water\n|move|p2a: Flutter Mane|Protect|p2a: Flutter Mane\n|-singleturn|p2a: Flutter Mane|Protect\n|move|p1b: Not be|Blizzard|p2b: Amoonguss|[spread] p2b\n|-activate|p2a: Flutter Mane|move: Protect\n|-resisted|p2b: Amoonguss\n|-damage|p2b: Amoonguss|84\/100\n|-status|p2b: Amoonguss|frz\n|move|p1a: I will|Blizzard|p2b: Amoonguss|[spread] p2b\n|-activate|p2a: Flutter Mane|move: Protect\n|-resisted|p2b: Amoonguss\n|-crit|p2b: Amoonguss\n|-damage|p2b: Amoonguss|61\/100 frz\n|cant|p2b: Amoonguss|frz\n|\n|-weather|Snow|[upkeep]\n|upkeep\n|turn|2\n|inactive|NicoHaxVGC has 30 seconds left.\n|\n|t:|1681999639\n|switch|p2b: Arcanine|Arcanine, L50, M|100\/100\n|-ability|p2b: Arcanine|Intimidate|boost\n|-unboost|p1a: I will|atk|1\n|-unboost|p1b: Not be|atk|1\n|move|p1b: Not be|Encore|p2a: Flutter Mane\n|-start|p2a: Flutter Mane|Encore\n|move|p2a: Flutter Mane|Protect|p2a: Flutter Mane\n|-singleturn|p2a: Flutter Mane|Protect\n|move|p1a: I will|Energy Ball|p2b: Arcanine\n|-resisted|p2b: Arcanine\n|-damage|p2b: Arcanine|81\/100\n|\n|-weather|Snow|[upkeep]\n|upkeep\n|turn|3\n|\n|t:|1681999653\n|-end|p2a: Flutter Mane|Protosynthesis|[silent]\n|switch|p2a: Amoonguss|Amoonguss, L50, M, tera:Water|94\/100 frz\n|move|p1b: Not be|Hydro Pump|p2b: Arcanine|[miss]\n|-miss|p1b: Not be|p2b: Arcanine\n|move|p2b: Arcanine|Flare Blitz|p1b: Not be\n|-damage|p1b: Not be|59\/100\n|-damage|p2b: Arcanine|72\/100|[from] Recoil\n|move|p1a: I will|Aurora Veil|p1a: I will\n|-sidestart|p1: katjeAvo|move: Aurora Veil\n|\n|-weather|Snow|[upkeep]\n|upkeep\n|turn|4\n|\n|t:|1681999669\n|move|p2b: Arcanine|Protect|p2b: Arcanine\n|-singleturn|p2b: Arcanine|Protect\n|move|p1b: Not be|Hydro Pump|p2b: Arcanine\n|-activate|p2b: Arcanine|move: Protect\n|move|p1a: I will|Energy Ball|p2a: Amoonguss\n|-supereffective|p2a: Amoonguss\n|-damage|p2a: Amoonguss|23\/100 frz\n|-enditem|p2a: Amoonguss|Sitrus Berry|[eat]\n|-heal|p2a: Amoonguss|48\/100 frz|[from] item: Sitrus Berry\n|cant|p2a: Amoonguss|frz\n|\n|-weather|Snow|[upkeep]\n|upkeep\n|turn|5\n|\n|t:|1681999689\n|cant|p2a: Amoonguss|frz\n|move|p1b: Not be|Hydro Pump|p2b: Arcanine\n|-supereffective|p2b: Arcanine\n|-damage|p2b: Arcanine|0 fnt\n|faint|p2b: Arcanine\n|move|p1a: I will|Energy Ball|p2a: Amoonguss\n|-supereffective|p2a: Amoonguss\n|-damage|p2a: Amoonguss|0 fnt\n|faint|p2a: Amoonguss\n|\n|-weather|none\n|upkeep\n|\n|t:|1681999696\n|switch|p2b: Flutter Mane|Flutter Mane, L50|100\/100\n|switch|p2a: Palafin|Palafin, L50, M|100\/100\n|turn|6\n|\n|t:|1681999711\n|move|p1b: Not be|Protect|p1b: Not be\n|-singleturn|p1b: Not be|Protect\n|move|p2a: Palafin|Protect|p2a: Palafin\n|-singleturn|p2a: Palafin|Protect\n|move|p2b: Flutter Mane|Dazzling Gleam|p1a: I will|[spread] p1a\n|-activate|p1b: Not be|move: Protect\n|-damage|p1a: I will|80\/100\n|move|p1a: I will|Energy Ball|p2a: Palafin\n|-activate|p2a: Palafin|move: Protect\n|\n|upkeep\n|turn|7\n|l|\u2606katjeAvo\n|inactive|katjeAvo disconnected and has a minute to reconnect!\n|player|p1|\n|inactive|katjeAvo has 30 seconds left.\n|inactive|katjeAvo has 20 seconds left.\n|inactive|katjeAvo has 15 seconds left.\n|inactive|katjeAvo has 10 seconds left.\n|inactive|katjeAvo has 5 seconds left.\n|-message|katjeAvo lost due to inactivity.\n|\n|win|NicoHaxVGC\n|raw|katjeAvo's rating: 1058 → 1040<\/strong> (-18 for losing)\n|raw|NicoHaxVGC's rating: 1064 → 1094<\/strong> (+30 for winning)\n","uploadtime":1681999787,"views":5,"p1id":"katjeavo","p2id":"nicohaxvgc","formatid":"gen9vgc2023regulationc","rating":1040,"private":0,"password":""}