{"id":"gen9vgc2023regulationc-1861003933","p1":"Matildo","p2":"D-scNSe","format":"[Gen 9] VGC 2023 Regulation C","log":"|j|\u2606Matildo\n|j|\u2606D-scNSe\n|t:|1683712455\n|gametype|doubles\n|player|p1|Matildo|102|1341\n|player|p2|D-scNSe|169|1356\n|teamsize|p1|6\n|teamsize|p2|6\n|gen|9\n|tier|[Gen 9] VGC 2023 Regulation C\n|rated|\n|rule|Species Clause: Limit one of each Pok\u00e9mon\n|rule|Item Clause: Limit one of each item\n|clearpoke\n|poke|p1|Armarouge, L50, M|\n|poke|p1|Indeedee-F, L50, F|\n|poke|p1|Torkoal, L50, M|\n|poke|p1|Hatterene, L50, F|\n|poke|p1|Scizor, L50, M|\n|poke|p1|Dudunsparce-*, L50, M|\n|poke|p2|Flutter Mane, L50|\n|poke|p2|Ting-Lu, L50|\n|poke|p2|Maushold-Four, L50|\n|poke|p2|Annihilape, L50, F|\n|poke|p2|Iron Bundle, L50|\n|poke|p2|Arcanine, L50, M|\n|teampreview|4\n|inactive|Battle timer is ON: inactive players will automatically lose when time's up. (requested by Matildo)\nMatildo rejected open team sheets.\n|j| Alolaninetales92\n|inactive|Matildo has 60 seconds left.\n|inactive|Matildo has 30 seconds left.\n|inactive|Matildo has 20 seconds left.\n|inactive|Matildo has 15 seconds left.\n|inactive|Matildo has 10 seconds left.\n|\n|t:|1683712537\n|start\n|switch|p1a: Indeedee|Indeedee-F, L50, F|100\/100\n|switch|p1b: Hatterene|Hatterene, L50, F|100\/100\n|switch|p2a: Ting-Lu|Ting-Lu, L50|100\/100\n|switch|p2b: Arcanine|Arcanine, L50, M|100\/100\n|-ability|p2b: Arcanine|Intimidate|boost\n|-unboost|p1a: Indeedee|atk|1\n|-unboost|p1b: Hatterene|atk|1\n|-fieldstart|move: Psychic Terrain|[from] ability: Psychic Surge|[of] p1a: Indeedee\n|-enditem|p1a: Indeedee|Psychic Seed\n|-boost|p1a: Indeedee|spd|1|[from] item: Psychic Seed\n|-ability|p2a: Ting-Lu|Vessel of Ruin\n|turn|1\n|inactive|Matildo has 30 seconds left.\n|inactive|D-scNSe has 30 seconds left.\n|\n|t:|1683712570\n|switch|p1b: Scizor|Scizor, L50, M|100\/100\n|move|p2b: Arcanine|Snarl|p1a: Indeedee|[spread] p1a,p1b\n|-supereffective|p1a: Indeedee\n|-damage|p1a: Indeedee|94\/100\n|-damage|p1b: Scizor|93\/100\n|-unboost|p1a: Indeedee|spa|1\n|-unboost|p1b: Scizor|spa|1\n|move|p2a: Ting-Lu|Heavy Slam|p1b: Scizor\n|-resisted|p1b: Scizor\n|-damage|p1b: Scizor|72\/100\n|-damage|p2a: Ting-Lu|84\/100|[from] item: Rocky Helmet|[of] p1b: Scizor\n|move|p1a: Indeedee|Trick Room|p1a: Indeedee\n|-fieldstart|move: Trick Room|[of] p1a: Indeedee\n|\n|upkeep\n|turn|2\n|\n|t:|1683712594\n|-terastallize|p1b: Scizor|Water\n|move|p2a: Ting-Lu|Ruination|p1a: Indeedee\n|-damage|p1a: Indeedee|47\/100\n|move|p1b: Scizor|X-Scissor|p2a: Ting-Lu\n|-supereffective|p2a: Ting-Lu\n|-crit|p2a: Ting-Lu\n|-damage|p2a: Ting-Lu|15\/100\n|move|p1a: Indeedee|Psychic|p2b: Arcanine\n|-damage|p2b: Arcanine|80\/100\n|move|p2b: Arcanine|Flare Blitz|p1b: Scizor\n|-resisted|p1b: Scizor\n|-damage|p1b: Scizor|47\/100\n|-damage|p2b: Arcanine|64\/100|[from] item: Rocky Helmet|[of] p1b: Scizor\n|-damage|p2b: Arcanine|56\/100|[from] Recoil\n|\n|upkeep\n|turn|3\n|\n|t:|1683712619\n|switch|p2a: Annihilape|Annihilape, L50, F|100\/100\n|move|p1b: Scizor|X-Scissor|p2a: Annihilape\n|-resisted|p2a: Annihilape\n|-damage|p2a: Annihilape|89\/100\n|move|p1a: Indeedee|Psychic|p2b: Arcanine\n|-damage|p2b: Arcanine|29\/100\n|-enditem|p2b: Arcanine|Sitrus Berry|[eat]\n|-heal|p2b: Arcanine|54\/100|[from] item: Sitrus Berry\n|move|p2b: Arcanine|Will-O-Wisp|p1b: Scizor\n|-status|p1b: Scizor|brn\n|\n|-heal|p2a: Annihilape|95\/100|[from] item: Leftovers\n|-damage|p1b: Scizor|41\/100 brn|[from] brn\n|upkeep\n|turn|4\n|inactive|Matildo has 30 seconds left.\n|\n|t:|1683712645\n|move|p1b: Scizor|Close Combat|p2b: Arcanine\n|-damage|p2b: Arcanine|31\/100\n|-unboost|p1b: Scizor|def|1\n|-unboost|p1b: Scizor|spd|1\n|move|p1a: Indeedee|Psychic|p2b: Arcanine\n|-damage|p2b: Arcanine|8\/100\n|move|p2a: Annihilape|Bulk Up|p2a: Annihilape\n|-boost|p2a: Annihilape|atk|1\n|-boost|p2a: Annihilape|def|1\n|move|p2b: Arcanine|Flare Blitz|p1a: Indeedee\n|-damage|p1a: Indeedee|0 fnt\n|faint|p1a: Indeedee\n|-damage|p2b: Arcanine|0 fnt|[from] Recoil\n|faint|p2b: Arcanine\n|\n|-heal|p2a: Annihilape|100\/100|[from] item: Leftovers\n|-damage|p1b: Scizor|34\/100 brn|[from] brn\n|upkeep\n|\n|t:|1683712665\n|switch|p1a: Torkoal|Torkoal, L50, M|100\/100\n|switch|p2b: Flutter Mane|Flutter Mane, L50|100\/100\n|-weather|SunnyDay|[from] ability: Drought|[of] p1a: Torkoal\n|-activate|p2b: Flutter Mane|ability: Protosynthesis\n|-start|p2b: Flutter Mane|protosynthesisspe\n|turn|5\n|\n|t:|1683712677\n|move|p2a: Annihilape|Protect|p2a: Annihilape\n|-singleturn|p2a: Annihilape|Protect\n|move|p2b: Flutter Mane|Protect|p2b: Flutter Mane\n|-singleturn|p2b: Flutter Mane|Protect\n|move|p1a: Torkoal|Eruption|p2a: Annihilape|[spread] \n|-activate|p2a: Annihilape|move: Protect\n|-activate|p2b: Flutter Mane|move: Protect\n|move|p1b: Scizor|Iron Head|p2a: Annihilape\n|-activate|p2a: Annihilape|move: Protect\n|\n|-weather|SunnyDay|[upkeep]\n|-damage|p1b: Scizor|28\/100 brn|[from] brn\n|-fieldend|move: Trick Room\n|-fieldend|move: Psychic Terrain\n|upkeep\n|turn|6\n|inactive|D-scNSe has 30 seconds left.\n|\n|t:|1683712706\n|-terastallize|p2a: Annihilape|Fire\n|move|p1b: Scizor|Bullet Punch|p2b: Flutter Mane\n|-supereffective|p2b: Flutter Mane\n|-damage|p2b: Flutter Mane|33\/100\n|move|p2b: Flutter Mane|Shadow Ball|p1b: Scizor\n|-damage|p1b: Scizor|0 fnt\n|faint|p1b: Scizor\n|move|p2a: Annihilape|Rage Fist|p1a: Torkoal\n|-damage|p1a: Torkoal|42\/100\n|move|p1a: Torkoal|Eruption|p2a: Annihilape|[spread] p2a,p2b\n|-resisted|p2a: Annihilape\n|-damage|p2a: Annihilape|84\/100\n|-damage|p2b: Flutter Mane|0 fnt\n|faint|p2b: Flutter Mane\n|-end|p2b: Flutter Mane|Protosynthesis|[silent]\n|\n|-weather|SunnyDay|[upkeep]\n|-heal|p2a: Annihilape|90\/100|[from] item: Leftovers\n|upkeep\n|\n|t:|1683712723\n|switch|p2b: Ting-Lu|Ting-Lu, L50|15\/100\n|switch|p1b: Hatterene|Hatterene, L50, F|100\/100\n|-ability|p2b: Ting-Lu|Vessel of Ruin\n|turn|7\n|\n|t:|1683712729\n|move|p2a: Annihilape|Rage Fist|p1a: Torkoal\n|-damage|p1a: Torkoal|0 fnt\n|faint|p1a: Torkoal\n|move|p2b: Ting-Lu|Heavy Slam|p1b: Hatterene\n|-supereffective|p1b: Hatterene\n|-damage|p1b: Hatterene|20\/100\n|move|p1b: Hatterene|Trick Room|p1b: Hatterene\n|-fieldstart|move: Trick Room|[of] p1b: Hatterene\n|\n|-weather|SunnyDay|[upkeep]\n|-heal|p2a: Annihilape|96\/100|[from] item: Leftovers\n|upkeep\n|turn|8\n|-message|Matildo forfeited.\n|\n|win|D-scNSe\n|raw|Matildo's rating: 1341 → 1322<\/strong> (-19 for losing)\n|raw|D-scNSe's rating: 1356 → 1375<\/strong> (+19 for winning)\n|l|\u2606Matildo\n","uploadtime":1683712745,"views":18,"p1id":"matildo","p2id":"dscnse","formatid":"gen9vgc2023regulationc","rating":1322,"private":0,"password":""}