{"id":"gen9vgc2023regulationc-1852290446","p1":"InkOdysseyGaming","p2":"mugiwaraLux","format":"[Gen 9] VGC 2023 Regulation C","log":"|j|\u2606InkOdysseyGaming\n|j|\u2606mugiwaraLux\n|t:|1682540601\n|gametype|doubles\n|player|p1|InkOdysseyGaming|101|\n|player|p2|mugiwaraLux|265|\n|teamsize|p1|6\n|teamsize|p2|6\n|gen|9\n|tier|[Gen 9] VGC 2023 Regulation C\n|rule|Species Clause: Limit one of each Pok\u00e9mon\n|rule|Item Clause: Limit one of each item\n|clearpoke\n|poke|p1|Dragonite, L50, M|\n|poke|p1|Iron Valiant, L50|\n|poke|p1|Skeledirge, L50, M|\n|poke|p1|Iron Hands, L50|\n|poke|p1|Amoonguss, L50, F|\n|poke|p1|Tyranitar, L50, M|\n|poke|p2|Palafin, L50, F|\n|poke|p2|Amoonguss, L50, F|\n|poke|p2|Flutter Mane, L50|\n|poke|p2|Arcanine, L50, M|\n|poke|p2|Roaring Moon, L50|\n|poke|p2|Chien-Pao, L50|\n|teampreview|4\n|inactive|Battle timer is ON: inactive players will automatically lose when time's up. (requested by mugiwaraLux)\nmugiwaraLux has agreed to open team sheets.\nInkOdysseyGaming has agreed to open team sheets.\n|c|\u2606InkOdysseyGaming|glhf\n|inactive|InkOdysseyGaming has 60 seconds left.\n|inactive|mugiwaraLux has 60 seconds left.\n|c|\u2606mugiwaraLux|u2\n|\n|t:|1682540656\n|start\n|switch|p1a: Zenith|Tyranitar, L50, M, shiny|100\/100\n|switch|p1b: Mimic|Amoonguss, L50, F, shiny|100\/100\n|switch|p2a: ChiYu|Arcanine, L50, M|100\/100\n|switch|p2b: Palafin|Palafin, L50, F|100\/100\n|-ability|p2a: ChiYu|Intimidate|boost\n|-fail|p1a: Zenith|unboost|[from] item: Clear Amulet|[of] p1a: Zenith\n|-unboost|p1b: Mimic|atk|1\n|-weather|Sandstorm|[from] ability: Sand Stream|[of] p1a: Zenith\n|turn|1\n|inactive|InkOdysseyGaming has 30 seconds left.\n|\n|t:|1682540684\n|move|p2b: Palafin|Protect|p2b: Palafin\n|-singleturn|p2b: Palafin|Protect\n|move|p1b: Mimic|Protect|p1b: Mimic\n|-singleturn|p1b: Mimic|Protect\n|move|p2a: ChiYu|Will-O-Wisp|p1a: Zenith|[miss]\n|-miss|p2a: ChiYu|p1a: Zenith\n|move|p1a: Zenith|Crunch|p2b: Palafin\n|-activate|p2b: Palafin|move: Protect\n|\n|-weather|Sandstorm|[upkeep]\n|-damage|p2b: Palafin|95\/100|[from] Sandstorm\n|-damage|p1b: Mimic|94\/100|[from] Sandstorm\n|-heal|p1b: Mimic|100\/100|[from] item: Black Sludge\n|upkeep\n|turn|2\n|\n|t:|1682540703\n|detailschange|p2b: Palafin|Palafin-Hero, L50, F\n|switch|p2b: Amoonguss|Amoonguss, L50, F|100\/100\n|move|p1b: Mimic|Rage Powder|p1b: Mimic\n|-singleturn|p1b: Mimic|move: Rage Powder\n|move|p2a: ChiYu|Will-O-Wisp|p1a: Zenith|[miss]\n|-miss|p2a: ChiYu|p1a: Zenith\n|move|p1a: Zenith|Crunch|p2b: Amoonguss\n|-damage|p2b: Amoonguss|72\/100\n|\n|-weather|Sandstorm|[upkeep]\n|-damage|p2b: Amoonguss|66\/100|[from] Sandstorm\n|-damage|p1b: Mimic|94\/100|[from] Sandstorm\n|-heal|p1b: Mimic|100\/100|[from] item: Black Sludge\n|upkeep\n|turn|3\n|\n|t:|1682540725\n|switch|p1b: Treasure|Dragonite, L50, M, shiny|100\/100\n|move|p1a: Zenith|Protect|p1a: Zenith\n|-singleturn|p1a: Zenith|Protect\n|move|p2b: Amoonguss|Protect|p2b: Amoonguss\n|-singleturn|p2b: Amoonguss|Protect\n|move|p2a: ChiYu|Will-O-Wisp|p1a: Zenith\n|-activate|p1a: Zenith|move: Protect\n|\n|-weather|Sandstorm|[upkeep]\n|-damage|p1b: Treasure|95\/100|[from] Sandstorm\n|-damage|p2b: Amoonguss|60\/100|[from] Sandstorm\n|upkeep\n|turn|4\n|c|\u2606mugiwaraLux|my brother in christ\n|inactive|InkOdysseyGaming has 30 seconds left.\n|c|\u2606InkOdysseyGaming|aaron cyberton in this room or something\n|inactive|InkOdysseyGaming has 20 seconds left.\n|inactive|InkOdysseyGaming has 15 seconds left.\n|\n|t:|1682540767\n|move|p2a: ChiYu|Will-O-Wisp|p1b: Treasure\n|-status|p1b: Treasure|brn\n|move|p1b: Treasure|Stomping Tantrum|p2a: ChiYu\n|-supereffective|p2a: ChiYu\n|-damage|p2a: ChiYu|68\/100\n|move|p1a: Zenith|Crunch|p2a: ChiYu\n|-damage|p2a: ChiYu|32\/100\n|move|p2b: Amoonguss|Spore|p1a: Zenith\n|-status|p1a: Zenith|slp|[from] move: Spore\n|\n|-weather|Sandstorm|[upkeep]\n|-damage|p1b: Treasure|89\/100 brn|[from] Sandstorm\n|-damage|p2b: Amoonguss|54\/100|[from] Sandstorm\n|-damage|p1b: Treasure|83\/100 brn|[from] brn\n|upkeep\n|turn|5\n|\n|t:|1682540788\n|switch|p2a: Palafin|Palafin-Hero, L50, F|95\/100\n|-activate|p2a: Palafin|ability: Zero to Hero\n|switch|p2b: Mimi|Flutter Mane, L50|100\/100\n|move|p1b: Treasure|Ice Spinner|p2b: Mimi\n|-damage|p2b: Mimi|72\/100\n|cant|p1a: Zenith|slp\n|\n|-weather|none\n|-damage|p1b: Treasure|77\/100 brn|[from] brn\n|upkeep\n|turn|6\n|\n|t:|1682540813\n|switch|p1b: Mimic|Amoonguss, L50, F, shiny|100\/100\n|-terastallize|p2b: Mimi|Fairy\n|-terastallize|p1a: Zenith|Fighting\n|move|p2b: Mimi|Dazzling Gleam|p1a: Zenith|[spread] p1a,p1b\n|-supereffective|p1a: Zenith\n|-resisted|p1b: Mimic\n|-damage|p1a: Zenith|0 fnt\n|-damage|p1b: Mimic|77\/100\n|faint|p1a: Zenith\n|move|p2a: Palafin|Wave Crash|p1b: Mimic\n|-resisted|p1b: Mimic\n|-crit|p1b: Mimic\n|-damage|p1b: Mimic|20\/100\n|-damage|p2a: Palafin|73\/100|[from] Recoil\n|\n|-heal|p1b: Mimic|26\/100|[from] item: Black Sludge\n|upkeep\n|\n|t:|1682540828\n|switch|p1a: Treasure|Dragonite, L50, M, shiny|77\/100 brn\n|turn|7\n|\n|t:|1682540848\n|move|p2b: Mimi|Dazzling Gleam|p1b: Mimic|[spread] p1a,p1b\n|-supereffective|p1a: Treasure\n|-resisted|p1b: Mimic\n|-damage|p1a: Treasure|0 fnt\n|-damage|p1b: Mimic|3\/100\n|faint|p1a: Treasure\n|move|p2a: Palafin|Wave Crash|p1b: Mimic\n|-resisted|p1b: Mimic\n|-damage|p1b: Mimic|0 fnt\n|faint|p1b: Mimic\n|-damage|p2a: Palafin|72\/100|[from] Recoil\n|\n|upkeep\n|c|\u2606InkOdysseyGaming|welp\n|\n|t:|1682540861\n|switch|p1b: Nitrogen|Skeledirge, L50, M, shiny|100\/100\n|turn|8\n|\n|t:|1682540873\n|-end|p2b: Mimi|Protosynthesis|[silent]\n|switch|p2b: ChiYu|Arcanine, L50, M|32\/100\n|-ability|p2b: ChiYu|Intimidate|boost\n|-unboost|p1b: Nitrogen|atk|1\n|move|p2a: Palafin|Wave Crash|p1b: Nitrogen\n|-supereffective|p1b: Nitrogen\n|-damage|p1b: Nitrogen|0 fnt\n|faint|p1b: Nitrogen\n|-damage|p2a: Palafin|34\/100|[from] Recoil\n|\n|win|mugiwaraLux\n","uploadtime":1682540879,"views":13,"p1id":"inkodysseygaming","p2id":"mugiwaralux","formatid":"gen9vgc2023regulationc","rating":0,"private":0,"password":""}