{"id":"gen9vgc2023regulationc-1852340985","p1":"Tiggerz","p2":"McDubbieEnthusiast","format":"[Gen 9] VGC 2023 Regulation C","log":"|j|\u2606Tiggerz\n|j|\u2606McDubbieEnthusiast\n|t:|1682545904\n|gametype|doubles\n|player|p1|Tiggerz|steven|1166\n|player|p2|McDubbieEnthusiast|pokemonbreeder-gen4|1157\n|teamsize|p1|6\n|teamsize|p2|6\n|gen|9\n|tier|[Gen 9] VGC 2023 Regulation C\n|rated|\n|rule|Species Clause: Limit one of each Pok\u00e9mon\n|rule|Item Clause: Limit one of each item\n|clearpoke\n|poke|p1|Grafaiai, L50, M|\n|poke|p1|Hawlucha, L50, F|\n|poke|p1|Amoonguss, L50, M|\n|poke|p1|Gyarados, L50, F|\n|poke|p1|Skeledirge, L50, M|\n|poke|p1|Ting-Lu, L50|\n|poke|p2|Tyranitar, L50, M|\n|poke|p2|Garchomp, L50, M|\n|poke|p2|Scream Tail, L50|\n|poke|p2|Corviknight, L50, M|\n|poke|p2|Tatsugiri, L50, F|\n|poke|p2|Dondozo, L50, M|\n|teampreview|4\n|\n|t:|1682545929\n|start\n|switch|p1a: Skeledirge|Skeledirge, L50, M|100\/100\n|switch|p1b: Gyarados|Gyarados, L50, F|100\/100\n|switch|p2a: Tarrasque|Tyranitar, L50, M, shiny|100\/100\n|switch|p2b: Mogaru|Garchomp, L50, M|100\/100\n|-weather|Sandstorm|[from] ability: Sand Stream|[of] p2a: Tarrasque\n|-ability|p1b: Gyarados|Intimidate|boost\n|-unboost|p2a: Tarrasque|atk|1\n|-unboost|p2b: Mogaru|atk|1\n|turn|1\n|inactive|Battle timer is ON: inactive players will automatically lose when time's up. (requested by McDubbieEnthusiast)\n|\n|t:|1682545954\n|switch|p2a: Aboleth|Tatsugiri, L50, F|100\/100\n|switch|p1a: Hawlucha|Hawlucha, L50, F|100\/100\n|-terastallize|p1b: Gyarados|Water\n|move|p2b: Mogaru|Swords Dance|p2b: Mogaru\n|-boost|p2b: Mogaru|atk|2\n|-enditem|p1a: Hawlucha|Mirror Herb\n|-boost|p1a: Hawlucha|atk|2|[from] item: Mirror Herb\n|move|p1b: Gyarados|Waterfall|p2a: Aboleth\n|-resisted|p2a: Aboleth\n|-damage|p2a: Aboleth|81\/100\n|\n|-weather|Sandstorm|[upkeep]\n|-damage|p1a: Hawlucha|95\/100|[from] Sandstorm\n|-damage|p2a: Aboleth|75\/100|[from] Sandstorm\n|upkeep\n|turn|2\n|inactive|McDubbieEnthusiast has 30 seconds left.\n|inactive|McDubbieEnthusiast has 20 seconds left.\n|\n|t:|1682545992\n|move|p1b: Gyarados|Helping Hand|p1a: Hawlucha\n|-singleturn|p1a: Hawlucha|Helping Hand|[of] p1b: Gyarados\n|move|p1a: Hawlucha|Acrobatics|p2b: Mogaru\n|-damage|p2b: Mogaru|0 fnt\n|faint|p2b: Mogaru\n|move|p2a: Aboleth|Icy Wind|p1b: Gyarados|[spread] p1a,p1b\n|-supereffective|p1a: Hawlucha\n|-resisted|p1b: Gyarados\n|-damage|p1a: Hawlucha|57\/100\n|-damage|p1b: Gyarados|96\/100\n|-unboost|p1a: Hawlucha|spe|1\n|-unboost|p1b: Gyarados|spe|1\n|\n|-weather|Sandstorm|[upkeep]\n|-damage|p2a: Aboleth|70\/100|[from] Sandstorm\n|-damage|p1a: Hawlucha|51\/100|[from] Sandstorm\n|upkeep\n|\n|t:|1682546004\n|switch|p2b: Tarrasque|Tyranitar, L50, M, shiny|100\/100\n|turn|3\n|\n|t:|1682546018\n|switch|p2a: Marid|Dondozo, L50, M|100\/100\n|move|p2b: Tarrasque|Protect|p2b: Tarrasque\n|-singleturn|p2b: Tarrasque|Protect\n|move|p1a: Hawlucha|Acrobatics|p2a: Marid\n|-damage|p2a: Marid|66\/100\n|move|p1b: Gyarados|Thunder Wave|p2b: Tarrasque\n|-activate|p2b: Tarrasque|move: Protect\n|\n|-weather|Sandstorm|[upkeep]\n|-damage|p1a: Hawlucha|45\/100|[from] Sandstorm\n|-damage|p2a: Marid|60\/100|[from] Sandstorm\n|-heal|p2a: Marid|66\/100|[from] item: Leftovers\n|upkeep\n|turn|4\n|inactive|McDubbieEnthusiast has 30 seconds left.\n|inactive|McDubbieEnthusiast has 20 seconds left.\n|\n|t:|1682546053\n|move|p1a: Hawlucha|Drain Punch|p2b: Tarrasque\n|-supereffective|p2b: Tarrasque\n|-damage|p2b: Tarrasque|0 fnt\n|-heal|p1a: Hawlucha|98\/100|[from] drain|[of] p2b: Tarrasque\n|faint|p2b: Tarrasque\n|move|p2a: Marid|Yawn|p1a: Hawlucha\n|-start|p1a: Hawlucha|move: Yawn|[of] p2a: Marid\n|move|p1b: Gyarados|Taunt|p2a: Marid\n|-start|p2a: Marid|move: Taunt\n|\n|-weather|Sandstorm|[upkeep]\n|-damage|p1a: Hawlucha|92\/100|[from] Sandstorm\n|-damage|p2a: Marid|60\/100|[from] Sandstorm\n|-heal|p2a: Marid|66\/100|[from] item: Leftovers\n|upkeep\n|\n|t:|1682546057\n|switch|p2b: Aboleth|Tatsugiri, L50, F|70\/100\n|-activate|p2b: Aboleth|ability: Commander|[of] p2a: Marid\n|-boost|p2a: Marid|atk|2\n|-boost|p2a: Marid|spa|2\n|-boost|p2a: Marid|spe|2\n|-boost|p2a: Marid|def|2\n|-boost|p2a: Marid|spd|2\n|turn|5\n|inactive|McDubbieEnthusiast has 30 seconds left.\n|inactive|McDubbieEnthusiast has 20 seconds left.\n|inactive|McDubbieEnthusiast has 15 seconds left.\n|inactive|McDubbieEnthusiast has 10 seconds left.\n|\n|t:|1682546103\n|move|p1a: Hawlucha|Acrobatics|p2a: Marid\n|-damage|p2a: Marid|49\/100\n|move|p2a: Marid|Wave Crash|p1a: Hawlucha\n|-damage|p1a: Hawlucha|0 fnt\n|faint|p1a: Hawlucha\n|-damage|p2a: Marid|26\/100|[from] Recoil\n|move|p1b: Gyarados|Thunder Wave|p2a: Marid\n|-status|p2a: Marid|par\n|\n|-weather|none\n|-heal|p2a: Marid|32\/100 par|[from] item: Leftovers\n|upkeep\n|\n|t:|1682546114\n|switch|p1a: Ting-Lu|Ting-Lu, L50|100\/100\n|-ability|p1a: Ting-Lu|Vessel of Ruin\n|turn|6\n|\n|t:|1682546134\n|switch|p1b: Skeledirge|Skeledirge, L50, M|100\/100\n|-terastallize|p2a: Marid|Grass\n|move|p2a: Marid|Earthquake|p1a: Ting-Lu|[spread] p1a,p1b\n|-miss|p2a: Marid|p2b: Aboleth\n|-supereffective|p1b: Skeledirge\n|-damage|p1a: Ting-Lu|75\/100\n|-damage|p1b: Skeledirge|26\/100\n|move|p1a: Ting-Lu|Throat Chop|p2a: Marid\n|-damage|p2a: Marid|16\/100 par\n|-start|p2a: Marid|Throat Chop|[silent]\n|\n|-heal|p1b: Skeledirge|32\/100|[from] item: Leftovers\n|-heal|p2a: Marid|23\/100 par|[from] item: Leftovers\n|upkeep\n|turn|7\n|\n|t:|1682546153\n|switch|p1b: Gyarados|Gyarados, L50, F, tera:Water|96\/100\n|-ability|p1b: Gyarados|Intimidate|boost\n|-unboost|p2a: Marid|atk|1\n|-unboost|p2b: Aboleth|atk|1\n|move|p2a: Marid|Wave Crash|p1a: Ting-Lu\n|-supereffective|p1a: Ting-Lu\n|-damage|p1a: Ting-Lu|0 fnt\n|faint|p1a: Ting-Lu\n|-damage|p2a: Marid|0 fnt|[from] Recoil\n|faint|p2a: Marid\n|\n|upkeep\n|\n|t:|1682546162\n|switch|p1a: Skeledirge|Skeledirge, L50, M|32\/100\n|turn|8\n|\n|t:|1682546171\n|move|p2b: Aboleth|Muddy Water|p1a: Skeledirge|[spread] p1a,p1b\n|-supereffective|p1a: Skeledirge\n|-resisted|p1b: Gyarados\n|-damage|p1a: Skeledirge|0 fnt\n|-damage|p1b: Gyarados|84\/100\n|-unboost|p1b: Gyarados|accuracy|1\n|faint|p1a: Skeledirge\n|move|p1b: Gyarados|Waterfall|p2b: Aboleth|[miss]\n|-miss|p1b: Gyarados|p2b: Aboleth\n|\n|upkeep\n|turn|9\n|\n|t:|1682546178\n|move|p2b: Aboleth|Muddy Water|p1b: Gyarados\n|-resisted|p1b: Gyarados\n|-damage|p1b: Gyarados|67\/100\n|-unboost|p1b: Gyarados|accuracy|1\n|move|p1b: Gyarados|Thunder Wave|p2b: Aboleth|[miss]\n|-miss|p1b: Gyarados|p2b: Aboleth\n|\n|upkeep\n|turn|10\n|\n|t:|1682546190\n|move|p2b: Aboleth|Muddy Water|p1b: Gyarados\n|-resisted|p1b: Gyarados\n|-damage|p1b: Gyarados|49\/100\n|move|p1b: Gyarados|Thunder Wave|p2b: Aboleth|[miss]\n|-miss|p1b: Gyarados|p2b: Aboleth\n|\n|upkeep\n|turn|11\n|\n|t:|1682546197\n|move|p2b: Aboleth|Muddy Water|p1b: Gyarados\n|-resisted|p1b: Gyarados\n|-damage|p1b: Gyarados|31\/100\n|move|p1b: Gyarados|Thunder Wave|p2b: Aboleth|[miss]\n|-miss|p1b: Gyarados|p2b: Aboleth\n|\n|upkeep\n|turn|12\n|\n|t:|1682546205\n|move|p2b: Aboleth|Muddy Water|p1b: Gyarados\n|-resisted|p1b: Gyarados\n|-damage|p1b: Gyarados|13\/100\n|move|p1b: Gyarados|Thunder Wave|p2b: Aboleth|[miss]\n|-miss|p1b: Gyarados|p2b: Aboleth\n|\n|upkeep\n|turn|13\n|\n|t:|1682546212\n|move|p2b: Aboleth|Muddy Water|p1b: Gyarados\n|-resisted|p1b: Gyarados\n|-damage|p1b: Gyarados|0 fnt\n|faint|p1b: Gyarados\n|\n|win|McDubbieEnthusiast\n|raw|Tiggerz's rating: 1166 → 1140<\/strong> (-26 for losing)\n|raw|McDubbieEnthusiast's rating: 1157 → 1183<\/strong> (+26 for winning)\n|l|\u2606Tiggerz\n","uploadtime":1682546251,"views":20,"p1id":"tiggerz","p2id":"mcdubbieenthusiast","formatid":"gen9vgc2023regulationc","rating":1140,"private":0,"password":""}