{"id":"gen9vgc2023regulationc-1851634372","p1":"Nucleartoad","p2":"jackon17","format":"[Gen 9] VGC 2023 Regulation C","log":"|j|\u2606Nucleartoad\n|j|\u2606jackon17\n|t:|1682463702\n|gametype|doubles\n|player|p1|Nucleartoad|janine|1504\n|player|p2|jackon17|170|1497\n|teamsize|p1|6\n|teamsize|p2|6\n|gen|9\n|tier|[Gen 9] VGC 2023 Regulation C\n|rated|\n|rule|Species Clause: Limit one of each Pok\u00e9mon\n|rule|Item Clause: Limit one of each item\n|clearpoke\n|poke|p1|Sunflora, L50, M|\n|poke|p1|Torkoal, L50, M|\n|poke|p1|Hatterene, L50, F|\n|poke|p1|Hariyama, L50, M|\n|poke|p1|Flamigo, L50, F|\n|poke|p1|Luxray, L50, M|\n|poke|p2|Great Tusk, L50|\n|poke|p2|Flutter Mane, L50|\n|poke|p2|Chi-Yu, L50|\n|poke|p2|Murkrow, L50, M|\n|poke|p2|Gyarados, L50, M|\n|poke|p2|Amoonguss, L50, M|\n|teampreview|4\n|inactive|Battle timer is ON: inactive players will automatically lose when time's up. (requested by jackon17)\njackon17 has agreed to open team sheets.\n|inactive|Nucleartoad has 60 seconds left.\n|inactive|jackon17 has 60 seconds left.\n|\n|t:|1682463745\n|start\n|switch|p1a: Yo-Ya Ma|Hariyama, L50, M|100\/100\n|switch|p1b: Irene Cara|Hatterene, L50, F|100\/100\n|switch|p2a: Flutter Mane|Flutter Mane, L50|100\/100\n|switch|p2b: Chi-Yu|Chi-Yu, L50|100\/100\n|-ability|p2b: Chi-Yu|Beads of Ruin\n|turn|1\n|inactive|Nucleartoad has 30 seconds left.\n|\n|t:|1682463778\n|-terastallize|p2b: Chi-Yu|Ghost\n|-terastallize|p1a: Yo-Ya Ma|Ground\n|move|p1b: Irene Cara|Protect|p1b: Irene Cara\n|-singleturn|p1b: Irene Cara|Protect\n|move|p2a: Flutter Mane|Moonblast|p1b: Irene Cara\n|-activate|p1b: Irene Cara|move: Protect\n|move|p2b: Chi-Yu|Dark Pulse|p1b: Irene Cara\n|-activate|p1b: Irene Cara|move: Protect\n|move|p1a: Yo-Ya Ma|Headlong Rush|p2a: Flutter Mane\n|-damage|p2a: Flutter Mane|0 fnt\n|-unboost|p1a: Yo-Ya Ma|def|1\n|-unboost|p1a: Yo-Ya Ma|spd|1\n|faint|p2a: Flutter Mane\n|-end|p2a: Flutter Mane|Protosynthesis|[silent]\n|\n|-status|p1a: Yo-Ya Ma|brn|[from] item: Flame Orb\n|upkeep\n|j| MorphinVGC\n|\n|t:|1682463788\n|switch|p2a: Great Tusk|Great Tusk, L50|100\/100\n|turn|2\n|inactive|Nucleartoad has 30 seconds left.\n|\n|t:|1682463815\n|move|p2b: Chi-Yu|Heat Wave|p1b: Irene Cara|[spread] p1a,p1b\n|-damage|p1a: Yo-Ya Ma|32\/100 brn\n|-damage|p1b: Irene Cara|55\/100\n|move|p2a: Great Tusk|Headlong Rush|p1b: Irene Cara\n|-damage|p1b: Irene Cara|0 fnt\n|-unboost|p2a: Great Tusk|def|1\n|-unboost|p2a: Great Tusk|spd|1\n|faint|p1b: Irene Cara\n|-damage|p2a: Great Tusk|90\/100|[from] item: Life Orb\n|move|p1a: Yo-Ya Ma|Headlong Rush|p2b: Chi-Yu\n|-damage|p2b: Chi-Yu|0 fnt\n|-unboost|p1a: Yo-Ya Ma|def|1\n|-unboost|p1a: Yo-Ya Ma|spd|1\n|faint|p2b: Chi-Yu\n|\n|-damage|p1a: Yo-Ya Ma|26\/100 brn|[from] brn\n|upkeep\n|\n|t:|1682463827\n|switch|p2b: Amoonguss|Amoonguss, L50, M|100\/100\n|switch|p1b: Sunny Bono|Sunflora, L50, M|100\/100\n|turn|3\n|\n|t:|1682463844\n|switch|p1a: NatKing Koal|Torkoal, L50, M|100\/100\n|-weather|SunnyDay|[from] ability: Drought|[of] p1a: NatKing Koal\n|-activate|p2a: Great Tusk|ability: Protosynthesis\n|-start|p2a: Great Tusk|protosynthesisatk\n|move|p2a: Great Tusk|Protect|p2a: Great Tusk\n|-singleturn|p2a: Great Tusk|Protect\n|move|p1b: Sunny Bono|Dazzling Gleam|p2b: Amoonguss|[spread] p2b\n|-activate|p2a: Great Tusk|move: Protect\n|-resisted|p2b: Amoonguss\n|-damage|p2b: Amoonguss|83\/100\n|-damage|p1b: Sunny Bono|91\/100|[from] item: Life Orb\n|move|p2b: Amoonguss|Spore|p1a: NatKing Koal\n|-status|p1a: NatKing Koal|slp|[from] move: Spore\n|\n|-weather|SunnyDay|[upkeep]\n|-damage|p1b: Sunny Bono|79\/100|[from] ability: Solar Power|[of] p1b: Sunny Bono\n|upkeep\n|turn|4\n|inactive|Nucleartoad has 30 seconds left.\n|\n|t:|1682463878\n|move|p2a: Great Tusk|Headlong Rush|p1a: NatKing Koal\n|-supereffective|p1a: NatKing Koal\n|-damage|p1a: NatKing Koal|0 fnt\n|-unboost|p2a: Great Tusk|def|1\n|-unboost|p2a: Great Tusk|spd|1\n|faint|p1a: NatKing Koal\n|-damage|p2a: Great Tusk|80\/100|[from] item: Life Orb\n|move|p1b: Sunny Bono|Dazzling Gleam|p2a: Great Tusk|[spread] p2a,p2b\n|-supereffective|p2a: Great Tusk\n|-resisted|p2b: Amoonguss\n|-damage|p2a: Great Tusk|0 fnt\n|-damage|p2b: Amoonguss|67\/100\n|faint|p2a: Great Tusk\n|-end|p2a: Great Tusk|Protosynthesis|[silent]\n|-damage|p1b: Sunny Bono|69\/100|[from] item: Life Orb\n|move|p2b: Amoonguss|Pollen Puff|p1b: Sunny Bono\n|-supereffective|p1b: Sunny Bono\n|-damage|p1b: Sunny Bono|24\/100\n|\n|-weather|SunnyDay|[upkeep]\n|-damage|p1b: Sunny Bono|11\/100|[from] ability: Solar Power|[of] p1b: Sunny Bono\n|upkeep\n|\n|t:|1682463882\n|switch|p1a: Yo-Ya Ma|Hariyama, L50, M, tera:Ground|26\/100 brn\n|turn|5\n|\n|t:|1682463892\n|move|p2b: Amoonguss|Protect|p2b: Amoonguss\n|-singleturn|p2b: Amoonguss|Protect\n|move|p1a: Yo-Ya Ma|Fake Out|p2b: Amoonguss\n|-activate|p2b: Amoonguss|move: Protect\n|move|p1b: Sunny Bono|Earth Power|p2b: Amoonguss\n|-activate|p2b: Amoonguss|move: Protect\n|\n|-weather|SunnyDay|[upkeep]\n|-damage|p1b: Sunny Bono|0 fnt|[from] ability: Solar Power|[of] p1b: Sunny Bono\n|faint|p1b: Sunny Bono\n|-damage|p1a: Yo-Ya Ma|20\/100 brn|[from] brn\n|upkeep\n|turn|6\n|\n|t:|1682463909\n|move|p1a: Yo-Ya Ma|Headlong Rush|p2b: Amoonguss\n|-damage|p2b: Amoonguss|0 fnt\n|-unboost|p1a: Yo-Ya Ma|def|1\n|-unboost|p1a: Yo-Ya Ma|spd|1\n|faint|p2b: Amoonguss\n|\n|win|Nucleartoad\n|raw|Nucleartoad's rating: 1504 → 1524<\/strong> (+20 for winning)\n|raw|jackon17's rating: 1497 → 1477<\/strong> (-20 for losing)\n|l|\u2606jackon17\n|c|\u2606Nucleartoad|Gg\n","uploadtime":1682463934,"views":17,"p1id":"nucleartoad","p2id":"jackon17","formatid":"gen9vgc2023regulationc","rating":1477,"private":0,"password":""}