{"id":"gen9vgc2023regulationc-1844889545","p1":"fuegoatgoat","p2":"kijugtfgh9","format":"[Gen 9] VGC 2023 Regulation C","log":"|j|\u2606fuegoatgoat\n|j|\u2606kijugtfgh9\n|t:|1681660836\n|gametype|doubles\n|player|p1|fuegoatgoat|101|1099\n|player|p2|kijugtfgh9|schoolkid-gen4|1000\n|teamsize|p1|6\n|teamsize|p2|6\n|gen|9\n|tier|[Gen 9] VGC 2023 Regulation C\n|rated|\n|rule|Species Clause: Limit one of each Pok\u00e9mon\n|rule|Item Clause: Limit one of each item\n|clearpoke\n|poke|p1|Oricorio-Sensu, L50, F|\n|poke|p1|Volcarona, L50, M|\n|poke|p1|Quaquaval, L50, F|\n|poke|p1|Chien-Pao, L50|\n|poke|p1|Espathra, L50, F|\n|poke|p1|Sandy Shocks, L50|\n|poke|p2|Arcanine, L50, M|\n|poke|p2|Rotom-Wash, L50|\n|poke|p2|Slither Wing, L50|\n|poke|p2|Flutter Mane, L50|\n|poke|p2|Iron Thorns, L50|\n|poke|p2|Chien-Pao, L50|\n|teampreview|4\n|\n|t:|1681660872\n|start\n|switch|p1a: Shortcake|Sandy Shocks, L50, shiny|100\/100\n|switch|p1b: Lindt|Espathra, L50, F, shiny|100\/100\n|switch|p2a: butter dog|Arcanine, L50, M, shiny|100\/100\n|switch|p2b: Slither King|Slither Wing, L50|100\/100\n|-ability|p2a: butter dog|Intimidate|boost\n|-unboost|p1a: Shortcake|atk|1\n|-unboost|p1b: Lindt|atk|1\n|-enditem|p1a: Shortcake|Booster Energy\n|-activate|p1a: Shortcake|ability: Protosynthesis|[fromitem]\n|-start|p1a: Shortcake|protosynthesisspe\n|turn|1\n|\n|t:|1681660905\n|move|p1b: Lindt|Protect|p1b: Lindt\n|-singleturn|p1b: Lindt|Protect\n|move|p2a: butter dog|Extreme Speed|p1a: Shortcake\n|-damage|p1a: Shortcake|75\/100\n|move|p2b: Slither King|First Impression|p1a: Shortcake\n|-damage|p1a: Shortcake|13\/100\n|move|p1a: Shortcake|Gravity|p1a: Shortcake\n|-fieldstart|move: Gravity\n|\n|-ability|p1b: Lindt|Speed Boost|boost\n|-boost|p1b: Lindt|spe|1\n|upkeep\n|turn|2\n|\n|t:|1681660930\n|move|p1a: Shortcake|Protect|p1a: Shortcake\n|-singleturn|p1a: Shortcake|Protect\n|move|p2a: butter dog|Extreme Speed|p1a: Shortcake\n|-activate|p1a: Shortcake|move: Protect\n|move|p1b: Lindt|Hypnosis|p2b: Slither King\n|-status|p2b: Slither King|slp|[from] move: Hypnosis\n|cant|p2b: Slither King|slp\n|\n|-ability|p1b: Lindt|Speed Boost|boost\n|-boost|p1b: Lindt|spe|1\n|upkeep\n|turn|3\n|\n|t:|1681660952\n|move|p2a: butter dog|Extreme Speed|p1a: Shortcake\n|-damage|p1a: Shortcake|0 fnt\n|faint|p1a: Shortcake\n|-end|p1a: Shortcake|Protosynthesis|[silent]\n|move|p1b: Lindt|Hypnosis|p2a: butter dog\n|-status|p2a: butter dog|slp|[from] move: Hypnosis\n|cant|p2b: Slither King|slp\n|\n|-ability|p1b: Lindt|Speed Boost|boost\n|-boost|p1b: Lindt|spe|1\n|upkeep\n|\n|t:|1681660963\n|switch|p1a: Quesadilla|Quaquaval, L50, F, shiny|100\/100\n|turn|4\n|\n|t:|1681660972\n|-terastallize|p2a: butter dog|Water\n|move|p1b: Lindt|Lumina Crash|p2b: Slither King\n|-supereffective|p2b: Slither King\n|-damage|p2b: Slither King|59\/100 slp\n|-unboost|p2b: Slither King|spd|2\n|move|p1a: Quesadilla|Feather Dance|p2a: butter dog\n|-unboost|p2a: butter dog|atk|2\n|cant|p2a: butter dog|slp\n|cant|p2b: Slither King|slp\n|\n|-ability|p1b: Lindt|Speed Boost|boost\n|-boost|p1b: Lindt|spe|1\n|upkeep\n|turn|5\n|\n|t:|1681660993\n|-end|p2b: Slither King|Protosynthesis|[silent]\n|switch|p2b: butter bane|Flutter Mane, L50|100\/100\n|-terastallize|p1b: Lindt|Fairy\n|move|p1b: Lindt|Dazzling Gleam|p2b: butter bane|[spread] p2a,p2b\n|-damage|p2a: butter dog|73\/100 slp\n|-damage|p2b: butter bane|72\/100\n|move|p1a: Quesadilla|Aqua Step|p2b: butter bane\n|-damage|p2b: butter bane|0 fnt\n|-boost|p1a: Quesadilla|spe|1\n|faint|p2b: butter bane\n|-end|p2b: butter bane|Protosynthesis|[silent]\n|-ability|p1a: Quesadilla|Moxie|boost\n|-boost|p1a: Quesadilla|atk|1\n|cant|p2a: butter dog|slp\n|\n|-fieldend|move: Gravity\n|-ability|p1b: Lindt|Speed Boost|boost\n|-boost|p1b: Lindt|spe|1\n|upkeep\n|\n|t:|1681661006\n|switch|p2b: kitty|Chien-Pao, L50|100\/100\n|-ability|p2b: kitty|Sword of Ruin\n|turn|6\n|\n|t:|1681661016\n|move|p2b: kitty|Protect|p2b: kitty\n|-singleturn|p2b: kitty|Protect\n|move|p1b: Lindt|Dazzling Gleam|p2b: kitty|[spread] p2a\n|-activate|p2b: kitty|move: Protect\n|-damage|p2a: butter dog|44\/100 slp\n|move|p1a: Quesadilla|Close Combat|p2b: kitty\n|-activate|p2b: kitty|move: Protect\n|-curestatus|p2a: butter dog|slp|[msg]\n|move|p2a: butter dog|Will-O-Wisp|p1a: Quesadilla|[miss]\n|-miss|p2a: butter dog|p1a: Quesadilla\n|\n|-ability|p1b: Lindt|Speed Boost|boost\n|-boost|p1b: Lindt|spe|1\n|upkeep\n|turn|7\n|-message|kijugtfgh9 forfeited.\n|\n|win|fuegoatgoat\n|raw|fuegoatgoat's rating: 1099 → 1117<\/strong> (+18 for winning)\n|raw|kijugtfgh9's rating: 1000 → 1000<\/strong> (+0 for losing)\n|l|\u2606kijugtfgh9\n","uploadtime":1681661035,"views":15,"p1id":"fuegoatgoat","p2id":"kijugtfgh9","formatid":"gen9vgc2023regulationc","rating":1000,"private":0,"password":""}