{"id":"gen9vgc2023regulationc-1846640419","p1":"Girthatron","p2":"WindowNipples","format":"[Gen 9] VGC 2023 Regulation C","log":"|j|\u2606Girthatron\n|j|\u2606WindowNipples\n|t:|1681860408\n|gametype|doubles\n|player|p1|Girthatron|hiker-gen4|1342\n|player|p2|WindowNipples|bellelba|1272\n|teamsize|p1|6\n|teamsize|p2|6\n|gen|9\n|tier|[Gen 9] VGC 2023 Regulation C\n|rated|\n|rule|Species Clause: Limit one of each Pok\u00e9mon\n|rule|Item Clause: Limit one of each item\n|clearpoke\n|poke|p1|Gyarados, L50, F|\n|poke|p1|Dondozo, L50, M|\n|poke|p1|Tatsugiri, L50, M|\n|poke|p1|Azumarill, L50, F|\n|poke|p1|Pelipper, L50, F|\n|poke|p1|Iron Bundle, L50|\n|poke|p2|Stonjourner, L50, F|\n|poke|p2|Iron Bundle, L50|\n|poke|p2|Blissey, L50, F|\n|poke|p2|Spiritomb, L50, M|\n|poke|p2|Gastrodon, L50, F|\n|poke|p2|Salamence, L50, M|\n|teampreview|4\n|inactive|Battle timer is ON: inactive players will automatically lose when time's up. (requested by Girthatron)\n|\n|t:|1681860437\n|start\n|switch|p1a: Tatsugiri|Tatsugiri, L50, M|100\/100\n|switch|p1b: Azumarill|Azumarill, L50, F|100\/100\n|switch|p2a: Stonjourner|Stonjourner, L50, F|100\/100\n|switch|p2b: Blissey|Blissey, L50, F|100\/100\n|turn|1\n|inactive|Girthatron has 30 seconds left.\n|\n|t:|1681860466\n|move|p1a: Tatsugiri|Muddy Water|p2a: Stonjourner|[spread] p2b\n|-miss|p1a: Tatsugiri|p2a: Stonjourner\n|-damage|p2b: Blissey|87\/100\n|move|p2a: Stonjourner|Gravity|p2a: Stonjourner\n|-fieldstart|move: Gravity\n|move|p2b: Blissey|Sing|p1b: Azumarill\n|-status|p1b: Azumarill|slp|[from] move: Sing\n|-enditem|p2b: Blissey|Throat Spray\n|-boost|p2b: Blissey|spa|1|[from] item: Throat Spray\n|cant|p1b: Azumarill|slp\n|\n|upkeep\n|turn|2\n|\n|t:|1681860491\n|move|p1a: Tatsugiri|Icy Wind|p2a: Stonjourner|[spread] p2a,p2b\n|-damage|p2a: Stonjourner|60\/100\n|-damage|p2b: Blissey|82\/100\n|-unboost|p2a: Stonjourner|spe|1\n|-unboost|p2b: Blissey|spe|1\n|-curestatus|p1b: Azumarill|slp|[msg]\n|move|p1b: Azumarill|Perish Song|p1b: Azumarill\n|-start|p1a: Tatsugiri|perish3|[silent]\n|-start|p1b: Azumarill|perish3|[silent]\n|-start|p2a: Stonjourner|perish3|[silent]\n|-start|p2b: Blissey|perish3|[silent]\n|-fieldactivate|move: Perish Song\n|move|p2a: Stonjourner|Stone Edge|p1b: Azumarill\n|-damage|p1b: Azumarill|42\/100\n|-enditem|p1b: Azumarill|Sitrus Berry|[eat]\n|-heal|p1b: Azumarill|67\/100|[from] item: Sitrus Berry\n|move|p2b: Blissey|Sing|p1a: Tatsugiri\n|-status|p1a: Tatsugiri|slp|[from] move: Sing\n|\n|-start|p1a: Tatsugiri|perish3\n|-start|p1b: Azumarill|perish3\n|-start|p2a: Stonjourner|perish3\n|-start|p2b: Blissey|perish3\n|upkeep\n|turn|3\n|\n|t:|1681860512\n|move|p1b: Azumarill|Protect|p1b: Azumarill\n|-singleturn|p1b: Azumarill|Protect\n|cant|p1a: Tatsugiri|slp\n|move|p2a: Stonjourner|Stone Edge|p1a: Tatsugiri\n|-enditem|p1a: Tatsugiri|Focus Sash\n|-damage|p1a: Tatsugiri|1\/100 slp\n|move|p2b: Blissey|Thunder|p1b: Azumarill\n|-activate|p1b: Azumarill|move: Protect\n|\n|-start|p1a: Tatsugiri|perish2\n|-start|p1b: Azumarill|perish2\n|-start|p2a: Stonjourner|perish2\n|-start|p2b: Blissey|perish2\n|upkeep\n|turn|4\n|\n|t:|1681860526\n|switch|p1b: Dondozo|Dondozo, L50, M|100\/100\n|-activate|p1a: Tatsugiri|ability: Commander|[of] p1b: Dondozo\n|-boost|p1b: Dondozo|atk|2\n|-boost|p1b: Dondozo|spa|2\n|-boost|p1b: Dondozo|spe|2\n|-boost|p1b: Dondozo|def|2\n|-boost|p1b: Dondozo|spd|2\n|move|p2a: Stonjourner|Stone Edge|p1a: Tatsugiri|[miss]\n|-miss|p2a: Stonjourner|p1a: Tatsugiri\n|move|p2b: Blissey|Sing|p1b: Dondozo\n|-status|p1b: Dondozo|slp|[from] move: Sing\n|\n|-start|p1a: Tatsugiri|perish1\n|-start|p2a: Stonjourner|perish1\n|-start|p2b: Blissey|perish1\n|upkeep\n|turn|5\n|\n|t:|1681860549\n|switch|p2a: Gastrodon|Gastrodon, L50, F|100\/100\n|switch|p2b: Salamence|Salamence, L50, M|100\/100\n|-ability|p2b: Salamence|Intimidate|boost\n|-unboost|p1a: Tatsugiri|atk|1\n|-unboost|p1b: Dondozo|atk|1\n|cant|p1b: Dondozo|slp\n|\n|-start|p1a: Tatsugiri|perish0\n|-fieldend|move: Gravity\n|upkeep\n|faint|p1a: Tatsugiri\n|\n|t:|1681860558\n|switch|p1a: Iron Bundle|Iron Bundle, L50|100\/100\n|-enditem|p1a: Iron Bundle|Booster Energy\n|-activate|p1a: Iron Bundle|ability: Quark Drive|[fromitem]\n|-start|p1a: Iron Bundle|quarkdrivespe\n|turn|6\n|\n|t:|1681860571\n|switch|p2b: Blissey|Blissey, L50, F|82\/100\n|-terastallize|p1a: Iron Bundle|Ice\n|move|p1a: Iron Bundle|Freeze-Dry|p2b: Blissey\n|-damage|p2b: Blissey|61\/100\n|-curestatus|p1b: Dondozo|slp|[msg]\n|move|p1b: Dondozo|Fissure|p2a: Gastrodon|[miss]\n|-miss|p1b: Dondozo|p2a: Gastrodon\n|move|p2a: Gastrodon|Clear Smog|p1b: Dondozo\n|-damage|p1b: Dondozo|95\/100\n|-clearboost|p1b: Dondozo\n|\n|-heal|p1b: Dondozo|100\/100|[from] item: Leftovers\n|upkeep\n|turn|7\n|\n|t:|1681860590\n|move|p1a: Iron Bundle|Freeze-Dry|p2a: Gastrodon\n|-supereffective|p2a: Gastrodon\n|-damage|p2a: Gastrodon|0 fnt\n|faint|p2a: Gastrodon\n|move|p2b: Blissey|Thunder|p1b: Dondozo\n|-supereffective|p1b: Dondozo\n|-damage|p1b: Dondozo|63\/100\n|-status|p1b: Dondozo|par\n|move|p1b: Dondozo|Wave Crash|p2b: Blissey\n|-damage|p2b: Blissey|21\/100\n|-damage|p1b: Dondozo|46\/100 par|[from] Recoil\n|\n|-heal|p1b: Dondozo|52\/100 par|[from] item: Leftovers\n|upkeep\n|\n|t:|1681860596\n|switch|p2a: Salamence|Salamence, L50, M|100\/100\n|-ability|p2a: Salamence|Intimidate|boost\n|-unboost|p1a: Iron Bundle|atk|1\n|-unboost|p1b: Dondozo|atk|1\n|turn|8\n|\n|t:|1681860608\n|-terastallize|p2a: Salamence|Fire\n|move|p1a: Iron Bundle|Freeze-Dry|p2a: Salamence\n|-resisted|p2a: Salamence\n|-damage|p2a: Salamence|77\/100\n|move|p2a: Salamence|Hurricane|p1b: Dondozo\n|-damage|p1b: Dondozo|8\/100 par\n|-damage|p2a: Salamence|67\/100|[from] item: Life Orb\n|move|p2b: Blissey|Fire Blast|p1a: Iron Bundle\n|-supereffective|p1a: Iron Bundle\n|-damage|p1a: Iron Bundle|0 fnt\n|faint|p1a: Iron Bundle\n|-end|p1a: Iron Bundle|Quark Drive|[silent]\n|cant|p1b: Dondozo|par\n|\n|-heal|p1b: Dondozo|14\/100 par|[from] item: Leftovers\n|upkeep\n|\n|t:|1681860623\n|switch|p1a: Azumarill|Azumarill, L50, F|67\/100\n|turn|9\n|\n|t:|1681860632\n|move|p1b: Dondozo|Protect|p1b: Dondozo\n|-singleturn|p1b: Dondozo|Protect\n|move|p1a: Azumarill|Aqua Jet|p2a: Salamence\n|-supereffective|p2a: Salamence\n|-damage|p2a: Salamence|24\/100\n|move|p2a: Salamence|Hurricane|p1a: Azumarill|[miss]\n|-miss|p2a: Salamence|p1a: Azumarill\n|move|p2b: Blissey|Thunder|p1a: Azumarill\n|-supereffective|p1a: Azumarill\n|-damage|p1a: Azumarill|24\/100\n|\n|-heal|p1b: Dondozo|20\/100 par|[from] item: Leftovers\n|upkeep\n|turn|10\n|\n|t:|1681860650\n|move|p2a: Salamence|Protect|p2a: Salamence\n|-singleturn|p2a: Salamence|Protect\n|move|p1a: Azumarill|Aqua Jet|p2a: Salamence\n|-activate|p2a: Salamence|move: Protect\n|move|p2b: Blissey|Thunder|p1b: Dondozo\n|-supereffective|p1b: Dondozo\n|-damage|p1b: Dondozo|0 fnt\n|faint|p1b: Dondozo\n|\n|upkeep\n|turn|11\n|\n|t:|1681860661\n|switch|p2a: Stonjourner|Stonjourner, L50, F|60\/100\n|move|p1a: Azumarill|Aqua Jet|p2a: Stonjourner\n|-supereffective|p2a: Stonjourner\n|-damage|p2a: Stonjourner|35\/100\n|move|p2b: Blissey|Thunder|p1a: Azumarill|[miss]\n|-miss|p2b: Blissey|p1a: Azumarill\n|\n|upkeep\n|turn|12\n|\n|t:|1681860670\n|move|p2a: Stonjourner|Stone Edge|p1a: Azumarill\n|-damage|p1a: Azumarill|0 fnt\n|faint|p1a: Azumarill\n|\n|win|WindowNipples\n|raw|Girthatron's rating: 1342 → 1318<\/strong> (-24 for losing)\n|raw|WindowNipples's rating: 1272 → 1302<\/strong> (+30 for winning)\n|l|\u2606Girthatron\n","uploadtime":1681860679,"views":8,"p1id":"girthatron","p2id":"windownipples","formatid":"gen9vgc2023regulationc","rating":1302,"private":0,"password":""}