{"id":"gen9vgc2023regulationc-1845405564","p1":"oifnoqienfonqo","p2":"KuronaRanze3","format":"[Gen 9] VGC 2023 Regulation C","log":"|j|\u2606oifnoqienfonqo\n|j|\u2606KuronaRanze3\n|t:|1681728809\n|gametype|doubles\n|player|p1|oifnoqienfonqo|170|1071\n|player|p2|KuronaRanze3|hilbert|1060\n|teamsize|p1|6\n|teamsize|p2|6\n|gen|9\n|tier|[Gen 9] VGC 2023 Regulation C\n|rated|\n|rule|Species Clause: Limit one of each Pok\u00e9mon\n|rule|Item Clause: Limit one of each item\n|clearpoke\n|poke|p1|Goodra, L50, F|\n|poke|p1|Wo-Chien, L50|\n|poke|p1|Gothitelle, L50, M|\n|poke|p1|Iron Treads, L50|\n|poke|p1|Vaporeon, L50, M|\n|poke|p1|Talonflame, L50, M|\n|poke|p2|Flutter Mane, L50|\n|poke|p2|Amoonguss, L50, F|\n|poke|p2|Chi-Yu, L50|\n|poke|p2|Ting-Lu, L50|\n|poke|p2|Arcanine, L50, M|\n|poke|p2|Palafin, L50, F|\n|teampreview|4\n|inactive|Battle timer is ON: inactive players will automatically lose when time's up. (requested by KuronaRanze3)\nKuronaRanze3 has agreed to open team sheets.\n|inactive|oifnoqienfonqo has 60 seconds left.\n|\n|t:|1681728847\n|start\n|switch|p1a: Gothitelle|Gothitelle, L50, M|100\/100\n|switch|p1b: Wo-Chien|Wo-Chien, L50|100\/100\n|switch|p2a: Flutter Mane|Flutter Mane, L50|100\/100\n|switch|p2b: Palafin|Palafin, L50, F, shiny|100\/100\n|-ability|p1b: Wo-Chien|Tablets of Ruin\n|turn|1\n|inactive|oifnoqienfonqo has 30 seconds left.\n|\n|t:|1681728874\n|switch|p1b: Iron Treads|Iron Treads, L50|100\/100\n|-terastallize|p2a: Flutter Mane|Fairy\n|move|p2b: Palafin|Protect|p2b: Palafin\n|-singleturn|p2b: Palafin|Protect\n|move|p2a: Flutter Mane|Moonblast|p1b: Iron Treads\n|-resisted|p1b: Iron Treads\n|-damage|p1b: Iron Treads|52\/100\n|-unboost|p1b: Iron Treads|spa|1\n|move|p1a: Gothitelle|Trick Room|p1a: Gothitelle\n|-fieldstart|move: Trick Room|[of] p1a: Gothitelle\n|\n|upkeep\n|turn|2\n|\n|t:|1681728892\n|move|p2b: Palafin|Jet Punch|p1b: Iron Treads\n|-supereffective|p1b: Iron Treads\n|-damage|p1b: Iron Treads|4\/100\n|move|p1a: Gothitelle|Psychic|p2a: Flutter Mane\n|-damage|p2a: Flutter Mane|54\/100\n|-unboost|p2a: Flutter Mane|spd|1\n|move|p1b: Iron Treads|Iron Head|p2a: Flutter Mane\n|-supereffective|p2a: Flutter Mane\n|-damage|p2a: Flutter Mane|0 fnt\n|faint|p2a: Flutter Mane\n|-end|p2a: Flutter Mane|Protosynthesis|[silent]\n|\n|upkeep\n|\n|t:|1681728899\n|switch|p2a: Arcanine|Arcanine, L50, M|100\/100\n|-ability|p2a: Arcanine|Intimidate|boost\n|-unboost|p1a: Gothitelle|atk|1\n|-unboost|p1b: Iron Treads|atk|1\n|turn|3\n|inactive|KuronaRanze3 has 30 seconds left.\n|\n|t:|1681728926\n|-end|p1b: Iron Treads|Quark Drive|[silent]\n|switch|p1b: Goodra|Goodra, L50, F|100\/100\n|move|p2b: Palafin|Protect|p2b: Palafin\n|-singleturn|p2b: Palafin|Protect\n|move|p2a: Arcanine|Extreme Speed|p1b: Goodra\n|-damage|p1b: Goodra|79\/100\n|move|p1a: Gothitelle|Psychic|p2b: Palafin\n|-activate|p2b: Palafin|move: Protect\n|\n|upkeep\n|turn|4\n|inactive|oifnoqienfonqo has 30 seconds left.\n|\n|t:|1681728957\n|move|p1a: Gothitelle|Psychic|p2b: Palafin\n|-damage|p2b: Palafin|48\/100\n|move|p1b: Goodra|Surf|p2a: Arcanine|[spread] p1a,p2a,p2b\n|-supereffective|p2a: Arcanine\n|-resisted|p2b: Palafin\n|-damage|p1a: Gothitelle|85\/100\n|-damage|p2a: Arcanine|63\/100\n|-damage|p2b: Palafin|38\/100\n|move|p2b: Palafin|Wave Crash|p1a: Gothitelle\n|-damage|p1a: Gothitelle|33\/100\n|-damage|p2b: Palafin|23\/100|[from] Recoil\n|move|p2a: Arcanine|Will-O-Wisp|p1b: Goodra\n|-status|p1b: Goodra|brn\n|\n|-damage|p1b: Goodra|73\/100 brn|[from] brn\n|upkeep\n|turn|5\n|\n|t:|1681728977\n|move|p2b: Palafin|Protect|p2b: Palafin\n|-singleturn|p2b: Palafin|Protect\n|move|p2a: Arcanine|Extreme Speed|p1a: Gothitelle\n|-damage|p1a: Gothitelle|10\/100\n|move|p1a: Gothitelle|Psychic|p2b: Palafin\n|-activate|p2b: Palafin|move: Protect\n|move|p1b: Goodra|Life Dew|p1b: Goodra|[spread] p1a,p1b\n|-heal|p1a: Gothitelle|35\/100\n|-heal|p1b: Goodra|98\/100 brn\n|\n|-damage|p1b: Goodra|93\/100 brn|[from] brn\n|-fieldend|move: Trick Room\n|upkeep\n|turn|6\n|inactive|oifnoqienfonqo has 30 seconds left.\n|inactive|oifnoqienfonqo has 20 seconds left.\n|\n|t:|1681729016\n|move|p2b: Palafin|Protect|p2b: Palafin\n|-singleturn|p2b: Palafin|Protect\n|move|p2a: Arcanine|Flare Blitz|p1a: Gothitelle\n|-damage|p1a: Gothitelle|0 fnt\n|faint|p1a: Gothitelle\n|-damage|p2a: Arcanine|52\/100|[from] Recoil\n|move|p1b: Goodra|Life Dew|p1b: Goodra\n|-heal|p1b: Goodra|100\/100 brn\n|\n|-damage|p1b: Goodra|95\/100 brn|[from] brn\n|upkeep\n|\n|t:|1681729030\n|switch|p1a: Wo-Chien|Wo-Chien, L50|100\/100\n|-ability|p1a: Wo-Chien|Tablets of Ruin\n|turn|7\n|inactive|oifnoqienfonqo has 30 seconds left.\n|\n|t:|1681729055\n|detailschange|p2b: Palafin|Palafin-Hero, L50, F, shiny\n|switch|p2b: Amoonguss|Amoonguss, L50, F|100\/100\n|move|p2a: Arcanine|Flare Blitz|p1a: Wo-Chien\n|-supereffective|p1a: Wo-Chien\n|-damage|p1a: Wo-Chien|31\/100\n|-damage|p2a: Arcanine|30\/100|[from] Recoil\n|move|p1b: Goodra|Surf|p2b: Amoonguss|[spread] p1a,p2a,p2b\n|-resisted|p1a: Wo-Chien\n|-supereffective|p2a: Arcanine\n|-resisted|p2b: Amoonguss\n|-damage|p1a: Wo-Chien|24\/100\n|-damage|p2a: Arcanine|0 fnt\n|-damage|p2b: Amoonguss|92\/100\n|faint|p2a: Arcanine\n|move|p1a: Wo-Chien|Ruination|p2b: Amoonguss\n|-damage|p2b: Amoonguss|47\/100\n|-enditem|p2b: Amoonguss|Sitrus Berry|[eat]\n|-heal|p2b: Amoonguss|72\/100|[from] item: Sitrus Berry\n|\n|-damage|p1b: Goodra|89\/100 brn|[from] brn\n|upkeep\n|\n|t:|1681729060\n|switch|p2a: Palafin|Palafin-Hero, L50, F, shiny|23\/100\n|-activate|p2a: Palafin|ability: Zero to Hero\n|turn|8\n|\n|t:|1681729079\n|move|p2a: Palafin|Protect|p2a: Palafin\n|-singleturn|p2a: Palafin|Protect\n|move|p1a: Wo-Chien|Protect|p1a: Wo-Chien\n|-singleturn|p1a: Wo-Chien|Protect\n|move|p1b: Goodra|Life Dew|p1b: Goodra|[spread] p1a,p1b\n|-heal|p1a: Wo-Chien|49\/100\n|-heal|p1b: Goodra|100\/100 brn\n|move|p2b: Amoonguss|Pollen Puff|p1a: Wo-Chien\n|-activate|p1a: Wo-Chien|move: Protect\n|\n|-damage|p1b: Goodra|95\/100 brn|[from] brn\n|upkeep\n|turn|9\n|\n|t:|1681729103\n|move|p2a: Palafin|Jet Punch|p1a: Wo-Chien\n|-resisted|p1a: Wo-Chien\n|-damage|p1a: Wo-Chien|35\/100\n|move|p1b: Goodra|Life Dew|p1b: Goodra|[spread] p1a,p1b\n|-heal|p1a: Wo-Chien|60\/100\n|-heal|p1b: Goodra|100\/100 brn\n|move|p1a: Wo-Chien|Giga Drain|p2a: Palafin\n|-supereffective|p2a: Palafin\n|-damage|p2a: Palafin|0 fnt\n|-heal|p1a: Wo-Chien|76\/100|[from] drain|[of] p2a: Palafin\n|faint|p2a: Palafin\n|move|p2b: Amoonguss|Pollen Puff|p1a: Wo-Chien\n|-supereffective|p1a: Wo-Chien\n|-damage|p1a: Wo-Chien|26\/100\n|\n|-damage|p1b: Goodra|95\/100 brn|[from] brn\n|upkeep\n|turn|10\n|-message|KuronaRanze3 forfeited.\n|\n|win|oifnoqienfonqo\n|raw|oifnoqienfonqo's rating: 1071 → 1099<\/strong> (+28 for winning)\n|raw|KuronaRanze3's rating: 1060 → 1042<\/strong> (-18 for losing)\n|l|\u2606KuronaRanze3\n","uploadtime":1681729145,"views":9,"p1id":"oifnoqienfonqo","p2id":"kuronaranze3","formatid":"gen9vgc2023regulationc","rating":1042,"private":0,"password":""}