{"id":"gen9vgc2023regulationc-1845610845","p1":"CGballin","p2":"Doomtheboomkin","format":"[Gen 9] VGC 2023 Regulation C","log":"|j|\u2606CGballin\n|j|\u2606Doomtheboomkin\n|t:|1681749286\n|gametype|doubles\n|player|p1|CGballin|doubleteam|1439\n|player|p2|Doomtheboomkin|shadowtriad|1358\n|teamsize|p1|6\n|teamsize|p2|6\n|gen|9\n|tier|[Gen 9] VGC 2023 Regulation C\n|rated|\n|rule|Species Clause: Limit one of each Pok\u00e9mon\n|rule|Item Clause: Limit one of each item\n|clearpoke\n|poke|p1|Staraptor, L50, F|\n|poke|p1|Chien-Pao, L50|\n|poke|p1|Flutter Mane, L50|\n|poke|p1|Murkrow, L50, F|\n|poke|p1|Garchomp, L50, F|\n|poke|p1|Rotom-Heat, L50|\n|poke|p2|Chien-Pao, L50|\n|poke|p2|Dragonite, L50, M|\n|poke|p2|Arcanine, L50, F|\n|poke|p2|Palafin, L50, M|\n|poke|p2|Iron Hands, L50|\n|poke|p2|Amoonguss, L50, F|\n|teampreview|4\n|inactive|Battle timer is ON: inactive players will automatically lose when time's up. (requested by Doomtheboomkin)\n|inactive|CGballin has 60 seconds left.\n|inactive|Doomtheboomkin has 60 seconds left.\n|\n|t:|1681749340\n|start\n|switch|p1a: Garchomp|Garchomp, L50, F|100\/100\n|switch|p1b: Murkrow|Murkrow, L50, F|100\/100\n|switch|p2a: Chien-Pao|Chien-Pao, L50|100\/100\n|switch|p2b: Palafin|Palafin, L50, M|100\/100\n|-ability|p2a: Chien-Pao|Sword of Ruin\n|turn|1\n|\n|t:|1681749360\n|detailschange|p2b: Palafin|Palafin-Hero, L50, M\n|switch|p2b: Arcanine|Arcanine, L50, F|100\/100\n|-ability|p2b: Arcanine|Intimidate|boost\n|-fail|p1a: Garchomp|unboost|[from] item: Clear Amulet|[of] p1a: Garchomp\n|-unboost|p1b: Murkrow|atk|1\n|move|p1a: Garchomp|Protect|p1a: Garchomp\n|-singleturn|p1a: Garchomp|Protect\n|move|p2a: Chien-Pao|Ice Spinner|p1a: Garchomp\n|-activate|p1a: Garchomp|move: Protect\n|move|p1b: Murkrow|Foul Play|p2a: Chien-Pao\n|-resisted|p2a: Chien-Pao\n|-damage|p2a: Chien-Pao|69\/100\n|\n|upkeep\n|turn|2\n|\n|t:|1681749377\n|move|p2a: Chien-Pao|Protect|p2a: Chien-Pao\n|-singleturn|p2a: Chien-Pao|Protect\n|move|p1b: Murkrow|Tailwind|p1b: Murkrow\n|-sidestart|p1: CGballin|move: Tailwind\n|move|p1a: Garchomp|Rock Slide|p2a: Chien-Pao|[spread] p2b\n|-activate|p2a: Chien-Pao|move: Protect\n|-supereffective|p2b: Arcanine\n|-damage|p2b: Arcanine|34\/100\n|move|p2b: Arcanine|Will-O-Wisp|p1a: Garchomp\n|-status|p1a: Garchomp|brn\n|\n|-damage|p1a: Garchomp|94\/100 brn|[from] brn\n|upkeep\n|turn|3\n|inactive|CGballin has 30 seconds left.\n|\n|t:|1681749402\n|switch|p2b: Amoonguss|Amoonguss, L50, F|100\/100\n|move|p1a: Garchomp|Rock Slide|p2b: Amoonguss|[spread] p2a,p2b\n|-supereffective|p2a: Chien-Pao\n|-crit|p2b: Amoonguss\n|-damage|p2a: Chien-Pao|40\/100\n|-damage|p2b: Amoonguss|84\/100\n|move|p1b: Murkrow|Foul Play|p2b: Amoonguss\n|-damage|p2b: Amoonguss|58\/100\n|move|p2a: Chien-Pao|Ice Spinner|p1b: Murkrow\n|-supereffective|p1b: Murkrow\n|-damage|p1b: Murkrow|0 fnt\n|faint|p1b: Murkrow\n|\n|-damage|p1a: Garchomp|88\/100 brn|[from] brn\n|upkeep\n|\n|t:|1681749415\n|switch|p1b: Staraptor|Staraptor, L50, F|100\/100\n|turn|4\n|\n|t:|1681749432\n|move|p2b: Amoonguss|Rage Powder|p2b: Amoonguss\n|-singleturn|p2b: Amoonguss|move: Rage Powder\n|move|p1b: Staraptor|U-turn|p2b: Amoonguss\n|-damage|p2b: Amoonguss|33\/100\n|\n|t:|1681749439\n|switch|p1b: Flutter Mane|Flutter Mane, L50|100\/100|[from] U-turn\n|-enditem|p1b: Flutter Mane|Booster Energy\n|-activate|p1b: Flutter Mane|ability: Protosynthesis|[fromitem]\n|-start|p1b: Flutter Mane|protosynthesisspe\n|move|p1a: Garchomp|Earthquake|p2a: Chien-Pao|[spread] p1b,p2a,p2b\n|-damage|p1b: Flutter Mane|39\/100\n|-damage|p2a: Chien-Pao|9\/100\n|-damage|p2b: Amoonguss|11\/100\n|move|p2a: Chien-Pao|Ice Spinner|p1b: Flutter Mane\n|-damage|p1b: Flutter Mane|0 fnt\n|faint|p1b: Flutter Mane\n|-end|p1b: Flutter Mane|Protosynthesis|[silent]\n|\n|-damage|p1a: Garchomp|82\/100 brn|[from] brn\n|upkeep\n|\n|t:|1681749451\n|switch|p1b: Staraptor|Staraptor, L50, F|100\/100\n|turn|5\n|\n|t:|1681749463\n|-terastallize|p1a: Garchomp|Ground\n|move|p2a: Chien-Pao|Protect|p2a: Chien-Pao\n|-singleturn|p2a: Chien-Pao|Protect\n|move|p1b: Staraptor|Brave Bird|p2b: Amoonguss\n|-supereffective|p2b: Amoonguss\n|-damage|p2b: Amoonguss|0 fnt\n|faint|p2b: Amoonguss\n|-damage|p1b: Staraptor|96\/100|[from] Recoil\n|move|p1a: Garchomp|Earthquake|p2a: Chien-Pao|[spread] \n|-activate|p2a: Chien-Pao|move: Protect\n|-immune|p1b: Staraptor\n|\n|-damage|p1a: Garchomp|76\/100 brn|[from] brn\n|-sideend|p1: CGballin|move: Tailwind\n|upkeep\n|\n|t:|1681749480\n|switch|p2b: Palafin|Palafin-Hero, L50, M|100\/100\n|-activate|p2b: Palafin|ability: Zero to Hero\n|turn|6\n|\n|t:|1681749487\n|move|p2b: Palafin|Jet Punch|p1a: Garchomp\n|-supereffective|p1a: Garchomp\n|-damage|p1a: Garchomp|0 fnt\n|-damage|p2b: Palafin|88\/100|[from] ability: Rough Skin|[of] p1a: Garchomp\n|faint|p1a: Garchomp\n|move|p1b: Staraptor|Brave Bird|p2b: Palafin\n|-damage|p2b: Palafin|0 fnt\n|faint|p2b: Palafin\n|-damage|p1b: Staraptor|59\/100|[from] Recoil\n|move|p2a: Chien-Pao|Ice Spinner|p1b: Staraptor\n|-supereffective|p1b: Staraptor\n|-damage|p1b: Staraptor|0 fnt\n|faint|p1b: Staraptor\n|\n|win|Doomtheboomkin\n|raw|CGballin's rating: 1439 → 1414<\/strong> (-25 for losing)\n|raw|Doomtheboomkin's rating: 1358 → 1383<\/strong> (+25 for winning)\n|l|\u2606CGballin\n","uploadtime":1681749504,"views":11,"p1id":"cgballin","p2id":"doomtheboomkin","formatid":"gen9vgc2023regulationc","rating":1383,"private":0,"password":""}