{"id":"gen9vgc2023regulationc-1851155018","p1":"sspark","p2":"Valeriv","format":"[Gen 9] VGC 2023 Regulation C","log":"|j|\u2606sspark\n|j|\u2606Valeriv\n|t:|1682418103\n|gametype|doubles\n|player|p1|sspark|170|1256\n|player|p2|Valeriv|169|1336\n|teamsize|p1|6\n|teamsize|p2|6\n|gen|9\n|tier|[Gen 9] VGC 2023 Regulation C\n|rated|\n|rule|Species Clause: Limit one of each Pok\u00e9mon\n|rule|Item Clause: Limit one of each item\n|clearpoke\n|poke|p1|Flutter Mane, L50|\n|poke|p1|Maushold, L50|\n|poke|p1|Chi-Yu, L50|\n|poke|p1|Gholdengo, L50|\n|poke|p1|Iron Bundle, L50|\n|poke|p1|Salamence, L50, M|\n|poke|p2|Orthworm, L50, M|\n|poke|p2|Ting-Lu, L50|\n|poke|p2|Dragonite, L50, F|\n|poke|p2|Arcanine, L50, F|\n|poke|p2|Chien-Pao, L50|\n|poke|p2|Flutter Mane, L50|\n|teampreview|4\nValeriv has agreed to open team sheets.\n|inactive|Battle timer is ON: inactive players will automatically lose when time's up. (requested by sspark)\n|\n|t:|1682418141\n|start\n|switch|p1a: Maushold|Maushold, L50|100\/100\n|switch|p1b: Flutter Mane|Flutter Mane, L50|100\/100\n|switch|p2a: Ting-Lu|Ting-Lu, L50|100\/100\n|switch|p2b: Arcanine|Arcanine, L50, F|100\/100\n|-ability|p2b: Arcanine|Intimidate|boost\n|-unboost|p1a: Maushold|atk|1\n|-unboost|p1b: Flutter Mane|atk|1\n|-ability|p2a: Ting-Lu|Vessel of Ruin\n|-enditem|p1b: Flutter Mane|Booster Energy\n|-activate|p1b: Flutter Mane|ability: Protosynthesis|[fromitem]\n|-start|p1b: Flutter Mane|protosynthesisspe\n|turn|1\n|inactive|sspark has 30 seconds left.\n|\n|t:|1682418173\n|move|p1a: Maushold|Follow Me|p1a: Maushold\n|-singleturn|p1a: Maushold|move: Follow Me\n|move|p1b: Flutter Mane|Calm Mind|p1b: Flutter Mane\n|-boost|p1b: Flutter Mane|spa|1\n|-boost|p1b: Flutter Mane|spd|1\n|move|p2b: Arcanine|Flare Blitz|p1a: Maushold\n|-damage|p1a: Maushold|58\/100\n|-damage|p2b: Arcanine|88\/100|[from] Recoil\n|move|p2a: Ting-Lu|Heavy Slam|p1a: Maushold\n|-damage|p1a: Maushold|22\/100\n|\n|upkeep\n|turn|2\n|inactive|sspark has 30 seconds left.\n|inactive|sspark has 20 seconds left.\n|inactive|sspark has 15 seconds left.\n|\n|t:|1682418217\n|switch|p1a: Salamence|Salamence, L50, M|100\/100\n|-ability|p1a: Salamence|Intimidate|boost\n|-unboost|p2a: Ting-Lu|atk|1\n|-unboost|p2b: Arcanine|atk|1\n|move|p1b: Flutter Mane|Protect|p1b: Flutter Mane\n|-singleturn|p1b: Flutter Mane|Protect\n|move|p2b: Arcanine|Flare Blitz|p1a: Salamence\n|-resisted|p1a: Salamence\n|-damage|p1a: Salamence|83\/100\n|-damage|p2b: Arcanine|82\/100|[from] Recoil\n|move|p2a: Ting-Lu|Heavy Slam|p1b: Flutter Mane\n|-activate|p1b: Flutter Mane|move: Protect\n|\n|upkeep\n|turn|3\n|inactive|sspark has 30 seconds left.\n|\n|t:|1682418245\n|move|p1b: Flutter Mane|Dazzling Gleam|p2b: Arcanine|[spread] p2a,p2b\n|-supereffective|p2a: Ting-Lu\n|-resisted|p2b: Arcanine\n|-damage|p2a: Ting-Lu|68\/100\n|-damage|p2b: Arcanine|69\/100\n|move|p1a: Salamence|Dragon Dance|p1a: Salamence\n|-boost|p1a: Salamence|atk|1\n|-boost|p1a: Salamence|spe|1\n|move|p2b: Arcanine|Flare Blitz|p1b: Flutter Mane\n|-damage|p1b: Flutter Mane|56\/100\n|-damage|p2b: Arcanine|57\/100|[from] Recoil\n|move|p2a: Ting-Lu|Heavy Slam|p1b: Flutter Mane\n|-supereffective|p1b: Flutter Mane\n|-damage|p1b: Flutter Mane|0 fnt\n|faint|p1b: Flutter Mane\n|-end|p1b: Flutter Mane|Protosynthesis|[silent]\n|\n|upkeep\n|inactive|sspark has 30 seconds left.\n|\n|t:|1682418276\n|switch|p1b: Maushold|Maushold, L50|22\/100\n|turn|4\n|\n|t:|1682418286\n|move|p1b: Maushold|Protect|p1b: Maushold\n|-singleturn|p1b: Maushold|Protect\n|move|p1a: Salamence|Dragon Claw|p2b: Arcanine\n|-damage|p2b: Arcanine|0 fnt\n|faint|p2b: Arcanine\n|move|p2a: Ting-Lu|Ruination|p1a: Salamence\n|-damage|p1a: Salamence|42\/100\n|\n|upkeep\n|\n|t:|1682418294\n|switch|p2b: Flutter Mane|Flutter Mane, L50|100\/100\n|-enditem|p2b: Flutter Mane|Booster Energy\n|-activate|p2b: Flutter Mane|ability: Protosynthesis|[fromitem]\n|-start|p2b: Flutter Mane|protosynthesisspa\n|turn|5\n|inactive|sspark has 30 seconds left.\n|\n|t:|1682418324\n|-terastallize|p2b: Flutter Mane|Fairy\n|move|p1b: Maushold|Follow Me|p1b: Maushold\n|-singleturn|p1b: Maushold|move: Follow Me\n|move|p1a: Salamence|Iron Head|p2b: Flutter Mane\n|-supereffective|p2b: Flutter Mane\n|-damage|p2b: Flutter Mane|0 fnt\n|faint|p2b: Flutter Mane\n|-end|p2b: Flutter Mane|Protosynthesis|[silent]\n|move|p2a: Ting-Lu|Heavy Slam|p1b: Maushold\n|-damage|p1b: Maushold|0 fnt\n|faint|p1b: Maushold\n|\n|upkeep\n|\n|t:|1682418334\n|switch|p2b: Chien-Pao|Chien-Pao, L50|100\/100\n|switch|p1b: Chi-Yu|Chi-Yu, L50|100\/100\n|-ability|p1b: Chi-Yu|Beads of Ruin\n|-ability|p2b: Chien-Pao|Sword of Ruin\n|turn|6\n|inactive|sspark has 30 seconds left.\n|inactive|sspark has 20 seconds left.\n|inactive|sspark has 15 seconds left.\n|inactive|sspark has 10 seconds left.\n|\n|t:|1682418383\n|move|p2b: Chien-Pao|Protect|p2b: Chien-Pao\n|-singleturn|p2b: Chien-Pao|Protect\n|move|p1a: Salamence|Dragon Claw|p2a: Ting-Lu\n|-damage|p2a: Ting-Lu|15\/100\n|move|p1b: Chi-Yu|Heat Wave|p2b: Chien-Pao|[spread] p2a\n|-activate|p2b: Chien-Pao|move: Protect\n|-damage|p2a: Ting-Lu|0 fnt\n|faint|p2a: Ting-Lu\n|\n|upkeep\n|turn|7\n|\n|t:|1682418399\n|move|p2b: Chien-Pao|Sucker Punch|p1a: Salamence\n|-damage|p1a: Salamence|0 fnt\n|faint|p1a: Salamence\n|move|p1b: Chi-Yu|Heat Wave|p2b: Chien-Pao\n|-supereffective|p2b: Chien-Pao\n|-enditem|p2b: Chien-Pao|Focus Sash\n|-damage|p2b: Chien-Pao|1\/100\n|\n|upkeep\n|turn|8\n|\n|t:|1682418408\n|move|p1b: Chi-Yu|Heat Wave|p2b: Chien-Pao\n|-supereffective|p2b: Chien-Pao\n|-crit|p2b: Chien-Pao\n|-damage|p2b: Chien-Pao|0 fnt\n|faint|p2b: Chien-Pao\n|\n|win|sspark\n|raw|sspark's rating: 1256 → 1287<\/strong> (+31 for winning)\n|raw|Valeriv's rating: 1336 → 1311<\/strong> (-25 for losing)\n|l|\u2606Valeriv\n","uploadtime":1682418635,"views":11,"p1id":"sspark","p2id":"valeriv","formatid":"gen9vgc2023regulationc","rating":1287,"private":0,"password":""}