{"id":"gen9vgc2023regulationc-1846692850","p1":"MegaMachado","p2":"vivian20","format":"[Gen 9] VGC 2023 Regulation C","log":"|j|\u2606MegaMachado\n|j|\u2606vivian20\n|t:|1681866590\n|gametype|doubles\n|player|p1|MegaMachado|blackbelt-gen4dp|\n|player|p2|vivian20|1|\n|teamsize|p1|6\n|teamsize|p2|6\n|gen|9\n|tier|[Gen 9] VGC 2023 Regulation C\n|rule|Species Clause: Limit one of each Pok\u00e9mon\n|rule|Item Clause: Limit one of each item\n|clearpoke\n|poke|p1|Torkoal, L50, M|\n|poke|p1|Jumpluff, L50, F|\n|poke|p1|Flutter Mane, L50|\n|poke|p1|Great Tusk, L50|\n|poke|p1|Chien-Pao, L50|\n|poke|p1|Kingambit, L50, M|\n|poke|p2|Glimmora, L50, F|\n|poke|p2|Flutter Mane, L50|\n|poke|p2|Tatsugiri, L50, F|\n|poke|p2|Dondozo, L50, F|\n|poke|p2|Arcanine, L50, M|\n|poke|p2|Wo-Chien, L50|\n|teampreview|4\nvivian20 has agreed to open team sheets.\n|\n|t:|1681866615\n|start\n|switch|p1a: Chien-Pao|Chien-Pao, L50|100\/100\n|switch|p1b: Great Tusk|Great Tusk, L50|100\/100\n|switch|p2a: Glimmora|Glimmora, L50, F|100\/100\n|switch|p2b: Flutter Mane|Flutter Mane, L50|100\/100\n|-ability|p1a: Chien-Pao|Sword of Ruin\n|turn|1\n|\n|t:|1681866665\n|-terastallize|p2a: Glimmora|Grass\n|move|p1a: Chien-Pao|Protect|p1a: Chien-Pao\n|-singleturn|p1a: Chien-Pao|Protect\n|move|p1b: Great Tusk|Earthquake|p2a: Glimmora|[spread] p2a,p2b\n|-activate|p1a: Chien-Pao|move: Protect\n|-resisted|p2a: Glimmora\n|-crit|p2b: Flutter Mane\n|-damage|p2a: Glimmora|72\/100\n|-enditem|p2b: Flutter Mane|Focus Sash\n|-damage|p2b: Flutter Mane|1\/100\n|-activate|p2a: Glimmora|ability: Toxic Debris\n|-sidestart|p1: MegaMachado|move: Toxic Spikes\n|move|p2b: Flutter Mane|Dazzling Gleam|p1b: Great Tusk|[spread] p1b\n|-activate|p1a: Chien-Pao|move: Protect\n|-supereffective|p1b: Great Tusk\n|-damage|p1b: Great Tusk|12\/100\n|move|p2a: Glimmora|Power Gem|p1a: Chien-Pao\n|-activate|p1a: Chien-Pao|move: Protect\n|\n|upkeep\n|turn|2\n|l|\u2606MegaMachado\n|player|p1|\n|j|\u2606MegaMachado\n|player|p1|MegaMachado|blackbelt-gen4dp\n|\n|t:|1681866728\n|-end|p1b: Great Tusk|Protosynthesis|[silent]\n|switch|p1b: Kingambit|Kingambit, L50, M|100\/100\n|move|p2b: Flutter Mane|Protect|p2b: Flutter Mane\n|-singleturn|p2b: Flutter Mane|Protect\n|move|p1a: Chien-Pao|Ice Spinner|p2a: Glimmora\n|-supereffective|p2a: Glimmora\n|-damage|p2a: Glimmora|0 fnt\n|-activate|p2a: Glimmora|ability: Toxic Debris\n|-sidestart|p1: MegaMachado|move: Toxic Spikes\n|faint|p2a: Glimmora\n|\n|upkeep\n|\n|t:|1681866749\n|switch|p2a: Dondozo|Dondozo, L50, F|100\/100\n|turn|3\n|\n|t:|1681866773\n|-end|p2b: Flutter Mane|Protosynthesis|[silent]\n|switch|p2b: Tatsugiri|Tatsugiri, L50, F|100\/100\n|-activate|p2b: Tatsugiri|ability: Commander|[of] p2a: Dondozo\n|-boost|p2a: Dondozo|atk|2\n|-boost|p2a: Dondozo|spa|2\n|-boost|p2a: Dondozo|spe|2\n|-boost|p2a: Dondozo|def|2\n|-boost|p2a: Dondozo|spd|2\n|switch|p1b: Great Tusk|Great Tusk, L50|12\/100\n|-status|p1b: Great Tusk|tox\n|move|p1a: Chien-Pao|Ice Spinner|p2a: Dondozo\n|-resisted|p2a: Dondozo\n|-damage|p2a: Dondozo|91\/100\n|move|p2a: Dondozo|Earthquake|p1a: Chien-Pao|[spread] p1a,p1b\n|-miss|p2a: Dondozo|p2b: Tatsugiri\n|-damage|p1a: Chien-Pao|41\/100\n|-damage|p1b: Great Tusk|0 fnt\n|faint|p1b: Great Tusk\n|-end|p1b: Great Tusk|Protosynthesis|[silent]\n|\n|upkeep\n|\n|t:|1681866794\n|switch|p1b: Flutter Mane|Flutter Mane, L50|100\/100\n|-status|p1b: Flutter Mane|tox\n|turn|4\n|\n|t:|1681866815\n|-terastallize|p1b: Flutter Mane|Water\n|move|p1a: Chien-Pao|Ice Spinner|p2a: Dondozo\n|-resisted|p2a: Dondozo\n|-damage|p2a: Dondozo|81\/100\n|move|p1b: Flutter Mane|Thunderbolt|p2a: Dondozo\n|-supereffective|p2a: Dondozo\n|-damage|p2a: Dondozo|42\/100\n|move|p2a: Dondozo|Earthquake|p1a: Chien-Pao|[spread] p1a,p1b\n|-miss|p2a: Dondozo|p2b: Tatsugiri\n|-crit|p1a: Chien-Pao\n|-damage|p1a: Chien-Pao|0 fnt\n|-damage|p1b: Flutter Mane|1\/100 tox\n|faint|p1a: Chien-Pao\n|\n|-damage|p1b: Flutter Mane|0 fnt|[from] psn\n|faint|p1b: Flutter Mane\n|-end|p1b: Flutter Mane|Protosynthesis|[silent]\n|upkeep\n|\n|t:|1681866838\n|switch|p1b: Kingambit|Kingambit, L50, M|100\/100\n|turn|5\n|\n|t:|1681866853\n|move|p2a: Dondozo|Earthquake|p1b: Kingambit|[spread] p1b\n|-miss|p2a: Dondozo|p2b: Tatsugiri\n|-supereffective|p1b: Kingambit\n|-damage|p1b: Kingambit|44\/100\n|move|p1b: Kingambit|Kowtow Cleave|p2a: Dondozo\n|-damage|p2a: Dondozo|23\/100\n|-enditem|p2a: Dondozo|Aguav Berry|[eat]\n|-heal|p2a: Dondozo|56\/100|[from] item: Aguav Berry\n|\n|upkeep\n|turn|6\n|\n|t:|1681866867\n|move|p2a: Dondozo|Earthquake|p1b: Kingambit|[spread] p1b\n|-miss|p2a: Dondozo|p2b: Tatsugiri\n|-supereffective|p1b: Kingambit\n|-damage|p1b: Kingambit|0 fnt\n|faint|p1b: Kingambit\n|\n|win|vivian20\n|l|\u2606vivian20\n","uploadtime":1681866893,"views":16,"p1id":"megamachado","p2id":"vivian20","formatid":"gen9vgc2023regulationc","rating":0,"private":0,"password":""}