{"id":"gen9vgc2023regulationc-1845058849","p1":"iuseashitteam","p2":"PearDaddy","format":"[Gen 9] VGC 2023 Regulation C","log":"|j|\u2606iuseashitteam\n|j|\u2606PearDaddy\n|t:|1681678851\n|gametype|doubles\n|player|p1|iuseashitteam|265|1125\n|player|p2|PearDaddy|penny|1137\n|teamsize|p1|6\n|teamsize|p2|6\n|gen|9\n|tier|[Gen 9] VGC 2023 Regulation C\n|rated|\n|rule|Species Clause: Limit one of each Pok\u00e9mon\n|rule|Item Clause: Limit one of each item\n|clearpoke\n|poke|p1|Great Tusk, L50|\n|poke|p1|Chien-Pao, L50|\n|poke|p1|Kingambit, L50, M|\n|poke|p1|Palafin, L50, F|\n|poke|p1|Hydreigon, L50, M|\n|poke|p1|Ting-Lu, L50|\n|poke|p2|Tyranitar, L50, F|\n|poke|p2|Glimmora, L50, F|\n|poke|p2|Garchomp, L50, F|\n|poke|p2|Corviknight, L50, M|\n|poke|p2|Arcanine, L50, F|\n|poke|p2|Sandy Shocks, L50|\n|teampreview|4\n|inactive|Battle timer is ON: inactive players will automatically lose when time's up. (requested by iuseashitteam)\niuseashitteam has agreed to open team sheets.\nPearDaddy rejected open team sheets.\n|\n|t:|1681678877\n|start\n|switch|p1a: Palafin|Palafin, L50, F, shiny|100\/100\n|switch|p1b: Hydreigon|Hydreigon, L50, M|100\/100\n|switch|p2a: Tyranitar|Tyranitar, L50, F|100\/100\n|switch|p2b: Glimmora|Glimmora, L50, F|100\/100\n|-weather|Sandstorm|[from] ability: Sand Stream|[of] p2a: Tyranitar\n|turn|1\n|\n|t:|1681678886\n|detailschange|p1a: Palafin|Palafin-Hero, L50, F, shiny\n|switch|p1a: Ting-Lu|Ting-Lu, L50|100\/100\n|-ability|p1a: Ting-Lu|Vessel of Ruin\n|move|p1b: Hydreigon|Tailwind|p1b: Hydreigon\n|-sidestart|p1: iuseashitteam|move: Tailwind\n|move|p2b: Glimmora|Mortal Spin|p1a: Ting-Lu|[spread] p1a,p1b\n|-resisted|p1a: Ting-Lu\n|-damage|p1a: Ting-Lu|99\/100\n|-damage|p1b: Hydreigon|95\/100\n|-status|p1a: Ting-Lu|psn\n|-status|p1b: Hydreigon|psn\n|move|p2a: Tyranitar|Ice Beam|p1b: Hydreigon\n|-supereffective|p1b: Hydreigon\n|-damage|p1b: Hydreigon|52\/100 psn\n|\n|-weather|Sandstorm|[upkeep]\n|-damage|p1b: Hydreigon|46\/100 psn|[from] Sandstorm\n|-damage|p1b: Hydreigon|34\/100 psn|[from] psn\n|-damage|p1a: Ting-Lu|87\/100 psn|[from] psn\n|upkeep\n|turn|2\n|\n|t:|1681678908\n|switch|p2a: Garchomp|Garchomp, L50, F|100\/100\n|move|p2b: Glimmora|Spiky Shield|p2b: Glimmora\n|-singleturn|p2b: Glimmora|move: Protect\n|move|p1b: Hydreigon|Draco Meteor|p2a: Garchomp\n|-supereffective|p2a: Garchomp\n|-damage|p2a: Garchomp|17\/100\n|-unboost|p1b: Hydreigon|spa|2\n|-enditem|p1b: Hydreigon|White Herb\n|-clearnegativeboost|p1b: Hydreigon|[silent]\n|move|p1a: Ting-Lu|Fissure|p2b: Glimmora\n|-activate|p2b: Glimmora|move: Protect\n|\n|-weather|Sandstorm|[upkeep]\n|-damage|p1b: Hydreigon|28\/100 psn|[from] Sandstorm\n|-damage|p1b: Hydreigon|15\/100 psn|[from] psn\n|-damage|p1a: Ting-Lu|75\/100 psn|[from] psn\n|upkeep\n|turn|3\n|\n|t:|1681678930\n|-terastallize|p2a: Garchomp|Fairy\n|move|p1b: Hydreigon|Dark Pulse|p2a: Garchomp\n|-resisted|p2a: Garchomp\n|-damage|p2a: Garchomp|4\/100\n|move|p2a: Garchomp|Dragon Claw|p1a: Ting-Lu\n|-damage|p1a: Ting-Lu|55\/100 psn\n|move|p2b: Glimmora|Stealth Rock|p1b: Hydreigon\n|-sidestart|p1: iuseashitteam|move: Stealth Rock\n|move|p1a: Ting-Lu|Stomping Tantrum|p2b: Glimmora\n|-supereffective|p2b: Glimmora\n|-enditem|p2b: Glimmora|Focus Sash\n|-damage|p2b: Glimmora|1\/100\n|-activate|p2b: Glimmora|ability: Toxic Debris\n|-sidestart|p1: iuseashitteam|move: Toxic Spikes\n|\n|-weather|Sandstorm|[upkeep]\n|-damage|p1b: Hydreigon|9\/100 psn|[from] Sandstorm\n|-damage|p1b: Hydreigon|0 fnt|[from] psn\n|faint|p1b: Hydreigon\n|-damage|p1a: Ting-Lu|43\/100 psn|[from] psn\n|upkeep\n|\n|t:|1681678941\n|switch|p1b: Palafin|Palafin-Hero, L50, F, shiny|100\/100\n|-damage|p1b: Palafin|88\/100|[from] Stealth Rock\n|-status|p1b: Palafin|psn\n|-activate|p1b: Palafin|ability: Zero to Hero\n|turn|4\n|\n|t:|1681678960\n|move|p2b: Glimmora|Spiky Shield|p2b: Glimmora\n|-singleturn|p2b: Glimmora|move: Protect\n|move|p1b: Palafin|Jet Punch|p2a: Garchomp|[miss]\n|-miss|p1b: Palafin|p2a: Garchomp\n|move|p2a: Garchomp|Earthquake|p1a: Ting-Lu|[spread] p1a,p1b\n|-activate|p2b: Glimmora|move: Protect\n|-damage|p1a: Ting-Lu|21\/100 psn\n|-damage|p1b: Palafin|52\/100 psn\n|move|p1a: Ting-Lu|Heavy Slam|p2b: Glimmora\n|-activate|p2b: Glimmora|move: Protect\n|-damage|p1a: Ting-Lu|9\/100 psn|[from] Spiky Shield|[of] p2b: Glimmora\n|\n|-weather|Sandstorm|[upkeep]\n|-damage|p1b: Palafin|46\/100 psn|[from] Sandstorm\n|-damage|p1b: Palafin|34\/100 psn|[from] psn\n|-damage|p1a: Ting-Lu|0 fnt|[from] psn\n|faint|p1a: Ting-Lu\n|-sideend|p1: iuseashitteam|move: Tailwind\n|upkeep\n|\n|t:|1681678969\n|switch|p1a: Chien-Pao|Chien-Pao, L50|100\/100\n|-damage|p1a: Chien-Pao|76\/100|[from] Stealth Rock\n|-status|p1a: Chien-Pao|psn\n|-ability|p1a: Chien-Pao|Sword of Ruin\n|turn|5\n|\n|t:|1681678985\n|move|p1a: Chien-Pao|Ice Shard|p2b: Glimmora\n|-damage|p2b: Glimmora|0 fnt\n|-activate|p2b: Glimmora|ability: Toxic Debris\n|-sidestart|p1: iuseashitteam|move: Toxic Spikes\n|faint|p2b: Glimmora\n|move|p1b: Palafin|Jet Punch|p2a: Garchomp|[miss]\n|-miss|p1b: Palafin|p2a: Garchomp\n|move|p2a: Garchomp|Dragon Claw|p1b: Palafin\n|-damage|p1b: Palafin|0 fnt\n|faint|p1b: Palafin\n|\n|-weather|none\n|-damage|p1a: Chien-Pao|64\/100 psn|[from] psn\n|upkeep\n|\n|t:|1681678997\n|switch|p2b: Tyranitar|Tyranitar, L50, F|100\/100\n|-weather|Sandstorm|[from] ability: Sand Stream|[of] p2b: Tyranitar\n|turn|6\n|\n|t:|1681679006\n|-terastallize|p1a: Chien-Pao|Ghost\n|move|p1a: Chien-Pao|Ice Shard|p2a: Garchomp\n|-damage|p2a: Garchomp|0 fnt\n|faint|p2a: Garchomp\n|move|p2b: Tyranitar|Power Gem|p1a: Chien-Pao\n|-damage|p1a: Chien-Pao|12\/100 psn\n|\n|-weather|Sandstorm|[upkeep]\n|-damage|p1a: Chien-Pao|6\/100 psn|[from] Sandstorm\n|-damage|p1a: Chien-Pao|0 fnt|[from] psn\n|faint|p1a: Chien-Pao\n|\n|win|PearDaddy\n|upkeep\n|raw|iuseashitteam's rating: 1125 → 1101<\/strong> (-24 for losing)\n|raw|PearDaddy's rating: 1137 → 1161<\/strong> (+24 for winning)\n|l|\u2606iuseashitteam\n","uploadtime":1681679019,"views":10,"p1id":"iuseashitteam","p2id":"peardaddy","formatid":"gen9vgc2023regulationc","rating":1101,"private":0,"password":""}