{"id":"gen9vgc2023regulationc-1846190099","p1":"MAME Character","p2":"tanggang4life","format":"[Gen 9] VGC 2023 Regulation C","log":"|j|\u2606MAME Character\n|j|\u2606tanggang4life\n|t:|1681819296\n|gametype|doubles\n|player|p1|MAME Character|emma|1508\n|player|p2|tanggang4life|169|1416\n|teamsize|p1|6\n|teamsize|p2|6\n|gen|9\n|tier|[Gen 9] VGC 2023 Regulation C\n|rated|\n|rule|Species Clause: Limit one of each Pok\u00e9mon\n|rule|Item Clause: Limit one of each item\n|clearpoke\n|poke|p1|Espathra, L50, M|\n|poke|p1|Maushold-Four, L50|\n|poke|p1|Annihilape, L50, F|\n|poke|p1|Sandy Shocks, L50|\n|poke|p1|Azumarill, L50, M|\n|poke|p1|Scizor, L50, M|\n|poke|p2|Iron Hands, L50|\n|poke|p2|Chi-Yu, L50|\n|poke|p2|Flutter Mane, L50|\n|poke|p2|Kingambit, L50, M|\n|poke|p2|Palafin, L50, M|\n|poke|p2|Amoonguss, L50, M|\n|teampreview|4\ntanggang4life has agreed to open team sheets.\n|inactive|Battle timer is ON: inactive players will automatically lose when time's up. (requested by MAME Character)\nMAME Character rejected open team sheets.\n|\n|t:|1681819349\n|start\n|switch|p1a: Espathra|Espathra, L50, M, shiny|100\/100\n|switch|p1b: Sandy Shocks|Sandy Shocks, L50, shiny|100\/100\n|switch|p2a: Palafin|Palafin, L50, M|100\/100\n|switch|p2b: Iron Hands|Iron Hands, L50|100\/100\n|-enditem|p1b: Sandy Shocks|Booster Energy\n|-activate|p1b: Sandy Shocks|ability: Protosynthesis|[fromitem]\n|-start|p1b: Sandy Shocks|protosynthesisspe\n|turn|1\n|inactive|MAME Character has 30 seconds left.\n|inactive|tanggang4life has 30 seconds left.\n|\n|t:|1681819378\n|detailschange|p2a: Palafin|Palafin-Hero, L50, M\n|switch|p2a: Flutter Mane|Flutter Mane, L50|100\/100\n|-enditem|p2a: Flutter Mane|Booster Energy\n|-activate|p2a: Flutter Mane|ability: Protosynthesis|[fromitem]\n|-start|p2a: Flutter Mane|protosynthesisspe\n|-terastallize|p1b: Sandy Shocks|Bug\n|move|p1a: Espathra|Protect|p1a: Espathra\n|-singleturn|p1a: Espathra|Protect\n|move|p1b: Sandy Shocks|Gravity|p1b: Sandy Shocks\n|-fieldstart|move: Gravity\n|move|p2b: Iron Hands|Volt Switch|p1a: Espathra\n|-activate|p1a: Espathra|move: Protect\n|\n|-ability|p1a: Espathra|Speed Boost|boost\n|-boost|p1a: Espathra|spe|1\n|upkeep\n|turn|2\n|inactive|MAME Character has 30 seconds left.\n|inactive|tanggang4life has 30 seconds left.\n|inactive|MAME Character has 20 seconds left.\n|\n|t:|1681819417\n|move|p2a: Flutter Mane|Moonblast|p1a: Espathra\n|-damage|p1a: Espathra|31\/100\n|move|p1b: Sandy Shocks|Thunderbolt|p2a: Flutter Mane\n|-damage|p2a: Flutter Mane|61\/100\n|-status|p2a: Flutter Mane|par\n|move|p1a: Espathra|Hypnosis|p2b: Iron Hands\n|-status|p2b: Iron Hands|slp|[from] move: Hypnosis\n|cant|p2b: Iron Hands|slp\n|\n|-ability|p1a: Espathra|Speed Boost|boost\n|-boost|p1a: Espathra|spe|1\n|upkeep\n|turn|3\n|\n|t:|1681819440\n|move|p2a: Flutter Mane|Protect|p2a: Flutter Mane\n|-singleturn|p2a: Flutter Mane|Protect\n|move|p1a: Espathra|Lumina Crash|p2a: Flutter Mane\n|-activate|p2a: Flutter Mane|move: Protect\n|move|p1b: Sandy Shocks|Thunderbolt|p2a: Flutter Mane\n|-activate|p2a: Flutter Mane|move: Protect\n|cant|p2b: Iron Hands|slp\n|\n|-ability|p1a: Espathra|Speed Boost|boost\n|-boost|p1a: Espathra|spe|1\n|upkeep\n|turn|4\n|\n|t:|1681819463\n|move|p1a: Espathra|Protect|p1a: Espathra\n|-singleturn|p1a: Espathra|Protect\n|move|p1b: Sandy Shocks|Thunderbolt|p2a: Flutter Mane\n|-damage|p2a: Flutter Mane|18\/100 par\n|cant|p2a: Flutter Mane|par\n|cant|p2b: Iron Hands|slp\n|\n|-ability|p1a: Espathra|Speed Boost|boost\n|-boost|p1a: Espathra|spe|1\n|upkeep\n|turn|5\n|\n|t:|1681819478\n|move|p1a: Espathra|Lumina Crash|p2b: Iron Hands\n|-supereffective|p2b: Iron Hands\n|-damage|p2b: Iron Hands|65\/100 slp\n|-unboost|p2b: Iron Hands|spd|2\n|move|p1b: Sandy Shocks|Earth Power|p2b: Iron Hands\n|-supereffective|p2b: Iron Hands\n|-damage|p2b: Iron Hands|0 fnt\n|faint|p2b: Iron Hands\n|-end|p2b: Iron Hands|Quark Drive|[silent]\n|cant|p2a: Flutter Mane|par\n|\n|-fieldend|move: Gravity\n|-ability|p1a: Espathra|Speed Boost|boost\n|-boost|p1a: Espathra|spe|1\n|upkeep\n|\n|t:|1681819496\n|switch|p2b: Palafin|Palafin-Hero, L50, M|100\/100\n|-activate|p2b: Palafin|ability: Zero to Hero\n|turn|6\n|inactive|MAME Character has 30 seconds left.\n|inactive|MAME Character has 20 seconds left.\n|inactive|MAME Character has 15 seconds left.\n|inactive|MAME Character has 10 seconds left.\n|inactive|MAME Character has 5 seconds left.\n|\n|t:|1681819549\n|move|p2b: Palafin|Protect|p2b: Palafin\n|-singleturn|p2b: Palafin|Protect\n|move|p1a: Espathra|Lumina Crash|p2a: Flutter Mane\n|-damage|p2a: Flutter Mane|0 fnt\n|faint|p2a: Flutter Mane\n|-end|p2a: Flutter Mane|Protosynthesis|[silent]\n|move|p1b: Sandy Shocks|Thunderbolt|p2b: Palafin\n|-activate|p2b: Palafin|move: Protect\n|\n|-ability|p1a: Espathra|Speed Boost|boost\n|-boost|p1a: Espathra|spe|1\n|upkeep\n|\n|t:|1681819556\n|switch|p2a: Chi-Yu|Chi-Yu, L50|100\/100\n|-ability|p2a: Chi-Yu|Beads of Ruin\n|turn|7\n|\n|t:|1681819573\n|-terastallize|p2a: Chi-Yu|Grass\n|move|p1b: Sandy Shocks|Protect|p1b: Sandy Shocks\n|-singleturn|p1b: Sandy Shocks|Protect\n|move|p2b: Palafin|Jet Punch|p1a: Espathra\n|-damage|p1a: Espathra|0 fnt\n|faint|p1a: Espathra\n|move|p2a: Chi-Yu|Heat Wave|p1b: Sandy Shocks\n|-activate|p1b: Sandy Shocks|move: Protect\n|\n|upkeep\n|\n|t:|1681819584\n|switch|p1a: Azumarill|Azumarill, L50, M, shiny|100\/100\n|turn|8\n|\n|t:|1681819606\n|move|p2b: Palafin|Jet Punch|p1b: Sandy Shocks\n|-damage|p1b: Sandy Shocks|44\/100\n|move|p1b: Sandy Shocks|Thunderbolt|p2b: Palafin\n|-supereffective|p2b: Palafin\n|-damage|p2b: Palafin|0 fnt\n|faint|p2b: Palafin\n|move|p2a: Chi-Yu|Heat Wave|p1a: Azumarill|[spread] p1a,p1b\n|-resisted|p1a: Azumarill\n|-supereffective|p1b: Sandy Shocks\n|-damage|p1a: Azumarill|80\/100\n|-damage|p1b: Sandy Shocks|0 fnt\n|faint|p1b: Sandy Shocks\n|-end|p1b: Sandy Shocks|Protosynthesis|[silent]\n|-damage|p2a: Chi-Yu|91\/100|[from] item: Life Orb\n|move|p1a: Azumarill|Ice Spinner|p2a: Chi-Yu\n|-supereffective|p2a: Chi-Yu\n|-damage|p2a: Chi-Yu|0 fnt\n|faint|p2a: Chi-Yu\n|\n|win|MAME Character\n|raw|MAME Character's rating: 1508 → 1523<\/strong> (+15 for winning)\n|raw|tanggang4life's rating: 1416 → 1401<\/strong> (-15 for losing)\n","uploadtime":1681819621,"views":4,"p1id":"mamecharacter","p2id":"tanggang4life","formatid":"gen9vgc2023regulationc","rating":1401,"private":0,"password":""}