{"id":"gen9vgc2023regulationc-1847699546","p1":"Reuselation","p2":"AzelioX","format":"[Gen 9] VGC 2023 Regulation C","log":"|j|\u2606Reuselation\n|j|\u2606AzelioX\n|t:|1681993842\n|gametype|doubles\n|player|p1|Reuselation|red|1051\n|player|p2|AzelioX|265|1116\n|teamsize|p1|6\n|teamsize|p2|6\n|gen|9\n|tier|[Gen 9] VGC 2023 Regulation C\n|rated|\n|rule|Species Clause: Limit one of each Pok\u00e9mon\n|rule|Item Clause: Limit one of each item\n|clearpoke\n|poke|p1|Pelipper, L50, M|\n|poke|p1|Palafin, L50, M|\n|poke|p1|Amoonguss, L50, F|\n|poke|p1|Iron Hands, L50|\n|poke|p1|Salamence, L50, M|\n|poke|p1|Chien-Pao, L50|\n|poke|p2|Dragonite, L50, M|\n|poke|p2|Gyarados, L50, M|\n|poke|p2|Ting-Lu, L50|\n|poke|p2|Orthworm, L50, M|\n|poke|p2|Chien-Pao, L50|\n|poke|p2|Flutter Mane, L50|\n|teampreview|4\n|\n|t:|1681993881\n|start\n|switch|p1a: Iron Hands|Iron Hands, L50|100\/100\n|switch|p1b: Palafin|Palafin, L50, M|100\/100\n|switch|p2a: Dragonite|Dragonite, L50, M|100\/100\n|switch|p2b: Ting-Lu|Ting-Lu, L50|100\/100\n|-ability|p2b: Ting-Lu|Vessel of Ruin\n|turn|1\n|\n|t:|1681993903\n|detailschange|p1b: Palafin|Palafin-Hero, L50, M\n|switch|p1b: Amoonguss|Amoonguss, L50, F|100\/100\n|-terastallize|p1a: Iron Hands|Grass\n|move|p1a: Iron Hands|Fake Out|p2a: Dragonite\n|-damage|p2a: Dragonite|92\/100\n|move|p2a: Dragonite|Dragon Dance|p2a: Dragonite\n|-boost|p2a: Dragonite|atk|1\n|-boost|p2a: Dragonite|spe|1\n|move|p2b: Ting-Lu|Earthquake|p1b: Amoonguss|[spread] p1a,p1b\n|-immune|p2a: Dragonite\n|-resisted|p1a: Iron Hands\n|-damage|p1a: Iron Hands|88\/100\n|-damage|p1b: Amoonguss|68\/100\n|\n|upkeep\n|turn|2\n|\n|t:|1681993936\n|-terastallize|p2a: Dragonite|Flying\n|move|p2a: Dragonite|Tera Blast|p1b: Amoonguss\n|-supereffective|p1b: Amoonguss\n|-damage|p1b: Amoonguss|0 fnt\n|faint|p1b: Amoonguss\n|move|p1a: Iron Hands|Drain Punch|p2b: Ting-Lu\n|-supereffective|p2b: Ting-Lu\n|-damage|p2b: Ting-Lu|47\/100\n|-heal|p1a: Iron Hands|100\/100|[from] drain|[of] p2b: Ting-Lu\n|move|p2b: Ting-Lu|Bulldoze|p1a: Iron Hands|[spread] p1a\n|-immune|p2a: Dragonite\n|-resisted|p1a: Iron Hands\n|-damage|p1a: Iron Hands|93\/100\n|-unboost|p1a: Iron Hands|spe|1\n|\n|upkeep\n|\n|t:|1681993955\n|switch|p1b: Chien-Pao|Chien-Pao, L50|100\/100\n|-ability|p1b: Chien-Pao|Sword of Ruin\n|turn|3\n|\n|t:|1681993971\n|switch|p2b: Gyarados|Gyarados, L50, M|100\/100\n|-ability|p2b: Gyarados|Intimidate|boost\n|-unboost|p1a: Iron Hands|atk|1\n|-unboost|p1b: Chien-Pao|atk|1\n|move|p1b: Chien-Pao|Ice Spinner|p2a: Dragonite\n|-supereffective|p2a: Dragonite\n|-damage|p2a: Dragonite|16\/100\n|move|p2a: Dragonite|Tera Blast|p1a: Iron Hands\n|-supereffective|p1a: Iron Hands\n|-damage|p1a: Iron Hands|0 fnt\n|faint|p1a: Iron Hands\n|-end|p1a: Iron Hands|Quark Drive|[silent]\n|\n|upkeep\n|\n|t:|1681993984\n|switch|p1a: Palafin|Palafin-Hero, L50, M|100\/100\n|-activate|p1a: Palafin|ability: Zero to Hero\n|turn|4\n|\n|t:|1681993996\n|move|p2a: Dragonite|Extreme Speed|p1b: Chien-Pao\n|-damage|p1b: Chien-Pao|41\/100\n|move|p1a: Palafin|Jet Punch|p2a: Dragonite\n|-damage|p2a: Dragonite|0 fnt\n|faint|p2a: Dragonite\n|move|p1b: Chien-Pao|Ice Spinner|p2b: Gyarados\n|-damage|p2b: Gyarados|60\/100\n|move|p2b: Gyarados|Thunder Wave|p1a: Palafin\n|-status|p1a: Palafin|par\n|\n|upkeep\n|\n|t:|1681994011\n|switch|p2a: Orthworm|Orthworm, L50, M|100\/100\n|turn|5\n|\n|t:|1681994022\n|move|p1b: Chien-Pao|Sucker Punch||[still]\n|-fail|p1b: Chien-Pao\n|move|p1a: Palafin|Jet Punch|p2a: Orthworm\n|-damage|p2a: Orthworm|51\/100\n|move|p2b: Gyarados|Thunder Wave|p1b: Chien-Pao\n|-status|p1b: Chien-Pao|par\n|move|p2a: Orthworm|Body Press|p1b: Chien-Pao\n|-supereffective|p1b: Chien-Pao\n|-damage|p1b: Chien-Pao|0 fnt\n|faint|p1b: Chien-Pao\n|\n|-heal|p2a: Orthworm|57\/100|[from] item: Leftovers\n|upkeep\n|turn|6\n|\n|t:|1681994038\n|move|p2b: Gyarados|Waterfall|p1a: Palafin\n|-resisted|p1a: Palafin\n|-damage|p1a: Palafin|82\/100 par\n|move|p2a: Orthworm|Iron Defense|p2a: Orthworm\n|-boost|p2a: Orthworm|def|2\n|move|p1a: Palafin|Wave Crash|p2b: Gyarados\n|-resisted|p2b: Gyarados\n|-damage|p2b: Gyarados|6\/100\n|-enditem|p2b: Gyarados|Sitrus Berry|[eat]\n|-heal|p2b: Gyarados|31\/100|[from] item: Sitrus Berry\n|-damage|p1a: Palafin|67\/100 par|[from] Recoil\n|\n|-heal|p2a: Orthworm|63\/100|[from] item: Leftovers\n|upkeep\n|turn|7\n|\n|t:|1681994057\n|cant|p1a: Palafin|par\n|move|p2b: Gyarados|Waterfall|p1a: Palafin\n|-resisted|p1a: Palafin\n|-damage|p1a: Palafin|48\/100 par\n|move|p2a: Orthworm|Iron Defense|p2a: Orthworm\n|-boost|p2a: Orthworm|def|2\n|\n|-heal|p2a: Orthworm|69\/100|[from] item: Leftovers\n|upkeep\n|turn|8\n|\n|t:|1681994069\n|move|p2b: Gyarados|Waterfall|p1a: Palafin\n|-resisted|p1a: Palafin\n|-damage|p1a: Palafin|28\/100 par\n|move|p2a: Orthworm|Iron Defense|p2a: Orthworm\n|-boost|p2a: Orthworm|def|2\n|cant|p1a: Palafin|par\n|\n|-heal|p2a: Orthworm|76\/100|[from] item: Leftovers\n|upkeep\n|turn|9\n|\n|t:|1681994081\n|move|p2b: Gyarados|Waterfall|p1a: Palafin\n|-resisted|p1a: Palafin\n|-damage|p1a: Palafin|6\/100 par\n|move|p2a: Orthworm|Iron Defense|p2a: Orthworm\n|-boost|p2a: Orthworm|def|0\n|move|p1a: Palafin|Wave Crash|p2a: Orthworm\n|-damage|p2a: Orthworm|56\/100\n|-damage|p1a: Palafin|1\/100 par|[from] Recoil\n|\n|-heal|p2a: Orthworm|63\/100|[from] item: Leftovers\n|upkeep\n|turn|10\n|-message|Reuselation forfeited.\n|\n|win|AzelioX\n|raw|Reuselation's rating: 1051 → 1037<\/strong> (-14 for losing)\n|raw|AzelioX's rating: 1116 → 1136<\/strong> (+20 for winning)\n|l|\u2606Reuselation\n","uploadtime":1681994101,"views":14,"p1id":"reuselation","p2id":"azeliox","formatid":"gen9vgc2023regulationc","rating":1037,"private":0,"password":""}