{"id":"gen9vgc2023regulationc-1860865586","p1":"Philzkidd","p2":"thewhale98","format":"[Gen 9] VGC 2023 Regulation C","log":"|j|\u2606Philzkidd\n|j|\u2606thewhale98\n|t:|1683687592\n|gametype|doubles\n|player|p1|Philzkidd|169|1139\n|player|p2|thewhale98|volkner|1230\n|teamsize|p1|6\n|teamsize|p2|6\n|gen|9\n|tier|[Gen 9] VGC 2023 Regulation C\n|rated|\n|rule|Species Clause: Limit one of each Pok\u00e9mon\n|rule|Item Clause: Limit one of each item\n|clearpoke\n|poke|p1|Maushold, L50|\n|poke|p1|Gholdengo, L50|\n|poke|p1|Annihilape, L50, F|\n|poke|p1|Iron Bundle, L50|\n|poke|p1|Arcanine, L50, F|\n|poke|p1|Roaring Moon, L50|\n|poke|p2|Farigiraf, L50, F|\n|poke|p2|Pincurchin, L50, M|\n|poke|p2|Iron Thorns, L50|\n|poke|p2|Maushold-Four, L50|\n|poke|p2|Gastrodon-East, L50, F|\n|poke|p2|Abomasnow, L50, M|\n|teampreview|4\nthewhale98 has agreed to open team sheets.\nPhilzkidd has agreed to open team sheets.\n|c|\u2606Philzkidd|glhf\n|\n|t:|1683687653\n|start\n|switch|p1a: Maushold|Maushold, L50|100\/100\n|switch|p1b: Gholdengo|Gholdengo, L50|100\/100\n|switch|p2a: Maushold|Maushold-Four, L50|100\/100\n|switch|p2b: Farigiraf|Farigiraf, L50, F|100\/100\n|turn|1\n|\n|t:|1683687684\n|-terastallize|p2b: Farigiraf|Water\n|move|p1b: Gholdengo|Protect|p1b: Gholdengo\n|-singleturn|p1b: Gholdengo|Protect\n|move|p2a: Maushold|Population Bomb|p1a: Maushold\n|-damage|p1a: Maushold|93\/100\n|-damage|p1a: Maushold|86\/100\n|-crit|p1a: Maushold\n|-damage|p1a: Maushold|75\/100\n|-damage|p1a: Maushold|66\/100\n|-damage|p1a: Maushold|59\/100\n|-damage|p1a: Maushold|51\/100\n|-damage|p1a: Maushold|42\/100\n|-damage|p1a: Maushold|35\/100\n|-damage|p1a: Maushold|27\/100\n|-damage|p1a: Maushold|19\/100\n|-hitcount|p1a: Maushold|10\n|move|p1a: Maushold|Super Fang|p2b: Farigiraf\n|-damage|p2b: Farigiraf|51\/100\n|move|p2b: Farigiraf|Trick Room|p2b: Farigiraf\n|-fieldstart|move: Trick Room|[of] p2b: Farigiraf\n|\n|upkeep\n|turn|2\n|\n|t:|1683687717\n|-terastallize|p1b: Gholdengo|Water\n|move|p1a: Maushold|Protect|p1a: Maushold\n|-singleturn|p1a: Maushold|Protect\n|move|p2b: Farigiraf|Hyper Voice|p1b: Gholdengo|[spread] p1b\n|-activate|p1a: Maushold|move: Protect\n|-damage|p1b: Gholdengo|83\/100\n|-enditem|p2b: Farigiraf|Throat Spray\n|-boost|p2b: Farigiraf|spa|1|[from] item: Throat Spray\n|move|p1b: Gholdengo|Nasty Plot|p1b: Gholdengo\n|-boost|p1b: Gholdengo|spa|2\n|move|p2a: Maushold|Shadow Claw|p1b: Gholdengo\n|-damage|p1b: Gholdengo|70\/100\n|\n|-heal|p1b: Gholdengo|77\/100|[from] item: Leftovers\n|upkeep\n|turn|3\n|\n|t:|1683687737\n|move|p1a: Maushold|Follow Me|p1a: Maushold\n|-singleturn|p1a: Maushold|move: Follow Me\n|move|p2b: Farigiraf|Hyper Voice|p1a: Maushold|[spread] p1a,p1b\n|-damage|p1a: Maushold|0 fnt\n|-damage|p1b: Gholdengo|51\/100\n|faint|p1a: Maushold\n|move|p1b: Gholdengo|Shadow Ball|p2b: Farigiraf\n|-damage|p2b: Farigiraf|0 fnt\n|faint|p2b: Farigiraf\n|move|p2a: Maushold|Population Bomb|p1b: Gholdengo\n|-damage|p1b: Gholdengo|43\/100\n|-damage|p1b: Gholdengo|36\/100\n|-damage|p1b: Gholdengo|30\/100\n|-damage|p1b: Gholdengo|23\/100\n|-damage|p1b: Gholdengo|15\/100\n|-damage|p1b: Gholdengo|7\/100\n|-damage|p1b: Gholdengo|0 fnt\n|faint|p1b: Gholdengo\n|-hitcount|p1: Gholdengo|7\n|\n|upkeep\n|\n|t:|1683687787\n|switch|p2b: Pincurchin|Pincurchin, L50, M|100\/100\n|switch|p1b: Arcanine|Arcanine, L50, F, shiny|100\/100\n|switch|p1a: Annihilape|Annihilape, L50, F|100\/100\n|-fieldstart|move: Electric Terrain|[from] ability: Electric Surge|[of] p2b: Pincurchin\n|-ability|p1b: Arcanine|Intimidate|boost\n|-unboost|p2a: Maushold|atk|1\n|-unboost|p2b: Pincurchin|atk|1\n|turn|4\n|\n|t:|1683687813\n|move|p2a: Maushold|Follow Me|p2a: Maushold\n|-singleturn|p2a: Maushold|move: Follow Me\n|move|p2b: Pincurchin|Hydro Pump|p1b: Arcanine\n|-supereffective|p1b: Arcanine\n|-damage|p1b: Arcanine|26\/100\n|move|p1a: Annihilape|Drain Punch|p2a: Maushold\n|-supereffective|p2a: Maushold\n|-damage|p2a: Maushold|3\/100\n|move|p1b: Arcanine|Snarl|p2b: Pincurchin|[spread] p2a,p2b\n|-crit|p2b: Pincurchin\n|-damage|p2a: Maushold|0 fnt\n|-damage|p2b: Pincurchin|88\/100\n|-unboost|p2b: Pincurchin|spa|1\n|faint|p2a: Maushold\n|\n|upkeep\n|\n|t:|1683687817\n|switch|p2a: Gastrodon|Gastrodon-East, L50, F|100\/100\n|turn|5\n|\n|t:|1683687859\n|move|p2b: Pincurchin|Hydro Pump|p2a: Gastrodon\n|-activate|p2a: Gastrodon|ability: Storm Drain\n|-ability|p2a: Gastrodon|Storm Drain|boost\n|-boost|p2a: Gastrodon|spa|1\n|move|p2a: Gastrodon|Muddy Water|p1b: Arcanine|[spread] p1a,p1b\n|-supereffective|p1b: Arcanine\n|-damage|p1a: Annihilape|74\/100\n|-damage|p1b: Arcanine|0 fnt\n|faint|p1b: Arcanine\n|move|p1a: Annihilape|Bulk Up|p1a: Annihilape\n|-boost|p1a: Annihilape|atk|1\n|-boost|p1a: Annihilape|def|1\n|\n|-fieldend|move: Trick Room\n|upkeep\n|turn|6\n|\n|t:|1683687884\n|move|p2a: Gastrodon|Protect|p2a: Gastrodon\n|-singleturn|p2a: Gastrodon|Protect\n|move|p1a: Annihilape|Drain Punch|p2b: Pincurchin\n|-damage|p2b: Pincurchin|34\/100\n|-heal|p1a: Annihilape|94\/100|[from] drain|[of] p2b: Pincurchin\n|move|p2b: Pincurchin|Hydro Pump|p2a: Gastrodon\n|-activate|p2a: Gastrodon|ability: Storm Drain\n|-activate|p2a: Gastrodon|move: Protect\n|\n|upkeep\n|turn|7\n|\n|t:|1683687897\n|move|p1a: Annihilape|Drain Punch|p2b: Pincurchin\n|-damage|p2b: Pincurchin|0 fnt\n|-heal|p1a: Annihilape|100\/100|[from] drain|[of] p2b: Pincurchin\n|faint|p2b: Pincurchin\n|move|p2a: Gastrodon|Muddy Water|p1a: Annihilape\n|-damage|p1a: Annihilape|65\/100\n|\n|upkeep\n|turn|8\n|inactive|Battle timer is ON: inactive players will automatically lose when time's up. (requested by thewhale98)\n|inactive|Philzkidd has 60 seconds left.\n|inactive|Philzkidd has 30 seconds left.\n|inactive|Philzkidd has 20 seconds left.\n|inactive|Philzkidd has 15 seconds left.\n|inactive|Philzkidd has 10 seconds left.\n|inactive|Philzkidd has 5 seconds left.\n|\n|t:|1683688057\n|move|p1a: Annihilape|Drain Punch|p2a: Gastrodon\n|-damage|p2a: Gastrodon|58\/100\n|-heal|p1a: Annihilape|86\/100|[from] drain|[of] p2a: Gastrodon\n|move|p2a: Gastrodon|Muddy Water|p1a: Annihilape\n|-damage|p1a: Annihilape|47\/100\n|-unboost|p1a: Annihilape|accuracy|1\n|-ability|p1a: Annihilape|Defiant|boost\n|-boost|p1a: Annihilape|atk|2\n|-enditem|p1a: Annihilape|Sitrus Berry|[eat]\n|-heal|p1a: Annihilape|72\/100|[from] item: Sitrus Berry\n|\n|-fieldend|move: Electric Terrain\n|upkeep\n|turn|9\n|inactive|Philzkidd has 30 seconds left.\n|inactive|thewhale98 has 30 seconds left.\n|\n|t:|1683688091\n|move|p1a: Annihilape|Rage Fist|p2a: Gastrodon|[miss]\n|-miss|p1a: Annihilape|p2a: Gastrodon\n|move|p2a: Gastrodon|Recover|p2a: Gastrodon\n|-heal|p2a: Gastrodon|100\/100\n|\n|upkeep\n|turn|10\n|\n|t:|1683688099\n|move|p1a: Annihilape|Rage Fist|p2a: Gastrodon\n|-damage|p2a: Gastrodon|0 fnt\n|faint|p2a: Gastrodon\n|\n|win|Philzkidd\n|raw|Philzkidd's rating: 1139 → 1170<\/strong> (+31 for winning)\n|raw|thewhale98's rating: 1230 → 1199<\/strong> (-31 for losing)\n|l|\u2606thewhale98\n","uploadtime":1683688379,"views":16,"p1id":"philzkidd","p2id":"thewhale98","formatid":"gen9vgc2023regulationc","rating":1170,"private":0,"password":""}