{"id":"gen9vgc2023regulationc-1850662478","p1":"Adsheesh","p2":"Kirovz","format":"[Gen 9] VGC 2023 Regulation C","log":"|j|\u2606Adsheesh\n|j|\u2606Kirovz\n|t:|1682357097\n|gametype|doubles\n|player|p1|Adsheesh|ingo|1258\n|player|p2|Kirovz|lance|1327\n|teamsize|p1|6\n|teamsize|p2|6\n|gen|9\n|tier|[Gen 9] VGC 2023 Regulation C\n|rated|\n|rule|Species Clause: Limit one of each Pok\u00e9mon\n|rule|Item Clause: Limit one of each item\n|clearpoke\n|poke|p1|Annihilape, L50, F|\n|poke|p1|Maushold-Four, L50|\n|poke|p1|Kingambit, L50, M|\n|poke|p1|Chien-Pao, L50|\n|poke|p1|Dragonite, L50, F|\n|poke|p1|Gholdengo, L50|\n|poke|p2|Dondozo, L50, F|\n|poke|p2|Tatsugiri-Stretchy, L50, F|\n|poke|p2|Chi-Yu, L50|\n|poke|p2|Flutter Mane, L50|\n|poke|p2|Dragonite, L50, F|\n|poke|p2|Glimmora, L50, M|\n|teampreview|4\n|\n|t:|1682357119\n|start\n|switch|p1a: Annihilape|Annihilape, L50, F|100\/100\n|switch|p1b: Maushold|Maushold-Four, L50|100\/100\n|switch|p2a: Glimmora|Glimmora, L50, M|100\/100\n|switch|p2b: Dondozo|Dondozo, L50, F|100\/100\n|turn|1\n|\n|t:|1682357132\n|move|p1b: Maushold|Beat Up|p1a: Annihilape\n|-damage|p1a: Annihilape|99\/100\n|-damage|p1a: Annihilape|97\/100\n|-damage|p1a: Annihilape|95\/100\n|-damage|p1a: Annihilape|93\/100\n|-hitcount|p1a: Annihilape|4\n|move|p2a: Glimmora|Toxic|p1a: Annihilape\n|-status|p1a: Annihilape|tox\n|move|p1a: Annihilape|Rage Fist|p2b: Dondozo\n|-damage|p2b: Dondozo|30\/100\n|-enditem|p2b: Dondozo|Sitrus Berry|[eat]\n|-heal|p2b: Dondozo|55\/100|[from] item: Sitrus Berry\n|move|p2b: Dondozo|Yawn|p1b: Maushold\n|-start|p1b: Maushold|move: Yawn|[of] p2b: Dondozo\n|\n|-damage|p1a: Annihilape|87\/100 tox|[from] psn\n|upkeep\n|turn|2\n|\n|t:|1682357159\n|move|p2b: Dondozo|Protect|p2b: Dondozo\n|-singleturn|p2b: Dondozo|Protect\n|move|p1b: Maushold|Super Fang|p2b: Dondozo\n|-activate|p2b: Dondozo|move: Protect\n|move|p2a: Glimmora|Toxic|p1b: Maushold\n|-status|p1b: Maushold|tox\n|move|p1a: Annihilape|Rage Fist|p2b: Dondozo\n|-activate|p2b: Dondozo|move: Protect\n|\n|-damage|p1b: Maushold|94\/100 tox|[from] psn\n|-damage|p1a: Annihilape|74\/100 tox|[from] psn\n|-end|p1b: Maushold|move: Yawn|[silent]\n|upkeep\n|turn|3\n|\n|t:|1682357178\n|move|p2a: Glimmora|Spiky Shield|p2a: Glimmora\n|-singleturn|p2a: Glimmora|move: Protect\n|move|p1b: Maushold|Super Fang|p2b: Dondozo\n|-damage|p2b: Dondozo|28\/100\n|move|p1a: Annihilape|Rage Fist|p2b: Dondozo\n|-damage|p2b: Dondozo|0 fnt\n|faint|p2b: Dondozo\n|\n|-damage|p1b: Maushold|82\/100 tox|[from] psn\n|-damage|p1a: Annihilape|55\/100 tox|[from] psn\n|upkeep\n|\n|t:|1682357187\n|switch|p2b: Flutter Mane|Flutter Mane, L50|100\/100\n|-enditem|p2b: Flutter Mane|Booster Energy\n|-activate|p2b: Flutter Mane|ability: Protosynthesis|[fromitem]\n|-start|p2b: Flutter Mane|protosynthesisspe\n|turn|4\n|\n|t:|1682357194\n|move|p2b: Flutter Mane|Protect|p2b: Flutter Mane\n|-singleturn|p2b: Flutter Mane|Protect\n|move|p1b: Maushold|Follow Me|p1b: Maushold\n|-singleturn|p1b: Maushold|move: Follow Me\n|move|p2a: Glimmora|Earth Power|p1b: Maushold\n|-damage|p1b: Maushold|52\/100 tox\n|move|p1a: Annihilape|Rage Fist|p2b: Flutter Mane\n|-activate|p2b: Flutter Mane|move: Protect\n|\n|-damage|p1b: Maushold|33\/100 tox|[from] psn\n|-damage|p1a: Annihilape|30\/100 tox|[from] psn\n|upkeep\n|-enditem|p1a: Annihilape|Sitrus Berry|[eat]\n|-heal|p1a: Annihilape|55\/100 tox|[from] item: Sitrus Berry\n|turn|5\n|\n|t:|1682357215\n|move|p1b: Maushold|Follow Me|p1b: Maushold\n|-singleturn|p1b: Maushold|move: Follow Me\n|move|p2b: Flutter Mane|Substitute|p2b: Flutter Mane\n|-start|p2b: Flutter Mane|Substitute\n|-damage|p2b: Flutter Mane|76\/100\n|move|p2a: Glimmora|Power Gem|p1b: Maushold\n|-damage|p1b: Maushold|0 fnt\n|faint|p1b: Maushold\n|move|p1a: Annihilape|Rage Fist|p2b: Flutter Mane\n|-supereffective|p2b: Flutter Mane\n|-end|p2b: Flutter Mane|Substitute\n|\n|-damage|p1a: Annihilape|24\/100 tox|[from] psn\n|upkeep\n|\n|t:|1682357227\n|switch|p1b: Gholdengo|Gholdengo, L50|100\/100\n|turn|6\n|\n|t:|1682357234\n|move|p2b: Flutter Mane|Protect|p2b: Flutter Mane\n|-singleturn|p2b: Flutter Mane|Protect\n|move|p2a: Glimmora|Spiky Shield|p2a: Glimmora\n|-singleturn|p2a: Glimmora|move: Protect\n|move|p1b: Gholdengo|Make It Rain|p2a: Glimmora|[spread] \n|-activate|p2a: Glimmora|move: Protect\n|-activate|p2b: Flutter Mane|move: Protect\n|move|p1a: Annihilape|Rage Fist|p2b: Flutter Mane\n|-activate|p2b: Flutter Mane|move: Protect\n|\n|-damage|p1a: Annihilape|0 fnt|[from] psn\n|faint|p1a: Annihilape\n|upkeep\n|\n|t:|1682357238\n|switch|p1a: Dragonite|Dragonite, L50, F|100\/100\n|turn|7\n|\n|t:|1682357264\n|-terastallize|p2b: Flutter Mane|Steel\n|move|p2b: Flutter Mane|Hex|p1b: Gholdengo\n|-supereffective|p1b: Gholdengo\n|-damage|p1b: Gholdengo|35\/100\n|move|p2a: Glimmora|Toxic|p1a: Dragonite\n|-status|p1a: Dragonite|tox\n|-enditem|p1a: Dragonite|Lum Berry|[eat]\n|-curestatus|p1a: Dragonite|tox|[msg]\n|move|p1b: Gholdengo|Make It Rain|p2b: Flutter Mane|[spread] p2a,p2b\n|-supereffective|p2a: Glimmora\n|-resisted|p2b: Flutter Mane\n|-enditem|p2a: Glimmora|Focus Sash\n|-damage|p2a: Glimmora|1\/100\n|-damage|p2b: Flutter Mane|54\/100\n|-unboost|p1b: Gholdengo|spa|1\n|move|p1a: Dragonite|Dragon Claw|p2a: Glimmora\n|-damage|p2a: Glimmora|0 fnt\n|-activate|p2a: Glimmora|ability: Toxic Debris\n|-sidestart|p1: Adsheesh|move: Toxic Spikes\n|faint|p2a: Glimmora\n|\n|-heal|p1b: Gholdengo|41\/100|[from] item: Leftovers\n|upkeep\n|\n|t:|1682357282\n|switch|p2a: Dragonite|Dragonite, L50, F|100\/100\n|turn|8\n|\n|t:|1682357306\n|-terastallize|p1a: Dragonite|Flying\n|move|p2a: Dragonite|Extreme Speed|p1a: Dragonite\n|-damage|p1a: Dragonite|85\/100\n|move|p2b: Flutter Mane|Hex|p1b: Gholdengo\n|-supereffective|p1b: Gholdengo\n|-damage|p1b: Gholdengo|0 fnt\n|faint|p1b: Gholdengo\n|move|p1a: Dragonite|Dragon Claw|p2a: Dragonite\n|-supereffective|p2a: Dragonite\n|-damage|p2a: Dragonite|58\/100\n|\n|upkeep\n|turn|9\n|\n|t:|1682357321\n|move|p2a: Dragonite|Extreme Speed|p1a: Dragonite\n|-damage|p1a: Dragonite|52\/100\n|move|p2b: Flutter Mane|Moonblast|p1a: Dragonite\n|-damage|p1a: Dragonite|1\/100\n|move|p1a: Dragonite|Dragon Claw|p2a: Dragonite\n|-supereffective|p2a: Dragonite\n|-damage|p2a: Dragonite|0 fnt\n|faint|p2a: Dragonite\n|\n|upkeep\n|turn|10\n|-message|Adsheesh forfeited.\n|\n|win|Kirovz\n|raw|Adsheesh's rating: 1258 → 1238<\/strong> (-20 for losing)\n|raw|Kirovz's rating: 1327 → 1343<\/strong> (+16 for winning)\n|l|\u2606Adsheesh\n","uploadtime":1682357344,"views":13,"p1id":"adsheesh","p2id":"kirovz","formatid":"gen9vgc2023regulationc","rating":1238,"private":0,"password":""}