{"id":"gen9vgc2023regulationc-1854450259","p1":"PkhunterHK","p2":"Post GC2 testing","format":"[Gen 9] VGC 2023 Regulation C","log":"|j|\u2606PkhunterHK\n|j|\u2606Post GC2 testing\n|t:|1682812432\n|gametype|doubles\n|player|p1|PkhunterHK|maylene|1364\n|player|p2|Post GC2 testing|colress|1449\n|teamsize|p1|6\n|teamsize|p2|6\n|gen|9\n|tier|[Gen 9] VGC 2023 Regulation C\n|rated|\n|rule|Species Clause: Limit one of each Pok\u00e9mon\n|rule|Item Clause: Limit one of each item\n|clearpoke\n|poke|p1|Azumarill, L50, F|\n|poke|p1|Gothorita, L50, F|\n|poke|p1|Gothitelle, L50, M|\n|poke|p1|Coalossal, L50, M|\n|poke|p1|Dragapult, L50, F|\n|poke|p1|Flutter Mane, L50|\n|poke|p2|Orthworm, L50, M|\n|poke|p2|Dragonite, L50, M|\n|poke|p2|Ting-Lu, L50|\n|poke|p2|Gyarados, L50, M|\n|poke|p2|Flutter Mane, L50|\n|poke|p2|Chien-Pao, L50|\n|teampreview|4\n|inactive|Battle timer is ON: inactive players will automatically lose when time's up. (requested by PkhunterHK)\n|\n|t:|1682812448\n|start\n|switch|p1a: Gothitelle|Gothitelle, L50, M|100\/100\n|switch|p1b: Flutter Mane|Flutter Mane, L50|100\/100\n|switch|p2a: Muppet|Orthworm, L50, M, shiny|100\/100\n|switch|p2b: Israfel|Ting-Lu, L50|100\/100\n|-ability|p2b: Israfel|Vessel of Ruin\n|-enditem|p1b: Flutter Mane|Booster Energy\n|-activate|p1b: Flutter Mane|ability: Protosynthesis|[fromitem]\n|-start|p1b: Flutter Mane|protosynthesisspe\n|turn|1\n|\n|t:|1682812462\n|-terastallize|p1b: Flutter Mane|Dark\n|move|p1a: Gothitelle|Fake Out|p2a: Muppet\n|-resisted|p2a: Muppet\n|-damage|p2a: Muppet|99\/100\n|move|p1b: Flutter Mane|Perish Song|p1b: Flutter Mane\n|-start|p1a: Gothitelle|perish3|[silent]\n|-start|p1b: Flutter Mane|perish3|[silent]\n|-start|p2a: Muppet|perish3|[silent]\n|-start|p2b: Israfel|perish3|[silent]\n|-fieldactivate|move: Perish Song\n|move|p2b: Israfel|Earthquake|p1b: Flutter Mane|[spread] p1a,p1b\n|-heal|p2a: Muppet|100\/100|[from] ability: Earth Eater|[of] p2b: Israfel\n|-damage|p1a: Gothitelle|60\/100\n|-damage|p1b: Flutter Mane|39\/100\n|-enditem|p1a: Gothitelle|Eject Button\n|\n|t:|1682812475\n|switch|p1a: Gothorita|Gothorita, L50, F|100\/100\n|cant|p2a: Muppet|flinch\n|\n|-start|p1b: Flutter Mane|perish3\n|-start|p2b: Israfel|perish3\n|-start|p2a: Muppet|perish3\n|upkeep\n|turn|2\n|\n|t:|1682812485\n|-end|p1b: Flutter Mane|Protosynthesis|[silent]\n|switch|p1b: Gothitelle|Gothitelle, L50, M|60\/100\n|move|p1a: Gothorita|Fake Out|p2a: Muppet\n|-resisted|p2a: Muppet\n|-damage|p2a: Muppet|99\/100\n|move|p2b: Israfel|Earthquake|p1a: Gothorita|[spread] p1a,p1b\n|-heal|p2a: Muppet|100\/100|[from] ability: Earth Eater|[of] p2b: Israfel\n|-damage|p1a: Gothorita|65\/100\n|-damage|p1b: Gothitelle|19\/100\n|cant|p2a: Muppet|flinch\n|\n|-start|p2b: Israfel|perish2\n|-start|p2a: Muppet|perish2\n|upkeep\n|turn|3\n|\n|t:|1682812494\n|move|p1b: Gothitelle|Fake Out|p2a: Muppet\n|-resisted|p2a: Muppet\n|-damage|p2a: Muppet|99\/100\n|move|p2b: Israfel|Earthquake|p1a: Gothorita|[spread] p1a,p1b\n|-heal|p2a: Muppet|100\/100|[from] ability: Earth Eater|[of] p2b: Israfel\n|-damage|p1a: Gothorita|27\/100\n|-damage|p1b: Gothitelle|0 fnt\n|faint|p1b: Gothitelle\n|cant|p2a: Muppet|flinch\n|move|p1a: Gothorita|Trick Room|p1a: Gothorita\n|-fieldstart|move: Trick Room|[of] p1a: Gothorita\n|\n|-start|p2a: Muppet|perish1\n|-start|p2b: Israfel|perish1\n|upkeep\n|\n|t:|1682812503\n|switch|p1b: Azumarill|Azumarill, L50, F|100\/100\n|turn|4\n|\n|t:|1682812511\n|move|p1a: Gothorita|Protect|p1a: Gothorita\n|-singleturn|p1a: Gothorita|Protect\n|move|p1b: Azumarill|Protect|p1b: Azumarill\n|-singleturn|p1b: Azumarill|Protect\n|move|p2a: Muppet|Shed Tail|p2a: Muppet\n|-start|p2a: Muppet|Substitute|[from] move: Shed Tail\n|-damage|p2a: Muppet|50\/100\n|-enditem|p2a: Muppet|Sitrus Berry|[eat]\n|-heal|p2a: Muppet|75\/100|[from] item: Sitrus Berry\n|\n|t:|1682812520\n|switch|p2a: Lancelot|Dragonite, L50, M|100\/100|[from] Shed Tail\n|move|p2b: Israfel|Earthquake|p1b: Azumarill|[spread] \n|-activate|p1a: Gothorita|move: Protect\n|-activate|p1b: Azumarill|move: Protect\n|-immune|p2a: Lancelot\n|\n|-start|p2b: Israfel|perish0\n|faint|p2b: Israfel\n|upkeep\n|\n|t:|1682812526\n|switch|p2b: Muppet|Orthworm, L50, M, shiny|75\/100\n|turn|5\n|\n|t:|1682812541\n|switch|p1a: Flutter Mane|Flutter Mane, L50, tera:Dark|39\/100\n|move|p1b: Azumarill|Perish Song|p1b: Azumarill\n|-start|p1a: Flutter Mane|perish3|[silent]\n|-start|p1b: Azumarill|perish3|[silent]\n|-start|p2a: Lancelot|perish3|[silent]\n|-start|p2b: Muppet|perish3|[silent]\n|-fieldactivate|move: Perish Song\n|move|p2b: Muppet|Heavy Slam|p1b: Azumarill\n|-damage|p1b: Azumarill|69\/100\n|move|p2a: Lancelot|Earthquake|p1a: Flutter Mane|[spread] p1a,p1b\n|-heal|p2b: Muppet|100\/100|[from] ability: Earth Eater|[of] p2a: Lancelot\n|-damage|p1a: Flutter Mane|9\/100\n|-damage|p1b: Azumarill|47\/100\n|-enditem|p1b: Azumarill|Sitrus Berry|[eat]\n|-heal|p1b: Azumarill|72\/100|[from] item: Sitrus Berry\n|\n|-start|p1b: Azumarill|perish3\n|-start|p2b: Muppet|perish3\n|-start|p2a: Lancelot|perish3\n|-start|p1a: Flutter Mane|perish3\n|upkeep\n|turn|6\n|\n|t:|1682812559\n|switch|p2a: Dem eyes tho|Flutter Mane, L50|100\/100\n|move|p1a: Flutter Mane|Protect|p1a: Flutter Mane\n|-singleturn|p1a: Flutter Mane|Protect\n|move|p1b: Azumarill|Perish Song|p1b: Azumarill\n|-start|p2a: Dem eyes tho|perish3|[silent]\n|-fieldactivate|move: Perish Song\n|move|p2b: Muppet|Shed Tail|p2b: Muppet\n|-start|p2b: Muppet|Substitute|[from] move: Shed Tail\n|-damage|p2b: Muppet|50\/100\n|\n|t:|1682812568\n|switch|p2b: Lancelot|Dragonite, L50, M|100\/100|[from] Shed Tail\n|\n|-start|p1b: Azumarill|perish2\n|-start|p1a: Flutter Mane|perish2\n|-start|p2a: Dem eyes tho|perish3\n|upkeep\n|turn|7\n|\n|t:|1682812574\n|switch|p1b: Gothorita|Gothorita, L50, F|27\/100\n|-end|p2a: Dem eyes tho|Protosynthesis|[silent]\n|switch|p2a: Muppet|Orthworm, L50, M, shiny|50\/100\n|move|p2b: Lancelot|Earthquake|p1b: Gothorita|[spread] p1a,p1b\n|-heal|p2a: Muppet|75\/100|[from] ability: Earth Eater|[of] p2b: Lancelot\n|-damage|p1a: Flutter Mane|0 fnt\n|-damage|p1b: Gothorita|9\/100\n|faint|p1a: Flutter Mane\n|-end|p1a: Flutter Mane|Protosynthesis|[silent]\n|\n|-fieldend|move: Trick Room\n|upkeep\n|\n|t:|1682812578\n|switch|p1a: Azumarill|Azumarill, L50, F|72\/100\n|turn|8\n|-message|PkhunterHK forfeited.\n|\n|win|Post GC2 testing\n|raw|PkhunterHK's rating: 1364 → 1349<\/strong> (-15 for losing)\n|raw|Post GC2 testing's rating: 1449 → 1464<\/strong> (+15 for winning)\n|l|\u2606PkhunterHK\n","uploadtime":1682812596,"views":18,"p1id":"pkhunterhk","p2id":"postgc2testing","formatid":"gen9vgc2023regulationc","rating":1349,"private":0,"password":""}