{"id":"gen9vgc2023regulationc-1848103094","p1":"Candy (Arcanine)","p2":"Goozy Goobler","format":"[Gen 9] VGC 2023 Regulation C","log":"|j|\u2606Candy (Arcanine)\n|j|\u2606Goozy Goobler\n|t:|1682030022\n|gametype|doubles\n|player|p1|Candy (Arcanine)|twins|1111\n|player|p2|Goozy Goobler|swimmer-gen4dp|1081\n|teamsize|p1|6\n|teamsize|p2|6\n|gen|9\n|tier|[Gen 9] VGC 2023 Regulation C\n|rated|\n|rule|Species Clause: Limit one of each Pok\u00e9mon\n|rule|Item Clause: Limit one of each item\n|clearpoke\n|poke|p1|Kingambit, L50, F|\n|poke|p1|Sylveon, L50, F|\n|poke|p1|Volcarona, L50, M|\n|poke|p1|Toxicroak, L50, F|\n|poke|p1|Hydreigon, L50, M|\n|poke|p1|Ting-Lu, L50|\n|poke|p2|Skeledirge, L50, M|\n|poke|p2|Bombirdier, L50, M|\n|poke|p2|Frosmoth, L50, F|\n|poke|p2|Greedent, L50, F|\n|poke|p2|Flutter Mane, L50|\n|poke|p2|Chi-Yu, L50|\n|teampreview|4\n|inactive|Battle timer is ON: inactive players will automatically lose when time's up. (requested by Goozy Goobler)\n|inactive|Candy (Arcanine) has 60 seconds left.\nGoozy Goobler rejected open team sheets.\n|\n|t:|1682030075\n|start\n|switch|p1a: Kingambit|Kingambit, L50, F|100\/100\n|switch|p1b: Toxicroak|Toxicroak, L50, F|100\/100\n|switch|p2a: Chi-Yu|Chi-Yu, L50|100\/100\n|switch|p2b: Flutter Mane|Flutter Mane, L50|100\/100\n|-ability|p2a: Chi-Yu|Beads of Ruin\n|-enditem|p2b: Flutter Mane|Booster Energy\n|-activate|p2b: Flutter Mane|ability: Protosynthesis|[fromitem]\n|-start|p2b: Flutter Mane|protosynthesisspe\n|turn|1\n|\n|t:|1682030095\n|move|p2b: Flutter Mane|Protect|p2b: Flutter Mane\n|-singleturn|p2b: Flutter Mane|Protect\n|move|p1b: Toxicroak|Fake Out|p2a: Chi-Yu\n|-damage|p2a: Chi-Yu|81\/100\n|-damage|p1b: Toxicroak|91\/100|[from] item: Life Orb\n|move|p1a: Kingambit|Sucker Punch||[still]\n|-fail|p1a: Kingambit\n|cant|p2a: Chi-Yu|flinch\n|\n|upkeep\n|turn|2\n|\n|t:|1682030120\n|switch|p1b: Wickie moment|Ting-Lu, L50|100\/100\n|-ability|p1b: Wickie moment|Vessel of Ruin\n|-terastallize|p1a: Kingambit|Dark\n|move|p1a: Kingambit|Sucker Punch|p2b: Flutter Mane\n|-damage|p2b: Flutter Mane|0 fnt\n|faint|p2b: Flutter Mane\n|-end|p2b: Flutter Mane|Protosynthesis|[silent]\n|move|p2a: Chi-Yu|Will-O-Wisp|p1b: Wickie moment\n|-status|p1b: Wickie moment|brn\n|\n|-damage|p1b: Wickie moment|94\/100 brn|[from] brn\n|upkeep\n|\n|t:|1682030131\n|switch|p2b: Greedent|Greedent, L50, F|100\/100\n|turn|3\n|\n|t:|1682030148\n|move|p2a: Chi-Yu|Will-O-Wisp|p1a: Kingambit\n|-status|p1a: Kingambit|brn\n|move|p1a: Kingambit|Low Kick|p2b: Greedent\n|-supereffective|p2b: Greedent\n|-damage|p2b: Greedent|93\/100\n|move|p1b: Wickie moment|Fissure|p2a: Chi-Yu|[miss]\n|-miss|p1b: Wickie moment|p2a: Chi-Yu\n|move|p2b: Greedent|Stuff Cheeks|p2b: Greedent\n|-boost|p2b: Greedent|def|2\n|-enditem|p2b: Greedent|Apicot Berry|[eat]\n|-boost|p2b: Greedent|spd|1|[from] item: Apicot Berry\n|-heal|p2b: Greedent|100\/100|[from] ability: Cheek Pouch\n|\n|-heal|p1b: Wickie moment|100\/100 brn|[from] item: Leftovers\n|-damage|p1a: Kingambit|95\/100 brn|[from] brn\n|-damage|p1b: Wickie moment|94\/100 brn|[from] brn\n|upkeep\n|turn|4\n|\n|t:|1682030165\n|switch|p1a: Volcarona|Volcarona, L50, M|100\/100\n|move|p2a: Chi-Yu|Protect|p2a: Chi-Yu\n|-singleturn|p2a: Chi-Yu|Protect\n|move|p1b: Wickie moment|Stomping Tantrum|p2a: Chi-Yu\n|-activate|p2a: Chi-Yu|move: Protect\n|move|p2b: Greedent|Earthquake|p1a: Volcarona|[spread] p1a,p1b\n|-activate|p2a: Chi-Yu|move: Protect\n|-damage|p1a: Volcarona|76\/100\n|-damage|p1b: Wickie moment|83\/100 brn\n|\n|-heal|p1b: Wickie moment|89\/100 brn|[from] item: Leftovers\n|-damage|p1b: Wickie moment|83\/100 brn|[from] brn\n|upkeep\n|turn|5\n|inactive|Candy (Arcanine) has 30 seconds left.\n|\n|t:|1682030197\n|switch|p2a: Bombirdier|Bombirdier, L50, M|100\/100\n|move|p1a: Volcarona|Tailwind|p1a: Volcarona\n|-sidestart|p1: Candy (Arcanine)|move: Tailwind\n|move|p1b: Wickie moment|Fissure|p2b: Greedent\n|-damage|p2b: Greedent|0 fnt\n|faint|p2b: Greedent\n|-ohko\n|\n|-heal|p1b: Wickie moment|89\/100 brn|[from] item: Leftovers\n|-damage|p1b: Wickie moment|83\/100 brn|[from] brn\n|upkeep\n|\n|t:|1682030208\n|switch|p2b: Chi-Yu|Chi-Yu, L50|81\/100\n|-ability|p2b: Chi-Yu|Beads of Ruin\n|turn|6\n|c|\u2606Candy (Arcanine)|A Wickie moment!\n|inactive|Candy (Arcanine) has 30 seconds left.\n|\n|t:|1682030233\n|switch|p1a: Kingambit|Kingambit, L50, F, tera:Dark|95\/100 brn\n|-terastallize|p2a: Bombirdier|Rock\n|move|p2b: Chi-Yu|Protect|p2b: Chi-Yu\n|-singleturn|p2b: Chi-Yu|Protect\n|move|p2a: Bombirdier|Rock Slide|p1a: Kingambit|[spread] p1a,p1b\n|-resisted|p1b: Wickie moment\n|-damage|p1a: Kingambit|69\/100 brn\n|-damage|p1b: Wickie moment|73\/100 brn\n|move|p1b: Wickie moment|Fissure|p2b: Chi-Yu\n|-activate|p2b: Chi-Yu|move: Protect\n|\n|-heal|p1b: Wickie moment|79\/100 brn|[from] item: Leftovers\n|-damage|p1a: Kingambit|63\/100 brn|[from] brn\n|-damage|p1b: Wickie moment|73\/100 brn|[from] brn\n|upkeep\n|turn|7\n|\n|t:|1682030254\n|move|p2a: Bombirdier|Protect|p2a: Bombirdier\n|-singleturn|p2a: Bombirdier|Protect\n|move|p1a: Kingambit|Sucker Punch||[still]\n|-fail|p1a: Kingambit\n|move|p1b: Wickie moment|Stomping Tantrum|p2b: Chi-Yu\n|-supereffective|p2b: Chi-Yu\n|-damage|p2b: Chi-Yu|34\/100\n|move|p2b: Chi-Yu|Heat Wave|p1b: Wickie moment|[spread] p1a,p1b\n|-damage|p1a: Kingambit|34\/100 brn\n|-damage|p1b: Wickie moment|37\/100 brn\n|-damage|p2b: Chi-Yu|25\/100|[from] item: Life Orb\n|\n|-heal|p1b: Wickie moment|43\/100 brn|[from] item: Leftovers\n|-damage|p1a: Kingambit|28\/100 brn|[from] brn\n|-damage|p1b: Wickie moment|37\/100 brn|[from] brn\n|upkeep\n|turn|8\n|\n|t:|1682030272\n|move|p1b: Wickie moment|Protect|p1b: Wickie moment\n|-singleturn|p1b: Wickie moment|Protect\n|move|p2b: Chi-Yu|Protect|p2b: Chi-Yu\n|-singleturn|p2b: Chi-Yu|Protect\n|move|p1a: Kingambit|Sucker Punch|p2a: Bombirdier\n|-damage|p2a: Bombirdier|63\/100\n|move|p2a: Bombirdier|Sucker Punch||[still]\n|-fail|p2a: Bombirdier\n|\n|-heal|p1b: Wickie moment|43\/100 brn|[from] item: Leftovers\n|-damage|p1a: Kingambit|22\/100 brn|[from] brn\n|-damage|p1b: Wickie moment|37\/100 brn|[from] brn\n|-sideend|p1: Candy (Arcanine)|move: Tailwind\n|upkeep\n|turn|9\n|inactive|Candy (Arcanine) has 30 seconds left.\n|inactive|Goozy Goobler has 30 seconds left.\n|inactive|Candy (Arcanine) has 20 seconds left.\n|inactive|Candy (Arcanine) has 15 seconds left.\n|inactive|Candy (Arcanine) has 10 seconds left.\n|\n|t:|1682030318\n|move|p2a: Bombirdier|Sucker Punch|p1a: Kingambit\n|-resisted|p1a: Kingambit\n|-damage|p1a: Kingambit|11\/100 brn\n|move|p1a: Kingambit|Sucker Punch|p2b: Chi-Yu\n|-resisted|p2b: Chi-Yu\n|-damage|p2b: Chi-Yu|7\/100\n|move|p2b: Chi-Yu|Heat Wave|p1b: Wickie moment|[spread] p1a\n|-miss|p2b: Chi-Yu|p1b: Wickie moment\n|-damage|p1a: Kingambit|0 fnt\n|faint|p1a: Kingambit\n|-damage|p2b: Chi-Yu|0 fnt|[from] item: Life Orb\n|faint|p2b: Chi-Yu\n|move|p1b: Wickie moment|Fissure|p2a: Bombirdier|[miss]\n|-miss|p1b: Wickie moment|p2a: Bombirdier\n|\n|-heal|p1b: Wickie moment|43\/100 brn|[from] item: Leftovers\n|-damage|p1b: Wickie moment|37\/100 brn|[from] brn\n|upkeep\n|\n|t:|1682030332\n|switch|p1a: Toxicroak|Toxicroak, L50, F|91\/100\n|turn|10\n|\n|t:|1682030346\n|move|p2a: Bombirdier|Protect|p2a: Bombirdier\n|-singleturn|p2a: Bombirdier|Protect\n|move|p1a: Toxicroak|Swords Dance|p1a: Toxicroak\n|-boost|p1a: Toxicroak|atk|2\n|move|p1b: Wickie moment|Stomping Tantrum|p2a: Bombirdier\n|-activate|p2a: Bombirdier|move: Protect\n|\n|-heal|p1b: Wickie moment|43\/100 brn|[from] item: Leftovers\n|-damage|p1b: Wickie moment|37\/100 brn|[from] brn\n|upkeep\n|turn|11\n|\n|t:|1682030366\n|move|p2a: Bombirdier|Dual Wingbeat|p1a: Toxicroak\n|-supereffective|p1a: Toxicroak\n|-damage|p1a: Toxicroak|34\/100\n|-supereffective|p1a: Toxicroak\n|-damage|p1a: Toxicroak|0 fnt\n|faint|p1a: Toxicroak\n|-hitcount|p1: Toxicroak|2\n|move|p1b: Wickie moment|Heavy Slam|p2a: Bombirdier\n|-supereffective|p2a: Bombirdier\n|-damage|p2a: Bombirdier|11\/100\n|\n|-heal|p1b: Wickie moment|43\/100 brn|[from] item: Leftovers\n|-damage|p1b: Wickie moment|37\/100 brn|[from] brn\n|upkeep\n|\n|t:|1682030368\n|switch|p1a: Volcarona|Volcarona, L50, M|76\/100\n|turn|12\n|\n|t:|1682030383\n|move|p2a: Bombirdier|Rock Slide|p1a: Volcarona|[spread] p1a,p1b\n|-supereffective|p1a: Volcarona\n|-resisted|p1b: Wickie moment\n|-damage|p1a: Volcarona|0 fnt\n|-damage|p1b: Wickie moment|28\/100 brn\n|faint|p1a: Volcarona\n|move|p1b: Wickie moment|Heavy Slam|p2a: Bombirdier\n|-supereffective|p2a: Bombirdier\n|-damage|p2a: Bombirdier|0 fnt\n|faint|p2a: Bombirdier\n|\n|win|Candy (Arcanine)\n|raw|Candy (Arcanine)'s rating: 1111 → 1134<\/strong> (+23 for winning)\n|raw|Goozy Goobler's rating: 1081 → 1061<\/strong> (-20 for losing)\n|l|\u2606Candy (Arcanine)\n|j|\u2606Candy (Arcanine)\n|player|p1|Candy (Arcanine)|twins\n","uploadtime":1682030392,"views":9,"p1id":"candyarcanine","p2id":"goozygoobler","formatid":"gen9vgc2023regulationc","rating":1061,"private":0,"password":""}