{"id":"gen9vgc2023regulationc-1855225794","p1":"jakevw19","p2":"Tas87","format":"[Gen 9] VGC 2023 Regulation C","log":"|j|\u2606jakevw19\n|j|\u2606Tas87\n|t:|1682918246\n|gametype|doubles\n|player|p1|jakevw19|depotagent|1192\n|player|p2|Tas87|265|1106\n|teamsize|p1|6\n|teamsize|p2|6\n|gen|9\n|tier|[Gen 9] VGC 2023 Regulation C\n|rated|\n|rule|Species Clause: Limit one of each Pok\u00e9mon\n|rule|Item Clause: Limit one of each item\n|clearpoke\n|poke|p1|Garganacl, L50, M|\n|poke|p1|Glimmora, L50, F|\n|poke|p1|Palafin, L50, F|\n|poke|p1|Rotom-Heat, L50|\n|poke|p1|Mimikyu, L50, M|\n|poke|p1|Ting-Lu, L50|\n|poke|p2|Medicham, L50, F|\n|poke|p2|Orthworm, L50, F|\n|poke|p2|Garchomp, L50, M|\n|poke|p2|Tyranitar, L50, M|\n|poke|p2|Drifblim, L50, F|\n|poke|p2|Chien-Pao, L50|\n|teampreview|4\n|c|\u2606jakevw19|weird\n|c|\u2606jakevw19|i feel like i fough this exact team earlier today\n|inactive|Battle timer is ON: inactive players will automatically lose when time's up. (requested by Tas87)\n|inactive|jakevw19 has 60 seconds left.\n|\n|t:|1682918308\n|start\n|switch|p1a: Gargachad|Garganacl, L50, M|100\/100\n|switch|p1b: The Dolphin|Palafin, L50, F|100\/100\n|switch|p2a: Drifblim|Drifblim, L50, F|100\/100\n|switch|p2b: Garchomp|Garchomp, L50, M|100\/100\n|turn|1\n|\n|t:|1682918325\n|-terastallize|p1a: Gargachad|Ghost\n|move|p2b: Garchomp|Protect|p2b: Garchomp\n|-singleturn|p2b: Garchomp|Protect\n|move|p1b: The Dolphin|Flip Turn|p2b: Garchomp\n|-activate|p2b: Garchomp|move: Protect\n|move|p2a: Drifblim|Minimize|p2a: Drifblim\n|-boost|p2a: Drifblim|evasion|2\n|move|p1a: Gargachad|Iron Defense|p1a: Gargachad\n|-boost|p1a: Gargachad|def|2\n|\n|upkeep\n|turn|2\n|c|\u2606jakevw19|oh no\n|inactive|Tas87 has 30 seconds left.\n|\n|t:|1682918351\n|switch|p2b: Orthworm|Orthworm, L50, F, shiny|100\/100\n|move|p1b: The Dolphin|Flip Turn|p2a: Drifblim\n|-damage|p2a: Drifblim|57\/100\n|\n|t:|1682918356\n|detailschange|p1b: The Dolphin|Palafin-Hero, L50, F\n|switch|p1b: The Creature|Mimikyu, L50, M|100\/100|[from] Flip Turn\n|move|p2a: Drifblim|Minimize|p2a: Drifblim\n|-boost|p2a: Drifblim|evasion|2\n|move|p1a: Gargachad|Iron Defense|p1a: Gargachad\n|-boost|p1a: Gargachad|def|2\n|\n|upkeep\n|turn|3\n|\n|t:|1682918378\n|move|p1b: The Creature|Shadow Claw|p2a: Drifblim|[miss]\n|-miss|p1b: The Creature|p2a: Drifblim\n|move|p2a: Drifblim|Baton Pass|p2a: Drifblim\n|\n|t:|1682918383\n|switch|p2a: Garchomp|Garchomp, L50, M|100\/100|[from] Baton Pass\n|move|p2b: Orthworm|Smack Down|p1b: The Creature\n|-activate|p1b: The Creature|ability: Disguise\n|-damage|p1b: The Creature|100\/100\n|detailschange|p1b: The Creature|Mimikyu-Busted, L50, M\n|-damage|p1b: The Creature|88\/100|[from] pokemon: Mimikyu-Busted\n|move|p1a: Gargachad|Salt Cure|p2a: Garchomp|[miss]\n|-miss|p1a: Gargachad|p2a: Garchomp\n|\n|upkeep\n|turn|4\n|\n|t:|1682918398\n|switch|p2b: Tyranitar|Tyranitar, L50, M|100\/100\n|-weather|Sandstorm|[from] ability: Sand Stream|[of] p2b: Tyranitar\n|move|p1b: The Creature|Protect|p1b: The Creature\n|-singleturn|p1b: The Creature|Protect\n|move|p2a: Garchomp|Swords Dance|p2a: Garchomp\n|-boost|p2a: Garchomp|atk|2\n|move|p1a: Gargachad|Salt Cure|p2b: Tyranitar\n|-damage|p2b: Tyranitar|88\/100\n|-start|p2b: Tyranitar|Salt Cure\n|\n|-weather|Sandstorm|[upkeep]\n|-damage|p1b: The Creature|82\/100|[from] Sandstorm\n|-damage|p1a: Gargachad|95\/100|[from] Sandstorm\n|-heal|p1a: Gargachad|100\/100|[from] item: Leftovers\n|-damage|p2b: Tyranitar|76\/100|[from] Salt Cure\n|upkeep\n|turn|5\n|\n|t:|1682918417\n|switch|p2b: Orthworm|Orthworm, L50, F, shiny|100\/100\n|move|p1b: The Creature|Curse|p2a: Garchomp\n|-start|p2a: Garchomp|Curse|[of] p1b: The Creature\n|-damage|p1b: The Creature|33\/100\n|move|p2a: Garchomp|Earthquake|p1b: The Creature|[spread] p1a,p1b\n|-immune|p2b: Orthworm|[from] ability: Earth Eater\n|-damage|p1a: Gargachad|84\/100\n|-damage|p1b: The Creature|0 fnt\n|faint|p1b: The Creature\n|move|p1a: Gargachad|Salt Cure|p2a: Garchomp\n|-resisted|p2a: Garchomp\n|-damage|p2a: Garchomp|94\/100\n|-start|p2a: Garchomp|Salt Cure\n|\n|-weather|Sandstorm|[upkeep]\n|-damage|p1a: Gargachad|78\/100|[from] Sandstorm\n|-heal|p1a: Gargachad|84\/100|[from] item: Leftovers\n|-damage|p2a: Garchomp|69\/100|[from] Curse\n|-damage|p2a: Garchomp|57\/100|[from] Salt Cure\n|upkeep\n|\n|t:|1682918438\n|switch|p1b: The Dolphin|Palafin-Hero, L50, F|100\/100\n|-activate|p1b: The Dolphin|ability: Zero to Hero\n|turn|6\n|\n|t:|1682918451\n|move|p1b: The Dolphin|Flip Turn|p2b: Orthworm\n|-damage|p2b: Orthworm|68\/100\n|\n|t:|1682918454\n|switch|p1b: The Moose|Ting-Lu, L50|100\/100|[from] Flip Turn\n|-ability|p1b: The Moose|Vessel of Ruin\n|move|p2a: Garchomp|Dragon Claw|p1b: The Moose\n|-damage|p1b: The Moose|53\/100\n|move|p2b: Orthworm|Iron Defense|p2b: Orthworm\n|-boost|p2b: Orthworm|def|2\n|move|p1a: Gargachad|Iron Defense|p1a: Gargachad\n|-boost|p1a: Gargachad|def|2\n|\n|-weather|Sandstorm|[upkeep]\n|-damage|p1a: Gargachad|78\/100|[from] Sandstorm\n|-heal|p1a: Gargachad|84\/100|[from] item: Leftovers\n|-damage|p2a: Garchomp|33\/100|[from] Curse\n|-damage|p2a: Garchomp|20\/100|[from] Salt Cure\n|upkeep\n|turn|7\n|\n|t:|1682918476\n|switch|p2a: Drifblim|Drifblim, L50, F|57\/100\n|move|p1b: The Moose|Protect|p1b: The Moose\n|-singleturn|p1b: The Moose|Protect\n|move|p1a: Gargachad|Protect|p1a: Gargachad\n|-singleturn|p1a: Gargachad|Protect\n|move|p2b: Orthworm|Body Press|p1b: The Moose\n|-activate|p1b: The Moose|move: Protect\n|\n|-weather|Sandstorm|[upkeep]\n|-damage|p2a: Drifblim|51\/100|[from] Sandstorm\n|-damage|p1a: Gargachad|78\/100|[from] Sandstorm\n|-heal|p1a: Gargachad|84\/100|[from] item: Leftovers\n|upkeep\n|turn|8\n|\n|t:|1682918484\n|move|p2a: Drifblim|Minimize|p2a: Drifblim\n|-boost|p2a: Drifblim|evasion|2\n|move|p2b: Orthworm|Body Press|p1b: The Moose\n|-supereffective|p1b: The Moose\n|-damage|p1b: The Moose|0 fnt\n|faint|p1b: The Moose\n|move|p1a: Gargachad|Salt Cure|p2a: Drifblim\n|-supereffective|p2a: Drifblim\n|-damage|p2a: Drifblim|11\/100\n|-start|p2a: Drifblim|Salt Cure\n|\n|-weather|none\n|-heal|p1a: Gargachad|90\/100|[from] item: Leftovers\n|-damage|p2a: Drifblim|0 fnt|[from] Salt Cure\n|faint|p2a: Drifblim\n|upkeep\n|\n|t:|1682918497\n|switch|p2a: Tyranitar|Tyranitar, L50, M|76\/100\n|switch|p1b: The Dolphin|Palafin-Hero, L50, F|100\/100\n|-weather|Sandstorm|[from] ability: Sand Stream|[of] p2a: Tyranitar\n|turn|9\n|\n|t:|1682918510\n|-terastallize|p2a: Tyranitar|Flying\n|move|p1b: The Dolphin|Jet Punch|p2a: Tyranitar\n|-damage|p2a: Tyranitar|26\/100\n|move|p2b: Orthworm|Body Press|p1b: The Dolphin\n|-damage|p1b: The Dolphin|32\/100\n|move|p2a: Tyranitar|Tera Blast|p1b: The Dolphin\n|-damage|p1b: The Dolphin|0 fnt\n|faint|p1b: The Dolphin\n|move|p1a: Gargachad|Salt Cure|p2b: Orthworm\n|-resisted|p2b: Orthworm\n|-damage|p2b: Orthworm|67\/100\n|-start|p2b: Orthworm|Salt Cure\n|\n|-weather|Sandstorm|[upkeep]\n|-damage|p2a: Tyranitar|20\/100|[from] Sandstorm\n|-damage|p1a: Gargachad|84\/100|[from] Sandstorm\n|-heal|p1a: Gargachad|90\/100|[from] item: Leftovers\n|-damage|p2b: Orthworm|42\/100|[from] Salt Cure\n|upkeep\n|-enditem|p2b: Orthworm|Sitrus Berry|[eat]\n|-heal|p2b: Orthworm|67\/100|[from] item: Sitrus Berry\n|turn|10\n|\n|t:|1682918529\n|move|p1a: Gargachad|Protect|p1a: Gargachad\n|-singleturn|p1a: Gargachad|Protect\n|move|p2b: Orthworm|Shed Tail|p2b: Orthworm\n|-start|p2b: Orthworm|Substitute|[from] move: Shed Tail\n|-damage|p2b: Orthworm|16\/100\n|\n|t:|1682918534\n|switch|p2b: Garchomp|Garchomp, L50, M|20\/100|[from] Shed Tail\n|move|p2a: Tyranitar|Earthquake|p1a: Gargachad|[spread] p2b\n|-activate|p1a: Gargachad|move: Protect\n|-end|p2b: Garchomp|Substitute\n|\n|-weather|Sandstorm|[upkeep]\n|-damage|p2a: Tyranitar|14\/100|[from] Sandstorm\n|-damage|p1a: Gargachad|84\/100|[from] Sandstorm\n|-heal|p1a: Gargachad|90\/100|[from] item: Leftovers\n|upkeep\n|turn|11\n|\n|t:|1682918553\n|switch|p2a: Orthworm|Orthworm, L50, F, shiny|16\/100\n|move|p2b: Garchomp|Earthquake|p1a: Gargachad|[spread] p1a\n|-heal|p2a: Orthworm|41\/100|[from] ability: Earth Eater|[of] p2b: Garchomp\n|-damage|p1a: Gargachad|83\/100\n|move|p1a: Gargachad|Salt Cure|p2b: Garchomp|[miss]\n|-miss|p1a: Gargachad|p2b: Garchomp\n|\n|-weather|Sandstorm|[upkeep]\n|-damage|p1a: Gargachad|77\/100|[from] Sandstorm\n|-heal|p1a: Gargachad|83\/100|[from] item: Leftovers\n|upkeep\n|turn|12\n|\n|t:|1682918565\n|move|p2b: Garchomp|Earthquake|p1a: Gargachad|[spread] p1a\n|-heal|p2a: Orthworm|66\/100|[from] ability: Earth Eater|[of] p2b: Garchomp\n|-damage|p1a: Gargachad|76\/100\n|move|p2a: Orthworm|Shed Tail|p2a: Orthworm\n|-start|p2a: Orthworm|Substitute|[from] move: Shed Tail\n|-damage|p2a: Orthworm|16\/100\n|\n|t:|1682918572\n|switch|p2a: Tyranitar|Tyranitar, L50, M, tera:Flying|14\/100|[from] Shed Tail\n|move|p1a: Gargachad|Salt Cure|p2a: Tyranitar\n|-supereffective|p2a: Tyranitar\n|-end|p2a: Tyranitar|Substitute\n|\n|-weather|Sandstorm|[upkeep]\n|-damage|p2a: Tyranitar|8\/100|[from] Sandstorm\n|-damage|p1a: Gargachad|70\/100|[from] Sandstorm\n|-heal|p1a: Gargachad|76\/100|[from] item: Leftovers\n|upkeep\n|turn|13\n|\n|t:|1682918583\n|move|p1a: Gargachad|Protect|p1a: Gargachad\n|-singleturn|p1a: Gargachad|Protect\n|move|p2b: Garchomp|Earthquake|p1a: Gargachad|[spread] \n|-activate|p1a: Gargachad|move: Protect\n|-immune|p2a: Tyranitar\n|move|p2a: Tyranitar|Brick Break|p1a: Gargachad\n|-activate|p1a: Gargachad|move: Protect\n|\n|-weather|none\n|-heal|p1a: Gargachad|82\/100|[from] item: Leftovers\n|upkeep\n|turn|14\n|\n|t:|1682918595\n|move|p2b: Garchomp|Swords Dance|p2b: Garchomp\n|-boost|p2b: Garchomp|atk|2\n|move|p2a: Tyranitar|Tera Blast|p1a: Gargachad\n|-damage|p1a: Gargachad|75\/100\n|move|p1a: Gargachad|Salt Cure|p2a: Tyranitar\n|-supereffective|p2a: Tyranitar\n|-damage|p2a: Tyranitar|0 fnt\n|faint|p2a: Tyranitar\n|\n|-heal|p1a: Gargachad|81\/100|[from] item: Leftovers\n|upkeep\n|\n|t:|1682918602\n|switch|p2a: Orthworm|Orthworm, L50, F, shiny|16\/100\n|turn|15\n|\n|t:|1682918609\n|move|p2b: Garchomp|Earthquake|p1a: Gargachad|[spread] p1a\n|-heal|p2a: Orthworm|41\/100|[from] ability: Earth Eater|[of] p2b: Garchomp\n|-damage|p1a: Gargachad|67\/100\n|move|p2a: Orthworm|Iron Defense|p2a: Orthworm\n|-boost|p2a: Orthworm|def|2\n|move|p1a: Gargachad|Salt Cure|p2b: Garchomp\n|-resisted|p2b: Garchomp\n|-damage|p2b: Garchomp|14\/100\n|-start|p2b: Garchomp|Salt Cure\n|\n|-heal|p1a: Gargachad|73\/100|[from] item: Leftovers\n|-damage|p2b: Garchomp|2\/100|[from] Salt Cure\n|upkeep\n|turn|16\n|\n|t:|1682918621\n|move|p1a: Gargachad|Protect|p1a: Gargachad\n|-singleturn|p1a: Gargachad|Protect\n|move|p2b: Garchomp|Earthquake|p1a: Gargachad|[spread] \n|-activate|p1a: Gargachad|move: Protect\n|-heal|p2a: Orthworm|65\/100|[from] ability: Earth Eater|[of] p2b: Garchomp\n|move|p2a: Orthworm|Iron Defense|p2a: Orthworm\n|-boost|p2a: Orthworm|def|2\n|\n|-heal|p1a: Gargachad|79\/100|[from] item: Leftovers\n|-damage|p2b: Garchomp|0 fnt|[from] Salt Cure\n|faint|p2b: Garchomp\n|upkeep\n|turn|17\n|\n|t:|1682918632\n|move|p2a: Orthworm|Smack Down|p1a: Gargachad\n|-damage|p1a: Gargachad|77\/100\n|move|p1a: Gargachad|Salt Cure|p2a: Orthworm\n|-resisted|p2a: Orthworm\n|-damage|p2a: Orthworm|64\/100\n|-start|p2a: Orthworm|Salt Cure\n|\n|-heal|p1a: Gargachad|83\/100|[from] item: Leftovers\n|-damage|p2a: Orthworm|39\/100|[from] Salt Cure\n|upkeep\n|turn|18\n|\n|t:|1682918641\n|move|p2a: Orthworm|Body Press|p1a: Gargachad\n|-immune|p1a: Gargachad\n|move|p1a: Gargachad|Iron Defense|p1a: Gargachad\n|-boost|p1a: Gargachad|def|0\n|\n|-heal|p1a: Gargachad|88\/100|[from] item: Leftovers\n|-damage|p2a: Orthworm|14\/100|[from] Salt Cure\n|upkeep\n|turn|19\n|-message|Tas87 forfeited.\n|\n|win|jakevw19\n|raw|jakevw19's rating: 1192 → 1211<\/strong> (+19 for winning)\n|raw|Tas87's rating: 1106 → 1087<\/strong> (-19 for losing)\n|l|\u2606Tas87\n","uploadtime":1682920015,"views":23,"p1id":"jakevw19","p2id":"tas87","formatid":"gen9vgc2023regulationc","rating":1087,"private":0,"password":""}