{"id":"gen9vgc2023regulationc-1845278046","p1":"z0gre","p2":"WillowYT","format":"[Gen 9] VGC 2023 Regulation C","log":"|j|\u2606z0gre\n|j|\u2606WillowYT\n|t:|1681706473\n|gametype|doubles\n|player|p1|z0gre|lucas|1130\n|player|p2|WillowYT|crasherwake|1089\n|teamsize|p1|6\n|teamsize|p2|6\n|gen|9\n|tier|[Gen 9] VGC 2023 Regulation C\n|rated|\n|rule|Species Clause: Limit one of each Pok\u00e9mon\n|rule|Item Clause: Limit one of each item\n|clearpoke\n|poke|p1|Hippowdon, L50, M|\n|poke|p1|Lycanroc, L50, F|\n|poke|p1|Indeedee-F, L50, F|\n|poke|p1|Hawlucha, L50, M|\n|poke|p1|Palossand, L50, M|\n|poke|p1|Houndstone, L50, F|\n|poke|p2|Orthworm, L50, F|\n|poke|p2|Dragonite, L50, F|\n|poke|p2|Palafin, L50, M|\n|poke|p2|Ting-Lu, L50|\n|poke|p2|Flutter Mane, L50|\n|poke|p2|Wo-Chien, L50|\n|teampreview|4\n|inactive|Battle timer is ON: inactive players will automatically lose when time's up. (requested by WillowYT)\n|inactive|z0gre has 60 seconds left.\nWillowYT rejected open team sheets.\n|\n|t:|1681706528\n|start\n|switch|p1a: Indeedee|Indeedee-F, L50, F, shiny|100\/100\n|switch|p1b: Houndstone|Houndstone, L50, F, shiny|100\/100\n|switch|p2a: Orthworm|Orthworm, L50, F, shiny|100\/100\n|switch|p2b: Palafin|Palafin, L50, M, shiny|100\/100\n|-fieldstart|move: Psychic Terrain|[from] ability: Psychic Surge|[of] p1a: Indeedee\n|turn|1\n|\n|t:|1681706549\n|move|p2b: Palafin|Flip Turn|p1a: Indeedee\n|-damage|p1a: Indeedee|80\/100\n|\n|t:|1681706556\n|detailschange|p2b: Palafin|Palafin-Hero, L50, M, shiny\n|switch|p2b: Ting-Lu|Ting-Lu, L50|100\/100|[from] Flip Turn\n|-ability|p2b: Ting-Lu|Vessel of Ruin\n|move|p1b: Houndstone|Will-O-Wisp|p2b: Ting-Lu\n|-status|p2b: Ting-Lu|brn\n|move|p1a: Indeedee|Reflect|p1a: Indeedee\n|-sidestart|p1: z0gre|Reflect\n|move|p2a: Orthworm|Shed Tail|p2a: Orthworm\n|-start|p2a: Orthworm|Substitute|[from] move: Shed Tail\n|-damage|p2a: Orthworm|50\/100\n|-enditem|p2a: Orthworm|Sitrus Berry|[eat]\n|-heal|p2a: Orthworm|75\/100|[from] item: Sitrus Berry\n|\n|t:|1681706563\n|switch|p2a: Palafin|Palafin-Hero, L50, M, shiny|100\/100|[from] Shed Tail\n|-activate|p2a: Palafin|ability: Zero to Hero\n|\n|-damage|p2b: Ting-Lu|94\/100 brn|[from] brn\n|upkeep\n|turn|2\n|inactive|z0gre has 30 seconds left.\n|\n|t:|1681706594\n|move|p1a: Indeedee|Follow Me|p1a: Indeedee\n|-singleturn|p1a: Indeedee|move: Follow Me\n|move|p2a: Palafin|Jet Punch|p1a: Indeedee\n|-activate|p1a: Indeedee|move: Psychic Terrain\n|move|p1b: Houndstone|Phantom Force||[still]\n|-prepare|p1b: Houndstone|Phantom Force\n|move|p2b: Ting-Lu|Fissure|p1a: Indeedee|[miss]\n|-miss|p2b: Ting-Lu|p1a: Indeedee\n|\n|-damage|p2b: Ting-Lu|88\/100 brn|[from] brn\n|upkeep\n|turn|3\n|c|\u2606WillowYT|:|\n|c|\u2606WillowYT|Ffffffffff\n|inactive|z0gre has 30 seconds left.\n|inactive|WillowYT has 30 seconds left.\n|\n|t:|1681706624\n|move|p2a: Palafin|Jet Punch|p1a: Indeedee\n|-activate|p1a: Indeedee|move: Psychic Terrain\n|move|p1b: Houndstone|Phantom Force|p2a: Palafin|[from]lockedmove\n|-end|p2a: Palafin|Substitute\n|move|p1a: Indeedee|Draining Kiss|p2b: Ting-Lu\n|-supereffective|p2b: Ting-Lu\n|-damage|p2b: Ting-Lu|75\/100 brn\n|-heal|p1a: Indeedee|95\/100|[from] drain|[of] p2b: Ting-Lu\n|move|p2b: Ting-Lu|Fissure|p1b: Houndstone\n|-damage|p1b: Houndstone|0 fnt\n|faint|p1b: Houndstone\n|-ohko\n|\n|-damage|p2b: Ting-Lu|68\/100 brn|[from] brn\n|upkeep\n|\n|t:|1681706645\n|switch|p1b: Hippowdon|Hippowdon, L50, M, shiny|100\/100\n|-weather|Sandstorm|[from] ability: Sand Stream|[of] p1b: Hippowdon\n|turn|4\n|\n|t:|1681706654\n|switch|p2a: Orthworm|Orthworm, L50, F, shiny|75\/100\n|move|p1a: Indeedee|Follow Me|p1a: Indeedee\n|-singleturn|p1a: Indeedee|move: Follow Me\n|move|p1b: Hippowdon|Yawn|p2a: Orthworm\n|-start|p2a: Orthworm|move: Yawn|[of] p1b: Hippowdon\n|move|p2b: Ting-Lu|Earthquake|p1b: Hippowdon|[spread] p1a,p1b\n|-heal|p2a: Orthworm|99\/100|[from] ability: Earth Eater|[of] p2b: Ting-Lu\n|-damage|p1a: Indeedee|86\/100\n|-damage|p1b: Hippowdon|94\/100\n|\n|-weather|Sandstorm|[upkeep]\n|-damage|p2b: Ting-Lu|62\/100 brn|[from] brn\n|upkeep\n|turn|5\n|inactive|z0gre has 30 seconds left.\n|\n|t:|1681706680\n|move|p1a: Indeedee|Draining Kiss|p2b: Ting-Lu\n|-supereffective|p2b: Ting-Lu\n|-damage|p2b: Ting-Lu|48\/100 brn\n|-heal|p1a: Indeedee|100\/100|[from] drain|[of] p2b: Ting-Lu\n|move|p2a: Orthworm|Shed Tail|p2a: Orthworm\n|-start|p2a: Orthworm|Substitute|[from] move: Shed Tail\n|-damage|p2a: Orthworm|50\/100\n|\n|t:|1681706693\n|switch|p2a: Palafin|Palafin-Hero, L50, M, shiny|100\/100|[from] Shed Tail\n|move|p1b: Hippowdon|Fissure|p2b: Ting-Lu\n|-damage|p2b: Ting-Lu|0 fnt\n|faint|p2b: Ting-Lu\n|-ohko\n|\n|-weather|Sandstorm|[upkeep]\n|-damage|p2a: Palafin|94\/100|[from] Sandstorm\n|-sideend|p1: z0gre|Reflect\n|-fieldend|move: Psychic Terrain\n|upkeep\n|\n|t:|1681706697\n|switch|p2b: Orthworm|Orthworm, L50, F, shiny|50\/100\n|turn|6\n|\n|t:|1681706712\n|switch|p1a: Palossand|Palossand, L50, M, shiny|100\/100\n|move|p2b: Orthworm|Helping Hand|p2a: Palafin\n|-singleturn|p2a: Palafin|Helping Hand|[of] p2b: Orthworm\n|move|p2a: Palafin|Jet Punch|p1b: Hippowdon\n|-supereffective|p1b: Hippowdon\n|-damage|p1b: Hippowdon|12\/100\n|move|p1b: Hippowdon|Slack Off|p1b: Hippowdon\n|-heal|p1b: Hippowdon|62\/100\n|\n|-weather|Sandstorm|[upkeep]\n|-damage|p2a: Palafin|88\/100|[from] Sandstorm\n|upkeep\n|turn|7\n|\n|t:|1681706734\n|switch|p2a: Flutter Mane|Flutter Mane, L50|100\/100\n|-enditem|p2a: Flutter Mane|Booster Energy\n|-activate|p2a: Flutter Mane|ability: Protosynthesis|[fromitem]\n|-start|p2a: Flutter Mane|protosynthesisspe\n|switch|p1a: Indeedee|Indeedee-F, L50, F, shiny|100\/100\n|-fieldstart|move: Psychic Terrain|[from] ability: Psychic Surge|[of] p1a: Indeedee\n|move|p2b: Orthworm|Iron Defense|p2b: Orthworm\n|-boost|p2b: Orthworm|def|2\n|move|p1b: Hippowdon|Yawn|p2b: Orthworm\n|-start|p2b: Orthworm|move: Yawn|[of] p1b: Hippowdon\n|\n|-weather|Sandstorm|[upkeep]\n|-damage|p2a: Flutter Mane|94\/100|[from] Sandstorm\n|upkeep\n|turn|8\n|\n|t:|1681706752\n|move|p2b: Orthworm|Helping Hand|p2a: Flutter Mane\n|-singleturn|p2a: Flutter Mane|Helping Hand|[of] p2b: Orthworm\n|move|p2a: Flutter Mane|Dazzling Gleam|p1b: Hippowdon|[spread] p1a,p1b\n|-damage|p1a: Indeedee|56\/100\n|-damage|p1b: Hippowdon|24\/100\n|move|p1a: Indeedee|Light Screen|p1a: Indeedee\n|-sidestart|p1: z0gre|move: Light Screen\n|move|p1b: Hippowdon|Yawn|p2a: Flutter Mane\n|-start|p2a: Flutter Mane|move: Yawn|[of] p1b: Hippowdon\n|\n|-weather|Sandstorm|[upkeep]\n|-damage|p2a: Flutter Mane|88\/100|[from] Sandstorm\n|-end|p2b: Orthworm|move: Yawn|[silent]\n|-status|p2b: Orthworm|slp\n|upkeep\n|turn|9\n|inactive|WillowYT has 30 seconds left.\n|inactive|WillowYT has 20 seconds left.\n|\n|t:|1681706790\n|-end|p2a: Flutter Mane|Protosynthesis|[silent]\n|switch|p2a: Palafin|Palafin-Hero, L50, M, shiny|88\/100\n|move|p1a: Indeedee|Draining Kiss|p2b: Orthworm\n|-resisted|p2b: Orthworm\n|-damage|p2b: Orthworm|43\/100 slp\n|-heal|p1a: Indeedee|61\/100|[from] drain|[of] p2b: Orthworm\n|cant|p2b: Orthworm|slp\n|move|p1b: Hippowdon|Slack Off|p1b: Hippowdon\n|-heal|p1b: Hippowdon|74\/100\n|\n|-weather|Sandstorm|[upkeep]\n|-damage|p2a: Palafin|82\/100|[from] Sandstorm\n|upkeep\n|turn|10\n|\n|t:|1681706808\n|-terastallize|p2a: Palafin|Fighting\n|move|p2a: Palafin|Drain Punch|p1a: Indeedee\n|-damage|p1a: Indeedee|16\/100\n|-heal|p2a: Palafin|100\/100|[from] drain|[of] p1a: Indeedee\n|move|p1a: Indeedee|Reflect|p1a: Indeedee\n|-sidestart|p1: z0gre|Reflect\n|cant|p2b: Orthworm|slp\n|move|p1b: Hippowdon|Yawn|p2a: Palafin\n|-start|p2a: Palafin|move: Yawn|[of] p1b: Hippowdon\n|\n|-weather|Sandstorm|[upkeep]\n|-damage|p2a: Palafin|94\/100|[from] Sandstorm\n|upkeep\n|turn|11\n|\n|t:|1681706827\n|switch|p2a: Flutter Mane|Flutter Mane, L50|88\/100\n|switch|p1a: Palossand|Palossand, L50, M, shiny|100\/100\n|cant|p2b: Orthworm|slp\n|move|p1b: Hippowdon|Fissure|p2a: Flutter Mane|[miss]\n|-miss|p1b: Hippowdon|p2a: Flutter Mane\n|\n|-weather|none\n|-fieldend|move: Psychic Terrain\n|upkeep\n|turn|12\n|\n|t:|1681706851\n|move|p2a: Flutter Mane|Dazzling Gleam|p1b: Hippowdon|[spread] p1a,p1b\n|-damage|p1a: Palossand|83\/100\n|-damage|p1b: Hippowdon|59\/100\n|-curestatus|p2b: Orthworm|slp|[msg]\n|move|p2b: Orthworm|Iron Defense|p2b: Orthworm\n|-boost|p2b: Orthworm|def|2\n|move|p1b: Hippowdon|Yawn|p2a: Flutter Mane\n|-start|p2a: Flutter Mane|move: Yawn|[of] p1b: Hippowdon\n|move|p1a: Palossand|Sandstorm|p1a: Palossand\n|-weather|Sandstorm\n|\n|-weather|Sandstorm|[upkeep]\n|-damage|p2a: Flutter Mane|82\/100|[from] Sandstorm\n|-sideend|p1: z0gre|move: Light Screen\n|upkeep\n|turn|13\n|\n|t:|1681706874\n|-end|p2a: Flutter Mane|Protosynthesis|[silent]\n|switch|p2a: Palafin|Palafin-Hero, L50, M, shiny, tera:Fighting|94\/100\n|move|p2b: Orthworm|Body Press|p1b: Hippowdon\n|-damage|p1b: Hippowdon|22\/100\n|move|p1b: Hippowdon|Slack Off|p1b: Hippowdon\n|-heal|p1b: Hippowdon|73\/100\n|move|p1a: Palossand|Chilling Water|p2a: Palafin\n|-damage|p2a: Palafin|81\/100\n|-unboost|p2a: Palafin|atk|1\n|\n|-weather|Sandstorm|[upkeep]\n|-damage|p2a: Palafin|75\/100|[from] Sandstorm\n|upkeep\n|turn|14\n|\n|t:|1681706897\n|switch|p1a: Indeedee|Indeedee-F, L50, F, shiny|16\/100\n|-fieldstart|move: Psychic Terrain|[from] ability: Psychic Surge|[of] p1a: Indeedee\n|move|p2b: Orthworm|Helping Hand|p2a: Palafin\n|-singleturn|p2a: Palafin|Helping Hand|[of] p2b: Orthworm\n|move|p2a: Palafin|Drain Punch|p1b: Hippowdon\n|-damage|p1b: Hippowdon|52\/100\n|-heal|p2a: Palafin|87\/100|[from] drain|[of] p1b: Hippowdon\n|move|p1b: Hippowdon|Yawn|p2b: Orthworm\n|-start|p2b: Orthworm|move: Yawn|[of] p1b: Hippowdon\n|\n|-weather|Sandstorm|[upkeep]\n|-damage|p2a: Palafin|81\/100|[from] Sandstorm\n|-sideend|p1: z0gre|Reflect\n|upkeep\n|turn|15\n|\n|t:|1681706921\n|switch|p2b: Flutter Mane|Flutter Mane, L50|82\/100\n|switch|p1b: Palossand|Palossand, L50, M, shiny|83\/100\n|move|p2a: Palafin|Drain Punch|p1a: Indeedee\n|-damage|p1a: Indeedee|0 fnt\n|-heal|p2a: Palafin|89\/100|[from] drain|[of] p1a: Indeedee\n|faint|p1a: Indeedee\n|\n|-weather|Sandstorm|[upkeep]\n|-damage|p2a: Palafin|83\/100|[from] Sandstorm\n|-damage|p2b: Flutter Mane|76\/100|[from] Sandstorm\n|upkeep\n|\n|t:|1681706930\n|switch|p1a: Hippowdon|Hippowdon, L50, M, shiny|52\/100\n|turn|16\n|\n|t:|1681706941\n|move|p2a: Palafin|Drain Punch|p1a: Hippowdon\n|-damage|p1a: Hippowdon|31\/100\n|-heal|p2a: Palafin|96\/100|[from] drain|[of] p1a: Hippowdon\n|move|p2b: Flutter Mane|Shadow Ball|p1b: Palossand\n|-supereffective|p1b: Palossand\n|-damage|p1b: Palossand|16\/100\n|move|p1a: Hippowdon|Yawn|p2b: Flutter Mane\n|-start|p2b: Flutter Mane|move: Yawn|[of] p1a: Hippowdon\n|move|p1b: Palossand|Stockpile|p1b: Palossand\n|-start|p1b: Palossand|stockpile1\n|-boost|p1b: Palossand|def|1\n|-boost|p1b: Palossand|spd|1\n|\n|-weather|none\n|upkeep\n|turn|17\n|\n|t:|1681706963\n|move|p2a: Palafin|Drain Punch|p1a: Hippowdon\n|-damage|p1a: Hippowdon|10\/100\n|-heal|p2a: Palafin|100\/100|[from] drain|[of] p1a: Hippowdon\n|move|p2b: Flutter Mane|Dazzling Gleam|p1a: Hippowdon|[spread] p1a,p1b\n|-damage|p1a: Hippowdon|0 fnt\n|-damage|p1b: Palossand|0 fnt\n|faint|p1a: Hippowdon\n|faint|p1b: Palossand\n|\n|win|WillowYT\n|raw|z0gre's rating: 1130 → 1102<\/strong> (-28 for losing)\n|raw|WillowYT's rating: 1089 → 1119<\/strong> (+30 for winning)\n","uploadtime":1681706978,"views":6,"p1id":"z0gre","p2id":"willowyt","formatid":"gen9vgc2023regulationc","rating":1102,"private":0,"password":""}