{"id":"gen9vgc2023regulationc-1851440777","p1":"ultraold6","p2":"Nawatcrow","format":"[Gen 9] VGC 2023 Regulation C","log":"|j|\u2606ultraold6\n|j|\u2606Nawatcrow\n|t:|1682445346\n|gametype|doubles\n|player|p1|ultraold6|170|1070\n|player|p2|Nawatcrow|blaine|1046\n|teamsize|p1|6\n|teamsize|p2|6\n|gen|9\n|tier|[Gen 9] VGC 2023 Regulation C\n|rated|\n|rule|Species Clause: Limit one of each Pok\u00e9mon\n|rule|Item Clause: Limit one of each item\n|clearpoke\n|poke|p1|Abomasnow, L50, F|\n|poke|p1|Chi-Yu, L50|\n|poke|p1|Annihilape, L50, F|\n|poke|p1|Gyarados, L50, F|\n|poke|p1|Dragapult, L50, F|\n|poke|p1|Iron Bundle, L50|\n|poke|p2|Flutter Mane, L50|\n|poke|p2|Chien-Pao, L50|\n|poke|p2|Arcanine, L50, M|\n|poke|p2|Amoonguss, L50, M|\n|poke|p2|Annihilape, L50, M|\n|poke|p2|Vivillon-Sun, L50, M|\n|teampreview|4\n|\n|t:|1682445400\n|start\n|switch|p1a: Abomasnow|Abomasnow, L50, F|100\/100\n|switch|p1b: Chi-Yu|Chi-Yu, L50|100\/100\n|switch|p2a: Vivillon|Vivillon-Sun, L50, M|100\/100\n|switch|p2b: Flutter Mane|Flutter Mane, L50|100\/100\n|-ability|p1b: Chi-Yu|Beads of Ruin\n|-weather|Snow|[from] ability: Snow Warning|[of] p1a: Abomasnow\n|turn|1\n|\n|t:|1682445429\n|move|p1b: Chi-Yu|Nasty Plot|p1b: Chi-Yu\n|-boost|p1b: Chi-Yu|spa|2\n|move|p2b: Flutter Mane|Dazzling Gleam|p1b: Chi-Yu|[spread] p1a,p1b\n|-damage|p1a: Abomasnow|48\/100\n|-damage|p1b: Chi-Yu|62\/100\n|-damage|p2b: Flutter Mane|91\/100|[from] item: Life Orb\n|move|p2a: Vivillon|Tailwind|p2a: Vivillon\n|-sidestart|p2: Nawatcrow|move: Tailwind\n|move|p1a: Abomasnow|Aurora Veil|p1a: Abomasnow\n|-sidestart|p1: ultraold6|move: Aurora Veil\n|\n|-weather|Snow|[upkeep]\n|upkeep\n|turn|2\n|\n|t:|1682445474\n|move|p1b: Chi-Yu|Protect|p1b: Chi-Yu\n|-singleturn|p1b: Chi-Yu|Protect\n|move|p2b: Flutter Mane|Dazzling Gleam|p1a: Abomasnow|[spread] p1a\n|-activate|p1b: Chi-Yu|move: Protect\n|-damage|p1a: Abomasnow|16\/100\n|-damage|p2b: Flutter Mane|81\/100|[from] item: Life Orb\n|move|p2a: Vivillon|Light Screen|p2a: Vivillon\n|-sidestart|p2: Nawatcrow|move: Light Screen\n|move|p1a: Abomasnow|Blizzard|p2a: Vivillon|[spread] p2a,p2b\n|-supereffective|p2a: Vivillon\n|-damage|p2a: Vivillon|21\/100\n|-damage|p2b: Flutter Mane|61\/100\n|-status|p2a: Vivillon|frz\n|-enditem|p2a: Vivillon|Sitrus Berry|[eat]\n|-heal|p2a: Vivillon|46\/100 frz|[from] item: Sitrus Berry\n|\n|-weather|Snow|[upkeep]\n|upkeep\n|turn|3\n|\n|t:|1682445501\n|switch|p2a: Amoonguss|Amoonguss, L50, M|100\/100\n|switch|p1b: Gyarados|Gyarados, L50, F|100\/100\n|-ability|p1b: Gyarados|Intimidate|boost\n|-unboost|p2a: Amoonguss|atk|1\n|-unboost|p2b: Flutter Mane|atk|1\n|move|p2b: Flutter Mane|Protect|p2b: Flutter Mane\n|-singleturn|p2b: Flutter Mane|Protect\n|move|p1a: Abomasnow|Blizzard|p2b: Flutter Mane|[spread] p2a\n|-activate|p2b: Flutter Mane|move: Protect\n|-supereffective|p2a: Amoonguss\n|-damage|p2a: Amoonguss|62\/100\n|\n|-weather|Snow|[upkeep]\n|-heal|p2a: Amoonguss|68\/100|[from] item: Black Sludge\n|upkeep\n|turn|4\n|\n|t:|1682445540\n|-terastallize|p2b: Flutter Mane|Electric\n|move|p2b: Flutter Mane|Tera Blast|p1b: Gyarados\n|-supereffective|p1b: Gyarados\n|-damage|p1b: Gyarados|0 fnt\n|faint|p1b: Gyarados\n|-damage|p2b: Flutter Mane|51\/100|[from] item: Life Orb\n|move|p2a: Amoonguss|Pollen Puff|p1a: Abomasnow\n|-supereffective|p1a: Abomasnow\n|-damage|p1a: Abomasnow|0 fnt\n|faint|p1a: Abomasnow\n|\n|-weather|Snow|[upkeep]\n|-heal|p2a: Amoonguss|74\/100|[from] item: Black Sludge\n|-sideend|p2: Nawatcrow|move: Tailwind\n|upkeep\n|\n|t:|1682445554\n|switch|p1b: Annihilape|Annihilape, L50, F|100\/100\n|switch|p1a: Chi-Yu|Chi-Yu, L50|62\/100\n|-ability|p1a: Chi-Yu|Beads of Ruin\n|turn|5\n|\n|t:|1682445576\n|-end|p2b: Flutter Mane|Protosynthesis|[silent]\n|switch|p2b: Vivillon|Vivillon-Sun, L50, M|46\/100 frz\n|move|p1a: Chi-Yu|Heat Wave|p2a: Amoonguss|[spread] p2a,p2b\n|-supereffective|p2a: Amoonguss\n|-supereffective|p2b: Vivillon\n|-damage|p2a: Amoonguss|30\/100\n|-damage|p2b: Vivillon|0 fnt\n|faint|p2b: Vivillon\n|-damage|p1a: Chi-Yu|52\/100|[from] item: Life Orb\n|move|p1b: Annihilape|Bulk Up|p1b: Annihilape\n|-boost|p1b: Annihilape|atk|1\n|-boost|p1b: Annihilape|def|1\n|move|p2a: Amoonguss|Spore|p1b: Annihilape\n|-immune|p1b: Annihilape|[from] ability: Vital Spirit\n|\n|-weather|none\n|-heal|p2a: Amoonguss|36\/100|[from] item: Black Sludge\n|-sideend|p1: ultraold6|move: Aurora Veil\n|upkeep\n|\n|t:|1682445599\n|switch|p2b: Annihilape|Annihilape, L50, M|100\/100\n|turn|6\n|\n|t:|1682445616\n|-terastallize|p1a: Chi-Yu|Flying\n|move|p2a: Amoonguss|Rage Powder|p2a: Amoonguss\n|-singleturn|p2a: Amoonguss|move: Rage Powder\n|move|p1a: Chi-Yu|Heat Wave|p2b: Annihilape|[spread] p2a,p2b\n|-supereffective|p2a: Amoonguss\n|-damage|p2a: Amoonguss|0 fnt\n|-damage|p2b: Annihilape|65\/100\n|faint|p2a: Amoonguss\n|-damage|p1a: Chi-Yu|43\/100|[from] item: Life Orb\n|move|p2b: Annihilape|Bulk Up|p2b: Annihilape\n|-boost|p2b: Annihilape|atk|1\n|-boost|p2b: Annihilape|def|1\n|move|p1b: Annihilape|Bulk Up|p1b: Annihilape\n|-boost|p1b: Annihilape|atk|1\n|-boost|p1b: Annihilape|def|1\n|\n|-sideend|p2: Nawatcrow|move: Light Screen\n|upkeep\n|\n|t:|1682445633\n|switch|p2a: Flutter Mane|Flutter Mane, L50, tera:Electric|51\/100\n|turn|7\n|\n|t:|1682445660\n|move|p1a: Chi-Yu|Heat Wave|p2a: Flutter Mane|[spread] p2a\n|-miss|p1a: Chi-Yu|p2b: Annihilape\n|-damage|p2a: Flutter Mane|5\/100\n|-damage|p1a: Chi-Yu|33\/100|[from] item: Life Orb\n|move|p2b: Annihilape|Rage Fist|p1b: Annihilape\n|-supereffective|p1b: Annihilape\n|-damage|p1b: Annihilape|42\/100\n|move|p2a: Flutter Mane|Shadow Ball|p1b: Annihilape\n|-supereffective|p1b: Annihilape\n|-damage|p1b: Annihilape|0 fnt\n|faint|p1b: Annihilape\n|-damage|p2a: Flutter Mane|0 fnt|[from] item: Life Orb\n|faint|p2a: Flutter Mane\n|-end|p2a: Flutter Mane|Protosynthesis|[silent]\n|\n|upkeep\n|turn|8\n|\n|t:|1682445687\n|move|p1a: Chi-Yu|Nasty Plot|p1a: Chi-Yu\n|-boost|p1a: Chi-Yu|spa|2\n|move|p2b: Annihilape|Rage Fist|p1a: Chi-Yu\n|-damage|p1a: Chi-Yu|0 fnt\n|faint|p1a: Chi-Yu\n|\n|win|Nawatcrow\n|raw|ultraold6's rating: 1070 → 1048<\/strong> (-22 for losing)\n|raw|Nawatcrow's rating: 1046 → 1081<\/strong> (+35 for winning)\n|l|\u2606ultraold6\n","uploadtime":1682445699,"views":6,"p1id":"ultraold6","p2id":"nawatcrow","formatid":"gen9vgc2023regulationc","rating":1048,"private":0,"password":""}