{"id":"gen9vgc2023regulationc-1847695197","p1":"gankyburner","p2":"Arven is a nerd","format":"[Gen 9] VGC 2023 Regulation C","log":"|j|\u2606gankyburner\n|j|\u2606Arven is a nerd\n|t:|1681993364\n|gametype|doubles\n|player|p1|gankyburner|266|1330\n|player|p2|Arven is a nerd|galacticgrunt|1307\n|teamsize|p1|6\n|teamsize|p2|6\n|gen|9\n|tier|[Gen 9] VGC 2023 Regulation C\n|rated|\n|rule|Species Clause: Limit one of each Pok\u00e9mon\n|rule|Item Clause: Limit one of each item\n|clearpoke\n|poke|p1|Murkrow, L50, F|\n|poke|p1|Houndstone, L50, F|\n|poke|p1|Chi-Yu, L50|\n|poke|p1|Tyranitar, L50, M|\n|poke|p1|Gastrodon, L50, F|\n|poke|p1|Corviknight, L50, M|\n|poke|p2|Annihilape, L50, M|\n|poke|p2|Maushold, L50|\n|poke|p2|Kingambit, L50, F|\n|poke|p2|Iron Bundle, L50|\n|poke|p2|Flutter Mane, L50|\n|poke|p2|Iron Hands, L50|\n|teampreview|4\n|inactive|Battle timer is ON: inactive players will automatically lose when time's up. (requested by Arven is a nerd)\n|inactive|Arven is a nerd has 60 seconds left.\n|\n|t:|1681993398\n|start\n|switch|p1a: B.H. Sun|Chi-Yu, L50|100\/100\n|switch|p1b: C'mon C'mon|Murkrow, L50, F|100\/100\n|switch|p2a: Maushold|Maushold, L50|100\/100\n|switch|p2b: Annihilape|Annihilape, L50, M|100\/100\n|-ability|p1a: B.H. Sun|Beads of Ruin\n|turn|1\n|\n|t:|1681993410\n|-terastallize|p1a: B.H. Sun|Grass\n|move|p1b: C'mon C'mon|Tailwind|p1b: C'mon C'mon\n|-sidestart|p1: gankyburner|move: Tailwind\n|move|p1a: B.H. Sun|Overheat|p2b: Annihilape\n|-damage|p2b: Annihilape|20\/100\n|-unboost|p1a: B.H. Sun|spa|2\n|-damage|p1a: B.H. Sun|90\/100|[from] item: Life Orb\n|move|p2a: Maushold|Taunt|p1b: C'mon C'mon\n|-start|p1b: C'mon C'mon|move: Taunt\n|move|p2b: Annihilape|Drain Punch|p1a: B.H. Sun\n|-damage|p1a: B.H. Sun|25\/100\n|-heal|p2b: Annihilape|40\/100|[from] drain|[of] p1a: B.H. Sun\n|\n|upkeep\n|turn|2\n|inactive|Arven is a nerd has 30 seconds left.\n|\n|t:|1681993437\n|move|p2a: Maushold|Follow Me|p2a: Maushold\n|-singleturn|p2a: Maushold|move: Follow Me\n|move|p1a: B.H. Sun|Snarl|p2b: Annihilape|[spread] p2a,p2b\n|-damage|p2a: Maushold|75\/100\n|-damage|p2b: Annihilape|28\/100\n|-unboost|p2a: Maushold|spa|1\n|-unboost|p2b: Annihilape|spa|1\n|-ability|p2b: Annihilape|Defiant|boost\n|-boost|p2b: Annihilape|atk|2\n|-damage|p1a: B.H. Sun|15\/100|[from] item: Life Orb\n|move|p1b: C'mon C'mon|Foul Play|p2a: Maushold\n|-damage|p2a: Maushold|45\/100\n|move|p2b: Annihilape|Drain Punch|p1b: C'mon C'mon\n|-damage|p1b: C'mon C'mon|22\/100\n|-heal|p2b: Annihilape|55\/100|[from] drain|[of] p1b: C'mon C'mon\n|\n|upkeep\n|turn|3\n|inactive|gankyburner has 30 seconds left.\n|inactive|Arven is a nerd has 30 seconds left.\n|\n|t:|1681993471\n|switch|p2a: Iron Bundle|Iron Bundle, L50|100\/100\n|-enditem|p2a: Iron Bundle|Booster Energy\n|-activate|p2a: Iron Bundle|ability: Quark Drive|[fromitem]\n|-start|p2a: Iron Bundle|quarkdrivespe\n|move|p2b: Annihilape|Protect|p2b: Annihilape\n|-singleturn|p2b: Annihilape|Protect\n|move|p1a: B.H. Sun|Overheat|p2a: Iron Bundle\n|-damage|p2a: Iron Bundle|0 fnt\n|-unboost|p1a: B.H. Sun|spa|2\n|faint|p2a: Iron Bundle\n|-end|p2a: Iron Bundle|Quark Drive|[silent]\n|-damage|p1a: B.H. Sun|5\/100|[from] item: Life Orb\n|move|p1b: C'mon C'mon|Foul Play|p2b: Annihilape\n|-activate|p2b: Annihilape|move: Protect\n|\n|upkeep\n|\n|t:|1681993484\n|switch|p2a: Maushold|Maushold, L50|45\/100\n|turn|4\n|\n|t:|1681993496\n|move|p2a: Maushold|Follow Me|p2a: Maushold\n|-singleturn|p2a: Maushold|move: Follow Me\n|move|p1a: B.H. Sun|Overheat|p2a: Maushold\n|-crit|p2a: Maushold\n|-damage|p2a: Maushold|0 fnt\n|-unboost|p1a: B.H. Sun|spa|2\n|faint|p2a: Maushold\n|-damage|p1a: B.H. Sun|0 fnt|[from] item: Life Orb\n|faint|p1a: B.H. Sun\n|move|p1b: C'mon C'mon|Foul Play|p2b: Annihilape\n|-damage|p2b: Annihilape|0 fnt\n|faint|p2b: Annihilape\n|\n|-end|p1b: C'mon C'mon|move: Taunt\n|-sideend|p1: gankyburner|move: Tailwind\n|upkeep\n|\n|t:|1681993510\n|switch|p1a: Mr. Jones|Corviknight, L50, M|100\/100\n|switch|p2b: Flutter Mane|Flutter Mane, L50|100\/100\n|turn|5\n|\n|t:|1681993515\n|move|p1b: C'mon C'mon|Tailwind|p1b: C'mon C'mon\n|-sidestart|p1: gankyburner|move: Tailwind\n|move|p1a: Mr. Jones|Iron Head|p2b: Flutter Mane\n|-supereffective|p2b: Flutter Mane\n|-damage|p2b: Flutter Mane|0 fnt\n|faint|p2b: Flutter Mane\n|-end|p2b: Flutter Mane|Protosynthesis|[silent]\n|\n|win|gankyburner\n|raw|gankyburner's rating: 1330 → 1349<\/strong> (+19 for winning)\n|raw|Arven is a nerd's rating: 1307 → 1288<\/strong> (-19 for losing)\n","uploadtime":1681993522,"views":6,"p1id":"gankyburner","p2id":"arvenisanerd","formatid":"gen9vgc2023regulationc","rating":1288,"private":0,"password":""}