{"id":"gen9vgc2023regulationc-1864316351","p1":"wolpio","p2":"ckierico","format":"[Gen 9] VGC 2023 Regulation C","log":"|j|\u2606wolpio\n|j|\u2606ckierico\n|t:|1684154388\n|gametype|doubles\n|player|p1|wolpio|2|1245\n|player|p2|ckierico|ninjaboy|1292\n|teamsize|p1|6\n|teamsize|p2|6\n|gen|9\n|tier|[Gen 9] VGC 2023 Regulation C\n|rated|\n|rule|Species Clause: Limit one of each Pok\u00e9mon\n|rule|Item Clause: Limit one of each item\n|clearpoke\n|poke|p1|Barraskewda, L50, F|\n|poke|p1|Pelipper, L50, F|\n|poke|p1|Ting-Lu, L50|\n|poke|p1|Amoonguss, L50, M|\n|poke|p1|Iron Hands, L50|\n|poke|p1|Flutter Mane, L50|\n|poke|p2|Lycanroc-Dusk, L50, F|\n|poke|p2|Chien-Pao, L50|\n|poke|p2|Palafin, L50, F|\n|poke|p2|Kingambit, L50, M|\n|poke|p2|Amoonguss, L50, M|\n|poke|p2|Flutter Mane, L50|\n|teampreview|4\n|inactive|Battle timer is ON: inactive players will automatically lose when time's up. (requested by ckierico)\nckierico has agreed to open team sheets.\nwolpio has agreed to open team sheets.\n|inactive|wolpio has 60 seconds left.\n|inactive|ckierico has 60 seconds left.\n|inactive|wolpio has 30 seconds left.\n|inactive|wolpio has 20 seconds left.\n|inactive|wolpio has 15 seconds left.\n|\n|t:|1684154465\n|start\n|switch|p1a: Iron Hands|Iron Hands, L50|100\/100\n|switch|p1b: Ting-Lu|Ting-Lu, L50|100\/100\n|switch|p2a: Palafin|Palafin, L50, F|100\/100\n|switch|p2b: Chien-Pao|Chien-Pao, L50|100\/100\n|-ability|p2b: Chien-Pao|Sword of Ruin\n|-ability|p1b: Ting-Lu|Vessel of Ruin\n|turn|1\n|inactive|wolpio has 30 seconds left.\n|inactive|wolpio has 20 seconds left.\n|\n|t:|1684154504\n|detailschange|p2a: Palafin|Palafin-Hero, L50, F\n|switch|p2a: Amoonguss|Amoonguss, L50, M|100\/100\n|-terastallize|p1b: Ting-Lu|Poison\n|move|p1a: Iron Hands|Fake Out|p2a: Amoonguss\n|-damage|p2a: Amoonguss|81\/100\n|move|p2b: Chien-Pao|Ice Spinner|p1b: Ting-Lu\n|-damage|p1b: Ting-Lu|69\/100\n|move|p1b: Ting-Lu|Heavy Slam|p2b: Chien-Pao\n|-supereffective|p2b: Chien-Pao\n|-damage|p2b: Chien-Pao|9\/100\n|\n|upkeep\n|turn|2\n|inactive|wolpio has 30 seconds left.\n|inactive|ckierico has 30 seconds left.\n|inactive|wolpio has 20 seconds left.\n|inactive|wolpio has 15 seconds left.\n|inactive|wolpio has 10 seconds left.\n|\n|t:|1684154550\n|switch|p2b: Palafin|Palafin-Hero, L50, F|100\/100\n|-activate|p2b: Palafin|ability: Zero to Hero\n|-end|p1a: Iron Hands|Quark Drive|[silent]\n|switch|p1a: Pelipper|Pelipper, L50, F|100\/100\n|-weather|RainDance|[from] ability: Drizzle|[of] p1a: Pelipper\n|move|p1b: Ting-Lu|Earthquake|p2a: Amoonguss|[spread] p2a,p2b\n|-immune|p1a: Pelipper\n|-damage|p2a: Amoonguss|50\/100\n|-damage|p2b: Palafin|67\/100\n|-enditem|p2a: Amoonguss|Sitrus Berry|[eat]\n|-heal|p2a: Amoonguss|75\/100|[from] item: Sitrus Berry\n|move|p2a: Amoonguss|Spore|p1a: Pelipper\n|-status|p1a: Pelipper|slp|[from] move: Spore\n|\n|-weather|RainDance|[upkeep]\n|upkeep\n|turn|3\n|inactive|wolpio has 30 seconds left.\n|\n|t:|1684154583\n|-terastallize|p2b: Palafin|Water\n|move|p2b: Palafin|Wave Crash|p1b: Ting-Lu\n|-damage|p1b: Ting-Lu|0 fnt\n|faint|p1b: Ting-Lu\n|-damage|p2b: Palafin|41\/100|[from] Recoil\n|cant|p1a: Pelipper|slp\n|move|p2a: Amoonguss|Pollen Puff|p2b: Palafin\n|-heal|p2b: Palafin|91\/100\n|\n|-weather|RainDance|[upkeep]\n|upkeep\n|\n|t:|1684154596\n|switch|p1b: Iron Hands|Iron Hands, L50|100\/100\n|turn|4\n|\n|t:|1684154615\n|move|p2b: Palafin|Protect|p2b: Palafin\n|-singleturn|p2b: Palafin|Protect\n|move|p1b: Iron Hands|Fake Out|p2b: Palafin\n|-activate|p2b: Palafin|move: Protect\n|cant|p1a: Pelipper|slp\n|move|p2a: Amoonguss|Spore|p1b: Iron Hands\n|-status|p1b: Iron Hands|slp|[from] move: Spore\n|\n|-weather|RainDance|[upkeep]\n|upkeep\n|turn|5\n|\n|t:|1684154630\n|switch|p2a: Chien-Pao|Chien-Pao, L50|9\/100\n|-ability|p2a: Chien-Pao|Sword of Ruin\n|move|p2b: Palafin|Wave Crash|p1b: Iron Hands\n|-damage|p1b: Iron Hands|0 fnt\n|faint|p1b: Iron Hands\n|-end|p1b: Iron Hands|Quark Drive|[silent]\n|-damage|p2b: Palafin|49\/100|[from] Recoil\n|cant|p1a: Pelipper|slp\n|\n|-weather|RainDance|[upkeep]\n|upkeep\n|\n|t:|1684154641\n|switch|p1b: Barraskewda|Barraskewda, L50, F|100\/100\n|turn|6\n|\n|t:|1684154653\n|move|p1b: Barraskewda|Protect|p1b: Barraskewda\n|-singleturn|p1b: Barraskewda|Protect\n|move|p2a: Chien-Pao|Sucker Punch||[still]\n|-fail|p2a: Chien-Pao\n|move|p2b: Palafin|Jet Punch|p1b: Barraskewda\n|-activate|p1b: Barraskewda|move: Protect\n|-curestatus|p1a: Pelipper|slp|[msg]\n|move|p1a: Pelipper|Hurricane|p2a: Chien-Pao\n|-damage|p2a: Chien-Pao|0 fnt\n|faint|p2a: Chien-Pao\n|\n|-weather|none\n|upkeep\n|\n|t:|1684154659\n|switch|p2a: Amoonguss|Amoonguss, L50, M|100\/100\n|turn|7\n|\n|t:|1684154677\n|move|p1b: Barraskewda|Tera Blast|p2a: Amoonguss\n|-damage|p2a: Amoonguss|88\/100\n|-damage|p1b: Barraskewda|91\/100|[from] item: Life Orb\n|move|p2b: Palafin|Wave Crash|p1b: Barraskewda\n|-resisted|p1b: Barraskewda\n|-damage|p1b: Barraskewda|0 fnt\n|faint|p1b: Barraskewda\n|-damage|p2b: Palafin|29\/100|[from] Recoil\n|move|p1a: Pelipper|Hurricane|p2a: Amoonguss\n|-supereffective|p2a: Amoonguss\n|-damage|p2a: Amoonguss|19\/100\n|-start|p2a: Amoonguss|confusion\n|-activate|p2a: Amoonguss|confusion\n|-damage|p2a: Amoonguss|13\/100|[from] confusion\n|\n|upkeep\n|turn|8\n|-message|wolpio forfeited.\n|\n|win|ckierico\n|raw|wolpio's rating: 1245 → 1223<\/strong> (-22 for losing)\n|raw|ckierico's rating: 1292 → 1314<\/strong> (+22 for winning)\n|l|\u2606wolpio\n","uploadtime":1684154723,"views":7,"p1id":"wolpio","p2id":"ckierico","formatid":"gen9vgc2023regulationc","rating":1223,"private":0,"password":""}