{"id":"gen9vgc2023regulationc-1862607999","p1":"inikka","p2":"sotero23","format":"[Gen 9] VGC 2023 Regulation C","log":"|j|\u2606inikka\n|j|\u2606sotero23\n|t:|1683905156\n|gametype|doubles\n|player|p1|inikka|pokemaniac|1446\n|player|p2|sotero23|veteran|1397\n|teamsize|p1|6\n|teamsize|p2|6\n|gen|9\n|tier|[Gen 9] VGC 2023 Regulation C\n|rated|\n|rule|Species Clause: Limit one of each Pok\u00e9mon\n|rule|Item Clause: Limit one of each item\n|clearpoke\n|poke|p1|Baxcalibur, L50, M|\n|poke|p1|Corviknight, L50, F|\n|poke|p1|Gholdengo, L50|\n|poke|p1|Great Tusk, L50|\n|poke|p1|Iron Jugulis, L50|\n|poke|p1|Rotom-Wash, L50|\n|poke|p2|Gyarados, L50, F|\n|poke|p2|Murkrow, L50, F|\n|poke|p2|Great Tusk, L50|\n|poke|p2|Flutter Mane, L50|\n|poke|p2|Chi-Yu, L50|\n|poke|p2|Gholdengo, L50|\n|teampreview|4\n|\n|t:|1683905192\n|start\n|switch|p1a: Iron Jugulis|Iron Jugulis, L50|100\/100\n|switch|p1b: Baxcalibur|Baxcalibur, L50, M|100\/100\n|switch|p2a: Murkrow|Murkrow, L50, F|100\/100\n|switch|p2b: Chi-Yu|Chi-Yu, L50|100\/100\n|-ability|p2b: Chi-Yu|Beads of Ruin\n|-enditem|p1a: Iron Jugulis|Booster Energy\n|-activate|p1a: Iron Jugulis|ability: Quark Drive|[fromitem]\n|-start|p1a: Iron Jugulis|quarkdrivespe\n|turn|1\n|\n|t:|1683905222\n|move|p2a: Murkrow|Tailwind|p2a: Murkrow\n|-sidestart|p2: sotero23|move: Tailwind\n|move|p2b: Chi-Yu|Dark Pulse|p1b: Baxcalibur\n|-damage|p1b: Baxcalibur|63\/100\n|move|p1a: Iron Jugulis|Tailwind|p1a: Iron Jugulis\n|-sidestart|p1: inikka|move: Tailwind\n|move|p1b: Baxcalibur|Earthquake|p2b: Chi-Yu|[spread] p2b\n|-immune|p1a: Iron Jugulis\n|-immune|p2a: Murkrow\n|-supereffective|p2b: Chi-Yu\n|-damage|p2b: Chi-Yu|6\/100\n|\n|upkeep\n|turn|2\n|\n|t:|1683905250\n|move|p2b: Chi-Yu|Protect|p2b: Chi-Yu\n|-singleturn|p2b: Chi-Yu|Protect\n|move|p1b: Baxcalibur|Ice Shard|p2b: Chi-Yu\n|-activate|p2b: Chi-Yu|move: Protect\n|move|p1a: Iron Jugulis|Flamethrower|p2a: Murkrow\n|-damage|p2a: Murkrow|77\/100\n|move|p2a: Murkrow|Foul Play|p1b: Baxcalibur\n|-damage|p1b: Baxcalibur|10\/100\n|\n|upkeep\n|turn|3\n|\n|t:|1683905274\n|-end|p1a: Iron Jugulis|Quark Drive|[silent]\n|switch|p1a: Corviknight|Corviknight, L50, F|100\/100\n|switch|p2b: Gyarados|Gyarados, L50, F|100\/100\n|-ability|p2b: Gyarados|Intimidate|boost\n|-ability|p1a: Corviknight|Mirror Armor\n|-unboost|p2b: Gyarados|atk|1\n|-unboost|p1b: Baxcalibur|atk|1\n|move|p1b: Baxcalibur|Ice Shard|p2b: Gyarados\n|-damage|p2b: Gyarados|85\/100\n|move|p2a: Murkrow|Foul Play|p1b: Baxcalibur\n|-damage|p1b: Baxcalibur|0 fnt\n|faint|p1b: Baxcalibur\n|\n|upkeep\n|j| SemelHeres\n|\n|t:|1683905299\n|switch|p1b: Great Tusk|Great Tusk, L50|100\/100\n|turn|4\n|\n|t:|1683905310\n|move|p1b: Great Tusk|Rock Slide|p2b: Gyarados|[spread] p2b\n|-miss|p1b: Great Tusk|p2a: Murkrow\n|-supereffective|p2b: Gyarados\n|-damage|p2b: Gyarados|47\/100\n|-enditem|p2b: Gyarados|Sitrus Berry|[eat]\n|-heal|p2b: Gyarados|72\/100|[from] item: Sitrus Berry\n|move|p2b: Gyarados|Thunder Wave|p1a: Corviknight\n|-status|p1a: Corviknight|par\n|-enditem|p1a: Corviknight|Lum Berry|[eat]\n|-curestatus|p1a: Corviknight|par|[msg]\n|move|p2a: Murkrow|Foul Play|p1b: Great Tusk\n|-resisted|p1b: Great Tusk\n|-damage|p1b: Great Tusk|84\/100\n|move|p1a: Corviknight|Bulk Up|p1a: Corviknight\n|-boost|p1a: Corviknight|atk|1\n|-boost|p1a: Corviknight|def|1\n|\n|-sideend|p2: sotero23|move: Tailwind\n|-sideend|p1: inikka|move: Tailwind\n|upkeep\n|turn|5\n|\n|t:|1683905338\n|move|p2a: Murkrow|Haze|p2a: Murkrow\n|-clearallboost\n|move|p1b: Great Tusk|Rock Slide|p2a: Murkrow|[spread] p2a,p2b\n|-supereffective|p2a: Murkrow\n|-supereffective|p2b: Gyarados\n|-damage|p2a: Murkrow|32\/100\n|-damage|p2b: Gyarados|34\/100\n|cant|p2b: Gyarados|flinch\n|move|p1a: Corviknight|Brave Bird|p2b: Gyarados\n|-damage|p2b: Gyarados|0 fnt\n|faint|p2b: Gyarados\n|-damage|p1a: Corviknight|89\/100|[from] Recoil\n|\n|upkeep\n|\n|t:|1683905351\n|switch|p2b: Chi-Yu|Chi-Yu, L50|6\/100\n|-ability|p2b: Chi-Yu|Beads of Ruin\n|turn|6\n|\n|t:|1683905361\n|move|p2a: Murkrow|Tailwind|p2a: Murkrow\n|-sidestart|p2: sotero23|move: Tailwind\n|move|p2b: Chi-Yu|Heat Wave|p1b: Great Tusk|[spread] p1a,p1b\n|-supereffective|p1a: Corviknight\n|-damage|p1a: Corviknight|0 fnt\n|-damage|p1b: Great Tusk|3\/100\n|faint|p1a: Corviknight\n|move|p1b: Great Tusk|Rock Slide|p2a: Murkrow|[spread] p2b\n|-miss|p1b: Great Tusk|p2a: Murkrow\n|-supereffective|p2b: Chi-Yu\n|-damage|p2b: Chi-Yu|0 fnt\n|faint|p2b: Chi-Yu\n|\n|upkeep\n|\n|t:|1683905372\n|switch|p2b: Flutter Mane|Flutter Mane, L50|100\/100\n|switch|p1a: Iron Jugulis|Iron Jugulis, L50|100\/100\n|turn|7\n|\n|t:|1683905379\n|-terastallize|p2b: Flutter Mane|Fairy\n|move|p2a: Murkrow|Sunny Day|p2a: Murkrow\n|-weather|SunnyDay\n|-activate|p2b: Flutter Mane|ability: Protosynthesis\n|-start|p2b: Flutter Mane|protosynthesisspa\n|-activate|p1b: Great Tusk|ability: Protosynthesis\n|-start|p1b: Great Tusk|protosynthesisatk\n|move|p2b: Flutter Mane|Dazzling Gleam|p1a: Iron Jugulis|[spread] p1a,p1b\n|-supereffective|p1a: Iron Jugulis\n|-supereffective|p1b: Great Tusk\n|-damage|p1a: Iron Jugulis|0 fnt\n|-damage|p1b: Great Tusk|0 fnt\n|faint|p1a: Iron Jugulis\n|-end|p1a: Iron Jugulis|Quark Drive|[silent]\n|faint|p1b: Great Tusk\n|-end|p1b: Great Tusk|Protosynthesis|[silent]\n|\n|win|sotero23\n|raw|inikka's rating: 1446 → 1423<\/strong> (-23 for losing)\n|raw|sotero23's rating: 1397 → 1420<\/strong> (+23 for winning)\n|c|\u2606sotero23|gg\n|c|\u2606inikka|gg\n","uploadtime":1683905427,"views":15,"p1id":"inikka","p2id":"sotero23","formatid":"gen9vgc2023regulationc","rating":1420,"private":0,"password":""}