{"id":"gen9vgc2023regulationc-1863258607","p1":"ClessCL","p2":"Arcacagne","format":"[Gen 9] VGC 2023 Regulation C","log":"|j|\u2606ClessCL\n|j|\u2606Arcacagne\n|t:|1683994688\n|gametype|doubles\n|player|p1|ClessCL|lance|1399\n|player|p2|Arcacagne|169|1344\n|teamsize|p1|6\n|teamsize|p2|6\n|gen|9\n|tier|[Gen 9] VGC 2023 Regulation C\n|rated|\n|rule|Species Clause: Limit one of each Pok\u00e9mon\n|rule|Item Clause: Limit one of each item\n|clearpoke\n|poke|p1|Gyarados, L50, M|\n|poke|p1|Tinkaton, L50, F|\n|poke|p1|Iron Bundle, L50|\n|poke|p1|Mudsdale, L50, F|\n|poke|p1|Iron Moth, L50|\n|poke|p1|Wo-Chien, L50|\n|poke|p2|Chi-Yu, L50|\n|poke|p2|Flutter Mane, L50|\n|poke|p2|Amoonguss, L50, M|\n|poke|p2|Ting-Lu, L50|\n|poke|p2|Iron Hands, L50|\n|poke|p2|Gyarados, L50, F|\n|teampreview|4\n|inactive|Battle timer is ON: inactive players will automatically lose when time's up. (requested by ClessCL)\n|inactive|Arcacagne has 60 seconds left.\n|inactive|ClessCL has 60 seconds left.\n|\n|t:|1683994745\n|start\n|switch|p1a: Tinkaton|Tinkaton, L50, F|100\/100\n|switch|p1b: Iron Moth|Iron Moth, L50|100\/100\n|switch|p2a: Ting-Lu|Ting-Lu, L50|100\/100\n|switch|p2b: Iron Hands|Iron Hands, L50|100\/100\n|-ability|p1a: Tinkaton|Mold Breaker\n|-ability|p2a: Ting-Lu|Vessel of Ruin\n|turn|1\n|\n|t:|1683994762\n|-end|p2b: Iron Hands|Quark Drive|[silent]\n|switch|p2b: Gyarados|Gyarados, L50, F|100\/100\n|-ability|p2b: Gyarados|Intimidate|boost\n|-unboost|p1a: Tinkaton|atk|1\n|-unboost|p1b: Iron Moth|atk|1\n|-terastallize|p2a: Ting-Lu|Poison\n|move|p1b: Iron Moth|Protect|p1b: Iron Moth\n|-singleturn|p1b: Iron Moth|Protect\n|move|p1a: Tinkaton|Fake Out|p2a: Ting-Lu\n|-damage|p2a: Ting-Lu|97\/100\n|cant|p2a: Ting-Lu|flinch\n|\n|upkeep\n|turn|2\n|inactive|ClessCL has 30 seconds left.\n|inactive|Arcacagne has 30 seconds left.\n|inactive|ClessCL has 20 seconds left.\n|inactive|ClessCL has 15 seconds left.\n|inactive|ClessCL has 10 seconds left.\n|inactive|ClessCL has 5 seconds left.\n|\n|t:|1683994813\n|-end|p1b: Iron Moth|Quark Drive|[silent]\n|switch|p1b: Gyarados|Gyarados, L50, M|100\/100\n|-ability|p1b: Gyarados|Intimidate|boost\n|-unboost|p2a: Ting-Lu|atk|1\n|-unboost|p2b: Gyarados|atk|1\n|switch|p1a: Iron Bundle|Iron Bundle, L50|100\/100\n|-enditem|p1a: Iron Bundle|Booster Energy\n|-activate|p1a: Iron Bundle|ability: Quark Drive|[fromitem]\n|-start|p1a: Iron Bundle|quarkdrivespe\n|move|p2b: Gyarados|Thunder Wave|p1b: Gyarados\n|-status|p1b: Gyarados|par\n|-enditem|p1b: Gyarados|Lum Berry|[eat]\n|-curestatus|p1b: Gyarados|par|[msg]\n|move|p2a: Ting-Lu|Earthquake|p1b: Gyarados|[spread] p1a\n|-immune|p2b: Gyarados\n|-immune|p1b: Gyarados\n|-damage|p1a: Iron Bundle|66\/100\n|\n|upkeep\n|turn|3\n|inactive|Arcacagne has 30 seconds left.\n|\n|t:|1683994839\n|switch|p2a: Iron Hands|Iron Hands, L50|100\/100\n|move|p1a: Iron Bundle|Freeze-Dry|p2b: Gyarados\n|-supereffective|p2b: Gyarados\n|-damage|p2b: Gyarados|0 fnt\n|faint|p2b: Gyarados\n|move|p1b: Gyarados|Thunder Wave|p2a: Iron Hands\n|-immune|p2a: Iron Hands\n|\n|upkeep\n|\n|t:|1683994851\n|switch|p2b: Ting-Lu|Ting-Lu, L50, tera:Poison|97\/100\n|-ability|p2b: Ting-Lu|Vessel of Ruin\n|turn|4\n|\n|t:|1683994867\n|move|p1a: Iron Bundle|Protect|p1a: Iron Bundle\n|-singleturn|p1a: Iron Bundle|Protect\n|move|p1b: Gyarados|Protect|p1b: Gyarados\n|-singleturn|p1b: Gyarados|Protect\n|move|p2a: Iron Hands|Fake Out|p1b: Gyarados\n|-activate|p1b: Gyarados|move: Protect\n|move|p2b: Ting-Lu|Heavy Slam|p1a: Iron Bundle\n|-activate|p1a: Iron Bundle|move: Protect\n|\n|upkeep\n|turn|5\n|inactive|ClessCL has 30 seconds left.\n|\n|t:|1683994893\n|switch|p1b: Tinkaton|Tinkaton, L50, F|100\/100\n|-ability|p1b: Tinkaton|Mold Breaker\n|move|p1a: Iron Bundle|Hydro Pump|p2b: Ting-Lu\n|-damage|p2b: Ting-Lu|68\/100\n|move|p2b: Ting-Lu|Heavy Slam|p1a: Iron Bundle\n|-damage|p1a: Iron Bundle|12\/100\n|move|p2a: Iron Hands|Swords Dance|p2a: Iron Hands\n|-boost|p2a: Iron Hands|atk|2\n|\n|upkeep\n|turn|6\n|\n|t:|1683994913\n|-end|p1a: Iron Bundle|Quark Drive|[silent]\n|switch|p1a: Gyarados|Gyarados, L50, M|100\/100\n|-ability|p1a: Gyarados|Intimidate|boost\n|-unboost|p2a: Iron Hands|atk|1\n|-unboost|p2b: Ting-Lu|atk|1\n|move|p1b: Tinkaton|Encore|p2a: Iron Hands\n|-start|p2a: Iron Hands|Encore\n|move|p2b: Ting-Lu|Heavy Slam|p1a: Gyarados\n|-resisted|p1a: Gyarados\n|-damage|p1a: Gyarados|90\/100\n|move|p2a: Iron Hands|Swords Dance|p2a: Iron Hands\n|-boost|p2a: Iron Hands|atk|2\n|\n|upkeep\n|turn|7\n|inactive|ClessCL has 30 seconds left.\n|\n|t:|1683994939\n|move|p1b: Tinkaton|Encore|p2b: Ting-Lu\n|-start|p2b: Ting-Lu|Encore\n|move|p1a: Gyarados|Thunder Wave|p2b: Ting-Lu\n|-status|p2b: Ting-Lu|par\n|move|p2a: Iron Hands|Swords Dance|p2a: Iron Hands\n|-boost|p2a: Iron Hands|atk|2\n|move|p2b: Ting-Lu|Heavy Slam|p1b: Tinkaton\n|-damage|p1b: Tinkaton|58\/100\n|\n|upkeep\n|turn|8\n|\n|t:|1683994957\n|move|p1b: Tinkaton|Gigaton Hammer|p2b: Ting-Lu\n|-damage|p2b: Ting-Lu|38\/100 par\n|move|p1a: Gyarados|Iron Head|p2b: Ting-Lu\n|-damage|p2b: Ting-Lu|23\/100 par\n|move|p2a: Iron Hands|Swords Dance|p2a: Iron Hands\n|-boost|p2a: Iron Hands|atk|1\n|move|p2b: Ting-Lu|Heavy Slam|p1b: Tinkaton\n|-damage|p1b: Tinkaton|18\/100\n|\n|-end|p2a: Iron Hands|Encore\n|upkeep\n|turn|9\n|\n|t:|1683994974\n|-terastallize|p1b: Tinkaton|Water\n|move|p1b: Tinkaton|Encore|p2a: Iron Hands\n|-start|p2a: Iron Hands|Encore\n|move|p1a: Gyarados|Iron Head|p2b: Ting-Lu\n|-damage|p2b: Ting-Lu|8\/100 par\n|move|p2a: Iron Hands|Swords Dance|p2a: Iron Hands\n|-boost|p2a: Iron Hands|atk|0\n|move|p2b: Ting-Lu|Heavy Slam|p1b: Tinkaton\n|-resisted|p1b: Tinkaton\n|-damage|p1b: Tinkaton|0 fnt\n|faint|p1b: Tinkaton\n|\n|-end|p2b: Ting-Lu|Encore\n|upkeep\n|\n|t:|1683994988\n|switch|p1b: Iron Moth|Iron Moth, L50|100\/100\n|turn|10\n|\n|t:|1683994997\n|move|p1b: Iron Moth|Heat Wave|p2a: Iron Hands|[spread] p2a,p2b\n|-damage|p2a: Iron Hands|76\/100\n|-damage|p2b: Ting-Lu|0 fnt\n|faint|p2b: Ting-Lu\n|-damage|p1b: Iron Moth|91\/100|[from] item: Life Orb\n|move|p1a: Gyarados|Waterfall|p2a: Iron Hands\n|-damage|p2a: Iron Hands|50\/100\n|move|p2a: Iron Hands|Swords Dance|p2a: Iron Hands\n|-boost|p2a: Iron Hands|atk|0\n|\n|upkeep\n|\n|t:|1683995007\n|switch|p2b: Flutter Mane|Flutter Mane, L50|100\/100\n|-enditem|p2b: Flutter Mane|Booster Energy\n|-activate|p2b: Flutter Mane|ability: Protosynthesis|[fromitem]\n|-start|p2b: Flutter Mane|protosynthesisspe\n|turn|11\n|\n|t:|1683995016\n|move|p2b: Flutter Mane|Shadow Ball|p1b: Iron Moth\n|-damage|p1b: Iron Moth|51\/100\n|-unboost|p1b: Iron Moth|spd|1\n|move|p1b: Iron Moth|Heat Wave|p2a: Iron Hands|[spread] p2b\n|-miss|p1b: Iron Moth|p2a: Iron Hands\n|-damage|p2b: Flutter Mane|53\/100\n|-damage|p1b: Iron Moth|41\/100|[from] item: Life Orb\n|move|p1a: Gyarados|Thunder Wave|p2b: Flutter Mane\n|-status|p2b: Flutter Mane|par\n|move|p2a: Iron Hands|Swords Dance|p2a: Iron Hands\n|-boost|p2a: Iron Hands|atk|0\n|\n|-end|p2a: Iron Hands|Encore\n|upkeep\n|turn|12\n|\n|t:|1683995036\n|move|p1b: Iron Moth|Heat Wave|p2b: Flutter Mane|[spread] p2a,p2b\n|-damage|p2a: Iron Hands|16\/100\n|-damage|p2b: Flutter Mane|5\/100 par\n|-damage|p1b: Iron Moth|32\/100|[from] item: Life Orb\n|move|p2b: Flutter Mane|Shadow Ball|p1b: Iron Moth\n|-crit|p1b: Iron Moth\n|-damage|p1b: Iron Moth|0 fnt\n|faint|p1b: Iron Moth\n|-end|p1b: Iron Moth|Quark Drive|[silent]\n|move|p1a: Gyarados|Waterfall|p2a: Iron Hands\n|-damage|p2a: Iron Hands|0 fnt\n|faint|p2a: Iron Hands\n|-end|p2a: Iron Hands|Quark Drive|[silent]\n|\n|upkeep\n|\n|t:|1683995047\n|switch|p1b: Iron Bundle|Iron Bundle, L50|12\/100\n|turn|13\n|\n|t:|1683995052\n|move|p1b: Iron Bundle|Freeze-Dry|p2b: Flutter Mane\n|-damage|p2b: Flutter Mane|0 fnt\n|faint|p2b: Flutter Mane\n|-end|p2b: Flutter Mane|Protosynthesis|[silent]\n|\n|win|ClessCL\n|raw|ClessCL's rating: 1399 → 1416<\/strong> (+17 for winning)\n|raw|Arcacagne's rating: 1344 → 1327<\/strong> (-17 for losing)\n","uploadtime":1683995057,"views":7,"p1id":"clesscl","p2id":"arcacagne","formatid":"gen9vgc2023regulationc","rating":1327,"private":0,"password":""}