{"id":"gen9vgc2023regulationc-1863860439","p1":"vasuvasuvasu","p2":"Laurentiius","format":"[Gen 9] VGC 2023 Regulation C","log":"|j|\u2606vasuvasuvasu\n|j|\u2606Laurentiius\n|t:|1684086474\n|gametype|doubles\n|player|p1|vasuvasuvasu|101|\n|player|p2|Laurentiius|101|\n|teamsize|p1|6\n|teamsize|p2|6\n|gen|9\n|tier|[Gen 9] VGC 2023 Regulation C\n|rule|Species Clause: Limit one of each Pok\u00e9mon\n|rule|Item Clause: Limit one of each item\n|clearpoke\n|poke|p1|Meowscarada, L50, F|\n|poke|p1|Iron Bundle, L50|\n|poke|p1|Annihilape, L50, F|\n|poke|p1|Roaring Moon, L50|\n|poke|p1|Gholdengo, L50|\n|poke|p1|Gothorita, L50, F|\n|poke|p2|Kingambit, L50, M|\n|poke|p2|Dragonite, L50, M|\n|poke|p2|Dondozo, L50, M|\n|poke|p2|Tatsugiri, L50, M|\n|poke|p2|Pelipper, L50, F|\n|poke|p2|Palafin, L50, M|\n|teampreview|4\nLaurentiius has agreed to open team sheets.\nvasuvasuvasu has agreed to open team sheets.\n|\n|t:|1684086622\n|start\n|switch|p1a: Terminator|Iron Bundle, L50|100\/100\n|switch|p1b: Lolita|Gothorita, L50, F|100\/100\n|switch|p2a: Kingambit|Kingambit, L50, M|100\/100\n|switch|p2b: Dragonite|Dragonite, L50, M|100\/100\n|-enditem|p1a: Terminator|Booster Energy\n|-activate|p1a: Terminator|ability: Quark Drive|[fromitem]\n|-start|p1a: Terminator|quarkdrivespa\n|turn|1\n|\n|t:|1684086705\n|-terastallize|p2b: Dragonite|Flying\n|move|p1b: Lolita|Fake Out|p2a: Kingambit\n|-resisted|p2a: Kingambit\n|-damage|p2a: Kingambit|99\/100\n|move|p1a: Terminator|Freeze-Dry|p2b: Dragonite\n|-supereffective|p2b: Dragonite\n|-damage|p2b: Dragonite|46\/100\n|move|p2b: Dragonite|Tera Blast|p1a: Terminator\n|-damage|p1a: Terminator|3\/100\n|cant|p2a: Kingambit|flinch\n|\n|upkeep\n|turn|2\n|\n|t:|1684086767\n|move|p1a: Terminator|Encore|p2b: Dragonite\n|-start|p2b: Dragonite|Encore\n|move|p2b: Dragonite|Tera Blast|p1a: Terminator\n|-damage|p1a: Terminator|0 fnt\n|faint|p1a: Terminator\n|-end|p1a: Terminator|Quark Drive|[silent]\n|move|p1b: Lolita|Heal Pulse|p1: Terminator|[notarget]\n|-fail|p1b: Lolita\n|move|p2a: Kingambit|Kowtow Cleave|p1b: Lolita\n|-supereffective|p1b: Lolita\n|-damage|p1b: Lolita|12\/100\n|\n|upkeep\n|\n|t:|1684086781\n|switch|p1a: Gelato|Gholdengo, L50|100\/100\n|turn|3\n|\n|t:|1684086830\n|-terastallize|p1a: Gelato|Electric\n|move|p2a: Kingambit|Sucker Punch|p1a: Gelato\n|-damage|p1a: Gelato|59\/100\n|move|p2b: Dragonite|Tera Blast|p1b: Lolita\n|-damage|p1b: Lolita|0 fnt\n|faint|p1b: Lolita\n|move|p1a: Gelato|Thunderbolt|p2b: Dragonite\n|-supereffective|p2b: Dragonite\n|-crit|p2b: Dragonite\n|-damage|p2b: Dragonite|0 fnt\n|faint|p2b: Dragonite\n|\n|upkeep\n|\n|t:|1684086842\n|switch|p2b: Palafin|Palafin, L50, M|100\/100\n|switch|p1b: Catsune Miku|Meowscarada, L50, F|100\/100\n|turn|4\n|\n|t:|1684086926\n|move|p2b: Palafin|Protect|p2b: Palafin\n|-singleturn|p2b: Palafin|Protect\n|move|p1b: Catsune Miku|Brick Break|p2a: Kingambit\n|-supereffective|p2a: Kingambit\n|-damage|p2a: Kingambit|28\/100\n|move|p1a: Gelato|Thunderbolt|p2b: Palafin\n|-activate|p2b: Palafin|move: Protect\n|move|p2a: Kingambit|Iron Head|p1a: Gelato\n|-resisted|p1a: Gelato\n|-damage|p1a: Gelato|35\/100\n|\n|upkeep\n|turn|5\n|\n|t:|1684087070\n|switch|p2a: Pelipper|Pelipper, L50, F|100\/100\n|-weather|RainDance|[from] ability: Drizzle|[of] p2a: Pelipper\n|move|p2b: Palafin|Jet Punch|p1a: Gelato\n|-damage|p1a: Gelato|0 fnt\n|faint|p1a: Gelato\n|move|p1b: Catsune Miku|Flower Trick|p2b: Palafin\n|-supereffective|p2b: Palafin\n|-crit|p2b: Palafin\n|-damage|p2b: Palafin|0 fnt\n|faint|p2b: Palafin\n|\n|-weather|RainDance|[upkeep]\n|upkeep\n|\n|t:|1684087081\n|switch|p2b: Kingambit|Kingambit, L50, M|28\/100\n|turn|6\n|\n|t:|1684087130\n|move|p2a: Pelipper|Protect|p2a: Pelipper\n|-singleturn|p2a: Pelipper|Protect\n|move|p1b: Catsune Miku|Brick Break|p2b: Kingambit\n|-supereffective|p2b: Kingambit\n|-crit|p2b: Kingambit\n|-damage|p2b: Kingambit|0 fnt\n|faint|p2b: Kingambit\n|\n|-weather|RainDance|[upkeep]\n|upkeep\n|turn|7\n|\n|t:|1684087144\n|move|p1b: Catsune Miku|Flower Trick|p2a: Pelipper\n|-crit|p2a: Pelipper\n|-damage|p2a: Pelipper|32\/100\n|move|p2a: Pelipper|Hurricane|p1b: Catsune Miku\n|-supereffective|p1b: Catsune Miku\n|-crit|p1b: Catsune Miku\n|-enditem|p1b: Catsune Miku|Focus Sash\n|-damage|p1b: Catsune Miku|1\/100\n|-start|p1b: Catsune Miku|confusion\n|\n|-weather|RainDance|[upkeep]\n|upkeep\n|turn|8\n|\n|t:|1684087160\n|move|p2a: Pelipper|Protect|p2a: Pelipper\n|-singleturn|p2a: Pelipper|Protect\n|-activate|p1b: Catsune Miku|confusion\n|-damage|p1b: Catsune Miku|0 fnt|[from] confusion\n|faint|p1b: Catsune Miku\n|\n|win|Laurentiius\n","uploadtime":1684087174,"views":12,"p1id":"vasuvasuvasu","p2id":"laurentiius","formatid":"gen9vgc2023regulationc","rating":0,"private":0,"password":""}