{"id":"gen9vgc2023regulationc-1857947433","p1":"SavannahPandaVGC","p2":"francisfarmer","format":"[Gen 9] VGC 2023 Regulation C","log":"|j|\u2606SavannahPandaVGC\n|j|\u2606francisfarmer\n|t:|1683250927\n|gametype|doubles\n|player|p1|SavannahPandaVGC|2|1319\n|player|p2|francisfarmer|dawn|1273\n|teamsize|p1|6\n|teamsize|p2|6\n|gen|9\n|tier|[Gen 9] VGC 2023 Regulation C\n|rated|\n|rule|Species Clause: Limit one of each Pok\u00e9mon\n|rule|Item Clause: Limit one of each item\n|clearpoke\n|poke|p1|Flutter Mane, L50|\n|poke|p1|Iron Hands, L50|\n|poke|p1|Corviknight, L50, M|\n|poke|p1|Gyarados, L50, M|\n|poke|p1|Chi-Yu, L50|\n|poke|p1|Amoonguss, L50, M|\n|poke|p2|Great Tusk, L50|\n|poke|p2|Chien-Pao, L50|\n|poke|p2|Gyarados, L50, F|\n|poke|p2|Dragonite, L50, F|\n|poke|p2|Kingambit, L50, M|\n|poke|p2|Flutter Mane, L50|\n|teampreview|4\nSavannahPandaVGC has agreed to open team sheets.\n|inactive|Battle timer is ON: inactive players will automatically lose when time's up. (requested by SavannahPandaVGC)\n|inactive|SavannahPandaVGC has 60 seconds left.\n|inactive|SavannahPandaVGC has 30 seconds left.\n|\n|t:|1683250991\n|start\n|switch|p1a: Iron Hands|Iron Hands, L50|100\/100\n|switch|p1b: Gyarados|Gyarados, L50, M|100\/100\n|switch|p2a: Flutter Mane|Flutter Mane, L50|100\/100\n|switch|p2b: Chien-Pao|Chien-Pao, L50|100\/100\n|-ability|p2b: Chien-Pao|Sword of Ruin\n|-ability|p1b: Gyarados|Intimidate|boost\n|-unboost|p2a: Flutter Mane|atk|1\n|-unboost|p2b: Chien-Pao|atk|1\n|turn|1\n|inactive|SavannahPandaVGC has 30 seconds left.\n|inactive|SavannahPandaVGC has 20 seconds left.\n|inactive|SavannahPandaVGC has 15 seconds left.\n|inactive|SavannahPandaVGC has 10 seconds left.\n|\n|t:|1683251039\n|switch|p2b: Dragonite|Dragonite, L50, F|100\/100\n|-terastallize|p1a: Iron Hands|Grass\n|move|p2a: Flutter Mane|Dazzling Gleam|p1a: Iron Hands|[spread] p1a,p1b\n|-damage|p1a: Iron Hands|78\/100\n|-damage|p1b: Gyarados|70\/100\n|move|p1b: Gyarados|Waterfall|p2a: Flutter Mane\n|-damage|p2a: Flutter Mane|28\/100\n|move|p1a: Iron Hands|Wild Charge|p2a: Flutter Mane\n|-damage|p2a: Flutter Mane|0 fnt\n|faint|p2a: Flutter Mane\n|-end|p2a: Flutter Mane|Protosynthesis|[silent]\n|-damage|p1a: Iron Hands|74\/100|[from] Recoil\n|\n|upkeep\n|\n|t:|1683251056\n|switch|p2a: Great Tusk|Great Tusk, L50|100\/100\n|turn|2\n|\n|t:|1683251080\n|-end|p1a: Iron Hands|Quark Drive|[silent]\n|switch|p1a: Corviknight|Corviknight, L50, M|100\/100\n|move|p2a: Great Tusk|Rock Slide|p1a: Corviknight|[spread] p1a,p1b\n|-supereffective|p1b: Gyarados\n|-damage|p1a: Corviknight|83\/100\n|-damage|p1b: Gyarados|25\/100\n|-enditem|p1b: Gyarados|Figy Berry|[eat]\n|-heal|p1b: Gyarados|59\/100|[from] item: Figy Berry\n|move|p1b: Gyarados|Waterfall|p2a: Great Tusk\n|-supereffective|p2a: Great Tusk\n|-damage|p2a: Great Tusk|53\/100\n|move|p2b: Dragonite|Aerial Ace|p1a: Corviknight\n|-resisted|p1a: Corviknight\n|-damage|p1a: Corviknight|62\/100\n|\n|-heal|p1a: Corviknight|68\/100|[from] item: Leftovers\n|upkeep\n|turn|3\n|\n|t:|1683251105\n|switch|p1b: Iron Hands|Iron Hands, L50, tera:Grass|74\/100\n|switch|p2b: Chien-Pao|Chien-Pao, L50|100\/100\n|-ability|p2b: Chien-Pao|Sword of Ruin\n|move|p2a: Great Tusk|Rock Slide|p1b: Iron Hands|[spread] p1a,p1b\n|-damage|p1a: Corviknight|44\/100\n|-damage|p1b: Iron Hands|56\/100\n|move|p1a: Corviknight|Bulk Up|p1a: Corviknight\n|-boost|p1a: Corviknight|atk|1\n|-boost|p1a: Corviknight|def|1\n|\n|-heal|p1a: Corviknight|50\/100|[from] item: Leftovers\n|upkeep\n|turn|4\n|\n|t:|1683251128\n|-end|p2a: Great Tusk|Protosynthesis|[silent]\n|switch|p2a: Dragonite|Dragonite, L50, F|100\/100\n|move|p1b: Iron Hands|Fake Out|p2b: Chien-Pao\n|-damage|p2b: Chien-Pao|80\/100\n|cant|p2b: Chien-Pao|flinch\n|move|p1a: Corviknight|Brave Bird|p2a: Dragonite\n|-damage|p2a: Dragonite|61\/100\n|-damage|p1a: Corviknight|38\/100|[from] Recoil\n|\n|-heal|p1a: Corviknight|44\/100|[from] item: Leftovers\n|upkeep\n|turn|5\n|\n|t:|1683251150\n|-end|p1b: Iron Hands|Quark Drive|[silent]\n|switch|p1b: Gyarados|Gyarados, L50, M|59\/100\n|-ability|p1b: Gyarados|Intimidate|boost\n|-unboost|p2a: Dragonite|atk|1\n|-unboost|p2b: Chien-Pao|atk|1\n|-terastallize|p2a: Dragonite|Normal\n|move|p2a: Dragonite|Extreme Speed|p1b: Gyarados\n|-damage|p1b: Gyarados|0 fnt\n|faint|p1b: Gyarados\n|move|p2b: Chien-Pao|Ice Spinner|p1a: Corviknight\n|-damage|p1a: Corviknight|23\/100\n|move|p1a: Corviknight|Roost|p1a: Corviknight\n|-heal|p1a: Corviknight|73\/100\n|-singleturn|p1a: Corviknight|move: Roost\n|\n|-heal|p1a: Corviknight|79\/100|[from] item: Leftovers\n|upkeep\n|\n|t:|1683251173\n|switch|p1b: Iron Hands|Iron Hands, L50, tera:Grass|56\/100\n|turn|6\n|\n|t:|1683251183\n|switch|p2a: Great Tusk|Great Tusk, L50|53\/100\n|move|p2b: Chien-Pao|Protect|p2b: Chien-Pao\n|-singleturn|p2b: Chien-Pao|Protect\n|move|p1b: Iron Hands|Fake Out|p2a: Great Tusk\n|-damage|p2a: Great Tusk|38\/100\n|move|p1a: Corviknight|Iron Head|p2b: Chien-Pao\n|-activate|p2b: Chien-Pao|move: Protect\n|\n|-heal|p1a: Corviknight|85\/100|[from] item: Leftovers\n|upkeep\n|turn|7\n|\n|t:|1683251201\n|move|p2a: Great Tusk|Close Combat|p1a: Corviknight\n|-damage|p1a: Corviknight|40\/100\n|-unboost|p2a: Great Tusk|def|1\n|-unboost|p2a: Great Tusk|spd|1\n|move|p2b: Chien-Pao|Ice Spinner|p1b: Iron Hands\n|-supereffective|p1b: Iron Hands\n|-damage|p1b: Iron Hands|5\/100\n|move|p1a: Corviknight|Iron Head|p2b: Chien-Pao\n|-supereffective|p2b: Chien-Pao\n|-crit|p2b: Chien-Pao\n|-damage|p2b: Chien-Pao|0 fnt\n|faint|p2b: Chien-Pao\n|move|p1b: Iron Hands|Drain Punch|p2a: Great Tusk\n|-damage|p2a: Great Tusk|0 fnt\n|-heal|p1b: Iron Hands|20\/100|[from] drain|[of] p2a: Great Tusk\n|faint|p2a: Great Tusk\n|-end|p2a: Great Tusk|Protosynthesis|[silent]\n|\n|-heal|p1a: Corviknight|45\/100|[from] item: Leftovers\n|upkeep\n|\n|t:|1683251221\n|switch|p2b: Dragonite|Dragonite, L50, F, tera:Normal|61\/100\n|turn|8\n|-message|francisfarmer forfeited.\n|\n|win|SavannahPandaVGC\n|raw|SavannahPandaVGC's rating: 1319 → 1336<\/strong> (+17 for winning)\n|raw|francisfarmer's rating: 1273 → 1251<\/strong> (-22 for losing)\n|l|\u2606francisfarmer\n","uploadtime":1683251234,"views":10,"p1id":"savannahpandavgc","p2id":"francisfarmer","formatid":"gen9vgc2023regulationc","rating":1251,"private":0,"password":""}