{"id":"gen9vgc2023regulationc-1854960186","p1":"PBBellossom","p2":"mattnot3","format":"[Gen 9] VGC 2023 Regulation C","log":"|j|\u2606PBBellossom\n|j|\u2606mattnot3\n|t:|1682885194\n|gametype|doubles\n|player|p1|PBBellossom|hilbert|1435\n|player|p2|mattnot3|265|1536\n|teamsize|p1|6\n|teamsize|p2|6\n|gen|9\n|tier|[Gen 9] VGC 2023 Regulation C\n|rated|\n|rule|Species Clause: Limit one of each Pok\u00e9mon\n|rule|Item Clause: Limit one of each item\n|clearpoke\n|poke|p1|Murkrow, L50, M|\n|poke|p1|Great Tusk, L50|\n|poke|p1|Flutter Mane, L50|\n|poke|p1|Chi-Yu, L50|\n|poke|p1|Brute Bonnet, L50|\n|poke|p1|Iron Bundle, L50|\n|poke|p2|Chi-Yu, L50|\n|poke|p2|Flutter Mane, L50|\n|poke|p2|Scizor, L50, F|\n|poke|p2|Wo-Chien, L50|\n|poke|p2|Gyarados, L50, M|\n|poke|p2|Glimmora, L50, F|\n|teampreview|4\n|inactive|Battle timer is ON: inactive players will automatically lose when time's up. (requested by PBBellossom)\nPBBellossom has agreed to open team sheets.\nmattnot3 has agreed to open team sheets.\n|inactive|mattnot3 has 60 seconds left.\n|inactive|mattnot3 has 30 seconds left.\n|\n|t:|1682885258\n|start\n|switch|p1a: Iron Bundle|Iron Bundle, L50|100\/100\n|switch|p1b: Chi-Yu|Chi-Yu, L50|100\/100\n|switch|p2a: Scizor|Scizor, L50, F|100\/100\n|switch|p2b: Glimmora|Glimmora, L50, F|100\/100\n|-ability|p1b: Chi-Yu|Beads of Ruin\n|-enditem|p1a: Iron Bundle|Booster Energy\n|-activate|p1a: Iron Bundle|ability: Quark Drive|[fromitem]\n|-start|p1a: Iron Bundle|quarkdrivespe\n|turn|1\n|inactive|PBBellossom has 30 seconds left.\n|inactive|mattnot3 has 30 seconds left.\n|inactive|PBBellossom has 20 seconds left.\n|inactive|mattnot3 has 20 seconds left.\n|inactive|PBBellossom has 15 seconds left.\n|inactive|mattnot3 has 15 seconds left.\n|\n|t:|1682885301\n|switch|p2b: Gyarados|Gyarados, L50, M|100\/100\n|-ability|p2b: Gyarados|Intimidate|boost\n|-unboost|p1a: Iron Bundle|atk|1\n|-unboost|p1b: Chi-Yu|atk|1\n|-terastallize|p2a: Scizor|Water\n|move|p1a: Iron Bundle|Chilling Water|p2b: Gyarados\n|-resisted|p2b: Gyarados\n|-damage|p2b: Gyarados|90\/100\n|-unboost|p2b: Gyarados|atk|1\n|move|p1b: Chi-Yu|Dark Pulse|p2b: Gyarados\n|-damage|p2b: Gyarados|50\/100\n|-enditem|p2b: Gyarados|Sitrus Berry|[eat]\n|-heal|p2b: Gyarados|74\/100|[from] item: Sitrus Berry\n|move|p2a: Scizor|Tailwind|p2a: Scizor\n|-sidestart|p2: mattnot3|move: Tailwind\n|\n|upkeep\n|turn|2\n|inactive|PBBellossom has 30 seconds left.\n|inactive|mattnot3 has 30 seconds left.\n|inactive|PBBellossom has 20 seconds left.\n|inactive|mattnot3 has 20 seconds left.\n|inactive|PBBellossom has 15 seconds left.\n|\n|t:|1682885342\n|switch|p2b: Glimmora|Glimmora, L50, F|100\/100\n|move|p1a: Iron Bundle|Freeze-Dry|p2a: Scizor\n|-supereffective|p2a: Scizor\n|-damage|p2a: Scizor|0 fnt\n|faint|p2a: Scizor\n|move|p1b: Chi-Yu|Dark Pulse|p2b: Glimmora\n|-damage|p2b: Glimmora|56\/100\n|\n|upkeep\n|\n|t:|1682885356\n|switch|p2a: Flutter Mane|Flutter Mane, L50|100\/100\n|-enditem|p2a: Flutter Mane|Booster Energy\n|-activate|p2a: Flutter Mane|ability: Protosynthesis|[fromitem]\n|-start|p2a: Flutter Mane|protosynthesisspa\n|turn|3\n|inactive|PBBellossom has 30 seconds left.\n|\n|t:|1682885387\n|move|p2a: Flutter Mane|Moonblast|p1a: Iron Bundle\n|-damage|p1a: Iron Bundle|0 fnt\n|faint|p1a: Iron Bundle\n|-end|p1a: Iron Bundle|Quark Drive|[silent]\n|move|p2b: Glimmora|Power Gem|p1b: Chi-Yu\n|-supereffective|p1b: Chi-Yu\n|-damage|p1b: Chi-Yu|4\/100\n|move|p1b: Chi-Yu|Dark Pulse|p2b: Glimmora\n|-damage|p2b: Glimmora|14\/100\n|\n|upkeep\n|inactive|PBBellossom has 30 seconds left.\n|\n|t:|1682885419\n|switch|p1a: Murkrow|Murkrow, L50, M|100\/100\n|turn|4\n|\n|t:|1682885442\n|move|p1b: Chi-Yu|Protect|p1b: Chi-Yu\n|-singleturn|p1b: Chi-Yu|Protect\n|move|p1a: Murkrow|Tailwind|p1a: Murkrow\n|-sidestart|p1: PBBellossom|move: Tailwind\n|move|p2a: Flutter Mane|Moonblast|p1b: Chi-Yu\n|-activate|p1b: Chi-Yu|move: Protect\n|move|p2b: Glimmora|Power Gem|p1a: Murkrow\n|-supereffective|p1a: Murkrow\n|-damage|p1a: Murkrow|0 fnt\n|faint|p1a: Murkrow\n|\n|-sideend|p2: mattnot3|move: Tailwind\n|upkeep\n|\n|t:|1682885453\n|switch|p1a: Great Tusk|Great Tusk, L50|100\/100\n|turn|5\n|\n|t:|1682885480\n|switch|p2b: Gyarados|Gyarados, L50, M|74\/100\n|-ability|p2b: Gyarados|Intimidate|boost\n|-unboost|p1a: Great Tusk|atk|1\n|-unboost|p1b: Chi-Yu|atk|1\n|move|p2a: Flutter Mane|Protect|p2a: Flutter Mane\n|-singleturn|p2a: Flutter Mane|Protect\n|move|p1b: Chi-Yu|Dark Pulse|p2b: Gyarados\n|-damage|p2b: Gyarados|34\/100\n|move|p1a: Great Tusk|Headlong Rush|p2a: Flutter Mane\n|-activate|p2a: Flutter Mane|move: Protect\n|\n|upkeep\n|turn|6\n|\n|t:|1682885502\n|-terastallize|p1a: Great Tusk|Fire\n|move|p1b: Chi-Yu|Dark Pulse|p2b: Gyarados\n|-damage|p2b: Gyarados|0 fnt\n|faint|p2b: Gyarados\n|move|p1a: Great Tusk|Headlong Rush|p2a: Flutter Mane\n|-damage|p2a: Flutter Mane|26\/100\n|-unboost|p1a: Great Tusk|def|1\n|-unboost|p1a: Great Tusk|spd|1\n|move|p2a: Flutter Mane|Moonblast|p1a: Great Tusk\n|-resisted|p1a: Great Tusk\n|-damage|p1a: Great Tusk|51\/100\n|-unboost|p1a: Great Tusk|spa|1\n|\n|upkeep\n|\n|t:|1682885510\n|switch|p2b: Glimmora|Glimmora, L50, F|14\/100\n|turn|7\n|\n|t:|1682885531\n|move|p1b: Chi-Yu|Protect|p1b: Chi-Yu\n|-singleturn|p1b: Chi-Yu|Protect\n|move|p2a: Flutter Mane|Protect|p2a: Flutter Mane\n|-singleturn|p2a: Flutter Mane|Protect\n|move|p1a: Great Tusk|Earthquake|p2a: Flutter Mane|[spread] p2b\n|-activate|p1b: Chi-Yu|move: Protect\n|-activate|p2a: Flutter Mane|move: Protect\n|-supereffective|p2b: Glimmora\n|-damage|p2b: Glimmora|0 fnt\n|-activate|p2b: Glimmora|ability: Toxic Debris\n|-sidestart|p1: PBBellossom|move: Toxic Spikes\n|faint|p2b: Glimmora\n|\n|-sideend|p1: PBBellossom|move: Tailwind\n|upkeep\n|turn|8\n|\n|t:|1682885541\n|move|p2a: Flutter Mane|Shadow Ball|p1a: Great Tusk\n|-damage|p1a: Great Tusk|0 fnt\n|faint|p1a: Great Tusk\n|-end|p1a: Great Tusk|Protosynthesis|[silent]\n|move|p1b: Chi-Yu|Dark Pulse|p2a: Flutter Mane\n|-damage|p2a: Flutter Mane|0 fnt\n|faint|p2a: Flutter Mane\n|-end|p2a: Flutter Mane|Protosynthesis|[silent]\n|\n|win|PBBellossom\n|raw|PBBellossom's rating: 1435 → 1461<\/strong> (+26 for winning)\n|raw|mattnot3's rating: 1536 → 1510<\/strong> (-26 for losing)\n","uploadtime":1682885553,"views":6,"p1id":"pbbellossom","p2id":"mattnot3","formatid":"gen9vgc2023regulationc","rating":1461,"private":0,"password":""}