{"id":"gen9vgc2023regulationc-1852394536","p1":"Gioilele","p2":"vivian20","format":"[Gen 9] VGC 2023 Regulation C","log":"|j|\u2606Gioilele\n|j|\u2606vivian20\n|t:|1682552227\n|gametype|doubles\n|player|p1|Gioilele|pokemonbreeder-gen4|\n|player|p2|vivian20|170|\n|teamsize|p1|6\n|teamsize|p2|6\n|gen|9\n|tier|[Gen 9] VGC 2023 Regulation C\n|rule|Species Clause: Limit one of each Pok\u00e9mon\n|rule|Item Clause: Limit one of each item\n|clearpoke\n|poke|p1|Palafin, L50, F|\n|poke|p1|Chien-Pao, L50|\n|poke|p1|Dragapult, L50, F|\n|poke|p1|Amoonguss, L50, M|\n|poke|p1|Arcanine, L50, M|\n|poke|p1|Flutter Mane, L50|\n|poke|p2|Glimmora, L50, F|\n|poke|p2|Flutter Mane, L50|\n|poke|p2|Tatsugiri, L50, F|\n|poke|p2|Dondozo, L50, M|\n|poke|p2|Arcanine, L50, F|\n|poke|p2|Wo-Chien, L50|\n|teampreview|4\nGioilele has agreed to open team sheets.\nvivian20 has agreed to open team sheets.\n|\n|t:|1682552308\n|start\n|switch|p1a: Dozo|Palafin, L50, F|100\/100\n|switch|p1b: Dnite|Dragapult, L50, F|100\/100\n|switch|p2a: Arcanine|Arcanine, L50, F|100\/100\n|switch|p2b: Wo-Chien|Wo-Chien, L50|100\/100\n|-ability|p2a: Arcanine|Intimidate|boost\n|-unboost|p1a: Dozo|atk|1\n|-fail|p1b: Dnite|unboost|[from] ability: Clear Body|[of] p1b: Dnite\n|-ability|p2b: Wo-Chien|Tablets of Ruin\n|turn|1\n|\n|t:|1682552336\n|detailschange|p1a: Dozo|Palafin-Hero, L50, F\n|switch|p1a: ChiYu|Arcanine, L50, M|100\/100\n|-ability|p1a: ChiYu|Intimidate|boost\n|-unboost|p2a: Arcanine|atk|1\n|-unboost|p2b: Wo-Chien|atk|1\n|switch|p2b: Glimmora|Glimmora, L50, F|100\/100\n|-terastallize|p2a: Arcanine|Water\n|move|p1b: Dnite|U-turn|p2b: Glimmora\n|-resisted|p2b: Glimmora\n|-damage|p2b: Glimmora|85\/100\n|-activate|p2b: Glimmora|ability: Toxic Debris\n|-sidestart|p1: Gioilele|move: Toxic Spikes\n|\n|t:|1682552341\n|switch|p1b: WoChien|Amoonguss, L50, M|100\/100|[from] U-turn\n|-sideend|p1: Gioilele|move: Toxic Spikes|[of] p1b: WoChien\n|move|p2a: Arcanine|Will-O-Wisp|p1a: ChiYu\n|-immune|p1a: ChiYu\n|\n|upkeep\n|turn|2\n|\n|t:|1682552368\n|move|p1a: ChiYu|Protect|p1a: ChiYu\n|-singleturn|p1a: ChiYu|Protect\n|move|p2a: Arcanine|Protect|p2a: Arcanine\n|-singleturn|p2a: Arcanine|Protect\n|move|p2b: Glimmora|Power Gem|p1a: ChiYu\n|-activate|p1a: ChiYu|move: Protect\n|move|p1b: WoChien|Spore|p2b: Glimmora\n|-status|p2b: Glimmora|slp|[from] move: Spore\n|\n|upkeep\n|turn|3\n|\n|t:|1682552396\n|switch|p1b: Dnite|Dragapult, L50, F|100\/100\n|move|p1a: ChiYu|Will-O-Wisp|p2a: Arcanine\n|-status|p2a: Arcanine|brn\n|move|p2a: Arcanine|Flare Blitz|p1b: Dnite\n|-resisted|p1b: Dnite\n|-damage|p1b: Dnite|92\/100\n|-damage|p2a: Arcanine|98\/100 brn|[from] Recoil\n|cant|p2b: Glimmora|slp\n|\n|-damage|p2a: Arcanine|92\/100 brn|[from] brn\n|upkeep\n|turn|4\n|\n|t:|1682552432\n|switch|p2a: Wo-Chien|Wo-Chien, L50|100\/100\n|-ability|p2a: Wo-Chien|Tablets of Ruin\n|move|p1b: Dnite|Dragon Darts|p2b: Glimmora\n|-damage|p2b: Glimmora|58\/100 slp\n|-activate|p2b: Glimmora|ability: Toxic Debris\n|-sidestart|p1: Gioilele|move: Toxic Spikes\n|-anim|p1b: Dnite|Dragon Darts|p2a: Wo-Chien\n|-damage|p2a: Wo-Chien|79\/100\n|move|p1a: ChiYu|Flare Blitz|p2b: Glimmora\n|-resisted|p2b: Glimmora\n|-damage|p2b: Glimmora|42\/100 slp\n|-activate|p2b: Glimmora|ability: Toxic Debris\n|-sidestart|p1: Gioilele|move: Toxic Spikes\n|-damage|p1a: ChiYu|95\/100|[from] Recoil\n|cant|p2b: Glimmora|slp\n|\n|-heal|p2a: Wo-Chien|85\/100|[from] item: Leftovers\n|upkeep\n|turn|5\n|\n|t:|1682552460\n|switch|p1a: WoChien|Amoonguss, L50, M|100\/100\n|-sideend|p1: Gioilele|move: Toxic Spikes|[of] p1a: WoChien\n|switch|p2a: Arcanine|Arcanine, L50, F, tera:Water|92\/100 brn\n|-ability|p2a: Arcanine|Intimidate|boost\n|-unboost|p1a: WoChien|atk|1\n|-fail|p1b: Dnite|unboost|[from] ability: Clear Body|[of] p1b: Dnite\n|move|p1b: Dnite|Dragon Darts|p2b: Glimmora\n|-damage|p2b: Glimmora|8\/100 slp\n|-activate|p2b: Glimmora|ability: Toxic Debris\n|-sidestart|p1: Gioilele|move: Toxic Spikes\n|-anim|p1b: Dnite|Dragon Darts|p2a: Arcanine\n|-damage|p2a: Arcanine|52\/100 brn\n|-curestatus|p2b: Glimmora|slp|[msg]\n|move|p2b: Glimmora|Power Gem|p1a: WoChien\n|-damage|p1a: WoChien|63\/100\n|\n|-damage|p2a: Arcanine|47\/100 brn|[from] brn\n|upkeep\n|turn|6\n|\n|t:|1682552488\n|move|p1b: Dnite|Dragon Darts|p2a: Arcanine\n|-damage|p2a: Arcanine|10\/100 brn\n|-anim|p1b: Dnite|Dragon Darts|p2b: Glimmora\n|-damage|p2b: Glimmora|0 fnt\n|-activate|p2b: Glimmora|ability: Toxic Debris\n|-sidestart|p1: Gioilele|move: Toxic Spikes\n|faint|p2b: Glimmora\n|move|p2a: Arcanine|Flare Blitz|p1a: WoChien\n|-supereffective|p1a: WoChien\n|-damage|p1a: WoChien|23\/100\n|-enditem|p1a: WoChien|Sitrus Berry|[eat]\n|-heal|p1a: WoChien|48\/100|[from] item: Sitrus Berry\n|-damage|p2a: Arcanine|0 fnt|[from] Recoil\n|faint|p2a: Arcanine\n|move|p1a: WoChien|Pollen Puff|p1b: Dnite\n|-heal|p1b: Dnite|100\/100\n|\n|upkeep\n|\n|t:|1682552512\n|switch|p2a: Wo-Chien|Wo-Chien, L50|85\/100\n|switch|p2b: Flutter Mane|Flutter Mane, L50|100\/100\n|-ability|p2a: Wo-Chien|Tablets of Ruin\n|turn|7\n|\n|t:|1682552534\n|-terastallize|p1b: Dnite|Steel\n|move|p1b: Dnite|Dragon Darts|p2a: Wo-Chien\n|-damage|p2a: Wo-Chien|61\/100\n|-anim|p1b: Dnite|Dragon Darts|p2a: Wo-Chien\n|-damage|p2a: Wo-Chien|37\/100\n|move|p2b: Flutter Mane|Shadow Ball|p1a: WoChien\n|-damage|p1a: WoChien|15\/100\n|move|p2a: Wo-Chien|Pollen Puff|p1a: WoChien\n|-damage|p1a: WoChien|0 fnt\n|faint|p1a: WoChien\n|\n|-heal|p2a: Wo-Chien|43\/100|[from] item: Leftovers\n|upkeep\n|\n|t:|1682552568\n|switch|p1a: Dozo|Palafin-Hero, L50, F|100\/100\n|-status|p1a: Dozo|tox\n|-activate|p1a: Dozo|ability: Zero to Hero\n|turn|8\n|\n|t:|1682552597\n|switch|p1b: ChiYu|Arcanine, L50, M|95\/100\n|-status|p1b: ChiYu|tox\n|-ability|p1b: ChiYu|Intimidate|boost\n|-unboost|p2a: Wo-Chien|atk|1\n|-unboost|p2b: Flutter Mane|atk|1\n|move|p2a: Wo-Chien|Protect|p2a: Wo-Chien\n|-singleturn|p2a: Wo-Chien|Protect\n|move|p2b: Flutter Mane|Shadow Ball|p1b: ChiYu\n|-damage|p1b: ChiYu|48\/100 tox\n|move|p1a: Dozo|Wave Crash|p2b: Flutter Mane\n|-enditem|p2b: Flutter Mane|Focus Sash\n|-damage|p2b: Flutter Mane|1\/100\n|-damage|p1a: Dozo|79\/100 tox|[from] Recoil\n|\n|-heal|p2a: Wo-Chien|49\/100|[from] item: Leftovers\n|-damage|p1b: ChiYu|42\/100 tox|[from] psn\n|-damage|p1a: Dozo|74\/100 tox|[from] psn\n|upkeep\n|turn|9\n|\n|t:|1682552634\n|move|p2b: Flutter Mane|Protect|p2b: Flutter Mane\n|-singleturn|p2b: Flutter Mane|Protect\n|move|p1a: Dozo|Jet Punch|p2b: Flutter Mane\n|-activate|p2b: Flutter Mane|move: Protect\n|move|p1b: ChiYu|Flare Blitz|p2a: Wo-Chien\n|-supereffective|p2a: Wo-Chien\n|-damage|p2a: Wo-Chien|0 fnt\n|faint|p2a: Wo-Chien\n|-damage|p1b: ChiYu|26\/100 tox|[from] Recoil\n|\n|-damage|p1b: ChiYu|13\/100 tox|[from] psn\n|-damage|p1a: Dozo|62\/100 tox|[from] psn\n|upkeep\n|turn|10\n|c|\u2606Gioilele|gg\n|\n|t:|1682552648\n|switch|p1b: Dnite|Dragapult, L50, F, tera:Steel|100\/100\n|move|p1a: Dozo|Jet Punch|p2b: Flutter Mane\n|-damage|p2b: Flutter Mane|0 fnt\n|faint|p2b: Flutter Mane\n|-end|p2b: Flutter Mane|Protosynthesis|[silent]\n|\n|win|Gioilele\n","uploadtime":1682552651,"views":10,"p1id":"gioilele","p2id":"vivian20","formatid":"gen9vgc2023regulationc","rating":0,"private":0,"password":""}