{"id":"gen9vgc2023regulationc-1859149620","p1":"Natedawg47","p2":"tetsuokaga","format":"[Gen 9] VGC 2023 Regulation C","log":"|j|\u2606Natedawg47\n|j|\u2606tetsuokaga\n|t:|1683410468\n|gametype|doubles\n|player|p1|Natedawg47|169|1099\n|player|p2|tetsuokaga|winona-gen6|1206\n|teamsize|p1|6\n|teamsize|p2|6\n|gen|9\n|tier|[Gen 9] VGC 2023 Regulation C\n|rated|\n|rule|Species Clause: Limit one of each Pok\u00e9mon\n|rule|Item Clause: Limit one of each item\n|clearpoke\n|poke|p1|Garchomp, L50, M|\n|poke|p1|Abomasnow, L50, F|\n|poke|p1|Goodra, L50, F|\n|poke|p1|Klefki, L50, M|\n|poke|p1|Slither Wing, L50|\n|poke|p1|Gyarados, L50, F|\n|poke|p2|Azumarill, L50, M|\n|poke|p2|Gothorita, L50, F|\n|poke|p2|Gothitelle, L50, M|\n|poke|p2|Amoonguss, L50, M|\n|poke|p2|Chi-Yu, L50|\n|poke|p2|Flutter Mane, L50|\n|teampreview|4\n|inactive|Battle timer is ON: inactive players will automatically lose when time's up. (requested by tetsuokaga)\n|\n|t:|1683410494\n|start\n|switch|p1a: Gyarados|Gyarados, L50, F|100\/100\n|switch|p1b: Garchomp|Garchomp, L50, M|100\/100\n|switch|p2a: Chi-Yu|Chi-Yu, L50|100\/100\n|switch|p2b: Amoonguss|Amoonguss, L50, M|100\/100\n|-ability|p2a: Chi-Yu|Beads of Ruin\n|turn|1\n|inactive|Natedawg47 has 30 seconds left.\n|inactive|tetsuokaga has 30 seconds left.\n|inactive|Natedawg47 has 20 seconds left.\n|inactive|Natedawg47 has 15 seconds left.\n|\n|t:|1683410535\n|-terastallize|p2a: Chi-Yu|Grass\n|move|p2a: Chi-Yu|Dark Pulse|p1a: Gyarados\n|-damage|p1a: Gyarados|39\/100\n|move|p1b: Garchomp|Earthquake|p2b: Amoonguss|[spread] p2a,p2b\n|-immune|p1a: Gyarados\n|-resisted|p2a: Chi-Yu\n|-damage|p2a: Chi-Yu|52\/100\n|-damage|p2b: Amoonguss|53\/100\n|move|p1a: Gyarados|Substitute|p1a: Gyarados\n|-start|p1a: Gyarados|Substitute\n|-damage|p1a: Gyarados|14\/100\n|move|p2b: Amoonguss|Spore|p1b: Garchomp\n|-status|p1b: Garchomp|slp|[from] move: Spore\n|\n|upkeep\n|turn|2\n|inactive|Natedawg47 has 30 seconds left.\n|inactive|tetsuokaga has 30 seconds left.\n|\n|t:|1683410569\n|move|p2a: Chi-Yu|Dark Pulse|p1b: Garchomp\n|-damage|p1b: Garchomp|33\/100 slp\n|cant|p1b: Garchomp|slp\n|move|p1a: Gyarados|Dragon Dance|p1a: Gyarados\n|-boost|p1a: Gyarados|atk|1\n|-boost|p1a: Gyarados|spe|1\n|move|p2b: Amoonguss|Pollen Puff|p2a: Chi-Yu\n|-heal|p2a: Chi-Yu|100\/100\n|\n|upkeep\n|turn|3\n|inactive|Natedawg47 has 30 seconds left.\n|inactive|tetsuokaga has 30 seconds left.\n|\n|t:|1683410601\n|switch|p2b: Azumarill|Azumarill, L50, M|100\/100\n|move|p1a: Gyarados|Aqua Tail|p2b: Azumarill\n|-resisted|p2b: Azumarill\n|-damage|p2b: Azumarill|70\/100\n|move|p2a: Chi-Yu|Dark Pulse|p1a: Gyarados\n|-end|p1a: Gyarados|Substitute\n|cant|p1b: Garchomp|slp\n|\n|upkeep\n|turn|4\n|\n|t:|1683410623\n|move|p1a: Gyarados|Aqua Tail|p2a: Chi-Yu\n|-resisted|p2a: Chi-Yu\n|-damage|p2a: Chi-Yu|36\/100\n|move|p2a: Chi-Yu|Dark Pulse|p1b: Garchomp\n|-damage|p1b: Garchomp|0 fnt\n|faint|p1b: Garchomp\n|move|p2b: Azumarill|Play Rough|p1a: Gyarados\n|-damage|p1a: Gyarados|0 fnt\n|faint|p1a: Gyarados\n|\n|upkeep\n|\n|t:|1683410632\n|switch|p1b: Goodra|Goodra, L50, F|100\/100\n|switch|p1a: Abomasnow|Abomasnow, L50, F|100\/100\n|-weather|Snow|[from] ability: Snow Warning|[of] p1a: Abomasnow\n|turn|5\n|inactive|Natedawg47 has 30 seconds left.\n|\n|t:|1683410659\n|-terastallize|p1b: Goodra|Ice\n|move|p2a: Chi-Yu|Protect|p2a: Chi-Yu\n|-singleturn|p2a: Chi-Yu|Protect\n|move|p2b: Azumarill|Protect|p2b: Azumarill\n|-singleturn|p2b: Azumarill|Protect\n|move|p1b: Goodra|Blizzard|p2a: Chi-Yu|[spread] \n|-activate|p2a: Chi-Yu|move: Protect\n|-activate|p2b: Azumarill|move: Protect\n|move|p1a: Abomasnow|Aurora Veil|p1a: Abomasnow\n|-sidestart|p1: Natedawg47|move: Aurora Veil\n|\n|-weather|Snow|[upkeep]\n|upkeep\n|turn|6\n|inactive|Natedawg47 has 30 seconds left.\n|inactive|Natedawg47 has 20 seconds left.\n|inactive|Natedawg47 has 15 seconds left.\n|\n|t:|1683410700\n|move|p1a: Abomasnow|Protect|p1a: Abomasnow\n|-singleturn|p1a: Abomasnow|Protect\n|move|p2a: Chi-Yu|Heat Wave|p1b: Goodra|[spread] p1b\n|-activate|p1a: Abomasnow|move: Protect\n|-supereffective|p1b: Goodra\n|-damage|p1b: Goodra|70\/100\n|move|p1b: Goodra|Blizzard|p2a: Chi-Yu|[spread] p2a,p2b\n|-supereffective|p2a: Chi-Yu\n|-resisted|p2b: Azumarill\n|-damage|p2a: Chi-Yu|0 fnt\n|-damage|p2b: Azumarill|43\/100\n|-enditem|p2b: Azumarill|Sitrus Berry|[eat]\n|-heal|p2b: Azumarill|68\/100|[from] item: Sitrus Berry\n|faint|p2a: Chi-Yu\n|move|p2b: Azumarill|Perish Song|p2b: Azumarill\n|-start|p1a: Abomasnow|perish3|[silent]\n|-start|p1b: Goodra|perish3|[silent]\n|-start|p2b: Azumarill|perish3|[silent]\n|-fieldactivate|move: Perish Song\n|\n|-weather|Snow|[upkeep]\n|-start|p1b: Goodra|perish3\n|-start|p1a: Abomasnow|perish3\n|-start|p2b: Azumarill|perish3\n|upkeep\n|\n|t:|1683410712\n|switch|p2a: Flutter Mane|Flutter Mane, L50|100\/100\n|-enditem|p2a: Flutter Mane|Booster Energy\n|-activate|p2a: Flutter Mane|ability: Protosynthesis|[fromitem]\n|-start|p2a: Flutter Mane|protosynthesisspe\n|turn|7\n|\n|t:|1683410726\n|move|p2a: Flutter Mane|Protect|p2a: Flutter Mane\n|-singleturn|p2a: Flutter Mane|Protect\n|move|p2b: Azumarill|Protect|p2b: Azumarill\n|-singleturn|p2b: Azumarill|Protect\n|move|p1b: Goodra|Blizzard|p2b: Azumarill|[spread] \n|-activate|p2a: Flutter Mane|move: Protect\n|-activate|p2b: Azumarill|move: Protect\n|move|p1a: Abomasnow|Energy Ball|p2b: Azumarill\n|-activate|p2b: Azumarill|move: Protect\n|\n|-weather|Snow|[upkeep]\n|-start|p1b: Goodra|perish2\n|-start|p1a: Abomasnow|perish2\n|-start|p2b: Azumarill|perish2\n|upkeep\n|turn|8\n|\n|t:|1683410738\n|-end|p2a: Flutter Mane|Protosynthesis|[silent]\n|switch|p2a: Amoonguss|Amoonguss, L50, M|87\/100\n|move|p1b: Goodra|Blizzard|p2a: Amoonguss|[spread] p2a,p2b\n|-supereffective|p2a: Amoonguss\n|-resisted|p2b: Azumarill\n|-damage|p2a: Amoonguss|16\/100\n|-damage|p2b: Azumarill|50\/100\n|move|p1a: Abomasnow|Energy Ball|p2b: Azumarill\n|-supereffective|p2b: Azumarill\n|-damage|p2b: Azumarill|0 fnt\n|faint|p2b: Azumarill\n|\n|-weather|Snow|[upkeep]\n|-start|p1b: Goodra|perish1\n|-start|p1a: Abomasnow|perish1\n|upkeep\n|\n|t:|1683410740\n|switch|p2b: Flutter Mane|Flutter Mane, L50|100\/100\n|turn|9\n|\n|t:|1683410754\n|move|p2b: Flutter Mane|Protect|p2b: Flutter Mane\n|-singleturn|p2b: Flutter Mane|Protect\n|move|p2a: Amoonguss|Protect|p2a: Amoonguss\n|-singleturn|p2a: Amoonguss|Protect\n|move|p1b: Goodra|Blizzard|p2b: Flutter Mane|[spread] \n|-activate|p2a: Amoonguss|move: Protect\n|-activate|p2b: Flutter Mane|move: Protect\n|move|p1a: Abomasnow|Energy Ball|p2b: Flutter Mane\n|-activate|p2b: Flutter Mane|move: Protect\n|\n|-weather|none\n|-start|p1b: Goodra|perish0\n|-start|p1a: Abomasnow|perish0\n|-sideend|p1: Natedawg47|move: Aurora Veil\n|faint|p1b: Goodra\n|faint|p1a: Abomasnow\n|\n|win|tetsuokaga\n|upkeep\n|raw|Natedawg47's rating: 1099 → 1082<\/strong> (-17 for losing)\n|raw|tetsuokaga's rating: 1206 → 1224<\/strong> (+18 for winning)\n|l|\u2606Natedawg47\n","uploadtime":1683410782,"views":13,"p1id":"natedawg47","p2id":"tetsuokaga","formatid":"gen9vgc2023regulationc","rating":1082,"private":0,"password":""}