{"id":"gen9vgc2023regulationc-1848250030","p1":"Chaotic Raos","p2":"ImmatWork","format":"[Gen 9] VGC 2023 Regulation C","log":"|j|\u2606Chaotic Raos\n|j|\u2606ImmatWork\n|t:|1682048071\n|gametype|doubles\n|player|p1|Chaotic Raos|bellelba|1269\n|player|p2|ImmatWork|aromalady|1359\n|teamsize|p1|6\n|teamsize|p2|6\n|gen|9\n|tier|[Gen 9] VGC 2023 Regulation C\n|rated|\n|rule|Species Clause: Limit one of each Pok\u00e9mon\n|rule|Item Clause: Limit one of each item\n|clearpoke\n|poke|p1|Grimmsnarl, L50, M|\n|poke|p1|Salamence, L50, M|\n|poke|p1|Raichu, L50, M|\n|poke|p1|Sylveon, L50, F|\n|poke|p1|Ceruledge, L50, M|\n|poke|p1|Palafin, L50, M|\n|poke|p2|Garganacl, L50, M|\n|poke|p2|Rabsca, L50, M|\n|poke|p2|Torkoal, L50, F|\n|poke|p2|Houndstone, L50, F|\n|poke|p2|Scream Tail, L50|\n|poke|p2|Ting-Lu, L50|\n|teampreview|4\n|\n|t:|1682048092\n|start\n|switch|p1a: Raichu|Raichu, L50, M|100\/100\n|switch|p1b: Sylveon|Sylveon, L50, F|100\/100\n|switch|p2a: Rabsca|Rabsca, L50, M|100\/100\n|switch|p2b: Garganacl|Garganacl, L50, M|100\/100\n|turn|1\n|\n|t:|1682048123\n|move|p1b: Sylveon|Protect|p1b: Sylveon\n|-singleturn|p1b: Sylveon|Protect\n|move|p1a: Raichu|Fake Out|p2a: Rabsca\n|-damage|p2a: Rabsca|92\/100\n|move|p2b: Garganacl|Salt Cure|p1b: Sylveon\n|-activate|p1b: Sylveon|move: Protect\n|cant|p2a: Rabsca|flinch\n|\n|upkeep\n|turn|2\n|\n|t:|1682048137\n|move|p1a: Raichu|Surf|p2a: Rabsca|[spread] p1b,p2a,p2b\n|-supereffective|p2b: Garganacl\n|-damage|p1b: Sylveon|93\/100\n|-damage|p2a: Rabsca|82\/100\n|-damage|p2b: Garganacl|78\/100\n|-enditem|p1b: Sylveon|Absorb Bulb\n|-boost|p1b: Sylveon|spa|1|[from] item: Absorb Bulb\n|move|p1b: Sylveon|Hyper Voice|p2b: Garganacl|[spread] p2a,p2b\n|-damage|p2a: Rabsca|26\/100\n|-damage|p2b: Garganacl|18\/100\n|move|p2b: Garganacl|Salt Cure|p1b: Sylveon\n|-damage|p1b: Sylveon|61\/100\n|-start|p1b: Sylveon|Salt Cure\n|-damage|p2b: Garganacl|9\/100|[from] item: Life Orb\n|move|p2a: Rabsca|Trick Room|p2a: Rabsca\n|-fieldstart|move: Trick Room|[of] p2a: Rabsca\n|\n|-damage|p1b: Sylveon|49\/100|[from] Salt Cure\n|upkeep\n|turn|3\n|\n|t:|1682048157\n|move|p1b: Sylveon|Quick Attack|p2b: Garganacl\n|-damage|p2b: Garganacl|1\/100\n|move|p2b: Garganacl|Explosion|p1b: Sylveon|[spread] p1a,p1b\n|-activate|p2a: Rabsca|ability: Telepathy\n|-damage|p1a: Raichu|0 fnt\n|-damage|p1b: Sylveon|0 fnt\n|faint|p2b: Garganacl\n|faint|p1a: Raichu\n|faint|p1b: Sylveon\n|move|p2a: Rabsca|Revival Blessing|p2a: Rabsca\n|-enditem|p2a: Rabsca|Leppa Berry|[eat]\n|-activate|p2a: Rabsca|item: Leppa Berry|Revival Blessing|[consumed]\n|\n|t:|1682048168\n|-heal|p2: Garganacl|50\/100|[from] move: Revival Blessing\n|switch|p2b: Garganacl|Garganacl, L50, M|50\/100\n|\n|upkeep\n|\n|t:|1682048172\n|switch|p1b: Grimmsnarl|Grimmsnarl, L50, M|100\/100\n|switch|p1a: Ceruledge|Ceruledge, L50, M|100\/100\n|turn|4\n|\n|t:|1682048190\n|switch|p2a: Ting-Lu|Ting-Lu, L50|100\/100\n|-ability|p2a: Ting-Lu|Vessel of Ruin\n|move|p1b: Grimmsnarl|Fake Out|p2b: Garganacl\n|-resisted|p2b: Garganacl\n|-damage|p2b: Garganacl|46\/100\n|cant|p2b: Garganacl|flinch\n|move|p1a: Ceruledge|Bulk Up|p1a: Ceruledge\n|-boost|p1a: Ceruledge|atk|1\n|-boost|p1a: Ceruledge|def|1\n|\n|upkeep\n|turn|5\n|\n|t:|1682048226\n|move|p1b: Grimmsnarl|Spirit Break|p2a: Ting-Lu\n|-supereffective|p2a: Ting-Lu\n|-damage|p2a: Ting-Lu|68\/100\n|-unboost|p2a: Ting-Lu|spa|1\n|move|p2b: Garganacl|Salt Cure|p1a: Ceruledge\n|-supereffective|p1a: Ceruledge\n|-damage|p1a: Ceruledge|60\/100\n|-start|p1a: Ceruledge|Salt Cure\n|-damage|p2b: Garganacl|37\/100|[from] item: Life Orb\n|move|p2a: Ting-Lu|Fissure|p1a: Ceruledge\n|-damage|p1a: Ceruledge|0 fnt\n|faint|p1a: Ceruledge\n|-ohko\n|\n|upkeep\n|turn|6\n|\n|t:|1682048241\n|move|p1b: Grimmsnarl|Spirit Break|p2a: Ting-Lu\n|-supereffective|p2a: Ting-Lu\n|-damage|p2a: Ting-Lu|35\/100\n|-unboost|p2a: Ting-Lu|spa|1\n|move|p2b: Garganacl|Salt Cure|p1b: Grimmsnarl\n|-damage|p1b: Grimmsnarl|72\/100\n|-start|p1b: Grimmsnarl|Salt Cure\n|-damage|p2b: Garganacl|27\/100|[from] item: Life Orb\n|move|p2a: Ting-Lu|Fissure|p1b: Grimmsnarl\n|-damage|p1b: Grimmsnarl|0 fnt\n|faint|p1b: Grimmsnarl\n|-ohko\n|\n|win|ImmatWork\n|raw|Chaotic Raos's rating: 1269 → 1250<\/strong> (-19 for losing)\n|raw|ImmatWork's rating: 1359 → 1374<\/strong> (+15 for winning)\n|l|\u2606ImmatWork\n","uploadtime":1682048253,"views":17,"p1id":"chaoticraos","p2id":"immatwork","formatid":"gen9vgc2023regulationc","rating":1250,"private":0,"password":""}