{"id":"gen9vgc2023regulationc-1854536494","p1":"rare kendi","p2":"ShaytheFair","format":"[Gen 9] VGC 2023 Regulation C","log":"|j|\u2606rare kendi\n|j|\u2606ShaytheFair\n|t:|1682823750\n|gametype|doubles\n|player|p1|rare kendi|2|\n|player|p2|ShaytheFair|veteranf|\n|teamsize|p1|6\n|teamsize|p2|6\n|gen|9\n|tier|[Gen 9] VGC 2023 Regulation C\n|rule|Species Clause: Limit one of each Pok\u00e9mon\n|rule|Item Clause: Limit one of each item\n|clearpoke\n|poke|p1|Jumpluff, L50, F|\n|poke|p1|Torkoal, L50, F|\n|poke|p1|Great Tusk, L50|\n|poke|p1|Iron Bundle, L50|\n|poke|p1|Farigiraf, L50, F|\n|poke|p1|Iron Hands, L50|\n|poke|p2|Palafin, L50, M|\n|poke|p2|Flutter Mane, L50|\n|poke|p2|Arcanine, L50, M|\n|poke|p2|Ting-Lu, L50|\n|poke|p2|Amoonguss, L50, M|\n|poke|p2|Kingambit, L50, M|\n|teampreview|4\nrare kendi has agreed to open team sheets.\nShaytheFair has agreed to open team sheets.\n|inactive|Battle timer is ON: inactive players will automatically lose when time's up. (requested by rare kendi)\n|inactive|rare kendi has 60 seconds left.\n|\n|t:|1682823808\n|start\n|switch|p1a: Iron Bundle|Iron Bundle, L50|100\/100\n|switch|p1b: Iron Hands|Iron Hands, L50, shiny|100\/100\n|switch|p2a: Fish Food|Palafin, L50, M|100\/100\n|switch|p2b: Butter Pecan|Arcanine, L50, M|100\/100\n|-ability|p2b: Butter Pecan|Intimidate|boost\n|-unboost|p1a: Iron Bundle|atk|1\n|-unboost|p1b: Iron Hands|atk|1\n|-enditem|p1a: Iron Bundle|Booster Energy\n|-activate|p1a: Iron Bundle|ability: Quark Drive|[fromitem]\n|-start|p1a: Iron Bundle|quarkdrivespe\n|turn|1\n|inactive|rare kendi has 30 seconds left.\n|\n|t:|1682823840\n|detailschange|p2a: Fish Food|Palafin-Hero, L50, M\n|switch|p2a: Cookies n Cream|Amoonguss, L50, M|100\/100\n|move|p1a: Iron Bundle|Hydro Pump|p2b: Butter Pecan\n|-supereffective|p2b: Butter Pecan\n|-damage|p2b: Butter Pecan|0 fnt\n|faint|p2b: Butter Pecan\n|move|p1b: Iron Hands|Drain Punch|p2a: Cookies n Cream\n|-resisted|p2a: Cookies n Cream\n|-damage|p2a: Cookies n Cream|89\/100\n|-damage|p1b: Iron Hands|84\/100|[from] item: Rocky Helmet|[of] p2a: Cookies n Cream\n|\n|upkeep\n|\n|t:|1682823852\n|switch|p2b: Fish Food|Palafin-Hero, L50, M|100\/100\n|-activate|p2b: Fish Food|ability: Zero to Hero\n|turn|2\n|inactive|ShaytheFair has 30 seconds left.\n|\n|t:|1682823879\n|-end|p1b: Iron Hands|Quark Drive|[silent]\n|switch|p1b: Jumpluff|Jumpluff, L50, F|100\/100\n|-terastallize|p1a: Iron Bundle|Ice\n|-terastallize|p2b: Fish Food|Water\n|move|p1a: Iron Bundle|Freeze-Dry|p2a: Cookies n Cream\n|-supereffective|p2a: Cookies n Cream\n|-crit|p2a: Cookies n Cream\n|-damage|p2a: Cookies n Cream|0 fnt\n|faint|p2a: Cookies n Cream\n|move|p2b: Fish Food|Wave Crash|p1b: Jumpluff\n|-resisted|p1b: Jumpluff\n|-damage|p1b: Jumpluff|29\/100\n|-damage|p2b: Fish Food|80\/100|[from] Recoil\n|\n|upkeep\n|\n|t:|1682823891\n|switch|p2a: Chocolate Cherry|Flutter Mane, L50|100\/100\n|-enditem|p2a: Chocolate Cherry|Booster Energy\n|-activate|p2a: Chocolate Cherry|ability: Protosynthesis|[fromitem]\n|-start|p2a: Chocolate Cherry|protosynthesisspa\n|turn|3\n|\n|t:|1682823905\n|move|p2b: Fish Food|Jet Punch|p1b: Jumpluff\n|-resisted|p1b: Jumpluff\n|-damage|p1b: Jumpluff|0 fnt\n|faint|p1b: Jumpluff\n|move|p1a: Iron Bundle|Icy Wind|p2b: Fish Food|[spread] p2a\n|-miss|p1a: Iron Bundle|p2b: Fish Food\n|-damage|p2a: Chocolate Cherry|72\/100\n|-unboost|p2a: Chocolate Cherry|spe|1\n|move|p2a: Chocolate Cherry|Dazzling Gleam|p1a: Iron Bundle\n|-crit|p1a: Iron Bundle\n|-damage|p1a: Iron Bundle|0 fnt\n|faint|p1a: Iron Bundle\n|-end|p1a: Iron Bundle|Quark Drive|[silent]\n|\n|upkeep\n|\n|t:|1682823911\n|switch|p1a: Great Tusk|Great Tusk, L50|100\/100\n|switch|p1b: Iron Hands|Iron Hands, L50, shiny|84\/100\n|turn|4\n|\n|t:|1682823930\n|move|p2a: Chocolate Cherry|Protect|p2a: Chocolate Cherry\n|-singleturn|p2a: Chocolate Cherry|Protect\n|move|p1b: Iron Hands|Fake Out|p2b: Fish Food\n|-damage|p2b: Fish Food|66\/100\n|move|p1a: Great Tusk|Headlong Rush|p2a: Chocolate Cherry\n|-activate|p2a: Chocolate Cherry|move: Protect\n|cant|p2b: Fish Food|flinch\n|\n|upkeep\n|turn|5\n|\n|t:|1682823947\n|move|p1a: Great Tusk|Headlong Rush|p2a: Chocolate Cherry\n|-damage|p2a: Chocolate Cherry|0 fnt\n|-unboost|p1a: Great Tusk|def|1\n|-unboost|p1a: Great Tusk|spd|1\n|faint|p2a: Chocolate Cherry\n|-end|p2a: Chocolate Cherry|Protosynthesis|[silent]\n|move|p2b: Fish Food|Wave Crash|p1a: Great Tusk\n|-supereffective|p1a: Great Tusk\n|-enditem|p1a: Great Tusk|Focus Sash\n|-damage|p1a: Great Tusk|1\/100\n|-damage|p2b: Fish Food|36\/100|[from] Recoil\n|move|p1b: Iron Hands|Wild Charge|p2b: Fish Food\n|-supereffective|p2b: Fish Food\n|-damage|p2b: Fish Food|0 fnt\n|faint|p2b: Fish Food\n|-damage|p1b: Iron Hands|76\/100|[from] Recoil\n|\n|win|rare kendi\n|c|\u2606ShaytheFair|GG\n","uploadtime":1682823965,"views":13,"p1id":"rarekendi","p2id":"shaythefair","formatid":"gen9vgc2023regulationc","rating":0,"private":0,"password":""}