{"id":"gen9vgc2023regulationc-1861571290","p1":"adrpen","p2":"Memebasedgod","format":"[Gen 9] VGC 2023 Regulation C","log":"|j|\u2606adrpen\n|j|\u2606Memebasedgod\n|t:|1683774824\n|gametype|doubles\n|player|p1|adrpen|preschooler|1098\n|player|p2|Memebasedgod|ash|1168\n|teamsize|p1|6\n|teamsize|p2|6\n|gen|9\n|tier|[Gen 9] VGC 2023 Regulation C\n|rated|\n|rule|Species Clause: Limit one of each Pok\u00e9mon\n|rule|Item Clause: Limit one of each item\n|clearpoke\n|poke|p1|Amoonguss, L50, M|\n|poke|p1|Palafin, L50, M|\n|poke|p1|Iron Hands, L50|\n|poke|p1|Arcanine, L50, M|\n|poke|p1|Flutter Mane, L50|\n|poke|p1|Dragonite, L50, M|\n|poke|p2|Sandy Shocks, L50|\n|poke|p2|Chi-Yu, L50|\n|poke|p2|Espathra, L50, M|\n|poke|p2|Annihilape, L50, F|\n|poke|p2|Indeedee-F, L50, F|\n|poke|p2|Sylveon, L50, M|\n|teampreview|4\n|inactive|Battle timer is ON: inactive players will automatically lose when time's up. (requested by Memebasedgod)\n|\n|t:|1683774891\n|start\n|switch|p1a: Palafin|Palafin, L50, M, shiny|100\/100\n|switch|p1b: Flutter Mane|Flutter Mane, L50|100\/100\n|switch|p2a: Annihilape|Annihilape, L50, F|100\/100\n|switch|p2b: Sandy Shocks|Sandy Shocks, L50, shiny|100\/100\n|-enditem|p1b: Flutter Mane|Booster Energy\n|-activate|p1b: Flutter Mane|ability: Protosynthesis|[fromitem]\n|-start|p1b: Flutter Mane|protosynthesisspa\n|-enditem|p2b: Sandy Shocks|Booster Energy\n|-activate|p2b: Sandy Shocks|ability: Protosynthesis|[fromitem]\n|-start|p2b: Sandy Shocks|protosynthesisspe\n|turn|1\n|inactive|adrpen has 30 seconds left.\n|\n|t:|1683774924\n|detailschange|p1a: Palafin|Palafin-Hero, L50, M, shiny\n|switch|p1a: Dragonite|Dragonite, L50, M|100\/100\n|-terastallize|p2a: Annihilape|Fire\n|move|p1b: Flutter Mane|Protect|p1b: Flutter Mane\n|-singleturn|p1b: Flutter Mane|Protect\n|move|p2b: Sandy Shocks|Thunderbolt|p1b: Flutter Mane\n|-activate|p1b: Flutter Mane|move: Protect\n|move|p2a: Annihilape|Rage Fist|p1b: Flutter Mane\n|-activate|p1b: Flutter Mane|move: Protect\n|\n|upkeep\n|turn|2\n|inactive|adrpen has 30 seconds left.\n|inactive|adrpen has 20 seconds left.\n|inactive|adrpen has 15 seconds left.\n|inactive|adrpen has 10 seconds left.\n|\n|t:|1683774970\n|-end|p1b: Flutter Mane|Protosynthesis|[silent]\n|switch|p1b: Iron Hands|Iron Hands, L50, shiny|100\/100\n|switch|p2a: Indeedee|Indeedee-F, L50, F|100\/100\n|-fieldstart|move: Psychic Terrain|[from] ability: Psychic Surge|[of] p2a: Indeedee\n|-enditem|p2a: Indeedee|Psychic Seed\n|-boost|p2a: Indeedee|spd|1|[from] item: Psychic Seed\n|move|p2b: Sandy Shocks|Earth Power|p1b: Iron Hands\n|-supereffective|p1b: Iron Hands\n|-damage|p1b: Iron Hands|53\/100\n|move|p1a: Dragonite|Dragon Dance|p1a: Dragonite\n|-boost|p1a: Dragonite|atk|1\n|-boost|p1a: Dragonite|spe|1\n|\n|upkeep\n|turn|3\n|inactive|adrpen has 30 seconds left.\n|inactive|adrpen has 20 seconds left.\n|inactive|Memebasedgod has 30 seconds left.\n|\n|t:|1683775008\n|-terastallize|p1b: Iron Hands|Grass\n|move|p2b: Sandy Shocks|Earth Power|p1b: Iron Hands\n|-resisted|p1b: Iron Hands\n|-damage|p1b: Iron Hands|42\/100\n|move|p1a: Dragonite|Dragon Dance|p1a: Dragonite\n|-boost|p1a: Dragonite|atk|1\n|-boost|p1a: Dragonite|spe|1\n|move|p2a: Indeedee|Psychic|p1b: Iron Hands\n|-damage|p1b: Iron Hands|23\/100\n|-unboost|p1b: Iron Hands|spd|1\n|move|p1b: Iron Hands|Drain Punch|p2b: Sandy Shocks\n|-damage|p2b: Sandy Shocks|57\/100\n|-heal|p1b: Iron Hands|39\/100|[from] drain|[of] p2b: Sandy Shocks\n|\n|upkeep\n|turn|4\n|inactive|adrpen has 30 seconds left.\n|\n|t:|1683775035\n|move|p1a: Dragonite|Tera Blast|p2b: Sandy Shocks\n|-damage|p2b: Sandy Shocks|35\/100\n|move|p2b: Sandy Shocks|Thunderbolt|p1b: Iron Hands\n|-resisted|p1b: Iron Hands\n|-damage|p1b: Iron Hands|20\/100\n|move|p1b: Iron Hands|Drain Punch|p2a: Indeedee\n|-damage|p2a: Indeedee|52\/100\n|-heal|p1b: Iron Hands|38\/100|[from] drain|[of] p2a: Indeedee\n|move|p2a: Indeedee|Trick Room|p2a: Indeedee\n|-fieldstart|move: Trick Room|[of] p2a: Indeedee\n|\n|upkeep\n|turn|5\n|inactive|adrpen has 30 seconds left.\n|inactive|adrpen has 20 seconds left.\n|\n|t:|1683775073\n|move|p1b: Iron Hands|Drain Punch|p2b: Sandy Shocks\n|-damage|p2b: Sandy Shocks|0 fnt\n|-heal|p1b: Iron Hands|50\/100|[from] drain|[of] p2b: Sandy Shocks\n|faint|p2b: Sandy Shocks\n|-end|p2b: Sandy Shocks|Protosynthesis|[silent]\n|move|p2a: Indeedee|Psychic|p1b: Iron Hands\n|-damage|p1b: Iron Hands|20\/100\n|-unboost|p1b: Iron Hands|spd|1\n|move|p1a: Dragonite|Tera Blast|p2a: Indeedee\n|-damage|p2a: Indeedee|42\/100\n|\n|upkeep\n|\n|t:|1683775086\n|switch|p2b: Annihilape|Annihilape, L50, F, tera:Fire|100\/100\n|turn|6\n|\n|t:|1683775106\n|move|p1b: Iron Hands|Drain Punch|p2a: Indeedee\n|-damage|p2a: Indeedee|0 fnt\n|-heal|p1b: Iron Hands|35\/100|[from] drain|[of] p2a: Indeedee\n|faint|p2a: Indeedee\n|move|p2b: Annihilape|Bulk Up|p2b: Annihilape\n|-boost|p2b: Annihilape|atk|1\n|-boost|p2b: Annihilape|def|1\n|move|p1a: Dragonite|Tera Blast|p2b: Annihilape\n|-damage|p2b: Annihilape|85\/100\n|\n|-fieldend|move: Psychic Terrain\n|upkeep\n|\n|t:|1683775116\n|switch|p2a: Chi-Yu|Chi-Yu, L50|100\/100\n|-ability|p2a: Chi-Yu|Beads of Ruin\n|turn|7\n|inactive|adrpen has 30 seconds left.\n|\n|t:|1683775144\n|-end|p1b: Iron Hands|Quark Drive|[silent]\n|switch|p1b: Palafin|Palafin-Hero, L50, M, shiny|100\/100\n|-activate|p1b: Palafin|ability: Zero to Hero\n|move|p2a: Chi-Yu|Protect|p2a: Chi-Yu\n|-singleturn|p2a: Chi-Yu|Protect\n|move|p2b: Annihilape|Rage Fist|p1b: Palafin\n|-crit|p1b: Palafin\n|-damage|p1b: Palafin|2\/100\n|move|p1a: Dragonite|Earthquake|p2a: Chi-Yu|[spread] p1b,p2b\n|-activate|p2a: Chi-Yu|move: Protect\n|-crit|p1b: Palafin\n|-supereffective|p2b: Annihilape\n|-damage|p1b: Palafin|0 fnt\n|-damage|p2b: Annihilape|9\/100\n|faint|p1b: Palafin\n|\n|upkeep\n|\n|t:|1683775160\n|switch|p1b: Iron Hands|Iron Hands, L50, shiny, tera:Grass|35\/100\n|turn|8\n|\n|t:|1683775169\n|move|p2b: Annihilape|Protect|p2b: Annihilape\n|-singleturn|p2b: Annihilape|Protect\n|move|p1b: Iron Hands|Fake Out|p2a: Chi-Yu\n|-damage|p2a: Chi-Yu|82\/100\n|move|p1a: Dragonite|Extreme Speed|p2b: Annihilape\n|-activate|p2b: Annihilape|move: Protect\n|cant|p2a: Chi-Yu|flinch\n|\n|-fieldend|move: Trick Room\n|upkeep\n|turn|9\n|\n|t:|1683775184\n|-end|p1b: Iron Hands|Quark Drive|[silent]\n|switch|p1b: Flutter Mane|Flutter Mane, L50|100\/100\n|move|p1a: Dragonite|Extreme Speed|p2b: Annihilape\n|-damage|p2b: Annihilape|0 fnt\n|faint|p2b: Annihilape\n|move|p2a: Chi-Yu|Heat Wave|p1a: Dragonite|[spread] p1a,p1b\n|-resisted|p1a: Dragonite\n|-damage|p1a: Dragonite|85\/100\n|-damage|p1b: Flutter Mane|50\/100\n|-status|p1b: Flutter Mane|brn\n|-damage|p2a: Chi-Yu|72\/100|[from] item: Life Orb\n|\n|-damage|p1b: Flutter Mane|43\/100 brn|[from] brn\n|upkeep\n|turn|10\n|\n|t:|1683775204\n|move|p1b: Flutter Mane|Protect|p1b: Flutter Mane\n|-singleturn|p1b: Flutter Mane|Protect\n|move|p1a: Dragonite|Earthquake|p2a: Chi-Yu|[spread] p2a\n|-activate|p1b: Flutter Mane|move: Protect\n|-supereffective|p2a: Chi-Yu\n|-damage|p2a: Chi-Yu|0 fnt\n|faint|p2a: Chi-Yu\n|\n|win|adrpen\n|raw|adrpen's rating: 1098 → 1128<\/strong> (+30 for winning)\n|raw|Memebasedgod's rating: 1168 → 1138<\/strong> (-30 for losing)\n|l|\u2606Memebasedgod\n","uploadtime":1683775221,"views":14,"p1id":"adrpen","p2id":"memebasedgod","formatid":"gen9vgc2023regulationc","rating":1128,"private":0,"password":""}