{"id":"gen9vgc2023regulationc-1845964314","p1":"thrillionaire","p2":"Nemo493","format":"[Gen 9] VGC 2023 Regulation C","log":"|j|\u2606thrillionaire\n|j|\u2606Nemo493\n|t:|1681784644\n|gametype|doubles\n|player|p1|thrillionaire|red-masters2|1179\n|player|p2|Nemo493|101|1172\n|teamsize|p1|6\n|teamsize|p2|6\n|gen|9\n|tier|[Gen 9] VGC 2023 Regulation C\n|rated|\n|rule|Species Clause: Limit one of each Pok\u00e9mon\n|rule|Item Clause: Limit one of each item\n|clearpoke\n|poke|p1|Gyarados, L50, M|\n|poke|p1|Flutter Mane, L50|\n|poke|p1|Orthworm, L50, F|\n|poke|p1|Ting-Lu, L50|\n|poke|p1|Rotom-Wash, L50|\n|poke|p1|Baxcalibur, L50, F|\n|poke|p2|Chi-Yu, L50|\n|poke|p2|Dachsbun, L50, M|\n|poke|p2|Pelipper, L50, M|\n|poke|p2|Farigiraf, L50, F|\n|poke|p2|Iron Bundle, L50|\n|poke|p2|Floatzel, L50, F|\n|teampreview|4\n|inactive|Battle timer is ON: inactive players will automatically lose when time's up. (requested by Nemo493)\n|inactive|thrillionaire has 60 seconds left.\n|\n|t:|1681784697\n|start\n|switch|p1a: Gyarados|Gyarados, L50, M|100\/100\n|switch|p1b: Rotom|Rotom-Wash, L50|100\/100\n|switch|p2a: Chi-Yu|Chi-Yu, L50|100\/100\n|switch|p2b: Dachsbun|Dachsbun, L50, M|100\/100\n|-ability|p2a: Chi-Yu|Beads of Ruin\n|-ability|p1a: Gyarados|Intimidate|boost\n|-unboost|p2a: Chi-Yu|atk|1\n|-unboost|p2b: Dachsbun|atk|1\n|turn|1\n|\n|t:|1681784721\n|-terastallize|p2b: Dachsbun|Fighting\n|move|p2a: Chi-Yu|Lava Plume|p1b: Rotom|[spread] p1a,p1b\n|-ability|p2b: Dachsbun|Well-Baked Body|boost\n|-boost|p2b: Dachsbun|def|2\n|-resisted|p1a: Gyarados\n|-resisted|p1b: Rotom\n|-damage|p1a: Gyarados|85\/100\n|-damage|p1b: Rotom|77\/100\n|-status|p1a: Gyarados|brn\n|-enditem|p1a: Gyarados|Lum Berry|[eat]\n|-curestatus|p1a: Gyarados|brn|[msg]\n|move|p1b: Rotom|Hydro Pump|p2a: Chi-Yu\n|-supereffective|p2a: Chi-Yu\n|-enditem|p2a: Chi-Yu|Focus Sash\n|-damage|p2a: Chi-Yu|1\/100\n|move|p2b: Dachsbun|Body Press|p1b: Rotom\n|-damage|p1b: Rotom|0 fnt\n|faint|p1b: Rotom\n|move|p1a: Gyarados|Thunder Wave|p2a: Chi-Yu\n|-status|p2a: Chi-Yu|par\n|\n|upkeep\n|\n|t:|1681784740\n|switch|p1b: Flutter Mane|Flutter Mane, L50, shiny|100\/100\n|-enditem|p1b: Flutter Mane|Booster Energy\n|-activate|p1b: Flutter Mane|ability: Protosynthesis|[fromitem]\n|-start|p1b: Flutter Mane|protosynthesisspa\n|turn|2\n|\n|t:|1681784761\n|switch|p2a: Pelipper|Pelipper, L50, M|100\/100\n|-weather|RainDance|[from] ability: Drizzle|[of] p2a: Pelipper\n|-terastallize|p1b: Flutter Mane|Fairy\n|move|p1b: Flutter Mane|Dazzling Gleam|p2a: Pelipper|[spread] p2a,p2b\n|-supereffective|p2b: Dachsbun\n|-damage|p2a: Pelipper|26\/100\n|-damage|p2b: Dachsbun|10\/100\n|-enditem|p2a: Pelipper|Sitrus Berry|[eat]\n|-heal|p2a: Pelipper|51\/100|[from] item: Sitrus Berry\n|move|p2b: Dachsbun|Snarl|p1a: Gyarados|[spread] p1a,p1b\n|-resisted|p1b: Flutter Mane\n|-damage|p1a: Gyarados|82\/100\n|-damage|p1b: Flutter Mane|98\/100\n|-unboost|p1a: Gyarados|spa|1\n|-unboost|p1b: Flutter Mane|spa|1\n|move|p1a: Gyarados|Waterfall|p2b: Dachsbun\n|-damage|p2b: Dachsbun|0 fnt\n|faint|p2b: Dachsbun\n|\n|-weather|RainDance|[upkeep]\n|upkeep\n|\n|t:|1681784776\n|switch|p2b: Iron Bundle|Iron Bundle, L50|100\/100\n|-enditem|p2b: Iron Bundle|Booster Energy\n|-activate|p2b: Iron Bundle|ability: Quark Drive|[fromitem]\n|-start|p2b: Iron Bundle|quarkdrivespe\n|turn|3\n|\n|t:|1681784797\n|switch|p1a: Ting-Lu|Ting-Lu, L50|100\/100\n|-ability|p1a: Ting-Lu|Vessel of Ruin\n|move|p2b: Iron Bundle|Freeze-Dry|p1a: Ting-Lu\n|-supereffective|p1a: Ting-Lu\n|-damage|p1a: Ting-Lu|72\/100\n|move|p1b: Flutter Mane|Moonblast|p2b: Iron Bundle\n|-damage|p2b: Iron Bundle|10\/100\n|move|p2a: Pelipper|Hydro Pump|p1b: Flutter Mane\n|-damage|p1b: Flutter Mane|42\/100\n|\n|-weather|RainDance|[upkeep]\n|upkeep\n|turn|4\n|\n|t:|1681784817\n|move|p1b: Flutter Mane|Protect|p1b: Flutter Mane\n|-singleturn|p1b: Flutter Mane|Protect\n|move|p2b: Iron Bundle|Hydro Pump|p1b: Flutter Mane\n|-activate|p1b: Flutter Mane|move: Protect\n|move|p2a: Pelipper|Hydro Pump|p1a: Ting-Lu\n|-supereffective|p1a: Ting-Lu\n|-damage|p1a: Ting-Lu|15\/100\n|move|p1a: Ting-Lu|Rock Slide|p2b: Iron Bundle|[spread] p2a,p2b\n|-supereffective|p2a: Pelipper\n|-supereffective|p2b: Iron Bundle\n|-damage|p2a: Pelipper|15\/100\n|-damage|p2b: Iron Bundle|0 fnt\n|faint|p2b: Iron Bundle\n|-end|p2b: Iron Bundle|Quark Drive|[silent]\n|\n|-weather|RainDance|[upkeep]\n|upkeep\n|\n|t:|1681784826\n|switch|p2b: Chi-Yu|Chi-Yu, L50|1\/100 par\n|-ability|p2b: Chi-Yu|Beads of Ruin\n|turn|5\n|-message|Nemo493 forfeited.\n|\n|win|thrillionaire\n|raw|thrillionaire's rating: 1179 → 1203<\/strong> (+24 for winning)\n|raw|Nemo493's rating: 1172 → 1148<\/strong> (-24 for losing)\n|l|\u2606Nemo493\n|c|\u2606thrillionaire|gg\n","uploadtime":1681784840,"views":13,"p1id":"thrillionaire","p2id":"nemo493","formatid":"gen9vgc2023regulationc","rating":1148,"private":0,"password":""}