{"id":"gen9vgc2023regulationc-1846711780","p1":"Gill x Mayhem","p2":"Kuriboh448","format":"[Gen 9] VGC 2023 Regulation C","log":"|j|\u2606Gill x Mayhem\n|j|\u2606Kuriboh448\n|t:|1681868859\n|gametype|doubles\n|player|p1|Gill x Mayhem|1|\n|player|p2|Kuriboh448|102|\n|teamsize|p1|6\n|teamsize|p2|6\n|gen|9\n|tier|[Gen 9] VGC 2023 Regulation C\n|rule|Species Clause: Limit one of each Pok\u00e9mon\n|rule|Item Clause: Limit one of each item\n|clearpoke\n|poke|p1|Chien-Pao, L50|\n|poke|p1|Dragonite, L50, F|\n|poke|p1|Farigiraf, L50, F|\n|poke|p1|Annihilape, L50, M|\n|poke|p1|Amoonguss, L50, F|\n|poke|p1|Iron Hands, L50|\n|poke|p2|Iron Bundle, L50|\n|poke|p2|Corviknight, L50, M|\n|poke|p2|Abomasnow, L50, M|\n|poke|p2|Garchomp, L50, M|\n|poke|p2|Chi-Yu, L50|\n|poke|p2|Flutter Mane, L50|\n|teampreview|4\nGill x Mayhem has agreed to open team sheets.\n|c|\u2606Kuriboh448|G3\nKuriboh448 has agreed to open team sheets.\n|\n|t:|1681869286\n|start\n|switch|p1a: Farigiraf|Farigiraf, L50, F|100\/100\n|switch|p1b: Annihilape|Annihilape, L50, M|100\/100\n|switch|p2a: Chi-Yu|Chi-Yu, L50|100\/100\n|switch|p2b: Flutter Mane|Flutter Mane, L50|100\/100\n|-ability|p2a: Chi-Yu|Beads of Ruin\n|turn|1\n|\n|t:|1681869312\n|-terastallize|p2b: Flutter Mane|Fairy\n|-terastallize|p1b: Annihilape|Poison\n|move|p2b: Flutter Mane|Dazzling Gleam|p1b: Annihilape|[spread] p1a,p1b\n|-resisted|p1b: Annihilape\n|-damage|p1a: Farigiraf|27\/100\n|-damage|p1b: Annihilape|71\/100\n|move|p2a: Chi-Yu|Heat Wave|p1a: Farigiraf|[spread] p1a,p1b\n|-damage|p1a: Farigiraf|0 fnt\n|-damage|p1b: Annihilape|23\/100\n|-status|p1b: Annihilape|brn\n|faint|p1a: Farigiraf\n|-damage|p2a: Chi-Yu|91\/100|[from] item: Life Orb\n|move|p1b: Annihilape|Drain Punch|p2a: Chi-Yu\n|-supereffective|p2a: Chi-Yu\n|-damage|p2a: Chi-Yu|38\/100\n|-heal|p1b: Annihilape|40\/100 brn|[from] drain|[of] p2a: Chi-Yu\n|\n|-heal|p1b: Annihilape|46\/100 brn|[from] item: Leftovers\n|-damage|p1b: Annihilape|40\/100 brn|[from] brn\n|upkeep\n|\n|t:|1681869327\n|switch|p1a: Chien-Pao|Chien-Pao, L50|100\/100\n|-ability|p1a: Chien-Pao|Sword of Ruin\n|turn|2\n|\n|t:|1681869346\n|move|p2a: Chi-Yu|Protect|p2a: Chi-Yu\n|-singleturn|p2a: Chi-Yu|Protect\n|move|p1b: Annihilape|Protect|p1b: Annihilape\n|-singleturn|p1b: Annihilape|Protect\n|move|p1a: Chien-Pao|Sacred Sword|p2a: Chi-Yu\n|-activate|p2a: Chi-Yu|move: Protect\n|move|p2b: Flutter Mane|Dazzling Gleam|p1a: Chien-Pao|[spread] p1a\n|-activate|p1b: Annihilape|move: Protect\n|-supereffective|p1a: Chien-Pao\n|-enditem|p1a: Chien-Pao|Focus Sash\n|-damage|p1a: Chien-Pao|1\/100\n|\n|-heal|p1b: Annihilape|46\/100 brn|[from] item: Leftovers\n|-damage|p1b: Annihilape|40\/100 brn|[from] brn\n|upkeep\n|turn|3\n|\n|t:|1681869361\n|switch|p2a: Corviknight|Corviknight, L50, M|100\/100\n|move|p1a: Chien-Pao|Sucker Punch||[still]\n|-fail|p1a: Chien-Pao\n|move|p2b: Flutter Mane|Dazzling Gleam|p1b: Annihilape|[spread] p1a,p1b\n|-supereffective|p1a: Chien-Pao\n|-resisted|p1b: Annihilape\n|-damage|p1a: Chien-Pao|0 fnt\n|-damage|p1b: Annihilape|17\/100 brn\n|faint|p1a: Chien-Pao\n|move|p1b: Annihilape|Rage Fist|p2b: Flutter Mane\n|-crit|p2b: Flutter Mane\n|-damage|p2b: Flutter Mane|0 fnt\n|faint|p2b: Flutter Mane\n|-end|p2b: Flutter Mane|Protosynthesis|[silent]\n|\n|-heal|p1b: Annihilape|23\/100 brn|[from] item: Leftovers\n|-damage|p1b: Annihilape|17\/100 brn|[from] brn\n|upkeep\n|\n|t:|1681869378\n|switch|p1a: Iron Hands|Iron Hands, L50|100\/100\n|switch|p2b: Iron Bundle|Iron Bundle, L50|100\/100\n|-enditem|p2b: Iron Bundle|Booster Energy\n|-activate|p2b: Iron Bundle|ability: Quark Drive|[fromitem]\n|-start|p2b: Iron Bundle|quarkdrivespe\n|turn|4\n|\n|t:|1681869391\n|move|p2b: Iron Bundle|Protect|p2b: Iron Bundle\n|-singleturn|p2b: Iron Bundle|Protect\n|move|p1a: Iron Hands|Fake Out|p2b: Iron Bundle\n|-activate|p2b: Iron Bundle|move: Protect\n|move|p2a: Corviknight|Bulk Up|p2a: Corviknight\n|-boost|p2a: Corviknight|atk|1\n|-boost|p2a: Corviknight|def|1\n|move|p1b: Annihilape|Rage Fist|p2a: Corviknight\n|-damage|p2a: Corviknight|80\/100\n|\n|-heal|p2a: Corviknight|86\/100|[from] item: Leftovers\n|-heal|p1b: Annihilape|23\/100 brn|[from] item: Leftovers\n|-damage|p1b: Annihilape|17\/100 brn|[from] brn\n|upkeep\n|turn|5\n|\n|t:|1681869411\n|move|p1b: Annihilape|Protect|p1b: Annihilape\n|-singleturn|p1b: Annihilape|Protect\n|move|p2b: Iron Bundle|Hydro Pump|p1a: Iron Hands\n|-damage|p1a: Iron Hands|65\/100\n|move|p2a: Corviknight|Brave Bird|p1b: Annihilape\n|-activate|p1b: Annihilape|move: Protect\n|move|p1a: Iron Hands|Drain Punch|p2b: Iron Bundle\n|-supereffective|p2b: Iron Bundle\n|-damage|p2b: Iron Bundle|4\/100\n|-heal|p1a: Iron Hands|90\/100|[from] drain|[of] p2b: Iron Bundle\n|\n|-heal|p2a: Corviknight|92\/100|[from] item: Leftovers\n|-heal|p1b: Annihilape|23\/100 brn|[from] item: Leftovers\n|-damage|p1b: Annihilape|17\/100 brn|[from] brn\n|upkeep\n|turn|6\n|\n|t:|1681869427\n|move|p2b: Iron Bundle|Hydro Pump|p1a: Iron Hands\n|-damage|p1a: Iron Hands|48\/100\n|move|p2a: Corviknight|Brave Bird|p1b: Annihilape\n|-damage|p1b: Annihilape|0 fnt\n|faint|p1b: Annihilape\n|-damage|p2a: Corviknight|86\/100|[from] Recoil\n|move|p1a: Iron Hands|Drain Punch|p2b: Iron Bundle\n|-supereffective|p2b: Iron Bundle\n|-damage|p2b: Iron Bundle|0 fnt\n|-heal|p1a: Iron Hands|49\/100|[from] drain|[of] p2b: Iron Bundle\n|faint|p2b: Iron Bundle\n|-end|p2b: Iron Bundle|Quark Drive|[silent]\n|\n|-heal|p2a: Corviknight|92\/100|[from] item: Leftovers\n|upkeep\n|\n|t:|1681869440\n|switch|p2b: Chi-Yu|Chi-Yu, L50|38\/100\n|-ability|p2b: Chi-Yu|Beads of Ruin\n|turn|7\n|\n|t:|1681869446\n|move|p2b: Chi-Yu|Heat Wave|p1a: Iron Hands\n|-damage|p1a: Iron Hands|0 fnt\n|faint|p1a: Iron Hands\n|-end|p1a: Iron Hands|Quark Drive|[silent]\n|-damage|p2b: Chi-Yu|28\/100|[from] item: Life Orb\n|\n|win|Kuriboh448\n|c|\u2606Gill x Mayhem|ggs\n|c|\u2606Kuriboh448|ggs\n","uploadtime":1681869458,"views":12,"p1id":"gillxmayhem","p2id":"kuriboh448","formatid":"gen9vgc2023regulationc","rating":0,"private":0,"password":""}