{"id":"gen9vgc2023regulationc-1859183979","p1":"Herewegoezagain","p2":"Dohers","format":"[Gen 9] VGC 2023 Regulation C","log":"|j|\u2606Herewegoezagain\n|j|\u2606Dohers\n|t:|1683414888\n|gametype|doubles\n|player|p1|Herewegoezagain|ethan|1295\n|player|p2|Dohers|2|1191\n|teamsize|p1|6\n|teamsize|p2|6\n|gen|9\n|tier|[Gen 9] VGC 2023 Regulation C\n|rated|\n|rule|Species Clause: Limit one of each Pok\u00e9mon\n|rule|Item Clause: Limit one of each item\n|clearpoke\n|poke|p1|Tyranitar, L50, M|\n|poke|p1|Iron Hands, L50|\n|poke|p1|Hatterene, L50, F|\n|poke|p1|Indeedee-F, L50, F|\n|poke|p1|Brute Bonnet, L50|\n|poke|p1|Lycanroc, L50, F|\n|poke|p2|Palafin, L50, F|\n|poke|p2|Arcanine, L50, F|\n|poke|p2|Amoonguss, L50, F|\n|poke|p2|Chien-Pao, L50|\n|poke|p2|Flutter Mane, L50|\n|poke|p2|Dragonite, L50, F|\n|teampreview|4\nDohers has agreed to open team sheets.\n|\n|t:|1683414922\n|start\n|switch|p1a: Hatterene|Hatterene, L50, F|100\/100\n|switch|p1b: Indeedee|Indeedee-F, L50, F|100\/100\n|switch|p2a: Palafin|Palafin, L50, F|100\/100\n|switch|p2b: Flutter Mane|Flutter Mane, L50|100\/100\n|-fieldstart|move: Psychic Terrain|[from] ability: Psychic Surge|[of] p1b: Indeedee\n|turn|1\n|\n|t:|1683414943\n|detailschange|p2a: Palafin|Palafin-Hero, L50, F\n|switch|p2a: Arcanine|Arcanine, L50, F|100\/100\n|-ability|p2a: Arcanine|Intimidate|boost\n|-unboost|p1a: Hatterene|atk|1\n|-unboost|p1b: Indeedee|atk|1\n|move|p1b: Indeedee|Follow Me|p1b: Indeedee\n|-singleturn|p1b: Indeedee|move: Follow Me\n|move|p2b: Flutter Mane|Dazzling Gleam|p1b: Indeedee|[spread] p1a,p1b\n|-damage|p1a: Hatterene|58\/100\n|-damage|p1b: Indeedee|58\/100\n|move|p1a: Hatterene|Trick Room|p1a: Hatterene\n|-fieldstart|move: Trick Room|[of] p1a: Hatterene\n|\n|upkeep\n|turn|2\n|\n|t:|1683414962\n|-end|p2b: Flutter Mane|Protosynthesis|[silent]\n|switch|p2b: Chien-Pao|Chien-Pao, L50|100\/100\n|-ability|p2b: Chien-Pao|Sword of Ruin\n|move|p2a: Arcanine|Protect|p2a: Arcanine\n|-singleturn|p2a: Arcanine|Protect\n|move|p1a: Hatterene|Psychic|p2a: Arcanine\n|-activate|p2a: Arcanine|move: Protect\n|move|p1b: Indeedee|Heal Pulse|p1a: Hatterene\n|move|p1a: Hatterene|Heal Pulse|p1b: Indeedee|[from]ability: Magic Bounce\n|-heal|p1b: Indeedee|100\/100\n|\n|upkeep\n|turn|3\n|c|\u2606Dohers|interesting tech\n|\n|t:|1683414994\n|move|p2b: Chien-Pao|Protect|p2b: Chien-Pao\n|-singleturn|p2b: Chien-Pao|Protect\n|move|p1b: Indeedee|Follow Me|p1b: Indeedee\n|-singleturn|p1b: Indeedee|move: Follow Me\n|move|p1a: Hatterene|Psychic|p2a: Arcanine\n|-damage|p2a: Arcanine|9\/100\n|-damage|p1a: Hatterene|48\/100|[from] item: Life Orb\n|move|p2a: Arcanine|Flare Blitz|p1b: Indeedee\n|-damage|p1b: Indeedee|47\/100\n|-damage|p2a: Arcanine|0 fnt|[from] item: Rocky Helmet|[of] p1b: Indeedee\n|faint|p2a: Arcanine\n|\n|upkeep\n|\n|t:|1683415008\n|switch|p2a: Palafin|Palafin-Hero, L50, F|100\/100\n|-activate|p2a: Palafin|ability: Zero to Hero\n|turn|4\n|\n|t:|1683415027\n|switch|p2b: Flutter Mane|Flutter Mane, L50|100\/100\n|move|p2a: Palafin|Protect|p2a: Palafin\n|-singleturn|p2a: Palafin|Protect\n|move|p1a: Hatterene|Dazzling Gleam|p2b: Flutter Mane|[spread] p2b\n|-activate|p2a: Palafin|move: Protect\n|-damage|p2b: Flutter Mane|60\/100\n|-damage|p1a: Hatterene|38\/100|[from] item: Life Orb\n|move|p1b: Indeedee|Heal Pulse|p1a: Hatterene\n|move|p1a: Hatterene|Heal Pulse|p1b: Indeedee|[from]ability: Magic Bounce\n|-heal|p1b: Indeedee|98\/100\n|\n|upkeep\n|turn|5\n|\n|t:|1683415065\n|move|p1a: Hatterene|Dazzling Gleam|p2b: Flutter Mane|[spread] p2a,p2b\n|-damage|p2a: Palafin|55\/100\n|-damage|p2b: Flutter Mane|24\/100\n|-damage|p1a: Hatterene|29\/100|[from] item: Life Orb\n|move|p1b: Indeedee|Psychic|p2b: Flutter Mane\n|-damage|p2b: Flutter Mane|0 fnt\n|faint|p2b: Flutter Mane\n|-end|p2b: Flutter Mane|Protosynthesis|[silent]\n|move|p2a: Palafin|Wave Crash|p1b: Indeedee\n|-damage|p1b: Indeedee|18\/100\n|-damage|p2a: Palafin|38\/100|[from] item: Rocky Helmet|[of] p1b: Indeedee\n|-damage|p2a: Palafin|15\/100|[from] Recoil\n|\n|-fieldend|move: Trick Room\n|-fieldend|move: Psychic Terrain\n|upkeep\n|\n|t:|1683415078\n|switch|p2b: Chien-Pao|Chien-Pao, L50|100\/100\n|-ability|p2b: Chien-Pao|Sword of Ruin\n|turn|6\n|\n|t:|1683415122\n|switch|p1b: Tyranitar|Tyranitar, L50, M|100\/100\n|-weather|Sandstorm|[from] ability: Sand Stream|[of] p1b: Tyranitar\n|move|p2b: Chien-Pao|Ice Shard|p1b: Tyranitar\n|-damage|p1b: Tyranitar|77\/100\n|move|p2a: Palafin|Jet Punch|p1a: Hatterene\n|-damage|p1a: Hatterene|0 fnt\n|faint|p1a: Hatterene\n|\n|-weather|Sandstorm|[upkeep]\n|-damage|p2b: Chien-Pao|95\/100|[from] Sandstorm\n|-damage|p2a: Palafin|10\/100|[from] Sandstorm\n|upkeep\n|\n|t:|1683415133\n|switch|p1a: Indeedee|Indeedee-F, L50, F|18\/100\n|-fieldstart|move: Psychic Terrain|[from] ability: Psychic Surge|[of] p1a: Indeedee\n|turn|7\n|\n|t:|1683415144\n|move|p1a: Indeedee|Follow Me|p1a: Indeedee\n|-singleturn|p1a: Indeedee|move: Follow Me\n|move|p2b: Chien-Pao|Ice Spinner|p1a: Indeedee\n|-damage|p1a: Indeedee|0 fnt\n|-fieldend|move: Psychic Terrain\n|-damage|p2b: Chien-Pao|78\/100|[from] item: Rocky Helmet|[of] p1a: Indeedee\n|faint|p1a: Indeedee\n|move|p2a: Palafin|Wave Crash|p1b: Tyranitar\n|-supereffective|p1b: Tyranitar\n|-damage|p1b: Tyranitar|0 fnt\n|faint|p1b: Tyranitar\n|-damage|p2a: Palafin|0 fnt|[from] Recoil\n|faint|p2a: Palafin\n|\n|-weather|Sandstorm|[upkeep]\n|-damage|p2b: Chien-Pao|72\/100|[from] Sandstorm\n|upkeep\n|\n|t:|1683415158\n|switch|p1b: Brute Bonnet|Brute Bonnet, L50|100\/100\n|turn|8\n|\n|t:|1683415166\n|-terastallize|p1b: Brute Bonnet|Poison\n|move|p2b: Chien-Pao|Protect|p2b: Chien-Pao\n|-singleturn|p2b: Chien-Pao|Protect\n|move|p1b: Brute Bonnet|Spore|p2b: Chien-Pao\n|-activate|p2b: Chien-Pao|move: Protect\n|\n|-weather|Sandstorm|[upkeep]\n|-damage|p2b: Chien-Pao|67\/100|[from] Sandstorm\n|-damage|p1b: Brute Bonnet|95\/100|[from] Sandstorm\n|upkeep\n|turn|9\n|\n|t:|1683415185\n|move|p2b: Chien-Pao|Throat Chop|p1b: Brute Bonnet\n|-damage|p1b: Brute Bonnet|54\/100\n|-start|p1b: Brute Bonnet|Throat Chop|[silent]\n|move|p1b: Brute Bonnet|Spore|p2b: Chien-Pao\n|-status|p2b: Chien-Pao|slp|[from] move: Spore\n|\n|-weather|Sandstorm|[upkeep]\n|-damage|p2b: Chien-Pao|61\/100 slp|[from] Sandstorm\n|-damage|p1b: Brute Bonnet|48\/100|[from] Sandstorm\n|upkeep\n|turn|10\n|\n|t:|1683415198\n|cant|p2b: Chien-Pao|slp\n|move|p1b: Brute Bonnet|Bullet Seed|p2b: Chien-Pao\n|-damage|p2b: Chien-Pao|42\/100 slp\n|-damage|p2b: Chien-Pao|22\/100 slp\n|-damage|p2b: Chien-Pao|2\/100 slp\n|-damage|p2b: Chien-Pao|0 fnt\n|faint|p2b: Chien-Pao\n|-hitcount|p2: Chien-Pao|4\n|\n|win|Herewegoezagain\n|raw|Herewegoezagain's rating: 1295 → 1313<\/strong> (+18 for winning)\n|raw|Dohers's rating: 1191 → 1173<\/strong> (-18 for losing)\n|c|\u2606Dohers|gg wp\n|c|\u2606Herewegoezagain|same!\n|c|\u2606Herewegoezagain|I thought I threw\n","uploadtime":1683415225,"views":8,"p1id":"herewegoezagain","p2id":"dohers","formatid":"gen9vgc2023regulationc","rating":1173,"private":0,"password":""}