{"id":"gen9vgc2023regulationc-1848965176","p1":"foiledfeline","p2":"todomoko","format":"[Gen 9] VGC 2023 Regulation C","log":"|j|\u2606foiledfeline\n|j|\u2606todomoko\n|t:|1682132030\n|gametype|doubles\n|player|p1|foiledfeline|steven|1307\n|player|p2|todomoko|2|1317\n|teamsize|p1|6\n|teamsize|p2|6\n|gen|9\n|tier|[Gen 9] VGC 2023 Regulation C\n|rated|\n|rule|Species Clause: Limit one of each Pok\u00e9mon\n|rule|Item Clause: Limit one of each item\n|clearpoke\n|poke|p1|Flutter Mane, L50|\n|poke|p1|Talonflame, L50, F|\n|poke|p1|Baxcalibur, L50, M|\n|poke|p1|Ting-Lu, L50|\n|poke|p1|Gyarados, L50, F|\n|poke|p1|Breloom, L50, M|\n|poke|p2|Maushold-Four, L50|\n|poke|p2|Ting-Lu, L50|\n|poke|p2|Flutter Mane, L50|\n|poke|p2|Grimmsnarl, L50, M|\n|poke|p2|Kilowattrel, L50, F|\n|poke|p2|Arcanine, L50, F|\n|teampreview|4\nfoiledfeline has agreed to open team sheets.\n|\n|t:|1682132091\n|start\n|switch|p1a: Talonflame|Talonflame, L50, F|100\/100\n|switch|p1b: Baxcalibur|Baxcalibur, L50, M|100\/100\n|switch|p2a: Ting-Lu|Ting-Lu, L50|100\/100\n|switch|p2b: Grimmsnarl|Grimmsnarl, L50, M|100\/100\n|-ability|p2a: Ting-Lu|Vessel of Ruin\n|turn|1\n|\n|t:|1682132127\n|switch|p1a: Ting-Lu|Ting-Lu, L50|100\/100\n|-ability|p1a: Ting-Lu|Vessel of Ruin\n|move|p2b: Grimmsnarl|Reflect|p2b: Grimmsnarl\n|-sidestart|p2: todomoko|Reflect\n|move|p1b: Baxcalibur|Glaive Rush|p2a: Ting-Lu\n|-damage|p2a: Ting-Lu|77\/100\n|-singlemove|p1b: Baxcalibur|Glaive Rush|[silent]\n|move|p2a: Ting-Lu|Rock Tomb|p1a: Ting-Lu\n|-resisted|p1a: Ting-Lu\n|-damage|p1a: Ting-Lu|96\/100\n|-unboost|p1a: Ting-Lu|spe|1\n|\n|-heal|p1a: Ting-Lu|100\/100|[from] item: Leftovers\n|upkeep\n|turn|2\n|\n|t:|1682132162\n|switch|p2b: Maushold|Maushold-Four, L50|100\/100\n|move|p1b: Baxcalibur|Protect|p1b: Baxcalibur\n|-singleturn|p1b: Baxcalibur|Protect\n|move|p2a: Ting-Lu|Heavy Slam|p1b: Baxcalibur\n|-activate|p1b: Baxcalibur|move: Protect\n|move|p1a: Ting-Lu|Heavy Slam|p2b: Maushold\n|-crit|p2b: Maushold\n|-damage|p2b: Maushold|0 fnt\n|faint|p2b: Maushold\n|\n|upkeep\n|\n|t:|1682132173\n|switch|p2b: Arcanine|Arcanine, L50, F|100\/100\n|-ability|p2b: Arcanine|Intimidate|boost\n|-unboost|p1a: Ting-Lu|atk|1\n|-fail|p1b: Baxcalibur|unboost|[from] item: Clear Amulet|[of] p1b: Baxcalibur\n|turn|3\n|\n|t:|1682132208\n|switch|p1a: Talonflame|Talonflame, L50, F|100\/100\n|-terastallize|p1b: Baxcalibur|Poison\n|move|p2b: Arcanine|Howl|p2b: Arcanine|[spread] p2a,p2b\n|-boost|p2a: Ting-Lu|atk|1\n|-boost|p2b: Arcanine|atk|1\n|move|p1b: Baxcalibur|Earthquake|p2a: Ting-Lu|[spread] p2a,p2b\n|-immune|p1a: Talonflame\n|-supereffective|p2b: Arcanine\n|-damage|p2a: Ting-Lu|67\/100\n|-damage|p2b: Arcanine|44\/100\n|move|p2a: Ting-Lu|Heavy Slam|p1b: Baxcalibur\n|-damage|p1b: Baxcalibur|73\/100\n|\n|upkeep\n|turn|4\n|\n|t:|1682132246\n|move|p2b: Arcanine|Protect|p2b: Arcanine\n|-singleturn|p2b: Arcanine|Protect\n|move|p1a: Talonflame|Tailwind|p1a: Talonflame\n|-sidestart|p1: foiledfeline|move: Tailwind\n|move|p1b: Baxcalibur|Earthquake|p2b: Arcanine|[spread] p2a\n|-activate|p2b: Arcanine|move: Protect\n|-immune|p1a: Talonflame\n|-damage|p2a: Ting-Lu|58\/100\n|move|p2a: Ting-Lu|Rock Tomb|p1a: Talonflame\n|-supereffective|p1a: Talonflame\n|-crit|p1a: Talonflame\n|-damage|p1a: Talonflame|0 fnt\n|faint|p1a: Talonflame\n|\n|upkeep\n|\n|t:|1682132269\n|switch|p1a: Ting-Lu|Ting-Lu, L50|100\/100\n|-ability|p1a: Ting-Lu|Vessel of Ruin\n|turn|5\n|\n|t:|1682132305\n|move|p1a: Ting-Lu|Protect|p1a: Ting-Lu\n|-singleturn|p1a: Ting-Lu|Protect\n|move|p1b: Baxcalibur|Earthquake|p2a: Ting-Lu|[spread] p2a,p2b\n|-activate|p1a: Ting-Lu|move: Protect\n|-supereffective|p2b: Arcanine\n|-damage|p2a: Ting-Lu|48\/100\n|-damage|p2b: Arcanine|0 fnt\n|faint|p2b: Arcanine\n|move|p2a: Ting-Lu|Stomping Tantrum|p1b: Baxcalibur\n|-supereffective|p1b: Baxcalibur\n|-damage|p1b: Baxcalibur|0 fnt\n|faint|p1b: Baxcalibur\n|\n|-sideend|p2: todomoko|Reflect\n|upkeep\n|\n|t:|1682132316\n|switch|p2b: Grimmsnarl|Grimmsnarl, L50, M|100\/100\n|switch|p1b: Flutter Mane|Flutter Mane, L50|100\/100\n|-enditem|p1b: Flutter Mane|Booster Energy\n|-activate|p1b: Flutter Mane|ability: Protosynthesis|[fromitem]\n|-start|p1b: Flutter Mane|protosynthesisspa\n|turn|6\n|\n|t:|1682132345\n|-terastallize|p2b: Grimmsnarl|Steel\n|move|p1b: Flutter Mane|Protect|p1b: Flutter Mane\n|-singleturn|p1b: Flutter Mane|Protect\n|move|p2b: Grimmsnarl|Light Screen|p2b: Grimmsnarl\n|-sidestart|p2: todomoko|move: Light Screen\n|move|p1a: Ting-Lu|Heavy Slam|p2b: Grimmsnarl\n|-resisted|p2b: Grimmsnarl\n|-damage|p2b: Grimmsnarl|80\/100\n|move|p2a: Ting-Lu|Heavy Slam|p1b: Flutter Mane\n|-activate|p1b: Flutter Mane|move: Protect\n|\n|upkeep\n|turn|7\n|\n|t:|1682132377\n|move|p2b: Grimmsnarl|Sucker Punch|p1b: Flutter Mane\n|-damage|p1b: Flutter Mane|60\/100\n|move|p1b: Flutter Mane|Moonblast|p2a: Ting-Lu\n|-supereffective|p2a: Ting-Lu\n|-damage|p2a: Ting-Lu|18\/100\n|-unboost|p2a: Ting-Lu|spa|1\n|move|p1a: Ting-Lu|Earthquake|p2a: Ting-Lu|[spread] p1b,p2a,p2b\n|-supereffective|p2b: Grimmsnarl\n|-damage|p1b: Flutter Mane|5\/100\n|-damage|p2a: Ting-Lu|0 fnt\n|-damage|p2b: Grimmsnarl|0 fnt\n|faint|p2a: Ting-Lu\n|faint|p2b: Grimmsnarl\n|\n|win|foiledfeline\n|raw|foiledfeline's rating: 1307 → 1328<\/strong> (+21 for winning)\n|raw|todomoko's rating: 1317 → 1296<\/strong> (-21 for losing)\n","uploadtime":1682132391,"views":9,"p1id":"foiledfeline","p2id":"todomoko","formatid":"gen9vgc2023regulationc","rating":1296,"private":0,"password":""}