{"id":"gen9vgc2023regulationc-1852284945","p1":"Aperol Spinda","p2":"DarkFlame2013","format":"[Gen 9] VGC 2023 Regulation C","log":"|j|\u2606Aperol Spinda\n|j|\u2606DarkFlame2013\n|t:|1682540057\n|gametype|doubles\n|player|p1|Aperol Spinda|clair|1190\n|player|p2|DarkFlame2013|266|1166\n|teamsize|p1|6\n|teamsize|p2|6\n|gen|9\n|tier|[Gen 9] VGC 2023 Regulation C\n|rated|\n|rule|Species Clause: Limit one of each Pok\u00e9mon\n|rule|Item Clause: Limit one of each item\n|clearpoke\n|poke|p1|Fletchling, L50, M|\n|poke|p1|Noivern, L50, M|\n|poke|p1|Chi-Yu, L50|\n|poke|p1|Flutter Mane, L50|\n|poke|p1|Toxapex, L50, M|\n|poke|p1|Sawsbuck-Autumn, L50, M|\n|poke|p2|Murkrow, L50, F|\n|poke|p2|Chi-Yu, L50|\n|poke|p2|Flutter Mane, L50|\n|poke|p2|Great Tusk, L50|\n|poke|p2|Brute Bonnet, L50|\n|poke|p2|Corviknight, L50, M|\n|teampreview|4\n|inactive|Battle timer is ON: inactive players will automatically lose when time's up. (requested by Aperol Spinda)\n|\n|t:|1682540106\n|start\n|switch|p1a: Fletchling|Fletchling, L50, M, shiny|100\/100\n|switch|p1b: Chi-Yu|Chi-Yu, L50|100\/100\n|switch|p2a: Murkrow|Murkrow, L50, F, shiny|100\/100\n|switch|p2b: Chi-Yu|Chi-Yu, L50|100\/100\n|-ability|p1b: Chi-Yu|Beads of Ruin\n|-ability|p2b: Chi-Yu|Beads of Ruin\n|turn|1\n|inactive|Aperol Spinda has 30 seconds left.\n|\n|t:|1682540136\n|switch|p2b: Corviknight|Corviknight, L50, M, shiny|100\/100\n|move|p1a: Fletchling|Tailwind|p1a: Fletchling\n|-sidestart|p1: Aperol Spinda|move: Tailwind\n|move|p2a: Murkrow|Tailwind|p2a: Murkrow\n|-sidestart|p2: DarkFlame2013|move: Tailwind\n|move|p1b: Chi-Yu|Heat Wave|p2b: Corviknight|[spread] p2b\n|-miss|p1b: Chi-Yu|p2a: Murkrow\n|-supereffective|p2b: Corviknight\n|-damage|p2b: Corviknight|4\/100\n|\n|upkeep\n|turn|2\n|inactive|DarkFlame2013 has 30 seconds left.\n|inactive|DarkFlame2013 has 20 seconds left.\n|inactive|DarkFlame2013 has 15 seconds left.\n|inactive|DarkFlame2013 has 10 seconds left.\n|inactive|DarkFlame2013 has 5 seconds left.\n|\n|t:|1682540191\n|move|p1a: Fletchling|Brave Bird|p2a: Murkrow\n|-damage|p2a: Murkrow|62\/100\n|-damage|p1a: Fletchling|83\/100|[from] Recoil\n|move|p2a: Murkrow|Tailwind||[still]\n|-fail|p2a: Murkrow\n|move|p1b: Chi-Yu|Heat Wave|p2b: Corviknight|[spread] p2a,p2b\n|-supereffective|p2b: Corviknight\n|-damage|p2a: Murkrow|6\/100\n|-damage|p2b: Corviknight|0 fnt\n|faint|p2b: Corviknight\n|\n|upkeep\n|\n|t:|1682540207\n|switch|p2b: Flutter Mane|Flutter Mane, L50, shiny|100\/100\n|turn|3\n|\n|t:|1682540217\n|move|p1a: Fletchling|Quick Attack|p2a: Murkrow\n|-damage|p2a: Murkrow|0 fnt\n|faint|p2a: Murkrow\n|move|p2b: Flutter Mane|Moonblast|p1b: Chi-Yu\n|-damage|p1b: Chi-Yu|19\/100\n|move|p1b: Chi-Yu|Heat Wave|p2b: Flutter Mane|[miss]\n|-miss|p1b: Chi-Yu|p2b: Flutter Mane\n|\n|upkeep\n|\n|t:|1682540226\n|switch|p2a: Chi-Yu|Chi-Yu, L50|100\/100\n|-ability|p2a: Chi-Yu|Beads of Ruin\n|turn|4\n|\n|t:|1682540234\n|move|p2a: Chi-Yu|Protect|p2a: Chi-Yu\n|-singleturn|p2a: Chi-Yu|Protect\n|move|p1a: Fletchling|Quick Attack|p2a: Chi-Yu\n|-activate|p2a: Chi-Yu|move: Protect\n|move|p2b: Flutter Mane|Moonblast|p1b: Chi-Yu\n|-damage|p1b: Chi-Yu|0 fnt\n|faint|p1b: Chi-Yu\n|\n|-sideend|p2: DarkFlame2013|move: Tailwind\n|-sideend|p1: Aperol Spinda|move: Tailwind\n|upkeep\n|\n|t:|1682540244\n|switch|p1b: Toxapex|Toxapex, L50, M|100\/100\n|turn|5\n|\n|t:|1682540265\n|-terastallize|p2b: Flutter Mane|Fairy\n|move|p2b: Flutter Mane|Moonblast|p1b: Toxapex\n|-resisted|p1b: Toxapex\n|-damage|p1b: Toxapex|46\/100\n|move|p2a: Chi-Yu|Dark Pulse|p1b: Toxapex\n|-damage|p1b: Toxapex|0 fnt\n|faint|p1b: Toxapex\n|-damage|p2a: Chi-Yu|90\/100|[from] item: Life Orb\n|move|p1a: Fletchling|Tailwind|p1a: Fletchling\n|-sidestart|p1: Aperol Spinda|move: Tailwind\n|\n|upkeep\n|\n|t:|1682540273\n|switch|p1b: Noivern|Noivern, L50, M|100\/100\n|turn|6\n|\n|t:|1682540288\n|-terastallize|p1b: Noivern|Normal\n|move|p1a: Fletchling|Quick Attack|p2b: Flutter Mane\n|-damage|p2b: Flutter Mane|77\/100\n|move|p1b: Noivern|Boomburst|p2b: Flutter Mane|[spread] p1a,p2a,p2b\n|-damage|p1a: Fletchling|0 fnt\n|-damage|p2a: Chi-Yu|7\/100\n|-damage|p2b: Flutter Mane|0 fnt\n|faint|p1a: Fletchling\n|faint|p2b: Flutter Mane\n|-end|p2b: Flutter Mane|Protosynthesis|[silent]\n|move|p2a: Chi-Yu|Overheat|p1b: Noivern\n|-damage|p1b: Noivern|0 fnt\n|-unboost|p2a: Chi-Yu|spa|2\n|faint|p1b: Noivern\n|-damage|p2a: Chi-Yu|0 fnt|[from] item: Life Orb\n|faint|p2a: Chi-Yu\n|\n|win|DarkFlame2013\n|raw|Aperol Spinda's rating: 1190 → 1163<\/strong> (-27 for losing)\n|raw|DarkFlame2013's rating: 1166 → 1193<\/strong> (+27 for winning)\n|l|\u2606Aperol Spinda\n","uploadtime":1682540307,"views":9,"p1id":"aperolspinda","p2id":"darkflame2013","formatid":"gen9vgc2023regulationc","rating":1163,"private":0,"password":""}