{"id":"gen9vgc2023regulationc-1861937335","p1":"AndrwApple","p2":"Moonlight Flutter","format":"[Gen 9] VGC 2023 Regulation C","log":"|j|\u2606AndrwApple\n|j|\u2606Moonlight Flutter\n|t:|1683822336\n|gametype|doubles\n|player|p1|AndrwApple|marnie-masters2|\n|player|p2|Moonlight Flutter|dawn-masters2|\n|teamsize|p1|6\n|teamsize|p2|6\n|gen|9\n|tier|[Gen 9] VGC 2023 Regulation C\n|rule|Species Clause: Limit one of each Pok\u00e9mon\n|rule|Item Clause: Limit one of each item\n|clearpoke\n|poke|p1|Baxcalibur, L50, M|\n|poke|p1|Iron Bundle, L50|\n|poke|p1|Flutter Mane, L50|\n|poke|p1|Annihilape, L50, M|\n|poke|p1|Arcanine, L50, M|\n|poke|p1|Abomasnow, L50, M|\n|poke|p2|Flutter Mane, L50|\n|poke|p2|Chi-Yu, L50|\n|poke|p2|Meowscarada, L50, M|\n|poke|p2|Gyarados, L50, M|\n|poke|p2|Baxcalibur, L50, M|\n|poke|p2|Corviknight, L50, M|\n|teampreview|4\nMoonlight Flutter has agreed to open team sheets.\n|c|\u2606Moonlight Flutter|glhf\nAndrwApple has agreed to open team sheets.\n|c|\u2606AndrwApple|Glhf\n|l|\u2606AndrwApple\n|player|p1|\n|j|\u2606AndrwApple\n|player|p1|AndrwApple|marnie-masters2\n|\n|t:|1683822394\n|start\n|switch|p1a: Eskimo|Iron Bundle, L50|100\/100\n|switch|p1b: Santa|Abomasnow, L50, M|100\/100\n|switch|p2a: Meowscarada|Meowscarada, L50, M|100\/100\n|switch|p2b: Flutter Mane|Flutter Mane, L50|100\/100\n|-weather|Snow|[from] ability: Snow Warning|[of] p1b: Santa\n|-enditem|p2b: Flutter Mane|Booster Energy\n|-activate|p2b: Flutter Mane|ability: Protosynthesis|[fromitem]\n|-start|p2b: Flutter Mane|protosynthesisspa\n|turn|1\n|\n|t:|1683822409\n|-terastallize|p2b: Flutter Mane|Fairy\n|move|p2a: Meowscarada|Low Sweep|p1a: Eskimo\n|-start|p2a: Meowscarada|typechange|Fighting|[from] ability: Protean\n|-supereffective|p1a: Eskimo\n|-damage|p1a: Eskimo|41\/100\n|-unboost|p1a: Eskimo|spe|1\n|move|p2b: Flutter Mane|Dazzling Gleam|p1b: Santa|[spread] p1a,p1b\n|-damage|p1a: Eskimo|0 fnt\n|-damage|p1b: Santa|49\/100\n|faint|p1a: Eskimo\n|-end|p1a: Eskimo|Quark Drive|[silent]\n|move|p1b: Santa|Aurora Veil|p1b: Santa\n|-sidestart|p1: AndrwApple|move: Aurora Veil\n|\n|-weather|Snow|[upkeep]\n|upkeep\n|\n|t:|1683822416\n|switch|p1a: Annihilape|Annihilape, L50, M, shiny|100\/100\n|turn|2\n|\n|t:|1683822431\n|switch|p2a: Corviknight|Corviknight, L50, M|100\/100\n|-terastallize|p1a: Annihilape|Fire\n|move|p1b: Santa|Helping Hand|p1a: Annihilape\n|-singleturn|p1a: Annihilape|Helping Hand|[of] p1b: Santa\n|move|p2b: Flutter Mane|Moonblast|p1b: Santa\n|-damage|p1b: Santa|0 fnt\n|faint|p1b: Santa\n|move|p1a: Annihilape|Rage Fist|p2b: Flutter Mane\n|-damage|p2b: Flutter Mane|52\/100\n|\n|-weather|Snow|[upkeep]\n|upkeep\n|\n|t:|1683822434\n|switch|p1b: He's Back|Baxcalibur, L50, M|100\/100\n|turn|3\n|\n|t:|1683822449\n|move|p1b: He's Back|Ice Shard|p2b: Flutter Mane\n|-damage|p2b: Flutter Mane|9\/100\n|move|p2b: Flutter Mane|Moonblast|p1b: He's Back\n|-supereffective|p1b: He's Back\n|-damage|p1b: He's Back|34\/100\n|-unboost|p1b: He's Back|spa|1\n|move|p1a: Annihilape|Bulk Up|p1a: Annihilape\n|-boost|p1a: Annihilape|atk|1\n|-boost|p1a: Annihilape|def|1\n|move|p2a: Corviknight|Bulk Up|p2a: Corviknight\n|-boost|p2a: Corviknight|atk|1\n|-boost|p2a: Corviknight|def|1\n|\n|-weather|Snow|[upkeep]\n|upkeep\n|turn|4\n|\n|t:|1683822471\n|move|p2b: Flutter Mane|Protect|p2b: Flutter Mane\n|-singleturn|p2b: Flutter Mane|Protect\n|move|p1a: Annihilape|Drain Punch|p2a: Corviknight\n|-damage|p2a: Corviknight|76\/100\n|move|p1b: He's Back|Icicle Crash|p2a: Corviknight\n|-damage|p2a: Corviknight|48\/100\n|cant|p2a: Corviknight|flinch\n|\n|-weather|Snow|[upkeep]\n|upkeep\n|turn|5\n|\n|t:|1683822496\n|move|p2b: Flutter Mane|Moonblast|p1b: He's Back\n|-supereffective|p1b: He's Back\n|-damage|p1b: He's Back|0 fnt\n|faint|p1b: He's Back\n|move|p1a: Annihilape|Drain Punch|p2a: Corviknight\n|-damage|p2a: Corviknight|23\/100\n|move|p2a: Corviknight|Tailwind|p2a: Corviknight\n|-sidestart|p2: Moonlight Flutter|move: Tailwind\n|\n|-weather|none\n|upkeep\n|turn|6\n|\n|t:|1683822515\n|move|p2b: Flutter Mane|Protect|p2b: Flutter Mane\n|-singleturn|p2b: Flutter Mane|Protect\n|move|p2a: Corviknight|Roost|p2a: Corviknight\n|-heal|p2a: Corviknight|73\/100\n|-singleturn|p2a: Corviknight|move: Roost\n|move|p1a: Annihilape|Bulk Up|p1a: Annihilape\n|-boost|p1a: Annihilape|atk|1\n|-boost|p1a: Annihilape|def|1\n|\n|upkeep\n|turn|7\n|c|\u2606AndrwApple|This team hates corviknigjt with a burning passion\n|c|\u2606Moonlight Flutter|almost got punish for forgtting roost mechanic there\n|\n|t:|1683822545\n|move|p2b: Flutter Mane|Shadow Ball|p1a: Annihilape\n|-damage|p1a: Annihilape|73\/100\n|move|p2a: Corviknight|Bulk Up|p2a: Corviknight\n|-boost|p2a: Corviknight|atk|1\n|-boost|p2a: Corviknight|def|1\n|move|p1a: Annihilape|Bulk Up|p1a: Annihilape\n|-boost|p1a: Annihilape|atk|1\n|-boost|p1a: Annihilape|def|1\n|\n|upkeep\n|turn|8\n|\n|t:|1683822559\n|move|p2b: Flutter Mane|Shadow Ball|p1a: Annihilape\n|-damage|p1a: Annihilape|40\/100\n|-enditem|p1a: Annihilape|Sitrus Berry|[eat]\n|-heal|p1a: Annihilape|65\/100|[from] item: Sitrus Berry\n|move|p2a: Corviknight|Bulk Up|p2a: Corviknight\n|-boost|p2a: Corviknight|atk|1\n|-boost|p2a: Corviknight|def|1\n|move|p1a: Annihilape|Drain Punch|p2a: Corviknight\n|-damage|p2a: Corviknight|48\/100\n|-heal|p1a: Annihilape|77\/100|[from] drain|[of] p2a: Corviknight\n|\n|-sideend|p2: Moonlight Flutter|move: Tailwind\n|-sideend|p1: AndrwApple|move: Aurora Veil\n|upkeep\n|turn|9\n|\n|t:|1683822578\n|move|p2b: Flutter Mane|Shadow Ball|p1a: Annihilape\n|-damage|p1a: Annihilape|35\/100\n|move|p1a: Annihilape|Drain Punch|p2b: Flutter Mane\n|-resisted|p2b: Flutter Mane\n|-damage|p2b: Flutter Mane|0 fnt\n|-heal|p1a: Annihilape|38\/100|[from] drain|[of] p2b: Flutter Mane\n|faint|p2b: Flutter Mane\n|-end|p2b: Flutter Mane|Protosynthesis|[silent]\n|move|p2a: Corviknight|Tailwind|p2a: Corviknight\n|-sidestart|p2: Moonlight Flutter|move: Tailwind\n|\n|upkeep\n|\n|t:|1683822585\n|switch|p2b: Meowscarada|Meowscarada, L50, M|100\/100\n|turn|10\n|l|\u2606AndrwApple\n|player|p1|\n|j|\u2606AndrwApple\n|player|p1|AndrwApple|marnie-masters2\n|\n|t:|1683822597\n|move|p2b: Meowscarada|Flower Trick|p1a: Annihilape\n|-start|p2b: Meowscarada|typechange|Grass|[from] ability: Protean\n|-resisted|p1a: Annihilape\n|-crit|p1a: Annihilape\n|-damage|p1a: Annihilape|13\/100\n|move|p2a: Corviknight|Brave Bird|p1a: Annihilape\n|-damage|p1a: Annihilape|0 fnt\n|faint|p1a: Annihilape\n|-damage|p2a: Corviknight|44\/100|[from] Recoil\n|\n|win|Moonlight Flutter\n|l|\u2606AndrwApple\n|c|\u2606Moonlight Flutter|gg\n","uploadtime":1683822620,"views":16,"p1id":"andrwapple","p2id":"moonlightflutter","formatid":"gen9vgc2023regulationc","rating":0,"private":0,"password":""}