{"id":"gen9vgc2023regulationc-1847875548","p1":"Bimbodd","p2":"AceTrainerNite","format":"[Gen 9] VGC 2023 Regulation C","log":"|j|\u2606Bimbodd\n|j|\u2606AceTrainerNite\n|t:|1682009137\n|gametype|doubles\n|player|p1|Bimbodd|volkner|1124\n|player|p2|AceTrainerNite|benga|1186\n|teamsize|p1|6\n|teamsize|p2|6\n|gen|9\n|tier|[Gen 9] VGC 2023 Regulation C\n|rated|\n|rule|Species Clause: Limit one of each Pok\u00e9mon\n|rule|Item Clause: Limit one of each item\n|clearpoke\n|poke|p1|Ceruledge, L50, F|\n|poke|p1|Torkoal, L50, F|\n|poke|p1|Lilligant, L50, F|\n|poke|p1|Flutter Mane, L50|\n|poke|p1|Roaring Moon, L50|\n|poke|p1|Pachirisu, L50, M|\n|poke|p2|Palafin, L50, M|\n|poke|p2|Arcanine, L50, M|\n|poke|p2|Tyranitar, L50, M|\n|poke|p2|Houndstone, L50, M|\n|poke|p2|Breloom, L50, M|\n|poke|p2|Roaring Moon, L50|\n|teampreview|4\n|inactive|Battle timer is ON: inactive players will automatically lose when time's up. (requested by Bimbodd)\n|inactive|Bimbodd has 60 seconds left.\n|inactive|AceTrainerNite has 60 seconds left.\n|\n|t:|1682009184\n|start\n|switch|p1a: Torkoal|Torkoal, L50, F|100\/100\n|switch|p1b: Ceruledge|Ceruledge, L50, F|100\/100\n|switch|p2a: Palafin|Palafin, L50, M|100\/100\n|switch|p2b: Arcanine|Arcanine, L50, M|100\/100\n|-ability|p2b: Arcanine|Intimidate|boost\n|-unboost|p1a: Torkoal|atk|1\n|-unboost|p1b: Ceruledge|atk|1\n|-weather|SunnyDay|[from] ability: Drought|[of] p1a: Torkoal\n|turn|1\n|inactive|AceTrainerNite has 30 seconds left.\n|\n|t:|1682009211\n|detailschange|p2a: Palafin|Palafin-Hero, L50, M\n|switch|p2a: Tyranitar|Tyranitar, L50, M|100\/100\n|-weather|Sandstorm|[from] ability: Sand Stream|[of] p2a: Tyranitar\n|-terastallize|p1b: Ceruledge|Grass\n|move|p2b: Arcanine|Wild Charge|p1b: Ceruledge\n|-resisted|p1b: Ceruledge\n|-damage|p1b: Ceruledge|76\/100\n|-damage|p2b: Arcanine|94\/100|[from] Recoil\n|move|p1b: Ceruledge|Bulk Up|p1b: Ceruledge\n|-boost|p1b: Ceruledge|atk|1\n|-boost|p1b: Ceruledge|def|1\n|move|p1a: Torkoal|Will-O-Wisp|p2a: Tyranitar\n|-status|p2a: Tyranitar|brn\n|\n|-weather|Sandstorm|[upkeep]\n|-damage|p2b: Arcanine|88\/100|[from] Sandstorm\n|-damage|p1b: Ceruledge|70\/100|[from] Sandstorm\n|-damage|p1a: Torkoal|94\/100|[from] Sandstorm\n|-heal|p1b: Ceruledge|76\/100|[from] item: Leftovers\n|-damage|p2a: Tyranitar|95\/100 brn|[from] brn\n|upkeep\n|turn|2\n|inactive|Bimbodd has 30 seconds left.\n|inactive|AceTrainerNite has 30 seconds left.\n|inactive|Bimbodd has 20 seconds left.\n|inactive|AceTrainerNite has 20 seconds left.\n|inactive|Bimbodd has 15 seconds left.\n|inactive|Bimbodd has 10 seconds left.\n|\n|t:|1682009260\n|switch|p1a: Flutter Mane|Flutter Mane, L50|100\/100\n|move|p2b: Arcanine|Wild Charge|p1b: Ceruledge\n|-resisted|p1b: Ceruledge\n|-damage|p1b: Ceruledge|60\/100\n|-damage|p2b: Arcanine|84\/100|[from] Recoil\n|move|p1b: Ceruledge|Bulk Up|p1b: Ceruledge\n|-boost|p1b: Ceruledge|atk|1\n|-boost|p1b: Ceruledge|def|1\n|move|p2a: Tyranitar|Rock Slide|p1b: Ceruledge|[spread] p1a,p1b\n|-damage|p1a: Flutter Mane|67\/100\n|-damage|p1b: Ceruledge|52\/100\n|\n|-weather|Sandstorm|[upkeep]\n|-damage|p1a: Flutter Mane|60\/100|[from] Sandstorm\n|-damage|p2b: Arcanine|78\/100|[from] Sandstorm\n|-damage|p1b: Ceruledge|46\/100|[from] Sandstorm\n|-heal|p1b: Ceruledge|52\/100|[from] item: Leftovers\n|-damage|p2a: Tyranitar|89\/100 brn|[from] brn\n|upkeep\n|turn|3\n|inactive|AceTrainerNite has 30 seconds left.\n|\n|t:|1682009286\n|switch|p2b: Palafin|Palafin-Hero, L50, M|100\/100\n|-activate|p2b: Palafin|ability: Zero to Hero\n|-terastallize|p2a: Tyranitar|Flying\n|move|p1a: Flutter Mane|Power Gem|p2b: Palafin\n|-damage|p2b: Palafin|66\/100\n|move|p1b: Ceruledge|Bitter Blade|p2a: Tyranitar\n|-damage|p2a: Tyranitar|27\/100 brn\n|-heal|p1b: Ceruledge|90\/100|[from] drain|[of] p2a: Tyranitar\n|move|p2a: Tyranitar|Crunch|p1a: Flutter Mane\n|-damage|p1a: Flutter Mane|10\/100\n|-unboost|p1a: Flutter Mane|def|1\n|\n|-weather|Sandstorm|[upkeep]\n|-damage|p1a: Flutter Mane|4\/100|[from] Sandstorm\n|-damage|p2b: Palafin|60\/100|[from] Sandstorm\n|-damage|p1b: Ceruledge|84\/100|[from] Sandstorm\n|-damage|p2a: Tyranitar|21\/100 brn|[from] Sandstorm\n|-heal|p1b: Ceruledge|90\/100|[from] item: Leftovers\n|-damage|p2a: Tyranitar|15\/100 brn|[from] brn\n|upkeep\n|turn|4\n|inactive|Bimbodd has 30 seconds left.\n|inactive|AceTrainerNite has 30 seconds left.\n|\n|t:|1682009317\n|-end|p1a: Flutter Mane|Protosynthesis|[silent]\n|switch|p1a: Torkoal|Torkoal, L50, F|94\/100\n|-weather|SunnyDay|[from] ability: Drought|[of] p1a: Torkoal\n|move|p1b: Ceruledge|Shadow Sneak|p2a: Tyranitar\n|-damage|p2a: Tyranitar|0 fnt\n|faint|p2a: Tyranitar\n|move|p2b: Palafin|Haze|p2b: Palafin\n|-clearallboost\n|\n|-weather|SunnyDay|[upkeep]\n|-heal|p1b: Ceruledge|96\/100|[from] item: Leftovers\n|upkeep\n|\n|t:|1682009334\n|switch|p2a: Arcanine|Arcanine, L50, M|78\/100\n|-ability|p2a: Arcanine|Intimidate|boost\n|-unboost|p1a: Torkoal|atk|1\n|-unboost|p1b: Ceruledge|atk|1\n|turn|5\n|\n|t:|1682009350\n|switch|p1b: Flutter Mane|Flutter Mane, L50|4\/100\n|-activate|p1b: Flutter Mane|ability: Protosynthesis\n|-start|p1b: Flutter Mane|protosynthesisspa\n|move|p2b: Palafin|Protect|p2b: Palafin\n|-singleturn|p2b: Palafin|Protect\n|move|p2a: Arcanine|Close Combat|p1b: Flutter Mane\n|-immune|p1b: Flutter Mane\n|move|p1a: Torkoal|Will-O-Wisp|p2b: Palafin\n|-activate|p2b: Palafin|move: Protect\n|\n|-weather|SunnyDay|[upkeep]\n|upkeep\n|turn|6\n|\n|t:|1682009374\n|move|p2b: Palafin|Jet Punch|p1b: Flutter Mane\n|-damage|p1b: Flutter Mane|0 fnt\n|faint|p1b: Flutter Mane\n|-end|p1b: Flutter Mane|Protosynthesis|[silent]\n|move|p2a: Arcanine|Close Combat|p1a: Torkoal\n|-damage|p1a: Torkoal|58\/100\n|-unboost|p2a: Arcanine|def|1\n|-unboost|p2a: Arcanine|spd|1\n|move|p1a: Torkoal|Will-O-Wisp|p2b: Palafin|[miss]\n|-miss|p1a: Torkoal|p2b: Palafin\n|\n|-weather|SunnyDay|[upkeep]\n|upkeep\n|\n|t:|1682009387\n|switch|p1b: Lilligant|Lilligant, L50, F|100\/100\n|turn|7\n|\n|t:|1682009400\n|switch|p2a: Houndstone|Houndstone, L50, M|100\/100\n|move|p1b: Lilligant|Solar Beam||[still]\n|-prepare|p1b: Lilligant|Solar Beam\n|-anim|p1b: Lilligant|Solar Beam|p2b: Palafin\n|-supereffective|p2b: Palafin\n|-damage|p2b: Palafin|0 fnt\n|faint|p2b: Palafin\n|move|p1a: Torkoal|Yawn|p2a: Houndstone\n|-start|p2a: Houndstone|move: Yawn|[of] p1a: Torkoal\n|\n|-weather|SunnyDay|[upkeep]\n|upkeep\n|\n|t:|1682009407\n|switch|p2b: Arcanine|Arcanine, L50, M|78\/100\n|-ability|p2b: Arcanine|Intimidate|boost\n|-unboost|p1a: Torkoal|atk|1\n|-unboost|p1b: Lilligant|atk|1\n|turn|8\n|\n|t:|1682009430\n|move|p2b: Arcanine|Extreme Speed|p1b: Lilligant\n|-damage|p1b: Lilligant|45\/100\n|move|p1b: Lilligant|Solar Beam||[still]\n|-prepare|p1b: Lilligant|Solar Beam\n|-anim|p1b: Lilligant|Solar Beam|p2a: Houndstone\n|-damage|p2a: Houndstone|0 fnt\n|faint|p2a: Houndstone\n|move|p1a: Torkoal|Yawn|p2b: Arcanine\n|-start|p2b: Arcanine|move: Yawn|[of] p1a: Torkoal\n|\n|-weather|SunnyDay|[upkeep]\n|upkeep\n|turn|9\n|\n|t:|1682009443\n|move|p2b: Arcanine|Extreme Speed|p1b: Lilligant\n|-damage|p1b: Lilligant|0 fnt\n|faint|p1b: Lilligant\n|move|p1a: Torkoal|Eruption|p2b: Arcanine\n|-resisted|p2b: Arcanine\n|-damage|p2b: Arcanine|54\/100\n|\n|-weather|SunnyDay|[upkeep]\n|-end|p2b: Arcanine|move: Yawn|[silent]\n|-status|p2b: Arcanine|slp\n|upkeep\n|\n|t:|1682009453\n|switch|p1b: Ceruledge|Ceruledge, L50, F, tera:Grass|96\/100\n|turn|10\n|\n|t:|1682009467\n|cant|p2b: Arcanine|slp\n|move|p1b: Ceruledge|Shadow Sneak|p2b: Arcanine\n|-damage|p2b: Arcanine|25\/100 slp\n|move|p1a: Torkoal|Eruption|p2b: Arcanine\n|-resisted|p2b: Arcanine\n|-damage|p2b: Arcanine|0 fnt\n|faint|p2b: Arcanine\n|\n|win|Bimbodd\n|raw|Bimbodd's rating: 1124 → 1153<\/strong> (+29 for winning)\n|raw|AceTrainerNite's rating: 1186 → 1157<\/strong> (-29 for losing)\n","uploadtime":1682009478,"views":9,"p1id":"bimbodd","p2id":"acetrainernite","formatid":"gen9vgc2023regulationc","rating":1153,"private":0,"password":""}