{"id":"gen9vgc2023regulationc-1850304477","p1":"Xalvadore","p2":"Dynis","format":"[Gen 9] VGC 2023 Regulation C","log":"|j|\u2606Xalvadore\n|j|\u2606Dynis\n|t:|1682314551\n|gametype|doubles\n|player|p1|Xalvadore|marnie|1179\n|player|p2|Dynis|rancher|1242\n|teamsize|p1|6\n|teamsize|p2|6\n|gen|9\n|tier|[Gen 9] VGC 2023 Regulation C\n|rated|\n|rule|Species Clause: Limit one of each Pok\u00e9mon\n|rule|Item Clause: Limit one of each item\n|clearpoke\n|poke|p1|Dragonite, L50, F|\n|poke|p1|Tyranitar, L50, F|\n|poke|p1|Gastrodon, L50, F|\n|poke|p1|Arcanine, L50, M|\n|poke|p1|Meowscarada, L50, M|\n|poke|p1|Corviknight, L50, M|\n|poke|p2|Barraskewda, L50, M|\n|poke|p2|Pelipper, L50, F|\n|poke|p2|Beartic, L50, F|\n|poke|p2|Wo-Chien, L50|\n|poke|p2|Dragonite, L50, F|\n|poke|p2|Arcanine, L50, F|\n|teampreview|4\n|inactive|Battle timer is ON: inactive players will automatically lose when time's up. (requested by Dynis)\nXalvadore has agreed to open team sheets.\n|inactive|Dynis has 60 seconds left.\n|\n|t:|1682314605\n|start\n|switch|p1a: Tyranitar|Tyranitar, L50, F|100\/100\n|switch|p1b: Dragonite|Dragonite, L50, F|100\/100\n|switch|p2a: Beartic|Beartic, L50, F|100\/100\n|switch|p2b: Pelipper|Pelipper, L50, F|100\/100\n|-weather|RainDance|[from] ability: Drizzle|[of] p2b: Pelipper\n|-weather|Sandstorm|[from] ability: Sand Stream|[of] p1a: Tyranitar\n|turn|1\n|\n|t:|1682314620\n|switch|p1b: Corviknight|Corviknight, L50, M|100\/100\n|move|p2a: Beartic|Icicle Crash|p1b: Corviknight\n|-damage|p1b: Corviknight|55\/100\n|-damage|p2a: Beartic|90\/100|[from] item: Life Orb\n|move|p2b: Pelipper|Icy Wind|p1a: Tyranitar|[spread] p1a,p1b\n|-damage|p1a: Tyranitar|95\/100\n|-damage|p1b: Corviknight|46\/100\n|-unboost|p1a: Tyranitar|spe|1\n|move|p1a: Tyranitar|Power Gem|p2b: Pelipper\n|-supereffective|p2b: Pelipper\n|-damage|p2b: Pelipper|9\/100\n|\n|-weather|Sandstorm|[upkeep]\n|-damage|p2a: Beartic|85\/100|[from] Sandstorm\n|-damage|p2b: Pelipper|3\/100|[from] Sandstorm\n|upkeep\n|turn|2\n|inactive|Xalvadore has 30 seconds left.\n|\n|t:|1682314648\n|switch|p2b: Arcanine|Arcanine, L50, F|100\/100\n|-ability|p2b: Arcanine|Intimidate|boost\n|-unboost|p1a: Tyranitar|atk|1\n|-ability|p1b: Corviknight|Mirror Armor\n|-unboost|p2b: Arcanine|atk|1\n|move|p2a: Beartic|Icicle Crash|p1b: Corviknight|[miss]\n|-miss|p2a: Beartic|p1b: Corviknight\n|move|p1b: Corviknight|Roost|p1b: Corviknight\n|-heal|p1b: Corviknight|96\/100\n|-singleturn|p1b: Corviknight|move: Roost\n|move|p1a: Tyranitar|Power Gem|p2a: Beartic\n|-supereffective|p2a: Beartic\n|-damage|p2a: Beartic|0 fnt\n|faint|p2a: Beartic\n|\n|-weather|Sandstorm|[upkeep]\n|-damage|p2b: Arcanine|94\/100|[from] Sandstorm\n|upkeep\n|\n|t:|1682314664\n|switch|p2a: Pelipper|Pelipper, L50, F|3\/100\n|-weather|RainDance|[from] ability: Drizzle|[of] p2a: Pelipper\n|turn|3\n|inactive|Dynis has 30 seconds left.\n|\n|t:|1682314690\n|switch|p1b: Gastrodon|Gastrodon, L50, F|100\/100\n|move|p2b: Arcanine|Flare Blitz|p1b: Gastrodon\n|-resisted|p1b: Gastrodon\n|-damage|p1b: Gastrodon|93\/100\n|-damage|p2b: Arcanine|91\/100|[from] Recoil\n|move|p2a: Pelipper|Hydro Pump|p1b: Gastrodon\n|-activate|p1b: Gastrodon|ability: Storm Drain\n|-ability|p1b: Gastrodon|Storm Drain|boost\n|-boost|p1b: Gastrodon|spa|1\n|move|p1a: Tyranitar|Power Gem|p2a: Pelipper\n|-supereffective|p2a: Pelipper\n|-damage|p2a: Pelipper|0 fnt\n|faint|p2a: Pelipper\n|\n|-weather|RainDance|[upkeep]\n|upkeep\n|\n|t:|1682314693\n|switch|p2a: Wo-Chien|Wo-Chien, L50|100\/100\n|-ability|p2a: Wo-Chien|Tablets of Ruin\n|turn|4\n|\n|t:|1682314716\n|switch|p1a: Dragonite|Dragonite, L50, F|100\/100\n|switch|p1b: Corviknight|Corviknight, L50, M|96\/100\n|move|p2b: Arcanine|Flare Blitz|p1a: Dragonite\n|-resisted|p1a: Dragonite\n|-damage|p1a: Dragonite|97\/100\n|-damage|p2b: Arcanine|90\/100|[from] Recoil\n|move|p2a: Wo-Chien|Leech Seed|p1b: Corviknight\n|-start|p1b: Corviknight|move: Leech Seed\n|\n|-weather|RainDance|[upkeep]\n|-damage|p1b: Corviknight|84\/100|[from] Leech Seed|[of] p2a: Wo-Chien\n|upkeep\n|turn|5\n|inactive|Dynis has 30 seconds left.\n|\n|t:|1682314745\n|switch|p1b: Tyranitar|Tyranitar, L50, F|95\/100\n|-weather|Sandstorm|[from] ability: Sand Stream|[of] p1b: Tyranitar\n|move|p2b: Arcanine|Extreme Speed|p1a: Dragonite\n|-damage|p1a: Dragonite|88\/100\n|move|p1a: Dragonite|Tailwind|p1a: Dragonite\n|-sidestart|p1: Xalvadore|move: Tailwind\n|move|p2a: Wo-Chien|Ruination|p1a: Dragonite\n|-damage|p1a: Dragonite|44\/100\n|\n|-weather|Sandstorm|[upkeep]\n|-damage|p1a: Dragonite|38\/100|[from] Sandstorm\n|-damage|p2b: Arcanine|84\/100|[from] Sandstorm\n|-damage|p2a: Wo-Chien|94\/100|[from] Sandstorm\n|-heal|p2a: Wo-Chien|100\/100|[from] item: Leftovers\n|upkeep\n|turn|6\n|inactive|Xalvadore has 30 seconds left.\n|\n|t:|1682314772\n|move|p2b: Arcanine|Protect|p2b: Arcanine\n|-singleturn|p2b: Arcanine|Protect\n|move|p1a: Dragonite|Extreme Speed|p2b: Arcanine\n|-activate|p2b: Arcanine|move: Protect\n|move|p1b: Tyranitar|Fire Blast|p2a: Wo-Chien\n|-supereffective|p2a: Wo-Chien\n|-damage|p2a: Wo-Chien|37\/100\n|-status|p2a: Wo-Chien|brn\n|move|p2a: Wo-Chien|Leech Seed|p1b: Tyranitar\n|-start|p1b: Tyranitar|move: Leech Seed\n|\n|-weather|Sandstorm|[upkeep]\n|-damage|p1a: Dragonite|32\/100|[from] Sandstorm\n|-damage|p2b: Arcanine|78\/100|[from] Sandstorm\n|-damage|p2a: Wo-Chien|31\/100 brn|[from] Sandstorm\n|-heal|p2a: Wo-Chien|37\/100 brn|[from] item: Leftovers\n|-damage|p1b: Tyranitar|83\/100|[from] Leech Seed|[of] p2a: Wo-Chien\n|-heal|p2a: Wo-Chien|50\/100 brn|[silent]\n|-damage|p2a: Wo-Chien|44\/100 brn|[from] brn\n|upkeep\n|turn|7\n|\n|t:|1682314794\n|move|p1a: Dragonite|Extreme Speed|p2a: Wo-Chien\n|-damage|p2a: Wo-Chien|24\/100 brn\n|move|p2b: Arcanine|Extreme Speed|p1a: Dragonite\n|-damage|p1a: Dragonite|22\/100\n|move|p1b: Tyranitar|Fire Blast|p2a: Wo-Chien\n|-supereffective|p2a: Wo-Chien\n|-damage|p2a: Wo-Chien|0 fnt\n|faint|p2a: Wo-Chien\n|\n|-weather|Sandstorm|[upkeep]\n|-damage|p1a: Dragonite|16\/100|[from] Sandstorm\n|-damage|p2b: Arcanine|72\/100|[from] Sandstorm\n|upkeep\n|turn|8\n|-message|Dynis forfeited.\n|\n|win|Xalvadore\n|raw|Xalvadore's rating: 1179 → 1208<\/strong> (+29 for winning)\n|raw|Dynis's rating: 1242 → 1213<\/strong> (-29 for losing)\n|l|\u2606Dynis\n|c|\u2606Xalvadore|gg\n","uploadtime":1682314812,"views":31,"p1id":"xalvadore","p2id":"dynis","formatid":"gen9vgc2023regulationc","rating":1208,"private":0,"password":""}