{"id":"gen9vgc2023regulationc-1855346723","p1":"Thossq","p2":"wagoogush8r","format":"[Gen 9] VGC 2023 Regulation C","log":"|j|\u2606Thossq\n|j|\u2606wagoogush8r\n|t:|1682940903\n|gametype|doubles\n|player|p1|Thossq|sabrina|1132\n|player|p2|wagoogush8r|sordward|1113\n|teamsize|p1|6\n|teamsize|p2|6\n|gen|9\n|tier|[Gen 9] VGC 2023 Regulation C\n|rated|\n|rule|Species Clause: Limit one of each Pok\u00e9mon\n|rule|Item Clause: Limit one of each item\n|clearpoke\n|poke|p1|Cetitan, L50, M|\n|poke|p1|Kingambit, L50, M|\n|poke|p1|Indeedee-F, L50, F|\n|poke|p1|Abomasnow, L50, M|\n|poke|p1|Armarouge, L50, F|\n|poke|p1|Glimmora, L50, F|\n|poke|p2|Bronzong, L50|\n|poke|p2|Ting-Lu, L50|\n|poke|p2|Gyarados, L50, F|\n|poke|p2|Iron Hands, L50|\n|poke|p2|Flutter Mane, L50|\n|poke|p2|Volcarona, L50, M|\n|teampreview|4\nwagoogush8r has agreed to open team sheets.\n|\n|t:|1682940963\n|start\n|switch|p1a: Obamasnow|Abomasnow, L50, M|100\/100\n|switch|p1b: Outdodo|Indeedee-F, L50, F|100\/100\n|switch|p2a: Bronzong|Bronzong, L50|100\/100\n|switch|p2b: Gyarados|Gyarados, L50, F|100\/100\n|-ability|p2b: Gyarados|Intimidate|boost\n|-unboost|p1a: Obamasnow|atk|1\n|-unboost|p1b: Outdodo|atk|1\n|-fieldstart|move: Psychic Terrain|[from] ability: Psychic Surge|[of] p1b: Outdodo\n|-weather|Snow|[from] ability: Snow Warning|[of] p1a: Obamasnow\n|turn|1\n|\n|t:|1682940999\n|switch|p1b: Ilovechess|Kingambit, L50, M|100\/100\n|move|p2b: Gyarados|Waterfall|p1b: Ilovechess\n|-damage|p1b: Ilovechess|70\/100\n|move|p1a: Obamasnow|Aurora Veil|p1a: Obamasnow\n|-sidestart|p1: Thossq|move: Aurora Veil\n|move|p2a: Bronzong|Trick Room|p2a: Bronzong\n|-fieldstart|move: Trick Room|[of] p2a: Bronzong\n|\n|-weather|Snow|[upkeep]\n|-heal|p1b: Ilovechess|76\/100|[from] item: Leftovers\n|upkeep\n|turn|2\n|\n|t:|1682941025\n|switch|p2b: Ting-Lu|Ting-Lu, L50|100\/100\n|-ability|p2b: Ting-Lu|Vessel of Ruin\n|move|p2a: Bronzong|Safeguard|p2a: Bronzong\n|-sidestart|p2: wagoogush8r|Safeguard\n|move|p1b: Ilovechess|Kowtow Cleave|p2a: Bronzong\n|-supereffective|p2a: Bronzong\n|-damage|p2a: Bronzong|23\/100\n|move|p1a: Obamasnow|Giga Drain|p2b: Ting-Lu\n|-supereffective|p2b: Ting-Lu\n|-damage|p2b: Ting-Lu|84\/100\n|\n|-weather|Snow|[upkeep]\n|-heal|p1b: Ilovechess|82\/100|[from] item: Leftovers\n|upkeep\n|turn|3\n|\n|t:|1682941055\n|move|p2a: Bronzong|Gyro Ball|p1a: Obamasnow\n|-supereffective|p1a: Obamasnow\n|-damage|p1a: Obamasnow|82\/100\n|move|p2b: Ting-Lu|Heavy Slam|p1a: Obamasnow\n|-supereffective|p1a: Obamasnow\n|-damage|p1a: Obamasnow|41\/100\n|move|p1b: Ilovechess|Brick Break|p2a: Bronzong\n|-damage|p2a: Bronzong|0 fnt\n|faint|p2a: Bronzong\n|move|p1a: Obamasnow|Giga Drain|p2b: Ting-Lu\n|-supereffective|p2b: Ting-Lu\n|-damage|p2b: Ting-Lu|68\/100\n|-heal|p1a: Obamasnow|50\/100|[from] drain|[of] p2b: Ting-Lu\n|\n|-weather|Snow|[upkeep]\n|-heal|p1b: Ilovechess|87\/100|[from] item: Leftovers\n|upkeep\n|\n|t:|1682941073\n|switch|p2a: Iron Hands|Iron Hands, L50|100\/100\n|turn|4\n|\n|t:|1682941102\n|move|p2b: Ting-Lu|Stomping Tantrum|p1b: Ilovechess\n|-supereffective|p1b: Ilovechess\n|-damage|p1b: Ilovechess|48\/100\n|move|p1b: Ilovechess|Iron Head|p2a: Iron Hands\n|-resisted|p2a: Iron Hands\n|-damage|p2a: Iron Hands|84\/100\n|move|p1a: Obamasnow|Blizzard|p2a: Iron Hands|[spread] p2a,p2b\n|-supereffective|p2b: Ting-Lu\n|-damage|p2a: Iron Hands|69\/100\n|-damage|p2b: Ting-Lu|49\/100\n|move|p2a: Iron Hands|Drain Punch|p1a: Obamasnow\n|-supereffective|p1a: Obamasnow\n|-damage|p1a: Obamasnow|6\/100\n|-heal|p2a: Iron Hands|88\/100|[from] drain|[of] p1a: Obamasnow\n|\n|-weather|Snow|[upkeep]\n|-heal|p1b: Ilovechess|54\/100|[from] item: Leftovers\n|upkeep\n|turn|5\n|\n|t:|1682941132\n|move|p1a: Obamasnow|Protect|p1a: Obamasnow\n|-singleturn|p1a: Obamasnow|Protect\n|move|p2b: Ting-Lu|Throat Chop|p1a: Obamasnow\n|-activate|p1a: Obamasnow|move: Protect\n|move|p1b: Ilovechess|Brick Break|p2b: Ting-Lu\n|-supereffective|p2b: Ting-Lu\n|-damage|p2b: Ting-Lu|12\/100\n|move|p2a: Iron Hands|Drain Punch|p1b: Ilovechess\n|-supereffective|p1b: Ilovechess\n|-damage|p1b: Ilovechess|0 fnt\n|-heal|p2a: Iron Hands|100\/100|[from] drain|[of] p1b: Ilovechess\n|faint|p1b: Ilovechess\n|\n|-weather|Snow|[upkeep]\n|-sideend|p1: Thossq|move: Aurora Veil\n|-fieldend|move: Trick Room\n|-fieldend|move: Psychic Terrain\n|upkeep\n|\n|t:|1682941155\n|switch|p1b: Outdodo|Indeedee-F, L50, F|100\/100\n|-fieldstart|move: Psychic Terrain|[from] ability: Psychic Surge|[of] p1b: Outdodo\n|turn|6\n|\n|t:|1682941178\n|-terastallize|p2a: Iron Hands|Grass\n|move|p1b: Outdodo|Follow Me|p1b: Outdodo\n|-singleturn|p1b: Outdodo|move: Follow Me\n|move|p2a: Iron Hands|Belly Drum|p2a: Iron Hands\n|-damage|p2a: Iron Hands|50\/100\n|-setboost|p2a: Iron Hands|atk|6|[from] move: Belly Drum\n|-enditem|p2a: Iron Hands|Sitrus Berry|[eat]\n|-heal|p2a: Iron Hands|75\/100|[from] item: Sitrus Berry\n|move|p1a: Obamasnow|Blizzard|p2a: Iron Hands|[spread] p2a,p2b\n|-supereffective|p2a: Iron Hands\n|-supereffective|p2b: Ting-Lu\n|-damage|p2a: Iron Hands|46\/100\n|-damage|p2b: Ting-Lu|0 fnt\n|faint|p2b: Ting-Lu\n|\n|-weather|Snow|[upkeep]\n|-sideend|p2: wagoogush8r|Safeguard\n|upkeep\n|\n|t:|1682941191\n|switch|p2b: Gyarados|Gyarados, L50, F|100\/100\n|-ability|p2b: Gyarados|Intimidate|boost\n|-unboost|p1a: Obamasnow|atk|1\n|-unboost|p1b: Outdodo|atk|1\n|turn|7\n|\n|t:|1682941211\n|move|p1b: Outdodo|Protect|p1b: Outdodo\n|-singleturn|p1b: Outdodo|Protect\n|move|p2b: Gyarados|Waterfall|p1a: Obamasnow\n|-resisted|p1a: Obamasnow\n|-crit|p1a: Obamasnow\n|-damage|p1a: Obamasnow|0 fnt\n|faint|p1a: Obamasnow\n|move|p2a: Iron Hands|Drain Punch|p1b: Outdodo\n|-activate|p1b: Outdodo|move: Protect\n|\n|-weather|Snow|[upkeep]\n|upkeep\n|\n|t:|1682941223\n|switch|p1a: Tiny Man|Armarouge, L50, F|100\/100\n|turn|8\n|\n|t:|1682941243\n|-terastallize|p1a: Tiny Man|Grass\n|move|p2b: Gyarados|Waterfall|p1a: Tiny Man\n|-resisted|p1a: Tiny Man\n|-damage|p1a: Tiny Man|86\/100\n|move|p1a: Tiny Man|Expanding Force|p2b: Gyarados|[spread] p2a,p2b\n|-crit|p2b: Gyarados\n|-damage|p2a: Iron Hands|0 fnt\n|-damage|p2b: Gyarados|14\/100\n|faint|p2a: Iron Hands\n|-end|p2a: Iron Hands|Quark Drive|[silent]\n|-damage|p1a: Tiny Man|76\/100|[from] item: Life Orb\n|move|p1b: Outdodo|Trick Room|p1b: Outdodo\n|-fieldstart|move: Trick Room|[of] p1b: Outdodo\n|\n|-weather|none\n|upkeep\n|turn|9\n|-message|wagoogush8r forfeited.\n|\n|win|Thossq\n|raw|Thossq's rating: 1132 → 1156<\/strong> (+24 for winning)\n|raw|wagoogush8r's rating: 1113 → 1089<\/strong> (-24 for losing)\n|l|\u2606wagoogush8r\n","uploadtime":1682941564,"views":21,"p1id":"thossq","p2id":"wagoogush8r","formatid":"gen9vgc2023regulationc","rating":1089,"private":0,"password":""}