{"id":"gen9vgc2023regulationc-1859857444","p1":"CaptJorgito","p2":"madness29","format":"[Gen 9] VGC 2023 Regulation C","log":"|j|\u2606CaptJorgito\n|j|\u2606madness29\n|t:|1683570336\n|gametype|doubles\n|player|p1|CaptJorgito|hiker|1287\n|player|p2|madness29|101|1183\n|teamsize|p1|6\n|teamsize|p2|6\n|gen|9\n|tier|[Gen 9] VGC 2023 Regulation C\n|rated|\n|rule|Species Clause: Limit one of each Pok\u00e9mon\n|rule|Item Clause: Limit one of each item\n|clearpoke\n|poke|p1|Amoonguss, L50, M|\n|poke|p1|Chi-Yu, L50|\n|poke|p1|Annihilape, L50, F|\n|poke|p1|Maushold, L50|\n|poke|p1|Ting-Lu, L50|\n|poke|p1|Iron Bundle, L50|\n|poke|p2|Abomasnow, L50, M|\n|poke|p2|Iron Bundle, L50|\n|poke|p2|Flutter Mane, L50|\n|poke|p2|Corviknight, L50, M|\n|poke|p2|Great Tusk, L50|\n|poke|p2|Roaring Moon, L50|\n|teampreview|4\n|inactive|Battle timer is ON: inactive players will automatically lose when time's up. (requested by CaptJorgito)\n|inactive|CaptJorgito has 60 seconds left.\n|inactive|madness29 has 60 seconds left.\n|\n|t:|1683570393\n|start\n|switch|p1a: Annihilape|Annihilape, L50, F|100\/100\n|switch|p1b: Maushold|Maushold, L50|100\/100\n|switch|p2a: Abomasnow|Abomasnow, L50, M|100\/100\n|switch|p2b: Iron Bundle|Iron Bundle, L50|100\/100\n|-weather|Snow|[from] ability: Snow Warning|[of] p2a: Abomasnow\n|turn|1\n|inactive|CaptJorgito has 30 seconds left.\n|inactive|CaptJorgito has 20 seconds left.\n|\n|t:|1683570432\n|-terastallize|p1a: Annihilape|Water\n|move|p2b: Iron Bundle|Protect|p2b: Iron Bundle\n|-singleturn|p2b: Iron Bundle|Protect\n|move|p1b: Maushold|Beat Up|p1a: Annihilape\n|-damage|p1a: Annihilape|96\/100\n|-damage|p1a: Annihilape|93\/100\n|-damage|p1a: Annihilape|90\/100\n|-damage|p1a: Annihilape|87\/100\n|-hitcount|p1a: Annihilape|4\n|move|p1a: Annihilape|Rage Fist|p2b: Iron Bundle\n|-activate|p2b: Iron Bundle|move: Protect\n|move|p2a: Abomasnow|Aurora Veil|p2a: Abomasnow\n|-sidestart|p2: madness29|move: Aurora Veil\n|\n|-weather|Snow|[upkeep]\n|-heal|p1a: Annihilape|93\/100|[from] item: Leftovers\n|upkeep\n|turn|2\n|inactive|CaptJorgito has 30 seconds left.\n|inactive|madness29 has 30 seconds left.\n|inactive|CaptJorgito has 20 seconds left.\n|inactive|CaptJorgito has 15 seconds left.\n|inactive|CaptJorgito has 10 seconds left.\n|inactive|CaptJorgito has 5 seconds left.\n|\n|t:|1683570486\n|move|p2a: Abomasnow|Helping Hand|p2b: Iron Bundle\n|-singleturn|p2b: Iron Bundle|Helping Hand|[of] p2a: Abomasnow\n|move|p1a: Annihilape|Protect|p1a: Annihilape\n|-singleturn|p1a: Annihilape|Protect\n|move|p2b: Iron Bundle|Freeze-Dry|p1a: Annihilape\n|-activate|p1a: Annihilape|move: Protect\n|move|p1b: Maushold|Super Fang|p2a: Abomasnow\n|-damage|p2a: Abomasnow|51\/100\n|\n|-weather|Snow|[upkeep]\n|-heal|p1a: Annihilape|99\/100|[from] item: Leftovers\n|-heal|p2a: Abomasnow|57\/100|[from] item: Leftovers\n|upkeep\n|turn|3\n|inactive|CaptJorgito has 30 seconds left.\n|inactive|CaptJorgito has 20 seconds left.\n|\n|t:|1683570524\n|switch|p1a: Chi-Yu|Chi-Yu, L50|100\/100\n|-ability|p1a: Chi-Yu|Beads of Ruin\n|move|p2a: Abomasnow|Helping Hand|p2b: Iron Bundle\n|-singleturn|p2b: Iron Bundle|Helping Hand|[of] p2a: Abomasnow\n|move|p2b: Iron Bundle|Freeze-Dry|p1a: Chi-Yu\n|-resisted|p1a: Chi-Yu\n|-damage|p1a: Chi-Yu|69\/100\n|move|p1b: Maushold|Super Fang|p2b: Iron Bundle|[miss]\n|-miss|p1b: Maushold|p2b: Iron Bundle\n|\n|-weather|Snow|[upkeep]\n|-heal|p2a: Abomasnow|63\/100|[from] item: Leftovers\n|upkeep\n|turn|4\n|\n|t:|1683570543\n|move|p2b: Iron Bundle|Protect|p2b: Iron Bundle\n|-singleturn|p2b: Iron Bundle|Protect\n|move|p1b: Maushold|Follow Me|p1b: Maushold\n|-singleturn|p1b: Maushold|move: Follow Me\n|move|p1a: Chi-Yu|Heat Wave|p2a: Abomasnow|[spread] p2a\n|-activate|p2b: Iron Bundle|move: Protect\n|-supereffective|p2a: Abomasnow\n|-damage|p2a: Abomasnow|0 fnt\n|faint|p2a: Abomasnow\n|\n|-weather|Snow|[upkeep]\n|upkeep\n|\n|t:|1683570555\n|switch|p2a: Great Tusk|Great Tusk, L50|100\/100\n|turn|5\n|inactive|CaptJorgito has 30 seconds left.\n|\n|t:|1683570581\n|move|p1b: Maushold|Follow Me|p1b: Maushold\n|-singleturn|p1b: Maushold|move: Follow Me\n|move|p2b: Iron Bundle|Hydro Pump|p1b: Maushold\n|-damage|p1b: Maushold|9\/100\n|move|p1a: Chi-Yu|Heat Wave|p2b: Iron Bundle|[spread] p2a,p2b\n|-damage|p2a: Great Tusk|73\/100\n|-damage|p2b: Iron Bundle|36\/100\n|move|p2a: Great Tusk|Close Combat|p1b: Maushold\n|-supereffective|p1b: Maushold\n|-crit|p1b: Maushold\n|-damage|p1b: Maushold|0 fnt\n|-unboost|p2a: Great Tusk|def|1\n|-unboost|p2a: Great Tusk|spd|1\n|faint|p1b: Maushold\n|\n|-weather|none\n|-sideend|p2: madness29|move: Aurora Veil\n|upkeep\n|\n|t:|1683570600\n|switch|p1b: Iron Bundle|Iron Bundle, L50|100\/100\n|-enditem|p1b: Iron Bundle|Booster Energy\n|-activate|p1b: Iron Bundle|ability: Quark Drive|[fromitem]\n|-start|p1b: Iron Bundle|quarkdrivespe\n|turn|6\n|\n|t:|1683570621\n|move|p2b: Iron Bundle|Protect|p2b: Iron Bundle\n|-singleturn|p2b: Iron Bundle|Protect\n|move|p1b: Iron Bundle|Icy Wind|p2a: Great Tusk|[spread] p2a\n|-activate|p2b: Iron Bundle|move: Protect\n|-supereffective|p2a: Great Tusk\n|-damage|p2a: Great Tusk|2\/100\n|-unboost|p2a: Great Tusk|spe|1\n|move|p1a: Chi-Yu|Heat Wave|p2b: Iron Bundle|[spread] p2a\n|-activate|p2b: Iron Bundle|move: Protect\n|-damage|p2a: Great Tusk|0 fnt\n|faint|p2a: Great Tusk\n|-end|p2a: Great Tusk|Protosynthesis|[silent]\n|\n|upkeep\n|\n|t:|1683570633\n|switch|p2a: Flutter Mane|Flutter Mane, L50|100\/100\n|turn|7\n|\n|t:|1683570648\n|-terastallize|p2a: Flutter Mane|Fairy\n|move|p1a: Chi-Yu|Protect|p1a: Chi-Yu\n|-singleturn|p1a: Chi-Yu|Protect\n|move|p1b: Iron Bundle|Icy Wind|p2b: Iron Bundle|[spread] p2a,p2b\n|-resisted|p2b: Iron Bundle\n|-damage|p2a: Flutter Mane|70\/100\n|-damage|p2b: Iron Bundle|22\/100\n|-unboost|p2a: Flutter Mane|spe|1\n|-unboost|p2b: Iron Bundle|spe|1\n|move|p2b: Iron Bundle|Hydro Pump|p1a: Chi-Yu\n|-activate|p1a: Chi-Yu|move: Protect\n|move|p2a: Flutter Mane|Dazzling Gleam|p1a: Chi-Yu|[spread] p1b\n|-activate|p1a: Chi-Yu|move: Protect\n|-damage|p1b: Iron Bundle|0 fnt\n|faint|p1b: Iron Bundle\n|-end|p1b: Iron Bundle|Quark Drive|[silent]\n|-damage|p2a: Flutter Mane|60\/100|[from] item: Life Orb\n|\n|upkeep\n|\n|t:|1683570667\n|switch|p1b: Annihilape|Annihilape, L50, F, tera:Water|99\/100\n|turn|8\n|\n|t:|1683570679\n|move|p1a: Chi-Yu|Heat Wave|p2b: Iron Bundle|[spread] p2a,p2b\n|-damage|p2a: Flutter Mane|10\/100\n|-damage|p2b: Iron Bundle|0 fnt\n|faint|p2b: Iron Bundle\n|-end|p2b: Iron Bundle|Quark Drive|[silent]\n|move|p2a: Flutter Mane|Dazzling Gleam|p1a: Chi-Yu|[spread] p1a,p1b\n|-damage|p1a: Chi-Yu|1\/100\n|-damage|p1b: Annihilape|41\/100\n|-damage|p2a: Flutter Mane|0 fnt|[from] item: Life Orb\n|faint|p2a: Flutter Mane\n|-end|p2a: Flutter Mane|Protosynthesis|[silent]\n|\n|win|CaptJorgito\n|raw|CaptJorgito's rating: 1287 → 1305<\/strong> (+18 for winning)\n|raw|madness29's rating: 1183 → 1165<\/strong> (-18 for losing)\n|l|\u2606madness29\n","uploadtime":1683570701,"views":16,"p1id":"captjorgito","p2id":"madness29","formatid":"gen9vgc2023regulationc","rating":1165,"private":0,"password":""}