{"id":"gen9vgc2023regulationc-1845770137","p1":"dreamswgh","p2":"Seakdd","format":"[Gen 9] VGC 2023 Regulation C","log":"|j|\u2606dreamswgh\n|j|\u2606Seakdd\n|t:|1681762913\n|gametype|doubles\n|player|p1|dreamswgh|nate|1275\n|player|p2|Seakdd|265|1167\n|teamsize|p1|6\n|teamsize|p2|6\n|gen|9\n|tier|[Gen 9] VGC 2023 Regulation C\n|rated|\n|rule|Species Clause: Limit one of each Pok\u00e9mon\n|rule|Item Clause: Limit one of each item\n|clearpoke\n|poke|p1|Torkoal, L50, M|\n|poke|p1|Flutter Mane, L50|\n|poke|p1|Indeedee-F, L50, F|\n|poke|p1|Hatterene, L50, F|\n|poke|p1|Corviknight, L50, M|\n|poke|p1|Mudsdale, L50, M|\n|poke|p2|Ting-Lu, L50|\n|poke|p2|Iron Bundle, L50|\n|poke|p2|Flutter Mane, L50|\n|poke|p2|Annihilape, L50, F|\n|poke|p2|Maushold-Four, L50|\n|poke|p2|Arcanine, L50, M|\n|teampreview|4\n|inactive|Battle timer is ON: inactive players will automatically lose when time's up. (requested by Seakdd)\n|\n|t:|1681762983\n|start\n|switch|p1a: Nevada|Indeedee-F, L50, F|100\/100\n|switch|p1b: New Mexico|Hatterene, L50, F|100\/100\n|switch|p2a: Annihilape|Annihilape, L50, F|100\/100\n|switch|p2b: Maushold|Maushold-Four, L50|100\/100\n|-fieldstart|move: Psychic Terrain|[from] ability: Psychic Surge|[of] p1a: Nevada\n|-enditem|p1a: Nevada|Psychic Seed\n|-boost|p1a: Nevada|spd|1|[from] item: Psychic Seed\n|turn|1\n|\n|t:|1681763005\n|-terastallize|p2a: Annihilape|Fire\n|move|p1a: Nevada|Follow Me|p1a: Nevada\n|-singleturn|p1a: Nevada|move: Follow Me\n|move|p2b: Maushold|Beat Up|p1a: Nevada\n|-supereffective|p1a: Nevada\n|-damage|p1a: Nevada|94\/100\n|-supereffective|p1a: Nevada\n|-damage|p1a: Nevada|89\/100\n|-supereffective|p1a: Nevada\n|-damage|p1a: Nevada|82\/100\n|-supereffective|p1a: Nevada\n|-damage|p1a: Nevada|77\/100\n|-hitcount|p1a: Nevada|4\n|move|p2a: Annihilape|Rage Fist|p1a: Nevada\n|-immune|p1a: Nevada\n|move|p1b: New Mexico|Trick Room|p1b: New Mexico\n|-fieldstart|move: Trick Room|[of] p1b: New Mexico\n|\n|upkeep\n|turn|2\n|\n|t:|1681763030\n|switch|p2a: Ting-Lu|Ting-Lu, L50|100\/100\n|-ability|p2a: Ting-Lu|Vessel of Ruin\n|move|p1a: Nevada|Helping Hand|p1b: New Mexico\n|-singleturn|p1b: New Mexico|Helping Hand|[of] p1a: Nevada\n|move|p1b: New Mexico|Psychic|p2a: Ting-Lu\n|-immune|p2a: Ting-Lu\n|move|p2b: Maushold|Encore|p1b: New Mexico\n|move|p1b: New Mexico|Encore||[from]ability: Magic Bounce|[still]\n|-fail|p1b: New Mexico\n|\n|upkeep\n|turn|3\n|\n|t:|1681763052\n|move|p1a: Nevada|Helping Hand|p1b: New Mexico\n|-singleturn|p1b: New Mexico|Helping Hand|[of] p1a: Nevada\n|move|p1b: New Mexico|Dazzling Gleam|p2b: Maushold|[spread] p2a,p2b\n|-supereffective|p2a: Ting-Lu\n|-crit|p2a: Ting-Lu\n|-damage|p2a: Ting-Lu|54\/100\n|-damage|p2b: Maushold|48\/100\n|-damage|p1b: New Mexico|91\/100|[from] item: Life Orb\n|move|p2a: Ting-Lu|Heavy Slam|p1b: New Mexico\n|-supereffective|p1b: New Mexico\n|-damage|p1b: New Mexico|24\/100\n|move|p2b: Maushold|Beat Up|p1a: Nevada\n|-supereffective|p1a: Nevada\n|-crit|p1a: Nevada\n|-damage|p1a: Nevada|67\/100\n|-supereffective|p1a: Nevada\n|-crit|p1a: Nevada\n|-damage|p1a: Nevada|61\/100\n|-supereffective|p1a: Nevada\n|-damage|p1a: Nevada|54\/100\n|-supereffective|p1a: Nevada\n|-damage|p1a: Nevada|49\/100\n|-hitcount|p1a: Nevada|4\n|\n|upkeep\n|turn|4\n|\n|t:|1681763077\n|move|p1a: Nevada|Helping Hand|p1b: New Mexico\n|-singleturn|p1b: New Mexico|Helping Hand|[of] p1a: Nevada\n|move|p2b: Maushold|Protect|p2b: Maushold\n|-singleturn|p2b: Maushold|Protect\n|move|p1b: New Mexico|Dazzling Gleam|p2b: Maushold|[spread] p2a\n|-activate|p2b: Maushold|move: Protect\n|-supereffective|p2a: Ting-Lu\n|-crit|p2a: Ting-Lu\n|-damage|p2a: Ting-Lu|0 fnt\n|faint|p2a: Ting-Lu\n|-damage|p1b: New Mexico|15\/100|[from] item: Life Orb\n|\n|upkeep\n|\n|t:|1681763093\n|switch|p2a: Annihilape|Annihilape, L50, F, tera:Fire|100\/100\n|turn|5\n|inactive|dreamswgh has 30 seconds left.\n|inactive|Seakdd has 30 seconds left.\n|\n|t:|1681763128\n|switch|p1a: Okalahoma|Corviknight, L50, M|100\/100\n|move|p1b: New Mexico|Psychic|p2b: Maushold\n|-damage|p2b: Maushold|0 fnt\n|faint|p2b: Maushold\n|-damage|p1b: New Mexico|6\/100|[from] item: Life Orb\n|move|p2a: Annihilape|Rage Fist|p1b: New Mexico\n|-supereffective|p1b: New Mexico\n|-damage|p1b: New Mexico|0 fnt\n|faint|p1b: New Mexico\n|\n|-fieldend|move: Trick Room\n|-fieldend|move: Psychic Terrain\n|upkeep\n|\n|t:|1681763139\n|switch|p2b: Iron Bundle|Iron Bundle, L50|100\/100\n|switch|p1b: Nevada|Indeedee-F, L50, F|49\/100\n|-fieldstart|move: Psychic Terrain|[from] ability: Psychic Surge|[of] p1b: Nevada\n|turn|6\n|\n|t:|1681763163\n|move|p1b: Nevada|Helping Hand|p1a: Okalahoma\n|-singleturn|p1a: Okalahoma|Helping Hand|[of] p1b: Nevada\n|move|p2b: Iron Bundle|Taunt|p1b: Nevada\n|-start|p1b: Nevada|move: Taunt\n|move|p2a: Annihilape|Bulk Up|p2a: Annihilape\n|-boost|p2a: Annihilape|atk|1\n|-boost|p2a: Annihilape|def|1\n|move|p1a: Okalahoma|Brave Bird|p2b: Iron Bundle\n|-enditem|p2b: Iron Bundle|Focus Sash\n|-damage|p2b: Iron Bundle|1\/100\n|-damage|p1a: Okalahoma|79\/100|[from] Recoil\n|\n|upkeep\n|turn|7\n|\n|t:|1681763179\n|move|p2b: Iron Bundle|Freeze-Dry|p1a: Okalahoma\n|-damage|p1a: Okalahoma|45\/100\n|move|p2a: Annihilape|Drain Punch|p1a: Okalahoma\n|-crit|p1a: Okalahoma\n|-damage|p1a: Okalahoma|0 fnt\n|faint|p1a: Okalahoma\n|move|p1b: Nevada|Dazzling Gleam|p2b: Iron Bundle|[spread] p2a,p2b\n|-resisted|p2a: Annihilape\n|-damage|p2a: Annihilape|95\/100\n|-damage|p2b: Iron Bundle|0 fnt\n|faint|p2b: Iron Bundle\n|-end|p2b: Iron Bundle|Quark Drive|[silent]\n|\n|-heal|p2a: Annihilape|100\/100|[from] item: Leftovers\n|upkeep\n|\n|t:|1681763190\n|switch|p1a: Texas|Mudsdale, L50, M|100\/100\n|turn|8\n|l|\u2606Seakdd\n|inactive|Seakdd disconnected and has a minute to reconnect!\n|player|p2|\n|inactive|Seakdd has 30 seconds left.\n|j|\u2606Seakdd\n|inactive|Seakdd reconnected and has 30 seconds left.\n|player|p2|Seakdd|265\n|\n|t:|1681763225\n|-terastallize|p1b: Nevada|Grass\n|move|p2a: Annihilape|Drain Punch|p1b: Nevada\n|-damage|p1b: Nevada|0 fnt\n|faint|p1b: Nevada\n|move|p1a: Texas|Stomping Tantrum|p2a: Annihilape\n|-supereffective|p2a: Annihilape\n|-damage|p2a: Annihilape|42\/100\n|\n|-heal|p2a: Annihilape|48\/100|[from] item: Leftovers\n|upkeep\n|turn|9\n|\n|t:|1681763244\n|move|p2a: Annihilape|Protect|p2a: Annihilape\n|-singleturn|p2a: Annihilape|Protect\n|move|p1a: Texas|Earthquake|p2a: Annihilape\n|-activate|p2a: Annihilape|move: Protect\n|\n|-heal|p2a: Annihilape|54\/100|[from] item: Leftovers\n|upkeep\n|turn|10\n|\n|t:|1681763254\n|move|p2a: Annihilape|Bulk Up|p2a: Annihilape\n|-boost|p2a: Annihilape|atk|1\n|-boost|p2a: Annihilape|def|1\n|move|p1a: Texas|Earthquake|p2a: Annihilape\n|-supereffective|p2a: Annihilape\n|-damage|p2a: Annihilape|0 fnt\n|faint|p2a: Annihilape\n|\n|win|dreamswgh\n|raw|dreamswgh's rating: 1275 → 1292<\/strong> (+17 for winning)\n|raw|Seakdd's rating: 1167 → 1150<\/strong> (-17 for losing)\n|c|\u2606dreamswgh|ggwp\n|l|\u2606Seakdd\n","uploadtime":1681763269,"views":7,"p1id":"dreamswgh","p2id":"seakdd","formatid":"gen9vgc2023regulationc","rating":1150,"private":0,"password":""}