{"id":"gen9vgc2023regulationc-1851528266","p1":"Bellatrix2022","p2":"chefstony24","format":"[Gen 9] VGC 2023 Regulation C","log":"|j|\u2606Bellatrix2022\n|j|\u2606chefstony24\n|t:|1682452806\n|gametype|doubles\n|player|p1|Bellatrix2022|265|\n|player|p2|chefstony24|170|\n|teamsize|p1|6\n|teamsize|p2|6\n|gen|9\n|tier|[Gen 9] VGC 2023 Regulation C\n|rule|Species Clause: Limit one of each Pok\u00e9mon\n|rule|Item Clause: Limit one of each item\n|clearpoke\n|poke|p1|Dachsbun, L50, M|\n|poke|p1|Chi-Yu, L50|\n|poke|p1|Meowscarada, L50, F|\n|poke|p1|Kingambit, L50, M|\n|poke|p1|Krookodile, L50, M|\n|poke|p1|Hydreigon, L50, F|\n|poke|p2|Annihilape, L50, F|\n|poke|p2|Amoonguss, L50, M|\n|poke|p2|Armarouge, L50, F|\n|poke|p2|Indeedee-F, L50, F|\n|poke|p2|Palafin, L50, M|\n|poke|p2|Murkrow, L50, M|\n|teampreview|4\n|\n|t:|1682452848\n|start\n|switch|p1a: Chi-Yu|Chi-Yu, L50|100\/100\n|switch|p1b: Dachsbun|Dachsbun, L50, M, shiny|100\/100\n|switch|p2a: Armarouge|Armarouge, L50, F|100\/100\n|switch|p2b: Murkrow|Murkrow, L50, M|100\/100\n|-ability|p1a: Chi-Yu|Beads of Ruin\n|turn|1\n|\n|t:|1682452876\n|-terastallize|p2a: Armarouge|Dark\n|move|p2b: Murkrow|Tailwind|p2b: Murkrow\n|-sidestart|p2: chefstony24|move: Tailwind\n|move|p2a: Armarouge|Aura Sphere|p1a: Chi-Yu\n|-supereffective|p1a: Chi-Yu\n|-damage|p1a: Chi-Yu|25\/100\n|move|p1a: Chi-Yu|Lava Plume|p2b: Murkrow|[spread] p2b\n|-ability|p1b: Dachsbun|Well-Baked Body|boost\n|-boost|p1b: Dachsbun|def|2\n|-start|p2a: Armarouge|ability: Flash Fire\n|-damage|p2b: Murkrow|68\/100\n|-status|p2b: Murkrow|brn\n|move|p1b: Dachsbun|Yawn|p2a: Armarouge\n|-start|p2a: Armarouge|move: Yawn|[of] p1b: Dachsbun\n|\n|-damage|p2b: Murkrow|62\/100 brn|[from] brn\n|upkeep\n|turn|2\n|\n|t:|1682452935\n|move|p2b: Murkrow|Haze|p2b: Murkrow\n|-clearallboost\n|move|p2a: Armarouge|Aura Sphere|p1a: Chi-Yu\n|-supereffective|p1a: Chi-Yu\n|-crit|p1a: Chi-Yu\n|-damage|p1a: Chi-Yu|0 fnt\n|faint|p1a: Chi-Yu\n|move|p1b: Dachsbun|Body Press|p2a: Armarouge\n|-supereffective|p2a: Armarouge\n|-damage|p2a: Armarouge|45\/100\n|\n|-heal|p2a: Armarouge|52\/100|[from] item: Leftovers\n|-damage|p2b: Murkrow|56\/100 brn|[from] brn\n|-end|p2a: Armarouge|move: Yawn|[silent]\n|-status|p2a: Armarouge|slp\n|upkeep\n|\n|t:|1682452961\n|switch|p1a: Krookodile|Krookodile, L50, M, shiny|100\/100\n|turn|3\n|\n|t:|1682452971\n|-end|p2a: Armarouge|ability: Flash Fire|[silent]\n|switch|p2a: Palafin|Palafin, L50, M|100\/100\n|-terastallize|p1a: Krookodile|Rock\n|move|p2b: Murkrow|Rain Dance|p2b: Murkrow\n|-weather|RainDance\n|move|p1a: Krookodile|Rock Slide|p2b: Murkrow|[spread] p2a,p2b\n|-supereffective|p2b: Murkrow\n|-damage|p2a: Palafin|68\/100\n|-damage|p2b: Murkrow|0 fnt\n|faint|p2b: Murkrow\n|-ability|p1a: Krookodile|Moxie|boost\n|-boost|p1a: Krookodile|atk|1\n|move|p1b: Dachsbun|Body Press|p2a: Palafin\n|-damage|p2a: Palafin|33\/100\n|\n|-weather|RainDance|[upkeep]\n|upkeep\n|\n|t:|1682452986\n|switch|p2b: Amoonguss|Amoonguss, L50, M|100\/100\n|turn|4\n|\n|t:|1682453010\n|move|p2b: Amoonguss|Rage Powder|p2b: Amoonguss\n|-singleturn|p2b: Amoonguss|move: Rage Powder\n|move|p2a: Palafin|Jet Punch|p1a: Krookodile\n|-supereffective|p1a: Krookodile\n|-damage|p1a: Krookodile|0 fnt\n|faint|p1a: Krookodile\n|-damage|p2a: Palafin|24\/100|[from] item: Life Orb\n|move|p1b: Dachsbun|Body Press|p2b: Amoonguss\n|-resisted|p2b: Amoonguss\n|-damage|p2b: Amoonguss|85\/100\n|\n|-weather|RainDance|[upkeep]\n|-heal|p2b: Amoonguss|91\/100|[from] item: Black Sludge\n|-sideend|p2: chefstony24|move: Tailwind\n|upkeep\n|\n|t:|1682453023\n|switch|p1a: Hydreigon|Hydreigon, L50, F, shiny|100\/100\n|turn|5\n|c|\u2606chefstony24|silly\n|\n|t:|1682453086\n|switch|p2b: Armarouge|Armarouge, L50, F, tera:Dark|52\/100 slp\n|move|p2a: Palafin|Protect|p2a: Palafin\n|-singleturn|p2a: Palafin|Protect\n|move|p1a: Hydreigon|Dark Pulse|p2a: Palafin\n|-activate|p2a: Palafin|move: Protect\n|move|p1b: Dachsbun|Yawn||[still]\n|-fail|p1b: Dachsbun\n|\n|-weather|RainDance|[upkeep]\n|-heal|p2b: Armarouge|58\/100 slp|[from] item: Leftovers\n|upkeep\n|turn|6\n|\n|t:|1682453107\n|detailschange|p2a: Palafin|Palafin-Hero, L50, M\n|switch|p2a: Amoonguss|Amoonguss, L50, M|100\/100\n|move|p1a: Hydreigon|Dark Pulse|p2a: Amoonguss\n|-damage|p2a: Amoonguss|38\/100\n|move|p1b: Dachsbun|Body Press|p2b: Armarouge\n|-supereffective|p2b: Armarouge\n|-damage|p2b: Armarouge|5\/100 slp\n|cant|p2b: Armarouge|slp\n|\n|-weather|RainDance|[upkeep]\n|-heal|p2b: Armarouge|11\/100 slp|[from] item: Leftovers\n|-heal|p2a: Amoonguss|43\/100|[from] item: Black Sludge\n|upkeep\n|turn|7\n|\n|t:|1682453135\n|move|p2a: Amoonguss|Rage Powder|p2a: Amoonguss\n|-singleturn|p2a: Amoonguss|move: Rage Powder\n|move|p1a: Hydreigon|Dark Pulse|p2a: Amoonguss\n|-damage|p2a: Amoonguss|0 fnt\n|faint|p2a: Amoonguss\n|move|p1b: Dachsbun|Body Press|p2b: Armarouge\n|-supereffective|p2b: Armarouge\n|-damage|p2b: Armarouge|0 fnt\n|faint|p2b: Armarouge\n|\n|-weather|none\n|upkeep\n|\n|t:|1682453147\n|switch|p2b: Palafin|Palafin-Hero, L50, M|24\/100\n|-activate|p2b: Palafin|ability: Zero to Hero\n|turn|8\n|\n|t:|1682453155\n|move|p1a: Hydreigon|Dark Pulse|p2b: Palafin\n|-damage|p2b: Palafin|0 fnt\n|faint|p2b: Palafin\n|\n|win|Bellatrix2022\n|l|\u2606chefstony24\n","uploadtime":1682453267,"views":18,"p1id":"bellatrix2022","p2id":"chefstony24","formatid":"gen9vgc2023regulationc","rating":0,"private":0,"password":""}