{"id":"gen9vgc2023regulationc-1850286239","p1":"Finnyiii","p2":"Idk544","format":"[Gen 9] VGC 2023 Regulation C","log":"|j|\u2606Finnyiii\n|j|\u2606Idk544\n|t:|1682311258\n|gametype|doubles\n|player|p1|Finnyiii|lucas|1245\n|player|p2|Idk544|silver|1345\n|teamsize|p1|6\n|teamsize|p2|6\n|gen|9\n|tier|[Gen 9] VGC 2023 Regulation C\n|rated|\n|rule|Species Clause: Limit one of each Pok\u00e9mon\n|rule|Item Clause: Limit one of each item\n|clearpoke\n|poke|p1|Kingambit, L50, M|\n|poke|p1|Murkrow, L50, M|\n|poke|p1|Flutter Mane, L50|\n|poke|p1|Amoonguss, L50, F|\n|poke|p1|Ting-Lu, L50|\n|poke|p1|Arcanine, L50, F|\n|poke|p2|Orthworm, L50, M|\n|poke|p2|Iron Hands, L50|\n|poke|p2|Flutter Mane, L50|\n|poke|p2|Gholdengo, L50|\n|poke|p2|Gyarados, L50, M|\n|poke|p2|Ting-Lu, L50|\n|teampreview|4\nIdk544 has agreed to open team sheets.\n|inactive|Battle timer is ON: inactive players will automatically lose when time's up. (requested by Idk544)\n|\n|t:|1682311294\n|start\n|switch|p1a: Arcanine|Arcanine, L50, F|100\/100\n|switch|p1b: Flutter Mane|Flutter Mane, L50|100\/100\n|switch|p2a: Iron Hands|Iron Hands, L50|100\/100\n|switch|p2b: Orthworm|Orthworm, L50, M|100\/100\n|-ability|p1a: Arcanine|Intimidate|boost\n|-unboost|p2a: Iron Hands|atk|1\n|-unboost|p2b: Orthworm|atk|1\n|turn|1\n|\n|t:|1682311313\n|move|p1a: Arcanine|Protect|p1a: Arcanine\n|-singleturn|p1a: Arcanine|Protect\n|move|p2a: Iron Hands|Fake Out|p1a: Arcanine\n|-activate|p1a: Arcanine|move: Protect\n|move|p1b: Flutter Mane|Dazzling Gleam|p2b: Orthworm|[spread] p2a,p2b\n|-supereffective|p2a: Iron Hands\n|-resisted|p2b: Orthworm\n|-damage|p2a: Iron Hands|56\/100\n|-damage|p2b: Orthworm|78\/100\n|move|p2b: Orthworm|Shed Tail|p2b: Orthworm\n|-start|p2b: Orthworm|Substitute|[from] move: Shed Tail\n|-damage|p2b: Orthworm|28\/100\n|-enditem|p2b: Orthworm|Sitrus Berry|[eat]\n|-heal|p2b: Orthworm|53\/100|[from] item: Sitrus Berry\n|\n|t:|1682311328\n|switch|p2b: Gyarados|Gyarados, L50, M|100\/100|[from] Shed Tail\n|-ability|p2b: Gyarados|Intimidate|boost\n|-unboost|p1a: Arcanine|atk|1\n|-unboost|p1b: Flutter Mane|atk|1\n|\n|upkeep\n|turn|2\n|\n|t:|1682311342\n|switch|p1a: Amoonguss|Amoonguss, L50, F|100\/100\n|-end|p2a: Iron Hands|Quark Drive|[silent]\n|switch|p2a: Orthworm|Orthworm, L50, M|53\/100\n|move|p1b: Flutter Mane|Dazzling Gleam|p2b: Gyarados|[spread] p2a,p2b\n|-end|p2b: Gyarados|Substitute\n|-resisted|p2a: Orthworm\n|-damage|p2a: Orthworm|32\/100\n|move|p2b: Gyarados|Dragon Dance|p2b: Gyarados\n|-boost|p2b: Gyarados|atk|1\n|-boost|p2b: Gyarados|spe|1\n|\n|upkeep\n|turn|3\n|inactive|Idk544 has 30 seconds left.\n|\n|t:|1682311370\n|move|p1a: Amoonguss|Protect|p1a: Amoonguss\n|-singleturn|p1a: Amoonguss|Protect\n|move|p1b: Flutter Mane|Dazzling Gleam|p2a: Orthworm|[spread] p2a,p2b\n|-resisted|p2a: Orthworm\n|-damage|p2a: Orthworm|12\/100\n|-damage|p2b: Gyarados|56\/100\n|move|p2b: Gyarados|Bulldoze|p1b: Flutter Mane|[spread] p1b\n|-activate|p1a: Amoonguss|move: Protect\n|-heal|p2a: Orthworm|37\/100|[from] ability: Earth Eater|[of] p2b: Gyarados\n|-damage|p1b: Flutter Mane|62\/100\n|-unboost|p1b: Flutter Mane|spe|1\n|move|p2a: Orthworm|Shed Tail|p2a: Orthworm\n|-fail|p2a: Orthworm|move: Shed Tail|[weak]\n|\n|upkeep\n|turn|4\n|inactive|Idk544 has 30 seconds left.\n|inactive|Finnyiii has 30 seconds left.\n|inactive|Idk544 has 20 seconds left.\n|\n|t:|1682311408\n|-end|p1b: Flutter Mane|Protosynthesis|[silent]\n|switch|p1b: Arcanine|Arcanine, L50, F|100\/100\n|-ability|p1b: Arcanine|Intimidate|boost\n|-unboost|p2a: Orthworm|atk|1\n|-unboost|p2b: Gyarados|atk|1\n|-terastallize|p2b: Gyarados|Grass\n|move|p2a: Orthworm|Protect|p2a: Orthworm\n|-singleturn|p2a: Orthworm|Protect\n|move|p2b: Gyarados|Waterfall|p1b: Arcanine\n|-supereffective|p1b: Arcanine\n|-damage|p1b: Arcanine|5\/100\n|-enditem|p1b: Arcanine|Sitrus Berry|[eat]\n|-heal|p1b: Arcanine|30\/100|[from] item: Sitrus Berry\n|move|p1a: Amoonguss|Spore|p2a: Orthworm\n|-activate|p2a: Orthworm|move: Protect\n|\n|upkeep\n|turn|5\n|\n|t:|1682311431\n|move|p1a: Amoonguss|Rage Powder|p1a: Amoonguss\n|-singleturn|p1a: Amoonguss|move: Rage Powder\n|move|p2b: Gyarados|Bulldoze|p1a: Amoonguss|[spread] p1a,p1b\n|-heal|p2a: Orthworm|62\/100|[from] ability: Earth Eater|[of] p2b: Gyarados\n|-supereffective|p1b: Arcanine\n|-damage|p1a: Amoonguss|85\/100\n|-damage|p1b: Arcanine|0 fnt\n|-unboost|p1a: Amoonguss|spe|1\n|faint|p1b: Arcanine\n|move|p2a: Orthworm|Shed Tail|p2a: Orthworm\n|-start|p2a: Orthworm|Substitute|[from] move: Shed Tail\n|-damage|p2a: Orthworm|12\/100\n|\n|t:|1682311448\n|switch|p2a: Ting-Lu|Ting-Lu, L50|100\/100|[from] Shed Tail\n|-ability|p2a: Ting-Lu|Vessel of Ruin\n|\n|upkeep\n|\n|t:|1682311454\n|switch|p1b: Flutter Mane|Flutter Mane, L50|62\/100\n|turn|6\n|\n|t:|1682311470\n|move|p2b: Gyarados|Protect|p2b: Gyarados\n|-singleturn|p2b: Gyarados|Protect\n|move|p1b: Flutter Mane|Dazzling Gleam|p2b: Gyarados|[spread] p2a\n|-activate|p2b: Gyarados|move: Protect\n|-supereffective|p2a: Ting-Lu\n|-end|p2a: Ting-Lu|Substitute\n|move|p2a: Ting-Lu|Earthquake|p1b: Flutter Mane|[spread] p1a,p1b\n|-activate|p2b: Gyarados|move: Protect\n|-damage|p1a: Amoonguss|61\/100\n|-damage|p1b: Flutter Mane|12\/100\n|move|p1a: Amoonguss|Pollen Puff|p1b: Flutter Mane\n|-heal|p1b: Flutter Mane|62\/100\n|\n|upkeep\n|turn|7\n|inactive|Idk544 has 30 seconds left.\n|\n|t:|1682311497\n|move|p1b: Flutter Mane|Dazzling Gleam|p2a: Ting-Lu|[spread] p2a,p2b\n|-supereffective|p2a: Ting-Lu\n|-damage|p2a: Ting-Lu|65\/100\n|-damage|p2b: Gyarados|25\/100\n|move|p2b: Gyarados|Waterfall|p1b: Flutter Mane\n|-damage|p1b: Flutter Mane|0 fnt\n|faint|p1b: Flutter Mane\n|-end|p1b: Flutter Mane|Protosynthesis|[silent]\n|move|p2a: Ting-Lu|Earthquake|p1a: Amoonguss|[spread] p2b,p1a\n|-resisted|p2b: Gyarados\n|-damage|p2b: Gyarados|8\/100\n|-damage|p1a: Amoonguss|36\/100\n|move|p1a: Amoonguss|Pollen Puff|p1: Flutter Mane|[notarget]\n|-fail|p1a: Amoonguss\n|\n|upkeep\n|\n|t:|1682311508\n|switch|p1b: Ting-Lu|Ting-Lu, L50|100\/100\n|-ability|p1b: Ting-Lu|Vessel of Ruin\n|turn|8\n|inactive|Finnyiii has 30 seconds left.\n|\n|t:|1682311544\n|move|p2a: Ting-Lu|Protect|p2a: Ting-Lu\n|-singleturn|p2a: Ting-Lu|Protect\n|move|p1a: Amoonguss|Protect|p1a: Amoonguss\n|-singleturn|p1a: Amoonguss|Protect\n|move|p2b: Gyarados|Waterfall|p1b: Ting-Lu\n|-supereffective|p1b: Ting-Lu\n|-damage|p1b: Ting-Lu|49\/100\n|move|p1b: Ting-Lu|Body Press|p2b: Gyarados\n|-damage|p2b: Gyarados|0 fnt\n|faint|p2b: Gyarados\n|\n|upkeep\n|\n|t:|1682311561\n|switch|p2b: Iron Hands|Iron Hands, L50|56\/100\n|turn|9\n|\n|t:|1682311576\n|move|p2b: Iron Hands|Fake Out|p1a: Amoonguss\n|-damage|p1a: Amoonguss|23\/100\n|-enditem|p1a: Amoonguss|Iapapa Berry|[eat]\n|-heal|p1a: Amoonguss|56\/100|[from] item: Iapapa Berry\n|move|p2a: Ting-Lu|Throat Chop|p1a: Amoonguss\n|-damage|p1a: Amoonguss|29\/100\n|-start|p1a: Amoonguss|Throat Chop|[silent]\n|move|p1b: Ting-Lu|Body Press|p2a: Ting-Lu\n|-supereffective|p2a: Ting-Lu\n|-damage|p2a: Ting-Lu|30\/100\n|cant|p1a: Amoonguss|flinch\n|\n|upkeep\n|turn|10\n|inactive|Finnyiii has 30 seconds left.\n|inactive|Idk544 has 30 seconds left.\n|\n|t:|1682311603\n|move|p2b: Iron Hands|Volt Switch|p1a: Amoonguss\n|-resisted|p1a: Amoonguss\n|-damage|p1a: Amoonguss|25\/100\n|\n|t:|1682311607\n|-end|p2b: Iron Hands|Quark Drive|[silent]\n|switch|p2b: Orthworm|Orthworm, L50, M|12\/100|[from] Volt Switch\n|move|p1b: Ting-Lu|Body Press|p2b: Orthworm\n|-supereffective|p2b: Orthworm\n|-damage|p2b: Orthworm|0 fnt\n|faint|p2b: Orthworm\n|move|p2a: Ting-Lu|Earthquake|p1b: Ting-Lu|[spread] p1a,p1b\n|-damage|p1a: Amoonguss|0 fnt\n|-damage|p1b: Ting-Lu|32\/100\n|faint|p1a: Amoonguss\n|\n|upkeep\n|\n|t:|1682311619\n|switch|p2b: Iron Hands|Iron Hands, L50|56\/100\n|turn|11\n|\n|t:|1682311628\n|move|p2b: Iron Hands|Fake Out|p1b: Ting-Lu\n|-damage|p1b: Ting-Lu|23\/100\n|cant|p1b: Ting-Lu|flinch\n|move|p2a: Ting-Lu|Fissure|p1b: Ting-Lu|[miss]\n|-miss|p2a: Ting-Lu|p1b: Ting-Lu\n|\n|upkeep\n|turn|12\n|\n|t:|1682311641\n|move|p2b: Iron Hands|Drain Punch|p1b: Ting-Lu\n|-supereffective|p1b: Ting-Lu\n|-damage|p1b: Ting-Lu|0 fnt\n|-heal|p2b: Iron Hands|68\/100|[from] drain|[of] p1b: Ting-Lu\n|faint|p1b: Ting-Lu\n|\n|win|Idk544\n|raw|Finnyiii's rating: 1245 → 1227<\/strong> (-18 for losing)\n|raw|Idk544's rating: 1345 → 1359<\/strong> (+14 for winning)\n","uploadtime":1682311650,"views":35,"p1id":"finnyiii","p2id":"idk544","formatid":"gen9vgc2023regulationc","rating":1227,"private":0,"password":""}