{"id":"gen9vgc2023regulationc-1857287987","p1":"r3gCt3st","p2":"Alolan XanXo","format":"[Gen 9] VGC 2023 Regulation C","log":"|j|\u2606r3gCt3st\n|j|\u2606Alolan XanXo\n|t:|1683168217\n|gametype|doubles\n|player|p1|r3gCt3st|harlequin|1131\n|player|p2|Alolan XanXo|170|1068\n|teamsize|p1|6\n|teamsize|p2|6\n|gen|9\n|tier|[Gen 9] VGC 2023 Regulation C\n|rated|\n|rule|Species Clause: Limit one of each Pok\u00e9mon\n|rule|Item Clause: Limit one of each item\n|clearpoke\n|poke|p1|Annihilape, L50, M|\n|poke|p1|Ting-Lu, L50|\n|poke|p1|Palafin, L50, F|\n|poke|p1|Arcanine, L50, M|\n|poke|p1|Amoonguss, L50, M|\n|poke|p1|Glimmora, L50, M|\n|poke|p2|Ceruledge, L50, M|\n|poke|p2|Orthworm, L50, M|\n|poke|p2|Chien-Pao, L50|\n|poke|p2|Gastrodon-East, L50, M|\n|poke|p2|Gardevoir, L50, F|\n|poke|p2|Roaring Moon, L50|\n|teampreview|4\n|\n|t:|1683168250\n|start\n|switch|p1a: Glimmora|Glimmora, L50, M|100\/100\n|switch|p1b: Annihilape|Annihilape, L50, M|100\/100\n|switch|p2a: Roaring Moon|Roaring Moon, L50|100\/100\n|switch|p2b: Ceruledge|Ceruledge, L50, M|100\/100\n|turn|1\n|\n|t:|1683168291\n|-terastallize|p1b: Annihilape|Fire\n|move|p2a: Roaring Moon|Throat Chop|p1b: Annihilape\n|-damage|p1b: Annihilape|58\/100\n|-start|p1b: Annihilape|Throat Chop|[silent]\n|move|p1a: Glimmora|Toxic|p2b: Ceruledge\n|-status|p2b: Ceruledge|tox\n|move|p2b: Ceruledge|Bulk Up|p2b: Ceruledge\n|-boost|p2b: Ceruledge|atk|1\n|-boost|p2b: Ceruledge|def|1\n|move|p1b: Annihilape|Bulk Up|p1b: Annihilape\n|-boost|p1b: Annihilape|atk|1\n|-boost|p1b: Annihilape|def|1\n|\n|-heal|p1b: Annihilape|64\/100|[from] item: Leftovers\n|-damage|p2b: Ceruledge|94\/100 tox|[from] psn\n|upkeep\n|turn|2\n|\n|t:|1683168323\n|move|p2a: Roaring Moon|Protect|p2a: Roaring Moon\n|-singleturn|p2a: Roaring Moon|Protect\n|move|p1b: Annihilape|Protect|p1b: Annihilape\n|-singleturn|p1b: Annihilape|Protect\n|move|p1a: Glimmora|Toxic|p2a: Roaring Moon\n|-activate|p2a: Roaring Moon|move: Protect\n|move|p2b: Ceruledge|Bulk Up|p2b: Ceruledge\n|-boost|p2b: Ceruledge|atk|1\n|-boost|p2b: Ceruledge|def|1\n|\n|-heal|p1b: Annihilape|70\/100|[from] item: Leftovers\n|-damage|p2b: Ceruledge|82\/100 tox|[from] psn\n|-end|p1b: Annihilape|Throat Chop|[silent]\n|upkeep\n|turn|3\n|\n|t:|1683168350\n|switch|p2b: Gastrodon|Gastrodon-East, L50, M|100\/100\n|move|p2a: Roaring Moon|U-turn|p1b: Annihilape\n|-resisted|p1b: Annihilape\n|-damage|p1b: Annihilape|63\/100\n|\n|t:|1683168360\n|-end|p2a: Roaring Moon|Protosynthesis|[silent]\n|switch|p2a: Ceruledge|Ceruledge, L50, M|82\/100 tox|[from] U-turn\n|move|p1a: Glimmora|Toxic|p2a: Ceruledge\n|-fail|p2a: Ceruledge|tox\n|move|p1b: Annihilape|Drain Punch|p1a: Glimmora\n|-damage|p1a: Glimmora|53\/100\n|-heal|p1b: Annihilape|84\/100|[from] drain|[of] p1a: Glimmora\n|-activate|p1a: Glimmora|ability: Toxic Debris\n|-sidestart|p2: Alolan XanXo|move: Toxic Spikes\n|\n|-heal|p1b: Annihilape|90\/100|[from] item: Leftovers\n|-damage|p2a: Ceruledge|76\/100 tox|[from] psn\n|upkeep\n|turn|4\n|\n|t:|1683168384\n|move|p1a: Glimmora|Energy Ball|p2b: Gastrodon\n|-supereffective|p2b: Gastrodon\n|-damage|p2b: Gastrodon|18\/100\n|-enditem|p2b: Gastrodon|Ganlon Berry|[eat]\n|-boost|p2b: Gastrodon|def|1|[from] item: Ganlon Berry\n|move|p2a: Ceruledge|Bulk Up|p2a: Ceruledge\n|-boost|p2a: Ceruledge|atk|1\n|-boost|p2a: Ceruledge|def|1\n|move|p1b: Annihilape|Drain Punch|p1a: Glimmora\n|-damage|p1a: Glimmora|8\/100\n|-heal|p1b: Annihilape|100\/100|[from] drain|[of] p1a: Glimmora\n|-activate|p1a: Glimmora|ability: Toxic Debris\n|-sidestart|p2: Alolan XanXo|move: Toxic Spikes\n|-enditem|p1a: Glimmora|Sitrus Berry|[eat]\n|-heal|p1a: Glimmora|33\/100|[from] item: Sitrus Berry\n|move|p2b: Gastrodon|Earth Power|p1a: Glimmora\n|-supereffective|p1a: Glimmora\n|-damage|p1a: Glimmora|0 fnt\n|faint|p1a: Glimmora\n|\n|-damage|p2a: Ceruledge|64\/100 tox|[from] psn\n|upkeep\n|\n|t:|1683168390\n|switch|p1a: Arcanine|Arcanine, L50, M|100\/100\n|-ability|p1a: Arcanine|Intimidate|boost\n|-unboost|p2a: Ceruledge|atk|1\n|-unboost|p2b: Gastrodon|atk|1\n|turn|5\n|\n|t:|1683168418\n|move|p1a: Arcanine|Howl|p1a: Arcanine|[spread] p1a,p1b\n|-boost|p1a: Arcanine|atk|1\n|-boost|p1b: Annihilape|atk|1\n|move|p2a: Ceruledge|Bulk Up|p2a: Ceruledge\n|-boost|p2a: Ceruledge|atk|1\n|-boost|p2a: Ceruledge|def|1\n|move|p1b: Annihilape|Drain Punch|p2b: Gastrodon\n|-damage|p2b: Gastrodon|0 fnt\n|faint|p2b: Gastrodon\n|\n|-damage|p2a: Ceruledge|46\/100 tox|[from] psn\n|upkeep\n|\n|t:|1683168437\n|switch|p2b: Roaring Moon|Roaring Moon, L50|100\/100\n|-status|p2b: Roaring Moon|tox\n|turn|6\n|\n|t:|1683168462\n|switch|p1a: Amoonguss|Amoonguss, L50, M, shiny|100\/100\n|-terastallize|p2b: Roaring Moon|Ground\n|move|p2a: Ceruledge|Shadow Sneak|p1b: Annihilape\n|-damage|p1b: Annihilape|81\/100\n|move|p2b: Roaring Moon|Earthquake|p1b: Annihilape|[spread] p2a,p1a,p1b\n|-supereffective|p2a: Ceruledge\n|-supereffective|p1b: Annihilape\n|-damage|p2a: Ceruledge|0 fnt\n|-damage|p1a: Amoonguss|66\/100\n|-damage|p1b: Annihilape|30\/100\n|faint|p2a: Ceruledge\n|move|p1b: Annihilape|Bulk Up|p1b: Annihilape\n|-boost|p1b: Annihilape|atk|1\n|-boost|p1b: Annihilape|def|1\n|\n|-heal|p1b: Annihilape|36\/100|[from] item: Leftovers\n|-damage|p2b: Roaring Moon|94\/100 tox|[from] psn\n|upkeep\n|\n|t:|1683168481\n|switch|p2a: Gardevoir|Gardevoir, L50, F, shiny|100\/100\n|-status|p2a: Gardevoir|tox\n|-ability|p2a: Gardevoir|Regenerator|[from] ability: Trace|[of] p1a: Amoonguss\n|turn|7\n|\n|t:|1683168492\n|switch|p1a: Arcanine|Arcanine, L50, M|100\/100\n|-ability|p1a: Arcanine|Intimidate|boost\n|-unboost|p2a: Gardevoir|atk|1\n|-unboost|p2b: Roaring Moon|atk|1\n|-enditem|p2b: Roaring Moon|Adrenaline Orb\n|-boost|p2b: Roaring Moon|spe|1|[from] item: Adrenaline Orb\n|move|p1b: Annihilape|Protect|p1b: Annihilape\n|-singleturn|p1b: Annihilape|Protect\n|move|p2a: Gardevoir|Protect|p2a: Gardevoir\n|-singleturn|p2a: Gardevoir|Protect\n|move|p2b: Roaring Moon|Earthquake|p1a: Arcanine|[spread] p1a\n|-activate|p2a: Gardevoir|move: Protect\n|-activate|p1b: Annihilape|move: Protect\n|-supereffective|p1a: Arcanine\n|-damage|p1a: Arcanine|37\/100\n|\n|-heal|p1b: Annihilape|42\/100|[from] item: Leftovers\n|-damage|p2b: Roaring Moon|82\/100 tox|[from] psn\n|-damage|p2a: Gardevoir|95\/100 tox|[from] psn\n|upkeep\n|turn|8\n|\n|t:|1683168524\n|switch|p1a: Amoonguss|Amoonguss, L50, M, shiny|99\/100\n|move|p2b: Roaring Moon|Earthquake|p1b: Annihilape|[spread] p2a,p1a,p1b\n|-supereffective|p1b: Annihilape\n|-damage|p2a: Gardevoir|55\/100 tox\n|-damage|p1a: Amoonguss|76\/100\n|-damage|p1b: Annihilape|16\/100\n|move|p1b: Annihilape|Drain Punch|p2b: Roaring Moon\n|-damage|p2b: Roaring Moon|0 fnt\n|-heal|p1b: Annihilape|54\/100|[from] drain|[of] p2b: Roaring Moon\n|faint|p2b: Roaring Moon\n|-end|p2b: Roaring Moon|Protosynthesis|[silent]\n|move|p2a: Gardevoir|Calm Mind|p2a: Gardevoir\n|-boost|p2a: Gardevoir|spa|1\n|-boost|p2a: Gardevoir|spd|1\n|\n|-heal|p1b: Annihilape|60\/100|[from] item: Leftovers\n|-damage|p2a: Gardevoir|44\/100 tox|[from] psn\n|upkeep\n|turn|9\n|-message|Alolan XanXo forfeited.\n|\n|win|r3gCt3st\n|raw|r3gCt3st's rating: 1131 → 1152<\/strong> (+21 for winning)\n|raw|Alolan XanXo's rating: 1068 → 1051<\/strong> (-17 for losing)\n|l|\u2606Alolan XanXo\n","uploadtime":1683168540,"views":12,"p1id":"r3gct3st","p2id":"alolanxanxo","formatid":"gen9vgc2023regulationc","rating":1051,"private":0,"password":""}