{"id":"gen9vgc2023regulationc-1855094753","p1":"Vengeful potato","p2":"ThePyre","format":"[Gen 9] VGC 2023 Regulation C","log":"|j|\u2606Vengeful potato\n|j|\u2606ThePyre\n|t:|1682900625\n|gametype|doubles\n|player|p1|Vengeful potato|swimmer-gen4|1309\n|player|p2|ThePyre|265|1326\n|teamsize|p1|6\n|teamsize|p2|6\n|gen|9\n|tier|[Gen 9] VGC 2023 Regulation C\n|rated|\n|rule|Species Clause: Limit one of each Pok\u00e9mon\n|rule|Item Clause: Limit one of each item\n|clearpoke\n|poke|p1|Dudunsparce-*, L50, M|\n|poke|p1|Hariyama, L50, M|\n|poke|p1|Gholdengo, L50|\n|poke|p1|Salamence, L50, F|\n|poke|p1|Amoonguss, L50, M|\n|poke|p1|Drednaw, L50, M|\n|poke|p2|Maushold-Four, L50|\n|poke|p2|Annihilape, L50, M|\n|poke|p2|Gyarados, L50, M|\n|poke|p2|Scizor, L50, M|\n|poke|p2|Flutter Mane, L50|\n|poke|p2|Baxcalibur, L50, F|\n|teampreview|4\n|inactive|Battle timer is ON: inactive players will automatically lose when time's up. (requested by ThePyre)\n|inactive|Vengeful potato has 60 seconds left.\n|\n|t:|1682900662\n|start\n|switch|p1a: It\u2019s Sparcin\u2019 time|Dudunsparce, L50, M|100\/100\n|switch|p1b: THICC|Hariyama, L50, M, shiny|100\/100\n|switch|p2a: Maushold|Maushold-Four, L50|100\/100\n|switch|p2b: Annihilape|Annihilape, L50, M|100\/100\n|turn|1\n|\n|t:|1682900679\n|move|p1b: THICC|Fake Out|p2a: Maushold\n|-damage|p2a: Maushold|88\/100\n|cant|p2a: Maushold|flinch\n|move|p2b: Annihilape|Bulk Up|p2b: Annihilape\n|-boost|p2b: Annihilape|atk|1\n|-boost|p2b: Annihilape|def|1\n|move|p1a: It\u2019s Sparcin\u2019 time|Glare|p2b: Annihilape\n|-status|p2b: Annihilape|par\n|\n|upkeep\n|turn|2\n|\n|t:|1682900699\n|move|p2a: Maushold|Beat Up|p2b: Annihilape\n|-damage|p2b: Annihilape|99\/100 par\n|-damage|p2b: Annihilape|98\/100 par\n|-damage|p2b: Annihilape|97\/100 par\n|-hitcount|p2b: Annihilape|3\n|move|p1a: It\u2019s Sparcin\u2019 time|Rock Slide|p2b: Annihilape|[spread] p2a\n|-miss|p1a: It\u2019s Sparcin\u2019 time|p2b: Annihilape\n|-damage|p2a: Maushold|75\/100\n|move|p1b: THICC|Drain Punch|p2a: Maushold\n|-supereffective|p2a: Maushold\n|-damage|p2a: Maushold|1\/100\n|move|p2b: Annihilape|Rage Fist|p1b: THICC\n|-damage|p1b: THICC|0 fnt\n|faint|p1b: THICC\n|\n|-heal|p2b: Annihilape|100\/100 par|[from] item: Leftovers\n|upkeep\n|\n|t:|1682900709\n|switch|p1b: Big Stonks|Gholdengo, L50|100\/100\n|turn|3\n|\n|t:|1682900728\n|move|p2a: Maushold|Protect|p2a: Maushold\n|-singleturn|p2a: Maushold|Protect\n|move|p1a: It\u2019s Sparcin\u2019 time|Rock Slide|p2b: Annihilape|[spread] p2b\n|-activate|p2a: Maushold|move: Protect\n|-resisted|p2b: Annihilape\n|-crit|p2b: Annihilape\n|-damage|p2b: Annihilape|94\/100 par\n|move|p1b: Big Stonks|Hex|p2b: Annihilape\n|-supereffective|p2b: Annihilape\n|-damage|p2b: Annihilape|0 fnt\n|faint|p2b: Annihilape\n|\n|upkeep\n|\n|t:|1682900742\n|switch|p2b: Flutter Mane|Flutter Mane, L50|100\/100\n|turn|4\n|inactive|ThePyre has 30 seconds left.\n|\n|t:|1682900767\n|switch|p1b: Croissant|Salamence, L50, F|100\/100\n|-ability|p1b: Croissant|Intimidate|boost\n|-unboost|p2a: Maushold|atk|1\n|-unboost|p2b: Flutter Mane|atk|1\n|move|p2b: Flutter Mane|Shadow Ball|p1b: Croissant\n|-damage|p1b: Croissant|44\/100\n|-unboost|p1b: Croissant|spd|1\n|-damage|p2b: Flutter Mane|91\/100|[from] item: Life Orb\n|move|p2a: Maushold|Super Fang|p1a: It\u2019s Sparcin\u2019 time\n|-damage|p1a: It\u2019s Sparcin\u2019 time|50\/100\n|-enditem|p1a: It\u2019s Sparcin\u2019 time|Sitrus Berry|[eat]\n|-heal|p1a: It\u2019s Sparcin\u2019 time|75\/100|[from] item: Sitrus Berry\n|move|p1a: It\u2019s Sparcin\u2019 time|Glare|p2b: Flutter Mane\n|-status|p2b: Flutter Mane|par\n|\n|upkeep\n|turn|5\n|j| haoran zhou\n|\n|t:|1682900787\n|switch|p1b: Big Stonks|Gholdengo, L50|100\/100\n|move|p2a: Maushold|Follow Me|p2a: Maushold\n|-singleturn|p2a: Maushold|move: Follow Me\n|move|p1a: It\u2019s Sparcin\u2019 time|Rock Slide|p2b: Flutter Mane|[spread] p2a,p2b\n|-damage|p2a: Maushold|0 fnt\n|-damage|p2b: Flutter Mane|72\/100 par\n|faint|p2a: Maushold\n|cant|p2b: Flutter Mane|flinch\n|\n|upkeep\n|\n|t:|1682900798\n|switch|p2a: Gyarados|Gyarados, L50, M|100\/100\n|-ability|p2a: Gyarados|Intimidate|boost\n|-unboost|p1a: It\u2019s Sparcin\u2019 time|atk|1\n|-unboost|p1b: Big Stonks|atk|1\n|turn|6\n|inactive|ThePyre has 30 seconds left.\n|\n|t:|1682900825\n|cant|p2b: Flutter Mane|par\n|move|p1b: Big Stonks|Hex|p2b: Flutter Mane\n|-supereffective|p2b: Flutter Mane\n|-damage|p2b: Flutter Mane|0 fnt\n|faint|p2b: Flutter Mane\n|-end|p2b: Flutter Mane|Protosynthesis|[silent]\n|move|p1a: It\u2019s Sparcin\u2019 time|Glare|p2a: Gyarados\n|-status|p2a: Gyarados|par\n|cant|p2a: Gyarados|par\n|\n|upkeep\n|turn|7\n|-message|ThePyre forfeited.\n|\n|win|Vengeful potato\n|raw|Vengeful potato's rating: 1309 → 1330<\/strong> (+21 for winning)\n|raw|ThePyre's rating: 1326 → 1305<\/strong> (-21 for losing)\n|l|\u2606ThePyre\n|c|\u2606Vengeful potato|Ggs\n","uploadtime":1682900844,"views":0,"p1id":"vengefulpotato","p2id":"thepyre","formatid":"gen9vgc2023regulationc","rating":1305,"private":0,"password":""}