{"id":"gen9vgc2023regulationc-1862195415","p1":"mcdarvarian","p2":"KitsuneofDreams","format":"[Gen 9] VGC 2023 Regulation C","log":"|j|\u2606mcdarvarian\n|j|\u2606KitsuneofDreams\n|t:|1683848001\n|gametype|doubles\n|player|p1|mcdarvarian|elesa|\n|player|p2|KitsuneofDreams|whitney|\n|teamsize|p1|6\n|teamsize|p2|6\n|gen|9\n|tier|[Gen 9] VGC 2023 Regulation C\n|rule|Species Clause: Limit one of each Pok\u00e9mon\n|rule|Item Clause: Limit one of each item\n|clearpoke\n|poke|p1|Coalossal, L50, F|\n|poke|p1|Great Tusk, L50|\n|poke|p1|Amoonguss, L50, F|\n|poke|p1|Dragapult, L50, F|\n|poke|p1|Iron Hands, L50|\n|poke|p1|Iron Bundle, L50|\n|poke|p2|Sandy Shocks, L50|\n|poke|p2|Espathra, L50, M|\n|poke|p2|Flapple, L50, F|\n|poke|p2|Talonflame, L50, F|\n|poke|p2|Pawmot, L50, M|\n|poke|p2|Wo-Chien, L50|\n|teampreview|4\n|j| qwillinallthefish\nKitsuneofDreams has agreed to open team sheets.\nmcdarvarian has agreed to open team sheets.\n|j| Sean081799\n|j| orangeflood\n|\n|t:|1683848034\n|start\n|switch|p1a: Team Mom|Dragapult, L50, F|100\/100\n|switch|p1b: Fudruckers|Great Tusk, L50|100\/100\n|switch|p2a: We-Woo|Wo-Chien, L50|100\/100\n|switch|p2b: Pawnchy|Pawmot, L50, M|100\/100\n|-ability|p2a: We-Woo|Tablets of Ruin\n|turn|1\n|\n|t:|1683848052\n|-terastallize|p2a: We-Woo|Poison\n|move|p2b: Pawnchy|Fake Out|p1b: Fudruckers\n|-damage|p1b: Fudruckers|93\/100\n|move|p1a: Team Mom|U-turn|p2a: We-Woo\n|-resisted|p2a: We-Woo\n|-damage|p2a: We-Woo|93\/100\n|\n|t:|1683848057\n|switch|p1a: Thomas Two Hands|Iron Hands, L50, shiny|100\/100|[from] U-turn\n|cant|p1b: Fudruckers|flinch\n|move|p2a: We-Woo|Leech Seed|p1a: Thomas Two Hands\n|-start|p1a: Thomas Two Hands|move: Leech Seed\n|\n|-heal|p2a: We-Woo|99\/100|[from] item: Leftovers\n|-damage|p1a: Thomas Two Hands|88\/100|[from] Leech Seed|[of] p2a: We-Woo\n|-heal|p2a: We-Woo|100\/100|[silent]\n|upkeep\n|turn|2\n|\n|t:|1683848087\n|switch|p2b: HowdyDoody|Sandy Shocks, L50|100\/100\n|move|p2a: We-Woo|Protect|p2a: We-Woo\n|-singleturn|p2a: We-Woo|Protect\n|move|p1b: Fudruckers|Headlong Rush|p2a: We-Woo\n|-activate|p2a: We-Woo|move: Protect\n|move|p1a: Thomas Two Hands|Volt Switch|p2b: HowdyDoody\n|-immune|p2b: HowdyDoody\n|\n|-damage|p1a: Thomas Two Hands|76\/100|[from] Leech Seed|[of] p2a: We-Woo\n|upkeep\n|turn|3\n|\n|t:|1683848125\n|-terastallize|p1b: Fudruckers|Ground\n|move|p1b: Fudruckers|Headlong Rush|p2b: HowdyDoody\n|-supereffective|p2b: HowdyDoody\n|-damage|p2b: HowdyDoody|0 fnt\n|-unboost|p1b: Fudruckers|def|1\n|-unboost|p1b: Fudruckers|spd|1\n|faint|p2b: HowdyDoody\n|-end|p2b: HowdyDoody|Protosynthesis|[silent]\n|move|p2a: We-Woo|Substitute|p2a: We-Woo\n|-start|p2a: We-Woo|Substitute\n|-damage|p2a: We-Woo|75\/100\n|move|p1a: Thomas Two Hands|Volt Switch|p2a: We-Woo\n|-activate|p2a: We-Woo|move: Substitute|[damage]\n|\n|t:|1683848133\n|-end|p1a: Thomas Two Hands|Quark Drive|[silent]\n|switch|p1a: Team Mom|Dragapult, L50, F|100\/100|[from] Volt Switch\n|\n|-heal|p2a: We-Woo|82\/100|[from] item: Leftovers\n|upkeep\n|\n|t:|1683848146\n|switch|p2b: Pawnchy|Pawmot, L50, M|100\/100\n|turn|4\n|\n|t:|1683848160\n|-end|p1b: Fudruckers|Protosynthesis|[silent]\n|switch|p1b: Thomas Two Hands|Iron Hands, L50, shiny|76\/100\n|move|p2b: Pawnchy|Fake Out|p1b: Thomas Two Hands\n|-damage|p1b: Thomas Two Hands|69\/100\n|move|p1a: Team Mom|Will-O-Wisp|p2b: Pawnchy\n|-status|p2b: Pawnchy|brn\n|move|p2a: We-Woo|Leech Seed|p1a: Team Mom\n|-start|p1a: Team Mom|move: Leech Seed\n|\n|-heal|p2a: We-Woo|88\/100|[from] item: Leftovers\n|-damage|p1a: Team Mom|88\/100|[from] Leech Seed|[of] p2a: We-Woo\n|-heal|p2a: We-Woo|98\/100|[silent]\n|-damage|p2b: Pawnchy|94\/100 brn|[from] brn\n|upkeep\n|turn|5\n|\n|t:|1683848181\n|move|p1b: Thomas Two Hands|Fake Out|p2a: We-Woo\n|-activate|p2a: We-Woo|move: Substitute|[damage]\n|move|p1a: Team Mom|U-turn|p2b: Pawnchy\n|-resisted|p2b: Pawnchy\n|-damage|p2b: Pawnchy|80\/100 brn\n|\n|t:|1683848190\n|switch|p1a: Fudruckers|Great Tusk, L50, tera:Ground|93\/100|[from] U-turn\n|move|p2b: Pawnchy|Revival Blessing|p2b: Pawnchy\n|\n|t:|1683848194\n|-heal|p2: HowdyDoody|50\/100|[from] move: Revival Blessing\n|move|p2a: We-Woo|Leech Seed|p1b: Thomas Two Hands\n|-start|p1b: Thomas Two Hands|move: Leech Seed\n|\n|-heal|p2a: We-Woo|100\/100|[from] item: Leftovers\n|-damage|p1b: Thomas Two Hands|56\/100|[from] Leech Seed|[of] p2a: We-Woo\n|-damage|p2b: Pawnchy|74\/100 brn|[from] brn\n|upkeep\n|turn|6\n|\n|t:|1683848221\n|move|p1a: Fudruckers|Headlong Rush|p2a: We-Woo\n|-supereffective|p2a: We-Woo\n|-end|p2a: We-Woo|Substitute\n|-unboost|p1a: Fudruckers|def|1\n|-unboost|p1a: Fudruckers|spd|1\n|move|p2b: Pawnchy|Double Shock|p1b: Thomas Two Hands\n|-resisted|p1b: Thomas Two Hands\n|-damage|p1b: Thomas Two Hands|47\/100\n|-start|p2b: Pawnchy|typechange|???\/Fighting|[from] move: Double Shock\n|move|p2a: We-Woo|Leech Seed|p1a: Fudruckers\n|-start|p1a: Fudruckers|move: Leech Seed\n|move|p1b: Thomas Two Hands|Volt Switch|p2a: We-Woo\n|-damage|p2a: We-Woo|93\/100\n|\n|t:|1683848236\n|-end|p1b: Thomas Two Hands|Quark Drive|[silent]\n|switch|p1b: P1ng-U|Iron Bundle, L50, shiny|100\/100|[from] Volt Switch\n|-enditem|p1b: P1ng-U|Booster Energy\n|-activate|p1b: P1ng-U|ability: Quark Drive|[fromitem]\n|-start|p1b: P1ng-U|quarkdrivespe\n|\n|-heal|p2a: We-Woo|99\/100|[from] item: Leftovers\n|-damage|p1a: Fudruckers|81\/100|[from] Leech Seed|[of] p2a: We-Woo\n|-heal|p2a: We-Woo|100\/100|[silent]\n|-damage|p2b: Pawnchy|68\/100 brn|[from] brn\n|upkeep\n|turn|7\n|\n|t:|1683848253\n|move|p2a: We-Woo|Protect|p2a: We-Woo\n|-singleturn|p2a: We-Woo|Protect\n|move|p1b: P1ng-U|Hydro Pump|p2b: Pawnchy\n|-damage|p2b: Pawnchy|0 fnt\n|faint|p2b: Pawnchy\n|move|p1a: Fudruckers|Headlong Rush|p2a: We-Woo\n|-activate|p2a: We-Woo|move: Protect\n|\n|-damage|p1a: Fudruckers|69\/100|[from] Leech Seed|[of] p2a: We-Woo\n|upkeep\n|\n|t:|1683848263\n|switch|p2b: Karen|Espathra, L50, M|100\/100\n|turn|8\n|\n|t:|1683848294\n|switch|p2a: HowdyDoody|Sandy Shocks, L50|50\/100\n|move|p2b: Karen|Protect|p2b: Karen\n|-singleturn|p2b: Karen|Protect\n|move|p1b: P1ng-U|Freeze-Dry|p2a: HowdyDoody\n|-supereffective|p2a: HowdyDoody\n|-damage|p2a: HowdyDoody|0 fnt\n|faint|p2a: HowdyDoody\n|-end|p2a: HowdyDoody|Protosynthesis|[silent]\n|move|p1a: Fudruckers|Headlong Rush|p2b: Karen\n|-activate|p2b: Karen|move: Protect\n|\n|-ability|p2b: Karen|Speed Boost|boost\n|-boost|p2b: Karen|spe|1\n|upkeep\n|\n|t:|1683848306\n|switch|p2a: We-Woo|Wo-Chien, L50, tera:Poison|100\/100\n|-ability|p2a: We-Woo|Tablets of Ruin\n|turn|9\n|\n|t:|1683848327\n|-end|p1a: Fudruckers|Protosynthesis|[silent]\n|switch|p1a: Team Mom|Dragapult, L50, F|88\/100\n|move|p1b: P1ng-U|Freeze-Dry|p2b: Karen\n|-damage|p2b: Karen|43\/100\n|move|p2b: Karen|Dazzling Gleam|p1a: Team Mom|[spread] p1a,p1b\n|-supereffective|p1a: Team Mom\n|-crit|p1a: Team Mom\n|-damage|p1a: Team Mom|10\/100\n|-damage|p1b: P1ng-U|63\/100\n|move|p2a: We-Woo|Substitute|p2a: We-Woo\n|-start|p2a: We-Woo|Substitute\n|-damage|p2a: We-Woo|75\/100\n|\n|-heal|p2a: We-Woo|82\/100|[from] item: Leftovers\n|-ability|p2b: Karen|Speed Boost|boost\n|-boost|p2b: Karen|spe|1\n|upkeep\n|turn|10\n|\n|t:|1683848353\n|move|p1b: P1ng-U|Protect|p1b: P1ng-U\n|-singleturn|p1b: P1ng-U|Protect\n|move|p2b: Karen|Dazzling Gleam|p1a: Team Mom|[spread] p1a\n|-activate|p1b: P1ng-U|move: Protect\n|-supereffective|p1a: Team Mom\n|-damage|p1a: Team Mom|0 fnt\n|faint|p1a: Team Mom\n|move|p2a: We-Woo|Pollen Puff|p2b: Karen\n|-heal|p2b: Karen|93\/100\n|\n|-heal|p2a: We-Woo|88\/100|[from] item: Leftovers\n|-ability|p2b: Karen|Speed Boost|boost\n|-boost|p2b: Karen|spe|1\n|upkeep\n|\n|t:|1683848358\n|switch|p1a: Thomas Two Hands|Iron Hands, L50, shiny|47\/100\n|turn|11\n|\n|t:|1683848386\n|move|p2b: Karen|Protect|p2b: Karen\n|-singleturn|p2b: Karen|Protect\n|move|p1a: Thomas Two Hands|Fake Out|p2b: Karen\n|-activate|p2b: Karen|move: Protect\n|move|p1b: P1ng-U|Hydro Pump|p2b: Karen\n|-activate|p2b: Karen|move: Protect\n|move|p2a: We-Woo|Leech Seed|p1b: P1ng-U\n|-start|p1b: P1ng-U|move: Leech Seed\n|\n|-heal|p2a: We-Woo|94\/100|[from] item: Leftovers\n|-damage|p1b: P1ng-U|51\/100|[from] Leech Seed|[of] p2a: We-Woo\n|-heal|p2a: We-Woo|100\/100|[silent]\n|-ability|p2b: Karen|Speed Boost|boost\n|-boost|p2b: Karen|spe|1\n|upkeep\n|turn|12\n|\n|t:|1683848402\n|move|p2b: Karen|Dazzling Gleam|p1a: Thomas Two Hands|[spread] p1a,p1b\n|-supereffective|p1a: Thomas Two Hands\n|-damage|p1a: Thomas Two Hands|27\/100\n|-damage|p1b: P1ng-U|13\/100\n|move|p1b: P1ng-U|Flip Turn|p2b: Karen\n|-damage|p2b: Karen|75\/100\n|\n|t:|1683848406\n|-end|p1b: P1ng-U|Quark Drive|[silent]\n|switch|p1b: Fudruckers|Great Tusk, L50, tera:Ground|69\/100|[from] Flip Turn\n|move|p2a: We-Woo|Pollen Puff|p1b: Fudruckers\n|-damage|p1b: Fudruckers|42\/100\n|move|p1a: Thomas Two Hands|Volt Switch|p2b: Karen\n|-damage|p2b: Karen|54\/100\n|\n|t:|1683848408\n|-end|p1a: Thomas Two Hands|Quark Drive|[silent]\n|switch|p1a: P1ng-U|Iron Bundle, L50, shiny|13\/100|[from] Volt Switch\n|\n|-ability|p2b: Karen|Speed Boost|boost\n|-boost|p2b: Karen|spe|1\n|upkeep\n|turn|13\n|\n|t:|1683848424\n|move|p2b: Karen|Dazzling Gleam|p1a: P1ng-U|[spread] p1a,p1b\n|-damage|p1a: P1ng-U|0 fnt\n|-damage|p1b: Fudruckers|15\/100\n|faint|p1a: P1ng-U\n|-end|p1a: P1ng-U|Quark Drive|[silent]\n|move|p1b: Fudruckers|Earthquake|p2a: We-Woo|[spread] p2a,p2b\n|-supereffective|p2a: We-Woo\n|-end|p2a: We-Woo|Substitute\n|-damage|p2b: Karen|0 fnt\n|faint|p2b: Karen\n|move|p2a: We-Woo|Pollen Puff|p2: Karen|[notarget]\n|-fail|p2a: We-Woo\n|\n|upkeep\n|\n|t:|1683848434\n|switch|p1a: Thomas Two Hands|Iron Hands, L50, shiny|27\/100\n|turn|14\n|\n|t:|1683848437\n|move|p2a: We-Woo|Protect|p2a: We-Woo\n|-singleturn|p2a: We-Woo|Protect\n|move|p1a: Thomas Two Hands|Fake Out|p2a: We-Woo\n|-activate|p2a: We-Woo|move: Protect\n|move|p1b: Fudruckers|Earthquake|p2a: We-Woo|[spread] p1a\n|-activate|p2a: We-Woo|move: Protect\n|-supereffective|p1a: Thomas Two Hands\n|-damage|p1a: Thomas Two Hands|0 fnt\n|faint|p1a: Thomas Two Hands\n|-end|p1a: Thomas Two Hands|Quark Drive|[silent]\n|\n|upkeep\n|turn|15\n|\n|t:|1683848448\n|move|p1b: Fudruckers|Earthquake|p2a: We-Woo\n|-supereffective|p2a: We-Woo\n|-damage|p2a: We-Woo|5\/100\n|move|p2a: We-Woo|Leech Seed|p1b: Fudruckers\n|-start|p1b: Fudruckers|move: Leech Seed\n|\n|-heal|p2a: We-Woo|11\/100|[from] item: Leftovers\n|-damage|p1b: Fudruckers|3\/100|[from] Leech Seed|[of] p2a: We-Woo\n|-heal|p2a: We-Woo|23\/100|[silent]\n|upkeep\n|turn|16\n|\n|t:|1683848455\n|move|p2a: We-Woo|Protect|p2a: We-Woo\n|-singleturn|p2a: We-Woo|Protect\n|move|p1b: Fudruckers|Earthquake|p2a: We-Woo\n|-activate|p2a: We-Woo|move: Protect\n|\n|-heal|p2a: We-Woo|29\/100|[from] item: Leftovers\n|-damage|p1b: Fudruckers|0 fnt|[from] Leech Seed|[of] p2a: We-Woo\n|-heal|p2a: We-Woo|32\/100|[silent]\n|faint|p1b: Fudruckers\n|-end|p1b: Fudruckers|Protosynthesis|[silent]\n|\n|win|KitsuneofDreams\n|upkeep\n","uploadtime":1683848469,"views":8,"p1id":"mcdarvarian","p2id":"kitsuneofdreams","formatid":"gen9vgc2023regulationc","rating":0,"private":0,"password":""}