{"id":"gen9vgc2023regulationc-1856751815","p1":"ned192","p2":"Delicia Delight","format":"[Gen 9] VGC 2023 Regulation C","log":"|j|\u2606ned192\n|j|\u2606Delicia Delight\n|t:|1683105745\n|gametype|doubles\n|player|p1|ned192|red|1140\n|player|p2|Delicia Delight|baker|1157\n|teamsize|p1|6\n|teamsize|p2|6\n|gen|9\n|tier|[Gen 9] VGC 2023 Regulation C\n|rated|\n|rule|Species Clause: Limit one of each Pok\u00e9mon\n|rule|Item Clause: Limit one of each item\n|clearpoke\n|poke|p1|Oranguru, L50, M|\n|poke|p1|Torkoal, L50, F|\n|poke|p1|Indeedee-F, L50, F|\n|poke|p1|Gholdengo, L50|\n|poke|p1|Dachsbun, L50, F|\n|poke|p1|Sableye, L50, F|\n|poke|p2|Abomasnow, L50, F|\n|poke|p2|Iron Bundle, L50|\n|poke|p2|Chi-Yu, L50|\n|poke|p2|Flutter Mane, L50|\n|poke|p2|Murkrow, L50, F|\n|poke|p2|Great Tusk, L50|\n|teampreview|4\n|inactive|Battle timer is ON: inactive players will automatically lose when time's up. (requested by Delicia Delight)\n|\n|t:|1683105760\n|start\n|switch|p1a: Sableye|Sableye, L50, F|100\/100\n|switch|p1b: Dachsbun|Dachsbun, L50, F|100\/100\n|switch|p2a: Abomasnow|Abomasnow, L50, F|100\/100\n|switch|p2b: Iron Bundle|Iron Bundle, L50|100\/100\n|-weather|Snow|[from] ability: Snow Warning|[of] p2a: Abomasnow\n|-enditem|p2b: Iron Bundle|Booster Energy\n|-activate|p2b: Iron Bundle|ability: Quark Drive|[fromitem]\n|-start|p2b: Iron Bundle|quarkdrivespe\n|turn|1\n|\n|t:|1683105782\n|move|p1a: Sableye|Will-O-Wisp|p1b: Dachsbun\n|-ability|p1b: Dachsbun|Well-Baked Body|boost\n|-boost|p1b: Dachsbun|def|2\n|move|p2b: Iron Bundle|Blizzard|p1b: Dachsbun|[spread] p1a,p1b\n|-damage|p1a: Sableye|36\/100\n|-damage|p1b: Dachsbun|56\/100\n|-status|p1b: Dachsbun|frz\n|cant|p1b: Dachsbun|frz\n|move|p2a: Abomasnow|Sheer Cold|p1b: Dachsbun|[miss]\n|-miss|p2a: Abomasnow|p1b: Dachsbun\n|\n|-weather|Snow|[upkeep]\n|-heal|p1b: Dachsbun|62\/100 frz|[from] item: Leftovers\n|upkeep\n|turn|2\n|\n|t:|1683105802\n|-terastallize|p1b: Dachsbun|Steel\n|move|p2a: Abomasnow|Helping Hand|p2b: Iron Bundle\n|-singleturn|p2b: Iron Bundle|Helping Hand|[of] p2a: Abomasnow\n|move|p1a: Sableye|Will-O-Wisp|p1b: Dachsbun\n|-ability|p1b: Dachsbun|Well-Baked Body|boost\n|-boost|p1b: Dachsbun|def|2\n|move|p2b: Iron Bundle|Blizzard|p1b: Dachsbun|[spread] p1a,p1b\n|-resisted|p1b: Dachsbun\n|-damage|p1a: Sableye|0 fnt\n|-damage|p1b: Dachsbun|32\/100 frz\n|faint|p1a: Sableye\n|cant|p1b: Dachsbun|frz\n|\n|-weather|Snow|[upkeep]\n|-heal|p1b: Dachsbun|38\/100 frz|[from] item: Leftovers\n|upkeep\n|\n|t:|1683105816\n|switch|p1a: Indeedee|Indeedee-F, L50, F|100\/100\n|-fieldstart|move: Psychic Terrain|[from] ability: Psychic Surge|[of] p1a: Indeedee\n|turn|3\n|\n|t:|1683105835\n|-end|p2b: Iron Bundle|Quark Drive|[silent]\n|switch|p2b: Murkrow|Murkrow, L50, F|100\/100\n|move|p1a: Indeedee|Follow Me|p1a: Indeedee\n|-singleturn|p1a: Indeedee|move: Follow Me\n|cant|p1b: Dachsbun|frz\n|move|p2a: Abomasnow|Sheer Cold|p1a: Indeedee\n|-damage|p1a: Indeedee|0 fnt\n|faint|p1a: Indeedee\n|-ohko\n|\n|-weather|Snow|[upkeep]\n|-heal|p1b: Dachsbun|44\/100 frz|[from] item: Leftovers\n|upkeep\n|\n|t:|1683105845\n|switch|p1a: Gholdengo|Gholdengo, L50|100\/100\n|turn|4\n|\n|t:|1683105857\n|move|p2b: Murkrow|Tailwind|p2b: Murkrow\n|-sidestart|p2: Delicia Delight|move: Tailwind\n|move|p2a: Abomasnow|Sheer Cold|p1a: Gholdengo|[miss]\n|-miss|p2a: Abomasnow|p1a: Gholdengo\n|move|p1a: Gholdengo|Nasty Plot|p1a: Gholdengo\n|-boost|p1a: Gholdengo|spa|2\n|cant|p1b: Dachsbun|frz\n|\n|-weather|Snow|[upkeep]\n|-heal|p1b: Dachsbun|50\/100 frz|[from] item: Leftovers\n|upkeep\n|turn|5\n|\n|t:|1683105877\n|move|p2b: Murkrow|Haze|p2b: Murkrow\n|-clearallboost\n|move|p2a: Abomasnow|Sheer Cold|p1a: Gholdengo|[miss]\n|-miss|p2a: Abomasnow|p1a: Gholdengo\n|move|p1a: Gholdengo|Shadow Ball|p2b: Murkrow\n|-resisted|p2b: Murkrow\n|-damage|p2b: Murkrow|65\/100\n|-curestatus|p1b: Dachsbun|frz|[msg]\n|move|p1b: Dachsbun|Body Press|p2a: Abomasnow\n|-supereffective|p2a: Abomasnow\n|-damage|p2a: Abomasnow|68\/100\n|\n|-weather|none\n|-heal|p1b: Dachsbun|56\/100|[from] item: Leftovers\n|upkeep\n|turn|6\n|-message|ned192 forfeited.\n|\n|win|Delicia Delight\n|raw|ned192's rating: 1114 → 1092<\/strong> (-22 for losing)\n|raw|Delicia Delight's rating: 1157 → 1179<\/strong> (+22 for winning)\n|l|\u2606ned192\n","uploadtime":1683105896,"views":17,"p1id":"ned192","p2id":"deliciadelight","formatid":"gen9vgc2023regulationc","rating":1092,"private":0,"password":""}