{"id":"gen9vgc2023regulationc-1848307365","p1":"LegnaK.TTV","p2":"NeverOnce","format":"[Gen 9] VGC 2023 Regulation C","log":"|j|\u2606LegnaK.TTV\n|j|\u2606NeverOnce\n|t:|1682057603\n|gametype|doubles\n|player|p1|LegnaK.TTV|colress|\n|player|p2|NeverOnce|flannery|\n|teamsize|p1|6\n|teamsize|p2|6\n|gen|9\n|tier|[Gen 9] VGC 2023 Regulation C\n|rated|Tournament battle\n|rule|Species Clause: Limit one of each Pok\u00e9mon\n|rule|Item Clause: Limit one of each item\n|clearpoke\n|poke|p1|Orthworm, L50, M|\n|poke|p1|Dragonite, L50, F|\n|poke|p1|Ting-Lu, L50|\n|poke|p1|Gyarados, L50, M|\n|poke|p1|Flutter Mane, L50|\n|poke|p1|Chien-Pao, L50|\n|poke|p2|Dondozo, L50, F|\n|poke|p2|Tatsugiri, L50, M|\n|poke|p2|Glimmora, L50, M|\n|poke|p2|Chi-Yu, L50|\n|poke|p2|Talonflame, L50, F|\n|poke|p2|Flutter Mane, L50|\n|teampreview|4\n|j| Topperlecat\n|j|+MisterGX\n|j| JLFalcon\n|\n|t:|1682057629\n|start\n|switch|p1a: Dragonite|Dragonite, L50, F|100\/100\n|switch|p1b: Chien-Pao|Chien-Pao, L50|100\/100\n|switch|p2a: UpFromTheAsh|Talonflame, L50, F|100\/100\n|switch|p2b: GlimmoraofHope|Glimmora, L50, M|100\/100\n|-ability|p1b: Chien-Pao|Sword of Ruin\n|turn|1\n|\n|t:|1682057643\n|-terastallize|p2b: GlimmoraofHope|Water\n|move|p1a: Dragonite|Extreme Speed|p2a: UpFromTheAsh\n|-damage|p2a: UpFromTheAsh|45\/100\n|move|p1b: Chien-Pao|Ice Spinner|p2a: UpFromTheAsh\n|-damage|p2a: UpFromTheAsh|0 fnt\n|faint|p2a: UpFromTheAsh\n|move|p2b: GlimmoraofHope|Mortal Spin|p1b: Chien-Pao|[spread] p1a,p1b\n|-damage|p1a: Dragonite|98\/100\n|-damage|p1b: Chien-Pao|95\/100\n|-status|p1a: Dragonite|psn\n|-enditem|p1a: Dragonite|Lum Berry|[eat]\n|-curestatus|p1a: Dragonite|psn|[msg]\n|-status|p1b: Chien-Pao|psn\n|\n|-damage|p1b: Chien-Pao|83\/100 psn|[from] psn\n|upkeep\n|j| bigboi.mili\n|\n|t:|1682057650\n|switch|p2a: NotMisdrevus|Flutter Mane, L50|100\/100\n|-enditem|p2a: NotMisdrevus|Booster Energy\n|-activate|p2a: NotMisdrevus|ability: Protosynthesis|[fromitem]\n|-start|p2a: NotMisdrevus|protosynthesisspa\n|turn|2\n|j| bronzongbroomsvgc\n|j| fyfyy\n|\n|t:|1682057666\n|-terastallize|p1a: Dragonite|Flying\n|move|p2a: NotMisdrevus|Protect|p2a: NotMisdrevus\n|-singleturn|p2a: NotMisdrevus|Protect\n|move|p1b: Chien-Pao|Ice Spinner|p2a: NotMisdrevus\n|-activate|p2a: NotMisdrevus|move: Protect\n|move|p2b: GlimmoraofHope|Power Gem|p1b: Chien-Pao\n|-supereffective|p1b: Chien-Pao\n|-damage|p1b: Chien-Pao|0 fnt\n|faint|p1b: Chien-Pao\n|move|p1a: Dragonite|Dragon Dance|p1a: Dragonite\n|-boost|p1a: Dragonite|atk|1\n|-boost|p1a: Dragonite|spe|1\n|\n|upkeep\n|\n|t:|1682057671\n|switch|p1b: Flutter Mane|Flutter Mane, L50|100\/100\n|turn|3\n|j| ZeroPokemonWonder\n|\n|t:|1682057694\n|-end|p2a: NotMisdrevus|Protosynthesis|[silent]\n|switch|p2a: DozoingOff|Dondozo, L50, F|100\/100\n|move|p1a: Dragonite|Tera Blast|p2a: DozoingOff\n|-damage|p2a: DozoingOff|61\/100\n|move|p1b: Flutter Mane|Moonblast|p2b: GlimmoraofHope\n|-damage|p2b: GlimmoraofHope|36\/100\n|move|p2b: GlimmoraofHope|Power Gem|p1a: Dragonite\n|-supereffective|p1a: Dragonite\n|-damage|p1a: Dragonite|8\/100\n|\n|-heal|p2a: DozoingOff|68\/100|[from] item: Leftovers\n|upkeep\n|turn|4\n|\n|t:|1682057722\n|move|p1a: Dragonite|Dragon Dance|p1a: Dragonite\n|-boost|p1a: Dragonite|atk|1\n|-boost|p1a: Dragonite|spe|1\n|move|p1b: Flutter Mane|Moonblast|p2a: DozoingOff\n|-damage|p2a: DozoingOff|0 fnt\n|faint|p2a: DozoingOff\n|move|p2b: GlimmoraofHope|Power Gem|p1a: Dragonite\n|-supereffective|p1a: Dragonite\n|-damage|p1a: Dragonite|0 fnt\n|faint|p1a: Dragonite\n|\n|upkeep\n|\n|t:|1682057727\n|switch|p1a: Gyarados|Gyarados, L50, M|100\/100\n|switch|p2a: NotMisdrevus|Flutter Mane, L50|100\/100\n|-ability|p1a: Gyarados|Intimidate|boost\n|-unboost|p2a: NotMisdrevus|atk|1\n|-unboost|p2b: GlimmoraofHope|atk|1\n|turn|5\n|j| PixelMaster98146\n|\n|t:|1682057739\n|move|p2a: NotMisdrevus|Protect|p2a: NotMisdrevus\n|-singleturn|p2a: NotMisdrevus|Protect\n|move|p1b: Flutter Mane|Moonblast|p2b: GlimmoraofHope\n|-damage|p2b: GlimmoraofHope|0 fnt\n|faint|p2b: GlimmoraofHope\n|move|p1a: Gyarados|Thunder Wave|p2a: NotMisdrevus\n|-activate|p2a: NotMisdrevus|move: Protect\n|\n|upkeep\n|turn|6\n|\n|t:|1682057747\n|move|p1b: Flutter Mane|Moonblast|p2a: NotMisdrevus\n|-damage|p2a: NotMisdrevus|33\/100\n|move|p2a: NotMisdrevus|Shadow Ball|p1b: Flutter Mane\n|-supereffective|p1b: Flutter Mane\n|-damage|p1b: Flutter Mane|19\/100\n|move|p1a: Gyarados|Thunder Wave|p2a: NotMisdrevus\n|-status|p2a: NotMisdrevus|par\n|\n|upkeep\n|turn|7\n|l| bronzongbroomsvgc\n|c|\u2606NeverOnce|gg\n|\n|t:|1682057755\n|move|p1b: Flutter Mane|Moonblast|p2a: NotMisdrevus\n|-damage|p2a: NotMisdrevus|0 fnt\n|faint|p2a: NotMisdrevus\n|-end|p2a: NotMisdrevus|Protosynthesis|[silent]\n|\n|win|LegnaK.TTV\n|n|\u2606LegnaK.TTV|legnakttv\n|n|\u2606NeverOnce|neveronce\n|n| Topperlecat|topperlecat\n|n| MisterGX|mistergx\n|n| JLFalcon|jlfalcon\n|n| bigboi.mili|bigboimili\n|n| fyfyy|fyfyy\n|n| ZeroPokemonWonder|zeropokemonwonder\n|n| PixelMaster98146|pixelmaster98146\n","uploadtime":1682057756,"views":6,"p1id":"legnakttv","p2id":"neveronce","formatid":"gen9vgc2023regulationc","rating":0,"private":0,"password":""}