{"id":"gen9vgc2023regulationc-1846791215","p1":"BouzyVGC","p2":"Vivixification","format":"[Gen 9] VGC 2023 Regulation C","log":"|j|\u2606BouzyVGC\n|j|\u2606Vivixification\n|t:|1681879943\n|gametype|doubles\n|player|p1|BouzyVGC|red|1317\n|player|p2|Vivixification|backersf|1289\n|teamsize|p1|6\n|teamsize|p2|6\n|gen|9\n|tier|[Gen 9] VGC 2023 Regulation C\n|rated|\n|rule|Species Clause: Limit one of each Pok\u00e9mon\n|rule|Item Clause: Limit one of each item\n|clearpoke\n|poke|p1|Chien-Pao, L50|\n|poke|p1|Kingambit, L50, F|\n|poke|p1|Iron Bundle, L50|\n|poke|p1|Scizor, L50, M|\n|poke|p1|Flutter Mane, L50|\n|poke|p1|Arcanine, L50, F|\n|poke|p2|Palafin, L50, M|\n|poke|p2|Pelipper, L50, F|\n|poke|p2|Dondozo, L50, F|\n|poke|p2|Tatsugiri-Stretchy, L50, F|\n|poke|p2|Flutter Mane, L50|\n|poke|p2|Iron Bundle, L50|\n|teampreview|4\n|inactive|Battle timer is ON: inactive players will automatically lose when time's up. (requested by BouzyVGC)\n|inactive|Vivixification also wants the timer to be on.\nVivixification has agreed to open team sheets.\nBouzyVGC has agreed to open team sheets.\n|inactive|Vivixification has 60 seconds left.\n|\n|t:|1681879977\n|start\n|switch|p1a: Chien-Pao|Chien-Pao, L50|100\/100\n|switch|p1b: Scizor|Scizor, L50, M, shiny|100\/100\n|switch|p2a: Pelipper|Pelipper, L50, F|100\/100\n|switch|p2b: Gen3WaterLegendary|Dondozo, L50, F|100\/100\n|-ability|p1a: Chien-Pao|Sword of Ruin\n|-weather|RainDance|[from] ability: Drizzle|[of] p2a: Pelipper\n|turn|1\n|inactive|BouzyVGC has 30 seconds left.\n|inactive|Vivixification has 30 seconds left.\n|\n|t:|1681880009\n|move|p2b: Gen3WaterLegendary|Protect|p2b: Gen3WaterLegendary\n|-singleturn|p2b: Gen3WaterLegendary|Protect\n|move|p1a: Chien-Pao|Ice Spinner|p2a: Pelipper\n|-damage|p2a: Pelipper|53\/100\n|move|p1b: Scizor|U-turn|p2a: Pelipper\n|-resisted|p2a: Pelipper\n|-damage|p2a: Pelipper|15\/100\n|\n|t:|1681880016\n|switch|p1b: Iron Bundle|Iron Bundle, L50, shiny|100\/100|[from] U-turn\n|-enditem|p1b: Iron Bundle|Booster Energy\n|-activate|p1b: Iron Bundle|ability: Quark Drive|[fromitem]\n|-start|p1b: Iron Bundle|quarkdrivespe\n|move|p2a: Pelipper|Hurricane|p1b: Iron Bundle\n|-damage|p1b: Iron Bundle|9\/100\n|\n|-weather|RainDance|[upkeep]\n|upkeep\n|turn|2\n|inactive|Vivixification has 30 seconds left.\n|inactive|Vivixification has 20 seconds left.\n|\n|t:|1681880055\n|switch|p2a: Tatsugiri|Tatsugiri-Stretchy, L50, F, shiny|100\/100\n|-activate|p2a: Tatsugiri|ability: Commander|[of] p2b: Gen3WaterLegendary\n|-boost|p2b: Gen3WaterLegendary|atk|2\n|-boost|p2b: Gen3WaterLegendary|spa|2\n|-boost|p2b: Gen3WaterLegendary|spe|2\n|-boost|p2b: Gen3WaterLegendary|def|2\n|-boost|p2b: Gen3WaterLegendary|spd|2\n|-terastallize|p2b: Gen3WaterLegendary|Water\n|move|p1b: Iron Bundle|Freeze-Dry|p2b: Gen3WaterLegendary\n|-supereffective|p2b: Gen3WaterLegendary\n|-damage|p2b: Gen3WaterLegendary|62\/100\n|move|p1a: Chien-Pao|Sacred Sword|p2b: Gen3WaterLegendary\n|-damage|p2b: Gen3WaterLegendary|32\/100\n|move|p2b: Gen3WaterLegendary|Surf|p1b: Iron Bundle|[spread] p1a,p1b\n|-miss|p2b: Gen3WaterLegendary|p2a: Tatsugiri\n|-resisted|p1b: Iron Bundle\n|-enditem|p1a: Chien-Pao|Focus Sash\n|-damage|p1a: Chien-Pao|1\/100\n|-damage|p1b: Iron Bundle|0 fnt\n|faint|p1b: Iron Bundle\n|-end|p1b: Iron Bundle|Quark Drive|[silent]\n|-damage|p2b: Gen3WaterLegendary|22\/100|[from] item: Life Orb\n|\n|-weather|RainDance|[upkeep]\n|upkeep\n|\n|t:|1681880073\n|switch|p1b: Flutter Mane|Flutter Mane, L50|100\/100\n|turn|3\n|\n|t:|1681880081\n|move|p1a: Chien-Pao|Sacred Sword|p2b: Gen3WaterLegendary\n|-damage|p2b: Gen3WaterLegendary|0 fnt\n|faint|p2b: Gen3WaterLegendary\n|move|p1b: Flutter Mane|Dazzling Gleam|p2a: Tatsugiri\n|-supereffective|p2a: Tatsugiri\n|-damage|p2a: Tatsugiri|0 fnt\n|faint|p2a: Tatsugiri\n|\n|-weather|RainDance|[upkeep]\n|upkeep\n|\n|t:|1681880087\n|switch|p2a: Palafin|Palafin, L50, M|100\/100\n|switch|p2b: Pelipper|Pelipper, L50, F|15\/100\n|turn|4\n|\n|t:|1681880107\n|move|p1a: Chien-Pao|Sucker Punch|p2a: Palafin\n|-damage|p2a: Palafin|46\/100\n|move|p2a: Palafin|Jet Punch|p1b: Flutter Mane\n|-damage|p1b: Flutter Mane|0 fnt\n|faint|p1b: Flutter Mane\n|-end|p1b: Flutter Mane|Protosynthesis|[silent]\n|move|p2b: Pelipper|Quick Attack|p1a: Chien-Pao\n|-damage|p1a: Chien-Pao|0 fnt\n|faint|p1a: Chien-Pao\n|\n|-weather|RainDance|[upkeep]\n|upkeep\n|\n|t:|1681880115\n|switch|p1b: Scizor|Scizor, L50, M, shiny|100\/100\n|turn|5\n|\n|t:|1681880135\n|-terastallize|p1b: Scizor|Steel\n|move|p2a: Palafin|Jet Punch|p1b: Scizor\n|-damage|p1b: Scizor|50\/100\n|move|p1b: Scizor|Pounce|p2a: Palafin\n|-damage|p2a: Palafin|0 fnt\n|faint|p2a: Palafin\n|move|p2b: Pelipper|Hurricane|p1b: Scizor\n|-resisted|p1b: Scizor\n|-damage|p1b: Scizor|21\/100\n|-start|p1b: Scizor|confusion\n|\n|-weather|RainDance|[upkeep]\n|upkeep\n|turn|6\n|\n|t:|1681880149\n|-activate|p1b: Scizor|confusion\n|-damage|p1b: Scizor|6\/100|[from] confusion\n|move|p2b: Pelipper|Hurricane|p1b: Scizor\n|-resisted|p1b: Scizor\n|-damage|p1b: Scizor|0 fnt\n|faint|p1b: Scizor\n|\n|win|Vivixification\n|raw|BouzyVGC's rating: 1317 → 1295<\/strong> (-22 for losing)\n|raw|Vivixification's rating: 1289 → 1316<\/strong> (+27 for winning)\n|l|\u2606BouzyVGC\n","uploadtime":1681880155,"views":8,"p1id":"bouzyvgc","p2id":"vivixification","formatid":"gen9vgc2023regulationc","rating":1295,"private":0,"password":""}