{"id":"gen9vgc2023regulationc-1846442969","p1":"riddlingcrib","p2":"Tentacruel Man","format":"[Gen 9] VGC 2023 Regulation C","log":"|j|\u2606riddlingcrib\n|j|\u2606Tentacruel Man\n|t:|1681841254\n|gametype|doubles\n|player|p1|riddlingcrib|2|1432\n|player|p2|Tentacruel Man|101|1378\n|teamsize|p1|6\n|teamsize|p2|6\n|gen|9\n|tier|[Gen 9] VGC 2023 Regulation C\n|rated|\n|rule|Species Clause: Limit one of each Pok\u00e9mon\n|rule|Item Clause: Limit one of each item\n|clearpoke\n|poke|p1|Palafin, L50, M|\n|poke|p1|Iron Hands, L50|\n|poke|p1|Amoonguss, L50, F|\n|poke|p1|Arcanine, L50, F|\n|poke|p1|Chien-Pao, L50|\n|poke|p1|Dragonite, L50, F|\n|poke|p2|Ting-Lu, L50|\n|poke|p2|Wo-Chien, L50|\n|poke|p2|Gothitelle, L50, F|\n|poke|p2|Flutter Mane, L50|\n|poke|p2|Sandy Shocks, L50|\n|poke|p2|Espathra, L50, F|\n|teampreview|4\nriddlingcrib has agreed to open team sheets.\n|inactive|Battle timer is ON: inactive players will automatically lose when time's up. (requested by riddlingcrib)\n|j| nik993\n|inactive|Tentacruel Man has 60 seconds left.\n|\n|t:|1681841296\n|start\n|switch|p1a: Iron Hands|Iron Hands, L50|100\/100\n|switch|p1b: Dragonite|Dragonite, L50, F|100\/100\n|switch|p2a: Sandy Shocks|Sandy Shocks, L50|100\/100\n|switch|p2b: Espathra|Espathra, L50, F|100\/100\n|-enditem|p2a: Sandy Shocks|Booster Energy\n|-activate|p2a: Sandy Shocks|ability: Protosynthesis|[fromitem]\n|-start|p2a: Sandy Shocks|protosynthesisspe\n|turn|1\n|inactive|riddlingcrib has 30 seconds left.\n|inactive|riddlingcrib has 20 seconds left.\n|inactive|riddlingcrib has 15 seconds left.\n|inactive|riddlingcrib has 10 seconds left.\n|\n|t:|1681841341\n|move|p2b: Espathra|Protect|p2b: Espathra\n|-singleturn|p2b: Espathra|Protect\n|move|p1a: Iron Hands|Fake Out|p2a: Sandy Shocks\n|-damage|p2a: Sandy Shocks|85\/100\n|cant|p2a: Sandy Shocks|flinch\n|move|p1b: Dragonite|Stomping Tantrum|p2a: Sandy Shocks\n|-supereffective|p2a: Sandy Shocks\n|-damage|p2a: Sandy Shocks|35\/100\n|\n|-ability|p2b: Espathra|Speed Boost|boost\n|-boost|p2b: Espathra|spe|1\n|upkeep\n|turn|2\n|inactive|Tentacruel Man has 30 seconds left.\n|\n|t:|1681841371\n|-end|p1a: Iron Hands|Quark Drive|[silent]\n|switch|p1a: Chien-Pao|Chien-Pao, L50|100\/100\n|-ability|p1a: Chien-Pao|Sword of Ruin\n|move|p2a: Sandy Shocks|Protect|p2a: Sandy Shocks\n|-singleturn|p2a: Sandy Shocks|Protect\n|move|p1b: Dragonite|Extreme Speed|p2a: Sandy Shocks\n|-activate|p2a: Sandy Shocks|move: Protect\n|move|p2b: Espathra|Lumina Crash|p1a: Chien-Pao\n|-immune|p1a: Chien-Pao\n|\n|-ability|p2b: Espathra|Speed Boost|boost\n|-boost|p2b: Espathra|spe|1\n|upkeep\n|turn|3\n|inactive|riddlingcrib has 30 seconds left.\n|\n|t:|1681841397\n|move|p2b: Espathra|Protect|p2b: Espathra\n|-singleturn|p2b: Espathra|Protect\n|move|p1b: Dragonite|Extreme Speed|p2a: Sandy Shocks\n|-damage|p2a: Sandy Shocks|0 fnt\n|faint|p2a: Sandy Shocks\n|-end|p2a: Sandy Shocks|Protosynthesis|[silent]\n|move|p1a: Chien-Pao|Ice Spinner|p2b: Espathra\n|-activate|p2b: Espathra|move: Protect\n|\n|-ability|p2b: Espathra|Speed Boost|boost\n|-boost|p2b: Espathra|spe|1\n|upkeep\n|\n|t:|1681841404\n|switch|p2a: Flutter Mane|Flutter Mane, L50|100\/100\n|turn|4\n|inactive|riddlingcrib has 30 seconds left.\n|inactive|riddlingcrib has 20 seconds left.\n|\n|t:|1681841439\n|move|p2b: Espathra|Hypnosis|p1b: Dragonite|[miss]\n|-miss|p2b: Espathra|p1b: Dragonite\n|move|p1a: Chien-Pao|Ice Spinner|p2a: Flutter Mane\n|-damage|p2a: Flutter Mane|31\/100\n|move|p2a: Flutter Mane|Moonblast|p1a: Chien-Pao\n|-supereffective|p1a: Chien-Pao\n|-enditem|p1a: Chien-Pao|Focus Sash\n|-damage|p1a: Chien-Pao|1\/100\n|move|p1b: Dragonite|Stomping Tantrum|p2a: Flutter Mane\n|-damage|p2a: Flutter Mane|0 fnt\n|faint|p2a: Flutter Mane\n|-end|p2a: Flutter Mane|Protosynthesis|[silent]\n|\n|-ability|p2b: Espathra|Speed Boost|boost\n|-boost|p2b: Espathra|spe|1\n|upkeep\n|\n|t:|1681841452\n|switch|p2a: Gothitelle|Gothitelle, L50, F|100\/100\n|turn|5\n|\n|t:|1681841469\n|move|p1a: Chien-Pao|Protect|p1a: Chien-Pao\n|-singleturn|p1a: Chien-Pao|Protect\n|move|p2a: Gothitelle|Fake Out|p1a: Chien-Pao\n|-activate|p1a: Chien-Pao|move: Protect\n|move|p2b: Espathra|Hypnosis|p1b: Dragonite\n|-status|p1b: Dragonite|slp|[from] move: Hypnosis\n|-enditem|p1b: Dragonite|Lum Berry|[eat]\n|-curestatus|p1b: Dragonite|slp|[msg]\n|move|p1b: Dragonite|Dragon Dance|p1b: Dragonite\n|-boost|p1b: Dragonite|atk|1\n|-boost|p1b: Dragonite|spe|1\n|\n|-ability|p2b: Espathra|Speed Boost|boost\n|-boost|p2b: Espathra|spe|1\n|upkeep\n|turn|6\n|inactive|riddlingcrib has 30 seconds left.\n|inactive|Tentacruel Man has 30 seconds left.\n|\n|t:|1681841500\n|-terastallize|p2b: Espathra|Fairy\n|-terastallize|p1b: Dragonite|Flying\n|move|p2a: Gothitelle|Protect|p2a: Gothitelle\n|-singleturn|p2a: Gothitelle|Protect\n|move|p2b: Espathra|Hex|p1a: Chien-Pao\n|-resisted|p1a: Chien-Pao\n|-damage|p1a: Chien-Pao|0 fnt\n|faint|p1a: Chien-Pao\n|move|p1b: Dragonite|Tera Blast|p2a: Gothitelle\n|-activate|p2a: Gothitelle|move: Protect\n|\n|-ability|p2b: Espathra|Speed Boost|boost\n|-boost|p2b: Espathra|spe|1\n|upkeep\n|\n|t:|1681841509\n|switch|p1a: Iron Hands|Iron Hands, L50|100\/100\n|turn|7\n|inactive|Tentacruel Man has 30 seconds left.\n|inactive|Tentacruel Man has 20 seconds left.\n|\n|t:|1681841549\n|move|p2b: Espathra|Protect|p2b: Espathra\n|-singleturn|p2b: Espathra|Protect\n|move|p1a: Iron Hands|Fake Out|p2b: Espathra\n|-activate|p2b: Espathra|move: Protect\n|move|p1b: Dragonite|Tera Blast|p2a: Gothitelle\n|-damage|p2a: Gothitelle|11\/100\n|move|p2a: Gothitelle|Focus Blast|p1a: Iron Hands\n|-damage|p1a: Iron Hands|86\/100\n|\n|upkeep\n|turn|8\n|\n|t:|1681841565\n|move|p2a: Gothitelle|Protect|p2a: Gothitelle\n|-singleturn|p2a: Gothitelle|Protect\n|move|p2b: Espathra|Hypnosis|p1b: Dragonite\n|-status|p1b: Dragonite|slp|[from] move: Hypnosis\n|cant|p1b: Dragonite|slp\n|move|p1a: Iron Hands|Wild Charge|p2b: Espathra\n|-damage|p2b: Espathra|49\/100\n|-damage|p1a: Iron Hands|77\/100|[from] Recoil\n|\n|upkeep\n|turn|9\n|\n|t:|1681841582\n|-curestatus|p1b: Dragonite|slp|[msg]\n|move|p1b: Dragonite|Extreme Speed|p2a: Gothitelle\n|-damage|p2a: Gothitelle|0 fnt\n|faint|p2a: Gothitelle\n|move|p2b: Espathra|Lumina Crash|p1b: Dragonite\n|-damage|p1b: Dragonite|71\/100\n|-unboost|p1b: Dragonite|spd|2\n|move|p1a: Iron Hands|Heavy Slam|p2b: Espathra\n|-supereffective|p2b: Espathra\n|-damage|p2b: Espathra|0 fnt\n|faint|p2b: Espathra\n|\n|win|riddlingcrib\n|raw|riddlingcrib's rating: 1432 → 1449<\/strong> (+17 for winning)\n|raw|Tentacruel Man's rating: 1378 → 1361<\/strong> (-17 for losing)\n|l|\u2606Tentacruel Man\n","uploadtime":1681841608,"views":14,"p1id":"riddlingcrib","p2id":"tentacruelman","formatid":"gen9vgc2023regulationc","rating":1361,"private":0,"password":""}