{"id":"gen9vgc2023regulationc-1847490883","p1":"Striden26","p2":"Doddoobie","format":"[Gen 9] VGC 2023 Regulation C","log":"|j|\u2606Striden26\n|j|\u2606Doddoobie\n|t:|1681961831\n|gametype|doubles\n|player|p1|Striden26|170|1086\n|player|p2|Doddoobie|swimmerf|1104\n|teamsize|p1|6\n|teamsize|p2|6\n|gen|9\n|tier|[Gen 9] VGC 2023 Regulation C\n|rated|\n|rule|Species Clause: Limit one of each Pok\u00e9mon\n|rule|Item Clause: Limit one of each item\n|clearpoke\n|poke|p1|Brute Bonnet, L50|\n|poke|p1|Baxcalibur, L50, M|\n|poke|p1|Iron Valiant, L50|\n|poke|p1|Corviknight, L50, F|\n|poke|p1|Tinkaton, L50, F|\n|poke|p1|Masquerain, L50, M|\n|poke|p2|Palafin, L50, F|\n|poke|p2|Flutter Mane, L50|\n|poke|p2|Arcanine, L50, F|\n|poke|p2|Amoonguss, L50, F|\n|poke|p2|Garchomp, L50, M|\n|poke|p2|Chien-Pao, L50|\n|teampreview|4\n|\n|t:|1681961855\n|start\n|switch|p1a: Masquerain|Masquerain, L50, M|100\/100\n|switch|p1b: Iron Valiant|Iron Valiant, L50, shiny|100\/100\n|switch|p2a: Garchomp|Garchomp, L50, M|100\/100\n|switch|p2b: Flutter Mane|Flutter Mane, L50|100\/100\n|-ability|p1a: Masquerain|Intimidate|boost\n|-unboost|p2a: Garchomp|atk|1\n|-unboost|p2b: Flutter Mane|atk|1\n|-enditem|p1b: Iron Valiant|Booster Energy\n|-activate|p1b: Iron Valiant|ability: Quark Drive|[fromitem]\n|-start|p1b: Iron Valiant|quarkdrivespe\n|-enditem|p2b: Flutter Mane|Booster Energy\n|-activate|p2b: Flutter Mane|ability: Protosynthesis|[fromitem]\n|-start|p2b: Flutter Mane|protosynthesisspa\n|turn|1\n|\n|t:|1681961886\n|-terastallize|p2a: Garchomp|Steel\n|move|p1b: Iron Valiant|Icy Wind|p2b: Flutter Mane|[spread] p2a,p2b\n|-resisted|p2a: Garchomp\n|-damage|p2a: Garchomp|93\/100\n|-damage|p2b: Flutter Mane|90\/100\n|-unboost|p2a: Garchomp|spe|1\n|-unboost|p2b: Flutter Mane|spe|1\n|move|p2b: Flutter Mane|Dazzling Gleam|p1a: Masquerain|[spread] p1a,p1b\n|-supereffective|p1b: Iron Valiant\n|-damage|p1a: Masquerain|53\/100\n|-damage|p1b: Iron Valiant|0 fnt\n|faint|p1b: Iron Valiant\n|-end|p1b: Iron Valiant|Quark Drive|[silent]\n|move|p2a: Garchomp|Rock Slide|p1a: Masquerain\n|-supereffective|p1a: Masquerain\n|-damage|p1a: Masquerain|0 fnt\n|faint|p1a: Masquerain\n|\n|upkeep\n|\n|t:|1681961904\n|switch|p1b: Baxcalibur|Baxcalibur, L50, M|100\/100\n|switch|p1a: Brute Bonnet|Brute Bonnet, L50|100\/100\n|turn|2\n|\n|t:|1681961942\n|-terastallize|p1b: Baxcalibur|Fire\n|move|p2b: Flutter Mane|Protect|p2b: Flutter Mane\n|-singleturn|p2b: Flutter Mane|Protect\n|move|p1b: Baxcalibur|Tera Blast|p2a: Garchomp\n|-supereffective|p2a: Garchomp\n|-damage|p2a: Garchomp|0 fnt\n|faint|p2a: Garchomp\n|move|p1a: Brute Bonnet|Close Combat|p2b: Flutter Mane\n|-activate|p2b: Flutter Mane|move: Protect\n|\n|upkeep\n|\n|t:|1681961959\n|switch|p2a: Palafin|Palafin, L50, F|100\/100\n|turn|3\n|\n|t:|1681961990\n|-end|p2b: Flutter Mane|Protosynthesis|[silent]\n|switch|p2b: Amoonguss|Amoonguss, L50, F|100\/100\n|move|p2a: Palafin|Protect|p2a: Palafin\n|-singleturn|p2a: Palafin|Protect\n|move|p1b: Baxcalibur|Protect|p1b: Baxcalibur\n|-singleturn|p1b: Baxcalibur|Protect\n|move|p1a: Brute Bonnet|Seed Bomb|p2a: Palafin\n|-activate|p2a: Palafin|move: Protect\n|\n|upkeep\n|turn|4\n|\n|t:|1681962015\n|move|p2b: Amoonguss|Rage Powder|p2b: Amoonguss\n|-singleturn|p2b: Amoonguss|move: Rage Powder\n|move|p2a: Palafin|Wave Crash|p1b: Baxcalibur\n|-supereffective|p1b: Baxcalibur\n|-damage|p1b: Baxcalibur|6\/100\n|-damage|p2a: Palafin|67\/100|[from] Recoil\n|move|p1b: Baxcalibur|Icicle Spear|p2b: Amoonguss\n|-supereffective|p2b: Amoonguss\n|-damage|p2b: Amoonguss|76\/100\n|-supereffective|p2b: Amoonguss\n|-damage|p2b: Amoonguss|51\/100\n|-supereffective|p2b: Amoonguss\n|-damage|p2b: Amoonguss|26\/100\n|-supereffective|p2b: Amoonguss\n|-damage|p2b: Amoonguss|4\/100\n|-hitcount|p2b: Amoonguss|4\n|move|p1a: Brute Bonnet|Seed Bomb|p2a: Palafin\n|-supereffective|p2a: Palafin\n|-damage|p2a: Palafin|0 fnt\n|faint|p2a: Palafin\n|\n|upkeep\n|\n|t:|1681962030\n|switch|p2a: Flutter Mane|Flutter Mane, L50|90\/100\n|turn|5\n|\n|t:|1681962051\n|move|p1b: Baxcalibur|Protect|p1b: Baxcalibur\n|-singleturn|p1b: Baxcalibur|Protect\n|move|p2b: Amoonguss|Rage Powder|p2b: Amoonguss\n|-singleturn|p2b: Amoonguss|move: Rage Powder\n|move|p2a: Flutter Mane|Dazzling Gleam|p1b: Baxcalibur|[spread] p1a\n|-activate|p1b: Baxcalibur|move: Protect\n|-supereffective|p1a: Brute Bonnet\n|-damage|p1a: Brute Bonnet|67\/100\n|move|p1a: Brute Bonnet|Crunch|p2a: Flutter Mane\n|-damage|p2a: Flutter Mane|5\/100\n|\n|upkeep\n|turn|6\n|\n|t:|1681962077\n|move|p2a: Flutter Mane|Dazzling Gleam|p1a: Brute Bonnet|[spread] p1a,p1b\n|-supereffective|p1a: Brute Bonnet\n|-crit|p1a: Brute Bonnet\n|-resisted|p1b: Baxcalibur\n|-damage|p1a: Brute Bonnet|23\/100\n|-damage|p1b: Baxcalibur|0 fnt\n|faint|p1b: Baxcalibur\n|move|p1a: Brute Bonnet|Crunch|p2a: Flutter Mane\n|-damage|p2a: Flutter Mane|0 fnt\n|faint|p2a: Flutter Mane\n|-end|p2a: Flutter Mane|Protosynthesis|[silent]\n|move|p2b: Amoonguss|Pollen Puff|p1a: Brute Bonnet\n|-supereffective|p1a: Brute Bonnet\n|-damage|p1a: Brute Bonnet|0 fnt\n|faint|p1a: Brute Bonnet\n|-end|p1a: Brute Bonnet|Protosynthesis|[silent]\n|\n|win|Doddoobie\n|raw|Striden26's rating: 1086 → 1064<\/strong> (-22 for losing)\n|raw|Doddoobie's rating: 1104 → 1128<\/strong> (+24 for winning)\n|c|\u2606Doddoobie|Gg!!\n|l|\u2606Striden26\n|c|\u2606Doddoobie|That was a good match\n","uploadtime":1681962170,"views":10,"p1id":"striden26","p2id":"doddoobie","formatid":"gen9vgc2023regulationc","rating":1064,"private":0,"password":""}