{"id":"gen9vgc2023regulationc-1860671185","p1":"tezminator","p2":"adrpen","format":"[Gen 9] VGC 2023 Regulation C","log":"|j|\u2606tezminator\n|j|\u2606adrpen\n|t:|1683664621\n|gametype|doubles\n|player|p1|tezminator|170|1122\n|player|p2|adrpen|pokekid|1063\n|teamsize|p1|6\n|teamsize|p2|6\n|gen|9\n|tier|[Gen 9] VGC 2023 Regulation C\n|rated|\n|rule|Species Clause: Limit one of each Pok\u00e9mon\n|rule|Item Clause: Limit one of each item\n|clearpoke\n|poke|p1|Volcarona, L50, M|\n|poke|p1|Golduck, L50, F|\n|poke|p1|Scream Tail, L50|\n|poke|p1|Maushold, L50|\n|poke|p1|Tsareena, L50, F|\n|poke|p1|Mudsdale, L50, F|\n|poke|p2|Amoonguss, L50, M|\n|poke|p2|Palafin, L50, M|\n|poke|p2|Iron Hands, L50|\n|poke|p2|Arcanine, L50, M|\n|poke|p2|Flutter Mane, L50|\n|poke|p2|Dragonite, L50, M|\n|teampreview|4\n|inactive|Battle timer is ON: inactive players will automatically lose when time's up. (requested by adrpen)\n|inactive|tezminator also wants the timer to be on.\ntezminator has agreed to open team sheets.\n|inactive|adrpen has 60 seconds left.\n|inactive|adrpen has 30 seconds left.\n|inactive|adrpen has 20 seconds left.\n|\n|t:|1683664693\n|start\n|switch|p1a: Scream Tail|Scream Tail, L50|100\/100\n|switch|p1b: Ian Anderson|Mudsdale, L50, F|100\/100\n|switch|p2a: Palafin|Palafin, L50, M, shiny|100\/100\n|switch|p2b: Iron Hands|Iron Hands, L50, shiny|100\/100\n|turn|1\n|inactive|adrpen has 30 seconds left.\n|inactive|tezminator has 30 seconds left.\n|\n|t:|1683664724\n|-end|p2b: Iron Hands|Quark Drive|[silent]\n|switch|p2b: Dragonite|Dragonite, L50, M|100\/100\n|move|p2a: Palafin|Jet Punch|p1b: Ian Anderson\n|-supereffective|p1b: Ian Anderson\n|-damage|p1b: Ian Anderson|63\/100\n|-ability|p1b: Ian Anderson|Stamina|boost\n|-boost|p1b: Ian Anderson|def|1\n|move|p1a: Scream Tail|Reflect|p1a: Scream Tail\n|-sidestart|p1: tezminator|Reflect\n|move|p1b: Ian Anderson|Stomping Tantrum|p2b: Dragonite\n|-immune|p2b: Dragonite\n|\n|upkeep\n|turn|2\n|inactive|adrpen has 30 seconds left.\n|inactive|adrpen has 20 seconds left.\n|\n|t:|1683664761\n|move|p2b: Dragonite|Extreme Speed|p1b: Ian Anderson\n|-damage|p1b: Ian Anderson|52\/100\n|-ability|p1b: Ian Anderson|Stamina|boost\n|-boost|p1b: Ian Anderson|def|1\n|move|p1a: Scream Tail|Rock Tomb|p2b: Dragonite\n|-supereffective|p2b: Dragonite\n|-damage|p2b: Dragonite|90\/100\n|-unboost|p2b: Dragonite|spe|1\n|move|p2a: Palafin|Haze|p2a: Palafin\n|-clearallboost\n|move|p1b: Ian Anderson|Stomping Tantrum|p2a: Palafin\n|-damage|p2a: Palafin|22\/100\n|\n|upkeep\n|turn|3\n|inactive|adrpen has 30 seconds left.\n|\n|t:|1683664787\n|switch|p1b: Tsareena|Tsareena, L50, F|100\/100\n|move|p2b: Dragonite|Protect|p2b: Dragonite\n|-singleturn|p2b: Dragonite|Protect\n|move|p1a: Scream Tail|Rock Tomb|p2b: Dragonite\n|-activate|p2b: Dragonite|move: Protect\n|move|p2a: Palafin|Wave Crash|p1b: Tsareena\n|-resisted|p1b: Tsareena\n|-damage|p1b: Tsareena|87\/100\n|-damage|p2a: Palafin|19\/100|[from] Recoil\n|\n|upkeep\n|turn|4\n|inactive|adrpen has 30 seconds left.\n|inactive|tezminator has 30 seconds left.\n|inactive|adrpen has 20 seconds left.\n|\n|t:|1683664825\n|switch|p2b: Iron Hands|Iron Hands, L50, shiny|100\/100\n|detailschange|p2a: Palafin|Palafin-Hero, L50, M, shiny\n|switch|p2a: Arcanine|Arcanine, L50, M|100\/100\n|-ability|p2a: Arcanine|Intimidate|boost\n|-unboost|p1a: Scream Tail|atk|1\n|-unboost|p1b: Tsareena|atk|1\n|move|p1b: Tsareena|Protect|p1b: Tsareena\n|-singleturn|p1b: Tsareena|Protect\n|move|p1a: Scream Tail|Rock Tomb|p2b: Iron Hands\n|-resisted|p2b: Iron Hands\n|-damage|p2b: Iron Hands|98\/100\n|-unboost|p2b: Iron Hands|spe|1\n|\n|upkeep\n|turn|5\n|inactive|adrpen has 30 seconds left.\n|inactive|tezminator has 30 seconds left.\n|inactive|adrpen has 20 seconds left.\n|inactive|adrpen has 15 seconds left.\n|inactive|adrpen has 10 seconds left.\n|\n|t:|1683664873\n|switch|p1b: Volcarona|Volcarona, L50, M|100\/100\n|move|p1a: Scream Tail|Misty Terrain|p1a: Scream Tail\n|-fieldstart|move: Misty Terrain\n|move|p2a: Arcanine|Will-O-Wisp|p1a: Scream Tail\n|-activate|p1a: Scream Tail|move: Misty Terrain\n|move|p2b: Iron Hands|Heavy Slam|p1b: Volcarona\n|-resisted|p1b: Volcarona\n|-damage|p1b: Volcarona|81\/100\n|\n|-sideend|p1: tezminator|Reflect\n|upkeep\n|turn|6\n|inactive|adrpen has 30 seconds left.\n|\n|t:|1683664899\n|move|p1a: Scream Tail|Reflect|p1a: Scream Tail\n|-sidestart|p1: tezminator|Reflect\n|move|p1b: Volcarona|Quiver Dance|p1b: Volcarona\n|-boost|p1b: Volcarona|spa|1\n|-boost|p1b: Volcarona|spd|1\n|-boost|p1b: Volcarona|spe|1\n|move|p2a: Arcanine|Flare Blitz|p1a: Scream Tail\n|-damage|p1a: Scream Tail|76\/100\n|-damage|p2a: Arcanine|84\/100|[from] item: Rocky Helmet|[of] p1a: Scream Tail\n|-damage|p2a: Arcanine|76\/100|[from] Recoil\n|move|p2b: Iron Hands|Drain Punch|p1b: Volcarona\n|-resisted|p1b: Volcarona\n|-damage|p1b: Volcarona|64\/100\n|-heal|p2b: Iron Hands|100\/100|[from] drain|[of] p1b: Volcarona\n|\n|upkeep\n|turn|7\n|inactive|adrpen has 30 seconds left.\n|inactive|adrpen has 20 seconds left.\n|inactive|adrpen has 15 seconds left.\n|\n|t:|1683664943\n|move|p1b: Volcarona|Quiver Dance|p1b: Volcarona\n|-boost|p1b: Volcarona|spa|1\n|-boost|p1b: Volcarona|spd|1\n|-boost|p1b: Volcarona|spe|1\n|move|p1a: Scream Tail|Disable|p2a: Arcanine\n|-start|p2a: Arcanine|Disable|Flare Blitz\n|move|p2a: Arcanine|Howl|p2a: Arcanine|[spread] p2a,p2b\n|-boost|p2a: Arcanine|atk|1\n|-boost|p2b: Iron Hands|atk|1\n|move|p2b: Iron Hands|Wild Charge|p1b: Volcarona\n|-damage|p1b: Volcarona|0 fnt\n|faint|p1b: Volcarona\n|-damage|p2b: Iron Hands|88\/100|[from] Recoil\n|\n|upkeep\n|\n|t:|1683664956\n|switch|p1b: Tsareena|Tsareena, L50, F|87\/100\n|turn|8\n|\n|t:|1683664974\n|move|p1a: Scream Tail|Rock Tomb|p2a: Arcanine\n|-supereffective|p2a: Arcanine\n|-damage|p2a: Arcanine|61\/100\n|-unboost|p2a: Arcanine|spe|1\n|move|p1b: Tsareena|Trop Kick|p2b: Iron Hands\n|-damage|p2b: Iron Hands|69\/100\n|-unboost|p2b: Iron Hands|atk|1\n|move|p2a: Arcanine|Howl|p2a: Arcanine|[spread] p2a,p2b\n|-boost|p2a: Arcanine|atk|1\n|-boost|p2b: Iron Hands|atk|1\n|move|p2b: Iron Hands|Heavy Slam|p1a: Scream Tail\n|-supereffective|p1a: Scream Tail\n|-damage|p1a: Scream Tail|5\/100\n|-damage|p2b: Iron Hands|53\/100|[from] item: Rocky Helmet|[of] p1a: Scream Tail\n|\n|upkeep\n|turn|9\n|inactive|adrpen has 30 seconds left.\n|inactive|adrpen has 20 seconds left.\n|inactive|adrpen has 15 seconds left.\n|\n|t:|1683665015\n|move|p1a: Scream Tail|Rock Tomb|p2a: Arcanine\n|-supereffective|p2a: Arcanine\n|-damage|p2a: Arcanine|48\/100\n|-unboost|p2a: Arcanine|spe|1\n|-enditem|p2a: Arcanine|Sitrus Berry|[eat]\n|-heal|p2a: Arcanine|73\/100|[from] item: Sitrus Berry\n|move|p1b: Tsareena|Trop Kick|p2b: Iron Hands\n|-damage|p2b: Iron Hands|34\/100\n|-unboost|p2b: Iron Hands|atk|1\n|move|p2a: Arcanine|Howl|p2a: Arcanine|[spread] p2a,p2b\n|-boost|p2a: Arcanine|atk|1\n|-boost|p2b: Iron Hands|atk|1\n|move|p2b: Iron Hands|Drain Punch|p1b: Tsareena\n|-damage|p1b: Tsareena|50\/100\n|-heal|p2b: Iron Hands|47\/100|[from] drain|[of] p1b: Tsareena\n|\n|-fieldend|Misty Terrain\n|upkeep\n|turn|10\n|inactive|tezminator has 30 seconds left.\n|inactive|adrpen has 30 seconds left.\n|c|\u2606tezminator|man, this iron hands is a slug\n|inactive|tezminator has 20 seconds left.\n|inactive|adrpen has 20 seconds left.\n|inactive|adrpen has 15 seconds left.\n|\n|t:|1683665059\n|move|p1a: Scream Tail|Misty Terrain|p1a: Scream Tail\n|-fieldstart|move: Misty Terrain\n|move|p1b: Tsareena|Trop Kick|p2b: Iron Hands\n|-damage|p2b: Iron Hands|26\/100\n|-unboost|p2b: Iron Hands|atk|1\n|move|p2a: Arcanine|Howl|p2a: Arcanine|[spread] p2a,p2b\n|-boost|p2a: Arcanine|atk|1\n|-boost|p2b: Iron Hands|atk|1\n|move|p2b: Iron Hands|Heavy Slam|p1b: Tsareena\n|-damage|p1b: Tsareena|14\/100\n|\n|-end|p2a: Arcanine|Disable\n|-sideend|p1: tezminator|Reflect\n|upkeep\n|turn|11\n|\n|t:|1683665077\n|move|p1b: Tsareena|Protect|p1b: Tsareena\n|-singleturn|p1b: Tsareena|Protect\n|move|p1a: Scream Tail|Reflect|p1a: Scream Tail\n|-sidestart|p1: tezminator|Reflect\n|move|p2a: Arcanine|Flare Blitz|p1b: Tsareena\n|-activate|p1b: Tsareena|move: Protect\n|move|p2b: Iron Hands|Heavy Slam|p1a: Scream Tail\n|-supereffective|p1a: Scream Tail\n|-damage|p1a: Scream Tail|0 fnt\n|-damage|p2b: Iron Hands|10\/100|[from] item: Rocky Helmet|[of] p1a: Scream Tail\n|faint|p1a: Scream Tail\n|-end|p1a: Scream Tail|Protosynthesis|[silent]\n|\n|upkeep\n|\n|t:|1683665088\n|switch|p1a: Ian Anderson|Mudsdale, L50, F|52\/100\n|turn|12\n|inactive|adrpen has 30 seconds left.\n|\n|t:|1683665118\n|-terastallize|p1b: Tsareena|Rock\n|move|p1b: Tsareena|Tera Blast|p2a: Arcanine\n|-supereffective|p2a: Arcanine\n|-damage|p2a: Arcanine|14\/100\n|move|p2a: Arcanine|Flare Blitz|p1b: Tsareena\n|-resisted|p1b: Tsareena\n|-crit|p1b: Tsareena\n|-damage|p1b: Tsareena|0 fnt\n|faint|p1b: Tsareena\n|-damage|p2a: Arcanine|10\/100|[from] Recoil\n|move|p1a: Ian Anderson|Stomping Tantrum|p2b: Iron Hands\n|-supereffective|p2b: Iron Hands\n|-damage|p2b: Iron Hands|0 fnt\n|faint|p2b: Iron Hands\n|-end|p2b: Iron Hands|Quark Drive|[silent]\n|\n|upkeep\n|-message|tezminator forfeited.\n|\n|win|adrpen\n|raw|tezminator's rating: 1122 → 1093<\/strong> (-29 for losing)\n|raw|adrpen's rating: 1063 → 1099<\/strong> (+36 for winning)\n|l|\u2606tezminator\n","uploadtime":1683665137,"views":9,"p1id":"tezminator","p2id":"adrpen","formatid":"gen9vgc2023regulationc","rating":1093,"private":0,"password":""}