{"id":"gen9vgc2023regulationc-1855091443","p1":"jotapeloafrutado","p2":"ClockworkToad","format":"[Gen 9] VGC 2023 Regulation C","log":"|j|\u2606jotapeloafrutado\n|j|\u2606ClockworkToad\n|t:|1682900221\n|gametype|doubles\n|player|p1|jotapeloafrutado|hiker-gen4|1325\n|player|p2|ClockworkToad|janine|1238\n|teamsize|p1|6\n|teamsize|p2|6\n|gen|9\n|tier|[Gen 9] VGC 2023 Regulation C\n|rated|\n|rule|Species Clause: Limit one of each Pok\u00e9mon\n|rule|Item Clause: Limit one of each item\n|clearpoke\n|poke|p1|Ting-Lu, L50|\n|poke|p1|Amoonguss, L50, F|\n|poke|p1|Garganacl, L50, F|\n|poke|p1|Arcanine, L50, M|\n|poke|p1|Roaring Moon, L50|\n|poke|p1|Iron Bundle, L50|\n|poke|p2|Sunflora, L50, M|\n|poke|p2|Torkoal, L50, M|\n|poke|p2|Hatterene, L50, F|\n|poke|p2|Hariyama, L50, M|\n|poke|p2|Flamigo, L50, F|\n|poke|p2|Luxray, L50, M|\n|teampreview|4\n|\n|t:|1682900259\n|start\n|switch|p1a: Garganacl|Garganacl, L50, F|100\/100\n|switch|p1b: Ting-Lu|Ting-Lu, L50|100\/100\n|switch|p2a: LuxRayCharles|Luxray, L50, M|100\/100\n|switch|p2b: HattIrene Cara|Hatterene, L50, F|100\/100\n|-ability|p2a: LuxRayCharles|Intimidate|boost\n|-unboost|p1a: Garganacl|atk|1\n|-unboost|p1b: Ting-Lu|atk|1\n|-ability|p1b: Ting-Lu|Vessel of Ruin\n|turn|1\n|\n|t:|1682900301\n|move|p2a: LuxRayCharles|Volt Switch|p1a: Garganacl\n|-damage|p1a: Garganacl|87\/100\n|\n|t:|1682900311\n|switch|p2a: Nat King TorKoal|Torkoal, L50, M|100\/100|[from] Volt Switch\n|-weather|SunnyDay|[from] ability: Drought|[of] p2a: Nat King TorKoal\n|move|p1b: Ting-Lu|Ruination|p2a: Nat King TorKoal\n|-damage|p2a: Nat King TorKoal|51\/100\n|move|p1a: Garganacl|Stealth Rock|p2a: Nat King TorKoal\n|move|p2b: HattIrene Cara|Stealth Rock|p1a: Garganacl|[from]ability: Magic Bounce\n|-sidestart|p1: jotapeloafrutado|move: Stealth Rock\n|move|p2b: HattIrene Cara|Trick Room|p2b: HattIrene Cara\n|-fieldstart|move: Trick Room|[of] p2b: HattIrene Cara\n|\n|-weather|SunnyDay|[upkeep]\n|-heal|p1a: Garganacl|93\/100|[from] item: Leftovers\n|upkeep\n|turn|2\n|\n|t:|1682900355\n|switch|p2b: Sunnyflora Bono|Sunflora, L50, M|100\/100\n|-terastallize|p1a: Garganacl|Ghost\n|move|p2a: Nat King TorKoal|Overheat|p1b: Ting-Lu\n|-damage|p1b: Ting-Lu|72\/100\n|-unboost|p2a: Nat King TorKoal|spa|2\n|-enditem|p2a: Nat King TorKoal|Eject Pack\n|\n|t:|1682900369\n|switch|p2a: LuxRayCharles|Luxray, L50, M|100\/100\n|-ability|p2a: LuxRayCharles|Intimidate|boost\n|-unboost|p1a: Garganacl|atk|1\n|-unboost|p1b: Ting-Lu|atk|1\n|move|p1a: Garganacl|Salt Cure|p2a: LuxRayCharles\n|-damage|p2a: LuxRayCharles|94\/100\n|move|p1b: Ting-Lu|Stomping Tantrum|p2a: LuxRayCharles\n|-supereffective|p2a: LuxRayCharles\n|-damage|p2a: LuxRayCharles|65\/100\n|\n|-weather|SunnyDay|[upkeep]\n|-damage|p2b: Sunnyflora Bono|88\/100|[from] ability: Solar Power|[of] p2b: Sunnyflora Bono\n|-heal|p1a: Garganacl|99\/100|[from] item: Leftovers\n|upkeep\n|turn|3\n|\n|t:|1682900392\n|move|p2b: Sunnyflora Bono|Solar Beam||[still]\n|-prepare|p2b: Sunnyflora Bono|Solar Beam\n|-anim|p2b: Sunnyflora Bono|Solar Beam|p1b: Ting-Lu\n|-supereffective|p1b: Ting-Lu\n|-damage|p1b: Ting-Lu|0 fnt\n|faint|p1b: Ting-Lu\n|-damage|p2b: Sunnyflora Bono|79\/100|[from] item: Life Orb\n|move|p1a: Garganacl|Salt Cure|p2b: Sunnyflora Bono\n|-damage|p2b: Sunnyflora Bono|67\/100\n|-start|p2b: Sunnyflora Bono|Salt Cure\n|move|p2a: LuxRayCharles|Volt Switch|p1a: Garganacl\n|-damage|p1a: Garganacl|80\/100\n|\n|t:|1682900405\n|switch|p2a: HattIrene Cara|Hatterene, L50, F|100\/100|[from] Volt Switch\n|\n|-weather|SunnyDay|[upkeep]\n|-damage|p2b: Sunnyflora Bono|55\/100|[from] ability: Solar Power|[of] p2b: Sunnyflora Bono\n|-heal|p1a: Garganacl|86\/100|[from] item: Leftovers\n|-damage|p2b: Sunnyflora Bono|43\/100|[from] Salt Cure\n|upkeep\n|c|\u2606jotapeloafrutado|covertcloak on luxray?\n|\n|t:|1682900413\n|switch|p1b: Amoonguss|Amoonguss, L50, F|100\/100\n|-damage|p1b: Amoonguss|88\/100|[from] Stealth Rock\n|turn|4\n|\n|t:|1682900422\n|move|p2a: HattIrene Cara|Psychic|p1b: Amoonguss\n|-supereffective|p1b: Amoonguss\n|-damage|p1b: Amoonguss|0 fnt\n|faint|p1b: Amoonguss\n|move|p2b: Sunnyflora Bono|Solar Beam||[still]\n|-prepare|p2b: Sunnyflora Bono|Solar Beam\n|-anim|p2b: Sunnyflora Bono|Solar Beam|p1a: Garganacl\n|-damage|p1a: Garganacl|15\/100\n|-damage|p2b: Sunnyflora Bono|33\/100|[from] item: Life Orb\n|move|p1a: Garganacl|Salt Cure|p2a: HattIrene Cara\n|-damage|p2a: HattIrene Cara|91\/100\n|-start|p2a: HattIrene Cara|Salt Cure\n|\n|-weather|SunnyDay|[upkeep]\n|-damage|p2b: Sunnyflora Bono|21\/100|[from] ability: Solar Power|[of] p2b: Sunnyflora Bono\n|-heal|p1a: Garganacl|20\/100|[from] item: Leftovers\n|-damage|p2a: HattIrene Cara|79\/100|[from] Salt Cure\n|-damage|p2b: Sunnyflora Bono|9\/100|[from] Salt Cure\n|upkeep\n|\n|t:|1682900432\n|switch|p1b: Roaring Moon|Roaring Moon, L50|100\/100\n|-damage|p1b: Roaring Moon|88\/100|[from] Stealth Rock\n|-activate|p1b: Roaring Moon|ability: Protosynthesis\n|-start|p1b: Roaring Moon|protosynthesisatk\n|turn|5\n|\n|t:|1682900455\n|switch|p2b: LuxRayCharles|Luxray, L50, M|65\/100\n|-ability|p2b: LuxRayCharles|Intimidate|boost\n|-unboost|p1a: Garganacl|atk|1\n|-unboost|p1b: Roaring Moon|atk|1\n|move|p1a: Garganacl|Protect|p1a: Garganacl\n|-singleturn|p1a: Garganacl|Protect\n|move|p1b: Roaring Moon|Protect|p1b: Roaring Moon\n|-singleturn|p1b: Roaring Moon|Protect\n|move|p2a: HattIrene Cara|Psychic|p1a: Garganacl\n|-activate|p1a: Garganacl|move: Protect\n|\n|-weather|none\n|-end|p1b: Roaring Moon|Protosynthesis\n|-heal|p1a: Garganacl|26\/100|[from] item: Leftovers\n|-damage|p2a: HattIrene Cara|67\/100|[from] Salt Cure\n|-fieldend|move: Trick Room\n|upkeep\n|-enditem|p1b: Roaring Moon|Booster Energy\n|-activate|p1b: Roaring Moon|ability: Protosynthesis|[fromitem]\n|-start|p1b: Roaring Moon|protosynthesisatk\n|turn|6\n|\n|t:|1682900479\n|move|p2b: LuxRayCharles|Baby-Doll Eyes|p1b: Roaring Moon\n|-unboost|p1b: Roaring Moon|atk|1\n|move|p1b: Roaring Moon|Jaw Lock|p2a: HattIrene Cara\n|-damage|p2a: HattIrene Cara|32\/100\n|-activate|p1b: Roaring Moon|trapped\n|-activate|p2a: HattIrene Cara|trapped\n|move|p1a: Garganacl|Salt Cure|p2b: LuxRayCharles\n|-damage|p2b: LuxRayCharles|58\/100\n|move|p2a: HattIrene Cara|Trick Room|p2a: HattIrene Cara\n|-fieldstart|move: Trick Room|[of] p2a: HattIrene Cara\n|\n|-heal|p1a: Garganacl|32\/100|[from] item: Leftovers\n|-damage|p2a: HattIrene Cara|19\/100|[from] Salt Cure\n|upkeep\n|turn|7\n|\n|t:|1682900496\n|move|p1a: Garganacl|Protect|p1a: Garganacl\n|-singleturn|p1a: Garganacl|Protect\n|move|p2a: HattIrene Cara|Draining Kiss|p1b: Roaring Moon\n|-supereffective|p1b: Roaring Moon\n|-damage|p1b: Roaring Moon|0 fnt\n|-heal|p2a: HattIrene Cara|100\/100|[from] drain|[of] p1b: Roaring Moon\n|faint|p1b: Roaring Moon\n|-end|p1b: Roaring Moon|Protosynthesis|[silent]\n|move|p2b: LuxRayCharles|Volt Switch|p1a: Garganacl\n|-activate|p1a: Garganacl|move: Protect\n|\n|-heal|p1a: Garganacl|38\/100|[from] item: Leftovers\n|-damage|p2a: HattIrene Cara|88\/100|[from] Salt Cure\n|upkeep\n|turn|8\n|-message|jotapeloafrutado forfeited.\n|\n|win|ClockworkToad\n|raw|jotapeloafrutado's rating: 1325 → 1300<\/strong> (-25 for losing)\n|raw|ClockworkToad's rating: 1238 → 1269<\/strong> (+31 for winning)\n|l|\u2606jotapeloafrutado\n","uploadtime":1682900510,"views":2,"p1id":"jotapeloafrutado","p2id":"clockworktoad","formatid":"gen9vgc2023regulationc","rating":1269,"private":0,"password":""}