{"id":"gen9vgc2023regulationc-1846078972","p1":"Aragan137","p2":"UserOmega","format":"[Gen 9] VGC 2023 Regulation C","log":"|j|\u2606Aragan137\n|j|\u2606UserOmega\n|t:|1681802729\n|gametype|doubles\n|player|p1|Aragan137|policeman-gen4|1275\n|player|p2|UserOmega|youngcouple-gen4dp|1358\n|teamsize|p1|6\n|teamsize|p2|6\n|gen|9\n|tier|[Gen 9] VGC 2023 Regulation C\n|rated|\n|rule|Species Clause: Limit one of each Pok\u00e9mon\n|rule|Item Clause: Limit one of each item\n|clearpoke\n|poke|p1|Palafin, L50, M|\n|poke|p1|Chien-Pao, L50|\n|poke|p1|Iron Hands, L50|\n|poke|p1|Gholdengo, L50|\n|poke|p1|Pelipper, L50, F|\n|poke|p1|Amoonguss, L50, M|\n|poke|p2|Glimmora, L50, M|\n|poke|p2|Pelipper, L50, M|\n|poke|p2|Raichu, L50, F|\n|poke|p2|Gallade, L50, M|\n|poke|p2|Dondozo, L50, F|\n|poke|p2|Tatsugiri, L50, F|\n|teampreview|4\nUserOmega has agreed to open team sheets.\n|inactive|Battle timer is ON: inactive players will automatically lose when time's up. (requested by Aragan137)\n|inactive|Aragan137 has 60 seconds left.\n|inactive|UserOmega has 60 seconds left.\n|inactive|UserOmega has 30 seconds left.\n|\n|t:|1681802798\n|start\n|switch|p1a: Gholdengo|Gholdengo, L50|100\/100\n|switch|p1b: Iron Hands|Iron Hands, L50|100\/100\n|switch|p2a: Glimmora|Glimmora, L50, M|100\/100\n|switch|p2b: Raichu|Raichu, L50, F|100\/100\n|turn|1\n|inactive|Aragan137 has 30 seconds left.\n|inactive|Aragan137 has 20 seconds left.\n|inactive|Aragan137 has 15 seconds left.\n|\n|t:|1681802843\n|switch|p2a: Dondozo|Dondozo, L50, F|100\/100\n|move|p1a: Gholdengo|Protect|p1a: Gholdengo\n|-singleturn|p1a: Gholdengo|Protect\n|move|p2b: Raichu|Fake Out|p1b: Iron Hands\n|-damage|p1b: Iron Hands|95\/100\n|cant|p1b: Iron Hands|flinch\n|\n|upkeep\n|turn|2\n|inactive|Aragan137 has 30 seconds left.\n|inactive|Aragan137 has 20 seconds left.\n|inactive|Aragan137 has 15 seconds left.\n|inactive|Aragan137 has 10 seconds left.\n|\n|t:|1681802890\n|switch|p1a: Manolo|Amoonguss, L50, M|100\/100\n|-terastallize|p1b: Iron Hands|Grass\n|move|p2b: Raichu|Protect|p2b: Raichu\n|-singleturn|p2b: Raichu|Protect\n|move|p1b: Iron Hands|Wild Charge|p2b: Raichu\n|-activate|p2b: Raichu|ability: Lightning Rod\n|-activate|p2b: Raichu|move: Protect\n|move|p2a: Dondozo|Earthquake|p1a: Manolo|[spread] p1a,p1b\n|-activate|p2b: Raichu|move: Protect\n|-resisted|p1b: Iron Hands\n|-damage|p1a: Manolo|81\/100\n|-damage|p1b: Iron Hands|86\/100\n|\n|upkeep\n|turn|3\n|inactive|Aragan137 has 30 seconds left.\n|\n|t:|1681802917\n|move|p2b: Raichu|Nuzzle|p1b: Iron Hands\n|-resisted|p1b: Iron Hands\n|-damage|p1b: Iron Hands|84\/100\n|-status|p1b: Iron Hands|par\n|move|p2a: Dondozo|Substitute|p2a: Dondozo\n|-start|p2a: Dondozo|Substitute\n|-damage|p2a: Dondozo|76\/100\n|move|p1b: Iron Hands|Drain Punch|p2a: Dondozo\n|-end|p2a: Dondozo|Substitute\n|-heal|p1b: Iron Hands|97\/100 par|[from] drain|[of] p2a: Dondozo\n|move|p1a: Manolo|Spore|p2a: Dondozo\n|-status|p2a: Dondozo|slp|[from] move: Spore\n|-enditem|p2a: Dondozo|Lum Berry|[eat]\n|-curestatus|p2a: Dondozo|slp|[msg]\n|\n|upkeep\n|turn|4\n|inactive|Aragan137 has 30 seconds left.\n|inactive|UserOmega has 30 seconds left.\n|\n|t:|1681802959\n|move|p2b: Raichu|Protect|p2b: Raichu\n|-singleturn|p2b: Raichu|Protect\n|move|p2a: Dondozo|Earthquake|p1b: Iron Hands|[spread] p1a,p1b\n|-activate|p2b: Raichu|move: Protect\n|-resisted|p1b: Iron Hands\n|-damage|p1a: Manolo|61\/100\n|-damage|p1b: Iron Hands|89\/100 par\n|cant|p1b: Iron Hands|par\n|move|p1a: Manolo|Spore|p2a: Dondozo\n|-status|p2a: Dondozo|slp|[from] move: Spore\n|\n|upkeep\n|turn|5\n|inactive|Aragan137 has 30 seconds left.\n|\n|t:|1681802989\n|move|p2b: Raichu|Nuzzle|p1a: Manolo\n|-resisted|p1a: Manolo\n|-damage|p1a: Manolo|58\/100\n|-status|p1a: Manolo|par\n|cant|p2a: Dondozo|slp\n|move|p1b: Iron Hands|Drain Punch|p2a: Dondozo\n|-damage|p2a: Dondozo|49\/100 slp\n|-heal|p1b: Iron Hands|100\/100 par|[from] drain|[of] p2a: Dondozo\n|move|p1a: Manolo|Spore|p2b: Raichu\n|-status|p2b: Raichu|slp|[from] move: Spore\n|\n|upkeep\n|turn|6\n|inactive|Aragan137 has 30 seconds left.\n|\n|t:|1681803019\n|cant|p2b: Raichu|slp\n|cant|p2a: Dondozo|slp\n|move|p1b: Iron Hands|Drain Punch|p2a: Dondozo\n|-damage|p2a: Dondozo|21\/100 slp\n|move|p1a: Manolo|Spore|p2a: Dondozo\n|-fail|p2a: Dondozo|slp\n|\n|upkeep\n|turn|7\n|inactive|UserOmega has 30 seconds left.\n|\n|t:|1681803048\n|cant|p2b: Raichu|slp\n|cant|p2a: Dondozo|slp\n|cant|p1b: Iron Hands|par\n|move|p1a: Manolo|Spore|p2a: Dondozo\n|-fail|p2a: Dondozo|slp\n|\n|upkeep\n|turn|8\n|\n|t:|1681803062\n|-curestatus|p2b: Raichu|slp|[msg]\n|move|p2b: Raichu|Thunderbolt|p1b: Iron Hands\n|-resisted|p1b: Iron Hands\n|-damage|p1b: Iron Hands|92\/100 par\n|-curestatus|p2a: Dondozo|slp|[msg]\n|move|p2a: Dondozo|Order Up|p1b: Iron Hands\n|-damage|p1b: Iron Hands|73\/100 par\n|cant|p1b: Iron Hands|par\n|move|p1a: Manolo|Spore|p2a: Dondozo\n|-status|p2a: Dondozo|slp|[from] move: Spore\n|\n|upkeep\n|turn|9\n|\n|t:|1681803081\n|move|p2b: Raichu|Protect|p2b: Raichu\n|-singleturn|p2b: Raichu|Protect\n|cant|p2a: Dondozo|slp\n|cant|p1b: Iron Hands|par\n|move|p1a: Manolo|Spore|p2b: Raichu\n|-activate|p2b: Raichu|move: Protect\n|\n|upkeep\n|turn|10\n|c|\u2606UserOmega|OMFG\n|inactive|UserOmega has 30 seconds left.\n|\n|t:|1681803109\n|switch|p2a: Glimmora|Glimmora, L50, M|100\/100\n|move|p2b: Raichu|Thunderbolt|p1a: Manolo\n|-resisted|p1a: Manolo\n|-damage|p1a: Manolo|42\/100 par\n|-enditem|p1a: Manolo|Sitrus Berry|[eat]\n|-heal|p1a: Manolo|67\/100 par|[from] item: Sitrus Berry\n|cant|p1b: Iron Hands|par\n|move|p1a: Manolo|Spore|p2b: Raichu\n|-status|p2b: Raichu|slp|[from] move: Spore\n|\n|upkeep\n|turn|11\n|inactive|Aragan137 has 30 seconds left.\n|inactive|UserOmega has 30 seconds left.\n|inactive|Aragan137 has 20 seconds left.\n|inactive|Aragan137 has 15 seconds left.\n|inactive|Aragan137 has 10 seconds left.\n|\n|t:|1681803159\n|-end|p1b: Iron Hands|Quark Drive|[silent]\n|switch|p1b: Gholdengo|Gholdengo, L50|100\/100\n|-terastallize|p2a: Glimmora|Grass\n|cant|p2b: Raichu|slp\n|move|p2a: Glimmora|Power Gem|p1b: Gholdengo\n|-resisted|p1b: Gholdengo\n|-damage|p1b: Gholdengo|80\/100\n|cant|p1a: Manolo|par\n|\n|-heal|p1b: Gholdengo|86\/100|[from] item: Leftovers\n|upkeep\n|turn|12\n|inactive|Aragan137 has 30 seconds left.\n|inactive|Aragan137 has 20 seconds left.\n|\n|t:|1681803194\n|switch|p2a: Dondozo|Dondozo, L50, F|21\/100 slp\n|cant|p1a: Manolo|par\n|cant|p2b: Raichu|slp\n|move|p1b: Gholdengo|Shadow Ball|p2a: Dondozo\n|-damage|p2a: Dondozo|0 fnt\n|faint|p2a: Dondozo\n|\n|-heal|p1b: Gholdengo|93\/100|[from] item: Leftovers\n|upkeep\n|\n|t:|1681803205\n|switch|p2a: Gallade|Gallade, L50, M|100\/100\n|turn|13\n|\n|t:|1681803220\n|move|p2a: Gallade|Protect|p2a: Gallade\n|-singleturn|p2a: Gallade|Protect\n|move|p1a: Manolo|Rage Powder|p1a: Manolo\n|-singleturn|p1a: Manolo|move: Rage Powder\n|-curestatus|p2b: Raichu|slp|[msg]\n|move|p2b: Raichu|Nuzzle|p1a: Manolo\n|-resisted|p1a: Manolo\n|-damage|p1a: Manolo|64\/100 par\n|move|p1b: Gholdengo|Make It Rain|p2b: Raichu|[spread] p2b\n|-activate|p2a: Gallade|move: Protect\n|-resisted|p2b: Raichu\n|-damage|p2b: Raichu|65\/100\n|-unboost|p1b: Gholdengo|spa|1\n|\n|-heal|p1b: Gholdengo|99\/100|[from] item: Leftovers\n|upkeep\n|turn|14\n|\n|t:|1681803250\n|switch|p2b: Glimmora|Glimmora, L50, M, tera:Grass|100\/100\n|cant|p1a: Manolo|par\n|move|p2a: Gallade|Psycho Cut|p1a: Manolo\n|-supereffective|p1a: Manolo\n|-damage|p1a: Manolo|0 fnt\n|faint|p1a: Manolo\n|move|p1b: Gholdengo|Nasty Plot|p1b: Gholdengo\n|-boost|p1b: Gholdengo|spa|2\n|\n|-heal|p1b: Gholdengo|100\/100|[from] item: Leftovers\n|upkeep\n|\n|t:|1681803256\n|switch|p1a: Iron Hands|Iron Hands, L50, tera:Grass|73\/100 par\n|turn|15\n|\n|t:|1681803271\n|move|p2a: Gallade|Protect|p2a: Gallade\n|-singleturn|p2a: Gallade|Protect\n|cant|p1a: Iron Hands|par\n|move|p2b: Glimmora|Earth Power|p1b: Gholdengo\n|-supereffective|p1b: Gholdengo\n|-damage|p1b: Gholdengo|38\/100\n|move|p1b: Gholdengo|Nasty Plot|p1b: Gholdengo\n|-boost|p1b: Gholdengo|spa|2\n|\n|-heal|p1b: Gholdengo|44\/100|[from] item: Leftovers\n|upkeep\n|turn|16\n|\n|t:|1681803285\n|move|p1b: Gholdengo|Protect|p1b: Gholdengo\n|-singleturn|p1b: Gholdengo|Protect\n|move|p2a: Gallade|Psycho Cut|p1b: Gholdengo\n|-activate|p1b: Gholdengo|move: Protect\n|move|p2b: Glimmora|Power Gem|p1a: Iron Hands\n|-damage|p1a: Iron Hands|52\/100 par\n|move|p1a: Iron Hands|Drain Punch|p2b: Glimmora\n|-damage|p2b: Glimmora|56\/100\n|-heal|p1a: Iron Hands|70\/100 par|[from] drain|[of] p2b: Glimmora\n|-activate|p2b: Glimmora|ability: Toxic Debris\n|-sidestart|p1: Aragan137|move: Toxic Spikes\n|\n|-heal|p1b: Gholdengo|50\/100|[from] item: Leftovers\n|upkeep\n|turn|17\n|inactive|Aragan137 has 30 seconds left.\n|inactive|Aragan137 has 20 seconds left.\n|\n|t:|1681803304\n|move|p2a: Gallade|Sacred Sword|p1a: Iron Hands\n|-damage|p1a: Iron Hands|22\/100 par\n|move|p2b: Glimmora|Earth Power|p1b: Gholdengo\n|-supereffective|p1b: Gholdengo\n|-damage|p1b: Gholdengo|0 fnt\n|faint|p1b: Gholdengo\n|move|p1a: Iron Hands|Wild Charge|p2a: Gallade\n|-damage|p2a: Gallade|12\/100\n|-damage|p1a: Iron Hands|9\/100 par|[from] Recoil\n|\n|upkeep\n|inactive|Aragan137 has 20 seconds left this turn.\n|inactive|Aragan137 has 15 seconds left.\n|inactive|Aragan137 has 10 seconds left.\n|\n|t:|1681803315\n|switch|p1b: Chien-Pao|Chien-Pao, L50|100\/100\n|-status|p1b: Chien-Pao|psn\n|-ability|p1b: Chien-Pao|Sword of Ruin\n|turn|18\n|inactive|Aragan137 has 10 seconds left this turn.\n|inactive|Aragan137 has 5 seconds left.\n|\n|t:|1681803326\n|move|p1b: Chien-Pao|Sacred Sword|p2b: Glimmora\n|-damage|p2b: Glimmora|13\/100\n|-activate|p2b: Glimmora|ability: Toxic Debris\n|-sidestart|p1: Aragan137|move: Toxic Spikes\n|move|p2a: Gallade|Sacred Sword|p1b: Chien-Pao\n|-supereffective|p1b: Chien-Pao\n|-enditem|p1b: Chien-Pao|Focus Sash\n|-damage|p1b: Chien-Pao|1\/100 psn\n|move|p2b: Glimmora|Power Gem|p1b: Chien-Pao\n|-supereffective|p1b: Chien-Pao\n|-damage|p1b: Chien-Pao|0 fnt\n|faint|p1b: Chien-Pao\n|cant|p1a: Iron Hands|par\n|\n|upkeep\n|turn|19\n|inactive|Aragan137 has 5 seconds left this turn.\n|\n|t:|1681803332\n|move|p2a: Gallade|Sacred Sword|p1a: Iron Hands\n|-damage|p1a: Iron Hands|0 fnt\n|faint|p1a: Iron Hands\n|-end|p1a: Iron Hands|Quark Drive|[silent]\n|\n|win|UserOmega\n|inactive|Aragan137 has 5 seconds left this turn.\n|raw|Aragan137's rating: 1275 → 1256<\/strong> (-19 for losing)\n|raw|UserOmega's rating: 1358 → 1373<\/strong> (+15 for winning)\n|c|\u2606UserOmega|Longest vgc match\n|c|\u2606UserOmega|GG\n|l|\u2606Aragan137\n","uploadtime":1681803344,"views":10,"p1id":"aragan137","p2id":"useromega","formatid":"gen9vgc2023regulationc","rating":1256,"private":0,"password":""}