{"id":"gen9vgc2023regulationc-1846106341","p1":"qzy1993","p2":"Coeli","format":"[Gen 9] VGC 2023 Regulation C","log":"|j|\u2606qzy1993\n|j|\u2606Coeli\n|t:|1681807231\n|gametype|doubles\n|player|p1|qzy1993|2|1019\n|player|p2|Coeli|1|1091\n|teamsize|p1|6\n|teamsize|p2|6\n|gen|9\n|tier|[Gen 9] VGC 2023 Regulation C\n|rated|\n|rule|Species Clause: Limit one of each Pok\u00e9mon\n|rule|Item Clause: Limit one of each item\n|clearpoke\n|poke|p1|Iron Valiant, L50|\n|poke|p1|Toxapex, L50, F|\n|poke|p1|Meowscarada, L50, M|\n|poke|p1|Kingambit, L50, F|\n|poke|p1|Chi-Yu, L50|\n|poke|p1|Talonflame, L50, M|\n|poke|p2|Indeedee, L50, M|\n|poke|p2|Barraskewda, L50, F|\n|poke|p2|Pelipper, L50, M|\n|poke|p2|Ceruledge, L50, F|\n|poke|p2|Pyroar, L50, M|\n|poke|p2|Annihilape, L50, F|\n|teampreview|4\n|\n|t:|1681807267\n|start\n|switch|p1a: Meowscarada|Meowscarada, L50, M|100\/100\n|switch|p1b: Kingambit|Kingambit, L50, F|100\/100\n|switch|p2a: Barraskewda|Barraskewda, L50, F|100\/100\n|switch|p2b: Pelipper|Pelipper, L50, M|100\/100\n|-weather|RainDance|[from] ability: Drizzle|[of] p2b: Pelipper\n|turn|1\n|\n|t:|1681807299\n|-terastallize|p1b: Kingambit|Fairy\n|move|p2b: Pelipper|Protect|p2b: Pelipper\n|-singleturn|p2b: Pelipper|Protect\n|move|p2a: Barraskewda|Poison Jab|p1a: Meowscarada\n|-supereffective|p1a: Meowscarada\n|-damage|p1a: Meowscarada|40\/100\n|-status|p1a: Meowscarada|psn\n|move|p1b: Kingambit|Tera Blast|p2a: Barraskewda\n|-damage|p2a: Barraskewda|8\/100\n|move|p1a: Meowscarada|Trick Room|p1a: Meowscarada\n|-fieldstart|move: Trick Room|[of] p1a: Meowscarada\n|\n|-weather|RainDance|[upkeep]\n|-damage|p1a: Meowscarada|28\/100 psn|[from] psn\n|upkeep\n|turn|2\n|\n|t:|1681807326\n|move|p1b: Kingambit|Tera Blast|p2a: Barraskewda\n|-damage|p2a: Barraskewda|0 fnt\n|faint|p2a: Barraskewda\n|move|p2b: Pelipper|Hurricane|p1b: Kingambit\n|-damage|p1b: Kingambit|76\/100\n|move|p1a: Meowscarada|Knock Off|p2b: Pelipper\n|-damage|p2b: Pelipper|72\/100\n|-enditem|p2b: Pelipper|Charti Berry|[from] move: Knock Off|[of] p1a: Meowscarada\n|\n|-weather|RainDance|[upkeep]\n|-damage|p1a: Meowscarada|16\/100 psn|[from] psn\n|upkeep\n|-enditem|p1a: Meowscarada|Figy Berry|[eat]\n|-heal|p1a: Meowscarada|50\/100 psn|[from] item: Figy Berry\n|\n|t:|1681807345\n|switch|p2a: Indeedee|Indeedee, L50, M|100\/100\n|-fieldstart|move: Psychic Terrain|[from] ability: Psychic Surge|[of] p2a: Indeedee\n|turn|3\n|\n|t:|1681807365\n|-terastallize|p2a: Indeedee|Grass\n|move|p1b: Kingambit|Tera Blast|p2b: Pelipper\n|-damage|p2b: Pelipper|38\/100\n|move|p2b: Pelipper|Hurricane|p1a: Meowscarada\n|-supereffective|p1a: Meowscarada\n|-damage|p1a: Meowscarada|0 fnt\n|faint|p1a: Meowscarada\n|move|p2a: Indeedee|Trick Room|p2a: Indeedee\n|-fieldend|move: Trick Room\n|\n|-weather|RainDance|[upkeep]\n|upkeep\n|\n|t:|1681807380\n|switch|p1a: Iron Valiant|Iron Valiant, L50|100\/100\n|-enditem|p1a: Iron Valiant|Booster Energy\n|-activate|p1a: Iron Valiant|ability: Quark Drive|[fromitem]\n|-start|p1a: Iron Valiant|quarkdrivespe\n|turn|4\n|\n|t:|1681807402\n|move|p1a: Iron Valiant|Spirit Break|p2b: Pelipper\n|-damage|p2b: Pelipper|5\/100\n|-unboost|p2b: Pelipper|spa|1\n|move|p2a: Indeedee|Psychic|p1a: Iron Valiant\n|-supereffective|p1a: Iron Valiant\n|-damage|p1a: Iron Valiant|0 fnt\n|faint|p1a: Iron Valiant\n|-end|p1a: Iron Valiant|Quark Drive|[silent]\n|move|p2b: Pelipper|Hurricane|p1b: Kingambit\n|-damage|p1b: Kingambit|61\/100\n|-start|p1b: Kingambit|confusion\n|-activate|p1b: Kingambit|confusion\n|move|p1b: Kingambit|Tera Blast|p2a: Indeedee\n|-damage|p2a: Indeedee|0 fnt\n|faint|p2a: Indeedee\n|\n|-weather|RainDance|[upkeep]\n|upkeep\n|\n|t:|1681807421\n|switch|p1a: Toxapex|Toxapex, L50, F|100\/100\n|switch|p2a: Annihilape|Annihilape, L50, F|100\/100\n|turn|5\n|\n|t:|1681807448\n|move|p2a: Annihilape|Rage Fist|p1b: Kingambit\n|-damage|p1b: Kingambit|41\/100\n|move|p2b: Pelipper|Hydro Pump|p1b: Kingambit\n|-damage|p1b: Kingambit|14\/100\n|-end|p1b: Kingambit|confusion\n|move|p1b: Kingambit|Tera Blast|p2a: Annihilape\n|-supereffective|p2a: Annihilape\n|-damage|p2a: Annihilape|0 fnt\n|faint|p2a: Annihilape\n|move|p1a: Toxapex|Sludge Bomb|p2b: Pelipper\n|-damage|p2b: Pelipper|0 fnt\n|faint|p2b: Pelipper\n|\n|win|qzy1993\n|raw|qzy1993's rating: 1019 → 1064<\/strong> (+45 for winning)\n|raw|Coeli's rating: 1091 → 1063<\/strong> (-28 for losing)\n","uploadtime":1681807466,"views":12,"p1id":"qzy1993","p2id":"coeli","formatid":"gen9vgc2023regulationc","rating":1063,"private":0,"password":""}