{"id":"gen9vgc2023regulationc-1860606191","p1":"Ytterby","p2":"Girafferna","format":"[Gen 9] VGC 2023 Regulation C","log":"|j|\u2606Ytterby\n|j|\u2606Girafferna\n|t:|1683658439\n|gametype|doubles\n|player|p1|Ytterby|brycenman|1255\n|player|p2|Girafferna|265|1249\n|teamsize|p1|6\n|teamsize|p2|6\n|gen|9\n|tier|[Gen 9] VGC 2023 Regulation C\n|rated|\n|rule|Species Clause: Limit one of each Pok\u00e9mon\n|rule|Item Clause: Limit one of each item\n|clearpoke\n|poke|p1|Baxcalibur, L50, F|\n|poke|p1|Torkoal, L50, F|\n|poke|p1|Ting-Lu, L50|\n|poke|p1|Glimmora, L50, M|\n|poke|p1|Grimmsnarl, L50, M|\n|poke|p1|Flutter Mane, L50|\n|poke|p2|Talonflame, L50, M|\n|poke|p2|Farigiraf, L50, M|\n|poke|p2|Iron Hands, L50|\n|poke|p2|Gholdengo, L50|\n|poke|p2|Iron Bundle, L50|\n|poke|p2|Amoonguss, L50, M|\n|teampreview|4\nYtterby has agreed to open team sheets.\n|\n|t:|1683658519\n|start\n|switch|p1a: Big|Baxcalibur, L50, F|100\/100\n|switch|p1b: Ti|Torkoal, L50, F|100\/100\n|switch|p2a: Talonflame|Talonflame, L50, M|100\/100\n|switch|p2b: Gholdengo|Gholdengo, L50|100\/100\n|-weather|SunnyDay|[from] ability: Drought|[of] p1b: Ti\n|turn|1\n|inactive|Battle timer is ON: inactive players will automatically lose when time's up. (requested by Ytterby)\n|\n|t:|1683658538\n|-terastallize|p1a: Big|Fire\n|-terastallize|p2b: Gholdengo|Water\n|move|p2a: Talonflame|Tailwind|p2a: Talonflame\n|-sidestart|p2: Girafferna|move: Tailwind\n|move|p2b: Gholdengo|Nasty Plot|p2b: Gholdengo\n|-boost|p2b: Gholdengo|spa|2\n|move|p1a: Big|Tera Blast|p2b: Gholdengo\n|-resisted|p2b: Gholdengo\n|-damage|p2b: Gholdengo|70\/100\n|move|p1b: Ti|Lava Plume|p2a: Talonflame|[spread] p1a,p2a,p2b\n|-resisted|p1a: Big\n|-resisted|p2a: Talonflame\n|-resisted|p2b: Gholdengo\n|-crit|p2b: Gholdengo\n|-damage|p1a: Big|87\/100\n|-damage|p2a: Talonflame|87\/100\n|-damage|p2b: Gholdengo|54\/100\n|-status|p2b: Gholdengo|brn\n|-ability|p1a: Big|Thermal Exchange|boost\n|-boost|p1a: Big|atk|1\n|\n|-weather|SunnyDay|[upkeep]\n|-heal|p2b: Gholdengo|60\/100 brn|[from] item: Leftovers\n|-damage|p2b: Gholdengo|54\/100 brn|[from] brn\n|upkeep\n|turn|2\n|inactive|Ytterby has 30 seconds left.\n|inactive|Ytterby has 20 seconds left.\n|\n|t:|1683658577\n|move|p1a: Big|Protect|p1a: Big\n|-singleturn|p1a: Big|Protect\n|move|p2a: Talonflame|Brave Bird|p1a: Big\n|-activate|p1a: Big|move: Protect\n|move|p2b: Gholdengo|Shadow Ball|p1a: Big\n|-activate|p1a: Big|move: Protect\n|move|p1b: Ti|Fire Spin|p2b: Gholdengo\n|-resisted|p2b: Gholdengo\n|-damage|p2b: Gholdengo|47\/100 brn\n|-activate|p2b: Gholdengo|move: Fire Spin|[of] p1b: Ti\n|\n|-weather|SunnyDay|[upkeep]\n|-heal|p2b: Gholdengo|53\/100 brn|[from] item: Leftovers\n|-damage|p2b: Gholdengo|47\/100 brn|[from] brn\n|-damage|p2b: Gholdengo|35\/100 brn|[from] move: Fire Spin|[partiallytrapped]\n|upkeep\n|turn|3\n|\n|t:|1683658594\n|switch|p1a: tty|Ting-Lu, L50|100\/100\n|-ability|p1a: tty|Vessel of Ruin\n|move|p2a: Talonflame|Brave Bird|p1a: tty\n|-damage|p1a: tty|84\/100\n|-damage|p2a: Talonflame|79\/100|[from] Recoil\n|move|p2b: Gholdengo|Shadow Ball|p1a: tty\n|-resisted|p1a: tty\n|-damage|p1a: tty|70\/100\n|move|p1b: Ti|Overheat|p2b: Gholdengo\n|-resisted|p2b: Gholdengo\n|-damage|p2b: Gholdengo|19\/100 brn\n|-unboost|p1b: Ti|spa|2\n|-enditem|p1b: Ti|Eject Pack\n|\n|t:|1683658608\n|switch|p1b: Big|Baxcalibur, L50, F, tera:Fire|87\/100\n|\n|-weather|SunnyDay|[upkeep]\n|-heal|p2b: Gholdengo|25\/100 brn|[from] item: Leftovers\n|-damage|p2b: Gholdengo|19\/100 brn|[from] brn\n|-end|p2b: Gholdengo|Fire Spin|[partiallytrapped]|[silent]\n|upkeep\n|turn|4\n|inactive|Ytterby has 30 seconds left.\n|inactive|Ytterby has 20 seconds left.\n|\n|t:|1683658643\n|move|p1b: Big|Protect|p1b: Big\n|-singleturn|p1b: Big|Protect\n|move|p2a: Talonflame|Brave Bird|p1b: Big\n|-activate|p1b: Big|move: Protect\n|move|p2b: Gholdengo|Make It Rain|p1a: tty|[spread] p1a\n|-activate|p1b: Big|move: Protect\n|-damage|p1a: tty|41\/100\n|-unboost|p2b: Gholdengo|spa|1\n|move|p1a: tty|Payback|p2a: Talonflame\n|-damage|p2a: Talonflame|28\/100\n|\n|-weather|SunnyDay|[upkeep]\n|-heal|p2b: Gholdengo|25\/100 brn|[from] item: Leftovers\n|-damage|p2b: Gholdengo|19\/100 brn|[from] brn\n|-sideend|p2: Girafferna|move: Tailwind\n|upkeep\n|turn|5\n|inactive|Ytterby has 30 seconds left.\n|inactive|Ytterby has 20 seconds left.\n|\n|t:|1683658682\n|move|p2a: Talonflame|Tailwind|p2a: Talonflame\n|-sidestart|p2: Girafferna|move: Tailwind\n|move|p2b: Gholdengo|Shadow Ball|p1b: Big\n|-damage|p1b: Big|45\/100\n|move|p1b: Big|Tera Blast|p2a: Talonflame\n|-resisted|p2a: Talonflame\n|-damage|p2a: Talonflame|0 fnt\n|faint|p2a: Talonflame\n|move|p1a: tty|Stomping Tantrum|p2b: Gholdengo\n|-damage|p2b: Gholdengo|0 fnt\n|faint|p2b: Gholdengo\n|\n|-weather|none\n|upkeep\n|\n|t:|1683658691\n|switch|p2a: Iron Bundle|Iron Bundle, L50|100\/100\n|switch|p2b: Iron Hands|Iron Hands, L50|100\/100\n|turn|6\n|inactive|Ytterby has 30 seconds left.\n|\n|t:|1683658720\n|switch|p1b: Ti|Torkoal, L50, F|100\/100\n|-weather|SunnyDay|[from] ability: Drought|[of] p1b: Ti\n|move|p2a: Iron Bundle|Hydro Pump|p1b: Ti\n|-supereffective|p1b: Ti\n|-damage|p1b: Ti|56\/100\n|move|p2b: Iron Hands|Drain Punch|p1a: tty\n|-supereffective|p1a: tty\n|-damage|p1a: tty|4\/100\n|move|p1a: tty|Heavy Slam|p2a: Iron Bundle\n|-damage|p2a: Iron Bundle|65\/100\n|\n|-weather|SunnyDay|[upkeep]\n|upkeep\n|turn|7\n|inactive|Ytterby has 30 seconds left.\n|inactive|Girafferna has 30 seconds left.\n|\n|t:|1683658748\n|switch|p1a: Friend|Flutter Mane, L50|100\/100\n|-activate|p1a: Friend|ability: Protosynthesis\n|-start|p1a: Friend|protosynthesisspa\n|move|p2a: Iron Bundle|Hydro Pump|p1b: Ti|[miss]\n|-miss|p2a: Iron Bundle|p1b: Ti\n|move|p2b: Iron Hands|Drain Punch|p1b: Ti\n|-crit|p1b: Ti\n|-damage|p1b: Ti|19\/100\n|move|p1b: Ti|Overheat|p2a: Iron Bundle\n|-damage|p2a: Iron Bundle|0 fnt\n|-unboost|p1b: Ti|spa|2\n|faint|p2a: Iron Bundle\n|-end|p2a: Iron Bundle|Quark Drive|[silent]\n|\n|-weather|SunnyDay|[upkeep]\n|upkeep\n|turn|8\n|-message|Girafferna forfeited.\n|\n|win|Ytterby\n|raw|Ytterby's rating: 1255 → 1280<\/strong> (+25 for winning)\n|raw|Girafferna's rating: 1249 → 1224<\/strong> (-25 for losing)\n|l|\u2606Girafferna\n","uploadtime":1683658765,"views":18,"p1id":"ytterby","p2id":"girafferna","formatid":"gen9vgc2023regulationc","rating":1224,"private":0,"password":""}