{"id":"gen9vgc2023regulationc-1846982512","p1":"Pierre113","p2":"sneedchungus69","format":"[Gen 9] VGC 2023 Regulation C","log":"|j|\u2606Pierre113\n|j|\u2606sneedchungus69\n|t:|1681908730\n|gametype|doubles\n|player|p1|Pierre113|palmer|1455\n|player|p2|sneedchungus69|scientistf|1466\n|teamsize|p1|6\n|teamsize|p2|6\n|gen|9\n|tier|[Gen 9] VGC 2023 Regulation C\n|rated|\n|rule|Species Clause: Limit one of each Pok\u00e9mon\n|rule|Item Clause: Limit one of each item\n|clearpoke\n|poke|p1|Flutter Mane, L50|\n|poke|p1|Amoonguss, L50, F|\n|poke|p1|Chi-Yu, L50|\n|poke|p1|Gyarados, L50, M|\n|poke|p1|Iron Hands, L50|\n|poke|p1|Gholdengo, L50|\n|poke|p2|Iron Bundle, L50|\n|poke|p2|Gholdengo, L50|\n|poke|p2|Annihilape, L50, F|\n|poke|p2|Maushold, L50|\n|poke|p2|Kingambit, L50, M|\n|poke|p2|Chi-Yu, L50|\n|teampreview|4\nPierre113 has agreed to open team sheets.\nsneedchungus69 has agreed to open team sheets.\n|\n|t:|1681908825\n|start\n|switch|p1a: Flutter Mane|Flutter Mane, L50|100\/100\n|switch|p1b: Chi-Yu|Chi-Yu, L50|100\/100\n|switch|p2a: Kingambit|Kingambit, L50, M|100\/100\n|switch|p2b: Iron Bundle|Iron Bundle, L50|100\/100\n|-ability|p1b: Chi-Yu|Beads of Ruin\n|-enditem|p2b: Iron Bundle|Booster Energy\n|-activate|p2b: Iron Bundle|ability: Quark Drive|[fromitem]\n|-start|p2b: Iron Bundle|quarkdrivespe\n|-enditem|p1a: Flutter Mane|Booster Energy\n|-activate|p1a: Flutter Mane|ability: Protosynthesis|[fromitem]\n|-start|p1a: Flutter Mane|protosynthesisspa\n|turn|1\n|\n|t:|1681908895\n|switch|p1b: Iron Hands|Iron Hands, L50|100\/100\n|-terastallize|p2a: Kingambit|Flying\n|move|p2b: Iron Bundle|Protect|p2b: Iron Bundle\n|-singleturn|p2b: Iron Bundle|Protect\n|move|p1a: Flutter Mane|Protect|p1a: Flutter Mane\n|-singleturn|p1a: Flutter Mane|Protect\n|move|p2a: Kingambit|Tera Blast|p1b: Iron Hands\n|-damage|p1b: Iron Hands|69\/100\n|\n|upkeep\n|turn|2\n|\n|t:|1681908930\n|move|p1b: Iron Hands|Fake Out|p2a: Kingambit\n|-damage|p2a: Kingambit|89\/100\n|move|p2b: Iron Bundle|Hydro Pump|p1b: Iron Hands\n|-crit|p1b: Iron Hands\n|-damage|p1b: Iron Hands|24\/100\n|move|p1a: Flutter Mane|Moonblast|p2b: Iron Bundle\n|-damage|p2b: Iron Bundle|0 fnt\n|faint|p2b: Iron Bundle\n|-end|p2b: Iron Bundle|Quark Drive|[silent]\n|cant|p2a: Kingambit|flinch\n|\n|upkeep\n|\n|t:|1681908938\n|switch|p2b: Chi-Yu|Chi-Yu, L50|100\/100\n|-ability|p2b: Chi-Yu|Beads of Ruin\n|turn|3\n|\n|t:|1681908954\n|move|p1a: Flutter Mane|Protect|p1a: Flutter Mane\n|-singleturn|p1a: Flutter Mane|Protect\n|move|p2a: Kingambit|Sucker Punch||[still]\n|-fail|p2a: Kingambit\n|move|p2b: Chi-Yu|Heat Wave|p1b: Iron Hands|[spread] p1b\n|-activate|p1a: Flutter Mane|move: Protect\n|-damage|p1b: Iron Hands|0 fnt\n|faint|p1b: Iron Hands\n|-end|p1b: Iron Hands|Quark Drive|[silent]\n|\n|upkeep\n|\n|t:|1681908970\n|switch|p1b: Chi-Yu|Chi-Yu, L50|100\/100\n|-ability|p1b: Chi-Yu|Beads of Ruin\n|turn|4\n|\n|t:|1681908997\n|-terastallize|p1a: Flutter Mane|Fairy\n|move|p2b: Chi-Yu|Heat Wave|p1a: Flutter Mane|[spread] p1a,p1b\n|-resisted|p1b: Chi-Yu\n|-damage|p1a: Flutter Mane|49\/100\n|-damage|p1b: Chi-Yu|79\/100\n|move|p1a: Flutter Mane|Dazzling Gleam|p2b: Chi-Yu|[spread] p2a,p2b\n|-damage|p2a: Kingambit|44\/100\n|-damage|p2b: Chi-Yu|38\/100\n|move|p1b: Chi-Yu|Heat Wave|p2a: Kingambit|[spread] p2a,p2b\n|-resisted|p2b: Chi-Yu\n|-damage|p2a: Kingambit|0 fnt\n|-damage|p2b: Chi-Yu|4\/100\n|faint|p2a: Kingambit\n|\n|upkeep\n|\n|t:|1681909006\n|switch|p2a: Annihilape|Annihilape, L50, F|100\/100\n|turn|5\n|\n|t:|1681909022\n|move|p1a: Flutter Mane|Protect|p1a: Flutter Mane\n|-singleturn|p1a: Flutter Mane|Protect\n|move|p2b: Chi-Yu|Heat Wave|p1b: Chi-Yu|[spread] \n|-activate|p1a: Flutter Mane|move: Protect\n|-miss|p2b: Chi-Yu|p1b: Chi-Yu\n|move|p1b: Chi-Yu|Heat Wave|p2b: Chi-Yu|[spread] p2b\n|-miss|p1b: Chi-Yu|p2a: Annihilape\n|-resisted|p2b: Chi-Yu\n|-damage|p2b: Chi-Yu|0 fnt\n|faint|p2b: Chi-Yu\n|move|p2a: Annihilape|Drain Punch|p1b: Chi-Yu\n|-supereffective|p1b: Chi-Yu\n|-damage|p1b: Chi-Yu|0 fnt\n|faint|p1b: Chi-Yu\n|\n|upkeep\n|-message|sneedchungus69 forfeited.\n|\n|win|Pierre113\n|raw|Pierre113's rating: 1455 → 1476<\/strong> (+21 for winning)\n|raw|sneedchungus69's rating: 1466 → 1445<\/strong> (-21 for losing)\n|l|\u2606sneedchungus69\n","uploadtime":1681909042,"views":5,"p1id":"pierre113","p2id":"sneedchungus69","formatid":"gen9vgc2023regulationc","rating":1445,"private":0,"password":""}