{"id":"gen9vgc2023regulationc-1852843319","p1":"ItsAvery3","p2":"XDarkened","format":"[Gen 9] VGC 2023 Regulation C","log":"|j|\u2606ItsAvery3\n|j|\u2606XDarkened\n|t:|1682610936\n|gametype|doubles\n|player|p1|ItsAvery3|veteranf|1094\n|player|p2|XDarkened|doubleteam|1179\n|teamsize|p1|6\n|teamsize|p2|6\n|gen|9\n|tier|[Gen 9] VGC 2023 Regulation C\n|rated|\n|rule|Species Clause: Limit one of each Pok\u00e9mon\n|rule|Item Clause: Limit one of each item\n|clearpoke\n|poke|p1|Quaquaval, L50, F|\n|poke|p1|Arcanine, L50, M|\n|poke|p1|Palafin, L50, M|\n|poke|p1|Glimmora, L50, F|\n|poke|p1|Iron Bundle, L50|\n|poke|p1|Flutter Mane, L50|\n|poke|p2|Flutter Mane, L50|\n|poke|p2|Annihilape, L50, F|\n|poke|p2|Gyarados, L50, M|\n|poke|p2|Rotom-Mow, L50|\n|poke|p2|Talonflame, L50, F|\n|poke|p2|Ting-Lu, L50|\n|teampreview|4\n|c|\u2606ItsAvery3|gl hf!\n|\n|t:|1682610974\n|start\n|switch|p1a: Quaquaval|Quaquaval, L50, F|100\/100\n|switch|p1b: Arcanine|Arcanine, L50, M|100\/100\n|switch|p2a: Rotom|Rotom-Mow, L50|100\/100\n|switch|p2b: Gyarados|Gyarados, L50, M|100\/100\n|-ability|p1b: Arcanine|Intimidate|boost\n|-unboost|p2a: Rotom|atk|1\n|-fail|p2b: Gyarados|unboost|[from] item: Clear Amulet|[of] p2b: Gyarados\n|-ability|p2b: Gyarados|Intimidate|boost\n|-unboost|p1a: Quaquaval|atk|1\n|-unboost|p1b: Arcanine|atk|1\n|turn|1\n|inactive|Battle timer is ON: inactive players will automatically lose when time's up. (requested by XDarkened)\n|\n|t:|1682611006\n|move|p1a: Quaquaval|Protect|p1a: Quaquaval\n|-singleturn|p1a: Quaquaval|Protect\n|move|p2a: Rotom|Will-O-Wisp|p1a: Quaquaval\n|-activate|p1a: Quaquaval|move: Protect\n|move|p1b: Arcanine|Will-O-Wisp|p2b: Gyarados|[miss]\n|-miss|p1b: Arcanine|p2b: Gyarados\n|move|p2b: Gyarados|Dragon Dance|p2b: Gyarados\n|-boost|p2b: Gyarados|atk|1\n|-boost|p2b: Gyarados|spe|1\n|\n|upkeep\n|turn|2\n|\n|t:|1682611023\n|-terastallize|p2b: Gyarados|Ground\n|-terastallize|p1a: Quaquaval|Fire\n|move|p2a: Rotom|Will-O-Wisp|p1a: Quaquaval\n|-immune|p1a: Quaquaval\n|move|p2b: Gyarados|Earthquake|p1a: Quaquaval|[spread] p1a,p1b\n|-immune|p2a: Rotom|[from] ability: Levitate\n|-supereffective|p1a: Quaquaval\n|-supereffective|p1b: Arcanine\n|-damage|p1a: Quaquaval|0 fnt\n|-damage|p1b: Arcanine|0 fnt\n|faint|p1a: Quaquaval\n|faint|p1b: Arcanine\n|\n|upkeep\n|c|\u2606ItsAvery3|OUCH\n|\n|t:|1682611039\n|switch|p1b: Flutter Mane|Flutter Mane, L50|100\/100\n|switch|p1a: Iron Bundle|Iron Bundle, L50|100\/100\n|-enditem|p1a: Iron Bundle|Booster Energy\n|-activate|p1a: Iron Bundle|ability: Quark Drive|[fromitem]\n|-start|p1a: Iron Bundle|quarkdrivespe\n|turn|3\n|c|\u2606XDarkened|That was tragic\n|inactive|ItsAvery3 has 30 seconds left.\n|\n|t:|1682611064\n|switch|p2a: Ting-Lu|Ting-Lu, L50|100\/100\n|-ability|p2a: Ting-Lu|Vessel of Ruin\n|move|p1a: Iron Bundle|Protect|p1a: Iron Bundle\n|-singleturn|p1a: Iron Bundle|Protect\n|move|p2b: Gyarados|Earthquake|p1a: Iron Bundle|[spread] p2a,p1b\n|-activate|p1a: Iron Bundle|move: Protect\n|-crit|p1b: Flutter Mane\n|-damage|p2a: Ting-Lu|70\/100\n|-damage|p1b: Flutter Mane|0 fnt\n|faint|p1b: Flutter Mane\n|-end|p1b: Flutter Mane|Protosynthesis|[silent]\n|\n|upkeep\n|turn|4\n|c|\u2606ItsAvery3|o.o\n|\n|t:|1682611089\n|move|p1a: Iron Bundle|Freeze-Dry|p2b: Gyarados\n|-supereffective|p2b: Gyarados\n|-damage|p2b: Gyarados|55\/100\n|move|p2b: Gyarados|Earthquake|p1a: Iron Bundle|[spread] p2a,p1a\n|-crit|p2a: Ting-Lu\n|-damage|p2a: Ting-Lu|22\/100\n|-damage|p1a: Iron Bundle|42\/100\n|move|p2a: Ting-Lu|Rock Slide|p1a: Iron Bundle|[miss]\n|-miss|p2a: Ting-Lu|p1a: Iron Bundle\n|\n|upkeep\n|turn|5\n|c|\u2606ItsAvery3|That's 252 HP 252 Def Mane so that crit might have actually mattered\n|inactive|XDarkened has 30 seconds left.\n|c|\u2606XDarkened|I\u2019m curious\n|c|\u2606XDarkened|i\u2019ll Calc it later\n|inactive|XDarkened has 20 seconds left.\n|\n|t:|1682611126\n|move|p1a: Iron Bundle|Hydro Pump|p2b: Gyarados|[miss]\n|-miss|p1a: Iron Bundle|p2b: Gyarados\n|move|p2b: Gyarados|Earthquake|p1a: Iron Bundle|[spread] p2a,p1a\n|-damage|p2a: Ting-Lu|0 fnt\n|-damage|p1a: Iron Bundle|0 fnt\n|faint|p2a: Ting-Lu\n|faint|p1a: Iron Bundle\n|-end|p1a: Iron Bundle|Quark Drive|[silent]\n|\n|win|XDarkened\n|raw|ItsAvery3's rating: 1094 → 1076<\/strong> (-18 for losing)\n|raw|XDarkened's rating: 1179 → 1198<\/strong> (+19 for winning)\n|c|\u2606XDarkened|probably not though\n|c|\u2606ItsAvery3|Very gg tho\n|c|\u2606ItsAvery3|I got unlucky but you also played super well :3\n|c|\u2606XDarkened|Thanks, ggs man\n|c|\u2606XDarkened|It kinda mattered, it\u2019s a 50% chance to KO\n|l|\u2606XDarkened\n","uploadtime":1682611421,"views":6,"p1id":"itsavery3","p2id":"xdarkened","formatid":"gen9vgc2023regulationc","rating":1076,"private":0,"password":""}