{"id":"gen9vgc2023regulationc-1845039502","p1":"dasdasdas","p2":"Stache_Official","format":"[Gen 9] VGC 2023 Regulation C","log":"|j|\u2606dasdasdas\n|j|\u2606Stache_Official\n|t:|1681676793\n|gametype|doubles\n|player|p1|dasdasdas|rocketgrunt|1093\n|player|p2|Stache_Official|170|1129\n|teamsize|p1|6\n|teamsize|p2|6\n|gen|9\n|tier|[Gen 9] VGC 2023 Regulation C\n|rated|\n|rule|Species Clause: Limit one of each Pok\u00e9mon\n|rule|Item Clause: Limit one of each item\n|clearpoke\n|poke|p1|Flutter Mane, L50|\n|poke|p1|Dragapult, L50, M|\n|poke|p1|Talonflame, L50, F|\n|poke|p1|Ting-Lu, L50|\n|poke|p1|Palafin, L50, F|\n|poke|p1|Amoonguss, L50, F|\n|poke|p2|Garganacl, L50, M|\n|poke|p2|Arcanine, L50, F|\n|poke|p2|Grimmsnarl, L50, M|\n|poke|p2|Wo-Chien, L50|\n|poke|p2|Gastrodon, L50, F|\n|poke|p2|Annihilape, L50, F|\n|teampreview|4\n|inactive|Battle timer is ON: inactive players will automatically lose when time's up. (requested by dasdasdas)\n|\n|t:|1681676823\n|start\n|switch|p1a: Flutter Mane|Flutter Mane, L50|100\/100\n|switch|p1b: Amoonguss|Amoonguss, L50, F|100\/100\n|switch|p2a: Garganacl|Garganacl, L50, M|100\/100\n|switch|p2b: Grimmsnarl|Grimmsnarl, L50, M|100\/100\n|turn|1\n|inactive|Stache_Official has 30 seconds left.\n|\n|t:|1681676853\n|move|p2b: Grimmsnarl|Light Screen|p2b: Grimmsnarl\n|-sidestart|p2: Stache_Official|move: Light Screen\n|move|p1a: Flutter Mane|Moonblast|p2b: Grimmsnarl\n|-supereffective|p2b: Grimmsnarl\n|-damage|p2b: Grimmsnarl|15\/100\n|-damage|p1a: Flutter Mane|91\/100|[from] item: Life Orb\n|move|p2a: Garganacl|Salt Cure|p1a: Flutter Mane\n|-damage|p1a: Flutter Mane|68\/100\n|-start|p1a: Flutter Mane|Salt Cure\n|move|p1b: Amoonguss|Spore|p2b: Grimmsnarl\n|-status|p2b: Grimmsnarl|slp|[from] move: Spore\n|\n|-damage|p1a: Flutter Mane|55\/100|[from] Salt Cure\n|upkeep\n|turn|2\n|\n|t:|1681676872\n|switch|p2b: Arcanine|Arcanine, L50, F|100\/100\n|-ability|p2b: Arcanine|Intimidate|boost\n|-unboost|p1a: Flutter Mane|atk|1\n|-unboost|p1b: Amoonguss|atk|1\n|move|p1a: Flutter Mane|Moonblast|p2a: Garganacl\n|-damage|p2a: Garganacl|69\/100\n|-damage|p1a: Flutter Mane|46\/100|[from] item: Life Orb\n|move|p2a: Garganacl|Salt Cure|p1b: Amoonguss\n|-damage|p1b: Amoonguss|85\/100\n|-start|p1b: Amoonguss|Salt Cure\n|move|p1b: Amoonguss|Pollen Puff|p1a: Flutter Mane\n|-heal|p1a: Flutter Mane|96\/100\n|\n|-damage|p1a: Flutter Mane|83\/100|[from] Salt Cure\n|-damage|p1b: Amoonguss|73\/100|[from] Salt Cure\n|upkeep\n|turn|3\n|\n|t:|1681676893\n|-end|p1a: Flutter Mane|Protosynthesis|[silent]\n|switch|p1a: Dragapult|Dragapult, L50, M|100\/100\n|switch|p1b: Talonflame|Talonflame, L50, F|100\/100\n|move|p2b: Arcanine|Snarl|p1b: Talonflame|[spread] p1a,p1b\n|-supereffective|p1a: Dragapult\n|-damage|p1a: Dragapult|78\/100\n|-damage|p1b: Talonflame|89\/100\n|move|p2a: Garganacl|Recover|p2a: Garganacl\n|-heal|p2a: Garganacl|100\/100\n|\n|upkeep\n|turn|4\n|\n|t:|1681676915\n|switch|p2b: Grimmsnarl|Grimmsnarl, L50, M|15\/100 slp\n|move|p1a: Dragapult|Dragon Darts|p2a: Garganacl\n|-damage|p2a: Garganacl|75\/100\n|-anim|p1a: Dragapult|Dragon Darts|p2a: Garganacl\n|-damage|p2a: Garganacl|48\/100\n|move|p1b: Talonflame|Taunt|p2a: Garganacl\n|-start|p2a: Garganacl|move: Taunt\n|move|p2a: Garganacl|Salt Cure|p1b: Talonflame\n|-supereffective|p1b: Talonflame\n|-damage|p1b: Talonflame|0 fnt\n|faint|p1b: Talonflame\n|\n|upkeep\n|\n|t:|1681676928\n|switch|p1b: Flutter Mane|Flutter Mane, L50|83\/100\n|turn|5\n|\n|t:|1681676951\n|switch|p2a: Arcanine|Arcanine, L50, F|100\/100\n|-ability|p2a: Arcanine|Intimidate|boost\n|-fail|p1a: Dragapult|unboost|[from] ability: Clear Body|[of] p1a: Dragapult\n|-unboost|p1b: Flutter Mane|atk|1\n|cant|p2b: Grimmsnarl|slp\n|move|p1a: Dragapult|Dragon Darts|p2a: Arcanine\n|-damage|p2a: Arcanine|64\/100\n|-anim|p1a: Dragapult|Dragon Darts|p2a: Arcanine\n|-damage|p2a: Arcanine|26\/100\n|-enditem|p2a: Arcanine|Sitrus Berry|[eat]\n|-heal|p2a: Arcanine|50\/100|[from] item: Sitrus Berry\n|move|p1b: Flutter Mane|Shadow Ball|p2a: Arcanine\n|-damage|p2a: Arcanine|17\/100\n|-unboost|p2a: Arcanine|spd|1\n|-damage|p1b: Flutter Mane|73\/100|[from] item: Life Orb\n|\n|upkeep\n|turn|6\n|\n|t:|1681676970\n|-terastallize|p1b: Flutter Mane|Fairy\n|move|p2a: Arcanine|Protect|p2a: Arcanine\n|-singleturn|p2a: Arcanine|Protect\n|cant|p2b: Grimmsnarl|slp\n|move|p1a: Dragapult|Dragon Darts|p2a: Arcanine\n|-immune|p2b: Grimmsnarl\n|move|p1b: Flutter Mane|Dazzling Gleam|p2b: Grimmsnarl|[spread] p2b\n|-activate|p2a: Arcanine|move: Protect\n|-supereffective|p2b: Grimmsnarl\n|-damage|p2b: Grimmsnarl|0 fnt\n|faint|p2b: Grimmsnarl\n|-damage|p1b: Flutter Mane|63\/100|[from] item: Life Orb\n|\n|upkeep\n|\n|t:|1681676980\n|switch|p2b: Wo-Chien|Wo-Chien, L50|100\/100\n|-ability|p2b: Wo-Chien|Tablets of Ruin\n|turn|7\n|\n|t:|1681676992\n|-end|p1b: Flutter Mane|Protosynthesis|[silent]\n|switch|p1b: Amoonguss|Amoonguss, L50, F|100\/100\n|-terastallize|p2b: Wo-Chien|Poison\n|move|p1a: Dragapult|Dragon Darts|p2a: Arcanine\n|-damage|p2a: Arcanine|0 fnt\n|-anim|p1a: Dragapult|Dragon Darts|p2b: Wo-Chien\n|-damage|p2b: Wo-Chien|79\/100\n|faint|p2a: Arcanine\n|move|p2b: Wo-Chien|Leech Seed|p1b: Amoonguss\n|-immune|p1b: Amoonguss\n|\n|-heal|p2b: Wo-Chien|86\/100|[from] item: Leftovers\n|upkeep\n|\n|t:|1681676995\n|switch|p2a: Garganacl|Garganacl, L50, M|48\/100\n|turn|8\n|\n|t:|1681677018\n|move|p1a: Dragapult|Dragon Darts|p2a: Garganacl\n|-damage|p2a: Garganacl|31\/100\n|-anim|p1a: Dragapult|Dragon Darts|p2b: Wo-Chien\n|-damage|p2b: Wo-Chien|61\/100\n|move|p2b: Wo-Chien|Ruination|p1b: Amoonguss\n|-damage|p1b: Amoonguss|51\/100\n|move|p2a: Garganacl|Recover|p2a: Garganacl\n|-heal|p2a: Garganacl|81\/100\n|move|p1b: Amoonguss|Spore|p2b: Wo-Chien\n|-status|p2b: Wo-Chien|slp|[from] move: Spore\n|\n|-heal|p2b: Wo-Chien|68\/100 slp|[from] item: Leftovers\n|-sideend|p2: Stache_Official|move: Light Screen\n|upkeep\n|turn|9\n|inactive|dasdasdas has 30 seconds left.\n|\n|t:|1681677045\n|switch|p1a: Flutter Mane|Flutter Mane, L50, tera:Fairy|63\/100\n|move|p1b: Amoonguss|Protect|p1b: Amoonguss\n|-singleturn|p1b: Amoonguss|Protect\n|cant|p2b: Wo-Chien|slp\n|move|p2a: Garganacl|Salt Cure|p1a: Flutter Mane\n|-damage|p1a: Flutter Mane|45\/100\n|-start|p1a: Flutter Mane|Salt Cure\n|\n|-heal|p2b: Wo-Chien|74\/100 slp|[from] item: Leftovers\n|-damage|p1a: Flutter Mane|33\/100|[from] Salt Cure\n|upkeep\n|turn|10\n|\n|t:|1681677062\n|move|p1a: Flutter Mane|Shadow Ball|p2b: Wo-Chien\n|-damage|p2b: Wo-Chien|32\/100 slp\n|-damage|p1a: Flutter Mane|23\/100|[from] item: Life Orb\n|cant|p2b: Wo-Chien|slp\n|move|p2a: Garganacl|Recover|p2a: Garganacl\n|-heal|p2a: Garganacl|100\/100\n|move|p1b: Amoonguss|Pollen Puff|p1a: Flutter Mane\n|-heal|p1a: Flutter Mane|73\/100\n|\n|-heal|p2b: Wo-Chien|38\/100 slp|[from] item: Leftovers\n|-damage|p1a: Flutter Mane|60\/100|[from] Salt Cure\n|upkeep\n|turn|11\n|\n|t:|1681677081\n|switch|p1b: Dragapult|Dragapult, L50, M|78\/100\n|-curestatus|p2b: Wo-Chien|slp|[msg]\n|move|p2b: Wo-Chien|Protect|p2b: Wo-Chien\n|-singleturn|p2b: Wo-Chien|Protect\n|move|p1a: Flutter Mane|Shadow Ball|p2b: Wo-Chien\n|-activate|p2b: Wo-Chien|move: Protect\n|move|p2a: Garganacl|Salt Cure|p1b: Dragapult\n|-damage|p1b: Dragapult|60\/100\n|-start|p1b: Dragapult|Salt Cure\n|\n|-heal|p2b: Wo-Chien|44\/100|[from] item: Leftovers\n|-damage|p1b: Dragapult|48\/100|[from] Salt Cure\n|-damage|p1a: Flutter Mane|48\/100|[from] Salt Cure\n|upkeep\n|turn|12\n|\n|t:|1681677103\n|move|p1b: Dragapult|U-turn|p2b: Wo-Chien\n|-resisted|p2b: Wo-Chien\n|-damage|p2b: Wo-Chien|34\/100\n|c|\u2606dasdasdas|ur team is fucking bullshit\n|\n|t:|1681677106\n|switch|p1b: Amoonguss|Amoonguss, L50, F|84\/100|[from] U-turn\n|move|p1a: Flutter Mane|Shadow Ball|p2b: Wo-Chien\n|-damage|p2b: Wo-Chien|0 fnt\n|faint|p2b: Wo-Chien\n|-damage|p1a: Flutter Mane|38\/100|[from] item: Life Orb\n|move|p2a: Garganacl|Stomping Tantrum|p1a: Flutter Mane\n|-damage|p1a: Flutter Mane|13\/100\n|\n|-damage|p1a: Flutter Mane|0 fnt|[from] Salt Cure\n|faint|p1a: Flutter Mane\n|-end|p1a: Flutter Mane|Protosynthesis|[silent]\n|upkeep\n|\n|t:|1681677118\n|switch|p1a: Dragapult|Dragapult, L50, M|48\/100\n|turn|13\n|\n|t:|1681677139\n|move|p1b: Amoonguss|Protect|p1b: Amoonguss\n|-singleturn|p1b: Amoonguss|Protect\n|move|p1a: Dragapult|Phantom Force||[still]\n|-prepare|p1a: Dragapult|Phantom Force\n|move|p2a: Garganacl|Salt Cure|p1a: Dragapult|[miss]\n|-miss|p2a: Garganacl|p1a: Dragapult\n|\n|upkeep\n|turn|14\n|\n|t:|1681677147\n|move|p1a: Dragapult|Phantom Force|p2a: Garganacl|[from]lockedmove\n|-damage|p2a: Garganacl|77\/100\n|move|p2a: Garganacl|Recover|p2a: Garganacl\n|-heal|p2a: Garganacl|100\/100\n|move|p1b: Amoonguss|Pollen Puff|p1a: Dragapult\n|-heal|p1a: Dragapult|98\/100\n|\n|upkeep\n|turn|15\n|-message|dasdasdas forfeited.\n|\n|win|Stache_Official\n|raw|dasdasdas's rating: 1093 → 1072<\/strong> (-21 for losing)\n|raw|Stache_Official's rating: 1129 → 1151<\/strong> (+22 for winning)\n","uploadtime":1681677106,"views":6,"p1id":"dasdasdas","p2id":"stacheofficial","formatid":"gen9vgc2023regulationc","rating":1072,"private":0,"password":""}