{"id":"gen9vgc2023regulationc-1859064258","p1":"NeiloFORGET","p2":"Mattias foster","format":"[Gen 9] VGC 2023 Regulation C","log":"|j|\u2606NeiloFORGET\n|j|\u2606Mattias foster\n|t:|1683400206\n|gametype|doubles\n|player|p1|NeiloFORGET|265|1040\n|player|p2|Mattias foster|265|1058\n|teamsize|p1|6\n|teamsize|p2|6\n|gen|9\n|tier|[Gen 9] VGC 2023 Regulation C\n|rated|\n|rule|Species Clause: Limit one of each Pok\u00e9mon\n|rule|Item Clause: Limit one of each item\n|clearpoke\n|poke|p1|Lilligant, L50, F|\n|poke|p1|Torkoal, L50, F|\n|poke|p1|Flutter Mane, L50|\n|poke|p1|Kingambit, L50, F|\n|poke|p1|Dragonite, L50, F|\n|poke|p1|Great Tusk, L50|\n|poke|p2|Dragapult, L50, M|\n|poke|p2|Meowscarada, L50, F|\n|poke|p2|Talonflame, L50, M|\n|poke|p2|Gholdengo, L50|\n|poke|p2|Bisharp, L50, F|\n|poke|p2|Maushold-Four, L50|\n|teampreview|4\n|inactive|Battle timer is ON: inactive players will automatically lose when time's up. (requested by NeiloFORGET)\n|\n|t:|1683400223\n|start\n|switch|p1a: TT|Lilligant, L50, F, shiny|100\/100\n|switch|p1b: Breakthrough|Torkoal, L50, F, shiny|100\/100\n|switch|p2a: Talonflame|Talonflame, L50, M, shiny|100\/100\n|switch|p2b: Maushold|Maushold-Four, L50|100\/100\n|-weather|SunnyDay|[from] ability: Drought|[of] p1b: Breakthrough\n|turn|1\n|\n|t:|1683400233\n|-terastallize|p1b: Breakthrough|Fire\n|move|p2a: Talonflame|Brave Bird|p1a: TT\n|-supereffective|p1a: TT\n|-enditem|p1a: TT|Focus Sash\n|-damage|p1a: TT|1\/100\n|-damage|p2a: Talonflame|69\/100|[from] Recoil\n|move|p1a: TT|After You|p1b: Breakthrough\n|-activate|p1b: Breakthrough|move: After You\n|move|p1b: Breakthrough|Eruption|p2a: Talonflame|[spread] p2a,p2b\n|-resisted|p2a: Talonflame\n|-damage|p2a: Talonflame|0 fnt\n|-enditem|p2b: Maushold|Focus Sash\n|-damage|p2b: Maushold|1\/100\n|faint|p2a: Talonflame\n|move|p2b: Maushold|Super Fang|p1b: Breakthrough\n|-damage|p1b: Breakthrough|51\/100\n|\n|-weather|SunnyDay|[upkeep]\n|upkeep\n|\n|t:|1683400253\n|switch|p2a: Meowscarada|Meowscarada, L50, F, shiny|100\/100\n|turn|2\n|\n|t:|1683400260\n|move|p1b: Breakthrough|Protect|p1b: Breakthrough\n|-singleturn|p1b: Breakthrough|Protect\n|move|p1a: TT|Sleep Powder|p2b: Maushold\n|-status|p2b: Maushold|slp|[from] move: Sleep Powder\n|move|p2a: Meowscarada|Knock Off|p1a: TT\n|-damage|p1a: TT|0 fnt\n|faint|p1a: TT\n|cant|p2b: Maushold|slp\n|\n|-weather|SunnyDay|[upkeep]\n|upkeep\n|\n|t:|1683400266\n|switch|p1a: FANCY|Flutter Mane, L50, shiny|100\/100\n|-activate|p1a: FANCY|ability: Protosynthesis\n|-start|p1a: FANCY|protosynthesisspa\n|turn|3\n|\n|t:|1683400276\n|switch|p1b: Trouble|Great Tusk, L50, shiny|100\/100\n|-activate|p1b: Trouble|ability: Protosynthesis\n|-start|p1b: Trouble|protosynthesisatk\n|move|p2a: Meowscarada|Knock Off|p1a: FANCY\n|-damage|p1a: FANCY|0 fnt\n|-enditem|p1a: FANCY|Choice Specs|[from] move: Knock Off|[of] p2a: Meowscarada\n|faint|p1a: FANCY\n|-end|p1a: FANCY|Protosynthesis|[silent]\n|cant|p2b: Maushold|slp\n|\n|-weather|SunnyDay|[upkeep]\n|upkeep\n|\n|t:|1683400285\n|switch|p1a: Breakthrough|Torkoal, L50, F, shiny, tera:Fire|51\/100\n|turn|4\n|\n|t:|1683400293\n|move|p1b: Trouble|Close Combat|p2a: Meowscarada\n|-supereffective|p2a: Meowscarada\n|-damage|p2a: Meowscarada|0 fnt\n|-unboost|p1b: Trouble|def|1\n|-unboost|p1b: Trouble|spd|1\n|faint|p2a: Meowscarada\n|-curestatus|p2b: Maushold|slp|[msg]\n|move|p2b: Maushold|Super Fang|p1b: Trouble\n|-damage|p1b: Trouble|50\/100\n|move|p1a: Breakthrough|Eruption|p2b: Maushold\n|-crit|p2b: Maushold\n|-damage|p2b: Maushold|0 fnt\n|faint|p2b: Maushold\n|\n|-weather|SunnyDay|[upkeep]\n|upkeep\n|\n|t:|1683400310\n|switch|p2a: Gholdengo|Gholdengo, L50|100\/100\n|-item|p2a: Gholdengo|Air Balloon\n|turn|5\n|\n|t:|1683400316\n|move|p1b: Trouble|Close Combat|p2a: Gholdengo\n|-immune|p2a: Gholdengo\n|move|p2a: Gholdengo|Make It Rain|p1b: Trouble|[spread] p1a,p1b\n|-resisted|p1a: Breakthrough\n|-damage|p1a: Breakthrough|16\/100\n|-damage|p1b: Trouble|0 fnt\n|-unboost|p2a: Gholdengo|spa|1\n|faint|p1b: Trouble\n|-end|p1b: Trouble|Protosynthesis|[silent]\n|move|p1a: Breakthrough|Flamethrower|p2a: Gholdengo\n|-supereffective|p2a: Gholdengo\n|-damage|p2a: Gholdengo|0 fnt\n|-enditem|p2a: Gholdengo|Air Balloon\n|faint|p2a: Gholdengo\n|\n|win|NeiloFORGET\n|raw|NeiloFORGET's rating: 1040 → 1076<\/strong> (+36 for winning)\n|raw|Mattias foster's rating: 1058 → 1038<\/strong> (-20 for losing)\n","uploadtime":1683400333,"views":16,"p1id":"neiloforget","p2id":"mattiasfoster","formatid":"gen9vgc2023regulationc","rating":1038,"private":0,"password":""}