{"id":"gen9vgc2023regulationc-1862151428","p1":"czarVGC","p2":"Arcacagne","format":"[Gen 9] VGC 2023 Regulation C","log":"|j|\u2606czarVGC\n|j|\u2606Arcacagne\n|t:|1683842544\n|gametype|doubles\n|player|p1|czarVGC|li|1192\n|player|p2|Arcacagne|102|1280\n|teamsize|p1|6\n|teamsize|p2|6\n|gen|9\n|tier|[Gen 9] VGC 2023 Regulation C\n|rated|\n|rule|Species Clause: Limit one of each Pok\u00e9mon\n|rule|Item Clause: Limit one of each item\n|clearpoke\n|poke|p1|Klefki, L50, M|\n|poke|p1|Sandy Shocks, L50|\n|poke|p1|Great Tusk, L50|\n|poke|p1|Iron Bundle, L50|\n|poke|p1|Torkoal, L50, F|\n|poke|p1|Wo-Chien, L50|\n|poke|p2|Ting-Lu, L50|\n|poke|p2|Flutter Mane, L50|\n|poke|p2|Amoonguss, L50, F|\n|poke|p2|Palafin, L50, M|\n|poke|p2|Kingambit, L50, M|\n|poke|p2|Tauros-Paldea-Blaze, L50, M|\n|teampreview|4\n|\n|t:|1683842602\n|start\n|switch|p1a: Klefki|Klefki, L50, M|100\/100\n|switch|p1b: Sandy Shocks|Sandy Shocks, L50|100\/100\n|switch|p2a: Kingambit|Kingambit, L50, M|100\/100\n|switch|p2b: Tauros|Tauros-Paldea-Blaze, L50, M|100\/100\n|-ability|p2b: Tauros|Intimidate|boost\n|-unboost|p1a: Klefki|atk|1\n|-unboost|p1b: Sandy Shocks|atk|1\n|turn|1\n|\n|t:|1683842623\n|switch|p2a: Ting-Lu|Ting-Lu, L50|100\/100\n|-ability|p2a: Ting-Lu|Vessel of Ruin\n|move|p1a: Klefki|Thunder Wave|p2b: Tauros\n|-status|p2b: Tauros|par\n|move|p1b: Sandy Shocks|Earth Power|p2a: Ting-Lu\n|-damage|p2a: Ting-Lu|83\/100\n|cant|p2b: Tauros|par\n|\n|upkeep\n|turn|2\n|\n|t:|1683842651\n|move|p1a: Klefki|Reflect|p1a: Klefki\n|-sidestart|p1: czarVGC|Reflect\n|move|p1b: Sandy Shocks|Earth Power|p2b: Tauros\n|-supereffective|p2b: Tauros\n|-damage|p2b: Tauros|24\/100 par\n|move|p2a: Ting-Lu|Sand Tomb|p1b: Sandy Shocks\n|-supereffective|p1b: Sandy Shocks\n|-crit|p1b: Sandy Shocks\n|-damage|p1b: Sandy Shocks|43\/100\n|-activate|p1b: Sandy Shocks|move: Sand Tomb|[of] p2a: Ting-Lu\n|move|p2b: Tauros|Raging Bull|p1a: Klefki\n|-sideend|p1: czarVGC|Reflect\n|-supereffective|p1a: Klefki\n|-damage|p1a: Klefki|24\/100\n|\n|-damage|p1b: Sandy Shocks|30\/100|[from] move: Sand Tomb|[partiallytrapped]\n|upkeep\n|turn|3\n|\n|t:|1683842673\n|move|p2b: Tauros|Protect|p2b: Tauros\n|-singleturn|p2b: Tauros|Protect\n|move|p1a: Klefki|Reflect|p1a: Klefki\n|-sidestart|p1: czarVGC|Reflect\n|move|p1b: Sandy Shocks|Earth Power|p2b: Tauros\n|-activate|p2b: Tauros|move: Protect\n|move|p2a: Ting-Lu|Sand Tomb|p1a: Klefki\n|-supereffective|p1a: Klefki\n|-damage|p1a: Klefki|0 fnt\n|faint|p1a: Klefki\n|\n|-damage|p1b: Sandy Shocks|18\/100|[from] move: Sand Tomb|[partiallytrapped]\n|upkeep\n|\n|t:|1683842678\n|switch|p1a: Wo-Chien|Wo-Chien, L50|100\/100\n|-ability|p1a: Wo-Chien|Tablets of Ruin\n|turn|4\n|\n|t:|1683842703\n|switch|p2b: Kingambit|Kingambit, L50, M|100\/100\n|move|p1a: Wo-Chien|Protect|p1a: Wo-Chien\n|-singleturn|p1a: Wo-Chien|Protect\n|move|p1b: Sandy Shocks|Earth Power|p2b: Kingambit\n|-supereffective|p2b: Kingambit\n|-damage|p2b: Kingambit|36\/100\n|move|p2a: Ting-Lu|Sand Tomb|p1a: Wo-Chien\n|-activate|p1a: Wo-Chien|move: Protect\n|\n|-damage|p1b: Sandy Shocks|6\/100|[from] move: Sand Tomb|[partiallytrapped]\n|upkeep\n|turn|5\n|\n|t:|1683842728\n|move|p2b: Kingambit|Sucker Punch|p1b: Sandy Shocks\n|-damage|p1b: Sandy Shocks|0 fnt\n|faint|p1b: Sandy Shocks\n|-end|p1b: Sandy Shocks|Protosynthesis|[silent]\n|move|p1a: Wo-Chien|Giga Drain|p2a: Ting-Lu\n|-supereffective|p2a: Ting-Lu\n|-damage|p2a: Ting-Lu|60\/100\n|move|p2a: Ting-Lu|Sand Tomb|p1a: Wo-Chien\n|-resisted|p1a: Wo-Chien\n|-damage|p1a: Wo-Chien|97\/100\n|-activate|p1a: Wo-Chien|move: Sand Tomb|[of] p2a: Ting-Lu\n|\n|-heal|p1a: Wo-Chien|100\/100|[from] item: Leftovers\n|-damage|p1a: Wo-Chien|88\/100|[from] move: Sand Tomb|[partiallytrapped]\n|upkeep\n|\n|t:|1683842732\n|switch|p1b: Torkoal|Torkoal, L50, F|100\/100\n|-weather|SunnyDay|[from] ability: Drought|[of] p1b: Torkoal\n|turn|6\n|\n|t:|1683842759\n|move|p1a: Wo-Chien|Growth|p1a: Wo-Chien\n|-boost|p1a: Wo-Chien|atk|2\n|-boost|p1a: Wo-Chien|spa|2\n|move|p2b: Kingambit|Kowtow Cleave|p1b: Torkoal\n|-damage|p1b: Torkoal|84\/100\n|move|p2a: Ting-Lu|Sand Tomb|p1b: Torkoal|[miss]\n|-miss|p2a: Ting-Lu|p1b: Torkoal\n|move|p1b: Torkoal|Earth Power|p2b: Kingambit\n|-supereffective|p2b: Kingambit\n|-damage|p2b: Kingambit|10\/100\n|\n|-weather|SunnyDay|[upkeep]\n|-heal|p1a: Wo-Chien|94\/100|[from] item: Leftovers\n|-damage|p1a: Wo-Chien|82\/100|[from] move: Sand Tomb|[partiallytrapped]\n|upkeep\n|turn|7\n|\n|t:|1683842786\n|-terastallize|p2a: Ting-Lu|Dark\n|move|p1a: Wo-Chien|Giga Drain|p2a: Ting-Lu\n|-damage|p2a: Ting-Lu|38\/100\n|-heal|p1a: Wo-Chien|95\/100|[from] drain|[of] p2a: Ting-Lu\n|move|p2b: Kingambit|Iron Head|p1a: Wo-Chien\n|-damage|p1a: Wo-Chien|75\/100\n|move|p2a: Ting-Lu|Sand Tomb|p1b: Torkoal\n|-supereffective|p1b: Torkoal\n|-damage|p1b: Torkoal|72\/100\n|-activate|p1b: Torkoal|move: Sand Tomb|[of] p2a: Ting-Lu\n|move|p1b: Torkoal|Earth Power|p2b: Kingambit\n|-supereffective|p2b: Kingambit\n|-damage|p2b: Kingambit|0 fnt\n|faint|p2b: Kingambit\n|\n|-weather|SunnyDay|[upkeep]\n|-heal|p1a: Wo-Chien|82\/100|[from] item: Leftovers\n|-damage|p1a: Wo-Chien|69\/100|[from] move: Sand Tomb|[partiallytrapped]\n|-damage|p1b: Torkoal|59\/100|[from] move: Sand Tomb|[partiallytrapped]\n|-sideend|p1: czarVGC|Reflect\n|upkeep\n|\n|t:|1683842804\n|switch|p2b: Tauros|Tauros-Paldea-Blaze, L50, M|24\/100 par\n|-ability|p2b: Tauros|Intimidate|boost\n|-unboost|p1a: Wo-Chien|atk|1\n|-unboost|p1b: Torkoal|atk|1\n|turn|8\n|\n|t:|1683842818\n|move|p1a: Wo-Chien|Protect|p1a: Wo-Chien\n|-singleturn|p1a: Wo-Chien|Protect\n|move|p2a: Ting-Lu|Stomping Tantrum|p1b: Torkoal\n|-supereffective|p1b: Torkoal\n|-damage|p1b: Torkoal|19\/100\n|move|p2b: Tauros|Close Combat|p1a: Wo-Chien\n|-activate|p1a: Wo-Chien|move: Protect\n|move|p1b: Torkoal|Lava Plume|p2a: Ting-Lu|[spread] p2a,p2b\n|-activate|p1a: Wo-Chien|move: Protect\n|-resisted|p2b: Tauros\n|-damage|p2a: Ting-Lu|28\/100\n|-damage|p2b: Tauros|14\/100 par\n|\n|-weather|SunnyDay|[upkeep]\n|-heal|p1a: Wo-Chien|75\/100|[from] item: Leftovers\n|-damage|p1a: Wo-Chien|63\/100|[from] move: Sand Tomb|[partiallytrapped]\n|-damage|p1b: Torkoal|6\/100|[from] move: Sand Tomb|[partiallytrapped]\n|upkeep\n|turn|9\n|\n|t:|1683842861\n|-terastallize|p1a: Wo-Chien|Poison\n|move|p1a: Wo-Chien|Giga Drain|p2a: Ting-Lu\n|-damage|p2a: Ting-Lu|5\/100\n|-heal|p1a: Wo-Chien|77\/100|[from] drain|[of] p2a: Ting-Lu\n|move|p2a: Ting-Lu|Stomping Tantrum|p1b: Torkoal\n|-supereffective|p1b: Torkoal\n|-damage|p1b: Torkoal|0 fnt\n|faint|p1b: Torkoal\n|move|p2b: Tauros|Raging Bull|p1a: Wo-Chien\n|-crit|p1a: Wo-Chien\n|-damage|p1a: Wo-Chien|29\/100\n|\n|-weather|SunnyDay|[upkeep]\n|-heal|p1a: Wo-Chien|35\/100|[from] item: Leftovers\n|-end|p1a: Wo-Chien|Sand Tomb|[partiallytrapped]\n|upkeep\n|turn|10\n|\n|t:|1683842881\n|move|p1a: Wo-Chien|Giga Drain|p2a: Ting-Lu\n|-crit|p2a: Ting-Lu\n|-damage|p2a: Ting-Lu|0 fnt\n|-heal|p1a: Wo-Chien|38\/100|[from] drain|[of] p2a: Ting-Lu\n|faint|p2a: Ting-Lu\n|move|p2b: Tauros|Will-O-Wisp|p1a: Wo-Chien|[miss]\n|-miss|p2b: Tauros|p1a: Wo-Chien\n|\n|-weather|none\n|-heal|p1a: Wo-Chien|44\/100|[from] item: Leftovers\n|upkeep\n|\n|t:|1683842892\n|switch|p2a: Flutter Mane|Flutter Mane, L50|100\/100\n|-enditem|p2a: Flutter Mane|Booster Energy\n|-activate|p2a: Flutter Mane|ability: Protosynthesis|[fromitem]\n|-start|p2a: Flutter Mane|protosynthesisspa\n|turn|11\n|\n|t:|1683842900\n|move|p1a: Wo-Chien|Protect|p1a: Wo-Chien\n|-singleturn|p1a: Wo-Chien|Protect\n|move|p2a: Flutter Mane|Substitute|p2a: Flutter Mane\n|-start|p2a: Flutter Mane|Substitute\n|-damage|p2a: Flutter Mane|76\/100\n|cant|p2b: Tauros|par\n|\n|-heal|p1a: Wo-Chien|50\/100|[from] item: Leftovers\n|upkeep\n|turn|12\n|\n|t:|1683842914\n|move|p2a: Flutter Mane|Shadow Ball|p1a: Wo-Chien\n|-damage|p1a: Wo-Chien|16\/100\n|move|p1a: Wo-Chien|Snarl|p2a: Flutter Mane|[spread] p2a,p2b\n|-resisted|p2b: Tauros\n|-damage|p2a: Flutter Mane|47\/100\n|-damage|p2b: Tauros|0 fnt\n|-unboost|p2a: Flutter Mane|spa|1\n|faint|p2b: Tauros\n|\n|-heal|p1a: Wo-Chien|22\/100|[from] item: Leftovers\n|upkeep\n|turn|13\n|\n|t:|1683842927\n|move|p1a: Wo-Chien|Protect|p1a: Wo-Chien\n|-singleturn|p1a: Wo-Chien|Protect\n|move|p2a: Flutter Mane|Shadow Ball|p1a: Wo-Chien\n|-activate|p1a: Wo-Chien|move: Protect\n|\n|-heal|p1a: Wo-Chien|29\/100|[from] item: Leftovers\n|upkeep\n|turn|14\n|\n|t:|1683842936\n|move|p2a: Flutter Mane|Shadow Ball|p1a: Wo-Chien\n|-damage|p1a: Wo-Chien|2\/100\n|move|p1a: Wo-Chien|Snarl|p2a: Flutter Mane\n|-damage|p2a: Flutter Mane|10\/100\n|-unboost|p2a: Flutter Mane|spa|1\n|\n|-heal|p1a: Wo-Chien|8\/100|[from] item: Leftovers\n|upkeep\n|turn|15\n|\n|t:|1683842945\n|move|p1a: Wo-Chien|Protect|p1a: Wo-Chien\n|-singleturn|p1a: Wo-Chien|Protect\n|move|p2a: Flutter Mane|Shadow Ball|p1a: Wo-Chien\n|-activate|p1a: Wo-Chien|move: Protect\n|\n|-heal|p1a: Wo-Chien|15\/100|[from] item: Leftovers\n|upkeep\n|turn|16\n|\n|t:|1683842960\n|move|p2a: Flutter Mane|Shadow Ball|p1a: Wo-Chien\n|-damage|p1a: Wo-Chien|0 fnt\n|faint|p1a: Wo-Chien\n|\n|win|Arcacagne\n|raw|czarVGC's rating: 1192 → 1173<\/strong> (-19 for losing)\n|raw|Arcacagne's rating: 1280 → 1299<\/strong> (+19 for winning)\n|c|\u2606czarVGC|gg wp\n|c|\u2606Arcacagne|g\n|c|\u2606Arcacagne|g\n","uploadtime":1683842974,"views":9,"p1id":"czarvgc","p2id":"arcacagne","formatid":"gen9vgc2023regulationc","rating":1173,"private":0,"password":""}