{"id":"gen9vgc2023regulationc-1859168903","p1":"Charlisito","p2":"Achiles703","format":"[Gen 9] VGC 2023 Regulation C","log":"|j|\u2606Charlisito\n|j|\u2606Achiles703\n|t:|1683412921\n|gametype|doubles\n|player|p1|Charlisito|101|1265\n|player|p2|Achiles703|veteran|1245\n|teamsize|p1|6\n|teamsize|p2|6\n|gen|9\n|tier|[Gen 9] VGC 2023 Regulation C\n|rated|\n|rule|Species Clause: Limit one of each Pok\u00e9mon\n|rule|Item Clause: Limit one of each item\n|clearpoke\n|poke|p1|Bellibolt, L50, F|\n|poke|p1|Palafin, L50, M|\n|poke|p1|Arcanine, L50, M|\n|poke|p1|Amoonguss, L50, M|\n|poke|p1|Flutter Mane, L50|\n|poke|p1|Ting-Lu, L50|\n|poke|p2|Mimikyu, L50, M|\n|poke|p2|Iron Hands, L50|\n|poke|p2|Amoonguss, L50, F|\n|poke|p2|Annihilape, L50, F|\n|poke|p2|Hatterene, L50, F|\n|poke|p2|Indeedee-F, L50, F|\n|teampreview|4\nAchiles703 rejected open team sheets.\n|inactive|Battle timer is ON: inactive players will automatically lose when time's up. (requested by Achiles703)\n|\n|t:|1683412952\n|start\n|switch|p1a: Bellibolt|Bellibolt, L50, F|100\/100\n|switch|p1b: Palafin|Palafin, L50, M|100\/100\n|switch|p2a: Hatterene|Hatterene, L50, F|100\/100\n|switch|p2b: Indeedee|Indeedee-F, L50, F|100\/100\n|-fieldstart|move: Psychic Terrain|[from] ability: Psychic Surge|[of] p2b: Indeedee\n|-enditem|p2b: Indeedee|Psychic Seed\n|-boost|p2b: Indeedee|spd|1|[from] item: Psychic Seed\n|turn|1\n|\n|t:|1683412971\n|detailschange|p1b: Palafin|Palafin-Hero, L50, M\n|switch|p1b: Ting-Lu|Ting-Lu, L50|100\/100\n|-ability|p1b: Ting-Lu|Vessel of Ruin\n|move|p2b: Indeedee|Follow Me|p2b: Indeedee\n|-singleturn|p2b: Indeedee|move: Follow Me\n|move|p1a: Bellibolt|Volt Switch|p2b: Indeedee\n|-damage|p2b: Indeedee|86\/100\n|\n|t:|1683412979\n|switch|p1a: Palafin|Palafin-Hero, L50, M|100\/100|[from] Volt Switch\n|-activate|p1a: Palafin|ability: Zero to Hero\n|move|p2a: Hatterene|Trick Room|p2a: Hatterene\n|-fieldstart|move: Trick Room|[of] p2a: Hatterene\n|\n|upkeep\n|turn|2\n|\n|t:|1683412991\n|move|p2b: Indeedee|Follow Me|p2b: Indeedee\n|-singleturn|p2b: Indeedee|move: Follow Me\n|move|p2a: Hatterene|Dazzling Gleam|p1b: Ting-Lu|[spread] p1a,p1b\n|-supereffective|p1b: Ting-Lu\n|-damage|p1a: Palafin|63\/100\n|-damage|p1b: Ting-Lu|59\/100\n|-damage|p2a: Hatterene|91\/100|[from] item: Life Orb\n|move|p1b: Ting-Lu|Heavy Slam|p2b: Indeedee\n|-damage|p2b: Indeedee|56\/100\n|move|p1a: Palafin|Substitute|p1a: Palafin\n|-start|p1a: Palafin|Substitute\n|-damage|p1a: Palafin|38\/100\n|\n|-heal|p1b: Ting-Lu|65\/100|[from] item: Leftovers\n|upkeep\n|turn|3\n|\n|t:|1683413005\n|switch|p1b: Amoonguss|Amoonguss, L50, M|100\/100\n|move|p1a: Palafin|Protect|p1a: Palafin\n|-singleturn|p1a: Palafin|Protect\n|move|p2b: Indeedee|Follow Me|p2b: Indeedee\n|-singleturn|p2b: Indeedee|move: Follow Me\n|move|p2a: Hatterene|Dazzling Gleam|p1a: Palafin|[spread] p1b\n|-activate|p1a: Palafin|move: Protect\n|-resisted|p1b: Amoonguss\n|-damage|p1b: Amoonguss|79\/100\n|-damage|p2a: Hatterene|82\/100|[from] item: Life Orb\n|\n|upkeep\n|turn|4\n|\n|t:|1683413014\n|move|p2a: Hatterene|Mystical Fire|p1b: Amoonguss\n|-supereffective|p1b: Amoonguss\n|-damage|p1b: Amoonguss|6\/100\n|-unboost|p1b: Amoonguss|spa|1\n|-enditem|p1b: Amoonguss|Sitrus Berry|[eat]\n|-heal|p1b: Amoonguss|31\/100|[from] item: Sitrus Berry\n|-damage|p2a: Hatterene|72\/100|[from] item: Life Orb\n|move|p1b: Amoonguss|Pollen Puff|p1a: Palafin\n|-heal|p1a: Palafin|88\/100\n|move|p2b: Indeedee|Psychic|p1b: Amoonguss\n|-supereffective|p1b: Amoonguss\n|-damage|p1b: Amoonguss|0 fnt\n|faint|p1b: Amoonguss\n|move|p1a: Palafin|Wave Crash|p2a: Hatterene\n|-damage|p2a: Hatterene|0 fnt\n|faint|p2a: Hatterene\n|-damage|p1a: Palafin|69\/100|[from] Recoil\n|\n|upkeep\n|\n|t:|1683413030\n|switch|p2a: Iron Hands|Iron Hands, L50|100\/100\n|switch|p1b: Bellibolt|Bellibolt, L50, F|100\/100\n|-enditem|p2a: Iron Hands|Booster Energy\n|-activate|p2a: Iron Hands|ability: Quark Drive|[fromitem]\n|-start|p2a: Iron Hands|quarkdriveatk\n|turn|5\n|\n|t:|1683413045\n|move|p1a: Palafin|Protect|p1a: Palafin\n|-singleturn|p1a: Palafin|Protect\n|move|p2a: Iron Hands|Wild Charge|p1a: Palafin\n|-activate|p1a: Palafin|move: Protect\n|move|p1b: Bellibolt|Volt Switch|p2b: Indeedee\n|-damage|p2b: Indeedee|37\/100\n|\n|t:|1683413047\n|switch|p1b: Ting-Lu|Ting-Lu, L50|65\/100|[from] Volt Switch\n|-ability|p1b: Ting-Lu|Vessel of Ruin\n|move|p2b: Indeedee|Psychic|p1a: Palafin\n|-activate|p1a: Palafin|move: Protect\n|\n|-heal|p1b: Ting-Lu|71\/100|[from] item: Leftovers\n|-fieldend|move: Trick Room\n|-fieldend|move: Psychic Terrain\n|upkeep\n|turn|6\n|\n|t:|1683413062\n|move|p1b: Ting-Lu|Protect|p1b: Ting-Lu\n|-singleturn|p1b: Ting-Lu|Protect\n|move|p2b: Indeedee|Follow Me|p2b: Indeedee\n|-singleturn|p2b: Indeedee|move: Follow Me\n|move|p1a: Palafin|Jet Punch|p2b: Indeedee\n|-damage|p2b: Indeedee|0 fnt\n|faint|p2b: Indeedee\n|move|p2a: Iron Hands|Drain Punch|p1b: Ting-Lu\n|-activate|p1b: Ting-Lu|move: Protect\n|\n|-heal|p1b: Ting-Lu|77\/100|[from] item: Leftovers\n|upkeep\n|\n|t:|1683413069\n|switch|p2b: Amoonguss|Amoonguss, L50, F|100\/100\n|turn|7\n|\n|t:|1683413093\n|move|p1a: Palafin|Protect|p1a: Palafin\n|-singleturn|p1a: Palafin|Protect\n|move|p2b: Amoonguss|Rage Powder|p2b: Amoonguss\n|-singleturn|p2b: Amoonguss|move: Rage Powder\n|move|p1b: Ting-Lu|Ruination|p2b: Amoonguss\n|-damage|p2b: Amoonguss|51\/100\n|move|p2a: Iron Hands|Drain Punch|p1b: Ting-Lu\n|-supereffective|p1b: Ting-Lu\n|-damage|p1b: Ting-Lu|15\/100\n|\n|-heal|p1b: Ting-Lu|21\/100|[from] item: Leftovers\n|upkeep\n|turn|8\n|\n|t:|1683413113\n|move|p1b: Ting-Lu|Protect|p1b: Ting-Lu\n|-singleturn|p1b: Ting-Lu|Protect\n|move|p2b: Amoonguss|Rage Powder|p2b: Amoonguss\n|-singleturn|p2b: Amoonguss|move: Rage Powder\n|move|p1a: Palafin|Wave Crash|p2b: Amoonguss\n|-resisted|p2b: Amoonguss\n|-damage|p2b: Amoonguss|12\/100\n|-enditem|p2b: Amoonguss|Sitrus Berry|[eat]\n|-heal|p2b: Amoonguss|37\/100|[from] item: Sitrus Berry\n|-damage|p1a: Palafin|55\/100|[from] Recoil\n|move|p2a: Iron Hands|Drain Punch|p1b: Ting-Lu\n|-activate|p1b: Ting-Lu|move: Protect\n|\n|-heal|p1b: Ting-Lu|27\/100|[from] item: Leftovers\n|upkeep\n|turn|9\n|\n|t:|1683413134\n|switch|p1b: Bellibolt|Bellibolt, L50, F|100\/100\n|move|p2b: Amoonguss|Rage Powder|p2b: Amoonguss\n|-singleturn|p2b: Amoonguss|move: Rage Powder\n|move|p1a: Palafin|Wave Crash|p2b: Amoonguss\n|-resisted|p2b: Amoonguss\n|-damage|p2b: Amoonguss|0 fnt\n|faint|p2b: Amoonguss\n|-damage|p1a: Palafin|41\/100|[from] Recoil\n|move|p2a: Iron Hands|Drain Punch|p1b: Bellibolt\n|-damage|p1b: Bellibolt|52\/100\n|-start|p1b: Bellibolt|Charge|Drain Punch|[from] ability: Electromorphosis\n|\n|upkeep\n|turn|10\n|\n|t:|1683413155\n|-terastallize|p2a: Iron Hands|Steel\n|move|p1a: Palafin|Wave Crash|p2a: Iron Hands\n|-damage|p2a: Iron Hands|44\/100\n|-damage|p1a: Palafin|17\/100|[from] Recoil\n|move|p1b: Bellibolt|Parabolic Charge|p2a: Iron Hands|[spread] p1a,p2a\n|-supereffective|p1a: Palafin\n|-end|p1a: Palafin|Substitute\n|-heal|p1b: Bellibolt|65\/100|[from] drain|[of] p1a: Palafin\n|-damage|p2a: Iron Hands|10\/100\n|-heal|p1b: Bellibolt|87\/100|[from] drain|[of] p2a: Iron Hands\n|-end|p1b: Bellibolt|Charge|[silent]\n|move|p2a: Iron Hands|Drain Punch|p1a: Palafin\n|-damage|p1a: Palafin|0 fnt\n|-heal|p2a: Iron Hands|17\/100|[from] drain|[of] p1a: Palafin\n|faint|p1a: Palafin\n|\n|upkeep\n|\n|t:|1683413159\n|switch|p1a: Ting-Lu|Ting-Lu, L50|27\/100\n|-ability|p1a: Ting-Lu|Vessel of Ruin\n|turn|11\n|\n|t:|1683413165\n|move|p1a: Ting-Lu|Stomping Tantrum|p2a: Iron Hands\n|-supereffective|p2a: Iron Hands\n|-damage|p2a: Iron Hands|0 fnt\n|faint|p2a: Iron Hands\n|-end|p2a: Iron Hands|Quark Drive|[silent]\n|\n|win|Charlisito\n|raw|Charlisito's rating: 1265 → 1289<\/strong> (+24 for winning)\n|raw|Achiles703's rating: 1245 → 1221<\/strong> (-24 for losing)\n|l|\u2606Achiles703\n","uploadtime":1683413173,"views":8,"p1id":"charlisito","p2id":"achiles703","formatid":"gen9vgc2023regulationc","rating":1221,"private":0,"password":""}