{"id":"gen9vgc2023regulationc-1851601493","p1":"Fekasu","p2":"CombustibleCow","format":"[Gen 9] VGC 2023 Regulation C","log":"|j|\u2606Fekasu\n|j|\u2606CombustibleCow\n|t:|1682459962\n|gametype|doubles\n|player|p1|Fekasu|pokekid|1556\n|player|p2|CombustibleCow|unknown|1596\n|teamsize|p1|6\n|teamsize|p2|6\n|gen|9\n|tier|[Gen 9] VGC 2023 Regulation C\n|rated|\n|rule|Species Clause: Limit one of each Pok\u00e9mon\n|rule|Item Clause: Limit one of each item\n|clearpoke\n|poke|p1|Baxcalibur, L50, M|\n|poke|p1|Arcanine, L50, M|\n|poke|p1|Amoonguss, L50, F|\n|poke|p1|Rotom-Wash, L50|\n|poke|p1|Corviknight, L50, F|\n|poke|p1|Flutter Mane, L50|\n|poke|p2|Lilligant, L50, F|\n|poke|p2|Torkoal, L50, M|\n|poke|p2|Flutter Mane, L50|\n|poke|p2|Great Tusk, L50|\n|poke|p2|Chien-Pao, L50|\n|poke|p2|Dragonite, L50, M|\n|teampreview|4\n|j| jdarcan\n|\n|t:|1682460000\n|start\n|switch|p1a: Flutter Mane|Flutter Mane, L50|100\/100\n|switch|p1b: Rotom|Rotom-Wash, L50|100\/100\n|switch|p2a: Great Tusk|Great Tusk, L50|100\/100\n|switch|p2b: Flutter Mane|Flutter Mane, L50|100\/100\n|-enditem|p1a: Flutter Mane|Booster Energy\n|-activate|p1a: Flutter Mane|ability: Protosynthesis|[fromitem]\n|-start|p1a: Flutter Mane|protosynthesisspe\n|turn|1\n|\n|t:|1682460022\n|-terastallize|p2a: Great Tusk|Steel\n|move|p1a: Flutter Mane|Substitute|p1a: Flutter Mane\n|-start|p1a: Flutter Mane|Substitute\n|-damage|p1a: Flutter Mane|76\/100\n|move|p2a: Great Tusk|Headlong Rush|p1a: Flutter Mane\n|-end|p1a: Flutter Mane|Substitute\n|-unboost|p2a: Great Tusk|def|1\n|-unboost|p2a: Great Tusk|spd|1\n|move|p1b: Rotom|Volt Switch|p2b: Flutter Mane\n|-damage|p2b: Flutter Mane|68\/100\n|j| Hydrion\n|\n|t:|1682460041\n|switch|p1b: Arcanine|Arcanine, L50, M|100\/100|[from] Volt Switch\n|-ability|p1b: Arcanine|Intimidate|boost\n|-unboost|p2a: Great Tusk|atk|1\n|-unboost|p2b: Flutter Mane|atk|1\n|move|p2b: Flutter Mane|Moonblast|p1b: Arcanine\n|-resisted|p1b: Arcanine\n|-damage|p1b: Arcanine|48\/100\n|\n|upkeep\n|turn|2\n|\n|t:|1682460079\n|move|p1a: Flutter Mane|Protect|p1a: Flutter Mane\n|-singleturn|p1a: Flutter Mane|Protect\n|move|p2a: Great Tusk|Headlong Rush|p1a: Flutter Mane\n|-activate|p1a: Flutter Mane|move: Protect\n|move|p2b: Flutter Mane|Moonblast|p1b: Arcanine\n|-resisted|p1b: Arcanine\n|-damage|p1b: Arcanine|0 fnt\n|faint|p1b: Arcanine\n|\n|upkeep\n|\n|t:|1682460098\n|switch|p1b: Baxcalibur|Baxcalibur, L50, M|100\/100\n|turn|3\n|\n|t:|1682460106\n|-end|p1a: Flutter Mane|Protosynthesis|[silent]\n|switch|p1a: Rotom|Rotom-Wash, L50|100\/100\n|-terastallize|p1b: Baxcalibur|Ground\n|move|p2a: Great Tusk|Headlong Rush|p1a: Rotom\n|-immune|p1a: Rotom|[from] ability: Levitate\n|move|p2b: Flutter Mane|Moonblast|p1b: Baxcalibur\n|-damage|p1b: Baxcalibur|27\/100\n|move|p1b: Baxcalibur|Earthquake|p2a: Great Tusk|[spread] p2a,p2b\n|-immune|p1a: Rotom|[from] ability: Levitate\n|-supereffective|p2a: Great Tusk\n|-damage|p2a: Great Tusk|3\/100\n|-damage|p2b: Flutter Mane|0 fnt\n|faint|p2b: Flutter Mane\n|-end|p2b: Flutter Mane|Protosynthesis|[silent]\n|\n|upkeep\n|\n|t:|1682460122\n|switch|p2b: Lilligant|Lilligant, L50, F, shiny|100\/100\n|turn|4\n|\n|t:|1682460170\n|move|p1b: Baxcalibur|Ice Shard|p2b: Lilligant\n|-supereffective|p2b: Lilligant\n|-crit|p2b: Lilligant\n|-damage|p2b: Lilligant|6\/100\n|move|p2a: Great Tusk|Headlong Rush|p1b: Baxcalibur\n|-damage|p1b: Baxcalibur|0 fnt\n|-unboost|p2a: Great Tusk|def|1\n|-unboost|p2a: Great Tusk|spd|1\n|faint|p1b: Baxcalibur\n|move|p1a: Rotom|Volt Switch|p2a: Great Tusk\n|-damage|p2a: Great Tusk|0 fnt\n|faint|p2a: Great Tusk\n|-end|p2a: Great Tusk|Protosynthesis|[silent]\n|\n|t:|1682460182\n|switch|p1a: Flutter Mane|Flutter Mane, L50|76\/100|[from] Volt Switch\n|move|p2b: Lilligant|Sleep Powder|p1a: Flutter Mane\n|-status|p1a: Flutter Mane|slp|[from] move: Sleep Powder\n|\n|upkeep\n|\n|t:|1682460189\n|switch|p2a: torkoshima|Torkoal, L50, M, shiny|100\/100\n|switch|p1b: Rotom|Rotom-Wash, L50|100\/100\n|-weather|SunnyDay|[from] ability: Drought|[of] p2a: torkoshima\n|-activate|p1a: Flutter Mane|ability: Protosynthesis\n|-start|p1a: Flutter Mane|protosynthesisspe\n|turn|5\n|\n|t:|1682460212\n|move|p2b: Lilligant|Leaf Storm|p1b: Rotom\n|-supereffective|p1b: Rotom\n|-damage|p1b: Rotom|0 fnt\n|-unboost|p2b: Lilligant|spa|2\n|faint|p1b: Rotom\n|cant|p1a: Flutter Mane|slp\n|move|p2a: torkoshima|Flamethrower|p1a: Flutter Mane\n|-damage|p1a: Flutter Mane|4\/100 slp\n|\n|-weather|SunnyDay|[upkeep]\n|upkeep\n|turn|6\n|-message|Fekasu forfeited.\n|\n|win|CombustibleCow\n|raw|Fekasu's rating: 1556 → 1538<\/strong> (-18 for losing)\n|raw|CombustibleCow's rating: 1596 → 1614<\/strong> (+18 for winning)\n|l|\u2606Fekasu\n","uploadtime":1682460228,"views":16,"p1id":"fekasu","p2id":"combustiblecow","formatid":"gen9vgc2023regulationc","rating":1538,"private":0,"password":""}