{"id":"gen9vgc2023regulationc-1863734716","p1":"truemaster36","p2":"rt5gh","format":"[Gen 9] VGC 2023 Regulation C","log":"|j|\u2606truemaster36\n|j|\u2606rt5gh\n|t:|1684069272\n|gametype|doubles\n|player|p1|truemaster36|169|1000\n|player|p2|rt5gh|170|1043\n|teamsize|p1|6\n|teamsize|p2|6\n|gen|9\n|tier|[Gen 9] VGC 2023 Regulation C\n|rated|\n|rule|Species Clause: Limit one of each Pok\u00e9mon\n|rule|Item Clause: Limit one of each item\n|clearpoke\n|poke|p1|Slaking, L50, M|\n|poke|p1|Grafaiai, L50, F|\n|poke|p1|Amoonguss, L50, F|\n|poke|p1|Primeape, L50, M|\n|poke|p1|Maushold-Four, L50|\n|poke|p1|Glimmora, L50, M|\n|poke|p2|Palafin, L50, M|\n|poke|p2|Chi-Yu, L50|\n|poke|p2|Flutter Mane, L50|\n|poke|p2|Iron Valiant, L50|\n|poke|p2|Amoonguss, L50, M|\n|poke|p2|Talonflame, L50, M|\n|teampreview|4\n|inactive|Battle timer is ON: inactive players will automatically lose when time's up. (requested by truemaster36)\ntruemaster36 has agreed to open team sheets.\n|inactive|rt5gh has 60 seconds left.\n|inactive|rt5gh has 30 seconds left.\n|inactive|rt5gh has 20 seconds left.\n|inactive|rt5gh has 15 seconds left.\n|inactive|rt5gh has 10 seconds left.\n|inactive|rt5gh has 5 seconds left.\n|\n|t:|1684069363\n|start\n|switch|p1a: Glimmora|Glimmora, L50, M|100\/100\n|switch|p1b: Maushold|Maushold-Four, L50|100\/100\n|switch|p2a: Amoonguss|Amoonguss, L50, M|100\/100\n|switch|p2b: Iron Valiant|Iron Valiant, L50|100\/100\n|turn|1\n|\n|t:|1684069385\n|move|p1a: Glimmora|Protect|p1a: Glimmora\n|-singleturn|p1a: Glimmora|Protect\n|move|p2a: Amoonguss|Rage Powder|p2a: Amoonguss\n|-singleturn|p2a: Amoonguss|move: Rage Powder\n|move|p2b: Iron Valiant|Psychic|p1a: Glimmora\n|-activate|p1a: Glimmora|move: Protect\n|move|p1b: Maushold|Aerial Ace|p2a: Amoonguss\n|-supereffective|p2a: Amoonguss\n|-damage|p2a: Amoonguss|55\/100\n|-damage|p1b: Maushold|91\/100|[from] item: Life Orb\n|\n|upkeep\n|turn|2\n|inactive|rt5gh has 30 seconds left.\n|inactive|rt5gh has 20 seconds left.\n|\n|t:|1684069422\n|move|p2a: Amoonguss|Rage Powder|p2a: Amoonguss\n|-singleturn|p2a: Amoonguss|move: Rage Powder\n|move|p2b: Iron Valiant|Psychic|p1a: Glimmora\n|-supereffective|p1a: Glimmora\n|-damage|p1a: Glimmora|39\/100\n|-enditem|p1a: Glimmora|Red Card|[of] p2b: Iron Valiant\n|-end|p2b: Iron Valiant|Quark Drive|[silent]\n|drag|p2b: Chi-Yu|Chi-Yu, L50|100\/100\n|-ability|p2b: Chi-Yu|Beads of Ruin\n|move|p1b: Maushold|Aerial Ace|p2a: Amoonguss\n|-supereffective|p2a: Amoonguss\n|-damage|p2a: Amoonguss|10\/100\n|-enditem|p2a: Amoonguss|Sitrus Berry|[eat]\n|-heal|p2a: Amoonguss|35\/100|[from] item: Sitrus Berry\n|-damage|p1b: Maushold|82\/100|[from] item: Life Orb\n|move|p1a: Glimmora|Mortal Spin|p2a: Amoonguss|[spread] p2a,p2b\n|-damage|p2a: Amoonguss|31\/100\n|-damage|p2b: Chi-Yu|91\/100\n|-status|p2a: Amoonguss|psn\n|-status|p2b: Chi-Yu|psn\n|\n|-damage|p2b: Chi-Yu|79\/100 psn|[from] psn\n|-damage|p2a: Amoonguss|19\/100 psn|[from] psn\n|upkeep\n|turn|3\n|inactive|truemaster36 has 30 seconds left.\n|inactive|rt5gh has 30 seconds left.\n|inactive|rt5gh has 20 seconds left.\n|inactive|rt5gh has 15 seconds left.\n|inactive|rt5gh has 10 seconds left.\n|\n|t:|1684069472\n|switch|p2a: Iron Valiant|Iron Valiant, L50|100\/100\n|move|p1a: Glimmora|Protect|p1a: Glimmora\n|-singleturn|p1a: Glimmora|Protect\n|move|p1b: Maushold|Tidy Up|p1b: Maushold\n|-boost|p1b: Maushold|atk|1\n|-boost|p1b: Maushold|spe|1\n|move|p2b: Chi-Yu|Psychic|p1a: Glimmora\n|-activate|p1a: Glimmora|move: Protect\n|\n|-damage|p2b: Chi-Yu|67\/100 psn|[from] psn\n|upkeep\n|turn|4\n|inactive|truemaster36 has 30 seconds left.\n|inactive|rt5gh has 30 seconds left.\n|inactive|rt5gh has 20 seconds left.\n|inactive|rt5gh has 15 seconds left.\n|inactive|rt5gh has 10 seconds left.\n|inactive|rt5gh has 5 seconds left.\n|\n|t:|1684069524\n|-terastallize|p2b: Chi-Yu|Ghost\n|move|p2a: Iron Valiant|Protect|p2a: Iron Valiant\n|-singleturn|p2a: Iron Valiant|Protect\n|move|p1b: Maushold|Aerial Ace|p2a: Iron Valiant\n|-activate|p2a: Iron Valiant|move: Protect\n|move|p2b: Chi-Yu|Psychic|p1b: Maushold\n|-damage|p1b: Maushold|0 fnt\n|faint|p1b: Maushold\n|move|p1a: Glimmora|Stealth Rock|p2a: Iron Valiant\n|-sidestart|p2: rt5gh|move: Stealth Rock\n|\n|-damage|p2b: Chi-Yu|55\/100 psn|[from] psn\n|upkeep\n|\n|t:|1684069542\n|switch|p1b: Primeape|Primeape, L50, M|100\/100\n|turn|5\n|\n|t:|1684069564\n|move|p1b: Primeape|Protect|p1b: Primeape\n|-singleturn|p1b: Primeape|Protect\n|move|p2a: Iron Valiant|Psychic|p1b: Primeape\n|-activate|p1b: Primeape|move: Protect\n|move|p2b: Chi-Yu|Psychic|p1b: Primeape\n|-activate|p1b: Primeape|move: Protect\n|move|p1a: Glimmora|Mortal Spin|p2b: Chi-Yu|[spread] p2a,p2b\n|-supereffective|p2a: Iron Valiant\n|-resisted|p2b: Chi-Yu\n|-damage|p2a: Iron Valiant|88\/100\n|-damage|p2b: Chi-Yu|50\/100 psn\n|-status|p2a: Iron Valiant|psn\n|\n|-damage|p2a: Iron Valiant|76\/100 psn|[from] psn\n|-damage|p2b: Chi-Yu|38\/100 psn|[from] psn\n|upkeep\n|turn|6\n|inactive|truemaster36 has 30 seconds left.\n|\n|t:|1684069595\n|-terastallize|p1b: Primeape|Ghost\n|move|p1a: Glimmora|Protect|p1a: Glimmora\n|-singleturn|p1a: Glimmora|Protect\n|move|p2a: Iron Valiant|Psychic|p1b: Primeape\n|-damage|p1b: Primeape|64\/100\n|move|p2b: Chi-Yu|Psychic|p1b: Primeape\n|-damage|p1b: Primeape|9\/100\n|move|p1b: Primeape|Drain Punch|p2a: Iron Valiant\n|-resisted|p2a: Iron Valiant\n|-damage|p2a: Iron Valiant|52\/100 psn\n|-heal|p1b: Primeape|20\/100|[from] drain|[of] p2a: Iron Valiant\n|\n|-damage|p2a: Iron Valiant|40\/100 psn|[from] psn\n|-damage|p2b: Chi-Yu|26\/100 psn|[from] psn\n|upkeep\n|turn|7\n|\n|t:|1684069617\n|move|p1b: Primeape|Protect|p1b: Primeape\n|-singleturn|p1b: Primeape|Protect\n|move|p2a: Iron Valiant|Psychic|p1b: Primeape\n|-activate|p1b: Primeape|move: Protect\n|move|p2b: Chi-Yu|Psychic|p1a: Glimmora\n|-supereffective|p1a: Glimmora\n|-damage|p1a: Glimmora|0 fnt\n|faint|p1a: Glimmora\n|\n|-damage|p2a: Iron Valiant|28\/100 psn|[from] psn\n|-damage|p2b: Chi-Yu|13\/100 psn|[from] psn\n|upkeep\n|\n|t:|1684069631\n|switch|p1a: Amoonguss|Amoonguss, L50, F|100\/100\n|turn|8\n|\n|t:|1684069647\n|move|p1a: Amoonguss|Rage Powder|p1a: Amoonguss\n|-singleturn|p1a: Amoonguss|move: Rage Powder\n|move|p2a: Iron Valiant|Psychic|p1a: Amoonguss\n|-supereffective|p1a: Amoonguss\n|-damage|p1a: Amoonguss|19\/100\n|move|p2b: Chi-Yu|Psychic|p1a: Amoonguss\n|-supereffective|p1a: Amoonguss\n|-damage|p1a: Amoonguss|0 fnt\n|faint|p1a: Amoonguss\n|move|p1b: Primeape|Rage Fist|p2a: Iron Valiant\n|-damage|p2a: Iron Valiant|0 fnt\n|faint|p2a: Iron Valiant\n|-end|p2a: Iron Valiant|Quark Drive|[silent]\n|\n|-damage|p2b: Chi-Yu|1\/100 psn|[from] psn\n|upkeep\n|\n|t:|1684069653\n|switch|p2a: Amoonguss|Amoonguss, L50, M|52\/100 psn\n|-damage|p2a: Amoonguss|39\/100 psn|[from] Stealth Rock\n|turn|9\n|\n|t:|1684069667\n|move|p1b: Primeape|Protect|p1b: Primeape\n|-singleturn|p1b: Primeape|Protect\n|move|p2b: Chi-Yu|Psychic|p1b: Primeape\n|-activate|p1b: Primeape|move: Protect\n|move|p2a: Amoonguss|Pollen Puff|p2b: Chi-Yu\n|-heal|p2b: Chi-Yu|51\/100 psn\n|\n|-damage|p2b: Chi-Yu|39\/100 psn|[from] psn\n|-damage|p2a: Amoonguss|27\/100 psn|[from] psn\n|upkeep\n|turn|10\n|c|\u2606truemaster36|Gg\n|\n|t:|1684069687\n|move|p2a: Amoonguss|Rage Powder|p2a: Amoonguss\n|-singleturn|p2a: Amoonguss|move: Rage Powder\n|move|p2b: Chi-Yu|Psychic|p1b: Primeape\n|-crit|p1b: Primeape\n|-damage|p1b: Primeape|0 fnt\n|faint|p1b: Primeape\n|\n|win|rt5gh\n|raw|truemaster36's rating: 1000 → 1000<\/strong> (+0 for losing)\n|raw|rt5gh's rating: 1043 → 1072<\/strong> (+29 for winning)\n|l|\u2606truemaster36\n","uploadtime":1684069720,"views":17,"p1id":"truemaster36","p2id":"rt5gh","formatid":"gen9vgc2023regulationc","rating":1000,"private":0,"password":""}