{"id":"gen9vgc2023regulationc-1845277416","p1":"tumorcio","p2":"korpi","format":"[Gen 9] VGC 2023 Regulation C","log":"|j|\u2606tumorcio\n|j|\u2606korpi\n|t:|1681706368\n|gametype|doubles\n|player|p1|tumorcio|101|1144\n|player|p2|korpi|169|1029\n|teamsize|p1|6\n|teamsize|p2|6\n|gen|9\n|tier|[Gen 9] VGC 2023 Regulation C\n|rated|\n|rule|Species Clause: Limit one of each Pok\u00e9mon\n|rule|Item Clause: Limit one of each item\n|clearpoke\n|poke|p1|Flutter Mane, L50|\n|poke|p1|Arcanine, L50, M|\n|poke|p1|Iron Hands, L50|\n|poke|p1|Amoonguss, L50, F|\n|poke|p1|Chien-Pao, L50|\n|poke|p1|Palafin, L50, M|\n|poke|p2|Goodra, L50, F|\n|poke|p2|Ting-Lu, L50|\n|poke|p2|Wo-Chien, L50|\n|poke|p2|Annihilape, L50, F|\n|poke|p2|Glimmora, L50, F|\n|poke|p2|Bellibolt, L50, F|\n|teampreview|4\n|inactive|Battle timer is ON: inactive players will automatically lose when time's up. (requested by tumorcio)\n|inactive|tumorcio has 60 seconds left.\n|inactive|korpi has 60 seconds left.\n|inactive|tumorcio has 30 seconds left.\n|inactive|tumorcio has 20 seconds left.\n|inactive|tumorcio has 15 seconds left.\n|\n|t:|1681706446\n|start\n|switch|p1a: Iron Hands|Iron Hands, L50|100\/100\n|switch|p1b: Palafin|Palafin, L50, M|100\/100\n|switch|p2a: Goodra|Goodra, L50, F|100\/100\n|switch|p2b: Glimmora|Glimmora, L50, F|100\/100\n|turn|1\n|inactive|korpi has 30 seconds left.\n|\n|t:|1681706473\n|switch|p2a: Wo-Chien|Wo-Chien, L50|100\/100\n|-ability|p2a: Wo-Chien|Tablets of Ruin\n|move|p1a: Iron Hands|Fake Out|p2a: Wo-Chien\n|-damage|p2a: Wo-Chien|91\/100\n|move|p1b: Palafin|Wave Crash|p2b: Glimmora\n|-supereffective|p2b: Glimmora\n|-crit|p2b: Glimmora\n|-damage|p2b: Glimmora|5\/100\n|-activate|p2b: Glimmora|ability: Toxic Debris\n|-sidestart|p1: tumorcio|move: Toxic Spikes\n|-enditem|p2b: Glimmora|Sitrus Berry|[eat]\n|-heal|p2b: Glimmora|29\/100|[from] item: Sitrus Berry\n|-damage|p1b: Palafin|71\/100|[from] Recoil\n|move|p2b: Glimmora|Mortal Spin|p1b: Palafin|[spread] p1a,p1b\n|-damage|p1a: Iron Hands|99\/100\n|-damage|p1b: Palafin|66\/100\n|-status|p1a: Iron Hands|psn\n|-status|p1b: Palafin|psn\n|\n|-damage|p1b: Palafin|54\/100 psn|[from] psn\n|-damage|p1a: Iron Hands|87\/100 psn|[from] psn\n|upkeep\n|turn|2\n|inactive|tumorcio has 30 seconds left.\n|inactive|korpi has 30 seconds left.\n|inactive|tumorcio has 20 seconds left.\n|inactive|korpi has 20 seconds left.\n|inactive|korpi has 15 seconds left.\n|\n|t:|1681706518\n|move|p1b: Palafin|Protect|p1b: Palafin\n|-singleturn|p1b: Palafin|Protect\n|move|p2b: Glimmora|Protect|p2b: Glimmora\n|-singleturn|p2b: Glimmora|Protect\n|move|p2a: Wo-Chien|Leech Seed|p1a: Iron Hands\n|-start|p1a: Iron Hands|move: Leech Seed\n|move|p1a: Iron Hands|Drain Punch|p2a: Wo-Chien\n|-supereffective|p2a: Wo-Chien\n|-damage|p2a: Wo-Chien|43\/100\n|-heal|p1a: Iron Hands|100\/100 psn|[from] drain|[of] p2a: Wo-Chien\n|\n|-damage|p1a: Iron Hands|88\/100 psn|[from] Leech Seed|[of] p2a: Wo-Chien\n|-heal|p2a: Wo-Chien|63\/100|[silent]\n|-damage|p1b: Palafin|42\/100 psn|[from] psn\n|-damage|p1a: Iron Hands|76\/100 psn|[from] psn\n|upkeep\n|turn|3\n|inactive|tumorcio has 30 seconds left.\n|inactive|korpi has 30 seconds left.\n|inactive|tumorcio has 20 seconds left.\n|inactive|korpi has 20 seconds left.\n|inactive|tumorcio has 15 seconds left.\n|\n|t:|1681706560\n|switch|p2b: Bellibolt|Bellibolt, L50, F|100\/100\n|move|p1b: Palafin|Jet Punch|p2b: Bellibolt\n|-damage|p2b: Bellibolt|83\/100\n|-start|p2b: Bellibolt|Charge|Jet Punch|[from] ability: Electromorphosis\n|move|p2a: Wo-Chien|Giga Drain|p1a: Iron Hands\n|-damage|p1a: Iron Hands|64\/100 psn\n|-heal|p2a: Wo-Chien|73\/100|[from] drain|[of] p1a: Iron Hands\n|move|p1a: Iron Hands|Drain Punch|p2a: Wo-Chien\n|-supereffective|p2a: Wo-Chien\n|-damage|p2a: Wo-Chien|25\/100\n|-heal|p1a: Iron Hands|83\/100 psn|[from] drain|[of] p2a: Wo-Chien\n|\n|-heal|p2b: Bellibolt|89\/100|[from] item: Leftovers\n|-damage|p1a: Iron Hands|71\/100 psn|[from] Leech Seed|[of] p2a: Wo-Chien\n|-heal|p2a: Wo-Chien|45\/100|[silent]\n|-damage|p1b: Palafin|29\/100 psn|[from] psn\n|-damage|p1a: Iron Hands|59\/100 psn|[from] psn\n|upkeep\n|turn|4\n|inactive|korpi has 30 seconds left.\n|inactive|korpi has 20 seconds left.\n|inactive|korpi has 15 seconds left.\n|inactive|korpi has 10 seconds left.\n|inactive|korpi has 5 seconds left.\n|\n|t:|1681706612\n|detailschange|p1b: Palafin|Palafin-Hero, L50, M\n|switch|p1b: Amoonguss|Amoonguss, L50, F|100\/100\n|-sideend|p1: tumorcio|move: Toxic Spikes|[of] p1b: Amoonguss\n|move|p2a: Wo-Chien|Giga Drain|p1a: Iron Hands\n|-damage|p1a: Iron Hands|44\/100 psn\n|-heal|p2a: Wo-Chien|56\/100|[from] drain|[of] p1a: Iron Hands\n|move|p1a: Iron Hands|Drain Punch|p2a: Wo-Chien\n|-supereffective|p2a: Wo-Chien\n|-damage|p2a: Wo-Chien|5\/100\n|-heal|p1a: Iron Hands|65\/100 psn|[from] drain|[of] p2a: Wo-Chien\n|move|p2b: Bellibolt|Parabolic Charge|p1b: Amoonguss|[spread] p2a,p1a,p1b\n|-resisted|p2a: Wo-Chien\n|-resisted|p1a: Iron Hands\n|-resisted|p1b: Amoonguss\n|-damage|p2a: Wo-Chien|0 fnt\n|-heal|p2b: Bellibolt|92\/100|[from] drain|[of] p2a: Wo-Chien\n|-damage|p1a: Iron Hands|54\/100 psn\n|-heal|p2b: Bellibolt|98\/100|[from] drain|[of] p1a: Iron Hands\n|-damage|p1b: Amoonguss|83\/100\n|-heal|p2b: Bellibolt|100\/100|[from] drain|[of] p1b: Amoonguss\n|faint|p2a: Wo-Chien\n|-end|p2b: Bellibolt|Charge|[silent]\n|\n|-damage|p1a: Iron Hands|42\/100 psn|[from] psn\n|upkeep\n|\n|t:|1681706634\n|switch|p2a: Glimmora|Glimmora, L50, F|29\/100\n|turn|5\n|inactive|tumorcio has 30 seconds left.\n|\n|t:|1681706675\n|move|p2a: Glimmora|Mortal Spin|p1b: Amoonguss|[spread] p1a,p1b\n|-damage|p1a: Iron Hands|39\/100 psn\n|-damage|p1b: Amoonguss|79\/100\n|-damage|p2a: Glimmora|13\/100|[from] item: Rocky Helmet|[of] p1b: Amoonguss\n|move|p1a: Iron Hands|Drain Punch|p2b: Bellibolt\n|-damage|p2b: Bellibolt|69\/100\n|-heal|p1a: Iron Hands|53\/100 psn|[from] drain|[of] p2b: Bellibolt\n|-start|p2b: Bellibolt|Charge|Drain Punch|[from] ability: Electromorphosis\n|move|p2b: Bellibolt|Thunderbolt|p1a: Iron Hands\n|-resisted|p1a: Iron Hands\n|-damage|p1a: Iron Hands|31\/100 psn\n|-end|p2b: Bellibolt|Charge|[silent]\n|move|p1b: Amoonguss|Spore|p2a: Glimmora\n|-status|p2a: Glimmora|slp|[from] move: Spore\n|\n|-heal|p2b: Bellibolt|75\/100|[from] item: Leftovers\n|-damage|p1a: Iron Hands|19\/100 psn|[from] Leech Seed|[of] p2a: Glimmora\n|-heal|p2a: Glimmora|28\/100 slp|[silent]\n|-damage|p1a: Iron Hands|7\/100 psn|[from] psn\n|upkeep\n|turn|6\n|inactive|tumorcio has 30 seconds left.\n|inactive|korpi has 30 seconds left.\n|inactive|tumorcio has 20 seconds left.\n|inactive|tumorcio has 15 seconds left.\n|\n|t:|1681706715\n|cant|p2a: Glimmora|slp\n|move|p1a: Iron Hands|Drain Punch|p2b: Bellibolt\n|-damage|p2b: Bellibolt|44\/100\n|-heal|p1a: Iron Hands|21\/100 psn|[from] drain|[of] p2b: Bellibolt\n|-start|p2b: Bellibolt|Charge|Drain Punch|[from] ability: Electromorphosis\n|move|p2b: Bellibolt|Parabolic Charge|p1b: Amoonguss|[spread] p2a,p1a,p1b\n|-resisted|p1a: Iron Hands\n|-resisted|p1b: Amoonguss\n|-damage|p2a: Glimmora|0 fnt\n|-heal|p2b: Bellibolt|57\/100|[from] drain|[of] p2a: Glimmora\n|-damage|p1a: Iron Hands|10\/100 psn\n|-heal|p2b: Bellibolt|63\/100|[from] drain|[of] p1a: Iron Hands\n|-damage|p1b: Amoonguss|60\/100\n|-heal|p2b: Bellibolt|72\/100|[from] drain|[of] p1b: Amoonguss\n|faint|p2a: Glimmora\n|-end|p2b: Bellibolt|Charge|[silent]\n|move|p1b: Amoonguss|Spore|p2b: Bellibolt\n|-status|p2b: Bellibolt|slp|[from] move: Spore\n|\n|-heal|p2b: Bellibolt|79\/100 slp|[from] item: Leftovers\n|-damage|p1a: Iron Hands|0 fnt|[from] psn\n|faint|p1a: Iron Hands\n|-end|p1a: Iron Hands|Quark Drive|[silent]\n|upkeep\n|\n|t:|1681706738\n|switch|p2a: Goodra|Goodra, L50, F|100\/100\n|switch|p1a: Flutter Mane|Flutter Mane, L50|100\/100\n|-enditem|p1a: Flutter Mane|Booster Energy\n|-activate|p1a: Flutter Mane|ability: Protosynthesis|[fromitem]\n|-start|p1a: Flutter Mane|protosynthesisspa\n|turn|7\n|inactive|tumorcio has 30 seconds left.\n|inactive|tumorcio has 20 seconds left.\n|inactive|tumorcio has 15 seconds left.\n|inactive|tumorcio has 10 seconds left.\n|inactive|tumorcio has 5 seconds left.\n|\n|t:|1681706791\n|-terastallize|p2a: Goodra|Steel\n|move|p1a: Flutter Mane|Moonblast|p2b: Bellibolt\n|-damage|p2b: Bellibolt|21\/100 slp\n|-start|p2b: Bellibolt|Charge|Moonblast|[from] ability: Electromorphosis\n|move|p2a: Goodra|Acid Spray|p1a: Flutter Mane\n|-damage|p1a: Flutter Mane|90\/100\n|-unboost|p1a: Flutter Mane|spd|2\n|cant|p2b: Bellibolt|slp\n|-end|p2b: Bellibolt|Charge|[silent]\n|move|p1b: Amoonguss|Pollen Puff|p1a: Flutter Mane\n|-heal|p1a: Flutter Mane|100\/100\n|\n|-heal|p2b: Bellibolt|27\/100 slp|[from] item: Leftovers\n|upkeep\n|turn|8\n|\n|t:|1681706810\n|cant|p2b: Bellibolt|slp\n|move|p1a: Flutter Mane|Moonblast|p2b: Bellibolt\n|-damage|p2b: Bellibolt|0 fnt\n|faint|p2b: Bellibolt\n|move|p2a: Goodra|Acid Spray|p1a: Flutter Mane\n|-damage|p1a: Flutter Mane|83\/100\n|-unboost|p1a: Flutter Mane|spd|2\n|move|p1b: Amoonguss|Spore|p2a: Goodra\n|-ability|p2a: Goodra|Sap Sipper|boost\n|-boost|p2a: Goodra|atk|1\n|\n|upkeep\n|turn|9\n|\n|t:|1681706833\n|move|p1a: Flutter Mane|Shadow Ball|p2a: Goodra\n|-damage|p2a: Goodra|71\/100\n|-unboost|p2a: Goodra|spd|1\n|move|p2a: Goodra|Flamethrower|p1a: Flutter Mane\n|-damage|p1a: Flutter Mane|14\/100\n|move|p1b: Amoonguss|Pollen Puff|p2a: Goodra\n|-resisted|p2a: Goodra\n|-damage|p2a: Goodra|64\/100\n|\n|upkeep\n|turn|10\n|\n|t:|1681706857\n|move|p1b: Amoonguss|Protect|p1b: Amoonguss\n|-singleturn|p1b: Amoonguss|Protect\n|move|p1a: Flutter Mane|Shadow Ball|p2a: Goodra\n|-damage|p2a: Goodra|25\/100\n|move|p2a: Goodra|Chilling Water|p1a: Flutter Mane\n|-damage|p1a: Flutter Mane|0 fnt\n|faint|p1a: Flutter Mane\n|-end|p1a: Flutter Mane|Protosynthesis|[silent]\n|\n|upkeep\n|\n|t:|1681706865\n|switch|p1a: Palafin|Palafin-Hero, L50, M|29\/100 psn\n|-activate|p1a: Palafin|ability: Zero to Hero\n|turn|11\n|\n|t:|1681706869\n|-terastallize|p1a: Palafin|Water\n|move|p1b: Amoonguss|Rage Powder|p1b: Amoonguss\n|-singleturn|p1b: Amoonguss|move: Rage Powder\n|move|p1a: Palafin|Jet Punch|p2a: Goodra\n|-damage|p2a: Goodra|0 fnt\n|faint|p2a: Goodra\n|\n|win|tumorcio\n|raw|tumorcio's rating: 1144 → 1161<\/strong> (+17 for winning)\n|raw|korpi's rating: 1029 → 1019<\/strong> (-10 for losing)\n|l|\u2606korpi\n","uploadtime":1681706879,"views":5,"p1id":"tumorcio","p2id":"korpi","formatid":"gen9vgc2023regulationc","rating":1019,"private":0,"password":""}