{"id":"gen9vgc2023regulationc-1857749227","p1":"Mdcvgc8","p2":"Mikeypipebomb","format":"[Gen 9] VGC 2023 Regulation C","log":"|j|\u2606Mdcvgc8\n|j|\u2606Mikeypipebomb\n|t:|1683228094\n|gametype|doubles\n|player|p1|Mdcvgc8|blackbelt-gen4dp|1436\n|player|p2|Mikeypipebomb|n|1350\n|teamsize|p1|6\n|teamsize|p2|6\n|gen|9\n|tier|[Gen 9] VGC 2023 Regulation C\n|rated|\n|rule|Species Clause: Limit one of each Pok\u00e9mon\n|rule|Item Clause: Limit one of each item\n|clearpoke\n|poke|p1|Tyranitar, L50, M|\n|poke|p1|Annihilape, L50, M|\n|poke|p1|Gastrodon-East, L50, M|\n|poke|p1|Klefki, L50, M|\n|poke|p1|Glimmora, L50, M|\n|poke|p1|Flutter Mane, L50|\n|poke|p2|Chi-Yu, L50|\n|poke|p2|Iron Jugulis, L50|\n|poke|p2|Flutter Mane, L50|\n|poke|p2|Iron Bundle, L50|\n|poke|p2|Amoonguss, L50, M|\n|poke|p2|Great Tusk, L50|\n|teampreview|4\n|\n|t:|1683228137\n|start\n|switch|p1a: Klefki|Klefki, L50, M|100\/100\n|switch|p1b: Glimmora|Glimmora, L50, M|100\/100\n|switch|p2a: Flutter Mane|Flutter Mane, L50|100\/100\n|switch|p2b: Iron Jugulis|Iron Jugulis, L50|100\/100\n|-enditem|p2b: Iron Jugulis|Booster Energy\n|-activate|p2b: Iron Jugulis|ability: Quark Drive|[fromitem]\n|-start|p2b: Iron Jugulis|quarkdrivespe\n|turn|1\n|inactive|Battle timer is ON: inactive players will automatically lose when time's up. (requested by Mdcvgc8)\n|\n|t:|1683228155\n|move|p2a: Flutter Mane|Protect|p2a: Flutter Mane\n|-singleturn|p2a: Flutter Mane|Protect\n|move|p1a: Klefki|Thunder Wave|p2a: Flutter Mane\n|-activate|p2a: Flutter Mane|move: Protect\n|move|p2b: Iron Jugulis|Snarl|p1a: Klefki|[spread] p1a,p1b\n|-resisted|p1a: Klefki\n|-damage|p1a: Klefki|92\/100\n|-damage|p1b: Glimmora|86\/100\n|-unboost|p1a: Klefki|spa|1\n|-unboost|p1b: Glimmora|spa|1\n|move|p1b: Glimmora|Toxic|p2b: Iron Jugulis\n|-status|p2b: Iron Jugulis|tox\n|\n|-damage|p2b: Iron Jugulis|94\/100 tox|[from] psn\n|upkeep\n|turn|2\n|inactive|Mikeypipebomb has 30 seconds left.\n|\n|t:|1683228181\n|-end|p2a: Flutter Mane|Protosynthesis|[silent]\n|switch|p2a: Great Tusk|Great Tusk, L50|100\/100\n|move|p1b: Glimmora|Spiky Shield|p1b: Glimmora\n|-singleturn|p1b: Glimmora|move: Protect\n|move|p1a: Klefki|Light Screen|p1a: Klefki\n|-sidestart|p1: Mdcvgc8|move: Light Screen\n|move|p2b: Iron Jugulis|Snarl|p1a: Klefki|[spread] p1a\n|-activate|p1b: Glimmora|move: Protect\n|-resisted|p1a: Klefki\n|-damage|p1a: Klefki|86\/100\n|-unboost|p1a: Klefki|spa|1\n|\n|-damage|p2b: Iron Jugulis|82\/100 tox|[from] psn\n|upkeep\n|turn|3\n|\n|t:|1683228203\n|-terastallize|p2a: Great Tusk|Steel\n|-terastallize|p1b: Glimmora|Grass\n|move|p1a: Klefki|Reflect|p1a: Klefki\n|-sidestart|p1: Mdcvgc8|Reflect\n|move|p2b: Iron Jugulis|Sunny Day|p2b: Iron Jugulis\n|-weather|SunnyDay\n|-activate|p2a: Great Tusk|ability: Protosynthesis\n|-start|p2a: Great Tusk|protosynthesisatk\n|move|p2a: Great Tusk|Headlong Rush|p1a: Klefki\n|-supereffective|p1a: Klefki\n|-damage|p1a: Klefki|0 fnt\n|-unboost|p2a: Great Tusk|def|1\n|-unboost|p2a: Great Tusk|spd|1\n|faint|p1a: Klefki\n|move|p1b: Glimmora|Toxic|p2a: Great Tusk\n|-immune|p2a: Great Tusk\n|\n|-weather|SunnyDay|[upkeep]\n|-damage|p2b: Iron Jugulis|64\/100 tox|[from] psn\n|upkeep\n|\n|t:|1683228225\n|switch|p1a: Flutter Mane|Flutter Mane, L50|100\/100\n|-activate|p1a: Flutter Mane|ability: Protosynthesis\n|-start|p1a: Flutter Mane|protosynthesisspe\n|turn|4\n|\n|t:|1683228239\n|-end|p2a: Great Tusk|Protosynthesis|[silent]\n|switch|p2a: Iron Bundle|Iron Bundle, L50|100\/100\n|move|p1b: Glimmora|Spiky Shield|p1b: Glimmora\n|-singleturn|p1b: Glimmora|move: Protect\n|move|p1a: Flutter Mane|Dazzling Gleam|p2b: Iron Jugulis|[spread] p2a,p2b\n|-supereffective|p2b: Iron Jugulis\n|-damage|p2a: Iron Bundle|32\/100\n|-damage|p2b: Iron Jugulis|3\/100 tox\n|move|p2b: Iron Jugulis|Snarl|p1a: Flutter Mane|[spread] p1a\n|-activate|p1b: Glimmora|move: Protect\n|-damage|p1a: Flutter Mane|88\/100\n|-unboost|p1a: Flutter Mane|spa|1\n|\n|-weather|SunnyDay|[upkeep]\n|-damage|p2b: Iron Jugulis|0 fnt|[from] psn\n|faint|p2b: Iron Jugulis\n|-end|p2b: Iron Jugulis|Quark Drive|[silent]\n|upkeep\n|\n|t:|1683228259\n|switch|p2b: Great Tusk|Great Tusk, L50, tera:Steel|100\/100\n|-activate|p2b: Great Tusk|ability: Protosynthesis\n|-start|p2b: Great Tusk|protosynthesisatk\n|turn|5\n|\n|t:|1683228280\n|-end|p1a: Flutter Mane|Protosynthesis|[silent]\n|switch|p1a: Tyranitar|Tyranitar, L50, M|100\/100\n|-weather|Sandstorm|[from] ability: Sand Stream|[of] p1a: Tyranitar\n|-end|p2b: Great Tusk|Protosynthesis\n|move|p2b: Great Tusk|Headlong Rush|p1a: Tyranitar\n|-supereffective|p1a: Tyranitar\n|-damage|p1a: Tyranitar|38\/100\n|-unboost|p2b: Great Tusk|def|1\n|-unboost|p2b: Great Tusk|spd|1\n|-enditem|p1a: Tyranitar|Weakness Policy\n|-boost|p1a: Tyranitar|atk|2|[from] item: Weakness Policy\n|-boost|p1a: Tyranitar|spa|2|[from] item: Weakness Policy\n|move|p2a: Iron Bundle|Encore|p1b: Glimmora\n|-start|p1b: Glimmora|Encore\n|move|p1b: Glimmora|Spiky Shield||[still]\n|-fail|p1b: Glimmora\n|\n|-weather|Sandstorm|[upkeep]\n|-damage|p2a: Iron Bundle|26\/100|[from] Sandstorm\n|-damage|p1b: Glimmora|80\/100|[from] Sandstorm\n|upkeep\n|turn|6\n|\n|t:|1683228301\n|switch|p1b: Flutter Mane|Flutter Mane, L50|88\/100\n|-enditem|p1b: Flutter Mane|Booster Energy\n|-activate|p1b: Flutter Mane|ability: Protosynthesis|[fromitem]\n|-start|p1b: Flutter Mane|protosynthesisspe\n|move|p1a: Tyranitar|Protect|p1a: Tyranitar\n|-singleturn|p1a: Tyranitar|Protect\n|move|p2b: Great Tusk|Headlong Rush|p1a: Tyranitar\n|-activate|p1a: Tyranitar|move: Protect\n|move|p2a: Iron Bundle|Freeze-Dry|p1b: Flutter Mane\n|-damage|p1b: Flutter Mane|62\/100\n|\n|-weather|Sandstorm|[upkeep]\n|-damage|p1b: Flutter Mane|56\/100|[from] Sandstorm\n|-damage|p2a: Iron Bundle|20\/100|[from] Sandstorm\n|upkeep\n|turn|7\n|\n|t:|1683228326\n|move|p1b: Flutter Mane|Dazzling Gleam|p2b: Great Tusk|[spread] p2a,p2b\n|-crit|p2a: Iron Bundle\n|-resisted|p2b: Great Tusk\n|-damage|p2a: Iron Bundle|0 fnt\n|-damage|p2b: Great Tusk|65\/100\n|faint|p2a: Iron Bundle\n|-end|p2a: Iron Bundle|Quark Drive|[silent]\n|move|p2b: Great Tusk|Headlong Rush|p1b: Flutter Mane\n|-damage|p1b: Flutter Mane|0 fnt\n|-unboost|p2b: Great Tusk|def|1\n|-unboost|p2b: Great Tusk|spd|1\n|faint|p1b: Flutter Mane\n|-end|p1b: Flutter Mane|Protosynthesis|[silent]\n|move|p1a: Tyranitar|Rock Slide|p2b: Great Tusk\n|-resisted|p2b: Great Tusk\n|-damage|p2b: Great Tusk|19\/100\n|\n|-weather|Sandstorm|[upkeep]\n|upkeep\n|\n|t:|1683228342\n|switch|p2a: Flutter Mane|Flutter Mane, L50|100\/100\n|switch|p1b: Glimmora|Glimmora, L50, M, tera:Grass|80\/100\n|turn|8\n|\n|t:|1683228355\n|move|p1a: Tyranitar|Protect|p1a: Tyranitar\n|-singleturn|p1a: Tyranitar|Protect\n|move|p2b: Great Tusk|Headlong Rush|p1b: Glimmora\n|-resisted|p1b: Glimmora\n|-damage|p1b: Glimmora|61\/100\n|-unboost|p2b: Great Tusk|def|1\n|-unboost|p2b: Great Tusk|spd|1\n|-activate|p1b: Glimmora|ability: Toxic Debris\n|-sidestart|p2: Mikeypipebomb|move: Toxic Spikes\n|move|p2a: Flutter Mane|Dazzling Gleam|p1a: Tyranitar|[spread] p1b\n|-activate|p1a: Tyranitar|move: Protect\n|-damage|p1b: Glimmora|36\/100\n|-damage|p2a: Flutter Mane|91\/100|[from] item: Life Orb\n|move|p1b: Glimmora|Sludge Bomb|p2a: Flutter Mane\n|-damage|p2a: Flutter Mane|57\/100\n|\n|-weather|Sandstorm|[upkeep]\n|-damage|p2a: Flutter Mane|51\/100|[from] Sandstorm\n|-damage|p1b: Glimmora|30\/100|[from] Sandstorm\n|upkeep\n|turn|9\n|inactive|Mikeypipebomb has 30 seconds left.\n|\n|t:|1683228383\n|move|p2a: Flutter Mane|Protect|p2a: Flutter Mane\n|-singleturn|p2a: Flutter Mane|Protect\n|move|p1b: Glimmora|Spiky Shield|p1b: Glimmora\n|-singleturn|p1b: Glimmora|move: Protect\n|move|p2b: Great Tusk|Headlong Rush|p1a: Tyranitar\n|-supereffective|p1a: Tyranitar\n|-damage|p1a: Tyranitar|0 fnt\n|-unboost|p2b: Great Tusk|def|1\n|-unboost|p2b: Great Tusk|spd|1\n|faint|p1a: Tyranitar\n|\n|-weather|none\n|-sideend|p1: Mdcvgc8|move: Light Screen\n|upkeep\n|turn|10\n|c|\u2606Mikeypipebomb|gg\n|\n|t:|1683228398\n|move|p2b: Great Tusk|Headlong Rush|p1b: Glimmora\n|-resisted|p1b: Glimmora\n|-damage|p1b: Glimmora|12\/100\n|-unboost|p2b: Great Tusk|def|1\n|-unboost|p2b: Great Tusk|spd|1\n|-activate|p1b: Glimmora|ability: Toxic Debris\n|-sidestart|p2: Mikeypipebomb|move: Toxic Spikes\n|move|p2a: Flutter Mane|Moonblast|p1b: Glimmora\n|-crit|p1b: Glimmora\n|-damage|p1b: Glimmora|0 fnt\n|faint|p1b: Glimmora\n|-damage|p2a: Flutter Mane|41\/100|[from] item: Life Orb\n|\n|win|Mikeypipebomb\n|raw|Mdcvgc8's rating: 1436 → 1411<\/strong> (-25 for losing)\n|raw|Mikeypipebomb's rating: 1350 → 1375<\/strong> (+25 for winning)\n","uploadtime":1683228403,"views":10,"p1id":"mdcvgc8","p2id":"mikeypipebomb","formatid":"gen9vgc2023regulationc","rating":1375,"private":0,"password":""}