{"id":"gen9vgc2023regulationc-1849853815","p1":"xiaoyang2004","p2":"bombart","format":"[Gen 9] VGC 2023 Regulation C","log":"|j|\u2606xiaoyang2004\n|j|\u2606bombart\n|t:|1682260864\n|gametype|doubles\n|player|p1|xiaoyang2004|lyra|1389\n|player|p2|bombart|101|1293\n|teamsize|p1|6\n|teamsize|p2|6\n|gen|9\n|tier|[Gen 9] VGC 2023 Regulation C\n|rated|\n|rule|Species Clause: Limit one of each Pok\u00e9mon\n|rule|Item Clause: Limit one of each item\n|clearpoke\n|poke|p1|Chi-Yu, L50|\n|poke|p1|Flutter Mane, L50|\n|poke|p1|Iron Bundle, L50|\n|poke|p1|Gholdengo, L50|\n|poke|p1|Talonflame, L50, M|\n|poke|p1|Amoonguss, L50, M|\n|poke|p2|Dragonite, L50, F|\n|poke|p2|Orthworm, L50, F|\n|poke|p2|Chien-Pao, L50|\n|poke|p2|Ting-Lu, L50|\n|poke|p2|Arcanine, L50, F|\n|poke|p2|Flutter Mane, L50|\n|teampreview|4\n|inactive|Battle timer is ON: inactive players will automatically lose when time's up. (requested by bombart)\n|\n|t:|1682260899\n|start\n|switch|p1a: Talonflame|Talonflame, L50, M, shiny|100\/100\n|switch|p1b: Flutter Mane|Flutter Mane, L50, shiny|100\/100\n|switch|p2a: Orthworm|Orthworm, L50, F|100\/100\n|switch|p2b: Ting-Lu|Ting-Lu, L50|100\/100\n|-ability|p2b: Ting-Lu|Vessel of Ruin\n|turn|1\n|\n|t:|1682260913\n|move|p1b: Flutter Mane|Protect|p1b: Flutter Mane\n|-singleturn|p1b: Flutter Mane|Protect\n|move|p1a: Talonflame|Taunt|p2a: Orthworm\n|-start|p2a: Orthworm|move: Taunt\n|move|p2b: Ting-Lu|Bulldoze|p1b: Flutter Mane|[spread] \n|-activate|p1b: Flutter Mane|move: Protect\n|-immune|p2a: Orthworm|[from] ability: Earth Eater\n|-immune|p1a: Talonflame\n|cant|p2a: Orthworm|move: Taunt|Shed Tail\n|\n|upkeep\n|turn|2\n|inactive|xiaoyang2004 has 30 seconds left.\n|\n|t:|1682260941\n|move|p1b: Flutter Mane|Shadow Ball|p2a: Orthworm\n|-damage|p2a: Orthworm|60\/100\n|move|p1a: Talonflame|Will-O-Wisp|p2b: Ting-Lu|[miss]\n|-miss|p1a: Talonflame|p2b: Ting-Lu\n|move|p2b: Ting-Lu|Earthquake|p1a: Talonflame|[spread] p1b\n|-heal|p2a: Orthworm|85\/100|[from] ability: Earth Eater|[of] p2b: Ting-Lu\n|-immune|p1a: Talonflame\n|-damage|p1b: Flutter Mane|34\/100\n|move|p2a: Orthworm|Heavy Slam|p1b: Flutter Mane\n|-supereffective|p1b: Flutter Mane\n|-damage|p1b: Flutter Mane|0 fnt\n|faint|p1b: Flutter Mane\n|-end|p1b: Flutter Mane|Protosynthesis|[silent]\n|\n|upkeep\n|\n|t:|1682260956\n|switch|p1b: Chi-Yu|Chi-Yu, L50|100\/100\n|-ability|p1b: Chi-Yu|Beads of Ruin\n|turn|3\n|\n|t:|1682260979\n|switch|p2a: Dragonite|Dragonite, L50, F|100\/100\n|move|p1a: Talonflame|Will-O-Wisp|p2b: Ting-Lu\n|-status|p2b: Ting-Lu|brn\n|move|p1b: Chi-Yu|Overheat|p2a: Dragonite\n|-resisted|p2a: Dragonite\n|-damage|p2a: Dragonite|75\/100\n|-unboost|p1b: Chi-Yu|spa|2\n|move|p2b: Ting-Lu|Earthquake|p1b: Chi-Yu|[spread] p1b\n|-immune|p2a: Dragonite\n|-immune|p1a: Talonflame\n|-supereffective|p1b: Chi-Yu\n|-damage|p1b: Chi-Yu|50\/100\n|\n|-damage|p2b: Ting-Lu|94\/100 brn|[from] brn\n|upkeep\n|turn|4\n|\n|t:|1682261001\n|switch|p1b: Iron Bundle|Iron Bundle, L50, shiny|100\/100\n|-enditem|p1b: Iron Bundle|Booster Energy\n|-activate|p1b: Iron Bundle|ability: Quark Drive|[fromitem]\n|-start|p1b: Iron Bundle|quarkdrivespe\n|switch|p2a: Orthworm|Orthworm, L50, F|85\/100\n|move|p1a: Talonflame|Will-O-Wisp|p2a: Orthworm\n|-status|p2a: Orthworm|brn\n|move|p2b: Ting-Lu|Earthquake|p1a: Talonflame|[spread] p1b\n|-heal|p2a: Orthworm|100\/100 brn|[from] ability: Earth Eater|[of] p2b: Ting-Lu\n|-immune|p1a: Talonflame\n|-crit|p1b: Iron Bundle\n|-damage|p1b: Iron Bundle|75\/100\n|\n|-damage|p2b: Ting-Lu|88\/100 brn|[from] brn\n|-damage|p2a: Orthworm|95\/100 brn|[from] brn\n|upkeep\n|turn|5\n|inactive|xiaoyang2004 has 30 seconds left.\n|\n|t:|1682261026\n|move|p1b: Iron Bundle|Freeze-Dry|p2b: Ting-Lu\n|-supereffective|p2b: Ting-Lu\n|-damage|p2b: Ting-Lu|56\/100 brn\n|move|p1a: Talonflame|Taunt|p2a: Orthworm\n|-start|p2a: Orthworm|move: Taunt\n|move|p2b: Ting-Lu|Bulldoze|p1b: Iron Bundle|[spread] p1b\n|-heal|p2a: Orthworm|100\/100 brn|[from] ability: Earth Eater|[of] p2b: Ting-Lu\n|-immune|p1a: Talonflame\n|-damage|p1b: Iron Bundle|64\/100\n|-unboost|p1b: Iron Bundle|spe|1\n|cant|p2a: Orthworm|move: Taunt|Shed Tail\n|\n|-damage|p2b: Ting-Lu|50\/100 brn|[from] brn\n|-damage|p2a: Orthworm|95\/100 brn|[from] brn\n|upkeep\n|turn|6\n|inactive|xiaoyang2004 has 30 seconds left.\n|\n|t:|1682261055\n|move|p1b: Iron Bundle|Freeze-Dry|p2b: Ting-Lu\n|-supereffective|p2b: Ting-Lu\n|-damage|p2b: Ting-Lu|20\/100 brn\n|move|p1a: Talonflame|Will-O-Wisp|p2a: Orthworm|[miss]\n|-miss|p1a: Talonflame|p2a: Orthworm\n|move|p2b: Ting-Lu|Ruination|p1a: Talonflame\n|-damage|p1a: Talonflame|51\/100\n|move|p2a: Orthworm|Body Press|p1b: Iron Bundle\n|-supereffective|p1b: Iron Bundle\n|-damage|p1b: Iron Bundle|30\/100\n|\n|-damage|p2b: Ting-Lu|14\/100 brn|[from] brn\n|-damage|p2a: Orthworm|89\/100 brn|[from] brn\n|upkeep\n|turn|7\n|inactive|xiaoyang2004 has 30 seconds left.\n|\n|t:|1682261084\n|switch|p2b: Chien-Pao|Chien-Pao, L50|100\/100\n|-ability|p2b: Chien-Pao|Sword of Ruin\n|-terastallize|p1b: Iron Bundle|Ghost\n|move|p1b: Iron Bundle|Hydro Pump|p2a: Orthworm\n|-damage|p2a: Orthworm|22\/100 brn\n|-enditem|p2a: Orthworm|Sitrus Berry|[eat]\n|-heal|p2a: Orthworm|47\/100 brn|[from] item: Sitrus Berry\n|move|p1a: Talonflame|Brave Bird|p2b: Chien-Pao\n|-damage|p2b: Chien-Pao|49\/100\n|-damage|p1a: Talonflame|36\/100|[from] Recoil\n|move|p2a: Orthworm|Body Press|p1b: Iron Bundle\n|-immune|p1b: Iron Bundle\n|\n|-damage|p2a: Orthworm|41\/100 brn|[from] brn\n|-end|p2a: Orthworm|move: Taunt\n|upkeep\n|turn|8\n|inactive|xiaoyang2004 has 30 seconds left.\n|inactive|bombart has 30 seconds left.\n|\n|t:|1682261111\n|switch|p2a: Ting-Lu|Ting-Lu, L50|14\/100 brn\n|-ability|p2a: Ting-Lu|Vessel of Ruin\n|move|p1b: Iron Bundle|Protect|p1b: Iron Bundle\n|-singleturn|p1b: Iron Bundle|Protect\n|move|p2b: Chien-Pao|Sucker Punch||[still]\n|-fail|p2b: Chien-Pao\n|move|p1a: Talonflame|Brave Bird|p2b: Chien-Pao\n|-damage|p2b: Chien-Pao|0 fnt\n|faint|p2b: Chien-Pao\n|-damage|p1a: Talonflame|23\/100|[from] Recoil\n|\n|-damage|p2a: Ting-Lu|8\/100 brn|[from] brn\n|upkeep\n|\n|t:|1682261125\n|switch|p2b: Dragonite|Dragonite, L50, F|75\/100\n|turn|9\n|\n|t:|1682261139\n|switch|p2b: Orthworm|Orthworm, L50, F|41\/100 brn\n|move|p1b: Iron Bundle|Icy Wind|p2a: Ting-Lu|[spread] p2a,p2b\n|-supereffective|p2a: Ting-Lu\n|-resisted|p2b: Orthworm\n|-damage|p2a: Ting-Lu|0 fnt\n|-damage|p2b: Orthworm|32\/100 brn\n|-unboost|p2b: Orthworm|spe|1\n|faint|p2a: Ting-Lu\n|move|p1a: Talonflame|Will-O-Wisp|p2b: Orthworm\n|-fail|p2b: Orthworm|brn\n|\n|-damage|p2b: Orthworm|26\/100 brn|[from] brn\n|upkeep\n|-message|bombart forfeited.\n|\n|win|xiaoyang2004\n|raw|xiaoyang2004's rating: 1389 → 1404<\/strong> (+15 for winning)\n|raw|bombart's rating: 1293 → 1275<\/strong> (-18 for losing)\n|l|\u2606bombart\n","uploadtime":1682261160,"views":9,"p1id":"xiaoyang2004","p2id":"bombart","formatid":"gen9vgc2023regulationc","rating":1275,"private":0,"password":""}