{"id":"gen9vgc2023regulationc-1846288872","p1":"kiebnuts","p2":"Gracamol","format":"[Gen 9] VGC 2023 Regulation C","log":"|j|\u203dkiebnuts\n|j|\u2606Gracamol\n|t:|1681828772\n|gametype|doubles\n|player|p1|kiebnuts|101|1241\n|player|p2|Gracamol|barry|1141\n|teamsize|p1|6\n|teamsize|p2|6\n|gen|9\n|tier|[Gen 9] VGC 2023 Regulation C\n|rated|\n|rule|Species Clause: Limit one of each Pok\u00e9mon\n|rule|Item Clause: Limit one of each item\n|clearpoke\n|poke|p1|Amoonguss, L50, M|\n|poke|p1|Tyranitar, L50, F|\n|poke|p1|Chien-Pao, L50|\n|poke|p1|Flutter Mane, L50|\n|poke|p1|Great Tusk, L50|\n|poke|p1|Arcanine, L50, M|\n|poke|p2|Flutter Mane, L50|\n|poke|p2|Grimmsnarl, L50, M|\n|poke|p2|Tauros-Paldea-Aqua, L50, M|\n|poke|p2|Rotom-Fan, L50|\n|poke|p2|Iron Bundle, L50|\n|poke|p2|Sandy Shocks, L50|\n|teampreview|4\n|inactive|Battle timer is ON: inactive players will automatically lose when time's up. (requested by kiebnuts)\nGracamol has agreed to open team sheets.\n|inactive|kiebnuts has 60 seconds left.\n|inactive|Gracamol has 60 seconds left.\n|\n|t:|1681828822\n|start\n|switch|p1a: Tyranitar|Tyranitar, L50, F|100\/100\n|switch|p1b: Chien-Pao|Chien-Pao, L50|100\/100\n|switch|p2a: Blitzwing|Iron Bundle, L50|100\/100\n|switch|p2b: Wheeljack|Rotom-Fan, L50, shiny|100\/100\n|-ability|p1b: Chien-Pao|Sword of Ruin\n|-weather|Sandstorm|[from] ability: Sand Stream|[of] p1a: Tyranitar\n|turn|1\n|\n|t:|1681828839\n|move|p2a: Blitzwing|Protect|p2a: Blitzwing\n|-singleturn|p2a: Blitzwing|Protect\n|move|p1b: Chien-Pao|Protect|p1b: Chien-Pao\n|-singleturn|p1b: Chien-Pao|Protect\n|move|p2b: Wheeljack|Will-O-Wisp|p1a: Tyranitar\n|-status|p1a: Tyranitar|brn\n|move|p1a: Tyranitar|Rock Slide|p2a: Blitzwing|[spread] p2b\n|-activate|p2a: Blitzwing|move: Protect\n|-supereffective|p2b: Wheeljack\n|-damage|p2b: Wheeljack|53\/100\n|\n|-weather|Sandstorm|[upkeep]\n|-damage|p1b: Chien-Pao|95\/100|[from] Sandstorm\n|-damage|p2b: Wheeljack|47\/100|[from] Sandstorm\n|-enditem|p2b: Wheeljack|Sitrus Berry|[eat]\n|-heal|p2b: Wheeljack|72\/100|[from] item: Sitrus Berry\n|-damage|p1a: Tyranitar|95\/100 brn|[from] brn\n|upkeep\n|turn|2\n|\n|t:|1681828868\n|-end|p2a: Blitzwing|Quark Drive|[silent]\n|switch|p2a: Sideways|Tauros-Paldea-Aqua, L50, M|100\/100\n|-ability|p2a: Sideways|Intimidate|boost\n|-unboost|p1a: Tyranitar|atk|1\n|-unboost|p1b: Chien-Pao|atk|1\n|switch|p1b: Amoonguss|Amoonguss, L50, M|100\/100\n|move|p2b: Wheeljack|Protect|p2b: Wheeljack\n|-singleturn|p2b: Wheeljack|Protect\n|move|p1a: Tyranitar|Rock Slide|p2a: Sideways|[spread] p2a\n|-activate|p2b: Wheeljack|move: Protect\n|-resisted|p2a: Sideways\n|-damage|p2a: Sideways|95\/100\n|\n|-weather|Sandstorm|[upkeep]\n|-damage|p2a: Sideways|89\/100|[from] Sandstorm\n|-damage|p2b: Wheeljack|66\/100|[from] Sandstorm\n|-damage|p1b: Amoonguss|95\/100|[from] Sandstorm\n|-damage|p1a: Tyranitar|89\/100 brn|[from] brn\n|upkeep\n|turn|3\n|\n|t:|1681828888\n|switch|p2a: Blitzwing|Iron Bundle, L50|100\/100\n|switch|p1a: Flutter Mane|Flutter Mane, L50|100\/100\n|move|p1b: Amoonguss|Rage Powder|p1b: Amoonguss\n|-singleturn|p1b: Amoonguss|move: Rage Powder\n|move|p2b: Wheeljack|Air Slash|p1b: Amoonguss\n|-supereffective|p1b: Amoonguss\n|-damage|p1b: Amoonguss|37\/100\n|-enditem|p1b: Amoonguss|Sitrus Berry|[eat]\n|-heal|p1b: Amoonguss|62\/100|[from] item: Sitrus Berry\n|\n|-weather|Sandstorm|[upkeep]\n|-damage|p1a: Flutter Mane|94\/100|[from] Sandstorm\n|-damage|p2b: Wheeljack|60\/100|[from] Sandstorm\n|-damage|p1b: Amoonguss|56\/100|[from] Sandstorm\n|upkeep\n|turn|4\n|\n|t:|1681828908\n|-terastallize|p1b: Amoonguss|Water\n|move|p1b: Amoonguss|Rage Powder|p1b: Amoonguss\n|-singleturn|p1b: Amoonguss|move: Rage Powder\n|move|p2a: Blitzwing|Icy Wind|p1b: Amoonguss|[spread] p1a,p1b\n|-resisted|p1b: Amoonguss\n|-damage|p1a: Flutter Mane|71\/100\n|-damage|p1b: Amoonguss|48\/100\n|-unboost|p1a: Flutter Mane|spe|1\n|-unboost|p1b: Amoonguss|spe|1\n|move|p1a: Flutter Mane|Dazzling Gleam|p2a: Blitzwing|[spread] p2a,p2b\n|-damage|p2a: Blitzwing|9\/100\n|-damage|p2b: Wheeljack|16\/100\n|move|p2b: Wheeljack|Air Slash|p1b: Amoonguss\n|-damage|p1b: Amoonguss|18\/100\n|\n|-weather|Sandstorm|[upkeep]\n|-damage|p1a: Flutter Mane|65\/100|[from] Sandstorm\n|-damage|p2b: Wheeljack|11\/100|[from] Sandstorm\n|-damage|p1b: Amoonguss|12\/100|[from] Sandstorm\n|upkeep\n|turn|5\n|inactive|Gracamol has 30 seconds left.\n|inactive|kiebnuts has 30 seconds left.\n|\n|t:|1681828939\n|switch|p1b: Chien-Pao|Chien-Pao, L50|95\/100\n|-ability|p1b: Chien-Pao|Sword of Ruin\n|move|p2a: Blitzwing|Icy Wind|p1b: Chien-Pao|[spread] p1a,p1b\n|-resisted|p1b: Chien-Pao\n|-damage|p1a: Flutter Mane|42\/100\n|-damage|p1b: Chien-Pao|77\/100\n|-unboost|p1a: Flutter Mane|spe|1\n|-unboost|p1b: Chien-Pao|spe|1\n|move|p2b: Wheeljack|Volt Switch|p1a: Flutter Mane\n|-crit|p1a: Flutter Mane\n|-damage|p1a: Flutter Mane|0 fnt\n|faint|p1a: Flutter Mane\n|-end|p1a: Flutter Mane|Protosynthesis|[silent]\n|\n|t:|1681828951\n|switch|p2b: Sideways|Tauros-Paldea-Aqua, L50, M|89\/100|[from] Volt Switch\n|-ability|p2b: Sideways|Intimidate|boost\n|-unboost|p1b: Chien-Pao|atk|1\n|\n|-weather|none\n|upkeep\n|\n|t:|1681828961\n|switch|p1a: Amoonguss|Amoonguss, L50, M, tera:Water|45\/100\n|turn|6\n|\n|t:|1681828972\n|move|p2a: Blitzwing|Protect|p2a: Blitzwing\n|-singleturn|p2a: Blitzwing|Protect\n|move|p1a: Amoonguss|Rage Powder|p1a: Amoonguss\n|-singleturn|p1a: Amoonguss|move: Rage Powder\n|move|p1b: Chien-Pao|Sucker Punch||[still]\n|-fail|p1b: Chien-Pao\n|move|p2b: Sideways|Close Combat|p1a: Amoonguss\n|-damage|p1a: Amoonguss|0 fnt\n|-unboost|p2b: Sideways|def|1\n|-unboost|p2b: Sideways|spd|1\n|faint|p1a: Amoonguss\n|\n|upkeep\n|\n|t:|1681828977\n|switch|p1a: Tyranitar|Tyranitar, L50, F|89\/100 brn\n|-weather|Sandstorm|[from] ability: Sand Stream|[of] p1a: Tyranitar\n|turn|7\n|-message|kiebnuts forfeited.\n|\n|win|Gracamol\n|raw|kiebnuts's rating: 1241 → 1209<\/strong> (-32 for losing)\n|raw|Gracamol's rating: 1141 → 1173<\/strong> (+32 for winning)\n|l|\u203dkiebnuts\n","uploadtime":1681829049,"views":10,"p1id":"kiebnuts","p2id":"gracamol","formatid":"gen9vgc2023regulationc","rating":1173,"private":0,"password":""}