{"id":"gen9vgc2023regulationc-1859636362","p1":"pardosimmia","p2":"fabiobl7","format":"[Gen 9] VGC 2023 Regulation C","log":"|j|\u2606pardosimmia\n|j|\u2606fabiobl7\n|t:|1683551350\n|gametype|doubles\n|player|p1|pardosimmia|265|1317\n|player|p2|fabiobl7|169|1224\n|teamsize|p1|6\n|teamsize|p2|6\n|gen|9\n|tier|[Gen 9] VGC 2023 Regulation C\n|rated|\n|rule|Species Clause: Limit one of each Pok\u00e9mon\n|rule|Item Clause: Limit one of each item\n|clearpoke\n|poke|p1|Amoonguss, L50, F|\n|poke|p1|Arcanine, L50, M|\n|poke|p1|Palafin, L50, F|\n|poke|p1|Flutter Mane, L50|\n|poke|p1|Chi-Yu, L50|\n|poke|p1|Iron Bundle, L50|\n|poke|p2|Gholdengo, L50|\n|poke|p2|Amoonguss, L50, F|\n|poke|p2|Palafin, L50, M|\n|poke|p2|Flutter Mane, L50|\n|poke|p2|Gyarados, L50, F|\n|poke|p2|Dragonite, L50, F|\n|teampreview|4\n|\n|t:|1683551380\n|start\n|switch|p1a: Chi-Yu|Chi-Yu, L50|100\/100\n|switch|p1b: Iron Bundle|Iron Bundle, L50|100\/100\n|switch|p2a: Dragonite|Dragonite, L50, F|100\/100\n|switch|p2b: Amoonguss|Amoonguss, L50, F|100\/100\n|-ability|p1a: Chi-Yu|Beads of Ruin\n|-enditem|p1b: Iron Bundle|Booster Energy\n|-activate|p1b: Iron Bundle|ability: Quark Drive|[fromitem]\n|-start|p1b: Iron Bundle|quarkdrivespe\n|turn|1\n|\n|t:|1683551404\n|move|p1b: Iron Bundle|Icy Wind|p2b: Amoonguss|[spread] p2a\n|-miss|p1b: Iron Bundle|p2b: Amoonguss\n|-supereffective|p2a: Dragonite\n|-damage|p2a: Dragonite|49\/100\n|-unboost|p2a: Dragonite|spe|1\n|move|p1a: Chi-Yu|Nasty Plot|p1a: Chi-Yu\n|-boost|p1a: Chi-Yu|spa|2\n|move|p2a: Dragonite|Dragon Dance|p2a: Dragonite\n|-boost|p2a: Dragonite|atk|1\n|-boost|p2a: Dragonite|spe|1\n|move|p2b: Amoonguss|Spore|p1b: Iron Bundle\n|-status|p1b: Iron Bundle|slp|[from] move: Spore\n|\n|upkeep\n|turn|2\n|inactive|Battle timer is ON: inactive players will automatically lose when time's up. (requested by pardosimmia)\n|\n|t:|1683551438\n|move|p2b: Amoonguss|Protect|p2b: Amoonguss\n|-singleturn|p2b: Amoonguss|Protect\n|move|p2a: Dragonite|Extreme Speed|p1a: Chi-Yu\n|-damage|p1a: Chi-Yu|50\/100\n|cant|p1b: Iron Bundle|slp\n|move|p1a: Chi-Yu|Heat Wave|p2a: Dragonite|[spread] p2a\n|-activate|p2b: Amoonguss|move: Protect\n|-resisted|p2a: Dragonite\n|-damage|p2a: Dragonite|0 fnt\n|faint|p2a: Dragonite\n|-damage|p1a: Chi-Yu|41\/100|[from] item: Life Orb\n|\n|upkeep\n|\n|t:|1683551450\n|switch|p2a: Gyarados|Gyarados, L50, F|100\/100\n|-ability|p2a: Gyarados|Intimidate|boost\n|-unboost|p1a: Chi-Yu|atk|1\n|-unboost|p1b: Iron Bundle|atk|1\n|turn|3\n|\n|t:|1683551461\n|-terastallize|p2b: Amoonguss|Water\n|-curestatus|p1b: Iron Bundle|slp|[msg]\n|move|p1b: Iron Bundle|Freeze-Dry|p2a: Gyarados\n|-supereffective|p2a: Gyarados\n|-damage|p2a: Gyarados|0 fnt\n|faint|p2a: Gyarados\n|move|p1a: Chi-Yu|Heat Wave|p2b: Amoonguss\n|-resisted|p2b: Amoonguss\n|-damage|p2b: Amoonguss|38\/100\n|-enditem|p2b: Amoonguss|Sitrus Berry|[eat]\n|-heal|p2b: Amoonguss|63\/100|[from] item: Sitrus Berry\n|-damage|p1a: Chi-Yu|31\/100|[from] item: Life Orb\n|move|p2b: Amoonguss|Pollen Puff|p1b: Iron Bundle\n|-damage|p1b: Iron Bundle|54\/100\n|\n|upkeep\n|\n|t:|1683551467\n|switch|p2a: Gholdengo|Gholdengo, L50|100\/100\n|turn|4\n|\n|t:|1683551482\n|move|p2b: Amoonguss|Protect|p2b: Amoonguss\n|-singleturn|p2b: Amoonguss|Protect\n|move|p1b: Iron Bundle|Freeze-Dry|p2b: Amoonguss\n|-activate|p2b: Amoonguss|move: Protect\n|move|p1a: Chi-Yu|Heat Wave|p2a: Gholdengo|[spread] \n|-activate|p2b: Amoonguss|move: Protect\n|-miss|p1a: Chi-Yu|p2a: Gholdengo\n|move|p2a: Gholdengo|Make It Rain|p1a: Chi-Yu|[spread] p1a,p1b\n|-resisted|p1a: Chi-Yu\n|-damage|p1a: Chi-Yu|9\/100\n|-damage|p1b: Iron Bundle|0 fnt\n|-unboost|p2a: Gholdengo|spa|1\n|faint|p1b: Iron Bundle\n|-end|p1b: Iron Bundle|Quark Drive|[silent]\n|\n|upkeep\n|\n|t:|1683551500\n|switch|p1b: Arcanine|Arcanine, L50, M, shiny|100\/100\n|-ability|p1b: Arcanine|Intimidate|boost\n|-unboost|p2a: Gholdengo|atk|1\n|-unboost|p2b: Amoonguss|atk|1\n|turn|5\n|\n|t:|1683551510\n|move|p1a: Chi-Yu|Heat Wave|p2a: Gholdengo|[spread] p2a,p2b\n|-supereffective|p2a: Gholdengo\n|-resisted|p2b: Amoonguss\n|-damage|p2a: Gholdengo|0 fnt\n|-damage|p2b: Amoonguss|19\/100\n|faint|p2a: Gholdengo\n|-damage|p1a: Chi-Yu|0 fnt|[from] item: Life Orb\n|faint|p1a: Chi-Yu\n|move|p1b: Arcanine|Flare Blitz|p2b: Amoonguss\n|-resisted|p2b: Amoonguss\n|-damage|p2b: Amoonguss|0 fnt\n|faint|p2b: Amoonguss\n|-damage|p1b: Arcanine|93\/100|[from] Recoil\n|\n|win|pardosimmia\n|raw|pardosimmia's rating: 1317 → 1332<\/strong> (+15 for winning)\n|raw|fabiobl7's rating: 1224 → 1206<\/strong> (-18 for losing)\n|l|\u2606fabiobl7\n","uploadtime":1683551523,"views":9,"p1id":"pardosimmia","p2id":"fabiobl7","formatid":"gen9vgc2023regulationc","rating":1206,"private":0,"password":""}