{"id":"gen9vgc2023regulationc-1864358975","p1":"twtwhshshs","p2":"GetDududunsparced","format":"[Gen 9] VGC 2023 Regulation C","log":"|j|\u2606twtwhshshs\n|j|\u2606GetDududunsparced\n|t:|1684159277\n|gametype|doubles\n|player|p1|twtwhshshs|benga|1082\n|player|p2|GetDududunsparced|cynthia|1000\n|teamsize|p1|6\n|teamsize|p2|6\n|gen|9\n|tier|[Gen 9] VGC 2023 Regulation C\n|rated|\n|rule|Species Clause: Limit one of each Pok\u00e9mon\n|rule|Item Clause: Limit one of each item\n|clearpoke\n|poke|p1|Volcarona, L50, F|\n|poke|p1|Oricorio-Pom-Pom, L50, M|\n|poke|p1|Lilligant, L50, F|\n|poke|p1|Torkoal, L50, F|\n|poke|p1|Tinkaton, L50, F|\n|poke|p1|Quaquaval, L50, F|\n|poke|p2|Dudunsparce-*, L50, M|\n|poke|p2|Oranguru, L50, F|\n|poke|p2|Iron Hands, L50|\n|poke|p2|Bronzong, L50|\n|poke|p2|Torkoal, L50, M|\n|poke|p2|Ting-Lu, L50|\n|teampreview|4\nGetDududunsparced rejected open team sheets.\n|\n|t:|1684159314\n|start\n|switch|p1a: Aestetik girl|Tinkaton, L50, F|100\/100\n|switch|p1b: Miau|Volcarona, L50, F|100\/100\n|switch|p2a: Oranguru|Oranguru, L50, F|100\/100\n|switch|p2b: Iron Hands|Iron Hands, L50|100\/100\n|turn|1\n|\n|t:|1684159327\n|move|p1a: Aestetik girl|Fake Out|p2a: Oranguru\n|-damage|p2a: Oranguru|95\/100\n|move|p2b: Iron Hands|Fake Out|p1b: Miau\n|-damage|p1b: Miau|80\/100\n|cant|p1b: Miau|flinch\n|cant|p2a: Oranguru|flinch\n|\n|upkeep\n|turn|2\n|\n|t:|1684159352\n|move|p1b: Miau|Bug Buzz|p2a: Oranguru\n|-supereffective|p2a: Oranguru\n|-damage|p2a: Oranguru|19\/100\n|move|p1a: Aestetik girl|Thunder Wave|p2a: Oranguru\n|-status|p2a: Oranguru|par\n|move|p2b: Iron Hands|Volt Switch|p1a: Aestetik girl\n|-damage|p1a: Aestetik girl|86\/100\n|\n|t:|1684159361\n|-end|p2b: Iron Hands|Quark Drive|[silent]\n|switch|p2b: Dudunsparce|Dudunsparce, L50, M|100\/100|[from] Volt Switch\n|move|p2a: Oranguru|Trick Room|p2a: Oranguru\n|-fieldstart|move: Trick Room|[of] p2a: Oranguru\n|\n|upkeep\n|turn|3\n|\n|t:|1684159380\n|-terastallize|p2b: Dudunsparce|Rock\n|move|p1b: Miau|Protect|p1b: Miau\n|-singleturn|p1b: Miau|Protect\n|move|p2a: Oranguru|Brick Break|p2b: Dudunsparce\n|-supereffective|p2b: Dudunsparce\n|-damage|p2b: Dudunsparce|82\/100\n|-enditem|p2b: Dudunsparce|Weakness Policy\n|-boost|p2b: Dudunsparce|atk|2|[from] item: Weakness Policy\n|-boost|p2b: Dudunsparce|spa|2|[from] item: Weakness Policy\n|-activate|p2a: Oranguru|ability: Symbiosis|Wide Lens|[of] p2b: Dudunsparce\n|move|p2b: Dudunsparce|Rock Slide|p1b: Miau|[spread] p1a\n|-activate|p1b: Miau|move: Protect\n|-resisted|p1a: Aestetik girl\n|-damage|p1a: Aestetik girl|56\/100\n|move|p1a: Aestetik girl|Thunder Wave|p2b: Dudunsparce|[miss]\n|-miss|p1a: Aestetik girl|p2b: Dudunsparce\n|\n|upkeep\n|turn|4\n|\n|t:|1684159423\n|-terastallize|p1b: Miau|Steel\n|move|p1a: Aestetik girl|Protect|p1a: Aestetik girl\n|-singleturn|p1a: Aestetik girl|Protect\n|move|p2a: Oranguru|Instruct|p2b: Dudunsparce\n|-singleturn|p2b: Dudunsparce|move: Instruct|[of] p2a: Oranguru\n|move|p2b: Dudunsparce|Rock Slide|p1a: Aestetik girl|[spread] p1b\n|-activate|p1a: Aestetik girl|move: Protect\n|-resisted|p1b: Miau\n|-damage|p1b: Miau|42\/100\n|-enditem|p1b: Miau|Sitrus Berry|[eat]\n|-heal|p1b: Miau|67\/100|[from] item: Sitrus Berry\n|move|p2b: Dudunsparce|Hyper Drill|p1a: Aestetik girl\n|-resisted|p1a: Aestetik girl\n|-damage|p1a: Aestetik girl|0 fnt\n|faint|p1a: Aestetik girl\n|cant|p1b: Miau|flinch\n|\n|upkeep\n|\n|t:|1684159443\n|switch|p1a: Patuda|Quaquaval, L50, F|100\/100\n|turn|5\n|\n|t:|1684159457\n|move|p2a: Oranguru|Instruct|p2b: Dudunsparce\n|-singleturn|p2b: Dudunsparce|move: Instruct|[of] p2a: Oranguru\n|move|p2b: Dudunsparce|Hyper Drill|p1a: Patuda\n|-damage|p1a: Patuda|0 fnt\n|faint|p1a: Patuda\n|move|p2b: Dudunsparce|Rock Slide|p1b: Miau\n|-resisted|p1b: Miau\n|-damage|p1b: Miau|16\/100\n|cant|p1b: Miau|flinch\n|\n|upkeep\n|-message|twtwhshshs forfeited.\n|\n|win|GetDududunsparced\n|raw|twtwhshshs's rating: 1082 → 1055<\/strong> (-27 for losing)\n|raw|GetDududunsparced's rating: 1000 → 1049<\/strong> (+49 for winning)\n|l|\u2606twtwhshshs\n","uploadtime":1684159471,"views":7,"p1id":"twtwhshshs","p2id":"getdududunsparced","formatid":"gen9vgc2023regulationc","rating":1049,"private":0,"password":""}