{"id":"gen9vgc2023regulationc-1861616987","p1":"fmvtis","p2":"ImmatWork","format":"[Gen 9] VGC 2023 Regulation C","log":"|j|\u203dfmvtis\n|j|\u2606ImmatWork\n|t:|1683782183\n|gametype|doubles\n|player|p1|fmvtis|ghetsis|1349\n|player|p2|ImmatWork|aromalady|1455\n|teamsize|p1|6\n|teamsize|p2|6\n|gen|9\n|tier|[Gen 9] VGC 2023 Regulation C\n|rated|\n|rule|Species Clause: Limit one of each Pok\u00e9mon\n|rule|Item Clause: Limit one of each item\n|clearpoke\n|poke|p1|Misdreavus, L50, M|\n|poke|p1|Grimmsnarl, L50, M|\n|poke|p1|Armarouge, L50, F|\n|poke|p1|Indeedee-F, L50, F|\n|poke|p1|Ting-Lu, L50|\n|poke|p1|Torkoal, L50, M|\n|poke|p2|Tyranitar, L50, F|\n|poke|p2|Lycanroc, L50, F|\n|poke|p2|Orthworm, L50, M|\n|poke|p2|Garchomp, L50, F|\n|poke|p2|Coalossal, L50, F|\n|poke|p2|Dragonite, L50, F|\n|teampreview|4\n|inactive|Battle timer is ON: inactive players will automatically lose when time's up. (requested by fmvtis)\nfmvtis rejected open team sheets.\n|\n|t:|1683782220\n|start\n|switch|p1a: Grimmsnarl|Grimmsnarl, L50, M|100\/100\n|switch|p1b: Misdreavus|Misdreavus, L50, M|100\/100\n|switch|p2a: Tyranitar|Tyranitar, L50, F|100\/100\n|switch|p2b: Orthworm|Orthworm, L50, M|100\/100\n|-weather|Sandstorm|[from] ability: Sand Stream|[of] p2a: Tyranitar\n|turn|1\n|\n|t:|1683782229\n|-terastallize|p2a: Tyranitar|Flying\n|move|p1a: Grimmsnarl|Reflect|p1a: Grimmsnarl\n|-sidestart|p1: fmvtis|Reflect\n|move|p2a: Tyranitar|Rock Slide|p1a: Grimmsnarl|[spread] p1a,p1b\n|-damage|p1a: Grimmsnarl|72\/100\n|-damage|p1b: Misdreavus|80\/100\n|move|p2b: Orthworm|Shed Tail|p2b: Orthworm\n|-start|p2b: Orthworm|Substitute|[from] move: Shed Tail\n|-damage|p2b: Orthworm|50\/100\n|-enditem|p2b: Orthworm|Sitrus Berry|[eat]\n|-heal|p2b: Orthworm|75\/100|[from] item: Sitrus Berry\n|\n|t:|1683782236\n|switch|p2b: Garchomp|Garchomp, L50, F|100\/100|[from] Shed Tail\n|move|p1b: Misdreavus|Trick Room|p1b: Misdreavus\n|-fieldstart|move: Trick Room|[of] p1b: Misdreavus\n|\n|-weather|Sandstorm|[upkeep]\n|-damage|p1a: Grimmsnarl|66\/100|[from] Sandstorm\n|-damage|p1b: Misdreavus|74\/100|[from] Sandstorm\n|-damage|p2a: Tyranitar|95\/100|[from] Sandstorm\n|upkeep\n|turn|2\n|\n|t:|1683782257\n|move|p2b: Garchomp|Protect|p2b: Garchomp\n|-singleturn|p2b: Garchomp|Protect\n|move|p1a: Grimmsnarl|Parting Shot|p2a: Tyranitar\n|-unboost|p2a: Tyranitar|atk|1\n|-unboost|p2a: Tyranitar|spa|1\n|\n|t:|1683782261\n|switch|p1a: Indeedee|Indeedee-F, L50, F|100\/100|[from] Parting Shot\n|-fieldstart|move: Psychic Terrain|[from] ability: Psychic Surge|[of] p1a: Indeedee\n|move|p1b: Misdreavus|Night Shade|p2b: Garchomp\n|-activate|p2b: Garchomp|move: Protect\n|move|p2a: Tyranitar|Rock Slide|p1b: Misdreavus|[spread] p1a,p1b\n|-damage|p1a: Indeedee|83\/100\n|-damage|p1b: Misdreavus|61\/100\n|\n|-weather|Sandstorm|[upkeep]\n|-damage|p1b: Misdreavus|55\/100|[from] Sandstorm\n|-damage|p2a: Tyranitar|89\/100|[from] Sandstorm\n|upkeep\n|turn|3\n|\n|t:|1683782276\n|switch|p2a: Orthworm|Orthworm, L50, M|75\/100\n|move|p1b: Misdreavus|Will-O-Wisp|p2a: Orthworm|[miss]\n|-miss|p1b: Misdreavus|p2a: Orthworm\n|move|p1a: Indeedee|Dazzling Gleam|p2b: Garchomp|[spread] p2a\n|-miss|p1a: Indeedee|p2b: Garchomp\n|-resisted|p2a: Orthworm\n|-damage|p2a: Orthworm|68\/100\n|move|p2b: Garchomp|Earthquake|p1a: Indeedee|[spread] p1a\n|-heal|p2a: Orthworm|93\/100|[from] ability: Earth Eater|[of] p2b: Garchomp\n|-immune|p1b: Misdreavus|[from] ability: Levitate\n|-damage|p1a: Indeedee|63\/100\n|\n|-weather|Sandstorm|[upkeep]\n|-damage|p1b: Misdreavus|49\/100|[from] Sandstorm\n|upkeep\n|turn|4\n|\n|t:|1683782299\n|move|p1b: Misdreavus|Helping Hand|p1a: Indeedee\n|-singleturn|p1a: Indeedee|Helping Hand|[of] p1b: Misdreavus\n|move|p2b: Garchomp|Protect|p2b: Garchomp\n|-singleturn|p2b: Garchomp|Protect\n|move|p2a: Orthworm|Shed Tail|p2a: Orthworm\n|-start|p2a: Orthworm|Substitute|[from] move: Shed Tail\n|-damage|p2a: Orthworm|43\/100\n|\n|t:|1683782312\n|switch|p2a: Dragonite|Dragonite, L50, F|100\/100|[from] Shed Tail\n|move|p1a: Indeedee|Dazzling Gleam|p2a: Dragonite|[spread] p2a\n|-activate|p2b: Garchomp|move: Protect\n|-supereffective|p2a: Dragonite\n|-activate|p2a: Dragonite|move: Substitute|[damage]\n|\n|-weather|Sandstorm|[upkeep]\n|-damage|p1b: Misdreavus|43\/100|[from] Sandstorm\n|-damage|p2a: Dragonite|94\/100|[from] Sandstorm\n|upkeep\n|turn|5\n|\n|t:|1683782326\n|switch|p1b: Armarouge|Armarouge, L50, F|100\/100\n|-enditem|p1b: Armarouge|Psychic Seed\n|-boost|p1b: Armarouge|spd|1|[from] item: Psychic Seed\n|move|p1a: Indeedee|Follow Me|p1a: Indeedee\n|-singleturn|p1a: Indeedee|move: Follow Me\n|move|p2a: Dragonite|Dragon Breath|p1a: Indeedee\n|-damage|p1a: Indeedee|35\/100\n|-status|p1a: Indeedee|par\n|move|p2b: Garchomp|Swords Dance|p2b: Garchomp\n|-boost|p2b: Garchomp|atk|2\n|\n|-weather|none\n|-fieldend|move: Trick Room\n|upkeep\n|turn|6\n|\n|t:|1683782339\n|-terastallize|p1b: Armarouge|Grass\n|cant|p1a: Indeedee|par\n|move|p2b: Garchomp|Earthquake|p1a: Indeedee|[spread] p1a,p1b\n|-immune|p2a: Dragonite\n|-resisted|p1b: Armarouge\n|-damage|p1a: Indeedee|0 fnt\n|-damage|p1b: Armarouge|78\/100\n|faint|p1a: Indeedee\n|move|p2a: Dragonite|Thunderbolt|p1b: Armarouge\n|-resisted|p1b: Armarouge\n|-damage|p1b: Armarouge|68\/100\n|move|p1b: Armarouge|Expanding Force|p2b: Garchomp|[spread] p2a,p2b\n|-end|p2a: Dragonite|Substitute\n|-end|p2b: Garchomp|Substitute\n|\n|-fieldend|move: Psychic Terrain\n|upkeep\n|\n|t:|1683782356\n|switch|p1a: Grimmsnarl|Grimmsnarl, L50, M|66\/100\n|turn|7\n|\n|t:|1683782366\n|switch|p2a: Orthworm|Orthworm, L50, M|43\/100\n|move|p1a: Grimmsnarl|Light Screen|p1a: Grimmsnarl\n|-sidestart|p1: fmvtis|move: Light Screen\n|move|p2b: Garchomp|Earthquake|p1b: Armarouge|[spread] p1a,p1b\n|-heal|p2a: Orthworm|68\/100|[from] ability: Earth Eater|[of] p2b: Garchomp\n|-resisted|p1b: Armarouge\n|-damage|p1a: Grimmsnarl|18\/100\n|-damage|p1b: Armarouge|44\/100\n|move|p1b: Armarouge|Expanding Force|p2a: Orthworm\n|-resisted|p2a: Orthworm\n|-damage|p2a: Orthworm|45\/100\n|\n|upkeep\n|turn|8\n|-message|fmvtis forfeited.\n|\n|win|ImmatWork\n|raw|fmvtis's rating: 1349 → 1335<\/strong> (-14 for losing)\n|raw|ImmatWork's rating: 1455 → 1469<\/strong> (+14 for winning)\n|l|\u2606ImmatWork\n","uploadtime":1683782398,"views":9,"p1id":"fmvtis","p2id":"immatwork","formatid":"gen9vgc2023regulationc","rating":1335,"private":0,"password":""}