{"id":"gen9vgc2023regulationc-1845902996","p1":"Rabbi_Paulblart","p2":"cps annie","format":"[Gen 9] VGC 2023 Regulation C","log":"|j|\u2606Rabbi_Paulblart\n|j|\u2606cps annie\n|t:|1681777377\n|gametype|doubles\n|player|p1|Rabbi_Paulblart|102|1133\n|player|p2|cps annie|will|1113\n|teamsize|p1|6\n|teamsize|p2|6\n|gen|9\n|tier|[Gen 9] VGC 2023 Regulation C\n|rated|\n|rule|Species Clause: Limit one of each Pok\u00e9mon\n|rule|Item Clause: Limit one of each item\n|clearpoke\n|poke|p1|Arcanine, L50, F|\n|poke|p1|Brute Bonnet, L50|\n|poke|p1|Skeledirge, L50, M|\n|poke|p1|Iron Jugulis, L50|\n|poke|p1|Garchomp, L50, F|\n|poke|p1|Sylveon, L50, M|\n|poke|p2|Baxcalibur, L50, F|\n|poke|p2|Arcanine, L50, F|\n|poke|p2|Flutter Mane, L50|\n|poke|p2|Amoonguss, L50, M|\n|poke|p2|Hawlucha, L50, F|\n|poke|p2|Grimmsnarl, L50, M|\n|teampreview|4\n|\n|t:|1681777413\n|start\n|switch|p1a: Brute Bonnet|Brute Bonnet, L50|100\/100\n|switch|p1b: Arcanine|Arcanine, L50, F|100\/100\n|switch|p2a: Aokiji|Baxcalibur, L50, F|100\/100\n|switch|p2b: Maddogg|Arcanine, L50, F|100\/100\n|-ability|p1b: Arcanine|Intimidate|boost\n|-fail|p2a: Aokiji|unboost|[from] item: Clear Amulet|[of] p2a: Aokiji\n|-unboost|p2b: Maddogg|atk|1\n|-ability|p2b: Maddogg|Intimidate|boost\n|-unboost|p1a: Brute Bonnet|atk|1\n|-unboost|p1b: Arcanine|atk|1\n|-enditem|p1a: Brute Bonnet|Booster Energy\n|-activate|p1a: Brute Bonnet|ability: Protosynthesis|[fromitem]\n|-start|p1a: Brute Bonnet|protosynthesisspd\n|turn|1\n|\n|t:|1681777452\n|move|p1b: Arcanine|Protect|p1b: Arcanine\n|-singleturn|p1b: Arcanine|Protect\n|move|p2a: Aokiji|Protect|p2a: Aokiji\n|-singleturn|p2a: Aokiji|Protect\n|move|p2b: Maddogg|Will-O-Wisp|p1a: Brute Bonnet\n|-status|p1a: Brute Bonnet|brn\n|move|p1a: Brute Bonnet|Spore|p2a: Aokiji\n|-activate|p2a: Aokiji|move: Protect\n|\n|-damage|p1a: Brute Bonnet|94\/100 brn|[from] brn\n|upkeep\n|turn|2\n|\n|t:|1681777480\n|move|p1b: Arcanine|Snarl|p2b: Maddogg|[spread] p2a,p2b\n|-damage|p2a: Aokiji|93\/100\n|-damage|p2b: Maddogg|91\/100\n|-unboost|p2b: Maddogg|spa|1\n|move|p2b: Maddogg|Flare Blitz|p1a: Brute Bonnet\n|-supereffective|p1a: Brute Bonnet\n|-damage|p1a: Brute Bonnet|37\/100 brn\n|-damage|p2b: Maddogg|72\/100|[from] Recoil\n|move|p2a: Aokiji|Icicle Crash|p1a: Brute Bonnet\n|-supereffective|p1a: Brute Bonnet\n|-damage|p1a: Brute Bonnet|0 fnt\n|faint|p1a: Brute Bonnet\n|-end|p1a: Brute Bonnet|Protosynthesis|[silent]\n|\n|upkeep\n|\n|t:|1681777487\n|switch|p1a: Garchomp|Garchomp, L50, F|100\/100\n|turn|3\n|\n|t:|1681777504\n|switch|p1b: Skeledirge|Skeledirge, L50, M|100\/100\n|-terastallize|p2b: Maddogg|Flying\n|move|p2a: Aokiji|Protect|p2a: Aokiji\n|-singleturn|p2a: Aokiji|Protect\n|move|p1a: Garchomp|Rock Slide|p2a: Aokiji|[spread] p2b\n|-activate|p2a: Aokiji|move: Protect\n|-supereffective|p2b: Maddogg\n|-damage|p2b: Maddogg|32\/100\n|move|p2b: Maddogg|Will-O-Wisp|p1a: Garchomp\n|-status|p1a: Garchomp|brn\n|\n|-damage|p1a: Garchomp|94\/100 brn|[from] brn\n|upkeep\n|turn|4\n|\n|t:|1681777533\n|move|p2b: Maddogg|Protect|p2b: Maddogg\n|-singleturn|p2b: Maddogg|Protect\n|move|p1a: Garchomp|Dragon Claw|p2a: Aokiji\n|-supereffective|p2a: Aokiji\n|-damage|p2a: Aokiji|55\/100\n|move|p2a: Aokiji|Icicle Crash|p1a: Garchomp\n|-supereffective|p1a: Garchomp\n|-damage|p1a: Garchomp|0 fnt\n|faint|p1a: Garchomp\n|move|p1b: Skeledirge|Torch Song|p2b: Maddogg\n|-activate|p2b: Maddogg|move: Protect\n|\n|upkeep\n|\n|t:|1681777537\n|switch|p1a: Arcanine|Arcanine, L50, F|100\/100\n|-ability|p1a: Arcanine|Intimidate|boost\n|-fail|p2a: Aokiji|unboost|[from] item: Clear Amulet|[of] p2a: Aokiji\n|-unboost|p2b: Maddogg|atk|1\n|turn|5\n|\n|t:|1681777561\n|-terastallize|p1b: Skeledirge|Fairy\n|move|p1a: Arcanine|Protect|p1a: Arcanine\n|-singleturn|p1a: Arcanine|Protect\n|move|p2b: Maddogg|Extreme Speed|p1a: Arcanine\n|-activate|p1a: Arcanine|move: Protect\n|move|p2a: Aokiji|Glaive Rush|p1a: Arcanine\n|-activate|p1a: Arcanine|move: Protect\n|move|p1b: Skeledirge|Torch Song|p2b: Maddogg\n|-damage|p2b: Maddogg|0 fnt\n|-boost|p1b: Skeledirge|spa|1\n|faint|p2b: Maddogg\n|\n|upkeep\n|\n|t:|1681777584\n|switch|p2b: Grimmsnarl|Grimmsnarl, L50, M, shiny|100\/100\n|turn|6\n|\n|t:|1681777601\n|move|p1b: Skeledirge|Protect|p1b: Skeledirge\n|-singleturn|p1b: Skeledirge|Protect\n|move|p2b: Grimmsnarl|Light Screen|p2b: Grimmsnarl\n|-sidestart|p2: cps annie|move: Light Screen\n|move|p1a: Arcanine|Will-O-Wisp|p2b: Grimmsnarl\n|-status|p2b: Grimmsnarl|brn\n|move|p2a: Aokiji|Icicle Crash|p1b: Skeledirge\n|-activate|p1b: Skeledirge|move: Protect\n|\n|-damage|p2b: Grimmsnarl|95\/100 brn|[from] brn\n|upkeep\n|turn|7\n|\n|t:|1681777625\n|move|p2b: Grimmsnarl|Parting Shot|p1b: Skeledirge\n|-unboost|p1b: Skeledirge|atk|1\n|-unboost|p1b: Skeledirge|spa|1\n|\n|t:|1681777629\n|switch|p2b: Dudulucha|Hawlucha, L50, F, shiny|100\/100|[from] Parting Shot\n|move|p1a: Arcanine|Flare Blitz|p2a: Aokiji\n|-damage|p2a: Aokiji|15\/100\n|-ability|p2a: Aokiji|Thermal Exchange|boost\n|-boost|p2a: Aokiji|atk|1\n|-damage|p1a: Arcanine|86\/100|[from] Recoil\n|move|p2a: Aokiji|Icicle Crash|p1b: Skeledirge\n|-damage|p1b: Skeledirge|59\/100\n|move|p1b: Skeledirge|Tera Blast|p2a: Aokiji\n|-supereffective|p2a: Aokiji\n|-damage|p2a: Aokiji|0 fnt\n|faint|p2a: Aokiji\n|\n|-heal|p1b: Skeledirge|65\/100|[from] item: Leftovers\n|upkeep\n|\n|t:|1681777647\n|switch|p2a: Grimmsnarl|Grimmsnarl, L50, M, shiny|95\/100 brn\n|turn|8\n|inactive|Battle timer is ON: inactive players will automatically lose when time's up. (requested by Rabbi_Paulblart)\n|\n|t:|1681777672\n|move|p2a: Grimmsnarl|Swagger|p2b: Dudulucha|[miss]\n|-miss|p2a: Grimmsnarl|p2b: Dudulucha\n|move|p2b: Dudulucha|Drain Punch|p1a: Arcanine\n|-damage|p1a: Arcanine|50\/100\n|move|p1a: Arcanine|Will-O-Wisp|p2b: Dudulucha|[miss]\n|-miss|p1a: Arcanine|p2b: Dudulucha\n|move|p1b: Skeledirge|Slack Off|p1b: Skeledirge\n|-heal|p1b: Skeledirge|100\/100\n|\n|-damage|p2a: Grimmsnarl|89\/100 brn|[from] brn\n|upkeep\n|turn|9\n|\n|t:|1681777692\n|move|p2a: Grimmsnarl|Swagger|p2b: Dudulucha\n|-boost|p2b: Dudulucha|atk|2\n|-start|p2b: Dudulucha|confusion\n|-enditem|p2b: Dudulucha|Lum Berry|[eat]\n|-end|p2b: Dudulucha|confusion\n|move|p2b: Dudulucha|Drain Punch|p1a: Arcanine\n|-damage|p1a: Arcanine|0 fnt\n|faint|p1a: Arcanine\n|move|p1b: Skeledirge|Torch Song|p2b: Dudulucha\n|-damage|p2b: Dudulucha|67\/100\n|-boost|p1b: Skeledirge|spa|1\n|\n|-damage|p2a: Grimmsnarl|83\/100 brn|[from] brn\n|upkeep\n|turn|10\n|\n|t:|1681777711\n|move|p1b: Skeledirge|Protect|p1b: Skeledirge\n|-singleturn|p1b: Skeledirge|Protect\n|move|p2a: Grimmsnarl|Parting Shot|p1b: Skeledirge\n|-activate|p1b: Skeledirge|move: Protect\n|move|p2b: Dudulucha|Iron Head|p1b: Skeledirge\n|-activate|p1b: Skeledirge|move: Protect\n|\n|-damage|p2a: Grimmsnarl|77\/100 brn|[from] brn\n|upkeep\n|turn|11\n|\n|t:|1681777722\n|move|p2a: Grimmsnarl|Parting Shot|p1b: Skeledirge\n|-unboost|p1b: Skeledirge|atk|1\n|-unboost|p1b: Skeledirge|spa|1\n|move|p2b: Dudulucha|Iron Head|p1b: Skeledirge\n|-supereffective|p1b: Skeledirge\n|-crit|p1b: Skeledirge\n|-damage|p1b: Skeledirge|43\/100\n|cant|p1b: Skeledirge|flinch\n|\n|-heal|p1b: Skeledirge|48\/100|[from] item: Leftovers\n|-damage|p2a: Grimmsnarl|71\/100 brn|[from] brn\n|upkeep\n|turn|12\n|-message|Rabbi_Paulblart forfeited.\n|\n|win|cps annie\n|raw|Rabbi_Paulblart's rating: 1133 → 1107<\/strong> (-26 for losing)\n|raw|cps annie's rating: 1113 → 1139<\/strong> (+26 for winning)\n|l|\u2606Rabbi_Paulblart\n","uploadtime":1681777901,"views":13,"p1id":"rabbipaulblart","p2id":"cpsannie","formatid":"gen9vgc2023regulationc","rating":1107,"private":0,"password":""}