{"id":"gen9vgc2023regulationc-1861079139","p1":"PixelDupe1","p2":"BenzHopes","format":"[Gen 9] VGC 2023 Regulation C","log":"|j|\u2606PixelDupe1\n|j|\u2606BenzHopes\n|t:|1683724480\n|gametype|doubles\n|player|p1|PixelDupe1|palmer|1244\n|player|p2|BenzHopes|170|1162\n|teamsize|p1|6\n|teamsize|p2|6\n|gen|9\n|tier|[Gen 9] VGC 2023 Regulation C\n|rated|\n|rule|Species Clause: Limit one of each Pok\u00e9mon\n|rule|Item Clause: Limit one of each item\n|clearpoke\n|poke|p1|Iron Hands, L50|\n|poke|p1|Oranguru, L50, F|\n|poke|p1|Abomasnow, L50, M|\n|poke|p1|Iron Bundle, L50|\n|poke|p1|Flutter Mane, L50|\n|poke|p1|Amoonguss, L50, F|\n|poke|p2|Tyranitar, L50, F|\n|poke|p2|Garchomp, L50, F|\n|poke|p2|Lycanroc, L50, M|\n|poke|p2|Sandaconda, L50, F|\n|poke|p2|Magnezone, L50|\n|poke|p2|Corviknight, L50, F|\n|teampreview|4\nPixelDupe1 has agreed to open team sheets.\n|inactive|Battle timer is ON: inactive players will automatically lose when time's up. (requested by BenzHopes)\n|inactive|PixelDupe1 has 60 seconds left.\n|\n|t:|1683724527\n|start\n|switch|p1a: Mr. Hands|Iron Hands, L50|100\/100\n|switch|p1b: Abomasnow|Abomasnow, L50, M|100\/100\n|switch|p2a: Corviknight|Corviknight, L50, F|100\/100\n|switch|p2b: Tyranitar|Tyranitar, L50, F|100\/100\n|-weather|Sandstorm|[from] ability: Sand Stream|[of] p2b: Tyranitar\n|-weather|Snow|[from] ability: Snow Warning|[of] p1b: Abomasnow\n|turn|1\n|\n|t:|1683724548\n|-terastallize|p2b: Tyranitar|Fire\n|move|p1b: Abomasnow|Protect|p1b: Abomasnow\n|-singleturn|p1b: Abomasnow|Protect\n|move|p1a: Mr. Hands|Fake Out|p2b: Tyranitar\n|-damage|p2b: Tyranitar|87\/100\n|move|p2a: Corviknight|Taunt|p1b: Abomasnow\n|-activate|p1b: Abomasnow|move: Protect\n|cant|p2b: Tyranitar|flinch\n|\n|-weather|Snow|[upkeep]\n|upkeep\n|turn|2\n|inactive|PixelDupe1 has 30 seconds left.\n|\n|t:|1683724575\n|move|p2a: Corviknight|Taunt|p1b: Abomasnow\n|-start|p1b: Abomasnow|move: Taunt\n|move|p2b: Tyranitar|Tera Blast|p1b: Abomasnow\n|-supereffective|p1b: Abomasnow\n|-damage|p1b: Abomasnow|0 fnt\n|faint|p1b: Abomasnow\n|move|p1a: Mr. Hands|Wild Charge|p2a: Corviknight\n|-supereffective|p2a: Corviknight\n|-damage|p2a: Corviknight|24\/100\n|-damage|p1a: Mr. Hands|84\/100|[from] Recoil\n|\n|-weather|Snow|[upkeep]\n|-heal|p2a: Corviknight|30\/100|[from] item: Leftovers\n|upkeep\n|\n|t:|1683724589\n|switch|p1b: Iron Bundle|Iron Bundle, L50, shiny|100\/100\n|turn|3\n|\n|t:|1683724604\n|move|p1b: Iron Bundle|Hydro Pump|p2b: Tyranitar\n|-supereffective|p2b: Tyranitar\n|-damage|p2b: Tyranitar|20\/100\n|move|p2a: Corviknight|Tailwind|p2a: Corviknight\n|-sidestart|p2: BenzHopes|move: Tailwind\n|move|p2b: Tyranitar|Tera Blast|p1b: Iron Bundle\n|-damage|p1b: Iron Bundle|60\/100\n|move|p1a: Mr. Hands|Wild Charge|p2a: Corviknight\n|-supereffective|p2a: Corviknight\n|-damage|p2a: Corviknight|0 fnt\n|faint|p2a: Corviknight\n|-damage|p1a: Mr. Hands|77\/100|[from] Recoil\n|\n|-weather|Snow|[upkeep]\n|upkeep\n|\n|t:|1683724617\n|switch|p2a: Sandaconda|Sandaconda, L50, F|100\/100\n|turn|4\n|\n|t:|1683724639\n|move|p1b: Iron Bundle|Aurora Veil|p1b: Iron Bundle\n|-sidestart|p1: PixelDupe1|move: Aurora Veil\n|move|p2a: Sandaconda|Iron Defense|p2a: Sandaconda\n|-boost|p2a: Sandaconda|def|2\n|move|p2b: Tyranitar|Tera Blast|p1b: Iron Bundle\n|-damage|p1b: Iron Bundle|35\/100\n|move|p1a: Mr. Hands|Drain Punch|p2b: Tyranitar\n|-damage|p2b: Tyranitar|0 fnt\n|-heal|p1a: Mr. Hands|86\/100|[from] drain|[of] p2b: Tyranitar\n|faint|p2b: Tyranitar\n|\n|-weather|Snow|[upkeep]\n|upkeep\n|\n|t:|1683724650\n|switch|p2b: Lycanroc|Lycanroc, L50, M|100\/100\n|turn|5\n|\n|t:|1683724667\n|move|p2b: Lycanroc|Close Combat|p1b: Iron Bundle\n|-supereffective|p1b: Iron Bundle\n|-damage|p1b: Iron Bundle|0 fnt\n|-unboost|p2b: Lycanroc|def|1\n|-unboost|p2b: Lycanroc|spd|1\n|faint|p1b: Iron Bundle\n|-end|p1b: Iron Bundle|Quark Drive|[silent]\n|-damage|p2b: Lycanroc|90\/100|[from] item: Life Orb\n|move|p2a: Sandaconda|Iron Defense|p2a: Sandaconda\n|-boost|p2a: Sandaconda|def|2\n|move|p1a: Mr. Hands|Drain Punch|p2b: Lycanroc\n|-supereffective|p2b: Lycanroc\n|-damage|p2b: Lycanroc|0 fnt\n|-heal|p1a: Mr. Hands|100\/100|[from] drain|[of] p2b: Lycanroc\n|faint|p2b: Lycanroc\n|\n|-weather|none\n|upkeep\n|\n|t:|1683724682\n|switch|p1b: Flutter Mane|Flutter Mane, L50|100\/100\n|-enditem|p1b: Flutter Mane|Booster Energy\n|-activate|p1b: Flutter Mane|ability: Protosynthesis|[fromitem]\n|-start|p1b: Flutter Mane|protosynthesisspa\n|turn|6\n|\n|t:|1683724695\n|-terastallize|p1b: Flutter Mane|Fairy\n|move|p2a: Sandaconda|Body Press|p1b: Flutter Mane\n|-resisted|p1b: Flutter Mane\n|-crit|p1b: Flutter Mane\n|-damage|p1b: Flutter Mane|16\/100\n|move|p1b: Flutter Mane|Moonblast|p2a: Sandaconda\n|-damage|p2a: Sandaconda|23\/100\n|-weather|Sandstorm|[from] ability: Sand Spit|[of] p2a: Sandaconda\n|move|p1a: Mr. Hands|Ice Punch|p2a: Sandaconda\n|-supereffective|p2a: Sandaconda\n|-damage|p2a: Sandaconda|7\/100\n|-damage|p1a: Mr. Hands|84\/100|[from] item: Rocky Helmet|[of] p2a: Sandaconda\n|\n|-weather|Sandstorm|[upkeep]\n|-damage|p1b: Flutter Mane|10\/100|[from] Sandstorm\n|-damage|p1a: Mr. Hands|78\/100|[from] Sandstorm\n|-sideend|p2: BenzHopes|move: Tailwind\n|upkeep\n|turn|7\n|\n|t:|1683724716\n|move|p1b: Flutter Mane|Moonblast|p2a: Sandaconda\n|-damage|p2a: Sandaconda|0 fnt\n|faint|p2a: Sandaconda\n|\n|win|PixelDupe1\n|raw|PixelDupe1's rating: 1244 → 1263<\/strong> (+19 for winning)\n|raw|BenzHopes's rating: 1162 → 1143<\/strong> (-19 for losing)\n|l|\u2606BenzHopes\n","uploadtime":1683724721,"views":15,"p1id":"pixeldupe1","p2id":"benzhopes","formatid":"gen9vgc2023regulationc","rating":1143,"private":0,"password":""}