{"id":"gen9vgc2023regulationc-1846230141","p1":"E179","p2":"picklericksson5","format":"[Gen 9] VGC 2023 Regulation C","log":"|j|\u2606E179\n|j|\u2606picklericksson5\n|t:|1681823587\n|gametype|doubles\n|player|p1|E179|102|1224\n|player|p2|picklericksson5|crasherwake|1195\n|teamsize|p1|6\n|teamsize|p2|6\n|gen|9\n|tier|[Gen 9] VGC 2023 Regulation C\n|rated|\n|rule|Species Clause: Limit one of each Pok\u00e9mon\n|rule|Item Clause: Limit one of each item\n|clearpoke\n|poke|p1|Flutter Mane, L50|\n|poke|p1|Chi-Yu, L50|\n|poke|p1|Gyarados, L50, M|\n|poke|p1|Palafin, L50, M|\n|poke|p1|Amoonguss, L50, F|\n|poke|p1|Talonflame, L50, M|\n|poke|p2|Maushold, L50|\n|poke|p2|Lucario, L50, F|\n|poke|p2|Flamigo, L50, M|\n|poke|p2|Iron Valiant, L50|\n|poke|p2|Chi-Yu, L50|\n|poke|p2|Brute Bonnet, L50|\n|teampreview|4\n|inactive|Battle timer is ON: inactive players will automatically lose when time's up. (requested by picklericksson5)\npicklericksson5 rejected open team sheets.\n|inactive|E179 has 60 seconds left.\n|inactive|E179 has 30 seconds left.\n|inactive|E179 has 20 seconds left.\n|inactive|E179 has 15 seconds left.\n|inactive|E179 has 10 seconds left.\n|\n|t:|1681823672\n|start\n|switch|p1a: Talonflame|Talonflame, L50, M|100\/100\n|switch|p1b: Palafin|Palafin, L50, M|100\/100\n|switch|p2a: Iron Valiant|Iron Valiant, L50|100\/100\n|switch|p2b: Lucario|Lucario, L50, F|100\/100\n|-enditem|p2a: Iron Valiant|Booster Energy\n|-activate|p2a: Iron Valiant|ability: Quark Drive|[fromitem]\n|-start|p2a: Iron Valiant|quarkdrivespe\n|turn|1\n|inactive|picklericksson5 has 30 seconds left.\n|inactive|picklericksson5 has 20 seconds left.\n|\n|t:|1681823707\n|detailschange|p1b: Palafin|Palafin-Hero, L50, M\n|switch|p1b: Gyarados|Gyarados, L50, M|100\/100\n|-ability|p1b: Gyarados|Intimidate|boost\n|-unboost|p2a: Iron Valiant|atk|1\n|-unboost|p2b: Lucario|atk|1\n|-terastallize|p2b: Lucario|Normal\n|move|p1a: Talonflame|Tailwind|p1a: Talonflame\n|-sidestart|p1: E179|move: Tailwind\n|move|p2a: Iron Valiant|Encore|p1a: Talonflame\n|-start|p1a: Talonflame|Encore\n|move|p2b: Lucario|Swords Dance|p2b: Lucario\n|-boost|p2b: Lucario|atk|2\n|\n|upkeep\n|turn|2\n|inactive|E179 has 30 seconds left.\n|inactive|E179 has 20 seconds left.\n|\n|t:|1681823745\n|switch|p1a: Palafin|Palafin-Hero, L50, M|100\/100\n|-activate|p1a: Palafin|ability: Zero to Hero\n|move|p2a: Iron Valiant|Moonblast|p1b: Gyarados\n|-damage|p1b: Gyarados|65\/100\n|move|p1b: Gyarados|Rain Dance|p1b: Gyarados\n|-weather|RainDance\n|move|p2b: Lucario|Swords Dance|p2b: Lucario\n|-boost|p2b: Lucario|atk|2\n|\n|-weather|RainDance|[upkeep]\n|upkeep\n|turn|3\n|inactive|E179 has 30 seconds left.\n|inactive|picklericksson5 has 30 seconds left.\n|inactive|E179 has 20 seconds left.\n|inactive|E179 has 15 seconds left.\n|inactive|E179 has 10 seconds left.\n|\n|t:|1681823790\n|-end|p2a: Iron Valiant|Quark Drive|[silent]\n|switch|p2a: Flamigo|Flamigo, L50, M|100\/100\n|-copyboost|p2a: Flamigo|p2b: Lucario|[from] ability: Costar\n|switch|p1b: Talonflame|Talonflame, L50, M|100\/100\n|-terastallize|p1a: Palafin|Water\n|move|p2b: Lucario|Extreme Speed|p1a: Palafin\n|-damage|p1a: Palafin|15\/100\n|move|p1a: Palafin|Jet Punch|p2b: Lucario\n|-damage|p2b: Lucario|0 fnt\n|faint|p2b: Lucario\n|\n|-weather|RainDance|[upkeep]\n|upkeep\n|\n|t:|1681823806\n|switch|p2b: Maushold|Maushold, L50|100\/100\n|turn|4\n|\n|t:|1681823829\n|move|p2b: Maushold|Follow Me|p2b: Maushold\n|-singleturn|p2b: Maushold|move: Follow Me\n|move|p1b: Talonflame|Brave Bird|p2b: Maushold\n|-damage|p2b: Maushold|56\/100\n|-damage|p1b: Talonflame|83\/100|[from] Recoil\n|move|p1a: Palafin|Haze|p1a: Palafin\n|-clearallboost\n|move|p2a: Flamigo|Brave Bird|p1b: Talonflame\n|-damage|p1b: Talonflame|0 fnt\n|faint|p1b: Talonflame\n|-damage|p2a: Flamigo|74\/100|[from] Recoil\n|\n|-weather|RainDance|[upkeep]\n|-sideend|p1: E179|move: Tailwind\n|upkeep\n|\n|t:|1681823845\n|switch|p1b: Gyarados|Gyarados, L50, M|65\/100\n|-ability|p1b: Gyarados|Intimidate|boost\n|-unboost|p2a: Flamigo|atk|1\n|-unboost|p2b: Maushold|atk|1\n|turn|5\n|\n|t:|1681823858\n|move|p1a: Palafin|Protect|p1a: Palafin\n|-singleturn|p1a: Palafin|Protect\n|move|p2b: Maushold|Follow Me|p2b: Maushold\n|-singleturn|p2b: Maushold|move: Follow Me\n|move|p2a: Flamigo|Brave Bird|p1a: Palafin\n|-activate|p1a: Palafin|move: Protect\n|move|p1b: Gyarados|Waterfall|p2b: Maushold\n|-damage|p2b: Maushold|5\/100\n|\n|-weather|RainDance|[upkeep]\n|upkeep\n|turn|6\n|inactive|E179 has 30 seconds left.\n|\n|t:|1681823888\n|move|p2b: Maushold|Follow Me|p2b: Maushold\n|-singleturn|p2b: Maushold|move: Follow Me\n|move|p1a: Palafin|Jet Punch|p2b: Maushold\n|-damage|p2b: Maushold|0 fnt\n|faint|p2b: Maushold\n|move|p2a: Flamigo|Brave Bird|p1a: Palafin\n|-damage|p1a: Palafin|0 fnt\n|faint|p1a: Palafin\n|-damage|p2a: Flamigo|67\/100|[from] Recoil\n|move|p1b: Gyarados|Waterfall|p2a: Flamigo\n|-crit|p2a: Flamigo\n|-damage|p2a: Flamigo|0 fnt\n|faint|p2a: Flamigo\n|\n|-weather|none\n|upkeep\n|\n|t:|1681823905\n|switch|p2b: Iron Valiant|Iron Valiant, L50|100\/100\n|switch|p1a: Chi-Yu|Chi-Yu, L50|100\/100\n|-ability|p1a: Chi-Yu|Beads of Ruin\n|turn|7\n|\n|t:|1681823926\n|move|p2b: Iron Valiant|Aura Sphere|p1a: Chi-Yu\n|-supereffective|p1a: Chi-Yu\n|-damage|p1a: Chi-Yu|13\/100\n|move|p1a: Chi-Yu|Flamethrower|p2b: Iron Valiant\n|-damage|p2b: Iron Valiant|0 fnt\n|faint|p2b: Iron Valiant\n|-end|p2b: Iron Valiant|Quark Drive|[silent]\n|\n|win|E179\n|raw|E179's rating: 1224 → 1247<\/strong> (+23 for winning)\n|raw|picklericksson5's rating: 1195 → 1172<\/strong> (-23 for losing)\n","uploadtime":1681823936,"views":7,"p1id":"e179","p2id":"picklericksson5","formatid":"gen9vgc2023regulationc","rating":1172,"private":0,"password":""}