{"id":"gen9vgc2023regulationc-1847513464","p1":"ChampionLance420","p2":"BeeGee33","format":"[Gen 9] VGC 2023 Regulation C","log":"|j|\u2606ChampionLance420\n|j|\u2606BeeGee33\n|t:|1681965310\n|gametype|doubles\n|player|p1|ChampionLance420|lance|1049\n|player|p2|BeeGee33|102|1051\n|teamsize|p1|6\n|teamsize|p2|6\n|gen|9\n|tier|[Gen 9] VGC 2023 Regulation C\n|rated|\n|rule|Species Clause: Limit one of each Pok\u00e9mon\n|rule|Item Clause: Limit one of each item\n|clearpoke\n|poke|p1|Amoonguss, L50, F|\n|poke|p1|Grimmsnarl, L50, M|\n|poke|p1|Chien-Pao, L50|\n|poke|p1|Kingambit, L50, F|\n|poke|p1|Dragonite, L50, M|\n|poke|p1|Palafin, L50, M|\n|poke|p2|Wo-Chien, L50|\n|poke|p2|Farigiraf, L50, M|\n|poke|p2|Iron Hands, L50|\n|poke|p2|Ting-Lu, L50|\n|poke|p2|Amoonguss, L50, F|\n|poke|p2|Azumarill, L50, F|\n|teampreview|4\n|inactive|Battle timer is ON: inactive players will automatically lose when time's up. (requested by BeeGee33)\n|inactive|ChampionLance420 has 60 seconds left.\n|\n|t:|1681965364\n|start\n|switch|p1a: Amoonguss|Amoonguss, L50, F|100\/100\n|switch|p1b: Palafin|Palafin, L50, M|100\/100\n|switch|p2a: Farigiraf|Farigiraf, L50, M|100\/100\n|switch|p2b: Iron Hands|Iron Hands, L50|100\/100\n|turn|1\n|inactive|BeeGee33 has 30 seconds left.\n|inactive|BeeGee33 has 20 seconds left.\n|\n|t:|1681965400\n|detailschange|p1b: Palafin|Palafin-Hero, L50, M\n|switch|p1b: Kingambit|Kingambit, L50, F, shiny|100\/100\n|-terastallize|p2b: Iron Hands|Grass\n|move|p1a: Amoonguss|Protect|p1a: Amoonguss\n|-singleturn|p1a: Amoonguss|Protect\n|move|p2b: Iron Hands|Fake Out|p1a: Amoonguss\n|-activate|p1a: Amoonguss|move: Protect\n|move|p2a: Farigiraf|Trick Room|p2a: Farigiraf\n|-fieldstart|move: Trick Room|[of] p2a: Farigiraf\n|\n|upkeep\n|turn|2\n|inactive|BeeGee33 has 30 seconds left.\n|\n|t:|1681965434\n|switch|p2a: Ting-Lu|Ting-Lu, L50|100\/100\n|-ability|p2a: Ting-Lu|Vessel of Ruin\n|-terastallize|p1b: Kingambit|Flying\n|move|p1a: Amoonguss|Spore|p2b: Iron Hands\n|-immune|p2b: Iron Hands\n|move|p2b: Iron Hands|Drain Punch|p1b: Kingambit\n|-resisted|p1b: Kingambit\n|-damage|p1b: Kingambit|85\/100\n|move|p1b: Kingambit|Kowtow Cleave|p2a: Ting-Lu\n|-resisted|p2a: Ting-Lu\n|-damage|p2a: Ting-Lu|88\/100\n|\n|upkeep\n|turn|3\n|inactive|ChampionLance420 has 30 seconds left.\n|inactive|ChampionLance420 has 20 seconds left.\n|\n|t:|1681965470\n|switch|p1b: Chien-Pao|Chien-Pao, L50|100\/100\n|-ability|p1b: Chien-Pao|Sword of Ruin\n|move|p1a: Amoonguss|Spore|p2a: Ting-Lu\n|-status|p2a: Ting-Lu|slp|[from] move: Spore\n|cant|p2a: Ting-Lu|slp\n|move|p2b: Iron Hands|Thunder Punch|p1b: Chien-Pao\n|-damage|p1b: Chien-Pao|37\/100\n|\n|upkeep\n|turn|4\n|inactive|ChampionLance420 has 30 seconds left.\n|\n|t:|1681965499\n|move|p1a: Amoonguss|Pollen Puff|p1b: Chien-Pao\n|-heal|p1b: Chien-Pao|86\/100\n|cant|p2a: Ting-Lu|slp\n|move|p2b: Iron Hands|Ice Punch|p1a: Amoonguss\n|-supereffective|p1a: Amoonguss\n|-crit|p1a: Amoonguss\n|-damage|p1a: Amoonguss|8\/100\n|-status|p1a: Amoonguss|frz\n|-damage|p2b: Iron Hands|84\/100|[from] item: Rocky Helmet|[of] p1a: Amoonguss\n|move|p1b: Chien-Pao|Ice Spinner|p2b: Iron Hands\n|-supereffective|p2b: Iron Hands\n|-damage|p2b: Iron Hands|13\/100\n|\n|upkeep\n|turn|5\n|\n|t:|1681965522\n|switch|p2a: Farigiraf|Farigiraf, L50, M|100\/100\n|cant|p1a: Amoonguss|frz\n|move|p2b: Iron Hands|Drain Punch|p1b: Chien-Pao\n|-supereffective|p1b: Chien-Pao\n|-damage|p1b: Chien-Pao|0 fnt\n|-heal|p2b: Iron Hands|38\/100|[from] drain|[of] p1b: Chien-Pao\n|faint|p1b: Chien-Pao\n|\n|-fieldend|move: Trick Room\n|upkeep\n|\n|t:|1681965532\n|switch|p1b: Kingambit|Kingambit, L50, F, shiny, tera:Flying|85\/100\n|turn|6\n|\n|t:|1681965546\n|-end|p2b: Iron Hands|Quark Drive|[silent]\n|switch|p2b: Azumarill|Azumarill, L50, F|100\/100\n|switch|p1a: Palafin|Palafin-Hero, L50, M|100\/100\n|-activate|p1a: Palafin|ability: Zero to Hero\n|move|p1b: Kingambit|Kowtow Cleave|p2a: Farigiraf\n|-supereffective|p2a: Farigiraf\n|-damage|p2a: Farigiraf|13\/100\n|move|p2a: Farigiraf|Hyper Voice|p1b: Kingambit|[spread] p1a,p1b\n|-damage|p1a: Palafin|67\/100\n|-damage|p1b: Kingambit|63\/100\n|\n|upkeep\n|turn|7\n|\n|t:|1681965570\n|switch|p2a: Ting-Lu|Ting-Lu, L50|88\/100 slp\n|-ability|p2a: Ting-Lu|Vessel of Ruin\n|move|p1a: Palafin|Wave Crash|p2a: Ting-Lu\n|-supereffective|p2a: Ting-Lu\n|-damage|p2a: Ting-Lu|5\/100 slp\n|-damage|p1a: Palafin|28\/100|[from] Recoil\n|move|p1b: Kingambit|Tera Blast|p2b: Azumarill\n|-damage|p2b: Azumarill|58\/100\n|move|p2b: Azumarill|Encore|p1b: Kingambit\n|-start|p1b: Kingambit|Encore\n|\n|upkeep\n|turn|8\n|inactive|ChampionLance420 has 30 seconds left.\n|inactive|ChampionLance420 has 20 seconds left.\n|inactive|ChampionLance420 has 15 seconds left.\n|\n|t:|1681965613\n|switch|p1a: Amoonguss|Amoonguss, L50, F|41\/100 frz\n|move|p1b: Kingambit|Tera Blast|p2a: Ting-Lu\n|-damage|p2a: Ting-Lu|0 fnt\n|faint|p2a: Ting-Lu\n|move|p2b: Azumarill|Play Rough|p1a: Amoonguss\n|-resisted|p1a: Amoonguss\n|-damage|p1a: Amoonguss|19\/100 frz\n|-damage|p2b: Azumarill|42\/100|[from] item: Rocky Helmet|[of] p1a: Amoonguss\n|\n|upkeep\n|\n|t:|1681965625\n|switch|p2a: Iron Hands|Iron Hands, L50, tera:Grass|38\/100\n|turn|9\n|\n|t:|1681965640\n|-curestatus|p1a: Amoonguss|frz|[msg]\n|move|p1a: Amoonguss|Protect|p1a: Amoonguss\n|-singleturn|p1a: Amoonguss|Protect\n|move|p2a: Iron Hands|Fake Out|p1b: Kingambit\n|-damage|p1b: Kingambit|51\/100\n|cant|p1b: Kingambit|flinch\n|move|p2b: Azumarill|Play Rough|p1a: Amoonguss\n|-activate|p1a: Amoonguss|move: Protect\n|\n|upkeep\n|turn|10\n|\n|t:|1681965655\n|-end|p2a: Iron Hands|Quark Drive|[silent]\n|switch|p2a: Farigiraf|Farigiraf, L50, M|13\/100\n|switch|p1a: Palafin|Palafin-Hero, L50, M|28\/100\n|move|p1b: Kingambit|Tera Blast|p2a: Farigiraf\n|-damage|p2a: Farigiraf|0 fnt\n|faint|p2a: Farigiraf\n|move|p2b: Azumarill|Play Rough|p1a: Palafin\n|-damage|p1a: Palafin|0 fnt\n|faint|p1a: Palafin\n|\n|-end|p1b: Kingambit|Encore\n|upkeep\n|\n|t:|1681965667\n|switch|p1a: Amoonguss|Amoonguss, L50, F|52\/100\n|switch|p2a: Iron Hands|Iron Hands, L50, tera:Grass|38\/100\n|turn|11\n|\n|t:|1681965682\n|move|p2a: Iron Hands|Fake Out|p1b: Kingambit\n|-damage|p1b: Kingambit|38\/100\n|move|p2b: Azumarill|Aqua Jet|p1b: Kingambit\n|-damage|p1b: Kingambit|18\/100\n|cant|p1b: Kingambit|flinch\n|move|p1a: Amoonguss|Pollen Puff|p1b: Kingambit\n|-heal|p1b: Kingambit|68\/100\n|\n|upkeep\n|turn|12\n|-message|BeeGee33 forfeited.\n|\n|win|ChampionLance420\n|raw|ChampionLance420's rating: 1049 → 1082<\/strong> (+33 for winning)\n|raw|BeeGee33's rating: 1051 → 1033<\/strong> (-18 for losing)\n|l|\u2606BeeGee33\n","uploadtime":1681965700,"views":5,"p1id":"championlance420","p2id":"beegee33","formatid":"gen9vgc2023regulationc","rating":1033,"private":0,"password":""}