{"id":"gen9vgc2023regulationc-1852236547","p1":"slothmish","p2":"sonicspartan95","format":"[Gen 9] VGC 2023 Regulation C","log":"|j|\u2606slothmish\n|j|\u2606sonicspartan95\n|t:|1682535459\n|gametype|doubles\n|player|p1|slothmish|cynthia|\n|player|p2|sonicspartan95|1|\n|teamsize|p1|6\n|teamsize|p2|6\n|gen|9\n|tier|[Gen 9] VGC 2023 Regulation C\n|rule|Species Clause: Limit one of each Pok\u00e9mon\n|rule|Item Clause: Limit one of each item\n|clearpoke\n|poke|p1|Gastly, L5, F|\n|poke|p1|Gible, L5, M|\n|poke|p1|Shinx, L5, F|\n|poke|p1|Phanpy, L5, M|\n|poke|p1|Deino, L5, M|\n|poke|p1|Slakoth, L5, F|\n|poke|p2|Bronzor, L5|\n|poke|p2|Drowzee, L5, F|\n|poke|p2|Sinistea, L5|\n|poke|p2|Nacli, L5, F|\n|poke|p2|Fuecoco, L5, F|\n|poke|p2|Wooper-Paldea, L5, M|\n|teampreview|4\n|\n|t:|1682535594\n|start\n|switch|p1a: Gastly|Gastly, L5, F|100\/100\n|switch|p1b: Gible|Gible, L5, M|100\/100\n|switch|p2a: Bronzor|Bronzor, L5|100\/100\n|switch|p2b: Drowzee|Drowzee, L5, F|100\/100\n|turn|1\n|j| mharidain\n|j| Cerpin T\n|c| Cerpin T|e\n|\n|t:|1682535635\n|move|p1a: Gastly|Icy Wind|p2b: Drowzee|[spread] p2a,p2b\n|-resisted|p2a: Bronzor\n|-crit|p2a: Bronzor\n|-damage|p2a: Bronzor|96\/100\n|-damage|p2b: Drowzee|83\/100\n|-unboost|p2a: Bronzor|spe|1\n|-unboost|p2b: Drowzee|spe|1\n|-damage|p1a: Gastly|91\/100|[from] item: Life Orb\n|move|p1b: Gible|Outrage|p2b: Drowzee\n|-crit|p2b: Drowzee\n|-damage|p2b: Drowzee|0 fnt\n|faint|p2b: Drowzee\n|move|p2a: Bronzor|Trick Room|p2a: Bronzor\n|-fieldstart|move: Trick Room|[of] p2a: Bronzor\n|\n|upkeep\n|\n|t:|1682535653\n|switch|p2b: Wooper|Wooper-Paldea, L5, M|100\/100\n|turn|2\n|c| Cerpin T|heblo\n|\n|t:|1682535674\n|move|p2a: Bronzor|Light Screen|p2a: Bronzor\n|-sidestart|p2: sonicspartan95|move: Light Screen\n|move|p2b: Wooper|Earthquake|p1b: Gible|[spread] p1b\n|-immune|p2a: Bronzor|[from] ability: Levitate\n|-immune|p1a: Gastly|[from] ability: Levitate\n|-damage|p1b: Gible|69\/100\n|move|p1b: Gible|Outrage|p2a: Bronzor|[from]lockedmove\n|-resisted|p2a: Bronzor\n|-damage|p2a: Bronzor|80\/100\n|move|p1a: Gastly|Sludge Bomb|p2a: Bronzor\n|-immune|p2a: Bronzor\n|\n|upkeep\n|turn|3\n|j| Scrandrew\n|\n|t:|1682535721\n|move|p2a: Bronzor|Reflect|p2a: Bronzor\n|-sidestart|p2: sonicspartan95|Reflect\n|move|p2b: Wooper|Rock Slide|p1b: Gible|[spread] p1a\n|-miss|p2b: Wooper|p1b: Gible\n|-damage|p1a: Gastly|53\/100\n|move|p1b: Gible|Outrage|p2b: Wooper|[from]lockedmove\n|-damage|p2b: Wooper|32\/100\n|-start|p1b: Gible|confusion|[fatigue]\n|move|p1a: Gastly|Will-O-Wisp|p2a: Bronzor\n|-status|p2a: Bronzor|brn\n|\n|-damage|p2a: Bronzor|75\/100 brn|[from] brn\n|upkeep\n|turn|4\n|j| H0p5t3r\n|\n|t:|1682535782\n|move|p2a: Bronzor|Protect|p2a: Bronzor\n|-singleturn|p2a: Bronzor|Protect\n|move|p2b: Wooper|Rock Slide|p1a: Gastly|[spread] p1a,p1b\n|-resisted|p1b: Gible\n|-damage|p1a: Gastly|15\/100\n|-damage|p1b: Gible|60\/100\n|-activate|p1b: Gible|confusion\n|move|p1b: Gible|Rock Slide|p2b: Wooper|[spread] p2b\n|-activate|p2a: Bronzor|move: Protect\n|-resisted|p2b: Wooper\n|-damage|p2b: Wooper|23\/100\n|move|p1a: Gastly|Hex|p2a: Bronzor\n|-activate|p2a: Bronzor|move: Protect\n|\n|-damage|p2a: Bronzor|71\/100 brn|[from] brn\n|upkeep\n|turn|5\n|\n|t:|1682535818\n|move|p2a: Bronzor|Protect|p2a: Bronzor\n|-singleturn|p2a: Bronzor|Protect\n|move|p2b: Wooper|Rock Slide|p1b: Gible|[spread] p1a,p1b\n|-resisted|p1b: Gible\n|-damage|p1a: Gastly|0 fnt\n|-damage|p1b: Gible|50\/100\n|faint|p1a: Gastly\n|cant|p1b: Gible|flinch\n|\n|-damage|p2a: Bronzor|67\/100 brn|[from] brn\n|-fieldend|move: Trick Room\n|upkeep\n|c| Cerpin T|THE DOUBLE PROTECT\n|c| Cerpin T|THE FLINCH\n|l| H0p5t3r\n|\n|t:|1682535834\n|switch|p1a: Shinx|Shinx, L5, F|100\/100\n|-ability|p1a: Shinx|Intimidate|boost\n|-unboost|p2a: Bronzor|atk|1\n|-unboost|p2b: Wooper|atk|1\n|turn|6\n|\n|t:|1682535858\n|move|p1a: Shinx|Ice Fang|p2b: Wooper\n|-supereffective|p2b: Wooper\n|-damage|p2b: Wooper|0 fnt\n|faint|p2b: Wooper\n|-end|p1b: Gible|confusion\n|move|p1b: Gible|Outrage|p2a: Bronzor\n|-resisted|p2a: Bronzor\n|-damage|p2a: Bronzor|55\/100 brn\n|move|p2a: Bronzor|Trick Room|p2a: Bronzor\n|-fieldstart|move: Trick Room|[of] p2a: Bronzor\n|\n|-damage|p2a: Bronzor|50\/100 brn|[from] brn\n|-sideend|p2: sonicspartan95|move: Light Screen\n|upkeep\n|\n|t:|1682535869\n|switch|p2b: Fuecoco|Fuecoco, L5, F|100\/100\n|turn|7\n|\n|t:|1682535892\n|move|p2a: Bronzor|Light Screen|p2a: Bronzor\n|-sidestart|p2: sonicspartan95|move: Light Screen\n|move|p2b: Fuecoco|Will-O-Wisp|p1b: Gible\n|-status|p1b: Gible|brn\n|move|p1b: Gible|Outrage|p2b: Fuecoco|[from]lockedmove\n|-damage|p2b: Fuecoco|77\/100\n|-start|p1b: Gible|confusion|[fatigue]\n|move|p1a: Shinx|Wild Charge|p2b: Fuecoco\n|-damage|p2b: Fuecoco|43\/100\n|-damage|p1a: Shinx|91\/100|[from] Recoil\n|\n|-heal|p2b: Fuecoco|47\/100|[from] item: Leftovers\n|-damage|p2a: Bronzor|46\/100 brn|[from] brn\n|-damage|p1b: Gible|46\/100 brn|[from] brn\n|-sideend|p2: sonicspartan95|Reflect\n|upkeep\n|turn|8\n|\n|t:|1682535928\n|move|p2a: Bronzor|Reflect|p2a: Bronzor\n|-sidestart|p2: sonicspartan95|Reflect\n|move|p2b: Fuecoco|Slack Off|p2b: Fuecoco\n|-heal|p2b: Fuecoco|97\/100\n|-activate|p1b: Gible|confusion\n|move|p1b: Gible|Rock Slide|p2a: Bronzor|[spread] p2a,p2b\n|-resisted|p2a: Bronzor\n|-supereffective|p2b: Fuecoco\n|-damage|p2a: Bronzor|42\/100 brn\n|-damage|p2b: Fuecoco|81\/100\n|move|p1a: Shinx|Ice Fang|p2a: Bronzor|[miss]\n|-miss|p1a: Shinx|p2a: Bronzor\n|\n|-heal|p2b: Fuecoco|85\/100|[from] item: Leftovers\n|-damage|p2a: Bronzor|38\/100 brn|[from] brn\n|-damage|p1b: Gible|41\/100 brn|[from] brn\n|upkeep\n|turn|9\n|c| Cerpin T|oh boy\n|c| Cerpin T|we gonna be here for a while\n|c| Scrandrew|ruh roh\n|c| Cerpin T|>Stall in Little Cup\n|\n|t:|1682535974\n|move|p2a: Bronzor|Protect|p2a: Bronzor\n|-singleturn|p2a: Bronzor|Protect\n|move|p2b: Fuecoco|Will-O-Wisp|p1a: Shinx\n|-status|p1a: Shinx|brn\n|-end|p1b: Gible|confusion\n|move|p1b: Gible|Substitute|p1b: Gible\n|-start|p1b: Gible|Substitute\n|-damage|p1b: Gible|19\/100 brn\n|move|p1a: Shinx|Wild Charge|p2b: Fuecoco\n|-damage|p2b: Fuecoco|70\/100\n|-damage|p1a: Shinx|86\/100 brn|[from] Recoil\n|\n|-heal|p2b: Fuecoco|74\/100|[from] item: Leftovers\n|-damage|p2a: Bronzor|34\/100 brn|[from] brn\n|-damage|p1b: Gible|14\/100 brn|[from] brn\n|-damage|p1a: Shinx|81\/100 brn|[from] brn\n|upkeep\n|turn|10\n|\n|t:|1682536013\n|move|p2a: Bronzor|Protect||[still]\n|-fail|p2a: Bronzor\n|move|p2b: Fuecoco|Flamethrower|p1a: Shinx\n|-damage|p1a: Shinx|24\/100 brn\n|move|p1b: Gible|Rock Slide|p2b: Fuecoco|[spread] p2a\n|-miss|p1b: Gible|p2b: Fuecoco\n|-resisted|p2a: Bronzor\n|-damage|p2a: Bronzor|30\/100 brn\n|move|p1a: Shinx|Wild Charge|p2b: Fuecoco\n|-damage|p2b: Fuecoco|54\/100\n|-damage|p1a: Shinx|20\/100 brn|[from] Recoil\n|\n|-heal|p2b: Fuecoco|58\/100|[from] item: Leftovers\n|-damage|p2a: Bronzor|25\/100 brn|[from] brn\n|-damage|p1b: Gible|10\/100 brn|[from] brn\n|-damage|p1a: Shinx|15\/100 brn|[from] brn\n|-fieldend|move: Trick Room\n|upkeep\n|turn|11\n|\n|t:|1682536062\n|move|p1a: Shinx|Ice Fang|p2a: Bronzor\n|-resisted|p2a: Bronzor\n|-damage|p2a: Bronzor|21\/100 brn\n|move|p1b: Gible|Outrage|p2a: Bronzor\n|-resisted|p2a: Bronzor\n|-damage|p2a: Bronzor|17\/100 brn\n|move|p2b: Fuecoco|Slack Off|p2b: Fuecoco\n|-heal|p2b: Fuecoco|100\/100\n|move|p2a: Bronzor|Trick Room|p2a: Bronzor\n|-fieldstart|move: Trick Room|[of] p2a: Bronzor\n|\n|-damage|p2a: Bronzor|13\/100 brn|[from] brn\n|-damage|p1b: Gible|5\/100 brn|[from] brn\n|-damage|p1a: Shinx|10\/100 brn|[from] brn\n|-sideend|p2: sonicspartan95|move: Light Screen\n|upkeep\n|turn|12\n|c| Cerpin T|ANOTHER ONE\n|\n|t:|1682536085\n|move|p2a: Bronzor|Light Screen|p2a: Bronzor\n|-sidestart|p2: sonicspartan95|move: Light Screen\n|move|p2b: Fuecoco|Flamethrower|p1a: Shinx\n|-damage|p1a: Shinx|0 fnt\n|faint|p1a: Shinx\n|move|p1b: Gible|Outrage|p2b: Fuecoco|[from]lockedmove\n|-damage|p2b: Fuecoco|77\/100\n|-start|p1b: Gible|confusion|[fatigue]\n|\n|-heal|p2b: Fuecoco|81\/100|[from] item: Leftovers\n|-damage|p2a: Bronzor|9\/100 brn|[from] brn\n|-damage|p1b: Gible|0 fnt|[from] brn\n|faint|p1b: Gible\n|-sideend|p2: sonicspartan95|Reflect\n|upkeep\n|\n|t:|1682536107\n|switch|p1a: Phanpy|Phanpy, L5, M|100\/100\n|turn|13\n|\n|t:|1682536129\n|move|p2a: Bronzor|Reflect|p2a: Bronzor\n|-sidestart|p2: sonicspartan95|Reflect\n|move|p2b: Fuecoco|Will-O-Wisp|p1a: Phanpy\n|-status|p1a: Phanpy|brn\n|move|p1a: Phanpy|Head Smash|p2a: Bronzor\n|-resisted|p2a: Bronzor\n|-damage|p2a: Bronzor|5\/100 brn\n|-damage|p1a: Phanpy|96\/100 brn|[from] Recoil\n|\n|-heal|p2b: Fuecoco|85\/100|[from] item: Leftovers\n|-damage|p2a: Bronzor|0 fnt|[from] brn\n|faint|p2a: Bronzor\n|-damage|p1a: Phanpy|92\/100 brn|[from] brn\n|upkeep\n|turn|14\n|\n|t:|1682536157\n|move|p2b: Fuecoco|Flamethrower|p1a: Phanpy\n|-damage|p1a: Phanpy|44\/100 brn\n|move|p1a: Phanpy|Head Smash|p2b: Fuecoco\n|-supereffective|p2b: Fuecoco\n|-damage|p2b: Fuecoco|47\/100\n|-damage|p1a: Phanpy|24\/100 brn|[from] Recoil\n|\n|-heal|p2b: Fuecoco|50\/100|[from] item: Leftovers\n|-damage|p1a: Phanpy|20\/100 brn|[from] brn\n|upkeep\n|turn|15\n|\n|t:|1682536183\n|move|p1a: Phanpy|Ice Shard|p2b: Fuecoco\n|-resisted|p2b: Fuecoco\n|-damage|p2b: Fuecoco|47\/100\n|move|p2b: Fuecoco|Flamethrower|p1a: Phanpy\n|-damage|p1a: Phanpy|0 fnt\n|faint|p1a: Phanpy\n|\n|win|sonicspartan95\n|c| Cerpin T|gg wp\n|c|\u2606sonicspartan95|gg\n|c|\u2606slothmish|gg\n","uploadtime":1682536194,"views":13,"p1id":"slothmish","p2id":"sonicspartan95","formatid":"gen9vgc2023regulationc","rating":0,"private":0,"password":""}