{"id":"gen9vgc2023regulationc-1854114250","p1":"NakedPsyduck","p2":"Felon Degeneres","format":"[Gen 9] VGC 2023 Regulation C","log":"|j|\u2606NakedPsyduck\n|j|\u2606Felon Degeneres\n|t:|1682771542\n|gametype|doubles\n|player|p1|NakedPsyduck|baker|1305\n|player|p2|Felon Degeneres|rocketgruntf|1262\n|teamsize|p1|6\n|teamsize|p2|6\n|gen|9\n|tier|[Gen 9] VGC 2023 Regulation C\n|rated|\n|rule|Species Clause: Limit one of each Pok\u00e9mon\n|rule|Item Clause: Limit one of each item\n|clearpoke\n|poke|p1|Azumarill, L50, M|\n|poke|p1|Chien-Pao, L50|\n|poke|p1|Flutter Mane, L50|\n|poke|p1|Arcanine, L50, M|\n|poke|p1|Ting-Lu, L50|\n|poke|p1|Annihilape, L50, M|\n|poke|p2|Tyranitar, L50, F|\n|poke|p2|Lycanroc, L50, M|\n|poke|p2|Quaquaval, L50, F|\n|poke|p2|Maushold-Four, L50|\n|poke|p2|Skeledirge, L50, M|\n|poke|p2|Scizor, L50, M|\n|teampreview|4\n|inactive|Battle timer is ON: inactive players will automatically lose when time's up. (requested by Felon Degeneres)\n|\n|t:|1682771574\n|start\n|switch|p1a: Arcanine|Arcanine, L50, M|100\/100\n|switch|p1b: Azumarill|Azumarill, L50, M|100\/100\n|switch|p2a: Quaquaval|Quaquaval, L50, F|100\/100\n|switch|p2b: Maushold|Maushold-Four, L50|100\/100\n|-ability|p1a: Arcanine|Intimidate|boost\n|-fail|p2a: Quaquaval|unboost|[from] item: Clear Amulet|[of] p2a: Quaquaval\n|-unboost|p2b: Maushold|atk|1\n|turn|1\n|inactive|NakedPsyduck has 30 seconds left.\n|inactive|NakedPsyduck has 20 seconds left.\n|\n|t:|1682771610\n|move|p2a: Quaquaval|Protect|p2a: Quaquaval\n|-singleturn|p2a: Quaquaval|Protect\n|move|p1a: Arcanine|Extreme Speed|p2b: Maushold\n|-damage|p2b: Maushold|73\/100\n|move|p1b: Azumarill|Aqua Jet|p2b: Maushold\n|-damage|p2b: Maushold|41\/100\n|move|p2b: Maushold|Population Bomb|p1b: Azumarill\n|-damage|p1b: Azumarill|94\/100\n|-damage|p1b: Azumarill|88\/100\n|-damage|p1b: Azumarill|82\/100\n|-damage|p1b: Azumarill|75\/100\n|-damage|p1b: Azumarill|69\/100\n|-damage|p1b: Azumarill|63\/100\n|-hitcount|p1b: Azumarill|6\n|\n|upkeep\n|turn|2\n|inactive|Felon Degeneres has 30 seconds left.\n|inactive|Felon Degeneres has 20 seconds left.\n|inactive|Felon Degeneres has 15 seconds left.\n|\n|t:|1682771652\n|switch|p1a: Ting-Lu|Ting-Lu, L50|100\/100\n|-ability|p1a: Ting-Lu|Vessel of Ruin\n|move|p2b: Maushold|Protect|p2b: Maushold\n|-singleturn|p2b: Maushold|Protect\n|move|p1b: Azumarill|Protect|p1b: Azumarill\n|-singleturn|p1b: Azumarill|Protect\n|move|p2a: Quaquaval|Swords Dance|p2a: Quaquaval\n|-boost|p2a: Quaquaval|atk|2\n|\n|upkeep\n|turn|3\n|inactive|NakedPsyduck has 30 seconds left.\n|inactive|Felon Degeneres has 30 seconds left.\n|inactive|NakedPsyduck has 20 seconds left.\n|inactive|Felon Degeneres has 20 seconds left.\n|\n|t:|1682771689\n|switch|p1b: Arcanine|Arcanine, L50, M|100\/100\n|-ability|p1b: Arcanine|Intimidate|boost\n|-fail|p2a: Quaquaval|unboost|[from] item: Clear Amulet|[of] p2a: Quaquaval\n|-unboost|p2b: Maushold|atk|1\n|-terastallize|p2a: Quaquaval|Water\n|move|p2b: Maushold|Population Bomb|p1b: Arcanine\n|-damage|p1b: Arcanine|96\/100\n|-damage|p1b: Arcanine|91\/100\n|-damage|p1b: Arcanine|87\/100\n|-damage|p1b: Arcanine|82\/100\n|-damage|p1b: Arcanine|79\/100\n|-damage|p1b: Arcanine|74\/100\n|-damage|p1b: Arcanine|70\/100\n|-damage|p1b: Arcanine|65\/100\n|-damage|p1b: Arcanine|60\/100\n|-damage|p1b: Arcanine|56\/100\n|-hitcount|p1b: Arcanine|10\n|move|p2a: Quaquaval|Aqua Step|p1a: Ting-Lu\n|-supereffective|p1a: Ting-Lu\n|-damage|p1a: Ting-Lu|0 fnt\n|-boost|p2a: Quaquaval|spe|1\n|faint|p1a: Ting-Lu\n|-ability|p2a: Quaquaval|Moxie|boost\n|-boost|p2a: Quaquaval|atk|1\n|\n|upkeep\n|\n|t:|1682771714\n|switch|p1a: Azumarill|Azumarill, L50, M|63\/100\n|turn|4\n|\n|t:|1682771727\n|-terastallize|p1b: Arcanine|Grass\n|move|p2b: Maushold|Follow Me|p2b: Maushold\n|-singleturn|p2b: Maushold|move: Follow Me\n|move|p2a: Quaquaval|Aqua Step|p1b: Arcanine\n|-resisted|p1b: Arcanine\n|-damage|p1b: Arcanine|0 fnt\n|-boost|p2a: Quaquaval|spe|1\n|faint|p1b: Arcanine\n|-ability|p2a: Quaquaval|Moxie|boost\n|-boost|p2a: Quaquaval|atk|1\n|move|p1a: Azumarill|Belly Drum|p1a: Azumarill\n|-damage|p1a: Azumarill|13\/100\n|-setboost|p1a: Azumarill|atk|6|[from] move: Belly Drum\n|-enditem|p1a: Azumarill|Sitrus Berry|[eat]\n|-heal|p1a: Azumarill|38\/100|[from] item: Sitrus Berry\n|\n|upkeep\n|\n|t:|1682771741\n|switch|p1b: Annihilape|Annihilape, L50, M|100\/100\n|turn|5\n|\n|t:|1682771749\n|move|p2b: Maushold|Follow Me|p2b: Maushold\n|-singleturn|p2b: Maushold|move: Follow Me\n|move|p1a: Azumarill|Aqua Jet|p2b: Maushold\n|-damage|p2b: Maushold|0 fnt\n|faint|p2b: Maushold\n|move|p2a: Quaquaval|Aqua Step|p1a: Azumarill\n|-resisted|p1a: Azumarill\n|-damage|p1a: Azumarill|0 fnt\n|-boost|p2a: Quaquaval|spe|1\n|faint|p1a: Azumarill\n|-ability|p2a: Quaquaval|Moxie|boost\n|-boost|p2a: Quaquaval|atk|1\n|move|p1b: Annihilape|Drain Punch|p2a: Quaquaval\n|-damage|p2a: Quaquaval|64\/100\n|\n|upkeep\n|\n|t:|1682771766\n|switch|p2b: Tyranitar|Tyranitar, L50, F|100\/100\n|-weather|Sandstorm|[from] ability: Sand Stream|[of] p2b: Tyranitar\n|turn|6\n|\n|t:|1682771778\n|move|p2a: Quaquaval|Aqua Step|p1b: Annihilape\n|-damage|p1b: Annihilape|0 fnt\n|-boost|p2a: Quaquaval|spe|1\n|faint|p1b: Annihilape\n|\n|win|Felon Degeneres\n|raw|NakedPsyduck's rating: 1305 → 1283<\/strong> (-22 for losing)\n|raw|Felon Degeneres's rating: 1262 → 1290<\/strong> (+28 for winning)\n","uploadtime":1682771788,"views":18,"p1id":"nakedpsyduck","p2id":"felondegeneres","formatid":"gen9vgc2023regulationc","rating":1283,"private":0,"password":""}