{"id":"gen9vgc2023regulationc-1848639060","p1":"Pengueos","p2":"fclfl lclfccflfcf","format":"[Gen 9] VGC 2023 Regulation C","log":"|j|\u2606Pengueos\n|j|\u2606fclfl lclfccflfcf\n|t:|1682096719\n|gametype|doubles\n|player|p1|Pengueos|169|1072\n|player|p2|fclfl lclfccflfcf|caitlin|1000\n|teamsize|p1|6\n|teamsize|p2|6\n|gen|9\n|tier|[Gen 9] VGC 2023 Regulation C\n|rated|\n|rule|Species Clause: Limit one of each Pok\u00e9mon\n|rule|Item Clause: Limit one of each item\n|clearpoke\n|poke|p1|Glimmora, L50, M|\n|poke|p1|Arcanine, L50, F|\n|poke|p1|Wo-Chien, L50|\n|poke|p1|Palafin, L50, M|\n|poke|p1|Flutter Mane, L50|\n|poke|p1|Gholdengo, L50|\n|poke|p2|Wo-Chien, L50|\n|poke|p2|Glimmora, L50, M|\n|poke|p2|Arcanine, L50, M|\n|poke|p2|Gyarados, L50, F|\n|poke|p2|Ting-Lu, L50|\n|poke|p2|Flutter Mane, L50|\n|teampreview|4\n|inactive|Battle timer is ON: inactive players will automatically lose when time's up. (requested by fclfl lclfccflfcf)\nfclfl lclfccflfcf rejected open team sheets.\n|\n|t:|1682096772\n|start\n|switch|p1a: Glimmora|Glimmora, L50, M, shiny|100\/100\n|switch|p1b: Arcanine|Arcanine, L50, F|100\/100\n|switch|p2a: Arcanine|Arcanine, L50, M|100\/100\n|switch|p2b: Gyarados|Gyarados, L50, F|100\/100\n|-ability|p2a: Arcanine|Intimidate|boost\n|-unboost|p1a: Glimmora|atk|1\n|-unboost|p1b: Arcanine|atk|1\n|-ability|p1b: Arcanine|Intimidate|boost\n|-unboost|p2a: Arcanine|atk|1\n|-unboost|p2b: Gyarados|atk|1\n|-ability|p2b: Gyarados|Intimidate|boost\n|-unboost|p1a: Glimmora|atk|1\n|-unboost|p1b: Arcanine|atk|1\n|turn|1\n|inactive|fclfl lclfccflfcf has 30 seconds left.\n|inactive|fclfl lclfccflfcf has 20 seconds left.\n|inactive|fclfl lclfccflfcf has 15 seconds left.\n|inactive|fclfl lclfccflfcf has 10 seconds left.\n|\n|t:|1682096819\n|switch|p2b: Flutter Mane|Flutter Mane, L50|100\/100\n|-enditem|p2b: Flutter Mane|Booster Energy\n|-activate|p2b: Flutter Mane|ability: Protosynthesis|[fromitem]\n|-start|p2b: Flutter Mane|protosynthesisspa\n|move|p1b: Arcanine|Protect|p1b: Arcanine\n|-singleturn|p1b: Arcanine|Protect\n|move|p2a: Arcanine|Flare Blitz|p1b: Arcanine\n|-activate|p1b: Arcanine|move: Protect\n|move|p1a: Glimmora|Reflect|p1a: Glimmora\n|-sidestart|p1: Pengueos|Reflect\n|\n|upkeep\n|turn|2\n|inactive|Pengueos has 30 seconds left.\n|inactive|fclfl lclfccflfcf has 30 seconds left.\n|\n|t:|1682096853\n|switch|p2a: Gyarados|Gyarados, L50, F|100\/100\n|-ability|p2a: Gyarados|Intimidate|boost\n|-unboost|p1a: Glimmora|atk|1\n|-unboost|p1b: Arcanine|atk|1\n|switch|p1b: Wo-Chien|Wo-Chien, L50|100\/100\n|-ability|p1b: Wo-Chien|Tablets of Ruin\n|move|p2b: Flutter Mane|Shadow Ball|p1a: Glimmora\n|-damage|p1a: Glimmora|50\/100\n|-unboost|p1a: Glimmora|spd|1\n|move|p1a: Glimmora|Light Screen|p1a: Glimmora\n|-sidestart|p1: Pengueos|move: Light Screen\n|\n|upkeep\n|turn|3\n|inactive|Pengueos has 30 seconds left.\n|\n|t:|1682096886\n|move|p2b: Flutter Mane|Shadow Ball|p1a: Glimmora\n|-damage|p1a: Glimmora|0 fnt\n|faint|p1a: Glimmora\n|move|p2a: Gyarados|Taunt|p1b: Wo-Chien\n|-start|p1b: Wo-Chien|move: Taunt\n|move|p1b: Wo-Chien|Knock Off|p2a: Gyarados\n|-crit|p2a: Gyarados\n|-damage|p2a: Gyarados|55\/100\n|-enditem|p2a: Gyarados|Aguav Berry|[from] move: Knock Off|[of] p1b: Wo-Chien\n|\n|upkeep\n|\n|t:|1682096903\n|switch|p1a: Gholdengo|Gholdengo, L50|100\/100\n|turn|4\n|\n|t:|1682096918\n|-terastallize|p1a: Gholdengo|Water\n|move|p2b: Flutter Mane|Protect|p2b: Flutter Mane\n|-singleturn|p2b: Flutter Mane|Protect\n|move|p1a: Gholdengo|Shadow Ball|p2b: Flutter Mane\n|-activate|p2b: Flutter Mane|move: Protect\n|move|p2a: Gyarados|Waterfall|p1a: Gholdengo\n|-resisted|p1a: Gholdengo\n|-damage|p1a: Gholdengo|89\/100\n|move|p1b: Wo-Chien|Giga Drain|p2a: Gyarados\n|-damage|p2a: Gyarados|33\/100\n|\n|upkeep\n|turn|5\n|inactive|Pengueos has 30 seconds left.\n|\n|t:|1682096944\n|move|p2a: Gyarados|Protect|p2a: Gyarados\n|-singleturn|p2a: Gyarados|Protect\n|move|p2b: Flutter Mane|Thunderbolt|p1a: Gholdengo\n|-supereffective|p1a: Gholdengo\n|-damage|p1a: Gholdengo|27\/100\n|move|p1a: Gholdengo|Shadow Ball|p2b: Flutter Mane\n|-supereffective|p2b: Flutter Mane\n|-damage|p2b: Flutter Mane|0 fnt\n|faint|p2b: Flutter Mane\n|-end|p2b: Flutter Mane|Protosynthesis|[silent]\n|move|p1b: Wo-Chien|Giga Drain|p2a: Gyarados\n|-activate|p2a: Gyarados|move: Protect\n|\n|-end|p1b: Wo-Chien|move: Taunt\n|upkeep\n|\n|t:|1682096959\n|switch|p2b: Ting-Lu|Ting-Lu, L50|100\/100\n|-ability|p2b: Ting-Lu|Vessel of Ruin\n|turn|6\n|\n|t:|1682096983\n|move|p1a: Gholdengo|Shadow Ball|p2a: Gyarados\n|-damage|p2a: Gyarados|0 fnt\n|faint|p2a: Gyarados\n|move|p1b: Wo-Chien|Leech Seed|p2b: Ting-Lu\n|-start|p2b: Ting-Lu|move: Leech Seed\n|move|p2b: Ting-Lu|Payback|p1a: Gholdengo\n|-damage|p1a: Gholdengo|0 fnt\n|faint|p1a: Gholdengo\n|\n|-damage|p2b: Ting-Lu|88\/100|[from] Leech Seed|[of] p1b: Wo-Chien\n|upkeep\n|\n|t:|1682096993\n|switch|p1a: Arcanine|Arcanine, L50, F|100\/100\n|switch|p2a: Arcanine|Arcanine, L50, M|100\/100\n|-ability|p2a: Arcanine|Intimidate|boost\n|-unboost|p1a: Arcanine|atk|1\n|-unboost|p1b: Wo-Chien|atk|1\n|-ability|p1a: Arcanine|Intimidate|boost\n|-unboost|p2a: Arcanine|atk|1\n|-unboost|p2b: Ting-Lu|atk|1\n|turn|7\n|inactive|Pengueos has 30 seconds left.\n|\n|t:|1682097022\n|-terastallize|p2b: Ting-Lu|Water\n|move|p1a: Arcanine|Protect|p1a: Arcanine\n|-singleturn|p1a: Arcanine|Protect\n|move|p2a: Arcanine|Extreme Speed|p1a: Arcanine\n|-activate|p1a: Arcanine|move: Protect\n|move|p1b: Wo-Chien|Knock Off|p2b: Ting-Lu\n|-damage|p2b: Ting-Lu|75\/100\n|-enditem|p2b: Ting-Lu|Assault Vest|[from] move: Knock Off|[of] p1b: Wo-Chien\n|move|p2b: Ting-Lu|Fissure|p1b: Wo-Chien|[miss]\n|-miss|p2b: Ting-Lu|p1b: Wo-Chien\n|\n|-damage|p2b: Ting-Lu|63\/100|[from] Leech Seed|[of] p1b: Wo-Chien\n|upkeep\n|turn|8\n|\n|t:|1682097043\n|move|p2a: Arcanine|Flare Blitz|p1b: Wo-Chien\n|-supereffective|p1b: Wo-Chien\n|-crit|p1b: Wo-Chien\n|-damage|p1b: Wo-Chien|0 fnt\n|faint|p1b: Wo-Chien\n|-damage|p2a: Arcanine|68\/100|[from] Recoil\n|move|p1a: Arcanine|Wild Charge|p2b: Ting-Lu\n|-supereffective|p2b: Ting-Lu\n|-crit|p2b: Ting-Lu\n|-damage|p2b: Ting-Lu|0 fnt\n|faint|p2b: Ting-Lu\n|-damage|p1a: Arcanine|77\/100|[from] Recoil\n|\n|-sideend|p1: Pengueos|Reflect\n|upkeep\n|turn|9\n|\n|t:|1682097060\n|move|p2a: Arcanine|Extreme Speed|p1a: Arcanine\n|-damage|p1a: Arcanine|58\/100\n|move|p1a: Arcanine|Extreme Speed|p2a: Arcanine\n|-damage|p2a: Arcanine|49\/100\n|\n|-sideend|p1: Pengueos|move: Light Screen\n|upkeep\n|turn|10\n|\n|t:|1682097070\n|move|p2a: Arcanine|Protect|p2a: Arcanine\n|-singleturn|p2a: Arcanine|Protect\n|move|p1a: Arcanine|Extreme Speed|p2a: Arcanine\n|-activate|p2a: Arcanine|move: Protect\n|\n|upkeep\n|turn|11\n|\n|t:|1682097077\n|move|p2a: Arcanine|Extreme Speed|p1a: Arcanine\n|-damage|p1a: Arcanine|37\/100\n|-enditem|p1a: Arcanine|Sitrus Berry|[eat]\n|-heal|p1a: Arcanine|62\/100|[from] item: Sitrus Berry\n|move|p1a: Arcanine|Extreme Speed|p2a: Arcanine\n|-damage|p2a: Arcanine|30\/100\n|\n|upkeep\n|turn|12\n|\n|t:|1682097087\n|move|p2a: Arcanine|Protect|p2a: Arcanine\n|-singleturn|p2a: Arcanine|Protect\n|move|p1a: Arcanine|Protect||[still]\n|-fail|p1a: Arcanine\n|\n|upkeep\n|turn|13\n|\n|t:|1682097099\n|move|p2a: Arcanine|Extreme Speed|p1a: Arcanine\n|-damage|p1a: Arcanine|40\/100\n|move|p1a: Arcanine|Extreme Speed|p2a: Arcanine\n|-damage|p2a: Arcanine|12\/100\n|-enditem|p2a: Arcanine|Figy Berry|[eat]\n|-heal|p2a: Arcanine|46\/100|[from] item: Figy Berry\n|\n|upkeep\n|turn|14\n|\n|t:|1682097119\n|move|p2a: Arcanine|Protect|p2a: Arcanine\n|-singleturn|p2a: Arcanine|Protect\n|move|p1a: Arcanine|Wild Charge|p2a: Arcanine\n|-activate|p2a: Arcanine|move: Protect\n|\n|upkeep\n|turn|15\n|\n|t:|1682097126\n|move|p2a: Arcanine|Extreme Speed|p1a: Arcanine\n|-damage|p1a: Arcanine|22\/100\n|move|p1a: Arcanine|Wild Charge|p2a: Arcanine\n|-damage|p2a: Arcanine|25\/100\n|-damage|p1a: Arcanine|16\/100|[from] Recoil\n|\n|upkeep\n|turn|16\n|\n|t:|1682097139\n|move|p1a: Arcanine|Protect|p1a: Arcanine\n|-singleturn|p1a: Arcanine|Protect\n|move|p2a: Arcanine|Extreme Speed|p1a: Arcanine\n|-activate|p1a: Arcanine|move: Protect\n|\n|upkeep\n|turn|17\n|\n|t:|1682097152\n|move|p2a: Arcanine|Extreme Speed|p1a: Arcanine\n|-damage|p1a: Arcanine|0 fnt\n|faint|p1a: Arcanine\n|\n|win|fclfl lclfccflfcf\n|raw|Pengueos's rating: 1072 → 1047<\/strong> (-25 for losing)\n|raw|fclfl lclfccflfcf's rating: 1000 → 1048<\/strong> (+48 for winning)\n|c|\u2606Pengueos|gg\n|l|\u2606Pengueos\n","uploadtime":1682097171,"views":12,"p1id":"pengueos","p2id":"fclfllclfccflfcf","formatid":"gen9vgc2023regulationc","rating":1047,"private":0,"password":""}