{"id":"gen9vgc2023regulationc-1848617108","p1":"Xexrxtxtxt","p2":"The_Chauffeur","format":"[Gen 9] VGC 2023 Regulation C","log":"|j|\u2606Xexrxtxtxt\n|j|\u2606The_Chauffeur\n|t:|1682094850\n|gametype|doubles\n|player|p1|Xexrxtxtxt|266|1618\n|player|p2|The_Chauffeur|pokemonbreeder-gen4|1542\n|teamsize|p1|6\n|teamsize|p2|6\n|gen|9\n|tier|[Gen 9] VGC 2023 Regulation C\n|rated|\n|rule|Species Clause: Limit one of each Pok\u00e9mon\n|rule|Item Clause: Limit one of each item\n|clearpoke\n|poke|p1|Palafin, L50, F|\n|poke|p1|Pelipper, L50, M|\n|poke|p1|Gholdengo, L50|\n|poke|p1|Chien-Pao, L50|\n|poke|p1|Iron Hands, L50|\n|poke|p1|Tinkaton, L50, F|\n|poke|p2|Bronzong, L50|\n|poke|p2|Ting-Lu, L50|\n|poke|p2|Iron Hands, L50|\n|poke|p2|Indeedee-F, L50, F|\n|poke|p2|Armarouge, L50, M|\n|poke|p2|Great Tusk, L50|\n|teampreview|4\n|\n|t:|1682094897\n|start\n|switch|p1a: Palafin|Palafin, L50, F|100\/100\n|switch|p1b: Chien-Pao|Chien-Pao, L50|100\/100\n|switch|p2a: Muenster|Great Tusk, L50|100\/100\n|switch|p2b: Gouda|Armarouge, L50, M|100\/100\n|-ability|p1b: Chien-Pao|Sword of Ruin\n|turn|1\n|\n|t:|1682094912\n|detailschange|p1a: Palafin|Palafin-Hero, L50, F\n|switch|p1a: Pelipper|Pelipper, L50, M|100\/100\n|-weather|RainDance|[from] ability: Drizzle|[of] p1a: Pelipper\n|move|p1b: Chien-Pao|Protect|p1b: Chien-Pao\n|-singleturn|p1b: Chien-Pao|Protect\n|move|p2b: Gouda|Endure|p2b: Gouda\n|-singleturn|p2b: Gouda|move: Endure\n|move|p2a: Muenster|Earthquake|p1a: Pelipper|[spread] p2b\n|-activate|p1b: Chien-Pao|move: Protect\n|-immune|p1a: Pelipper\n|-supereffective|p2b: Gouda\n|-damage|p2b: Gouda|8\/100\n|-ability|p2b: Gouda|Weak Armor|boost\n|-unboost|p2b: Gouda|def|1\n|-boost|p2b: Gouda|spe|2\n|-enditem|p2b: Gouda|Weakness Policy\n|-boost|p2b: Gouda|atk|2|[from] item: Weakness Policy\n|-boost|p2b: Gouda|spa|2|[from] item: Weakness Policy\n|\n|-weather|RainDance|[upkeep]\n|upkeep\n|turn|2\n|\n|t:|1682094958\n|-end|p2a: Muenster|Protosynthesis|[silent]\n|switch|p2a: Brie|Indeedee-F, L50, F|100\/100\n|-fieldstart|move: Psychic Terrain|[from] ability: Psychic Surge|[of] p2a: Brie\n|move|p2b: Gouda|Expanding Force|p1b: Chien-Pao|[spread] p1a\n|-immune|p1b: Chien-Pao\n|-damage|p1a: Pelipper|0 fnt\n|faint|p1a: Pelipper\n|move|p1b: Chien-Pao|Ice Spinner|p2b: Gouda\n|-resisted|p2b: Gouda\n|-damage|p2b: Gouda|0 fnt\n|-fieldend|move: Psychic Terrain\n|faint|p2b: Gouda\n|\n|-weather|RainDance|[upkeep]\n|upkeep\n|\n|t:|1682094972\n|switch|p1a: Palafin|Palafin-Hero, L50, F|100\/100\n|switch|p2b: Machego|Ting-Lu, L50|100\/100\n|-activate|p1a: Palafin|ability: Zero to Hero\n|-ability|p2b: Machego|Vessel of Ruin\n|turn|3\n|j| efrgebgf\n|l| efrgebgf\n|\n|t:|1682095001\n|-terastallize|p1a: Palafin|Water\n|-terastallize|p2b: Machego|Water\n|move|p2a: Brie|Follow Me|p2a: Brie\n|-singleturn|p2a: Brie|move: Follow Me\n|move|p1a: Palafin|Jet Punch|p2a: Brie\n|-damage|p2a: Brie|0 fnt\n|faint|p2a: Brie\n|move|p1b: Chien-Pao|Ice Spinner|p2b: Machego\n|-resisted|p2b: Machego\n|-damage|p2b: Machego|85\/100\n|move|p2b: Machego|Earthquake|p1a: Palafin|[spread] p1a,p1b\n|-damage|p1a: Palafin|34\/100\n|-damage|p1b: Chien-Pao|24\/100\n|\n|-weather|RainDance|[upkeep]\n|upkeep\n|\n|t:|1682095016\n|switch|p2a: Muenster|Great Tusk, L50|100\/100\n|turn|4\n|\n|t:|1682095025\n|move|p1b: Chien-Pao|Protect|p1b: Chien-Pao\n|-singleturn|p1b: Chien-Pao|Protect\n|move|p1a: Palafin|Jet Punch|p2a: Muenster\n|-supereffective|p2a: Muenster\n|-damage|p2a: Muenster|0 fnt\n|faint|p2a: Muenster\n|-end|p2a: Muenster|Protosynthesis|[silent]\n|move|p2b: Machego|Earthquake|p1b: Chien-Pao|[spread] p1a\n|-activate|p1b: Chien-Pao|move: Protect\n|-damage|p1a: Palafin|0 fnt\n|faint|p1a: Palafin\n|\n|-weather|RainDance|[upkeep]\n|upkeep\n|\n|t:|1682095029\n|switch|p1a: Tinkaton|Tinkaton, L50, F|100\/100\n|-ability|p1a: Tinkaton|Mold Breaker\n|turn|5\n|\n|t:|1682095035\n|move|p1a: Tinkaton|Fake Out|p2b: Machego\n|-damage|p2b: Machego|79\/100\n|move|p1b: Chien-Pao|Sucker Punch|p2b: Machego\n|-damage|p2b: Machego|50\/100\n|cant|p2b: Machego|flinch\n|\n|-weather|RainDance|[upkeep]\n|upkeep\n|turn|6\n|\n|t:|1682095066\n|move|p1b: Chien-Pao|Sucker Punch|p2b: Machego\n|-damage|p2b: Machego|24\/100\n|move|p1a: Tinkaton|Thunder Wave|p2b: Machego\n|-status|p2b: Machego|par\n|move|p2b: Machego|Earthquake|p1b: Chien-Pao|[spread] p1a,p1b\n|-supereffective|p1a: Tinkaton\n|-damage|p1a: Tinkaton|0 fnt\n|-damage|p1b: Chien-Pao|0 fnt\n|faint|p1a: Tinkaton\n|faint|p1b: Chien-Pao\n|\n|win|The_Chauffeur\n|raw|Xexrxtxtxt's rating: 1618 → 1594<\/strong> (-24 for losing)\n|raw|The_Chauffeur's rating: 1542 → 1566<\/strong> (+24 for winning)\n|l|\u2606Xexrxtxtxt\n","uploadtime":1682095086,"views":9,"p1id":"xexrxtxtxt","p2id":"thechauffeur","formatid":"gen9vgc2023regulationc","rating":1566,"private":0,"password":""}