{"id":"gen9vgc2023regulationc-1858054723","p1":"razor Pikachu","p2":"ffffd55","format":"[Gen 9] VGC 2023 Regulation C","log":"|j|\u2606razor Pikachu\n|j|\u2606ffffd55\n|t:|1683267731\n|gametype|doubles\n|player|p1|razor Pikachu|101|1114\n|player|p2|ffffd55|170|1000\n|teamsize|p1|6\n|teamsize|p2|6\n|gen|9\n|tier|[Gen 9] VGC 2023 Regulation C\n|rated|\n|rule|Species Clause: Limit one of each Pok\u00e9mon\n|rule|Item Clause: Limit one of each item\n|clearpoke\n|poke|p1|Blissey, L50, F|\n|poke|p1|Staraptor, L50, F|\n|poke|p1|Mimikyu, L50, F|\n|poke|p1|Talonflame, L50, F|\n|poke|p1|Kilowattrel, L50, F|\n|poke|p1|Roaring Moon, L50|\n|poke|p2|Torkoal, L50, M|\n|poke|p2|Chi-Yu, L50|\n|poke|p2|Bronzong, L50|\n|poke|p2|Gastrodon, L50, M|\n|poke|p2|Grimmsnarl, L50, M|\n|poke|p2|Skeledirge, L50, M|\n|teampreview|4\n|inactive|Battle timer is ON: inactive players will automatically lose when time's up. (requested by ffffd55)\n|\n|t:|1683267771\n|start\n|switch|p1a: Kilowattrel|Kilowattrel, L50, F|100\/100\n|switch|p1b: Talonflame|Talonflame, L50, F|100\/100\n|switch|p2a: Grimmsnarl|Grimmsnarl, L50, M|100\/100\n|switch|p2b: Bronzong|Bronzong, L50|100\/100\n|turn|1\n|inactive|razor Pikachu has 30 seconds left.\n|inactive|razor Pikachu has 20 seconds left.\n|inactive|razor Pikachu has 15 seconds left.\n|inactive|razor Pikachu has 10 seconds left.\n|\n|t:|1683267817\n|move|p2a: Grimmsnarl|Fake Out|p1a: Kilowattrel\n|-damage|p1a: Kilowattrel|74\/100\n|move|p1b: Talonflame|Flare Blitz|p2b: Bronzong\n|-supereffective|p2b: Bronzong\n|-damage|p2b: Bronzong|42\/100\n|-damage|p1b: Talonflame|78\/100|[from] Recoil\n|cant|p1a: Kilowattrel|flinch\n|move|p2b: Bronzong|Trick Room|p2b: Bronzong\n|-fieldstart|move: Trick Room|[of] p2b: Bronzong\n|\n|upkeep\n|turn|2\n|\n|t:|1683267831\n|move|p1a: Kilowattrel|Protect|p1a: Kilowattrel\n|-singleturn|p1a: Kilowattrel|Protect\n|move|p2a: Grimmsnarl|Sucker Punch||[still]\n|-fail|p2a: Grimmsnarl\n|move|p2b: Bronzong|Body Press|p1a: Kilowattrel\n|-activate|p1a: Kilowattrel|move: Protect\n|move|p1b: Talonflame|Flare Blitz|p2b: Bronzong\n|-supereffective|p2b: Bronzong\n|-damage|p2b: Bronzong|0 fnt\n|faint|p2b: Bronzong\n|-damage|p1b: Talonflame|63\/100|[from] Recoil\n|\n|upkeep\n|\n|t:|1683267833\n|switch|p2b: Torkoal|Torkoal, L50, M|100\/100\n|-weather|SunnyDay|[from] ability: Drought|[of] p2b: Torkoal\n|turn|3\n|\n|t:|1683267848\n|switch|p1a: Blissey|Blissey, L50, F|100\/100\n|move|p2a: Grimmsnarl|Sucker Punch|p1b: Talonflame\n|-damage|p1b: Talonflame|8\/100\n|move|p2b: Torkoal|Eruption|p1a: Blissey|[spread] p1a,p1b\n|-resisted|p1b: Talonflame\n|-damage|p1a: Blissey|76\/100\n|-damage|p1b: Talonflame|0 fnt\n|faint|p1b: Talonflame\n|\n|-weather|SunnyDay|[upkeep]\n|upkeep\n|\n|t:|1683267858\n|switch|p1b: Kilowattrel|Kilowattrel, L50, F|74\/100\n|turn|4\n|\n|t:|1683267870\n|move|p1b: Kilowattrel|Protect|p1b: Kilowattrel\n|-singleturn|p1b: Kilowattrel|Protect\n|move|p2b: Torkoal|Body Press|p1a: Blissey\n|-supereffective|p1a: Blissey\n|-damage|p1a: Blissey|25\/100\n|move|p1a: Blissey|Trick|p2a: Grimmsnarl\n|-activate|p1a: Blissey|move: Trick|[of] p2a: Grimmsnarl\n|-item|p2a: Grimmsnarl|Choice Specs|[from] move: Trick\n|-item|p1a: Blissey|Lagging Tail|[from] move: Trick\n|move|p2a: Grimmsnarl|Spirit Break|p1b: Kilowattrel\n|-activate|p1b: Kilowattrel|move: Protect\n|\n|-weather|SunnyDay|[upkeep]\n|upkeep\n|turn|5\n|\n|t:|1683267888\n|move|p2b: Torkoal|Eruption|p1b: Kilowattrel|[spread] p1a,p1b\n|-damage|p1a: Blissey|1\/100\n|-damage|p1b: Kilowattrel|0 fnt\n|faint|p1b: Kilowattrel\n|move|p2a: Grimmsnarl|Spirit Break|p1a: Blissey\n|-damage|p1a: Blissey|0 fnt\n|faint|p1a: Blissey\n|\n|-weather|SunnyDay|[upkeep]\n|-fieldend|move: Trick Room\n|upkeep\n|-message|razor Pikachu forfeited.\n|\n|win|ffffd55\n|raw|razor Pikachu's rating: 1114 → 1081<\/strong> (-33 for losing)\n|raw|ffffd55's rating: 1000 → 1053<\/strong> (+53 for winning)\n|l|\u2606razor Pikachu\n","uploadtime":1683267899,"views":6,"p1id":"razorpikachu","p2id":"ffffd55","formatid":"gen9vgc2023regulationc","rating":1053,"private":0,"password":""}