{"id":"gen9vgc2023regulationc-1859467188","p1":"pupulovessixsheep","p2":"Bonelting2","format":"[Gen 9] VGC 2023 Regulation C","log":"|j|\u2606pupulovessixsheep\n|j|\u2606Bonelting2\n|t:|1683472267\n|gametype|doubles\n|player|p1|pupulovessixsheep|265|1247\n|player|p2|Bonelting2|clemont|1151\n|teamsize|p1|6\n|teamsize|p2|6\n|gen|9\n|tier|[Gen 9] VGC 2023 Regulation C\n|rated|\n|rule|Species Clause: Limit one of each Pok\u00e9mon\n|rule|Item Clause: Limit one of each item\n|clearpoke\n|poke|p1|Talonflame, L50, M|\n|poke|p1|Chi-Yu, L50|\n|poke|p1|Flutter Mane, L50|\n|poke|p1|Amoonguss, L50, M|\n|poke|p1|Tyranitar, L50, F|\n|poke|p1|Houndstone, L50, M|\n|poke|p2|Iron Bundle, L50|\n|poke|p2|Gholdengo, L50|\n|poke|p2|Roaring Moon, L50|\n|poke|p2|Tinkaton, L50, F|\n|poke|p2|Great Tusk, L50|\n|poke|p2|Arcanine, L50, M|\n|teampreview|4\n|inactive|Battle timer is ON: inactive players will automatically lose when time's up. (requested by Bonelting2)\nBonelting2 has agreed to open team sheets.\n|c|\u2606Bonelting2|glhf nice team\n|inactive|pupulovessixsheep has 60 seconds left.\n|inactive|Bonelting2 has 60 seconds left.\n|\n|t:|1683472306\n|start\n|switch|p1a: Talonflame|Talonflame, L50, M, shiny|100\/100\n|switch|p1b: Chi-Yu|Chi-Yu, L50|100\/100\n|switch|p2a: Uber Eats|Iron Bundle, L50|100\/100\n|switch|p2b: Peanut|Great Tusk, L50|100\/100\n|-ability|p1b: Chi-Yu|Beads of Ruin\n|turn|1\n|\n|t:|1683472318\n|move|p1a: Talonflame|Tailwind|p1a: Talonflame\n|-sidestart|p1: pupulovessixsheep|move: Tailwind\n|move|p1b: Chi-Yu|Heat Wave|p2a: Uber Eats|[spread] p2a,p2b\n|-damage|p2a: Uber Eats|0 fnt\n|-damage|p2b: Peanut|57\/100\n|faint|p2a: Uber Eats\n|-end|p2a: Uber Eats|Quark Drive|[silent]\n|move|p2b: Peanut|Earthquake|p1a: Talonflame|[spread] p1b\n|-immune|p1a: Talonflame\n|-supereffective|p1b: Chi-Yu\n|-damage|p1b: Chi-Yu|0 fnt\n|faint|p1b: Chi-Yu\n|\n|upkeep\n|\n|t:|1683472331\n|switch|p2a: Dumpling|Tinkaton, L50, F|100\/100\n|switch|p1b: Flutter Mane|Flutter Mane, L50|100\/100\n|-ability|p2a: Dumpling|Mold Breaker\n|-item|p2a: Dumpling|Air Balloon\n|-enditem|p1b: Flutter Mane|Booster Energy\n|-activate|p1b: Flutter Mane|ability: Protosynthesis|[fromitem]\n|-start|p1b: Flutter Mane|protosynthesisspa\n|turn|2\n|\n|t:|1683472345\n|-terastallize|p1a: Talonflame|Fire\n|move|p1a: Talonflame|Overheat|p2a: Dumpling|[miss]\n|-miss|p1a: Talonflame|p2a: Dumpling\n|move|p1b: Flutter Mane|Dazzling Gleam|p2a: Dumpling|[spread] p2a,p2b\n|-resisted|p2a: Dumpling\n|-crit|p2a: Dumpling\n|-supereffective|p2b: Peanut\n|-damage|p2a: Dumpling|69\/100\n|-damage|p2b: Peanut|0 fnt\n|-enditem|p2a: Dumpling|Air Balloon\n|faint|p2b: Peanut\n|-end|p2b: Peanut|Protosynthesis|[silent]\n|move|p2a: Dumpling|Gigaton Hammer|p1b: Flutter Mane\n|-supereffective|p1b: Flutter Mane\n|-damage|p1b: Flutter Mane|0 fnt\n|faint|p1b: Flutter Mane\n|-end|p1b: Flutter Mane|Protosynthesis|[silent]\n|\n|upkeep\n|\n|t:|1683472361\n|switch|p1b: Tyranitar|Tyranitar, L50, F, shiny|100\/100\n|switch|p2b: Moon Cake|Roaring Moon, L50|100\/100\n|-weather|Sandstorm|[from] ability: Sand Stream|[of] p1b: Tyranitar\n|-enditem|p2b: Moon Cake|Booster Energy\n|-activate|p2b: Moon Cake|ability: Protosynthesis|[fromitem]\n|-start|p2b: Moon Cake|protosynthesisspe\n|turn|3\n|\n|t:|1683472382\n|move|p1a: Talonflame|Air Slash|p2b: Moon Cake\n|-damage|p2b: Moon Cake|74\/100\n|move|p2b: Moon Cake|Dragon Claw|p1a: Talonflame\n|-damage|p1a: Talonflame|38\/100\n|move|p1b: Tyranitar|Dragon Dance|p1b: Tyranitar\n|-boost|p1b: Tyranitar|atk|1\n|-boost|p1b: Tyranitar|spe|1\n|move|p2a: Dumpling|Play Rough|p1b: Tyranitar\n|-supereffective|p1b: Tyranitar\n|-damage|p1b: Tyranitar|37\/100\n|-enditem|p1b: Tyranitar|Weakness Policy\n|-boost|p1b: Tyranitar|atk|2|[from] item: Weakness Policy\n|-boost|p1b: Tyranitar|spa|2|[from] item: Weakness Policy\n|\n|-weather|Sandstorm|[upkeep]\n|-damage|p1a: Talonflame|32\/100|[from] Sandstorm\n|-damage|p2b: Moon Cake|68\/100|[from] Sandstorm\n|upkeep\n|turn|4\n|inactive|Bonelting2 has 30 seconds left.\n|inactive|Bonelting2 has 20 seconds left.\n|inactive|Bonelting2 has 15 seconds left.\n|inactive|Bonelting2 has 10 seconds left.\n|inactive|Bonelting2 has 5 seconds left.\n|\n|t:|1683472442\n|move|p2a: Dumpling|Fake Out||[still]\n|-hint|Fake Out only works on your first turn out.\n|-fail|p2a: Dumpling\n|move|p1a: Talonflame|Air Slash|p2b: Moon Cake\n|-damage|p2b: Moon Cake|41\/100\n|move|p1b: Tyranitar|Rock Slide|p2b: Moon Cake|[spread] p2a,p2b\n|-resisted|p2a: Dumpling\n|-damage|p2a: Dumpling|30\/100\n|-damage|p2b: Moon Cake|0 fnt\n|faint|p2b: Moon Cake\n|-end|p2b: Moon Cake|Protosynthesis|[silent]\n|\n|-weather|Sandstorm|[upkeep]\n|-damage|p1a: Talonflame|26\/100|[from] Sandstorm\n|-sideend|p1: pupulovessixsheep|move: Tailwind\n|upkeep\n|turn|5\n|c|\u2606Bonelting2|oh no\n|c|\u2606Bonelting2|i forgor timer\n|c|\u2606Bonelting2|it pick random move\n|inactive|Bonelting2 has 30 seconds left.\n|c|\u2606Bonelting2|gg wp\n|\n|t:|1683472471\n|move|p1b: Tyranitar|Protect|p1b: Tyranitar\n|-singleturn|p1b: Tyranitar|Protect\n|move|p1a: Talonflame|Tailwind|p1a: Talonflame\n|-sidestart|p1: pupulovessixsheep|move: Tailwind\n|move|p2a: Dumpling|Play Rough|p1b: Tyranitar\n|-activate|p1b: Tyranitar|move: Protect\n|\n|-weather|Sandstorm|[upkeep]\n|-damage|p1a: Talonflame|21\/100|[from] Sandstorm\n|upkeep\n|turn|6\n|inactive|pupulovessixsheep has 30 seconds left.\n|inactive|pupulovessixsheep has 20 seconds left.\n|\n|t:|1683472509\n|move|p1a: Talonflame|Overheat|p2a: Dumpling\n|-supereffective|p2a: Dumpling\n|-damage|p2a: Dumpling|0 fnt\n|-unboost|p1a: Talonflame|spa|2\n|faint|p2a: Dumpling\n|\n|win|pupulovessixsheep\n|raw|pupulovessixsheep's rating: 1247 → 1265<\/strong> (+18 for winning)\n|raw|Bonelting2's rating: 1151 → 1133<\/strong> (-18 for losing)\n","uploadtime":1683472526,"views":8,"p1id":"pupulovessixsheep","p2id":"bonelting2","formatid":"gen9vgc2023regulationc","rating":1133,"private":0,"password":""}