{"id":"gen9vgc2023regulationc-1858292482","p1":"birIkiUc","p2":"gorilnx","format":"[Gen 9] VGC 2023 Regulation C","log":"|j|\u2606birIkiUc\n|j|\u2606gorilnx\n|t:|1683299179\n|gametype|doubles\n|player|p1|birIkiUc|bugcatcher-gen4dp|1388\n|player|p2|gorilnx|dawn-gen4pt|1296\n|teamsize|p1|6\n|teamsize|p2|6\n|gen|9\n|tier|[Gen 9] VGC 2023 Regulation C\n|rated|\n|rule|Species Clause: Limit one of each Pok\u00e9mon\n|rule|Item Clause: Limit one of each item\n|clearpoke\n|poke|p1|Dondozo, L50, M|\n|poke|p1|Tatsugiri-Droopy, L50, F|\n|poke|p1|Glimmora, L50, M|\n|poke|p1|Chi-Yu, L50|\n|poke|p1|Flutter Mane, L50|\n|poke|p1|Dragonite, L50, F|\n|poke|p2|Palafin, L50, F|\n|poke|p2|Amoonguss, L50, M|\n|poke|p2|Flutter Mane, L50|\n|poke|p2|Arcanine, L50, M|\n|poke|p2|Ting-Lu, L50|\n|poke|p2|Baxcalibur, L50, M|\n|teampreview|4\n|inactive|Battle timer is ON: inactive players will automatically lose when time's up. (requested by gorilnx)\n|inactive|birIkiUc has 60 seconds left.\n|inactive|gorilnx has 60 seconds left.\n|\n|t:|1683299222\n|start\n|switch|p1a: Dragonite|Dragonite, L50, F|100\/100\n|switch|p1b: Glimmora|Glimmora, L50, M|100\/100\n|switch|p2a: Ting-Lu|Ting-Lu, L50|100\/100\n|switch|p2b: Palafin|Palafin, L50, F|100\/100\n|-ability|p2a: Ting-Lu|Vessel of Ruin\n|turn|1\n|inactive|birIkiUc has 30 seconds left.\n|inactive|gorilnx has 30 seconds left.\n|inactive|birIkiUc has 20 seconds left.\n|\n|t:|1683299258\n|detailschange|p2b: Palafin|Palafin-Hero, L50, F\n|switch|p2b: Amoonguss|Amoonguss, L50, M|100\/100\n|-terastallize|p1b: Glimmora|Grass\n|move|p1b: Glimmora|Energy Ball|p2a: Ting-Lu\n|-supereffective|p2a: Ting-Lu\n|-damage|p2a: Ting-Lu|73\/100\n|move|p1a: Dragonite|Aerial Ace|p2b: Amoonguss\n|-supereffective|p2b: Amoonguss\n|-damage|p2b: Amoonguss|11\/100\n|-enditem|p2b: Amoonguss|Sitrus Berry|[eat]\n|-heal|p2b: Amoonguss|36\/100|[from] item: Sitrus Berry\n|move|p2a: Ting-Lu|Ruination|p1a: Dragonite\n|-damage|p1a: Dragonite|51\/100\n|\n|upkeep\n|turn|2\n|inactive|gorilnx has 30 seconds left.\n|\n|t:|1683299284\n|move|p2b: Amoonguss|Protect|p2b: Amoonguss\n|-singleturn|p2b: Amoonguss|Protect\n|move|p1b: Glimmora|Mortal Spin|p2b: Amoonguss|[spread] p2a\n|-activate|p2b: Amoonguss|move: Protect\n|-resisted|p2a: Ting-Lu\n|-damage|p2a: Ting-Lu|71\/100\n|-status|p2a: Ting-Lu|psn\n|move|p1a: Dragonite|Aerial Ace|p2b: Amoonguss\n|-activate|p2b: Amoonguss|move: Protect\n|move|p2a: Ting-Lu|Fissure|p1b: Glimmora|[miss]\n|-miss|p2a: Ting-Lu|p1b: Glimmora\n|\n|-damage|p2a: Ting-Lu|59\/100 psn|[from] psn\n|upkeep\n|turn|3\n|\n|t:|1683299304\n|switch|p2b: Palafin|Palafin-Hero, L50, F|100\/100\n|-activate|p2b: Palafin|ability: Zero to Hero\n|move|p1b: Glimmora|Energy Ball|p2a: Ting-Lu\n|-supereffective|p2a: Ting-Lu\n|-damage|p2a: Ting-Lu|31\/100 psn\n|move|p1a: Dragonite|Aerial Ace|p2b: Palafin\n|-damage|p2b: Palafin|56\/100\n|move|p2a: Ting-Lu|Heavy Slam|p1a: Dragonite\n|-damage|p1a: Dragonite|28\/100\n|\n|-damage|p2a: Ting-Lu|18\/100 psn|[from] psn\n|upkeep\n|turn|4\n|inactive|gorilnx has 30 seconds left.\n|inactive|gorilnx has 20 seconds left.\n|\n|t:|1683299341\n|switch|p1a: Tatsugiri|Tatsugiri-Droopy, L50, F|100\/100\n|move|p2b: Palafin|Protect|p2b: Palafin\n|-singleturn|p2b: Palafin|Protect\n|move|p1b: Glimmora|Energy Ball|p2b: Palafin\n|-activate|p2b: Palafin|move: Protect\n|move|p2a: Ting-Lu|Fissure|p1b: Glimmora|[miss]\n|-miss|p2a: Ting-Lu|p1b: Glimmora\n|\n|-damage|p2a: Ting-Lu|6\/100 psn|[from] psn\n|upkeep\n|turn|5\n|\n|t:|1683299363\n|switch|p2b: Flutter Mane|Flutter Mane, L50|100\/100\n|move|p1b: Glimmora|Energy Ball|p2b: Flutter Mane\n|-damage|p2b: Flutter Mane|70\/100\n|move|p1a: Tatsugiri|Muddy Water|p2b: Flutter Mane|[spread] p2a\n|-miss|p1a: Tatsugiri|p2b: Flutter Mane\n|-supereffective|p2a: Ting-Lu\n|-damage|p2a: Ting-Lu|0 fnt\n|faint|p2a: Ting-Lu\n|\n|upkeep\n|\n|t:|1683299376\n|switch|p2a: Amoonguss|Amoonguss, L50, M|69\/100\n|turn|6\n|\n|t:|1683299390\n|move|p2b: Flutter Mane|Dazzling Gleam|p1a: Tatsugiri|[spread] p1a,p1b\n|-supereffective|p1a: Tatsugiri\n|-damage|p1a: Tatsugiri|0 fnt\n|-damage|p1b: Glimmora|65\/100\n|faint|p1a: Tatsugiri\n|move|p1b: Glimmora|Mortal Spin|p2a: Amoonguss|[spread] p2a,p2b\n|-damage|p2a: Amoonguss|65\/100\n|-damage|p2b: Flutter Mane|59\/100\n|-status|p2b: Flutter Mane|psn\n|move|p2a: Amoonguss|Pollen Puff|p2b: Flutter Mane\n|-heal|p2b: Flutter Mane|100\/100 psn\n|\n|-damage|p2b: Flutter Mane|88\/100 psn|[from] psn\n|upkeep\n|\n|t:|1683299405\n|switch|p1a: Dragonite|Dragonite, L50, F|28\/100\n|turn|7\n|\n|t:|1683299425\n|move|p2a: Amoonguss|Protect|p2a: Amoonguss\n|-singleturn|p2a: Amoonguss|Protect\n|move|p2b: Flutter Mane|Dazzling Gleam|p1b: Glimmora|[spread] p1a,p1b\n|-supereffective|p1a: Dragonite\n|-damage|p1a: Dragonite|0 fnt\n|-damage|p1b: Glimmora|31\/100\n|faint|p1a: Dragonite\n|move|p1b: Glimmora|Earth Power|p2b: Flutter Mane\n|-damage|p2b: Flutter Mane|62\/100 psn\n|\n|-damage|p2b: Flutter Mane|50\/100 psn|[from] psn\n|upkeep\n|\n|t:|1683299437\n|switch|p1a: Dondozo|Dondozo, L50, M|100\/100\n|turn|8\n|inactive|birIkiUc has 30 seconds left.\n|inactive|gorilnx has 30 seconds left.\n|\n|t:|1683299470\n|move|p2b: Flutter Mane|Dazzling Gleam|p1a: Dondozo|[spread] p1a,p1b\n|-damage|p1a: Dondozo|62\/100\n|-damage|p1b: Glimmora|0 fnt\n|faint|p1b: Glimmora\n|move|p1a: Dondozo|Yawn|p2a: Amoonguss\n|-start|p2a: Amoonguss|move: Yawn|[of] p1a: Dondozo\n|move|p2a: Amoonguss|Spore|p1a: Dondozo\n|-status|p1a: Dondozo|slp|[from] move: Spore\n|\n|-damage|p2b: Flutter Mane|37\/100 psn|[from] psn\n|upkeep\n|turn|9\n|\n|t:|1683299495\n|-end|p2b: Flutter Mane|Protosynthesis|[silent]\n|switch|p2b: Palafin|Palafin-Hero, L50, F|56\/100\n|cant|p1a: Dondozo|slp\n|move|p2a: Amoonguss|Pollen Puff|p2b: Palafin\n|-heal|p2b: Palafin|100\/100\n|\n|-end|p2a: Amoonguss|move: Yawn|[silent]\n|-status|p2a: Amoonguss|slp\n|upkeep\n|turn|10\n|\n|t:|1683299509\n|switch|p2a: Flutter Mane|Flutter Mane, L50|37\/100 psn\n|-terastallize|p2b: Palafin|Water\n|-curestatus|p1a: Dondozo|slp|[msg]\n|move|p1a: Dondozo|Protect|p1a: Dondozo\n|-singleturn|p1a: Dondozo|Protect\n|move|p2b: Palafin|Wave Crash|p1a: Dondozo\n|-activate|p1a: Dondozo|move: Protect\n|\n|-damage|p2a: Flutter Mane|25\/100 psn|[from] psn\n|upkeep\n|turn|11\n|\n|t:|1683299529\n|move|p2a: Flutter Mane|Thunderbolt|p1a: Dondozo\n|-supereffective|p1a: Dondozo\n|-damage|p1a: Dondozo|0 fnt\n|faint|p1a: Dondozo\n|\n|win|gorilnx\n|raw|birIkiUc's rating: 1388 → 1363<\/strong> (-25 for losing)\n|raw|gorilnx's rating: 1296 → 1327<\/strong> (+31 for winning)\n|c|\u2606birIkiUc|Ggs\n","uploadtime":1683299537,"views":7,"p1id":"birikiuc","p2id":"gorilnx","formatid":"gen9vgc2023regulationc","rating":1327,"private":0,"password":""}