{"id":"gen9vgc2023regulationc-1844910500","p1":"cat vomiting","p2":"XinBluQAQ","format":"[Gen 9] VGC 2023 Regulation C","log":"|j|\u2606cat vomiting\n|j|\u2606XinBluQAQ\n|t:|1681663168\n|gametype|doubles\n|player|p1|cat vomiting|roxie|\n|player|p2|XinBluQAQ|shadowtriad|\n|teamsize|p1|6\n|teamsize|p2|6\n|gen|9\n|tier|[Gen 9] VGC 2023 Regulation C\n|rule|Species Clause: Limit one of each Pok\u00e9mon\n|rule|Item Clause: Limit one of each item\n|clearpoke\n|poke|p1|Iron Thorns, L50|\n|poke|p1|Scream Tail, L50|\n|poke|p1|Gyarados, L50, F|\n|poke|p1|Ting-Lu, L50|\n|poke|p1|Maushold, L50|\n|poke|p1|Amoonguss, L50, F|\n|poke|p2|Amoonguss, L50, F|\n|poke|p2|Arcanine, L50, F|\n|poke|p2|Palafin, L50, M|\n|poke|p2|Great Tusk, L50|\n|poke|p2|Kingambit, L50, F|\n|poke|p2|Flutter Mane, L50|\n|teampreview|4\nXinBluQAQ has agreed to open team sheets.\ncat vomiting has agreed to open team sheets.\n|inactive|Battle timer is ON: inactive players will automatically lose when time's up. (requested by XinBluQAQ)\n|inactive|cat vomiting has 60 seconds left.\n|\n|t:|1681663267\n|start\n|switch|p1a: Scream Tail|Scream Tail, L50|100\/100\n|switch|p1b: Iron Thorns|Iron Thorns, L50|100\/100\n|switch|p2a: Arcanine|Arcanine, L50, F, shiny|100\/100\n|switch|p2b: Kingambit|Kingambit, L50, F|100\/100\n|-ability|p2a: Arcanine|Intimidate|boost\n|-unboost|p1a: Scream Tail|atk|1\n|-unboost|p1b: Iron Thorns|atk|1\n|-enditem|p1a: Scream Tail|Booster Energy\n|-activate|p1a: Scream Tail|ability: Protosynthesis|[fromitem]\n|-start|p1a: Scream Tail|protosynthesisspe\n|turn|1\n|inactive|cat vomiting has 30 seconds left.\n|inactive|XinBluQAQ has 30 seconds left.\n|inactive|cat vomiting has 20 seconds left.\n|inactive|cat vomiting has 15 seconds left.\n|inactive|XinBluQAQ has 20 seconds left.\n|inactive|XinBluQAQ has 15 seconds left.\n|\n|t:|1681663316\n|move|p2a: Arcanine|Protect|p2a: Arcanine\n|-singleturn|p2a: Arcanine|Protect\n|move|p1a: Scream Tail|Howl|p1a: Scream Tail|[spread] p1a,p1b\n|-boost|p1a: Scream Tail|atk|1\n|-boost|p1b: Iron Thorns|atk|1\n|move|p1b: Iron Thorns|Rock Blast|p2a: Arcanine\n|-activate|p2a: Arcanine|move: Protect\n|move|p2b: Kingambit|Kowtow Cleave|p1a: Scream Tail\n|-damage|p1a: Scream Tail|65\/100\n|\n|upkeep\n|turn|2\n|inactive|cat vomiting has 30 seconds left.\n|inactive|XinBluQAQ has 30 seconds left.\n|inactive|cat vomiting has 20 seconds left.\n|inactive|XinBluQAQ has 20 seconds left.\n|\n|t:|1681663352\n|-terastallize|p2a: Arcanine|Water\n|move|p1a: Scream Tail|Misty Terrain|p1a: Scream Tail\n|-fieldstart|move: Misty Terrain\n|move|p2a: Arcanine|Close Combat|p1b: Iron Thorns\n|-supereffective|p1b: Iron Thorns\n|-damage|p1b: Iron Thorns|43\/100\n|-unboost|p2a: Arcanine|def|1\n|-unboost|p2a: Arcanine|spd|1\n|move|p1b: Iron Thorns|Rock Blast|p2a: Arcanine\n|-damage|p2a: Arcanine|77\/100\n|-damage|p2a: Arcanine|52\/100\n|-damage|p2a: Arcanine|28\/100\n|-crit|p2a: Arcanine\n|-damage|p2a: Arcanine|0 fnt\n|faint|p2a: Arcanine\n|-hitcount|p2: Arcanine|4\n|move|p2b: Kingambit|Low Kick|p1b: Iron Thorns\n|-supereffective|p1b: Iron Thorns\n|-damage|p1b: Iron Thorns|0 fnt\n|faint|p1b: Iron Thorns\n|-end|p1b: Iron Thorns|Quark Drive|[silent]\n|\n|upkeep\n|\n|t:|1681663370\n|switch|p2a: Great Tusk|Great Tusk, L50|100\/100\n|switch|p1b: Amoonguss|Amoonguss, L50, F|100\/100\n|-enditem|p2a: Great Tusk|Booster Energy\n|-activate|p2a: Great Tusk|ability: Protosynthesis|[fromitem]\n|-start|p2a: Great Tusk|protosynthesisatk\n|turn|3\n|inactive|XinBluQAQ has 30 seconds left.\n|\n|t:|1681663403\n|move|p2a: Great Tusk|Protect|p2a: Great Tusk\n|-singleturn|p2a: Great Tusk|Protect\n|move|p1a: Scream Tail|Play Rough|p2a: Great Tusk\n|-activate|p2a: Great Tusk|move: Protect\n|move|p2b: Kingambit|Low Kick|p1b: Amoonguss\n|-resisted|p1b: Amoonguss\n|-crit|p1b: Amoonguss\n|-damage|p1b: Amoonguss|91\/100\n|move|p1b: Amoonguss|Pollen Puff|p2a: Great Tusk\n|-activate|p2a: Great Tusk|move: Protect\n|\n|upkeep\n|turn|4\n|inactive|XinBluQAQ has 30 seconds left.\n|\n|t:|1681663437\n|move|p1a: Scream Tail|Play Rough|p2a: Great Tusk\n|-supereffective|p2a: Great Tusk\n|-damage|p2a: Great Tusk|65\/100\n|move|p2a: Great Tusk|Close Combat|p1b: Amoonguss\n|-resisted|p1b: Amoonguss\n|-damage|p1b: Amoonguss|50\/100\n|-unboost|p2a: Great Tusk|def|1\n|-unboost|p2a: Great Tusk|spd|1\n|move|p2b: Kingambit|Kowtow Cleave|p1b: Amoonguss\n|-damage|p1b: Amoonguss|11\/100\n|-enditem|p1b: Amoonguss|Iapapa Berry|[eat]\n|-heal|p1b: Amoonguss|44\/100|[from] item: Iapapa Berry\n|move|p1b: Amoonguss|Pollen Puff|p1a: Scream Tail\n|-heal|p1a: Scream Tail|100\/100\n|\n|upkeep\n|turn|5\n|inactive|XinBluQAQ has 30 seconds left.\n|inactive|XinBluQAQ has 20 seconds left.\n|\n|t:|1681663472\n|move|p1b: Amoonguss|Protect|p1b: Amoonguss\n|-singleturn|p1b: Amoonguss|Protect\n|move|p1a: Scream Tail|Howl|p1a: Scream Tail|[spread] p1a,p1b\n|-boost|p1a: Scream Tail|atk|1\n|-boost|p1b: Amoonguss|atk|1\n|move|p2a: Great Tusk|Headlong Rush|p1a: Scream Tail\n|-damage|p1a: Scream Tail|32\/100\n|-unboost|p2a: Great Tusk|def|1\n|-unboost|p2a: Great Tusk|spd|1\n|move|p2b: Kingambit|Kowtow Cleave|p1b: Amoonguss\n|-activate|p1b: Amoonguss|move: Protect\n|\n|upkeep\n|turn|6\n|\n|t:|1681663500\n|move|p1a: Scream Tail|Play Rough|p2a: Great Tusk\n|-supereffective|p2a: Great Tusk\n|-damage|p2a: Great Tusk|0 fnt\n|faint|p2a: Great Tusk\n|-end|p2a: Great Tusk|Protosynthesis|[silent]\n|move|p2b: Kingambit|Kowtow Cleave|p1b: Amoonguss\n|-damage|p1b: Amoonguss|1\/100\n|move|p1b: Amoonguss|Pollen Puff|p1a: Scream Tail\n|-heal|p1a: Scream Tail|82\/100\n|\n|-fieldend|Misty Terrain\n|upkeep\n|\n|t:|1681663511\n|switch|p2a: Flutter Mane|Flutter Mane, L50|100\/100\n|turn|7\n|inactive|cat vomiting has 30 seconds left.\n|inactive|cat vomiting has 20 seconds left.\n|\n|t:|1681663550\n|-terastallize|p1a: Scream Tail|Steel\n|move|p2a: Flutter Mane|Protect|p2a: Flutter Mane\n|-singleturn|p2a: Flutter Mane|Protect\n|move|p1a: Scream Tail|Play Rough|p2a: Flutter Mane\n|-activate|p2a: Flutter Mane|move: Protect\n|move|p2b: Kingambit|Kowtow Cleave|p1b: Amoonguss\n|-damage|p1b: Amoonguss|0 fnt\n|faint|p1b: Amoonguss\n|\n|upkeep\n|\n|t:|1681663560\n|switch|p1b: Gyarados|Gyarados, L50, F, shiny|100\/100\n|-ability|p1b: Gyarados|Intimidate|boost\n|-unboost|p2a: Flutter Mane|atk|1\n|-unboost|p2b: Kingambit|atk|1\n|-ability|p2b: Kingambit|Defiant|boost\n|-boost|p2b: Kingambit|atk|2\n|turn|8\n|\n|t:|1681663574\n|move|p1a: Scream Tail|Play Rough|p2a: Flutter Mane|[miss]\n|-miss|p1a: Scream Tail|p2a: Flutter Mane\n|move|p2a: Flutter Mane|Thunderbolt|p1b: Gyarados\n|-supereffective|p1b: Gyarados\n|-damage|p1b: Gyarados|0 fnt\n|faint|p1b: Gyarados\n|move|p2b: Kingambit|Low Kick|p1a: Scream Tail\n|-supereffective|p1a: Scream Tail\n|-damage|p1a: Scream Tail|63\/100\n|\n|upkeep\n|turn|9\n|\n|t:|1681663592\n|move|p1a: Scream Tail|Play Rough|p2a: Flutter Mane\n|-damage|p2a: Flutter Mane|31\/100\n|move|p2a: Flutter Mane|Shadow Ball|p1a: Scream Tail\n|-damage|p1a: Scream Tail|34\/100\n|move|p2b: Kingambit|Kowtow Cleave|p1a: Scream Tail\n|-damage|p1a: Scream Tail|0 fnt\n|faint|p1a: Scream Tail\n|-end|p1a: Scream Tail|Protosynthesis|[silent]\n|\n|win|XinBluQAQ\n","uploadtime":1681663627,"views":21,"p1id":"catvomiting","p2id":"xinbluqaq","formatid":"gen9vgc2023regulationc","rating":0,"private":0,"password":""}