{"id":"gen9vgc2023regulationc-1854514116","p1":"lvlvlvlv","p2":"Crest of Thunders","format":"[Gen 9] VGC 2023 Regulation C","log":"|j|\u203dlvlvlvlv\n|j|\u2606Crest of Thunders\n|t:|1682820768\n|gametype|doubles\n|player|p1|lvlvlvlv|acetrainer-gen4dp|1344\n|player|p2|Crest of Thunders|barry|1342\n|teamsize|p1|6\n|teamsize|p2|6\n|gen|9\n|tier|[Gen 9] VGC 2023 Regulation C\n|rated|\n|rule|Species Clause: Limit one of each Pok\u00e9mon\n|rule|Item Clause: Limit one of each item\n|clearpoke\n|poke|p1|Baxcalibur, L50, M|\n|poke|p1|Chien-Pao, L50|\n|poke|p1|Flutter Mane, L50|\n|poke|p1|Brute Bonnet, L50|\n|poke|p1|Palafin, L50, M|\n|poke|p1|Arcanine, L50, M|\n|poke|p2|Iron Hands, L50|\n|poke|p2|Arcanine, L50, M|\n|poke|p2|Ting-Lu, L50|\n|poke|p2|Flutter Mane, L50|\n|poke|p2|Iron Bundle, L50|\n|poke|p2|Amoonguss, L50, F|\n|teampreview|4\n|inactive|Battle timer is ON: inactive players will automatically lose when time's up. (requested by lvlvlvlv)\n|c|\u2606Crest of Thunders|glhf\nCrest of Thunders has agreed to open team sheets.\n|inactive|Crest of Thunders has 60 seconds left.\n|\n|t:|1682820804\n|start\n|switch|p1a: Baxcalibur|Baxcalibur, L50, M|100\/100\n|switch|p1b: Chien-Pao|Chien-Pao, L50|100\/100\n|switch|p2a: Tigger|Arcanine, L50, M|100\/100\n|switch|p2b: Claude|Ting-Lu, L50|100\/100\n|-ability|p1b: Chien-Pao|Sword of Ruin\n|-ability|p2a: Tigger|Intimidate|boost\n|-unboost|p1a: Baxcalibur|atk|1\n|-unboost|p1b: Chien-Pao|atk|1\n|-ability|p2b: Claude|Vessel of Ruin\n|turn|1\n|\n|t:|1682820823\n|switch|p2b: 5A1NT_N1K|Iron Bundle, L50|100\/100\n|-enditem|p2b: 5A1NT_N1K|Booster Energy\n|-activate|p2b: 5A1NT_N1K|ability: Quark Drive|[fromitem]\n|-start|p2b: 5A1NT_N1K|quarkdrivespe\n|-terastallize|p1a: Baxcalibur|Ground\n|move|p1b: Chien-Pao|Haze|p1b: Chien-Pao\n|-clearallboost\n|move|p2a: Tigger|Flare Blitz|p1b: Chien-Pao\n|-supereffective|p1b: Chien-Pao\n|-enditem|p1b: Chien-Pao|Focus Sash\n|-damage|p1b: Chien-Pao|1\/100\n|-damage|p2a: Tigger|74\/100|[from] Recoil\n|move|p1a: Baxcalibur|Earthquake|p2b: 5A1NT_N1K|[spread] p1b,p2a,p2b\n|-supereffective|p2a: Tigger\n|-damage|p1b: Chien-Pao|0 fnt\n|-damage|p2a: Tigger|0 fnt\n|-damage|p2b: 5A1NT_N1K|0 fnt\n|faint|p1b: Chien-Pao\n|faint|p2a: Tigger\n|faint|p2b: 5A1NT_N1K\n|-end|p2b: 5A1NT_N1K|Quark Drive|[silent]\n|-damage|p1a: Baxcalibur|91\/100|[from] item: Life Orb\n|\n|upkeep\n|inactive|lvlvlvlv has 30 seconds left.\n|\n|t:|1682820856\n|switch|p2b: 5UM0|Iron Hands, L50|100\/100\n|switch|p1b: Brute Bonnet|Brute Bonnet, L50|100\/100\n|switch|p2a: Claude|Ting-Lu, L50|100\/100\n|-ability|p2a: Claude|Vessel of Ruin\n|turn|2\n|\n|t:|1682820881\n|-terastallize|p2a: Claude|Grass\n|move|p2b: 5UM0|Fake Out|p1a: Baxcalibur\n|-damage|p1a: Baxcalibur|78\/100\n|cant|p1a: Baxcalibur|flinch\n|move|p1b: Brute Bonnet|Bullet Seed|p2a: Claude\n|-resisted|p2a: Claude\n|-damage|p2a: Claude|97\/100\n|-resisted|p2a: Claude\n|-damage|p2a: Claude|93\/100\n|-resisted|p2a: Claude\n|-damage|p2a: Claude|90\/100\n|-resisted|p2a: Claude\n|-damage|p2a: Claude|86\/100\n|-hitcount|p2a: Claude|4\n|move|p2a: Claude|Stomping Tantrum|p1a: Baxcalibur\n|-damage|p1a: Baxcalibur|52\/100\n|\n|upkeep\n|turn|3\n|\n|t:|1682820898\n|move|p1b: Brute Bonnet|Protect|p1b: Brute Bonnet\n|-singleturn|p1b: Brute Bonnet|Protect\n|move|p1a: Baxcalibur|Earthquake|p2b: 5UM0|[spread] p2a,p2b\n|-activate|p1b: Brute Bonnet|move: Protect\n|-resisted|p2a: Claude\n|-supereffective|p2b: 5UM0\n|-damage|p2a: Claude|70\/100\n|-damage|p2b: 5UM0|33\/100\n|-enditem|p2b: 5UM0|Sitrus Berry|[eat]\n|-heal|p2b: 5UM0|57\/100|[from] item: Sitrus Berry\n|-damage|p1a: Baxcalibur|42\/100|[from] item: Life Orb\n|move|p2b: 5UM0|Drain Punch|p1a: Baxcalibur\n|-damage|p1a: Baxcalibur|4\/100\n|-heal|p2b: 5UM0|74\/100|[from] drain|[of] p1a: Baxcalibur\n|move|p2a: Claude|Stomping Tantrum|p1a: Baxcalibur\n|-damage|p1a: Baxcalibur|0 fnt\n|faint|p1a: Baxcalibur\n|\n|upkeep\n|\n|t:|1682820914\n|switch|p1a: Flutter Mane|Flutter Mane, L50|100\/100\n|turn|4\n|\n|t:|1682820928\n|move|p1b: Brute Bonnet|Sucker Punch|p2b: 5UM0\n|-resisted|p2b: 5UM0\n|-damage|p2b: 5UM0|65\/100\n|move|p1a: Flutter Mane|Dazzling Gleam|p2b: 5UM0|[spread] p2a,p2b\n|-supereffective|p2b: 5UM0\n|-damage|p2a: Claude|54\/100\n|-damage|p2b: 5UM0|5\/100\n|move|p2b: 5UM0|Drain Punch|p1b: Brute Bonnet\n|-supereffective|p1b: Brute Bonnet\n|-damage|p1b: Brute Bonnet|36\/100\n|-heal|p2b: 5UM0|30\/100|[from] drain|[of] p1b: Brute Bonnet\n|move|p2a: Claude|Heavy Slam|p1a: Flutter Mane\n|-supereffective|p1a: Flutter Mane\n|-damage|p1a: Flutter Mane|0 fnt\n|faint|p1a: Flutter Mane\n|-end|p1a: Flutter Mane|Protosynthesis|[silent]\n|\n|upkeep\n|turn|5\n|-message|lvlvlvlv forfeited.\n|\n|win|Crest of Thunders\n|raw|lvlvlvlv's rating: 1344 → 1324<\/strong> (-20 for losing)\n|raw|Crest of Thunders's rating: 1342 → 1362<\/strong> (+20 for winning)\n|l|\u203dlvlvlvlv\n|c|\u2606Crest of Thunders|gg\n","uploadtime":1682820946,"views":13,"p1id":"lvlvlvlv","p2id":"crestofthunders","formatid":"gen9vgc2023regulationc","rating":1324,"private":0,"password":""}