{"id":"gen9vgc2023regulationc-1862268076","p1":"aggron zheng","p2":"Calogre","format":"[Gen 9] VGC 2023 Regulation C","log":"|j|\u2606aggron zheng\n|j|\u2606Calogre\n|t:|1683857420\n|gametype|doubles\n|player|p1|aggron zheng|169|1528\n|player|p2|Calogre|169|1627\n|teamsize|p1|6\n|teamsize|p2|6\n|gen|9\n|tier|[Gen 9] VGC 2023 Regulation C\n|rated|\n|rule|Species Clause: Limit one of each Pok\u00e9mon\n|rule|Item Clause: Limit one of each item\n|clearpoke\n|poke|p1|Dondozo, L50, M|\n|poke|p1|Tatsugiri, L50, M|\n|poke|p1|Chi-Yu, L50|\n|poke|p1|Iron Bundle, L50|\n|poke|p1|Dragonite, L50, F|\n|poke|p1|Glimmora, L50, F|\n|poke|p2|Amoonguss, L50, M|\n|poke|p2|Talonflame, L50, F|\n|poke|p2|Flutter Mane, L50|\n|poke|p2|Great Tusk, L50|\n|poke|p2|Garganacl, L50, M|\n|poke|p2|Torkoal, L50, F|\n|teampreview|4\n|inactive|Battle timer is ON: inactive players will automatically lose when time's up. (requested by Calogre)\naggron zheng has agreed to open team sheets.\n|c|\u2606aggron zheng|glhf\n|inactive|aggron zheng has 60 seconds left.\n|j| Gopii\n|j| TMM_Shadow\n|inactive|aggron zheng has 30 seconds left.\n|\n|t:|1683857484\n|start\n|switch|p1a: Chi-Yu|Chi-Yu, L50|100\/100\n|switch|p1b: Dragonite|Dragonite, L50, F|100\/100\n|switch|p2a: Hot wings|Talonflame, L50, F|100\/100\n|switch|p2b: Lighting mcqueen|Flutter Mane, L50|100\/100\n|-ability|p1a: Chi-Yu|Beads of Ruin\n|turn|1\n|inactive|aggron zheng has 30 seconds left.\n|inactive|Calogre has 30 seconds left.\n|inactive|aggron zheng has 20 seconds left.\n|inactive|aggron zheng has 15 seconds left.\n|inactive|aggron zheng has 10 seconds left.\n|\n|t:|1683857531\n|-terastallize|p1b: Dragonite|Flying\n|move|p2b: Lighting mcqueen|Protect|p2b: Lighting mcqueen\n|-singleturn|p2b: Lighting mcqueen|Protect\n|move|p2a: Hot wings|Will-O-Wisp|p1b: Dragonite\n|-status|p1b: Dragonite|brn\n|move|p1a: Chi-Yu|Dark Pulse|p2b: Lighting mcqueen\n|-activate|p2b: Lighting mcqueen|move: Protect\n|move|p1b: Dragonite|Tera Blast|p2b: Lighting mcqueen\n|-activate|p2b: Lighting mcqueen|move: Protect\n|\n|-damage|p1b: Dragonite|95\/100 brn|[from] brn\n|upkeep\n|turn|2\n|inactive|aggron zheng has 30 seconds left.\n|inactive|Calogre has 30 seconds left.\n|\n|t:|1683857559\n|move|p2a: Hot wings|Tailwind|p2a: Hot wings\n|-sidestart|p2: Calogre|move: Tailwind\n|move|p2b: Lighting mcqueen|Dazzling Gleam|p1b: Dragonite|[spread] p1a,p1b\n|-damage|p1a: Chi-Yu|59\/100\n|-damage|p1b: Dragonite|49\/100 brn\n|move|p1a: Chi-Yu|Dark Pulse|p2a: Hot wings\n|-damage|p2a: Hot wings|6\/100\n|move|p1b: Dragonite|Tera Blast|p2a: Hot wings\n|-damage|p2a: Hot wings|0 fnt\n|faint|p2a: Hot wings\n|\n|-damage|p1b: Dragonite|44\/100 brn|[from] brn\n|upkeep\n|\n|t:|1683857574\n|switch|p2a: Dwayne|Garganacl, L50, M|100\/100\n|turn|3\n|\n|t:|1683857585\n|move|p1a: Chi-Yu|Protect|p1a: Chi-Yu\n|-singleturn|p1a: Chi-Yu|Protect\n|move|p2b: Lighting mcqueen|Dazzling Gleam|p1a: Chi-Yu|[spread] p1b\n|-activate|p1a: Chi-Yu|move: Protect\n|-damage|p1b: Dragonite|0 fnt\n|faint|p1b: Dragonite\n|move|p2a: Dwayne|Salt Cure|p1a: Chi-Yu\n|-activate|p1a: Chi-Yu|move: Protect\n|\n|upkeep\n|\n|t:|1683857598\n|switch|p1b: Dondozo|Dondozo, L50, M|100\/100\n|turn|4\n|inactive|aggron zheng has 30 seconds left.\n|\n|t:|1683857628\n|switch|p1a: Tatsugiri|Tatsugiri, L50, M|100\/100\n|-activate|p1a: Tatsugiri|ability: Commander|[of] p1b: Dondozo\n|-boost|p1b: Dondozo|atk|2\n|-boost|p1b: Dondozo|spa|2\n|-boost|p1b: Dondozo|spe|2\n|-boost|p1b: Dondozo|def|2\n|-boost|p1b: Dondozo|spd|2\n|move|p1b: Dondozo|Protect|p1b: Dondozo\n|-singleturn|p1b: Dondozo|Protect\n|move|p2a: Dwayne|Protect|p2a: Dwayne\n|-singleturn|p2a: Dwayne|Protect\n|move|p2b: Lighting mcqueen|Dazzling Gleam|p1a: Tatsugiri|[spread] \n|-miss|p2b: Lighting mcqueen|p1a: Tatsugiri\n|-activate|p1b: Dondozo|move: Protect\n|\n|upkeep\n|turn|5\n|inactive|aggron zheng has 30 seconds left.\n|inactive|Calogre has 30 seconds left.\n|\n|t:|1683857657\n|switch|p2a: Magic|Amoonguss, L50, M|100\/100\n|move|p1b: Dondozo|Wave Crash|p2b: Lighting mcqueen\n|-enditem|p2b: Lighting mcqueen|Focus Sash\n|-damage|p2b: Lighting mcqueen|1\/100\n|-damage|p1b: Dondozo|77\/100|[from] Recoil\n|move|p2b: Lighting mcqueen|Trick Room|p2b: Lighting mcqueen\n|-fieldstart|move: Trick Room|[of] p2b: Lighting mcqueen\n|\n|-heal|p1b: Dondozo|83\/100|[from] item: Leftovers\n|-sideend|p2: Calogre|move: Tailwind\n|upkeep\n|turn|6\n|\n|t:|1683857674\n|move|p1b: Dondozo|Protect|p1b: Dondozo\n|-singleturn|p1b: Dondozo|Protect\n|move|p2a: Magic|Spore|p1b: Dondozo\n|-activate|p1b: Dondozo|move: Protect\n|move|p2b: Lighting mcqueen|Dazzling Gleam|p1b: Dondozo|[spread] \n|-miss|p2b: Lighting mcqueen|p1a: Tatsugiri\n|-activate|p1b: Dondozo|move: Protect\n|\n|-heal|p1b: Dondozo|89\/100|[from] item: Leftovers\n|upkeep\n|turn|7\n|\n|t:|1683857679\n|move|p2a: Magic|Spore|p1b: Dondozo\n|-status|p1b: Dondozo|slp|[from] move: Spore\n|move|p2b: Lighting mcqueen|Dazzling Gleam|p1b: Dondozo|[spread] p1b\n|-miss|p2b: Lighting mcqueen|p1a: Tatsugiri\n|-damage|p1b: Dondozo|76\/100 slp\n|cant|p1b: Dondozo|slp\n|\n|-heal|p1b: Dondozo|82\/100 slp|[from] item: Leftovers\n|upkeep\n|turn|8\n|\n|t:|1683857699\n|-curestatus|p1b: Dondozo|slp|[msg]\n|move|p1b: Dondozo|Protect|p1b: Dondozo\n|-singleturn|p1b: Dondozo|Protect\n|move|p2a: Magic|Giga Drain|p1b: Dondozo\n|-activate|p1b: Dondozo|move: Protect\n|move|p2b: Lighting mcqueen|Shadow Ball|p1b: Dondozo\n|-activate|p1b: Dondozo|move: Protect\n|\n|-heal|p1b: Dondozo|88\/100|[from] item: Leftovers\n|upkeep\n|turn|9\n|\n|t:|1683857708\n|move|p2b: Lighting mcqueen|Protect|p2b: Lighting mcqueen\n|-singleturn|p2b: Lighting mcqueen|Protect\n|move|p1b: Dondozo|Protect|p1b: Dondozo\n|-singleturn|p1b: Dondozo|Protect\n|move|p2a: Magic|Spore|p1b: Dondozo\n|-activate|p1b: Dondozo|move: Protect\n|\n|-heal|p1b: Dondozo|94\/100|[from] item: Leftovers\n|-fieldend|move: Trick Room\n|upkeep\n|turn|10\n|\n|t:|1683857733\n|move|p1b: Dondozo|Wave Crash|p2b: Lighting mcqueen\n|-damage|p2b: Lighting mcqueen|0 fnt\n|faint|p2b: Lighting mcqueen\n|-end|p2b: Lighting mcqueen|Protosynthesis|[silent]\n|-damage|p1b: Dondozo|94\/100|[from] Recoil\n|move|p2a: Magic|Spore|p1b: Dondozo\n|-status|p1b: Dondozo|slp|[from] move: Spore\n|\n|-heal|p1b: Dondozo|99\/100 slp|[from] item: Leftovers\n|upkeep\n|\n|t:|1683857743\n|switch|p2b: Dwayne|Garganacl, L50, M|100\/100\n|turn|11\n|\n|t:|1683857751\n|cant|p1b: Dondozo|slp\n|move|p2b: Dwayne|Salt Cure|p1b: Dondozo\n|-damage|p1b: Dondozo|96\/100 slp\n|-start|p1b: Dondozo|Salt Cure\n|move|p2a: Magic|Giga Drain|p1b: Dondozo\n|-supereffective|p1b: Dondozo\n|-damage|p1b: Dondozo|76\/100 slp\n|\n|-heal|p1b: Dondozo|82\/100 slp|[from] item: Leftovers\n|-damage|p1b: Dondozo|58\/100 slp|[from] Salt Cure\n|upkeep\n|turn|12\n|inactive|Calogre has 30 seconds left.\n|\n|t:|1683857783\n|move|p2b: Dwayne|Protect|p2b: Dwayne\n|-singleturn|p2b: Dwayne|Protect\n|cant|p1b: Dondozo|slp\n|move|p2a: Magic|Giga Drain|p1b: Dondozo\n|-supereffective|p1b: Dondozo\n|-damage|p1b: Dondozo|38\/100 slp\n|\n|-heal|p1b: Dondozo|44\/100 slp|[from] item: Leftovers\n|-damage|p1b: Dondozo|20\/100 slp|[from] Salt Cure\n|upkeep\n|turn|13\n|\n|t:|1683857798\n|cant|p1b: Dondozo|slp\n|move|p2b: Dwayne|Protect|p2b: Dwayne\n|-singleturn|p2b: Dwayne|Protect\n|move|p2a: Magic|Giga Drain|p1b: Dondozo\n|-supereffective|p1b: Dondozo\n|-damage|p1b: Dondozo|1\/100 slp\n|\n|-heal|p1b: Dondozo|7\/100 slp|[from] item: Leftovers\n|-damage|p1b: Dondozo|0 fnt|[from] Salt Cure\n|faint|p1b: Dondozo\n|upkeep\n|\n|t:|1683857803\n|switch|p1b: Chi-Yu|Chi-Yu, L50|59\/100\n|-ability|p1b: Chi-Yu|Beads of Ruin\n|turn|14\n|\n|t:|1683857824\n|move|p2a: Magic|Protect|p2a: Magic\n|-singleturn|p2a: Magic|Protect\n|move|p1a: Tatsugiri|Draco Meteor|p2b: Dwayne|[miss]\n|-miss|p1a: Tatsugiri|p2b: Dwayne\n|move|p1b: Chi-Yu|Dark Pulse|p2b: Dwayne\n|-damage|p2b: Dwayne|55\/100\n|move|p2b: Dwayne|Salt Cure|p1b: Chi-Yu\n|-supereffective|p1b: Chi-Yu\n|-damage|p1b: Chi-Yu|7\/100\n|-start|p1b: Chi-Yu|Salt Cure\n|\n|-heal|p2b: Dwayne|61\/100|[from] item: Leftovers\n|-damage|p1b: Chi-Yu|0 fnt|[from] Salt Cure\n|faint|p1b: Chi-Yu\n|upkeep\n|turn|15\n|c|\u2606aggron zheng|lit\n|c|\u2606aggron zheng|gg\n|-message|aggron zheng forfeited.\n|\n|win|Calogre\n|raw|aggron zheng's rating: 1528 → 1514<\/strong> (-14 for losing)\n|raw|Calogre's rating: 1627 → 1641<\/strong> (+14 for winning)\n","uploadtime":1683857839,"views":14,"p1id":"aggronzheng","p2id":"calogre","formatid":"gen9vgc2023regulationc","rating":1514,"private":0,"password":""}