{"id":"gen9vgc2023regulationc-1850900796","p1":"GreninjaRB","p2":"Beetle Enjoyer","format":"[Gen 9] VGC 2023 Regulation C","log":"|j|\u2606GreninjaRB\n|j|\u2606Beetle Enjoyer\n|t:|1682380088\n|gametype|doubles\n|player|p1|GreninjaRB|red|1167\n|player|p2|Beetle Enjoyer|preschooler|1189\n|teamsize|p1|6\n|teamsize|p2|6\n|gen|9\n|tier|[Gen 9] VGC 2023 Regulation C\n|rated|\n|rule|Species Clause: Limit one of each Pok\u00e9mon\n|rule|Item Clause: Limit one of each item\n|clearpoke\n|poke|p1|Flutter Mane, L50|\n|poke|p1|Wo-Chien, L50|\n|poke|p1|Ting-Lu, L50|\n|poke|p1|Glimmora, L50, F|\n|poke|p1|Gyarados, L50, F|\n|poke|p1|Grimmsnarl, L50, M|\n|poke|p2|Palafin, L50, F|\n|poke|p2|Chien-Pao, L50|\n|poke|p2|Dragapult, L50, M|\n|poke|p2|Amoonguss, L50, F|\n|poke|p2|Arcanine, L50, F|\n|poke|p2|Flutter Mane, L50|\n|teampreview|4\n|inactive|Battle timer is ON: inactive players will automatically lose when time's up. (requested by GreninjaRB)\n|inactive|Beetle Enjoyer has 60 seconds left.\n|c|\u2606GreninjaRB|what's your favourite beetle?\n|\n|t:|1682380130\n|start\n|switch|p1a: Glimmora|Glimmora, L50, F, shiny|100\/100\n|switch|p1b: Gyarados|Gyarados, L50, F, shiny|100\/100\n|switch|p2a: Palafin|Palafin, L50, F|100\/100\n|switch|p2b: Dragapult|Dragapult, L50, M|100\/100\n|-ability|p1b: Gyarados|Intimidate|boost\n|-unboost|p2a: Palafin|atk|1\n|-fail|p2b: Dragapult|unboost|[from] ability: Clear Body|[of] p2b: Dragapult\n|turn|1\n|\n|t:|1682380153\n|move|p2a: Palafin|Protect|p2a: Palafin\n|-singleturn|p2a: Palafin|Protect\n|move|p2b: Dragapult|Phantom Force||[still]\n|-prepare|p2b: Dragapult|Phantom Force\n|move|p1b: Gyarados|Dragon Dance|p1b: Gyarados\n|-boost|p1b: Gyarados|atk|1\n|-boost|p1b: Gyarados|spe|1\n|move|p1a: Glimmora|Mortal Spin|p2a: Palafin|[spread] \n|-miss|p1a: Glimmora|p2b: Dragapult\n|-activate|p2a: Palafin|move: Protect\n|\n|upkeep\n|turn|2\n|\n|t:|1682380167\n|detailschange|p2a: Palafin|Palafin-Hero, L50, F\n|switch|p2a: Chien-Pao|Chien-Pao, L50|100\/100\n|-ability|p2a: Chien-Pao|Sword of Ruin\n|move|p1b: Gyarados|Dragon Dance|p1b: Gyarados\n|-boost|p1b: Gyarados|atk|1\n|-boost|p1b: Gyarados|spe|1\n|move|p2b: Dragapult|Phantom Force|p1a: Glimmora|[from]lockedmove\n|-damage|p1a: Glimmora|7\/100\n|-activate|p1a: Glimmora|ability: Toxic Debris\n|-sidestart|p2: Beetle Enjoyer|move: Toxic Spikes\n|-enditem|p1a: Glimmora|Sitrus Berry|[eat]\n|-heal|p1a: Glimmora|32\/100|[from] item: Sitrus Berry\n|move|p1a: Glimmora|Mortal Spin|p2a: Chien-Pao|[spread] p2a,p2b\n|-resisted|p2b: Dragapult\n|-damage|p2a: Chien-Pao|94\/100\n|-damage|p2b: Dragapult|97\/100\n|-status|p2a: Chien-Pao|psn\n|-status|p2b: Dragapult|psn\n|\n|-damage|p2b: Dragapult|84\/100 psn|[from] psn\n|-damage|p2a: Chien-Pao|82\/100 psn|[from] psn\n|upkeep\n|turn|3\n|\n|t:|1682380182\n|move|p1b: Gyarados|Protect|p1b: Gyarados\n|-singleturn|p1b: Gyarados|Protect\n|move|p1a: Glimmora|Spiky Shield|p1a: Glimmora\n|-singleturn|p1a: Glimmora|move: Protect\n|move|p2a: Chien-Pao|Sucker Punch||[still]\n|-fail|p2a: Chien-Pao\n|move|p2b: Dragapult|Phantom Force||[still]\n|-prepare|p2b: Dragapult|Phantom Force\n|\n|-damage|p2b: Dragapult|72\/100 psn|[from] psn\n|-damage|p2a: Chien-Pao|70\/100 psn|[from] psn\n|upkeep\n|turn|4\n|inactive|GreninjaRB has 30 seconds left.\n|inactive|GreninjaRB has 20 seconds left.\n|inactive|GreninjaRB has 15 seconds left.\n|\n|t:|1682380223\n|switch|p1b: Live Reaction|Wo-Chien, L50|100\/100\n|-ability|p1b: Live Reaction|Tablets of Ruin\n|move|p2a: Chien-Pao|Sucker Punch||[still]\n|-fail|p2a: Chien-Pao\n|move|p2b: Dragapult|Phantom Force|p1b: Live Reaction|[from]lockedmove\n|-resisted|p1b: Live Reaction\n|-damage|p1b: Live Reaction|74\/100\n|move|p1a: Glimmora|Power Gem|p2a: Chien-Pao\n|-supereffective|p2a: Chien-Pao\n|-damage|p2a: Chien-Pao|0 fnt\n|faint|p2a: Chien-Pao\n|\n|-heal|p1b: Live Reaction|81\/100|[from] item: Leftovers\n|-damage|p2b: Dragapult|59\/100 psn|[from] psn\n|upkeep\n|\n|t:|1682380238\n|switch|p2a: Amoonguss|Amoonguss, L50, F|100\/100\n|-sideend|p2: Beetle Enjoyer|move: Toxic Spikes|[of] p2a: Amoonguss\n|turn|5\n|inactive|GreninjaRB has 30 seconds left.\n|inactive|GreninjaRB has 20 seconds left.\n|inactive|GreninjaRB has 15 seconds left.\n|inactive|GreninjaRB has 10 seconds left.\n|\n|t:|1682380287\n|switch|p2b: Palafin|Palafin-Hero, L50, F|100\/100\n|-activate|p2b: Palafin|ability: Zero to Hero\n|move|p1a: Glimmora|Mortal Spin|p2b: Palafin|[spread] p2a,p2b\n|-damage|p2a: Amoonguss|98\/100\n|-damage|p2b: Palafin|98\/100\n|-status|p2b: Palafin|psn\n|move|p1b: Live Reaction|Pollen Puff|p1a: Glimmora\n|-heal|p1a: Glimmora|82\/100\n|move|p2a: Amoonguss|Spore|p1a: Glimmora\n|-status|p1a: Glimmora|slp|[from] move: Spore\n|\n|-heal|p1b: Live Reaction|87\/100|[from] item: Leftovers\n|-damage|p2b: Palafin|85\/100 psn|[from] psn\n|upkeep\n|turn|6\n|inactive|Beetle Enjoyer has 30 seconds left.\n|\n|t:|1682380317\n|move|p2b: Palafin|Wave Crash|p1b: Live Reaction\n|-resisted|p1b: Live Reaction\n|-damage|p1b: Live Reaction|58\/100\n|-damage|p2b: Palafin|76\/100 psn|[from] Recoil\n|cant|p1a: Glimmora|slp\n|move|p1b: Live Reaction|Knock Off|p2b: Palafin\n|-damage|p2b: Palafin|50\/100 psn\n|-enditem|p2b: Palafin|Mystic Water|[from] move: Knock Off|[of] p1b: Live Reaction\n|move|p2a: Amoonguss|Pollen Puff|p1b: Live Reaction\n|-supereffective|p1b: Live Reaction\n|-damage|p1b: Live Reaction|8\/100\n|\n|-heal|p1b: Live Reaction|14\/100|[from] item: Leftovers\n|-damage|p2b: Palafin|38\/100 psn|[from] psn\n|upkeep\n|turn|7\n|\n|t:|1682380334\n|move|p1b: Live Reaction|Protect|p1b: Live Reaction\n|-singleturn|p1b: Live Reaction|Protect\n|move|p2b: Palafin|Jet Punch|p1b: Live Reaction\n|-activate|p1b: Live Reaction|move: Protect\n|cant|p1a: Glimmora|slp\n|move|p2a: Amoonguss|Pollen Puff|p2b: Palafin\n|-heal|p2b: Palafin|88\/100 psn\n|\n|-heal|p1b: Live Reaction|20\/100|[from] item: Leftovers\n|-damage|p2b: Palafin|75\/100 psn|[from] psn\n|upkeep\n|turn|8\n|\n|t:|1682380353\n|switch|p1b: Gyarados|Gyarados, L50, F, shiny|100\/100\n|-ability|p1b: Gyarados|Intimidate|boost\n|-unboost|p2a: Amoonguss|atk|1\n|-unboost|p2b: Palafin|atk|1\n|-terastallize|p2b: Palafin|Water\n|move|p2b: Palafin|Jet Punch|p1b: Gyarados\n|-resisted|p1b: Gyarados\n|-damage|p1b: Gyarados|83\/100\n|-curestatus|p1a: Glimmora|slp|[msg]\n|move|p1a: Glimmora|Energy Ball|p2b: Palafin\n|-supereffective|p2b: Palafin\n|-damage|p2b: Palafin|21\/100 psn\n|move|p2a: Amoonguss|Pollen Puff|p2b: Palafin\n|-heal|p2b: Palafin|71\/100 psn\n|\n|-damage|p2b: Palafin|58\/100 psn|[from] psn\n|upkeep\n|turn|9\n|inactive|GreninjaRB has 30 seconds left.\n|\n|t:|1682380384\n|switch|p2b: Dragapult|Dragapult, L50, M|59\/100 psn\n|-terastallize|p1b: Gyarados|Grass\n|move|p1b: Gyarados|Dragon Dance|p1b: Gyarados\n|-boost|p1b: Gyarados|atk|1\n|-boost|p1b: Gyarados|spe|1\n|move|p1a: Glimmora|Energy Ball|p2b: Dragapult\n|-resisted|p2b: Dragapult\n|-damage|p2b: Dragapult|41\/100 psn\n|move|p2a: Amoonguss|Spore|p1a: Glimmora\n|-status|p1a: Glimmora|slp|[from] move: Spore\n|\n|-damage|p2b: Dragapult|28\/100 psn|[from] psn\n|upkeep\n|turn|10\n|\n|t:|1682380406\n|move|p1b: Gyarados|Waterfall|p2b: Dragapult\n|-resisted|p2b: Dragapult\n|-damage|p2b: Dragapult|0 fnt\n|faint|p2b: Dragapult\n|cant|p1a: Glimmora|slp\n|move|p2a: Amoonguss|Spore|p1b: Gyarados\n|-immune|p1b: Gyarados\n|\n|upkeep\n|\n|t:|1682380410\n|switch|p2b: Palafin|Palafin-Hero, L50, F, tera:Water|58\/100 psn\n|turn|11\n|\n|t:|1682380425\n|move|p2b: Palafin|Jet Punch|p1a: Glimmora\n|-supereffective|p1a: Glimmora\n|-damage|p1a: Glimmora|0 fnt\n|-activate|p1a: Glimmora|ability: Toxic Debris\n|-sidestart|p2: Beetle Enjoyer|move: Toxic Spikes\n|faint|p1a: Glimmora\n|move|p1b: Gyarados|Dragon Dance|p1b: Gyarados\n|-boost|p1b: Gyarados|atk|1\n|-boost|p1b: Gyarados|spe|1\n|move|p2a: Amoonguss|Pollen Puff|p2b: Palafin\n|-heal|p2b: Palafin|100\/100 psn\n|\n|-damage|p2b: Palafin|88\/100 psn|[from] psn\n|upkeep\n|\n|t:|1682380437\n|switch|p1a: Ribbons|Flutter Mane, L50|100\/100\n|-enditem|p1a: Ribbons|Booster Energy\n|-activate|p1a: Ribbons|ability: Protosynthesis|[fromitem]\n|-start|p1a: Ribbons|protosynthesisspe\n|turn|12\n|\n|t:|1682380446\n|move|p2b: Palafin|Protect|p2b: Palafin\n|-singleturn|p2b: Palafin|Protect\n|move|p1a: Ribbons|Thunderbolt|p2b: Palafin\n|-activate|p2b: Palafin|move: Protect\n|move|p1b: Gyarados|Waterfall|p2a: Amoonguss\n|-resisted|p2a: Amoonguss\n|-damage|p2a: Amoonguss|70\/100\n|move|p2a: Amoonguss|Spore|p1a: Ribbons\n|-status|p1a: Ribbons|slp|[from] move: Spore\n|\n|-damage|p2b: Palafin|76\/100 psn|[from] psn\n|upkeep\n|turn|13\n|\n|t:|1682380465\n|cant|p1a: Ribbons|slp\n|move|p2b: Palafin|Jet Punch|p1a: Ribbons\n|-damage|p1a: Ribbons|0 fnt\n|faint|p1a: Ribbons\n|-end|p1a: Ribbons|Protosynthesis|[silent]\n|move|p1b: Gyarados|Waterfall|p2a: Amoonguss\n|-resisted|p2a: Amoonguss\n|-damage|p2a: Amoonguss|41\/100\n|-enditem|p2a: Amoonguss|Sitrus Berry|[eat]\n|-heal|p2a: Amoonguss|66\/100|[from] item: Sitrus Berry\n|move|p2a: Amoonguss|Pollen Puff|p2b: Palafin\n|-heal|p2b: Palafin|100\/100 psn\n|\n|-damage|p2b: Palafin|88\/100 psn|[from] psn\n|upkeep\n|\n|t:|1682380472\n|switch|p1a: Live Reaction|Wo-Chien, L50|20\/100\n|-ability|p1a: Live Reaction|Tablets of Ruin\n|turn|14\n|\n|t:|1682380493\n|move|p2b: Palafin|Protect|p2b: Palafin\n|-singleturn|p2b: Palafin|Protect\n|move|p1a: Live Reaction|Protect|p1a: Live Reaction\n|-singleturn|p1a: Live Reaction|Protect\n|move|p1b: Gyarados|Waterfall|p2a: Amoonguss\n|-resisted|p2a: Amoonguss\n|-damage|p2a: Amoonguss|44\/100\n|move|p2a: Amoonguss|Pollen Puff|p1a: Live Reaction\n|-activate|p1a: Live Reaction|move: Protect\n|\n|-heal|p1a: Live Reaction|27\/100|[from] item: Leftovers\n|-damage|p2b: Palafin|76\/100 psn|[from] psn\n|upkeep\n|turn|15\n|\n|t:|1682380516\n|move|p2b: Palafin|Jet Punch|p1a: Live Reaction\n|-resisted|p1a: Live Reaction\n|-damage|p1a: Live Reaction|8\/100\n|move|p1b: Gyarados|Waterfall|p2a: Amoonguss\n|-resisted|p2a: Amoonguss\n|-damage|p2a: Amoonguss|21\/100\n|move|p1a: Live Reaction|Pollen Puff|p2a: Amoonguss\n|-damage|p2a: Amoonguss|7\/100\n|move|p2a: Amoonguss|Pollen Puff|p1b: Gyarados\n|-supereffective|p1b: Gyarados\n|-damage|p1b: Gyarados|53\/100\n|\n|-heal|p1a: Live Reaction|15\/100|[from] item: Leftovers\n|-damage|p2b: Palafin|64\/100 psn|[from] psn\n|upkeep\n|turn|16\n|\n|t:|1682380536\n|move|p1a: Live Reaction|Protect|p1a: Live Reaction\n|-singleturn|p1a: Live Reaction|Protect\n|move|p2a: Amoonguss|Protect|p2a: Amoonguss\n|-singleturn|p2a: Amoonguss|Protect\n|move|p1b: Gyarados|Waterfall|p2a: Amoonguss\n|-activate|p2a: Amoonguss|move: Protect\n|move|p2b: Palafin|Wave Crash|p1b: Gyarados\n|-resisted|p1b: Gyarados\n|-damage|p1b: Gyarados|12\/100\n|-damage|p2b: Palafin|51\/100 psn|[from] Recoil\n|\n|-heal|p1a: Live Reaction|21\/100|[from] item: Leftovers\n|-damage|p2b: Palafin|39\/100 psn|[from] psn\n|upkeep\n|turn|17\n|\n|t:|1682380556\n|move|p2b: Palafin|Jet Punch|p1a: Live Reaction\n|-resisted|p1a: Live Reaction\n|-damage|p1a: Live Reaction|4\/100\n|move|p1b: Gyarados|Waterfall|p2b: Palafin\n|-resisted|p2b: Palafin\n|-damage|p2b: Palafin|16\/100 psn\n|move|p1a: Live Reaction|Pollen Puff|p1b: Gyarados\n|-heal|p1b: Gyarados|62\/100\n|move|p2a: Amoonguss|Pollen Puff|p1b: Gyarados\n|-supereffective|p1b: Gyarados\n|-damage|p1b: Gyarados|27\/100\n|\n|-heal|p1a: Live Reaction|10\/100|[from] item: Leftovers\n|-damage|p2b: Palafin|4\/100 psn|[from] psn\n|upkeep\n|turn|18\n|\n|t:|1682380571\n|move|p1a: Live Reaction|Protect|p1a: Live Reaction\n|-singleturn|p1a: Live Reaction|Protect\n|move|p2b: Palafin|Jet Punch|p1b: Gyarados\n|-resisted|p1b: Gyarados\n|-damage|p1b: Gyarados|4\/100\n|move|p1b: Gyarados|Waterfall|p2b: Palafin\n|-resisted|p2b: Palafin\n|-damage|p2b: Palafin|0 fnt\n|faint|p2b: Palafin\n|move|p2a: Amoonguss|Pollen Puff|p1a: Live Reaction\n|-activate|p1a: Live Reaction|move: Protect\n|\n|-heal|p1a: Live Reaction|16\/100|[from] item: Leftovers\n|upkeep\n|turn|19\n|\n|t:|1682380583\n|move|p2a: Amoonguss|Protect|p2a: Amoonguss\n|-singleturn|p2a: Amoonguss|Protect\n|move|p1b: Gyarados|Waterfall|p2a: Amoonguss\n|-activate|p2a: Amoonguss|move: Protect\n|move|p1a: Live Reaction|Pollen Puff|p1b: Gyarados\n|-heal|p1b: Gyarados|54\/100\n|\n|-heal|p1a: Live Reaction|22\/100|[from] item: Leftovers\n|upkeep\n|turn|20\n|c|\u2606GreninjaRB|gg\n|\n|t:|1682380589\n|move|p2a: Amoonguss|Protect||[still]\n|-fail|p2a: Amoonguss\n|move|p1b: Gyarados|Waterfall|p2a: Amoonguss\n|-resisted|p2a: Amoonguss\n|-damage|p2a: Amoonguss|0 fnt\n|faint|p2a: Amoonguss\n|\n|win|GreninjaRB\n|raw|GreninjaRB's rating: 1167 → 1194<\/strong> (+27 for winning)\n|raw|Beetle Enjoyer's rating: 1189 → 1162<\/strong> (-27 for losing)\n|l|\u2606Beetle Enjoyer\n","uploadtime":1682380602,"views":14,"p1id":"greninjarb","p2id":"beetleenjoyer","formatid":"gen9vgc2023regulationc","rating":1162,"private":0,"password":""}