{"id":"gen9vgc2023regulationc-1855734022","p1":"sasavegeta","p2":"Dinodan54","format":"[Gen 9] VGC 2023 Regulation C","log":"|j|\u2606sasavegeta\n|j|\u2606Dinodan54\n|t:|1682978042\n|gametype|doubles\n|player|p1|sasavegeta|smasher|1192\n|player|p2|Dinodan54|170|1104\n|teamsize|p1|6\n|teamsize|p2|6\n|gen|9\n|tier|[Gen 9] VGC 2023 Regulation C\n|rated|\n|rule|Species Clause: Limit one of each Pok\u00e9mon\n|rule|Item Clause: Limit one of each item\n|clearpoke\n|poke|p1|Iron Bundle, L50|\n|poke|p1|Flutter Mane, L50|\n|poke|p1|Ting-Lu, L50|\n|poke|p1|Arcanine, L50, M|\n|poke|p1|Amoonguss, L50, M|\n|poke|p1|Dragonite, L50, M|\n|poke|p2|Meowscarada, L50, F|\n|poke|p2|Kingambit, L50, M|\n|poke|p2|Sandy Shocks, L50|\n|poke|p2|Amoonguss, L50, F|\n|poke|p2|Grimmsnarl, L50, M|\n|poke|p2|Skeledirge, L50, M|\n|teampreview|4\n|inactive|Battle timer is ON: inactive players will automatically lose when time's up. (requested by sasavegeta)\n|inactive|sasavegeta has 60 seconds left.\n|inactive|Dinodan54 has 60 seconds left.\nDinodan54 rejected open team sheets.\n|inactive|sasavegeta has 30 seconds left.\n|\n|t:|1682978109\n|start\n|switch|p1a: Iron Bundle|Iron Bundle, L50|100\/100\n|switch|p1b: Flutter Mane|Flutter Mane, L50|100\/100\n|switch|p2a: Grimmsnarl|Grimmsnarl, L50, M|100\/100\n|switch|p2b: Kingambit|Kingambit, L50, M|100\/100\n|-enditem|p1b: Flutter Mane|Booster Energy\n|-activate|p1b: Flutter Mane|ability: Protosynthesis|[fromitem]\n|-start|p1b: Flutter Mane|protosynthesisspa\n|turn|1\n|inactive|sasavegeta has 30 seconds left.\n|inactive|sasavegeta has 20 seconds left.\n|inactive|sasavegeta has 15 seconds left.\n|inactive|sasavegeta has 10 seconds left.\n|\n|t:|1682978157\n|move|p2a: Grimmsnarl|Light Screen|p2a: Grimmsnarl\n|-sidestart|p2: Dinodan54|move: Light Screen\n|move|p1a: Iron Bundle|Hydro Pump|p2b: Kingambit|[miss]\n|-miss|p1a: Iron Bundle|p2b: Kingambit\n|move|p1b: Flutter Mane|Moonblast|p2b: Kingambit\n|-damage|p2b: Kingambit|71\/100\n|move|p2b: Kingambit|Iron Head|p1b: Flutter Mane\n|-supereffective|p1b: Flutter Mane\n|-damage|p1b: Flutter Mane|0 fnt\n|faint|p1b: Flutter Mane\n|-end|p1b: Flutter Mane|Protosynthesis|[silent]\n|\n|upkeep\n|\n|t:|1682978176\n|switch|p1b: Ting-Lu|Ting-Lu, L50|100\/100\n|-ability|p1b: Ting-Lu|Vessel of Ruin\n|turn|2\n|inactive|sasavegeta has 30 seconds left.\n|inactive|sasavegeta has 20 seconds left.\n|\n|t:|1682978212\n|-terastallize|p2b: Kingambit|Fighting\n|move|p1a: Iron Bundle|Protect|p1a: Iron Bundle\n|-singleturn|p1a: Iron Bundle|Protect\n|move|p2a: Grimmsnarl|Reflect|p2a: Grimmsnarl\n|-sidestart|p2: Dinodan54|Reflect\n|move|p1b: Ting-Lu|Earthquake|p2b: Kingambit|[spread] p2a,p2b\n|-activate|p1a: Iron Bundle|move: Protect\n|-damage|p2a: Grimmsnarl|74\/100\n|-damage|p2b: Kingambit|53\/100\n|move|p2b: Kingambit|Brick Break|p1b: Ting-Lu\n|-supereffective|p1b: Ting-Lu\n|-damage|p1b: Ting-Lu|42\/100\n|\n|upkeep\n|turn|3\n|inactive|sasavegeta has 30 seconds left.\n|inactive|sasavegeta has 20 seconds left.\n|inactive|sasavegeta has 15 seconds left.\n|inactive|sasavegeta has 10 seconds left.\n|inactive|sasavegeta has 5 seconds left.\n|\n|t:|1682978264\n|move|p2a: Grimmsnarl|Parting Shot|p1a: Iron Bundle\n|-unboost|p1a: Iron Bundle|atk|1\n|-unboost|p1a: Iron Bundle|spa|1\n|\n|t:|1682978269\n|switch|p2a: Sandy Shocks|Sandy Shocks, L50|100\/100|[from] Parting Shot\n|move|p1a: Iron Bundle|Hydro Pump|p2b: Kingambit\n|-damage|p2b: Kingambit|41\/100\n|move|p1b: Ting-Lu|Stomping Tantrum|p2b: Kingambit\n|-damage|p2b: Kingambit|24\/100\n|move|p2b: Kingambit|Brick Break|p1b: Ting-Lu\n|-supereffective|p1b: Ting-Lu\n|-damage|p1b: Ting-Lu|0 fnt\n|faint|p1b: Ting-Lu\n|\n|upkeep\n|\n|t:|1682978281\n|switch|p1b: Arcanine|Arcanine, L50, M|100\/100\n|-ability|p1b: Arcanine|Intimidate|boost\n|-unboost|p2a: Sandy Shocks|atk|1\n|-unboost|p2b: Kingambit|atk|1\n|turn|4\n|inactive|sasavegeta has 30 seconds left.\n|\n|t:|1682978310\n|-terastallize|p1a: Iron Bundle|Ice\n|move|p2b: Kingambit|Sucker Punch|p1a: Iron Bundle\n|-damage|p1a: Iron Bundle|64\/100\n|move|p1a: Iron Bundle|Freeze-Dry|p2a: Sandy Shocks\n|-supereffective|p2a: Sandy Shocks\n|-damage|p2a: Sandy Shocks|49\/100\n|move|p2a: Sandy Shocks|Earth Power|p1b: Arcanine\n|-supereffective|p1b: Arcanine\n|-damage|p1b: Arcanine|0 fnt\n|faint|p1b: Arcanine\n|\n|upkeep\n|turn|5\n|\n|t:|1682978334\n|move|p1a: Iron Bundle|Freeze-Dry|p2a: Sandy Shocks\n|-supereffective|p2a: Sandy Shocks\n|-damage|p2a: Sandy Shocks|0 fnt\n|faint|p2a: Sandy Shocks\n|-end|p2a: Sandy Shocks|Protosynthesis|[silent]\n|move|p2b: Kingambit|Brick Break|p1a: Iron Bundle\n|-supereffective|p1a: Iron Bundle\n|-damage|p1a: Iron Bundle|0 fnt\n|faint|p1a: Iron Bundle\n|-end|p1a: Iron Bundle|Quark Drive|[silent]\n|\n|win|Dinodan54\n|raw|sasavegeta's rating: 1192 → 1161<\/strong> (-31 for losing)\n|raw|Dinodan54's rating: 1104 → 1135<\/strong> (+31 for winning)\n|l|\u2606Dinodan54\n","uploadtime":1682978344,"views":13,"p1id":"sasavegeta","p2id":"dinodan54","formatid":"gen9vgc2023regulationc","rating":1135,"private":0,"password":""}