{"id":"gen9vgc2023regulationc-1848990237","p1":"bumbumber","p2":"Valhala Alfa","format":"[Gen 9] VGC 2023 Regulation C","log":"|j|\u2606bumbumber\n|j|\u2606Valhala Alfa\n|t:|1682135455\n|gametype|doubles\n|player|p1|bumbumber|102|1120\n|player|p2|Valhala Alfa|2|1199\n|teamsize|p1|6\n|teamsize|p2|6\n|gen|9\n|tier|[Gen 9] VGC 2023 Regulation C\n|rated|\n|rule|Species Clause: Limit one of each Pok\u00e9mon\n|rule|Item Clause: Limit one of each item\n|clearpoke\n|poke|p1|Oricorio-Pom-Pom, L50, M|\n|poke|p1|Frosmoth, L50, F|\n|poke|p1|Quaquaval, L50, M|\n|poke|p1|Iron Moth, L50|\n|poke|p1|Flamigo, L50, M|\n|poke|p1|Lilligant, L50, F|\n|poke|p2|Tyranitar, L50, F|\n|poke|p2|Palafin, L50, F|\n|poke|p2|Amoonguss, L50, M|\n|poke|p2|Lycanroc, L50, F|\n|poke|p2|Arcanine, L50, F|\n|poke|p2|Bellibolt, L50, M|\n|teampreview|4\n|c|\u2606Valhala Alfa|quiver dance\n|c|\u2606Valhala Alfa|aqua step\n|c|\u2606Valhala Alfa|fiery dance\n|c|\u2606Valhala Alfa|buff oricorio\n|c|\u2606Valhala Alfa|enter flamigo\n|c|\u2606Valhala Alfa|and buff flamigo\n|c|\u2606Valhala Alfa|zz\nbumbumber has agreed to open team sheets.\n|inactive|Battle timer is ON: inactive players will automatically lose when time's up. (requested by bumbumber)\n|\n|t:|1682135532\n|start\n|switch|p1a: Oricorio|Oricorio-Pom-Pom, L50, M|100\/100\n|switch|p1b: Frosmoth|Frosmoth, L50, F|100\/100\n|switch|p2a: Lycanroc|Lycanroc, L50, F, shiny|100\/100\n|switch|p2b: Palafin|Palafin, L50, F|100\/100\n|turn|1\n|\n|t:|1682135552\n|-terastallize|p1b: Frosmoth|Water\n|move|p1a: Oricorio|Protect|p1a: Oricorio\n|-singleturn|p1a: Oricorio|Protect\n|move|p2a: Lycanroc|Rock Slide|p1b: Frosmoth|[spread] p1b\n|-activate|p1a: Oricorio|move: Protect\n|-damage|p1b: Frosmoth|73\/100\n|move|p2b: Palafin|Haze|p2b: Palafin\n|-clearallboost\n|cant|p1b: Frosmoth|flinch\n|\n|upkeep\n|turn|2\n|\n|t:|1682135572\n|detailschange|p2b: Palafin|Palafin-Hero, L50, F\n|switch|p2b: Tyranitar|Tyranitar, L50, F|100\/100\n|-weather|Sandstorm|[from] ability: Sand Stream|[of] p2b: Tyranitar\n|move|p1b: Frosmoth|Wide Guard|p1b: Frosmoth\n|-singleturn|p1b: Frosmoth|Wide Guard\n|move|p2a: Lycanroc|Rock Slide|p1a: Oricorio|[spread] \n|-activate|p1a: Oricorio|move: Wide Guard\n|-activate|p1b: Frosmoth|move: Wide Guard\n|move|p1a: Oricorio|Substitute|p1a: Oricorio\n|-start|p1a: Oricorio|Substitute\n|-damage|p1a: Oricorio|76\/100\n|\n|-weather|Sandstorm|[upkeep]\n|-damage|p1a: Oricorio|70\/100|[from] Sandstorm\n|-damage|p1b: Frosmoth|67\/100|[from] Sandstorm\n|upkeep\n|turn|3\n|\n|t:|1682135597\n|switch|p1b: Quaquaval|Quaquaval, L50, M|100\/100\n|move|p1a: Oricorio|Protect|p1a: Oricorio\n|-singleturn|p1a: Oricorio|Protect\n|move|p2a: Lycanroc|Rock Slide|p1b: Quaquaval|[spread] \n|-activate|p1a: Oricorio|move: Protect\n|-miss|p2a: Lycanroc|p1b: Quaquaval\n|move|p2b: Tyranitar|Taunt|p1b: Quaquaval\n|-start|p1b: Quaquaval|move: Taunt\n|\n|-weather|Sandstorm|[upkeep]\n|-damage|p1a: Oricorio|64\/100|[from] Sandstorm\n|-damage|p1b: Quaquaval|94\/100|[from] Sandstorm\n|-heal|p1b: Quaquaval|100\/100|[from] item: Leftovers\n|upkeep\n|turn|4\n|\n|t:|1682135622\n|-terastallize|p2b: Tyranitar|Flying\n|move|p2a: Lycanroc|Rock Slide|p1a: Oricorio|[spread] p1a,p1b\n|-supereffective|p1a: Oricorio\n|-end|p1a: Oricorio|Substitute\n|-resisted|p1b: Quaquaval\n|-damage|p1b: Quaquaval|83\/100\n|move|p1a: Oricorio|Revelation Dance|p2a: Lycanroc\n|-damage|p2a: Lycanroc|59\/100\n|move|p1b: Quaquaval|Aqua Step|p2a: Lycanroc\n|-supereffective|p2a: Lycanroc\n|-damage|p2a: Lycanroc|0 fnt\n|-boost|p1b: Quaquaval|spe|1\n|faint|p2a: Lycanroc\n|-ability|p1b: Quaquaval|Moxie|boost\n|-boost|p1b: Quaquaval|atk|1\n|-activate|p1a: Oricorio|ability: Dancer\n|move|p1a: Oricorio|Aqua Step|p2b: Tyranitar|[from]ability: Dancer\n|-damage|p2b: Tyranitar|94\/100\n|-boost|p1a: Oricorio|spe|1\n|move|p2b: Tyranitar|Rock Slide|p1a: Oricorio|[spread] p1a,p1b\n|-supereffective|p1a: Oricorio\n|-resisted|p1b: Quaquaval\n|-damage|p1a: Oricorio|0 fnt\n|-damage|p1b: Quaquaval|71\/100\n|faint|p1a: Oricorio\n|\n|-weather|Sandstorm|[upkeep]\n|-damage|p1b: Quaquaval|65\/100|[from] Sandstorm\n|-damage|p2b: Tyranitar|88\/100|[from] Sandstorm\n|-heal|p1b: Quaquaval|71\/100|[from] item: Leftovers\n|-heal|p2b: Tyranitar|94\/100|[from] item: Leftovers\n|upkeep\n|inactive|Valhala Alfa has 30 seconds left.\n|\n|t:|1682135650\n|switch|p2a: Bellibolt|Bellibolt, L50, M|100\/100\n|switch|p1a: Frosmoth|Frosmoth, L50, F, tera:Water|67\/100\n|turn|5\n|\n|t:|1682135671\n|move|p2b: Tyranitar|Protect|p2b: Tyranitar\n|-singleturn|p2b: Tyranitar|Protect\n|move|p1b: Quaquaval|Aqua Step|p2b: Tyranitar\n|-activate|p2b: Tyranitar|move: Protect\n|move|p1a: Frosmoth|Icy Wind|p2b: Tyranitar|[spread] p2a\n|-activate|p2b: Tyranitar|move: Protect\n|-damage|p2a: Bellibolt|89\/100\n|-unboost|p2a: Bellibolt|spe|1\n|-start|p2a: Bellibolt|Charge|Icy Wind|[from] ability: Electromorphosis\n|move|p2a: Bellibolt|Parabolic Charge|p1a: Frosmoth|[spread] p1a,p1b\n|-activate|p2b: Tyranitar|move: Protect\n|-supereffective|p1a: Frosmoth\n|-supereffective|p1b: Quaquaval\n|-damage|p1a: Frosmoth|21\/100\n|-heal|p2a: Bellibolt|100\/100|[from] drain|[of] p1a: Frosmoth\n|-damage|p1b: Quaquaval|0 fnt\n|faint|p1b: Quaquaval\n|-end|p2a: Bellibolt|Charge|[silent]\n|\n|-weather|Sandstorm|[upkeep]\n|-damage|p1a: Frosmoth|15\/100|[from] Sandstorm\n|-damage|p2b: Tyranitar|88\/100|[from] Sandstorm\n|-damage|p2a: Bellibolt|94\/100|[from] Sandstorm\n|-heal|p2b: Tyranitar|94\/100|[from] item: Leftovers\n|upkeep\n|\n|t:|1682135674\n|switch|p1b: Lilligant|Lilligant, L50, F|100\/100\n|turn|6\n|-message|bumbumber forfeited.\n|\n|win|Valhala Alfa\n|raw|bumbumber's rating: 1120 → 1101<\/strong> (-19 for losing)\n|raw|Valhala Alfa's rating: 1199 → 1218<\/strong> (+19 for winning)\n|l|\u2606bumbumber\n|c|\u2606Valhala Alfa|gg\n","uploadtime":1682135729,"views":6,"p1id":"bumbumber","p2id":"valhalaalfa","formatid":"gen9vgc2023regulationc","rating":1101,"private":0,"password":""}