{"id":"gen9vgc2023regulationc-1851386161","p1":"Xanxus111","p2":"Pkmushroom","format":"[Gen 9] VGC 2023 Regulation C","log":"|j|\u2606Xanxus111\n|j|\u2606Pkmushroom\n|t:|1682440943\n|gametype|doubles\n|player|p1|Xanxus111|hugh|1156\n|player|p2|Pkmushroom|265|1139\n|teamsize|p1|6\n|teamsize|p2|6\n|gen|9\n|tier|[Gen 9] VGC 2023 Regulation C\n|rated|\n|rule|Species Clause: Limit one of each Pok\u00e9mon\n|rule|Item Clause: Limit one of each item\n|clearpoke\n|poke|p1|Tyranitar, L50, M|\n|poke|p1|Garchomp, L50, F|\n|poke|p1|Palafin, L50, M|\n|poke|p1|Corviknight, L50, M|\n|poke|p1|Arcanine, L50, F|\n|poke|p1|Flutter Mane, L50|\n|poke|p2|Garganacl, L50, F|\n|poke|p2|Tinkaton, L50, F|\n|poke|p2|Toxapex, L50, F|\n|poke|p2|Baxcalibur, L50, M|\n|poke|p2|Meowscarada, L50, M|\n|poke|p2|Ting-Lu, L50|\n|teampreview|4\n|inactive|Battle timer is ON: inactive players will automatically lose when time's up. (requested by Xanxus111)\n|\n|t:|1682440963\n|start\n|switch|p1a: Tyranitar|Tyranitar, L50, M|100\/100\n|switch|p1b: Palafin|Palafin, L50, M|100\/100\n|switch|p2a: Garganacl|Garganacl, L50, F|100\/100\n|switch|p2b: Tinkaton|Tinkaton, L50, F, shiny|100\/100\n|-weather|Sandstorm|[from] ability: Sand Stream|[of] p1a: Tyranitar\n|turn|1\n|\n|t:|1682440978\n|detailschange|p1b: Palafin|Palafin-Hero, L50, M\n|switch|p1b: Arcanine|Arcanine, L50, F|100\/100\n|-ability|p1b: Arcanine|Intimidate|boost\n|-unboost|p2a: Garganacl|atk|1\n|-fail|p2b: Tinkaton|unboost|Attack|[from] ability: Own Tempo|[of] p2b: Tinkaton\n|move|p2b: Tinkaton|Fake Out|p1a: Tyranitar\n|-resisted|p1a: Tyranitar\n|-damage|p1a: Tyranitar|96\/100\n|cant|p1a: Tyranitar|flinch\n|move|p2a: Garganacl|Body Press|p1a: Tyranitar\n|-supereffective|p1a: Tyranitar\n|-damage|p1a: Tyranitar|23\/100\n|\n|-weather|Sandstorm|[upkeep]\n|upkeep\n|turn|2\n|inactive|Pkmushroom has 30 seconds left.\n|\n|t:|1682441004\n|move|p1b: Arcanine|Flare Blitz|p2b: Tinkaton\n|-supereffective|p2b: Tinkaton\n|-damage|p2b: Tinkaton|0 fnt\n|faint|p2b: Tinkaton\n|-damage|p1b: Arcanine|71\/100|[from] Recoil\n|move|p1a: Tyranitar|Rock Slide|p2a: Garganacl|[miss]\n|-miss|p1a: Tyranitar|p2a: Garganacl\n|move|p2a: Garganacl|Salt Cure|p1b: Arcanine\n|-supereffective|p1b: Arcanine\n|-damage|p1b: Arcanine|48\/100\n|-start|p1b: Arcanine|Salt Cure\n|\n|-weather|Sandstorm|[upkeep]\n|-damage|p1b: Arcanine|36\/100|[from] Salt Cure\n|upkeep\n|\n|t:|1682441015\n|switch|p2b: Toxapex|Toxapex, L50, F, shiny|100\/100\n|turn|3\n|\n|t:|1682441026\n|move|p1b: Arcanine|Will-O-Wisp|p2a: Garganacl\n|-immune|p2a: Garganacl|[from] ability: Purifying Salt\n|move|p1a: Tyranitar|Rock Slide|p2a: Garganacl|[spread] p2a,p2b\n|-damage|p2a: Garganacl|77\/100\n|-damage|p2b: Toxapex|76\/100\n|move|p2a: Garganacl|Salt Cure|p1a: Tyranitar\n|-damage|p1a: Tyranitar|15\/100\n|-start|p1a: Tyranitar|Salt Cure\n|move|p2b: Toxapex|Infestation|p1b: Arcanine\n|-resisted|p1b: Arcanine\n|-damage|p1b: Arcanine|35\/100\n|-activate|p1b: Arcanine|move: Infestation|[of] p2b: Toxapex\n|\n|-weather|Sandstorm|[upkeep]\n|-damage|p2b: Toxapex|71\/100|[from] Sandstorm\n|-heal|p2a: Garganacl|83\/100|[from] item: Leftovers\n|-damage|p1b: Arcanine|18\/100|[from] move: Infestation|[partiallytrapped]\n|-damage|p1b: Arcanine|6\/100|[from] Salt Cure\n|-damage|p1a: Tyranitar|3\/100|[from] Salt Cure\n|upkeep\n|turn|4\n|inactive|Pkmushroom has 30 seconds left.\n|\n|t:|1682441051\n|move|p2b: Toxapex|Baneful Bunker|p2b: Toxapex\n|-singleturn|p2b: Toxapex|move: Protect\n|move|p1b: Arcanine|Will-O-Wisp|p2b: Toxapex\n|-activate|p2b: Toxapex|move: Protect\n|move|p1a: Tyranitar|Brick Break|p2a: Garganacl\n|-supereffective|p2a: Garganacl\n|-damage|p2a: Garganacl|44\/100\n|move|p2a: Garganacl|Recover|p2a: Garganacl\n|-heal|p2a: Garganacl|94\/100\n|\n|-weather|Sandstorm|[upkeep]\n|-damage|p2b: Toxapex|65\/100|[from] Sandstorm\n|-heal|p2a: Garganacl|99\/100|[from] item: Leftovers\n|-damage|p1b: Arcanine|0 fnt|[from] Salt Cure\n|faint|p1b: Arcanine\n|-damage|p1a: Tyranitar|0 fnt|[from] Salt Cure\n|faint|p1a: Tyranitar\n|upkeep\n|\n|t:|1682441055\n|switch|p1b: Garchomp|Garchomp, L50, F|100\/100\n|switch|p1a: Palafin|Palafin-Hero, L50, M|100\/100\n|-activate|p1a: Palafin|ability: Zero to Hero\n|turn|5\n|inactive|Pkmushroom has 30 seconds left.\n|\n|t:|1682441085\n|-terastallize|p2a: Garganacl|Flying\n|move|p1b: Garchomp|Stomping Tantrum|p2b: Toxapex\n|-supereffective|p2b: Toxapex\n|-damage|p2b: Toxapex|0 fnt\n|faint|p2b: Toxapex\n|-damage|p1b: Garchomp|91\/100|[from] item: Life Orb\n|move|p1a: Palafin|Wave Crash|p2a: Garganacl\n|-damage|p2a: Garganacl|45\/100\n|-damage|p1a: Palafin|79\/100|[from] Recoil\n|move|p2a: Garganacl|Salt Cure|p1a: Palafin\n|-damage|p1a: Palafin|68\/100\n|-start|p1a: Palafin|Salt Cure\n|\n|-weather|none\n|-heal|p2a: Garganacl|51\/100|[from] item: Leftovers\n|-damage|p1a: Palafin|44\/100|[from] Salt Cure\n|upkeep\n|\n|t:|1682441099\n|switch|p2b: Meowscarada|Meowscarada, L50, M|100\/100\n|turn|6\n|\n|t:|1682441110\n|-terastallize|p1b: Garchomp|Steel\n|move|p2b: Meowscarada|Pollen Puff|p2a: Garganacl\n|-start|p2b: Meowscarada|typechange|Bug|[from] ability: Protean\n|-heal|p2a: Garganacl|100\/100\n|move|p1b: Garchomp|Tera Blast|p2a: Garganacl\n|-damage|p2a: Garganacl|61\/100\n|-damage|p1b: Garchomp|81\/100|[from] item: Life Orb\n|move|p1a: Palafin|Close Combat|p2b: Meowscarada\n|-resisted|p2b: Meowscarada\n|-damage|p2b: Meowscarada|63\/100\n|-unboost|p1a: Palafin|def|1\n|-unboost|p1a: Palafin|spd|1\n|move|p2a: Garganacl|Iron Defense|p2a: Garganacl\n|-boost|p2a: Garganacl|def|2\n|\n|-heal|p2a: Garganacl|67\/100|[from] item: Leftovers\n|-damage|p1a: Palafin|19\/100|[from] Salt Cure\n|upkeep\n|turn|7\n|inactive|Pkmushroom has 30 seconds left.\n|\n|t:|1682441140\n|move|p2b: Meowscarada|Protect|p2b: Meowscarada\n|-singleturn|p2b: Meowscarada|Protect\n|move|p1b: Garchomp|Dragon Claw|p2a: Garganacl\n|-damage|p2a: Garganacl|47\/100\n|-damage|p1b: Garchomp|71\/100|[from] item: Life Orb\n|move|p1a: Palafin|Wave Crash|p2b: Meowscarada\n|-activate|p2b: Meowscarada|move: Protect\n|move|p2a: Garganacl|Salt Cure|p1b: Garchomp\n|-resisted|p1b: Garchomp\n|-damage|p1b: Garchomp|67\/100\n|-start|p1b: Garchomp|Salt Cure\n|\n|-heal|p2a: Garganacl|53\/100|[from] item: Leftovers\n|-damage|p1b: Garchomp|42\/100|[from] Salt Cure\n|-damage|p1a: Palafin|0 fnt|[from] Salt Cure\n|faint|p1a: Palafin\n|upkeep\n|turn|8\n|l|\u2606Xanxus111\n|inactive|Xanxus111 disconnected and has a minute to reconnect!\n|player|p1|\n|\n|t:|1682441161\n|move|p2b: Meowscarada|Pollen Puff|p2a: Garganacl\n|-heal|p2a: Garganacl|100\/100\n|move|p1b: Garchomp|Dragon Claw|p2a: Garganacl\n|-damage|p2a: Garganacl|82\/100\n|-damage|p1b: Garchomp|32\/100|[from] item: Life Orb\n|move|p2a: Garganacl|Body Press|p1b: Garchomp\n|-supereffective|p1b: Garchomp\n|-damage|p1b: Garchomp|0 fnt\n|faint|p1b: Garchomp\n|\n|win|Pkmushroom\n|raw|Xanxus111's rating: 1156 → 1130<\/strong> (-26 for losing)\n|raw|Pkmushroom's rating: 1139 → 1165<\/strong> (+26 for winning)\n","uploadtime":1682441176,"views":6,"p1id":"xanxus111","p2id":"pkmushroom","formatid":"gen9vgc2023regulationc","rating":1130,"private":0,"password":""}