{"id":"gen9vgc2023regulationc-1858584069","p1":"carlospe1205","p2":"McCloud","format":"[Gen 9] VGC 2023 Regulation C","log":"|j|\u2606carlospe1205\n|j|\u2606McCloud\n|t:|1683328437\n|gametype|doubles\n|player|p1|carlospe1205|bugsy|1133\n|player|p2|McCloud|gentleman-gen4|1060\n|teamsize|p1|6\n|teamsize|p2|6\n|gen|9\n|tier|[Gen 9] VGC 2023 Regulation C\n|rated|\n|rule|Species Clause: Limit one of each Pok\u00e9mon\n|rule|Item Clause: Limit one of each item\n|clearpoke\n|poke|p1|Baxcalibur, L50, M|\n|poke|p1|Talonflame, L50, F|\n|poke|p1|Amoonguss, L50, M|\n|poke|p1|Grimmsnarl, L50, M|\n|poke|p1|Flutter Mane, L50|\n|poke|p1|Chi-Yu, L50|\n|poke|p2|Vaporeon, L50, M|\n|poke|p2|Kingambit, L50, M|\n|poke|p2|Ceruledge, L50, F|\n|poke|p2|Hariyama, L50, M|\n|poke|p2|Amoonguss, L50, F|\n|poke|p2|Ting-Lu, L50|\n|teampreview|4\n|\n|t:|1683328474\n|start\n|switch|p1a: Krompus|Grimmsnarl, L50, M|100\/100\n|switch|p1b: Lourdes|Talonflame, L50, F|100\/100\n|switch|p2a: Vaporeon|Vaporeon, L50, M|100\/100\n|switch|p2b: Hariyama|Hariyama, L50, M|100\/100\n|turn|1\n|\n|t:|1683328500\n|move|p1a: Krompus|Fake Out|p2b: Hariyama\n|-damage|p2b: Hariyama|86\/100\n|cant|p2b: Hariyama|flinch\n|move|p1b: Lourdes|Tailwind|p1b: Lourdes\n|-sidestart|p1: carlospe1205|move: Tailwind\n|move|p2a: Vaporeon|Muddy Water|p1a: Krompus|[spread] p1a\n|-miss|p2a: Vaporeon|p1b: Lourdes\n|-damage|p1a: Krompus|67\/100\n|\n|-status|p2b: Hariyama|brn|[from] item: Flame Orb\n|upkeep\n|turn|2\n|\n|t:|1683328522\n|move|p1b: Lourdes|Brave Bird|p2b: Hariyama\n|-supereffective|p2b: Hariyama\n|-damage|p2b: Hariyama|0 fnt\n|faint|p2b: Hariyama\n|-damage|p1b: Lourdes|54\/100|[from] Recoil\n|move|p1a: Krompus|Reflect|p1a: Krompus\n|-sidestart|p1: carlospe1205|Reflect\n|move|p2a: Vaporeon|Muddy Water|p1b: Lourdes|[spread] p1b\n|-miss|p2a: Vaporeon|p1a: Krompus\n|-supereffective|p1b: Lourdes\n|-damage|p1b: Lourdes|0 fnt\n|faint|p1b: Lourdes\n|\n|upkeep\n|\n|t:|1683328535\n|switch|p1b: Luz|Chi-Yu, L50|100\/100\n|switch|p2b: Ting-Lu|Ting-Lu, L50|100\/100\n|-ability|p1b: Luz|Beads of Ruin\n|-ability|p2b: Ting-Lu|Vessel of Ruin\n|turn|3\n|\n|t:|1683328546\n|-terastallize|p1b: Luz|Flying\n|-terastallize|p2b: Ting-Lu|Poison\n|move|p1a: Krompus|Light Screen|p1a: Krompus\n|-sidestart|p1: carlospe1205|move: Light Screen\n|move|p1b: Luz|Nasty Plot|p1b: Luz\n|-boost|p1b: Luz|spa|2\n|move|p2a: Vaporeon|Muddy Water|p1b: Luz|[spread] p1a,p1b\n|-damage|p1a: Krompus|44\/100\n|-damage|p1b: Luz|88\/100\n|-unboost|p1a: Krompus|accuracy|1\n|move|p2b: Ting-Lu|Stomping Tantrum|p1a: Krompus\n|-damage|p1a: Krompus|6\/100\n|\n|upkeep\n|turn|4\n|\n|t:|1683328571\n|switch|p1a: AMOGUS|Amoonguss, L50, M|100\/100\n|move|p1b: Luz|Dark Pulse|p2b: Ting-Lu\n|-damage|p2b: Ting-Lu|42\/100\n|-damage|p1b: Luz|78\/100|[from] item: Life Orb\n|move|p2a: Vaporeon|Icy Wind|p1a: AMOGUS|[spread] p1a,p1b\n|-supereffective|p1a: AMOGUS\n|-supereffective|p1b: Luz\n|-damage|p1a: AMOGUS|86\/100\n|-damage|p1b: Luz|68\/100\n|-unboost|p1a: AMOGUS|spe|1\n|-unboost|p1b: Luz|spe|1\n|cant|p2b: Ting-Lu|flinch\n|\n|-sideend|p1: carlospe1205|move: Tailwind\n|upkeep\n|turn|5\n|\n|t:|1683328597\n|move|p1b: Luz|Protect|p1b: Luz\n|-singleturn|p1b: Luz|Protect\n|move|p2a: Vaporeon|Icy Wind|p1b: Luz|[spread] p1a\n|-activate|p1b: Luz|move: Protect\n|-supereffective|p1a: AMOGUS\n|-damage|p1a: AMOGUS|73\/100\n|-unboost|p1a: AMOGUS|spe|1\n|move|p2b: Ting-Lu|Payback|p1b: Luz\n|-activate|p1b: Luz|move: Protect\n|move|p1a: AMOGUS|Spore|p2a: Vaporeon\n|-status|p2a: Vaporeon|slp|[from] move: Spore\n|\n|upkeep\n|turn|6\n|\n|t:|1683328610\n|move|p1a: AMOGUS|Rage Powder|p1a: AMOGUS\n|-singleturn|p1a: AMOGUS|move: Rage Powder\n|move|p1b: Luz|Heat Wave|p2a: Vaporeon|[spread] p2a,p2b\n|-resisted|p2a: Vaporeon\n|-damage|p2a: Vaporeon|77\/100 slp\n|-damage|p2b: Ting-Lu|0 fnt\n|faint|p2b: Ting-Lu\n|-damage|p1b: Luz|59\/100|[from] item: Life Orb\n|cant|p2a: Vaporeon|slp\n|\n|-heal|p2a: Vaporeon|83\/100 slp|[from] item: Leftovers\n|upkeep\n|\n|t:|1683328626\n|switch|p2b: Ceruledge|Ceruledge, L50, F|100\/100\n|turn|7\n|\n|t:|1683328640\n|move|p2b: Ceruledge|Bitter Blade|p1a: AMOGUS\n|-supereffective|p1a: AMOGUS\n|-damage|p1a: AMOGUS|30\/100\n|-damage|p2b: Ceruledge|84\/100|[from] item: Rocky Helmet|[of] p1a: AMOGUS\n|move|p1b: Luz|Dark Pulse|p2b: Ceruledge\n|-supereffective|p2b: Ceruledge\n|-damage|p2b: Ceruledge|0 fnt\n|faint|p2b: Ceruledge\n|-damage|p1b: Luz|49\/100|[from] item: Life Orb\n|cant|p2a: Vaporeon|slp\n|move|p1a: AMOGUS|Pollen Puff|p1b: Luz\n|-heal|p1b: Luz|99\/100\n|\n|-heal|p2a: Vaporeon|89\/100 slp|[from] item: Leftovers\n|upkeep\n|turn|8\n|\n|t:|1683328654\n|switch|p1a: Krompus|Grimmsnarl, L50, M|6\/100\n|move|p1b: Luz|Dark Pulse|p2a: Vaporeon\n|-damage|p2a: Vaporeon|12\/100 slp\n|-damage|p1b: Luz|89\/100|[from] item: Life Orb\n|-curestatus|p2a: Vaporeon|slp|[msg]\n|move|p2a: Vaporeon|Icy Wind|p1b: Luz|[spread] p1a,p1b\n|-supereffective|p1b: Luz\n|-damage|p1a: Krompus|0 fnt\n|-damage|p1b: Luz|75\/100\n|-unboost|p1b: Luz|spe|1\n|faint|p1a: Krompus\n|\n|-heal|p2a: Vaporeon|18\/100|[from] item: Leftovers\n|upkeep\n|\n|t:|1683328666\n|switch|p1a: AMOGUS|Amoonguss, L50, M|63\/100\n|turn|9\n|\n|t:|1683328676\n|move|p2a: Vaporeon|Icy Wind|p1a: AMOGUS|[spread] p1a,p1b\n|-supereffective|p1a: AMOGUS\n|-supereffective|p1b: Luz\n|-damage|p1a: AMOGUS|46\/100\n|-damage|p1b: Luz|60\/100\n|-unboost|p1a: AMOGUS|spe|1\n|-unboost|p1b: Luz|spe|1\n|move|p1b: Luz|Dark Pulse|p2a: Vaporeon\n|-damage|p2a: Vaporeon|0 fnt\n|faint|p2a: Vaporeon\n|-damage|p1b: Luz|50\/100|[from] item: Life Orb\n|\n|win|carlospe1205\n|raw|carlospe1205's rating: 1133 → 1153<\/strong> (+20 for winning)\n|raw|McCloud's rating: 1060 → 1045<\/strong> (-15 for losing)\n|l|\u2606McCloud\n","uploadtime":1683328689,"views":5,"p1id":"carlospe1205","p2id":"mccloud","formatid":"gen9vgc2023regulationc","rating":1045,"private":0,"password":""}