{"id":"gen9vgc2023regulationc-1857517271","p1":"deathwolffe","p2":"Arcacagne","format":"[Gen 9] VGC 2023 Regulation C","log":"|j|\u2606deathwolffe\n|j|\u2606Arcacagne\n|t:|1683204006\n|gametype|doubles\n|player|p1|deathwolffe|hilbert-wonderlauncher|1083\n|player|p2|Arcacagne|265|1097\n|teamsize|p1|6\n|teamsize|p2|6\n|gen|9\n|tier|[Gen 9] VGC 2023 Regulation C\n|rated|\n|rule|Species Clause: Limit one of each Pok\u00e9mon\n|rule|Item Clause: Limit one of each item\n|clearpoke\n|poke|p1|Murkrow, L50, M|\n|poke|p1|Hydreigon, L50, M|\n|poke|p1|Garchomp, L50, M|\n|poke|p1|Gholdengo, L50|\n|poke|p1|Tatsugiri, L50, F|\n|poke|p1|Dondozo, L50, M|\n|poke|p2|Chi-Yu, L50|\n|poke|p2|Flutter Mane, L50|\n|poke|p2|Amoonguss, L50, M|\n|poke|p2|Palafin, L50, M|\n|poke|p2|Kingambit, L50, M|\n|poke|p2|Arcanine, L50, F|\n|teampreview|4\n|\n|t:|1683204038\n|start\n|switch|p1a: Murkrow|Murkrow, L50, M|100\/100\n|switch|p1b: Tatsugiri|Tatsugiri, L50, F|100\/100\n|switch|p2a: Kingambit|Kingambit, L50, M|100\/100\n|switch|p2b: Palafin|Palafin, L50, M|100\/100\n|turn|1\n|\n|t:|1683204053\n|detailschange|p2b: Palafin|Palafin-Hero, L50, M\n|switch|p2b: Amoonguss|Amoonguss, L50, M|100\/100\n|move|p1b: Tatsugiri|Protect|p1b: Tatsugiri\n|-singleturn|p1b: Tatsugiri|Protect\n|move|p1a: Murkrow|Tailwind|p1a: Murkrow\n|-sidestart|p1: deathwolffe|move: Tailwind\n|move|p2a: Kingambit|Swords Dance|p2a: Kingambit\n|-boost|p2a: Kingambit|atk|2\n|\n|-status|p1b: Tatsugiri|tox|[from] item: Toxic Orb\n|upkeep\n|turn|2\n|\n|t:|1683204074\n|move|p1a: Murkrow|Haze|p1a: Murkrow\n|-clearallboost\n|move|p1b: Tatsugiri|Substitute|p1b: Tatsugiri\n|-start|p1b: Tatsugiri|Substitute\n|-damage|p1b: Tatsugiri|76\/100 tox\n|move|p2a: Kingambit|Swords Dance|p2a: Kingambit\n|-boost|p2a: Kingambit|atk|2\n|move|p2b: Amoonguss|Spore|p1a: Murkrow\n|-status|p1a: Murkrow|slp|[from] move: Spore\n|\n|-damage|p1b: Tatsugiri|70\/100 tox|[from] psn\n|upkeep\n|turn|3\n|\n|t:|1683204114\n|switch|p1a: Dondozo|Dondozo, L50, M|100\/100\n|-activate|p1b: Tatsugiri|ability: Commander|[of] p1a: Dondozo\n|-boost|p1a: Dondozo|atk|2\n|-boost|p1a: Dondozo|spa|2\n|-boost|p1a: Dondozo|spe|2\n|-boost|p1a: Dondozo|def|2\n|-boost|p1a: Dondozo|spd|2\n|switch|p2b: Palafin|Palafin-Hero, L50, M|100\/100\n|-activate|p2b: Palafin|ability: Zero to Hero\n|move|p2a: Kingambit|Kowtow Cleave|p1b: Tatsugiri|[miss]\n|-miss|p2a: Kingambit|p1b: Tatsugiri\n|\n|-damage|p1b: Tatsugiri|59\/100 tox|[from] psn\n|upkeep\n|turn|4\n|\n|t:|1683204144\n|-terastallize|p2a: Kingambit|Water\n|move|p1a: Dondozo|Protect|p1a: Dondozo\n|-singleturn|p1a: Dondozo|Protect\n|move|p2b: Palafin|Haze|p2b: Palafin\n|-clearallboost\n|move|p2a: Kingambit|Kowtow Cleave|p1a: Dondozo\n|-activate|p1a: Dondozo|move: Protect\n|\n|-damage|p1b: Tatsugiri|42\/100 tox|[from] psn\n|-sideend|p1: deathwolffe|move: Tailwind\n|upkeep\n|turn|5\n|\n|t:|1683204193\n|switch|p2b: Amoonguss|Amoonguss, L50, M|100\/100\n|move|p2a: Kingambit|Swords Dance|p2a: Kingambit\n|-boost|p2a: Kingambit|atk|2\n|move|p1a: Dondozo|Substitute|p1a: Dondozo\n|-start|p1a: Dondozo|Substitute\n|-damage|p1a: Dondozo|76\/100\n|\n|-heal|p1a: Dondozo|82\/100|[from] item: Leftovers\n|-damage|p1b: Tatsugiri|20\/100 tox|[from] psn\n|upkeep\n|turn|6\n|\n|t:|1683204214\n|-terastallize|p1a: Dondozo|Dragon\n|move|p2a: Kingambit|Kowtow Cleave|p1a: Dondozo\n|-end|p1a: Dondozo|Substitute\n|move|p1a: Dondozo|Order Up|p2a: Kingambit\n|-damage|p2a: Kingambit|73\/100\n|-boost|p1a: Dondozo|atk|1\n|move|p2b: Amoonguss|Spore|p1a: Dondozo\n|-status|p1a: Dondozo|slp|[from] move: Spore\n|\n|-heal|p1a: Dondozo|88\/100 slp|[from] item: Leftovers\n|-damage|p1b: Tatsugiri|0 fnt|[from] psn\n|faint|p1b: Tatsugiri\n|upkeep\n|\n|t:|1683204221\n|switch|p1b: Murkrow|Murkrow, L50, M|100\/100 slp\n|turn|7\n|\n|t:|1683204237\n|switch|p2b: Flutter Mane|Flutter Mane, L50|100\/100\n|-enditem|p2b: Flutter Mane|Booster Energy\n|-activate|p2b: Flutter Mane|ability: Protosynthesis|[fromitem]\n|-start|p2b: Flutter Mane|protosynthesisspa\n|cant|p1a: Dondozo|slp\n|cant|p1b: Murkrow|slp\n|move|p2a: Kingambit|Kowtow Cleave|p1a: Dondozo\n|-damage|p1a: Dondozo|61\/100 slp\n|\n|-heal|p1a: Dondozo|67\/100 slp|[from] item: Leftovers\n|upkeep\n|turn|8\n|\n|t:|1683204257\n|cant|p1a: Dondozo|slp\n|cant|p1b: Murkrow|slp\n|move|p2b: Flutter Mane|Substitute|p2b: Flutter Mane\n|-start|p2b: Flutter Mane|Substitute\n|-damage|p2b: Flutter Mane|76\/100\n|move|p2a: Kingambit|Kowtow Cleave|p1b: Murkrow\n|-resisted|p1b: Murkrow\n|-enditem|p1b: Murkrow|Focus Sash\n|-damage|p1b: Murkrow|1\/100 slp\n|\n|-heal|p1a: Dondozo|74\/100 slp|[from] item: Leftovers\n|upkeep\n|turn|9\n|\n|t:|1683204276\n|-curestatus|p1b: Murkrow|slp|[msg]\n|move|p1b: Murkrow|Haze|p1b: Murkrow\n|-clearallboost\n|move|p2b: Flutter Mane|Moonblast|p1a: Dondozo\n|-supereffective|p1a: Dondozo\n|-damage|p1a: Dondozo|0 fnt\n|faint|p1a: Dondozo\n|move|p2a: Kingambit|Kowtow Cleave|p1b: Murkrow\n|-resisted|p1b: Murkrow\n|-damage|p1b: Murkrow|0 fnt\n|faint|p1b: Murkrow\n|\n|upkeep\n|\n|t:|1683204286\n|switch|p1b: Hydreigon|Hydreigon, L50, M, shiny|100\/100\n|turn|10\n|\n|t:|1683204295\n|move|p2b: Flutter Mane|Moonblast|p1b: Hydreigon\n|-supereffective|p1b: Hydreigon\n|-damage|p1b: Hydreigon|0 fnt\n|faint|p1b: Hydreigon\n|\n|win|Arcacagne\n|raw|deathwolffe's rating: 1083 → 1061<\/strong> (-22 for losing)\n|raw|Arcacagne's rating: 1097 → 1121<\/strong> (+24 for winning)\n|l|\u2606deathwolffe\n","uploadtime":1683204307,"views":9,"p1id":"deathwolffe","p2id":"arcacagne","formatid":"gen9vgc2023regulationc","rating":1061,"private":0,"password":""}