{"id":"gen9vgc2023regulationc-1846018257","p1":"Uahhhh","p2":"LeeGengarBR","format":"[Gen 9] VGC 2023 Regulation C","log":"|j|\u2606Uahhhh\n|j|\u2606LeeGengarBR\n|t:|1681792219\n|gametype|doubles\n|player|p1|Uahhhh|lady|1450\n|player|p2|LeeGengarBR|red|1489\n|teamsize|p1|6\n|teamsize|p2|6\n|gen|9\n|tier|[Gen 9] VGC 2023 Regulation C\n|rated|\n|rule|Species Clause: Limit one of each Pok\u00e9mon\n|rule|Item Clause: Limit one of each item\n|clearpoke\n|poke|p1|Chi-Yu, L50|\n|poke|p1|Great Tusk, L50|\n|poke|p1|Iron Bundle, L50|\n|poke|p1|Murkrow, L50, M|\n|poke|p1|Abomasnow, L50, F|\n|poke|p1|Gholdengo, L50|\n|poke|p2|Annihilape, L50, M|\n|poke|p2|Arcanine, L50, F|\n|poke|p2|Grimmsnarl, L50, M|\n|poke|p2|Bellibolt, L50, M|\n|poke|p2|Chien-Pao, L50|\n|poke|p2|Gastrodon-East, L50, M|\n|teampreview|4\nLeeGengarBR has agreed to open team sheets.\n|inactive|Battle timer is ON: inactive players will automatically lose when time's up. (requested by LeeGengarBR)\n|\n|t:|1681792268\n|start\n|switch|p1a: Murkrow|Murkrow, L50, M|100\/100\n|switch|p1b: Liyuu|Chi-Yu, L50|100\/100\n|switch|p2a: Arcanine|Arcanine, L50, F|100\/100\n|switch|p2b: Annihilape|Annihilape, L50, M|100\/100\n|-ability|p1b: Liyuu|Beads of Ruin\n|-ability|p2a: Arcanine|Intimidate|boost\n|-unboost|p1a: Murkrow|atk|1\n|-unboost|p1b: Liyuu|atk|1\n|turn|1\n|inactive|Uahhhh has 30 seconds left.\n|inactive|Uahhhh has 20 seconds left.\n|inactive|Uahhhh has 15 seconds left.\n|\n|t:|1681792311\n|move|p1a: Murkrow|Tailwind|p1a: Murkrow\n|-sidestart|p1: Uahhhh|move: Tailwind\n|move|p1b: Liyuu|Heat Wave|p2b: Annihilape|[spread] p2a,p2b\n|-resisted|p2a: Arcanine\n|-damage|p2a: Arcanine|56\/100\n|-damage|p2b: Annihilape|47\/100\n|move|p2a: Arcanine|Howl|p2a: Arcanine|[spread] p2a,p2b\n|-boost|p2a: Arcanine|atk|1\n|-boost|p2b: Annihilape|atk|1\n|move|p2b: Annihilape|Drain Punch|p1b: Liyuu\n|-supereffective|p1b: Liyuu\n|-damage|p1b: Liyuu|0 fnt\n|-heal|p2b: Annihilape|79\/100|[from] drain|[of] p1b: Liyuu\n|faint|p1b: Liyuu\n|\n|upkeep\n|\n|t:|1681792326\n|switch|p1b: Great Tusk|Great Tusk, L50|100\/100\n|turn|2\n|\n|t:|1681792339\n|-terastallize|p1b: Great Tusk|Ground\n|-terastallize|p2a: Arcanine|Grass\n|move|p2b: Annihilape|Protect|p2b: Annihilape\n|-singleturn|p2b: Annihilape|Protect\n|move|p1a: Murkrow|Sunny Day|p1a: Murkrow\n|-weather|SunnyDay\n|-activate|p1b: Great Tusk|ability: Protosynthesis\n|-start|p1b: Great Tusk|protosynthesisatk\n|move|p1b: Great Tusk|Earthquake|p2b: Annihilape|[spread] p2a\n|-activate|p2b: Annihilape|move: Protect\n|-immune|p1a: Murkrow\n|-resisted|p2a: Arcanine\n|-damage|p2a: Arcanine|22\/100\n|-enditem|p2a: Arcanine|Aguav Berry|[eat]\n|-heal|p2a: Arcanine|55\/100|[from] item: Aguav Berry\n|move|p2a: Arcanine|Will-O-Wisp|p1b: Great Tusk\n|-status|p1b: Great Tusk|brn\n|\n|-weather|SunnyDay|[upkeep]\n|-damage|p1b: Great Tusk|95\/100 brn|[from] brn\n|upkeep\n|turn|3\n|\n|t:|1681792363\n|switch|p2b: Grimmsnarl|Grimmsnarl, L50, M, shiny|100\/100\n|move|p1b: Great Tusk|Earthquake|p2a: Arcanine|[spread] p2a,p2b\n|-immune|p1a: Murkrow\n|-resisted|p2a: Arcanine\n|-crit|p2b: Grimmsnarl\n|-damage|p2a: Arcanine|39\/100\n|-damage|p2b: Grimmsnarl|45\/100\n|move|p1a: Murkrow|Foul Play|p2b: Grimmsnarl\n|-resisted|p2b: Grimmsnarl\n|-damage|p2b: Grimmsnarl|35\/100\n|move|p2a: Arcanine|Flare Blitz|p1a: Murkrow\n|-damage|p1a: Murkrow|0 fnt\n|faint|p1a: Murkrow\n|-damage|p2a: Arcanine|16\/100|[from] Recoil\n|\n|-weather|SunnyDay|[upkeep]\n|-damage|p1b: Great Tusk|89\/100 brn|[from] brn\n|upkeep\n|\n|t:|1681792373\n|switch|p1a: \u5305\u88b1\u5305\u88b1|Iron Bundle, L50|100\/100\n|-enditem|p1a: \u5305\u88b1\u5305\u88b1|Booster Energy\n|-activate|p1a: \u5305\u88b1\u5305\u88b1|ability: Quark Drive|[fromitem]\n|-start|p1a: \u5305\u88b1\u5305\u88b1|quarkdrivespe\n|turn|4\n|inactive|LeeGengarBR has 30 seconds left.\n|\n|t:|1681792404\n|move|p1a: \u5305\u88b1\u5305\u88b1|Protect|p1a: \u5305\u88b1\u5305\u88b1\n|-singleturn|p1a: \u5305\u88b1\u5305\u88b1|Protect\n|move|p2b: Grimmsnarl|Fake Out|p1b: Great Tusk\n|-damage|p1b: Great Tusk|81\/100 brn\n|move|p2a: Arcanine|Extreme Speed|p1a: \u5305\u88b1\u5305\u88b1\n|-activate|p1a: \u5305\u88b1\u5305\u88b1|move: Protect\n|cant|p1b: Great Tusk|flinch\n|\n|-weather|SunnyDay|[upkeep]\n|-damage|p1b: Great Tusk|75\/100 brn|[from] brn\n|-sideend|p1: Uahhhh|move: Tailwind\n|upkeep\n|turn|5\n|inactive|Uahhhh has 30 seconds left.\n|\n|t:|1681792430\n|move|p2a: Arcanine|Extreme Speed|p1a: \u5305\u88b1\u5305\u88b1\n|-damage|p1a: \u5305\u88b1\u5305\u88b1|64\/100\n|move|p2b: Grimmsnarl|Light Screen|p2b: Grimmsnarl\n|-sidestart|p2: LeeGengarBR|move: Light Screen\n|move|p1a: \u5305\u88b1\u5305\u88b1|Icy Wind|p2b: Grimmsnarl|[spread] p2a,p2b\n|-supereffective|p2a: Arcanine\n|-damage|p2a: Arcanine|0 fnt\n|-damage|p2b: Grimmsnarl|23\/100\n|-unboost|p2b: Grimmsnarl|spe|1\n|faint|p2a: Arcanine\n|move|p1b: Great Tusk|Earthquake|p2b: Grimmsnarl|[spread] p1a,p2b\n|-damage|p1a: \u5305\u88b1\u5305\u88b1|21\/100\n|-damage|p2b: Grimmsnarl|0 fnt\n|faint|p2b: Grimmsnarl\n|\n|-weather|SunnyDay|[upkeep]\n|-damage|p1b: Great Tusk|69\/100 brn|[from] brn\n|upkeep\n|\n|t:|1681792444\n|switch|p2a: Annihilape|Annihilape, L50, M|79\/100\n|switch|p2b: Chien-Pao|Chien-Pao, L50|100\/100\n|-ability|p2b: Chien-Pao|Sword of Ruin\n|turn|6\n|\n|t:|1681792452\n|move|p1a: \u5305\u88b1\u5305\u88b1|Icy Wind|p2b: Chien-Pao|[spread] p2a,p2b\n|-resisted|p2b: Chien-Pao\n|-damage|p2a: Annihilape|71\/100\n|-damage|p2b: Chien-Pao|89\/100\n|-unboost|p2a: Annihilape|spe|1\n|-ability|p2a: Annihilape|Defiant|boost\n|-boost|p2a: Annihilape|atk|2\n|-unboost|p2b: Chien-Pao|spe|1\n|move|p1b: Great Tusk|Earthquake|p2b: Chien-Pao|[spread] p1a,p2a,p2b\n|-damage|p1a: \u5305\u88b1\u5305\u88b1|0 fnt\n|-damage|p2a: Annihilape|24\/100\n|-damage|p2b: Chien-Pao|37\/100\n|faint|p1a: \u5305\u88b1\u5305\u88b1\n|-end|p1a: \u5305\u88b1\u5305\u88b1|Quark Drive|[silent]\n|move|p2b: Chien-Pao|Ice Spinner|p1b: Great Tusk\n|-supereffective|p1b: Great Tusk\n|-damage|p1b: Great Tusk|0 fnt\n|faint|p1b: Great Tusk\n|-end|p1b: Great Tusk|Protosynthesis|[silent]\n|\n|win|LeeGengarBR\n|raw|Uahhhh's rating: 1450 → 1432<\/strong> (-18 for losing)\n|raw|LeeGengarBR's rating: 1489 → 1507<\/strong> (+18 for winning)\n|l|\u2606Uahhhh\n","uploadtime":1681792510,"views":6,"p1id":"uahhhh","p2id":"leegengarbr","formatid":"gen9vgc2023regulationc","rating":1432,"private":0,"password":""}