{"id":"gen9vgc2023regulationc-1854129566","p1":"anuunuu","p2":"gorilnx","format":"[Gen 9] VGC 2023 Regulation C","log":"|j|\u2606anuunuu\n|j|\u2606gorilnx\n|t:|1682773872\n|gametype|doubles\n|player|p1|anuunuu|1|1198\n|player|p2|gorilnx|dawn-gen4pt|1098\n|teamsize|p1|4\n|teamsize|p2|6\n|gen|9\n|tier|[Gen 9] VGC 2023 Regulation C\n|rated|\n|rule|Species Clause: Limit one of each Pok\u00e9mon\n|rule|Item Clause: Limit one of each item\n|clearpoke\n|poke|p1|Chien-Pao, L50|\n|poke|p1|Ceruledge, L50, M|\n|poke|p1|Maushold, L50|\n|poke|p1|Gyarados, L50, M|\n|poke|p2|Palafin, L50, M|\n|poke|p2|Amoonguss, L50, F|\n|poke|p2|Flutter Mane, L50|\n|poke|p2|Arcanine, L50, M|\n|poke|p2|Ting-Lu, L50|\n|poke|p2|Baxcalibur, L50, M|\n|teampreview|4\n|inactive|Battle timer is ON: inactive players will automatically lose when time's up. (requested by gorilnx)\n|\n|t:|1682773894\n|start\n|switch|p1a: Ceruledge|Ceruledge, L50, M|100\/100\n|switch|p1b: Maushold|Maushold, L50|100\/100\n|switch|p2a: Palafin|Palafin, L50, M|100\/100\n|switch|p2b: Flutter Mane|Flutter Mane, L50|100\/100\n|turn|1\n|\n|t:|1682773915\n|-end|p2b: Flutter Mane|Protosynthesis|[silent]\n|switch|p2b: Baxcalibur|Baxcalibur, L50, M|100\/100\n|detailschange|p2a: Palafin|Palafin-Hero, L50, M\n|switch|p2a: Arcanine|Arcanine, L50, M|100\/100\n|-ability|p2a: Arcanine|Intimidate|boost\n|-fail|p1a: Ceruledge|unboost|[from] item: Clear Amulet|[of] p1a: Ceruledge\n|-unboost|p1b: Maushold|atk|1\n|move|p1a: Ceruledge|Protect|p1a: Ceruledge\n|-singleturn|p1a: Ceruledge|Protect\n|move|p1b: Maushold|Population Bomb|p2a: Arcanine\n|-damage|p2a: Arcanine|92\/100\n|-damage|p2a: Arcanine|85\/100\n|-damage|p2a: Arcanine|76\/100\n|-damage|p2a: Arcanine|67\/100\n|-damage|p2a: Arcanine|58\/100\n|-damage|p2a: Arcanine|50\/100\n|-damage|p2a: Arcanine|42\/100\n|-damage|p2a: Arcanine|33\/100\n|-damage|p2a: Arcanine|25\/100\n|-damage|p2a: Arcanine|17\/100\n|-hitcount|p2a: Arcanine|10\n|\n|upkeep\n|turn|2\n|inactive|anuunuu has 30 seconds left.\n|inactive|gorilnx has 30 seconds left.\n|\n|t:|1682773945\n|move|p2a: Arcanine|Protect|p2a: Arcanine\n|-singleturn|p2a: Arcanine|Protect\n|move|p1a: Ceruledge|Shadow Sneak|p2a: Arcanine\n|-activate|p2a: Arcanine|move: Protect\n|move|p1b: Maushold|Population Bomb|p2b: Baxcalibur\n|-crit|p2b: Baxcalibur\n|-damage|p2b: Baxcalibur|84\/100\n|-damage|p2b: Baxcalibur|77\/100\n|-damage|p2b: Baxcalibur|71\/100\n|-damage|p2b: Baxcalibur|65\/100\n|-damage|p2b: Baxcalibur|59\/100\n|-damage|p2b: Baxcalibur|53\/100\n|-damage|p2b: Baxcalibur|47\/100\n|-damage|p2b: Baxcalibur|41\/100\n|-damage|p2b: Baxcalibur|34\/100\n|-damage|p2b: Baxcalibur|27\/100\n|-hitcount|p2b: Baxcalibur|10\n|move|p2b: Baxcalibur|Icicle Spear|p1b: Maushold\n|-damage|p1b: Maushold|76\/100\n|-damage|p1b: Maushold|52\/100\n|-crit|p1b: Maushold\n|-damage|p1b: Maushold|16\/100\n|-damage|p1b: Maushold|0 fnt\n|faint|p1b: Maushold\n|-hitcount|p1: Maushold|4\n|\n|upkeep\n|inactive|anuunuu has 30 seconds left.\n|\n|t:|1682773979\n|switch|p1b: Gyarados|Gyarados, L50, M|100\/100\n|-ability|p1b: Gyarados|Intimidate|boost\n|-unboost|p2a: Arcanine|atk|1\n|-unboost|p2b: Baxcalibur|atk|1\n|turn|3\n|\n|t:|1682773993\n|switch|p2a: Palafin|Palafin-Hero, L50, M|100\/100\n|-activate|p2a: Palafin|ability: Zero to Hero\n|move|p2b: Baxcalibur|Glaive Rush|p1a: Ceruledge\n|-damage|p1a: Ceruledge|45\/100\n|-singlemove|p2b: Baxcalibur|Glaive Rush|[silent]\n|move|p1a: Ceruledge|Bitter Blade|p2b: Baxcalibur\n|-damage|p2b: Baxcalibur|0 fnt\n|-heal|p1a: Ceruledge|61\/100|[from] drain|[of] p2b: Baxcalibur\n|faint|p2b: Baxcalibur\n|move|p1b: Gyarados|Whirlpool|p2a: Palafin\n|-resisted|p2a: Palafin\n|-damage|p2a: Palafin|96\/100\n|-activate|p2a: Palafin|move: Whirlpool|[of] p1b: Gyarados\n|\n|-damage|p2a: Palafin|84\/100|[from] move: Whirlpool|[partiallytrapped]\n|upkeep\n|\n|t:|1682774018\n|switch|p2b: Flutter Mane|Flutter Mane, L50|100\/100\n|turn|4\n|\n|t:|1682774033\n|-end|p2b: Flutter Mane|Protosynthesis|[silent]\n|switch|p2b: Arcanine|Arcanine, L50, M|17\/100\n|-ability|p2b: Arcanine|Intimidate|boost\n|-fail|p1a: Ceruledge|unboost|[from] item: Clear Amulet|[of] p1a: Ceruledge\n|-unboost|p1b: Gyarados|atk|1\n|-terastallize|p2a: Palafin|Water\n|move|p1a: Ceruledge|Protect|p1a: Ceruledge\n|-singleturn|p1a: Ceruledge|Protect\n|move|p2a: Palafin|Wave Crash|p1b: Gyarados\n|-resisted|p1b: Gyarados\n|-crit|p1b: Gyarados\n|-damage|p1b: Gyarados|0 fnt\n|faint|p1b: Gyarados\n|-damage|p2a: Palafin|52\/100|[from] Recoil\n|\n|-end|p2a: Palafin|Whirlpool|[partiallytrapped]|[silent]\n|upkeep\n|\n|t:|1682774049\n|switch|p1b: Chien-Pao|Chien-Pao, L50|100\/100\n|-ability|p1b: Chien-Pao|Sword of Ruin\n|turn|5\n|\n|t:|1682774074\n|-terastallize|p1a: Ceruledge|Grass\n|move|p2b: Arcanine|Extreme Speed|p1b: Chien-Pao\n|-damage|p1b: Chien-Pao|67\/100\n|move|p2a: Palafin|Jet Punch|p1b: Chien-Pao\n|-damage|p1b: Chien-Pao|0 fnt\n|faint|p1b: Chien-Pao\n|move|p1a: Ceruledge|Bitter Blade|p2b: Arcanine\n|-resisted|p2b: Arcanine\n|-crit|p2b: Arcanine\n|-damage|p2b: Arcanine|0 fnt\n|-heal|p1a: Ceruledge|71\/100|[from] drain|[of] p2b: Arcanine\n|faint|p2b: Arcanine\n|\n|upkeep\n|\n|t:|1682774084\n|switch|p2b: Flutter Mane|Flutter Mane, L50|100\/100\n|turn|6\n|-message|anuunuu forfeited.\n|\n|win|gorilnx\n|raw|anuunuu's rating: 1198 → 1166<\/strong> (-32 for losing)\n|raw|gorilnx's rating: 1098 → 1130<\/strong> (+32 for winning)\n|l|\u2606anuunuu\n","uploadtime":1682774114,"views":19,"p1id":"anuunuu","p2id":"gorilnx","formatid":"gen9vgc2023regulationc","rating":1130,"private":0,"password":""}