{"id":"gen9vgc2023regulationc-1863931439","p1":"xJPNH","p2":"couscouschanel","format":"[Gen 9] VGC 2023 Regulation C","log":"|j|\u2606xJPNH\n|j|\u2606couscouschanel\n|t:|1684094734\n|gametype|doubles\n|player|p1|xJPNH|flannery|\n|player|p2|couscouschanel|parasollady|\n|teamsize|p1|6\n|teamsize|p2|6\n|gen|9\n|tier|[Gen 9] VGC 2023 Regulation C\n|rule|Species Clause: Limit one of each Pok\u00e9mon\n|rule|Item Clause: Limit one of each item\n|clearpoke\n|poke|p1|Axew, L5, M|\n|poke|p1|Slowpoke, L5, F|\n|poke|p1|Cetoddle, L5, F|\n|poke|p1|Lechonk, L5, M|\n|poke|p1|Bergmite, L5, M|\n|poke|p1|Shellder, L5, F|\n|poke|p2|Teddiursa, L5, M|\n|poke|p2|Happiny, L5, F|\n|poke|p2|Shellos, L5, M|\n|poke|p2|Igglybuff, L5, M|\n|poke|p2|Starly, L5, F|\n|poke|p2|Cubchoo, L5, M|\n|teampreview|4\n|inactive|Battle timer is ON: inactive players will automatically lose when time's up. (requested by xJPNH)\n|j| haydyg\n|\n|t:|1684094759\n|start\n|switch|p1a: Bergmite|Bergmite, L5, M|100\/100\n|switch|p1b: Jaws|Axew, L5, M|100\/100\n|switch|p2a: Lola|Happiny, L5, F|100\/100\n|switch|p2b: Shelly|Shellos, L5, M|100\/100\n|-ability|p1b: Jaws|Mold Breaker\n|turn|1\n|c| haydyg|good luck!\n|inactive|couscouschanel has 30 seconds left.\n|\n|t:|1684094787\n|move|p1b: Jaws|Dragon Dance|p1b: Jaws\n|-boost|p1b: Jaws|atk|1\n|-boost|p1b: Jaws|spe|1\n|move|p2a: Lola|Hyper Voice|p1b: Jaws|[spread] p1a,p1b\n|-damage|p1a: Bergmite|69\/100\n|-damage|p1b: Jaws|60\/100\n|move|p2b: Shelly|Ancient Power|p1b: Jaws\n|-damage|p1b: Jaws|28\/100\n|move|p1a: Bergmite|Snowscape|p1a: Bergmite\n|-weather|Snow\n|\n|-weather|Snow|[upkeep]\n|upkeep\n|turn|2\n|inactive|xJPNH has 30 seconds left.\n|\n|t:|1684094820\n|move|p1b: Jaws|Dragon Claw|p2b: Shelly\n|-damage|p2b: Shelly|16\/100\n|-damage|p1b: Jaws|19\/100|[from] item: Life Orb\n|move|p2a: Lola|Hyper Voice|p1b: Jaws|[spread] p1a,p1b\n|-damage|p1a: Bergmite|37\/100\n|-damage|p1b: Jaws|0 fnt\n|faint|p1b: Jaws\n|move|p2b: Shelly|Ancient Power|p1a: Bergmite\n|-supereffective|p1a: Bergmite\n|-damage|p1a: Bergmite|0 fnt\n|faint|p1a: Bergmite\n|\n|-weather|Snow|[upkeep]\n|upkeep\n|\n|t:|1684094832\n|switch|p1b: Merlin|Lechonk, L5, M|100\/100\n|switch|p1a: Cetoddle|Cetoddle, L5, F|100\/100\n|turn|3\n|inactive|couscouschanel has 30 seconds left.\n|\n|t:|1684094862\n|move|p1a: Cetoddle|Earthquake|p2a: Lola|[spread] p1b,p2a,p2b\n|-crit|p2b: Shelly\n|-damage|p1b: Merlin|58\/100\n|-damage|p2a: Lola|50\/100\n|-damage|p2b: Shelly|0 fnt\n|faint|p2b: Shelly\n|move|p1b: Merlin|Zen Headbutt|p2a: Lola\n|-damage|p2a: Lola|0 fnt\n|faint|p2a: Lola\n|\n|-weather|Snow|[upkeep]\n|upkeep\n|\n|t:|1684094872\n|switch|p2b: Bruno|Cubchoo, L5, M, shiny|100\/100\n|switch|p2a: Starly|Starly, L5, F|100\/100\n|turn|4\n|c| haydyg|Mek bringing the ice type in the snow\n|c| haydyg|Just a huge brain\n|inactive|couscouschanel has 30 seconds left.\n|c| haydyg|Is it slush rush?\n|c| haydyg|Are you feeling lucky?\n|inactive|couscouschanel has 20 seconds left.\n|\n|t:|1684094910\n|-terastallize|p1a: Cetoddle|Ice\n|move|p2b: Bruno|Crunch|p1a: Cetoddle\n|-damage|p1a: Cetoddle|75\/100\n|move|p2a: Starly|Acrobatics|p1b: Merlin\n|-damage|p1b: Merlin|24\/100\n|move|p1a: Cetoddle|Ice Spinner|p2a: Starly\n|-supereffective|p2a: Starly\n|-crit|p2a: Starly\n|-damage|p2a: Starly|0 fnt\n|faint|p2a: Starly\n|move|p1b: Merlin|Zen Headbutt|p2b: Bruno\n|-damage|p2b: Bruno|73\/100\n|-damage|p1b: Merlin|10\/100|[from] item: Rocky Helmet|[of] p2b: Bruno\n|\n|-weather|Snow|[upkeep]\n|upkeep\n|turn|5\n|c| haydyg|REFEREE MOMENT\n|c| haydyg|Tera is no go\n|\n|t:|1684094930\n|move|p2b: Bruno|Rock Slide|p1a: Cetoddle|[spread] p1b\n|-miss|p2b: Bruno|p1a: Cetoddle\n|-damage|p1b: Merlin|0 fnt\n|faint|p1b: Merlin\n|move|p1a: Cetoddle|Earthquake|p2b: Bruno\n|-damage|p2b: Bruno|37\/100\n|\n|-weather|none\n|upkeep\n|turn|6\n|c| haydyg|Keep going, but no more :)\n|\n|t:|1684094955\n|move|p1a: Cetoddle|Earthquake|p2b: Bruno\n|-damage|p2b: Bruno|0 fnt\n|faint|p2b: Bruno\n|\n|win|xJPNH\n","uploadtime":1684094961,"views":9,"p1id":"xjpnh","p2id":"couscouschanel","formatid":"gen9vgc2023regulationc","rating":0,"private":0,"password":""}