{"id":"gen9vgc2023regulationc-1846908324","p1":"gegt","p2":"maku8319","format":"[Gen 9] VGC 2023 Regulation C","log":"|j|\u2606gegt\n|j|\u2606maku8319\n|t:|1681899307\n|gametype|doubles\n|player|p1|gegt|266|1393\n|player|p2|maku8319|red|1445\n|teamsize|p1|6\n|teamsize|p2|6\n|gen|9\n|tier|[Gen 9] VGC 2023 Regulation C\n|rated|\n|rule|Species Clause: Limit one of each Pok\u00e9mon\n|rule|Item Clause: Limit one of each item\n|clearpoke\n|poke|p1|Armarouge, L50, M|\n|poke|p1|Baxcalibur, L50, M|\n|poke|p1|Arboliva, L50, F|\n|poke|p1|Indeedee-F, L50, F|\n|poke|p1|Scizor, L50, M|\n|poke|p1|Gyarados, L50, M|\n|poke|p2|Klefki, L50, M|\n|poke|p2|Arcanine, L50, M|\n|poke|p2|Corviknight, L50, F|\n|poke|p2|Ting-Lu, L50|\n|poke|p2|Iron Hands, L50|\n|poke|p2|Flutter Mane, L50|\n|teampreview|4\n|\n|t:|1681899340\n|start\n|switch|p1a: Indeedee|Indeedee-F, L50, F|100\/100\n|switch|p1b: Armarouge|Armarouge, L50, M|100\/100\n|switch|p2a: Arcanine|Arcanine, L50, M|100\/100\n|switch|p2b: Ting-Lu|Ting-Lu, L50|100\/100\n|-ability|p2a: Arcanine|Intimidate|boost\n|-unboost|p1a: Indeedee|atk|1\n|-unboost|p1b: Armarouge|atk|1\n|-fieldstart|move: Psychic Terrain|[from] ability: Psychic Surge|[of] p1a: Indeedee\n|-ability|p2b: Ting-Lu|Vessel of Ruin\n|turn|1\n|inactive|Battle timer is ON: inactive players will automatically lose when time's up. (requested by maku8319)\n|inactive|gegt has 60 seconds left.\n|inactive|gegt has 30 seconds left.\n|inactive|gegt has 20 seconds left.\n|inactive|gegt has 15 seconds left.\n|inactive|gegt has 10 seconds left.\n|inactive|gegt has 5 seconds left.\n|\n|t:|1681899499\n|move|p1a: Indeedee|Follow Me|p1a: Indeedee\n|-singleturn|p1a: Indeedee|move: Follow Me\n|move|p2a: Arcanine|Howl|p2a: Arcanine|[spread] p2a,p2b\n|-boost|p2a: Arcanine|atk|1\n|-boost|p2b: Ting-Lu|atk|1\n|move|p2b: Ting-Lu|Payback|p1a: Indeedee\n|-supereffective|p1a: Indeedee\n|-enditem|p1a: Indeedee|Focus Sash\n|-damage|p1a: Indeedee|1\/100\n|move|p1b: Armarouge|Trick Room|p1b: Armarouge\n|-fieldstart|move: Trick Room|[of] p1b: Armarouge\n|\n|upkeep\n|turn|2\n|\n|t:|1681899515\n|move|p1b: Armarouge|Expanding Force|p2b: Ting-Lu|[spread] p2a\n|-immune|p2b: Ting-Lu\n|-damage|p2a: Arcanine|49\/100\n|move|p2b: Ting-Lu|Payback|p1b: Armarouge\n|-supereffective|p1b: Armarouge\n|-enditem|p1b: Armarouge|Colbur Berry|[eat]\n|-enditem|p1b: Armarouge|Colbur Berry|[weaken]\n|-damage|p1b: Armarouge|49\/100\n|move|p1a: Indeedee|Hyper Voice|p2a: Arcanine|[spread] p2a,p2b\n|-damage|p2a: Arcanine|25\/100\n|-damage|p2b: Ting-Lu|90\/100\n|move|p2a: Arcanine|Howl|p2a: Arcanine|[spread] p2a,p2b\n|-boost|p2a: Arcanine|atk|1\n|-boost|p2b: Ting-Lu|atk|1\n|\n|upkeep\n|turn|3\n|\n|t:|1681899532\n|move|p2a: Arcanine|Protect|p2a: Arcanine\n|-singleturn|p2a: Arcanine|Protect\n|move|p1a: Indeedee|Follow Me|p1a: Indeedee\n|-singleturn|p1a: Indeedee|move: Follow Me\n|move|p1b: Armarouge|Destiny Bond|p1b: Armarouge\n|-singlemove|p1b: Armarouge|Destiny Bond\n|move|p2b: Ting-Lu|Payback|p1a: Indeedee\n|-supereffective|p1a: Indeedee\n|-damage|p1a: Indeedee|0 fnt\n|faint|p1a: Indeedee\n|\n|upkeep\n|\n|t:|1681899542\n|switch|p1a: Arboliva|Arboliva, L50, F|100\/100\n|turn|4\n|\n|t:|1681899551\n|-terastallize|p1a: Arboliva|Flying\n|move|p1a: Arboliva|Strength Sap|p2a: Arcanine\n|-unboost|p2a: Arcanine|atk|1\n|move|p1b: Armarouge|Destiny Bond||[still]\n|-fail|p1b: Armarouge\n|move|p2b: Ting-Lu|Stomping Tantrum|p1b: Armarouge\n|-supereffective|p1b: Armarouge\n|-damage|p1b: Armarouge|0 fnt\n|faint|p1b: Armarouge\n|move|p2a: Arcanine|Flare Blitz|p1a: Arboliva\n|-damage|p1a: Arboliva|45\/100\n|-status|p1a: Arboliva|brn\n|-enditem|p1a: Arboliva|Sitrus Berry|[eat]\n|-heal|p1a: Arboliva|70\/100 brn|[from] item: Sitrus Berry\n|-damage|p2a: Arcanine|7\/100|[from] Recoil\n|\n|-damage|p1a: Arboliva|64\/100 brn|[from] brn\n|upkeep\n|\n|t:|1681899567\n|switch|p1b: Scizor|Scizor, L50, M|100\/100\n|turn|5\n|\n|t:|1681899577\n|move|p2a: Arcanine|Protect|p2a: Arcanine\n|-singleturn|p2a: Arcanine|Protect\n|move|p1a: Arboliva|Strength Sap|p2b: Ting-Lu\n|-unboost|p2b: Ting-Lu|atk|1\n|-heal|p1a: Arboliva|100\/100 brn\n|move|p1b: Scizor|Pounce|p2a: Arcanine\n|-activate|p2a: Arcanine|move: Protect\n|move|p2b: Ting-Lu|Payback|p1a: Arboliva\n|-damage|p1a: Arboliva|48\/100 brn\n|\n|-damage|p1a: Arboliva|42\/100 brn|[from] brn\n|-fieldend|move: Trick Room\n|-fieldend|move: Psychic Terrain\n|-item|p1a: Arboliva|Sitrus Berry|[from] ability: Harvest\n|upkeep\n|-enditem|p1a: Arboliva|Sitrus Berry|[eat]\n|-heal|p1a: Arboliva|67\/100 brn|[from] item: Sitrus Berry\n|turn|6\n|\n|t:|1681899602\n|switch|p2a: Iron Hands|Iron Hands, L50, shiny|100\/100\n|move|p1b: Scizor|Feint|p2a: Iron Hands\n|-damage|p2a: Iron Hands|90\/100\n|move|p2b: Ting-Lu|Ruination|p1a: Arboliva\n|-damage|p1a: Arboliva|34\/100 brn\n|move|p1a: Arboliva|Leech Seed|p2b: Ting-Lu\n|-start|p2b: Ting-Lu|move: Leech Seed\n|\n|-damage|p2b: Ting-Lu|78\/100|[from] Leech Seed|[of] p1a: Arboliva\n|-heal|p1a: Arboliva|49\/100 brn|[silent]\n|-damage|p1a: Arboliva|43\/100 brn|[from] brn\n|upkeep\n|turn|7\n|inactive|maku8319 has 30 seconds left.\n|\n|t:|1681899629\n|move|p1a: Arboliva|Protect|p1a: Arboliva\n|-singleturn|p1a: Arboliva|Protect\n|move|p2b: Ting-Lu|Ruination|p1b: Scizor\n|-damage|p1b: Scizor|51\/100\n|move|p2a: Iron Hands|Wild Charge|p1a: Arboliva\n|-activate|p1a: Arboliva|move: Protect\n|move|p1b: Scizor|Pounce|p2b: Ting-Lu\n|-supereffective|p2b: Ting-Lu\n|-damage|p2b: Ting-Lu|24\/100\n|-unboost|p2b: Ting-Lu|spe|1\n|\n|-damage|p2b: Ting-Lu|12\/100|[from] Leech Seed|[of] p1a: Arboliva\n|-heal|p1a: Arboliva|59\/100 brn|[silent]\n|-damage|p1a: Arboliva|53\/100 brn|[from] brn\n|-item|p1a: Arboliva|Sitrus Berry|[from] ability: Harvest\n|upkeep\n|turn|8\n|inactive|maku8319 has 30 seconds left.\n|\n|t:|1681899654\n|move|p2a: Iron Hands|Wild Charge|p1a: Arboliva\n|-supereffective|p1a: Arboliva\n|-damage|p1a: Arboliva|0 fnt\n|faint|p1a: Arboliva\n|-damage|p2a: Iron Hands|80\/100|[from] Recoil\n|move|p1b: Scizor|Pounce|p2a: Iron Hands\n|-resisted|p2a: Iron Hands\n|-damage|p2a: Iron Hands|66\/100\n|-unboost|p2a: Iron Hands|spe|1\n|move|p2b: Ting-Lu|Stomping Tantrum|p1b: Scizor\n|-damage|p1b: Scizor|0 fnt\n|faint|p1b: Scizor\n|\n|win|maku8319\n|raw|gegt's rating: 1393 → 1376<\/strong> (-17 for losing)\n|raw|maku8319's rating: 1445 → 1462<\/strong> (+17 for winning)\n|l|\u2606gegt\n","uploadtime":1681899667,"views":19,"p1id":"gegt","p2id":"maku8319","formatid":"gen9vgc2023regulationc","rating":1376,"private":0,"password":""}