{"id":"gen9vgc2023regulationc-1856992834","p1":"KinimaP","p2":"pablodtoro","format":"[Gen 9] VGC 2023 Regulation C","log":"|j|\u2606KinimaP\n|j|\u2606pablodtoro\n|t:|1683134449\n|gametype|doubles\n|player|p1|KinimaP|cameraman|1551\n|player|p2|pablodtoro|volkner|1682\n|teamsize|p1|6\n|teamsize|p2|6\n|gen|9\n|tier|[Gen 9] VGC 2023 Regulation C\n|rated|\n|rule|Species Clause: Limit one of each Pok\u00e9mon\n|rule|Item Clause: Limit one of each item\n|clearpoke\n|poke|p1|Vivillon-Fancy, L50, M|\n|poke|p1|Chi-Yu, L50|\n|poke|p1|Flutter Mane, L50|\n|poke|p1|Baxcalibur, L50, M|\n|poke|p1|Brute Bonnet, L50|\n|poke|p1|Maushold-Four, L50|\n|poke|p2|Gyarados, L50, M|\n|poke|p2|Rotom-Heat, L50|\n|poke|p2|Amoonguss, L50, M|\n|poke|p2|Ting-Lu, L50|\n|poke|p2|Flutter Mane, L50|\n|poke|p2|Corviknight, L50, F|\n|teampreview|4\n|\n|t:|1683134482\n|start\n|switch|p1a: Vivillon|Vivillon-Fancy, L50, M|100\/100\n|switch|p1b: Chi-Yu|Chi-Yu, L50|100\/100\n|switch|p2a: Rotom|Rotom-Heat, L50|100\/100\n|switch|p2b: Ting-Lu|Ting-Lu, L50|100\/100\n|-ability|p1b: Chi-Yu|Beads of Ruin\n|-ability|p2b: Ting-Lu|Vessel of Ruin\n|turn|1\n|\n|t:|1683134505\n|-terastallize|p1b: Chi-Yu|Water\n|move|p1a: Vivillon|Protect|p1a: Vivillon\n|-singleturn|p1a: Vivillon|Protect\n|move|p1b: Chi-Yu|Tera Blast|p2a: Rotom\n|-supereffective|p2a: Rotom\n|-damage|p2a: Rotom|15\/100\n|-enditem|p2a: Rotom|Sitrus Berry|[eat]\n|-heal|p2a: Rotom|40\/100|[from] item: Sitrus Berry\n|move|p2a: Rotom|Nasty Plot|p2a: Rotom\n|-boost|p2a: Rotom|spa|2\n|move|p2b: Ting-Lu|Earthquake|p1a: Vivillon|[spread] p1b\n|-activate|p1a: Vivillon|move: Protect\n|-immune|p2a: Rotom|[from] ability: Levitate\n|-damage|p1b: Chi-Yu|38\/100\n|-enditem|p1b: Chi-Yu|Sitrus Berry|[eat]\n|-heal|p1b: Chi-Yu|63\/100|[from] item: Sitrus Berry\n|\n|upkeep\n|turn|2\n|\n|t:|1683134529\n|-terastallize|p2a: Rotom|Electric\n|move|p1a: Vivillon|Pollen Puff|p1b: Chi-Yu\n|-heal|p1b: Chi-Yu|100\/100\n|move|p1b: Chi-Yu|Tera Blast|p2a: Rotom\n|-damage|p2a: Rotom|0 fnt\n|faint|p2a: Rotom\n|move|p2b: Ting-Lu|Earthquake|p1a: Vivillon|[spread] p1b\n|-immune|p1a: Vivillon\n|-damage|p1b: Chi-Yu|38\/100\n|\n|upkeep\n|\n|t:|1683134538\n|switch|p2a: Flutter Mane|Flutter Mane, L50|100\/100\n|-enditem|p2a: Flutter Mane|Booster Energy\n|-activate|p2a: Flutter Mane|ability: Protosynthesis|[fromitem]\n|-start|p2a: Flutter Mane|protosynthesisspe\n|turn|3\n|\n|t:|1683134547\n|switch|p2b: Corviknight|Corviknight, L50, F|100\/100\n|move|p1b: Chi-Yu|Protect|p1b: Chi-Yu\n|-singleturn|p1b: Chi-Yu|Protect\n|move|p2a: Flutter Mane|Moonblast|p1b: Chi-Yu\n|-activate|p1b: Chi-Yu|move: Protect\n|move|p1a: Vivillon|Tailwind|p1a: Vivillon\n|-sidestart|p1: KinimaP|move: Tailwind\n|\n|upkeep\n|turn|4\n|\n|t:|1683134560\n|move|p2a: Flutter Mane|Protect|p2a: Flutter Mane\n|-singleturn|p2a: Flutter Mane|Protect\n|move|p1a: Vivillon|Pollen Puff|p1b: Chi-Yu\n|-heal|p1b: Chi-Yu|88\/100\n|move|p1b: Chi-Yu|Heat Wave|p2a: Flutter Mane|[spread] p2b\n|-activate|p2a: Flutter Mane|move: Protect\n|-supereffective|p2b: Corviknight\n|-damage|p2b: Corviknight|3\/100\n|-status|p2b: Corviknight|brn\n|move|p2b: Corviknight|Brave Bird|p1b: Chi-Yu\n|-damage|p1b: Chi-Yu|63\/100\n|-damage|p2b: Corviknight|0 fnt|[from] Recoil\n|faint|p2b: Corviknight\n|\n|upkeep\n|\n|t:|1683134565\n|switch|p2b: Ting-Lu|Ting-Lu, L50|100\/100\n|-ability|p2b: Ting-Lu|Vessel of Ruin\n|turn|5\n|\n|t:|1683134589\n|move|p1a: Vivillon|Pollen Puff|p1b: Chi-Yu\n|-heal|p1b: Chi-Yu|100\/100\n|move|p2a: Flutter Mane|Moonblast|p1a: Vivillon\n|-damage|p1a: Vivillon|3\/100\n|move|p1b: Chi-Yu|Heat Wave|p2b: Ting-Lu|[spread] p2a,p2b\n|-damage|p2a: Flutter Mane|55\/100\n|-damage|p2b: Ting-Lu|68\/100\n|move|p2b: Ting-Lu|Stomping Tantrum|p1b: Chi-Yu\n|-damage|p1b: Chi-Yu|42\/100\n|\n|upkeep\n|turn|6\n|\n|t:|1683134610\n|move|p2a: Flutter Mane|Protect|p2a: Flutter Mane\n|-singleturn|p2a: Flutter Mane|Protect\n|move|p1a: Vivillon|Pollen Puff|p1b: Chi-Yu\n|-heal|p1b: Chi-Yu|92\/100\n|move|p1b: Chi-Yu|Heat Wave|p2a: Flutter Mane|[spread] p2b\n|-activate|p2a: Flutter Mane|move: Protect\n|-damage|p2b: Ting-Lu|38\/100\n|move|p2b: Ting-Lu|Stomping Tantrum|p1b: Chi-Yu\n|-damage|p1b: Chi-Yu|30\/100\n|\n|-sideend|p1: KinimaP|move: Tailwind\n|upkeep\n|turn|7\n|\n|t:|1683134635\n|move|p2a: Flutter Mane|Dazzling Gleam|p1a: Vivillon|[spread] p1a,p1b\n|-damage|p1a: Vivillon|0 fnt\n|-damage|p1b: Chi-Yu|13\/100\n|faint|p1a: Vivillon\n|move|p1b: Chi-Yu|Tera Blast|p2b: Ting-Lu\n|-supereffective|p2b: Ting-Lu\n|-damage|p2b: Ting-Lu|0 fnt\n|faint|p2b: Ting-Lu\n|\n|upkeep\n|\n|t:|1683134648\n|switch|p1a: Baxcalibur|Baxcalibur, L50, M|100\/100\n|turn|8\n|\n|t:|1683134659\n|move|p1a: Baxcalibur|Ice Shard|p2a: Flutter Mane\n|-damage|p2a: Flutter Mane|0 fnt\n|faint|p2a: Flutter Mane\n|-end|p2a: Flutter Mane|Protosynthesis|[silent]\n|\n|win|KinimaP\n|raw|KinimaP's rating: 1551 → 1578<\/strong> (+27 for winning)\n|raw|pablodtoro's rating: 1682 → 1655<\/strong> (-27 for losing)\n|l|\u2606pablodtoro\n","uploadtime":1683134670,"views":13,"p1id":"kinimap","p2id":"pablodtoro","formatid":"gen9vgc2023regulationc","rating":1578,"private":0,"password":""}