{"id":"gen9vgc2023regulationc-1849827141","p1":"Murlokkio","p2":"awesome54","format":"[Gen 9] VGC 2023 Regulation C","log":"|j|\u2606Murlokkio\n|j|\u2606awesome54\n|t:|1682257543\n|gametype|doubles\n|player|p1|Murlokkio|roxie|1180\n|player|p2|awesome54|clay|1071\n|teamsize|p1|6\n|teamsize|p2|6\n|gen|9\n|tier|[Gen 9] VGC 2023 Regulation C\n|rated|\n|rule|Species Clause: Limit one of each Pok\u00e9mon\n|rule|Item Clause: Limit one of each item\n|clearpoke\n|poke|p1|Arcanine, L50, M|\n|poke|p1|Chien-Pao, L50|\n|poke|p1|Ting-Lu, L50|\n|poke|p1|Flutter Mane, L50|\n|poke|p1|Orthworm, L50, F|\n|poke|p1|Dragonite, L50, F|\n|poke|p2|Skeledirge, L50, F|\n|poke|p2|Gyarados, L50, F|\n|poke|p2|Sylveon, L50, M|\n|poke|p2|Pawmot, L50, M|\n|poke|p2|Ting-Lu, L50|\n|poke|p2|Wo-Chien, L50|\n|teampreview|4\n|c|\u2606awesome54|Glhf\n|c|\u2606Murlokkio|u2\n|\n|t:|1682257575\n|start\n|switch|p1a: Orthworm|Orthworm, L50, F|100\/100\n|switch|p1b: Arcanine|Arcanine, L50, M|100\/100\n|switch|p2a: Pawmot|Pawmot, L50, M|100\/100\n|switch|p2b: Sylveon|Sylveon, L50, M|100\/100\n|-ability|p1b: Arcanine|Intimidate|boost\n|-unboost|p2a: Pawmot|atk|1\n|-unboost|p2b: Sylveon|atk|1\n|turn|1\n|\n|t:|1682257597\n|move|p2a: Pawmot|Fake Out|p1a: Orthworm\n|-resisted|p1a: Orthworm\n|-damage|p1a: Orthworm|98\/100\n|move|p1b: Arcanine|Bulldoze|p2b: Sylveon|[spread] p2a,p2b\n|-heal|p1a: Orthworm|100\/100|[from] ability: Earth Eater|[of] p1b: Arcanine\n|-supereffective|p2a: Pawmot\n|-damage|p2a: Pawmot|66\/100\n|-damage|p2b: Sylveon|85\/100\n|-unboost|p2a: Pawmot|spe|1\n|-unboost|p2b: Sylveon|spe|1\n|cant|p1a: Orthworm|flinch\n|move|p2b: Sylveon|Yawn|p1b: Arcanine\n|-start|p1b: Arcanine|move: Yawn|[of] p2b: Sylveon\n|\n|upkeep\n|turn|2\n|\n|t:|1682257635\n|switch|p2b: Gyarados|Gyarados, L50, F|100\/100\n|-ability|p2b: Gyarados|Intimidate|boost\n|-unboost|p1a: Orthworm|atk|1\n|-unboost|p1b: Arcanine|atk|1\n|move|p1b: Arcanine|Will-O-Wisp|p2a: Pawmot|[miss]\n|-miss|p1b: Arcanine|p2a: Pawmot\n|move|p2a: Pawmot|Brick Break|p1b: Arcanine\n|-damage|p1b: Arcanine|81\/100\n|move|p1a: Orthworm|Heavy Slam|p2b: Gyarados\n|-resisted|p2b: Gyarados\n|-damage|p2b: Gyarados|95\/100\n|\n|-end|p1b: Arcanine|move: Yawn|[silent]\n|-status|p1b: Arcanine|slp\n|upkeep\n|turn|3\n|\n|t:|1682257656\n|switch|p1b: Dragonite|Dragonite, L50, F|100\/100\n|move|p2b: Gyarados|Dragon Dance|p2b: Gyarados\n|-boost|p2b: Gyarados|atk|1\n|-boost|p2b: Gyarados|spe|1\n|move|p2a: Pawmot|Nuzzle|p1a: Orthworm\n|-damage|p1a: Orthworm|97\/100\n|-status|p1a: Orthworm|par\n|move|p1a: Orthworm|Iron Defense|p1a: Orthworm\n|-boost|p1a: Orthworm|def|2\n|\n|upkeep\n|turn|4\n|\n|t:|1682257680\n|switch|p2a: Skeledirge|Skeledirge, L50, F|100\/100\n|-terastallize|p1b: Dragonite|Flying\n|move|p2b: Gyarados|Waterfall|p1b: Dragonite\n|-damage|p1b: Dragonite|60\/100\n|-damage|p2b: Gyarados|85\/100|[from] item: Life Orb\n|move|p1b: Dragonite|Tera Blast|p2a: Skeledirge\n|-crit|p2a: Skeledirge\n|-damage|p2a: Skeledirge|17\/100\n|move|p1a: Orthworm|Shed Tail|p1a: Orthworm\n|-start|p1a: Orthworm|Substitute|[from] move: Shed Tail\n|-damage|p1a: Orthworm|47\/100 par\n|-enditem|p1a: Orthworm|Sitrus Berry|[eat]\n|-heal|p1a: Orthworm|72\/100 par|[from] item: Sitrus Berry\n|\n|t:|1682257694\n|switch|p1a: Flutter Mane|Flutter Mane, L50|100\/100|[from] Shed Tail\n|-enditem|p1a: Flutter Mane|Booster Energy\n|-activate|p1a: Flutter Mane|ability: Protosynthesis|[fromitem]\n|-start|p1a: Flutter Mane|protosynthesisspe\n|\n|upkeep\n|turn|5\n|\n|t:|1682257716\n|-terastallize|p2b: Gyarados|Ground\n|move|p2a: Skeledirge|Protect|p2a: Skeledirge\n|-singleturn|p2a: Skeledirge|Protect\n|move|p1b: Dragonite|Extreme Speed|p2b: Gyarados\n|-damage|p2b: Gyarados|50\/100\n|move|p1a: Flutter Mane|Shadow Ball|p2a: Skeledirge\n|-activate|p2a: Skeledirge|move: Protect\n|move|p2b: Gyarados|Iron Head|p1a: Flutter Mane\n|-supereffective|p1a: Flutter Mane\n|-end|p1a: Flutter Mane|Substitute\n|-damage|p2b: Gyarados|40\/100|[from] item: Life Orb\n|\n|upkeep\n|turn|6\n|\n|t:|1682257747\n|switch|p2a: Pawmot|Pawmot, L50, M|66\/100\n|move|p1b: Dragonite|Extreme Speed|p2b: Gyarados\n|-damage|p2b: Gyarados|6\/100\n|move|p1a: Flutter Mane|Dazzling Gleam|p2a: Pawmot|[spread] p2a,p2b\n|-supereffective|p2a: Pawmot\n|-damage|p2a: Pawmot|0 fnt\n|-damage|p2b: Gyarados|0 fnt\n|faint|p2a: Pawmot\n|faint|p2b: Gyarados\n|\n|upkeep\n|\n|t:|1682257765\n|switch|p2a: Sylveon|Sylveon, L50, M|85\/100\n|switch|p2b: Skeledirge|Skeledirge, L50, F|17\/100\n|turn|7\n|c|\u2606awesome54|Gg\n|\n|t:|1682257808\n|move|p2a: Sylveon|Helping Hand|p2b: Skeledirge\n|-singleturn|p2b: Skeledirge|Helping Hand|[of] p2a: Sylveon\n|move|p1a: Flutter Mane|Shadow Ball|p2b: Skeledirge\n|-supereffective|p2b: Skeledirge\n|-damage|p2b: Skeledirge|0 fnt\n|faint|p2b: Skeledirge\n|move|p1b: Dragonite|Tera Blast|p2a: Sylveon\n|-damage|p2a: Sylveon|9\/100\n|\n|upkeep\n|turn|8\n|c|\u2606Murlokkio|gg\n|\n|t:|1682257823\n|move|p1b: Dragonite|Extreme Speed|p2a: Sylveon\n|-damage|p2a: Sylveon|0 fnt\n|faint|p2a: Sylveon\n|\n|win|Murlokkio\n|raw|Murlokkio's rating: 1180 → 1197<\/strong> (+17 for winning)\n|raw|awesome54's rating: 1071 → 1057<\/strong> (-14 for losing)\n","uploadtime":1682257828,"views":11,"p1id":"murlokkio","p2id":"awesome54","formatid":"gen9vgc2023regulationc","rating":1057,"private":0,"password":""}