{"id":"gen9vgc2023regulationc-1854402350","p1":"lmfaowhy","p2":"ToyDollRC","format":"[Gen 9] VGC 2023 Regulation C","log":"|j|\u2606lmfaowhy\n|j|\u2606ToyDollRC\n|t:|1682806393\n|gametype|doubles\n|player|p1|lmfaowhy|veteran|1312\n|player|p2|ToyDollRC|palmer|1347\n|teamsize|p1|6\n|teamsize|p2|6\n|gen|9\n|tier|[Gen 9] VGC 2023 Regulation C\n|rated|\n|rule|Species Clause: Limit one of each Pok\u00e9mon\n|rule|Item Clause: Limit one of each item\n|clearpoke\n|poke|p1|Salamence, L50, M|\n|poke|p1|Chi-Yu, L50|\n|poke|p1|Ting-Lu, L50|\n|poke|p1|Flutter Mane, L50|\n|poke|p1|Gholdengo, L50|\n|poke|p1|Kingambit, L50, M|\n|poke|p2|Wo-Chien, L50|\n|poke|p2|Ting-Lu, L50|\n|poke|p2|Gastrodon, L50, F|\n|poke|p2|Scream Tail, L50|\n|poke|p2|Gothitelle, L50, M|\n|poke|p2|Arcanine, L50, M|\n|teampreview|4\n|\n|t:|1682806423\n|start\n|switch|p1a: Flutter Mane|Flutter Mane, L50|100\/100\n|switch|p1b: Gholdengo|Gholdengo, L50|100\/100\n|switch|p2a: Arcanine|Arcanine, L50, M|100\/100\n|switch|p2b: Scream Tail|Scream Tail, L50|100\/100\n|-ability|p2a: Arcanine|Intimidate|boost\n|-unboost|p1a: Flutter Mane|atk|1\n|-unboost|p1b: Gholdengo|atk|1\n|-enditem|p2b: Scream Tail|Booster Energy\n|-activate|p2b: Scream Tail|ability: Protosynthesis|[fromitem]\n|-start|p2b: Scream Tail|protosynthesisspe\n|turn|1\n|\n|t:|1682806438\n|-terastallize|p2b: Scream Tail|Steel\n|-terastallize|p1b: Gholdengo|Water\n|move|p2b: Scream Tail|Dazzling Gleam|p1b: Gholdengo|[spread] p1a,p1b\n|-damage|p1a: Flutter Mane|87\/100\n|-damage|p1b: Gholdengo|86\/100\n|move|p1a: Flutter Mane|Shadow Ball|p2a: Arcanine\n|-damage|p2a: Arcanine|28\/100\n|move|p1b: Gholdengo|Make It Rain|p2b: Scream Tail|[spread] p2a,p2b\n|-resisted|p2a: Arcanine\n|-resisted|p2b: Scream Tail\n|-damage|p2a: Arcanine|6\/100\n|-damage|p2b: Scream Tail|84\/100\n|-unboost|p1b: Gholdengo|spa|1\n|move|p2a: Arcanine|Flare Blitz|p1a: Flutter Mane\n|-damage|p1a: Flutter Mane|3\/100\n|-damage|p2a: Arcanine|0 fnt|[from] Recoil\n|faint|p2a: Arcanine\n|\n|-heal|p1b: Gholdengo|92\/100|[from] item: Leftovers\n|upkeep\n|\n|t:|1682806453\n|switch|p2a: Wo-Chien|Wo-Chien, L50|100\/100\n|-ability|p2a: Wo-Chien|Tablets of Ruin\n|turn|2\n|\n|t:|1682806464\n|-end|p1a: Flutter Mane|Protosynthesis|[silent]\n|switch|p1a: Ting-Lu|Ting-Lu, L50|100\/100\n|-ability|p1a: Ting-Lu|Vessel of Ruin\n|move|p2b: Scream Tail|Dazzling Gleam|p1b: Gholdengo|[spread] p1a,p1b\n|-supereffective|p1a: Ting-Lu\n|-damage|p1a: Ting-Lu|89\/100\n|-damage|p1b: Gholdengo|81\/100\n|move|p1b: Gholdengo|Nasty Plot|p1b: Gholdengo\n|-boost|p1b: Gholdengo|spa|2\n|move|p2a: Wo-Chien|Substitute|p2a: Wo-Chien\n|-start|p2a: Wo-Chien|Substitute\n|-damage|p2a: Wo-Chien|75\/100\n|\n|-heal|p1b: Gholdengo|88\/100|[from] item: Leftovers\n|-heal|p2a: Wo-Chien|81\/100|[from] item: Leftovers\n|upkeep\n|turn|3\n|\n|t:|1682806479\n|move|p1b: Gholdengo|Protect|p1b: Gholdengo\n|-singleturn|p1b: Gholdengo|Protect\n|move|p2b: Scream Tail|Perish Song|p2b: Scream Tail\n|-start|p1a: Ting-Lu|perish3|[silent]\n|-immune|p1b: Gholdengo|[from] ability: Good as Gold\n|-start|p2a: Wo-Chien|perish3|[silent]\n|-start|p2b: Scream Tail|perish3|[silent]\n|-fieldactivate|move: Perish Song\n|move|p2a: Wo-Chien|Leech Seed|p1a: Ting-Lu\n|-start|p1a: Ting-Lu|move: Leech Seed\n|move|p1a: Ting-Lu|Earthquake|p2b: Scream Tail|[spread] p2a,p2b\n|-activate|p1b: Gholdengo|move: Protect\n|-resisted|p2a: Wo-Chien\n|-activate|p2a: Wo-Chien|move: Substitute|[damage]\n|-supereffective|p2b: Scream Tail\n|-damage|p2b: Scream Tail|36\/100\n|\n|-heal|p1b: Gholdengo|94\/100|[from] item: Leftovers\n|-heal|p2a: Wo-Chien|87\/100|[from] item: Leftovers\n|-damage|p1a: Ting-Lu|77\/100|[from] Leech Seed|[of] p2a: Wo-Chien\n|-heal|p2a: Wo-Chien|100\/100|[silent]\n|-start|p2b: Scream Tail|perish3\n|-start|p2a: Wo-Chien|perish3\n|-start|p1a: Ting-Lu|perish3\n|upkeep\n|turn|4\n|\n|t:|1682806495\n|switch|p2a: Gothitelle|Gothitelle, L50, M|100\/100\n|move|p2b: Scream Tail|Disable|p1a: Ting-Lu\n|-start|p1a: Ting-Lu|Disable|Earthquake\n|move|p1b: Gholdengo|Make It Rain|p2b: Scream Tail|[spread] p2a,p2b\n|-resisted|p2b: Scream Tail\n|-damage|p2a: Gothitelle|60\/100\n|-damage|p2b: Scream Tail|19\/100\n|-unboost|p1b: Gholdengo|spa|1\n|move|p1a: Ting-Lu|Stomping Tantrum|p2b: Scream Tail\n|-supereffective|p2b: Scream Tail\n|-damage|p2b: Scream Tail|0 fnt\n|faint|p2b: Scream Tail\n|-end|p2b: Scream Tail|Protosynthesis|[silent]\n|\n|-heal|p1b: Gholdengo|99\/100|[from] item: Leftovers\n|-damage|p1a: Ting-Lu|64\/100|[from] Leech Seed|[of] p2a: Gothitelle\n|-heal|p2a: Gothitelle|78\/100|[silent]\n|-start|p1a: Ting-Lu|perish2\n|upkeep\n|\n|t:|1682806507\n|switch|p2b: Wo-Chien|Wo-Chien, L50|100\/100\n|-ability|p2b: Wo-Chien|Tablets of Ruin\n|turn|5\n|c|\u2606lmfaowhy|if i boost\n|c|\u2606lmfaowhy|how do you win\n|c|\u2606lmfaowhy|bc i\u2019m immune to all status moves\n|-message|ToyDollRC forfeited.\n|\n|win|lmfaowhy\n|raw|lmfaowhy's rating: 1312 → 1334<\/strong> (+22 for winning)\n|raw|ToyDollRC's rating: 1347 → 1325<\/strong> (-22 for losing)\n|l|\u2606ToyDollRC\n|c|\u2606lmfaowhy|you could psychic and hope for a crit but i have flutter in back\n","uploadtime":1682806555,"views":18,"p1id":"lmfaowhy","p2id":"toydollrc","formatid":"gen9vgc2023regulationc","rating":1325,"private":0,"password":""}