{"id":"gen9vgc2023regulationc-1852743002","p1":"Zuutokei2","p2":"Sunny_zong","format":"[Gen 9] VGC 2023 Regulation C","log":"|j|\u2606Zuutokei2\n|j|\u2606Sunny_zong\n|t:|1682602335\n|gametype|doubles\n|player|p1|Zuutokei2|lucas|1459\n|player|p2|Sunny_zong|lady|1359\n|teamsize|p1|6\n|teamsize|p2|6\n|gen|9\n|tier|[Gen 9] VGC 2023 Regulation C\n|rated|\n|rule|Species Clause: Limit one of each Pok\u00e9mon\n|rule|Item Clause: Limit one of each item\n|clearpoke\n|poke|p1|Dragonite, L50, M|\n|poke|p1|Chien-Pao, L50|\n|poke|p1|Amoonguss, L50, M|\n|poke|p1|Arcanine, L50, M|\n|poke|p1|Ting-Lu, L50|\n|poke|p1|Flutter Mane, L50|\n|poke|p2|Talonflame, L50, M|\n|poke|p2|Flutter Mane, L50|\n|poke|p2|Chi-Yu, L50|\n|poke|p2|Staraptor, L50, M|\n|poke|p2|Dragapult, L50, M|\n|poke|p2|Torkoal, L50, M|\n|teampreview|4\n|inactive|Battle timer is ON: inactive players will automatically lose when time's up. (requested by Sunny_zong)\nZuutokei2 has agreed to open team sheets.\nSunny_zong has agreed to open team sheets.\n|j| ElQuePruebaTimsUwU\n|inactive|Zuutokei2 has 60 seconds left.\n|j| Wyborowa03\n|l| ElQuePruebaTimsUwU\n|inactive|Zuutokei2 has 30 seconds left.\n|c|\u2606Sunny_zong|\u6211\u4e0d\u4f1a\u770b\u4f60\u7684\uff0c\u4f46\u5141\u8bb8\u4f60\u770b\uff0c\u4eab\u53d7\u731c\u62f3\u6e38\u620f\u5427\n|inactive|Zuutokei2 has 20 seconds left.\n|\n|t:|1682602410\n|start\n|switch|p1a: Ting-Lu|Ting-Lu, L50|100\/100\n|switch|p1b: Dragonite|Dragonite, L50, M|100\/100\n|switch|p2a: Staraptor|Staraptor, L50, M|100\/100\n|switch|p2b: Talonflame|Talonflame, L50, M|100\/100\n|-ability|p2a: Staraptor|Intimidate|boost\n|-unboost|p1a: Ting-Lu|atk|1\n|-fail|p1b: Dragonite|unboost|Attack|[from] ability: Inner Focus|[of] p1b: Dragonite\n|-ability|p1a: Ting-Lu|Vessel of Ruin\n|turn|1\n|c|\u2606Sunny_zong|I won't look at you, but allow you to watch and enjoy the guessing game\n|inactive|Zuutokei2 has 30 seconds left.\n|inactive|Zuutokei2 has 20 seconds left.\n|inactive|Zuutokei2 has 15 seconds left.\n|inactive|Zuutokei2 has 10 seconds left.\n|\n|t:|1682602460\n|move|p2a: Staraptor|Protect|p2a: Staraptor\n|-singleturn|p2a: Staraptor|Protect\n|move|p2b: Talonflame|Tailwind|p2b: Talonflame\n|-sidestart|p2: Sunny_zong|move: Tailwind\n|move|p1b: Dragonite|Thunder Punch|p2b: Talonflame\n|-supereffective|p2b: Talonflame\n|-damage|p2b: Talonflame|9\/100\n|move|p1a: Ting-Lu|Ruination|p2b: Talonflame\n|-damage|p2b: Talonflame|5\/100\n|\n|upkeep\n|turn|2\n|inactive|Zuutokei2 has 30 seconds left.\n|\n|t:|1682602495\n|move|p1b: Dragonite|Protect|p1b: Dragonite\n|-singleturn|p1b: Dragonite|Protect\n|move|p2b: Talonflame|Sunny Day|p2b: Talonflame\n|-weather|SunnyDay\n|move|p2a: Staraptor|Final Gambit|p1a: Ting-Lu\n|-damage|p1a: Ting-Lu|20\/100\n|faint|p2a: Staraptor\n|move|p1a: Ting-Lu|Ruination|p2b: Talonflame\n|-damage|p2b: Talonflame|3\/100\n|\n|-weather|SunnyDay|[upkeep]\n|upkeep\n|\n|t:|1682602498\n|switch|p2a: Flutter Mane|Flutter Mane, L50|100\/100\n|-activate|p2a: Flutter Mane|ability: Protosynthesis\n|-start|p2a: Flutter Mane|protosynthesisspa\n|turn|3\n|\n|t:|1682602519\n|-terastallize|p1b: Dragonite|Normal\n|move|p1b: Dragonite|Extreme Speed|p2b: Talonflame\n|-damage|p2b: Talonflame|0 fnt\n|faint|p2b: Talonflame\n|move|p2a: Flutter Mane|Dazzling Gleam|p1b: Dragonite|[spread] p1a,p1b\n|-supereffective|p1a: Ting-Lu\n|-damage|p1a: Ting-Lu|0 fnt\n|-damage|p1b: Dragonite|59\/100\n|faint|p1a: Ting-Lu\n|\n|-weather|SunnyDay|[upkeep]\n|upkeep\n|\n|t:|1682602532\n|switch|p2b: Chi-Yu|Chi-Yu, L50|100\/100\n|switch|p1a: Chien-Pao|Chien-Pao, L50|100\/100\n|-ability|p2b: Chi-Yu|Beads of Ruin\n|-ability|p1a: Chien-Pao|Sword of Ruin\n|turn|4\n|\n|t:|1682602557\n|move|p1b: Dragonite|Extreme Speed|p2b: Chi-Yu\n|-damage|p2b: Chi-Yu|28\/100\n|move|p2a: Flutter Mane|Dazzling Gleam|p1a: Chien-Pao|[spread] p1a,p1b\n|-supereffective|p1a: Chien-Pao\n|-enditem|p1a: Chien-Pao|Focus Sash\n|-damage|p1a: Chien-Pao|1\/100\n|-damage|p1b: Dragonite|0 fnt\n|faint|p1b: Dragonite\n|move|p2b: Chi-Yu|Substitute|p2b: Chi-Yu\n|-start|p2b: Chi-Yu|Substitute\n|-damage|p2b: Chi-Yu|3\/100\n|move|p1a: Chien-Pao|Ice Spinner|p2a: Flutter Mane\n|-damage|p2a: Flutter Mane|2\/100\n|\n|-weather|SunnyDay|[upkeep]\n|-sideend|p2: Sunny_zong|move: Tailwind\n|upkeep\n|\n|t:|1682602573\n|switch|p1b: Flutter Mane|Flutter Mane, L50|100\/100\n|-activate|p1b: Flutter Mane|ability: Protosynthesis\n|-start|p1b: Flutter Mane|protosynthesisspa\n|turn|5\n|\n|t:|1682602586\n|move|p1a: Chien-Pao|Ice Spinner|p2b: Chi-Yu\n|-resisted|p2b: Chi-Yu\n|-end|p2b: Chi-Yu|Substitute\n|move|p1b: Flutter Mane|Dazzling Gleam|p2a: Flutter Mane|[spread] p2a,p2b\n|-damage|p2a: Flutter Mane|0 fnt\n|-damage|p2b: Chi-Yu|0 fnt\n|faint|p2a: Flutter Mane\n|-end|p2a: Flutter Mane|Protosynthesis|[silent]\n|faint|p2b: Chi-Yu\n|\n|win|Zuutokei2\n|raw|Zuutokei2's rating: 1459 → 1473<\/strong> (+14 for winning)\n|raw|Sunny_zong's rating: 1359 → 1345<\/strong> (-14 for losing)\n|l|\u2606Sunny_zong\n|l| Wyborowa03\n","uploadtime":1682602761,"views":15,"p1id":"zuutokei2","p2id":"sunnyzong","formatid":"gen9vgc2023regulationc","rating":1345,"private":0,"password":""}