{"id":"gen9vgc2023regulationc-1857118553","p1":"MatRod","p2":"mike3092","format":"[Gen 9] VGC 2023 Regulation C","log":"|j|\u2606MatRod\n|j|\u2606mike3092\n|t:|1683147642\n|gametype|doubles\n|player|p1|MatRod|veteran|1252\n|player|p2|mike3092|266|1336\n|teamsize|p1|6\n|teamsize|p2|6\n|gen|9\n|tier|[Gen 9] VGC 2023 Regulation C\n|rated|\n|rule|Species Clause: Limit one of each Pok\u00e9mon\n|rule|Item Clause: Limit one of each item\n|clearpoke\n|poke|p1|Indeedee-F, L50, F|\n|poke|p1|Armarouge, L50, F|\n|poke|p1|Sandy Shocks, L50|\n|poke|p1|Flapple, L50, M|\n|poke|p1|Roaring Moon, L50|\n|poke|p1|Murkrow, L50, F|\n|poke|p2|Goodra, L50, F|\n|poke|p2|Flutter Mane, L50|\n|poke|p2|Annihilape, L50, M|\n|poke|p2|Grimmsnarl, L50, M|\n|poke|p2|Chi-Yu, L50|\n|poke|p2|Vaporeon, L50, F|\n|teampreview|4\n|\n|t:|1683147701\n|start\n|switch|p1a: Sandy Shocks|Sandy Shocks, L50, shiny|100\/100\n|switch|p1b: Flapple|Flapple, L50, M|100\/100\n|switch|p2a: Grimmsnarl|Grimmsnarl, L50, M, shiny|100\/100\n|switch|p2b: Annihilape|Annihilape, L50, M, shiny|100\/100\n|turn|1\n|\n|t:|1683147715\n|move|p2b: Annihilape|Protect|p2b: Annihilape\n|-singleturn|p2b: Annihilape|Protect\n|move|p2a: Grimmsnarl|Light Screen|p2a: Grimmsnarl\n|-sidestart|p2: mike3092|move: Light Screen\n|move|p1a: Sandy Shocks|Gravity|p1a: Sandy Shocks\n|-fieldstart|move: Gravity\n|move|p1b: Flapple|Grav Apple|p2a: Grimmsnarl\n|-damage|p2a: Grimmsnarl|0 fnt\n|faint|p2a: Grimmsnarl\n|\n|upkeep\n|\n|t:|1683147730\n|switch|p2a: Flutter Mane|Flutter Mane, L50, shiny|100\/100\n|turn|2\n|\n|t:|1683147754\n|-end|p2a: Flutter Mane|Protosynthesis|[silent]\n|switch|p2a: Goodra|Goodra, L50, F|100\/100\n|-end|p1a: Sandy Shocks|Protosynthesis|[silent]\n|switch|p1a: Murkrow|Murkrow, L50, F|100\/100\n|-terastallize|p1b: Flapple|Fire\n|move|p1b: Flapple|Grav Apple|p2a: Goodra\n|-ability|p2a: Goodra|Sap Sipper|boost\n|-boost|p2a: Goodra|atk|1\n|move|p2b: Annihilape|Bulk Up|p2b: Annihilape\n|-boost|p2b: Annihilape|atk|1\n|-boost|p2b: Annihilape|def|1\n|\n|upkeep\n|turn|3\n|\n|t:|1683147785\n|move|p1b: Flapple|Grav Apple|p2b: Annihilape\n|-damage|p2b: Annihilape|30\/100\n|-unboost|p2b: Annihilape|def|1\n|-ability|p2b: Annihilape|Defiant|boost\n|-boost|p2b: Annihilape|atk|2\n|move|p1a: Murkrow|Foul Play|p2b: Annihilape\n|-damage|p2b: Annihilape|0 fnt\n|faint|p2b: Annihilape\n|move|p2a: Goodra|Muddy Water|p1a: Murkrow|[spread] p1a,p1b\n|-supereffective|p1b: Flapple\n|-damage|p1a: Murkrow|75\/100\n|-damage|p1b: Flapple|21\/100\n|-unboost|p1a: Murkrow|accuracy|1\n|\n|upkeep\n|\n|t:|1683147797\n|switch|p2b: Flutter Mane|Flutter Mane, L50, shiny|100\/100\n|turn|4\n|\n|t:|1683147806\n|move|p2b: Flutter Mane|Protect|p2b: Flutter Mane\n|-singleturn|p2b: Flutter Mane|Protect\n|move|p1a: Murkrow|Tailwind|p1a: Murkrow\n|-sidestart|p1: MatRod|move: Tailwind\n|move|p1b: Flapple|Grav Apple|p2b: Flutter Mane\n|-activate|p2b: Flutter Mane|move: Protect\n|move|p2a: Goodra|Muddy Water|p1b: Flapple|[spread] p1a,p1b\n|-supereffective|p1b: Flapple\n|-damage|p1a: Murkrow|48\/100\n|-damage|p1b: Flapple|0 fnt\n|-unboost|p1a: Murkrow|accuracy|1\n|faint|p1b: Flapple\n|\n|upkeep\n|\n|t:|1683147819\n|switch|p1b: Roaring Moon|Roaring Moon, L50|100\/100\n|-enditem|p1b: Roaring Moon|Booster Energy\n|-activate|p1b: Roaring Moon|ability: Protosynthesis|[fromitem]\n|-start|p1b: Roaring Moon|protosynthesisatk\n|turn|5\n|\n|t:|1683147835\n|-terastallize|p2b: Flutter Mane|Fairy\n|move|p1b: Roaring Moon|Earthquake|p2a: Goodra|[spread] p1a,p2a,p2b\n|-damage|p1a: Murkrow|0 fnt\n|-damage|p2a: Goodra|59\/100\n|-damage|p2b: Flutter Mane|15\/100\n|faint|p1a: Murkrow\n|move|p2b: Flutter Mane|Moonblast|p1b: Roaring Moon\n|-supereffective|p1b: Roaring Moon\n|-damage|p1b: Roaring Moon|0 fnt\n|faint|p1b: Roaring Moon\n|-end|p1b: Roaring Moon|Protosynthesis|[silent]\n|move|p2a: Goodra|Muddy Water|p1: Murkrow|[notarget]\n|-fail|p2a: Goodra\n|\n|-fieldend|move: Gravity\n|upkeep\n|\n|t:|1683147844\n|switch|p1a: Sandy Shocks|Sandy Shocks, L50, shiny|100\/100\n|turn|6\n|\n|t:|1683147878\n|move|p2b: Flutter Mane|Protect|p2b: Flutter Mane\n|-singleturn|p2b: Flutter Mane|Protect\n|move|p1a: Sandy Shocks|Flash Cannon|p2b: Flutter Mane\n|-activate|p2b: Flutter Mane|move: Protect\n|move|p2a: Goodra|Muddy Water|p1a: Sandy Shocks\n|-supereffective|p1a: Sandy Shocks\n|-damage|p1a: Sandy Shocks|28\/100\n|-enditem|p1a: Sandy Shocks|Sitrus Berry|[eat]\n|-heal|p1a: Sandy Shocks|53\/100|[from] item: Sitrus Berry\n|\n|upkeep\n|turn|7\n|\n|t:|1683147892\n|move|p1a: Sandy Shocks|Flash Cannon|p2b: Flutter Mane\n|-supereffective|p2b: Flutter Mane\n|-crit|p2b: Flutter Mane\n|-damage|p2b: Flutter Mane|0 fnt\n|faint|p2b: Flutter Mane\n|-end|p2b: Flutter Mane|Protosynthesis|[silent]\n|move|p2a: Goodra|Muddy Water|p1a: Sandy Shocks\n|-supereffective|p1a: Sandy Shocks\n|-damage|p1a: Sandy Shocks|0 fnt\n|faint|p1a: Sandy Shocks\n|-end|p1a: Sandy Shocks|Protosynthesis|[silent]\n|\n|win|mike3092\n|raw|MatRod's rating: 1252 → 1233<\/strong> (-19 for losing)\n|raw|mike3092's rating: 1336 → 1351<\/strong> (+15 for winning)\n|l|\u2606MatRod\n","uploadtime":1683147903,"views":14,"p1id":"matrod","p2id":"mike3092","formatid":"gen9vgc2023regulationc","rating":1233,"private":0,"password":""}