{"id":"gen9vgc2023regulationc-1845029349","p1":"jrdog","p2":"Calbvgc","format":"[Gen 9] VGC 2023 Regulation C","log":"|j|\u2606jrdog\n|j|\u2606Calbvgc\n|t:|1681675736\n|gametype|doubles\n|player|p1|jrdog|169|1192\n|player|p2|Calbvgc|266|1270\n|teamsize|p1|6\n|teamsize|p2|6\n|gen|9\n|tier|[Gen 9] VGC 2023 Regulation C\n|rated|\n|rule|Species Clause: Limit one of each Pok\u00e9mon\n|rule|Item Clause: Limit one of each item\n|clearpoke\n|poke|p1|Abomasnow, L50, M|\n|poke|p1|Ceruledge, L50, M|\n|poke|p1|Annihilape, L50, M|\n|poke|p1|Indeedee-F, L50, F|\n|poke|p1|Magneton, L50|\n|poke|p1|Gyarados, L50, M|\n|poke|p2|Rotom-Frost, L50|\n|poke|p2|Abomasnow, L50, F|\n|poke|p2|Azumarill, L50, M|\n|poke|p2|Roaring Moon, L50|\n|poke|p2|Gyarados, L50, F|\n|poke|p2|Garganacl, L50, M|\n|teampreview|4\n|inactive|Battle timer is ON: inactive players will automatically lose when time's up. (requested by Calbvgc)\n|\n|t:|1681675780\n|start\n|switch|p1a: Abomasnow|Abomasnow, L50, M, shiny|100\/100\n|switch|p1b: Annihilape|Annihilape, L50, M, shiny|100\/100\n|switch|p2a: Rotom|Rotom-Frost, L50|100\/100\n|switch|p2b: Abomasnow|Abomasnow, L50, F|100\/100\n|-weather|Snow|[from] ability: Snow Warning|[of] p2b: Abomasnow\n|turn|1\n|c|\u2606Calbvgc|Why does everyone have an annihilape??\n|\n|t:|1681675803\n|switch|p2b: Garganacl|Garganacl, L50, M|100\/100\n|move|p1b: Annihilape|Bulk Up|p1b: Annihilape\n|-boost|p1b: Annihilape|atk|1\n|-boost|p1b: Annihilape|def|1\n|move|p2a: Rotom|Blizzard|p1a: Abomasnow|[spread] p1a,p1b\n|-damage|p1a: Abomasnow|61\/100\n|-damage|p1b: Annihilape|68\/100\n|move|p1a: Abomasnow|Aurora Veil|p1a: Abomasnow\n|-sidestart|p1: jrdog|move: Aurora Veil\n|\n|-weather|Snow|[upkeep]\n|-heal|p1b: Annihilape|74\/100|[from] item: Leftovers\n|upkeep\n|turn|2\n|c|\u2606jrdog|oh\n|c|\u2606jrdog|mb\n|c|\u2606jrdog|i just thought i would try it\n|inactive|Calbvgc has 30 seconds left.\n|\n|t:|1681675829\n|-terastallize|p2b: Garganacl|Fairy\n|move|p1b: Annihilape|Protect|p1b: Annihilape\n|-singleturn|p1b: Annihilape|Protect\n|move|p2a: Rotom|Blizzard|p1b: Annihilape|[spread] p1a\n|-activate|p1b: Annihilape|move: Protect\n|-damage|p1a: Abomasnow|34\/100\n|move|p1a: Abomasnow|Leech Seed|p2b: Garganacl\n|-start|p2b: Garganacl|move: Leech Seed\n|move|p2b: Garganacl|Rock Slide|p1b: Annihilape|[spread] p1a\n|-activate|p1b: Annihilape|move: Protect\n|-supereffective|p1a: Abomasnow\n|-damage|p1a: Abomasnow|20\/100\n|\n|-weather|Snow|[upkeep]\n|-heal|p1b: Annihilape|80\/100|[from] item: Leftovers\n|-damage|p2b: Garganacl|88\/100|[from] Leech Seed|[of] p1a: Abomasnow\n|-heal|p1a: Abomasnow|33\/100|[silent]\n|upkeep\n|turn|3\n|inactive|jrdog has 30 seconds left.\n|inactive|Calbvgc has 30 seconds left.\n|c|\u2606Calbvgc|Just played one like the past 5 games lol\n|inactive|Calbvgc has 20 seconds left.\n|\n|t:|1681675867\n|switch|p2b: Abomasnow|Abomasnow, L50, F|100\/100\n|move|p1b: Annihilape|Drain Punch|p2a: Rotom\n|-supereffective|p2a: Rotom\n|-damage|p2a: Rotom|42\/100\n|-heal|p1b: Annihilape|100\/100|[from] drain|[of] p2a: Rotom\n|move|p2a: Rotom|Blizzard|p1a: Abomasnow|[spread] p1a,p1b\n|-damage|p1a: Abomasnow|8\/100\n|-damage|p1b: Annihilape|79\/100\n|move|p1a: Abomasnow|Leech Seed|p2a: Rotom\n|-start|p2a: Rotom|move: Leech Seed\n|\n|-weather|Snow|[upkeep]\n|-heal|p1b: Annihilape|85\/100|[from] item: Leftovers\n|-damage|p2a: Rotom|30\/100|[from] Leech Seed|[of] p1a: Abomasnow\n|-heal|p1a: Abomasnow|18\/100|[silent]\n|upkeep\n|turn|4\n|c|\u2606jrdog|dang\n|inactive|jrdog has 30 seconds left.\n|\n|t:|1681675893\n|move|p1a: Abomasnow|Protect|p1a: Abomasnow\n|-singleturn|p1a: Abomasnow|Protect\n|move|p2b: Abomasnow|Ice Shard|p1a: Abomasnow\n|-activate|p1a: Abomasnow|move: Protect\n|move|p1b: Annihilape|Drain Punch|p2b: Abomasnow\n|-supereffective|p2b: Abomasnow\n|-damage|p2b: Abomasnow|21\/100\n|-heal|p1b: Annihilape|100\/100|[from] drain|[of] p2b: Abomasnow\n|move|p2a: Rotom|Volt Switch|p1a: Abomasnow\n|-activate|p1a: Abomasnow|move: Protect\n|\n|-weather|Snow|[upkeep]\n|-damage|p2a: Rotom|18\/100|[from] Leech Seed|[of] p1a: Abomasnow\n|-heal|p1a: Abomasnow|28\/100|[silent]\n|upkeep\n|turn|5\n|inactive|jrdog has 30 seconds left.\n|\n|t:|1681675922\n|move|p2b: Abomasnow|Ice Shard|p1a: Abomasnow\n|-damage|p1a: Abomasnow|20\/100\n|move|p1b: Annihilape|Rage Fist|p2a: Rotom\n|-damage|p2a: Rotom|0 fnt\n|faint|p2a: Rotom\n|move|p1a: Abomasnow|Icy Wind|p2b: Abomasnow\n|-damage|p2b: Abomasnow|0 fnt\n|faint|p2b: Abomasnow\n|\n|-weather|none\n|upkeep\n|\n|t:|1681675928\n|switch|p2b: Garganacl|Garganacl, L50, M, tera:Fairy|88\/100\n|switch|p2a: Azumarill|Azumarill, L50, M|100\/100\n|turn|6\n|\n|t:|1681675950\n|move|p1a: Abomasnow|Protect|p1a: Abomasnow\n|-singleturn|p1a: Abomasnow|Protect\n|move|p1b: Annihilape|Rage Fist|p2a: Azumarill\n|-damage|p2a: Azumarill|17\/100\n|-enditem|p2a: Azumarill|Sitrus Berry|[eat]\n|-heal|p2a: Azumarill|42\/100|[from] item: Sitrus Berry\n|move|p2a: Azumarill|Belly Drum||[still]\n|-fail|p2a: Azumarill\n|move|p2b: Garganacl|Rock Slide|p1b: Annihilape|[spread] p1b\n|-activate|p1a: Abomasnow|move: Protect\n|-resisted|p1b: Annihilape\n|-damage|p1b: Annihilape|98\/100\n|\n|-heal|p1b: Annihilape|100\/100|[from] item: Leftovers\n|upkeep\n|turn|7\n|inactive|jrdog has 30 seconds left.\n|\n|t:|1681675976\n|switch|p1a: Gyarados|Gyarados, L50, M, shiny|100\/100\n|-ability|p1a: Gyarados|Intimidate|boost\n|-unboost|p2a: Azumarill|atk|1\n|-unboost|p2b: Garganacl|atk|1\n|move|p1b: Annihilape|Bulk Up|p1b: Annihilape\n|-boost|p1b: Annihilape|atk|1\n|-boost|p1b: Annihilape|def|1\n|move|p2a: Azumarill|Play Rough|p1b: Annihilape\n|-supereffective|p1b: Annihilape\n|-damage|p1b: Annihilape|82\/100\n|-unboost|p1b: Annihilape|atk|1\n|-ability|p1b: Annihilape|Defiant|boost\n|-boost|p1b: Annihilape|atk|2\n|move|p2b: Garganacl|Tera Blast|p1b: Annihilape\n|-supereffective|p1b: Annihilape\n|-damage|p1b: Annihilape|72\/100\n|\n|-heal|p1b: Annihilape|78\/100|[from] item: Leftovers\n|upkeep\n|turn|8\n|c|\u2606Calbvgc|Gg\n|c|\u2606jrdog|gg\n|c|\u2606Calbvgc|Have fun with the monke\n|inactive|jrdog has 30 seconds left.\n|inactive|Calbvgc has 30 seconds left.\n|\n|t:|1681676004\n|move|p1b: Annihilape|Rage Fist|p2b: Garganacl\n|-damage|p2b: Garganacl|0 fnt\n|faint|p2b: Garganacl\n|move|p1a: Gyarados|Waterfall|p2a: Azumarill\n|-resisted|p2a: Azumarill\n|-damage|p2a: Azumarill|24\/100\n|move|p2a: Azumarill|Play Rough|p1b: Annihilape\n|-supereffective|p1b: Annihilape\n|-crit|p1b: Annihilape\n|-damage|p1b: Annihilape|0 fnt\n|faint|p1b: Annihilape\n|\n|-sideend|p1: jrdog|move: Aurora Veil\n|upkeep\n|c|\u2606jrdog|ty\n|c|\u2606jrdog|ooooh\n|\n|t:|1681676016\n|switch|p1b: Abomasnow|Abomasnow, L50, M, shiny|20\/100\n|-weather|Snow|[from] ability: Snow Warning|[of] p1b: Abomasnow\n|turn|9\n|c|\u2606Calbvgc|Yooooo\n|c|\u2606jrdog|dam\n|c|\u2606Calbvgc|got \u2018em lol\n|\n|t:|1681676038\n|move|p2a: Azumarill|Aqua Jet|p1b: Abomasnow\n|-resisted|p1b: Abomasnow\n|-damage|p1b: Abomasnow|15\/100\n|move|p1a: Gyarados|Thunder Wave|p2a: Azumarill\n|-status|p2a: Azumarill|par\n|move|p1b: Abomasnow|Aurora Veil|p1b: Abomasnow\n|-sidestart|p1: jrdog|move: Aurora Veil\n|\n|-weather|Snow|[upkeep]\n|upkeep\n|turn|10\n|\n|t:|1681676049\n|move|p1a: Gyarados|Waterfall|p2a: Azumarill\n|-resisted|p2a: Azumarill\n|-damage|p2a: Azumarill|8\/100 par\n|move|p1b: Abomasnow|Leech Seed|p2a: Azumarill\n|-start|p2a: Azumarill|move: Leech Seed\n|move|p2a: Azumarill|Play Rough|p1b: Abomasnow\n|-damage|p1b: Abomasnow|0 fnt\n|faint|p1b: Abomasnow\n|\n|-weather|Snow|[upkeep]\n|upkeep\n|\n|t:|1681676056\n|switch|p1b: Magneton|Magneton, L50, shiny|100\/100\n|turn|11\n|c|\u2606jrdog|gg\n|c|\u2606Calbvgc|Azu popping off.\n|c|\u2606Calbvgc|gg\n|inactive|Calbvgc has 30 seconds left.\n|c|\u2606Calbvgc|wp\n|\n|t:|1681676085\n|move|p1a: Gyarados|Helping Hand|p1b: Magneton\n|-singleturn|p1b: Magneton|Helping Hand|[of] p1a: Gyarados\n|move|p2a: Azumarill|Aqua Jet|p1b: Magneton\n|-damage|p1b: Magneton|92\/100\n|move|p1b: Magneton|Electroweb|p2a: Azumarill\n|-supereffective|p2a: Azumarill\n|-damage|p2a: Azumarill|0 fnt\n|faint|p2a: Azumarill\n|\n|win|jrdog\n|raw|jrdog's rating: 1192 → 1223<\/strong> (+31 for winning)\n|raw|Calbvgc's rating: 1270 → 1239<\/strong> (-31 for losing)\n|c|\u2606jrdog|ty\n|l|\u2606Calbvgc\n","uploadtime":1681676103,"views":7,"p1id":"jrdog","p2id":"calbvgc","formatid":"gen9vgc2023regulationc","rating":1223,"private":0,"password":""}