{"id":"gen9vgc2023regulationc-1855947943","p1":"Schymimanim","p2":"Mait27","format":"[Gen 9] VGC 2023 Regulation C","log":"|j|\u2606Schymimanim\n|j|\u2606Mait27\n|t:|1683005328\n|gametype|doubles\n|player|p1|Schymimanim|skyla|1079\n|player|p2|Mait27|102|1110\n|teamsize|p1|6\n|teamsize|p2|6\n|gen|9\n|tier|[Gen 9] VGC 2023 Regulation C\n|rated|\n|rule|Species Clause: Limit one of each Pok\u00e9mon\n|rule|Item Clause: Limit one of each item\n|clearpoke\n|poke|p1|Arcanine, L50, M|\n|poke|p1|Ting-Lu, L50|\n|poke|p1|Amoonguss, L50, F|\n|poke|p1|Palafin, L50, F|\n|poke|p1|Dragonite, L50, F|\n|poke|p1|Gholdengo, L50|\n|poke|p2|Klawf, L50, M|\n|poke|p2|Grimmsnarl, L50, M|\n|poke|p2|Arcanine, L50, F|\n|poke|p2|Wo-Chien, L50|\n|poke|p2|Mimikyu, L50, F|\n|poke|p2|Iron Bundle, L50|\n|teampreview|4\n|inactive|Battle timer is ON: inactive players will automatically lose when time's up. (requested by Mait27)\n|\n|t:|1683005394\n|start\n|switch|p1a: Ting-Lu|Ting-Lu, L50|100\/100\n|switch|p1b: Palafin|Palafin, L50, F|100\/100\n|switch|p2a: Arcanine|Arcanine, L50, F|100\/100\n|switch|p2b: Iron Bundle|Iron Bundle, L50|100\/100\n|-ability|p2a: Arcanine|Intimidate|boost\n|-unboost|p1a: Ting-Lu|atk|1\n|-unboost|p1b: Palafin|atk|1\n|-ability|p1a: Ting-Lu|Vessel of Ruin\n|-enditem|p2b: Iron Bundle|Booster Energy\n|-activate|p2b: Iron Bundle|ability: Quark Drive|[fromitem]\n|-start|p2b: Iron Bundle|quarkdrivespe\n|turn|1\n|inactive|Schymimanim has 30 seconds left.\n|inactive|Mait27 has 30 seconds left.\n|inactive|Schymimanim has 20 seconds left.\n|inactive|Schymimanim has 15 seconds left.\n|inactive|Schymimanim has 10 seconds left.\n|inactive|Schymimanim has 5 seconds left.\n|\n|t:|1683005446\n|detailschange|p1b: Palafin|Palafin-Hero, L50, F\n|switch|p1b: Dragonite|Dragonite, L50, F|100\/100\n|move|p2b: Iron Bundle|Hydro Pump|p1b: Dragonite\n|-resisted|p1b: Dragonite\n|-damage|p1b: Dragonite|83\/100\n|move|p2a: Arcanine|Will-O-Wisp|p1a: Ting-Lu\n|-status|p1a: Ting-Lu|brn\n|move|p1a: Ting-Lu|Ruination|p2b: Iron Bundle\n|-damage|p2b: Iron Bundle|51\/100\n|\n|-damage|p1a: Ting-Lu|94\/100 brn|[from] brn\n|upkeep\n|turn|2\n|inactive|Schymimanim has 30 seconds left.\n|\n|t:|1683005475\n|-terastallize|p1b: Dragonite|Normal\n|move|p1b: Dragonite|Extreme Speed|p2b: Iron Bundle\n|-damage|p2b: Iron Bundle|0 fnt\n|faint|p2b: Iron Bundle\n|-end|p2b: Iron Bundle|Quark Drive|[silent]\n|move|p2a: Arcanine|Will-O-Wisp|p1b: Dragonite\n|-status|p1b: Dragonite|brn\n|-enditem|p1b: Dragonite|Lum Berry|[eat]\n|-curestatus|p1b: Dragonite|brn|[msg]\n|move|p1a: Ting-Lu|Fissure|p2a: Arcanine|[miss]\n|-miss|p1a: Ting-Lu|p2a: Arcanine\n|\n|-damage|p1a: Ting-Lu|88\/100 brn|[from] brn\n|upkeep\n|\n|t:|1683005494\n|switch|p2b: Klawf|Klawf, L50, M|100\/100\n|turn|3\n|\n|t:|1683005516\n|move|p2b: Klawf|Swords Dance|p2b: Klawf\n|-boost|p2b: Klawf|atk|2\n|move|p2a: Arcanine|Will-O-Wisp|p1b: Dragonite\n|-status|p1b: Dragonite|brn\n|move|p1b: Dragonite|Dragon Dance|p1b: Dragonite\n|-boost|p1b: Dragonite|atk|1\n|-boost|p1b: Dragonite|spe|1\n|move|p1a: Ting-Lu|Ruination|p2b: Klawf\n|-damage|p2b: Klawf|51\/100\n|\n|-damage|p1b: Dragonite|77\/100 brn|[from] brn\n|-damage|p1a: Ting-Lu|82\/100 brn|[from] brn\n|upkeep\n|turn|4\n|inactive|Mait27 has 30 seconds left.\n|\n|t:|1683005548\n|move|p1b: Dragonite|Extreme Speed|p2b: Klawf\n|-resisted|p2b: Klawf\n|-damage|p2b: Klawf|34\/100\n|-ability|p2b: Klawf|Anger Shell|boost\n|-boost|p2b: Klawf|atk|1\n|-boost|p2b: Klawf|spa|1\n|-boost|p2b: Klawf|spe|1\n|-unboost|p2b: Klawf|def|1\n|-unboost|p2b: Klawf|spd|1\n|move|p2b: Klawf|Crabhammer|p1b: Dragonite\n|-crit|p1b: Dragonite\n|-damage|p1b: Dragonite|0 fnt\n|faint|p1b: Dragonite\n|move|p2a: Arcanine|Howl|p2a: Arcanine|[spread] p2a,p2b\n|-boost|p2a: Arcanine|atk|1\n|-boost|p2b: Klawf|atk|1\n|move|p1a: Ting-Lu|Earthquake|p2b: Klawf|[spread] p2a,p2b\n|-supereffective|p2a: Arcanine\n|-supereffective|p2b: Klawf\n|-damage|p2a: Arcanine|81\/100\n|-damage|p2b: Klawf|5\/100\n|\n|-damage|p1a: Ting-Lu|76\/100 brn|[from] brn\n|upkeep\n|inactive|Schymimanim has 30 seconds left.\n|\n|t:|1683005575\n|switch|p1b: Gholdengo|Gholdengo, L50|100\/100\n|turn|5\n|\n|t:|1683005588\n|move|p2b: Klawf|Crabhammer|p1a: Ting-Lu\n|-supereffective|p1a: Ting-Lu\n|-damage|p1a: Ting-Lu|0 fnt\n|faint|p1a: Ting-Lu\n|move|p1b: Gholdengo|Make It Rain|p2a: Arcanine|[spread] p2a,p2b\n|-resisted|p2a: Arcanine\n|-supereffective|p2b: Klawf\n|-damage|p2a: Arcanine|56\/100\n|-damage|p2b: Klawf|0 fnt\n|-unboost|p1b: Gholdengo|spa|1\n|faint|p2b: Klawf\n|move|p2a: Arcanine|Flare Blitz|p1b: Gholdengo\n|-supereffective|p1b: Gholdengo\n|-damage|p1b: Gholdengo|0 fnt\n|faint|p1b: Gholdengo\n|-damage|p2a: Arcanine|29\/100|[from] Recoil\n|\n|upkeep\n|\n|t:|1683005606\n|switch|p2b: Wo-Chien|Wo-Chien, L50|100\/100\n|switch|p1b: Palafin|Palafin-Hero, L50, F|100\/100\n|-activate|p1b: Palafin|ability: Zero to Hero\n|-ability|p2b: Wo-Chien|Tablets of Ruin\n|turn|6\n|\n|t:|1683005624\n|move|p1b: Palafin|Wave Crash|p2a: Arcanine\n|-supereffective|p2a: Arcanine\n|-damage|p2a: Arcanine|0 fnt\n|faint|p2a: Arcanine\n|-damage|p1b: Palafin|92\/100|[from] Recoil\n|move|p2b: Wo-Chien|Leech Seed|p2: Arcanine|[notarget]\n|-fail|p2b: Wo-Chien\n|\n|-heal|p1b: Palafin|98\/100|[from] item: Leftovers\n|upkeep\n|turn|7\n|\n|t:|1683005643\n|move|p1b: Palafin|Bulk Up|p1b: Palafin\n|-boost|p1b: Palafin|atk|1\n|-boost|p1b: Palafin|def|1\n|move|p2b: Wo-Chien|Leech Seed|p1b: Palafin\n|-start|p1b: Palafin|move: Leech Seed\n|\n|-heal|p1b: Palafin|100\/100|[from] item: Leftovers\n|-damage|p1b: Palafin|88\/100|[from] Leech Seed|[of] p2b: Wo-Chien\n|upkeep\n|turn|8\n|\n|t:|1683005653\n|move|p1b: Palafin|Bulk Up|p1b: Palafin\n|-boost|p1b: Palafin|atk|1\n|-boost|p1b: Palafin|def|1\n|move|p2b: Wo-Chien|Giga Drain|p1b: Palafin\n|-supereffective|p1b: Palafin\n|-damage|p1b: Palafin|39\/100\n|\n|-heal|p1b: Palafin|45\/100|[from] item: Leftovers\n|-damage|p1b: Palafin|33\/100|[from] Leech Seed|[of] p2b: Wo-Chien\n|upkeep\n|turn|9\n|\n|t:|1683005666\n|move|p1b: Palafin|Wave Crash|p2b: Wo-Chien\n|-resisted|p2b: Wo-Chien\n|-damage|p2b: Wo-Chien|40\/100\n|-damage|p1b: Palafin|15\/100|[from] Recoil\n|move|p2b: Wo-Chien|Giga Drain|p1b: Palafin\n|-supereffective|p1b: Palafin\n|-damage|p1b: Palafin|0 fnt\n|-heal|p2b: Wo-Chien|48\/100|[from] drain|[of] p1b: Palafin\n|faint|p1b: Palafin\n|\n|win|Mait27\n|raw|Schymimanim's rating: 1079 → 1059<\/strong> (-20 for losing)\n|raw|Mait27's rating: 1110 → 1133<\/strong> (+23 for winning)\n|l|\u2606Schymimanim\n","uploadtime":1683005680,"views":14,"p1id":"schymimanim","p2id":"mait27","formatid":"gen9vgc2023regulationc","rating":1059,"private":0,"password":""}