{"id":"gen9vgc2023regulationc-1846254577","p1":"Doomtheboomkin","p2":"Lazy92","format":"[Gen 9] VGC 2023 Regulation C","log":"|j|\u2606Doomtheboomkin\n|j|\u2606Lazy92\n|t:|1681825852\n|gametype|doubles\n|player|p1|Doomtheboomkin|shadowtriad|1242\n|player|p2|Lazy92|265|1178\n|teamsize|p1|6\n|teamsize|p2|6\n|gen|9\n|tier|[Gen 9] VGC 2023 Regulation C\n|rated|\n|rule|Species Clause: Limit one of each Pok\u00e9mon\n|rule|Item Clause: Limit one of each item\n|clearpoke\n|poke|p1|Chien-Pao, L50|\n|poke|p1|Dragonite, L50, M|\n|poke|p1|Ting-Lu, L50|\n|poke|p1|Palafin, L50, F|\n|poke|p1|Iron Hands, L50|\n|poke|p1|Amoonguss, L50, M|\n|poke|p2|Amoonguss, L50, M|\n|poke|p2|Chi-Yu, L50|\n|poke|p2|Iron Bundle, L50|\n|poke|p2|Garchomp, L50, F|\n|poke|p2|Iron Hands, L50|\n|poke|p2|Rotom-Wash, L50|\n|teampreview|4\n|inactive|Battle timer is ON: inactive players will automatically lose when time's up. (requested by Doomtheboomkin)\nLazy92 has agreed to open team sheets.\n|inactive|Doomtheboomkin has 60 seconds left.\n|\n|t:|1681825892\n|start\n|switch|p1a: Chien-Pao|Chien-Pao, L50|100\/100\n|switch|p1b: Iron Hands|Iron Hands, L50|100\/100\n|switch|p2a: Chi-Yu|Chi-Yu, L50|100\/100\n|switch|p2b: Iron Bundle|Iron Bundle, L50|100\/100\n|-ability|p1a: Chien-Pao|Sword of Ruin\n|-ability|p2a: Chi-Yu|Beads of Ruin\n|-enditem|p2b: Iron Bundle|Booster Energy\n|-activate|p2b: Iron Bundle|ability: Quark Drive|[fromitem]\n|-start|p2b: Iron Bundle|quarkdrivespe\n|turn|1\n|\n|t:|1681825912\n|switch|p2a: Iron Hands|Iron Hands, L50|100\/100\n|move|p2b: Iron Bundle|Protect|p2b: Iron Bundle\n|-singleturn|p2b: Iron Bundle|Protect\n|move|p1b: Iron Hands|Fake Out|p2b: Iron Bundle\n|-activate|p2b: Iron Bundle|move: Protect\n|move|p1a: Chien-Pao|Sacred Sword|p2a: Iron Hands\n|-damage|p2a: Iron Hands|74\/100\n|\n|upkeep\n|turn|2\n|\n|t:|1681825928\n|move|p1a: Chien-Pao|Protect|p1a: Chien-Pao\n|-singleturn|p1a: Chien-Pao|Protect\n|move|p2a: Iron Hands|Fake Out|p1b: Iron Hands\n|-damage|p1b: Iron Hands|89\/100\n|move|p2b: Iron Bundle|Icy Wind|p1b: Iron Hands|[spread] p1b\n|-activate|p1a: Chien-Pao|move: Protect\n|-damage|p1b: Iron Hands|73\/100\n|-unboost|p1b: Iron Hands|spe|1\n|cant|p1b: Iron Hands|flinch\n|\n|upkeep\n|turn|3\n|inactive|Doomtheboomkin has 30 seconds left.\n|\n|t:|1681825954\n|switch|p1a: Amoonguss|Amoonguss, L50, M|100\/100\n|move|p2b: Iron Bundle|Icy Wind|p1b: Iron Hands|[spread] p1a,p1b\n|-supereffective|p1a: Amoonguss\n|-damage|p1a: Amoonguss|64\/100\n|-damage|p1b: Iron Hands|57\/100\n|-unboost|p1a: Amoonguss|spe|1\n|-unboost|p1b: Iron Hands|spe|1\n|move|p2a: Iron Hands|Drain Punch|p1a: Amoonguss\n|-resisted|p1a: Amoonguss\n|-damage|p1a: Amoonguss|49\/100\n|-heal|p2a: Iron Hands|81\/100|[from] drain|[of] p1a: Amoonguss\n|move|p1b: Iron Hands|Drain Punch|p2b: Iron Bundle\n|-supereffective|p2b: Iron Bundle\n|-damage|p2b: Iron Bundle|0 fnt\n|-heal|p1b: Iron Hands|85\/100|[from] drain|[of] p2b: Iron Bundle\n|faint|p2b: Iron Bundle\n|-end|p2b: Iron Bundle|Quark Drive|[silent]\n|\n|upkeep\n|\n|t:|1681825973\n|switch|p2b: Chi-Yu|Chi-Yu, L50|100\/100\n|-ability|p2b: Chi-Yu|Beads of Ruin\n|turn|4\n|\n|t:|1681825988\n|-terastallize|p2b: Chi-Yu|Grass\n|move|p1a: Amoonguss|Protect|p1a: Amoonguss\n|-singleturn|p1a: Amoonguss|Protect\n|move|p2b: Chi-Yu|Heat Wave|p1b: Iron Hands|[spread] p1b\n|-activate|p1a: Amoonguss|move: Protect\n|-damage|p1b: Iron Hands|16\/100\n|-status|p1b: Iron Hands|brn\n|-enditem|p1b: Iron Hands|Sitrus Berry|[eat]\n|-heal|p1b: Iron Hands|41\/100 brn|[from] item: Sitrus Berry\n|move|p2a: Iron Hands|Volt Switch|p1b: Iron Hands\n|-resisted|p1b: Iron Hands\n|-damage|p1b: Iron Hands|34\/100 brn\n|\n|t:|1681826001\n|-end|p2a: Iron Hands|Quark Drive|[silent]\n|switch|p2a: Rotom|Rotom-Wash, L50|100\/100|[from] Volt Switch\n|move|p1b: Iron Hands|Drain Punch|p2b: Chi-Yu\n|-damage|p2b: Chi-Yu|67\/100\n|-heal|p1b: Iron Hands|43\/100 brn|[from] drain|[of] p2b: Chi-Yu\n|\n|-damage|p1b: Iron Hands|37\/100 brn|[from] brn\n|upkeep\n|turn|5\n|\n|t:|1681826017\n|switch|p1a: Ting-Lu|Ting-Lu, L50|100\/100\n|-ability|p1a: Ting-Lu|Vessel of Ruin\n|move|p2b: Chi-Yu|Heat Wave|p1b: Iron Hands|[spread] p1a,p1b\n|-damage|p1a: Ting-Lu|70\/100\n|-damage|p1b: Iron Hands|0 fnt\n|faint|p1b: Iron Hands\n|-end|p1b: Iron Hands|Quark Drive|[silent]\n|move|p2a: Rotom|Volt Switch|p1a: Ting-Lu\n|-immune|p1a: Ting-Lu\n|\n|upkeep\n|\n|t:|1681826029\n|switch|p1b: Chien-Pao|Chien-Pao, L50|100\/100\n|-ability|p1b: Chien-Pao|Sword of Ruin\n|turn|6\n|\n|t:|1681826045\n|switch|p2b: Iron Hands|Iron Hands, L50|81\/100\n|move|p1b: Chien-Pao|Ice Spinner|p2b: Iron Hands\n|-damage|p2b: Iron Hands|46\/100\n|move|p2a: Rotom|Will-O-Wisp|p1b: Chien-Pao\n|-status|p1b: Chien-Pao|brn\n|move|p1a: Ting-Lu|Throat Chop|p2a: Rotom\n|-crit|p2a: Rotom\n|-damage|p2a: Rotom|20\/100\n|-start|p2a: Rotom|Throat Chop|[silent]\n|\n|-heal|p2a: Rotom|25\/100|[from] item: Leftovers\n|-damage|p1b: Chien-Pao|95\/100 brn|[from] brn\n|upkeep\n|turn|7\n|\n|t:|1681826069\n|move|p1b: Chien-Pao|Protect|p1b: Chien-Pao\n|-singleturn|p1b: Chien-Pao|Protect\n|move|p2a: Rotom|Hydro Pump|p1a: Ting-Lu\n|-supereffective|p1a: Ting-Lu\n|-damage|p1a: Ting-Lu|38\/100\n|move|p2b: Iron Hands|Drain Punch|p1a: Ting-Lu\n|-supereffective|p1a: Ting-Lu\n|-damage|p1a: Ting-Lu|0 fnt\n|-heal|p2b: Iron Hands|63\/100|[from] drain|[of] p1a: Ting-Lu\n|faint|p1a: Ting-Lu\n|\n|-heal|p2a: Rotom|31\/100|[from] item: Leftovers\n|-damage|p1b: Chien-Pao|89\/100 brn|[from] brn\n|-end|p2a: Rotom|Throat Chop|[silent]\n|upkeep\n|\n|t:|1681826084\n|switch|p1a: Amoonguss|Amoonguss, L50, M|82\/100\n|turn|8\n|\n|t:|1681826095\n|move|p1b: Chien-Pao|Ice Spinner|p2b: Iron Hands\n|-damage|p2b: Iron Hands|47\/100\n|move|p2a: Rotom|Volt Switch|p1b: Chien-Pao\n|-damage|p1b: Chien-Pao|36\/100 brn\n|\n|t:|1681826106\n|switch|p2a: Chi-Yu|Chi-Yu, L50, tera:Grass|67\/100|[from] Volt Switch\n|-ability|p2a: Chi-Yu|Beads of Ruin\n|move|p2b: Iron Hands|Drain Punch|p1b: Chien-Pao\n|-supereffective|p1b: Chien-Pao\n|-damage|p1b: Chien-Pao|0 fnt\n|-heal|p2b: Iron Hands|58\/100|[from] drain|[of] p1b: Chien-Pao\n|faint|p1b: Chien-Pao\n|move|p1a: Amoonguss|Spore|p2b: Iron Hands\n|-status|p2b: Iron Hands|slp|[from] move: Spore\n|\n|upkeep\n|turn|9\n|-message|Doomtheboomkin forfeited.\n|\n|win|Lazy92\n|raw|Doomtheboomkin's rating: 1242 → 1212<\/strong> (-30 for losing)\n|raw|Lazy92's rating: 1178 → 1208<\/strong> (+30 for winning)\n|l|\u2606Doomtheboomkin\n","uploadtime":1681826138,"views":7,"p1id":"doomtheboomkin","p2id":"lazy92","formatid":"gen9vgc2023regulationc","rating":1208,"private":0,"password":""}