{"id":"gen9vgc2023regulationc-1853383186","p1":"Feming0","p2":"tommopokemon","format":"[Gen 9] VGC 2023 Regulation C","log":"|j|\u2606Feming0\n|j|\u2606tommopokemon\n|t:|1682677816\n|gametype|doubles\n|player|p1|Feming0|iris-gen5bw2|1064\n|player|p2|tommopokemon|101|1095\n|teamsize|p1|6\n|teamsize|p2|6\n|gen|9\n|tier|[Gen 9] VGC 2023 Regulation C\n|rated|\n|rule|Species Clause: Limit one of each Pok\u00e9mon\n|rule|Item Clause: Limit one of each item\n|clearpoke\n|poke|p1|Tinkaton, L50, F|\n|poke|p1|Azumarill, L50, F|\n|poke|p1|Arcanine, L50, F|\n|poke|p1|Flutter Mane, L50|\n|poke|p1|Palafin, L50, M|\n|poke|p1|Amoonguss, L50, F|\n|poke|p2|Scream Tail, L50|\n|poke|p2|Palafin, L50, M|\n|poke|p2|Gothitelle, L50, M|\n|poke|p2|Flutter Mane, L50|\n|poke|p2|Chi-Yu, L50|\n|poke|p2|Wo-Chien, L50|\n|teampreview|4\n|inactive|Battle timer is ON: inactive players will automatically lose when time's up. (requested by tommopokemon)\n|inactive|Feming0 has 60 seconds left.\n|\n|t:|1682677849\n|start\n|switch|p1a: Tinkaton|Tinkaton, L50, F|100\/100\n|switch|p1b: Arcanine|Arcanine, L50, F|100\/100\n|switch|p2a: Flutter Mane|Flutter Mane, L50|100\/100\n|switch|p2b: Palafin|Palafin, L50, M|100\/100\n|-ability|p1b: Arcanine|Intimidate|boost\n|-unboost|p2a: Flutter Mane|atk|1\n|-unboost|p2b: Palafin|atk|1\n|turn|1\n|\n|t:|1682677864\n|detailschange|p2b: Palafin|Palafin-Hero, L50, M\n|switch|p2b: Gothitelle|Gothitelle, L50, M|100\/100\n|move|p2a: Flutter Mane|Perish Song|p2a: Flutter Mane\n|-start|p1a: Tinkaton|perish3|[silent]\n|-start|p1b: Arcanine|perish3|[silent]\n|-start|p2a: Flutter Mane|perish3|[silent]\n|-start|p2b: Gothitelle|perish3|[silent]\n|-fieldactivate|move: Perish Song\n|move|p1a: Tinkaton|Skill Swap|p2b: Gothitelle\n|-activate|p1a: Tinkaton|move: Skill Swap|Shadow Tag|Own Tempo|[of] p2b: Gothitelle\n|move|p1b: Arcanine|Will-O-Wisp|p2a: Flutter Mane\n|-status|p2a: Flutter Mane|brn\n|\n|-damage|p2a: Flutter Mane|94\/100 brn|[from] brn\n|-start|p2a: Flutter Mane|perish3\n|-start|p1a: Tinkaton|perish3\n|-start|p1b: Arcanine|perish3\n|-start|p2b: Gothitelle|perish3\n|upkeep\n|turn|2\n|inactive|tommopokemon has 30 seconds left.\n|c|\u2606tommopokemon|genius!\n|inactive|tommopokemon has 20 seconds left.\n|inactive|tommopokemon has 15 seconds left.\n|inactive|tommopokemon has 10 seconds left.\n|\n|t:|1682677910\n|move|p1a: Tinkaton|Protect|p1a: Tinkaton\n|-singleturn|p1a: Tinkaton|Protect\n|move|p2b: Gothitelle|Fake Out|p1a: Tinkaton\n|-activate|p1a: Tinkaton|move: Protect\n|move|p2a: Flutter Mane|Shadow Ball|p1a: Tinkaton\n|-activate|p1a: Tinkaton|move: Protect\n|move|p1b: Arcanine|Will-O-Wisp|p2b: Gothitelle\n|-status|p2b: Gothitelle|brn\n|\n|-damage|p2a: Flutter Mane|88\/100 brn|[from] brn\n|-damage|p2b: Gothitelle|95\/100 brn|[from] brn\n|-start|p2a: Flutter Mane|perish2\n|-start|p1a: Tinkaton|perish2\n|-start|p1b: Arcanine|perish2\n|-start|p2b: Gothitelle|perish2\n|upkeep\n|turn|3\n|inactive|Feming0 has 30 seconds left.\n|\n|t:|1682677936\n|-end|p2a: Flutter Mane|Protosynthesis|[silent]\n|switch|p2a: Scream Tail|Scream Tail, L50|100\/100\n|-enditem|p2a: Scream Tail|Booster Energy\n|-activate|p2a: Scream Tail|ability: Protosynthesis|[fromitem]\n|-start|p2a: Scream Tail|protosynthesisspe\n|move|p1b: Arcanine|Extreme Speed|p2b: Gothitelle\n|-damage|p2b: Gothitelle|69\/100 brn\n|move|p1a: Tinkaton|Gigaton Hammer|p2a: Scream Tail\n|-supereffective|p2a: Scream Tail\n|-damage|p2a: Scream Tail|2\/100\n|move|p2b: Gothitelle|Heal Pulse|p2a: Scream Tail\n|-heal|p2a: Scream Tail|52\/100\n|\n|-damage|p2b: Gothitelle|63\/100 brn|[from] brn\n|-start|p1a: Tinkaton|perish1\n|-start|p1b: Arcanine|perish1\n|-start|p2b: Gothitelle|perish1\n|upkeep\n|turn|4\n|\n|t:|1682677957\n|switch|p1a: Palafin|Palafin, L50, M|100\/100\n|switch|p1b: Flutter Mane|Flutter Mane, L50|100\/100\n|move|p2a: Scream Tail|Reflect|p2a: Scream Tail\n|-sidestart|p2: tommopokemon|Reflect\n|move|p2b: Gothitelle|Heal Pulse|p2a: Scream Tail\n|-heal|p2a: Scream Tail|100\/100\n|\n|-damage|p2b: Gothitelle|57\/100 brn|[from] brn\n|-start|p2b: Gothitelle|perish0\n|faint|p2b: Gothitelle\n|upkeep\n|\n|t:|1682677970\n|switch|p2b: Palafin|Palafin-Hero, L50, M|100\/100\n|-activate|p2b: Palafin|ability: Zero to Hero\n|turn|5\n|\n|t:|1682677981\n|detailschange|p1a: Palafin|Palafin-Hero, L50, M\n|switch|p1a: Tinkaton|Tinkaton, L50, F|100\/100\n|-terastallize|p2b: Palafin|Water\n|move|p1b: Flutter Mane|Protect|p1b: Flutter Mane\n|-singleturn|p1b: Flutter Mane|Protect\n|move|p2a: Scream Tail|Light Screen|p2a: Scream Tail\n|-sidestart|p2: tommopokemon|move: Light Screen\n|move|p2b: Palafin|Wave Crash|p1a: Tinkaton\n|-damage|p1a: Tinkaton|0 fnt\n|faint|p1a: Tinkaton\n|-damage|p2b: Palafin|70\/100|[from] Recoil\n|\n|upkeep\n|\n|t:|1682677993\n|switch|p1a: Arcanine|Arcanine, L50, F|100\/100\n|-ability|p1a: Arcanine|Intimidate|boost\n|-unboost|p2a: Scream Tail|atk|1\n|-unboost|p2b: Palafin|atk|1\n|turn|6\n|\n|t:|1682678000\n|-terastallize|p1a: Arcanine|Water\n|move|p2a: Scream Tail|Encore|p1b: Flutter Mane\n|-start|p1b: Flutter Mane|Encore\n|move|p1b: Flutter Mane|Protect||[still]\n|-fail|p1b: Flutter Mane\n|move|p1a: Arcanine|Will-O-Wisp|p2b: Palafin\n|-status|p2b: Palafin|brn\n|move|p2b: Palafin|Wave Crash|p1a: Arcanine\n|-resisted|p1a: Arcanine\n|-damage|p1a: Arcanine|78\/100\n|-damage|p2b: Palafin|63\/100 brn|[from] Recoil\n|\n|-damage|p2b: Palafin|57\/100 brn|[from] brn\n|upkeep\n|turn|7\n|\n|t:|1682678019\n|switch|p1a: Palafin|Palafin-Hero, L50, M|100\/100\n|-activate|p1a: Palafin|ability: Zero to Hero\n|move|p1b: Flutter Mane|Protect|p1b: Flutter Mane\n|-singleturn|p1b: Flutter Mane|Protect\n|move|p2a: Scream Tail|Encore||[still]\n|-fail|p2a: Scream Tail\n|move|p2b: Palafin|Wave Crash|p1b: Flutter Mane\n|-activate|p1b: Flutter Mane|move: Protect\n|\n|-damage|p2b: Palafin|51\/100 brn|[from] brn\n|upkeep\n|turn|8\n|\n|t:|1682678033\n|-end|p1b: Flutter Mane|Protosynthesis|[silent]\n|switch|p1b: Arcanine|Arcanine, L50, F, tera:Water|78\/100\n|-ability|p1b: Arcanine|Intimidate|boost\n|-unboost|p2a: Scream Tail|atk|1\n|-unboost|p2b: Palafin|atk|1\n|move|p2a: Scream Tail|Disable||[still]\n|-fail|p2a: Scream Tail\n|move|p1a: Palafin|Wave Crash|p2a: Scream Tail\n|-damage|p2a: Scream Tail|49\/100\n|-damage|p1a: Palafin|85\/100|[from] Recoil\n|move|p2b: Palafin|Wave Crash|p1b: Arcanine\n|-resisted|p1b: Arcanine\n|-damage|p1b: Arcanine|62\/100\n|-damage|p2b: Palafin|46\/100 brn|[from] Recoil\n|\n|-damage|p2b: Palafin|40\/100 brn|[from] brn\n|-sideend|p2: tommopokemon|Reflect\n|upkeep\n|turn|9\n|\n|t:|1682678050\n|switch|p2b: Flutter Mane|Flutter Mane, L50|88\/100 brn\n|move|p1b: Arcanine|Protect|p1b: Arcanine\n|-singleturn|p1b: Arcanine|Protect\n|move|p2a: Scream Tail|Disable|p1a: Palafin\n|-start|p1a: Palafin|Disable|Wave Crash\n|cant|p1a: Palafin|Disable|Wave Crash\n|\n|-damage|p2b: Flutter Mane|82\/100 brn|[from] brn\n|-sideend|p2: tommopokemon|move: Light Screen\n|upkeep\n|turn|10\n|\n|t:|1682678073\n|switch|p1b: Flutter Mane|Flutter Mane, L50|100\/100\n|move|p1a: Palafin|Jet Punch|p2b: Flutter Mane\n|-damage|p2b: Flutter Mane|0 fnt\n|faint|p2b: Flutter Mane\n|-end|p2b: Flutter Mane|Protosynthesis|[silent]\n|move|p2a: Scream Tail|Encore||[still]\n|-fail|p2a: Scream Tail\n|\n|upkeep\n|\n|t:|1682678081\n|switch|p2b: Palafin|Palafin-Hero, L50, M, tera:Water|40\/100 brn\n|turn|11\n|\n|t:|1682678087\n|move|p2b: Palafin|Protect|p2b: Palafin\n|-singleturn|p2b: Palafin|Protect\n|move|p1a: Palafin|Jet Punch|p2a: Scream Tail\n|-damage|p2a: Scream Tail|10\/100\n|move|p2a: Scream Tail|Reflect|p2a: Scream Tail\n|-sidestart|p2: tommopokemon|Reflect\n|move|p1b: Flutter Mane|Shadow Ball|p2a: Scream Tail\n|-supereffective|p2a: Scream Tail\n|-damage|p2a: Scream Tail|0 fnt\n|faint|p2a: Scream Tail\n|-end|p2a: Scream Tail|Protosynthesis|[silent]\n|\n|-damage|p2b: Palafin|35\/100 brn|[from] brn\n|upkeep\n|turn|12\n|c|\u2606tommopokemon|gg!\n|c|\u2606Feming0|Gg\n|\n|t:|1682678112\n|move|p1b: Flutter Mane|Shadow Ball|p2b: Palafin\n|-crit|p2b: Palafin\n|-damage|p2b: Palafin|0 fnt\n|faint|p2b: Palafin\n|\n|win|Feming0\n|raw|Feming0's rating: 1064 → 1097<\/strong> (+33 for winning)\n|raw|tommopokemon's rating: 1095 → 1069<\/strong> (-26 for losing)\n|l|\u2606tommopokemon\n","uploadtime":1682678119,"views":8,"p1id":"feming0","p2id":"tommopokemon","formatid":"gen9vgc2023regulationc","rating":1069,"private":0,"password":""}