{"id":"gen9vgc2023regulationc-1863808676","p1":"Inferno prodigy","p2":"Luminetor","format":"[Gen 9] VGC 2023 Regulation C","log":"|j|\u2606Inferno prodigy\n|j|\u2606Luminetor\n|t:|1684080325\n|gametype|doubles\n|player|p1|Inferno prodigy|266|\n|player|p2|Luminetor|265|\n|teamsize|p1|6\n|teamsize|p2|6\n|gen|9\n|tier|[Gen 9] VGC 2023 Regulation C\n|rule|Species Clause: Limit one of each Pok\u00e9mon\n|rule|Item Clause: Limit one of each item\n|clearpoke\n|poke|p1|Orthworm, L50, M|\n|poke|p1|Ting-Lu, L50|\n|poke|p1|Dragonite, L50, M|\n|poke|p1|Gyarados, L50, F|\n|poke|p1|Flutter Mane, L50|\n|poke|p1|Chien-Pao, L50|\n|poke|p2|Tatsugiri, L50, F|\n|poke|p2|Dondozo, L50, M|\n|poke|p2|Glimmora, L50, M|\n|poke|p2|Flutter Mane, L50|\n|poke|p2|Chi-Yu, L50|\n|poke|p2|Iron Bundle, L50|\n|teampreview|4\n|c|\u2606Luminetor|g2\nLuminetor has agreed to open team sheets.\n|l|\u2606Inferno prodigy\n|player|p1|\n|j|\u2606Inferno prodigy\n|player|p1|Inferno prodigy|266\n|c|\u2606Inferno prodigy|G2\n|c|\u2606Luminetor|gl\n|c|\u2606Inferno prodigy|Glhf\n|\n|t:|1684080723\n|start\n|switch|p1a: Ting-Lu|Ting-Lu, L50|100\/100\n|switch|p1b: Orthworm|Orthworm, L50, M|100\/100\n|switch|p2a: Chi-Yu|Chi-Yu, L50|100\/100\n|switch|p2b: Flutter Mane|Flutter Mane, L50|100\/100\n|-ability|p2a: Chi-Yu|Beads of Ruin\n|-ability|p1a: Ting-Lu|Vessel of Ruin\n|turn|1\n|\n|t:|1684080757\n|-terastallize|p2b: Flutter Mane|Fairy\n|-terastallize|p1b: Orthworm|Fire\n|move|p2b: Flutter Mane|Moonblast|p1a: Ting-Lu\n|-supereffective|p1a: Ting-Lu\n|-damage|p1a: Ting-Lu|0 fnt\n|faint|p1a: Ting-Lu\n|move|p2a: Chi-Yu|Overheat|p1b: Orthworm\n|-resisted|p1b: Orthworm\n|-damage|p1b: Orthworm|44\/100\n|-unboost|p2a: Chi-Yu|spa|2\n|-enditem|p1b: Orthworm|Sitrus Berry|[eat]\n|-heal|p1b: Orthworm|69\/100|[from] item: Sitrus Berry\n|move|p1b: Orthworm|Shed Tail|p1b: Orthworm\n|-start|p1b: Orthworm|Substitute|[from] move: Shed Tail\n|-damage|p1b: Orthworm|19\/100\n|\n|t:|1684080776\n|switch|p1b: Flutter Mane|Flutter Mane, L50|100\/100|[from] Shed Tail\n|-enditem|p1b: Flutter Mane|Booster Energy\n|-activate|p1b: Flutter Mane|ability: Protosynthesis|[fromitem]\n|-start|p1b: Flutter Mane|protosynthesisspa\n|\n|upkeep\n|\n|t:|1684080791\n|switch|p1a: Chien-Pao|Chien-Pao, L50|100\/100\n|-ability|p1a: Chien-Pao|Sword of Ruin\n|turn|2\n|l|\u2606Inferno prodigy\n|player|p1|\n|\n|t:|1684080849\n|switch|p2a: Glimmora|Glimmora, L50, M|100\/100\n|move|p1a: Chien-Pao|Ice Spinner|p2b: Flutter Mane\n|-damage|p2b: Flutter Mane|0 fnt\n|faint|p2b: Flutter Mane\n|-end|p2b: Flutter Mane|Protosynthesis|[silent]\n|move|p1b: Flutter Mane|Dazzling Gleam|p2a: Glimmora\n|-resisted|p2a: Glimmora\n|-damage|p2a: Glimmora|81\/100\n|\n|upkeep\n|j|\u2606Inferno prodigy\n|player|p1|Inferno prodigy|266\n|\n|t:|1684080878\n|switch|p2b: Iron Bundle|Iron Bundle, L50|100\/100\n|-enditem|p2b: Iron Bundle|Booster Energy\n|-activate|p2b: Iron Bundle|ability: Quark Drive|[fromitem]\n|-start|p2b: Iron Bundle|quarkdrivespe\n|turn|3\n|\n|t:|1684080913\n|move|p2b: Iron Bundle|Protect|p2b: Iron Bundle\n|-singleturn|p2b: Iron Bundle|Protect\n|move|p1a: Chien-Pao|Ice Spinner|p2a: Glimmora\n|-damage|p2a: Glimmora|31\/100\n|-activate|p2a: Glimmora|ability: Toxic Debris\n|-sidestart|p1: Inferno prodigy|move: Toxic Spikes\n|move|p1b: Flutter Mane|Dazzling Gleam|p2b: Iron Bundle|[spread] p2a\n|-activate|p2b: Iron Bundle|move: Protect\n|-resisted|p2a: Glimmora\n|-damage|p2a: Glimmora|18\/100\n|move|p2a: Glimmora|Sludge Bomb|p1b: Flutter Mane\n|-end|p1b: Flutter Mane|Substitute\n|\n|upkeep\n|turn|4\n|\n|t:|1684080934\n|switch|p2a: Chi-Yu|Chi-Yu, L50|100\/100\n|-ability|p2a: Chi-Yu|Beads of Ruin\n|move|p1a: Chien-Pao|Sucker Punch||[still]\n|-fail|p1a: Chien-Pao\n|move|p2b: Iron Bundle|Icy Wind|p1a: Chien-Pao|[spread] p1a,p1b\n|-resisted|p1a: Chien-Pao\n|-damage|p1a: Chien-Pao|79\/100\n|-damage|p1b: Flutter Mane|75\/100\n|-unboost|p1a: Chien-Pao|spe|1\n|-unboost|p1b: Flutter Mane|spe|1\n|move|p1b: Flutter Mane|Moonblast|p2b: Iron Bundle\n|-damage|p2b: Iron Bundle|0 fnt\n|faint|p2b: Iron Bundle\n|-end|p2b: Iron Bundle|Quark Drive|[silent]\n|\n|upkeep\n|\n|t:|1684080947\n|switch|p2b: Glimmora|Glimmora, L50, M|18\/100\n|turn|5\n|\n|t:|1684080962\n|move|p1a: Chien-Pao|Sucker Punch|p2b: Glimmora\n|-damage|p2b: Glimmora|0 fnt\n|-activate|p2b: Glimmora|ability: Toxic Debris\n|-sidestart|p1: Inferno prodigy|move: Toxic Spikes\n|faint|p2b: Glimmora\n|move|p2a: Chi-Yu|Heat Wave|p1a: Chien-Pao|[spread] p1a,p1b\n|-supereffective|p1a: Chien-Pao\n|-damage|p1a: Chien-Pao|0 fnt\n|-damage|p1b: Flutter Mane|27\/100\n|faint|p1a: Chien-Pao\n|move|p1b: Flutter Mane|Moonblast|p2a: Chi-Yu\n|-damage|p2a: Chi-Yu|24\/100\n|-unboost|p2a: Chi-Yu|spa|1\n|\n|upkeep\n|\n|t:|1684080975\n|switch|p1a: Orthworm|Orthworm, L50, M, tera:Fire|19\/100\n|-status|p1a: Orthworm|tox\n|turn|6\n|c|\u2606Inferno prodigy|Gg\n|c|\u2606Luminetor|bad drop here\n|c|\u2606Inferno prodigy|Close game\n|\n|t:|1684080998\n|move|p2a: Chi-Yu|Heat Wave|p1a: Orthworm|[spread] p1a\n|-miss|p2a: Chi-Yu|p1b: Flutter Mane\n|-resisted|p1a: Orthworm\n|-damage|p1a: Orthworm|0 fnt\n|faint|p1a: Orthworm\n|move|p1b: Flutter Mane|Moonblast|p2a: Chi-Yu\n|-damage|p2a: Chi-Yu|0 fnt\n|faint|p2a: Chi-Yu\n|\n|win|Inferno prodigy\n|c|\u2606Luminetor|fuck\n|c|\u2606Luminetor|gg man\n|c|\u2606Inferno prodigy|I thought you were gonna win\n|c|\u2606Luminetor|no man\n|c|\u2606Inferno prodigy|gf man that was a close call\n|l|\u2606Inferno prodigy\n|c|\u2606Luminetor|i can kill all man\n","uploadtime":1684081063,"views":10,"p1id":"infernoprodigy","p2id":"luminetor","formatid":"gen9vgc2023regulationc","rating":0,"private":0,"password":""}