{"id":"gen9vgc2023regulationc-1857497773","p1":"Faric","p2":"titandoubles","format":"[Gen 9] VGC 2023 Regulation C","log":"|j|\u2606Faric\n|j|\u2606titandoubles\n|t:|1683201773\n|gametype|doubles\n|player|p1|Faric|1|1258\n|player|p2|titandoubles|silver|1192\n|teamsize|p1|6\n|teamsize|p2|6\n|gen|9\n|tier|[Gen 9] VGC 2023 Regulation C\n|rated|\n|rule|Species Clause: Limit one of each Pok\u00e9mon\n|rule|Item Clause: Limit one of each item\n|clearpoke\n|poke|p1|Flutter Mane, L50|\n|poke|p1|Chi-Yu, L50|\n|poke|p1|Roaring Moon, L50|\n|poke|p1|Jumpluff, L50, M|\n|poke|p1|Wo-Chien, L50|\n|poke|p1|Torkoal, L50, F|\n|poke|p2|Ting-Lu, L50|\n|poke|p2|Gyarados, L50, M|\n|poke|p2|Arcanine, L50, F|\n|poke|p2|Orthworm, L50, M|\n|poke|p2|Amoonguss, L50, M|\n|poke|p2|Flutter Mane, L50|\n|teampreview|4\n|inactive|Battle timer is ON: inactive players will automatically lose when time's up. (requested by titandoubles)\n|inactive|titandoubles has 60 seconds left.\n|inactive|titandoubles has 30 seconds left.\n|inactive|titandoubles has 20 seconds left.\n|\n|t:|1683201847\n|start\n|switch|p1a: Flutter Mane|Flutter Mane, L50|100\/100\n|switch|p1b: Wo-Chien|Wo-Chien, L50|100\/100\n|switch|p2a: Flutter Mane|Flutter Mane, L50|100\/100\n|switch|p2b: Gyarados|Gyarados, L50, M|100\/100\n|-ability|p1b: Wo-Chien|Tablets of Ruin\n|turn|1\n|inactive|titandoubles has 30 seconds left.\n|inactive|titandoubles has 20 seconds left.\n|\n|t:|1683201887\n|move|p2a: Flutter Mane|Icy Wind|p1a: Flutter Mane|[spread] p1b\n|-miss|p2a: Flutter Mane|p1a: Flutter Mane\n|-supereffective|p1b: Wo-Chien\n|-damage|p1b: Wo-Chien|84\/100\n|-unboost|p1b: Wo-Chien|spe|1\n|-enditem|p1b: Wo-Chien|Eject Pack\n|\n|t:|1683201897\n|switch|p1b: Torkoal|Torkoal, L50, F|100\/100\n|-weather|SunnyDay|[from] ability: Drought|[of] p1b: Torkoal\n|-activate|p2a: Flutter Mane|ability: Protosynthesis\n|-start|p2a: Flutter Mane|protosynthesisspe\n|-activate|p1a: Flutter Mane|ability: Protosynthesis\n|-start|p1a: Flutter Mane|protosynthesisspa\n|move|p2b: Gyarados|Waterfall|p1a: Flutter Mane\n|-damage|p1a: Flutter Mane|76\/100\n|move|p1a: Flutter Mane|Trick Room|p1a: Flutter Mane\n|-fieldstart|move: Trick Room|[of] p1a: Flutter Mane\n|\n|-weather|SunnyDay|[upkeep]\n|upkeep\n|turn|2\n|inactive|titandoubles has 30 seconds left.\n|\n|t:|1683201928\n|-terastallize|p1b: Torkoal|Fire\n|move|p1b: Torkoal|Eruption|p2a: Flutter Mane|[spread] p2a,p2b\n|-resisted|p2b: Gyarados\n|-enditem|p2a: Flutter Mane|Focus Sash\n|-damage|p2a: Flutter Mane|1\/100\n|-damage|p2b: Gyarados|48\/100\n|move|p1a: Flutter Mane|Dazzling Gleam|p2b: Gyarados|[spread] p2a,p2b\n|-damage|p2a: Flutter Mane|0 fnt\n|-damage|p2b: Gyarados|23\/100\n|faint|p2a: Flutter Mane\n|-end|p2a: Flutter Mane|Protosynthesis|[silent]\n|move|p2b: Gyarados|Earthquake|p1a: Flutter Mane|[spread] p1a,p1b\n|-supereffective|p1b: Torkoal\n|-damage|p1a: Flutter Mane|46\/100\n|-damage|p1b: Torkoal|56\/100\n|\n|-weather|SunnyDay|[upkeep]\n|upkeep\n|\n|t:|1683201935\n|switch|p2a: Ting-Lu|Ting-Lu, L50|100\/100\n|-ability|p2a: Ting-Lu|Vessel of Ruin\n|turn|3\n|inactive|titandoubles has 30 seconds left.\n|\n|t:|1683201967\n|-terastallize|p2a: Ting-Lu|Ground\n|move|p1b: Torkoal|Eruption|p2b: Gyarados|[spread] p2a,p2b\n|-resisted|p2b: Gyarados\n|-crit|p2b: Gyarados\n|-damage|p2a: Ting-Lu|58\/100\n|-damage|p2b: Gyarados|0 fnt\n|faint|p2b: Gyarados\n|move|p2a: Ting-Lu|Earthquake|p1a: Flutter Mane|[spread] p1a,p1b\n|-supereffective|p1b: Torkoal\n|-damage|p1a: Flutter Mane|0 fnt\n|-damage|p1b: Torkoal|0 fnt\n|faint|p1a: Flutter Mane\n|-end|p1a: Flutter Mane|Protosynthesis|[silent]\n|faint|p1b: Torkoal\n|\n|-weather|SunnyDay|[upkeep]\n|upkeep\n|\n|t:|1683201977\n|switch|p1b: Wo-Chien|Wo-Chien, L50|84\/100\n|switch|p1a: Chi-Yu|Chi-Yu, L50|100\/100\n|switch|p2b: Orthworm|Orthworm, L50, M|100\/100\n|-ability|p1b: Wo-Chien|Tablets of Ruin\n|-ability|p1a: Chi-Yu|Beads of Ruin\n|turn|4\n|\n|t:|1683201985\n|move|p2a: Ting-Lu|Earthquake|p1b: Wo-Chien|[spread] p1a,p1b\n|-immune|p2b: Orthworm|[from] ability: Earth Eater\n|-supereffective|p1a: Chi-Yu\n|-resisted|p1b: Wo-Chien\n|-damage|p1a: Chi-Yu|20\/100\n|-damage|p1b: Wo-Chien|68\/100\n|move|p2b: Orthworm|Body Press|p1a: Chi-Yu\n|-supereffective|p1a: Chi-Yu\n|-damage|p1a: Chi-Yu|0 fnt\n|faint|p1a: Chi-Yu\n|move|p1b: Wo-Chien|Leaf Storm|p2a: Ting-Lu\n|-supereffective|p2a: Ting-Lu\n|-damage|p2a: Ting-Lu|0 fnt\n|-unboost|p1b: Wo-Chien|spa|2\n|faint|p2a: Ting-Lu\n|\n|-weather|SunnyDay|[upkeep]\n|upkeep\n|turn|5\n|\n|t:|1683202004\n|move|p2b: Orthworm|Body Press|p1b: Wo-Chien\n|-supereffective|p1b: Wo-Chien\n|-damage|p1b: Wo-Chien|27\/100\n|move|p1b: Wo-Chien|Leaf Storm|p2b: Orthworm\n|-resisted|p2b: Orthworm\n|-damage|p2b: Orthworm|82\/100\n|-unboost|p1b: Wo-Chien|spa|2\n|\n|-weather|none\n|-heal|p2b: Orthworm|89\/100|[from] item: Leftovers\n|-fieldend|move: Trick Room\n|upkeep\n|turn|6\n|-message|Faric forfeited.\n|\n|win|titandoubles\n|raw|Faric's rating: 1258 → 1228<\/strong> (-30 for losing)\n|raw|titandoubles's rating: 1192 → 1222<\/strong> (+30 for winning)\n|l|\u2606Faric\n","uploadtime":1683202024,"views":12,"p1id":"faric","p2id":"titandoubles","formatid":"gen9vgc2023regulationc","rating":1222,"private":0,"password":""}