{"id":"gen9vgc2023regulationc-1846962145","p1":"FruitCider","p2":"Karajony","format":"[Gen 9] VGC 2023 Regulation C","log":"|j|\u2606FruitCider\n|j|\u2606Karajony\n|t:|1681906534\n|gametype|doubles\n|player|p1|FruitCider|2|1245\n|player|p2|Karajony|worker-gen4|1311\n|teamsize|p1|6\n|teamsize|p2|6\n|gen|9\n|tier|[Gen 9] VGC 2023 Regulation C\n|rated|\n|rule|Species Clause: Limit one of each Pok\u00e9mon\n|rule|Item Clause: Limit one of each item\n|clearpoke\n|poke|p1|Ting-Lu, L50|\n|poke|p1|Chien-Pao, L50|\n|poke|p1|Dragonite, L50, F|\n|poke|p1|Chi-Yu, L50|\n|poke|p1|Palafin, L50, F|\n|poke|p1|Glimmora, L50, M|\n|poke|p2|Flutter Mane, L50|\n|poke|p2|Iron Hands, L50|\n|poke|p2|Baxcalibur, L50, M|\n|poke|p2|Scream Tail, L50|\n|poke|p2|Chi-Yu, L50|\n|poke|p2|Gyarados, L50, M|\n|teampreview|4\n|inactive|Battle timer is ON: inactive players will automatically lose when time's up. (requested by Karajony)\n|inactive|FruitCider also wants the timer to be on.\nFruitCider rejected open team sheets.\n|\n|t:|1681906557\n|start\n|switch|p1a: Ting-Lu|Ting-Lu, L50|100\/100\n|switch|p1b: Palafin|Palafin, L50, F|100\/100\n|switch|p2a: Gyarados|Gyarados, L50, M|100\/100\n|switch|p2b: Flutter Mane|Flutter Mane, L50|100\/100\n|-ability|p2a: Gyarados|Intimidate|boost\n|-unboost|p1a: Ting-Lu|atk|1\n|-unboost|p1b: Palafin|atk|1\n|-ability|p1a: Ting-Lu|Vessel of Ruin\n|-enditem|p2b: Flutter Mane|Booster Energy\n|-activate|p2b: Flutter Mane|ability: Protosynthesis|[fromitem]\n|-start|p2b: Flutter Mane|protosynthesisspe\n|turn|1\n|\n|t:|1681906580\n|move|p2b: Flutter Mane|Substitute|p2b: Flutter Mane\n|-start|p2b: Flutter Mane|Substitute\n|-damage|p2b: Flutter Mane|75\/100\n|move|p1b: Palafin|Flip Turn|p1a: Ting-Lu\n|-supereffective|p1a: Ting-Lu\n|-damage|p1a: Ting-Lu|88\/100\n|-enditem|p1a: Ting-Lu|Weakness Policy\n|-boost|p1a: Ting-Lu|atk|2|[from] item: Weakness Policy\n|-boost|p1a: Ting-Lu|spa|2|[from] item: Weakness Policy\n|\n|t:|1681906590\n|detailschange|p1b: Palafin|Palafin-Hero, L50, F\n|switch|p1b: Glimmora|Glimmora, L50, M|100\/100|[from] Flip Turn\n|move|p2a: Gyarados|Waterfall|p1a: Ting-Lu\n|-supereffective|p1a: Ting-Lu\n|-damage|p1a: Ting-Lu|46\/100\n|move|p1a: Ting-Lu|Heavy Slam|p2b: Flutter Mane\n|-supereffective|p2b: Flutter Mane\n|-end|p2b: Flutter Mane|Substitute\n|\n|upkeep\n|turn|2\n|inactive|FruitCider has 30 seconds left.\n|\n|t:|1681906615\n|-terastallize|p1b: Glimmora|Fairy\n|move|p1a: Ting-Lu|Protect|p1a: Ting-Lu\n|-singleturn|p1a: Ting-Lu|Protect\n|move|p2b: Flutter Mane|Moonblast|p1a: Ting-Lu\n|-activate|p1a: Ting-Lu|move: Protect\n|move|p2a: Gyarados|Waterfall|p1a: Ting-Lu\n|-activate|p1a: Ting-Lu|move: Protect\n|move|p1b: Glimmora|Mortal Spin|p2a: Gyarados|[spread] p2a,p2b\n|-damage|p2a: Gyarados|96\/100\n|-damage|p2b: Flutter Mane|68\/100\n|-status|p2a: Gyarados|psn\n|-status|p2b: Flutter Mane|psn\n|\n|-damage|p2b: Flutter Mane|56\/100 psn|[from] psn\n|-damage|p2a: Gyarados|83\/100 psn|[from] psn\n|upkeep\n|turn|3\n|inactive|Karajony has 30 seconds left.\n|inactive|Karajony has 20 seconds left.\n|inactive|Karajony has 15 seconds left.\n|\n|t:|1681906655\n|move|p1a: Ting-Lu|Protect|p1a: Ting-Lu\n|-singleturn|p1a: Ting-Lu|Protect\n|move|p2b: Flutter Mane|Moonblast|p1a: Ting-Lu\n|-activate|p1a: Ting-Lu|move: Protect\n|move|p2a: Gyarados|Waterfall|p1a: Ting-Lu\n|-activate|p1a: Ting-Lu|move: Protect\n|move|p1b: Glimmora|Sludge Wave|p2a: Gyarados|[spread] p2a,p2b\n|-activate|p1a: Ting-Lu|move: Protect\n|-damage|p2a: Gyarados|59\/100 psn\n|-damage|p2b: Flutter Mane|32\/100 psn\n|\n|-damage|p2b: Flutter Mane|20\/100 psn|[from] psn\n|-damage|p2a: Gyarados|46\/100 psn|[from] psn\n|upkeep\n|-enditem|p2a: Gyarados|Sitrus Berry|[eat]\n|-heal|p2a: Gyarados|71\/100 psn|[from] item: Sitrus Berry\n|turn|4\n|inactive|FruitCider has 30 seconds left.\n|inactive|FruitCider has 20 seconds left.\n|\n|t:|1681906693\n|switch|p1a: Palafin|Palafin-Hero, L50, F|100\/100\n|-activate|p1a: Palafin|ability: Zero to Hero\n|move|p2b: Flutter Mane|Moonblast|p1a: Palafin\n|-damage|p1a: Palafin|52\/100\n|move|p2a: Gyarados|Waterfall|p1a: Palafin\n|-resisted|p1a: Palafin\n|-damage|p1a: Palafin|34\/100\n|move|p1b: Glimmora|Power Gem|p2a: Gyarados\n|-supereffective|p2a: Gyarados\n|-damage|p2a: Gyarados|0 fnt\n|faint|p2a: Gyarados\n|\n|-damage|p2b: Flutter Mane|7\/100 psn|[from] psn\n|upkeep\n|\n|t:|1681906707\n|switch|p2a: Iron Hands|Iron Hands, L50|100\/100\n|turn|5\n|\n|t:|1681906724\n|-end|p2b: Flutter Mane|Protosynthesis|[silent]\n|switch|p2b: Scream Tail|Scream Tail, L50|100\/100\n|switch|p1a: Dragonite|Dragonite, L50, F|100\/100\n|move|p1b: Glimmora|Dazzling Gleam|p2a: Iron Hands|[spread] p2a,p2b\n|-supereffective|p2a: Iron Hands\n|-damage|p2a: Iron Hands|55\/100\n|-damage|p2b: Scream Tail|79\/100\n|move|p2a: Iron Hands|Wild Charge|p1b: Glimmora\n|-damage|p1b: Glimmora|45\/100\n|-activate|p1b: Glimmora|ability: Toxic Debris\n|-sidestart|p2: Karajony|move: Toxic Spikes\n|-damage|p2a: Iron Hands|43\/100|[from] Recoil\n|\n|-heal|p2a: Iron Hands|50\/100|[from] item: Leftovers\n|upkeep\n|turn|6\n|inactive|FruitCider has 30 seconds left.\n|\n|t:|1681906751\n|move|p2a: Iron Hands|Detect|p2a: Iron Hands\n|-singleturn|p2a: Iron Hands|Protect\n|move|p1a: Dragonite|Extreme Speed|p2a: Iron Hands\n|-activate|p2a: Iron Hands|move: Protect\n|move|p1b: Glimmora|Mortal Spin|p2a: Iron Hands|[spread] p2b\n|-activate|p2a: Iron Hands|move: Protect\n|-supereffective|p2b: Scream Tail\n|-damage|p2b: Scream Tail|73\/100\n|-status|p2b: Scream Tail|psn\n|move|p2b: Scream Tail|Trick Room|p2b: Scream Tail\n|-fieldstart|move: Trick Room|[of] p2b: Scream Tail\n|\n|-heal|p2a: Iron Hands|56\/100|[from] item: Leftovers\n|-damage|p2b: Scream Tail|61\/100 psn|[from] psn\n|upkeep\n|turn|7\n|inactive|Karajony has 30 seconds left.\n|inactive|Karajony has 20 seconds left.\n|inactive|Karajony has 15 seconds left.\n|\n|t:|1681906795\n|move|p1a: Dragonite|Protect|p1a: Dragonite\n|-singleturn|p1a: Dragonite|Protect\n|move|p2a: Iron Hands|Swords Dance|p2a: Iron Hands\n|-boost|p2a: Iron Hands|atk|2\n|move|p1b: Glimmora|Power Gem|p2b: Scream Tail\n|-damage|p2b: Scream Tail|33\/100 psn\n|move|p2b: Scream Tail|Disable|p1b: Glimmora\n|-start|p1b: Glimmora|Disable|Power Gem\n|\n|-heal|p2a: Iron Hands|62\/100|[from] item: Leftovers\n|-damage|p2b: Scream Tail|21\/100 psn|[from] psn\n|upkeep\n|turn|8\n|inactive|Karajony has 30 seconds left.\n|inactive|Karajony has 20 seconds left.\n|inactive|Karajony has 15 seconds left.\n|inactive|Karajony has 10 seconds left.\n|\n|t:|1681906841\n|move|p1a: Dragonite|Extreme Speed|p2b: Scream Tail\n|-damage|p2b: Scream Tail|2\/100 psn\n|move|p2a: Iron Hands|Drain Punch|p1b: Glimmora\n|-resisted|p1b: Glimmora\n|-damage|p1b: Glimmora|4\/100\n|-heal|p2a: Iron Hands|78\/100|[from] drain|[of] p1b: Glimmora\n|-activate|p1b: Glimmora|ability: Toxic Debris\n|-sidestart|p2: Karajony|move: Toxic Spikes\n|move|p1b: Glimmora|Dazzling Gleam|p2a: Iron Hands|[spread] p2a,p2b\n|-supereffective|p2a: Iron Hands\n|-damage|p2a: Iron Hands|31\/100\n|-damage|p2b: Scream Tail|0 fnt\n|faint|p2b: Scream Tail\n|-end|p2b: Scream Tail|Protosynthesis|[silent]\n|\n|-heal|p2a: Iron Hands|37\/100|[from] item: Leftovers\n|upkeep\n|\n|t:|1681906855\n|switch|p2b: Flutter Mane|Flutter Mane, L50|7\/100 psn\n|turn|9\n|inactive|Karajony has 30 seconds left.\n|inactive|Karajony has 20 seconds left.\n|\n|t:|1681906894\n|-terastallize|p2a: Iron Hands|Grass\n|move|p1a: Dragonite|Extreme Speed|p2a: Iron Hands\n|-damage|p2a: Iron Hands|18\/100\n|move|p2a: Iron Hands|Drain Punch|p1b: Glimmora\n|-resisted|p1b: Glimmora\n|-damage|p1b: Glimmora|0 fnt\n|-heal|p2a: Iron Hands|19\/100|[from] drain|[of] p1b: Glimmora\n|faint|p1b: Glimmora\n|move|p2b: Flutter Mane|Moonblast|p1a: Dragonite\n|-supereffective|p1a: Dragonite\n|-damage|p1a: Dragonite|0 fnt\n|faint|p1a: Dragonite\n|\n|-heal|p2a: Iron Hands|25\/100|[from] item: Leftovers\n|-damage|p2b: Flutter Mane|0 fnt|[from] psn\n|faint|p2b: Flutter Mane\n|-end|p2b: Flutter Mane|Protosynthesis|[silent]\n|upkeep\n|\n|t:|1681906903\n|switch|p1b: Ting-Lu|Ting-Lu, L50|46\/100\n|switch|p1a: Palafin|Palafin-Hero, L50, F|34\/100\n|-ability|p1b: Ting-Lu|Vessel of Ruin\n|turn|10\n|\n|t:|1681906927\n|move|p1b: Ting-Lu|Protect|p1b: Ting-Lu\n|-singleturn|p1b: Ting-Lu|Protect\n|move|p2a: Iron Hands|Detect|p2a: Iron Hands\n|-singleturn|p2a: Iron Hands|Protect\n|move|p1a: Palafin|Wave Crash|p2a: Iron Hands\n|-activate|p2a: Iron Hands|move: Protect\n|\n|-heal|p2a: Iron Hands|31\/100|[from] item: Leftovers\n|-fieldend|move: Trick Room\n|upkeep\n|turn|11\n|\n|t:|1681906945\n|move|p1a: Palafin|Wave Crash|p2a: Iron Hands\n|-resisted|p2a: Iron Hands\n|-damage|p2a: Iron Hands|10\/100\n|-damage|p1a: Palafin|26\/100|[from] Recoil\n|move|p2a: Iron Hands|Drain Punch|p1a: Palafin\n|-damage|p1a: Palafin|0 fnt\n|-heal|p2a: Iron Hands|21\/100|[from] drain|[of] p1a: Palafin\n|faint|p1a: Palafin\n|move|p1b: Ting-Lu|Stomping Tantrum|p2a: Iron Hands\n|-resisted|p2a: Iron Hands\n|-damage|p2a: Iron Hands|11\/100\n|\n|-heal|p2a: Iron Hands|18\/100|[from] item: Leftovers\n|upkeep\n|turn|12\n|\n|t:|1681906958\n|move|p2a: Iron Hands|Detect|p2a: Iron Hands\n|-singleturn|p2a: Iron Hands|Protect\n|move|p1b: Ting-Lu|Earthquake|p2a: Iron Hands\n|-activate|p2a: Iron Hands|move: Protect\n|\n|-heal|p2a: Iron Hands|24\/100|[from] item: Leftovers\n|upkeep\n|turn|13\n|-message|FruitCider forfeited.\n|\n|win|Karajony\n|raw|FruitCider's rating: 1245 → 1225<\/strong> (-20 for losing)\n|raw|Karajony's rating: 1311 → 1327<\/strong> (+16 for winning)\n|l|\u2606FruitCider\n","uploadtime":1681906974,"views":11,"p1id":"fruitcider","p2id":"karajony","formatid":"gen9vgc2023regulationc","rating":1225,"private":0,"password":""}