{"id":"gen9vgc2023regulationc-1845082768","p1":"Zenoisrandom","p2":"dfhrswehgseg","format":"[Gen 9] VGC 2023 Regulation C","log":"|j|\u2606Zenoisrandom\n|j|\u2606dfhrswehgseg\n|t:|1681681516\n|gametype|doubles\n|player|p1|Zenoisrandom|cyclist|1019\n|player|p2|dfhrswehgseg|harlequin|1008\n|teamsize|p1|6\n|teamsize|p2|6\n|gen|9\n|tier|[Gen 9] VGC 2023 Regulation C\n|rated|\n|rule|Species Clause: Limit one of each Pok\u00e9mon\n|rule|Item Clause: Limit one of each item\n|clearpoke\n|poke|p1|Wugtrio, L50, F|\n|poke|p1|Hippowdon, L50, M|\n|poke|p1|Houndstone, L50, M|\n|poke|p1|Tyranitar, L50, M|\n|poke|p1|Annihilape, L50, M|\n|poke|p1|Maushold, L50|\n|poke|p2|Copperajah, L50, M|\n|poke|p2|Frosmoth, L50, M|\n|poke|p2|Spiritomb, L50, M|\n|poke|p2|Passimian, L50, M|\n|poke|p2|Coalossal, L50, F|\n|poke|p2|Toedscruel, L50, M|\n|teampreview|4\n|inactive|Battle timer is ON: inactive players will automatically lose when time's up. (requested by Zenoisrandom)\nZenoisrandom rejected open team sheets.\n|\n|t:|1681681532\n|start\n|switch|p1a: Annihilape|Annihilape, L50, M|100\/100\n|switch|p1b: Maushold|Maushold, L50|100\/100\n|switch|p2a: Spiritomb|Spiritomb, L50, M|100\/100\n|switch|p2b: Frosmoth|Frosmoth, L50, M|100\/100\n|turn|1\n|\n|t:|1681681545\n|-terastallize|p1a: Annihilape|Water\n|move|p1b: Maushold|Beat Up|p1a: Annihilape\n|-damage|p1a: Annihilape|98\/100\n|-damage|p1a: Annihilape|96\/100\n|-damage|p1a: Annihilape|94\/100\n|-damage|p1a: Annihilape|91\/100\n|-hitcount|p1a: Annihilape|4\n|move|p2b: Frosmoth|Quiver Dance|p2b: Frosmoth\n|-boost|p2b: Frosmoth|spa|1\n|-boost|p2b: Frosmoth|spd|1\n|-boost|p2b: Frosmoth|spe|1\n|move|p1a: Annihilape|Rage Fist|p2a: Spiritomb\n|-damage|p2a: Spiritomb|0 fnt\n|faint|p2a: Spiritomb\n|\n|-heal|p1a: Annihilape|97\/100|[from] item: Leftovers\n|upkeep\n|\n|t:|1681681565\n|switch|p2a: Copperajah|Copperajah, L50, M|100\/100\n|turn|2\n|\n|t:|1681681583\n|-terastallize|p2a: Copperajah|Flying\n|move|p1b: Maushold|Follow Me|p1b: Maushold\n|-singleturn|p1b: Maushold|move: Follow Me\n|move|p2b: Frosmoth|Quiver Dance|p2b: Frosmoth\n|-boost|p2b: Frosmoth|spa|1\n|-boost|p2b: Frosmoth|spd|1\n|-boost|p2b: Frosmoth|spe|1\n|move|p1a: Annihilape|Rage Fist|p2b: Frosmoth\n|-enditem|p2b: Frosmoth|Focus Sash\n|-damage|p2b: Frosmoth|1\/100\n|move|p2a: Copperajah|Iron Head|p1b: Maushold\n|-damage|p1b: Maushold|0 fnt\n|faint|p1b: Maushold\n|\n|-heal|p1a: Annihilape|100\/100|[from] item: Leftovers\n|upkeep\n|\n|t:|1681681595\n|switch|p1b: Hippowdon|Hippowdon, L50, M|100\/100\n|-weather|Sandstorm|[from] ability: Sand Stream|[of] p1b: Hippowdon\n|turn|3\n|\n|t:|1681681615\n|move|p1a: Annihilape|Protect|p1a: Annihilape\n|-singleturn|p1a: Annihilape|Protect\n|move|p2b: Frosmoth|Giga Drain|p1a: Annihilape\n|-activate|p1a: Annihilape|move: Protect\n|move|p1b: Hippowdon|Yawn|p2a: Copperajah\n|-start|p2a: Copperajah|move: Yawn|[of] p1b: Hippowdon\n|move|p2a: Copperajah|Iron Head|p1b: Hippowdon\n|-damage|p1b: Hippowdon|36\/100\n|\n|-weather|Sandstorm|[upkeep]\n|-damage|p2b: Frosmoth|0 fnt|[from] Sandstorm\n|-damage|p1a: Annihilape|95\/100|[from] Sandstorm\n|-damage|p2a: Copperajah|94\/100|[from] Sandstorm\n|faint|p2b: Frosmoth\n|-heal|p1a: Annihilape|100\/100|[from] item: Leftovers\n|upkeep\n|\n|t:|1681681623\n|switch|p2b: Passimian|Passimian, L50, M|100\/100\n|turn|4\n|\n|t:|1681681638\n|move|p2b: Passimian|Energy Ball|p1a: Annihilape\n|-supereffective|p1a: Annihilape\n|-damage|p1a: Annihilape|71\/100\n|move|p1a: Annihilape|Rage Fist|p2a: Copperajah\n|-damage|p2a: Copperajah|0 fnt\n|faint|p2a: Copperajah\n|-ability|p2b: Passimian|Sheer Force|[from] ability: Receiver|[of] p2a: Copperajah\n|move|p1b: Hippowdon|Stomping Tantrum|p2b: Passimian\n|-damage|p2b: Passimian|61\/100\n|\n|-weather|Sandstorm|[upkeep]\n|-damage|p2b: Passimian|55\/100|[from] Sandstorm\n|-damage|p1a: Annihilape|65\/100|[from] Sandstorm\n|-heal|p1a: Annihilape|71\/100|[from] item: Leftovers\n|upkeep\n|turn|5\n|\n|t:|1681681655\n|move|p2b: Passimian|Energy Ball|p1a: Annihilape\n|-supereffective|p1a: Annihilape\n|-damage|p1a: Annihilape|27\/100\n|move|p1a: Annihilape|Rage Fist|p2b: Passimian\n|-damage|p2b: Passimian|0 fnt\n|faint|p2b: Passimian\n|\n|win|Zenoisrandom\n|raw|Zenoisrandom's rating: 1019 → 1055<\/strong> (+36 for winning)\n|raw|dfhrswehgseg's rating: 1008 → 1000<\/strong> (-8 for losing)\n|l|\u2606dfhrswehgseg\n|c|\u2606Zenoisrandom|gg\n","uploadtime":1681681661,"views":7,"p1id":"zenoisrandom","p2id":"dfhrswehgseg","formatid":"gen9vgc2023regulationc","rating":1000,"private":0,"password":""}