{"id":"gen9vgc2023regulationc-1860156685","p1":"LasermanZ111","p2":"Jdhrvrjfnt","format":"[Gen 9] VGC 2023 Regulation C","log":"|j|\u2606LasermanZ111\n|j|\u2606Jdhrvrjfnt\n|t:|1683602268\n|gametype|doubles\n|player|p1|LasermanZ111|ash|1389\n|player|p2|Jdhrvrjfnt|clair|1367\n|teamsize|p1|6\n|teamsize|p2|6\n|gen|9\n|tier|[Gen 9] VGC 2023 Regulation C\n|rated|\n|rule|Species Clause: Limit one of each Pok\u00e9mon\n|rule|Item Clause: Limit one of each item\n|clearpoke\n|poke|p1|Chi-Yu, L50|\n|poke|p1|Gyarados, L50, M|\n|poke|p1|Abomasnow, L50, M|\n|poke|p1|Corviknight, L50, M|\n|poke|p1|Iron Hands, L50|\n|poke|p1|Flutter Mane, L50|\n|poke|p2|Baxcalibur, L50, M|\n|poke|p2|Azumarill, L50, F|\n|poke|p2|Gyarados, L50, M|\n|poke|p2|Brute Bonnet, L50|\n|poke|p2|Chi-Yu, L50|\n|poke|p2|Flutter Mane, L50|\n|teampreview|4\n|inactive|Battle timer is ON: inactive players will automatically lose when time's up. (requested by Jdhrvrjfnt)\nLasermanZ111 has agreed to open team sheets.\n|inactive|LasermanZ111 has 60 seconds left.\n|inactive|Jdhrvrjfnt has 60 seconds left.\nJdhrvrjfnt has agreed to open team sheets.\n|inactive|LasermanZ111 has 30 seconds left.\n|inactive|LasermanZ111 has 20 seconds left.\n|inactive|LasermanZ111 has 15 seconds left.\n|inactive|LasermanZ111 has 10 seconds left.\n|inactive|LasermanZ111 has 5 seconds left.\n|\n|t:|1683602357\n|start\n|switch|p1a: Iron Hands|Iron Hands, L50|100\/100\n|switch|p1b: Corviknight|Corviknight, L50, M|100\/100\n|switch|p2a: Flutter Mane|Flutter Mane, L50|100\/100\n|switch|p2b: Brute Bonnet|Brute Bonnet, L50|100\/100\n|-enditem|p2a: Flutter Mane|Booster Energy\n|-activate|p2a: Flutter Mane|ability: Protosynthesis|[fromitem]\n|-start|p2a: Flutter Mane|protosynthesisspa\n|turn|1\n|inactive|LasermanZ111 has 30 seconds left.\n|inactive|Jdhrvrjfnt has 30 seconds left.\n|\n|t:|1683602387\n|move|p1a: Iron Hands|Fake Out|p2b: Brute Bonnet\n|-damage|p2b: Brute Bonnet|89\/100\n|move|p2a: Flutter Mane|Substitute|p2a: Flutter Mane\n|-start|p2a: Flutter Mane|Substitute\n|-damage|p2a: Flutter Mane|76\/100\n|move|p1b: Corviknight|Iron Head|p2a: Flutter Mane\n|-supereffective|p2a: Flutter Mane\n|-end|p2a: Flutter Mane|Substitute\n|cant|p2b: Brute Bonnet|flinch\n|\n|upkeep\n|turn|2\n|inactive|LasermanZ111 has 30 seconds left.\n|\n|t:|1683602416\n|-end|p1a: Iron Hands|Quark Drive|[silent]\n|switch|p1a: Abomasnow|Abomasnow, L50, M|100\/100\n|-weather|Snow|[from] ability: Snow Warning|[of] p1a: Abomasnow\n|move|p2a: Flutter Mane|Protect|p2a: Flutter Mane\n|-singleturn|p2a: Flutter Mane|Protect\n|move|p1b: Corviknight|Tailwind|p1b: Corviknight\n|-sidestart|p1: LasermanZ111|move: Tailwind\n|move|p2b: Brute Bonnet|Spore|p1b: Corviknight\n|-status|p1b: Corviknight|slp|[from] move: Spore\n|-enditem|p1b: Corviknight|Lum Berry|[eat]\n|-curestatus|p1b: Corviknight|slp|[msg]\n|\n|-weather|Snow|[upkeep]\n|upkeep\n|turn|3\n|inactive|LasermanZ111 has 30 seconds left.\n|\n|t:|1683602445\n|move|p1a: Abomasnow|Blizzard|p2a: Flutter Mane|[spread] p2a,p2b\n|-supereffective|p2b: Brute Bonnet\n|-crit|p2b: Brute Bonnet\n|-damage|p2a: Flutter Mane|44\/100\n|-damage|p2b: Brute Bonnet|0 fnt\n|faint|p2b: Brute Bonnet\n|-end|p2b: Brute Bonnet|Protosynthesis|[silent]\n|move|p1b: Corviknight|Brave Bird|p2a: Flutter Mane\n|-damage|p2a: Flutter Mane|0 fnt\n|faint|p2a: Flutter Mane\n|-end|p2a: Flutter Mane|Protosynthesis|[silent]\n|-damage|p1b: Corviknight|90\/100|[from] Recoil\n|\n|-weather|Snow|[upkeep]\n|upkeep\n|\n|t:|1683602455\n|switch|p2a: Baxcalibur|Baxcalibur, L50, M|100\/100\n|switch|p2b: Azumarill|Azumarill, L50, F|100\/100\n|turn|4\n|\n|t:|1683602475\n|-terastallize|p2a: Baxcalibur|Electric\n|move|p1a: Abomasnow|Blizzard|p2a: Baxcalibur|[spread] p2a,p2b\n|-resisted|p2b: Azumarill\n|-damage|p2a: Baxcalibur|67\/100\n|-damage|p2b: Azumarill|88\/100\n|move|p1b: Corviknight|Brave Bird|p2b: Azumarill\n|-damage|p2b: Azumarill|37\/100\n|-damage|p1b: Corviknight|73\/100|[from] Recoil\n|move|p2a: Baxcalibur|Tera Blast|p1b: Corviknight\n|-supereffective|p1b: Corviknight\n|-damage|p1b: Corviknight|0 fnt\n|faint|p1b: Corviknight\n|-damage|p2a: Baxcalibur|57\/100|[from] item: Life Orb\n|move|p2b: Azumarill|Play Rough|p1a: Abomasnow\n|-damage|p1a: Abomasnow|52\/100\n|\n|-weather|Snow|[upkeep]\n|upkeep\n|inactive|LasermanZ111 has 30 seconds left.\n|\n|t:|1683602504\n|switch|p1b: Iron Hands|Iron Hands, L50|100\/100\n|turn|5\n|\n|t:|1683602510\n|move|p2a: Baxcalibur|Protect|p2a: Baxcalibur\n|-singleturn|p2a: Baxcalibur|Protect\n|move|p1a: Abomasnow|Energy Ball|p2b: Azumarill\n|-supereffective|p2b: Azumarill\n|-damage|p2b: Azumarill|0 fnt\n|faint|p2b: Azumarill\n|move|p1b: Iron Hands|Wild Charge|p2a: Baxcalibur\n|-activate|p2a: Baxcalibur|move: Protect\n|\n|-weather|Snow|[upkeep]\n|-sideend|p1: LasermanZ111|move: Tailwind\n|upkeep\n|turn|6\n|-message|Jdhrvrjfnt forfeited.\n|\n|win|LasermanZ111\n|raw|LasermanZ111's rating: 1389 → 1408<\/strong> (+19 for winning)\n|raw|Jdhrvrjfnt's rating: 1367 → 1348<\/strong> (-19 for losing)\n|l|\u2606Jdhrvrjfnt\n","uploadtime":1683602528,"views":7,"p1id":"lasermanz111","p2id":"jdhrvrjfnt","formatid":"gen9vgc2023regulationc","rating":1348,"private":0,"password":""}