{"id":"gen9vgc2023regulationc-1861337649","p1":"LemonJuice07","p2":"wackomarko","format":"[Gen 9] VGC 2023 Regulation C","log":"|j|\u2606LemonJuice07\n|j|\u2606wackomarko\n|t:|1683747267\n|gametype|doubles\n|player|p1|LemonJuice07|101|1002\n|player|p2|wackomarko|hiker-gen4|1041\n|teamsize|p1|6\n|teamsize|p2|6\n|gen|9\n|tier|[Gen 9] VGC 2023 Regulation C\n|rated|\n|rule|Species Clause: Limit one of each Pok\u00e9mon\n|rule|Item Clause: Limit one of each item\n|clearpoke\n|poke|p1|Skeledirge, L50, M|\n|poke|p1|Meowscarada, L50, M|\n|poke|p1|Hydreigon, L50, M|\n|poke|p1|Kingambit, L50, M|\n|poke|p1|Annihilape, L50, F|\n|poke|p1|Toedscruel, L50, F|\n|poke|p2|Talonflame, L50, F|\n|poke|p2|Amoonguss, L50, M|\n|poke|p2|Flutter Mane, L50|\n|poke|p2|Chien-Pao, L50|\n|poke|p2|Gyarados, L50, F|\n|poke|p2|Dragapult, L50, F|\n|teampreview|4\n|\n|t:|1683747294\n|start\n|switch|p1a: Annihilape|Annihilape, L50, F, shiny|100\/100\n|switch|p1b: Skeledirge|Skeledirge, L50, M, shiny|100\/100\n|switch|p2a: Talonflame|Talonflame, L50, F, shiny|100\/100\n|switch|p2b: Flutter Mane|Flutter Mane, L50, shiny|100\/100\n|turn|1\n|\n|t:|1683747316\n|-terastallize|p1a: Annihilape|Steel\n|-terastallize|p2b: Flutter Mane|Fairy\n|move|p1b: Skeledirge|Protect|p1b: Skeledirge\n|-singleturn|p1b: Skeledirge|Protect\n|move|p2a: Talonflame|Tailwind|p2a: Talonflame\n|-sidestart|p2: wackomarko|move: Tailwind\n|move|p2b: Flutter Mane|Dazzling Gleam|p1a: Annihilape|[spread] p1a\n|-activate|p1b: Skeledirge|move: Protect\n|-resisted|p1a: Annihilape\n|-damage|p1a: Annihilape|77\/100\n|-damage|p2b: Flutter Mane|91\/100|[from] item: Life Orb\n|move|p1a: Annihilape|Rage Fist|p2b: Flutter Mane\n|-damage|p2b: Flutter Mane|11\/100\n|\n|upkeep\n|turn|2\n|\n|t:|1683747335\n|move|p2a: Talonflame|Will-O-Wisp|p1a: Annihilape|[miss]\n|-miss|p2a: Talonflame|p1a: Annihilape\n|move|p2b: Flutter Mane|Shadow Ball|p1a: Annihilape\n|-damage|p1a: Annihilape|30\/100\n|-damage|p2b: Flutter Mane|2\/100|[from] item: Life Orb\n|move|p1a: Annihilape|Rage Fist|p2a: Talonflame\n|-damage|p2a: Talonflame|23\/100\n|move|p1b: Skeledirge|Torch Song|p2b: Flutter Mane\n|-damage|p2b: Flutter Mane|0 fnt\n|-boost|p1b: Skeledirge|spa|1\n|faint|p2b: Flutter Mane\n|-end|p2b: Flutter Mane|Protosynthesis|[silent]\n|\n|upkeep\n|\n|t:|1683747351\n|switch|p2b: Dragapult|Dragapult, L50, F, shiny|100\/100\n|turn|3\n|\n|t:|1683747360\n|switch|p2a: Chien-Pao|Chien-Pao, L50|100\/100\n|-ability|p2a: Chien-Pao|Sword of Ruin\n|move|p2b: Dragapult|Dragon Darts|p1b: Skeledirge\n|-damage|p1b: Skeledirge|63\/100\n|-anim|p2b: Dragapult|Dragon Darts|p1a: Annihilape\n|-resisted|p1a: Annihilape\n|-damage|p1a: Annihilape|7\/100\n|move|p1a: Annihilape|Rage Fist|p2b: Dragapult\n|-supereffective|p2b: Dragapult\n|-damage|p2b: Dragapult|0 fnt\n|faint|p2b: Dragapult\n|move|p1b: Skeledirge|Torch Song|p2a: Chien-Pao\n|-supereffective|p2a: Chien-Pao\n|-enditem|p2a: Chien-Pao|Focus Sash\n|-damage|p2a: Chien-Pao|1\/100\n|-boost|p1b: Skeledirge|spa|1\n|\n|-heal|p1b: Skeledirge|69\/100|[from] item: Leftovers\n|upkeep\n|\n|t:|1683747378\n|switch|p2b: Talonflame|Talonflame, L50, F, shiny|23\/100\n|turn|4\n|\n|t:|1683747392\n|move|p2a: Chien-Pao|Sucker Punch|p1b: Skeledirge\n|-supereffective|p1b: Skeledirge\n|-damage|p1b: Skeledirge|0 fnt\n|faint|p1b: Skeledirge\n|move|p2b: Talonflame|Brave Bird|p1a: Annihilape\n|-resisted|p1a: Annihilape\n|-damage|p1a: Annihilape|0 fnt\n|faint|p1a: Annihilape\n|-damage|p2b: Talonflame|20\/100|[from] Recoil\n|\n|-sideend|p2: wackomarko|move: Tailwind\n|upkeep\n|\n|t:|1683747401\n|switch|p1a: Meowscarada|Meowscarada, L50, M, shiny|100\/100\n|switch|p1b: Hydreigon|Hydreigon, L50, M, shiny|100\/100\n|turn|5\n|\n|t:|1683747425\n|move|p1a: Meowscarada|Sucker Punch|p2a: Chien-Pao\n|-resisted|p2a: Chien-Pao\n|-damage|p2a: Chien-Pao|0 fnt\n|faint|p2a: Chien-Pao\n|move|p2b: Talonflame|Brave Bird|p1a: Meowscarada\n|-supereffective|p1a: Meowscarada\n|-enditem|p1a: Meowscarada|Focus Sash\n|-damage|p1a: Meowscarada|1\/100\n|-damage|p2b: Talonflame|0 fnt|[from] Recoil\n|faint|p2b: Talonflame\n|\n|win|LemonJuice07\n|raw|LemonJuice07's rating: 1002 → 1046<\/strong> (+44 for winning)\n|raw|wackomarko's rating: 1041 → 1023<\/strong> (-18 for losing)\n|c|\u2606LemonJuice07|gg\n|c|\u2606wackomarko|indeed gg\n","uploadtime":1683747440,"views":5,"p1id":"lemonjuice07","p2id":"wackomarko","formatid":"gen9vgc2023regulationc","rating":1023,"private":0,"password":""}