{"id":"gen9vgc2023regulationc-1845854993","p1":"uhoh I poopd","p2":"CordonBleuPlus","format":"[Gen 9] VGC 2023 Regulation C","log":"|j|\u2606uhoh I poopd\n|j|\u2606CordonBleuPlus\n|t:|1681771780\n|gametype|doubles\n|player|p1|uhoh I poopd|colress|1237\n|player|p2|CordonBleuPlus|265|1297\n|teamsize|p1|6\n|teamsize|p2|6\n|gen|9\n|tier|[Gen 9] VGC 2023 Regulation C\n|rated|\n|rule|Species Clause: Limit one of each Pok\u00e9mon\n|rule|Item Clause: Limit one of each item\n|clearpoke\n|poke|p1|Masquerain, L50, M|\n|poke|p1|Coalossal, L50, M|\n|poke|p1|Ting-Lu, L50|\n|poke|p1|Amoonguss, L50, M|\n|poke|p1|Arcanine, L50, M|\n|poke|p1|Palafin, L50, M|\n|poke|p2|Maushold, L50|\n|poke|p2|Lucario, L50, F|\n|poke|p2|Chien-Pao, L50|\n|poke|p2|Iron Hands, L50|\n|poke|p2|Amoonguss, L50, F|\n|poke|p2|Palafin, L50, M|\n|teampreview|4\n|inactive|Battle timer is ON: inactive players will automatically lose when time's up. (requested by CordonBleuPlus)\n|\n|t:|1681771843\n|start\n|switch|p1a: de Havilland|Masquerain, L50, M|100\/100\n|switch|p1b: Armavee|Coalossal, L50, M|100\/100\n|switch|p2a: Iron Hands|Iron Hands, L50|100\/100\n|switch|p2b: Amoonguss|Amoonguss, L50, F|100\/100\n|-ability|p1a: de Havilland|Intimidate|boost\n|-unboost|p2a: Iron Hands|atk|1\n|-unboost|p2b: Amoonguss|atk|1\n|turn|1\n|\n|t:|1681771860\n|move|p1a: de Havilland|Protect|p1a: de Havilland\n|-singleturn|p1a: de Havilland|Protect\n|move|p1b: Armavee|Protect|p1b: Armavee\n|-singleturn|p1b: Armavee|Protect\n|move|p2a: Iron Hands|Fake Out|p1a: de Havilland\n|-activate|p1a: de Havilland|move: Protect\n|move|p2b: Amoonguss|Spore|p1b: Armavee\n|-activate|p1b: Armavee|move: Protect\n|\n|upkeep\n|turn|2\n|\n|t:|1681771875\n|move|p2b: Amoonguss|Protect|p2b: Amoonguss\n|-singleturn|p2b: Amoonguss|Protect\n|move|p1a: de Havilland|Aqua Jet|p1b: Armavee\n|-supereffective|p1b: Armavee\n|-damage|p1b: Armavee|83\/100\n|-ability|p1b: Armavee|Steam Engine|boost\n|-boost|p1b: Armavee|spe|6\n|-enditem|p1b: Armavee|Weakness Policy\n|-boost|p1b: Armavee|atk|2|[from] item: Weakness Policy\n|-boost|p1b: Armavee|spa|2|[from] item: Weakness Policy\n|move|p1b: Armavee|Heat Wave|p2a: Iron Hands|[spread] p2a\n|-activate|p2b: Amoonguss|move: Protect\n|-damage|p2a: Iron Hands|75\/100\n|-status|p2a: Iron Hands|brn\n|move|p2a: Iron Hands|Drain Punch|p1b: Armavee\n|-supereffective|p1b: Armavee\n|-damage|p1b: Armavee|62\/100\n|-heal|p2a: Iron Hands|83\/100 brn|[from] drain|[of] p1b: Armavee\n|\n|-damage|p2a: Iron Hands|77\/100 brn|[from] brn\n|upkeep\n|turn|3\n|inactive|uhoh I poopd has 30 seconds left.\n|inactive|CordonBleuPlus has 30 seconds left.\n|inactive|CordonBleuPlus has 20 seconds left.\n|\n|t:|1681771911\n|switch|p2b: Palafin|Palafin, L50, M|100\/100\n|-terastallize|p1b: Armavee|Grass\n|move|p1b: Armavee|Heat Wave|p2a: Iron Hands|[spread] p2a,p2b\n|-resisted|p2b: Palafin\n|-damage|p2a: Iron Hands|53\/100 brn\n|-damage|p2b: Palafin|69\/100\n|move|p1a: de Havilland|Struggle Bug|p2b: Palafin|[spread] p2a,p2b\n|-resisted|p2a: Iron Hands\n|-damage|p2a: Iron Hands|49\/100 brn\n|-damage|p2b: Palafin|53\/100\n|-unboost|p2a: Iron Hands|spa|1\n|-unboost|p2b: Palafin|spa|1\n|move|p2a: Iron Hands|Drain Punch|p1b: Armavee\n|-damage|p1b: Armavee|52\/100\n|-heal|p2a: Iron Hands|54\/100 brn|[from] drain|[of] p1b: Armavee\n|\n|-damage|p2a: Iron Hands|47\/100 brn|[from] brn\n|upkeep\n|turn|4\n|\n|t:|1681771925\n|detailschange|p2b: Palafin|Palafin-Hero, L50, M\n|switch|p2b: Chien-Pao|Chien-Pao, L50|100\/100\n|-ability|p2b: Chien-Pao|Sword of Ruin\n|move|p1b: Armavee|Tera Blast|p2a: Iron Hands\n|-damage|p2a: Iron Hands|16\/100 brn\n|move|p1a: de Havilland|Struggle Bug|p2b: Chien-Pao|[spread] p2a,p2b\n|-resisted|p2a: Iron Hands\n|-supereffective|p2b: Chien-Pao\n|-damage|p2a: Iron Hands|13\/100 brn\n|-damage|p2b: Chien-Pao|54\/100\n|-unboost|p2a: Iron Hands|spa|1\n|-unboost|p2b: Chien-Pao|spa|1\n|move|p2a: Iron Hands|Drain Punch|p1b: Armavee\n|-damage|p1b: Armavee|39\/100\n|-heal|p2a: Iron Hands|19\/100 brn|[from] drain|[of] p1b: Armavee\n|\n|-damage|p2a: Iron Hands|13\/100 brn|[from] brn\n|upkeep\n|turn|5\n|\n|t:|1681771948\n|switch|p1a: Toad|Amoonguss, L50, M|100\/100\n|-end|p2a: Iron Hands|Quark Drive|[silent]\n|switch|p2a: Amoonguss|Amoonguss, L50, F|100\/100\n|move|p1b: Armavee|Protect|p1b: Armavee\n|-singleturn|p1b: Armavee|Protect\n|move|p2b: Chien-Pao|Ice Spinner|p1b: Armavee\n|-activate|p1b: Armavee|move: Protect\n|\n|upkeep\n|turn|6\n|\n|t:|1681771968\n|move|p2b: Chien-Pao|Protect|p2b: Chien-Pao\n|-singleturn|p2b: Chien-Pao|Protect\n|move|p1a: Toad|Rage Powder|p1a: Toad\n|-singleturn|p1a: Toad|move: Rage Powder\n|move|p1b: Armavee|Heat Wave|p2b: Chien-Pao|[spread] p2a\n|-activate|p2b: Chien-Pao|move: Protect\n|-supereffective|p2a: Amoonguss\n|-enditem|p2a: Amoonguss|Occa Berry|[eat]\n|-enditem|p2a: Amoonguss|Occa Berry|[weaken]\n|-damage|p2a: Amoonguss|57\/100\n|move|p2a: Amoonguss|Pollen Puff|p1b: Armavee\n|-supereffective|p1b: Armavee\n|-damage|p1b: Armavee|0 fnt\n|faint|p1b: Armavee\n|\n|upkeep\n|\n|t:|1681771979\n|switch|p1b: Israfel|Ting-Lu, L50|100\/100\n|-ability|p1b: Israfel|Vessel of Ruin\n|turn|7\n|\n|t:|1681771990\n|switch|p1b: de Havilland|Masquerain, L50, M|100\/100\n|-ability|p1b: de Havilland|Intimidate|boost\n|-unboost|p2a: Amoonguss|atk|1\n|-unboost|p2b: Chien-Pao|atk|1\n|move|p2b: Chien-Pao|Ice Spinner|p1a: Toad\n|-supereffective|p1a: Toad\n|-damage|p1a: Toad|34\/100\n|move|p2a: Amoonguss|Pollen Puff|p2b: Chien-Pao\n|-heal|p2b: Chien-Pao|100\/100\n|move|p1a: Toad|Pollen Puff|p2b: Chien-Pao\n|-supereffective|p2b: Chien-Pao\n|-damage|p2b: Chien-Pao|44\/100\n|\n|upkeep\n|turn|8\n|\n|t:|1681772010\n|move|p2b: Chien-Pao|Protect|p2b: Chien-Pao\n|-singleturn|p2b: Chien-Pao|Protect\n|move|p1a: Toad|Protect|p1a: Toad\n|-singleturn|p1a: Toad|Protect\n|move|p1b: de Havilland|Struggle Bug|p2b: Chien-Pao|[spread] p2a\n|-activate|p2b: Chien-Pao|move: Protect\n|-crit|p2a: Amoonguss\n|-damage|p2a: Amoonguss|42\/100\n|-unboost|p2a: Amoonguss|spa|1\n|move|p2a: Amoonguss|Pollen Puff|p1a: Toad\n|-activate|p1a: Toad|move: Protect\n|\n|upkeep\n|turn|9\n|inactive|CordonBleuPlus has 30 seconds left.\n|\n|t:|1681772040\n|switch|p2b: Palafin|Palafin-Hero, L50, M|53\/100\n|-activate|p2b: Palafin|ability: Zero to Hero\n|switch|p1a: Israfel|Ting-Lu, L50|100\/100\n|-ability|p1a: Israfel|Vessel of Ruin\n|move|p1b: de Havilland|Struggle Bug|p2a: Amoonguss|[spread] p2a,p2b\n|-damage|p2a: Amoonguss|34\/100\n|-damage|p2b: Palafin|43\/100\n|-unboost|p2a: Amoonguss|spa|1\n|-unboost|p2b: Palafin|spa|1\n|move|p2a: Amoonguss|Spore|p1b: de Havilland\n|-activate|p1b: de Havilland|item: Safety Goggles|Spore\n|\n|upkeep\n|turn|10\n|inactive|CordonBleuPlus has 30 seconds left.\n|inactive|CordonBleuPlus has 20 seconds left.\n|\n|t:|1681772076\n|switch|p1a: Toad|Amoonguss, L50, M|67\/100\n|switch|p2a: Chien-Pao|Chien-Pao, L50|44\/100\n|-ability|p2a: Chien-Pao|Sword of Ruin\n|-terastallize|p2b: Palafin|Water\n|move|p1b: de Havilland|Struggle Bug|p2a: Chien-Pao|[spread] p2a,p2b\n|-supereffective|p2a: Chien-Pao\n|-damage|p2a: Chien-Pao|2\/100\n|-damage|p2b: Palafin|30\/100\n|-unboost|p2a: Chien-Pao|spa|1\n|-unboost|p2b: Palafin|spa|1\n|move|p2b: Palafin|Wave Crash|p1a: Toad\n|-resisted|p1a: Toad\n|-damage|p1a: Toad|0 fnt\n|faint|p1a: Toad\n|-damage|p2b: Palafin|7\/100|[from] Recoil\n|-damage|p2b: Palafin|0 fnt|[from] item: Life Orb\n|faint|p2b: Palafin\n|\n|upkeep\n|inactive|CordonBleuPlus has 30 seconds left.\n|\n|t:|1681772103\n|switch|p2b: Amoonguss|Amoonguss, L50, F|67\/100\n|switch|p1a: Israfel|Ting-Lu, L50|100\/100\n|-ability|p1a: Israfel|Vessel of Ruin\n|turn|11\n|\n|t:|1681772127\n|move|p2a: Chien-Pao|Protect|p2a: Chien-Pao\n|-singleturn|p2a: Chien-Pao|Protect\n|move|p1b: de Havilland|Aqua Jet|p2a: Chien-Pao\n|-activate|p2a: Chien-Pao|move: Protect\n|move|p1a: Israfel|Fissure|p2b: Amoonguss|[miss]\n|-miss|p1a: Israfel|p2b: Amoonguss\n|move|p2b: Amoonguss|Spore|p1a: Israfel\n|-status|p1a: Israfel|slp|[from] move: Spore\n|\n|upkeep\n|turn|12\n|inactive|CordonBleuPlus has 30 seconds left.\n|inactive|CordonBleuPlus has 20 seconds left.\n|inactive|CordonBleuPlus has 15 seconds left.\n|inactive|CordonBleuPlus has 10 seconds left.\n|\n|t:|1681772172\n|move|p1b: de Havilland|Aqua Jet|p2a: Chien-Pao\n|-damage|p2a: Chien-Pao|0 fnt\n|faint|p2a: Chien-Pao\n|cant|p1a: Israfel|slp\n|move|p2b: Amoonguss|Pollen Puff|p2: Chien-Pao|[notarget]\n|-fail|p2b: Amoonguss\n|\n|upkeep\n|\n|t:|1681772181\n|switch|p2a: Iron Hands|Iron Hands, L50|13\/100 brn\n|turn|13\n|\n|t:|1681772195\n|move|p2a: Iron Hands|Fake Out|p1b: de Havilland\n|-damage|p1b: de Havilland|89\/100\n|cant|p1b: de Havilland|flinch\n|-curestatus|p1a: Israfel|slp|[msg]\n|move|p1a: Israfel|Stomping Tantrum|p2a: Iron Hands\n|-supereffective|p2a: Iron Hands\n|-damage|p2a: Iron Hands|0 fnt\n|faint|p2a: Iron Hands\n|-end|p2a: Iron Hands|Quark Drive|[silent]\n|move|p2b: Amoonguss|Pollen Puff|p2: Iron Hands|[notarget]\n|-fail|p2b: Amoonguss\n|\n|upkeep\n|turn|14\n|-message|CordonBleuPlus forfeited.\n|\n|win|uhoh I poopd\n|raw|uhoh I poopd's rating: 1237 → 1266<\/strong> (+29 for winning)\n|raw|CordonBleuPlus's rating: 1297 → 1268<\/strong> (-29 for losing)\n|l|\u2606CordonBleuPlus\n","uploadtime":1681772380,"views":5,"p1id":"uhohipoopd","p2id":"cordonbleuplus","formatid":"gen9vgc2023regulationc","rating":1266,"private":0,"password":""}