{"id":"gen9vgc2023regulationc-1851217886","p1":"haha u rage quit","p2":"lewey","format":"[Gen 9] VGC 2023 Regulation C","log":"|j|\u2606haha u rage quit\n|j|\u2606lewey\n|t:|1682426229\n|gametype|doubles\n|player|p1|haha u rage quit|pokemaniac|1187\n|player|p2|lewey|170|1214\n|teamsize|p1|6\n|teamsize|p2|6\n|gen|9\n|tier|[Gen 9] VGC 2023 Regulation C\n|rated|\n|rule|Species Clause: Limit one of each Pok\u00e9mon\n|rule|Item Clause: Limit one of each item\n|clearpoke\n|poke|p1|Iron Bundle, L50|\n|poke|p1|Abomasnow, L50, M|\n|poke|p1|Indeedee-F, L50, F|\n|poke|p1|Armarouge, L50, M|\n|poke|p1|Tatsugiri, L50, M|\n|poke|p1|Dondozo, L50, M|\n|poke|p2|Chien-Pao, L50|\n|poke|p2|Grimmsnarl, L50, M|\n|poke|p2|Camerupt, L50, F|\n|poke|p2|Roaring Moon, L50|\n|poke|p2|Amoonguss, L50, F|\n|poke|p2|Goodra, L50, M|\n|teampreview|4\n|inactive|Battle timer is ON: inactive players will automatically lose when time's up. (requested by lewey)\n|\n|t:|1682426275\n|start\n|switch|p1a: Iron Bundle|Iron Bundle, L50, shiny|100\/100\n|switch|p1b: Abomasnow|Abomasnow, L50, M|100\/100\n|switch|p2a: Grimmsnarl|Grimmsnarl, L50, M|100\/100\n|switch|p2b: Goodra|Goodra, L50, M|100\/100\n|-weather|Snow|[from] ability: Snow Warning|[of] p1b: Abomasnow\n|-enditem|p1a: Iron Bundle|Booster Energy\n|-activate|p1a: Iron Bundle|ability: Quark Drive|[fromitem]\n|-start|p1a: Iron Bundle|quarkdrivespe\n|turn|1\n|l|\u2606haha u rage quit\n|inactive|haha u rage quit disconnected and has a minute to reconnect!\n|player|p1|\n|inactive|haha u rage quit has 30 seconds left.\n|j|\u2606haha u rage quit\n|inactive|haha u rage quit reconnected and has 30 seconds left.\n|player|p1|haha u rage quit|pokemaniac\n|inactive|haha u rage quit has 20 seconds left.\n|\n|t:|1682426314\n|move|p2a: Grimmsnarl|Trick|p1a: Iron Bundle\n|-activate|p2a: Grimmsnarl|move: Trick|[of] p1a: Iron Bundle\n|-item|p1a: Iron Bundle|Iron Ball|[from] move: Trick\n|-enditem|p2a: Grimmsnarl|Iron Ball|[silent]|[from] move: Trick\n|move|p1a: Iron Bundle|Blizzard|p2b: Goodra|[spread] p2a,p2b\n|-supereffective|p2b: Goodra\n|-damage|p2a: Grimmsnarl|54\/100\n|-damage|p2b: Goodra|58\/100\n|-status|p2a: Grimmsnarl|frz\n|move|p2b: Goodra|Flamethrower|p1b: Abomasnow\n|-supereffective|p1b: Abomasnow\n|-damage|p1b: Abomasnow|0 fnt\n|faint|p1b: Abomasnow\n|\n|-weather|Snow|[upkeep]\n|upkeep\n|\n|t:|1682426329\n|switch|p1b: Tatsugiri|Tatsugiri, L50, M|100\/100\n|turn|2\n|inactive|lewey has 30 seconds left.\n|\n|t:|1682426357\n|cant|p2a: Grimmsnarl|frz\n|move|p1b: Tatsugiri|Icy Wind|p2a: Grimmsnarl|[spread] p2a,p2b\n|-supereffective|p2b: Goodra\n|-damage|p2a: Grimmsnarl|39\/100 frz\n|-damage|p2b: Goodra|46\/100\n|-unboost|p2a: Grimmsnarl|spe|1\n|-unboost|p2b: Goodra|spe|1\n|move|p1a: Iron Bundle|Blizzard|p2a: Grimmsnarl|[spread] p2a,p2b\n|-supereffective|p2b: Goodra\n|-damage|p2a: Grimmsnarl|0 fnt\n|-damage|p2b: Goodra|6\/100\n|faint|p2a: Grimmsnarl\n|move|p2b: Goodra|Thunderbolt|p1a: Iron Bundle\n|-supereffective|p1a: Iron Bundle\n|-damage|p1a: Iron Bundle|0 fnt\n|faint|p1a: Iron Bundle\n|-end|p1a: Iron Bundle|Quark Drive|[silent]\n|\n|-weather|Snow|[upkeep]\n|upkeep\n|\n|t:|1682426377\n|switch|p1a: Dondozo|Dondozo, L50, M|100\/100\n|switch|p2a: Chien-Pao|Chien-Pao, L50|100\/100\n|-activate|p1b: Tatsugiri|ability: Commander|[of] p1a: Dondozo\n|-boost|p1a: Dondozo|atk|2\n|-boost|p1a: Dondozo|spa|2\n|-boost|p1a: Dondozo|spe|2\n|-boost|p1a: Dondozo|def|2\n|-boost|p1a: Dondozo|spd|2\n|-ability|p2a: Chien-Pao|Sword of Ruin\n|turn|3\n|\n|t:|1682426394\n|move|p2a: Chien-Pao|Sucker Punch||[still]\n|-fail|p2a: Chien-Pao\n|move|p1a: Dondozo|Earthquake|p2b: Goodra|[spread] p2a,p2b\n|-miss|p1a: Dondozo|p1b: Tatsugiri\n|-damage|p2a: Chien-Pao|59\/100\n|-damage|p2b: Goodra|0 fnt\n|faint|p2b: Goodra\n|\n|-weather|Snow|[upkeep]\n|upkeep\n|\n|t:|1682426397\n|switch|p2b: Roaring Moon|Roaring Moon, L50|100\/100\n|-enditem|p2b: Roaring Moon|Booster Energy\n|-activate|p2b: Roaring Moon|ability: Protosynthesis|[fromitem]\n|-start|p2b: Roaring Moon|protosynthesisspe\n|turn|4\n|\n|t:|1682426411\n|move|p2b: Roaring Moon|Acrobatics|p1b: Tatsugiri|[miss]\n|-miss|p2b: Roaring Moon|p1b: Tatsugiri\n|move|p2a: Chien-Pao|Ice Spinner|p1b: Tatsugiri|[miss]\n|-miss|p2a: Chien-Pao|p1b: Tatsugiri\n|move|p1a: Dondozo|Order Up|p2b: Roaring Moon\n|-supereffective|p2b: Roaring Moon\n|-damage|p2b: Roaring Moon|0 fnt\n|faint|p2b: Roaring Moon\n|-end|p2b: Roaring Moon|Protosynthesis|[silent]\n|-boost|p1a: Dondozo|atk|1\n|\n|-weather|Snow|[upkeep]\n|upkeep\n|turn|5\n|\n|t:|1682426424\n|move|p2a: Chien-Pao|Throat Chop|p1a: Dondozo\n|-damage|p1a: Dondozo|76\/100\n|-start|p1a: Dondozo|Throat Chop|[silent]\n|-damage|p2a: Chien-Pao|49\/100|[from] item: Life Orb\n|move|p1a: Dondozo|Wave Crash|p2a: Chien-Pao\n|-damage|p2a: Chien-Pao|0 fnt\n|faint|p2a: Chien-Pao\n|-damage|p1a: Dondozo|65\/100|[from] Recoil\n|\n|win|haha u rage quit\n|raw|haha u rage quit's rating: 1187 → 1214<\/strong> (+27 for winning)\n|raw|lewey's rating: 1214 → 1187<\/strong> (-27 for losing)\n|l|\u2606lewey\n","uploadtime":1682426451,"views":6,"p1id":"hahauragequit","p2id":"lewey","formatid":"gen9vgc2023regulationc","rating":1187,"private":0,"password":""}