{"id":"gen9vgc2023regulationc-1863238466","p1":"Edward2201","p2":"Sukiyaki Eater","format":"[Gen 9] VGC 2023 Regulation C","log":"|j|\u2606Edward2201\n|j|\u2606Sukiyaki Eater\n|t:|1683992277\n|gametype|doubles\n|player|p1|Edward2201|102|1244\n|player|p2|Sukiyaki Eater|1|1201\n|teamsize|p1|6\n|teamsize|p2|6\n|gen|9\n|tier|[Gen 9] VGC 2023 Regulation C\n|rated|\n|rule|Species Clause: Limit one of each Pok\u00e9mon\n|rule|Item Clause: Limit one of each item\n|clearpoke\n|poke|p1|Flutter Mane, L50|\n|poke|p1|Amoonguss, L50, F|\n|poke|p1|Chi-Yu, L50|\n|poke|p1|Iron Bundle, L50|\n|poke|p1|Scream Tail, L50|\n|poke|p1|Annihilape, L50, F|\n|poke|p2|Volcarona, L50, F|\n|poke|p2|Gyarados, L50, F|\n|poke|p2|Gholdengo, L50|\n|poke|p2|Iron Hands, L50|\n|poke|p2|Glimmora, L50, M|\n|poke|p2|Scream Tail, L50|\n|teampreview|4\n|c|\u2606Edward2201|Spero tua madre muoia\n|n|\u203dEdward2201|edward2201\n|c|&|\/log Edward2201 was locked from talking by Artemis. (\u2606Edward2201: Spero tua madre muoia)\n|c|&|\/raw This action was done automatically. Want to learn more about the AI? Visit the information thread<\/a>.<\/small>\n|\n|t:|1683992335\n|start\n|switch|p1a: Scream Tail|Scream Tail, L50, shiny|100\/100\n|switch|p1b: Annihilape|Annihilape, L50, F, shiny|100\/100\n|switch|p2a: Volcarona|Volcarona, L50, F|100\/100\n|switch|p2b: Gholdengo|Gholdengo, L50|100\/100\n|-enditem|p1a: Scream Tail|Booster Energy\n|-activate|p1a: Scream Tail|ability: Protosynthesis|[fromitem]\n|-start|p1a: Scream Tail|protosynthesisspe\n|turn|1\n|inactive|Battle timer is ON: inactive players will automatically lose when time's up. (requested by Edward2201)\n|\n|t:|1683992365\n|move|p1a: Scream Tail|Protect|p1a: Scream Tail\n|-singleturn|p1a: Scream Tail|Protect\n|move|p2b: Gholdengo|Protect|p2b: Gholdengo\n|-singleturn|p2b: Gholdengo|Protect\n|move|p2a: Volcarona|Tailwind|p2a: Volcarona\n|-sidestart|p2: Sukiyaki Eater|move: Tailwind\n|move|p1b: Annihilape|Bulk Up|p1b: Annihilape\n|-boost|p1b: Annihilape|atk|1\n|-boost|p1b: Annihilape|def|1\n|\n|upkeep\n|turn|2\n|inactive|Edward2201 has 30 seconds left.\n|\n|t:|1683992393\n|move|p2a: Volcarona|Rage Powder|p2a: Volcarona\n|-singleturn|p2a: Volcarona|move: Rage Powder\n|move|p1a: Scream Tail|Encore|p2a: Volcarona\n|-start|p2a: Volcarona|Encore\n|move|p2b: Gholdengo|Nasty Plot|p2b: Gholdengo\n|-boost|p2b: Gholdengo|spa|2\n|move|p1b: Annihilape|Drain Punch|p2a: Volcarona\n|-resisted|p2a: Volcarona\n|-damage|p2a: Volcarona|75\/100\n|-damage|p1b: Annihilape|84\/100|[from] item: Rocky Helmet|[of] p2a: Volcarona\n|\n|upkeep\n|turn|3\n|\n|t:|1683992414\n|move|p1b: Annihilape|Protect|p1b: Annihilape\n|-singleturn|p1b: Annihilape|Protect\n|move|p2a: Volcarona|Rage Powder|p2a: Volcarona\n|-singleturn|p2a: Volcarona|move: Rage Powder\n|move|p1a: Scream Tail|Disable|p2a: Volcarona\n|-start|p2a: Volcarona|Disable|Rage Powder\n|move|p2b: Gholdengo|Make It Rain|p1a: Scream Tail|[spread] p1a\n|-activate|p1b: Annihilape|move: Protect\n|-supereffective|p1a: Scream Tail\n|-damage|p1a: Scream Tail|0 fnt\n|-unboost|p2b: Gholdengo|spa|1\n|faint|p1a: Scream Tail\n|-end|p1a: Scream Tail|Protosynthesis|[silent]\n|\n|upkeep\n|\n|t:|1683992431\n|switch|p1a: Flutter Mane|Flutter Mane, L50, shiny|100\/100\n|turn|4\n|\n|t:|1683992444\n|switch|p2a: Glimmora|Glimmora, L50, M|100\/100\n|move|p2b: Gholdengo|Protect|p2b: Gholdengo\n|-singleturn|p2b: Gholdengo|Protect\n|move|p1a: Flutter Mane|Power Gem|p2a: Glimmora\n|-damage|p2a: Glimmora|54\/100\n|move|p1b: Annihilape|Rage Fist|p2b: Gholdengo\n|-activate|p2b: Gholdengo|move: Protect\n|\n|-sideend|p2: Sukiyaki Eater|move: Tailwind\n|upkeep\n|turn|5\n|\n|t:|1683992464\n|-terastallize|p2b: Gholdengo|Water\n|move|p1a: Flutter Mane|Power Gem|p2a: Glimmora\n|-damage|p2a: Glimmora|7\/100\n|move|p1b: Annihilape|Rage Fist|p2b: Gholdengo\n|-damage|p2b: Gholdengo|73\/100\n|move|p2a: Glimmora|Mortal Spin|p1b: Annihilape|[spread] p1a,p1b\n|-resisted|p1b: Annihilape\n|-damage|p1a: Flutter Mane|91\/100\n|-damage|p1b: Annihilape|83\/100\n|-status|p1a: Flutter Mane|psn\n|-status|p1b: Annihilape|psn\n|move|p2b: Gholdengo|Shadow Ball|p1b: Annihilape\n|-supereffective|p1b: Annihilape\n|-damage|p1b: Annihilape|0 fnt\n|faint|p1b: Annihilape\n|\n|-heal|p2b: Gholdengo|79\/100|[from] item: Leftovers\n|-damage|p1a: Flutter Mane|78\/100 psn|[from] psn\n|upkeep\n|\n|t:|1683992486\n|switch|p1b: Chi-Yu|Chi-Yu, L50|100\/100\n|-ability|p1b: Chi-Yu|Beads of Ruin\n|turn|6\n|\n|t:|1683992508\n|move|p1b: Chi-Yu|Protect|p1b: Chi-Yu\n|-singleturn|p1b: Chi-Yu|Protect\n|move|p2b: Gholdengo|Protect|p2b: Gholdengo\n|-singleturn|p2b: Gholdengo|Protect\n|move|p1a: Flutter Mane|Power Gem|p2b: Gholdengo\n|-activate|p2b: Gholdengo|move: Protect\n|move|p2a: Glimmora|Mortal Spin|p1a: Flutter Mane|[spread] p1a\n|-activate|p1b: Chi-Yu|move: Protect\n|-damage|p1a: Flutter Mane|68\/100 psn\n|\n|-heal|p2b: Gholdengo|85\/100|[from] item: Leftovers\n|-damage|p1a: Flutter Mane|56\/100 psn|[from] psn\n|upkeep\n|turn|7\n|\n|t:|1683992527\n|switch|p2b: Iron Hands|Iron Hands, L50|100\/100\n|move|p1a: Flutter Mane|Power Gem|p2b: Iron Hands\n|-resisted|p2b: Iron Hands\n|-damage|p2b: Iron Hands|84\/100\n|move|p1b: Chi-Yu|Heat Wave|p2a: Glimmora|[spread] p2a,p2b\n|-resisted|p2a: Glimmora\n|-damage|p2a: Glimmora|0 fnt\n|-damage|p2b: Iron Hands|54\/100\n|-status|p2b: Iron Hands|brn\n|faint|p2a: Glimmora\n|\n|-damage|p1a: Flutter Mane|44\/100 psn|[from] psn\n|-damage|p2b: Iron Hands|48\/100 brn|[from] brn\n|upkeep\n|\n|t:|1683992540\n|switch|p2a: Gholdengo|Gholdengo, L50, tera:Water|85\/100\n|turn|8\n|\n|t:|1683992554\n|move|p1b: Chi-Yu|Protect|p1b: Chi-Yu\n|-singleturn|p1b: Chi-Yu|Protect\n|move|p2a: Gholdengo|Protect|p2a: Gholdengo\n|-singleturn|p2a: Gholdengo|Protect\n|move|p1a: Flutter Mane|Power Gem|p2a: Gholdengo\n|-activate|p2a: Gholdengo|move: Protect\n|move|p2b: Iron Hands|Earthquake|p1a: Flutter Mane|[spread] p1a\n|-activate|p2a: Gholdengo|move: Protect\n|-activate|p1b: Chi-Yu|move: Protect\n|-damage|p1a: Flutter Mane|10\/100 psn\n|\n|-heal|p2a: Gholdengo|91\/100|[from] item: Leftovers\n|-damage|p1a: Flutter Mane|0 fnt|[from] psn\n|faint|p1a: Flutter Mane\n|-end|p1a: Flutter Mane|Protosynthesis|[silent]\n|-damage|p2b: Iron Hands|42\/100 brn|[from] brn\n|upkeep\n|turn|9\n|-message|Edward2201 forfeited.\n|\n|win|Sukiyaki Eater\n|raw|Edward2201's rating: 1244 → 1216<\/strong> (-28 for losing)\n|raw|Sukiyaki Eater's rating: 1201 → 1229<\/strong> (+28 for winning)\n","uploadtime":1683992287,"views":4,"p1id":"edward2201","p2id":"sukiyakieater","formatid":"gen9vgc2023regulationc","rating":1216,"private":0,"password":""}