{"id":"gen9vgc2023regulationc-1857088702","p1":"Liligantslowbro 8","p2":"MaurokingPT","format":"[Gen 9] VGC 2023 Regulation C","log":"|j|\u2606Liligantslowbro 8\n|j|\u2606MaurokingPT\n|t:|1683144635\n|gametype|doubles\n|player|p1|Liligantslowbro 8|cynthia|1000\n|player|p2|MaurokingPT|red|1000\n|teamsize|p1|6\n|teamsize|p2|6\n|gen|9\n|tier|[Gen 9] VGC 2023 Regulation C\n|rated|\n|rule|Species Clause: Limit one of each Pok\u00e9mon\n|rule|Item Clause: Limit one of each item\n|clearpoke\n|poke|p1|Iron Bundle, L50|\n|poke|p1|Iron Hands, L50|\n|poke|p1|Pelipper, L50, F|\n|poke|p1|Palafin, L50, F|\n|poke|p1|Barraskewda, L50, F|\n|poke|p1|Dragonite, L50, F|\n|poke|p2|Arcanine, L50, F|\n|poke|p2|Iron Bundle, L50|\n|poke|p2|Grimmsnarl, L50, M|\n|poke|p2|Annihilape, L50, M|\n|poke|p2|Dragonite, L50, F|\n|poke|p2|Glimmora, L50, M|\n|teampreview|4\n|inactive|Battle timer is ON: inactive players will automatically lose when time's up. (requested by Liligantslowbro 8)\n|inactive|MaurokingPT also wants the timer to be on.\nLiligantslowbro 8 has agreed to open team sheets.\n|\n|t:|1683144664\n|start\n|switch|p1a: Pelipper|Pelipper, L50, F|100\/100\n|switch|p1b: Palafin|Palafin, L50, F|100\/100\n|switch|p2a: Grimmsnarl|Grimmsnarl, L50, M|100\/100\n|switch|p2b: Annihilape|Annihilape, L50, M|100\/100\n|-weather|RainDance|[from] ability: Drizzle|[of] p1a: Pelipper\n|turn|1\n|\n|t:|1683144685\n|detailschange|p1b: Palafin|Palafin-Hero, L50, F\n|switch|p1b: Iron Bundle|Iron Bundle, L50|100\/100\n|move|p2b: Annihilape|Protect|p2b: Annihilape\n|-singleturn|p2b: Annihilape|Protect\n|move|p1a: Pelipper|Protect|p1a: Pelipper\n|-singleturn|p1a: Pelipper|Protect\n|move|p2a: Grimmsnarl|Thunder Wave|p1b: Iron Bundle|[miss]\n|-miss|p2a: Grimmsnarl|p1b: Iron Bundle\n|\n|-weather|RainDance|[upkeep]\n|upkeep\n|turn|2\n|inactive|Liligantslowbro 8 has 30 seconds left.\n|inactive|MaurokingPT has 30 seconds left.\n|\n|t:|1683144719\n|move|p2a: Grimmsnarl|Thunder Wave|p1b: Iron Bundle\n|-status|p1b: Iron Bundle|par\n|move|p2b: Annihilape|Rage Fist|p1a: Pelipper\n|-damage|p1a: Pelipper|72\/100\n|move|p1b: Iron Bundle|Taunt|p2a: Grimmsnarl\n|-start|p2a: Grimmsnarl|move: Taunt\n|move|p1a: Pelipper|Tailwind|p1a: Pelipper\n|-sidestart|p1: Liligantslowbro 8|move: Tailwind\n|\n|-weather|RainDance|[upkeep]\n|upkeep\n|turn|3\n|\n|t:|1683144740\n|move|p1a: Pelipper|Protect|p1a: Pelipper\n|-singleturn|p1a: Pelipper|Protect\n|move|p2b: Annihilape|Protect|p2b: Annihilape\n|-singleturn|p2b: Annihilape|Protect\n|move|p1b: Iron Bundle|Hydro Pump|p2b: Annihilape\n|-activate|p2b: Annihilape|move: Protect\n|move|p2a: Grimmsnarl|Spirit Break|p1a: Pelipper\n|-activate|p1a: Pelipper|move: Protect\n|\n|-weather|RainDance|[upkeep]\n|upkeep\n|turn|4\n|\n|t:|1683144762\n|move|p1b: Iron Bundle|Hydro Pump|p2b: Annihilape\n|-damage|p2b: Annihilape|28\/100\n|move|p1a: Pelipper|Roost|p1a: Pelipper\n|-heal|p1a: Pelipper|100\/100\n|-singleturn|p1a: Pelipper|move: Roost\n|move|p2b: Annihilape|Rage Fist|p1a: Pelipper\n|-damage|p1a: Pelipper|44\/100\n|move|p2a: Grimmsnarl|Spirit Break|p1a: Pelipper\n|-damage|p1a: Pelipper|11\/100\n|-unboost|p1a: Pelipper|spa|1\n|\n|-weather|RainDance|[upkeep]\n|-heal|p2b: Annihilape|34\/100|[from] item: Leftovers\n|upkeep\n|turn|5\n|\n|t:|1683144782\n|move|p1a: Pelipper|Protect|p1a: Pelipper\n|-singleturn|p1a: Pelipper|Protect\n|move|p2b: Annihilape|Protect|p2b: Annihilape\n|-singleturn|p2b: Annihilape|Protect\n|move|p1b: Iron Bundle|Hydro Pump|p2a: Grimmsnarl\n|-damage|p2a: Grimmsnarl|12\/100\n|move|p2a: Grimmsnarl|Spirit Break|p1b: Iron Bundle\n|-damage|p1b: Iron Bundle|59\/100 par\n|-unboost|p1b: Iron Bundle|spa|1\n|\n|-weather|RainDance|[upkeep]\n|-heal|p2b: Annihilape|40\/100|[from] item: Leftovers\n|-end|p2a: Grimmsnarl|move: Taunt\n|-sideend|p1: Liligantslowbro 8|move: Tailwind\n|upkeep\n|turn|6\n|inactive|Liligantslowbro 8 has 30 seconds left.\n|inactive|MaurokingPT has 30 seconds left.\n|inactive|MaurokingPT has 20 seconds left.\n|\n|t:|1683144817\n|move|p2a: Grimmsnarl|Light Screen|p2a: Grimmsnarl\n|-sidestart|p2: MaurokingPT|move: Light Screen\n|move|p2b: Annihilape|Rage Fist|p1a: Pelipper\n|-damage|p1a: Pelipper|0 fnt\n|faint|p1a: Pelipper\n|move|p1b: Iron Bundle|Hydro Pump|p2b: Annihilape\n|-damage|p2b: Annihilape|10\/100\n|\n|-weather|RainDance|[upkeep]\n|-heal|p2b: Annihilape|16\/100|[from] item: Leftovers\n|upkeep\n|\n|t:|1683144824\n|switch|p1a: Palafin|Palafin-Hero, L50, F|100\/100\n|-activate|p1a: Palafin|ability: Zero to Hero\n|turn|7\n|\n|t:|1683144836\n|-terastallize|p1a: Palafin|Water\n|move|p2b: Annihilape|Protect|p2b: Annihilape\n|-singleturn|p2b: Annihilape|Protect\n|move|p1a: Palafin|Jet Punch|p2b: Annihilape\n|-activate|p2b: Annihilape|move: Protect\n|move|p2a: Grimmsnarl|Thunder Wave|p1a: Palafin|[miss]\n|-miss|p2a: Grimmsnarl|p1a: Palafin\n|move|p1b: Iron Bundle|Ice Beam|p2a: Grimmsnarl\n|-damage|p2a: Grimmsnarl|0 fnt\n|faint|p2a: Grimmsnarl\n|\n|-weather|RainDance|[upkeep]\n|-heal|p2b: Annihilape|22\/100|[from] item: Leftovers\n|upkeep\n|\n|t:|1683144855\n|switch|p2a: Iron Bundle|Iron Bundle, L50|100\/100\n|turn|8\n|\n|t:|1683144868\n|move|p1a: Palafin|Jet Punch|p2b: Annihilape\n|-damage|p2b: Annihilape|0 fnt\n|faint|p2b: Annihilape\n|move|p2a: Iron Bundle|Freeze-Dry|p1a: Palafin\n|-supereffective|p1a: Palafin\n|-damage|p1a: Palafin|22\/100\n|move|p1b: Iron Bundle|Hydro Pump|p2a: Iron Bundle\n|-resisted|p2a: Iron Bundle\n|-damage|p2a: Iron Bundle|63\/100\n|\n|-weather|none\n|upkeep\n|\n|t:|1683144879\n|switch|p2b: Glimmora|Glimmora, L50, M|100\/100\n|turn|9\n|\n|t:|1683144891\n|-terastallize|p2b: Glimmora|Grass\n|move|p2a: Iron Bundle|Protect|p2a: Iron Bundle\n|-singleturn|p2a: Iron Bundle|Protect\n|move|p1a: Palafin|Jet Punch|p2b: Glimmora\n|-resisted|p2b: Glimmora\n|-damage|p2b: Glimmora|62\/100\n|-activate|p2b: Glimmora|ability: Toxic Debris\n|-sidestart|p1: Liligantslowbro 8|move: Toxic Spikes\n|move|p2b: Glimmora|Energy Ball|p1a: Palafin\n|-supereffective|p1a: Palafin\n|-damage|p1a: Palafin|0 fnt\n|faint|p1a: Palafin\n|cant|p1b: Iron Bundle|par\n|\n|upkeep\n|\n|t:|1683144898\n|switch|p1a: Dragonite|Dragonite, L50, F, shiny|100\/100\n|turn|10\n|\n|t:|1683144919\n|move|p2a: Iron Bundle|Freeze-Dry|p1a: Dragonite\n|-supereffective|p1a: Dragonite\n|-damage|p1a: Dragonite|0 fnt\n|faint|p1a: Dragonite\n|move|p2b: Glimmora|Energy Ball|p1b: Iron Bundle\n|-supereffective|p1b: Iron Bundle\n|-damage|p1b: Iron Bundle|0 fnt\n|faint|p1b: Iron Bundle\n|-end|p1b: Iron Bundle|Quark Drive|[silent]\n|\n|win|MaurokingPT\n|raw|Liligantslowbro 8's rating: 1000 → 1000<\/strong> (+0 for losing)\n|raw|MaurokingPT's rating: 1000 → 1040<\/strong> (+40 for winning)\n|l|\u2606Liligantslowbro 8\n","uploadtime":1683144938,"views":12,"p1id":"liligantslowbro8","p2id":"maurokingpt","formatid":"gen9vgc2023regulationc","rating":1000,"private":0,"password":""}