{"id":"gen9vgc2023regulationc-1846068217","p1":"Flipsicle","p2":"bronzongbroomsvgc","format":"[Gen 9] VGC 2023 Regulation C","log":"|j|\u2606Flipsicle\n|j|\u2606bronzongbroomsvgc\n|t:|1681800912\n|gametype|doubles\n|player|p1|Flipsicle|elesa-masters|\n|player|p2|bronzongbroomsvgc|265|\n|teamsize|p1|6\n|teamsize|p2|6\n|gen|9\n|tier|[Gen 9] VGC 2023 Regulation C\n|rule|Species Clause: Limit one of each Pok\u00e9mon\n|rule|Item Clause: Limit one of each item\n|clearpoke\n|poke|p1|Chi-Yu, L50|\n|poke|p1|Flutter Mane, L50|\n|poke|p1|Dragonite, L50, F|\n|poke|p1|Chien-Pao, L50|\n|poke|p1|Iron Bundle, L50|\n|poke|p1|Iron Hands, L50|\n|poke|p2|Goodra, L50, M|\n|poke|p2|Wo-Chien, L50|\n|poke|p2|Pelipper, L50, M|\n|poke|p2|Corviknight, L50, M|\n|poke|p2|Tatsugiri-Droopy, L50, F|\n|poke|p2|Dondozo, L50, F|\n|teampreview|4\nFlipsicle has agreed to open team sheets.\n|c|\u2606Flipsicle|glhf\n|c|\u2606bronzongbroomsvgc|I'm going to hax you like a haxed repeatt\n|c|\u2606Flipsicle|bet\n|\n|t:|1681800949\n|start\n|switch|p1a: Flutter Mane|Flutter Mane, L50|100\/100\n|switch|p1b: Iron Bundle|Iron Bundle, L50|100\/100\n|switch|p2a: Goodra|Goodra, L50, M|100\/100\n|switch|p2b: Pelipper|Pelipper, L50, M|100\/100\n|-weather|RainDance|[from] ability: Drizzle|[of] p2b: Pelipper\n|-enditem|p1b: Iron Bundle|Booster Energy\n|-activate|p1b: Iron Bundle|ability: Quark Drive|[fromitem]\n|-start|p1b: Iron Bundle|quarkdrivespe\n|turn|1\n|\n|t:|1681800987\n|-terastallize|p2a: Goodra|Steel\n|move|p1b: Iron Bundle|Hydro Pump|p2a: Goodra\n|-damage|p2a: Goodra|42\/100\n|-enditem|p2a: Goodra|Sitrus Berry|[eat]\n|-heal|p2a: Goodra|67\/100|[from] item: Sitrus Berry\n|move|p1a: Flutter Mane|Thunderbolt|p2b: Pelipper\n|-supereffective|p2b: Pelipper\n|-damage|p2b: Pelipper|0 fnt\n|faint|p2b: Pelipper\n|move|p2a: Goodra|Muddy Water|p1a: Flutter Mane|[spread] p1a,p1b\n|-resisted|p1b: Iron Bundle\n|-damage|p1a: Flutter Mane|73\/100\n|-damage|p1b: Iron Bundle|73\/100\n|\n|-weather|RainDance|[upkeep]\n|upkeep\n|\n|t:|1681800996\n|switch|p2b: Dondozo|Dondozo, L50, F|100\/100\n|turn|2\n|\n|t:|1681801005\n|switch|p2a: Tatsugiri|Tatsugiri-Droopy, L50, F, shiny|100\/100\n|-activate|p2a: Tatsugiri|ability: Commander|[of] p2b: Dondozo\n|-boost|p2b: Dondozo|atk|2\n|-boost|p2b: Dondozo|spa|2\n|-boost|p2b: Dondozo|spe|2\n|-boost|p2b: Dondozo|def|2\n|-boost|p2b: Dondozo|spd|2\n|move|p1b: Iron Bundle|Freeze-Dry|p2b: Dondozo\n|-supereffective|p2b: Dondozo\n|-damage|p2b: Dondozo|62\/100\n|-status|p2b: Dondozo|frz\n|move|p1a: Flutter Mane|Thunderbolt|p2b: Dondozo\n|-supereffective|p2b: Dondozo\n|-damage|p2b: Dondozo|10\/100 frz\n|-curestatus|p2b: Dondozo|frz|[msg]\n|move|p2b: Dondozo|Surf|p1a: Flutter Mane|[spread] p1a,p1b\n|-miss|p2b: Dondozo|p2a: Tatsugiri\n|-resisted|p1b: Iron Bundle\n|-crit|p1b: Iron Bundle\n|-damage|p1a: Flutter Mane|0 fnt\n|-damage|p1b: Iron Bundle|0 fnt\n|faint|p1a: Flutter Mane\n|-end|p1a: Flutter Mane|Protosynthesis|[silent]\n|faint|p1b: Iron Bundle\n|-end|p1b: Iron Bundle|Quark Drive|[silent]\n|\n|-weather|RainDance|[upkeep]\n|upkeep\n|c|\u2606bronzongbroomsvgc|why\n|c|\u2606bronzongbroomsvgc|oh vmd\n|c|\u2606Flipsicle|stop complaining\n|c|\u2606bronzongbroomsvgc|nvmd\n|\n|t:|1681801031\n|switch|p1b: Chien-Pao|Chien-Pao, L50|100\/100\n|switch|p1a: Iron Hands|Iron Hands, L50|100\/100\n|-ability|p1b: Chien-Pao|Sword of Ruin\n|turn|3\n|c|\u2606bronzongbroomsvgc|are you adamant chien pao btw\n|\n|t:|1681801051\n|move|p2b: Dondozo|Protect|p2b: Dondozo\n|-singleturn|p2b: Dondozo|Protect\n|move|p1b: Chien-Pao|Sacred Sword|p2b: Dondozo\n|-activate|p2b: Dondozo|move: Protect\n|move|p1a: Iron Hands|Close Combat|p2a: Tatsugiri|[miss]\n|-miss|p1a: Iron Hands|p2a: Tatsugiri\n|\n|-weather|RainDance|[upkeep]\n|upkeep\n|turn|4\n|c|\u2606bronzongbroomsvgc|would be cool\n|\n|t:|1681801060\n|move|p1b: Chien-Pao|Sacred Sword|p2b: Dondozo\n|-damage|p2b: Dondozo|0 fnt\n|faint|p2b: Dondozo\n|move|p1a: Iron Hands|Close Combat|p2a: Tatsugiri\n|-damage|p2a: Tatsugiri|0 fnt\n|-unboost|p1a: Iron Hands|def|1\n|-unboost|p1a: Iron Hands|spd|1\n|faint|p2a: Tatsugiri\n|\n|-weather|RainDance|[upkeep]\n|upkeep\n|\n|t:|1681801064\n|switch|p2b: Goodra|Goodra, L50, M, tera:Steel|67\/100\n|turn|5\n|c|\u2606bronzongbroomsvgc|bo3?\n|\n|t:|1681801075\n|move|p1b: Chien-Pao|Sacred Sword|p2b: Goodra\n|-supereffective|p2b: Goodra\n|-damage|p2b: Goodra|0 fnt\n|faint|p2b: Goodra\n|\n|win|Flipsicle\n|c|\u2606Flipsicle|yea\n","uploadtime":1681801084,"views":6,"p1id":"flipsicle","p2id":"bronzongbroomsvgc","formatid":"gen9vgc2023regulationc","rating":0,"private":0,"password":""}