{"id":"gen9vgc2023regulationc-1849105957","p1":"everycolour","p2":"Piff92","format":"[Gen 9] VGC 2023 Regulation C","log":"|j|\u2606everycolour\n|j|\u2606Piff92\n|t:|1682156446\n|gametype|doubles\n|player|p1|everycolour|swimmer-gen4dp|1000\n|player|p2|Piff92|265|1035\n|teamsize|p1|6\n|teamsize|p2|6\n|gen|9\n|tier|[Gen 9] VGC 2023 Regulation C\n|rated|\n|rule|Species Clause: Limit one of each Pok\u00e9mon\n|rule|Item Clause: Limit one of each item\n|clearpoke\n|poke|p1|Baxcalibur, L50, F|\n|poke|p1|Flutter Mane, L50|\n|poke|p1|Chi-Yu, L50|\n|poke|p1|Gyarados, L50, M|\n|poke|p1|Ting-Lu, L50|\n|poke|p1|Amoonguss, L50, M|\n|poke|p2|Squawkabilly-Blue, L50, M|\n|poke|p2|Armarouge, L50, M|\n|poke|p2|Indeedee-F, L50, F|\n|poke|p2|Azumarill, L50, F|\n|poke|p2|Florges-Orange, L50, F|\n|poke|p2|Flutter Mane, L50|\n|teampreview|4\n|inactive|Battle timer is ON: inactive players will automatically lose when time's up. (requested by everycolour)\n|inactive|Piff92 has 60 seconds left.\n|\n|t:|1682156504\n|start\n|switch|p1a: Ting-Lu|Ting-Lu, L50|100\/100\n|switch|p1b: Amoonguss|Amoonguss, L50, M|100\/100\n|switch|p2a: Squawkabilly|Squawkabilly-Blue, L50, M|100\/100\n|switch|p2b: Florges|Florges-Orange, L50, F|100\/100\n|-ability|p2a: Squawkabilly|Intimidate|boost\n|-unboost|p1a: Ting-Lu|atk|1\n|-unboost|p1b: Amoonguss|atk|1\n|-ability|p1a: Ting-Lu|Vessel of Ruin\n|turn|1\n|\n|t:|1682156529\n|-terastallize|p1b: Amoonguss|Water\n|move|p2b: Florges|Protect|p2b: Florges\n|-singleturn|p2b: Florges|Protect\n|move|p1b: Amoonguss|Rage Powder|p1b: Amoonguss\n|-singleturn|p1b: Amoonguss|move: Rage Powder\n|move|p2a: Squawkabilly|Final Gambit|p1b: Amoonguss\n|-damage|p1b: Amoonguss|14\/100\n|-enditem|p1b: Amoonguss|Sitrus Berry|[eat]\n|-heal|p1b: Amoonguss|39\/100|[from] item: Sitrus Berry\n|faint|p2a: Squawkabilly\n|move|p1a: Ting-Lu|Fissure|p2b: Florges\n|-activate|p2b: Florges|move: Protect\n|\n|upkeep\n|\n|t:|1682156543\n|switch|p2a: Flutter Mane|Flutter Mane, L50|100\/100\n|-enditem|p2a: Flutter Mane|Booster Energy\n|-activate|p2b: Florges|ability: Symbiosis|Choice Specs|[of] p2a: Flutter Mane\n|-activate|p2a: Flutter Mane|ability: Protosynthesis|[fromitem]\n|-start|p2a: Flutter Mane|protosynthesisspe\n|turn|2\n|\n|t:|1682156561\n|-terastallize|p2a: Flutter Mane|Fairy\n|move|p2b: Florges|Helping Hand|p2a: Flutter Mane\n|-singleturn|p2a: Flutter Mane|Helping Hand|[of] p2b: Florges\n|move|p2a: Flutter Mane|Dazzling Gleam|p1a: Ting-Lu|[spread] p1a,p1b\n|-supereffective|p1a: Ting-Lu\n|-damage|p1a: Ting-Lu|43\/100\n|-damage|p1b: Amoonguss|0 fnt\n|faint|p1b: Amoonguss\n|move|p1a: Ting-Lu|Fissure|p2b: Florges|[miss]\n|-miss|p1a: Ting-Lu|p2b: Florges\n|\n|upkeep\n|\n|t:|1682156573\n|switch|p1b: Flutter Mane|Flutter Mane, L50|100\/100\n|-enditem|p1b: Flutter Mane|Booster Energy\n|-activate|p1b: Flutter Mane|ability: Protosynthesis|[fromitem]\n|-start|p1b: Flutter Mane|protosynthesisspe\n|turn|3\n|\n|t:|1682156585\n|move|p2b: Florges|Helping Hand|p2a: Flutter Mane\n|-singleturn|p2a: Flutter Mane|Helping Hand|[of] p2b: Florges\n|move|p2a: Flutter Mane|Dazzling Gleam|p1a: Ting-Lu|[spread] p1a,p1b\n|-supereffective|p1a: Ting-Lu\n|-damage|p1a: Ting-Lu|0 fnt\n|-damage|p1b: Flutter Mane|35\/100\n|faint|p1a: Ting-Lu\n|move|p1b: Flutter Mane|Dazzling Gleam|p2b: Florges|[spread] p2a,p2b\n|-damage|p2a: Flutter Mane|68\/100\n|-damage|p2b: Florges|83\/100\n|\n|upkeep\n|\n|t:|1682156596\n|switch|p1a: Chi-Yu|Chi-Yu, L50|100\/100\n|-ability|p1a: Chi-Yu|Beads of Ruin\n|turn|4\n|\n|t:|1682156604\n|move|p2b: Florges|Helping Hand|p2a: Flutter Mane\n|-singleturn|p2a: Flutter Mane|Helping Hand|[of] p2b: Florges\n|move|p2a: Flutter Mane|Dazzling Gleam|p1a: Chi-Yu|[spread] p1a,p1b\n|-damage|p1a: Chi-Yu|1\/100\n|-damage|p1b: Flutter Mane|0 fnt\n|faint|p1b: Flutter Mane\n|-end|p1b: Flutter Mane|Protosynthesis|[silent]\n|move|p1a: Chi-Yu|Heat Wave|p2a: Flutter Mane|[spread] p2a,p2b\n|-damage|p2a: Flutter Mane|13\/100\n|-damage|p2b: Florges|50\/100\n|\n|upkeep\n|turn|5\n|-message|everycolour forfeited.\n|\n|win|Piff92\n|raw|everycolour's rating: 1000 → 1000<\/strong> (+0 for losing)\n|raw|Piff92's rating: 1035 → 1066<\/strong> (+31 for winning)\n|l|\u2606everycolour\n","uploadtime":1682156622,"views":9,"p1id":"everycolour","p2id":"piff92","formatid":"gen9vgc2023regulationc","rating":1000,"private":0,"password":""}