{"id":"gen9vgc2023regulationc-1856399896","p1":"Rean412","p2":"ExcelSheet","format":"[Gen 9] VGC 2023 Regulation C","log":"|j|\u2606Rean412\n|j|\u2606ExcelSheet\n|t:|1683057764\n|gametype|doubles\n|player|p1|Rean412|101|1169\n|player|p2|ExcelSheet|hilbert-wonderlauncher|1240\n|teamsize|p1|6\n|teamsize|p2|6\n|gen|9\n|tier|[Gen 9] VGC 2023 Regulation C\n|rated|\n|rule|Species Clause: Limit one of each Pok\u00e9mon\n|rule|Item Clause: Limit one of each item\n|clearpoke\n|poke|p1|Medicham, L50, F|\n|poke|p1|Dragonite, L50, F|\n|poke|p1|Amoonguss, L50, F|\n|poke|p1|Chien-Pao, L50|\n|poke|p1|Flutter Mane, L50|\n|poke|p1|Talonflame, L50, M|\n|poke|p2|Flutter Mane, L50|\n|poke|p2|Great Tusk, L50|\n|poke|p2|Scizor, L50, M|\n|poke|p2|Corviknight, L50, F|\n|poke|p2|Chi-Yu, L50|\n|poke|p2|Iron Bundle, L50|\n|teampreview|4\n|inactive|Battle timer is ON: inactive players will automatically lose when time's up. (requested by ExcelSheet)\nRean412 has agreed to open team sheets.\n|c|\u2606Rean412|GLHF\nExcelSheet has agreed to open team sheets.\n|c|\u2606ExcelSheet|GLHF\n|inactive|Rean412 has 60 seconds left.\n|\n|t:|1683057797\n|start\n|switch|p1a: Medicham|Medicham, L50, F|100\/100\n|switch|p1b: Talonflame|Talonflame, L50, M|100\/100\n|switch|p2a: Corviknight|Corviknight, L50, F|100\/100\n|switch|p2b: Scizor|Scizor, L50, M, shiny|100\/100\n|turn|1\n|inactive|Rean412 has 30 seconds left.\n|inactive|ExcelSheet has 30 seconds left.\n|\n|t:|1683057828\n|-terastallize|p2b: Scizor|Fire\n|move|p1a: Medicham|Fake Out|p2a: Corviknight\n|-resisted|p2a: Corviknight\n|-damage|p2a: Corviknight|93\/100\n|move|p1b: Talonflame|Taunt|p2a: Corviknight\n|-start|p2a: Corviknight|move: Taunt\n|cant|p2a: Corviknight|flinch\n|move|p2b: Scizor|Aerial Ace|p1a: Medicham\n|-supereffective|p1a: Medicham\n|-damage|p1a: Medicham|0 fnt\n|faint|p1a: Medicham\n|\n|upkeep\n|\n|t:|1683057845\n|switch|p1a: Dragonite|Dragonite, L50, F|100\/100\n|turn|2\n|\n|t:|1683057866\n|move|p1b: Talonflame|Flare Blitz|p2a: Corviknight\n|-supereffective|p2a: Corviknight\n|-damage|p2a: Corviknight|24\/100\n|-damage|p1b: Talonflame|74\/100|[from] Recoil\n|move|p1a: Dragonite|Earthquake|p2b: Scizor|[spread] p2b\n|-immune|p1b: Talonflame\n|-immune|p2a: Corviknight\n|-supereffective|p2b: Scizor\n|-damage|p2b: Scizor|33\/100\n|-damage|p1a: Dragonite|91\/100|[from] item: Life Orb\n|move|p2a: Corviknight|Brave Bird|p1a: Dragonite\n|-damage|p1a: Dragonite|50\/100\n|-damage|p2a: Corviknight|10\/100|[from] Recoil\n|move|p2b: Scizor|Aerial Ace|p1a: Dragonite\n|-damage|p1a: Dragonite|7\/100\n|\n|upkeep\n|turn|3\n|inactive|ExcelSheet has 30 seconds left.\n|\n|t:|1683057893\n|move|p1a: Dragonite|Extreme Speed|p2a: Corviknight\n|-resisted|p2a: Corviknight\n|-damage|p2a: Corviknight|0 fnt\n|faint|p2a: Corviknight\n|-damage|p1a: Dragonite|0 fnt|[from] item: Life Orb\n|faint|p1a: Dragonite\n|move|p1b: Talonflame|Acrobatics|p2b: Scizor\n|-damage|p2b: Scizor|14\/100\n|move|p2b: Scizor|Aerial Ace|p1b: Talonflame\n|-damage|p1b: Talonflame|5\/100\n|-enditem|p1b: Talonflame|Sitrus Berry|[eat]\n|-heal|p1b: Talonflame|30\/100|[from] item: Sitrus Berry\n|\n|upkeep\n|\n|t:|1683057906\n|switch|p1a: Flutter Mane|Flutter Mane, L50|100\/100\n|switch|p2a: Flutter Mane|Flutter Mane, L50|100\/100\n|-enditem|p2a: Flutter Mane|Booster Energy\n|-activate|p2a: Flutter Mane|ability: Protosynthesis|[fromitem]\n|-start|p2a: Flutter Mane|protosynthesisspe\n|turn|4\n|inactive|Rean412 has 30 seconds left.\n|\n|t:|1683057942\n|switch|p2b: Chi-Yu|Chi-Yu, L50|100\/100\n|-ability|p2b: Chi-Yu|Beads of Ruin\n|-terastallize|p1a: Flutter Mane|Steel\n|move|p2a: Flutter Mane|Shadow Ball|p1b: Talonflame\n|-damage|p1b: Talonflame|0 fnt\n|faint|p1b: Talonflame\n|move|p1a: Flutter Mane|Moonblast|p2a: Flutter Mane\n|-damage|p2a: Flutter Mane|9\/100\n|-unboost|p2a: Flutter Mane|spa|1\n|\n|upkeep\n|turn|5\n|inactive|Rean412 has 30 seconds left.\n|\n|t:|1683057970\n|move|p2a: Flutter Mane|Shadow Ball|p1a: Flutter Mane\n|-damage|p1a: Flutter Mane|58\/100\n|-unboost|p1a: Flutter Mane|spd|1\n|move|p1a: Flutter Mane|Moonblast|p2b: Chi-Yu\n|-damage|p2b: Chi-Yu|25\/100\n|move|p2b: Chi-Yu|Overheat|p1a: Flutter Mane\n|-supereffective|p1a: Flutter Mane\n|-damage|p1a: Flutter Mane|0 fnt\n|-unboost|p2b: Chi-Yu|spa|2\n|faint|p1a: Flutter Mane\n|-end|p1a: Flutter Mane|Protosynthesis|[silent]\n|\n|win|ExcelSheet\n|raw|Rean412's rating: 1169 → 1149<\/strong> (-20 for losing)\n|raw|ExcelSheet's rating: 1240 → 1260<\/strong> (+20 for winning)\n|c|\u2606ExcelSheet|gg\n|c|\u2606Rean412|GGWP\n|l|\u2606Rean412\n","uploadtime":1683057990,"views":14,"p1id":"rean412","p2id":"excelsheet","formatid":"gen9vgc2023regulationc","rating":1149,"private":0,"password":""}