{"id":"gen9vgc2023regulationc-1859596795","p1":"T0123456789","p2":"brycewright2","format":"[Gen 9] VGC 2023 Regulation C","log":"|j|\u2606T0123456789\n|j|\u2606brycewright2\n|t:|1683546910\n|gametype|doubles\n|player|p1|T0123456789|266|1076\n|player|p2|brycewright2|170|1000\n|teamsize|p1|6\n|teamsize|p2|6\n|gen|9\n|tier|[Gen 9] VGC 2023 Regulation C\n|rated|\n|rule|Species Clause: Limit one of each Pok\u00e9mon\n|rule|Item Clause: Limit one of each item\n|clearpoke\n|poke|p1|Pelipper, L50, F|\n|poke|p1|Beartic, L50, M|\n|poke|p1|Drednaw, L50, F|\n|poke|p1|Gholdengo, L50|\n|poke|p1|Kilowattrel, L50, M|\n|poke|p1|Scizor, L50, M|\n|poke|p2|Flutter Mane, L50|\n|poke|p2|Kingambit, L50, M|\n|poke|p2|Iron Bundle, L50|\n|poke|p2|Arcanine, L50, F|\n|poke|p2|Great Tusk, L50|\n|poke|p2|Corviknight, L50, M|\n|teampreview|4\n|inactive|Battle timer is ON: inactive players will automatically lose when time's up. (requested by T0123456789)\n|inactive|T0123456789 has 60 seconds left.\n|\n|t:|1683546953\n|start\n|switch|p1a: Pelipper|Pelipper, L50, F|100\/100\n|switch|p1b: Drednaw|Drednaw, L50, F|100\/100\n|switch|p2a: Santiago|Flutter Mane, L50|100\/100\n|switch|p2b: Boyle|Iron Bundle, L50|100\/100\n|-weather|RainDance|[from] ability: Drizzle|[of] p1a: Pelipper\n|-enditem|p2b: Boyle|Booster Energy\n|-activate|p2b: Boyle|ability: Quark Drive|[fromitem]\n|-start|p2b: Boyle|quarkdrivespe\n|turn|1\n|\n|t:|1683546967\n|move|p2b: Boyle|Freeze-Dry|p1a: Pelipper\n|-supereffective|p1a: Pelipper\n|-damage|p1a: Pelipper|0 fnt\n|faint|p1a: Pelipper\n|move|p1b: Drednaw|Liquidation|p2a: Santiago\n|-damage|p2a: Santiago|0 fnt\n|faint|p2a: Santiago\n|-end|p2a: Santiago|Protosynthesis|[silent]\n|\n|-weather|RainDance|[upkeep]\n|upkeep\n|\n|t:|1683546984\n|switch|p2a: Scully|Great Tusk, L50|100\/100\n|switch|p1a: Kilowattrel|Kilowattrel, L50, M|100\/100\n|turn|2\n|\n|t:|1683546992\n|move|p2a: Scully|Protect|p2a: Scully\n|-singleturn|p2a: Scully|Protect\n|move|p2b: Boyle|Freeze-Dry|p1b: Drednaw\n|-supereffective|p1b: Drednaw\n|-crit|p1b: Drednaw\n|-damage|p1b: Drednaw|0 fnt\n|faint|p1b: Drednaw\n|move|p1a: Kilowattrel|Thunder|p2b: Boyle\n|-supereffective|p2b: Boyle\n|-damage|p2b: Boyle|0 fnt\n|faint|p2b: Boyle\n|-end|p2b: Boyle|Quark Drive|[silent]\n|\n|-weather|RainDance|[upkeep]\n|upkeep\n|\n|t:|1683547002\n|switch|p2b: Cheddar|Arcanine, L50, F|100\/100\n|switch|p1b: Gholdengo|Gholdengo, L50|100\/100\n|-ability|p2b: Cheddar|Intimidate|boost\n|-unboost|p1a: Kilowattrel|atk|1\n|-ability|p1a: Kilowattrel|Competitive|boost\n|-boost|p1a: Kilowattrel|spa|2\n|-unboost|p1b: Gholdengo|atk|1\n|turn|3\n|\n|t:|1683547021\n|move|p1a: Kilowattrel|Weather Ball|p2a: Scully\n|-supereffective|p2a: Scully\n|-enditem|p2a: Scully|Focus Sash\n|-damage|p2a: Scully|1\/100\n|move|p2b: Cheddar|Flare Blitz|p1b: Gholdengo\n|-supereffective|p1b: Gholdengo\n|-damage|p1b: Gholdengo|41\/100\n|-status|p1b: Gholdengo|brn\n|-damage|p2b: Cheddar|83\/100|[from] Recoil\n|move|p2a: Scully|Headlong Rush|p1b: Gholdengo\n|-supereffective|p1b: Gholdengo\n|-damage|p1b: Gholdengo|0 fnt\n|-unboost|p2a: Scully|def|1\n|-unboost|p2a: Scully|spd|1\n|faint|p1b: Gholdengo\n|\n|-weather|RainDance|[upkeep]\n|upkeep\n|turn|4\n|inactive|brycewright2 has 30 seconds left.\n|\n|t:|1683547049\n|-terastallize|p2b: Cheddar|Water\n|move|p2a: Scully|Protect|p2a: Scully\n|-singleturn|p2a: Scully|Protect\n|move|p1a: Kilowattrel|Weather Ball|p2a: Scully\n|-activate|p2a: Scully|move: Protect\n|move|p2b: Cheddar|Snarl|p1a: Kilowattrel\n|-damage|p1a: Kilowattrel|79\/100\n|-unboost|p1a: Kilowattrel|spa|1\n|-ability|p1a: Kilowattrel|Competitive|boost\n|-boost|p1a: Kilowattrel|spa|2\n|\n|-weather|RainDance|[upkeep]\n|upkeep\n|turn|5\n|\n|t:|1683547065\n|move|p2a: Scully|Protect||[still]\n|-fail|p2a: Scully\n|move|p1a: Kilowattrel|Weather Ball|p2a: Scully\n|-supereffective|p2a: Scully\n|-damage|p2a: Scully|0 fnt\n|faint|p2a: Scully\n|-end|p2a: Scully|Protosynthesis|[silent]\n|move|p2b: Cheddar|Snarl|p1a: Kilowattrel\n|-damage|p1a: Kilowattrel|58\/100\n|-unboost|p1a: Kilowattrel|spa|1\n|-ability|p1a: Kilowattrel|Competitive|boost\n|-boost|p1a: Kilowattrel|spa|2\n|\n|-weather|RainDance|[upkeep]\n|upkeep\n|turn|6\n|\n|t:|1683547080\n|move|p1a: Kilowattrel|Thunder|p2b: Cheddar\n|-supereffective|p2b: Cheddar\n|-damage|p2b: Cheddar|0 fnt\n|faint|p2b: Cheddar\n|\n|win|T0123456789\n|raw|T0123456789's rating: 1076 → 1098<\/strong> (+22 for winning)\n|raw|brycewright2's rating: 1000 → 1000<\/strong> (+0 for losing)\n|l|\u2606brycewright2\n","uploadtime":1683547087,"views":8,"p1id":"t0123456789","p2id":"brycewright2","formatid":"gen9vgc2023regulationc","rating":1000,"private":0,"password":""}