{"id":"gen9vgc2023regulationc-1861861288","p1":"Parky_Marz","p2":"TommeeVGC","format":"[Gen 9] VGC 2023 Regulation C","log":"|j|\u2606Parky_Marz\n|j|\u2606TommeeVGC\n|t:|1683815779\n|gametype|doubles\n|player|p1|Parky_Marz|hilbert|1360\n|player|p2|TommeeVGC|ethan|1405\n|teamsize|p1|6\n|teamsize|p2|6\n|gen|9\n|tier|[Gen 9] VGC 2023 Regulation C\n|rated|\n|rule|Species Clause: Limit one of each Pok\u00e9mon\n|rule|Item Clause: Limit one of each item\n|clearpoke\n|poke|p1|Orthworm, L50, M|\n|poke|p1|Dragonite, L50, M|\n|poke|p1|Ting-Lu, L50|\n|poke|p1|Gyarados, L50, M|\n|poke|p1|Flutter Mane, L50|\n|poke|p1|Chien-Pao, L50|\n|poke|p2|Vivillon-Fancy, L50, F|\n|poke|p2|Corviknight, L50, M|\n|poke|p2|Abomasnow, L50, F|\n|poke|p2|Iron Bundle, L50|\n|poke|p2|Chien-Pao, L50|\n|poke|p2|Ting-Lu, L50|\n|teampreview|4\n|inactive|Battle timer is ON: inactive players will automatically lose when time's up. (requested by TommeeVGC)\nParky_Marz has agreed to open team sheets.\nTommeeVGC has agreed to open team sheets.\n|inactive|Parky_Marz has 60 seconds left.\n|inactive|TommeeVGC has 60 seconds left.\n|\n|t:|1683815838\n|start\n|switch|p1a: Flutter Mane|Flutter Mane, L50|100\/100\n|switch|p1b: Gyarados|Gyarados, L50, M|100\/100\n|switch|p2a: Corviknight|Corviknight, L50, M|100\/100\n|switch|p2b: Vivillon|Vivillon-Fancy, L50, F|100\/100\n|-ability|p1b: Gyarados|Intimidate|boost\n|-ability|p2a: Corviknight|Mirror Armor\n|-unboost|p1b: Gyarados|atk|1\n|-unboost|p2b: Vivillon|atk|1\n|turn|1\n|inactive|Parky_Marz has 30 seconds left.\n|inactive|Parky_Marz has 20 seconds left.\n|inactive|Parky_Marz has 15 seconds left.\n|\n|t:|1683815882\n|-end|p1a: Flutter Mane|Protosynthesis|[silent]\n|switch|p1a: Orthworm|Orthworm, L50, M|100\/100\n|move|p2b: Vivillon|Safeguard|p2b: Vivillon\n|-sidestart|p2: TommeeVGC|Safeguard\n|move|p1b: Gyarados|Waterfall|p2b: Vivillon\n|-damage|p2b: Vivillon|56\/100\n|move|p2a: Corviknight|Iron Head|p1a: Orthworm\n|-resisted|p1a: Orthworm\n|-damage|p1a: Orthworm|91\/100\n|\n|upkeep\n|turn|2\n|inactive|Parky_Marz has 30 seconds left.\n|inactive|Parky_Marz has 20 seconds left.\n|inactive|Parky_Marz has 15 seconds left.\n|inactive|Parky_Marz has 10 seconds left.\n|inactive|Parky_Marz has 5 seconds left.\n|\n|t:|1683815932\n|switch|p1a: Flutter Mane|Flutter Mane, L50|100\/100\n|move|p2b: Vivillon|Protect|p2b: Vivillon\n|-singleturn|p2b: Vivillon|Protect\n|move|p1b: Gyarados|Waterfall|p2b: Vivillon\n|-activate|p2b: Vivillon|move: Protect\n|move|p2a: Corviknight|Taunt|p1a: Flutter Mane\n|-start|p1a: Flutter Mane|move: Taunt\n|\n|upkeep\n|turn|3\n|\n|t:|1683815956\n|move|p2b: Vivillon|Rage Powder|p2b: Vivillon\n|-singleturn|p2b: Vivillon|move: Rage Powder\n|move|p1a: Flutter Mane|Shadow Ball|p2b: Vivillon\n|-damage|p2b: Vivillon|0 fnt\n|faint|p2b: Vivillon\n|move|p1b: Gyarados|Waterfall|p2a: Corviknight\n|-damage|p2a: Corviknight|81\/100\n|cant|p2a: Corviknight|flinch\n|\n|upkeep\n|\n|t:|1683815966\n|switch|p2b: Ting-Lu|Ting-Lu, L50|100\/100\n|-ability|p2b: Ting-Lu|Vessel of Ruin\n|turn|4\n|\n|t:|1683815983\n|switch|p1b: Orthworm|Orthworm, L50, M|91\/100\n|-terastallize|p2b: Ting-Lu|Ground\n|move|p1a: Flutter Mane|Shadow Ball|p2a: Corviknight\n|-damage|p2a: Corviknight|36\/100\n|move|p2a: Corviknight|Iron Head|p1a: Flutter Mane\n|-supereffective|p1a: Flutter Mane\n|-damage|p1a: Flutter Mane|0 fnt\n|faint|p1a: Flutter Mane\n|-end|p1a: Flutter Mane|Protosynthesis|[silent]\n|move|p2b: Ting-Lu|Rock Slide|p1b: Orthworm|[miss]\n|-miss|p2b: Ting-Lu|p1b: Orthworm\n|\n|upkeep\n|\n|t:|1683816008\n|switch|p1a: Gyarados|Gyarados, L50, M|100\/100\n|-ability|p1a: Gyarados|Intimidate|boost\n|-ability|p2a: Corviknight|Mirror Armor\n|-unboost|p1a: Gyarados|atk|1\n|-unboost|p2b: Ting-Lu|atk|1\n|turn|5\n|\n|t:|1683816022\n|move|p1a: Gyarados|Taunt|p2a: Corviknight\n|-start|p2a: Corviknight|move: Taunt\n|cant|p2a: Corviknight|move: Taunt|Taunt\n|move|p1b: Orthworm|Body Press|p2a: Corviknight\n|-damage|p2a: Corviknight|10\/100\n|move|p2b: Ting-Lu|Rock Slide|p1a: Gyarados|[spread] p1a,p1b\n|-supereffective|p1a: Gyarados\n|-resisted|p1b: Orthworm\n|-damage|p1a: Gyarados|62\/100\n|-damage|p1b: Orthworm|85\/100\n|\n|-sideend|p2: TommeeVGC|Safeguard\n|upkeep\n|turn|6\n|\n|t:|1683816040\n|move|p1a: Gyarados|Waterfall|p2a: Corviknight\n|-damage|p2a: Corviknight|0 fnt\n|faint|p2a: Corviknight\n|move|p1b: Orthworm|Iron Defense|p1b: Orthworm\n|-boost|p1b: Orthworm|def|2\n|move|p2b: Ting-Lu|Rock Slide|p1b: Orthworm|[spread] p1a,p1b\n|-supereffective|p1a: Gyarados\n|-resisted|p1b: Orthworm\n|-damage|p1a: Gyarados|29\/100\n|-damage|p1b: Orthworm|82\/100\n|\n|upkeep\n|\n|t:|1683816049\n|switch|p2a: Abomasnow|Abomasnow, L50, F|100\/100\n|-weather|Snow|[from] ability: Snow Warning|[of] p2a: Abomasnow\n|turn|7\n|\n|t:|1683816072\n|move|p1a: Gyarados|Taunt|p2a: Abomasnow\n|-start|p2a: Abomasnow|move: Taunt\n|move|p2a: Abomasnow|Blizzard|p1a: Gyarados|[spread] p1a,p1b\n|-resisted|p1b: Orthworm\n|-damage|p1a: Gyarados|1\/100\n|-damage|p1b: Orthworm|62\/100\n|-damage|p2a: Abomasnow|91\/100|[from] item: Life Orb\n|move|p1b: Orthworm|Body Press|p2a: Abomasnow\n|-supereffective|p2a: Abomasnow\n|-damage|p2a: Abomasnow|12\/100\n|move|p2b: Ting-Lu|Rock Slide|p1b: Orthworm|[spread] p1a,p1b\n|-supereffective|p1a: Gyarados\n|-resisted|p1b: Orthworm\n|-damage|p1a: Gyarados|0 fnt\n|-damage|p1b: Orthworm|58\/100\n|faint|p1a: Gyarados\n|\n|-weather|Snow|[upkeep]\n|upkeep\n|\n|t:|1683816087\n|switch|p1a: Ting-Lu|Ting-Lu, L50|100\/100\n|-ability|p1a: Ting-Lu|Vessel of Ruin\n|turn|8\n|inactive|Parky_Marz has 30 seconds left.\n|\n|t:|1683816114\n|-terastallize|p1a: Ting-Lu|Water\n|move|p1a: Ting-Lu|Earthquake|p2b: Ting-Lu|[spread] p2a,p2b\n|-heal|p1b: Orthworm|83\/100|[from] ability: Earth Eater|[of] p1a: Ting-Lu\n|-resisted|p2a: Abomasnow\n|-damage|p2a: Abomasnow|0 fnt\n|-damage|p2b: Ting-Lu|71\/100\n|faint|p2a: Abomasnow\n|move|p1b: Orthworm|Body Press|p2b: Ting-Lu\n|-damage|p2b: Ting-Lu|35\/100\n|move|p2b: Ting-Lu|Rock Slide|p1b: Orthworm|[spread] p1a,p1b\n|-crit|p1a: Ting-Lu\n|-resisted|p1b: Orthworm\n|-damage|p1a: Ting-Lu|71\/100\n|-damage|p1b: Orthworm|80\/100\n|\n|-weather|Snow|[upkeep]\n|upkeep\n|turn|9\n|\n|t:|1683816129\n|move|p1a: Ting-Lu|Earthquake|p2b: Ting-Lu|[spread] p2b\n|-heal|p1b: Orthworm|100\/100|[from] ability: Earth Eater|[of] p1a: Ting-Lu\n|-damage|p2b: Ting-Lu|7\/100\n|move|p1b: Orthworm|Body Press|p2b: Ting-Lu\n|-damage|p2b: Ting-Lu|0 fnt\n|faint|p2b: Ting-Lu\n|\n|win|Parky_Marz\n|raw|Parky_Marz's rating: 1360 → 1383<\/strong> (+23 for winning)\n|raw|TommeeVGC's rating: 1405 → 1382<\/strong> (-23 for losing)\n|l|\u2606Parky_Marz\n","uploadtime":1683816136,"views":8,"p1id":"parkymarz","p2id":"tommeevgc","formatid":"gen9vgc2023regulationc","rating":1382,"private":0,"password":""}