{"id":"gen9vgc2023regulationc-1862437011","p1":"MJ_VGC_0","p2":"Dhshsrg","format":"[Gen 9] VGC 2023 Regulation C","log":"|j|\u2606MJ_VGC_0\n|j|\u2606Dhshsrg\n|t:|1683885965\n|gametype|doubles\n|player|p1|MJ_VGC_0|silver|1049\n|player|p2|Dhshsrg|2|1000\n|teamsize|p1|6\n|teamsize|p2|6\n|gen|9\n|tier|[Gen 9] VGC 2023 Regulation C\n|rated|\n|rule|Species Clause: Limit one of each Pok\u00e9mon\n|rule|Item Clause: Limit one of each item\n|clearpoke\n|poke|p1|Amoonguss, L50, F|\n|poke|p1|Bronzong, L50|\n|poke|p1|Ceruledge, L50, F|\n|poke|p1|Baxcalibur, L50, F|\n|poke|p1|Ting-Lu, L50|\n|poke|p1|Gyarados, L50, F|\n|poke|p2|Persian, L50, M|\n|poke|p2|Bruxish, L50, F|\n|poke|p2|Magnezone, L50|\n|poke|p2|Amoonguss, L50, F|\n|poke|p2|Palafin, L50, M|\n|poke|p2|Roaring Moon, L50|\n|teampreview|4\nMJ_VGC_0 has agreed to open team sheets.\n|\n|t:|1683886041\n|start\n|switch|p1a: Bronzong|Bronzong, L50|100\/100\n|switch|p1b: Amoonguss|Amoonguss, L50, F|100\/100\n|switch|p2a: Amoonguss|Amoonguss, L50, F|100\/100\n|switch|p2b: Magnezone|Magnezone, L50|100\/100\n|turn|1\n|\n|t:|1683886084\n|move|p2b: Magnezone|Gyro Ball|p1b: Amoonguss\n|-damage|p1b: Amoonguss|96\/100\n|move|p2a: Amoonguss|Spore|p1a: Bronzong\n|-status|p1a: Bronzong|slp|[from] move: Spore\n|move|p1b: Amoonguss|Spore|p2b: Magnezone\n|-status|p2b: Magnezone|slp|[from] move: Spore\n|cant|p1a: Bronzong|slp\n|\n|upkeep\n|turn|2\n|\n|t:|1683886108\n|cant|p2b: Magnezone|slp\n|move|p2b: Magnezone|Sleep Talk|p2b: Magnezone\n|move|p2b: Magnezone|Protect|p2b: Magnezone|[from]move: Sleep Talk\n|-singleturn|p2b: Magnezone|Protect\n|cant|p1a: Bronzong|slp\n|move|p2a: Amoonguss|Pollen Puff|p1b: Amoonguss\n|-damage|p1b: Amoonguss|82\/100\n|move|p1b: Amoonguss|Clear Smog|p2a: Amoonguss\n|-damage|p2a: Amoonguss|89\/100\n|-clearboost|p2a: Amoonguss\n|\n|upkeep\n|turn|3\n|\n|t:|1683886162\n|move|p1b: Amoonguss|Protect|p1b: Amoonguss\n|-singleturn|p1b: Amoonguss|Protect\n|-curestatus|p2b: Magnezone|slp|[msg]\n|move|p2b: Magnezone|Sleep Talk||[still]\n|-fail|p2b: Magnezone\n|move|p2a: Amoonguss|Pollen Puff|p1b: Amoonguss\n|-activate|p1b: Amoonguss|move: Protect\n|cant|p1a: Bronzong|slp\n|\n|upkeep\n|turn|4\n|\n|t:|1683886190\n|move|p2a: Amoonguss|Rage Powder|p2a: Amoonguss\n|-singleturn|p2a: Amoonguss|move: Rage Powder\n|move|p2b: Magnezone|Electroweb|p1b: Amoonguss|[spread] p1a,p1b\n|-resisted|p1b: Amoonguss\n|-damage|p1a: Bronzong|87\/100 slp\n|-damage|p1b: Amoonguss|75\/100\n|-unboost|p1a: Bronzong|spe|1\n|-unboost|p1b: Amoonguss|spe|1\n|move|p1b: Amoonguss|Spore|p2b: Magnezone\n|-status|p2b: Magnezone|slp|[from] move: Spore\n|-curestatus|p1a: Bronzong|slp|[msg]\n|move|p1a: Bronzong|Trick Room|p1a: Bronzong\n|-fieldstart|move: Trick Room|[of] p1a: Bronzong\n|\n|-heal|p1a: Bronzong|92\/100|[from] item: Leftovers\n|upkeep\n|turn|5\n|\n|t:|1683886230\n|switch|p1b: Ting-Lu|Ting-Lu, L50|100\/100\n|-ability|p1b: Ting-Lu|Vessel of Ruin\n|move|p1a: Bronzong|Iron Defense|p1a: Bronzong\n|-boost|p1a: Bronzong|def|2\n|move|p2a: Amoonguss|Spore|p1a: Bronzong\n|-status|p1a: Bronzong|slp|[from] move: Spore\n|cant|p2b: Magnezone|slp\n|move|p2b: Magnezone|Sleep Talk|p2b: Magnezone\n|move|p2b: Magnezone|Protect||[from]move: Sleep Talk|[still]\n|-fail|p2b: Magnezone\n|\n|-heal|p1a: Bronzong|98\/100 slp|[from] item: Leftovers\n|upkeep\n|turn|6\n|\n|t:|1683886273\n|move|p2a: Amoonguss|Protect|p2a: Amoonguss\n|-singleturn|p2a: Amoonguss|Protect\n|cant|p1a: Bronzong|slp\n|cant|p2b: Magnezone|slp\n|move|p2b: Magnezone|Sleep Talk|p2b: Magnezone\n|move|p2b: Magnezone|Protect|p2b: Magnezone|[from]move: Sleep Talk\n|-singleturn|p2b: Magnezone|Protect\n|move|p1b: Ting-Lu|Fissure|p2a: Amoonguss\n|-activate|p2a: Amoonguss|move: Protect\n|\n|-heal|p1a: Bronzong|100\/100 slp|[from] item: Leftovers\n|upkeep\n|turn|7\n|\n|t:|1683886303\n|move|p1b: Ting-Lu|Protect|p1b: Ting-Lu\n|-singleturn|p1b: Ting-Lu|Protect\n|-curestatus|p1a: Bronzong|slp|[msg]\n|move|p1a: Bronzong|Iron Defense|p1a: Bronzong\n|-boost|p1a: Bronzong|def|2\n|move|p2a: Amoonguss|Spore|p1b: Ting-Lu\n|-activate|p1b: Ting-Lu|move: Protect\n|cant|p2b: Magnezone|slp\n|\n|upkeep\n|turn|8\n|\n|t:|1683886359\n|-curestatus|p2b: Magnezone|slp|[msg]\n|move|p2b: Magnezone|Protect|p2b: Magnezone\n|-singleturn|p2b: Magnezone|Protect\n|move|p1a: Bronzong|Iron Defense|p1a: Bronzong\n|-boost|p1a: Bronzong|def|2\n|move|p2a: Amoonguss|Spore|p1b: Ting-Lu\n|-status|p1b: Ting-Lu|slp|[from] move: Spore\n|cant|p1b: Ting-Lu|slp\n|\n|-fieldend|move: Trick Room\n|upkeep\n|turn|9\n|\n|t:|1683886387\n|switch|p2b: Palafin|Palafin, L50, M|100\/100\n|move|p1a: Bronzong|Protect|p1a: Bronzong\n|-singleturn|p1a: Bronzong|Protect\n|cant|p1b: Ting-Lu|slp\n|move|p2a: Amoonguss|Spore|p1a: Bronzong\n|-activate|p1a: Bronzong|move: Protect\n|\n|upkeep\n|turn|10\n|\n|t:|1683886404\n|detailschange|p2b: Palafin|Palafin-Hero, L50, M\n|switch|p2b: Magnezone|Magnezone, L50|100\/100\n|move|p1a: Bronzong|Protect||[still]\n|-fail|p1a: Bronzong\n|-curestatus|p1b: Ting-Lu|slp|[msg]\n|move|p1b: Ting-Lu|Fissure|p2b: Magnezone|[miss]\n|-miss|p1b: Ting-Lu|p2b: Magnezone\n|move|p2a: Amoonguss|Spore|p1a: Bronzong\n|-status|p1a: Bronzong|slp|[from] move: Spore\n|\n|upkeep\n|turn|11\n|\n|t:|1683886423\n|move|p2b: Magnezone|Protect|p2b: Magnezone\n|-singleturn|p2b: Magnezone|Protect\n|cant|p1a: Bronzong|slp\n|move|p1b: Ting-Lu|Stomping Tantrum|p2a: Amoonguss\n|-damage|p2a: Amoonguss|31\/100\n|-damage|p1b: Ting-Lu|84\/100|[from] item: Rocky Helmet|[of] p2a: Amoonguss\n|move|p2a: Amoonguss|Spore|p1b: Ting-Lu\n|-status|p1b: Ting-Lu|slp|[from] move: Spore\n|\n|upkeep\n|turn|12\n|\n|t:|1683886449\n|switch|p2a: Palafin|Palafin-Hero, L50, M|100\/100\n|-activate|p2a: Palafin|ability: Zero to Hero\n|cant|p1b: Ting-Lu|slp\n|move|p2b: Magnezone|Electroweb|p1a: Bronzong|[spread] p1a\n|-immune|p1b: Ting-Lu\n|-damage|p1a: Bronzong|90\/100 slp\n|-unboost|p1a: Bronzong|spe|1\n|cant|p1a: Bronzong|slp\n|\n|-heal|p1a: Bronzong|95\/100 slp|[from] item: Leftovers\n|upkeep\n|turn|13\n|\n|t:|1683886475\n|move|p2a: Palafin|Wave Crash|p1b: Ting-Lu\n|-supereffective|p1b: Ting-Lu\n|-damage|p1b: Ting-Lu|11\/100 slp\n|-damage|p2a: Palafin|64\/100|[from] Recoil\n|cant|p1b: Ting-Lu|slp\n|move|p2b: Magnezone|Gyro Ball|p2a: Palafin\n|-resisted|p2a: Palafin\n|-damage|p2a: Palafin|54\/100\n|cant|p1a: Bronzong|slp\n|\n|-heal|p1a: Bronzong|100\/100 slp|[from] item: Leftovers\n|upkeep\n|turn|14\n|\n|t:|1683886524\n|-curestatus|p1b: Ting-Lu|slp|[msg]\n|move|p1b: Ting-Lu|Protect|p1b: Ting-Lu\n|-singleturn|p1b: Ting-Lu|Protect\n|move|p2a: Palafin|Jet Punch|p1b: Ting-Lu\n|-activate|p1b: Ting-Lu|move: Protect\n|move|p2b: Magnezone|Gyro Ball|p1a: Bronzong\n|-resisted|p1a: Bronzong\n|-damage|p1a: Bronzong|99\/100 slp\n|-curestatus|p1a: Bronzong|slp|[msg]\n|move|p1a: Bronzong|Trick Room|p1a: Bronzong\n|-fieldstart|move: Trick Room|[of] p1a: Bronzong\n|\n|-heal|p1a: Bronzong|100\/100|[from] item: Leftovers\n|upkeep\n|turn|15\n|\n|t:|1683886543\n|switch|p1b: Amoonguss|Amoonguss, L50, F|100\/100\n|move|p2b: Magnezone|Protect|p2b: Magnezone\n|-singleturn|p2b: Magnezone|Protect\n|move|p2a: Palafin|Jet Punch|p1b: Amoonguss\n|-resisted|p1b: Amoonguss\n|-crit|p1b: Amoonguss\n|-damage|p1b: Amoonguss|72\/100\n|move|p1a: Bronzong|Body Press|p2a: Palafin\n|-damage|p2a: Palafin|0 fnt\n|faint|p2a: Palafin\n|\n|upkeep\n|\n|t:|1683886557\n|switch|p2a: Roaring Moon|Roaring Moon, L50|100\/100\n|-enditem|p2a: Roaring Moon|Booster Energy\n|-activate|p2a: Roaring Moon|ability: Protosynthesis|[fromitem]\n|-start|p2a: Roaring Moon|protosynthesisatk\n|turn|16\n|\n|t:|1683886577\n|switch|p2b: Amoonguss|Amoonguss, L50, F|64\/100\n|-terastallize|p2a: Roaring Moon|Ground\n|move|p1a: Bronzong|Iron Defense|p1a: Bronzong\n|-boost|p1a: Bronzong|def|0\n|move|p1b: Amoonguss|Spore|p2a: Roaring Moon\n|-status|p2a: Roaring Moon|slp|[from] move: Spore\n|cant|p2a: Roaring Moon|slp\n|\n|upkeep\n|turn|17\n|\n|t:|1683886596\n|-end|p2a: Roaring Moon|Protosynthesis|[silent]\n|switch|p2a: Magnezone|Magnezone, L50|100\/100\n|move|p2b: Amoonguss|Protect|p2b: Amoonguss\n|-singleturn|p2b: Amoonguss|Protect\n|move|p1a: Bronzong|Body Press|p2b: Amoonguss\n|-activate|p2b: Amoonguss|move: Protect\n|move|p1b: Amoonguss|Clear Smog|p2b: Amoonguss\n|-activate|p2b: Amoonguss|move: Protect\n|\n|upkeep\n|turn|18\n|\n|t:|1683886649\n|move|p2b: Amoonguss|Protect|p2b: Amoonguss\n|-singleturn|p2b: Amoonguss|Protect\n|move|p2a: Magnezone|Protect|p2a: Magnezone\n|-singleturn|p2a: Magnezone|Protect\n|move|p1a: Bronzong|Body Press|p2b: Amoonguss\n|-activate|p2b: Amoonguss|move: Protect\n|move|p1b: Amoonguss|Spore|p2a: Magnezone\n|-activate|p2a: Magnezone|move: Protect\n|\n|-fieldend|move: Trick Room\n|upkeep\n|turn|19\n|\n|t:|1683886695\n|move|p2a: Magnezone|Protect||[still]\n|-fail|p2a: Magnezone\n|move|p2b: Amoonguss|Spore|p1a: Bronzong\n|-status|p1a: Bronzong|slp|[from] move: Spore\n|move|p1b: Amoonguss|Spore|p2a: Magnezone\n|-status|p2a: Magnezone|slp|[from] move: Spore\n|cant|p1a: Bronzong|slp\n|\n|upkeep\n|turn|20\n|\n|t:|1683886715\n|switch|p2b: Roaring Moon|Roaring Moon, L50, tera:Ground|100\/100 slp\n|cant|p2a: Magnezone|slp\n|move|p2a: Magnezone|Sleep Talk|p2a: Magnezone\n|move|p2a: Magnezone|Protect|p2a: Magnezone|[from]move: Sleep Talk\n|-singleturn|p2a: Magnezone|Protect\n|move|p1b: Amoonguss|Clear Smog|p2a: Magnezone\n|-activate|p2a: Magnezone|move: Protect\n|cant|p1a: Bronzong|slp\n|\n|upkeep\n|turn|21\n|\n|t:|1683886759\n|switch|p1b: Ceruledge|Ceruledge, L50, F|100\/100\n|cant|p2b: Roaring Moon|slp\n|cant|p2a: Magnezone|slp\n|move|p2a: Magnezone|Sleep Talk|p2a: Magnezone\n|move|p2a: Magnezone|Electroweb|p1b: Ceruledge|[from]move: Sleep Talk|[spread] p1a,p1b\n|-damage|p1a: Bronzong|86\/100 slp\n|-damage|p1b: Ceruledge|82\/100\n|-unboost|p1a: Bronzong|spe|1\n|-unboost|p1b: Ceruledge|spe|1\n|cant|p1a: Bronzong|slp\n|\n|-heal|p1a: Bronzong|92\/100 slp|[from] item: Leftovers\n|upkeep\n|turn|22\n|\n|t:|1683886839\n|-curestatus|p2b: Roaring Moon|slp|[msg]\n|move|p2b: Roaring Moon|Dragon Dance|p2b: Roaring Moon\n|-boost|p2b: Roaring Moon|atk|1\n|-boost|p2b: Roaring Moon|spe|1\n|move|p1b: Ceruledge|Bitter Blade|p2a: Magnezone\n|-supereffective|p2a: Magnezone\n|-damage|p2a: Magnezone|45\/100 slp\n|-heal|p1b: Ceruledge|100\/100|[from] drain|[of] p2a: Magnezone\n|cant|p2a: Magnezone|slp\n|move|p2a: Magnezone|Sleep Talk|p2a: Magnezone\n|move|p2a: Magnezone|Gyro Ball|p1a: Bronzong|[from]move: Sleep Talk\n|-resisted|p1a: Bronzong\n|-damage|p1a: Bronzong|91\/100 slp\n|-curestatus|p1a: Bronzong|slp|[msg]\n|move|p1a: Bronzong|Trick Room|p1a: Bronzong\n|-fieldstart|move: Trick Room|[of] p1a: Bronzong\n|\n|-heal|p1a: Bronzong|97\/100|[from] item: Leftovers\n|-heal|p2a: Magnezone|51\/100 slp|[from] item: Leftovers\n|upkeep\n|turn|23\n|\n|t:|1683886928\n|move|p1a: Bronzong|Body Press|p2b: Roaring Moon\n|-damage|p2b: Roaring Moon|0 fnt\n|faint|p2b: Roaring Moon\n|-end|p2b: Roaring Moon|Protosynthesis|[silent]\n|-curestatus|p2a: Magnezone|slp|[msg]\n|move|p2a: Magnezone|Sleep Talk||[still]\n|-fail|p2a: Magnezone\n|move|p1b: Ceruledge|Bitter Blade|p2a: Magnezone\n|-supereffective|p2a: Magnezone\n|-damage|p2a: Magnezone|0 fnt\n|faint|p2a: Magnezone\n|\n|-heal|p1a: Bronzong|100\/100|[from] item: Leftovers\n|upkeep\n|c|\u2606MJ_VGC_0|gg\n|c|\u2606MJ_VGC_0|enjoyed this\n|\n|t:|1683886951\n|switch|p2b: Amoonguss|Amoonguss, L50, F|97\/100\n|turn|24\n|\n|t:|1683886961\n|move|p2b: Amoonguss|Protect|p2b: Amoonguss\n|-singleturn|p2b: Amoonguss|Protect\n|move|p1a: Bronzong|Body Press|p2b: Amoonguss\n|-activate|p2b: Amoonguss|move: Protect\n|move|p1b: Ceruledge|Bitter Blade|p2b: Amoonguss\n|-activate|p2b: Amoonguss|move: Protect\n|\n|upkeep\n|turn|25\n|\n|t:|1683886981\n|-terastallize|p1b: Ceruledge|Grass\n|move|p1a: Bronzong|Body Press|p2b: Amoonguss\n|-resisted|p2b: Amoonguss\n|-damage|p2b: Amoonguss|47\/100\n|-damage|p1a: Bronzong|84\/100|[from] item: Rocky Helmet|[of] p2b: Amoonguss\n|move|p2b: Amoonguss|Spore|p1b: Ceruledge\n|-immune|p1b: Ceruledge\n|move|p1b: Ceruledge|Bitter Blade|p2b: Amoonguss\n|-supereffective|p2b: Amoonguss\n|-damage|p2b: Amoonguss|0 fnt\n|-damage|p1b: Ceruledge|84\/100|[from] item: Rocky Helmet|[of] p2b: Amoonguss\n|faint|p2b: Amoonguss\n|\n|win|MJ_VGC_0\n|raw|MJ_VGC_0's rating: 1049 → 1077<\/strong> (+28 for winning)\n|raw|Dhshsrg's rating: 1000 → 1000<\/strong> (+0 for losing)\n","uploadtime":1683887000,"views":17,"p1id":"mjvgc0","p2id":"dhshsrg","formatid":"gen9vgc2023regulationc","rating":1000,"private":0,"password":""}