{"id":"gen9vgc2023regulationc-1855189967","p1":"joscake","p2":"s.daninja","format":"[Gen 9] VGC 2023 Regulation C","log":"|j|\u2606joscake\n|j|\u2606s.daninja\n|t:|1682912688\n|gametype|doubles\n|player|p1|joscake|hilbert-wonderlauncher|\n|player|p2|s.daninja|lass|\n|teamsize|p1|6\n|teamsize|p2|6\n|gen|9\n|tier|[Gen 9] VGC 2023 Regulation C\n|rule|Species Clause: Limit one of each Pok\u00e9mon\n|rule|Item Clause: Limit one of each item\n|clearpoke\n|poke|p1|Goodra, L50, M|\n|poke|p1|Talonflame, L50, F|\n|poke|p1|Glalie, L50, F|\n|poke|p1|Dragonite, L50, F|\n|poke|p1|Rotom-Wash, L50|\n|poke|p1|Annihilape, L50, M|\n|poke|p2|Torkoal, L50, F|\n|poke|p2|Great Tusk, L50|\n|poke|p2|Annihilape, L50, F|\n|poke|p2|Garchomp, L50, F|\n|poke|p2|Raichu, L50, F|\n|poke|p2|Rotom-Wash, L50|\n|teampreview|4\n|j| buenocomoeloro\n|\n|t:|1682912746\n|start\n|switch|p1a: Goodra|Goodra, L50, M|100\/100\n|switch|p1b: Rotom|Rotom-Wash, L50|100\/100\n|switch|p2a: Raichu|Raichu, L50, F|100\/100\n|switch|p2b: Rotom|Rotom-Wash, L50|100\/100\n|turn|1\n|inactive|Battle timer is ON: inactive players will automatically lose when time's up. (requested by joscake)\n|l| buenocomoeloro\n|\n|t:|1682912764\n|move|p2a: Raichu|Fake Out|p1b: Rotom\n|-damage|p1b: Rotom|93\/100\n|move|p2b: Rotom|Volt Switch|p2a: Raichu\n|-activate|p2a: Raichu|ability: Lightning Rod\n|-ability|p2a: Raichu|Lightning Rod|boost\n|-boost|p2a: Raichu|spa|1\n|cant|p1b: Rotom|flinch\n|move|p1a: Goodra|Draco Meteor|p2a: Raichu\n|-damage|p2a: Raichu|27\/100\n|-unboost|p1a: Goodra|spa|2\n|\n|upkeep\n|turn|2\n|inactive|joscake has 30 seconds left.\n|inactive|s.daninja has 30 seconds left.\n|\n|t:|1682912795\n|switch|p2b: Garchomp|Garchomp, L50, F|100\/100\n|move|p2a: Raichu|Discharge|p1b: Rotom|[spread] p1a,p1b\n|-immune|p2b: Garchomp\n|-resisted|p1a: Goodra\n|-damage|p1a: Goodra|89\/100\n|-damage|p1b: Rotom|52\/100\n|move|p1b: Rotom|Light Screen|p1b: Rotom\n|-sidestart|p1: joscake|move: Light Screen\n|move|p1a: Goodra|Draco Meteor|p2a: Raichu\n|-damage|p2a: Raichu|0 fnt\n|-unboost|p1a: Goodra|spa|2\n|faint|p2a: Raichu\n|\n|-heal|p1a: Goodra|95\/100|[from] item: Leftovers\n|upkeep\n|\n|t:|1682912799\n|switch|p2a: Annihilape|Annihilape, L50, F|100\/100\n|turn|3\n|j| buenocomoeloro\n|inactive|joscake has 30 seconds left.\n|\n|t:|1682912825\n|switch|p2a: Rotom|Rotom-Wash, L50|100\/100\n|move|p1b: Rotom|Protect|p1b: Rotom\n|-singleturn|p1b: Rotom|Protect\n|move|p2b: Garchomp|Earthquake|p1b: Rotom|[spread] p1a\n|-activate|p1b: Rotom|move: Protect\n|-immune|p2a: Rotom|[from] ability: Levitate\n|-damage|p1a: Goodra|42\/100\n|move|p1a: Goodra|Ice Beam|p2b: Garchomp\n|-supereffective|p2b: Garchomp\n|-damage|p2b: Garchomp|68\/100\n|\n|-heal|p1a: Goodra|48\/100|[from] item: Leftovers\n|upkeep\n|turn|4\n|\n|t:|1682912841\n|-terastallize|p2b: Garchomp|Ground\n|move|p2a: Rotom|Discharge|p1a: Goodra|[spread] p1a,p1b\n|-immune|p2b: Garchomp\n|-resisted|p1a: Goodra\n|-damage|p1a: Goodra|42\/100\n|-damage|p1b: Rotom|32\/100\n|move|p2b: Garchomp|Earthquake|p1a: Goodra|[spread] p1a\n|-immune|p2a: Rotom|[from] ability: Levitate\n|-immune|p1b: Rotom|[from] ability: Levitate\n|-damage|p1a: Goodra|0 fnt\n|faint|p1a: Goodra\n|move|p1b: Rotom|Reflect|p1b: Rotom\n|-sidestart|p1: joscake|Reflect\n|\n|upkeep\n|\n|t:|1682912859\n|switch|p1a: Glalie|Glalie, L50, F|100\/100\n|turn|5\n|\n|t:|1682912879\n|switch|p1b: Annihilape|Annihilape, L50, M|100\/100\n|move|p2a: Rotom|Discharge|p1b: Annihilape|[spread] p1a,p1b\n|-immune|p2b: Garchomp\n|-damage|p1a: Glalie|86\/100\n|-damage|p1b: Annihilape|82\/100\n|move|p2b: Garchomp|Earthquake|p1b: Annihilape|[spread] p1a,p1b\n|-immune|p2a: Rotom|[from] ability: Levitate\n|-damage|p1a: Glalie|17\/100\n|-damage|p1b: Annihilape|21\/100\n|-enditem|p1a: Glalie|Aguav Berry|[eat]\n|-heal|p1a: Glalie|50\/100|[from] item: Aguav Berry\n|move|p1a: Glalie|Freeze-Dry|p2b: Garchomp\n|-supereffective|p2b: Garchomp\n|-damage|p2b: Garchomp|22\/100\n|\n|-ability|p1a: Glalie|Moody|boost\n|-boost|p1a: Glalie|spd|2\n|-unboost|p1a: Glalie|def|1\n|upkeep\n|turn|6\n|inactive|joscake has 30 seconds left.\n|inactive|joscake has 20 seconds left.\n|\n|t:|1682912914\n|move|p1a: Glalie|Ice Shard|p2b: Garchomp\n|-supereffective|p2b: Garchomp\n|-damage|p2b: Garchomp|0 fnt\n|faint|p2b: Garchomp\n|move|p2a: Rotom|Discharge|p1b: Annihilape|[spread] p1a,p1b\n|-damage|p1a: Glalie|42\/100\n|-damage|p1b: Annihilape|4\/100\n|move|p1b: Annihilape|Rage Fist|p2a: Rotom\n|-damage|p2a: Rotom|0 fnt\n|faint|p2a: Rotom\n|\n|-sideend|p1: joscake|move: Light Screen\n|-ability|p1a: Glalie|Moody|boost\n|-boost|p1a: Glalie|def|2\n|-unboost|p1a: Glalie|spd|1\n|upkeep\n|\n|t:|1682912918\n|switch|p2b: Annihilape|Annihilape, L50, F|100\/100\n|turn|7\n|c|\u2606s.daninja|dejame este momento joscake porfa\n|inactive|joscake has 30 seconds left.\n|c|\u2606s.daninja|en fin prdi\n|inactive|joscake has 20 seconds left.\n|\n|t:|1682912955\n|move|p1b: Annihilape|Rage Fist|p2b: Annihilape\n|-supereffective|p2b: Annihilape\n|-damage|p2b: Annihilape|0 fnt\n|faint|p2b: Annihilape\n|\n|win|joscake\n","uploadtime":1682912961,"views":13,"p1id":"joscake","p2id":"sdaninja","formatid":"gen9vgc2023regulationc","rating":0,"private":0,"password":""}