{"id":"gen9vgc2023regulationc-1845783475","p1":"Psiauu \u30c4","p2":"ShatteredPugVGC","format":"[Gen 9] VGC 2023 Regulation C","log":"|j|\u2606Psiauu \u30c4\n|j|\u2606ShatteredPugVGC\n|t:|1681764174\n|gametype|doubles\n|player|p1|Psiauu \u30c4|yellow|1130\n|player|p2|ShatteredPugVGC|265|1227\n|teamsize|p1|6\n|teamsize|p2|6\n|gen|9\n|tier|[Gen 9] VGC 2023 Regulation C\n|rated|\n|rule|Species Clause: Limit one of each Pok\u00e9mon\n|rule|Item Clause: Limit one of each item\n|clearpoke\n|poke|p1|Palafin, L50, F|\n|poke|p1|Flutter Mane, L50|\n|poke|p1|Ting-Lu, L50|\n|poke|p1|Arcanine, L50, F|\n|poke|p1|Amoonguss, L50, M|\n|poke|p1|Baxcalibur, L50, M|\n|poke|p2|Wo-Chien, L50|\n|poke|p2|Glimmora, L50, F|\n|poke|p2|Flutter Mane, L50|\n|poke|p2|Gyarados, L50, F|\n|poke|p2|Maushold-Four, L50|\n|poke|p2|Iron Hands, L50|\n|teampreview|4\n|inactive|Battle timer is ON: inactive players will automatically lose when time's up. (requested by ShatteredPugVGC)\n|\n|t:|1681764223\n|start\n|switch|p1a: Ting-Lu|Ting-Lu, L50|100\/100\n|switch|p1b: Amoonguss|Amoonguss, L50, M|100\/100\n|switch|p2a: Maushold|Maushold-Four, L50|100\/100\n|switch|p2b: Flutter Mane|Flutter Mane, L50|100\/100\n|-ability|p1a: Ting-Lu|Vessel of Ruin\n|-enditem|p2b: Flutter Mane|Booster Energy\n|-activate|p2b: Flutter Mane|ability: Protosynthesis|[fromitem]\n|-start|p2b: Flutter Mane|protosynthesisspa\n|turn|1\n|inactive|Psiauu \u30c4 has 30 seconds left.\n|\n|t:|1681764251\n|-terastallize|p1a: Ting-Lu|Ghost\n|move|p2a: Maushold|Super Fang|p1a: Ting-Lu\n|-immune|p1a: Ting-Lu\n|move|p2b: Flutter Mane|Substitute|p2b: Flutter Mane\n|-start|p2b: Flutter Mane|Substitute\n|-damage|p2b: Flutter Mane|75\/100\n|move|p1a: Ting-Lu|Stealth Rock|p2b: Flutter Mane\n|-sidestart|p2: ShatteredPugVGC|move: Stealth Rock\n|move|p1b: Amoonguss|Spore||[still]\n|-fail|p1b: Amoonguss\n|\n|upkeep\n|turn|2\n|inactive|Psiauu \u30c4 has 30 seconds left.\n|c|\u2606ShatteredPugVGC|got it\n|\n|t:|1681764280\n|move|p2b: Flutter Mane|Protect|p2b: Flutter Mane\n|-singleturn|p2b: Flutter Mane|Protect\n|move|p1b: Amoonguss|Rage Powder|p1b: Amoonguss\n|-singleturn|p1b: Amoonguss|move: Rage Powder\n|move|p2a: Maushold|Thunder Wave|p1b: Amoonguss|[miss]\n|-miss|p2a: Maushold|p1b: Amoonguss\n|move|p1a: Ting-Lu|Fissure|p2a: Maushold|[miss]\n|-miss|p1a: Ting-Lu|p2a: Maushold\n|\n|upkeep\n|turn|3\n|c|\u2606ShatteredPugVGC|weird stuff\n|\n|t:|1681764299\n|-terastallize|p2b: Flutter Mane|Fairy\n|move|p2a: Maushold|Super Fang|p1b: Amoonguss|[miss]\n|-miss|p2a: Maushold|p1b: Amoonguss\n|move|p2b: Flutter Mane|Moonblast|p1b: Amoonguss\n|-resisted|p1b: Amoonguss\n|-damage|p1b: Amoonguss|80\/100\n|-unboost|p1b: Amoonguss|spa|1\n|move|p1a: Ting-Lu|Stomping Tantrum|p2b: Flutter Mane\n|-end|p2b: Flutter Mane|Substitute\n|move|p1b: Amoonguss|Spore|p2a: Maushold\n|-activate|p2a: Maushold|item: Safety Goggles|Spore\n|\n|upkeep\n|turn|4\n|\n|t:|1681764322\n|move|p2b: Flutter Mane|Protect|p2b: Flutter Mane\n|-singleturn|p2b: Flutter Mane|Protect\n|move|p2a: Maushold|Thunder Wave|p1a: Ting-Lu|[miss]\n|-miss|p2a: Maushold|p1a: Ting-Lu\n|move|p1a: Ting-Lu|Stomping Tantrum|p2b: Flutter Mane\n|-activate|p2b: Flutter Mane|move: Protect\n|move|p1b: Amoonguss|Synthesis|p1b: Amoonguss\n|-heal|p1b: Amoonguss|100\/100\n|\n|upkeep\n|turn|5\n|c|\u2606ShatteredPugVGC|BRO\n|c|\u2606Psiauu \u30c4|Ye It happens\n|c|\u2606ShatteredPugVGC|3 misses\n|inactive|Psiauu \u30c4 has 30 seconds left.\n|\n|t:|1681764348\n|move|p2a: Maushold|Thunder Wave|p1a: Ting-Lu\n|-status|p1a: Ting-Lu|par\n|move|p2b: Flutter Mane|Hex|p1a: Ting-Lu\n|-supereffective|p1a: Ting-Lu\n|-damage|p1a: Ting-Lu|1\/100 par\n|move|p1b: Amoonguss|Sludge Bomb|p2b: Flutter Mane\n|-supereffective|p2b: Flutter Mane\n|-damage|p2b: Flutter Mane|56\/100\n|cant|p1a: Ting-Lu|par\n|\n|upkeep\n|turn|6\n|\n|t:|1681764369\n|move|p2a: Maushold|Super Fang|p1b: Amoonguss\n|-damage|p1b: Amoonguss|51\/100\n|move|p2b: Flutter Mane|Substitute|p2b: Flutter Mane\n|-start|p2b: Flutter Mane|Substitute\n|-damage|p2b: Flutter Mane|31\/100\n|move|p1b: Amoonguss|Sludge Bomb|p2b: Flutter Mane\n|-supereffective|p2b: Flutter Mane\n|-crit|p2b: Flutter Mane\n|-end|p2b: Flutter Mane|Substitute\n|cant|p1a: Ting-Lu|par\n|\n|upkeep\n|turn|7\n|c|\u2606ShatteredPugVGC|ok revenge moment\n|\n|t:|1681764387\n|move|p1b: Amoonguss|Rage Powder|p1b: Amoonguss\n|-singleturn|p1b: Amoonguss|move: Rage Powder\n|move|p2a: Maushold|Thunder Wave|p1b: Amoonguss\n|-status|p1b: Amoonguss|par\n|move|p2b: Flutter Mane|Moonblast|p1b: Amoonguss\n|-resisted|p1b: Amoonguss\n|-damage|p1b: Amoonguss|29\/100 par\n|-enditem|p1b: Amoonguss|Sitrus Berry|[eat]\n|-heal|p1b: Amoonguss|53\/100 par|[from] item: Sitrus Berry\n|cant|p1a: Ting-Lu|par\n|\n|upkeep\n|turn|8\n|c|\u2606Psiauu \u30c4|Surprise!\n|c|\u2606Psiauu \u30c4|BRUH\n|c|\u2606ShatteredPugVGC|feeling good now\n|c|\u2606ShatteredPugVGC|I take it back we even\n|\n|t:|1681764408\n|move|p2a: Maushold|Follow Me|p2a: Maushold\n|-singleturn|p2a: Maushold|move: Follow Me\n|move|p1b: Amoonguss|Rage Powder|p1b: Amoonguss\n|-singleturn|p1b: Amoonguss|move: Rage Powder\n|move|p2b: Flutter Mane|Hex|p1b: Amoonguss\n|-damage|p1b: Amoonguss|13\/100 par\n|move|p1a: Ting-Lu|Rest|p1a: Ting-Lu\n|-status|p1a: Ting-Lu|slp|[from] move: Rest\n|-heal|p1a: Ting-Lu|100\/100 slp|[silent]\n|-enditem|p1a: Ting-Lu|Chesto Berry|[eat]\n|-curestatus|p1a: Ting-Lu|slp|[msg]\n|\n|upkeep\n|turn|9\n|c|\u2606Psiauu \u30c4|SURPRISE!\n|c|\u2606ShatteredPugVGC|NO\n|c|\u2606ShatteredPugVGC|WHAT IS THIS\n|inactive|Psiauu \u30c4 has 30 seconds left.\n|c|\u2606Psiauu \u30c4|MY cookinh\n|\n|t:|1681764442\n|move|p2a: Maushold|Follow Me|p2a: Maushold\n|-singleturn|p2a: Maushold|move: Follow Me\n|move|p1b: Amoonguss|Rage Powder|p1b: Amoonguss\n|-singleturn|p1b: Amoonguss|move: Rage Powder\n|move|p2b: Flutter Mane|Hex|p1b: Amoonguss\n|-damage|p1b: Amoonguss|0 fnt\n|faint|p1b: Amoonguss\n|move|p1a: Ting-Lu|Stomping Tantrum|p2a: Maushold\n|-damage|p2a: Maushold|59\/100\n|\n|upkeep\n|c|\u2606ShatteredPugVGC|how you beat my cookin\n|c|\u2606ShatteredPugVGC|no i beat your cookin now\n|\n|t:|1681764455\n|switch|p1b: Flutter Mane|Flutter Mane, L50|100\/100\n|turn|10\n|\n|t:|1681764475\n|-end|p2b: Flutter Mane|Protosynthesis|[silent]\n|switch|p2b: Iron Hands|Iron Hands, L50|100\/100\n|-damage|p2b: Iron Hands|94\/100|[from] Stealth Rock\n|move|p1b: Flutter Mane|Dazzling Gleam|p2b: Iron Hands|[spread] p2a,p2b\n|-supereffective|p2b: Iron Hands\n|-damage|p2a: Maushold|17\/100\n|-damage|p2b: Iron Hands|69\/100\n|move|p2a: Maushold|Thunder Wave|p1b: Flutter Mane\n|-status|p1b: Flutter Mane|par\n|move|p1a: Ting-Lu|Stomping Tantrum|p2b: Iron Hands\n|-supereffective|p2b: Iron Hands\n|-damage|p2b: Iron Hands|39\/100\n|\n|upkeep\n|turn|11\n|\n|t:|1681764492\n|move|p2a: Maushold|Thunder Wave|p1a: Ting-Lu\n|-status|p1a: Ting-Lu|par\n|move|p1b: Flutter Mane|Dazzling Gleam|p2a: Maushold|[spread] p2a,p2b\n|-supereffective|p2b: Iron Hands\n|-damage|p2a: Maushold|0 fnt\n|-damage|p2b: Iron Hands|14\/100\n|faint|p2a: Maushold\n|move|p2b: Iron Hands|Wild Charge|p1a: Ting-Lu\n|-damage|p1a: Ting-Lu|78\/100 par\n|-damage|p2b: Iron Hands|8\/100|[from] Recoil\n|move|p1a: Ting-Lu|Stomping Tantrum|p2b: Iron Hands\n|-supereffective|p2b: Iron Hands\n|-damage|p2b: Iron Hands|0 fnt\n|faint|p2b: Iron Hands\n|-end|p2b: Iron Hands|Quark Drive|[silent]\n|\n|upkeep\n|\n|t:|1681764504\n|switch|p2a: Flutter Mane|Flutter Mane, L50, tera:Fairy|31\/100\n|switch|p2b: Gyarados|Gyarados, L50, F|100\/100\n|-damage|p2a: Flutter Mane|19\/100|[from] Stealth Rock\n|-damage|p2b: Gyarados|76\/100|[from] Stealth Rock\n|-ability|p2b: Gyarados|Intimidate|boost\n|-unboost|p1a: Ting-Lu|atk|1\n|-unboost|p1b: Flutter Mane|atk|1\n|turn|12\n|\n|t:|1681764513\n|move|p2a: Flutter Mane|Protect|p2a: Flutter Mane\n|-singleturn|p2a: Flutter Mane|Protect\n|move|p2b: Gyarados|Waterfall|p1b: Flutter Mane\n|-damage|p1b: Flutter Mane|21\/100 par\n|cant|p1b: Flutter Mane|flinch\n|cant|p1a: Ting-Lu|par\n|\n|upkeep\n|turn|13\n|\n|t:|1681764521\n|move|p2a: Flutter Mane|Hex|p1a: Ting-Lu\n|-supereffective|p1a: Ting-Lu\n|-damage|p1a: Ting-Lu|7\/100 par\n|move|p2b: Gyarados|Waterfall|p1b: Flutter Mane\n|-damage|p1b: Flutter Mane|0 fnt\n|faint|p1b: Flutter Mane\n|-end|p1b: Flutter Mane|Protosynthesis|[silent]\n|cant|p1a: Ting-Lu|par\n|\n|upkeep\n|\n|t:|1681764527\n|switch|p1b: Baxcalibur|Baxcalibur, L50, M|100\/100\n|turn|14\n|c|\u2606ShatteredPugVGC|YES\n|c|\u2606ShatteredPugVGC|DIE\n|c|\u2606Psiauu \u30c4|I might lose NHL\n|c|\u2606Psiauu \u30c4|Ngl*\n|c|\u2606ShatteredPugVGC|i might too\n|inactive|Psiauu \u30c4 has 30 seconds left.\n|\n|t:|1681764559\n|move|p2a: Flutter Mane|Protect|p2a: Flutter Mane\n|-singleturn|p2a: Flutter Mane|Protect\n|move|p1b: Baxcalibur|Icicle Spear|p2a: Flutter Mane\n|-activate|p2a: Flutter Mane|move: Protect\n|move|p2b: Gyarados|Waterfall|p1a: Ting-Lu\n|-damage|p1a: Ting-Lu|0 fnt\n|faint|p1a: Ting-Lu\n|\n|upkeep\n|turn|15\n|c|\u2606Psiauu \u30c4|Got no ice shard\n|c|\u2606Psiauu \u30c4|L\n|c|\u2606ShatteredPugVGC|gg\n|\n|t:|1681764580\n|move|p2a: Flutter Mane|Moonblast|p1b: Baxcalibur\n|-supereffective|p1b: Baxcalibur\n|-damage|p1b: Baxcalibur|0 fnt\n|faint|p1b: Baxcalibur\n|\n|win|ShatteredPugVGC\n|raw|Psiauu \u30c4's rating: 1130 → 1112<\/strong> (-18 for losing)\n|raw|ShatteredPugVGC's rating: 1227 → 1245<\/strong> (+18 for winning)\n|c|\u2606ShatteredPugVGC|fun game\n|c|\u2606ShatteredPugVGC|like\n|c|\u2606ShatteredPugVGC|actually\n|c|\u2606Psiauu \u30c4|Gg\n|c|\u2606Psiauu \u30c4|Yes\n|c|\u2606ShatteredPugVGC|thank you\n","uploadtime":1681764594,"views":8,"p1id":"psiauu","p2id":"shatteredpugvgc","formatid":"gen9vgc2023regulationc","rating":1112,"private":0,"password":""}