{"id":"gen9vgc2023regulationc-1848332761","p1":"PixelDupe1","p2":"EnThy","format":"[Gen 9] VGC 2023 Regulation C","log":"|j|\u2606PixelDupe1\n|j|\u2606EnThy\n|t:|1682062070\n|gametype|doubles\n|player|p1|PixelDupe1|palmer|1293\n|player|p2|EnThy|101|1220\n|teamsize|p1|6\n|teamsize|p2|6\n|gen|9\n|tier|[Gen 9] VGC 2023 Regulation C\n|rated|\n|rule|Species Clause: Limit one of each Pok\u00e9mon\n|rule|Item Clause: Limit one of each item\n|clearpoke\n|poke|p1|Orthworm, L50, M|\n|poke|p1|Iron Hands, L50|\n|poke|p1|Palafin, L50, M|\n|poke|p1|Ting-Lu, L50|\n|poke|p1|Flutter Mane, L50|\n|poke|p1|Gyarados, L50, F|\n|poke|p2|Farigiraf, L50, F|\n|poke|p2|Abomasnow, L50, M|\n|poke|p2|Iron Bundle, L50|\n|poke|p2|Lycanroc-Midnight, L50, M|\n|poke|p2|Annihilape, L50, M|\n|poke|p2|Maushold-Four, L50|\n|teampreview|4\n|inactive|Battle timer is ON: inactive players will automatically lose when time's up. (requested by EnThy)\nPixelDupe1 has agreed to open team sheets.\n|inactive|PixelDupe1 has 60 seconds left.\n|inactive|EnThy has 60 seconds left.\n|\n|t:|1682062112\n|start\n|switch|p1a: Orthworm|Orthworm, L50, M|100\/100\n|switch|p1b: Mischief|Flutter Mane, L50|100\/100\n|switch|p2a: Iron Bundle|Iron Bundle, L50, shiny|100\/100\n|switch|p2b: Abomasnow|Abomasnow, L50, M, shiny|100\/100\n|-weather|Snow|[from] ability: Snow Warning|[of] p2b: Abomasnow\n|-enditem|p2a: Iron Bundle|Booster Energy\n|-activate|p2a: Iron Bundle|ability: Quark Drive|[fromitem]\n|-start|p2a: Iron Bundle|quarkdrivespe\n|turn|1\n|inactive|PixelDupe1 has 30 seconds left.\n|\n|t:|1682062144\n|switch|p2b: Maushold|Maushold-Four, L50, shiny|100\/100\n|move|p2a: Iron Bundle|Aurora Veil|p2a: Iron Bundle\n|-sidestart|p2: EnThy|move: Aurora Veil\n|move|p1b: Mischief|Thunderbolt|p2a: Iron Bundle\n|-supereffective|p2a: Iron Bundle\n|-damage|p2a: Iron Bundle|2\/100\n|move|p1a: Orthworm|Shed Tail|p1a: Orthworm\n|-start|p1a: Orthworm|Substitute|[from] move: Shed Tail\n|-damage|p1a: Orthworm|50\/100\n|-enditem|p1a: Orthworm|Sitrus Berry|[eat]\n|-heal|p1a: Orthworm|75\/100|[from] item: Sitrus Berry\n|inactive|PixelDupe1 has 30 seconds left.\n|\n|t:|1682062176\n|switch|p1a: Iron Hands|Iron Hands, L50|100\/100|[from] Shed Tail\n|\n|-weather|Snow|[upkeep]\n|upkeep\n|turn|2\n|\n|t:|1682062189\n|-end|p2a: Iron Bundle|Quark Drive|[silent]\n|switch|p2a: Annihilape|Annihilape, L50, M, shiny|100\/100\n|move|p2b: Maushold|Protect|p2b: Maushold\n|-singleturn|p2b: Maushold|Protect\n|move|p1b: Mischief|Thunderbolt|p2a: Annihilape\n|-damage|p2a: Annihilape|85\/100\n|move|p1a: Iron Hands|Swords Dance|p1a: Iron Hands\n|-boost|p1a: Iron Hands|atk|2\n|\n|-weather|Snow|[upkeep]\n|upkeep\n|turn|3\n|inactive|EnThy has 30 seconds left.\n|\n|t:|1682062216\n|-end|p1b: Mischief|Protosynthesis|[silent]\n|switch|p1b: Bowlhead|Ting-Lu, L50|100\/100\n|-ability|p1b: Bowlhead|Vessel of Ruin\n|move|p2b: Maushold|Follow Me|p2b: Maushold\n|-singleturn|p2b: Maushold|move: Follow Me\n|move|p2a: Annihilape|Bulk Up|p2a: Annihilape\n|-boost|p2a: Annihilape|atk|1\n|-boost|p2a: Annihilape|def|1\n|move|p1a: Iron Hands|Wild Charge|p2b: Maushold\n|-damage|p2b: Maushold|5\/100\n|-damage|p1a: Iron Hands|82\/100|[from] Recoil\n|\n|-weather|Snow|[upkeep]\n|upkeep\n|turn|4\n|\n|t:|1682062241\n|switch|p1b: Mischief|Flutter Mane, L50|100\/100\n|move|p2b: Maushold|Protect|p2b: Maushold\n|-singleturn|p2b: Maushold|Protect\n|move|p2a: Annihilape|Drain Punch|p1a: Iron Hands\n|-end|p1a: Iron Hands|Substitute\n|-heal|p2a: Annihilape|95\/100|[from] drain|[of] p1a: Iron Hands\n|move|p1a: Iron Hands|Wild Charge|p2a: Annihilape\n|-damage|p2a: Annihilape|57\/100\n|-damage|p1a: Iron Hands|73\/100|[from] Recoil\n|\n|-weather|Snow|[upkeep]\n|upkeep\n|turn|5\n|inactive|EnThy has 30 seconds left.\n|inactive|EnThy has 20 seconds left.\n|inactive|EnThy has 15 seconds left.\n|inactive|EnThy has 10 seconds left.\n|inactive|EnThy has 5 seconds left.\n|\n|t:|1682062296\n|-terastallize|p1b: Mischief|Fairy\n|move|p1b: Mischief|Dazzling Gleam|p2a: Annihilape|[spread] p2a,p2b\n|-supereffective|p2a: Annihilape\n|-damage|p2a: Annihilape|16\/100\n|-damage|p2b: Maushold|0 fnt\n|-enditem|p2a: Annihilape|Sitrus Berry|[eat]\n|-heal|p2a: Annihilape|41\/100|[from] item: Sitrus Berry\n|faint|p2b: Maushold\n|move|p2a: Annihilape|Rage Fist|p1b: Mischief\n|-damage|p1b: Mischief|0 fnt\n|faint|p1b: Mischief\n|-end|p1b: Mischief|Protosynthesis|[silent]\n|move|p1a: Iron Hands|Wild Charge|p2a: Annihilape\n|-damage|p2a: Annihilape|0 fnt\n|faint|p2a: Annihilape\n|-damage|p1a: Iron Hands|64\/100|[from] Recoil\n|\n|-weather|none\n|-sideend|p2: EnThy|move: Aurora Veil\n|upkeep\n|\n|t:|1682062317\n|switch|p1b: Bowlhead|Ting-Lu, L50|100\/100\n|switch|p2b: Iron Bundle|Iron Bundle, L50, shiny|2\/100\n|switch|p2a: Abomasnow|Abomasnow, L50, M, shiny|100\/100\n|-ability|p1b: Bowlhead|Vessel of Ruin\n|-weather|Snow|[from] ability: Snow Warning|[of] p2a: Abomasnow\n|turn|6\n|inactive|EnThy has 30 seconds left.\n|\n|t:|1682062352\n|-terastallize|p2b: Iron Bundle|Ice\n|move|p2b: Iron Bundle|Blizzard|p1a: Iron Hands|[spread] p1a,p1b\n|-supereffective|p1b: Bowlhead\n|-damage|p1a: Iron Hands|30\/100\n|-damage|p1b: Bowlhead|59\/100\n|-status|p1a: Iron Hands|frz\n|cant|p1a: Iron Hands|frz\n|move|p1b: Bowlhead|Stomping Tantrum|p2b: Iron Bundle\n|-damage|p2b: Iron Bundle|0 fnt\n|faint|p2b: Iron Bundle\n|-end|p2b: Iron Bundle|Quark Drive|[silent]\n|move|p2a: Abomasnow|Blizzard|p1a: Iron Hands|[spread] p1a,p1b\n|-supereffective|p1b: Bowlhead\n|-damage|p1a: Iron Hands|14\/100 frz\n|-damage|p1b: Bowlhead|40\/100\n|-status|p1b: Bowlhead|frz\n|\n|-weather|Snow|[upkeep]\n|upkeep\n|turn|7\n|\n|t:|1682062371\n|cant|p1a: Iron Hands|frz\n|cant|p1b: Bowlhead|frz\n|move|p2a: Abomasnow|Blizzard|p1b: Bowlhead|[spread] p1a,p1b\n|-supereffective|p1b: Bowlhead\n|-damage|p1a: Iron Hands|0 fnt\n|-damage|p1b: Bowlhead|23\/100 frz\n|faint|p1a: Iron Hands\n|-end|p1a: Iron Hands|Quark Drive|[silent]\n|\n|-weather|Snow|[upkeep]\n|upkeep\n|\n|t:|1682062375\n|switch|p1a: Orthworm|Orthworm, L50, M|75\/100\n|turn|8\n|\n|t:|1682062391\n|move|p1a: Orthworm|Body Press|p2a: Abomasnow\n|-supereffective|p2a: Abomasnow\n|-damage|p2a: Abomasnow|67\/100\n|cant|p1b: Bowlhead|frz\n|move|p2a: Abomasnow|Body Press|p1b: Bowlhead\n|-supereffective|p1b: Bowlhead\n|-damage|p1b: Bowlhead|4\/100 frz\n|\n|-weather|Snow|[upkeep]\n|upkeep\n|turn|9\n|\n|t:|1682062402\n|move|p1a: Orthworm|Heavy Slam|p2a: Abomasnow\n|-supereffective|p2a: Abomasnow\n|-damage|p2a: Abomasnow|41\/100\n|-curestatus|p1b: Bowlhead|frz|[msg]\n|move|p1b: Bowlhead|Heavy Slam|p2a: Abomasnow\n|-supereffective|p2a: Abomasnow\n|-damage|p2a: Abomasnow|0 fnt\n|faint|p2a: Abomasnow\n|\n|win|PixelDupe1\n|raw|PixelDupe1's rating: 1293 → 1313<\/strong> (+20 for winning)\n|raw|EnThy's rating: 1220 → 1200<\/strong> (-20 for losing)\n|l|\u2606EnThy\n","uploadtime":1682062415,"views":7,"p1id":"pixeldupe1","p2id":"enthy","formatid":"gen9vgc2023regulationc","rating":1200,"private":0,"password":""}