{"id":"gen9vgc2023regulationc-1852896903","p1":"Jbenn","p2":"Eldegoss32","format":"[Gen 9] VGC 2023 Regulation C","log":"|j|\u2606Jbenn\n|j|\u2606Eldegoss32\n|t:|1682615440\n|gametype|doubles\n|player|p1|Jbenn|steven|\n|player|p2|Eldegoss32|acetrainerf|\n|teamsize|p1|6\n|teamsize|p2|6\n|gen|9\n|tier|[Gen 9] VGC 2023 Regulation C\n|rated|Tournament battle\n|rule|Species Clause: Limit one of each Pok\u00e9mon\n|rule|Item Clause: Limit one of each item\n|clearpoke\n|poke|p1|Roaring Moon, L50|\n|poke|p1|Great Tusk, L50|\n|poke|p1|Gholdengo, L50|\n|poke|p1|Hariyama, L50, F|\n|poke|p1|Mimikyu, L50, M|\n|poke|p1|Gyarados, L50, M|\n|poke|p2|Chien-Pao, L50|\n|poke|p2|Dragonite, L50, F|\n|poke|p2|Talonflame, L50, F|\n|poke|p2|Great Tusk, L50|\n|poke|p2|Palafin, L50, M|\n|poke|p2|Flutter Mane, L50|\n|teampreview|4\n|j| Radio Free C-Side\nJbenn has agreed to open team sheets.\nEldegoss32 has agreed to open team sheets.\n|j| MasterofMetapods5\n|j| ale cog\n|\n|t:|1682615568\n|start\n|switch|p1a: Yokozuna|Hariyama, L50, F, shiny|100\/100\n|switch|p1b: Casper|Mimikyu, L50, M|100\/100\n|switch|p2a: Talonflame|Talonflame, L50, F|100\/100\n|switch|p2b: Flutter Mane|Flutter Mane, L50|100\/100\n|turn|1\n|c|\u2606Jbenn|glhf\n|c|\u2606Eldegoss32|glhf\n|c| Radio Free C-Side|hariyama time\n|j| rokusho vgc\n|c|\u2606Jbenn|unfortunately I think he's a sack this game :(\n|\n|t:|1682615639\n|move|p1b: Casper|Protect|p1b: Casper\n|-singleturn|p1b: Casper|Protect\n|move|p2a: Talonflame|Brave Bird|p1a: Yokozuna\n|-supereffective|p1a: Yokozuna\n|-damage|p1a: Yokozuna|8\/100\n|-damage|p2a: Talonflame|57\/100|[from] Recoil\n|move|p2b: Flutter Mane|Shadow Ball|p1a: Yokozuna\n|-damage|p1a: Yokozuna|0 fnt\n|faint|p1a: Yokozuna\n|\n|upkeep\n|\n|t:|1682615654\n|switch|p1a: 50 Cent|Gholdengo, L50|100\/100\n|turn|2\n|\n|t:|1682615673\n|-terastallize|p2a: Talonflame|Flying\n|-terastallize|p1b: Casper|Water\n|move|p1a: 50 Cent|Protect|p1a: 50 Cent\n|-singleturn|p1a: 50 Cent|Protect\n|move|p2a: Talonflame|Brave Bird|p1b: Casper\n|-activate|p1b: Casper|ability: Disguise\n|-damage|p1b: Casper|100\/100\n|detailschange|p1b: Casper|Mimikyu-Busted, L50, M, tera:Water\n|-damage|p1b: Casper|88\/100|[from] pokemon: Mimikyu-Busted\n|move|p2b: Flutter Mane|Shadow Ball|p1b: Casper\n|-damage|p1b: Casper|12\/100\n|-enditem|p1b: Casper|Sitrus Berry|[eat]\n|-heal|p1b: Casper|37\/100|[from] item: Sitrus Berry\n|move|p1b: Casper|Trick Room|p1b: Casper\n|-fieldstart|move: Trick Room|[of] p1b: Casper\n|\n|upkeep\n|turn|3\n|\n|t:|1682615696\n|move|p1a: 50 Cent|Make It Rain|p2a: Talonflame|[spread] p2a,p2b\n|-supereffective|p2b: Flutter Mane\n|-damage|p2a: Talonflame|0 fnt\n|-damage|p2b: Flutter Mane|0 fnt\n|-unboost|p1a: 50 Cent|spa|1\n|faint|p2a: Talonflame\n|faint|p2b: Flutter Mane\n|-end|p2b: Flutter Mane|Protosynthesis|[silent]\n|move|p1b: Casper|Play Rough|p2: Talonflame|[notarget]\n|-fail|p1b: Casper\n|\n|upkeep\n|\n|t:|1682615706\n|switch|p2b: Dragonite|Dragonite, L50, F|100\/100\n|switch|p2a: Chien-Pao|Chien-Pao, L50|100\/100\n|-ability|p2a: Chien-Pao|Sword of Ruin\n|turn|4\n|j| minionbanana57\n|l| minionbanana57\n|c|\u2606Eldegoss32|kinda forgot my talonflame outsped flutter\n|\n|t:|1682615752\n|switch|p1a: Haku|Gyarados, L50, M, shiny|100\/100\n|-ability|p1a: Haku|Intimidate|boost\n|-unboost|p2a: Chien-Pao|atk|1\n|-unboost|p2b: Dragonite|atk|1\n|move|p2b: Dragonite|Extreme Speed|p1b: Casper\n|-crit|p1b: Casper\n|-damage|p1b: Casper|0 fnt\n|faint|p1b: Casper\n|move|p2a: Chien-Pao|Throat Chop|p1a: Haku\n|-damage|p1a: Haku|54\/100\n|-start|p1a: Haku|Throat Chop|[silent]\n|\n|upkeep\n|c|\u2606Jbenn|I doubt that mattered but oof\n|\n|t:|1682615777\n|switch|p1b: 50 Cent|Gholdengo, L50|100\/100\n|turn|5\n|\n|t:|1682615817\n|move|p2b: Dragonite|Dragon Claw|p1a: Haku\n|-damage|p1a: Haku|14\/100\n|move|p1b: 50 Cent|Make It Rain|p2b: Dragonite|[spread] p2a,p2b\n|-supereffective|p2a: Chien-Pao\n|-damage|p2a: Chien-Pao|0 fnt\n|-damage|p2b: Dragonite|85\/100\n|-unboost|p1b: 50 Cent|spa|1\n|faint|p2a: Chien-Pao\n|move|p1a: Haku|Waterfall|p2b: Dragonite\n|-resisted|p2b: Dragonite\n|-damage|p2b: Dragonite|68\/100\n|\n|-end|p1a: Haku|Throat Chop|[silent]\n|upkeep\n|turn|6\n|\n|t:|1682615839\n|move|p2b: Dragonite|Dragon Claw|p1a: Haku\n|-damage|p1a: Haku|0 fnt\n|faint|p1a: Haku\n|move|p1b: 50 Cent|Nasty Plot|p1b: 50 Cent\n|-boost|p1b: 50 Cent|spa|2\n|\n|-fieldend|move: Trick Room\n|upkeep\n|turn|7\n|\n|t:|1682615854\n|move|p2b: Dragonite|Dragon Claw|p1b: 50 Cent\n|-resisted|p1b: 50 Cent\n|-damage|p1b: 50 Cent|86\/100\n|move|p1b: 50 Cent|Nasty Plot|p1b: 50 Cent\n|-boost|p1b: 50 Cent|spa|2\n|\n|-heal|p1b: 50 Cent|92\/100|[from] item: Leftovers\n|upkeep\n|turn|8\n|c|\u2606Jbenn|ggs\n|c|\u2606Eldegoss32|gg\n|\n|t:|1682615863\n|move|p2b: Dragonite|Dragon Claw|p1b: 50 Cent\n|-resisted|p1b: 50 Cent\n|-damage|p1b: 50 Cent|77\/100\n|move|p1b: 50 Cent|Make It Rain|p2b: Dragonite\n|-damage|p2b: Dragonite|0 fnt\n|-unboost|p1b: 50 Cent|spa|1\n|faint|p2b: Dragonite\n|\n|win|Jbenn\n|n|\u2606Jbenn|jbenn\n|n|\u2606Eldegoss32|eldegoss32\n|n| Radio Free C-Side|radiofreecside\n|n| MasterofMetapods5|masterofmetapods5\n|n| ale cog|alecog\n|n| rokusho vgc|rokushovgc\n|c|\u2606Jbenn|wait\n|c|\u2606Jbenn|this wasn't finals?\n|c|\u2606Jbenn|o\n|l| Radio Free C-Side\n","uploadtime":1682615884,"views":7,"p1id":"jbenn","p2id":"eldegoss32","formatid":"gen9vgc2023regulationc","rating":0,"private":0,"password":""}