{"id":"gen9vgc2023regulationc-1862263389","p1":"GenoPaldea","p2":"L0LZ4N0m4","format":"[Gen 9] VGC 2023 Regulation C","log":"|j|\u2606GenoPaldea\n|j|\u2606L0LZ4N0m4\n|t:|1683856788\n|gametype|doubles\n|player|p1|GenoPaldea|2|1263\n|player|p2|L0LZ4N0m4|aromalady|1264\n|teamsize|p1|6\n|teamsize|p2|6\n|gen|9\n|tier|[Gen 9] VGC 2023 Regulation C\n|rated|\n|rule|Species Clause: Limit one of each Pok\u00e9mon\n|rule|Item Clause: Limit one of each item\n|clearpoke\n|poke|p1|Tatsugiri, L50, M|\n|poke|p1|Rabsca, L50, F|\n|poke|p1|Dondozo, L50, F|\n|poke|p1|Roaring Moon, L50|\n|poke|p1|Orthworm, L50, M|\n|poke|p1|Indeedee-F, L50, F|\n|poke|p2|Tyranitar, L50, F|\n|poke|p2|Palafin, L50, M|\n|poke|p2|Kingambit, L50, M|\n|poke|p2|Flutter Mane, L50|\n|poke|p2|Arcanine, L50, M|\n|poke|p2|Amoonguss, L50, F|\n|teampreview|4\n|inactive|Battle timer is ON: inactive players will automatically lose when time's up. (requested by L0LZ4N0m4)\n|inactive|GenoPaldea has 60 seconds left.\n|inactive|GenoPaldea has 30 seconds left.\n|\n|t:|1683856854\n|start\n|switch|p1a: Roaring Moon|Roaring Moon, L50|100\/100\n|switch|p1b: Orthworm|Orthworm, L50, M|100\/100\n|switch|p2a: Palafin|Palafin, L50, M|100\/100\n|switch|p2b: Tyranitar|Tyranitar, L50, F|100\/100\n|-weather|Sandstorm|[from] ability: Sand Stream|[of] p2b: Tyranitar\n|-enditem|p1a: Roaring Moon|Booster Energy\n|-activate|p1a: Roaring Moon|ability: Protosynthesis|[fromitem]\n|-start|p1a: Roaring Moon|protosynthesisatk\n|turn|1\n|inactive|GenoPaldea has 30 seconds left.\n|inactive|L0LZ4N0m4 has 30 seconds left.\n|inactive|GenoPaldea has 20 seconds left.\n|\n|t:|1683856891\n|detailschange|p2a: Palafin|Palafin-Hero, L50, M\n|switch|p2a: Kingambit|Kingambit, L50, M|100\/100\n|-terastallize|p1a: Roaring Moon|Flying\n|move|p1a: Roaring Moon|Acrobatics|p2a: Kingambit\n|-resisted|p2a: Kingambit\n|-damage|p2a: Kingambit|69\/100\n|move|p2b: Tyranitar|Rock Slide|p1a: Roaring Moon|[spread] p1a,p1b\n|-supereffective|p1a: Roaring Moon\n|-resisted|p1b: Orthworm\n|-damage|p1a: Roaring Moon|24\/100\n|-damage|p1b: Orthworm|91\/100\n|move|p1b: Orthworm|Shed Tail|p1b: Orthworm\n|-start|p1b: Orthworm|Substitute|[from] move: Shed Tail\n|-damage|p1b: Orthworm|41\/100\n|-enditem|p1b: Orthworm|Sitrus Berry|[eat]\n|-heal|p1b: Orthworm|65\/100|[from] item: Sitrus Berry\n|inactive|GenoPaldea has 30 seconds left.\n|\n|t:|1683856917\n|switch|p1b: Dondozo|Dondozo, L50, F|100\/100|[from] Shed Tail\n|\n|-weather|Sandstorm|[upkeep]\n|-damage|p1a: Roaring Moon|18\/100|[from] Sandstorm\n|-damage|p1b: Dondozo|94\/100|[from] Sandstorm\n|upkeep\n|turn|2\n|inactive|GenoPaldea has 30 seconds left.\n|inactive|L0LZ4N0m4 has 30 seconds left.\n|\n|t:|1683856948\n|switch|p2a: Palafin|Palafin-Hero, L50, M|100\/100\n|-activate|p2a: Palafin|ability: Zero to Hero\n|-terastallize|p2b: Tyranitar|Grass\n|move|p1a: Roaring Moon|Breaking Swipe|p2b: Tyranitar|[spread] p2a,p2b\n|-damage|p2a: Palafin|74\/100\n|-damage|p2b: Tyranitar|77\/100\n|-unboost|p2a: Palafin|atk|1\n|-unboost|p2b: Tyranitar|atk|1\n|move|p2b: Tyranitar|Rock Slide|p1b: Dondozo|[spread] p1a\n|-miss|p2b: Tyranitar|p1b: Dondozo\n|-supereffective|p1a: Roaring Moon\n|-damage|p1a: Roaring Moon|0 fnt\n|faint|p1a: Roaring Moon\n|-end|p1a: Roaring Moon|Protosynthesis|[silent]\n|move|p1b: Dondozo|Earthquake|p2b: Tyranitar|[spread] p2a,p2b\n|-resisted|p2b: Tyranitar\n|-damage|p2a: Palafin|53\/100\n|-damage|p2b: Tyranitar|67\/100\n|\n|-weather|Sandstorm|[upkeep]\n|-damage|p2a: Palafin|47\/100|[from] Sandstorm\n|-damage|p2b: Tyranitar|61\/100|[from] Sandstorm\n|-damage|p1b: Dondozo|88\/100|[from] Sandstorm\n|upkeep\n|inactive|GenoPaldea has 30 seconds left.\n|inactive|GenoPaldea has 20 seconds left.\n|inactive|GenoPaldea has 15 seconds left.\n|inactive|GenoPaldea has 10 seconds left.\n|\n|t:|1683856997\n|switch|p1a: Orthworm|Orthworm, L50, M|65\/100\n|turn|3\n|\n|t:|1683857010\n|move|p2a: Palafin|Haze|p2a: Palafin\n|-clearallboost\n|move|p2b: Tyranitar|Tera Blast|p1b: Dondozo\n|-supereffective|p1b: Dondozo\n|-end|p1b: Dondozo|Substitute\n|move|p1a: Orthworm|Iron Defense|p1a: Orthworm\n|-boost|p1a: Orthworm|def|2\n|move|p1b: Dondozo|Earthquake|p2b: Tyranitar|[spread] p2a,p2b\n|-heal|p1a: Orthworm|90\/100|[from] ability: Earth Eater|[of] p1b: Dondozo\n|-resisted|p2b: Tyranitar\n|-damage|p2a: Palafin|25\/100\n|-damage|p2b: Tyranitar|52\/100\n|\n|-weather|Sandstorm|[upkeep]\n|-damage|p2a: Palafin|19\/100|[from] Sandstorm\n|-damage|p2b: Tyranitar|46\/100|[from] Sandstorm\n|-damage|p1b: Dondozo|82\/100|[from] Sandstorm\n|upkeep\n|turn|4\n|inactive|GenoPaldea has 30 seconds left.\n|\n|t:|1683857035\n|move|p1b: Dondozo|Protect|p1b: Dondozo\n|-singleturn|p1b: Dondozo|Protect\n|move|p2a: Palafin|Haze|p2a: Palafin\n|-clearallboost\n|move|p2b: Tyranitar|Tera Blast|p1b: Dondozo\n|-activate|p1b: Dondozo|move: Protect\n|move|p1a: Orthworm|Iron Defense|p1a: Orthworm\n|-boost|p1a: Orthworm|def|2\n|\n|-weather|Sandstorm|[upkeep]\n|-damage|p2a: Palafin|13\/100|[from] Sandstorm\n|-damage|p2b: Tyranitar|40\/100|[from] Sandstorm\n|-damage|p1b: Dondozo|76\/100|[from] Sandstorm\n|upkeep\n|turn|5\n|inactive|GenoPaldea has 30 seconds left.\n|\n|t:|1683857067\n|move|p2a: Palafin|Haze|p2a: Palafin\n|-clearallboost\n|move|p2b: Tyranitar|Tera Blast|p1b: Dondozo\n|-supereffective|p1b: Dondozo\n|-damage|p1b: Dondozo|17\/100\n|move|p1a: Orthworm|Body Press|p2b: Tyranitar\n|-damage|p2b: Tyranitar|17\/100\n|move|p1b: Dondozo|Earthquake|p2b: Tyranitar|[spread] p2a,p2b\n|-heal|p1a: Orthworm|100\/100|[from] ability: Earth Eater|[of] p1b: Dondozo\n|-resisted|p2b: Tyranitar\n|-damage|p2a: Palafin|0 fnt\n|-damage|p2b: Tyranitar|7\/100\n|faint|p2a: Palafin\n|\n|-weather|none\n|upkeep\n|\n|t:|1683857079\n|switch|p2a: Arcanine|Arcanine, L50, M|100\/100\n|-ability|p2a: Arcanine|Intimidate|boost\n|-unboost|p1a: Orthworm|atk|1\n|-fail|p1b: Dondozo|unboost|Attack|[from] ability: Oblivious|[of] p1b: Dondozo\n|turn|6\n|inactive|GenoPaldea has 30 seconds left.\n|\n|t:|1683857106\n|move|p1b: Dondozo|Protect|p1b: Dondozo\n|-singleturn|p1b: Dondozo|Protect\n|move|p2a: Arcanine|Flare Blitz|p1a: Orthworm\n|-supereffective|p1a: Orthworm\n|-damage|p1a: Orthworm|42\/100\n|-damage|p2a: Arcanine|83\/100|[from] Recoil\n|move|p2b: Tyranitar|Tera Blast|p1b: Dondozo\n|-activate|p1b: Dondozo|move: Protect\n|move|p1a: Orthworm|Body Press|p2b: Tyranitar\n|-damage|p2b: Tyranitar|0 fnt\n|faint|p2b: Tyranitar\n|\n|upkeep\n|\n|t:|1683857117\n|switch|p2b: Kingambit|Kingambit, L50, M|69\/100\n|turn|7\n|inactive|GenoPaldea has 30 seconds left.\n|inactive|L0LZ4N0m4 has 30 seconds left.\n|\n|t:|1683857146\n|switch|p1a: Indeedee|Indeedee-F, L50, F|100\/100\n|-fieldstart|move: Psychic Terrain|[from] ability: Psychic Surge|[of] p1a: Indeedee\n|move|p2b: Kingambit|Sucker Punch|p1b: Dondozo\n|-activate|p1b: Dondozo|move: Psychic Terrain\n|move|p2a: Arcanine|Flare Blitz|p1a: Indeedee\n|-crit|p1a: Indeedee\n|-damage|p1a: Indeedee|30\/100\n|-damage|p2a: Arcanine|62\/100|[from] Recoil\n|move|p1b: Dondozo|Earthquake|p2b: Kingambit|[spread] p1a,p2a,p2b\n|-supereffective|p2a: Arcanine\n|-supereffective|p2b: Kingambit\n|-crit|p2b: Kingambit\n|-damage|p1a: Indeedee|9\/100\n|-damage|p2a: Arcanine|18\/100\n|-damage|p2b: Kingambit|14\/100\n|\n|upkeep\n|turn|8\n|inactive|GenoPaldea has 30 seconds left.\n|inactive|L0LZ4N0m4 has 30 seconds left.\n|\n|t:|1683857174\n|move|p1a: Indeedee|Follow Me|p1a: Indeedee\n|-singleturn|p1a: Indeedee|move: Follow Me\n|move|p2a: Arcanine|Flare Blitz|p1a: Indeedee\n|-damage|p1a: Indeedee|0 fnt\n|faint|p1a: Indeedee\n|-damage|p2a: Arcanine|15\/100|[from] Recoil\n|move|p2b: Kingambit|Kowtow Cleave|p1b: Dondozo\n|-damage|p1b: Dondozo|0 fnt\n|faint|p1b: Dondozo\n|\n|upkeep\n|\n|t:|1683857194\n|switch|p1a: Orthworm|Orthworm, L50, M|42\/100\n|turn|9\n|\n|t:|1683857203\n|move|p2a: Arcanine|Flare Blitz|p1a: Orthworm\n|-supereffective|p1a: Orthworm\n|-damage|p1a: Orthworm|0 fnt\n|faint|p1a: Orthworm\n|-damage|p2a: Arcanine|3\/100|[from] Recoil\n|\n|win|L0LZ4N0m4\n|raw|GenoPaldea's rating: 1263 → 1238<\/strong> (-25 for losing)\n|raw|L0LZ4N0m4's rating: 1264 → 1289<\/strong> (+25 for winning)\n|l|\u2606GenoPaldea\n","uploadtime":1683857212,"views":13,"p1id":"genopaldea","p2id":"l0lz4n0m4","formatid":"gen9vgc2023regulationc","rating":1238,"private":0,"password":""}