{"id":"gen9vgc2023regulationc-1854731367","p1":"Desconocido 187","p2":"GQBomb","format":"[Gen 9] VGC 2023 Regulation C","log":"|j|\u2606Desconocido 187\n|j|\u2606GQBomb\n|t:|1682858298\n|gametype|doubles\n|player|p1|Desconocido 187|101|1193\n|player|p2|GQBomb|buck|1200\n|teamsize|p1|6\n|teamsize|p2|6\n|gen|9\n|tier|[Gen 9] VGC 2023 Regulation C\n|rated|\n|rule|Species Clause: Limit one of each Pok\u00e9mon\n|rule|Item Clause: Limit one of each item\n|clearpoke\n|poke|p1|Scizor, L50, M|\n|poke|p1|Gyarados, L50, F|\n|poke|p1|Baxcalibur, L50, M|\n|poke|p1|Iron Hands, L50|\n|poke|p1|Ting-Lu, L50|\n|poke|p1|Ceruledge, L50, F|\n|poke|p2|Chi-Yu, L50|\n|poke|p2|Amoonguss, L50, F|\n|poke|p2|Roaring Moon, L50|\n|poke|p2|Flutter Mane, L50|\n|poke|p2|Gyarados, L50, F|\n|poke|p2|Gholdengo, L50|\n|teampreview|4\n|\n|t:|1682858328\n|start\n|switch|p1a: Gyarados|Gyarados, L50, F|100\/100\n|switch|p1b: Iron Hands|Iron Hands, L50|100\/100\n|switch|p2a: Roaring Moon|Roaring Moon, L50|100\/100\n|switch|p2b: Chi-Yu|Chi-Yu, L50|100\/100\n|-ability|p2b: Chi-Yu|Beads of Ruin\n|-ability|p1a: Gyarados|Intimidate|boost\n|-unboost|p2a: Roaring Moon|atk|1\n|-unboost|p2b: Chi-Yu|atk|1\n|-enditem|p2a: Roaring Moon|Booster Energy\n|-activate|p2a: Roaring Moon|ability: Protosynthesis|[fromitem]\n|-start|p2a: Roaring Moon|protosynthesisspe\n|turn|1\n|\n|t:|1682858388\n|switch|p2b: Gyarados|Gyarados, L50, F|100\/100\n|-ability|p2b: Gyarados|Intimidate|boost\n|-unboost|p1a: Gyarados|atk|1\n|-unboost|p1b: Iron Hands|atk|1\n|move|p1b: Iron Hands|Fake Out|p2a: Roaring Moon\n|-damage|p2a: Roaring Moon|88\/100\n|cant|p2a: Roaring Moon|flinch\n|move|p1a: Gyarados|Thunder Wave|p2b: Gyarados\n|-status|p2b: Gyarados|par\n|-enditem|p2b: Gyarados|Lum Berry|[eat]\n|-curestatus|p2b: Gyarados|par|[msg]\n|\n|upkeep\n|turn|2\n|\n|t:|1682858415\n|-terastallize|p2b: Gyarados|Bug\n|move|p2a: Roaring Moon|Breaking Swipe|p1a: Gyarados|[spread] p1a,p1b\n|-damage|p1a: Gyarados|83\/100\n|-damage|p1b: Iron Hands|89\/100\n|-unboost|p1a: Gyarados|atk|1\n|-unboost|p1b: Iron Hands|atk|1\n|move|p1a: Gyarados|Thunder Wave|p2b: Gyarados\n|-status|p2b: Gyarados|par\n|move|p1b: Iron Hands|Drain Punch|p2a: Roaring Moon\n|-supereffective|p2a: Roaring Moon\n|-damage|p2a: Roaring Moon|28\/100\n|-heal|p1b: Iron Hands|100\/100|[from] drain|[of] p2a: Roaring Moon\n|move|p2b: Gyarados|Taunt|p1a: Gyarados\n|-start|p1a: Gyarados|move: Taunt\n|\n|upkeep\n|turn|3\n|\n|t:|1682858454\n|-end|p2a: Roaring Moon|Protosynthesis|[silent]\n|switch|p2a: Flutter Mane|Flutter Mane, L50|100\/100\n|move|p1a: Gyarados|Waterfall|p2a: Flutter Mane\n|-damage|p2a: Flutter Mane|49\/100\n|move|p1b: Iron Hands|Fire Punch|p2b: Gyarados\n|-supereffective|p2b: Gyarados\n|-damage|p2b: Gyarados|68\/100 par\n|move|p2b: Gyarados|Waterfall|p1b: Iron Hands\n|-damage|p1b: Iron Hands|71\/100\n|\n|upkeep\n|turn|4\n|\n|t:|1682858510\n|switch|p2b: Chi-Yu|Chi-Yu, L50|100\/100\n|-ability|p2b: Chi-Yu|Beads of Ruin\n|-terastallize|p1b: Iron Hands|Water\n|move|p2a: Flutter Mane|Dazzling Gleam|p1a: Gyarados|[spread] p1a,p1b\n|-damage|p1a: Gyarados|18\/100\n|-damage|p1b: Iron Hands|40\/100\n|move|p1a: Gyarados|Waterfall|p2a: Flutter Mane\n|-damage|p2a: Flutter Mane|3\/100\n|move|p1b: Iron Hands|Drain Punch|p2b: Chi-Yu\n|-supereffective|p2b: Chi-Yu\n|-damage|p2b: Chi-Yu|30\/100\n|-heal|p1b: Iron Hands|60\/100|[from] drain|[of] p2b: Chi-Yu\n|\n|upkeep\n|turn|5\n|\n|t:|1682858536\n|move|p2b: Chi-Yu|Dark Pulse|p1b: Iron Hands\n|-damage|p1b: Iron Hands|29\/100\n|move|p2a: Flutter Mane|Dazzling Gleam|p1b: Iron Hands|[spread] p1a,p1b\n|-damage|p1a: Gyarados|0 fnt\n|-damage|p1b: Iron Hands|0 fnt\n|faint|p1a: Gyarados\n|faint|p1b: Iron Hands\n|-end|p1b: Iron Hands|Quark Drive|[silent]\n|\n|upkeep\n|\n|t:|1682858545\n|switch|p1a: Ting-Lu|Ting-Lu, L50|100\/100\n|switch|p1b: Baxcalibur|Baxcalibur, L50, M|100\/100\n|-ability|p1a: Ting-Lu|Vessel of Ruin\n|turn|6\n|\n|t:|1682858566\n|switch|p2b: Gyarados|Gyarados, L50, F, tera:Bug|68\/100 par\n|-ability|p2b: Gyarados|Intimidate|boost\n|-unboost|p1a: Ting-Lu|atk|1\n|-unboost|p1b: Baxcalibur|atk|1\n|move|p1b: Baxcalibur|Ice Shard|p2a: Flutter Mane\n|-damage|p2a: Flutter Mane|0 fnt\n|faint|p2a: Flutter Mane\n|-end|p2a: Flutter Mane|Protosynthesis|[silent]\n|move|p1a: Ting-Lu|Stomping Tantrum|p2b: Gyarados\n|-resisted|p2b: Gyarados\n|-damage|p2b: Gyarados|53\/100 par\n|\n|upkeep\n|\n|t:|1682858575\n|switch|p2a: Chi-Yu|Chi-Yu, L50|30\/100\n|-ability|p2a: Chi-Yu|Beads of Ruin\n|turn|7\n|\n|t:|1682858590\n|cant|p2b: Gyarados|par\n|move|p2a: Chi-Yu|Overheat|p1b: Baxcalibur\n|-damage|p1b: Baxcalibur|43\/100\n|-unboost|p2a: Chi-Yu|spa|2\n|-ability|p1b: Baxcalibur|Thermal Exchange|boost\n|-boost|p1b: Baxcalibur|atk|1\n|move|p1b: Baxcalibur|Icicle Spear|p2b: Gyarados\n|-damage|p2b: Gyarados|37\/100 par\n|-damage|p2b: Gyarados|19\/100 par\n|-damage|p2b: Gyarados|0 fnt\n|faint|p2b: Gyarados\n|-hitcount|p2: Gyarados|3\n|move|p1a: Ting-Lu|Stomping Tantrum|p2a: Chi-Yu\n|-supereffective|p2a: Chi-Yu\n|-damage|p2a: Chi-Yu|0 fnt\n|faint|p2a: Chi-Yu\n|\n|upkeep\n|\n|t:|1682858598\n|switch|p2b: Roaring Moon|Roaring Moon, L50|28\/100\n|turn|8\n|\n|t:|1682858621\n|move|p1b: Baxcalibur|Ice Shard|p2b: Roaring Moon\n|-supereffective|p2b: Roaring Moon\n|-damage|p2b: Roaring Moon|0 fnt\n|faint|p2b: Roaring Moon\n|-end|p2b: Roaring Moon|Protosynthesis|[silent]\n|\n|win|Desconocido 187\n|raw|Desconocido 187's rating: 1193 → 1219<\/strong> (+26 for winning)\n|raw|GQBomb's rating: 1200 → 1174<\/strong> (-26 for losing)\n|l|\u2606GQBomb\n","uploadtime":1682858835,"views":9,"p1id":"desconocido187","p2id":"gqbomb","formatid":"gen9vgc2023regulationc","rating":1174,"private":0,"password":""}