{"id":"gen9vgc2023regulationc-1863368574","p1":"Charlisito","p2":"bug catcher dale","format":"[Gen 9] VGC 2023 Regulation C","log":"|j|\u2606Charlisito\n|j|\u2606bug catcher dale\n|t:|1684008101\n|gametype|doubles\n|player|p1|Charlisito|lucas|1191\n|player|p2|bug catcher dale|bugcatcher-gen4dp|1114\n|teamsize|p1|6\n|teamsize|p2|6\n|gen|9\n|tier|[Gen 9] VGC 2023 Regulation C\n|rated|\n|rule|Species Clause: Limit one of each Pok\u00e9mon\n|rule|Item Clause: Limit one of each item\n|clearpoke\n|poke|p1|Dondozo, L50, M|\n|poke|p1|Baxcalibur, L50, F|\n|poke|p1|Tatsugiri-Droopy, L50, M|\n|poke|p1|Corviknight, L50, F|\n|poke|p1|Flutter Mane, L50|\n|poke|p1|Chi-Yu, L50|\n|poke|p2|Salamence, L50, M|\n|poke|p2|Corviknight, L50, F|\n|poke|p2|Grimmsnarl, L50, M|\n|poke|p2|Vivillon, L50, M|\n|poke|p2|Volcarona, L50, F|\n|poke|p2|Scizor, L50, M|\n|teampreview|4\n|j| sillymode\n|\n|t:|1684008134\n|start\n|switch|p1a: Flutter Mane|Flutter Mane, L50|100\/100\n|switch|p1b: Chi-Yu|Chi-Yu, L50|100\/100\n|switch|p2a: bug team six|Scizor, L50, M|100\/100\n|switch|p2b: just a moth|Vivillon, L50, M|100\/100\n|-ability|p1b: Chi-Yu|Beads of Ruin\n|-enditem|p1a: Flutter Mane|Booster Energy\n|-activate|p1a: Flutter Mane|ability: Protosynthesis|[fromitem]\n|-start|p1a: Flutter Mane|protosynthesisspe\n|turn|1\n|\n|t:|1684008161\n|-end|p1a: Flutter Mane|Protosynthesis|[silent]\n|switch|p1a: Corviknight|Corviknight, L50, F|100\/100\n|move|p2a: bug team six|Bullet Punch|p1a: Corviknight\n|-resisted|p1a: Corviknight\n|-damage|p1a: Corviknight|83\/100\n|-damage|p2a: bug team six|91\/100|[from] item: Life Orb\n|move|p1b: Chi-Yu|Heat Wave|p2b: just a moth|[spread] p2a,p2b\n|-supereffective|p2a: bug team six\n|-supereffective|p2b: just a moth\n|-damage|p2a: bug team six|0 fnt\n|-enditem|p2b: just a moth|Focus Sash\n|-damage|p2b: just a moth|1\/100\n|faint|p2a: bug team six\n|-damage|p1b: Chi-Yu|90\/100|[from] item: Life Orb\n|move|p2b: just a moth|Sleep Powder|p1b: Chi-Yu\n|-status|p1b: Chi-Yu|slp|[from] move: Sleep Powder\n|\n|upkeep\n|\n|t:|1684008179\n|switch|p2a: #1 creepy-crawler|Volcarona, L50, F|100\/100\n|turn|2\n|\n|t:|1684008191\n|-terastallize|p2a: #1 creepy-crawler|Water\n|-terastallize|p1a: Corviknight|Fire\n|cant|p1b: Chi-Yu|slp\n|move|p2b: just a moth|Sleep Powder|p1a: Corviknight\n|-activate|p1a: Corviknight|item: Safety Goggles|Sleep Powder\n|move|p2a: #1 creepy-crawler|Quiver Dance|p2a: #1 creepy-crawler\n|-boost|p2a: #1 creepy-crawler|spa|1\n|-boost|p2a: #1 creepy-crawler|spd|1\n|-boost|p2a: #1 creepy-crawler|spe|1\n|move|p1a: Corviknight|Brave Bird|p2a: #1 creepy-crawler\n|-damage|p2a: #1 creepy-crawler|58\/100\n|-damage|p1a: Corviknight|70\/100|[from] Recoil\n|\n|upkeep\n|turn|3\n|inactive|Battle timer is ON: inactive players will automatically lose when time's up. (requested by Charlisito)\n|\n|t:|1684008234\n|move|p2a: #1 creepy-crawler|Fiery Dance|p1b: Chi-Yu\n|-resisted|p1b: Chi-Yu\n|-damage|p1b: Chi-Yu|52\/100 slp\n|-boost|p2a: #1 creepy-crawler|spa|1\n|cant|p1b: Chi-Yu|slp\n|move|p2b: just a moth|Pollen Puff|p2a: #1 creepy-crawler\n|-heal|p2a: #1 creepy-crawler|100\/100\n|move|p1a: Corviknight|Body Press|p2a: #1 creepy-crawler\n|-damage|p2a: #1 creepy-crawler|78\/100\n|\n|upkeep\n|turn|4\n|\n|t:|1684008257\n|switch|p1b: Baxcalibur|Baxcalibur, L50, F|100\/100\n|move|p2b: just a moth|Protect|p2b: just a moth\n|-singleturn|p2b: just a moth|Protect\n|move|p2a: #1 creepy-crawler|Fiery Dance|p1b: Baxcalibur\n|-damage|p1b: Baxcalibur|55\/100\n|-boost|p2a: #1 creepy-crawler|spa|1\n|-ability|p1b: Baxcalibur|Thermal Exchange|boost\n|-boost|p1b: Baxcalibur|atk|1\n|move|p1a: Corviknight|Iron Defense|p1a: Corviknight\n|-boost|p1a: Corviknight|def|2\n|\n|upkeep\n|turn|5\n|inactive|bug catcher dale has 30 seconds left.\n|\n|t:|1684008288\n|move|p2b: just a moth|Rage Powder|p2b: just a moth\n|-singleturn|p2b: just a moth|move: Rage Powder\n|move|p1b: Baxcalibur|Ice Shard|p2b: just a moth\n|-supereffective|p2b: just a moth\n|-damage|p2b: just a moth|0 fnt\n|faint|p2b: just a moth\n|move|p2a: #1 creepy-crawler|Fiery Dance|p1b: Baxcalibur\n|-damage|p1b: Baxcalibur|0 fnt\n|faint|p1b: Baxcalibur\n|move|p1a: Corviknight|Body Press|p2a: #1 creepy-crawler\n|-damage|p2a: #1 creepy-crawler|36\/100\n|-enditem|p2a: #1 creepy-crawler|Sitrus Berry|[eat]\n|-heal|p2a: #1 creepy-crawler|61\/100|[from] item: Sitrus Berry\n|\n|upkeep\n|\n|t:|1684008300\n|switch|p2b: just a bird|Corviknight, L50, F|100\/100\n|switch|p1b: Flutter Mane|Flutter Mane, L50|100\/100\n|turn|6\n|\n|t:|1684008312\n|move|p1b: Flutter Mane|Shadow Ball|p2a: #1 creepy-crawler\n|-damage|p2a: #1 creepy-crawler|38\/100\n|move|p2a: #1 creepy-crawler|Giga Drain|p1a: Corviknight\n|-resisted|p1a: Corviknight\n|-damage|p1a: Corviknight|42\/100\n|-heal|p2a: #1 creepy-crawler|53\/100|[from] drain|[of] p1a: Corviknight\n|move|p1a: Corviknight|Body Press|p2a: #1 creepy-crawler\n|-damage|p2a: #1 creepy-crawler|15\/100\n|move|p2b: just a bird|Iron Head|p1b: Flutter Mane\n|-supereffective|p1b: Flutter Mane\n|-damage|p1b: Flutter Mane|0 fnt\n|faint|p1b: Flutter Mane\n|-end|p1b: Flutter Mane|Protosynthesis|[silent]\n|\n|upkeep\n|\n|t:|1684008315\n|switch|p1b: Chi-Yu|Chi-Yu, L50|52\/100 slp\n|-ability|p1b: Chi-Yu|Beads of Ruin\n|turn|7\n|\n|t:|1684008339\n|move|p2a: #1 creepy-crawler|Giga Drain|p1a: Corviknight\n|-resisted|p1a: Corviknight\n|-damage|p1a: Corviknight|3\/100\n|-heal|p2a: #1 creepy-crawler|35\/100|[from] drain|[of] p1a: Corviknight\n|-curestatus|p1b: Chi-Yu|slp|[msg]\n|move|p1b: Chi-Yu|Dark Pulse|p2a: #1 creepy-crawler\n|-damage|p2a: #1 creepy-crawler|0 fnt\n|faint|p2a: #1 creepy-crawler\n|-damage|p1b: Chi-Yu|42\/100|[from] item: Life Orb\n|move|p1a: Corviknight|Roost|p1a: Corviknight\n|-heal|p1a: Corviknight|54\/100\n|move|p2b: just a bird|Brave Bird|p1a: Corviknight\n|-damage|p1a: Corviknight|33\/100\n|-damage|p2b: just a bird|94\/100|[from] Recoil\n|\n|-heal|p2b: just a bird|99\/100|[from] item: Leftovers\n|upkeep\n|turn|8\n|\n|t:|1684008356\n|move|p1b: Chi-Yu|Flamethrower|p2b: just a bird\n|-supereffective|p2b: just a bird\n|-damage|p2b: just a bird|0 fnt\n|faint|p2b: just a bird\n|-damage|p1b: Chi-Yu|32\/100|[from] item: Life Orb\n|\n|win|Charlisito\n|raw|Charlisito's rating: 1191 → 1211<\/strong> (+20 for winning)\n|raw|bug catcher dale's rating: 1114 → 1094<\/strong> (-20 for losing)\n|l|\u2606bug catcher dale\n","uploadtime":1684008369,"views":3,"p1id":"charlisito","p2id":"bugcatcherdale","formatid":"gen9vgc2023regulationc","rating":1094,"private":0,"password":""}