{"id":"gen9vgc2023regulationc-1862266503","p1":"zero1682","p2":"sprossy","format":"[Gen 9] VGC 2023 Regulation C","log":"|j|\u2606zero1682\n|j|\u2606sprossy\n|t:|1683857213\n|gametype|doubles\n|player|p1|zero1682|caitlin|1601\n|player|p2|sprossy|picnicker|1520\n|teamsize|p1|6\n|teamsize|p2|6\n|gen|9\n|tier|[Gen 9] VGC 2023 Regulation C\n|rated|\n|rule|Species Clause: Limit one of each Pok\u00e9mon\n|rule|Item Clause: Limit one of each item\n|clearpoke\n|poke|p1|Abomasnow, L50, F|\n|poke|p1|Iron Bundle, L50|\n|poke|p1|Palafin, L50, M|\n|poke|p1|Dragonite, L50, M|\n|poke|p1|Ting-Lu, L50|\n|poke|p1|Chien-Pao, L50|\n|poke|p2|Talonflame, L50, F|\n|poke|p2|Flutter Mane, L50|\n|poke|p2|Amoonguss, L50, F|\n|poke|p2|Great Tusk, L50|\n|poke|p2|Gyarados, L50, M|\n|poke|p2|Gholdengo, L50|\n|teampreview|4\n|inactive|Battle timer is ON: inactive players will automatically lose when time's up. (requested by zero1682)\n|inactive|zero1682 has 60 seconds left.\n|j| Rocky44\n|inactive|zero1682 has 30 seconds left.\n|l| Rocky44\n|inactive|zero1682 has 20 seconds left.\n|inactive|zero1682 has 15 seconds left.\n|inactive|zero1682 has 10 seconds left.\n|j| Gopii\n|inactive|zero1682 has 5 seconds left.\n|\n|t:|1683857300\n|start\n|switch|p1a: Abomasnow|Abomasnow, L50, F|100\/100\n|switch|p1b: Iron Bundle|Iron Bundle, L50|100\/100\n|switch|p2a: Talonflame|Talonflame, L50, F|100\/100\n|switch|p2b: Flutter Mane|Flutter Mane, L50|100\/100\n|-weather|Snow|[from] ability: Snow Warning|[of] p1a: Abomasnow\n|-enditem|p1b: Iron Bundle|Booster Energy\n|-activate|p1b: Iron Bundle|ability: Quark Drive|[fromitem]\n|-start|p1b: Iron Bundle|quarkdrivespe\n|turn|1\n|l| Gopii\n|\n|t:|1683857321\n|-terastallize|p2b: Flutter Mane|Fairy\n|move|p1b: Iron Bundle|Protect|p1b: Iron Bundle\n|-singleturn|p1b: Iron Bundle|Protect\n|move|p2a: Talonflame|Tailwind|p2a: Talonflame\n|-sidestart|p2: sprossy|move: Tailwind\n|move|p2b: Flutter Mane|Moonblast|p1b: Iron Bundle\n|-activate|p1b: Iron Bundle|move: Protect\n|move|p1a: Abomasnow|Blizzard|p2a: Talonflame|[spread] p2a,p2b\n|-damage|p2a: Talonflame|35\/100\n|-damage|p2b: Flutter Mane|54\/100\n|-damage|p1a: Abomasnow|91\/100|[from] item: Life Orb\n|\n|-weather|Snow|[upkeep]\n|upkeep\n|turn|2\n|\n|t:|1683857340\n|move|p2a: Talonflame|Brave Bird|p1a: Abomasnow\n|-supereffective|p1a: Abomasnow\n|-damage|p1a: Abomasnow|27\/100\n|-damage|p2a: Talonflame|12\/100|[from] Recoil\n|move|p2b: Flutter Mane|Moonblast|p1b: Iron Bundle\n|-damage|p1b: Iron Bundle|0 fnt\n|faint|p1b: Iron Bundle\n|-end|p1b: Iron Bundle|Quark Drive|[silent]\n|move|p1a: Abomasnow|Blizzard|p2a: Talonflame|[spread] p2a,p2b\n|-damage|p2a: Talonflame|0 fnt\n|-damage|p2b: Flutter Mane|1\/100\n|faint|p2a: Talonflame\n|-damage|p1a: Abomasnow|18\/100|[from] item: Life Orb\n|\n|-weather|Snow|[upkeep]\n|upkeep\n|\n|t:|1683857357\n|switch|p2a: Great Tusk|Great Tusk, L50|100\/100\n|switch|p1b: Dragonite|Dragonite, L50, M|100\/100\n|turn|3\n|\n|t:|1683857373\n|move|p1a: Abomasnow|Protect|p1a: Abomasnow\n|-singleturn|p1a: Abomasnow|Protect\n|move|p1b: Dragonite|Extreme Speed|p2b: Flutter Mane\n|-damage|p2b: Flutter Mane|0 fnt\n|faint|p2b: Flutter Mane\n|-end|p2b: Flutter Mane|Protosynthesis|[silent]\n|move|p2a: Great Tusk|Rock Slide|p1b: Dragonite|[spread] p1b\n|-activate|p1a: Abomasnow|move: Protect\n|-supereffective|p1b: Dragonite\n|-damage|p1b: Dragonite|78\/100\n|\n|-weather|Snow|[upkeep]\n|upkeep\n|\n|t:|1683857386\n|switch|p2b: Gyarados|Gyarados, L50, M, shiny|100\/100\n|-ability|p2b: Gyarados|Intimidate|boost\n|-unboost|p1a: Abomasnow|atk|1\n|-unboost|p1b: Dragonite|atk|1\n|turn|4\n|\n|t:|1683857407\n|-terastallize|p1b: Dragonite|Normal\n|move|p1b: Dragonite|Extreme Speed|p2a: Great Tusk\n|-damage|p2a: Great Tusk|65\/100\n|move|p2a: Great Tusk|Rock Slide|p1a: Abomasnow|[spread] p1b\n|-miss|p2a: Great Tusk|p1a: Abomasnow\n|-damage|p1b: Dragonite|53\/100\n|move|p2b: Gyarados|Thunder Wave|p1b: Dragonite|[miss]\n|-miss|p2b: Gyarados|p1b: Dragonite\n|move|p1a: Abomasnow|Blizzard|p2a: Great Tusk|[spread] p2a,p2b\n|-supereffective|p2a: Great Tusk\n|-damage|p2a: Great Tusk|0 fnt\n|-damage|p2b: Gyarados|69\/100\n|faint|p2a: Great Tusk\n|-end|p2a: Great Tusk|Protosynthesis|[silent]\n|-damage|p1a: Abomasnow|8\/100|[from] item: Life Orb\n|\n|-weather|Snow|[upkeep]\n|-sideend|p2: sprossy|move: Tailwind\n|upkeep\n|turn|5\n|j| Houdai\n|-message|sprossy forfeited.\n|\n|win|zero1682\n|raw|zero1682's rating: 1601 → 1616<\/strong> (+15 for winning)\n|raw|sprossy's rating: 1520 → 1505<\/strong> (-15 for losing)\n|l|\u2606sprossy\n|l|\u2606zero1682\n","uploadtime":1683857446,"views":5,"p1id":"zero1682","p2id":"sprossy","formatid":"gen9vgc2023regulationc","rating":1505,"private":0,"password":""}