{"id":"gen9vgc2023regulationc-1853112842","p1":"sucabaVGC","p2":"Richweav13","format":"[Gen 9] VGC 2023 Regulation C","log":"|j|\u2606sucabaVGC\n|j|\u2606Richweav13\n|t:|1682636703\n|gametype|doubles\n|player|p1|sucabaVGC|wattson|\n|player|p2|Richweav13|265|\n|teamsize|p1|6\n|teamsize|p2|6\n|gen|9\n|tier|[Gen 9] VGC 2023 Regulation C\n|rule|Species Clause: Limit one of each Pok\u00e9mon\n|rule|Item Clause: Limit one of each item\n|clearpoke\n|poke|p1|Talonflame, L50, M|\n|poke|p1|Mismagius, L50, M|\n|poke|p1|Great Tusk, L50|\n|poke|p1|Baxcalibur, L50, M|\n|poke|p1|Glimmora, L50, M|\n|poke|p1|Sableye, L50, M|\n|poke|p2|Gallade, L50, M|\n|poke|p2|Sandy Shocks, L50|\n|poke|p2|Torkoal, L50, F|\n|poke|p2|Lilligant, L50, F|\n|poke|p2|Oranguru, L50, F|\n|poke|p2|Espathra, L50, M|\n|teampreview|4\n|c|\u2606sucabaVGC|g2\n|c|\u2606Richweav13|ready when you are\n|\n|t:|1682637237\n|start\n|switch|p1a: Stitch|Sableye, L50, M|100\/100\n|switch|p1b: Mushu|Talonflame, L50, M|100\/100\n|switch|p2a: Oranguru|Oranguru, L50, F|100\/100\n|switch|p2b: Torkoal|Torkoal, L50, F|100\/100\n|-weather|SunnyDay|[from] ability: Drought|[of] p2b: Torkoal\n|turn|1\n|\n|t:|1682637280\n|move|p1a: Stitch|Light Screen|p1a: Stitch\n|-sidestart|p1: sucabaVGC|move: Light Screen\n|move|p1b: Mushu|U-turn|p2a: Oranguru\n|-supereffective|p2a: Oranguru\n|-crit|p2a: Oranguru\n|-damage|p2a: Oranguru|57\/100\n|\n|t:|1682637310\n|switch|p1b: Sulley|Baxcalibur, L50, M|100\/100|[from] U-turn\n|move|p2b: Torkoal|Eruption|p1a: Stitch|[spread] p1a,p1b\n|-damage|p1a: Stitch|34\/100\n|-damage|p1b: Sulley|44\/100\n|-ability|p1b: Sulley|Thermal Exchange|boost\n|-boost|p1b: Sulley|atk|1\n|move|p2a: Oranguru|Trick Room|p2a: Oranguru\n|-fieldstart|move: Trick Room|[of] p2a: Oranguru\n|\n|-weather|SunnyDay|[upkeep]\n|upkeep\n|turn|2\n|\n|t:|1682637417\n|switch|p1b: Mushu|Talonflame, L50, M|100\/100\n|move|p1a: Stitch|Disable|p2b: Torkoal\n|-start|p2b: Torkoal|Disable|Eruption\n|cant|p2b: Torkoal|Disable|Eruption\n|move|p2a: Oranguru|Instruct|p2b: Torkoal\n|-singleturn|p2b: Torkoal|move: Instruct|[of] p2a: Oranguru\n|cant|p2b: Torkoal|Disable|Eruption\n|\n|-weather|SunnyDay|[upkeep]\n|upkeep\n|turn|3\n|\n|t:|1682637471\n|move|p2b: Torkoal|Heat Wave|p1a: Stitch|[spread] p1a,p1b\n|-resisted|p1b: Mushu\n|-damage|p1a: Stitch|0 fnt\n|-damage|p1b: Mushu|75\/100\n|faint|p1a: Stitch\n|move|p2a: Oranguru|Psychic|p1b: Mushu\n|-damage|p1b: Mushu|47\/100\n|move|p1b: Mushu|U-turn|p2a: Oranguru\n|-supereffective|p2a: Oranguru\n|-damage|p2a: Oranguru|26\/100\n|\n|t:|1682637490\n|switch|p1b: Manny|Great Tusk, L50|100\/100|[from] U-turn\n|-activate|p1b: Manny|ability: Protosynthesis\n|-start|p1b: Manny|protosynthesisatk\n|\n|-weather|SunnyDay|[upkeep]\n|upkeep\n|\n|t:|1682637527\n|switch|p1a: Sulley|Baxcalibur, L50, M|44\/100\n|turn|4\n|\n|t:|1682637543\n|-terastallize|p1b: Manny|Dark\n|move|p1a: Sulley|Protect|p1a: Sulley\n|-singleturn|p1a: Sulley|Protect\n|move|p2b: Torkoal|Earth Power|p1a: Sulley\n|-activate|p1a: Sulley|move: Protect\n|move|p2a: Oranguru|Instruct|p2b: Torkoal\n|-singleturn|p2b: Torkoal|move: Instruct|[of] p2a: Oranguru\n|move|p2b: Torkoal|Earth Power|p1a: Sulley\n|-activate|p1a: Sulley|move: Protect\n|move|p1b: Manny|Earthquake|p2a: Oranguru|[spread] p2a,p2b\n|-activate|p1a: Sulley|move: Protect\n|-supereffective|p2b: Torkoal\n|-damage|p2a: Oranguru|0 fnt\n|-damage|p2b: Torkoal|9\/100\n|faint|p2a: Oranguru\n|\n|-weather|SunnyDay|[upkeep]\n|upkeep\n|\n|t:|1682637561\n|switch|p2a: Espathra|Espathra, L50, M|100\/100\n|-item|p2a: Espathra|Air Balloon\n|turn|5\n|\n|t:|1682637628\n|switch|p1a: Mushu|Talonflame, L50, M|47\/100\n|-terastallize|p2a: Espathra|Fairy\n|move|p2b: Torkoal|Earth Power|p1a: Mushu\n|-immune|p1a: Mushu\n|move|p1b: Manny|Earthquake|p2b: Torkoal|[spread] p2b\n|-immune|p1a: Mushu\n|-immune|p2a: Espathra\n|-supereffective|p2b: Torkoal\n|-damage|p2b: Torkoal|0 fnt\n|faint|p2b: Torkoal\n|move|p2a: Espathra|Dazzling Gleam|p1b: Manny|[spread] p1a,p1b\n|-resisted|p1a: Mushu\n|-supereffective|p1b: Manny\n|-damage|p1a: Mushu|31\/100\n|-damage|p1b: Manny|68\/100\n|\n|-weather|none\n|-end|p1b: Manny|Protosynthesis\n|-fieldend|move: Trick Room\n|-ability|p2a: Espathra|Speed Boost|boost\n|-boost|p2a: Espathra|spe|1\n|upkeep\n|\n|t:|1682637645\n|switch|p2b: Sandy Shocks|Sandy Shocks, L50|100\/100\n|turn|6\n|\n|t:|1682637749\n|move|p2a: Espathra|Lumina Crash|p1b: Manny\n|-immune|p1b: Manny\n|move|p2b: Sandy Shocks|Thunderbolt|p1a: Mushu\n|-supereffective|p1a: Mushu\n|-damage|p1a: Mushu|0 fnt\n|faint|p1a: Mushu\n|move|p1b: Manny|Headlong Rush|p2b: Sandy Shocks\n|-supereffective|p2b: Sandy Shocks\n|-damage|p2b: Sandy Shocks|0 fnt\n|-unboost|p1b: Manny|def|1\n|-unboost|p1b: Manny|spd|1\n|faint|p2b: Sandy Shocks\n|-end|p2b: Sandy Shocks|Protosynthesis|[silent]\n|\n|-ability|p2a: Espathra|Speed Boost|boost\n|-boost|p2a: Espathra|spe|1\n|upkeep\n|\n|t:|1682637760\n|switch|p1a: Sulley|Baxcalibur, L50, M|44\/100\n|turn|7\n|\n|t:|1682637814\n|move|p1a: Sulley|Ice Shard|p2a: Espathra\n|-damage|p2a: Espathra|63\/100\n|-enditem|p2a: Espathra|Air Balloon\n|move|p2a: Espathra|Dazzling Gleam|p1b: Manny|[spread] p1a,p1b\n|-supereffective|p1a: Sulley\n|-supereffective|p1b: Manny\n|-damage|p1a: Sulley|6\/100\n|-damage|p1b: Manny|14\/100\n|move|p1b: Manny|Headlong Rush|p2a: Espathra\n|-damage|p2a: Espathra|0 fnt\n|-unboost|p1b: Manny|def|1\n|-unboost|p1b: Manny|spd|1\n|faint|p2a: Espathra\n|\n|win|sucabaVGC\n|c|\u2606sucabaVGC|gg\n|c|\u2606Richweav13|gg\n","uploadtime":1682638512,"views":15,"p1id":"sucabavgc","p2id":"richweav13","formatid":"gen9vgc2023regulationc","rating":0,"private":0,"password":""}