{"id":"gen9vgc2023regulationc-1846822879","p1":"Bobeti","p2":"nicouser","format":"[Gen 9] VGC 2023 Regulation C","log":"|j|\u2606Bobeti\n|j|\u2606nicouser\n|t:|1681885613\n|gametype|doubles\n|player|p1|Bobeti|101|1357\n|player|p2|nicouser|n|1453\n|teamsize|p1|6\n|teamsize|p2|6\n|gen|9\n|tier|[Gen 9] VGC 2023 Regulation C\n|rated|\n|rule|Species Clause: Limit one of each Pok\u00e9mon\n|rule|Item Clause: Limit one of each item\n|clearpoke\n|poke|p1|Talonflame, L50, F|\n|poke|p1|Dondozo, L50, M|\n|poke|p1|Gholdengo, L50|\n|poke|p1|Pawmot, L50, M|\n|poke|p1|Tatsugiri, L50, M|\n|poke|p1|Arcanine, L50, F|\n|poke|p2|Flutter Mane, L50|\n|poke|p2|Chi-Yu, L50|\n|poke|p2|Amoonguss, L50, M|\n|poke|p2|Great Tusk, L50|\n|poke|p2|Corviknight, L50, M|\n|poke|p2|Tatsugiri, L50, F|\n|teampreview|4\n|inactive|Battle timer is ON: inactive players will automatically lose when time's up. (requested by nicouser)\n|\n|t:|1681885664\n|start\n|switch|p1a: Maroon|Talonflame, L50, F|100\/100\n|switch|p1b: Anti-Hero|Dondozo, L50, M|100\/100\n|switch|p2a: Amoonguss|Amoonguss, L50, M, shiny|100\/100\n|switch|p2b: Flutter Mane|Flutter Mane, L50, shiny|100\/100\n|turn|1\n|inactive|Bobeti has 30 seconds left.\n|inactive|nicouser has 30 seconds left.\n|\n|t:|1681885696\n|move|p1a: Maroon|Tailwind|p1a: Maroon\n|-sidestart|p1: Bobeti|move: Tailwind\n|move|p2b: Flutter Mane|Shadow Ball|p1a: Maroon\n|-damage|p1a: Maroon|16\/100\n|move|p1b: Anti-Hero|Substitute|p1b: Anti-Hero\n|-start|p1b: Anti-Hero|Substitute\n|-damage|p1b: Anti-Hero|76\/100\n|move|p2a: Amoonguss|Spore|p1a: Maroon\n|-status|p1a: Maroon|slp|[from] move: Spore\n|\n|-heal|p1b: Anti-Hero|82\/100|[from] item: Leftovers\n|upkeep\n|turn|2\n|inactive|Bobeti has 30 seconds left.\n|\n|t:|1681885724\n|switch|p1a: On Your Own|Tatsugiri, L50, M|100\/100\n|-activate|p1a: On Your Own|ability: Commander|[of] p1b: Anti-Hero\n|-boost|p1b: Anti-Hero|atk|2\n|-boost|p1b: Anti-Hero|spa|2\n|-boost|p1b: Anti-Hero|spe|2\n|-boost|p1b: Anti-Hero|def|2\n|-boost|p1b: Anti-Hero|spd|2\n|-terastallize|p1b: Anti-Hero|Steel\n|move|p1b: Anti-Hero|Order Up|p2a: Amoonguss\n|-damage|p2a: Amoonguss|67\/100\n|-boost|p1b: Anti-Hero|atk|1\n|move|p2b: Flutter Mane|Shadow Ball|p1b: Anti-Hero\n|-end|p1b: Anti-Hero|Substitute\n|move|p2a: Amoonguss|Spore|p1b: Anti-Hero\n|-status|p1b: Anti-Hero|slp|[from] move: Spore\n|\n|-heal|p1b: Anti-Hero|88\/100 slp|[from] item: Leftovers\n|upkeep\n|turn|3\n|inactive|nicouser has 30 seconds left.\n|\n|t:|1681885750\n|switch|p2a: Chi-Yu|Chi-Yu, L50|100\/100\n|-ability|p2a: Chi-Yu|Beads of Ruin\n|cant|p1b: Anti-Hero|slp\n|move|p2b: Flutter Mane|Shadow Ball|p1b: Anti-Hero\n|-damage|p1b: Anti-Hero|56\/100 slp\n|\n|-heal|p1b: Anti-Hero|62\/100 slp|[from] item: Leftovers\n|upkeep\n|turn|4\n|\n|t:|1681885764\n|cant|p1b: Anti-Hero|slp\n|move|p2a: Chi-Yu|Ruination|p1b: Anti-Hero\n|-damage|p1b: Anti-Hero|31\/100 slp\n|move|p2b: Flutter Mane|Shadow Ball|p1b: Anti-Hero\n|-damage|p1b: Anti-Hero|0 fnt\n|faint|p1b: Anti-Hero\n|\n|-sideend|p1: Bobeti|move: Tailwind\n|upkeep\n|\n|t:|1681885768\n|switch|p1b: Mastermind|Pawmot, L50, M|100\/100\n|turn|5\n|\n|t:|1681885782\n|switch|p2a: Amoonguss|Amoonguss, L50, M, shiny|99\/100\n|-end|p2b: Flutter Mane|Protosynthesis|[silent]\n|switch|p2b: Tatsugiri|Tatsugiri, L50, F|100\/100\n|move|p1a: On Your Own|Icy Wind|p2b: Tatsugiri|[spread] p2a,p2b\n|-supereffective|p2a: Amoonguss\n|-damage|p2a: Amoonguss|75\/100\n|-damage|p2b: Tatsugiri|92\/100\n|-unboost|p2a: Amoonguss|spe|1\n|-unboost|p2b: Tatsugiri|spe|1\n|move|p1b: Mastermind|Revival Blessing|p1b: Mastermind\n|\n|t:|1681885793\n|-heal|p1: Anti-Hero|50\/100|[from] move: Revival Blessing\n|\n|upkeep\n|turn|6\n|\n|t:|1681885813\n|move|p1a: On Your Own|Icy Wind|p2b: Tatsugiri|[spread] p2b\n|-miss|p1a: On Your Own|p2a: Amoonguss\n|-damage|p2b: Tatsugiri|83\/100\n|-unboost|p2b: Tatsugiri|spe|1\n|move|p1b: Mastermind|Double Shock|p2b: Tatsugiri\n|-damage|p2b: Tatsugiri|0 fnt\n|-start|p1b: Mastermind|typechange|???\/Fighting|[from] move: Double Shock\n|faint|p2b: Tatsugiri\n|move|p2a: Amoonguss|Spore|p1b: Mastermind\n|-status|p1b: Mastermind|slp|[from] move: Spore\n|\n|upkeep\n|\n|t:|1681885830\n|switch|p2b: Chi-Yu|Chi-Yu, L50|100\/100\n|-ability|p2b: Chi-Yu|Beads of Ruin\n|turn|7\n|\n|t:|1681885837\n|-curestatus|p1b: Mastermind|slp|[from] ability: Natural Cure\n|switch|p1b: Anti-Hero|Dondozo, L50, M|50\/100\n|-activate|p1a: On Your Own|ability: Commander|[of] p1b: Anti-Hero\n|-boost|p1b: Anti-Hero|atk|2\n|-boost|p1b: Anti-Hero|spa|2\n|-boost|p1b: Anti-Hero|spe|2\n|-boost|p1b: Anti-Hero|def|2\n|-boost|p1b: Anti-Hero|spd|2\n|move|p2b: Chi-Yu|Heat Wave|p1b: Anti-Hero|[spread] p1b\n|-miss|p2b: Chi-Yu|p1a: On Your Own\n|-resisted|p1b: Anti-Hero\n|-damage|p1b: Anti-Hero|40\/100\n|move|p2a: Amoonguss|Spore|p1a: On Your Own|[miss]\n|-miss|p2a: Amoonguss|p1a: On Your Own\n|\n|-heal|p1b: Anti-Hero|46\/100|[from] item: Leftovers\n|upkeep\n|turn|8\n|\n|t:|1681885859\n|switch|p2b: Flutter Mane|Flutter Mane, L50, shiny|100\/100\n|move|p1b: Anti-Hero|Earthquake|p2b: Flutter Mane|[spread] p2a,p2b\n|-miss|p1b: Anti-Hero|p1a: On Your Own\n|-crit|p2b: Flutter Mane\n|-damage|p2a: Amoonguss|47\/100\n|-damage|p2b: Flutter Mane|0 fnt\n|-enditem|p2a: Amoonguss|Sitrus Berry|[eat]\n|-heal|p2a: Amoonguss|72\/100|[from] item: Sitrus Berry\n|faint|p2b: Flutter Mane\n|-end|p2b: Flutter Mane|Protosynthesis|[silent]\n|move|p2a: Amoonguss|Spore|p1b: Anti-Hero\n|-status|p1b: Anti-Hero|slp|[from] move: Spore\n|\n|-heal|p1b: Anti-Hero|52\/100 slp|[from] item: Leftovers\n|upkeep\n|\n|t:|1681885863\n|switch|p2b: Chi-Yu|Chi-Yu, L50|100\/100\n|-ability|p2b: Chi-Yu|Beads of Ruin\n|turn|9\n|\n|t:|1681885877\n|cant|p1b: Anti-Hero|slp\n|move|p2b: Chi-Yu|Snarl|p1a: On Your Own|[spread] p1b\n|-miss|p2b: Chi-Yu|p1a: On Your Own\n|-damage|p1b: Anti-Hero|41\/100 slp\n|-unboost|p1b: Anti-Hero|spa|1\n|move|p2a: Amoonguss|Synthesis|p2a: Amoonguss\n|-heal|p2a: Amoonguss|100\/100\n|\n|-heal|p1b: Anti-Hero|48\/100 slp|[from] item: Leftovers\n|upkeep\n|turn|10\n|\n|t:|1681885893\n|-terastallize|p2b: Chi-Yu|Ghost\n|move|p2b: Chi-Yu|Snarl|p1b: Anti-Hero|[spread] p1b\n|-miss|p2b: Chi-Yu|p1a: On Your Own\n|-damage|p1b: Anti-Hero|34\/100 slp\n|-unboost|p1b: Anti-Hero|spa|1\n|-curestatus|p1b: Anti-Hero|slp|[msg]\n|move|p1b: Anti-Hero|Earthquake|p2b: Chi-Yu|[spread] p2a,p2b\n|-miss|p1b: Anti-Hero|p1a: On Your Own\n|-crit|p2b: Chi-Yu\n|-damage|p2a: Amoonguss|72\/100\n|-damage|p2b: Chi-Yu|21\/100\n|move|p2a: Amoonguss|Spore|p1b: Anti-Hero\n|-status|p1b: Anti-Hero|slp|[from] move: Spore\n|\n|-heal|p1b: Anti-Hero|40\/100 slp|[from] item: Leftovers\n|upkeep\n|turn|11\n|\n|t:|1681885907\n|cant|p1b: Anti-Hero|slp\n|move|p2b: Chi-Yu|Snarl|p1b: Anti-Hero|[spread] p1b\n|-miss|p2b: Chi-Yu|p1a: On Your Own\n|-damage|p1b: Anti-Hero|28\/100 slp\n|-unboost|p1b: Anti-Hero|spa|1\n|move|p2a: Amoonguss|Pollen Puff|p2b: Chi-Yu\n|-heal|p2b: Chi-Yu|71\/100\n|\n|-heal|p1b: Anti-Hero|34\/100 slp|[from] item: Leftovers\n|upkeep\n|turn|12\n|\n|t:|1681885916\n|move|p2b: Chi-Yu|Snarl|p1b: Anti-Hero|[spread] p1b\n|-miss|p2b: Chi-Yu|p1a: On Your Own\n|-damage|p1b: Anti-Hero|22\/100 slp\n|-unboost|p1b: Anti-Hero|spa|1\n|cant|p1b: Anti-Hero|slp\n|move|p2a: Amoonguss|Pollen Puff|p2b: Chi-Yu\n|-heal|p2b: Chi-Yu|100\/100\n|\n|-heal|p1b: Anti-Hero|29\/100 slp|[from] item: Leftovers\n|upkeep\n|turn|13\n|\n|t:|1681885930\n|move|p2b: Chi-Yu|Snarl|p1b: Anti-Hero|[spread] p1b\n|-miss|p2b: Chi-Yu|p1a: On Your Own\n|-damage|p1b: Anti-Hero|15\/100 slp\n|-unboost|p1b: Anti-Hero|spa|1\n|-curestatus|p1b: Anti-Hero|slp|[msg]\n|move|p1b: Anti-Hero|Order Up|p2a: Amoonguss\n|-crit|p2a: Amoonguss\n|-damage|p2a: Amoonguss|26\/100\n|-boost|p1b: Anti-Hero|atk|1\n|move|p2a: Amoonguss|Spore|p1b: Anti-Hero\n|-status|p1b: Anti-Hero|slp|[from] move: Spore\n|\n|-heal|p1b: Anti-Hero|21\/100 slp|[from] item: Leftovers\n|upkeep\n|turn|14\n|\n|t:|1681885941\n|move|p2b: Chi-Yu|Snarl|p1b: Anti-Hero|[spread] p1b\n|-miss|p2b: Chi-Yu|p1a: On Your Own\n|-damage|p1b: Anti-Hero|9\/100 slp\n|-unboost|p1b: Anti-Hero|spa|1\n|cant|p1b: Anti-Hero|slp\n|move|p2a: Amoonguss|Synthesis|p2a: Amoonguss\n|-heal|p2a: Amoonguss|76\/100\n|\n|-heal|p1b: Anti-Hero|15\/100 slp|[from] item: Leftovers\n|upkeep\n|turn|15\n|\n|t:|1681885951\n|move|p2b: Chi-Yu|Snarl|p1b: Anti-Hero|[spread] p1b\n|-miss|p2b: Chi-Yu|p1a: On Your Own\n|-damage|p1b: Anti-Hero|3\/100 slp\n|-unboost|p1b: Anti-Hero|spa|1\n|cant|p1b: Anti-Hero|slp\n|move|p2a: Amoonguss|Spore|p1a: On Your Own|[miss]\n|-miss|p2a: Amoonguss|p1a: On Your Own\n|\n|-heal|p1b: Anti-Hero|9\/100 slp|[from] item: Leftovers\n|upkeep\n|turn|16\n|\n|t:|1681885960\n|move|p2b: Chi-Yu|Snarl|p1b: Anti-Hero|[spread] \n|-miss|p2b: Chi-Yu|p1a: On Your Own\n|-miss|p2b: Chi-Yu|p1b: Anti-Hero\n|-curestatus|p1b: Anti-Hero|slp|[msg]\n|move|p1b: Anti-Hero|Order Up|p2a: Amoonguss\n|-damage|p2a: Amoonguss|38\/100\n|-boost|p1b: Anti-Hero|atk|1\n|move|p2a: Amoonguss|Synthesis|p2a: Amoonguss\n|-heal|p2a: Amoonguss|88\/100\n|\n|-heal|p1b: Anti-Hero|15\/100|[from] item: Leftovers\n|upkeep\n|turn|17\n|\n|t:|1681885970\n|move|p1b: Anti-Hero|Protect|p1b: Anti-Hero\n|-singleturn|p1b: Anti-Hero|Protect\n|move|p2b: Chi-Yu|Snarl|p1a: On Your Own|[spread] \n|-miss|p2b: Chi-Yu|p1a: On Your Own\n|-activate|p1b: Anti-Hero|move: Protect\n|move|p2a: Amoonguss|Spore|p1b: Anti-Hero\n|-activate|p1b: Anti-Hero|move: Protect\n|\n|-heal|p1b: Anti-Hero|21\/100|[from] item: Leftovers\n|upkeep\n|turn|18\n|\n|t:|1681885975\n|move|p2b: Chi-Yu|Snarl|p1a: On Your Own|[spread] p1b\n|-miss|p2b: Chi-Yu|p1a: On Your Own\n|-crit|p1b: Anti-Hero\n|-damage|p1b: Anti-Hero|0 fnt\n|faint|p1b: Anti-Hero\n|move|p2a: Amoonguss|Spore|p1a: On Your Own\n|-status|p1a: On Your Own|slp|[from] move: Spore\n|\n|upkeep\n|\n|t:|1681885990\n|switch|p1b: Maroon|Talonflame, L50, F|16\/100 slp\n|turn|19\n|\n|t:|1681885997\n|cant|p1a: On Your Own|slp\n|move|p2b: Chi-Yu|Snarl|p1b: Maroon|[spread] p1a,p1b\n|-damage|p1a: On Your Own|61\/100 slp\n|-damage|p1b: Maroon|0 fnt\n|-unboost|p1a: On Your Own|spa|1\n|faint|p1b: Maroon\n|move|p2a: Amoonguss|Synthesis|p2a: Amoonguss\n|-heal|p2a: Amoonguss|100\/100\n|\n|upkeep\n|\n|t:|1681885999\n|switch|p1b: Mastermind|Pawmot, L50, M|100\/100\n|turn|20\n|\n|t:|1681886005\n|move|p2a: Amoonguss|Rage Powder|p2a: Amoonguss\n|-singleturn|p2a: Amoonguss|move: Rage Powder\n|-curestatus|p1a: On Your Own|slp|[msg]\n|move|p1a: On Your Own|Icy Wind|p2b: Chi-Yu|[spread] p2a,p2b\n|-supereffective|p2a: Amoonguss\n|-crit|p2a: Amoonguss\n|-damage|p2a: Amoonguss|49\/100\n|-damage|p2b: Chi-Yu|93\/100\n|-unboost|p2a: Amoonguss|spe|1\n|-unboost|p2b: Chi-Yu|spe|1\n|move|p1b: Mastermind|Double Shock|p2a: Amoonguss\n|-resisted|p2a: Amoonguss\n|-damage|p2a: Amoonguss|27\/100\n|-start|p1b: Mastermind|typechange|???\/Fighting|[from] move: Double Shock\n|move|p2b: Chi-Yu|Snarl|p1a: On Your Own|[spread] p1a,p1b\n|-resisted|p1b: Mastermind\n|-damage|p1a: On Your Own|26\/100\n|-damage|p1b: Mastermind|74\/100\n|-unboost|p1a: On Your Own|spa|1\n|-unboost|p1b: Mastermind|spa|1\n|\n|upkeep\n|turn|21\n|\n|t:|1681886028\n|move|p1a: On Your Own|Icy Wind|p2a: Amoonguss|[spread] p2a,p2b\n|-supereffective|p2a: Amoonguss\n|-damage|p2a: Amoonguss|11\/100\n|-damage|p2b: Chi-Yu|87\/100\n|-unboost|p2a: Amoonguss|spe|1\n|-unboost|p2b: Chi-Yu|spe|1\n|move|p1b: Mastermind|Close Combat|p2a: Amoonguss\n|-resisted|p2a: Amoonguss\n|-damage|p2a: Amoonguss|0 fnt\n|-unboost|p1b: Mastermind|def|1\n|-unboost|p1b: Mastermind|spd|1\n|faint|p2a: Amoonguss\n|move|p2b: Chi-Yu|Snarl|p1a: On Your Own|[spread] p1a\n|-miss|p2b: Chi-Yu|p1b: Mastermind\n|-crit|p1a: On Your Own\n|-damage|p1a: On Your Own|0 fnt\n|faint|p1a: On Your Own\n|\n|upkeep\n|turn|22\n|\n|t:|1681886050\n|move|p1b: Mastermind|Double Shock||[still]\n|-fail|p1b: Mastermind|move: Double Shock\n|move|p2b: Chi-Yu|Snarl|p1b: Mastermind\n|-resisted|p1b: Mastermind\n|-damage|p1b: Mastermind|20\/100\n|-unboost|p1b: Mastermind|spa|1\n|\n|upkeep\n|turn|23\n|\n|t:|1681886053\n|move|p1b: Mastermind|Close Combat|p2b: Chi-Yu\n|-immune|p2b: Chi-Yu\n|move|p2b: Chi-Yu|Snarl|p1b: Mastermind\n|-resisted|p1b: Mastermind\n|-damage|p1b: Mastermind|0 fnt\n|faint|p1b: Mastermind\n|\n|win|nicouser\n|raw|Bobeti's rating: 1357 → 1342<\/strong> (-15 for losing)\n|raw|nicouser's rating: 1453 → 1468<\/strong> (+15 for winning)\n|l|\u2606Bobeti\n","uploadtime":1681886070,"views":7,"p1id":"bobeti","p2id":"nicouser","formatid":"gen9vgc2023regulationc","rating":1342,"private":0,"password":""}