{"id":"gen9vgc2023regulationc-1862645099","p1":"LacossG","p2":"revocolombia","format":"[Gen 9] VGC 2023 Regulation C","log":"|j|\u2606LacossG\n|j|\u2606revocolombia\n|t:|1683908447\n|gametype|doubles\n|player|p1|LacossG|266|1522\n|player|p2|revocolombia|pokemonranger-gen4|1495\n|teamsize|p1|6\n|teamsize|p2|6\n|gen|9\n|tier|[Gen 9] VGC 2023 Regulation C\n|rated|\n|rule|Species Clause: Limit one of each Pok\u00e9mon\n|rule|Item Clause: Limit one of each item\n|clearpoke\n|poke|p1|Tauros-Paldea-Blaze, L50, M|\n|poke|p1|Chi-Yu, L50|\n|poke|p1|Iron Bundle, L50|\n|poke|p1|Garchomp, L50, F|\n|poke|p1|Abomasnow, L50, M|\n|poke|p1|Corviknight, L50, M|\n|poke|p2|Flutter Mane, L50|\n|poke|p2|Great Tusk, L50|\n|poke|p2|Dragonite, L50, M|\n|poke|p2|Chien-Pao, L50|\n|poke|p2|Murkrow, L50, M|\n|poke|p2|Gholdengo, L50|\n|teampreview|4\n|j| need caffeine\n|l| need caffeine\n|j| ervf recf\n|\n|t:|1683908497\n|start\n|switch|p1a: Tauros|Tauros-Paldea-Blaze, L50, M|100\/100\n|switch|p1b: Corviknight|Corviknight, L50, M|100\/100\n|switch|p2a: Great Tusk|Great Tusk, L50|100\/100\n|switch|p2b: Murkrow|Murkrow, L50, M|100\/100\n|-ability|p1a: Tauros|Intimidate|boost\n|-fail|p2a: Great Tusk|unboost|[from] item: Clear Amulet|[of] p2a: Great Tusk\n|-unboost|p2b: Murkrow|atk|1\n|turn|1\n|\n|t:|1683908532\n|-terastallize|p2a: Great Tusk|Fire\n|move|p2b: Murkrow|Taunt|p1b: Corviknight\n|-start|p1b: Corviknight|move: Taunt\n|move|p1a: Tauros|Will-O-Wisp|p2a: Great Tusk\n|-immune|p2a: Great Tusk\n|move|p2a: Great Tusk|Rock Slide|p1a: Tauros|[spread] p1a,p1b\n|-damage|p1a: Tauros|74\/100\n|-damage|p1b: Corviknight|80\/100\n|cant|p1b: Corviknight|flinch\n|\n|upkeep\n|turn|2\n|\n|t:|1683908561\n|switch|p2b: Dragonite|Dragonite, L50, M|100\/100\n|move|p1a: Tauros|Flare Blitz|p2b: Dragonite\n|-resisted|p2b: Dragonite\n|-damage|p2b: Dragonite|85\/100\n|-damage|p1a: Tauros|68\/100|[from] Recoil\n|move|p2a: Great Tusk|Rock Slide|p1b: Corviknight|[spread] p1a,p1b\n|-damage|p1a: Tauros|44\/100\n|-damage|p1b: Corviknight|61\/100\n|cant|p1b: Corviknight|flinch\n|\n|upkeep\n|turn|3\n|\n|t:|1683908586\n|move|p2b: Dragonite|Extreme Speed|p1a: Tauros\n|-damage|p1a: Tauros|0 fnt\n|faint|p1a: Tauros\n|move|p2a: Great Tusk|Brick Break|p1b: Corviknight\n|-damage|p1b: Corviknight|25\/100\n|move|p1b: Corviknight|Iron Head|p2b: Dragonite\n|-damage|p2b: Dragonite|56\/100\n|\n|-end|p1b: Corviknight|move: Taunt\n|upkeep\n|\n|t:|1683908600\n|switch|p1a: Chi-Yu|Chi-Yu, L50|100\/100\n|-ability|p1a: Chi-Yu|Beads of Ruin\n|turn|4\n|\n|t:|1683908609\n|-terastallize|p1a: Chi-Yu|Water\n|move|p2b: Dragonite|Extreme Speed|p1b: Corviknight\n|-resisted|p1b: Corviknight\n|-damage|p1b: Corviknight|5\/100\n|move|p1a: Chi-Yu|Tera Blast|p2a: Great Tusk\n|-supereffective|p2a: Great Tusk\n|-damage|p2a: Great Tusk|0 fnt\n|faint|p2a: Great Tusk\n|-end|p2a: Great Tusk|Protosynthesis|[silent]\n|move|p1b: Corviknight|Tailwind|p1b: Corviknight\n|-sidestart|p1: LacossG|move: Tailwind\n|\n|upkeep\n|\n|t:|1683908627\n|switch|p2a: Flutter Mane|Flutter Mane, L50|100\/100\n|-enditem|p2a: Flutter Mane|Booster Energy\n|-activate|p2a: Flutter Mane|ability: Protosynthesis|[fromitem]\n|-start|p2a: Flutter Mane|protosynthesisspa\n|turn|5\n|\n|t:|1683908642\n|move|p2a: Flutter Mane|Protect|p2a: Flutter Mane\n|-singleturn|p2a: Flutter Mane|Protect\n|move|p2b: Dragonite|Extreme Speed|p1a: Chi-Yu\n|-damage|p1a: Chi-Yu|33\/100\n|move|p1a: Chi-Yu|Tera Blast|p2a: Flutter Mane\n|-activate|p2a: Flutter Mane|move: Protect\n|move|p1b: Corviknight|Iron Head|p2b: Dragonite\n|-damage|p2b: Dragonite|24\/100\n|\n|upkeep\n|turn|6\n|l| ervf recf\n|\n|t:|1683908667\n|move|p2b: Dragonite|Extreme Speed|p1b: Corviknight\n|-resisted|p1b: Corviknight\n|-damage|p1b: Corviknight|0 fnt\n|faint|p1b: Corviknight\n|move|p1a: Chi-Yu|Tera Blast|p2b: Dragonite\n|-resisted|p2b: Dragonite\n|-damage|p2b: Dragonite|0 fnt\n|faint|p2b: Dragonite\n|move|p2a: Flutter Mane|Dazzling Gleam|p1a: Chi-Yu\n|-damage|p1a: Chi-Yu|0 fnt\n|faint|p1a: Chi-Yu\n|\n|upkeep\n|\n|t:|1683908679\n|switch|p2b: Murkrow|Murkrow, L50, M|100\/100\n|switch|p1b: Iron Bundle|Iron Bundle, L50|100\/100\n|-enditem|p1b: Iron Bundle|Booster Energy\n|-activate|p1b: Iron Bundle|ability: Quark Drive|[fromitem]\n|-start|p1b: Iron Bundle|quarkdrivespe\n|turn|7\n|\n|t:|1683908692\n|move|p2a: Flutter Mane|Protect|p2a: Flutter Mane\n|-singleturn|p2a: Flutter Mane|Protect\n|move|p2b: Murkrow|Tailwind|p2b: Murkrow\n|-sidestart|p2: revocolombia|move: Tailwind\n|move|p1b: Iron Bundle|Freeze-Dry|p2a: Flutter Mane\n|-activate|p2a: Flutter Mane|move: Protect\n|\n|-sideend|p1: LacossG|move: Tailwind\n|upkeep\n|turn|8\n|inactive|Battle timer is ON: inactive players will automatically lose when time's up. (requested by LacossG)\n|\n|t:|1683908707\n|move|p2b: Murkrow|Sunny Day|p2b: Murkrow\n|-weather|SunnyDay\n|move|p2a: Flutter Mane|Thunderbolt|p1b: Iron Bundle\n|-supereffective|p1b: Iron Bundle\n|-damage|p1b: Iron Bundle|0 fnt\n|faint|p1b: Iron Bundle\n|-end|p1b: Iron Bundle|Quark Drive|[silent]\n|\n|win|revocolombia\n|raw|LacossG's rating: 1522 → 1500<\/strong> (-22 for losing)\n|raw|revocolombia's rating: 1495 → 1517<\/strong> (+22 for winning)\n|l|\u2606LacossG\n","uploadtime":1683908715,"views":7,"p1id":"lacossg","p2id":"revocolombia","formatid":"gen9vgc2023regulationc","rating":1500,"private":0,"password":""}