{"id":"gen9vgc2023regulationc-1858513964","p1":"g_bizi","p2":"Greg stick","format":"[Gen 9] VGC 2023 Regulation C","log":"|j|\u2606g_bizi\n|j|\u2606Greg stick\n|t:|1683320064\n|gametype|doubles\n|player|p1|g_bizi|cyrus|1082\n|player|p2|Greg stick|cynthia-gen4|1000\n|teamsize|p1|6\n|teamsize|p2|6\n|gen|9\n|tier|[Gen 9] VGC 2023 Regulation C\n|rated|\n|rule|Species Clause: Limit one of each Pok\u00e9mon\n|rule|Item Clause: Limit one of each item\n|clearpoke\n|poke|p1|Gholdengo, L50|\n|poke|p1|Baxcalibur, L50, M|\n|poke|p1|Palafin, L50, M|\n|poke|p1|Garganacl, L50, F|\n|poke|p1|Flutter Mane, L50|\n|poke|p1|Arcanine, L50, M|\n|poke|p2|Sylveon, L50, F|\n|poke|p2|Amoonguss, L50, M|\n|poke|p2|Palafin, L50, M|\n|poke|p2|Flutter Mane, L50|\n|poke|p2|Roaring Moon, L50|\n|poke|p2|Gyarados, L50, M|\n|teampreview|4\n|l|\u2606Greg stick\n|player|p2|\n|j|\u2606Greg stick\n|player|p2|Greg stick|cynthia-gen4\n|inactive|Battle timer is ON: inactive players will automatically lose when time's up. (requested by Greg stick)\n|\n|t:|1683320142\n|start\n|switch|p1a: Baxcalibur|Baxcalibur, L50, M|100\/100\n|switch|p1b: Palafin|Palafin, L50, M|100\/100\n|switch|p2a: Flutter Mane|Flutter Mane, L50|100\/100\n|switch|p2b: Palafin|Palafin, L50, M|100\/100\n|turn|1\n|\n|t:|1683320166\n|detailschange|p1b: Palafin|Palafin-Hero, L50, M\n|switch|p1b: Gholdengo|Gholdengo, L50|100\/100\n|-terastallize|p1a: Baxcalibur|Poison\n|move|p2b: Palafin|Protect|p2b: Palafin\n|-singleturn|p2b: Palafin|Protect\n|move|p2a: Flutter Mane|Dazzling Gleam|p1a: Baxcalibur|[spread] p1a,p1b\n|-resisted|p1a: Baxcalibur\n|-resisted|p1b: Gholdengo\n|-damage|p1a: Baxcalibur|82\/100\n|-damage|p1b: Gholdengo|77\/100\n|-damage|p2a: Flutter Mane|90\/100|[from] item: Life Orb\n|move|p1a: Baxcalibur|Tera Blast|p2a: Flutter Mane\n|-damage|p2a: Flutter Mane|0 fnt\n|faint|p2a: Flutter Mane\n|-end|p2a: Flutter Mane|Protosynthesis|[silent]\n|\n|upkeep\n|\n|t:|1683320182\n|switch|p2a: Gyarados|Gyarados, L50, M|100\/100\n|-ability|p2a: Gyarados|Intimidate|boost\n|-unboost|p1a: Baxcalibur|atk|1\n|-unboost|p1b: Gholdengo|atk|1\n|turn|2\n|inactive|g_bizi has 30 seconds left.\n|inactive|g_bizi has 20 seconds left.\n|\n|t:|1683320221\n|detailschange|p2b: Palafin|Palafin-Hero, L50, M\n|switch|p2b: Amoonguss|Amoonguss, L50, M|100\/100\n|move|p1b: Gholdengo|Make It Rain|p2b: Amoonguss|[spread] p2a,p2b\n|-resisted|p2a: Gyarados\n|-damage|p2a: Gyarados|86\/100\n|-damage|p2b: Amoonguss|70\/100\n|-unboost|p1b: Gholdengo|spa|1\n|move|p1a: Baxcalibur|Icicle Spear|p2a: Gyarados\n|-damage|p2a: Gyarados|75\/100\n|-damage|p2a: Gyarados|63\/100\n|-damage|p2a: Gyarados|51\/100\n|-damage|p2a: Gyarados|39\/100\n|-damage|p2a: Gyarados|27\/100\n|-hitcount|p2a: Gyarados|5\n|move|p2a: Gyarados|Waterfall|p1b: Gholdengo\n|-damage|p1b: Gholdengo|41\/100\n|\n|upkeep\n|turn|3\n|inactive|g_bizi has 30 seconds left.\n|inactive|Greg stick has 30 seconds left.\n|inactive|g_bizi has 20 seconds left.\n|inactive|g_bizi has 15 seconds left.\n|inactive|g_bizi has 10 seconds left.\n|\n|t:|1683320269\n|switch|p1b: Palafin|Palafin-Hero, L50, M|100\/100\n|-activate|p1b: Palafin|ability: Zero to Hero\n|move|p1a: Baxcalibur|Protect|p1a: Baxcalibur\n|-singleturn|p1a: Baxcalibur|Protect\n|move|p2a: Gyarados|Waterfall|p1b: Palafin\n|-resisted|p1b: Palafin\n|-damage|p1b: Palafin|83\/100\n|move|p2b: Amoonguss|Spore|p1a: Baxcalibur\n|-activate|p1a: Baxcalibur|move: Protect\n|\n|upkeep\n|turn|4\n|\n|t:|1683320294\n|move|p1b: Palafin|Close Combat|p2a: Gyarados\n|-resisted|p2a: Gyarados\n|-damage|p2a: Gyarados|0 fnt\n|-unboost|p1b: Palafin|def|1\n|-unboost|p1b: Palafin|spd|1\n|faint|p2a: Gyarados\n|move|p1a: Baxcalibur|Icicle Spear|p2b: Amoonguss\n|-supereffective|p2b: Amoonguss\n|-damage|p2b: Amoonguss|48\/100\n|-enditem|p2b: Amoonguss|Sitrus Berry|[eat]\n|-heal|p2b: Amoonguss|72\/100|[from] item: Sitrus Berry\n|-supereffective|p2b: Amoonguss\n|-damage|p2b: Amoonguss|48\/100\n|-supereffective|p2b: Amoonguss\n|-damage|p2b: Amoonguss|24\/100\n|-supereffective|p2b: Amoonguss\n|-damage|p2b: Amoonguss|1\/100\n|-supereffective|p2b: Amoonguss\n|-damage|p2b: Amoonguss|0 fnt\n|faint|p2b: Amoonguss\n|-hitcount|p2: Amoonguss|5\n|\n|upkeep\n|\n|t:|1683320303\n|switch|p2a: Palafin|Palafin-Hero, L50, M|100\/100\n|-activate|p2a: Palafin|ability: Zero to Hero\n|turn|5\n|inactive|g_bizi has 30 seconds left.\n|inactive|g_bizi has 20 seconds left.\n|\n|t:|1683320341\n|-terastallize|p2a: Palafin|Water\n|move|p1a: Baxcalibur|Protect|p1a: Baxcalibur\n|-singleturn|p1a: Baxcalibur|Protect\n|move|p2a: Palafin|Jet Punch|p1b: Palafin\n|-resisted|p1b: Palafin\n|-damage|p1b: Palafin|33\/100\n|move|p1b: Palafin|Close Combat|p2a: Palafin\n|-damage|p2a: Palafin|47\/100\n|-unboost|p1b: Palafin|def|1\n|-unboost|p1b: Palafin|spd|1\n|\n|upkeep\n|turn|6\n|\n|t:|1683320358\n|move|p1b: Palafin|Protect|p1b: Palafin\n|-singleturn|p1b: Palafin|Protect\n|move|p2a: Palafin|Jet Punch|p1b: Palafin\n|-activate|p1b: Palafin|move: Protect\n|move|p1a: Baxcalibur|Glaive Rush|p2a: Palafin\n|-damage|p2a: Palafin|0 fnt\n|-singlemove|p1a: Baxcalibur|Glaive Rush|[silent]\n|faint|p2a: Palafin\n|\n|win|g_bizi\n|raw|g_bizi's rating: 1082 → 1103<\/strong> (+21 for winning)\n|raw|Greg stick's rating: 1000 → 1000<\/strong> (+0 for losing)\n","uploadtime":1683320368,"views":10,"p1id":"gbizi","p2id":"gregstick","formatid":"gen9vgc2023regulationc","rating":1000,"private":0,"password":""}