{"id":"gen9vgc2023regulationc-1844883528","p1":"simpternational","p2":"Duconjo","format":"[Gen 9] VGC 2023 Regulation C","log":"|j|\u2606simpternational\n|j|\u2606Duconjo\n|t:|1681660150\n|gametype|doubles\n|player|p1|simpternational|sabrina|1267\n|player|p2|Duconjo|170|1199\n|teamsize|p1|6\n|teamsize|p2|6\n|gen|9\n|tier|[Gen 9] VGC 2023 Regulation C\n|rated|\n|rule|Species Clause: Limit one of each Pok\u00e9mon\n|rule|Item Clause: Limit one of each item\n|clearpoke\n|poke|p1|Kingambit, L50, F|\n|poke|p1|Hatterene, L50, F|\n|poke|p1|Annihilape, L50, F|\n|poke|p1|Iron Hands, L50|\n|poke|p1|Brute Bonnet, L50|\n|poke|p1|Bellibolt, L50, F|\n|poke|p2|Chien-Pao, L50|\n|poke|p2|Gholdengo, L50|\n|poke|p2|Brute Bonnet, L50|\n|poke|p2|Iron Bundle, L50|\n|poke|p2|Baxcalibur, L50, M|\n|poke|p2|Talonflame, L50, F|\n|teampreview|4\n|inactive|Battle timer is ON: inactive players will automatically lose when time's up. (requested by simpternational)\n|inactive|Duconjo also wants the timer to be on.\n|inactive|Duconjo has 60 seconds left.\n|inactive|Duconjo has 30 seconds left.\n|inactive|Duconjo has 20 seconds left.\n|inactive|Duconjo has 15 seconds left.\n|inactive|Duconjo has 10 seconds left.\n|\n|t:|1681660235\n|start\n|switch|p1a: Annihilape|Annihilape, L50, F, shiny|100\/100\n|switch|p1b: Hatterene|Hatterene, L50, F, shiny|100\/100\n|switch|p2a: Baxcalibur|Baxcalibur, L50, M|100\/100\n|switch|p2b: Gholdengo|Gholdengo, L50|100\/100\n|turn|1\n|\n|t:|1681660255\n|-terastallize|p1b: Hatterene|Steel\n|move|p1a: Annihilape|Final Gambit|p2a: Baxcalibur\n|-damage|p2a: Baxcalibur|0 fnt\n|faint|p1a: Annihilape\n|faint|p2a: Baxcalibur\n|move|p2b: Gholdengo|Shadow Ball|p1b: Hatterene\n|-damage|p1b: Hatterene|46\/100\n|-damage|p2b: Gholdengo|91\/100|[from] item: Life Orb\n|move|p1b: Hatterene|Trick Room|p1b: Hatterene\n|-fieldstart|move: Trick Room|[of] p1b: Hatterene\n|\n|upkeep\n|\n|t:|1681660269\n|switch|p2a: Talonflame|Talonflame, L50, F|100\/100\n|switch|p1a: Kingambit|Kingambit, L50, F, shiny|100\/100\n|turn|2\n|\n|t:|1681660282\n|move|p2b: Gholdengo|Protect|p2b: Gholdengo\n|-singleturn|p2b: Gholdengo|Protect\n|move|p1b: Hatterene|Psychic|p2a: Talonflame\n|-damage|p2a: Talonflame|37\/100\n|-unboost|p2a: Talonflame|spd|1\n|-enditem|p2a: Talonflame|Sitrus Berry|[eat]\n|-heal|p2a: Talonflame|62\/100|[from] item: Sitrus Berry\n|move|p1a: Kingambit|Kowtow Cleave|p2b: Gholdengo\n|-activate|p2b: Gholdengo|move: Protect\n|move|p2a: Talonflame|Flare Blitz|p1a: Kingambit\n|-supereffective|p1a: Kingambit\n|-damage|p1a: Kingambit|37\/100\n|-damage|p2a: Talonflame|38\/100|[from] Recoil\n|\n|upkeep\n|turn|3\n|inactive|Duconjo has 30 seconds left.\n|\n|t:|1681660307\n|-terastallize|p2b: Gholdengo|Steel\n|move|p2a: Talonflame|Protect|p2a: Talonflame\n|-singleturn|p2a: Talonflame|Protect\n|move|p1b: Hatterene|Psychic|p2a: Talonflame\n|-activate|p2a: Talonflame|move: Protect\n|move|p1a: Kingambit|Kowtow Cleave|p2b: Gholdengo\n|-damage|p2b: Gholdengo|39\/100\n|move|p2b: Gholdengo|Make It Rain|p1a: Kingambit|[spread] p1a,p1b\n|-resisted|p1a: Kingambit\n|-resisted|p1b: Hatterene\n|-damage|p1a: Kingambit|0 fnt\n|-damage|p1b: Hatterene|3\/100\n|-unboost|p2b: Gholdengo|spa|1\n|faint|p1a: Kingambit\n|-damage|p2b: Gholdengo|29\/100|[from] item: Life Orb\n|\n|upkeep\n|\n|t:|1681660313\n|switch|p1a: Iron Hands|Iron Hands, L50, shiny|100\/100\n|turn|4\n|inactive|Duconjo has 30 seconds left.\n|\n|t:|1681660339\n|move|p1b: Hatterene|Psychic|p2a: Talonflame\n|-damage|p2a: Talonflame|0 fnt\n|faint|p2a: Talonflame\n|move|p1a: Iron Hands|Drain Punch|p2b: Gholdengo\n|-supereffective|p2b: Gholdengo\n|-damage|p2b: Gholdengo|0 fnt\n|faint|p2b: Gholdengo\n|\n|upkeep\n|\n|t:|1681660349\n|switch|p2b: Chien-Pao|Chien-Pao, L50|100\/100\n|-ability|p2b: Chien-Pao|Sword of Ruin\n|turn|5\n|inactive|Duconjo has 30 seconds left.\n|\n|t:|1681660375\n|move|p2b: Chien-Pao|Protect|p2b: Chien-Pao\n|-singleturn|p2b: Chien-Pao|Protect\n|move|p1b: Hatterene|Dazzling Gleam|p2b: Chien-Pao\n|-activate|p2b: Chien-Pao|move: Protect\n|move|p1a: Iron Hands|Drain Punch|p2b: Chien-Pao\n|-activate|p2b: Chien-Pao|move: Protect\n|\n|-fieldend|move: Trick Room\n|upkeep\n|turn|6\n|\n|t:|1681660390\n|move|p1b: Hatterene|Protect|p1b: Hatterene\n|-singleturn|p1b: Hatterene|Protect\n|move|p2b: Chien-Pao|Sacred Sword|p1a: Iron Hands\n|-damage|p1a: Iron Hands|74\/100\n|move|p1a: Iron Hands|Drain Punch|p2b: Chien-Pao\n|-supereffective|p2b: Chien-Pao\n|-enditem|p2b: Chien-Pao|Focus Sash\n|-damage|p2b: Chien-Pao|1\/100\n|-heal|p1a: Iron Hands|100\/100|[from] drain|[of] p2b: Chien-Pao\n|\n|upkeep\n|turn|7\n|-message|Duconjo forfeited.\n|\n|win|simpternational\n|raw|simpternational's rating: 1267 → 1287<\/strong> (+20 for winning)\n|raw|Duconjo's rating: 1199 → 1179<\/strong> (-20 for losing)\n|l|\u2606Duconjo\n","uploadtime":1681660402,"views":19,"p1id":"simpternational","p2id":"duconjo","formatid":"gen9vgc2023regulationc","rating":1179,"private":0,"password":""}