{"id":"gen9vgc2023regulationc-1851793011","p1":"yakenonokarasu","p2":"Adri 2022","format":"[Gen 9] VGC 2023 Regulation C","log":"|j|\u2606yakenonokarasu\n|j|\u2606Adri 2022\n|t:|1682484628\n|gametype|doubles\n|player|p1|yakenonokarasu|marlon|1108\n|player|p2|Adri 2022|plasmagrunt|1029\n|teamsize|p1|6\n|teamsize|p2|6\n|gen|9\n|tier|[Gen 9] VGC 2023 Regulation C\n|rated|\n|rule|Species Clause: Limit one of each Pok\u00e9mon\n|rule|Item Clause: Limit one of each item\n|clearpoke\n|poke|p1|Iron Hands, L50|\n|poke|p1|Palafin, L50, F|\n|poke|p1|Hydreigon, L50, F|\n|poke|p1|Luxio, L50, F|\n|poke|p1|Dragapult, L50, F|\n|poke|p1|Toxtricity, L50, F|\n|poke|p2|Chien-Pao, L50|\n|poke|p2|Staraptor, L50, F|\n|poke|p2|Amoonguss, L50, M|\n|poke|p2|Palafin, L50, M|\n|poke|p2|Flutter Mane, L50|\n|poke|p2|Iron Hands, L50|\n|teampreview|4\n|\n|t:|1682484651\n|start\n|switch|p1a: Iron Hands|Iron Hands, L50, shiny|100\/100\n|switch|p1b: Hydreigon|Hydreigon, L50, F, shiny|100\/100\n|switch|p2a: Chien-Pao|Chien-Pao, L50|100\/100\n|switch|p2b: Iron Hands|Iron Hands, L50|100\/100\n|-ability|p2a: Chien-Pao|Sword of Ruin\n|-enditem|p1a: Iron Hands|Booster Energy\n|-activate|p1a: Iron Hands|ability: Quark Drive|[fromitem]\n|-start|p1a: Iron Hands|quarkdrivedef\n|turn|1\n|\n|t:|1682484677\n|move|p2a: Chien-Pao|Protect|p2a: Chien-Pao\n|-singleturn|p2a: Chien-Pao|Protect\n|move|p1a: Iron Hands|Fake Out|p2a: Chien-Pao\n|-activate|p2a: Chien-Pao|move: Protect\n|move|p1b: Hydreigon|Heat Wave|p2b: Iron Hands|[spread] p2b\n|-activate|p2a: Chien-Pao|move: Protect\n|-damage|p2b: Iron Hands|81\/100\n|move|p2b: Iron Hands|Drain Punch|p1b: Hydreigon\n|-supereffective|p1b: Hydreigon\n|-damage|p1b: Hydreigon|0 fnt\n|-heal|p2b: Iron Hands|100\/100|[from] drain|[of] p1b: Hydreigon\n|faint|p1b: Hydreigon\n|\n|upkeep\n|\n|t:|1682484686\n|switch|p1b: Palafin|Palafin, L50, F, shiny|100\/100\n|turn|2\n|\n|t:|1682484710\n|switch|p2a: Staraptor|Staraptor, L50, F|100\/100\n|-ability|p2a: Staraptor|Intimidate|boost\n|-unboost|p1a: Iron Hands|atk|1\n|-unboost|p1b: Palafin|atk|1\n|detailschange|p1b: Palafin|Palafin-Hero, L50, F, shiny\n|switch|p1b: Toxtricity|Toxtricity, L50, F, shiny|100\/100\n|move|p1a: Iron Hands|Drain Punch|p2a: Staraptor\n|-damage|p2a: Staraptor|67\/100\n|move|p2b: Iron Hands|Drain Punch|p1a: Iron Hands\n|-damage|p1a: Iron Hands|85\/100\n|\n|upkeep\n|turn|3\n|\n|t:|1682484740\n|move|p2a: Staraptor|Protect|p2a: Staraptor\n|-singleturn|p2a: Staraptor|Protect\n|move|p1b: Toxtricity|Shift Gear|p1b: Toxtricity\n|-boost|p1b: Toxtricity|spe|2\n|-boost|p1b: Toxtricity|atk|1\n|move|p1a: Iron Hands|Thunder Punch|p2a: Staraptor\n|-activate|p2a: Staraptor|move: Protect\n|move|p2b: Iron Hands|Iron Head|p1b: Toxtricity\n|-resisted|p1b: Toxtricity\n|-damage|p1b: Toxtricity|80\/100\n|\n|upkeep\n|turn|4\n|\n|t:|1682484760\n|-terastallize|p1b: Toxtricity|Normal\n|-terastallize|p2a: Staraptor|Fighting\n|move|p1b: Toxtricity|Boomburst|p2b: Iron Hands|[spread] p1a,p2a,p2b\n|-damage|p1a: Iron Hands|20\/100\n|-damage|p2a: Staraptor|0 fnt\n|-damage|p2b: Iron Hands|58\/100\n|faint|p2a: Staraptor\n|-enditem|p1b: Toxtricity|Throat Spray\n|-boost|p1b: Toxtricity|spa|1|[from] item: Throat Spray\n|move|p1a: Iron Hands|Thunder Punch|p2b: Iron Hands\n|-resisted|p2b: Iron Hands\n|-damage|p2b: Iron Hands|50\/100\n|move|p2b: Iron Hands|Drain Punch|p1a: Iron Hands\n|-damage|p1a: Iron Hands|5\/100\n|-heal|p2b: Iron Hands|58\/100|[from] drain|[of] p1a: Iron Hands\n|\n|upkeep\n|\n|t:|1682484774\n|switch|p2a: Flutter Mane|Flutter Mane, L50|100\/100\n|-enditem|p2a: Flutter Mane|Booster Energy\n|-activate|p2a: Flutter Mane|ability: Protosynthesis|[fromitem]\n|-start|p2a: Flutter Mane|protosynthesisspa\n|turn|5\n|\n|t:|1682484799\n|move|p1b: Toxtricity|Overdrive|p2a: Flutter Mane|[spread] p2a,p2b\n|-resisted|p2b: Iron Hands\n|-damage|p2a: Flutter Mane|48\/100\n|-damage|p2b: Iron Hands|42\/100\n|move|p2a: Flutter Mane|Dazzling Gleam|p1a: Iron Hands|[spread] p1a,p1b\n|-supereffective|p1a: Iron Hands\n|-damage|p1a: Iron Hands|0 fnt\n|-damage|p1b: Toxtricity|23\/100\n|faint|p1a: Iron Hands\n|-end|p1a: Iron Hands|Quark Drive|[silent]\n|move|p2b: Iron Hands|Drain Punch|p1b: Toxtricity\n|-supereffective|p1b: Toxtricity\n|-damage|p1b: Toxtricity|0 fnt\n|-heal|p2b: Iron Hands|49\/100|[from] drain|[of] p1b: Toxtricity\n|faint|p1b: Toxtricity\n|\n|upkeep\n|\n|t:|1682484804\n|switch|p1b: Palafin|Palafin-Hero, L50, F, shiny|100\/100\n|-activate|p1b: Palafin|ability: Zero to Hero\n|turn|6\n|\n|t:|1682484819\n|move|p2a: Flutter Mane|Protect|p2a: Flutter Mane\n|-singleturn|p2a: Flutter Mane|Protect\n|move|p1b: Palafin|Wave Crash|p2a: Flutter Mane\n|-activate|p2a: Flutter Mane|move: Protect\n|move|p2b: Iron Hands|Drain Punch|p1b: Palafin\n|-damage|p1b: Palafin|63\/100\n|-heal|p2b: Iron Hands|63\/100|[from] drain|[of] p1b: Palafin\n|\n|upkeep\n|turn|7\n|\n|t:|1682484833\n|-end|p2a: Flutter Mane|Protosynthesis|[silent]\n|switch|p2a: Chien-Pao|Chien-Pao, L50|100\/100\n|-ability|p2a: Chien-Pao|Sword of Ruin\n|move|p1b: Palafin|Wave Crash|p2a: Chien-Pao\n|-damage|p2a: Chien-Pao|0 fnt\n|faint|p2a: Chien-Pao\n|-damage|p1b: Palafin|35\/100|[from] Recoil\n|move|p2b: Iron Hands|Thunder Punch|p1b: Palafin\n|-supereffective|p1b: Palafin\n|-damage|p1b: Palafin|0 fnt\n|faint|p1b: Palafin\n|\n|win|Adri 2022\n|raw|yakenonokarasu's rating: 1108 → 1077<\/strong> (-31 for losing)\n|raw|Adri 2022's rating: 1029 → 1073<\/strong> (+44 for winning)\n|l|\u2606yakenonokarasu\n","uploadtime":1682484852,"views":11,"p1id":"yakenonokarasu","p2id":"adri2022","formatid":"gen9vgc2023regulationc","rating":1073,"private":0,"password":""}