{"id":"gen9vgc2023regulationc-1849931854","p1":"Goddess Serenaa","p2":"MatRod","format":"[Gen 9] VGC 2023 Regulation C","log":"|j|\u2606Goddess Serenaa\n|j|\u2606MatRod\n|t:|1682269437\n|gametype|doubles\n|player|p1|Goddess Serenaa|serena-masters3|1139\n|player|p2|MatRod|veteran|1052\n|teamsize|p1|6\n|teamsize|p2|6\n|gen|9\n|tier|[Gen 9] VGC 2023 Regulation C\n|rated|\n|rule|Species Clause: Limit one of each Pok\u00e9mon\n|rule|Item Clause: Limit one of each item\n|clearpoke\n|poke|p1|Gardevoir, L50, M|\n|poke|p1|Dragonite, L50, F|\n|poke|p1|Amoonguss, L50, F|\n|poke|p1|Palafin, L50, F|\n|poke|p1|Chi-Yu, L50|\n|poke|p1|Corviknight, L50, F|\n|poke|p2|Espathra, L50, F|\n|poke|p2|Ting-Lu, L50|\n|poke|p2|Lycanroc-Midnight, L50, M|\n|poke|p2|Indeedee-F, L50, F|\n|poke|p2|Armarouge, L50, F|\n|poke|p2|Sandy Shocks, L50|\n|teampreview|4\n|\n|t:|1682269488\n|start\n|switch|p1a: Palafin|Palafin, L50, F, shiny|100\/100\n|switch|p1b: Gardevoir|Gardevoir, L50, M, shiny|100\/100\n|switch|p2a: Sandy Shocks|Sandy Shocks, L50, shiny|100\/100\n|switch|p2b: Espathra|Espathra, L50, F, shiny|100\/100\n|-ability|p1b: Gardevoir|Speed Boost|[from] ability: Trace|[of] p2b: Espathra\n|-enditem|p2a: Sandy Shocks|Booster Energy\n|-activate|p2a: Sandy Shocks|ability: Protosynthesis|[fromitem]\n|-start|p2a: Sandy Shocks|protosynthesisspa\n|turn|1\n|\n|t:|1682269516\n|move|p1a: Palafin|Protect|p1a: Palafin\n|-singleturn|p1a: Palafin|Protect\n|move|p1b: Gardevoir|Trick|p2b: Espathra\n|-activate|p1b: Gardevoir|move: Trick|[of] p2b: Espathra\n|-item|p2b: Espathra|Choice Scarf|[from] move: Trick\n|-item|p1b: Gardevoir|Mental Herb|[from] move: Trick\n|move|p2b: Espathra|Hypnosis|p1b: Gardevoir\n|-status|p1b: Gardevoir|slp|[from] move: Hypnosis\n|move|p2a: Sandy Shocks|Gravity|p2a: Sandy Shocks\n|-fieldstart|move: Gravity\n|\n|-ability|p2b: Espathra|Speed Boost|boost\n|-boost|p2b: Espathra|spe|1\n|-ability|p1b: Gardevoir|Speed Boost|boost\n|-boost|p1b: Gardevoir|spe|1\n|upkeep\n|turn|2\n|\n|t:|1682269556\n|switch|p1b: Chi-Yu|Chi-Yu, L50|100\/100\n|-ability|p1b: Chi-Yu|Beads of Ruin\n|-terastallize|p1a: Palafin|Water\n|move|p2b: Espathra|Hypnosis|p1a: Palafin\n|-status|p1a: Palafin|slp|[from] move: Hypnosis\n|move|p2a: Sandy Shocks|Stealth Rock|p1b: Chi-Yu\n|-sidestart|p1: Goddess Serenaa|move: Stealth Rock\n|cant|p1a: Palafin|slp\n|\n|-ability|p2b: Espathra|Speed Boost|boost\n|-boost|p2b: Espathra|spe|1\n|upkeep\n|turn|3\n|\n|t:|1682269575\n|move|p2b: Espathra|Hypnosis|p1b: Chi-Yu\n|-status|p1b: Chi-Yu|slp|[from] move: Hypnosis\n|move|p2a: Sandy Shocks|Zap Cannon|p1a: Palafin\n|-supereffective|p1a: Palafin\n|-damage|p1a: Palafin|0 fnt\n|faint|p1a: Palafin\n|cant|p1b: Chi-Yu|slp\n|\n|-ability|p2b: Espathra|Speed Boost|boost\n|-boost|p2b: Espathra|spe|1\n|upkeep\n|\n|t:|1682269584\n|switch|p1a: Dragonite|Dragonite, L50, F|100\/100\n|-damage|p1a: Dragonite|76\/100|[from] Stealth Rock\n|turn|4\n|\n|t:|1682269601\n|move|p2b: Espathra|Hypnosis|p1a: Dragonite\n|-status|p1a: Dragonite|slp|[from] move: Hypnosis\n|move|p2a: Sandy Shocks|Earth Power|p1b: Chi-Yu\n|-supereffective|p1b: Chi-Yu\n|-damage|p1b: Chi-Yu|0 fnt\n|faint|p1b: Chi-Yu\n|cant|p1a: Dragonite|slp\n|\n|-ability|p2b: Espathra|Speed Boost|boost\n|-boost|p2b: Espathra|spe|1\n|upkeep\n|\n|t:|1682269603\n|switch|p1b: Gardevoir|Gardevoir, L50, M, shiny|100\/100 slp\n|-damage|p1b: Gardevoir|89\/100 slp|[from] Stealth Rock\n|-ability|p1b: Gardevoir|Speed Boost|[from] ability: Trace|[of] p2b: Espathra\n|turn|5\n|c|\u2606MatRod|LOL\n|-message|Goddess Serenaa forfeited.\n|\n|win|MatRod\n|raw|Goddess Serenaa's rating: 1139 → 1108<\/strong> (-31 for losing)\n|raw|MatRod's rating: 1052 → 1092<\/strong> (+40 for winning)\n|l|\u2606Goddess Serenaa\n","uploadtime":1682269631,"views":13,"p1id":"goddessserenaa","p2id":"matrod","formatid":"gen9vgc2023regulationc","rating":1092,"private":0,"password":""}