{"id":"gen9vgc2023regulationc-1857395961","p1":"GB Seraphix","p2":"austinerzs","format":"[Gen 9] VGC 2023 Regulation C","log":"|j|\u2606GB Seraphix\n|j|\u2606austinerzs\n|t:|1683186216\n|gametype|doubles\n|player|p1|GB Seraphix|rosa|1131\n|player|p2|austinerzs|265|1238\n|teamsize|p1|6\n|teamsize|p2|6\n|gen|9\n|tier|[Gen 9] VGC 2023 Regulation C\n|rated|\n|rule|Species Clause: Limit one of each Pok\u00e9mon\n|rule|Item Clause: Limit one of each item\n|clearpoke\n|poke|p1|Lurantis, L50, F|\n|poke|p1|Hatterene, L50, F|\n|poke|p1|Torkoal, L50, M|\n|poke|p1|Indeedee-F, L50, F|\n|poke|p1|Oranguru, L50, M|\n|poke|p1|Hariyama, L50, M|\n|poke|p2|Jumpluff, L50, F|\n|poke|p2|Flutter Mane, L50|\n|poke|p2|Great Tusk, L50|\n|poke|p2|Chien-Pao, L50|\n|poke|p2|Torkoal, L50, M|\n|poke|p2|Kingambit, L50, M|\n|teampreview|4\n|\n|t:|1683186258\n|start\n|switch|p1a: Sambalilo|Hatterene, L50, F|100\/100\n|switch|p1b: Ganryu|Hariyama, L50, M|100\/100\n|switch|p2a: Jumpluff|Jumpluff, L50, F|100\/100\n|switch|p2b: Torkoal|Torkoal, L50, M|100\/100\n|-weather|SunnyDay|[from] ability: Drought|[of] p2b: Torkoal\n|turn|1\n|\n|t:|1683186278\n|move|p1b: Ganryu|Fake Out|p2a: Jumpluff\n|-damage|p2a: Jumpluff|85\/100\n|cant|p2a: Jumpluff|flinch\n|move|p2b: Torkoal|Overheat|p1a: Sambalilo\n|-damage|p1a: Sambalilo|36\/100\n|-unboost|p2b: Torkoal|spa|2\n|-enditem|p2b: Torkoal|Eject Pack\n|\n|t:|1683186288\n|switch|p2b: Kingambit|Kingambit, L50, M|100\/100\n|move|p1a: Sambalilo|Trick Room|p1a: Sambalilo\n|-fieldstart|move: Trick Room|[of] p1a: Sambalilo\n|\n|-weather|SunnyDay|[upkeep]\n|-status|p1b: Ganryu|brn|[from] item: Flame Orb\n|upkeep\n|turn|2\n|\n|t:|1683186310\n|-terastallize|p2b: Kingambit|Flying\n|move|p2a: Jumpluff|Rage Powder|p2a: Jumpluff\n|-singleturn|p2a: Jumpluff|move: Rage Powder\n|move|p1a: Sambalilo|Mystical Fire|p2a: Jumpluff\n|-supereffective|p2a: Jumpluff\n|-damage|p2a: Jumpluff|0 fnt\n|faint|p2a: Jumpluff\n|-damage|p1a: Sambalilo|26\/100|[from] item: Life Orb\n|move|p1b: Ganryu|Close Combat|p2b: Kingambit\n|-resisted|p2b: Kingambit\n|-damage|p2b: Kingambit|66\/100\n|-unboost|p1b: Ganryu|def|1\n|-unboost|p1b: Ganryu|spd|1\n|move|p2b: Kingambit|Iron Head|p1b: Ganryu\n|-damage|p1b: Ganryu|13\/100 brn\n|\n|-weather|SunnyDay|[upkeep]\n|-heal|p2b: Kingambit|72\/100|[from] item: Leftovers\n|-damage|p1b: Ganryu|7\/100 brn|[from] brn\n|upkeep\n|\n|t:|1683186331\n|switch|p2a: Torkoal|Torkoal, L50, M|100\/100\n|turn|3\n|\n|t:|1683186356\n|move|p2b: Kingambit|Sucker Punch|p1b: Ganryu\n|-resisted|p1b: Ganryu\n|-damage|p1b: Ganryu|0 fnt\n|faint|p1b: Ganryu\n|move|p1a: Sambalilo|Dazzling Gleam|p2b: Kingambit|[spread] p2a,p2b\n|-resisted|p2a: Torkoal\n|-damage|p2a: Torkoal|71\/100\n|-damage|p2b: Kingambit|34\/100\n|-damage|p1a: Sambalilo|17\/100|[from] item: Life Orb\n|move|p2a: Torkoal|Overheat|p1a: Sambalilo\n|-damage|p1a: Sambalilo|0 fnt\n|-unboost|p2a: Torkoal|spa|2\n|faint|p1a: Sambalilo\n|\n|-weather|SunnyDay|[upkeep]\n|-heal|p2b: Kingambit|40\/100|[from] item: Leftovers\n|upkeep\n|\n|t:|1683186394\n|switch|p1a: Monke|Oranguru, L50, M|100\/100\n|switch|p1b: Pawikan|Torkoal, L50, M|100\/100\n|turn|4\n|\n|t:|1683186428\n|-terastallize|p1b: Pawikan|Fire\n|move|p2a: Torkoal|Helping Hand|p2b: Kingambit\n|-singleturn|p2b: Kingambit|Helping Hand|[of] p2a: Torkoal\n|move|p2b: Kingambit|Sucker Punch|p1b: Pawikan\n|-damage|p1b: Pawikan|50\/100\n|move|p1b: Pawikan|Eruption|p2b: Kingambit|[spread] p2a,p2b\n|-resisted|p2a: Torkoal\n|-damage|p2a: Torkoal|42\/100\n|-damage|p2b: Kingambit|2\/100\n|move|p1a: Monke|Instruct|p1b: Pawikan\n|-singleturn|p1b: Pawikan|move: Instruct|[of] p1a: Monke\n|move|p1b: Pawikan|Eruption|p2a: Torkoal|[spread] p2a,p2b\n|-resisted|p2a: Torkoal\n|-damage|p2a: Torkoal|15\/100\n|-damage|p2b: Kingambit|0 fnt\n|faint|p2b: Kingambit\n|\n|-weather|SunnyDay|[upkeep]\n|upkeep\n|\n|t:|1683186448\n|switch|p2b: Great Tusk|Great Tusk, L50|100\/100\n|-activate|p2b: Great Tusk|ability: Protosynthesis\n|-start|p2b: Great Tusk|protosynthesisatk\n|turn|5\n|\n|t:|1683186463\n|move|p2a: Torkoal|Protect|p2a: Torkoal\n|-singleturn|p2a: Torkoal|Protect\n|move|p1b: Pawikan|Heat Wave|p2b: Great Tusk|[spread] p2b\n|-activate|p2a: Torkoal|move: Protect\n|-damage|p2b: Great Tusk|15\/100\n|move|p1a: Monke|Instruct|p1b: Pawikan\n|-singleturn|p1b: Pawikan|move: Instruct|[of] p1a: Monke\n|move|p1b: Pawikan|Heat Wave|p2b: Great Tusk|[spread] p2b\n|-activate|p2a: Torkoal|move: Protect\n|-damage|p2b: Great Tusk|0 fnt\n|faint|p2b: Great Tusk\n|-end|p2b: Great Tusk|Protosynthesis|[silent]\n|\n|-weather|none\n|-fieldend|move: Trick Room\n|upkeep\n|turn|6\n|\n|t:|1683186504\n|move|p1b: Pawikan|Protect|p1b: Pawikan\n|-singleturn|p1b: Pawikan|Protect\n|move|p1a: Monke|Foul Play|p2a: Torkoal\n|-crit|p2a: Torkoal\n|-damage|p2a: Torkoal|0 fnt\n|faint|p2a: Torkoal\n|\n|win|GB Seraphix\n|raw|GB Seraphix's rating: 1131 → 1163<\/strong> (+32 for winning)\n|raw|austinerzs's rating: 1238 → 1206<\/strong> (-32 for losing)\n","uploadtime":1683186512,"views":6,"p1id":"gbseraphix","p2id":"austinerzs","formatid":"gen9vgc2023regulationc","rating":1163,"private":0,"password":""}