{"id":"gen9vgc2023regulationc-1846724880","p1":"SpeedFreak01","p2":"emogiraffe","format":"[Gen 9] VGC 2023 Regulation C","log":"|j|\u2606SpeedFreak01\n|j|\u2606emogiraffe\n|t:|1681870496\n|gametype|doubles\n|player|p1|SpeedFreak01|lyra|1201\n|player|p2|emogiraffe|ninjaboy|1157\n|teamsize|p1|6\n|teamsize|p2|6\n|gen|9\n|tier|[Gen 9] VGC 2023 Regulation C\n|rated|\n|rule|Species Clause: Limit one of each Pok\u00e9mon\n|rule|Item Clause: Limit one of each item\n|clearpoke\n|poke|p1|Dachsbun, L50, M|\n|poke|p1|Chi-Yu, L50|\n|poke|p1|Dondozo, L50, F|\n|poke|p1|Tatsugiri, L50, F|\n|poke|p1|Garganacl, L50, M|\n|poke|p1|Amoonguss, L50, F|\n|poke|p2|Grimmsnarl, L50, M|\n|poke|p2|Flutter Mane, L50|\n|poke|p2|Iron Bundle, L50|\n|poke|p2|Ceruledge, L50, M|\n|poke|p2|Chien-Pao, L50|\n|poke|p2|Dragonite, L50, M|\n|teampreview|4\nSpeedFreak01 has agreed to open team sheets.\n|\n|t:|1681870513\n|start\n|switch|p1a: Greggs|Dachsbun, L50, M|100\/100\n|switch|p1b: And Chips|Chi-Yu, L50|100\/100\n|switch|p2a: Grimmsnarl|Grimmsnarl, L50, M|100\/100\n|switch|p2b: Ceruledge|Ceruledge, L50, M|100\/100\n|-ability|p1b: And Chips|Beads of Ruin\n|turn|1\n|\n|t:|1681870551\n|-terastallize|p2b: Ceruledge|Grass\n|move|p2a: Grimmsnarl|Light Screen|p2a: Grimmsnarl\n|-sidestart|p2: emogiraffe|move: Light Screen\n|move|p1b: And Chips|Lava Plume|p2b: Ceruledge|[spread] p2a\n|-ability|p1a: Greggs|Well-Baked Body|boost\n|-boost|p1a: Greggs|def|2\n|-start|p2b: Ceruledge|ability: Flash Fire\n|-damage|p2a: Grimmsnarl|77\/100\n|move|p1a: Greggs|Substitute|p1a: Greggs\n|-start|p1a: Greggs|Substitute\n|-damage|p1a: Greggs|75\/100\n|move|p2b: Ceruledge|Close Combat|p1b: And Chips\n|-supereffective|p1b: And Chips\n|-enditem|p1b: And Chips|Focus Sash\n|-damage|p1b: And Chips|1\/100\n|-unboost|p2b: Ceruledge|def|1\n|-unboost|p2b: Ceruledge|spd|1\n|\n|-heal|p1a: Greggs|82\/100|[from] item: Leftovers\n|upkeep\n|turn|2\n|\n|t:|1681870580\n|move|p2b: Ceruledge|Shadow Sneak|p1b: And Chips\n|-resisted|p1b: And Chips\n|-damage|p1b: And Chips|0 fnt\n|faint|p1b: And Chips\n|move|p2a: Grimmsnarl|Reflect|p2a: Grimmsnarl\n|-sidestart|p2: emogiraffe|Reflect\n|move|p1a: Greggs|Body Press|p2b: Ceruledge\n|-damage|p2b: Ceruledge|46\/100\n|\n|-heal|p1a: Greggs|88\/100|[from] item: Leftovers\n|upkeep\n|\n|t:|1681870602\n|switch|p1b: That Mineral|Garganacl, L50, M|100\/100\n|turn|3\n|\n|t:|1681870626\n|switch|p2a: Iron Bundle|Iron Bundle, L50|100\/100\n|-enditem|p2a: Iron Bundle|Booster Energy\n|-activate|p2a: Iron Bundle|ability: Quark Drive|[fromitem]\n|-start|p2a: Iron Bundle|quarkdrivespe\n|-terastallize|p1b: That Mineral|Ghost\n|move|p1a: Greggs|Body Press|p2b: Ceruledge\n|-damage|p2b: Ceruledge|0 fnt\n|faint|p2b: Ceruledge\n|move|p1b: That Mineral|Salt Cure|p2a: Iron Bundle\n|-supereffective|p2a: Iron Bundle\n|-damage|p2a: Iron Bundle|76\/100\n|-start|p2a: Iron Bundle|Salt Cure\n|\n|-heal|p1a: Greggs|94\/100|[from] item: Leftovers\n|-damage|p2a: Iron Bundle|52\/100|[from] Salt Cure\n|upkeep\n|\n|t:|1681870638\n|switch|p2b: Chien-Pao|Chien-Pao, L50|100\/100\n|-ability|p2b: Chien-Pao|Sword of Ruin\n|turn|4\n|\n|t:|1681870670\n|-end|p2a: Iron Bundle|Quark Drive|[silent]\n|switch|p2a: Grimmsnarl|Grimmsnarl, L50, M|77\/100\n|move|p2b: Chien-Pao|Haze|p2b: Chien-Pao\n|-clearallboost\n|move|p1a: Greggs|Body Press|p2b: Chien-Pao\n|-supereffective|p2b: Chien-Pao\n|-damage|p2b: Chien-Pao|8\/100\n|move|p1b: That Mineral|Salt Cure|p2b: Chien-Pao\n|-supereffective|p2b: Chien-Pao\n|-damage|p2b: Chien-Pao|0 fnt\n|faint|p2b: Chien-Pao\n|\n|-heal|p1a: Greggs|99\/100|[from] item: Leftovers\n|upkeep\n|\n|t:|1681870672\n|switch|p2b: Iron Bundle|Iron Bundle, L50|52\/100\n|turn|5\n|\n|t:|1681870689\n|move|p2b: Iron Bundle|Hydro Pump|p1a: Greggs\n|-end|p1a: Greggs|Substitute\n|move|p1a: Greggs|Body Press|p2b: Iron Bundle\n|-supereffective|p2b: Iron Bundle\n|-crit|p2b: Iron Bundle\n|-damage|p2b: Iron Bundle|0 fnt\n|faint|p2b: Iron Bundle\n|-end|p2b: Iron Bundle|Quark Drive|[silent]\n|move|p2a: Grimmsnarl|Spirit Break|p1a: Greggs\n|-damage|p1a: Greggs|72\/100\n|-unboost|p1a: Greggs|spa|1\n|move|p1b: That Mineral|Salt Cure|p2a: Grimmsnarl\n|-damage|p2a: Grimmsnarl|65\/100\n|-start|p2a: Grimmsnarl|Salt Cure\n|\n|-heal|p1a: Greggs|79\/100|[from] item: Leftovers\n|-damage|p2a: Grimmsnarl|53\/100|[from] Salt Cure\n|upkeep\n|turn|6\n|\n|t:|1681870711\n|move|p1a: Greggs|Substitute|p1a: Greggs\n|-start|p1a: Greggs|Substitute\n|-damage|p1a: Greggs|54\/100\n|move|p2a: Grimmsnarl|Spirit Break|p1a: Greggs\n|-end|p1a: Greggs|Substitute\n|move|p1b: That Mineral|Body Press|p2a: Grimmsnarl\n|-crit|p2a: Grimmsnarl\n|-damage|p2a: Grimmsnarl|4\/100\n|\n|-heal|p1a: Greggs|60\/100|[from] item: Leftovers\n|-damage|p2a: Grimmsnarl|0 fnt|[from] Salt Cure\n|faint|p2a: Grimmsnarl\n|\n|win|SpeedFreak01\n|upkeep\n|raw|SpeedFreak01's rating: 1201 → 1223<\/strong> (+22 for winning)\n|raw|emogiraffe's rating: 1157 → 1135<\/strong> (-22 for losing)\n|l|\u2606emogiraffe\n|c|\u2606SpeedFreak01|gg!\n","uploadtime":1681870728,"views":11,"p1id":"speedfreak01","p2id":"emogiraffe","formatid":"gen9vgc2023regulationc","rating":1135,"private":0,"password":""}