{"id":"gen9vgc2023regulationc-1845880352","p1":"Juicy_Tanner2","p2":"hancec","format":"[Gen 9] VGC 2023 Regulation C","log":"|j|\u2606Juicy_Tanner2\n|j|\u2606hancec\n|t:|1681774714\n|gametype|doubles\n|player|p1|Juicy_Tanner2|clay|\n|player|p2|hancec|gentleman-gen4dp|\n|teamsize|p1|6\n|teamsize|p2|6\n|gen|9\n|tier|[Gen 9] VGC 2023 Regulation C\n|rated|Tournament battle\n|rule|Species Clause: Limit one of each Pok\u00e9mon\n|rule|Item Clause: Limit one of each item\n|clearpoke\n|poke|p1|Iron Hands, L50|\n|poke|p1|Glimmora, L50, M|\n|poke|p1|Volcarona, L50, F|\n|poke|p1|Roaring Moon, L50|\n|poke|p1|Amoonguss, L50, M|\n|poke|p1|Iron Bundle, L50|\n|poke|p2|Murkrow, L50, M|\n|poke|p2|Iron Bundle, L50|\n|poke|p2|Chi-Yu, L50|\n|poke|p2|Gholdengo, L50|\n|poke|p2|Great Tusk, L50|\n|poke|p2|Farigiraf, L50, F|\n|teampreview|4\n|raw| Open Team Sheet for Juicy_Tanner2<\/summary>Iron Hands @ Clear Amulet Ability: Quark Drive Level: 50 Tera Type: Grass - Detect - Swords Dance - Drain Punch - Wild Charge Glimmora @ Life Orb Ability: Toxic Debris Level: 50 Tera Type: Grass - Spiky Shield - Sludge Bomb - Earth Power - Power Gem Volcarona @ Sitrus Berry Ability: Flame Body Level: 50 Tera Type: Water - Will-O-Wisp - Rage Powder - Overheat - Struggle Bug Roaring Moon @ Booster Energy Ability: Protosynthesis Level: 50 Tera Type: Flying - Protect - Acrobatics - Throat Chop - Tailwind Amoonguss @ Aguav Berry Ability: Regenerator Level: 50 Tera Type: Water - Spore - Rage Powder - Clear Smog - Pollen Puff Iron Bundle @ Focus Sash Ability: Quark Drive Level: 50 Tera Type: Ice - Icy Wind - Freeze-Dry - Encore - Protect <\/details><\/div> Open Team Sheet for hancec<\/summary>Murkrow @ Focus Sash Ability: Prankster Level: 50 Shiny: Yes Tera Type: Ghost - Brave Bird - Tailwind - Sunny Day - Haze Iron Bundle @ Booster Energy Ability: Quark Drive Level: 50 Tera Type: Flying - Freeze-Dry - Icy Wind - Hydro Pump - Protect Chi-Yu @ Wide Lens Ability: Beads of Ruin Level: 50 Tera Type: Fire - Heat Wave - Overheat - Dark Pulse - Protect Gholdengo @ Choice Specs Ability: Good as Gold Level: 50 Tera Type: Steel - Make It Rain - Shadow Ball - Trick - Thunderbolt Great Tusk @ Clear Amulet Ability: Protosynthesis Level: 50 Hidden Power: Fighting Tera Type: Ground - Headlong Rush - Earthquake - Close Combat - Protect Farigiraf @ Life Orb Ability: Armor Tail Level: 50 Tera Type: Fairy - Hyper Voice - Dazzling Gleam - Trick Room - Imprison <\/details><\/div>\n|j| jrdog\n|\n|t:|1681774776\n|start\n|switch|p1a: Iron Bundle|Iron Bundle, L50|100\/100\n|switch|p1b: Volcarona|Volcarona, L50, F|100\/100\n|switch|p2a: Murkrow|Murkrow, L50, M, shiny|100\/100\n|switch|p2b: Great Tusk|Great Tusk, L50|100\/100\n|turn|1\n|c|\u2606Juicy_Tanner2|glhf\n|c|\u2606hancec|glhf\n|\n|t:|1681774830\n|-end|p2b: Great Tusk|Protosynthesis|[silent]\n|switch|p2b: Chi-Yu|Chi-Yu, L50|100\/100\n|-ability|p2b: Chi-Yu|Beads of Ruin\n|move|p2a: Murkrow|Tailwind|p2a: Murkrow\n|-sidestart|p2: hancec|move: Tailwind\n|move|p1a: Iron Bundle|Icy Wind|p2b: Chi-Yu|[spread] p2a,p2b\n|-supereffective|p2a: Murkrow\n|-resisted|p2b: Chi-Yu\n|-enditem|p2a: Murkrow|Focus Sash\n|-damage|p2a: Murkrow|1\/100\n|-damage|p2b: Chi-Yu|89\/100\n|-unboost|p2a: Murkrow|spe|1\n|-unboost|p2b: Chi-Yu|spe|1\n|move|p1b: Volcarona|Will-O-Wisp|p2b: Chi-Yu\n|-immune|p2b: Chi-Yu\n|\n|upkeep\n|turn|2\n|\n|t:|1681774854\n|-terastallize|p2b: Chi-Yu|Fire\n|move|p1a: Iron Bundle|Protect|p1a: Iron Bundle\n|-singleturn|p1a: Iron Bundle|Protect\n|move|p2a: Murkrow|Sunny Day|p2a: Murkrow\n|-weather|SunnyDay\n|move|p2b: Chi-Yu|Heat Wave|p1b: Volcarona|[spread] p1b\n|-activate|p1a: Iron Bundle|move: Protect\n|-damage|p1b: Volcarona|22\/100\n|-enditem|p1b: Volcarona|Sitrus Berry|[eat]\n|-heal|p1b: Volcarona|47\/100|[from] item: Sitrus Berry\n|move|p1b: Volcarona|Struggle Bug|p2b: Chi-Yu|[spread] p2a,p2b\n|-resisted|p2b: Chi-Yu\n|-damage|p2a: Murkrow|0 fnt\n|-damage|p2b: Chi-Yu|80\/100\n|-unboost|p2b: Chi-Yu|spa|1\n|faint|p2a: Murkrow\n|\n|-weather|SunnyDay|[upkeep]\n|upkeep\n|\n|t:|1681774875\n|switch|p2a: Gholdengo|Gholdengo, L50|100\/100\n|turn|3\n|\n|t:|1681774906\n|move|p2a: Gholdengo|Make It Rain|p1a: Iron Bundle|[spread] p1a,p1b\n|-resisted|p1b: Volcarona\n|-enditem|p1a: Iron Bundle|Focus Sash\n|-damage|p1a: Iron Bundle|1\/100\n|-damage|p1b: Volcarona|2\/100\n|-unboost|p2a: Gholdengo|spa|1\n|move|p2b: Chi-Yu|Heat Wave|p1a: Iron Bundle|[spread] p1a,p1b\n|-damage|p1a: Iron Bundle|0 fnt\n|-damage|p1b: Volcarona|0 fnt\n|faint|p1a: Iron Bundle\n|-end|p1a: Iron Bundle|Quark Drive|[silent]\n|faint|p1b: Volcarona\n|\n|-weather|SunnyDay|[upkeep]\n|upkeep\n|\n|t:|1681774919\n|switch|p1a: Roaring Moon|Roaring Moon, L50|100\/100\n|switch|p1b: Iron Hands|Iron Hands, L50|100\/100\n|-activate|p1a: Roaring Moon|ability: Protosynthesis\n|-start|p1a: Roaring Moon|protosynthesisspe\n|turn|4\n|\n|t:|1681774948\n|switch|p2b: Great Tusk|Great Tusk, L50|100\/100\n|-activate|p2b: Great Tusk|ability: Protosynthesis\n|-start|p2b: Great Tusk|protosynthesisatk\n|move|p1b: Iron Hands|Detect|p1b: Iron Hands\n|-singleturn|p1b: Iron Hands|Protect\n|move|p1a: Roaring Moon|Tailwind|p1a: Roaring Moon\n|-sidestart|p1: Juicy_Tanner2|move: Tailwind\n|move|p2a: Gholdengo|Make It Rain|p1a: Roaring Moon|[spread] p1a\n|-activate|p1b: Iron Hands|move: Protect\n|-damage|p1a: Roaring Moon|53\/100\n|-unboost|p2a: Gholdengo|spa|1\n|\n|-weather|SunnyDay|[upkeep]\n|-sideend|p2: hancec|move: Tailwind\n|upkeep\n|turn|5\n|\n|t:|1681774995\n|-terastallize|p1a: Roaring Moon|Flying\n|move|p1a: Roaring Moon|Throat Chop|p2a: Gholdengo\n|-supereffective|p2a: Gholdengo\n|-damage|p2a: Gholdengo|8\/100\n|-start|p2a: Gholdengo|Throat Chop|[silent]\n|move|p1b: Iron Hands|Wild Charge|p2a: Gholdengo\n|-damage|p2a: Gholdengo|0 fnt\n|faint|p2a: Gholdengo\n|-damage|p1b: Iron Hands|99\/100|[from] Recoil\n|move|p2b: Great Tusk|Earthquake|p1b: Iron Hands|[spread] p1b\n|-immune|p1a: Roaring Moon\n|-supereffective|p1b: Iron Hands\n|-damage|p1b: Iron Hands|17\/100\n|\n|-weather|SunnyDay|[upkeep]\n|upkeep\n|j| Radio Free C-Side\n|\n|t:|1681775008\n|switch|p2a: Chi-Yu|Chi-Yu, L50, tera:Fire|80\/100\n|-ability|p2a: Chi-Yu|Beads of Ruin\n|turn|6\n|\n|t:|1681775040\n|move|p1a: Roaring Moon|Throat Chop|p2a: Chi-Yu\n|-damage|p2a: Chi-Yu|22\/100\n|-start|p2a: Chi-Yu|Throat Chop|[silent]\n|move|p2a: Chi-Yu|Heat Wave|p1b: Iron Hands|[spread] p1a,p1b\n|-damage|p1a: Roaring Moon|0 fnt\n|-damage|p1b: Iron Hands|0 fnt\n|faint|p1a: Roaring Moon\n|-end|p1a: Roaring Moon|Protosynthesis|[silent]\n|faint|p1b: Iron Hands\n|-end|p1b: Iron Hands|Quark Drive|[silent]\n|\n|win|hancec\n|n|\u2606Juicy_Tanner2|juicytanner2\n|n|\u2606hancec|hancec\n|n| jrdog|jrdog\n|n| Radio Free C-Side|radiofreecside\n|c|\u2606Juicy_Tanner2|gg\n|l| jrdog\n|l| Radio Free C-Side\n|c|\u2606hancec|gg\n","uploadtime":1681775051,"views":19,"p1id":"juicytanner2","p2id":"hancec","formatid":"gen9vgc2023regulationc","rating":0,"private":0,"password":""}