{"id":"gen9vgc2023regulationc-1860034578","p1":"IOnce8Cheese","p2":"Cranklex2","format":"[Gen 9] VGC 2023 Regulation C","log":"|j|\u2606IOnce8Cheese\n|j|\u2606Cranklex2\n|t:|1683587555\n|gametype|doubles\n|player|p1|IOnce8Cheese|lucas|1342\n|player|p2|Cranklex2|psychicf-gen4|1249\n|teamsize|p1|6\n|teamsize|p2|6\n|gen|9\n|tier|[Gen 9] VGC 2023 Regulation C\n|rated|\n|rule|Species Clause: Limit one of each Pok\u00e9mon\n|rule|Item Clause: Limit one of each item\n|clearpoke\n|poke|p1|Chien-Pao, L50|\n|poke|p1|Arcanine, L50, M|\n|poke|p1|Iron Bundle, L50|\n|poke|p1|Flutter Mane, L50|\n|poke|p1|Corviknight, L50, M|\n|poke|p1|Great Tusk, L50|\n|poke|p2|Oricorio-Pom-Pom, L50, M|\n|poke|p2|Volcarona, L50, F|\n|poke|p2|Murkrow, L50, M|\n|poke|p2|Braviary, L50, M|\n|poke|p2|Krookodile, L50, M|\n|poke|p2|Klefki, L50, M|\n|teampreview|4\nIOnce8Cheese rejected open team sheets.\n|inactive|Battle timer is ON: inactive players will automatically lose when time's up. (requested by Cranklex2)\n|\n|t:|1683587599\n|start\n|switch|p1a: Iron Bundle|Iron Bundle, L50|100\/100\n|switch|p1b: Flutter Mane|Flutter Mane, L50|100\/100\n|switch|p2a: Braviary|Braviary, L50, M|100\/100\n|switch|p2b: Klefki|Klefki, L50, M|100\/100\n|-enditem|p1a: Iron Bundle|Booster Energy\n|-activate|p1a: Iron Bundle|ability: Quark Drive|[fromitem]\n|-start|p1a: Iron Bundle|quarkdrivespe\n|turn|1\n|\n|t:|1683587617\n|move|p1b: Flutter Mane|Protect|p1b: Flutter Mane\n|-singleturn|p1b: Flutter Mane|Protect\n|move|p2b: Klefki|Light Screen|p2b: Klefki\n|-sidestart|p2: Cranklex2|move: Light Screen\n|move|p1a: Iron Bundle|Freeze-Dry|p2a: Braviary\n|-supereffective|p2a: Braviary\n|-damage|p2a: Braviary|43\/100\n|move|p2a: Braviary|Sky Attack||[still]\n|-prepare|p2a: Braviary|Sky Attack\n|-enditem|p2a: Braviary|Power Herb\n|-anim|p2a: Braviary|Sky Attack|p1a: Iron Bundle\n|-damage|p1a: Iron Bundle|4\/100\n|\n|upkeep\n|turn|2\n|\n|t:|1683587637\n|move|p1a: Iron Bundle|Freeze-Dry|p2a: Braviary\n|-supereffective|p2a: Braviary\n|-damage|p2a: Braviary|0 fnt\n|faint|p2a: Braviary\n|move|p1b: Flutter Mane|Shadow Ball|p2b: Klefki\n|-damage|p2b: Klefki|59\/100\n|-damage|p1b: Flutter Mane|91\/100|[from] item: Life Orb\n|move|p2b: Klefki|Foul Play|p1a: Iron Bundle\n|-damage|p1a: Iron Bundle|0 fnt\n|faint|p1a: Iron Bundle\n|-end|p1a: Iron Bundle|Quark Drive|[silent]\n|\n|upkeep\n|\n|t:|1683587649\n|switch|p1a: Great Tusk|Great Tusk, L50|100\/100\n|switch|p2a: Volcarona|Volcarona, L50, F|100\/100\n|turn|3\n|\n|t:|1683587672\n|-end|p1b: Flutter Mane|Protosynthesis|[silent]\n|switch|p1b: Corviknight|Corviknight, L50, M|100\/100\n|move|p2b: Klefki|Reflect|p2b: Klefki\n|-sidestart|p2: Cranklex2|Reflect\n|move|p2a: Volcarona|Quiver Dance|p2a: Volcarona\n|-boost|p2a: Volcarona|spa|1\n|-boost|p2a: Volcarona|spd|1\n|-boost|p2a: Volcarona|spe|1\n|move|p1a: Great Tusk|Earthquake|p2b: Klefki|[spread] p2a,p2b\n|-immune|p1b: Corviknight\n|-supereffective|p2b: Klefki\n|-damage|p2a: Volcarona|74\/100\n|-damage|p2b: Klefki|10\/100\n|\n|upkeep\n|turn|4\n|\n|t:|1683587696\n|-terastallize|p1b: Corviknight|Fire\n|move|p2b: Klefki|Spikes|p1b: Corviknight\n|-sidestart|p1: IOnce8Cheese|Spikes\n|move|p2a: Volcarona|Fiery Dance|p1b: Corviknight\n|-resisted|p1b: Corviknight\n|-damage|p1b: Corviknight|70\/100\n|-boost|p2a: Volcarona|spa|1\n|move|p1a: Great Tusk|Earthquake|p2b: Klefki|[spread] p1b,p2a,p2b\n|-supereffective|p1b: Corviknight\n|-supereffective|p2b: Klefki\n|-damage|p1b: Corviknight|2\/100\n|-damage|p2a: Volcarona|47\/100\n|-damage|p2b: Klefki|0 fnt\n|-enditem|p2a: Volcarona|Sitrus Berry|[eat]\n|-heal|p2a: Volcarona|72\/100|[from] item: Sitrus Berry\n|faint|p2b: Klefki\n|move|p1b: Corviknight|Brave Bird|p2a: Volcarona\n|-supereffective|p2a: Volcarona\n|-damage|p2a: Volcarona|0 fnt\n|faint|p2a: Volcarona\n|-damage|p1b: Corviknight|0 fnt|[from] Recoil\n|faint|p1b: Corviknight\n|\n|upkeep\n|\n|t:|1683587715\n|switch|p1b: Flutter Mane|Flutter Mane, L50|91\/100\n|switch|p2b: Oricorio|Oricorio-Pom-Pom, L50, M|100\/100\n|-damage|p1b: Flutter Mane|78\/100|[from] Spikes\n|turn|5\n|\n|t:|1683587730\n|move|p1b: Flutter Mane|Shadow Ball|p2b: Oricorio\n|-damage|p2b: Oricorio|40\/100\n|-damage|p1b: Flutter Mane|68\/100|[from] item: Life Orb\n|move|p2b: Oricorio|Revelation Dance|p1b: Flutter Mane\n|-damage|p1b: Flutter Mane|24\/100\n|move|p1a: Great Tusk|Headlong Rush|p2b: Oricorio\n|-immune|p2b: Oricorio\n|\n|upkeep\n|turn|6\n|\n|t:|1683587746\n|move|p1b: Flutter Mane|Shadow Ball|p2b: Oricorio\n|-damage|p2b: Oricorio|0 fnt\n|faint|p2b: Oricorio\n|-damage|p1b: Flutter Mane|14\/100|[from] item: Life Orb\n|\n|win|IOnce8Cheese\n|raw|IOnce8Cheese's rating: 1342 → 1357<\/strong> (+15 for winning)\n|raw|Cranklex2's rating: 1249 → 1231<\/strong> (-18 for losing)\n|l|\u2606Cranklex2\n","uploadtime":1683587756,"views":13,"p1id":"ionce8cheese","p2id":"cranklex2","formatid":"gen9vgc2023regulationc","rating":1231,"private":0,"password":""}