{"id":"gen9vgc2023regulationc-1845551603","p1":"pelukas","p2":"startearx","format":"[Gen 9] VGC 2023 Regulation C","log":"|j|\u2606pelukas\n|j|\u2606startearx\n|t:|1681744320\n|gametype|doubles\n|player|p1|pelukas|gambler|1135\n|player|p2|startearx|102|1127\n|teamsize|p1|6\n|teamsize|p2|6\n|gen|9\n|tier|[Gen 9] VGC 2023 Regulation C\n|rated|\n|rule|Species Clause: Limit one of each Pok\u00e9mon\n|rule|Item Clause: Limit one of each item\n|clearpoke\n|poke|p1|Klefki, L50, F|\n|poke|p1|Mimikyu, L50, M|\n|poke|p1|Sylveon, L50, F|\n|poke|p1|Flutter Mane, L50|\n|poke|p1|Garganacl, L50, M|\n|poke|p1|Iron Valiant, L50|\n|poke|p2|Ting-Lu, L50|\n|poke|p2|Flutter Mane, L50|\n|poke|p2|Stonjourner, L50, F|\n|poke|p2|Arcanine, L50, M|\n|poke|p2|Amoonguss, L50, F|\n|poke|p2|Palafin, L50, M|\n|teampreview|4\n|\n|t:|1681744342\n|start\n|switch|p1a: Klefki|Klefki, L50, F|100\/100\n|switch|p1b: Mimikyu|Mimikyu, L50, M, shiny|100\/100\n|switch|p2a: Arcanine|Arcanine, L50, M|100\/100\n|switch|p2b: Ting-Lu|Ting-Lu, L50|100\/100\n|-ability|p2a: Arcanine|Intimidate|boost\n|-unboost|p1a: Klefki|atk|1\n|-unboost|p1b: Mimikyu|atk|1\n|-ability|p2b: Ting-Lu|Vessel of Ruin\n|turn|1\n|\n|t:|1681744365\n|move|p1a: Klefki|Reflect|p1a: Klefki\n|-sidestart|p1: pelukas|Reflect\n|move|p1b: Mimikyu|Swords Dance|p1b: Mimikyu\n|-boost|p1b: Mimikyu|atk|2\n|move|p2a: Arcanine|Will-O-Wisp|p1b: Mimikyu\n|-status|p1b: Mimikyu|brn\n|move|p2b: Ting-Lu|Fissure|p1a: Klefki|[miss]\n|-miss|p2b: Ting-Lu|p1a: Klefki\n|\n|-damage|p1b: Mimikyu|94\/100 brn|[from] brn\n|upkeep\n|turn|2\n|\n|t:|1681744396\n|move|p1a: Klefki|Thunder Wave|p2a: Arcanine\n|-status|p2a: Arcanine|par\n|move|p1b: Mimikyu|Swords Dance|p1b: Mimikyu\n|-boost|p1b: Mimikyu|atk|2\n|move|p2b: Ting-Lu|Stomping Tantrum|p1a: Klefki\n|-supereffective|p1a: Klefki\n|-damage|p1a: Klefki|42\/100\n|move|p2a: Arcanine|Howl|p2a: Arcanine|[spread] p2a,p2b\n|-boost|p2a: Arcanine|atk|1\n|-boost|p2b: Ting-Lu|atk|1\n|\n|-damage|p1b: Mimikyu|88\/100 brn|[from] brn\n|upkeep\n|turn|3\n|\n|t:|1681744429\n|move|p1a: Klefki|Light Screen|p1a: Klefki\n|-sidestart|p1: pelukas|move: Light Screen\n|move|p1b: Mimikyu|Drain Punch|p2b: Ting-Lu\n|-supereffective|p2b: Ting-Lu\n|-damage|p2b: Ting-Lu|73\/100\n|-heal|p1b: Mimikyu|100\/100 brn|[from] drain|[of] p2b: Ting-Lu\n|move|p2b: Ting-Lu|Heavy Slam|p1b: Mimikyu\n|-activate|p1b: Mimikyu|ability: Disguise\n|-damage|p1b: Mimikyu|100\/100 brn\n|detailschange|p1b: Mimikyu|Mimikyu-Busted, L50, M, shiny\n|-damage|p1b: Mimikyu|88\/100 brn|[from] pokemon: Mimikyu-Busted\n|move|p2a: Arcanine|Howl|p2a: Arcanine|[spread] p2a,p2b\n|-boost|p2a: Arcanine|atk|1\n|-boost|p2b: Ting-Lu|atk|1\n|\n|-damage|p1b: Mimikyu|82\/100 brn|[from] brn\n|upkeep\n|turn|4\n|\n|t:|1681744453\n|switch|p1a: Flutter Mane|Flutter Mane, L50, shiny|100\/100\n|move|p1b: Mimikyu|Drain Punch|p2b: Ting-Lu\n|-supereffective|p2b: Ting-Lu\n|-damage|p2b: Ting-Lu|44\/100\n|-heal|p1b: Mimikyu|100\/100 brn|[from] drain|[of] p2b: Ting-Lu\n|move|p2b: Ting-Lu|Stomping Tantrum|p1b: Mimikyu\n|-damage|p1b: Mimikyu|40\/100 brn\n|move|p2a: Arcanine|Flare Blitz|p1b: Mimikyu\n|-crit|p1b: Mimikyu\n|-damage|p1b: Mimikyu|0 fnt\n|faint|p1b: Mimikyu\n|-damage|p2a: Arcanine|92\/100 par|[from] Recoil\n|\n|upkeep\n|\n|t:|1681744465\n|switch|p1b: Garganacl|Garganacl, L50, M, shiny|100\/100\n|turn|5\n|\n|t:|1681744475\n|-terastallize|p1b: Garganacl|Fairy\n|move|p1b: Garganacl|Wide Guard|p1b: Garganacl\n|-singleturn|p1b: Garganacl|Wide Guard\n|move|p1a: Flutter Mane|Moonblast|p2b: Ting-Lu\n|-supereffective|p2b: Ting-Lu\n|-damage|p2b: Ting-Lu|4\/100\n|-unboost|p2b: Ting-Lu|spa|1\n|-damage|p1a: Flutter Mane|91\/100|[from] item: Life Orb\n|move|p2b: Ting-Lu|Heavy Slam|p1a: Flutter Mane\n|-supereffective|p1a: Flutter Mane\n|-damage|p1a: Flutter Mane|0 fnt\n|faint|p1a: Flutter Mane\n|-end|p1a: Flutter Mane|Protosynthesis|[silent]\n|move|p2a: Arcanine|Will-O-Wisp|p1b: Garganacl\n|-immune|p1b: Garganacl|[from] ability: Purifying Salt\n|\n|upkeep\n|\n|t:|1681744490\n|switch|p1a: Klefki|Klefki, L50, F|42\/100\n|turn|6\n|\n|t:|1681744516\n|move|p1a: Klefki|Flash Cannon|p2b: Ting-Lu\n|-damage|p2b: Ting-Lu|0 fnt\n|faint|p2b: Ting-Lu\n|move|p2a: Arcanine|Flare Blitz|p1b: Garganacl\n|-damage|p1b: Garganacl|65\/100\n|-damage|p2a: Arcanine|76\/100 par|[from] item: Rocky Helmet|[of] p1b: Garganacl\n|-damage|p2a: Arcanine|63\/100 par|[from] Recoil\n|move|p1b: Garganacl|Salt Cure|p2a: Arcanine\n|-supereffective|p2a: Arcanine\n|-damage|p2a: Arcanine|32\/100 par\n|-start|p2a: Arcanine|Salt Cure\n|\n|-damage|p2a: Arcanine|20\/100 par|[from] Salt Cure\n|upkeep\n|\n|t:|1681744533\n|switch|p2b: Stonjourner|Stonjourner, L50, F|100\/100\n|turn|7\n|\n|t:|1681744546\n|move|p2b: Stonjourner|Low Kick|p1b: Garganacl\n|-resisted|p1b: Garganacl\n|-damage|p1b: Garganacl|58\/100\n|-damage|p2b: Stonjourner|84\/100|[from] item: Rocky Helmet|[of] p1b: Garganacl\n|move|p1a: Klefki|Flash Cannon|p2b: Stonjourner\n|-supereffective|p2b: Stonjourner\n|-crit|p2b: Stonjourner\n|-damage|p2b: Stonjourner|0 fnt\n|faint|p2b: Stonjourner\n|move|p2a: Arcanine|Flare Blitz|p1b: Garganacl\n|-damage|p1b: Garganacl|24\/100\n|-damage|p2a: Arcanine|4\/100 par|[from] item: Rocky Helmet|[of] p1b: Garganacl\n|-damage|p2a: Arcanine|0 fnt|[from] Recoil\n|faint|p2a: Arcanine\n|move|p1b: Garganacl|Recover|p1b: Garganacl\n|-heal|p1b: Garganacl|74\/100\n|\n|upkeep\n|-message|startearx forfeited.\n|\n|win|pelukas\n|raw|pelukas's rating: 1135 → 1159<\/strong> (+24 for winning)\n|raw|startearx's rating: 1127 → 1103<\/strong> (-24 for losing)\n|l|\u2606startearx\n","uploadtime":1681744568,"views":11,"p1id":"pelukas","p2id":"startearx","formatid":"gen9vgc2023regulationc","rating":1103,"private":0,"password":""}