{"id":"gen9vgc2023regulationc-1864419879","p1":"camf","p2":"Nicohaxvgc","format":"[Gen 9] VGC 2023 Regulation C","log":"|j|\u2606camf\n|j|\u2606Nicohaxvgc\n|t:|1684165088\n|gametype|doubles\n|player|p1|camf|dawn|1307\n|player|p2|Nicohaxvgc|hilbert-wonderlauncher|1387\n|teamsize|p1|6\n|teamsize|p2|6\n|gen|9\n|tier|[Gen 9] VGC 2023 Regulation C\n|rated|\n|rule|Species Clause: Limit one of each Pok\u00e9mon\n|rule|Item Clause: Limit one of each item\n|clearpoke\n|poke|p1|Mimikyu, L50, F|\n|poke|p1|Camerupt, L50, M|\n|poke|p1|Iron Thorns, L50|\n|poke|p1|Arboliva, L50, M|\n|poke|p1|Farigiraf, L50, M|\n|poke|p1|Iron Hands, L50|\n|poke|p2|Flutter Mane, L50|\n|poke|p2|Maushold, L50|\n|poke|p2|Annihilape, L50, M|\n|poke|p2|Garchomp, L50, M|\n|poke|p2|Iron Bundle, L50|\n|poke|p2|Corviknight, L50, F|\n|teampreview|4\n|inactive|Battle timer is ON: inactive players will automatically lose when time's up. (requested by Nicohaxvgc)\n|\n|t:|1684165118\n|start\n|switch|p1a: Farigiraf|Farigiraf, L50, M|100\/100\n|switch|p1b: Iron Hands|Iron Hands, L50|100\/100\n|switch|p2a: Harley|Flutter Mane, L50|100\/100\n|switch|p2b: AureCorne|Maushold, L50|100\/100\n|turn|1\n|inactive|Nicohaxvgc has 30 seconds left.\n|inactive|Nicohaxvgc has 20 seconds left.\n|inactive|Nicohaxvgc has 15 seconds left.\n|inactive|Nicohaxvgc has 10 seconds left.\n|\n|t:|1684165163\n|move|p1b: Iron Hands|Fake Out|p2b: AureCorne\n|-damage|p2b: AureCorne|80\/100\n|cant|p2b: AureCorne|flinch\n|move|p2a: Harley|Dazzling Gleam|p1a: Farigiraf|[spread] p1a,p1b\n|-supereffective|p1b: Iron Hands\n|-damage|p1a: Farigiraf|49\/100\n|-damage|p1b: Iron Hands|50\/100\n|move|p1a: Farigiraf|Trick Room|p1a: Farigiraf\n|-fieldstart|move: Trick Room|[of] p1a: Farigiraf\n|\n|upkeep\n|turn|2\n|inactive|Nicohaxvgc has 30 seconds left.\n|inactive|Nicohaxvgc has 20 seconds left.\n|inactive|Nicohaxvgc has 15 seconds left.\n|inactive|Nicohaxvgc has 10 seconds left.\n|\n|t:|1684165216\n|-end|p2a: Harley|Protosynthesis|[silent]\n|switch|p2a: Rocky|Annihilape, L50, M|100\/100\n|-terastallize|p2b: AureCorne|Ghost\n|move|p1b: Iron Hands|Drain Punch|p2b: AureCorne\n|-immune|p2b: AureCorne\n|move|p1a: Farigiraf|Psychic|p2a: Rocky\n|-supereffective|p2a: Rocky\n|-damage|p2a: Rocky|40\/100\n|move|p2b: AureCorne|Super Fang|p1b: Iron Hands\n|-damage|p1b: Iron Hands|25\/100\n|\n|-heal|p2a: Rocky|46\/100|[from] item: Leftovers\n|upkeep\n|turn|3\n|inactive|Nicohaxvgc has 30 seconds left.\n|\n|t:|1684165242\n|switch|p2b: Zea|Garchomp, L50, M|100\/100\n|move|p2a: Rocky|Protect|p2a: Rocky\n|-singleturn|p2a: Rocky|Protect\n|move|p1b: Iron Hands|Wild Charge|p2b: Zea\n|-immune|p2b: Zea\n|move|p1a: Farigiraf|Psychic|p2a: Rocky\n|-activate|p2a: Rocky|move: Protect\n|\n|-heal|p2a: Rocky|52\/100|[from] item: Leftovers\n|upkeep\n|turn|4\n|\n|t:|1684165257\n|switch|p2a: AureCorne|Maushold, L50, tera:Ghost|80\/100\n|move|p1b: Iron Hands|Drain Punch|p2b: Zea\n|-damage|p2b: Zea|66\/100\n|-heal|p1b: Iron Hands|38\/100|[from] drain|[of] p2b: Zea\n|-damage|p1b: Iron Hands|25\/100|[from] ability: Rough Skin|[of] p2b: Zea\n|move|p1a: Farigiraf|Psychic|p2a: AureCorne\n|-damage|p2a: AureCorne|39\/100\n|move|p2b: Zea|Rock Slide|p1b: Iron Hands|[spread] p1a,p1b\n|-resisted|p1b: Iron Hands\n|-damage|p1a: Farigiraf|27\/100\n|-damage|p1b: Iron Hands|19\/100\n|\n|upkeep\n|turn|5\n|\n|t:|1684165277\n|move|p2a: AureCorne|Protect|p2a: AureCorne\n|-singleturn|p2a: AureCorne|Protect\n|move|p2b: Zea|Protect|p2b: Zea\n|-singleturn|p2b: Zea|Protect\n|move|p1b: Iron Hands|Wild Charge|p2a: AureCorne\n|-activate|p2a: AureCorne|move: Protect\n|move|p1a: Farigiraf|Dazzling Gleam|p2a: AureCorne|[spread] \n|-activate|p2a: AureCorne|move: Protect\n|-activate|p2b: Zea|move: Protect\n|\n|-fieldend|move: Trick Room\n|upkeep\n|turn|6\n|inactive|Nicohaxvgc has 30 seconds left.\n|\n|t:|1684165305\n|move|p2a: AureCorne|Protect||[still]\n|-fail|p2a: AureCorne\n|move|p2b: Zea|Stomping Tantrum|p1a: Farigiraf\n|-damage|p1a: Farigiraf|0 fnt\n|faint|p1a: Farigiraf\n|move|p1b: Iron Hands|Wild Charge|p2a: AureCorne\n|-damage|p2a: AureCorne|0 fnt\n|faint|p2a: AureCorne\n|-damage|p1b: Iron Hands|13\/100|[from] Recoil\n|\n|upkeep\n|\n|t:|1684165314\n|switch|p2a: Harley|Flutter Mane, L50|100\/100\n|switch|p1a: Arboliva|Arboliva, L50, M|100\/100\n|turn|7\n|\n|t:|1684165331\n|switch|p2b: Rocky|Annihilape, L50, M|52\/100\n|move|p2a: Harley|Dazzling Gleam|p1b: Iron Hands|[spread] p1a,p1b\n|-supereffective|p1b: Iron Hands\n|-damage|p1a: Arboliva|63\/100\n|-damage|p1b: Iron Hands|0 fnt\n|-fieldstart|move: Grassy Terrain|[from] ability: Seed Sower|[of] p1a: Arboliva\n|faint|p1b: Iron Hands\n|-end|p1b: Iron Hands|Quark Drive|[silent]\n|move|p1a: Arboliva|Hyper Voice|p2a: Harley|[spread] \n|-immune|p2a: Harley\n|-immune|p2b: Rocky\n|\n|-heal|p2b: Rocky|59\/100|[from] Grassy Terrain\n|-heal|p2b: Rocky|65\/100|[from] item: Leftovers\n|-heal|p1a: Arboliva|69\/100|[from] Grassy Terrain\n|upkeep\n|\n|t:|1684165346\n|switch|p1b: Camerupt|Camerupt, L50, M|100\/100\n|turn|8\n|\n|t:|1684165354\n|move|p2a: Harley|Dazzling Gleam|p1a: Arboliva|[spread] p1a,p1b\n|-resisted|p1b: Camerupt\n|-crit|p1b: Camerupt\n|-damage|p1a: Arboliva|30\/100\n|-damage|p1b: Camerupt|55\/100\n|move|p2b: Rocky|Drain Punch|p1a: Arboliva\n|-supereffective|p1a: Arboliva\n|-damage|p1a: Arboliva|0 fnt\n|-heal|p2b: Rocky|78\/100|[from] drain|[of] p1a: Arboliva\n|faint|p1a: Arboliva\n|move|p1b: Camerupt|Heat Wave|p2a: Harley|[spread] p2a,p2b\n|-damage|p2a: Harley|64\/100\n|-damage|p2b: Rocky|40\/100\n|-damage|p1b: Camerupt|45\/100|[from] item: Life Orb\n|\n|-heal|p2a: Harley|70\/100|[from] Grassy Terrain\n|-heal|p2b: Rocky|47\/100|[from] Grassy Terrain\n|-heal|p2b: Rocky|53\/100|[from] item: Leftovers\n|-heal|p1b: Camerupt|51\/100|[from] Grassy Terrain\n|upkeep\n|turn|9\n|\n|t:|1684165373\n|move|p2a: Harley|Dazzling Gleam|p1b: Camerupt\n|-resisted|p1b: Camerupt\n|-damage|p1b: Camerupt|13\/100\n|move|p2b: Rocky|Rage Fist|p1b: Camerupt\n|-damage|p1b: Camerupt|0 fnt\n|faint|p1b: Camerupt\n|\n|win|Nicohaxvgc\n|raw|camf's rating: 1307 → 1292<\/strong> (-15 for losing)\n|raw|Nicohaxvgc's rating: 1387 → 1402<\/strong> (+15 for winning)\n|l|\u2606camf\n","uploadtime":1684165400,"views":5,"p1id":"camf","p2id":"nicohaxvgc","formatid":"gen9vgc2023regulationc","rating":1292,"private":0,"password":""}