{"id":"gen9vgc2023regulationc-1849454813","p1":"hancec","p2":"DeathToScarfChiYu","format":"[Gen 9] VGC 2023 Regulation C","log":"|j|\u2606hancec\n|j|\u2606DeathToScarfChiYu\n|t:|1682200378\n|gametype|doubles\n|player|p1|hancec|gentleman-gen4dp|1569\n|player|p2|DeathToScarfChiYu|fennel|1535\n|teamsize|p1|6\n|teamsize|p2|6\n|gen|9\n|tier|[Gen 9] VGC 2023 Regulation C\n|rated|\n|rule|Species Clause: Limit one of each Pok\u00e9mon\n|rule|Item Clause: Limit one of each item\n|clearpoke\n|poke|p1|Ting-Lu, L50|\n|poke|p1|Amoonguss, L50, M|\n|poke|p1|Garganacl, L50, M|\n|poke|p1|Arcanine, L50, F|\n|poke|p1|Roaring Moon, L50|\n|poke|p1|Iron Bundle, L50|\n|poke|p2|Amoonguss, L50, M|\n|poke|p2|Orthworm, L50, M|\n|poke|p2|Gyarados, L50, F|\n|poke|p2|Ting-Lu, L50|\n|poke|p2|Flutter Mane, L50|\n|poke|p2|Dragonite, L50, M|\n|teampreview|4\nhancec has agreed to open team sheets.\nDeathToScarfChiYu has agreed to open team sheets.\n|inactive|Battle timer is ON: inactive players will automatically lose when time's up. (requested by DeathToScarfChiYu)\n|c|\u2606hancec|tera dragon blast dragonite?\n|l|\u2606DeathToScarfChiYu\n|inactive|DeathToScarfChiYu disconnected and has a minute to reconnect!\n|player|p2|\n|\n|t:|1682200461\n|start\n|switch|p1a: Garganacl|Garganacl, L50, M|100\/100\n|switch|p1b: Arcanine|Arcanine, L50, F|100\/100\n|switch|p2a: Gyarados|Gyarados, L50, F|100\/100\n|switch|p2b: Ting-Lu|Ting-Lu, L50|100\/100\n|-ability|p1b: Arcanine|Intimidate|boost\n|-unboost|p2a: Gyarados|atk|1\n|-unboost|p2b: Ting-Lu|atk|1\n|-ability|p2a: Gyarados|Intimidate|boost\n|-unboost|p1a: Garganacl|atk|1\n|-unboost|p1b: Arcanine|atk|1\n|-ability|p2b: Ting-Lu|Vessel of Ruin\n|turn|1\n|j|\u2606DeathToScarfChiYu\n|inactive|DeathToScarfChiYu reconnected and has 50 seconds left.\n|player|p2|DeathToScarfChiYu|fennel\n|inactive|hancec has 30 seconds left.\n|\n|t:|1682200487\n|-terastallize|p1a: Garganacl|Flying\n|move|p1b: Arcanine|Protect|p1b: Arcanine\n|-singleturn|p1b: Arcanine|Protect\n|move|p2a: Gyarados|Taunt|p1b: Arcanine\n|-activate|p1b: Arcanine|move: Protect\n|move|p2b: Ting-Lu|Fissure|p1a: Garganacl\n|-immune|p1a: Garganacl\n|move|p1a: Garganacl|Salt Cure|p2a: Gyarados\n|-supereffective|p2a: Gyarados\n|-damage|p2a: Gyarados|81\/100\n|-start|p2a: Gyarados|Salt Cure\n|\n|-damage|p2a: Gyarados|56\/100|[from] Salt Cure\n|upkeep\n|turn|2\n|\n|t:|1682200509\n|move|p1b: Arcanine|Will-O-Wisp|p2b: Ting-Lu|[miss]\n|-miss|p1b: Arcanine|p2b: Ting-Lu\n|move|p2a: Gyarados|Taunt|p1a: Garganacl\n|-start|p1a: Garganacl|move: Taunt\n|move|p2b: Ting-Lu|Earthquake|p1a: Garganacl|[spread] p1b\n|-immune|p2a: Gyarados\n|-immune|p1a: Garganacl\n|-supereffective|p1b: Arcanine\n|-crit|p1b: Arcanine\n|-damage|p1b: Arcanine|0 fnt\n|faint|p1b: Arcanine\n|cant|p1a: Garganacl|move: Taunt|Stealth Rock\n|\n|-damage|p2a: Gyarados|32\/100|[from] Salt Cure\n|upkeep\n|j| hachiware\n|\n|t:|1682200519\n|switch|p1b: Amoonguss|Amoonguss, L50, M|100\/100\n|turn|3\n|\n|t:|1682200526\n|switch|p2a: Orthworm|Orthworm, L50, M|100\/100\n|move|p1b: Amoonguss|Protect|p1b: Amoonguss\n|-singleturn|p1b: Amoonguss|Protect\n|move|p2b: Ting-Lu|Earthquake|p1a: Garganacl|[spread] \n|-activate|p1b: Amoonguss|move: Protect\n|-immune|p2a: Orthworm|[from] ability: Earth Eater\n|-immune|p1a: Garganacl\n|move|p1a: Garganacl|Salt Cure|p2b: Ting-Lu\n|-resisted|p2b: Ting-Lu\n|-damage|p2b: Ting-Lu|98\/100\n|-start|p2b: Ting-Lu|Salt Cure\n|\n|-damage|p2b: Ting-Lu|86\/100|[from] Salt Cure\n|upkeep\n|turn|4\n|\n|t:|1682200544\n|move|p2b: Ting-Lu|Rock Slide|p1b: Amoonguss|[spread] p1a,p1b\n|-supereffective|p1a: Garganacl\n|-damage|p1a: Garganacl|85\/100\n|-damage|p1b: Amoonguss|92\/100\n|move|p2a: Orthworm|Shed Tail|p2a: Orthworm\n|-start|p2a: Orthworm|Substitute|[from] move: Shed Tail\n|-damage|p2a: Orthworm|50\/100\n|\n|t:|1682200547\n|switch|p2a: Gyarados|Gyarados, L50, F|32\/100|[from] Shed Tail\n|-ability|p2a: Gyarados|Intimidate|boost\n|-unboost|p1a: Garganacl|atk|1\n|-unboost|p1b: Amoonguss|atk|1\n|move|p1a: Garganacl|Salt Cure|p2a: Gyarados\n|-supereffective|p2a: Gyarados\n|-activate|p2a: Gyarados|move: Substitute|[damage]\n|move|p1b: Amoonguss|Spore|p2b: Ting-Lu\n|-status|p2b: Ting-Lu|slp|[from] move: Spore\n|\n|-heal|p1a: Garganacl|91\/100|[from] item: Leftovers\n|-damage|p2b: Ting-Lu|74\/100 slp|[from] Salt Cure\n|-end|p1a: Garganacl|move: Taunt\n|upkeep\n|turn|5\n|inactive|hancec has 30 seconds left.\n|inactive|DeathToScarfChiYu has 30 seconds left.\n|\n|t:|1682200575\n|switch|p2b: Orthworm|Orthworm, L50, M|50\/100\n|switch|p1b: Iron Bundle|Iron Bundle, L50|100\/100\n|move|p2a: Gyarados|Taunt|p1b: Iron Bundle\n|-start|p1b: Iron Bundle|move: Taunt\n|move|p1a: Garganacl|Stealth Rock|p2b: Orthworm\n|-sidestart|p2: DeathToScarfChiYu|move: Stealth Rock\n|\n|-heal|p2b: Orthworm|56\/100|[from] item: Leftovers\n|-heal|p1a: Garganacl|97\/100|[from] item: Leftovers\n|upkeep\n|turn|6\n|\n|t:|1682200591\n|move|p1b: Iron Bundle|Freeze-Dry|p2a: Gyarados\n|-supereffective|p2a: Gyarados\n|-end|p2a: Gyarados|Substitute\n|move|p2a: Gyarados|Thunder Wave|p1b: Iron Bundle\n|-status|p1b: Iron Bundle|par\n|move|p2b: Orthworm|Shed Tail|p2b: Orthworm\n|-start|p2b: Orthworm|Substitute|[from] move: Shed Tail\n|-damage|p2b: Orthworm|6\/100\n|\n|t:|1682200594\n|switch|p2b: Flutter Mane|Flutter Mane, L50|100\/100|[from] Shed Tail\n|-enditem|p2b: Flutter Mane|Booster Energy\n|-activate|p2b: Flutter Mane|ability: Protosynthesis|[fromitem]\n|-start|p2b: Flutter Mane|protosynthesisspa\n|-damage|p2b: Flutter Mane|88\/100|[from] Stealth Rock\n|move|p1a: Garganacl|Salt Cure|p2b: Flutter Mane\n|-activate|p2b: Flutter Mane|move: Substitute|[damage]\n|\n|-heal|p1a: Garganacl|100\/100|[from] item: Leftovers\n|upkeep\n|turn|7\n|inactive|DeathToScarfChiYu has 30 seconds left.\n|\n|t:|1682200627\n|-end|p1b: Iron Bundle|Quark Drive|[silent]\n|switch|p1b: Amoonguss|Amoonguss, L50, M|100\/100\n|-terastallize|p2b: Flutter Mane|Fairy\n|move|p2b: Flutter Mane|Moonblast|p1b: Amoonguss\n|-resisted|p1b: Amoonguss\n|-damage|p1b: Amoonguss|64\/100\n|-unboost|p1b: Amoonguss|spa|1\n|move|p2a: Gyarados|Thunder Wave|p1b: Amoonguss\n|-status|p1b: Amoonguss|par\n|move|p1a: Garganacl|Salt Cure|p2a: Gyarados\n|-supereffective|p2a: Gyarados\n|-crit|p2a: Gyarados\n|-damage|p2a: Gyarados|0 fnt\n|faint|p2a: Gyarados\n|\n|upkeep\n|\n|t:|1682200633\n|switch|p2a: Orthworm|Orthworm, L50, M|6\/100\n|-damage|p2a: Orthworm|0 fnt|[from] Stealth Rock\n|faint|p2a: Orthworm\n|\n|t:|1682200635\n|switch|p2a: Ting-Lu|Ting-Lu, L50|74\/100 slp\n|-damage|p2a: Ting-Lu|68\/100 slp|[from] Stealth Rock\n|-ability|p2a: Ting-Lu|Vessel of Ruin\n|turn|8\n|\n|t:|1682200644\n|move|p2b: Flutter Mane|Moonblast|p1a: Garganacl\n|-damage|p1a: Garganacl|56\/100\n|-unboost|p1a: Garganacl|spa|1\n|cant|p2a: Ting-Lu|slp\n|move|p1a: Garganacl|Salt Cure|p2b: Flutter Mane\n|-activate|p2b: Flutter Mane|move: Substitute|[damage]\n|move|p1b: Amoonguss|Spore||[still]\n|-fail|p1b: Amoonguss\n|\n|-heal|p1a: Garganacl|62\/100|[from] item: Leftovers\n|upkeep\n|turn|9\n|\n|t:|1682200654\n|switch|p1b: Iron Bundle|Iron Bundle, L50|100\/100 par\n|move|p2b: Flutter Mane|Protect|p2b: Flutter Mane\n|-singleturn|p2b: Flutter Mane|Protect\n|cant|p2a: Ting-Lu|slp\n|move|p1a: Garganacl|Salt Cure|p2b: Flutter Mane\n|-activate|p2b: Flutter Mane|move: Protect\n|\n|-heal|p1a: Garganacl|68\/100|[from] item: Leftovers\n|upkeep\n|turn|10\n|\n|t:|1682200666\n|move|p2b: Flutter Mane|Moonblast|p1b: Iron Bundle\n|-enditem|p1b: Iron Bundle|Focus Sash\n|-damage|p1b: Iron Bundle|1\/100 par\n|move|p1b: Iron Bundle|Freeze-Dry|p2b: Flutter Mane\n|-end|p2b: Flutter Mane|Substitute\n|-curestatus|p2a: Ting-Lu|slp|[msg]\n|move|p2a: Ting-Lu|Rock Slide|p1a: Garganacl|[spread] p1a,p1b\n|-supereffective|p1a: Garganacl\n|-supereffective|p1b: Iron Bundle\n|-damage|p1a: Garganacl|43\/100\n|-damage|p1b: Iron Bundle|0 fnt\n|faint|p1b: Iron Bundle\n|-end|p1b: Iron Bundle|Quark Drive|[silent]\n|move|p1a: Garganacl|Salt Cure|p2b: Flutter Mane\n|-damage|p2b: Flutter Mane|77\/100\n|-start|p2b: Flutter Mane|Salt Cure\n|\n|-heal|p1a: Garganacl|49\/100|[from] item: Leftovers\n|-damage|p2b: Flutter Mane|64\/100|[from] Salt Cure\n|upkeep\n|\n|t:|1682200672\n|switch|p1b: Amoonguss|Amoonguss, L50, M|97\/100 par\n|turn|11\n|\n|t:|1682200686\n|move|p1b: Amoonguss|Protect|p1b: Amoonguss\n|-singleturn|p1b: Amoonguss|Protect\n|move|p2b: Flutter Mane|Moonblast|p1a: Garganacl\n|-damage|p1a: Garganacl|7\/100\n|-unboost|p1a: Garganacl|spa|1\n|move|p2a: Ting-Lu|Fissure|p1b: Amoonguss\n|-activate|p1b: Amoonguss|move: Protect\n|move|p1a: Garganacl|Salt Cure|p2a: Ting-Lu\n|-resisted|p2a: Ting-Lu\n|-damage|p2a: Ting-Lu|65\/100\n|-start|p2a: Ting-Lu|Salt Cure\n|\n|-heal|p1a: Garganacl|13\/100|[from] item: Leftovers\n|-damage|p2b: Flutter Mane|52\/100|[from] Salt Cure\n|-damage|p2a: Ting-Lu|53\/100|[from] Salt Cure\n|upkeep\n|turn|12\n|\n|t:|1682200702\n|move|p1a: Garganacl|Protect|p1a: Garganacl\n|-singleturn|p1a: Garganacl|Protect\n|move|p2b: Flutter Mane|Dazzling Gleam|p1a: Garganacl|[spread] p1b\n|-activate|p1a: Garganacl|move: Protect\n|-resisted|p1b: Amoonguss\n|-damage|p1b: Amoonguss|79\/100 par\n|move|p2a: Ting-Lu|Fissure|p1b: Amoonguss|[miss]\n|-miss|p2a: Ting-Lu|p1b: Amoonguss\n|move|p1b: Amoonguss|Spore|p2b: Flutter Mane\n|-status|p2b: Flutter Mane|slp|[from] move: Spore\n|\n|-heal|p1a: Garganacl|18\/100|[from] item: Leftovers\n|-damage|p2b: Flutter Mane|39\/100 slp|[from] Salt Cure\n|-damage|p2a: Ting-Lu|41\/100|[from] Salt Cure\n|upkeep\n|turn|13\n|\n|t:|1682200716\n|cant|p2b: Flutter Mane|slp\n|move|p2a: Ting-Lu|Fissure|p1b: Amoonguss|[miss]\n|-miss|p2a: Ting-Lu|p1b: Amoonguss\n|move|p1a: Garganacl|Recover|p1a: Garganacl\n|-heal|p1a: Garganacl|69\/100\n|cant|p1b: Amoonguss|par\n|\n|-heal|p1a: Garganacl|74\/100|[from] item: Leftovers\n|-damage|p2b: Flutter Mane|27\/100 slp|[from] Salt Cure\n|-damage|p2a: Ting-Lu|29\/100|[from] Salt Cure\n|upkeep\n|turn|14\n|l| hachiware\n|\n|t:|1682200730\n|move|p1b: Amoonguss|Protect|p1b: Amoonguss\n|-singleturn|p1b: Amoonguss|Protect\n|-curestatus|p2b: Flutter Mane|slp|[msg]\n|move|p2b: Flutter Mane|Moonblast|p1a: Garganacl\n|-damage|p1a: Garganacl|34\/100\n|move|p2a: Ting-Lu|Fissure|p1b: Amoonguss\n|-activate|p1b: Amoonguss|move: Protect\n|move|p1a: Garganacl|Salt Cure|p2b: Flutter Mane\n|-damage|p2b: Flutter Mane|16\/100\n|\n|-heal|p1a: Garganacl|40\/100|[from] item: Leftovers\n|-damage|p2b: Flutter Mane|3\/100|[from] Salt Cure\n|-damage|p2a: Ting-Lu|17\/100|[from] Salt Cure\n|upkeep\n|turn|15\n|\n|t:|1682200745\n|move|p1a: Garganacl|Protect|p1a: Garganacl\n|-singleturn|p1a: Garganacl|Protect\n|move|p2b: Flutter Mane|Moonblast|p1a: Garganacl\n|-activate|p1a: Garganacl|move: Protect\n|move|p2a: Ting-Lu|Fissure|p1b: Amoonguss|[miss]\n|-miss|p2a: Ting-Lu|p1b: Amoonguss\n|move|p1b: Amoonguss|Pollen Puff|p2a: Ting-Lu\n|-supereffective|p2a: Ting-Lu\n|-damage|p2a: Ting-Lu|1\/100\n|\n|-heal|p1a: Garganacl|45\/100|[from] item: Leftovers\n|-damage|p2b: Flutter Mane|0 fnt|[from] Salt Cure\n|faint|p2b: Flutter Mane\n|-end|p2b: Flutter Mane|Protosynthesis|[silent]\n|-damage|p2a: Ting-Lu|0 fnt|[from] Salt Cure\n|faint|p2a: Ting-Lu\n|\n|win|hancec\n|upkeep\n|raw|hancec's rating: 1569 → 1587<\/strong> (+18 for winning)\n|raw|DeathToScarfChiYu's rating: 1535 → 1517<\/strong> (-18 for losing)\n|l|\u2606DeathToScarfChiYu\n","uploadtime":1682200765,"views":11,"p1id":"hancec","p2id":"deathtoscarfchiyu","formatid":"gen9vgc2023regulationc","rating":1517,"private":0,"password":""}