{"id":"gen9vgc2023regulationc-1860592887","p1":"PC Printer","p2":"QrdeJegoMac","format":"[Gen 9] VGC 2023 Regulation C","log":"|j|\u2606PC Printer\n|j|\u2606QrdeJegoMac\n|t:|1683657305\n|gametype|doubles\n|player|p1|PC Printer|170|1525\n|player|p2|QrdeJegoMac|265|1529\n|teamsize|p1|6\n|teamsize|p2|6\n|gen|9\n|tier|[Gen 9] VGC 2023 Regulation C\n|rated|\n|rule|Species Clause: Limit one of each Pok\u00e9mon\n|rule|Item Clause: Limit one of each item\n|clearpoke\n|poke|p1|Chi-Yu, L50|\n|poke|p1|Flutter Mane, L50|\n|poke|p1|Gyarados, L50, F|\n|poke|p1|Garganacl, L50, M|\n|poke|p1|Iron Hands, L50|\n|poke|p1|Amoonguss, L50, M|\n|poke|p2|Murkrow, L50, M|\n|poke|p2|Chi-Yu, L50|\n|poke|p2|Flutter Mane, L50|\n|poke|p2|Great Tusk, L50|\n|poke|p2|Chien-Pao, L50|\n|poke|p2|Corviknight, L50, F|\n|teampreview|4\n|inactive|Battle timer is ON: inactive players will automatically lose when time's up. (requested by QrdeJegoMac)\n|inactive|PC Printer has 60 seconds left.\n|\n|t:|1683657350\n|start\n|switch|p1a: Flutter Mane|Flutter Mane, L50|100\/100\n|switch|p1b: Gyarados|Gyarados, L50, F|100\/100\n|switch|p2a: Great Tusk|Great Tusk, L50|100\/100\n|switch|p2b: Murkrow|Murkrow, L50, M, shiny|100\/100\n|-ability|p1b: Gyarados|Intimidate|boost\n|-unboost|p2a: Great Tusk|atk|1\n|-unboost|p2b: Murkrow|atk|1\n|-enditem|p1a: Flutter Mane|Booster Energy\n|-activate|p1a: Flutter Mane|ability: Protosynthesis|[fromitem]\n|-start|p1a: Flutter Mane|protosynthesisspe\n|turn|1\n|inactive|PC Printer has 30 seconds left.\n|inactive|QrdeJegoMac has 30 seconds left.\n|inactive|QrdeJegoMac has 20 seconds left.\n|\n|t:|1683657394\n|-terastallize|p2a: Great Tusk|Steel\n|move|p2b: Murkrow|Haze|p2b: Murkrow\n|-clearallboost\n|move|p1a: Flutter Mane|Moonblast|p2b: Murkrow\n|-supereffective|p2b: Murkrow\n|-damage|p2b: Murkrow|0 fnt\n|faint|p2b: Murkrow\n|move|p2a: Great Tusk|Rock Slide|p1b: Gyarados|[spread] p1a,p1b\n|-supereffective|p1b: Gyarados\n|-damage|p1a: Flutter Mane|65\/100\n|-damage|p1b: Gyarados|63\/100\n|move|p1b: Gyarados|Waterfall|p2a: Great Tusk\n|-damage|p2a: Great Tusk|75\/100\n|\n|upkeep\n|\n|t:|1683657396\n|switch|p2b: Chien-Pao|Chien-Pao, L50|100\/100\n|-ability|p2b: Chien-Pao|Sword of Ruin\n|turn|2\n|\n|t:|1683657413\n|switch|p1b: Garganacl|Garganacl, L50, M|100\/100\n|move|p1a: Flutter Mane|Protect|p1a: Flutter Mane\n|-singleturn|p1a: Flutter Mane|Protect\n|move|p2b: Chien-Pao|Sucker Punch||[still]\n|-fail|p2b: Chien-Pao\n|move|p2a: Great Tusk|Rock Slide|p1a: Flutter Mane|[spread] p1b\n|-activate|p1a: Flutter Mane|move: Protect\n|-damage|p1b: Garganacl|83\/100\n|\n|-heal|p1b: Garganacl|89\/100|[from] item: Leftovers\n|upkeep\n|turn|3\n|\n|t:|1683657430\n|-end|p1a: Flutter Mane|Protosynthesis|[silent]\n|switch|p1a: Iron Hands|Iron Hands, L50|100\/100\n|-end|p2a: Great Tusk|Protosynthesis|[silent]\n|switch|p2a: Flutter Mane|Flutter Mane, L50|100\/100\n|-terastallize|p1b: Garganacl|Water\n|move|p2b: Chien-Pao|Sacred Sword|p1b: Garganacl\n|-damage|p1b: Garganacl|61\/100\n|move|p1b: Garganacl|Salt Cure|p2b: Chien-Pao\n|-supereffective|p2b: Chien-Pao\n|-damage|p2b: Chien-Pao|61\/100\n|-start|p2b: Chien-Pao|Salt Cure\n|\n|-heal|p1b: Garganacl|67\/100|[from] item: Leftovers\n|-damage|p2b: Chien-Pao|49\/100|[from] Salt Cure\n|upkeep\n|turn|4\n|j| JRyan84\n|\n|t:|1683657455\n|switch|p2b: Great Tusk|Great Tusk, L50, tera:Steel|75\/100\n|move|p1a: Iron Hands|Protect|p1a: Iron Hands\n|-singleturn|p1a: Iron Hands|Protect\n|move|p2a: Flutter Mane|Moonblast|p1b: Garganacl\n|-crit|p1b: Garganacl\n|-damage|p1b: Garganacl|0 fnt\n|faint|p1b: Garganacl\n|\n|upkeep\n|j| Therazer456\n|\n|t:|1683657466\n|switch|p1b: Flutter Mane|Flutter Mane, L50|65\/100\n|turn|5\n|\n|t:|1683657479\n|-end|p1a: Iron Hands|Quark Drive|[silent]\n|switch|p1a: Gyarados|Gyarados, L50, F|63\/100\n|-ability|p1a: Gyarados|Intimidate|boost\n|-unboost|p2a: Flutter Mane|atk|1\n|-unboost|p2b: Great Tusk|atk|1\n|move|p2b: Great Tusk|Headlong Rush|p1b: Flutter Mane\n|-damage|p1b: Flutter Mane|0 fnt\n|-unboost|p2b: Great Tusk|def|1\n|-unboost|p2b: Great Tusk|spd|1\n|faint|p1b: Flutter Mane\n|-end|p1b: Flutter Mane|Protosynthesis|[silent]\n|move|p2a: Flutter Mane|Moonblast|p1a: Gyarados\n|-damage|p1a: Gyarados|0 fnt\n|faint|p1a: Gyarados\n|\n|upkeep\n|-message|PC Printer forfeited.\n|\n|win|QrdeJegoMac\n|raw|PC Printer's rating: 1525 → 1505<\/strong> (-20 for losing)\n|raw|QrdeJegoMac's rating: 1529 → 1549<\/strong> (+20 for winning)\n|l|\u2606PC Printer\n|l| Therazer456\n","uploadtime":1683657493,"views":14,"p1id":"pcprinter","p2id":"qrdejegomac","formatid":"gen9vgc2023regulationc","rating":1505,"private":0,"password":""}