{"id":"gen9vgc2023regulationc-1860801184","p1":"idolhunter28273","p2":"aclassiccape","format":"[Gen 9] VGC 2023 Regulation C","log":"|j|\u2606idolhunter28273\n|j|\u2606aclassiccape\n|t:|1683679531\n|gametype|doubles\n|player|p1|idolhunter28273|265|1283\n|player|p2|aclassiccape|170|1226\n|teamsize|p1|6\n|teamsize|p2|6\n|gen|9\n|tier|[Gen 9] VGC 2023 Regulation C\n|rated|\n|rule|Species Clause: Limit one of each Pok\u00e9mon\n|rule|Item Clause: Limit one of each item\n|clearpoke\n|poke|p1|Murkrow, L50, M|\n|poke|p1|Flutter Mane, L50|\n|poke|p1|Great Tusk, L50|\n|poke|p1|Chi-Yu, L50|\n|poke|p1|Gyarados, L50, F|\n|poke|p1|Brute Bonnet, L50|\n|poke|p2|Hatterene, L50, F|\n|poke|p2|Corviknight, L50, F|\n|poke|p2|Farigiraf, L50, F|\n|poke|p2|Torkoal, L50, M|\n|poke|p2|Brute Bonnet, L50|\n|poke|p2|Palafin, L50, F|\n|teampreview|4\n|inactive|Battle timer is ON: inactive players will automatically lose when time's up. (requested by aclassiccape)\nidolhunter28273 has agreed to open team sheets.\naclassiccape has agreed to open team sheets.\n|\n|t:|1683679561\n|start\n|switch|p1a: Gyarados|Gyarados, L50, F|100\/100\n|switch|p1b: Great Tusk|Great Tusk, L50|100\/100\n|switch|p2a: Hatterene|Hatterene, L50, F, shiny|100\/100\n|switch|p2b: Palafin|Palafin, L50, F|100\/100\n|-ability|p1a: Gyarados|Intimidate|boost\n|-unboost|p2a: Hatterene|atk|1\n|-unboost|p2b: Palafin|atk|1\n|turn|1\n|\n|t:|1683679581\n|detailschange|p2b: Palafin|Palafin-Hero, L50, F\n|switch|p2b: Corviknight|Corviknight, L50, F, shiny|100\/100\n|move|p1b: Great Tusk|Headlong Rush|p2a: Hatterene\n|-damage|p2a: Hatterene|16\/100\n|-unboost|p1b: Great Tusk|def|1\n|-unboost|p1b: Great Tusk|spd|1\n|move|p1a: Gyarados|Waterfall|p2a: Hatterene\n|-damage|p2a: Hatterene|0 fnt\n|faint|p2a: Hatterene\n|\n|upkeep\n|\n|t:|1683679589\n|switch|p2a: Palafin|Palafin-Hero, L50, F|100\/100\n|-activate|p2a: Palafin|ability: Zero to Hero\n|turn|2\n|\n|t:|1683679600\n|-end|p1b: Great Tusk|Protosynthesis|[silent]\n|switch|p1b: Flutter Mane|Flutter Mane, L50|100\/100\n|-terastallize|p2a: Palafin|Water\n|move|p1a: Gyarados|Thunder Wave|p2a: Palafin\n|-status|p2a: Palafin|par\n|move|p2b: Corviknight|Brave Bird|p1a: Gyarados\n|-damage|p1a: Gyarados|0 fnt\n|faint|p1a: Gyarados\n|-damage|p2b: Corviknight|73\/100|[from] Recoil\n|move|p2a: Palafin|Wave Crash|p1b: Flutter Mane\n|-damage|p1b: Flutter Mane|0 fnt\n|faint|p1b: Flutter Mane\n|-end|p1b: Flutter Mane|Protosynthesis|[silent]\n|-damage|p2a: Palafin|76\/100 par|[from] Recoil\n|\n|upkeep\n|\n|t:|1683679612\n|switch|p1b: Great Tusk|Great Tusk, L50|100\/100\n|switch|p1a: Chi-Yu|Chi-Yu, L50|100\/100\n|-ability|p1a: Chi-Yu|Beads of Ruin\n|turn|3\n|inactive|aclassiccape has 30 seconds left.\n|\n|t:|1683679642\n|-terastallize|p1a: Chi-Yu|Grass\n|cant|p2a: Palafin|par\n|move|p1b: Great Tusk|Close Combat|p2a: Palafin\n|-damage|p2a: Palafin|11\/100 par\n|-unboost|p1b: Great Tusk|def|1\n|-unboost|p1b: Great Tusk|spd|1\n|move|p1a: Chi-Yu|Flamethrower|p2b: Corviknight\n|-supereffective|p2b: Corviknight\n|-damage|p2b: Corviknight|0 fnt\n|faint|p2b: Corviknight\n|\n|upkeep\n|\n|t:|1683679649\n|switch|p2b: Torkoal|Torkoal, L50, M|100\/100\n|-weather|SunnyDay|[from] ability: Drought|[of] p2b: Torkoal\n|-activate|p1b: Great Tusk|ability: Protosynthesis\n|-start|p1b: Great Tusk|protosynthesisatk\n|turn|4\n|\n|t:|1683679658\n|move|p2a: Palafin|Jet Punch|p1b: Great Tusk\n|-supereffective|p1b: Great Tusk\n|-damage|p1b: Great Tusk|42\/100\n|move|p1b: Great Tusk|Close Combat|p2b: Torkoal\n|-damage|p2b: Torkoal|29\/100\n|-unboost|p1b: Great Tusk|def|1\n|-unboost|p1b: Great Tusk|spd|1\n|move|p1a: Chi-Yu|Tera Blast|p2a: Palafin\n|-supereffective|p2a: Palafin\n|-damage|p2a: Palafin|0 fnt\n|faint|p2a: Palafin\n|move|p2b: Torkoal|Heat Wave|p1a: Chi-Yu|[spread] p1a,p1b\n|-supereffective|p1a: Chi-Yu\n|-enditem|p1a: Chi-Yu|Focus Sash\n|-damage|p1a: Chi-Yu|1\/100\n|-damage|p1b: Great Tusk|0 fnt\n|faint|p1b: Great Tusk\n|-end|p1b: Great Tusk|Protosynthesis|[silent]\n|\n|-weather|SunnyDay|[upkeep]\n|upkeep\n|turn|5\n|\n|t:|1683679669\n|move|p1a: Chi-Yu|Dark Pulse|p2b: Torkoal\n|-damage|p2b: Torkoal|0 fnt\n|faint|p2b: Torkoal\n|\n|win|idolhunter28273\n|raw|idolhunter28273's rating: 1283 → 1304<\/strong> (+21 for winning)\n|raw|aclassiccape's rating: 1226 → 1205<\/strong> (-21 for losing)\n|l|\u2606aclassiccape\n","uploadtime":1683679675,"views":16,"p1id":"idolhunter28273","p2id":"aclassiccape","formatid":"gen9vgc2023regulationc","rating":1205,"private":0,"password":""}