{"id":"gen9vgc2023regulationc-1848270211","p1":"Rhyfinn19","p2":"114514RAKKY\u4e0d\u5e26\u888b\u6d63\u718a","format":"[Gen 9] VGC 2023 Regulation C","log":"|j|\u2606Rhyfinn19\n|j|\u2606114514RAKKY\u4e0d\u5e26\u888b\u6d63\u718a\n|t:|1682051110\n|gametype|doubles\n|player|p1|Rhyfinn19|ninjaboy|1088\n|player|p2|114514RAKKY\u4e0d\u5e26\u888b\u6d63\u718a|roxie|1094\n|teamsize|p1|6\n|teamsize|p2|6\n|gen|9\n|tier|[Gen 9] VGC 2023 Regulation C\n|rated|\n|rule|Species Clause: Limit one of each Pok\u00e9mon\n|rule|Item Clause: Limit one of each item\n|clearpoke\n|poke|p1|Flutter Mane, L50|\n|poke|p1|Chi-Yu, L50|\n|poke|p1|Annihilape, L50, M|\n|poke|p1|Murkrow, L50, M|\n|poke|p1|Arcanine, L50, F|\n|poke|p1|Amoonguss, L50, M|\n|poke|p2|Palafin, L50, M|\n|poke|p2|Flutter Mane, L50|\n|poke|p2|Ceruledge, L50, F|\n|poke|p2|Amoonguss, L50, F|\n|poke|p2|Roaring Moon, L50|\n|poke|p2|Grimmsnarl, L50, M|\n|teampreview|4\n|inactive|Battle timer is ON: inactive players will automatically lose when time's up. (requested by Rhyfinn19)\n|inactive|Rhyfinn19 has 60 seconds left.\n|\n|t:|1682051148\n|start\n|switch|p1a: A Bad Hair Day|Flutter Mane, L50|100\/100\n|switch|p1b: \u91d1\u9b5a|Chi-Yu, L50|100\/100\n|switch|p2a: Ceruledge|Ceruledge, L50, F|100\/100\n|switch|p2b: Palafin|Palafin, L50, M|100\/100\n|-ability|p1b: \u91d1\u9b5a|Beads of Ruin\n|-enditem|p1a: A Bad Hair Day|Booster Energy\n|-activate|p1a: A Bad Hair Day|ability: Protosynthesis|[fromitem]\n|-start|p1a: A Bad Hair Day|protosynthesisspa\n|turn|1\n|\n|t:|1682051163\n|detailschange|p2b: Palafin|Palafin-Hero, L50, M\n|switch|p2b: Grimmsnarl|Grimmsnarl, L50, M|100\/100\n|-terastallize|p1a: A Bad Hair Day|Fairy\n|-terastallize|p2a: Ceruledge|Grass\n|move|p2a: Ceruledge|Shadow Sneak|p1a: A Bad Hair Day\n|-damage|p1a: A Bad Hair Day|63\/100\n|move|p1a: A Bad Hair Day|Dazzling Gleam|p2b: Grimmsnarl|[spread] p2a,p2b\n|-supereffective|p2b: Grimmsnarl\n|-damage|p2a: Ceruledge|15\/100\n|-damage|p2b: Grimmsnarl|0 fnt\n|faint|p2b: Grimmsnarl\n|move|p1b: \u91d1\u9b5a|Dark Pulse|p2a: Ceruledge\n|-damage|p2a: Ceruledge|0 fnt\n|faint|p2a: Ceruledge\n|-damage|p1b: \u91d1\u9b5a|90\/100|[from] item: Life Orb\n|\n|upkeep\n|\n|t:|1682051177\n|switch|p2a: Palafin|Palafin-Hero, L50, M|100\/100\n|switch|p2b: Flutter Mane|Flutter Mane, L50|100\/100\n|-activate|p2a: Palafin|ability: Zero to Hero\n|turn|2\n|inactive|Rhyfinn19 has 30 seconds left.\n|\n|t:|1682051203\n|move|p1b: \u91d1\u9b5a|Protect|p1b: \u91d1\u9b5a\n|-singleturn|p1b: \u91d1\u9b5a|Protect\n|move|p2a: Palafin|Jet Punch|p1b: \u91d1\u9b5a\n|-activate|p1b: \u91d1\u9b5a|move: Protect\n|move|p2b: Flutter Mane|Dazzling Gleam|p1a: A Bad Hair Day|[spread] p1a\n|-activate|p1b: \u91d1\u9b5a|move: Protect\n|-damage|p1a: A Bad Hair Day|19\/100\n|move|p1a: A Bad Hair Day|Dazzling Gleam|p2b: Flutter Mane|[spread] p2a,p2b\n|-damage|p2a: Palafin|20\/100\n|-damage|p2b: Flutter Mane|40\/100\n|\n|-heal|p2a: Palafin|26\/100|[from] item: Leftovers\n|upkeep\n|turn|3\n|inactive|Rhyfinn19 has 30 seconds left.\n|inactive|Rhyfinn19 has 20 seconds left.\n|inactive|Rhyfinn19 has 15 seconds left.\n|inactive|Rhyfinn19 has 10 seconds left.\n|\n|t:|1682051251\n|-end|p1a: A Bad Hair Day|Protosynthesis|[silent]\n|switch|p1a: Bork|Arcanine, L50, F|100\/100\n|-ability|p1a: Bork|Intimidate|boost\n|-unboost|p2a: Palafin|atk|1\n|-unboost|p2b: Flutter Mane|atk|1\n|switch|p1b: Amoonguss|Amoonguss, L50, M|100\/100\n|move|p2a: Palafin|Jet Punch|p1b: Amoonguss\n|-resisted|p1b: Amoonguss\n|-damage|p1b: Amoonguss|91\/100\n|move|p2b: Flutter Mane|Dazzling Gleam|p1a: Bork|[spread] p1a,p1b\n|-resisted|p1a: Bork\n|-resisted|p1b: Amoonguss\n|-damage|p1a: Bork|90\/100\n|-damage|p1b: Amoonguss|76\/100\n|\n|-heal|p2a: Palafin|32\/100|[from] item: Leftovers\n|-heal|p1b: Amoonguss|82\/100|[from] item: Leftovers\n|upkeep\n|turn|4\n|\n|t:|1682051267\n|move|p1b: Amoonguss|Rage Powder|p1b: Amoonguss\n|-singleturn|p1b: Amoonguss|move: Rage Powder\n|move|p2b: Flutter Mane|Icy Wind|p1b: Amoonguss|[spread] p1b\n|-miss|p2b: Flutter Mane|p1a: Bork\n|-supereffective|p1b: Amoonguss\n|-damage|p1b: Amoonguss|58\/100\n|-unboost|p1b: Amoonguss|spe|1\n|move|p2a: Palafin|Bounce||[still]\n|-prepare|p2a: Palafin|Bounce\n|move|p1a: Bork|Will-O-Wisp|p2a: Palafin|[miss]\n|-miss|p1a: Bork|p2a: Palafin\n|\n|-heal|p2a: Palafin|38\/100|[from] item: Leftovers\n|-heal|p1b: Amoonguss|63\/100|[from] item: Leftovers\n|upkeep\n|turn|5\n|\n|t:|1682051289\n|move|p2b: Flutter Mane|Mystical Fire|p1b: Amoonguss\n|-supereffective|p1b: Amoonguss\n|-damage|p1b: Amoonguss|15\/100\n|-unboost|p1b: Amoonguss|spa|1\n|move|p2a: Palafin|Bounce|p1b: Amoonguss|[from]lockedmove\n|-supereffective|p1b: Amoonguss\n|-damage|p1b: Amoonguss|0 fnt\n|faint|p1b: Amoonguss\n|move|p1a: Bork|Will-O-Wisp|p2a: Palafin\n|-status|p2a: Palafin|brn\n|\n|-heal|p2a: Palafin|44\/100 brn|[from] item: Leftovers\n|-damage|p2a: Palafin|38\/100 brn|[from] brn\n|upkeep\n|\n|t:|1682051305\n|switch|p1b: \u91d1\u9b5a|Chi-Yu, L50|90\/100\n|-ability|p1b: \u91d1\u9b5a|Beads of Ruin\n|turn|6\n|\n|t:|1682051314\n|move|p1b: \u91d1\u9b5a|Protect|p1b: \u91d1\u9b5a\n|-singleturn|p1b: \u91d1\u9b5a|Protect\n|move|p2a: Palafin|Jet Punch|p1b: \u91d1\u9b5a\n|-activate|p1b: \u91d1\u9b5a|move: Protect\n|move|p2b: Flutter Mane|Dazzling Gleam|p1b: \u91d1\u9b5a|[spread] p1a\n|-activate|p1b: \u91d1\u9b5a|move: Protect\n|-resisted|p1a: Bork\n|-damage|p1a: Bork|75\/100\n|move|p1a: Bork|Flare Blitz|p2b: Flutter Mane\n|-damage|p2b: Flutter Mane|0 fnt\n|faint|p2b: Flutter Mane\n|-end|p2b: Flutter Mane|Protosynthesis|[silent]\n|-damage|p1a: Bork|66\/100|[from] Recoil\n|\n|-heal|p2a: Palafin|44\/100 brn|[from] item: Leftovers\n|-damage|p2a: Palafin|38\/100 brn|[from] brn\n|upkeep\n|turn|7\n|\n|t:|1682051339\n|move|p2a: Palafin|Jet Punch|p1b: \u91d1\u9b5a\n|-supereffective|p1b: \u91d1\u9b5a\n|-damage|p1b: \u91d1\u9b5a|48\/100\n|move|p1b: \u91d1\u9b5a|Dark Pulse|p2a: Palafin\n|-damage|p2a: Palafin|0 fnt\n|faint|p2a: Palafin\n|-damage|p1b: \u91d1\u9b5a|38\/100|[from] item: Life Orb\n|\n|win|Rhyfinn19\n|raw|Rhyfinn19's rating: 1088 → 1115<\/strong> (+27 for winning)\n|raw|114514RAKKY\u4e0d\u5e26\u888b\u6d63\u718a's rating: 1094 → 1069<\/strong> (-25 for losing)\n|l|\u2606114514RAKKY\u4e0d\u5e26\u888b\u6d63\u718a\n","uploadtime":1682051348,"views":14,"p1id":"rhyfinn19","p2id":"114514rakky","formatid":"gen9vgc2023regulationc","rating":1069,"private":0,"password":""}