{"id":"gen9vgc2023regulationc-1848475010","p1":"Teo84","p2":"gholdjunge","format":"[Gen 9] VGC 2023 Regulation C","log":"|j|\u2606Teo84\n|j|\u2606gholdjunge\n|t:|1682082374\n|gametype|doubles\n|player|p1|Teo84|1|1444\n|player|p2|gholdjunge|youngster-gen2|1492\n|teamsize|p1|6\n|teamsize|p2|6\n|gen|9\n|tier|[Gen 9] VGC 2023 Regulation C\n|rated|\n|rule|Species Clause: Limit one of each Pok\u00e9mon\n|rule|Item Clause: Limit one of each item\n|clearpoke\n|poke|p1|Volcarona, L50, M|\n|poke|p1|Gyarados, L50, M|\n|poke|p1|Kingambit, L50, M|\n|poke|p1|Flutter Mane, L50|\n|poke|p1|Amoonguss, L50, F|\n|poke|p1|Gastrodon, L50, F|\n|poke|p2|Azumarill, L50, F|\n|poke|p2|Pelipper, L50, M|\n|poke|p2|Chien-Pao, L50|\n|poke|p2|Amoonguss, L50, M|\n|poke|p2|Iron Hands, L50|\n|poke|p2|Flutter Mane, L50|\n|teampreview|4\n|j| Braindeadmeta\nTeo84 has agreed to open team sheets.\n|\n|t:|1682082453\n|start\n|switch|p1a: Kingambit|Kingambit, L50, M|100\/100\n|switch|p1b: Gyarados|Gyarados, L50, M|100\/100\n|switch|p2a: Flutter Mane|Flutter Mane, L50|100\/100\n|switch|p2b: Azumarill|Azumarill, L50, F|100\/100\n|-ability|p1b: Gyarados|Intimidate|boost\n|-unboost|p2a: Flutter Mane|atk|1\n|-unboost|p2b: Azumarill|atk|1\n|turn|1\n|\n|t:|1682082485\n|switch|p2b: Pelipper|Pelipper, L50, M|100\/100\n|-weather|RainDance|[from] ability: Drizzle|[of] p2b: Pelipper\n|-terastallize|p2a: Flutter Mane|Water\n|-terastallize|p1a: Kingambit|Water\n|move|p2a: Flutter Mane|Thunder|p1b: Gyarados\n|-supereffective|p1b: Gyarados\n|-damage|p1b: Gyarados|0 fnt\n|faint|p1b: Gyarados\n|move|p1a: Kingambit|Iron Head|p2b: Pelipper\n|-resisted|p2b: Pelipper\n|-damage|p2b: Pelipper|76\/100\n|\n|-weather|RainDance|[upkeep]\n|upkeep\n|\n|t:|1682082498\n|switch|p1b: Amoagus|Amoonguss, L50, F, shiny|100\/100\n|turn|2\n|\n|t:|1682082532\n|switch|p2b: Iron Hands|Iron Hands, L50|100\/100\n|move|p1a: Kingambit|Sucker Punch||[still]\n|-fail|p1a: Kingambit\n|move|p2a: Flutter Mane|Thunder|p1a: Kingambit\n|-supereffective|p1a: Kingambit\n|-damage|p1a: Kingambit|34\/100\n|move|p1b: Amoagus|Spore|p2a: Flutter Mane\n|-status|p2a: Flutter Mane|slp|[from] move: Spore\n|\n|-weather|RainDance|[upkeep]\n|upkeep\n|turn|3\n|\n|t:|1682082556\n|switch|p1a: Gastrodon|Gastrodon, L50, F|100\/100\n|cant|p2a: Flutter Mane|slp\n|move|p2b: Iron Hands|Wild Charge|p1a: Gastrodon\n|-immune|p1a: Gastrodon\n|move|p1b: Amoagus|Spore|p2b: Iron Hands\n|-activate|p2b: Iron Hands|item: Safety Goggles|Spore\n|\n|-weather|RainDance|[upkeep]\n|upkeep\n|turn|4\n|\n|t:|1682082584\n|switch|p1b: Kingambit|Kingambit, L50, M, tera:Water|34\/100\n|-curestatus|p2a: Flutter Mane|slp|[msg]\n|move|p2a: Flutter Mane|Thunder|p1b: Kingambit\n|-supereffective|p1b: Kingambit\n|-damage|p1b: Kingambit|0 fnt\n|faint|p1b: Kingambit\n|move|p2b: Iron Hands|Swords Dance|p2b: Iron Hands\n|-boost|p2b: Iron Hands|atk|2\n|move|p1a: Gastrodon|Earth Power|p2b: Iron Hands\n|-supereffective|p2b: Iron Hands\n|-damage|p2b: Iron Hands|51\/100\n|\n|-weather|RainDance|[upkeep]\n|upkeep\n|l| Braindeadmeta\n|\n|t:|1682082593\n|switch|p1b: Amoagus|Amoonguss, L50, F, shiny|100\/100\n|turn|5\n|\n|t:|1682082602\n|-end|p2a: Flutter Mane|Protosynthesis|[silent]\n|switch|p2a: Pelipper|Pelipper, L50, M|76\/100\n|move|p2b: Iron Hands|Drain Punch|p1a: Gastrodon\n|-damage|p1a: Gastrodon|17\/100\n|-heal|p2b: Iron Hands|88\/100|[from] drain|[of] p1a: Gastrodon\n|move|p1a: Gastrodon|Earth Power|p2b: Iron Hands\n|-supereffective|p2b: Iron Hands\n|-damage|p2b: Iron Hands|36\/100\n|move|p1b: Amoagus|Spore|p2a: Pelipper\n|-status|p2a: Pelipper|slp|[from] move: Spore\n|\n|-weather|none\n|-heal|p1a: Gastrodon|22\/100|[from] item: Leftovers\n|upkeep\n|turn|6\n|\n|t:|1682082616\n|move|p1b: Amoagus|Rage Powder|p1b: Amoagus\n|-singleturn|p1b: Amoagus|move: Rage Powder\n|cant|p2a: Pelipper|slp\n|move|p2b: Iron Hands|Drain Punch|p1a: Gastrodon\n|-damage|p1a: Gastrodon|0 fnt\n|-heal|p2b: Iron Hands|46\/100|[from] drain|[of] p1a: Gastrodon\n|faint|p1a: Gastrodon\n|\n|upkeep\n|turn|7\n|-message|Teo84 forfeited.\n|\n|win|gholdjunge\n|raw|Teo84's rating: 1444 → 1427<\/strong> (-17 for losing)\n|raw|gholdjunge's rating: 1492 → 1509<\/strong> (+17 for winning)\n|l|\u2606Teo84\n","uploadtime":1682082633,"views":17,"p1id":"teo84","p2id":"gholdjunge","formatid":"gen9vgc2023regulationc","rating":1427,"private":0,"password":""}