{"id":"gen9vgc2023regulationc-1863594387","p1":"revocolombia","p2":"TheAlmightySo","format":"[Gen 9] VGC 2023 Regulation C","log":"|j|\u2606revocolombia\n|j|\u2606TheAlmightySo\n|t:|1684039886\n|gametype|doubles\n|player|p1|revocolombia|pokemonranger-gen4|1401\n|player|p2|TheAlmightySo|101|1300\n|teamsize|p1|6\n|teamsize|p2|6\n|gen|9\n|tier|[Gen 9] VGC 2023 Regulation C\n|rated|\n|rule|Species Clause: Limit one of each Pok\u00e9mon\n|rule|Item Clause: Limit one of each item\n|clearpoke\n|poke|p1|Flutter Mane, L50|\n|poke|p1|Annihilape, L50, F|\n|poke|p1|Dragonite, L50, M|\n|poke|p1|Chien-Pao, L50|\n|poke|p1|Murkrow, L50, M|\n|poke|p1|Gholdengo, L50|\n|poke|p2|Flutter Mane, L50|\n|poke|p2|Orthworm, L50, M|\n|poke|p2|Ting-Lu, L50|\n|poke|p2|Dragonite, L50, F|\n|poke|p2|Gyarados, L50, F|\n|poke|p2|Chien-Pao, L50|\n|teampreview|4\n|\n|t:|1684039913\n|start\n|switch|p1a: Dragonite|Dragonite, L50, M|100\/100\n|switch|p1b: Chien-Pao|Chien-Pao, L50|100\/100\n|switch|p2a: Orthworm|Orthworm, L50, M|100\/100\n|switch|p2b: Ting-Lu|Ting-Lu, L50|100\/100\n|-ability|p1b: Chien-Pao|Sword of Ruin\n|-ability|p2b: Ting-Lu|Vessel of Ruin\n|turn|1\n|\n|t:|1684039927\n|move|p1b: Chien-Pao|Sacred Sword|p2a: Orthworm\n|-supereffective|p2a: Orthworm\n|-damage|p2a: Orthworm|40\/100\n|-enditem|p2a: Orthworm|Sitrus Berry|[eat]\n|-heal|p2a: Orthworm|65\/100|[from] item: Sitrus Berry\n|move|p1a: Dragonite|Low Kick|p2a: Orthworm\n|-supereffective|p2a: Orthworm\n|-damage|p2a: Orthworm|0 fnt\n|faint|p2a: Orthworm\n|move|p2b: Ting-Lu|Rock Slide|p1a: Dragonite|[spread] p1b\n|-miss|p2b: Ting-Lu|p1a: Dragonite\n|-supereffective|p1b: Chien-Pao\n|-damage|p1b: Chien-Pao|35\/100\n|\n|upkeep\n|\n|t:|1684039940\n|switch|p2a: Gyarados|Gyarados, L50, F|100\/100\n|-ability|p2a: Gyarados|Intimidate|boost\n|-unboost|p1a: Dragonite|atk|1\n|-unboost|p1b: Chien-Pao|atk|1\n|turn|2\n|\n|t:|1684039949\n|move|p1b: Chien-Pao|Ice Spinner|p2b: Ting-Lu\n|-supereffective|p2b: Ting-Lu\n|-damage|p2b: Ting-Lu|53\/100\n|move|p2a: Gyarados|Thunder Wave|p1a: Dragonite\n|-status|p1a: Dragonite|par\n|-enditem|p1a: Dragonite|Lum Berry|[eat]\n|-curestatus|p1a: Dragonite|par|[msg]\n|move|p1a: Dragonite|Dragon Dance|p1a: Dragonite\n|-boost|p1a: Dragonite|atk|1\n|-boost|p1a: Dragonite|spe|1\n|move|p2b: Ting-Lu|Rock Slide|p1a: Dragonite|[spread] p1a,p1b\n|-supereffective|p1a: Dragonite\n|-supereffective|p1b: Chien-Pao\n|-damage|p1a: Dragonite|62\/100\n|-damage|p1b: Chien-Pao|0 fnt\n|faint|p1b: Chien-Pao\n|\n|upkeep\n|\n|t:|1684039969\n|switch|p1b: Murkrow|Murkrow, L50, M|100\/100\n|turn|3\n|\n|t:|1684039976\n|move|p1b: Murkrow|Taunt|p2a: Gyarados\n|-start|p2a: Gyarados|move: Taunt\n|move|p1a: Dragonite|Low Kick|p2b: Ting-Lu\n|-supereffective|p2b: Ting-Lu\n|-damage|p2b: Ting-Lu|0 fnt\n|faint|p2b: Ting-Lu\n|cant|p2a: Gyarados|move: Taunt|Thunder Wave\n|\n|upkeep\n|\n|t:|1684039981\n|switch|p2b: Dragonite|Dragonite, L50, F|100\/100\n|turn|4\n|\n|t:|1684039996\n|-terastallize|p2b: Dragonite|Flying\n|move|p1b: Murkrow|Tailwind|p1b: Murkrow\n|-sidestart|p1: revocolombia|move: Tailwind\n|move|p1a: Dragonite|Thunder Punch|p2a: Gyarados\n|-supereffective|p2a: Gyarados\n|-damage|p2a: Gyarados|0 fnt\n|faint|p2a: Gyarados\n|move|p2b: Dragonite|Tera Blast|p1a: Dragonite\n|-damage|p1a: Dragonite|4\/100\n|\n|upkeep\n|turn|5\n|\n|t:|1684040010\n|move|p1a: Dragonite|Extreme Speed|p2b: Dragonite\n|-damage|p2b: Dragonite|84\/100\n|move|p2b: Dragonite|Extreme Speed|p1a: Dragonite\n|-damage|p1a: Dragonite|0 fnt\n|faint|p1a: Dragonite\n|move|p1b: Murkrow|Foul Play|p2b: Dragonite\n|-damage|p2b: Dragonite|29\/100\n|\n|upkeep\n|\n|t:|1684040022\n|switch|p1a: Annihilape|Annihilape, L50, F, shiny|100\/100\n|turn|6\n|\n|t:|1684040033\n|move|p1a: Annihilape|Rage Fist|p2b: Dragonite\n|-damage|p2b: Dragonite|3\/100\n|move|p1b: Murkrow|Foul Play|p2b: Dragonite\n|-damage|p2b: Dragonite|0 fnt\n|faint|p2b: Dragonite\n|\n|win|revocolombia\n|raw|revocolombia's rating: 1401 → 1415<\/strong> (+14 for winning)\n|raw|TheAlmightySo's rating: 1300 → 1282<\/strong> (-18 for losing)\n|l|\u2606TheAlmightySo\n","uploadtime":1684040050,"views":13,"p1id":"revocolombia","p2id":"thealmightyso","formatid":"gen9vgc2023regulationc","rating":1282,"private":0,"password":""}