{"id":"gen9vgc2023regulationc-1864092576","p1":"tatsuwin","p2":"Sukiyaki Eater","format":"[Gen 9] VGC 2023 Regulation C","log":"|j|\u2606tatsuwin\n|j|\u2606Sukiyaki Eater\n|t:|1684116305\n|gametype|doubles\n|player|p1|tatsuwin|266|1340\n|player|p2|Sukiyaki Eater|2|1402\n|teamsize|p1|6\n|teamsize|p2|6\n|gen|9\n|tier|[Gen 9] VGC 2023 Regulation C\n|rated|\n|rule|Species Clause: Limit one of each Pok\u00e9mon\n|rule|Item Clause: Limit one of each item\n|clearpoke\n|poke|p1|Iron Hands, L50|\n|poke|p1|Gyarados, L50, M|\n|poke|p1|Amoonguss, L50, F|\n|poke|p1|Ting-Lu, L50|\n|poke|p1|Chi-Yu, L50|\n|poke|p1|Flutter Mane, L50|\n|poke|p2|Iron Bundle, L50|\n|poke|p2|Iron Hands, L50|\n|poke|p2|Flutter Mane, L50|\n|poke|p2|Baxcalibur, L50, F|\n|poke|p2|Arcanine, L50, M|\n|poke|p2|Garganacl, L50, M|\n|teampreview|4\ntatsuwin has agreed to open team sheets.\nSukiyaki Eater has agreed to open team sheets.\n|inactive|Battle timer is ON: inactive players will automatically lose when time's up. (requested by tatsuwin)\n|inactive|tatsuwin has 60 seconds left.\n|inactive|Sukiyaki Eater has 60 seconds left.\n|inactive|tatsuwin has 30 seconds left.\n|inactive|tatsuwin has 20 seconds left.\n|inactive|tatsuwin has 15 seconds left.\n|\n|t:|1684116389\n|start\n|switch|p1a: Iron Hands|Iron Hands, L50|100\/100\n|switch|p1b: Chi-Yu|Chi-Yu, L50|100\/100\n|switch|p2a: Iron Hands|Iron Hands, L50|100\/100\n|switch|p2b: Arcanine|Arcanine, L50, M|100\/100\n|-ability|p2b: Arcanine|Intimidate|boost\n|-unboost|p1a: Iron Hands|atk|1\n|-unboost|p1b: Chi-Yu|atk|1\n|-ability|p1b: Chi-Yu|Beads of Ruin\n|turn|1\n|inactive|tatsuwin has 30 seconds left.\n|\n|t:|1684116416\n|move|p1a: Iron Hands|Fake Out|p2a: Iron Hands\n|-damage|p2a: Iron Hands|94\/100\n|move|p2b: Arcanine|Will-O-Wisp|p1a: Iron Hands\n|-status|p1a: Iron Hands|brn\n|move|p1b: Chi-Yu|Nasty Plot|p1b: Chi-Yu\n|-boost|p1b: Chi-Yu|spa|2\n|cant|p2a: Iron Hands|flinch\n|\n|-damage|p1a: Iron Hands|95\/100 brn|[from] brn\n|upkeep\n|turn|2\n|inactive|tatsuwin has 30 seconds left.\n|\n|t:|1684116442\n|-end|p1a: Iron Hands|Quark Drive|[silent]\n|switch|p1a: Gyarados|Gyarados, L50, M|100\/100\n|-ability|p1a: Gyarados|Intimidate|boost\n|-unboost|p2a: Iron Hands|atk|1\n|-unboost|p2b: Arcanine|atk|1\n|move|p1b: Chi-Yu|Protect|p1b: Chi-Yu\n|-singleturn|p1b: Chi-Yu|Protect\n|move|p2b: Arcanine|Snarl|p1b: Chi-Yu|[spread] p1a\n|-activate|p1b: Chi-Yu|move: Protect\n|-damage|p1a: Gyarados|91\/100\n|-unboost|p1a: Gyarados|spa|1\n|move|p2a: Iron Hands|Drain Punch|p1b: Chi-Yu\n|-activate|p1b: Chi-Yu|move: Protect\n|\n|upkeep\n|turn|3\n|inactive|tatsuwin has 30 seconds left.\n|\n|t:|1684116468\n|-terastallize|p2b: Arcanine|Dark\n|-terastallize|p1b: Chi-Yu|Water\n|move|p2b: Arcanine|Snarl|p1a: Gyarados|[spread] p1b\n|-miss|p2b: Arcanine|p1a: Gyarados\n|-damage|p1b: Chi-Yu|86\/100\n|-unboost|p1b: Chi-Yu|spa|1\n|move|p1b: Chi-Yu|Heat Wave|p2a: Iron Hands|[spread] p2a,p2b\n|-damage|p2a: Iron Hands|55\/100\n|-damage|p2b: Arcanine|21\/100\n|-enditem|p2b: Arcanine|Sitrus Berry|[eat]\n|-heal|p2b: Arcanine|46\/100|[from] item: Sitrus Berry\n|move|p1a: Gyarados|Waterfall|p2a: Iron Hands\n|-damage|p2a: Iron Hands|31\/100\n|move|p2a: Iron Hands|Volt Switch|p1a: Gyarados\n|-supereffective|p1a: Gyarados\n|-damage|p1a: Gyarados|37\/100\n|\n|t:|1684116487\n|-end|p2a: Iron Hands|Quark Drive|[silent]\n|switch|p2a: Flutter Mane|Flutter Mane, L50|100\/100|[from] Volt Switch\n|\n|upkeep\n|turn|4\n|\n|t:|1684116497\n|switch|p1a: Iron Hands|Iron Hands, L50|95\/100 brn\n|move|p1b: Chi-Yu|Protect|p1b: Chi-Yu\n|-singleturn|p1b: Chi-Yu|Protect\n|move|p2a: Flutter Mane|Moonblast|p1b: Chi-Yu\n|-activate|p1b: Chi-Yu|move: Protect\n|move|p2b: Arcanine|Snarl|p1b: Chi-Yu|[spread] p1a\n|-activate|p1b: Chi-Yu|move: Protect\n|-resisted|p1a: Iron Hands\n|-crit|p1a: Iron Hands\n|-damage|p1a: Iron Hands|87\/100 brn\n|-unboost|p1a: Iron Hands|spa|1\n|\n|-damage|p1a: Iron Hands|81\/100 brn|[from] brn\n|upkeep\n|turn|5\n|inactive|Sukiyaki Eater has 30 seconds left.\n|\n|t:|1684116522\n|move|p1a: Iron Hands|Fake Out|p2b: Arcanine\n|-damage|p2b: Arcanine|39\/100\n|move|p2a: Flutter Mane|Moonblast|p1a: Iron Hands\n|-supereffective|p1a: Iron Hands\n|-damage|p1a: Iron Hands|5\/100 brn\n|cant|p2b: Arcanine|flinch\n|move|p1b: Chi-Yu|Heat Wave|p2a: Flutter Mane|[spread] p2a,p2b\n|-damage|p2a: Flutter Mane|22\/100\n|-damage|p2b: Arcanine|0 fnt\n|-status|p2a: Flutter Mane|brn\n|faint|p2b: Arcanine\n|\n|-damage|p2a: Flutter Mane|16\/100 brn|[from] brn\n|-damage|p1a: Iron Hands|0 fnt|[from] brn\n|faint|p1a: Iron Hands\n|-end|p1a: Iron Hands|Quark Drive|[silent]\n|upkeep\n|inactive|tatsuwin has 30 seconds left.\n|\n|t:|1684116555\n|switch|p2b: Iron Hands|Iron Hands, L50|31\/100\n|switch|p1a: Gyarados|Gyarados, L50, M|37\/100\n|-ability|p1a: Gyarados|Intimidate|boost\n|-unboost|p2a: Flutter Mane|atk|1\n|-unboost|p2b: Iron Hands|atk|1\n|turn|6\n|\n|t:|1684116568\n|move|p1b: Chi-Yu|Protect|p1b: Chi-Yu\n|-singleturn|p1b: Chi-Yu|Protect\n|move|p1a: Gyarados|Protect|p1a: Gyarados\n|-singleturn|p1a: Gyarados|Protect\n|move|p2b: Iron Hands|Fake Out|p1a: Gyarados\n|-activate|p1a: Gyarados|move: Protect\n|move|p2a: Flutter Mane|Moonblast|p1b: Chi-Yu\n|-activate|p1b: Chi-Yu|move: Protect\n|\n|-damage|p2a: Flutter Mane|10\/100 brn|[from] brn\n|upkeep\n|turn|7\n|\n|t:|1684116591\n|move|p2a: Flutter Mane|Moonblast|p1b: Chi-Yu\n|-damage|p1b: Chi-Yu|34\/100\n|move|p1b: Chi-Yu|Heat Wave|p2b: Iron Hands|[spread] p2a,p2b\n|-damage|p2a: Flutter Mane|0 fnt\n|-damage|p2b: Iron Hands|0 fnt\n|faint|p2a: Flutter Mane\n|-end|p2a: Flutter Mane|Protosynthesis|[silent]\n|faint|p2b: Iron Hands\n|-end|p2b: Iron Hands|Quark Drive|[silent]\n|move|p1a: Gyarados|Waterfall|p2: Flutter Mane|[notarget]\n|-fail|p1a: Gyarados\n|\n|upkeep\n|\n|t:|1684116597\n|switch|p2b: Baxcalibur|Baxcalibur, L50, F|100\/100\n|turn|8\n|inactive|tatsuwin has 30 seconds left.\n|\n|t:|1684116629\n|switch|p1a: Flutter Mane|Flutter Mane, L50|100\/100\n|-enditem|p1a: Flutter Mane|Booster Energy\n|-activate|p1a: Flutter Mane|ability: Protosynthesis|[fromitem]\n|-start|p1a: Flutter Mane|protosynthesisspa\n|move|p1b: Chi-Yu|Protect|p1b: Chi-Yu\n|-singleturn|p1b: Chi-Yu|Protect\n|move|p2b: Baxcalibur|Glaive Rush|p1a: Flutter Mane\n|-immune|p1a: Flutter Mane\n|\n|upkeep\n|turn|9\n|\n|t:|1684116653\n|move|p1a: Flutter Mane|Substitute|p1a: Flutter Mane\n|-start|p1a: Flutter Mane|Substitute\n|-damage|p1a: Flutter Mane|76\/100\n|move|p1b: Chi-Yu|Dark Pulse|p2b: Baxcalibur\n|-damage|p2b: Baxcalibur|20\/100\n|move|p2b: Baxcalibur|Icicle Spear|p1a: Flutter Mane\n|-end|p1a: Flutter Mane|Substitute\n|-damage|p1a: Flutter Mane|53\/100\n|-damage|p1a: Flutter Mane|24\/100\n|-damage|p1a: Flutter Mane|0 fnt\n|faint|p1a: Flutter Mane\n|-end|p1a: Flutter Mane|Protosynthesis|[silent]\n|-hitcount|p1: Flutter Mane|4\n|\n|upkeep\n|\n|t:|1684116665\n|switch|p1a: Gyarados|Gyarados, L50, M|37\/100\n|-ability|p1a: Gyarados|Intimidate|boost\n|-unboost|p2b: Baxcalibur|atk|1\n|turn|10\n|\n|t:|1684116675\n|move|p1b: Chi-Yu|Dark Pulse|p2b: Baxcalibur\n|-damage|p2b: Baxcalibur|0 fnt\n|faint|p2b: Baxcalibur\n|\n|win|tatsuwin\n|raw|tatsuwin's rating: 1340 → 1364<\/strong> (+24 for winning)\n|raw|Sukiyaki Eater's rating: 1402 → 1378<\/strong> (-24 for losing)\n|l|\u2606Sukiyaki Eater\n","uploadtime":1684116686,"views":9,"p1id":"tatsuwin","p2id":"sukiyakieater","formatid":"gen9vgc2023regulationc","rating":1364,"private":0,"password":""}