{"id":"gen9vgc2023regulationc-1852423887","p1":"BattlelegendRyan","p2":"Jandriel","format":"[Gen 9] VGC 2023 Regulation C","log":"|j|\u2606BattlelegendRyan\n|j|\u2606Jandriel\n|t:|1682555863\n|gametype|doubles\n|player|p1|BattlelegendRyan|palmer|\n|player|p2|Jandriel|benga|\n|teamsize|p1|6\n|teamsize|p2|6\n|gen|9\n|tier|[Gen 9] VGC 2023 Regulation C\n|rule|Species Clause: Limit one of each Pok\u00e9mon\n|rule|Item Clause: Limit one of each item\n|clearpoke\n|poke|p1|Azumarill, L50, M|\n|poke|p1|Maushold, L50|\n|poke|p1|Palafin, L50, F|\n|poke|p1|Dragapult, L50, M|\n|poke|p1|Gholdengo, L50|\n|poke|p1|Amoonguss, L50, F|\n|poke|p2|Lucario, L50, M|\n|poke|p2|Maushold, L50|\n|poke|p2|Amoonguss, L50, F|\n|poke|p2|Gastrodon-East, L50, M|\n|poke|p2|Arcanine, L50, M|\n|poke|p2|Blissey, L50, F|\n|teampreview|4\n|inactive|Battle timer is ON: inactive players will automatically lose when time's up. (requested by BattlelegendRyan)\n|\n|t:|1682555871\n|start\n|switch|p1a: zoomie|Azumarill, L50, M|100\/100\n|switch|p1b: Imposter|Amoonguss, L50, F, shiny|100\/100\n|switch|p2a: Goku|Lucario, L50, M, shiny|100\/100\n|switch|p2b: bussy|Blissey, L50, F, shiny|100\/100\n|turn|1\n|\n|t:|1682555893\n|move|p2b: bussy|Helping Hand|p2a: Goku\n|-singleturn|p2a: Goku|Helping Hand|[of] p2b: bussy\n|move|p1b: Imposter|Rage Powder|p1b: Imposter\n|-singleturn|p1b: Imposter|move: Rage Powder\n|move|p2a: Goku|Flash Cannon|p1b: Imposter\n|-damage|p1b: Imposter|24\/100\n|-unboost|p1b: Imposter|spd|1\n|move|p1a: zoomie|Belly Drum|p1a: zoomie\n|-damage|p1a: zoomie|50\/100\n|-setboost|p1a: zoomie|atk|6|[from] move: Belly Drum\n|-enditem|p1a: zoomie|Sitrus Berry|[eat]\n|-heal|p1a: zoomie|75\/100|[from] item: Sitrus Berry\n|\n|-heal|p1b: Imposter|30\/100|[from] item: Black Sludge\n|upkeep\n|turn|2\n|\n|t:|1682555913\n|move|p2b: bussy|Helping Hand|p2a: Goku\n|-singleturn|p2a: Goku|Helping Hand|[of] p2b: bussy\n|move|p1b: Imposter|Rage Powder|p1b: Imposter\n|-singleturn|p1b: Imposter|move: Rage Powder\n|move|p1a: zoomie|Aqua Jet|p2a: Goku\n|-damage|p2a: Goku|0 fnt\n|faint|p2a: Goku\n|\n|-heal|p1b: Imposter|36\/100|[from] item: Black Sludge\n|upkeep\n|\n|t:|1682555922\n|switch|p2a: squeeky toy|Gastrodon-East, L50, M, shiny|100\/100\n|turn|3\n|\n|t:|1682555930\n|move|p2b: bussy|Helping Hand|p2a: squeeky toy\n|-singleturn|p2a: squeeky toy|Helping Hand|[of] p2b: bussy\n|move|p1b: Imposter|Rage Powder|p1b: Imposter\n|-singleturn|p1b: Imposter|move: Rage Powder\n|move|p1a: zoomie|Play Rough|p2a: squeeky toy\n|-damage|p2a: squeeky toy|0 fnt\n|faint|p2a: squeeky toy\n|\n|-heal|p1b: Imposter|42\/100|[from] item: Black Sludge\n|upkeep\n|\n|t:|1682555940\n|switch|p2a: venter|Amoonguss, L50, F, shiny|100\/100\n|turn|4\n|\n|t:|1682555957\n|move|p1b: Imposter|Rage Powder|p1b: Imposter\n|-singleturn|p1b: Imposter|move: Rage Powder\n|move|p1a: zoomie|Aqua Jet|p2b: bussy\n|-damage|p2b: bussy|10\/100\n|-damage|p1a: zoomie|59\/100|[from] item: Rocky Helmet|[of] p2b: bussy\n|move|p2b: bussy|Psychic|p1b: Imposter\n|-supereffective|p1b: Imposter\n|-damage|p1b: Imposter|0 fnt\n|faint|p1b: Imposter\n|move|p2a: venter|Spore|p1a: zoomie\n|-status|p1a: zoomie|slp|[from] move: Spore\n|\n|upkeep\n|\n|t:|1682555971\n|switch|p1b: Maushold|Maushold, L50|100\/100\n|turn|5\n|\n|t:|1682555991\n|cant|p1a: zoomie|slp\n|move|p1b: Maushold|Thunder Wave|p2a: venter\n|-status|p2a: venter|par\n|move|p2b: bussy|Soft-Boiled|p2b: bussy\n|-heal|p2b: bussy|60\/100\n|move|p2a: venter|Pollen Puff|p2b: bussy\n|-heal|p2b: bussy|100\/100\n|\n|upkeep\n|turn|6\n|inactive|Jandriel has 30 seconds left.\n|inactive|BattlelegendRyan has 30 seconds left.\n|\n|t:|1682556026\n|-terastallize|p1a: zoomie|Water\n|cant|p1a: zoomie|slp\n|move|p1b: Maushold|Play Rough|p2a: venter\n|-resisted|p2a: venter\n|-damage|p2a: venter|93\/100 par\n|move|p2b: bussy|Psychic|p1a: zoomie\n|-crit|p1a: zoomie\n|-damage|p1a: zoomie|40\/100 slp\n|move|p2a: venter|Spore|p1b: Maushold\n|-status|p1b: Maushold|slp|[from] move: Spore\n|\n|-heal|p2a: venter|99\/100 par|[from] item: Leftovers\n|upkeep\n|turn|7\n|inactive|Jandriel has 30 seconds left.\n|\n|t:|1682556057\n|cant|p1b: Maushold|slp\n|-curestatus|p1a: zoomie|slp|[msg]\n|move|p1a: zoomie|Aqua Jet|p2b: bussy\n|-damage|p2b: bussy|0 fnt\n|-damage|p1a: zoomie|23\/100|[from] item: Rocky Helmet|[of] p2b: bussy\n|faint|p2b: bussy\n|move|p2a: venter|Giga Drain|p1a: zoomie\n|-supereffective|p1a: zoomie\n|-damage|p1a: zoomie|0 fnt\n|-heal|p2a: venter|100\/100 par|[from] drain|[of] p1a: zoomie\n|faint|p1a: zoomie\n|\n|upkeep\n|\n|t:|1682556068\n|switch|p1a: heybrotha|Gholdengo, L50|100\/100\n|turn|8\n|\n|t:|1682556081\n|cant|p1b: Maushold|slp\n|move|p1a: heybrotha|Shadow Ball|p2a: venter\n|-crit|p2a: venter\n|-damage|p2a: venter|1\/100 par\n|cant|p2a: venter|par\n|\n|-heal|p2a: venter|7\/100 par|[from] item: Leftovers\n|upkeep\n|turn|9\n|inactive|Jandriel has 30 seconds left.\n|inactive|Jandriel has 20 seconds left.\n|inactive|Jandriel has 15 seconds left.\n|\n|t:|1682556123\n|cant|p1b: Maushold|slp\n|move|p1a: heybrotha|Shadow Ball|p2a: venter\n|-damage|p2a: venter|0 fnt\n|faint|p2a: venter\n|\n|win|BattlelegendRyan\n","uploadtime":1682556320,"views":14,"p1id":"battlelegendryan","p2id":"jandriel","formatid":"gen9vgc2023regulationc","rating":0,"private":0,"password":""}