{"id":"gen9vgc2023regulationc-1863355454","p1":"Yoone","p2":"masterminy","format":"[Gen 9] VGC 2023 Regulation C","log":"|j|\u2606Yoone\n|j|\u2606masterminy\n|t:|1684006458\n|gametype|doubles\n|player|p1|Yoone|101|\n|player|p2|masterminy|riley|\n|teamsize|p1|6\n|teamsize|p2|6\n|gen|9\n|tier|[Gen 9] VGC 2023 Regulation C\n|rule|Species Clause: Limit one of each Pok\u00e9mon\n|rule|Item Clause: Limit one of each item\n|clearpoke\n|poke|p1|Murkrow, L50, M|\n|poke|p1|Garchomp, L50, F|\n|poke|p1|Cyclizar, L50, F|\n|poke|p1|Tyranitar, L50, M|\n|poke|p1|Medicham, L50, F|\n|poke|p1|Tinkaton, L50, F|\n|poke|p2|Breloom, L50, M|\n|poke|p2|Annihilape, L50, M|\n|poke|p2|Ceruledge, L50, M|\n|poke|p2|Grimmsnarl, L50, M|\n|poke|p2|Rotom-Wash, L50|\n|poke|p2|Spiritomb, L50, F|\n|teampreview|4\n|\n|t:|1684006485\n|start\n|switch|p1a: Medicham|Medicham, L50, F|100\/100\n|switch|p1b: Tinkaton|Tinkaton, L50, F|100\/100\n|switch|p2a: comp sci student|Grimmsnarl, L50, M, shiny|100\/100\n|switch|p2b: Polyamory|Spiritomb, L50, F|100\/100\n|-ability|p1b: Tinkaton|Mold Breaker\n|turn|1\n|\n|t:|1684006500\n|move|p1a: Medicham|Fake Out|p2b: Polyamory\n|-immune|p2b: Polyamory\n|move|p2a: comp sci student|Reflect|p2a: comp sci student\n|-sidestart|p2: masterminy|Reflect\n|move|p1b: Tinkaton|Gigaton Hammer|p2a: comp sci student\n|-supereffective|p2a: comp sci student\n|-damage|p2a: comp sci student|35\/100\n|move|p2b: Polyamory|Will-O-Wisp|p1b: Tinkaton|[miss]\n|-miss|p2b: Polyamory|p1b: Tinkaton\n|\n|upkeep\n|turn|2\n|\n|t:|1684006514\n|switch|p1a: Tyranitar|Tyranitar, L50, M|100\/100\n|-weather|Sandstorm|[from] ability: Sand Stream|[of] p1a: Tyranitar\n|switch|p2a: Dont get stuck in|Rotom-Wash, L50, shiny|100\/100\n|move|p1b: Tinkaton|Play Rough|p2a: Dont get stuck in\n|-damage|p2a: Dont get stuck in|80\/100\n|move|p2b: Polyamory|Trick Room|p2b: Polyamory\n|-fieldstart|move: Trick Room|[of] p2b: Polyamory\n|\n|-weather|Sandstorm|[upkeep]\n|-damage|p2b: Polyamory|95\/100|[from] Sandstorm\n|-damage|p2a: Dont get stuck in|74\/100|[from] Sandstorm\n|upkeep\n|turn|3\n|\n|t:|1684006570\n|switch|p1a: Garchomp|Garchomp, L50, F|100\/100\n|move|p2b: Polyamory|Will-O-Wisp|p1b: Tinkaton\n|-status|p1b: Tinkaton|brn\n|move|p2a: Dont get stuck in|Hydro Pump|p1a: Garchomp|[miss]\n|-miss|p2a: Dont get stuck in|p1a: Garchomp\n|move|p1b: Tinkaton|Skill Swap|p2a: Dont get stuck in\n|-activate|p1b: Tinkaton|move: Skill Swap|Levitate|Mold Breaker|[of] p2a: Dont get stuck in\n|-ability|p2a: Dont get stuck in|Mold Breaker\n|\n|-weather|Sandstorm|[upkeep]\n|-damage|p2b: Polyamory|89\/100|[from] Sandstorm\n|-damage|p2a: Dont get stuck in|69\/100|[from] Sandstorm\n|-damage|p1b: Tinkaton|94\/100 brn|[from] brn\n|upkeep\n|turn|4\n|\n|t:|1684006593\n|switch|p1b: Tyranitar|Tyranitar, L50, M|100\/100\n|move|p2a: Dont get stuck in|Protect|p2a: Dont get stuck in\n|-singleturn|p2a: Dont get stuck in|Protect\n|move|p2b: Polyamory|Will-O-Wisp|p1a: Garchomp|[miss]\n|-miss|p2b: Polyamory|p1a: Garchomp\n|move|p1a: Garchomp|Earthquake|p2b: Polyamory|[spread] p1b,p2b\n|-activate|p2a: Dont get stuck in|move: Protect\n|-supereffective|p1b: Tyranitar\n|-damage|p1b: Tyranitar|37\/100\n|-damage|p2b: Polyamory|63\/100\n|\n|-weather|Sandstorm|[upkeep]\n|-damage|p2b: Polyamory|57\/100|[from] Sandstorm\n|-damage|p2a: Dont get stuck in|63\/100|[from] Sandstorm\n|upkeep\n|turn|5\n|\n|t:|1684006634\n|-terastallize|p2a: Dont get stuck in|Fire\n|move|p2b: Polyamory|Will-O-Wisp|p1a: Garchomp\n|-status|p1a: Garchomp|brn\n|move|p1b: Tyranitar|Rock Slide|p2b: Polyamory|[spread] p2a,p2b\n|-supereffective|p2a: Dont get stuck in\n|-damage|p2a: Dont get stuck in|17\/100\n|-damage|p2b: Polyamory|35\/100\n|-enditem|p2a: Dont get stuck in|Sitrus Berry|[eat]\n|-heal|p2a: Dont get stuck in|42\/100|[from] item: Sitrus Berry\n|cant|p2a: Dont get stuck in|flinch\n|move|p1a: Garchomp|Earthquake|p2b: Polyamory|[spread] p1b,p2a,p2b\n|-supereffective|p1b: Tyranitar\n|-supereffective|p2a: Dont get stuck in\n|-damage|p1b: Tyranitar|5\/100\n|-damage|p2a: Dont get stuck in|16\/100\n|-damage|p2b: Polyamory|23\/100\n|-enditem|p1b: Tyranitar|Aguav Berry|[eat]\n|-heal|p1b: Tyranitar|38\/100|[from] item: Aguav Berry\n|\n|-weather|Sandstorm|[upkeep]\n|-damage|p2b: Polyamory|18\/100|[from] Sandstorm\n|-damage|p2a: Dont get stuck in|10\/100|[from] Sandstorm\n|-damage|p1a: Garchomp|94\/100 brn|[from] brn\n|upkeep\n|turn|6\n|\n|t:|1684006678\n|move|p2a: Dont get stuck in|Protect|p2a: Dont get stuck in\n|-singleturn|p2a: Dont get stuck in|Protect\n|move|p2b: Polyamory|Will-O-Wisp|p1b: Tyranitar\n|-status|p1b: Tyranitar|brn\n|move|p1b: Tyranitar|Rock Slide|p2b: Polyamory|[spread] p2b\n|-activate|p2a: Dont get stuck in|move: Protect\n|-damage|p2b: Polyamory|7\/100\n|move|p1a: Garchomp|Dragon Claw|p2a: Dont get stuck in\n|-activate|p2a: Dont get stuck in|move: Protect\n|\n|-weather|none\n|-damage|p1b: Tyranitar|32\/100 brn|[from] brn\n|-damage|p1a: Garchomp|88\/100 brn|[from] brn\n|-fieldend|move: Trick Room\n|upkeep\n|turn|7\n|\n|t:|1684006701\n|switch|p1b: Medicham|Medicham, L50, F|100\/100\n|move|p1a: Garchomp|Earthquake|p2b: Polyamory|[spread] p1b,p2a,p2b\n|-supereffective|p2a: Dont get stuck in\n|-damage|p1b: Medicham|76\/100\n|-damage|p2a: Dont get stuck in|0 fnt\n|-damage|p2b: Polyamory|0 fnt\n|faint|p2a: Dont get stuck in\n|faint|p2b: Polyamory\n|\n|-damage|p1a: Garchomp|82\/100 brn|[from] brn\n|upkeep\n|\n|t:|1684006711\n|switch|p2a: comp sci student|Grimmsnarl, L50, M, shiny|35\/100\n|switch|p2b: Shat his pants|Annihilape, L50, M, shiny|100\/100\n|turn|8\n|\n|t:|1684006750\n|switch|p1a: Tinkaton|Tinkaton, L50, F|94\/100 brn\n|-ability|p1a: Tinkaton|Mold Breaker\n|move|p1b: Medicham|Bullet Punch|p2a: comp sci student\n|-supereffective|p2a: comp sci student\n|-damage|p2a: comp sci student|7\/100\n|move|p2b: Shat his pants|Bulk Up|p2b: Shat his pants\n|-boost|p2b: Shat his pants|atk|1\n|-boost|p2b: Shat his pants|def|1\n|move|p2a: comp sci student|Spirit Break|p1a: Tinkaton\n|-resisted|p1a: Tinkaton\n|-damage|p1a: Tinkaton|77\/100 brn\n|-unboost|p1a: Tinkaton|spa|1\n|\n|-damage|p1a: Tinkaton|71\/100 brn|[from] brn\n|-sideend|p2: masterminy|Reflect\n|upkeep\n|turn|9\n|\n|t:|1684006777\n|move|p1a: Tinkaton|Fake Out|p2b: Shat his pants\n|-immune|p2b: Shat his pants\n|move|p1b: Medicham|Bullet Punch|p2a: comp sci student\n|-supereffective|p2a: comp sci student\n|-damage|p2a: comp sci student|0 fnt\n|faint|p2a: comp sci student\n|move|p2b: Shat his pants|Drain Punch|p1a: Tinkaton\n|-damage|p1a: Tinkaton|6\/100 brn\n|\n|-damage|p1a: Tinkaton|0 fnt|[from] brn\n|faint|p1a: Tinkaton\n|upkeep\n|\n|t:|1684006788\n|switch|p1a: Tyranitar|Tyranitar, L50, M|32\/100 brn\n|-weather|Sandstorm|[from] ability: Sand Stream|[of] p1a: Tyranitar\n|turn|10\n|\n|t:|1684006839\n|move|p1b: Medicham|Bullet Punch|p2b: Shat his pants\n|-damage|p2b: Shat his pants|85\/100\n|move|p2b: Shat his pants|Drain Punch|p1a: Tyranitar\n|-supereffective|p1a: Tyranitar\n|-damage|p1a: Tyranitar|0 fnt\n|-heal|p2b: Shat his pants|100\/100|[from] drain|[of] p1a: Tyranitar\n|faint|p1a: Tyranitar\n|\n|-weather|Sandstorm|[upkeep]\n|-damage|p2b: Shat his pants|94\/100|[from] Sandstorm\n|-damage|p1b: Medicham|70\/100|[from] Sandstorm\n|upkeep\n|\n|t:|1684006846\n|switch|p1a: Garchomp|Garchomp, L50, F|82\/100 brn\n|turn|11\n|\n|t:|1684006854\n|-terastallize|p1a: Garchomp|Dragon\n|move|p1b: Medicham|Bullet Punch|p2b: Shat his pants\n|-damage|p2b: Shat his pants|78\/100\n|move|p1a: Garchomp|Dragon Claw|p2b: Shat his pants\n|-damage|p2b: Shat his pants|60\/100\n|move|p2b: Shat his pants|Drain Punch|p1a: Garchomp\n|-damage|p1a: Garchomp|33\/100 brn\n|-heal|p2b: Shat his pants|82\/100|[from] drain|[of] p1a: Garchomp\n|\n|-weather|Sandstorm|[upkeep]\n|-damage|p2b: Shat his pants|76\/100|[from] Sandstorm\n|-damage|p1b: Medicham|64\/100|[from] Sandstorm\n|-damage|p1a: Garchomp|27\/100 brn|[from] brn\n|upkeep\n|turn|12\n|\n|t:|1684006868\n|move|p1b: Medicham|Bullet Punch|p2b: Shat his pants\n|-damage|p2b: Shat his pants|60\/100\n|move|p1a: Garchomp|Dragon Claw|p2b: Shat his pants\n|-damage|p2b: Shat his pants|41\/100\n|move|p2b: Shat his pants|Drain Punch|p1a: Garchomp\n|-damage|p1a: Garchomp|0 fnt\n|-heal|p2b: Shat his pants|52\/100|[from] drain|[of] p1a: Garchomp\n|faint|p1a: Garchomp\n|\n|-weather|Sandstorm|[upkeep]\n|-damage|p2b: Shat his pants|46\/100|[from] Sandstorm\n|-damage|p1b: Medicham|58\/100|[from] Sandstorm\n|upkeep\n|turn|13\n|\n|t:|1684006880\n|move|p1b: Medicham|Bullet Punch|p2b: Shat his pants\n|-damage|p2b: Shat his pants|32\/100\n|move|p2b: Shat his pants|Rage Fist|p1b: Medicham\n|-supereffective|p1b: Medicham\n|-damage|p1b: Medicham|0 fnt\n|faint|p1b: Medicham\n|\n|win|masterminy\n|l|\u2606Yoone\n|j|\u2606Yoone\n|player|p1|Yoone|101\n","uploadtime":1684006893,"views":13,"p1id":"yoone","p2id":"masterminy","formatid":"gen9vgc2023regulationc","rating":0,"private":0,"password":""}