{"id":"gen9vgc2023regulationc-1845779052","p1":"Chicaino 2","p2":"Keveloper","format":"[Gen 9] VGC 2023 Regulation C","log":"|j|\u2606Chicaino 2\n|j|\u2606Keveloper\n|t:|1681763759\n|gametype|doubles\n|player|p1|Chicaino 2|gambler|1242\n|player|p2|Keveloper|ash|1311\n|teamsize|p1|6\n|teamsize|p2|6\n|gen|9\n|tier|[Gen 9] VGC 2023 Regulation C\n|rated|\n|rule|Species Clause: Limit one of each Pok\u00e9mon\n|rule|Item Clause: Limit one of each item\n|clearpoke\n|poke|p1|Breloom, L50, F|\n|poke|p1|Garchomp, L50, M|\n|poke|p1|Hydreigon, L50, M|\n|poke|p1|Arcanine, L50, M|\n|poke|p1|Gholdengo, L50|\n|poke|p1|Murkrow, L50, F|\n|poke|p2|Orthworm, L50, M|\n|poke|p2|Dragonite, L50, M|\n|poke|p2|Ting-Lu, L50|\n|poke|p2|Gyarados, L50, F|\n|poke|p2|Flutter Mane, L50|\n|poke|p2|Chien-Pao, L50|\n|teampreview|4\n|inactive|Battle timer is ON: inactive players will automatically lose when time's up. (requested by Chicaino 2)\n|\n|t:|1681763809\n|start\n|switch|p1a: Arcanine|Arcanine, L50, M|100\/100\n|switch|p1b: Breloom|Breloom, L50, F|100\/100\n|switch|p2a: Orthworm|Orthworm, L50, M|100\/100\n|switch|p2b: Gyarados|Gyarados, L50, F|100\/100\n|-ability|p1a: Arcanine|Intimidate|boost\n|-unboost|p2a: Orthworm|atk|1\n|-unboost|p2b: Gyarados|atk|1\n|-ability|p2b: Gyarados|Intimidate|boost\n|-unboost|p1a: Arcanine|atk|1\n|-unboost|p1b: Breloom|atk|1\n|turn|1\n|\n|t:|1681763825\n|-terastallize|p1a: Arcanine|Grass\n|move|p1b: Breloom|Spore|p2a: Orthworm\n|-status|p2a: Orthworm|slp|[from] move: Spore\n|move|p1a: Arcanine|Will-O-Wisp|p2b: Gyarados\n|-status|p2b: Gyarados|brn\n|move|p2b: Gyarados|Taunt|p1b: Breloom\n|-start|p1b: Breloom|move: Taunt\n|cant|p2a: Orthworm|slp\n|\n|-damage|p2b: Gyarados|94\/100 brn|[from] brn\n|upkeep\n|turn|2\n|\n|t:|1681763845\n|move|p1b: Breloom|Rock Tomb|p2b: Gyarados\n|-supereffective|p2b: Gyarados\n|-damage|p2b: Gyarados|54\/100 brn\n|-unboost|p2b: Gyarados|spe|1\n|move|p1a: Arcanine|Flare Blitz|p2a: Orthworm\n|-supereffective|p2a: Orthworm\n|-damage|p2a: Orthworm|54\/100 slp\n|-damage|p1a: Arcanine|87\/100|[from] Recoil\n|cant|p2a: Orthworm|slp\n|move|p2b: Gyarados|Bulldoze|p1a: Arcanine|[spread] p1a,p1b\n|-heal|p2a: Orthworm|79\/100 slp|[from] ability: Earth Eater|[of] p2b: Gyarados\n|-resisted|p1a: Arcanine\n|-resisted|p1b: Breloom\n|-damage|p1a: Arcanine|85\/100\n|-damage|p1b: Breloom|98\/100\n|-unboost|p1a: Arcanine|spe|1\n|-unboost|p1b: Breloom|spe|1\n|\n|-damage|p2b: Gyarados|48\/100 brn|[from] brn\n|upkeep\n|turn|3\n|inactive|Chicaino 2 has 30 seconds left.\n|inactive|Keveloper has 30 seconds left.\n|inactive|Chicaino 2 has 20 seconds left.\n|\n|t:|1681763889\n|switch|p1b: Murkrow|Murkrow, L50, F|100\/100\n|-curestatus|p2a: Orthworm|slp|[msg]\n|move|p2a: Orthworm|Body Press|p1b: Murkrow\n|-damage|p1b: Murkrow|71\/100\n|move|p1a: Arcanine|Flare Blitz|p2a: Orthworm\n|-supereffective|p2a: Orthworm\n|-damage|p2a: Orthworm|32\/100\n|-enditem|p2a: Orthworm|Sitrus Berry|[eat]\n|-heal|p2a: Orthworm|57\/100|[from] item: Sitrus Berry\n|-damage|p1a: Arcanine|72\/100|[from] Recoil\n|move|p2b: Gyarados|Thunder Wave|p1a: Arcanine\n|-status|p1a: Arcanine|par\n|\n|-damage|p2b: Gyarados|42\/100 brn|[from] brn\n|upkeep\n|turn|4\n|inactive|Keveloper has 30 seconds left.\n|\n|t:|1681763914\n|switch|p1a: Breloom|Breloom, L50, F|98\/100\n|-terastallize|p2a: Orthworm|Fire\n|move|p1b: Murkrow|Foul Play|p2a: Orthworm\n|-damage|p2a: Orthworm|44\/100\n|move|p2a: Orthworm|Iron Defense|p2a: Orthworm\n|-boost|p2a: Orthworm|def|2\n|move|p2b: Gyarados|Bulldoze|p1a: Breloom|[spread] p1a\n|-heal|p2a: Orthworm|69\/100|[from] ability: Earth Eater|[of] p2b: Gyarados\n|-immune|p1b: Murkrow\n|-resisted|p1a: Breloom\n|-damage|p1a: Breloom|95\/100\n|-unboost|p1a: Breloom|spe|1\n|\n|-damage|p2b: Gyarados|36\/100 brn|[from] brn\n|upkeep\n|turn|5\n|inactive|Chicaino 2 has 30 seconds left.\n|inactive|Keveloper has 30 seconds left.\n|\n|t:|1681763942\n|move|p1b: Murkrow|Haze|p1b: Murkrow\n|-clearallboost\n|move|p1a: Breloom|Rock Tomb|p2b: Gyarados\n|-supereffective|p2b: Gyarados\n|-damage|p2b: Gyarados|0 fnt\n|faint|p2b: Gyarados\n|move|p2a: Orthworm|Iron Defense|p2a: Orthworm\n|-boost|p2a: Orthworm|def|2\n|\n|upkeep\n|\n|t:|1681763957\n|switch|p2b: Dragonite|Dragonite, L50, M|100\/100\n|turn|6\n|\n|t:|1681763976\n|move|p2b: Dragonite|Extreme Speed|p1a: Breloom\n|-crit|p1a: Breloom\n|-damage|p1a: Breloom|26\/100\n|move|p1b: Murkrow|Tailwind|p1b: Murkrow\n|-sidestart|p1: Chicaino 2|move: Tailwind\n|move|p1a: Breloom|Spore|p2b: Dragonite\n|-status|p2b: Dragonite|slp|[from] move: Spore\n|-enditem|p2b: Dragonite|Lum Berry|[eat]\n|-curestatus|p2b: Dragonite|slp|[msg]\n|move|p2a: Orthworm|Shed Tail|p2a: Orthworm\n|-start|p2a: Orthworm|Substitute|[from] move: Shed Tail\n|-damage|p2a: Orthworm|19\/100\n|\n|t:|1681763985\n|switch|p2a: Flutter Mane|Flutter Mane, L50|100\/100|[from] Shed Tail\n|\n|upkeep\n|turn|7\n|inactive|Keveloper has 30 seconds left.\n|\n|t:|1681764015\n|switch|p1a: Arcanine|Arcanine, L50, M, tera:Grass|72\/100 par\n|-ability|p1a: Arcanine|Intimidate|boost\n|-immune|p2a: Flutter Mane\n|-unboost|p2b: Dragonite|atk|1\n|move|p1b: Murkrow|Foul Play|p2b: Dragonite\n|-damage|p2b: Dragonite|84\/100\n|move|p2a: Flutter Mane|Dazzling Gleam|p1a: Arcanine|[spread] p1a,p1b\n|-supereffective|p1b: Murkrow\n|-damage|p1a: Arcanine|36\/100 par\n|-damage|p1b: Murkrow|0 fnt\n|-enditem|p1a: Arcanine|Sitrus Berry|[eat]\n|-heal|p1a: Arcanine|60\/100 par|[from] item: Sitrus Berry\n|faint|p1b: Murkrow\n|move|p2b: Dragonite|Dragon Dance|p2b: Dragonite\n|-boost|p2b: Dragonite|atk|1\n|-boost|p2b: Dragonite|spe|1\n|\n|upkeep\n|\n|t:|1681764034\n|switch|p1b: Garchomp|Garchomp, L50, M|100\/100\n|turn|8\n|\n|t:|1681764054\n|move|p1b: Garchomp|Protect|p1b: Garchomp\n|-singleturn|p1b: Garchomp|Protect\n|move|p2b: Dragonite|Extreme Speed|p1a: Arcanine\n|-damage|p1a: Arcanine|30\/100 par\n|move|p2a: Flutter Mane|Dazzling Gleam|p1a: Arcanine|[spread] p1a\n|-activate|p1b: Garchomp|move: Protect\n|-damage|p1a: Arcanine|0 fnt\n|faint|p1a: Arcanine\n|\n|upkeep\n|\n|t:|1681764065\n|switch|p1a: Breloom|Breloom, L50, F|26\/100\n|turn|9\n|\n|t:|1681764088\n|move|p2b: Dragonite|Extreme Speed|p1a: Breloom\n|-damage|p1a: Breloom|0 fnt\n|faint|p1a: Breloom\n|move|p1b: Garchomp|Dragon Claw|p2b: Dragonite\n|-supereffective|p2b: Dragonite\n|-damage|p2b: Dragonite|0 fnt\n|faint|p2b: Dragonite\n|move|p2a: Flutter Mane|Dazzling Gleam|p1b: Garchomp\n|-supereffective|p1b: Garchomp\n|-damage|p1b: Garchomp|0 fnt\n|faint|p1b: Garchomp\n|\n|win|Keveloper\n|raw|Chicaino 2's rating: 1242 → 1222<\/strong> (-20 for losing)\n|raw|Keveloper's rating: 1311 → 1327<\/strong> (+16 for winning)\n|l|\u2606Chicaino 2\n","uploadtime":1681764100,"views":6,"p1id":"chicaino2","p2id":"keveloper","formatid":"gen9vgc2023regulationc","rating":1222,"private":0,"password":""}