{"id":"gen9vgc2023regulationc-1859376537","p1":"Spare Me T-T","p2":"Arcacagne","format":"[Gen 9] VGC 2023 Regulation C","log":"|j|\u2606Spare Me T-T\n|j|\u2606Arcacagne\n|t:|1683451180\n|gametype|doubles\n|player|p1|Spare Me T-T|265|1053\n|player|p2|Arcacagne|2|1155\n|teamsize|p1|6\n|teamsize|p2|6\n|gen|9\n|tier|[Gen 9] VGC 2023 Regulation C\n|rated|\n|rule|Species Clause: Limit one of each Pok\u00e9mon\n|rule|Item Clause: Limit one of each item\n|clearpoke\n|poke|p1|Iron Jugulis, L50|\n|poke|p1|Gothitelle, L50, M|\n|poke|p1|Gholdengo, L50|\n|poke|p1|Iron Bundle, L50|\n|poke|p1|Iron Hands, L50|\n|poke|p1|Great Tusk, L50|\n|poke|p2|Chi-Yu, L50|\n|poke|p2|Flutter Mane, L50|\n|poke|p2|Amoonguss, L50, F|\n|poke|p2|Palafin, L50, F|\n|poke|p2|Kingambit, L50, M|\n|poke|p2|Arcanine, L50, F|\n|teampreview|4\n|inactive|Battle timer is ON: inactive players will automatically lose when time's up. (requested by Spare Me T-T)\n|\n|t:|1683451215\n|start\n|switch|p1a: Iron Jugulis|Iron Jugulis, L50|100\/100\n|switch|p1b: Great Tusk|Great Tusk, L50|100\/100\n|switch|p2a: Chi-Yu|Chi-Yu, L50|100\/100\n|switch|p2b: Amoonguss|Amoonguss, L50, F|100\/100\n|-ability|p2a: Chi-Yu|Beads of Ruin\n|-enditem|p1a: Iron Jugulis|Booster Energy\n|-activate|p1a: Iron Jugulis|ability: Quark Drive|[fromitem]\n|-start|p1a: Iron Jugulis|quarkdrivespe\n|turn|1\n|inactive|Arcacagne has 30 seconds left.\n|\n|t:|1683451244\n|move|p2a: Chi-Yu|Protect|p2a: Chi-Yu\n|-singleturn|p2a: Chi-Yu|Protect\n|move|p1a: Iron Jugulis|Tailwind|p1a: Iron Jugulis\n|-sidestart|p1: Spare Me T-T|move: Tailwind\n|move|p1b: Great Tusk|Earthquake|p2b: Amoonguss|[spread] p2b\n|-activate|p2a: Chi-Yu|move: Protect\n|-immune|p1a: Iron Jugulis\n|-damage|p2b: Amoonguss|65\/100\n|move|p2b: Amoonguss|Spore|p1b: Great Tusk\n|-status|p1b: Great Tusk|slp|[from] move: Spore\n|\n|upkeep\n|turn|2\n|\n|t:|1683451262\n|-terastallize|p2b: Amoonguss|Water\n|move|p1a: Iron Jugulis|Air Slash|p2b: Amoonguss\n|-damage|p2b: Amoonguss|22\/100\n|-enditem|p2b: Amoonguss|Sitrus Berry|[eat]\n|-heal|p2b: Amoonguss|47\/100|[from] item: Sitrus Berry\n|cant|p1b: Great Tusk|slp\n|move|p2a: Chi-Yu|Nasty Plot|p2a: Chi-Yu\n|-boost|p2a: Chi-Yu|spa|2\n|move|p2b: Amoonguss|Spore|p1a: Iron Jugulis\n|-status|p1a: Iron Jugulis|slp|[from] move: Spore\n|\n|upkeep\n|turn|3\n|inactive|Spare Me T-T has 30 seconds left.\n|inactive|Spare Me T-T has 20 seconds left.\n|inactive|Spare Me T-T has 15 seconds left.\n|\n|t:|1683451302\n|-end|p1a: Iron Jugulis|Quark Drive|[silent]\n|switch|p1a: Iron Bundle|Iron Bundle, L50|100\/100\n|switch|p2b: Flutter Mane|Flutter Mane, L50|100\/100\n|-enditem|p2b: Flutter Mane|Booster Energy\n|-activate|p2b: Flutter Mane|ability: Protosynthesis|[fromitem]\n|-start|p2b: Flutter Mane|protosynthesisspa\n|-curestatus|p1b: Great Tusk|slp|[msg]\n|move|p1b: Great Tusk|Headlong Rush|p2a: Chi-Yu\n|-supereffective|p2a: Chi-Yu\n|-damage|p2a: Chi-Yu|0 fnt\n|-unboost|p1b: Great Tusk|def|1\n|-unboost|p1b: Great Tusk|spd|1\n|faint|p2a: Chi-Yu\n|\n|upkeep\n|\n|t:|1683451321\n|switch|p2a: Kingambit|Kingambit, L50, M|100\/100\n|turn|4\n|\n|t:|1683451337\n|switch|p2a: Amoonguss|Amoonguss, L50, F, tera:Water|80\/100\n|move|p1a: Iron Bundle|Protect|p1a: Iron Bundle\n|-singleturn|p1a: Iron Bundle|Protect\n|move|p2b: Flutter Mane|Protect|p2b: Flutter Mane\n|-singleturn|p2b: Flutter Mane|Protect\n|move|p1b: Great Tusk|Earthquake|p2a: Amoonguss|[spread] p2a\n|-activate|p1a: Iron Bundle|move: Protect\n|-activate|p2b: Flutter Mane|move: Protect\n|-damage|p2a: Amoonguss|47\/100\n|\n|-sideend|p1: Spare Me T-T|move: Tailwind\n|upkeep\n|turn|5\n|inactive|Spare Me T-T has 30 seconds left.\n|\n|t:|1683451369\n|switch|p2a: Kingambit|Kingambit, L50, M|100\/100\n|move|p1a: Iron Bundle|Freeze-Dry|p2a: Kingambit\n|-resisted|p2a: Kingambit\n|-damage|p2a: Kingambit|85\/100\n|move|p2b: Flutter Mane|Moonblast|p1b: Great Tusk\n|-supereffective|p1b: Great Tusk\n|-damage|p1b: Great Tusk|0 fnt\n|faint|p1b: Great Tusk\n|-end|p1b: Great Tusk|Protosynthesis|[silent]\n|\n|upkeep\n|\n|t:|1683451381\n|switch|p1b: Iron Jugulis|Iron Jugulis, L50|100\/100 slp\n|turn|6\n|\n|t:|1683451388\n|move|p1a: Iron Bundle|Protect|p1a: Iron Bundle\n|-singleturn|p1a: Iron Bundle|Protect\n|cant|p1b: Iron Jugulis|slp\n|move|p2b: Flutter Mane|Substitute|p2b: Flutter Mane\n|-start|p2b: Flutter Mane|Substitute\n|-damage|p2b: Flutter Mane|76\/100\n|move|p2a: Kingambit|Swords Dance|p2a: Kingambit\n|-boost|p2a: Kingambit|atk|2\n|\n|upkeep\n|turn|7\n|\n|t:|1683451403\n|move|p1a: Iron Bundle|Hydro Pump|p2a: Kingambit\n|-damage|p2a: Kingambit|38\/100\n|cant|p1b: Iron Jugulis|slp\n|move|p2b: Flutter Mane|Moonblast|p1b: Iron Jugulis\n|-supereffective|p1b: Iron Jugulis\n|-damage|p1b: Iron Jugulis|0 fnt\n|faint|p1b: Iron Jugulis\n|-end|p1b: Iron Jugulis|Quark Drive|[silent]\n|move|p2a: Kingambit|Iron Head|p1a: Iron Bundle\n|-enditem|p1a: Iron Bundle|Focus Sash\n|-damage|p1a: Iron Bundle|1\/100\n|\n|upkeep\n|\n|t:|1683451415\n|switch|p1b: Gholdengo|Gholdengo, L50|100\/100\n|turn|8\n|\n|t:|1683451435\n|-terastallize|p1b: Gholdengo|Water\n|move|p2a: Kingambit|Sucker Punch|p1b: Gholdengo\n|-damage|p1b: Gholdengo|9\/100\n|move|p1a: Iron Bundle|Hydro Pump|p2a: Kingambit\n|-damage|p2a: Kingambit|0 fnt\n|faint|p2a: Kingambit\n|move|p2b: Flutter Mane|Moonblast|p1a: Iron Bundle\n|-damage|p1a: Iron Bundle|0 fnt\n|faint|p1a: Iron Bundle\n|-end|p1a: Iron Bundle|Quark Drive|[silent]\n|move|p1b: Gholdengo|Make It Rain|p2b: Flutter Mane\n|-supereffective|p2b: Flutter Mane\n|-end|p2b: Flutter Mane|Substitute\n|-unboost|p1b: Gholdengo|spa|1\n|\n|upkeep\n|c|\u2606Arcacagne|gg\n|\n|t:|1683451451\n|switch|p2a: Amoonguss|Amoonguss, L50, F, tera:Water|80\/100\n|turn|9\n|\n|t:|1683451458\n|move|p2b: Flutter Mane|Shadow Ball|p1b: Gholdengo\n|-damage|p1b: Gholdengo|0 fnt\n|faint|p1b: Gholdengo\n|\n|win|Arcacagne\n|raw|Spare Me T-T's rating: 1053 → 1040<\/strong> (-13 for losing)\n|raw|Arcacagne's rating: 1155 → 1173<\/strong> (+18 for winning)\n|l|\u2606Spare Me T-T\n||Ladder isn't responding, score probably updated but might not have (Request timeout).\n","uploadtime":1683451743,"views":19,"p1id":"sparemett","p2id":"arcacagne","formatid":"gen9vgc2023regulationc","rating":1040,"private":0,"password":""}