{"id":"gen9vgc2023regulationc-1859842165","p1":"WOLFIELIL","p2":"AnthonyL","format":"[Gen 9] VGC 2023 Regulation C","log":"|j|\u2606WOLFIELIL\n|j|\u2606AnthonyL\n|t:|1683569067\n|gametype|doubles\n|player|p1|WOLFIELIL|265|1422\n|player|p2|AnthonyL|lucas|1468\n|teamsize|p1|6\n|teamsize|p2|6\n|gen|9\n|tier|[Gen 9] VGC 2023 Regulation C\n|rated|\n|rule|Species Clause: Limit one of each Pok\u00e9mon\n|rule|Item Clause: Limit one of each item\n|clearpoke\n|poke|p1|Garchomp, L50, M|\n|poke|p1|Gyarados, L50, F|\n|poke|p1|Amoonguss, L50, F|\n|poke|p1|Flutter Mane, L50|\n|poke|p1|Volcarona, L50, M|\n|poke|p1|Iron Hands, L50|\n|poke|p2|Garchomp, L50, F|\n|poke|p2|Gyarados, L50, F|\n|poke|p2|Amoonguss, L50, M|\n|poke|p2|Corviknight, L50, F|\n|poke|p2|Tyranitar, L50, F|\n|poke|p2|Lycanroc, L50, F|\n|teampreview|4\nAnthonyL has agreed to open team sheets.\n|inactive|Battle timer is ON: inactive players will automatically lose when time's up. (requested by AnthonyL)\n|\n|t:|1683569099\n|start\n|switch|p1a: Iron Hands|Iron Hands, L50|100\/100\n|switch|p1b: Gyarados|Gyarados, L50, F|100\/100\n|switch|p2a: Garchomp|Garchomp, L50, F|100\/100\n|switch|p2b: Corviknight|Corviknight, L50, F|100\/100\n|-ability|p1b: Gyarados|Intimidate|boost\n|-fail|p2a: Garchomp|unboost|[from] item: Clear Amulet|[of] p2a: Garchomp\n|-ability|p2b: Corviknight|Mirror Armor\n|-unboost|p1b: Gyarados|atk|1\n|turn|1\n|inactive|WOLFIELIL has 30 seconds left.\n|\n|t:|1683569125\n|move|p1a: Iron Hands|Fake Out|p2a: Garchomp\n|-damage|p2a: Garchomp|85\/100\n|-damage|p1a: Iron Hands|88\/100|[from] ability: Rough Skin|[of] p2a: Garchomp\n|cant|p2a: Garchomp|flinch\n|move|p1b: Gyarados|Taunt|p2b: Corviknight\n|-start|p2b: Corviknight|move: Taunt\n|cant|p2b: Corviknight|move: Taunt|Tailwind\n|\n|upkeep\n|turn|2\n|inactive|WOLFIELIL has 30 seconds left.\n|inactive|WOLFIELIL has 20 seconds left.\n|\n|t:|1683569161\n|-end|p1a: Iron Hands|Quark Drive|[silent]\n|switch|p1a: Amoonguss|Amoonguss, L50, F|100\/100\n|move|p2a: Garchomp|Earthquake|p1b: Gyarados|[spread] p1a\n|-immune|p2b: Corviknight\n|-immune|p1b: Gyarados\n|-damage|p1a: Amoonguss|70\/100\n|move|p1b: Gyarados|Waterfall|p2a: Garchomp\n|-damage|p2a: Garchomp|61\/100\n|-damage|p1b: Gyarados|88\/100|[from] ability: Rough Skin|[of] p2a: Garchomp\n|move|p2b: Corviknight|Brave Bird|p1a: Amoonguss\n|-supereffective|p1a: Amoonguss\n|-damage|p1a: Amoonguss|13\/100\n|-damage|p2b: Corviknight|84\/100|[from] item: Rocky Helmet|[of] p1a: Amoonguss\n|-damage|p2b: Corviknight|63\/100|[from] Recoil\n|\n|upkeep\n|turn|3\n|\n|t:|1683569180\n|switch|p1a: Flutter Mane|Flutter Mane, L50|100\/100\n|-enditem|p1a: Flutter Mane|Booster Energy\n|-activate|p1a: Flutter Mane|ability: Protosynthesis|[fromitem]\n|-start|p1a: Flutter Mane|protosynthesisspa\n|move|p2a: Garchomp|Swords Dance|p2a: Garchomp\n|-boost|p2a: Garchomp|atk|2\n|move|p1b: Gyarados|Taunt|p2a: Garchomp\n|-start|p2a: Garchomp|move: Taunt\n|move|p2b: Corviknight|Brave Bird|p1a: Flutter Mane\n|-damage|p1a: Flutter Mane|24\/100\n|-damage|p2b: Corviknight|45\/100|[from] Recoil\n|\n|-end|p2b: Corviknight|move: Taunt\n|upkeep\n|turn|4\n|\n|t:|1683569193\n|-terastallize|p2a: Garchomp|Steel\n|move|p1a: Flutter Mane|Moonblast|p2a: Garchomp\n|-resisted|p2a: Garchomp\n|-damage|p2a: Garchomp|24\/100\n|move|p2a: Garchomp|Rock Slide|p1a: Flutter Mane|[spread] p1a,p1b\n|-supereffective|p1b: Gyarados\n|-damage|p1a: Flutter Mane|0 fnt\n|-damage|p1b: Gyarados|6\/100\n|-enditem|p1b: Gyarados|Sitrus Berry|[eat]\n|-heal|p1b: Gyarados|31\/100|[from] item: Sitrus Berry\n|faint|p1a: Flutter Mane\n|-end|p1a: Flutter Mane|Protosynthesis|[silent]\n|move|p1b: Gyarados|Taunt|p2b: Corviknight\n|-start|p2b: Corviknight|move: Taunt\n|cant|p2b: Corviknight|move: Taunt|Tailwind\n|\n|upkeep\n|\n|t:|1683569195\n|switch|p1a: Iron Hands|Iron Hands, L50|88\/100\n|turn|5\n|\n|t:|1683569211\n|-terastallize|p1a: Iron Hands|Fighting\n|move|p2a: Garchomp|Earthquake|p1a: Iron Hands|[spread] p1a\n|-immune|p2b: Corviknight\n|-immune|p1b: Gyarados\n|-damage|p1a: Iron Hands|38\/100\n|move|p1b: Gyarados|Thunder Wave|p2b: Corviknight|[miss]\n|-miss|p1b: Gyarados|p2b: Corviknight\n|move|p2b: Corviknight|Brave Bird|p1a: Iron Hands\n|-supereffective|p1a: Iron Hands\n|-damage|p1a: Iron Hands|0 fnt\n|faint|p1a: Iron Hands\n|-end|p1a: Iron Hands|Quark Drive|[silent]\n|-damage|p2b: Corviknight|31\/100|[from] Recoil\n|\n|upkeep\n|-message|WOLFIELIL forfeited.\n|\n|win|AnthonyL\n|raw|WOLFIELIL's rating: 1422 → 1405<\/strong> (-17 for losing)\n|raw|AnthonyL's rating: 1468 → 1485<\/strong> (+17 for winning)\n|l|\u2606WOLFIELIL\n","uploadtime":1683569222,"views":15,"p1id":"wolfielil","p2id":"anthonyl","formatid":"gen9vgc2023regulationc","rating":1405,"private":0,"password":""}