{"id":"gen9vgc2023regulationc-1857894615","p1":"michisio","p2":"santi_SBA","format":"[Gen 9] VGC 2023 Regulation C","log":"|j|\u2606michisio\n|j|\u2606santi_SBA\n|t:|1683244203\n|gametype|doubles\n|player|p1|michisio|170|1316\n|player|p2|santi_SBA|1|1222\n|teamsize|p1|6\n|teamsize|p2|6\n|gen|9\n|tier|[Gen 9] VGC 2023 Regulation C\n|rated|\n|rule|Species Clause: Limit one of each Pok\u00e9mon\n|rule|Item Clause: Limit one of each item\n|clearpoke\n|poke|p1|Wo-Chien, L50|\n|poke|p1|Arcanine, L50, M|\n|poke|p1|Glimmora, L50, F|\n|poke|p1|Ting-Lu, L50|\n|poke|p1|Slowbro, L50, M|\n|poke|p1|Klefki, L50, F|\n|poke|p2|Murkrow, L50, F|\n|poke|p2|Chi-Yu, L50|\n|poke|p2|Annihilape, L50, F|\n|poke|p2|Torkoal, L50, F|\n|poke|p2|Oranguru, L50, M|\n|poke|p2|Armarouge, L50, F|\n|teampreview|4\n|inactive|Battle timer is ON: inactive players will automatically lose when time's up. (requested by santi_SBA)\n|\n|t:|1683244238\n|start\n|switch|p1a: Glimmora|Glimmora, L50, F|100\/100\n|switch|p1b: Wo-Chien|Wo-Chien, L50|100\/100\n|switch|p2a: Annihilape|Annihilape, L50, F|100\/100\n|switch|p2b: Oranguru|Oranguru, L50, M|100\/100\n|-ability|p1b: Wo-Chien|Tablets of Ruin\n|turn|1\n|inactive|santi_SBA has 30 seconds left.\n|\n|t:|1683244264\n|move|p2a: Annihilape|Final Gambit|p1a: Glimmora\n|-damage|p1a: Glimmora|3\/100\n|faint|p2a: Annihilape\n|move|p1a: Glimmora|Mortal Spin|p2b: Oranguru\n|-damage|p2b: Oranguru|96\/100\n|-status|p2b: Oranguru|psn\n|move|p1b: Wo-Chien|Leech Seed|p2b: Oranguru\n|-start|p2b: Oranguru|move: Leech Seed\n|move|p2b: Oranguru|Trick Room|p2b: Oranguru\n|-fieldstart|move: Trick Room|[of] p2b: Oranguru\n|\n|-damage|p2b: Oranguru|84\/100 psn|[from] Leech Seed|[of] p1b: Wo-Chien\n|-damage|p2b: Oranguru|71\/100 psn|[from] psn\n|upkeep\n|\n|t:|1683244277\n|switch|p2a: Torkoal|Torkoal, L50, F|100\/100\n|-weather|SunnyDay|[from] ability: Drought|[of] p2a: Torkoal\n|turn|2\n|\n|t:|1683244298\n|-terastallize|p1b: Wo-Chien|Water\n|move|p2a: Torkoal|Eruption|p1b: Wo-Chien|[spread] p1a,p1b\n|-resisted|p1a: Glimmora\n|-resisted|p1b: Wo-Chien\n|-damage|p1a: Glimmora|0 fnt\n|-damage|p1b: Wo-Chien|74\/100\n|faint|p1a: Glimmora\n|move|p2b: Oranguru|Instruct|p2a: Torkoal\n|-singleturn|p2a: Torkoal|move: Instruct|[of] p2b: Oranguru\n|move|p2a: Torkoal|Eruption|p1b: Wo-Chien\n|-resisted|p1b: Wo-Chien\n|-crit|p1b: Wo-Chien\n|-damage|p1b: Wo-Chien|18\/100\n|move|p1b: Wo-Chien|Leech Seed|p2a: Torkoal\n|-start|p2a: Torkoal|move: Leech Seed\n|\n|-weather|SunnyDay|[upkeep]\n|-damage|p2a: Torkoal|88\/100|[from] Leech Seed|[of] p1b: Wo-Chien\n|-heal|p1b: Wo-Chien|33\/100|[silent]\n|-damage|p2b: Oranguru|59\/100 psn|[from] Leech Seed|[of] p1b: Wo-Chien\n|-heal|p1b: Wo-Chien|49\/100|[silent]\n|-damage|p2b: Oranguru|47\/100 psn|[from] psn\n|upkeep\n|\n|t:|1683244319\n|switch|p1a: Slowbro|Slowbro, L50, M|100\/100\n|turn|3\n|inactive|santi_SBA has 30 seconds left.\n|\n|t:|1683244344\n|move|p2a: Torkoal|Eruption|p1b: Wo-Chien|[spread] p1a,p1b\n|-resisted|p1a: Slowbro\n|-resisted|p1b: Wo-Chien\n|-damage|p1a: Slowbro|68\/100\n|-damage|p1b: Wo-Chien|24\/100\n|move|p1a: Slowbro|Heal Pulse|p1b: Wo-Chien\n|-heal|p1b: Wo-Chien|74\/100\n|move|p2b: Oranguru|Instruct|p2a: Torkoal\n|-singleturn|p2a: Torkoal|move: Instruct|[of] p2b: Oranguru\n|move|p2a: Torkoal|Eruption|p1a: Slowbro|[spread] p1a,p1b\n|-resisted|p1a: Slowbro\n|-resisted|p1b: Wo-Chien\n|-damage|p1a: Slowbro|35\/100\n|-damage|p1b: Wo-Chien|52\/100\n|move|p1b: Wo-Chien|Ruination|p2a: Torkoal\n|-damage|p2a: Torkoal|45\/100\n|\n|-weather|SunnyDay|[upkeep]\n|-damage|p2a: Torkoal|32\/100|[from] Leech Seed|[of] p1b: Wo-Chien\n|-heal|p1b: Wo-Chien|67\/100|[silent]\n|-damage|p2b: Oranguru|35\/100 psn|[from] Leech Seed|[of] p1b: Wo-Chien\n|-heal|p1b: Wo-Chien|83\/100|[silent]\n|-damage|p2b: Oranguru|22\/100 psn|[from] psn\n|upkeep\n|turn|4\n|inactive|michisio has 30 seconds left.\n|inactive|santi_SBA has 30 seconds left.\n|\n|t:|1683244378\n|switch|p1a: Ting-Lu|Ting-Lu, L50|100\/100\n|-ability|p1a: Ting-Lu|Vessel of Ruin\n|move|p2a: Torkoal|Solar Beam||[still]\n|-prepare|p2a: Torkoal|Solar Beam\n|-anim|p2a: Torkoal|Solar Beam|p1a: Ting-Lu\n|-supereffective|p1a: Ting-Lu\n|-damage|p1a: Ting-Lu|61\/100\n|move|p2b: Oranguru|Instruct||[still]\n|-fail|p2b: Oranguru\n|move|p1b: Wo-Chien|Giga Drain|p2a: Torkoal\n|-resisted|p2a: Torkoal\n|-damage|p2a: Torkoal|20\/100\n|-heal|p1b: Wo-Chien|90\/100|[from] drain|[of] p2a: Torkoal\n|\n|-weather|SunnyDay|[upkeep]\n|-heal|p1a: Ting-Lu|67\/100|[from] item: Leftovers\n|-damage|p2a: Torkoal|8\/100|[from] Leech Seed|[of] p1b: Wo-Chien\n|-heal|p1b: Wo-Chien|100\/100|[silent]\n|-damage|p2b: Oranguru|10\/100 psn|[from] Leech Seed|[of] p1b: Wo-Chien\n|-damage|p2b: Oranguru|0 fnt|[from] psn\n|faint|p2b: Oranguru\n|upkeep\n|inactive|santi_SBA has 30 seconds left.\n|inactive|santi_SBA has 20 seconds left.\n|inactive|santi_SBA has 15 seconds left.\n|inactive|santi_SBA has 10 seconds left.\n|inactive|santi_SBA has 5 seconds left.\n|\n|t:|1683244428\n|switch|p2b: Armarouge|Armarouge, L50, F|100\/100\n|turn|5\n|inactive|santi_SBA has 30 seconds left.\n|\n|t:|1683244454\n|-terastallize|p2b: Armarouge|Grass\n|move|p2a: Torkoal|Heat Wave|p1a: Ting-Lu|[spread] p1a,p1b\n|-resisted|p1b: Wo-Chien\n|-damage|p1a: Ting-Lu|36\/100\n|-damage|p1b: Wo-Chien|88\/100\n|move|p1a: Ting-Lu|Sand Tomb|p2b: Armarouge\n|-resisted|p2b: Armarouge\n|-damage|p2b: Armarouge|96\/100\n|-activate|p2b: Armarouge|move: Sand Tomb|[of] p1a: Ting-Lu\n|move|p1b: Wo-Chien|Leech Seed|p2b: Armarouge\n|-immune|p2b: Armarouge\n|move|p2b: Armarouge|Energy Ball|p1a: Ting-Lu\n|-supereffective|p1a: Ting-Lu\n|-damage|p1a: Ting-Lu|0 fnt\n|faint|p1a: Ting-Lu\n|\n|-weather|SunnyDay|[upkeep]\n|-damage|p2a: Torkoal|0 fnt|[from] Leech Seed|[of] p1b: Wo-Chien\n|-heal|p1b: Wo-Chien|97\/100|[silent]\n|faint|p2a: Torkoal\n|-end|p2b: Armarouge|Sand Tomb|[partiallytrapped]|[silent]\n|-fieldend|move: Trick Room\n|upkeep\n|\n|t:|1683244475\n|switch|p1a: Slowbro|Slowbro, L50, M|68\/100\n|turn|6\n|\n|t:|1683244483\n|move|p2b: Armarouge|Energy Ball|p1a: Slowbro\n|-supereffective|p1a: Slowbro\n|-damage|p1a: Slowbro|0 fnt\n|faint|p1a: Slowbro\n|move|p1b: Wo-Chien|Ruination|p2b: Armarouge\n|-damage|p2b: Armarouge|48\/100\n|\n|-weather|none\n|upkeep\n|turn|7\n|\n|t:|1683244492\n|move|p2b: Armarouge|Energy Ball|p1b: Wo-Chien\n|-supereffective|p1b: Wo-Chien\n|-damage|p1b: Wo-Chien|47\/100\n|move|p1b: Wo-Chien|Ruination|p2b: Armarouge\n|-damage|p2b: Armarouge|25\/100\n|\n|upkeep\n|turn|8\n|inactive|michisio has 30 seconds left.\n|\n|t:|1683244517\n|move|p2b: Armarouge|Energy Ball|p1b: Wo-Chien\n|-supereffective|p1b: Wo-Chien\n|-damage|p1b: Wo-Chien|0 fnt\n|faint|p1b: Wo-Chien\n|\n|win|santi_SBA\n|raw|michisio's rating: 1316 → 1291<\/strong> (-25 for losing)\n|raw|santi_SBA's rating: 1222 → 1254<\/strong> (+32 for winning)\n","uploadtime":1683244524,"views":10,"p1id":"michisio","p2id":"santisba","formatid":"gen9vgc2023regulationc","rating":1254,"private":0,"password":""}