{"id":"gen9vgc2023regulationc-1845339044","p1":"13.1.4.5 nlght","p2":"kuhua9","format":"[Gen 9] VGC 2023 Regulation C","log":"|j|\u260613.1.4.5 nlght\n|j|\u2606kuhua9\n|t:|1681717691\n|gametype|doubles\n|player|p1|13.1.4.5 nlght|fisherman-gen4|1082\n|player|p2|kuhua9|elesa|1044\n|teamsize|p1|6\n|teamsize|p2|6\n|gen|9\n|tier|[Gen 9] VGC 2023 Regulation C\n|rated|\n|rule|Species Clause: Limit one of each Pok\u00e9mon\n|rule|Item Clause: Limit one of each item\n|clearpoke\n|poke|p1|Wo-Chien, L50|\n|poke|p1|Arcanine, L50, M|\n|poke|p1|Glimmora, L50, F|\n|poke|p1|Palafin, L50, M|\n|poke|p1|Amoonguss, L50, F|\n|poke|p1|Ting-Lu, L50|\n|poke|p2|Drifblim, L50, M|\n|poke|p2|Indeedee-F, L50, F|\n|poke|p2|Torkoal, L50, F|\n|poke|p2|Iron Hands, L50|\n|poke|p2|Ting-Lu, L50|\n|poke|p2|Lilligant, L50, F|\n|teampreview|4\n|inactive|Battle timer is ON: inactive players will automatically lose when time's up. (requested by kuhua9)\n|inactive|13.1.4.5 nlght also wants the timer to be on.\n|\n|t:|1681717717\n|start\n|switch|p1a: Glimmora|Glimmora, L50, F|100\/100\n|switch|p1b: Palafin|Palafin, L50, M|100\/100\n|switch|p2a: Drifblim|Drifblim, L50, M|100\/100\n|switch|p2b: Indeedee|Indeedee-F, L50, F|100\/100\n|-fieldstart|move: Psychic Terrain|[from] ability: Psychic Surge|[of] p2b: Indeedee\n|-enditem|p2a: Drifblim|Psychic Seed\n|-boost|p2a: Drifblim|spd|1|[from] item: Psychic Seed\n|turn|1\n|\n|t:|1681717733\n|move|p2a: Drifblim|Minimize|p2a: Drifblim\n|-boost|p2a: Drifblim|evasion|2\n|move|p1a: Glimmora|Mortal Spin|p2a: Drifblim|[spread] p2a,p2b\n|-resisted|p2a: Drifblim\n|-damage|p2a: Drifblim|97\/100\n|-damage|p2b: Indeedee|93\/100\n|-status|p2a: Drifblim|psn\n|-status|p2b: Indeedee|psn\n|move|p2b: Indeedee|Skill Swap|p1a: Glimmora\n|-activate|p2b: Indeedee|move: Skill Swap|Toxic Debris|Psychic Surge|[of] p1a: Glimmora\n|move|p1b: Palafin|Ice Punch|p2a: Drifblim\n|-supereffective|p2a: Drifblim\n|-damage|p2a: Drifblim|51\/100 psn\n|\n|-damage|p2a: Drifblim|38\/100 psn|[from] psn\n|-damage|p2b: Indeedee|81\/100 psn|[from] psn\n|upkeep\n|turn|2\n|inactive|13.1.4.5 nlght has 30 seconds left.\n|\n|t:|1681717763\n|switch|p1a: Ting-Lu|Ting-Lu, L50|100\/100\n|-ability|p1a: Ting-Lu|Vessel of Ruin\n|move|p2b: Indeedee|Follow Me|p2b: Indeedee\n|-singleturn|p2b: Indeedee|move: Follow Me\n|move|p2a: Drifblim|Minimize|p2a: Drifblim\n|-boost|p2a: Drifblim|evasion|2\n|move|p1b: Palafin|Ice Punch|p2b: Indeedee\n|-damage|p2b: Indeedee|55\/100 psn\n|-activate|p2b: Indeedee|ability: Toxic Debris\n|-sidestart|p1: 13.1.4.5 nlght|move: Toxic Spikes\n|\n|-damage|p2a: Drifblim|26\/100 psn|[from] psn\n|-damage|p2b: Indeedee|43\/100 psn|[from] psn\n|upkeep\n|turn|3\n|inactive|13.1.4.5 nlght has 30 seconds left.\n|\n|t:|1681717790\n|move|p1b: Palafin|Protect|p1b: Palafin\n|-singleturn|p1b: Palafin|Protect\n|move|p2b: Indeedee|Follow Me|p2b: Indeedee\n|-singleturn|p2b: Indeedee|move: Follow Me\n|move|p2a: Drifblim|Minimize|p2a: Drifblim\n|-boost|p2a: Drifblim|evasion|2\n|move|p1a: Ting-Lu|Whirlwind|p2b: Indeedee\n|drag|p2b: Torkoal|Torkoal, L50, F|100\/100\n|\n|-damage|p2a: Drifblim|13\/100 psn|[from] psn\n|upkeep\n|turn|4\n|\n|t:|1681717808\n|move|p2a: Drifblim|Baton Pass|p2a: Drifblim\n|\n|t:|1681717810\n|switch|p2a: Lilligant|Lilligant, L50, F|100\/100|[from] Baton Pass\n|move|p1b: Palafin|Wave Crash|p2b: Torkoal\n|-supereffective|p2b: Torkoal\n|-damage|p2b: Torkoal|11\/100\n|-damage|p1b: Palafin|75\/100|[from] Recoil\n|move|p2b: Torkoal|Iron Defense|p2b: Torkoal\n|-boost|p2b: Torkoal|def|2\n|move|p1a: Ting-Lu|Whirlwind|p2a: Lilligant\n|drag|p2a: Indeedee|Indeedee-F, L50, F|43\/100 psn\n|\n|-damage|p2a: Indeedee|30\/100 psn|[from] psn\n|upkeep\n|turn|5\n|\n|t:|1681717834\n|switch|p2b: Drifblim|Drifblim, L50, M|13\/100 psn\n|move|p2a: Indeedee|Follow Me|p2a: Indeedee\n|-singleturn|p2a: Indeedee|move: Follow Me\n|move|p1b: Palafin|Ice Punch|p2a: Indeedee\n|-damage|p2a: Indeedee|2\/100 psn\n|move|p1a: Ting-Lu|Stomping Tantrum|p2a: Indeedee\n|-damage|p2a: Indeedee|0 fnt\n|faint|p2a: Indeedee\n|\n|-damage|p2b: Drifblim|1\/100 psn|[from] psn\n|-fieldend|move: Psychic Terrain\n|upkeep\n|\n|t:|1681717845\n|switch|p2a: Torkoal|Torkoal, L50, F|11\/100\n|turn|6\n|\n|t:|1681717854\n|move|p1b: Palafin|Jet Punch|p2b: Drifblim\n|-damage|p2b: Drifblim|0 fnt\n|faint|p2b: Drifblim\n|move|p1a: Ting-Lu|Stomping Tantrum|p2a: Torkoal\n|-supereffective|p2a: Torkoal\n|-damage|p2a: Torkoal|0 fnt\n|faint|p2a: Torkoal\n|\n|upkeep\n|c|\u260613.1.4.5 nlght|loser\n|-message|kuhua9 forfeited.\n|\n|win|13.1.4.5 nlght\n|raw|13.1.4.5 nlght's rating: 1082 → 1107<\/strong> (+25 for winning)\n|raw|kuhua9's rating: 1044 → 1029<\/strong> (-15 for losing)\n|l|\u2606kuhua9\n","uploadtime":1681717864,"views":10,"p1id":"13145nlght","p2id":"kuhua9","formatid":"gen9vgc2023regulationc","rating":1029,"private":0,"password":""}