{"id":"gen9vgc2023regulationc-1860465161","p1":"Montendoz","p2":"xiaoven","format":"[Gen 9] VGC 2023 Regulation C","log":"|j|\u2606Montendoz\n|j|\u2606xiaoven\n|t:|1683646570\n|gametype|doubles\n|player|p1|Montendoz|101|1222\n|player|p2|xiaoven|iono|1195\n|teamsize|p1|6\n|teamsize|p2|6\n|gen|9\n|tier|[Gen 9] VGC 2023 Regulation C\n|rated|\n|rule|Species Clause: Limit one of each Pok\u00e9mon\n|rule|Item Clause: Limit one of each item\n|clearpoke\n|poke|p1|Annihilape, L50, F|\n|poke|p1|Sylveon, L50, F|\n|poke|p1|Great Tusk, L50|\n|poke|p1|Scream Tail, L50|\n|poke|p1|Torkoal, L50, F|\n|poke|p1|Tsareena, L50, F|\n|poke|p2|Glimmora, L50, M|\n|poke|p2|Wo-Chien, L50|\n|poke|p2|Baxcalibur, L50, M|\n|poke|p2|Salamence, L50, M|\n|poke|p2|Great Tusk, L50|\n|poke|p2|Flutter Mane, L50|\n|teampreview|4\n|\n|t:|1683646590\n|start\n|switch|p1a: Annihilape|Annihilape, L50, F|100\/100\n|switch|p1b: Scream Tail|Scream Tail, L50|100\/100\n|switch|p2a: violencia|Flutter Mane, L50, shiny|100\/100\n|switch|p2b: >dies|Glimmora, L50, M, shiny|100\/100\n|turn|1\n|\n|t:|1683646605\n|move|p2b: >dies|Spiky Shield|p2b: >dies\n|-singleturn|p2b: >dies|move: Protect\n|move|p1a: Annihilape|Final Gambit|p2b: >dies\n|-activate|p2b: >dies|move: Protect\n|move|p2a: violencia|Shadow Ball|p1a: Annihilape\n|-supereffective|p1a: Annihilape\n|-damage|p1a: Annihilape|0 fnt\n|faint|p1a: Annihilape\n|move|p1b: Scream Tail|Trick Room|p1b: Scream Tail\n|-fieldstart|move: Trick Room|[of] p1b: Scream Tail\n|\n|upkeep\n|\n|t:|1683646618\n|switch|p1a: Great Tusk|Great Tusk, L50|100\/100\n|turn|2\n|\n|t:|1683646639\n|-end|p2a: violencia|Protosynthesis|[silent]\n|switch|p2a: snail gaming|Wo-Chien, L50|100\/100\n|-ability|p2a: snail gaming|Tablets of Ruin\n|move|p1a: Great Tusk|Headlong Rush|p2b: >dies\n|-supereffective|p2b: >dies\n|-enditem|p2b: >dies|Focus Sash\n|-damage|p2b: >dies|1\/100\n|-unboost|p1a: Great Tusk|def|1\n|-unboost|p1a: Great Tusk|spd|1\n|-activate|p2b: >dies|ability: Toxic Debris\n|-sidestart|p1: Montendoz|move: Toxic Spikes\n|move|p1b: Scream Tail|Disable||[still]\n|-fail|p1b: Scream Tail\n|move|p2b: >dies|Mortal Spin|p1a: Great Tusk|[spread] p1a,p1b\n|-resisted|p1a: Great Tusk\n|-supereffective|p1b: Scream Tail\n|-damage|p1a: Great Tusk|99\/100\n|-damage|p1b: Scream Tail|95\/100\n|-status|p1a: Great Tusk|psn\n|-status|p1b: Scream Tail|psn\n|\n|-damage|p1a: Great Tusk|87\/100 psn|[from] psn\n|-damage|p1b: Scream Tail|83\/100 psn|[from] psn\n|upkeep\n|turn|3\n|\n|t:|1683646670\n|-end|p1a: Great Tusk|Protosynthesis|[silent]\n|switch|p1a: Torkoal|Torkoal, L50, F|100\/100\n|-status|p1a: Torkoal|psn\n|-weather|SunnyDay|[from] ability: Drought|[of] p1a: Torkoal\n|-activate|p1b: Scream Tail|ability: Protosynthesis\n|-start|p1b: Scream Tail|protosynthesisspd\n|move|p2b: >dies|Spiky Shield|p2b: >dies\n|-singleturn|p2b: >dies|move: Protect\n|move|p2a: snail gaming|Leech Seed|p1a: Torkoal\n|-start|p1a: Torkoal|move: Leech Seed\n|move|p1b: Scream Tail|Dazzling Gleam|p2b: >dies|[spread] p2a\n|-activate|p2b: >dies|move: Protect\n|-supereffective|p2a: snail gaming\n|-damage|p2a: snail gaming|81\/100\n|\n|-weather|SunnyDay|[upkeep]\n|-heal|p2a: snail gaming|86\/100|[from] item: Leftovers\n|-damage|p1a: Torkoal|88\/100 psn|[from] Leech Seed|[of] p2a: snail gaming\n|-heal|p2a: snail gaming|98\/100|[silent]\n|-damage|p1a: Torkoal|76\/100 psn|[from] psn\n|-damage|p1b: Scream Tail|71\/100 psn|[from] psn\n|upkeep\n|turn|4\n|\n|t:|1683646695\n|switch|p2b: bl\u00e5haj|Baxcalibur, L50, M|100\/100\n|-terastallize|p1a: Torkoal|Fire\n|move|p1b: Scream Tail|Helping Hand|p1a: Torkoal\n|-singleturn|p1a: Torkoal|Helping Hand|[of] p1b: Scream Tail\n|move|p1a: Torkoal|Eruption|p2a: snail gaming|[spread] p2a,p2b\n|-supereffective|p2a: snail gaming\n|-damage|p2a: snail gaming|0 fnt\n|-damage|p2b: bl\u00e5haj|0 fnt\n|faint|p2a: snail gaming\n|faint|p2b: bl\u00e5haj\n|\n|-weather|SunnyDay|[upkeep]\n|-damage|p1a: Torkoal|63\/100 psn|[from] psn\n|-damage|p1b: Scream Tail|59\/100 psn|[from] psn\n|upkeep\n|\n|t:|1683646710\n|switch|p2a: violencia|Flutter Mane, L50, shiny|100\/100\n|switch|p2b: >dies|Glimmora, L50, M, shiny|1\/100\n|-activate|p2a: violencia|ability: Protosynthesis\n|-start|p2a: violencia|protosynthesisspe\n|turn|5\n|\n|t:|1683646739\n|move|p2b: >dies|Spiky Shield|p2b: >dies\n|-singleturn|p2b: >dies|move: Protect\n|move|p1a: Torkoal|Heat Wave|p2b: >dies|[spread] p2a\n|-activate|p2b: >dies|move: Protect\n|-damage|p2a: violencia|21\/100\n|move|p1b: Scream Tail|Dazzling Gleam|p2a: violencia|[spread] p2a\n|-activate|p2b: >dies|move: Protect\n|-damage|p2a: violencia|7\/100\n|move|p2a: violencia|Hex|p1a: Torkoal\n|-damage|p1a: Torkoal|0 fnt\n|faint|p1a: Torkoal\n|\n|-weather|SunnyDay|[upkeep]\n|-damage|p1b: Scream Tail|46\/100 psn|[from] psn\n|-fieldend|move: Trick Room\n|upkeep\n|\n|t:|1683646754\n|switch|p1a: Great Tusk|Great Tusk, L50|87\/100 psn\n|-activate|p1a: Great Tusk|ability: Protosynthesis\n|-start|p1a: Great Tusk|protosynthesisatk\n|turn|6\n|\n|t:|1683646792\n|move|p2a: violencia|Hex|p1b: Scream Tail\n|-supereffective|p1b: Scream Tail\n|-damage|p1b: Scream Tail|0 fnt\n|faint|p1b: Scream Tail\n|-end|p1b: Scream Tail|Protosynthesis|[silent]\n|move|p2b: >dies|Energy Ball|p1a: Great Tusk\n|-supereffective|p1a: Great Tusk\n|-damage|p1a: Great Tusk|1\/100 psn\n|move|p1a: Great Tusk|Headlong Rush|p2a: violencia\n|-damage|p2a: violencia|0 fnt\n|-unboost|p1a: Great Tusk|def|1\n|-unboost|p1a: Great Tusk|spd|1\n|faint|p2a: violencia\n|-end|p2a: violencia|Protosynthesis|[silent]\n|\n|-weather|SunnyDay|[upkeep]\n|-damage|p1a: Great Tusk|0 fnt|[from] psn\n|faint|p1a: Great Tusk\n|-end|p1a: Great Tusk|Protosynthesis|[silent]\n|\n|win|xiaoven\n|upkeep\n|raw|Montendoz's rating: 1222 → 1195<\/strong> (-27 for losing)\n|raw|xiaoven's rating: 1195 → 1222<\/strong> (+27 for winning)\n|l|\u2606Montendoz\n","uploadtime":1683646835,"views":8,"p1id":"montendoz","p2id":"xiaoven","formatid":"gen9vgc2023regulationc","rating":1195,"private":0,"password":""}