{"id":"gen9vgc2023regulationc-1846984402","p1":"CarlettoJack","p2":"Alaskan_fisher","format":"[Gen 9] VGC 2023 Regulation C","log":"|j|\u2606CarlettoJack\n|j|\u2606Alaskan_fisher\n|t:|1681908926\n|gametype|doubles\n|player|p1|CarlettoJack|roughneck-gen4|1131\n|player|p2|Alaskan_fisher|fisherman-gen4|1206\n|teamsize|p1|6\n|teamsize|p2|6\n|gen|9\n|tier|[Gen 9] VGC 2023 Regulation C\n|rated|\n|rule|Species Clause: Limit one of each Pok\u00e9mon\n|rule|Item Clause: Limit one of each item\n|clearpoke\n|poke|p1|Wo-Chien, L50|\n|poke|p1|Glimmora, L50, F|\n|poke|p1|Flutter Mane, L50|\n|poke|p1|Arcanine, L50, F|\n|poke|p1|Iron Hands, L50|\n|poke|p1|Maushold-Four, L50|\n|poke|p2|Maushold-Four, L50|\n|poke|p2|Iron Hands, L50|\n|poke|p2|Palafin, L50, F|\n|poke|p2|Ting-Lu, L50|\n|poke|p2|Flutter Mane, L50|\n|poke|p2|Arcanine, L50, M|\n|teampreview|4\nAlaskan_fisher has agreed to open team sheets.\n|\n|t:|1681908956\n|start\n|switch|p1a: Flutter Mane|Flutter Mane, L50|100\/100\n|switch|p1b: Maushold|Maushold-Four, L50|100\/100\n|switch|p2a: Iron Hands|Iron Hands, L50|100\/100\n|switch|p2b: Maushold|Maushold-Four, L50|100\/100\n|turn|1\n|\n|t:|1681908981\n|move|p1b: Maushold|Follow Me|p1b: Maushold\n|-singleturn|p1b: Maushold|move: Follow Me\n|move|p2b: Maushold|Follow Me|p2b: Maushold\n|-singleturn|p2b: Maushold|move: Follow Me\n|move|p1a: Flutter Mane|Calm Mind|p1a: Flutter Mane\n|-boost|p1a: Flutter Mane|spa|1\n|-boost|p1a: Flutter Mane|spd|1\n|move|p2a: Iron Hands|Close Combat|p1b: Maushold\n|-supereffective|p1b: Maushold\n|-damage|p1b: Maushold|0 fnt\n|-unboost|p2a: Iron Hands|def|1\n|-unboost|p2a: Iron Hands|spd|1\n|-damage|p2a: Iron Hands|84\/100|[from] item: Rocky Helmet|[of] p1b: Maushold\n|faint|p1b: Maushold\n|\n|upkeep\n|\n|t:|1681908995\n|switch|p1b: Wo-Chien|Wo-Chien, L50|100\/100\n|-ability|p1b: Wo-Chien|Tablets of Ruin\n|turn|2\n|\n|t:|1681909037\n|move|p1a: Flutter Mane|Dazzling Gleam|p2b: Maushold|[spread] p2a,p2b\n|-supereffective|p2a: Iron Hands\n|-damage|p2a: Iron Hands|7\/100\n|-damage|p2b: Maushold|37\/100\n|move|p2b: Maushold|Super Fang|p1b: Wo-Chien\n|-damage|p1b: Wo-Chien|50\/100\n|move|p1b: Wo-Chien|Leech Seed|p2b: Maushold\n|-start|p2b: Maushold|move: Leech Seed\n|move|p2a: Iron Hands|Close Combat|p1b: Wo-Chien\n|-supereffective|p1b: Wo-Chien\n|-damage|p1b: Wo-Chien|0 fnt\n|-unboost|p2a: Iron Hands|def|1\n|-unboost|p2a: Iron Hands|spd|1\n|faint|p1b: Wo-Chien\n|\n|upkeep\n|\n|t:|1681909050\n|switch|p1b: Arcanine|Arcanine, L50, F|100\/100\n|-ability|p1b: Arcanine|Intimidate|boost\n|-fail|p2a: Iron Hands|unboost|[from] item: Clear Amulet|[of] p2a: Iron Hands\n|-unboost|p2b: Maushold|atk|1\n|turn|3\n|\n|t:|1681909070\n|-end|p2a: Iron Hands|Quark Drive|[silent]\n|switch|p2a: Arcanine|Arcanine, L50, M|100\/100\n|-ability|p2a: Arcanine|Intimidate|boost\n|-unboost|p1a: Flutter Mane|atk|1\n|-unboost|p1b: Arcanine|atk|1\n|move|p2b: Maushold|Protect|p2b: Maushold\n|-singleturn|p2b: Maushold|Protect\n|move|p1b: Arcanine|Extreme Speed|p2b: Maushold\n|-activate|p2b: Maushold|move: Protect\n|move|p1a: Flutter Mane|Dazzling Gleam|p2a: Arcanine|[spread] p2a\n|-activate|p2b: Maushold|move: Protect\n|-resisted|p2a: Arcanine\n|-damage|p2a: Arcanine|80\/100\n|\n|-damage|p2b: Maushold|25\/100|[from] Leech Seed|[of] p1b: Arcanine\n|upkeep\n|turn|4\n|\n|t:|1681909120\n|-terastallize|p1a: Flutter Mane|Ghost\n|move|p2b: Maushold|Helping Hand|p2a: Arcanine\n|-singleturn|p2a: Arcanine|Helping Hand|[of] p2b: Maushold\n|move|p1b: Arcanine|Extreme Speed|p2b: Maushold\n|-damage|p2b: Maushold|5\/100\n|move|p1a: Flutter Mane|Shadow Ball|p2a: Arcanine\n|-damage|p2a: Arcanine|10\/100\n|-unboost|p2a: Arcanine|spd|1\n|move|p2a: Arcanine|Flare Blitz|p1a: Flutter Mane\n|-enditem|p1a: Flutter Mane|Focus Sash\n|-damage|p1a: Flutter Mane|1\/100\n|-damage|p2a: Arcanine|0 fnt|[from] Recoil\n|faint|p2a: Arcanine\n|\n|-damage|p2b: Maushold|0 fnt|[from] Leech Seed|[of] p1b: Arcanine\n|faint|p2b: Maushold\n|upkeep\n|\n|t:|1681909137\n|switch|p2b: Flutter Mane|Flutter Mane, L50|100\/100\n|switch|p2a: Iron Hands|Iron Hands, L50|7\/100\n|turn|5\n|\n|t:|1681909158\n|move|p1a: Flutter Mane|Protect|p1a: Flutter Mane\n|-singleturn|p1a: Flutter Mane|Protect\n|move|p2a: Iron Hands|Fake Out|p1b: Arcanine\n|-damage|p1b: Arcanine|86\/100\n|move|p2b: Flutter Mane|Shadow Ball|p1a: Flutter Mane\n|-activate|p1a: Flutter Mane|move: Protect\n|cant|p1b: Arcanine|flinch\n|\n|upkeep\n|turn|6\n|\n|t:|1681909173\n|move|p2b: Flutter Mane|Shadow Ball|p1a: Flutter Mane\n|-supereffective|p1a: Flutter Mane\n|-damage|p1a: Flutter Mane|0 fnt\n|faint|p1a: Flutter Mane\n|-end|p1a: Flutter Mane|Protosynthesis|[silent]\n|move|p1b: Arcanine|Snarl|p2a: Iron Hands|[spread] p2a,p2b\n|-resisted|p2a: Iron Hands\n|-damage|p2a: Iron Hands|4\/100\n|-damage|p2b: Flutter Mane|93\/100\n|-unboost|p2b: Flutter Mane|spa|1\n|move|p2a: Iron Hands|Close Combat|p1b: Arcanine\n|-damage|p1b: Arcanine|30\/100\n|-unboost|p2a: Iron Hands|def|1\n|-unboost|p2a: Iron Hands|spd|1\n|\n|upkeep\n|turn|7\n|-message|CarlettoJack forfeited.\n|\n|win|Alaskan_fisher\n|raw|CarlettoJack's rating: 1131 → 1111<\/strong> (-20 for losing)\n|raw|Alaskan_fisher's rating: 1206 → 1226<\/strong> (+20 for winning)\n|l|\u2606CarlettoJack\n","uploadtime":1681909205,"views":7,"p1id":"carlettojack","p2id":"alaskanfisher","formatid":"gen9vgc2023regulationc","rating":1111,"private":0,"password":""}