{"id":"gen9vgc2023regulationc-1846554854","p1":"Brawlicjon","p2":"Trippple H","format":"[Gen 9] VGC 2023 Regulation C","log":"|j|\u2606Brawlicjon\n|j|\u2606Trippple H\n|t:|1681851167\n|gametype|doubles\n|player|p1|Brawlicjon|265|\n|player|p2|Trippple H|crasherwake|\n|teamsize|p1|6\n|teamsize|p2|6\n|gen|9\n|tier|[Gen 9] VGC 2023 Regulation C\n|rule|Species Clause: Limit one of each Pok\u00e9mon\n|rule|Item Clause: Limit one of each item\n|clearpoke\n|poke|p1|Maushold-Four, L50|\n|poke|p1|Annihilape, L50, F|\n|poke|p1|Flutter Mane, L50|\n|poke|p1|Amoonguss, L50, M|\n|poke|p1|Houndoom, L50, M|\n|poke|p1|Scizor, L50, F|\n|poke|p2|Arcanine, L50, F|\n|poke|p2|Meowscarada, L50, F|\n|poke|p2|Iron Hands, L50|\n|poke|p2|Tauros-Paldea-Aqua, L50, M|\n|poke|p2|Klefki, L50, F|\n|poke|p2|Gholdengo, L50|\n|teampreview|4\n|\n|t:|1681851224\n|start\n|switch|p1a: Mi amo Puppy|Houndoom, L50, M|100\/100\n|switch|p1b: #7 lol|Flutter Mane, L50|100\/100\n|switch|p2a: NikkitaLyon|Meowscarada, L50, F|100\/100\n|switch|p2b: Klefki|Klefki, L50, F|100\/100\n|turn|1\n|\n|t:|1681851253\n|switch|p2a: Arcanine|Arcanine, L50, F|100\/100\n|-ability|p2a: Arcanine|Intimidate|boost\n|-unboost|p1a: Mi amo Puppy|atk|1\n|-unboost|p1b: #7 lol|atk|1\n|-terastallize|p1b: #7 lol|Fairy\n|move|p2b: Klefki|Light Screen|p2b: Klefki\n|-sidestart|p2: Trippple H|move: Light Screen\n|move|p1b: #7 lol|Icy Wind|p2a: Arcanine|[spread] p2a,p2b\n|-resisted|p2a: Arcanine\n|-resisted|p2b: Klefki\n|-damage|p2a: Arcanine|93\/100\n|-damage|p2b: Klefki|95\/100\n|-unboost|p2a: Arcanine|spe|1\n|-unboost|p2b: Klefki|spe|1\n|move|p1a: Mi amo Puppy|Heat Wave|p2b: Klefki|[spread] p2a,p2b\n|-resisted|p2a: Arcanine\n|-supereffective|p2b: Klefki\n|-damage|p2a: Arcanine|75\/100\n|-damage|p2b: Klefki|43\/100\n|-status|p2b: Klefki|brn\n|-damage|p1a: Mi amo Puppy|90\/100|[from] item: Life Orb\n|\n|-damage|p2b: Klefki|37\/100 brn|[from] brn\n|upkeep\n|turn|2\n|\n|t:|1681851297\n|move|p2b: Klefki|Thunder Wave|p1b: #7 lol\n|-status|p1b: #7 lol|par\n|move|p1a: Mi amo Puppy|Dark Pulse|p2a: Arcanine\n|-damage|p2a: Arcanine|36\/100\n|-enditem|p2a: Arcanine|Sitrus Berry|[eat]\n|-heal|p2a: Arcanine|60\/100|[from] item: Sitrus Berry\n|-damage|p1a: Mi amo Puppy|80\/100|[from] item: Life Orb\n|move|p2a: Arcanine|Flare Blitz|p1b: #7 lol\n|-enditem|p1b: #7 lol|Focus Sash\n|-damage|p1b: #7 lol|1\/100 par\n|-damage|p2a: Arcanine|35\/100|[from] Recoil\n|move|p1b: #7 lol|Shadow Ball|p2a: Arcanine\n|-crit|p2a: Arcanine\n|-damage|p2a: Arcanine|0 fnt\n|faint|p2a: Arcanine\n|\n|-damage|p2b: Klefki|31\/100 brn|[from] brn\n|upkeep\n|\n|t:|1681851316\n|switch|p2a: NikkitaLyon|Meowscarada, L50, F|100\/100\n|turn|3\n|\n|t:|1681851336\n|move|p2a: NikkitaLyon|Knock Off|p1a: Mi amo Puppy\n|-resisted|p1a: Mi amo Puppy\n|-damage|p1a: Mi amo Puppy|37\/100\n|-enditem|p1a: Mi amo Puppy|Life Orb|[from] move: Knock Off|[of] p2a: NikkitaLyon\n|move|p1a: Mi amo Puppy|Heat Wave|p2a: NikkitaLyon|[spread] p2a,p2b\n|-supereffective|p2a: NikkitaLyon\n|-supereffective|p2b: Klefki\n|-damage|p2a: NikkitaLyon|29\/100\n|-damage|p2b: Klefki|0 fnt\n|faint|p2b: Klefki\n|cant|p1b: #7 lol|par\n|\n|upkeep\n|\n|t:|1681851346\n|switch|p2b: $Money in the Bank|Gholdengo, L50|100\/100\n|turn|4\n|\n|t:|1681851376\n|move|p1a: Mi amo Puppy|Protect|p1a: Mi amo Puppy\n|-singleturn|p1a: Mi amo Puppy|Protect\n|move|p2b: $Money in the Bank|Shadow Ball|p1b: #7 lol\n|-damage|p1b: #7 lol|0 fnt\n|faint|p1b: #7 lol\n|-end|p1b: #7 lol|Protosynthesis|[silent]\n|move|p2a: NikkitaLyon|Flower Trick|p1a: Mi amo Puppy\n|-activate|p1a: Mi amo Puppy|move: Protect\n|\n|upkeep\n|\n|t:|1681851388\n|switch|p1b: Metal gear solid|Scizor, L50, F|100\/100\n|turn|5\n|\n|t:|1681851415\n|-terastallize|p2a: NikkitaLyon|Steel\n|move|p1b: Metal gear solid|Bullet Punch|p2a: NikkitaLyon\n|-resisted|p2a: NikkitaLyon\n|-damage|p2a: NikkitaLyon|2\/100\n|move|p2b: $Money in the Bank|Shadow Ball|p1b: Metal gear solid\n|-damage|p1b: Metal gear solid|46\/100\n|move|p2a: NikkitaLyon|Flower Trick|p1a: Mi amo Puppy\n|-resisted|p1a: Mi amo Puppy\n|-crit|p1a: Mi amo Puppy\n|-damage|p1a: Mi amo Puppy|0 fnt\n|faint|p1a: Mi amo Puppy\n|\n|upkeep\n|\n|t:|1681851427\n|switch|p1a: KONG|Annihilape, L50, F|100\/100\n|turn|6\n|\n|t:|1681851443\n|move|p2a: NikkitaLyon|Protect|p2a: NikkitaLyon\n|-singleturn|p2a: NikkitaLyon|Protect\n|move|p1b: Metal gear solid|Bullet Punch|p2a: NikkitaLyon\n|-activate|p2a: NikkitaLyon|move: Protect\n|move|p2b: $Money in the Bank|Shadow Ball|p1b: Metal gear solid\n|-damage|p1b: Metal gear solid|0 fnt\n|faint|p1b: Metal gear solid\n|move|p1a: KONG|Rage Fist|p2b: $Money in the Bank\n|-supereffective|p2b: $Money in the Bank\n|-damage|p2b: $Money in the Bank|47\/100\n|\n|upkeep\n|turn|7\n|\n|t:|1681851460\n|move|p2b: $Money in the Bank|Shadow Ball|p1a: KONG\n|-supereffective|p1a: KONG\n|-damage|p1a: KONG|31\/100\n|move|p2a: NikkitaLyon|Flower Trick|p1a: KONG\n|-crit|p1a: KONG\n|-damage|p1a: KONG|0 fnt\n|faint|p1a: KONG\n|\n|win|Trippple H\n","uploadtime":1681851475,"views":18,"p1id":"brawlicjon","p2id":"tripppleh","formatid":"gen9vgc2023regulationc","rating":0,"private":0,"password":""}