{"id":"gen9vgc2023regulationc-1863391864","p1":"revocolombia","p2":"vivian20","format":"[Gen 9] VGC 2023 Regulation C","log":"|j|\u2606revocolombia\n|j|\u2606vivian20\n|t:|1684011068\n|gametype|doubles\n|player|p1|revocolombia|pokemonranger-gen4|1415\n|player|p2|vivian20|266|1411\n|teamsize|p1|6\n|teamsize|p2|6\n|gen|9\n|tier|[Gen 9] VGC 2023 Regulation C\n|rated|\n|rule|Species Clause: Limit one of each Pok\u00e9mon\n|rule|Item Clause: Limit one of each item\n|clearpoke\n|poke|p1|Flutter Mane, L50|\n|poke|p1|Annihilape, L50, M|\n|poke|p1|Dragonite, L50, F|\n|poke|p1|Chien-Pao, L50|\n|poke|p1|Murkrow, L50, F|\n|poke|p1|Gholdengo, L50|\n|poke|p2|Glimmora, L50, F|\n|poke|p2|Flutter Mane, L50|\n|poke|p2|Tatsugiri, L50, F|\n|poke|p2|Dondozo, L50, F|\n|poke|p2|Arcanine, L50, F|\n|poke|p2|Wo-Chien, L50|\n|teampreview|4\nvivian20 has agreed to open team sheets.\n|\n|t:|1684011102\n|start\n|switch|p1a: Gholdengo|Gholdengo, L50|100\/100\n|switch|p1b: Dragonite|Dragonite, L50, F|100\/100\n|switch|p2a: Flutter Mane|Flutter Mane, L50|100\/100\n|switch|p2b: Glimmora|Glimmora, L50, F|100\/100\n|turn|1\n|\n|t:|1684011118\n|-terastallize|p1a: Gholdengo|Water\n|move|p2a: Flutter Mane|Shadow Ball|p1a: Gholdengo\n|-damage|p1a: Gholdengo|52\/100\n|-unboost|p1a: Gholdengo|spd|1\n|move|p1a: Gholdengo|Make It Rain|p2b: Glimmora|[spread] p2a,p2b\n|-supereffective|p2a: Flutter Mane\n|-supereffective|p2b: Glimmora\n|-enditem|p2a: Flutter Mane|Focus Sash\n|-damage|p2a: Flutter Mane|1\/100\n|-damage|p2b: Glimmora|6\/100\n|-unboost|p1a: Gholdengo|spa|1\n|-damage|p1a: Gholdengo|42\/100|[from] item: Life Orb\n|move|p1b: Dragonite|Dragon Dance|p1b: Dragonite\n|-boost|p1b: Dragonite|atk|1\n|-boost|p1b: Dragonite|spe|1\n|move|p2b: Glimmora|Earth Power|p1a: Gholdengo\n|-damage|p1a: Gholdengo|0 fnt\n|faint|p1a: Gholdengo\n|\n|upkeep\n|\n|t:|1684011141\n|switch|p1a: Flutter Mane|Flutter Mane, L50|100\/100\n|-enditem|p1a: Flutter Mane|Booster Energy\n|-activate|p1a: Flutter Mane|ability: Protosynthesis|[fromitem]\n|-start|p1a: Flutter Mane|protosynthesisspe\n|turn|2\n|\n|t:|1684011168\n|move|p1a: Flutter Mane|Dazzling Gleam|p2b: Glimmora|[spread] p2a,p2b\n|-crit|p2a: Flutter Mane\n|-resisted|p2b: Glimmora\n|-damage|p2a: Flutter Mane|0 fnt\n|-damage|p2b: Glimmora|0 fnt\n|faint|p2a: Flutter Mane\n|-end|p2a: Flutter Mane|Protosynthesis|[silent]\n|faint|p2b: Glimmora\n|move|p1b: Dragonite|Dragon Dance|p1b: Dragonite\n|-boost|p1b: Dragonite|atk|1\n|-boost|p1b: Dragonite|spe|1\n|\n|upkeep\n|\n|t:|1684011179\n|switch|p2a: Arcanine|Arcanine, L50, F|100\/100\n|switch|p2b: Wo-Chien|Wo-Chien, L50|100\/100\n|-ability|p2a: Arcanine|Intimidate|boost\n|-unboost|p1a: Flutter Mane|atk|1\n|-unboost|p1b: Dragonite|atk|1\n|-ability|p2b: Wo-Chien|Tablets of Ruin\n|turn|3\n|\n|t:|1684011199\n|-terastallize|p2b: Wo-Chien|Poison\n|move|p1a: Flutter Mane|Shadow Ball|p2a: Arcanine\n|-damage|p2a: Arcanine|66\/100\n|move|p1b: Dragonite|Low Kick|p2b: Wo-Chien\n|-resisted|p2b: Wo-Chien\n|-damage|p2b: Wo-Chien|86\/100\n|move|p2a: Arcanine|Flare Blitz|p1a: Flutter Mane\n|-damage|p1a: Flutter Mane|43\/100\n|-damage|p2a: Arcanine|53\/100|[from] Recoil\n|move|p2b: Wo-Chien|Leech Seed|p1b: Dragonite\n|-start|p1b: Dragonite|move: Leech Seed\n|\n|-heal|p2b: Wo-Chien|93\/100|[from] item: Leftovers\n|-damage|p1b: Dragonite|88\/100|[from] Leech Seed|[of] p2b: Wo-Chien\n|-heal|p2b: Wo-Chien|100\/100|[silent]\n|upkeep\n|turn|4\n|\n|t:|1684011226\n|move|p2a: Arcanine|Protect|p2a: Arcanine\n|-singleturn|p2a: Arcanine|Protect\n|move|p1b: Dragonite|Extreme Speed|p2a: Arcanine\n|-activate|p2a: Arcanine|move: Protect\n|move|p1a: Flutter Mane|Shadow Ball|p2a: Arcanine\n|-activate|p2a: Arcanine|move: Protect\n|move|p2b: Wo-Chien|Snarl|p1a: Flutter Mane|[spread] p1a,p1b\n|-damage|p1a: Flutter Mane|29\/100\n|-damage|p1b: Dragonite|74\/100\n|-unboost|p1a: Flutter Mane|spa|1\n|-unboost|p1b: Dragonite|spa|1\n|\n|-damage|p1b: Dragonite|62\/100|[from] Leech Seed|[of] p2b: Wo-Chien\n|upkeep\n|turn|5\n|\n|t:|1684011260\n|move|p1b: Dragonite|Extreme Speed|p2a: Arcanine\n|-damage|p2a: Arcanine|18\/100\n|move|p1a: Flutter Mane|Shadow Ball|p2a: Arcanine\n|-damage|p2a: Arcanine|0 fnt\n|faint|p2a: Arcanine\n|move|p2b: Wo-Chien|Snarl|p1b: Dragonite|[spread] p1a,p1b\n|-damage|p1a: Flutter Mane|13\/100\n|-damage|p1b: Dragonite|48\/100\n|-unboost|p1a: Flutter Mane|spa|1\n|-unboost|p1b: Dragonite|spa|1\n|\n|-damage|p1b: Dragonite|35\/100|[from] Leech Seed|[of] p2b: Wo-Chien\n|upkeep\n|turn|6\n|\n|t:|1684011292\n|move|p1a: Flutter Mane|Shadow Ball|p2b: Wo-Chien\n|-damage|p2b: Wo-Chien|88\/100\n|move|p1b: Dragonite|Thunder Punch|p2b: Wo-Chien\n|-damage|p2b: Wo-Chien|59\/100\n|move|p2b: Wo-Chien|Leech Seed|p1a: Flutter Mane\n|-start|p1a: Flutter Mane|move: Leech Seed\n|\n|-heal|p2b: Wo-Chien|65\/100|[from] item: Leftovers\n|-damage|p1a: Flutter Mane|0 fnt|[from] Leech Seed|[of] p2b: Wo-Chien\n|-heal|p2b: Wo-Chien|73\/100|[silent]\n|faint|p1a: Flutter Mane\n|-end|p1a: Flutter Mane|Protosynthesis|[silent]\n|-damage|p1b: Dragonite|23\/100|[from] Leech Seed|[of] p2b: Wo-Chien\n|-heal|p2b: Wo-Chien|85\/100|[silent]\n|upkeep\n|\n|t:|1684011316\n|switch|p1a: Murkrow|Murkrow, L50, F|100\/100\n|turn|7\n|\n|t:|1684011330\n|move|p2b: Wo-Chien|Protect|p2b: Wo-Chien\n|-singleturn|p2b: Wo-Chien|Protect\n|move|p1a: Murkrow|Taunt|p2b: Wo-Chien\n|-activate|p2b: Wo-Chien|move: Protect\n|move|p1b: Dragonite|Thunder Punch|p2b: Wo-Chien\n|-activate|p2b: Wo-Chien|move: Protect\n|\n|-heal|p2b: Wo-Chien|91\/100|[from] item: Leftovers\n|-damage|p1b: Dragonite|10\/100|[from] Leech Seed|[of] p2b: Wo-Chien\n|-heal|p2b: Wo-Chien|100\/100|[silent]\n|upkeep\n|turn|8\n|\n|t:|1684011350\n|move|p1a: Murkrow|Taunt|p2b: Wo-Chien\n|-start|p2b: Wo-Chien|move: Taunt\n|move|p1b: Dragonite|Thunder Punch|p2b: Wo-Chien\n|-damage|p2b: Wo-Chien|74\/100\n|move|p2b: Wo-Chien|Snarl|p1b: Dragonite|[spread] p1a,p1b\n|-resisted|p1a: Murkrow\n|-damage|p1a: Murkrow|95\/100\n|-damage|p1b: Dragonite|0 fnt\n|-unboost|p1a: Murkrow|spa|1\n|faint|p1b: Dragonite\n|\n|-heal|p2b: Wo-Chien|80\/100|[from] item: Leftovers\n|upkeep\n|turn|9\n|\n|t:|1684011367\n|move|p1a: Murkrow|Foul Play|p2b: Wo-Chien\n|-damage|p2b: Wo-Chien|66\/100\n|move|p2b: Wo-Chien|Pollen Puff|p1a: Murkrow\n|-damage|p1a: Murkrow|76\/100\n|\n|-heal|p2b: Wo-Chien|72\/100|[from] item: Leftovers\n|upkeep\n|turn|10\n|\n|t:|1684011377\n|move|p1a: Murkrow|Foul Play|p2b: Wo-Chien\n|-damage|p2b: Wo-Chien|58\/100\n|move|p2b: Wo-Chien|Pollen Puff|p1a: Murkrow\n|-damage|p1a: Murkrow|54\/100\n|\n|-heal|p2b: Wo-Chien|65\/100|[from] item: Leftovers\n|-end|p2b: Wo-Chien|move: Taunt\n|upkeep\n|turn|11\n|\n|t:|1684011388\n|move|p2b: Wo-Chien|Protect|p2b: Wo-Chien\n|-singleturn|p2b: Wo-Chien|Protect\n|move|p1a: Murkrow|Taunt|p2b: Wo-Chien\n|-activate|p2b: Wo-Chien|move: Protect\n|\n|-heal|p2b: Wo-Chien|71\/100|[from] item: Leftovers\n|upkeep\n|turn|12\n|\n|t:|1684011396\n|move|p1a: Murkrow|Taunt|p2b: Wo-Chien\n|-start|p2b: Wo-Chien|move: Taunt\n|move|p2b: Wo-Chien|Pollen Puff|p1a: Murkrow\n|-damage|p1a: Murkrow|33\/100\n|\n|-heal|p2b: Wo-Chien|77\/100|[from] item: Leftovers\n|upkeep\n|turn|13\n|\n|t:|1684011407\n|move|p1a: Murkrow|Foul Play|p2b: Wo-Chien\n|-damage|p2b: Wo-Chien|63\/100\n|move|p2b: Wo-Chien|Pollen Puff|p1a: Murkrow\n|-damage|p1a: Murkrow|14\/100\n|\n|-heal|p2b: Wo-Chien|69\/100|[from] item: Leftovers\n|upkeep\n|turn|14\n|\n|t:|1684011418\n|move|p1a: Murkrow|Foul Play|p2b: Wo-Chien\n|-damage|p2b: Wo-Chien|55\/100\n|move|p2b: Wo-Chien|Pollen Puff|p1a: Murkrow\n|-damage|p1a: Murkrow|0 fnt\n|faint|p1a: Murkrow\n|\n|win|vivian20\n|raw|revocolombia's rating: 1415 → 1395<\/strong> (-20 for losing)\n|raw|vivian20's rating: 1411 → 1431<\/strong> (+20 for winning)\n","uploadtime":1684011432,"views":11,"p1id":"revocolombia","p2id":"vivian20","formatid":"gen9vgc2023regulationc","rating":1395,"private":0,"password":""}