{"id":"gen9vgc2023regulationc-1847407312","p1":"Chaotic Raos","p2":"Manolo M","format":"[Gen 9] VGC 2023 Regulation C","log":"|j|\u2606Chaotic Raos\n|j|\u2606Manolo M\n|t:|1681951497\n|gametype|doubles\n|player|p1|Chaotic Raos|bellelba|1400\n|player|p2|Manolo M|bugcatcher-gen4dp|1343\n|teamsize|p1|6\n|teamsize|p2|6\n|gen|9\n|tier|[Gen 9] VGC 2023 Regulation C\n|rated|\n|rule|Species Clause: Limit one of each Pok\u00e9mon\n|rule|Item Clause: Limit one of each item\n|clearpoke\n|poke|p1|Iron Moth, L50|\n|poke|p1|Florges, L50, F|\n|poke|p1|Azumarill, L50, M|\n|poke|p1|Garchomp, L50, F|\n|poke|p1|Talonflame, L50, F|\n|poke|p1|Iron Bundle, L50|\n|poke|p2|Alomomola, L50, F|\n|poke|p2|Kingambit, L50, M|\n|poke|p2|Amoonguss, L50, M|\n|poke|p2|Azumarill, L50, F|\n|poke|p2|Sableye, L50, M|\n|poke|p2|Slowking, L50, M|\n|teampreview|4\n|\n|t:|1681951559\n|start\n|switch|p1a: Talonflame|Talonflame, L50, F|100\/100\n|switch|p1b: Iron Bundle|Iron Bundle, L50|100\/100\n|switch|p2a: Alomomola|Alomomola, L50, F|100\/100\n|switch|p2b: Slowking|Slowking, L50, M|100\/100\n|turn|1\n|\n|t:|1681951580\n|move|p1b: Iron Bundle|Freeze-Dry|p2b: Slowking\n|-supereffective|p2b: Slowking\n|-damage|p2b: Slowking|40\/100\n|-enditem|p2b: Slowking|Sitrus Berry|[eat]\n|-heal|p2b: Slowking|65\/100|[from] item: Sitrus Berry\n|move|p1a: Talonflame|Taunt|p2b: Slowking\n|-start|p2b: Slowking|move: Taunt\n|move|p2a: Alomomola|Safeguard|p2a: Alomomola\n|-sidestart|p2: Manolo M|Safeguard\n|cant|p2b: Slowking|move: Taunt|Trick Room\n|\n|upkeep\n|turn|2\n|\n|t:|1681951606\n|switch|p2a: Kingambit|Kingambit, L50, M|100\/100\n|switch|p2b: Amoonguss|Amoonguss, L50, M|100\/100\n|move|p1b: Iron Bundle|Freeze-Dry|p2b: Amoonguss\n|-supereffective|p2b: Amoonguss\n|-damage|p2b: Amoonguss|40\/100\n|move|p1a: Talonflame|Taunt|p2a: Kingambit\n|-start|p2a: Kingambit|move: Taunt\n|\n|upkeep\n|turn|3\n|\n|t:|1681951643\n|switch|p2b: Slowking|Slowking, L50, M|98\/100\n|-terastallize|p2a: Kingambit|Dark\n|move|p1b: Iron Bundle|Protect|p1b: Iron Bundle\n|-singleturn|p1b: Iron Bundle|Protect\n|move|p1a: Talonflame|Taunt|p2b: Slowking\n|-start|p2b: Slowking|move: Taunt\n|move|p2a: Kingambit|Kowtow Cleave|p1a: Talonflame\n|-damage|p1a: Talonflame|12\/100\n|\n|upkeep\n|turn|4\n|\n|t:|1681951686\n|switch|p1a: Iron Petals|Florges, L50, F|100\/100\n|move|p1b: Iron Bundle|Hydro Pump|p2a: Kingambit\n|-damage|p2a: Kingambit|62\/100\n|move|p2a: Kingambit|Kowtow Cleave|p1b: Iron Bundle\n|-damage|p1b: Iron Bundle|24\/100\n|move|p2b: Slowking|Psyshock|p1a: Iron Petals\n|-damage|p1a: Iron Petals|77\/100\n|\n|-end|p2a: Kingambit|move: Taunt\n|upkeep\n|turn|5\n|\n|t:|1681951714\n|switch|p2b: Amoonguss|Amoonguss, L50, M|74\/100\n|move|p2a: Kingambit|Protect|p2a: Kingambit\n|-singleturn|p2a: Kingambit|Protect\n|move|p1b: Iron Bundle|Freeze-Dry|p2b: Amoonguss\n|-supereffective|p2b: Amoonguss\n|-damage|p2b: Amoonguss|13\/100\n|move|p1a: Iron Petals|Moonblast|p2a: Kingambit\n|-activate|p2a: Kingambit|move: Protect\n|\n|-sideend|p2: Manolo M|Safeguard\n|upkeep\n|turn|6\n|\n|t:|1681951772\n|-end|p1b: Iron Bundle|Quark Drive|[silent]\n|switch|p1b: Talonflame|Talonflame, L50, F|12\/100\n|switch|p2a: Slowking|Slowking, L50, M|100\/100\n|move|p1a: Iron Petals|Moonblast|p2a: Slowking\n|-damage|p2a: Slowking|63\/100\n|-unboost|p2a: Slowking|spa|1\n|-damage|p1a: Iron Petals|68\/100|[from] item: Life Orb\n|move|p2b: Amoonguss|Spore|p1a: Iron Petals\n|-status|p1a: Iron Petals|slp|[from] move: Spore\n|\n|upkeep\n|turn|7\n|\n|t:|1681951807\n|switch|p2b: Kingambit|Kingambit, L50, M, tera:Dark|62\/100\n|move|p1b: Talonflame|Taunt|p2a: Slowking\n|-start|p2a: Slowking|move: Taunt\n|cant|p1a: Iron Petals|slp\n|cant|p2a: Slowking|move: Taunt|Trick Room\n|\n|upkeep\n|turn|8\n|\n|t:|1681951832\n|switch|p2a: Amoonguss|Amoonguss, L50, M|47\/100\n|move|p1b: Talonflame|Will-O-Wisp|p2b: Kingambit\n|-status|p2b: Kingambit|brn\n|-curestatus|p1a: Iron Petals|slp|[msg]\n|move|p1a: Iron Petals|Moonblast|p2b: Kingambit\n|-supereffective|p2b: Kingambit\n|-crit|p2b: Kingambit\n|-damage|p2b: Kingambit|0 fnt\n|faint|p2b: Kingambit\n|-damage|p1a: Iron Petals|58\/100|[from] item: Life Orb\n|\n|upkeep\n|-message|Manolo M forfeited.\n|\n|win|Chaotic Raos\n|raw|Chaotic Raos's rating: 1400 → 1417<\/strong> (+17 for winning)\n|raw|Manolo M's rating: 1343 → 1326<\/strong> (-17 for losing)\n|l|\u2606Manolo M\n","uploadtime":1681951845,"views":9,"p1id":"chaoticraos","p2id":"manolom","formatid":"gen9vgc2023regulationc","rating":1326,"private":0,"password":""}