{"id":"gen9vgc2023regulationc-1859224341","p1":"AbbekerkManectrics","p2":"Evil Phamton","format":"[Gen 9] VGC 2023 Regulation C","log":"|j|\u2606AbbekerkManectrics\n|j|\u2606Evil Phamton\n|t:|1683420334\n|gametype|doubles\n|player|p1|AbbekerkManectrics|unknown|1391\n|player|p2|Evil Phamton|grimsley|1516\n|teamsize|p1|6\n|teamsize|p2|6\n|gen|9\n|tier|[Gen 9] VGC 2023 Regulation C\n|rated|\n|rule|Species Clause: Limit one of each Pok\u00e9mon\n|rule|Item Clause: Limit one of each item\n|clearpoke\n|poke|p1|Dondozo, L50, M|\n|poke|p1|Tatsugiri-Stretchy, L50, M|\n|poke|p1|Glimmora, L50, M|\n|poke|p1|Chi-Yu, L50|\n|poke|p1|Flutter Mane, L50|\n|poke|p1|Dragonite, L50, F|\n|poke|p2|Baxcalibur, L50, M|\n|poke|p2|Arcanine, L50, F|\n|poke|p2|Rotom-Wash, L50|\n|poke|p2|Amoonguss, L50, F|\n|poke|p2|Ting-Lu, L50|\n|poke|p2|Flutter Mane, L50|\n|teampreview|4\n|\n|t:|1683420354\n|start\n|switch|p1a: Glimmora|Glimmora, L50, M|100\/100\n|switch|p1b: Dragonite|Dragonite, L50, F|100\/100\n|switch|p2a: Ting-Lu|Ting-Lu, L50|100\/100\n|switch|p2b: Flutter Mane|Flutter Mane, L50, shiny|100\/100\n|-ability|p2a: Ting-Lu|Vessel of Ruin\n|turn|1\n|inactive|Battle timer is ON: inactive players will automatically lose when time's up. (requested by AbbekerkManectrics)\n|\n|t:|1683420381\n|-terastallize|p1a: Glimmora|Grass\n|-terastallize|p2a: Ting-Lu|Poison\n|move|p2b: Flutter Mane|Moonblast|p1b: Dragonite\n|-supereffective|p1b: Dragonite\n|-damage|p1b: Dragonite|50\/100\n|-unboost|p1b: Dragonite|spa|1\n|move|p1a: Glimmora|Mortal Spin|p2a: Ting-Lu|[spread] p2a,p2b\n|-resisted|p2a: Ting-Lu\n|-damage|p2a: Ting-Lu|99\/100\n|-damage|p2b: Flutter Mane|92\/100\n|-status|p2b: Flutter Mane|psn\n|move|p1b: Dragonite|Low Kick|p2a: Ting-Lu\n|-resisted|p2a: Ting-Lu\n|-damage|p2a: Ting-Lu|81\/100\n|move|p2a: Ting-Lu|Stomping Tantrum|p1a: Glimmora\n|-resisted|p1a: Glimmora\n|-damage|p1a: Glimmora|83\/100\n|-activate|p1a: Glimmora|ability: Toxic Debris\n|-sidestart|p2: Evil Phamton|move: Toxic Spikes\n|\n|-damage|p2b: Flutter Mane|80\/100 psn|[from] psn\n|upkeep\n|turn|2\n|inactive|AbbekerkManectrics has 30 seconds left.\n|inactive|AbbekerkManectrics has 20 seconds left.\n|\n|t:|1683420417\n|switch|p2a: Amoonguss|Amoonguss, L50, F, shiny|100\/100\n|-sideend|p2: Evil Phamton|move: Toxic Spikes|[of] p2a: Amoonguss\n|move|p2b: Flutter Mane|Moonblast|p1a: Glimmora\n|-damage|p1a: Glimmora|29\/100\n|move|p1a: Glimmora|Energy Ball|p2b: Flutter Mane\n|-damage|p2b: Flutter Mane|43\/100 psn\n|move|p1b: Dragonite|Low Kick|p2a: Amoonguss\n|-resisted|p2a: Amoonguss\n|-damage|p2a: Amoonguss|90\/100\n|\n|-damage|p2b: Flutter Mane|31\/100 psn|[from] psn\n|upkeep\n|turn|3\n|inactive|AbbekerkManectrics has 30 seconds left.\n|\n|t:|1683420442\n|switch|p1b: Chi-Yu|Chi-Yu, L50|100\/100\n|-ability|p1b: Chi-Yu|Beads of Ruin\n|move|p2b: Flutter Mane|Moonblast|p1a: Glimmora\n|-damage|p1a: Glimmora|0 fnt\n|faint|p1a: Glimmora\n|move|p2a: Amoonguss|Spore|p1b: Chi-Yu\n|-activate|p1b: Chi-Yu|item: Safety Goggles|Spore\n|\n|-damage|p2b: Flutter Mane|20\/100 psn|[from] psn\n|upkeep\n|\n|t:|1683420455\n|switch|p1a: Dondozo|Dondozo, L50, M|100\/100\n|turn|4\n|\n|t:|1683420464\n|move|p1b: Chi-Yu|Protect|p1b: Chi-Yu\n|-singleturn|p1b: Chi-Yu|Protect\n|move|p1a: Dondozo|Protect|p1a: Dondozo\n|-singleturn|p1a: Dondozo|Protect\n|move|p2a: Amoonguss|Protect|p2a: Amoonguss\n|-singleturn|p2a: Amoonguss|Protect\n|move|p2b: Flutter Mane|Moonblast|p1a: Dondozo\n|-activate|p1a: Dondozo|move: Protect\n|\n|-damage|p2b: Flutter Mane|8\/100 psn|[from] psn\n|upkeep\n|turn|5\n|\n|t:|1683420482\n|switch|p1b: Dragonite|Dragonite, L50, F|50\/100\n|switch|p2a: Ting-Lu|Ting-Lu, L50, tera:Poison|81\/100\n|-ability|p2a: Ting-Lu|Vessel of Ruin\n|move|p2b: Flutter Mane|Moonblast|p1a: Dondozo\n|-damage|p1a: Dondozo|56\/100\n|move|p1a: Dondozo|Yawn|p2a: Ting-Lu\n|-start|p2a: Ting-Lu|move: Yawn|[of] p1a: Dondozo\n|\n|-damage|p2b: Flutter Mane|0 fnt|[from] psn\n|faint|p2b: Flutter Mane\n|-end|p2b: Flutter Mane|Protosynthesis|[silent]\n|upkeep\n|\n|t:|1683420501\n|switch|p2b: Rotom|Rotom-Wash, L50, shiny|100\/100\n|turn|6\n|\n|t:|1683420519\n|switch|p2a: Amoonguss|Amoonguss, L50, F, shiny|90\/100\n|move|p1b: Dragonite|Extreme Speed|p2b: Rotom\n|-damage|p2b: Rotom|58\/100\n|move|p2b: Rotom|Thunderbolt|p1a: Dondozo\n|-supereffective|p1a: Dondozo\n|-damage|p1a: Dondozo|1\/100\n|-enditem|p1a: Dondozo|Sitrus Berry|[eat]\n|-heal|p1a: Dondozo|26\/100|[from] item: Sitrus Berry\n|move|p1a: Dondozo|Yawn|p2b: Rotom\n|-start|p2b: Rotom|move: Yawn|[of] p1a: Dondozo\n|\n|-heal|p2b: Rotom|64\/100|[from] item: Leftovers\n|upkeep\n|turn|7\n|\n|t:|1683420543\n|switch|p2b: Ting-Lu|Ting-Lu, L50, tera:Poison|81\/100\n|-ability|p2b: Ting-Lu|Vessel of Ruin\n|move|p1b: Dragonite|Extreme Speed|p2b: Ting-Lu\n|-damage|p2b: Ting-Lu|57\/100\n|move|p1a: Dondozo|Yawn|p2a: Amoonguss\n|-start|p2a: Amoonguss|move: Yawn|[of] p1a: Dondozo\n|move|p2a: Amoonguss|Spore|p1a: Dondozo\n|-status|p1a: Dondozo|slp|[from] move: Spore\n|\n|upkeep\n|turn|8\n|\n|t:|1683420566\n|switch|p2a: Rotom|Rotom-Wash, L50, shiny|64\/100\n|move|p1b: Dragonite|Extreme Speed|p2b: Ting-Lu\n|-damage|p2b: Ting-Lu|30\/100\n|move|p2b: Ting-Lu|Heavy Slam|p1b: Dragonite\n|-damage|p1b: Dragonite|30\/100\n|cant|p1a: Dondozo|slp\n|\n|-heal|p2a: Rotom|69\/100|[from] item: Leftovers\n|upkeep\n|turn|9\n|inactive|Evil Phamton has 30 seconds left.\n|inactive|Evil Phamton has 20 seconds left.\n|\n|t:|1683420603\n|switch|p2b: Amoonguss|Amoonguss, L50, F, shiny|90\/100\n|move|p2a: Rotom|Protect|p2a: Rotom\n|-singleturn|p2a: Rotom|Protect\n|-curestatus|p1a: Dondozo|slp|[msg]\n|move|p1a: Dondozo|Protect|p1a: Dondozo\n|-singleturn|p1a: Dondozo|Protect\n|move|p1b: Dragonite|Extreme Speed|p2a: Rotom\n|-activate|p2a: Rotom|move: Protect\n|\n|-heal|p2a: Rotom|75\/100|[from] item: Leftovers\n|upkeep\n|turn|10\n|\n|t:|1683420625\n|switch|p1a: Chi-Yu|Chi-Yu, L50|100\/100\n|-ability|p1a: Chi-Yu|Beads of Ruin\n|move|p1b: Dragonite|Extreme Speed|p2a: Rotom\n|-damage|p2a: Rotom|30\/100\n|move|p2a: Rotom|Thunderbolt|p1a: Chi-Yu\n|-damage|p1a: Chi-Yu|64\/100\n|move|p2b: Amoonguss|Pollen Puff|p2a: Rotom\n|-heal|p2a: Rotom|80\/100\n|\n|-heal|p2a: Rotom|86\/100|[from] item: Leftovers\n|upkeep\n|turn|11\n|\n|t:|1683420650\n|move|p2a: Rotom|Protect|p2a: Rotom\n|-singleturn|p2a: Rotom|Protect\n|move|p1b: Dragonite|Extreme Speed|p2a: Rotom\n|-activate|p2a: Rotom|move: Protect\n|move|p1a: Chi-Yu|Dark Pulse|p2a: Rotom\n|-activate|p2a: Rotom|move: Protect\n|move|p2b: Amoonguss|Spore|p1b: Dragonite\n|-status|p1b: Dragonite|slp|[from] move: Spore\n|\n|-heal|p2a: Rotom|92\/100|[from] item: Leftovers\n|upkeep\n|turn|12\n|c|\u2606Evil Phamton|cres que naci ayer\n|inactive|Evil Phamton has 30 seconds left.\n|\n|t:|1683420676\n|cant|p1b: Dragonite|slp\n|move|p1a: Chi-Yu|Flamethrower|p2b: Amoonguss\n|-supereffective|p2b: Amoonguss\n|-damage|p2b: Amoonguss|0 fnt\n|faint|p2b: Amoonguss\n|move|p2a: Rotom|Thunderbolt|p1b: Dragonite\n|-damage|p1b: Dragonite|0 fnt\n|faint|p1b: Dragonite\n|\n|-heal|p2a: Rotom|97\/100|[from] item: Leftovers\n|upkeep\n|\n|t:|1683420685\n|switch|p1b: Dondozo|Dondozo, L50, M|26\/100\n|switch|p2b: Ting-Lu|Ting-Lu, L50, tera:Poison|30\/100\n|-ability|p2b: Ting-Lu|Vessel of Ruin\n|turn|13\n|inactive|AbbekerkManectrics has 30 seconds left.\n|\n|t:|1683420711\n|move|p1a: Chi-Yu|Dark Pulse|p2b: Ting-Lu\n|-damage|p2b: Ting-Lu|8\/100\n|move|p2a: Rotom|Hydro Pump|p1a: Chi-Yu\n|-supereffective|p1a: Chi-Yu\n|-damage|p1a: Chi-Yu|0 fnt\n|faint|p1a: Chi-Yu\n|move|p2b: Ting-Lu|Earthquake|p1b: Dondozo|[spread] p1b\n|-immune|p2a: Rotom|[from] ability: Levitate\n|-damage|p1b: Dondozo|7\/100\n|move|p1b: Dondozo|Yawn|p2a: Rotom\n|-start|p2a: Rotom|move: Yawn|[of] p1b: Dondozo\n|\n|-heal|p2a: Rotom|100\/100|[from] item: Leftovers\n|upkeep\n|turn|14\n|\n|t:|1683420731\n|move|p1b: Dondozo|Protect|p1b: Dondozo\n|-singleturn|p1b: Dondozo|Protect\n|move|p2a: Rotom|Nasty Plot|p2a: Rotom\n|-boost|p2a: Rotom|spa|2\n|move|p2b: Ting-Lu|Earthquake|p1b: Dondozo|[spread] \n|-activate|p1b: Dondozo|move: Protect\n|-immune|p2a: Rotom|[from] ability: Levitate\n|\n|-end|p2a: Rotom|move: Yawn|[silent]\n|-status|p2a: Rotom|slp\n|upkeep\n|turn|15\n|\n|t:|1683420745\n|cant|p2a: Rotom|slp\n|move|p2b: Ting-Lu|Earthquake|p1b: Dondozo|[spread] p1b\n|-immune|p2a: Rotom|[from] ability: Levitate\n|-damage|p1b: Dondozo|0 fnt\n|faint|p1b: Dondozo\n|\n|win|Evil Phamton\n|raw|AbbekerkManectrics's rating: 1391 → 1378<\/strong> (-13 for losing)\n|raw|Evil Phamton's rating: 1516 → 1529<\/strong> (+13 for winning)\n|l|\u2606AbbekerkManectrics\n","uploadtime":1683420823,"views":10,"p1id":"abbekerkmanectrics","p2id":"evilphamton","formatid":"gen9vgc2023regulationc","rating":1378,"private":0,"password":""}