{"id":"gen9vgc2023regulationc-1854522018","p1":"KinimaP","p2":"andretsai0706","format":"[Gen 9] VGC 2023 Regulation C","log":"|j|\u2606KinimaP\n|j|\u2606andretsai0706\n|t:|1682821804\n|gametype|doubles\n|player|p1|KinimaP|cameraman|1598\n|player|p2|andretsai0706|170|1531\n|teamsize|p1|6\n|teamsize|p2|6\n|gen|9\n|tier|[Gen 9] VGC 2023 Regulation C\n|rated|\n|rule|Species Clause: Limit one of each Pok\u00e9mon\n|rule|Item Clause: Limit one of each item\n|clearpoke\n|poke|p1|Vivillon-Fancy, L50, F|\n|poke|p1|Chi-Yu, L50|\n|poke|p1|Abomasnow, L50, M|\n|poke|p1|Iron Bundle, L50|\n|poke|p1|Ting-Lu, L50|\n|poke|p1|Garganacl, L50, F|\n|poke|p2|Ting-Lu, L50|\n|poke|p2|Azumarill, L50, F|\n|poke|p2|Flutter Mane, L50|\n|poke|p2|Bronzong, L50|\n|poke|p2|Amoonguss, L50, M|\n|poke|p2|Arcanine, L50, F|\n|teampreview|4\nandretsai0706 has agreed to open team sheets.\n|\n|t:|1682821861\n|start\n|switch|p1a: Vivillon|Vivillon-Fancy, L50, F|100\/100\n|switch|p1b: Chi-Yu|Chi-Yu, L50|100\/100\n|switch|p2a: \u8a50\u9818\u963f\u7f75\u4fdd\u96aa|Ting-Lu, L50|100\/100\n|switch|p2b: \u611b\u871c\u8389\u4e9e|Flutter Mane, L50, shiny|100\/100\n|-ability|p1b: Chi-Yu|Beads of Ruin\n|-ability|p2a: \u8a50\u9818\u963f\u7f75\u4fdd\u96aa|Vessel of Ruin\n|turn|1\n|\n|t:|1682821885\n|-terastallize|p1b: Chi-Yu|Water\n|move|p1a: Vivillon|Protect|p1a: Vivillon\n|-singleturn|p1a: Vivillon|Protect\n|move|p2b: \u611b\u871c\u8389\u4e9e|Moonblast|p1a: Vivillon\n|-activate|p1a: Vivillon|move: Protect\n|move|p1b: Chi-Yu|Tera Blast|p2a: \u8a50\u9818\u963f\u7f75\u4fdd\u96aa\n|-supereffective|p2a: \u8a50\u9818\u963f\u7f75\u4fdd\u96aa\n|-damage|p2a: \u8a50\u9818\u963f\u7f75\u4fdd\u96aa|42\/100\n|-enditem|p2a: \u8a50\u9818\u963f\u7f75\u4fdd\u96aa|Weakness Policy\n|-boost|p2a: \u8a50\u9818\u963f\u7f75\u4fdd\u96aa|atk|2|[from] item: Weakness Policy\n|-boost|p2a: \u8a50\u9818\u963f\u7f75\u4fdd\u96aa|spa|2|[from] item: Weakness Policy\n|move|p2a: \u8a50\u9818\u963f\u7f75\u4fdd\u96aa|Rock Slide|p1b: Chi-Yu|[spread] p1b\n|-activate|p1a: Vivillon|move: Protect\n|-damage|p1b: Chi-Yu|63\/100\n|\n|upkeep\n|turn|2\n|j| Therazer456\n|\n|t:|1682821928\n|-terastallize|p2a: \u8a50\u9818\u963f\u7f75\u4fdd\u96aa|Fairy\n|move|p2b: \u611b\u871c\u8389\u4e9e|Moonblast|p1a: Vivillon\n|-damage|p1a: Vivillon|8\/100\n|move|p1a: Vivillon|Tailwind|p1a: Vivillon\n|-sidestart|p1: KinimaP|move: Tailwind\n|move|p1b: Chi-Yu|Tera Blast|p2a: \u8a50\u9818\u963f\u7f75\u4fdd\u96aa\n|-damage|p2a: \u8a50\u9818\u963f\u7f75\u4fdd\u96aa|9\/100\n|move|p2a: \u8a50\u9818\u963f\u7f75\u4fdd\u96aa|Rock Slide|p1b: Chi-Yu|[spread] p1a,p1b\n|-supereffective|p1a: Vivillon\n|-damage|p1a: Vivillon|0 fnt\n|-damage|p1b: Chi-Yu|22\/100\n|-enditem|p1b: Chi-Yu|Sitrus Berry|[eat]\n|-heal|p1b: Chi-Yu|47\/100|[from] item: Sitrus Berry\n|faint|p1a: Vivillon\n|\n|upkeep\n|\n|t:|1682821946\n|switch|p1a: Abomasnow|Abomasnow, L50, M|100\/100\n|-weather|Snow|[from] ability: Snow Warning|[of] p1a: Abomasnow\n|turn|3\n|\n|t:|1682821959\n|move|p2b: \u611b\u871c\u8389\u4e9e|Protect|p2b: \u611b\u871c\u8389\u4e9e\n|-singleturn|p2b: \u611b\u871c\u8389\u4e9e|Protect\n|move|p1b: Chi-Yu|Heat Wave|p2b: \u611b\u871c\u8389\u4e9e|[spread] p2a\n|-activate|p2b: \u611b\u871c\u8389\u4e9e|move: Protect\n|-damage|p2a: \u8a50\u9818\u963f\u7f75\u4fdd\u96aa|0 fnt\n|faint|p2a: \u8a50\u9818\u963f\u7f75\u4fdd\u96aa\n|move|p1a: Abomasnow|Blizzard|p2b: \u611b\u871c\u8389\u4e9e\n|-activate|p2b: \u611b\u871c\u8389\u4e9e|move: Protect\n|\n|-weather|Snow|[upkeep]\n|upkeep\n|\n|t:|1682821975\n|switch|p2a: \u8aa0\u5be6\u9418|Bronzong, L50, shiny|100\/100\n|turn|4\n|\n|t:|1682821985\n|move|p1b: Chi-Yu|Heat Wave|p2b: \u611b\u871c\u8389\u4e9e|[spread] p2b\n|-miss|p1b: Chi-Yu|p2a: \u8aa0\u5be6\u9418\n|-damage|p2b: \u611b\u871c\u8389\u4e9e|40\/100\n|move|p2b: \u611b\u871c\u8389\u4e9e|Moonblast|p1b: Chi-Yu\n|-damage|p1b: Chi-Yu|0 fnt\n|faint|p1b: Chi-Yu\n|move|p1a: Abomasnow|Blizzard|p2a: \u8aa0\u5be6\u9418|[spread] p2a,p2b\n|-resisted|p2a: \u8aa0\u5be6\u9418\n|-crit|p2a: \u8aa0\u5be6\u9418\n|-damage|p2a: \u8aa0\u5be6\u9418|71\/100\n|-damage|p2b: \u611b\u871c\u8389\u4e9e|0 fnt\n|faint|p2b: \u611b\u871c\u8389\u4e9e\n|-end|p2b: \u611b\u871c\u8389\u4e9e|Protosynthesis|[silent]\n|-damage|p1a: Abomasnow|91\/100|[from] item: Life Orb\n|move|p2a: \u8aa0\u5be6\u9418|Trick Room|p2a: \u8aa0\u5be6\u9418\n|-fieldstart|move: Trick Room|[of] p2a: \u8aa0\u5be6\u9418\n|\n|-weather|Snow|[upkeep]\n|upkeep\n|\n|t:|1682822001\n|switch|p1b: Garganacl|Garganacl, L50, F|100\/100\n|switch|p2b: \u706b\u5e2b\u59d0|Azumarill, L50, F|100\/100\n|turn|5\n|\n|t:|1682822014\n|move|p2a: \u8aa0\u5be6\u9418|Body Press|p1b: Garganacl\n|-supereffective|p1b: Garganacl\n|-damage|p1b: Garganacl|74\/100\n|move|p2b: \u706b\u5e2b\u59d0|Liquidation|p1b: Garganacl\n|-supereffective|p1b: Garganacl\n|-damage|p1b: Garganacl|18\/100\n|move|p1b: Garganacl|Salt Cure|p2a: \u8aa0\u5be6\u9418\n|-resisted|p2a: \u8aa0\u5be6\u9418\n|-damage|p2a: \u8aa0\u5be6\u9418|66\/100\n|-start|p2a: \u8aa0\u5be6\u9418|Salt Cure\n|move|p1a: Abomasnow|Energy Ball|p2b: \u706b\u5e2b\u59d0\n|-supereffective|p2b: \u706b\u5e2b\u59d0\n|-crit|p2b: \u706b\u5e2b\u59d0\n|-damage|p2b: \u706b\u5e2b\u59d0|0 fnt\n|faint|p2b: \u706b\u5e2b\u59d0\n|-damage|p1a: Abomasnow|81\/100|[from] item: Life Orb\n|\n|-weather|Snow|[upkeep]\n|-heal|p1b: Garganacl|24\/100|[from] item: Leftovers\n|-damage|p2a: \u8aa0\u5be6\u9418|41\/100|[from] Salt Cure\n|-sideend|p1: KinimaP|move: Tailwind\n|upkeep\n|turn|6\n|-message|andretsai0706 forfeited.\n|\n|win|KinimaP\n|raw|KinimaP's rating: 1598 → 1614<\/strong> (+16 for winning)\n|raw|andretsai0706's rating: 1531 → 1515<\/strong> (-16 for losing)\n|l|\u2606andretsai0706\n|l| Therazer456\n","uploadtime":1682822045,"views":11,"p1id":"kinimap","p2id":"andretsai0706","formatid":"gen9vgc2023regulationc","rating":1515,"private":0,"password":""}