{"id":"gen9vgc2023regulationc-1863088484","p1":"Arcacagne","p2":"xyz0521","format":"[Gen 9] VGC 2023 Regulation C","log":"|j|\u2606Arcacagne\n|j|\u2606xyz0521\n|t:|1683967499\n|gametype|doubles\n|player|p1|Arcacagne|169|1331\n|player|p2|xyz0521|rosa|1302\n|teamsize|p1|6\n|teamsize|p2|6\n|gen|9\n|tier|[Gen 9] VGC 2023 Regulation C\n|rated|\n|rule|Species Clause: Limit one of each Pok\u00e9mon\n|rule|Item Clause: Limit one of each item\n|clearpoke\n|poke|p1|Chi-Yu, L50|\n|poke|p1|Flutter Mane, L50|\n|poke|p1|Amoonguss, L50, M|\n|poke|p1|Ting-Lu, L50|\n|poke|p1|Iron Hands, L50|\n|poke|p1|Gyarados, L50, M|\n|poke|p2|Murkrow, L50, F|\n|poke|p2|Great Tusk, L50|\n|poke|p2|Gholdengo, L50|\n|poke|p2|Chien-Pao, L50|\n|poke|p2|Flutter Mane, L50|\n|poke|p2|Amoonguss, L50, M|\n|teampreview|4\n|inactive|Battle timer is ON: inactive players will automatically lose when time's up. (requested by xyz0521)\n|inactive|xyz0521 has 60 seconds left.\n|\n|t:|1683967537\n|start\n|switch|p1a: Ting-Lu|Ting-Lu, L50|100\/100\n|switch|p1b: Iron Hands|Iron Hands, L50|100\/100\n|switch|p2a: Murkrow|Murkrow, L50, F|100\/100\n|switch|p2b: Gholdengo|Gholdengo, L50|100\/100\n|-ability|p1a: Ting-Lu|Vessel of Ruin\n|turn|1\n|inactive|Arcacagne has 30 seconds left.\n|inactive|Arcacagne has 20 seconds left.\n|\n|t:|1683967573\n|switch|p2a: Great Tusk|Great Tusk, L50|100\/100\n|move|p2b: Gholdengo|Trick|p1b: Iron Hands\n|-activate|p2b: Gholdengo|move: Trick|[of] p1b: Iron Hands\n|-item|p1b: Iron Hands|Choice Specs|[from] move: Trick\n|-item|p2b: Gholdengo|Lum Berry|[from] move: Trick\n|move|p1a: Ting-Lu|Stomping Tantrum|p2b: Gholdengo\n|-supereffective|p2b: Gholdengo\n|-damage|p2b: Gholdengo|0 fnt\n|faint|p2b: Gholdengo\n|move|p1b: Iron Hands|Thunder Punch|p2a: Great Tusk\n|-immune|p2a: Great Tusk\n|\n|upkeep\n|\n|t:|1683967588\n|switch|p2b: Murkrow|Murkrow, L50, F|100\/100\n|turn|2\n|\n|t:|1683967596\n|switch|p1a: Gyarados|Gyarados, L50, M|100\/100\n|-ability|p1a: Gyarados|Intimidate|boost\n|-unboost|p2a: Great Tusk|atk|1\n|-unboost|p2b: Murkrow|atk|1\n|-terastallize|p2a: Great Tusk|Ground\n|-terastallize|p1b: Iron Hands|Grass\n|move|p2b: Murkrow|Sunny Day|p2b: Murkrow\n|-weather|SunnyDay\n|-activate|p2a: Great Tusk|ability: Protosynthesis\n|-start|p2a: Great Tusk|protosynthesisspe\n|move|p2a: Great Tusk|Earthquake|p1b: Iron Hands|[spread] p1b\n|-immune|p2b: Murkrow\n|-immune|p1a: Gyarados\n|-resisted|p1b: Iron Hands\n|-damage|p1b: Iron Hands|83\/100\n|move|p1b: Iron Hands|Thunder Punch|p2b: Murkrow\n|-supereffective|p2b: Murkrow\n|-damage|p2b: Murkrow|3\/100\n|\n|-weather|SunnyDay|[upkeep]\n|upkeep\n|turn|3\n|inactive|Arcacagne has 30 seconds left.\n|\n|t:|1683967623\n|-end|p2a: Great Tusk|Protosynthesis|[silent]\n|switch|p2a: Chien-Pao|Chien-Pao, L50|100\/100\n|-ability|p2a: Chien-Pao|Sword of Ruin\n|move|p2b: Murkrow|Tailwind|p2b: Murkrow\n|-sidestart|p2: xyz0521|move: Tailwind\n|move|p1a: Gyarados|Waterfall|p2a: Chien-Pao\n|-damage|p2a: Chien-Pao|79\/100\n|move|p1b: Iron Hands|Thunder Punch|p2b: Murkrow\n|-supereffective|p2b: Murkrow\n|-damage|p2b: Murkrow|0 fnt\n|faint|p2b: Murkrow\n|\n|-weather|SunnyDay|[upkeep]\n|upkeep\n|\n|t:|1683967633\n|switch|p2b: Great Tusk|Great Tusk, L50, tera:Ground|100\/100\n|-activate|p2b: Great Tusk|ability: Protosynthesis\n|-start|p2b: Great Tusk|protosynthesisatk\n|turn|4\n|\n|t:|1683967649\n|move|p2a: Chien-Pao|Ice Spinner|p1b: Iron Hands\n|-supereffective|p1b: Iron Hands\n|-damage|p1b: Iron Hands|20\/100\n|move|p2b: Great Tusk|Close Combat|p1a: Gyarados\n|-resisted|p1a: Gyarados\n|-damage|p1a: Gyarados|16\/100\n|-unboost|p2b: Great Tusk|def|1\n|-unboost|p2b: Great Tusk|spd|1\n|move|p1a: Gyarados|Thunder Wave|p2a: Chien-Pao\n|-status|p2a: Chien-Pao|par\n|move|p1b: Iron Hands|Thunder Punch|p2a: Chien-Pao\n|-damage|p2a: Chien-Pao|29\/100 par\n|\n|-weather|SunnyDay|[upkeep]\n|upkeep\n|turn|5\n|inactive|Arcacagne has 30 seconds left.\n|\n|t:|1683967680\n|switch|p1a: Ting-Lu|Ting-Lu, L50|100\/100\n|-ability|p1a: Ting-Lu|Vessel of Ruin\n|move|p2b: Great Tusk|Close Combat|p1a: Ting-Lu\n|-supereffective|p1a: Ting-Lu\n|-damage|p1a: Ting-Lu|0 fnt\n|-unboost|p2b: Great Tusk|def|1\n|-unboost|p2b: Great Tusk|spd|1\n|faint|p1a: Ting-Lu\n|move|p2a: Chien-Pao|Ice Spinner|p1b: Iron Hands\n|-supereffective|p1b: Iron Hands\n|-damage|p1b: Iron Hands|0 fnt\n|faint|p1b: Iron Hands\n|-end|p1b: Iron Hands|Quark Drive|[silent]\n|\n|-weather|SunnyDay|[upkeep]\n|upkeep\n|\n|t:|1683967693\n|switch|p1a: Gyarados|Gyarados, L50, M|16\/100\n|switch|p1b: Chi-Yu|Chi-Yu, L50|100\/100\n|-ability|p1b: Chi-Yu|Beads of Ruin\n|-ability|p1a: Gyarados|Intimidate|boost\n|-unboost|p2a: Chien-Pao|atk|1\n|-unboost|p2b: Great Tusk|atk|1\n|turn|6\n|\n|t:|1683967713\n|move|p2a: Chien-Pao|Sucker Punch|p1b: Chi-Yu\n|-resisted|p1b: Chi-Yu\n|-damage|p1b: Chi-Yu|76\/100\n|move|p2b: Great Tusk|Close Combat|p1b: Chi-Yu\n|-supereffective|p1b: Chi-Yu\n|-damage|p1b: Chi-Yu|0 fnt\n|-unboost|p2b: Great Tusk|def|1\n|-unboost|p2b: Great Tusk|spd|1\n|faint|p1b: Chi-Yu\n|move|p1a: Gyarados|Waterfall|p2b: Great Tusk\n|-supereffective|p2b: Great Tusk\n|-damage|p2b: Great Tusk|20\/100\n|\n|-weather|none\n|-end|p2b: Great Tusk|Protosynthesis\n|-sideend|p2: xyz0521|move: Tailwind\n|upkeep\n|turn|7\n|-message|Arcacagne forfeited.\n|\n|win|xyz0521\n|raw|Arcacagne's rating: 1331 → 1309<\/strong> (-22 for losing)\n|raw|xyz0521's rating: 1302 → 1324<\/strong> (+22 for winning)\n","uploadtime":1683967731,"views":10,"p1id":"arcacagne","p2id":"xyz0521","formatid":"gen9vgc2023regulationc","rating":1309,"private":0,"password":""}