{"id":"gen9vgc2023regulationc-1855754333","p1":"Maestro zoroli","p2":"19402u","format":"[Gen 9] VGC 2023 Regulation C","log":"|j|\u2606Maestro zoroli\n|j|\u260619402u\n|t:|1682980270\n|gametype|doubles\n|player|p1|Maestro zoroli|266|1329\n|player|p2|19402u|102|1432\n|teamsize|p1|6\n|teamsize|p2|6\n|gen|9\n|tier|[Gen 9] VGC 2023 Regulation C\n|rated|\n|rule|Species Clause: Limit one of each Pok\u00e9mon\n|rule|Item Clause: Limit one of each item\n|clearpoke\n|poke|p1|Wo-Chien, L50|\n|poke|p1|Flutter Mane, L50|\n|poke|p1|Iron Hands, L50|\n|poke|p1|Garganacl, L50, M|\n|poke|p1|Volcarona, L50, M|\n|poke|p1|Gyarados, L50, M|\n|poke|p2|Dondozo, L50, M|\n|poke|p2|Tatsugiri, L50, F|\n|poke|p2|Pelipper, L50, M|\n|poke|p2|Drednaw, L50, M|\n|poke|p2|Murkrow, L50, M|\n|poke|p2|Great Tusk, L50|\n|teampreview|4\n19402u has agreed to open team sheets.\n|inactive|Battle timer is ON: inactive players will automatically lose when time's up. (requested by Maestro zoroli)\n|\n|t:|1682980309\n|start\n|switch|p1a: Gyarados|Gyarados, L50, M|100\/100\n|switch|p1b: Iron Hands|Iron Hands, L50|100\/100\n|switch|p2a: Pelipper|Pelipper, L50, M|100\/100\n|switch|p2b: Dondozo|Dondozo, L50, M|100\/100\n|-weather|RainDance|[from] ability: Drizzle|[of] p2a: Pelipper\n|-ability|p1a: Gyarados|Intimidate|boost\n|-unboost|p2a: Pelipper|atk|1\n|-unboost|p2b: Dondozo|atk|1\n|turn|1\n|\n|t:|1682980334\n|switch|p1a: Wo-Chien|Wo-Chien, L50|100\/100\n|-ability|p1a: Wo-Chien|Tablets of Ruin\n|move|p2b: Dondozo|Protect|p2b: Dondozo\n|-singleturn|p2b: Dondozo|Protect\n|move|p2a: Pelipper|Hurricane|p1a: Wo-Chien\n|-supereffective|p1a: Wo-Chien\n|-damage|p1a: Wo-Chien|44\/100\n|move|p1b: Iron Hands|Volt Switch|p2a: Pelipper\n|-supereffective|p2a: Pelipper\n|-damage|p2a: Pelipper|8\/100\n|\n|t:|1682980356\n|-end|p1b: Iron Hands|Quark Drive|[silent]\n|switch|p1b: Flutter Mane|Flutter Mane, L50|100\/100|[from] Volt Switch\n|\n|-weather|RainDance|[upkeep]\n|-heal|p1a: Wo-Chien|50\/100|[from] item: Leftovers\n|upkeep\n|turn|2\n|inactive|Maestro zoroli has 30 seconds left.\n|\n|t:|1682980384\n|-end|p1b: Flutter Mane|Protosynthesis|[silent]\n|switch|p1b: Iron Hands|Iron Hands, L50|100\/100\n|switch|p2a: Tatsugiri|Tatsugiri, L50, F, shiny|100\/100\n|-activate|p2a: Tatsugiri|ability: Commander|[of] p2b: Dondozo\n|-boost|p2b: Dondozo|atk|2\n|-boost|p2b: Dondozo|spa|2\n|-boost|p2b: Dondozo|spe|2\n|-boost|p2b: Dondozo|def|2\n|-boost|p2b: Dondozo|spd|2\n|-terastallize|p2b: Dondozo|Grass\n|move|p1a: Wo-Chien|Protect|p1a: Wo-Chien\n|-singleturn|p1a: Wo-Chien|Protect\n|move|p2b: Dondozo|Surf|p1b: Iron Hands|[spread] p1b\n|-miss|p2b: Dondozo|p2a: Tatsugiri\n|-activate|p1a: Wo-Chien|move: Protect\n|-damage|p1b: Iron Hands|64\/100\n|\n|-weather|RainDance|[upkeep]\n|-heal|p1a: Wo-Chien|57\/100|[from] item: Leftovers\n|upkeep\n|turn|3\n|inactive|Maestro zoroli has 30 seconds left.\n|\n|t:|1682980415\n|move|p2b: Dondozo|Protect|p2b: Dondozo\n|-singleturn|p2b: Dondozo|Protect\n|move|p1b: Iron Hands|Fake Out|p2b: Dondozo\n|-activate|p2b: Dondozo|move: Protect\n|move|p1a: Wo-Chien|Pollen Puff|p1b: Iron Hands\n|-heal|p1b: Iron Hands|100\/100\n|\n|-weather|RainDance|[upkeep]\n|-heal|p1a: Wo-Chien|63\/100|[from] item: Leftovers\n|upkeep\n|turn|4\n|inactive|Maestro zoroli has 30 seconds left.\n|\n|t:|1682980447\n|move|p2b: Dondozo|Surf|p1a: Wo-Chien|[spread] p1a,p1b\n|-miss|p2b: Dondozo|p2a: Tatsugiri\n|-resisted|p1a: Wo-Chien\n|-damage|p1a: Wo-Chien|45\/100\n|-damage|p1b: Iron Hands|64\/100\n|move|p1a: Wo-Chien|Ruination|p2b: Dondozo\n|-damage|p2b: Dondozo|51\/100\n|move|p1b: Iron Hands|Drain Punch|p2b: Dondozo\n|-damage|p2b: Dondozo|38\/100\n|-heal|p1b: Iron Hands|69\/100|[from] drain|[of] p2b: Dondozo\n|-enditem|p2b: Dondozo|Sitrus Berry|[eat]\n|-heal|p2b: Dondozo|63\/100|[from] item: Sitrus Berry\n|\n|-weather|RainDance|[upkeep]\n|-heal|p1a: Wo-Chien|51\/100|[from] item: Leftovers\n|upkeep\n|turn|5\n|inactive|Maestro zoroli has 30 seconds left.\n|inactive|19402u has 30 seconds left.\n|\n|t:|1682980482\n|-end|p1b: Iron Hands|Quark Drive|[silent]\n|switch|p1b: Gyarados|Gyarados, L50, M|100\/100\n|-ability|p1b: Gyarados|Intimidate|boost\n|-unboost|p2a: Tatsugiri|atk|1\n|-unboost|p2b: Dondozo|atk|1\n|move|p1a: Wo-Chien|Protect|p1a: Wo-Chien\n|-singleturn|p1a: Wo-Chien|Protect\n|move|p2b: Dondozo|Surf|p1a: Wo-Chien|[spread] p1b\n|-miss|p2b: Dondozo|p2a: Tatsugiri\n|-activate|p1a: Wo-Chien|move: Protect\n|-resisted|p1b: Gyarados\n|-damage|p1b: Gyarados|76\/100\n|\n|-weather|RainDance|[upkeep]\n|-heal|p1a: Wo-Chien|57\/100|[from] item: Leftovers\n|upkeep\n|turn|6\n|\n|t:|1682980505\n|move|p2b: Dondozo|Surf|p1a: Wo-Chien|[spread] p1a,p1b\n|-miss|p2b: Dondozo|p2a: Tatsugiri\n|-resisted|p1a: Wo-Chien\n|-resisted|p1b: Gyarados\n|-damage|p1a: Wo-Chien|40\/100\n|-damage|p1b: Gyarados|51\/100\n|move|p1b: Gyarados|Thunder Wave|p2b: Dondozo\n|-status|p2b: Dondozo|par\n|move|p1a: Wo-Chien|Ruination|p2b: Dondozo\n|-damage|p2b: Dondozo|32\/100 par\n|\n|-weather|RainDance|[upkeep]\n|-heal|p1a: Wo-Chien|46\/100|[from] item: Leftovers\n|upkeep\n|turn|7\n|\n|t:|1682980525\n|move|p1a: Wo-Chien|Protect|p1a: Wo-Chien\n|-singleturn|p1a: Wo-Chien|Protect\n|move|p1b: Gyarados|Whirlpool|p2b: Dondozo\n|-resisted|p2b: Dondozo\n|-damage|p2b: Dondozo|29\/100 par\n|-activate|p2b: Dondozo|move: Whirlpool|[of] p1b: Gyarados\n|move|p2b: Dondozo|Surf|p1b: Gyarados|[spread] p1b\n|-miss|p2b: Dondozo|p2a: Tatsugiri\n|-activate|p1a: Wo-Chien|move: Protect\n|-resisted|p1b: Gyarados\n|-damage|p1b: Gyarados|26\/100\n|-enditem|p1b: Gyarados|Sitrus Berry|[eat]\n|-heal|p1b: Gyarados|51\/100|[from] item: Sitrus Berry\n|\n|-weather|RainDance|[upkeep]\n|-heal|p1a: Wo-Chien|52\/100|[from] item: Leftovers\n|-damage|p2b: Dondozo|17\/100 par|[from] move: Whirlpool|[partiallytrapped]\n|upkeep\n|turn|8\n|inactive|Maestro zoroli has 30 seconds left.\n|\n|t:|1682980555\n|move|p1b: Gyarados|Waterfall|p2b: Dondozo\n|-resisted|p2b: Dondozo\n|-damage|p2b: Dondozo|8\/100 par\n|move|p1a: Wo-Chien|Pollen Puff|p1b: Gyarados\n|-heal|p1b: Gyarados|100\/100\n|cant|p2b: Dondozo|par\n|\n|-weather|none\n|-heal|p1a: Wo-Chien|58\/100|[from] item: Leftovers\n|-damage|p2b: Dondozo|0 fnt|[from] move: Whirlpool|[partiallytrapped]\n|faint|p2b: Dondozo\n|upkeep\n|\n|t:|1682980573\n|switch|p2b: Pelipper|Pelipper, L50, M|8\/100\n|-weather|RainDance|[from] ability: Drizzle|[of] p2b: Pelipper\n|turn|9\n|\n|t:|1682980597\n|move|p1a: Wo-Chien|Protect|p1a: Wo-Chien\n|-singleturn|p1a: Wo-Chien|Protect\n|move|p2a: Tatsugiri|Muddy Water|p1b: Gyarados|[spread] p1b\n|-activate|p1a: Wo-Chien|move: Protect\n|-resisted|p1b: Gyarados\n|-damage|p1b: Gyarados|82\/100\n|move|p2b: Pelipper|Hurricane|p1b: Gyarados\n|-damage|p1b: Gyarados|44\/100\n|move|p1b: Gyarados|Thunder Wave|p2a: Tatsugiri\n|-status|p2a: Tatsugiri|par\n|\n|-weather|RainDance|[upkeep]\n|-heal|p1a: Wo-Chien|65\/100|[from] item: Leftovers\n|upkeep\n|turn|10\n|inactive|Maestro zoroli has 30 seconds left.\n|inactive|Maestro zoroli has 20 seconds left.\n|\n|t:|1682980637\n|move|p2a: Tatsugiri|Muddy Water|p1b: Gyarados|[spread] p1a,p1b\n|-resisted|p1a: Wo-Chien\n|-resisted|p1b: Gyarados\n|-damage|p1a: Wo-Chien|51\/100\n|-damage|p1b: Gyarados|26\/100\n|-unboost|p1b: Gyarados|accuracy|1\n|move|p2b: Pelipper|Hurricane|p1a: Wo-Chien\n|-supereffective|p1a: Wo-Chien\n|-crit|p1a: Wo-Chien\n|-damage|p1a: Wo-Chien|0 fnt\n|faint|p1a: Wo-Chien\n|move|p1b: Gyarados|Waterfall|p2b: Pelipper\n|-resisted|p2b: Pelipper\n|-damage|p2b: Pelipper|0 fnt\n|faint|p2b: Pelipper\n|\n|-weather|RainDance|[upkeep]\n|upkeep\n|\n|t:|1682980649\n|switch|p2b: Drednaw|Drednaw, L50, M|100\/100\n|switch|p1a: Flutter Mane|Flutter Mane, L50|100\/100\n|turn|11\n|\n|t:|1682980659\n|-end|p1a: Flutter Mane|Protosynthesis|[silent]\n|switch|p1a: Iron Hands|Iron Hands, L50|69\/100\n|move|p1b: Gyarados|Protect|p1b: Gyarados\n|-singleturn|p1b: Gyarados|Protect\n|move|p2b: Drednaw|Waterfall|p1a: Iron Hands\n|-damage|p1a: Iron Hands|16\/100\n|-damage|p2b: Drednaw|91\/100|[from] item: Life Orb\n|move|p2a: Tatsugiri|Muddy Water|p1b: Gyarados|[spread] p1a\n|-activate|p1b: Gyarados|move: Protect\n|-damage|p1a: Iron Hands|0 fnt\n|faint|p1a: Iron Hands\n|-end|p1a: Iron Hands|Quark Drive|[silent]\n|\n|-weather|RainDance|[upkeep]\n|upkeep\n|-message|Maestro zoroli forfeited.\n|\n|win|19402u\n|raw|Maestro zoroli's rating: 1329 → 1315<\/strong> (-14 for losing)\n|raw|19402u's rating: 1432 → 1446<\/strong> (+14 for winning)\n|l|\u2606Maestro zoroli\n","uploadtime":1682981301,"views":17,"p1id":"maestrozoroli","p2id":"19402u","formatid":"gen9vgc2023regulationc","rating":1315,"private":0,"password":""}