{"id":"gen9vgc2023regulationc-1863152474","p1":"SeveralNonSense","p2":"jamon_con_talco","format":"[Gen 9] VGC 2023 Regulation C","log":"|j|\u2606SeveralNonSense\n|j|\u2606jamon_con_talco\n|t:|1683980355\n|gametype|doubles\n|player|p1|SeveralNonSense|guitarist|1100\n|player|p2|jamon_con_talco|veteran|1090\n|teamsize|p1|6\n|teamsize|p2|6\n|gen|9\n|tier|[Gen 9] VGC 2023 Regulation C\n|rated|\n|rule|Species Clause: Limit one of each Pok\u00e9mon\n|rule|Item Clause: Limit one of each item\n|clearpoke\n|poke|p1|Iron Bundle, L50|\n|poke|p1|Arcanine, L50, F|\n|poke|p1|Iron Hands, L50|\n|poke|p1|Gholdengo, L50|\n|poke|p1|Roaring Moon, L50|\n|poke|p1|Clodsire, L50, M|\n|poke|p2|Revavroom, L50, M|\n|poke|p2|Flutter Mane, L50|\n|poke|p2|Hydreigon, L50, M|\n|poke|p2|Volcarona, L50, M|\n|poke|p2|Tauros-Paldea-Aqua, L50, M|\n|poke|p2|Maushold-Four, L50|\n|teampreview|4\n|\n|t:|1683980374\n|start\n|switch|p1a: Iron Bundle|Iron Bundle, L50|100\/100\n|switch|p1b: My Best Friend|Clodsire, L50, M|100\/100\n|switch|p2a: Hydreigon|Hydreigon, L50, M|100\/100\n|switch|p2b: Tauros|Tauros-Paldea-Aqua, L50, M|100\/100\n|-ability|p2b: Tauros|Intimidate|boost\n|-unboost|p1a: Iron Bundle|atk|1\n|-unboost|p1b: My Best Friend|atk|1\n|turn|1\n|\n|t:|1683980396\n|move|p2b: Tauros|Aqua Jet|p1b: My Best Friend\n|-supereffective|p1b: My Best Friend\n|-damage|p1b: My Best Friend|59\/100\n|move|p1a: Iron Bundle|Freeze-Dry|p2b: Tauros\n|-supereffective|p2b: Tauros\n|-damage|p2b: Tauros|0 fnt\n|faint|p2b: Tauros\n|move|p2a: Hydreigon|Dark Pulse|p1a: Iron Bundle\n|-damage|p1a: Iron Bundle|8\/100\n|move|p1b: My Best Friend|Stealth Rock|p2a: Hydreigon\n|-sidestart|p2: jamon_con_talco|move: Stealth Rock\n|\n|-heal|p1b: My Best Friend|65\/100|[from] item: Black Sludge\n|upkeep\n|\n|t:|1683980405\n|switch|p2b: Volcarona|Volcarona, L50, M|100\/100\n|-damage|p2b: Volcarona|50\/100|[from] Stealth Rock\n|turn|2\n|\n|t:|1683980414\n|move|p1a: Iron Bundle|Protect|p1a: Iron Bundle\n|-singleturn|p1a: Iron Bundle|Protect\n|move|p2b: Volcarona|Protect|p2b: Volcarona\n|-singleturn|p2b: Volcarona|Protect\n|move|p2a: Hydreigon|Snarl|p1a: Iron Bundle|[spread] p1b\n|-activate|p1a: Iron Bundle|move: Protect\n|-damage|p1b: My Best Friend|51\/100\n|-unboost|p1b: My Best Friend|spa|1\n|move|p1b: My Best Friend|Earthquake|p2b: Volcarona|[spread] \n|-activate|p1a: Iron Bundle|move: Protect\n|-activate|p2b: Volcarona|move: Protect\n|-immune|p2a: Hydreigon|[from] ability: Levitate\n|\n|-heal|p2b: Volcarona|56\/100|[from] item: Leftovers\n|-heal|p1b: My Best Friend|57\/100|[from] item: Black Sludge\n|upkeep\n|turn|3\n|\n|t:|1683980434\n|-end|p1a: Iron Bundle|Quark Drive|[silent]\n|switch|p1a: Roaring Moon|Roaring Moon, L50|100\/100\n|-enditem|p1a: Roaring Moon|Booster Energy\n|-activate|p1a: Roaring Moon|ability: Protosynthesis|[fromitem]\n|-start|p1a: Roaring Moon|protosynthesisatk\n|move|p2b: Volcarona|Protect||[still]\n|-fail|p2b: Volcarona\n|move|p2a: Hydreigon|Snarl|p1a: Roaring Moon|[spread] p1a,p1b\n|-resisted|p1a: Roaring Moon\n|-damage|p1a: Roaring Moon|90\/100\n|-damage|p1b: My Best Friend|45\/100\n|-unboost|p1a: Roaring Moon|spa|1\n|-unboost|p1b: My Best Friend|spa|1\n|move|p1b: My Best Friend|Toxic|p2b: Volcarona\n|-status|p2b: Volcarona|tox\n|\n|-heal|p2b: Volcarona|62\/100 tox|[from] item: Leftovers\n|-heal|p1b: My Best Friend|51\/100|[from] item: Black Sludge\n|-damage|p2b: Volcarona|56\/100 tox|[from] psn\n|upkeep\n|turn|4\n|\n|t:|1683980450\n|-terastallize|p1a: Roaring Moon|Flying\n|-terastallize|p2a: Hydreigon|Poison\n|move|p1a: Roaring Moon|Acrobatics|p2b: Volcarona\n|-supereffective|p2b: Volcarona\n|-damage|p2b: Volcarona|0 fnt\n|-status|p1a: Roaring Moon|brn|[from] ability: Flame Body|[of] p2b: Volcarona\n|faint|p2b: Volcarona\n|move|p2a: Hydreigon|Draco Meteor|p1a: Roaring Moon\n|-damage|p1a: Roaring Moon|24\/100 brn\n|-unboost|p2a: Hydreigon|spa|2\n|move|p1b: My Best Friend|Earthquake|p2a: Hydreigon|[spread] \n|-immune|p1a: Roaring Moon\n|-immune|p2a: Hydreigon|[from] ability: Levitate\n|\n|-heal|p1b: My Best Friend|57\/100|[from] item: Black Sludge\n|-damage|p1a: Roaring Moon|18\/100 brn|[from] brn\n|upkeep\n|\n|t:|1683980462\n|switch|p2b: Maushold|Maushold-Four, L50|100\/100\n|-damage|p2b: Maushold|88\/100|[from] Stealth Rock\n|turn|5\n|\n|t:|1683980470\n|move|p1a: Roaring Moon|Protect|p1a: Roaring Moon\n|-singleturn|p1a: Roaring Moon|Protect\n|move|p2b: Maushold|Population Bomb|p1a: Roaring Moon\n|-activate|p1a: Roaring Moon|move: Protect\n|move|p2a: Hydreigon|Dark Pulse|p1b: My Best Friend\n|-damage|p1b: My Best Friend|45\/100\n|move|p1b: My Best Friend|Recover|p1b: My Best Friend\n|-heal|p1b: My Best Friend|95\/100\n|\n|-heal|p1b: My Best Friend|100\/100|[from] item: Black Sludge\n|-damage|p1a: Roaring Moon|12\/100 brn|[from] brn\n|upkeep\n|turn|6\n|\n|t:|1683980487\n|-end|p1a: Roaring Moon|Protosynthesis|[silent]\n|switch|p1a: Iron Bundle|Iron Bundle, L50|8\/100\n|move|p2b: Maushold|Population Bomb|p1a: Iron Bundle\n|-damage|p1a: Iron Bundle|0 fnt\n|faint|p1a: Iron Bundle\n|-end|p1a: Iron Bundle|Quark Drive|[silent]\n|-hitcount|p1: Iron Bundle|1\n|move|p2a: Hydreigon|Dark Pulse|p1b: My Best Friend\n|-damage|p1b: My Best Friend|89\/100\n|move|p1b: My Best Friend|Toxic|p2b: Maushold\n|-status|p2b: Maushold|tox\n|\n|-heal|p1b: My Best Friend|95\/100|[from] item: Black Sludge\n|-damage|p2b: Maushold|83\/100 tox|[from] psn\n|upkeep\n|\n|t:|1683980500\n|switch|p1a: Roaring Moon|Roaring Moon, L50, tera:Flying|12\/100 brn\n|turn|7\n|\n|t:|1683980511\n|move|p1a: Roaring Moon|Protect|p1a: Roaring Moon\n|-singleturn|p1a: Roaring Moon|Protect\n|move|p2b: Maushold|Population Bomb|p1b: My Best Friend\n|-damage|p1b: My Best Friend|87\/100\n|-crit|p1b: My Best Friend\n|-damage|p1b: My Best Friend|76\/100\n|-damage|p1b: My Best Friend|68\/100\n|-damage|p1b: My Best Friend|60\/100\n|-crit|p1b: My Best Friend\n|-damage|p1b: My Best Friend|49\/100\n|-damage|p1b: My Best Friend|41\/100\n|-damage|p1b: My Best Friend|33\/100\n|-damage|p1b: My Best Friend|26\/100\n|-damage|p1b: My Best Friend|18\/100\n|-damage|p1b: My Best Friend|11\/100\n|-hitcount|p1b: My Best Friend|10\n|move|p2a: Hydreigon|Snarl|p1a: Roaring Moon|[spread] p1b\n|-activate|p1a: Roaring Moon|move: Protect\n|-damage|p1b: My Best Friend|5\/100\n|-unboost|p1b: My Best Friend|spa|1\n|move|p1b: My Best Friend|Earthquake|p2b: Maushold|[spread] p2b\n|-activate|p1a: Roaring Moon|move: Protect\n|-immune|p2a: Hydreigon|[from] ability: Levitate\n|-damage|p2b: Maushold|63\/100 tox\n|\n|-heal|p1b: My Best Friend|11\/100|[from] item: Black Sludge\n|-damage|p2b: Maushold|52\/100 tox|[from] psn\n|-damage|p1a: Roaring Moon|5\/100 brn|[from] brn\n|upkeep\n|turn|8\n|\n|t:|1683980533\n|move|p2b: Maushold|Population Bomb|p1b: My Best Friend\n|-damage|p1b: My Best Friend|3\/100\n|-damage|p1b: My Best Friend|0 fnt\n|faint|p1b: My Best Friend\n|-hitcount|p1: My Best Friend|2\n|move|p1a: Roaring Moon|Throat Chop|p2a: Hydreigon\n|-damage|p2a: Hydreigon|83\/100\n|-start|p2a: Hydreigon|Throat Chop|[silent]\n|cant|p2a: Hydreigon|move: Throat Chop\n|\n|-damage|p2b: Maushold|35\/100 tox|[from] psn\n|-damage|p1a: Roaring Moon|0 fnt|[from] brn\n|faint|p1a: Roaring Moon\n|-end|p1a: Roaring Moon|Protosynthesis|[silent]\n|upkeep\n|\n|t:|1683980539\n|switch|p1b: Iron Hands|Iron Hands, L50|100\/100\n|turn|9\n|\n|t:|1683980547\n|move|p2b: Maushold|Follow Me|p2b: Maushold\n|-singleturn|p2b: Maushold|move: Follow Me\n|move|p2a: Hydreigon|Earth Power|p1b: Iron Hands\n|-supereffective|p1b: Iron Hands\n|-damage|p1b: Iron Hands|71\/100\n|move|p1b: Iron Hands|Drain Punch|p2b: Maushold\n|-supereffective|p2b: Maushold\n|-damage|p2b: Maushold|0 fnt\n|-heal|p1b: Iron Hands|82\/100|[from] drain|[of] p2b: Maushold\n|faint|p2b: Maushold\n|\n|-heal|p1b: Iron Hands|88\/100|[from] item: Leftovers\n|-end|p2a: Hydreigon|Throat Chop|[silent]\n|upkeep\n|turn|10\n|\n|t:|1683980554\n|move|p2a: Hydreigon|Earth Power|p1b: Iron Hands\n|-supereffective|p1b: Iron Hands\n|-damage|p1b: Iron Hands|58\/100\n|move|p1b: Iron Hands|Wild Charge|p2a: Hydreigon\n|-damage|p2a: Hydreigon|23\/100\n|-damage|p1b: Iron Hands|48\/100|[from] Recoil\n|\n|-heal|p1b: Iron Hands|54\/100|[from] item: Leftovers\n|upkeep\n|turn|11\n|\n|t:|1683980561\n|move|p1b: Iron Hands|Detect|p1b: Iron Hands\n|-singleturn|p1b: Iron Hands|Protect\n|move|p2a: Hydreigon|Earth Power|p1b: Iron Hands\n|-activate|p1b: Iron Hands|move: Protect\n|\n|-heal|p1b: Iron Hands|60\/100|[from] item: Leftovers\n|upkeep\n|turn|12\n|\n|t:|1683980566\n|move|p2a: Hydreigon|Dark Pulse|p1b: Iron Hands\n|-resisted|p1b: Iron Hands\n|-damage|p1b: Iron Hands|50\/100\n|move|p1b: Iron Hands|Wild Charge|p2a: Hydreigon\n|-damage|p2a: Hydreigon|0 fnt\n|faint|p2a: Hydreigon\n|-damage|p1b: Iron Hands|45\/100|[from] Recoil\n|\n|win|SeveralNonSense\n|raw|SeveralNonSense's rating: 1100 → 1124<\/strong> (+24 for winning)\n|raw|jamon_con_talco's rating: 1090 → 1067<\/strong> (-23 for losing)\n|l|\u2606jamon_con_talco\n","uploadtime":1683980580,"views":14,"p1id":"severalnonsense","p2id":"jamoncontalco","formatid":"gen9vgc2023regulationc","rating":1067,"private":0,"password":""}