{"id":"gen9vgc2023regulationc-1846663226","p1":"uhoh I poopd","p2":"Pikachu Bagels","format":"[Gen 9] VGC 2023 Regulation C","log":"|j|\u2606uhoh I poopd\n|j|\u2606Pikachu Bagels\n|t:|1681863105\n|gametype|doubles\n|player|p1|uhoh I poopd|colress|1294\n|player|p2|Pikachu Bagels|ash|1226\n|teamsize|p1|6\n|teamsize|p2|6\n|gen|9\n|tier|[Gen 9] VGC 2023 Regulation C\n|rated|\n|rule|Species Clause: Limit one of each Pok\u00e9mon\n|rule|Item Clause: Limit one of each item\n|clearpoke\n|poke|p1|Masquerain, L50, M|\n|poke|p1|Coalossal, L50, M|\n|poke|p1|Amoonguss, L50, F|\n|poke|p1|Arcanine, L50, M|\n|poke|p1|Annihilape, L50, M|\n|poke|p1|Azumarill, L50, F|\n|poke|p2|Amoonguss, L50, M|\n|poke|p2|Flutter Mane, L50|\n|poke|p2|Ting-Lu, L50|\n|poke|p2|Arcanine, L50, F|\n|poke|p2|Palafin, L50, M|\n|poke|p2|Meowscarada, L50, M|\n|teampreview|4\n|inactive|Battle timer is ON: inactive players will automatically lose when time's up. (requested by Pikachu Bagels)\nPikachu Bagels has agreed to open team sheets.\n|inactive|Pikachu Bagels has 60 seconds left.\n|\n|t:|1681863159\n|start\n|switch|p1a: de Havilland|Masquerain, L50, M|100\/100\n|switch|p1b: Armavee|Coalossal, L50, M|100\/100\n|switch|p2a: Palafin|Palafin, L50, M|100\/100\n|switch|p2b: SZA|Flutter Mane, L50|100\/100\n|-ability|p1a: de Havilland|Intimidate|boost\n|-unboost|p2a: Palafin|atk|1\n|-unboost|p2b: SZA|atk|1\n|-enditem|p2b: SZA|Booster Energy\n|-activate|p2b: SZA|ability: Protosynthesis|[fromitem]\n|-start|p2b: SZA|protosynthesisspe\n|turn|1\n|inactive|uhoh I poopd has 30 seconds left.\n|inactive|Pikachu Bagels has 30 seconds left.\n|inactive|uhoh I poopd has 20 seconds left.\n|inactive|uhoh I poopd has 15 seconds left.\n|inactive|uhoh I poopd has 10 seconds left.\n|\n|t:|1681863209\n|-terastallize|p2a: Palafin|Water\n|move|p1a: de Havilland|Aqua Jet|p1b: Armavee\n|-supereffective|p1b: Armavee\n|-damage|p1b: Armavee|83\/100\n|-ability|p1b: Armavee|Steam Engine|boost\n|-boost|p1b: Armavee|spe|6\n|-enditem|p1b: Armavee|Weakness Policy\n|-boost|p1b: Armavee|atk|2|[from] item: Weakness Policy\n|-boost|p1b: Armavee|spa|2|[from] item: Weakness Policy\n|move|p1b: Armavee|Power Gem|p2a: Palafin\n|-damage|p2a: Palafin|11\/100\n|move|p2b: SZA|Shadow Ball|p1b: Armavee\n|-damage|p1b: Armavee|45\/100\n|move|p2a: Palafin|Wave Crash|p1b: Armavee\n|-supereffective|p1b: Armavee\n|-damage|p1b: Armavee|0 fnt\n|faint|p1b: Armavee\n|-damage|p2a: Palafin|0 fnt|[from] Recoil\n|faint|p2a: Palafin\n|\n|upkeep\n|\n|t:|1681863226\n|switch|p2a: Arcanine|Arcanine, L50, F|100\/100\n|switch|p1b: Brutus|Arcanine, L50, M, shiny|100\/100\n|-ability|p2a: Arcanine|Intimidate|boost\n|-unboost|p1a: de Havilland|atk|1\n|-unboost|p1b: Brutus|atk|1\n|-ability|p1b: Brutus|Intimidate|boost\n|-unboost|p2a: Arcanine|atk|1\n|-unboost|p2b: SZA|atk|1\n|turn|2\n|\n|t:|1681863241\n|-end|p2b: SZA|Protosynthesis|[silent]\n|switch|p2b: Ting-Lu|Ting-Lu, L50|100\/100\n|-ability|p2b: Ting-Lu|Vessel of Ruin\n|move|p2a: Arcanine|Flare Blitz|p1a: de Havilland\n|-supereffective|p1a: de Havilland\n|-damage|p1a: de Havilland|0 fnt\n|faint|p1a: de Havilland\n|-damage|p2a: Arcanine|68\/100|[from] Recoil\n|move|p1b: Brutus|Flare Blitz|p2b: Ting-Lu\n|-crit|p2b: Ting-Lu\n|-damage|p2b: Ting-Lu|55\/100\n|-damage|p1b: Brutus|82\/100|[from] Recoil\n|\n|upkeep\n|\n|t:|1681863248\n|switch|p1a: Judy|Azumarill, L50, F, shiny|100\/100\n|turn|3\n|\n|t:|1681863270\n|switch|p2b: SZA|Flutter Mane, L50|100\/100\n|-terastallize|p1a: Judy|Water\n|move|p1a: Judy|Aqua Jet|p2a: Arcanine\n|-supereffective|p2a: Arcanine\n|-damage|p2a: Arcanine|0 fnt\n|faint|p2a: Arcanine\n|move|p1b: Brutus|Will-O-Wisp|p2b: SZA\n|-status|p2b: SZA|brn\n|\n|-damage|p2b: SZA|94\/100 brn|[from] brn\n|upkeep\n|\n|t:|1681863278\n|switch|p2a: Ting-Lu|Ting-Lu, L50|55\/100\n|-ability|p2a: Ting-Lu|Vessel of Ruin\n|turn|4\n|\n|t:|1681863286\n|move|p1a: Judy|Protect|p1a: Judy\n|-singleturn|p1a: Judy|Protect\n|move|p2b: SZA|Moonblast|p1a: Judy\n|-activate|p1a: Judy|move: Protect\n|move|p1b: Brutus|Flare Blitz|p2b: SZA\n|-damage|p2b: SZA|46\/100 brn\n|-damage|p1b: Brutus|70\/100|[from] Recoil\n|move|p2a: Ting-Lu|Stomping Tantrum|p1b: Brutus\n|-supereffective|p1b: Brutus\n|-damage|p1b: Brutus|0 fnt\n|faint|p1b: Brutus\n|\n|-damage|p2b: SZA|40\/100 brn|[from] brn\n|upkeep\n|turn|5\n|inactive|Pikachu Bagels has 30 seconds left.\n|\n|t:|1681863316\n|move|p1a: Judy|Aqua Jet|p2b: SZA\n|-damage|p2b: SZA|0 fnt\n|faint|p2b: SZA\n|-end|p2b: SZA|Protosynthesis|[silent]\n|move|p2a: Ting-Lu|Throat Chop|p1a: Judy\n|-crit|p1a: Judy\n|-damage|p1a: Judy|51\/100\n|-start|p1a: Judy|Throat Chop|[silent]\n|\n|upkeep\n|turn|6\n|\n|t:|1681863326\n|move|p1a: Judy|Aqua Jet|p2a: Ting-Lu\n|-supereffective|p2a: Ting-Lu\n|-damage|p2a: Ting-Lu|24\/100\n|move|p2a: Ting-Lu|Throat Chop|p1a: Judy\n|-damage|p1a: Judy|15\/100\n|-enditem|p1a: Judy|Sitrus Berry|[eat]\n|-heal|p1a: Judy|39\/100|[from] item: Sitrus Berry\n|\n|-end|p1a: Judy|Throat Chop|[silent]\n|upkeep\n|turn|7\n|\n|t:|1681863333\n|move|p1a: Judy|Aqua Jet|p2a: Ting-Lu\n|-supereffective|p2a: Ting-Lu\n|-damage|p2a: Ting-Lu|0 fnt\n|faint|p2a: Ting-Lu\n|\n|win|uhoh I poopd\n|raw|uhoh I poopd's rating: 1294 → 1314<\/strong> (+20 for winning)\n|raw|Pikachu Bagels's rating: 1226 → 1206<\/strong> (-20 for losing)\n|c|\u2606Pikachu Bagels|gg\n|c|\u2606uhoh I poopd|Gg\n|l|\u2606Pikachu Bagels\n|l|\u2606uhoh I poopd\n|j|\u2606uhoh I poopd\n|player|p1|uhoh I poopd|colress\n","uploadtime":1681863347,"views":15,"p1id":"uhohipoopd","p2id":"pikachubagels","formatid":"gen9vgc2023regulationc","rating":1206,"private":0,"password":""}