{"id":"gen9vgc2023regulationc-1861827094","p1":"Doncollll","p2":"PixelDupe1","format":"[Gen 9] VGC 2023 Regulation C","log":"|j|\u2606Doncollll\n|j|\u2606PixelDupe1\n|t:|1683812680\n|gametype|doubles\n|player|p1|Doncollll|schoolkid|1335\n|player|p2|PixelDupe1|palmer|1426\n|teamsize|p1|6\n|teamsize|p2|6\n|gen|9\n|tier|[Gen 9] VGC 2023 Regulation C\n|rated|\n|rule|Species Clause: Limit one of each Pok\u00e9mon\n|rule|Item Clause: Limit one of each item\n|clearpoke\n|poke|p1|Hariyama, L50, F|\n|poke|p1|Chien-Pao, L50|\n|poke|p1|Rotom-Wash, L50|\n|poke|p1|Ceruledge, L50, F|\n|poke|p1|Corviknight, L50, F|\n|poke|p1|Dragonite, L50, F|\n|poke|p2|Iron Hands, L50|\n|poke|p2|Oranguru, L50, F|\n|poke|p2|Abomasnow, L50, M|\n|poke|p2|Iron Bundle, L50|\n|poke|p2|Flutter Mane, L50|\n|poke|p2|Garganacl, L50, M|\n|teampreview|4\nPixelDupe1 has agreed to open team sheets.\n|inactive|Battle timer is ON: inactive players will automatically lose when time's up. (requested by Doncollll)\n|\n|t:|1683812710\n|start\n|switch|p1a: Hariyama|Hariyama, L50, F|100\/100\n|switch|p1b: Chien-Pao|Chien-Pao, L50|100\/100\n|switch|p2a: Mr. Hands|Iron Hands, L50|100\/100\n|switch|p2b: Bell|Oranguru, L50, F|100\/100\n|-ability|p1b: Chien-Pao|Sword of Ruin\n|turn|1\n|\n|t:|1683812734\n|-terastallize|p1b: Chien-Pao|Ghost\n|move|p1b: Chien-Pao|Night Slash|p2b: Bell\n|-supereffective|p2b: Bell\n|-crit|p2b: Bell\n|-damage|p2b: Bell|0 fnt\n|faint|p2b: Bell\n|move|p2a: Mr. Hands|Drain Punch|p1b: Chien-Pao\n|-immune|p1b: Chien-Pao\n|move|p1a: Hariyama|Close Combat|p2a: Mr. Hands\n|-damage|p2a: Mr. Hands|54\/100\n|-unboost|p1a: Hariyama|def|1\n|-unboost|p1a: Hariyama|spd|1\n|\n|-status|p1a: Hariyama|brn|[from] item: Flame Orb\n|upkeep\n|\n|t:|1683812751\n|switch|p2b: Flutter Mane|Flutter Mane, L50|100\/100\n|-enditem|p2b: Flutter Mane|Booster Energy\n|-activate|p2b: Flutter Mane|ability: Protosynthesis|[fromitem]\n|-start|p2b: Flutter Mane|protosynthesisspa\n|turn|2\n|\n|t:|1683812768\n|move|p1a: Hariyama|Bullet Punch|p2b: Flutter Mane\n|-supereffective|p2b: Flutter Mane\n|-damage|p2b: Flutter Mane|36\/100\n|move|p1b: Chien-Pao|Night Slash|p2b: Flutter Mane\n|-damage|p2b: Flutter Mane|0 fnt\n|faint|p2b: Flutter Mane\n|-end|p2b: Flutter Mane|Protosynthesis|[silent]\n|move|p2a: Mr. Hands|Wild Charge|p1b: Chien-Pao\n|-damage|p1b: Chien-Pao|31\/100\n|-damage|p2a: Mr. Hands|42\/100|[from] Recoil\n|\n|-damage|p1a: Hariyama|95\/100 brn|[from] brn\n|upkeep\n|\n|t:|1683812776\n|switch|p2b: Garganacl|Garganacl, L50, M|100\/100\n|turn|3\n|\n|t:|1683812792\n|-terastallize|p2b: Garganacl|Ghost\n|move|p1b: Chien-Pao|Sacred Sword|p2b: Garganacl\n|-immune|p2b: Garganacl\n|move|p2a: Mr. Hands|Wild Charge|p1b: Chien-Pao\n|-damage|p1b: Chien-Pao|0 fnt\n|faint|p1b: Chien-Pao\n|-damage|p2a: Mr. Hands|37\/100|[from] Recoil\n|move|p1a: Hariyama|Close Combat|p2b: Garganacl\n|-immune|p2b: Garganacl\n|move|p2b: Garganacl|Salt Cure|p1a: Hariyama\n|-resisted|p1a: Hariyama\n|-damage|p1a: Hariyama|83\/100 brn\n|-start|p1a: Hariyama|Salt Cure\n|\n|-damage|p1a: Hariyama|77\/100 brn|[from] brn\n|-damage|p1a: Hariyama|64\/100 brn|[from] Salt Cure\n|upkeep\n|\n|t:|1683812798\n|switch|p1b: Rotom|Rotom-Wash, L50|100\/100\n|turn|4\n|\n|t:|1683812818\n|move|p1b: Rotom|Will-O-Wisp|p2b: Garganacl\n|-immune|p2b: Garganacl|[from] ability: Purifying Salt\n|move|p2a: Mr. Hands|Drain Punch|p1a: Hariyama\n|-damage|p1a: Hariyama|0 fnt\n|-heal|p2a: Mr. Hands|71\/100|[from] drain|[of] p1a: Hariyama\n|faint|p1a: Hariyama\n|move|p2b: Garganacl|Salt Cure|p1b: Rotom\n|-damage|p1b: Rotom|86\/100\n|-start|p1b: Rotom|Salt Cure\n|\n|-damage|p1b: Rotom|62\/100|[from] Salt Cure\n|upkeep\n|\n|t:|1683812825\n|switch|p1a: Ceruledge|Ceruledge, L50, F, shiny|100\/100\n|turn|5\n|-message|Doncollll forfeited.\n|\n|win|PixelDupe1\n|raw|Doncollll's rating: 1335 → 1320<\/strong> (-15 for losing)\n|raw|PixelDupe1's rating: 1426 → 1441<\/strong> (+15 for winning)\n|l|\u2606Doncollll\n|l|\u2606PixelDupe1\n|j|\u2606PixelDupe1\n|player|p2|PixelDupe1|palmer\n","uploadtime":1683812874,"views":8,"p1id":"doncollll","p2id":"pixeldupe1","formatid":"gen9vgc2023regulationc","rating":1320,"private":0,"password":""}