{"id":"gen9vgc2023regulationc-1861738016","p1":"xJPNH","p2":"betelgeuse","format":"[Gen 9] VGC 2023 Regulation C","log":"|j|\u2606xJPNH\n|j|\u2606betelgeuse\n|t:|1683802444\n|gametype|doubles\n|player|p1|xJPNH|flannery|1020\n|player|p2|betelgeuse|janitor|1133\n|teamsize|p1|6\n|teamsize|p2|6\n|gen|9\n|tier|[Gen 9] VGC 2023 Regulation C\n|rated|\n|rule|Species Clause: Limit one of each Pok\u00e9mon\n|rule|Item Clause: Limit one of each item\n|clearpoke\n|poke|p1|Indeedee-F, L50, F|\n|poke|p1|Flutter Mane, L50|\n|poke|p1|Iron Hands, L50|\n|poke|p1|Iron Bundle, L50|\n|poke|p1|Brute Bonnet, L50|\n|poke|p1|Armarouge, L50, M|\n|poke|p2|Vaporeon, L50, M|\n|poke|p2|Jolteon, L50, M|\n|poke|p2|Sylveon, L50, F|\n|poke|p2|Umbreon, L50, M|\n|poke|p2|Espeon, L50, M|\n|poke|p2|Leafeon, L50, M|\n|teampreview|4\n|\n|t:|1683802501\n|start\n|switch|p1a: Iron Hands|Iron Hands, L50|100\/100\n|switch|p1b: Flutter Mane|Flutter Mane, L50|100\/100\n|switch|p2a: Vaporeon|Vaporeon, L50, M|100\/100\n|switch|p2b: Umbreon|Umbreon, L50, M|100\/100\n|turn|1\n|\n|t:|1683802532\n|switch|p2a: Jolteon|Jolteon, L50, M|100\/100\n|-terastallize|p2b: Umbreon|Fairy\n|move|p1b: Flutter Mane|Protect|p1b: Flutter Mane\n|-singleturn|p1b: Flutter Mane|Protect\n|move|p2b: Umbreon|Yawn|p1a: Iron Hands\n|-start|p1a: Iron Hands|move: Yawn|[of] p2b: Umbreon\n|move|p1a: Iron Hands|Drain Punch|p2b: Umbreon\n|-resisted|p2b: Umbreon\n|-damage|p2b: Umbreon|87\/100\n|\n|upkeep\n|turn|2\n|\n|t:|1683802583\n|-end|p1b: Flutter Mane|Protosynthesis|[silent]\n|switch|p1b: Armarouge|Armarouge, L50, M|100\/100\n|-end|p1a: Iron Hands|Quark Drive|[silent]\n|switch|p1a: Indeedee|Indeedee-F, L50, F|100\/100\n|-fieldstart|move: Psychic Terrain|[from] ability: Psychic Surge|[of] p1a: Indeedee\n|-enditem|p1a: Indeedee|Psychic Seed\n|-boost|p1a: Indeedee|spd|1|[from] item: Psychic Seed\n|move|p2a: Jolteon|Thunder Wave|p1b: Armarouge\n|-status|p1b: Armarouge|par\n|move|p2b: Umbreon|Snarl|p1a: Indeedee|[spread] p1a,p1b\n|-supereffective|p1a: Indeedee\n|-supereffective|p1b: Armarouge\n|-damage|p1a: Indeedee|89\/100\n|-damage|p1b: Armarouge|79\/100 par\n|-unboost|p1a: Indeedee|spa|1\n|-unboost|p1b: Armarouge|spa|1\n|\n|upkeep\n|turn|3\n|\n|t:|1683802615\n|cant|p1b: Armarouge|par\n|move|p2a: Jolteon|Thunderbolt|p1a: Indeedee\n|-damage|p1a: Indeedee|62\/100\n|move|p2b: Umbreon|Snarl|p1a: Indeedee|[spread] p1a,p1b\n|-supereffective|p1a: Indeedee\n|-supereffective|p1b: Armarouge\n|-damage|p1a: Indeedee|51\/100\n|-damage|p1b: Armarouge|57\/100 par\n|-unboost|p1a: Indeedee|spa|1\n|-unboost|p1b: Armarouge|spa|1\n|move|p1a: Indeedee|Trick Room|p1a: Indeedee\n|-fieldstart|move: Trick Room|[of] p1a: Indeedee\n|\n|upkeep\n|turn|4\n|\n|t:|1683802646\n|switch|p1b: Iron Hands|Iron Hands, L50|100\/100\n|move|p2b: Umbreon|Snarl|p1a: Indeedee|[spread] p1a,p1b\n|-supereffective|p1a: Indeedee\n|-resisted|p1b: Iron Hands\n|-damage|p1a: Indeedee|39\/100\n|-damage|p1b: Iron Hands|98\/100\n|-unboost|p1a: Indeedee|spa|1\n|-unboost|p1b: Iron Hands|spa|1\n|move|p1a: Indeedee|Dazzling Gleam|p2b: Umbreon|[spread] p2a,p2b\n|-crit|p2b: Umbreon\n|-damage|p2a: Jolteon|93\/100\n|-damage|p2b: Umbreon|73\/100\n|move|p2a: Jolteon|Thunder Wave|p1a: Indeedee\n|-status|p1a: Indeedee|par\n|\n|upkeep\n|turn|5\n|\n|t:|1683802681\n|switch|p2a: Sylveon|Sylveon, L50, F|100\/100\n|move|p1a: Indeedee|Helping Hand|p1b: Iron Hands\n|-singleturn|p1b: Iron Hands|Helping Hand|[of] p1a: Indeedee\n|move|p1b: Iron Hands|Stomping Tantrum|p2a: Sylveon\n|-damage|p2a: Sylveon|48\/100\n|move|p2b: Umbreon|Moonlight|p2b: Umbreon\n|-heal|p2b: Umbreon|100\/100\n|\n|upkeep\n|turn|6\n|\n|t:|1683802724\n|move|p1a: Indeedee|Helping Hand|p1b: Iron Hands\n|-singleturn|p1b: Iron Hands|Helping Hand|[of] p1a: Indeedee\n|move|p1b: Iron Hands|Stomping Tantrum|p2a: Sylveon\n|-damage|p2a: Sylveon|0 fnt\n|faint|p2a: Sylveon\n|move|p2b: Umbreon|Yawn|p1b: Iron Hands\n|-start|p1b: Iron Hands|move: Yawn|[of] p2b: Umbreon\n|\n|-fieldend|move: Psychic Terrain\n|upkeep\n|\n|t:|1683802745\n|switch|p2a: Vaporeon|Vaporeon, L50, M|100\/100\n|turn|7\n|\n|t:|1683802770\n|switch|p1a: Flutter Mane|Flutter Mane, L50|100\/100\n|move|p2a: Vaporeon|Protect|p2a: Vaporeon\n|-singleturn|p2a: Vaporeon|Protect\n|move|p1b: Iron Hands|Wild Charge|p2a: Vaporeon\n|-activate|p2a: Vaporeon|move: Protect\n|move|p2b: Umbreon|Snarl|p1a: Flutter Mane|[spread] p1a,p1b\n|-resisted|p1b: Iron Hands\n|-damage|p1a: Flutter Mane|91\/100\n|-damage|p1b: Iron Hands|95\/100\n|-unboost|p1a: Flutter Mane|spa|1\n|-unboost|p1b: Iron Hands|spa|1\n|\n|-end|p1b: Iron Hands|move: Yawn|[silent]\n|-status|p1b: Iron Hands|slp\n|-fieldend|move: Trick Room\n|upkeep\n|turn|8\n|\n|t:|1683802798\n|move|p1a: Flutter Mane|Protect|p1a: Flutter Mane\n|-singleturn|p1a: Flutter Mane|Protect\n|move|p2b: Umbreon|Snarl|p1b: Iron Hands|[spread] p1b\n|-activate|p1a: Flutter Mane|move: Protect\n|-resisted|p1b: Iron Hands\n|-damage|p1b: Iron Hands|93\/100 slp\n|-unboost|p1b: Iron Hands|spa|1\n|move|p2a: Vaporeon|Muddy Water|p1b: Iron Hands|[spread] p1b\n|-activate|p1a: Flutter Mane|move: Protect\n|-damage|p1b: Iron Hands|79\/100 slp\n|cant|p1b: Iron Hands|slp\n|\n|upkeep\n|turn|9\n|\n|t:|1683802820\n|-end|p1a: Flutter Mane|Protosynthesis|[silent]\n|switch|p1a: Indeedee|Indeedee-F, L50, F|39\/100 par\n|-fieldstart|move: Psychic Terrain|[from] ability: Psychic Surge|[of] p1a: Indeedee\n|move|p2b: Umbreon|Yawn||[still]\n|-fail|p2b: Umbreon\n|move|p2a: Vaporeon|Muddy Water|p1a: Indeedee|[spread] \n|-miss|p2a: Vaporeon|p1a: Indeedee\n|-miss|p2a: Vaporeon|p1b: Iron Hands\n|cant|p1b: Iron Hands|slp\n|\n|upkeep\n|turn|10\n|\n|t:|1683802836\n|move|p2b: Umbreon|Foul Play|p1a: Indeedee\n|-supereffective|p1a: Indeedee\n|-damage|p1a: Indeedee|8\/100 par\n|move|p2a: Vaporeon|Muddy Water|p1a: Indeedee|[spread] p1a,p1b\n|-damage|p1a: Indeedee|0 fnt\n|-damage|p1b: Iron Hands|65\/100 slp\n|faint|p1a: Indeedee\n|cant|p1b: Iron Hands|slp\n|\n|upkeep\n|\n|t:|1683802848\n|switch|p1a: Flutter Mane|Flutter Mane, L50|91\/100\n|turn|11\n|\n|t:|1683802869\n|move|p1a: Flutter Mane|Moonblast|p2a: Vaporeon\n|-damage|p2a: Vaporeon|63\/100\n|move|p2b: Umbreon|Snarl|p1a: Flutter Mane|[spread] p1a,p1b\n|-resisted|p1b: Iron Hands\n|-damage|p1a: Flutter Mane|81\/100\n|-damage|p1b: Iron Hands|62\/100 slp\n|-unboost|p1a: Flutter Mane|spa|1\n|-unboost|p1b: Iron Hands|spa|1\n|move|p2a: Vaporeon|Muddy Water|p1a: Flutter Mane|[spread] p1b\n|-miss|p2a: Vaporeon|p1a: Flutter Mane\n|-damage|p1b: Iron Hands|47\/100 slp\n|-unboost|p1b: Iron Hands|accuracy|1\n|-curestatus|p1b: Iron Hands|slp|[msg]\n|move|p1b: Iron Hands|Wild Charge|p2a: Vaporeon|[miss]\n|-miss|p1b: Iron Hands|p2a: Vaporeon\n|\n|-heal|p2a: Vaporeon|68\/100|[from] item: Leftovers\n|upkeep\n|turn|12\n|\n|t:|1683802892\n|switch|p2a: Jolteon|Jolteon, L50, M|93\/100\n|move|p1a: Flutter Mane|Protect|p1a: Flutter Mane\n|-singleturn|p1a: Flutter Mane|Protect\n|move|p2b: Umbreon|Snarl|p1a: Flutter Mane|[spread] p1b\n|-activate|p1a: Flutter Mane|move: Protect\n|-resisted|p1b: Iron Hands\n|-damage|p1b: Iron Hands|44\/100\n|-unboost|p1b: Iron Hands|spa|1\n|move|p1b: Iron Hands|Wild Charge|p2a: Jolteon\n|-heal|p2a: Jolteon|100\/100|[from] ability: Volt Absorb|[of] p1b: Iron Hands\n|\n|upkeep\n|turn|13\n|\n|t:|1683802912\n|move|p1a: Flutter Mane|Shadow Ball|p2b: Umbreon\n|-damage|p2b: Umbreon|82\/100\n|-unboost|p2b: Umbreon|spd|1\n|move|p2a: Jolteon|Thunder Wave|p1a: Flutter Mane\n|-status|p1a: Flutter Mane|par\n|move|p2b: Umbreon|Foul Play|p1b: Iron Hands\n|-resisted|p1b: Iron Hands\n|-damage|p1b: Iron Hands|24\/100\n|move|p1b: Iron Hands|Stomping Tantrum|p2a: Jolteon|[miss]\n|-miss|p1b: Iron Hands|p2a: Jolteon\n|\n|-fieldend|move: Psychic Terrain\n|upkeep\n|turn|14\n|\n|t:|1683802937\n|switch|p2b: Vaporeon|Vaporeon, L50, M|68\/100\n|move|p2a: Jolteon|Detect|p2a: Jolteon\n|-singleturn|p2a: Jolteon|Protect\n|move|p1a: Flutter Mane|Protect|p1a: Flutter Mane\n|-singleturn|p1a: Flutter Mane|Protect\n|move|p1b: Iron Hands|Stomping Tantrum|p2a: Jolteon\n|-activate|p2a: Jolteon|move: Protect\n|\n|-heal|p2b: Vaporeon|74\/100|[from] item: Leftovers\n|upkeep\n|turn|15\n|\n|t:|1683802966\n|switch|p2a: Umbreon|Umbreon, L50, M, tera:Fairy|82\/100\n|move|p1a: Flutter Mane|Moonblast|p2b: Vaporeon\n|-damage|p2b: Vaporeon|46\/100\n|move|p2b: Vaporeon|Muddy Water|p1a: Flutter Mane|[spread] p1a\n|-miss|p2b: Vaporeon|p1b: Iron Hands\n|-damage|p1a: Flutter Mane|54\/100 par\n|move|p1b: Iron Hands|Stomping Tantrum|p2a: Umbreon\n|-damage|p2a: Umbreon|64\/100\n|\n|-heal|p2b: Vaporeon|52\/100|[from] item: Leftovers\n|upkeep\n|turn|16\n|\n|t:|1683802994\n|move|p2b: Vaporeon|Protect|p2b: Vaporeon\n|-singleturn|p2b: Vaporeon|Protect\n|cant|p1a: Flutter Mane|par\n|move|p2a: Umbreon|Moonlight|p2a: Umbreon\n|-heal|p2a: Umbreon|100\/100\n|move|p1b: Iron Hands|Stomping Tantrum|p2b: Vaporeon\n|-activate|p2b: Vaporeon|move: Protect\n|\n|-heal|p2b: Vaporeon|58\/100|[from] item: Leftovers\n|upkeep\n|turn|17\n|\n|t:|1683803028\n|move|p1a: Flutter Mane|Shadow Ball|p2b: Vaporeon\n|-damage|p2b: Vaporeon|36\/100\n|move|p2a: Umbreon|Snarl|p1b: Iron Hands|[spread] p1a,p1b\n|-resisted|p1b: Iron Hands\n|-damage|p1a: Flutter Mane|45\/100 par\n|-damage|p1b: Iron Hands|22\/100\n|-unboost|p1a: Flutter Mane|spa|1\n|-unboost|p1b: Iron Hands|spa|1\n|move|p2b: Vaporeon|Muddy Water|p1a: Flutter Mane|[spread] p1a,p1b\n|-damage|p1a: Flutter Mane|19\/100 par\n|-damage|p1b: Iron Hands|7\/100\n|move|p1b: Iron Hands|Stomping Tantrum|p2b: Vaporeon\n|-damage|p2b: Vaporeon|12\/100\n|\n|-heal|p2b: Vaporeon|18\/100|[from] item: Leftovers\n|upkeep\n|turn|18\n|\n|t:|1683803054\n|-end|p1b: Iron Hands|Quark Drive|[silent]\n|switch|p1b: Armarouge|Armarouge, L50, M|57\/100 par\n|cant|p1a: Flutter Mane|par\n|move|p2b: Vaporeon|Protect|p2b: Vaporeon\n|-singleturn|p2b: Vaporeon|Protect\n|move|p2a: Umbreon|Snarl|p1a: Flutter Mane|[spread] p1a,p1b\n|-supereffective|p1b: Armarouge\n|-damage|p1a: Flutter Mane|10\/100 par\n|-damage|p1b: Armarouge|34\/100 par\n|-unboost|p1a: Flutter Mane|spa|1\n|-unboost|p1b: Armarouge|spa|1\n|\n|-heal|p2b: Vaporeon|24\/100|[from] item: Leftovers\n|upkeep\n|turn|19\n|\n|t:|1683803077\n|-terastallize|p1b: Armarouge|Grass\n|move|p1a: Flutter Mane|Moonblast|p2b: Vaporeon\n|-damage|p2b: Vaporeon|8\/100\n|move|p2a: Umbreon|Snarl|p1a: Flutter Mane|[spread] p1a,p1b\n|-damage|p1a: Flutter Mane|0 fnt\n|-damage|p1b: Armarouge|23\/100 par\n|-unboost|p1b: Armarouge|spa|1\n|faint|p1a: Flutter Mane\n|-end|p1a: Flutter Mane|Protosynthesis|[silent]\n|move|p2b: Vaporeon|Muddy Water|p1b: Armarouge\n|-resisted|p1b: Armarouge\n|-damage|p1b: Armarouge|5\/100 par\n|move|p1b: Armarouge|Expanding Force|p2a: Umbreon\n|-damage|p2a: Umbreon|81\/100\n|-damage|p1b: Armarouge|0 fnt|[from] item: Life Orb\n|faint|p1b: Armarouge\n|\n|-heal|p2b: Vaporeon|14\/100|[from] item: Leftovers\n|upkeep\n|-message|xJPNH forfeited.\n|\n|win|betelgeuse\n|raw|xJPNH's rating: 1020 → 1011<\/strong> (-9 for losing)\n|raw|betelgeuse's rating: 1133 → 1150<\/strong> (+17 for winning)\n|l|\u2606xJPNH\n|l|\u2606betelgeuse\n|j|\u2606betelgeuse\n|player|p2|betelgeuse|janitor\n","uploadtime":1683803097,"views":16,"p1id":"xjpnh","p2id":"betelgeuse","formatid":"gen9vgc2023regulationc","rating":1011,"private":0,"password":""}