{"id":"gen9vgc2023regulationc-1861358762","p1":"abGodc","p2":"Desertfreak","format":"[Gen 9] VGC 2023 Regulation C","log":"|j|\u2606abGodc\n|j|\u2606Desertfreak\n|t:|1683749307\n|gametype|doubles\n|player|p1|abGodc|2|1382\n|player|p2|Desertfreak|102|1307\n|teamsize|p1|6\n|teamsize|p2|6\n|gen|9\n|tier|[Gen 9] VGC 2023 Regulation C\n|rated|\n|rule|Species Clause: Limit one of each Pok\u00e9mon\n|rule|Item Clause: Limit one of each item\n|clearpoke\n|poke|p1|Chien-Pao, L50|\n|poke|p1|Flutter Mane, L50|\n|poke|p1|Iron Bundle, L50|\n|poke|p1|Scizor, L50, M|\n|poke|p1|Arcanine, L50, F|\n|poke|p1|Breloom, L50, M|\n|poke|p2|Annihilape, L50, M|\n|poke|p2|Tyranitar, L50, M|\n|poke|p2|Lycanroc, L50, M|\n|poke|p2|Maushold-Four, L50|\n|poke|p2|Ting-Lu, L50|\n|poke|p2|Iron Bundle, L50|\n|teampreview|4\n|inactive|Battle timer is ON: inactive players will automatically lose when time's up. (requested by abGodc)\n|\n|t:|1683749336\n|start\n|switch|p1a: Flutter Mane|Flutter Mane, L50|100\/100\n|switch|p1b: Breloom|Breloom, L50, M|100\/100\n|switch|p2a: K\u00e4\u00e4rij\u00e4|Annihilape, L50, M, shiny|100\/100\n|switch|p2b: Let 4|Maushold-Four, L50, shiny|100\/100\n|turn|1\n|\n|t:|1683749349\n|-terastallize|p2a: K\u00e4\u00e4rij\u00e4|Water\n|move|p1b: Breloom|Mach Punch|p2b: Let 4\n|-supereffective|p2b: Let 4\n|-damage|p2b: Let 4|13\/100\n|move|p1a: Flutter Mane|Substitute|p1a: Flutter Mane\n|-start|p1a: Flutter Mane|Substitute\n|-damage|p1a: Flutter Mane|76\/100\n|move|p2b: Let 4|Beat Up|p2a: K\u00e4\u00e4rij\u00e4\n|-damage|p2a: K\u00e4\u00e4rij\u00e4|98\/100\n|-damage|p2a: K\u00e4\u00e4rij\u00e4|96\/100\n|-damage|p2a: K\u00e4\u00e4rij\u00e4|95\/100\n|-damage|p2a: K\u00e4\u00e4rij\u00e4|92\/100\n|-hitcount|p2a: K\u00e4\u00e4rij\u00e4|4\n|move|p2a: K\u00e4\u00e4rij\u00e4|Rage Fist|p1b: Breloom\n|-enditem|p1b: Breloom|Focus Sash\n|-damage|p1b: Breloom|1\/100\n|\n|-heal|p2a: K\u00e4\u00e4rij\u00e4|98\/100|[from] item: Leftovers\n|upkeep\n|turn|2\n|\n|t:|1683749365\n|move|p2b: Let 4|Follow Me|p2b: Let 4\n|-singleturn|p2b: Let 4|move: Follow Me\n|move|p1a: Flutter Mane|Moonblast|p2b: Let 4\n|-damage|p2b: Let 4|0 fnt\n|faint|p2b: Let 4\n|move|p2a: K\u00e4\u00e4rij\u00e4|Rage Fist|p1b: Breloom\n|-damage|p1b: Breloom|0 fnt\n|faint|p1b: Breloom\n|\n|-heal|p2a: K\u00e4\u00e4rij\u00e4|100\/100|[from] item: Leftovers\n|upkeep\n|\n|t:|1683749378\n|switch|p2b: Ting-Lu-u-u|Ting-Lu, L50|100\/100\n|switch|p1b: Chien-Pao|Chien-Pao, L50|100\/100\n|-ability|p1b: Chien-Pao|Sword of Ruin\n|-ability|p2b: Ting-Lu-u-u|Vessel of Ruin\n|turn|3\n|\n|t:|1683749387\n|-terastallize|p1b: Chien-Pao|Fighting\n|move|p2b: Ting-Lu-u-u|Protect|p2b: Ting-Lu-u-u\n|-singleturn|p2b: Ting-Lu-u-u|Protect\n|move|p1b: Chien-Pao|Sacred Sword|p2a: K\u00e4\u00e4rij\u00e4\n|-damage|p2a: K\u00e4\u00e4rij\u00e4|45\/100\n|move|p1a: Flutter Mane|Shadow Ball|p2a: K\u00e4\u00e4rij\u00e4\n|-damage|p2a: K\u00e4\u00e4rij\u00e4|18\/100\n|move|p2a: K\u00e4\u00e4rij\u00e4|Drain Punch|p1b: Chien-Pao\n|-damage|p1b: Chien-Pao|62\/100\n|-heal|p2a: K\u00e4\u00e4rij\u00e4|31\/100|[from] drain|[of] p1b: Chien-Pao\n|\n|-heal|p2a: K\u00e4\u00e4rij\u00e4|37\/100|[from] item: Leftovers\n|upkeep\n|turn|4\n|\n|t:|1683749406\n|move|p1b: Chien-Pao|Protect|p1b: Chien-Pao\n|-singleturn|p1b: Chien-Pao|Protect\n|move|p2a: K\u00e4\u00e4rij\u00e4|Protect|p2a: K\u00e4\u00e4rij\u00e4\n|-singleturn|p2a: K\u00e4\u00e4rij\u00e4|Protect\n|move|p1a: Flutter Mane|Moonblast|p2b: Ting-Lu-u-u\n|-supereffective|p2b: Ting-Lu-u-u\n|-damage|p2b: Ting-Lu-u-u|40\/100\n|-unboost|p2b: Ting-Lu-u-u|spa|1\n|-enditem|p2b: Ting-Lu-u-u|Weakness Policy\n|-boost|p2b: Ting-Lu-u-u|atk|2|[from] item: Weakness Policy\n|-boost|p2b: Ting-Lu-u-u|spa|2|[from] item: Weakness Policy\n|move|p2b: Ting-Lu-u-u|Stomping Tantrum|p1b: Chien-Pao\n|-activate|p1b: Chien-Pao|move: Protect\n|\n|-heal|p2a: K\u00e4\u00e4rij\u00e4|43\/100|[from] item: Leftovers\n|upkeep\n|turn|5\n|\n|t:|1683749421\n|move|p1b: Chien-Pao|Sacred Sword|p2a: K\u00e4\u00e4rij\u00e4\n|-damage|p2a: K\u00e4\u00e4rij\u00e4|0 fnt\n|faint|p2a: K\u00e4\u00e4rij\u00e4\n|move|p1a: Flutter Mane|Moonblast|p2b: Ting-Lu-u-u\n|-supereffective|p2b: Ting-Lu-u-u\n|-damage|p2b: Ting-Lu-u-u|0 fnt\n|faint|p2b: Ting-Lu-u-u\n|\n|upkeep\n|\n|t:|1683749423\n|switch|p2b: Da\u00f0i Freezer|Iron Bundle, L50, shiny|100\/100\n|-enditem|p2b: Da\u00f0i Freezer|Booster Energy\n|-activate|p2b: Da\u00f0i Freezer|ability: Quark Drive|[fromitem]\n|-start|p2b: Da\u00f0i Freezer|quarkdrivespe\n|turn|6\n|\n|t:|1683749431\n|move|p1b: Chien-Pao|Sucker Punch|p2b: Da\u00f0i Freezer\n|-damage|p2b: Da\u00f0i Freezer|39\/100\n|move|p2b: Da\u00f0i Freezer|Hydro Pump|p1b: Chien-Pao\n|-damage|p1b: Chien-Pao|0 fnt\n|faint|p1b: Chien-Pao\n|move|p1a: Flutter Mane|Moonblast|p2b: Da\u00f0i Freezer\n|-damage|p2b: Da\u00f0i Freezer|0 fnt\n|faint|p2b: Da\u00f0i Freezer\n|-end|p2b: Da\u00f0i Freezer|Quark Drive|[silent]\n|\n|win|abGodc\n|raw|abGodc's rating: 1382 → 1398<\/strong> (+16 for winning)\n|raw|Desertfreak's rating: 1307 → 1291<\/strong> (-16 for losing)\n|l|\u2606Desertfreak\n","uploadtime":1683749441,"views":10,"p1id":"abgodc","p2id":"desertfreak","formatid":"gen9vgc2023regulationc","rating":1291,"private":0,"password":""}