{"id":"gen9vgc2023regulationc-1862534520","p1":"EmilyFloof728","p2":"sssnakysnake","format":"[Gen 9] VGC 2023 Regulation C","log":"|j|\u2606EmilyFloof728\n|j|\u2606sssnakysnake\n|t:|1683898358\n|gametype|doubles\n|player|p1|EmilyFloof728|hilda|1132\n|player|p2|sssnakysnake|169|1049\n|teamsize|p1|6\n|teamsize|p2|6\n|gen|9\n|tier|[Gen 9] VGC 2023 Regulation C\n|rated|\n|rule|Species Clause: Limit one of each Pok\u00e9mon\n|rule|Item Clause: Limit one of each item\n|clearpoke\n|poke|p1|Gengar, L50, F|\n|poke|p1|Iron Valiant, L50|\n|poke|p1|Bellibolt, L50, M|\n|poke|p1|Wo-Chien, L50|\n|poke|p1|Chi-Yu, L50|\n|poke|p1|Farigiraf, L50, F|\n|poke|p2|Annihilape, L50, F|\n|poke|p2|Flutter Mane, L50|\n|poke|p2|Tauros-Paldea-Blaze, L50, M|\n|poke|p2|Tinkaton, L50, F|\n|poke|p2|Chi-Yu, L50|\n|poke|p2|Iron Bundle, L50|\n|teampreview|4\n|inactive|Battle timer is ON: inactive players will automatically lose when time's up. (requested by EmilyFloof728)\n|inactive|sssnakysnake has 60 seconds left.\n|\n|t:|1683898394\n|start\n|switch|p1a: Lillith|Gengar, L50, F|100\/100\n|switch|p1b: Ashley|Farigiraf, L50, F|100\/100\n|switch|p2a: Annihilape|Annihilape, L50, F|100\/100\n|switch|p2b: Tauros|Tauros-Paldea-Blaze, L50, M|100\/100\n|-ability|p2b: Tauros|Intimidate|boost\n|-unboost|p1a: Lillith|atk|1\n|-unboost|p1b: Ashley|atk|1\n|turn|1\n|inactive|sssnakysnake has 30 seconds left.\n|\n|t:|1683898426\n|-terastallize|p2a: Annihilape|Steel\n|move|p1a: Lillith|Shadow Ball|p2a: Annihilape\n|-damage|p2a: Annihilape|55\/100\n|move|p2b: Tauros|Bulldoze|p1a: Lillith|[spread] p2a,p1a,p1b\n|-supereffective|p2a: Annihilape\n|-supereffective|p1a: Lillith\n|-damage|p2a: Annihilape|21\/100\n|-damage|p1a: Lillith|49\/100\n|-damage|p1b: Ashley|86\/100\n|-unboost|p2a: Annihilape|spe|1\n|-unboost|p1a: Lillith|spe|1\n|-unboost|p1b: Ashley|spe|1\n|move|p2a: Annihilape|Shadow Punch|p1a: Lillith\n|-supereffective|p1a: Lillith\n|-damage|p1a: Lillith|0 fnt\n|faint|p1a: Lillith\n|move|p1b: Ashley|Trick Room|p1b: Ashley\n|-fieldstart|move: Trick Room|[of] p1b: Ashley\n|\n|upkeep\n|\n|t:|1683898440\n|switch|p1a: Alexander|Bellibolt, L50, M|100\/100\n|turn|2\n|inactive|sssnakysnake has 30 seconds left.\n|\n|t:|1683898475\n|-terastallize|p1a: Alexander|Water\n|move|p1b: Ashley|Twin Beam|p2b: Tauros\n|-supereffective|p2b: Tauros\n|-damage|p2b: Tauros|36\/100\n|-supereffective|p2b: Tauros\n|-damage|p2b: Tauros|0 fnt\n|faint|p2b: Tauros\n|-hitcount|p2: Tauros|2\n|move|p1a: Alexander|Parabolic Charge|p2a: Annihilape|[spread] p1b,p2a\n|-damage|p1b: Ashley|60\/100\n|-damage|p2a: Annihilape|0 fnt\n|faint|p2a: Annihilape\n|\n|upkeep\n|\n|t:|1683898493\n|switch|p2a: Tinkaton|Tinkaton, L50, F|100\/100\n|switch|p2b: Iron Bundle|Iron Bundle, L50|100\/100\n|-ability|p2a: Tinkaton|Mold Breaker\n|turn|3\n|\n|t:|1683898517\n|move|p2a: Tinkaton|Helping Hand|p2b: Iron Bundle\n|-singleturn|p2b: Iron Bundle|Helping Hand|[of] p2a: Tinkaton\n|move|p1b: Ashley|Dazzling Gleam|p2b: Iron Bundle|[spread] p2a,p2b\n|-resisted|p2a: Tinkaton\n|-damage|p2a: Tinkaton|93\/100\n|-damage|p2b: Iron Bundle|57\/100\n|move|p1a: Alexander|Parabolic Charge|p2b: Iron Bundle|[spread] p1b,p2a,p2b\n|-supereffective|p2b: Iron Bundle\n|-damage|p1b: Ashley|36\/100\n|-damage|p2a: Tinkaton|77\/100\n|-damage|p2b: Iron Bundle|0 fnt\n|faint|p2b: Iron Bundle\n|-end|p2b: Iron Bundle|Quark Drive|[silent]\n|\n|upkeep\n|turn|4\n|\n|t:|1683898531\n|move|p1b: Ashley|Dazzling Gleam|p2a: Tinkaton\n|-resisted|p2a: Tinkaton\n|-damage|p2a: Tinkaton|69\/100\n|move|p1a: Alexander|Muddy Water|p2a: Tinkaton\n|-damage|p2a: Tinkaton|40\/100\n|-unboost|p2a: Tinkaton|accuracy|1\n|move|p2a: Tinkaton|Gigaton Hammer|p1a: Alexander|[miss]\n|-miss|p2a: Tinkaton|p1a: Alexander\n|\n|upkeep\n|turn|5\n|-message|sssnakysnake forfeited.\n|\n|win|EmilyFloof728\n|raw|EmilyFloof728's rating: 1132 → 1151<\/strong> (+19 for winning)\n|raw|sssnakysnake's rating: 1049 → 1036<\/strong> (-13 for losing)\n|l|\u2606sssnakysnake\n","uploadtime":1683898545,"views":7,"p1id":"emilyfloof728","p2id":"sssnakysnake","formatid":"gen9vgc2023regulationc","rating":1036,"private":0,"password":""}