{"id":"gen9vgc2023regulationc-1863410453","p1":"revocolombia","p2":"Izzywooperstan","format":"[Gen 9] VGC 2023 Regulation C","log":"|j|\u2606revocolombia\n|j|\u2606Izzywooperstan\n|t:|1684013481\n|gametype|doubles\n|player|p1|revocolombia|pokemonranger-gen4|1428\n|player|p2|Izzywooperstan|lady|1480\n|teamsize|p1|6\n|teamsize|p2|6\n|gen|9\n|tier|[Gen 9] VGC 2023 Regulation C\n|rated|\n|rule|Species Clause: Limit one of each Pok\u00e9mon\n|rule|Item Clause: Limit one of each item\n|clearpoke\n|poke|p1|Flutter Mane, L50|\n|poke|p1|Annihilape, L50, M|\n|poke|p1|Dragonite, L50, F|\n|poke|p1|Chien-Pao, L50|\n|poke|p1|Murkrow, L50, M|\n|poke|p1|Gholdengo, L50|\n|poke|p2|Azumarill, L50, F|\n|poke|p2|Baxcalibur, L50, F|\n|poke|p2|Chi-Yu, L50|\n|poke|p2|Gholdengo, L50|\n|poke|p2|Flutter Mane, L50|\n|poke|p2|Amoonguss, L50, F|\n|teampreview|4\n|j| Alexis Conran\n|\n|t:|1684013530\n|start\n|switch|p1a: Annihilape|Annihilape, L50, M, shiny|100\/100\n|switch|p1b: Murkrow|Murkrow, L50, M|100\/100\n|switch|p2a: Amoonguss|Amoonguss, L50, F|100\/100\n|switch|p2b: Chi-Yu|Chi-Yu, L50|100\/100\n|-ability|p2b: Chi-Yu|Beads of Ruin\n|turn|1\n|\n|t:|1684013557\n|-terastallize|p1a: Annihilape|Fire\n|move|p2a: Amoonguss|Rage Powder|p2a: Amoonguss\n|-singleturn|p2a: Amoonguss|move: Rage Powder\n|move|p1b: Murkrow|Taunt|p2a: Amoonguss\n|-start|p2a: Amoonguss|move: Taunt\n|move|p2b: Chi-Yu|Dark Pulse|p1a: Annihilape\n|-damage|p1a: Annihilape|51\/100\n|move|p1a: Annihilape|Drain Punch|p2a: Amoonguss\n|-resisted|p2a: Amoonguss\n|-damage|p2a: Amoonguss|84\/100\n|-heal|p1a: Annihilape|60\/100|[from] drain|[of] p2a: Amoonguss\n|\n|-heal|p1a: Annihilape|66\/100|[from] item: Leftovers\n|upkeep\n|turn|2\n|\n|t:|1684013583\n|-terastallize|p2b: Chi-Yu|Flying\n|move|p1b: Murkrow|Tailwind|p1b: Murkrow\n|-sidestart|p1: revocolombia|move: Tailwind\n|move|p1a: Annihilape|Drain Punch|p2b: Chi-Yu\n|-resisted|p2b: Chi-Yu\n|-damage|p2b: Chi-Yu|78\/100\n|-heal|p1a: Annihilape|75\/100|[from] drain|[of] p2b: Chi-Yu\n|move|p2b: Chi-Yu|Dark Pulse|p1a: Annihilape\n|-damage|p1a: Annihilape|31\/100\n|move|p2a: Amoonguss|Pollen Puff|p2b: Chi-Yu\n|-heal|p2b: Chi-Yu|100\/100\n|\n|-heal|p1a: Annihilape|37\/100|[from] item: Leftovers\n|upkeep\n|turn|3\n|\n|t:|1684013612\n|switch|p1b: Dragonite|Dragonite, L50, F|100\/100\n|move|p1a: Annihilape|Rage Fist|p2b: Chi-Yu\n|-damage|p2b: Chi-Yu|3\/100\n|move|p2b: Chi-Yu|Flamethrower|p1b: Dragonite\n|-resisted|p1b: Dragonite\n|-damage|p1b: Dragonite|85\/100\n|move|p2a: Amoonguss|Pollen Puff|p2b: Chi-Yu\n|-heal|p2b: Chi-Yu|53\/100\n|\n|-heal|p1a: Annihilape|43\/100|[from] item: Leftovers\n|upkeep\n|turn|4\n|\n|t:|1684013639\n|move|p2b: Chi-Yu|Protect|p2b: Chi-Yu\n|-singleturn|p2b: Chi-Yu|Protect\n|move|p1b: Dragonite|Thunder Punch|p2b: Chi-Yu\n|-activate|p2b: Chi-Yu|move: Protect\n|move|p1a: Annihilape|Rage Fist|p2a: Amoonguss\n|-damage|p2a: Amoonguss|20\/100\n|-enditem|p2a: Amoonguss|Sitrus Berry|[eat]\n|-heal|p2a: Amoonguss|45\/100|[from] item: Sitrus Berry\n|move|p2a: Amoonguss|Clear Smog|p1b: Dragonite\n|-damage|p1b: Dragonite|64\/100\n|-clearboost|p1b: Dragonite\n|\n|-heal|p1a: Annihilape|50\/100|[from] item: Leftovers\n|-end|p2a: Amoonguss|move: Taunt\n|upkeep\n|turn|5\n|\n|t:|1684013669\n|move|p2a: Amoonguss|Rage Powder|p2a: Amoonguss\n|-singleturn|p2a: Amoonguss|move: Rage Powder\n|move|p1b: Dragonite|Thunder Punch|p2a: Amoonguss\n|-resisted|p2a: Amoonguss\n|-damage|p2a: Amoonguss|34\/100\n|move|p1a: Annihilape|Rage Fist|p2a: Amoonguss\n|-crit|p2a: Amoonguss\n|-damage|p2a: Amoonguss|0 fnt\n|faint|p2a: Amoonguss\n|move|p2b: Chi-Yu|Dark Pulse|p1a: Annihilape\n|-damage|p1a: Annihilape|3\/100\n|\n|-heal|p1a: Annihilape|10\/100|[from] item: Leftovers\n|-sideend|p1: revocolombia|move: Tailwind\n|upkeep\n|\n|t:|1684013683\n|switch|p2a: Azumarill|Azumarill, L50, F|100\/100\n|turn|6\n|\n|t:|1684013691\n|move|p1a: Annihilape|Protect|p1a: Annihilape\n|-singleturn|p1a: Annihilape|Protect\n|move|p2a: Azumarill|Aqua Jet|p1a: Annihilape\n|-activate|p1a: Annihilape|move: Protect\n|move|p2b: Chi-Yu|Dark Pulse|p1b: Dragonite\n|-damage|p1b: Dragonite|8\/100\n|move|p1b: Dragonite|Thunder Punch|p2a: Azumarill\n|-supereffective|p2a: Azumarill\n|-damage|p2a: Azumarill|36\/100\n|\n|-heal|p1a: Annihilape|16\/100|[from] item: Leftovers\n|upkeep\n|turn|7\n|\n|t:|1684013711\n|switch|p1a: Murkrow|Murkrow, L50, M|100\/100\n|move|p1b: Dragonite|Extreme Speed|p2b: Chi-Yu\n|-damage|p2b: Chi-Yu|10\/100\n|move|p2a: Azumarill|Aqua Jet|p1a: Murkrow\n|-damage|p1a: Murkrow|74\/100\n|move|p2b: Chi-Yu|Dark Pulse|p1b: Dragonite\n|-damage|p1b: Dragonite|0 fnt\n|faint|p1b: Dragonite\n|\n|upkeep\n|\n|t:|1684013725\n|switch|p1b: Gholdengo|Gholdengo, L50|100\/100\n|turn|8\n|\n|t:|1684013744\n|move|p1a: Murkrow|Tailwind|p1a: Murkrow\n|-sidestart|p1: revocolombia|move: Tailwind\n|move|p1b: Gholdengo|Make It Rain|p2b: Chi-Yu|[spread] p2a,p2b\n|-damage|p2a: Azumarill|0 fnt\n|-damage|p2b: Chi-Yu|0 fnt\n|-unboost|p1b: Gholdengo|spa|1\n|faint|p2a: Azumarill\n|faint|p2b: Chi-Yu\n|-damage|p1b: Gholdengo|91\/100|[from] item: Life Orb\n|\n|upkeep\n|\n|t:|1684013756\n|switch|p2b: Gholdengo|Gholdengo, L50|100\/100\n|turn|9\n|\n|t:|1684013768\n|move|p1a: Murkrow|Haze|p1a: Murkrow\n|-clearallboost\n|move|p1b: Gholdengo|Shadow Ball|p2b: Gholdengo\n|-supereffective|p2b: Gholdengo\n|-damage|p2b: Gholdengo|0 fnt\n|faint|p2b: Gholdengo\n|-damage|p1b: Gholdengo|81\/100|[from] item: Life Orb\n|\n|win|revocolombia\n|raw|revocolombia's rating: 1428 → 1451<\/strong> (+23 for winning)\n|raw|Izzywooperstan's rating: 1480 → 1457<\/strong> (-23 for losing)\n|l|\u2606Izzywooperstan\n","uploadtime":1684013781,"views":11,"p1id":"revocolombia","p2id":"izzywooperstan","formatid":"gen9vgc2023regulationc","rating":1451,"private":0,"password":""}