{"id":"gen9vgc2023regulationc-1848986090","p1":"notFRAME","p2":"Valhala Alfa","format":"[Gen 9] VGC 2023 Regulation C","log":"|j|\u2606notFRAME\n|j|\u2606Valhala Alfa\n|t:|1682134868\n|gametype|doubles\n|player|p1|notFRAME|ghetsis-gen5bw|1210\n|player|p2|Valhala Alfa|2|1171\n|teamsize|p1|6\n|teamsize|p2|6\n|gen|9\n|tier|[Gen 9] VGC 2023 Regulation C\n|rated|\n|rule|Species Clause: Limit one of each Pok\u00e9mon\n|rule|Item Clause: Limit one of each item\n|clearpoke\n|poke|p1|Indeedee-F, L50, F|\n|poke|p1|Hatterene, L50, F|\n|poke|p1|Torkoal, L50, M|\n|poke|p1|Tyranitar, L50, M|\n|poke|p1|Iron Hands, L50|\n|poke|p1|Chi-Yu, L50|\n|poke|p2|Tyranitar, L50, F|\n|poke|p2|Palafin, L50, F|\n|poke|p2|Amoonguss, L50, F|\n|poke|p2|Lycanroc, L50, M|\n|poke|p2|Arcanine, L50, M|\n|poke|p2|Bellibolt, L50, F|\n|teampreview|4\n|inactive|Battle timer is ON: inactive players will automatically lose when time's up. (requested by Valhala Alfa)\n|inactive|Valhala Alfa has 60 seconds left.\n|\n|t:|1682134916\n|start\n|switch|p1a: Indeedee|Indeedee-F, L50, F, shiny|100\/100\n|switch|p1b: Hatterene|Hatterene, L50, F, shiny|100\/100\n|switch|p2a: Tyranitar|Tyranitar, L50, F|100\/100\n|switch|p2b: Lycanroc|Lycanroc, L50, M, shiny|100\/100\n|-fieldstart|move: Psychic Terrain|[from] ability: Psychic Surge|[of] p1a: Indeedee\n|-weather|Sandstorm|[from] ability: Sand Stream|[of] p2a: Tyranitar\n|turn|1\n|\n|t:|1682134936\n|move|p1a: Indeedee|Follow Me|p1a: Indeedee\n|-singleturn|p1a: Indeedee|move: Follow Me\n|move|p2b: Lycanroc|Rock Slide|p1b: Hatterene|[spread] p1a,p1b\n|-damage|p1a: Indeedee|70\/100\n|-damage|p1b: Hatterene|69\/100\n|move|p2a: Tyranitar|Snarl|p1b: Hatterene|[spread] p1a,p1b\n|-supereffective|p1a: Indeedee\n|-crit|p1a: Indeedee\n|-damage|p1a: Indeedee|33\/100\n|-damage|p1b: Hatterene|54\/100\n|-unboost|p1a: Indeedee|spa|1\n|-unboost|p1b: Hatterene|spa|1\n|move|p1b: Hatterene|Trick Room|p1b: Hatterene\n|-fieldstart|move: Trick Room|[of] p1b: Hatterene\n|\n|-weather|Sandstorm|[upkeep]\n|-damage|p1b: Hatterene|48\/100|[from] Sandstorm\n|upkeep\n|turn|2\n|inactive|notFRAME has 30 seconds left.\n|\n|t:|1682134963\n|move|p1a: Indeedee|Helping Hand|p1b: Hatterene\n|-singleturn|p1b: Hatterene|Helping Hand|[of] p1a: Indeedee\n|move|p1b: Hatterene|Dazzling Gleam|p2a: Tyranitar|[spread] p2a,p2b\n|-supereffective|p2a: Tyranitar\n|-damage|p2a: Tyranitar|55\/100\n|-damage|p2b: Lycanroc|49\/100\n|-damage|p1b: Hatterene|38\/100|[from] item: Life Orb\n|move|p2a: Tyranitar|Snarl|p1a: Indeedee|[spread] p1a,p1b\n|-supereffective|p1a: Indeedee\n|-damage|p1a: Indeedee|6\/100\n|-damage|p1b: Hatterene|23\/100\n|-unboost|p1a: Indeedee|spa|1\n|-unboost|p1b: Hatterene|spa|1\n|move|p2b: Lycanroc|Rock Slide|p1a: Indeedee|[spread] p1a,p1b\n|-damage|p1a: Indeedee|0 fnt\n|-damage|p1b: Hatterene|0 fnt\n|faint|p1a: Indeedee\n|faint|p1b: Hatterene\n|\n|-weather|Sandstorm|[upkeep]\n|-heal|p2a: Tyranitar|61\/100|[from] item: Leftovers\n|upkeep\n|\n|t:|1682134980\n|switch|p1b: Iron Hands|Iron Hands, L50, shiny|100\/100\n|switch|p1a: Torkoal|Torkoal, L50, M, shiny|100\/100\n|-weather|SunnyDay|[from] ability: Drought|[of] p1a: Torkoal\n|-enditem|p1b: Iron Hands|Booster Energy\n|-activate|p1b: Iron Hands|ability: Quark Drive|[fromitem]\n|-start|p1b: Iron Hands|quarkdriveatk\n|turn|3\n|\n|t:|1682134995\n|-terastallize|p1a: Torkoal|Fire\n|move|p2a: Tyranitar|Protect|p2a: Tyranitar\n|-singleturn|p2a: Tyranitar|Protect\n|move|p2b: Lycanroc|Protect|p2b: Lycanroc\n|-singleturn|p2b: Lycanroc|Protect\n|move|p1a: Torkoal|Eruption|p2b: Lycanroc|[spread] \n|-activate|p2a: Tyranitar|move: Protect\n|-activate|p2b: Lycanroc|move: Protect\n|move|p1b: Iron Hands|Drain Punch|p2a: Tyranitar\n|-activate|p2a: Tyranitar|move: Protect\n|\n|-weather|SunnyDay|[upkeep]\n|-heal|p2a: Tyranitar|67\/100|[from] item: Leftovers\n|upkeep\n|turn|4\n|inactive|Valhala Alfa has 30 seconds left.\n|inactive|Valhala Alfa has 20 seconds left.\n|inactive|Valhala Alfa has 15 seconds left.\n|inactive|Valhala Alfa has 10 seconds left.\n|\n|t:|1682135043\n|switch|p2a: Arcanine|Arcanine, L50, M|100\/100\n|-ability|p2a: Arcanine|Intimidate|boost\n|-unboost|p1a: Torkoal|atk|1\n|-unboost|p1b: Iron Hands|atk|1\n|switch|p2b: Bellibolt|Bellibolt, L50, F|100\/100\n|move|p1a: Torkoal|Eruption|p2a: Arcanine|[spread] p2a,p2b\n|-resisted|p2a: Arcanine\n|-damage|p2a: Arcanine|4\/100\n|-damage|p2b: Bellibolt|18\/100\n|-start|p2b: Bellibolt|Charge|Eruption|[from] ability: Electromorphosis\n|move|p1b: Iron Hands|Drain Punch|p2a: Arcanine\n|-damage|p2a: Arcanine|0 fnt\n|faint|p2a: Arcanine\n|\n|-weather|SunnyDay|[upkeep]\n|upkeep\n|\n|t:|1682135059\n|switch|p2a: Lycanroc|Lycanroc, L50, M, shiny|49\/100\n|turn|5\n|\n|t:|1682135070\n|move|p2a: Lycanroc|Protect|p2a: Lycanroc\n|-singleturn|p2a: Lycanroc|Protect\n|move|p2b: Bellibolt|Sucker Punch|p1a: Torkoal\n|-activate|p1a: Torkoal|move: Psychic Terrain\n|move|p1a: Torkoal|Eruption|p2b: Bellibolt|[spread] p2b\n|-activate|p2a: Lycanroc|move: Protect\n|-damage|p2b: Bellibolt|0 fnt\n|faint|p2b: Bellibolt\n|move|p1b: Iron Hands|Swords Dance|p1b: Iron Hands\n|-boost|p1b: Iron Hands|atk|2\n|\n|-weather|SunnyDay|[upkeep]\n|-fieldend|move: Trick Room\n|-fieldend|move: Psychic Terrain\n|upkeep\n|\n|t:|1682135079\n|switch|p2b: Tyranitar|Tyranitar, L50, F|67\/100\n|-weather|Sandstorm|[from] ability: Sand Stream|[of] p2b: Tyranitar\n|turn|6\n|inactive|Valhala Alfa has 30 seconds left.\n|\n|t:|1682135110\n|move|p2a: Lycanroc|Rock Slide|p1a: Torkoal|[spread] p1a,p1b\n|-supereffective|p1a: Torkoal\n|-resisted|p1b: Iron Hands\n|-crit|p1b: Iron Hands\n|-damage|p1a: Torkoal|59\/100\n|-damage|p1b: Iron Hands|84\/100\n|move|p2b: Tyranitar|Rock Slide|p1b: Iron Hands|[spread] p1a,p1b\n|-supereffective|p1a: Torkoal\n|-resisted|p1b: Iron Hands\n|-damage|p1a: Torkoal|17\/100\n|-damage|p1b: Iron Hands|74\/100\n|cant|p1b: Iron Hands|flinch\n|move|p1a: Torkoal|Eruption|p2b: Tyranitar|[spread] p2a,p2b\n|-resisted|p2a: Lycanroc\n|-resisted|p2b: Tyranitar\n|-damage|p2a: Lycanroc|40\/100\n|-damage|p2b: Tyranitar|63\/100\n|\n|-weather|Sandstorm|[upkeep]\n|-damage|p1b: Iron Hands|68\/100|[from] Sandstorm\n|-damage|p1a: Torkoal|11\/100|[from] Sandstorm\n|-heal|p2b: Tyranitar|69\/100|[from] item: Leftovers\n|upkeep\n|turn|7\n|\n|t:|1682135132\n|move|p2a: Lycanroc|Endeavor|p1b: Iron Hands\n|-damage|p1b: Iron Hands|27\/100\n|move|p2b: Tyranitar|Rock Slide|p1a: Torkoal|[spread] p1a,p1b\n|-supereffective|p1a: Torkoal\n|-resisted|p1b: Iron Hands\n|-crit|p1b: Iron Hands\n|-damage|p1a: Torkoal|0 fnt\n|-damage|p1b: Iron Hands|14\/100\n|faint|p1a: Torkoal\n|move|p1b: Iron Hands|Drain Punch|p2b: Tyranitar\n|-supereffective|p2b: Tyranitar\n|-damage|p2b: Tyranitar|0 fnt\n|-heal|p1b: Iron Hands|44\/100|[from] drain|[of] p2b: Tyranitar\n|faint|p2b: Tyranitar\n|\n|-weather|Sandstorm|[upkeep]\n|-damage|p1b: Iron Hands|38\/100|[from] Sandstorm\n|upkeep\n|turn|8\n|inactive|notFRAME has 30 seconds left.\n|\n|t:|1682135157\n|move|p2a: Lycanroc|Protect|p2a: Lycanroc\n|-singleturn|p2a: Lycanroc|Protect\n|move|p1b: Iron Hands|Drain Punch|p2a: Lycanroc\n|-activate|p2a: Lycanroc|move: Protect\n|\n|-weather|Sandstorm|[upkeep]\n|-damage|p1b: Iron Hands|32\/100|[from] Sandstorm\n|upkeep\n|turn|9\n|\n|t:|1682135167\n|-terastallize|p2a: Lycanroc|Fighting\n|move|p2a: Lycanroc|Close Combat|p1b: Iron Hands\n|-damage|p1b: Iron Hands|0 fnt\n|-unboost|p2a: Lycanroc|def|1\n|-unboost|p2a: Lycanroc|spd|1\n|faint|p1b: Iron Hands\n|-end|p1b: Iron Hands|Quark Drive|[silent]\n|\n|win|Valhala Alfa\n|raw|notFRAME's rating: 1210 → 1182<\/strong> (-28 for losing)\n|raw|Valhala Alfa's rating: 1171 → 1199<\/strong> (+28 for winning)\n|l|\u2606notFRAME\n","uploadtime":1682135921,"views":10,"p1id":"notframe","p2id":"valhalaalfa","formatid":"gen9vgc2023regulationc","rating":1182,"private":0,"password":""}