{"id":"gen9vgc2023regulationc-1861426829","p1":"Pokeprofpine","p2":"christianfinity","format":"[Gen 9] VGC 2023 Regulation C","log":"|j|\u2606Pokeprofpine\n|j|\u2606christianfinity\n|t:|1683756547\n|gametype|doubles\n|player|p1|Pokeprofpine|169|1242\n|player|p2|christianfinity|unknown|1267\n|teamsize|p1|6\n|teamsize|p2|6\n|gen|9\n|tier|[Gen 9] VGC 2023 Regulation C\n|rated|\n|rule|Species Clause: Limit one of each Pok\u00e9mon\n|rule|Item Clause: Limit one of each item\n|clearpoke\n|poke|p1|Ting-Lu, L50|\n|poke|p1|Kingambit, L50, M|\n|poke|p1|Flutter Mane, L50|\n|poke|p1|Torkoal, L50, M|\n|poke|p1|Rotom-Wash, L50|\n|poke|p1|Farigiraf, L50, F|\n|poke|p2|Abomasnow, L50, F|\n|poke|p2|Iron Bundle, L50|\n|poke|p2|Pachirisu, L50, F|\n|poke|p2|Gyarados, L50, M|\n|poke|p2|Rotom-Wash, L50|\n|poke|p2|Flutter Mane, L50|\n|teampreview|4\n|inactive|Battle timer is ON: inactive players will automatically lose when time's up. (requested by christianfinity)\nchristianfinity has agreed to open team sheets.\n|inactive|Pokeprofpine has 60 seconds left.\n|inactive|Pokeprofpine has 30 seconds left.\n|\n|t:|1683756614\n|start\n|switch|p1a: Farigiraf|Farigiraf, L50, F|100\/100\n|switch|p1b: Rotom|Rotom-Wash, L50|100\/100\n|switch|p2a: Abomasnow|Abomasnow, L50, F|100\/100\n|switch|p2b: Gyarados|Gyarados, L50, M|100\/100\n|-ability|p2b: Gyarados|Intimidate|boost\n|-unboost|p1a: Farigiraf|atk|1\n|-unboost|p1b: Rotom|atk|1\n|-weather|Snow|[from] ability: Snow Warning|[of] p2a: Abomasnow\n|turn|1\n|\n|t:|1683756634\n|switch|p2b: Pachirisu|Pachirisu, L50, F|100\/100\n|move|p2a: Abomasnow|Aurora Veil|p2a: Abomasnow\n|-sidestart|p2: christianfinity|move: Aurora Veil\n|move|p1b: Rotom|Thunderbolt|p2b: Pachirisu\n|-immune|p2b: Pachirisu|[from] ability: Volt Absorb\n|move|p1a: Farigiraf|Trick Room|p1a: Farigiraf\n|-fieldstart|move: Trick Room|[of] p1a: Farigiraf\n|\n|-weather|Snow|[upkeep]\n|upkeep\n|turn|2\n|\n|t:|1683756654\n|switch|p1b: Kingambit|Kingambit, L50, M|100\/100\n|move|p1a: Farigiraf|Psyshock|p2b: Pachirisu\n|-damage|p2b: Pachirisu|73\/100\n|move|p2a: Abomasnow|Blizzard|p1b: Kingambit|[spread] p1a,p1b\n|-resisted|p1b: Kingambit\n|-crit|p1b: Kingambit\n|-damage|p1a: Farigiraf|75\/100\n|-damage|p1b: Kingambit|76\/100\n|-status|p1a: Farigiraf|frz\n|-status|p1b: Kingambit|frz\n|move|p2b: Pachirisu|Super Fang|p1a: Farigiraf\n|-damage|p1a: Farigiraf|38\/100 frz\n|\n|-weather|Snow|[upkeep]\n|upkeep\n|turn|3\n|c|\u2606christianfinity|LOL\n|inactive|Pokeprofpine has 30 seconds left.\n|inactive|christianfinity has 30 seconds left.\n|inactive|Pokeprofpine has 20 seconds left.\n|c|\u2606Pokeprofpine|Thats a first\n|inactive|Pokeprofpine has 15 seconds left.\n|c|\u2606christianfinity|it's a first for me too\n|\n|t:|1683756699\n|cant|p1b: Kingambit|frz\n|cant|p1a: Farigiraf|frz\n|move|p2a: Abomasnow|Earth Power|p1b: Kingambit\n|-supereffective|p1b: Kingambit\n|-damage|p1b: Kingambit|27\/100 frz\n|-unboost|p1b: Kingambit|spd|1\n|-ability|p1b: Kingambit|Defiant|boost\n|-boost|p1b: Kingambit|atk|2\n|move|p2b: Pachirisu|Electric Terrain|p2b: Pachirisu\n|-fieldstart|move: Electric Terrain\n|\n|-weather|Snow|[upkeep]\n|upkeep\n|turn|4\n|inactive|christianfinity has 30 seconds left.\n|\n|t:|1683756726\n|switch|p2b: Iron Bundle|Iron Bundle, L50|100\/100\n|-activate|p2b: Iron Bundle|ability: Quark Drive\n|-start|p2b: Iron Bundle|quarkdrivespa\n|cant|p1b: Kingambit|frz\n|cant|p1a: Farigiraf|frz\n|move|p2a: Abomasnow|Blizzard|p1a: Farigiraf|[spread] p1a,p1b\n|-resisted|p1b: Kingambit\n|-damage|p1a: Farigiraf|13\/100 frz\n|-damage|p1b: Kingambit|2\/100 frz\n|\n|-weather|Snow|[upkeep]\n|upkeep\n|turn|5\n|\n|t:|1683756750\n|-curestatus|p1b: Kingambit|frz|[msg]\n|move|p1b: Kingambit|Iron Head|p2a: Abomasnow\n|-supereffective|p2a: Abomasnow\n|-damage|p2a: Abomasnow|0 fnt\n|faint|p2a: Abomasnow\n|cant|p1a: Farigiraf|frz\n|move|p2b: Iron Bundle|Icy Wind|p1b: Kingambit|[spread] p1a,p1b\n|-resisted|p1b: Kingambit\n|-damage|p1a: Farigiraf|0 fnt\n|-damage|p1b: Kingambit|0 fnt\n|faint|p1a: Farigiraf\n|faint|p1b: Kingambit\n|\n|-weather|none\n|-fieldend|move: Trick Room\n|upkeep\n|\n|t:|1683756767\n|switch|p2a: Pachirisu|Pachirisu, L50, F|73\/100\n|switch|p1a: Rotom|Rotom-Wash, L50|100\/100\n|switch|p1b: Ting-Lu|Ting-Lu, L50|100\/100\n|-ability|p1b: Ting-Lu|Vessel of Ruin\n|turn|6\n|inactive|Pokeprofpine has 30 seconds left.\n|\n|t:|1683756796\n|-terastallize|p1b: Ting-Lu|Poison\n|move|p2a: Pachirisu|Follow Me|p2a: Pachirisu\n|-singleturn|p2a: Pachirisu|move: Follow Me\n|move|p2b: Iron Bundle|Icy Wind|p1b: Ting-Lu|[spread] p1a,p1b\n|-resisted|p1a: Rotom\n|-damage|p1a: Rotom|90\/100\n|-damage|p1b: Ting-Lu|89\/100\n|-unboost|p1a: Rotom|spe|1\n|-unboost|p1b: Ting-Lu|spe|1\n|move|p1a: Rotom|Thunderbolt|p2a: Pachirisu\n|-heal|p2a: Pachirisu|98\/100|[from] ability: Volt Absorb|[of] p1a: Rotom\n|move|p1b: Ting-Lu|Heavy Slam|p2a: Pachirisu\n|-resisted|p2a: Pachirisu\n|-crit|p2a: Pachirisu\n|-damage|p2a: Pachirisu|66\/100\n|\n|-heal|p1a: Rotom|96\/100|[from] item: Leftovers\n|upkeep\n|turn|7\n|\n|t:|1683756820\n|move|p1a: Rotom|Protect|p1a: Rotom\n|-singleturn|p1a: Rotom|Protect\n|move|p2a: Pachirisu|Follow Me|p2a: Pachirisu\n|-singleturn|p2a: Pachirisu|move: Follow Me\n|move|p2b: Iron Bundle|Freeze-Dry|p1a: Rotom\n|-activate|p1a: Rotom|move: Protect\n|move|p1b: Ting-Lu|Fissure|p2a: Pachirisu\n|-damage|p2a: Pachirisu|0 fnt\n|faint|p2a: Pachirisu\n|-ohko\n|\n|-heal|p1a: Rotom|100\/100|[from] item: Leftovers\n|-fieldend|move: Electric Terrain\n|-end|p2b: Iron Bundle|Quark Drive\n|upkeep\n|\n|t:|1683756828\n|switch|p2a: Gyarados|Gyarados, L50, M|100\/100\n|-ability|p2a: Gyarados|Intimidate|boost\n|-unboost|p1a: Rotom|atk|1\n|-unboost|p1b: Ting-Lu|atk|1\n|turn|8\n|\n|t:|1683756852\n|-terastallize|p2a: Gyarados|Flying\n|move|p2b: Iron Bundle|Freeze-Dry|p1a: Rotom\n|-supereffective|p1a: Rotom\n|-damage|p1a: Rotom|43\/100\n|move|p2a: Gyarados|Waterfall|p1a: Rotom\n|-resisted|p1a: Rotom\n|-damage|p1a: Rotom|21\/100\n|move|p1a: Rotom|Thunderbolt|p2b: Iron Bundle\n|-supereffective|p2b: Iron Bundle\n|-damage|p2b: Iron Bundle|55\/100\n|move|p1b: Ting-Lu|Stone Edge|p2a: Gyarados\n|-supereffective|p2a: Gyarados\n|-damage|p2a: Gyarados|73\/100\n|\n|-heal|p1a: Rotom|27\/100|[from] item: Leftovers\n|-sideend|p2: christianfinity|move: Aurora Veil\n|upkeep\n|turn|9\n|\n|t:|1683756875\n|move|p1a: Rotom|Protect|p1a: Rotom\n|-singleturn|p1a: Rotom|Protect\n|move|p2b: Iron Bundle|Icy Wind|p1a: Rotom|[spread] p1b\n|-activate|p1a: Rotom|move: Protect\n|-damage|p1b: Ting-Lu|82\/100\n|-unboost|p1b: Ting-Lu|spe|1\n|move|p2a: Gyarados|Waterfall|p1a: Rotom\n|-activate|p1a: Rotom|move: Protect\n|move|p1b: Ting-Lu|Fissure|p2b: Iron Bundle\n|-damage|p2b: Iron Bundle|0 fnt\n|faint|p2b: Iron Bundle\n|-end|p2b: Iron Bundle|Quark Drive|[silent]\n|-ohko\n|\n|-heal|p1a: Rotom|32\/100|[from] item: Leftovers\n|upkeep\n|turn|10\n|c|\u2606christianfinity|wtf\n|inactive|Pokeprofpine has 30 seconds left.\n|\n|t:|1683756908\n|move|p2a: Gyarados|Waterfall|p1a: Rotom\n|-resisted|p1a: Rotom\n|-damage|p1a: Rotom|10\/100\n|move|p1a: Rotom|Thunderbolt|p2a: Gyarados\n|-supereffective|p2a: Gyarados\n|-damage|p2a: Gyarados|3\/100\n|move|p1b: Ting-Lu|Ruination|p2a: Gyarados\n|-damage|p2a: Gyarados|2\/100\n|\n|-heal|p1a: Rotom|16\/100|[from] item: Leftovers\n|upkeep\n|turn|11\n|c|\u2606christianfinity|gg\n|\n|t:|1683756922\n|move|p1a: Rotom|Protect|p1a: Rotom\n|-singleturn|p1a: Rotom|Protect\n|move|p2a: Gyarados|Waterfall|p1a: Rotom\n|-activate|p1a: Rotom|move: Protect\n|move|p1b: Ting-Lu|Heavy Slam|p2a: Gyarados\n|-damage|p2a: Gyarados|0 fnt\n|faint|p2a: Gyarados\n|\n|win|Pokeprofpine\n|raw|Pokeprofpine's rating: 1242 → 1269<\/strong> (+27 for winning)\n|raw|christianfinity's rating: 1267 → 1240<\/strong> (-27 for losing)\n|c|\u2606Pokeprofpine|Gg\n|c|\u2606Pokeprofpine|Wp i just got lucky with the fissures\n|c|\u2606christianfinity|and that double freeze was crazy lmfao\n|l|\u2606christianfinity\n|c|\u2606Pokeprofpine|Oh yeah. Definitely saving the replay\n","uploadtime":1683756934,"views":20,"p1id":"pokeprofpine","p2id":"christianfinity","formatid":"gen9vgc2023regulationc","rating":1240,"private":0,"password":""}