{"id":"gen9vgc2023regulationc-1860708882","p1":"CastD10S","p2":"Arcacagne","format":"[Gen 9] VGC 2023 Regulation C","log":"|j|\u2606CastD10S\n|j|\u2606Arcacagne\n|t:|1683668602\n|gametype|doubles\n|player|p1|CastD10S|blaine|1324\n|player|p2|Arcacagne|101|1331\n|teamsize|p1|6\n|teamsize|p2|6\n|gen|9\n|tier|[Gen 9] VGC 2023 Regulation C\n|rated|\n|rule|Species Clause: Limit one of each Pok\u00e9mon\n|rule|Item Clause: Limit one of each item\n|clearpoke\n|poke|p1|Indeedee-F, L50, F|\n|poke|p1|Torkoal, L50, F|\n|poke|p1|Hatterene, L50, F|\n|poke|p1|Mudsdale, L50, F|\n|poke|p1|Brute Bonnet, L50|\n|poke|p1|Armarouge, L50, M|\n|poke|p2|Chi-Yu, L50|\n|poke|p2|Flutter Mane, L50|\n|poke|p2|Amoonguss, L50, M|\n|poke|p2|Palafin, L50, F|\n|poke|p2|Iron Hands, L50|\n|poke|p2|Arcanine, L50, F|\n|teampreview|4\n|inactive|Battle timer is ON: inactive players will automatically lose when time's up. (requested by CastD10S)\n|inactive|CastD10S has 60 seconds left.\n|inactive|Arcacagne has 60 seconds left.\n|\n|t:|1683668649\n|start\n|switch|p1a: Indeedee|Indeedee-F, L50, F|100\/100\n|switch|p1b: Hatterene|Hatterene, L50, F|100\/100\n|switch|p2a: Chi-Yu|Chi-Yu, L50|100\/100\n|switch|p2b: Amoonguss|Amoonguss, L50, M|100\/100\n|-ability|p2a: Chi-Yu|Beads of Ruin\n|-fieldstart|move: Psychic Terrain|[from] ability: Psychic Surge|[of] p1a: Indeedee\n|-enditem|p1a: Indeedee|Psychic Seed\n|-boost|p1a: Indeedee|spd|1|[from] item: Psychic Seed\n|turn|1\n|inactive|CastD10S has 30 seconds left.\n|inactive|Arcacagne has 30 seconds left.\n|inactive|CastD10S has 20 seconds left.\n|\n|t:|1683668686\n|-terastallize|p2b: Amoonguss|Water\n|-terastallize|p1b: Hatterene|Fire\n|move|p1a: Indeedee|Follow Me|p1a: Indeedee\n|-singleturn|p1a: Indeedee|move: Follow Me\n|move|p2a: Chi-Yu|Nasty Plot|p2a: Chi-Yu\n|-boost|p2a: Chi-Yu|spa|2\n|move|p2b: Amoonguss|Spore|p1a: Indeedee\n|-status|p1a: Indeedee|slp|[from] move: Spore\n|move|p1b: Hatterene|Trick Room|p1b: Hatterene\n|-fieldstart|move: Trick Room|[of] p1b: Hatterene\n|\n|upkeep\n|turn|2\n|inactive|CastD10S has 30 seconds left.\n|inactive|Arcacagne has 30 seconds left.\n|inactive|CastD10S has 20 seconds left.\n|inactive|CastD10S has 15 seconds left.\n|inactive|CastD10S has 10 seconds left.\n|inactive|CastD10S has 5 seconds left.\n|\n|t:|1683668737\n|cant|p1a: Indeedee|slp\n|move|p1b: Hatterene|Dazzling Gleam|p2a: Chi-Yu|[spread] p2a,p2b\n|-damage|p2a: Chi-Yu|61\/100\n|-damage|p2b: Amoonguss|51\/100\n|-damage|p1b: Hatterene|91\/100|[from] item: Life Orb\n|move|p2b: Amoonguss|Pollen Puff|p2a: Chi-Yu\n|-heal|p2a: Chi-Yu|100\/100\n|move|p2a: Chi-Yu|Dark Pulse|p1b: Hatterene\n|-damage|p1b: Hatterene|0 fnt\n|faint|p1b: Hatterene\n|\n|upkeep\n|\n|t:|1683668752\n|switch|p1b: Mudsdale|Mudsdale, L50, F|100\/100\n|turn|3\n|\n|t:|1683668769\n|move|p2b: Amoonguss|Rage Powder|p2b: Amoonguss\n|-singleturn|p2b: Amoonguss|move: Rage Powder\n|cant|p1a: Indeedee|slp\n|move|p1b: Mudsdale|Rock Slide|p2b: Amoonguss|[spread] p2a,p2b\n|-supereffective|p2a: Chi-Yu\n|-damage|p2a: Chi-Yu|41\/100\n|-damage|p2b: Amoonguss|33\/100\n|-enditem|p2b: Amoonguss|Sitrus Berry|[eat]\n|-heal|p2b: Amoonguss|58\/100|[from] item: Sitrus Berry\n|move|p2a: Chi-Yu|Dark Pulse|p1b: Mudsdale\n|-damage|p1b: Mudsdale|30\/100\n|\n|upkeep\n|turn|4\n|\n|t:|1683668785\n|-curestatus|p1a: Indeedee|slp|[msg]\n|move|p1a: Indeedee|Helping Hand|p1b: Mudsdale\n|-singleturn|p1b: Mudsdale|Helping Hand|[of] p1a: Indeedee\n|move|p2a: Chi-Yu|Protect|p2a: Chi-Yu\n|-singleturn|p2a: Chi-Yu|Protect\n|move|p1b: Mudsdale|Rock Slide|p2a: Chi-Yu|[spread] p2b\n|-activate|p2a: Chi-Yu|move: Protect\n|-damage|p2b: Amoonguss|34\/100\n|move|p2b: Amoonguss|Spore|p1b: Mudsdale\n|-status|p1b: Mudsdale|slp|[from] move: Spore\n|\n|upkeep\n|turn|5\n|inactive|CastD10S has 30 seconds left.\n|\n|t:|1683668815\n|cant|p1b: Mudsdale|slp\n|move|p2b: Amoonguss|Pollen Puff|p2a: Chi-Yu\n|-heal|p2a: Chi-Yu|91\/100\n|move|p1a: Indeedee|Psychic|p2b: Amoonguss\n|-damage|p2b: Amoonguss|0 fnt\n|faint|p2b: Amoonguss\n|move|p2a: Chi-Yu|Dark Pulse|p1a: Indeedee\n|-supereffective|p1a: Indeedee\n|-damage|p1a: Indeedee|0 fnt\n|faint|p1a: Indeedee\n|\n|-fieldend|move: Trick Room\n|-fieldend|move: Psychic Terrain\n|upkeep\n|\n|t:|1683668833\n|switch|p1a: Armarouge|Armarouge, L50, M|100\/100\n|switch|p2b: Iron Hands|Iron Hands, L50|100\/100\n|turn|6\n|\n|t:|1683668850\n|move|p1a: Armarouge|Protect|p1a: Armarouge\n|-singleturn|p1a: Armarouge|Protect\n|move|p2b: Iron Hands|Fake Out|p1a: Armarouge\n|-activate|p1a: Armarouge|move: Protect\n|move|p2a: Chi-Yu|Dark Pulse|p1b: Mudsdale\n|-damage|p1b: Mudsdale|0 fnt\n|faint|p1b: Mudsdale\n|\n|upkeep\n|turn|7\n|-message|CastD10S forfeited.\n|\n|win|Arcacagne\n|raw|CastD10S's rating: 1324 → 1304<\/strong> (-20 for losing)\n|raw|Arcacagne's rating: 1331 → 1351<\/strong> (+20 for winning)\n|l|\u2606CastD10S\n","uploadtime":1683668867,"views":23,"p1id":"castd10s","p2id":"arcacagne","formatid":"gen9vgc2023regulationc","rating":1304,"private":0,"password":""}