{"id":"gen9vgc2023regulationc-1858651380","p1":"DannyFM","p2":"eljulius","format":"[Gen 9] VGC 2023 Regulation C","log":"|j|\u2606DannyFM\n|j|\u2606eljulius\n|t:|1683337528\n|gametype|doubles\n|player|p1|DannyFM|shadowtriad|\n|player|p2|eljulius|265|\n|teamsize|p1|6\n|teamsize|p2|6\n|gen|9\n|tier|[Gen 9] VGC 2023 Regulation C\n|rule|Species Clause: Limit one of each Pok\u00e9mon\n|rule|Item Clause: Limit one of each item\n|clearpoke\n|poke|p1|Amoonguss, L50, F|\n|poke|p1|Roaring Moon, L50|\n|poke|p1|Gholdengo, L50|\n|poke|p1|Palafin, L50, F|\n|poke|p1|Arcanine, L50, F|\n|poke|p1|Iron Hands, L50|\n|poke|p2|Breloom, L50, M|\n|poke|p2|Murkrow, L50, F|\n|poke|p2|Abomasnow, L50, F|\n|poke|p2|Beartic, L50, F|\n|poke|p2|Bisharp, L50, F|\n|poke|p2|Gholdengo, L50|\n|teampreview|4\n|j| MeteorPlayz_\n|\n|t:|1683337550\n|start\n|switch|p1a: Zlatan Ibrahimovic|Arcanine, L50, F|100\/100\n|switch|p1b: Vin\u00edcius Tob\u00edas|Iron Hands, L50|100\/100\n|switch|p2a: Bisharp|Bisharp, L50, F|100\/100\n|switch|p2b: Breloom|Breloom, L50, M|100\/100\n|-ability|p1a: Zlatan Ibrahimovic|Intimidate|boost\n|-unboost|p2a: Bisharp|atk|1\n|-ability|p2a: Bisharp|Defiant|boost\n|-boost|p2a: Bisharp|atk|2\n|-unboost|p2b: Breloom|atk|1\n|turn|1\n|c|\u2606DannyFM|ohno...\n|\n|t:|1683337580\n|move|p1b: Vin\u00edcius Tob\u00edas|Fake Out|p2b: Breloom\n|-damage|p2b: Breloom|78\/100\n|move|p1a: Zlatan Ibrahimovic|Will-O-Wisp|p2a: Bisharp\n|-status|p2a: Bisharp|brn\n|cant|p2b: Breloom|flinch\n|move|p2a: Bisharp|Stone Edge|p1a: Zlatan Ibrahimovic\n|-supereffective|p1a: Zlatan Ibrahimovic\n|-damage|p1a: Zlatan Ibrahimovic|30\/100\n|\n|-damage|p2a: Bisharp|95\/100 brn|[from] brn\n|upkeep\n|turn|2\n|\n|t:|1683337598\n|move|p1a: Zlatan Ibrahimovic|Protect|p1a: Zlatan Ibrahimovic\n|-singleturn|p1a: Zlatan Ibrahimovic|Protect\n|move|p2a: Bisharp|Sucker Punch||[still]\n|-fail|p2a: Bisharp\n|move|p2b: Breloom|Spore|p1b: Vin\u00edcius Tob\u00edas\n|-status|p1b: Vin\u00edcius Tob\u00edas|slp|[from] move: Spore\n|cant|p1b: Vin\u00edcius Tob\u00edas|slp\n|\n|-damage|p2a: Bisharp|89\/100 brn|[from] brn\n|upkeep\n|turn|3\n|\n|t:|1683337625\n|switch|p1a: Santiago Gim\u00e9nez|Gholdengo, L50|100\/100\n|-end|p1b: Vin\u00edcius Tob\u00edas|Quark Drive|[silent]\n|switch|p1b: Gianluca Simeone|Palafin, L50, F|100\/100\n|move|p2a: Bisharp|Sucker Punch||[still]\n|-fail|p2a: Bisharp\n|move|p2b: Breloom|Bullet Seed|p1b: Gianluca Simeone\n|-supereffective|p1b: Gianluca Simeone\n|-damage|p1b: Gianluca Simeone|60\/100\n|-supereffective|p1b: Gianluca Simeone\n|-damage|p1b: Gianluca Simeone|21\/100\n|-hitcount|p1b: Gianluca Simeone|2\n|-damage|p2b: Breloom|68\/100|[from] item: Life Orb\n|\n|-damage|p2a: Bisharp|83\/100 brn|[from] brn\n|upkeep\n|turn|4\n|\n|t:|1683337660\n|detailschange|p1b: Gianluca Simeone|Palafin-Hero, L50, F\n|switch|p1b: Vin\u00edcius Tob\u00edas|Iron Hands, L50|100\/100 slp\n|move|p2b: Breloom|Mach Punch|p1b: Vin\u00edcius Tob\u00edas\n|-damage|p1b: Vin\u00edcius Tob\u00edas|79\/100 slp\n|-damage|p2b: Breloom|58\/100|[from] item: Life Orb\n|move|p2a: Bisharp|Sucker Punch||[still]\n|-fail|p2a: Bisharp\n|move|p1a: Santiago Gim\u00e9nez|Nasty Plot|p1a: Santiago Gim\u00e9nez\n|-boost|p1a: Santiago Gim\u00e9nez|spa|2\n|\n|-damage|p2a: Bisharp|77\/100 brn|[from] brn\n|upkeep\n|turn|5\n|\n|t:|1683337678\n|move|p2a: Bisharp|Sucker Punch|p1a: Santiago Gim\u00e9nez\n|-supereffective|p1a: Santiago Gim\u00e9nez\n|-damage|p1a: Santiago Gim\u00e9nez|35\/100\n|move|p2b: Breloom|Bullet Seed|p1b: Vin\u00edcius Tob\u00edas\n|-damage|p1b: Vin\u00edcius Tob\u00edas|65\/100 slp\n|-damage|p1b: Vin\u00edcius Tob\u00edas|53\/100 slp\n|-damage|p1b: Vin\u00edcius Tob\u00edas|41\/100 slp\n|-hitcount|p1b: Vin\u00edcius Tob\u00edas|3\n|-damage|p2b: Breloom|49\/100|[from] item: Life Orb\n|move|p1a: Santiago Gim\u00e9nez|Shadow Ball|p2b: Breloom\n|-damage|p2b: Breloom|0 fnt\n|faint|p2b: Breloom\n|-damage|p1a: Santiago Gim\u00e9nez|25\/100|[from] item: Life Orb\n|cant|p1b: Vin\u00edcius Tob\u00edas|slp\n|\n|-damage|p2a: Bisharp|71\/100 brn|[from] brn\n|upkeep\n|\n|t:|1683337703\n|switch|p2b: Beartic|Beartic, L50, F|100\/100\n|turn|6\n|\n|t:|1683337723\n|move|p1a: Santiago Gim\u00e9nez|Protect|p1a: Santiago Gim\u00e9nez\n|-singleturn|p1a: Santiago Gim\u00e9nez|Protect\n|move|p2a: Bisharp|Sucker Punch||[still]\n|-fail|p2a: Bisharp\n|cant|p1b: Vin\u00edcius Tob\u00edas|slp\n|move|p2b: Beartic|Icicle Crash|p1b: Vin\u00edcius Tob\u00edas\n|-damage|p1b: Vin\u00edcius Tob\u00edas|0 fnt\n|faint|p1b: Vin\u00edcius Tob\u00edas\n|-end|p1b: Vin\u00edcius Tob\u00edas|Quark Drive|[silent]\n|\n|-damage|p2a: Bisharp|66\/100 brn|[from] brn\n|upkeep\n|\n|t:|1683337732\n|switch|p1b: Gianluca Simeone|Palafin-Hero, L50, F|21\/100\n|-activate|p1b: Gianluca Simeone|ability: Zero to Hero\n|turn|7\n|\n|t:|1683337749\n|move|p2a: Bisharp|Sucker Punch||[still]\n|-fail|p2a: Bisharp\n|move|p1a: Santiago Gim\u00e9nez|Nasty Plot|p1a: Santiago Gim\u00e9nez\n|-boost|p1a: Santiago Gim\u00e9nez|spa|2\n|move|p1b: Gianluca Simeone|Wave Crash|p2a: Bisharp\n|-damage|p2a: Bisharp|0 fnt\n|faint|p2a: Bisharp\n|-damage|p1b: Gianluca Simeone|2\/100|[from] Recoil\n|move|p2b: Beartic|Icicle Crash|p1b: Gianluca Simeone\n|-resisted|p1b: Gianluca Simeone\n|-damage|p1b: Gianluca Simeone|0 fnt\n|faint|p1b: Gianluca Simeone\n|\n|upkeep\n|\n|t:|1683337759\n|switch|p1b: Zlatan Ibrahimovic|Arcanine, L50, F|30\/100\n|switch|p2a: Abomasnow|Abomasnow, L50, F|100\/100\n|-ability|p1b: Zlatan Ibrahimovic|Intimidate|boost\n|-unboost|p2a: Abomasnow|atk|1\n|-unboost|p2b: Beartic|atk|1\n|-weather|Snow|[from] ability: Snow Warning|[of] p2a: Abomasnow\n|turn|8\n|\n|t:|1683337767\n|-terastallize|p2a: Abomasnow|Water\n|move|p1b: Zlatan Ibrahimovic|Protect|p1b: Zlatan Ibrahimovic\n|-singleturn|p1b: Zlatan Ibrahimovic|Protect\n|move|p2b: Beartic|Icicle Crash|p1a: Santiago Gim\u00e9nez|[miss]\n|-miss|p2b: Beartic|p1a: Santiago Gim\u00e9nez\n|move|p1a: Santiago Gim\u00e9nez|Make It Rain|p2a: Abomasnow|[spread] p2a,p2b\n|-resisted|p2a: Abomasnow\n|-supereffective|p2b: Beartic\n|-damage|p2a: Abomasnow|0 fnt\n|-damage|p2b: Beartic|0 fnt\n|-unboost|p1a: Santiago Gim\u00e9nez|spa|1\n|faint|p2a: Abomasnow\n|faint|p2b: Beartic\n|-damage|p1a: Santiago Gim\u00e9nez|16\/100|[from] item: Life Orb\n|\n|win|DannyFM\n|c|\u2606DannyFM|gg\n|c|\u2606DannyFM|me espant\u00f3 el defiant\n|c|\u2606eljulius|Fallo el ataque\n|c|\u2606eljulius|El Ice crash lo falle que asco\n|c|\u2606DannyFM|efe\n|c|\u2606DannyFM|ese bisharp me espant\u00f3\n|c|\u2606eljulius|XD nada te espanto\n|c|\u2606DannyFM|lo tuve q qemar y aun asi xd\n|c|\u2606DannyFM|buena pelea julius\n|l|\u2606DannyFM\n","uploadtime":1683337999,"views":11,"p1id":"dannyfm","p2id":"eljulius","formatid":"gen9vgc2023regulationc","rating":0,"private":0,"password":""}