{"id":"gen9vgc2023regulationc-1862225813","p1":"RuinationCreation","p2":"bddhdy","format":"[Gen 9] VGC 2023 Regulation C","log":"|j|\u2606RuinationCreation\n|j|\u2606bddhdy\n|t:|1683851863\n|gametype|doubles\n|player|p1|RuinationCreation|youngster-gen4dp|1038\n|player|p2|bddhdy|lucas|1000\n|teamsize|p1|5\n|teamsize|p2|6\n|gen|9\n|tier|[Gen 9] VGC 2023 Regulation C\n|rated|\n|rule|Species Clause: Limit one of each Pok\u00e9mon\n|rule|Item Clause: Limit one of each item\n|clearpoke\n|poke|p1|Lilligant, L50, F|\n|poke|p1|Flutter Mane, L50|\n|poke|p1|Oricorio, L50, M|\n|poke|p1|Salamence, L50, F|\n|poke|p1|Espathra, L50, F|\n|poke|p2|Amoonguss, L50, F|\n|poke|p2|Garchomp, L50, F|\n|poke|p2|Tyranitar, L50, M|\n|poke|p2|Lucario, L50, M|\n|poke|p2|Gholdengo, L50|\n|poke|p2|Oranguru, L50, F|\n|teampreview|4\n|inactive|Battle timer is ON: inactive players will automatically lose when time's up. (requested by RuinationCreation)\n|\n|t:|1683851889\n|start\n|switch|p1a: Flutter Mane|Flutter Mane, L50|100\/100\n|switch|p1b: Lilligant|Lilligant, L50, F|100\/100\n|switch|p2a: Amoonguss|Amoonguss, L50, F|100\/100\n|switch|p2b: Oranguru|Oranguru, L50, F|100\/100\n|-enditem|p1a: Flutter Mane|Booster Energy\n|-activate|p1a: Flutter Mane|ability: Protosynthesis|[fromitem]\n|-start|p1a: Flutter Mane|protosynthesisspe\n|turn|1\n|inactive|RuinationCreation has 30 seconds left.\n|\n|t:|1683851919\n|move|p2b: Oranguru|Protect|p2b: Oranguru\n|-singleturn|p2b: Oranguru|Protect\n|move|p1a: Flutter Mane|Substitute|p1a: Flutter Mane\n|-start|p1a: Flutter Mane|Substitute\n|-damage|p1a: Flutter Mane|76\/100\n|move|p1b: Lilligant|Quiver Dance|p1b: Lilligant\n|-boost|p1b: Lilligant|spa|1\n|-boost|p1b: Lilligant|spd|1\n|-boost|p1b: Lilligant|spe|1\n|move|p2a: Amoonguss|Spore||[still]\n|-fail|p2a: Amoonguss\n|\n|upkeep\n|turn|2\n|inactive|bddhdy has 30 seconds left.\n|\n|t:|1683851949\n|switch|p2a: Lucario|Lucario, L50, M|100\/100\n|move|p1b: Lilligant|Protect|p1b: Lilligant\n|-singleturn|p1b: Lilligant|Protect\n|move|p1a: Flutter Mane|Moonblast|p2a: Lucario\n|-damage|p2a: Lucario|29\/100\n|move|p2b: Oranguru|Psychic|p1b: Lilligant\n|-activate|p1b: Lilligant|move: Protect\n|\n|upkeep\n|turn|3\n|inactive|RuinationCreation has 30 seconds left.\n|inactive|bddhdy has 30 seconds left.\n|inactive|RuinationCreation has 20 seconds left.\n|inactive|bddhdy has 20 seconds left.\n|inactive|RuinationCreation has 15 seconds left.\n|inactive|RuinationCreation has 10 seconds left.\n|\n|t:|1683851995\n|-terastallize|p1b: Lilligant|Water\n|move|p2a: Lucario|Extreme Speed|p1b: Lilligant\n|-damage|p1b: Lilligant|49\/100\n|-enditem|p1b: Lilligant|Sitrus Berry|[eat]\n|-heal|p1b: Lilligant|74\/100|[from] item: Sitrus Berry\n|move|p1a: Flutter Mane|Moonblast|p2a: Lucario\n|-damage|p2a: Lucario|0 fnt\n|faint|p2a: Lucario\n|move|p1b: Lilligant|Quiver Dance|p1b: Lilligant\n|-boost|p1b: Lilligant|spa|1\n|-boost|p1b: Lilligant|spd|1\n|-boost|p1b: Lilligant|spe|1\n|move|p2b: Oranguru|Instruct|p2: Lucario|[notarget]\n|-fail|p2b: Oranguru\n|\n|upkeep\n|\n|t:|1683852016\n|switch|p2a: Garchomp|Garchomp, L50, F|100\/100\n|turn|4\n|\n|t:|1683852027\n|move|p1a: Flutter Mane|Protect|p1a: Flutter Mane\n|-singleturn|p1a: Flutter Mane|Protect\n|move|p1b: Lilligant|Protect|p1b: Lilligant\n|-singleturn|p1b: Lilligant|Protect\n|move|p2a: Garchomp|Earthquake|p1a: Flutter Mane|[spread] \n|-activate|p1a: Flutter Mane|move: Protect\n|-activate|p1b: Lilligant|move: Protect\n|-activate|p2b: Oranguru|ability: Telepathy\n|move|p2b: Oranguru|Instruct|p2a: Garchomp\n|-singleturn|p2a: Garchomp|move: Instruct|[of] p2b: Oranguru\n|move|p2a: Garchomp|Earthquake|p1b: Lilligant|[spread] \n|-activate|p1a: Flutter Mane|move: Protect\n|-activate|p1b: Lilligant|move: Protect\n|-activate|p2b: Oranguru|ability: Telepathy\n|\n|upkeep\n|turn|5\n|inactive|bddhdy has 30 seconds left.\n|\n|t:|1683852057\n|move|p1a: Flutter Mane|Moonblast|p2a: Garchomp\n|-supereffective|p2a: Garchomp\n|-damage|p2a: Garchomp|1\/100\n|move|p1b: Lilligant|Petal Dance|p2b: Oranguru\n|-damage|p2b: Oranguru|40\/100\n|move|p2a: Garchomp|Poison Jab|p1b: Lilligant\n|-damage|p1b: Lilligant|23\/100\n|-status|p1b: Lilligant|psn\n|-damage|p2a: Garchomp|0 fnt|[from] item: Life Orb\n|faint|p2a: Garchomp\n|move|p2b: Oranguru|Instruct||[still]\n|-fail|p2b: Oranguru\n|\n|-heal|p2b: Oranguru|46\/100|[from] item: Leftovers\n|-damage|p1b: Lilligant|10\/100 psn|[from] psn\n|upkeep\n|\n|t:|1683852079\n|switch|p2a: Amoonguss|Amoonguss, L50, F|100\/100\n|turn|6\n|\n|t:|1683852089\n|move|p2b: Oranguru|Protect|p2b: Oranguru\n|-singleturn|p2b: Oranguru|Protect\n|move|p2a: Amoonguss|Protect|p2a: Amoonguss\n|-singleturn|p2a: Amoonguss|Protect\n|move|p1a: Flutter Mane|Moonblast|p2b: Oranguru\n|-activate|p2b: Oranguru|move: Protect\n|move|p1b: Lilligant|Petal Dance|p2b: Oranguru|[from]lockedmove\n|-activate|p2b: Oranguru|move: Protect\n|\n|-heal|p2b: Oranguru|52\/100|[from] item: Leftovers\n|-damage|p1b: Lilligant|0 fnt|[from] psn\n|faint|p1b: Lilligant\n|upkeep\n|\n|t:|1683852105\n|switch|p1b: Oricorio|Oricorio, L50, M|100\/100\n|turn|7\n|\n|t:|1683852127\n|move|p1a: Flutter Mane|Shadow Ball|p2a: Amoonguss\n|-damage|p2a: Amoonguss|68\/100\n|move|p1b: Oricorio|Revelation Dance|p2a: Amoonguss\n|-supereffective|p2a: Amoonguss\n|-damage|p2a: Amoonguss|0 fnt\n|faint|p2a: Amoonguss\n|move|p2b: Oranguru|Chilling Water|p1b: Oricorio\n|-supereffective|p1b: Oricorio\n|-damage|p1b: Oricorio|62\/100\n|-unboost|p1b: Oricorio|atk|1\n|\n|-heal|p2b: Oranguru|58\/100|[from] item: Leftovers\n|upkeep\n|turn|8\n|c|\u2606RuinationCreation|gg\n|l|\u2606bddhdy\n|inactive|bddhdy disconnected and has a minute to reconnect!\n|player|p2|\n|inactive|bddhdy has 30 seconds left.\n|c|\u2606RuinationCreation|hahahahaha lol u suck ass\n|inactive|bddhdy has 20 seconds left.\n|inactive|bddhdy has 15 seconds left.\n|inactive|bddhdy has 10 seconds left.\n|inactive|bddhdy has 5 seconds left.\n|-message|bddhdy lost due to inactivity.\n|\n|win|RuinationCreation\n|raw|RuinationCreation's rating: 1038 → 1069<\/strong> (+31 for winning)\n|raw|bddhdy's rating: 1000 → 1000<\/strong> (+0 for losing)\n","uploadtime":1683852162,"views":6,"p1id":"ruinationcreation","p2id":"bddhdy","formatid":"gen9vgc2023regulationc","rating":1000,"private":0,"password":""}