{"id":"gen9vgc2023regulationc-1860997816","p1":"Chialu","p2":"Bambambi","format":"[Gen 9] VGC 2023 Regulation C","log":"|j|\u2606Chialu\n|j|\u2606Bambambi\n|t:|1683711170\n|gametype|doubles\n|player|p1|Chialu|170|1168\n|player|p2|Bambambi|wallace-gen6|1101\n|teamsize|p1|6\n|teamsize|p2|6\n|gen|9\n|tier|[Gen 9] VGC 2023 Regulation C\n|rated|\n|rule|Species Clause: Limit one of each Pok\u00e9mon\n|rule|Item Clause: Limit one of each item\n|clearpoke\n|poke|p1|Orthworm, L50, M|\n|poke|p1|Dragonite, L50, M|\n|poke|p1|Ting-Lu, L50|\n|poke|p1|Gyarados, L50, F|\n|poke|p1|Flutter Mane, L50|\n|poke|p1|Chien-Pao, L50|\n|poke|p2|Flutter Mane, L50|\n|poke|p2|Chi-Yu, L50|\n|poke|p2|Gothitelle, L50, F|\n|poke|p2|Scream Tail, L50|\n|poke|p2|Murkrow, L50, F|\n|poke|p2|Great Tusk, L50|\n|teampreview|4\n|\n|t:|1683711197\n|start\n|switch|p1a: Ting-Lu|Ting-Lu, L50|100\/100\n|switch|p1b: Gyarados|Gyarados, L50, F|100\/100\n|switch|p2a: Mr. God|Murkrow, L50, F, shiny|100\/100\n|switch|p2b: Great Tusk|Great Tusk, L50|100\/100\n|-ability|p1b: Gyarados|Intimidate|boost\n|-unboost|p2a: Mr. God|atk|1\n|-unboost|p2b: Great Tusk|atk|1\n|-ability|p1a: Ting-Lu|Vessel of Ruin\n|turn|1\n|\n|t:|1683711249\n|switch|p1b: Orthworm|Orthworm, L50, M|100\/100\n|move|p2a: Mr. God|Sunny Day|p2a: Mr. God\n|-weather|SunnyDay\n|-activate|p2b: Great Tusk|ability: Protosynthesis\n|-start|p2b: Great Tusk|protosynthesisdef\n|move|p2b: Great Tusk|Body Press|p1a: Ting-Lu\n|-supereffective|p1a: Ting-Lu\n|-damage|p1a: Ting-Lu|48\/100\n|move|p1a: Ting-Lu|Rock Slide|p2b: Great Tusk|[spread] p2a,p2b\n|-supereffective|p2a: Mr. God\n|-resisted|p2b: Great Tusk\n|-damage|p2a: Mr. God|32\/100\n|-damage|p2b: Great Tusk|97\/100\n|\n|-weather|SunnyDay|[upkeep]\n|upkeep\n|turn|2\n|\n|t:|1683711269\n|switch|p1a: Gyarados|Gyarados, L50, F|100\/100\n|-ability|p1a: Gyarados|Intimidate|boost\n|-unboost|p2a: Mr. God|atk|1\n|-unboost|p2b: Great Tusk|atk|1\n|move|p2a: Mr. God|Tailwind|p2a: Mr. God\n|-sidestart|p2: Bambambi|move: Tailwind\n|move|p2b: Great Tusk|Body Press|p1a: Gyarados\n|-resisted|p1a: Gyarados\n|-crit|p1a: Gyarados\n|-damage|p1a: Gyarados|70\/100\n|move|p1b: Orthworm|Shed Tail|p1b: Orthworm\n|-start|p1b: Orthworm|Substitute|[from] move: Shed Tail\n|-damage|p1b: Orthworm|50\/100\n|-enditem|p1b: Orthworm|Sitrus Berry|[eat]\n|-heal|p1b: Orthworm|75\/100|[from] item: Sitrus Berry\n|\n|t:|1683711283\n|switch|p1b: Dragonite|Dragonite, L50, M|100\/100|[from] Shed Tail\n|\n|-weather|SunnyDay|[upkeep]\n|upkeep\n|turn|3\n|\n|t:|1683711316\n|move|p2b: Great Tusk|Protect|p2b: Great Tusk\n|-singleturn|p2b: Great Tusk|Protect\n|move|p2a: Mr. God|Perish Song|p2a: Mr. God\n|-start|p1a: Gyarados|perish3|[silent]\n|-start|p1b: Dragonite|perish3|[silent]\n|-start|p2a: Mr. God|perish3|[silent]\n|-start|p2b: Great Tusk|perish3|[silent]\n|-fieldactivate|move: Perish Song\n|move|p1b: Dragonite|Dragon Dance|p1b: Dragonite\n|-boost|p1b: Dragonite|atk|1\n|-boost|p1b: Dragonite|spe|1\n|move|p1a: Gyarados|Thunder Wave|p2a: Mr. God\n|-status|p2a: Mr. God|par\n|\n|-weather|SunnyDay|[upkeep]\n|-start|p2b: Great Tusk|perish3\n|-start|p1b: Dragonite|perish3\n|-start|p1a: Gyarados|perish3\n|-start|p2a: Mr. God|perish3\n|upkeep\n|turn|4\n|\n|t:|1683711342\n|switch|p1a: Ting-Lu|Ting-Lu, L50|48\/100\n|-ability|p1a: Ting-Lu|Vessel of Ruin\n|-terastallize|p1b: Dragonite|Flying\n|move|p2b: Great Tusk|Body Press|p1b: Dragonite\n|-resisted|p1b: Dragonite\n|-activate|p1b: Dragonite|move: Substitute|[damage]\n|move|p1b: Dragonite|Tera Blast|p2b: Great Tusk\n|-supereffective|p2b: Great Tusk\n|-damage|p2b: Great Tusk|17\/100\n|-enditem|p2b: Great Tusk|Figy Berry|[eat]\n|-heal|p2b: Great Tusk|50\/100|[from] item: Figy Berry\n|move|p2a: Mr. God|Foul Play|p1b: Dragonite\n|-end|p1b: Dragonite|Substitute\n|\n|-weather|SunnyDay|[upkeep]\n|-start|p2b: Great Tusk|perish2\n|-start|p1b: Dragonite|perish2\n|-start|p2a: Mr. God|perish2\n|upkeep\n|turn|5\n|inactive|Battle timer is ON: inactive players will automatically lose when time's up. (requested by Bambambi)\n|\n|t:|1683711393\n|switch|p1b: Orthworm|Orthworm, L50, M|75\/100\n|move|p2b: Great Tusk|Protect|p2b: Great Tusk\n|-singleturn|p2b: Great Tusk|Protect\n|move|p2a: Mr. God|Foul Play|p1b: Orthworm\n|-damage|p1b: Orthworm|55\/100\n|move|p1a: Ting-Lu|Earthquake|p2b: Great Tusk|[spread] \n|-activate|p2b: Great Tusk|move: Protect\n|-heal|p1b: Orthworm|80\/100|[from] ability: Earth Eater|[of] p1a: Ting-Lu\n|-immune|p2a: Mr. God\n|\n|-weather|none\n|-end|p2b: Great Tusk|Protosynthesis\n|-start|p2b: Great Tusk|perish1\n|-start|p2a: Mr. God|perish1\n|-sideend|p2: Bambambi|move: Tailwind\n|upkeep\n|turn|6\n|inactive|Chialu has 30 seconds left.\n|inactive|Bambambi has 30 seconds left.\n|inactive|Chialu has 20 seconds left.\n|\n|t:|1683711432\n|move|p2a: Mr. God|Sunny Day|p2a: Mr. God\n|-weather|SunnyDay\n|-activate|p2b: Great Tusk|ability: Protosynthesis\n|-start|p2b: Great Tusk|protosynthesisdef\n|move|p2b: Great Tusk|Body Press|p1a: Ting-Lu\n|-supereffective|p1a: Ting-Lu\n|-damage|p1a: Ting-Lu|0 fnt\n|faint|p1a: Ting-Lu\n|move|p1b: Orthworm|Heavy Slam|p2a: Mr. God\n|-damage|p2a: Mr. God|0 fnt\n|faint|p2a: Mr. God\n|\n|-weather|SunnyDay|[upkeep]\n|-start|p2b: Great Tusk|perish0\n|upkeep\n|faint|p2b: Great Tusk\n|-end|p2b: Great Tusk|Protosynthesis|[silent]\n|\n|t:|1683711449\n|switch|p2b: Chi-Yu|Chi-Yu, L50|100\/100\n|switch|p2a: Pearls|Flutter Mane, L50, shiny|100\/100\n|switch|p1a: Dragonite|Dragonite, L50, M, tera:Flying|100\/100\n|-activate|p2a: Pearls|ability: Protosynthesis\n|-start|p2a: Pearls|protosynthesisspe\n|-ability|p2b: Chi-Yu|Beads of Ruin\n|turn|7\n|\n|t:|1683711472\n|switch|p1b: Gyarados|Gyarados, L50, F|70\/100\n|-ability|p1b: Gyarados|Intimidate|boost\n|-unboost|p2a: Pearls|atk|1\n|-unboost|p2b: Chi-Yu|atk|1\n|move|p2a: Pearls|Shadow Ball|p1a: Dragonite\n|-damage|p1a: Dragonite|70\/100\n|move|p2b: Chi-Yu|Heat Wave|p1a: Dragonite|[spread] p1a,p1b\n|-resisted|p1b: Gyarados\n|-damage|p1a: Dragonite|0 fnt\n|-damage|p1b: Gyarados|35\/100\n|faint|p1a: Dragonite\n|-damage|p2b: Chi-Yu|91\/100|[from] item: Life Orb\n|\n|-weather|SunnyDay|[upkeep]\n|upkeep\n|\n|t:|1683711487\n|switch|p1a: Orthworm|Orthworm, L50, M|80\/100\n|turn|8\n|-message|Chialu forfeited.\n|\n|win|Bambambi\n|raw|Chialu's rating: 1168 → 1138<\/strong> (-30 for losing)\n|raw|Bambambi's rating: 1101 → 1131<\/strong> (+30 for winning)\n|l|\u2606Chialu\n","uploadtime":1683711500,"views":13,"p1id":"chialu","p2id":"bambambi","formatid":"gen9vgc2023regulationc","rating":1131,"private":0,"password":""}