{"id":"gen9vgc2023regulationc-1845958781","p1":"JLamb","p2":"Sophie Lumina","format":"[Gen 9] VGC 2023 Regulation C","log":"|j|\u2606JLamb\n|j|\u2606Sophie Lumina\n|t:|1681783948\n|gametype|doubles\n|player|p1|JLamb|265|1144\n|player|p2|Sophie Lumina|iono|1053\n|teamsize|p1|6\n|teamsize|p2|6\n|gen|9\n|tier|[Gen 9] VGC 2023 Regulation C\n|rated|\n|rule|Species Clause: Limit one of each Pok\u00e9mon\n|rule|Item Clause: Limit one of each item\n|clearpoke\n|poke|p1|Hydreigon, L50, F|\n|poke|p1|Chi-Yu, L50|\n|poke|p1|Volcarona, L50, F|\n|poke|p1|Iron Bundle, L50|\n|poke|p1|Maushold-Four, L50|\n|poke|p1|Wo-Chien, L50|\n|poke|p2|Volcarona, L50, F|\n|poke|p2|Bellibolt, L50, F|\n|poke|p2|Glimmora, L50, F|\n|poke|p2|Orthworm, L50, M|\n|poke|p2|Dragonite, L50, M|\n|poke|p2|Great Tusk, L50|\n|teampreview|4\nSophie Lumina has agreed to open team sheets.\n|inactive|Battle timer is ON: inactive players will automatically lose when time's up. (requested by JLamb)\n|inactive|Sophie Lumina has 60 seconds left.\n|\n|t:|1681783986\n|start\n|switch|p1a: Nigersaurus|Hydreigon, L50, F|100\/100\n|switch|p1b: Maushold|Maushold-Four, L50|100\/100\n|switch|p2a: Volcarona|Volcarona, L50, F|100\/100\n|switch|p2b: Great Tusk|Great Tusk, L50|100\/100\n|-enditem|p2b: Great Tusk|Booster Energy\n|-activate|p2b: Great Tusk|ability: Protosynthesis|[fromitem]\n|-start|p2b: Great Tusk|protosynthesisatk\n|turn|1\n|\n|t:|1681784007\n|move|p1b: Maushold|Follow Me|p1b: Maushold\n|-singleturn|p1b: Maushold|move: Follow Me\n|move|p1a: Nigersaurus|Focus Energy|p1a: Nigersaurus\n|-start|p1a: Nigersaurus|move: Focus Energy\n|move|p2a: Volcarona|Tailwind|p2a: Volcarona\n|-sidestart|p2: Sophie Lumina|move: Tailwind\n|move|p2b: Great Tusk|Knock Off|p1b: Maushold\n|-damage|p1b: Maushold|50\/100\n|-enditem|p1b: Maushold|Safety Goggles|[from] move: Knock Off|[of] p2b: Great Tusk\n|\n|upkeep\n|turn|2\n|\n|t:|1681784026\n|move|p1b: Maushold|Follow Me|p1b: Maushold\n|-singleturn|p1b: Maushold|move: Follow Me\n|move|p2a: Volcarona|Struggle Bug|p1b: Maushold|[spread] p1a,p1b\n|-supereffective|p1a: Nigersaurus\n|-crit|p1a: Nigersaurus\n|-damage|p1a: Nigersaurus|57\/100\n|-damage|p1b: Maushold|30\/100\n|-unboost|p1a: Nigersaurus|spa|1\n|-unboost|p1b: Maushold|spa|1\n|move|p2b: Great Tusk|Knock Off|p1b: Maushold\n|-damage|p1b: Maushold|0 fnt\n|faint|p1b: Maushold\n|move|p1a: Nigersaurus|Draco Meteor|p2a: Volcarona\n|-crit|p2a: Volcarona\n|-damage|p2a: Volcarona|25\/100\n|-unboost|p1a: Nigersaurus|spa|2\n|\n|upkeep\n|inactive|JLamb has 30 seconds left.\n|inactive|JLamb has 20 seconds left.\n|inactive|JLamb has 15 seconds left.\n|inactive|JLamb has 10 seconds left.\n|inactive|JLamb has 5 seconds left.\n|\n|t:|1681784081\n|switch|p1b: Volcarona|Volcarona, L50, F|100\/100\n|turn|3\n|inactive|Sophie Lumina has 30 seconds left.\n|inactive|Sophie Lumina has 20 seconds left.\n|inactive|Sophie Lumina has 15 seconds left.\n|inactive|Sophie Lumina has 10 seconds left.\n|inactive|Sophie Lumina has 5 seconds left.\n|\n|t:|1681784133\n|move|p1b: Volcarona|Rage Powder|p1b: Volcarona\n|-singleturn|p1b: Volcarona|move: Rage Powder\n|move|p2a: Volcarona|Struggle Bug|p1a: Nigersaurus|[spread] p1a,p1b\n|-supereffective|p1a: Nigersaurus\n|-resisted|p1b: Volcarona\n|-damage|p1a: Nigersaurus|20\/100\n|-damage|p1b: Volcarona|93\/100\n|-unboost|p1a: Nigersaurus|spa|1\n|-unboost|p1b: Volcarona|spa|1\n|move|p2b: Great Tusk|Knock Off|p1b: Volcarona\n|-damage|p1b: Volcarona|46\/100\n|-damage|p2b: Great Tusk|84\/100|[from] item: Rocky Helmet|[of] p1b: Volcarona\n|-enditem|p1b: Volcarona|Rocky Helmet|[from] move: Knock Off|[of] p2b: Great Tusk\n|move|p1a: Nigersaurus|Draco Meteor|p2a: Volcarona\n|-crit|p2a: Volcarona\n|-damage|p2a: Volcarona|0 fnt\n|-unboost|p1a: Nigersaurus|spa|2\n|faint|p2a: Volcarona\n|\n|upkeep\n|\n|t:|1681784156\n|switch|p2a: Orthworm|Orthworm, L50, M|100\/100\n|turn|4\n|\n|t:|1681784169\n|move|p1b: Volcarona|Rage Powder|p1b: Volcarona\n|-singleturn|p1b: Volcarona|move: Rage Powder\n|move|p2b: Great Tusk|Earthquake|p1a: Nigersaurus|[spread] p1b\n|-immune|p2a: Orthworm|[from] ability: Earth Eater\n|-immune|p1a: Nigersaurus|[from] ability: Levitate\n|-damage|p1b: Volcarona|0 fnt\n|faint|p1b: Volcarona\n|move|p2a: Orthworm|Body Press|p1a: Nigersaurus\n|-supereffective|p1a: Nigersaurus\n|-damage|p1a: Nigersaurus|0 fnt\n|faint|p1a: Nigersaurus\n|\n|-sideend|p2: Sophie Lumina|move: Tailwind\n|upkeep\n|\n|t:|1681784178\n|switch|p1b: Phish|Chi-Yu, L50|100\/100\n|-ability|p1b: Phish|Beads of Ruin\n|turn|5\n|c|\u2606Sophie Lumina|very classy username buddy, grow up\n|c|\u2606JLamb|cry\n|\n|t:|1681784191\n|-terastallize|p1b: Phish|Fire\n|move|p1b: Phish|Heat Wave|p2b: Great Tusk|[spread] p2a,p2b\n|-supereffective|p2a: Orthworm\n|-damage|p2a: Orthworm|0 fnt\n|-damage|p2b: Great Tusk|0 fnt\n|faint|p2a: Orthworm\n|faint|p2b: Great Tusk\n|-end|p2b: Great Tusk|Protosynthesis|[silent]\n|\n|upkeep\n|\n|t:|1681784201\n|switch|p2b: Dragonite|Dragonite, L50, M|100\/100\n|turn|6\n|\n|t:|1681784215\n|move|p2b: Dragonite|Extreme Speed|p1b: Phish\n|-damage|p1b: Phish|52\/100\n|move|p1b: Phish|Heat Wave|p2b: Dragonite\n|-resisted|p2b: Dragonite\n|-damage|p2b: Dragonite|77\/100\n|\n|upkeep\n|turn|7\n|c|\u2606Sophie Lumina|cry about the L and the ban\n|\n|t:|1681784237\n|-terastallize|p2b: Dragonite|Normal\n|move|p2b: Dragonite|Extreme Speed|p1b: Phish\n|-damage|p1b: Phish|0 fnt\n|faint|p1b: Phish\n|\n|win|Sophie Lumina\n|raw|JLamb's rating: 1144 → 1113<\/strong> (-31 for losing)\n|raw|Sophie Lumina's rating: 1053 → 1093<\/strong> (+40 for winning)\n","uploadtime":1681784120,"views":8,"p1id":"jlamb","p2id":"sophielumina","formatid":"gen9vgc2023regulationc","rating":1093,"private":0,"password":""}