{"id":"gen9vgc2023regulationc-1848889491","p1":"Rean411","p2":"Esspecialy","format":"[Gen 9] VGC 2023 Regulation C","log":"|j|\u2606Rean411\n|j|\u2606Esspecialy\n|t:|1682122330\n|gametype|doubles\n|player|p1|Rean411|2|1166\n|player|p2|Esspecialy|burglar|1238\n|teamsize|p1|6\n|teamsize|p2|6\n|gen|9\n|tier|[Gen 9] VGC 2023 Regulation C\n|rated|\n|rule|Species Clause: Limit one of each Pok\u00e9mon\n|rule|Item Clause: Limit one of each item\n|clearpoke\n|poke|p1|Arcanine, L50, F|\n|poke|p1|Ting-Lu, L50|\n|poke|p1|Amoonguss, L50, F|\n|poke|p1|Gyarados, L50, M|\n|poke|p1|Annihilape, L50, F|\n|poke|p1|Maushold, L50|\n|poke|p2|Wo-Chien, L50|\n|poke|p2|Chi-Yu, L50|\n|poke|p2|Gholdengo, L50|\n|poke|p2|Maushold, L50|\n|poke|p2|Chien-Pao, L50|\n|poke|p2|Dragonite, L50, F|\n|teampreview|4\nRean411 has agreed to open team sheets.\n|\n|t:|1682122362\n|start\n|switch|p1a: U R very sleepy|Amoonguss, L50, F|100\/100\n|switch|p1b: Caesar|Annihilape, L50, F|100\/100\n|switch|p2a: Chi-Who?|Chi-Yu, L50|100\/100\n|switch|p2b: Woah-Chien|Wo-Chien, L50|100\/100\n|-ability|p2a: Chi-Who?|Beads of Ruin\n|-ability|p2b: Woah-Chien|Tablets of Ruin\n|turn|1\n|\n|t:|1682122383\n|switch|p1a: Annoying|Ting-Lu, L50|100\/100\n|-ability|p1a: Annoying|Vessel of Ruin\n|-terastallize|p2a: Chi-Who?|Ghost\n|-terastallize|p1b: Caesar|Fire\n|move|p2a: Chi-Who?|Heat Wave|p1a: Annoying|[spread] p1a,p1b\n|-resisted|p1b: Caesar\n|-damage|p1a: Annoying|83\/100\n|-damage|p1b: Caesar|80\/100\n|move|p1b: Caesar|Drain Punch|p2a: Chi-Who?\n|-immune|p2a: Chi-Who?\n|move|p2b: Woah-Chien|Leech Seed|p1b: Caesar\n|-start|p1b: Caesar|move: Leech Seed\n|\n|-heal|p1b: Caesar|85\/100|[from] item: Leftovers\n|-damage|p1b: Caesar|73\/100|[from] Leech Seed|[of] p2b: Woah-Chien\n|upkeep\n|turn|2\n|\n|t:|1682122408\n|switch|p2a: Mausmaus|Maushold, L50|100\/100\n|switch|p1b: U R very sleepy|Amoonguss, L50, F|100\/100\n|move|p2b: Woah-Chien|Foul Play|p1b: U R very sleepy\n|-damage|p1b: U R very sleepy|79\/100\n|move|p1a: Annoying|Heavy Slam|p2a: Mausmaus\n|-damage|p2a: Mausmaus|52\/100\n|\n|upkeep\n|turn|3\n|\n|t:|1682122441\n|move|p2a: Mausmaus|Population Bomb|p1b: U R very sleepy\n|-damage|p1b: U R very sleepy|73\/100\n|-damage|p1b: U R very sleepy|68\/100\n|-damage|p1b: U R very sleepy|63\/100\n|-damage|p1b: U R very sleepy|58\/100\n|-damage|p1b: U R very sleepy|52\/100\n|-damage|p1b: U R very sleepy|47\/100\n|-enditem|p1b: U R very sleepy|Sitrus Berry|[eat]\n|-heal|p1b: U R very sleepy|72\/100|[from] item: Sitrus Berry\n|-damage|p1b: U R very sleepy|66\/100\n|-damage|p1b: U R very sleepy|61\/100\n|-damage|p1b: U R very sleepy|55\/100\n|-damage|p1b: U R very sleepy|49\/100\n|-hitcount|p1b: U R very sleepy|10\n|move|p2b: Woah-Chien|Pollen Puff|p2a: Mausmaus\n|-heal|p2a: Mausmaus|100\/100\n|move|p1a: Annoying|Ruination|p2b: Woah-Chien\n|-damage|p2b: Woah-Chien|50\/100\n|move|p1b: U R very sleepy|Pollen Puff|p2b: Woah-Chien\n|-supereffective|p2b: Woah-Chien\n|-damage|p2b: Woah-Chien|25\/100\n|\n|-heal|p2b: Woah-Chien|32\/100|[from] item: Leftovers\n|upkeep\n|turn|4\n|\n|t:|1682122476\n|switch|p2b: Chien-Poo|Chien-Pao, L50|100\/100\n|-ability|p2b: Chien-Poo|Sword of Ruin\n|switch|p1a: Mushu|Gyarados, L50, M|100\/100\n|-ability|p1a: Mushu|Intimidate|boost\n|-unboost|p2a: Mausmaus|atk|1\n|-unboost|p2b: Chien-Poo|atk|1\n|switch|p1b: Caesar|Annihilape, L50, F, tera:Fire|73\/100\n|move|p2a: Mausmaus|Population Bomb|p1a: Mushu\n|-damage|p1a: Mushu|93\/100\n|-damage|p1a: Mushu|86\/100\n|-damage|p1a: Mushu|79\/100\n|-damage|p1a: Mushu|72\/100\n|-damage|p1a: Mushu|64\/100\n|-damage|p1a: Mushu|57\/100\n|-damage|p1a: Mushu|50\/100\n|-crit|p1a: Mushu\n|-damage|p1a: Mushu|32\/100\n|-damage|p1a: Mushu|25\/100\n|-damage|p1a: Mushu|18\/100\n|-hitcount|p1a: Mushu|10\n|\n|-heal|p1b: Caesar|79\/100|[from] item: Leftovers\n|upkeep\n|turn|5\n|\n|t:|1682122513\n|switch|p1a: U R very sleepy|Amoonguss, L50, F|82\/100\n|move|p2b: Chien-Poo|Ice Spinner|p1a: U R very sleepy\n|-supereffective|p1a: U R very sleepy\n|-damage|p1a: U R very sleepy|22\/100\n|move|p2a: Mausmaus|Population Bomb|p1b: Caesar\n|-damage|p1b: Caesar|73\/100\n|-damage|p1b: Caesar|65\/100\n|-damage|p1b: Caesar|59\/100\n|-damage|p1b: Caesar|53\/100\n|-damage|p1b: Caesar|45\/100\n|-damage|p1b: Caesar|38\/100\n|-damage|p1b: Caesar|30\/100\n|-damage|p1b: Caesar|24\/100\n|-damage|p1b: Caesar|18\/100\n|-damage|p1b: Caesar|10\/100\n|-hitcount|p1b: Caesar|10\n|move|p1b: Caesar|Drain Punch|p2a: Mausmaus\n|-supereffective|p2a: Mausmaus\n|-damage|p2a: Mausmaus|0 fnt\n|-heal|p1b: Caesar|47\/100|[from] drain|[of] p2a: Mausmaus\n|faint|p2a: Mausmaus\n|\n|-heal|p1b: Caesar|53\/100|[from] item: Leftovers\n|upkeep\n|\n|t:|1682122539\n|switch|p2a: Chi-Who?|Chi-Yu, L50, tera:Ghost|100\/100\n|-ability|p2a: Chi-Who?|Beads of Ruin\n|turn|6\n|\n|t:|1682122591\n|switch|p1a: Annoying|Ting-Lu, L50|83\/100\n|-ability|p1a: Annoying|Vessel of Ruin\n|move|p2a: Chi-Who?|Dark Pulse|p1b: Caesar\n|-damage|p1b: Caesar|10\/100\n|move|p2b: Chien-Poo|Throat Chop|p1b: Caesar\n|-damage|p1b: Caesar|0 fnt\n|faint|p1b: Caesar\n|\n|upkeep\n|-message|Rean411 forfeited.\n|\n|win|Esspecialy\n|raw|Rean411's rating: 1166 → 1146<\/strong> (-20 for losing)\n|raw|Esspecialy's rating: 1238 → 1258<\/strong> (+20 for winning)\n|l|\u2606Rean411\n","uploadtime":1682122608,"views":19,"p1id":"rean411","p2id":"esspecialy","formatid":"gen9vgc2023regulationc","rating":1146,"private":0,"password":""}