{"id":"gen9vgc2023regulationc-1859688756","p1":"perferw","p2":"AllTheBilgamesh","format":"[Gen 9] VGC 2023 Regulation C","log":"|j|\u2606perferw\n|j|\u2606AllTheBilgamesh\n|t:|1683556255\n|gametype|doubles\n|player|p1|perferw|1|1334\n|player|p2|AllTheBilgamesh|n|1302\n|teamsize|p1|6\n|teamsize|p2|6\n|gen|9\n|tier|[Gen 9] VGC 2023 Regulation C\n|rated|\n|rule|Species Clause: Limit one of each Pok\u00e9mon\n|rule|Item Clause: Limit one of each item\n|clearpoke\n|poke|p1|Chien-Pao, L50|\n|poke|p1|Talonflame, L50, M|\n|poke|p1|Amoonguss, L50, F|\n|poke|p1|Flutter Mane, L50|\n|poke|p1|Arcanine, L50, M|\n|poke|p1|Palafin, L50, F|\n|poke|p2|Hydreigon, L50, M|\n|poke|p2|Chi-Yu, L50|\n|poke|p2|Flutter Mane, L50|\n|poke|p2|Kingambit, L50, F|\n|poke|p2|Great Tusk, L50|\n|poke|p2|Torkoal, L50, M|\n|teampreview|4\n|inactive|Battle timer is ON: inactive players will automatically lose when time's up. (requested by perferw)\nperferw has agreed to open team sheets.\n|inactive|perferw has 60 seconds left.\n|inactive|AllTheBilgamesh has 60 seconds left.\n|\n|t:|1683556305\n|start\n|switch|p1a: Flutter Mane|Flutter Mane, L50|100\/100\n|switch|p1b: Palafin|Palafin, L50, F|100\/100\n|switch|p2a: Hydreigon|Hydreigon, L50, M|100\/100\n|switch|p2b: Torkoal|Torkoal, L50, M|100\/100\n|-weather|SunnyDay|[from] ability: Drought|[of] p2b: Torkoal\n|-activate|p1a: Flutter Mane|ability: Protosynthesis\n|-start|p1a: Flutter Mane|protosynthesisspe\n|turn|1\n|\n|t:|1683556329\n|detailschange|p1b: Palafin|Palafin-Hero, L50, F\n|switch|p1b: Arcanine|Arcanine, L50, M|100\/100\n|-ability|p1b: Arcanine|Intimidate|boost\n|-unboost|p2a: Hydreigon|atk|1\n|-unboost|p2b: Torkoal|atk|1\n|-terastallize|p2a: Hydreigon|Fire\n|move|p2b: Torkoal|Protect|p2b: Torkoal\n|-singleturn|p2b: Torkoal|Protect\n|move|p1a: Flutter Mane|Shadow Ball|p2a: Hydreigon\n|-damage|p2a: Hydreigon|34\/100\n|move|p2a: Hydreigon|Tailwind|p2a: Hydreigon\n|-sidestart|p2: AllTheBilgamesh|move: Tailwind\n|\n|-weather|SunnyDay|[upkeep]\n|-heal|p2a: Hydreigon|40\/100|[from] item: Leftovers\n|upkeep\n|turn|2\n|inactive|AllTheBilgamesh has 30 seconds left.\n|\n|t:|1683556358\n|move|p2a: Hydreigon|Heat Wave|p1b: Arcanine|[spread] p1a,p1b\n|-resisted|p1b: Arcanine\n|-damage|p1a: Flutter Mane|46\/100\n|-damage|p1b: Arcanine|72\/100\n|move|p1a: Flutter Mane|Shadow Ball|p2b: Torkoal\n|-damage|p2b: Torkoal|48\/100\n|-unboost|p2b: Torkoal|spd|1\n|-enditem|p2b: Torkoal|Sitrus Berry|[eat]\n|-heal|p2b: Torkoal|73\/100|[from] item: Sitrus Berry\n|move|p1b: Arcanine|Flare Blitz|p2a: Hydreigon\n|-resisted|p2a: Hydreigon\n|-damage|p2a: Hydreigon|0 fnt\n|faint|p2a: Hydreigon\n|-damage|p1b: Arcanine|60\/100|[from] Recoil\n|move|p2b: Torkoal|Earth Power|p1b: Arcanine\n|-supereffective|p1b: Arcanine\n|-damage|p1b: Arcanine|17\/100\n|\n|-weather|SunnyDay|[upkeep]\n|upkeep\n|\n|t:|1683556379\n|switch|p2a: Flutter Mane|Flutter Mane, L50|100\/100\n|-activate|p2a: Flutter Mane|ability: Protosynthesis\n|-start|p2a: Flutter Mane|protosynthesisspa\n|turn|3\n|\n|t:|1683556402\n|move|p2a: Flutter Mane|Dazzling Gleam|p1b: Arcanine|[spread] p1a,p1b\n|-resisted|p1b: Arcanine\n|-damage|p1a: Flutter Mane|0 fnt\n|-damage|p1b: Arcanine|0 fnt\n|faint|p1a: Flutter Mane\n|-end|p1a: Flutter Mane|Protosynthesis|[silent]\n|faint|p1b: Arcanine\n|move|p2b: Torkoal|Overheat|p1: Flutter Mane|[notarget]\n|-fail|p2b: Torkoal\n|\n|-weather|SunnyDay|[upkeep]\n|upkeep\n|\n|t:|1683556405\n|switch|p1a: Palafin|Palafin-Hero, L50, F|100\/100\n|switch|p1b: Talonflame|Talonflame, L50, M|100\/100\n|-activate|p1a: Palafin|ability: Zero to Hero\n|turn|4\n|\n|t:|1683556418\n|move|p2b: Torkoal|Helping Hand|p2a: Flutter Mane\n|-singleturn|p2a: Flutter Mane|Helping Hand|[of] p2b: Torkoal\n|move|p1b: Talonflame|Protect|p1b: Talonflame\n|-singleturn|p1b: Talonflame|Protect\n|move|p1a: Palafin|Protect|p1a: Palafin\n|-singleturn|p1a: Palafin|Protect\n|move|p2a: Flutter Mane|Dazzling Gleam|p1b: Talonflame|[spread] \n|-activate|p1a: Palafin|move: Protect\n|-activate|p1b: Talonflame|move: Protect\n|\n|-weather|SunnyDay|[upkeep]\n|-sideend|p2: AllTheBilgamesh|move: Tailwind\n|upkeep\n|turn|5\n|\n|t:|1683556438\n|-terastallize|p1a: Palafin|Water\n|move|p2b: Torkoal|Helping Hand|p2a: Flutter Mane\n|-singleturn|p2a: Flutter Mane|Helping Hand|[of] p2b: Torkoal\n|move|p1b: Talonflame|Tailwind|p1b: Talonflame\n|-sidestart|p1: perferw|move: Tailwind\n|move|p1a: Palafin|Wave Crash|p2a: Flutter Mane\n|-damage|p2a: Flutter Mane|14\/100\n|-damage|p1a: Palafin|81\/100|[from] Recoil\n|move|p2a: Flutter Mane|Dazzling Gleam|p1a: Palafin|[spread] p1a,p1b\n|-resisted|p1b: Talonflame\n|-damage|p1a: Palafin|0 fnt\n|-damage|p1b: Talonflame|39\/100\n|faint|p1a: Palafin\n|\n|-weather|none\n|-end|p2a: Flutter Mane|Protosynthesis\n|upkeep\n|turn|6\n|-message|perferw forfeited.\n|\n|win|AllTheBilgamesh\n|raw|perferw's rating: 1334 → 1312<\/strong> (-22 for losing)\n|raw|AllTheBilgamesh's rating: 1302 → 1324<\/strong> (+22 for winning)\n|l|\u2606perferw\n","uploadtime":1683556460,"views":7,"p1id":"perferw","p2id":"allthebilgamesh","formatid":"gen9vgc2023regulationc","rating":1312,"private":0,"password":""}