{"id":"gen9vgc2023regulationc-1852834690","p1":"Edro360","p2":"dondo_testin","format":"[Gen 9] VGC 2023 Regulation C","log":"|j|\u2606Edro360\n|j|\u2606dondo_testin\n|t:|1682610221\n|gametype|doubles\n|player|p1|Edro360|170|1101\n|player|p2|dondo_testin|170|1135\n|teamsize|p1|6\n|teamsize|p2|6\n|gen|9\n|tier|[Gen 9] VGC 2023 Regulation C\n|rated|\n|rule|Species Clause: Limit one of each Pok\u00e9mon\n|rule|Item Clause: Limit one of each item\n|clearpoke\n|poke|p1|Chien-Pao, L50|\n|poke|p1|Annihilape, L50, M|\n|poke|p1|Kingambit, L50, F|\n|poke|p1|Azumarill, L50, F|\n|poke|p1|Amoonguss, L50, F|\n|poke|p1|Arcanine, L50, F|\n|poke|p2|Dondozo, L50, F|\n|poke|p2|Tatsugiri, L50, F|\n|poke|p2|Glimmora, L50, F|\n|poke|p2|Arcanine, L50, M|\n|poke|p2|Dragonite, L50, F|\n|poke|p2|Iron Bundle, L50|\n|teampreview|4\n|inactive|Battle timer is ON: inactive players will automatically lose when time's up. (requested by dondo_testin)\n|inactive|Edro360 has 60 seconds left.\n|inactive|dondo_testin has 60 seconds left.\n|l|\u2606Edro360\n|inactive|Edro360 disconnected and has a minute to reconnect!\n|player|p1|\n|inactive|dondo_testin has 30 seconds left.\n|\n|t:|1682610286\n|start\n|switch|p1a: Chien-Pao|Chien-Pao, L50|100\/100\n|switch|p1b: Azumarill|Azumarill, L50, F|100\/100\n|switch|p2a: Glimmora|Glimmora, L50, F|100\/100\n|switch|p2b: Arcanine|Arcanine, L50, M|100\/100\n|-ability|p1a: Chien-Pao|Sword of Ruin\n|-ability|p2b: Arcanine|Intimidate|boost\n|-unboost|p1a: Chien-Pao|atk|1\n|-unboost|p1b: Azumarill|atk|1\n|turn|1\n|j|\u2606Edro360\n|inactive|Edro360 reconnected and has 50 seconds left.\n|player|p1|Edro360|170\n|inactive|dondo_testin has 30 seconds left.\n|inactive|dondo_testin has 20 seconds left.\n|inactive|Edro360 has 30 seconds left.\n|inactive|dondo_testin has 15 seconds left.\n|\n|t:|1682610330\n|move|p1a: Chien-Pao|Protect|p1a: Chien-Pao\n|-singleturn|p1a: Chien-Pao|Protect\n|move|p2b: Arcanine|Protect|p2b: Arcanine\n|-singleturn|p2b: Arcanine|Protect\n|move|p1b: Azumarill|Aqua Jet|p2b: Arcanine\n|-activate|p2b: Arcanine|move: Protect\n|move|p2a: Glimmora|Earth Power|p1a: Chien-Pao\n|-activate|p1a: Chien-Pao|move: Protect\n|\n|upkeep\n|turn|2\n|\n|t:|1682610347\n|switch|p1a: Amoonguss|Amoonguss, L50, F|100\/100\n|switch|p2b: Dondozo|Dondozo, L50, F|100\/100\n|move|p1b: Azumarill|Aqua Jet|p2b: Dondozo\n|-resisted|p2b: Dondozo\n|-damage|p2b: Dondozo|92\/100\n|move|p2a: Glimmora|Mortal Spin|p1a: Amoonguss|[spread] p1a,p1b\n|-supereffective|p1b: Azumarill\n|-damage|p1a: Amoonguss|96\/100\n|-damage|p1b: Azumarill|92\/100\n|-status|p1b: Azumarill|psn\n|\n|-heal|p2b: Dondozo|98\/100|[from] item: Leftovers\n|-damage|p1b: Azumarill|80\/100 psn|[from] psn\n|upkeep\n|turn|3\n|\n|t:|1682610370\n|switch|p2a: Arcanine|Arcanine, L50, M|100\/100\n|-ability|p2a: Arcanine|Intimidate|boost\n|-unboost|p1a: Amoonguss|atk|1\n|-unboost|p1b: Azumarill|atk|1\n|move|p2b: Dondozo|Protect|p2b: Dondozo\n|-singleturn|p2b: Dondozo|Protect\n|move|p1b: Azumarill|Perish Song|p1b: Azumarill\n|-start|p1a: Amoonguss|perish3|[silent]\n|-start|p1b: Azumarill|perish3|[silent]\n|-start|p2a: Arcanine|perish3|[silent]\n|-start|p2b: Dondozo|perish3|[silent]\n|-fieldactivate|move: Perish Song\n|move|p1a: Amoonguss|Spore|p2b: Dondozo\n|-activate|p2b: Dondozo|move: Protect\n|\n|-heal|p2b: Dondozo|100\/100|[from] item: Leftovers\n|-damage|p1b: Azumarill|68\/100 psn|[from] psn\n|-start|p2a: Arcanine|perish3\n|-start|p2b: Dondozo|perish3\n|-start|p1b: Azumarill|perish3\n|-start|p1a: Amoonguss|perish3\n|upkeep\n|turn|4\n|inactive|Edro360 has 30 seconds left.\n|inactive|dondo_testin has 30 seconds left.\n|inactive|dondo_testin has 20 seconds left.\n|inactive|dondo_testin has 15 seconds left.\n|inactive|Edro360 has 20 seconds left.\n|inactive|dondo_testin has 10 seconds left.\n|\n|t:|1682610424\n|switch|p2b: Glimmora|Glimmora, L50, F|100\/100\n|move|p1a: Amoonguss|Protect|p1a: Amoonguss\n|-singleturn|p1a: Amoonguss|Protect\n|move|p1b: Azumarill|Aqua Jet|p2a: Arcanine\n|-supereffective|p2a: Arcanine\n|-damage|p2a: Arcanine|72\/100\n|move|p2a: Arcanine|Flare Blitz|p1a: Amoonguss\n|-activate|p1a: Amoonguss|move: Protect\n|\n|-damage|p1b: Azumarill|56\/100 psn|[from] psn\n|-start|p2a: Arcanine|perish2\n|-start|p1b: Azumarill|perish2\n|-start|p1a: Amoonguss|perish2\n|upkeep\n|turn|5\n|inactive|Edro360 has 30 seconds left.\n|inactive|dondo_testin has 30 seconds left.\n|\n|t:|1682610457\n|switch|p2a: Dondozo|Dondozo, L50, F|100\/100\n|switch|p1b: Annihilape|Annihilape, L50, M|100\/100\n|move|p2b: Glimmora|Power Gem|p1a: Amoonguss\n|-damage|p1a: Amoonguss|69\/100\n|move|p1a: Amoonguss|Spore|p2b: Glimmora\n|-status|p2b: Glimmora|slp|[from] move: Spore\n|\n|-start|p1a: Amoonguss|perish1\n|upkeep\n|turn|6\n|inactive|dondo_testin has 30 seconds left.\n|\n|t:|1682610488\n|switch|p2b: Arcanine|Arcanine, L50, M|72\/100\n|-ability|p2b: Arcanine|Intimidate|boost\n|-unboost|p1a: Amoonguss|atk|1\n|-unboost|p1b: Annihilape|atk|1\n|switch|p2a: Iron Bundle|Iron Bundle, L50|100\/100\n|-enditem|p2a: Iron Bundle|Booster Energy\n|-activate|p2a: Iron Bundle|ability: Quark Drive|[fromitem]\n|-start|p2a: Iron Bundle|quarkdrivespe\n|move|p1b: Annihilape|Bulk Up|p1b: Annihilape\n|-boost|p1b: Annihilape|atk|1\n|-boost|p1b: Annihilape|def|1\n|move|p1a: Amoonguss|Spore|p2a: Iron Bundle\n|-status|p2a: Iron Bundle|slp|[from] move: Spore\n|\n|-start|p1a: Amoonguss|perish0\n|upkeep\n|faint|p1a: Amoonguss\n|inactive|Edro360 has 30 seconds left.\n|\n|t:|1682610521\n|switch|p1a: Azumarill|Azumarill, L50, F|56\/100 psn\n|turn|7\n|l|\u2606Edro360\n|inactive|Edro360 disconnected and has a minute to reconnect!\n|player|p1|\n|j|\u2606Edro360\n|inactive|Edro360 reconnected and has 40 seconds left.\n|player|p1|Edro360|170\n|inactive|Edro360 has 30 seconds left.\n|inactive|dondo_testin has 30 seconds left.\n|\n|t:|1682610556\n|move|p2b: Arcanine|Extreme Speed|p1a: Azumarill\n|-damage|p1a: Azumarill|26\/100 psn\n|move|p1a: Azumarill|Aqua Jet|p2b: Arcanine\n|-supereffective|p2b: Arcanine\n|-damage|p2b: Arcanine|17\/100\n|cant|p2a: Iron Bundle|slp\n|move|p1b: Annihilape|Drain Punch|p2a: Iron Bundle\n|-supereffective|p2a: Iron Bundle\n|-damage|p2a: Iron Bundle|19\/100 slp\n|\n|-damage|p1a: Azumarill|14\/100 psn|[from] psn\n|upkeep\n|-enditem|p1a: Azumarill|Aguav Berry|[eat]\n|-heal|p1a: Azumarill|47\/100 psn|[from] item: Aguav Berry\n|turn|8\n|\n|t:|1682610575\n|move|p2b: Arcanine|Extreme Speed|p1a: Azumarill\n|-damage|p1a: Azumarill|16\/100 psn\n|move|p1a: Azumarill|Aqua Jet|p2b: Arcanine\n|-supereffective|p2b: Arcanine\n|-damage|p2b: Arcanine|0 fnt\n|faint|p2b: Arcanine\n|-curestatus|p2a: Iron Bundle|slp|[msg]\n|move|p2a: Iron Bundle|Icy Wind|p1b: Annihilape|[spread] p1a,p1b\n|-resisted|p1a: Azumarill\n|-damage|p1a: Azumarill|6\/100 psn\n|-damage|p1b: Annihilape|81\/100\n|-unboost|p1a: Azumarill|spe|1\n|-unboost|p1b: Annihilape|spe|1\n|move|p1b: Annihilape|Drain Punch|p2a: Iron Bundle\n|-supereffective|p2a: Iron Bundle\n|-damage|p2a: Iron Bundle|0 fnt\n|-heal|p1b: Annihilape|88\/100|[from] drain|[of] p2a: Iron Bundle\n|faint|p2a: Iron Bundle\n|-end|p2a: Iron Bundle|Quark Drive|[silent]\n|\n|-heal|p1b: Annihilape|94\/100|[from] item: Leftovers\n|-damage|p1a: Azumarill|0 fnt|[from] psn\n|faint|p1a: Azumarill\n|upkeep\n|\n|t:|1682610598\n|switch|p2a: Glimmora|Glimmora, L50, F|100\/100 slp\n|switch|p2b: Dondozo|Dondozo, L50, F|100\/100\n|switch|p1a: Chien-Pao|Chien-Pao, L50|100\/100\n|-ability|p1a: Chien-Pao|Sword of Ruin\n|turn|9\n|inactive|Edro360 has 30 seconds left.\n|\n|t:|1682610631\n|-terastallize|p1a: Chien-Pao|Ice\n|-terastallize|p2a: Glimmora|Grass\n|move|p1a: Chien-Pao|Ice Spinner|p2a: Glimmora\n|-supereffective|p2a: Glimmora\n|-damage|p2a: Glimmora|0 fnt\n|-activate|p2a: Glimmora|ability: Toxic Debris\n|-sidestart|p1: Edro360|move: Toxic Spikes\n|faint|p2a: Glimmora\n|move|p2b: Dondozo|Earthquake|p1a: Chien-Pao|[spread] p1a,p1b\n|-damage|p1a: Chien-Pao|71\/100\n|-damage|p1b: Annihilape|65\/100\n|move|p1b: Annihilape|Bulk Up|p1b: Annihilape\n|-boost|p1b: Annihilape|atk|1\n|-boost|p1b: Annihilape|def|1\n|\n|-heal|p1b: Annihilape|71\/100|[from] item: Leftovers\n|upkeep\n|turn|10\n|-message|dondo_testin forfeited.\n|\n|win|Edro360\n|raw|Edro360's rating: 1101 → 1128<\/strong> (+27 for winning)\n|raw|dondo_testin's rating: 1135 → 1108<\/strong> (-27 for losing)\n|l|\u2606dondo_testin\n","uploadtime":1682610651,"views":4,"p1id":"edro360","p2id":"dondotestin","formatid":"gen9vgc2023regulationc","rating":1108,"private":0,"password":""}