{"id":"gen9vgc2023regulationc-1847952887","p1":"TNTBlowzUp","p2":"Mewzas","format":"[Gen 9] VGC 2023 Regulation C","log":"|j|\u2606TNTBlowzUp\n|j|\u2606Mewzas\n|t:|1682015396\n|gametype|doubles\n|player|p1|TNTBlowzUp|harlequin|1082\n|player|p2|Mewzas|102|1084\n|teamsize|p1|6\n|teamsize|p2|6\n|gen|9\n|tier|[Gen 9] VGC 2023 Regulation C\n|rated|\n|rule|Species Clause: Limit one of each Pok\u00e9mon\n|rule|Item Clause: Limit one of each item\n|clearpoke\n|poke|p1|Electrode, L50|\n|poke|p1|Iron Bundle, L50|\n|poke|p1|Armarouge, L50, M|\n|poke|p1|Palafin, L50, M|\n|poke|p1|Amoonguss, L50, F|\n|poke|p1|Dragonite, L50, M|\n|poke|p2|Ting-Lu, L50|\n|poke|p2|Bronzong, L50|\n|poke|p2|Grimmsnarl, L50, M|\n|poke|p2|Tauros-Paldea-Aqua, L50, M|\n|poke|p2|Ceruledge, L50, M|\n|poke|p2|Iron Bundle, L50|\n|teampreview|4\n|inactive|Battle timer is ON: inactive players will automatically lose when time's up. (requested by Mewzas)\n|inactive|TNTBlowzUp has 60 seconds left.\n|inactive|Mewzas has 60 seconds left.\n|inactive|Mewzas has 30 seconds left.\n|\n|t:|1682015466\n|start\n|switch|p1a: Electrode|Electrode, L50, shiny|100\/100\n|switch|p1b: Palafin|Palafin, L50, M, shiny|100\/100\n|switch|p2a: Ting-Lu|Ting-Lu, L50|100\/100\n|switch|p2b: Grimmsnarl|Grimmsnarl, L50, M|100\/100\n|-ability|p2a: Ting-Lu|Vessel of Ruin\n|turn|1\n|inactive|Mewzas has 30 seconds left.\n|\n|t:|1682015494\n|detailschange|p1b: Palafin|Palafin-Hero, L50, M, shiny\n|switch|p1b: Amoonguss|Amoonguss, L50, F, shiny|100\/100\n|move|p2b: Grimmsnarl|Reflect|p2b: Grimmsnarl\n|-sidestart|p2: Mewzas|Reflect\n|move|p1a: Electrode|Volt Switch|p2b: Grimmsnarl\n|-damage|p2b: Grimmsnarl|71\/100\n|\n|t:|1682015497\n|switch|p1a: Palafin|Palafin-Hero, L50, M, shiny|100\/100|[from] Volt Switch\n|-activate|p1a: Palafin|ability: Zero to Hero\n|move|p2a: Ting-Lu|Stomping Tantrum|p1a: Palafin\n|-damage|p1a: Palafin|62\/100\n|\n|upkeep\n|turn|2\n|inactive|Mewzas has 30 seconds left.\n|inactive|Mewzas has 20 seconds left.\n|inactive|Mewzas has 15 seconds left.\n|inactive|Mewzas has 10 seconds left.\n|inactive|Mewzas has 5 seconds left.\n|\n|t:|1682015552\n|move|p1a: Palafin|Protect|p1a: Palafin\n|-singleturn|p1a: Palafin|Protect\n|move|p2b: Grimmsnarl|Dazzling Gleam|p1b: Amoonguss|[spread] p1b\n|-activate|p1a: Palafin|move: Protect\n|-resisted|p1b: Amoonguss\n|-damage|p1b: Amoonguss|92\/100\n|move|p2a: Ting-Lu|Fissure|p1b: Amoonguss|[miss]\n|-miss|p2a: Ting-Lu|p1b: Amoonguss\n|move|p1b: Amoonguss|Spore|p2a: Ting-Lu\n|-status|p2a: Ting-Lu|slp|[from] move: Spore\n|\n|upkeep\n|turn|3\n|inactive|Mewzas has 30 seconds left.\n|\n|t:|1682015580\n|-terastallize|p2a: Ting-Lu|Steel\n|move|p2b: Grimmsnarl|Parting Shot|p1a: Palafin\n|-unboost|p1a: Palafin|atk|1\n|-unboost|p1a: Palafin|spa|1\n|\n|t:|1682015592\n|switch|p2b: Iron Bundle|Iron Bundle, L50, shiny|100\/100|[from] Parting Shot\n|-enditem|p2b: Iron Bundle|Booster Energy\n|-activate|p2b: Iron Bundle|ability: Quark Drive|[fromitem]\n|-start|p2b: Iron Bundle|quarkdrivespe\n|move|p1a: Palafin|Wave Crash|p2a: Ting-Lu\n|-damage|p2a: Ting-Lu|80\/100 slp\n|-damage|p1a: Palafin|53\/100|[from] Recoil\n|cant|p2a: Ting-Lu|slp\n|move|p1b: Amoonguss|Pollen Puff|p1a: Palafin\n|-heal|p1a: Palafin|100\/100\n|\n|upkeep\n|turn|4\n|\n|t:|1682015613\n|switch|p1a: Electrode|Electrode, L50, shiny|100\/100\n|move|p2b: Iron Bundle|Taunt|p1b: Amoonguss\n|-start|p1b: Amoonguss|move: Taunt\n|-curestatus|p2a: Ting-Lu|slp|[msg]\n|move|p2a: Ting-Lu|Fissure|p1a: Electrode|[miss]\n|-miss|p2a: Ting-Lu|p1a: Electrode\n|cant|p1b: Amoonguss|move: Taunt|Spore\n|\n|upkeep\n|turn|5\n|inactive|Mewzas has 30 seconds left.\n|\n|t:|1682015639\n|switch|p1b: Armarouge|Armarouge, L50, M, shiny|100\/100\n|move|p2b: Iron Bundle|Freeze-Dry|p1b: Armarouge\n|-resisted|p1b: Armarouge\n|-damage|p1b: Armarouge|82\/100\n|move|p1a: Electrode|Discharge|p2b: Iron Bundle|[spread] p1b,p2a,p2b\n|-supereffective|p2b: Iron Bundle\n|-crit|p2b: Iron Bundle\n|-damage|p1b: Armarouge|56\/100\n|-damage|p2a: Ting-Lu|68\/100\n|-damage|p2b: Iron Bundle|14\/100\n|move|p2a: Ting-Lu|Stomping Tantrum|p1a: Electrode\n|-supereffective|p1a: Electrode\n|-enditem|p1a: Electrode|Focus Sash\n|-damage|p1a: Electrode|1\/100\n|-status|p2a: Ting-Lu|par|[from] ability: Static|[of] p1a: Electrode\n|\n|-heal|p1b: Armarouge|62\/100|[from] item: Leftovers\n|-sideend|p2: Mewzas|Reflect\n|upkeep\n|turn|6\n|\n|t:|1682015657\n|move|p2b: Iron Bundle|Freeze-Dry|p1a: Electrode\n|-damage|p1a: Electrode|0 fnt\n|faint|p1a: Electrode\n|move|p1b: Armarouge|Armor Cannon|p2a: Ting-Lu\n|-supereffective|p2a: Ting-Lu\n|-damage|p2a: Ting-Lu|21\/100 par\n|-unboost|p1b: Armarouge|def|1\n|-unboost|p1b: Armarouge|spd|1\n|move|p2a: Ting-Lu|Stomping Tantrum|p1b: Armarouge\n|-supereffective|p1b: Armarouge\n|-damage|p1b: Armarouge|0 fnt\n|faint|p1b: Armarouge\n|\n|upkeep\n|\n|t:|1682015662\n|switch|p1a: Amoonguss|Amoonguss, L50, F, shiny|100\/100\n|switch|p1b: Palafin|Palafin-Hero, L50, M, shiny|100\/100\n|turn|7\n|\n|t:|1682015681\n|-terastallize|p1b: Palafin|Water\n|move|p1b: Palafin|Jet Punch|p2b: Iron Bundle\n|-resisted|p2b: Iron Bundle\n|-damage|p2b: Iron Bundle|0 fnt\n|faint|p2b: Iron Bundle\n|-end|p2b: Iron Bundle|Quark Drive|[silent]\n|move|p1a: Amoonguss|Spore||[still]\n|-fail|p1a: Amoonguss\n|cant|p2a: Ting-Lu|par\n|\n|upkeep\n|\n|t:|1682015683\n|switch|p2b: Grimmsnarl|Grimmsnarl, L50, M|71\/100\n|turn|8\n|\n|t:|1682015693\n|move|p1b: Palafin|Jet Punch|p2a: Ting-Lu\n|-damage|p2a: Ting-Lu|0 fnt\n|faint|p2a: Ting-Lu\n|move|p2b: Grimmsnarl|Parting Shot|p1a: Amoonguss\n|-unboost|p1a: Amoonguss|atk|1\n|-unboost|p1a: Amoonguss|spa|1\n|\n|t:|1682015694\n|switch|p2b: Ceruledge|Ceruledge, L50, M|100\/100|[from] Parting Shot\n|move|p1a: Amoonguss|Spore|p2b: Ceruledge\n|-status|p2b: Ceruledge|slp|[from] move: Spore\n|\n|upkeep\n|\n|t:|1682015701\n|switch|p2a: Grimmsnarl|Grimmsnarl, L50, M|71\/100\n|turn|9\n|\n|t:|1682015708\n|move|p1b: Palafin|Jet Punch|p2b: Ceruledge\n|-supereffective|p2b: Ceruledge\n|-damage|p2b: Ceruledge|0 fnt\n|faint|p2b: Ceruledge\n|move|p2a: Grimmsnarl|Reflect|p2a: Grimmsnarl\n|-sidestart|p2: Mewzas|Reflect\n|move|p1a: Amoonguss|Spore|p2a: Grimmsnarl\n|-status|p2a: Grimmsnarl|slp|[from] move: Spore\n|\n|upkeep\n|turn|10\n|inactive|Mewzas has 30 seconds left.\n|inactive|Mewzas has 20 seconds left.\n|inactive|Mewzas has 15 seconds left.\n|inactive|Mewzas has 10 seconds left.\n|inactive|Mewzas has 5 seconds left.\n|\n|t:|1682015763\n|move|p1b: Palafin|Jet Punch|p2a: Grimmsnarl\n|-crit|p2a: Grimmsnarl\n|-damage|p2a: Grimmsnarl|0 fnt\n|faint|p2a: Grimmsnarl\n|\n|win|TNTBlowzUp\n|raw|TNTBlowzUp's rating: 1082 → 1110<\/strong> (+28 for winning)\n|raw|Mewzas's rating: 1084 → 1061<\/strong> (-23 for losing)\n","uploadtime":1682015772,"views":12,"p1id":"tntblowzup","p2id":"mewzas","formatid":"gen9vgc2023regulationc","rating":1061,"private":0,"password":""}