{"id":"gen9vgc2023regulationc-1862979360","p1":"time to vgc","p2":"Igpvala","format":"[Gen 9] VGC 2023 Regulation C","log":"|j|\u2606time to vgc\n|j|\u2606Igpvala\n|t:|1683946958\n|gametype|doubles\n|player|p1|time to vgc|camper|1261\n|player|p2|Igpvala|hugh|1199\n|teamsize|p1|6\n|teamsize|p2|6\n|gen|9\n|tier|[Gen 9] VGC 2023 Regulation C\n|rated|\n|rule|Species Clause: Limit one of each Pok\u00e9mon\n|rule|Item Clause: Limit one of each item\n|clearpoke\n|poke|p1|Orthworm, L50, F|\n|poke|p1|Dragonite, L50, M|\n|poke|p1|Ting-Lu, L50|\n|poke|p1|Gyarados, L50, M|\n|poke|p1|Flutter Mane, L50|\n|poke|p1|Chien-Pao, L50|\n|poke|p2|Vaporeon, L50, F|\n|poke|p2|Garganacl, L50, M|\n|poke|p2|Flutter Mane, L50|\n|poke|p2|Iron Bundle, L50|\n|poke|p2|Iron Hands, L50|\n|poke|p2|Great Tusk, L50|\n|teampreview|4\nIgpvala has agreed to open team sheets.\n|inactive|Battle timer is ON: inactive players will automatically lose when time's up. (requested by Igpvala)\n|\n|t:|1683946980\n|start\n|switch|p1a: Orthworm|Orthworm, L50, F|100\/100\n|switch|p1b: Gyarados|Gyarados, L50, M|100\/100\n|switch|p2a: Iron Hands|Iron Hands, L50, shiny|100\/100\n|switch|p2b: Garganacl|Garganacl, L50, M, shiny|100\/100\n|-ability|p1b: Gyarados|Intimidate|boost\n|-unboost|p2a: Iron Hands|atk|1\n|-unboost|p2b: Garganacl|atk|1\n|turn|1\n|\n|t:|1683946999\n|switch|p1b: Flutter Mane|Flutter Mane, L50|100\/100\n|move|p2a: Iron Hands|Fake Out|p1a: Orthworm\n|-resisted|p1a: Orthworm\n|-damage|p1a: Orthworm|96\/100\n|cant|p1a: Orthworm|flinch\n|move|p2b: Garganacl|Salt Cure|p1a: Orthworm\n|-resisted|p1a: Orthworm\n|-damage|p1a: Orthworm|93\/100\n|-start|p1a: Orthworm|Salt Cure\n|\n|-damage|p1a: Orthworm|68\/100|[from] Salt Cure\n|upkeep\n|turn|2\n|inactive|Igpvala has 30 seconds left.\n|\n|t:|1683947029\n|-terastallize|p2a: Iron Hands|Grass\n|move|p1b: Flutter Mane|Moonblast|p2a: Iron Hands\n|-damage|p2a: Iron Hands|67\/100\n|move|p1a: Orthworm|Shed Tail|p1a: Orthworm\n|-start|p1a: Orthworm|Substitute|[from] move: Shed Tail\n|-damage|p1a: Orthworm|18\/100\n|-enditem|p1a: Orthworm|Sitrus Berry|[eat]\n|-heal|p1a: Orthworm|43\/100|[from] item: Sitrus Berry\n|\n|t:|1683947037\n|switch|p1a: Ting-Lu|Ting-Lu, L50|100\/100|[from] Shed Tail\n|-ability|p1a: Ting-Lu|Vessel of Ruin\n|move|p2a: Iron Hands|Wild Charge|p1b: Flutter Mane\n|-damage|p1b: Flutter Mane|40\/100\n|-damage|p2a: Iron Hands|57\/100|[from] Recoil\n|move|p2b: Garganacl|Salt Cure|p1b: Flutter Mane\n|-damage|p1b: Flutter Mane|24\/100\n|-start|p1b: Flutter Mane|Salt Cure\n|\n|-damage|p1b: Flutter Mane|12\/100|[from] Salt Cure\n|upkeep\n|turn|3\n|\n|t:|1683947056\n|-end|p1b: Flutter Mane|Protosynthesis|[silent]\n|switch|p1b: Orthworm|Orthworm, L50, F|43\/100\n|move|p1a: Ting-Lu|Earthquake|p2b: Garganacl|[spread] p2a,p2b\n|-heal|p1b: Orthworm|68\/100|[from] ability: Earth Eater|[of] p1a: Ting-Lu\n|-resisted|p2a: Iron Hands\n|-supereffective|p2b: Garganacl\n|-damage|p2a: Iron Hands|39\/100\n|-damage|p2b: Garganacl|31\/100\n|move|p2a: Iron Hands|Drain Punch|p1a: Ting-Lu\n|-supereffective|p1a: Ting-Lu\n|-end|p1a: Ting-Lu|Substitute\n|-heal|p2a: Iron Hands|49\/100|[from] drain|[of] p1a: Ting-Lu\n|move|p2b: Garganacl|Stealth Rock|p1a: Ting-Lu\n|-sidestart|p1: time to vgc|move: Stealth Rock\n|\n|upkeep\n|turn|4\n|inactive|Igpvala has 30 seconds left.\n|\n|t:|1683947081\n|move|p2b: Garganacl|Wide Guard|p2b: Garganacl\n|-singleturn|p2b: Garganacl|Wide Guard\n|move|p1a: Ting-Lu|Earthquake|p2b: Garganacl|[spread] \n|-activate|p2a: Iron Hands|move: Wide Guard\n|-activate|p2b: Garganacl|move: Wide Guard\n|-heal|p1b: Orthworm|93\/100|[from] ability: Earth Eater|[of] p1a: Ting-Lu\n|move|p1b: Orthworm|Iron Defense|p1b: Orthworm\n|-boost|p1b: Orthworm|def|2\n|move|p2a: Iron Hands|Drain Punch|p1a: Ting-Lu\n|-supereffective|p1a: Ting-Lu\n|-damage|p1a: Ting-Lu|63\/100\n|-heal|p2a: Iron Hands|67\/100|[from] drain|[of] p1a: Ting-Lu\n|\n|upkeep\n|turn|5\n|\n|t:|1683947099\n|move|p1a: Ting-Lu|Earthquake|p2a: Iron Hands|[spread] p2a,p2b\n|-heal|p1b: Orthworm|100\/100|[from] ability: Earth Eater|[of] p1a: Ting-Lu\n|-resisted|p2a: Iron Hands\n|-supereffective|p2b: Garganacl\n|-damage|p2a: Iron Hands|50\/100\n|-damage|p2b: Garganacl|0 fnt\n|faint|p2b: Garganacl\n|move|p1b: Orthworm|Iron Defense|p1b: Orthworm\n|-boost|p1b: Orthworm|def|2\n|move|p2a: Iron Hands|Close Combat|p1a: Ting-Lu\n|-supereffective|p1a: Ting-Lu\n|-damage|p1a: Ting-Lu|3\/100\n|-unboost|p2a: Iron Hands|def|1\n|-unboost|p2a: Iron Hands|spd|1\n|\n|upkeep\n|\n|t:|1683947116\n|switch|p2b: Iron Bundle|Iron Bundle, L50, shiny|100\/100\n|turn|6\n|\n|t:|1683947124\n|move|p2b: Iron Bundle|Encore|p1b: Orthworm\n|-start|p1b: Orthworm|Encore\n|move|p1a: Ting-Lu|Earthquake|p2b: Iron Bundle|[spread] p2a,p2b\n|-immune|p1b: Orthworm|[from] ability: Earth Eater\n|-resisted|p2a: Iron Hands\n|-damage|p2a: Iron Hands|25\/100\n|-damage|p2b: Iron Bundle|36\/100\n|move|p1b: Orthworm|Iron Defense|p1b: Orthworm\n|-boost|p1b: Orthworm|def|2\n|move|p2a: Iron Hands|Drain Punch|p1a: Ting-Lu\n|-supereffective|p1a: Ting-Lu\n|-damage|p1a: Ting-Lu|0 fnt\n|-heal|p2a: Iron Hands|26\/100|[from] drain|[of] p1a: Ting-Lu\n|faint|p1a: Ting-Lu\n|\n|upkeep\n|\n|t:|1683947138\n|switch|p1a: Gyarados|Gyarados, L50, M|100\/100\n|-damage|p1a: Gyarados|75\/100|[from] Stealth Rock\n|-ability|p1a: Gyarados|Intimidate|boost\n|-unboost|p2a: Iron Hands|atk|1\n|-unboost|p2b: Iron Bundle|atk|1\n|turn|7\n|\n|t:|1683947149\n|-terastallize|p1a: Gyarados|Water\n|move|p2b: Iron Bundle|Freeze-Dry|p1a: Gyarados\n|-supereffective|p1a: Gyarados\n|-damage|p1a: Gyarados|20\/100\n|move|p1a: Gyarados|Thunder Wave|p2b: Iron Bundle\n|-status|p2b: Iron Bundle|par\n|move|p1b: Orthworm|Iron Defense|p1b: Orthworm\n|-boost|p1b: Orthworm|def|0\n|move|p2a: Iron Hands|Drain Punch|p1b: Orthworm\n|-supereffective|p1b: Orthworm\n|-damage|p1b: Orthworm|90\/100\n|-heal|p2a: Iron Hands|30\/100|[from] drain|[of] p1b: Orthworm\n|\n|upkeep\n|turn|8\n|\n|t:|1683947171\n|move|p1a: Gyarados|Bulldoze|p2b: Iron Bundle|[spread] p2a,p2b\n|-heal|p1b: Orthworm|100\/100|[from] ability: Earth Eater|[of] p1a: Gyarados\n|-resisted|p2a: Iron Hands\n|-damage|p2a: Iron Hands|24\/100\n|-damage|p2b: Iron Bundle|21\/100 par\n|-unboost|p2a: Iron Hands|spe|1\n|-unboost|p2b: Iron Bundle|spe|1\n|move|p1b: Orthworm|Iron Defense|p1b: Orthworm\n|-boost|p1b: Orthworm|def|0\n|move|p2b: Iron Bundle|Icy Wind|p1b: Orthworm|[spread] p1a,p1b\n|-resisted|p1a: Gyarados\n|-resisted|p1b: Orthworm\n|-damage|p1a: Gyarados|12\/100\n|-damage|p1b: Orthworm|89\/100\n|-unboost|p1a: Gyarados|spe|1\n|-unboost|p1b: Orthworm|spe|1\n|move|p2a: Iron Hands|Wild Charge|p1a: Gyarados\n|-supereffective|p1a: Gyarados\n|-damage|p1a: Gyarados|0 fnt\n|faint|p1a: Gyarados\n|-damage|p2a: Iron Hands|21\/100|[from] Recoil\n|\n|-end|p1b: Orthworm|Encore\n|upkeep\n|\n|t:|1683947182\n|switch|p1a: Flutter Mane|Flutter Mane, L50|12\/100\n|-damage|p1a: Flutter Mane|0 fnt|[from] Stealth Rock\n|faint|p1a: Flutter Mane\n|-end|p1a: Flutter Mane|Protosynthesis|[silent]\n|turn|9\n|inactive|Igpvala has 30 seconds left.\n|inactive|Igpvala has 20 seconds left.\n|\n|t:|1683947220\n|move|p2b: Iron Bundle|Encore|p1b: Orthworm\n|-start|p1b: Orthworm|Encore\n|move|p1b: Orthworm|Iron Defense|p1b: Orthworm\n|-boost|p1b: Orthworm|def|0\n|move|p2a: Iron Hands|Drain Punch|p1b: Orthworm\n|-supereffective|p1b: Orthworm\n|-damage|p1b: Orthworm|81\/100\n|-heal|p2a: Iron Hands|25\/100|[from] drain|[of] p1b: Orthworm\n|\n|upkeep\n|turn|10\n|\n|t:|1683947233\n|move|p2b: Iron Bundle|Freeze-Dry|p1b: Orthworm\n|-resisted|p1b: Orthworm\n|-damage|p1b: Orthworm|59\/100\n|move|p1b: Orthworm|Iron Defense|p1b: Orthworm\n|-boost|p1b: Orthworm|def|0\n|move|p2a: Iron Hands|Close Combat|p1b: Orthworm\n|-supereffective|p1b: Orthworm\n|-damage|p1b: Orthworm|45\/100\n|-unboost|p2a: Iron Hands|def|1\n|-unboost|p2a: Iron Hands|spd|1\n|\n|upkeep\n|turn|11\n|\n|t:|1683947246\n|move|p2b: Iron Bundle|Freeze-Dry|p1b: Orthworm\n|-resisted|p1b: Orthworm\n|-damage|p1b: Orthworm|25\/100\n|move|p1b: Orthworm|Iron Defense|p1b: Orthworm\n|-boost|p1b: Orthworm|def|0\n|move|p2a: Iron Hands|Close Combat|p1b: Orthworm\n|-supereffective|p1b: Orthworm\n|-damage|p1b: Orthworm|10\/100\n|-unboost|p2a: Iron Hands|def|1\n|-unboost|p2a: Iron Hands|spd|1\n|\n|-end|p1b: Orthworm|Encore\n|upkeep\n|turn|12\n|\n|t:|1683947261\n|move|p2b: Iron Bundle|Freeze-Dry|p1b: Orthworm\n|-resisted|p1b: Orthworm\n|-damage|p1b: Orthworm|0 fnt\n|faint|p1b: Orthworm\n|\n|win|Igpvala\n|raw|time to vgc's rating: 1261 → 1232<\/strong> (-29 for losing)\n|raw|Igpvala's rating: 1199 → 1228<\/strong> (+29 for winning)\n","uploadtime":1683947268,"views":10,"p1id":"timetovgc","p2id":"igpvala","formatid":"gen9vgc2023regulationc","rating":1228,"private":0,"password":""}