{"id":"gen9vgc2023regulationc-1847844567","p1":"Julicitos","p2":"Quackpack728","format":"[Gen 9] VGC 2023 Regulation C","log":"|j|\u2606Julicitos\n|j|\u2606Quackpack728\n|t:|1682006629\n|gametype|doubles\n|player|p1|Julicitos|101|1105\n|player|p2|Quackpack728|2|1142\n|teamsize|p1|6\n|teamsize|p2|6\n|gen|9\n|tier|[Gen 9] VGC 2023 Regulation C\n|rated|\n|rule|Species Clause: Limit one of each Pok\u00e9mon\n|rule|Item Clause: Limit one of each item\n|clearpoke\n|poke|p1|Indeedee-F, L50, F|\n|poke|p1|Hatterene, L50, F|\n|poke|p1|Armarouge, L50, M|\n|poke|p1|Ting-Lu, L50|\n|poke|p1|Oranguru, L50, F|\n|poke|p1|Dondozo, L50, M|\n|poke|p2|Slither Wing, L50|\n|poke|p2|Gholdengo, L50|\n|poke|p2|Baxcalibur, L50, M|\n|poke|p2|Grimmsnarl, L50, M|\n|poke|p2|Kilowattrel, L50, M|\n|poke|p2|Arboliva, L50, M|\n|teampreview|4\n|inactive|Battle timer is ON: inactive players will automatically lose when time's up. (requested by Julicitos)\n|inactive|Quackpack728 has 60 seconds left.\n|\n|t:|1682006687\n|start\n|switch|p1a: Indeedee|Indeedee-F, L50, F|100\/100\n|switch|p1b: Hatterene|Hatterene, L50, F|100\/100\n|switch|p2a: Slither Wing|Slither Wing, L50|100\/100\n|switch|p2b: Gholdengo|Gholdengo, L50|100\/100\n|-fieldstart|move: Psychic Terrain|[from] ability: Psychic Surge|[of] p1a: Indeedee\n|-enditem|p1a: Indeedee|Psychic Seed\n|-boost|p1a: Indeedee|spd|1|[from] item: Psychic Seed\n|-enditem|p2a: Slither Wing|Booster Energy\n|-activate|p2a: Slither Wing|ability: Protosynthesis|[fromitem]\n|-start|p2a: Slither Wing|protosynthesisatk\n|turn|1\n|\n|t:|1682006701\n|move|p1b: Hatterene|Protect|p1b: Hatterene\n|-singleturn|p1b: Hatterene|Protect\n|move|p2b: Gholdengo|Make It Rain|p1a: Indeedee|[spread] p1a\n|-activate|p1b: Hatterene|move: Protect\n|-damage|p1a: Indeedee|54\/100\n|-unboost|p2b: Gholdengo|spa|1\n|move|p2a: Slither Wing|Leech Life|p1b: Hatterene\n|-activate|p1b: Hatterene|move: Protect\n|move|p1a: Indeedee|Trick Room|p1a: Indeedee\n|-fieldstart|move: Trick Room|[of] p1a: Indeedee\n|\n|upkeep\n|turn|2\n|inactive|Julicitos has 30 seconds left.\n|inactive|Quackpack728 has 30 seconds left.\n|inactive|Quackpack728 has 20 seconds left.\n|\n|t:|1682006736\n|switch|p2b: Grimmsnarl|Grimmsnarl, L50, M|100\/100\n|move|p1a: Indeedee|Follow Me|p1a: Indeedee\n|-singleturn|p1a: Indeedee|move: Follow Me\n|move|p1b: Hatterene|Shadow Ball|p2b: Grimmsnarl\n|-resisted|p2b: Grimmsnarl\n|-damage|p2b: Grimmsnarl|83\/100\n|-damage|p1b: Hatterene|91\/100|[from] item: Life Orb\n|move|p2a: Slither Wing|Leech Life|p1a: Indeedee\n|-supereffective|p1a: Indeedee\n|-damage|p1a: Indeedee|0 fnt\n|faint|p1a: Indeedee\n|\n|upkeep\n|\n|t:|1682006755\n|switch|p1a: Armarouge|Armarouge, L50, M|100\/100\n|turn|3\n|\n|t:|1682006778\n|-terastallize|p1b: Hatterene|Fairy\n|move|p2b: Grimmsnarl|Light Screen|p2b: Grimmsnarl\n|-sidestart|p2: Quackpack728|move: Light Screen\n|move|p1b: Hatterene|Dazzling Gleam|p2a: Slither Wing|[spread] p2a,p2b\n|-supereffective|p2a: Slither Wing\n|-supereffective|p2b: Grimmsnarl\n|-damage|p2a: Slither Wing|5\/100\n|-damage|p2b: Grimmsnarl|9\/100\n|-damage|p1b: Hatterene|81\/100|[from] item: Life Orb\n|move|p1a: Armarouge|Expanding Force|p2a: Slither Wing|[spread] p2a\n|-immune|p2b: Grimmsnarl\n|-supereffective|p2a: Slither Wing\n|-damage|p2a: Slither Wing|0 fnt\n|faint|p2a: Slither Wing\n|-end|p2a: Slither Wing|Protosynthesis|[silent]\n|\n|upkeep\n|\n|t:|1682006792\n|switch|p2a: Gholdengo|Gholdengo, L50|100\/100\n|turn|4\n|inactive|Julicitos has 30 seconds left.\n|\n|t:|1682006823\n|switch|p1b: Oranguru|Oranguru, L50, F|100\/100\n|move|p2b: Grimmsnarl|Misty Terrain|p2b: Grimmsnarl\n|-fieldstart|move: Misty Terrain\n|move|p1a: Armarouge|Aura Sphere|p2b: Grimmsnarl\n|-damage|p2b: Grimmsnarl|0 fnt\n|faint|p2b: Grimmsnarl\n|move|p2a: Gholdengo|Make It Rain|p1b: Oranguru|[spread] p1a,p1b\n|-resisted|p1a: Armarouge\n|-damage|p1a: Armarouge|60\/100\n|-damage|p1b: Oranguru|53\/100\n|-unboost|p2a: Gholdengo|spa|1\n|\n|upkeep\n|\n|t:|1682006834\n|switch|p2b: Baxcalibur|Baxcalibur, L50, M|100\/100\n|turn|5\n|\n|t:|1682006854\n|move|p1b: Oranguru|Protect|p1b: Oranguru\n|-singleturn|p1b: Oranguru|Protect\n|move|p1a: Armarouge|Aura Sphere|p2b: Baxcalibur\n|-supereffective|p2b: Baxcalibur\n|-damage|p2b: Baxcalibur|78\/100\n|move|p2b: Baxcalibur|Icicle Crash|p1b: Oranguru\n|-activate|p1b: Oranguru|move: Protect\n|move|p2a: Gholdengo|Make It Rain|p1b: Oranguru|[spread] p1a\n|-activate|p1b: Oranguru|move: Protect\n|-resisted|p1a: Armarouge\n|-damage|p1a: Armarouge|36\/100\n|-unboost|p2a: Gholdengo|spa|1\n|\n|-fieldend|move: Trick Room\n|upkeep\n|turn|6\n|inactive|Quackpack728 has 30 seconds left.\n|\n|t:|1682006880\n|move|p1a: Armarouge|Protect|p1a: Armarouge\n|-singleturn|p1a: Armarouge|Protect\n|move|p2a: Gholdengo|Make It Rain|p1b: Oranguru|[spread] p1b\n|-activate|p1a: Armarouge|move: Protect\n|-damage|p1b: Oranguru|30\/100\n|-unboost|p2a: Gholdengo|spa|1\n|move|p2b: Baxcalibur|Icicle Crash|p1b: Oranguru\n|-damage|p1b: Oranguru|0 fnt\n|faint|p1b: Oranguru\n|\n|upkeep\n|\n|t:|1682006892\n|switch|p1b: Hatterene|Hatterene, L50, F, tera:Fairy|81\/100\n|turn|7\n|\n|t:|1682006907\n|move|p1b: Hatterene|Protect|p1b: Hatterene\n|-singleturn|p1b: Hatterene|Protect\n|move|p2a: Gholdengo|Make It Rain|p1a: Armarouge|[spread] p1a\n|-activate|p1b: Hatterene|move: Protect\n|-resisted|p1a: Armarouge\n|-damage|p1a: Armarouge|20\/100\n|-unboost|p2a: Gholdengo|spa|1\n|move|p2b: Baxcalibur|Icicle Crash|p1b: Hatterene\n|-activate|p1b: Hatterene|move: Protect\n|move|p1a: Armarouge|Trick Room|p1a: Armarouge\n|-fieldstart|move: Trick Room|[of] p1a: Armarouge\n|\n|upkeep\n|turn|8\n|inactive|Julicitos has 30 seconds left.\n|\n|t:|1682006933\n|move|p2b: Baxcalibur|Ice Shard|p1b: Hatterene\n|-damage|p1b: Hatterene|52\/100\n|move|p1b: Hatterene|Dazzling Gleam|p2b: Baxcalibur|[spread] p2a,p2b\n|-resisted|p2a: Gholdengo\n|-supereffective|p2b: Baxcalibur\n|-damage|p2a: Gholdengo|77\/100\n|-damage|p2b: Baxcalibur|29\/100\n|-damage|p1b: Hatterene|42\/100|[from] item: Life Orb\n|move|p1a: Armarouge|Aura Sphere|p2b: Baxcalibur\n|-supereffective|p2b: Baxcalibur\n|-damage|p2b: Baxcalibur|5\/100\n|move|p2a: Gholdengo|Make It Rain|p1b: Hatterene|[spread] p1a,p1b\n|-resisted|p1a: Armarouge\n|-supereffective|p1b: Hatterene\n|-damage|p1a: Armarouge|7\/100\n|-damage|p1b: Hatterene|0 fnt\n|-unboost|p2a: Gholdengo|spa|1\n|faint|p1b: Hatterene\n|\n|-fieldend|Misty Terrain\n|upkeep\n|turn|9\n|inactive|Julicitos has 30 seconds left.\n|\n|t:|1682006958\n|move|p2b: Baxcalibur|Ice Shard|p1a: Armarouge\n|-resisted|p1a: Armarouge\n|-damage|p1a: Armarouge|0 fnt\n|faint|p1a: Armarouge\n|\n|win|Quackpack728\n|raw|Julicitos's rating: 1105 → 1083<\/strong> (-22 for losing)\n|raw|Quackpack728's rating: 1142 → 1164<\/strong> (+22 for winning)\n|l|\u2606Julicitos\n","uploadtime":1682006972,"views":13,"p1id":"julicitos","p2id":"quackpack728","formatid":"gen9vgc2023regulationc","rating":1083,"private":0,"password":""}