{"id":"gen9vgc2023regulationc-1862489630","p1":"Lunarizer","p2":"Deadhead Omega 2","format":"[Gen 9] VGC 2023 Regulation C","log":"|j|\u2606Lunarizer\n|j|\u2606Deadhead Omega 2\n|t:|1683893511\n|gametype|doubles\n|player|p1|Lunarizer|iris-gen5bw2|1460\n|player|p2|Deadhead Omega 2|veteran-gen4|1363\n|teamsize|p1|6\n|teamsize|p2|6\n|gen|9\n|tier|[Gen 9] VGC 2023 Regulation C\n|rated|\n|rule|Species Clause: Limit one of each Pok\u00e9mon\n|rule|Item Clause: Limit one of each item\n|clearpoke\n|poke|p1|Dondozo, L50, F|\n|poke|p1|Tatsugiri, L50, M|\n|poke|p1|Chi-Yu, L50|\n|poke|p1|Iron Bundle, L50|\n|poke|p1|Glimmora, L50, F|\n|poke|p1|Dragonite, L50, F|\n|poke|p2|Iron Bundle, L50|\n|poke|p2|Abomasnow, L50, M|\n|poke|p2|Chi-Yu, L50|\n|poke|p2|Flutter Mane, L50|\n|poke|p2|Dragonite, L50, F|\n|poke|p2|Kingambit, L50, F|\n|teampreview|4\nLunarizer has agreed to open team sheets.\n|\n|t:|1683893582\n|start\n|switch|p1a: Glimmora|Glimmora, L50, F|100\/100\n|switch|p1b: Iron Bundle|Iron Bundle, L50|100\/100\n|switch|p2a: Iron Bundle|Iron Bundle, L50|100\/100\n|switch|p2b: Abomasnow|Abomasnow, L50, M|100\/100\n|-weather|Snow|[from] ability: Snow Warning|[of] p2b: Abomasnow\n|-enditem|p1b: Iron Bundle|Booster Energy\n|-activate|p1b: Iron Bundle|ability: Quark Drive|[fromitem]\n|-start|p1b: Iron Bundle|quarkdrivespe\n|turn|1\n|\n|t:|1683893600\n|-end|p2a: Iron Bundle|Quark Drive|[silent]\n|switch|p2a: Kingambit|Kingambit, L50, F|100\/100\n|move|p1b: Iron Bundle|Freeze-Dry|p2b: Abomasnow\n|-damage|p2b: Abomasnow|62\/100\n|move|p1a: Glimmora|Power Gem|p2a: Kingambit\n|-resisted|p2a: Kingambit\n|-damage|p2a: Kingambit|82\/100\n|move|p2b: Abomasnow|Aurora Veil|p2b: Abomasnow\n|-sidestart|p2: Deadhead Omega 2|move: Aurora Veil\n|\n|-weather|Snow|[upkeep]\n|upkeep\n|turn|2\n|\n|t:|1683893641\n|move|p1b: Iron Bundle|Freeze-Dry|p2b: Abomasnow\n|-crit|p2b: Abomasnow\n|-damage|p2b: Abomasnow|5\/100\n|move|p1a: Glimmora|Sludge Bomb|p2b: Abomasnow\n|-supereffective|p2b: Abomasnow\n|-damage|p2b: Abomasnow|0 fnt\n|faint|p2b: Abomasnow\n|move|p2a: Kingambit|Swords Dance|p2a: Kingambit\n|-boost|p2a: Kingambit|atk|2\n|\n|-weather|Snow|[upkeep]\n|upkeep\n|\n|t:|1683893657\n|switch|p2b: Iron Bundle|Iron Bundle, L50|100\/100\n|turn|3\n|\n|t:|1683893684\n|-terastallize|p2b: Iron Bundle|Ice\n|move|p1b: Iron Bundle|Freeze-Dry|p2b: Iron Bundle\n|-resisted|p2b: Iron Bundle\n|-damage|p2b: Iron Bundle|76\/100\n|move|p2b: Iron Bundle|Freeze-Dry|p1b: Iron Bundle\n|-damage|p1b: Iron Bundle|0 fnt\n|faint|p1b: Iron Bundle\n|-end|p1b: Iron Bundle|Quark Drive|[silent]\n|move|p1a: Glimmora|Power Gem|p2b: Iron Bundle\n|-supereffective|p2b: Iron Bundle\n|-damage|p2b: Iron Bundle|0 fnt\n|faint|p2b: Iron Bundle\n|-end|p2b: Iron Bundle|Quark Drive|[silent]\n|move|p2a: Kingambit|Kowtow Cleave|p1a: Glimmora\n|-damage|p1a: Glimmora|18\/100\n|-activate|p1a: Glimmora|ability: Toxic Debris\n|-sidestart|p2: Deadhead Omega 2|move: Toxic Spikes\n|\n|-weather|Snow|[upkeep]\n|upkeep\n|\n|t:|1683893699\n|switch|p1b: Chi-Yu|Chi-Yu, L50|100\/100\n|switch|p2b: Dragonite|Dragonite, L50, F|100\/100\n|-ability|p1b: Chi-Yu|Beads of Ruin\n|turn|4\n|\n|t:|1683893727\n|move|p1b: Chi-Yu|Protect|p1b: Chi-Yu\n|-singleturn|p1b: Chi-Yu|Protect\n|move|p2b: Dragonite|Extreme Speed|p1a: Glimmora\n|-resisted|p1a: Glimmora\n|-damage|p1a: Glimmora|7\/100\n|-activate|p1a: Glimmora|ability: Toxic Debris\n|-sidestart|p2: Deadhead Omega 2|move: Toxic Spikes\n|move|p2a: Kingambit|Sucker Punch||[still]\n|-fail|p2a: Kingambit\n|move|p1a: Glimmora|Power Gem|p2b: Dragonite\n|-supereffective|p2b: Dragonite\n|-damage|p2b: Dragonite|77\/100\n|\n|-weather|Snow|[upkeep]\n|upkeep\n|turn|5\n|j| THUNDERSND77\n|\n|t:|1683893751\n|switch|p1b: Dragonite|Dragonite, L50, F|100\/100\n|move|p2a: Kingambit|Protect|p2a: Kingambit\n|-singleturn|p2a: Kingambit|Protect\n|move|p2b: Dragonite|Stomping Tantrum|p1b: Dragonite\n|-immune|p1b: Dragonite\n|move|p1a: Glimmora|Power Gem|p2b: Dragonite\n|-supereffective|p2b: Dragonite\n|-damage|p2b: Dragonite|44\/100\n|\n|-weather|none\n|-sideend|p2: Deadhead Omega 2|move: Aurora Veil\n|upkeep\n|turn|6\n|\n|t:|1683893765\n|move|p2b: Dragonite|Extreme Speed|p1a: Glimmora\n|-resisted|p1a: Glimmora\n|-damage|p1a: Glimmora|0 fnt\n|faint|p1a: Glimmora\n|move|p1b: Dragonite|Dragon Dance|p1b: Dragonite\n|-boost|p1b: Dragonite|atk|1\n|-boost|p1b: Dragonite|spe|1\n|move|p2a: Kingambit|Kowtow Cleave|p1b: Dragonite\n|-damage|p1b: Dragonite|54\/100\n|\n|upkeep\n|\n|t:|1683893768\n|switch|p1a: Chi-Yu|Chi-Yu, L50|100\/100\n|-ability|p1a: Chi-Yu|Beads of Ruin\n|turn|7\n|\n|t:|1683893804\n|move|p1a: Chi-Yu|Protect|p1a: Chi-Yu\n|-singleturn|p1a: Chi-Yu|Protect\n|move|p1b: Dragonite|Extreme Speed|p2b: Dragonite\n|-damage|p2b: Dragonite|0 fnt\n|faint|p2b: Dragonite\n|move|p2a: Kingambit|Sucker Punch||[still]\n|-fail|p2a: Kingambit\n|\n|upkeep\n|turn|8\n|\n|t:|1683893821\n|-terastallize|p1b: Dragonite|Flying\n|move|p2a: Kingambit|Sucker Punch|p1a: Chi-Yu\n|-resisted|p1a: Chi-Yu\n|-damage|p1a: Chi-Yu|46\/100\n|move|p1b: Dragonite|Tera Blast|p2a: Kingambit\n|-resisted|p2a: Kingambit\n|-damage|p2a: Kingambit|45\/100\n|move|p1a: Chi-Yu|Heat Wave|p2a: Kingambit\n|-supereffective|p2a: Kingambit\n|-damage|p2a: Kingambit|0 fnt\n|faint|p2a: Kingambit\n|\n|win|Lunarizer\n|raw|Lunarizer's rating: 1460 → 1475<\/strong> (+15 for winning)\n|raw|Deadhead Omega 2's rating: 1363 → 1348<\/strong> (-15 for losing)\n|l|\u2606Deadhead Omega 2\n","uploadtime":1683893833,"views":17,"p1id":"lunarizer","p2id":"deadheadomega2","formatid":"gen9vgc2023regulationc","rating":1348,"private":0,"password":""}