{"id":"gen9vgc2023regulationc-1858775266","p1":"Realutd","p2":"ascore3","format":"[Gen 9] VGC 2023 Regulation C","log":"|j|\u2606Realutd\n|j|\u2606ascore3\n|t:|1683358607\n|gametype|doubles\n|player|p1|Realutd|cynthia-gen4|1113\n|player|p2|ascore3|170|1143\n|teamsize|p1|6\n|teamsize|p2|6\n|gen|9\n|tier|[Gen 9] VGC 2023 Regulation C\n|rated|\n|rule|Species Clause: Limit one of each Pok\u00e9mon\n|rule|Item Clause: Limit one of each item\n|clearpoke\n|poke|p1|Iron Bundle, L50|\n|poke|p1|Chi-Yu, L50|\n|poke|p1|Abomasnow, L50, M|\n|poke|p1|Maushold-Four, L50|\n|poke|p1|Tatsugiri, L50, F|\n|poke|p1|Dondozo, L50, M|\n|poke|p2|Torkoal, L50, M|\n|poke|p2|Chi-Yu, L50|\n|poke|p2|Bronzong, L50|\n|poke|p2|Gastrodon, L50, F|\n|poke|p2|Grimmsnarl, L50, M|\n|poke|p2|Skeledirge, L50, M|\n|teampreview|4\n|inactive|Battle timer is ON: inactive players will automatically lose when time's up. (requested by ascore3)\n|\n|t:|1683358648\n|start\n|switch|p1a: Iron Bundle|Iron Bundle, L50|100\/100\n|switch|p1b: Chi-Yu|Chi-Yu, L50|100\/100\n|switch|p2a: Grimmsnarl|Grimmsnarl, L50, M|100\/100\n|switch|p2b: Bronzong|Bronzong, L50|100\/100\n|-ability|p1b: Chi-Yu|Beads of Ruin\n|-enditem|p1a: Iron Bundle|Booster Energy\n|-activate|p1a: Iron Bundle|ability: Quark Drive|[fromitem]\n|-start|p1a: Iron Bundle|quarkdrivespe\n|turn|1\n|inactive|Realutd has 30 seconds left.\n|inactive|Realutd has 20 seconds left.\n|inactive|Realutd has 15 seconds left.\n|\n|t:|1683358689\n|move|p2a: Grimmsnarl|Fake Out|p1b: Chi-Yu\n|-crit|p1b: Chi-Yu\n|-damage|p1b: Chi-Yu|77\/100\n|move|p1a: Iron Bundle|Hydro Pump|p2b: Bronzong\n|-damage|p2b: Bronzong|37\/100\n|cant|p1b: Chi-Yu|flinch\n|move|p2b: Bronzong|Trick Room|p2b: Bronzong\n|-fieldstart|move: Trick Room|[of] p2b: Bronzong\n|\n|upkeep\n|turn|2\n|\n|t:|1683358709\n|switch|p1b: Dondozo|Dondozo, L50, M|100\/100\n|move|p1a: Iron Bundle|Protect|p1a: Iron Bundle\n|-singleturn|p1a: Iron Bundle|Protect\n|move|p2a: Grimmsnarl|Sucker Punch||[still]\n|-fail|p2a: Grimmsnarl\n|move|p2b: Bronzong|Body Press|p1b: Dondozo\n|-damage|p1b: Dondozo|82\/100\n|\n|-heal|p1b: Dondozo|89\/100|[from] item: Leftovers\n|upkeep\n|turn|3\n|\n|t:|1683358729\n|-end|p1a: Iron Bundle|Quark Drive|[silent]\n|switch|p1a: Abomasnow|Abomasnow, L50, M|100\/100\n|-weather|Snow|[from] ability: Snow Warning|[of] p1a: Abomasnow\n|move|p2a: Grimmsnarl|Trick|p1b: Dondozo\n|-activate|p2a: Grimmsnarl|move: Trick|[of] p1b: Dondozo\n|-item|p1b: Dondozo|Lagging Tail|[from] move: Trick\n|-item|p2a: Grimmsnarl|Leftovers|[from] move: Trick\n|move|p2b: Bronzong|Body Press|p1a: Abomasnow\n|-supereffective|p1a: Abomasnow\n|-damage|p1a: Abomasnow|64\/100\n|-damage|p2b: Bronzong|21\/100|[from] item: Rocky Helmet|[of] p1a: Abomasnow\n|move|p1b: Dondozo|Substitute|p1b: Dondozo\n|-start|p1b: Dondozo|Substitute\n|-damage|p1b: Dondozo|64\/100\n|\n|-weather|Snow|[upkeep]\n|upkeep\n|turn|4\n|\n|t:|1683358752\n|move|p2b: Bronzong|Iron Head|p1a: Abomasnow\n|-supereffective|p1a: Abomasnow\n|-damage|p1a: Abomasnow|32\/100\n|-damage|p2b: Bronzong|5\/100|[from] item: Rocky Helmet|[of] p1a: Abomasnow\n|move|p2a: Grimmsnarl|Spirit Break|p1a: Abomasnow\n|-damage|p1a: Abomasnow|7\/100\n|-unboost|p1a: Abomasnow|spa|1\n|-damage|p2a: Grimmsnarl|84\/100|[from] item: Rocky Helmet|[of] p1a: Abomasnow\n|cant|p1a: Abomasnow|flinch\n|move|p1b: Dondozo|Yawn|p2a: Grimmsnarl\n|-start|p2a: Grimmsnarl|move: Yawn|[of] p1b: Dondozo\n|\n|-weather|Snow|[upkeep]\n|-heal|p2a: Grimmsnarl|90\/100|[from] item: Leftovers\n|upkeep\n|turn|5\n|inactive|Realutd has 30 seconds left.\n|\n|t:|1683358782\n|switch|p2a: Gastrodon|Gastrodon, L50, F|100\/100\n|move|p2b: Bronzong|Body Press|p1a: Abomasnow\n|-supereffective|p1a: Abomasnow\n|-damage|p1a: Abomasnow|0 fnt\n|-damage|p2b: Bronzong|0 fnt|[from] item: Rocky Helmet|[of] p1a: Abomasnow\n|faint|p1a: Abomasnow\n|faint|p2b: Bronzong\n|move|p1b: Dondozo|Yawn|p2a: Gastrodon\n|-start|p2a: Gastrodon|move: Yawn|[of] p1b: Dondozo\n|\n|-weather|Snow|[upkeep]\n|-fieldend|move: Trick Room\n|upkeep\n|inactive|ascore3 has 30 seconds left.\n|\n|t:|1683358808\n|switch|p1a: Iron Bundle|Iron Bundle, L50|100\/100\n|switch|p2b: Grimmsnarl|Grimmsnarl, L50, M|90\/100\n|turn|6\n|\n|t:|1683358817\n|switch|p2a: Skeledirge|Skeledirge, L50, M|100\/100\n|move|p1a: Iron Bundle|Protect|p1a: Iron Bundle\n|-singleturn|p1a: Iron Bundle|Protect\n|move|p2b: Grimmsnarl|Spirit Break|p1a: Iron Bundle\n|-activate|p1a: Iron Bundle|move: Protect\n|move|p1b: Dondozo|Yawn|p2b: Grimmsnarl\n|-start|p2b: Grimmsnarl|move: Yawn|[of] p1b: Dondozo\n|\n|-weather|Snow|[upkeep]\n|-heal|p2b: Grimmsnarl|96\/100|[from] item: Leftovers\n|upkeep\n|turn|7\n|inactive|ascore3 has 30 seconds left.\n|\n|t:|1683358848\n|-end|p1a: Iron Bundle|Quark Drive|[silent]\n|switch|p1a: Chi-Yu|Chi-Yu, L50|77\/100\n|-ability|p1a: Chi-Yu|Beads of Ruin\n|switch|p2b: Gastrodon|Gastrodon, L50, F|100\/100\n|move|p2a: Skeledirge|Torch Song|p1a: Chi-Yu\n|-resisted|p1a: Chi-Yu\n|-damage|p1a: Chi-Yu|59\/100\n|-boost|p2a: Skeledirge|spa|1\n|move|p1b: Dondozo|Yawn|p2a: Skeledirge\n|-start|p2a: Skeledirge|move: Yawn|[of] p1b: Dondozo\n|\n|-weather|none\n|upkeep\n|turn|8\n|inactive|Realutd has 30 seconds left.\n|\n|t:|1683358874\n|switch|p2a: Grimmsnarl|Grimmsnarl, L50, M|96\/100\n|-terastallize|p1a: Chi-Yu|Water\n|move|p2b: Gastrodon|Protect|p2b: Gastrodon\n|-singleturn|p2b: Gastrodon|Protect\n|move|p1a: Chi-Yu|Nasty Plot|p1a: Chi-Yu\n|-boost|p1a: Chi-Yu|spa|2\n|move|p1b: Dondozo|Yawn|p2b: Gastrodon\n|-activate|p2b: Gastrodon|move: Protect\n|\n|-heal|p2a: Grimmsnarl|100\/100|[from] item: Leftovers\n|upkeep\n|turn|9\n|\n|t:|1683358894\n|switch|p2b: Skeledirge|Skeledirge, L50, M|100\/100\n|move|p1a: Chi-Yu|Protect|p1a: Chi-Yu\n|-singleturn|p1a: Chi-Yu|Protect\n|move|p2a: Grimmsnarl|Sucker Punch||[still]\n|-fail|p2a: Grimmsnarl\n|move|p1b: Dondozo|Yawn|p2b: Skeledirge\n|-start|p2b: Skeledirge|move: Yawn|[of] p1b: Dondozo\n|\n|upkeep\n|turn|10\n|\n|t:|1683358908\n|switch|p2b: Gastrodon|Gastrodon, L50, F|100\/100\n|move|p1a: Chi-Yu|Nasty Plot|p1a: Chi-Yu\n|-boost|p1a: Chi-Yu|spa|2\n|move|p2a: Grimmsnarl|Spirit Break|p1a: Chi-Yu\n|-crit|p1a: Chi-Yu\n|-damage|p1a: Chi-Yu|0 fnt\n|faint|p1a: Chi-Yu\n|move|p1b: Dondozo|Yawn|p2a: Grimmsnarl\n|-start|p2a: Grimmsnarl|move: Yawn|[of] p1b: Dondozo\n|\n|upkeep\n|\n|t:|1683358921\n|switch|p1a: Iron Bundle|Iron Bundle, L50|100\/100\n|turn|11\n|\n|t:|1683358933\n|switch|p2a: Skeledirge|Skeledirge, L50, M|100\/100\n|move|p2b: Gastrodon|Protect|p2b: Gastrodon\n|-singleturn|p2b: Gastrodon|Protect\n|move|p1a: Iron Bundle|Freeze-Dry|p2b: Gastrodon\n|-activate|p2b: Gastrodon|move: Protect\n|move|p1b: Dondozo|Yawn|p2b: Gastrodon\n|-activate|p2b: Gastrodon|move: Protect\n|\n|upkeep\n|turn|12\n|inactive|Realutd has 30 seconds left.\n|\n|t:|1683358959\n|switch|p2b: Grimmsnarl|Grimmsnarl, L50, M|100\/100\n|move|p1a: Iron Bundle|Protect|p1a: Iron Bundle\n|-singleturn|p1a: Iron Bundle|Protect\n|move|p2a: Skeledirge|Torch Song|p1a: Iron Bundle\n|-activate|p1a: Iron Bundle|move: Protect\n|move|p1b: Dondozo|Yawn|p2b: Grimmsnarl\n|-start|p2b: Grimmsnarl|move: Yawn|[of] p1b: Dondozo\n|\n|upkeep\n|turn|13\n|inactive|ascore3 has 30 seconds left.\n|\n|t:|1683358993\n|switch|p2a: Gastrodon|Gastrodon, L50, F|100\/100\n|move|p1a: Iron Bundle|Freeze-Dry|p2a: Gastrodon\n|-supereffective|p2a: Gastrodon\n|-damage|p2a: Gastrodon|0 fnt\n|faint|p2a: Gastrodon\n|move|p2b: Grimmsnarl|Spirit Break|p1a: Iron Bundle\n|-damage|p1a: Iron Bundle|55\/100\n|-unboost|p1a: Iron Bundle|spa|1\n|move|p1b: Dondozo|Yawn||[still]\n|-fail|p1b: Dondozo\n|\n|-end|p2b: Grimmsnarl|move: Yawn|[silent]\n|-status|p2b: Grimmsnarl|slp\n|upkeep\n|\n|t:|1683358998\n|switch|p2a: Skeledirge|Skeledirge, L50, M|100\/100\n|turn|14\n|\n|t:|1683359012\n|move|p1a: Iron Bundle|Protect|p1a: Iron Bundle\n|-singleturn|p1a: Iron Bundle|Protect\n|move|p2a: Skeledirge|Protect|p2a: Skeledirge\n|-singleturn|p2a: Skeledirge|Protect\n|cant|p2b: Grimmsnarl|slp\n|move|p1b: Dondozo|Wave Crash|p2a: Skeledirge\n|-activate|p2a: Skeledirge|move: Protect\n|\n|upkeep\n|turn|15\n|\n|t:|1683359028\n|-terastallize|p2a: Skeledirge|Fairy\n|move|p1a: Iron Bundle|Hydro Pump|p2a: Skeledirge\n|-damage|p2a: Skeledirge|60\/100\n|move|p2a: Skeledirge|Torch Song|p1a: Iron Bundle\n|-damage|p1a: Iron Bundle|0 fnt\n|-boost|p2a: Skeledirge|spa|1\n|faint|p1a: Iron Bundle\n|-end|p1a: Iron Bundle|Quark Drive|[silent]\n|cant|p2b: Grimmsnarl|slp\n|move|p1b: Dondozo|Wave Crash|p2a: Skeledirge\n|-damage|p2a: Skeledirge|20\/100\n|-damage|p1b: Dondozo|52\/100|[from] Recoil\n|\n|-heal|p2a: Skeledirge|26\/100|[from] item: Leftovers\n|upkeep\n|turn|16\n|\n|t:|1683359049\n|move|p2a: Skeledirge|Protect|p2a: Skeledirge\n|-singleturn|p2a: Skeledirge|Protect\n|-curestatus|p2b: Grimmsnarl|slp|[msg]\n|move|p2b: Grimmsnarl|Spirit Break|p1b: Dondozo\n|-end|p1b: Dondozo|Substitute\n|move|p1b: Dondozo|Wave Crash|p2a: Skeledirge\n|-activate|p2a: Skeledirge|move: Protect\n|\n|-heal|p2a: Skeledirge|32\/100|[from] item: Leftovers\n|upkeep\n|turn|17\n|\n|t:|1683359062\n|move|p2a: Skeledirge|Tera Blast|p1b: Dondozo\n|-damage|p1b: Dondozo|17\/100\n|move|p2b: Grimmsnarl|Spirit Break|p1b: Dondozo\n|-damage|p1b: Dondozo|0 fnt\n|faint|p1b: Dondozo\n|\n|win|ascore3\n|raw|Realutd's rating: 1113 → 1090<\/strong> (-23 for losing)\n|raw|ascore3's rating: 1143 → 1166<\/strong> (+23 for winning)\n","uploadtime":1683359066,"views":11,"p1id":"realutd","p2id":"ascore3","formatid":"gen9vgc2023regulationc","rating":1090,"private":0,"password":""}