{"id":"gen9vgc2023regulationc-1853269834","p1":"Gholdjunge","p2":"antolin19","format":"[Gen 9] VGC 2023 Regulation C","log":"|j|\u203dGholdjunge\n|j|\u2606antolin19\n|t:|1682658179\n|gametype|doubles\n|player|p1|Gholdjunge|youngster-gen2|1501\n|player|p2|antolin19|1|1451\n|teamsize|p1|6\n|teamsize|p2|6\n|gen|9\n|tier|[Gen 9] VGC 2023 Regulation C\n|rated|\n|rule|Species Clause: Limit one of each Pok\u00e9mon\n|rule|Item Clause: Limit one of each item\n|clearpoke\n|poke|p1|Azumarill, L50, M|\n|poke|p1|Pelipper, L50, M|\n|poke|p1|Chien-Pao, L50|\n|poke|p1|Amoonguss, L50, F|\n|poke|p1|Iron Hands, L50|\n|poke|p1|Flutter Mane, L50|\n|poke|p2|Iron Bundle, L50|\n|poke|p2|Arcanine, L50, F|\n|poke|p2|Amoonguss, L50, M|\n|poke|p2|Gyarados, L50, F|\n|poke|p2|Flutter Mane, L50|\n|poke|p2|Ting-Lu, L50|\n|teampreview|4\n|inactive|Battle timer is ON: inactive players will automatically lose when time's up. (requested by antolin19)\n|l|\u203dGholdjunge\n|inactive|Gholdjunge disconnected and has a minute to reconnect!\n|player|p1|\n|j|\u203dGholdjunge\n|inactive|Gholdjunge reconnected and has 65 seconds left.\n|player|p1|Gholdjunge|youngster-gen2\n|inactive|Gholdjunge has 60 seconds left.\n|inactive|Gholdjunge has 30 seconds left.\n|j| A CHIP IRL\n|inactive|Gholdjunge has 20 seconds left.\n|inactive|Gholdjunge has 15 seconds left.\n|inactive|Gholdjunge has 10 seconds left.\n|inactive|Gholdjunge has 5 seconds left.\n|\n|t:|1682658267\n|start\n|switch|p1a: Flutter Mane|Flutter Mane, L50|100\/100\n|switch|p1b: Azumarill|Azumarill, L50, M|100\/100\n|switch|p2a: Iron Bundle|Iron Bundle, L50|100\/100\n|switch|p2b: Flutter Mane|Flutter Mane, L50|100\/100\n|-enditem|p2a: Iron Bundle|Booster Energy\n|-activate|p2a: Iron Bundle|ability: Quark Drive|[fromitem]\n|-start|p2a: Iron Bundle|quarkdrivespe\n|turn|1\n|inactive|Gholdjunge has 30 seconds left.\n|inactive|Gholdjunge has 20 seconds left.\n|inactive|antolin19 has 30 seconds left.\n|inactive|Gholdjunge has 15 seconds left.\n|l| A CHIP IRL\n|\n|t:|1682658311\n|-end|p1a: Flutter Mane|Protosynthesis|[silent]\n|switch|p1a: Pelipper|Pelipper, L50, M|100\/100\n|-weather|RainDance|[from] ability: Drizzle|[of] p1a: Pelipper\n|move|p2a: Iron Bundle|Icy Wind|p1b: Azumarill|[spread] p1a,p1b\n|-resisted|p1b: Azumarill\n|-damage|p1a: Pelipper|78\/100\n|-damage|p1b: Azumarill|89\/100\n|-unboost|p1a: Pelipper|spe|1\n|-unboost|p1b: Azumarill|spe|1\n|move|p2b: Flutter Mane|Shadow Ball|p1a: Pelipper\n|-damage|p1a: Pelipper|33\/100\n|-enditem|p1a: Pelipper|Sitrus Berry|[eat]\n|-heal|p1a: Pelipper|58\/100|[from] item: Sitrus Berry\n|move|p1b: Azumarill|Liquidation|p2b: Flutter Mane\n|-enditem|p2b: Flutter Mane|Focus Sash\n|-damage|p2b: Flutter Mane|1\/100\n|\n|-weather|RainDance|[upkeep]\n|upkeep\n|turn|2\n|inactive|Gholdjunge has 30 seconds left.\n|inactive|antolin19 has 30 seconds left.\n|\n|t:|1682658338\n|-end|p2b: Flutter Mane|Protosynthesis|[silent]\n|switch|p2b: Gyarados|Gyarados, L50, F|100\/100\n|-ability|p2b: Gyarados|Intimidate|boost\n|-unboost|p1a: Pelipper|atk|1\n|-unboost|p1b: Azumarill|atk|1\n|-terastallize|p1a: Pelipper|Steel\n|move|p1b: Azumarill|Aqua Jet|p2b: Gyarados\n|-resisted|p2b: Gyarados\n|-damage|p2b: Gyarados|85\/100\n|move|p2a: Iron Bundle|Freeze-Dry|p1a: Pelipper\n|-resisted|p1a: Pelipper\n|-damage|p1a: Pelipper|37\/100\n|move|p1a: Pelipper|Hurricane|p2a: Iron Bundle\n|-damage|p2a: Iron Bundle|20\/100\n|\n|-weather|RainDance|[upkeep]\n|upkeep\n|turn|3\n|j| THUNDERSND77\n|inactive|Gholdjunge has 30 seconds left.\n|inactive|Gholdjunge has 20 seconds left.\n|inactive|antolin19 has 30 seconds left.\n|\n|t:|1682658379\n|move|p1a: Pelipper|Helping Hand|p1b: Azumarill\n|-singleturn|p1b: Azumarill|Helping Hand|[of] p1a: Pelipper\n|move|p2a: Iron Bundle|Protect|p2a: Iron Bundle\n|-singleturn|p2a: Iron Bundle|Protect\n|move|p1b: Azumarill|Aqua Jet|p2a: Iron Bundle\n|-activate|p2a: Iron Bundle|move: Protect\n|move|p2b: Gyarados|Dragon Dance|p2b: Gyarados\n|-boost|p2b: Gyarados|atk|1\n|-boost|p2b: Gyarados|spe|1\n|\n|-weather|RainDance|[upkeep]\n|upkeep\n|turn|4\n|inactive|Gholdjunge has 30 seconds left.\n|\n|t:|1682658410\n|-end|p2a: Iron Bundle|Quark Drive|[silent]\n|switch|p2a: Amoonguss|Amoonguss, L50, M|100\/100\n|move|p1a: Pelipper|Helping Hand|p1b: Azumarill\n|-singleturn|p1b: Azumarill|Helping Hand|[of] p1a: Pelipper\n|move|p1b: Azumarill|Aqua Jet|p2a: Amoonguss\n|-resisted|p2a: Amoonguss\n|-damage|p2a: Amoonguss|85\/100\n|-damage|p1b: Azumarill|73\/100|[from] item: Rocky Helmet|[of] p2a: Amoonguss\n|move|p2b: Gyarados|Waterfall|p1a: Pelipper\n|-damage|p1a: Pelipper|0 fnt\n|faint|p1a: Pelipper\n|\n|-weather|RainDance|[upkeep]\n|upkeep\n|j| A CHIP IRL\n|\n|t:|1682658416\n|switch|p1a: Iron Hands|Iron Hands, L50|100\/100\n|turn|5\n|\n|t:|1682658428\n|move|p2b: Gyarados|Protect|p2b: Gyarados\n|-singleturn|p2b: Gyarados|Protect\n|move|p1b: Azumarill|Protect|p1b: Azumarill\n|-singleturn|p1b: Azumarill|Protect\n|move|p1a: Iron Hands|Wild Charge|p2b: Gyarados\n|-activate|p2b: Gyarados|move: Protect\n|move|p2a: Amoonguss|Spore|p1a: Iron Hands\n|-activate|p1a: Iron Hands|item: Safety Goggles|Spore\n|\n|-weather|none\n|upkeep\n|turn|6\n|\n|t:|1682658450\n|-terastallize|p2b: Gyarados|Flying\n|move|p2b: Gyarados|Waterfall|p1a: Iron Hands\n|-damage|p1a: Iron Hands|56\/100\n|cant|p1a: Iron Hands|flinch\n|move|p1b: Azumarill|Play Rough|p2b: Gyarados\n|-damage|p2b: Gyarados|40\/100\n|-enditem|p2b: Gyarados|Sitrus Berry|[eat]\n|-heal|p2b: Gyarados|65\/100|[from] item: Sitrus Berry\n|move|p2a: Amoonguss|Pollen Puff|p2b: Gyarados\n|-heal|p2b: Gyarados|100\/100\n|\n|upkeep\n|turn|7\n|inactive|Gholdjunge has 30 seconds left.\n|inactive|Gholdjunge has 20 seconds left.\n|inactive|Gholdjunge has 15 seconds left.\n|\n|t:|1682658490\n|switch|p1b: Flutter Mane|Flutter Mane, L50|100\/100\n|move|p2b: Gyarados|Protect|p2b: Gyarados\n|-singleturn|p2b: Gyarados|Protect\n|move|p1a: Iron Hands|Swords Dance|p1a: Iron Hands\n|-boost|p1a: Iron Hands|atk|2\n|move|p2a: Amoonguss|Clear Smog|p1a: Iron Hands\n|-damage|p1a: Iron Hands|42\/100\n|-clearboost|p1a: Iron Hands\n|\n|upkeep\n|turn|8\n|inactive|antolin19 has 30 seconds left.\n|\n|t:|1682658523\n|-end|p1a: Iron Hands|Quark Drive|[silent]\n|switch|p1a: Azumarill|Azumarill, L50, M|73\/100\n|move|p1b: Flutter Mane|Thunder|p2b: Gyarados|[miss]\n|-miss|p1b: Flutter Mane|p2b: Gyarados\n|move|p2b: Gyarados|Waterfall|p1a: Azumarill\n|-resisted|p1a: Azumarill\n|-damage|p1a: Azumarill|35\/100\n|move|p2a: Amoonguss|Clear Smog|p1b: Flutter Mane\n|-damage|p1b: Flutter Mane|86\/100\n|-clearboost|p1b: Flutter Mane\n|\n|upkeep\n|turn|9\n|inactive|Gholdjunge has 30 seconds left.\n|-message|Gholdjunge forfeited.\n|\n|win|antolin19\n|raw|Gholdjunge's rating: 1501 → 1478<\/strong> (-23 for losing)\n|raw|antolin19's rating: 1451 → 1474<\/strong> (+23 for winning)\n|l|\u2606antolin19\n","uploadtime":1682658557,"views":9,"p1id":"gholdjunge","p2id":"antolin19","formatid":"gen9vgc2023regulationc","rating":1474,"private":0,"password":""}