{"id":"gen9vgc2023regulationc-1855159621","p1":"Dymosin","p2":"Leogamemaster","format":"[Gen 9] VGC 2023 Regulation C","log":"|j|\u2606Dymosin\n|j|\u2606Leogamemaster\n|t:|1682908614\n|gametype|doubles\n|player|p1|Dymosin|volkner|1097\n|player|p2|Leogamemaster|102|1103\n|teamsize|p1|6\n|teamsize|p2|6\n|gen|9\n|tier|[Gen 9] VGC 2023 Regulation C\n|rated|\n|rule|Species Clause: Limit one of each Pok\u00e9mon\n|rule|Item Clause: Limit one of each item\n|clearpoke\n|poke|p1|Great Tusk, L50|\n|poke|p1|Armarouge, L50, M|\n|poke|p1|Annihilape, L50, F|\n|poke|p1|Talonflame, L50, F|\n|poke|p1|Chien-Pao, L50|\n|poke|p1|Bellibolt, L50, F|\n|poke|p2|Coalossal, L50, M|\n|poke|p2|Palafin, L50, M|\n|poke|p2|Dragonite, L50, F|\n|poke|p2|Ditto, L50|\n|poke|p2|Flutter Mane, L50|\n|poke|p2|Amoonguss, L50, F|\n|teampreview|4\n|inactive|Battle timer is ON: inactive players will automatically lose when time's up. (requested by Dymosin)\n|\n|t:|1682908640\n|start\n|switch|p1a: Biggest Bird|Talonflame, L50, F|100\/100\n|switch|p1b: RETURN TO MONKE|Annihilape, L50, F|100\/100\n|switch|p2a: Coalossal|Coalossal, L50, M|100\/100\n|switch|p2b: Palafin|Palafin, L50, M|100\/100\n|turn|1\n|inactive|Leogamemaster has 30 seconds left.\n|\n|t:|1682908666\n|-terastallize|p2a: Coalossal|Grass\n|move|p1b: RETURN TO MONKE|Protect|p1b: RETURN TO MONKE\n|-singleturn|p1b: RETURN TO MONKE|Protect\n|move|p1a: Biggest Bird|Tailwind|p1a: Biggest Bird\n|-sidestart|p1: Dymosin|move: Tailwind\n|move|p2b: Palafin|Flip Turn|p2a: Coalossal\n|-resisted|p2a: Coalossal\n|-damage|p2a: Coalossal|90\/100\n|-ability|p2a: Coalossal|Steam Engine|boost\n|-boost|p2a: Coalossal|spe|6\n|\n|t:|1682908681\n|detailschange|p2b: Palafin|Palafin-Hero, L50, M\n|switch|p2b: Flutter Mane|Flutter Mane, L50|100\/100|[from] Flip Turn\n|-enditem|p2b: Flutter Mane|Booster Energy\n|-activate|p2b: Flutter Mane|ability: Protosynthesis|[fromitem]\n|-start|p2b: Flutter Mane|protosynthesisspa\n|move|p2a: Coalossal|Tera Blast|p1b: RETURN TO MONKE\n|-activate|p1b: RETURN TO MONKE|move: Protect\n|\n|upkeep\n|turn|2\n|\n|t:|1682908695\n|switch|p2a: Palafin|Palafin-Hero, L50, M|100\/100\n|-activate|p2a: Palafin|ability: Zero to Hero\n|-terastallize|p1b: RETURN TO MONKE|Fire\n|move|p1a: Biggest Bird|Flare Blitz|p2a: Palafin\n|-resisted|p2a: Palafin\n|-damage|p2a: Palafin|83\/100\n|-damage|p1a: Biggest Bird|93\/100|[from] Recoil\n|move|p1b: RETURN TO MONKE|Ice Punch|p2a: Palafin\n|-resisted|p2a: Palafin\n|-damage|p2a: Palafin|71\/100\n|move|p2b: Flutter Mane|Moonblast|p1b: RETURN TO MONKE\n|-resisted|p1b: RETURN TO MONKE\n|-damage|p1b: RETURN TO MONKE|63\/100\n|-unboost|p1b: RETURN TO MONKE|spa|1\n|-ability|p1b: RETURN TO MONKE|Defiant|boost\n|-boost|p1b: RETURN TO MONKE|atk|2\n|\n|upkeep\n|turn|3\n|inactive|Dymosin has 30 seconds left.\n|inactive|Leogamemaster has 30 seconds left.\n|\n|t:|1682908723\n|move|p1b: RETURN TO MONKE|Protect|p1b: RETURN TO MONKE\n|-singleturn|p1b: RETURN TO MONKE|Protect\n|move|p2b: Flutter Mane|Protect|p2b: Flutter Mane\n|-singleturn|p2b: Flutter Mane|Protect\n|move|p2a: Palafin|Jet Punch|p1b: RETURN TO MONKE\n|-activate|p1b: RETURN TO MONKE|move: Protect\n|move|p1a: Biggest Bird|Brave Bird|p2a: Palafin\n|-damage|p2a: Palafin|34\/100\n|-damage|p1a: Biggest Bird|79\/100|[from] Recoil\n|\n|upkeep\n|turn|4\n|\n|t:|1682908742\n|switch|p1b: Puppy|Chien-Pao, L50|100\/100\n|-ability|p1b: Puppy|Sword of Ruin\n|move|p2a: Palafin|Jet Punch|p1b: Puppy\n|-damage|p1b: Puppy|43\/100\n|-enditem|p1b: Puppy|Sitrus Berry|[eat]\n|-heal|p1b: Puppy|68\/100|[from] item: Sitrus Berry\n|move|p1a: Biggest Bird|Brave Bird|p2a: Palafin\n|-damage|p2a: Palafin|0 fnt\n|faint|p2a: Palafin\n|-damage|p1a: Biggest Bird|65\/100|[from] Recoil\n|move|p2b: Flutter Mane|Calm Mind|p2b: Flutter Mane\n|-boost|p2b: Flutter Mane|spa|1\n|-boost|p2b: Flutter Mane|spd|1\n|\n|-sideend|p1: Dymosin|move: Tailwind\n|upkeep\n|\n|t:|1682908759\n|switch|p2a: Coalossal|Coalossal, L50, M, tera:Grass|90\/100\n|turn|5\n|\n|t:|1682908770\n|move|p1b: Puppy|Acrobatics|p2a: Coalossal\n|-supereffective|p2a: Coalossal\n|-damage|p2a: Coalossal|25\/100\n|move|p1a: Biggest Bird|Tailwind|p1a: Biggest Bird\n|-sidestart|p1: Dymosin|move: Tailwind\n|move|p2b: Flutter Mane|Mystical Fire|p1b: Puppy\n|-supereffective|p1b: Puppy\n|-damage|p1b: Puppy|0 fnt\n|faint|p1b: Puppy\n|move|p2a: Coalossal|Stone Edge|p1a: Biggest Bird|[miss]\n|-miss|p2a: Coalossal|p1a: Biggest Bird\n|\n|upkeep\n|\n|t:|1682908777\n|switch|p1b: RETURN TO MONKE|Annihilape, L50, F, tera:Fire|63\/100\n|turn|6\n|\n|t:|1682908790\n|move|p1b: RETURN TO MONKE|Protect|p1b: RETURN TO MONKE\n|-singleturn|p1b: RETURN TO MONKE|Protect\n|move|p2b: Flutter Mane|Protect|p2b: Flutter Mane\n|-singleturn|p2b: Flutter Mane|Protect\n|move|p1a: Biggest Bird|Brave Bird|p2a: Coalossal\n|-supereffective|p2a: Coalossal\n|-damage|p2a: Coalossal|0 fnt\n|faint|p2a: Coalossal\n|-damage|p1a: Biggest Bird|55\/100|[from] Recoil\n|\n|upkeep\n|\n|t:|1682908800\n|switch|p2a: Dragonite|Dragonite, L50, F|100\/100\n|turn|7\n|inactive|Leogamemaster has 30 seconds left.\n|\n|t:|1682908833\n|switch|p1a: Tenshinhan|Armarouge, L50, M|100\/100\n|move|p2a: Dragonite|Extreme Speed|p1a: Tenshinhan\n|-damage|p1a: Tenshinhan|72\/100\n|-ability|p1a: Tenshinhan|Weak Armor|boost\n|-unboost|p1a: Tenshinhan|def|1\n|-boost|p1a: Tenshinhan|spe|2\n|move|p1b: RETURN TO MONKE|Fling|p1a: Tenshinhan\n|-supereffective|p1a: Tenshinhan\n|-crit|p1a: Tenshinhan\n|-damage|p1a: Tenshinhan|58\/100\n|-boost|p1a: Tenshinhan|spe|1|[from] item: Salac Berry\n|-ability|p1a: Tenshinhan|Weak Armor|boost\n|-unboost|p1a: Tenshinhan|def|1\n|-boost|p1a: Tenshinhan|spe|2\n|-enditem|p1a: Tenshinhan|Weakness Policy\n|-boost|p1a: Tenshinhan|atk|2|[from] item: Weakness Policy\n|-boost|p1a: Tenshinhan|spa|2|[from] item: Weakness Policy\n|-enditem|p1b: RETURN TO MONKE|Salac Berry|[from] move: Fling\n|move|p2b: Flutter Mane|Calm Mind|p2b: Flutter Mane\n|-boost|p2b: Flutter Mane|spa|1\n|-boost|p2b: Flutter Mane|spd|1\n|\n|upkeep\n|turn|8\n|inactive|Dymosin has 30 seconds left.\n|inactive|Leogamemaster has 30 seconds left.\n|inactive|Leogamemaster has 20 seconds left.\n|inactive|Leogamemaster has 15 seconds left.\n|inactive|Leogamemaster has 10 seconds left.\n|\n|t:|1682908879\n|move|p1a: Tenshinhan|Protect|p1a: Tenshinhan\n|-singleturn|p1a: Tenshinhan|Protect\n|move|p2b: Flutter Mane|Protect|p2b: Flutter Mane\n|-singleturn|p2b: Flutter Mane|Protect\n|move|p1b: RETURN TO MONKE|Ice Punch|p2a: Dragonite\n|-supereffective|p2a: Dragonite\n|-damage|p2a: Dragonite|58\/100\n|-enditem|p2a: Dragonite|Weakness Policy\n|-boost|p2a: Dragonite|atk|2|[from] item: Weakness Policy\n|-boost|p2a: Dragonite|spa|2|[from] item: Weakness Policy\n|move|p2a: Dragonite|Outrage|p1a: Tenshinhan\n|-activate|p1a: Tenshinhan|move: Protect\n|\n|-sideend|p1: Dymosin|move: Tailwind\n|upkeep\n|turn|9\n|inactive|Dymosin has 30 seconds left.\n|\n|t:|1682908909\n|move|p1a: Tenshinhan|Stored Power|p2b: Flutter Mane\n|-damage|p2b: Flutter Mane|0 fnt\n|faint|p2b: Flutter Mane\n|-end|p2b: Flutter Mane|Protosynthesis|[silent]\n|move|p1b: RETURN TO MONKE|Ice Punch|p2a: Dragonite\n|-supereffective|p2a: Dragonite\n|-damage|p2a: Dragonite|0 fnt\n|faint|p2a: Dragonite\n|\n|win|Dymosin\n|raw|Dymosin's rating: 1097 → 1123<\/strong> (+26 for winning)\n|raw|Leogamemaster's rating: 1103 → 1078<\/strong> (-25 for losing)\n|c|\u2606Dymosin|gg\n","uploadtime":1682908920,"views":16,"p1id":"dymosin","p2id":"leogamemaster","formatid":"gen9vgc2023regulationc","rating":1078,"private":0,"password":""}