{"id":"gen9vgc2023regulationc-1845619698","p1":"Pepenumbra","p2":"Doomtheboomkin","format":"[Gen 9] VGC 2023 Regulation C","log":"|j|\u2606Pepenumbra\n|j|\u2606Doomtheboomkin\n|t:|1681750013\n|gametype|doubles\n|player|p1|Pepenumbra|emmet|1267\n|player|p2|Doomtheboomkin|shadowtriad|1362\n|teamsize|p1|6\n|teamsize|p2|6\n|gen|9\n|tier|[Gen 9] VGC 2023 Regulation C\n|rated|\n|rule|Species Clause: Limit one of each Pok\u00e9mon\n|rule|Item Clause: Limit one of each item\n|clearpoke\n|poke|p1|Iron Bundle, L50|\n|poke|p1|Flutter Mane, L50|\n|poke|p1|Sableye, L50, F|\n|poke|p1|Ceruledge, L50, F|\n|poke|p1|Dragonite, L50, M|\n|poke|p1|Amoonguss, L50, F|\n|poke|p2|Chien-Pao, L50|\n|poke|p2|Dragonite, L50, M|\n|poke|p2|Arcanine, L50, F|\n|poke|p2|Palafin, L50, M|\n|poke|p2|Iron Hands, L50|\n|poke|p2|Amoonguss, L50, M|\n|teampreview|4\n|inactive|Battle timer is ON: inactive players will automatically lose when time's up. (requested by Doomtheboomkin)\n|\n|t:|1681750043\n|start\n|switch|p1a: Iron Bundle|Iron Bundle, L50|100\/100\n|switch|p1b: Ceruledge|Ceruledge, L50, F|100\/100\n|switch|p2a: Chien-Pao|Chien-Pao, L50|100\/100\n|switch|p2b: Palafin|Palafin, L50, M|100\/100\n|-ability|p2a: Chien-Pao|Sword of Ruin\n|-enditem|p1a: Iron Bundle|Booster Energy\n|-activate|p1a: Iron Bundle|ability: Quark Drive|[fromitem]\n|-start|p1a: Iron Bundle|quarkdrivespe\n|turn|1\n|\n|t:|1681750069\n|detailschange|p2b: Palafin|Palafin-Hero, L50, M\n|switch|p2b: Arcanine|Arcanine, L50, F|100\/100\n|-ability|p2b: Arcanine|Intimidate|boost\n|-unboost|p1a: Iron Bundle|atk|1\n|-fail|p1b: Ceruledge|unboost|[from] item: Clear Amulet|[of] p1b: Ceruledge\n|-terastallize|p1b: Ceruledge|Grass\n|move|p2a: Chien-Pao|Protect|p2a: Chien-Pao\n|-singleturn|p2a: Chien-Pao|Protect\n|move|p1a: Iron Bundle|Hydro Pump|p2a: Chien-Pao\n|-activate|p2a: Chien-Pao|move: Protect\n|move|p1b: Ceruledge|Bitter Blade|p2a: Chien-Pao\n|-activate|p2a: Chien-Pao|move: Protect\n|\n|upkeep\n|turn|2\n|\n|t:|1681750090\n|switch|p2a: Palafin|Palafin-Hero, L50, M|100\/100\n|-activate|p2a: Palafin|ability: Zero to Hero\n|move|p1a: Iron Bundle|Encore||[still]\n|-fail|p1a: Iron Bundle\n|move|p2b: Arcanine|Howl|p2b: Arcanine|[spread] p2a,p2b\n|-boost|p2a: Palafin|atk|1\n|-boost|p2b: Arcanine|atk|1\n|move|p1b: Ceruledge|Bulk Up|p1b: Ceruledge\n|-boost|p1b: Ceruledge|atk|1\n|-boost|p1b: Ceruledge|def|1\n|\n|upkeep\n|turn|3\n|inactive|Doomtheboomkin has 30 seconds left.\n|\n|t:|1681750116\n|switch|p2b: Amoonguss|Amoonguss, L50, M|100\/100\n|move|p2a: Palafin|Jet Punch|p1a: Iron Bundle\n|-resisted|p1a: Iron Bundle\n|-damage|p1a: Iron Bundle|60\/100\n|move|p1a: Iron Bundle|Freeze-Dry|p2a: Palafin\n|-supereffective|p2a: Palafin\n|-damage|p2a: Palafin|35\/100\n|move|p1b: Ceruledge|Bitter Blade|p2a: Palafin\n|-resisted|p2a: Palafin\n|-damage|p2a: Palafin|6\/100\n|\n|upkeep\n|turn|4\n|\n|t:|1681750141\n|move|p2a: Palafin|Protect|p2a: Palafin\n|-singleturn|p2a: Palafin|Protect\n|move|p1a: Iron Bundle|Freeze-Dry|p2a: Palafin\n|-activate|p2a: Palafin|move: Protect\n|move|p1b: Ceruledge|Bulk Up|p1b: Ceruledge\n|-boost|p1b: Ceruledge|atk|1\n|-boost|p1b: Ceruledge|def|1\n|move|p2b: Amoonguss|Spore|p1a: Iron Bundle\n|-status|p1a: Iron Bundle|slp|[from] move: Spore\n|\n|upkeep\n|turn|5\n|\n|t:|1681750157\n|move|p1b: Ceruledge|Shadow Sneak|p2a: Palafin\n|-damage|p2a: Palafin|0 fnt\n|faint|p2a: Palafin\n|cant|p1a: Iron Bundle|slp\n|move|p2b: Amoonguss|Pollen Puff|p1b: Ceruledge\n|-supereffective|p1b: Ceruledge\n|-damage|p1b: Ceruledge|70\/100\n|\n|upkeep\n|\n|t:|1681750167\n|switch|p2a: Chien-Pao|Chien-Pao, L50|100\/100\n|-ability|p2a: Chien-Pao|Sword of Ruin\n|turn|6\n|\n|t:|1681750186\n|move|p2b: Amoonguss|Rage Powder|p2b: Amoonguss\n|-singleturn|p2b: Amoonguss|move: Rage Powder\n|-curestatus|p1a: Iron Bundle|slp|[msg]\n|move|p1a: Iron Bundle|Freeze-Dry|p2b: Amoonguss\n|-supereffective|p2b: Amoonguss\n|-damage|p2b: Amoonguss|31\/100\n|move|p2a: Chien-Pao|Ice Spinner|p1b: Ceruledge\n|-supereffective|p1b: Ceruledge\n|-damage|p1b: Ceruledge|15\/100\n|move|p1b: Ceruledge|Bitter Blade|p2a: Chien-Pao\n|-supereffective|p2a: Chien-Pao\n|-enditem|p2a: Chien-Pao|Focus Sash\n|-damage|p2a: Chien-Pao|1\/100\n|-heal|p1b: Ceruledge|59\/100|[from] drain|[of] p2a: Chien-Pao\n|\n|upkeep\n|turn|7\n|\n|t:|1681750208\n|move|p2b: Amoonguss|Rage Powder|p2b: Amoonguss\n|-singleturn|p2b: Amoonguss|move: Rage Powder\n|move|p1b: Ceruledge|Shadow Sneak|p2a: Chien-Pao\n|-resisted|p2a: Chien-Pao\n|-damage|p2a: Chien-Pao|0 fnt\n|faint|p2a: Chien-Pao\n|move|p1a: Iron Bundle|Freeze-Dry|p2b: Amoonguss\n|-supereffective|p2b: Amoonguss\n|-damage|p2b: Amoonguss|0 fnt\n|faint|p2b: Amoonguss\n|\n|upkeep\n|\n|t:|1681750219\n|switch|p2b: Arcanine|Arcanine, L50, F|100\/100\n|-ability|p2b: Arcanine|Intimidate|boost\n|-unboost|p1a: Iron Bundle|atk|1\n|-fail|p1b: Ceruledge|unboost|[from] item: Clear Amulet|[of] p1b: Ceruledge\n|turn|8\n|\n|t:|1681750225\n|move|p1a: Iron Bundle|Hydro Pump|p2b: Arcanine|[miss]\n|-miss|p1a: Iron Bundle|p2b: Arcanine\n|move|p2b: Arcanine|Flare Blitz|p1a: Iron Bundle\n|-crit|p1a: Iron Bundle\n|-damage|p1a: Iron Bundle|0 fnt\n|faint|p1a: Iron Bundle\n|-end|p1a: Iron Bundle|Quark Drive|[silent]\n|-damage|p2b: Arcanine|85\/100|[from] Recoil\n|move|p1b: Ceruledge|Bitter Blade|p2b: Arcanine\n|-resisted|p2b: Arcanine\n|-damage|p2b: Arcanine|32\/100\n|-heal|p1b: Ceruledge|84\/100|[from] drain|[of] p2b: Arcanine\n|\n|upkeep\n|\n|t:|1681750229\n|switch|p1a: Sableye|Sableye, L50, F|100\/100\n|turn|9\n|\n|t:|1681750246\n|move|p1a: Sableye|Disable|p2b: Arcanine\n|-start|p2b: Arcanine|Disable|Flare Blitz\n|cant|p2b: Arcanine|Disable|Flare Blitz\n|move|p1b: Ceruledge|Bitter Blade|p2b: Arcanine\n|-resisted|p2b: Arcanine\n|-damage|p2b: Arcanine|0 fnt\n|-heal|p1b: Ceruledge|99\/100|[from] drain|[of] p2b: Arcanine\n|faint|p2b: Arcanine\n|\n|win|Pepenumbra\n|raw|Pepenumbra's rating: 1267 → 1299<\/strong> (+32 for winning)\n|raw|Doomtheboomkin's rating: 1362 → 1337<\/strong> (-25 for losing)\n|c|\u2606Pepenumbra|gg\n","uploadtime":1681750257,"views":12,"p1id":"pepenumbra","p2id":"doomtheboomkin","formatid":"gen9vgc2023regulationc","rating":1299,"private":0,"password":""}