{"id":"gen9vgc2023regulationc-1856835347","p1":"Ugarte Joseph","p2":"Connowot","format":"[Gen 9] VGC 2023 Regulation C","log":"|j|\u2606Ugarte Joseph\n|j|\u2606Connowot\n|t:|1683117601\n|gametype|doubles\n|player|p1|Ugarte Joseph|benga|1104\n|player|p2|Connowot|169|1173\n|teamsize|p1|6\n|teamsize|p2|6\n|gen|9\n|tier|[Gen 9] VGC 2023 Regulation C\n|rated|\n|rule|Species Clause: Limit one of each Pok\u00e9mon\n|rule|Item Clause: Limit one of each item\n|clearpoke\n|poke|p1|Palafin, L50, F|\n|poke|p1|Flutter Mane, L50|\n|poke|p1|Amoonguss, L50, M|\n|poke|p1|Arcanine, L50, M|\n|poke|p1|Gholdengo, L50|\n|poke|p1|Grimmsnarl, L50, M|\n|poke|p2|Flutter Mane, L50|\n|poke|p2|Chi-Yu, L50|\n|poke|p2|Dragonite, L50, M|\n|poke|p2|Dondozo, L50, F|\n|poke|p2|Tatsugiri-Stretchy, L50, M|\n|poke|p2|Glimmora, L50, F|\n|teampreview|4\n|inactive|Battle timer is ON: inactive players will automatically lose when time's up. (requested by Ugarte Joseph)\n|\n|t:|1683117622\n|start\n|switch|p1a: Misdevious|Flutter Mane, L50, shiny|100\/100\n|switch|p1b: I NEEDA HERO!|Palafin, L50, F, shiny|100\/100\n|switch|p2a: Chi-Yu|Chi-Yu, L50|100\/100\n|switch|p2b: Glimmora|Glimmora, L50, F|100\/100\n|-ability|p2a: Chi-Yu|Beads of Ruin\n|turn|1\n|inactive|Ugarte Joseph has 30 seconds left.\n|inactive|Ugarte Joseph has 20 seconds left.\n|\n|t:|1683117660\n|detailschange|p1b: I NEEDA HERO!|Palafin-Hero, L50, F, shiny\n|switch|p1b: Arcaneenei|Arcanine, L50, M, shiny|100\/100\n|-ability|p1b: Arcaneenei|Intimidate|boost\n|-unboost|p2a: Chi-Yu|atk|1\n|-unboost|p2b: Glimmora|atk|1\n|-terastallize|p1a: Misdevious|Water\n|-terastallize|p2a: Chi-Yu|Grass\n|move|p1a: Misdevious|Moonblast|p2a: Chi-Yu\n|-damage|p2a: Chi-Yu|30\/100\n|move|p2b: Glimmora|Toxic|p1a: Misdevious\n|-status|p1a: Misdevious|tox\n|move|p2a: Chi-Yu|Dark Pulse|p1a: Misdevious\n|-damage|p1a: Misdevious|41\/100 tox\n|\n|-damage|p1a: Misdevious|35\/100 tox|[from] psn\n|upkeep\n|turn|2\n|\n|t:|1683117682\n|-end|p1a: Misdevious|Protosynthesis|[silent]\n|switch|p1a: I NEEDA HERO!|Palafin-Hero, L50, F, shiny|100\/100\n|-activate|p1a: I NEEDA HERO!|ability: Zero to Hero\n|move|p2a: Chi-Yu|Protect|p2a: Chi-Yu\n|-singleturn|p2a: Chi-Yu|Protect\n|move|p1b: Arcaneenei|Extreme Speed|p2a: Chi-Yu\n|-activate|p2a: Chi-Yu|move: Protect\n|move|p2b: Glimmora|Power Gem|p1b: Arcaneenei\n|-supereffective|p1b: Arcaneenei\n|-damage|p1b: Arcaneenei|0 fnt\n|faint|p1b: Arcaneenei\n|\n|upkeep\n|\n|t:|1683117696\n|switch|p1b: Misdevious|Flutter Mane, L50, shiny, tera:Water|35\/100 tox\n|turn|3\n|\n|t:|1683117707\n|move|p2b: Glimmora|Spiky Shield|p2b: Glimmora\n|-singleturn|p2b: Glimmora|move: Protect\n|move|p1b: Misdevious|Moonblast|p2a: Chi-Yu\n|-damage|p2a: Chi-Yu|0 fnt\n|faint|p2a: Chi-Yu\n|move|p1a: I NEEDA HERO!|Wave Crash|p2b: Glimmora\n|-activate|p2b: Glimmora|move: Protect\n|-damage|p1a: I NEEDA HERO!|88\/100|[from] Spiky Shield|[of] p2b: Glimmora\n|\n|-damage|p1b: Misdevious|30\/100 tox|[from] psn\n|upkeep\n|\n|t:|1683117717\n|switch|p2a: Flutter Mane|Flutter Mane, L50|100\/100\n|-enditem|p2a: Flutter Mane|Booster Energy\n|-activate|p2a: Flutter Mane|ability: Protosynthesis|[fromitem]\n|-start|p2a: Flutter Mane|protosynthesisspe\n|turn|4\n|\n|t:|1683117733\n|-end|p1b: Misdevious|Protosynthesis|[silent]\n|switch|p1b: Amogus|Amoonguss, L50, M, shiny|100\/100\n|switch|p2b: Tatsugiri|Tatsugiri-Stretchy, L50, M|100\/100\n|move|p2a: Flutter Mane|Substitute|p2a: Flutter Mane\n|-start|p2a: Flutter Mane|Substitute\n|-damage|p2a: Flutter Mane|76\/100\n|move|p1a: I NEEDA HERO!|Wave Crash|p2a: Flutter Mane\n|-end|p2a: Flutter Mane|Substitute\n|-damage|p1a: I NEEDA HERO!|83\/100|[from] Recoil|[of] p2a: Flutter Mane\n|\n|upkeep\n|turn|5\n|\n|t:|1683117753\n|move|p1b: Amogus|Protect|p1b: Amogus\n|-singleturn|p1b: Amogus|Protect\n|move|p1a: I NEEDA HERO!|Jet Punch|p2a: Flutter Mane\n|-damage|p2a: Flutter Mane|0 fnt\n|faint|p2a: Flutter Mane\n|-end|p2a: Flutter Mane|Protosynthesis|[silent]\n|move|p2b: Tatsugiri|Draco Meteor|p1a: I NEEDA HERO!\n|-damage|p1a: I NEEDA HERO!|0 fnt\n|-unboost|p2b: Tatsugiri|spa|2\n|faint|p1a: I NEEDA HERO!\n|\n|upkeep\n|\n|t:|1683117762\n|switch|p2a: Glimmora|Glimmora, L50, F|100\/100\n|switch|p1a: Misdevious|Flutter Mane, L50, shiny, tera:Water|30\/100 tox\n|turn|6\n|\n|t:|1683117780\n|move|p1b: Amogus|Rage Powder|p1b: Amogus\n|-singleturn|p1b: Amogus|move: Rage Powder\n|move|p1a: Misdevious|Dazzling Gleam|p2b: Tatsugiri|[spread] p2a,p2b\n|-resisted|p2a: Glimmora\n|-supereffective|p2b: Tatsugiri\n|-damage|p2a: Glimmora|70\/100\n|-damage|p2b: Tatsugiri|10\/100\n|move|p2a: Glimmora|Power Gem|p1b: Amogus\n|-damage|p1b: Amogus|69\/100\n|move|p2b: Tatsugiri|Draco Meteor|p1b: Amogus\n|-damage|p1b: Amogus|27\/100\n|-unboost|p2b: Tatsugiri|spa|2\n|-enditem|p1b: Amogus|Sitrus Berry|[eat]\n|-heal|p1b: Amogus|52\/100|[from] item: Sitrus Berry\n|\n|-damage|p1a: Misdevious|24\/100 tox|[from] psn\n|upkeep\n|turn|7\n|\n|t:|1683117801\n|move|p2a: Glimmora|Spiky Shield|p2a: Glimmora\n|-singleturn|p2a: Glimmora|move: Protect\n|move|p1b: Amogus|Rage Powder|p1b: Amogus\n|-singleturn|p1b: Amogus|move: Rage Powder\n|move|p1a: Misdevious|Dazzling Gleam|p2b: Tatsugiri|[spread] p2b\n|-activate|p2a: Glimmora|move: Protect\n|-supereffective|p2b: Tatsugiri\n|-damage|p2b: Tatsugiri|0 fnt\n|faint|p2b: Tatsugiri\n|\n|-damage|p1a: Misdevious|13\/100 tox|[from] psn\n|upkeep\n|turn|8\n|\n|t:|1683117818\n|move|p1a: Misdevious|Dazzling Gleam|p2a: Glimmora\n|-resisted|p2a: Glimmora\n|-damage|p2a: Glimmora|32\/100\n|move|p2a: Glimmora|Earth Power|p1b: Amogus\n|-damage|p1b: Amogus|25\/100\n|move|p1b: Amogus|Spore|p2a: Glimmora\n|-status|p2a: Glimmora|slp|[from] move: Spore\n|\n|-damage|p1a: Misdevious|0 fnt|[from] psn\n|faint|p1a: Misdevious\n|-end|p1a: Misdevious|Protosynthesis|[silent]\n|upkeep\n|turn|9\n|\n|t:|1683117828\n|cant|p2a: Glimmora|slp\n|move|p1b: Amogus|Pollen Puff|p2a: Glimmora\n|-resisted|p2a: Glimmora\n|-damage|p2a: Glimmora|19\/100 slp\n|\n|upkeep\n|turn|10\n|\n|t:|1683117839\n|cant|p2a: Glimmora|slp\n|move|p1b: Amogus|Pollen Puff|p2a: Glimmora\n|-resisted|p2a: Glimmora\n|-damage|p2a: Glimmora|8\/100 slp\n|\n|upkeep\n|turn|11\n|\n|t:|1683117845\n|cant|p2a: Glimmora|slp\n|move|p1b: Amogus|Pollen Puff|p2a: Glimmora\n|-resisted|p2a: Glimmora\n|-damage|p2a: Glimmora|0 fnt\n|faint|p2a: Glimmora\n|\n|win|Ugarte Joseph\n|raw|Ugarte Joseph's rating: 1104 → 1134<\/strong> (+30 for winning)\n|raw|Connowot's rating: 1173 → 1143<\/strong> (-30 for losing)\n","uploadtime":1683117850,"views":8,"p1id":"ugartejoseph","p2id":"connowot","formatid":"gen9vgc2023regulationc","rating":1134,"private":0,"password":""}