{"id":"gen9vgc2023regulationc-1852795608","p1":"AfuroVictini","p2":"r689gouhpije","format":"[Gen 9] VGC 2023 Regulation C","log":"|j|\u2606AfuroVictini\n|j|\u2606r689gouhpije\n|t:|1682606974\n|gametype|doubles\n|player|p1|AfuroVictini|miriam|1220\n|player|p2|r689gouhpije|flint|1194\n|teamsize|p1|6\n|teamsize|p2|6\n|gen|9\n|tier|[Gen 9] VGC 2023 Regulation C\n|rated|\n|rule|Species Clause: Limit one of each Pok\u00e9mon\n|rule|Item Clause: Limit one of each item\n|clearpoke\n|poke|p1|Azumarill, L50, M|\n|poke|p1|Indeedee-F, L50, F|\n|poke|p1|Sylveon, L50, M|\n|poke|p1|Chi-Yu, L50|\n|poke|p1|Grimmsnarl, L50, M|\n|poke|p1|Flutter Mane, L50|\n|poke|p2|Chien-Pao, L50|\n|poke|p2|Dragapult, L50, M|\n|poke|p2|Flutter Mane, L50|\n|poke|p2|Chi-Yu, L50|\n|poke|p2|Talonflame, L50, M|\n|poke|p2|Great Tusk, L50|\n|teampreview|4\n|inactive|Battle timer is ON: inactive players will automatically lose when time's up. (requested by r689gouhpije)\n|\n|t:|1682607014\n|start\n|switch|p1a: Indeedee|Indeedee-F, L50, F|100\/100\n|switch|p1b: Azumarill|Azumarill, L50, M|100\/100\n|switch|p2a: Chi-Yu|Chi-Yu, L50|100\/100\n|switch|p2b: Chien-Pao|Chien-Pao, L50|100\/100\n|-ability|p2b: Chien-Pao|Sword of Ruin\n|-ability|p2a: Chi-Yu|Beads of Ruin\n|-fieldstart|move: Psychic Terrain|[from] ability: Psychic Surge|[of] p1a: Indeedee\n|turn|1\n|\n|t:|1682607042\n|move|p1a: Indeedee|Follow Me|p1a: Indeedee\n|-singleturn|p1a: Indeedee|move: Follow Me\n|move|p2b: Chien-Pao|Ice Spinner|p1a: Indeedee\n|-damage|p1a: Indeedee|24\/100\n|-fieldend|move: Psychic Terrain\n|move|p2a: Chi-Yu|Dark Pulse|p1a: Indeedee\n|-supereffective|p1a: Indeedee\n|-damage|p1a: Indeedee|0 fnt\n|faint|p1a: Indeedee\n|move|p1b: Azumarill|Superpower|p2b: Chien-Pao\n|-supereffective|p2b: Chien-Pao\n|-enditem|p2b: Chien-Pao|Focus Sash\n|-damage|p2b: Chien-Pao|1\/100\n|-unboost|p1b: Azumarill|atk|1\n|-unboost|p1b: Azumarill|def|1\n|\n|upkeep\n|\n|t:|1682607055\n|switch|p1a: Grimmsnarl|Grimmsnarl, L50, M|100\/100\n|turn|2\n|\n|t:|1682607064\n|move|p1a: Grimmsnarl|Light Screen|p1a: Grimmsnarl\n|-sidestart|p1: AfuroVictini|move: Light Screen\n|move|p1b: Azumarill|Aqua Jet|p2b: Chien-Pao\n|-damage|p2b: Chien-Pao|0 fnt\n|faint|p2b: Chien-Pao\n|move|p2a: Chi-Yu|Heat Wave|p1a: Grimmsnarl|[spread] p1a,p1b\n|-resisted|p1b: Azumarill\n|-damage|p1a: Grimmsnarl|75\/100\n|-damage|p1b: Azumarill|89\/100\n|\n|upkeep\n|\n|t:|1682607073\n|switch|p2b: Flutter Mane|Flutter Mane, L50|100\/100\n|-enditem|p2b: Flutter Mane|Booster Energy\n|-activate|p2b: Flutter Mane|ability: Protosynthesis|[fromitem]\n|-start|p2b: Flutter Mane|protosynthesisspe\n|turn|3\n|\n|t:|1682607094\n|switch|p1b: Sylveon|Sylveon, L50, M|100\/100\n|-terastallize|p2a: Chi-Yu|Water\n|move|p2b: Flutter Mane|Protect|p2b: Flutter Mane\n|-singleturn|p2b: Flutter Mane|Protect\n|move|p2a: Chi-Yu|Nasty Plot|p2a: Chi-Yu\n|-boost|p2a: Chi-Yu|spa|2\n|move|p1a: Grimmsnarl|Spirit Break|p2a: Chi-Yu\n|-damage|p2a: Chi-Yu|49\/100\n|-unboost|p2a: Chi-Yu|spa|1\n|\n|-heal|p2a: Chi-Yu|55\/100|[from] item: Leftovers\n|upkeep\n|turn|4\n|inactive|AfuroVictini has 30 seconds left.\n|\n|t:|1682607129\n|move|p2a: Chi-Yu|Protect|p2a: Chi-Yu\n|-singleturn|p2a: Chi-Yu|Protect\n|move|p2b: Flutter Mane|Dazzling Gleam|p1a: Grimmsnarl|[spread] p1a,p1b\n|-supereffective|p1a: Grimmsnarl\n|-damage|p1a: Grimmsnarl|31\/100\n|-damage|p1b: Sylveon|79\/100\n|move|p1b: Sylveon|Hyper Voice|p2b: Flutter Mane|[spread] p2b\n|-activate|p2a: Chi-Yu|move: Protect\n|-damage|p2b: Flutter Mane|40\/100\n|-enditem|p1b: Sylveon|Throat Spray\n|-boost|p1b: Sylveon|spa|1|[from] item: Throat Spray\n|move|p1a: Grimmsnarl|Spirit Break|p2b: Flutter Mane\n|-damage|p2b: Flutter Mane|0 fnt\n|faint|p2b: Flutter Mane\n|-end|p2b: Flutter Mane|Protosynthesis|[silent]\n|\n|-heal|p2a: Chi-Yu|60\/100|[from] item: Leftovers\n|upkeep\n|\n|t:|1682607135\n|switch|p2b: Dragapult|Dragapult, L50, M|100\/100\n|turn|5\n|\n|t:|1682607148\n|move|p1a: Grimmsnarl|Reflect|p1a: Grimmsnarl\n|-sidestart|p1: AfuroVictini|Reflect\n|move|p2b: Dragapult|Phantom Force||[still]\n|-prepare|p2b: Dragapult|Phantom Force\n|move|p2a: Chi-Yu|Heat Wave|p1a: Grimmsnarl|[spread] p1a\n|-miss|p2a: Chi-Yu|p1b: Sylveon\n|-damage|p1a: Grimmsnarl|0 fnt\n|faint|p1a: Grimmsnarl\n|move|p1b: Sylveon|Hyper Voice|p2a: Chi-Yu|[spread] p2a\n|-miss|p1b: Sylveon|p2b: Dragapult\n|-damage|p2a: Chi-Yu|0 fnt\n|faint|p2a: Chi-Yu\n|\n|upkeep\n|\n|t:|1682607154\n|switch|p1a: Azumarill|Azumarill, L50, M|89\/100\n|turn|6\n|\n|t:|1682607159\n|move|p2b: Dragapult|Phantom Force|p1b: Sylveon|[from]lockedmove\n|-damage|p1b: Sylveon|19\/100\n|move|p1b: Sylveon|Hyper Voice|p2b: Dragapult\n|-supereffective|p2b: Dragapult\n|-damage|p2b: Dragapult|0 fnt\n|faint|p2b: Dragapult\n|\n|win|AfuroVictini\n|raw|AfuroVictini's rating: 1220 → 1243<\/strong> (+23 for winning)\n|raw|r689gouhpije's rating: 1194 → 1171<\/strong> (-23 for losing)\n","uploadtime":1682607165,"views":8,"p1id":"afurovictini","p2id":"r689gouhpije","formatid":"gen9vgc2023regulationc","rating":1171,"private":0,"password":""}