{"id":"gen9vgc2023regulationc-1860832448","p1":"BlindMagneton","p2":"JaKspii VGC","format":"[Gen 9] VGC 2023 Regulation C","log":"|j|\u2606BlindMagneton\n|j|\u2606JaKspii VGC\n|t:|1683683359\n|gametype|doubles\n|player|p1|BlindMagneton|wattson|1281\n|player|p2|JaKspii VGC|acetrainer-gen4|1229\n|teamsize|p1|6\n|teamsize|p2|6\n|gen|9\n|tier|[Gen 9] VGC 2023 Regulation C\n|rated|\n|rule|Species Clause: Limit one of each Pok\u00e9mon\n|rule|Item Clause: Limit one of each item\n|clearpoke\n|poke|p1|Iron Bundle, L50|\n|poke|p1|Sandy Shocks, L50|\n|poke|p1|Pelipper, L50, F|\n|poke|p1|Scizor, L50, F|\n|poke|p1|Magnezone, L50|\n|poke|p1|Azumarill, L50, M|\n|poke|p2|Dondozo, L50, M|\n|poke|p2|Tatsugiri, L50, F|\n|poke|p2|Chi-Yu, L50|\n|poke|p2|Iron Bundle, L50|\n|poke|p2|Flutter Mane, L50|\n|poke|p2|Glimmora, L50, M|\n|teampreview|4\n|inactive|Battle timer is ON: inactive players will automatically lose when time's up. (requested by JaKspii VGC)\n|inactive|BlindMagneton has 60 seconds left.\n|inactive|JaKspii VGC has 60 seconds left.\n|inactive|BlindMagneton has 30 seconds left.\n|inactive|JaKspii VGC has 30 seconds left.\n|inactive|BlindMagneton has 20 seconds left.\n|inactive|JaKspii VGC has 20 seconds left.\n|inactive|BlindMagneton has 15 seconds left.\n|inactive|JaKspii VGC has 15 seconds left.\n|inactive|BlindMagneton has 10 seconds left.\n|\n|t:|1683683443\n|start\n|switch|p1a: Azumarill|Azumarill, L50, M|100\/100\n|switch|p1b: Scizor|Scizor, L50, F|100\/100\n|switch|p2a: Chi-Yu|Chi-Yu, L50|100\/100\n|switch|p2b: Flutter Mane|Flutter Mane, L50, shiny|100\/100\n|-ability|p2a: Chi-Yu|Beads of Ruin\n|turn|1\n|inactive|BlindMagneton has 30 seconds left.\n|inactive|JaKspii VGC has 30 seconds left.\n|inactive|BlindMagneton has 20 seconds left.\n|inactive|BlindMagneton has 15 seconds left.\n|inactive|BlindMagneton has 10 seconds left.\n|\n|t:|1683683488\n|-terastallize|p2a: Chi-Yu|Ghost\n|move|p1b: Scizor|Bullet Punch|p2a: Chi-Yu\n|-damage|p2a: Chi-Yu|28\/100\n|-damage|p1b: Scizor|91\/100|[from] item: Life Orb\n|move|p1a: Azumarill|Aqua Jet|p2a: Chi-Yu\n|-damage|p2a: Chi-Yu|0 fnt\n|faint|p2a: Chi-Yu\n|move|p2b: Flutter Mane|Moonblast|p1a: Azumarill\n|-damage|p1a: Azumarill|28\/100\n|\n|upkeep\n|\n|t:|1683683499\n|switch|p2a: Dondozo|Dondozo, L50, M|100\/100\n|turn|2\n|\n|t:|1683683523\n|-end|p2b: Flutter Mane|Protosynthesis|[silent]\n|switch|p2b: Tatsugiri|Tatsugiri, L50, F|100\/100\n|-activate|p2b: Tatsugiri|ability: Commander|[of] p2a: Dondozo\n|-boost|p2a: Dondozo|atk|2\n|-boost|p2a: Dondozo|spa|2\n|-boost|p2a: Dondozo|spe|2\n|-boost|p2a: Dondozo|def|2\n|-boost|p2a: Dondozo|spd|2\n|switch|p1a: Pelipper|Pelipper, L50, F|100\/100\n|-weather|RainDance|[from] ability: Drizzle|[of] p1a: Pelipper\n|move|p2a: Dondozo|Earthquake|p1b: Scizor|[spread] p1b\n|-miss|p2a: Dondozo|p2b: Tatsugiri\n|-immune|p1a: Pelipper\n|-damage|p1b: Scizor|40\/100\n|move|p1b: Scizor|U-turn|p2a: Dondozo\n|-damage|p2a: Dondozo|83\/100\n|-damage|p1b: Scizor|30\/100|[from] item: Life Orb\n|\n|t:|1683683540\n|switch|p1b: Magnezone|Magnezone, L50|100\/100|[from] U-turn\n|\n|-weather|RainDance|[upkeep]\n|-heal|p2a: Dondozo|89\/100|[from] item: Leftovers\n|upkeep\n|turn|3\n|inactive|BlindMagneton has 30 seconds left.\n|\n|t:|1683683571\n|move|p1b: Magnezone|Protect|p1b: Magnezone\n|-singleturn|p1b: Magnezone|Protect\n|move|p2a: Dondozo|Earthquake|p1b: Magnezone|[spread] \n|-miss|p2a: Dondozo|p2b: Tatsugiri\n|-activate|p1b: Magnezone|move: Protect\n|-immune|p1a: Pelipper\n|move|p1a: Pelipper|Hurricane|p2a: Dondozo\n|-damage|p2a: Dondozo|66\/100\n|\n|-weather|RainDance|[upkeep]\n|-heal|p2a: Dondozo|73\/100|[from] item: Leftovers\n|upkeep\n|turn|4\n|\n|t:|1683683590\n|move|p1a: Pelipper|Wide Guard|p1a: Pelipper\n|-singleturn|p1a: Pelipper|Wide Guard\n|move|p2a: Dondozo|Earthquake|p1b: Magnezone|[spread] \n|-miss|p2a: Dondozo|p2b: Tatsugiri\n|-activate|p1a: Pelipper|move: Wide Guard\n|-activate|p1b: Magnezone|move: Wide Guard\n|move|p1b: Magnezone|Thunder|p2a: Dondozo\n|-supereffective|p2a: Dondozo\n|-damage|p2a: Dondozo|17\/100\n|\n|-weather|RainDance|[upkeep]\n|-heal|p2a: Dondozo|23\/100|[from] item: Leftovers\n|upkeep\n|turn|5\n|inactive|BlindMagneton has 30 seconds left.\n|\n|t:|1683683622\n|move|p2a: Dondozo|Protect|p2a: Dondozo\n|-singleturn|p2a: Dondozo|Protect\n|move|p1b: Magnezone|Protect|p1b: Magnezone\n|-singleturn|p1b: Magnezone|Protect\n|move|p1a: Pelipper|Hurricane|p2a: Dondozo\n|-activate|p2a: Dondozo|move: Protect\n|\n|-weather|RainDance|[upkeep]\n|-heal|p2a: Dondozo|29\/100|[from] item: Leftovers\n|upkeep\n|turn|6\n|\n|t:|1683683638\n|-terastallize|p1b: Magnezone|Flying\n|move|p2a: Dondozo|Wave Crash|p1b: Magnezone\n|-ability|p1b: Magnezone|Sturdy\n|-damage|p1b: Magnezone|1\/100\n|-damage|p2a: Dondozo|4\/100|[from] Recoil\n|move|p1a: Pelipper|Hurricane|p2b: Tatsugiri|[miss]\n|-miss|p1a: Pelipper|p2b: Tatsugiri\n|move|p1b: Magnezone|Thunder|p2a: Dondozo\n|-supereffective|p2a: Dondozo\n|-damage|p2a: Dondozo|0 fnt\n|faint|p2a: Dondozo\n|\n|-weather|none\n|upkeep\n|\n|t:|1683683652\n|switch|p2a: Flutter Mane|Flutter Mane, L50, shiny|100\/100\n|turn|7\n|inactive|BlindMagneton has 30 seconds left.\n|inactive|JaKspii VGC has 30 seconds left.\n|inactive|BlindMagneton has 20 seconds left.\n|inactive|BlindMagneton has 15 seconds left.\n|inactive|BlindMagneton has 10 seconds left.\n|inactive|BlindMagneton has 5 seconds left.\n|\n|t:|1683683706\n|move|p1a: Pelipper|Wide Guard|p1a: Pelipper\n|-singleturn|p1a: Pelipper|Wide Guard\n|move|p2b: Tatsugiri|Muddy Water|p1a: Pelipper|[spread] \n|-activate|p1a: Pelipper|move: Wide Guard\n|-activate|p1b: Magnezone|move: Wide Guard\n|move|p2a: Flutter Mane|Shadow Ball|p1b: Magnezone\n|-damage|p1b: Magnezone|0 fnt\n|faint|p1b: Magnezone\n|\n|upkeep\n|\n|t:|1683683715\n|switch|p1b: Scizor|Scizor, L50, F|30\/100\n|turn|8\n|\n|t:|1683683722\n|move|p1a: Pelipper|Wide Guard|p1a: Pelipper\n|-singleturn|p1a: Pelipper|Wide Guard\n|move|p1b: Scizor|Bullet Punch|p2a: Flutter Mane\n|-supereffective|p2a: Flutter Mane\n|-damage|p2a: Flutter Mane|0 fnt\n|faint|p2a: Flutter Mane\n|-end|p2a: Flutter Mane|Protosynthesis|[silent]\n|-damage|p1b: Scizor|20\/100|[from] item: Life Orb\n|move|p2b: Tatsugiri|Muddy Water|p1b: Scizor|[spread] \n|-activate|p1a: Pelipper|move: Wide Guard\n|-activate|p1b: Scizor|move: Wide Guard\n|\n|upkeep\n|turn|9\n|\n|t:|1683683737\n|move|p1a: Pelipper|Wide Guard|p1a: Pelipper\n|-singleturn|p1a: Pelipper|Wide Guard\n|move|p2b: Tatsugiri|Muddy Water|p1a: Pelipper|[spread] \n|-activate|p1a: Pelipper|move: Wide Guard\n|-activate|p1b: Scizor|move: Wide Guard\n|move|p1b: Scizor|U-turn|p2b: Tatsugiri\n|-damage|p2b: Tatsugiri|0 fnt\n|faint|p2b: Tatsugiri\n|-damage|p1b: Scizor|11\/100|[from] item: Life Orb\n|\n|win|BlindMagneton\n|raw|BlindMagneton's rating: 1281 → 1302<\/strong> (+21 for winning)\n|raw|JaKspii VGC's rating: 1229 → 1208<\/strong> (-21 for losing)\n|l|\u2606JaKspii VGC\n","uploadtime":1683683753,"views":15,"p1id":"blindmagneton","p2id":"jakspiivgc","formatid":"gen9vgc2023regulationc","rating":1208,"private":0,"password":""}