{"id":"gen9vgc2023regulationc-1861886534","p1":"CaptainEricVGC","p2":"scrammed_eggs","format":"[Gen 9] VGC 2023 Regulation C","log":"|j|\u2606CaptainEricVGC\n|j|\u2606scrammed_eggs\n|t:|1683817992\n|gametype|doubles\n|player|p1|CaptainEricVGC|2|1135\n|player|p2|scrammed_eggs|lucas-gen4pt|1230\n|teamsize|p1|6\n|teamsize|p2|6\n|gen|9\n|tier|[Gen 9] VGC 2023 Regulation C\n|rated|\n|rule|Species Clause: Limit one of each Pok\u00e9mon\n|rule|Item Clause: Limit one of each item\n|clearpoke\n|poke|p1|Arcanine, L50, F|\n|poke|p1|Baxcalibur, L50, M|\n|poke|p1|Brute Bonnet, L50|\n|poke|p1|Flutter Mane, L50|\n|poke|p1|Palafin, L50, F|\n|poke|p1|Ting-Lu, L50|\n|poke|p2|Arcanine, L50, F|\n|poke|p2|Iron Bundle, L50|\n|poke|p2|Iron Hands, L50|\n|poke|p2|Grimmsnarl, L50, M|\n|poke|p2|Ting-Lu, L50|\n|poke|p2|Amoonguss, L50, M|\n|teampreview|4\n|inactive|Battle timer is ON: inactive players will automatically lose when time's up. (requested by scrammed_eggs)\n|\n|t:|1683818015\n|start\n|switch|p1a: Arcanine|Arcanine, L50, F|100\/100\n|switch|p1b: Brute Bonnet|Brute Bonnet, L50|100\/100\n|switch|p2a: Grimmsnarl|Grimmsnarl, L50, M|100\/100\n|switch|p2b: Arcanine|Arcanine, L50, F|100\/100\n|-ability|p2b: Arcanine|Intimidate|boost\n|-unboost|p1a: Arcanine|atk|1\n|-unboost|p1b: Brute Bonnet|atk|1\n|-ability|p1a: Arcanine|Intimidate|boost\n|-unboost|p2a: Grimmsnarl|atk|1\n|-unboost|p2b: Arcanine|atk|1\n|turn|1\n|\n|t:|1683818031\n|move|p1b: Brute Bonnet|Protect|p1b: Brute Bonnet\n|-singleturn|p1b: Brute Bonnet|Protect\n|move|p2a: Grimmsnarl|Reflect|p2a: Grimmsnarl\n|-sidestart|p2: scrammed_eggs|Reflect\n|move|p2b: Arcanine|Will-O-Wisp|p1b: Brute Bonnet\n|-activate|p1b: Brute Bonnet|move: Protect\n|move|p1a: Arcanine|Will-O-Wisp|p2a: Grimmsnarl\n|-status|p2a: Grimmsnarl|brn\n|\n|-damage|p2a: Grimmsnarl|95\/100 brn|[from] brn\n|upkeep\n|turn|2\n|\n|t:|1683818049\n|switch|p1a: Flutter Mane|Flutter Mane, L50|100\/100\n|-enditem|p1a: Flutter Mane|Booster Energy\n|-activate|p1a: Flutter Mane|ability: Protosynthesis|[fromitem]\n|-start|p1a: Flutter Mane|protosynthesisspa\n|-end|p1b: Brute Bonnet|Protosynthesis|[silent]\n|switch|p1b: Baxcalibur|Baxcalibur, L50, M|100\/100\n|move|p2a: Grimmsnarl|Thunder Wave|p1a: Flutter Mane\n|-status|p1a: Flutter Mane|par\n|move|p2b: Arcanine|Flare Blitz|p1b: Baxcalibur\n|-damage|p1b: Baxcalibur|70\/100\n|-ability|p1b: Baxcalibur|Thermal Exchange|boost\n|-boost|p1b: Baxcalibur|atk|1\n|-damage|p2b: Arcanine|89\/100|[from] Recoil\n|\n|-damage|p2a: Grimmsnarl|89\/100 brn|[from] brn\n|upkeep\n|turn|3\n|inactive|scrammed_eggs has 30 seconds left.\n|inactive|scrammed_eggs has 20 seconds left.\n|inactive|scrammed_eggs has 15 seconds left.\n|inactive|scrammed_eggs has 10 seconds left.\n|\n|t:|1683818098\n|move|p1b: Baxcalibur|Protect|p1b: Baxcalibur\n|-singleturn|p1b: Baxcalibur|Protect\n|move|p2b: Arcanine|Snarl|p1b: Baxcalibur|[spread] p1a\n|-activate|p1b: Baxcalibur|move: Protect\n|-damage|p1a: Flutter Mane|92\/100 par\n|-unboost|p1a: Flutter Mane|spa|1\n|move|p1a: Flutter Mane|Moonblast|p2a: Grimmsnarl\n|-supereffective|p2a: Grimmsnarl\n|-damage|p2a: Grimmsnarl|23\/100 brn\n|move|p2a: Grimmsnarl|Spirit Break|p1a: Flutter Mane\n|-damage|p1a: Flutter Mane|73\/100 par\n|-unboost|p1a: Flutter Mane|spa|1\n|\n|-damage|p2a: Grimmsnarl|17\/100 brn|[from] brn\n|upkeep\n|turn|4\n|inactive|CaptainEricVGC has 30 seconds left.\n|\n|t:|1683818127\n|-end|p1a: Flutter Mane|Protosynthesis|[silent]\n|switch|p1a: Arcanine|Arcanine, L50, F|100\/100\n|-ability|p1a: Arcanine|Intimidate|boost\n|-unboost|p2a: Grimmsnarl|atk|1\n|-unboost|p2b: Arcanine|atk|1\n|move|p1b: Baxcalibur|Ice Shard|p2a: Grimmsnarl\n|-damage|p2a: Grimmsnarl|0 fnt\n|faint|p2a: Grimmsnarl\n|move|p2b: Arcanine|Snarl|p1a: Arcanine|[spread] p1a,p1b\n|-crit|p1b: Baxcalibur\n|-damage|p1a: Arcanine|92\/100\n|-damage|p1b: Baxcalibur|59\/100\n|-unboost|p1a: Arcanine|spa|1\n|-unboost|p1b: Baxcalibur|spa|1\n|\n|upkeep\n|\n|t:|1683818150\n|switch|p2a: Iron Bundle|Iron Bundle, L50|100\/100\n|-enditem|p2a: Iron Bundle|Booster Energy\n|-activate|p2a: Iron Bundle|ability: Quark Drive|[fromitem]\n|-start|p2a: Iron Bundle|quarkdrivespe\n|turn|5\n|inactive|CaptainEricVGC has 30 seconds left.\n|\n|t:|1683818175\n|-terastallize|p2a: Iron Bundle|Water\n|move|p2b: Arcanine|Protect|p2b: Arcanine\n|-singleturn|p2b: Arcanine|Protect\n|move|p1b: Baxcalibur|Protect|p1b: Baxcalibur\n|-singleturn|p1b: Baxcalibur|Protect\n|move|p1a: Arcanine|Extreme Speed|p2a: Iron Bundle\n|-damage|p2a: Iron Bundle|84\/100\n|move|p2a: Iron Bundle|Chilling Water|p1a: Arcanine\n|-supereffective|p1a: Arcanine\n|-damage|p1a: Arcanine|19\/100\n|-unboost|p1a: Arcanine|atk|1\n|\n|upkeep\n|turn|6\n|inactive|CaptainEricVGC has 30 seconds left.\n|inactive|scrammed_eggs has 30 seconds left.\n|inactive|scrammed_eggs has 20 seconds left.\n|inactive|scrammed_eggs has 15 seconds left.\n|inactive|scrammed_eggs has 10 seconds left.\n|\n|t:|1683818223\n|-terastallize|p1b: Baxcalibur|Water\n|move|p1a: Arcanine|Extreme Speed|p2a: Iron Bundle\n|-damage|p2a: Iron Bundle|72\/100\n|move|p2a: Iron Bundle|Freeze-Dry|p1b: Baxcalibur\n|-supereffective|p1b: Baxcalibur\n|-damage|p1b: Baxcalibur|0 fnt\n|faint|p1b: Baxcalibur\n|move|p2b: Arcanine|Snarl|p1a: Arcanine\n|-damage|p1a: Arcanine|10\/100\n|-unboost|p1a: Arcanine|spa|1\n|\n|upkeep\n|\n|t:|1683818233\n|switch|p1b: Brute Bonnet|Brute Bonnet, L50|100\/100\n|turn|7\n|inactive|scrammed_eggs has 30 seconds left.\n|\n|t:|1683818260\n|move|p1a: Arcanine|Protect|p1a: Arcanine\n|-singleturn|p1a: Arcanine|Protect\n|move|p1b: Brute Bonnet|Protect|p1b: Brute Bonnet\n|-singleturn|p1b: Brute Bonnet|Protect\n|move|p2a: Iron Bundle|Icy Wind|p1a: Arcanine|[spread] \n|-activate|p1a: Arcanine|move: Protect\n|-activate|p1b: Brute Bonnet|move: Protect\n|move|p2b: Arcanine|Flare Blitz|p1b: Brute Bonnet\n|-activate|p1b: Brute Bonnet|move: Protect\n|\n|upkeep\n|turn|8\n|\n|t:|1683818282\n|move|p2a: Iron Bundle|Protect|p2a: Iron Bundle\n|-singleturn|p2a: Iron Bundle|Protect\n|move|p1a: Arcanine|Extreme Speed|p2a: Iron Bundle\n|-activate|p2a: Iron Bundle|move: Protect\n|move|p1b: Brute Bonnet|Sucker Punch||[still]\n|-fail|p1b: Brute Bonnet\n|move|p2b: Arcanine|Snarl|p1b: Brute Bonnet|[spread] p1a,p1b\n|-resisted|p1b: Brute Bonnet\n|-damage|p1a: Arcanine|3\/100\n|-damage|p1b: Brute Bonnet|97\/100\n|-unboost|p1a: Arcanine|spa|1\n|-unboost|p1b: Brute Bonnet|spa|1\n|\n|-sideend|p2: scrammed_eggs|Reflect\n|upkeep\n|turn|9\n|\n|t:|1683818295\n|move|p1a: Arcanine|Extreme Speed|p2a: Iron Bundle\n|-damage|p2a: Iron Bundle|56\/100\n|move|p1b: Brute Bonnet|Sucker Punch|p2a: Iron Bundle\n|-damage|p2a: Iron Bundle|0 fnt\n|faint|p2a: Iron Bundle\n|-end|p2a: Iron Bundle|Quark Drive|[silent]\n|-damage|p1b: Brute Bonnet|88\/100|[from] item: Life Orb\n|move|p2b: Arcanine|Flare Blitz|p1b: Brute Bonnet\n|-supereffective|p1b: Brute Bonnet\n|-damage|p1b: Brute Bonnet|41\/100\n|-damage|p2b: Arcanine|72\/100|[from] Recoil\n|\n|upkeep\n|\n|t:|1683818296\n|switch|p2a: Iron Hands|Iron Hands, L50|100\/100\n|turn|10\n|\n|t:|1683818312\n|move|p1a: Arcanine|Protect|p1a: Arcanine\n|-singleturn|p1a: Arcanine|Protect\n|move|p1b: Brute Bonnet|Protect|p1b: Brute Bonnet\n|-singleturn|p1b: Brute Bonnet|Protect\n|move|p2b: Arcanine|Snarl|p1a: Arcanine|[spread] \n|-activate|p1a: Arcanine|move: Protect\n|-activate|p1b: Brute Bonnet|move: Protect\n|move|p2a: Iron Hands|Drain Punch|p1b: Brute Bonnet\n|-activate|p1b: Brute Bonnet|move: Protect\n|\n|upkeep\n|turn|11\n|inactive|scrammed_eggs has 30 seconds left.\n|\n|t:|1683818346\n|move|p2b: Arcanine|Snarl|p1a: Arcanine|[spread] p1b\n|-miss|p2b: Arcanine|p1a: Arcanine\n|-resisted|p1b: Brute Bonnet\n|-damage|p1b: Brute Bonnet|38\/100\n|-unboost|p1b: Brute Bonnet|spa|1\n|move|p1a: Arcanine|Will-O-Wisp|p2a: Iron Hands\n|-status|p2a: Iron Hands|brn\n|move|p1b: Brute Bonnet|Seed Bomb|p2a: Iron Hands\n|-damage|p2a: Iron Hands|63\/100 brn\n|-damage|p1b: Brute Bonnet|28\/100|[from] item: Life Orb\n|move|p2a: Iron Hands|Drain Punch|p1b: Brute Bonnet\n|-supereffective|p1b: Brute Bonnet\n|-damage|p1b: Brute Bonnet|0 fnt\n|-heal|p2a: Iron Hands|74\/100 brn|[from] drain|[of] p1b: Brute Bonnet\n|faint|p1b: Brute Bonnet\n|-end|p1b: Brute Bonnet|Protosynthesis|[silent]\n|\n|-heal|p2a: Iron Hands|80\/100 brn|[from] item: Leftovers\n|-damage|p2a: Iron Hands|74\/100 brn|[from] brn\n|upkeep\n|\n|t:|1683818360\n|switch|p1b: Flutter Mane|Flutter Mane, L50|73\/100 par\n|turn|12\n|\n|t:|1683818381\n|move|p1a: Arcanine|Protect|p1a: Arcanine\n|-singleturn|p1a: Arcanine|Protect\n|move|p2b: Arcanine|Snarl|p1b: Flutter Mane|[spread] p1b\n|-activate|p1a: Arcanine|move: Protect\n|-damage|p1b: Flutter Mane|64\/100 par\n|-unboost|p1b: Flutter Mane|spa|1\n|cant|p1b: Flutter Mane|par\n|move|p2a: Iron Hands|Thunder Punch|p1b: Flutter Mane\n|-damage|p1b: Flutter Mane|28\/100 par\n|\n|-heal|p2a: Iron Hands|80\/100 brn|[from] item: Leftovers\n|-damage|p2a: Iron Hands|74\/100 brn|[from] brn\n|upkeep\n|turn|13\n|c|\u2606scrammed_eggs|I'm playing very annoying rn sorry\n|c|\u2606scrammed_eggs|admittedly so r u w constant double protect\n|\n|t:|1683818400\n|move|p2b: Arcanine|Snarl|p1a: Arcanine|[spread] p1a,p1b\n|-damage|p1a: Arcanine|0 fnt\n|-damage|p1b: Flutter Mane|20\/100 par\n|-unboost|p1b: Flutter Mane|spa|1\n|faint|p1a: Arcanine\n|cant|p1b: Flutter Mane|par\n|move|p2a: Iron Hands|Thunder Punch|p1b: Flutter Mane\n|-damage|p1b: Flutter Mane|0 fnt\n|faint|p1b: Flutter Mane\n|-end|p1b: Flutter Mane|Protosynthesis|[silent]\n|\n|win|scrammed_eggs\n|raw|CaptainEricVGC's rating: 1135 → 1117<\/strong> (-18 for losing)\n|raw|scrammed_eggs's rating: 1230 → 1248<\/strong> (+18 for winning)\n|c|\u2606CaptainEricVGC|it's not annoying\n|c|\u2606CaptainEricVGC|game is the game\n|c|\u2606CaptainEricVGC|gg\n","uploadtime":1683818417,"views":12,"p1id":"captainericvgc","p2id":"scrammedeggs","formatid":"gen9vgc2023regulationc","rating":1117,"private":0,"password":""}