{"id":"gen9vgc2023regulationc-1850685740","p1":"ImLordKai","p2":"PiccoloRuiz","format":"[Gen 9] VGC 2023 Regulation C","log":"|j|\u2606ImLordKai\n|j|\u2606PiccoloRuiz\n|t:|1682359030\n|gametype|doubles\n|player|p1|ImLordKai|170|1182\n|player|p2|PiccoloRuiz|valerie|1234\n|teamsize|p1|6\n|teamsize|p2|6\n|gen|9\n|tier|[Gen 9] VGC 2023 Regulation C\n|rated|\n|rule|Species Clause: Limit one of each Pok\u00e9mon\n|rule|Item Clause: Limit one of each item\n|clearpoke\n|poke|p1|Tyranitar, L50, M|\n|poke|p1|Lycanroc, L50, M|\n|poke|p1|Gyarados, L50, M|\n|poke|p1|Flutter Mane, L50|\n|poke|p1|Amoonguss, L50, M|\n|poke|p1|Annihilape, L50, F|\n|poke|p2|Flutter Mane, L50|\n|poke|p2|Amoonguss, L50, F|\n|poke|p2|Gyarados, L50, F|\n|poke|p2|Arcanine, L50, F|\n|poke|p2|Ting-Lu, L50|\n|poke|p2|Baxcalibur, L50, F|\n|teampreview|4\n|inactive|Battle timer is ON: inactive players will automatically lose when time's up. (requested by ImLordKai)\nImLordKai has agreed to open team sheets.\n|inactive|PiccoloRuiz has 60 seconds left.\n|\n|t:|1682359071\n|start\n|switch|p1a: Gyarados|Gyarados, L50, M|100\/100\n|switch|p1b: Amoonguss|Amoonguss, L50, M|100\/100\n|switch|p2a: Flutter Mane|Flutter Mane, L50|100\/100\n|switch|p2b: Brita|Amoonguss, L50, F, shiny|100\/100\n|-ability|p1a: Gyarados|Intimidate|boost\n|-unboost|p2a: Flutter Mane|atk|1\n|-unboost|p2b: Brita|atk|1\n|-enditem|p2a: Flutter Mane|Booster Energy\n|-activate|p2a: Flutter Mane|ability: Protosynthesis|[fromitem]\n|-start|p2a: Flutter Mane|protosynthesisspa\n|turn|1\n|\n|t:|1682359089\n|-end|p2a: Flutter Mane|Protosynthesis|[silent]\n|switch|p2a: Raja|Arcanine, L50, F|100\/100\n|-ability|p2a: Raja|Intimidate|boost\n|-unboost|p1a: Gyarados|atk|1\n|-unboost|p1b: Amoonguss|atk|1\n|switch|p1b: Annihilape|Annihilape, L50, F|100\/100\n|move|p1a: Gyarados|Taunt|p2b: Brita\n|-start|p2b: Brita|move: Taunt\n|cant|p2b: Brita|move: Taunt|Spore\n|\n|upkeep\n|turn|2\n|\n|t:|1682359108\n|move|p1a: Gyarados|Waterfall|p2a: Raja\n|-supereffective|p2a: Raja\n|-damage|p2a: Raja|51\/100\n|move|p2a: Raja|Will-O-Wisp|p1b: Annihilape\n|-status|p1b: Annihilape|brn\n|move|p1b: Annihilape|Bulk Up|p1b: Annihilape\n|-boost|p1b: Annihilape|atk|1\n|-boost|p1b: Annihilape|def|1\n|move|p2b: Brita|Pollen Puff|p2a: Raja\n|-heal|p2a: Raja|100\/100\n|\n|-damage|p1b: Annihilape|94\/100 brn|[from] brn\n|upkeep\n|turn|3\n|\n|t:|1682359131\n|switch|p2b: Flutter Mane|Flutter Mane, L50|100\/100\n|move|p2a: Raja|Protect|p2a: Raja\n|-singleturn|p2a: Raja|Protect\n|move|p1a: Gyarados|Taunt|p2a: Raja\n|-activate|p2a: Raja|move: Protect\n|move|p1b: Annihilape|Bulk Up|p1b: Annihilape\n|-boost|p1b: Annihilape|atk|1\n|-boost|p1b: Annihilape|def|1\n|\n|-heal|p1b: Annihilape|100\/100 brn|[from] item: Leftovers\n|-damage|p1b: Annihilape|94\/100 brn|[from] brn\n|upkeep\n|turn|4\n|\n|t:|1682359153\n|switch|p2a: Brita|Amoonguss, L50, F, shiny|100\/100\n|-terastallize|p2b: Flutter Mane|Fairy\n|-terastallize|p1b: Annihilape|Fire\n|move|p2b: Flutter Mane|Moonblast|p1b: Annihilape\n|-resisted|p1b: Annihilape\n|-damage|p1b: Annihilape|65\/100 brn\n|move|p1a: Gyarados|Iron Head|p2b: Flutter Mane\n|-supereffective|p2b: Flutter Mane\n|-damage|p2b: Flutter Mane|38\/100\n|move|p1b: Annihilape|Bulk Up|p1b: Annihilape\n|-boost|p1b: Annihilape|atk|1\n|-boost|p1b: Annihilape|def|1\n|\n|-heal|p1b: Annihilape|71\/100 brn|[from] item: Leftovers\n|-damage|p1b: Annihilape|65\/100 brn|[from] brn\n|upkeep\n|turn|5\n|inactive|ImLordKai has 30 seconds left.\n|inactive|PiccoloRuiz has 30 seconds left.\n|\n|t:|1682359187\n|-end|p2b: Flutter Mane|Protosynthesis|[silent]\n|switch|p2b: Bianca|Gyarados, L50, F, shiny|100\/100\n|-ability|p2b: Bianca|Intimidate|boost\n|-unboost|p1a: Gyarados|atk|1\n|-unboost|p1b: Annihilape|atk|1\n|-ability|p1b: Annihilape|Defiant|boost\n|-boost|p1b: Annihilape|atk|2\n|move|p2a: Brita|Rage Powder|p2a: Brita\n|-singleturn|p2a: Brita|move: Rage Powder\n|move|p1a: Gyarados|Taunt|p2a: Brita\n|-start|p2a: Brita|move: Taunt\n|move|p1b: Annihilape|Rage Fist|p2a: Brita\n|-damage|p2a: Brita|41\/100\n|-damage|p1b: Annihilape|48\/100 brn|[from] item: Rocky Helmet|[of] p2a: Brita\n|\n|-heal|p1b: Annihilape|54\/100 brn|[from] item: Leftovers\n|-damage|p1b: Annihilape|48\/100 brn|[from] brn\n|upkeep\n|turn|6\n|inactive|ImLordKai has 30 seconds left.\n|inactive|ImLordKai has 20 seconds left.\n|inactive|ImLordKai has 15 seconds left.\n|inactive|ImLordKai has 10 seconds left.\n|\n|t:|1682359237\n|switch|p2a: Raja|Arcanine, L50, F|100\/100\n|-ability|p2a: Raja|Intimidate|boost\n|-unboost|p1a: Gyarados|atk|1\n|-unboost|p1b: Annihilape|atk|1\n|-ability|p1b: Annihilape|Defiant|boost\n|-boost|p1b: Annihilape|atk|2\n|move|p1b: Annihilape|Protect|p1b: Annihilape\n|-singleturn|p1b: Annihilape|Protect\n|move|p1a: Gyarados|Waterfall|p2a: Raja\n|-supereffective|p2a: Raja\n|-damage|p2a: Raja|69\/100\n|move|p2b: Bianca|Waterfall|p1b: Annihilape\n|-activate|p1b: Annihilape|move: Protect\n|\n|-heal|p1b: Annihilape|54\/100 brn|[from] item: Leftovers\n|-damage|p1b: Annihilape|48\/100 brn|[from] brn\n|upkeep\n|turn|7\n|inactive|ImLordKai has 30 seconds left.\n|\n|t:|1682359268\n|switch|p1a: Amoonguss|Amoonguss, L50, M|100\/100\n|move|p2a: Raja|Howl|p2a: Raja|[spread] p2a,p2b\n|-boost|p2a: Raja|atk|1\n|-boost|p2b: Bianca|atk|1\n|move|p1b: Annihilape|Drain Punch|p2a: Raja\n|-damage|p2a: Raja|7\/100\n|-heal|p1b: Annihilape|77\/100 brn|[from] drain|[of] p2a: Raja\n|move|p2b: Bianca|Waterfall|p1b: Annihilape\n|-supereffective|p1b: Annihilape\n|-damage|p1b: Annihilape|38\/100 brn\n|\n|-heal|p1b: Annihilape|44\/100 brn|[from] item: Leftovers\n|-damage|p1b: Annihilape|38\/100 brn|[from] brn\n|upkeep\n|turn|8\n|\n|t:|1682359291\n|switch|p2a: Brita|Amoonguss, L50, F, shiny|74\/100\n|move|p1a: Amoonguss|Rage Powder|p1a: Amoonguss\n|-singleturn|p1a: Amoonguss|move: Rage Powder\n|move|p1b: Annihilape|Rage Fist|p2b: Bianca\n|-damage|p2b: Bianca|0 fnt\n|faint|p2b: Bianca\n|\n|-heal|p1b: Annihilape|44\/100 brn|[from] item: Leftovers\n|-damage|p1b: Annihilape|38\/100 brn|[from] brn\n|upkeep\n|\n|t:|1682359304\n|switch|p2b: Flutter Mane|Flutter Mane, L50, tera:Fairy|38\/100\n|turn|9\n|inactive|ImLordKai has 30 seconds left.\n|c|\u2606PiccoloRuiz|Mueveeeeeee\n|inactive|ImLordKai has 20 seconds left.\n|\n|t:|1682359342\n|move|p2b: Flutter Mane|Protect|p2b: Flutter Mane\n|-singleturn|p2b: Flutter Mane|Protect\n|move|p2a: Brita|Protect|p2a: Brita\n|-singleturn|p2a: Brita|Protect\n|move|p1b: Annihilape|Rage Fist|p2b: Flutter Mane\n|-activate|p2b: Flutter Mane|move: Protect\n|move|p1a: Amoonguss|Pollen Puff|p1b: Annihilape\n|-heal|p1b: Annihilape|88\/100 brn\n|\n|-heal|p1b: Annihilape|94\/100 brn|[from] item: Leftovers\n|-damage|p1b: Annihilape|88\/100 brn|[from] brn\n|upkeep\n|turn|10\n|\n|t:|1682359363\n|move|p2a: Brita|Rage Powder|p2a: Brita\n|-singleturn|p2a: Brita|move: Rage Powder\n|move|p1a: Amoonguss|Rage Powder|p1a: Amoonguss\n|-singleturn|p1a: Amoonguss|move: Rage Powder\n|move|p2b: Flutter Mane|Shadow Ball|p1a: Amoonguss\n|-damage|p1a: Amoonguss|71\/100\n|move|p1b: Annihilape|Rage Fist|p2a: Brita\n|-damage|p2a: Brita|0 fnt\n|-damage|p1b: Annihilape|71\/100 brn|[from] item: Rocky Helmet|[of] p2a: Brita\n|faint|p2a: Brita\n|\n|-heal|p1b: Annihilape|77\/100 brn|[from] item: Leftovers\n|-damage|p1b: Annihilape|71\/100 brn|[from] brn\n|upkeep\n|c|\u2606PiccoloRuiz|Que asco de verdad basura\n|inactiveoff|Battle timer is now OFF.\n|l|\u2606PiccoloRuiz\n|player|p2|\n|c|\u2606ImLordKai|wot\n|inactive|Battle timer is ON: inactive players will automatically lose when time's up. (requested by ImLordKai)\n|inactive|PiccoloRuiz has 30 seconds left.\n|inactive|PiccoloRuiz has 20 seconds left.\n|inactive|PiccoloRuiz has 15 seconds left.\n|inactive|PiccoloRuiz has 10 seconds left.\n|inactive|PiccoloRuiz has 5 seconds left.\n|-message|PiccoloRuiz lost due to inactivity.\n|\n|win|ImLordKai\n|raw|ImLordKai's rating: 1182 → 1211<\/strong> (+29 for winning)\n|raw|PiccoloRuiz's rating: 1234 → 1205<\/strong> (-29 for losing)\n","uploadtime":1682359501,"views":16,"p1id":"imlordkai","p2id":"piccoloruiz","formatid":"gen9vgc2023regulationc","rating":1205,"private":0,"password":""}