{"id":"gen9vgc2023regulationc-1859142551","p1":"JusticetheJust","p2":"TGH_sr","format":"[Gen 9] VGC 2023 Regulation C","log":"|j|\u2606JusticetheJust\n|j|\u2606TGH_sr\n|t:|1683409594\n|gametype|doubles\n|player|p1|JusticetheJust|palmer|1295\n|player|p2|TGH_sr|steven|1362\n|teamsize|p1|6\n|teamsize|p2|6\n|gen|9\n|tier|[Gen 9] VGC 2023 Regulation C\n|rated|\n|rule|Species Clause: Limit one of each Pok\u00e9mon\n|rule|Item Clause: Limit one of each item\n|clearpoke\n|poke|p1|Flutter Mane, L50|\n|poke|p1|Annihilape, L50, F|\n|poke|p1|Arcanine, L50, F|\n|poke|p1|Maushold-Four, L50|\n|poke|p1|Chien-Pao, L50|\n|poke|p1|Dragonite, L50, M|\n|poke|p2|Talonflame, L50, F|\n|poke|p2|Garchomp, L50, F|\n|poke|p2|Kingambit, L50, M|\n|poke|p2|Iron Bundle, L50|\n|poke|p2|Flutter Mane, L50|\n|poke|p2|Amoonguss, L50, M|\n|teampreview|4\n|inactive|Battle timer is ON: inactive players will automatically lose when time's up. (requested by JusticetheJust)\nTGH_sr has agreed to open team sheets.\n|inactive|TGH_sr has 60 seconds left.\n|\n|t:|1683409645\n|start\n|switch|p1a: Maushold|Maushold-Four, L50|100\/100\n|switch|p1b: Dragonite|Dragonite, L50, M|100\/100\n|switch|p2a: Talonflame|Talonflame, L50, F|100\/100\n|switch|p2b: Garchomp|Garchomp, L50, F|100\/100\n|turn|1\n|inactive|TGH_sr has 30 seconds left.\n|\n|t:|1683409676\n|switch|p2a: Kingambit|Kingambit, L50, M|100\/100\n|move|p2b: Garchomp|Protect|p2b: Garchomp\n|-singleturn|p2b: Garchomp|Protect\n|move|p1a: Maushold|Population Bomb|p2a: Kingambit\n|-resisted|p2a: Kingambit\n|-damage|p2a: Kingambit|96\/100\n|-resisted|p2a: Kingambit\n|-damage|p2a: Kingambit|92\/100\n|-resisted|p2a: Kingambit\n|-damage|p2a: Kingambit|87\/100\n|-resisted|p2a: Kingambit\n|-damage|p2a: Kingambit|83\/100\n|-resisted|p2a: Kingambit\n|-damage|p2a: Kingambit|78\/100\n|-resisted|p2a: Kingambit\n|-damage|p2a: Kingambit|74\/100\n|-resisted|p2a: Kingambit\n|-damage|p2a: Kingambit|69\/100\n|-resisted|p2a: Kingambit\n|-damage|p2a: Kingambit|64\/100\n|-resisted|p2a: Kingambit\n|-damage|p2a: Kingambit|60\/100\n|-resisted|p2a: Kingambit\n|-damage|p2a: Kingambit|55\/100\n|-hitcount|p2a: Kingambit|10\n|move|p1b: Dragonite|Dragon Dance|p1b: Dragonite\n|-boost|p1b: Dragonite|atk|1\n|-boost|p1b: Dragonite|spe|1\n|\n|upkeep\n|turn|2\n|inactive|TGH_sr has 30 seconds left.\n|inactive|TGH_sr has 20 seconds left.\n|inactive|TGH_sr has 15 seconds left.\n|\n|t:|1683409720\n|-terastallize|p1b: Dragonite|Ground\n|move|p1a: Maushold|Protect|p1a: Maushold\n|-singleturn|p1a: Maushold|Protect\n|move|p1b: Dragonite|Earthquake|p2a: Kingambit|[spread] p2a,p2b\n|-activate|p1a: Maushold|move: Protect\n|-supereffective|p2a: Kingambit\n|-damage|p2a: Kingambit|0 fnt\n|-damage|p2b: Garchomp|59\/100\n|faint|p2a: Kingambit\n|move|p2b: Garchomp|Dragon Claw|p1b: Dragonite\n|-damage|p1b: Dragonite|74\/100\n|-damage|p2b: Garchomp|49\/100|[from] item: Life Orb\n|\n|-heal|p1b: Dragonite|80\/100|[from] item: Leftovers\n|upkeep\n|\n|t:|1683409736\n|switch|p2a: Flutter Mane|Flutter Mane, L50|100\/100\n|turn|3\n|inactive|TGH_sr has 30 seconds left.\n|\n|t:|1683409768\n|-terastallize|p2a: Flutter Mane|Fairy\n|move|p1b: Dragonite|Protect|p1b: Dragonite\n|-singleturn|p1b: Dragonite|Protect\n|move|p2a: Flutter Mane|Dazzling Gleam|p1b: Dragonite|[spread] p1a\n|-activate|p1b: Dragonite|move: Protect\n|-damage|p1a: Maushold|15\/100\n|move|p1a: Maushold|Trailblaze|p2a: Flutter Mane\n|-damage|p2a: Flutter Mane|67\/100\n|-boost|p1a: Maushold|spe|1\n|move|p2b: Garchomp|Dragon Claw|p1b: Dragonite\n|-activate|p1b: Dragonite|move: Protect\n|\n|-heal|p1b: Dragonite|86\/100|[from] item: Leftovers\n|upkeep\n|turn|4\n|\n|t:|1683409791\n|move|p1a: Maushold|Population Bomb|p2a: Flutter Mane\n|-damage|p2a: Flutter Mane|45\/100\n|-damage|p2a: Flutter Mane|25\/100\n|-damage|p2a: Flutter Mane|4\/100\n|-damage|p2a: Flutter Mane|0 fnt\n|faint|p2a: Flutter Mane\n|-end|p2a: Flutter Mane|Protosynthesis|[silent]\n|-hitcount|p2: Flutter Mane|4\n|move|p1b: Dragonite|Earthquake|p2b: Garchomp|[spread] p1a,p2b\n|-damage|p1a: Maushold|0 fnt\n|-damage|p2b: Garchomp|6\/100\n|faint|p1a: Maushold\n|move|p2b: Garchomp|Dragon Claw|p1b: Dragonite\n|-damage|p1b: Dragonite|31\/100\n|-damage|p2b: Garchomp|0 fnt|[from] item: Life Orb\n|faint|p2b: Garchomp\n|\n|-heal|p1b: Dragonite|37\/100|[from] item: Leftovers\n|upkeep\n|\n|t:|1683409814\n|switch|p1a: Arcanine|Arcanine, L50, F|100\/100\n|switch|p2b: Talonflame|Talonflame, L50, F|100\/100\n|-ability|p1a: Arcanine|Intimidate|boost\n|-unboost|p2b: Talonflame|atk|1\n|turn|5\n|\n|t:|1683409822\n|move|p1a: Arcanine|Extreme Speed|p2b: Talonflame\n|-damage|p2b: Talonflame|68\/100\n|-damage|p1a: Arcanine|84\/100|[from] item: Rocky Helmet|[of] p2b: Talonflame\n|move|p2b: Talonflame|Brave Bird|p1b: Dragonite\n|-damage|p1b: Dragonite|14\/100\n|-damage|p2b: Talonflame|60\/100|[from] Recoil\n|move|p1b: Dragonite|Roost|p1b: Dragonite\n|-heal|p1b: Dragonite|64\/100\n|\n|-heal|p1b: Dragonite|70\/100|[from] item: Leftovers\n|upkeep\n|turn|6\n|\n|t:|1683409844\n|switch|p1b: Chien-Pao|Chien-Pao, L50|100\/100\n|-ability|p1b: Chien-Pao|Sword of Ruin\n|move|p1a: Arcanine|Extreme Speed|p2b: Talonflame\n|-damage|p2b: Talonflame|14\/100\n|-damage|p1a: Arcanine|68\/100|[from] item: Rocky Helmet|[of] p2b: Talonflame\n|move|p2b: Talonflame|Brave Bird|p1a: Arcanine\n|-damage|p1a: Arcanine|19\/100\n|-damage|p2b: Talonflame|0 fnt|[from] Recoil\n|faint|p2b: Talonflame\n|\n|win|JusticetheJust\n|raw|JusticetheJust's rating: 1295 → 1325<\/strong> (+30 for winning)\n|raw|TGH_sr's rating: 1362 → 1338<\/strong> (-24 for losing)\n|l|\u2606JusticetheJust\n","uploadtime":1683409857,"views":7,"p1id":"justicethejust","p2id":"tghsr","formatid":"gen9vgc2023regulationc","rating":1325,"private":0,"password":""}