{"id":"gen9vgc2023regulationc-1856866408","p1":"oOPrimeHunterOo","p2":"BabySlayer19","format":"[Gen 9] VGC 2023 Regulation C","log":"|j|\u2606oOPrimeHunterOo\n|j|\u2606BabySlayer19\n|t:|1683120877\n|gametype|doubles\n|player|p1|oOPrimeHunterOo|dawn|1035\n|player|p2|BabySlayer19|170|1019\n|teamsize|p1|6\n|teamsize|p2|6\n|gen|9\n|tier|[Gen 9] VGC 2023 Regulation C\n|rated|\n|rule|Species Clause: Limit one of each Pok\u00e9mon\n|rule|Item Clause: Limit one of each item\n|clearpoke\n|poke|p1|Abomasnow, L50, M|\n|poke|p1|Glaceon, L50, F|\n|poke|p1|Baxcalibur, L50, M|\n|poke|p1|Cloyster, L50, M|\n|poke|p1|Frosmoth, L50, F|\n|poke|p1|Chien-Pao, L50|\n|poke|p2|Pincurchin, L50, M|\n|poke|p2|Iron Jugulis, L50|\n|poke|p2|Garchomp, L50, M|\n|poke|p2|Iron Bundle, L50|\n|poke|p2|Iron Treads, L50|\n|poke|p2|Kilowattrel, L50, F|\n|teampreview|4\n|inactive|Battle timer is ON: inactive players will automatically lose when time's up. (requested by BabySlayer19)\n|inactive|oOPrimeHunterOo also wants the timer to be on.\n|\n|t:|1683120906\n|start\n|switch|p1a: Baxcalibur|Baxcalibur, L50, M|100\/100\n|switch|p1b: Glaceon|Glaceon, L50, F|100\/100\n|switch|p2a: Pincurchin|Pincurchin, L50, M|100\/100\n|switch|p2b: Iron Treads|Iron Treads, L50|100\/100\n|-item|p2b: Iron Treads|Air Balloon\n|-fieldstart|move: Electric Terrain|[from] ability: Electric Surge|[of] p2a: Pincurchin\n|-activate|p2b: Iron Treads|ability: Quark Drive\n|-start|p2b: Iron Treads|quarkdriveatk\n|turn|1\n|inactive|oOPrimeHunterOo has 30 seconds left.\n|inactive|oOPrimeHunterOo has 20 seconds left.\n|inactive|oOPrimeHunterOo has 15 seconds left.\n|inactive|oOPrimeHunterOo has 10 seconds left.\n|\n|t:|1683120954\n|switch|p1a: Abomasnow|Abomasnow, L50, M|100\/100\n|-weather|Snow|[from] ability: Snow Warning|[of] p1a: Abomasnow\n|move|p2b: Iron Treads|Iron Head|p1b: Glaceon\n|-supereffective|p1b: Glaceon\n|-damage|p1b: Glaceon|34\/100\n|-enditem|p1b: Glaceon|Weakness Policy\n|-boost|p1b: Glaceon|atk|2|[from] item: Weakness Policy\n|-boost|p1b: Glaceon|spa|2|[from] item: Weakness Policy\n|move|p1b: Glaceon|Blizzard|p2b: Iron Treads|[spread] p2a,p2b\n|-damage|p2a: Pincurchin|0 fnt\n|-damage|p2b: Iron Treads|0 fnt\n|-enditem|p2b: Iron Treads|Air Balloon\n|faint|p2a: Pincurchin\n|faint|p2b: Iron Treads\n|-end|p2b: Iron Treads|Quark Drive|[silent]\n|\n|-weather|Snow|[upkeep]\n|-heal|p1b: Glaceon|40\/100|[from] ability: Ice Body\n|upkeep\n|\n|t:|1683120968\n|switch|p2b: Kilowattrel|Kilowattrel, L50, F|100\/100\n|switch|p2a: Iron Jugulis|Iron Jugulis, L50, shiny|100\/100\n|-activate|p2a: Iron Jugulis|ability: Quark Drive\n|-start|p2a: Iron Jugulis|quarkdrivespa\n|turn|2\n|\n|t:|1683120981\n|-terastallize|p2a: Iron Jugulis|Fire\n|move|p1b: Glaceon|Protect|p1b: Glaceon\n|-singleturn|p1b: Glaceon|Protect\n|move|p2b: Kilowattrel|Tailwind|p2b: Kilowattrel\n|-sidestart|p2: BabySlayer19|move: Tailwind\n|move|p2a: Iron Jugulis|Heat Wave|p1b: Glaceon|[spread] p1a\n|-activate|p1b: Glaceon|move: Protect\n|-supereffective|p1a: Abomasnow\n|-damage|p1a: Abomasnow|0 fnt\n|faint|p1a: Abomasnow\n|\n|-weather|Snow|[upkeep]\n|-heal|p1b: Glaceon|46\/100|[from] ability: Ice Body\n|upkeep\n|\n|t:|1683120996\n|switch|p1a: Baxcalibur|Baxcalibur, L50, M|100\/100\n|turn|3\n|\n|t:|1683121009\n|-terastallize|p1b: Glaceon|Fire\n|move|p2b: Kilowattrel|Air Slash|p1a: Baxcalibur\n|-damage|p1a: Baxcalibur|64\/100\n|move|p2a: Iron Jugulis|Heat Wave|p1a: Baxcalibur|[spread] p1a,p1b\n|-resisted|p1b: Glaceon\n|-damage|p1a: Baxcalibur|0 fnt\n|-damage|p1b: Glaceon|5\/100\n|faint|p1a: Baxcalibur\n|move|p1b: Glaceon|Blizzard|p2b: Kilowattrel|[spread] p2a,p2b\n|-resisted|p2a: Iron Jugulis\n|-supereffective|p2b: Kilowattrel\n|-damage|p2a: Iron Jugulis|43\/100\n|-damage|p2b: Kilowattrel|0 fnt\n|faint|p2b: Kilowattrel\n|\n|-weather|Snow|[upkeep]\n|-heal|p1b: Glaceon|11\/100|[from] ability: Ice Body\n|upkeep\n|\n|t:|1683121022\n|switch|p1a: Cloyster|Cloyster, L50, M|100\/100\n|turn|4\n|\n|t:|1683121028\n|move|p1b: Glaceon|Protect|p1b: Glaceon\n|-singleturn|p1b: Glaceon|Protect\n|move|p2a: Iron Jugulis|Heat Wave|p1a: Cloyster|[spread] p1a\n|-activate|p1b: Glaceon|move: Protect\n|-damage|p1a: Cloyster|0 fnt\n|faint|p1a: Cloyster\n|\n|-weather|Snow|[upkeep]\n|-heal|p1b: Glaceon|17\/100|[from] ability: Ice Body\n|upkeep\n|turn|5\n|\n|t:|1683121040\n|move|p2a: Iron Jugulis|Heat Wave|p1b: Glaceon\n|-resisted|p1b: Glaceon\n|-damage|p1b: Glaceon|0 fnt\n|faint|p1b: Glaceon\n|\n|win|BabySlayer19\n|raw|oOPrimeHunterOo's rating: 1035 → 1019<\/strong> (-16 for losing)\n|raw|BabySlayer19's rating: 1019 → 1058<\/strong> (+39 for winning)\n","uploadtime":1683121048,"views":8,"p1id":"ooprimehunteroo","p2id":"babyslayer19","formatid":"gen9vgc2023regulationc","rating":1019,"private":0,"password":""}