{"id":"gen9vgc2023regulationc-1845928671","p1":"GS \u00a6 Leelep","p2":"wesleihas","format":"[Gen 9] VGC 2023 Regulation C","log":"|j|\u2606GS \u00a6 Leelep\n|j|\u2606wesleihas\n|t:|1681780356\n|gametype|doubles\n|player|p1|GS \u00a6 Leelep|riley|\n|player|p2|wesleihas|170|\n|teamsize|p1|6\n|teamsize|p2|6\n|gen|9\n|tier|[Gen 9] VGC 2023 Regulation C\n|rule|Species Clause: Limit one of each Pok\u00e9mon\n|rule|Item Clause: Limit one of each item\n|clearpoke\n|poke|p1|Chien-Pao, L50|\n|poke|p1|Amoonguss, L50, F|\n|poke|p1|Volcarona, L50, F|\n|poke|p1|Dragapult, L50, M|\n|poke|p1|Ting-Lu, L50|\n|poke|p1|Dragonite, L50, M|\n|poke|p2|Ting-Lu, L50|\n|poke|p2|Corviknight, L50, M|\n|poke|p2|Scream Tail, L50|\n|poke|p2|Kingambit, L50, M|\n|poke|p2|Flutter Mane, L50|\n|poke|p2|Gyarados, L50, M|\n|teampreview|4\nGS \u00a6 Leelep has agreed to open team sheets.\n|c|\u2606wesleihas|g2\n|c|\u2606GS \u00a6 Leelep|G2\nwesleihas has agreed to open team sheets.\n|\n|t:|1681780716\n|start\n|switch|p1a: Ting-Lu|Ting-Lu, L50|100\/100\n|switch|p1b: Dragapult|Dragapult, L50, M|100\/100\n|switch|p2a: Ting-Lu|Ting-Lu, L50|100\/100\n|switch|p2b: Gyarados|Gyarados, L50, M, shiny|100\/100\n|-ability|p2b: Gyarados|Intimidate|boost\n|-unboost|p1a: Ting-Lu|atk|1\n|-fail|p1b: Dragapult|unboost|[from] ability: Clear Body|[of] p1b: Dragapult\n|-ability|p1a: Ting-Lu|Vessel of Ruin\n|-ability|p2a: Ting-Lu|Vessel of Ruin\n|turn|1\n|\n|t:|1681780761\n|move|p1b: Dragapult|Protect|p1b: Dragapult\n|-singleturn|p1b: Dragapult|Protect\n|move|p2a: Ting-Lu|Protect|p2a: Ting-Lu\n|-singleturn|p2a: Ting-Lu|Protect\n|move|p2b: Gyarados|Waterfall|p1a: Ting-Lu\n|-supereffective|p1a: Ting-Lu\n|-damage|p1a: Ting-Lu|50\/100\n|move|p1a: Ting-Lu|Fissure|p2a: Ting-Lu\n|-activate|p2a: Ting-Lu|move: Protect\n|\n|upkeep\n|turn|2\n|\n|t:|1681780794\n|switch|p1a: Chien-Pao|Chien-Pao, L50|100\/100\n|-ability|p1a: Chien-Pao|Sword of Ruin\n|move|p1b: Dragapult|Dragon Darts|p2a: Ting-Lu\n|-damage|p2a: Ting-Lu|77\/100\n|-anim|p1b: Dragapult|Dragon Darts|p2b: Gyarados\n|-damage|p2b: Gyarados|52\/100\n|-damage|p1b: Dragapult|91\/100|[from] item: Life Orb\n|move|p2b: Gyarados|Waterfall|p1a: Chien-Pao\n|-damage|p1a: Chien-Pao|36\/100\n|move|p2a: Ting-Lu|Earthquake|p1a: Chien-Pao|[spread] p1a,p1b\n|-immune|p2b: Gyarados\n|-damage|p1a: Chien-Pao|0 fnt\n|-damage|p1b: Dragapult|18\/100\n|faint|p1a: Chien-Pao\n|\n|-heal|p2a: Ting-Lu|83\/100|[from] item: Leftovers\n|upkeep\n|\n|t:|1681780816\n|switch|p1a: Volcarona|Volcarona, L50, F, shiny|100\/100\n|turn|3\n|\n|t:|1681780834\n|move|p1a: Volcarona|Protect|p1a: Volcarona\n|-singleturn|p1a: Volcarona|Protect\n|move|p1b: Dragapult|Phantom Force||[still]\n|-prepare|p1b: Dragapult|Phantom Force\n|move|p2b: Gyarados|Thunder Wave|p1a: Volcarona\n|-activate|p1a: Volcarona|move: Protect\n|move|p2a: Ting-Lu|Rock Slide|p1a: Volcarona|[spread] \n|-miss|p2a: Ting-Lu|p1b: Dragapult\n|-activate|p1a: Volcarona|move: Protect\n|\n|-heal|p2a: Ting-Lu|89\/100|[from] item: Leftovers\n|upkeep\n|turn|4\n|\n|t:|1681780867\n|switch|p2b: Corviknight|Corviknight, L50, M|100\/100\n|-terastallize|p1a: Volcarona|Water\n|move|p1b: Dragapult|Phantom Force|p2b: Corviknight|[from]lockedmove\n|-damage|p2b: Corviknight|60\/100\n|-damage|p1b: Dragapult|8\/100|[from] item: Life Orb\n|move|p1a: Volcarona|Will-O-Wisp|p2a: Ting-Lu\n|-status|p2a: Ting-Lu|brn\n|move|p2a: Ting-Lu|Earthquake|p1b: Dragapult|[spread] p1a,p1b\n|-immune|p2b: Corviknight\n|-damage|p1a: Volcarona|79\/100\n|-damage|p1b: Dragapult|0 fnt\n|faint|p1b: Dragapult\n|\n|-heal|p2a: Ting-Lu|95\/100 brn|[from] item: Leftovers\n|-damage|p2a: Ting-Lu|89\/100 brn|[from] brn\n|upkeep\n|\n|t:|1681780880\n|switch|p1b: Ting-Lu|Ting-Lu, L50|50\/100\n|-ability|p1b: Ting-Lu|Vessel of Ruin\n|turn|5\n|\n|t:|1681780901\n|switch|p2a: Gyarados|Gyarados, L50, M, shiny|52\/100\n|-ability|p2a: Gyarados|Intimidate|boost\n|-unboost|p1a: Volcarona|atk|1\n|-unboost|p1b: Ting-Lu|atk|1\n|move|p1a: Volcarona|Will-O-Wisp|p2b: Corviknight\n|-status|p2b: Corviknight|brn\n|-enditem|p2b: Corviknight|Lum Berry|[eat]\n|-curestatus|p2b: Corviknight|brn|[msg]\n|move|p2b: Corviknight|Body Press|p1b: Ting-Lu\n|-supereffective|p1b: Ting-Lu\n|-damage|p1b: Ting-Lu|23\/100\n|move|p1b: Ting-Lu|Fissure|p2a: Gyarados\n|-immune|p2a: Gyarados\n|\n|upkeep\n|turn|6\n|\n|t:|1681780930\n|move|p1a: Volcarona|Overheat|p2b: Corviknight\n|-supereffective|p2b: Corviknight\n|-damage|p2b: Corviknight|0 fnt\n|-unboost|p1a: Volcarona|spa|2\n|faint|p2b: Corviknight\n|move|p2a: Gyarados|Waterfall|p1b: Ting-Lu\n|-supereffective|p1b: Ting-Lu\n|-damage|p1b: Ting-Lu|0 fnt\n|faint|p1b: Ting-Lu\n|\n|upkeep\n|\n|t:|1681780945\n|switch|p2b: Ting-Lu|Ting-Lu, L50|89\/100 brn\n|-ability|p2b: Ting-Lu|Vessel of Ruin\n|turn|7\n|\n|t:|1681780955\n|move|p1a: Volcarona|Will-O-Wisp|p2a: Gyarados\n|-status|p2a: Gyarados|brn\n|move|p2a: Gyarados|Thunder Wave|p1a: Volcarona\n|-status|p1a: Volcarona|par\n|move|p2b: Ting-Lu|Earthquake|p1a: Volcarona|[spread] p1a\n|-immune|p2a: Gyarados\n|-damage|p1a: Volcarona|57\/100 par\n|\n|-heal|p2b: Ting-Lu|95\/100 brn|[from] item: Leftovers\n|-damage|p2a: Gyarados|46\/100 brn|[from] brn\n|-damage|p2b: Ting-Lu|89\/100 brn|[from] brn\n|upkeep\n|-enditem|p2a: Gyarados|Sitrus Berry|[eat]\n|-heal|p2a: Gyarados|70\/100 brn|[from] item: Sitrus Berry\n|turn|8\n|\n|t:|1681780971\n|move|p2a: Gyarados|Waterfall|p1a: Volcarona\n|-resisted|p1a: Volcarona\n|-damage|p1a: Volcarona|43\/100 par\n|move|p1a: Volcarona|Overheat|p2a: Gyarados\n|-resisted|p2a: Gyarados\n|-damage|p2a: Gyarados|60\/100 brn\n|-unboost|p1a: Volcarona|spa|2\n|move|p2b: Ting-Lu|Earthquake|p1a: Volcarona|[spread] p1a\n|-immune|p2a: Gyarados\n|-damage|p1a: Volcarona|21\/100 par\n|\n|-heal|p2b: Ting-Lu|95\/100 brn|[from] item: Leftovers\n|-damage|p2a: Gyarados|54\/100 brn|[from] brn\n|-damage|p2b: Ting-Lu|89\/100 brn|[from] brn\n|upkeep\n|turn|9\n|\n|t:|1681780985\n|move|p2a: Gyarados|Waterfall|p1a: Volcarona\n|-resisted|p1a: Volcarona\n|-crit|p1a: Volcarona\n|-damage|p1a: Volcarona|2\/100 par\n|cant|p1a: Volcarona|par\n|move|p2b: Ting-Lu|Earthquake|p1a: Volcarona|[spread] p1a\n|-immune|p2a: Gyarados\n|-damage|p1a: Volcarona|0 fnt\n|faint|p1a: Volcarona\n|\n|win|wesleihas\n","uploadtime":1681780989,"views":7,"p1id":"gsleelep","p2id":"wesleihas","formatid":"gen9vgc2023regulationc","rating":0,"private":0,"password":""}