{"id":"gen9vgc2023regulationc-1853384991","p1":"Husky12_d","p2":"We_Love_The_Gong","format":"[Gen 9] VGC 2023 Regulation C","log":"|j|\u2606Husky12_d\n|j|\u2606We_Love_The_Gong\n|t:|1682678089\n|gametype|doubles\n|player|p1|Husky12_d|blue|1418\n|player|p2|We_Love_The_Gong|fantina|1425\n|teamsize|p1|6\n|teamsize|p2|6\n|gen|9\n|tier|[Gen 9] VGC 2023 Regulation C\n|rated|\n|rule|Species Clause: Limit one of each Pok\u00e9mon\n|rule|Item Clause: Limit one of each item\n|clearpoke\n|poke|p1|Rotom-Wash, L50|\n|poke|p1|Talonflame, L50, M|\n|poke|p1|Garchomp, L50, M|\n|poke|p1|Maushold-Four, L50|\n|poke|p1|Orthworm, L50, F|\n|poke|p1|Flutter Mane, L50|\n|poke|p2|Gholdengo, L50|\n|poke|p2|Ting-Lu, L50|\n|poke|p2|Gyarados, L50, F|\n|poke|p2|Flutter Mane, L50|\n|poke|p2|Amoonguss, L50, M|\n|poke|p2|Baxcalibur, L50, M|\n|teampreview|4\nWe_Love_The_Gong has agreed to open team sheets.\nHusky12_d rejected open team sheets.\n|inactive|Battle timer is ON: inactive players will automatically lose when time's up. (requested by Husky12_d)\n|inactive|Husky12_d has 60 seconds left.\n|\n|t:|1682678138\n|start\n|switch|p1a: Flutter Mane|Flutter Mane, L50|100\/100\n|switch|p1b: Orthworm|Orthworm, L50, F|100\/100\n|switch|p2a: Ting-Lu|Ting-Lu, L50|100\/100\n|switch|p2b: Gyarados|Gyarados, L50, F|100\/100\n|-ability|p2b: Gyarados|Intimidate|boost\n|-unboost|p1a: Flutter Mane|atk|1\n|-unboost|p1b: Orthworm|atk|1\n|-ability|p2a: Ting-Lu|Vessel of Ruin\n|-enditem|p1a: Flutter Mane|Booster Energy\n|-activate|p1a: Flutter Mane|ability: Protosynthesis|[fromitem]\n|-start|p1a: Flutter Mane|protosynthesisspe\n|turn|1\n|\n|t:|1682678151\n|move|p1a: Flutter Mane|Thunderbolt|p2b: Gyarados\n|-supereffective|p2b: Gyarados\n|-damage|p2b: Gyarados|33\/100\n|move|p2b: Gyarados|Taunt|p1b: Orthworm\n|-start|p1b: Orthworm|move: Taunt\n|cant|p1b: Orthworm|move: Taunt|Iron Defense\n|move|p2a: Ting-Lu|Heavy Slam|p1a: Flutter Mane\n|-supereffective|p1a: Flutter Mane\n|-damage|p1a: Flutter Mane|0 fnt\n|faint|p1a: Flutter Mane\n|-end|p1a: Flutter Mane|Protosynthesis|[silent]\n|\n|upkeep\n|\n|t:|1682678167\n|switch|p1a: Talonflame|Talonflame, L50, M|100\/100\n|turn|2\n|\n|t:|1682678176\n|switch|p1b: Garchomp|Garchomp, L50, M|100\/100\n|move|p2b: Gyarados|Helping Hand|p2a: Ting-Lu\n|-singleturn|p2a: Ting-Lu|Helping Hand|[of] p2b: Gyarados\n|move|p1a: Talonflame|Tailwind|p1a: Talonflame\n|-sidestart|p1: Husky12_d|move: Tailwind\n|move|p2a: Ting-Lu|Rock Slide|p1a: Talonflame|[spread] p1a,p1b\n|-supereffective|p1a: Talonflame\n|-resisted|p1b: Garchomp\n|-enditem|p1a: Talonflame|Focus Sash\n|-damage|p1a: Talonflame|1\/100\n|-damage|p1b: Garchomp|86\/100\n|\n|upkeep\n|turn|3\n|inactive|We_Love_The_Gong has 30 seconds left.\n|\n|t:|1682678204\n|move|p1a: Talonflame|Taunt|p2b: Gyarados\n|-start|p2b: Gyarados|move: Taunt\n|move|p1b: Garchomp|Swords Dance|p1b: Garchomp\n|-boost|p1b: Garchomp|atk|2\n|move|p2b: Gyarados|Waterfall|p1b: Garchomp\n|-damage|p1b: Garchomp|50\/100\n|-damage|p2b: Gyarados|21\/100|[from] ability: Rough Skin|[of] p1b: Garchomp\n|move|p2a: Ting-Lu|Heavy Slam|p1a: Talonflame\n|-resisted|p1a: Talonflame\n|-damage|p1a: Talonflame|0 fnt\n|faint|p1a: Talonflame\n|\n|upkeep\n|\n|t:|1682678215\n|switch|p1a: Orthworm|Orthworm, L50, F|100\/100\n|turn|4\n|\n|t:|1682678229\n|switch|p2b: Flutter Mane|Flutter Mane, L50|100\/100\n|move|p1b: Garchomp|Rock Slide|p2a: Ting-Lu|[spread] p2b\n|-miss|p1b: Garchomp|p2a: Ting-Lu\n|-damage|p2b: Flutter Mane|33\/100\n|move|p1a: Orthworm|Iron Defense|p1a: Orthworm\n|-boost|p1a: Orthworm|def|2\n|move|p2a: Ting-Lu|Heavy Slam|p1b: Garchomp\n|-damage|p1b: Garchomp|14\/100\n|-damage|p2a: Ting-Lu|88\/100|[from] ability: Rough Skin|[of] p1b: Garchomp\n|\n|upkeep\n|turn|5\n|\n|t:|1682678244\n|-end|p2b: Flutter Mane|Protosynthesis|[silent]\n|switch|p2b: Gyarados|Gyarados, L50, F|21\/100\n|-ability|p2b: Gyarados|Intimidate|boost\n|-unboost|p1a: Orthworm|atk|1\n|-fail|p1b: Garchomp|unboost|[from] item: Clear Amulet|[of] p1b: Garchomp\n|move|p1b: Garchomp|Rock Slide|p2b: Gyarados|[spread] p2b\n|-miss|p1b: Garchomp|p2a: Ting-Lu\n|-supereffective|p2b: Gyarados\n|-damage|p2b: Gyarados|0 fnt\n|faint|p2b: Gyarados\n|move|p1a: Orthworm|Body Press|p2a: Ting-Lu\n|-supereffective|p2a: Ting-Lu\n|-damage|p2a: Ting-Lu|25\/100\n|move|p2a: Ting-Lu|Heavy Slam|p1b: Garchomp\n|-crit|p1b: Garchomp\n|-damage|p1b: Garchomp|0 fnt\n|-damage|p2a: Ting-Lu|13\/100|[from] ability: Rough Skin|[of] p1b: Garchomp\n|faint|p1b: Garchomp\n|\n|-sideend|p1: Husky12_d|move: Tailwind\n|upkeep\n|\n|t:|1682678257\n|switch|p2b: Baxcalibur|Baxcalibur, L50, M|100\/100\n|turn|6\n|\n|t:|1682678273\n|move|p2b: Baxcalibur|Glaive Rush|p1a: Orthworm\n|-resisted|p1a: Orthworm\n|-damage|p1a: Orthworm|87\/100\n|-singlemove|p2b: Baxcalibur|Glaive Rush|[silent]\n|move|p1a: Orthworm|Heavy Slam|p2a: Ting-Lu\n|-damage|p2a: Ting-Lu|7\/100\n|move|p2a: Ting-Lu|Ruination|p1a: Orthworm\n|-damage|p1a: Orthworm|44\/100\n|\n|-heal|p1a: Orthworm|50\/100|[from] item: Leftovers\n|upkeep\n|turn|7\n|\n|t:|1682678285\n|move|p2b: Baxcalibur|Icicle Spear|p1a: Orthworm\n|-resisted|p1a: Orthworm\n|-damage|p1a: Orthworm|47\/100\n|-resisted|p1a: Orthworm\n|-damage|p1a: Orthworm|45\/100\n|-resisted|p1a: Orthworm\n|-damage|p1a: Orthworm|42\/100\n|-resisted|p1a: Orthworm\n|-damage|p1a: Orthworm|39\/100\n|-hitcount|p1a: Orthworm|4\n|move|p1a: Orthworm|Iron Defense|p1a: Orthworm\n|-boost|p1a: Orthworm|def|2\n|move|p2a: Ting-Lu|Ruination|p1a: Orthworm\n|-damage|p1a: Orthworm|20\/100\n|\n|-heal|p1a: Orthworm|26\/100|[from] item: Leftovers\n|upkeep\n|turn|8\n|\n|t:|1682678301\n|move|p1a: Orthworm|Protect|p1a: Orthworm\n|-singleturn|p1a: Orthworm|Protect\n|move|p2b: Baxcalibur|Icicle Spear|p1a: Orthworm\n|-activate|p1a: Orthworm|move: Protect\n|move|p2a: Ting-Lu|Ruination|p1a: Orthworm\n|-activate|p1a: Orthworm|move: Protect\n|\n|-heal|p1a: Orthworm|33\/100|[from] item: Leftovers\n|upkeep\n|turn|9\n|\n|t:|1682678312\n|move|p2b: Baxcalibur|Icicle Spear|p1a: Orthworm\n|-resisted|p1a: Orthworm\n|-crit|p1a: Orthworm\n|-damage|p1a: Orthworm|25\/100\n|-resisted|p1a: Orthworm\n|-damage|p1a: Orthworm|23\/100\n|-resisted|p1a: Orthworm\n|-damage|p1a: Orthworm|21\/100\n|-resisted|p1a: Orthworm\n|-damage|p1a: Orthworm|20\/100\n|-hitcount|p1a: Orthworm|4\n|move|p1a: Orthworm|Body Press|p2b: Baxcalibur\n|-supereffective|p2b: Baxcalibur\n|-damage|p2b: Baxcalibur|0 fnt\n|faint|p2b: Baxcalibur\n|move|p2a: Ting-Lu|Ruination|p1a: Orthworm\n|-damage|p1a: Orthworm|10\/100\n|\n|-heal|p1a: Orthworm|16\/100|[from] item: Leftovers\n|upkeep\n|\n|t:|1682678318\n|switch|p2b: Flutter Mane|Flutter Mane, L50|33\/100\n|turn|10\n|-message|Husky12_d forfeited.\n|\n|win|We_Love_The_Gong\n|raw|Husky12_d's rating: 1418 → 1398<\/strong> (-20 for losing)\n|raw|We_Love_The_Gong's rating: 1425 → 1445<\/strong> (+20 for winning)\n|l|\u2606Husky12_d\n|c|\u2606We_Love_The_Gong|gg\n","uploadtime":1682678386,"views":13,"p1id":"husky12d","p2id":"welovethegong","formatid":"gen9vgc2023regulationc","rating":1398,"private":0,"password":""}