{"id":"gen9vgc2023regulationc-1851542552","p1":"Mr.SteelixYourGirl","p2":"Piccolo Ruiz","format":"[Gen 9] VGC 2023 Regulation C","log":"|j|\u2606Mr.SteelixYourGirl\n|j|\u2606Piccolo Ruiz\n|t:|1682454106\n|gametype|doubles\n|player|p1|Mr.SteelixYourGirl|steven|1182\n|player|p2|Piccolo Ruiz|valerie|1254\n|teamsize|p1|6\n|teamsize|p2|6\n|gen|9\n|tier|[Gen 9] VGC 2023 Regulation C\n|rated|\n|rule|Species Clause: Limit one of each Pok\u00e9mon\n|rule|Item Clause: Limit one of each item\n|clearpoke\n|poke|p1|Great Tusk, L50|\n|poke|p1|Iron Jugulis, L50|\n|poke|p1|Bronzong, L50|\n|poke|p1|Hariyama, L50, F|\n|poke|p1|Abomasnow, L50, F|\n|poke|p1|Glaceon, L50, M|\n|poke|p2|Flutter Mane, L50|\n|poke|p2|Amoonguss, L50, F|\n|poke|p2|Gyarados, L50, F|\n|poke|p2|Arcanine, L50, F|\n|poke|p2|Ting-Lu, L50|\n|poke|p2|Baxcalibur, L50, F|\n|teampreview|4\n|inactive|Battle timer is ON: inactive players will automatically lose when time's up. (requested by Piccolo Ruiz)\n|inactive|Piccolo Ruiz has 60 seconds left.\n|inactive|Piccolo Ruiz has 30 seconds left.\n|inactive|Piccolo Ruiz has 20 seconds left.\n|inactive|Piccolo Ruiz has 15 seconds left.\n|inactive|Piccolo Ruiz has 10 seconds left.\n|\n|t:|1682454190\n|start\n|switch|p1a: Iron Jugulis|Iron Jugulis, L50|100\/100\n|switch|p1b: Glaceon|Glaceon, L50, M, shiny|100\/100\n|switch|p2a: Bianca|Gyarados, L50, F, shiny|100\/100\n|switch|p2b: Amoonguss|Amoonguss, L50, F, shiny|100\/100\n|-ability|p2a: Bianca|Intimidate|boost\n|-unboost|p1a: Iron Jugulis|atk|1\n|-unboost|p1b: Glaceon|atk|1\n|-enditem|p1a: Iron Jugulis|Booster Energy\n|-activate|p1a: Iron Jugulis|ability: Quark Drive|[fromitem]\n|-start|p1a: Iron Jugulis|quarkdrivespe\n|turn|1\n|inactive|Piccolo Ruiz has 30 seconds left.\n|\n|t:|1682454223\n|-end|p1a: Iron Jugulis|Quark Drive|[silent]\n|switch|p1a: Abomasnow|Abomasnow, L50, F|100\/100\n|-weather|Snow|[from] ability: Snow Warning|[of] p1a: Abomasnow\n|switch|p2a: Raja|Arcanine, L50, F|100\/100\n|-ability|p2a: Raja|Intimidate|boost\n|-unboost|p1a: Abomasnow|atk|1\n|-unboost|p1b: Glaceon|atk|1\n|move|p1b: Glaceon|Blizzard|p2b: Amoonguss|[spread] p2a,p2b\n|-resisted|p2a: Raja\n|-supereffective|p2b: Amoonguss\n|-crit|p2b: Amoonguss\n|-damage|p2a: Raja|78\/100\n|-damage|p2b: Amoonguss|0 fnt\n|faint|p2b: Amoonguss\n|\n|-weather|Snow|[upkeep]\n|upkeep\n|\n|t:|1682454236\n|switch|p2b: Sasha Colby|Flutter Mane, L50|100\/100\n|-enditem|p2b: Sasha Colby|Booster Energy\n|-activate|p2b: Sasha Colby|ability: Protosynthesis|[fromitem]\n|-start|p2b: Sasha Colby|protosynthesisspa\n|turn|2\n|\n|t:|1682454249\n|switch|p1a: Bronzong|Bronzong, L50, shiny|100\/100\n|-terastallize|p2b: Sasha Colby|Fairy\n|-terastallize|p1b: Glaceon|Ground\n|move|p2b: Sasha Colby|Dazzling Gleam|p1a: Bronzong|[spread] p1a,p1b\n|-resisted|p1a: Bronzong\n|-damage|p1a: Bronzong|77\/100\n|-damage|p1b: Glaceon|54\/100\n|move|p2a: Raja|Flare Blitz|p1b: Glaceon\n|-damage|p1b: Glaceon|4\/100\n|-damage|p2a: Raja|65\/100|[from] Recoil\n|move|p1b: Glaceon|Shadow Ball|p2b: Sasha Colby\n|-damage|p2b: Sasha Colby|72\/100\n|\n|-weather|Snow|[upkeep]\n|-heal|p1a: Bronzong|83\/100|[from] item: Leftovers\n|upkeep\n|turn|3\n|inactive|Piccolo Ruiz has 30 seconds left.\n|inactive|Piccolo Ruiz has 20 seconds left.\n|inactive|Piccolo Ruiz has 15 seconds left.\n|inactive|Piccolo Ruiz has 10 seconds left.\n|inactive|Piccolo Ruiz has 5 seconds left.\n|\n|t:|1682454300\n|move|p2b: Sasha Colby|Shadow Ball|p1a: Bronzong\n|-supereffective|p1a: Bronzong\n|-crit|p1a: Bronzong\n|-damage|p1a: Bronzong|0 fnt\n|faint|p1a: Bronzong\n|move|p2a: Raja|Flare Blitz|p1b: Glaceon\n|-damage|p1b: Glaceon|0 fnt\n|faint|p1b: Glaceon\n|-damage|p2a: Raja|64\/100|[from] Recoil\n|\n|-weather|Snow|[upkeep]\n|upkeep\n|c|\u2606Mr.SteelixYourGirl|what goes around comes around i guess lmao dang\n|\n|t:|1682454315\n|switch|p1b: Abomasnow|Abomasnow, L50, F|100\/100\n|switch|p1a: Iron Jugulis|Iron Jugulis, L50|100\/100\n|turn|4\n|c|\u2606Mr.SteelixYourGirl|gg\n|\n|t:|1682454337\n|move|p2b: Sasha Colby|Dazzling Gleam|p1a: Iron Jugulis|[spread] p1a,p1b\n|-supereffective|p1a: Iron Jugulis\n|-damage|p1a: Iron Jugulis|1\/100\n|-damage|p1b: Abomasnow|50\/100\n|move|p1a: Iron Jugulis|Tailwind|p1a: Iron Jugulis\n|-sidestart|p1: Mr.SteelixYourGirl|move: Tailwind\n|move|p1b: Abomasnow|Earth Power|p2a: Raja\n|-supereffective|p2a: Raja\n|-damage|p2a: Raja|19\/100\n|move|p2a: Raja|Flare Blitz|p1b: Abomasnow\n|-supereffective|p1b: Abomasnow\n|-damage|p1b: Abomasnow|0 fnt\n|faint|p1b: Abomasnow\n|-damage|p2a: Raja|4\/100|[from] Recoil\n|\n|-weather|Snow|[upkeep]\n|upkeep\n|turn|5\n|-message|Mr.SteelixYourGirl forfeited.\n|\n|win|Piccolo Ruiz\n|raw|Mr.SteelixYourGirl's rating: 1182 → 1162<\/strong> (-20 for losing)\n|raw|Piccolo Ruiz's rating: 1254 → 1274<\/strong> (+20 for winning)\n|l|\u2606Mr.SteelixYourGirl\n","uploadtime":1682454363,"views":5,"p1id":"mrsteelixyourgirl","p2id":"piccoloruiz","formatid":"gen9vgc2023regulationc","rating":1162,"private":0,"password":""}