{"id":"gen9vgc2023regulationc-1855559208","p1":"Fksoabzkala","p2":"Kiriziomaro","format":"[Gen 9] VGC 2023 Regulation C","log":"|j|\u2606Fksoabzkala\n|j|\u2606Kiriziomaro\n|t:|1682961991\n|gametype|doubles\n|player|p1|Fksoabzkala|1|1000\n|player|p2|Kiriziomaro|lance|1000\n|teamsize|p1|6\n|teamsize|p2|6\n|gen|9\n|tier|[Gen 9] VGC 2023 Regulation C\n|rated|\n|rule|Species Clause: Limit one of each Pok\u00e9mon\n|rule|Item Clause: Limit one of each item\n|clearpoke\n|poke|p1|Wo-Chien, L50|\n|poke|p1|Umbreon, L50, F|\n|poke|p1|Torkoal, L50, F|\n|poke|p1|Grimmsnarl, L50, M|\n|poke|p1|Flutter Mane, L50|\n|poke|p1|Iron Bundle, L50|\n|poke|p2|Dondozo, L50, F|\n|poke|p2|Tatsugiri-Stretchy, L50, F|\n|poke|p2|Chi-Yu, L50|\n|poke|p2|Flutter Mane, L50|\n|poke|p2|Dragonite, L50, F|\n|poke|p2|Glimmora, L50, F|\n|teampreview|4\n|\n|t:|1682962012\n|start\n|switch|p1a: Wo-Chien|Wo-Chien, L50|100\/100\n|switch|p1b: Grimmsnarl|Grimmsnarl, L50, M|100\/100\n|switch|p2a: Glimmora|Glimmora, L50, F|100\/100\n|switch|p2b: Tatsugiri|Tatsugiri-Stretchy, L50, F|100\/100\n|-ability|p1a: Wo-Chien|Tablets of Ruin\n|turn|1\n|\n|t:|1682962034\n|-terastallize|p2b: Tatsugiri|Ghost\n|move|p1b: Grimmsnarl|Fake Out|p2b: Tatsugiri\n|-immune|p2b: Tatsugiri\n|move|p2a: Glimmora|Toxic|p1a: Wo-Chien\n|-status|p1a: Wo-Chien|tox\n|move|p2b: Tatsugiri|Muddy Water|p1b: Grimmsnarl|[spread] p1a,p1b\n|-resisted|p1a: Wo-Chien\n|-damage|p1a: Wo-Chien|85\/100 tox\n|-damage|p1b: Grimmsnarl|44\/100\n|-unboost|p1a: Wo-Chien|accuracy|1\n|move|p1a: Wo-Chien|Leech Seed|p2a: Glimmora|[miss]\n|-miss|p1a: Wo-Chien|p2a: Glimmora\n|\n|-heal|p1a: Wo-Chien|92\/100 tox|[from] item: Leftovers\n|-damage|p1a: Wo-Chien|85\/100 tox|[from] psn\n|upkeep\n|turn|2\n|\n|t:|1682962058\n|move|p2a: Glimmora|Spiky Shield|p2a: Glimmora\n|-singleturn|p2a: Glimmora|move: Protect\n|move|p1b: Grimmsnarl|Light Screen|p1b: Grimmsnarl\n|-sidestart|p1: Fksoabzkala|move: Light Screen\n|move|p2b: Tatsugiri|Muddy Water|p1b: Grimmsnarl|[spread] p1a\n|-miss|p2b: Tatsugiri|p1b: Grimmsnarl\n|-resisted|p1a: Wo-Chien\n|-damage|p1a: Wo-Chien|74\/100 tox\n|move|p1a: Wo-Chien|Leech Seed|p2a: Glimmora\n|-activate|p2a: Glimmora|move: Protect\n|\n|-heal|p1a: Wo-Chien|81\/100 tox|[from] item: Leftovers\n|-damage|p1a: Wo-Chien|68\/100 tox|[from] psn\n|upkeep\n|turn|3\n|\n|t:|1682962085\n|switch|p1b: Torkoal|Torkoal, L50, F|100\/100\n|-weather|SunnyDay|[from] ability: Drought|[of] p1b: Torkoal\n|move|p2a: Glimmora|Power Gem|p1b: Torkoal\n|-supereffective|p1b: Torkoal\n|-damage|p1b: Torkoal|28\/100\n|-enditem|p1b: Torkoal|Sitrus Berry|[eat]\n|-heal|p1b: Torkoal|53\/100|[from] item: Sitrus Berry\n|move|p2b: Tatsugiri|Muddy Water|p1b: Torkoal|[spread] p1a\n|-miss|p2b: Tatsugiri|p1b: Torkoal\n|-resisted|p1a: Wo-Chien\n|-damage|p1a: Wo-Chien|64\/100 tox\n|move|p1a: Wo-Chien|Leech Seed|p2b: Tatsugiri\n|-start|p2b: Tatsugiri|move: Leech Seed\n|\n|-weather|SunnyDay|[upkeep]\n|-heal|p1a: Wo-Chien|70\/100 tox|[from] item: Leftovers\n|-damage|p2b: Tatsugiri|88\/100|[from] Leech Seed|[of] p1a: Wo-Chien\n|-heal|p1a: Wo-Chien|81\/100 tox|[silent]\n|-damage|p1a: Wo-Chien|62\/100 tox|[from] psn\n|upkeep\n|turn|4\n|\n|t:|1682962116\n|switch|p2b: Dondozo|Dondozo, L50, F|100\/100\n|switch|p1a: Grimmsnarl|Grimmsnarl, L50, M|44\/100\n|move|p1b: Torkoal|Protect|p1b: Torkoal\n|-singleturn|p1b: Torkoal|Protect\n|move|p2a: Glimmora|Toxic|p1b: Torkoal\n|-activate|p1b: Torkoal|move: Protect\n|\n|-weather|SunnyDay|[upkeep]\n|upkeep\n|turn|5\n|\n|t:|1682962137\n|move|p1a: Grimmsnarl|Fake Out|p2b: Dondozo\n|-damage|p2b: Dondozo|92\/100\n|move|p2a: Glimmora|Power Gem|p1b: Torkoal\n|-supereffective|p1b: Torkoal\n|-damage|p1b: Torkoal|0 fnt\n|faint|p1b: Torkoal\n|cant|p2b: Dondozo|flinch\n|\n|-weather|SunnyDay|[upkeep]\n|upkeep\n|\n|t:|1682962145\n|switch|p1b: Flutter Mane|Flutter Mane, L50|100\/100\n|-activate|p1b: Flutter Mane|ability: Protosynthesis\n|-start|p1b: Flutter Mane|protosynthesisspe\n|turn|6\n|\n|t:|1682962158\n|move|p2a: Glimmora|Spiky Shield|p2a: Glimmora\n|-singleturn|p2a: Glimmora|move: Protect\n|move|p1a: Grimmsnarl|Reflect|p1a: Grimmsnarl\n|-sidestart|p1: Fksoabzkala|Reflect\n|move|p1b: Flutter Mane|Shadow Ball|p2a: Glimmora\n|-activate|p2a: Glimmora|move: Protect\n|move|p2b: Dondozo|Bulldoze|p1b: Flutter Mane|[spread] p1a,p1b\n|-activate|p2a: Glimmora|move: Protect\n|-damage|p1a: Grimmsnarl|35\/100\n|-damage|p1b: Flutter Mane|84\/100\n|-unboost|p1a: Grimmsnarl|spe|1\n|-unboost|p1b: Flutter Mane|spe|1\n|\n|-weather|SunnyDay|[upkeep]\n|upkeep\n|turn|7\n|\n|t:|1682962175\n|move|p1b: Flutter Mane|Shadow Ball|p2a: Glimmora\n|-damage|p2a: Glimmora|17\/100\n|move|p2a: Glimmora|Toxic|p1b: Flutter Mane\n|-status|p1b: Flutter Mane|tox\n|move|p2b: Dondozo|Yawn||[still]\n|-fail|p2b: Dondozo\n|move|p1a: Grimmsnarl|Spirit Break|p2a: Glimmora\n|-resisted|p2a: Glimmora\n|-damage|p2a: Glimmora|0 fnt\n|-activate|p2a: Glimmora|ability: Toxic Debris\n|-sidestart|p1: Fksoabzkala|move: Toxic Spikes\n|faint|p2a: Glimmora\n|\n|-weather|none\n|-end|p1b: Flutter Mane|Protosynthesis\n|-damage|p1b: Flutter Mane|78\/100 tox|[from] psn\n|upkeep\n|\n|t:|1682962193\n|switch|p2a: Flutter Mane|Flutter Mane, L50|100\/100\n|-enditem|p2a: Flutter Mane|Booster Energy\n|-activate|p2a: Flutter Mane|ability: Protosynthesis|[fromitem]\n|-start|p2a: Flutter Mane|protosynthesisspe\n|turn|8\n|\n|t:|1682962207\n|switch|p1a: Wo-Chien|Wo-Chien, L50|62\/100 tox\n|-ability|p1a: Wo-Chien|Tablets of Ruin\n|-terastallize|p1b: Flutter Mane|Fire\n|move|p2a: Flutter Mane|Protect|p2a: Flutter Mane\n|-singleturn|p2a: Flutter Mane|Protect\n|move|p1b: Flutter Mane|Shadow Ball|p2a: Flutter Mane\n|-activate|p2a: Flutter Mane|move: Protect\n|move|p2b: Dondozo|Bulldoze|p1a: Wo-Chien|[spread] p1a,p1b\n|-activate|p2a: Flutter Mane|move: Protect\n|-resisted|p1a: Wo-Chien\n|-supereffective|p1b: Flutter Mane\n|-damage|p1a: Wo-Chien|60\/100 tox\n|-damage|p1b: Flutter Mane|56\/100 tox\n|-unboost|p1a: Wo-Chien|spe|1\n|-unboost|p1b: Flutter Mane|spe|1\n|\n|-heal|p1a: Wo-Chien|66\/100 tox|[from] item: Leftovers\n|-damage|p1b: Flutter Mane|44\/100 tox|[from] psn\n|-damage|p1a: Wo-Chien|60\/100 tox|[from] psn\n|upkeep\n|turn|9\n|\n|t:|1682962232\n|move|p2a: Flutter Mane|Substitute|p2a: Flutter Mane\n|-start|p2a: Flutter Mane|Substitute\n|-damage|p2a: Flutter Mane|76\/100\n|move|p1b: Flutter Mane|Shadow Ball|p2a: Flutter Mane\n|-supereffective|p2a: Flutter Mane\n|-end|p2a: Flutter Mane|Substitute\n|move|p1a: Wo-Chien|Pollen Puff|p1b: Flutter Mane\n|-heal|p1b: Flutter Mane|94\/100 tox\n|move|p2b: Dondozo|Wave Crash|p1b: Flutter Mane\n|-supereffective|p1b: Flutter Mane\n|-crit|p1b: Flutter Mane\n|-damage|p1b: Flutter Mane|0 fnt\n|faint|p1b: Flutter Mane\n|-end|p1b: Flutter Mane|Protosynthesis|[silent]\n|-damage|p2b: Dondozo|76\/100|[from] Recoil\n|\n|-heal|p1a: Wo-Chien|66\/100 tox|[from] item: Leftovers\n|-damage|p1a: Wo-Chien|54\/100 tox|[from] psn\n|-sideend|p1: Fksoabzkala|move: Light Screen\n|upkeep\n|\n|t:|1682962248\n|switch|p1b: Grimmsnarl|Grimmsnarl, L50, M|35\/100\n|-status|p1b: Grimmsnarl|psn\n|turn|10\n|-message|Fksoabzkala forfeited.\n|\n|win|Kiriziomaro\n|raw|Fksoabzkala's rating: 1000 → 1000<\/strong> (+0 for losing)\n|raw|Kiriziomaro's rating: 1000 → 1040<\/strong> (+40 for winning)\n|l|\u2606Fksoabzkala\n","uploadtime":1682962267,"views":19,"p1id":"fksoabzkala","p2id":"kiriziomaro","formatid":"gen9vgc2023regulationc","rating":1000,"private":0,"password":""}