{"id":"gen9vgc2023regulationc-1847356616","p1":"sergitoxjk","p2":"onetwosri","format":"[Gen 9] VGC 2023 Regulation C","log":"|j|\u2606sergitoxjk\n|j|\u2606onetwosri\n|t:|1681941943\n|gametype|doubles\n|player|p1|sergitoxjk|266|1331\n|player|p2|onetwosri|265|1299\n|teamsize|p1|6\n|teamsize|p2|6\n|gen|9\n|tier|[Gen 9] VGC 2023 Regulation C\n|rated|\n|rule|Species Clause: Limit one of each Pok\u00e9mon\n|rule|Item Clause: Limit one of each item\n|clearpoke\n|poke|p1|Great Tusk, L50|\n|poke|p1|Gyarados, L50, M|\n|poke|p1|Flutter Mane, L50|\n|poke|p1|Amoonguss, L50, F|\n|poke|p1|Chi-Yu, L50|\n|poke|p1|Baxcalibur, L50, M|\n|poke|p2|Sylveon, L50, F|\n|poke|p2|Farigiraf, L50, F|\n|poke|p2|Iron Hands, L50|\n|poke|p2|Dragonite, L50, M|\n|poke|p2|Azumarill, L50, F|\n|poke|p2|Garganacl, L50, M|\n|teampreview|4\n|inactive|Battle timer is ON: inactive players will automatically lose when time's up. (requested by onetwosri)\nonetwosri has agreed to open team sheets.\nsergitoxjk has agreed to open team sheets.\n|inactive|sergitoxjk has 60 seconds left.\n|inactive|onetwosri has 60 seconds left.\n|inactive|sergitoxjk has 30 seconds left.\n|\n|t:|1681942004\n|start\n|switch|p1a: Flutter Mane|Flutter Mane, L50|100\/100\n|switch|p1b: Chi-Yu|Chi-Yu, L50|100\/100\n|switch|p2a: Azumarill|Azumarill, L50, F|100\/100\n|switch|p2b: Farigiraf|Farigiraf, L50, F|100\/100\n|-ability|p1b: Chi-Yu|Beads of Ruin\n|-enditem|p1a: Flutter Mane|Booster Energy\n|-activate|p1a: Flutter Mane|ability: Protosynthesis|[fromitem]\n|-start|p1a: Flutter Mane|protosynthesisspa\n|turn|1\n|inactive|sergitoxjk has 30 seconds left.\n|\n|t:|1681942034\n|-terastallize|p1a: Flutter Mane|Fairy\n|-terastallize|p2b: Farigiraf|Fairy\n|move|p1b: Chi-Yu|Protect|p1b: Chi-Yu\n|-singleturn|p1b: Chi-Yu|Protect\n|move|p1a: Flutter Mane|Moonblast|p2b: Farigiraf\n|-damage|p2b: Farigiraf|0 fnt\n|faint|p2b: Farigiraf\n|move|p2a: Azumarill|Liquidation|p1a: Flutter Mane\n|-damage|p1a: Flutter Mane|5\/100\n|\n|upkeep\n|\n|t:|1681942059\n|switch|p2b: Garganacl|Garganacl, L50, M|100\/100\n|turn|2\n|\n|t:|1681942082\n|-end|p1a: Flutter Mane|Protosynthesis|[silent]\n|switch|p1a: Amoonguss|Amoonguss, L50, F|100\/100\n|move|p2a: Azumarill|Aqua Jet|p1a: Amoonguss\n|-resisted|p1a: Amoonguss\n|-damage|p1a: Amoonguss|90\/100\n|move|p1b: Chi-Yu|Dark Pulse|p2b: Garganacl\n|-crit|p2b: Garganacl\n|-damage|p2b: Garganacl|16\/100\n|move|p2b: Garganacl|Salt Cure|p1b: Chi-Yu\n|-supereffective|p1b: Chi-Yu\n|-damage|p1b: Chi-Yu|57\/100\n|-start|p1b: Chi-Yu|Salt Cure\n|\n|-heal|p2b: Garganacl|22\/100|[from] item: Leftovers\n|-damage|p1b: Chi-Yu|45\/100|[from] Salt Cure\n|upkeep\n|turn|3\n|\n|t:|1681942101\n|move|p1a: Amoonguss|Rage Powder|p1a: Amoonguss\n|-singleturn|p1a: Amoonguss|move: Rage Powder\n|move|p2a: Azumarill|Aqua Jet|p1a: Amoonguss\n|-resisted|p1a: Amoonguss\n|-damage|p1a: Amoonguss|78\/100\n|move|p1b: Chi-Yu|Dark Pulse|p2b: Garganacl\n|-crit|p2b: Garganacl\n|-damage|p2b: Garganacl|0 fnt\n|faint|p2b: Garganacl\n|\n|-damage|p1b: Chi-Yu|33\/100|[from] Salt Cure\n|upkeep\n|\n|t:|1681942104\n|switch|p2b: Sylveon|Sylveon, L50, F|100\/100\n|turn|4\n|\n|t:|1681942119\n|move|p1a: Amoonguss|Rage Powder|p1a: Amoonguss\n|-singleturn|p1a: Amoonguss|move: Rage Powder\n|move|p1b: Chi-Yu|Overheat|p2b: Sylveon\n|-crit|p2b: Sylveon\n|-damage|p2b: Sylveon|0 fnt\n|-unboost|p1b: Chi-Yu|spa|2\n|faint|p2b: Sylveon\n|move|p2a: Azumarill|Ice Spinner|p1a: Amoonguss\n|-supereffective|p1a: Amoonguss\n|-damage|p1a: Amoonguss|19\/100\n|-enditem|p1a: Amoonguss|Sitrus Berry|[eat]\n|-heal|p1a: Amoonguss|44\/100|[from] item: Sitrus Berry\n|\n|-damage|p1b: Chi-Yu|20\/100|[from] Salt Cure\n|upkeep\n|turn|5\n|-message|onetwosri forfeited.\n|\n|win|sergitoxjk\n|raw|sergitoxjk's rating: 1331 → 1349<\/strong> (+18 for winning)\n|raw|onetwosri's rating: 1299 → 1276<\/strong> (-23 for losing)\n|l|\u2606onetwosri\n","uploadtime":1681942205,"views":8,"p1id":"sergitoxjk","p2id":"onetwosri","formatid":"gen9vgc2023regulationc","rating":1276,"private":0,"password":""}