{"id":"gen9vgc2023regulationc-1845545413","p1":"Iono_1118","p2":"XinBluQAQ","format":"[Gen 9] VGC 2023 Regulation C","log":"|j|\u2606Iono_1118\n|j|\u2606XinBluQAQ\n|t:|1681743786\n|gametype|doubles\n|player|p1|Iono_1118|iono|\n|player|p2|XinBluQAQ|shadowtriad|\n|teamsize|p1|6\n|teamsize|p2|6\n|gen|9\n|tier|[Gen 9] VGC 2023 Regulation C\n|rule|Species Clause: Limit one of each Pok\u00e9mon\n|rule|Item Clause: Limit one of each item\n|clearpoke\n|poke|p1|Bellibolt, L50, M|\n|poke|p1|Bronzong, L50|\n|poke|p1|Amoonguss, L50, F|\n|poke|p1|Hatterene, L50, F|\n|poke|p1|Indeedee-F, L50, F|\n|poke|p1|Wo-Chien, L50|\n|poke|p2|Talonflame, L50, M|\n|poke|p2|Iron Bundle, L50|\n|poke|p2|Iron Hands, L50|\n|poke|p2|Garchomp, L50, F|\n|poke|p2|Chien-Pao, L50|\n|poke|p2|Flutter Mane, L50|\n|teampreview|4\nXinBluQAQ has agreed to open team sheets.\n|\n|t:|1681743865\n|start\n|switch|p1a: Hatterene|Hatterene, L50, F, shiny|100\/100\n|switch|p1b: Indeedee|Indeedee-F, L50, F, shiny|100\/100\n|switch|p2a: Iron Hands|Iron Hands, L50, shiny|100\/100\n|switch|p2b: Flutter Mane|Flutter Mane, L50|100\/100\n|-fieldstart|move: Psychic Terrain|[from] ability: Psychic Surge|[of] p1b: Indeedee\n|-enditem|p1b: Indeedee|Psychic Seed\n|-boost|p1b: Indeedee|spd|1|[from] item: Psychic Seed\n|turn|1\n|\n|t:|1681743918\n|-terastallize|p1b: Indeedee|Fairy\n|move|p1a: Hatterene|Protect|p1a: Hatterene\n|-singleturn|p1a: Hatterene|Protect\n|move|p2b: Flutter Mane|Shadow Ball|p1b: Indeedee\n|-damage|p1b: Indeedee|60\/100\n|move|p2a: Iron Hands|Close Combat|p1b: Indeedee\n|-resisted|p1b: Indeedee\n|-damage|p1b: Indeedee|24\/100\n|-unboost|p2a: Iron Hands|def|1\n|-unboost|p2a: Iron Hands|spd|1\n|move|p1b: Indeedee|Trick Room|p1b: Indeedee\n|-fieldstart|move: Trick Room|[of] p1b: Indeedee\n|\n|upkeep\n|turn|2\n|\n|t:|1681743947\n|move|p1a: Hatterene|Dazzling Gleam|p2a: Iron Hands|[spread] p2a,p2b\n|-supereffective|p2a: Iron Hands\n|-damage|p2a: Iron Hands|33\/100\n|-damage|p2b: Flutter Mane|62\/100\n|-damage|p1a: Hatterene|91\/100|[from] item: Life Orb\n|move|p2a: Iron Hands|Wild Charge|p1a: Hatterene\n|-damage|p1a: Hatterene|32\/100\n|-damage|p2a: Iron Hands|25\/100|[from] Recoil\n|move|p1b: Indeedee|Psyshock|p2b: Flutter Mane\n|-damage|p2b: Flutter Mane|7\/100\n|move|p2b: Flutter Mane|Shadow Ball|p1a: Hatterene\n|-supereffective|p1a: Hatterene\n|-crit|p1a: Hatterene\n|-damage|p1a: Hatterene|0 fnt\n|faint|p1a: Hatterene\n|\n|upkeep\n|\n|t:|1681743959\n|switch|p1a: Amoonguss|Amoonguss, L50, F, shiny|100\/100\n|turn|3\n|\n|t:|1681743981\n|move|p1a: Amoonguss|Pollen Puff|p2a: Iron Hands\n|-resisted|p2a: Iron Hands\n|-damage|p2a: Iron Hands|18\/100\n|move|p2a: Iron Hands|Close Combat|p1b: Indeedee\n|-resisted|p1b: Indeedee\n|-damage|p1b: Indeedee|0 fnt\n|-unboost|p2a: Iron Hands|def|1\n|-unboost|p2a: Iron Hands|spd|1\n|faint|p1b: Indeedee\n|move|p2b: Flutter Mane|Shadow Ball|p1a: Amoonguss\n|-damage|p1a: Amoonguss|47\/100\n|-unboost|p1a: Amoonguss|spd|1\n|-enditem|p1a: Amoonguss|Eject Button\n|\n|t:|1681743987\n|switch|p1a: Wo-Chien|Wo-Chien, L50|100\/100\n|-ability|p1a: Wo-Chien|Tablets of Ruin\n|\n|upkeep\n|\n|t:|1681743989\n|switch|p1b: Amoonguss|Amoonguss, L50, F, shiny|80\/100\n|turn|4\n|\n|t:|1681744019\n|-end|p2b: Flutter Mane|Protosynthesis|[silent]\n|switch|p2b: Garchomp|Garchomp, L50, F|100\/100\n|move|p1b: Amoonguss|Rage Powder|p1b: Amoonguss\n|-singleturn|p1b: Amoonguss|move: Rage Powder\n|move|p2a: Iron Hands|Close Combat|p1b: Amoonguss\n|-resisted|p1b: Amoonguss\n|-damage|p1b: Amoonguss|59\/100\n|-unboost|p2a: Iron Hands|def|1\n|-unboost|p2a: Iron Hands|spd|1\n|move|p1a: Wo-Chien|Pollen Puff|p2b: Garchomp\n|-damage|p2b: Garchomp|75\/100\n|\n|upkeep\n|turn|5\n|\n|t:|1681744055\n|move|p2b: Garchomp|Protect|p2b: Garchomp\n|-singleturn|p2b: Garchomp|Protect\n|move|p1b: Amoonguss|Spore|p2b: Garchomp\n|-activate|p2b: Garchomp|move: Protect\n|move|p2a: Iron Hands|Close Combat|p1b: Amoonguss\n|-resisted|p1b: Amoonguss\n|-damage|p1b: Amoonguss|37\/100\n|-unboost|p2a: Iron Hands|def|1\n|-unboost|p2a: Iron Hands|spd|1\n|move|p1a: Wo-Chien|Giga Drain|p2a: Iron Hands\n|-damage|p2a: Iron Hands|0 fnt\n|faint|p2a: Iron Hands\n|-end|p2a: Iron Hands|Quark Drive|[silent]\n|\n|-fieldend|move: Trick Room\n|-fieldend|move: Psychic Terrain\n|upkeep\n|\n|t:|1681744071\n|switch|p2a: Flutter Mane|Flutter Mane, L50|7\/100\n|turn|6\n|\n|t:|1681744087\n|move|p1a: Wo-Chien|Protect|p1a: Wo-Chien\n|-singleturn|p1a: Wo-Chien|Protect\n|move|p2a: Flutter Mane|Shadow Ball|p1b: Amoonguss\n|-damage|p1b: Amoonguss|0 fnt\n|faint|p1b: Amoonguss\n|move|p2b: Garchomp|Earthquake|p1a: Wo-Chien|[spread] p2a\n|-activate|p1a: Wo-Chien|move: Protect\n|-damage|p2a: Flutter Mane|0 fnt\n|faint|p2a: Flutter Mane\n|-end|p2a: Flutter Mane|Protosynthesis|[silent]\n|\n|upkeep\n|\n|t:|1681744098\n|switch|p2a: Chien-Pao|Chien-Pao, L50|100\/100\n|-ability|p2a: Chien-Pao|Sword of Ruin\n|turn|7\n|\n|t:|1681744111\n|move|p2a: Chien-Pao|Protect|p2a: Chien-Pao\n|-singleturn|p2a: Chien-Pao|Protect\n|move|p2b: Garchomp|Earthquake|p1a: Wo-Chien|[spread] p1a\n|-activate|p2a: Chien-Pao|move: Protect\n|-resisted|p1a: Wo-Chien\n|-damage|p1a: Wo-Chien|87\/100\n|move|p1a: Wo-Chien|Leech Seed|p2a: Chien-Pao\n|-activate|p2a: Chien-Pao|move: Protect\n|\n|-heal|p1a: Wo-Chien|94\/100|[from] item: Leftovers\n|upkeep\n|turn|8\n|\n|t:|1681744128\n|move|p2a: Chien-Pao|Ice Spinner|p1a: Wo-Chien\n|-supereffective|p1a: Wo-Chien\n|-damage|p1a: Wo-Chien|31\/100\n|move|p2b: Garchomp|Iron Head|p1a: Wo-Chien\n|-damage|p1a: Wo-Chien|11\/100\n|move|p1a: Wo-Chien|Leech Seed|p2a: Chien-Pao\n|-start|p2a: Chien-Pao|move: Leech Seed\n|\n|-heal|p1a: Wo-Chien|18\/100|[from] item: Leftovers\n|-damage|p2a: Chien-Pao|88\/100|[from] Leech Seed|[of] p1a: Wo-Chien\n|-heal|p1a: Wo-Chien|28\/100|[silent]\n|upkeep\n|turn|9\n|\n|t:|1681744144\n|move|p2b: Garchomp|Protect|p2b: Garchomp\n|-singleturn|p2b: Garchomp|Protect\n|move|p1a: Wo-Chien|Protect|p1a: Wo-Chien\n|-singleturn|p1a: Wo-Chien|Protect\n|move|p2a: Chien-Pao|Ice Spinner|p1a: Wo-Chien\n|-activate|p1a: Wo-Chien|move: Protect\n|\n|-heal|p1a: Wo-Chien|34\/100|[from] item: Leftovers\n|-damage|p2a: Chien-Pao|76\/100|[from] Leech Seed|[of] p1a: Wo-Chien\n|-heal|p1a: Wo-Chien|44\/100|[silent]\n|upkeep\n|turn|10\n|\n|t:|1681744157\n|move|p2a: Chien-Pao|Ice Spinner|p1a: Wo-Chien\n|-supereffective|p1a: Wo-Chien\n|-damage|p1a: Wo-Chien|0 fnt\n|faint|p1a: Wo-Chien\n|\n|win|XinBluQAQ\n|l|\u2606Iono_1118\n","uploadtime":1681744163,"views":12,"p1id":"iono1118","p2id":"xinbluqaq","formatid":"gen9vgc2023regulationc","rating":0,"private":0,"password":""}