{"id":"gen9vgc2023regulationc-1850930490","p1":"PNeals","p2":"sabertooth81","format":"[Gen 9] VGC 2023 Regulation C","log":"|j|\u2606PNeals\n|j|\u2606sabertooth81\n|t:|1682383608\n|gametype|doubles\n|player|p1|PNeals|red|1107\n|player|p2|sabertooth81|acetrainerf-gen4dp|1051\n|teamsize|p1|6\n|teamsize|p2|6\n|gen|9\n|tier|[Gen 9] VGC 2023 Regulation C\n|rated|\n|rule|Species Clause: Limit one of each Pok\u00e9mon\n|rule|Item Clause: Limit one of each item\n|clearpoke\n|poke|p1|Rotom-Mow, L50|\n|poke|p1|Gyarados, L50, M|\n|poke|p1|Kingambit, L50, M|\n|poke|p1|Brute Bonnet, L50|\n|poke|p1|Chien-Pao, L50|\n|poke|p1|Flutter Mane, L50|\n|poke|p2|Armarouge, L50, M|\n|poke|p2|Appletun, L50, F|\n|poke|p2|Scream Tail, L50|\n|poke|p2|Iron Hands, L50|\n|poke|p2|Gothitelle, L50, M|\n|poke|p2|Amoonguss, L50, F|\n|teampreview|4\n|inactive|Battle timer is ON: inactive players will automatically lose when time's up. (requested by sabertooth81)\n|inactive|PNeals has 60 seconds left.\n|\n|t:|1682383641\n|start\n|switch|p1a: Flutter Mane|Flutter Mane, L50|100\/100\n|switch|p1b: Gyarados|Gyarados, L50, M, shiny|100\/100\n|switch|p2a: mogus|Amoonguss, L50, F, shiny|100\/100\n|switch|p2b: Iron Hands|Iron Hands, L50, shiny|100\/100\n|-ability|p1b: Gyarados|Intimidate|boost\n|-unboost|p2a: mogus|atk|1\n|-unboost|p2b: Iron Hands|atk|1\n|turn|1\n|\n|t:|1682383653\n|-terastallize|p2b: Iron Hands|Flying\n|move|p1b: Gyarados|Protect|p1b: Gyarados\n|-singleturn|p1b: Gyarados|Protect\n|move|p2b: Iron Hands|Fake Out|p1b: Gyarados\n|-activate|p1b: Gyarados|move: Protect\n|move|p1a: Flutter Mane|Substitute|p1a: Flutter Mane\n|-start|p1a: Flutter Mane|Substitute\n|-damage|p1a: Flutter Mane|75\/100\n|move|p2a: mogus|Spore|p1b: Gyarados\n|-activate|p1b: Gyarados|move: Protect\n|\n|-heal|p1a: Flutter Mane|82\/100|[from] item: Leftovers\n|upkeep\n|turn|2\n|inactive|PNeals has 30 seconds left.\n|\n|t:|1682383679\n|move|p1a: Flutter Mane|Shadow Ball|p2a: mogus\n|-damage|p2a: mogus|77\/100\n|-unboost|p2a: mogus|spd|1\n|move|p1b: Gyarados|Thunder Wave|p2b: Iron Hands\n|-status|p2b: Iron Hands|par\n|move|p2a: mogus|Spore|p1b: Gyarados\n|-status|p1b: Gyarados|slp|[from] move: Spore\n|move|p2b: Iron Hands|Wild Charge|p1a: Flutter Mane\n|-end|p1a: Flutter Mane|Substitute\n|-damage|p2b: Iron Hands|97\/100 par|[from] Recoil|[of] p1a: Flutter Mane\n|\n|-heal|p1a: Flutter Mane|88\/100|[from] item: Leftovers\n|upkeep\n|turn|3\n|\n|t:|1682383699\n|move|p1a: Flutter Mane|Protect|p1a: Flutter Mane\n|-singleturn|p1a: Flutter Mane|Protect\n|cant|p1b: Gyarados|slp\n|move|p2a: mogus|Spore|p1a: Flutter Mane\n|-activate|p1a: Flutter Mane|move: Protect\n|move|p2b: Iron Hands|Wild Charge|p1b: Gyarados\n|-supereffective|p1b: Gyarados\n|-damage|p1b: Gyarados|0 fnt\n|faint|p1b: Gyarados\n|-damage|p2b: Iron Hands|77\/100 par|[from] Recoil\n|\n|-heal|p1a: Flutter Mane|94\/100|[from] item: Leftovers\n|upkeep\n|\n|t:|1682383710\n|switch|p1b: Chien-Pao|Chien-Pao, L50|100\/100\n|-ability|p1b: Chien-Pao|Sword of Ruin\n|turn|4\n|\n|t:|1682383718\n|switch|p2a: Gothitelle|Gothitelle, L50, M, shiny|100\/100\n|move|p1a: Flutter Mane|Substitute|p1a: Flutter Mane\n|-start|p1a: Flutter Mane|Substitute\n|-damage|p1a: Flutter Mane|69\/100\n|move|p1b: Chien-Pao|Icicle Crash|p2a: Gothitelle\n|-damage|p2a: Gothitelle|48\/100\n|-enditem|p2a: Gothitelle|Sitrus Berry|[eat]\n|-heal|p2a: Gothitelle|73\/100|[from] item: Sitrus Berry\n|move|p2b: Iron Hands|Wild Charge|p1a: Flutter Mane\n|-end|p1a: Flutter Mane|Substitute\n|-damage|p2b: Iron Hands|73\/100 par|[from] Recoil|[of] p1a: Flutter Mane\n|\n|-heal|p1a: Flutter Mane|75\/100|[from] item: Leftovers\n|upkeep\n|turn|5\n|\n|t:|1682383735\n|-terastallize|p1b: Chien-Pao|Ghost\n|move|p2a: Gothitelle|Protect|p2a: Gothitelle\n|-singleturn|p2a: Gothitelle|Protect\n|move|p1a: Flutter Mane|Shadow Ball|p2a: Gothitelle\n|-activate|p2a: Gothitelle|move: Protect\n|move|p1b: Chien-Pao|Icicle Crash|p2b: Iron Hands\n|-supereffective|p2b: Iron Hands\n|-damage|p2b: Iron Hands|8\/100 par\n|cant|p2b: Iron Hands|flinch\n|\n|-heal|p1a: Flutter Mane|82\/100|[from] item: Leftovers\n|upkeep\n|turn|6\n|c|\u2606sabertooth81|loser\n|\n|t:|1682383756\n|-end|p2b: Iron Hands|Quark Drive|[silent]\n|switch|p2b: mogus|Amoonguss, L50, F, shiny|100\/100\n|move|p1b: Chien-Pao|Sucker Punch||[still]\n|-fail|p1b: Chien-Pao\n|move|p1a: Flutter Mane|Shadow Ball|p2a: Gothitelle\n|-supereffective|p2a: Gothitelle\n|-damage|p2a: Gothitelle|24\/100\n|move|p2a: Gothitelle|Trick Room|p2a: Gothitelle\n|-fieldstart|move: Trick Room|[of] p2a: Gothitelle\n|\n|-heal|p1a: Flutter Mane|88\/100|[from] item: Leftovers\n|upkeep\n|turn|7\n|\n|t:|1682383768\n|move|p1a: Flutter Mane|Protect|p1a: Flutter Mane\n|-singleturn|p1a: Flutter Mane|Protect\n|move|p2b: mogus|Pollen Puff|p2a: Gothitelle\n|-heal|p2a: Gothitelle|74\/100\n|move|p2a: Gothitelle|Psychic|p1a: Flutter Mane\n|-activate|p1a: Flutter Mane|move: Protect\n|move|p1b: Chien-Pao|Icicle Crash|p2b: mogus\n|-supereffective|p2b: mogus\n|-damage|p2b: mogus|0 fnt\n|faint|p2b: mogus\n|\n|-heal|p1a: Flutter Mane|94\/100|[from] item: Leftovers\n|upkeep\n|\n|t:|1682383770\n|switch|p2b: Iron Hands|Iron Hands, L50, shiny, tera:Flying|8\/100 par\n|turn|8\n|\n|t:|1682383785\n|move|p1b: Chien-Pao|Sucker Punch|p2b: Iron Hands\n|-damage|p2b: Iron Hands|0 fnt\n|faint|p2b: Iron Hands\n|-end|p2b: Iron Hands|Quark Drive|[silent]\n|move|p2a: Gothitelle|Psychic|p1a: Flutter Mane\n|-damage|p1a: Flutter Mane|67\/100\n|move|p1a: Flutter Mane|Substitute|p1a: Flutter Mane\n|-start|p1a: Flutter Mane|Substitute\n|-damage|p1a: Flutter Mane|42\/100\n|\n|-heal|p1a: Flutter Mane|49\/100|[from] item: Leftovers\n|upkeep\n|inactiveoff|Battle timer is now OFF.\n|inactive|Battle timer is ON: inactive players will automatically lose when time's up. (requested by PNeals)\n|c|\u2606sabertooth81|be better\n|c|\u2606PNeals|?\n|c|\u2606sabertooth81|low skill trash\n|-message|sabertooth81 forfeited.\n|\n|win|PNeals\n|raw|PNeals's rating: 1107 → 1128<\/strong> (+21 for winning)\n|raw|sabertooth81's rating: 1051 → 1036<\/strong> (-15 for losing)\n|l|\u2606sabertooth81\n|c|\u2606PNeals|mad\n","uploadtime":1682383814,"views":7,"p1id":"pneals","p2id":"sabertooth81","formatid":"gen9vgc2023regulationc","rating":1036,"private":0,"password":""}