{"id":"gen9vgc2023regulationc-1862182851","p1":"Tiguron","p2":"HarlequinIvy","format":"[Gen 9] VGC 2023 Regulation C","log":"|j|\u2606Tiguron\n|j|\u2606HarlequinIvy\n|t:|1683846410\n|gametype|doubles\n|player|p1|Tiguron|2|1352\n|player|p2|HarlequinIvy|parasollady|1328\n|teamsize|p1|6\n|teamsize|p2|6\n|gen|9\n|tier|[Gen 9] VGC 2023 Regulation C\n|rated|\n|rule|Species Clause: Limit one of each Pok\u00e9mon\n|rule|Item Clause: Limit one of each item\n|clearpoke\n|poke|p1|Flutter Mane, L50|\n|poke|p1|Chi-Yu, L50|\n|poke|p1|Roaring Moon, L50|\n|poke|p1|Jumpluff, L50, M|\n|poke|p1|Wo-Chien, L50|\n|poke|p1|Torkoal, L50, F|\n|poke|p2|Indeedee, L50, M|\n|poke|p2|Armarouge, L50, F|\n|poke|p2|Flutter Mane, L50|\n|poke|p2|Stonjourner, L50, F|\n|poke|p2|Baxcalibur, L50, M|\n|poke|p2|Kingambit, L50, F|\n|teampreview|4\n|inactive|Battle timer is ON: inactive players will automatically lose when time's up. (requested by Tiguron)\n|\n|t:|1683846448\n|start\n|switch|p1a: Roaring Moon|Roaring Moon, L50|100\/100\n|switch|p1b: Torkoal|Torkoal, L50, F|100\/100\n|switch|p2a: Indeedee|Indeedee, L50, M|100\/100\n|switch|p2b: Armarouge|Armarouge, L50, F|100\/100\n|-fieldstart|move: Psychic Terrain|[from] ability: Psychic Surge|[of] p2a: Indeedee\n|-weather|SunnyDay|[from] ability: Drought|[of] p1b: Torkoal\n|-activate|p1a: Roaring Moon|ability: Protosynthesis\n|-start|p1a: Roaring Moon|protosynthesisatk\n|turn|1\n|\n|t:|1683846462\n|switch|p1b: Jumpluff|Jumpluff, L50, M|100\/100\n|move|p1a: Roaring Moon|Protect|p1a: Roaring Moon\n|-singleturn|p1a: Roaring Moon|Protect\n|move|p2b: Armarouge|Armor Cannon|p1a: Roaring Moon\n|-activate|p1a: Roaring Moon|move: Protect\n|move|p2a: Indeedee|Dazzling Gleam|p1b: Jumpluff|[spread] p1b\n|-activate|p1a: Roaring Moon|move: Protect\n|-damage|p1b: Jumpluff|77\/100\n|-damage|p2a: Indeedee|91\/100|[from] item: Life Orb\n|\n|-weather|SunnyDay|[upkeep]\n|upkeep\n|turn|2\n|\n|t:|1683846477\n|-terastallize|p2b: Armarouge|Grass\n|-terastallize|p1a: Roaring Moon|Ground\n|move|p1b: Jumpluff|Absorb|p1a: Roaring Moon\n|-supereffective|p1a: Roaring Moon\n|-damage|p1a: Roaring Moon|91\/100\n|-heal|p1b: Jumpluff|82\/100|[from] drain|[of] p1a: Roaring Moon\n|-enditem|p1a: Roaring Moon|Weakness Policy\n|-boost|p1a: Roaring Moon|atk|2|[from] item: Weakness Policy\n|-boost|p1a: Roaring Moon|spa|2|[from] item: Weakness Policy\n|move|p2b: Armarouge|Armor Cannon|p1a: Roaring Moon\n|-damage|p1a: Roaring Moon|6\/100\n|-unboost|p2b: Armarouge|def|1\n|-unboost|p2b: Armarouge|spd|1\n|move|p2a: Indeedee|Dazzling Gleam|p1b: Jumpluff|[spread] p1a,p1b\n|-damage|p1a: Roaring Moon|0 fnt\n|-damage|p1b: Jumpluff|59\/100\n|faint|p1a: Roaring Moon\n|-end|p1a: Roaring Moon|Protosynthesis|[silent]\n|-damage|p2a: Indeedee|81\/100|[from] item: Life Orb\n|\n|-weather|SunnyDay|[upkeep]\n|upkeep\n|\n|t:|1683846501\n|switch|p1a: Flutter Mane|Flutter Mane, L50|100\/100\n|-activate|p1a: Flutter Mane|ability: Protosynthesis\n|-start|p1a: Flutter Mane|protosynthesisspa\n|turn|3\n|\n|t:|1683846513\n|move|p2a: Indeedee|Helping Hand|p2b: Armarouge\n|-singleturn|p2b: Armarouge|Helping Hand|[of] p2a: Indeedee\n|move|p1b: Jumpluff|Sleep Powder|p2a: Indeedee\n|-status|p2a: Indeedee|slp|[from] move: Sleep Powder\n|move|p2b: Armarouge|Armor Cannon|p1a: Flutter Mane\n|-damage|p1a: Flutter Mane|0 fnt\n|-unboost|p2b: Armarouge|def|1\n|-unboost|p2b: Armarouge|spd|1\n|faint|p1a: Flutter Mane\n|-end|p1a: Flutter Mane|Protosynthesis|[silent]\n|\n|-weather|SunnyDay|[upkeep]\n|upkeep\n|\n|t:|1683846520\n|switch|p1a: Torkoal|Torkoal, L50, F|100\/100\n|turn|4\n|\n|t:|1683846525\n|move|p1b: Jumpluff|Rage Powder|p1b: Jumpluff\n|-singleturn|p1b: Jumpluff|move: Rage Powder\n|move|p2b: Armarouge|Armor Cannon|p1b: Jumpluff\n|-supereffective|p1b: Jumpluff\n|-damage|p1b: Jumpluff|0 fnt\n|-unboost|p2b: Armarouge|def|1\n|-unboost|p2b: Armarouge|spd|1\n|faint|p1b: Jumpluff\n|cant|p2a: Indeedee|slp\n|move|p1a: Torkoal|Eruption|p2a: Indeedee|[spread] p2a\n|-start|p2b: Armarouge|ability: Flash Fire\n|-damage|p2a: Indeedee|0 fnt\n|faint|p2a: Indeedee\n|\n|-weather|SunnyDay|[upkeep]\n|upkeep\n|\n|t:|1683846531\n|switch|p2a: Baxcalibur|Baxcalibur, L50, M|100\/100\n|turn|5\n|-message|Tiguron forfeited.\n|\n|win|HarlequinIvy\n|raw|Tiguron's rating: 1352 → 1331<\/strong> (-21 for losing)\n|raw|HarlequinIvy's rating: 1328 → 1349<\/strong> (+21 for winning)\n|l|\u2606Tiguron\n","uploadtime":1683846538,"views":15,"p1id":"tiguron","p2id":"harlequinivy","formatid":"gen9vgc2023regulationc","rating":1331,"private":0,"password":""}