{"id":"gen9vgc2023regulationc-1861017286","p1":"D-scNSe","p2":"CCManny","format":"[Gen 9] VGC 2023 Regulation C","log":"|j|\u2606D-scNSe\n|j|\u2606CCManny\n|t:|1683715000\n|gametype|doubles\n|player|p1|D-scNSe|169|1376\n|player|p2|CCManny|1|1386\n|teamsize|p1|6\n|teamsize|p2|6\n|gen|9\n|tier|[Gen 9] VGC 2023 Regulation C\n|rated|\n|rule|Species Clause: Limit one of each Pok\u00e9mon\n|rule|Item Clause: Limit one of each item\n|clearpoke\n|poke|p1|Flutter Mane, L50|\n|poke|p1|Ting-Lu, L50|\n|poke|p1|Maushold-Four, L50|\n|poke|p1|Annihilape, L50, F|\n|poke|p1|Iron Bundle, L50|\n|poke|p1|Arcanine, L50, F|\n|poke|p2|Dragonite, L50, M|\n|poke|p2|Corviknight, L50, F|\n|poke|p2|Palafin, L50, F|\n|poke|p2|Flutter Mane, L50|\n|poke|p2|Umbreon, L50, M|\n|poke|p2|Arcanine, L50, F|\n|teampreview|4\n|\n|t:|1683715047\n|start\n|switch|p1a: Annihilape|Annihilape, L50, F|100\/100\n|switch|p1b: Maushold|Maushold-Four, L50|100\/100\n|switch|p2a: Flutter Mane|Flutter Mane, L50|100\/100\n|switch|p2b: Corviknight|Corviknight, L50, F|100\/100\n|-enditem|p2a: Flutter Mane|Booster Energy\n|-activate|p2a: Flutter Mane|ability: Protosynthesis|[fromitem]\n|-start|p2a: Flutter Mane|protosynthesisspe\n|turn|1\n|\n|t:|1683715072\n|-terastallize|p1a: Annihilape|Fire\n|move|p2a: Flutter Mane|Dazzling Gleam|p1b: Maushold|[spread] p1a,p1b\n|-resisted|p1a: Annihilape\n|-damage|p1a: Annihilape|92\/100\n|-damage|p1b: Maushold|75\/100\n|move|p1b: Maushold|Beat Up|p1a: Annihilape\n|-damage|p1a: Annihilape|89\/100\n|-damage|p1a: Annihilape|88\/100\n|-damage|p1a: Annihilape|85\/100\n|-damage|p1a: Annihilape|83\/100\n|-hitcount|p1a: Annihilape|4\n|move|p1a: Annihilape|Rage Fist|p2a: Flutter Mane\n|-supereffective|p2a: Flutter Mane\n|-damage|p2a: Flutter Mane|0 fnt\n|faint|p2a: Flutter Mane\n|-end|p2a: Flutter Mane|Protosynthesis|[silent]\n|move|p2b: Corviknight|Brave Bird|p1a: Annihilape\n|-damage|p1a: Annihilape|45\/100\n|-damage|p2b: Corviknight|87\/100|[from] Recoil\n|\n|-heal|p1a: Annihilape|51\/100|[from] item: Leftovers\n|-heal|p2b: Corviknight|93\/100|[from] item: Leftovers\n|upkeep\n|\n|t:|1683715096\n|switch|p2a: Dragonite|Dragonite, L50, M, shiny|100\/100\n|turn|2\n|\n|t:|1683715106\n|move|p1b: Maushold|Follow Me|p1b: Maushold\n|-singleturn|p1b: Maushold|move: Follow Me\n|move|p1a: Annihilape|Rage Fist|p2a: Dragonite\n|-damage|p2a: Dragonite|19\/100\n|move|p2a: Dragonite|Stomping Tantrum|p1b: Maushold\n|-damage|p1b: Maushold|42\/100\n|move|p2b: Corviknight|Bulk Up|p2b: Corviknight\n|-boost|p2b: Corviknight|atk|1\n|-boost|p2b: Corviknight|def|1\n|\n|-heal|p1a: Annihilape|57\/100|[from] item: Leftovers\n|-heal|p2b: Corviknight|99\/100|[from] item: Leftovers\n|upkeep\n|turn|3\n|\n|t:|1683715122\n|move|p1b: Maushold|Feint|p2a: Dragonite\n|-damage|p2a: Dragonite|12\/100\n|move|p1a: Annihilape|Rage Fist|p2a: Dragonite\n|-damage|p2a: Dragonite|0 fnt\n|faint|p2a: Dragonite\n|move|p2b: Corviknight|Bulk Up|p2b: Corviknight\n|-boost|p2b: Corviknight|atk|1\n|-boost|p2b: Corviknight|def|1\n|\n|-heal|p1a: Annihilape|63\/100|[from] item: Leftovers\n|-heal|p2b: Corviknight|100\/100|[from] item: Leftovers\n|upkeep\n|\n|t:|1683715135\n|switch|p2a: Arcanine|Arcanine, L50, F|100\/100\n|-ability|p2a: Arcanine|Intimidate|boost\n|-unboost|p1a: Annihilape|atk|1\n|-ability|p1a: Annihilape|Defiant|boost\n|-boost|p1a: Annihilape|atk|2\n|-unboost|p1b: Maushold|atk|1\n|turn|4\n|\n|t:|1683715146\n|move|p2a: Arcanine|Protect|p2a: Arcanine\n|-singleturn|p2a: Arcanine|Protect\n|move|p1b: Maushold|Feint|p2b: Corviknight\n|-resisted|p2b: Corviknight\n|-damage|p2b: Corviknight|99\/100\n|move|p1a: Annihilape|Rage Fist|p2b: Corviknight\n|-damage|p2b: Corviknight|0 fnt\n|faint|p2b: Corviknight\n|\n|-heal|p1a: Annihilape|69\/100|[from] item: Leftovers\n|upkeep\n|turn|5\n|\n|t:|1683715158\n|move|p1b: Maushold|Feint|p2a: Arcanine\n|-damage|p2a: Arcanine|94\/100\n|move|p2a: Arcanine|Flare Blitz|p1b: Maushold\n|-damage|p1b: Maushold|0 fnt\n|faint|p1b: Maushold\n|-damage|p2a: Arcanine|82\/100|[from] Recoil\n|move|p1a: Annihilape|Rage Fist|p2a: Arcanine\n|-damage|p2a: Arcanine|0 fnt\n|faint|p2a: Arcanine\n|\n|win|D-scNSe\n|raw|D-scNSe's rating: 1376 → 1397<\/strong> (+21 for winning)\n|raw|CCManny's rating: 1386 → 1365<\/strong> (-21 for losing)\n|l|\u2606CCManny\n||Ladder isn't responding, score probably updated but might not have (Request timeout).\n","uploadtime":1683716063,"views":15,"p1id":"dscnse","p2id":"ccmanny","formatid":"gen9vgc2023regulationc","rating":1365,"private":0,"password":""}