{"id":"gen9vgc2023regulationc-1860043900","p1":"Malikeroni","p2":"McDubbieEnthusiast","format":"[Gen 9] VGC 2023 Regulation C","log":"|j|\u2606Malikeroni\n|j|\u2606McDubbieEnthusiast\n|t:|1683588632\n|gametype|doubles\n|player|p1|Malikeroni|2|1500\n|player|p2|McDubbieEnthusiast|waiter-gen4|1632\n|teamsize|p1|6\n|teamsize|p2|6\n|gen|9\n|tier|[Gen 9] VGC 2023 Regulation C\n|rated|\n|rule|Species Clause: Limit one of each Pok\u00e9mon\n|rule|Item Clause: Limit one of each item\n|clearpoke\n|poke|p1|Garchomp, L50, M|\n|poke|p1|Tyranitar, L50, F|\n|poke|p1|Houndstone, L50, F|\n|poke|p1|Sandy Shocks, L50|\n|poke|p1|Iron Moth, L50|\n|poke|p1|Corviknight, L50, F|\n|poke|p2|Tyranitar, L50, F|\n|poke|p2|Garchomp, L50, M|\n|poke|p2|Dragonite, L50, M|\n|poke|p2|Scream Tail, L50|\n|poke|p2|Orthworm, L50, M|\n|poke|p2|Palafin, L50, M|\n|teampreview|4\n|inactive|Battle timer is ON: inactive players will automatically lose when time's up. (requested by McDubbieEnthusiast)\n|j| wrgedwa\n|\n|t:|1683588681\n|start\n|switch|p1a: Garchomp|Garchomp, L50, M|100\/100\n|switch|p1b: Tyranitar|Tyranitar, L50, F|100\/100\n|switch|p2a: Shimmer|Palafin, L50, M|100\/100\n|switch|p2b: Dunewinder|Orthworm, L50, M|100\/100\n|-weather|Sandstorm|[from] ability: Sand Stream|[of] p1b: Tyranitar\n|turn|1\n|j| Friend_Or_Foe120\n|inactive|Malikeroni has 30 seconds left.\n|inactive|McDubbieEnthusiast has 30 seconds left.\n|n| 2eedqfewrebgf|wrgedwa\n|l| 2eedqfewrebgf\n|j| 2eedqfewrebgf\n|\n|t:|1683588716\n|switch|p1a: Iron Moth|Iron Moth, L50|100\/100\n|detailschange|p2a: Shimmer|Palafin-Hero, L50, M\n|switch|p2a: Brass|Dragonite, L50, M|100\/100\n|switch|p1b: Sandy Shocks|Sandy Shocks, L50|100\/100\n|-enditem|p1b: Sandy Shocks|Booster Energy\n|-activate|p1b: Sandy Shocks|ability: Protosynthesis|[fromitem]\n|-start|p1b: Sandy Shocks|protosynthesisspa\n|move|p2b: Dunewinder|Shed Tail|p2b: Dunewinder\n|-start|p2b: Dunewinder|Substitute|[from] move: Shed Tail\n|-damage|p2b: Dunewinder|50\/100\n|-enditem|p2b: Dunewinder|Sitrus Berry|[eat]\n|-heal|p2b: Dunewinder|75\/100|[from] item: Sitrus Berry\n|inactive|McDubbieEnthusiast has 30 seconds left.\n|\n|t:|1683588746\n|switch|p2b: Mogaru|Garchomp, L50, M|100\/100|[from] Shed Tail\n|\n|-weather|Sandstorm|[upkeep]\n|-damage|p1a: Iron Moth|94\/100|[from] Sandstorm\n|-damage|p2a: Brass|95\/100|[from] Sandstorm\n|upkeep\n|turn|2\n|inactive|McDubbieEnthusiast has 30 seconds left.\n|inactive|McDubbieEnthusiast has 20 seconds left.\n|inactive|McDubbieEnthusiast has 15 seconds left.\n|inactive|McDubbieEnthusiast has 10 seconds left.\n|\n|t:|1683588791\n|-terastallize|p1a: Iron Moth|Grass\n|move|p2a: Brass|Extreme Speed|p1a: Iron Moth\n|-damage|p1a: Iron Moth|49\/100\n|move|p2b: Mogaru|Earthquake|p1a: Iron Moth|[spread] p1a,p1b\n|-immune|p2a: Brass\n|-resisted|p1a: Iron Moth\n|-supereffective|p1b: Sandy Shocks\n|-damage|p1a: Iron Moth|23\/100\n|-damage|p1b: Sandy Shocks|27\/100\n|move|p1a: Iron Moth|Dazzling Gleam|p2b: Mogaru|[spread] p2a,p2b\n|-supereffective|p2b: Mogaru\n|-end|p2b: Mogaru|Substitute\n|-supereffective|p2a: Brass\n|-damage|p2a: Brass|38\/100\n|-damage|p1a: Iron Moth|13\/100|[from] item: Life Orb\n|move|p1b: Sandy Shocks|Thunderbolt|p2a: Brass\n|-damage|p2a: Brass|0 fnt\n|faint|p2a: Brass\n|\n|-weather|Sandstorm|[upkeep]\n|-damage|p1a: Iron Moth|7\/100|[from] Sandstorm\n|upkeep\n|c|\u2606Malikeroni|Oh my goodness there's 4 people on so nervous\n|inactive|McDubbieEnthusiast has 30 seconds left.\n|\n|t:|1683588821\n|switch|p2a: Dunewinder|Orthworm, L50, M|75\/100\n|turn|3\n|\n|t:|1683588836\n|move|p1a: Iron Moth|Protect|p1a: Iron Moth\n|-singleturn|p1a: Iron Moth|Protect\n|move|p2b: Mogaru|Earthquake|p1b: Sandy Shocks|[spread] p1b\n|-activate|p1a: Iron Moth|move: Protect\n|-heal|p2a: Dunewinder|100\/100|[from] ability: Earth Eater|[of] p2b: Mogaru\n|-supereffective|p1b: Sandy Shocks\n|-damage|p1b: Sandy Shocks|0 fnt\n|faint|p1b: Sandy Shocks\n|-end|p1b: Sandy Shocks|Protosynthesis|[silent]\n|move|p2a: Dunewinder|Shed Tail|p2a: Dunewinder\n|-start|p2a: Dunewinder|Substitute|[from] move: Shed Tail\n|-damage|p2a: Dunewinder|50\/100\n|\n|t:|1683588854\n|switch|p2a: Shimmer|Palafin-Hero, L50, M|100\/100|[from] Shed Tail\n|-activate|p2a: Shimmer|ability: Zero to Hero\n|\n|-weather|Sandstorm|[upkeep]\n|-damage|p1a: Iron Moth|1\/100|[from] Sandstorm\n|-damage|p2a: Shimmer|95\/100|[from] Sandstorm\n|upkeep\n|\n|t:|1683588863\n|switch|p1b: Garchomp|Garchomp, L50, M|100\/100\n|turn|4\n|inactive|McDubbieEnthusiast has 30 seconds left.\n|\n|t:|1683588890\n|move|p2a: Shimmer|Jet Punch|p1b: Garchomp\n|-damage|p1b: Garchomp|58\/100\n|move|p2b: Mogaru|Earthquake|p1b: Garchomp|[spread] p2a,p1a\n|-miss|p2b: Mogaru|p1b: Garchomp\n|-end|p2a: Shimmer|Substitute\n|-resisted|p1a: Iron Moth\n|-damage|p1a: Iron Moth|0 fnt\n|faint|p1a: Iron Moth\n|-end|p1a: Iron Moth|Quark Drive|[silent]\n|move|p1b: Garchomp|Dragon Claw|p2b: Mogaru\n|-supereffective|p2b: Mogaru\n|-damage|p2b: Mogaru|28\/100\n|\n|-weather|Sandstorm|[upkeep]\n|-damage|p2a: Shimmer|89\/100|[from] Sandstorm\n|upkeep\n|\n|t:|1683588905\n|switch|p1a: Tyranitar|Tyranitar, L50, F|100\/100\n|turn|5\n|c|\u2606McDubbieEnthusiast|The Veeeeeil\n|\n|t:|1683588922\n|switch|p2a: Dunewinder|Orthworm, L50, M|50\/100\n|move|p1a: Tyranitar|Protect|p1a: Tyranitar\n|-singleturn|p1a: Tyranitar|Protect\n|move|p2b: Mogaru|Earthquake|p1a: Tyranitar|[spread] p1b\n|-activate|p1a: Tyranitar|move: Protect\n|-heal|p2a: Dunewinder|75\/100|[from] ability: Earth Eater|[of] p2b: Mogaru\n|-damage|p1b: Garchomp|23\/100\n|move|p1b: Garchomp|Earthquake|p2b: Mogaru|[spread] p2b\n|-activate|p1a: Tyranitar|move: Protect\n|-heal|p2a: Dunewinder|100\/100|[from] ability: Earth Eater|[of] p1b: Garchomp\n|-damage|p2b: Mogaru|0 fnt\n|faint|p2b: Mogaru\n|\n|-weather|Sandstorm|[upkeep]\n|upkeep\n|j| shine like a gem\n|\n|t:|1683588936\n|switch|p2b: Shimmer|Palafin-Hero, L50, M|89\/100\n|turn|6\n|\n|t:|1683588953\n|move|p2b: Shimmer|Jet Punch|p1b: Garchomp\n|-damage|p1b: Garchomp|0 fnt\n|faint|p1b: Garchomp\n|move|p2a: Dunewinder|Body Press|p1a: Tyranitar\n|-supereffective|p1a: Tyranitar\n|-damage|p1a: Tyranitar|14\/100\n|move|p1a: Tyranitar|Crunch|p2b: Shimmer\n|-damage|p2b: Shimmer|50\/100\n|\n|-weather|Sandstorm|[upkeep]\n|-damage|p2b: Shimmer|44\/100|[from] Sandstorm\n|upkeep\n|turn|7\n|c|\u2606McDubbieEnthusiast|gg!\n|c|\u2606Malikeroni|Gg\n|l| Friend_Or_Foe120\n|\n|t:|1683588967\n|move|p1a: Tyranitar|Protect|p1a: Tyranitar\n|-singleturn|p1a: Tyranitar|Protect\n|move|p2b: Shimmer|Jet Punch|p1a: Tyranitar\n|-activate|p1a: Tyranitar|move: Protect\n|move|p2a: Dunewinder|Body Press|p1a: Tyranitar\n|-activate|p1a: Tyranitar|move: Protect\n|\n|-weather|Sandstorm|[upkeep]\n|-damage|p2b: Shimmer|38\/100|[from] Sandstorm\n|upkeep\n|turn|8\n|\n|t:|1683588975\n|move|p2b: Shimmer|Protect|p2b: Shimmer\n|-singleturn|p2b: Shimmer|Protect\n|move|p2a: Dunewinder|Body Press|p1a: Tyranitar\n|-supereffective|p1a: Tyranitar\n|-damage|p1a: Tyranitar|0 fnt\n|faint|p1a: Tyranitar\n|\n|win|McDubbieEnthusiast\n|raw|Malikeroni's rating: 1500 → 1487<\/strong> (-13 for losing)\n|raw|McDubbieEnthusiast's rating: 1632 → 1645<\/strong> (+13 for winning)\n","uploadtime":1683588980,"views":20,"p1id":"malikeroni","p2id":"mcdubbieenthusiast","formatid":"gen9vgc2023regulationc","rating":1487,"private":0,"password":""}