{"id":"gen9vgc2023regulationc-1861769802","p1":"genericname3333","p2":"yuramas","format":"[Gen 9] VGC 2023 Regulation C","log":"|j|\u2606genericname3333\n|j|\u2606yuramas\n|t:|1683806679\n|gametype|doubles\n|player|p1|genericname3333|rosa-pokestar|\n|player|p2|yuramas|n|\n|teamsize|p1|6\n|teamsize|p2|6\n|gen|9\n|tier|[Gen 9] VGC 2023 Regulation C\n|rule|Tera Type Preview: Tera Types are shown at Team Preview\n|rule|Species Clause: Limit one of each Pok\u00e9mon\n|rule|Item Clause: Limit one of each item\n|clearpoke\n|poke|p1|Gholdengo, L50|\n|poke|p1|Palafin, L50, M|\n|poke|p1|Grimmsnarl, L50, M|\n|poke|p1|Dragonite, L50, M|\n|poke|p1|Mudsdale, L50, M|\n|poke|p1|Rotom-Mow, L50|\n|poke|p2|Torkoal, L50, M|\n|poke|p2|Ceruledge, L50, F|\n|poke|p2|Masquerain, L50, F|\n|poke|p2|Sandy Shocks, L50|\n|poke|p2|Scovillain, L50, M|\n|poke|p2|Jumpluff, L50, M|\n|teampreview|4\n|raw|genericname3333's Tera Types: \/ \/ \/ \/ \/ \n|raw|yuramas's Tera Types: \/ \/ \/ \/ \/ \n|c|\u2606genericname3333|g1\n|c|\u2606yuramas|yeah, and how we open second at the same time?\n|c|\u2606genericname3333|ive challenged u again\n|c|\u2606genericname3333|i think\n|c|\u2606genericname3333|im gonna send the links in live battles in case we have to do that\n|c|\u2606genericname3333|but yeah, glhf!\n|c|\u2606yuramas|yeah, good luck you too\ngenericname3333 rejected open team sheets.\n|\n|t:|1683807100\n|start\n|switch|p1a: Grimmsnarl|Grimmsnarl, L50, M|100\/100\n|switch|p1b: Dragonite|Dragonite, L50, M|100\/100\n|switch|p2a: Masquerain|Masquerain, L50, F|100\/100\n|switch|p2b: Sandy Shocks|Sandy Shocks, L50|100\/100\n|-ability|p2a: Masquerain|Intimidate|boost\n|-unboost|p1a: Grimmsnarl|atk|1\n|-unboost|p1b: Dragonite|atk|1\n|turn|1\n|\n|t:|1683807250\n|switch|p1b: Mudsdale|Mudsdale, L50, M|100\/100\n|move|p2b: Sandy Shocks|Volt Switch|p1b: Mudsdale\n|-immune|p1b: Mudsdale\n|move|p2a: Masquerain|Ice Beam|p1b: Mudsdale\n|-supereffective|p1b: Mudsdale\n|-damage|p1b: Mudsdale|72\/100\n|-status|p1b: Mudsdale|frz\n|-ability|p1b: Mudsdale|Stamina|boost\n|-boost|p1b: Mudsdale|def|1\n|move|p1a: Grimmsnarl|Stomping Tantrum|p2b: Sandy Shocks\n|-supereffective|p2b: Sandy Shocks\n|-damage|p2b: Sandy Shocks|69\/100\n|\n|upkeep\n|turn|2\n|\n|t:|1683807294\n|move|p1a: Grimmsnarl|Light Screen|p1a: Grimmsnarl\n|-sidestart|p1: genericname3333|move: Light Screen\n|move|p2b: Sandy Shocks|Volt Switch|p1a: Grimmsnarl\n|-damage|p1a: Grimmsnarl|62\/100\n|\n|t:|1683807305\n|-end|p2b: Sandy Shocks|Protosynthesis|[silent]\n|switch|p2b: Ceruledge|Ceruledge, L50, F|100\/100|[from] Volt Switch\n|move|p2a: Masquerain|Ice Beam|p1b: Mudsdale\n|-supereffective|p1b: Mudsdale\n|-damage|p1b: Mudsdale|55\/100 frz\n|-ability|p1b: Mudsdale|Stamina|boost\n|-boost|p1b: Mudsdale|def|1\n|cant|p1b: Mudsdale|frz\n|\n|upkeep\n|turn|3\n|\n|t:|1683807348\n|move|p2a: Masquerain|Ice Beam|p1b: Mudsdale\n|-supereffective|p1b: Mudsdale\n|-damage|p1b: Mudsdale|36\/100 frz\n|-ability|p1b: Mudsdale|Stamina|boost\n|-boost|p1b: Mudsdale|def|1\n|move|p2b: Ceruledge|Brick Break|p1a: Grimmsnarl\n|-sideend|p1: genericname3333|move: Light Screen\n|-damage|p1a: Grimmsnarl|29\/100\n|-damage|p2b: Ceruledge|91\/100|[from] item: Life Orb\n|move|p1a: Grimmsnarl|Foul Play|p2b: Ceruledge\n|-supereffective|p2b: Ceruledge\n|-damage|p2b: Ceruledge|0 fnt\n|faint|p2b: Ceruledge\n|cant|p1b: Mudsdale|frz\n|\n|upkeep\n|\n|t:|1683807376\n|switch|p2b: Sandy Shocks|Sandy Shocks, L50|69\/100\n|turn|4\n|\n|t:|1683807420\n|move|p1a: Grimmsnarl|Light Screen|p1a: Grimmsnarl\n|-sidestart|p1: genericname3333|move: Light Screen\n|move|p2b: Sandy Shocks|Volt Switch|p1a: Grimmsnarl\n|-damage|p1a: Grimmsnarl|0 fnt\n|faint|p1a: Grimmsnarl\n|\n|t:|1683807427\n|-end|p2b: Sandy Shocks|Protosynthesis|[silent]\n|switch|p2b: Jumpluff|Jumpluff, L50, M|100\/100|[from] Volt Switch\n|move|p2a: Masquerain|Ice Beam|p1b: Mudsdale\n|-supereffective|p1b: Mudsdale\n|-damage|p1b: Mudsdale|19\/100 frz\n|-ability|p1b: Mudsdale|Stamina|boost\n|-boost|p1b: Mudsdale|def|1\n|cant|p1b: Mudsdale|frz\n|\n|upkeep\n|\n|t:|1683807441\n|switch|p1a: Gholdengo|Gholdengo, L50|100\/100\n|turn|5\n|\n|t:|1683807540\n|move|p2b: Jumpluff|Rage Powder|p2b: Jumpluff\n|-singleturn|p2b: Jumpluff|move: Rage Powder\n|move|p2a: Masquerain|Ice Beam|p1b: Mudsdale\n|-supereffective|p1b: Mudsdale\n|-damage|p1b: Mudsdale|0 fnt\n|faint|p1b: Mudsdale\n|move|p1a: Gholdengo|Nasty Plot|p1a: Gholdengo\n|-boost|p1a: Gholdengo|spa|2\n|\n|upkeep\n|\n|t:|1683807557\n|switch|p1b: Dragonite|Dragonite, L50, M|100\/100\n|turn|6\n|\n|t:|1683807595\n|move|p1b: Dragonite|Protect|p1b: Dragonite\n|-singleturn|p1b: Dragonite|Protect\n|move|p2b: Jumpluff|Sleep Powder|p1b: Dragonite\n|-activate|p1b: Dragonite|move: Protect\n|move|p2a: Masquerain|Ice Beam|p1b: Dragonite\n|-activate|p1b: Dragonite|move: Protect\n|move|p1a: Gholdengo|Make It Rain|p2a: Masquerain|[spread] p2a,p2b\n|-damage|p2a: Masquerain|0 fnt\n|-damage|p2b: Jumpluff|0 fnt\n|-unboost|p1a: Gholdengo|spa|1\n|faint|p2a: Masquerain\n|faint|p2b: Jumpluff\n|\n|upkeep\n|\n|t:|1683807600\n|switch|p2a: Sandy Shocks|Sandy Shocks, L50|69\/100\n|turn|7\n|c|\u2606yuramas|gg\n|\n|t:|1683807632\n|-terastallize|p1a: Gholdengo|Dragon\n|move|p2a: Sandy Shocks|Earth Power|p1a: Gholdengo\n|-damage|p1a: Gholdengo|53\/100\n|move|p1b: Dragonite|Stomping Tantrum|p2a: Sandy Shocks\n|-supereffective|p2a: Sandy Shocks\n|-crit|p2a: Sandy Shocks\n|-damage|p2a: Sandy Shocks|0 fnt\n|faint|p2a: Sandy Shocks\n|-end|p2a: Sandy Shocks|Protosynthesis|[silent]\n|\n|win|genericname3333\n","uploadtime":1683807643,"views":36,"p1id":"genericname3333","p2id":"yuramas","formatid":"gen9vgc2023regulationc","rating":0,"private":0,"password":""}