{"id":"gen9vgc2023regulationc-1856154174","p1":"Bibouly","p2":"taterstotz","format":"[Gen 9] VGC 2023 Regulation C","log":"|j|\u2606Bibouly\n|j|\u2606taterstotz\n|t:|1683035674\n|gametype|doubles\n|player|p1|Bibouly|giovanni|1225\n|player|p2|taterstotz|266|1137\n|teamsize|p1|6\n|teamsize|p2|6\n|gen|9\n|tier|[Gen 9] VGC 2023 Regulation C\n|rated|\n|rule|Species Clause: Limit one of each Pok\u00e9mon\n|rule|Item Clause: Limit one of each item\n|clearpoke\n|poke|p1|Azumarill, L50, M|\n|poke|p1|Amoonguss, L50, F|\n|poke|p1|Dragonite, L50, F|\n|poke|p1|Flutter Mane, L50|\n|poke|p1|Chi-Yu, L50|\n|poke|p1|Great Tusk, L50|\n|poke|p2|Corviknight, L50, F|\n|poke|p2|Ting-Lu, L50|\n|poke|p2|Flutter Mane, L50|\n|poke|p2|Amoonguss, L50, M|\n|poke|p2|Arcanine, L50, M|\n|poke|p2|Baxcalibur, L50, F|\n|teampreview|4\n|inactive|Battle timer is ON: inactive players will automatically lose when time's up. (requested by taterstotz)\n|inactive|taterstotz has 60 seconds left.\n|\n|t:|1683035711\n|start\n|switch|p1a: Flutter Mane|Flutter Mane, L50|100\/100\n|switch|p1b: Chi-Yu|Chi-Yu, L50|100\/100\n|switch|p2a: Corviknight|Corviknight, L50, F|100\/100\n|switch|p2b: Flutter Mane|Flutter Mane, L50|100\/100\n|-ability|p1b: Chi-Yu|Beads of Ruin\n|-enditem|p2b: Flutter Mane|Booster Energy\n|-activate|p2b: Flutter Mane|ability: Protosynthesis|[fromitem]\n|-start|p2b: Flutter Mane|protosynthesisspe\n|-enditem|p1a: Flutter Mane|Booster Energy\n|-activate|p1a: Flutter Mane|ability: Protosynthesis|[fromitem]\n|-start|p1a: Flutter Mane|protosynthesisspe\n|turn|1\n|inactive|Bibouly has 30 seconds left.\n|inactive|Bibouly has 20 seconds left.\n|inactive|Bibouly has 15 seconds left.\n|inactive|Bibouly has 10 seconds left.\n|inactive|Bibouly has 5 seconds left.\n|\n|t:|1683035762\n|-terastallize|p2a: Corviknight|Fighting\n|move|p2b: Flutter Mane|Protect|p2b: Flutter Mane\n|-singleturn|p2b: Flutter Mane|Protect\n|move|p1a: Flutter Mane|Shadow Ball|p2b: Flutter Mane\n|-activate|p2b: Flutter Mane|move: Protect\n|move|p1b: Chi-Yu|Heat Wave|p2b: Flutter Mane|[spread] p2a\n|-activate|p2b: Flutter Mane|move: Protect\n|-damage|p2a: Corviknight|56\/100\n|move|p2a: Corviknight|Iron Head|p1a: Flutter Mane\n|-supereffective|p1a: Flutter Mane\n|-damage|p1a: Flutter Mane|0 fnt\n|faint|p1a: Flutter Mane\n|-end|p1a: Flutter Mane|Protosynthesis|[silent]\n|\n|-heal|p2a: Corviknight|62\/100|[from] item: Leftovers\n|upkeep\n|\n|t:|1683035768\n|switch|p1a: Azumarill|Azumarill, L50, M|100\/100\n|turn|2\n|\n|t:|1683035784\n|switch|p2a: Arcanine|Arcanine, L50, M|100\/100\n|-ability|p2a: Arcanine|Intimidate|boost\n|-unboost|p1a: Azumarill|atk|1\n|-unboost|p1b: Chi-Yu|atk|1\n|move|p2b: Flutter Mane|Dazzling Gleam|p1a: Azumarill|[spread] p1a,p1b\n|-damage|p1a: Azumarill|72\/100\n|-damage|p1b: Chi-Yu|63\/100\n|move|p1b: Chi-Yu|Overheat|p2a: Arcanine\n|-resisted|p2a: Arcanine\n|-damage|p2a: Arcanine|57\/100\n|-unboost|p1b: Chi-Yu|spa|2\n|move|p1a: Azumarill|Liquidation|p2b: Flutter Mane\n|-damage|p2b: Flutter Mane|16\/100\n|-unboost|p2b: Flutter Mane|def|1\n|\n|upkeep\n|turn|3\n|\n|t:|1683035807\n|-end|p2b: Flutter Mane|Protosynthesis|[silent]\n|switch|p2b: Amoonguss|Amoonguss, L50, M|100\/100\n|switch|p1b: Great Tusk|Great Tusk, L50|100\/100\n|move|p1a: Azumarill|Aqua Jet|p2b: Amoonguss\n|-resisted|p2b: Amoonguss\n|-damage|p2b: Amoonguss|93\/100\n|move|p2a: Arcanine|Will-O-Wisp|p1a: Azumarill\n|-status|p1a: Azumarill|brn\n|\n|-damage|p1a: Azumarill|67\/100 brn|[from] brn\n|upkeep\n|turn|4\n|\n|t:|1683035833\n|switch|p2a: Corviknight|Corviknight, L50, F, tera:Fighting|62\/100\n|-terastallize|p1b: Great Tusk|Ground\n|move|p1b: Great Tusk|Headlong Rush|p2b: Amoonguss\n|-damage|p2b: Amoonguss|20\/100\n|-unboost|p1b: Great Tusk|def|1\n|-unboost|p1b: Great Tusk|spd|1\n|-enditem|p2b: Amoonguss|Wiki Berry|[eat]\n|-heal|p2b: Amoonguss|53\/100|[from] item: Wiki Berry\n|move|p1a: Azumarill|Liquidation|p2a: Corviknight\n|-damage|p2a: Corviknight|50\/100\n|move|p2b: Amoonguss|Spore|p1b: Great Tusk\n|-status|p1b: Great Tusk|slp|[from] move: Spore\n|\n|-heal|p2a: Corviknight|56\/100|[from] item: Leftovers\n|-damage|p1a: Azumarill|61\/100 brn|[from] brn\n|upkeep\n|turn|5\n|\n|t:|1683035849\n|cant|p1b: Great Tusk|slp\n|move|p2a: Corviknight|Iron Defense|p2a: Corviknight\n|-boost|p2a: Corviknight|def|2\n|move|p1a: Azumarill|Play Rough|p2a: Corviknight\n|-supereffective|p2a: Corviknight\n|-damage|p2a: Corviknight|41\/100\n|move|p2b: Amoonguss|Pollen Puff|p2a: Corviknight\n|-heal|p2a: Corviknight|91\/100\n|\n|-heal|p2a: Corviknight|97\/100|[from] item: Leftovers\n|-damage|p1a: Azumarill|55\/100 brn|[from] brn\n|upkeep\n|turn|6\n|\n|t:|1683035864\n|switch|p2b: Arcanine|Arcanine, L50, M|57\/100\n|-ability|p2b: Arcanine|Intimidate|boost\n|-unboost|p1a: Azumarill|atk|1\n|-unboost|p1b: Great Tusk|atk|1\n|cant|p1b: Great Tusk|slp\n|move|p2a: Corviknight|Body Press|p1b: Great Tusk\n|-damage|p1b: Great Tusk|19\/100 slp\n|move|p1a: Azumarill|Ice Spinner|p2b: Arcanine\n|-resisted|p2b: Arcanine\n|-damage|p2b: Arcanine|52\/100\n|\n|-heal|p2a: Corviknight|100\/100|[from] item: Leftovers\n|-damage|p1a: Azumarill|49\/100 brn|[from] brn\n|upkeep\n|turn|7\n|\n|t:|1683035879\n|-curestatus|p1b: Great Tusk|slp|[msg]\n|move|p1b: Great Tusk|Headlong Rush|p2b: Arcanine\n|-supereffective|p2b: Arcanine\n|-damage|p2b: Arcanine|0 fnt\n|-unboost|p1b: Great Tusk|def|1\n|-unboost|p1b: Great Tusk|spd|1\n|faint|p2b: Arcanine\n|move|p2a: Corviknight|Body Press|p1b: Great Tusk\n|-damage|p1b: Great Tusk|0 fnt\n|faint|p1b: Great Tusk\n|-end|p1b: Great Tusk|Protosynthesis|[silent]\n|move|p1a: Azumarill|Liquidation|p2a: Corviknight\n|-damage|p2a: Corviknight|95\/100\n|\n|-heal|p2a: Corviknight|100\/100|[from] item: Leftovers\n|-damage|p1a: Azumarill|43\/100 brn|[from] brn\n|upkeep\n|-message|Bibouly forfeited.\n|\n|win|taterstotz\n|raw|Bibouly's rating: 1225 → 1194<\/strong> (-31 for losing)\n|raw|taterstotz's rating: 1137 → 1168<\/strong> (+31 for winning)\n|l|\u2606Bibouly\n","uploadtime":1683035940,"views":9,"p1id":"bibouly","p2id":"taterstotz","formatid":"gen9vgc2023regulationc","rating":1168,"private":0,"password":""}