{"id":"gen9vgc2023regulationc-1855556232","p1":"volcranix","p2":"Sloowbroo","format":"[Gen 9] VGC 2023 Regulation C","log":"|j|\u2606volcranix\n|j|\u2606Sloowbroo\n|t:|1682961737\n|gametype|doubles\n|player|p1|volcranix|cynthia-masters3|\n|player|p2|Sloowbroo|teamrocket|\n|teamsize|p1|6\n|teamsize|p2|6\n|gen|9\n|tier|[Gen 9] VGC 2023 Regulation C\n|rule|Species Clause: Limit one of each Pok\u00e9mon\n|rule|Item Clause: Limit one of each item\n|clearpoke\n|poke|p1|Flutter Mane, L50|\n|poke|p1|Chi-Yu, L50|\n|poke|p1|Iron Bundle, L50|\n|poke|p1|Dragonite, L50, F|\n|poke|p1|Ting-Lu, L50|\n|poke|p1|Amoonguss, L50, M|\n|poke|p2|Breloom, L50, F|\n|poke|p2|Roaring Moon, L50|\n|poke|p2|Sylveon, L50, M|\n|poke|p2|Arcanine, L50, M|\n|poke|p2|Barraskewda, L50, F|\n|poke|p2|Hawlucha, L50, M|\n|teampreview|4\n|inactive|Battle timer is ON: inactive players will automatically lose when time's up. (requested by Sloowbroo)\nSloowbroo rejected open team sheets.\n|\n|t:|1682961766\n|start\n|switch|p1a: Flutter Mane|Flutter Mane, L50|100\/100\n|switch|p1b: Iron Bundle|Iron Bundle, L50|100\/100\n|switch|p2a: Sylveon|Sylveon, L50, M, shiny|100\/100\n|switch|p2b: Breloom|Breloom, L50, F, shiny|100\/100\n|-enditem|p1b: Iron Bundle|Booster Energy\n|-activate|p1b: Iron Bundle|ability: Quark Drive|[fromitem]\n|-start|p1b: Iron Bundle|quarkdrivespe\n|turn|1\n|\n|t:|1682961785\n|move|p1b: Iron Bundle|Protect|p1b: Iron Bundle\n|-singleturn|p1b: Iron Bundle|Protect\n|move|p2b: Breloom|Mach Punch|p1b: Iron Bundle\n|-activate|p1b: Iron Bundle|move: Protect\n|move|p1a: Flutter Mane|Mystical Fire|p2b: Breloom\n|-supereffective|p2b: Breloom\n|-damage|p2b: Breloom|0 fnt\n|faint|p2b: Breloom\n|move|p2a: Sylveon|Hyper Voice|p1a: Flutter Mane|[spread] p1a\n|-activate|p1b: Iron Bundle|move: Protect\n|-damage|p1a: Flutter Mane|59\/100\n|-enditem|p2a: Sylveon|Throat Spray\n|-boost|p2a: Sylveon|spa|1|[from] item: Throat Spray\n|\n|upkeep\n|\n|t:|1682961797\n|switch|p2b: Barraskewda|Barraskewda, L50, F|100\/100\n|turn|2\n|inactive|volcranix has 30 seconds left.\n|inactive|volcranix has 20 seconds left.\n|inactive|volcranix has 15 seconds left.\n|\n|t:|1682961838\n|-end|p1a: Flutter Mane|Protosynthesis|[silent]\n|switch|p1a: Amoonguss|Amoonguss, L50, M|100\/100\n|move|p1b: Iron Bundle|Freeze-Dry|p2b: Barraskewda\n|-supereffective|p2b: Barraskewda\n|-enditem|p2b: Barraskewda|Focus Sash\n|-damage|p2b: Barraskewda|1\/100\n|move|p2b: Barraskewda|Close Combat|p1b: Iron Bundle\n|-supereffective|p1b: Iron Bundle\n|-damage|p1b: Iron Bundle|4\/100\n|-unboost|p2b: Barraskewda|def|1\n|-unboost|p2b: Barraskewda|spd|1\n|move|p2a: Sylveon|Hyper Voice|p1a: Amoonguss|[spread] p1a,p1b\n|-resisted|p1a: Amoonguss\n|-damage|p1a: Amoonguss|72\/100\n|-damage|p1b: Iron Bundle|0 fnt\n|faint|p1b: Iron Bundle\n|-end|p1b: Iron Bundle|Quark Drive|[silent]\n|\n|upkeep\n|\n|t:|1682961860\n|switch|p1b: Ting-Lu|Ting-Lu, L50|100\/100\n|-ability|p1b: Ting-Lu|Vessel of Ruin\n|turn|3\n|\n|t:|1682961881\n|-terastallize|p1b: Ting-Lu|Steel\n|move|p2b: Barraskewda|Close Combat|p1b: Ting-Lu\n|-supereffective|p1b: Ting-Lu\n|-damage|p1b: Ting-Lu|59\/100\n|-unboost|p2b: Barraskewda|def|1\n|-unboost|p2b: Barraskewda|spd|1\n|move|p2a: Sylveon|Hyper Voice|p1a: Amoonguss|[spread] p1a,p1b\n|-resisted|p1a: Amoonguss\n|-resisted|p1b: Ting-Lu\n|-damage|p1a: Amoonguss|52\/100\n|-damage|p1b: Ting-Lu|47\/100\n|move|p1b: Ting-Lu|Heavy Slam|p2a: Sylveon\n|-supereffective|p2a: Sylveon\n|-crit|p2a: Sylveon\n|-damage|p2a: Sylveon|0 fnt\n|faint|p2a: Sylveon\n|move|p1a: Amoonguss|Giga Drain|p2b: Barraskewda\n|-supereffective|p2b: Barraskewda\n|-damage|p2b: Barraskewda|0 fnt\n|-heal|p1a: Amoonguss|52\/100|[from] drain|[of] p2b: Barraskewda\n|faint|p2b: Barraskewda\n|\n|upkeep\n|\n|t:|1682961899\n|switch|p2b: Hawlucha|Hawlucha, L50, M, shiny|100\/100\n|turn|4\n|\n|t:|1682961918\n|-terastallize|p2b: Hawlucha|Grass\n|move|p2b: Hawlucha|Close Combat|p1b: Ting-Lu\n|-supereffective|p1b: Ting-Lu\n|-damage|p1b: Ting-Lu|0 fnt\n|-unboost|p2b: Hawlucha|def|1\n|-unboost|p2b: Hawlucha|spd|1\n|-enditem|p2b: Hawlucha|White Herb\n|-clearnegativeboost|p2b: Hawlucha|[silent]\n|faint|p1b: Ting-Lu\n|move|p1a: Amoonguss|Spore|p2b: Hawlucha\n|-immune|p2b: Hawlucha\n|\n|upkeep\n|\n|t:|1682961925\n|switch|p1b: Flutter Mane|Flutter Mane, L50|59\/100\n|turn|5\n|\n|t:|1682961935\n|move|p2b: Hawlucha|Acrobatics|p1b: Flutter Mane\n|-damage|p1b: Flutter Mane|0 fnt\n|faint|p1b: Flutter Mane\n|-end|p1b: Flutter Mane|Protosynthesis|[silent]\n|move|p1a: Amoonguss|Pollen Puff|p2b: Hawlucha\n|-supereffective|p2b: Hawlucha\n|-damage|p2b: Hawlucha|53\/100\n|\n|upkeep\n|turn|6\n|\n|t:|1682961946\n|move|p2b: Hawlucha|Acrobatics|p1a: Amoonguss\n|-supereffective|p1a: Amoonguss\n|-damage|p1a: Amoonguss|0 fnt\n|faint|p1a: Amoonguss\n|\n|win|Sloowbroo\n","uploadtime":1682961993,"views":17,"p1id":"volcranix","p2id":"sloowbroo","formatid":"gen9vgc2023regulationc","rating":0,"private":0,"password":""}