{"id":"gen9vgc2023regulationc-1852235994","p1":"TheMismatcher","p2":"TeaTimeTrainer","format":"[Gen 9] VGC 2023 Regulation C","log":"|j|\u2606TheMismatcher\n|j|\u2606TeaTimeTrainer\n|t:|1682535408\n|gametype|doubles\n|player|p1|TheMismatcher|benga|1436\n|player|p2|TeaTimeTrainer|266|1447\n|teamsize|p1|6\n|teamsize|p2|6\n|gen|9\n|tier|[Gen 9] VGC 2023 Regulation C\n|rated|\n|rule|Species Clause: Limit one of each Pok\u00e9mon\n|rule|Item Clause: Limit one of each item\n|clearpoke\n|poke|p1|Chien-Pao, L50|\n|poke|p1|Dragapult, L50, M|\n|poke|p1|Amoonguss, L50, M|\n|poke|p1|Gyarados, L50, M|\n|poke|p1|Flutter Mane, L50|\n|poke|p1|Dragonite, L50, F|\n|poke|p2|Chi-Yu, L50|\n|poke|p2|Iron Bundle, L50|\n|poke|p2|Dachsbun, L50, M|\n|poke|p2|Murkrow, L50, F|\n|poke|p2|Great Tusk, L50|\n|poke|p2|Flutter Mane, L50|\n|teampreview|4\n|inactive|Battle timer is ON: inactive players will automatically lose when time's up. (requested by TeaTimeTrainer)\nTeaTimeTrainer rejected open team sheets.\n|j| hoozayisdead\n|inactive|TheMismatcher has 60 seconds left.\n|inactive|TeaTimeTrainer has 60 seconds left.\n|inactive|TheMismatcher has 30 seconds left.\n|\n|t:|1682535472\n|start\n|switch|p1a: Dragonite|Dragonite, L50, F|100\/100\n|switch|p1b: Chien-Pao|Chien-Pao, L50|100\/100\n|switch|p2a: Iron Bundle|Iron Bundle, L50|100\/100\n|switch|p2b: Chi-Yu|Chi-Yu, L50|100\/100\n|-ability|p1b: Chien-Pao|Sword of Ruin\n|-ability|p2b: Chi-Yu|Beads of Ruin\n|-enditem|p2a: Iron Bundle|Booster Energy\n|-activate|p2a: Iron Bundle|ability: Quark Drive|[fromitem]\n|-start|p2a: Iron Bundle|quarkdrivespe\n|turn|1\n|inactive|TheMismatcher has 30 seconds left.\n|inactive|TheMismatcher has 20 seconds left.\n|inactive|TheMismatcher has 15 seconds left.\n|inactive|TheMismatcher has 10 seconds left.\n|inactive|TheMismatcher has 5 seconds left.\n|\n|t:|1682535524\n|move|p2b: Chi-Yu|Protect|p2b: Chi-Yu\n|-singleturn|p2b: Chi-Yu|Protect\n|move|p1a: Dragonite|Extreme Speed|p2b: Chi-Yu\n|-activate|p2b: Chi-Yu|move: Protect\n|move|p1b: Chien-Pao|Sucker Punch||[still]\n|-fail|p1b: Chien-Pao\n|move|p2a: Iron Bundle|Icy Wind|p1b: Chien-Pao|[spread] p1a,p1b\n|-supereffective|p1a: Dragonite\n|-resisted|p1b: Chien-Pao\n|-damage|p1a: Dragonite|63\/100\n|-damage|p1b: Chien-Pao|80\/100\n|-unboost|p1a: Dragonite|spe|1\n|-unboost|p1b: Chien-Pao|spe|1\n|\n|upkeep\n|turn|2\n|\n|t:|1682535540\n|switch|p2b: Flutter Mane|Flutter Mane, L50|100\/100\n|move|p1a: Dragonite|Extreme Speed|p2b: Flutter Mane\n|-immune|p2b: Flutter Mane\n|move|p1b: Chien-Pao|Sucker Punch||[still]\n|-fail|p1b: Chien-Pao\n|move|p2a: Iron Bundle|Freeze-Dry|p1a: Dragonite\n|-supereffective|p1a: Dragonite\n|-damage|p1a: Dragonite|0 fnt\n|faint|p1a: Dragonite\n|\n|upkeep\n|\n|t:|1682535546\n|switch|p1a: Flutter Mane|Flutter Mane, L50|100\/100\n|-enditem|p1a: Flutter Mane|Booster Energy\n|-activate|p1a: Flutter Mane|ability: Protosynthesis|[fromitem]\n|-start|p1a: Flutter Mane|protosynthesisspa\n|turn|3\n|\n|t:|1682535556\n|-terastallize|p2b: Flutter Mane|Fairy\n|-terastallize|p1a: Flutter Mane|Fairy\n|move|p1b: Chien-Pao|Sucker Punch|p2a: Iron Bundle\n|-damage|p2a: Iron Bundle|41\/100\n|move|p2a: Iron Bundle|Icy Wind|p1b: Chien-Pao|[spread] p1a,p1b\n|-resisted|p1b: Chien-Pao\n|-damage|p1a: Flutter Mane|80\/100\n|-damage|p1b: Chien-Pao|62\/100\n|-unboost|p1a: Flutter Mane|spe|1\n|-unboost|p1b: Chien-Pao|spe|1\n|move|p2b: Flutter Mane|Dazzling Gleam|p1b: Chien-Pao|[spread] p1a,p1b\n|-supereffective|p1b: Chien-Pao\n|-damage|p1a: Flutter Mane|21\/100\n|-damage|p1b: Chien-Pao|0 fnt\n|faint|p1b: Chien-Pao\n|-damage|p2b: Flutter Mane|91\/100|[from] item: Life Orb\n|move|p1a: Flutter Mane|Dazzling Gleam|p2b: Flutter Mane|[spread] p2a,p2b\n|-damage|p2a: Iron Bundle|0 fnt\n|-damage|p2b: Flutter Mane|39\/100\n|faint|p2a: Iron Bundle\n|-end|p2a: Iron Bundle|Quark Drive|[silent]\n|\n|upkeep\n|\n|t:|1682535575\n|switch|p2a: Chi-Yu|Chi-Yu, L50|100\/100\n|switch|p1b: Dragapult|Dragapult, L50, M|100\/100\n|-ability|p2a: Chi-Yu|Beads of Ruin\n|turn|4\n|inactive|TheMismatcher has 30 seconds left.\n|inactive|TheMismatcher has 20 seconds left.\n|\n|t:|1682535613\n|move|p1a: Flutter Mane|Protect|p1a: Flutter Mane\n|-singleturn|p1a: Flutter Mane|Protect\n|move|p1b: Dragapult|Phantom Force||[still]\n|-prepare|p1b: Dragapult|Phantom Force\n|move|p2b: Flutter Mane|Dazzling Gleam|p1b: Dragapult|[spread] \n|-miss|p2b: Flutter Mane|p1b: Dragapult\n|-activate|p1a: Flutter Mane|move: Protect\n|move|p2a: Chi-Yu|Dark Pulse|p1b: Dragapult|[miss]\n|-miss|p2a: Chi-Yu|p1b: Dragapult\n|\n|upkeep\n|turn|5\n|\n|t:|1682535627\n|move|p1b: Dragapult|Phantom Force|p2b: Flutter Mane|[from]lockedmove\n|-damage|p2b: Flutter Mane|0 fnt\n|faint|p2b: Flutter Mane\n|-end|p2b: Flutter Mane|Protosynthesis|[silent]\n|move|p2a: Chi-Yu|Dark Pulse|p1b: Dragapult\n|-supereffective|p1b: Dragapult\n|-damage|p1b: Dragapult|0 fnt\n|faint|p1b: Dragapult\n|move|p1a: Flutter Mane|Moonblast|p2a: Chi-Yu\n|-damage|p2a: Chi-Yu|3\/100\n|\n|upkeep\n|\n|t:|1682535637\n|switch|p2b: Great Tusk|Great Tusk, L50|100\/100\n|turn|6\n|\n|t:|1682535643\n|move|p2b: Great Tusk|Headlong Rush|p1a: Flutter Mane\n|-damage|p1a: Flutter Mane|0 fnt\n|-unboost|p2b: Great Tusk|def|1\n|-unboost|p2b: Great Tusk|spd|1\n|faint|p1a: Flutter Mane\n|-end|p1a: Flutter Mane|Protosynthesis|[silent]\n|\n|win|TeaTimeTrainer\n|raw|TheMismatcher's rating: 1436 → 1417<\/strong> (-19 for losing)\n|raw|TeaTimeTrainer's rating: 1447 → 1466<\/strong> (+19 for winning)\n|l|\u2606TheMismatcher\n","uploadtime":1682535654,"views":12,"p1id":"themismatcher","p2id":"teatimetrainer","formatid":"gen9vgc2023regulationc","rating":1417,"private":0,"password":""}