{"id":"gen9vgc2023regulationc-1856115794","p1":"shiro07","p2":"wisedyVGC","format":"[Gen 9] VGC 2023 Regulation C","log":"|j|\u2606shiro07\n|j|\u2606wisedyVGC\n|t:|1683031844\n|gametype|doubles\n|player|p1|shiro07|kris-masters|1548\n|player|p2|wisedyVGC|cynthia-gen4|1470\n|teamsize|p1|6\n|teamsize|p2|6\n|gen|9\n|tier|[Gen 9] VGC 2023 Regulation C\n|rated|\n|rule|Species Clause: Limit one of each Pok\u00e9mon\n|rule|Item Clause: Limit one of each item\n|clearpoke\n|poke|p1|Garganacl, L50, M|\n|poke|p1|Hatterene, L50, F|\n|poke|p1|Wo-Chien, L50|\n|poke|p1|Iron Hands, L50|\n|poke|p1|Maushold-Four, L50|\n|poke|p1|Volcarona, L50, M|\n|poke|p2|Iron Hands, L50|\n|poke|p2|Amoonguss, L50, F|\n|poke|p2|Chi-Yu, L50|\n|poke|p2|Iron Bundle, L50|\n|poke|p2|Mimikyu, L50, F|\n|poke|p2|Dragonite, L50, F|\n|teampreview|4\n|inactive|Battle timer is ON: inactive players will automatically lose when time's up. (requested by wisedyVGC)\n|j| applesauce400\n|inactive|shiro07 has 60 seconds left.\n|inactive|wisedyVGC has 60 seconds left.\nwisedyVGC has agreed to open team sheets.\n|inactive|shiro07 has 30 seconds left.\n|inactive|wisedyVGC has 30 seconds left.\n|inactive|shiro07 has 20 seconds left.\n|inactive|wisedyVGC has 20 seconds left.\n|inactive|wisedyVGC has 15 seconds left.\n|inactive|wisedyVGC has 10 seconds left.\n|\n|t:|1683031929\n|start\n|switch|p1a: Garganacl|Garganacl, L50, M|100\/100\n|switch|p1b: Hatterene|Hatterene, L50, F|100\/100\n|switch|p2a: Susan|Dragonite, L50, F|100\/100\n|switch|p2b: Phil|Chi-Yu, L50|100\/100\n|-ability|p2b: Phil|Beads of Ruin\n|turn|1\n|\n|t:|1683031945\n|-terastallize|p2a: Susan|Flying\n|move|p1b: Hatterene|Protect|p1b: Hatterene\n|-singleturn|p1b: Hatterene|Protect\n|move|p2b: Phil|Heat Wave|p1a: Garganacl|[spread] p1a\n|-activate|p1b: Hatterene|move: Protect\n|-resisted|p1a: Garganacl\n|-damage|p1a: Garganacl|82\/100\n|move|p2a: Susan|Tera Blast|p1b: Hatterene\n|-activate|p1b: Hatterene|move: Protect\n|move|p1a: Garganacl|Iron Defense|p1a: Garganacl\n|-boost|p1a: Garganacl|def|2\n|\n|-heal|p1a: Garganacl|87\/100|[from] item: Leftovers\n|upkeep\n|turn|2\n|\n|t:|1683031965\n|switch|p1b: Maushold|Maushold-Four, L50|100\/100\n|move|p2b: Phil|Heat Wave|p1b: Maushold|[spread] p1a,p1b\n|-resisted|p1a: Garganacl\n|-damage|p1a: Garganacl|74\/100\n|-damage|p1b: Maushold|38\/100\n|move|p2a: Susan|Tera Blast|p1b: Maushold\n|-damage|p1b: Maushold|0 fnt\n|faint|p1b: Maushold\n|move|p1a: Garganacl|Salt Cure|p2b: Phil\n|-supereffective|p2b: Phil\n|-damage|p2b: Phil|50\/100\n|-start|p2b: Phil|Salt Cure\n|\n|-heal|p1a: Garganacl|80\/100|[from] item: Leftovers\n|-damage|p2b: Phil|38\/100|[from] Salt Cure\n|upkeep\n|\n|t:|1683031982\n|switch|p1b: Iron Hands|Iron Hands, L50|100\/100\n|turn|3\n|\n|t:|1683031993\n|move|p1b: Iron Hands|Fake Out|p2b: Phil\n|-damage|p2b: Phil|12\/100\n|cant|p2b: Phil|flinch\n|move|p2a: Susan|Tera Blast|p1b: Iron Hands\n|-damage|p1b: Iron Hands|62\/100\n|move|p1a: Garganacl|Salt Cure|p2a: Susan\n|-supereffective|p2a: Susan\n|-damage|p2a: Susan|68\/100\n|-start|p2a: Susan|Salt Cure\n|\n|-heal|p1a: Garganacl|86\/100|[from] item: Leftovers\n|-damage|p2b: Phil|0 fnt|[from] Salt Cure\n|faint|p2b: Phil\n|-damage|p2a: Susan|57\/100|[from] Salt Cure\n|upkeep\n|\n|t:|1683031998\n|switch|p2b: Mary|Mimikyu, L50, F|100\/100\n|turn|4\n|\n|t:|1683032007\n|move|p2a: Susan|Tera Blast|p1a: Garganacl\n|-resisted|p1a: Garganacl\n|-damage|p1a: Garganacl|77\/100\n|move|p2b: Mary|Play Rough|p1b: Iron Hands\n|-supereffective|p1b: Iron Hands\n|-damage|p1b: Iron Hands|0 fnt\n|faint|p1b: Iron Hands\n|-end|p1b: Iron Hands|Quark Drive|[silent]\n|-damage|p2b: Mary|91\/100|[from] item: Life Orb\n|move|p1a: Garganacl|Salt Cure|p2b: Mary\n|-activate|p2b: Mary|ability: Disguise\n|-damage|p2b: Mary|91\/100\n|-start|p2b: Mary|Salt Cure\n|detailschange|p2b: Mary|Mimikyu-Busted, L50, F\n|-damage|p2b: Mary|79\/100|[from] pokemon: Mimikyu-Busted\n|\n|-heal|p1a: Garganacl|83\/100|[from] item: Leftovers\n|-damage|p2a: Susan|44\/100|[from] Salt Cure\n|-damage|p2b: Mary|67\/100|[from] Salt Cure\n|upkeep\n|\n|t:|1683032018\n|switch|p1b: Hatterene|Hatterene, L50, F|100\/100\n|turn|5\n|\n|t:|1683032027\n|switch|p2a: Bob|Iron Bundle, L50|100\/100\n|-enditem|p2a: Bob|Booster Energy\n|-activate|p2a: Bob|ability: Quark Drive|[fromitem]\n|-start|p2a: Bob|quarkdrivespe\n|-terastallize|p1b: Hatterene|Steel\n|move|p2b: Mary|Shadow Claw|p1b: Hatterene\n|-damage|p1b: Hatterene|51\/100\n|-damage|p2b: Mary|58\/100|[from] item: Life Orb\n|move|p1a: Garganacl|Iron Defense|p1a: Garganacl\n|-boost|p1a: Garganacl|def|2\n|move|p1b: Hatterene|Trick Room|p1b: Hatterene\n|-fieldstart|move: Trick Room|[of] p1b: Hatterene\n|\n|-heal|p1a: Garganacl|88\/100|[from] item: Leftovers\n|-damage|p2b: Mary|46\/100|[from] Salt Cure\n|upkeep\n|turn|6\n|\n|t:|1683032051\n|move|p2a: Bob|Protect|p2a: Bob\n|-singleturn|p2a: Bob|Protect\n|move|p2b: Mary|Shadow Sneak|p1b: Hatterene\n|-damage|p1b: Hatterene|26\/100\n|-damage|p2b: Mary|36\/100|[from] item: Life Orb\n|move|p1b: Hatterene|Psychic|p2b: Mary\n|-damage|p2b: Mary|0 fnt\n|faint|p2b: Mary\n|-damage|p1b: Hatterene|17\/100|[from] item: Life Orb\n|move|p1a: Garganacl|Body Press|p2a: Bob\n|-activate|p2a: Bob|move: Protect\n|\n|-heal|p1a: Garganacl|94\/100|[from] item: Leftovers\n|upkeep\n|\n|t:|1683032064\n|switch|p2b: Susan|Dragonite, L50, F, tera:Flying|44\/100\n|turn|7\n|\n|t:|1683032070\n|move|p2b: Susan|Extreme Speed|p1b: Hatterene\n|-resisted|p1b: Hatterene\n|-damage|p1b: Hatterene|0 fnt\n|faint|p1b: Hatterene\n|move|p1a: Garganacl|Body Press|p2a: Bob\n|-supereffective|p2a: Bob\n|-damage|p2a: Bob|0 fnt\n|faint|p2a: Bob\n|-end|p2a: Bob|Quark Drive|[silent]\n|\n|-heal|p1a: Garganacl|99\/100|[from] item: Leftovers\n|upkeep\n|turn|8\n|\n|t:|1683032084\n|move|p1a: Garganacl|Salt Cure|p2b: Susan\n|-supereffective|p2b: Susan\n|-damage|p2b: Susan|16\/100\n|-start|p2b: Susan|Salt Cure\n|move|p2b: Susan|Stomping Tantrum|p1a: Garganacl\n|-supereffective|p1a: Garganacl\n|-damage|p1a: Garganacl|88\/100\n|\n|-heal|p1a: Garganacl|94\/100|[from] item: Leftovers\n|-damage|p2b: Susan|4\/100|[from] Salt Cure\n|upkeep\n|turn|9\n|\n|t:|1683032093\n|move|p1a: Garganacl|Salt Cure|p2b: Susan\n|-supereffective|p2b: Susan\n|-damage|p2b: Susan|0 fnt\n|faint|p2b: Susan\n|\n|win|shiro07\n|raw|shiro07's rating: 1548 → 1564<\/strong> (+16 for winning)\n|raw|wisedyVGC's rating: 1470 → 1454<\/strong> (-16 for losing)\n","uploadtime":1683032105,"views":4,"p1id":"shiro07","p2id":"wisedyvgc","formatid":"gen9vgc2023regulationc","rating":1454,"private":0,"password":""}