{"id":"gen9vgc2023regulationc-1864173637","p1":"littlemasteraik","p2":"Mast0don","format":"[Gen 9] VGC 2023 Regulation C","log":"|j|\u2606littlemasteraik\n|j|\u2606Mast0don\n|t:|1684129992\n|gametype|doubles\n|player|p1|littlemasteraik|1|1402\n|player|p2|Mast0don|drayden|1374\n|teamsize|p1|6\n|teamsize|p2|6\n|gen|9\n|tier|[Gen 9] VGC 2023 Regulation C\n|rated|\n|rule|Species Clause: Limit one of each Pok\u00e9mon\n|rule|Item Clause: Limit one of each item\n|clearpoke\n|poke|p1|Talonflame, L50, M|\n|poke|p1|Amoonguss, L50, F|\n|poke|p1|Flutter Mane, L50|\n|poke|p1|Chi-Yu, L50|\n|poke|p1|Iron Bundle, L50|\n|poke|p1|Azumarill, L50, F|\n|poke|p2|Hatterene, L50, F|\n|poke|p2|Iron Hands, L50|\n|poke|p2|Torkoal, L50, F|\n|poke|p2|Armarouge, L50, F|\n|poke|p2|Lilligant, L50, F|\n|poke|p2|Indeedee-F, L50, F|\n|teampreview|4\n|inactive|Battle timer is ON: inactive players will automatically lose when time's up. (requested by Mast0don)\n|\n|t:|1684130018\n|start\n|switch|p1a: Talonflame|Talonflame, L50, M|100\/100\n|switch|p1b: Flutter Mane|Flutter Mane, L50|100\/100\n|switch|p2a: Hatterene|Hatterene, L50, F|100\/100\n|switch|p2b: Indeedee|Indeedee-F, L50, F|100\/100\n|-fieldstart|move: Psychic Terrain|[from] ability: Psychic Surge|[of] p2b: Indeedee\n|-enditem|p2b: Indeedee|Psychic Seed\n|-boost|p2b: Indeedee|spd|1|[from] item: Psychic Seed\n|turn|1\n|inactive|littlemasteraik has 30 seconds left.\n|inactive|littlemasteraik has 20 seconds left.\n|inactive|littlemasteraik has 15 seconds left.\n|inactive|littlemasteraik has 10 seconds left.\n|\n|t:|1684130064\n|-terastallize|p2a: Hatterene|Fire\n|move|p2b: Indeedee|Follow Me|p2b: Indeedee\n|-singleturn|p2b: Indeedee|move: Follow Me\n|move|p1a: Talonflame|Taunt|p2b: Indeedee\n|-start|p2b: Indeedee|move: Taunt\n|move|p1b: Flutter Mane|Moonblast|p2b: Indeedee\n|-damage|p2b: Indeedee|56\/100\n|move|p2a: Hatterene|Trick Room|p2a: Hatterene\n|-fieldstart|move: Trick Room|[of] p2a: Hatterene\n|\n|upkeep\n|turn|2\n|\n|t:|1684130092\n|move|p1a: Talonflame|Brave Bird|p2b: Indeedee\n|-activate|p2b: Indeedee|move: Psychic Terrain\n|move|p2a: Hatterene|Psychic|p1b: Flutter Mane\n|-damage|p1b: Flutter Mane|38\/100\n|move|p2b: Indeedee|Dazzling Gleam|p1a: Talonflame|[spread] p1a,p1b\n|-resisted|p1a: Talonflame\n|-damage|p1a: Talonflame|92\/100\n|-damage|p1b: Flutter Mane|26\/100\n|move|p1b: Flutter Mane|Moonblast|p2b: Indeedee\n|-damage|p2b: Indeedee|12\/100\n|\n|upkeep\n|turn|3\n|\n|t:|1684130115\n|move|p2a: Hatterene|Psychic|p1b: Flutter Mane\n|-damage|p1b: Flutter Mane|0 fnt\n|faint|p1b: Flutter Mane\n|-end|p1b: Flutter Mane|Protosynthesis|[silent]\n|move|p2b: Indeedee|Dazzling Gleam|p1a: Talonflame\n|-resisted|p1a: Talonflame\n|-damage|p1a: Talonflame|82\/100\n|move|p1a: Talonflame|Brave Bird|p2b: Indeedee\n|-damage|p2b: Indeedee|0 fnt\n|faint|p2b: Indeedee\n|-damage|p1a: Talonflame|78\/100|[from] Recoil\n|\n|upkeep\n|\n|t:|1684130126\n|switch|p2b: Torkoal|Torkoal, L50, F|100\/100\n|switch|p1b: Azumarill|Azumarill, L50, F|100\/100\n|-weather|SunnyDay|[from] ability: Drought|[of] p2b: Torkoal\n|turn|4\n|\n|t:|1684130151\n|-terastallize|p1b: Azumarill|Water\n|move|p2b: Torkoal|Eruption|p1a: Talonflame|[spread] p1a,p1b\n|-resisted|p1a: Talonflame\n|-resisted|p1b: Azumarill\n|-damage|p1a: Talonflame|28\/100\n|-damage|p1b: Azumarill|69\/100\n|move|p2a: Hatterene|Psychic|p1b: Azumarill\n|-damage|p1b: Azumarill|20\/100\n|move|p1b: Azumarill|Liquidation|p2b: Torkoal\n|-supereffective|p2b: Torkoal\n|-damage|p2b: Torkoal|55\/100\n|move|p1a: Talonflame|Brave Bird|p2a: Hatterene\n|-damage|p2a: Hatterene|60\/100\n|-damage|p1a: Talonflame|16\/100|[from] Recoil\n|\n|-weather|SunnyDay|[upkeep]\n|upkeep\n|turn|5\n|inactive|littlemasteraik has 30 seconds left.\n|\n|t:|1684130178\n|move|p2b: Torkoal|Heat Wave|p1a: Talonflame|[spread] p1b\n|-miss|p2b: Torkoal|p1a: Talonflame\n|-resisted|p1b: Azumarill\n|-damage|p1b: Azumarill|2\/100\n|-status|p1b: Azumarill|brn\n|move|p2a: Hatterene|Dazzling Gleam|p1a: Talonflame|[spread] p1a,p1b\n|-resisted|p1a: Talonflame\n|-damage|p1a: Talonflame|0 fnt\n|-damage|p1b: Azumarill|0 fnt\n|faint|p1a: Talonflame\n|faint|p1b: Azumarill\n|\n|-weather|SunnyDay|[upkeep]\n|-fieldend|move: Trick Room\n|-fieldend|move: Psychic Terrain\n|upkeep\n|\n|t:|1684130190\n|switch|p1b: Chi-Yu|Chi-Yu, L50|100\/100\n|-ability|p1b: Chi-Yu|Beads of Ruin\n|turn|6\n|\n|t:|1684130203\n|move|p2b: Torkoal|Protect|p2b: Torkoal\n|-singleturn|p2b: Torkoal|Protect\n|move|p1b: Chi-Yu|Heat Wave|p2a: Hatterene|[spread] p2a\n|-activate|p2b: Torkoal|move: Protect\n|-resisted|p2a: Hatterene\n|-damage|p2a: Hatterene|21\/100\n|move|p2a: Hatterene|Dazzling Gleam|p1b: Chi-Yu\n|-damage|p1b: Chi-Yu|52\/100\n|\n|-weather|SunnyDay|[upkeep]\n|-heal|p1b: Chi-Yu|58\/100|[from] item: Leftovers\n|upkeep\n|turn|7\n|\n|t:|1684130221\n|switch|p2b: Lilligant|Lilligant, L50, F, shiny|100\/100\n|move|p1b: Chi-Yu|Heat Wave|p2a: Hatterene|[spread] \n|-miss|p1b: Chi-Yu|p2a: Hatterene\n|-miss|p1b: Chi-Yu|p2b: Lilligant\n|move|p2a: Hatterene|Dazzling Gleam|p1b: Chi-Yu\n|-damage|p1b: Chi-Yu|15\/100\n|\n|-weather|SunnyDay|[upkeep]\n|-heal|p1b: Chi-Yu|21\/100|[from] item: Leftovers\n|upkeep\n|turn|8\n|\n|t:|1684130236\n|move|p2b: Lilligant|After You|p2a: Hatterene\n|-activate|p2a: Hatterene|move: After You\n|move|p2a: Hatterene|Dazzling Gleam|p1b: Chi-Yu\n|-damage|p1b: Chi-Yu|0 fnt\n|faint|p1b: Chi-Yu\n|\n|win|Mast0don\n|raw|littlemasteraik's rating: 1402 → 1380<\/strong> (-22 for losing)\n|raw|Mast0don's rating: 1374 → 1396<\/strong> (+22 for winning)\n","uploadtime":1684130248,"views":10,"p1id":"littlemasteraik","p2id":"mast0don","formatid":"gen9vgc2023regulationc","rating":1380,"private":0,"password":""}