{"id":"gen9vgc2023regulationc-1860655570","p1":"BleachyBoi_426","p2":"Hoppito","format":"[Gen 9] VGC 2023 Regulation C","log":"|j|\u2606BleachyBoi_426\n|j|\u2606Hoppito\n|t:|1683663053\n|gametype|doubles\n|player|p1|BleachyBoi_426|n|\n|player|p2|Hoppito|101|\n|teamsize|p1|6\n|teamsize|p2|6\n|gen|9\n|tier|[Gen 9] VGC 2023 Regulation C\n|rule|Species Clause: Limit one of each Pok\u00e9mon\n|rule|Item Clause: Limit one of each item\n|clearpoke\n|poke|p1|Pincurchin, L50, F|\n|poke|p1|Iron Moth, L50|\n|poke|p1|Pelipper, L50, F|\n|poke|p1|Quaquaval, L50, F|\n|poke|p1|Arboliva, L50, F|\n|poke|p1|Tinkaton, L50, F|\n|poke|p2|Flutter Mane, L50|\n|poke|p2|Amoonguss, L50, F|\n|poke|p2|Murkrow, L50, M|\n|poke|p2|Rotom-Heat, L50|\n|poke|p2|Tatsugiri, L50, F|\n|poke|p2|Dondozo, L50, M|\n|teampreview|4\nHoppito has agreed to open team sheets.\nBleachyBoi_426 has agreed to open team sheets.\n|j| Jstardude\n|j| jayballester\n|c|\u2606BleachyBoi_426|glhf\n|j| Tuxmux\n|\n|t:|1683664412\n|start\n|switch|p1a: Larry|Pincurchin, L50, F|100\/100\n|switch|p1b: Aura|Iron Moth, L50|100\/100\n|switch|p2a: Murkrow|Murkrow, L50, M|100\/100\n|switch|p2b: Rotom|Rotom-Heat, L50|100\/100\n|-fieldstart|move: Electric Terrain|[from] ability: Electric Surge|[of] p1a: Larry\n|-activate|p1b: Aura|ability: Quark Drive\n|-start|p1b: Aura|quarkdrivespa\n|turn|1\n|\n|t:|1683664447\n|switch|p2a: Amoonguss|Amoonguss, L50, F|100\/100\n|move|p1a: Larry|Protect|p1a: Larry\n|-singleturn|p1a: Larry|Protect\n|move|p1b: Aura|Discharge|p2b: Rotom|[spread] p2a,p2b\n|-activate|p1a: Larry|move: Protect\n|-resisted|p2a: Amoonguss\n|-resisted|p2b: Rotom\n|-damage|p2a: Amoonguss|78\/100\n|-damage|p2b: Rotom|76\/100\n|-damage|p1b: Aura|91\/100|[from] item: Life Orb\n|move|p2b: Rotom|Will-O-Wisp|p1a: Larry\n|-activate|p1a: Larry|move: Protect\n|\n|upkeep\n|turn|2\n|\n|t:|1683664475\n|switch|p1a: Happy Days|Arboliva, L50, F|100\/100\n|move|p2b: Rotom|Protect|p2b: Rotom\n|-singleturn|p2b: Rotom|Protect\n|move|p1b: Aura|Fiery Dance|p2a: Amoonguss\n|-supereffective|p2a: Amoonguss\n|-damage|p2a: Amoonguss|0 fnt\n|faint|p2a: Amoonguss\n|-damage|p1b: Aura|81\/100|[from] item: Life Orb\n|\n|upkeep\n|\n|t:|1683664485\n|switch|p2a: Murkrow|Murkrow, L50, M|100\/100\n|turn|3\n|c| jayballester|I popped off with Specs Pincurchin in the mocks\n|c| jayballester|lackey inspired me\n|\n|t:|1683664496\n|-terastallize|p2a: Murkrow|Ghost\n|move|p1a: Happy Days|Protect|p1a: Happy Days\n|-singleturn|p1a: Happy Days|Protect\n|move|p1b: Aura|Discharge|p2a: Murkrow|[spread] p2a,p2b\n|-activate|p1a: Happy Days|move: Protect\n|-resisted|p2b: Rotom\n|-damage|p2a: Murkrow|41\/100\n|-damage|p2b: Rotom|48\/100\n|-enditem|p2b: Rotom|Sitrus Berry|[eat]\n|-heal|p2b: Rotom|72\/100|[from] item: Sitrus Berry\n|-damage|p1b: Aura|71\/100|[from] item: Life Orb\n|move|p2a: Murkrow|Brave Bird|p1a: Happy Days\n|-activate|p1a: Happy Days|move: Protect\n|move|p2b: Rotom|Thunderbolt|p1b: Aura\n|-damage|p1b: Aura|27\/100\n|\n|upkeep\n|turn|4\n|\n|t:|1683664518\n|switch|p1a: Candle Queen|Tinkaton, L50, F|100\/100\n|-ability|p1a: Candle Queen|Mold Breaker\n|move|p2a: Murkrow|Protect|p2a: Murkrow\n|-singleturn|p2a: Murkrow|Protect\n|move|p1b: Aura|Protect|p1b: Aura\n|-singleturn|p1b: Aura|Protect\n|move|p2b: Rotom|Thunderbolt|p1b: Aura\n|-activate|p1b: Aura|move: Protect\n|\n|upkeep\n|turn|5\n|\n|t:|1683664537\n|move|p1a: Candle Queen|Fake Out|p2b: Rotom\n|-damage|p2b: Rotom|62\/100\n|move|p2a: Murkrow|Sunny Day|p2a: Murkrow\n|-weather|SunnyDay\n|move|p1b: Aura|Discharge|p2a: Murkrow|[spread] p1a,p2a,p2b\n|-resisted|p2b: Rotom\n|-damage|p1a: Candle Queen|71\/100\n|-damage|p2a: Murkrow|0 fnt\n|-damage|p2b: Rotom|37\/100\n|-status|p1a: Candle Queen|par\n|faint|p2a: Murkrow\n|-damage|p1b: Aura|17\/100|[from] item: Life Orb\n|cant|p2b: Rotom|flinch\n|\n|-weather|SunnyDay|[upkeep]\n|upkeep\n|\n|t:|1683664549\n|switch|p2a: Flutter Mane|Flutter Mane, L50|100\/100\n|-activate|p2a: Flutter Mane|ability: Protosynthesis\n|-start|p2a: Flutter Mane|protosynthesisspa\n|turn|6\n|\n|t:|1683664563\n|move|p1b: Aura|Protect|p1b: Aura\n|-singleturn|p1b: Aura|Protect\n|move|p2a: Flutter Mane|Mystical Fire|p1a: Candle Queen\n|-supereffective|p1a: Candle Queen\n|-damage|p1a: Candle Queen|0 fnt\n|faint|p1a: Candle Queen\n|move|p2b: Rotom|Thunderbolt|p1b: Aura\n|-activate|p1b: Aura|move: Protect\n|\n|-weather|SunnyDay|[upkeep]\n|upkeep\n|\n|t:|1683664573\n|switch|p1a: Larry|Pincurchin, L50, F|100\/100\n|turn|7\n|\n|t:|1683664588\n|-end|p1b: Aura|Quark Drive|[silent]\n|switch|p1b: Happy Days|Arboliva, L50, F|100\/100\n|move|p2a: Flutter Mane|Mystical Fire|p1a: Larry\n|-damage|p1a: Larry|33\/100\n|-unboost|p1a: Larry|spa|1\n|move|p2b: Rotom|Thunderbolt|p1b: Happy Days\n|-resisted|p1b: Happy Days\n|-damage|p1b: Happy Days|81\/100\n|move|p1a: Larry|Thunder Wave|p2a: Flutter Mane\n|-status|p2a: Flutter Mane|par\n|\n|-weather|SunnyDay|[upkeep]\n|upkeep\n|turn|8\n|\n|t:|1683664604\n|move|p2a: Flutter Mane|Protect|p2a: Flutter Mane\n|-singleturn|p2a: Flutter Mane|Protect\n|move|p1b: Happy Days|Protect|p1b: Happy Days\n|-singleturn|p1b: Happy Days|Protect\n|move|p1a: Larry|Sucker Punch||[still]\n|-fail|p1a: Larry\n|move|p2b: Rotom|Overheat|p1b: Happy Days\n|-activate|p1b: Happy Days|move: Protect\n|\n|-weather|SunnyDay|[upkeep]\n|-fieldend|move: Electric Terrain\n|upkeep\n|turn|9\n|\n|t:|1683664624\n|switch|p1b: Aura|Iron Moth, L50|17\/100\n|move|p1a: Larry|Sucker Punch|p2a: Flutter Mane\n|-damage|p2a: Flutter Mane|54\/100 par\n|move|p2b: Rotom|Overheat|p1b: Aura\n|-resisted|p1b: Aura\n|-damage|p1b: Aura|0 fnt\n|-unboost|p2b: Rotom|spa|2\n|faint|p1b: Aura\n|-end|p1b: Aura|Quark Drive|[silent]\n|move|p2a: Flutter Mane|Dazzling Gleam|p1a: Larry\n|-damage|p1a: Larry|0 fnt\n|faint|p1a: Larry\n|\n|-weather|none\n|-end|p2a: Flutter Mane|Protosynthesis\n|upkeep\n|\n|t:|1683664638\n|switch|p1b: Happy Days|Arboliva, L50, F|81\/100\n|turn|10\n|c| Jstardude|Oh no\n|c| Jstardude|More stall\n|c| jayballester|a classic\n|\n|t:|1683664652\n|-terastallize|p1b: Happy Days|Water\n|move|p2b: Rotom|Will-O-Wisp|p1b: Happy Days\n|-status|p1b: Happy Days|brn\n|move|p2a: Flutter Mane|Mystical Fire|p1b: Happy Days\n|-resisted|p1b: Happy Days\n|-damage|p1b: Happy Days|67\/100 brn\n|-unboost|p1b: Happy Days|spa|1\n|move|p1b: Happy Days|Leech Seed|p2b: Rotom\n|-start|p2b: Rotom|move: Leech Seed\n|\n|-damage|p2b: Rotom|25\/100|[from] Leech Seed|[of] p1b: Happy Days\n|-heal|p1b: Happy Days|78\/100 brn|[silent]\n|-damage|p1b: Happy Days|72\/100 brn|[from] brn\n|upkeep\n|turn|11\n|\n|t:|1683664667\n|move|p1b: Happy Days|Protect|p1b: Happy Days\n|-singleturn|p1b: Happy Days|Protect\n|move|p2b: Rotom|Thunderbolt|p1b: Happy Days\n|-activate|p1b: Happy Days|move: Protect\n|move|p2a: Flutter Mane|Moonblast|p1b: Happy Days\n|-activate|p1b: Happy Days|move: Protect\n|\n|-damage|p2b: Rotom|13\/100|[from] Leech Seed|[of] p1b: Happy Days\n|-heal|p1b: Happy Days|82\/100 brn|[silent]\n|-damage|p1b: Happy Days|76\/100 brn|[from] brn\n|upkeep\n|turn|12\n|\n|t:|1683664681\n|move|p2b: Rotom|Thunderbolt|p1b: Happy Days\n|-supereffective|p1b: Happy Days\n|-damage|p1b: Happy Days|39\/100 brn\n|-enditem|p1b: Happy Days|Sitrus Berry|[eat]\n|-heal|p1b: Happy Days|64\/100 brn|[from] item: Sitrus Berry\n|cant|p2a: Flutter Mane|par\n|move|p1b: Happy Days|Leech Seed|p2a: Flutter Mane\n|-start|p2a: Flutter Mane|move: Leech Seed\n|\n|-damage|p2b: Rotom|1\/100|[from] Leech Seed|[of] p1b: Happy Days\n|-heal|p1b: Happy Days|74\/100 brn|[silent]\n|-damage|p2a: Flutter Mane|41\/100 par|[from] Leech Seed|[of] p1b: Happy Days\n|-heal|p1b: Happy Days|83\/100 brn|[silent]\n|-damage|p1b: Happy Days|77\/100 brn|[from] brn\n|upkeep\n|turn|13\n|c| Tuxmux|its always arboliva\n|c| jayballester|oh no\n|\n|t:|1683664698\n|move|p1b: Happy Days|Protect|p1b: Happy Days\n|-singleturn|p1b: Happy Days|Protect\n|move|p2b: Rotom|Thunderbolt|p1b: Happy Days\n|-activate|p1b: Happy Days|move: Protect\n|cant|p2a: Flutter Mane|par\n|\n|-damage|p2b: Rotom|0 fnt|[from] Leech Seed|[of] p1b: Happy Days\n|-heal|p1b: Happy Days|78\/100 brn|[silent]\n|faint|p2b: Rotom\n|-damage|p2a: Flutter Mane|29\/100 par|[from] Leech Seed|[of] p1b: Happy Days\n|-heal|p1b: Happy Days|86\/100 brn|[silent]\n|-damage|p1b: Happy Days|80\/100 brn|[from] brn\n|-item|p1b: Happy Days|Sitrus Berry|[from] ability: Harvest\n|upkeep\n|turn|14\n|c| Tuxmux|this motherfucker\n|c|\u2606BleachyBoi_426|this is why arboliva is worth more than 8 points\n|c| jayballester|that para won the game\n|\n|t:|1683664727\n|move|p2a: Flutter Mane|Moonblast|p1b: Happy Days\n|-damage|p1b: Happy Days|29\/100 brn\n|-enditem|p1b: Happy Days|Sitrus Berry|[eat]\n|-heal|p1b: Happy Days|54\/100 brn|[from] item: Sitrus Berry\n|move|p1b: Happy Days|Energy Ball|p2a: Flutter Mane\n|-damage|p2a: Flutter Mane|0 fnt\n|faint|p2a: Flutter Mane\n|-end|p2a: Flutter Mane|Protosynthesis|[silent]\n|\n|win|BleachyBoi_426\n|c|\u2606Hoppito|ggs\n|c|\u2606BleachyBoi_426|gg wp\n|l|\u2606Hoppito\n|c| Jstardude|Now everyone preps knowing you are gonna try to arboliv stall\n|c|\u2606BleachyBoi_426|good\n|c| Tuxmux|prep?! in masked division?!\n|c| Tuxmux|jkjkjk\n|c| Tuxmux|it's fun bringing out a new strat and seeing how ppl prep for it tho\n|c| jayballester|Hopp prepd for stall arboliva xd\n|l| Jstardude\n|l|\u2606BleachyBoi_426\n|l| Tuxmux\n","uploadtime":1683664892,"views":18,"p1id":"bleachyboi426","p2id":"hoppito","formatid":"gen9vgc2023regulationc","rating":0,"private":0,"password":""}