{"id":"gen9vgc2023regulationc-1852269840","p1":"pultrah","p2":"icedragonkid105","format":"[Gen 9] VGC 2023 Regulation C","log":"|j|\u2606pultrah\n|j|\u2606icedragonkid105\n|t:|1682538598\n|gametype|doubles\n|player|p1|pultrah|266|1117\n|player|p2|icedragonkid105|1|1097\n|teamsize|p1|6\n|teamsize|p2|6\n|gen|9\n|tier|[Gen 9] VGC 2023 Regulation C\n|rated|\n|rule|Species Clause: Limit one of each Pok\u00e9mon\n|rule|Item Clause: Limit one of each item\n|clearpoke\n|poke|p1|Ting-Lu, L50|\n|poke|p1|Garganacl, L50, M|\n|poke|p1|Amoonguss, L50, F|\n|poke|p1|Arcanine, L50, F|\n|poke|p1|Roaring Moon, L50|\n|poke|p1|Iron Bundle, L50|\n|poke|p2|Baxcalibur, L50, M|\n|poke|p2|Flutter Mane, L50|\n|poke|p2|Chi-Yu, L50|\n|poke|p2|Corviknight, L50, M|\n|poke|p2|Iron Bundle, L50|\n|poke|p2|Arcanine, L50, M|\n|teampreview|4\n|inactive|Battle timer is ON: inactive players will automatically lose when time's up. (requested by pultrah)\n|\n|t:|1682538630\n|start\n|switch|p1a: Garganacl|Garganacl, L50, M|100\/100\n|switch|p1b: Arcanine|Arcanine, L50, F|100\/100\n|switch|p2a: Glacius|Baxcalibur, L50, M|100\/100\n|switch|p2b: K-9|Arcanine, L50, M|100\/100\n|-ability|p1b: Arcanine|Intimidate|boost\n|-fail|p2a: Glacius|unboost|[from] item: Clear Amulet|[of] p2a: Glacius\n|-unboost|p2b: K-9|atk|1\n|-ability|p2b: K-9|Intimidate|boost\n|-unboost|p1a: Garganacl|atk|1\n|-unboost|p1b: Arcanine|atk|1\n|turn|1\n|inactive|pultrah has 30 seconds left.\n|\n|t:|1682538664\n|move|p1b: Arcanine|Protect|p1b: Arcanine\n|-singleturn|p1b: Arcanine|Protect\n|move|p2a: Glacius|Protect|p2a: Glacius\n|-singleturn|p2a: Glacius|Protect\n|move|p1a: Garganacl|Protect|p1a: Garganacl\n|-singleturn|p1a: Garganacl|Protect\n|move|p2b: K-9|Howl|p2b: K-9|[spread] p2a,p2b\n|-boost|p2a: Glacius|atk|1\n|-boost|p2b: K-9|atk|1\n|\n|upkeep\n|turn|2\n|inactive|pultrah has 30 seconds left.\n|inactive|pultrah has 20 seconds left.\n|inactive|pultrah has 15 seconds left.\n|\n|t:|1682538705\n|move|p1b: Arcanine|Extreme Speed|p2b: K-9\n|-damage|p2b: K-9|82\/100\n|move|p2b: K-9|Howl|p2b: K-9|[spread] p2a,p2b\n|-boost|p2a: Glacius|atk|1\n|-boost|p2b: K-9|atk|1\n|move|p2a: Glacius|Glaive Rush|p1b: Arcanine\n|-damage|p1b: Arcanine|0 fnt\n|-singlemove|p2a: Glacius|Glaive Rush|[silent]\n|faint|p1b: Arcanine\n|move|p1a: Garganacl|Salt Cure|p2a: Glacius\n|-supereffective|p2a: Glacius\n|-damage|p2a: Glacius|68\/100\n|-start|p2a: Glacius|Salt Cure\n|\n|-damage|p2a: Glacius|55\/100|[from] Salt Cure\n|upkeep\n|\n|t:|1682538711\n|switch|p1b: Amoonguss|Amoonguss, L50, F|100\/100\n|turn|3\n|\n|t:|1682538730\n|-terastallize|p1b: Amoonguss|Water\n|move|p2b: K-9|Flare Blitz|p1b: Amoonguss\n|-resisted|p1b: Amoonguss\n|-damage|p1b: Amoonguss|68\/100\n|-damage|p2b: K-9|68\/100|[from] Recoil\n|move|p2a: Glacius|Glaive Rush|p1a: Garganacl\n|-damage|p1a: Garganacl|9\/100\n|-singlemove|p2a: Glacius|Glaive Rush|[silent]\n|move|p1a: Garganacl|Recover|p1a: Garganacl\n|-heal|p1a: Garganacl|59\/100\n|move|p1b: Amoonguss|Spore|p2a: Glacius\n|-status|p2a: Glacius|slp|[from] move: Spore\n|\n|-heal|p1a: Garganacl|65\/100|[from] item: Leftovers\n|-damage|p2a: Glacius|43\/100 slp|[from] Salt Cure\n|upkeep\n|turn|4\n|inactive|icedragonkid105 has 30 seconds left.\n|inactive|icedragonkid105 has 20 seconds left.\n|inactive|icedragonkid105 has 15 seconds left.\n|\n|t:|1682538775\n|cant|p2a: Glacius|slp\n|move|p2b: K-9|Flare Blitz|p1a: Garganacl\n|-resisted|p1a: Garganacl\n|-damage|p1a: Garganacl|39\/100\n|-damage|p2b: K-9|57\/100|[from] Recoil\n|move|p1a: Garganacl|Stealth Rock|p2a: Glacius\n|-sidestart|p2: icedragonkid105|move: Stealth Rock\n|move|p1b: Amoonguss|Pollen Puff|p1a: Garganacl\n|-heal|p1a: Garganacl|89\/100\n|\n|-heal|p1a: Garganacl|95\/100|[from] item: Leftovers\n|-damage|p2a: Glacius|31\/100 slp|[from] Salt Cure\n|upkeep\n|turn|5\n|inactive|pultrah has 30 seconds left.\n|\n|t:|1682538805\n|switch|p2b: Corviknight|Corviknight, L50, M, shiny|100\/100\n|-damage|p2b: Corviknight|88\/100|[from] Stealth Rock\n|move|p1b: Amoonguss|Rage Powder|p1b: Amoonguss\n|-singleturn|p1b: Amoonguss|move: Rage Powder\n|cant|p2a: Glacius|slp\n|move|p1a: Garganacl|Salt Cure|p2a: Glacius\n|-supereffective|p2a: Glacius\n|-damage|p2a: Glacius|11\/100 slp\n|\n|-heal|p2b: Corviknight|94\/100|[from] item: Leftovers\n|-heal|p1a: Garganacl|100\/100|[from] item: Leftovers\n|-damage|p2a: Glacius|0 fnt|[from] Salt Cure\n|faint|p2a: Glacius\n|upkeep\n|\n|t:|1682538821\n|switch|p2a: Glitch|Iron Bundle, L50, shiny|100\/100\n|-damage|p2a: Glitch|75\/100|[from] Stealth Rock\n|turn|6\n|\n|t:|1682538834\n|move|p1b: Amoonguss|Rage Powder|p1b: Amoonguss\n|-singleturn|p1b: Amoonguss|move: Rage Powder\n|move|p2a: Glitch|Freeze-Dry|p1b: Amoonguss\n|-supereffective|p1b: Amoonguss\n|-damage|p1b: Amoonguss|0 fnt\n|faint|p1b: Amoonguss\n|move|p2b: Corviknight|Bulk Up|p2b: Corviknight\n|-boost|p2b: Corviknight|atk|1\n|-boost|p2b: Corviknight|def|1\n|move|p1a: Garganacl|Salt Cure|p2a: Glitch\n|-supereffective|p2a: Glitch\n|-damage|p2a: Glitch|53\/100\n|-start|p2a: Glitch|Salt Cure\n|\n|-heal|p2b: Corviknight|99\/100|[from] item: Leftovers\n|-damage|p2a: Glitch|28\/100|[from] Salt Cure\n|upkeep\n|\n|t:|1682538847\n|switch|p1b: Ting-Lu|Ting-Lu, L50|100\/100\n|-ability|p1b: Ting-Lu|Vessel of Ruin\n|turn|7\n|\n|t:|1682538870\n|move|p2a: Glitch|Protect|p2a: Glitch\n|-singleturn|p2a: Glitch|Protect\n|move|p1a: Garganacl|Protect|p1a: Garganacl\n|-singleturn|p1a: Garganacl|Protect\n|move|p2b: Corviknight|Iron Head|p1a: Garganacl\n|-activate|p1a: Garganacl|move: Protect\n|move|p1b: Ting-Lu|Ruination|p2b: Corviknight\n|-damage|p2b: Corviknight|50\/100\n|\n|-heal|p2b: Corviknight|56\/100|[from] item: Leftovers\n|-damage|p2a: Glitch|3\/100|[from] Salt Cure\n|upkeep\n|turn|8\n|inactive|pultrah has 30 seconds left.\n|inactive|pultrah has 20 seconds left.\n|\n|t:|1682538906\n|move|p2a: Glitch|Hydro Pump|p1a: Garganacl\n|-supereffective|p1a: Garganacl\n|-damage|p1a: Garganacl|39\/100\n|move|p2b: Corviknight|Iron Head|p1a: Garganacl\n|-supereffective|p1a: Garganacl\n|-damage|p1a: Garganacl|0 fnt\n|faint|p1a: Garganacl\n|move|p1b: Ting-Lu|Heavy Slam|p2b: Corviknight\n|-resisted|p2b: Corviknight\n|-damage|p2b: Corviknight|47\/100\n|\n|-heal|p2b: Corviknight|53\/100|[from] item: Leftovers\n|-damage|p2a: Glitch|0 fnt|[from] Salt Cure\n|faint|p2a: Glitch\n|-end|p2a: Glitch|Quark Drive|[silent]\n|upkeep\n|-message|pultrah forfeited.\n|\n|win|icedragonkid105\n|raw|pultrah's rating: 1117 → 1091<\/strong> (-26 for losing)\n|raw|icedragonkid105's rating: 1097 → 1124<\/strong> (+27 for winning)\n|l|\u2606pultrah\n","uploadtime":1682538926,"views":11,"p1id":"pultrah","p2id":"icedragonkid105","formatid":"gen9vgc2023regulationc","rating":1091,"private":0,"password":""}