{"id":"gen9vgc2023regulationc-1857118392","p1":"platpx3","p2":"vrumvrumnatal","format":"[Gen 9] VGC 2023 Regulation C","log":"|j|\u2606platpx3\n|j|\u2606vrumvrumnatal\n|t:|1683147626\n|gametype|doubles\n|player|p1|platpx3|palmer|1099\n|player|p2|vrumvrumnatal|170|1166\n|teamsize|p1|6\n|teamsize|p2|6\n|gen|9\n|tier|[Gen 9] VGC 2023 Regulation C\n|rated|\n|rule|Species Clause: Limit one of each Pok\u00e9mon\n|rule|Item Clause: Limit one of each item\n|clearpoke\n|poke|p1|Gallade, L50, M|\n|poke|p1|Corviknight, L50, M|\n|poke|p1|Rotom-Wash, L50|\n|poke|p1|Flutter Mane, L50|\n|poke|p1|Farigiraf, L50, F|\n|poke|p1|Amoonguss, L50, M|\n|poke|p2|Ting-Lu, L50|\n|poke|p2|Abomasnow, L50, M|\n|poke|p2|Flutter Mane, L50|\n|poke|p2|Iron Hands, L50|\n|poke|p2|Bronzong, L50|\n|poke|p2|Arcanine, L50, M|\n|teampreview|4\n|inactive|Battle timer is ON: inactive players will automatically lose when time's up. (requested by platpx3)\n|inactive|platpx3 has 60 seconds left.\n|inactive|vrumvrumnatal has 60 seconds left.\n|\n|t:|1683147670\n|start\n|switch|p1a: Corviknight|Corviknight, L50, M|100\/100\n|switch|p1b: Rotom|Rotom-Wash, L50|100\/100\n|switch|p2a: Iron Hands|Iron Hands, L50|100\/100\n|switch|p2b: Arcanine|Arcanine, L50, M|100\/100\n|-ability|p2b: Arcanine|Intimidate|boost\n|-ability|p1a: Corviknight|Mirror Armor\n|-unboost|p2b: Arcanine|atk|1\n|-unboost|p1b: Rotom|atk|1\n|turn|1\n|\n|t:|1683147689\n|move|p2a: Iron Hands|Fake Out|p1b: Rotom\n|-damage|p1b: Rotom|86\/100\n|move|p2b: Arcanine|Will-O-Wisp|p1a: Corviknight|[miss]\n|-miss|p2b: Arcanine|p1a: Corviknight\n|cant|p1b: Rotom|flinch\n|move|p1a: Corviknight|Tailwind|p1a: Corviknight\n|-sidestart|p1: platpx3|move: Tailwind\n|\n|upkeep\n|turn|2\n|\n|t:|1683147706\n|-end|p2a: Iron Hands|Quark Drive|[silent]\n|switch|p2a: Bronzong|Bronzong, L50|100\/100\n|move|p1b: Rotom|Volt Switch|p2a: Bronzong\n|-damage|p2a: Bronzong|80\/100\n|\n|t:|1683147712\n|switch|p1b: Flutter Mane|Flutter Mane, L50|100\/100|[from] Volt Switch\n|-enditem|p1b: Flutter Mane|Booster Energy\n|-activate|p1b: Flutter Mane|ability: Protosynthesis|[fromitem]\n|-start|p1b: Flutter Mane|protosynthesisspa\n|move|p1a: Corviknight|Taunt|p2b: Arcanine\n|-start|p2b: Arcanine|move: Taunt\n|cant|p2b: Arcanine|move: Taunt|Will-O-Wisp\n|\n|upkeep\n|turn|3\n|\n|t:|1683147725\n|move|p1b: Flutter Mane|Moonblast|p2b: Arcanine\n|-resisted|p2b: Arcanine\n|-damage|p2b: Arcanine|62\/100\n|move|p1a: Corviknight|Taunt|p2a: Bronzong\n|-start|p2a: Bronzong|move: Taunt\n|move|p2b: Arcanine|Flare Blitz|p1a: Corviknight\n|-supereffective|p1a: Corviknight\n|-damage|p1a: Corviknight|50\/100\n|-damage|p2b: Arcanine|44\/100|[from] Recoil\n|move|p2a: Bronzong|Gyro Ball|p1b: Flutter Mane\n|-supereffective|p1b: Flutter Mane\n|-damage|p1b: Flutter Mane|0 fnt\n|faint|p1b: Flutter Mane\n|-end|p1b: Flutter Mane|Protosynthesis|[silent]\n|\n|-heal|p1a: Corviknight|55\/100|[from] item: Leftovers\n|upkeep\n|\n|t:|1683147737\n|switch|p1b: Rotom|Rotom-Wash, L50|86\/100\n|turn|4\n|\n|t:|1683147752\n|switch|p2a: Iron Hands|Iron Hands, L50|100\/100\n|move|p2b: Arcanine|Extreme Speed|p1b: Rotom\n|-damage|p1b: Rotom|69\/100\n|move|p1b: Rotom|Thunderbolt|p2b: Arcanine\n|-crit|p2b: Arcanine\n|-damage|p2b: Arcanine|0 fnt\n|faint|p2b: Arcanine\n|move|p1a: Corviknight|Brave Bird|p2a: Iron Hands\n|-damage|p2a: Iron Hands|74\/100\n|-damage|p1a: Corviknight|45\/100|[from] Recoil\n|\n|-heal|p1a: Corviknight|51\/100|[from] item: Leftovers\n|-sideend|p1: platpx3|move: Tailwind\n|upkeep\n|\n|t:|1683147767\n|switch|p2b: Abomasnow|Abomasnow, L50, M|100\/100\n|-weather|Snow|[from] ability: Snow Warning|[of] p2b: Abomasnow\n|turn|5\n|\n|t:|1683147789\n|-terastallize|p2b: Abomasnow|Water\n|move|p2a: Iron Hands|Fake Out|p1a: Corviknight\n|-resisted|p1a: Corviknight\n|-damage|p1a: Corviknight|46\/100\n|move|p1b: Rotom|Hydro Pump|p2a: Iron Hands\n|-damage|p2a: Iron Hands|53\/100\n|cant|p1a: Corviknight|flinch\n|move|p2b: Abomasnow|Giga Drain|p1b: Rotom\n|-supereffective|p1b: Rotom\n|-damage|p1b: Rotom|4\/100\n|-enditem|p1b: Rotom|Sitrus Berry|[eat]\n|-heal|p1b: Rotom|29\/100|[from] item: Sitrus Berry\n|\n|-weather|Snow|[upkeep]\n|-heal|p1a: Corviknight|51\/100|[from] item: Leftovers\n|upkeep\n|turn|6\n|\n|t:|1683147807\n|-end|p2a: Iron Hands|Quark Drive|[silent]\n|switch|p2a: Bronzong|Bronzong, L50|80\/100\n|move|p1b: Rotom|Thunderbolt|p2b: Abomasnow\n|-supereffective|p2b: Abomasnow\n|-damage|p2b: Abomasnow|27\/100\n|-enditem|p2b: Abomasnow|Weakness Policy\n|-boost|p2b: Abomasnow|atk|2|[from] item: Weakness Policy\n|-boost|p2b: Abomasnow|spa|2|[from] item: Weakness Policy\n|move|p1a: Corviknight|Brave Bird|p2b: Abomasnow\n|-damage|p2b: Abomasnow|0 fnt\n|faint|p2b: Abomasnow\n|-damage|p1a: Corviknight|43\/100|[from] Recoil\n|\n|-weather|Snow|[upkeep]\n|-heal|p1a: Corviknight|49\/100|[from] item: Leftovers\n|upkeep\n|\n|t:|1683147820\n|switch|p2b: Iron Hands|Iron Hands, L50|53\/100\n|turn|7\n|\n|t:|1683147832\n|move|p1b: Rotom|Protect|p1b: Rotom\n|-singleturn|p1b: Rotom|Protect\n|move|p1a: Corviknight|Taunt|p2a: Bronzong\n|-start|p2a: Bronzong|move: Taunt\n|move|p2b: Iron Hands|Wild Charge|p1a: Corviknight\n|-supereffective|p1a: Corviknight\n|-damage|p1a: Corviknight|0 fnt\n|faint|p1a: Corviknight\n|-damage|p2b: Iron Hands|43\/100|[from] Recoil\n|move|p2a: Bronzong|Gyro Ball|p1b: Rotom\n|-activate|p1b: Rotom|move: Protect\n|\n|-weather|Snow|[upkeep]\n|upkeep\n|\n|t:|1683147839\n|switch|p1a: Gallade|Gallade, L50, M|100\/100\n|turn|8\n|\n|t:|1683147854\n|move|p1a: Gallade|Psycho Cut|p2b: Iron Hands\n|-supereffective|p2b: Iron Hands\n|-crit|p2b: Iron Hands\n|-damage|p2b: Iron Hands|0 fnt\n|faint|p2b: Iron Hands\n|-end|p2b: Iron Hands|Quark Drive|[silent]\n|move|p1b: Rotom|Thunderbolt|p2a: Bronzong\n|-damage|p2a: Bronzong|56\/100\n|move|p2a: Bronzong|Gyro Ball|p1a: Gallade\n|-damage|p1a: Gallade|50\/100\n|\n|-weather|Snow|[upkeep]\n|upkeep\n|turn|9\n|\n|t:|1683147865\n|move|p1a: Gallade|Night Slash|p2a: Bronzong\n|-supereffective|p2a: Bronzong\n|-damage|p2a: Bronzong|0 fnt\n|faint|p2a: Bronzong\n|\n|win|platpx3\n|raw|platpx3's rating: 1099 → 1129<\/strong> (+30 for winning)\n|raw|vrumvrumnatal's rating: 1166 → 1136<\/strong> (-30 for losing)\n","uploadtime":1683147873,"views":17,"p1id":"platpx3","p2id":"vrumvrumnatal","formatid":"gen9vgc2023regulationc","rating":1129,"private":0,"password":""}