{"id":"gen9vgc2023regulationc-1854345896","p1":"Mythical weavile","p2":"etaniol","format":"[Gen 9] VGC 2023 Regulation C","log":"|j|\u2606Mythical weavile\n|j|\u2606etaniol\n|t:|1682799594\n|gametype|doubles\n|player|p1|Mythical weavile|266|1370\n|player|p2|etaniol|169|1340\n|teamsize|p1|6\n|teamsize|p2|6\n|gen|9\n|tier|[Gen 9] VGC 2023 Regulation C\n|rated|\n|rule|Species Clause: Limit one of each Pok\u00e9mon\n|rule|Item Clause: Limit one of each item\n|clearpoke\n|poke|p1|Dondozo, L50, F|\n|poke|p1|Tatsugiri, L50, F|\n|poke|p1|Tinkaton, L50, F|\n|poke|p1|Gyarados, L50, M|\n|poke|p1|Tyranitar, L50, M|\n|poke|p1|Lycanroc, L50, M|\n|poke|p2|Chien-Pao, L50|\n|poke|p2|Great Tusk, L50|\n|poke|p2|Masquerain, L50, F|\n|poke|p2|Brambleghast, L50, F|\n|poke|p2|Talonflame, L50, M|\n|poke|p2|Glimmora, L50, F|\n|teampreview|4\n|inactive|Battle timer is ON: inactive players will automatically lose when time's up. (requested by Mythical weavile)\n|\n|t:|1682799619\n|start\n|switch|p1a: Tyranitar|Tyranitar, L50, M|100\/100\n|switch|p1b: Lycanroc|Lycanroc, L50, M|100\/100\n|switch|p2a: Masquerain|Masquerain, L50, F|100\/100\n|switch|p2b: Great Tusk|Great Tusk, L50|100\/100\n|-ability|p2a: Masquerain|Intimidate|boost\n|-unboost|p1a: Tyranitar|atk|1\n|-unboost|p1b: Lycanroc|atk|1\n|-weather|Sandstorm|[from] ability: Sand Stream|[of] p1a: Tyranitar\n|-enditem|p2b: Great Tusk|Booster Energy\n|-activate|p2b: Great Tusk|ability: Protosynthesis|[fromitem]\n|-start|p2b: Great Tusk|protosynthesisatk\n|turn|1\n|\n|t:|1682799634\n|-terastallize|p2b: Great Tusk|Steel\n|-terastallize|p1a: Tyranitar|Flying\n|move|p1b: Lycanroc|Rock Slide|p2b: Great Tusk|[spread] p2a,p2b\n|-supereffective|p2a: Masquerain\n|-resisted|p2b: Great Tusk\n|-enditem|p2a: Masquerain|Focus Sash\n|-damage|p2a: Masquerain|1\/100\n|-damage|p2b: Great Tusk|93\/100\n|move|p2a: Masquerain|Tailwind|p2a: Masquerain\n|-sidestart|p2: etaniol|move: Tailwind\n|move|p2b: Great Tusk|Earthquake|p1a: Tyranitar|[spread] p1b\n|-immune|p2a: Masquerain\n|-immune|p1a: Tyranitar\n|-supereffective|p1b: Lycanroc\n|-crit|p1b: Lycanroc\n|-enditem|p1b: Lycanroc|Focus Sash\n|-damage|p1b: Lycanroc|1\/100\n|move|p1a: Tyranitar|Tera Blast|p2b: Great Tusk\n|-resisted|p2b: Great Tusk\n|-damage|p2b: Great Tusk|83\/100\n|\n|-weather|Sandstorm|[upkeep]\n|-damage|p2a: Masquerain|0 fnt|[from] Sandstorm\n|-damage|p1a: Tyranitar|95\/100|[from] Sandstorm\n|faint|p2a: Masquerain\n|upkeep\n|\n|t:|1682799651\n|switch|p2a: Brambleghast|Brambleghast, L50, F|100\/100\n|-ability|p2a: Brambleghast|Wind Rider|boost\n|-boost|p2a: Brambleghast|atk|1\n|turn|2\n|j| efrgebgf\n|\n|t:|1682799676\n|move|p2a: Brambleghast|Shadow Sneak|p1b: Lycanroc\n|-damage|p1b: Lycanroc|0 fnt\n|faint|p1b: Lycanroc\n|move|p2b: Great Tusk|Ice Spinner|p1a: Tyranitar\n|-supereffective|p1a: Tyranitar\n|-damage|p1a: Tyranitar|26\/100\n|move|p1a: Tyranitar|Rock Slide|p2a: Brambleghast|[spread] p2a,p2b\n|-resisted|p2b: Great Tusk\n|-damage|p2a: Brambleghast|67\/100\n|-damage|p2b: Great Tusk|76\/100\n|\n|-weather|Sandstorm|[upkeep]\n|-damage|p2a: Brambleghast|61\/100|[from] Sandstorm\n|-damage|p1a: Tyranitar|20\/100|[from] Sandstorm\n|upkeep\n|\n|t:|1682799689\n|switch|p1b: Dondozo|Dondozo, L50, F|100\/100\n|turn|3\n|\n|t:|1682799701\n|switch|p1a: Tatsugiri|Tatsugiri, L50, F|100\/100\n|-activate|p1a: Tatsugiri|ability: Commander|[of] p1b: Dondozo\n|-boost|p1b: Dondozo|atk|2\n|-boost|p1b: Dondozo|spa|2\n|-boost|p1b: Dondozo|spe|2\n|-boost|p1b: Dondozo|def|2\n|-boost|p1b: Dondozo|spd|2\n|move|p2a: Brambleghast|Shadow Sneak|p1b: Dondozo\n|-damage|p1b: Dondozo|89\/100\n|move|p2b: Great Tusk|Brick Break|p1b: Dondozo\n|-damage|p1b: Dondozo|67\/100\n|move|p1b: Dondozo|Earthquake|p2b: Great Tusk|[spread] p2a,p2b\n|-miss|p1b: Dondozo|p1a: Tatsugiri\n|-resisted|p2a: Brambleghast\n|-supereffective|p2b: Great Tusk\n|-damage|p2a: Brambleghast|33\/100\n|-damage|p2b: Great Tusk|21\/100\n|\n|-weather|Sandstorm|[upkeep]\n|-damage|p2a: Brambleghast|26\/100|[from] Sandstorm\n|-damage|p1a: Tatsugiri|94\/100|[from] Sandstorm\n|-damage|p1b: Dondozo|61\/100|[from] Sandstorm\n|-heal|p1b: Dondozo|67\/100|[from] item: Leftovers\n|upkeep\n|turn|4\n|\n|t:|1682799726\n|move|p2a: Brambleghast|Shadow Sneak|p1b: Dondozo\n|-damage|p1b: Dondozo|55\/100\n|move|p2b: Great Tusk|Rock Slide|p1b: Dondozo|[spread] p1b\n|-miss|p2b: Great Tusk|p1a: Tatsugiri\n|-damage|p1b: Dondozo|46\/100\n|cant|p1b: Dondozo|flinch\n|\n|-weather|Sandstorm|[upkeep]\n|-damage|p2a: Brambleghast|20\/100|[from] Sandstorm\n|-damage|p1a: Tatsugiri|88\/100|[from] Sandstorm\n|-damage|p1b: Dondozo|39\/100|[from] Sandstorm\n|-heal|p1b: Dondozo|46\/100|[from] item: Leftovers\n|-sideend|p2: etaniol|move: Tailwind\n|upkeep\n|turn|5\n|\n|t:|1682799748\n|move|p2a: Brambleghast|Shadow Sneak|p1b: Dondozo\n|-damage|p1b: Dondozo|35\/100\n|move|p1b: Dondozo|Earthquake|p2a: Brambleghast|[spread] p2a,p2b\n|-miss|p1b: Dondozo|p1a: Tatsugiri\n|-resisted|p2a: Brambleghast\n|-supereffective|p2b: Great Tusk\n|-damage|p2a: Brambleghast|0 fnt\n|-damage|p2b: Great Tusk|0 fnt\n|faint|p2a: Brambleghast\n|faint|p2b: Great Tusk\n|-end|p2b: Great Tusk|Protosynthesis|[silent]\n|\n|-weather|none\n|-heal|p1b: Dondozo|41\/100|[from] item: Leftovers\n|upkeep\n|\n|t:|1682799752\n|switch|p2b: Glimmora|Glimmora, L50, F|100\/100\n|turn|6\n|\n|t:|1682799760\n|move|p1b: Dondozo|Earthquake|p2b: Glimmora|[spread] p2b\n|-miss|p1b: Dondozo|p1a: Tatsugiri\n|-supereffective|p2b: Glimmora\n|-damage|p2b: Glimmora|0 fnt\n|-activate|p2b: Glimmora|ability: Toxic Debris\n|-sidestart|p1: Mythical weavile|move: Toxic Spikes\n|faint|p2b: Glimmora\n|\n|win|Mythical weavile\n|raw|Mythical weavile's rating: 1370 → 1388<\/strong> (+18 for winning)\n|raw|etaniol's rating: 1340 → 1322<\/strong> (-18 for losing)\n","uploadtime":1682799770,"views":14,"p1id":"mythicalweavile","p2id":"etaniol","formatid":"gen9vgc2023regulationc","rating":1322,"private":0,"password":""}