{"id":"gen9vgc2023regulationc-1858781573","p1":"ascore3","p2":"kookui","format":"[Gen 9] VGC 2023 Regulation C","log":"|j|\u2606ascore3\n|j|\u2606kookui\n|t:|1683359929\n|gametype|doubles\n|player|p1|ascore3|170|1183\n|player|p2|kookui|102|1217\n|teamsize|p1|6\n|teamsize|p2|6\n|gen|9\n|tier|[Gen 9] VGC 2023 Regulation C\n|rated|\n|rule|Species Clause: Limit one of each Pok\u00e9mon\n|rule|Item Clause: Limit one of each item\n|clearpoke\n|poke|p1|Torkoal, L50, M|\n|poke|p1|Chi-Yu, L50|\n|poke|p1|Bronzong, L50|\n|poke|p1|Gastrodon, L50, F|\n|poke|p1|Grimmsnarl, L50, M|\n|poke|p1|Skeledirge, L50, F|\n|poke|p2|Gyarados, L50, F|\n|poke|p2|Annihilape, L50, F|\n|poke|p2|Tsareena, L50, F|\n|poke|p2|Scream Tail, L50|\n|poke|p2|Ting-Lu, L50|\n|poke|p2|Dragapult, L50, M|\n|teampreview|4\n|\n|t:|1683359960\n|start\n|switch|p1a: Grimmsnarl|Grimmsnarl, L50, M|100\/100\n|switch|p1b: Bronzong|Bronzong, L50|100\/100\n|switch|p2a: Majin Buu|Scream Tail, L50, shiny|100\/100\n|switch|p2b: Shenron|Gyarados, L50, F|100\/100\n|-ability|p2b: Shenron|Intimidate|boost\n|-unboost|p1a: Grimmsnarl|atk|1\n|-unboost|p1b: Bronzong|atk|1\n|-enditem|p2a: Majin Buu|Booster Energy\n|-activate|p2a: Majin Buu|ability: Protosynthesis|[fromitem]\n|-start|p2a: Majin Buu|protosynthesisspe\n|turn|1\n|inactive|Battle timer is ON: inactive players will automatically lose when time's up. (requested by ascore3)\n|\n|t:|1683359977\n|move|p1a: Grimmsnarl|Fake Out|p2b: Shenron\n|-damage|p2b: Shenron|92\/100\n|move|p2a: Majin Buu|Thunder Wave|p1a: Grimmsnarl\n|-status|p1a: Grimmsnarl|par\n|cant|p2b: Shenron|flinch\n|move|p1b: Bronzong|Trick Room|p1b: Bronzong\n|-fieldstart|move: Trick Room|[of] p1b: Bronzong\n|\n|upkeep\n|turn|2\n|\n|t:|1683359992\n|move|p1a: Grimmsnarl|Trick|p2b: Shenron\n|-activate|p1a: Grimmsnarl|move: Trick|[of] p2b: Shenron\n|-item|p2b: Shenron|Lagging Tail|[from] move: Trick\n|-item|p1a: Grimmsnarl|Sitrus Berry|[from] move: Trick\n|move|p1b: Bronzong|Iron Head|p2a: Majin Buu\n|-supereffective|p2a: Majin Buu\n|-damage|p2a: Majin Buu|73\/100\n|move|p2b: Shenron|Taunt|p1a: Grimmsnarl\n|-start|p1a: Grimmsnarl|move: Taunt\n|cant|p2a: Majin Buu|flinch\n|\n|upkeep\n|turn|3\n|\n|t:|1683360007\n|switch|p1a: Skeledirge|Skeledirge, L50, F|100\/100\n|switch|p2b: Ox-King|Ting-Lu, L50|100\/100\n|-ability|p2b: Ox-King|Vessel of Ruin\n|move|p1b: Bronzong|Iron Head|p2a: Majin Buu\n|-supereffective|p2a: Majin Buu\n|-damage|p2a: Majin Buu|48\/100\n|cant|p2a: Majin Buu|flinch\n|\n|upkeep\n|turn|4\n|\n|t:|1683360024\n|move|p1a: Skeledirge|Protect|p1a: Skeledirge\n|-singleturn|p1a: Skeledirge|Protect\n|move|p1b: Bronzong|Iron Head|p2a: Majin Buu\n|-supereffective|p2a: Majin Buu\n|-damage|p2a: Majin Buu|23\/100\n|move|p2b: Ox-King|Stomping Tantrum|p1a: Skeledirge\n|-activate|p1a: Skeledirge|move: Protect\n|move|p2a: Majin Buu|Light Screen|p2a: Majin Buu\n|-sidestart|p2: kookui|move: Light Screen\n|\n|upkeep\n|turn|5\n|\n|t:|1683360038\n|switch|p2b: Dragapult|Dragapult, L50, M|100\/100\n|switch|p1a: Grimmsnarl|Grimmsnarl, L50, M|100\/100 par\n|move|p1b: Bronzong|Iron Head|p2a: Majin Buu\n|-supereffective|p2a: Majin Buu\n|-damage|p2a: Majin Buu|0 fnt\n|faint|p2a: Majin Buu\n|-end|p2a: Majin Buu|Protosynthesis|[silent]\n|\n|-fieldend|move: Trick Room\n|upkeep\n|\n|t:|1683360051\n|switch|p2a: Shenron|Gyarados, L50, F|92\/100\n|-ability|p2a: Shenron|Intimidate|boost\n|-unboost|p1a: Grimmsnarl|atk|1\n|-unboost|p1b: Bronzong|atk|1\n|turn|6\n|\n|t:|1683360062\n|-terastallize|p2b: Dragapult|Steel\n|move|p1a: Grimmsnarl|Fake Out|p2a: Shenron\n|-crit|p2a: Shenron\n|-damage|p2a: Shenron|72\/100\n|move|p2b: Dragapult|Dragon Darts|p1b: Bronzong\n|-resisted|p1b: Bronzong\n|-damage|p1b: Bronzong|88\/100\n|-anim|p2b: Dragapult|Dragon Darts|p1b: Bronzong\n|-resisted|p1b: Bronzong\n|-damage|p1b: Bronzong|78\/100\n|-damage|p2b: Dragapult|90\/100|[from] item: Life Orb\n|cant|p2a: Shenron|flinch\n|move|p1b: Bronzong|Trick Room|p1b: Bronzong\n|-fieldstart|move: Trick Room|[of] p1b: Bronzong\n|\n|upkeep\n|turn|7\n|-message|kookui forfeited.\n|\n|win|ascore3\n|raw|ascore3's rating: 1183 → 1210<\/strong> (+27 for winning)\n|raw|kookui's rating: 1217 → 1190<\/strong> (-27 for losing)\n|l|\u2606kookui\n","uploadtime":1683360080,"views":11,"p1id":"ascore3","p2id":"kookui","formatid":"gen9vgc2023regulationc","rating":1190,"private":0,"password":""}