{"id":"gen9vgc2023regulationc-1847044120","p1":"Delibirdsbags","p2":"ApplinFan773","format":"[Gen 9] VGC 2023 Regulation C","log":"|j|\u2606Delibirdsbags\n|j|\u2606ApplinFan773\n|t:|1681914384\n|gametype|doubles\n|player|p1|Delibirdsbags|102|1243\n|player|p2|ApplinFan773|cilan|1149\n|teamsize|p1|6\n|teamsize|p2|6\n|gen|9\n|tier|[Gen 9] VGC 2023 Regulation C\n|rated|\n|rule|Species Clause: Limit one of each Pok\u00e9mon\n|rule|Item Clause: Limit one of each item\n|clearpoke\n|poke|p1|Torkoal, L50, M|\n|poke|p1|Slowbro, L50, M|\n|poke|p1|Iron Hands, L50|\n|poke|p1|Krookodile, L50, M|\n|poke|p1|Murkrow, L50, M|\n|poke|p1|Dragonite, L50, M|\n|poke|p2|Maushold-Four, L50|\n|poke|p2|Flutter Mane, L50|\n|poke|p2|Scream Tail, L50|\n|poke|p2|Ceruledge, L50, M|\n|poke|p2|Meowscarada, L50, F|\n|poke|p2|Salamence, L50, M|\n|teampreview|4\n|inactive|Battle timer is ON: inactive players will automatically lose when time's up. (requested by ApplinFan773)\n|c|\u2606ApplinFan773|Glhf\n|c|\u2606Delibirdsbags|Glhf\n|\n|t:|1681914413\n|start\n|switch|p1a: Torkoal|Torkoal, L50, M|100\/100\n|switch|p1b: Slowbro|Slowbro, L50, M|100\/100\n|switch|p2a: Salami|Salamence, L50, M, shiny|100\/100\n|switch|p2b: Myrtle|Flutter Mane, L50, shiny|100\/100\n|-ability|p2a: Salami|Intimidate|boost\n|-unboost|p1a: Torkoal|atk|1\n|-fail|p1b: Slowbro|unboost|Attack|[from] ability: Oblivious|[of] p1b: Slowbro\n|-weather|SunnyDay|[from] ability: Drought|[of] p1a: Torkoal\n|-activate|p2b: Myrtle|ability: Protosynthesis\n|-start|p2b: Myrtle|protosynthesisspa\n|turn|1\n|inactive|ApplinFan773 has 30 seconds left.\n|inactive|ApplinFan773 has 20 seconds left.\n|\n|t:|1681914450\n|move|p1a: Torkoal|Protect|p1a: Torkoal\n|-singleturn|p1a: Torkoal|Protect\n|move|p2b: Myrtle|Shadow Ball|p1b: Slowbro\n|-supereffective|p1b: Slowbro\n|-damage|p1b: Slowbro|0 fnt\n|faint|p1b: Slowbro\n|-damage|p2b: Myrtle|91\/100|[from] item: Life Orb\n|move|p2a: Salami|Dragon Claw|p1a: Torkoal\n|-activate|p1a: Torkoal|move: Protect\n|\n|-weather|SunnyDay|[upkeep]\n|upkeep\n|\n|t:|1681914468\n|switch|p1b: Dragonite|Dragonite, L50, M|100\/100\n|turn|2\n|\n|t:|1681914492\n|switch|p2a: Grim Shady|Ceruledge, L50, M|100\/100\n|-terastallize|p1b: Dragonite|Flying\n|move|p2b: Myrtle|Moonblast|p1b: Dragonite\n|-damage|p1b: Dragonite|59\/100\n|-unboost|p1b: Dragonite|spa|1\n|-damage|p2b: Myrtle|81\/100|[from] item: Life Orb\n|move|p1b: Dragonite|Tera Blast|p2b: Myrtle\n|-damage|p2b: Myrtle|0 fnt\n|faint|p2b: Myrtle\n|-end|p2b: Myrtle|Protosynthesis|[silent]\n|move|p1a: Torkoal|Will-O-Wisp|p2a: Grim Shady\n|-start|p2a: Grim Shady|ability: Flash Fire\n|\n|-weather|SunnyDay|[upkeep]\n|upkeep\n|\n|t:|1681914510\n|switch|p2b: Salami|Salamence, L50, M, shiny|100\/100\n|-ability|p2b: Salami|Intimidate|boost\n|-unboost|p1a: Torkoal|atk|1\n|-unboost|p1b: Dragonite|atk|1\n|turn|3\n|inactive|Delibirdsbags has 30 seconds left.\n|\n|t:|1681914539\n|move|p1a: Torkoal|Protect|p1a: Torkoal\n|-singleturn|p1a: Torkoal|Protect\n|move|p2b: Salami|Dragon Claw|p1b: Dragonite\n|-damage|p1b: Dragonite|21\/100\n|move|p1b: Dragonite|Tera Blast|p2a: Grim Shady\n|-damage|p2a: Grim Shady|59\/100\n|move|p2a: Grim Shady|Bitter Blade|p1b: Dragonite\n|-damage|p1b: Dragonite|0 fnt\n|-heal|p2a: Grim Shady|70\/100|[from] drain|[of] p1b: Dragonite\n|faint|p1b: Dragonite\n|\n|-weather|SunnyDay|[upkeep]\n|upkeep\n|\n|t:|1681914554\n|switch|p1b: Iron Hands|Iron Hands, L50|100\/100\n|turn|4\n|inactive|ApplinFan773 has 30 seconds left.\n|\n|t:|1681914583\n|-terastallize|p2b: Salami|Steel\n|move|p2b: Salami|Dual Wingbeat|p1b: Iron Hands\n|-damage|p1b: Iron Hands|86\/100\n|-damage|p1b: Iron Hands|73\/100\n|-hitcount|p1b: Iron Hands|2\n|move|p2a: Grim Shady|Bitter Blade|p1b: Iron Hands\n|-damage|p1b: Iron Hands|0 fnt\n|-heal|p2a: Grim Shady|100\/100|[from] drain|[of] p1b: Iron Hands\n|faint|p1b: Iron Hands\n|-end|p1b: Iron Hands|Quark Drive|[silent]\n|move|p1a: Torkoal|Will-O-Wisp|p2b: Salami\n|-status|p2b: Salami|brn\n|\n|-weather|SunnyDay|[upkeep]\n|-damage|p2b: Salami|95\/100 brn|[from] brn\n|upkeep\n|turn|5\n|\n|t:|1681914606\n|switch|p2b: Persephone|Scream Tail, L50, shiny|100\/100\n|-activate|p2b: Persephone|ability: Protosynthesis\n|-start|p2b: Persephone|protosynthesisspe\n|move|p2a: Grim Shady|Bitter Blade|p1a: Torkoal\n|-resisted|p1a: Torkoal\n|-damage|p1a: Torkoal|62\/100\n|move|p1a: Torkoal|Eruption|p2b: Persephone|[spread] p2b\n|-immune|p2a: Grim Shady|[from] ability: Flash Fire\n|-damage|p2b: Persephone|65\/100\n|\n|-weather|none\n|-end|p2b: Persephone|Protosynthesis\n|upkeep\n|-enditem|p2b: Persephone|Booster Energy\n|-activate|p2b: Persephone|ability: Protosynthesis|[fromitem]\n|-start|p2b: Persephone|protosynthesisspe\n|turn|6\n|-message|Delibirdsbags forfeited.\n|\n|win|ApplinFan773\n|raw|Delibirdsbags's rating: 1243 → 1211<\/strong> (-32 for losing)\n|raw|ApplinFan773's rating: 1149 → 1181<\/strong> (+32 for winning)\n|l|\u2606Delibirdsbags\n|c|\u2606ApplinFan773|gg wp\n","uploadtime":1681914631,"views":6,"p1id":"delibirdsbags","p2id":"applinfan773","formatid":"gen9vgc2023regulationc","rating":1181,"private":0,"password":""}