{"id":"gen9vgc2023regulationc-1853332248","p1":"GiantSoyBean","p2":"hysaaron","format":"[Gen 9] VGC 2023 Regulation C","log":"|j|\u2606GiantSoyBean\n|j|\u2606hysaaron\n|t:|1682669516\n|gametype|doubles\n|player|p1|GiantSoyBean|266|1144\n|player|p2|hysaaron|266|1239\n|teamsize|p1|6\n|teamsize|p2|6\n|gen|9\n|tier|[Gen 9] VGC 2023 Regulation C\n|rated|\n|rule|Species Clause: Limit one of each Pok\u00e9mon\n|rule|Item Clause: Limit one of each item\n|clearpoke\n|poke|p1|Bronzong, L50|\n|poke|p1|Abomasnow, L50, M|\n|poke|p1|Iron Hands, L50|\n|poke|p1|Flutter Mane, L50|\n|poke|p1|Garganacl, L50, M|\n|poke|p1|Great Tusk, L50|\n|poke|p2|Corviknight, L50, F|\n|poke|p2|Gholdengo, L50|\n|poke|p2|Great Tusk, L50|\n|poke|p2|Gyarados, L50, M|\n|poke|p2|Amoonguss, L50, F|\n|poke|p2|Ting-Lu, L50|\n|teampreview|4\nGiantSoyBean has agreed to open team sheets.\n|inactive|Battle timer is ON: inactive players will automatically lose when time's up. (requested by hysaaron)\n|\n|t:|1682669549\n|start\n|switch|p1a: Bronzong|Bronzong, L50, shiny|100\/100\n|switch|p1b: Iron Hands|Iron Hands, L50|100\/100\n|switch|p2a: Gholdengo|Gholdengo, L50|100\/100\n|switch|p2b: Great Tusk|Great Tusk, L50, shiny|100\/100\n|turn|1\n|inactive|hysaaron has 30 seconds left.\n|inactive|hysaaron has 20 seconds left.\n|inactive|hysaaron has 15 seconds left.\n|inactive|hysaaron has 10 seconds left.\n|\n|t:|1682669595\n|-end|p2b: Great Tusk|Protosynthesis|[silent]\n|switch|p2b: Gyarados|Gyarados, L50, M, shiny|100\/100\n|-ability|p2b: Gyarados|Intimidate|boost\n|-unboost|p1a: Bronzong|atk|1\n|-unboost|p1b: Iron Hands|atk|1\n|move|p1b: Iron Hands|Fake Out|p2b: Gyarados\n|-damage|p2b: Gyarados|89\/100\n|move|p2a: Gholdengo|Nasty Plot|p2a: Gholdengo\n|-boost|p2a: Gholdengo|spa|2\n|move|p1a: Bronzong|Trick Room|p1a: Bronzong\n|-fieldstart|move: Trick Room|[of] p1a: Bronzong\n|\n|upkeep\n|turn|2\n|inactive|hysaaron has 30 seconds left.\n|\n|t:|1682669626\n|move|p1a: Bronzong|Protect|p1a: Bronzong\n|-singleturn|p1a: Bronzong|Protect\n|move|p2b: Gyarados|Protect|p2b: Gyarados\n|-singleturn|p2b: Gyarados|Protect\n|move|p1b: Iron Hands|Volt Switch|p2a: Gholdengo\n|-damage|p2a: Gholdengo|86\/100\n|\n|t:|1682669638\n|-end|p1b: Iron Hands|Quark Drive|[silent]\n|switch|p1b: Abomasnow|Abomasnow, L50, M, shiny|100\/100|[from] Volt Switch\n|-weather|Snow|[from] ability: Snow Warning|[of] p1b: Abomasnow\n|move|p2a: Gholdengo|Shadow Ball|p1a: Bronzong\n|-activate|p1a: Bronzong|move: Protect\n|\n|-weather|Snow|[upkeep]\n|-heal|p2a: Gholdengo|92\/100|[from] item: Leftovers\n|upkeep\n|turn|3\n|inactive|hysaaron has 30 seconds left.\n|inactive|hysaaron has 20 seconds left.\n|inactive|hysaaron has 15 seconds left.\n|\n|t:|1682669679\n|-terastallize|p2a: Gholdengo|Water\n|move|p1a: Bronzong|Gyro Ball|p1b: Abomasnow\n|-supereffective|p1b: Abomasnow\n|-damage|p1b: Abomasnow|85\/100\n|-enditem|p1b: Abomasnow|Weakness Policy\n|-boost|p1b: Abomasnow|atk|2|[from] item: Weakness Policy\n|-boost|p1b: Abomasnow|spa|2|[from] item: Weakness Policy\n|move|p1b: Abomasnow|Earth Power|p2a: Gholdengo\n|-damage|p2a: Gholdengo|44\/100\n|move|p2a: Gholdengo|Shadow Ball|p1b: Abomasnow\n|-damage|p1b: Abomasnow|3\/100\n|move|p2b: Gyarados|Thunder Wave|p1b: Abomasnow\n|-status|p1b: Abomasnow|par\n|\n|-weather|Snow|[upkeep]\n|-heal|p2a: Gholdengo|50\/100|[from] item: Leftovers\n|upkeep\n|turn|4\n|inactive|hysaaron has 30 seconds left.\n|inactive|hysaaron has 20 seconds left.\n|\n|t:|1682669714\n|move|p2a: Gholdengo|Protect|p2a: Gholdengo\n|-singleturn|p2a: Gholdengo|Protect\n|cant|p1b: Abomasnow|par\n|move|p1a: Bronzong|Safeguard|p1a: Bronzong\n|-sidestart|p1: GiantSoyBean|Safeguard\n|move|p2b: Gyarados|Waterfall|p1b: Abomasnow\n|-resisted|p1b: Abomasnow\n|-damage|p1b: Abomasnow|0 fnt\n|faint|p1b: Abomasnow\n|\n|-weather|Snow|[upkeep]\n|-heal|p2a: Gholdengo|56\/100|[from] item: Leftovers\n|upkeep\n|\n|t:|1682669719\n|switch|p1b: Iron Hands|Iron Hands, L50|100\/100\n|turn|5\n|inactive|hysaaron has 30 seconds left.\n|inactive|hysaaron has 20 seconds left.\n|\n|t:|1682669754\n|move|p2a: Gholdengo|Protect||[still]\n|-fail|p2a: Gholdengo\n|move|p2b: Gyarados|Protect|p2b: Gyarados\n|-singleturn|p2b: Gyarados|Protect\n|move|p1a: Bronzong|Gyro Ball|p2a: Gholdengo\n|-resisted|p2a: Gholdengo\n|-damage|p2a: Gholdengo|49\/100\n|move|p1b: Iron Hands|Close Combat|p2a: Gholdengo\n|-crit|p2a: Gholdengo\n|-damage|p2a: Gholdengo|0 fnt\n|-unboost|p1b: Iron Hands|def|1\n|-unboost|p1b: Iron Hands|spd|1\n|faint|p2a: Gholdengo\n|\n|-weather|Snow|[upkeep]\n|-fieldend|move: Trick Room\n|upkeep\n|\n|t:|1682669771\n|switch|p2a: Great Tusk|Great Tusk, L50, shiny|100\/100\n|turn|6\n|inactive|hysaaron has 30 seconds left.\n|\n|t:|1682669803\n|-terastallize|p1b: Iron Hands|Grass\n|move|p2a: Great Tusk|Headlong Rush|p1b: Iron Hands\n|-resisted|p1b: Iron Hands\n|-damage|p1b: Iron Hands|66\/100\n|-unboost|p2a: Great Tusk|def|1\n|-unboost|p2a: Great Tusk|spd|1\n|move|p2b: Gyarados|Waterfall|p1b: Iron Hands\n|-resisted|p1b: Iron Hands\n|-damage|p1b: Iron Hands|47\/100\n|cant|p1b: Iron Hands|flinch\n|move|p1a: Bronzong|Gyro Ball|p2a: Great Tusk\n|-damage|p2a: Great Tusk|67\/100\n|\n|-weather|none\n|upkeep\n|turn|7\n|inactive|hysaaron has 30 seconds left.\n|inactive|hysaaron has 20 seconds left.\n|inactive|hysaaron has 15 seconds left.\n|inactive|hysaaron has 10 seconds left.\n|\n|t:|1682669848\n|-end|p1b: Iron Hands|Quark Drive|[silent]\n|switch|p1b: Great Tusk|Great Tusk, L50|100\/100\n|move|p2a: Great Tusk|Headlong Rush|p1b: Great Tusk\n|-damage|p1b: Great Tusk|57\/100\n|-unboost|p2a: Great Tusk|def|1\n|-unboost|p2a: Great Tusk|spd|1\n|move|p2b: Gyarados|Waterfall|p1b: Great Tusk\n|-supereffective|p1b: Great Tusk\n|-damage|p1b: Great Tusk|11\/100\n|move|p1a: Bronzong|Trick Room|p1a: Bronzong\n|-fieldstart|move: Trick Room|[of] p1a: Bronzong\n|\n|upkeep\n|turn|8\n|inactive|hysaaron has 30 seconds left.\n|\n|t:|1682669873\n|-end|p2a: Great Tusk|Protosynthesis|[silent]\n|switch|p2a: Ting-Lu|Ting-Lu, L50|100\/100\n|-ability|p2a: Ting-Lu|Vessel of Ruin\n|move|p1a: Bronzong|Gyro Ball|p2a: Ting-Lu\n|-damage|p2a: Ting-Lu|93\/100\n|move|p1b: Great Tusk|Ice Spinner|p2b: Gyarados\n|-damage|p2b: Gyarados|35\/100\n|-enditem|p2b: Gyarados|Sitrus Berry|[eat]\n|-heal|p2b: Gyarados|59\/100|[from] item: Sitrus Berry\n|move|p2b: Gyarados|Waterfall|p1b: Great Tusk\n|-supereffective|p1b: Great Tusk\n|-damage|p1b: Great Tusk|0 fnt\n|faint|p1b: Great Tusk\n|-end|p1b: Great Tusk|Protosynthesis|[silent]\n|\n|-sideend|p1: GiantSoyBean|Safeguard\n|upkeep\n|\n|t:|1682669882\n|switch|p1b: Iron Hands|Iron Hands, L50, tera:Grass|47\/100\n|turn|9\n|inactive|hysaaron has 30 seconds left.\n|inactive|hysaaron has 20 seconds left.\n|inactive|hysaaron has 15 seconds left.\n|inactive|hysaaron has 10 seconds left.\n|\n|t:|1682669929\n|switch|p2b: Great Tusk|Great Tusk, L50, shiny|67\/100\n|move|p1a: Bronzong|Gyro Ball|p2a: Ting-Lu\n|-damage|p2a: Ting-Lu|86\/100\n|move|p1b: Iron Hands|Close Combat|p2a: Ting-Lu\n|-supereffective|p2a: Ting-Lu\n|-damage|p2a: Ting-Lu|0 fnt\n|-unboost|p1b: Iron Hands|def|1\n|-unboost|p1b: Iron Hands|spd|1\n|faint|p2a: Ting-Lu\n|\n|upkeep\n|\n|t:|1682669941\n|switch|p2a: Gyarados|Gyarados, L50, M, shiny|59\/100\n|-ability|p2a: Gyarados|Intimidate|boost\n|-unboost|p1a: Bronzong|atk|1\n|-unboost|p1b: Iron Hands|atk|1\n|turn|10\n|inactive|hysaaron has 30 seconds left.\n|inactive|hysaaron has 20 seconds left.\n|inactive|hysaaron has 15 seconds left.\n|\n|t:|1682669982\n|move|p1a: Bronzong|Gyro Ball|p2b: Great Tusk\n|-damage|p2b: Great Tusk|48\/100\n|move|p1b: Iron Hands|Close Combat|p2b: Great Tusk\n|-damage|p2b: Great Tusk|11\/100\n|-unboost|p1b: Iron Hands|def|1\n|-unboost|p1b: Iron Hands|spd|1\n|move|p2a: Gyarados|Iron Head|p1b: Iron Hands\n|-damage|p1b: Iron Hands|18\/100\n|move|p2b: Great Tusk|Close Combat|p1b: Iron Hands\n|-damage|p1b: Iron Hands|0 fnt\n|-unboost|p2b: Great Tusk|def|1\n|-unboost|p2b: Great Tusk|spd|1\n|faint|p1b: Iron Hands\n|-end|p1b: Iron Hands|Quark Drive|[silent]\n|\n|upkeep\n|turn|11\n|inactive|hysaaron has 30 seconds left this turn.\n|inactive|hysaaron has 20 seconds left.\n|inactive|hysaaron has 15 seconds left.\n|inactive|hysaaron has 10 seconds left.\n|\n|t:|1682670005\n|move|p1a: Bronzong|Gyro Ball|p2b: Great Tusk\n|-damage|p2b: Great Tusk|0 fnt\n|faint|p2b: Great Tusk\n|-end|p2b: Great Tusk|Protosynthesis|[silent]\n|move|p2a: Gyarados|Waterfall|p1a: Bronzong\n|-damage|p1a: Bronzong|74\/100\n|\n|-fieldend|move: Trick Room\n|upkeep\n|turn|12\n|inactive|hysaaron has 10 seconds left this turn.\n|inactive|hysaaron has 5 seconds left.\n|\n|t:|1682670013\n|move|p2a: Gyarados|Iron Head|p1a: Bronzong\n|-resisted|p1a: Bronzong\n|-damage|p1a: Bronzong|65\/100\n|move|p1a: Bronzong|Safeguard|p1a: Bronzong\n|-sidestart|p1: GiantSoyBean|Safeguard\n|\n|upkeep\n|turn|13\n|inactive|hysaaron has 5 seconds left this turn.\n|\n|t:|1682670016\n|move|p2a: Gyarados|Iron Head|p1a: Bronzong\n|-resisted|p1a: Bronzong\n|-damage|p1a: Bronzong|56\/100\n|move|p1a: Bronzong|Gyro Ball|p2a: Gyarados\n|-resisted|p2a: Gyarados\n|-damage|p2a: Gyarados|52\/100\n|\n|upkeep\n|turn|14\n|inactive|hysaaron has 5 seconds left this turn.\n|-message|GiantSoyBean forfeited.\n|\n|win|hysaaron\n|inactive|hysaaron has 5 seconds left this turn.\n|raw|GiantSoyBean's rating: 1144 → 1126<\/strong> (-18 for losing)\n|raw|hysaaron's rating: 1239 → 1257<\/strong> (+18 for winning)\n|l|\u2606GiantSoyBean\n","uploadtime":1682670031,"views":6,"p1id":"giantsoybean","p2id":"hysaaron","formatid":"gen9vgc2023regulationc","rating":1126,"private":0,"password":""}