{"id":"gen9vgc2023regulationc-1859019963","p1":"antolin19","p2":"Arcacagne","format":"[Gen 9] VGC 2023 Regulation C","log":"|j|\u2606antolin19\n|j|\u2606Arcacagne\n|t:|1683395073\n|gametype|doubles\n|player|p1|antolin19|102|1443\n|player|p2|Arcacagne|170|1359\n|teamsize|p1|6\n|teamsize|p2|6\n|gen|9\n|tier|[Gen 9] VGC 2023 Regulation C\n|rated|\n|rule|Species Clause: Limit one of each Pok\u00e9mon\n|rule|Item Clause: Limit one of each item\n|clearpoke\n|poke|p1|Flutter Mane, L50|\n|poke|p1|Iron Bundle, L50|\n|poke|p1|Kingambit, L50, F|\n|poke|p1|Amoonguss, L50, M|\n|poke|p1|Great Tusk, L50|\n|poke|p1|Torkoal, L50, F|\n|poke|p2|Abomasnow, L50, F|\n|poke|p2|Iron Bundle, L50|\n|poke|p2|Chi-Yu, L50|\n|poke|p2|Amoonguss, L50, F|\n|poke|p2|Iron Hands, L50|\n|poke|p2|Flutter Mane, L50|\n|teampreview|4\n|inactive|Battle timer is ON: inactive players will automatically lose when time's up. (requested by antolin19)\n|\n|t:|1683395100\n|start\n|switch|p1a: Kingambit|Kingambit, L50, F|100\/100\n|switch|p1b: Iron Bundle|Iron Bundle, L50|100\/100\n|switch|p2a: Chi-Yu|Chi-Yu, L50|100\/100\n|switch|p2b: Iron Hands|Iron Hands, L50|100\/100\n|-ability|p2a: Chi-Yu|Beads of Ruin\n|-enditem|p1b: Iron Bundle|Booster Energy\n|-activate|p1b: Iron Bundle|ability: Quark Drive|[fromitem]\n|-start|p1b: Iron Bundle|quarkdrivespe\n|turn|1\n|inactive|Arcacagne has 30 seconds left.\n|\n|t:|1683395129\n|-terastallize|p1a: Kingambit|Flying\n|move|p1b: Iron Bundle|Protect|p1b: Iron Bundle\n|-singleturn|p1b: Iron Bundle|Protect\n|move|p2b: Iron Hands|Fake Out|p1b: Iron Bundle\n|-activate|p1b: Iron Bundle|move: Protect\n|move|p2a: Chi-Yu|Heat Wave|p1a: Kingambit|[spread] p1a\n|-activate|p1b: Iron Bundle|move: Protect\n|-damage|p1a: Kingambit|72\/100\n|move|p1a: Kingambit|Brick Break|p2a: Chi-Yu\n|-supereffective|p2a: Chi-Yu\n|-damage|p2a: Chi-Yu|24\/100\n|\n|upkeep\n|turn|2\n|\n|t:|1683395153\n|move|p2a: Chi-Yu|Protect|p2a: Chi-Yu\n|-singleturn|p2a: Chi-Yu|Protect\n|move|p1a: Kingambit|Sucker Punch||[still]\n|-fail|p1a: Kingambit\n|move|p1b: Iron Bundle|Encore|p2b: Iron Hands\n|-start|p2b: Iron Hands|Encore\n|move|p2b: Iron Hands|Fake Out||[still]\n|-hint|Fake Out only works on your first turn out.\n|-fail|p2b: Iron Hands\n|\n|upkeep\n|turn|3\n|\n|t:|1683395171\n|-end|p2b: Iron Hands|Quark Drive|[silent]\n|switch|p2b: Iron Bundle|Iron Bundle, L50|100\/100\n|-enditem|p2b: Iron Bundle|Booster Energy\n|-activate|p2b: Iron Bundle|ability: Quark Drive|[fromitem]\n|-start|p2b: Iron Bundle|quarkdrivespe\n|move|p1b: Iron Bundle|Encore|p2a: Chi-Yu\n|-start|p2a: Chi-Yu|Encore\n|move|p2a: Chi-Yu|Protect|p2a: Chi-Yu\n|-singleturn|p2a: Chi-Yu|Protect\n|move|p1a: Kingambit|Iron Head|p2a: Chi-Yu\n|-activate|p2a: Chi-Yu|move: Protect\n|\n|upkeep\n|turn|4\n|inactive|Arcacagne has 30 seconds left.\n|\n|t:|1683395198\n|switch|p2a: Iron Hands|Iron Hands, L50|100\/100\n|move|p1b: Iron Bundle|Icy Wind|p2a: Iron Hands|[spread] p2a,p2b\n|-resisted|p2b: Iron Bundle\n|-damage|p2a: Iron Hands|86\/100\n|-damage|p2b: Iron Bundle|92\/100\n|-unboost|p2b: Iron Bundle|spe|1\n|move|p2b: Iron Bundle|Blizzard|p1a: Kingambit|[spread] p1a,p1b\n|-supereffective|p1a: Kingambit\n|-resisted|p1b: Iron Bundle\n|-damage|p1a: Kingambit|28\/100\n|-damage|p1b: Iron Bundle|84\/100\n|move|p1a: Kingambit|Brick Break|p2b: Iron Bundle\n|-supereffective|p2b: Iron Bundle\n|-damage|p2b: Iron Bundle|29\/100\n|\n|upkeep\n|turn|5\n|\n|t:|1683395216\n|move|p1b: Iron Bundle|Protect|p1b: Iron Bundle\n|-singleturn|p1b: Iron Bundle|Protect\n|move|p2b: Iron Bundle|Protect|p2b: Iron Bundle\n|-singleturn|p2b: Iron Bundle|Protect\n|move|p1a: Kingambit|Sucker Punch||[still]\n|-fail|p1a: Kingambit\n|move|p2a: Iron Hands|Thunder Punch|p1a: Kingambit\n|-supereffective|p1a: Kingambit\n|-damage|p1a: Kingambit|0 fnt\n|faint|p1a: Kingambit\n|\n|upkeep\n|\n|t:|1683395226\n|switch|p1a: Great Tusk|Great Tusk, L50|100\/100\n|turn|6\n|inactive|Arcacagne has 30 seconds left.\n|\n|t:|1683395254\n|-end|p2b: Iron Bundle|Quark Drive|[silent]\n|switch|p2b: Amoonguss|Amoonguss, L50, F|100\/100\n|-terastallize|p2a: Iron Hands|Grass\n|move|p1b: Iron Bundle|Encore||[still]\n|-fail|p1b: Iron Bundle\n|move|p1a: Great Tusk|Headlong Rush|p2a: Iron Hands\n|-resisted|p2a: Iron Hands\n|-damage|p2a: Iron Hands|65\/100\n|-unboost|p1a: Great Tusk|def|1\n|-unboost|p1a: Great Tusk|spd|1\n|move|p2a: Iron Hands|Thunder Punch|p1b: Iron Bundle\n|-supereffective|p1b: Iron Bundle\n|-damage|p1b: Iron Bundle|0 fnt\n|faint|p1b: Iron Bundle\n|-end|p1b: Iron Bundle|Quark Drive|[silent]\n|\n|upkeep\n|\n|t:|1683395260\n|switch|p1b: Torkoal|Torkoal, L50, F|100\/100\n|-weather|SunnyDay|[from] ability: Drought|[of] p1b: Torkoal\n|-activate|p1a: Great Tusk|ability: Protosynthesis\n|-start|p1a: Great Tusk|protosynthesisatk\n|turn|7\n|\n|t:|1683395281\n|move|p1a: Great Tusk|Headlong Rush|p2b: Amoonguss\n|-damage|p2b: Amoonguss|23\/100\n|-unboost|p1a: Great Tusk|def|1\n|-unboost|p1a: Great Tusk|spd|1\n|-enditem|p2b: Amoonguss|Sitrus Berry|[eat]\n|-heal|p2b: Amoonguss|48\/100|[from] item: Sitrus Berry\n|move|p2a: Iron Hands|Swords Dance|p2a: Iron Hands\n|-boost|p2a: Iron Hands|atk|2\n|move|p2b: Amoonguss|Spore|p1b: Torkoal\n|-activate|p1b: Torkoal|item: Safety Goggles|Spore\n|move|p1b: Torkoal|Heat Wave|p2b: Amoonguss|[spread] p2a\n|-miss|p1b: Torkoal|p2b: Amoonguss\n|-supereffective|p2a: Iron Hands\n|-damage|p2a: Iron Hands|0 fnt\n|faint|p2a: Iron Hands\n|-end|p2a: Iron Hands|Quark Drive|[silent]\n|\n|-weather|SunnyDay|[upkeep]\n|upkeep\n|\n|t:|1683395298\n|switch|p2a: Chi-Yu|Chi-Yu, L50|24\/100\n|-ability|p2a: Chi-Yu|Beads of Ruin\n|turn|8\n|\n|t:|1683395308\n|move|p2b: Amoonguss|Rage Powder|p2b: Amoonguss\n|-singleturn|p2b: Amoonguss|move: Rage Powder\n|move|p1a: Great Tusk|Headlong Rush|p2b: Amoonguss\n|-damage|p2b: Amoonguss|0 fnt\n|-unboost|p1a: Great Tusk|def|1\n|-unboost|p1a: Great Tusk|spd|1\n|faint|p2b: Amoonguss\n|move|p2a: Chi-Yu|Heat Wave|p1b: Torkoal|[spread] p1b\n|-miss|p2a: Chi-Yu|p1a: Great Tusk\n|-resisted|p1b: Torkoal\n|-damage|p1b: Torkoal|57\/100\n|move|p1b: Torkoal|Heat Wave|p2a: Chi-Yu\n|-resisted|p2a: Chi-Yu\n|-damage|p2a: Chi-Yu|0 fnt\n|faint|p2a: Chi-Yu\n|\n|-weather|SunnyDay|[upkeep]\n|upkeep\n|c|\u2606Arcacagne|man\n|\n|t:|1683395326\n|switch|p2b: Iron Bundle|Iron Bundle, L50|29\/100\n|turn|9\n|c|\u2606antolin19|sorry:\/\n|c|\u2606Arcacagne|cristo\n|\n|t:|1683395341\n|move|p1a: Great Tusk|Headlong Rush|p2b: Iron Bundle\n|-damage|p2b: Iron Bundle|0 fnt\n|-unboost|p1a: Great Tusk|def|1\n|-unboost|p1a: Great Tusk|spd|1\n|faint|p2b: Iron Bundle\n|-end|p2b: Iron Bundle|Quark Drive|[silent]\n|\n|win|antolin19\n|raw|antolin19's rating: 1443 → 1458<\/strong> (+15 for winning)\n|raw|Arcacagne's rating: 1359 → 1344<\/strong> (-15 for losing)\n","uploadtime":1683395350,"views":20,"p1id":"antolin19","p2id":"arcacagne","formatid":"gen9vgc2023regulationc","rating":1344,"private":0,"password":""}