{"id":"gen9vgc2023regulationc-1856403552","p1":"Inwaves22","p2":"4gotPw","format":"[Gen 9] VGC 2023 Regulation C","log":"|j|\u2606Inwaves22\n|j|\u26064gotPw\n|t:|1683058111\n|gametype|doubles\n|player|p1|Inwaves22|falkner|1261\n|player|p2|4gotPw|102|1245\n|teamsize|p1|6\n|teamsize|p2|6\n|gen|9\n|tier|[Gen 9] VGC 2023 Regulation C\n|rated|\n|rule|Species Clause: Limit one of each Pok\u00e9mon\n|rule|Item Clause: Limit one of each item\n|clearpoke\n|poke|p1|Glimmora, L50, F|\n|poke|p1|Chi-Yu, L50|\n|poke|p1|Flutter Mane, L50|\n|poke|p1|Dragonite, L50, F|\n|poke|p1|Dondozo, L50, F|\n|poke|p1|Tatsugiri, L50, F|\n|poke|p2|Iron Bundle, L50|\n|poke|p2|Abomasnow, L50, M|\n|poke|p2|Cetitan, L50, M|\n|poke|p2|Scizor, L50, M|\n|poke|p2|Ting-Lu, L50|\n|poke|p2|Gyarados, L50, M|\n|teampreview|4\n4gotPw has agreed to open team sheets.\n|inactive|Battle timer is ON: inactive players will automatically lose when time's up. (requested by Inwaves22)\n|\n|t:|1683058145\n|start\n|switch|p1a: Chi-Yu|Chi-Yu, L50|100\/100\n|switch|p1b: Glimmora|Glimmora, L50, F|100\/100\n|switch|p2a: Iron Bundle|Iron Bundle, L50|100\/100\n|switch|p2b: Abomasnow|Abomasnow, L50, M|100\/100\n|-ability|p1a: Chi-Yu|Beads of Ruin\n|-weather|Snow|[from] ability: Snow Warning|[of] p2b: Abomasnow\n|-enditem|p2a: Iron Bundle|Booster Energy\n|-activate|p2a: Iron Bundle|ability: Quark Drive|[fromitem]\n|-start|p2a: Iron Bundle|quarkdrivespe\n|turn|1\n|inactive|4gotPw has 30 seconds left.\n|\n|t:|1683058177\n|-terastallize|p2b: Abomasnow|Water\n|move|p2b: Abomasnow|Helping Hand|p2a: Iron Bundle\n|-singleturn|p2a: Iron Bundle|Helping Hand|[of] p2b: Abomasnow\n|move|p2a: Iron Bundle|Hydro Pump|p1a: Chi-Yu\n|-supereffective|p1a: Chi-Yu\n|-damage|p1a: Chi-Yu|0 fnt\n|faint|p1a: Chi-Yu\n|move|p1b: Glimmora|Power Gem|p2a: Iron Bundle\n|-supereffective|p2a: Iron Bundle\n|-damage|p2a: Iron Bundle|0 fnt\n|faint|p2a: Iron Bundle\n|-end|p2a: Iron Bundle|Quark Drive|[silent]\n|\n|-weather|Snow|[upkeep]\n|upkeep\n|\n|t:|1683058195\n|switch|p2a: Cetitan|Cetitan, L50, M|100\/100\n|switch|p1a: Flutter Mane|Flutter Mane, L50|100\/100\n|-enditem|p1a: Flutter Mane|Booster Energy\n|-activate|p1a: Flutter Mane|ability: Protosynthesis|[fromitem]\n|-start|p1a: Flutter Mane|protosynthesisspe\n|turn|2\n|\n|t:|1683058218\n|-terastallize|p1a: Flutter Mane|Steel\n|move|p1a: Flutter Mane|Moonblast|p2a: Cetitan\n|-damage|p2a: Cetitan|71\/100\n|move|p2a: Cetitan|Icicle Crash|p1a: Flutter Mane\n|-resisted|p1a: Flutter Mane\n|-damage|p1a: Flutter Mane|54\/100\n|move|p1b: Glimmora|Toxic|p2b: Abomasnow\n|-status|p2b: Abomasnow|tox\n|move|p2b: Abomasnow|Blizzard|p1a: Flutter Mane|[spread] p1a,p1b\n|-resisted|p1a: Flutter Mane\n|-damage|p1a: Flutter Mane|34\/100\n|-damage|p1b: Glimmora|41\/100\n|-damage|p2b: Abomasnow|91\/100 tox|[from] item: Life Orb\n|\n|-weather|Snow|[upkeep]\n|-damage|p2b: Abomasnow|85\/100 tox|[from] psn\n|upkeep\n|turn|3\n|inactive|4gotPw has 30 seconds left.\n|\n|t:|1683058244\n|switch|p2b: Scizor|Scizor, L50, M|100\/100\n|move|p1a: Flutter Mane|Protect|p1a: Flutter Mane\n|-singleturn|p1a: Flutter Mane|Protect\n|move|p2a: Cetitan|Stomping Tantrum|p1a: Flutter Mane\n|-activate|p1a: Flutter Mane|move: Protect\n|move|p1b: Glimmora|Toxic|p2a: Cetitan\n|-status|p2a: Cetitan|tox\n|\n|-weather|Snow|[upkeep]\n|-damage|p2a: Cetitan|65\/100 tox|[from] psn\n|upkeep\n|turn|4\n|\n|t:|1683058260\n|move|p1b: Glimmora|Spiky Shield|p1b: Glimmora\n|-singleturn|p1b: Glimmora|move: Protect\n|move|p2b: Scizor|Bullet Punch|p1b: Glimmora\n|-activate|p1b: Glimmora|move: Protect\n|-damage|p2b: Scizor|88\/100|[from] Spiky Shield|[of] p1b: Glimmora\n|move|p1a: Flutter Mane|Hex|p2a: Cetitan\n|-damage|p2a: Cetitan|25\/100 tox\n|move|p2a: Cetitan|Stomping Tantrum|p1a: Flutter Mane\n|-supereffective|p1a: Flutter Mane\n|-damage|p1a: Flutter Mane|0 fnt\n|faint|p1a: Flutter Mane\n|-end|p1a: Flutter Mane|Protosynthesis|[silent]\n|\n|-weather|Snow|[upkeep]\n|-damage|p2a: Cetitan|12\/100 tox|[from] psn\n|upkeep\n|\n|t:|1683058272\n|switch|p1a: Dragonite|Dragonite, L50, F|100\/100\n|turn|5\n|\n|t:|1683058289\n|move|p1a: Dragonite|Extreme Speed|p2a: Cetitan\n|-crit|p2a: Cetitan\n|-damage|p2a: Cetitan|0 fnt\n|faint|p2a: Cetitan\n|move|p2b: Scizor|Bullet Punch|p1b: Glimmora\n|-supereffective|p1b: Glimmora\n|-damage|p1b: Glimmora|0 fnt\n|-activate|p1b: Glimmora|ability: Toxic Debris\n|-sidestart|p2: 4gotPw|move: Toxic Spikes\n|faint|p1b: Glimmora\n|\n|-weather|none\n|upkeep\n|\n|t:|1683058298\n|switch|p2a: Abomasnow|Abomasnow, L50, M, tera:Water|85\/100 tox\n|-weather|Snow|[from] ability: Snow Warning|[of] p2a: Abomasnow\n|turn|6\n|\n|t:|1683058310\n|move|p1a: Dragonite|Extreme Speed|p2b: Scizor\n|-resisted|p2b: Scizor\n|-damage|p2b: Scizor|65\/100\n|move|p2b: Scizor|Bullet Punch|p1a: Dragonite\n|-damage|p1a: Dragonite|83\/100\n|move|p2a: Abomasnow|Blizzard|p1a: Dragonite\n|-supereffective|p1a: Dragonite\n|-damage|p1a: Dragonite|0 fnt\n|faint|p1a: Dragonite\n|-damage|p2a: Abomasnow|76\/100 tox|[from] item: Life Orb\n|\n|win|4gotPw\n|raw|Inwaves22's rating: 1261 → 1235<\/strong> (-26 for losing)\n|raw|4gotPw's rating: 1245 → 1271<\/strong> (+26 for winning)\n","uploadtime":1683058322,"views":9,"p1id":"inwaves22","p2id":"4gotpw","formatid":"gen9vgc2023regulationc","rating":1235,"private":0,"password":""}