{"id":"gen9vgc2023regulationc-1856443924","p1":"Kirozviz","p2":"Karmmaticjane","format":"[Gen 9] VGC 2023 Regulation C","log":"|j|\u2606Kirozviz\n|j|\u2606Karmmaticjane\n|t:|1683062171\n|gametype|doubles\n|player|p1|Kirozviz|lance|1133\n|player|p2|Karmmaticjane|marley|1145\n|teamsize|p1|6\n|teamsize|p2|6\n|gen|9\n|tier|[Gen 9] VGC 2023 Regulation C\n|rated|\n|rule|Species Clause: Limit one of each Pok\u00e9mon\n|rule|Item Clause: Limit one of each item\n|clearpoke\n|poke|p1|Dondozo, L50, F|\n|poke|p1|Tatsugiri-Stretchy, L50, F|\n|poke|p1|Chi-Yu, L50|\n|poke|p1|Flutter Mane, L50|\n|poke|p1|Dragonite, L50, M|\n|poke|p1|Glimmora, L50, M|\n|poke|p2|Tyranitar, L50, M|\n|poke|p2|Garchomp, L50, M|\n|poke|p2|Murkrow, L50, F|\n|poke|p2|Gholdengo, L50|\n|poke|p2|Flutter Mane, L50|\n|poke|p2|Arcanine, L50, M|\n|teampreview|4\n|\n|t:|1683062189\n|start\n|switch|p1a: Glimmora|Glimmora, L50, M|100\/100\n|switch|p1b: Dondozo|Dondozo, L50, F|100\/100\n|switch|p2a: Garchomp|Garchomp, L50, M|100\/100\n|switch|p2b: Tyranitar|Tyranitar, L50, M|100\/100\n|-weather|Sandstorm|[from] ability: Sand Stream|[of] p2b: Tyranitar\n|turn|1\n|\n|t:|1683062204\n|-terastallize|p2a: Garchomp|Ground\n|move|p2b: Tyranitar|Protect|p2b: Tyranitar\n|-singleturn|p2b: Tyranitar|Protect\n|move|p2a: Garchomp|Earthquake|p1b: Dondozo|[spread] p1a,p1b\n|-activate|p2b: Tyranitar|move: Protect\n|-supereffective|p1a: Glimmora\n|-enditem|p1a: Glimmora|Focus Sash\n|-damage|p1a: Glimmora|1\/100\n|-damage|p1b: Dondozo|51\/100\n|-activate|p1a: Glimmora|ability: Toxic Debris\n|-sidestart|p2: Karmmaticjane|move: Toxic Spikes\n|move|p1a: Glimmora|Toxic|p2b: Tyranitar\n|-activate|p2b: Tyranitar|move: Protect\n|move|p1b: Dondozo|Yawn|p2a: Garchomp\n|-start|p2a: Garchomp|move: Yawn|[of] p1b: Dondozo\n|\n|-weather|Sandstorm|[upkeep]\n|-damage|p1b: Dondozo|45\/100|[from] Sandstorm\n|-enditem|p1b: Dondozo|Sitrus Berry|[eat]\n|-heal|p1b: Dondozo|70\/100|[from] item: Sitrus Berry\n|upkeep\n|turn|2\n|\n|t:|1683062229\n|switch|p2b: Murkrow|Murkrow, L50, F, shiny|100\/100\n|move|p1b: Dondozo|Protect|p1b: Dondozo\n|-singleturn|p1b: Dondozo|Protect\n|move|p2a: Garchomp|Earthquake|p1b: Dondozo|[spread] p1a\n|-activate|p1b: Dondozo|move: Protect\n|-immune|p2b: Murkrow\n|-supereffective|p1a: Glimmora\n|-damage|p1a: Glimmora|0 fnt\n|-activate|p1a: Glimmora|ability: Toxic Debris\n|-sidestart|p2: Karmmaticjane|move: Toxic Spikes\n|faint|p1a: Glimmora\n|\n|-weather|Sandstorm|[upkeep]\n|-damage|p2b: Murkrow|95\/100|[from] Sandstorm\n|-damage|p1b: Dondozo|64\/100|[from] Sandstorm\n|-end|p2a: Garchomp|move: Yawn|[silent]\n|-status|p2a: Garchomp|slp\n|upkeep\n|\n|t:|1683062234\n|switch|p1a: Tatsugiri|Tatsugiri-Stretchy, L50, F|100\/100\n|turn|3\n|\n|t:|1683062256\n|switch|p2a: Flutter Mane|Flutter Mane, L50|100\/100\n|-enditem|p2a: Flutter Mane|Booster Energy\n|-activate|p2a: Flutter Mane|ability: Protosynthesis|[fromitem]\n|-start|p2a: Flutter Mane|protosynthesisspe\n|-status|p2a: Flutter Mane|tox\n|move|p2b: Murkrow|Haze|p2b: Murkrow\n|-clearallboost\n|move|p1a: Tatsugiri|Muddy Water|p2b: Murkrow|[spread] p2a,p2b\n|-damage|p2a: Flutter Mane|40\/100 tox\n|-damage|p2b: Murkrow|19\/100\n|move|p1b: Dondozo|Wave Crash|p1a: Tatsugiri\n|-activate|p1a: Tatsugiri|ability: Storm Drain\n|-ability|p1a: Tatsugiri|Storm Drain|boost\n|-boost|p1a: Tatsugiri|spa|1\n|\n|-weather|Sandstorm|[upkeep]\n|-damage|p2a: Flutter Mane|34\/100 tox|[from] Sandstorm\n|-damage|p2b: Murkrow|14\/100|[from] Sandstorm\n|-damage|p1a: Tatsugiri|95\/100|[from] Sandstorm\n|-damage|p1b: Dondozo|58\/100|[from] Sandstorm\n|-damage|p2a: Flutter Mane|27\/100 tox|[from] psn\n|upkeep\n|turn|4\n|\n|t:|1683062270\n|-terastallize|p1a: Tatsugiri|Ghost\n|move|p1b: Dondozo|Protect|p1b: Dondozo\n|-singleturn|p1b: Dondozo|Protect\n|move|p2b: Murkrow|Tailwind|p2b: Murkrow\n|-sidestart|p2: Karmmaticjane|move: Tailwind\n|move|p2a: Flutter Mane|Moonblast|p1b: Dondozo\n|-activate|p1b: Dondozo|move: Protect\n|move|p1a: Tatsugiri|Muddy Water|p2a: Flutter Mane|[spread] p2a,p2b\n|-damage|p2a: Flutter Mane|0 fnt\n|-damage|p2b: Murkrow|0 fnt\n|faint|p2a: Flutter Mane\n|-end|p2a: Flutter Mane|Protosynthesis|[silent]\n|faint|p2b: Murkrow\n|\n|-weather|Sandstorm|[upkeep]\n|-damage|p1a: Tatsugiri|89\/100|[from] Sandstorm\n|-damage|p1b: Dondozo|51\/100|[from] Sandstorm\n|upkeep\n|\n|t:|1683062275\n|switch|p2a: Tyranitar|Tyranitar, L50, M|100\/100\n|switch|p2b: Garchomp|Garchomp, L50, M, tera:Ground|100\/100 slp\n|-status|p2a: Tyranitar|tox\n|turn|5\n|\n|t:|1683062291\n|cant|p2b: Garchomp|slp\n|move|p2a: Tyranitar|Earthquake|p1a: Tatsugiri|[spread] p1a,p1b\n|-miss|p2a: Tyranitar|p2b: Garchomp\n|-damage|p1a: Tatsugiri|35\/100\n|-damage|p1b: Dondozo|27\/100\n|-damage|p2a: Tyranitar|91\/100 tox|[from] item: Life Orb\n|move|p1a: Tatsugiri|Muddy Water|p2b: Garchomp|[spread] p2a\n|-miss|p1a: Tatsugiri|p2b: Garchomp\n|-supereffective|p2a: Tyranitar\n|-damage|p2a: Tyranitar|0 fnt\n|faint|p2a: Tyranitar\n|move|p1b: Dondozo|Wave Crash|p1a: Tatsugiri\n|-activate|p1a: Tatsugiri|ability: Storm Drain\n|-ability|p1a: Tatsugiri|Storm Drain|boost\n|-boost|p1a: Tatsugiri|spa|1\n|\n|-weather|none\n|upkeep\n|turn|6\n|\n|t:|1683062305\n|cant|p2b: Garchomp|slp\n|move|p1a: Tatsugiri|Muddy Water|p2b: Garchomp\n|-supereffective|p2b: Garchomp\n|-damage|p2b: Garchomp|0 fnt\n|faint|p2b: Garchomp\n|\n|win|Kirozviz\n|raw|Kirozviz's rating: 1114 → 1141<\/strong> (+27 for winning)\n|raw|Karmmaticjane's rating: 1145 → 1118<\/strong> (-27 for losing)\n|l|\u2606Karmmaticjane\n","uploadtime":1683062310,"views":5,"p1id":"kirozviz","p2id":"karmmaticjane","formatid":"gen9vgc2023regulationc","rating":1118,"private":0,"password":""}