{"id":"gen9vgc2023regulationc-1851537955","p1":"SteXe36","p2":"amoave","format":"[Gen 9] VGC 2023 Regulation C","log":"|j|\u2606SteXe36\n|j|\u2606amoave\n|t:|1682453683\n|gametype|doubles\n|player|p1|SteXe36|pokemonbreederf-gen4|1227\n|player|p2|amoave|1|1211\n|teamsize|p1|6\n|teamsize|p2|6\n|gen|9\n|tier|[Gen 9] VGC 2023 Regulation C\n|rated|\n|rule|Species Clause: Limit one of each Pok\u00e9mon\n|rule|Item Clause: Limit one of each item\n|clearpoke\n|poke|p1|Stonjourner, L50, F|\n|poke|p1|Flutter Mane, L50|\n|poke|p1|Corviknight, L50, M|\n|poke|p1|Grimmsnarl, L50, M|\n|poke|p1|Ceruledge, L50, M|\n|poke|p1|Baxcalibur, L50, M|\n|poke|p2|Volcarona, L50, M|\n|poke|p2|Wo-Chien, L50|\n|poke|p2|Chi-Yu, L50|\n|poke|p2|Flutter Mane, L50|\n|poke|p2|Azumarill, L50, M|\n|poke|p2|Sandy Shocks, L50|\n|teampreview|4\n|inactive|Battle timer is ON: inactive players will automatically lose when time's up. (requested by amoave)\n|inactive|SteXe36 also wants the timer to be on.\namoave has agreed to open team sheets.\n|inactive|SteXe36 has 60 seconds left.\n|inactive|amoave has 60 seconds left.\nSteXe36 rejected open team sheets.\n|inactive|amoave has 30 seconds left.\n|\n|t:|1682453745\n|start\n|switch|p1a: Princess|Flutter Mane, L50|100\/100\n|switch|p1b: Castle|Stonjourner, L50, F|100\/100\n|switch|p2a: Sandy Shocks|Sandy Shocks, L50|100\/100\n|switch|p2b: Chi-Yu|Chi-Yu, L50|100\/100\n|-ability|p2b: Chi-Yu|Beads of Ruin\n|turn|1\n|\n|t:|1682453767\n|move|p1b: Castle|Wide Guard|p1b: Castle\n|-singleturn|p1b: Castle|Wide Guard\n|move|p2b: Chi-Yu|Dark Pulse|p1a: Princess\n|-damage|p1a: Princess|36\/100\n|move|p1a: Princess|Dazzling Gleam|p2a: Sandy Shocks|[spread] p2a,p2b\n|-enditem|p2a: Sandy Shocks|Focus Sash\n|-damage|p2a: Sandy Shocks|1\/100\n|-damage|p2b: Chi-Yu|36\/100\n|move|p2a: Sandy Shocks|Earth Power|p1a: Princess\n|-damage|p1a: Princess|0 fnt\n|faint|p1a: Princess\n|-end|p1a: Princess|Protosynthesis|[silent]\n|\n|upkeep\n|\n|t:|1682453780\n|switch|p1a: King|Baxcalibur, L50, M|100\/100\n|turn|2\n|inactive|SteXe36 has 30 seconds left.\n|\n|t:|1682453807\n|move|p2a: Sandy Shocks|Protect|p2a: Sandy Shocks\n|-singleturn|p2a: Sandy Shocks|Protect\n|move|p2b: Chi-Yu|Dark Pulse|p1a: King\n|-damage|p1a: King|47\/100\n|move|p1a: King|Dragon Dance|p1a: King\n|-boost|p1a: King|atk|1\n|-boost|p1a: King|spe|1\n|move|p1b: Castle|Rock Slide|p2b: Chi-Yu|[spread] p2b\n|-activate|p2a: Sandy Shocks|move: Protect\n|-supereffective|p2b: Chi-Yu\n|-damage|p2b: Chi-Yu|0 fnt\n|faint|p2b: Chi-Yu\n|\n|upkeep\n|\n|t:|1682453820\n|switch|p2b: Flutter Mane|Flutter Mane, L50|100\/100\n|-enditem|p2b: Flutter Mane|Booster Energy\n|-activate|p2b: Flutter Mane|ability: Protosynthesis|[fromitem]\n|-start|p2b: Flutter Mane|protosynthesisspe\n|turn|3\n|\n|t:|1682453842\n|-end|p2a: Sandy Shocks|Protosynthesis|[silent]\n|switch|p2a: Azumarill|Azumarill, L50, M, shiny|100\/100\n|-terastallize|p1a: King|Poison\n|move|p1b: Castle|Wide Guard|p1b: Castle\n|-singleturn|p1b: Castle|Wide Guard\n|move|p2b: Flutter Mane|Moonblast|p1a: King\n|-resisted|p1a: King\n|-damage|p1a: King|20\/100\n|move|p1a: King|Icicle Spear|p2b: Flutter Mane\n|-damage|p2b: Flutter Mane|50\/100\n|-damage|p2b: Flutter Mane|0 fnt\n|faint|p2b: Flutter Mane\n|-end|p2b: Flutter Mane|Protosynthesis|[silent]\n|-hitcount|p2: Flutter Mane|2\n|\n|upkeep\n|\n|t:|1682453855\n|switch|p2b: Sandy Shocks|Sandy Shocks, L50|1\/100\n|turn|4\n|\n|t:|1682453864\n|move|p1a: King|Protect|p1a: King\n|-singleturn|p1a: King|Protect\n|move|p2b: Sandy Shocks|Protect|p2b: Sandy Shocks\n|-singleturn|p2b: Sandy Shocks|Protect\n|move|p2a: Azumarill|Aqua Jet|p1a: King\n|-activate|p1a: King|move: Protect\n|move|p1b: Castle|Rock Slide|p2b: Sandy Shocks|[spread] p2a\n|-activate|p2b: Sandy Shocks|move: Protect\n|-damage|p2a: Azumarill|74\/100\n|\n|upkeep\n|turn|5\n|\n|t:|1682453887\n|move|p2a: Azumarill|Aqua Jet|p1a: King\n|-damage|p1a: King|0 fnt\n|faint|p1a: King\n|move|p2b: Sandy Shocks|Earth Power|p1b: Castle\n|-supereffective|p1b: Castle\n|-damage|p1b: Castle|0 fnt\n|faint|p1b: Castle\n|\n|upkeep\n|\n|t:|1682453893\n|switch|p1b: Dark Knigth|Ceruledge, L50, M|100\/100\n|turn|6\n|\n|t:|1682453899\n|move|p2b: Sandy Shocks|Protect|p2b: Sandy Shocks\n|-singleturn|p2b: Sandy Shocks|Protect\n|move|p2a: Azumarill|Aqua Jet|p1b: Dark Knigth\n|-supereffective|p1b: Dark Knigth\n|-damage|p1b: Dark Knigth|2\/100\n|move|p1b: Dark Knigth|Bitter Blade|p2a: Azumarill\n|-resisted|p2a: Azumarill\n|-damage|p2a: Azumarill|46\/100\n|-heal|p1b: Dark Knigth|20\/100|[from] drain|[of] p2a: Azumarill\n|\n|upkeep\n|turn|7\n|-message|SteXe36 forfeited.\n|\n|win|amoave\n|raw|SteXe36's rating: 1227 → 1201<\/strong> (-26 for losing)\n|raw|amoave's rating: 1211 → 1237<\/strong> (+26 for winning)\n|l|\u2606SteXe36\n","uploadtime":1682453917,"views":18,"p1id":"stexe36","p2id":"amoave","formatid":"gen9vgc2023regulationc","rating":1201,"private":0,"password":""}