{"id":"gen9vgc2023regulationc-1861436686","p1":"wennoboi","p2":"GoEZsenpai","format":"[Gen 9] VGC 2023 Regulation C","log":"|j|\u2606wennoboi\n|j|\u2606GoEZsenpai\n|t:|1683757718\n|gametype|doubles\n|player|p1|wennoboi|backpacker|1232\n|player|p2|GoEZsenpai|169|1289\n|teamsize|p1|6\n|teamsize|p2|6\n|gen|9\n|tier|[Gen 9] VGC 2023 Regulation C\n|rated|\n|rule|Species Clause: Limit one of each Pok\u00e9mon\n|rule|Item Clause: Limit one of each item\n|clearpoke\n|poke|p1|Orthworm, L50, F|\n|poke|p1|Great Tusk, L50|\n|poke|p1|Gyarados, L50, M|\n|poke|p1|Dragonite, L50, M|\n|poke|p1|Iron Bundle, L50|\n|poke|p1|Talonflame, L50, M|\n|poke|p2|Ceruledge, L50, M|\n|poke|p2|Chien-Pao, L50|\n|poke|p2|Gyarados, L50, M|\n|poke|p2|Ting-Lu, L50|\n|poke|p2|Flutter Mane, L50|\n|poke|p2|Iron Bundle, L50|\n|teampreview|4\n|\n|t:|1683757738\n|start\n|switch|p1a: Talonflame|Talonflame, L50, M|100\/100\n|switch|p1b: Gyarados|Gyarados, L50, M|100\/100\n|switch|p2a: Ting-Lu|Ting-Lu, L50|100\/100\n|switch|p2b: Gyarados|Gyarados, L50, M|100\/100\n|-ability|p2b: Gyarados|Intimidate|boost\n|-unboost|p1a: Talonflame|atk|1\n|-unboost|p1b: Gyarados|atk|1\n|-ability|p1b: Gyarados|Intimidate|boost\n|-unboost|p2a: Ting-Lu|atk|1\n|-unboost|p2b: Gyarados|atk|1\n|-ability|p2a: Ting-Lu|Vessel of Ruin\n|turn|1\n|inactive|Battle timer is ON: inactive players will automatically lose when time's up. (requested by GoEZsenpai)\n|\n|t:|1683757760\n|move|p1a: Talonflame|Tailwind|p1a: Talonflame\n|-sidestart|p1: wennoboi|move: Tailwind\n|move|p1b: Gyarados|Thunder Wave|p2b: Gyarados\n|-status|p2b: Gyarados|par\n|move|p2a: Ting-Lu|Payback|p1a: Talonflame\n|-damage|p1a: Talonflame|56\/100\n|move|p2b: Gyarados|Taunt|p1b: Gyarados\n|-start|p1b: Gyarados|move: Taunt\n|\n|upkeep\n|turn|2\n|inactive|wennoboi has 30 seconds left.\n|inactive|wennoboi has 20 seconds left.\n|\n|t:|1683757800\n|switch|p1a: Orthworm|Orthworm, L50, F|100\/100\n|move|p1b: Gyarados|Waterfall|p2a: Ting-Lu\n|-supereffective|p2a: Ting-Lu\n|-damage|p2a: Ting-Lu|73\/100\n|cant|p2a: Ting-Lu|flinch\n|move|p2b: Gyarados|Thunder Wave|p1b: Gyarados\n|-status|p1b: Gyarados|par\n|\n|upkeep\n|turn|3\n|inactive|GoEZsenpai has 30 seconds left.\n|\n|t:|1683757826\n|switch|p2a: Flutter Mane|Flutter Mane, L50|100\/100\n|move|p1a: Orthworm|Shed Tail|p1a: Orthworm\n|-start|p1a: Orthworm|Substitute|[from] move: Shed Tail\n|-damage|p1a: Orthworm|50\/100\n|-enditem|p1a: Orthworm|Sitrus Berry|[eat]\n|-heal|p1a: Orthworm|75\/100|[from] item: Sitrus Berry\n|c|\u2606wennoboi|uh oh\n|\n|t:|1683757845\n|switch|p1a: Talonflame|Talonflame, L50, M|56\/100|[from] Shed Tail\n|move|p1b: Gyarados|Earthquake|p2b: Gyarados|[spread] p2a\n|-immune|p1a: Talonflame\n|-immune|p2b: Gyarados\n|-damage|p2a: Flutter Mane|78\/100\n|move|p2b: Gyarados|Thunder Wave||[still]\n|-fail|p2b: Gyarados\n|\n|upkeep\n|turn|4\n|\n|t:|1683757863\n|switch|p1b: Orthworm|Orthworm, L50, F|75\/100\n|switch|p2b: Ting-Lu|Ting-Lu, L50|73\/100\n|-ability|p2b: Ting-Lu|Vessel of Ruin\n|move|p1a: Talonflame|Brave Bird|p2a: Flutter Mane\n|-damage|p2a: Flutter Mane|0 fnt\n|faint|p2a: Flutter Mane\n|-end|p2a: Flutter Mane|Protosynthesis|[silent]\n|-damage|p1a: Talonflame|35\/100|[from] Recoil\n|\n|-sideend|p1: wennoboi|move: Tailwind\n|upkeep\n|\n|t:|1683757876\n|switch|p2a: Iron Bundle|Iron Bundle, L50|100\/100\n|-enditem|p2a: Iron Bundle|Booster Energy\n|-activate|p2a: Iron Bundle|ability: Quark Drive|[fromitem]\n|-start|p2a: Iron Bundle|quarkdrivespe\n|turn|5\n|\n|t:|1683757893\n|move|p2a: Iron Bundle|Icy Wind|p1a: Talonflame|[spread] p1a,p1b\n|-activate|p1a: Talonflame|move: Substitute|[damage]\n|-resisted|p1b: Orthworm\n|-damage|p1b: Orthworm|65\/100\n|-unboost|p1b: Orthworm|spe|1\n|move|p1a: Talonflame|Tailwind|p1a: Talonflame\n|-sidestart|p1: wennoboi|move: Tailwind\n|move|p1b: Orthworm|Shed Tail|p1b: Orthworm\n|-start|p1b: Orthworm|Substitute|[from] move: Shed Tail\n|-damage|p1b: Orthworm|15\/100\n|\n|t:|1683757910\n|switch|p1b: Gyarados|Gyarados, L50, M|100\/100 par|[from] Shed Tail\n|-ability|p1b: Gyarados|Intimidate|boost\n|-unboost|p2a: Iron Bundle|atk|1\n|-unboost|p2b: Ting-Lu|atk|1\n|move|p2b: Ting-Lu|Payback|p1a: Talonflame\n|-end|p1a: Talonflame|Substitute\n|\n|upkeep\n|turn|6\n|inactive|wennoboi has 30 seconds left.\n|\n|t:|1683757937\n|switch|p2b: Gyarados|Gyarados, L50, M|100\/100 par\n|-ability|p2b: Gyarados|Intimidate|boost\n|-unboost|p1a: Talonflame|atk|1\n|-immune|p1b: Gyarados\n|-terastallize|p1a: Talonflame|Fire\n|move|p2a: Iron Bundle|Protect|p2a: Iron Bundle\n|-singleturn|p2a: Iron Bundle|Protect\n|move|p1a: Talonflame|Flare Blitz|p2a: Iron Bundle\n|-activate|p2a: Iron Bundle|move: Protect\n|move|p1b: Gyarados|Waterfall|p2b: Gyarados\n|-resisted|p2b: Gyarados\n|-damage|p2b: Gyarados|87\/100 par\n|\n|upkeep\n|turn|7\n|inactive|wennoboi has 30 seconds left.\n|inactive|GoEZsenpai has 30 seconds left.\n|inactive|wennoboi has 20 seconds left.\n|\n|t:|1683757974\n|move|p1a: Talonflame|Flare Blitz|p2a: Iron Bundle\n|-damage|p2a: Iron Bundle|49\/100\n|-damage|p1a: Talonflame|23\/100|[from] Recoil\n|move|p2a: Iron Bundle|Freeze-Dry|p1b: Gyarados\n|-supereffective|p1b: Gyarados\n|-end|p1b: Gyarados|Substitute\n|cant|p1b: Gyarados|par\n|cant|p2b: Gyarados|par\n|\n|upkeep\n|turn|8\n|\n|t:|1683757995\n|move|p2a: Iron Bundle|Protect|p2a: Iron Bundle\n|-singleturn|p2a: Iron Bundle|Protect\n|move|p1a: Talonflame|Brave Bird|p2b: Gyarados\n|-damage|p2b: Gyarados|55\/100 par\n|-damage|p1a: Talonflame|11\/100|[from] Recoil\n|move|p1b: Gyarados|Waterfall|p2b: Gyarados\n|-resisted|p2b: Gyarados\n|-damage|p2b: Gyarados|42\/100 par\n|cant|p2b: Gyarados|flinch\n|\n|-sideend|p1: wennoboi|move: Tailwind\n|upkeep\n|turn|9\n|\n|t:|1683758015\n|move|p1a: Talonflame|Protect|p1a: Talonflame\n|-singleturn|p1a: Talonflame|Protect\n|move|p2a: Iron Bundle|Freeze-Dry|p1b: Gyarados\n|-supereffective|p1b: Gyarados\n|-damage|p1b: Gyarados|11\/100 par\n|move|p2b: Gyarados|Waterfall|p1a: Talonflame\n|-activate|p1a: Talonflame|move: Protect\n|move|p1b: Gyarados|Earthquake|p2b: Gyarados|[spread] p2a\n|-activate|p1a: Talonflame|move: Protect\n|-immune|p2b: Gyarados\n|-damage|p2a: Iron Bundle|22\/100\n|\n|upkeep\n|turn|10\n|inactive|wennoboi has 30 seconds left.\n|\n|t:|1683758047\n|switch|p1b: Orthworm|Orthworm, L50, F|15\/100\n|cant|p2b: Gyarados|par\n|move|p2a: Iron Bundle|Icy Wind|p1b: Orthworm|[spread] p1a,p1b\n|-resisted|p1a: Talonflame\n|-resisted|p1b: Orthworm\n|-damage|p1a: Talonflame|0 fnt\n|-damage|p1b: Orthworm|0 fnt\n|faint|p1a: Talonflame\n|faint|p1b: Orthworm\n|\n|upkeep\n|\n|t:|1683758063\n|switch|p1a: Gyarados|Gyarados, L50, M|11\/100 par\n|switch|p1b: Great Tusk|Great Tusk, L50|100\/100\n|-ability|p1a: Gyarados|Intimidate|boost\n|-unboost|p2a: Iron Bundle|atk|1\n|-unboost|p2b: Gyarados|atk|1\n|turn|11\n|inactive|wennoboi has 30 seconds left.\n|\n|t:|1683758088\n|move|p2b: Gyarados|Helping Hand|p2a: Iron Bundle\n|-singleturn|p2a: Iron Bundle|Helping Hand|[of] p2b: Gyarados\n|move|p2a: Iron Bundle|Icy Wind|p1a: Gyarados|[spread] p1a,p1b\n|-supereffective|p1b: Great Tusk\n|-damage|p1a: Gyarados|0 fnt\n|-damage|p1b: Great Tusk|6\/100\n|-unboost|p1b: Great Tusk|spe|1\n|faint|p1a: Gyarados\n|move|p1b: Great Tusk|Rock Slide|p2a: Iron Bundle|[spread] p2b\n|-miss|p1b: Great Tusk|p2a: Iron Bundle\n|-supereffective|p2b: Gyarados\n|-damage|p2b: Gyarados|1\/100 par\n|-enditem|p2b: Gyarados|Aguav Berry|[eat]\n|-heal|p2b: Gyarados|35\/100 par|[from] item: Aguav Berry\n|\n|upkeep\n|turn|12\n|-message|wennoboi forfeited.\n|\n|win|GoEZsenpai\n|raw|wennoboi's rating: 1232 → 1211<\/strong> (-21 for losing)\n|raw|GoEZsenpai's rating: 1289 → 1310<\/strong> (+21 for winning)\n|l|\u2606wennoboi\n","uploadtime":1683758111,"views":11,"p1id":"wennoboi","p2id":"goezsenpai","formatid":"gen9vgc2023regulationc","rating":1211,"private":0,"password":""}