{"id":"gen9vgc2023regulationc-1855063835","p1":"ClockworkToad","p2":"TuP1cha","format":"[Gen 9] VGC 2023 Regulation C","log":"|j|\u2606ClockworkToad\n|j|\u2606TuP1cha\n|t:|1682896889\n|gametype|doubles\n|player|p1|ClockworkToad|janine|1216\n|player|p2|TuP1cha|silver|1173\n|teamsize|p1|6\n|teamsize|p2|6\n|gen|9\n|tier|[Gen 9] VGC 2023 Regulation C\n|rated|\n|rule|Species Clause: Limit one of each Pok\u00e9mon\n|rule|Item Clause: Limit one of each item\n|clearpoke\n|poke|p1|Sunflora, L50, M|\n|poke|p1|Torkoal, L50, M|\n|poke|p1|Hatterene, L50, F|\n|poke|p1|Hariyama, L50, M|\n|poke|p1|Flamigo, L50, M|\n|poke|p1|Luxray, L50, M|\n|poke|p2|Volcarona, L50, M|\n|poke|p2|Gyarados, L50, M|\n|poke|p2|Iron Hands, L50|\n|poke|p2|Flutter Mane, L50|\n|poke|p2|Kingambit, L50, F|\n|poke|p2|Amoonguss, L50, M|\n|teampreview|4\n|\n|t:|1682896926\n|start\n|switch|p1a: Nat King TorKoal|Torkoal, L50, M|100\/100\n|switch|p1b: HattIrene Cara|Hatterene, L50, F|100\/100\n|switch|p2a: Flutter Mane|Flutter Mane, L50|100\/100\n|switch|p2b: Gyarados|Gyarados, L50, M, shiny|100\/100\n|-ability|p2b: Gyarados|Intimidate|boost\n|-unboost|p1a: Nat King TorKoal|atk|1\n|-enditem|p1a: Nat King TorKoal|Eject Pack\n|-unboost|p1b: HattIrene Cara|atk|1\n|\n|t:|1682896942\n|switch|p1a: Hari Yo-Ya Ma|Hariyama, L50, M|100\/100\n|-enditem|p2a: Flutter Mane|Booster Energy\n|-activate|p2a: Flutter Mane|ability: Protosynthesis|[fromitem]\n|-start|p2a: Flutter Mane|protosynthesisspa\n|turn|1\n|inactive|Battle timer is ON: inactive players will automatically lose when time's up. (requested by TuP1cha)\n|inactive|ClockworkToad has 60 seconds left.\n|inactive|TuP1cha has 60 seconds left.\n|inactive|ClockworkToad has 30 seconds left.\n|\n|t:|1682897013\n|switch|p1a: Nat King TorKoal|Torkoal, L50, M|100\/100\n|-weather|SunnyDay|[from] ability: Drought|[of] p1a: Nat King TorKoal\n|move|p2a: Flutter Mane|Shadow Ball|p1b: HattIrene Cara\n|-supereffective|p1b: HattIrene Cara\n|-enditem|p1b: HattIrene Cara|Focus Sash\n|-damage|p1b: HattIrene Cara|1\/100\n|move|p2b: Gyarados|Thunder Wave|p1a: Nat King TorKoal|[miss]\n|-miss|p2b: Gyarados|p1a: Nat King TorKoal\n|move|p1b: HattIrene Cara|Trick Room|p1b: HattIrene Cara\n|-fieldstart|move: Trick Room|[of] p1b: HattIrene Cara\n|\n|-weather|SunnyDay|[upkeep]\n|upkeep\n|turn|2\n|inactive|ClockworkToad has 30 seconds left.\n|inactive|TuP1cha has 30 seconds left.\n|\n|t:|1682897044\n|move|p2a: Flutter Mane|Protect|p2a: Flutter Mane\n|-singleturn|p2a: Flutter Mane|Protect\n|move|p1a: Nat King TorKoal|Eruption|p2a: Flutter Mane|[spread] p2b\n|-activate|p2a: Flutter Mane|move: Protect\n|-resisted|p2b: Gyarados\n|-damage|p2b: Gyarados|73\/100\n|move|p1b: HattIrene Cara|Psychic|p2b: Gyarados\n|-damage|p2b: Gyarados|35\/100\n|-enditem|p2b: Gyarados|Sitrus Berry|[eat]\n|-heal|p2b: Gyarados|60\/100|[from] item: Sitrus Berry\n|move|p2b: Gyarados|Thunder Wave|p1a: Nat King TorKoal\n|-status|p1a: Nat King TorKoal|par\n|\n|-weather|SunnyDay|[upkeep]\n|upkeep\n|turn|3\n|\n|t:|1682897064\n|-end|p2a: Flutter Mane|Protosynthesis|[silent]\n|switch|p2a: Volcarona|Volcarona, L50, M, shiny|100\/100\n|move|p1a: Nat King TorKoal|Eruption|p2b: Gyarados|[spread] p2a,p2b\n|-resisted|p2b: Gyarados\n|-damage|p2a: Volcarona|42\/100\n|-damage|p2b: Gyarados|32\/100\n|move|p1b: HattIrene Cara|Psychic|p2a: Volcarona\n|-damage|p2a: Volcarona|2\/100\n|move|p2b: Gyarados|Icy Wind|p1b: HattIrene Cara|[spread] p1a,p1b\n|-resisted|p1a: Nat King TorKoal\n|-crit|p1a: Nat King TorKoal\n|-damage|p1a: Nat King TorKoal|94\/100 par\n|-damage|p1b: HattIrene Cara|0 fnt\n|-unboost|p1a: Nat King TorKoal|spe|1\n|faint|p1b: HattIrene Cara\n|\n|-weather|SunnyDay|[upkeep]\n|upkeep\n|\n|t:|1682897077\n|switch|p1b: Sunnyflora Bono|Sunflora, L50, M|100\/100\n|turn|4\n|\n|t:|1682897096\n|switch|p2b: Iron Hands|Iron Hands, L50|100\/100\n|-terastallize|p1b: Sunnyflora Bono|Fairy\n|move|p2a: Volcarona|Protect|p2a: Volcarona\n|-singleturn|p2a: Volcarona|Protect\n|move|p1a: Nat King TorKoal|Eruption|p2a: Volcarona|[spread] p2b\n|-activate|p2a: Volcarona|move: Protect\n|-damage|p2b: Iron Hands|45\/100\n|move|p1b: Sunnyflora Bono|Dazzling Gleam|p2b: Iron Hands|[spread] p2b\n|-activate|p2a: Volcarona|move: Protect\n|-supereffective|p2b: Iron Hands\n|-damage|p2b: Iron Hands|0 fnt\n|faint|p2b: Iron Hands\n|-end|p2b: Iron Hands|Quark Drive|[silent]\n|-damage|p1b: Sunnyflora Bono|91\/100|[from] item: Life Orb\n|\n|-weather|SunnyDay|[upkeep]\n|-damage|p1b: Sunnyflora Bono|79\/100|[from] ability: Solar Power|[of] p1b: Sunnyflora Bono\n|upkeep\n|\n|t:|1682897118\n|switch|p2b: Flutter Mane|Flutter Mane, L50|100\/100\n|-activate|p2b: Flutter Mane|ability: Protosynthesis\n|-start|p2b: Flutter Mane|protosynthesisspa\n|turn|5\n|\n|t:|1682897137\n|switch|p1a: Hari Yo-Ya Ma|Hariyama, L50, M|100\/100\n|move|p2a: Volcarona|Protect||[still]\n|-fail|p2a: Volcarona\n|move|p2b: Flutter Mane|Protect|p2b: Flutter Mane\n|-singleturn|p2b: Flutter Mane|Protect\n|move|p1b: Sunnyflora Bono|Dazzling Gleam|p2b: Flutter Mane|[spread] p2a\n|-activate|p2b: Flutter Mane|move: Protect\n|-resisted|p2a: Volcarona\n|-damage|p2a: Volcarona|0 fnt\n|faint|p2a: Volcarona\n|-damage|p1b: Sunnyflora Bono|69\/100|[from] item: Life Orb\n|\n|-weather|none\n|-end|p2b: Flutter Mane|Protosynthesis\n|-fieldend|move: Trick Room\n|-status|p1a: Hari Yo-Ya Ma|brn|[from] item: Flame Orb\n|upkeep\n|\n|t:|1682897151\n|switch|p2a: Gyarados|Gyarados, L50, M, shiny|32\/100\n|-ability|p2a: Gyarados|Intimidate|boost\n|-unboost|p1a: Hari Yo-Ya Ma|atk|1\n|-unboost|p1b: Sunnyflora Bono|atk|1\n|turn|6\n|\n|t:|1682897173\n|-terastallize|p2b: Flutter Mane|Fairy\n|move|p1a: Hari Yo-Ya Ma|Fake Out|p2a: Gyarados\n|-damage|p2a: Gyarados|18\/100\n|move|p2b: Flutter Mane|Moonblast|p1a: Hari Yo-Ya Ma\n|-supereffective|p1a: Hari Yo-Ya Ma\n|-damage|p1a: Hari Yo-Ya Ma|0 fnt\n|faint|p1a: Hari Yo-Ya Ma\n|cant|p2a: Gyarados|flinch\n|move|p1b: Sunnyflora Bono|Dazzling Gleam|p2a: Gyarados|[spread] p2a,p2b\n|-damage|p2a: Gyarados|0 fnt\n|-damage|p2b: Flutter Mane|63\/100\n|faint|p2a: Gyarados\n|-damage|p1b: Sunnyflora Bono|59\/100|[from] item: Life Orb\n|\n|upkeep\n|\n|t:|1682897186\n|switch|p1a: Nat King TorKoal|Torkoal, L50, M|94\/100 par\n|-weather|SunnyDay|[from] ability: Drought|[of] p1a: Nat King TorKoal\n|-activate|p2b: Flutter Mane|ability: Protosynthesis\n|-start|p2b: Flutter Mane|protosynthesisspa\n|turn|7\n|\n|t:|1682897197\n|move|p2b: Flutter Mane|Shadow Ball|p1a: Nat King TorKoal\n|-damage|p1a: Nat King TorKoal|24\/100 par\n|move|p1b: Sunnyflora Bono|Solar Beam||[still]\n|-prepare|p1b: Sunnyflora Bono|Solar Beam\n|-anim|p1b: Sunnyflora Bono|Solar Beam|p2b: Flutter Mane\n|-damage|p2b: Flutter Mane|0 fnt\n|faint|p2b: Flutter Mane\n|-end|p2b: Flutter Mane|Protosynthesis|[silent]\n|-damage|p1b: Sunnyflora Bono|49\/100|[from] item: Life Orb\n|\n|win|ClockworkToad\n|raw|ClockworkToad's rating: 1216 → 1238<\/strong> (+22 for winning)\n|raw|TuP1cha's rating: 1173 → 1151<\/strong> (-22 for losing)\n|c|\u2606ClockworkToad|Gg\n","uploadtime":1682897210,"views":10,"p1id":"clockworktoad","p2id":"tup1cha","formatid":"gen9vgc2023regulationc","rating":1151,"private":0,"password":""}