{"id":"gen9vgc2023regulationc-1847752589","p1":"Ytterby","p2":"zzGeal","format":"[Gen 9] VGC 2023 Regulation C","log":"|j|\u2606Ytterby\n|j|\u2606zzGeal\n|t:|1681998998\n|gametype|doubles\n|player|p1|Ytterby|170|1135\n|player|p2|zzGeal|2|1031\n|teamsize|p1|6\n|teamsize|p2|6\n|gen|9\n|tier|[Gen 9] VGC 2023 Regulation C\n|rated|\n|rule|Species Clause: Limit one of each Pok\u00e9mon\n|rule|Item Clause: Limit one of each item\n|clearpoke\n|poke|p1|Gastrodon, L50, F|\n|poke|p1|Pelipper, L50, M|\n|poke|p1|Baxcalibur, L50, M|\n|poke|p1|Brute Bonnet, L50|\n|poke|p1|Palafin, L50, M|\n|poke|p1|Iron Bundle, L50|\n|poke|p2|Flutter Mane, L50|\n|poke|p2|Palafin, L50, M|\n|poke|p2|Amoonguss, L50, M|\n|poke|p2|Arcanine, L50, F|\n|poke|p2|Dragonite, L50, F|\n|poke|p2|Annihilape, L50, F|\n|teampreview|4\nzzGeal rejected open team sheets.\n|inactive|Battle timer is ON: inactive players will automatically lose when time's up. (requested by Ytterby)\n|\n|t:|1681999052\n|start\n|switch|p1a: Pelipper|Pelipper, L50, M|100\/100\n|switch|p1b: Palafin|Palafin, L50, M|100\/100\n|switch|p2a: Arcanine|Arcanine, L50, F|100\/100\n|switch|p2b: Palafin|Palafin, L50, M|100\/100\n|-weather|RainDance|[from] ability: Drizzle|[of] p1a: Pelipper\n|-ability|p2a: Arcanine|Intimidate|boost\n|-unboost|p1a: Pelipper|atk|1\n|-unboost|p1b: Palafin|atk|1\n|turn|1\n|inactive|Ytterby has 30 seconds left.\n|inactive|zzGeal has 30 seconds left.\n|\n|t:|1681999081\n|detailschange|p2b: Palafin|Palafin-Hero, L50, M\n|switch|p2b: Flutter Mane|Flutter Mane, L50, shiny|100\/100\n|detailschange|p1b: Palafin|Palafin-Hero, L50, M\n|switch|p1b: Gastrodon|Gastrodon, L50, F|100\/100\n|move|p1a: Pelipper|Surf|p2a: Arcanine|[spread] p2a,p2b\n|-ability|p1b: Gastrodon|Storm Drain|boost\n|-boost|p1b: Gastrodon|spa|1\n|-supereffective|p2a: Arcanine\n|-damage|p2a: Arcanine|24\/100\n|-damage|p2b: Flutter Mane|59\/100\n|move|p2a: Arcanine|Will-O-Wisp|p1b: Gastrodon\n|-status|p1b: Gastrodon|brn\n|\n|-weather|RainDance|[upkeep]\n|-damage|p1b: Gastrodon|95\/100 brn|[from] brn\n|upkeep\n|turn|2\n|inactive|Ytterby has 30 seconds left.\n|inactive|zzGeal has 30 seconds left.\n|inactive|Ytterby has 20 seconds left.\n|\n|t:|1681999119\n|switch|p2a: Palafin|Palafin-Hero, L50, M|100\/100\n|-activate|p2a: Palafin|ability: Zero to Hero\n|move|p2b: Flutter Mane|Moonblast|p1a: Pelipper\n|-damage|p1a: Pelipper|7\/100\n|-damage|p2b: Flutter Mane|49\/100|[from] item: Life Orb\n|move|p1a: Pelipper|Surf|p2a: Palafin|[spread] p2a,p2b\n|-ability|p1b: Gastrodon|Storm Drain|boost\n|-boost|p1b: Gastrodon|spa|1\n|-resisted|p2a: Palafin\n|-damage|p2a: Palafin|82\/100\n|-damage|p2b: Flutter Mane|10\/100\n|move|p1b: Gastrodon|Muddy Water|p2a: Palafin|[spread] p2b\n|-miss|p1b: Gastrodon|p2a: Palafin\n|-damage|p2b: Flutter Mane|0 fnt\n|faint|p2b: Flutter Mane\n|-end|p2b: Flutter Mane|Protosynthesis|[silent]\n|\n|-weather|RainDance|[upkeep]\n|-damage|p1b: Gastrodon|89\/100 brn|[from] brn\n|upkeep\n|\n|t:|1681999137\n|switch|p2b: Annihilape|Annihilape, L50, F|100\/100\n|turn|3\n|\n|t:|1681999154\n|move|p1a: Pelipper|Surf|p2b: Annihilape|[spread] p2a,p2b\n|-ability|p1b: Gastrodon|Storm Drain|boost\n|-boost|p1b: Gastrodon|spa|1\n|-resisted|p2a: Palafin\n|-crit|p2a: Palafin\n|-damage|p2a: Palafin|52\/100\n|-damage|p2b: Annihilape|76\/100\n|move|p2a: Palafin|Haze|p2a: Palafin\n|-clearallboost\n|move|p2b: Annihilape|Drain Punch|p1b: Gastrodon\n|-damage|p1b: Gastrodon|65\/100 brn\n|-heal|p2b: Annihilape|88\/100|[from] drain|[of] p1b: Gastrodon\n|move|p1b: Gastrodon|Muddy Water|p2a: Palafin|[spread] p2a,p2b\n|-resisted|p2a: Palafin\n|-damage|p2a: Palafin|33\/100\n|-damage|p2b: Annihilape|67\/100\n|-unboost|p2b: Annihilape|accuracy|1\n|-ability|p2b: Annihilape|Defiant|boost\n|-boost|p2b: Annihilape|atk|2\n|\n|-weather|RainDance|[upkeep]\n|-heal|p2b: Annihilape|73\/100|[from] item: Leftovers\n|-damage|p1b: Gastrodon|59\/100 brn|[from] brn\n|upkeep\n|turn|4\n|inactive|Ytterby has 30 seconds left.\n|inactive|zzGeal has 30 seconds left.\n|inactive|Ytterby has 20 seconds left.\n|\n|t:|1681999194\n|move|p1a: Pelipper|Surf|p2b: Annihilape|[spread] p2a,p2b\n|-ability|p1b: Gastrodon|Storm Drain|boost\n|-boost|p1b: Gastrodon|spa|1\n|-resisted|p2a: Palafin\n|-damage|p2a: Palafin|11\/100\n|-damage|p2b: Annihilape|49\/100\n|move|p2a: Palafin|Wave Crash|p1b: Gastrodon\n|-ability|p1b: Gastrodon|Storm Drain|boost\n|-boost|p1b: Gastrodon|spa|1\n|move|p2b: Annihilape|Bulk Up|p2b: Annihilape\n|-boost|p2b: Annihilape|atk|1\n|-boost|p2b: Annihilape|def|1\n|move|p1b: Gastrodon|Muddy Water|p2a: Palafin|[spread] p2a,p2b\n|-resisted|p2a: Palafin\n|-damage|p2a: Palafin|0 fnt\n|-damage|p2b: Annihilape|3\/100\n|faint|p2a: Palafin\n|\n|-weather|RainDance|[upkeep]\n|-heal|p2b: Annihilape|9\/100|[from] item: Leftovers\n|-damage|p1b: Gastrodon|54\/100 brn|[from] brn\n|upkeep\n|\n|t:|1681999212\n|switch|p2a: Arcanine|Arcanine, L50, F|24\/100\n|-ability|p2a: Arcanine|Intimidate|boost\n|-unboost|p1a: Pelipper|atk|1\n|-unboost|p1b: Gastrodon|atk|1\n|turn|5\n|\n|t:|1681999222\n|move|p2a: Arcanine|Extreme Speed|p1a: Pelipper\n|-damage|p1a: Pelipper|0 fnt\n|faint|p1a: Pelipper\n|move|p2b: Annihilape|Drain Punch|p1b: Gastrodon\n|-damage|p1b: Gastrodon|0 fnt\n|-heal|p2b: Annihilape|34\/100|[from] drain|[of] p1b: Gastrodon\n|faint|p1b: Gastrodon\n|\n|-weather|none\n|-heal|p2b: Annihilape|40\/100|[from] item: Leftovers\n|upkeep\n|\n|t:|1681999229\n|switch|p1a: Palafin|Palafin-Hero, L50, M|100\/100\n|switch|p1b: Iron Bundle|Iron Bundle, L50|100\/100\n|-activate|p1a: Palafin|ability: Zero to Hero\n|turn|6\n|\n|t:|1681999245\n|-terastallize|p1a: Palafin|Water\n|move|p1b: Iron Bundle|Icy Wind|p2b: Annihilape|[spread] p2a,p2b\n|-resisted|p2a: Arcanine\n|-crit|p2a: Arcanine\n|-damage|p2a: Arcanine|8\/100\n|-damage|p2b: Annihilape|27\/100\n|-unboost|p2a: Arcanine|spe|1\n|-unboost|p2b: Annihilape|spe|1\n|-ability|p2b: Annihilape|Defiant|boost\n|-boost|p2b: Annihilape|atk|2\n|move|p1a: Palafin|Surf|p2b: Annihilape|[spread] p1b,p2a,p2b\n|-resisted|p1b: Iron Bundle\n|-supereffective|p2a: Arcanine\n|-damage|p1b: Iron Bundle|44\/100\n|-damage|p2a: Arcanine|0 fnt\n|-damage|p2b: Annihilape|0 fnt\n|faint|p2a: Arcanine\n|faint|p2b: Annihilape\n|\n|win|Ytterby\n|raw|Ytterby's rating: 1135 → 1153<\/strong> (+18 for winning)\n|raw|zzGeal's rating: 1031 → 1021<\/strong> (-10 for losing)\n|l|\u2606zzGeal\n","uploadtime":1681999265,"views":11,"p1id":"ytterby","p2id":"zzgeal","formatid":"gen9vgc2023regulationc","rating":1021,"private":0,"password":""}