{"id":"gen9vgc2023regulationc-1856205298","p1":"PecorinoRoma","p2":"slimejrlegit","format":"[Gen 9] VGC 2023 Regulation C","log":"|j|\u2606PecorinoRoma\n|j|\u2606slimejrlegit\n|t:|1683040561\n|gametype|doubles\n|player|p1|PecorinoRoma|lenora|1456\n|player|p2|slimejrlegit|2|1512\n|teamsize|p1|6\n|teamsize|p2|6\n|gen|9\n|tier|[Gen 9] VGC 2023 Regulation C\n|rated|\n|rule|Species Clause: Limit one of each Pok\u00e9mon\n|rule|Item Clause: Limit one of each item\n|clearpoke\n|poke|p1|Flutter Mane, L50|\n|poke|p1|Great Tusk, L50|\n|poke|p1|Torkoal, L50, F|\n|poke|p1|Staraptor, L50, F|\n|poke|p1|Indeedee-F, L50, F|\n|poke|p1|Armarouge, L50, F|\n|poke|p2|Abomasnow, L50, M|\n|poke|p2|Iron Bundle, L50|\n|poke|p2|Garchomp, L50, M|\n|poke|p2|Chien-Pao, L50|\n|poke|p2|Iron Moth, L50|\n|poke|p2|Iron Valiant, L50|\n|teampreview|4\nPecorinoRoma has agreed to open team sheets.\n|inactive|Battle timer is ON: inactive players will automatically lose when time's up. (requested by PecorinoRoma)\n|\n|t:|1683040630\n|start\n|switch|p1a: Staraptor|Staraptor, L50, F|100\/100\n|switch|p1b: Great Tusk|Great Tusk, L50|100\/100\n|switch|p2a: Garchomp|Garchomp, L50, M|100\/100\n|switch|p2b: Iron Bundle|Iron Bundle, L50|100\/100\n|-ability|p1a: Staraptor|Intimidate|boost\n|-unboost|p2a: Garchomp|atk|1\n|-unboost|p2b: Iron Bundle|atk|1\n|-enditem|p2b: Iron Bundle|Booster Energy\n|-activate|p2b: Iron Bundle|ability: Quark Drive|[fromitem]\n|-start|p2b: Iron Bundle|quarkdrivespe\n|-enditem|p1b: Great Tusk|Booster Energy\n|-activate|p1b: Great Tusk|ability: Protosynthesis|[fromitem]\n|-start|p1b: Great Tusk|protosynthesisatk\n|turn|1\n|inactive|PecorinoRoma has 30 seconds left.\n|inactive|slimejrlegit has 30 seconds left.\n|inactive|PecorinoRoma has 20 seconds left.\n|inactive|PecorinoRoma has 15 seconds left.\n|\n|t:|1683040672\n|switch|p2a: Abomasnow|Abomasnow, L50, M|100\/100\n|-weather|Snow|[from] ability: Snow Warning|[of] p2a: Abomasnow\n|-terastallize|p2b: Iron Bundle|Ice\n|move|p1b: Great Tusk|Protect|p1b: Great Tusk\n|-singleturn|p1b: Great Tusk|Protect\n|move|p2b: Iron Bundle|Blizzard|p1b: Great Tusk|[spread] p1a\n|-activate|p1b: Great Tusk|move: Protect\n|-supereffective|p1a: Staraptor\n|-enditem|p1a: Staraptor|Focus Sash\n|-damage|p1a: Staraptor|1\/100\n|move|p1a: Staraptor|Tailwind|p1a: Staraptor\n|-sidestart|p1: PecorinoRoma|move: Tailwind\n|\n|-weather|Snow|[upkeep]\n|upkeep\n|turn|2\n|inactive|PecorinoRoma has 30 seconds left.\n|inactive|slimejrlegit has 30 seconds left.\n|inactive|PecorinoRoma has 20 seconds left.\n|\n|t:|1683040713\n|switch|p2a: Garchomp|Garchomp, L50, M|100\/100\n|move|p2b: Iron Bundle|Protect|p2b: Iron Bundle\n|-singleturn|p2b: Iron Bundle|Protect\n|move|p1a: Staraptor|Close Combat|p2b: Iron Bundle\n|-activate|p2b: Iron Bundle|move: Protect\n|move|p1b: Great Tusk|Close Combat|p2a: Garchomp\n|-damage|p2a: Garchomp|14\/100\n|-unboost|p1b: Great Tusk|def|1\n|-unboost|p1b: Great Tusk|spd|1\n|-damage|p1b: Great Tusk|88\/100|[from] ability: Rough Skin|[of] p2a: Garchomp\n|\n|-weather|Snow|[upkeep]\n|upkeep\n|turn|3\n|\n|t:|1683040736\n|switch|p2a: Abomasnow|Abomasnow, L50, M|100\/100\n|move|p1a: Staraptor|Close Combat|p2b: Iron Bundle\n|-supereffective|p2b: Iron Bundle\n|-damage|p2b: Iron Bundle|40\/100\n|-unboost|p1a: Staraptor|def|1\n|-unboost|p1a: Staraptor|spd|1\n|move|p2b: Iron Bundle|Blizzard|p1a: Staraptor|[spread] p1a,p1b\n|-supereffective|p1a: Staraptor\n|-supereffective|p1b: Great Tusk\n|-damage|p1a: Staraptor|0 fnt\n|-damage|p1b: Great Tusk|0 fnt\n|faint|p1a: Staraptor\n|faint|p1b: Great Tusk\n|-end|p1b: Great Tusk|Protosynthesis|[silent]\n|\n|-weather|Snow|[upkeep]\n|upkeep\n|\n|t:|1683040752\n|switch|p1a: Flutter Mane|Flutter Mane, L50|100\/100\n|switch|p1b: Armarouge|Armarouge, L50, F|100\/100\n|turn|4\n|inactive|PecorinoRoma has 30 seconds left.\n|inactive|PecorinoRoma has 20 seconds left.\n|inactive|PecorinoRoma has 15 seconds left.\n|inactive|PecorinoRoma has 10 seconds left.\n|\n|t:|1683040802\n|move|p2b: Iron Bundle|Protect|p2b: Iron Bundle\n|-singleturn|p2b: Iron Bundle|Protect\n|move|p1a: Flutter Mane|Dazzling Gleam|p2b: Iron Bundle|[spread] p2a\n|-activate|p2b: Iron Bundle|move: Protect\n|-damage|p2a: Abomasnow|46\/100\n|move|p1b: Armarouge|Heat Wave|p2a: Abomasnow|[spread] p2a\n|-activate|p2b: Iron Bundle|move: Protect\n|-supereffective|p2a: Abomasnow\n|-damage|p2a: Abomasnow|0 fnt\n|faint|p2a: Abomasnow\n|-damage|p1b: Armarouge|91\/100|[from] item: Life Orb\n|\n|-weather|Snow|[upkeep]\n|-sideend|p1: PecorinoRoma|move: Tailwind\n|upkeep\n|\n|t:|1683040812\n|switch|p2a: Garchomp|Garchomp, L50, M|14\/100\n|turn|5\n|c|\u2606slimejrlegit|Gg\n|inactive|PecorinoRoma has 30 seconds left.\n|inactive|PecorinoRoma has 20 seconds left.\n|inactive|PecorinoRoma has 15 seconds left.\n|inactive|PecorinoRoma has 10 seconds left.\n|inactive|PecorinoRoma has 5 seconds left.\n|\n|t:|1683040864\n|-terastallize|p1b: Armarouge|Grass\n|move|p1b: Armarouge|Ally Switch|p1b: Armarouge\n|swap|p1b: Armarouge|0|[from] move: Ally Switch\n|move|p2b: Iron Bundle|Blizzard|p1a: Armarouge|[spread] p1a,p1b\n|-supereffective|p1a: Armarouge\n|-damage|p1a: Armarouge|0 fnt\n|-damage|p1b: Flutter Mane|42\/100\n|faint|p1a: Armarouge\n|move|p2a: Garchomp|Earthquake|p1b: Flutter Mane|[spread] p2b,p1b\n|-damage|p2b: Iron Bundle|6\/100\n|-damage|p1b: Flutter Mane|0 fnt\n|faint|p1b: Flutter Mane\n|-end|p1b: Flutter Mane|Protosynthesis|[silent]\n|\n|win|slimejrlegit\n|raw|PecorinoRoma's rating: 1456 → 1439<\/strong> (-17 for losing)\n|raw|slimejrlegit's rating: 1512 → 1529<\/strong> (+17 for winning)\n|c|\u2606slimejrlegit|Blizzquake\n","uploadtime":1683040893,"views":4,"p1id":"pecorinoroma","p2id":"slimejrlegit","formatid":"gen9vgc2023regulationc","rating":1439,"private":0,"password":""}