{"id":"gen9vgc2023regulationc-1859066686","p1":"knight8512","p2":"rixkevin9","format":"[Gen 9] VGC 2023 Regulation C","log":"|j|\u2606knight8512\n|j|\u2606rixkevin9\n|t:|1683400486\n|gametype|doubles\n|player|p1|knight8512|boarder|1114\n|player|p2|rixkevin9|burglar|1105\n|teamsize|p1|6\n|teamsize|p2|6\n|gen|9\n|tier|[Gen 9] VGC 2023 Regulation C\n|rated|\n|rule|Species Clause: Limit one of each Pok\u00e9mon\n|rule|Item Clause: Limit one of each item\n|clearpoke\n|poke|p1|Baxcalibur, L50, M|\n|poke|p1|Flutter Mane, L50|\n|poke|p1|Chi-Yu, L50|\n|poke|p1|Ting-Lu, L50|\n|poke|p1|Amoonguss, L50, F|\n|poke|p1|Murkrow, L50, M|\n|poke|p2|Amoonguss, L50, M|\n|poke|p2|Corviknight, L50, F|\n|poke|p2|Dragapult, L50, F|\n|poke|p2|Chien-Pao, L50|\n|poke|p2|Murkrow, L50, M|\n|poke|p2|Ting-Lu, L50|\n|teampreview|4\n|inactive|Battle timer is ON: inactive players will automatically lose when time's up. (requested by rixkevin9)\n|\n|t:|1683400529\n|start\n|switch|p1a: Murkrow|Murkrow, L50, M|100\/100\n|switch|p1b: Baxcalibur|Baxcalibur, L50, M|100\/100\n|switch|p2a: Amoonguss|Amoonguss, L50, M, shiny|100\/100\n|switch|p2b: Dragapult|Dragapult, L50, F|100\/100\n|turn|1\n|inactive|knight8512 has 30 seconds left.\n|\n|t:|1683400563\n|-terastallize|p1b: Baxcalibur|Poison\n|move|p2a: Amoonguss|Rage Powder|p2a: Amoonguss\n|-singleturn|p2a: Amoonguss|move: Rage Powder\n|move|p1a: Murkrow|Tailwind|p1a: Murkrow\n|-sidestart|p1: knight8512|move: Tailwind\n|move|p1b: Baxcalibur|Icicle Spear|p2a: Amoonguss\n|-supereffective|p2a: Amoonguss\n|-damage|p2a: Amoonguss|76\/100\n|-supereffective|p2a: Amoonguss\n|-crit|p2a: Amoonguss\n|-damage|p2a: Amoonguss|43\/100\n|-supereffective|p2a: Amoonguss\n|-damage|p2a: Amoonguss|18\/100\n|-supereffective|p2a: Amoonguss\n|-damage|p2a: Amoonguss|0 fnt\n|faint|p2a: Amoonguss\n|-hitcount|p2: Amoonguss|4\n|move|p2b: Dragapult|Dragon Darts|p1b: Baxcalibur\n|-damage|p1b: Baxcalibur|70\/100\n|-anim|p2b: Dragapult|Dragon Darts|p1a: Murkrow\n|-damage|p1a: Murkrow|53\/100\n|\n|upkeep\n|\n|t:|1683400582\n|switch|p2a: Ting-Lu|Ting-Lu, L50|100\/100\n|-ability|p2a: Ting-Lu|Vessel of Ruin\n|turn|2\n|\n|t:|1683400598\n|switch|p2b: Corviknight|Corviknight, L50, F|100\/100\n|-terastallize|p2a: Ting-Lu|Grass\n|move|p1a: Murkrow|Foul Play|p2b: Corviknight\n|-damage|p2b: Corviknight|71\/100\n|move|p1b: Baxcalibur|Icicle Spear|p2a: Ting-Lu\n|-supereffective|p2a: Ting-Lu\n|-damage|p2a: Ting-Lu|84\/100\n|-supereffective|p2a: Ting-Lu\n|-damage|p2a: Ting-Lu|68\/100\n|-supereffective|p2a: Ting-Lu\n|-damage|p2a: Ting-Lu|52\/100\n|-supereffective|p2a: Ting-Lu\n|-damage|p2a: Ting-Lu|35\/100\n|-hitcount|p2a: Ting-Lu|4\n|move|p2a: Ting-Lu|Earthquake|p1a: Murkrow|[spread] p1b\n|-immune|p2b: Corviknight\n|-immune|p1a: Murkrow\n|-supereffective|p1b: Baxcalibur\n|-damage|p1b: Baxcalibur|18\/100\n|\n|upkeep\n|turn|3\n|inactive|knight8512 has 30 seconds left.\n|inactive|rixkevin9 has 30 seconds left.\n|inactive|knight8512 has 20 seconds left.\n|inactive|rixkevin9 has 20 seconds left.\n|\n|t:|1683400636\n|move|p1a: Murkrow|Foul Play|p2a: Ting-Lu\n|-damage|p2a: Ting-Lu|14\/100\n|move|p1b: Baxcalibur|Icicle Spear|p2a: Ting-Lu\n|-supereffective|p2a: Ting-Lu\n|-damage|p2a: Ting-Lu|0 fnt\n|faint|p2a: Ting-Lu\n|-hitcount|p2: Ting-Lu|1\n|move|p2b: Corviknight|Brave Bird|p1b: Baxcalibur\n|-damage|p1b: Baxcalibur|0 fnt\n|faint|p1b: Baxcalibur\n|-damage|p2b: Corviknight|63\/100|[from] Recoil\n|\n|upkeep\n|\n|t:|1683400655\n|switch|p1b: Chi-Yu|Chi-Yu, L50|100\/100\n|switch|p2a: Dragapult|Dragapult, L50, F|100\/100\n|-ability|p1b: Chi-Yu|Beads of Ruin\n|turn|4\n|\n|t:|1683400664\n|move|p1a: Murkrow|Protect|p1a: Murkrow\n|-singleturn|p1a: Murkrow|Protect\n|move|p1b: Chi-Yu|Protect|p1b: Chi-Yu\n|-singleturn|p1b: Chi-Yu|Protect\n|move|p2a: Dragapult|Phantom Force||[still]\n|-prepare|p2a: Dragapult|Phantom Force\n|move|p2b: Corviknight|Brave Bird|p1b: Chi-Yu\n|-activate|p1b: Chi-Yu|move: Protect\n|\n|-sideend|p1: knight8512|move: Tailwind\n|upkeep\n|turn|5\n|\n|t:|1683400684\n|move|p1a: Murkrow|Tailwind|p1a: Murkrow\n|-sidestart|p1: knight8512|move: Tailwind\n|move|p1b: Chi-Yu|Heat Wave|p2b: Corviknight|[spread] p2b\n|-miss|p1b: Chi-Yu|p2a: Dragapult\n|-supereffective|p2b: Corviknight\n|-damage|p2b: Corviknight|0 fnt\n|faint|p2b: Corviknight\n|-damage|p1b: Chi-Yu|91\/100|[from] item: Life Orb\n|move|p2a: Dragapult|Phantom Force|p1b: Chi-Yu|[from]lockedmove\n|-resisted|p1b: Chi-Yu\n|-damage|p1b: Chi-Yu|45\/100\n|\n|upkeep\n|turn|6\n|\n|t:|1683400703\n|move|p1a: Murkrow|Foul Play|p2a: Dragapult\n|-supereffective|p2a: Dragapult\n|-damage|p2a: Dragapult|0 fnt\n|faint|p2a: Dragapult\n|\n|win|knight8512\n|raw|knight8512's rating: 1114 → 1138<\/strong> (+24 for winning)\n|raw|rixkevin9's rating: 1105 → 1081<\/strong> (-24 for losing)\n|l|\u2606rixkevin9\n|l|\u2606knight8512\n|j|\u2606knight8512\n|player|p1|knight8512|boarder\n","uploadtime":1683401033,"views":12,"p1id":"knight8512","p2id":"rixkevin9","formatid":"gen9vgc2023regulationc","rating":1081,"private":0,"password":""}