{"id":"gen9vgc2023regulationc-1844888748","p1":"e6e","p2":"nik holo","format":"[Gen 9] VGC 2023 Regulation C","log":"|j|\u2606e6e\n|j|\u2606nik holo\n|t:|1681660746\n|gametype|doubles\n|player|p1|e6e|gardenia|\n|player|p2|nik holo|1|\n|teamsize|p1|6\n|teamsize|p2|6\n|gen|9\n|tier|[Gen 9] VGC 2023 Regulation C\n|rated|Tournament battle\n|rule|Species Clause: Limit one of each Pok\u00e9mon\n|rule|Item Clause: Limit one of each item\n|clearpoke\n|poke|p1|Murkrow, L50, F|\n|poke|p1|Sandy Shocks, L50|\n|poke|p1|Espathra, L50, F|\n|poke|p1|Flutter Mane, L50|\n|poke|p1|Chi-Yu, L50|\n|poke|p1|Ting-Lu, L50|\n|poke|p2|Chi-Yu, L50|\n|poke|p2|Flutter Mane, L50|\n|poke|p2|Garganacl, L50, M|\n|poke|p2|Glimmora, L50, F|\n|poke|p2|Iron Bundle, L50|\n|poke|p2|Wo-Chien, L50|\n|teampreview|4\n|raw| Open Team Sheet for e6e<\/summary>Murkrow @ Eviolite Ability: Prankster Level: 50 Tera Type: Steel - Tailwind - Haze - Sunny Day - Taunt Sandy Shocks @ Booster Energy Ability: Protosynthesis Level: 50 Tera Type: Water - Protect - Earth Power - Gravity - Volt Switch Espathra @ Focus Sash Ability: Speed Boost Level: 50 Tera Type: Ghost - Baby-Doll Eyes - Lumina Crash - Protect - Hypnosis Flutter Mane @ Choice Specs Ability: Protosynthesis Level: 50 Tera Type: Fairy - Dazzling Gleam - Shadow Ball - Icy Wind - Mystical Fire Chi-Yu @ Salac Berry Ability: Beads of Ruin Level: 50 Tera Type: Psychic - Dark Pulse - Overheat - Heat Wave - Tera Blast Ting-Lu @ Leftovers Ability: Vessel of Ruin Level: 50 Tera Type: Ghost - Fissure - Stomping Tantrum - Throat Chop - Protect <\/details><\/div> Open Team Sheet for nik holo<\/summary>Chi-Yu @ Choice Scarf Ability: Beads of Ruin Level: 50 Tera Type: Grass - Heat Wave - Dark Pulse - Overheat - Snarl Flutter Mane @ Focus Sash Ability: Protosynthesis Level: 50 Tera Type: Fairy - Protect - Moonblast - Shadow Ball - Taunt Garganacl @ Sitrus Berry Ability: Purifying Salt Level: 50 Tera Type: Flying - Protect - Salt Cure - Recover - Wide Guard Glimmora @ Assault Vest Ability: Toxic Debris Level: 50 Tera Type: Steel - Power Gem - Flash Cannon - Earth Power - Mortal Spin Iron Bundle @ Booster Energy Ability: Quark Drive Level: 50 Tera Type: Ice - Protect - Hydro Pump - Freeze-Dry - Icy Wind Wo-Chien @ Leftovers Ability: Tablets of Ruin Level: 50 Tera Type: Water - Protect - Knock Off - Ruination - Leech Seed <\/details><\/div>\n|j| Radio Free C-Side\n|l|\u2606e6e\n|player|p1|\n|j| ROBERT5239423942\n|j|\u2606e6e\n|player|p1|e6e|gardenia\n|\n|t:|1681660798\n|start\n|switch|p1a: Sandy Shocks|Sandy Shocks, L50|100\/100\n|switch|p1b: Espathra|Espathra, L50, F|100\/100\n|switch|p2a: Glimmora|Glimmora, L50, F|100\/100\n|switch|p2b: Chi-Yu|Chi-Yu, L50|100\/100\n|-ability|p2b: Chi-Yu|Beads of Ruin\n|-enditem|p1a: Sandy Shocks|Booster Energy\n|-activate|p1a: Sandy Shocks|ability: Protosynthesis|[fromitem]\n|-start|p1a: Sandy Shocks|protosynthesisspe\n|turn|1\n|\n|t:|1681660814\n|-terastallize|p1a: Sandy Shocks|Water\n|-terastallize|p2a: Glimmora|Steel\n|move|p1b: Espathra|Protect|p1b: Espathra\n|-singleturn|p1b: Espathra|Protect\n|move|p1a: Sandy Shocks|Gravity|p1a: Sandy Shocks\n|-fieldstart|move: Gravity\n|move|p2b: Chi-Yu|Snarl|p1a: Sandy Shocks|[spread] p1a\n|-activate|p1b: Espathra|move: Protect\n|-damage|p1a: Sandy Shocks|67\/100\n|-unboost|p1a: Sandy Shocks|spa|1\n|move|p2a: Glimmora|Mortal Spin|p1b: Espathra|[spread] p1a\n|-activate|p1b: Espathra|move: Protect\n|-damage|p1a: Sandy Shocks|63\/100\n|-status|p1a: Sandy Shocks|psn\n|\n|-damage|p1a: Sandy Shocks|51\/100 psn|[from] psn\n|-ability|p1b: Espathra|Speed Boost|boost\n|-boost|p1b: Espathra|spe|1\n|upkeep\n|turn|2\n|\n|t:|1681660835\n|move|p1b: Espathra|Hypnosis|p2b: Chi-Yu\n|-status|p2b: Chi-Yu|slp|[from] move: Hypnosis\n|move|p1a: Sandy Shocks|Volt Switch|p2a: Glimmora\n|-damage|p2a: Glimmora|83\/100\n|\n|t:|1681660851\n|-end|p1a: Sandy Shocks|Protosynthesis|[silent]\n|switch|p1a: Ting-Lu|Ting-Lu, L50|100\/100|[from] Volt Switch\n|-ability|p1a: Ting-Lu|Vessel of Ruin\n|cant|p2b: Chi-Yu|slp\n|move|p2a: Glimmora|Mortal Spin|p1a: Ting-Lu|[spread] p1a,p1b\n|-resisted|p1a: Ting-Lu\n|-damage|p1a: Ting-Lu|99\/100\n|-damage|p1b: Espathra|93\/100\n|-status|p1a: Ting-Lu|psn\n|-status|p1b: Espathra|psn\n|\n|-heal|p1a: Ting-Lu|100\/100 psn|[from] item: Leftovers\n|-damage|p1b: Espathra|81\/100 psn|[from] psn\n|-damage|p1a: Ting-Lu|88\/100 psn|[from] psn\n|-ability|p1b: Espathra|Speed Boost|boost\n|-boost|p1b: Espathra|spe|1\n|upkeep\n|turn|3\n|\n|t:|1681660878\n|move|p1b: Espathra|Hypnosis|p2a: Glimmora\n|-status|p2a: Glimmora|slp|[from] move: Hypnosis\n|cant|p2b: Chi-Yu|slp\n|cant|p2a: Glimmora|slp\n|move|p1a: Ting-Lu|Fissure|p2b: Chi-Yu|[miss]\n|-miss|p1a: Ting-Lu|p2b: Chi-Yu\n|\n|-heal|p1a: Ting-Lu|94\/100 psn|[from] item: Leftovers\n|-damage|p1b: Espathra|68\/100 psn|[from] psn\n|-damage|p1a: Ting-Lu|82\/100 psn|[from] psn\n|-ability|p1b: Espathra|Speed Boost|boost\n|-boost|p1b: Espathra|spe|1\n|upkeep\n|turn|4\n|\n|t:|1681660921\n|move|p1b: Espathra|Protect|p1b: Espathra\n|-singleturn|p1b: Espathra|Protect\n|-curestatus|p2b: Chi-Yu|slp|[msg]\n|move|p2b: Chi-Yu|Snarl|p1a: Ting-Lu|[spread] p1a\n|-activate|p1b: Espathra|move: Protect\n|-resisted|p1a: Ting-Lu\n|-damage|p1a: Ting-Lu|73\/100 psn\n|-unboost|p1a: Ting-Lu|spa|1\n|-curestatus|p2a: Glimmora|slp|[msg]\n|move|p2a: Glimmora|Power Gem|p1b: Espathra\n|-activate|p1b: Espathra|move: Protect\n|move|p1a: Ting-Lu|Stomping Tantrum|p2b: Chi-Yu\n|-supereffective|p2b: Chi-Yu\n|-damage|p2b: Chi-Yu|0 fnt\n|faint|p2b: Chi-Yu\n|\n|-heal|p1a: Ting-Lu|79\/100 psn|[from] item: Leftovers\n|-damage|p1b: Espathra|56\/100 psn|[from] psn\n|-damage|p1a: Ting-Lu|67\/100 psn|[from] psn\n|-ability|p1b: Espathra|Speed Boost|boost\n|-boost|p1b: Espathra|spe|1\n|upkeep\n|\n|t:|1681660941\n|switch|p2b: Wo-Chien|Wo-Chien, L50|100\/100\n|-ability|p2b: Wo-Chien|Tablets of Ruin\n|turn|5\n|\n|t:|1681660952\n|move|p2b: Wo-Chien|Protect|p2b: Wo-Chien\n|-singleturn|p2b: Wo-Chien|Protect\n|move|p1b: Espathra|Hypnosis|p2a: Glimmora\n|-status|p2a: Glimmora|slp|[from] move: Hypnosis\n|cant|p2a: Glimmora|slp\n|move|p1a: Ting-Lu|Fissure|p2b: Wo-Chien\n|-activate|p2b: Wo-Chien|move: Protect\n|\n|-heal|p1a: Ting-Lu|73\/100 psn|[from] item: Leftovers\n|-damage|p1b: Espathra|44\/100 psn|[from] psn\n|-damage|p1a: Ting-Lu|61\/100 psn|[from] psn\n|-fieldend|move: Gravity\n|-ability|p1b: Espathra|Speed Boost|boost\n|-boost|p1b: Espathra|spe|1\n|upkeep\n|turn|6\n|\n|t:|1681660981\n|move|p1b: Espathra|Hypnosis|p2b: Wo-Chien\n|-status|p2b: Wo-Chien|slp|[from] move: Hypnosis\n|cant|p2a: Glimmora|slp\n|cant|p2b: Wo-Chien|slp\n|move|p1a: Ting-Lu|Fissure|p2b: Wo-Chien|[miss]\n|-miss|p1a: Ting-Lu|p2b: Wo-Chien\n|\n|-heal|p1a: Ting-Lu|67\/100 psn|[from] item: Leftovers\n|-damage|p1b: Espathra|31\/100 psn|[from] psn\n|-damage|p1a: Ting-Lu|55\/100 psn|[from] psn\n|-ability|p1b: Espathra|Speed Boost|boost\n|-boost|p1b: Espathra|spe|1\n|upkeep\n|turn|7\n|\n|t:|1681661000\n|move|p1b: Espathra|Baby-Doll Eyes|p2b: Wo-Chien\n|-unboost|p2b: Wo-Chien|atk|1\n|-curestatus|p2a: Glimmora|slp|[msg]\n|move|p2a: Glimmora|Power Gem|p1b: Espathra\n|-damage|p1b: Espathra|0 fnt\n|faint|p1b: Espathra\n|-curestatus|p2b: Wo-Chien|slp|[msg]\n|move|p2b: Wo-Chien|Knock Off|p1a: Ting-Lu\n|-resisted|p1a: Ting-Lu\n|-damage|p1a: Ting-Lu|50\/100 psn\n|-enditem|p1a: Ting-Lu|Leftovers|[from] move: Knock Off|[of] p2b: Wo-Chien\n|move|p1a: Ting-Lu|Stomping Tantrum|p2a: Glimmora\n|-supereffective|p2a: Glimmora\n|-damage|p2a: Glimmora|0 fnt\n|-activate|p2a: Glimmora|ability: Toxic Debris\n|-sidestart|p1: e6e|move: Toxic Spikes\n|faint|p2a: Glimmora\n|\n|-damage|p1a: Ting-Lu|38\/100 psn|[from] psn\n|upkeep\n|\n|t:|1681661023\n|switch|p1b: Sandy Shocks|Sandy Shocks, L50, tera:Water|51\/100 psn\n|switch|p2a: Garganacl|Garganacl, L50, M|100\/100\n|turn|8\n|\n|t:|1681661035\n|move|p1b: Sandy Shocks|Earth Power|p2a: Garganacl\n|-supereffective|p2a: Garganacl\n|-damage|p2a: Garganacl|48\/100\n|-enditem|p2a: Garganacl|Sitrus Berry|[eat]\n|-heal|p2a: Garganacl|73\/100|[from] item: Sitrus Berry\n|move|p2b: Wo-Chien|Leech Seed|p1a: Ting-Lu\n|-start|p1a: Ting-Lu|move: Leech Seed\n|move|p1a: Ting-Lu|Fissure|p2b: Wo-Chien\n|-damage|p2b: Wo-Chien|0 fnt\n|faint|p2b: Wo-Chien\n|-ohko\n|move|p2a: Garganacl|Salt Cure|p1b: Sandy Shocks\n|-crit|p1b: Sandy Shocks\n|-damage|p1b: Sandy Shocks|32\/100 psn\n|-start|p1b: Sandy Shocks|Salt Cure\n|\n|-damage|p1b: Sandy Shocks|19\/100 psn|[from] psn\n|-damage|p1a: Ting-Lu|25\/100 psn|[from] psn\n|-damage|p1b: Sandy Shocks|0 fnt|[from] Salt Cure\n|faint|p1b: Sandy Shocks\n|-end|p1b: Sandy Shocks|Protosynthesis|[silent]\n|upkeep\n|c| ROBERT5239423942|the two most annoying teams of all time\n|\n|t:|1681661051\n|switch|p1b: Flutter Mane|Flutter Mane, L50|100\/100\n|-status|p1b: Flutter Mane|psn\n|turn|9\n|\n|t:|1681661059\n|move|p2a: Garganacl|Protect|p2a: Garganacl\n|-singleturn|p2a: Garganacl|Protect\n|move|p1b: Flutter Mane|Shadow Ball|p2a: Garganacl\n|-activate|p2a: Garganacl|move: Protect\n|move|p1a: Ting-Lu|Stomping Tantrum|p2a: Garganacl\n|-activate|p2a: Garganacl|move: Protect\n|\n|-damage|p1b: Flutter Mane|88\/100 psn|[from] psn\n|-damage|p1a: Ting-Lu|13\/100 psn|[from] psn\n|upkeep\n|turn|10\n|c| Radio Free C-Side|shadow ball?\n|\n|t:|1681661094\n|move|p1b: Flutter Mane|Shadow Ball|p2a: Garganacl\n|-damage|p2a: Garganacl|53\/100\n|move|p1a: Ting-Lu|Stomping Tantrum|p2a: Garganacl\n|-supereffective|p2a: Garganacl\n|-damage|p2a: Garganacl|7\/100\n|move|p2a: Garganacl|Recover|p2a: Garganacl\n|-heal|p2a: Garganacl|57\/100\n|\n|-damage|p1b: Flutter Mane|76\/100 psn|[from] psn\n|-damage|p1a: Ting-Lu|1\/100 psn|[from] psn\n|upkeep\n|turn|11\n|c| ROBERT5239423942|i cant be the only one that hates wo chien garg\n|c|\u2606e6e|wait\n|c| Radio Free C-Side|it resists ghost\n|c|\u2606e6e|sh I forgot\n|c| Radio Free C-Side|from purifying salt\n|c|\u2606e6e|im so slow\n|\n|t:|1681661122\n|move|p2a: Garganacl|Protect|p2a: Garganacl\n|-singleturn|p2a: Garganacl|Protect\n|move|p1b: Flutter Mane|Shadow Ball|p2a: Garganacl\n|-activate|p2a: Garganacl|move: Protect\n|move|p1a: Ting-Lu|Fissure|p2a: Garganacl\n|-activate|p2a: Garganacl|move: Protect\n|\n|-damage|p1b: Flutter Mane|63\/100 psn|[from] psn\n|-damage|p1a: Ting-Lu|0 fnt|[from] psn\n|faint|p1a: Ting-Lu\n|upkeep\n|turn|12\n|c|\u2606e6e|now I lose\n|c|\u2606e6e|god damit\n|\n|t:|1681661140\n|move|p1b: Flutter Mane|Shadow Ball|p2a: Garganacl\n|-damage|p2a: Garganacl|31\/100\n|move|p2a: Garganacl|Recover|p2a: Garganacl\n|-heal|p2a: Garganacl|81\/100\n|\n|-damage|p1b: Flutter Mane|51\/100 psn|[from] psn\n|upkeep\n|turn|13\n|c|\u2606e6e|I feel so stupid bru\n|-message|e6e forfeited.\n|\n|win|nik holo\n|n|\u2606nik holo|nikholo\n|n| Radio Free C-Side|radiofreecside\n|n| ROBERT5239423942|robert5239423942\n|n|\u2606e6e|e6e\n","uploadtime":1681661158,"views":13,"p1id":"e6e","p2id":"nikholo","formatid":"gen9vgc2023regulationc","rating":0,"private":0,"password":""}