{"id":"gen9vgc2023regulationc-1858624589","p1":"Pleselven","p2":"MidianVGC","format":"[Gen 9] VGC 2023 Regulation C","log":"|j|\u2606Pleselven\n|j|\u2606MidianVGC\n|t:|1683333860\n|gametype|doubles\n|player|p1|Pleselven|170|1234\n|player|p2|MidianVGC|265|1344\n|teamsize|p1|6\n|teamsize|p2|6\n|gen|9\n|tier|[Gen 9] VGC 2023 Regulation C\n|rated|\n|rule|Species Clause: Limit one of each Pok\u00e9mon\n|rule|Item Clause: Limit one of each item\n|clearpoke\n|poke|p1|Maushold, L50|\n|poke|p1|Abomasnow, L50, F|\n|poke|p1|Iron Bundle, L50|\n|poke|p1|Ceruledge, L50, F|\n|poke|p1|Chi-Yu, L50|\n|poke|p1|Annihilape, L50, M|\n|poke|p2|Iron Moth, L50|\n|poke|p2|Garganacl, L50, F|\n|poke|p2|Ting-Lu, L50|\n|poke|p2|Bronzong, L50|\n|poke|p2|Gholdengo, L50|\n|poke|p2|Roaring Moon, L50|\n|teampreview|4\n|inactive|Battle timer is ON: inactive players will automatically lose when time's up. (requested by Pleselven)\n|\n|t:|1683333924\n|start\n|switch|p1a: Annihilape|Annihilape, L50, M|100\/100\n|switch|p1b: Chi-Yu|Chi-Yu, L50|100\/100\n|switch|p2a: Gholdengo|Gholdengo, L50|100\/100\n|switch|p2b: Roaring Moon|Roaring Moon, L50, shiny|100\/100\n|-ability|p1b: Chi-Yu|Beads of Ruin\n|-enditem|p2b: Roaring Moon|Booster Energy\n|-activate|p2b: Roaring Moon|ability: Protosynthesis|[fromitem]\n|-start|p2b: Roaring Moon|protosynthesisspe\n|turn|1\n|inactive|Pleselven has 30 seconds left.\n|\n|t:|1683333956\n|switch|p1a: Abomasnow|Abomasnow, L50, F|100\/100\n|-weather|Snow|[from] ability: Snow Warning|[of] p1a: Abomasnow\n|switch|p2a: Ting-Lu|Ting-Lu, L50|100\/100\n|-ability|p2a: Ting-Lu|Vessel of Ruin\n|-terastallize|p2b: Roaring Moon|Flying\n|move|p2b: Roaring Moon|Tailwind|p2b: Roaring Moon\n|-sidestart|p2: MidianVGC|move: Tailwind\n|move|p1b: Chi-Yu|Heat Wave|p2a: Ting-Lu|[spread] p2a,p2b\n|-damage|p2a: Ting-Lu|73\/100\n|-damage|p2b: Roaring Moon|61\/100\n|\n|-weather|Snow|[upkeep]\n|upkeep\n|turn|2\n|inactive|Pleselven has 30 seconds left.\n|inactive|MidianVGC has 30 seconds left.\n|inactive|MidianVGC has 20 seconds left.\n|\n|t:|1683333994\n|-terastallize|p1a: Abomasnow|Water\n|move|p2b: Roaring Moon|Jaw Lock|p1a: Abomasnow\n|-damage|p1a: Abomasnow|56\/100\n|-activate|p2b: Roaring Moon|trapped\n|-activate|p1a: Abomasnow|trapped\n|move|p1b: Chi-Yu|Heat Wave|p2a: Ting-Lu|[spread] p2a,p2b\n|-damage|p2a: Ting-Lu|45\/100\n|-damage|p2b: Roaring Moon|19\/100\n|move|p2a: Ting-Lu|Rock Slide|p1b: Chi-Yu|[spread] p1a,p1b\n|-supereffective|p1b: Chi-Yu\n|-damage|p1a: Abomasnow|22\/100\n|-damage|p1b: Chi-Yu|23\/100\n|move|p1a: Abomasnow|Blizzard|p2b: Roaring Moon|[spread] p2a,p2b\n|-supereffective|p2a: Ting-Lu\n|-supereffective|p2b: Roaring Moon\n|-damage|p2a: Ting-Lu|0 fnt\n|-damage|p2b: Roaring Moon|0 fnt\n|faint|p2a: Ting-Lu\n|faint|p2b: Roaring Moon\n|-end|p2b: Roaring Moon|Protosynthesis|[silent]\n|\n|-weather|Snow|[upkeep]\n|upkeep\n|\n|t:|1683334010\n|switch|p2b: Gholdengo|Gholdengo, L50|100\/100\n|switch|p2a: Iron Moth|Iron Moth, L50, shiny|100\/100\n|turn|3\n|inactive|MidianVGC has 30 seconds left.\n|\n|t:|1683334042\n|move|p1b: Chi-Yu|Protect|p1b: Chi-Yu\n|-singleturn|p1b: Chi-Yu|Protect\n|move|p2b: Gholdengo|Thunderbolt|p1b: Chi-Yu\n|-activate|p1b: Chi-Yu|move: Protect\n|move|p2a: Iron Moth|Sludge Wave|p1b: Chi-Yu|[spread] p1a\n|-activate|p1b: Chi-Yu|move: Protect\n|-immune|p2b: Gholdengo\n|-damage|p1a: Abomasnow|0 fnt\n|faint|p1a: Abomasnow\n|-damage|p2a: Iron Moth|91\/100|[from] item: Life Orb\n|\n|-weather|Snow|[upkeep]\n|upkeep\n|\n|t:|1683334060\n|switch|p1a: Iron Bundle|Iron Bundle, L50|100\/100\n|-enditem|p1a: Iron Bundle|Booster Energy\n|-activate|p1a: Iron Bundle|ability: Quark Drive|[fromitem]\n|-start|p1a: Iron Bundle|quarkdrivespe\n|turn|4\n|\n|t:|1683334073\n|move|p1b: Chi-Yu|Protect||[still]\n|-fail|p1b: Chi-Yu\n|move|p2b: Gholdengo|Thunderbolt|p1a: Iron Bundle\n|-supereffective|p1a: Iron Bundle\n|-damage|p1a: Iron Bundle|0 fnt\n|faint|p1a: Iron Bundle\n|-end|p1a: Iron Bundle|Quark Drive|[silent]\n|move|p2a: Iron Moth|Sludge Wave|p1b: Chi-Yu|[spread] p1b\n|-immune|p2b: Gholdengo\n|-damage|p1b: Chi-Yu|0 fnt\n|faint|p1b: Chi-Yu\n|-damage|p2a: Iron Moth|81\/100|[from] item: Life Orb\n|\n|-weather|Snow|[upkeep]\n|-sideend|p2: MidianVGC|move: Tailwind\n|upkeep\n|\n|t:|1683334088\n|switch|p1b: Annihilape|Annihilape, L50, M|100\/100\n|turn|5\n|\n|t:|1683334108\n|move|p1b: Annihilape|Final Gambit|p2a: Iron Moth\n|-damage|p2a: Iron Moth|0 fnt\n|faint|p1b: Annihilape\n|faint|p2a: Iron Moth\n|-end|p2a: Iron Moth|Quark Drive|[silent]\n|\n|win|MidianVGC\n|raw|Pleselven's rating: 1234 → 1217<\/strong> (-17 for losing)\n|raw|MidianVGC's rating: 1344 → 1358<\/strong> (+14 for winning)\n|l|\u2606Pleselven\n","uploadtime":1683334215,"views":16,"p1id":"pleselven","p2id":"midianvgc","formatid":"gen9vgc2023regulationc","rating":1217,"private":0,"password":""}