{"id":"gen9vgc2023regulationc-1864298299","p1":"RonJohn","p2":"Dezgun","format":"[Gen 9] VGC 2023 Regulation C","log":"|j|\u2606RonJohn\n|j|\u2606Dezgun\n|t:|1684152114\n|gametype|doubles\n|player|p1|RonJohn|169|1358\n|player|p2|Dezgun|266|1336\n|teamsize|p1|6\n|teamsize|p2|6\n|gen|9\n|tier|[Gen 9] VGC 2023 Regulation C\n|rated|\n|rule|Species Clause: Limit one of each Pok\u00e9mon\n|rule|Item Clause: Limit one of each item\n|clearpoke\n|poke|p1|Flutter Mane, L50|\n|poke|p1|Orthworm, L50, F|\n|poke|p1|Dragonite, L50, F|\n|poke|p1|Amoonguss, L50, F|\n|poke|p1|Gyarados, L50, F|\n|poke|p1|Ting-Lu, L50|\n|poke|p2|Amoonguss, L50, F|\n|poke|p2|Arcanine, L50, M|\n|poke|p2|Ting-Lu, L50|\n|poke|p2|Palafin, L50, M|\n|poke|p2|Flutter Mane, L50|\n|poke|p2|Baxcalibur, L50, M|\n|teampreview|4\nRonJohn has agreed to open team sheets.\nDezgun has agreed to open team sheets.\n|inactive|Battle timer is ON: inactive players will automatically lose when time's up. (requested by RonJohn)\n|inactive|RonJohn has 60 seconds left.\n|inactive|Dezgun has 60 seconds left.\n|inactive|RonJohn has 30 seconds left.\n|\n|t:|1684152197\n|start\n|switch|p1a: Gyarados|Gyarados, L50, F|100\/100\n|switch|p1b: Ting-Lu|Ting-Lu, L50|100\/100\n|switch|p2a: Palafin|Palafin, L50, M, shiny|100\/100\n|switch|p2b: Flutter Mane|Flutter Mane, L50|100\/100\n|-ability|p1a: Gyarados|Intimidate|boost\n|-unboost|p2a: Palafin|atk|1\n|-unboost|p2b: Flutter Mane|atk|1\n|-ability|p1b: Ting-Lu|Vessel of Ruin\n|turn|1\n|inactive|RonJohn has 30 seconds left.\n|\n|t:|1684152224\n|move|p2b: Flutter Mane|Moonblast|p1b: Ting-Lu\n|-supereffective|p1b: Ting-Lu\n|-damage|p1b: Ting-Lu|50\/100\n|move|p1a: Gyarados|Thunder Wave|p2a: Palafin|[miss]\n|-miss|p1a: Gyarados|p2a: Palafin\n|move|p2a: Palafin|Wave Crash|p1b: Ting-Lu\n|-supereffective|p1b: Ting-Lu\n|-damage|p1b: Ting-Lu|3\/100\n|-damage|p2a: Palafin|82\/100|[from] Recoil\n|move|p1b: Ting-Lu|Heavy Slam|p2b: Flutter Mane\n|-supereffective|p2b: Flutter Mane\n|-damage|p2b: Flutter Mane|0 fnt\n|faint|p2b: Flutter Mane\n|-end|p2b: Flutter Mane|Protosynthesis|[silent]\n|\n|upkeep\n|\n|t:|1684152238\n|switch|p2b: Arcanine|Arcanine, L50, M|100\/100\n|-ability|p2b: Arcanine|Intimidate|boost\n|-unboost|p1a: Gyarados|atk|1\n|-unboost|p1b: Ting-Lu|atk|1\n|turn|2\n|\n|t:|1684152262\n|detailschange|p2a: Palafin|Palafin-Hero, L50, M, shiny\n|switch|p2a: Amoonguss|Amoonguss, L50, F, shiny|100\/100\n|switch|p1b: Orthworm|Orthworm, L50, F|100\/100\n|move|p1a: Gyarados|Thunder Wave|p2b: Arcanine\n|-status|p2b: Arcanine|par\n|move|p2b: Arcanine|Will-O-Wisp|p1b: Orthworm\n|-status|p1b: Orthworm|brn\n|\n|-damage|p1b: Orthworm|94\/100 brn|[from] brn\n|upkeep\n|turn|3\n|\n|t:|1684152287\n|move|p1a: Gyarados|Rain Dance|p1a: Gyarados\n|-weather|RainDance\n|move|p1b: Orthworm|Shed Tail|p1b: Orthworm\n|-start|p1b: Orthworm|Substitute|[from] move: Shed Tail\n|-damage|p1b: Orthworm|44\/100 brn\n|-enditem|p1b: Orthworm|Sitrus Berry|[eat]\n|-heal|p1b: Orthworm|69\/100 brn|[from] item: Sitrus Berry\n|\n|t:|1684152301\n|switch|p1b: Flutter Mane|Flutter Mane, L50|100\/100|[from] Shed Tail\n|move|p2b: Arcanine|Flare Blitz|p1b: Flutter Mane\n|-end|p1b: Flutter Mane|Substitute\n|-damage|p2b: Arcanine|93\/100 par|[from] Recoil|[of] p1b: Flutter Mane\n|move|p2a: Amoonguss|Spore|p1a: Gyarados\n|-status|p1a: Gyarados|slp|[from] move: Spore\n|\n|-weather|RainDance|[upkeep]\n|upkeep\n|turn|4\n|inactive|RonJohn has 30 seconds left.\n|inactive|RonJohn has 20 seconds left.\n|\n|t:|1684152337\n|switch|p1a: Orthworm|Orthworm, L50, F|69\/100 brn\n|-terastallize|p1b: Flutter Mane|Fairy\n|move|p1b: Flutter Mane|Dazzling Gleam|p2a: Amoonguss|[spread] p2a,p2b\n|-resisted|p2a: Amoonguss\n|-resisted|p2b: Arcanine\n|-damage|p2a: Amoonguss|72\/100\n|-damage|p2b: Arcanine|57\/100 par\n|move|p2b: Arcanine|Flare Blitz|p1b: Flutter Mane\n|-damage|p1b: Flutter Mane|38\/100\n|-damage|p2b: Arcanine|43\/100 par|[from] Recoil\n|move|p2a: Amoonguss|Spore|p1b: Flutter Mane\n|-status|p1b: Flutter Mane|slp|[from] move: Spore\n|\n|-weather|RainDance|[upkeep]\n|-damage|p1a: Orthworm|63\/100 brn|[from] brn\n|upkeep\n|turn|5\n|inactive|Dezgun has 30 seconds left.\n|\n|t:|1684152362\n|switch|p2b: Palafin|Palafin-Hero, L50, M, shiny|82\/100\n|-activate|p2b: Palafin|ability: Zero to Hero\n|cant|p1b: Flutter Mane|slp\n|move|p1a: Orthworm|Body Press|p2b: Palafin\n|-crit|p2b: Palafin\n|-damage|p2b: Palafin|63\/100\n|move|p2a: Amoonguss|Pollen Puff|p2b: Palafin\n|-heal|p2b: Palafin|100\/100\n|\n|-weather|RainDance|[upkeep]\n|-damage|p1a: Orthworm|57\/100 brn|[from] brn\n|upkeep\n|turn|6\n|inactive|Dezgun has 30 seconds left.\n|\n|t:|1684152389\n|switch|p1a: Gyarados|Gyarados, L50, F|100\/100 slp\n|-ability|p1a: Gyarados|Intimidate|boost\n|-unboost|p2a: Amoonguss|atk|1\n|-unboost|p2b: Palafin|atk|1\n|switch|p2a: Arcanine|Arcanine, L50, M|43\/100 par\n|-ability|p2a: Arcanine|Intimidate|boost\n|-unboost|p1a: Gyarados|atk|1\n|-unboost|p1b: Flutter Mane|atk|1\n|move|p2b: Palafin|Jet Punch|p1b: Flutter Mane\n|-damage|p1b: Flutter Mane|0 fnt\n|faint|p1b: Flutter Mane\n|-end|p1b: Flutter Mane|Protosynthesis|[silent]\n|\n|-weather|RainDance|[upkeep]\n|upkeep\n|\n|t:|1684152407\n|switch|p1b: Orthworm|Orthworm, L50, F|57\/100 brn\n|turn|7\n|\n|t:|1684152422\n|switch|p1a: Ting-Lu|Ting-Lu, L50|3\/100\n|-ability|p1a: Ting-Lu|Vessel of Ruin\n|move|p1b: Orthworm|Protect|p1b: Orthworm\n|-singleturn|p1b: Orthworm|Protect\n|move|p2b: Palafin|Wave Crash|p1a: Ting-Lu\n|-supereffective|p1a: Ting-Lu\n|-damage|p1a: Ting-Lu|0 fnt\n|faint|p1a: Ting-Lu\n|-damage|p2b: Palafin|99\/100|[from] Recoil\n|cant|p2a: Arcanine|par\n|\n|-weather|RainDance|[upkeep]\n|-damage|p1b: Orthworm|50\/100 brn|[from] brn\n|upkeep\n|\n|t:|1684152439\n|switch|p1a: Gyarados|Gyarados, L50, F|100\/100 slp\n|-ability|p1a: Gyarados|Intimidate|boost\n|-unboost|p2a: Arcanine|atk|1\n|-unboost|p2b: Palafin|atk|1\n|turn|8\n|\n|t:|1684152456\n|switch|p2a: Amoonguss|Amoonguss, L50, F, shiny|100\/100\n|cant|p1a: Gyarados|slp\n|move|p2b: Palafin|Haze|p2b: Palafin\n|-clearallboost\n|move|p1b: Orthworm|Body Press|p2a: Amoonguss\n|-resisted|p2a: Amoonguss\n|-damage|p2a: Amoonguss|96\/100\n|\n|-weather|RainDance|[upkeep]\n|-damage|p1b: Orthworm|44\/100 brn|[from] brn\n|upkeep\n|turn|9\n|\n|t:|1684152474\n|-terastallize|p2b: Palafin|Water\n|move|p1b: Orthworm|Protect|p1b: Orthworm\n|-singleturn|p1b: Orthworm|Protect\n|move|p2a: Amoonguss|Rage Powder|p2a: Amoonguss\n|-singleturn|p2a: Amoonguss|move: Rage Powder\n|cant|p1a: Gyarados|slp\n|move|p2b: Palafin|Wave Crash|p1a: Gyarados\n|-resisted|p1a: Gyarados\n|-damage|p1a: Gyarados|3\/100 slp\n|-damage|p2b: Palafin|67\/100|[from] Recoil\n|\n|-weather|RainDance|[upkeep]\n|-damage|p1b: Orthworm|38\/100 brn|[from] brn\n|upkeep\n|turn|10\n|\n|t:|1684152492\n|move|p2b: Palafin|Jet Punch|p1a: Gyarados\n|-resisted|p1a: Gyarados\n|-damage|p1a: Gyarados|0 fnt\n|faint|p1a: Gyarados\n|move|p1b: Orthworm|Body Press|p2b: Palafin\n|-damage|p2b: Palafin|56\/100\n|move|p2a: Amoonguss|Pollen Puff|p2b: Palafin\n|-heal|p2b: Palafin|100\/100\n|\n|-weather|none\n|-damage|p1b: Orthworm|32\/100 brn|[from] brn\n|upkeep\n|turn|11\n|\n|t:|1684152507\n|switch|p2a: Arcanine|Arcanine, L50, M|43\/100 par\n|-ability|p2a: Arcanine|Intimidate|boost\n|-unboost|p1b: Orthworm|atk|1\n|move|p2b: Palafin|Jet Punch|p1b: Orthworm\n|-damage|p1b: Orthworm|0 fnt\n|faint|p1b: Orthworm\n|\n|win|Dezgun\n|raw|RonJohn's rating: 1358 → 1337<\/strong> (-21 for losing)\n|raw|Dezgun's rating: 1336 → 1357<\/strong> (+21 for winning)\n|l|\u2606Dezgun\n","uploadtime":1684152519,"views":14,"p1id":"ronjohn","p2id":"dezgun","formatid":"gen9vgc2023regulationc","rating":1337,"private":0,"password":""}