{"id":"gen9vgc2023regulationc-1864158439","p1":"splitsolace","p2":"M175128050523","format":"[Gen 9] VGC 2023 Regulation C","log":"|j|\u2606splitsolace\n|j|\u2606M175128050523\n|t:|1684126910\n|gametype|doubles\n|player|p1|splitsolace|102|1102\n|player|p2|M175128050523|silver|1169\n|teamsize|p1|6\n|teamsize|p2|6\n|gen|9\n|tier|[Gen 9] VGC 2023 Regulation C\n|rated|\n|rule|Species Clause: Limit one of each Pok\u00e9mon\n|rule|Item Clause: Limit one of each item\n|clearpoke\n|poke|p1|Farigiraf, L50, M|\n|poke|p1|Kingambit, L50, M|\n|poke|p1|Ting-Lu, L50|\n|poke|p1|Gardevoir, L50, F|\n|poke|p1|Gyarados, L50, M|\n|poke|p1|Amoonguss, L50, F|\n|poke|p2|Orthworm, L50, M|\n|poke|p2|Iron Hands, L50|\n|poke|p2|Flutter Mane, L50|\n|poke|p2|Gholdengo, L50|\n|poke|p2|Gyarados, L50, M|\n|poke|p2|Ting-Lu, L50|\n|teampreview|4\nM175128050523 has agreed to open team sheets.\nsplitsolace rejected open team sheets.\n|inactive|Battle timer is ON: inactive players will automatically lose when time's up. (requested by splitsolace)\n|inactive|M175128050523 has 60 seconds left.\n|\n|t:|1684126966\n|start\n|switch|p1a: Farigiraf|Farigiraf, L50, M|100\/100\n|switch|p1b: Aria|Gardevoir, L50, F|100\/100\n|switch|p2a: Orthworm|Orthworm, L50, M|100\/100\n|switch|p2b: Flutter Mane|Flutter Mane, L50|100\/100\n|turn|1\n|\n|t:|1684126986\n|-end|p2b: Flutter Mane|Protosynthesis|[silent]\n|switch|p2b: Ting-Lu|Ting-Lu, L50|100\/100\n|-ability|p2b: Ting-Lu|Vessel of Ruin\n|switch|p1b: Kingambit|Kingambit, L50, M|100\/100\n|move|p2a: Orthworm|Shed Tail|p2a: Orthworm\n|-start|p2a: Orthworm|Substitute|[from] move: Shed Tail\n|-damage|p2a: Orthworm|50\/100\n|-enditem|p2a: Orthworm|Sitrus Berry|[eat]\n|-heal|p2a: Orthworm|75\/100|[from] item: Sitrus Berry\n|\n|t:|1684126999\n|switch|p2a: Flutter Mane|Flutter Mane, L50|100\/100|[from] Shed Tail\n|move|p1a: Farigiraf|Trick Room|p1a: Farigiraf\n|-fieldstart|move: Trick Room|[of] p1a: Farigiraf\n|\n|upkeep\n|turn|2\n|inactive|splitsolace has 30 seconds left.\n|inactive|splitsolace has 20 seconds left.\n|\n|t:|1684127038\n|move|p2a: Flutter Mane|Protect|p2a: Flutter Mane\n|-singleturn|p2a: Flutter Mane|Protect\n|move|p1a: Farigiraf|Psyshock|p2a: Flutter Mane\n|-activate|p2a: Flutter Mane|move: Protect\n|move|p1b: Kingambit|Iron Head|p2a: Flutter Mane\n|-activate|p2a: Flutter Mane|move: Protect\n|move|p2b: Ting-Lu|Earthquake|p1a: Farigiraf|[spread] p1a,p1b\n|-activate|p2a: Flutter Mane|move: Protect\n|-supereffective|p1b: Kingambit\n|-damage|p1a: Farigiraf|70\/100\n|-damage|p1b: Kingambit|57\/100\n|\n|upkeep\n|turn|3\n|\n|t:|1684127060\n|switch|p2b: Orthworm|Orthworm, L50, M|75\/100\n|move|p1a: Farigiraf|Psyshock|p2a: Flutter Mane\n|-end|p2a: Flutter Mane|Substitute\n|move|p1b: Kingambit|Iron Head|p2a: Flutter Mane\n|-supereffective|p2a: Flutter Mane\n|-enditem|p2a: Flutter Mane|Focus Sash\n|-damage|p2a: Flutter Mane|1\/100\n|cant|p2a: Flutter Mane|flinch\n|\n|upkeep\n|turn|4\n|inactive|splitsolace has 30 seconds left.\n|\n|t:|1684127090\n|-end|p2a: Flutter Mane|Protosynthesis|[silent]\n|switch|p2a: Ting-Lu|Ting-Lu, L50|100\/100\n|-ability|p2a: Ting-Lu|Vessel of Ruin\n|-terastallize|p1b: Kingambit|Dark\n|move|p1a: Farigiraf|Psyshock|p2b: Orthworm\n|-resisted|p2b: Orthworm\n|-damage|p2b: Orthworm|65\/100\n|move|p1b: Kingambit|Kowtow Cleave|p2b: Orthworm\n|-damage|p2b: Orthworm|8\/100\n|move|p2b: Orthworm|Shed Tail|p2b: Orthworm\n|-fail|p2b: Orthworm|move: Shed Tail|[weak]\n|\n|upkeep\n|turn|5\n|inactive|M175128050523 has 30 seconds left.\n|\n|t:|1684127120\n|move|p1a: Farigiraf|Hyper Voice|p2a: Ting-Lu|[spread] p2a,p2b\n|-resisted|p2b: Orthworm\n|-crit|p2b: Orthworm\n|-damage|p2a: Ting-Lu|89\/100\n|-damage|p2b: Orthworm|0 fnt\n|faint|p2b: Orthworm\n|move|p1b: Kingambit|Kowtow Cleave|p2a: Ting-Lu\n|-resisted|p2a: Ting-Lu\n|-damage|p2a: Ting-Lu|67\/100\n|move|p2a: Ting-Lu|Earthquake|p1a: Farigiraf|[spread] p1a,p1b\n|-damage|p1a: Farigiraf|43\/100\n|-damage|p1b: Kingambit|38\/100\n|\n|-fieldend|move: Trick Room\n|upkeep\n|inactive|M175128050523 has 30 seconds left.\n|\n|t:|1684127146\n|switch|p2b: Gyarados|Gyarados, L50, M|100\/100\n|-ability|p2b: Gyarados|Intimidate|boost\n|-unboost|p1a: Farigiraf|atk|1\n|-unboost|p1b: Kingambit|atk|1\n|-ability|p1b: Kingambit|Defiant|boost\n|-boost|p1b: Kingambit|atk|2\n|turn|6\n|\n|t:|1684127167\n|-terastallize|p2a: Ting-Lu|Ground\n|move|p2b: Gyarados|Protect|p2b: Gyarados\n|-singleturn|p2b: Gyarados|Protect\n|move|p2a: Ting-Lu|Earthquake|p1b: Kingambit|[spread] p1a,p1b\n|-activate|p2b: Gyarados|move: Protect\n|-damage|p1a: Farigiraf|6\/100\n|-damage|p1b: Kingambit|11\/100\n|move|p1b: Kingambit|Kowtow Cleave|p2b: Gyarados\n|-activate|p2b: Gyarados|move: Protect\n|move|p1a: Farigiraf|Trick Room|p1a: Farigiraf\n|-fieldstart|move: Trick Room|[of] p1a: Farigiraf\n|\n|upkeep\n|turn|7\n|\n|t:|1684127190\n|move|p2b: Gyarados|Protect||[still]\n|-fail|p2b: Gyarados\n|move|p1a: Farigiraf|Hyper Voice|p2a: Ting-Lu|[spread] p2a,p2b\n|-damage|p2a: Ting-Lu|55\/100\n|-damage|p2b: Gyarados|79\/100\n|move|p1b: Kingambit|Kowtow Cleave|p2b: Gyarados\n|-damage|p2b: Gyarados|0 fnt\n|faint|p2b: Gyarados\n|move|p2a: Ting-Lu|Earthquake|p1b: Kingambit|[spread] p1a,p1b\n|-crit|p1b: Kingambit\n|-damage|p1a: Farigiraf|0 fnt\n|-damage|p1b: Kingambit|0 fnt\n|faint|p1a: Farigiraf\n|faint|p1b: Kingambit\n|\n|upkeep\n|\n|t:|1684127206\n|switch|p1a: Aria|Gardevoir, L50, F|100\/100\n|switch|p1b: Gon|Ting-Lu, L50|100\/100\n|switch|p2b: Flutter Mane|Flutter Mane, L50|1\/100\n|-ability|p1b: Gon|Vessel of Ruin\n|turn|8\n|\n|t:|1684127222\n|move|p2b: Flutter Mane|Protect|p2b: Flutter Mane\n|-singleturn|p2b: Flutter Mane|Protect\n|move|p2a: Ting-Lu|Earthquake|p1b: Gon|[spread] p1a,p1b\n|-activate|p2b: Flutter Mane|move: Protect\n|-damage|p1a: Aria|42\/100\n|-damage|p1b: Gon|76\/100\n|move|p1b: Gon|Earthquake|p2a: Ting-Lu|[spread] p2a\n|-activate|p2b: Flutter Mane|move: Protect\n|-activate|p1a: Aria|ability: Telepathy\n|-damage|p2a: Ting-Lu|35\/100\n|move|p1a: Aria|Dazzling Gleam|p2a: Ting-Lu|[spread] p2a\n|-activate|p2b: Flutter Mane|move: Protect\n|-damage|p2a: Ting-Lu|15\/100\n|-enditem|p2a: Ting-Lu|Aguav Berry|[eat]\n|-heal|p2a: Ting-Lu|48\/100|[from] item: Aguav Berry\n|\n|upkeep\n|turn|9\n|\n|t:|1684127245\n|move|p2b: Flutter Mane|Protect|p2b: Flutter Mane\n|-singleturn|p2b: Flutter Mane|Protect\n|move|p2a: Ting-Lu|Earthquake|p1a: Aria|[spread] p1a,p1b\n|-activate|p2b: Flutter Mane|move: Protect\n|-damage|p1a: Aria|0 fnt\n|-damage|p1b: Gon|53\/100\n|faint|p1a: Aria\n|move|p1b: Gon|Earthquake|p2a: Ting-Lu|[spread] p2a\n|-activate|p2b: Flutter Mane|move: Protect\n|-damage|p2a: Ting-Lu|30\/100\n|\n|upkeep\n|turn|10\n|\n|t:|1684127265\n|move|p2b: Flutter Mane|Protect||[still]\n|-fail|p2b: Flutter Mane\n|move|p2a: Ting-Lu|Earthquake|p1b: Gon|[spread] p2b,p1b\n|-damage|p2b: Flutter Mane|0 fnt\n|-damage|p1b: Gon|31\/100\n|faint|p2b: Flutter Mane\n|-end|p2b: Flutter Mane|Protosynthesis|[silent]\n|move|p1b: Gon|Earthquake|p2a: Ting-Lu\n|-damage|p2a: Ting-Lu|5\/100\n|\n|-fieldend|move: Trick Room\n|upkeep\n|turn|11\n|c|\u2606splitsolace|gg\n|\n|t:|1684127278\n|move|p1b: Gon|Stomping Tantrum|p2a: Ting-Lu\n|-damage|p2a: Ting-Lu|0 fnt\n|faint|p2a: Ting-Lu\n|\n|win|splitsolace\n|raw|splitsolace's rating: 1102 → 1132<\/strong> (+30 for winning)\n|raw|M175128050523's rating: 1169 → 1139<\/strong> (-30 for losing)\n|l|\u2606splitsolace\n","uploadtime":1684127284,"views":5,"p1id":"splitsolace","p2id":"m175128050523","formatid":"gen9vgc2023regulationc","rating":1132,"private":0,"password":""}