{"id":"gen9vgc2023regulationc-1845745782","p1":"fo50","p2":"Ffi Teys","format":"[Gen 9] VGC 2023 Regulation C","log":"|j|\u2606fo50\n|j|\u2606Ffi Teys\n|t:|1681760681\n|gametype|doubles\n|player|p1|fo50|2|1095\n|player|p2|Ffi Teys|265|1160\n|teamsize|p1|6\n|teamsize|p2|6\n|gen|9\n|tier|[Gen 9] VGC 2023 Regulation C\n|rated|\n|rule|Species Clause: Limit one of each Pok\u00e9mon\n|rule|Item Clause: Limit one of each item\n|clearpoke\n|poke|p1|Scovillain, L50, M|\n|poke|p1|Dragonite, L50, F|\n|poke|p1|Tinkaton, L50, F|\n|poke|p1|Garchomp, L50, M|\n|poke|p1|Torkoal, L50, M|\n|poke|p1|Scizor, L50, F|\n|poke|p2|Rotom-Frost, L50|\n|poke|p2|Gyarados, L50, M|\n|poke|p2|Great Tusk, L50|\n|poke|p2|Kingambit, L50, F|\n|poke|p2|Talonflame, L50, F|\n|poke|p2|Oranguru, L50, M|\n|teampreview|4\n|inactive|Battle timer is ON: inactive players will automatically lose when time's up. (requested by fo50)\n|\n|t:|1681760739\n|start\n|switch|p1a: Scizor|Scizor, L50, F|100\/100\n|switch|p1b: Tinkaton|Tinkaton, L50, F|100\/100\n|switch|p2a: Talonflame|Talonflame, L50, F|100\/100\n|switch|p2b: Great Tusk|Great Tusk, L50|100\/100\n|-enditem|p2b: Great Tusk|Booster Energy\n|-activate|p2b: Great Tusk|ability: Protosynthesis|[fromitem]\n|-start|p2b: Great Tusk|protosynthesisatk\n|turn|1\n|\n|t:|1681760761\n|switch|p2a: Gyarados|Gyarados, L50, M|100\/100\n|-ability|p2a: Gyarados|Intimidate|boost\n|-unboost|p1a: Scizor|atk|1\n|-fail|p1b: Tinkaton|unboost|Attack|[from] ability: Own Tempo|[of] p1b: Tinkaton\n|-terastallize|p1a: Scizor|Flying\n|move|p1b: Tinkaton|Fake Out|p2a: Gyarados\n|-damage|p2a: Gyarados|90\/100\n|move|p2b: Great Tusk|Earthquake|p1b: Tinkaton|[spread] p1b\n|-immune|p2a: Gyarados\n|-immune|p1a: Scizor\n|-supereffective|p1b: Tinkaton\n|-crit|p1b: Tinkaton\n|-damage|p1b: Tinkaton|0 fnt\n|faint|p1b: Tinkaton\n|move|p1a: Scizor|Trailblaze|p2b: Great Tusk\n|-supereffective|p2b: Great Tusk\n|-damage|p2b: Great Tusk|73\/100\n|-boost|p1a: Scizor|spe|1\n|\n|upkeep\n|\n|t:|1681760785\n|switch|p1b: Dragonite|Dragonite, L50, F|100\/100\n|turn|2\n|inactive|Ffi Teys has 30 seconds left.\n|inactive|fo50 has 30 seconds left.\n|inactive|Ffi Teys has 20 seconds left.\n|\n|t:|1681760825\n|move|p2b: Great Tusk|Protect|p2b: Great Tusk\n|-singleturn|p2b: Great Tusk|Protect\n|move|p2a: Gyarados|Stone Edge|p1a: Scizor|[miss]\n|-miss|p2a: Gyarados|p1a: Scizor\n|move|p1b: Dragonite|Ice Spinner|p2a: Gyarados\n|-damage|p2a: Gyarados|47\/100\n|move|p1a: Scizor|Trailblaze|p2a: Gyarados\n|-crit|p2a: Gyarados\n|-damage|p2a: Gyarados|0 fnt\n|-boost|p1a: Scizor|spe|1\n|faint|p2a: Gyarados\n|\n|upkeep\n|\n|t:|1681760840\n|switch|p2a: Talonflame|Talonflame, L50, F|100\/100\n|turn|3\n|\n|t:|1681760864\n|move|p1b: Dragonite|Extreme Speed|p2a: Talonflame\n|-damage|p2a: Talonflame|55\/100\n|move|p2a: Talonflame|Tailwind|p2a: Talonflame\n|-sidestart|p2: Ffi Teys|move: Tailwind\n|move|p2b: Great Tusk|Close Combat|p1a: Scizor\n|-resisted|p1a: Scizor\n|-damage|p1a: Scizor|59\/100\n|-unboost|p2b: Great Tusk|def|1\n|-unboost|p2b: Great Tusk|spd|1\n|move|p1a: Scizor|Trailblaze|p2b: Great Tusk\n|-supereffective|p2b: Great Tusk\n|-damage|p2b: Great Tusk|28\/100\n|-boost|p1a: Scizor|spe|1\n|\n|upkeep\n|turn|4\n|inactive|fo50 has 30 seconds left.\n|inactive|fo50 has 20 seconds left.\n|\n|t:|1681760904\n|move|p1b: Dragonite|Extreme Speed|p2a: Talonflame\n|-damage|p2a: Talonflame|6\/100\n|move|p2a: Talonflame|Will-O-Wisp|p1b: Dragonite\n|-status|p1b: Dragonite|brn\n|move|p2b: Great Tusk|Close Combat|p1a: Scizor\n|-resisted|p1a: Scizor\n|-damage|p1a: Scizor|14\/100\n|-unboost|p2b: Great Tusk|def|1\n|-unboost|p2b: Great Tusk|spd|1\n|-enditem|p1a: Scizor|Sitrus Berry|[eat]\n|-heal|p1a: Scizor|39\/100|[from] item: Sitrus Berry\n|move|p1a: Scizor|Acrobatics|p2a: Talonflame\n|-damage|p2a: Talonflame|0 fnt\n|faint|p2a: Talonflame\n|\n|-damage|p1b: Dragonite|94\/100 brn|[from] brn\n|upkeep\n|\n|t:|1681760920\n|switch|p2a: Kingambit|Kingambit, L50, F|100\/100\n|turn|5\n|\n|t:|1681760942\n|move|p1a: Scizor|Bullet Punch|p2b: Great Tusk\n|-damage|p2b: Great Tusk|0 fnt\n|faint|p2b: Great Tusk\n|-end|p2b: Great Tusk|Protosynthesis|[silent]\n|move|p2a: Kingambit|Kowtow Cleave|p1a: Scizor\n|-damage|p1a: Scizor|0 fnt\n|faint|p1a: Scizor\n|move|p1b: Dragonite|Earthquake|p2a: Kingambit\n|-supereffective|p2a: Kingambit\n|-damage|p2a: Kingambit|72\/100\n|\n|-damage|p1b: Dragonite|88\/100 brn|[from] brn\n|upkeep\n|\n|t:|1681760956\n|switch|p1a: Garchomp|Garchomp, L50, M|100\/100\n|turn|6\n|\n|t:|1681760967\n|-terastallize|p2a: Kingambit|Flying\n|move|p1a: Garchomp|Earthquake|p2a: Kingambit|[spread] \n|-immune|p1b: Dragonite\n|-immune|p2a: Kingambit\n|move|p2a: Kingambit|Kowtow Cleave|p1a: Garchomp\n|-damage|p1a: Garchomp|48\/100\n|-damage|p2a: Kingambit|59\/100|[from] ability: Rough Skin|[of] p1a: Garchomp\n|move|p1b: Dragonite|Fire Punch|p2a: Kingambit\n|-damage|p2a: Kingambit|48\/100\n|\n|-damage|p1b: Dragonite|82\/100 brn|[from] brn\n|-sideend|p2: Ffi Teys|move: Tailwind\n|upkeep\n|turn|7\n|\n|t:|1681760991\n|move|p1a: Garchomp|Thunder Fang|p2a: Kingambit\n|-supereffective|p2a: Kingambit\n|-damage|p2a: Kingambit|10\/100\n|move|p1b: Dragonite|Ice Spinner|p2a: Kingambit\n|-supereffective|p2a: Kingambit\n|-damage|p2a: Kingambit|0 fnt\n|faint|p2a: Kingambit\n|\n|win|fo50\n|raw|fo50's rating: 1095 → 1126<\/strong> (+31 for winning)\n|raw|Ffi Teys's rating: 1160 → 1130<\/strong> (-30 for losing)\n|l|\u2606Ffi Teys\n","uploadtime":1681761001,"views":6,"p1id":"fo50","p2id":"ffiteys","formatid":"gen9vgc2023regulationc","rating":1126,"private":0,"password":""}