{"id":"gen9vgc2023regulationc-1850031876","p1":"desuvgc","p2":"Feis","format":"[Gen 9] VGC 2023 Regulation C","log":"|j|\u2606desuvgc\n|j|\u2606Feis\n|t:|1682279883\n|gametype|doubles\n|player|p1|desuvgc|265|\n|player|p2|Feis|pokekid|\n|teamsize|p1|6\n|teamsize|p2|6\n|gen|9\n|tier|[Gen 9] VGC 2023 Regulation C\n|rule|Species Clause: Limit one of each Pok\u00e9mon\n|rule|Item Clause: Limit one of each item\n|clearpoke\n|poke|p1|Chien-Pao, L50|\n|poke|p1|Arcanine, L50, F|\n|poke|p1|Amoonguss, L50, F|\n|poke|p1|Gholdengo, L50|\n|poke|p1|Palafin, L50, M|\n|poke|p1|Dragonite, L50, M|\n|poke|p2|Baxcalibur, L50, F|\n|poke|p2|Flutter Mane, L50|\n|poke|p2|Amoonguss, L50, F|\n|poke|p2|Arcanine, L50, F|\n|poke|p2|Ting-Lu, L50|\n|poke|p2|Palafin, L50, F|\n|teampreview|4\n|c|\u2606Feis|g1\nFeis has agreed to open team sheets.\n|c|\u2606desuvgc|g1\ndesuvgc has agreed to open team sheets.\n|c|\u2606desuvgc|glhf\n|c|\u2606Feis|\/log Feis made this room public.\n|c|\u2606Feis|u2\n|j| abhayfive\n|j| tyo\n|j| InkVG\n|j| Carrifran\n|j| Orangex337\n|j| templevgc\n|j| lemonade larry\n|l|lemonadelarry\n|j| animus\n|j| duckpond\n|j| Rey9vgc\n|j| CollinNishimura\n|j| benjinotnice\n|j| Clipperz\n|l| Rey9vgc\n|j| JMOdri\n|j| Tekagt\n|\n|t:|1682280083\n|start\n|switch|p1a: Gholdengo|Gholdengo, L50|100\/100\n|switch|p1b: Palafin|Palafin, L50, M|100\/100\n|switch|p2a: Arcanine|Arcanine, L50, F|100\/100\n|switch|p2b: Baxcalibur|Baxcalibur, L50, F|100\/100\n|-ability|p2a: Arcanine|Intimidate|boost\n|-unboost|p1a: Gholdengo|atk|1\n|-unboost|p1b: Palafin|atk|1\n|turn|1\n|j| Rey9vgc\n|j| Brevvvvvweeegggggc\n|j| Svenvgc\n|\n|t:|1682280144\n|detailschange|p1b: Palafin|Palafin-Hero, L50, M\n|switch|p1b: Arcanine|Arcanine, L50, F|100\/100\n|-ability|p1b: Arcanine|Intimidate|boost\n|-unboost|p2a: Arcanine|atk|1\n|-fail|p2b: Baxcalibur|unboost|[from] item: Clear Amulet|[of] p2b: Baxcalibur\n|-terastallize|p2b: Baxcalibur|Poison\n|move|p2a: Arcanine|Howl|p2a: Arcanine|[spread] p2a,p2b\n|-boost|p2a: Arcanine|atk|1\n|-boost|p2b: Baxcalibur|atk|1\n|move|p2b: Baxcalibur|Glaive Rush|p1b: Arcanine\n|-damage|p1b: Arcanine|0 fnt\n|-singlemove|p2b: Baxcalibur|Glaive Rush|[silent]\n|faint|p1b: Arcanine\n|move|p1a: Gholdengo|Nasty Plot|p1a: Gholdengo\n|-boost|p1a: Gholdengo|spa|2\n|\n|upkeep\n|j| pokeway96\n|\n|t:|1682280158\n|switch|p1b: Palafin|Palafin-Hero, L50, M|100\/100\n|-activate|p1b: Palafin|ability: Zero to Hero\n|turn|2\n|j| AhriVGC\n|\n|t:|1682280173\n|move|p2b: Baxcalibur|Protect|p2b: Baxcalibur\n|-singleturn|p2b: Baxcalibur|Protect\n|move|p1b: Palafin|Protect|p1b: Palafin\n|-singleturn|p1b: Palafin|Protect\n|move|p2a: Arcanine|Will-O-Wisp|p1b: Palafin\n|-activate|p1b: Palafin|move: Protect\n|move|p1a: Gholdengo|Make It Rain|p2b: Baxcalibur|[spread] p2a\n|-activate|p2b: Baxcalibur|move: Protect\n|-resisted|p2a: Arcanine\n|-damage|p2a: Arcanine|52\/100\n|-unboost|p1a: Gholdengo|spa|1\n|\n|upkeep\n|turn|3\n|j| Fgutd\n|l| Fgutd\n|j| baaaaat_\n|j| FREEDOMFIGHTER28\n|\n|t:|1682280249\n|switch|p2a: Amoonguss|Amoonguss, L50, F|100\/100\n|move|p1b: Palafin|Jet Punch|p2a: Amoonguss\n|-resisted|p2a: Amoonguss\n|-damage|p2a: Amoonguss|79\/100\n|move|p2b: Baxcalibur|Icicle Crash|p1a: Gholdengo\n|-resisted|p1a: Gholdengo\n|-damage|p1a: Gholdengo|69\/100\n|move|p1a: Gholdengo|Make It Rain|p2a: Amoonguss|[spread] p2a,p2b\n|-damage|p2a: Amoonguss|26\/100\n|-damage|p2b: Baxcalibur|42\/100\n|-unboost|p1a: Gholdengo|spa|1\n|-enditem|p2a: Amoonguss|Sitrus Berry|[eat]\n|-heal|p2a: Amoonguss|51\/100|[from] item: Sitrus Berry\n|\n|upkeep\n|turn|4\n|\n|t:|1682280275\n|switch|p2b: Arcanine|Arcanine, L50, F|52\/100\n|-ability|p2b: Arcanine|Intimidate|boost\n|-unboost|p1a: Gholdengo|atk|1\n|-unboost|p1b: Palafin|atk|1\n|move|p1b: Palafin|Substitute|p1b: Palafin\n|-start|p1b: Palafin|Substitute\n|-damage|p1b: Palafin|76\/100\n|move|p1a: Gholdengo|Nasty Plot|p1a: Gholdengo\n|-boost|p1a: Gholdengo|spa|2\n|move|p2a: Amoonguss|Pollen Puff|p2b: Arcanine\n|-heal|p2b: Arcanine|100\/100\n|\n|upkeep\n|turn|5\n|j| Axior\n|j| cyan_vg\n|\n|t:|1682280328\n|-terastallize|p1a: Gholdengo|Water\n|move|p2b: Arcanine|Flare Blitz|p1a: Gholdengo\n|-resisted|p1a: Gholdengo\n|-damage|p1a: Gholdengo|49\/100\n|-enditem|p1a: Gholdengo|Sitrus Berry|[eat]\n|-heal|p1a: Gholdengo|74\/100|[from] item: Sitrus Berry\n|-damage|p2b: Arcanine|94\/100|[from] Recoil\n|move|p1b: Palafin|Wave Crash|p2b: Arcanine\n|-supereffective|p2b: Arcanine\n|-damage|p2b: Arcanine|0 fnt\n|faint|p2b: Arcanine\n|-damage|p1b: Palafin|47\/100|[from] Recoil\n|move|p1a: Gholdengo|Make It Rain|p2a: Amoonguss\n|-damage|p2a: Amoonguss|0 fnt\n|-unboost|p1a: Gholdengo|spa|1\n|faint|p2a: Amoonguss\n|\n|upkeep\n|\n|t:|1682280334\n|switch|p2b: Baxcalibur|Baxcalibur, L50, F, tera:Poison|42\/100\n|switch|p2a: Flutter Mane|Flutter Mane, L50|100\/100\n|turn|6\n|\n|t:|1682280350\n|move|p1a: Gholdengo|Protect|p1a: Gholdengo\n|-singleturn|p1a: Gholdengo|Protect\n|move|p2a: Flutter Mane|Dazzling Gleam|p1b: Palafin|[spread] p1b\n|-activate|p1a: Gholdengo|move: Protect\n|-end|p1b: Palafin|Substitute\n|move|p2b: Baxcalibur|Glaive Rush|p1a: Gholdengo\n|-activate|p1a: Gholdengo|move: Protect\n|move|p1b: Palafin|Wave Crash|p2a: Flutter Mane\n|-damage|p2a: Flutter Mane|22\/100\n|-damage|p1b: Palafin|26\/100|[from] Recoil\n|\n|upkeep\n|turn|7\n|c|\u2606Feis|gg\n|\n|t:|1682280365\n|move|p1b: Palafin|Jet Punch|p2a: Flutter Mane\n|-damage|p2a: Flutter Mane|0 fnt\n|faint|p2a: Flutter Mane\n|-end|p2a: Flutter Mane|Protosynthesis|[silent]\n|move|p2b: Baxcalibur|Glaive Rush|p1a: Gholdengo\n|-damage|p1a: Gholdengo|24\/100\n|-singlemove|p2b: Baxcalibur|Glaive Rush|[silent]\n|move|p1a: Gholdengo|Make It Rain|p2b: Baxcalibur\n|-damage|p2b: Baxcalibur|0 fnt\n|-unboost|p1a: Gholdengo|spa|1\n|faint|p2b: Baxcalibur\n|\n|win|desuvgc\n|l| InkVG\n|l| Orangex337\n|c|\u2606desuvgc|gg\n|l| Carrifran\n|l| benjinotnice\n|j| Carrifran\n|l| Brevvvvvweeegggggc\n|l| pokeway96\n|j| Dunkler Georg\n|l| Carrifran\n|l| duckpond\n|l| JMOdri\n|j| benjinotnice\n|j| pokeway96\n|l| animus\n|j| InkVG\n|l| InkVG\n|l| pokeway96\n|l| benjinotnice\n|j| duckpond\n|j| yarudake\n|l| FREEDOMFIGHTER28\n|l| cyan_vg\n|l|\u2606Feis\n|l| Rey9vgc\n","uploadtime":1682281104,"views":18,"p1id":"desuvgc","p2id":"feis","formatid":"gen9vgc2023regulationc","rating":0,"private":0,"password":""}