{"id":"gen9vgc2023regulationc-1854842409","p1":"HeffNastyy","p2":"SilverDragon550","format":"[Gen 9] VGC 2023 Regulation C","log":"|j|\u2606HeffNastyy\n|j|\u2606SilverDragon550\n|t:|1682872353\n|gametype|doubles\n|player|p1|HeffNastyy|lance|\n|player|p2|SilverDragon550|silver|\n|teamsize|p1|6\n|teamsize|p2|6\n|gen|9\n|tier|[Gen 9] VGC 2023 Regulation C\n|rule|Species Clause: Limit one of each Pok\u00e9mon\n|rule|Item Clause: Limit one of each item\n|clearpoke\n|poke|p1|Garchomp, L50, F|\n|poke|p1|Chien-Pao, L50|\n|poke|p1|Talonflame, L50, F|\n|poke|p1|Gyarados, L50, F|\n|poke|p1|Flutter Mane, L50|\n|poke|p1|Iron Hands, L50|\n|poke|p2|Chien-Pao, L50|\n|poke|p2|Iron Valiant, L50|\n|poke|p2|Amoonguss, L50, M|\n|poke|p2|Dragapult, L50, M|\n|poke|p2|Gyarados, L50, F|\n|poke|p2|Ting-Lu, L50|\n|teampreview|4\n|c|\u2606SilverDragon550|g3\nHeffNastyy has agreed to open team sheets.\nSilverDragon550 has agreed to open team sheets.\n|j| Sunshine Soullink\n|c| Sunshine Soullink|gl hf\n|c|\u2606HeffNastyy|u2\n|c|\u2606SilverDragon550|glhf\n|inactive|Battle timer is ON: inactive players will automatically lose when time's up. (requested by SilverDragon550)\n|c|\u2606HeffNastyy|umm lol\n|l| Sunshine Soullink\n|c|\u2606HeffNastyy|got confused for a second\n|inactive|HeffNastyy has 60 seconds left.\n|inactive|SilverDragon550 has 60 seconds left.\n|inactive|SilverDragon550 has 30 seconds left.\n|inactive|SilverDragon550 has 20 seconds left.\n|inactive|SilverDragon550 has 15 seconds left.\n|inactive|SilverDragon550 has 10 seconds left.\n|\n|t:|1682873434\n|start\n|switch|p1a: Diego|Chien-Pao, L50|100\/100\n|switch|p1b: Lilith|Flutter Mane, L50, shiny|100\/100\n|switch|p2a: Bing Chiling|Chien-Pao, L50|100\/100\n|switch|p2b: Sussy Gussy|Amoonguss, L50, M, shiny|100\/100\n|-ability|p2a: Bing Chiling|Sword of Ruin\n|-ability|p1a: Diego|Sword of Ruin\n|-enditem|p1b: Lilith|Booster Energy\n|-activate|p1b: Lilith|ability: Protosynthesis|[fromitem]\n|-start|p1b: Lilith|protosynthesisspa\n|turn|1\n|inactive|HeffNastyy has 30 seconds left.\n|inactive|SilverDragon550 has 30 seconds left.\n|inactive|SilverDragon550 has 20 seconds left.\n|inactive|SilverDragon550 has 15 seconds left.\n|inactive|SilverDragon550 has 10 seconds left.\n|\n|t:|1682873483\n|switch|p2b: Rage|Gyarados, L50, F|100\/100\n|-ability|p2b: Rage|Intimidate|boost\n|-unboost|p1a: Diego|atk|1\n|-unboost|p1b: Lilith|atk|1\n|move|p2a: Bing Chiling|Protect|p2a: Bing Chiling\n|-singleturn|p2a: Bing Chiling|Protect\n|move|p1a: Diego|Ice Spinner|p2b: Rage\n|-damage|p2b: Rage|59\/100\n|move|p1b: Lilith|Moonblast|p2b: Rage\n|-damage|p2b: Rage|0 fnt\n|faint|p2b: Rage\n|\n|upkeep\n|\n|t:|1682873498\n|switch|p2b: Sussy Gussy|Amoonguss, L50, M, shiny|100\/100\n|turn|2\n|inactive|SilverDragon550 has 30 seconds left.\n|inactive|SilverDragon550 has 20 seconds left.\n|inactive|SilverDragon550 has 15 seconds left.\n|\n|t:|1682873540\n|-terastallize|p1b: Lilith|Fairy\n|-terastallize|p2b: Sussy Gussy|Water\n|move|p2b: Sussy Gussy|Rage Powder|p2b: Sussy Gussy\n|-singleturn|p2b: Sussy Gussy|move: Rage Powder\n|move|p2a: Bing Chiling|Ice Spinner|p1b: Lilith\n|-damage|p1b: Lilith|31\/100\n|move|p1a: Diego|Ice Spinner|p2b: Sussy Gussy\n|-resisted|p2b: Sussy Gussy\n|-damage|p2b: Sussy Gussy|86\/100\n|move|p1b: Lilith|Dazzling Gleam|p2a: Bing Chiling|[spread] p2a,p2b\n|-supereffective|p2a: Bing Chiling\n|-enditem|p2a: Bing Chiling|Focus Sash\n|-damage|p2a: Bing Chiling|1\/100\n|-damage|p2b: Sussy Gussy|37\/100\n|-enditem|p2b: Sussy Gussy|Sitrus Berry|[eat]\n|-heal|p2b: Sussy Gussy|62\/100|[from] item: Sitrus Berry\n|\n|upkeep\n|turn|3\n|inactive|HeffNastyy has 30 seconds left.\n|inactive|SilverDragon550 has 30 seconds left.\n|inactive|HeffNastyy has 20 seconds left.\n|inactive|SilverDragon550 has 20 seconds left.\n|\n|t:|1682873577\n|switch|p1a: Jaws|Gyarados, L50, F, shiny|100\/100\n|-ability|p1a: Jaws|Intimidate|boost\n|-unboost|p2a: Bing Chiling|atk|1\n|-unboost|p2b: Sussy Gussy|atk|1\n|-end|p1b: Lilith|Protosynthesis|[silent]\n|switch|p1b: Riley|Iron Hands, L50|100\/100\n|move|p2b: Sussy Gussy|Rage Powder|p2b: Sussy Gussy\n|-singleturn|p2b: Sussy Gussy|move: Rage Powder\n|move|p2a: Bing Chiling|Ice Spinner|p1b: Riley\n|-damage|p1b: Riley|75\/100\n|\n|upkeep\n|turn|4\n|inactive|SilverDragon550 has 30 seconds left.\n|inactive|SilverDragon550 has 20 seconds left.\n|inactive|SilverDragon550 has 15 seconds left.\n|inactive|SilverDragon550 has 10 seconds left.\n|\n|t:|1682873624\n|move|p2b: Sussy Gussy|Protect|p2b: Sussy Gussy\n|-singleturn|p2b: Sussy Gussy|Protect\n|move|p2a: Bing Chiling|Ice Spinner|p1a: Jaws\n|-damage|p1a: Jaws|72\/100\n|move|p1a: Jaws|Taunt|p2b: Sussy Gussy\n|-activate|p2b: Sussy Gussy|move: Protect\n|move|p1b: Riley|Wild Charge|p2b: Sussy Gussy\n|-activate|p2b: Sussy Gussy|move: Protect\n|\n|upkeep\n|turn|5\n|c|\u2606HeffNastyy|wow you called that\n|inactive|HeffNastyy has 30 seconds left.\n|inactive|SilverDragon550 has 30 seconds left.\n|c|\u2606SilverDragon550|not exactly...\n|inactive|SilverDragon550 has 20 seconds left.\n|\n|t:|1682873663\n|move|p2a: Bing Chiling|Ice Spinner|p1a: Jaws\n|-damage|p1a: Jaws|39\/100\n|-enditem|p1a: Jaws|Sitrus Berry|[eat]\n|-heal|p1a: Jaws|63\/100|[from] item: Sitrus Berry\n|move|p1a: Jaws|Taunt|p2b: Sussy Gussy\n|-start|p2b: Sussy Gussy|move: Taunt\n|move|p1b: Riley|Wild Charge|p2a: Bing Chiling\n|-crit|p2a: Bing Chiling\n|-damage|p2a: Bing Chiling|0 fnt\n|faint|p2a: Bing Chiling\n|-damage|p1b: Riley|75\/100|[from] Recoil\n|cant|p2b: Sussy Gussy|move: Taunt|Spore\n|\n|upkeep\n|\n|t:|1682873672\n|switch|p2a: Love Wins|Iron Valiant, L50|100\/100\n|turn|6\n|c|\u2606HeffNastyy|figured youd just protect pao lol\n|c|\u2606HeffNastyy|or i guess miss clicked\n|\n|t:|1682873695\n|move|p2a: Love Wins|Spirit Break|p1b: Riley\n|-supereffective|p1b: Riley\n|-damage|p1b: Riley|5\/100\n|-unboost|p1b: Riley|spa|1\n|-damage|p2a: Love Wins|90\/100|[from] item: Life Orb\n|move|p1a: Jaws|Thunder Wave|p2a: Love Wins|[miss]\n|-miss|p1a: Jaws|p2a: Love Wins\n|move|p1b: Riley|Wild Charge|p2b: Sussy Gussy\n|-supereffective|p2b: Sussy Gussy\n|-damage|p2b: Sussy Gussy|0 fnt\n|faint|p2b: Sussy Gussy\n|-damage|p1b: Riley|0 fnt|[from] Recoil\n|faint|p1b: Riley\n|-end|p1b: Riley|Quark Drive|[silent]\n|\n|upkeep\n|c|\u2606HeffNastyy|dang\n|c|\u2606SilverDragon550|nah I planned for pao to faint\n|c|\u2606HeffNastyy|fair enough\n|inactive|HeffNastyy has 30 seconds left.\n|\n|t:|1682873722\n|switch|p1b: Diego|Chien-Pao, L50|100\/100\n|-ability|p1b: Diego|Sword of Ruin\n|turn|7\n|c|\u2606SilverDragon550|switching wasnt gonna work I have strong tissue paper lol\n|\n|t:|1682873745\n|move|p1b: Diego|Ice Spinner|p2a: Love Wins\n|-damage|p2a: Love Wins|20\/100\n|move|p2a: Love Wins|Close Combat|p1b: Diego\n|-supereffective|p1b: Diego\n|-enditem|p1b: Diego|Focus Sash\n|-damage|p1b: Diego|1\/100\n|-unboost|p2a: Love Wins|def|1\n|-unboost|p2a: Love Wins|spd|1\n|-damage|p2a: Love Wins|10\/100|[from] item: Life Orb\n|move|p1a: Jaws|Thunder Wave|p2a: Love Wins\n|-status|p2a: Love Wins|par\n|\n|upkeep\n|turn|8\n|c|\u2606SilverDragon550|ggs\n|c|\u2606HeffNastyy|ggs\n|-message|SilverDragon550 forfeited.\n|\n|win|HeffNastyy\n|l|\u2606SilverDragon550\n","uploadtime":1682873820,"views":8,"p1id":"heffnastyy","p2id":"silverdragon550","formatid":"gen9vgc2023regulationc","rating":0,"private":0,"password":""}