{"id":"gen9vgc2023regulationc-1854235935","p1":"titannexus","p2":"Izzywooperstan","format":"[Gen 9] VGC 2023 Regulation C","log":"|j|\u2606titannexus\n|j|\u2606Izzywooperstan\n|t:|1682786951\n|gametype|doubles\n|player|p1|titannexus|acetrainer-gen4|1502\n|player|p2|Izzywooperstan|lady|1397\n|teamsize|p1|6\n|teamsize|p2|6\n|gen|9\n|tier|[Gen 9] VGC 2023 Regulation C\n|rated|\n|rule|Species Clause: Limit one of each Pok\u00e9mon\n|rule|Item Clause: Limit one of each item\n|clearpoke\n|poke|p1|Dondozo, L50, M|\n|poke|p1|Tatsugiri, L50, M|\n|poke|p1|Corviknight, L50, F|\n|poke|p1|Glimmora, L50, M|\n|poke|p1|Flutter Mane, L50|\n|poke|p1|Arcanine, L50, F|\n|poke|p2|Azumarill, L50, F|\n|poke|p2|Baxcalibur, L50, F|\n|poke|p2|Gholdengo, L50|\n|poke|p2|Flutter Mane, L50|\n|poke|p2|Amoonguss, L50, F|\n|poke|p2|Chi-Yu, L50|\n|teampreview|4\n|inactive|Battle timer is ON: inactive players will automatically lose when time's up. (requested by titannexus)\nIzzywooperstan has agreed to open team sheets.\n|inactive|Izzywooperstan has 60 seconds left.\n|\n|t:|1682786986\n|start\n|switch|p1a: Corviknight|Corviknight, L50, F|100\/100\n|switch|p1b: Glimmora|Glimmora, L50, M|100\/100\n|switch|p2a: Gholdengo|Gholdengo, L50|100\/100\n|switch|p2b: Chi-Yu|Chi-Yu, L50|100\/100\n|-ability|p2b: Chi-Yu|Beads of Ruin\n|turn|1\n|\n|t:|1682787008\n|-terastallize|p1a: Corviknight|Fire\n|-terastallize|p2a: Gholdengo|Water\n|move|p2b: Chi-Yu|Dark Pulse|p1b: Glimmora\n|-damage|p1b: Glimmora|29\/100\n|move|p1b: Glimmora|Power Gem|p2b: Chi-Yu\n|-supereffective|p2b: Chi-Yu\n|-damage|p2b: Chi-Yu|12\/100\n|move|p1a: Corviknight|Tera Blast|p2a: Gholdengo\n|-resisted|p2a: Gholdengo\n|-damage|p2a: Gholdengo|77\/100\n|move|p2a: Gholdengo|Thunderbolt|p1a: Corviknight\n|-damage|p1a: Corviknight|24\/100\n|\n|upkeep\n|turn|2\n|\n|t:|1682787027\n|switch|p1b: Dondozo|Dondozo, L50, M|100\/100\n|switch|p1a: Tatsugiri|Tatsugiri, L50, M|100\/100\n|-activate|p1a: Tatsugiri|ability: Commander|[of] p1b: Dondozo\n|-boost|p1b: Dondozo|atk|2\n|-boost|p1b: Dondozo|spa|2\n|-boost|p1b: Dondozo|spe|2\n|-boost|p1b: Dondozo|def|2\n|-boost|p1b: Dondozo|spd|2\n|move|p2b: Chi-Yu|Dark Pulse|p1b: Dondozo\n|-damage|p1b: Dondozo|72\/100\n|move|p2a: Gholdengo|Thunderbolt|p1a: Tatsugiri|[miss]\n|-miss|p2a: Gholdengo|p1a: Tatsugiri\n|\n|upkeep\n|turn|3\n|\n|t:|1682787044\n|move|p2b: Chi-Yu|Protect|p2b: Chi-Yu\n|-singleturn|p2b: Chi-Yu|Protect\n|move|p1b: Dondozo|Earthquake|p2a: Gholdengo|[spread] p2a\n|-miss|p1b: Dondozo|p1a: Tatsugiri\n|-activate|p2b: Chi-Yu|move: Protect\n|-damage|p2a: Gholdengo|40\/100\n|move|p2a: Gholdengo|Thunderbolt|p1b: Dondozo\n|-supereffective|p1b: Dondozo\n|-damage|p1b: Dondozo|5\/100\n|\n|upkeep\n|turn|4\n|\n|t:|1682787058\n|move|p1b: Dondozo|Rest|p1b: Dondozo\n|-status|p1b: Dondozo|slp|[from] move: Rest\n|-heal|p1b: Dondozo|100\/100 slp|[silent]\n|-enditem|p1b: Dondozo|Chesto Berry|[eat]\n|-curestatus|p1b: Dondozo|slp|[msg]\n|move|p2b: Chi-Yu|Dark Pulse|p1b: Dondozo\n|-damage|p1b: Dondozo|73\/100\n|move|p2a: Gholdengo|Thunderbolt|p1b: Dondozo\n|-supereffective|p1b: Dondozo\n|-damage|p1b: Dondozo|13\/100\n|\n|upkeep\n|turn|5\n|\n|t:|1682787072\n|move|p1b: Dondozo|Earthquake|p2a: Gholdengo|[spread] p2a,p2b\n|-miss|p1b: Dondozo|p1a: Tatsugiri\n|-supereffective|p2b: Chi-Yu\n|-damage|p2a: Gholdengo|0 fnt\n|-damage|p2b: Chi-Yu|0 fnt\n|faint|p2a: Gholdengo\n|faint|p2b: Chi-Yu\n|\n|upkeep\n|\n|t:|1682787080\n|switch|p2b: Azumarill|Azumarill, L50, F|100\/100\n|switch|p2a: Amoonguss|Amoonguss, L50, F|100\/100\n|turn|6\n|\n|t:|1682787094\n|move|p2b: Azumarill|Aqua Jet|p1b: Dondozo\n|-resisted|p1b: Dondozo\n|-crit|p1b: Dondozo\n|-damage|p1b: Dondozo|3\/100\n|move|p1b: Dondozo|Earthquake|p2b: Azumarill|[spread] p2a,p2b\n|-miss|p1b: Dondozo|p1a: Tatsugiri\n|-damage|p2a: Amoonguss|67\/100\n|-damage|p2b: Azumarill|57\/100\n|move|p2a: Amoonguss|Spore|p1b: Dondozo\n|-status|p1b: Dondozo|slp|[from] move: Spore\n|\n|upkeep\n|turn|7\n|\n|t:|1682787112\n|move|p2b: Azumarill|Aqua Jet|p1b: Dondozo\n|-resisted|p1b: Dondozo\n|-damage|p1b: Dondozo|0 fnt\n|faint|p1b: Dondozo\n|move|p2a: Amoonguss|Spore|p1a: Tatsugiri\n|-status|p1a: Tatsugiri|slp|[from] move: Spore\n|\n|upkeep\n|\n|t:|1682787119\n|switch|p1b: Glimmora|Glimmora, L50, M|29\/100\n|turn|8\n|\n|t:|1682787127\n|move|p1b: Glimmora|Spiky Shield|p1b: Glimmora\n|-singleturn|p1b: Glimmora|move: Protect\n|move|p2b: Azumarill|Aqua Jet|p1b: Glimmora\n|-activate|p1b: Glimmora|move: Protect\n|-damage|p2b: Azumarill|44\/100|[from] Spiky Shield|[of] p1b: Glimmora\n|cant|p1a: Tatsugiri|slp\n|move|p2a: Amoonguss|Pollen Puff|p2b: Azumarill\n|-heal|p2b: Azumarill|94\/100\n|\n|upkeep\n|turn|9\n|\n|t:|1682787144\n|move|p2b: Azumarill|Aqua Jet|p1b: Glimmora\n|-supereffective|p1b: Glimmora\n|-crit|p1b: Glimmora\n|-damage|p1b: Glimmora|0 fnt\n|-activate|p1b: Glimmora|ability: Toxic Debris\n|-sidestart|p2: Izzywooperstan|move: Toxic Spikes\n|faint|p1b: Glimmora\n|cant|p1a: Tatsugiri|slp\n|move|p2a: Amoonguss|Spore|p1a: Tatsugiri\n|-fail|p1a: Tatsugiri|slp\n|\n|upkeep\n|\n|t:|1682787151\n|switch|p1b: Corviknight|Corviknight, L50, F, tera:Fire|24\/100\n|turn|10\n|\n|t:|1682787160\n|move|p2b: Azumarill|Aqua Jet|p1b: Corviknight\n|-supereffective|p1b: Corviknight\n|-damage|p1b: Corviknight|0 fnt\n|faint|p1b: Corviknight\n|cant|p1a: Tatsugiri|slp\n|move|p2a: Amoonguss|Spore|p1a: Tatsugiri\n|-fail|p1a: Tatsugiri|slp\n|\n|upkeep\n|turn|11\n|-message|titannexus forfeited.\n|\n|win|Izzywooperstan\n|raw|titannexus's rating: 1502 → 1476<\/strong> (-26 for losing)\n|raw|Izzywooperstan's rating: 1397 → 1423<\/strong> (+26 for winning)\n|l|\u2606titannexus\n","uploadtime":1682787187,"views":20,"p1id":"titannexus","p2id":"izzywooperstan","formatid":"gen9vgc2023regulationc","rating":1423,"private":0,"password":""}