{"id":"gen9vgc2023regulationc-1847897258","p1":"FurretTurret","p2":"UmmHaha","format":"[Gen 9] VGC 2023 Regulation C","log":"|j|\u2606FurretTurret\n|j|\u2606UmmHaha\n|t:|1682010879\n|gametype|doubles\n|player|p1|FurretTurret|youngster-gen6xy|1219\n|player|p2|UmmHaha|266|1220\n|teamsize|p1|6\n|teamsize|p2|6\n|gen|9\n|tier|[Gen 9] VGC 2023 Regulation C\n|rated|\n|rule|Species Clause: Limit one of each Pok\u00e9mon\n|rule|Item Clause: Limit one of each item\n|clearpoke\n|poke|p1|Chi-Yu, L50|\n|poke|p1|Amoonguss, L50, M|\n|poke|p1|Dachsbun, L50, F|\n|poke|p1|Annihilape, L50, M|\n|poke|p1|Iron Bundle, L50|\n|poke|p1|Dragonite, L50, F|\n|poke|p2|Farigiraf, L50, M|\n|poke|p2|Palafin, L50, F|\n|poke|p2|Iron Bundle, L50|\n|poke|p2|Talonflame, L50, M|\n|poke|p2|Annihilape, L50, M|\n|poke|p2|Dugtrio, L50, M|\n|teampreview|4\n|inactive|Battle timer is ON: inactive players will automatically lose when time's up. (requested by UmmHaha)\n|c|\u2606FurretTurret|glhf\nFurretTurret has agreed to open team sheets.\n|inactive|FurretTurret has 60 seconds left.\n|inactive|UmmHaha has 60 seconds left.\n|\n|t:|1682010926\n|start\n|switch|p1a: Chi-Yu|Chi-Yu, L50|100\/100\n|switch|p1b: Dachsbun|Dachsbun, L50, F|100\/100\n|switch|p2a: Talonflame|Talonflame, L50, M, shiny|100\/100\n|switch|p2b: Dugtrio|Dugtrio, L50, M, shiny|100\/100\n|-ability|p1a: Chi-Yu|Beads of Ruin\n|turn|1\n|inactive|FurretTurret has 30 seconds left.\n|\n|t:|1682010960\n|-terastallize|p1a: Chi-Yu|Flying\n|move|p2a: Talonflame|Tailwind|p2a: Talonflame\n|-sidestart|p2: UmmHaha|move: Tailwind\n|move|p2b: Dugtrio|Earthquake|p1b: Dachsbun|[spread] p1b\n|-immune|p2a: Talonflame\n|-immune|p1a: Chi-Yu\n|-damage|p1b: Dachsbun|72\/100\n|move|p1a: Chi-Yu|Lava Plume|p2b: Dugtrio|[spread] p2a,p2b\n|-ability|p1b: Dachsbun|Well-Baked Body|boost\n|-boost|p1b: Dachsbun|def|2\n|-resisted|p2a: Talonflame\n|-damage|p2a: Talonflame|67\/100\n|-damage|p2b: Dugtrio|0 fnt\n|faint|p2b: Dugtrio\n|move|p1b: Dachsbun|Body Press|p2a: Talonflame\n|-resisted|p2a: Talonflame\n|-damage|p2a: Talonflame|29\/100\n|\n|upkeep\n|\n|t:|1682010969\n|switch|p2b: Iron Bundle|Iron Bundle, L50, shiny|100\/100\n|-enditem|p2b: Iron Bundle|Booster Energy\n|-activate|p2b: Iron Bundle|ability: Quark Drive|[fromitem]\n|-start|p2b: Iron Bundle|quarkdrivespe\n|turn|2\n|inactive|FurretTurret has 30 seconds left.\n|\n|t:|1682011002\n|switch|p1a: Iron Bundle|Iron Bundle, L50|100\/100\n|move|p2b: Iron Bundle|Freeze-Dry|p1a: Iron Bundle\n|-damage|p1a: Iron Bundle|31\/100\n|move|p2a: Talonflame|Taunt|p1b: Dachsbun\n|-start|p1b: Dachsbun|move: Taunt\n|move|p1b: Dachsbun|Body Press|p2b: Iron Bundle\n|-supereffective|p2b: Iron Bundle\n|-damage|p2b: Iron Bundle|0 fnt\n|faint|p2b: Iron Bundle\n|-end|p2b: Iron Bundle|Quark Drive|[silent]\n|\n|upkeep\n|\n|t:|1682011013\n|switch|p2b: Annihilape|Annihilape, L50, M, shiny|100\/100\n|turn|3\n|inactive|FurretTurret has 30 seconds left.\n|\n|t:|1682011041\n|move|p1a: Iron Bundle|Protect|p1a: Iron Bundle\n|-singleturn|p1a: Iron Bundle|Protect\n|move|p2a: Talonflame|Flare Blitz|p1a: Iron Bundle\n|-activate|p1a: Iron Bundle|move: Protect\n|move|p2b: Annihilape|Bulk Up|p2b: Annihilape\n|-boost|p2b: Annihilape|atk|1\n|-boost|p2b: Annihilape|def|1\n|move|p1b: Dachsbun|Body Press|p2a: Talonflame\n|-resisted|p2a: Talonflame\n|-damage|p2a: Talonflame|0 fnt\n|faint|p2a: Talonflame\n|\n|upkeep\n|turn|4\n|inactive|FurretTurret has 30 seconds left.\n|inactive|FurretTurret has 20 seconds left.\n|\n|t:|1682011077\n|-end|p1a: Iron Bundle|Quark Drive|[silent]\n|switch|p1a: Amoonguss|Amoonguss, L50, M|100\/100\n|move|p2b: Annihilape|Rage Fist|p1a: Amoonguss\n|-damage|p1a: Amoonguss|67\/100\n|move|p1b: Dachsbun|Body Press|p2b: Annihilape\n|-immune|p2b: Annihilape\n|\n|-end|p1b: Dachsbun|move: Taunt\n|-sideend|p2: UmmHaha|move: Tailwind\n|upkeep\n|turn|5\n|\n|t:|1682011098\n|move|p2b: Annihilape|Bulk Up|p2b: Annihilape\n|-boost|p2b: Annihilape|atk|1\n|-boost|p2b: Annihilape|def|1\n|move|p1b: Dachsbun|Wish|p1b: Dachsbun\n|move|p1a: Amoonguss|Spore|p2b: Annihilape\n|-activate|p2b: Annihilape|item: Safety Goggles|Spore\n|\n|upkeep\n|turn|6\n|\n|t:|1682011118\n|switch|p1b: Iron Bundle|Iron Bundle, L50|31\/100\n|move|p2b: Annihilape|Bulk Up|p2b: Annihilape\n|-boost|p2b: Annihilape|atk|1\n|-boost|p2b: Annihilape|def|1\n|move|p1a: Amoonguss|Clear Smog|p2b: Annihilape\n|-resisted|p2b: Annihilape\n|-damage|p2b: Annihilape|92\/100\n|-clearboost|p2b: Annihilape\n|\n|-heal|p1b: Iron Bundle|94\/100|[from] move: Wish|[wisher] Dachsbun\n|upkeep\n|turn|7\n|\n|t:|1682011133\n|move|p1a: Amoonguss|Rage Powder|p1a: Amoonguss\n|-singleturn|p1a: Amoonguss|move: Rage Powder\n|move|p1b: Iron Bundle|Hydro Pump|p2b: Annihilape|[miss]\n|-miss|p1b: Iron Bundle|p2b: Annihilape\n|move|p2b: Annihilape|Drain Punch|p1b: Iron Bundle\n|-supereffective|p1b: Iron Bundle\n|-damage|p1b: Iron Bundle|7\/100\n|-heal|p2b: Annihilape|100\/100|[from] drain|[of] p1b: Iron Bundle\n|\n|upkeep\n|turn|8\n|inactive|FurretTurret has 30 seconds left.\n|\n|t:|1682011164\n|move|p1b: Iron Bundle|Protect|p1b: Iron Bundle\n|-singleturn|p1b: Iron Bundle|Protect\n|move|p2b: Annihilape|Drain Punch|p1b: Iron Bundle\n|-activate|p1b: Iron Bundle|move: Protect\n|move|p1a: Amoonguss|Clear Smog|p2b: Annihilape\n|-resisted|p2b: Annihilape\n|-damage|p2b: Annihilape|93\/100\n|-clearboost|p2b: Annihilape\n|\n|upkeep\n|turn|9\n|\n|t:|1682011181\n|move|p1b: Iron Bundle|Hydro Pump|p2b: Annihilape|[miss]\n|-miss|p1b: Iron Bundle|p2b: Annihilape\n|move|p2b: Annihilape|Rage Fist|p1b: Iron Bundle\n|-damage|p1b: Iron Bundle|0 fnt\n|faint|p1b: Iron Bundle\n|-end|p1b: Iron Bundle|Quark Drive|[silent]\n|move|p1a: Amoonguss|Pollen Puff|p2b: Annihilape\n|-resisted|p2b: Annihilape\n|-damage|p2b: Annihilape|89\/100\n|\n|upkeep\n|\n|t:|1682011192\n|switch|p1b: Chi-Yu|Chi-Yu, L50, tera:Flying|100\/100\n|-ability|p1b: Chi-Yu|Beads of Ruin\n|turn|10\n|\n|t:|1682011207\n|-terastallize|p2b: Annihilape|Fire\n|move|p1b: Chi-Yu|Overheat|p2b: Annihilape\n|-resisted|p2b: Annihilape\n|-damage|p2b: Annihilape|37\/100\n|-unboost|p1b: Chi-Yu|spa|2\n|move|p2b: Annihilape|Rage Fist|p1b: Chi-Yu\n|-damage|p1b: Chi-Yu|0 fnt\n|faint|p1b: Chi-Yu\n|move|p1a: Amoonguss|Pollen Puff|p2b: Annihilape\n|-resisted|p2b: Annihilape\n|-damage|p2b: Annihilape|28\/100\n|\n|upkeep\n|\n|t:|1682011219\n|switch|p1b: Dachsbun|Dachsbun, L50, F|72\/100\n|turn|11\n|\n|t:|1682011225\n|move|p1b: Dachsbun|Helping Hand|p1a: Amoonguss\n|-singleturn|p1a: Amoonguss|Helping Hand|[of] p1b: Dachsbun\n|move|p2b: Annihilape|Rage Fist|p1b: Dachsbun\n|-damage|p1b: Dachsbun|0 fnt\n|faint|p1b: Dachsbun\n|move|p1a: Amoonguss|Clear Smog|p2b: Annihilape\n|-damage|p2b: Annihilape|4\/100\n|-clearboost|p2b: Annihilape\n|\n|upkeep\n|turn|12\n|\n|t:|1682011235\n|move|p2b: Annihilape|Rage Fist|p1a: Amoonguss\n|-damage|p1a: Amoonguss|0 fnt\n|faint|p1a: Amoonguss\n|\n|win|UmmHaha\n|raw|FurretTurret's rating: 1219 → 1194<\/strong> (-25 for losing)\n|raw|UmmHaha's rating: 1220 → 1245<\/strong> (+25 for winning)\n|c|\u2606FurretTurret|gg\n|c|\u2606UmmHaha|Gg\n","uploadtime":1682011261,"views":16,"p1id":"furretturret","p2id":"ummhaha","formatid":"gen9vgc2023regulationc","rating":1194,"private":0,"password":""}