{"id":"gen9vgc2023regulationc-1859221148","p1":"complexplumber","p2":"cosplayLover","format":"[Gen 9] VGC 2023 Regulation C","log":"|j|\u2606complexplumber\n|j|\u2606cosplayLover\n|t:|1683419889\n|gametype|doubles\n|player|p1|complexplumber|supernerd|1604\n|player|p2|cosplayLover|102|1617\n|teamsize|p1|6\n|teamsize|p2|6\n|gen|9\n|tier|[Gen 9] VGC 2023 Regulation C\n|rated|\n|rule|Species Clause: Limit one of each Pok\u00e9mon\n|rule|Item Clause: Limit one of each item\n|clearpoke\n|poke|p1|Arcanine, L50, M|\n|poke|p1|Chien-Pao, L50|\n|poke|p1|Amoonguss, L50, M|\n|poke|p1|Azumarill, L50, M|\n|poke|p1|Flutter Mane, L50|\n|poke|p1|Dragonite, L50, M|\n|poke|p2|Flutter Mane, L50|\n|poke|p2|Palafin, L50, M|\n|poke|p2|Amoonguss, L50, M|\n|poke|p2|Iron Hands, L50|\n|poke|p2|Annihilape, L50, M|\n|poke|p2|Cloyster, L50, M|\n|teampreview|4\n|inactive|Battle timer is ON: inactive players will automatically lose when time's up. (requested by cosplayLover)\n|\n|t:|1683419954\n|start\n|switch|p1a: Flutter Mane|Flutter Mane, L50|100\/100\n|switch|p1b: Dragonite|Dragonite, L50, M|100\/100\n|switch|p2a: Palafin|Palafin, L50, M|100\/100\n|switch|p2b: Annihilape|Annihilape, L50, M|100\/100\n|turn|1\n|\n|t:|1683419974\n|detailschange|p2a: Palafin|Palafin-Hero, L50, M\n|switch|p2a: Iron Hands|Iron Hands, L50|100\/100\n|-terastallize|p2b: Annihilape|Fire\n|move|p1b: Dragonite|Extreme Speed|p2a: Iron Hands\n|-damage|p2a: Iron Hands|79\/100\n|move|p1a: Flutter Mane|Shadow Ball|p2a: Iron Hands\n|-damage|p2a: Iron Hands|47\/100\n|move|p2b: Annihilape|Rage Fist|p1a: Flutter Mane\n|-supereffective|p1a: Flutter Mane\n|-damage|p1a: Flutter Mane|19\/100\n|\n|upkeep\n|turn|2\n|j| merah merona\n|\n|t:|1683419988\n|-terastallize|p1b: Dragonite|Normal\n|move|p2a: Iron Hands|Fake Out|p1b: Dragonite\n|-damage|p1b: Dragonite|85\/100\n|move|p1b: Dragonite|Extreme Speed|p2b: Annihilape\n|-damage|p2b: Annihilape|57\/100\n|move|p1a: Flutter Mane|Shadow Ball|p2b: Annihilape\n|-damage|p2b: Annihilape|9\/100\n|-unboost|p2b: Annihilape|spd|1\n|move|p2b: Annihilape|Bulk Up|p2b: Annihilape\n|-boost|p2b: Annihilape|atk|1\n|-boost|p2b: Annihilape|def|1\n|\n|-heal|p2b: Annihilape|15\/100|[from] item: Leftovers\n|upkeep\n|turn|3\n|inactive|complexplumber has 30 seconds left.\n|\n|t:|1683420022\n|switch|p1b: Arcanine|Arcanine, L50, M|100\/100\n|-ability|p1b: Arcanine|Intimidate|boost\n|-unboost|p2a: Iron Hands|atk|1\n|-unboost|p2b: Annihilape|atk|1\n|move|p2b: Annihilape|Protect|p2b: Annihilape\n|-singleturn|p2b: Annihilape|Protect\n|move|p1a: Flutter Mane|Shadow Ball|p2b: Annihilape\n|-activate|p2b: Annihilape|move: Protect\n|move|p2a: Iron Hands|Drain Punch|p1b: Arcanine\n|-crit|p1b: Arcanine\n|-damage|p1b: Arcanine|37\/100\n|-heal|p2a: Iron Hands|71\/100|[from] drain|[of] p1b: Arcanine\n|\n|-heal|p2b: Annihilape|21\/100|[from] item: Leftovers\n|upkeep\n|turn|4\n|\n|t:|1683420050\n|move|p1b: Arcanine|Protect|p1b: Arcanine\n|-singleturn|p1b: Arcanine|Protect\n|move|p1a: Flutter Mane|Shadow Ball|p2a: Iron Hands\n|-crit|p2a: Iron Hands\n|-damage|p2a: Iron Hands|19\/100\n|move|p2b: Annihilape|Rage Fist|p1b: Arcanine\n|-activate|p1b: Arcanine|move: Protect\n|move|p2a: Iron Hands|Volt Switch|p1a: Flutter Mane\n|-damage|p1a: Flutter Mane|6\/100\n|\n|t:|1683420068\n|-end|p2a: Iron Hands|Quark Drive|[silent]\n|switch|p2a: Cloyster|Cloyster, L50, M|100\/100|[from] Volt Switch\n|\n|-heal|p2b: Annihilape|27\/100|[from] item: Leftovers\n|upkeep\n|turn|5\n|j| xerntest\n|inactive|complexplumber has 30 seconds left.\n|\n|t:|1683420101\n|move|p2a: Cloyster|Ice Shard|p1a: Flutter Mane\n|-damage|p1a: Flutter Mane|0 fnt\n|faint|p1a: Flutter Mane\n|-end|p1a: Flutter Mane|Protosynthesis|[silent]\n|move|p1b: Arcanine|Flare Blitz|p2a: Cloyster\n|-damage|p2a: Cloyster|58\/100\n|-status|p2a: Cloyster|brn\n|-damage|p1b: Arcanine|28\/100|[from] Recoil\n|move|p2b: Annihilape|Drain Punch|p1b: Arcanine\n|-damage|p1b: Arcanine|0 fnt\n|-heal|p2b: Annihilape|39\/100|[from] drain|[of] p1b: Arcanine\n|faint|p1b: Arcanine\n|\n|-heal|p2b: Annihilape|45\/100|[from] item: Leftovers\n|-damage|p2a: Cloyster|52\/100 brn|[from] brn\n|upkeep\n|\n|t:|1683420105\n|switch|p1a: Chien-Pao|Chien-Pao, L50|100\/100\n|switch|p1b: Dragonite|Dragonite, L50, M, tera:Normal|85\/100\n|-ability|p1a: Chien-Pao|Sword of Ruin\n|turn|6\n|\n|t:|1683420128\n|move|p1b: Dragonite|Extreme Speed|p2a: Cloyster\n|-damage|p2a: Cloyster|2\/100 brn\n|move|p1a: Chien-Pao|Sacred Sword|p2b: Annihilape\n|-damage|p2b: Annihilape|3\/100\n|move|p2a: Cloyster|Rock Blast|p1a: Chien-Pao\n|-supereffective|p1a: Chien-Pao\n|-damage|p1a: Chien-Pao|91\/100\n|-supereffective|p1a: Chien-Pao\n|-damage|p1a: Chien-Pao|80\/100\n|-supereffective|p1a: Chien-Pao\n|-damage|p1a: Chien-Pao|69\/100\n|-supereffective|p1a: Chien-Pao\n|-damage|p1a: Chien-Pao|59\/100\n|-supereffective|p1a: Chien-Pao\n|-damage|p1a: Chien-Pao|48\/100\n|-hitcount|p1a: Chien-Pao|5\n|move|p2b: Annihilape|Drain Punch|p1b: Dragonite\n|-supereffective|p1b: Dragonite\n|-damage|p1b: Dragonite|0 fnt\n|-heal|p2b: Annihilape|40\/100|[from] drain|[of] p1b: Dragonite\n|faint|p1b: Dragonite\n|\n|-heal|p2b: Annihilape|46\/100|[from] item: Leftovers\n|-damage|p2a: Cloyster|0 fnt|[from] brn\n|faint|p2a: Cloyster\n|upkeep\n|l| xerntest\n|-message|complexplumber forfeited.\n|\n|win|cosplayLover\n|raw|complexplumber's rating: 1604 → 1585<\/strong> (-19 for losing)\n|raw|cosplayLover's rating: 1617 → 1636<\/strong> (+19 for winning)\n|l|\u2606complexplumber\n|l|\u2606cosplayLover\n","uploadtime":1683420217,"views":6,"p1id":"complexplumber","p2id":"cosplaylover","formatid":"gen9vgc2023regulationc","rating":1585,"private":0,"password":""}