{"id":"gen9vgc2023regulationc-1864077943","p1":"Star407","p2":"Nayotake","format":"[Gen 9] VGC 2023 Regulation C","log":"|j|\u2606Star407\n|j|\u2606Nayotake\n|t:|1684114245\n|gametype|doubles\n|player|p1|Star407|ingo|1273\n|player|p2|Nayotake|guitarist|1225\n|teamsize|p1|6\n|teamsize|p2|6\n|gen|9\n|tier|[Gen 9] VGC 2023 Regulation C\n|rated|\n|rule|Species Clause: Limit one of each Pok\u00e9mon\n|rule|Item Clause: Limit one of each item\n|clearpoke\n|poke|p1|Meowscarada, L50, F|\n|poke|p1|Gastrodon-East, L50, F|\n|poke|p1|Talonflame, L50, F|\n|poke|p1|Gholdengo, L50|\n|poke|p1|Garchomp, L50, M|\n|poke|p1|Sylveon, L50, F|\n|poke|p2|Salamence, L50, F|\n|poke|p2|Farigiraf, L50, M|\n|poke|p2|Iron Hands, L50|\n|poke|p2|Klawf, L50, F|\n|poke|p2|Arboliva, L50, F|\n|poke|p2|Lumineon, L50, M|\n|teampreview|4\n|inactive|Battle timer is ON: inactive players will automatically lose when time's up. (requested by Star407)\nStar407 rejected open team sheets.\n|inactive|Nayotake has 60 seconds left.\n|\n|t:|1684114285\n|start\n|switch|p1a: Talonflame|Talonflame, L50, F|100\/100\n|switch|p1b: Garchomp|Garchomp, L50, M|100\/100\n|switch|p2a: Salamence|Salamence, L50, F|100\/100\n|switch|p2b: Klawf|Klawf, L50, F, shiny|100\/100\n|-ability|p2a: Salamence|Intimidate|boost\n|-unboost|p1a: Talonflame|atk|1\n|-unboost|p1b: Garchomp|atk|1\n|turn|1\n|\n|t:|1684114294\n|move|p2b: Klawf|Protect|p2b: Klawf\n|-singleturn|p2b: Klawf|Protect\n|move|p1a: Talonflame|Tailwind|p1a: Talonflame\n|-sidestart|p1: Star407|move: Tailwind\n|move|p1b: Garchomp|Rock Slide|p2b: Klawf|[spread] \n|-activate|p2b: Klawf|move: Protect\n|-miss|p1b: Garchomp|p2a: Salamence\n|move|p2a: Salamence|Tailwind|p2a: Salamence\n|-sidestart|p2: Nayotake|move: Tailwind\n|\n|upkeep\n|turn|2\n|\n|t:|1684114311\n|move|p1a: Talonflame|Will-O-Wisp|p2b: Klawf|[miss]\n|-miss|p1a: Talonflame|p2b: Klawf\n|move|p1b: Garchomp|Dragon Claw|p2a: Salamence\n|-supereffective|p2a: Salamence\n|-damage|p2a: Salamence|17\/100\n|-damage|p1b: Garchomp|91\/100|[from] item: Life Orb\n|move|p2a: Salamence|Earthquake|p1a: Talonflame|[spread] p2b,p1b\n|-immune|p1a: Talonflame\n|-supereffective|p2b: Klawf\n|-crit|p2b: Klawf\n|-crit|p1b: Garchomp\n|-damage|p2b: Klawf|19\/100\n|-damage|p1b: Garchomp|50\/100\n|-enditem|p2b: Klawf|Weakness Policy\n|-boost|p2b: Klawf|atk|2|[from] item: Weakness Policy\n|-boost|p2b: Klawf|spa|2|[from] item: Weakness Policy\n|-ability|p2b: Klawf|Anger Shell|boost\n|-boost|p2b: Klawf|atk|1\n|-boost|p2b: Klawf|spa|1\n|-boost|p2b: Klawf|spe|1\n|-unboost|p2b: Klawf|def|1\n|-unboost|p2b: Klawf|spd|1\n|-damage|p2a: Salamence|7\/100|[from] item: Life Orb\n|move|p2b: Klawf|Rock Slide|p1b: Garchomp|[spread] p1a,p1b\n|-supereffective|p1a: Talonflame\n|-resisted|p1b: Garchomp\n|-damage|p1a: Talonflame|0 fnt\n|-damage|p1b: Garchomp|22\/100\n|faint|p1a: Talonflame\n|\n|upkeep\n|\n|t:|1684114323\n|switch|p1a: Gholdengo|Gholdengo, L50|100\/100\n|turn|3\n|\n|t:|1684114344\n|-terastallize|p2b: Klawf|Flying\n|move|p2b: Klawf|High Horsepower|p1a: Gholdengo\n|-supereffective|p1a: Gholdengo\n|-damage|p1a: Gholdengo|0 fnt\n|faint|p1a: Gholdengo\n|move|p1b: Garchomp|Rock Slide|p2a: Salamence|[spread] p2a,p2b\n|-supereffective|p2a: Salamence\n|-supereffective|p2b: Klawf\n|-damage|p2a: Salamence|0 fnt\n|-damage|p2b: Klawf|0 fnt\n|faint|p2a: Salamence\n|faint|p2b: Klawf\n|-damage|p1b: Garchomp|12\/100|[from] item: Life Orb\n|\n|upkeep\n|\n|t:|1684114357\n|switch|p2a: Iron Hands|Iron Hands, L50|100\/100\n|switch|p2b: Farigiraf|Farigiraf, L50, M|100\/100\n|switch|p1a: Gastrodon|Gastrodon-East, L50, F|100\/100\n|turn|4\n|\n|t:|1684114364\n|move|p1a: Gastrodon|Protect|p1a: Gastrodon\n|-singleturn|p1a: Gastrodon|Protect\n|move|p2a: Iron Hands|Fake Out|p1b: Garchomp\n|-damage|p1b: Garchomp|0 fnt\n|-damage|p2a: Iron Hands|88\/100|[from] ability: Rough Skin|[of] p1b: Garchomp\n|faint|p1b: Garchomp\n|move|p2b: Farigiraf|Hyper Voice|p1a: Gastrodon\n|-activate|p1a: Gastrodon|move: Protect\n|\n|-sideend|p2: Nayotake|move: Tailwind\n|-sideend|p1: Star407|move: Tailwind\n|upkeep\n|turn|5\n|\n|t:|1684114374\n|move|p2b: Farigiraf|Psychic|p1a: Gastrodon\n|-damage|p1a: Gastrodon|62\/100\n|-unboost|p1a: Gastrodon|spd|1\n|move|p2a: Iron Hands|Drain Punch|p1a: Gastrodon\n|-damage|p1a: Gastrodon|29\/100\n|-heal|p2a: Iron Hands|100\/100|[from] drain|[of] p1a: Gastrodon\n|-enditem|p1a: Gastrodon|Sitrus Berry|[eat]\n|-heal|p1a: Gastrodon|54\/100|[from] item: Sitrus Berry\n|move|p1a: Gastrodon|Earth Power|p2a: Iron Hands\n|-supereffective|p2a: Iron Hands\n|-damage|p2a: Iron Hands|66\/100\n|\n|upkeep\n|turn|6\n|-message|Star407 forfeited.\n|\n|win|Nayotake\n|raw|Star407's rating: 1273 → 1245<\/strong> (-28 for losing)\n|raw|Nayotake's rating: 1225 → 1253<\/strong> (+28 for winning)\n|l|\u2606Star407\n","uploadtime":1684114384,"views":13,"p1id":"star407","p2id":"nayotake","formatid":"gen9vgc2023regulationc","rating":1245,"private":0,"password":""}