{"id":"gen9vgc2023regulationc-1846743929","p1":"Cmaestre","p2":"That_Leek","format":"[Gen 9] VGC 2023 Regulation C","log":"|j|\u2606Cmaestre\n|j|\u2606That_Leek\n|t:|1681872963\n|gametype|doubles\n|player|p1|Cmaestre|palmer|1162\n|player|p2|That_Leek|blue|1184\n|teamsize|p1|6\n|teamsize|p2|6\n|gen|9\n|tier|[Gen 9] VGC 2023 Regulation C\n|rated|\n|rule|Species Clause: Limit one of each Pok\u00e9mon\n|rule|Item Clause: Limit one of each item\n|clearpoke\n|poke|p1|Klefki, L50, F|\n|poke|p1|Ting-Lu, L50|\n|poke|p1|Appletun, L50, M|\n|poke|p1|Armarouge, L50, M|\n|poke|p1|Indeedee, L50, M|\n|poke|p1|Corviknight, L50, F|\n|poke|p2|Tyranitar, L50, F|\n|poke|p2|Gyarados, L50, F|\n|poke|p2|Scizor, L50, M|\n|poke|p2|Sandy Shocks, L50|\n|poke|p2|Amoonguss, L50, F|\n|poke|p2|Flutter Mane, L50|\n|teampreview|4\nThat_Leek has agreed to open team sheets.\n|\n|t:|1681872990\n|start\n|switch|p1a: Klefki|Klefki, L50, F|100\/100\n|switch|p1b: Ting-Lu|Ting-Lu, L50|100\/100\n|switch|p2a: Tyranitar|Tyranitar, L50, F|100\/100\n|switch|p2b: Sandy Shocks|Sandy Shocks, L50|100\/100\n|-weather|Sandstorm|[from] ability: Sand Stream|[of] p2a: Tyranitar\n|-ability|p1b: Ting-Lu|Vessel of Ruin\n|turn|1\n|\n|t:|1681873019\n|switch|p2a: Gyarados|Gyarados, L50, F|100\/100\n|-ability|p2a: Gyarados|Intimidate|boost\n|-unboost|p1a: Klefki|atk|1\n|-unboost|p1b: Ting-Lu|atk|1\n|move|p2b: Sandy Shocks|Protect|p2b: Sandy Shocks\n|-singleturn|p2b: Sandy Shocks|Protect\n|move|p1a: Klefki|Reflect|p1a: Klefki\n|-sidestart|p1: Cmaestre|Reflect\n|move|p1b: Ting-Lu|Fissure|p2a: Gyarados\n|-immune|p2a: Gyarados\n|\n|-weather|Sandstorm|[upkeep]\n|upkeep\n|turn|2\n|\n|t:|1681873039\n|-terastallize|p2b: Sandy Shocks|Ice\n|move|p2b: Sandy Shocks|Tera Blast|p1b: Ting-Lu\n|-supereffective|p1b: Ting-Lu\n|-damage|p1b: Ting-Lu|62\/100\n|-damage|p2b: Sandy Shocks|91\/100|[from] item: Life Orb\n|move|p2a: Gyarados|Waterfall|p1b: Ting-Lu\n|-supereffective|p1b: Ting-Lu\n|-damage|p1b: Ting-Lu|24\/100\n|move|p1b: Ting-Lu|Stomping Tantrum|p2b: Sandy Shocks\n|-damage|p2b: Sandy Shocks|35\/100\n|move|p1a: Klefki|Trick Room|p1a: Klefki\n|-fieldstart|move: Trick Room|[of] p1a: Klefki\n|\n|-weather|Sandstorm|[upkeep]\n|-damage|p2b: Sandy Shocks|28\/100|[from] Sandstorm\n|upkeep\n|turn|3\n|\n|t:|1681873056\n|move|p2b: Sandy Shocks|Protect|p2b: Sandy Shocks\n|-singleturn|p2b: Sandy Shocks|Protect\n|move|p1a: Klefki|Thunder Wave|p2a: Gyarados\n|-status|p2a: Gyarados|par\n|move|p2a: Gyarados|Waterfall|p1b: Ting-Lu\n|-supereffective|p1b: Ting-Lu\n|-damage|p1b: Ting-Lu|0 fnt\n|faint|p1b: Ting-Lu\n|\n|-weather|Sandstorm|[upkeep]\n|-damage|p2b: Sandy Shocks|22\/100|[from] Sandstorm\n|upkeep\n|\n|t:|1681873068\n|switch|p1b: Armarouge|Armarouge, L50, M|100\/100\n|turn|4\n|\n|t:|1681873082\n|switch|p2a: Tyranitar|Tyranitar, L50, F|100\/100\n|switch|p1a: Indeedee|Indeedee, L50, M|100\/100\n|-fieldstart|move: Psychic Terrain|[from] ability: Psychic Surge|[of] p1a: Indeedee\n|move|p1b: Armarouge|Expanding Force|p2b: Sandy Shocks|[spread] p2b\n|-immune|p2a: Tyranitar\n|-damage|p2b: Sandy Shocks|0 fnt\n|faint|p2b: Sandy Shocks\n|-end|p2b: Sandy Shocks|Protosynthesis|[silent]\n|\n|-weather|Sandstorm|[upkeep]\n|-damage|p1b: Armarouge|94\/100|[from] Sandstorm\n|upkeep\n|\n|t:|1681873097\n|switch|p2b: Gyarados|Gyarados, L50, F|100\/100 par\n|-ability|p2b: Gyarados|Intimidate|boost\n|-unboost|p1a: Indeedee|atk|1\n|-unboost|p1b: Armarouge|atk|1\n|turn|5\n|\n|t:|1681873110\n|move|p2b: Gyarados|Protect|p2b: Gyarados\n|-singleturn|p2b: Gyarados|Protect\n|move|p1a: Indeedee|Fake Out|p2a: Tyranitar\n|-activate|p2a: Tyranitar|move: Psychic Terrain\n|move|p2a: Tyranitar|Crunch|p1b: Armarouge\n|-supereffective|p1b: Armarouge\n|-damage|p1b: Armarouge|33\/100\n|move|p1b: Armarouge|Expanding Force|p2b: Gyarados|[spread] \n|-activate|p2b: Gyarados|move: Protect\n|-immune|p2a: Tyranitar\n|\n|-weather|none\n|-sideend|p1: Cmaestre|Reflect\n|upkeep\n|turn|6\n|\n|t:|1681873124\n|move|p2b: Gyarados|Waterfall|p1b: Armarouge\n|-supereffective|p1b: Armarouge\n|-damage|p1b: Armarouge|0 fnt\n|faint|p1b: Armarouge\n|move|p2a: Tyranitar|Crunch|p1a: Indeedee\n|-supereffective|p1a: Indeedee\n|-damage|p1a: Indeedee|0 fnt\n|faint|p1a: Indeedee\n|\n|-fieldend|move: Trick Room\n|upkeep\n|-message|Cmaestre forfeited.\n|\n|win|That_Leek\n|raw|Cmaestre's rating: 1162 → 1139<\/strong> (-23 for losing)\n|raw|That_Leek's rating: 1184 → 1207<\/strong> (+23 for winning)\n|l|\u2606Cmaestre\n","uploadtime":1681873140,"views":14,"p1id":"cmaestre","p2id":"thatleek","formatid":"gen9vgc2023regulationc","rating":1139,"private":0,"password":""}