{"id":"gen9vgc2023regulationc-1858924570","p1":"Atari233","p2":"Potentegoat","format":"[Gen 9] VGC 2023 Regulation C","log":"|j|\u2606Atari233\n|j|\u2606Potentegoat\n|t:|1683384071\n|gametype|doubles\n|player|p1|Atari233|266|1074\n|player|p2|Potentegoat|hilbert-wonderlauncher|1000\n|teamsize|p1|6\n|teamsize|p2|6\n|gen|9\n|tier|[Gen 9] VGC 2023 Regulation C\n|rated|\n|rule|Species Clause: Limit one of each Pok\u00e9mon\n|rule|Item Clause: Limit one of each item\n|clearpoke\n|poke|p1|Iron Bundle, L50|\n|poke|p1|Flutter Mane, L50|\n|poke|p1|Chi-Yu, L50|\n|poke|p1|Wo-Chien, L50|\n|poke|p1|Baxcalibur, L50, M|\n|poke|p1|Scizor, L50, M|\n|poke|p2|Murkrow, L50, M|\n|poke|p2|Lucario, L50, M|\n|poke|p2|Azumarill, L50, F|\n|poke|p2|Arcanine, L50, F|\n|poke|p2|Garchomp, L50, M|\n|poke|p2|Corviknight, L50, M|\n|teampreview|4\n|\n|t:|1683384096\n|start\n|switch|p1a: Scizor|Scizor, L50, M, shiny|100\/100\n|switch|p1b: Chi-Yu|Chi-Yu, L50|100\/100\n|switch|p2a: Murkrow|Murkrow, L50, M|100\/100\n|switch|p2b: Lucario|Lucario, L50, M|100\/100\n|-ability|p1b: Chi-Yu|Beads of Ruin\n|turn|1\n|inactive|Battle timer is ON: inactive players will automatically lose when time's up. (requested by Atari233)\n|\n|t:|1683384124\n|move|p1b: Chi-Yu|Protect|p1b: Chi-Yu\n|-singleturn|p1b: Chi-Yu|Protect\n|move|p2a: Murkrow|Tailwind|p2a: Murkrow\n|-sidestart|p2: Potentegoat|move: Tailwind\n|move|p2b: Lucario|Earthquake|p1a: Scizor|[spread] p1a\n|-activate|p1b: Chi-Yu|move: Protect\n|-immune|p2a: Murkrow\n|-damage|p1a: Scizor|70\/100\n|-damage|p2b: Lucario|91\/100|[from] item: Life Orb\n|move|p1a: Scizor|Tailwind|p1a: Scizor\n|-sidestart|p1: Atari233|move: Tailwind\n|\n|upkeep\n|turn|2\n|inactive|Atari233 has 30 seconds left.\n|inactive|Atari233 has 20 seconds left.\n|\n|t:|1683384161\n|-terastallize|p1b: Chi-Yu|Grass\n|move|p2a: Murkrow|Taunt|p1a: Scizor\n|-start|p1a: Scizor|move: Taunt\n|move|p1a: Scizor|Bullet Punch|p2a: Murkrow\n|-damage|p2a: Murkrow|63\/100\n|move|p2b: Lucario|Swords Dance|p2b: Lucario\n|-boost|p2b: Lucario|atk|2\n|move|p1b: Chi-Yu|Heat Wave|p2b: Lucario|[spread] p2b\n|-miss|p1b: Chi-Yu|p2a: Murkrow\n|-supereffective|p2b: Lucario\n|-damage|p2b: Lucario|0 fnt\n|faint|p2b: Lucario\n|-damage|p1b: Chi-Yu|91\/100|[from] item: Life Orb\n|\n|upkeep\n|\n|t:|1683384178\n|switch|p2b: Arcanine|Arcanine, L50, F|100\/100\n|turn|3\n|inactive|Atari233 has 30 seconds left.\n|inactive|Potentegoat has 30 seconds left.\n|\n|t:|1683384206\n|move|p2b: Arcanine|Flamethrower|p1b: Chi-Yu\n|-supereffective|p1b: Chi-Yu\n|-damage|p1b: Chi-Yu|29\/100\n|move|p1b: Chi-Yu|Heat Wave|p2a: Murkrow|[spread] p2a\n|-start|p2b: Arcanine|ability: Flash Fire\n|-damage|p2a: Murkrow|0 fnt\n|faint|p2a: Murkrow\n|-damage|p1b: Chi-Yu|20\/100|[from] item: Life Orb\n|move|p1a: Scizor|Close Combat|p2b: Arcanine\n|-damage|p2b: Arcanine|44\/100\n|-unboost|p1a: Scizor|def|1\n|-unboost|p1a: Scizor|spd|1\n|\n|upkeep\n|\n|t:|1683384216\n|switch|p2a: Azumarill|Azumarill, L50, F|100\/100\n|turn|4\n|inactive|Atari233 has 30 seconds left.\n|inactive|Atari233 has 20 seconds left.\n|inactive|Atari233 has 15 seconds left.\n|\n|t:|1683384259\n|move|p1b: Chi-Yu|Protect|p1b: Chi-Yu\n|-singleturn|p1b: Chi-Yu|Protect\n|move|p2a: Azumarill|Aqua Jet|p1b: Chi-Yu\n|-activate|p1b: Chi-Yu|move: Protect\n|move|p1a: Scizor|Bullet Punch|p2b: Arcanine\n|-resisted|p2b: Arcanine\n|-damage|p2b: Arcanine|24\/100\n|move|p2b: Arcanine|Flamethrower|p1a: Scizor\n|-supereffective|p1a: Scizor\n|-damage|p1a: Scizor|0 fnt\n|faint|p1a: Scizor\n|\n|-sideend|p2: Potentegoat|move: Tailwind\n|-sideend|p1: Atari233|move: Tailwind\n|upkeep\n|\n|t:|1683384273\n|switch|p1a: Iron Bundle|Iron Bundle, L50, shiny|100\/100\n|-enditem|p1a: Iron Bundle|Booster Energy\n|-activate|p1a: Iron Bundle|ability: Quark Drive|[fromitem]\n|-start|p1a: Iron Bundle|quarkdrivespe\n|turn|5\n|inactive|Atari233 has 30 seconds left.\n|\n|t:|1683384305\n|move|p2b: Arcanine|Extreme Speed|p1b: Chi-Yu\n|-damage|p1b: Chi-Yu|0 fnt\n|faint|p1b: Chi-Yu\n|move|p1a: Iron Bundle|Icy Wind|p2b: Arcanine|[spread] p2a,p2b\n|-resisted|p2a: Azumarill\n|-crit|p2a: Azumarill\n|-resisted|p2b: Arcanine\n|-damage|p2a: Azumarill|83\/100\n|-damage|p2b: Arcanine|14\/100\n|-unboost|p2a: Azumarill|spe|1\n|-unboost|p2b: Arcanine|spe|1\n|move|p2a: Azumarill|Superpower|p1a: Iron Bundle\n|-supereffective|p1a: Iron Bundle\n|-damage|p1a: Iron Bundle|0 fnt\n|-unboost|p2a: Azumarill|atk|1\n|-unboost|p2a: Azumarill|def|1\n|faint|p1a: Iron Bundle\n|-end|p1a: Iron Bundle|Quark Drive|[silent]\n|\n|upkeep\n|\n|t:|1683384314\n|switch|p1b: Flutter Mane|Flutter Mane, L50|100\/100\n|turn|6\n|\n|t:|1683384329\n|move|p1b: Flutter Mane|Dazzling Gleam|p2b: Arcanine|[spread] p2a,p2b\n|-resisted|p2b: Arcanine\n|-damage|p2a: Azumarill|28\/100\n|-damage|p2b: Arcanine|0 fnt\n|-enditem|p2a: Azumarill|Sitrus Berry|[eat]\n|-heal|p2a: Azumarill|52\/100|[from] item: Sitrus Berry\n|faint|p2b: Arcanine\n|move|p2a: Azumarill|Belly Drum|p2a: Azumarill\n|-damage|p2a: Azumarill|3\/100\n|-setboost|p2a: Azumarill|atk|6|[from] move: Belly Drum\n|\n|upkeep\n|turn|7\n|\n|t:|1683384342\n|move|p2a: Azumarill|Aqua Jet|p1b: Flutter Mane\n|-damage|p1b: Flutter Mane|0 fnt\n|faint|p1b: Flutter Mane\n|-end|p1b: Flutter Mane|Protosynthesis|[silent]\n|\n|win|Potentegoat\n|raw|Atari233's rating: 1074 → 1048<\/strong> (-26 for losing)\n|raw|Potentegoat's rating: 1000 → 1048<\/strong> (+48 for winning)\n|l|\u2606Atari233\n","uploadtime":1683384352,"views":11,"p1id":"atari233","p2id":"potentegoat","formatid":"gen9vgc2023regulationc","rating":1048,"private":0,"password":""}