{"id":"gen9vgc2023regulationc-1851694793","p1":"Cheeseless","p2":"Avocado73","format":"[Gen 9] VGC 2023 Regulation C","log":"|j|\u203dCheeseless\n|j|\u2606Avocado73\n|t:|1682470921\n|gametype|doubles\n|player|p1|Cheeseless|170|1172\n|player|p2|Avocado73|red|1184\n|teamsize|p1|6\n|teamsize|p2|6\n|gen|9\n|tier|[Gen 9] VGC 2023 Regulation C\n|rated|\n|rule|Species Clause: Limit one of each Pok\u00e9mon\n|rule|Item Clause: Limit one of each item\n|clearpoke\n|poke|p1|Palafin, L50, M|\n|poke|p1|Scream Tail, L50|\n|poke|p1|Flutter Mane, L50|\n|poke|p1|Amoonguss, L50, M|\n|poke|p1|Gothitelle, L50, M|\n|poke|p1|Pyroar, L50, M|\n|poke|p2|Torkoal, L50, F|\n|poke|p2|Lilligant, L50, F|\n|poke|p2|Chi-Yu, L50|\n|poke|p2|Flutter Mane, L50|\n|poke|p2|Great Tusk, L50|\n|poke|p2|Talonflame, L50, M|\n|teampreview|4\nCheeseless has agreed to open team sheets.\nAvocado73 rejected open team sheets.\n|\n|t:|1682470954\n|start\n|switch|p1a: Gothitelle|Gothitelle, L50, M|100\/100\n|switch|p1b: Pyroar|Pyroar, L50, M|100\/100\n|switch|p2a: Talonflame|Talonflame, L50, M|100\/100\n|switch|p2b: Flutter Mane|Flutter Mane, L50|100\/100\n|-ability|p1b: Pyroar|Unnerve\n|turn|1\n|inactive|Battle timer is ON: inactive players will automatically lose when time's up. (requested by Cheeseless)\n|inactive|Cheeseless has 60 seconds left.\n|inactive|Avocado73 has 60 seconds left.\n|\n|t:|1682471000\n|switch|p1b: Flutter Mane|Flutter Mane, L50|100\/100\n|-terastallize|p2a: Talonflame|Ghost\n|move|p1a: Gothitelle|Protect|p1a: Gothitelle\n|-singleturn|p1a: Gothitelle|Protect\n|move|p2a: Talonflame|Brave Bird|p1b: Flutter Mane\n|-damage|p1b: Flutter Mane|1\/100\n|-damage|p2a: Talonflame|73\/100|[from] Recoil\n|move|p2b: Flutter Mane|Dazzling Gleam|p1a: Gothitelle|[spread] p1b\n|-activate|p1a: Gothitelle|move: Protect\n|-damage|p1b: Flutter Mane|0 fnt\n|faint|p1b: Flutter Mane\n|-end|p1b: Flutter Mane|Protosynthesis|[silent]\n|-damage|p2b: Flutter Mane|91\/100|[from] item: Life Orb\n|\n|upkeep\n|\n|t:|1682471013\n|switch|p1b: Palafin|Palafin, L50, M|100\/100\n|turn|2\n|inactive|Avocado73 has 30 seconds left.\n|\n|t:|1682471040\n|-terastallize|p1b: Palafin|Water\n|move|p1b: Palafin|Jet Punch|p2b: Flutter Mane\n|-damage|p2b: Flutter Mane|2\/100\n|move|p2a: Talonflame|Brave Bird|p1a: Gothitelle\n|-damage|p1a: Gothitelle|56\/100\n|-damage|p2a: Talonflame|56\/100|[from] Recoil\n|move|p2b: Flutter Mane|Dazzling Gleam|p1b: Palafin|[spread] p1a,p1b\n|-damage|p1a: Gothitelle|23\/100\n|-damage|p1b: Palafin|40\/100\n|-enditem|p1a: Gothitelle|Sitrus Berry|[eat]\n|-heal|p1a: Gothitelle|47\/100|[from] item: Sitrus Berry\n|-damage|p2b: Flutter Mane|0 fnt|[from] item: Life Orb\n|faint|p2b: Flutter Mane\n|-end|p2b: Flutter Mane|Protosynthesis|[silent]\n|move|p1a: Gothitelle|Psychic|p2a: Talonflame\n|-damage|p2a: Talonflame|12\/100\n|\n|upkeep\n|inactive|Avocado73 has 30 seconds left.\n|inactive|Avocado73 has 20 seconds left.\n|\n|t:|1682471077\n|switch|p2b: Chi-Yu|Chi-Yu, L50|100\/100\n|-ability|p2b: Chi-Yu|Beads of Ruin\n|turn|3\n|\n|t:|1682471085\n|detailschange|p1b: Palafin|Palafin-Hero, L50, M, tera:Water\n|switch|p1b: Pyroar|Pyroar, L50, M|100\/100\n|-ability|p1b: Pyroar|Unnerve\n|move|p2a: Talonflame|Taunt|p1a: Gothitelle\n|-start|p1a: Gothitelle|move: Taunt\n|move|p2b: Chi-Yu|Dark Pulse|p1a: Gothitelle\n|-supereffective|p1a: Gothitelle\n|-damage|p1a: Gothitelle|0 fnt\n|faint|p1a: Gothitelle\n|\n|upkeep\n|\n|t:|1682471095\n|switch|p1a: Palafin|Palafin-Hero, L50, M, tera:Water|40\/100\n|-activate|p1a: Palafin|ability: Zero to Hero\n|turn|4\n|\n|t:|1682471105\n|move|p1a: Palafin|Jet Punch|p2b: Chi-Yu\n|-supereffective|p2b: Chi-Yu\n|-damage|p2b: Chi-Yu|0 fnt\n|faint|p2b: Chi-Yu\n|move|p2a: Talonflame|Brave Bird|p1a: Palafin\n|-damage|p1a: Palafin|0 fnt\n|faint|p1a: Palafin\n|-damage|p2a: Talonflame|0 fnt|[from] Recoil\n|faint|p2a: Talonflame\n|move|p1b: Pyroar|Flamethrower|p2: Talonflame|[notarget]\n|-fail|p1b: Pyroar\n|\n|upkeep\n|\n|t:|1682471115\n|switch|p2b: Great Tusk|Great Tusk, L50|100\/100\n|turn|5\n|\n|t:|1682471124\n|move|p1b: Pyroar|Protect|p1b: Pyroar\n|-singleturn|p1b: Pyroar|Protect\n|move|p2b: Great Tusk|Headlong Rush|p1b: Pyroar\n|-activate|p1b: Pyroar|move: Protect\n|\n|upkeep\n|turn|6\n|\n|t:|1682471129\n|move|p2b: Great Tusk|Headlong Rush|p1b: Pyroar\n|-supereffective|p1b: Pyroar\n|-damage|p1b: Pyroar|0 fnt\n|-unboost|p2b: Great Tusk|def|1\n|-unboost|p2b: Great Tusk|spd|1\n|faint|p1b: Pyroar\n|\n|win|Avocado73\n|raw|Cheeseless's rating: 1172 → 1148<\/strong> (-24 for losing)\n|raw|Avocado73's rating: 1184 → 1208<\/strong> (+24 for winning)\n|l|\u203dCheeseless\n","uploadtime":1682471140,"views":14,"p1id":"cheeseless","p2id":"avocado73","formatid":"gen9vgc2023regulationc","rating":1148,"private":0,"password":""}