{"id":"gen9vgc2023regulationc-1861171025","p1":"Pokemonster28","p2":"Ups1deD0wnSyndrome","format":"[Gen 9] VGC 2023 Regulation C","log":"|j|\u2606Pokemonster28\n|j|\u2606Ups1deD0wnSyndrome\n|t:|1683732779\n|gametype|doubles\n|player|p1|Pokemonster28|cynthia-gen4|\n|player|p2|Ups1deD0wnSyndrome|265|\n|teamsize|p1|6\n|teamsize|p2|6\n|gen|9\n|tier|[Gen 9] VGC 2023 Regulation C\n|rule|Species Clause: Limit one of each Pok\u00e9mon\n|rule|Item Clause: Limit one of each item\n|clearpoke\n|poke|p1|Krookodile, L50, F|\n|poke|p1|Murkrow, L50, F|\n|poke|p1|Weavile, L50, F|\n|poke|p1|Iron Bundle, L50|\n|poke|p1|Magnezone, L50|\n|poke|p1|Iron Valiant, L50|\n|poke|p2|Slaking, L50, M|\n|poke|p2|Flutter Mane, L50|\n|poke|p2|Grafaiai, L50, M|\n|poke|p2|Ting-Lu, L50|\n|poke|p2|Arcanine, L50, M|\n|poke|p2|Scizor, L50, F|\n|teampreview|4\n|inactive|Battle timer is ON: inactive players will automatically lose when time's up. (requested by Pokemonster28)\n|\n|t:|1683732805\n|start\n|switch|p1a: Weavile|Weavile, L50, F|100\/100\n|switch|p1b: Murkrow|Murkrow, L50, F|100\/100\n|switch|p2a: Flutter Mane|Flutter Mane, L50|100\/100\n|switch|p2b: Scizor|Scizor, L50, F|100\/100\n|-enditem|p2a: Flutter Mane|Booster Energy\n|-activate|p2a: Flutter Mane|ability: Protosynthesis|[fromitem]\n|-start|p2a: Flutter Mane|protosynthesisspe\n|turn|1\n|\n|t:|1683732823\n|move|p1a: Weavile|Fake Out|p2b: Scizor\n|-resisted|p2b: Scizor\n|-damage|p2b: Scizor|94\/100\n|move|p1b: Murkrow|Tailwind|p1b: Murkrow\n|-sidestart|p1: Pokemonster28|move: Tailwind\n|cant|p2b: Scizor|flinch\n|move|p2a: Flutter Mane|Dazzling Gleam|p1a: Weavile|[spread] p1a,p1b\n|-supereffective|p1a: Weavile\n|-supereffective|p1b: Murkrow\n|-damage|p1a: Weavile|12\/100\n|-damage|p1b: Murkrow|25\/100\n|\n|upkeep\n|turn|2\n|inactive|Ups1deD0wnSyndrome has 30 seconds left.\n|\n|t:|1683732852\n|move|p1b: Murkrow|Thunder Wave|p2a: Flutter Mane\n|-status|p2a: Flutter Mane|par\n|move|p1a: Weavile|Snowscape|p1a: Weavile\n|-weather|Snow\n|move|p2a: Flutter Mane|Dazzling Gleam|p1a: Weavile|[spread] p1a,p1b\n|-supereffective|p1a: Weavile\n|-supereffective|p1b: Murkrow\n|-damage|p1a: Weavile|0 fnt\n|-damage|p1b: Murkrow|0 fnt\n|faint|p1a: Weavile\n|faint|p1b: Murkrow\n|move|p2b: Scizor|Trailblaze|p1: Weavile|[notarget]\n|-fail|p2b: Scizor\n|\n|-weather|Snow|[upkeep]\n|upkeep\n|\n|t:|1683732863\n|switch|p1a: Krookodile|Krookodile, L50, F|100\/100\n|switch|p1b: Iron Bundle|Iron Bundle, L50|100\/100\n|-ability|p1a: Krookodile|Intimidate|boost\n|-unboost|p2a: Flutter Mane|atk|1\n|-unboost|p2b: Scizor|atk|1\n|-enditem|p1b: Iron Bundle|Booster Energy\n|-activate|p1b: Iron Bundle|ability: Quark Drive|[fromitem]\n|-start|p1b: Iron Bundle|quarkdrivespe\n|turn|3\n|\n|t:|1683732880\n|-terastallize|p1a: Krookodile|Fire\n|move|p1b: Iron Bundle|Blizzard|p2b: Scizor|[spread] p2a,p2b\n|-resisted|p2b: Scizor\n|-damage|p2a: Flutter Mane|57\/100 par\n|-damage|p2b: Scizor|69\/100\n|move|p1a: Krookodile|Tera Blast|p2b: Scizor\n|-supereffective|p2b: Scizor\n|-damage|p2b: Scizor|0 fnt\n|faint|p2b: Scizor\n|cant|p2a: Flutter Mane|par\n|\n|-weather|Snow|[upkeep]\n|upkeep\n|\n|t:|1683732899\n|switch|p2b: Slaking|Slaking, L50, M|100\/100\n|turn|4\n|\n|t:|1683732913\n|move|p1b: Iron Bundle|Blizzard|p2b: Slaking|[spread] p2a,p2b\n|-damage|p2a: Flutter Mane|12\/100 par\n|-damage|p2b: Slaking|57\/100\n|move|p1a: Krookodile|Rock Slide|p2b: Slaking|[spread] p2a\n|-miss|p1a: Krookodile|p2b: Slaking\n|-damage|p2a: Flutter Mane|0 fnt\n|faint|p2a: Flutter Mane\n|-end|p2a: Flutter Mane|Protosynthesis|[silent]\n|move|p2b: Slaking|Body Slam|p1a: Krookodile\n|-damage|p1a: Krookodile|30\/100\n|\n|-weather|Snow|[upkeep]\n|-sideend|p1: Pokemonster28|move: Tailwind\n|upkeep\n|\n|t:|1683732928\n|switch|p2a: Grafaiai|Grafaiai, L50, M|100\/100\n|turn|5\n|\n|t:|1683732942\n|move|p2a: Grafaiai|Doodle|p1a: Krookodile\n|-endability|p2a: Grafaiai|Prankster|[from] move: Doodle\n|-ability|p2a: Grafaiai|Intimidate|boost\n|-unboost|p1a: Krookodile|atk|1\n|-unboost|p1b: Iron Bundle|atk|1\n|-ability|p2a: Grafaiai|Intimidate|[from] move: Doodle\n|-endability|p2b: Slaking|Truant|[from] move: Doodle\n|-ability|p2b: Slaking|Intimidate|boost\n|-unboost|p1a: Krookodile|atk|1\n|-unboost|p1b: Iron Bundle|atk|1\n|-ability|p2b: Slaking|Intimidate|[from] move: Doodle\n|move|p1b: Iron Bundle|Blizzard|p2a: Grafaiai|[spread] p2a,p2b\n|-damage|p2a: Grafaiai|63\/100\n|-damage|p2b: Slaking|12\/100\n|move|p2b: Slaking|Body Slam|p1a: Krookodile\n|-damage|p1a: Krookodile|0 fnt\n|faint|p1a: Krookodile\n|\n|-weather|Snow|[upkeep]\n|-heal|p2a: Grafaiai|69\/100|[from] item: Black Sludge\n|upkeep\n|turn|6\n|inactive|Ups1deD0wnSyndrome has 30 seconds left.\n|\n|t:|1683732972\n|move|p1b: Iron Bundle|Blizzard|p2b: Slaking|[spread] p2a,p2b\n|-damage|p2a: Grafaiai|30\/100\n|-damage|p2b: Slaking|0 fnt\n|faint|p2b: Slaking\n|move|p2a: Grafaiai|Gunk Shot|p1b: Iron Bundle\n|-damage|p1b: Iron Bundle|64\/100\n|\n|-weather|none\n|-heal|p2a: Grafaiai|36\/100|[from] item: Black Sludge\n|upkeep\n|turn|7\n|\n|t:|1683732994\n|move|p1b: Iron Bundle|Ice Beam|p2a: Grafaiai\n|-damage|p2a: Grafaiai|0 fnt\n|faint|p2a: Grafaiai\n|\n|win|Pokemonster28\n","uploadtime":1683733000,"views":16,"p1id":"pokemonster28","p2id":"ups1ded0wnsyndrome","formatid":"gen9vgc2023regulationc","rating":0,"private":0,"password":""}