{"id":"gen9vgc2023regulationc-1861209100","p1":"Barbie120","p2":"Montendoz","format":"[Gen 9] VGC 2023 Regulation C","log":"|j|\u2606Barbie120\n|j|\u2606Montendoz\n|t:|1683736044\n|gametype|doubles\n|player|p1|Barbie120|drayden|1373\n|player|p2|Montendoz|1|1311\n|teamsize|p1|6\n|teamsize|p2|6\n|gen|9\n|tier|[Gen 9] VGC 2023 Regulation C\n|rated|\n|rule|Species Clause: Limit one of each Pok\u00e9mon\n|rule|Item Clause: Limit one of each item\n|clearpoke\n|poke|p1|Annihilape, L50, F|\n|poke|p1|Maushold-Four, L50|\n|poke|p1|Abomasnow, L50, F|\n|poke|p1|Iron Bundle, L50|\n|poke|p1|Flutter Mane, L50|\n|poke|p1|Arcanine, L50, M|\n|poke|p2|Annihilape, L50, M|\n|poke|p2|Wo-Chien, L50|\n|poke|p2|Great Tusk, L50|\n|poke|p2|Scream Tail, L50|\n|poke|p2|Torkoal, L50, M|\n|poke|p2|Gothitelle, L50, F|\n|teampreview|4\n|\n|t:|1683736069\n|start\n|switch|p1a: Maushold|Maushold-Four, L50|100\/100\n|switch|p1b: Annihilape|Annihilape, L50, F|100\/100\n|switch|p2a: Gothitelle|Gothitelle, L50, F|100\/100\n|switch|p2b: Scream Tail|Scream Tail, L50|100\/100\n|turn|1\n|\n|t:|1683736079\n|move|p2a: Gothitelle|Fake Out|p1a: Maushold\n|-damage|p1a: Maushold|93\/100\n|cant|p1a: Maushold|flinch\n|move|p1b: Annihilape|Rage Fist|p2b: Scream Tail\n|-supereffective|p2b: Scream Tail\n|-damage|p2b: Scream Tail|68\/100\n|move|p2b: Scream Tail|Trick Room|p2b: Scream Tail\n|-fieldstart|move: Trick Room|[of] p2b: Scream Tail\n|\n|upkeep\n|turn|2\n|\n|t:|1683736101\n|-terastallize|p1b: Annihilape|Fire\n|move|p2a: Gothitelle|Foul Play|p1b: Annihilape\n|-damage|p1b: Annihilape|83\/100\n|move|p2b: Scream Tail|Disable|p1b: Annihilape\n|-start|p1b: Annihilape|Disable|Rage Fist\n|move|p1b: Annihilape|Bulk Up|p1b: Annihilape\n|-boost|p1b: Annihilape|atk|1\n|-boost|p1b: Annihilape|def|1\n|move|p1a: Maushold|Beat Up|p1b: Annihilape\n|-damage|p1b: Annihilape|82\/100\n|-damage|p1b: Annihilape|80\/100\n|-damage|p1b: Annihilape|79\/100\n|-damage|p1b: Annihilape|78\/100\n|-hitcount|p1b: Annihilape|4\n|\n|-heal|p1b: Annihilape|85\/100|[from] item: Leftovers\n|upkeep\n|turn|3\n|l|\u2606Barbie120\n|player|p1|\n|\n|t:|1683736166\n|-end|p2b: Scream Tail|Protosynthesis|[silent]\n|switch|p2b: Torkoal|Torkoal, L50, M|100\/100\n|-weather|SunnyDay|[from] ability: Drought|[of] p2b: Torkoal\n|move|p1a: Maushold|Follow Me|p1a: Maushold\n|-singleturn|p1a: Maushold|move: Follow Me\n|move|p2a: Gothitelle|Foul Play|p1a: Maushold\n|-crit|p1a: Maushold\n|-damage|p1a: Maushold|68\/100\n|move|p1b: Annihilape|Drain Punch|p2a: Gothitelle\n|-resisted|p2a: Gothitelle\n|-damage|p2a: Gothitelle|76\/100\n|-heal|p1b: Annihilape|95\/100|[from] drain|[of] p2a: Gothitelle\n|\n|-weather|SunnyDay|[upkeep]\n|-heal|p1b: Annihilape|100\/100|[from] item: Leftovers\n|upkeep\n|turn|4\n|j|\u2606Barbie120\n|player|p1|Barbie120|drayden\n|\n|t:|1683736194\n|move|p1a: Maushold|Protect|p1a: Maushold\n|-singleturn|p1a: Maushold|Protect\n|move|p2b: Torkoal|Eruption|p1a: Maushold|[spread] p1b\n|-activate|p1a: Maushold|move: Protect\n|-resisted|p1b: Annihilape\n|-damage|p1b: Annihilape|76\/100\n|move|p2a: Gothitelle|Hypnosis|p1b: Annihilape\n|-status|p1b: Annihilape|slp|[from] move: Hypnosis\n|cant|p1b: Annihilape|slp\n|\n|-weather|SunnyDay|[upkeep]\n|-heal|p1b: Annihilape|83\/100 slp|[from] item: Leftovers\n|upkeep\n|turn|5\n|\n|t:|1683736218\n|-terastallize|p2b: Torkoal|Fire\n|move|p2b: Torkoal|Eruption|p1a: Maushold|[spread] p1a,p1b\n|-resisted|p1b: Annihilape\n|-crit|p1b: Annihilape\n|-damage|p1a: Maushold|0 fnt\n|-damage|p1b: Annihilape|40\/100 slp\n|faint|p1a: Maushold\n|move|p2a: Gothitelle|Foul Play|p1b: Annihilape\n|-damage|p1b: Annihilape|18\/100 slp\n|cant|p1b: Annihilape|slp\n|\n|-weather|SunnyDay|[upkeep]\n|-heal|p1b: Annihilape|24\/100 slp|[from] item: Leftovers\n|-end|p1b: Annihilape|Disable\n|-fieldend|move: Trick Room\n|upkeep\n|\n|t:|1683736230\n|switch|p1a: Abomasnow|Abomasnow, L50, F|100\/100\n|-weather|Snow|[from] ability: Snow Warning|[of] p1a: Abomasnow\n|turn|6\n|\n|t:|1683736255\n|-curestatus|p1b: Annihilape|slp|[msg]\n|move|p1b: Annihilape|Rage Fist|p2b: Torkoal\n|-damage|p2b: Torkoal|0 fnt\n|faint|p2b: Torkoal\n|move|p1a: Abomasnow|Blizzard|p2a: Gothitelle\n|-damage|p2a: Gothitelle|32\/100\n|move|p2a: Gothitelle|Hypnosis|p1a: Abomasnow|[miss]\n|-miss|p2a: Gothitelle|p1a: Abomasnow\n|\n|-weather|Snow|[upkeep]\n|-heal|p1b: Annihilape|30\/100|[from] item: Leftovers\n|upkeep\n|\n|t:|1683736266\n|switch|p2b: Scream Tail|Scream Tail, L50|68\/100\n|turn|7\n|\n|t:|1683736275\n|move|p2a: Gothitelle|Protect|p2a: Gothitelle\n|-singleturn|p2a: Gothitelle|Protect\n|move|p1b: Annihilape|Rage Fist|p2b: Scream Tail\n|-supereffective|p2b: Scream Tail\n|-damage|p2b: Scream Tail|0 fnt\n|faint|p2b: Scream Tail\n|-end|p2b: Scream Tail|Protosynthesis|[silent]\n|move|p1a: Abomasnow|Blizzard|p2a: Gothitelle\n|-activate|p2a: Gothitelle|move: Protect\n|\n|-weather|Snow|[upkeep]\n|-heal|p1b: Annihilape|37\/100|[from] item: Leftovers\n|upkeep\n|\n|t:|1683736289\n|switch|p2b: Wo-Chien|Wo-Chien, L50|100\/100\n|-ability|p2b: Wo-Chien|Tablets of Ruin\n|turn|8\n|\n|t:|1683736308\n|move|p1b: Annihilape|Drain Punch|p2b: Wo-Chien\n|-supereffective|p2b: Wo-Chien\n|-damage|p2b: Wo-Chien|40\/100\n|-heal|p1b: Annihilape|64\/100|[from] drain|[of] p2b: Wo-Chien\n|move|p2b: Wo-Chien|Snarl|p1b: Annihilape|[spread] p1a,p1b\n|-damage|p1a: Abomasnow|88\/100\n|-damage|p1b: Annihilape|54\/100\n|-unboost|p1a: Abomasnow|spa|1\n|-unboost|p1b: Annihilape|spa|1\n|-ability|p1b: Annihilape|Defiant|boost\n|-boost|p1b: Annihilape|atk|2\n|move|p1a: Abomasnow|Blizzard|p2b: Wo-Chien|[spread] p2a,p2b\n|-supereffective|p2b: Wo-Chien\n|-damage|p2a: Gothitelle|11\/100\n|-damage|p2b: Wo-Chien|2\/100\n|-enditem|p2a: Gothitelle|Aguav Berry|[eat]\n|-heal|p2a: Gothitelle|44\/100|[from] item: Aguav Berry\n|move|p2a: Gothitelle|Foul Play|p1b: Annihilape\n|-damage|p1b: Annihilape|24\/100\n|\n|-weather|Snow|[upkeep]\n|-heal|p1b: Annihilape|30\/100|[from] item: Leftovers\n|-heal|p2b: Wo-Chien|8\/100|[from] item: Leftovers\n|upkeep\n|turn|9\n|-message|Montendoz forfeited.\n|\n|win|Barbie120\n|raw|Barbie120's rating: 1373 → 1389<\/strong> (+16 for winning)\n|raw|Montendoz's rating: 1311 → 1295<\/strong> (-16 for losing)\n|l|\u2606Montendoz\n","uploadtime":1683736346,"views":11,"p1id":"barbie120","p2id":"montendoz","formatid":"gen9vgc2023regulationc","rating":1295,"private":0,"password":""}