{"id":"gen9vgc2023regulationc-1849326230","p1":"Trrtesddx","p2":"LesbianLeavanny","format":"[Gen 9] VGC 2023 Regulation C","log":"|j|\u2606Trrtesddx\n|j|\u2606LesbianLeavanny\n|t:|1682186180\n|gametype|doubles\n|player|p1|Trrtesddx|169|1000\n|player|p2|LesbianLeavanny|penny|1076\n|teamsize|p1|4\n|teamsize|p2|6\n|gen|9\n|tier|[Gen 9] VGC 2023 Regulation C\n|rated|\n|rule|Species Clause: Limit one of each Pok\u00e9mon\n|rule|Item Clause: Limit one of each item\n|clearpoke\n|poke|p1|Scizor, L50, F|\n|poke|p1|Chien-Pao, L50|\n|poke|p1|Flutter Mane, L50|\n|poke|p1|Ceruledge, L50, M|\n|poke|p2|Iron Jugulis, L50|\n|poke|p2|Garchomp, L50, F|\n|poke|p2|Chien-Pao, L50|\n|poke|p2|Kilowattrel, L50, F|\n|poke|p2|Ting-Lu, L50|\n|poke|p2|Mismagius, L50, F|\n|teampreview|4\n|inactive|Battle timer is ON: inactive players will automatically lose when time's up. (requested by LesbianLeavanny)\n|c|\u2606LesbianLeavanny|Good luck, have fun.\n|\n|t:|1682186205\n|start\n|switch|p1a: Scizor|Scizor, L50, F|100\/100\n|switch|p1b: Ceruledge|Ceruledge, L50, M|100\/100\n|switch|p2a: haaaaaat.|Iron Jugulis, L50|100\/100\n|switch|p2b: KILL.|Ting-Lu, L50|100\/100\n|-ability|p2b: KILL.|Vessel of Ruin\n|-enditem|p2a: haaaaaat.|Booster Energy\n|-activate|p2a: haaaaaat.|ability: Quark Drive|[fromitem]\n|-start|p2a: haaaaaat.|quarkdrivespe\n|turn|1\n|\n|t:|1682186218\n|move|p2a: haaaaaat.|Tailwind|p2a: haaaaaat.\n|-sidestart|p2: LesbianLeavanny|move: Tailwind\n|move|p2b: KILL.|Fissure|p1a: Scizor|[miss]\n|-miss|p2b: KILL.|p1a: Scizor\n|move|p1b: Ceruledge|Close Combat|p2b: KILL.\n|-supereffective|p2b: KILL.\n|-damage|p2b: KILL.|62\/100\n|-unboost|p1b: Ceruledge|def|1\n|-unboost|p1b: Ceruledge|spd|1\n|move|p1a: Scizor|Swords Dance|p1a: Scizor\n|-boost|p1a: Scizor|atk|2\n|\n|upkeep\n|turn|2\n|j| Toxic Ariados\n|inactive|Trrtesddx has 30 seconds left.\n|\n|t:|1682186247\n|switch|p1b: Chien-Pao|Chien-Pao, L50|100\/100\n|-ability|p1b: Chien-Pao|Sword of Ruin\n|move|p1a: Scizor|Bullet Punch|p2b: KILL.\n|-damage|p2b: KILL.|8\/100\n|move|p2a: haaaaaat.|Snarl|p1a: Scizor|[spread] p1a,p1b\n|-resisted|p1b: Chien-Pao\n|-damage|p1a: Scizor|84\/100\n|-damage|p1b: Chien-Pao|89\/100\n|-unboost|p1a: Scizor|spa|1\n|-unboost|p1b: Chien-Pao|spa|1\n|move|p2b: KILL.|Stomping Tantrum|p1b: Chien-Pao\n|-damage|p1b: Chien-Pao|0 fnt\n|faint|p1b: Chien-Pao\n|\n|upkeep\n|inactive|Trrtesddx has 30 seconds left.\n|\n|t:|1682186281\n|switch|p1b: Ceruledge|Ceruledge, L50, M|100\/100\n|turn|3\n|\n|t:|1682186297\n|move|p1b: Ceruledge|Shadow Sneak|p2b: KILL.\n|-resisted|p2b: KILL.\n|-damage|p2b: KILL.|3\/100\n|move|p1a: Scizor|Bullet Punch|p2a: haaaaaat.\n|-damage|p2a: haaaaaat.|33\/100\n|move|p2a: haaaaaat.|Air Slash|p1a: Scizor\n|-damage|p1a: Scizor|51\/100\n|move|p2b: KILL.|Payback|p1b: Ceruledge\n|-supereffective|p1b: Ceruledge\n|-damage|p1b: Ceruledge|11\/100\n|\n|upkeep\n|turn|4\n|\n|t:|1682186312\n|move|p1b: Ceruledge|Shadow Sneak|p2b: KILL.\n|-resisted|p2b: KILL.\n|-damage|p2b: KILL.|0 fnt\n|faint|p2b: KILL.\n|move|p1a: Scizor|Bullet Punch|p2a: haaaaaat.\n|-damage|p2a: haaaaaat.|0 fnt\n|faint|p2a: haaaaaat.\n|-end|p2a: haaaaaat.|Quark Drive|[silent]\n|\n|-sideend|p2: LesbianLeavanny|move: Tailwind\n|upkeep\n|\n|t:|1682186316\n|switch|p2a: Dommy Mommy|Garchomp, L50, F, shiny|100\/100\n|switch|p2b: Tara|Chien-Pao, L50|100\/100\n|-ability|p2b: Tara|Sword of Ruin\n|-item|p2b: Tara|Air Balloon\n|turn|5\n|\n|t:|1682186327\n|-terastallize|p2a: Dommy Mommy|Fire\n|move|p1a: Scizor|Protect|p1a: Scizor\n|-singleturn|p1a: Scizor|Protect\n|move|p2b: Tara|Crunch|p1a: Scizor\n|-activate|p1a: Scizor|move: Protect\n|move|p2a: Dommy Mommy|Earthquake|p1a: Scizor|[spread] p1b\n|-activate|p1a: Scizor|move: Protect\n|-immune|p2b: Tara\n|-supereffective|p1b: Ceruledge\n|-damage|p1b: Ceruledge|0 fnt\n|faint|p1b: Ceruledge\n|\n|upkeep\n|\n|t:|1682186341\n|switch|p1b: Flutter Mane|Flutter Mane, L50|100\/100\n|turn|6\n|inactive|Trrtesddx has 30 seconds left.\n|inactive|Trrtesddx has 20 seconds left.\n|\n|t:|1682186377\n|move|p2b: Tara|Ice Shard|p1b: Flutter Mane\n|-damage|p1b: Flutter Mane|61\/100\n|move|p1a: Scizor|Bullet Punch|p2b: Tara\n|-supereffective|p2b: Tara\n|-damage|p2b: Tara|0 fnt\n|-enditem|p2b: Tara|Air Balloon\n|faint|p2b: Tara\n|move|p1b: Flutter Mane|Shadow Ball|p2a: Dommy Mommy\n|-damage|p2a: Dommy Mommy|68\/100\n|move|p2a: Dommy Mommy|Earthquake|p1b: Flutter Mane|[spread] p1a,p1b\n|-damage|p1a: Scizor|11\/100\n|-damage|p1b: Flutter Mane|12\/100\n|-enditem|p1a: Scizor|Sitrus Berry|[eat]\n|-heal|p1a: Scizor|36\/100|[from] item: Sitrus Berry\n|\n|-heal|p1b: Flutter Mane|18\/100|[from] item: Leftovers\n|upkeep\n|turn|7\n|\n|t:|1682186402\n|move|p1a: Scizor|Bullet Punch|p2a: Dommy Mommy\n|-resisted|p2a: Dommy Mommy\n|-damage|p2a: Dommy Mommy|38\/100\n|-damage|p1a: Scizor|24\/100|[from] ability: Rough Skin|[of] p2a: Dommy Mommy\n|move|p1b: Flutter Mane|Shadow Ball|p2a: Dommy Mommy\n|-damage|p2a: Dommy Mommy|3\/100\n|move|p2a: Dommy Mommy|Earthquake|p1a: Scizor|[spread] p1a,p1b\n|-damage|p1a: Scizor|0 fnt\n|-damage|p1b: Flutter Mane|0 fnt\n|faint|p1a: Scizor\n|faint|p1b: Flutter Mane\n|-end|p1b: Flutter Mane|Protosynthesis|[silent]\n|\n|win|LesbianLeavanny\n|raw|Trrtesddx's rating: 1000 → 1000<\/strong> (+0 for losing)\n|raw|LesbianLeavanny's rating: 1076 → 1098<\/strong> (+22 for winning)\n|c|\u2606LesbianLeavanny|g.g.w.p.\n","uploadtime":1682186410,"views":13,"p1id":"trrtesddx","p2id":"lesbianleavanny","formatid":"gen9vgc2023regulationc","rating":1000,"private":0,"password":""}