{"id":"gen9vgc2023regulationc-1855629116","p1":"Cinichoe","p2":"kricketot marx","format":"[Gen 9] VGC 2023 Regulation C","log":"|j|\u2606Cinichoe\n|j|\u2606kricketot marx\n|t:|1682967913\n|gametype|doubles\n|player|p1|Cinichoe|lass-gen4dp|1384\n|player|p2|kricketot marx|flannery|1356\n|teamsize|p1|6\n|teamsize|p2|6\n|gen|9\n|tier|[Gen 9] VGC 2023 Regulation C\n|rated|\n|rule|Species Clause: Limit one of each Pok\u00e9mon\n|rule|Item Clause: Limit one of each item\n|clearpoke\n|poke|p1|Meowscarada, L50, M|\n|poke|p1|Iron Bundle, L50|\n|poke|p1|Chi-Yu, L50|\n|poke|p1|Flutter Mane, L50|\n|poke|p1|Murkrow, L50, F|\n|poke|p1|Great Tusk, L50|\n|poke|p2|Scream Tail, L50|\n|poke|p2|Baxcalibur, L50, F|\n|poke|p2|Corviknight, L50, F|\n|poke|p2|Rotom-Wash, L50|\n|poke|p2|Ting-Lu, L50|\n|poke|p2|Kingambit, L50, M|\n|teampreview|4\n|inactive|Battle timer is ON: inactive players will automatically lose when time's up. (requested by Cinichoe)\nkricketot marx has agreed to open team sheets.\n|inactive|Cinichoe has 60 seconds left.\n|inactive|kricketot marx has 60 seconds left.\n|\n|t:|1682967958\n|start\n|switch|p1a: Flutter Mane|Flutter Mane, L50|100\/100\n|switch|p1b: Chi-Yu|Chi-Yu, L50|100\/100\n|switch|p2a: Scream Tail|Scream Tail, L50, shiny|100\/100\n|switch|p2b: Ting-Lu|Ting-Lu, L50|100\/100\n|-ability|p1b: Chi-Yu|Beads of Ruin\n|-ability|p2b: Ting-Lu|Vessel of Ruin\n|-enditem|p2a: Scream Tail|Booster Energy\n|-activate|p2a: Scream Tail|ability: Protosynthesis|[fromitem]\n|-start|p2a: Scream Tail|protosynthesisspe\n|turn|1\n|\n|t:|1682967982\n|-terastallize|p1b: Chi-Yu|Ghost\n|move|p2a: Scream Tail|Howl|p2a: Scream Tail|[spread] p2a,p2b\n|-boost|p2a: Scream Tail|atk|1\n|-boost|p2b: Ting-Lu|atk|1\n|move|p1a: Flutter Mane|Shadow Ball|p2a: Scream Tail\n|-supereffective|p2a: Scream Tail\n|-damage|p2a: Scream Tail|35\/100\n|move|p1b: Chi-Yu|Dark Pulse|p2a: Scream Tail\n|-damage|p2a: Scream Tail|0 fnt\n|faint|p2a: Scream Tail\n|-end|p2a: Scream Tail|Protosynthesis|[silent]\n|-damage|p1b: Chi-Yu|91\/100|[from] item: Life Orb\n|move|p2b: Ting-Lu|Stomping Tantrum|p1b: Chi-Yu\n|-damage|p1b: Chi-Yu|9\/100\n|\n|upkeep\n|\n|t:|1682967995\n|switch|p2a: Baxcalibur|Baxcalibur, L50, F|100\/100\n|turn|2\n|\n|t:|1682968007\n|-terastallize|p2a: Baxcalibur|Poison\n|move|p1b: Chi-Yu|Protect|p1b: Chi-Yu\n|-singleturn|p1b: Chi-Yu|Protect\n|move|p2a: Baxcalibur|Ice Shard|p1b: Chi-Yu\n|-activate|p1b: Chi-Yu|move: Protect\n|move|p1a: Flutter Mane|Dazzling Gleam|p2b: Ting-Lu|[spread] p2a,p2b\n|-resisted|p2a: Baxcalibur\n|-supereffective|p2b: Ting-Lu\n|-damage|p2a: Baxcalibur|85\/100\n|-damage|p2b: Ting-Lu|71\/100\n|move|p2b: Ting-Lu|Stomping Tantrum|p1a: Flutter Mane\n|-enditem|p1a: Flutter Mane|Focus Sash\n|-damage|p1a: Flutter Mane|1\/100\n|\n|upkeep\n|turn|3\n|\n|t:|1682968026\n|move|p2a: Baxcalibur|Ice Shard|p1b: Chi-Yu\n|-damage|p1b: Chi-Yu|0 fnt\n|faint|p1b: Chi-Yu\n|move|p1a: Flutter Mane|Dazzling Gleam|p2a: Baxcalibur|[spread] p2a,p2b\n|-resisted|p2a: Baxcalibur\n|-supereffective|p2b: Ting-Lu\n|-damage|p2a: Baxcalibur|73\/100\n|-damage|p2b: Ting-Lu|48\/100\n|move|p2b: Ting-Lu|Stomping Tantrum|p1a: Flutter Mane\n|-damage|p1a: Flutter Mane|0 fnt\n|faint|p1a: Flutter Mane\n|-end|p1a: Flutter Mane|Protosynthesis|[silent]\n|\n|upkeep\n|\n|t:|1682968033\n|switch|p1a: Meowscarada|Meowscarada, L50, M|100\/100\n|switch|p1b: Great Tusk|Great Tusk, L50|100\/100\n|turn|4\n|inactive|Cinichoe has 30 seconds left.\n|inactive|kricketot marx has 30 seconds left.\n|inactive|Cinichoe has 20 seconds left.\n|inactive|Cinichoe has 15 seconds left.\n|inactive|Cinichoe has 10 seconds left.\n|\n|t:|1682968079\n|move|p2a: Baxcalibur|Protect|p2a: Baxcalibur\n|-singleturn|p2a: Baxcalibur|Protect\n|move|p1b: Great Tusk|Rock Slide|p2b: Ting-Lu|[spread] p2b\n|-activate|p2a: Baxcalibur|move: Protect\n|-resisted|p2b: Ting-Lu\n|-damage|p2b: Ting-Lu|42\/100\n|move|p1a: Meowscarada|Flower Trick|p2b: Ting-Lu\n|-start|p1a: Meowscarada|typechange|Grass|[from] ability: Protean\n|-supereffective|p2b: Ting-Lu\n|-crit|p2b: Ting-Lu\n|-damage|p2b: Ting-Lu|0 fnt\n|faint|p2b: Ting-Lu\n|\n|upkeep\n|\n|t:|1682968089\n|switch|p2b: Corviknight|Corviknight, L50, F, shiny|100\/100\n|turn|5\n|\n|t:|1682968103\n|move|p1b: Great Tusk|Rock Slide|p2b: Corviknight|[spread] p2b\n|-miss|p1b: Great Tusk|p2a: Baxcalibur\n|-damage|p2b: Corviknight|81\/100\n|move|p1a: Meowscarada|Flower Trick|p2a: Baxcalibur\n|-resisted|p2a: Baxcalibur\n|-crit|p2a: Baxcalibur\n|-damage|p2a: Baxcalibur|37\/100\n|move|p2a: Baxcalibur|Icicle Spear|p1a: Meowscarada\n|-supereffective|p1a: Meowscarada\n|-damage|p1a: Meowscarada|57\/100\n|-supereffective|p1a: Meowscarada\n|-damage|p1a: Meowscarada|9\/100\n|-supereffective|p1a: Meowscarada\n|-damage|p1a: Meowscarada|0 fnt\n|faint|p1a: Meowscarada\n|-hitcount|p1: Meowscarada|3\n|move|p2b: Corviknight|Brave Bird|p1b: Great Tusk\n|-supereffective|p1b: Great Tusk\n|-damage|p1b: Great Tusk|40\/100\n|-damage|p2b: Corviknight|63\/100|[from] Recoil\n|\n|upkeep\n|turn|6\n|\n|t:|1682968119\n|move|p2a: Baxcalibur|Protect|p2a: Baxcalibur\n|-singleturn|p2a: Baxcalibur|Protect\n|move|p1b: Great Tusk|Rock Slide|p2b: Corviknight|[spread] p2b\n|-activate|p2a: Baxcalibur|move: Protect\n|-damage|p2b: Corviknight|44\/100\n|move|p2b: Corviknight|Brave Bird|p1b: Great Tusk\n|-supereffective|p1b: Great Tusk\n|-damage|p1b: Great Tusk|0 fnt\n|faint|p1b: Great Tusk\n|-end|p1b: Great Tusk|Protosynthesis|[silent]\n|-damage|p2b: Corviknight|32\/100|[from] Recoil\n|\n|win|kricketot marx\n|raw|Cinichoe's rating: 1384 → 1362<\/strong> (-22 for losing)\n|raw|kricketot marx's rating: 1356 → 1378<\/strong> (+22 for winning)\n|l|\u2606Cinichoe\n","uploadtime":1682968135,"views":14,"p1id":"cinichoe","p2id":"kricketotmarx","formatid":"gen9vgc2023regulationc","rating":1362,"private":0,"password":""}