{"id":"gen9vgc2023regulationc-1861880236","p1":"Stiifler8","p2":"Kiky14","format":"[Gen 9] VGC 2023 Regulation C","log":"|j|\u2606Stiifler8\n|j|\u2606Kiky14\n|t:|1683817442\n|gametype|doubles\n|player|p1|Stiifler8|linebacker|1093\n|player|p2|Kiky14|hilbert-wonderlauncher|1034\n|teamsize|p1|6\n|teamsize|p2|6\n|gen|9\n|tier|[Gen 9] VGC 2023 Regulation C\n|rated|\n|rule|Species Clause: Limit one of each Pok\u00e9mon\n|rule|Item Clause: Limit one of each item\n|clearpoke\n|poke|p1|Palafin, L50, M|\n|poke|p1|Torkoal, L50, F|\n|poke|p1|Pelipper, L50, F|\n|poke|p1|Dragapult, L50, F|\n|poke|p1|Ceruledge, L50, F|\n|poke|p1|Grimmsnarl, L50, M|\n|poke|p2|Armarouge, L50, F|\n|poke|p2|Chi-Yu, L50|\n|poke|p2|Weavile, L50, F|\n|poke|p2|Great Tusk, L50|\n|poke|p2|Palafin, L50, F|\n|poke|p2|Amoonguss, L50, F|\n|teampreview|4\n|inactive|Battle timer is ON: inactive players will automatically lose when time's up. (requested by Kiky14)\n|\n|t:|1683817484\n|start\n|switch|p1a: Grimmsnarl|Grimmsnarl, L50, M, shiny|100\/100\n|switch|p1b: Palafin|Palafin, L50, M|100\/100\n|switch|p2a: Palafin|Palafin, L50, F, shiny|100\/100\n|switch|p2b: Amoonguss|Amoonguss, L50, F|100\/100\n|turn|1\n|\n|t:|1683817503\n|move|p1a: Grimmsnarl|Fake Out|p2b: Amoonguss\n|-damage|p2b: Amoonguss|90\/100\n|move|p2a: Palafin|Flip Turn|p1b: Palafin\n|-resisted|p1b: Palafin\n|-damage|p1b: Palafin|80\/100\n|\n|t:|1683817524\n|detailschange|p2a: Palafin|Palafin-Hero, L50, F, shiny\n|switch|p2a: Weavile|Weavile, L50, F|100\/100|[from] Flip Turn\n|move|p1b: Palafin|Flip Turn|p2a: Weavile\n|-damage|p2a: Weavile|65\/100\n|\n|t:|1683817534\n|detailschange|p1b: Palafin|Palafin-Hero, L50, M\n|switch|p1b: Ceruledge|Ceruledge, L50, F|100\/100|[from] Flip Turn\n|cant|p2b: Amoonguss|flinch\n|\n|-heal|p2b: Amoonguss|96\/100|[from] item: Black Sludge\n|upkeep\n|turn|2\n|inactive|Stiifler8 has 30 seconds left.\n|\n|t:|1683817565\n|move|p2b: Amoonguss|Protect|p2b: Amoonguss\n|-singleturn|p2b: Amoonguss|Protect\n|move|p1a: Grimmsnarl|Reflect|p1a: Grimmsnarl\n|-sidestart|p1: Stiifler8|Reflect\n|move|p2a: Weavile|Icy Wind|p1a: Grimmsnarl|[spread] p1a,p1b\n|-resisted|p1b: Ceruledge\n|-damage|p1a: Grimmsnarl|93\/100\n|-damage|p1b: Ceruledge|97\/100\n|-unboost|p1a: Grimmsnarl|spe|1\n|-unboost|p1b: Ceruledge|spe|1\n|move|p1b: Ceruledge|Bitter Blade|p2a: Weavile\n|-supereffective|p2a: Weavile\n|-damage|p2a: Weavile|0 fnt\n|-heal|p1b: Ceruledge|100\/100|[from] drain|[of] p2a: Weavile\n|faint|p2a: Weavile\n|\n|-heal|p2b: Amoonguss|100\/100|[from] item: Black Sludge\n|upkeep\n|\n|t:|1683817570\n|switch|p2a: Palafin|Palafin-Hero, L50, F, shiny|100\/100\n|-activate|p2a: Palafin|ability: Zero to Hero\n|turn|3\n|inactive|Stiifler8 has 30 seconds left.\n|inactive|Kiky14 has 30 seconds left.\n|inactive|Stiifler8 has 20 seconds left.\n|\n|t:|1683817605\n|switch|p1b: Palafin|Palafin-Hero, L50, M|80\/100\n|-activate|p1b: Palafin|ability: Zero to Hero\n|-terastallize|p2a: Palafin|Water\n|move|p2a: Palafin|Flip Turn|p1b: Palafin\n|-resisted|p1b: Palafin\n|-damage|p1b: Palafin|53\/100\n|\n|t:|1683817617\n|switch|p2a: Armarouge|Armarouge, L50, F, shiny|100\/100|[from] Flip Turn\n|move|p1a: Grimmsnarl|Spirit Break|p2a: Armarouge\n|-resisted|p2a: Armarouge\n|-damage|p2a: Armarouge|84\/100\n|-unboost|p2a: Armarouge|spa|1\n|move|p2b: Amoonguss|Spore|p1a: Grimmsnarl\n|-status|p1a: Grimmsnarl|slp|[from] move: Spore\n|\n|upkeep\n|turn|4\n|inactive|Stiifler8 has 30 seconds left.\n|\n|t:|1683817645\n|switch|p2a: Palafin|Palafin-Hero, L50, F, shiny, tera:Water|100\/100\n|move|p1b: Palafin|Jet Punch|p2a: Palafin\n|-resisted|p2a: Palafin\n|-damage|p2a: Palafin|81\/100\n|cant|p1a: Grimmsnarl|slp\n|move|p2b: Amoonguss|Spore|p1b: Palafin\n|-status|p1b: Palafin|slp|[from] move: Spore\n|\n|upkeep\n|turn|5\n|inactive|Stiifler8 has 30 seconds left.\n|\n|t:|1683817671\n|cant|p1b: Palafin|slp\n|-curestatus|p1a: Grimmsnarl|slp|[msg]\n|move|p1a: Grimmsnarl|Light Screen|p1a: Grimmsnarl\n|-sidestart|p1: Stiifler8|move: Light Screen\n|move|p2a: Palafin|Flip Turn|p1a: Grimmsnarl\n|-damage|p1a: Grimmsnarl|42\/100\n|\n|t:|1683817681\n|switch|p2a: Armarouge|Armarouge, L50, F, shiny|84\/100|[from] Flip Turn\n|move|p2b: Amoonguss|Pollen Puff|p2a: Armarouge\n|-heal|p2a: Armarouge|100\/100\n|\n|upkeep\n|turn|6\n|\n|t:|1683817695\n|move|p2b: Amoonguss|Rage Powder|p2b: Amoonguss\n|-singleturn|p2b: Amoonguss|move: Rage Powder\n|cant|p1b: Palafin|slp\n|move|p2a: Armarouge|Energy Ball|p1b: Palafin\n|-supereffective|p1b: Palafin\n|-damage|p1b: Palafin|23\/100 slp\n|move|p1a: Grimmsnarl|Spirit Break|p2b: Amoonguss\n|-resisted|p2b: Amoonguss\n|-damage|p2b: Amoonguss|87\/100\n|-unboost|p2b: Amoonguss|spa|1\n|\n|-heal|p2b: Amoonguss|93\/100|[from] item: Black Sludge\n|upkeep\n|turn|7\n|\n|t:|1683817714\n|move|p2b: Amoonguss|Rage Powder|p2b: Amoonguss\n|-singleturn|p2b: Amoonguss|move: Rage Powder\n|cant|p1b: Palafin|slp\n|move|p2a: Armarouge|Psychic|p1b: Palafin\n|-damage|p1b: Palafin|0 fnt\n|faint|p1b: Palafin\n|move|p1a: Grimmsnarl|Spirit Break|p2b: Amoonguss\n|-resisted|p2b: Amoonguss\n|-damage|p2b: Amoonguss|80\/100\n|-unboost|p2b: Amoonguss|spa|1\n|\n|-heal|p2b: Amoonguss|86\/100|[from] item: Black Sludge\n|upkeep\n|\n|t:|1683817724\n|switch|p1b: Ceruledge|Ceruledge, L50, F|100\/100\n|turn|8\n|inactive|Kiky14 has 30 seconds left.\n|\n|t:|1683817754\n|switch|p2b: Palafin|Palafin-Hero, L50, F, shiny, tera:Water|81\/100\n|move|p2a: Armarouge|Protect|p2a: Armarouge\n|-singleturn|p2a: Armarouge|Protect\n|move|p1b: Ceruledge|Bulk Up|p1b: Ceruledge\n|-boost|p1b: Ceruledge|atk|1\n|-boost|p1b: Ceruledge|def|1\n|move|p1a: Grimmsnarl|Spirit Break|p2a: Armarouge\n|-activate|p2a: Armarouge|move: Protect\n|\n|upkeep\n|turn|9\n|inactive|Stiifler8 has 30 seconds left.\n|inactive|Kiky14 has 30 seconds left.\n|inactive|Stiifler8 has 20 seconds left.\n|inactive|Stiifler8 has 15 seconds left.\n|\n|t:|1683817799\n|switch|p2a: Amoonguss|Amoonguss, L50, F|100\/100\n|-terastallize|p1b: Ceruledge|Grass\n|move|p2b: Palafin|Flip Turn|p1a: Grimmsnarl\n|-damage|p1a: Grimmsnarl|0 fnt\n|faint|p1a: Grimmsnarl\n|\n|t:|1683817810\n|switch|p2b: Armarouge|Armarouge, L50, F, shiny|100\/100|[from] Flip Turn\n|move|p1b: Ceruledge|Bitter Blade|p2b: Armarouge\n|-start|p2b: Armarouge|ability: Flash Fire\n|\n|-sideend|p1: Stiifler8|Reflect\n|upkeep\n|\n|t:|1683817813\n|switch|p1a: Pelipper|Pelipper, L50, F|100\/100\n|-weather|RainDance|[from] ability: Drizzle|[of] p1a: Pelipper\n|turn|10\n|inactive|Kiky14 has 30 seconds left.\n|\n|t:|1683817846\n|-end|p2b: Armarouge|ability: Flash Fire|[silent]\n|switch|p2b: Palafin|Palafin-Hero, L50, F, shiny, tera:Water|81\/100\n|move|p1b: Ceruledge|Shadow Sneak|p2b: Palafin\n|-damage|p2b: Palafin|48\/100\n|move|p1a: Pelipper|Surf|p2a: Amoonguss|[spread] p1b,p2a,p2b\n|-resisted|p1b: Ceruledge\n|-resisted|p2a: Amoonguss\n|-resisted|p2b: Palafin\n|-damage|p1b: Ceruledge|83\/100\n|-damage|p2a: Amoonguss|80\/100\n|-damage|p2b: Palafin|25\/100\n|move|p2a: Amoonguss|Spore|p1a: Pelipper\n|-status|p1a: Pelipper|slp|[from] move: Spore\n|\n|-weather|RainDance|[upkeep]\n|-heal|p2a: Amoonguss|87\/100|[from] item: Black Sludge\n|upkeep\n|turn|11\n|inactive|Kiky14 has 30 seconds left.\n|inactive|Kiky14 has 20 seconds left.\n|inactive|Kiky14 has 15 seconds left.\n|\n|t:|1683817886\n|move|p2b: Palafin|Jet Punch|p1b: Ceruledge\n|-resisted|p1b: Ceruledge\n|-damage|p1b: Ceruledge|30\/100\n|move|p1b: Ceruledge|Shadow Sneak|p2b: Palafin\n|-damage|p2b: Palafin|0 fnt\n|faint|p2b: Palafin\n|cant|p1a: Pelipper|slp\n|move|p2a: Amoonguss|Pollen Puff|p1b: Ceruledge\n|-supereffective|p1b: Ceruledge\n|-crit|p1b: Ceruledge\n|-damage|p1b: Ceruledge|0 fnt\n|faint|p1b: Ceruledge\n|\n|-weather|RainDance|[upkeep]\n|-heal|p2a: Amoonguss|93\/100|[from] item: Black Sludge\n|upkeep\n|\n|t:|1683817907\n|switch|p2b: Armarouge|Armarouge, L50, F, shiny|100\/100\n|turn|12\n|\n|t:|1683817918\n|move|p2b: Armarouge|Psychic|p1a: Pelipper\n|-damage|p1a: Pelipper|52\/100 slp\n|cant|p1a: Pelipper|slp\n|move|p2a: Amoonguss|Pollen Puff|p1a: Pelipper\n|-resisted|p1a: Pelipper\n|-damage|p1a: Pelipper|43\/100 slp\n|\n|-weather|RainDance|[upkeep]\n|-heal|p2a: Amoonguss|99\/100|[from] item: Black Sludge\n|-sideend|p1: Stiifler8|move: Light Screen\n|upkeep\n|turn|13\n|\n|t:|1683817931\n|move|p2a: Amoonguss|Rage Powder|p2a: Amoonguss\n|-singleturn|p2a: Amoonguss|move: Rage Powder\n|move|p2b: Armarouge|Psychic|p1a: Pelipper\n|-damage|p1a: Pelipper|0 fnt\n|faint|p1a: Pelipper\n|\n|win|Kiky14\n|raw|Stiifler8's rating: 1093 → 1065<\/strong> (-28 for losing)\n|raw|Kiky14's rating: 1034 → 1075<\/strong> (+41 for winning)\n|l|\u2606Stiifler8\n|l|\u2606Kiky14\n|j|\u2606Kiky14\n|player|p2|Kiky14|hilbert-wonderlauncher\n","uploadtime":1683817984,"views":8,"p1id":"stiifler8","p2id":"kiky14","formatid":"gen9vgc2023regulationc","rating":1065,"private":0,"password":""}