{"id":"gen9vgc2023regulationc-1861438217","p1":"Felipe.Miller.V","p2":"Ashenfield","format":"[Gen 9] VGC 2023 Regulation C","log":"|j|\u2606Felipe.Miller.V\n|j|\u2606Ashenfield\n|t:|1683757900\n|gametype|doubles\n|player|p1|Felipe.Miller.V|plasmagrunt-gen5bw|1361\n|player|p2|Ashenfield|benga|1329\n|teamsize|p1|6\n|teamsize|p2|6\n|gen|9\n|tier|[Gen 9] VGC 2023 Regulation C\n|rated|\n|rule|Species Clause: Limit one of each Pok\u00e9mon\n|rule|Item Clause: Limit one of each item\n|clearpoke\n|poke|p1|Flutter Mane, L50|\n|poke|p1|Baxcalibur, L50, F|\n|poke|p1|Mimikyu, L50, M|\n|poke|p1|Maushold, L50|\n|poke|p1|Iron Hands, L50|\n|poke|p1|Torkoal, L50, M|\n|poke|p2|Dragonite, L50, M|\n|poke|p2|Chien-Pao, L50|\n|poke|p2|Flutter Mane, L50|\n|poke|p2|Chi-Yu, L50|\n|poke|p2|Dondozo, L50, M|\n|poke|p2|Tatsugiri, L50, F|\n|teampreview|4\n|inactive|Battle timer is ON: inactive players will automatically lose when time's up. (requested by Ashenfield)\n|inactive|Felipe.Miller.V has 60 seconds left.\n|\n|t:|1683757931\n|start\n|switch|p1a: Flutter Mane|Flutter Mane, L50, shiny|100\/100\n|switch|p1b: Iron Hands|Iron Hands, L50|100\/100\n|switch|p2a: Flutter Mane|Flutter Mane, L50, shiny|100\/100\n|switch|p2b: Chi-Yu|Chi-Yu, L50|100\/100\n|-ability|p2b: Chi-Yu|Beads of Ruin\n|-enditem|p2a: Flutter Mane|Booster Energy\n|-activate|p2a: Flutter Mane|ability: Protosynthesis|[fromitem]\n|-start|p2a: Flutter Mane|protosynthesisspe\n|-enditem|p1b: Iron Hands|Booster Energy\n|-activate|p1b: Iron Hands|ability: Quark Drive|[fromitem]\n|-start|p1b: Iron Hands|quarkdriveatk\n|turn|1\n|\n|t:|1683757950\n|-terastallize|p2b: Chi-Yu|Ghost\n|-terastallize|p1b: Iron Hands|Fire\n|move|p2a: Flutter Mane|Dazzling Gleam|p1b: Iron Hands|[spread] p1a,p1b\n|-resisted|p1b: Iron Hands\n|-damage|p1a: Flutter Mane|65\/100\n|-damage|p1b: Iron Hands|79\/100\n|move|p2b: Chi-Yu|Overheat|p1a: Flutter Mane\n|-damage|p1a: Flutter Mane|0 fnt\n|-unboost|p2b: Chi-Yu|spa|2\n|faint|p1a: Flutter Mane\n|-end|p1a: Flutter Mane|Protosynthesis|[silent]\n|-damage|p2b: Chi-Yu|90\/100|[from] item: Life Orb\n|move|p1b: Iron Hands|Fire Punch|p2a: Flutter Mane\n|-damage|p2a: Flutter Mane|0 fnt\n|faint|p2a: Flutter Mane\n|-end|p2a: Flutter Mane|Protosynthesis|[silent]\n|\n|upkeep\n|\n|t:|1683757966\n|switch|p2a: Tatsugiri|Tatsugiri, L50, F, shiny|100\/100\n|switch|p1a: Baxcalibur|Baxcalibur, L50, F|100\/100\n|turn|2\n|\n|t:|1683757982\n|move|p2b: Chi-Yu|Protect|p2b: Chi-Yu\n|-singleturn|p2b: Chi-Yu|Protect\n|move|p2a: Tatsugiri|Muddy Water|p1b: Iron Hands|[spread] p1b\n|-miss|p2a: Tatsugiri|p1a: Baxcalibur\n|-supereffective|p1b: Iron Hands\n|-damage|p1b: Iron Hands|0 fnt\n|faint|p1b: Iron Hands\n|-end|p1b: Iron Hands|Quark Drive|[silent]\n|move|p1a: Baxcalibur|Breaking Swipe|p2b: Chi-Yu|[spread] p2a\n|-activate|p2b: Chi-Yu|move: Protect\n|-supereffective|p2a: Tatsugiri\n|-damage|p2a: Tatsugiri|0 fnt\n|faint|p2a: Tatsugiri\n|\n|upkeep\n|\n|t:|1683757995\n|switch|p2a: Dondozo|Dondozo, L50, M, shiny|100\/100\n|switch|p1b: Torkoal|Torkoal, L50, M, shiny|100\/100\n|-weather|SunnyDay|[from] ability: Drought|[of] p1b: Torkoal\n|turn|3\n|\n|t:|1683758005\n|move|p2b: Chi-Yu|Dark Pulse|p1b: Torkoal\n|-damage|p1b: Torkoal|47\/100\n|-damage|p2b: Chi-Yu|80\/100|[from] item: Life Orb\n|move|p2a: Dondozo|Wave Crash|p1b: Torkoal\n|-supereffective|p1b: Torkoal\n|-damage|p1b: Torkoal|5\/100\n|-damage|p2a: Dondozo|90\/100|[from] Recoil\n|move|p1a: Baxcalibur|Breaking Swipe|p2b: Chi-Yu|[spread] p2a,p2b\n|-damage|p2a: Dondozo|69\/100\n|-damage|p2b: Chi-Yu|34\/100\n|-unboost|p2a: Dondozo|atk|1\n|-unboost|p2b: Chi-Yu|atk|1\n|move|p1b: Torkoal|Lava Plume|p2a: Dondozo|[spread] p1a,p2a,p2b\n|-resisted|p2a: Dondozo\n|-damage|p1a: Baxcalibur|28\/100\n|-damage|p2a: Dondozo|25\/100\n|-damage|p2b: Chi-Yu|0 fnt\n|-ability|p1a: Baxcalibur|Thermal Exchange|boost\n|-boost|p1a: Baxcalibur|atk|1\n|faint|p2b: Chi-Yu\n|\n|-weather|SunnyDay|[upkeep]\n|-heal|p2a: Dondozo|31\/100|[from] item: Leftovers\n|upkeep\n|turn|4\n|inactive|Felipe.Miller.V has 30 seconds left.\n|\n|t:|1683758039\n|move|p1a: Baxcalibur|Ice Shard|p2a: Dondozo\n|-resisted|p2a: Dondozo\n|-damage|p2a: Dondozo|22\/100\n|move|p2a: Dondozo|Earthquake|p1b: Torkoal|[spread] p1a,p1b\n|-supereffective|p1b: Torkoal\n|-damage|p1a: Baxcalibur|15\/100\n|-damage|p1b: Torkoal|0 fnt\n|faint|p1b: Torkoal\n|\n|-weather|SunnyDay|[upkeep]\n|-heal|p2a: Dondozo|28\/100|[from] item: Leftovers\n|upkeep\n|turn|5\n|inactive|Ashenfield has 30 seconds left.\n|\n|t:|1683758065\n|move|p2a: Dondozo|Wave Crash|p1a: Baxcalibur\n|-resisted|p1a: Baxcalibur\n|-damage|p1a: Baxcalibur|7\/100\n|-damage|p2a: Dondozo|12\/100|[from] item: Rocky Helmet|[of] p1a: Baxcalibur\n|-damage|p2a: Dondozo|9\/100|[from] Recoil\n|move|p1a: Baxcalibur|Glaive Rush|p2a: Dondozo\n|-damage|p2a: Dondozo|0 fnt\n|-singlemove|p1a: Baxcalibur|Glaive Rush|[silent]\n|faint|p2a: Dondozo\n|\n|win|Felipe.Miller.V\n|raw|Felipe.Miller.V's rating: 1361 → 1379<\/strong> (+18 for winning)\n|raw|Ashenfield's rating: 1329 → 1311<\/strong> (-18 for losing)\n|l|\u2606Ashenfield\n","uploadtime":1683758079,"views":9,"p1id":"felipemillerv","p2id":"ashenfield","formatid":"gen9vgc2023regulationc","rating":1311,"private":0,"password":""}