{"id":"gen9vgc2023regulationc-1856563662","p1":"emogiraffe","p2":"soraesc","format":"[Gen 9] VGC 2023 Regulation C","log":"|j|\u2606emogiraffe\n|j|\u2606soraesc\n|t:|1683076242\n|gametype|doubles\n|player|p1|emogiraffe|ninjaboy|1290\n|player|p2|soraesc|clair|1295\n|teamsize|p1|6\n|teamsize|p2|6\n|gen|9\n|tier|[Gen 9] VGC 2023 Regulation C\n|rated|\n|rule|Species Clause: Limit one of each Pok\u00e9mon\n|rule|Item Clause: Limit one of each item\n|clearpoke\n|poke|p1|Palafin, L50, F|\n|poke|p1|Flutter Mane, L50|\n|poke|p1|Iron Bundle, L50|\n|poke|p1|Ceruledge, L50, M|\n|poke|p1|Amoonguss, L50, F|\n|poke|p1|Chi-Yu, L50|\n|poke|p2|Palafin, L50, M|\n|poke|p2|Pelipper, L50, F|\n|poke|p2|Ting-Lu, L50|\n|poke|p2|Dragonite, L50, M|\n|poke|p2|Chien-Pao, L50|\n|poke|p2|Flutter Mane, L50|\n|teampreview|4\n|inactive|Battle timer is ON: inactive players will automatically lose when time's up. (requested by soraesc)\n|inactive|soraesc has 60 seconds left.\n|\n|t:|1683076280\n|start\n|switch|p1a: Ceruledge|Ceruledge, L50, M|100\/100\n|switch|p1b: Iron Bundle|Iron Bundle, L50|100\/100\n|switch|p2a: Dragonite|Dragonite, L50, M|100\/100\n|switch|p2b: Ting-Lu|Ting-Lu, L50|100\/100\n|-ability|p2b: Ting-Lu|Vessel of Ruin\n|-enditem|p1b: Iron Bundle|Booster Energy\n|-activate|p1b: Iron Bundle|ability: Quark Drive|[fromitem]\n|-start|p1b: Iron Bundle|quarkdrivespe\n|turn|1\n|inactive|soraesc has 30 seconds left.\n|\n|t:|1683076310\n|switch|p2a: Pelipper|Pelipper, L50, F|100\/100\n|-weather|RainDance|[from] ability: Drizzle|[of] p2a: Pelipper\n|-terastallize|p1a: Ceruledge|Grass\n|-terastallize|p2b: Ting-Lu|Poison\n|move|p1a: Ceruledge|Shadow Sneak|p2a: Pelipper\n|-damage|p2a: Pelipper|77\/100\n|move|p1b: Iron Bundle|Freeze-Dry|p2a: Pelipper\n|-supereffective|p2a: Pelipper\n|-damage|p2a: Pelipper|0 fnt\n|faint|p2a: Pelipper\n|move|p2b: Ting-Lu|Fissure|p1b: Iron Bundle|[miss]\n|-miss|p2b: Ting-Lu|p1b: Iron Bundle\n|\n|-weather|RainDance|[upkeep]\n|upkeep\n|\n|t:|1683076327\n|switch|p2a: Dragonite|Dragonite, L50, M|100\/100\n|turn|2\n|\n|t:|1683076336\n|switch|p2a: Flutter Mane|Flutter Mane, L50|100\/100\n|move|p1a: Ceruledge|Shadow Sneak|p2a: Flutter Mane\n|-supereffective|p2a: Flutter Mane\n|-damage|p2a: Flutter Mane|35\/100\n|move|p1b: Iron Bundle|Freeze-Dry|p2a: Flutter Mane\n|-damage|p2a: Flutter Mane|8\/100\n|move|p2b: Ting-Lu|Fissure|p1a: Ceruledge|[miss]\n|-miss|p2b: Ting-Lu|p1a: Ceruledge\n|\n|-weather|RainDance|[upkeep]\n|upkeep\n|turn|3\n|inactive|emogiraffe has 30 seconds left.\n|\n|t:|1683076361\n|move|p1b: Iron Bundle|Freeze-Dry|p2a: Flutter Mane\n|-damage|p2a: Flutter Mane|0 fnt\n|faint|p2a: Flutter Mane\n|-end|p2a: Flutter Mane|Protosynthesis|[silent]\n|move|p1a: Ceruledge|Bitter Blade|p2b: Ting-Lu\n|-damage|p2b: Ting-Lu|86\/100\n|move|p2b: Ting-Lu|Fissure|p1b: Iron Bundle\n|-damage|p1b: Iron Bundle|0 fnt\n|faint|p1b: Iron Bundle\n|-end|p1b: Iron Bundle|Quark Drive|[silent]\n|-ohko\n|\n|-weather|RainDance|[upkeep]\n|upkeep\n|\n|t:|1683076372\n|switch|p1b: Palafin|Palafin, L50, F|100\/100\n|switch|p2a: Dragonite|Dragonite, L50, M|100\/100\n|turn|4\n|\n|t:|1683076388\n|detailschange|p1b: Palafin|Palafin-Hero, L50, F\n|switch|p1b: Amoonguss|Amoonguss, L50, F|100\/100\n|move|p1a: Ceruledge|Shadow Sneak|p2a: Dragonite\n|-damage|p2a: Dragonite|89\/100\n|move|p2a: Dragonite|Hurricane|p1a: Ceruledge\n|-supereffective|p1a: Ceruledge\n|-damage|p1a: Ceruledge|38\/100\n|move|p2b: Ting-Lu|Fissure|p1b: Amoonguss\n|-damage|p1b: Amoonguss|0 fnt\n|faint|p1b: Amoonguss\n|-ohko\n|\n|-weather|RainDance|[upkeep]\n|upkeep\n|\n|t:|1683076399\n|switch|p1b: Palafin|Palafin-Hero, L50, F|100\/100\n|-activate|p1b: Palafin|ability: Zero to Hero\n|turn|5\n|\n|t:|1683076414\n|move|p1b: Palafin|Wave Crash|p2a: Dragonite\n|-resisted|p2a: Dragonite\n|-damage|p2a: Dragonite|22\/100\n|-damage|p1b: Palafin|76\/100|[from] Recoil\n|move|p1a: Ceruledge|Bitter Blade|p2a: Dragonite\n|-resisted|p2a: Dragonite\n|-damage|p2a: Dragonite|10\/100\n|-heal|p1a: Ceruledge|44\/100|[from] drain|[of] p2a: Dragonite\n|move|p2a: Dragonite|Thunder|p1b: Palafin\n|-supereffective|p1b: Palafin\n|-damage|p1b: Palafin|10\/100\n|move|p2b: Ting-Lu|Fissure|p1a: Ceruledge\n|-damage|p1a: Ceruledge|0 fnt\n|faint|p1a: Ceruledge\n|-ohko\n|\n|-weather|none\n|upkeep\n|turn|6\n|\n|t:|1683076429\n|move|p2a: Dragonite|Extreme Speed|p1b: Palafin\n|-damage|p1b: Palafin|0 fnt\n|faint|p1b: Palafin\n|\n|win|soraesc\n|raw|emogiraffe's rating: 1290 → 1265<\/strong> (-25 for losing)\n|raw|soraesc's rating: 1295 → 1320<\/strong> (+25 for winning)\n|l|\u2606emogiraffe\n","uploadtime":1683076440,"views":5,"p1id":"emogiraffe","p2id":"soraesc","formatid":"gen9vgc2023regulationc","rating":1265,"private":0,"password":""}