{"id":"gen9vgc2023regulationc-1858684813","p1":"r2vgc","p2":"RCTD-193","format":"[Gen 9] VGC 2023 Regulation C","log":"|j|\u2606r2vgc\n|j|\u2606RCTD-193\n|t:|1683342232\n|gametype|doubles\n|player|p1|r2vgc|266|1126\n|player|p2|RCTD-193|clair|1119\n|teamsize|p1|6\n|teamsize|p2|6\n|gen|9\n|tier|[Gen 9] VGC 2023 Regulation C\n|rated|\n|rule|Species Clause: Limit one of each Pok\u00e9mon\n|rule|Item Clause: Limit one of each item\n|clearpoke\n|poke|p1|Maushold-Four, L50|\n|poke|p1|Annihilape, L50, M|\n|poke|p1|Gholdengo, L50|\n|poke|p1|Murkrow, L50, F|\n|poke|p1|Garchomp, L50, F|\n|poke|p1|Gyarados, L50, F|\n|poke|p2|Murkrow, L50, M|\n|poke|p2|Chi-Yu, L50|\n|poke|p2|Mimikyu, L50, F|\n|poke|p2|Tauros-Paldea-Blaze, L50, M|\n|poke|p2|Meowscarada, L50, M|\n|poke|p2|Flamigo, L50, F|\n|teampreview|4\nr2vgc has agreed to open team sheets.\n|inactive|Battle timer is ON: inactive players will automatically lose when time's up. (requested by RCTD-193)\n|\n|t:|1683342265\n|start\n|switch|p1a: Murkrow|Murkrow, L50, F|100\/100\n|switch|p1b: Gholdengo|Gholdengo, L50|100\/100\n|switch|p2a: Murkrow|Murkrow, L50, M|100\/100\n|switch|p2b: Chi-Yu|Chi-Yu, L50|100\/100\n|-ability|p2b: Chi-Yu|Beads of Ruin\n|turn|1\n|inactive|r2vgc has 30 seconds left.\n|\n|t:|1683342291\n|switch|p1b: Gyarados|Gyarados, L50, F, shiny|100\/100\n|-ability|p1b: Gyarados|Intimidate|boost\n|-unboost|p2a: Murkrow|atk|1\n|-unboost|p2b: Chi-Yu|atk|1\n|move|p2a: Murkrow|Tailwind|p2a: Murkrow\n|-sidestart|p2: RCTD-193|move: Tailwind\n|move|p2b: Chi-Yu|Heat Wave|p1b: Gyarados|[spread] p1a\n|-miss|p2b: Chi-Yu|p1b: Gyarados\n|-damage|p1a: Murkrow|0 fnt\n|faint|p1a: Murkrow\n|\n|upkeep\n|\n|t:|1683342303\n|switch|p1a: Garchomp|Garchomp, L50, F|100\/100\n|turn|2\n|\n|t:|1683342315\n|-terastallize|p2b: Chi-Yu|Grass\n|move|p2b: Chi-Yu|Dark Pulse|p1b: Gyarados\n|-damage|p1b: Gyarados|63\/100\n|move|p2a: Murkrow|Foul Play|p1b: Gyarados\n|-damage|p1b: Gyarados|14\/100\n|-enditem|p1b: Gyarados|Sitrus Berry|[eat]\n|-heal|p1b: Gyarados|39\/100|[from] item: Sitrus Berry\n|move|p1a: Garchomp|Rock Slide|p2b: Chi-Yu|[spread] p2a,p2b\n|-supereffective|p2a: Murkrow\n|-damage|p2a: Murkrow|20\/100\n|-damage|p2b: Chi-Yu|70\/100\n|move|p1b: Gyarados|Thunder Wave|p2b: Chi-Yu\n|-status|p2b: Chi-Yu|par\n|\n|upkeep\n|turn|3\n|\n|t:|1683342337\n|move|p2a: Murkrow|Foul Play|p1b: Gyarados\n|-damage|p1b: Gyarados|0 fnt\n|faint|p1b: Gyarados\n|move|p2b: Chi-Yu|Dark Pulse|p1a: Garchomp\n|-damage|p1a: Garchomp|46\/100\n|move|p1a: Garchomp|Rock Slide|p2b: Chi-Yu|[spread] p2a,p2b\n|-supereffective|p2a: Murkrow\n|-damage|p2a: Murkrow|0 fnt\n|-damage|p2b: Chi-Yu|40\/100 par\n|faint|p2a: Murkrow\n|\n|upkeep\n|\n|t:|1683342349\n|switch|p2a: Tauros|Tauros-Paldea-Blaze, L50, M|100\/100\n|switch|p1b: Gholdengo|Gholdengo, L50|100\/100\n|turn|4\n|\n|t:|1683342372\n|move|p2a: Tauros|Raging Bull|p1b: Gholdengo\n|-supereffective|p1b: Gholdengo\n|-damage|p1b: Gholdengo|25\/100\n|move|p2b: Chi-Yu|Heat Wave|p1b: Gholdengo|[spread] p1a\n|-miss|p2b: Chi-Yu|p1b: Gholdengo\n|-resisted|p1a: Garchomp\n|-damage|p1a: Garchomp|20\/100\n|move|p1a: Garchomp|Rock Slide|p2b: Chi-Yu|[spread] p2a,p2b\n|-damage|p2a: Tauros|80\/100\n|-damage|p2b: Chi-Yu|6\/100 par\n|move|p1b: Gholdengo|Power Gem|p2a: Tauros\n|-damage|p2a: Tauros|0 fnt\n|faint|p2a: Tauros\n|\n|-sideend|p2: RCTD-193|move: Tailwind\n|upkeep\n|\n|t:|1683342383\n|switch|p2a: Meowscarada|Meowscarada, L50, M|100\/100\n|turn|5\n|\n|t:|1683342396\n|move|p2a: Meowscarada|Knock Off|p1b: Gholdengo\n|-start|p2a: Meowscarada|typechange|Dark|[from] ability: Protean\n|-supereffective|p1b: Gholdengo\n|-damage|p1b: Gholdengo|0 fnt\n|-enditem|p1b: Gholdengo|Choice Specs|[from] move: Knock Off|[of] p2a: Meowscarada\n|faint|p1b: Gholdengo\n|move|p1a: Garchomp|Rock Slide|p2b: Chi-Yu|[spread] p2a\n|-miss|p1a: Garchomp|p2b: Chi-Yu\n|-damage|p2a: Meowscarada|74\/100\n|move|p2b: Chi-Yu|Dark Pulse|p1a: Garchomp\n|-crit|p1a: Garchomp\n|-damage|p1a: Garchomp|0 fnt\n|faint|p1a: Garchomp\n|\n|win|RCTD-193\n|raw|r2vgc's rating: 1126 → 1100<\/strong> (-26 for losing)\n|raw|RCTD-193's rating: 1119 → 1145<\/strong> (+26 for winning)\n|l|\u2606RCTD-193\n","uploadtime":1683342410,"views":14,"p1id":"r2vgc","p2id":"rctd193","formatid":"gen9vgc2023regulationc","rating":1100,"private":0,"password":""}