{"id":"gen9vgc2023regulationc-1848056327","p1":"Jake5000","p2":"Amago de bueno","format":"[Gen 9] VGC 2023 Regulation C","log":"|j|\u2606Jake5000\n|j|\u2606Amago de bueno\n|t:|1682024868\n|gametype|doubles\n|player|p1|Jake5000|266|1187\n|player|p2|Amago de bueno|lance|1230\n|teamsize|p1|6\n|teamsize|p2|6\n|gen|9\n|tier|[Gen 9] VGC 2023 Regulation C\n|rated|\n|rule|Species Clause: Limit one of each Pok\u00e9mon\n|rule|Item Clause: Limit one of each item\n|clearpoke\n|poke|p1|Ting-Lu, L50|\n|poke|p1|Baxcalibur, L50, F|\n|poke|p1|Amoonguss, L50, M|\n|poke|p1|Flutter Mane, L50|\n|poke|p1|Gyarados, L50, M|\n|poke|p1|Chi-Yu, L50|\n|poke|p2|Chi-Yu, L50|\n|poke|p2|Flutter Mane, L50|\n|poke|p2|Gyarados, L50, F|\n|poke|p2|Dragonite, L50, F|\n|poke|p2|Ting-Lu, L50|\n|poke|p2|Amoonguss, L50, M|\n|teampreview|4\nAmago de bueno has agreed to open team sheets.\n|inactive|Battle timer is ON: inactive players will automatically lose when time's up. (requested by Amago de bueno)\n|\n|t:|1682024924\n|start\n|switch|p1a: Flutter Mane|Flutter Mane, L50|100\/100\n|switch|p1b: Gyarados|Gyarados, L50, M|100\/100\n|switch|p2a: Ting-Lu|Ting-Lu, L50|100\/100\n|switch|p2b: Flutter Mane|Flutter Mane, L50|100\/100\n|-ability|p1b: Gyarados|Intimidate|boost\n|-unboost|p2a: Ting-Lu|atk|1\n|-unboost|p2b: Flutter Mane|atk|1\n|-ability|p2a: Ting-Lu|Vessel of Ruin\n|-enditem|p1a: Flutter Mane|Booster Energy\n|-activate|p1a: Flutter Mane|ability: Protosynthesis|[fromitem]\n|-start|p1a: Flutter Mane|protosynthesisspe\n|-enditem|p2b: Flutter Mane|Booster Energy\n|-activate|p2b: Flutter Mane|ability: Protosynthesis|[fromitem]\n|-start|p2b: Flutter Mane|protosynthesisspa\n|turn|1\n|inactive|Jake5000 has 30 seconds left.\n|\n|t:|1682024950\n|move|p2b: Flutter Mane|Protect|p2b: Flutter Mane\n|-singleturn|p2b: Flutter Mane|Protect\n|move|p1a: Flutter Mane|Shadow Ball|p2b: Flutter Mane\n|-activate|p2b: Flutter Mane|move: Protect\n|move|p1b: Gyarados|Waterfall|p2b: Flutter Mane\n|-activate|p2b: Flutter Mane|move: Protect\n|move|p2a: Ting-Lu|Heavy Slam|p1a: Flutter Mane\n|-supereffective|p1a: Flutter Mane\n|-damage|p1a: Flutter Mane|0 fnt\n|faint|p1a: Flutter Mane\n|-end|p1a: Flutter Mane|Protosynthesis|[silent]\n|\n|upkeep\n|\n|t:|1682024958\n|switch|p1a: Baxcalibur|Baxcalibur, L50, F|100\/100\n|turn|2\n|\n|t:|1682024967\n|-end|p2b: Flutter Mane|Protosynthesis|[silent]\n|switch|p2b: Gyarados|Gyarados, L50, F|100\/100\n|-ability|p2b: Gyarados|Intimidate|boost\n|-unboost|p1a: Baxcalibur|atk|1\n|-unboost|p1b: Gyarados|atk|1\n|move|p1a: Baxcalibur|Protect|p1a: Baxcalibur\n|-singleturn|p1a: Baxcalibur|Protect\n|move|p1b: Gyarados|Thunder Wave|p2b: Gyarados\n|-status|p2b: Gyarados|par\n|move|p2a: Ting-Lu|Stomping Tantrum|p1a: Baxcalibur\n|-activate|p1a: Baxcalibur|move: Protect\n|\n|upkeep\n|turn|3\n|\n|t:|1682024988\n|move|p1a: Baxcalibur|Icicle Spear|p2a: Ting-Lu\n|-supereffective|p2a: Ting-Lu\n|-damage|p2a: Ting-Lu|88\/100\n|-supereffective|p2a: Ting-Lu\n|-damage|p2a: Ting-Lu|77\/100\n|-supereffective|p2a: Ting-Lu\n|-damage|p2a: Ting-Lu|64\/100\n|-supereffective|p2a: Ting-Lu\n|-damage|p2a: Ting-Lu|52\/100\n|-hitcount|p2a: Ting-Lu|4\n|move|p1b: Gyarados|Waterfall|p2a: Ting-Lu\n|-supereffective|p2a: Ting-Lu\n|-damage|p2a: Ting-Lu|27\/100\n|cant|p2a: Ting-Lu|flinch\n|cant|p2b: Gyarados|par\n|\n|upkeep\n|turn|4\n|inactive|Amago de bueno has 30 seconds left.\n|\n|t:|1682025017\n|move|p1a: Baxcalibur|Icicle Spear|p2a: Ting-Lu\n|-supereffective|p2a: Ting-Lu\n|-damage|p2a: Ting-Lu|16\/100\n|-supereffective|p2a: Ting-Lu\n|-damage|p2a: Ting-Lu|3\/100\n|-supereffective|p2a: Ting-Lu\n|-damage|p2a: Ting-Lu|0 fnt\n|faint|p2a: Ting-Lu\n|-hitcount|p2: Ting-Lu|3\n|move|p1b: Gyarados|Taunt|p2b: Gyarados\n|-start|p2b: Gyarados|move: Taunt\n|cant|p2b: Gyarados|move: Taunt|Thunder Wave\n|\n|upkeep\n|\n|t:|1682025031\n|switch|p2a: Flutter Mane|Flutter Mane, L50|100\/100\n|turn|5\n|\n|t:|1682025044\n|switch|p2b: Dragonite|Dragonite, L50, F|100\/100\n|move|p2a: Flutter Mane|Protect|p2a: Flutter Mane\n|-singleturn|p2a: Flutter Mane|Protect\n|move|p1a: Baxcalibur|Protect|p1a: Baxcalibur\n|-singleturn|p1a: Baxcalibur|Protect\n|move|p1b: Gyarados|Thunder Wave|p2a: Flutter Mane\n|-activate|p2a: Flutter Mane|move: Protect\n|\n|upkeep\n|turn|6\n|inactive|Amago de bueno has 30 seconds left.\n|inactive|Amago de bueno has 20 seconds left.\n|\n|t:|1682025083\n|switch|p1a: Amoonguss|Amoonguss, L50, M|100\/100\n|move|p2b: Dragonite|Extreme Speed|p1a: Amoonguss\n|-damage|p1a: Amoonguss|66\/100\n|move|p2a: Flutter Mane|Moonblast|p1a: Amoonguss\n|-resisted|p1a: Amoonguss\n|-damage|p1a: Amoonguss|49\/100\n|-unboost|p1a: Amoonguss|spa|1\n|-enditem|p1a: Amoonguss|Sitrus Berry|[eat]\n|-heal|p1a: Amoonguss|74\/100|[from] item: Sitrus Berry\n|move|p1b: Gyarados|Thunder Wave|p2b: Dragonite|[miss]\n|-miss|p1b: Gyarados|p2b: Dragonite\n|\n|upkeep\n|turn|7\n|inactive|Jake5000 has 30 seconds left.\n|\n|t:|1682025118\n|-end|p2a: Flutter Mane|Protosynthesis|[silent]\n|switch|p2a: Gyarados|Gyarados, L50, F|100\/100 par\n|-ability|p2a: Gyarados|Intimidate|boost\n|-unboost|p1a: Amoonguss|atk|1\n|-unboost|p1b: Gyarados|atk|1\n|-terastallize|p2b: Dragonite|Flying\n|move|p1a: Amoonguss|Protect|p1a: Amoonguss\n|-singleturn|p1a: Amoonguss|Protect\n|move|p2b: Dragonite|Tera Blast|p1a: Amoonguss\n|-activate|p1a: Amoonguss|move: Protect\n|move|p1b: Gyarados|Thunder Wave|p2b: Dragonite\n|-status|p2b: Dragonite|par\n|-enditem|p2b: Dragonite|Lum Berry|[eat]\n|-curestatus|p2b: Dragonite|par|[msg]\n|\n|upkeep\n|turn|8\n|\n|t:|1682025138\n|switch|p1a: Baxcalibur|Baxcalibur, L50, F|100\/100\n|move|p2b: Dragonite|Tera Blast|p1a: Baxcalibur\n|-damage|p1a: Baxcalibur|40\/100\n|move|p1b: Gyarados|Taunt|p2a: Gyarados\n|-start|p2a: Gyarados|move: Taunt\n|cant|p2a: Gyarados|move: Taunt|Thunder Wave\n|\n|upkeep\n|turn|9\n|\n|t:|1682025160\n|switch|p2a: Flutter Mane|Flutter Mane, L50|100\/100\n|move|p1a: Baxcalibur|Protect|p1a: Baxcalibur\n|-singleturn|p1a: Baxcalibur|Protect\n|move|p2b: Dragonite|Tera Blast|p1b: Gyarados\n|-damage|p1b: Gyarados|35\/100\n|move|p1b: Gyarados|Thunder Wave|p2b: Dragonite\n|-status|p2b: Dragonite|par\n|\n|upkeep\n|turn|10\n|\n|t:|1682025178\n|switch|p1a: Amoonguss|Amoonguss, L50, M|100\/100\n|move|p2a: Flutter Mane|Dazzling Gleam|p1a: Amoonguss|[spread] p1a,p1b\n|-resisted|p1a: Amoonguss\n|-damage|p1a: Amoonguss|91\/100\n|-damage|p1b: Gyarados|14\/100\n|move|p1b: Gyarados|Thunder Wave|p2a: Flutter Mane|[miss]\n|-miss|p1b: Gyarados|p2a: Flutter Mane\n|cant|p2b: Dragonite|par\n|\n|upkeep\n|turn|11\n|\n|t:|1682025195\n|move|p2a: Flutter Mane|Protect|p2a: Flutter Mane\n|-singleturn|p2a: Flutter Mane|Protect\n|cant|p2b: Dragonite|par\n|move|p1b: Gyarados|Thunder Wave|p2a: Flutter Mane\n|-activate|p2a: Flutter Mane|move: Protect\n|move|p1a: Amoonguss|Pollen Puff|p1b: Gyarados\n|-heal|p1b: Gyarados|64\/100\n|\n|upkeep\n|turn|12\n|\n|t:|1682025210\n|-end|p2a: Flutter Mane|Protosynthesis|[silent]\n|switch|p2a: Gyarados|Gyarados, L50, F|100\/100 par\n|-ability|p2a: Gyarados|Intimidate|boost\n|-unboost|p1a: Amoonguss|atk|1\n|-unboost|p1b: Gyarados|atk|1\n|move|p1b: Gyarados|Waterfall|p2b: Dragonite\n|-damage|p2b: Dragonite|86\/100 par\n|cant|p2b: Dragonite|par\n|move|p1a: Amoonguss|Spore||[still]\n|-fail|p1a: Amoonguss\n|\n|upkeep\n|turn|13\n|\n|t:|1682025234\n|switch|p1b: Baxcalibur|Baxcalibur, L50, F|40\/100\n|move|p2a: Gyarados|Icy Wind|p1a: Amoonguss|[spread] p1a\n|-miss|p2a: Gyarados|p1b: Baxcalibur\n|-supereffective|p1a: Amoonguss\n|-damage|p1a: Amoonguss|83\/100\n|-unboost|p1a: Amoonguss|spe|1\n|cant|p2b: Dragonite|par\n|move|p1a: Amoonguss|Pollen Puff|p1b: Baxcalibur\n|-heal|p1b: Baxcalibur|90\/100\n|\n|upkeep\n|turn|14\n|c|\u2606Amago de bueno|so lucky\n|\n|t:|1682025259\n|move|p1a: Amoonguss|Protect|p1a: Amoonguss\n|-singleturn|p1a: Amoonguss|Protect\n|move|p1b: Baxcalibur|Icicle Spear|p2b: Dragonite\n|-supereffective|p2b: Dragonite\n|-damage|p2b: Dragonite|58\/100 par\n|-supereffective|p2b: Dragonite\n|-damage|p2b: Dragonite|30\/100 par\n|-supereffective|p2b: Dragonite\n|-damage|p2b: Dragonite|0 fnt\n|faint|p2b: Dragonite\n|-hitcount|p2: Dragonite|3\n|move|p2a: Gyarados|Waterfall|p1b: Baxcalibur\n|-resisted|p1b: Baxcalibur\n|-damage|p1b: Baxcalibur|70\/100\n|\n|upkeep\n|\n|t:|1682025270\n|switch|p2b: Flutter Mane|Flutter Mane, L50|100\/100\n|turn|15\n|\n|t:|1682025280\n|-terastallize|p1b: Baxcalibur|Water\n|move|p2b: Flutter Mane|Dazzling Gleam|p1a: Amoonguss|[spread] p1a,p1b\n|-resisted|p1a: Amoonguss\n|-damage|p1a: Amoonguss|73\/100\n|-damage|p1b: Baxcalibur|36\/100\n|move|p1b: Baxcalibur|Icicle Spear|p2a: Gyarados\n|-damage|p2a: Gyarados|85\/100 par\n|-damage|p2a: Gyarados|69\/100 par\n|-damage|p2a: Gyarados|53\/100 par\n|-damage|p2a: Gyarados|35\/100 par\n|-enditem|p2a: Gyarados|Sitrus Berry|[eat]\n|-heal|p2a: Gyarados|60\/100 par|[from] item: Sitrus Berry\n|-damage|p2a: Gyarados|42\/100 par\n|-hitcount|p2a: Gyarados|5\n|cant|p2a: Gyarados|par\n|move|p1a: Amoonguss|Spore|p2b: Flutter Mane\n|-status|p2b: Flutter Mane|slp|[from] move: Spore\n|\n|upkeep\n|turn|16\n|c|\u2606Amago de bueno|no way\n|c|\u2606Amago de bueno|gg\n|c|\u2606Amago de bueno|god luck\n|inactive|Amago de bueno has 30 seconds left.\n|\n|t:|1682025310\n|cant|p2b: Flutter Mane|slp\n|move|p1b: Baxcalibur|Icicle Spear|p2a: Gyarados\n|-damage|p2a: Gyarados|26\/100 par\n|-damage|p2a: Gyarados|8\/100 par\n|-damage|p2a: Gyarados|0 fnt\n|faint|p2a: Gyarados\n|-hitcount|p2: Gyarados|3\n|move|p1a: Amoonguss|Pollen Puff|p1b: Baxcalibur\n|-heal|p1b: Baxcalibur|86\/100\n|\n|upkeep\n|turn|17\n|\n|t:|1682025327\n|cant|p2b: Flutter Mane|slp\n|move|p1b: Baxcalibur|Icicle Spear|p2b: Flutter Mane\n|-damage|p2b: Flutter Mane|77\/100 slp\n|-damage|p2b: Flutter Mane|56\/100 slp\n|-damage|p2b: Flutter Mane|35\/100 slp\n|-damage|p2b: Flutter Mane|15\/100 slp\n|-hitcount|p2b: Flutter Mane|4\n|move|p1a: Amoonguss|Spore|p2b: Flutter Mane\n|-fail|p2b: Flutter Mane|slp\n|\n|upkeep\n|turn|18\n|inactive|Jake5000 has 30 seconds left.\n|inactive|Jake5000 has 20 seconds left.\n|inactive|Jake5000 has 15 seconds left.\n|inactive|Jake5000 has 10 seconds left.\n|inactive|Jake5000 has 5 seconds left.\n|\n|t:|1682025380\n|-curestatus|p2b: Flutter Mane|slp|[msg]\n|move|p2b: Flutter Mane|Protect|p2b: Flutter Mane\n|-singleturn|p2b: Flutter Mane|Protect\n|move|p1b: Baxcalibur|Icicle Spear|p2b: Flutter Mane\n|-activate|p2b: Flutter Mane|move: Protect\n|move|p1a: Amoonguss|Pollen Puff|p2b: Flutter Mane\n|-activate|p2b: Flutter Mane|move: Protect\n|\n|upkeep\n|turn|19\n|\n|t:|1682025393\n|move|p2b: Flutter Mane|Moonblast|p1b: Baxcalibur\n|-damage|p1b: Baxcalibur|36\/100\n|-unboost|p1b: Baxcalibur|spa|1\n|move|p1b: Baxcalibur|Icicle Spear|p2b: Flutter Mane\n|-damage|p2b: Flutter Mane|0 fnt\n|faint|p2b: Flutter Mane\n|-end|p2b: Flutter Mane|Protosynthesis|[silent]\n|-hitcount|p2: Flutter Mane|1\n|\n|win|Jake5000\n|raw|Jake5000's rating: 1187 → 1215<\/strong> (+28 for winning)\n|raw|Amago de bueno's rating: 1230 → 1202<\/strong> (-28 for losing)\n|l|\u2606Jake5000\n","uploadtime":1682025404,"views":7,"p1id":"jake5000","p2id":"amagodebueno","formatid":"gen9vgc2023regulationc","rating":1202,"private":0,"password":""}