{"id":"gen9vgc2023regulationc-1862856625","p1":"Dynamo22","p2":"Dacm248","format":"[Gen 9] VGC 2023 Regulation C","log":"|j|\u2606Dynamo22\n|j|\u2606Dacm248\n|t:|1683929920\n|gametype|doubles\n|player|p1|Dynamo22|1|1209\n|player|p2|Dacm248|2|1154\n|teamsize|p1|6\n|teamsize|p2|6\n|gen|9\n|tier|[Gen 9] VGC 2023 Regulation C\n|rated|\n|rule|Species Clause: Limit one of each Pok\u00e9mon\n|rule|Item Clause: Limit one of each item\n|clearpoke\n|poke|p1|Seviper, L50, F|\n|poke|p1|Wo-Chien, L50|\n|poke|p1|Flutter Mane, L50|\n|poke|p1|Gyarados, L50, M|\n|poke|p1|Dragonite, L50, F|\n|poke|p1|Orthworm, L50, F|\n|poke|p2|Mimikyu, L50, M|\n|poke|p2|Leafeon, L50, F|\n|poke|p2|Brute Bonnet, L50|\n|poke|p2|Hatterene, L50, F|\n|poke|p2|Scizor, L50, M|\n|poke|p2|Torkoal, L50, M|\n|teampreview|4\n|\n|t:|1683929953\n|start\n|switch|p1a: Seviper|Seviper, L50, F|100\/100\n|switch|p1b: Flutter Mane|Flutter Mane, L50|100\/100\n|switch|p2a: Hatterene|Hatterene, L50, F|100\/100\n|switch|p2b: Brute Bonnet|Brute Bonnet, L50|100\/100\n|-enditem|p1b: Flutter Mane|Booster Energy\n|-activate|p1b: Flutter Mane|ability: Protosynthesis|[fromitem]\n|-start|p1b: Flutter Mane|protosynthesisspa\n|turn|1\n|\n|t:|1683929977\n|-terastallize|p2a: Hatterene|Steel\n|move|p1b: Flutter Mane|Dazzling Gleam|p2b: Brute Bonnet|[spread] p2a,p2b\n|-resisted|p2a: Hatterene\n|-supereffective|p2b: Brute Bonnet\n|-damage|p2a: Hatterene|75\/100\n|-damage|p2b: Brute Bonnet|23\/100\n|move|p1a: Seviper|Poison Fang|p2a: Hatterene\n|-immune|p2a: Hatterene\n|move|p2b: Brute Bonnet|Spore|p1b: Flutter Mane\n|-status|p1b: Flutter Mane|slp|[from] move: Spore\n|move|p2a: Hatterene|Trick Room|p2a: Hatterene\n|-fieldstart|move: Trick Room|[of] p2a: Hatterene\n|\n|upkeep\n|turn|2\n|\n|t:|1683929997\n|move|p2a: Hatterene|Psyshock|p1a: Seviper\n|-supereffective|p1a: Seviper\n|-crit|p1a: Seviper\n|-damage|p1a: Seviper|0 fnt\n|faint|p1a: Seviper\n|-damage|p2a: Hatterene|65\/100|[from] item: Life Orb\n|move|p2b: Brute Bonnet|Bullet Seed|p1b: Flutter Mane\n|-damage|p1b: Flutter Mane|72\/100 slp\n|-damage|p1b: Flutter Mane|46\/100 slp\n|-damage|p1b: Flutter Mane|21\/100 slp\n|-crit|p1b: Flutter Mane\n|-damage|p1b: Flutter Mane|0 fnt\n|faint|p1b: Flutter Mane\n|-end|p1b: Flutter Mane|Protosynthesis|[silent]\n|-hitcount|p1: Flutter Mane|4\n|\n|upkeep\n|\n|t:|1683930010\n|switch|p1a: Wo-Chien|Wo-Chien, L50|100\/100\n|switch|p1b: Gyarados|Gyarados, L50, M|100\/100\n|-ability|p1a: Wo-Chien|Tablets of Ruin\n|-ability|p1b: Gyarados|Intimidate|boost\n|-unboost|p2a: Hatterene|atk|1\n|-unboost|p2b: Brute Bonnet|atk|1\n|turn|3\n|\n|t:|1683930029\n|move|p2a: Hatterene|Dazzling Gleam|p1b: Gyarados|[spread] p1a,p1b\n|-supereffective|p1a: Wo-Chien\n|-damage|p1a: Wo-Chien|48\/100\n|-damage|p1b: Gyarados|64\/100\n|-damage|p2a: Hatterene|55\/100|[from] item: Life Orb\n|move|p2b: Brute Bonnet|Spore|p1b: Gyarados\n|-status|p1b: Gyarados|slp|[from] move: Spore\n|move|p1a: Wo-Chien|Snarl|p2b: Brute Bonnet|[spread] p2a,p2b\n|-resisted|p2b: Brute Bonnet\n|-damage|p2a: Hatterene|41\/100\n|-damage|p2b: Brute Bonnet|17\/100\n|-unboost|p2a: Hatterene|spa|1\n|-unboost|p2b: Brute Bonnet|spa|1\n|cant|p1b: Gyarados|slp\n|\n|-heal|p1a: Wo-Chien|54\/100|[from] item: Leftovers\n|upkeep\n|turn|4\n|\n|t:|1683930048\n|-terastallize|p1a: Wo-Chien|Fire\n|move|p2a: Hatterene|Dazzling Gleam|p1a: Wo-Chien|[spread] p1a,p1b\n|-resisted|p1a: Wo-Chien\n|-damage|p1a: Wo-Chien|45\/100\n|-damage|p1b: Gyarados|38\/100 slp\n|-damage|p2a: Hatterene|31\/100|[from] item: Life Orb\n|move|p2b: Brute Bonnet|Bullet Seed|p1a: Wo-Chien\n|-resisted|p1a: Wo-Chien\n|-damage|p1a: Wo-Chien|42\/100\n|-resisted|p1a: Wo-Chien\n|-damage|p1a: Wo-Chien|39\/100\n|-resisted|p1a: Wo-Chien\n|-damage|p1a: Wo-Chien|35\/100\n|-resisted|p1a: Wo-Chien\n|-damage|p1a: Wo-Chien|32\/100\n|-resisted|p1a: Wo-Chien\n|-damage|p1a: Wo-Chien|29\/100\n|-hitcount|p1a: Wo-Chien|5\n|move|p1a: Wo-Chien|Snarl|p2b: Brute Bonnet|[spread] p2a,p2b\n|-resisted|p2b: Brute Bonnet\n|-damage|p2a: Hatterene|15\/100\n|-damage|p2b: Brute Bonnet|10\/100\n|-unboost|p2a: Hatterene|spa|1\n|-unboost|p2b: Brute Bonnet|spa|1\n|cant|p1b: Gyarados|slp\n|\n|-heal|p1a: Wo-Chien|35\/100|[from] item: Leftovers\n|upkeep\n|turn|5\n|\n|t:|1683930070\n|move|p2a: Hatterene|Psyshock|p1a: Wo-Chien\n|-damage|p1a: Wo-Chien|6\/100\n|-damage|p2a: Hatterene|5\/100|[from] item: Life Orb\n|move|p2b: Brute Bonnet|Bullet Seed|p1b: Gyarados\n|-damage|p1b: Gyarados|30\/100 slp\n|-damage|p1b: Gyarados|21\/100 slp\n|-damage|p1b: Gyarados|13\/100 slp\n|-damage|p1b: Gyarados|4\/100 slp\n|-damage|p1b: Gyarados|0 fnt\n|faint|p1b: Gyarados\n|-hitcount|p1: Gyarados|5\n|move|p1a: Wo-Chien|Snarl|p2a: Hatterene|[spread] p2a,p2b\n|-resisted|p2b: Brute Bonnet\n|-damage|p2a: Hatterene|0 fnt\n|-damage|p2b: Brute Bonnet|4\/100\n|-unboost|p2b: Brute Bonnet|spa|1\n|faint|p2a: Hatterene\n|\n|-heal|p1a: Wo-Chien|12\/100|[from] item: Leftovers\n|-fieldend|move: Trick Room\n|upkeep\n|\n|t:|1683930086\n|switch|p2a: Leafeon|Leafeon, L50, F|100\/100\n|turn|6\n|\n|t:|1683930092\n|move|p1a: Wo-Chien|Protect|p1a: Wo-Chien\n|-singleturn|p1a: Wo-Chien|Protect\n|move|p2a: Leafeon|Substitute|p2a: Leafeon\n|-start|p2a: Leafeon|Substitute\n|-damage|p2a: Leafeon|76\/100\n|move|p2b: Brute Bonnet|Spore|p1a: Wo-Chien\n|-activate|p1a: Wo-Chien|move: Protect\n|\n|-heal|p2a: Leafeon|82\/100|[from] item: Leftovers\n|-heal|p1a: Wo-Chien|18\/100|[from] item: Leftovers\n|upkeep\n|turn|7\n|\n|t:|1683930102\n|-end|p2b: Brute Bonnet|Protosynthesis|[silent]\n|switch|p2b: Torkoal|Torkoal, L50, M|100\/100\n|-weather|SunnyDay|[from] ability: Drought|[of] p2b: Torkoal\n|move|p2a: Leafeon|Yawn|p1a: Wo-Chien\n|-start|p1a: Wo-Chien|move: Yawn|[of] p2a: Leafeon\n|move|p1a: Wo-Chien|Snarl|p2a: Leafeon|[spread] p2b\n|-miss|p1a: Wo-Chien|p2a: Leafeon\n|-damage|p2b: Torkoal|82\/100\n|-unboost|p2b: Torkoal|spa|1\n|\n|-weather|SunnyDay|[upkeep]\n|-heal|p2a: Leafeon|88\/100|[from] item: Leftovers\n|-heal|p1a: Wo-Chien|24\/100|[from] item: Leftovers\n|upkeep\n|turn|8\n|\n|t:|1683930121\n|switch|p2b: Brute Bonnet|Brute Bonnet, L50|4\/100\n|-activate|p2b: Brute Bonnet|ability: Protosynthesis\n|-start|p2b: Brute Bonnet|protosynthesisatk\n|move|p2a: Leafeon|Detect|p2a: Leafeon\n|-singleturn|p2a: Leafeon|Protect\n|move|p1a: Wo-Chien|Snarl|p2b: Brute Bonnet|[spread] p2b\n|-activate|p2a: Leafeon|move: Protect\n|-resisted|p2b: Brute Bonnet\n|-damage|p2b: Brute Bonnet|0 fnt\n|faint|p2b: Brute Bonnet\n|-end|p2b: Brute Bonnet|Protosynthesis|[silent]\n|\n|-weather|SunnyDay|[upkeep]\n|-heal|p2a: Leafeon|94\/100|[from] item: Leftovers\n|-heal|p1a: Wo-Chien|31\/100|[from] item: Leftovers\n|-end|p1a: Wo-Chien|move: Yawn|[silent]\n|-status|p1a: Wo-Chien|slp\n|upkeep\n|\n|t:|1683930138\n|switch|p2b: Torkoal|Torkoal, L50, M|82\/100\n|turn|9\n|\n|t:|1683930147\n|move|p2a: Leafeon|Leaf Blade|p1a: Wo-Chien\n|-resisted|p1a: Wo-Chien\n|-crit|p1a: Wo-Chien\n|-damage|p1a: Wo-Chien|8\/100 slp\n|cant|p1a: Wo-Chien|slp\n|move|p2b: Torkoal|Earth Power|p1a: Wo-Chien\n|-supereffective|p1a: Wo-Chien\n|-damage|p1a: Wo-Chien|0 fnt\n|faint|p1a: Wo-Chien\n|\n|win|Dacm248\n|raw|Dynamo22's rating: 1209 → 1180<\/strong> (-29 for losing)\n|raw|Dacm248's rating: 1154 → 1183<\/strong> (+29 for winning)\n|l|\u2606Dynamo22\n","uploadtime":1683930164,"views":7,"p1id":"dynamo22","p2id":"dacm248","formatid":"gen9vgc2023regulationc","rating":1180,"private":0,"password":""}