{"id":"gen9vgc2023regulationc-1852216904","p1":"Zsettf","p2":"McDubbieEnthusiast","format":"[Gen 9] VGC 2023 Regulation C","log":"|j|\u2606Zsettf\n|j|\u2606McDubbieEnthusiast\n|t:|1682533785\n|gametype|doubles\n|player|p1|Zsettf|169|1079\n|player|p2|McDubbieEnthusiast|pokemonbreeder-gen4|1074\n|teamsize|p1|6\n|teamsize|p2|6\n|gen|9\n|tier|[Gen 9] VGC 2023 Regulation C\n|rated|\n|rule|Species Clause: Limit one of each Pok\u00e9mon\n|rule|Item Clause: Limit one of each item\n|clearpoke\n|poke|p1|Amoonguss, L50, M|\n|poke|p1|Arcanine, L50, F|\n|poke|p1|Kingambit, L50, M|\n|poke|p1|Gholdengo, L50|\n|poke|p1|Maushold-Four, L50|\n|poke|p1|Murkrow, L50, M|\n|poke|p2|Roaring Moon, L50|\n|poke|p2|Grimmsnarl, L50, M|\n|poke|p2|Gholdengo, L50|\n|poke|p2|Iron Hands, L50|\n|poke|p2|Arcanine, L50, M|\n|poke|p2|Chien-Pao, L50|\n|teampreview|4\n|inactive|Battle timer is ON: inactive players will automatically lose when time's up. (requested by Zsettf)\n|\n|t:|1682533811\n|start\n|switch|p1a: Maushold|Maushold-Four, L50|100\/100\n|switch|p1b: Murkrow|Murkrow, L50, M|100\/100\n|switch|p2a: Roaring Moon|Roaring Moon, L50|100\/100\n|switch|p2b: Grimmsnarl|Grimmsnarl, L50, M|100\/100\n|-enditem|p2a: Roaring Moon|Booster Energy\n|-activate|p2a: Roaring Moon|ability: Protosynthesis|[fromitem]\n|-start|p2a: Roaring Moon|protosynthesisatk\n|turn|1\n|\n|t:|1682533834\n|move|p2b: Grimmsnarl|Fake Out|p1a: Maushold\n|-damage|p1a: Maushold|81\/100\n|move|p1b: Murkrow|Tailwind|p1b: Murkrow\n|-sidestart|p1: Zsettf|move: Tailwind\n|cant|p1a: Maushold|flinch\n|move|p2a: Roaring Moon|Jaw Lock|p1b: Murkrow\n|-resisted|p1b: Murkrow\n|-damage|p1b: Murkrow|41\/100\n|-activate|p2a: Roaring Moon|trapped\n|-activate|p1b: Murkrow|trapped\n|\n|-heal|p1b: Murkrow|47\/100|[from] item: Leftovers\n|upkeep\n|turn|2\n|\n|t:|1682533852\n|move|p1b: Murkrow|Protect|p1b: Murkrow\n|-singleturn|p1b: Murkrow|Protect\n|move|p2b: Grimmsnarl|Parting Shot|p1a: Maushold\n|-unboost|p1a: Maushold|atk|1\n|-unboost|p1a: Maushold|spa|1\n|\n|t:|1682533857\n|switch|p2b: Gholdengo|Gholdengo, L50|100\/100|[from] Parting Shot\n|move|p1a: Maushold|Population Bomb|p2a: Roaring Moon\n|-damage|p2a: Roaring Moon|91\/100\n|-damage|p2a: Roaring Moon|82\/100\n|-damage|p2a: Roaring Moon|72\/100\n|-hitcount|p2a: Roaring Moon|3\n|cant|p2a: Roaring Moon|flinch\n|\n|-heal|p1b: Murkrow|53\/100|[from] item: Leftovers\n|upkeep\n|turn|3\n|inactive|McDubbieEnthusiast has 30 seconds left.\n|\n|t:|1682533882\n|move|p2a: Roaring Moon|Protect|p2a: Roaring Moon\n|-singleturn|p2a: Roaring Moon|Protect\n|move|p1a: Maushold|Population Bomb|p2a: Roaring Moon\n|-activate|p2a: Roaring Moon|move: Protect\n|move|p1b: Murkrow|Foul Play|p2b: Gholdengo\n|-supereffective|p2b: Gholdengo\n|-damage|p2b: Gholdengo|69\/100\n|move|p2b: Gholdengo|Make It Rain|p1b: Murkrow|[spread] p1a,p1b\n|-damage|p1a: Maushold|4\/100\n|-damage|p1b: Murkrow|0 fnt\n|-unboost|p2b: Gholdengo|spa|1\n|faint|p1b: Murkrow\n|\n|-heal|p2b: Gholdengo|75\/100|[from] item: Leftovers\n|upkeep\n|\n|t:|1682533887\n|switch|p1b: Arcanine|Arcanine, L50, F|100\/100\n|-ability|p1b: Arcanine|Intimidate|boost\n|-unboost|p2a: Roaring Moon|atk|1\n|-unboost|p2b: Gholdengo|atk|1\n|turn|4\n|inactive|McDubbieEnthusiast has 30 seconds left.\n|\n|t:|1682533916\n|-terastallize|p2b: Gholdengo|Water\n|move|p2a: Roaring Moon|Protect||[still]\n|-fail|p2a: Roaring Moon\n|move|p1a: Maushold|Population Bomb|p2a: Roaring Moon\n|-damage|p2a: Roaring Moon|63\/100\n|-damage|p2a: Roaring Moon|54\/100\n|-crit|p2a: Roaring Moon\n|-damage|p2a: Roaring Moon|34\/100\n|-damage|p2a: Roaring Moon|23\/100\n|-damage|p2a: Roaring Moon|14\/100\n|-damage|p2a: Roaring Moon|5\/100\n|-damage|p2a: Roaring Moon|0 fnt\n|faint|p2a: Roaring Moon\n|-end|p2a: Roaring Moon|Protosynthesis|[silent]\n|-hitcount|p2: Roaring Moon|7\n|move|p1b: Arcanine|Flare Blitz|p2b: Gholdengo\n|-resisted|p2b: Gholdengo\n|-damage|p2b: Gholdengo|49\/100\n|-damage|p1b: Arcanine|91\/100|[from] Recoil\n|move|p2b: Gholdengo|Nasty Plot|p2b: Gholdengo\n|-boost|p2b: Gholdengo|spa|2\n|\n|-heal|p2b: Gholdengo|55\/100|[from] item: Leftovers\n|-sideend|p1: Zsettf|move: Tailwind\n|upkeep\n|inactive|McDubbieEnthusiast has 30 seconds left.\n|\n|t:|1682533941\n|switch|p2a: Grimmsnarl|Grimmsnarl, L50, M|100\/100\n|turn|5\n|\n|t:|1682533959\n|move|p2a: Grimmsnarl|Fake Out|p1a: Maushold\n|-damage|p1a: Maushold|0 fnt\n|faint|p1a: Maushold\n|move|p1b: Arcanine|Flare Blitz|p2a: Grimmsnarl\n|-damage|p2a: Grimmsnarl|49\/100\n|-damage|p1b: Arcanine|71\/100|[from] Recoil\n|move|p2b: Gholdengo|Shadow Ball|p1b: Arcanine\n|-damage|p1b: Arcanine|0 fnt\n|faint|p1b: Arcanine\n|\n|-heal|p2b: Gholdengo|61\/100|[from] item: Leftovers\n|upkeep\n|\n|t:|1682533967\n|switch|p1a: Amoonguss|Amoonguss, L50, M|100\/100\n|turn|6\n|\n|t:|1682533975\n|move|p2a: Grimmsnarl|Misty Terrain|p2a: Grimmsnarl\n|-fieldstart|move: Misty Terrain\n|move|p2b: Gholdengo|Nasty Plot|p2b: Gholdengo\n|-boost|p2b: Gholdengo|spa|2\n|move|p1a: Amoonguss|Spore|p2b: Gholdengo\n|-immune|p2b: Gholdengo|[from] ability: Good as Gold\n|\n|-heal|p2b: Gholdengo|68\/100|[from] item: Leftovers\n|upkeep\n|turn|7\n|-message|Zsettf forfeited.\n|\n|win|McDubbieEnthusiast\n|raw|Zsettf's rating: 1079 → 1057<\/strong> (-22 for losing)\n|raw|McDubbieEnthusiast's rating: 1074 → 1103<\/strong> (+29 for winning)\n|l|\u2606Zsettf\n","uploadtime":1682533986,"views":11,"p1id":"zsettf","p2id":"mcdubbieenthusiast","formatid":"gen9vgc2023regulationc","rating":1057,"private":0,"password":""}