{"id":"gen9vgc2023regulationc-1851034749","p1":"lttrm","p2":"000EXIA000","format":"[Gen 9] VGC 2023 Regulation C","log":"|j|\u2606lttrm\n|j|\u2606000EXIA000\n|t:|1682397377\n|gametype|doubles\n|player|p1|lttrm|janitor|1182\n|player|p2|000EXIA000|266|1193\n|teamsize|p1|6\n|teamsize|p2|6\n|gen|9\n|tier|[Gen 9] VGC 2023 Regulation C\n|rated|\n|rule|Species Clause: Limit one of each Pok\u00e9mon\n|rule|Item Clause: Limit one of each item\n|clearpoke\n|poke|p1|Garchomp, L50, M|\n|poke|p1|Murkrow, L50, M|\n|poke|p1|Chien-Pao, L50|\n|poke|p1|Iron Hands, L50|\n|poke|p1|Iron Bundle, L50|\n|poke|p1|Gyarados, L50, F|\n|poke|p2|Veluza, L50, F|\n|poke|p2|Indeedee-F, L50, F|\n|poke|p2|Pelipper, L50, M|\n|poke|p2|Iron Valiant, L50|\n|poke|p2|Gyarados, L50, F|\n|poke|p2|Gholdengo, L50|\n|teampreview|4\n|inactive|Battle timer is ON: inactive players will automatically lose when time's up. (requested by 000EXIA000)\n000EXIA000 rejected open team sheets.\n|\n|t:|1682397408\n|start\n|switch|p1a: Murkrow|Murkrow, L50, M|100\/100\n|switch|p1b: Garchomp|Garchomp, L50, M|100\/100\n|switch|p2a: Gholdengo|Gholdengo, L50|100\/100\n|switch|p2b: Gyarados|Gyarados, L50, F|100\/100\n|-ability|p2b: Gyarados|Intimidate|boost\n|-unboost|p1a: Murkrow|atk|1\n|-unboost|p1b: Garchomp|atk|1\n|turn|1\n|inactive|lttrm has 30 seconds left.\n|inactive|000EXIA000 has 30 seconds left.\n|inactive|lttrm has 20 seconds left.\n|inactive|000EXIA000 has 20 seconds left.\n|inactive|000EXIA000 has 15 seconds left.\n|inactive|000EXIA000 has 10 seconds left.\n|inactive|000EXIA000 has 5 seconds left.\n|\n|t:|1682397458\n|switch|p2a: Indeedee|Indeedee-F, L50, F|100\/100\n|-fieldstart|move: Psychic Terrain|[from] ability: Psychic Surge|[of] p2a: Indeedee\n|-terastallize|p1b: Garchomp|Fire\n|move|p1a: Murkrow|Tailwind|p1a: Murkrow\n|-sidestart|p1: lttrm|move: Tailwind\n|move|p1b: Garchomp|Tera Blast|p2a: Indeedee\n|-damage|p2a: Indeedee|64\/100\n|-damage|p1b: Garchomp|91\/100|[from] item: Life Orb\n|move|p2b: Gyarados|Thunder Wave|p1a: Murkrow\n|-status|p1a: Murkrow|par\n|\n|upkeep\n|turn|2\n|\n|t:|1682397479\n|move|p2a: Indeedee|Follow Me|p2a: Indeedee\n|-singleturn|p2a: Indeedee|move: Follow Me\n|move|p1a: Murkrow|Haze|p1a: Murkrow\n|-clearallboost\n|move|p1b: Garchomp|Tera Blast|p2a: Indeedee\n|-damage|p2a: Indeedee|4\/100\n|-damage|p1b: Garchomp|81\/100|[from] item: Life Orb\n|move|p2b: Gyarados|Thunder Wave|p1b: Garchomp\n|-status|p1b: Garchomp|par\n|\n|upkeep\n|turn|3\n|\n|t:|1682397497\n|move|p2a: Indeedee|Helping Hand|p2b: Gyarados\n|-singleturn|p2b: Gyarados|Helping Hand|[of] p2a: Indeedee\n|cant|p1b: Garchomp|par\n|move|p2b: Gyarados|Waterfall|p1b: Garchomp\n|-supereffective|p1b: Garchomp\n|-damage|p1b: Garchomp|0 fnt\n|-damage|p2b: Gyarados|88\/100|[from] ability: Rough Skin|[of] p1b: Garchomp\n|faint|p1b: Garchomp\n|move|p1a: Murkrow|Foul Play|p2b: Gyarados\n|-damage|p2b: Gyarados|41\/100\n|\n|upkeep\n|\n|t:|1682397513\n|switch|p1b: Iron Bundle|Iron Bundle, L50|100\/100\n|-enditem|p1b: Iron Bundle|Booster Energy\n|-activate|p1b: Iron Bundle|ability: Quark Drive|[fromitem]\n|-start|p1b: Iron Bundle|quarkdrivespe\n|turn|4\n|\n|t:|1682397522\n|move|p2a: Indeedee|Follow Me|p2a: Indeedee\n|-singleturn|p2a: Indeedee|move: Follow Me\n|move|p1b: Iron Bundle|Icy Wind|p2b: Gyarados|[spread] p2a\n|-miss|p1b: Iron Bundle|p2b: Gyarados\n|-damage|p2a: Indeedee|0 fnt\n|faint|p2a: Indeedee\n|move|p2b: Gyarados|Thunder Wave|p1b: Iron Bundle\n|-status|p1b: Iron Bundle|par\n|move|p1a: Murkrow|Foul Play|p2b: Gyarados\n|-damage|p2b: Gyarados|0 fnt\n|faint|p2b: Gyarados\n|\n|-sideend|p1: lttrm|move: Tailwind\n|upkeep\n|\n|t:|1682397534\n|switch|p2b: Iron Valiant|Iron Valiant, L50|100\/100\n|switch|p2a: Gholdengo|Gholdengo, L50|100\/100\n|-enditem|p2b: Iron Valiant|Booster Energy\n|-activate|p2b: Iron Valiant|ability: Quark Drive|[fromitem]\n|-start|p2b: Iron Valiant|quarkdrivespe\n|turn|5\n|inactive|000EXIA000 has 30 seconds left.\n|inactive|000EXIA000 has 20 seconds left.\n|inactive|000EXIA000 has 15 seconds left.\n|\n|t:|1682397574\n|-terastallize|p2a: Gholdengo|Steel\n|move|p1b: Iron Bundle|Protect|p1b: Iron Bundle\n|-singleturn|p1b: Iron Bundle|Protect\n|move|p1a: Murkrow|Tailwind|p1a: Murkrow\n|-sidestart|p1: lttrm|move: Tailwind\n|move|p2b: Iron Valiant|Moonblast|p1a: Murkrow\n|-supereffective|p1a: Murkrow\n|-damage|p1a: Murkrow|0 fnt\n|faint|p1a: Murkrow\n|move|p2a: Gholdengo|Power Gem|p1b: Iron Bundle\n|-activate|p1b: Iron Bundle|move: Protect\n|\n|-fieldend|move: Psychic Terrain\n|upkeep\n|\n|t:|1682397586\n|switch|p1a: Chien-Pao|Chien-Pao, L50|100\/100\n|-ability|p1a: Chien-Pao|Sword of Ruin\n|turn|6\n|\n|t:|1682397609\n|move|p1a: Chien-Pao|Sacred Sword|p2a: Gholdengo\n|-supereffective|p2a: Gholdengo\n|-damage|p2a: Gholdengo|12\/100\n|move|p1b: Iron Bundle|Hydro Pump|p2a: Gholdengo\n|-damage|p2a: Gholdengo|0 fnt\n|faint|p2a: Gholdengo\n|move|p2b: Iron Valiant|Close Combat|p1b: Iron Bundle\n|-supereffective|p1b: Iron Bundle\n|-damage|p1b: Iron Bundle|0 fnt\n|-unboost|p2b: Iron Valiant|def|1\n|-unboost|p2b: Iron Valiant|spd|1\n|faint|p1b: Iron Bundle\n|-end|p1b: Iron Bundle|Quark Drive|[silent]\n|\n|upkeep\n|turn|7\n|inactive|000EXIA000 has 30 seconds left.\n|\n|t:|1682397635\n|move|p1a: Chien-Pao|Throat Chop|p2b: Iron Valiant\n|-resisted|p2b: Iron Valiant\n|-damage|p2b: Iron Valiant|74\/100\n|-start|p2b: Iron Valiant|Throat Chop|[silent]\n|move|p2b: Iron Valiant|Moonblast|p1a: Chien-Pao\n|-supereffective|p1a: Chien-Pao\n|-enditem|p1a: Chien-Pao|Focus Sash\n|-damage|p1a: Chien-Pao|1\/100\n|\n|upkeep\n|turn|8\n|c|\u2606000EXIA000|bye\n|\n|t:|1682397644\n|move|p2b: Iron Valiant|Protect|p2b: Iron Valiant\n|-singleturn|p2b: Iron Valiant|Protect\n|move|p1a: Chien-Pao|Sucker Punch||[still]\n|-fail|p1a: Chien-Pao\n|\n|-end|p2b: Iron Valiant|Throat Chop|[silent]\n|-sideend|p1: lttrm|move: Tailwind\n|upkeep\n|turn|9\n|c|\u2606lttrm|gg\n|c|\u2606000EXIA000|gg\n|\n|t:|1682397656\n|move|p1a: Chien-Pao|Sucker Punch|p2b: Iron Valiant\n|-resisted|p2b: Iron Valiant\n|-damage|p2b: Iron Valiant|52\/100\n|move|p2b: Iron Valiant|Close Combat|p1a: Chien-Pao\n|-supereffective|p1a: Chien-Pao\n|-damage|p1a: Chien-Pao|0 fnt\n|-unboost|p2b: Iron Valiant|def|1\n|-unboost|p2b: Iron Valiant|spd|1\n|faint|p1a: Chien-Pao\n|\n|win|000EXIA000\n|raw|lttrm's rating: 1182 → 1158<\/strong> (-24 for losing)\n|raw|000EXIA000's rating: 1193 → 1217<\/strong> (+24 for winning)\n|c|\u2606lttrm|bulkier thn expected\n|l|\u2606lttrm\n","uploadtime":1682397731,"views":15,"p1id":"lttrm","p2id":"000exia000","formatid":"gen9vgc2023regulationc","rating":1158,"private":0,"password":""}