{"id":"gen9vgc2023regulationc-1852363157","p1":"Carlipop6","p2":"Training_ArcTM","format":"[Gen 9] VGC 2023 Regulation C","log":"|j|\u2606Carlipop6\n|j|\u2606Training_ArcTM\n|t:|1682548442\n|gametype|doubles\n|player|p1|Carlipop6|1|\n|player|p2|Training_ArcTM|170|\n|teamsize|p1|6\n|teamsize|p2|6\n|gen|9\n|tier|[Gen 9] VGC 2023 Regulation C\n|rule|Species Clause: Limit one of each Pok\u00e9mon\n|rule|Item Clause: Limit one of each item\n|clearpoke\n|poke|p1|Armarouge, L50, M|\n|poke|p1|Indeedee, L50, M|\n|poke|p1|Iron Hands, L50|\n|poke|p1|Amoonguss, L50, M|\n|poke|p1|Quaquaval, L50, F|\n|poke|p1|Misdreavus, L50, F|\n|poke|p2|Roaring Moon, L50|\n|poke|p2|Klefki, L50, F|\n|poke|p2|Azumarill, L50, M|\n|poke|p2|Chien-Pao, L50|\n|poke|p2|Lucario, L50, F|\n|poke|p2|Tauros-Paldea-Blaze, L50, M|\n|teampreview|4\n|\n|t:|1682548481\n|start\n|switch|p1a: Indeedee|Indeedee, L50, M, shiny|100\/100\n|switch|p1b: Quaquaval|Quaquaval, L50, F|100\/100\n|switch|p2a: Klefki|Klefki, L50, F|100\/100\n|switch|p2b: Azumarill|Azumarill, L50, M|100\/100\n|-fieldstart|move: Psychic Terrain|[from] ability: Psychic Surge|[of] p1a: Indeedee\n|-enditem|p1a: Indeedee|Psychic Seed\n|-boost|p1a: Indeedee|spd|1|[from] item: Psychic Seed\n|turn|1\n|\n|t:|1682548507\n|move|p2a: Klefki|Reflect|p2a: Klefki\n|-sidestart|p2: Training_ArcTM|Reflect\n|move|p1b: Quaquaval|U-turn|p2b: Azumarill\n|-resisted|p2b: Azumarill\n|-damage|p2b: Azumarill|92\/100\n|\n|t:|1682548511\n|switch|p1b: Amoonguss|Amoonguss, L50, M, shiny|100\/100|[from] U-turn\n|move|p2b: Azumarill|Ice Spinner|p1a: Indeedee\n|-damage|p1a: Indeedee|40\/100\n|-fieldend|move: Psychic Terrain\n|move|p1a: Indeedee|Trick Room|p1a: Indeedee\n|-fieldstart|move: Trick Room|[of] p1a: Indeedee\n|\n|upkeep\n|turn|2\n|\n|t:|1682548535\n|move|p1a: Indeedee|Protect|p1a: Indeedee\n|-singleturn|p1a: Indeedee|Protect\n|move|p1b: Amoonguss|Spore|p2b: Azumarill\n|-status|p2b: Azumarill|slp|[from] move: Spore\n|move|p2a: Klefki|Foul Play|p1a: Indeedee\n|-activate|p1a: Indeedee|move: Protect\n|cant|p2b: Azumarill|slp\n|\n|upkeep\n|turn|3\n|\n|t:|1682548549\n|move|p1b: Amoonguss|Sludge Bomb|p2b: Azumarill\n|-supereffective|p2b: Azumarill\n|-damage|p2b: Azumarill|46\/100 slp\n|move|p1a: Indeedee|Drain Punch|p2a: Klefki\n|-damage|p2a: Klefki|93\/100\n|-heal|p1a: Indeedee|44\/100|[from] drain|[of] p2a: Klefki\n|move|p2a: Klefki|Foul Play|p1a: Indeedee\n|-supereffective|p1a: Indeedee\n|-damage|p1a: Indeedee|0 fnt\n|faint|p1a: Indeedee\n|cant|p2b: Azumarill|slp\n|\n|upkeep\n|\n|t:|1682548569\n|switch|p1a: Iron Hands|Iron Hands, L50, shiny|100\/100\n|turn|4\n|\n|t:|1682548594\n|-terastallize|p1a: Iron Hands|Fire\n|move|p1b: Amoonguss|Spore|p2a: Klefki\n|-status|p2a: Klefki|slp|[from] move: Spore\n|move|p1a: Iron Hands|Wild Charge|p2b: Azumarill\n|-supereffective|p2b: Azumarill\n|-damage|p2b: Azumarill|0 fnt\n|faint|p2b: Azumarill\n|-damage|p1a: Iron Hands|93\/100|[from] Recoil\n|cant|p2a: Klefki|slp\n|\n|upkeep\n|\n|t:|1682548606\n|switch|p2b: Chien-Pao|Chien-Pao, L50|100\/100\n|-ability|p2b: Chien-Pao|Sword of Ruin\n|turn|5\n|\n|t:|1682548617\n|move|p2b: Chien-Pao|Protect|p2b: Chien-Pao\n|-singleturn|p2b: Chien-Pao|Protect\n|move|p1b: Amoonguss|Spore|p2b: Chien-Pao\n|-activate|p2b: Chien-Pao|move: Protect\n|move|p1a: Iron Hands|Drain Punch|p2b: Chien-Pao\n|-activate|p2b: Chien-Pao|move: Protect\n|-curestatus|p2a: Klefki|slp|[msg]\n|move|p2a: Klefki|Foul Play|p1a: Iron Hands\n|-damage|p1a: Iron Hands|60\/100\n|\n|-fieldend|move: Trick Room\n|upkeep\n|turn|6\n|\n|t:|1682548642\n|move|p2b: Chien-Pao|Ice Spinner|p1b: Amoonguss\n|-supereffective|p1b: Amoonguss\n|-damage|p1b: Amoonguss|0 fnt\n|faint|p1b: Amoonguss\n|move|p2a: Klefki|Foul Play|p1a: Iron Hands\n|-damage|p1a: Iron Hands|30\/100\n|move|p1a: Iron Hands|Drain Punch|p2b: Chien-Pao\n|-supereffective|p2b: Chien-Pao\n|-enditem|p2b: Chien-Pao|Focus Sash\n|-damage|p2b: Chien-Pao|1\/100\n|-heal|p1a: Iron Hands|59\/100|[from] drain|[of] p2b: Chien-Pao\n|\n|upkeep\n|\n|t:|1682548653\n|switch|p1b: Quaquaval|Quaquaval, L50, F|100\/100\n|turn|7\n|\n|t:|1682548664\n|move|p2b: Chien-Pao|Protect|p2b: Chien-Pao\n|-singleturn|p2b: Chien-Pao|Protect\n|move|p2a: Klefki|Sunny Day|p2a: Klefki\n|-weather|SunnyDay\n|move|p1b: Quaquaval|Close Combat|p2a: Klefki\n|-damage|p2a: Klefki|44\/100\n|-unboost|p1b: Quaquaval|def|1\n|-unboost|p1b: Quaquaval|spd|1\n|move|p1a: Iron Hands|Drain Punch|p2a: Klefki\n|-damage|p2a: Klefki|2\/100\n|-heal|p1a: Iron Hands|73\/100|[from] drain|[of] p2a: Klefki\n|\n|-weather|SunnyDay|[upkeep]\n|upkeep\n|turn|8\n|\n|t:|1682548705\n|move|p1b: Quaquaval|Aqua Jet|p2b: Chien-Pao\n|-damage|p2b: Chien-Pao|0 fnt\n|faint|p2b: Chien-Pao\n|-ability|p1b: Quaquaval|Moxie|boost\n|-boost|p1b: Quaquaval|atk|1\n|move|p2a: Klefki|Foul Play|p1b: Quaquaval\n|-resisted|p1b: Quaquaval\n|-damage|p1b: Quaquaval|49\/100\n|move|p1a: Iron Hands|Drain Punch|p2a: Klefki\n|-damage|p2a: Klefki|0 fnt\n|-heal|p1a: Iron Hands|73\/100|[from] drain|[of] p2a: Klefki\n|faint|p2a: Klefki\n|\n|-weather|SunnyDay|[upkeep]\n|-sideend|p2: Training_ArcTM|Reflect\n|upkeep\n|\n|t:|1682548708\n|switch|p2b: Roaring Moon|Roaring Moon, L50|100\/100\n|-activate|p2b: Roaring Moon|ability: Protosynthesis\n|-start|p2b: Roaring Moon|protosynthesisatk\n|turn|9\n|\n|t:|1682548726\n|-terastallize|p2b: Roaring Moon|Steel\n|move|p2b: Roaring Moon|Breaking Swipe|p1a: Iron Hands|[spread] p1a,p1b\n|-damage|p1a: Iron Hands|42\/100\n|-damage|p1b: Quaquaval|0 fnt\n|-unboost|p1a: Iron Hands|atk|1\n|faint|p1b: Quaquaval\n|move|p1a: Iron Hands|Ice Punch|p2b: Roaring Moon\n|-resisted|p2b: Roaring Moon\n|-damage|p2b: Roaring Moon|88\/100\n|\n|-weather|SunnyDay|[upkeep]\n|upkeep\n|turn|10\n|\n|t:|1682548739\n|move|p2b: Roaring Moon|Breaking Swipe|p1a: Iron Hands\n|-damage|p1a: Iron Hands|0 fnt\n|faint|p1a: Iron Hands\n|-end|p1a: Iron Hands|Quark Drive|[silent]\n|\n|win|Training_ArcTM\n","uploadtime":1682548743,"views":19,"p1id":"carlipop6","p2id":"trainingarctm","formatid":"gen9vgc2023regulationc","rating":0,"private":0,"password":""}