{"id":"gen9vgc2023regulationc-1863381213","p1":"Judah<3","p2":"sejuntest","format":"[Gen 9] VGC 2023 Regulation C","log":"|j|\u2606Judah<3\n|j|\u203dsejuntest\n|t:|1684009721\n|gametype|doubles\n|player|p1|Judah<3|n-masters3|\n|player|p2|sejuntest|supernerd|\n|teamsize|p1|6\n|teamsize|p2|6\n|gen|9\n|tier|[Gen 9] VGC 2023 Regulation C\n|rule|Tera Type Preview: Tera Types are shown at Team Preview\n|rule|Species Clause: Limit one of each Pok\u00e9mon\n|rule|Item Clause: Limit one of each item\n|clearpoke\n|poke|p1|Gastrodon, L50, F|\n|poke|p1|Amoonguss, L50, F|\n|poke|p1|Slowbro, L50, F|\n|poke|p1|Growlithe, L50, F|\n|poke|p1|Klefki, L50, F|\n|poke|p1|Ting-Lu, L50|\n|poke|p2|Bisharp, L50, F|\n|poke|p2|Scream Tail, L50|\n|poke|p2|Palafin, L50, M|\n|poke|p2|Oricorio-Sensu, L50, F|\n|poke|p2|Volcarona, L50, M|\n|poke|p2|Iron Hands, L50|\n|teampreview|4\n|raw|Judah<3's Tera Types: \/ \/ \/ \/ \/ \n|raw|sejuntest's Tera Types: \/ \/ \/ \/ \/ \n|c|\u2606Judah<3|g2\n|j| Concept Everything\n|c|\u2606Judah<3|glhf\nJudah<3 rejected open team sheets.\n|j| tzarii\n|j| Wow02\n|c|\u2606Judah<3|I forgot to change a move on one of my mons\n|c| Concept Everything|Just don\u2019t click the move\n|c|\u2606Judah<3|no the move is legal\n|c|\u2606Judah<3|its just\n|c|\u2606Judah<3|the wrong move\n|c| Concept Everything|Yes\n|c| Concept Everything|Dont click it\n|c|\u2606Judah<3|real\n|\n|t:|1684010160\n|start\n|switch|p1a: Ting-Lu|Ting-Lu, L50|100\/100\n|switch|p1b: Klefki|Klefki, L50, F|100\/100\n|switch|p2a: Oricorio|Oricorio-Sensu, L50, F|100\/100\n|switch|p2b: Volcarona|Volcarona, L50, M|100\/100\n|-ability|p1a: Ting-Lu|Vessel of Ruin\n|turn|1\n|\n|t:|1684010237\n|move|p2b: Volcarona|Will-O-Wisp|p1a: Ting-Lu\n|-status|p1a: Ting-Lu|brn\n|move|p2a: Oricorio|Quiver Dance|p2a: Oricorio\n|-boost|p2a: Oricorio|spa|1\n|-boost|p2a: Oricorio|spd|1\n|-boost|p2a: Oricorio|spe|1\n|move|p1a: Ting-Lu|Rock Slide|p2b: Volcarona|[spread] p2a,p2b\n|-supereffective|p2a: Oricorio\n|-supereffective|p2b: Volcarona\n|-damage|p2a: Oricorio|79\/100\n|-damage|p2b: Volcarona|51\/100\n|move|p1b: Klefki|Trick Room|p1b: Klefki\n|-fieldstart|move: Trick Room|[of] p1b: Klefki\n|\n|-damage|p1a: Ting-Lu|94\/100 brn|[from] brn\n|upkeep\n|turn|2\n|\n|t:|1684010260\n|move|p1a: Ting-Lu|Rock Slide|p2b: Volcarona|[spread] p2a,p2b\n|-supereffective|p2a: Oricorio\n|-supereffective|p2b: Volcarona\n|-damage|p2a: Oricorio|55\/100\n|-damage|p2b: Volcarona|0 fnt\n|faint|p2b: Volcarona\n|move|p1b: Klefki|Foul Play|p2a: Oricorio\n|-supereffective|p2a: Oricorio\n|-damage|p2a: Oricorio|22\/100\n|move|p2a: Oricorio|Quiver Dance|p2a: Oricorio\n|-boost|p2a: Oricorio|spa|1\n|-boost|p2a: Oricorio|spd|1\n|-boost|p2a: Oricorio|spe|1\n|\n|-damage|p1a: Ting-Lu|88\/100 brn|[from] brn\n|upkeep\n|\n|t:|1684010274\n|switch|p2b: Scream Tail|Scream Tail, L50|100\/100\n|turn|3\n|\n|t:|1684010279\n|-terastallize|p2a: Oricorio|Fighting\n|move|p1b: Klefki|Imprison|p1b: Klefki\n|-start|p1b: Klefki|move: Imprison\n|move|p1a: Ting-Lu|Rock Slide|p2b: Scream Tail|[spread] p2a\n|-miss|p1a: Ting-Lu|p2b: Scream Tail\n|-resisted|p2a: Oricorio\n|-damage|p2a: Oricorio|17\/100\n|move|p2a: Oricorio|Roost|p2a: Oricorio\n|-heal|p2a: Oricorio|67\/100\n|cant|p2b: Scream Tail|move: Imprison|Trick Room\n|\n|-damage|p1a: Ting-Lu|82\/100 brn|[from] brn\n|upkeep\n|turn|4\n|c|\u2606Judah<3|roost is evil holy shit\n|\n|t:|1684010320\n|move|p1a: Ting-Lu|Fissure|p2a: Oricorio|[miss]\n|-miss|p1a: Ting-Lu|p2a: Oricorio\n|move|p1b: Klefki|Foul Play|p2b: Scream Tail\n|-damage|p2b: Scream Tail|81\/100\n|move|p2b: Scream Tail|Play Rough|p1a: Ting-Lu\n|-supereffective|p1a: Ting-Lu\n|-damage|p1a: Ting-Lu|46\/100 brn\n|move|p2a: Oricorio|Roost|p2a: Oricorio\n|-heal|p2a: Oricorio|100\/100\n|\n|-damage|p1a: Ting-Lu|39\/100 brn|[from] brn\n|upkeep\n|turn|5\n|\n|t:|1684010338\n|move|p1a: Ting-Lu|Fissure|p2a: Oricorio\n|-damage|p2a: Oricorio|0 fnt\n|faint|p2a: Oricorio\n|-ohko\n|move|p1b: Klefki|Foul Play|p2b: Scream Tail\n|-damage|p2b: Scream Tail|59\/100\n|move|p2b: Scream Tail|Play Rough|p1a: Ting-Lu\n|-supereffective|p1a: Ting-Lu\n|-damage|p1a: Ting-Lu|3\/100 brn\n|\n|-damage|p1a: Ting-Lu|0 fnt|[from] brn\n|faint|p1a: Ting-Lu\n|-fieldend|move: Trick Room\n|upkeep\n|l| Concept Everything\n|\n|t:|1684010349\n|switch|p2a: Iron Hands|Iron Hands, L50|100\/100\n|switch|p1a: Amoonguss|Amoonguss, L50, F|100\/100\n|turn|6\n|\n|t:|1684010369\n|move|p1a: Amoonguss|Rage Powder|p1a: Amoonguss\n|-singleturn|p1a: Amoonguss|move: Rage Powder\n|move|p2b: Scream Tail|Psychic Fangs|p1a: Amoonguss\n|-supereffective|p1a: Amoonguss\n|-damage|p1a: Amoonguss|56\/100\n|move|p2a: Iron Hands|Swords Dance|p2a: Iron Hands\n|-boost|p2a: Iron Hands|atk|2\n|move|p1b: Klefki|Trick Room|p1b: Klefki\n|-fieldstart|move: Trick Room|[of] p1b: Klefki\n|\n|upkeep\n|turn|7\n|\n|t:|1684010396\n|move|p1a: Amoonguss|Spore|p2a: Iron Hands\n|-activate|p2a: Iron Hands|item: Safety Goggles|Spore\n|move|p2a: Iron Hands|Stomping Tantrum|p1b: Klefki\n|-supereffective|p1b: Klefki\n|-damage|p1b: Klefki|0 fnt\n|faint|p1b: Klefki\n|move|p2b: Scream Tail|Psychic Fangs|p1a: Amoonguss\n|-supereffective|p1a: Amoonguss\n|-damage|p1a: Amoonguss|13\/100\n|-enditem|p1a: Amoonguss|Sitrus Berry|[eat]\n|-heal|p1a: Amoonguss|38\/100|[from] item: Sitrus Berry\n|\n|upkeep\n|\n|t:|1684010401\n|switch|p1b: Growlithe|Growlithe, L50, F|100\/100\n|-ability|p1b: Growlithe|Intimidate|boost\n|-unboost|p2a: Iron Hands|atk|1\n|-unboost|p2b: Scream Tail|atk|1\n|turn|8\n|\n|t:|1684010413\n|move|p1a: Amoonguss|Spore|p2b: Scream Tail\n|-status|p2b: Scream Tail|slp|[from] move: Spore\n|move|p1b: Growlithe|Will-O-Wisp|p2a: Iron Hands\n|-status|p2a: Iron Hands|brn\n|move|p2a: Iron Hands|Stomping Tantrum|p1b: Growlithe\n|-supereffective|p1b: Growlithe\n|-damage|p1b: Growlithe|50\/100\n|cant|p2b: Scream Tail|slp\n|\n|-damage|p2a: Iron Hands|94\/100 brn|[from] brn\n|upkeep\n|turn|9\n|\n|t:|1684010451\n|move|p1a: Amoonguss|Pollen Puff|p1b: Growlithe\n|-heal|p1b: Growlithe|100\/100\n|move|p1b: Growlithe|Flare Blitz|p2a: Iron Hands\n|-damage|p2a: Iron Hands|69\/100 brn\n|-damage|p1b: Growlithe|87\/100|[from] Recoil\n|move|p2a: Iron Hands|Stomping Tantrum|p1b: Growlithe\n|-supereffective|p1b: Growlithe\n|-damage|p1b: Growlithe|32\/100\n|-curestatus|p2b: Scream Tail|slp|[msg]\n|move|p2b: Scream Tail|Psychic Fangs|p1a: Amoonguss\n|-supereffective|p1a: Amoonguss\n|-damage|p1a: Amoonguss|10\/100\n|\n|-damage|p2a: Iron Hands|63\/100 brn|[from] brn\n|upkeep\n|turn|10\n|c|\u2606Judah<3|1 turn sleep too\n|c|\u2606Judah<3|ggwp\n|\n|t:|1684010474\n|move|p1a: Amoonguss|Spore|p2b: Scream Tail\n|-status|p2b: Scream Tail|slp|[from] move: Spore\n|move|p1b: Growlithe|Morning Sun|p1b: Growlithe\n|-heal|p1b: Growlithe|82\/100\n|move|p2a: Iron Hands|Swords Dance|p2a: Iron Hands\n|-boost|p2a: Iron Hands|atk|2\n|cant|p2b: Scream Tail|slp\n|\n|-damage|p2a: Iron Hands|56\/100 brn|[from] brn\n|-fieldend|move: Trick Room\n|upkeep\n|turn|11\n|\n|t:|1684010490\n|-terastallize|p1b: Growlithe|Dragon\n|cant|p2b: Scream Tail|slp\n|move|p2a: Iron Hands|Drain Punch|p1b: Growlithe\n|-damage|p1b: Growlithe|22\/100\n|-heal|p2a: Iron Hands|75\/100 brn|[from] drain|[of] p1b: Growlithe\n|move|p1b: Growlithe|Morning Sun|p1b: Growlithe\n|-heal|p1b: Growlithe|72\/100\n|move|p1a: Amoonguss|Pollen Puff|p2b: Scream Tail\n|-damage|p2b: Scream Tail|43\/100 slp\n|\n|-damage|p2a: Iron Hands|69\/100 brn|[from] brn\n|upkeep\n|turn|12\n|\n|t:|1684010505\n|cant|p2b: Scream Tail|slp\n|move|p2a: Iron Hands|Drain Punch|p1b: Growlithe\n|-damage|p1b: Growlithe|11\/100\n|-heal|p2a: Iron Hands|88\/100 brn|[from] drain|[of] p1b: Growlithe\n|move|p1b: Growlithe|Flare Blitz|p2b: Scream Tail\n|-damage|p2b: Scream Tail|3\/100 slp\n|-damage|p1b: Growlithe|0 fnt|[from] Recoil\n|faint|p1b: Growlithe\n|move|p1a: Amoonguss|Pollen Puff|p2b: Scream Tail\n|-damage|p2b: Scream Tail|0 fnt\n|faint|p2b: Scream Tail\n|-end|p2b: Scream Tail|Protosynthesis|[silent]\n|\n|-damage|p2a: Iron Hands|82\/100 brn|[from] brn\n|upkeep\n|turn|13\n|\n|t:|1684010514\n|move|p1a: Amoonguss|Protect|p1a: Amoonguss\n|-singleturn|p1a: Amoonguss|Protect\n|move|p2a: Iron Hands|Stomping Tantrum|p1a: Amoonguss\n|-activate|p1a: Amoonguss|move: Protect\n|\n|-damage|p2a: Iron Hands|76\/100 brn|[from] brn\n|upkeep\n|turn|14\n|\n|t:|1684010532\n|move|p1a: Amoonguss|Protect||[still]\n|-fail|p1a: Amoonguss\n|move|p2a: Iron Hands|Stomping Tantrum|p1a: Amoonguss\n|-damage|p1a: Amoonguss|0 fnt\n|faint|p1a: Amoonguss\n|\n|win|sejuntest\n|c|\u2606Judah<3|gg\n|l|\u2606Judah<3\n|l| Wow02\n","uploadtime":1684010540,"views":17,"p1id":"judah3","p2id":"sejuntest","formatid":"gen9vgc2023regulationc","rating":0,"private":0,"password":""}