{"id":"gen9vgc2023regulationc-1846564699","p1":"dnwuinuibqfiqfwq","p2":"yokai19","format":"[Gen 9] VGC 2023 Regulation C","log":"|j|\u2606dnwuinuibqfiqfwq\n|j|\u2606yokai19\n|t:|1681852165\n|gametype|doubles\n|player|p1|dnwuinuibqfiqfwq|2|1096\n|player|p2|yokai19|170|1133\n|teamsize|p1|6\n|teamsize|p2|6\n|gen|9\n|tier|[Gen 9] VGC 2023 Regulation C\n|rated|\n|rule|Species Clause: Limit one of each Pok\u00e9mon\n|rule|Item Clause: Limit one of each item\n|clearpoke\n|poke|p1|Chi-Yu, L50|\n|poke|p1|Dachsbun, L50, F|\n|poke|p1|Dondozo, L50, M|\n|poke|p1|Tatsugiri, L50, M|\n|poke|p1|Ting-Lu, L50|\n|poke|p1|Flutter Mane, L50|\n|poke|p2|Amoonguss, L50, M|\n|poke|p2|Flutter Mane, L50|\n|poke|p2|Arcanine, L50, F|\n|poke|p2|Palafin, L50, F|\n|poke|p2|Ting-Lu, L50|\n|poke|p2|Scizor, L50, M|\n|teampreview|4\n|\n|t:|1681852236\n|start\n|switch|p1a: Chi-Yu|Chi-Yu, L50|100\/100\n|switch|p1b: Dachsbun|Dachsbun, L50, F|100\/100\n|switch|p2a: Ting-Lu|Ting-Lu, L50|100\/100\n|switch|p2b: Palafin|Palafin, L50, F|100\/100\n|-ability|p1a: Chi-Yu|Beads of Ruin\n|-ability|p2a: Ting-Lu|Vessel of Ruin\n|turn|1\n|\n|t:|1681852261\n|move|p2b: Palafin|Protect|p2b: Palafin\n|-singleturn|p2b: Palafin|Protect\n|move|p1a: Chi-Yu|Lava Plume|p2a: Ting-Lu|[spread] p2a\n|-activate|p2b: Palafin|move: Protect\n|-ability|p1b: Dachsbun|Well-Baked Body|boost\n|-boost|p1b: Dachsbun|def|2\n|-damage|p2a: Ting-Lu|83\/100\n|-status|p2a: Ting-Lu|brn\n|move|p1b: Dachsbun|Body Press|p2a: Ting-Lu\n|-supereffective|p2a: Ting-Lu\n|-damage|p2a: Ting-Lu|41\/100 brn\n|move|p2a: Ting-Lu|Stomping Tantrum|p1a: Chi-Yu\n|-supereffective|p1a: Chi-Yu\n|-damage|p1a: Chi-Yu|54\/100\n|\n|-damage|p2a: Ting-Lu|35\/100 brn|[from] brn\n|upkeep\n|turn|2\n|\n|t:|1681852311\n|move|p2b: Palafin|Jet Punch|p1a: Chi-Yu\n|-supereffective|p1a: Chi-Yu\n|-damage|p1a: Chi-Yu|0 fnt\n|faint|p1a: Chi-Yu\n|move|p1b: Dachsbun|Yawn|p2b: Palafin\n|-start|p2b: Palafin|move: Yawn|[of] p1b: Dachsbun\n|move|p2a: Ting-Lu|Body Press|p1b: Dachsbun\n|-resisted|p1b: Dachsbun\n|-damage|p1b: Dachsbun|97\/100\n|\n|-heal|p1b: Dachsbun|100\/100|[from] item: Leftovers\n|-damage|p2a: Ting-Lu|29\/100 brn|[from] brn\n|upkeep\n|\n|t:|1681852327\n|switch|p1a: Tatsugiri|Tatsugiri, L50, M|100\/100\n|turn|3\n|\n|t:|1681852355\n|move|p1a: Tatsugiri|Icy Wind|p2a: Ting-Lu|[spread] p2a,p2b\n|-supereffective|p2a: Ting-Lu\n|-resisted|p2b: Palafin\n|-damage|p2a: Ting-Lu|20\/100 brn\n|-damage|p2b: Palafin|95\/100\n|-unboost|p2a: Ting-Lu|spe|1\n|-unboost|p2b: Palafin|spe|1\n|move|p1b: Dachsbun|Body Press|p2a: Ting-Lu\n|-supereffective|p2a: Ting-Lu\n|-damage|p2a: Ting-Lu|0 fnt\n|faint|p2a: Ting-Lu\n|move|p2b: Palafin|Haze|p2b: Palafin\n|-clearallboost\n|\n|-end|p2b: Palafin|move: Yawn|[silent]\n|-status|p2b: Palafin|slp\n|upkeep\n|\n|t:|1681852370\n|switch|p2a: Amoonguss|Amoonguss, L50, M|100\/100\n|turn|4\n|\n|t:|1681852388\n|switch|p1a: Dondozo|Dondozo, L50, M|100\/100\n|detailschange|p2b: Palafin|Palafin-Hero, L50, F\n|switch|p2b: Scizor|Scizor, L50, M|100\/100\n|move|p1b: Dachsbun|Protect|p1b: Dachsbun\n|-singleturn|p1b: Dachsbun|Protect\n|move|p2a: Amoonguss|Spore|p1b: Dachsbun\n|-activate|p1b: Dachsbun|move: Protect\n|\n|upkeep\n|turn|5\n|\n|t:|1681852414\n|switch|p1b: Tatsugiri|Tatsugiri, L50, M|100\/100\n|-activate|p1b: Tatsugiri|ability: Commander|[of] p1a: Dondozo\n|-boost|p1a: Dondozo|atk|2\n|-boost|p1a: Dondozo|spa|2\n|-boost|p1a: Dondozo|spe|2\n|-boost|p1a: Dondozo|def|2\n|-boost|p1a: Dondozo|spd|2\n|-terastallize|p1a: Dondozo|Flying\n|move|p1a: Dondozo|Tera Blast|p2a: Amoonguss\n|-supereffective|p2a: Amoonguss\n|-damage|p2a: Amoonguss|0 fnt\n|faint|p2a: Amoonguss\n|-damage|p1a: Dondozo|91\/100|[from] item: Life Orb\n|move|p2b: Scizor|U-turn|p1a: Dondozo\n|-resisted|p1a: Dondozo\n|-damage|p1a: Dondozo|84\/100\n|\n|t:|1681852428\n|switch|p2b: Palafin|Palafin-Hero, L50, F|95\/100 slp|[from] U-turn\n|-activate|p2b: Palafin|ability: Zero to Hero\n|\n|upkeep\n|\n|t:|1681852433\n|switch|p2a: Scizor|Scizor, L50, M|100\/100\n|turn|6\n|\n|t:|1681852455\n|move|p2a: Scizor|Bullet Punch|p1a: Dondozo\n|-damage|p1a: Dondozo|72\/100\n|move|p1a: Dondozo|Earthquake|p2b: Palafin|[spread] p2a,p2b\n|-miss|p1a: Dondozo|p1b: Tatsugiri\n|-damage|p2a: Scizor|47\/100\n|-damage|p2b: Palafin|48\/100 slp\n|-enditem|p2a: Scizor|Sitrus Berry|[eat]\n|-heal|p2a: Scizor|72\/100|[from] item: Sitrus Berry\n|-damage|p1a: Dondozo|62\/100|[from] item: Life Orb\n|cant|p2b: Palafin|slp\n|\n|upkeep\n|turn|7\n|\n|t:|1681852475\n|move|p2a: Scizor|Bullet Punch|p1a: Dondozo\n|-damage|p1a: Dondozo|51\/100\n|move|p1a: Dondozo|Earthquake|p2b: Palafin|[spread] p2a,p2b\n|-miss|p1a: Dondozo|p1b: Tatsugiri\n|-damage|p2a: Scizor|18\/100\n|-damage|p2b: Palafin|0 fnt\n|faint|p2b: Palafin\n|-damage|p1a: Dondozo|41\/100|[from] item: Life Orb\n|\n|upkeep\n|turn|8\n|\n|t:|1681852487\n|move|p2a: Scizor|Bullet Punch|p1a: Dondozo\n|-damage|p1a: Dondozo|28\/100\n|move|p1a: Dondozo|Wave Crash|p2a: Scizor\n|-damage|p2a: Scizor|0 fnt\n|faint|p2a: Scizor\n|-damage|p1a: Dondozo|23\/100|[from] Recoil\n|-damage|p1a: Dondozo|13\/100|[from] item: Life Orb\n|\n|win|dnwuinuibqfiqfwq\n|raw|dnwuinuibqfiqfwq's rating: 1096 → 1124<\/strong> (+28 for winning)\n|raw|yokai19's rating: 1133 → 1105<\/strong> (-28 for losing)\n","uploadtime":1681852499,"views":8,"p1id":"dnwuinuibqfiqfwq","p2id":"yokai19","formatid":"gen9vgc2023regulationc","rating":1105,"private":0,"password":""}