{"id":"gen9vgc2023regulationc-1849325471","p1":"cszlonger","p2":"FurretSucksVGC","format":"[Gen 9] VGC 2023 Regulation C","log":"|j|\u2606cszlonger\n|j|\u2606FurretSucksVGC\n|t:|1682186093\n|gametype|doubles\n|player|p1|cszlonger|erika|1467\n|player|p2|FurretSucksVGC|hilbert|1530\n|teamsize|p1|6\n|teamsize|p2|6\n|gen|9\n|tier|[Gen 9] VGC 2023 Regulation C\n|rated|\n|rule|Species Clause: Limit one of each Pok\u00e9mon\n|rule|Item Clause: Limit one of each item\n|clearpoke\n|poke|p1|Flutter Mane, L50|\n|poke|p1|Iron Bundle, L50|\n|poke|p1|Chi-Yu, L50|\n|poke|p1|Dragonite, L50, F|\n|poke|p1|Talonflame, L50, M|\n|poke|p1|Chien-Pao, L50|\n|poke|p2|Skeledirge, L50, M|\n|poke|p2|Kingambit, L50, F|\n|poke|p2|Maushold, L50|\n|poke|p2|Wo-Chien, L50|\n|poke|p2|Florges, L50, F|\n|poke|p2|Lucario, L50, M|\n|teampreview|4\nFurretSucksVGC has agreed to open team sheets.\n|inactive|Battle timer is ON: inactive players will automatically lose when time's up. (requested by cszlonger)\n|\n|t:|1682186204\n|start\n|switch|p1a: Chi-Yu|Chi-Yu, L50|100\/100\n|switch|p1b: Iron Bundle|Iron Bundle, L50|100\/100\n|switch|p2a: Florges|Florges, L50, F|100\/100\n|switch|p2b: Lucario|Lucario, L50, M|100\/100\n|-ability|p1a: Chi-Yu|Beads of Ruin\n|-enditem|p1b: Iron Bundle|Booster Energy\n|-activate|p1b: Iron Bundle|ability: Quark Drive|[fromitem]\n|-start|p1b: Iron Bundle|quarkdrivespe\n|turn|1\n|inactive|FurretSucksVGC has 30 seconds left.\n|inactive|cszlonger has 30 seconds left.\n|inactive|FurretSucksVGC has 20 seconds left.\n|inactive|FurretSucksVGC has 15 seconds left.\n|\n|t:|1682186245\n|move|p2a: Florges|Protect|p2a: Florges\n|-singleturn|p2a: Florges|Protect\n|move|p1b: Iron Bundle|Icy Wind|p2b: Lucario|[spread] p2b\n|-activate|p2a: Florges|move: Protect\n|-resisted|p2b: Lucario\n|-damage|p2b: Lucario|82\/100\n|-unboost|p2b: Lucario|spe|1\n|move|p1a: Chi-Yu|Heat Wave|p2a: Florges|[spread] p2b\n|-activate|p2a: Florges|move: Protect\n|-supereffective|p2b: Lucario\n|-damage|p2b: Lucario|0 fnt\n|faint|p2b: Lucario\n|-damage|p1a: Chi-Yu|91\/100|[from] item: Life Orb\n|\n|upkeep\n|\n|t:|1682186265\n|switch|p2b: Wo-Chien|Wo-Chien, L50|100\/100\n|-ability|p2b: Wo-Chien|Tablets of Ruin\n|turn|2\n|inactive|cszlonger has 30 seconds left.\n|inactive|FurretSucksVGC has 30 seconds left.\n|\n|t:|1682186295\n|-terastallize|p2b: Wo-Chien|Poison\n|move|p1b: Iron Bundle|Freeze-Dry|p2b: Wo-Chien\n|-damage|p2b: Wo-Chien|75\/100\n|move|p1a: Chi-Yu|Heat Wave|p2b: Wo-Chien|[spread] p2a,p2b\n|-crit|p2a: Florges\n|-damage|p2a: Florges|48\/100\n|-damage|p2b: Wo-Chien|40\/100\n|-enditem|p2b: Wo-Chien|Sitrus Berry|[eat]\n|-heal|p2b: Wo-Chien|65\/100|[from] item: Sitrus Berry\n|-damage|p1a: Chi-Yu|81\/100|[from] item: Life Orb\n|move|p2a: Florges|Moonblast|p1a: Chi-Yu\n|-damage|p1a: Chi-Yu|48\/100\n|-unboost|p1a: Chi-Yu|spa|1\n|move|p2b: Wo-Chien|Giga Drain|p1b: Iron Bundle\n|-supereffective|p1b: Iron Bundle\n|-damage|p1b: Iron Bundle|0 fnt\n|-heal|p2b: Wo-Chien|100\/100|[from] drain|[of] p1b: Iron Bundle\n|faint|p1b: Iron Bundle\n|-end|p1b: Iron Bundle|Quark Drive|[silent]\n|\n|-heal|p2a: Florges|54\/100|[from] item: Leftovers\n|upkeep\n|\n|t:|1682186318\n|switch|p1b: Chien-Pao|Chien-Pao, L50|100\/100\n|-ability|p1b: Chien-Pao|Sword of Ruin\n|turn|3\n|inactive|FurretSucksVGC has 30 seconds left.\n|\n|t:|1682186348\n|move|p1b: Chien-Pao|Protect|p1b: Chien-Pao\n|-singleturn|p1b: Chien-Pao|Protect\n|move|p2a: Florges|Protect|p2a: Florges\n|-singleturn|p2a: Florges|Protect\n|move|p1a: Chi-Yu|Heat Wave|p2b: Wo-Chien|[spread] p2b\n|-activate|p2a: Florges|move: Protect\n|-damage|p2b: Wo-Chien|74\/100\n|-damage|p1a: Chi-Yu|39\/100|[from] item: Life Orb\n|move|p2b: Wo-Chien|Leech Seed|p1b: Chien-Pao\n|-activate|p1b: Chien-Pao|move: Protect\n|\n|-heal|p2a: Florges|60\/100|[from] item: Leftovers\n|upkeep\n|turn|4\n|j| Spacejes\n|inactive|FurretSucksVGC has 30 seconds left.\n|inactive|cszlonger has 30 seconds left.\n|\n|t:|1682186381\n|move|p1b: Chien-Pao|Icicle Crash|p2b: Wo-Chien\n|-damage|p2b: Wo-Chien|32\/100\n|move|p1a: Chi-Yu|Heat Wave|p2b: Wo-Chien|[spread] p2a\n|-miss|p1a: Chi-Yu|p2b: Wo-Chien\n|-damage|p2a: Florges|38\/100\n|-damage|p1a: Chi-Yu|29\/100|[from] item: Life Orb\n|move|p2a: Florges|Moonblast|p1b: Chien-Pao\n|-supereffective|p1b: Chien-Pao\n|-enditem|p1b: Chien-Pao|Focus Sash\n|-damage|p1b: Chien-Pao|1\/100\n|-unboost|p1b: Chien-Pao|spa|1\n|move|p2b: Wo-Chien|Leech Seed|p1b: Chien-Pao\n|-start|p1b: Chien-Pao|move: Leech Seed\n|\n|-heal|p2a: Florges|44\/100|[from] item: Leftovers\n|-damage|p1b: Chien-Pao|0 fnt|[from] Leech Seed|[of] p2b: Wo-Chien\n|-heal|p2b: Wo-Chien|33\/100|[silent]\n|faint|p1b: Chien-Pao\n|upkeep\n|\n|t:|1682186388\n|switch|p1b: Dragonite|Dragonite, L50, F|100\/100\n|turn|5\n|\n|t:|1682186408\n|-terastallize|p1b: Dragonite|Normal\n|move|p2a: Florges|Protect|p2a: Florges\n|-singleturn|p2a: Florges|Protect\n|move|p2b: Wo-Chien|Protect|p2b: Wo-Chien\n|-singleturn|p2b: Wo-Chien|Protect\n|move|p1b: Dragonite|Extreme Speed|p2b: Wo-Chien\n|-activate|p2b: Wo-Chien|move: Protect\n|move|p1a: Chi-Yu|Heat Wave|p2b: Wo-Chien|[spread] \n|-activate|p2a: Florges|move: Protect\n|-activate|p2b: Wo-Chien|move: Protect\n|\n|-heal|p2a: Florges|50\/100|[from] item: Leftovers\n|upkeep\n|turn|6\n|inactive|cszlonger has 30 seconds left.\n|inactive|FurretSucksVGC has 30 seconds left.\n|\n|t:|1682186439\n|move|p1b: Dragonite|Extreme Speed|p2b: Wo-Chien\n|-crit|p2b: Wo-Chien\n|-damage|p2b: Wo-Chien|0 fnt\n|faint|p2b: Wo-Chien\n|move|p1a: Chi-Yu|Dark Pulse|p2a: Florges\n|-resisted|p2a: Florges\n|-damage|p2a: Florges|36\/100\n|-damage|p1a: Chi-Yu|20\/100|[from] item: Life Orb\n|cant|p2a: Florges|flinch\n|\n|-heal|p2a: Florges|42\/100|[from] item: Leftovers\n|upkeep\n|\n|t:|1682186450\n|switch|p2b: Kingambit|Kingambit, L50, F|100\/100\n|turn|7\n|\n|t:|1682186469\n|move|p1a: Chi-Yu|Protect|p1a: Chi-Yu\n|-singleturn|p1a: Chi-Yu|Protect\n|move|p1b: Dragonite|Extreme Speed|p2a: Florges\n|-damage|p2a: Florges|0 fnt\n|faint|p2a: Florges\n|move|p2b: Kingambit|Sucker Punch||[still]\n|-fail|p2b: Kingambit\n|\n|upkeep\n|turn|8\n|\n|t:|1682186478\n|move|p1a: Chi-Yu|Protect||[still]\n|-fail|p1a: Chi-Yu\n|move|p1b: Dragonite|Extreme Speed|p2b: Kingambit\n|-resisted|p2b: Kingambit\n|-damage|p2b: Kingambit|73\/100\n|move|p2b: Kingambit|Sucker Punch||[still]\n|-fail|p2b: Kingambit\n|\n|upkeep\n|turn|9\n|\n|t:|1682186495\n|move|p1b: Dragonite|Extreme Speed|p2b: Kingambit\n|-resisted|p2b: Kingambit\n|-damage|p2b: Kingambit|48\/100\n|move|p2b: Kingambit|Sucker Punch|p1a: Chi-Yu\n|-resisted|p1a: Chi-Yu\n|-damage|p1a: Chi-Yu|0 fnt\n|faint|p1a: Chi-Yu\n|\n|upkeep\n|turn|10\n|\n|t:|1682186504\n|move|p2b: Kingambit|Protect|p2b: Kingambit\n|-singleturn|p2b: Kingambit|Protect\n|move|p1b: Dragonite|Extreme Speed|p2b: Kingambit\n|-activate|p2b: Kingambit|move: Protect\n|\n|upkeep\n|turn|11\n|\n|t:|1682186516\n|move|p1b: Dragonite|Extreme Speed|p2b: Kingambit\n|-resisted|p2b: Kingambit\n|-damage|p2b: Kingambit|21\/100\n|move|p2b: Kingambit|Kowtow Cleave|p1b: Dragonite\n|-damage|p1b: Dragonite|42\/100\n|\n|upkeep\n|turn|12\n|\n|t:|1682186522\n|move|p2b: Kingambit|Protect|p2b: Kingambit\n|-singleturn|p2b: Kingambit|Protect\n|move|p1b: Dragonite|Extreme Speed|p2b: Kingambit\n|-activate|p2b: Kingambit|move: Protect\n|\n|upkeep\n|turn|13\n|\n|t:|1682186531\n|-activate|p1b: Dragonite|move: Struggle\n|move|p1b: Dragonite|Struggle|p2b: Kingambit\n|-damage|p2b: Kingambit|0 fnt\n|faint|p2b: Kingambit\n|-damage|p1b: Dragonite|17\/100|[from] recoil\n|\n|win|cszlonger\n|raw|cszlonger's rating: 1467 → 1491<\/strong> (+24 for winning)\n|raw|FurretSucksVGC's rating: 1530 → 1506<\/strong> (-24 for losing)\n|l|\u2606cszlonger\n|l| Spacejes\n","uploadtime":1682186551,"views":10,"p1id":"cszlonger","p2id":"furretsucksvgc","formatid":"gen9vgc2023regulationc","rating":1491,"private":0,"password":""}