{"id":"gen9vgc2023regulationc-1856034690","p1":"Insertable194","p2":"42 s","format":"[Gen 9] VGC 2023 Regulation C","log":"|j|\u2606Insertable194\n|j|\u260642 s\n|t:|1683020775\n|gametype|doubles\n|player|p1|Insertable194|102|1434\n|player|p2|42 s|102|1443\n|teamsize|p1|6\n|teamsize|p2|6\n|gen|9\n|tier|[Gen 9] VGC 2023 Regulation C\n|rated|\n|rule|Species Clause: Limit one of each Pok\u00e9mon\n|rule|Item Clause: Limit one of each item\n|clearpoke\n|poke|p1|Pelipper, L50, M|\n|poke|p1|Palafin, L50, F|\n|poke|p1|Flutter Mane, L50|\n|poke|p1|Chien-Pao, L50|\n|poke|p1|Arcanine, L50, F|\n|poke|p1|Amoonguss, L50, F|\n|poke|p2|Chien-Pao, L50|\n|poke|p2|Dragapult, L50, F|\n|poke|p2|Chi-Yu, L50|\n|poke|p2|Flutter Mane, L50|\n|poke|p2|Talonflame, L50, F|\n|poke|p2|Great Tusk, L50|\n|teampreview|4\n|inactive|Battle timer is ON: inactive players will automatically lose when time's up. (requested by 42 s)\nInsertable194 has agreed to open team sheets.\n42 s has agreed to open team sheets.\n|inactive|Insertable194 has 60 seconds left.\n|inactive|42 s has 60 seconds left.\n|\n|t:|1683020822\n|start\n|switch|p1a: Palafin|Palafin, L50, F|100\/100\n|switch|p1b: Flutter Mane|Flutter Mane, L50|100\/100\n|switch|p2a: Chien-Pao|Chien-Pao, L50|100\/100\n|switch|p2b: Dragapult|Dragapult, L50, F|100\/100\n|-ability|p2a: Chien-Pao|Sword of Ruin\n|-enditem|p1b: Flutter Mane|Booster Energy\n|-activate|p1b: Flutter Mane|ability: Protosynthesis|[fromitem]\n|-start|p1b: Flutter Mane|protosynthesisspe\n|turn|1\n|inactive|Insertable194 has 30 seconds left.\n|inactive|42 s has 30 seconds left.\n|inactive|Insertable194 has 20 seconds left.\n|inactive|42 s has 20 seconds left.\n|inactive|Insertable194 has 15 seconds left.\n|inactive|42 s has 15 seconds left.\n|\n|t:|1683020864\n|move|p1a: Palafin|Jet Punch|p2a: Chien-Pao\n|-damage|p2a: Chien-Pao|52\/100\n|move|p1b: Flutter Mane|Moonblast|p2a: Chien-Pao\n|-supereffective|p2a: Chien-Pao\n|-damage|p2a: Chien-Pao|0 fnt\n|faint|p2a: Chien-Pao\n|move|p2b: Dragapult|U-turn|p1b: Flutter Mane\n|-resisted|p1b: Flutter Mane\n|-damage|p1b: Flutter Mane|86\/100\n|\n|t:|1683020869\n|switch|p2b: Talonflame|Talonflame, L50, F|100\/100|[from] U-turn\n|\n|upkeep\n|\n|t:|1683020886\n|switch|p2a: Dragapult|Dragapult, L50, F|100\/100\n|turn|2\n|\n|t:|1683020904\n|detailschange|p1a: Palafin|Palafin-Hero, L50, F\n|switch|p1a: Pelipper|Pelipper, L50, M|100\/100\n|-weather|RainDance|[from] ability: Drizzle|[of] p1a: Pelipper\n|move|p2b: Talonflame|Tailwind|p2b: Talonflame\n|-sidestart|p2: 42 s|move: Tailwind\n|move|p2a: Dragapult|Phantom Force||[still]\n|-prepare|p2a: Dragapult|Phantom Force\n|move|p1b: Flutter Mane|Shadow Ball|p2b: Talonflame\n|-damage|p2b: Talonflame|34\/100\n|\n|-weather|RainDance|[upkeep]\n|upkeep\n|turn|3\n|\n|t:|1683020925\n|-end|p1b: Flutter Mane|Protosynthesis|[silent]\n|switch|p1b: Chien-Pao|Chien-Pao, L50|100\/100\n|-ability|p1b: Chien-Pao|Sword of Ruin\n|move|p2a: Dragapult|Phantom Force|p1b: Chien-Pao|[from]lockedmove\n|-resisted|p1b: Chien-Pao\n|-damage|p1b: Chien-Pao|57\/100\n|move|p2b: Talonflame|Sunny Day|p2b: Talonflame\n|-weather|SunnyDay\n|move|p1a: Pelipper|Hurricane|p2b: Talonflame\n|-damage|p2b: Talonflame|0 fnt\n|faint|p2b: Talonflame\n|\n|-weather|SunnyDay|[upkeep]\n|upkeep\n|\n|t:|1683020934\n|switch|p2b: Flutter Mane|Flutter Mane, L50|100\/100\n|-activate|p2b: Flutter Mane|ability: Protosynthesis\n|-start|p2b: Flutter Mane|protosynthesisspa\n|turn|4\n|inactive|Insertable194 has 30 seconds left.\n|\n|t:|1683020965\n|-terastallize|p2b: Flutter Mane|Fairy\n|-terastallize|p1a: Pelipper|Grass\n|move|p1b: Chien-Pao|Protect|p1b: Chien-Pao\n|-singleturn|p1b: Chien-Pao|Protect\n|move|p2a: Dragapult|Phantom Force||[still]\n|-prepare|p2a: Dragapult|Phantom Force\n|move|p2b: Flutter Mane|Dazzling Gleam|p1a: Pelipper|[spread] p1a\n|-activate|p1b: Chien-Pao|move: Protect\n|-damage|p1a: Pelipper|0 fnt\n|faint|p1a: Pelipper\n|\n|-weather|SunnyDay|[upkeep]\n|upkeep\n|\n|t:|1683020974\n|switch|p1a: Flutter Mane|Flutter Mane, L50|86\/100\n|-activate|p1a: Flutter Mane|ability: Protosynthesis\n|-start|p1a: Flutter Mane|protosynthesisspe\n|turn|5\n|\n|t:|1683020987\n|-end|p1a: Flutter Mane|Protosynthesis|[silent]\n|switch|p1a: Palafin|Palafin-Hero, L50, F|100\/100\n|-activate|p1a: Palafin|ability: Zero to Hero\n|move|p1b: Chien-Pao|Protect|p1b: Chien-Pao\n|-singleturn|p1b: Chien-Pao|Protect\n|move|p2a: Dragapult|Phantom Force|p1a: Palafin|[from]lockedmove\n|-damage|p1a: Palafin|9\/100\n|move|p2b: Flutter Mane|Dazzling Gleam|p1b: Chien-Pao|[spread] p1a\n|-activate|p1b: Chien-Pao|move: Protect\n|-damage|p1a: Palafin|0 fnt\n|faint|p1a: Palafin\n|\n|-weather|SunnyDay|[upkeep]\n|-sideend|p2: 42 s|move: Tailwind\n|upkeep\n|\n|t:|1683020990\n|switch|p1a: Flutter Mane|Flutter Mane, L50|86\/100\n|-activate|p1a: Flutter Mane|ability: Protosynthesis\n|-start|p1a: Flutter Mane|protosynthesisspe\n|turn|6\n|\n|t:|1683020998\n|move|p1a: Flutter Mane|Moonblast|p2a: Dragapult\n|-supereffective|p2a: Dragapult\n|-damage|p2a: Dragapult|0 fnt\n|faint|p2a: Dragapult\n|move|p1b: Chien-Pao|Ice Spinner|p2b: Flutter Mane\n|-damage|p2b: Flutter Mane|0 fnt\n|faint|p2b: Flutter Mane\n|-end|p2b: Flutter Mane|Protosynthesis|[silent]\n|\n|win|Insertable194\n|raw|Insertable194's rating: 1434 → 1455<\/strong> (+21 for winning)\n|raw|42 s's rating: 1443 → 1422<\/strong> (-21 for losing)\n","uploadtime":1683021005,"views":11,"p1id":"insertable194","p2id":"42s","formatid":"gen9vgc2023regulationc","rating":1422,"private":0,"password":""}