{"id":"gen9vgc2023regulationc-1859126783","p1":"Fekasu","p2":"BIGHAXORUSFAN147","format":"[Gen 9] VGC 2023 Regulation C","log":"|j|\u2606Fekasu\n|j|\u2606BIGHAXORUSFAN147\n|t:|1683407656\n|gametype|doubles\n|player|p1|Fekasu|pokekid|1451\n|player|p2|BIGHAXORUSFAN147|grimsley-masters|1554\n|teamsize|p1|6\n|teamsize|p2|6\n|gen|9\n|tier|[Gen 9] VGC 2023 Regulation C\n|rated|\n|rule|Species Clause: Limit one of each Pok\u00e9mon\n|rule|Item Clause: Limit one of each item\n|clearpoke\n|poke|p1|Baxcalibur, L50, M|\n|poke|p1|Corviknight, L50, M|\n|poke|p1|Rotom-Wash, L50|\n|poke|p1|Amoonguss, L50, F|\n|poke|p1|Arcanine, L50, M|\n|poke|p1|Roaring Moon, L50|\n|poke|p2|Kingambit, L50, M|\n|poke|p2|Dragonite, L50, M|\n|poke|p2|Palafin, L50, M|\n|poke|p2|Amoonguss, L50, M|\n|poke|p2|Arcanine, L50, M|\n|poke|p2|Flutter Mane, L50|\n|teampreview|4\nBIGHAXORUSFAN147 has agreed to open team sheets.\nFekasu has agreed to open team sheets.\n|inactive|Battle timer is ON: inactive players will automatically lose when time's up. (requested by Fekasu)\n|\n|t:|1683407728\n|start\n|switch|p1a: Corviknight|Corviknight, L50, M|100\/100\n|switch|p1b: Rotom|Rotom-Wash, L50|100\/100\n|switch|p2a: Jinbe|Palafin, L50, M, shiny|100\/100\n|switch|p2b: Perona|Flutter Mane, L50|100\/100\n|turn|1\n|\n|t:|1683407752\n|move|p2a: Jinbe|Protect|p2a: Jinbe\n|-singleturn|p2a: Jinbe|Protect\n|move|p1b: Rotom|Volt Switch|p2a: Jinbe\n|-activate|p2a: Jinbe|move: Protect\n|move|p2b: Perona|Moonblast|p1b: Rotom\n|-damage|p1b: Rotom|0 fnt\n|faint|p1b: Rotom\n|move|p1a: Corviknight|Tailwind|p1a: Corviknight\n|-sidestart|p1: Fekasu|move: Tailwind\n|\n|upkeep\n|\n|t:|1683407758\n|switch|p1b: Baxcalibur|Baxcalibur, L50, M|100\/100\n|turn|2\n|\n|t:|1683407773\n|detailschange|p2a: Jinbe|Palafin-Hero, L50, M, shiny\n|switch|p2a: Zoro|Dragonite, L50, M, shiny|100\/100\n|-terastallize|p1b: Baxcalibur|Ground\n|move|p1b: Baxcalibur|Earthquake|p2b: Perona|[spread] p2b\n|-immune|p1a: Corviknight\n|-immune|p2a: Zoro\n|-damage|p2b: Perona|27\/100\n|move|p1a: Corviknight|Brave Bird|p2b: Perona\n|-damage|p2b: Perona|0 fnt\n|faint|p2b: Perona\n|-end|p2b: Perona|Protosynthesis|[silent]\n|-damage|p1a: Corviknight|94\/100|[from] Recoil\n|\n|upkeep\n|j| Worthy_M\n|\n|t:|1683407795\n|switch|p2b: Jinbe|Palafin-Hero, L50, M, shiny|100\/100\n|-activate|p2b: Jinbe|ability: Zero to Hero\n|turn|3\n|inactive|BIGHAXORUSFAN147 has 30 seconds left.\n|inactive|BIGHAXORUSFAN147 has 20 seconds left.\n|\n|t:|1683407830\n|-terastallize|p2b: Jinbe|Water\n|move|p1b: Baxcalibur|Protect|p1b: Baxcalibur\n|-singleturn|p1b: Baxcalibur|Protect\n|move|p2b: Jinbe|Protect|p2b: Jinbe\n|-singleturn|p2b: Jinbe|Protect\n|move|p1a: Corviknight|Brave Bird|p2a: Zoro\n|-damage|p2a: Zoro|79\/100\n|-damage|p1a: Corviknight|87\/100|[from] Recoil\n|move|p2a: Zoro|Low Kick|p1a: Corviknight\n|-damage|p1a: Corviknight|60\/100\n|\n|upkeep\n|turn|4\n|inactive|Fekasu has 30 seconds left.\n|inactive|BIGHAXORUSFAN147 has 30 seconds left.\n|inactive|BIGHAXORUSFAN147 has 20 seconds left.\n|\n|t:|1683407867\n|move|p2a: Zoro|Extreme Speed|p1b: Baxcalibur\n|-damage|p1b: Baxcalibur|74\/100\n|move|p1b: Baxcalibur|Ice Shard|p2a: Zoro\n|-supereffective|p2a: Zoro\n|-damage|p2a: Zoro|0 fnt\n|faint|p2a: Zoro\n|move|p2b: Jinbe|Jet Punch|p1b: Baxcalibur\n|-supereffective|p1b: Baxcalibur\n|-damage|p1b: Baxcalibur|0 fnt\n|faint|p1b: Baxcalibur\n|move|p1a: Corviknight|Brave Bird|p2b: Jinbe\n|-damage|p2b: Jinbe|60\/100\n|-damage|p1a: Corviknight|46\/100|[from] Recoil\n|\n|-sideend|p1: Fekasu|move: Tailwind\n|upkeep\n|\n|t:|1683407891\n|switch|p1b: Arcanine|Arcanine, L50, M|100\/100\n|switch|p2a: Mihawk|Kingambit, L50, M|100\/100\n|-ability|p1b: Arcanine|Intimidate|boost\n|-unboost|p2a: Mihawk|atk|1\n|-ability|p2a: Mihawk|Defiant|boost\n|-boost|p2a: Mihawk|atk|2\n|-unboost|p2b: Jinbe|atk|1\n|turn|5\n|inactive|BIGHAXORUSFAN147 has 30 seconds left.\n|inactive|BIGHAXORUSFAN147 has 20 seconds left.\n|\n|t:|1683407931\n|move|p1b: Arcanine|Flare Blitz|p2a: Mihawk\n|-supereffective|p2a: Mihawk\n|-damage|p2a: Mihawk|21\/100\n|-damage|p1b: Arcanine|69\/100|[from] Recoil\n|move|p2b: Jinbe|Wave Crash|p1b: Arcanine\n|-supereffective|p1b: Arcanine\n|-damage|p1b: Arcanine|0 fnt\n|faint|p1b: Arcanine\n|-damage|p2b: Jinbe|41\/100|[from] Recoil\n|move|p1a: Corviknight|Brave Bird|p2b: Jinbe\n|-damage|p2b: Jinbe|1\/100\n|-damage|p1a: Corviknight|33\/100|[from] Recoil\n|move|p2a: Mihawk|Kowtow Cleave|p1a: Corviknight\n|-damage|p1a: Corviknight|0 fnt\n|faint|p1a: Corviknight\n|\n|win|BIGHAXORUSFAN147\n|raw|Fekasu's rating: 1451 → 1437<\/strong> (-14 for losing)\n|raw|BIGHAXORUSFAN147's rating: 1554 → 1568<\/strong> (+14 for winning)\n|l|\u2606Fekasu\n","uploadtime":1683407948,"views":13,"p1id":"fekasu","p2id":"bighaxorusfan147","formatid":"gen9vgc2023regulationc","rating":1437,"private":0,"password":""}