{"id":"gen9vgc2023regulationc-1857191070","p1":"titannexus","p2":"PokeVoltClub","format":"[Gen 9] VGC 2023 Regulation C","log":"|j|\u2606titannexus\n|j|\u2606PokeVoltClub\n|t:|1683156032\n|gametype|doubles\n|player|p1|titannexus|acetrainer-gen4|\n|player|p2|PokeVoltClub|elesa|\n|teamsize|p1|6\n|teamsize|p2|6\n|gen|9\n|tier|[Gen 9] VGC 2023 Regulation C\n|rule|Species Clause: Limit one of each Pok\u00e9mon\n|rule|Item Clause: Limit one of each item\n|clearpoke\n|poke|p1|Dondozo, L50, F|\n|poke|p1|Tatsugiri, L50, F|\n|poke|p1|Corviknight, L50, M|\n|poke|p1|Glimmora, L50, F|\n|poke|p1|Arcanine, L50, F|\n|poke|p1|Kingambit, L50, M|\n|poke|p2|Talonflame, L50, M|\n|poke|p2|Iron Hands, L50|\n|poke|p2|Gholdengo, L50|\n|poke|p2|Gyarados, L50, F|\n|poke|p2|Baxcalibur, L50, M|\n|poke|p2|Scizor, L50, M|\n|teampreview|4\n|inactive|Battle timer is ON: inactive players will automatically lose when time's up. (requested by titannexus)\ntitannexus has agreed to open team sheets.\n|inactive|PokeVoltClub has 60 seconds left.\n|\n|t:|1683156070\n|start\n|switch|p1a: Corviknight|Corviknight, L50, M|100\/100\n|switch|p1b: Glimmora|Glimmora, L50, F|100\/100\n|switch|p2a: Posada|Gholdengo, L50|100\/100\n|switch|p2b: A rod|Scizor, L50, M, shiny|100\/100\n|turn|1\n|inactive|PokeVoltClub has 30 seconds left.\n|\n|t:|1683156101\n|-terastallize|p1a: Corviknight|Fire\n|move|p2b: A rod|Protect|p2b: A rod\n|-singleturn|p2b: A rod|Protect\n|move|p2a: Posada|Trick|p1a: Corviknight\n|-activate|p2a: Posada|move: Trick|[of] p1a: Corviknight\n|-item|p1a: Corviknight|Choice Specs|[from] move: Trick\n|-item|p2a: Posada|Choice Band|[from] move: Trick\n|move|p1b: Glimmora|Earth Power|p2a: Posada\n|-supereffective|p2a: Posada\n|-damage|p2a: Posada|25\/100\n|move|p1a: Corviknight|Tera Blast|p2b: A rod\n|-activate|p2b: A rod|move: Protect\n|\n|upkeep\n|turn|2\n|\n|t:|1683156125\n|switch|p2b: Mussina|Iron Hands, L50|100\/100\n|move|p2a: Posada|Make It Rain|p1a: Corviknight|[spread] p1a,p1b\n|-resisted|p1a: Corviknight\n|-supereffective|p1b: Glimmora\n|-damage|p1a: Corviknight|72\/100\n|-enditem|p1b: Glimmora|Focus Sash\n|-damage|p1b: Glimmora|1\/100\n|-unboost|p2a: Posada|spa|1\n|move|p1b: Glimmora|Earth Power|p2a: Posada\n|-supereffective|p2a: Posada\n|-damage|p2a: Posada|0 fnt\n|faint|p2a: Posada\n|move|p1a: Corviknight|Tera Blast|p2b: Mussina\n|-damage|p2b: Mussina|79\/100\n|\n|upkeep\n|\n|t:|1683156146\n|switch|p2a: A rod|Scizor, L50, M, shiny|100\/100\n|turn|3\n|\n|t:|1683156165\n|move|p2b: Mussina|Fake Out|p1b: Glimmora\n|-resisted|p1b: Glimmora\n|-damage|p1b: Glimmora|0 fnt\n|-activate|p1b: Glimmora|ability: Toxic Debris\n|-sidestart|p2: PokeVoltClub|move: Toxic Spikes\n|faint|p1b: Glimmora\n|move|p1a: Corviknight|Tera Blast|p2a: A rod\n|-supereffective|p2a: A rod\n|-damage|p2a: A rod|0 fnt\n|faint|p2a: A rod\n|\n|upkeep\n|\n|t:|1683156176\n|switch|p1b: Dondozo|Dondozo, L50, F|100\/100\n|switch|p2a: Rivera|Baxcalibur, L50, M|100\/100\n|-status|p2a: Rivera|psn\n|turn|4\n|\n|t:|1683156192\n|switch|p1a: Tatsugiri|Tatsugiri, L50, F|100\/100\n|-activate|p1a: Tatsugiri|ability: Commander|[of] p1b: Dondozo\n|-boost|p1b: Dondozo|atk|2\n|-boost|p1b: Dondozo|spa|2\n|-boost|p1b: Dondozo|spe|2\n|-boost|p1b: Dondozo|def|2\n|-boost|p1b: Dondozo|spd|2\n|move|p1b: Dondozo|Earthquake|p2a: Rivera|[spread] p2a,p2b\n|-miss|p1b: Dondozo|p1a: Tatsugiri\n|-supereffective|p2b: Mussina\n|-damage|p2a: Rivera|60\/100 psn\n|-damage|p2b: Mussina|27\/100\n|move|p2a: Rivera|Glaive Rush|p1b: Dondozo\n|-damage|p1b: Dondozo|74\/100\n|-singlemove|p2a: Rivera|Glaive Rush|[silent]\n|move|p2b: Mussina|Drain Punch|p1b: Dondozo\n|-damage|p1b: Dondozo|60\/100\n|-heal|p2b: Mussina|34\/100|[from] drain|[of] p1b: Dondozo\n|\n|-damage|p2a: Rivera|47\/100 psn|[from] psn\n|upkeep\n|turn|5\n|c|\u2606titannexus|gg\n|inactive|PokeVoltClub has 30 seconds left.\n|\n|t:|1683156225\n|move|p1b: Dondozo|Earthquake|p2a: Rivera|[spread] p2a,p2b\n|-miss|p1b: Dondozo|p1a: Tatsugiri\n|-supereffective|p2b: Mussina\n|-damage|p2a: Rivera|0 fnt\n|-damage|p2b: Mussina|0 fnt\n|faint|p2a: Rivera\n|faint|p2b: Mussina\n|-end|p2b: Mussina|Quark Drive|[silent]\n|\n|win|titannexus\n|l|\u2606PokeVoltClub\n","uploadtime":1683156248,"views":7,"p1id":"titannexus","p2id":"pokevoltclub","formatid":"gen9vgc2023regulationc","rating":0,"private":0,"password":""}