{"id":"gen9vgc2023regulationc-1852777338","p1":"Bobby Seegul","p2":"izsingIV","format":"[Gen 9] VGC 2023 Regulation C","log":"|j|\u2606Bobby Seegul\n|j|\u2606izsingIV\n|t:|1682605439\n|gametype|doubles\n|player|p1|Bobby Seegul|2|1130\n|player|p2|izsingIV|giovanni|1037\n|teamsize|p1|6\n|teamsize|p2|6\n|gen|9\n|tier|[Gen 9] VGC 2023 Regulation C\n|rated|\n|rule|Species Clause: Limit one of each Pok\u00e9mon\n|rule|Item Clause: Limit one of each item\n|clearpoke\n|poke|p1|Gothitelle, L50, F|\n|poke|p1|Gyarados, L50, F|\n|poke|p1|Ting-Lu, L50|\n|poke|p1|Scream Tail, L50|\n|poke|p1|Brute Bonnet, L50|\n|poke|p1|Volcarona, L50, M|\n|poke|p2|Lycanroc-Midnight, L50, M|\n|poke|p2|Medicham, L50, F|\n|poke|p2|Dondozo, L50, F|\n|poke|p2|Ting-Lu, L50|\n|poke|p2|Tatsugiri, L50, M|\n|poke|p2|Mimikyu, L50, M|\n|teampreview|4\n|\n|t:|1682605477\n|start\n|switch|p1a: Gothitelle|Gothitelle, L50, F|100\/100\n|switch|p1b: Scream Tail|Scream Tail, L50|100\/100\n|switch|p2a: The Freaks|Lycanroc-Midnight, L50, M, shiny|100\/100\n|switch|p2b: Shawty|Medicham, L50, F|100\/100\n|-enditem|p1b: Scream Tail|Booster Energy\n|-activate|p1b: Scream Tail|ability: Protosynthesis|[fromitem]\n|-start|p1b: Scream Tail|protosynthesisspe\n|turn|1\n|\n|t:|1682605495\n|move|p2b: Shawty|Fake Out|p1b: Scream Tail\n|-damage|p1b: Scream Tail|87\/100\n|move|p1a: Gothitelle|Fake Out|p2a: The Freaks\n|-resisted|p2a: The Freaks\n|-damage|p2a: The Freaks|97\/100\n|cant|p1b: Scream Tail|flinch\n|cant|p2a: The Freaks|flinch\n|\n|upkeep\n|turn|2\n|\n|t:|1682605528\n|move|p1a: Gothitelle|Protect|p1a: Gothitelle\n|-singleturn|p1a: Gothitelle|Protect\n|move|p1b: Scream Tail|Perish Song|p1b: Scream Tail\n|-start|p1a: Gothitelle|perish3|[silent]\n|-start|p1b: Scream Tail|perish3|[silent]\n|-start|p2a: The Freaks|perish3|[silent]\n|-start|p2b: Shawty|perish3|[silent]\n|-fieldactivate|move: Perish Song\n|move|p2b: Shawty|Close Combat|p1a: Gothitelle\n|-activate|p1a: Gothitelle|move: Protect\n|move|p2a: The Freaks|Stone Edge|p1a: Gothitelle\n|-activate|p1a: Gothitelle|move: Protect\n|\n|-start|p1b: Scream Tail|perish3\n|-start|p2b: Shawty|perish3\n|-start|p2a: The Freaks|perish3\n|-start|p1a: Gothitelle|perish3\n|upkeep\n|turn|3\n|\n|t:|1682605560\n|move|p2a: The Freaks|Protect|p2a: The Freaks\n|-singleturn|p2a: The Freaks|Protect\n|move|p1b: Scream Tail|Disable|p2a: The Freaks\n|-activate|p2a: The Freaks|move: Protect\n|move|p2b: Shawty|Skill Swap|p1a: Gothitelle\n|-activate|p2b: Shawty|move: Skill Swap|Shadow Tag|Pure Power|[of] p1a: Gothitelle\n|move|p1a: Gothitelle|Hypnosis|p2a: The Freaks\n|-activate|p2a: The Freaks|move: Protect\n|\n|-start|p1b: Scream Tail|perish2\n|-start|p2b: Shawty|perish2\n|-start|p2a: The Freaks|perish2\n|-start|p1a: Gothitelle|perish2\n|upkeep\n|turn|4\n|c|\u2606Bobby Seegul|ur a cow\n|c|\u2606izsingIV|fuk urself\n|\n|t:|1682605629\n|move|p1b: Scream Tail|Play Rough|p2b: Shawty\n|-supereffective|p2b: Shawty\n|-damage|p2b: Shawty|21\/100\n|-unboost|p2b: Shawty|atk|1\n|move|p2b: Shawty|Skill Swap|p2a: The Freaks\n|-activate|p2b: Shawty|move: Skill Swap|||[of] p2a: The Freaks\n|move|p2a: The Freaks|Stone Edge|p1b: Scream Tail\n|-crit|p1b: Scream Tail\n|-damage|p1b: Scream Tail|31\/100\n|move|p1a: Gothitelle|Foul Play|p2b: Shawty\n|-damage|p2b: Shawty|0 fnt\n|faint|p2b: Shawty\n|\n|-start|p1b: Scream Tail|perish1\n|-start|p2a: The Freaks|perish1\n|-start|p1a: Gothitelle|perish1\n|upkeep\n|\n|t:|1682605652\n|switch|p2b: Toy Soldier|Tatsugiri, L50, M, shiny|100\/100\n|turn|5\n|\n|t:|1682605681\n|switch|p2b: Dough Boi|Dondozo, L50, F, shiny|100\/100\n|move|p2a: The Freaks|Protect|p2a: The Freaks\n|-singleturn|p2a: The Freaks|Protect\n|move|p1b: Scream Tail|Perish Song|p1b: Scream Tail\n|-start|p2b: Dough Boi|perish3|[silent]\n|-fieldactivate|move: Perish Song\n|move|p1a: Gothitelle|Hypnosis|p2a: The Freaks\n|-activate|p2a: The Freaks|move: Protect\n|\n|-start|p1b: Scream Tail|perish0\n|-start|p2a: The Freaks|perish0\n|-start|p2b: Dough Boi|perish3\n|faint|p1b: Scream Tail\n|-end|p1b: Scream Tail|Protosynthesis|[silent]\n|faint|p2a: The Freaks\n|-start|p1a: Gothitelle|perish0\n|upkeep\n|faint|p1a: Gothitelle\n|\n|t:|1682605698\n|switch|p1b: Brute Bonnet|Brute Bonnet, L50|100\/100\n|switch|p2a: Toy Soldier|Tatsugiri, L50, M, shiny|100\/100\n|switch|p1a: Gyarados|Gyarados, L50, F|100\/100\n|-activate|p2a: Toy Soldier|ability: Commander|[of] p2b: Dough Boi\n|-boost|p2b: Dough Boi|atk|2\n|-boost|p2b: Dough Boi|spa|2\n|-boost|p2b: Dough Boi|spe|2\n|-boost|p2b: Dough Boi|def|2\n|-boost|p2b: Dough Boi|spd|2\n|-ability|p1a: Gyarados|Intimidate|boost\n|-unboost|p2a: Toy Soldier|atk|1\n|-unboost|p2b: Dough Boi|atk|1\n|turn|6\n|\n|t:|1682605723\n|-terastallize|p2b: Dough Boi|Steel\n|move|p2b: Dough Boi|Fissure|p1b: Brute Bonnet|[miss]\n|-miss|p2b: Dough Boi|p1b: Brute Bonnet\n|move|p1a: Gyarados|Iron Head|p2b: Dough Boi\n|-resisted|p2b: Dough Boi\n|-damage|p2b: Dough Boi|96\/100\n|move|p1b: Brute Bonnet|Spore|p2b: Dough Boi\n|-status|p2b: Dough Boi|slp|[from] move: Spore\n|\n|-heal|p2b: Dough Boi|100\/100 slp|[from] item: Leftovers\n|-start|p2b: Dough Boi|perish2\n|upkeep\n|turn|7\n|-message|izsingIV forfeited.\n|\n|win|Bobby Seegul\n|raw|Bobby Seegul's rating: 1130 → 1148<\/strong> (+18 for winning)\n|raw|izsingIV's rating: 1037 → 1026<\/strong> (-11 for losing)\n|l|\u2606izsingIV\n","uploadtime":1682605600,"views":8,"p1id":"bobbyseegul","p2id":"izsingiv","formatid":"gen9vgc2023regulationc","rating":1026,"private":0,"password":""}