{"id":"gen9vgc2023regulationc-1852499882","p1":"Joe870502","p2":"seung2742","format":"[Gen 9] VGC 2023 Regulation C","log":"|j|\u2606Joe870502\n|j|\u2606seung2742\n|t:|1682565802\n|gametype|doubles\n|player|p1|Joe870502|dawn|1483\n|player|p2|seung2742|101|1381\n|teamsize|p1|6\n|teamsize|p2|6\n|gen|9\n|tier|[Gen 9] VGC 2023 Regulation C\n|rated|\n|rule|Species Clause: Limit one of each Pok\u00e9mon\n|rule|Item Clause: Limit one of each item\n|clearpoke\n|poke|p1|Corviknight, L50, M|\n|poke|p1|Flutter Mane, L50|\n|poke|p1|Murkrow, L50, M|\n|poke|p1|Chi-Yu, L50|\n|poke|p1|Sandy Shocks, L50|\n|poke|p1|Great Tusk, L50|\n|poke|p2|Amoonguss, L50, M|\n|poke|p2|Garchomp, L50, F|\n|poke|p2|Iron Bundle, L50|\n|poke|p2|Flutter Mane, L50|\n|poke|p2|Gyarados, L50, M|\n|poke|p2|Arcanine, L50, M|\n|teampreview|4\n|inactive|Battle timer is ON: inactive players will automatically lose when time's up. (requested by seung2742)\n|inactive|Joe870502 has 60 seconds left.\n|inactive|seung2742 has 60 seconds left.\n|\n|t:|1682565840\n|start\n|switch|p1a: Murkrow|Murkrow, L50, M|100\/100\n|switch|p1b: Chi-Yu|Chi-Yu, L50|100\/100\n|switch|p2a: Flutter Mane|Flutter Mane, L50|100\/100\n|switch|p2b: Iron Bundle|Iron Bundle, L50|100\/100\n|-ability|p1b: Chi-Yu|Beads of Ruin\n|-enditem|p2b: Iron Bundle|Booster Energy\n|-activate|p2b: Iron Bundle|ability: Quark Drive|[fromitem]\n|-start|p2b: Iron Bundle|quarkdrivespe\n|turn|1\n|\n|t:|1682565856\n|-terastallize|p1b: Chi-Yu|Ghost\n|move|p1a: Murkrow|Tailwind|p1a: Murkrow\n|-sidestart|p1: Joe870502|move: Tailwind\n|move|p2b: Iron Bundle|Icy Wind|p1a: Murkrow|[spread] p1a,p1b\n|-supereffective|p1a: Murkrow\n|-damage|p1a: Murkrow|43\/100\n|-damage|p1b: Chi-Yu|83\/100\n|-unboost|p1a: Murkrow|spe|1\n|-unboost|p1b: Chi-Yu|spe|1\n|move|p2a: Flutter Mane|Dazzling Gleam|p1b: Chi-Yu|[spread] p1a,p1b\n|-supereffective|p1a: Murkrow\n|-damage|p1a: Murkrow|0 fnt\n|-damage|p1b: Chi-Yu|52\/100\n|faint|p1a: Murkrow\n|move|p1b: Chi-Yu|Heat Wave|p2a: Flutter Mane|[spread] p2a,p2b\n|-damage|p2a: Flutter Mane|47\/100\n|-damage|p2b: Iron Bundle|9\/100\n|-status|p2b: Iron Bundle|brn\n|\n|-damage|p2b: Iron Bundle|3\/100 brn|[from] brn\n|upkeep\n|\n|t:|1682565871\n|switch|p1a: Flutter Mane|Flutter Mane, L50|100\/100\n|turn|2\n|\n|t:|1682565879\n|move|p1a: Flutter Mane|Dazzling Gleam|p2a: Flutter Mane|[spread] p2a,p2b\n|-damage|p2a: Flutter Mane|0 fnt\n|-damage|p2b: Iron Bundle|0 fnt\n|faint|p2a: Flutter Mane\n|-end|p2a: Flutter Mane|Protosynthesis|[silent]\n|faint|p2b: Iron Bundle\n|-end|p2b: Iron Bundle|Quark Drive|[silent]\n|-damage|p1a: Flutter Mane|91\/100|[from] item: Life Orb\n|move|p1b: Chi-Yu|Nasty Plot|p1b: Chi-Yu\n|-boost|p1b: Chi-Yu|spa|2\n|\n|upkeep\n|\n|t:|1682565883\n|switch|p2b: Gyarados|Gyarados, L50, M|100\/100\n|switch|p2a: Garchomp|Garchomp, L50, F|100\/100\n|-ability|p2b: Gyarados|Intimidate|boost\n|-unboost|p1a: Flutter Mane|atk|1\n|-unboost|p1b: Chi-Yu|atk|1\n|turn|3\n|\n|t:|1682565898\n|move|p2a: Garchomp|Protect|p2a: Garchomp\n|-singleturn|p2a: Garchomp|Protect\n|move|p1a: Flutter Mane|Shadow Ball|p2a: Garchomp\n|-activate|p2a: Garchomp|move: Protect\n|move|p1b: Chi-Yu|Dark Pulse|p2a: Garchomp\n|-activate|p2a: Garchomp|move: Protect\n|move|p2b: Gyarados|Waterfall|p1a: Flutter Mane\n|-damage|p1a: Flutter Mane|28\/100\n|\n|upkeep\n|turn|4\n|\n|t:|1682565913\n|move|p2a: Garchomp|Protect|p2a: Garchomp\n|-singleturn|p2a: Garchomp|Protect\n|move|p1a: Flutter Mane|Shadow Ball|p2a: Garchomp\n|-activate|p2a: Garchomp|move: Protect\n|move|p1b: Chi-Yu|Dark Pulse|p2a: Garchomp\n|-activate|p2a: Garchomp|move: Protect\n|move|p2b: Gyarados|Dragon Dance|p2b: Gyarados\n|-boost|p2b: Gyarados|atk|1\n|-boost|p2b: Gyarados|spe|1\n|\n|-sideend|p1: Joe870502|move: Tailwind\n|upkeep\n|turn|5\n|-message|Joe870502 forfeited.\n|\n|win|seung2742\n|raw|Joe870502's rating: 1483 → 1457<\/strong> (-26 for losing)\n|raw|seung2742's rating: 1381 → 1407<\/strong> (+26 for winning)\n|l|\u2606Joe870502\n","uploadtime":1682565928,"views":11,"p1id":"joe870502","p2id":"seung2742","formatid":"gen9vgc2023regulationc","rating":1407,"private":0,"password":""}