{"id":"gen9vgc2023regulationc-1851049328","p1":"a_wood_is_good","p2":"snaelstorm","format":"[Gen 9] VGC 2023 Regulation C","log":"|j|\u2606a_wood_is_good\n|j|\u2606snaelstorm\n|t:|1682399939\n|gametype|doubles\n|player|p1|a_wood_is_good|acetrainer-gen4dp|1343\n|player|p2|snaelstorm|dahlia|1351\n|teamsize|p1|6\n|teamsize|p2|6\n|gen|9\n|tier|[Gen 9] VGC 2023 Regulation C\n|rated|\n|rule|Species Clause: Limit one of each Pok\u00e9mon\n|rule|Item Clause: Limit one of each item\n|clearpoke\n|poke|p1|Tyranitar, L50, M|\n|poke|p1|Murkrow, L50, F|\n|poke|p1|Flutter Mane, L50|\n|poke|p1|Lycanroc, L50, F|\n|poke|p1|Chien-Pao, L50|\n|poke|p1|Iron Hands, L50|\n|poke|p2|Wo-Chien, L50|\n|poke|p2|Glimmora, L50, M|\n|poke|p2|Gyarados, L50, F|\n|poke|p2|Flutter Mane, L50|\n|poke|p2|Ceruledge, L50, F|\n|poke|p2|Garganacl, L50, F|\n|teampreview|4\nsnaelstorm has agreed to open team sheets.\na_wood_is_good has agreed to open team sheets.\n|inactive|Battle timer is ON: inactive players will automatically lose when time's up. (requested by a_wood_is_good)\n|\n|t:|1682400032\n|start\n|switch|p1a: Murkrow|Murkrow, L50, F|100\/100\n|switch|p1b: Flutter Mane|Flutter Mane, L50|100\/100\n|switch|p2a: Wo-Chien|Wo-Chien, L50|100\/100\n|switch|p2b: Garganacl|Garganacl, L50, F|100\/100\n|-ability|p2a: Wo-Chien|Tablets of Ruin\n|-enditem|p1b: Flutter Mane|Booster Energy\n|-activate|p1b: Flutter Mane|ability: Protosynthesis|[fromitem]\n|-start|p1b: Flutter Mane|protosynthesisspe\n|turn|1\n|inactive|a_wood_is_good has 30 seconds left.\n|inactive|snaelstorm has 30 seconds left.\n|inactive|a_wood_is_good has 20 seconds left.\n|inactive|a_wood_is_good has 15 seconds left.\n|inactive|a_wood_is_good has 10 seconds left.\n|\n|t:|1682400080\n|switch|p2a: Glimmora|Glimmora, L50, M|100\/100\n|-terastallize|p1b: Flutter Mane|Fairy\n|move|p1a: Murkrow|Taunt|p2a: Glimmora\n|-start|p2a: Glimmora|move: Taunt\n|move|p1b: Flutter Mane|Dazzling Gleam|p2b: Garganacl|[spread] p2a,p2b\n|-resisted|p2a: Glimmora\n|-damage|p2a: Glimmora|88\/100\n|-damage|p2b: Garganacl|68\/100\n|move|p2b: Garganacl|Salt Cure|p1a: Murkrow\n|-supereffective|p1a: Murkrow\n|-damage|p1a: Murkrow|52\/100\n|-start|p1a: Murkrow|Salt Cure\n|\n|-damage|p1a: Murkrow|40\/100|[from] Salt Cure\n|upkeep\n|turn|2\n|inactive|a_wood_is_good has 30 seconds left.\n|inactive|a_wood_is_good has 20 seconds left.\n|inactive|snaelstorm has 30 seconds left.\n|\n|t:|1682400117\n|-end|p1b: Flutter Mane|Protosynthesis|[silent]\n|switch|p1b: Tyranitar|Tyranitar, L50, M|100\/100\n|-weather|Sandstorm|[from] ability: Sand Stream|[of] p1b: Tyranitar\n|move|p1a: Murkrow|Tailwind|p1a: Murkrow\n|-sidestart|p1: a_wood_is_good|move: Tailwind\n|move|p2a: Glimmora|Mortal Spin|p1a: Murkrow|[spread] p1a,p1b\n|-resisted|p1b: Tyranitar\n|-damage|p1a: Murkrow|32\/100\n|-damage|p1b: Tyranitar|99\/100\n|-status|p1a: Murkrow|psn\n|-status|p1b: Tyranitar|psn\n|move|p2b: Garganacl|Recover|p2b: Garganacl\n|-heal|p2b: Garganacl|100\/100\n|\n|-weather|Sandstorm|[upkeep]\n|-damage|p1a: Murkrow|26\/100 psn|[from] Sandstorm\n|-damage|p1a: Murkrow|15\/100 psn|[from] psn\n|-damage|p1b: Tyranitar|86\/100 psn|[from] psn\n|-damage|p1a: Murkrow|3\/100 psn|[from] Salt Cure\n|upkeep\n|turn|3\n|inactive|a_wood_is_good has 30 seconds left.\n|inactive|snaelstorm has 30 seconds left.\n|inactive|a_wood_is_good has 20 seconds left.\n|inactive|snaelstorm has 20 seconds left.\n|inactive|a_wood_is_good has 15 seconds left.\n|\n|t:|1682400160\n|move|p1a: Murkrow|Taunt|p2b: Garganacl\n|-start|p2b: Garganacl|move: Taunt\n|move|p1b: Tyranitar|Crunch|p2a: Glimmora\n|-damage|p2a: Glimmora|20\/100\n|move|p2a: Glimmora|Venoshock|p1b: Tyranitar\n|-resisted|p1b: Tyranitar\n|-damage|p1b: Tyranitar|65\/100 psn\n|move|p2b: Garganacl|Body Press|p1b: Tyranitar\n|-supereffective|p1b: Tyranitar\n|-crit|p1b: Tyranitar\n|-damage|p1b: Tyranitar|0 fnt\n|faint|p1b: Tyranitar\n|\n|-weather|Sandstorm|[upkeep]\n|-damage|p1a: Murkrow|0 fnt|[from] Sandstorm\n|faint|p1a: Murkrow\n|-end|p2a: Glimmora|move: Taunt\n|upkeep\n|\n|t:|1682400176\n|switch|p1a: Flutter Mane|Flutter Mane, L50, tera:Fairy|100\/100\n|switch|p1b: Lycanroc|Lycanroc, L50, F|100\/100\n|turn|4\n|inactive|a_wood_is_good has 30 seconds left.\n|\n|t:|1682400205\n|move|p1b: Lycanroc|Close Combat|p2b: Garganacl\n|-supereffective|p2b: Garganacl\n|-damage|p2b: Garganacl|51\/100\n|-unboost|p1b: Lycanroc|def|1\n|-unboost|p1b: Lycanroc|spd|1\n|move|p1a: Flutter Mane|Dazzling Gleam|p2b: Garganacl|[spread] p2a,p2b\n|-resisted|p2a: Glimmora\n|-damage|p2a: Glimmora|12\/100\n|-damage|p2b: Garganacl|30\/100\n|move|p2a: Glimmora|Mortal Spin|p1a: Flutter Mane|[spread] p1a,p1b\n|-supereffective|p1a: Flutter Mane\n|-resisted|p1b: Lycanroc\n|-damage|p1a: Flutter Mane|82\/100\n|-damage|p1b: Lycanroc|95\/100\n|-status|p1a: Flutter Mane|psn\n|-status|p1b: Lycanroc|psn\n|move|p2b: Garganacl|Salt Cure|p1b: Lycanroc\n|-damage|p1b: Lycanroc|59\/100 psn\n|-start|p1b: Lycanroc|Salt Cure\n|\n|-weather|Sandstorm|[upkeep]\n|-damage|p1a: Flutter Mane|76\/100 psn|[from] Sandstorm\n|-damage|p1b: Lycanroc|48\/100 psn|[from] psn\n|-damage|p1a: Flutter Mane|64\/100 psn|[from] psn\n|-damage|p1b: Lycanroc|36\/100 psn|[from] Salt Cure\n|upkeep\n|turn|5\n|inactive|a_wood_is_good has 30 seconds left.\n|\n|t:|1682400231\n|move|p1b: Lycanroc|Rock Slide|p2a: Glimmora|[spread] p2a\n|-miss|p1b: Lycanroc|p2b: Garganacl\n|-damage|p2a: Glimmora|0 fnt\n|faint|p2a: Glimmora\n|move|p1a: Flutter Mane|Dazzling Gleam|p2b: Garganacl\n|-damage|p2b: Garganacl|0 fnt\n|faint|p2b: Garganacl\n|\n|-weather|Sandstorm|[upkeep]\n|-damage|p1a: Flutter Mane|57\/100 psn|[from] Sandstorm\n|-damage|p1b: Lycanroc|24\/100 psn|[from] psn\n|-damage|p1a: Flutter Mane|45\/100 psn|[from] psn\n|-damage|p1b: Lycanroc|12\/100 psn|[from] Salt Cure\n|-sideend|p1: a_wood_is_good|move: Tailwind\n|upkeep\n|\n|t:|1682400235\n|switch|p2a: Flutter Mane|Flutter Mane, L50|100\/100\n|switch|p2b: Wo-Chien|Wo-Chien, L50|100\/100\n|-ability|p2b: Wo-Chien|Tablets of Ruin\n|-enditem|p2a: Flutter Mane|Booster Energy\n|-activate|p2a: Flutter Mane|ability: Protosynthesis|[fromitem]\n|-start|p2a: Flutter Mane|protosynthesisspe\n|turn|6\n|inactive|a_wood_is_good has 30 seconds left.\n|\n|t:|1682400263\n|move|p2a: Flutter Mane|Protect|p2a: Flutter Mane\n|-singleturn|p2a: Flutter Mane|Protect\n|move|p2b: Wo-Chien|Protect|p2b: Wo-Chien\n|-singleturn|p2b: Wo-Chien|Protect\n|move|p1b: Lycanroc|Rock Slide|p2b: Wo-Chien|[spread] \n|-activate|p2a: Flutter Mane|move: Protect\n|-activate|p2b: Wo-Chien|move: Protect\n|move|p1a: Flutter Mane|Dazzling Gleam|p2b: Wo-Chien|[spread] \n|-activate|p2a: Flutter Mane|move: Protect\n|-activate|p2b: Wo-Chien|move: Protect\n|\n|-weather|none\n|-damage|p1b: Lycanroc|0 fnt|[from] psn\n|faint|p1b: Lycanroc\n|-damage|p1a: Flutter Mane|33\/100 psn|[from] psn\n|upkeep\n|turn|7\n|\n|t:|1682400288\n|move|p2a: Flutter Mane|Hex|p1a: Flutter Mane\n|-damage|p1a: Flutter Mane|0 fnt\n|faint|p1a: Flutter Mane\n|-end|p1a: Flutter Mane|Protosynthesis|[silent]\n|\n|win|snaelstorm\n|raw|a_wood_is_good's rating: 1343 → 1323<\/strong> (-20 for losing)\n|raw|snaelstorm's rating: 1351 → 1371<\/strong> (+20 for winning)\n|c|\u2606a_wood_is_good|gg\n|c|\u2606snaelstorm|gg\n","uploadtime":1682400296,"views":10,"p1id":"awoodisgood","p2id":"snaelstorm","formatid":"gen9vgc2023regulationc","rating":1323,"private":0,"password":""}