{"id":"gen9vgc2023regulationc-1847893804","p1":"siunhanech","p2":"TheLog2","format":"[Gen 9] VGC 2023 Regulation C","log":"|j|\u2606siunhanech\n|j|\u2606TheLog2\n|t:|1682010599\n|gametype|doubles\n|player|p1|siunhanech|2|1153\n|player|p2|TheLog2|1|1161\n|teamsize|p1|6\n|teamsize|p2|6\n|gen|9\n|tier|[Gen 9] VGC 2023 Regulation C\n|rated|\n|rule|Species Clause: Limit one of each Pok\u00e9mon\n|rule|Item Clause: Limit one of each item\n|clearpoke\n|poke|p1|Torkoal, L50, F|\n|poke|p1|Flutter Mane, L50|\n|poke|p1|Dragonite, L50, F|\n|poke|p1|Great Tusk, L50|\n|poke|p1|Meowscarada, L50, F|\n|poke|p1|Kingambit, L50, F|\n|poke|p2|Dondozo, L50, M|\n|poke|p2|Tatsugiri, L50, M|\n|poke|p2|Kilowattrel, L50, M|\n|poke|p2|Garchomp, L50, M|\n|poke|p2|Orthworm, L50, M|\n|poke|p2|Meowscarada, L50, F|\n|teampreview|4\n|inactive|Battle timer is ON: inactive players will automatically lose when time's up. (requested by TheLog2)\n|\n|t:|1682010624\n|start\n|switch|p1a: kem|Great Tusk, L50, shiny|100\/100\n|switch|p1b: krixi|Flutter Mane, L50, shiny|100\/100\n|switch|p2a: Garchomp|Garchomp, L50, M|100\/100\n|switch|p2b: Kilowattrel|Kilowattrel, L50, M|100\/100\n|turn|1\n|\n|t:|1682010649\n|-terastallize|p2a: Garchomp|Fire\n|move|p1a: kem|Rock Slide|p2a: Garchomp|[spread] p2a,p2b\n|-supereffective|p2a: Garchomp\n|-supereffective|p2b: Kilowattrel\n|-damage|p2a: Garchomp|62\/100\n|-damage|p2b: Kilowattrel|24\/100\n|move|p2b: Kilowattrel|Air Slash|p1a: kem|[miss]\n|-miss|p2b: Kilowattrel|p1a: kem\n|move|p1b: krixi|Dazzling Gleam|p2b: Kilowattrel|[spread] p2a,p2b\n|-resisted|p2a: Garchomp\n|-damage|p2a: Garchomp|34\/100\n|-damage|p2b: Kilowattrel|0 fnt\n|faint|p2b: Kilowattrel\n|move|p2a: Garchomp|Earthquake|p1a: kem|[spread] p1a,p1b\n|-damage|p1a: kem|53\/100\n|-damage|p1b: krixi|0 fnt\n|faint|p1b: krixi\n|-end|p1b: krixi|Protosynthesis|[silent]\n|\n|upkeep\n|inactive|TheLog2 has 30 seconds left.\n|\n|t:|1682010675\n|switch|p2b: Tatsugiri|Tatsugiri, L50, M|100\/100\n|switch|p1b: kame|Torkoal, L50, F, shiny|100\/100\n|-weather|SunnyDay|[from] ability: Drought|[of] p1b: kame\n|-activate|p1a: kem|ability: Protosynthesis\n|-start|p1a: kem|protosynthesisatk\n|turn|2\n|\n|t:|1682010688\n|switch|p2a: Dondozo|Dondozo, L50, M|100\/100\n|-activate|p2b: Tatsugiri|ability: Commander|[of] p2a: Dondozo\n|-boost|p2a: Dondozo|atk|2\n|-boost|p2a: Dondozo|spa|2\n|-boost|p2a: Dondozo|spe|2\n|-boost|p2a: Dondozo|def|2\n|-boost|p2a: Dondozo|spd|2\n|move|p1a: kem|Rock Slide|p2a: Dondozo|[spread] p2a\n|-miss|p1a: kem|p2b: Tatsugiri\n|-damage|p2a: Dondozo|92\/100\n|move|p1b: kame|Eruption|p2b: Tatsugiri|[spread] p2a\n|-miss|p1b: kame|p2b: Tatsugiri\n|-resisted|p2a: Dondozo\n|-damage|p2a: Dondozo|72\/100\n|\n|-weather|SunnyDay|[upkeep]\n|upkeep\n|turn|3\n|inactive|TheLog2 has 30 seconds left.\n|\n|t:|1682010717\n|move|p1a: kem|Rock Slide|p2b: Tatsugiri|[spread] p2a\n|-miss|p1a: kem|p2b: Tatsugiri\n|-damage|p2a: Dondozo|64\/100\n|move|p2a: Dondozo|Order Up|p1b: kame\n|-damage|p1b: kame|67\/100\n|-boost|p2a: Dondozo|atk|1\n|move|p1b: kame|Earth Power|p2b: Tatsugiri|[miss]\n|-miss|p1b: kame|p2b: Tatsugiri\n|\n|-weather|SunnyDay|[upkeep]\n|upkeep\n|turn|4\n|inactive|TheLog2 has 30 seconds left.\n|\n|t:|1682010745\n|move|p1a: kem|Rock Slide|p2a: Dondozo|[spread] p2a\n|-miss|p1a: kem|p2b: Tatsugiri\n|-damage|p2a: Dondozo|56\/100\n|move|p2a: Dondozo|Earthquake|p1b: kame|[spread] p1a,p1b\n|-miss|p2a: Dondozo|p2b: Tatsugiri\n|-supereffective|p1b: kame\n|-damage|p1a: kem|9\/100\n|-damage|p1b: kame|0 fnt\n|faint|p1b: kame\n|\n|-weather|SunnyDay|[upkeep]\n|upkeep\n|\n|t:|1682010755\n|switch|p1b: Ame|Meowscarada, L50, F, shiny|100\/100\n|turn|5\n|\n|t:|1682010772\n|-terastallize|p1b: Ame|Grass\n|move|p2a: Dondozo|Protect|p2a: Dondozo\n|-singleturn|p2a: Dondozo|Protect\n|move|p1a: kem|Rock Slide|p2a: Dondozo|[spread] \n|-miss|p1a: kem|p2b: Tatsugiri\n|-activate|p2a: Dondozo|move: Protect\n|move|p1b: Ame|Flower Trick|p2a: Dondozo\n|-activate|p2a: Dondozo|move: Protect\n|\n|-weather|SunnyDay|[upkeep]\n|upkeep\n|turn|6\n|c|\u2606TheLog2|\u96e8\n|\n|t:|1682010797\n|move|p1a: kem|Rock Slide|p2a: Dondozo|[spread] p2a\n|-miss|p1a: kem|p2b: Tatsugiri\n|-crit|p2a: Dondozo\n|-damage|p2a: Dondozo|30\/100\n|move|p1b: Ame|Flower Trick|p2a: Dondozo\n|-supereffective|p2a: Dondozo\n|-crit|p2a: Dondozo\n|-damage|p2a: Dondozo|0 fnt\n|faint|p2a: Dondozo\n|\n|-weather|none\n|-end|p1a: kem|Protosynthesis\n|upkeep\n|\n|t:|1682010807\n|switch|p2a: Garchomp|Garchomp, L50, M, tera:Fire|34\/100\n|turn|7\n|\n|t:|1682010832\n|move|p1a: kem|Rock Slide|p2b: Tatsugiri|[spread] p2a,p2b\n|-supereffective|p2a: Garchomp\n|-damage|p2a: Garchomp|0 fnt\n|-damage|p2b: Tatsugiri|60\/100\n|faint|p2a: Garchomp\n|cant|p2b: Tatsugiri|flinch\n|move|p1b: Ame|Flower Trick|p2b: Tatsugiri\n|-crit|p2b: Tatsugiri\n|-damage|p2b: Tatsugiri|0 fnt\n|faint|p2b: Tatsugiri\n|\n|win|siunhanech\n|raw|siunhanech's rating: 1153 → 1179<\/strong> (+26 for winning)\n|raw|TheLog2's rating: 1161 → 1135<\/strong> (-26 for losing)\n|l|\u2606TheLog2\n","uploadtime":1682011004,"views":9,"p1id":"siunhanech","p2id":"thelog2","formatid":"gen9vgc2023regulationc","rating":1135,"private":0,"password":""}