{"id":"gen9vgc2023regulationc-1848952781","p1":"Terry kloak","p2":"iiinu","format":"[Gen 9] VGC 2023 Regulation C","log":"|j|\u2606Terry kloak\n|j|\u2606iiinu\n|t:|1682130428\n|gametype|doubles\n|player|p1|Terry kloak|gentleman-gen4|1571\n|player|p2|iiinu|skyla-masters|1637\n|teamsize|p1|6\n|teamsize|p2|6\n|gen|9\n|tier|[Gen 9] VGC 2023 Regulation C\n|rated|\n|rule|Species Clause: Limit one of each Pok\u00e9mon\n|rule|Item Clause: Limit one of each item\n|clearpoke\n|poke|p1|Ceruledge, L50, F|\n|poke|p1|Orthworm, L50, M|\n|poke|p1|Ting-Lu, L50|\n|poke|p1|Dragonite, L50, F|\n|poke|p1|Iron Bundle, L50|\n|poke|p1|Grimmsnarl, L50, M|\n|poke|p2|Kilowattrel, L50, M|\n|poke|p2|Pelipper, L50, M|\n|poke|p2|Iron Jugulis, L50|\n|poke|p2|Drednaw, L50, M|\n|poke|p2|Amoonguss, L50, M|\n|poke|p2|Forretress, L50, M|\n|teampreview|4\n|inactive|Battle timer is ON: inactive players will automatically lose when time's up. (requested by iiinu)\nTerry kloak has agreed to open team sheets.\n|inactive|iiinu has 60 seconds left.\n|inactive|iiinu has 30 seconds left.\n|\n|t:|1682130489\n|start\n|switch|p1a: Grimmsnarl|Grimmsnarl, L50, M|100\/100\n|switch|p1b: Orthworm|Orthworm, L50, M|100\/100\n|switch|p2a: Pelipper|Pelipper, L50, M|100\/100\n|switch|p2b: Kilowattrel|Kilowattrel, L50, M|100\/100\n|-weather|RainDance|[from] ability: Drizzle|[of] p2a: Pelipper\n|turn|1\n|\n|t:|1682130507\n|-terastallize|p2b: Kilowattrel|Electric\n|move|p1a: Grimmsnarl|Fake Out|p2b: Kilowattrel\n|-damage|p2b: Kilowattrel|79\/100\n|cant|p2b: Kilowattrel|flinch\n|move|p2a: Pelipper|Chilling Water|p1b: Orthworm\n|-damage|p1b: Orthworm|58\/100\n|-unboost|p1b: Orthworm|atk|1\n|move|p1b: Orthworm|Shed Tail|p1b: Orthworm\n|-start|p1b: Orthworm|Substitute|[from] move: Shed Tail\n|-damage|p1b: Orthworm|8\/100\n|-enditem|p1b: Orthworm|Sitrus Berry|[eat]\n|-heal|p1b: Orthworm|33\/100|[from] item: Sitrus Berry\n|j| Piccolo Ruiz\n|\n|t:|1682130521\n|switch|p1b: Iron Bundle|Iron Bundle, L50|100\/100|[from] Shed Tail\n|-enditem|p1b: Iron Bundle|Booster Energy\n|-activate|p1b: Iron Bundle|ability: Quark Drive|[fromitem]\n|-start|p1b: Iron Bundle|quarkdrivespe\n|\n|-weather|RainDance|[upkeep]\n|upkeep\n|turn|2\n|inactive|iiinu has 30 seconds left.\n|inactive|iiinu has 20 seconds left.\n|\n|t:|1682130559\n|-terastallize|p1b: Iron Bundle|Water\n|move|p1a: Grimmsnarl|Light Screen|p1a: Grimmsnarl\n|-sidestart|p1: Terry kloak|move: Light Screen\n|move|p1b: Iron Bundle|Chilling Water|p2b: Kilowattrel\n|-damage|p2b: Kilowattrel|0 fnt\n|faint|p2b: Kilowattrel\n|move|p2a: Pelipper|Tailwind|p2a: Pelipper\n|-sidestart|p2: iiinu|move: Tailwind\n|\n|-weather|RainDance|[upkeep]\n|upkeep\n|\n|t:|1682130569\n|switch|p2b: Iron Jugulis|Iron Jugulis, L50|100\/100\n|-enditem|p2b: Iron Jugulis|Booster Energy\n|-activate|p2b: Iron Jugulis|ability: Quark Drive|[fromitem]\n|-start|p2b: Iron Jugulis|quarkdrivespe\n|turn|3\n|\n|t:|1682130581\n|move|p2b: Iron Jugulis|Snarl|p1a: Grimmsnarl|[spread] p1a,p1b\n|-resisted|p1a: Grimmsnarl\n|-damage|p1a: Grimmsnarl|97\/100\n|-damage|p1b: Iron Bundle|73\/100\n|-unboost|p1a: Grimmsnarl|spa|1\n|-unboost|p1b: Iron Bundle|spa|1\n|move|p1b: Iron Bundle|Encore|p2a: Pelipper\n|-start|p2a: Pelipper|Encore\n|move|p2a: Pelipper|Tailwind||[still]\n|-fail|p2a: Pelipper\n|move|p1a: Grimmsnarl|Spirit Break|p2b: Iron Jugulis\n|-supereffective|p2b: Iron Jugulis\n|-damage|p2b: Iron Jugulis|23\/100\n|-unboost|p2b: Iron Jugulis|spa|1\n|\n|-weather|RainDance|[upkeep]\n|upkeep\n|turn|4\n|\n|t:|1682130599\n|switch|p2a: Drednaw|Drednaw, L50, M|100\/100\n|move|p1b: Iron Bundle|Protect|p1b: Iron Bundle\n|-singleturn|p1b: Iron Bundle|Protect\n|move|p2b: Iron Jugulis|Hurricane|p1a: Grimmsnarl\n|-damage|p1a: Grimmsnarl|75\/100\n|-start|p1a: Grimmsnarl|confusion\n|-activate|p1a: Grimmsnarl|confusion\n|move|p1a: Grimmsnarl|Spirit Break|p2b: Iron Jugulis\n|-supereffective|p2b: Iron Jugulis\n|-damage|p2b: Iron Jugulis|0 fnt\n|faint|p2b: Iron Jugulis\n|-end|p2b: Iron Jugulis|Quark Drive|[silent]\n|\n|-weather|RainDance|[upkeep]\n|upkeep\n|\n|t:|1682130609\n|switch|p2b: Pelipper|Pelipper, L50, M|100\/100\n|turn|5\n|inactive|iiinu has 30 seconds left.\n|inactive|iiinu has 20 seconds left.\n|\n|t:|1682130647\n|-activate|p1a: Grimmsnarl|confusion\n|move|p1a: Grimmsnarl|Reflect|p1a: Grimmsnarl\n|-sidestart|p1: Terry kloak|Reflect\n|move|p2a: Drednaw|Rock Slide|p1b: Iron Bundle|[spread] p1a\n|-miss|p2a: Drednaw|p1b: Iron Bundle\n|-damage|p1a: Grimmsnarl|45\/100\n|move|p1b: Iron Bundle|Chilling Water|p2a: Drednaw\n|-damage|p2a: Drednaw|46\/100\n|-unboost|p2a: Drednaw|atk|1\n|move|p2b: Pelipper|Hurricane|p1b: Iron Bundle\n|-end|p1b: Iron Bundle|Substitute\n|\n|-weather|RainDance|[upkeep]\n|-sideend|p2: iiinu|move: Tailwind\n|upkeep\n|turn|6\n|inactive|Terry kloak has 30 seconds left.\n|\n|t:|1682130678\n|move|p1b: Iron Bundle|Freeze-Dry|p2a: Drednaw\n|-supereffective|p2a: Drednaw\n|-damage|p2a: Drednaw|0 fnt\n|faint|p2a: Drednaw\n|move|p2b: Pelipper|Tailwind|p2b: Pelipper\n|-sidestart|p2: iiinu|move: Tailwind\n|-activate|p1a: Grimmsnarl|confusion\n|move|p1a: Grimmsnarl|Spirit Break|p2b: Pelipper\n|-damage|p2b: Pelipper|69\/100\n|-unboost|p2b: Pelipper|spa|1\n|\n|-weather|RainDance|[upkeep]\n|upkeep\n|turn|7\n|\n|t:|1682130694\n|move|p1b: Iron Bundle|Encore|p2b: Pelipper\n|-start|p2b: Pelipper|Encore\n|move|p2b: Pelipper|Tailwind||[still]\n|-fail|p2b: Pelipper\n|-end|p1a: Grimmsnarl|confusion\n|move|p1a: Grimmsnarl|Spirit Break|p2b: Pelipper\n|-damage|p2b: Pelipper|36\/100\n|-unboost|p2b: Pelipper|spa|1\n|\n|-weather|RainDance|[upkeep]\n|upkeep\n|turn|8\n|-message|iiinu forfeited.\n|\n|win|Terry kloak\n|raw|Terry kloak's rating: 1571 → 1595<\/strong> (+24 for winning)\n|raw|iiinu's rating: 1637 → 1613<\/strong> (-24 for losing)\n","uploadtime":1682130713,"views":18,"p1id":"terrykloak","p2id":"iiinu","formatid":"gen9vgc2023regulationc","rating":1595,"private":0,"password":""}