{"id":"gen9vgc2023regulationc-1855696013","p1":"bearguy223","p2":"callmecatlord","format":"[Gen 9] VGC 2023 Regulation C","log":"|j|\u2606bearguy223\n|j|\u2606callmecatlord\n|t:|1682974128\n|gametype|doubles\n|player|p1|bearguy223|266|1169\n|player|p2|callmecatlord|gambler|1246\n|teamsize|p1|6\n|teamsize|p2|6\n|gen|9\n|tier|[Gen 9] VGC 2023 Regulation C\n|rated|\n|rule|Species Clause: Limit one of each Pok\u00e9mon\n|rule|Item Clause: Limit one of each item\n|clearpoke\n|poke|p1|Abomasnow, L50, F|\n|poke|p1|Iron Bundle, L50|\n|poke|p1|Iron Valiant, L50|\n|poke|p1|Corviknight, L50, M|\n|poke|p1|Palafin, L50, M|\n|poke|p1|Arcanine, L50, M|\n|poke|p2|Glimmora, L50, F|\n|poke|p2|Wo-Chien, L50|\n|poke|p2|Hippowdon, L50, F|\n|poke|p2|Flutter Mane, L50|\n|poke|p2|Palafin, L50, F|\n|poke|p2|Rotom-Heat, L50|\n|teampreview|4\n|\n|t:|1682974176\n|start\n|switch|p1a: Abomasnow|Abomasnow, L50, F|100\/100\n|switch|p1b: Palafin|Palafin, L50, M|100\/100\n|switch|p2a: Glimmora|Glimmora, L50, F, shiny|100\/100\n|switch|p2b: Hippowdon|Hippowdon, L50, F|100\/100\n|-weather|Snow|[from] ability: Snow Warning|[of] p1a: Abomasnow\n|-weather|Sandstorm|[from] ability: Sand Stream|[of] p2b: Hippowdon\n|turn|1\n|\n|t:|1682974211\n|switch|p1a: Arcanine|Arcanine, L50, M|100\/100\n|-ability|p1a: Arcanine|Intimidate|boost\n|-unboost|p2a: Glimmora|atk|1\n|-unboost|p2b: Hippowdon|atk|1\n|-terastallize|p1b: Palafin|Water\n|move|p1b: Palafin|Wave Crash|p2a: Glimmora\n|-supereffective|p2a: Glimmora\n|-enditem|p2a: Glimmora|Focus Sash\n|-damage|p2a: Glimmora|1\/100\n|-activate|p2a: Glimmora|ability: Toxic Debris\n|-sidestart|p1: bearguy223|move: Toxic Spikes\n|-damage|p1b: Palafin|69\/100|[from] Recoil\n|move|p2a: Glimmora|Mortal Spin|p1a: Arcanine|[spread] p1a,p1b\n|-damage|p1a: Arcanine|97\/100\n|-damage|p1b: Palafin|65\/100\n|-status|p1a: Arcanine|psn\n|-status|p1b: Palafin|psn\n|move|p2b: Hippowdon|Sand Tomb|p1a: Arcanine\n|-supereffective|p1a: Arcanine\n|-damage|p1a: Arcanine|75\/100 psn\n|-activate|p1a: Arcanine|move: Sand Tomb|[of] p2b: Hippowdon\n|\n|-weather|Sandstorm|[upkeep]\n|-damage|p1b: Palafin|59\/100 psn|[from] Sandstorm\n|-damage|p1a: Arcanine|63\/100 psn|[from] psn\n|-damage|p1b: Palafin|47\/100 psn|[from] psn\n|-damage|p1a: Arcanine|51\/100 psn|[from] move: Sand Tomb|[partiallytrapped]\n|upkeep\n|turn|2\n|\n|t:|1682974251\n|detailschange|p1b: Palafin|Palafin-Hero, L50, M, tera:Water\n|switch|p1b: Abomasnow|Abomasnow, L50, F|100\/100\n|-status|p1b: Abomasnow|psn\n|-weather|Snow|[from] ability: Snow Warning|[of] p1b: Abomasnow\n|move|p2a: Glimmora|Spiky Shield|p2a: Glimmora\n|-singleturn|p2a: Glimmora|move: Protect\n|move|p1a: Arcanine|Will-O-Wisp|p2b: Hippowdon\n|-status|p2b: Hippowdon|brn\n|move|p2b: Hippowdon|Sand Tomb|p1b: Abomasnow\n|-resisted|p1b: Abomasnow\n|-damage|p1b: Abomasnow|99\/100 psn\n|-activate|p1b: Abomasnow|move: Sand Tomb|[of] p2b: Hippowdon\n|\n|-weather|Snow|[upkeep]\n|-damage|p1a: Arcanine|39\/100 psn|[from] psn\n|-damage|p1b: Abomasnow|87\/100 psn|[from] psn\n|-damage|p2b: Hippowdon|94\/100 brn|[from] brn\n|-damage|p1a: Arcanine|27\/100 psn|[from] move: Sand Tomb|[partiallytrapped]\n|-damage|p1b: Abomasnow|75\/100 psn|[from] move: Sand Tomb|[partiallytrapped]\n|upkeep\n|turn|3\n|\n|t:|1682974286\n|switch|p2a: Rotom|Rotom-Heat, L50, shiny|100\/100\n|move|p1a: Arcanine|Snarl|p2a: Rotom|[spread] p2a,p2b\n|-damage|p2a: Rotom|90\/100\n|-damage|p2b: Hippowdon|88\/100 brn\n|-unboost|p2a: Rotom|spa|1\n|-unboost|p2b: Hippowdon|spa|1\n|move|p1b: Abomasnow|Aurora Veil|p1b: Abomasnow\n|-sidestart|p1: bearguy223|move: Aurora Veil\n|move|p2b: Hippowdon|Slack Off|p2b: Hippowdon\n|-heal|p2b: Hippowdon|100\/100 brn\n|\n|-weather|Snow|[upkeep]\n|-damage|p1a: Arcanine|15\/100 psn|[from] psn\n|-damage|p1b: Abomasnow|63\/100 psn|[from] psn\n|-damage|p2b: Hippowdon|94\/100 brn|[from] brn\n|-damage|p1a: Arcanine|3\/100 psn|[from] move: Sand Tomb|[partiallytrapped]\n|-damage|p1b: Abomasnow|50\/100 psn|[from] move: Sand Tomb|[partiallytrapped]\n|upkeep\n|turn|4\n|\n|t:|1682974306\n|move|p2b: Hippowdon|Protect|p2b: Hippowdon\n|-singleturn|p2b: Hippowdon|Protect\n|move|p1a: Arcanine|Snarl|p2b: Hippowdon|[spread] p2a\n|-activate|p2b: Hippowdon|move: Protect\n|-damage|p2a: Rotom|80\/100\n|-unboost|p2a: Rotom|spa|1\n|move|p2a: Rotom|Nasty Plot|p2a: Rotom\n|-boost|p2a: Rotom|spa|2\n|move|p1b: Abomasnow|Blizzard|p2b: Hippowdon|[spread] p2a\n|-activate|p2b: Hippowdon|move: Protect\n|-resisted|p2a: Rotom\n|-damage|p2a: Rotom|59\/100\n|\n|-weather|Snow|[upkeep]\n|-damage|p1a: Arcanine|0 fnt|[from] psn\n|faint|p1a: Arcanine\n|-damage|p1b: Abomasnow|38\/100 psn|[from] psn\n|-damage|p2b: Hippowdon|88\/100 brn|[from] brn\n|-damage|p1b: Abomasnow|26\/100 psn|[from] move: Sand Tomb|[partiallytrapped]\n|upkeep\n|\n|t:|1682974318\n|switch|p1a: Iron Bundle|Iron Bundle, L50|100\/100\n|-status|p1a: Iron Bundle|psn\n|turn|5\n|\n|t:|1682974344\n|switch|p2b: Glimmora|Glimmora, L50, F, shiny|1\/100\n|move|p2a: Rotom|Protect|p2a: Rotom\n|-singleturn|p2a: Rotom|Protect\n|move|p1a: Iron Bundle|Hydro Pump|p2a: Rotom\n|-activate|p2a: Rotom|move: Protect\n|move|p1b: Abomasnow|Blizzard|p2a: Rotom|[spread] p2b\n|-activate|p2a: Rotom|move: Protect\n|-damage|p2b: Glimmora|0 fnt\n|faint|p2b: Glimmora\n|\n|-weather|Snow|[upkeep]\n|-damage|p1a: Iron Bundle|88\/100 psn|[from] psn\n|-damage|p1b: Abomasnow|14\/100 psn|[from] psn\n|-end|p1b: Abomasnow|Sand Tomb|[partiallytrapped]|[silent]\n|upkeep\n|\n|t:|1682974366\n|switch|p2b: Hippowdon|Hippowdon, L50, F|88\/100 brn\n|-weather|Sandstorm|[from] ability: Sand Stream|[of] p2b: Hippowdon\n|turn|6\n|\n|t:|1682974396\n|switch|p1b: Palafin|Palafin-Hero, L50, M, tera:Water|47\/100 psn\n|-activate|p1b: Palafin|ability: Zero to Hero\n|move|p1a: Iron Bundle|Freeze-Dry|p2a: Rotom\n|-resisted|p2a: Rotom\n|-damage|p2a: Rotom|37\/100\n|move|p2a: Rotom|Thunderbolt|p1b: Palafin\n|-supereffective|p1b: Palafin\n|-damage|p1b: Palafin|0 fnt\n|faint|p1b: Palafin\n|move|p2b: Hippowdon|Sand Tomb|p1a: Iron Bundle|[miss]\n|-miss|p2b: Hippowdon|p1a: Iron Bundle\n|\n|-weather|Sandstorm|[upkeep]\n|-damage|p1a: Iron Bundle|82\/100 psn|[from] Sandstorm\n|-damage|p1a: Iron Bundle|70\/100 psn|[from] psn\n|-damage|p2b: Hippowdon|82\/100 brn|[from] brn\n|upkeep\n|\n|t:|1682974409\n|switch|p1b: Abomasnow|Abomasnow, L50, F|14\/100 psn\n|-weather|Snow|[from] ability: Snow Warning|[of] p1b: Abomasnow\n|turn|7\n|\n|t:|1682974424\n|-terastallize|p2b: Hippowdon|Steel\n|move|p2a: Rotom|Protect|p2a: Rotom\n|-singleturn|p2a: Rotom|Protect\n|move|p1a: Iron Bundle|Hydro Pump|p2a: Rotom\n|-activate|p2a: Rotom|move: Protect\n|move|p1b: Abomasnow|Blizzard|p2a: Rotom|[spread] p2b\n|-activate|p2a: Rotom|move: Protect\n|-resisted|p2b: Hippowdon\n|-damage|p2b: Hippowdon|69\/100 brn\n|move|p2b: Hippowdon|Sand Tomb|p1a: Iron Bundle\n|-damage|p1a: Iron Bundle|67\/100 psn\n|-activate|p1a: Iron Bundle|move: Sand Tomb|[of] p2b: Hippowdon\n|\n|-weather|Snow|[upkeep]\n|-damage|p1a: Iron Bundle|55\/100 psn|[from] psn\n|-damage|p1b: Abomasnow|2\/100 psn|[from] psn\n|-damage|p2b: Hippowdon|63\/100 brn|[from] brn\n|-damage|p1a: Iron Bundle|43\/100 psn|[from] move: Sand Tomb|[partiallytrapped]\n|-sideend|p1: bearguy223|move: Aurora Veil\n|upkeep\n|turn|8\n|-message|bearguy223 forfeited.\n|\n|win|callmecatlord\n|raw|bearguy223's rating: 1169 → 1149<\/strong> (-20 for losing)\n|raw|callmecatlord's rating: 1246 → 1266<\/strong> (+20 for winning)\n|l|\u2606bearguy223\n","uploadtime":1682974469,"views":14,"p1id":"bearguy223","p2id":"callmecatlord","formatid":"gen9vgc2023regulationc","rating":1149,"private":0,"password":""}