{"id":"gen9vgc2023regulationc-1855915998","p1":"BigBoofles","p2":"Iagordao","format":"[Gen 9] VGC 2023 Regulation C","log":"|j|\u2606BigBoofles\n|j|\u2606Iagordao\n|t:|1683000124\n|gametype|doubles\n|player|p1|BigBoofles|2|1138\n|player|p2|Iagordao|170|1106\n|teamsize|p1|6\n|teamsize|p2|6\n|gen|9\n|tier|[Gen 9] VGC 2023 Regulation C\n|rated|\n|rule|Species Clause: Limit one of each Pok\u00e9mon\n|rule|Item Clause: Limit one of each item\n|clearpoke\n|poke|p1|Clodsire, L50, M|\n|poke|p1|Dondozo, L50, F|\n|poke|p1|Rotom-Heat, L50|\n|poke|p1|Wo-Chien, L50|\n|poke|p1|Garganacl, L50, F|\n|poke|p1|Grimmsnarl, L50, M|\n|poke|p2|Annihilape, L50, M|\n|poke|p2|Chi-Yu, L50|\n|poke|p2|Wo-Chien, L50|\n|poke|p2|Hydreigon, L50, F|\n|poke|p2|Hariyama, L50, M|\n|poke|p2|Roaring Moon, L50|\n|teampreview|4\n|inactive|Battle timer is ON: inactive players will automatically lose when time's up. (requested by Iagordao)\nBigBoofles has agreed to open team sheets.\n|inactive|BigBoofles has 60 seconds left.\nIagordao rejected open team sheets.\n|\n|t:|1683000162\n|start\n|switch|p1a: LAN KING|Grimmsnarl, L50, M|100\/100\n|switch|p1b: Tookie|Dondozo, L50, F|100\/100\n|switch|p2a: Hariyama|Hariyama, L50, M|100\/100\n|switch|p2b: Roaring Moon|Roaring Moon, L50|100\/100\n|-enditem|p2b: Roaring Moon|Booster Energy\n|-activate|p2b: Roaring Moon|ability: Protosynthesis|[fromitem]\n|-start|p2b: Roaring Moon|protosynthesisatk\n|turn|1\n|inactive|BigBoofles has 30 seconds left.\n|inactive|Iagordao has 30 seconds left.\n|\n|t:|1683000200\n|-terastallize|p2b: Roaring Moon|Flying\n|move|p2a: Hariyama|Fake Out|p1a: LAN KING\n|-damage|p1a: LAN KING|85\/100\n|cant|p1a: LAN KING|flinch\n|move|p2b: Roaring Moon|Acrobatics|p1a: LAN KING\n|-damage|p1a: LAN KING|0 fnt\n|faint|p1a: LAN KING\n|move|p1b: Tookie|Curse|p1b: Tookie\n|-unboost|p1b: Tookie|spe|1\n|-boost|p1b: Tookie|atk|1\n|-boost|p1b: Tookie|def|1\n|\n|-status|p2a: Hariyama|brn|[from] item: Flame Orb\n|upkeep\n|\n|t:|1683000213\n|switch|p1a: Sin probably|Garganacl, L50, F|100\/100\n|turn|2\n|inactive|Iagordao has 30 seconds left.\n|\n|t:|1683000241\n|-terastallize|p1a: Sin probably|Ghost\n|move|p2b: Roaring Moon|Dragon Claw|p1a: Sin probably\n|-damage|p1a: Sin probably|69\/100\n|move|p2a: Hariyama|Poison Jab|p1b: Tookie\n|-damage|p1b: Tookie|84\/100\n|move|p1a: Sin probably|Salt Cure|p2b: Roaring Moon\n|-supereffective|p2b: Roaring Moon\n|-damage|p2b: Roaring Moon|64\/100\n|-start|p2b: Roaring Moon|Salt Cure\n|move|p1b: Tookie|Curse|p1b: Tookie\n|-unboost|p1b: Tookie|spe|1\n|-boost|p1b: Tookie|atk|1\n|-boost|p1b: Tookie|def|1\n|\n|-damage|p2a: Hariyama|95\/100 brn|[from] brn\n|-damage|p2b: Roaring Moon|52\/100|[from] Salt Cure\n|upkeep\n|turn|3\n|\n|t:|1683000263\n|move|p2b: Roaring Moon|Jaw Lock|p1a: Sin probably\n|-supereffective|p1a: Sin probably\n|-damage|p1a: Sin probably|1\/100\n|-activate|p2b: Roaring Moon|trapped\n|-enditem|p1a: Sin probably|Aguav Berry|[eat]\n|-heal|p1a: Sin probably|34\/100|[from] item: Aguav Berry\n|move|p2a: Hariyama|Poison Jab|p1b: Tookie\n|-damage|p1b: Tookie|70\/100\n|move|p1a: Sin probably|Recover|p1a: Sin probably\n|-heal|p1a: Sin probably|85\/100\n|move|p1b: Tookie|Curse|p1b: Tookie\n|-unboost|p1b: Tookie|spe|1\n|-boost|p1b: Tookie|atk|1\n|-boost|p1b: Tookie|def|1\n|\n|-damage|p2a: Hariyama|89\/100 brn|[from] brn\n|-damage|p2b: Roaring Moon|39\/100|[from] Salt Cure\n|upkeep\n|turn|4\n|\n|t:|1683000286\n|move|p1a: Sin probably|Protect|p1a: Sin probably\n|-singleturn|p1a: Sin probably|Protect\n|move|p2b: Roaring Moon|Jaw Lock|p1a: Sin probably\n|-activate|p1a: Sin probably|move: Protect\n|move|p2a: Hariyama|Poison Jab|p1b: Tookie\n|-damage|p1b: Tookie|60\/100\n|-status|p1b: Tookie|psn\n|move|p1b: Tookie|Liquidation|p2a: Hariyama\n|-damage|p2a: Hariyama|15\/100 brn\n|\n|-damage|p1b: Tookie|47\/100 psn|[from] psn\n|-damage|p2a: Hariyama|9\/100 brn|[from] brn\n|-damage|p2b: Roaring Moon|27\/100|[from] Salt Cure\n|upkeep\n|turn|5\n|\n|t:|1683000308\n|move|p2b: Roaring Moon|Jaw Lock|p1a: Sin probably\n|-supereffective|p1a: Sin probably\n|-damage|p1a: Sin probably|24\/100\n|move|p2a: Hariyama|Poison Jab|p1a: Sin probably\n|-resisted|p1a: Sin probably\n|-damage|p1a: Sin probably|12\/100\n|move|p1a: Sin probably|Salt Cure|p2b: Roaring Moon\n|-supereffective|p2b: Roaring Moon\n|-damage|p2b: Roaring Moon|0 fnt\n|faint|p2b: Roaring Moon\n|-end|p2b: Roaring Moon|Protosynthesis|[silent]\n|move|p1b: Tookie|Rest|p1b: Tookie\n|-status|p1b: Tookie|slp|[from] move: Rest\n|-heal|p1b: Tookie|100\/100 slp|[silent]\n|-enditem|p1b: Tookie|Chesto Berry|[eat]\n|-curestatus|p1b: Tookie|slp|[msg]\n|\n|-damage|p2a: Hariyama|3\/100 brn|[from] brn\n|upkeep\n|\n|t:|1683000324\n|switch|p2b: Wo-Chien|Wo-Chien, L50|100\/100\n|-ability|p2b: Wo-Chien|Tablets of Ruin\n|turn|6\n|\n|t:|1683000345\n|move|p2b: Wo-Chien|Ruination|p1b: Tookie\n|-damage|p1b: Tookie|51\/100\n|move|p2a: Hariyama|Poison Jab|p1a: Sin probably\n|-resisted|p1a: Sin probably\n|-damage|p1a: Sin probably|2\/100\n|move|p1a: Sin probably|Recover|p1a: Sin probably\n|-heal|p1a: Sin probably|53\/100\n|move|p1b: Tookie|Curse|p1b: Tookie\n|-unboost|p1b: Tookie|spe|1\n|-boost|p1b: Tookie|atk|1\n|-boost|p1b: Tookie|def|1\n|\n|-damage|p2a: Hariyama|0 fnt|[from] brn\n|faint|p2a: Hariyama\n|upkeep\n|\n|t:|1683000354\n|switch|p2a: Hydreigon|Hydreigon, L50, F|100\/100\n|turn|7\n|\n|t:|1683000364\n|move|p2a: Hydreigon|Dark Pulse|p1a: Sin probably\n|-supereffective|p1a: Sin probably\n|-damage|p1a: Sin probably|0 fnt\n|faint|p1a: Sin probably\n|-damage|p2a: Hydreigon|91\/100|[from] item: Life Orb\n|move|p2b: Wo-Chien|Leech Seed|p1b: Tookie\n|-start|p1b: Tookie|move: Leech Seed\n|move|p1b: Tookie|Rest|p1b: Tookie\n|-status|p1b: Tookie|slp|[from] move: Rest\n|-heal|p1b: Tookie|100\/100 slp|[silent]\n|\n|-damage|p1b: Tookie|88\/100 slp|[from] Leech Seed|[of] p2b: Wo-Chien\n|upkeep\n|\n|t:|1683000376\n|switch|p1a: Boofles|Clodsire, L50, M|100\/100\n|turn|8\n|\n|t:|1683000389\n|move|p2a: Hydreigon|Dark Pulse|p1a: Boofles\n|-damage|p1a: Boofles|72\/100\n|-damage|p2a: Hydreigon|81\/100|[from] item: Life Orb\n|move|p2b: Wo-Chien|Leech Seed|p1a: Boofles\n|-start|p1a: Boofles|move: Leech Seed\n|move|p1a: Boofles|Toxic|p2b: Wo-Chien\n|-status|p2b: Wo-Chien|tox\n|cant|p1b: Tookie|slp\n|move|p1b: Tookie|Sleep Talk|p1b: Tookie\n|move|p1b: Tookie|Liquidation|p2a: Hydreigon|[from]move: Sleep Talk\n|-resisted|p2a: Hydreigon\n|-damage|p2a: Hydreigon|46\/100\n|\n|-heal|p1a: Boofles|78\/100|[from] item: Leftovers\n|-damage|p1a: Boofles|65\/100|[from] Leech Seed|[of] p2b: Wo-Chien\n|-damage|p1b: Tookie|76\/100 slp|[from] Leech Seed|[of] p2b: Wo-Chien\n|-damage|p2b: Wo-Chien|95\/100 tox|[from] psn\n|upkeep\n|turn|9\n|\n|t:|1683000412\n|move|p2a: Hydreigon|Dark Pulse|p1b: Tookie\n|-damage|p1b: Tookie|39\/100 slp\n|-damage|p2a: Hydreigon|36\/100|[from] item: Life Orb\n|move|p2b: Wo-Chien|Taunt|p1a: Boofles\n|-start|p1a: Boofles|move: Taunt\n|cant|p1a: Boofles|move: Taunt|Recover\n|cant|p1b: Tookie|slp\n|move|p1b: Tookie|Sleep Talk|p1b: Tookie\n|move|p1b: Tookie|Rest||[from]move: Sleep Talk|[still]\n|-fail|p1b: Tookie\n|\n|-heal|p1a: Boofles|71\/100|[from] item: Leftovers\n|-damage|p1a: Boofles|59\/100|[from] Leech Seed|[of] p2b: Wo-Chien\n|-heal|p2b: Wo-Chien|100\/100 tox|[silent]\n|-damage|p1b: Tookie|27\/100 slp|[from] Leech Seed|[of] p2b: Wo-Chien\n|-damage|p2b: Wo-Chien|89\/100 tox|[from] psn\n|upkeep\n|turn|10\n|\n|t:|1683000434\n|move|p2a: Hydreigon|Dark Pulse|p1b: Tookie\n|-damage|p1b: Tookie|0 fnt\n|faint|p1b: Tookie\n|-damage|p2a: Hydreigon|27\/100|[from] item: Life Orb\n|move|p2b: Wo-Chien|Ruination|p1a: Boofles\n|-damage|p1a: Boofles|30\/100\n|move|p1a: Boofles|Stomping Tantrum|p2b: Wo-Chien\n|-resisted|p2b: Wo-Chien\n|-damage|p2b: Wo-Chien|75\/100 tox\n|\n|-heal|p1a: Boofles|36\/100|[from] item: Leftovers\n|-damage|p1a: Boofles|24\/100|[from] Leech Seed|[of] p2b: Wo-Chien\n|-heal|p2b: Wo-Chien|90\/100 tox|[silent]\n|-damage|p2b: Wo-Chien|73\/100 tox|[from] psn\n|upkeep\n|turn|11\n|\n|t:|1683000450\n|move|p2a: Hydreigon|Dark Pulse|p1a: Boofles\n|-damage|p1a: Boofles|0 fnt\n|faint|p1a: Boofles\n|-damage|p2a: Hydreigon|17\/100|[from] item: Life Orb\n|\n|win|Iagordao\n|raw|BigBoofles's rating: 1138 → 1111<\/strong> (-27 for losing)\n|raw|Iagordao's rating: 1106 → 1133<\/strong> (+27 for winning)\n","uploadtime":1683000454,"views":12,"p1id":"bigboofles","p2id":"iagordao","formatid":"gen9vgc2023regulationc","rating":1111,"private":0,"password":""}