{"id":"gen9vgc2023regulationc-1851135729","p1":"teriso169","p2":"Sharpievgc","format":"[Gen 9] VGC 2023 Regulation C","log":"|j|\u2606teriso169\n|j|\u2606Sharpievgc\n|t:|1682415133\n|gametype|doubles\n|player|p1|teriso169|hiker-gen4|1592\n|player|p2|Sharpievgc|nate|1690\n|teamsize|p1|6\n|teamsize|p2|6\n|gen|9\n|tier|[Gen 9] VGC 2023 Regulation C\n|rated|\n|rule|Species Clause: Limit one of each Pok\u00e9mon\n|rule|Item Clause: Limit one of each item\n|clearpoke\n|poke|p1|Brute Bonnet, L50|\n|poke|p1|Chien-Pao, L50|\n|poke|p1|Sandy Shocks, L50|\n|poke|p1|Ceruledge, L50, M|\n|poke|p1|Ting-Lu, L50|\n|poke|p1|Dragapult, L50, F|\n|poke|p2|Armarouge, L50, M|\n|poke|p2|Iron Hands, L50|\n|poke|p2|Indeedee-F, L50, F|\n|poke|p2|Annihilape, L50, M|\n|poke|p2|Torkoal, L50, M|\n|poke|p2|Dragapult, L50, M|\n|teampreview|4\n|inactive|Battle timer is ON: inactive players will automatically lose when time's up. (requested by teriso169)\nSharpievgc has agreed to open team sheets.\n|j| ALLen030\n|\n|t:|1682415151\n|start\n|switch|p1a: Frankie heffley|Chien-Pao, L50|100\/100\n|switch|p1b: Meggy|Dragapult, L50, F, shiny|100\/100\n|switch|p2a: Indeedee|Indeedee-F, L50, F|100\/100\n|switch|p2b: Annihilape|Annihilape, L50, M|100\/100\n|-ability|p1a: Frankie heffley|Sword of Ruin\n|-fieldstart|move: Psychic Terrain|[from] ability: Psychic Surge|[of] p2a: Indeedee\n|turn|1\n|\n|t:|1682415168\n|move|p1b: Meggy|U-turn|p2a: Indeedee\n|-supereffective|p2a: Indeedee\n|-damage|p2a: Indeedee|0 fnt\n|faint|p2a: Indeedee\n|\n|t:|1682415177\n|switch|p1b: Bowling bowl|Ting-Lu, L50|100\/100|[from] U-turn\n|-ability|p1b: Bowling bowl|Vessel of Ruin\n|move|p2b: Annihilape|Final Gambit|p1a: Frankie heffley\n|-enditem|p1a: Frankie heffley|Focus Sash\n|-damage|p1a: Frankie heffley|1\/100\n|faint|p2b: Annihilape\n|move|p1a: Frankie heffley|Ice Spinner|p2: Indeedee|[notarget]\n|-fail|p1a: Frankie heffley\n|\n|upkeep\n|\n|t:|1682415187\n|switch|p2b: Iron Hands|Iron Hands, L50|100\/100\n|switch|p2a: Torkoal|Torkoal, L50, M|100\/100\n|-weather|SunnyDay|[from] ability: Drought|[of] p2a: Torkoal\n|-enditem|p2b: Iron Hands|Booster Energy\n|-activate|p2b: Iron Hands|ability: Quark Drive|[fromitem]\n|-start|p2b: Iron Hands|quarkdriveatk\n|turn|2\n|\n|t:|1682415203\n|move|p2a: Torkoal|Protect|p2a: Torkoal\n|-singleturn|p2a: Torkoal|Protect\n|move|p1a: Frankie heffley|Ice Spinner|p2b: Iron Hands\n|-damage|p2b: Iron Hands|69\/100\n|-fieldend|move: Psychic Terrain\n|move|p1b: Bowling bowl|Stomping Tantrum|p2a: Torkoal\n|-activate|p2a: Torkoal|move: Protect\n|move|p2b: Iron Hands|Drain Punch|p1b: Bowling bowl\n|-supereffective|p1b: Bowling bowl\n|-damage|p1b: Bowling bowl|9\/100\n|-heal|p2b: Iron Hands|100\/100|[from] drain|[of] p1b: Bowling bowl\n|\n|-weather|SunnyDay|[upkeep]\n|upkeep\n|turn|3\n|\n|t:|1682415222\n|move|p2b: Iron Hands|Protect|p2b: Iron Hands\n|-singleturn|p2b: Iron Hands|Protect\n|move|p1a: Frankie heffley|Ice Spinner|p2b: Iron Hands\n|-activate|p2b: Iron Hands|move: Protect\n|move|p1b: Bowling bowl|Stomping Tantrum|p2b: Iron Hands\n|-activate|p2b: Iron Hands|move: Protect\n|move|p2a: Torkoal|Heat Wave|p1a: Frankie heffley|[spread] p1a,p1b\n|-supereffective|p1a: Frankie heffley\n|-damage|p1a: Frankie heffley|0 fnt\n|-damage|p1b: Bowling bowl|0 fnt\n|faint|p1a: Frankie heffley\n|faint|p1b: Bowling bowl\n|\n|-weather|SunnyDay|[upkeep]\n|upkeep\n|\n|t:|1682415225\n|switch|p1a: King dice|Ceruledge, L50, M, shiny|100\/100\n|switch|p1b: Meggy|Dragapult, L50, F, shiny|100\/100\n|turn|4\n|inactive|Sharpievgc has 30 seconds left.\n|inactive|Sharpievgc has 20 seconds left.\n|inactive|Sharpievgc has 15 seconds left.\n|\n|t:|1682415269\n|-terastallize|p1a: King dice|Grass\n|move|p2a: Torkoal|Protect|p2a: Torkoal\n|-singleturn|p2a: Torkoal|Protect\n|move|p1b: Meggy|Phantom Force||[still]\n|-prepare|p1b: Meggy|Phantom Force\n|move|p1a: King dice|Bulk Up|p1a: King dice\n|-boost|p1a: King dice|atk|1\n|-boost|p1a: King dice|def|1\n|move|p2b: Iron Hands|Stomping Tantrum|p1a: King dice\n|-resisted|p1a: King dice\n|-damage|p1a: King dice|88\/100\n|\n|-weather|SunnyDay|[upkeep]\n|upkeep\n|turn|5\n|\n|t:|1682415289\n|move|p1b: Meggy|Phantom Force|p2b: Iron Hands|[from]lockedmove\n|-damage|p2b: Iron Hands|55\/100\n|move|p1a: King dice|Bitter Blade|p2b: Iron Hands\n|-crit|p2b: Iron Hands\n|-damage|p2b: Iron Hands|0 fnt\n|-heal|p1a: King dice|100\/100|[from] drain|[of] p2b: Iron Hands\n|faint|p2b: Iron Hands\n|-end|p2b: Iron Hands|Quark Drive|[silent]\n|move|p2a: Torkoal|Clear Smog|p1a: King dice\n|-supereffective|p1a: King dice\n|-damage|p1a: King dice|75\/100\n|-clearboost|p1a: King dice\n|\n|-weather|SunnyDay|[upkeep]\n|upkeep\n|turn|6\n|-message|Sharpievgc forfeited.\n|\n|win|teriso169\n|raw|teriso169's rating: 1592 → 1617<\/strong> (+25 for winning)\n|raw|Sharpievgc's rating: 1690 → 1665<\/strong> (-25 for losing)\n","uploadtime":1682415302,"views":12,"p1id":"teriso169","p2id":"sharpievgc","formatid":"gen9vgc2023regulationc","rating":1617,"private":0,"password":""}