{"id":"gen9vgc2023regulationc-1852472198","p1":"supaflytnt","p2":"Accio97","format":"[Gen 9] VGC 2023 Regulation C","log":"|j|\u2606supaflytnt\n|j|\u2606Accio97\n|t:|1682561936\n|gametype|doubles\n|player|p1|supaflytnt|265|1144\n|player|p2|Accio97|102|1158\n|teamsize|p1|6\n|teamsize|p2|6\n|gen|9\n|tier|[Gen 9] VGC 2023 Regulation C\n|rated|\n|rule|Species Clause: Limit one of each Pok\u00e9mon\n|rule|Item Clause: Limit one of each item\n|clearpoke\n|poke|p1|Dragonite, L50, M|\n|poke|p1|Amoonguss, L50, M|\n|poke|p1|Chien-Pao, L50|\n|poke|p1|Iron Jugulis, L50|\n|poke|p1|Farigiraf, L50, F|\n|poke|p1|Gallade, L50, M|\n|poke|p2|Indeedee-F, L50, F|\n|poke|p2|Hatterene, L50, F|\n|poke|p2|Torkoal, L50, F|\n|poke|p2|Gyarados, L50, F|\n|poke|p2|Ting-Lu, L50|\n|poke|p2|Iron Hands, L50|\n|teampreview|4\nAccio97 has agreed to open team sheets.\nsupaflytnt has agreed to open team sheets.\n|\n|t:|1682562062\n|start\n|switch|p1a: Among who?|Amoonguss, L50, M|100\/100\n|switch|p1b: Geoffrey|Farigiraf, L50, F|100\/100\n|switch|p2a: Indeedee|Indeedee-F, L50, F, shiny|100\/100\n|switch|p2b: Iron Hands|Iron Hands, L50, shiny|100\/100\n|-fieldstart|move: Psychic Terrain|[from] ability: Psychic Surge|[of] p2a: Indeedee\n|-enditem|p2a: Indeedee|Psychic Seed\n|-boost|p2a: Indeedee|spd|1|[from] item: Psychic Seed\n|turn|1\n|inactive|Battle timer is ON: inactive players will automatically lose when time's up. (requested by supaflytnt)\n|\n|t:|1682562143\n|switch|p2a: Ting-Lu|Ting-Lu, L50|100\/100\n|-ability|p2a: Ting-Lu|Vessel of Ruin\n|-terastallize|p2b: Iron Hands|Grass\n|move|p1b: Geoffrey|Dazzling Gleam|p2a: Ting-Lu|[spread] p2a,p2b\n|-supereffective|p2a: Ting-Lu\n|-damage|p2a: Ting-Lu|83\/100\n|-damage|p2b: Iron Hands|94\/100\n|move|p2b: Iron Hands|Wild Charge|p1b: Geoffrey\n|-damage|p1b: Geoffrey|52\/100\n|-damage|p2b: Iron Hands|82\/100|[from] Recoil\n|move|p1a: Among who?|Spore|p2a: Ting-Lu\n|-status|p2a: Ting-Lu|slp|[from] move: Spore\n|-enditem|p2a: Ting-Lu|Lum Berry|[eat]\n|-curestatus|p2a: Ting-Lu|slp|[msg]\n|\n|upkeep\n|turn|2\n|inactive|supaflytnt has 30 seconds left.\n|inactive|Accio97 has 30 seconds left.\n|inactive|supaflytnt has 20 seconds left.\n|inactive|Accio97 has 20 seconds left.\n|inactive|supaflytnt has 15 seconds left.\n|inactive|Accio97 has 15 seconds left.\n|\n|t:|1682562187\n|move|p1b: Geoffrey|Dazzling Gleam|p2b: Iron Hands|[spread] p2a,p2b\n|-supereffective|p2a: Ting-Lu\n|-damage|p2a: Ting-Lu|65\/100\n|-damage|p2b: Iron Hands|76\/100\n|move|p2b: Iron Hands|Wild Charge|p1b: Geoffrey\n|-damage|p1b: Geoffrey|8\/100\n|-damage|p2b: Iron Hands|65\/100|[from] Recoil\n|move|p2a: Ting-Lu|Throat Chop|p1b: Geoffrey\n|-supereffective|p1b: Geoffrey\n|-damage|p1b: Geoffrey|0 fnt\n|faint|p1b: Geoffrey\n|move|p1a: Among who?|Spore|p2a: Ting-Lu\n|-status|p2a: Ting-Lu|slp|[from] move: Spore\n|\n|upkeep\n|\n|t:|1682562200\n|switch|p1b: Nite Nite|Dragonite, L50, M, shiny|100\/100\n|turn|3\n|inactive|Accio97 has 30 seconds left.\n|\n|t:|1682562231\n|-terastallize|p1b: Nite Nite|Flying\n|move|p1b: Nite Nite|Tera Blast|p2b: Iron Hands\n|-supereffective|p2b: Iron Hands\n|-damage|p2b: Iron Hands|0 fnt\n|faint|p2b: Iron Hands\n|-end|p2b: Iron Hands|Quark Drive|[silent]\n|cant|p2a: Ting-Lu|slp\n|move|p1a: Among who?|Spore|p2a: Ting-Lu\n|-fail|p2a: Ting-Lu|slp\n|\n|upkeep\n|\n|t:|1682562253\n|switch|p2b: Indeedee|Indeedee-F, L50, F, shiny|100\/100\n|turn|4\n|\n|t:|1682562271\n|move|p1b: Nite Nite|Tera Blast|p2b: Indeedee\n|-damage|p2b: Indeedee|36\/100\n|cant|p2a: Ting-Lu|slp\n|move|p1a: Among who?|Spore|p2a: Ting-Lu\n|-fail|p2a: Ting-Lu|slp\n|move|p2b: Indeedee|Trick Room|p2b: Indeedee\n|-fieldstart|move: Trick Room|[of] p2b: Indeedee\n|\n|upkeep\n|turn|5\n|\n|t:|1682562290\n|move|p2b: Indeedee|Helping Hand|p2a: Ting-Lu\n|-singleturn|p2a: Ting-Lu|Helping Hand|[of] p2b: Indeedee\n|move|p1a: Among who?|Spore|p2b: Indeedee\n|-status|p2b: Indeedee|slp|[from] move: Spore\n|-curestatus|p2a: Ting-Lu|slp|[msg]\n|move|p2a: Ting-Lu|Rock Slide|p1b: Nite Nite|[spread] p1a,p1b\n|-supereffective|p1b: Nite Nite\n|-damage|p1a: Among who?|73\/100\n|-damage|p1b: Nite Nite|68\/100\n|move|p1b: Nite Nite|Tera Blast|p2a: Ting-Lu\n|-damage|p2a: Ting-Lu|27\/100\n|\n|-fieldend|move: Psychic Terrain\n|upkeep\n|turn|6\n|\n|t:|1682562309\n|switch|p2b: Torkoal|Torkoal, L50, F, shiny|100\/100\n|-weather|SunnyDay|[from] ability: Drought|[of] p2b: Torkoal\n|move|p1a: Among who?|Spore|p2a: Ting-Lu\n|-status|p2a: Ting-Lu|slp|[from] move: Spore\n|cant|p2a: Ting-Lu|slp\n|move|p1b: Nite Nite|Tera Blast|p2b: Torkoal\n|-damage|p2b: Torkoal|51\/100\n|\n|-weather|SunnyDay|[upkeep]\n|upkeep\n|turn|7\n|inactive|Accio97 has 30 seconds left.\n|\n|t:|1682562338\n|switch|p2a: Indeedee|Indeedee-F, L50, F, shiny|36\/100 slp\n|-fieldstart|move: Psychic Terrain|[from] ability: Psychic Surge|[of] p2a: Indeedee\n|move|p1b: Nite Nite|Extreme Speed|p2b: Torkoal\n|-activate|p2b: Torkoal|move: Psychic Terrain\n|move|p2b: Torkoal|Heat Wave|p1b: Nite Nite|[spread] p1a,p1b\n|-supereffective|p1a: Among who?\n|-damage|p1a: Among who?|0 fnt\n|-damage|p1b: Nite Nite|16\/100\n|faint|p1a: Among who?\n|\n|-weather|SunnyDay|[upkeep]\n|upkeep\n|\n|t:|1682562349\n|switch|p1a: RicFlair|Gallade, L50, M|100\/100\n|turn|8\n|inactive|Accio97 has 30 seconds left.\n|inactive|Accio97 has 20 seconds left.\n|inactive|Accio97 has 15 seconds left.\n|inactive|Accio97 has 10 seconds left.\n|inactive|Accio97 has 5 seconds left.\n|\n|t:|1682562402\n|move|p1b: Nite Nite|Protect|p1b: Nite Nite\n|-singleturn|p1b: Nite Nite|Protect\n|move|p1a: RicFlair|Protect|p1a: RicFlair\n|-singleturn|p1a: RicFlair|Protect\n|move|p2b: Torkoal|Heat Wave|p1a: RicFlair|[spread] \n|-activate|p1a: RicFlair|move: Protect\n|-activate|p1b: Nite Nite|move: Protect\n|cant|p2a: Indeedee|slp\n|\n|-weather|SunnyDay|[upkeep]\n|-fieldend|move: Trick Room\n|upkeep\n|turn|9\n|inactive|supaflytnt has 30 seconds left.\n|inactive|Accio97 has 30 seconds left.\n|inactive|supaflytnt has 20 seconds left.\n|inactive|Accio97 has 20 seconds left.\n|\n|t:|1682562438\n|cant|p2a: Indeedee|slp\n|move|p1a: RicFlair|Sacred Sword|p2b: Torkoal\n|-damage|p2b: Torkoal|0 fnt\n|faint|p2b: Torkoal\n|move|p1b: Nite Nite|Tera Blast|p2a: Indeedee\n|-damage|p2a: Indeedee|0 fnt\n|faint|p2a: Indeedee\n|\n|-weather|SunnyDay|[upkeep]\n|upkeep\n|\n|t:|1682562448\n|switch|p2b: Ting-Lu|Ting-Lu, L50|27\/100 slp\n|-ability|p2b: Ting-Lu|Vessel of Ruin\n|turn|10\n|\n|t:|1682562455\n|move|p1a: RicFlair|Sacred Sword|p2b: Ting-Lu\n|-supereffective|p2b: Ting-Lu\n|-damage|p2b: Ting-Lu|0 fnt\n|faint|p2b: Ting-Lu\n|\n|win|supaflytnt\n|raw|supaflytnt's rating: 1144 → 1170<\/strong> (+26 for winning)\n|raw|Accio97's rating: 1158 → 1132<\/strong> (-26 for losing)\n|l|\u2606Accio97\n","uploadtime":1682562476,"views":9,"p1id":"supaflytnt","p2id":"accio97","formatid":"gen9vgc2023regulationc","rating":1132,"private":0,"password":""}