{"id":"gen9vgc2023regulationc-1863342175","p1":"BenD870","p2":"SouthCroydonSaurs","format":"[Gen 9] VGC 2023 Regulation C","log":"|j|\u2606BenD870\n|j|\u2606SouthCroydonSaurs\n|t:|1684004814\n|gametype|doubles\n|player|p1|BenD870|169|\n|player|p2|SouthCroydonSaurs|1|\n|teamsize|p1|6\n|teamsize|p2|6\n|gen|9\n|tier|[Gen 9] VGC 2023 Regulation C\n|rule|Species Clause: Limit one of each Pok\u00e9mon\n|rule|Item Clause: Limit one of each item\n|clearpoke\n|poke|p1|Naclstack, L50, M|\n|poke|p1|Tsareena, L50, F|\n|poke|p1|Grafaiai, L50, F|\n|poke|p1|Iron Bundle, L50|\n|poke|p1|Chi-Yu, L50|\n|poke|p1|Haxorus, L50, M|\n|poke|p2|Hypno, L50, F|\n|poke|p2|Breloom, L50, F|\n|poke|p2|Flutter Mane, L50|\n|poke|p2|Pelipper, L50, M|\n|poke|p2|Golduck, L50, M|\n|poke|p2|Sandy Shocks, L50|\n|teampreview|4\n|c|\u2606BenD870|G1\nBenD870 rejected open team sheets.\n|l|\u2606BenD870\n|player|p1|\n|j|\u2606BenD870\n|player|p1|BenD870|169\n|c|\u2606BenD870|Glhf!\n|j| Ciq108\n|c|\u2606SouthCroydonSaurs|sorry internet is being slow\n|c| Ciq108|May the winner ein\n|c| Ciq108|Win fuck\n|c|\u2606SouthCroydonSaurs|glhf :)\n|j| Jay Jingles\n|j| RylektVGC\n|j| anthonynn\n|c| RylektVGC|I can get your guy's replays\n|\n|t:|1684004959\n|start\n|switch|p1a: Grafaiai|Grafaiai, L50, F|100\/100\n|switch|p1b: Chi-Yu|Chi-Yu, L50|100\/100\n|switch|p2a: Breloom|Breloom, L50, F|100\/100\n|switch|p2b: Flutter Mane|Flutter Mane, L50|100\/100\n|-ability|p1b: Chi-Yu|Beads of Ruin\n|-enditem|p2b: Flutter Mane|Booster Energy\n|-activate|p2b: Flutter Mane|ability: Protosynthesis|[fromitem]\n|-start|p2b: Flutter Mane|protosynthesisspe\n|turn|1\n|c|\u2606SouthCroydonSaurs|thanks ry\n|\n|t:|1684004995\n|switch|p1b: Tsareena|Tsareena, L50, F|100\/100\n|move|p2b: Flutter Mane|Protect|p2b: Flutter Mane\n|-singleturn|p2b: Flutter Mane|Protect\n|move|p2a: Breloom|Mach Punch|p1b: Tsareena\n|-damage|p1b: Tsareena|62\/100\n|move|p1a: Grafaiai|Gunk Shot|p2b: Flutter Mane\n|-activate|p2b: Flutter Mane|move: Protect\n|\n|upkeep\n|turn|2\n|c|\u2606BenD870|Was hoping not to reveal that so soon lmao\n|\n|t:|1684005049\n|-terastallize|p2b: Flutter Mane|Poison\n|move|p2a: Breloom|Mach Punch|p1a: Grafaiai\n|-damage|p1a: Grafaiai|49\/100\n|move|p2b: Flutter Mane|Icy Wind|p1b: Tsareena|[spread] p1a,p1b\n|-supereffective|p1b: Tsareena\n|-damage|p1a: Grafaiai|27\/100\n|-damage|p1b: Tsareena|45\/100\n|-unboost|p1a: Grafaiai|spe|1\n|-unboost|p1b: Tsareena|spe|1\n|move|p1a: Grafaiai|Gunk Shot|p2a: Breloom\n|-supereffective|p2a: Breloom\n|-enditem|p2a: Breloom|Focus Sash\n|-damage|p2a: Breloom|1\/100\n|move|p1b: Tsareena|Power Whip|p2b: Flutter Mane\n|-resisted|p2b: Flutter Mane\n|-damage|p2b: Flutter Mane|39\/100\n|\n|upkeep\n|turn|3\n|\n|t:|1684005129\n|move|p2a: Breloom|Mach Punch|p1a: Grafaiai\n|-damage|p1a: Grafaiai|0 fnt\n|faint|p1a: Grafaiai\n|move|p2b: Flutter Mane|Moonblast|p1b: Tsareena\n|-damage|p1b: Tsareena|14\/100\n|-unboost|p1b: Tsareena|spa|1\n|move|p1b: Tsareena|Zen Headbutt|p2b: Flutter Mane\n|-supereffective|p2b: Flutter Mane\n|-crit|p2b: Flutter Mane\n|-damage|p2b: Flutter Mane|0 fnt\n|faint|p2b: Flutter Mane\n|-end|p2b: Flutter Mane|Protosynthesis|[silent]\n|\n|upkeep\n|j| HottieLamatie\n|\n|t:|1684005141\n|switch|p2b: Pelipper|Pelipper, L50, M|100\/100\n|switch|p1a: Chi-Yu|Chi-Yu, L50|100\/100\n|-ability|p1a: Chi-Yu|Beads of Ruin\n|-weather|RainDance|[from] ability: Drizzle|[of] p2b: Pelipper\n|turn|4\n|\n|t:|1684005157\n|-terastallize|p1a: Chi-Yu|Fairy\n|move|p2a: Breloom|Mach Punch|p1a: Chi-Yu\n|-resisted|p1a: Chi-Yu\n|-damage|p1a: Chi-Yu|75\/100\n|move|p1a: Chi-Yu|Tera Blast|p2b: Pelipper\n|-damage|p2b: Pelipper|1\/100\n|-damage|p1a: Chi-Yu|65\/100|[from] item: Life Orb\n|move|p2b: Pelipper|Hurricane|p1b: Tsareena\n|-supereffective|p1b: Tsareena\n|-damage|p1b: Tsareena|0 fnt\n|faint|p1b: Tsareena\n|\n|-weather|RainDance|[upkeep]\n|upkeep\n|\n|t:|1684005170\n|switch|p1b: Iron Bundle|Iron Bundle, L50|100\/100\n|-enditem|p1b: Iron Bundle|Booster Energy\n|-activate|p1b: Iron Bundle|ability: Quark Drive|[fromitem]\n|-start|p1b: Iron Bundle|quarkdrivespe\n|turn|5\n|\n|t:|1684005181\n|move|p1b: Iron Bundle|Protect|p1b: Iron Bundle\n|-singleturn|p1b: Iron Bundle|Protect\n|move|p2b: Pelipper|Protect|p2b: Pelipper\n|-singleturn|p2b: Pelipper|Protect\n|move|p2a: Breloom|Mach Punch|p1b: Iron Bundle\n|-activate|p1b: Iron Bundle|move: Protect\n|move|p1a: Chi-Yu|Heat Wave|p2b: Pelipper|[spread] p2a\n|-activate|p2b: Pelipper|move: Protect\n|-supereffective|p2a: Breloom\n|-damage|p2a: Breloom|0 fnt\n|faint|p2a: Breloom\n|-damage|p1a: Chi-Yu|55\/100|[from] item: Life Orb\n|\n|-weather|RainDance|[upkeep]\n|upkeep\n|\n|t:|1684005194\n|switch|p2a: Sandy Shocks|Sandy Shocks, L50|100\/100\n|turn|6\n|\n|t:|1684005202\n|move|p2a: Sandy Shocks|Protect|p2a: Sandy Shocks\n|-singleturn|p2a: Sandy Shocks|Protect\n|move|p1b: Iron Bundle|Icy Wind|p2a: Sandy Shocks|[spread] p2b\n|-activate|p2a: Sandy Shocks|move: Protect\n|-damage|p2b: Pelipper|0 fnt\n|faint|p2b: Pelipper\n|move|p1a: Chi-Yu|Tera Blast|p2a: Sandy Shocks\n|-activate|p2a: Sandy Shocks|move: Protect\n|\n|-weather|RainDance|[upkeep]\n|upkeep\n|turn|7\n|\n|t:|1684005212\n|move|p1b: Iron Bundle|Icy Wind|p2a: Sandy Shocks\n|-supereffective|p2a: Sandy Shocks\n|-damage|p2a: Sandy Shocks|16\/100\n|-unboost|p2a: Sandy Shocks|spe|1\n|move|p1a: Chi-Yu|Tera Blast|p2a: Sandy Shocks\n|-damage|p2a: Sandy Shocks|0 fnt\n|faint|p2a: Sandy Shocks\n|-end|p2a: Sandy Shocks|Protosynthesis|[silent]\n|-damage|p1a: Chi-Yu|45\/100|[from] item: Life Orb\n|\n|win|BenD870\n|c|\u2606BenD870|Gg\n|c|\u2606SouthCroydonSaurs|gg\n|l| Ciq108\n|l|\u2606BenD870\n|j|\u2606BenD870\n|player|p1|BenD870|169\n|l| anthonynn\n","uploadtime":1684005280,"views":15,"p1id":"bend870","p2id":"southcroydonsaurs","formatid":"gen9vgc2023regulationc","rating":0,"private":0,"password":""}