{"id":"gen9vgc2023regulationc-1863259238","p1":"revocolombia","p2":"Ruben1452","format":"[Gen 9] VGC 2023 Regulation C","log":"|j|\u2606revocolombia\n|j|\u2606Ruben1452\n|t:|1683994763\n|gametype|doubles\n|player|p1|revocolombia|pokemonranger-gen4|1204\n|player|p2|Ruben1452|lucas|1237\n|teamsize|p1|6\n|teamsize|p2|6\n|gen|9\n|tier|[Gen 9] VGC 2023 Regulation C\n|rated|\n|rule|Species Clause: Limit one of each Pok\u00e9mon\n|rule|Item Clause: Limit one of each item\n|clearpoke\n|poke|p1|Flutter Mane, L50|\n|poke|p1|Great Tusk, L50|\n|poke|p1|Dragonite, L50, M|\n|poke|p1|Chien-Pao, L50|\n|poke|p1|Murkrow, L50, M|\n|poke|p1|Gholdengo, L50|\n|poke|p2|Iron Hands, L50|\n|poke|p2|Flutter Mane, L50|\n|poke|p2|Torkoal, L50, M|\n|poke|p2|Dragonite, L50, F|\n|poke|p2|Gastrodon-East, L50, M|\n|poke|p2|Amoonguss, L50, M|\n|teampreview|4\n|inactive|Battle timer is ON: inactive players will automatically lose when time's up. (requested by Ruben1452)\nRuben1452 has agreed to open team sheets.\n|inactive|Ruben1452 has 60 seconds left.\n|\n|t:|1683994809\n|start\n|switch|p1a: Murkrow|Murkrow, L50, M|100\/100\n|switch|p1b: Great Tusk|Great Tusk, L50|100\/100\n|switch|p2a: Iron Hands|Iron Hands, L50|100\/100\n|switch|p2b: Torkoal|Torkoal, L50, M|100\/100\n|-weather|SunnyDay|[from] ability: Drought|[of] p2b: Torkoal\n|-activate|p1b: Great Tusk|ability: Protosynthesis\n|-start|p1b: Great Tusk|protosynthesisatk\n|turn|1\n|inactive|revocolombia has 30 seconds left.\n|\n|t:|1683994835\n|-terastallize|p1b: Great Tusk|Fire\n|move|p2a: Iron Hands|Fake Out|p1b: Great Tusk\n|-damage|p1b: Great Tusk|90\/100\n|move|p1a: Murkrow|Taunt|p2b: Torkoal\n|-start|p2b: Torkoal|move: Taunt\n|cant|p1b: Great Tusk|flinch\n|move|p2b: Torkoal|Eruption|p1a: Murkrow|[spread] p1a,p1b\n|-resisted|p1b: Great Tusk\n|-damage|p1a: Murkrow|14\/100\n|-damage|p1b: Great Tusk|29\/100\n|\n|-weather|SunnyDay|[upkeep]\n|upkeep\n|turn|2\n|\n|t:|1683994857\n|move|p1a: Murkrow|Tailwind|p1a: Murkrow\n|-sidestart|p1: revocolombia|move: Tailwind\n|move|p1b: Great Tusk|Earthquake|p2b: Torkoal|[spread] p2a,p2b\n|-immune|p1a: Murkrow\n|-supereffective|p2a: Iron Hands\n|-supereffective|p2b: Torkoal\n|-damage|p2a: Iron Hands|29\/100\n|-damage|p2b: Torkoal|16\/100\n|move|p2a: Iron Hands|Thunder Punch|p1b: Great Tusk\n|-damage|p1b: Great Tusk|0 fnt\n|faint|p1b: Great Tusk\n|-end|p1b: Great Tusk|Protosynthesis|[silent]\n|move|p2b: Torkoal|Earth Power|p1a: Murkrow\n|-immune|p1a: Murkrow\n|\n|-weather|SunnyDay|[upkeep]\n|upkeep\n|\n|t:|1683994872\n|switch|p1b: Flutter Mane|Flutter Mane, L50|100\/100\n|-activate|p1b: Flutter Mane|ability: Protosynthesis\n|-start|p1b: Flutter Mane|protosynthesisspe\n|turn|3\n|\n|t:|1683994883\n|switch|p1a: Chien-Pao|Chien-Pao, L50|100\/100\n|-ability|p1a: Chien-Pao|Sword of Ruin\n|move|p1b: Flutter Mane|Dazzling Gleam|p2a: Iron Hands|[spread] p2a,p2b\n|-supereffective|p2a: Iron Hands\n|-resisted|p2b: Torkoal\n|-damage|p2a: Iron Hands|0 fnt\n|-damage|p2b: Torkoal|0 fnt\n|faint|p2a: Iron Hands\n|-end|p2a: Iron Hands|Quark Drive|[silent]\n|faint|p2b: Torkoal\n|\n|-weather|SunnyDay|[upkeep]\n|upkeep\n|\n|t:|1683994890\n|switch|p2a: Flutter Mane|Flutter Mane, L50|100\/100\n|switch|p2b: Gastrodon|Gastrodon-East, L50, M|100\/100\n|-activate|p2a: Flutter Mane|ability: Protosynthesis\n|-start|p2a: Flutter Mane|protosynthesisspa\n|turn|4\n|\n|t:|1683994904\n|-terastallize|p2b: Gastrodon|Fire\n|move|p1b: Flutter Mane|Protect|p1b: Flutter Mane\n|-singleturn|p1b: Flutter Mane|Protect\n|move|p2a: Flutter Mane|Protect|p2a: Flutter Mane\n|-singleturn|p2a: Flutter Mane|Protect\n|move|p1a: Chien-Pao|Ice Spinner|p2a: Flutter Mane\n|-activate|p2a: Flutter Mane|move: Protect\n|move|p2b: Gastrodon|Earth Power|p1b: Flutter Mane\n|-activate|p1b: Flutter Mane|move: Protect\n|\n|-weather|SunnyDay|[upkeep]\n|upkeep\n|turn|5\n|\n|t:|1683994924\n|move|p1a: Chien-Pao|Sucker Punch|p2b: Gastrodon\n|-damage|p2b: Gastrodon|47\/100\n|move|p1b: Flutter Mane|Shadow Ball|p2a: Flutter Mane\n|-supereffective|p2a: Flutter Mane\n|-damage|p2a: Flutter Mane|4\/100\n|move|p2a: Flutter Mane|Moonblast|p1a: Chien-Pao\n|-supereffective|p1a: Chien-Pao\n|-enditem|p1a: Chien-Pao|Focus Sash\n|-damage|p1a: Chien-Pao|1\/100\n|move|p2b: Gastrodon|Earth Power|p1a: Chien-Pao\n|-damage|p1a: Chien-Pao|0 fnt\n|faint|p1a: Chien-Pao\n|\n|-weather|none\n|-end|p1b: Flutter Mane|Protosynthesis\n|-end|p2a: Flutter Mane|Protosynthesis\n|-heal|p2b: Gastrodon|54\/100|[from] item: Leftovers\n|-sideend|p1: revocolombia|move: Tailwind\n|upkeep\n|-enditem|p1b: Flutter Mane|Booster Energy\n|-activate|p1b: Flutter Mane|ability: Protosynthesis|[fromitem]\n|-start|p1b: Flutter Mane|protosynthesisspe\n|\n|t:|1683994948\n|switch|p1a: Murkrow|Murkrow, L50, M|14\/100\n|turn|6\n|\n|t:|1683994956\n|move|p2a: Flutter Mane|Protect|p2a: Flutter Mane\n|-singleturn|p2a: Flutter Mane|Protect\n|move|p1a: Murkrow|Tailwind|p1a: Murkrow\n|-sidestart|p1: revocolombia|move: Tailwind\n|move|p1b: Flutter Mane|Dazzling Gleam|p2b: Gastrodon|[spread] p2b\n|-activate|p2a: Flutter Mane|move: Protect\n|-resisted|p2b: Gastrodon\n|-damage|p2b: Gastrodon|37\/100\n|move|p2b: Gastrodon|Recover|p2b: Gastrodon\n|-heal|p2b: Gastrodon|88\/100\n|\n|-heal|p2b: Gastrodon|94\/100|[from] item: Leftovers\n|upkeep\n|turn|7\n|\n|t:|1683994971\n|move|p1a: Murkrow|Taunt|p2b: Gastrodon\n|-start|p2b: Gastrodon|move: Taunt\n|move|p1b: Flutter Mane|Dazzling Gleam|p2b: Gastrodon|[spread] p2a,p2b\n|-resisted|p2b: Gastrodon\n|-damage|p2a: Flutter Mane|0 fnt\n|-damage|p2b: Gastrodon|79\/100\n|faint|p2a: Flutter Mane\n|-end|p2a: Flutter Mane|Protosynthesis|[silent]\n|move|p2b: Gastrodon|Earth Power|p1b: Flutter Mane\n|-damage|p1b: Flutter Mane|59\/100\n|\n|-heal|p2b: Gastrodon|85\/100|[from] item: Leftovers\n|upkeep\n|turn|8\n|\n|t:|1683994988\n|move|p1a: Murkrow|Sunny Day|p1a: Murkrow\n|-weather|SunnyDay\n|move|p1b: Flutter Mane|Shadow Ball|p2b: Gastrodon\n|-damage|p2b: Gastrodon|45\/100\n|-unboost|p2b: Gastrodon|spd|1\n|move|p2b: Gastrodon|Earth Power|p1b: Flutter Mane\n|-damage|p1b: Flutter Mane|20\/100\n|\n|-weather|SunnyDay|[upkeep]\n|-heal|p2b: Gastrodon|51\/100|[from] item: Leftovers\n|upkeep\n|turn|9\n|\n|t:|1683995008\n|move|p1a: Murkrow|Tailwind||[still]\n|-fail|p1a: Murkrow\n|move|p1b: Flutter Mane|Shadow Ball|p2b: Gastrodon\n|-damage|p2b: Gastrodon|0 fnt\n|faint|p2b: Gastrodon\n|\n|win|revocolombia\n|raw|revocolombia's rating: 1204 → 1231<\/strong> (+27 for winning)\n|raw|Ruben1452's rating: 1237 → 1210<\/strong> (-27 for losing)\n|l|\u2606Ruben1452\n","uploadtime":1683995017,"views":7,"p1id":"revocolombia","p2id":"ruben1452","formatid":"gen9vgc2023regulationc","rating":1210,"private":0,"password":""}