{"id":"gen9vgc2023regulationc-1863696508","p1":"Sparna_of_Yomi","p2":"murdina","format":"[Gen 9] VGC 2023 Regulation C","log":"|j|\u2606Sparna_of_Yomi\n|j|\u2606murdina\n|t:|1684062199\n|gametype|doubles\n|player|p1|Sparna_of_Yomi|battlegirl-gen4|\n|player|p2|murdina|102|\n|teamsize|p1|6\n|teamsize|p2|6\n|gen|9\n|tier|[Gen 9] VGC 2023 Regulation C\n|rule|Species Clause: Limit one of each Pok\u00e9mon\n|rule|Item Clause: Limit one of each item\n|clearpoke\n|poke|p1|Garchomp, L50, F|\n|poke|p1|Corviknight, L50, F|\n|poke|p1|Chi-Yu, L50|\n|poke|p1|Flutter Mane, L50|\n|poke|p1|Amoonguss, L50, F|\n|poke|p1|Ting-Lu, L50|\n|poke|p2|Iron Thorns, L50|\n|poke|p2|Tyranitar, L50, F|\n|poke|p2|Chien-Pao, L50|\n|poke|p2|Houndstone, L50, M|\n|poke|p2|Annihilape, L50, M|\n|poke|p2|Sableye, L50, F|\n|teampreview|4\n|c|\u2606Sparna_of_Yomi|uh oh\nSparna_of_Yomi has agreed to open team sheets.\nmurdina has agreed to open team sheets.\n|c|\u2606murdina|XD\n|\n|t:|1684062275\n|start\n|switch|p1a: Bodacious Bill|Garchomp, L50, F|100\/100\n|switch|p1b: Sguunt Funtster|Corviknight, L50, F|100\/100\n|switch|p2a: T1|Tyranitar, L50, F|100\/100\n|switch|p2b: Sableye|Sableye, L50, F|100\/100\n|-weather|Sandstorm|[from] ability: Sand Stream|[of] p2a: T1\n|turn|1\n|\n|t:|1684062299\n|move|p2b: Sableye|Will-O-Wisp|p1b: Sguunt Funtster\n|-status|p1b: Sguunt Funtster|brn\n|move|p1a: Bodacious Bill|Earthquake|p2a: T1|[spread] p2a,p2b\n|-immune|p1b: Sguunt Funtster\n|-supereffective|p2a: T1\n|-damage|p2a: T1|27\/100\n|-damage|p2b: Sableye|49\/100\n|move|p2a: T1|Ice Beam|p1a: Bodacious Bill\n|-supereffective|p1a: Bodacious Bill\n|-damage|p1a: Bodacious Bill|0 fnt\n|faint|p1a: Bodacious Bill\n|move|p1b: Sguunt Funtster|Iron Head|p2a: T1\n|-supereffective|p2a: T1\n|-damage|p2a: T1|0 fnt\n|faint|p2a: T1\n|\n|-weather|Sandstorm|[upkeep]\n|-damage|p2b: Sableye|43\/100|[from] Sandstorm\n|-damage|p1b: Sguunt Funtster|95\/100 brn|[from] brn\n|upkeep\n|\n|t:|1684062311\n|switch|p1a: Flucci Mane|Flutter Mane, L50|100\/100\n|switch|p2a: Chien-Pao|Chien-Pao, L50|100\/100\n|-ability|p2a: Chien-Pao|Sword of Ruin\n|turn|2\n|\n|t:|1684062324\n|move|p1a: Flucci Mane|Protect|p1a: Flucci Mane\n|-singleturn|p1a: Flucci Mane|Protect\n|move|p2a: Chien-Pao|Sucker Punch||[still]\n|-fail|p2a: Chien-Pao\n|move|p2b: Sableye|Sucker Punch||[still]\n|-fail|p2b: Sableye\n|move|p1b: Sguunt Funtster|Brave Bird|p2b: Sableye\n|-damage|p2b: Sableye|1\/100\n|-damage|p1b: Sguunt Funtster|84\/100 brn|[from] Recoil\n|\n|-weather|Sandstorm|[upkeep]\n|-damage|p2a: Chien-Pao|95\/100|[from] Sandstorm\n|-damage|p1a: Flucci Mane|94\/100|[from] Sandstorm\n|-damage|p2b: Sableye|0 fnt|[from] Sandstorm\n|faint|p2b: Sableye\n|-damage|p1b: Sguunt Funtster|78\/100 brn|[from] brn\n|upkeep\n|\n|t:|1684062326\n|switch|p2b: Houndstone|Houndstone, L50, M|100\/100\n|turn|3\n|\n|t:|1684062362\n|-terastallize|p2b: Houndstone|Ghost\n|move|p1a: Flucci Mane|Protect||[still]\n|-fail|p1a: Flucci Mane\n|move|p2a: Chien-Pao|Sucker Punch||[still]\n|-fail|p2a: Chien-Pao\n|move|p2b: Houndstone|Last Respects|p1b: Sguunt Funtster\n|-damage|p1b: Sguunt Funtster|0 fnt\n|faint|p1b: Sguunt Funtster\n|\n|-weather|Sandstorm|[upkeep]\n|-damage|p2a: Chien-Pao|89\/100|[from] Sandstorm\n|-damage|p1a: Flucci Mane|88\/100|[from] Sandstorm\n|upkeep\n|\n|t:|1684062370\n|switch|p1b: Chi Fish \ud83c\udfa3|Chi-Yu, L50|100\/100\n|-ability|p1b: Chi Fish \ud83c\udfa3|Beads of Ruin\n|turn|4\n|\n|t:|1684062379\n|-terastallize|p1a: Flucci Mane|Fairy\n|move|p2a: Chien-Pao|Sucker Punch|p1b: Chi Fish \ud83c\udfa3\n|-resisted|p1b: Chi Fish \ud83c\udfa3\n|-damage|p1b: Chi Fish \ud83c\udfa3|47\/100\n|move|p2b: Houndstone|Body Press|p1b: Chi Fish \ud83c\udfa3\n|-supereffective|p1b: Chi Fish \ud83c\udfa3\n|-damage|p1b: Chi Fish \ud83c\udfa3|0 fnt\n|faint|p1b: Chi Fish \ud83c\udfa3\n|move|p1a: Flucci Mane|Dazzling Gleam|p2b: Houndstone|[spread] p2a,p2b\n|-supereffective|p2a: Chien-Pao\n|-damage|p2a: Chien-Pao|0 fnt\n|-damage|p2b: Houndstone|52\/100\n|faint|p2a: Chien-Pao\n|\n|-weather|Sandstorm|[upkeep]\n|-damage|p1a: Flucci Mane|82\/100|[from] Sandstorm\n|upkeep\n|turn|5\n|\n|t:|1684062384\n|move|p1a: Flucci Mane|Protect|p1a: Flucci Mane\n|-singleturn|p1a: Flucci Mane|Protect\n|move|p2b: Houndstone|Last Respects|p1a: Flucci Mane\n|-activate|p1a: Flucci Mane|move: Protect\n|\n|-weather|none\n|upkeep\n|turn|6\n|\n|t:|1684062389\n|move|p1a: Flucci Mane|Moonblast|p2b: Houndstone\n|-damage|p2b: Houndstone|0 fnt\n|faint|p2b: Houndstone\n|\n|win|Sparna_of_Yomi\n","uploadtime":1684062394,"views":12,"p1id":"sparnaofyomi","p2id":"murdina","formatid":"gen9vgc2023regulationc","rating":0,"private":0,"password":""}