{"id":"gen9vgc2023regulationc-1847950126","p1":"Abe110994","p2":"Whatever0512","format":"[Gen 9] VGC 2023 Regulation C","log":"|j|\u2606Abe110994\n|j|\u2606Whatever0512\n|t:|1682015170\n|gametype|doubles\n|player|p1|Abe110994|lucas|1264\n|player|p2|Whatever0512|170|1319\n|teamsize|p1|6\n|teamsize|p2|6\n|gen|9\n|tier|[Gen 9] VGC 2023 Regulation C\n|rated|\n|rule|Species Clause: Limit one of each Pok\u00e9mon\n|rule|Item Clause: Limit one of each item\n|clearpoke\n|poke|p1|Palafin, L50, F|\n|poke|p1|Chien-Pao, L50|\n|poke|p1|Iron Hands, L50|\n|poke|p1|Gholdengo, L50|\n|poke|p1|Pelipper, L50, F|\n|poke|p1|Amoonguss, L50, M|\n|poke|p2|Tyranitar, L50, M|\n|poke|p2|Iron Bundle, L50|\n|poke|p2|Great Tusk, L50|\n|poke|p2|Talonflame, L50, M|\n|poke|p2|Gothitelle, L50, F|\n|poke|p2|Flutter Mane, L50|\n|teampreview|4\nAbe110994 has agreed to open team sheets.\nWhatever0512 has agreed to open team sheets.\n|\n|t:|1682015243\n|start\n|switch|p1a: Iron Hands|Iron Hands, L50|100\/100\n|switch|p1b: Gholdengo|Gholdengo, L50|100\/100\n|switch|p2a: Gothitelle|Gothitelle, L50, F|100\/100\n|switch|p2b: Iron Bundle|Iron Bundle, L50, shiny|100\/100\n|-enditem|p2b: Iron Bundle|Booster Energy\n|-activate|p2b: Iron Bundle|ability: Quark Drive|[fromitem]\n|-start|p2b: Iron Bundle|quarkdrivespe\n|turn|1\n|\n|t:|1682015288\n|move|p2a: Gothitelle|Fake Out|p1a: Iron Hands\n|-damage|p1a: Iron Hands|97\/100\n|cant|p1a: Iron Hands|flinch\n|move|p2b: Iron Bundle|Hydro Pump|p1b: Gholdengo\n|-damage|p1b: Gholdengo|44\/100\n|move|p1b: Gholdengo|Nasty Plot|p1b: Gholdengo\n|-boost|p1b: Gholdengo|spa|2\n|\n|-heal|p1b: Gholdengo|50\/100|[from] item: Leftovers\n|upkeep\n|turn|2\n|\n|t:|1682015316\n|-terastallize|p2b: Iron Bundle|Ice\n|move|p1b: Gholdengo|Protect|p1b: Gholdengo\n|-singleturn|p1b: Gholdengo|Protect\n|move|p2b: Iron Bundle|Freeze-Dry|p1b: Gholdengo\n|-activate|p1b: Gholdengo|move: Protect\n|move|p2a: Gothitelle|Psychic|p1a: Iron Hands\n|-supereffective|p1a: Iron Hands\n|-damage|p1a: Iron Hands|65\/100\n|move|p1a: Iron Hands|Drain Punch|p2b: Iron Bundle\n|-supereffective|p2b: Iron Bundle\n|-damage|p2b: Iron Bundle|8\/100\n|-heal|p1a: Iron Hands|93\/100|[from] drain|[of] p2b: Iron Bundle\n|\n|-heal|p1b: Gholdengo|57\/100|[from] item: Leftovers\n|upkeep\n|turn|3\n|\n|t:|1682015344\n|-terastallize|p1b: Gholdengo|Water\n|move|p2b: Iron Bundle|Hydro Pump|p1b: Gholdengo\n|-resisted|p1b: Gholdengo\n|-damage|p1b: Gholdengo|29\/100\n|move|p1b: Gholdengo|Nasty Plot|p1b: Gholdengo\n|-boost|p1b: Gholdengo|spa|2\n|move|p2a: Gothitelle|Psychic|p1b: Gholdengo\n|-damage|p1b: Gholdengo|0 fnt\n|faint|p1b: Gholdengo\n|move|p1a: Iron Hands|Volt Switch|p2b: Iron Bundle\n|-damage|p2b: Iron Bundle|0 fnt\n|faint|p2b: Iron Bundle\n|-end|p2b: Iron Bundle|Quark Drive|[silent]\n|\n|t:|1682015359\n|-end|p1a: Iron Hands|Quark Drive|[silent]\n|switch|p1a: Amoonguss|Amoonguss, L50, M|100\/100|[from] Volt Switch\n|\n|upkeep\n|\n|t:|1682015368\n|switch|p2b: Flutter Mane|Flutter Mane, L50|100\/100\n|switch|p1b: Chien-Pao|Chien-Pao, L50|100\/100\n|-ability|p1b: Chien-Pao|Sword of Ruin\n|turn|4\n|\n|t:|1682015386\n|move|p1b: Chien-Pao|Protect|p1b: Chien-Pao\n|-singleturn|p1b: Chien-Pao|Protect\n|move|p2b: Flutter Mane|Dazzling Gleam|p1b: Chien-Pao|[spread] p1a\n|-activate|p1b: Chien-Pao|move: Protect\n|-resisted|p1a: Amoonguss\n|-damage|p1a: Amoonguss|81\/100\n|move|p2a: Gothitelle|Taunt|p1a: Amoonguss\n|-start|p1a: Amoonguss|move: Taunt\n|cant|p1a: Amoonguss|move: Taunt|Spore\n|\n|upkeep\n|turn|5\n|\n|t:|1682015404\n|switch|p2a: Tyranitar|Tyranitar, L50, M|100\/100\n|-weather|Sandstorm|[from] ability: Sand Stream|[of] p2a: Tyranitar\n|move|p1b: Chien-Pao|Sucker Punch|p2b: Flutter Mane\n|-damage|p2b: Flutter Mane|33\/100\n|move|p2b: Flutter Mane|Dazzling Gleam|p1a: Amoonguss|[spread] p1a,p1b\n|-resisted|p1a: Amoonguss\n|-crit|p1a: Amoonguss\n|-supereffective|p1b: Chien-Pao\n|-damage|p1a: Amoonguss|54\/100\n|-enditem|p1b: Chien-Pao|Focus Sash\n|-damage|p1b: Chien-Pao|1\/100\n|move|p1a: Amoonguss|Pollen Puff|p1b: Chien-Pao\n|-heal|p1b: Chien-Pao|51\/100\n|\n|-weather|Sandstorm|[upkeep]\n|-damage|p1b: Chien-Pao|45\/100|[from] Sandstorm\n|-damage|p2b: Flutter Mane|28\/100|[from] Sandstorm\n|-damage|p1a: Amoonguss|48\/100|[from] Sandstorm\n|-enditem|p1a: Amoonguss|Sitrus Berry|[eat]\n|-heal|p1a: Amoonguss|73\/100|[from] item: Sitrus Berry\n|upkeep\n|turn|6\n|\n|t:|1682015439\n|switch|p2a: Gothitelle|Gothitelle, L50, F|100\/100\n|move|p1b: Chien-Pao|Protect|p1b: Chien-Pao\n|-singleturn|p1b: Chien-Pao|Protect\n|move|p2b: Flutter Mane|Dazzling Gleam|p1b: Chien-Pao|[spread] p1a\n|-activate|p1b: Chien-Pao|move: Protect\n|-resisted|p1a: Amoonguss\n|-damage|p1a: Amoonguss|55\/100\n|move|p1a: Amoonguss|Pollen Puff|p2b: Flutter Mane\n|-resisted|p2b: Flutter Mane\n|-damage|p2b: Flutter Mane|24\/100\n|\n|-weather|Sandstorm|[upkeep]\n|-damage|p1b: Chien-Pao|39\/100|[from] Sandstorm\n|-damage|p2b: Flutter Mane|18\/100|[from] Sandstorm\n|-damage|p2a: Gothitelle|95\/100|[from] Sandstorm\n|-damage|p1a: Amoonguss|49\/100|[from] Sandstorm\n|-end|p1a: Amoonguss|move: Taunt\n|upkeep\n|turn|7\n|\n|t:|1682015461\n|-end|p2b: Flutter Mane|Protosynthesis|[silent]\n|switch|p2b: Tyranitar|Tyranitar, L50, M|100\/100\n|move|p1b: Chien-Pao|Sucker Punch||[still]\n|-fail|p1b: Chien-Pao\n|move|p2a: Gothitelle|Taunt|p1a: Amoonguss\n|-start|p1a: Amoonguss|move: Taunt\n|move|p1a: Amoonguss|Pollen Puff|p1b: Chien-Pao\n|-heal|p1b: Chien-Pao|89\/100\n|\n|-weather|Sandstorm|[upkeep]\n|-damage|p1b: Chien-Pao|83\/100|[from] Sandstorm\n|-damage|p2a: Gothitelle|89\/100|[from] Sandstorm\n|-damage|p1a: Amoonguss|43\/100|[from] Sandstorm\n|upkeep\n|turn|8\n|\n|t:|1682015479\n|switch|p2b: Flutter Mane|Flutter Mane, L50|18\/100\n|move|p1b: Chien-Pao|Ice Spinner|p2b: Flutter Mane\n|-damage|p2b: Flutter Mane|0 fnt\n|faint|p2b: Flutter Mane\n|-end|p2b: Flutter Mane|Protosynthesis|[silent]\n|move|p2a: Gothitelle|Thunder Wave|p1b: Chien-Pao|[miss]\n|-miss|p2a: Gothitelle|p1b: Chien-Pao\n|move|p1a: Amoonguss|Pollen Puff|p1b: Chien-Pao\n|-heal|p1b: Chien-Pao|100\/100\n|\n|-weather|Sandstorm|[upkeep]\n|-damage|p1b: Chien-Pao|95\/100|[from] Sandstorm\n|-damage|p2a: Gothitelle|83\/100|[from] Sandstorm\n|-damage|p1a: Amoonguss|37\/100|[from] Sandstorm\n|upkeep\n|\n|t:|1682015484\n|switch|p2b: Tyranitar|Tyranitar, L50, M|100\/100\n|turn|9\n|\n|t:|1682015505\n|move|p1b: Chien-Pao|Ice Spinner|p2b: Tyranitar\n|-damage|p2b: Tyranitar|53\/100\n|move|p2b: Tyranitar|Rock Slide|p1a: Amoonguss|[spread] p1a,p1b\n|-supereffective|p1b: Chien-Pao\n|-damage|p1a: Amoonguss|4\/100\n|-damage|p1b: Chien-Pao|6\/100\n|move|p2a: Gothitelle|Psychic|p1b: Chien-Pao\n|-immune|p1b: Chien-Pao\n|move|p1a: Amoonguss|Pollen Puff|p1b: Chien-Pao\n|-heal|p1b: Chien-Pao|55\/100\n|\n|-weather|none\n|-end|p1a: Amoonguss|move: Taunt\n|upkeep\n|turn|10\n|\n|t:|1682015533\n|move|p1b: Chien-Pao|Ice Spinner|p2b: Tyranitar\n|-damage|p2b: Tyranitar|6\/100\n|move|p2b: Tyranitar|Rock Slide|p1a: Amoonguss|[spread] p1a,p1b\n|-supereffective|p1b: Chien-Pao\n|-damage|p1a: Amoonguss|0 fnt\n|-damage|p1b: Chien-Pao|0 fnt\n|faint|p1a: Amoonguss\n|faint|p1b: Chien-Pao\n|move|p2a: Gothitelle|Psychic|p1: Amoonguss|[notarget]\n|-fail|p2a: Gothitelle\n|\n|upkeep\n|\n|t:|1682015545\n|switch|p1b: Iron Hands|Iron Hands, L50|93\/100\n|turn|11\n|\n|t:|1682015570\n|move|p2b: Tyranitar|Low Kick|p1b: Iron Hands\n|-damage|p1b: Iron Hands|61\/100\n|move|p2a: Gothitelle|Psychic|p1b: Iron Hands\n|-supereffective|p1b: Iron Hands\n|-damage|p1b: Iron Hands|30\/100\n|-unboost|p1b: Iron Hands|spd|1\n|move|p1b: Iron Hands|Volt Switch|p2b: Tyranitar\n|-damage|p2b: Tyranitar|0 fnt\n|faint|p2b: Tyranitar\n|\n|upkeep\n|turn|12\n|c|\u2606Whatever0512|gg\n|\n|t:|1682015586\n|move|p2a: Gothitelle|Psychic|p1b: Iron Hands\n|-supereffective|p1b: Iron Hands\n|-damage|p1b: Iron Hands|0 fnt\n|faint|p1b: Iron Hands\n|-end|p1b: Iron Hands|Quark Drive|[silent]\n|\n|win|Whatever0512\n|raw|Abe110994's rating: 1264 → 1243<\/strong> (-21 for losing)\n|raw|Whatever0512's rating: 1319 → 1336<\/strong> (+17 for winning)\n|l|\u2606Abe110994\n","uploadtime":1682015631,"views":8,"p1id":"abe110994","p2id":"whatever0512","formatid":"gen9vgc2023regulationc","rating":1243,"private":0,"password":""}