{"id":"gen9vgc2023regulationc-1849488022","p1":"Gr4mmar","p2":"daltdalt2236","format":"[Gen 9] VGC 2023 Regulation C","log":"|j|\u2606Gr4mmar\n|j|\u2606daltdalt2236\n|t:|1682204349\n|gametype|doubles\n|player|p1|Gr4mmar|1|1000\n|player|p2|daltdalt2236|266|1000\n|teamsize|p1|6\n|teamsize|p2|6\n|gen|9\n|tier|[Gen 9] VGC 2023 Regulation C\n|rated|\n|rule|Species Clause: Limit one of each Pok\u00e9mon\n|rule|Item Clause: Limit one of each item\n|clearpoke\n|poke|p1|Tauros-Paldea-Blaze, L50, M|\n|poke|p1|Froslass, L50, F|\n|poke|p1|Indeedee-F, L50, F|\n|poke|p1|Ditto, L50|\n|poke|p1|Flamigo, L50, F|\n|poke|p1|Espathra, L50, F|\n|poke|p2|Copperajah, L50, M|\n|poke|p2|Garganacl, L50, M|\n|poke|p2|Appletun, L50, M|\n|poke|p2|Clodsire, L50, F|\n|poke|p2|Wo-Chien, L50|\n|poke|p2|Chi-Yu, L50|\n|teampreview|4\n|inactive|Battle timer is ON: inactive players will automatically lose when time's up. (requested by daltdalt2236)\n|inactive|Gr4mmar also wants the timer to be on.\nGr4mmar rejected open team sheets.\n|c|\u2606Gr4mmar|glhf\n|inactive|Gr4mmar has 60 seconds left.\n|\n|t:|1682204388\n|start\n|switch|p1a: Tauros|Tauros-Paldea-Blaze, L50, M|100\/100\n|switch|p1b: Froslass|Froslass, L50, F|100\/100\n|switch|p2a: Wo-Chien|Wo-Chien, L50|100\/100\n|switch|p2b: Garganacl|Garganacl, L50, M|100\/100\n|-ability|p2a: Wo-Chien|Tablets of Ruin\n|turn|1\n|\n|t:|1682204406\n|-terastallize|p2a: Wo-Chien|Dark\n|move|p1a: Tauros|Endure|p1a: Tauros\n|-singleturn|p1a: Tauros|move: Endure\n|move|p1b: Froslass|Frost Breath|p1a: Tauros\n|-resisted|p1a: Tauros\n|-crit|p1a: Tauros\n|-damage|p1a: Tauros|85\/100\n|-setboost|p1a: Tauros|atk|6|[from] ability: Anger Point\n|move|p2a: Wo-Chien|Leech Seed|p1a: Tauros\n|-start|p1a: Tauros|move: Leech Seed\n|move|p2b: Garganacl|Salt Cure|p1a: Tauros\n|-damage|p1a: Tauros|72\/100\n|\n|-damage|p1a: Tauros|60\/100|[from] Leech Seed|[of] p2a: Wo-Chien\n|upkeep\n|turn|2\n|inactive|Gr4mmar has 30 seconds left.\n|\n|t:|1682204437\n|move|p2a: Wo-Chien|Protect|p2a: Wo-Chien\n|-singleturn|p2a: Wo-Chien|Protect\n|move|p1b: Froslass|Taunt|p2a: Wo-Chien\n|-activate|p2a: Wo-Chien|move: Protect\n|move|p1a: Tauros|Earthquake|p2b: Garganacl|[spread] p1b,p2b\n|-activate|p2a: Wo-Chien|move: Protect\n|-supereffective|p2b: Garganacl\n|-damage|p1b: Froslass|13\/100\n|-damage|p2b: Garganacl|23\/100\n|move|p2b: Garganacl|Salt Cure|p1b: Froslass\n|-supereffective|p1b: Froslass\n|-damage|p1b: Froslass|0 fnt\n|faint|p1b: Froslass\n|\n|-heal|p2b: Garganacl|29\/100|[from] item: Leftovers\n|-damage|p1a: Tauros|48\/100|[from] Leech Seed|[of] p2a: Wo-Chien\n|upkeep\n|\n|t:|1682204455\n|switch|p1b: Flamigo|Flamigo, L50, F|100\/100\n|-copyboost|p1b: Flamigo|p1a: Tauros|[from] ability: Costar\n|turn|3\n|\n|t:|1682204474\n|move|p2b: Garganacl|Protect|p2b: Garganacl\n|-singleturn|p2b: Garganacl|Protect\n|move|p1b: Flamigo|Close Combat|p2a: Wo-Chien\n|-supereffective|p2a: Wo-Chien\n|-damage|p2a: Wo-Chien|0 fnt\n|-unboost|p1b: Flamigo|def|1\n|-unboost|p1b: Flamigo|spd|1\n|faint|p2a: Wo-Chien\n|move|p1a: Tauros|Earthquake|p2b: Garganacl|[spread] \n|-activate|p2b: Garganacl|move: Protect\n|-immune|p1b: Flamigo\n|\n|-heal|p2b: Garganacl|35\/100|[from] item: Leftovers\n|upkeep\n|\n|t:|1682204488\n|switch|p2a: Appletun|Appletun, L50, M|100\/100\n|turn|4\n|\n|t:|1682204496\n|move|p1b: Flamigo|Close Combat|p2a: Appletun\n|-damage|p2a: Appletun|0 fnt\n|-unboost|p1b: Flamigo|def|1\n|-unboost|p1b: Flamigo|spd|1\n|faint|p2a: Appletun\n|move|p1a: Tauros|Earthquake|p2b: Garganacl|[spread] p2b\n|-immune|p1b: Flamigo\n|-supereffective|p2b: Garganacl\n|-damage|p2b: Garganacl|0 fnt\n|faint|p2b: Garganacl\n|\n|upkeep\n|\n|t:|1682204509\n|switch|p2b: Clodsire|Clodsire, L50, F|100\/100\n|turn|5\n|\n|t:|1682204515\n|move|p1b: Flamigo|Close Combat|p2b: Clodsire\n|-resisted|p2b: Clodsire\n|-crit|p2b: Clodsire\n|-damage|p2b: Clodsire|0 fnt\n|-unboost|p1b: Flamigo|def|1\n|-unboost|p1b: Flamigo|spd|1\n|faint|p2b: Clodsire\n|\n|win|Gr4mmar\n|raw|Gr4mmar's rating: 1000 → 1040<\/strong> (+40 for winning)\n|raw|daltdalt2236's rating: 1000 → 1000<\/strong> (+0 for losing)\n|l|\u2606daltdalt2236\n|c|\u2606Gr4mmar|gg\n","uploadtime":1682204524,"views":12,"p1id":"gr4mmar","p2id":"daltdalt2236","formatid":"gen9vgc2023regulationc","rating":1000,"private":0,"password":""}