{"id":"gen9vgc2023regulationc-1862302479","p1":"Nightmare_King_VGC","p2":"micicibiqueen","format":"[Gen 9] VGC 2023 Regulation C","log":"|j|\u2606Nightmare_King_VGC\n|j|\u2606micicibiqueen\n|t:|1683862258\n|gametype|doubles\n|player|p1|Nightmare_King_VGC|veteranf|1627\n|player|p2|micicibiqueen|hilda-wonderlauncher|1803\n|teamsize|p1|6\n|teamsize|p2|6\n|gen|9\n|tier|[Gen 9] VGC 2023 Regulation C\n|rated|\n|rule|Species Clause: Limit one of each Pok\u00e9mon\n|rule|Item Clause: Limit one of each item\n|clearpoke\n|poke|p1|Iron Bundle, L50|\n|poke|p1|Dondozo, L50, F|\n|poke|p1|Tatsugiri, L50, F|\n|poke|p1|Chi-Yu, L50|\n|poke|p1|Glimmora, L50, M|\n|poke|p1|Flutter Mane, L50|\n|poke|p2|Flutter Mane, L50|\n|poke|p2|Tatsugiri, L50, M|\n|poke|p2|Talonflame, L50, F|\n|poke|p2|Dondozo, L50, M|\n|poke|p2|Kingambit, L50, M|\n|poke|p2|Indeedee-F, L50, F|\n|teampreview|4\n|j| AsianSeaTurtle\n|\n|t:|1683862290\n|start\n|switch|p1a: Glimmora|Glimmora, L50, M|100\/100\n|switch|p1b: Dondozo|Dondozo, L50, F|100\/100\n|switch|p2a: Indeedee|Indeedee-F, L50, F|100\/100\n|switch|p2b: Dondozo|Dondozo, L50, M|100\/100\n|-fieldstart|move: Psychic Terrain|[from] ability: Psychic Surge|[of] p2a: Indeedee\n|turn|1\n|\n|t:|1683862334\n|move|p1b: Dondozo|Protect|p1b: Dondozo\n|-singleturn|p1b: Dondozo|Protect\n|move|p2b: Dondozo|Protect|p2b: Dondozo\n|-singleturn|p2b: Dondozo|Protect\n|move|p1a: Glimmora|Mortal Spin|p2a: Indeedee|[spread] p2a\n|-activate|p2b: Dondozo|move: Protect\n|-damage|p2a: Indeedee|97\/100\n|-status|p2a: Indeedee|psn\n|move|p2a: Indeedee|Trick Room|p2a: Indeedee\n|-fieldstart|move: Trick Room|[of] p2a: Indeedee\n|\n|-damage|p2a: Indeedee|84\/100 psn|[from] psn\n|upkeep\n|turn|2\n|\n|t:|1683862360\n|move|p1a: Glimmora|Spiky Shield|p1a: Glimmora\n|-singleturn|p1a: Glimmora|move: Protect\n|move|p2a: Indeedee|Follow Me|p2a: Indeedee\n|-singleturn|p2a: Indeedee|move: Follow Me\n|move|p2b: Dondozo|Earthquake|p1a: Glimmora|[spread] p2a,p1b\n|-activate|p1a: Glimmora|move: Protect\n|-damage|p2a: Indeedee|63\/100 psn\n|-damage|p1b: Dondozo|84\/100\n|move|p1b: Dondozo|Yawn||[still]\n|-fail|p1b: Dondozo\n|\n|-heal|p1b: Dondozo|90\/100|[from] item: Leftovers\n|-damage|p2a: Indeedee|50\/100 psn|[from] psn\n|upkeep\n|turn|3\n|\n|t:|1683862374\n|switch|p1a: Tatsugiri|Tatsugiri, L50, F|100\/100\n|-activate|p1a: Tatsugiri|ability: Commander|[of] p1b: Dondozo\n|-boost|p1b: Dondozo|atk|2\n|-boost|p1b: Dondozo|spa|2\n|-boost|p1b: Dondozo|spe|2\n|-boost|p1b: Dondozo|def|2\n|-boost|p1b: Dondozo|spd|2\n|move|p2b: Dondozo|Rock Slide|p1b: Dondozo|[spread] \n|-miss|p2b: Dondozo|p1a: Tatsugiri\n|-miss|p2b: Dondozo|p1b: Dondozo\n|move|p2a: Indeedee|Psychic|p1a: Tatsugiri|[miss]\n|-miss|p2a: Indeedee|p1a: Tatsugiri\n|move|p1b: Dondozo|Earthquake|p2b: Dondozo|[spread] p2a,p2b\n|-miss|p1b: Dondozo|p1a: Tatsugiri\n|-damage|p2a: Indeedee|7\/100 psn\n|-damage|p2b: Dondozo|86\/100\n|\n|-heal|p2b: Dondozo|92\/100|[from] item: Leftovers\n|-heal|p1b: Dondozo|96\/100|[from] item: Leftovers\n|-damage|p2a: Indeedee|0 fnt|[from] psn\n|faint|p2a: Indeedee\n|upkeep\n|\n|t:|1683862379\n|switch|p2a: Kingambit|Kingambit, L50, M|100\/100\n|turn|4\n|\n|t:|1683862394\n|move|p2b: Dondozo|Protect|p2b: Dondozo\n|-singleturn|p2b: Dondozo|Protect\n|move|p2a: Kingambit|Protect|p2a: Kingambit\n|-singleturn|p2a: Kingambit|Protect\n|move|p1b: Dondozo|Protect||[still]\n|-fail|p1b: Dondozo\n|\n|-heal|p2b: Dondozo|98\/100|[from] item: Leftovers\n|-heal|p1b: Dondozo|100\/100|[from] item: Leftovers\n|upkeep\n|turn|5\n|\n|t:|1683862402\n|switch|p2a: Tatsugiri|Tatsugiri, L50, M|100\/100\n|-activate|p2a: Tatsugiri|ability: Commander|[of] p2b: Dondozo\n|-boost|p2b: Dondozo|atk|2\n|-boost|p2b: Dondozo|spa|2\n|-boost|p2b: Dondozo|spe|2\n|-boost|p2b: Dondozo|def|2\n|-boost|p2b: Dondozo|spd|2\n|move|p2b: Dondozo|Rock Slide|p1b: Dondozo|[spread] p1b\n|-miss|p2b: Dondozo|p1a: Tatsugiri\n|-damage|p1b: Dondozo|87\/100\n|move|p1b: Dondozo|Earthquake|p2b: Dondozo|[spread] p2b\n|-miss|p1b: Dondozo|p1a: Tatsugiri\n|-miss|p1b: Dondozo|p2a: Tatsugiri\n|-damage|p2b: Dondozo|83\/100\n|\n|-heal|p2b: Dondozo|89\/100|[from] item: Leftovers\n|-heal|p1b: Dondozo|93\/100|[from] item: Leftovers\n|-fieldend|move: Trick Room\n|-fieldend|move: Psychic Terrain\n|upkeep\n|turn|6\n|\n|t:|1683862418\n|move|p2b: Dondozo|Protect|p2b: Dondozo\n|-singleturn|p2b: Dondozo|Protect\n|move|p1b: Dondozo|Yawn|p2b: Dondozo\n|-activate|p2b: Dondozo|move: Protect\n|\n|-heal|p1b: Dondozo|99\/100|[from] item: Leftovers\n|-heal|p2b: Dondozo|95\/100|[from] item: Leftovers\n|upkeep\n|turn|7\n|\n|t:|1683862425\n|move|p1b: Dondozo|Yawn|p2b: Dondozo\n|-start|p2b: Dondozo|move: Yawn|[of] p1b: Dondozo\n|move|p2b: Dondozo|Rock Slide|p1a: Tatsugiri|[spread] p1b\n|-miss|p2b: Dondozo|p1a: Tatsugiri\n|-damage|p1b: Dondozo|86\/100\n|\n|-heal|p1b: Dondozo|93\/100|[from] item: Leftovers\n|-heal|p2b: Dondozo|100\/100|[from] item: Leftovers\n|upkeep\n|turn|8\n|\n|t:|1683862435\n|move|p1b: Dondozo|Wave Crash|p2b: Dondozo\n|-resisted|p2b: Dondozo\n|-damage|p2b: Dondozo|82\/100\n|-damage|p1b: Dondozo|86\/100|[from] Recoil\n|move|p2b: Dondozo|Rock Slide|p1a: Tatsugiri|[spread] p1b\n|-miss|p2b: Dondozo|p1a: Tatsugiri\n|-damage|p1b: Dondozo|75\/100\n|\n|-heal|p1b: Dondozo|81\/100|[from] item: Leftovers\n|-heal|p2b: Dondozo|88\/100|[from] item: Leftovers\n|-end|p2b: Dondozo|move: Yawn|[silent]\n|-status|p2b: Dondozo|slp\n|upkeep\n|turn|9\n|\n|t:|1683862443\n|cant|p2b: Dondozo|slp\n|move|p1b: Dondozo|Wave Crash|p2b: Dondozo\n|-resisted|p2b: Dondozo\n|-damage|p2b: Dondozo|71\/100 slp\n|-damage|p1b: Dondozo|75\/100|[from] Recoil\n|\n|-heal|p1b: Dondozo|81\/100|[from] item: Leftovers\n|-heal|p2b: Dondozo|77\/100 slp|[from] item: Leftovers\n|upkeep\n|turn|10\n|\n|t:|1683862448\n|cant|p2b: Dondozo|slp\n|move|p1b: Dondozo|Wave Crash|p2b: Dondozo\n|-resisted|p2b: Dondozo\n|-damage|p2b: Dondozo|59\/100 slp\n|-damage|p1b: Dondozo|75\/100|[from] Recoil\n|\n|-heal|p1b: Dondozo|81\/100|[from] item: Leftovers\n|-heal|p2b: Dondozo|65\/100 slp|[from] item: Leftovers\n|upkeep\n|turn|11\n|\n|t:|1683862454\n|move|p1b: Dondozo|Wave Crash|p2b: Dondozo\n|-resisted|p2b: Dondozo\n|-damage|p2b: Dondozo|46\/100 slp\n|-damage|p1b: Dondozo|75\/100|[from] Recoil\n|-curestatus|p2b: Dondozo|slp|[msg]\n|move|p2b: Dondozo|Rock Slide|p1b: Dondozo|[spread] p1b\n|-miss|p2b: Dondozo|p1a: Tatsugiri\n|-damage|p1b: Dondozo|63\/100\n|\n|-heal|p1b: Dondozo|70\/100|[from] item: Leftovers\n|-heal|p2b: Dondozo|52\/100|[from] item: Leftovers\n|upkeep\n|turn|12\n|\n|t:|1683862475\n|move|p2b: Dondozo|Protect|p2b: Dondozo\n|-singleturn|p2b: Dondozo|Protect\n|move|p1b: Dondozo|Yawn|p2b: Dondozo\n|-activate|p2b: Dondozo|move: Protect\n|\n|-heal|p1b: Dondozo|76\/100|[from] item: Leftovers\n|-heal|p2b: Dondozo|58\/100|[from] item: Leftovers\n|upkeep\n|turn|13\n|\n|t:|1683862487\n|move|p1b: Dondozo|Yawn|p2b: Dondozo\n|-start|p2b: Dondozo|move: Yawn|[of] p1b: Dondozo\n|move|p2b: Dondozo|Earthquake|p1a: Tatsugiri|[spread] p1b\n|-miss|p2b: Dondozo|p2a: Tatsugiri\n|-miss|p2b: Dondozo|p1a: Tatsugiri\n|-damage|p1b: Dondozo|59\/100\n|\n|-heal|p1b: Dondozo|65\/100|[from] item: Leftovers\n|-heal|p2b: Dondozo|64\/100|[from] item: Leftovers\n|upkeep\n|turn|14\n|\n|t:|1683862517\n|move|p1b: Dondozo|Wave Crash|p2b: Dondozo\n|-resisted|p2b: Dondozo\n|-damage|p2b: Dondozo|45\/100\n|-damage|p1b: Dondozo|58\/100|[from] Recoil\n|move|p2b: Dondozo|Earthquake|p1a: Tatsugiri|[spread] p1b\n|-miss|p2b: Dondozo|p2a: Tatsugiri\n|-miss|p2b: Dondozo|p1a: Tatsugiri\n|-damage|p1b: Dondozo|41\/100\n|\n|-heal|p1b: Dondozo|47\/100|[from] item: Leftovers\n|-heal|p2b: Dondozo|50\/100|[from] item: Leftovers\n|-end|p2b: Dondozo|move: Yawn|[silent]\n|-status|p2b: Dondozo|slp\n|upkeep\n|turn|15\n|\n|t:|1683862523\n|move|p1b: Dondozo|Wave Crash|p2b: Dondozo\n|-resisted|p2b: Dondozo\n|-damage|p2b: Dondozo|34\/100 slp\n|-damage|p1b: Dondozo|41\/100|[from] Recoil\n|cant|p2b: Dondozo|slp\n|\n|-heal|p1b: Dondozo|47\/100|[from] item: Leftovers\n|-heal|p2b: Dondozo|40\/100 slp|[from] item: Leftovers\n|upkeep\n|turn|16\n|\n|t:|1683862528\n|move|p1b: Dondozo|Wave Crash|p2b: Dondozo\n|-resisted|p2b: Dondozo\n|-damage|p2b: Dondozo|21\/100 slp\n|-damage|p1b: Dondozo|41\/100|[from] Recoil\n|cant|p2b: Dondozo|slp\n|\n|-heal|p1b: Dondozo|47\/100|[from] item: Leftovers\n|-heal|p2b: Dondozo|27\/100 slp|[from] item: Leftovers\n|upkeep\n|turn|17\n|\n|t:|1683862531\n|move|p1b: Dondozo|Wave Crash|p2b: Dondozo\n|-resisted|p2b: Dondozo\n|-damage|p2b: Dondozo|11\/100 slp\n|-damage|p1b: Dondozo|42\/100|[from] Recoil\n|-curestatus|p2b: Dondozo|slp|[msg]\n|move|p2b: Dondozo|Rock Slide|p1b: Dondozo|[spread] p1b\n|-miss|p2b: Dondozo|p1a: Tatsugiri\n|-damage|p1b: Dondozo|30\/100\n|\n|-heal|p1b: Dondozo|36\/100|[from] item: Leftovers\n|-heal|p2b: Dondozo|17\/100|[from] item: Leftovers\n|upkeep\n|turn|18\n|\n|t:|1683862536\n|move|p2b: Dondozo|Protect|p2b: Dondozo\n|-singleturn|p2b: Dondozo|Protect\n|move|p1b: Dondozo|Wave Crash|p2b: Dondozo\n|-activate|p2b: Dondozo|move: Protect\n|\n|-heal|p1b: Dondozo|43\/100|[from] item: Leftovers\n|-heal|p2b: Dondozo|23\/100|[from] item: Leftovers\n|upkeep\n|turn|19\n|\n|t:|1683862545\n|move|p1b: Dondozo|Yawn|p2b: Dondozo\n|-start|p2b: Dondozo|move: Yawn|[of] p1b: Dondozo\n|move|p2b: Dondozo|Earthquake|p1b: Dondozo|[spread] p1b\n|-miss|p2b: Dondozo|p2a: Tatsugiri\n|-miss|p2b: Dondozo|p1a: Tatsugiri\n|-damage|p1b: Dondozo|26\/100\n|\n|-heal|p1b: Dondozo|32\/100|[from] item: Leftovers\n|-heal|p2b: Dondozo|29\/100|[from] item: Leftovers\n|upkeep\n|turn|20\n|\n|t:|1683862550\n|move|p1b: Dondozo|Wave Crash|p2b: Dondozo\n|-resisted|p2b: Dondozo\n|-damage|p2b: Dondozo|11\/100\n|-damage|p1b: Dondozo|26\/100|[from] Recoil\n|move|p2b: Dondozo|Earthquake|p1b: Dondozo|[spread] p1b\n|-miss|p2b: Dondozo|p2a: Tatsugiri\n|-miss|p2b: Dondozo|p1a: Tatsugiri\n|-damage|p1b: Dondozo|9\/100\n|\n|-heal|p1b: Dondozo|15\/100|[from] item: Leftovers\n|-heal|p2b: Dondozo|17\/100|[from] item: Leftovers\n|-end|p2b: Dondozo|move: Yawn|[silent]\n|-status|p2b: Dondozo|slp\n|upkeep\n|turn|21\n|\n|t:|1683862554\n|move|p1b: Dondozo|Wave Crash|p2b: Dondozo\n|-resisted|p2b: Dondozo\n|-damage|p2b: Dondozo|0 fnt\n|faint|p2b: Dondozo\n|-damage|p1b: Dondozo|9\/100|[from] Recoil\n|\n|-heal|p1b: Dondozo|16\/100|[from] item: Leftovers\n|upkeep\n|\n|t:|1683862556\n|switch|p2b: Kingambit|Kingambit, L50, M|100\/100\n|turn|22\n|\n|t:|1683862568\n|-terastallize|p2a: Tatsugiri|Dragon\n|move|p1b: Dondozo|Protect|p1b: Dondozo\n|-singleturn|p1b: Dondozo|Protect\n|move|p2a: Tatsugiri|Dragon Pulse|p1b: Dondozo\n|-activate|p1b: Dondozo|move: Protect\n|move|p2b: Kingambit|Kowtow Cleave|p1b: Dondozo\n|-activate|p1b: Dondozo|move: Protect\n|\n|-heal|p1b: Dondozo|22\/100|[from] item: Leftovers\n|upkeep\n|turn|23\n|\n|t:|1683862580\n|move|p2b: Kingambit|Sucker Punch|p1b: Dondozo\n|-damage|p1b: Dondozo|6\/100\n|move|p2a: Tatsugiri|Dragon Pulse|p1b: Dondozo\n|-damage|p1b: Dondozo|0 fnt\n|faint|p1b: Dondozo\n|\n|upkeep\n|\n|t:|1683862592\n|switch|p1b: Flutter Mane|Flutter Mane, L50|100\/100\n|turn|24\n|\n|t:|1683862597\n|-terastallize|p1b: Flutter Mane|Fairy\n|move|p1a: Tatsugiri|Muddy Water|p2b: Kingambit|[spread] p2b\n|-miss|p1a: Tatsugiri|p2a: Tatsugiri\n|-damage|p2b: Kingambit|67\/100\n|-unboost|p2b: Kingambit|accuracy|1\n|-ability|p2b: Kingambit|Defiant|boost\n|-boost|p2b: Kingambit|atk|2\n|move|p2a: Tatsugiri|Dragon Pulse|p1a: Tatsugiri\n|-supereffective|p1a: Tatsugiri\n|-damage|p1a: Tatsugiri|0 fnt\n|faint|p1a: Tatsugiri\n|move|p1b: Flutter Mane|Dazzling Gleam|p2a: Tatsugiri|[spread] p2a,p2b\n|-supereffective|p2a: Tatsugiri\n|-damage|p2a: Tatsugiri|0 fnt\n|-damage|p2b: Kingambit|1\/100\n|faint|p2a: Tatsugiri\n|move|p2b: Kingambit|Iron Head|p1b: Flutter Mane\n|-supereffective|p1b: Flutter Mane\n|-damage|p1b: Flutter Mane|0 fnt\n|faint|p1b: Flutter Mane\n|-end|p1b: Flutter Mane|Protosynthesis|[silent]\n|\n|upkeep\n|\n|t:|1683862610\n|switch|p1a: Glimmora|Glimmora, L50, M|100\/100\n|turn|25\n|\n|t:|1683862613\n|move|p2b: Kingambit|Sucker Punch|p1a: Glimmora\n|-damage|p1a: Glimmora|8\/100\n|-activate|p1a: Glimmora|ability: Toxic Debris\n|-sidestart|p2: micicibiqueen|move: Toxic Spikes\n|move|p1a: Glimmora|Mortal Spin|p2b: Kingambit\n|-immune|p2b: Kingambit\n|\n|upkeep\n|turn|26\n|\n|t:|1683862618\n|move|p1a: Glimmora|Spiky Shield|p1a: Glimmora\n|-singleturn|p1a: Glimmora|move: Protect\n|move|p2b: Kingambit|Sucker Punch||[still]\n|-fail|p2b: Kingambit\n|\n|upkeep\n|turn|27\n|\n|t:|1683862623\n|move|p1a: Glimmora|Spiky Shield||[still]\n|-fail|p1a: Glimmora\n|move|p2b: Kingambit|Sucker Punch||[still]\n|-fail|p2b: Kingambit\n|\n|upkeep\n|turn|28\n|\n|t:|1683862628\n|move|p1a: Glimmora|Spiky Shield|p1a: Glimmora\n|-singleturn|p1a: Glimmora|move: Protect\n|move|p2b: Kingambit|Sucker Punch||[still]\n|-fail|p2b: Kingambit\n|\n|upkeep\n|turn|29\n|\n|t:|1683862630\n|move|p1a: Glimmora|Spiky Shield||[still]\n|-fail|p1a: Glimmora\n|move|p2b: Kingambit|Kowtow Cleave|p1a: Glimmora\n|-damage|p1a: Glimmora|0 fnt\n|-activate|p1a: Glimmora|ability: Toxic Debris\n|-sidestart|p2: micicibiqueen|move: Toxic Spikes\n|faint|p1a: Glimmora\n|\n|win|micicibiqueen\n|raw|Nightmare_King_VGC's rating: 1627 → 1616<\/strong> (-11 for losing)\n|raw|micicibiqueen's rating: 1803 → 1814<\/strong> (+11 for winning)\n|l|\u2606Nightmare_King_VGC\n|l| AsianSeaTurtle\n|l|\u2606micicibiqueen\n","uploadtime":1683862818,"views":12,"p1id":"nightmarekingvgc","p2id":"micicibiqueen","formatid":"gen9vgc2023regulationc","rating":1616,"private":0,"password":""}