{"id":"gen9vgc2023regulationc-1854122999","p1":"lax2145","p2":"Tayekc","format":"[Gen 9] VGC 2023 Regulation C","log":"|j|\u2606lax2145\n|j|\u2606Tayekc\n|t:|1682772912\n|gametype|doubles\n|player|p1|lax2145|giovanni|\n|player|p2|Tayekc|hilbert|\n|teamsize|p1|6\n|teamsize|p2|6\n|gen|9\n|tier|[Gen 9] VGC 2023 Regulation C\n|rule|Species Clause: Limit one of each Pok\u00e9mon\n|rule|Item Clause: Limit one of each item\n|clearpoke\n|poke|p1|Ting-Lu, L50|\n|poke|p1|Flutter Mane, L50|\n|poke|p1|Iron Jugulis, L50|\n|poke|p1|Arcanine, L50, F|\n|poke|p1|Amoonguss, L50, F|\n|poke|p1|Chien-Pao, L50|\n|poke|p2|Chien-Pao, L50|\n|poke|p2|Dragonite, L50, M|\n|poke|p2|Scizor, L50, M|\n|poke|p2|Flutter Mane, L50|\n|poke|p2|Chi-Yu, L50|\n|poke|p2|Iron Bundle, L50|\n|teampreview|4\n|\n|t:|1682772941\n|start\n|switch|p1a: Flutter Mane|Flutter Mane, L50|100\/100\n|switch|p1b: Chien-Pao|Chien-Pao, L50|100\/100\n|switch|p2a: Chi-Yu|Chi-Yu, L50|100\/100\n|switch|p2b: Flutter Mane|Flutter Mane, L50|100\/100\n|-ability|p2a: Chi-Yu|Beads of Ruin\n|-ability|p1b: Chien-Pao|Sword of Ruin\n|turn|1\n|\n|t:|1682772972\n|switch|p1b: Ting-Lu|Ting-Lu, L50|100\/100\n|-ability|p1b: Ting-Lu|Vessel of Ruin\n|move|p2a: Chi-Yu|Heat Wave|p1a: Flutter Mane|[spread] \n|-miss|p2a: Chi-Yu|p1a: Flutter Mane\n|-miss|p2a: Chi-Yu|p1b: Ting-Lu\n|move|p1a: Flutter Mane|Icy Wind|p2b: Flutter Mane|[spread] p2a,p2b\n|-resisted|p2a: Chi-Yu\n|-damage|p2a: Chi-Yu|94\/100\n|-damage|p2b: Flutter Mane|88\/100\n|-unboost|p2a: Chi-Yu|spe|1\n|-unboost|p2b: Flutter Mane|spe|1\n|move|p2b: Flutter Mane|Shadow Ball|p1a: Flutter Mane\n|-supereffective|p1a: Flutter Mane\n|-damage|p1a: Flutter Mane|11\/100\n|\n|-heal|p2b: Flutter Mane|94\/100|[from] item: Leftovers\n|upkeep\n|turn|2\n|\n|t:|1682772995\n|move|p2b: Flutter Mane|Protect|p2b: Flutter Mane\n|-singleturn|p2b: Flutter Mane|Protect\n|move|p1a: Flutter Mane|Shadow Ball|p2b: Flutter Mane\n|-activate|p2b: Flutter Mane|move: Protect\n|move|p2a: Chi-Yu|Heat Wave|p1a: Flutter Mane|[spread] p1a,p1b\n|-damage|p1a: Flutter Mane|0 fnt\n|-damage|p1b: Ting-Lu|80\/100\n|faint|p1a: Flutter Mane\n|-end|p1a: Flutter Mane|Protosynthesis|[silent]\n|move|p1b: Ting-Lu|Stomping Tantrum|p2a: Chi-Yu\n|-supereffective|p2a: Chi-Yu\n|-damage|p2a: Chi-Yu|0 fnt\n|faint|p2a: Chi-Yu\n|\n|-heal|p2b: Flutter Mane|100\/100|[from] item: Leftovers\n|upkeep\n|\n|t:|1682773016\n|switch|p1a: Chien-Pao|Chien-Pao, L50|100\/100\n|switch|p2a: Scizor|Scizor, L50, M, shiny|100\/100\n|-ability|p1a: Chien-Pao|Sword of Ruin\n|turn|3\n|\n|t:|1682773035\n|move|p1a: Chien-Pao|Throat Chop|p2b: Flutter Mane\n|-damage|p2b: Flutter Mane|18\/100\n|-start|p2b: Flutter Mane|Throat Chop|[silent]\n|move|p2a: Scizor|Pounce|p1a: Chien-Pao\n|-supereffective|p1a: Chien-Pao\n|-enditem|p1a: Chien-Pao|Focus Sash\n|-damage|p1a: Chien-Pao|1\/100\n|-unboost|p1a: Chien-Pao|spe|1\n|move|p1b: Ting-Lu|Fissure|p2a: Scizor|[miss]\n|-miss|p1b: Ting-Lu|p2a: Scizor\n|move|p2b: Flutter Mane|Trick Room|p2b: Flutter Mane\n|-fieldstart|move: Trick Room|[of] p2b: Flutter Mane\n|\n|-heal|p2b: Flutter Mane|25\/100|[from] item: Leftovers\n|upkeep\n|turn|4\n|\n|t:|1682773060\n|move|p1a: Chien-Pao|Sucker Punch|p2b: Flutter Mane\n|-damage|p2b: Flutter Mane|0 fnt\n|faint|p2b: Flutter Mane\n|-end|p2b: Flutter Mane|Protosynthesis|[silent]\n|move|p1b: Ting-Lu|Stomping Tantrum|p2a: Scizor\n|-damage|p2a: Scizor|0 fnt\n|faint|p2a: Scizor\n|\n|upkeep\n|\n|t:|1682773069\n|switch|p2b: Dragonite|Dragonite, L50, M|100\/100\n|turn|5\n|\n|t:|1682773086\n|move|p2b: Dragonite|Extreme Speed|p1a: Chien-Pao\n|-damage|p1a: Chien-Pao|0 fnt\n|faint|p1a: Chien-Pao\n|move|p1b: Ting-Lu|Fissure|p2b: Dragonite\n|-immune|p2b: Dragonite\n|\n|upkeep\n|\n|t:|1682773092\n|switch|p1a: Iron Jugulis|Iron Jugulis, L50, shiny|100\/100\n|-enditem|p1a: Iron Jugulis|Booster Energy\n|-activate|p1a: Iron Jugulis|ability: Quark Drive|[fromitem]\n|-start|p1a: Iron Jugulis|quarkdrivespe\n|turn|6\n|\n|t:|1682773104\n|move|p2b: Dragonite|Extreme Speed|p1a: Iron Jugulis\n|-damage|p1a: Iron Jugulis|47\/100\n|move|p1b: Ting-Lu|Throat Chop|p2b: Dragonite\n|-damage|p2b: Dragonite|79\/100\n|-start|p2b: Dragonite|Throat Chop|[silent]\n|move|p1a: Iron Jugulis|Dark Pulse|p2b: Dragonite\n|-damage|p2b: Dragonite|49\/100\n|\n|upkeep\n|turn|7\n|\n|t:|1682773116\n|-terastallize|p1b: Ting-Lu|Dark\n|move|p2b: Dragonite|Extreme Speed|p1a: Iron Jugulis\n|-damage|p1a: Iron Jugulis|0 fnt\n|faint|p1a: Iron Jugulis\n|-end|p1a: Iron Jugulis|Quark Drive|[silent]\n|move|p1b: Ting-Lu|Throat Chop|p2b: Dragonite\n|-damage|p2b: Dragonite|0 fnt\n|faint|p2b: Dragonite\n|\n|win|lax2145\n|l|\u2606lax2145\n","uploadtime":1682773132,"views":17,"p1id":"lax2145","p2id":"tayekc","formatid":"gen9vgc2023regulationc","rating":0,"private":0,"password":""}