{"id":"gen9vgc2023regulationc-1856088458","p1":"Firebattler100","p2":"LBlues","format":"[Gen 9] VGC 2023 Regulation C","log":"|j|\u2606Firebattler100\n|j|\u2606LBlues\n|t:|1683028690\n|gametype|doubles\n|player|p1|Firebattler100|170|1000\n|player|p2|LBlues|pokemonranger-gen4|1000\n|teamsize|p1|6\n|teamsize|p2|6\n|gen|9\n|tier|[Gen 9] VGC 2023 Regulation C\n|rated|\n|rule|Species Clause: Limit one of each Pok\u00e9mon\n|rule|Item Clause: Limit one of each item\n|clearpoke\n|poke|p1|Flareon, L50, M|\n|poke|p1|Breloom, L50, F|\n|poke|p1|Spiritomb, L50, F|\n|poke|p1|Azumarill, L50, M|\n|poke|p1|Garganacl, L50, M|\n|poke|p1|Arboliva, L50, F|\n|poke|p2|Pelipper, L50, F|\n|poke|p2|Drednaw, L50, F|\n|poke|p2|Amoonguss, L50, M|\n|poke|p2|Espathra, L50, F|\n|poke|p2|Corviknight, L50, M|\n|poke|p2|Chien-Pao, L50|\n|teampreview|4\n|inactive|Battle timer is ON: inactive players will automatically lose when time's up. (requested by LBlues)\n|inactive|LBlues has 60 seconds left.\n|\n|t:|1683028749\n|start\n|switch|p1a: Flareon|Flareon, L50, M|100\/100\n|switch|p1b: Spiritomb|Spiritomb, L50, F|100\/100\n|switch|p2a: Pelipper|Pelipper, L50, F|100\/100\n|switch|p2b: Corviknight|Corviknight, L50, M|100\/100\n|-weather|RainDance|[from] ability: Drizzle|[of] p2a: Pelipper\n|turn|1\n|inactive|Firebattler100 has 30 seconds left.\n|inactive|Firebattler100 has 20 seconds left.\n|\n|t:|1683028787\n|-terastallize|p1a: Flareon|Normal\n|move|p1a: Flareon|Protect|p1a: Flareon\n|-singleturn|p1a: Flareon|Protect\n|move|p2b: Corviknight|Taunt|p1b: Spiritomb\n|-start|p1b: Spiritomb|move: Taunt\n|move|p2a: Pelipper|Hydro Pump|p1a: Flareon\n|-activate|p1a: Flareon|move: Protect\n|cant|p1b: Spiritomb|move: Taunt|Trick Room\n|\n|-weather|RainDance|[upkeep]\n|-status|p1a: Flareon|brn|[from] item: Flame Orb\n|upkeep\n|turn|2\n|inactive|Firebattler100 has 30 seconds left.\n|inactive|LBlues has 30 seconds left.\n|inactive|LBlues has 20 seconds left.\n|\n|t:|1683028826\n|switch|p1a: Arboliva|Arboliva, L50, F|100\/100\n|move|p1b: Spiritomb|Sucker Punch|p2a: Pelipper\n|-damage|p2a: Pelipper|74\/100\n|move|p2b: Corviknight|Iron Defense|p2b: Corviknight\n|-boost|p2b: Corviknight|def|2\n|move|p2a: Pelipper|Hydro Pump|p1a: Arboliva\n|-resisted|p1a: Arboliva\n|-damage|p1a: Arboliva|68\/100\n|-fieldstart|move: Grassy Terrain|[from] ability: Seed Sower|[of] p1a: Arboliva\n|-enditem|p1a: Arboliva|Grassy Seed\n|-boost|p1a: Arboliva|def|1|[from] item: Grassy Seed\n|\n|-weather|RainDance|[upkeep]\n|-heal|p1a: Arboliva|74\/100|[from] Grassy Terrain\n|upkeep\n|turn|3\n|inactive|Firebattler100 has 30 seconds left.\n|inactive|LBlues has 30 seconds left.\n|inactive|Firebattler100 has 20 seconds left.\n|inactive|LBlues has 20 seconds left.\n|inactive|LBlues has 15 seconds left.\n|inactive|LBlues has 10 seconds left.\n|\n|t:|1683028875\n|switch|p2a: Chien-Pao|Chien-Pao, L50|100\/100\n|-ability|p2a: Chien-Pao|Sword of Ruin\n|move|p1b: Spiritomb|Shadow Sneak|p2a: Chien-Pao\n|-resisted|p2a: Chien-Pao\n|-damage|p2a: Chien-Pao|89\/100\n|move|p2b: Corviknight|Body Press|p1a: Arboliva\n|-supereffective|p1a: Arboliva\n|-damage|p1a: Arboliva|0 fnt\n|faint|p1a: Arboliva\n|\n|-weather|RainDance|[upkeep]\n|-heal|p2a: Chien-Pao|95\/100|[from] Grassy Terrain\n|-end|p1b: Spiritomb|move: Taunt\n|upkeep\n|\n|t:|1683028893\n|switch|p1a: Flareon|Flareon, L50, M, tera:Normal|100\/100 brn\n|turn|4\n|\n|t:|1683028913\n|move|p1a: Flareon|Protect|p1a: Flareon\n|-singleturn|p1a: Flareon|Protect\n|move|p2a: Chien-Pao|Ice Spinner|p1b: Spiritomb\n|-damage|p1b: Spiritomb|32\/100\n|-fieldend|move: Grassy Terrain\n|-damage|p2a: Chien-Pao|85\/100|[from] item: Life Orb\n|move|p2b: Corviknight|Taunt|p1b: Spiritomb\n|-start|p1b: Spiritomb|move: Taunt\n|cant|p1b: Spiritomb|move: Taunt|Trick Room\n|\n|-weather|RainDance|[upkeep]\n|-damage|p1a: Flareon|95\/100 brn|[from] brn\n|upkeep\n|turn|5\n|inactive|Firebattler100 has 30 seconds left.\n|inactive|LBlues has 30 seconds left.\n|\n|t:|1683028950\n|-terastallize|p2b: Corviknight|Fighting\n|move|p1b: Spiritomb|Sucker Punch|p2b: Corviknight\n|-resisted|p2b: Corviknight\n|-damage|p2b: Corviknight|96\/100\n|-damage|p1b: Spiritomb|16\/100|[from] item: Rocky Helmet|[of] p2b: Corviknight\n|move|p2a: Chien-Pao|Ice Spinner|p1b: Spiritomb\n|-damage|p1b: Spiritomb|0 fnt\n|faint|p1b: Spiritomb\n|-damage|p2a: Chien-Pao|75\/100|[from] item: Life Orb\n|move|p2b: Corviknight|Body Press|p1a: Flareon\n|-supereffective|p1a: Flareon\n|-damage|p1a: Flareon|0 fnt\n|faint|p1a: Flareon\n|\n|-weather|RainDance|[upkeep]\n|upkeep\n|inactive|Firebattler100 has 30 seconds left.\n|inactive|Firebattler100 has 20 seconds left.\n|\n|t:|1683028987\n|switch|p1b: Garganacl|Garganacl, L50, M|100\/100\n|turn|6\n|\n|t:|1683029002\n|switch|p2a: Pelipper|Pelipper, L50, F|74\/100\n|move|p2b: Corviknight|Body Press|p1b: Garganacl\n|-supereffective|p1b: Garganacl\n|-damage|p1b: Garganacl|21\/100\n|-enditem|p1b: Garganacl|Sitrus Berry|[eat]\n|-heal|p1b: Garganacl|46\/100|[from] item: Sitrus Berry\n|move|p1b: Garganacl|Body Press|p2a: Pelipper\n|-resisted|p2a: Pelipper\n|-damage|p2a: Pelipper|57\/100\n|\n|-weather|RainDance|[upkeep]\n|upkeep\n|turn|7\n|-message|Firebattler100 forfeited.\n|\n|win|LBlues\n|raw|Firebattler100's rating: 1000 → 1000<\/strong> (+0 for losing)\n|raw|LBlues's rating: 1000 → 1040<\/strong> (+40 for winning)\n|l|\u2606Firebattler100\n|c|\u2606LBlues|Gg\n","uploadtime":1683029029,"views":5,"p1id":"firebattler100","p2id":"lblues","formatid":"gen9vgc2023regulationc","rating":1000,"private":0,"password":""}