{"id":"gen9vgc2023regulationc-1848792185","p1":"That_Leek","p2":"Roludima","format":"[Gen 9] VGC 2023 Regulation C","log":"|j|\u2606That_Leek\n|j|\u2606Roludima\n|t:|1682110856\n|gametype|doubles\n|player|p1|That_Leek|blue-masters|1300\n|player|p2|Roludima|2|1266\n|teamsize|p1|6\n|teamsize|p2|6\n|gen|9\n|tier|[Gen 9] VGC 2023 Regulation C\n|rated|\n|rule|Species Clause: Limit one of each Pok\u00e9mon\n|rule|Item Clause: Limit one of each item\n|clearpoke\n|poke|p1|Gholdengo, L50|\n|poke|p1|Gyarados, L50, F|\n|poke|p1|Tyranitar, L50, M|\n|poke|p1|Maushold-Four, L50|\n|poke|p1|Annihilape, L50, F|\n|poke|p1|Volcarona, L50, M|\n|poke|p2|Wo-Chien, L50|\n|poke|p2|Glimmora, L50, M|\n|poke|p2|Arcanine, L50, M|\n|poke|p2|Flutter Mane, L50|\n|poke|p2|Palafin, L50, F|\n|poke|p2|Corviknight, L50, M|\n|teampreview|4\nThat_Leek has agreed to open team sheets.\n|\n|t:|1682110895\n|start\n|switch|p1a: Maushold|Maushold-Four, L50|100\/100\n|switch|p1b: Annihilape|Annihilape, L50, F|100\/100\n|switch|p2a: Palafin|Palafin, L50, F|100\/100\n|switch|p2b: Wo-Chien|Wo-Chien, L50|100\/100\n|-ability|p2b: Wo-Chien|Tablets of Ruin\n|turn|1\n|\n|t:|1682110903\n|detailschange|p2a: Palafin|Palafin-Hero, L50, F\n|switch|p2a: Corviknight|Corviknight, L50, M|100\/100\n|move|p1a: Maushold|Beat Up|p1b: Annihilape\n|-damage|p1b: Annihilape|99\/100\n|-damage|p1b: Annihilape|97\/100\n|-damage|p1b: Annihilape|95\/100\n|-damage|p1b: Annihilape|94\/100\n|-hitcount|p1b: Annihilape|4\n|move|p1b: Annihilape|Bulk Up|p1b: Annihilape\n|-boost|p1b: Annihilape|atk|1\n|-boost|p1b: Annihilape|def|1\n|move|p2b: Wo-Chien|Leech Seed|p1b: Annihilape\n|-start|p1b: Annihilape|move: Leech Seed\n|\n|-heal|p1b: Annihilape|99\/100|[from] item: Leftovers\n|-damage|p1b: Annihilape|88\/100|[from] Leech Seed|[of] p2b: Wo-Chien\n|upkeep\n|turn|2\n|\n|t:|1682110942\n|move|p1a: Maushold|Super Fang|p2a: Corviknight\n|-damage|p2a: Corviknight|50\/100\n|-enditem|p2a: Corviknight|Sitrus Berry|[eat]\n|-heal|p2a: Corviknight|75\/100|[from] item: Sitrus Berry\n|move|p1b: Annihilape|Drain Punch|p2a: Corviknight\n|-damage|p2a: Corviknight|41\/100\n|-heal|p1b: Annihilape|100\/100|[from] drain|[of] p2a: Corviknight\n|move|p2b: Wo-Chien|Leech Seed|p1a: Maushold\n|-start|p1a: Maushold|move: Leech Seed\n|move|p2a: Corviknight|Brave Bird|p1b: Annihilape\n|-supereffective|p1b: Annihilape\n|-damage|p1b: Annihilape|67\/100\n|-damage|p2a: Corviknight|30\/100|[from] Recoil\n|\n|-heal|p1b: Annihilape|74\/100|[from] item: Leftovers\n|-damage|p1a: Maushold|88\/100|[from] Leech Seed|[of] p2b: Wo-Chien\n|-damage|p1b: Annihilape|61\/100|[from] Leech Seed|[of] p2b: Wo-Chien\n|upkeep\n|turn|3\n|\n|t:|1682110983\n|move|p1a: Maushold|Super Fang|p2b: Wo-Chien\n|-damage|p2b: Wo-Chien|50\/100\n|move|p1b: Annihilape|Drain Punch|p2b: Wo-Chien\n|-supereffective|p2b: Wo-Chien\n|-crit|p2b: Wo-Chien\n|-damage|p2b: Wo-Chien|0 fnt\n|-heal|p1b: Annihilape|84\/100|[from] drain|[of] p2b: Wo-Chien\n|faint|p2b: Wo-Chien\n|move|p2a: Corviknight|Roost|p2a: Corviknight\n|-heal|p2a: Corviknight|80\/100\n|-singleturn|p2a: Corviknight|move: Roost\n|\n|-heal|p1b: Annihilape|90\/100|[from] item: Leftovers\n|upkeep\n|\n|t:|1682110998\n|switch|p2b: Palafin|Palafin-Hero, L50, F|100\/100\n|-activate|p2b: Palafin|ability: Zero to Hero\n|turn|4\n|\n|t:|1682111010\n|move|p2b: Palafin|Protect|p2b: Palafin\n|-singleturn|p2b: Palafin|Protect\n|move|p1a: Maushold|Follow Me|p1a: Maushold\n|-singleturn|p1a: Maushold|move: Follow Me\n|move|p1b: Annihilape|Rage Fist|p2b: Palafin\n|-activate|p2b: Palafin|move: Protect\n|move|p2a: Corviknight|Bulk Up|p2a: Corviknight\n|-boost|p2a: Corviknight|atk|1\n|-boost|p2a: Corviknight|def|1\n|\n|-heal|p1b: Annihilape|97\/100|[from] item: Leftovers\n|-damage|p1a: Maushold|76\/100|[from] Leech Seed|[of] p2b: Palafin\n|-damage|p1b: Annihilape|84\/100|[from] Leech Seed|[of] p2b: Palafin\n|upkeep\n|turn|5\n|\n|t:|1682111035\n|switch|p2b: Glimmora|Glimmora, L50, M|100\/100\n|move|p1a: Maushold|Follow Me|p1a: Maushold\n|-singleturn|p1a: Maushold|move: Follow Me\n|move|p1b: Annihilape|Rage Fist|p2b: Glimmora\n|-damage|p2b: Glimmora|0 fnt\n|-activate|p2b: Glimmora|ability: Toxic Debris\n|-sidestart|p1: That_Leek|move: Toxic Spikes\n|faint|p2b: Glimmora\n|move|p2a: Corviknight|Brave Bird|p1a: Maushold\n|-damage|p1a: Maushold|0 fnt\n|faint|p1a: Maushold\n|-damage|p2a: Corviknight|58\/100|[from] Recoil\n|\n|-heal|p1b: Annihilape|90\/100|[from] item: Leftovers\n|upkeep\n|\n|t:|1682111047\n|switch|p1a: Gyarados|Gyarados, L50, F|100\/100\n|switch|p2b: Palafin|Palafin-Hero, L50, F|100\/100\n|-ability|p1a: Gyarados|Intimidate|boost\n|-ability|p2a: Corviknight|Mirror Armor\n|-unboost|p1a: Gyarados|atk|1\n|-unboost|p2b: Palafin|atk|1\n|turn|6\n|\n|t:|1682111066\n|-terastallize|p2b: Palafin|Water\n|move|p2b: Palafin|Jet Punch|p1b: Annihilape\n|-damage|p1b: Annihilape|64\/100\n|move|p1b: Annihilape|Rage Fist|p2a: Corviknight\n|-damage|p2a: Corviknight|0 fnt\n|faint|p2a: Corviknight\n|move|p1a: Gyarados|Thunder Wave|p2b: Palafin\n|-status|p2b: Palafin|par\n|\n|-heal|p1b: Annihilape|71\/100|[from] item: Leftovers\n|-damage|p1b: Annihilape|58\/100|[from] Leech Seed|[of] p2b: Palafin\n|upkeep\n|turn|7\n|-message|Roludima forfeited.\n|\n|win|That_Leek\n|raw|That_Leek's rating: 1300 → 1323<\/strong> (+23 for winning)\n|raw|Roludima's rating: 1266 → 1243<\/strong> (-23 for losing)\n|l|\u2606Roludima\n","uploadtime":1682111094,"views":9,"p1id":"thatleek","p2id":"roludima","formatid":"gen9vgc2023regulationc","rating":1243,"private":0,"password":""}