{"id":"gen9vgc2023regulationc-1859830714","p1":"TypicalAndyy","p2":"Borghi","format":"[Gen 9] VGC 2023 Regulation C","log":"|j|\u2606TypicalAndyy\n|j|\u2606Borghi\n|t:|1683568124\n|gametype|doubles\n|player|p1|TypicalAndyy|1|\n|player|p2|Borghi|blue-masters|\n|teamsize|p1|6\n|teamsize|p2|6\n|gen|9\n|tier|[Gen 9] VGC 2023 Regulation C\n|rated|Tournament battle\n|rule|Species Clause: Limit one of each Pok\u00e9mon\n|rule|Item Clause: Limit one of each item\n|clearpoke\n|poke|p1|Dragapult, L50, M|\n|poke|p1|Glimmora, L50, M|\n|poke|p1|Chien-Pao, L50|\n|poke|p1|Iron Hands, L50|\n|poke|p1|Corviknight, L50, F|\n|poke|p1|Garchomp, L50, F|\n|poke|p2|Iron Hands, L50|\n|poke|p2|Talonflame, L50, F|\n|poke|p2|Flutter Mane, L50|\n|poke|p2|Dragonite, L50, F|\n|poke|p2|Chien-Pao, L50|\n|poke|p2|Brute Bonnet, L50|\n|teampreview|4\n|raw| Open Team Sheet for TypicalAndyy<\/summary>Dragapult (M) @ Choice Band Ability: Clear Body Level: 50 Shiny: Yes Tera Type: Fire - Tera Blast - Phantom Force - U-turn - Dragon Darts Glimmora @ Choice Specs Ability: Toxic Debris Level: 50 Tera Type: Grass - Earth Power - Power Gem - Energy Ball - Sludge Wave Chien-Pao @ Focus Sash Ability: Sword of Ruin Level: 50 Tera Type: Ghost - Haze - Sucker Punch - Protect - Ice Spinner Iron Hands @ Assault Vest Ability: Quark Drive Level: 50 Tera Type: Water - Earthquake - Drain Punch - Fake Out - Wild Charge Corviknight (F) @ Safety Goggles Ability: Mirror Armor Level: 50 Shiny: Yes Tera Type: Dragon - Tailwind - Roost - Taunt - Brave Bird Garchomp (F) @ Life Orb Ability: Rough Skin Level: 50 Shiny: Yes Tera Type: Steel - Iron Head - Dragon Claw - Protect - Earthquake <\/details><\/div> Open Team Sheet for Borghi<\/summary>Iron Hands @ Sitrus Berry Ability: Quark Drive Level: 50 Tera Type: Grass - Protect - Drain Punch - Earthquake - Belly Drum Talonflame @ Safety Goggles Ability: Gale Wings Level: 50 Tera Type: Ghost - Brave Bird - Will-O-Wisp - Taunt - Tailwind Flutter Mane @ Choice Specs Ability: Protosynthesis Level: 50 Tera Type: Fairy - Moonblast - Shadow Ball - Dazzling Gleam - Thunderbolt Dragonite @ Lum Berry Ability: Multiscale Level: 50 Tera Type: Flying - Protect - Tera Blast - Extreme Speed - Low Kick Chien-Pao @ Focus Sash Ability: Sword of Ruin Level: 50 Tera Type: Dark - Protect - Ice Spinner - Sucker Punch - Haze Brute Bonnet @ Loaded Dice Ability: Protosynthesis Level: 50 Tera Type: Flying - Protect - Spore - Rage Powder - Bullet Seed <\/details><\/div>\n|inactive|Battle timer is ON: inactive players will automatically lose when time's up. (requested by Borghi)\n|j| NeuroticTC\n|j| whowantssomecawfee\n|c|\u2606Borghi|hf\n|j| MiphaDeezNuts\n|j| stinkypoops\n|j| LoafOfGodlyBread\n|inactive|TypicalAndyy has 60 seconds left.\n|inactive|Borghi has 60 seconds left.\n|j| FunneeMonkee\n|\n|t:|1683568171\n|start\n|switch|p1a: Garchomp|Garchomp, L50, F, shiny|100\/100\n|switch|p1b: Corviknight|Corviknight, L50, F, shiny|100\/100\n|switch|p2a: Brute Bonnet|Brute Bonnet, L50|100\/100\n|switch|p2b: Iron Hands|Iron Hands, L50|100\/100\n|turn|1\n|c|\u2606TypicalAndyy|glhf\n|inactive|TypicalAndyy has 30 seconds left.\n|j| salamiReal\n|\n|t:|1683568202\n|-terastallize|p2a: Brute Bonnet|Flying\n|move|p1a: Garchomp|Protect|p1a: Garchomp\n|-singleturn|p1a: Garchomp|Protect\n|move|p2b: Iron Hands|Protect|p2b: Iron Hands\n|-singleturn|p2b: Iron Hands|Protect\n|move|p1b: Corviknight|Tailwind|p1b: Corviknight\n|-sidestart|p1: TypicalAndyy|move: Tailwind\n|move|p2a: Brute Bonnet|Spore|p1a: Garchomp\n|-activate|p1a: Garchomp|move: Protect\n|\n|upkeep\n|turn|2\n|j| SlowHomie\n|inactive|TypicalAndyy has 30 seconds left.\n|inactive|TypicalAndyy has 20 seconds left.\n|\n|t:|1683568238\n|-end|p2b: Iron Hands|Quark Drive|[silent]\n|switch|p2b: Talonflame|Talonflame, L50, F|100\/100\n|move|p1a: Garchomp|Earthquake|p2b: Talonflame|[spread] \n|-immune|p1b: Corviknight\n|-immune|p2a: Brute Bonnet\n|-immune|p2b: Talonflame\n|move|p1b: Corviknight|Brave Bird|p2b: Talonflame\n|-damage|p2b: Talonflame|58\/100\n|-damage|p1b: Corviknight|88\/100|[from] Recoil\n|move|p2a: Brute Bonnet|Spore|p1a: Garchomp\n|-status|p1a: Garchomp|slp|[from] move: Spore\n|\n|upkeep\n|turn|3\n|\n|t:|1683568259\n|switch|p1a: Glimmora|Glimmora, L50, M|100\/100\n|move|p1b: Corviknight|Roost|p1b: Corviknight\n|-heal|p1b: Corviknight|100\/100\n|-singleturn|p1b: Corviknight|move: Roost\n|move|p2b: Talonflame|Tailwind|p2b: Talonflame\n|-sidestart|p2: Borghi|move: Tailwind\n|move|p2a: Brute Bonnet|Bullet Seed|p1a: Glimmora\n|-damage|p1a: Glimmora|83\/100\n|-activate|p1a: Glimmora|ability: Toxic Debris\n|-sidestart|p2: Borghi|move: Toxic Spikes\n|-damage|p1a: Glimmora|68\/100\n|-activate|p1a: Glimmora|ability: Toxic Debris\n|-sidestart|p2: Borghi|move: Toxic Spikes\n|-damage|p1a: Glimmora|51\/100\n|-damage|p1a: Glimmora|35\/100\n|-damage|p1a: Glimmora|20\/100\n|-hitcount|p1a: Glimmora|5\n|\n|upkeep\n|turn|4\n|inactive|TypicalAndyy has 30 seconds left.\n|inactive|Borghi has 30 seconds left.\n|\n|t:|1683568291\n|move|p2a: Brute Bonnet|Protect|p2a: Brute Bonnet\n|-singleturn|p2a: Brute Bonnet|Protect\n|move|p2b: Talonflame|Taunt|p1b: Corviknight\n|-start|p1b: Corviknight|move: Taunt\n|move|p1a: Glimmora|Power Gem|p2a: Brute Bonnet\n|-activate|p2a: Brute Bonnet|move: Protect\n|move|p1b: Corviknight|Brave Bird|p2b: Talonflame\n|-damage|p2b: Talonflame|14\/100\n|-damage|p1b: Corviknight|87\/100|[from] Recoil\n|\n|-sideend|p1: TypicalAndyy|move: Tailwind\n|upkeep\n|turn|5\n|\n|t:|1683568312\n|move|p2b: Talonflame|Will-O-Wisp|p1b: Corviknight\n|-status|p1b: Corviknight|brn\n|move|p2a: Brute Bonnet|Bullet Seed|p1a: Glimmora\n|-damage|p1a: Glimmora|5\/100\n|-damage|p1a: Glimmora|0 fnt\n|faint|p1a: Glimmora\n|-hitcount|p1: Glimmora|2\n|move|p1b: Corviknight|Brave Bird|p2b: Talonflame\n|-damage|p2b: Talonflame|0 fnt\n|faint|p2b: Talonflame\n|-damage|p1b: Corviknight|83\/100 brn|[from] Recoil\n|\n|-damage|p1b: Corviknight|78\/100 brn|[from] brn\n|upkeep\n|\n|t:|1683568331\n|switch|p2b: Iron Hands|Iron Hands, L50|100\/100\n|switch|p1a: Chien-Pao|Chien-Pao, L50|100\/100\n|-status|p2b: Iron Hands|tox\n|-ability|p1a: Chien-Pao|Sword of Ruin\n|turn|6\n|inactive|Borghi has 30 seconds left.\n|\n|t:|1683568360\n|move|p1a: Chien-Pao|Protect|p1a: Chien-Pao\n|-singleturn|p1a: Chien-Pao|Protect\n|move|p2a: Brute Bonnet|Protect|p2a: Brute Bonnet\n|-singleturn|p2a: Brute Bonnet|Protect\n|move|p2b: Iron Hands|Drain Punch|p1a: Chien-Pao\n|-activate|p1a: Chien-Pao|move: Protect\n|move|p1b: Corviknight|Brave Bird|p2a: Brute Bonnet\n|-activate|p2a: Brute Bonnet|move: Protect\n|\n|-damage|p2b: Iron Hands|94\/100 tox|[from] psn\n|-damage|p1b: Corviknight|72\/100 brn|[from] brn\n|-end|p1b: Corviknight|move: Taunt\n|-sideend|p2: Borghi|move: Tailwind\n|upkeep\n|turn|7\n|\n|t:|1683568381\n|switch|p1b: Garchomp|Garchomp, L50, F, shiny|100\/100 slp\n|move|p1a: Chien-Pao|Ice Spinner|p2a: Brute Bonnet\n|-supereffective|p2a: Brute Bonnet\n|-damage|p2a: Brute Bonnet|12\/100\n|move|p2b: Iron Hands|Drain Punch|p1a: Chien-Pao\n|-supereffective|p1a: Chien-Pao\n|-enditem|p1a: Chien-Pao|Focus Sash\n|-damage|p1a: Chien-Pao|1\/100\n|-heal|p2b: Iron Hands|100\/100 tox|[from] drain|[of] p1a: Chien-Pao\n|move|p2a: Brute Bonnet|Spore|p1a: Chien-Pao\n|-status|p1a: Chien-Pao|slp|[from] move: Spore\n|\n|-damage|p2b: Iron Hands|88\/100 tox|[from] psn\n|upkeep\n|turn|8\n|inactive|Borghi has 30 seconds left.\n|\n|t:|1683568409\n|cant|p1a: Chien-Pao|slp\n|cant|p1b: Garchomp|slp\n|move|p2b: Iron Hands|Earthquake|p1a: Chien-Pao|[spread] p1a,p1b\n|-immune|p2a: Brute Bonnet\n|-damage|p1a: Chien-Pao|0 fnt\n|-damage|p1b: Garchomp|62\/100 slp\n|faint|p1a: Chien-Pao\n|move|p2a: Brute Bonnet|Bullet Seed|p1b: Garchomp\n|-damage|p1b: Garchomp|50\/100 slp\n|-damage|p1b: Garchomp|37\/100 slp\n|-damage|p1b: Garchomp|25\/100 slp\n|-damage|p1b: Garchomp|12\/100 slp\n|-hitcount|p1b: Garchomp|4\n|\n|-damage|p2b: Iron Hands|70\/100 tox|[from] psn\n|upkeep\n|\n|t:|1683568419\n|switch|p1a: Corviknight|Corviknight, L50, F, shiny|72\/100 brn\n|turn|9\n|\n|t:|1683568434\n|cant|p1b: Garchomp|slp\n|move|p2b: Iron Hands|Earthquake|p1a: Corviknight|[spread] p1b\n|-immune|p2a: Brute Bonnet\n|-immune|p1a: Corviknight\n|-damage|p1b: Garchomp|0 fnt\n|faint|p1b: Garchomp\n|move|p1a: Corviknight|Brave Bird|p2a: Brute Bonnet\n|-damage|p2a: Brute Bonnet|0 fnt\n|faint|p2a: Brute Bonnet\n|-end|p2a: Brute Bonnet|Protosynthesis|[silent]\n|-damage|p1a: Corviknight|68\/100 brn|[from] Recoil\n|\n|-damage|p2b: Iron Hands|46\/100 tox|[from] psn\n|-damage|p1a: Corviknight|62\/100 brn|[from] brn\n|upkeep\n|-enditem|p2b: Iron Hands|Sitrus Berry|[eat]\n|-heal|p2b: Iron Hands|71\/100 tox|[from] item: Sitrus Berry\n|\n|t:|1683568436\n|switch|p2a: Flutter Mane|Flutter Mane, L50|100\/100\n|-status|p2a: Flutter Mane|tox\n|turn|10\n|l| whowantssomecawfee\n|-message|TypicalAndyy forfeited.\n|\n|win|Borghi\n|n|\u2606TypicalAndyy|typicalandyy\n|n|\u2606Borghi|borghi\n|n| NeuroticTC|neurotictc\n|n| MiphaDeezNuts|miphadeeznuts\n|n| stinkypoops|stinkypoops\n|n| LoafOfGodlyBread|loafofgodlybread\n|n| FunneeMonkee|funneemonkee\n|n| salamiReal|salamireal\n|n| SlowHomie|slowhomie\n","uploadtime":1683568453,"views":7,"p1id":"typicalandyy","p2id":"borghi","formatid":"gen9vgc2023regulationc","rating":0,"private":0,"password":""}