{"id":"gen9vgc2023regulationc-1846679611","p1":"vivian20","p2":"MegaMachado","format":"[Gen 9] VGC 2023 Regulation C","log":"|j|\u2606vivian20\n|j|\u2606MegaMachado\n|t:|1681865000\n|gametype|doubles\n|player|p1|vivian20|1|\n|player|p2|MegaMachado|blackbelt-gen4dp|\n|teamsize|p1|6\n|teamsize|p2|6\n|gen|9\n|tier|[Gen 9] VGC 2023 Regulation C\n|rule|Species Clause: Limit one of each Pok\u00e9mon\n|rule|Item Clause: Limit one of each item\n|clearpoke\n|poke|p1|Glimmora, L50, F|\n|poke|p1|Flutter Mane, L50|\n|poke|p1|Tatsugiri, L50, F|\n|poke|p1|Dondozo, L50, M|\n|poke|p1|Arcanine, L50, M|\n|poke|p1|Wo-Chien, L50|\n|poke|p2|Amoonguss, L50, M|\n|poke|p2|Pelipper, L50, F|\n|poke|p2|Palafin, L50, F|\n|poke|p2|Barraskewda, L50, M|\n|poke|p2|Chien-Pao, L50|\n|poke|p2|Gholdengo, L50|\n|teampreview|4\nvivian20 has agreed to open team sheets.\nMegaMachado has agreed to open team sheets.\n|inactive|Battle timer is ON: inactive players will automatically lose when time's up. (requested by MegaMachado)\n|\n|t:|1681865074\n|start\n|switch|p1a: Flutter Mane|Flutter Mane, L50|100\/100\n|switch|p1b: Wo-Chien|Wo-Chien, L50|100\/100\n|switch|p2a: Gholdengo|Gholdengo, L50|100\/100\n|switch|p2b: Pelipper|Pelipper, L50, F|100\/100\n|-weather|RainDance|[from] ability: Drizzle|[of] p2b: Pelipper\n|-ability|p1b: Wo-Chien|Tablets of Ruin\n|turn|1\n|inactive|MegaMachado has 30 seconds left.\n|\n|t:|1681865104\n|-terastallize|p2a: Gholdengo|Steel\n|move|p2b: Pelipper|Helping Hand|p2a: Gholdengo\n|-immune|p2a: Gholdengo|[from] ability: Good as Gold\n|move|p1a: Flutter Mane|Shadow Ball|p2a: Gholdengo\n|-damage|p2a: Gholdengo|57\/100\n|move|p2a: Gholdengo|Make It Rain|p1b: Wo-Chien|[spread] p1a,p1b\n|-supereffective|p1a: Flutter Mane\n|-enditem|p1a: Flutter Mane|Focus Sash\n|-damage|p1a: Flutter Mane|1\/100\n|-damage|p1b: Wo-Chien|41\/100\n|-unboost|p2a: Gholdengo|spa|1\n|move|p1b: Wo-Chien|Snarl|p2a: Gholdengo|[spread] p2a,p2b\n|-damage|p2a: Gholdengo|42\/100\n|-damage|p2b: Pelipper|83\/100\n|-unboost|p2a: Gholdengo|spa|1\n|-unboost|p2b: Pelipper|spa|1\n|\n|-weather|RainDance|[upkeep]\n|-heal|p1b: Wo-Chien|47\/100|[from] item: Leftovers\n|upkeep\n|turn|2\n|inactive|vivian20 has 30 seconds left.\n|inactive|MegaMachado has 30 seconds left.\n|\n|t:|1681865136\n|switch|p2a: Amoonguss|Amoonguss, L50, M|100\/100\n|move|p1a: Flutter Mane|Shadow Ball|p2a: Amoonguss\n|-damage|p2a: Amoonguss|57\/100\n|move|p2b: Pelipper|Hurricane|p1b: Wo-Chien\n|-supereffective|p1b: Wo-Chien\n|-damage|p1b: Wo-Chien|18\/100\n|move|p1b: Wo-Chien|Snarl|p2a: Amoonguss|[spread] p2a,p2b\n|-damage|p2a: Amoonguss|44\/100\n|-damage|p2b: Pelipper|65\/100\n|-unboost|p2a: Amoonguss|spa|1\n|-unboost|p2b: Pelipper|spa|1\n|\n|-weather|RainDance|[upkeep]\n|-heal|p1b: Wo-Chien|24\/100|[from] item: Leftovers\n|upkeep\n|turn|3\n|\n|t:|1681865160\n|switch|p1b: Glimmora|Glimmora, L50, F|100\/100\n|move|p1a: Flutter Mane|Shadow Ball|p2a: Amoonguss\n|-damage|p2a: Amoonguss|3\/100\n|move|p2b: Pelipper|Hurricane|p1a: Flutter Mane\n|-damage|p1a: Flutter Mane|0 fnt\n|faint|p1a: Flutter Mane\n|-end|p1a: Flutter Mane|Protosynthesis|[silent]\n|move|p2a: Amoonguss|Pollen Puff|p2b: Pelipper\n|-heal|p2b: Pelipper|100\/100\n|\n|-weather|RainDance|[upkeep]\n|upkeep\n|\n|t:|1681865184\n|switch|p1a: Wo-Chien|Wo-Chien, L50|24\/100\n|-ability|p1a: Wo-Chien|Tablets of Ruin\n|turn|4\n|\n|t:|1681865207\n|switch|p2a: Palafin|Palafin, L50, F|100\/100\n|move|p1a: Wo-Chien|Protect|p1a: Wo-Chien\n|-singleturn|p1a: Wo-Chien|Protect\n|move|p2b: Pelipper|Quick Attack|p1a: Wo-Chien\n|-activate|p1a: Wo-Chien|move: Protect\n|move|p1b: Glimmora|Earth Power|p2a: Palafin\n|-damage|p2a: Palafin|58\/100\n|\n|-weather|RainDance|[upkeep]\n|-heal|p1a: Wo-Chien|31\/100|[from] item: Leftovers\n|upkeep\n|turn|5\n|inactive|vivian20 has 30 seconds left.\n|inactive|vivian20 has 20 seconds left.\n|inactive|vivian20 has 15 seconds left.\n|inactive|vivian20 has 10 seconds left.\n|\n|t:|1681865256\n|switch|p2b: Amoonguss|Amoonguss, L50, M|37\/100\n|-terastallize|p1b: Glimmora|Grass\n|move|p2a: Palafin|Protect|p2a: Palafin\n|-singleturn|p2a: Palafin|Protect\n|move|p1b: Glimmora|Energy Ball|p2a: Palafin\n|-activate|p2a: Palafin|move: Protect\n|move|p1a: Wo-Chien|Leech Seed|p2b: Amoonguss\n|-immune|p2b: Amoonguss\n|\n|-weather|RainDance|[upkeep]\n|-heal|p1a: Wo-Chien|37\/100|[from] item: Leftovers\n|upkeep\n|turn|6\n|inactive|vivian20 has 30 seconds left.\n|\n|t:|1681865283\n|detailschange|p2a: Palafin|Palafin-Hero, L50, F\n|switch|p2a: Gholdengo|Gholdengo, L50, tera:Steel|42\/100\n|move|p1b: Glimmora|Energy Ball|p2a: Gholdengo\n|-resisted|p2a: Gholdengo\n|-damage|p2a: Gholdengo|14\/100\n|move|p1a: Wo-Chien|Snarl|p2b: Amoonguss|[spread] p2a,p2b\n|-damage|p2a: Gholdengo|0 fnt\n|-damage|p2b: Amoonguss|25\/100\n|-unboost|p2b: Amoonguss|spa|1\n|faint|p2a: Gholdengo\n|move|p2b: Amoonguss|Pollen Puff|p1a: Wo-Chien\n|-supereffective|p1a: Wo-Chien\n|-damage|p1a: Wo-Chien|8\/100\n|\n|-weather|RainDance|[upkeep]\n|-heal|p1a: Wo-Chien|14\/100|[from] item: Leftovers\n|upkeep\n|\n|t:|1681865301\n|switch|p2a: Pelipper|Pelipper, L50, F|100\/100\n|turn|7\n|inactive|vivian20 has 30 seconds left.\n|inactive|vivian20 has 20 seconds left.\n|\n|t:|1681865339\n|switch|p2b: Palafin|Palafin-Hero, L50, F|58\/100\n|-activate|p2b: Palafin|ability: Zero to Hero\n|move|p1a: Wo-Chien|Protect|p1a: Wo-Chien\n|-singleturn|p1a: Wo-Chien|Protect\n|move|p1b: Glimmora|Earth Power|p2b: Palafin\n|-damage|p2b: Palafin|22\/100\n|move|p2a: Pelipper|Hurricane|p1b: Glimmora\n|-supereffective|p1b: Glimmora\n|-damage|p1b: Glimmora|40\/100\n|\n|-weather|RainDance|[upkeep]\n|-heal|p1a: Wo-Chien|20\/100|[from] item: Leftovers\n|upkeep\n|turn|8\n|inactive|vivian20 has 30 seconds left.\n|inactive|MegaMachado has 30 seconds left.\n|\n|t:|1681865372\n|switch|p1a: Arcanine|Arcanine, L50, M|100\/100\n|-ability|p1a: Arcanine|Intimidate|boost\n|-unboost|p2a: Pelipper|atk|1\n|-unboost|p2b: Palafin|atk|1\n|move|p2b: Palafin|Jet Punch|p1b: Glimmora\n|-resisted|p1b: Glimmora\n|-damage|p1b: Glimmora|17\/100\n|-activate|p1b: Glimmora|ability: Toxic Debris\n|-sidestart|p2: MegaMachado|move: Toxic Spikes\n|move|p1b: Glimmora|Power Gem|p2a: Pelipper\n|-supereffective|p2a: Pelipper\n|-damage|p2a: Pelipper|0 fnt\n|faint|p2a: Pelipper\n|\n|-weather|none\n|upkeep\n|\n|t:|1681865387\n|switch|p2a: Amoonguss|Amoonguss, L50, M|58\/100\n|-sideend|p2: MegaMachado|move: Toxic Spikes|[of] p2a: Amoonguss\n|turn|9\n|inactive|vivian20 has 30 seconds left.\n|inactive|MegaMachado has 30 seconds left.\n|\n|t:|1681865421\n|switch|p1b: Wo-Chien|Wo-Chien, L50|20\/100\n|-ability|p1b: Wo-Chien|Tablets of Ruin\n|move|p2b: Palafin|Wave Crash|p1a: Arcanine\n|-supereffective|p1a: Arcanine\n|-damage|p1a: Arcanine|2\/100\n|-damage|p2b: Palafin|0 fnt|[from] Recoil\n|faint|p2b: Palafin\n|move|p1a: Arcanine|Flare Blitz|p2a: Amoonguss\n|-supereffective|p2a: Amoonguss\n|-damage|p2a: Amoonguss|8\/100\n|-damage|p1a: Arcanine|0 fnt|[from] item: Rocky Helmet|[of] p2a: Amoonguss\n|faint|p1a: Arcanine\n|move|p2a: Amoonguss|Pollen Puff|p2: Palafin|[notarget]\n|-fail|p2a: Amoonguss\n|\n|-heal|p1b: Wo-Chien|27\/100|[from] item: Leftovers\n|upkeep\n|\n|t:|1681865436\n|switch|p1a: Glimmora|Glimmora, L50, F, tera:Grass|17\/100\n|turn|10\n|\n|t:|1681865447\n|move|p1a: Glimmora|Power Gem|p2a: Amoonguss\n|-damage|p2a: Amoonguss|0 fnt\n|faint|p2a: Amoonguss\n|\n|win|vivian20\n|l|\u2606vivian20\n","uploadtime":1681865471,"views":12,"p1id":"vivian20","p2id":"megamachado","formatid":"gen9vgc2023regulationc","rating":0,"private":0,"password":""}