{"id":"gen9vgc2023regulationc-1857800265","p1":"chi-yuonetrick","p2":"garfieldslaya","format":"[Gen 9] VGC 2023 Regulation C","log":"|j|\u2606chi-yuonetrick\n|j|\u2606garfieldslaya\n|t:|1683233068\n|gametype|doubles\n|player|p1|chi-yuonetrick|acetrainer-gen6xy|\n|player|p2|garfieldslaya|jasmine|\n|teamsize|p1|6\n|teamsize|p2|6\n|gen|9\n|tier|[Gen 9] VGC 2023 Regulation C\n|rule|Species Clause: Limit one of each Pok\u00e9mon\n|rule|Item Clause: Limit one of each item\n|clearpoke\n|poke|p1|Iron Hands, L50|\n|poke|p1|Gyarados, L50, M|\n|poke|p1|Flutter Mane, L50|\n|poke|p1|Chi-Yu, L50|\n|poke|p1|Amoonguss, L50, M|\n|poke|p1|Bronzong, L50|\n|poke|p2|Amoonguss, L50, M|\n|poke|p2|Flutter Mane, L50|\n|poke|p2|Arcanine, L50, M|\n|poke|p2|Baxcalibur, L50, F|\n|poke|p2|Ting-Lu, L50|\n|poke|p2|Palafin, L50, F|\n|teampreview|4\ngarfieldslaya has agreed to open team sheets.\nchi-yuonetrick has agreed to open team sheets.\n|inactive|Battle timer is ON: inactive players will automatically lose when time's up. (requested by chi-yuonetrick)\n|\n|t:|1683233090\n|start\n|switch|p1a: Flutter Mane|Flutter Mane, L50|100\/100\n|switch|p1b: Gyarados|Gyarados, L50, M|100\/100\n|switch|p2a: Flutter Mane|Flutter Mane, L50|100\/100\n|switch|p2b: Ting-Lu|Ting-Lu, L50|100\/100\n|-ability|p1b: Gyarados|Intimidate|boost\n|-unboost|p2a: Flutter Mane|atk|1\n|-unboost|p2b: Ting-Lu|atk|1\n|-ability|p2b: Ting-Lu|Vessel of Ruin\n|-enditem|p2a: Flutter Mane|Booster Energy\n|-activate|p2a: Flutter Mane|ability: Protosynthesis|[fromitem]\n|-start|p2a: Flutter Mane|protosynthesisspa\n|turn|1\n|\n|t:|1683233106\n|-terastallize|p2b: Ting-Lu|Poison\n|move|p1b: Gyarados|Helping Hand|p1a: Flutter Mane\n|-singleturn|p1a: Flutter Mane|Helping Hand|[of] p1b: Gyarados\n|move|p2a: Flutter Mane|Protect|p2a: Flutter Mane\n|-singleturn|p2a: Flutter Mane|Protect\n|move|p1a: Flutter Mane|Dazzling Gleam|p2b: Ting-Lu|[spread] p2b\n|-activate|p2a: Flutter Mane|move: Protect\n|-resisted|p2b: Ting-Lu\n|-damage|p2b: Ting-Lu|86\/100\n|move|p2b: Ting-Lu|Heavy Slam|p1a: Flutter Mane\n|-supereffective|p1a: Flutter Mane\n|-damage|p1a: Flutter Mane|20\/100\n|\n|-heal|p2b: Ting-Lu|92\/100|[from] item: Leftovers\n|upkeep\n|turn|2\n|inactive|garfieldslaya has 30 seconds left.\n|\n|t:|1683233136\n|switch|p1b: Iron Hands|Iron Hands, L50|100\/100\n|move|p1a: Flutter Mane|Dazzling Gleam|p2b: Ting-Lu|[spread] p2a,p2b\n|-resisted|p2b: Ting-Lu\n|-damage|p2a: Flutter Mane|67\/100\n|-damage|p2b: Ting-Lu|83\/100\n|move|p2a: Flutter Mane|Thunderbolt|p1b: Iron Hands\n|-resisted|p1b: Iron Hands\n|-crit|p1b: Iron Hands\n|-damage|p1b: Iron Hands|85\/100\n|move|p2b: Ting-Lu|Heavy Slam|p1a: Flutter Mane\n|-supereffective|p1a: Flutter Mane\n|-damage|p1a: Flutter Mane|0 fnt\n|faint|p1a: Flutter Mane\n|-end|p1a: Flutter Mane|Protosynthesis|[silent]\n|\n|-heal|p2b: Ting-Lu|89\/100|[from] item: Leftovers\n|upkeep\n|\n|t:|1683233153\n|switch|p1a: Gyarados|Gyarados, L50, M|100\/100\n|-ability|p1a: Gyarados|Intimidate|boost\n|-unboost|p2a: Flutter Mane|atk|1\n|-unboost|p2b: Ting-Lu|atk|1\n|turn|3\n|\n|t:|1683233165\n|switch|p1a: Chi-Yu|Chi-Yu, L50|100\/100\n|-ability|p1a: Chi-Yu|Beads of Ruin\n|move|p2a: Flutter Mane|Protect|p2a: Flutter Mane\n|-singleturn|p2a: Flutter Mane|Protect\n|move|p1b: Iron Hands|Wild Charge|p2a: Flutter Mane\n|-activate|p2a: Flutter Mane|move: Protect\n|move|p2b: Ting-Lu|Stomping Tantrum|p1b: Iron Hands\n|-supereffective|p1b: Iron Hands\n|-damage|p1b: Iron Hands|64\/100\n|\n|-heal|p2b: Ting-Lu|95\/100|[from] item: Leftovers\n|upkeep\n|turn|4\n|inactive|garfieldslaya has 30 seconds left.\n|inactive|garfieldslaya has 20 seconds left.\n|\n|t:|1683233204\n|switch|p2b: Amoonguss|Amoonguss, L50, M|100\/100\n|move|p2a: Flutter Mane|Moonblast|p1b: Iron Hands\n|-supereffective|p1b: Iron Hands\n|-damage|p1b: Iron Hands|0 fnt\n|faint|p1b: Iron Hands\n|-end|p1b: Iron Hands|Quark Drive|[silent]\n|move|p1a: Chi-Yu|Nasty Plot|p1a: Chi-Yu\n|-boost|p1a: Chi-Yu|spa|2\n|\n|upkeep\n|\n|t:|1683233212\n|switch|p1b: Gyarados|Gyarados, L50, M|100\/100\n|-ability|p1b: Gyarados|Intimidate|boost\n|-unboost|p2a: Flutter Mane|atk|1\n|-unboost|p2b: Amoonguss|atk|1\n|turn|5\n|\n|t:|1683233235\n|switch|p2b: Ting-Lu|Ting-Lu, L50, tera:Poison|95\/100\n|-ability|p2b: Ting-Lu|Vessel of Ruin\n|-terastallize|p1b: Gyarados|Poison\n|move|p2a: Flutter Mane|Protect|p2a: Flutter Mane\n|-singleturn|p2a: Flutter Mane|Protect\n|move|p1a: Chi-Yu|Heat Wave|p2a: Flutter Mane|[spread] p2b\n|-activate|p2a: Flutter Mane|move: Protect\n|-damage|p2b: Ting-Lu|49\/100\n|move|p1b: Gyarados|Taunt|p2b: Ting-Lu\n|-start|p2b: Ting-Lu|move: Taunt\n|\n|-heal|p2b: Ting-Lu|55\/100|[from] item: Leftovers\n|upkeep\n|turn|6\n|inactive|garfieldslaya has 30 seconds left.\n|inactive|garfieldslaya has 20 seconds left.\n|inactive|garfieldslaya has 15 seconds left.\n|inactive|garfieldslaya has 10 seconds left.\n|\n|t:|1683233281\n|move|p2a: Flutter Mane|Shadow Ball|p1b: Gyarados\n|-damage|p1b: Gyarados|60\/100\n|move|p1a: Chi-Yu|Dark Pulse|p2b: Ting-Lu\n|-damage|p2b: Ting-Lu|2\/100\n|move|p1b: Gyarados|Waterfall|p2a: Flutter Mane\n|-damage|p2a: Flutter Mane|0 fnt\n|faint|p2a: Flutter Mane\n|-end|p2a: Flutter Mane|Protosynthesis|[silent]\n|cant|p2b: Ting-Lu|flinch\n|\n|-heal|p2b: Ting-Lu|8\/100|[from] item: Leftovers\n|upkeep\n|\n|t:|1683233294\n|switch|p2a: Arcanine|Arcanine, L50, M|100\/100\n|-ability|p2a: Arcanine|Intimidate|boost\n|-unboost|p1a: Chi-Yu|atk|1\n|-unboost|p1b: Gyarados|atk|1\n|turn|7\n|inactive|chi-yuonetrick has 30 seconds left.\n|inactive|garfieldslaya has 30 seconds left.\n|inactive|chi-yuonetrick has 20 seconds left.\n|inactive|garfieldslaya has 20 seconds left.\n|inactive|garfieldslaya has 15 seconds left.\n|inactive|garfieldslaya has 10 seconds left.\n|inactive|garfieldslaya has 5 seconds left.\n|\n|t:|1683233346\n|switch|p2b: Amoonguss|Amoonguss, L50, M|100\/100\n|move|p2a: Arcanine|Flare Blitz|p1b: Gyarados\n|-damage|p1b: Gyarados|12\/100\n|-status|p1b: Gyarados|brn\n|-enditem|p1b: Gyarados|Mago Berry|[eat]\n|-heal|p1b: Gyarados|45\/100 brn|[from] item: Mago Berry\n|-damage|p2a: Arcanine|83\/100|[from] Recoil\n|move|p1a: Chi-Yu|Dark Pulse|p2b: Amoonguss\n|-damage|p2b: Amoonguss|19\/100\n|move|p1b: Gyarados|Waterfall|p2a: Arcanine\n|-supereffective|p2a: Arcanine\n|-damage|p2a: Arcanine|57\/100\n|\n|-damage|p1b: Gyarados|39\/100 brn|[from] brn\n|upkeep\n|turn|8\n|inactive|chi-yuonetrick has 30 seconds left.\n|inactive|garfieldslaya has 30 seconds left.\n|inactive|garfieldslaya has 20 seconds left.\n|inactive|garfieldslaya has 15 seconds left.\n|\n|t:|1683233388\n|move|p2a: Arcanine|Flare Blitz|p1b: Gyarados\n|-damage|p1b: Gyarados|0 fnt\n|faint|p1b: Gyarados\n|-damage|p2a: Arcanine|43\/100|[from] Recoil\n|-enditem|p2a: Arcanine|Sitrus Berry|[eat]\n|-heal|p2a: Arcanine|68\/100|[from] item: Sitrus Berry\n|move|p1a: Chi-Yu|Dark Pulse|p2b: Amoonguss\n|-damage|p2b: Amoonguss|0 fnt\n|faint|p2b: Amoonguss\n|\n|upkeep\n|\n|t:|1683233398\n|switch|p2b: Ting-Lu|Ting-Lu, L50, tera:Poison|8\/100\n|-ability|p2b: Ting-Lu|Vessel of Ruin\n|turn|9\n|\n|t:|1683233415\n|move|p2a: Arcanine|Extreme Speed|p1a: Chi-Yu\n|-damage|p1a: Chi-Yu|73\/100\n|move|p1a: Chi-Yu|Heat Wave|p2b: Ting-Lu|[spread] p2a,p2b\n|-resisted|p2a: Arcanine\n|-damage|p2a: Arcanine|25\/100\n|-damage|p2b: Ting-Lu|0 fnt\n|faint|p2b: Ting-Lu\n|\n|-heal|p1a: Chi-Yu|79\/100|[from] item: Leftovers\n|upkeep\n|turn|10\n|c|\u2606chi-yuonetrick|gg\n|c|\u2606garfieldslaya|gg\n|c|\u2606garfieldslaya|man that flinch\n|c|\u2606garfieldslaya|oh well\n|inactive|garfieldslaya has 30 seconds left.\n|\n|t:|1683233443\n|move|p2a: Arcanine|Protect|p2a: Arcanine\n|-singleturn|p2a: Arcanine|Protect\n|move|p1a: Chi-Yu|Dark Pulse|p2a: Arcanine\n|-activate|p2a: Arcanine|move: Protect\n|\n|-heal|p1a: Chi-Yu|85\/100|[from] item: Leftovers\n|upkeep\n|turn|11\n|c|\u2606chi-yuonetrick|the burn sucked for me\n|c|\u2606chi-yuonetrick|and the ting lu not dying was a roll\n|inactive|chi-yuonetrick has 30 seconds left.\n|c|\u2606garfieldslaya|tru\n|inactive|chi-yuonetrick has 20 seconds left.\n|\n|t:|1683233480\n|move|p2a: Arcanine|Extreme Speed|p1a: Chi-Yu\n|-damage|p1a: Chi-Yu|59\/100\n|move|p1a: Chi-Yu|Dark Pulse|p2a: Arcanine\n|-damage|p2a: Arcanine|0 fnt\n|faint|p2a: Arcanine\n|\n|win|chi-yuonetrick\n|c|\u2606garfieldslaya|if i had killed ur chi yu i would have won prob\n|c|\u2606garfieldslaya|ggs tho\n|c|\u2606chi-yuonetrick|when could u have killed him\n|c|\u2606garfieldslaya|uh\n|c|\u2606garfieldslaya|if i had set up\n|c|\u2606garfieldslaya|with ting lu\n|c|\u2606garfieldslaya|and kept it healthy\n|c|\u2606chi-yuonetrick|oh ok\n|c|\u2606chi-yuonetrick|fair\n|c|\u2606chi-yuonetrick|ggs\n|c|\u2606garfieldslaya|do u think bulk on flutter is a good ide?\n|c|\u2606garfieldslaya|i ran mine super offensive spread rn\n|c|\u2606chi-yuonetrick|nah i like urs\n","uploadtime":1683233649,"views":9,"p1id":"chiyuonetrick","p2id":"garfieldslaya","formatid":"gen9vgc2023regulationc","rating":0,"private":0,"password":""}