{"id":"gen9vgc2023regulationc-1861996914","p1":"revocolombia","p2":"sillydylly","format":"[Gen 9] VGC 2023 Regulation C","log":"|j|\u2606revocolombia\n|j|\u2606sillydylly\n|t:|1683827416\n|gametype|doubles\n|player|p1|revocolombia|pokemonranger-gen4|1208\n|player|p2|sillydylly|1|1183\n|teamsize|p1|6\n|teamsize|p2|6\n|gen|9\n|tier|[Gen 9] VGC 2023 Regulation C\n|rated|\n|rule|Species Clause: Limit one of each Pok\u00e9mon\n|rule|Item Clause: Limit one of each item\n|clearpoke\n|poke|p1|Flutter Mane, L50|\n|poke|p1|Great Tusk, L50|\n|poke|p1|Gholdengo, L50|\n|poke|p1|Chien-Pao, L50|\n|poke|p1|Murkrow, L50, M|\n|poke|p1|Kingambit, L50, M|\n|poke|p2|Armarouge, L50, M|\n|poke|p2|Indeedee-F, L50, F|\n|poke|p2|Torkoal, L50, F|\n|poke|p2|Copperajah, L50, F|\n|poke|p2|Bronzong, L50|\n|poke|p2|Amoonguss, L50, M|\n|teampreview|4\n|\n|t:|1683827435\n|start\n|switch|p1a: Kingambit|Kingambit, L50, M|100\/100\n|switch|p1b: Chien-Pao|Chien-Pao, L50|100\/100\n|switch|p2a: Armarouge|Armarouge, L50, M|100\/100\n|switch|p2b: Indeedee|Indeedee-F, L50, F|100\/100\n|-ability|p1b: Chien-Pao|Sword of Ruin\n|-fieldstart|move: Psychic Terrain|[from] ability: Psychic Surge|[of] p2b: Indeedee\n|turn|1\n|\n|t:|1683827460\n|move|p2b: Indeedee|Follow Me|p2b: Indeedee\n|-singleturn|p2b: Indeedee|move: Follow Me\n|move|p1b: Chien-Pao|Ice Spinner|p2b: Indeedee\n|-damage|p2b: Indeedee|24\/100\n|-fieldend|move: Psychic Terrain\n|move|p1a: Kingambit|Swords Dance|p1a: Kingambit\n|-boost|p1a: Kingambit|atk|2\n|move|p2a: Armarouge|Trick Room|p2a: Armarouge\n|-fieldstart|move: Trick Room|[of] p2a: Armarouge\n|\n|upkeep\n|turn|2\n|inactive|Battle timer is ON: inactive players will automatically lose when time's up. (requested by sillydylly)\n|\n|t:|1683827508\n|move|p2b: Indeedee|Helping Hand|p2a: Armarouge\n|-singleturn|p2a: Armarouge|Helping Hand|[of] p2b: Indeedee\n|move|p1b: Chien-Pao|Sucker Punch|p2a: Armarouge\n|-supereffective|p2a: Armarouge\n|-damage|p2a: Armarouge|15\/100\n|-enditem|p2a: Armarouge|Aguav Berry|[eat]\n|-heal|p2a: Armarouge|48\/100|[from] item: Aguav Berry\n|move|p1a: Kingambit|Iron Head|p2b: Indeedee\n|-crit|p2b: Indeedee\n|-damage|p2b: Indeedee|0 fnt\n|faint|p2b: Indeedee\n|move|p2a: Armarouge|Armor Cannon|p1a: Kingambit\n|-supereffective|p1a: Kingambit\n|-damage|p1a: Kingambit|0 fnt\n|-unboost|p2a: Armarouge|def|1\n|-unboost|p2a: Armarouge|spd|1\n|faint|p1a: Kingambit\n|\n|upkeep\n|inactive|revocolombia has 30 seconds left.\n|\n|t:|1683827534\n|switch|p1a: Flutter Mane|Flutter Mane, L50|100\/100\n|switch|p2b: Torkoal|Torkoal, L50, F|100\/100\n|-weather|SunnyDay|[from] ability: Drought|[of] p2b: Torkoal\n|-activate|p1a: Flutter Mane|ability: Protosynthesis\n|-start|p1a: Flutter Mane|protosynthesisspa\n|-item|p2b: Torkoal|Air Balloon\n|turn|3\n|\n|t:|1683827556\n|move|p2a: Armarouge|Protect|p2a: Armarouge\n|-singleturn|p2a: Armarouge|Protect\n|move|p1a: Flutter Mane|Protect|p1a: Flutter Mane\n|-singleturn|p1a: Flutter Mane|Protect\n|move|p1b: Chien-Pao|Sucker Punch|p2b: Torkoal\n|-damage|p2b: Torkoal|63\/100\n|-enditem|p2b: Torkoal|Air Balloon\n|move|p2b: Torkoal|Eruption|p1b: Chien-Pao|[spread] p1b\n|-activate|p1a: Flutter Mane|move: Protect\n|-supereffective|p1b: Chien-Pao\n|-enditem|p1b: Chien-Pao|Focus Sash\n|-damage|p1b: Chien-Pao|1\/100\n|\n|-weather|SunnyDay|[upkeep]\n|upkeep\n|turn|4\n|inactive|sillydylly has 30 seconds left.\n|inactive|sillydylly has 20 seconds left.\n|inactive|sillydylly has 15 seconds left.\n|\n|t:|1683827596\n|switch|p2a: Amoonguss|Amoonguss, L50, M|100\/100\n|-end|p1a: Flutter Mane|Protosynthesis|[silent]\n|switch|p1a: Great Tusk|Great Tusk, L50|100\/100\n|-activate|p1a: Great Tusk|ability: Protosynthesis\n|-start|p1a: Great Tusk|protosynthesisatk\n|move|p1b: Chien-Pao|Sucker Punch|p2b: Torkoal\n|-damage|p2b: Torkoal|22\/100\n|move|p2b: Torkoal|Earth Power|p1b: Chien-Pao\n|-damage|p1b: Chien-Pao|0 fnt\n|faint|p1b: Chien-Pao\n|\n|-weather|SunnyDay|[upkeep]\n|upkeep\n|\n|t:|1683827613\n|switch|p1b: Flutter Mane|Flutter Mane, L50|100\/100\n|-activate|p1b: Flutter Mane|ability: Protosynthesis\n|-start|p1b: Flutter Mane|protosynthesisspa\n|turn|5\n|\n|t:|1683827631\n|move|p2b: Torkoal|Earth Power|p1a: Great Tusk\n|-damage|p1a: Great Tusk|68\/100\n|move|p2a: Amoonguss|Pollen Puff|p2b: Torkoal\n|-heal|p2b: Torkoal|72\/100\n|move|p1a: Great Tusk|Rock Slide|p2b: Torkoal|[spread] p2a\n|-miss|p1a: Great Tusk|p2b: Torkoal\n|-damage|p2a: Amoonguss|69\/100\n|move|p1b: Flutter Mane|Shadow Ball|p2a: Amoonguss\n|-damage|p2a: Amoonguss|31\/100\n|\n|-weather|SunnyDay|[upkeep]\n|-fieldend|move: Trick Room\n|upkeep\n|turn|6\n|inactive|sillydylly has 30 seconds left.\n|inactive|sillydylly has 20 seconds left.\n|\n|t:|1683827668\n|move|p1b: Flutter Mane|Protect|p1b: Flutter Mane\n|-singleturn|p1b: Flutter Mane|Protect\n|move|p2a: Amoonguss|Rage Powder|p2a: Amoonguss\n|-singleturn|p2a: Amoonguss|move: Rage Powder\n|move|p1a: Great Tusk|Earthquake|p2b: Torkoal|[spread] p2a,p2b\n|-activate|p1b: Flutter Mane|move: Protect\n|-supereffective|p2b: Torkoal\n|-damage|p2a: Amoonguss|0 fnt\n|-damage|p2b: Torkoal|0 fnt\n|faint|p2a: Amoonguss\n|faint|p2b: Torkoal\n|\n|-weather|SunnyDay|[upkeep]\n|upkeep\n|\n|t:|1683827679\n|switch|p2b: Armarouge|Armarouge, L50, M|48\/100\n|turn|7\n|-message|sillydylly forfeited.\n|\n|win|revocolombia\n|raw|revocolombia's rating: 1208 → 1231<\/strong> (+23 for winning)\n|raw|sillydylly's rating: 1183 → 1160<\/strong> (-23 for losing)\n|l|\u2606sillydylly\n","uploadtime":1683827690,"views":9,"p1id":"revocolombia","p2id":"sillydylly","formatid":"gen9vgc2023regulationc","rating":1160,"private":0,"password":""}