{"id":"gen9vgc2023regulationc-1858057981","p1":"Neoman15","p2":"ghibfuhv","format":"[Gen 9] VGC 2023 Regulation C","log":"|j|\u2606Neoman15\n|j|\u2606ghibfuhv\n|t:|1683268342\n|gametype|doubles\n|player|p1|Neoman15|2|1048\n|player|p2|ghibfuhv|266|1000\n|teamsize|p1|6\n|teamsize|p2|6\n|gen|9\n|tier|[Gen 9] VGC 2023 Regulation C\n|rated|\n|rule|Species Clause: Limit one of each Pok\u00e9mon\n|rule|Item Clause: Limit one of each item\n|clearpoke\n|poke|p1|Annihilape, L50, F|\n|poke|p1|Maushold, L50|\n|poke|p1|Chi-Yu, L50|\n|poke|p1|Flutter Mane, L50|\n|poke|p1|Iron Bundle, L50|\n|poke|p1|Amoonguss, L50, M|\n|poke|p2|Abomasnow, L50, F|\n|poke|p2|Iron Hands, L50|\n|poke|p2|Cetitan, L50, F|\n|poke|p2|Kingambit, L50, F|\n|poke|p2|Indeedee-F, L50, F|\n|poke|p2|Arcanine, L50, M|\n|teampreview|4\n|inactive|Battle timer is ON: inactive players will automatically lose when time's up. (requested by ghibfuhv)\n|\n|t:|1683268379\n|start\n|switch|p1a: Annihilape|Annihilape, L50, F, shiny|100\/100\n|switch|p1b: Maushold|Maushold, L50, shiny|100\/100\n|switch|p2a: Cetitan|Cetitan, L50, F|100\/100\n|switch|p2b: Indeedee|Indeedee-F, L50, F|100\/100\n|-fieldstart|move: Psychic Terrain|[from] ability: Psychic Surge|[of] p2b: Indeedee\n|turn|1\n|\n|t:|1683268397\n|move|p2b: Indeedee|Follow Me|p2b: Indeedee\n|-singleturn|p2b: Indeedee|move: Follow Me\n|move|p1b: Maushold|Super Fang|p2b: Indeedee\n|-damage|p2b: Indeedee|50\/100\n|move|p1a: Annihilape|Bulk Up|p1a: Annihilape\n|-boost|p1a: Annihilape|atk|1\n|-boost|p1a: Annihilape|def|1\n|move|p2a: Cetitan|Belly Drum|p2a: Cetitan\n|-damage|p2a: Cetitan|50\/100\n|-setboost|p2a: Cetitan|atk|6|[from] move: Belly Drum\n|-enditem|p2a: Cetitan|Sitrus Berry|[eat]\n|-heal|p2a: Cetitan|75\/100|[from] item: Sitrus Berry\n|\n|upkeep\n|turn|2\n|inactive|Neoman15 has 30 seconds left.\n|inactive|Neoman15 has 20 seconds left.\n|inactive|Neoman15 has 15 seconds left.\n|inactive|Neoman15 has 10 seconds left.\n|inactive|Neoman15 has 5 seconds left.\n|\n|t:|1683268449\n|move|p2b: Indeedee|Follow Me|p2b: Indeedee\n|-singleturn|p2b: Indeedee|move: Follow Me\n|move|p1b: Maushold|Super Fang|p2b: Indeedee\n|-damage|p2b: Indeedee|25\/100\n|move|p1a: Annihilape|Drain Punch|p2b: Indeedee\n|-damage|p2b: Indeedee|0 fnt\n|faint|p2b: Indeedee\n|move|p2a: Cetitan|Ice Spinner|p1b: Maushold\n|-damage|p1b: Maushold|0 fnt\n|-fieldend|move: Psychic Terrain\n|faint|p1b: Maushold\n|\n|upkeep\n|\n|t:|1683268464\n|switch|p1b: Chi-Yu|Chi-Yu, L50|100\/100\n|switch|p2b: Abomasnow|Abomasnow, L50, F|100\/100\n|-ability|p1b: Chi-Yu|Beads of Ruin\n|-weather|Snow|[from] ability: Snow Warning|[of] p2b: Abomasnow\n|turn|3\n|\n|t:|1683268482\n|-terastallize|p2a: Cetitan|Water\n|-terastallize|p1b: Chi-Yu|Fire\n|move|p2a: Cetitan|Liquidation|p1b: Chi-Yu\n|-supereffective|p1b: Chi-Yu\n|-crit|p1b: Chi-Yu\n|-damage|p1b: Chi-Yu|0 fnt\n|faint|p1b: Chi-Yu\n|move|p1a: Annihilape|Drain Punch|p2a: Cetitan\n|-damage|p2a: Cetitan|19\/100\n|move|p2b: Abomasnow|Aurora Veil|p2b: Abomasnow\n|-sidestart|p2: ghibfuhv|move: Aurora Veil\n|\n|-weather|Snow|[upkeep]\n|upkeep\n|\n|t:|1683268495\n|switch|p1b: Flutter Mane|Flutter Mane, L50, shiny|100\/100\n|turn|4\n|\n|t:|1683268511\n|move|p1b: Flutter Mane|Protect|p1b: Flutter Mane\n|-singleturn|p1b: Flutter Mane|Protect\n|move|p2a: Cetitan|Liquidation|p1a: Annihilape\n|-damage|p1a: Annihilape|0 fnt\n|faint|p1a: Annihilape\n|move|p2b: Abomasnow|Giga Drain|p1b: Flutter Mane\n|-activate|p1b: Flutter Mane|move: Protect\n|\n|-weather|Snow|[upkeep]\n|upkeep\n|turn|5\n|\n|t:|1683268521\n|move|p1b: Flutter Mane|Dazzling Gleam|p2b: Abomasnow|[spread] p2a,p2b\n|-damage|p2a: Cetitan|0 fnt\n|-damage|p2b: Abomasnow|76\/100\n|faint|p2a: Cetitan\n|move|p2b: Abomasnow|Icy Wind|p1b: Flutter Mane\n|-damage|p1b: Flutter Mane|75\/100\n|-unboost|p1b: Flutter Mane|spe|1\n|\n|-weather|Snow|[upkeep]\n|upkeep\n|\n|t:|1683268524\n|switch|p2a: Kingambit|Kingambit, L50, F|100\/100\n|turn|6\n|\n|t:|1683268534\n|move|p2a: Kingambit|Sucker Punch|p1b: Flutter Mane\n|-damage|p1b: Flutter Mane|0 fnt\n|faint|p1b: Flutter Mane\n|-end|p1b: Flutter Mane|Protosynthesis|[silent]\n|\n|win|ghibfuhv\n|raw|Neoman15's rating: 1048 → 1028<\/strong> (-20 for losing)\n|raw|ghibfuhv's rating: 1000 → 1045<\/strong> (+45 for winning)\n","uploadtime":1683268539,"views":6,"p1id":"neoman15","p2id":"ghibfuhv","formatid":"gen9vgc2023regulationc","rating":1028,"private":0,"password":""}