{"id":"gen9vgc2023regulationc-1846971610","p1":"200 routes","p2":"taro14","format":"[Gen 9] VGC 2023 Regulation C","log":"|j|\u2606200 routes\n|j|\u2606taro14\n|t:|1681907581\n|gametype|doubles\n|player|p1|200 routes|102|1383\n|player|p2|taro14|dawn|1403\n|teamsize|p1|6\n|teamsize|p2|6\n|gen|9\n|tier|[Gen 9] VGC 2023 Regulation C\n|rated|\n|rule|Species Clause: Limit one of each Pok\u00e9mon\n|rule|Item Clause: Limit one of each item\n|clearpoke\n|poke|p1|Scizor, L50, F|\n|poke|p1|Iron Bundle, L50|\n|poke|p1|Iron Hands, L50|\n|poke|p1|Baxcalibur, L50, M|\n|poke|p1|Amoonguss, L50, F|\n|poke|p1|Flutter Mane, L50|\n|poke|p2|Flutter Mane, L50|\n|poke|p2|Arcanine, L50, F|\n|poke|p2|Dragonite, L50, F|\n|poke|p2|Ting-Lu, L50|\n|poke|p2|Dondozo, L50, F|\n|poke|p2|Tatsugiri-Stretchy, L50, F|\n|teampreview|4\n200 routes has agreed to open team sheets.\n|inactive|Battle timer is ON: inactive players will automatically lose when time's up. (requested by 200 routes)\n|\n|t:|1681907621\n|start\n|switch|p1a: Baxcalibur|Baxcalibur, L50, M|100\/100\n|switch|p1b: Iron Hands|Iron Hands, L50|100\/100\n|switch|p2a: Flutter Mane|Flutter Mane, L50|100\/100\n|switch|p2b: Dondozo|Dondozo, L50, F|100\/100\n|turn|1\n|inactive|taro14 has 30 seconds left.\n|\n|t:|1681907656\n|-terastallize|p1b: Iron Hands|Grass\n|move|p1a: Baxcalibur|Protect|p1a: Baxcalibur\n|-singleturn|p1a: Baxcalibur|Protect\n|move|p2b: Dondozo|Protect|p2b: Dondozo\n|-singleturn|p2b: Dondozo|Protect\n|move|p2a: Flutter Mane|Dazzling Gleam|p1a: Baxcalibur|[spread] p1b\n|-activate|p1a: Baxcalibur|move: Protect\n|-damage|p1b: Iron Hands|79\/100\n|move|p1b: Iron Hands|Heavy Slam|p2a: Flutter Mane\n|-supereffective|p2a: Flutter Mane\n|-damage|p2a: Flutter Mane|0 fnt\n|faint|p2a: Flutter Mane\n|-end|p2a: Flutter Mane|Protosynthesis|[silent]\n|\n|upkeep\n|\n|t:|1681907675\n|switch|p2a: Arcanine|Arcanine, L50, F|100\/100\n|-ability|p2a: Arcanine|Intimidate|boost\n|-fail|p1a: Baxcalibur|unboost|[from] item: Clear Amulet|[of] p1a: Baxcalibur\n|-unboost|p1b: Iron Hands|atk|1\n|turn|2\n|inactive|200 routes has 30 seconds left.\n|\n|t:|1681907703\n|-end|p1b: Iron Hands|Quark Drive|[silent]\n|switch|p1b: Iron Bundle|Iron Bundle, L50|100\/100\n|-enditem|p1b: Iron Bundle|Booster Energy\n|-activate|p1b: Iron Bundle|ability: Quark Drive|[fromitem]\n|-start|p1b: Iron Bundle|quarkdrivespe\n|move|p2a: Arcanine|Flare Blitz|p1b: Iron Bundle\n|-damage|p1b: Iron Bundle|40\/100\n|-damage|p2a: Arcanine|84\/100|[from] Recoil\n|move|p1a: Baxcalibur|Glaive Rush|p2b: Dondozo\n|-damage|p2b: Dondozo|52\/100\n|-singlemove|p1a: Baxcalibur|Glaive Rush|[silent]\n|move|p2b: Dondozo|Wave Crash|p1a: Baxcalibur\n|-resisted|p1a: Baxcalibur\n|-damage|p1a: Baxcalibur|32\/100\n|-damage|p2b: Dondozo|30\/100|[from] Recoil\n|-damage|p2b: Dondozo|20\/100|[from] item: Life Orb\n|\n|upkeep\n|turn|3\n|inactive|200 routes has 30 seconds left.\n|inactive|taro14 has 30 seconds left.\n|\n|t:|1681907736\n|switch|p1a: Iron Hands|Iron Hands, L50, tera:Grass|79\/100\n|-terastallize|p2a: Arcanine|Normal\n|move|p2b: Dondozo|Protect|p2b: Dondozo\n|-singleturn|p2b: Dondozo|Protect\n|move|p2a: Arcanine|Extreme Speed|p1b: Iron Bundle\n|-damage|p1b: Iron Bundle|3\/100\n|move|p1b: Iron Bundle|Hydro Pump|p2a: Arcanine\n|-damage|p2a: Arcanine|26\/100\n|\n|upkeep\n|turn|4\n|inactive|taro14 has 30 seconds left.\n|\n|t:|1681907768\n|switch|p2a: Tatsugiri|Tatsugiri-Stretchy, L50, F|100\/100\n|-activate|p2a: Tatsugiri|ability: Commander|[of] p2b: Dondozo\n|-boost|p2b: Dondozo|atk|2\n|-boost|p2b: Dondozo|spa|2\n|-boost|p2b: Dondozo|spe|2\n|-boost|p2b: Dondozo|def|2\n|-boost|p2b: Dondozo|spd|2\n|move|p1b: Iron Bundle|Protect|p1b: Iron Bundle\n|-singleturn|p1b: Iron Bundle|Protect\n|move|p2b: Dondozo|Earthquake|p1a: Iron Hands|[spread] p1a\n|-miss|p2b: Dondozo|p2a: Tatsugiri\n|-activate|p1b: Iron Bundle|move: Protect\n|-resisted|p1a: Iron Hands\n|-damage|p1a: Iron Hands|61\/100\n|-damage|p2b: Dondozo|11\/100|[from] item: Life Orb\n|move|p1a: Iron Hands|Wild Charge|p2b: Dondozo\n|-supereffective|p2b: Dondozo\n|-damage|p2b: Dondozo|0 fnt\n|faint|p2b: Dondozo\n|-damage|p1a: Iron Hands|58\/100|[from] Recoil\n|\n|upkeep\n|\n|t:|1681907789\n|switch|p2b: Arcanine|Arcanine, L50, F, tera:Normal|26\/100\n|-ability|p2b: Arcanine|Intimidate|boost\n|-unboost|p1a: Iron Hands|atk|1\n|-unboost|p1b: Iron Bundle|atk|1\n|turn|5\n|inactive|taro14 has 30 seconds left.\n|\n|t:|1681907815\n|-end|p1b: Iron Bundle|Quark Drive|[silent]\n|switch|p1b: Flutter Mane|Flutter Mane, L50|100\/100\n|move|p2a: Tatsugiri|Dragon Pulse|p1b: Flutter Mane\n|-immune|p1b: Flutter Mane\n|move|p2b: Arcanine|Flare Blitz|p1a: Iron Hands\n|-supereffective|p1a: Iron Hands\n|-damage|p1a: Iron Hands|0 fnt\n|faint|p1a: Iron Hands\n|-end|p1a: Iron Hands|Quark Drive|[silent]\n|-damage|p2b: Arcanine|0 fnt|[from] Recoil\n|faint|p2b: Arcanine\n|\n|upkeep\n|\n|t:|1681907826\n|switch|p1a: Iron Bundle|Iron Bundle, L50|3\/100\n|turn|6\n|\n|t:|1681907832\n|move|p2a: Tatsugiri|Dragon Pulse|p1a: Iron Bundle\n|-damage|p1a: Iron Bundle|0 fnt\n|faint|p1a: Iron Bundle\n|-end|p1a: Iron Bundle|Quark Drive|[silent]\n|move|p1b: Flutter Mane|Moonblast|p2a: Tatsugiri\n|-supereffective|p2a: Tatsugiri\n|-damage|p2a: Tatsugiri|0 fnt\n|faint|p2a: Tatsugiri\n|\n|win|200 routes\n|raw|200 routes's rating: 1383 → 1404<\/strong> (+21 for winning)\n|raw|taro14's rating: 1403 → 1382<\/strong> (-21 for losing)\n","uploadtime":1681907841,"views":7,"p1id":"200routes","p2id":"taro14","formatid":"gen9vgc2023regulationc","rating":1382,"private":0,"password":""}