{"id":"gen9vgc2023regulationc-1847962440","p1":"Protecties","p2":"Renan 26","format":"[Gen 9] VGC 2023 Regulation C","log":"|j|\u2606Protecties\n|j|\u2606Renan 26\n|t:|1682016188\n|gametype|doubles\n|player|p1|Protecties|bugcatcher-gen4dp|1095\n|player|p2|Renan 26|grimsley|1173\n|teamsize|p1|6\n|teamsize|p2|6\n|gen|9\n|tier|[Gen 9] VGC 2023 Regulation C\n|rated|\n|rule|Species Clause: Limit one of each Pok\u00e9mon\n|rule|Item Clause: Limit one of each item\n|clearpoke\n|poke|p1|Indeedee-F, L50, F|\n|poke|p1|Armarouge, L50, M|\n|poke|p1|Amoonguss, L50, M|\n|poke|p1|Tyranitar, L50, M|\n|poke|p1|Roaring Moon, L50|\n|poke|p1|Gastrodon-East, L50, F|\n|poke|p2|Clawitzer, L50, M|\n|poke|p2|Meowscarada, L50, F|\n|poke|p2|Mimikyu, L50, F|\n|poke|p2|Iron Hands, L50|\n|poke|p2|Sylveon, L50, F|\n|poke|p2|Arcanine, L50, M|\n|teampreview|4\n|inactive|Battle timer is ON: inactive players will automatically lose when time's up. (requested by Protecties)\n|\n|t:|1682016218\n|start\n|switch|p1a: Tyranitar|Tyranitar, L50, M|100\/100\n|switch|p1b: Indeedee|Indeedee-F, L50, F|100\/100\n|switch|p2a: Seu Siriguejo|Clawitzer, L50, M, shiny|100\/100\n|switch|p2b: Zorra|Meowscarada, L50, F, shiny|100\/100\n|-fieldstart|move: Psychic Terrain|[from] ability: Psychic Surge|[of] p1b: Indeedee\n|-enditem|p1b: Indeedee|Psychic Seed\n|-boost|p1b: Indeedee|spd|1|[from] item: Psychic Seed\n|-weather|Sandstorm|[from] ability: Sand Stream|[of] p1a: Tyranitar\n|turn|1\n|inactive|Protecties has 30 seconds left.\n|\n|t:|1682016248\n|switch|p1a: Armarouge|Armarouge, L50, M|100\/100\n|move|p1b: Indeedee|Protect|p1b: Indeedee\n|-singleturn|p1b: Indeedee|Protect\n|move|p2b: Zorra|U-turn|p1b: Indeedee\n|-start|p2b: Zorra|typechange|Bug|[from] ability: Protean\n|-activate|p1b: Indeedee|move: Protect\n|move|p2a: Seu Siriguejo|Aura Sphere|p1b: Indeedee\n|-activate|p1b: Indeedee|move: Protect\n|\n|-weather|Sandstorm|[upkeep]\n|-damage|p2b: Zorra|95\/100|[from] Sandstorm\n|-damage|p1a: Armarouge|94\/100|[from] Sandstorm\n|-damage|p1b: Indeedee|94\/100|[from] Sandstorm\n|-damage|p2a: Seu Siriguejo|94\/100|[from] Sandstorm\n|-heal|p2a: Seu Siriguejo|100\/100|[from] item: Leftovers\n|upkeep\n|turn|2\n|\n|t:|1682016270\n|move|p1b: Indeedee|Follow Me|p1b: Indeedee\n|-singleturn|p1b: Indeedee|move: Follow Me\n|move|p2b: Zorra|U-turn|p1b: Indeedee\n|-supereffective|p1b: Indeedee\n|-damage|p1b: Indeedee|0 fnt\n|faint|p1b: Indeedee\n|\n|t:|1682016282\n|switch|p2b: Bruno Bucharachi|Sylveon, L50, F|100\/100|[from] U-turn\n|move|p2a: Seu Siriguejo|Water Pulse|p1a: Armarouge\n|-supereffective|p1a: Armarouge\n|-damage|p1a: Armarouge|0 fnt\n|faint|p1a: Armarouge\n|\n|-weather|Sandstorm|[upkeep]\n|-damage|p2b: Bruno Bucharachi|95\/100|[from] Sandstorm\n|-damage|p2a: Seu Siriguejo|94\/100|[from] Sandstorm\n|-heal|p2a: Seu Siriguejo|100\/100|[from] item: Leftovers\n|upkeep\n|\n|t:|1682016294\n|switch|p1a: Gastrodon|Gastrodon-East, L50, F|100\/100\n|switch|p1b: Tyranitar|Tyranitar, L50, M|100\/100\n|turn|3\n|\n|t:|1682016312\n|move|p1b: Tyranitar|Rock Slide|p2b: Bruno Bucharachi|[spread] p2a,p2b\n|-damage|p2a: Seu Siriguejo|48\/100\n|-damage|p2b: Bruno Bucharachi|38\/100\n|move|p2b: Bruno Bucharachi|Hyper Voice|p1a: Gastrodon|[spread] p1a,p1b\n|-supereffective|p1b: Tyranitar\n|-damage|p1a: Gastrodon|73\/100\n|-damage|p1b: Tyranitar|54\/100\n|-enditem|p2b: Bruno Bucharachi|Throat Spray\n|-boost|p2b: Bruno Bucharachi|spa|1|[from] item: Throat Spray\n|cant|p2a: Seu Siriguejo|flinch\n|move|p1a: Gastrodon|Earth Power|p2a: Seu Siriguejo\n|-damage|p2a: Seu Siriguejo|18\/100\n|\n|-weather|Sandstorm|[upkeep]\n|-damage|p2b: Bruno Bucharachi|32\/100|[from] Sandstorm\n|-damage|p2a: Seu Siriguejo|12\/100|[from] Sandstorm\n|-heal|p2a: Seu Siriguejo|18\/100|[from] item: Leftovers\n|upkeep\n|turn|4\n|inactive|Renan 26 has 30 seconds left.\n|\n|t:|1682016339\n|move|p2b: Bruno Bucharachi|Protect|p2b: Bruno Bucharachi\n|-singleturn|p2b: Bruno Bucharachi|Protect\n|move|p1a: Gastrodon|Protect|p1a: Gastrodon\n|-singleturn|p1a: Gastrodon|Protect\n|move|p1b: Tyranitar|Rock Slide|p2b: Bruno Bucharachi|[spread] p2a\n|-activate|p2b: Bruno Bucharachi|move: Protect\n|-damage|p2a: Seu Siriguejo|0 fnt\n|faint|p2a: Seu Siriguejo\n|\n|-weather|Sandstorm|[upkeep]\n|-damage|p2b: Bruno Bucharachi|26\/100|[from] Sandstorm\n|upkeep\n|\n|t:|1682016353\n|switch|p2a: Zorra|Meowscarada, L50, F, shiny|95\/100\n|turn|5\n|\n|t:|1682016369\n|move|p1a: Gastrodon|Helping Hand|p1b: Tyranitar\n|-singleturn|p1b: Tyranitar|Helping Hand|[of] p1a: Gastrodon\n|move|p2a: Zorra|Flower Trick|p1b: Tyranitar\n|-start|p2a: Zorra|typechange|Grass|[from] ability: Protean\n|-supereffective|p1b: Tyranitar\n|-crit|p1b: Tyranitar\n|-damage|p1b: Tyranitar|0 fnt\n|faint|p1b: Tyranitar\n|move|p2b: Bruno Bucharachi|Hyper Voice|p1a: Gastrodon\n|-damage|p1a: Gastrodon|16\/100\n|-enditem|p1a: Gastrodon|Sitrus Berry|[eat]\n|-heal|p1a: Gastrodon|40\/100|[from] item: Sitrus Berry\n|\n|-weather|none\n|-fieldend|move: Psychic Terrain\n|upkeep\n|turn|6\n|-message|Protecties forfeited.\n|\n|win|Renan 26\n|raw|Protecties's rating: 1095 → 1076<\/strong> (-19 for losing)\n|raw|Renan 26's rating: 1173 → 1192<\/strong> (+19 for winning)\n|l|\u2606Protecties\n","uploadtime":1682016391,"views":13,"p1id":"protecties","p2id":"renan26","formatid":"gen9vgc2023regulationc","rating":1076,"private":0,"password":""}