{"id":"gen9vgc2023regulationc-1858313171","p1":"vrumvrumnatal","p2":"regidrago=crab","format":"[Gen 9] VGC 2023 Regulation C","log":"|j|\u2606vrumvrumnatal\n|j|\u2606regidrago=crab\n|t:|1683301029\n|gametype|doubles\n|player|p1|vrumvrumnatal|170|1373\n|player|p2|regidrago=crab|elesa-masters|1447\n|teamsize|p1|6\n|teamsize|p2|6\n|gen|9\n|tier|[Gen 9] VGC 2023 Regulation C\n|rated|\n|rule|Species Clause: Limit one of each Pok\u00e9mon\n|rule|Item Clause: Limit one of each item\n|clearpoke\n|poke|p1|Orthworm, L50, M|\n|poke|p1|Dragonite, L50, F|\n|poke|p1|Ting-Lu, L50|\n|poke|p1|Gyarados, L50, F|\n|poke|p1|Flutter Mane, L50|\n|poke|p1|Chien-Pao, L50|\n|poke|p2|Brute Bonnet, L50|\n|poke|p2|Flutter Mane, L50|\n|poke|p2|Iron Bundle, L50|\n|poke|p2|Chi-Yu, L50|\n|poke|p2|Iron Hands, L50|\n|poke|p2|Mimikyu, L50, F|\n|teampreview|4\n|inactive|Battle timer is ON: inactive players will automatically lose when time's up. (requested by vrumvrumnatal)\n|\n|t:|1683301089\n|start\n|switch|p1a: Orthworm|Orthworm, L50, M|100\/100\n|switch|p1b: Gyarados|Gyarados, L50, F|100\/100\n|switch|p2a: Chi-Yu|Chi-Yu, L50|100\/100\n|switch|p2b: Brute Bonnet|Brute Bonnet, L50|100\/100\n|-ability|p2a: Chi-Yu|Beads of Ruin\n|-ability|p1b: Gyarados|Intimidate|boost\n|-unboost|p2a: Chi-Yu|atk|1\n|-unboost|p2b: Brute Bonnet|atk|1\n|turn|1\n|inactive|vrumvrumnatal has 30 seconds left.\n|\n|t:|1683301124\n|-terastallize|p2a: Chi-Yu|Water\n|move|p2a: Chi-Yu|Nasty Plot|p2a: Chi-Yu\n|-boost|p2a: Chi-Yu|spa|2\n|move|p1b: Gyarados|Taunt|p2b: Brute Bonnet\n|-start|p2b: Brute Bonnet|move: Taunt\n|move|p1a: Orthworm|Body Press|p2a: Chi-Yu\n|-damage|p2a: Chi-Yu|49\/100\n|cant|p2b: Brute Bonnet|move: Taunt|Spore\n|\n|upkeep\n|turn|2\n|inactive|vrumvrumnatal has 30 seconds left.\n|inactive|regidrago=crab has 30 seconds left.\n|\n|t:|1683301155\n|-end|p2b: Brute Bonnet|Protosynthesis|[silent]\n|switch|p2b: Iron Bundle|Iron Bundle, L50|100\/100\n|-enditem|p2b: Iron Bundle|Booster Energy\n|-activate|p2b: Iron Bundle|ability: Quark Drive|[fromitem]\n|-start|p2b: Iron Bundle|quarkdrivespe\n|-terastallize|p1a: Orthworm|Fire\n|move|p2a: Chi-Yu|Dark Pulse|p1a: Orthworm\n|-damage|p1a: Orthworm|0 fnt\n|faint|p1a: Orthworm\n|move|p1b: Gyarados|Thunder Wave|p2b: Iron Bundle|[miss]\n|-miss|p1b: Gyarados|p2b: Iron Bundle\n|\n|upkeep\n|\n|t:|1683301170\n|switch|p1a: Ting-Lu|Ting-Lu, L50|100\/100\n|-ability|p1a: Ting-Lu|Vessel of Ruin\n|turn|3\n|\n|t:|1683301189\n|move|p2b: Iron Bundle|Protect|p2b: Iron Bundle\n|-singleturn|p2b: Iron Bundle|Protect\n|move|p2a: Chi-Yu|Protect|p2a: Chi-Yu\n|-singleturn|p2a: Chi-Yu|Protect\n|move|p1b: Gyarados|Waterfall|p2b: Iron Bundle\n|-activate|p2b: Iron Bundle|move: Protect\n|move|p1a: Ting-Lu|Earthquake|p2b: Iron Bundle|[spread] \n|-activate|p2a: Chi-Yu|move: Protect\n|-activate|p2b: Iron Bundle|move: Protect\n|-immune|p1b: Gyarados\n|\n|upkeep\n|turn|4\n|\n|t:|1683301212\n|move|p2b: Iron Bundle|Freeze-Dry|p1b: Gyarados\n|-supereffective|p1b: Gyarados\n|-damage|p1b: Gyarados|0 fnt\n|faint|p1b: Gyarados\n|move|p2a: Chi-Yu|Heat Wave|p1a: Ting-Lu\n|-damage|p1a: Ting-Lu|19\/100\n|move|p1a: Ting-Lu|Earthquake|p2b: Iron Bundle|[spread] p2a,p2b\n|-damage|p2a: Chi-Yu|0 fnt\n|-damage|p2b: Iron Bundle|41\/100\n|faint|p2a: Chi-Yu\n|\n|upkeep\n|\n|t:|1683301222\n|switch|p2a: Flutter Mane|Flutter Mane, L50|100\/100\n|switch|p1b: Flutter Mane|Flutter Mane, L50|100\/100\n|turn|5\n|\n|t:|1683301231\n|move|p2b: Iron Bundle|Icy Wind|p1b: Flutter Mane|[spread] p1a,p1b\n|-supereffective|p1a: Ting-Lu\n|-damage|p1a: Ting-Lu|0 fnt\n|-damage|p1b: Flutter Mane|84\/100\n|-unboost|p1b: Flutter Mane|spe|1\n|faint|p1a: Ting-Lu\n|move|p2a: Flutter Mane|Dazzling Gleam|p1b: Flutter Mane\n|-damage|p1b: Flutter Mane|30\/100\n|move|p1b: Flutter Mane|Moonblast|p2a: Flutter Mane\n|-damage|p2a: Flutter Mane|36\/100\n|-unboost|p2a: Flutter Mane|spa|1\n|\n|upkeep\n|turn|6\n|\n|t:|1683301243\n|move|p2b: Iron Bundle|Icy Wind|p1b: Flutter Mane\n|-damage|p1b: Flutter Mane|2\/100\n|-unboost|p1b: Flutter Mane|spe|1\n|move|p2a: Flutter Mane|Dazzling Gleam|p1b: Flutter Mane\n|-damage|p1b: Flutter Mane|0 fnt\n|faint|p1b: Flutter Mane\n|-end|p1b: Flutter Mane|Protosynthesis|[silent]\n|\n|win|regidrago=crab\n|raw|vrumvrumnatal's rating: 1373 → 1357<\/strong> (-16 for losing)\n|raw|regidrago=crab's rating: 1447 → 1463<\/strong> (+16 for winning)\n","uploadtime":1683301257,"views":15,"p1id":"vrumvrumnatal","p2id":"regidragocrab","formatid":"gen9vgc2023regulationc","rating":1357,"private":0,"password":""}