{"id":"gen9vgc2023regulationc-1849839817","p1":"Fiddlefern88","p2":"Rafarofa","format":"[Gen 9] VGC 2023 Regulation C","log":"|j|\u2606Fiddlefern88\n|j|\u2606Rafarofa\n|t:|1682259185\n|gametype|doubles\n|player|p1|Fiddlefern88|266|1045\n|player|p2|Rafarofa|dancer|1105\n|teamsize|p1|6\n|teamsize|p2|6\n|gen|9\n|tier|[Gen 9] VGC 2023 Regulation C\n|rated|\n|rule|Species Clause: Limit one of each Pok\u00e9mon\n|rule|Item Clause: Limit one of each item\n|clearpoke\n|poke|p1|Azumarill, L50, M|\n|poke|p1|Brute Bonnet, L50|\n|poke|p1|Tauros-Paldea-Blaze, L50, M|\n|poke|p1|Ting-Lu, L50|\n|poke|p1|Baxcalibur, L50, M|\n|poke|p1|Flutter Mane, L50|\n|poke|p2|Hariyama, L50, M|\n|poke|p2|Grimmsnarl, L50, M|\n|poke|p2|Skeledirge, L50, M|\n|poke|p2|Gyarados, L50, M|\n|poke|p2|Annihilape, L50, F|\n|poke|p2|Rotom-Mow, L50|\n|teampreview|4\n|inactive|Battle timer is ON: inactive players will automatically lose when time's up. (requested by Fiddlefern88)\nFiddlefern88 has agreed to open team sheets.\n|inactive|Fiddlefern88 has 60 seconds left.\n|\n|t:|1682259237\n|start\n|switch|p1a: Azumarill|Azumarill, L50, M|100\/100\n|switch|p1b: Ting-Lu|Ting-Lu, L50|100\/100\n|switch|p2a: Hariyama|Hariyama, L50, M|100\/100\n|switch|p2b: Rotom|Rotom-Mow, L50|100\/100\n|-ability|p1b: Ting-Lu|Vessel of Ruin\n|turn|1\n|\n|t:|1682259257\n|switch|p1a: Tauros|Tauros-Paldea-Blaze, L50, M|100\/100\n|-ability|p1a: Tauros|Intimidate|boost\n|-unboost|p2a: Hariyama|atk|1\n|-unboost|p2b: Rotom|atk|1\n|-enditem|p2b: Rotom|Eject Pack\n|\n|t:|1682259262\n|switch|p2b: Gyarados|Gyarados, L50, M|100\/100\n|-ability|p2b: Gyarados|Intimidate|boost\n|-unboost|p1a: Tauros|atk|1\n|-unboost|p1b: Ting-Lu|atk|1\n|-terastallize|p2a: Hariyama|Steel\n|-terastallize|p1b: Ting-Lu|Poison\n|move|p2a: Hariyama|Bulk Up|p2a: Hariyama\n|-boost|p2a: Hariyama|atk|1\n|-boost|p2a: Hariyama|def|1\n|move|p1b: Ting-Lu|Stealth Rock|p2a: Hariyama\n|-sidestart|p2: Rafarofa|move: Stealth Rock\n|\n|-status|p2a: Hariyama|brn|[from] item: Flame Orb\n|upkeep\n|turn|2\n|inactive|Rafarofa has 30 seconds left.\n|inactive|Rafarofa has 20 seconds left.\n|\n|t:|1682259299\n|move|p1a: Tauros|Will-O-Wisp|p2b: Gyarados\n|-status|p2b: Gyarados|brn\n|move|p2b: Gyarados|Dragon Dance|p2b: Gyarados\n|-boost|p2b: Gyarados|atk|1\n|-boost|p2b: Gyarados|spe|1\n|move|p2a: Hariyama|Drain Punch|p1a: Tauros\n|-damage|p1a: Tauros|46\/100\n|move|p1b: Ting-Lu|Ruination|p2a: Hariyama\n|-damage|p2a: Hariyama|51\/100 brn\n|\n|-damage|p2b: Gyarados|95\/100 brn|[from] brn\n|-damage|p2a: Hariyama|45\/100 brn|[from] brn\n|upkeep\n|turn|3\n|\n|t:|1682259317\n|move|p2b: Gyarados|Dragon Dance|p2b: Gyarados\n|-boost|p2b: Gyarados|atk|1\n|-boost|p2b: Gyarados|spe|1\n|move|p1a: Tauros|Flare Blitz|p2a: Hariyama\n|-supereffective|p2a: Hariyama\n|-damage|p2a: Hariyama|0 fnt\n|faint|p2a: Hariyama\n|-damage|p1a: Tauros|25\/100|[from] Recoil\n|move|p1b: Ting-Lu|Ruination|p2b: Gyarados\n|-damage|p2b: Gyarados|48\/100 brn\n|\n|-damage|p2b: Gyarados|42\/100 brn|[from] brn\n|upkeep\n|\n|t:|1682259328\n|switch|p2a: Rotom|Rotom-Mow, L50|100\/100\n|-damage|p2a: Rotom|88\/100|[from] Stealth Rock\n|turn|4\n|\n|t:|1682259336\n|move|p1a: Tauros|Protect|p1a: Tauros\n|-singleturn|p1a: Tauros|Protect\n|move|p2b: Gyarados|Earthquake|p1a: Tauros|[spread] p1b\n|-activate|p1a: Tauros|move: Protect\n|-immune|p2a: Rotom|[from] ability: Levitate\n|-supereffective|p1b: Ting-Lu\n|-damage|p1b: Ting-Lu|66\/100\n|move|p2a: Rotom|Leaf Storm|p1b: Ting-Lu\n|-resisted|p1b: Ting-Lu\n|-damage|p1b: Ting-Lu|48\/100\n|-unboost|p2a: Rotom|spa|2\n|move|p1b: Ting-Lu|Ruination|p2b: Gyarados\n|-damage|p2b: Gyarados|21\/100 brn\n|\n|-heal|p1b: Ting-Lu|54\/100|[from] item: Leftovers\n|-damage|p2b: Gyarados|15\/100 brn|[from] brn\n|upkeep\n|turn|5\n|inactive|Fiddlefern88 has 30 seconds left.\n|\n|t:|1682259369\n|switch|p1a: Azumarill|Azumarill, L50, M|100\/100\n|move|p2b: Gyarados|Earthquake|p1a: Azumarill|[spread] p1a,p1b\n|-immune|p2a: Rotom|[from] ability: Levitate\n|-supereffective|p1b: Ting-Lu\n|-damage|p1a: Azumarill|72\/100\n|-damage|p1b: Ting-Lu|17\/100\n|move|p2a: Rotom|Volt Switch|p1b: Ting-Lu\n|-damage|p1b: Ting-Lu|8\/100\n|\n|t:|1682259379\n|switch|p2a: Grimmsnarl|Grimmsnarl, L50, M|100\/100|[from] Volt Switch\n|-damage|p2a: Grimmsnarl|88\/100|[from] Stealth Rock\n|move|p1b: Ting-Lu|Heavy Slam|p2b: Gyarados\n|-resisted|p2b: Gyarados\n|-damage|p2b: Gyarados|6\/100 brn\n|\n|-heal|p1b: Ting-Lu|14\/100|[from] item: Leftovers\n|-damage|p2b: Gyarados|0 fnt|[from] brn\n|faint|p2b: Gyarados\n|upkeep\n|\n|t:|1682259386\n|switch|p2b: Rotom|Rotom-Mow, L50|88\/100\n|-damage|p2b: Rotom|76\/100|[from] Stealth Rock\n|turn|6\n|\n|t:|1682259405\n|move|p1b: Ting-Lu|Protect|p1b: Ting-Lu\n|-singleturn|p1b: Ting-Lu|Protect\n|move|p2a: Grimmsnarl|Fake Out|p1b: Ting-Lu\n|-activate|p1b: Ting-Lu|move: Protect\n|move|p2b: Rotom|Volt Switch|p1a: Azumarill\n|-supereffective|p1a: Azumarill\n|-damage|p1a: Azumarill|35\/100\n|move|p1a: Azumarill|Play Rough|p2a: Grimmsnarl\n|-supereffective|p2a: Grimmsnarl\n|-damage|p2a: Grimmsnarl|0 fnt\n|faint|p2a: Grimmsnarl\n|\n|-heal|p1b: Ting-Lu|20\/100|[from] item: Leftovers\n|upkeep\n|turn|7\n|-message|Rafarofa forfeited.\n|\n|win|Fiddlefern88\n|raw|Fiddlefern88's rating: 1045 → 1084<\/strong> (+39 for winning)\n|raw|Rafarofa's rating: 1105 → 1076<\/strong> (-29 for losing)\n|l|\u2606Rafarofa\n","uploadtime":1682259431,"views":24,"p1id":"fiddlefern88","p2id":"rafarofa","formatid":"gen9vgc2023regulationc","rating":1076,"private":0,"password":""}