{"id":"gen9vgc2023regulationc-1862503377","p1":"Ilpiuatteso","p2":"PokeTrainer00","format":"[Gen 9] VGC 2023 Regulation C","log":"|j|\u2606Ilpiuatteso\n|j|\u2606PokeTrainer00\n|t:|1683895121\n|gametype|doubles\n|player|p1|Ilpiuatteso|fisherman-gen4|1104\n|player|p2|PokeTrainer00|170|1054\n|teamsize|p1|6\n|teamsize|p2|6\n|gen|9\n|tier|[Gen 9] VGC 2023 Regulation C\n|rated|\n|rule|Species Clause: Limit one of each Pok\u00e9mon\n|rule|Item Clause: Limit one of each item\n|clearpoke\n|poke|p1|Stantler, L50, M|\n|poke|p1|Wigglytuff, L50, F|\n|poke|p1|Hariyama, L50, M|\n|poke|p1|Chien-Pao, L50|\n|poke|p1|Torkoal, L50, F|\n|poke|p1|Dragonite, L50, F|\n|poke|p2|Amoonguss, L50, F|\n|poke|p2|Azumarill, L50, F|\n|poke|p2|Iron Hands, L50|\n|poke|p2|Flamigo, L50, F|\n|poke|p2|Cetitan, L50, F|\n|poke|p2|Indeedee-F, L50, F|\n|teampreview|4\n|inactive|Battle timer is ON: inactive players will automatically lose when time's up. (requested by Ilpiuatteso)\n|j| CorrateleonisVI\n|inactive|Ilpiuatteso has 60 seconds left.\n|\n|t:|1683895156\n|start\n|switch|p1a: Stantler|Stantler, L50, M|100\/100\n|switch|p1b: Hariyama|Hariyama, L50, M|100\/100\n|switch|p2a: Cetitan|Cetitan, L50, F|100\/100\n|switch|p2b: Indeedee|Indeedee-F, L50, F|100\/100\n|-ability|p1a: Stantler|Intimidate|boost\n|-unboost|p2a: Cetitan|atk|1\n|-unboost|p2b: Indeedee|atk|1\n|turn|1\n|inactive|Ilpiuatteso has 30 seconds left.\n|\n|t:|1683895186\n|move|p1b: Hariyama|Fake Out|p2a: Cetitan\n|-damage|p2a: Cetitan|88\/100\n|move|p2b: Indeedee|Follow Me|p2b: Indeedee\n|-singleturn|p2b: Indeedee|move: Follow Me\n|cant|p2a: Cetitan|flinch\n|move|p1a: Stantler|Trick Room|p1a: Stantler\n|-fieldstart|move: Trick Room|[of] p1a: Stantler\n|\n|-status|p1b: Hariyama|brn|[from] item: Flame Orb\n|upkeep\n|turn|2\n|inactive|Ilpiuatteso has 30 seconds left.\n|\n|t:|1683895216\n|move|p1a: Stantler|Helping Hand|p1b: Hariyama\n|-singleturn|p1b: Hariyama|Helping Hand|[of] p1a: Stantler\n|move|p2b: Indeedee|Follow Me|p2b: Indeedee\n|-singleturn|p2b: Indeedee|move: Follow Me\n|move|p1b: Hariyama|Knock Off|p2b: Indeedee\n|-supereffective|p2b: Indeedee\n|-damage|p2b: Indeedee|0 fnt\n|-enditem|p2b: Indeedee|Mental Herb|[from] move: Knock Off|[of] p1b: Hariyama\n|faint|p2b: Indeedee\n|move|p2a: Cetitan|Belly Drum|p2a: Cetitan\n|-damage|p2a: Cetitan|38\/100\n|-setboost|p2a: Cetitan|atk|6|[from] move: Belly Drum\n|-enditem|p2a: Cetitan|Sitrus Berry|[eat]\n|-heal|p2a: Cetitan|63\/100|[from] item: Sitrus Berry\n|\n|-damage|p1b: Hariyama|95\/100 brn|[from] brn\n|upkeep\n|\n|t:|1683895235\n|switch|p2b: Flamigo|Flamigo, L50, F|100\/100\n|-copyboost|p2b: Flamigo|p2a: Cetitan|[from] ability: Costar\n|turn|3\n|inactive|Ilpiuatteso has 30 seconds left.\n|\n|t:|1683895261\n|move|p1a: Stantler|Helping Hand|p1b: Hariyama\n|-singleturn|p1b: Hariyama|Helping Hand|[of] p1a: Stantler\n|move|p2a: Cetitan|Protect|p2a: Cetitan\n|-singleturn|p2a: Cetitan|Protect\n|move|p1b: Hariyama|Close Combat|p2a: Cetitan\n|-activate|p2a: Cetitan|move: Protect\n|move|p2b: Flamigo|Liquidation|p1b: Hariyama\n|-damage|p1b: Hariyama|0 fnt\n|faint|p1b: Hariyama\n|\n|upkeep\n|\n|t:|1683895276\n|switch|p1b: Torkoal|Torkoal, L50, F|100\/100\n|-weather|SunnyDay|[from] ability: Drought|[of] p1b: Torkoal\n|turn|4\n|\n|t:|1683895291\n|-terastallize|p1b: Torkoal|Fire\n|-terastallize|p2a: Cetitan|Ground\n|move|p1a: Stantler|Helping Hand|p1b: Torkoal\n|-singleturn|p1b: Torkoal|Helping Hand|[of] p1a: Stantler\n|move|p2b: Flamigo|Protect|p2b: Flamigo\n|-singleturn|p2b: Flamigo|Protect\n|move|p1b: Torkoal|Eruption|p2a: Cetitan|[spread] p2a\n|-activate|p2b: Flamigo|move: Protect\n|-damage|p2a: Cetitan|0 fnt\n|faint|p2a: Cetitan\n|\n|-weather|SunnyDay|[upkeep]\n|upkeep\n|\n|t:|1683895306\n|switch|p2a: Amoonguss|Amoonguss, L50, F|100\/100\n|turn|5\n|inactive|PokeTrainer00 has 30 seconds left.\n|\n|t:|1683895331\n|move|p1a: Stantler|Helping Hand|p1b: Torkoal\n|-singleturn|p1b: Torkoal|Helping Hand|[of] p1a: Stantler\n|move|p1b: Torkoal|Eruption|p2b: Flamigo|[spread] p2a,p2b\n|-supereffective|p2a: Amoonguss\n|-damage|p2a: Amoonguss|0 fnt\n|-enditem|p2b: Flamigo|Focus Sash\n|-damage|p2b: Flamigo|1\/100\n|faint|p2a: Amoonguss\n|move|p2b: Flamigo|Brave Bird|p1b: Torkoal\n|-damage|p1b: Torkoal|0 fnt\n|faint|p1b: Torkoal\n|-damage|p2b: Flamigo|0 fnt|[from] Recoil\n|faint|p2b: Flamigo\n|\n|win|Ilpiuatteso\n|raw|Ilpiuatteso's rating: 1104 → 1125<\/strong> (+21 for winning)\n|raw|PokeTrainer00's rating: 1054 → 1038<\/strong> (-16 for losing)\n|l|\u2606PokeTrainer00\n","uploadtime":1683895349,"views":13,"p1id":"ilpiuatteso","p2id":"poketrainer00","formatid":"gen9vgc2023regulationc","rating":1038,"private":0,"password":""}