{"id":"gen9vgc2023regulationc-1845892232","p1":"PBR ESC4N0R","p2":"Taca y Taca","format":"[Gen 9] VGC 2023 Regulation C","log":"|j|\u2606PBR ESC4N0R\n|j|\u2606Taca y Taca\n|t:|1681776114\n|gametype|doubles\n|player|p1|PBR ESC4N0R|firebreather|\n|player|p2|Taca y Taca|lucas-gen4pt|\n|teamsize|p1|6\n|teamsize|p2|6\n|gen|9\n|tier|[Gen 9] VGC 2023 Regulation C\n|rule|Species Clause: Limit one of each Pok\u00e9mon\n|rule|Item Clause: Limit one of each item\n|clearpoke\n|poke|p1|Arcanine, L50, F|\n|poke|p1|Flutter Mane, L50|\n|poke|p1|Chien-Pao, L50|\n|poke|p1|Amoonguss, L50, F|\n|poke|p1|Palafin, L50, M|\n|poke|p1|Baxcalibur, L50, F|\n|poke|p2|Palafin, L50, M|\n|poke|p2|Chien-Pao, L50|\n|poke|p2|Dragapult, L50, F|\n|poke|p2|Amoonguss, L50, F|\n|poke|p2|Arcanine, L50, M|\n|poke|p2|Flutter Mane, L50|\n|teampreview|4\nTaca y Taca has agreed to open team sheets.\n|c|\u2606Taca y Taca|G2\n|c|\u2606PBR ESC4N0R|g2\nPBR ESC4N0R has agreed to open team sheets.\n|\n|t:|1681776567\n|start\n|switch|p1a: Arcanine|Arcanine, L50, F, shiny|100\/100\n|switch|p1b: Palafin|Palafin, L50, M, shiny|100\/100\n|switch|p2a: Dnite|Dragapult, L50, F|100\/100\n|switch|p2b: Dozo|Palafin, L50, M|100\/100\n|-ability|p1a: Arcanine|Intimidate|boost\n|-fail|p2a: Dnite|unboost|[from] ability: Clear Body|[of] p2a: Dnite\n|-unboost|p2b: Dozo|atk|1\n|turn|1\n|\n|t:|1681776610\n|detailschange|p1b: Palafin|Palafin-Hero, L50, M, shiny\n|switch|p1b: Amoonguss|Amoonguss, L50, F, shiny|100\/100\n|-terastallize|p1a: Arcanine|Normal\n|move|p2b: Dozo|Protect|p2b: Dozo\n|-singleturn|p2b: Dozo|Protect\n|move|p2a: Dnite|Phantom Force||[still]\n|-prepare|p2a: Dnite|Phantom Force\n|move|p1a: Arcanine|Will-O-Wisp|p2a: Dnite|[miss]\n|-miss|p1a: Arcanine|p2a: Dnite\n|\n|upkeep\n|turn|2\n|\n|t:|1681776625\n|detailschange|p2b: Dozo|Palafin-Hero, L50, M\n|switch|p2b: Bundle|Chien-Pao, L50|100\/100\n|-ability|p2b: Bundle|Sword of Ruin\n|move|p2a: Dnite|Phantom Force|p1b: Amoonguss|[from]lockedmove\n|-damage|p1b: Amoonguss|27\/100\n|-enditem|p1b: Amoonguss|Sitrus Berry|[eat]\n|-heal|p1b: Amoonguss|52\/100|[from] item: Sitrus Berry\n|move|p1a: Arcanine|Will-O-Wisp|p2a: Dnite|[miss]\n|-miss|p1a: Arcanine|p2a: Dnite\n|move|p1b: Amoonguss|Spore|p2b: Bundle\n|-status|p2b: Bundle|slp|[from] move: Spore\n|\n|upkeep\n|turn|3\n|\n|t:|1681776648\n|switch|p2a: WoChien|Amoonguss, L50, F|100\/100\n|cant|p2b: Bundle|slp\n|move|p1a: Arcanine|Extreme Speed|p2b: Bundle\n|-crit|p2b: Bundle\n|-damage|p2b: Bundle|10\/100 slp\n|move|p1b: Amoonguss|Spore|p2a: WoChien\n|-immune|p2a: WoChien\n|\n|upkeep\n|turn|4\n|\n|t:|1681776688\n|switch|p2b: Dozo|Palafin-Hero, L50, M|100\/100\n|-activate|p2b: Dozo|ability: Zero to Hero\n|switch|p1b: Palafin|Palafin-Hero, L50, M, shiny|100\/100\n|-activate|p1b: Palafin|ability: Zero to Hero\n|move|p1a: Arcanine|Extreme Speed|p2a: WoChien\n|-damage|p2a: WoChien|65\/100\n|move|p2a: WoChien|Pollen Puff|p1a: Arcanine\n|-damage|p1a: Arcanine|82\/100\n|\n|upkeep\n|turn|5\n|\n|t:|1681776716\n|move|p2a: WoChien|Protect|p2a: WoChien\n|-singleturn|p2a: WoChien|Protect\n|move|p2b: Dozo|Wave Crash|p1b: Palafin\n|-resisted|p1b: Palafin\n|-damage|p1b: Palafin|58\/100\n|-damage|p2b: Dozo|86\/100|[from] Recoil\n|move|p1b: Palafin|Wave Crash|p2a: WoChien\n|-activate|p2a: WoChien|move: Protect\n|move|p1a: Arcanine|Howl|p1a: Arcanine|[spread] p1a,p1b\n|-boost|p1a: Arcanine|atk|1\n|-boost|p1b: Palafin|atk|1\n|\n|upkeep\n|turn|6\n|\n|t:|1681776735\n|move|p1a: Arcanine|Extreme Speed|p2a: WoChien\n|-damage|p2a: WoChien|12\/100\n|-enditem|p2a: WoChien|Sitrus Berry|[eat]\n|-heal|p2a: WoChien|37\/100|[from] item: Sitrus Berry\n|move|p2a: WoChien|Rage Powder|p2a: WoChien\n|-singleturn|p2a: WoChien|move: Rage Powder\n|move|p1b: Palafin|Jet Punch|p2a: WoChien\n|-resisted|p2a: WoChien\n|-damage|p2a: WoChien|7\/100\n|move|p2b: Dozo|Wave Crash|p1a: Arcanine\n|-damage|p1a: Arcanine|0 fnt\n|faint|p1a: Arcanine\n|-damage|p2b: Dozo|60\/100|[from] Recoil\n|\n|upkeep\n|\n|t:|1681776757\n|switch|p1a: Baxcalibur|Baxcalibur, L50, F|100\/100\n|turn|7\n|\n|t:|1681776772\n|move|p2a: WoChien|Protect|p2a: WoChien\n|-singleturn|p2a: WoChien|Protect\n|move|p1a: Baxcalibur|Ice Shard|p2a: WoChien\n|-activate|p2a: WoChien|move: Protect\n|move|p2b: Dozo|Haze|p2b: Dozo\n|-clearallboost\n|move|p1b: Palafin|Wave Crash|p2b: Dozo\n|-resisted|p2b: Dozo\n|-damage|p2b: Dozo|18\/100\n|-damage|p1b: Palafin|44\/100|[from] Recoil\n|\n|upkeep\n|turn|8\n|\n|t:|1681776802\n|move|p2a: WoChien|Rage Powder|p2a: WoChien\n|-singleturn|p2a: WoChien|move: Rage Powder\n|move|p2b: Dozo|Jet Punch|p1a: Baxcalibur\n|-resisted|p1a: Baxcalibur\n|-damage|p1a: Baxcalibur|78\/100\n|move|p1b: Palafin|Jet Punch|p2a: WoChien\n|-resisted|p2a: WoChien\n|-damage|p2a: WoChien|0 fnt\n|faint|p2a: WoChien\n|move|p1a: Baxcalibur|Ice Shard|p2b: Dozo\n|-resisted|p2b: Dozo\n|-damage|p2b: Dozo|7\/100\n|\n|upkeep\n|\n|t:|1681776808\n|switch|p2a: Dnite|Dragapult, L50, F|100\/100\n|turn|9\n|\n|t:|1681776826\n|switch|p2b: Bundle|Chien-Pao, L50|10\/100 slp\n|-ability|p2b: Bundle|Sword of Ruin\n|-terastallize|p2a: Dnite|Steel\n|move|p1b: Palafin|Jet Punch|p2b: Bundle\n|-damage|p2b: Bundle|0 fnt\n|faint|p2b: Bundle\n|move|p1a: Baxcalibur|Ice Shard|p2a: Dnite\n|-resisted|p2a: Dnite\n|-damage|p2a: Dnite|83\/100\n|move|p2a: Dnite|Dragon Darts|p1b: Palafin\n|-damage|p1b: Palafin|11\/100\n|-anim|p2a: Dnite|Dragon Darts|p1a: Baxcalibur\n|-supereffective|p1a: Baxcalibur\n|-damage|p1a: Baxcalibur|11\/100\n|\n|upkeep\n|\n|t:|1681776834\n|switch|p2b: Dozo|Palafin-Hero, L50, M|7\/100\n|turn|10\n|\n|t:|1681776859\n|switch|p1a: Amoonguss|Amoonguss, L50, F, shiny|85\/100\n|move|p2b: Dozo|Protect|p2b: Dozo\n|-singleturn|p2b: Dozo|Protect\n|move|p1b: Palafin|Jet Punch|p2b: Dozo\n|-activate|p2b: Dozo|move: Protect\n|move|p2a: Dnite|Dragon Darts|p1a: Amoonguss\n|-damage|p1a: Amoonguss|56\/100\n|-anim|p2a: Dnite|Dragon Darts|p1b: Palafin\n|-damage|p1b: Palafin|0 fnt\n|faint|p1b: Palafin\n|\n|upkeep\n|\n|t:|1681776871\n|switch|p1b: Baxcalibur|Baxcalibur, L50, F|11\/100\n|turn|11\n|\n|t:|1681776883\n|move|p1b: Baxcalibur|Protect|p1b: Baxcalibur\n|-singleturn|p1b: Baxcalibur|Protect\n|move|p2b: Dozo|Jet Punch|p1b: Baxcalibur\n|-activate|p1b: Baxcalibur|move: Protect\n|move|p2a: Dnite|Dragon Darts|p1a: Amoonguss\n|-damage|p1a: Amoonguss|26\/100\n|-anim|p2a: Dnite|Dragon Darts|p1a: Amoonguss\n|-damage|p1a: Amoonguss|0 fnt\n|faint|p1a: Amoonguss\n|\n|upkeep\n|turn|12\n|\n|t:|1681776896\n|move|p2b: Dozo|Jet Punch|p1b: Baxcalibur\n|-resisted|p1b: Baxcalibur\n|-crit|p1b: Baxcalibur\n|-damage|p1b: Baxcalibur|0 fnt\n|faint|p1b: Baxcalibur\n|\n|win|Taca y Taca\n","uploadtime":1681776916,"views":27,"p1id":"pbresc4n0r","p2id":"tacaytaca","formatid":"gen9vgc2023regulationc","rating":0,"private":0,"password":""}