{"id":"gen9vgc2023regulationc-1850767853","p1":"fairynanbawan","p2":"kawazaki99","format":"[Gen 9] VGC 2023 Regulation C","log":"|j|\u2606fairynanbawan\n|j|\u2606kawazaki99\n|t:|1682366023\n|gametype|doubles\n|player|p1|fairynanbawan|skierf|1405\n|player|p2|kawazaki99|169|1476\n|teamsize|p1|6\n|teamsize|p2|6\n|gen|9\n|tier|[Gen 9] VGC 2023 Regulation C\n|rated|\n|rule|Species Clause: Limit one of each Pok\u00e9mon\n|rule|Item Clause: Limit one of each item\n|clearpoke\n|poke|p1|Dachsbun, L50, M|\n|poke|p1|Chi-Yu, L50|\n|poke|p1|Flutter Mane, L50|\n|poke|p1|Gyarados, L50, F|\n|poke|p1|Amoonguss, L50, M|\n|poke|p1|Ting-Lu, L50|\n|poke|p2|Garchomp, L50, M|\n|poke|p2|Chien-Pao, L50|\n|poke|p2|Amoonguss, L50, F|\n|poke|p2|Arcanine, L50, M|\n|poke|p2|Rotom-Wash, L50|\n|poke|p2|Dragonite, L50, M|\n|teampreview|4\nfairynanbawan rejected open team sheets.\n|\n|t:|1682366084\n|start\n|switch|p1a: Dachsbun|Dachsbun, L50, M|100\/100\n|switch|p1b: Chi-Yu|Chi-Yu, L50|100\/100\n|switch|p2a: Dragonite|Dragonite, L50, M|100\/100\n|switch|p2b: Arcanine|Arcanine, L50, M|100\/100\n|-ability|p1b: Chi-Yu|Beads of Ruin\n|-ability|p2b: Arcanine|Intimidate|boost\n|-unboost|p1a: Dachsbun|atk|1\n|-unboost|p1b: Chi-Yu|atk|1\n|turn|1\n|\n|t:|1682366102\n|-terastallize|p2a: Dragonite|Flying\n|move|p1b: Chi-Yu|Lava Plume|p2a: Dragonite|[spread] p2a,p2b\n|-ability|p1a: Dachsbun|Well-Baked Body|boost\n|-boost|p1a: Dachsbun|def|2\n|-resisted|p2b: Arcanine\n|-damage|p2a: Dragonite|78\/100\n|-damage|p2b: Arcanine|79\/100\n|move|p2a: Dragonite|Dragon Dance|p2a: Dragonite\n|-boost|p2a: Dragonite|atk|1\n|-boost|p2a: Dragonite|spe|1\n|move|p2b: Arcanine|Howl|p2b: Arcanine|[spread] p2a,p2b\n|-boost|p2a: Dragonite|atk|1\n|-boost|p2b: Arcanine|atk|1\n|move|p1a: Dachsbun|Wish|p1a: Dachsbun\n|\n|upkeep\n|turn|2\n|\n|t:|1682366142\n|move|p2b: Arcanine|Protect|p2b: Arcanine\n|-singleturn|p2b: Arcanine|Protect\n|move|p2a: Dragonite|Tera Blast|p1b: Chi-Yu\n|-enditem|p1b: Chi-Yu|Focus Sash\n|-damage|p1b: Chi-Yu|1\/100\n|move|p1b: Chi-Yu|Lava Plume|p2b: Arcanine|[spread] p2a\n|-activate|p2b: Arcanine|move: Protect\n|-ability|p1a: Dachsbun|Well-Baked Body|boost\n|-boost|p1a: Dachsbun|def|2\n|-crit|p2a: Dragonite\n|-damage|p2a: Dragonite|10\/100\n|-status|p2a: Dragonite|brn\n|move|p1a: Dachsbun|Yawn||[still]\n|-fail|p1a: Dachsbun\n|\n|-damage|p2a: Dragonite|4\/100 brn|[from] brn\n|upkeep\n|turn|3\n|\n|t:|1682366165\n|move|p1b: Chi-Yu|Protect|p1b: Chi-Yu\n|-singleturn|p1b: Chi-Yu|Protect\n|move|p1a: Dachsbun|Protect|p1a: Dachsbun\n|-singleturn|p1a: Dachsbun|Protect\n|move|p2a: Dragonite|Tera Blast|p1a: Dachsbun\n|-activate|p1a: Dachsbun|move: Protect\n|move|p2b: Arcanine|Flare Blitz|p1b: Chi-Yu\n|-activate|p1b: Chi-Yu|move: Protect\n|\n|-damage|p2a: Dragonite|0 fnt|[from] brn\n|faint|p2a: Dragonite\n|upkeep\n|\n|t:|1682366186\n|switch|p2a: Rotom|Rotom-Wash, L50|100\/100\n|turn|4\n|\n|t:|1682366208\n|move|p2a: Rotom|Protect|p2a: Rotom\n|-singleturn|p2a: Rotom|Protect\n|move|p1b: Chi-Yu|Lava Plume|p2b: Arcanine|[spread] p2b\n|-activate|p2a: Rotom|move: Protect\n|-ability|p1a: Dachsbun|Well-Baked Body|boost\n|-boost|p1a: Dachsbun|def|2\n|-resisted|p2b: Arcanine\n|-damage|p2b: Arcanine|55\/100\n|move|p2b: Arcanine|Flare Blitz|p1b: Chi-Yu\n|-resisted|p1b: Chi-Yu\n|-damage|p1b: Chi-Yu|0 fnt\n|faint|p1b: Chi-Yu\n|-damage|p2b: Arcanine|55\/100|[from] Recoil\n|move|p1a: Dachsbun|Body Press|p2a: Rotom\n|-activate|p2a: Rotom|move: Protect\n|\n|upkeep\n|\n|t:|1682366212\n|switch|p1b: Amoonguss|Amoonguss, L50, M|100\/100\n|turn|5\n|\n|t:|1682366242\n|switch|p1b: Gyarados|Gyarados, L50, F|100\/100\n|-ability|p1b: Gyarados|Intimidate|boost\n|-unboost|p2a: Rotom|atk|1\n|-unboost|p2b: Arcanine|atk|1\n|move|p2b: Arcanine|Howl|p2b: Arcanine|[spread] p2a,p2b\n|-boost|p2a: Rotom|atk|1\n|-boost|p2b: Arcanine|atk|1\n|move|p2a: Rotom|Nasty Plot|p2a: Rotom\n|-boost|p2a: Rotom|spa|2\n|move|p1a: Dachsbun|Body Press|p2a: Rotom\n|-damage|p2a: Rotom|19\/100\n|-enditem|p2a: Rotom|Sitrus Berry|[eat]\n|-heal|p2a: Rotom|44\/100|[from] item: Sitrus Berry\n|\n|upkeep\n|turn|6\n|\n|t:|1682366262\n|move|p2a: Rotom|Protect|p2a: Rotom\n|-singleturn|p2a: Rotom|Protect\n|move|p1b: Gyarados|Protect|p1b: Gyarados\n|-singleturn|p1b: Gyarados|Protect\n|move|p2b: Arcanine|Will-O-Wisp|p1b: Gyarados\n|-activate|p1b: Gyarados|move: Protect\n|move|p1a: Dachsbun|Body Press|p2a: Rotom\n|-activate|p2a: Rotom|move: Protect\n|\n|upkeep\n|turn|7\n|\n|t:|1682366275\n|switch|p1b: Amoonguss|Amoonguss, L50, M|100\/100\n|move|p2b: Arcanine|Flare Blitz|p1b: Amoonguss\n|-supereffective|p1b: Amoonguss\n|-damage|p1b: Amoonguss|0 fnt\n|faint|p1b: Amoonguss\n|-damage|p2b: Arcanine|18\/100|[from] Recoil\n|move|p2a: Rotom|Thunderbolt|p1a: Dachsbun\n|-damage|p1a: Dachsbun|30\/100\n|move|p1a: Dachsbun|Body Press|p2a: Rotom\n|-damage|p2a: Rotom|0 fnt\n|faint|p2a: Rotom\n|\n|upkeep\n|\n|t:|1682366287\n|switch|p2a: Chien-Pao|Chien-Pao, L50|100\/100\n|switch|p1b: Gyarados|Gyarados, L50, F|100\/100\n|-ability|p2a: Chien-Pao|Sword of Ruin\n|-ability|p1b: Gyarados|Intimidate|boost\n|-unboost|p2a: Chien-Pao|atk|1\n|-unboost|p2b: Arcanine|atk|1\n|turn|8\n|\n|t:|1682366309\n|move|p2a: Chien-Pao|Ice Spinner|p1a: Dachsbun\n|-damage|p1a: Dachsbun|21\/100\n|move|p2b: Arcanine|Will-O-Wisp|p1b: Gyarados\n|-status|p1b: Gyarados|brn\n|-enditem|p1b: Gyarados|Lum Berry|[eat]\n|-curestatus|p1b: Gyarados|brn|[msg]\n|move|p1b: Gyarados|Waterfall|p2b: Arcanine\n|-supereffective|p2b: Arcanine\n|-damage|p2b: Arcanine|0 fnt\n|faint|p2b: Arcanine\n|move|p1a: Dachsbun|Wish|p1a: Dachsbun\n|\n|upkeep\n|turn|9\n|\n|t:|1682366322\n|move|p1a: Dachsbun|Protect|p1a: Dachsbun\n|-singleturn|p1a: Dachsbun|Protect\n|move|p2a: Chien-Pao|Haze|p2a: Chien-Pao\n|-clearallboost\n|move|p1b: Gyarados|Waterfall|p2a: Chien-Pao\n|-crit|p2a: Chien-Pao\n|-damage|p2a: Chien-Pao|11\/100\n|\n|-heal|p1a: Dachsbun|71\/100|[from] move: Wish|[wisher] Dachsbun\n|upkeep\n|turn|10\n|\n|t:|1682366334\n|move|p2a: Chien-Pao|Ice Spinner|p1a: Dachsbun\n|-damage|p1a: Dachsbun|24\/100\n|move|p1a: Dachsbun|Body Press|p2a: Chien-Pao\n|-supereffective|p2a: Chien-Pao\n|-damage|p2a: Chien-Pao|0 fnt\n|faint|p2a: Chien-Pao\n|\n|win|fairynanbawan\n|raw|fairynanbawan's rating: 1405 → 1429<\/strong> (+24 for winning)\n|raw|kawazaki99's rating: 1476 → 1452<\/strong> (-24 for losing)\n","uploadtime":1682366419,"views":15,"p1id":"fairynanbawan","p2id":"kawazaki99","formatid":"gen9vgc2023regulationc","rating":1429,"private":0,"password":""}