{"id":"gen9vgc2023regulationc-1859136928","p1":"454563456e","p2":"BIGHAXORUSFAN147","format":"[Gen 9] VGC 2023 Regulation C","log":"|j|\u2606454563456e\n|j|\u2606BIGHAXORUSFAN147\n|t:|1683408897\n|gametype|doubles\n|player|p1|454563456e|101|1435\n|player|p2|BIGHAXORUSFAN147|grimsley-masters|1558\n|teamsize|p1|6\n|teamsize|p2|6\n|gen|9\n|tier|[Gen 9] VGC 2023 Regulation C\n|rated|\n|rule|Species Clause: Limit one of each Pok\u00e9mon\n|rule|Item Clause: Limit one of each item\n|clearpoke\n|poke|p1|Flutter Mane, L50|\n|poke|p1|Arcanine, L50, M|\n|poke|p1|Amoonguss, L50, M|\n|poke|p1|Kingambit, L50, M|\n|poke|p1|Dragonite, L50, M|\n|poke|p1|Iron Bundle, L50|\n|poke|p2|Kingambit, L50, M|\n|poke|p2|Dragonite, L50, M|\n|poke|p2|Palafin, L50, M|\n|poke|p2|Amoonguss, L50, M|\n|poke|p2|Arcanine, L50, M|\n|poke|p2|Flutter Mane, L50|\n|teampreview|4\nBIGHAXORUSFAN147 has agreed to open team sheets.\n454563456e has agreed to open team sheets.\n|inactive|Battle timer is ON: inactive players will automatically lose when time's up. (requested by 454563456e)\n|\n|t:|1683408945\n|start\n|switch|p1a: Iron Bundle|Iron Bundle, L50|100\/100\n|switch|p1b: Kingambit|Kingambit, L50, M|100\/100\n|switch|p2a: Mihawk|Kingambit, L50, M|100\/100\n|switch|p2b: Zoro|Dragonite, L50, M, shiny|100\/100\n|turn|1\n|inactive|BIGHAXORUSFAN147 has 30 seconds left.\n|\n|t:|1683408975\n|switch|p1b: Dragonite|Dragonite, L50, M|100\/100\n|move|p1a: Iron Bundle|Freeze-Dry|p2b: Zoro\n|-supereffective|p2b: Zoro\n|-damage|p2b: Zoro|60\/100\n|move|p2b: Zoro|Low Kick|p1b: Dragonite\n|-resisted|p1b: Dragonite\n|-damage|p1b: Dragonite|88\/100\n|move|p2a: Mihawk|Swords Dance|p2a: Mihawk\n|-boost|p2a: Mihawk|atk|2\n|\n|upkeep\n|turn|2\n|inactive|454563456e has 30 seconds left.\n|inactive|BIGHAXORUSFAN147 has 30 seconds left.\n|inactive|454563456e has 20 seconds left.\n|inactive|454563456e has 15 seconds left.\n|inactive|BIGHAXORUSFAN147 has 20 seconds left.\n|inactive|BIGHAXORUSFAN147 has 15 seconds left.\n|\n|t:|1683409025\n|-terastallize|p1b: Dragonite|Normal\n|-terastallize|p2b: Zoro|Flying\n|move|p2a: Mihawk|Protect|p2a: Mihawk\n|-singleturn|p2a: Mihawk|Protect\n|move|p1b: Dragonite|Extreme Speed|p2b: Zoro\n|-damage|p2b: Zoro|14\/100\n|move|p1a: Iron Bundle|Encore|p2a: Mihawk\n|-activate|p2a: Mihawk|move: Protect\n|move|p2b: Zoro|Ice Spinner|p1b: Dragonite\n|-damage|p1b: Dragonite|57\/100\n|\n|upkeep\n|turn|3\n|j| OznerolVGC\n|inactive|BIGHAXORUSFAN147 has 30 seconds left.\n|inactive|BIGHAXORUSFAN147 has 20 seconds left.\n|\n|t:|1683409063\n|move|p1b: Dragonite|Extreme Speed|p2b: Zoro\n|-damage|p2b: Zoro|0 fnt\n|faint|p2b: Zoro\n|move|p1a: Iron Bundle|Encore|p2a: Mihawk\n|-start|p2a: Mihawk|Encore\n|move|p2a: Mihawk|Protect||[still]\n|-fail|p2a: Mihawk\n|\n|upkeep\n|\n|t:|1683409072\n|switch|p2b: Perona|Flutter Mane, L50|100\/100\n|turn|4\n|inactive|454563456e has 30 seconds left.\n|\n|t:|1683409106\n|move|p2a: Mihawk|Protect|p2a: Mihawk\n|-singleturn|p2a: Mihawk|Protect\n|move|p1a: Iron Bundle|Freeze-Dry|p2b: Perona\n|-damage|p2b: Perona|65\/100\n|move|p2b: Perona|Dazzling Gleam|p1b: Dragonite|[spread] p1a,p1b\n|-damage|p1a: Iron Bundle|9\/100\n|-damage|p1b: Dragonite|30\/100\n|move|p1b: Dragonite|Ice Spinner|p2b: Perona\n|-crit|p2b: Perona\n|-damage|p2b: Perona|0 fnt\n|faint|p2b: Perona\n|-end|p2b: Perona|Protosynthesis|[silent]\n|\n|upkeep\n|\n|t:|1683409117\n|switch|p2b: Aramaki|Amoonguss, L50, M|100\/100\n|turn|5\n|\n|t:|1683409129\n|move|p2a: Mihawk|Protect||[still]\n|-fail|p2a: Mihawk\n|move|p2b: Aramaki|Rage Powder|p2b: Aramaki\n|-singleturn|p2b: Aramaki|move: Rage Powder\n|move|p1a: Iron Bundle|Freeze-Dry|p2b: Aramaki\n|-supereffective|p2b: Aramaki\n|-damage|p2b: Aramaki|35\/100\n|-enditem|p2b: Aramaki|Sitrus Berry|[eat]\n|-heal|p2b: Aramaki|60\/100|[from] item: Sitrus Berry\n|move|p1b: Dragonite|Ice Spinner|p2b: Aramaki\n|-supereffective|p2b: Aramaki\n|-damage|p2b: Aramaki|13\/100\n|\n|-end|p2a: Mihawk|Encore\n|upkeep\n|turn|6\n|inactive|BIGHAXORUSFAN147 has 30 seconds left.\n|\n|t:|1683409156\n|move|p2b: Aramaki|Protect|p2b: Aramaki\n|-singleturn|p2b: Aramaki|Protect\n|move|p1b: Dragonite|Extreme Speed|p2b: Aramaki\n|-activate|p2b: Aramaki|move: Protect\n|move|p2a: Mihawk|Sucker Punch||[still]\n|-fail|p2a: Mihawk\n|move|p1a: Iron Bundle|Encore|p2a: Mihawk\n|-start|p2a: Mihawk|Encore\n|\n|upkeep\n|turn|7\n|\n|t:|1683409179\n|-end|p1a: Iron Bundle|Quark Drive|[silent]\n|switch|p1a: Arcanine|Arcanine, L50, M|100\/100\n|-ability|p1a: Arcanine|Intimidate|boost\n|-unboost|p2a: Mihawk|atk|1\n|-ability|p2a: Mihawk|Defiant|boost\n|-boost|p2a: Mihawk|atk|2\n|-unboost|p2b: Aramaki|atk|1\n|move|p2b: Aramaki|Protect||[still]\n|-fail|p2b: Aramaki\n|move|p1b: Dragonite|Extreme Speed|p2b: Aramaki\n|-damage|p2b: Aramaki|0 fnt\n|faint|p2b: Aramaki\n|move|p2a: Mihawk|Sucker Punch||[still]\n|-fail|p2a: Mihawk\n|\n|upkeep\n|turn|8\n|\n|t:|1683409193\n|move|p2a: Mihawk|Sucker Punch|p1b: Dragonite\n|-damage|p1b: Dragonite|0 fnt\n|faint|p1b: Dragonite\n|move|p1a: Arcanine|Flare Blitz|p2a: Mihawk\n|-supereffective|p2a: Mihawk\n|-crit|p2a: Mihawk\n|-damage|p2a: Mihawk|0 fnt\n|faint|p2a: Mihawk\n|-damage|p1a: Arcanine|67\/100|[from] Recoil\n|\n|win|454563456e\n|raw|454563456e's rating: 1435 → 1462<\/strong> (+27 for winning)\n|raw|BIGHAXORUSFAN147's rating: 1558 → 1531<\/strong> (-27 for losing)\n|l|\u2606454563456e\n","uploadtime":1683409201,"views":13,"p1id":"454563456e","p2id":"bighaxorusfan147","formatid":"gen9vgc2023regulationc","rating":1462,"private":0,"password":""}