{"id":"gen9vgc2023regulationc-1859820853","p1":"Spring_Trapx","p2":"TempYard","format":"[Gen 9] VGC 2023 Regulation C","log":"|j|\u2606Spring_Trapx\n|j|\u2606TempYard\n|t:|1683567309\n|gametype|doubles\n|player|p1|Spring_Trapx|170|1062\n|player|p2|TempYard|waiter-gen4dp|1017\n|teamsize|p1|6\n|teamsize|p2|6\n|gen|9\n|tier|[Gen 9] VGC 2023 Regulation C\n|rated|\n|rule|Species Clause: Limit one of each Pok\u00e9mon\n|rule|Item Clause: Limit one of each item\n|clearpoke\n|poke|p1|Roaring Moon, L50|\n|poke|p1|Jumpluff, L50, F|\n|poke|p1|Volcarona, L50, F|\n|poke|p1|Oricorio-Sensu, L50, F|\n|poke|p1|Gallade, L50, M|\n|poke|p1|Gastrodon, L50, F|\n|poke|p2|Skeledirge, L50, M|\n|poke|p2|Meowscarada, L50, M|\n|poke|p2|Farigiraf, L50, F|\n|poke|p2|Brute Bonnet, L50|\n|poke|p2|Tatsugiri-Droopy, L50, F|\n|poke|p2|Baxcalibur, L50, M|\n|teampreview|4\n|inactive|Battle timer is ON: inactive players will automatically lose when time's up. (requested by TempYard)\n|\n|t:|1683567338\n|start\n|switch|p1a: Jumpluff|Jumpluff, L50, F|100\/100\n|switch|p1b: Roaring Moon|Roaring Moon, L50|100\/100\n|switch|p2a: Skeledirge|Skeledirge, L50, M|100\/100\n|switch|p2b: Baxcalibur|Baxcalibur, L50, M|100\/100\n|turn|1\n|\n|t:|1683567353\n|move|p2a: Skeledirge|Protect|p2a: Skeledirge\n|-singleturn|p2a: Skeledirge|Protect\n|move|p1a: Jumpluff|Rage Powder|p1a: Jumpluff\n|-singleturn|p1a: Jumpluff|move: Rage Powder\n|move|p1b: Roaring Moon|Breaking Swipe|p2b: Baxcalibur|[spread] p2b\n|-activate|p2a: Skeledirge|move: Protect\n|-supereffective|p2b: Baxcalibur\n|-damage|p2b: Baxcalibur|40\/100\n|-unboost|p2b: Baxcalibur|atk|1\n|-damage|p1b: Roaring Moon|91\/100|[from] item: Life Orb\n|move|p2b: Baxcalibur|Icicle Spear|p1a: Jumpluff\n|-supereffective|p1a: Jumpluff\n|-damage|p1a: Jumpluff|46\/100\n|-supereffective|p1a: Jumpluff\n|-damage|p1a: Jumpluff|0 fnt\n|faint|p1a: Jumpluff\n|-hitcount|p1: Jumpluff|2\n|\n|upkeep\n|\n|t:|1683567370\n|switch|p1a: Gallade|Gallade, L50, M|100\/100\n|turn|2\n|\n|t:|1683567381\n|-terastallize|p2a: Skeledirge|Fairy\n|move|p2b: Baxcalibur|Protect|p2b: Baxcalibur\n|-singleturn|p2b: Baxcalibur|Protect\n|move|p1a: Gallade|Night Slash|p2a: Skeledirge\n|-resisted|p2a: Skeledirge\n|-damage|p2a: Skeledirge|85\/100\n|move|p1b: Roaring Moon|Breaking Swipe|p2a: Skeledirge|[spread] \n|-activate|p2b: Baxcalibur|move: Protect\n|-immune|p2a: Skeledirge\n|move|p2a: Skeledirge|Torch Song|p1a: Gallade\n|-damage|p1a: Gallade|66\/100\n|-boost|p2a: Skeledirge|spa|1\n|-enditem|p2a: Skeledirge|Throat Spray\n|-boost|p2a: Skeledirge|spa|1|[from] item: Throat Spray\n|\n|upkeep\n|turn|3\n|\n|t:|1683567402\n|switch|p1a: Volcarona|Volcarona, L50, F|100\/100\n|-terastallize|p1b: Roaring Moon|Poison\n|move|p1b: Roaring Moon|Tera Blast|p2a: Skeledirge\n|-supereffective|p2a: Skeledirge\n|-damage|p2a: Skeledirge|0 fnt\n|faint|p2a: Skeledirge\n|-damage|p1b: Roaring Moon|81\/100|[from] item: Life Orb\n|move|p2b: Baxcalibur|Glaive Rush|p1b: Roaring Moon\n|-damage|p1b: Roaring Moon|21\/100\n|-singlemove|p2b: Baxcalibur|Glaive Rush|[silent]\n|\n|upkeep\n|\n|t:|1683567414\n|switch|p2a: Meowscarada|Meowscarada, L50, M|100\/100\n|turn|4\n|\n|t:|1683567425\n|move|p1b: Roaring Moon|Protect|p1b: Roaring Moon\n|-singleturn|p1b: Roaring Moon|Protect\n|move|p1a: Volcarona|Tailwind|p1a: Volcarona\n|-sidestart|p1: Spring_Trapx|move: Tailwind\n|move|p2b: Baxcalibur|Glaive Rush|p1a: Volcarona\n|-damage|p1a: Volcarona|39\/100\n|-singlemove|p2b: Baxcalibur|Glaive Rush|[silent]\n|-damage|p2b: Baxcalibur|23\/100|[from] item: Rocky Helmet|[of] p1a: Volcarona\n|move|p2a: Meowscarada|Trick Room|p2a: Meowscarada\n|-fieldstart|move: Trick Room|[of] p2a: Meowscarada\n|\n|upkeep\n|turn|5\n|\n|t:|1683567443\n|move|p1a: Volcarona|Protect|p1a: Volcarona\n|-singleturn|p1a: Volcarona|Protect\n|move|p2a: Meowscarada|Ally Switch|p2a: Meowscarada\n|swap|p2a: Meowscarada|1|[from] move: Ally Switch\n|move|p2a: Baxcalibur|Glaive Rush|p1b: Roaring Moon\n|-damage|p1b: Roaring Moon|0 fnt\n|-singlemove|p2a: Baxcalibur|Glaive Rush|[silent]\n|faint|p1b: Roaring Moon\n|-end|p1b: Roaring Moon|Protosynthesis|[silent]\n|\n|upkeep\n|\n|t:|1683567450\n|switch|p1b: Gallade|Gallade, L50, M|66\/100\n|turn|6\n|\n|t:|1683567455\n|move|p2a: Baxcalibur|Glaive Rush|p1a: Volcarona\n|-damage|p1a: Volcarona|0 fnt\n|-singlemove|p2a: Baxcalibur|Glaive Rush|[silent]\n|-damage|p2a: Baxcalibur|6\/100|[from] item: Rocky Helmet|[of] p1a: Volcarona\n|faint|p1a: Volcarona\n|move|p2b: Meowscarada|Flower Trick|p1b: Gallade\n|-crit|p1b: Gallade\n|-damage|p1b: Gallade|0 fnt\n|faint|p1b: Gallade\n|\n|win|TempYard\n|raw|Spring_Trapx's rating: 1062 → 1040<\/strong> (-22 for losing)\n|raw|TempYard's rating: 1017 → 1059<\/strong> (+42 for winning)\n|l|\u2606Spring_Trapx\n","uploadtime":1683567476,"views":6,"p1id":"springtrapx","p2id":"tempyard","formatid":"gen9vgc2023regulationc","rating":1040,"private":0,"password":""}