{"id":"gen9vgc2023regulationc-1857514792","p1":"NicoHaxVGC","p2":"NqNSuper","format":"[Gen 9] VGC 2023 Regulation C","log":"|j|\u2606NicoHaxVGC\n|j|\u2606NqNSuper\n|t:|1683203734\n|gametype|doubles\n|player|p1|NicoHaxVGC|hilbert-wonderlauncher|1233\n|player|p2|NqNSuper|170|1193\n|teamsize|p1|6\n|teamsize|p2|6\n|gen|9\n|tier|[Gen 9] VGC 2023 Regulation C\n|rated|\n|rule|Species Clause: Limit one of each Pok\u00e9mon\n|rule|Item Clause: Limit one of each item\n|clearpoke\n|poke|p1|Corviknight, L50, F|\n|poke|p1|Ting-Lu, L50|\n|poke|p1|Annihilape, L50, M|\n|poke|p1|Maushold, L50|\n|poke|p1|Iron Bundle, L50|\n|poke|p1|Flutter Mane, L50|\n|poke|p2|Flutter Mane, L50|\n|poke|p2|Chi-Yu, L50|\n|poke|p2|Roaring Moon, L50|\n|poke|p2|Jumpluff, L50, F|\n|poke|p2|Wo-Chien, L50|\n|poke|p2|Torkoal, L50, F|\n|teampreview|4\n|inactive|Battle timer is ON: inactive players will automatically lose when time's up. (requested by NicoHaxVGC)\n|\n|t:|1683203759\n|start\n|switch|p1a: Star fire|Flutter Mane, L50|100\/100\n|switch|p1b: Cyborg|Iron Bundle, L50|100\/100\n|switch|p2a: Wo-Chien|Wo-Chien, L50|100\/100\n|switch|p2b: Flutter Mane|Flutter Mane, L50|100\/100\n|-ability|p2a: Wo-Chien|Tablets of Ruin\n|-enditem|p1b: Cyborg|Booster Energy\n|-activate|p1b: Cyborg|ability: Quark Drive|[fromitem]\n|-start|p1b: Cyborg|quarkdrivespe\n|turn|1\n|inactive|NqNSuper has 30 seconds left.\n|\n|t:|1683203794\n|-terastallize|p1a: Star fire|Fairy\n|-terastallize|p2a: Wo-Chien|Poison\n|move|p1b: Cyborg|Icy Wind|p2a: Wo-Chien|[spread] p2a,p2b\n|-damage|p2a: Wo-Chien|86\/100\n|-damage|p2b: Flutter Mane|83\/100\n|-unboost|p2a: Wo-Chien|spe|1\n|-enditem|p2a: Wo-Chien|Eject Pack\n|-unboost|p2b: Flutter Mane|spe|1\n|\n|t:|1683203809\n|switch|p2a: Torkoal|Torkoal, L50, F|100\/100\n|-weather|SunnyDay|[from] ability: Drought|[of] p2a: Torkoal\n|-activate|p1a: Star fire|ability: Protosynthesis\n|-start|p1a: Star fire|protosynthesisspe\n|-activate|p2b: Flutter Mane|ability: Protosynthesis\n|-start|p2b: Flutter Mane|protosynthesisspa\n|move|p1a: Star fire|Dazzling Gleam|p2b: Flutter Mane|[spread] p2a,p2b\n|-resisted|p2a: Torkoal\n|-damage|p2a: Torkoal|62\/100\n|-damage|p2b: Flutter Mane|28\/100\n|move|p2b: Flutter Mane|Trick Room|p2b: Flutter Mane\n|-fieldstart|move: Trick Room|[of] p2b: Flutter Mane\n|\n|-weather|SunnyDay|[upkeep]\n|upkeep\n|turn|2\n|inactive|NicoHaxVGC has 30 seconds left.\n|\n|t:|1683203840\n|-end|p1a: Star fire|Protosynthesis|[silent]\n|switch|p1a: Beast boy|Ting-Lu, L50|100\/100\n|-ability|p1a: Beast boy|Vessel of Ruin\n|move|p2a: Torkoal|Eruption|p1b: Cyborg|[spread] p1a,p1b\n|-damage|p1a: Beast boy|78\/100\n|-damage|p1b: Cyborg|14\/100\n|move|p2b: Flutter Mane|Dazzling Gleam|p1a: Beast boy|[spread] p1a,p1b\n|-supereffective|p1a: Beast boy\n|-damage|p1a: Beast boy|53\/100\n|-damage|p1b: Cyborg|0 fnt\n|faint|p1b: Cyborg\n|-end|p1b: Cyborg|Quark Drive|[silent]\n|\n|-weather|SunnyDay|[upkeep]\n|upkeep\n|\n|t:|1683203853\n|switch|p1b: Robin|Annihilape, L50, M|100\/100\n|turn|3\n|\n|t:|1683203867\n|move|p2a: Torkoal|Eruption|p1b: Robin|[spread] p1a,p1b\n|-damage|p1a: Beast boy|29\/100\n|-damage|p1b: Robin|56\/100\n|move|p2b: Flutter Mane|Shadow Ball|p1b: Robin\n|-supereffective|p1b: Robin\n|-damage|p1b: Robin|0 fnt\n|faint|p1b: Robin\n|move|p1a: Beast boy|Heavy Slam|p2b: Flutter Mane\n|-supereffective|p2b: Flutter Mane\n|-crit|p2b: Flutter Mane\n|-damage|p2b: Flutter Mane|0 fnt\n|faint|p2b: Flutter Mane\n|-end|p2b: Flutter Mane|Protosynthesis|[silent]\n|\n|-weather|SunnyDay|[upkeep]\n|upkeep\n|\n|t:|1683203883\n|switch|p2b: Wo-Chien|Wo-Chien, L50, tera:Poison|86\/100\n|switch|p1b: Star fire|Flutter Mane, L50, tera:Fairy|100\/100\n|-ability|p2b: Wo-Chien|Tablets of Ruin\n|-activate|p1b: Star fire|ability: Protosynthesis\n|-start|p1b: Star fire|protosynthesisspe\n|turn|4\n|\n|t:|1683203900\n|move|p2a: Torkoal|Eruption|p1a: Beast boy|[spread] p1a,p1b\n|-damage|p1a: Beast boy|3\/100\n|-damage|p1b: Star fire|55\/100\n|move|p2b: Wo-Chien|Substitute|p2b: Wo-Chien\n|-start|p2b: Wo-Chien|Substitute\n|-damage|p2b: Wo-Chien|61\/100\n|move|p1a: Beast boy|Stomping Tantrum|p2b: Wo-Chien\n|-supereffective|p2b: Wo-Chien\n|-end|p2b: Wo-Chien|Substitute\n|move|p1b: Star fire|Shadow Ball|p2b: Wo-Chien\n|-damage|p2b: Wo-Chien|27\/100\n|\n|-weather|SunnyDay|[upkeep]\n|upkeep\n|turn|5\n|\n|t:|1683203919\n|move|p2a: Torkoal|Eruption|p1a: Beast boy|[spread] p1a,p1b\n|-damage|p1a: Beast boy|0 fnt\n|-damage|p1b: Star fire|15\/100\n|faint|p1a: Beast boy\n|move|p2b: Wo-Chien|Leaf Storm|p1b: Star fire\n|-damage|p1b: Star fire|0 fnt\n|-unboost|p2b: Wo-Chien|spa|2\n|faint|p1b: Star fire\n|-end|p1b: Star fire|Protosynthesis|[silent]\n|\n|win|NqNSuper\n|raw|NicoHaxVGC's rating: 1233 → 1205<\/strong> (-28 for losing)\n|raw|NqNSuper's rating: 1193 → 1221<\/strong> (+28 for winning)\n","uploadtime":1683203925,"views":9,"p1id":"nicohaxvgc","p2id":"nqnsuper","formatid":"gen9vgc2023regulationc","rating":1205,"private":0,"password":""}