{"id":"gen9vgc2023regulationc-1849946728","p1":"Superlenpants","p2":"Lorge Coffee","format":"[Gen 9] VGC 2023 Regulation C","log":"|j|\u2606Superlenpants\n|j|\u2606Lorge Coffee\n|t:|1682271006\n|gametype|doubles\n|player|p1|Superlenpants|artist|1138\n|player|p2|Lorge Coffee|shauntal|1045\n|teamsize|p1|6\n|teamsize|p2|6\n|gen|9\n|tier|[Gen 9] VGC 2023 Regulation C\n|rated|\n|rule|Species Clause: Limit one of each Pok\u00e9mon\n|rule|Item Clause: Limit one of each item\n|clearpoke\n|poke|p1|Ting-Lu, L50|\n|poke|p1|Garganacl, L50, M|\n|poke|p1|Florges, L50, F|\n|poke|p1|Grimmsnarl, L50, M|\n|poke|p1|Amoonguss, L50, F|\n|poke|p1|Rabsca, L50, F|\n|poke|p2|Iron Bundle, L50|\n|poke|p2|Iron Treads, L50|\n|poke|p2|Iron Thorns, L50|\n|poke|p2|Talonflame, L50, M|\n|poke|p2|Annihilape, L50, M|\n|poke|p2|Wo-Chien, L50|\n|teampreview|4\n|inactive|Battle timer is ON: inactive players will automatically lose when time's up. (requested by Lorge Coffee)\n|inactive|Lorge Coffee has 60 seconds left.\n|\n|t:|1682271046\n|start\n|switch|p1a: Florges|Florges, L50, F|100\/100\n|switch|p1b: Amoonguss|Amoonguss, L50, F|100\/100\n|switch|p2a: Iron Bundle|Iron Bundle, L50|100\/100\n|switch|p2b: Wo-Chien|Wo-Chien, L50|100\/100\n|-ability|p2b: Wo-Chien|Tablets of Ruin\n|turn|1\n|inactive|Superlenpants has 30 seconds left.\n|\n|t:|1682271072\n|move|p2a: Iron Bundle|Electric Terrain|p2a: Iron Bundle\n|-fieldstart|move: Electric Terrain\n|-activate|p2a: Iron Bundle|ability: Quark Drive\n|-start|p2a: Iron Bundle|quarkdrivespe\n|move|p1a: Florges|Calm Mind|p1a: Florges\n|-boost|p1a: Florges|spa|1\n|-boost|p1a: Florges|spd|1\n|move|p2b: Wo-Chien|Growth|p2b: Wo-Chien\n|-boost|p2b: Wo-Chien|atk|1\n|-boost|p2b: Wo-Chien|spa|1\n|move|p1b: Amoonguss|Spore|p2a: Iron Bundle\n|-activate|p2a: Iron Bundle|move: Electric Terrain\n|\n|upkeep\n|turn|2\n|\n|t:|1682271087\n|move|p1b: Amoonguss|Rage Powder|p1b: Amoonguss\n|-singleturn|p1b: Amoonguss|move: Rage Powder\n|move|p2a: Iron Bundle|Icy Wind|p1a: Florges|[spread] p1a,p1b\n|-supereffective|p1b: Amoonguss\n|-damage|p1a: Florges|91\/100\n|-damage|p1b: Amoonguss|62\/100\n|-unboost|p1a: Florges|spe|1\n|move|p2b: Wo-Chien|Giga Drain|p1a: Florges\n|-damage|p1a: Florges|71\/100\n|move|p1a: Florges|Calm Mind|p1a: Florges\n|-boost|p1a: Florges|spa|1\n|-boost|p1a: Florges|spd|1\n|\n|upkeep\n|turn|3\n|\n|t:|1682271102\n|move|p2a: Iron Bundle|Icy Wind|p1a: Florges|[spread] p1a,p1b\n|-supereffective|p1b: Amoonguss\n|-damage|p1a: Florges|64\/100\n|-damage|p1b: Amoonguss|24\/100\n|-unboost|p1a: Florges|spe|1\n|move|p2b: Wo-Chien|Growth|p2b: Wo-Chien\n|-boost|p2b: Wo-Chien|atk|1\n|-boost|p2b: Wo-Chien|spa|1\n|move|p1a: Florges|Moonblast|p2b: Wo-Chien\n|-supereffective|p2b: Wo-Chien\n|-damage|p2b: Wo-Chien|6\/100\n|-enditem|p2b: Wo-Chien|Weakness Policy\n|-boost|p2b: Wo-Chien|atk|2|[from] item: Weakness Policy\n|-boost|p2b: Wo-Chien|spa|2|[from] item: Weakness Policy\n|move|p1b: Amoonguss|Pollen Puff|p1a: Florges\n|-heal|p1a: Florges|100\/100\n|\n|upkeep\n|turn|4\n|inactive|Superlenpants has 30 seconds left.\n|\n|t:|1682271132\n|switch|p1b: Grimmsnarl|Grimmsnarl, L50, M, shiny|100\/100\n|move|p2a: Iron Bundle|Icy Wind|p1b: Grimmsnarl|[spread] p1a,p1b\n|-damage|p1a: Florges|93\/100\n|-damage|p1b: Grimmsnarl|82\/100\n|-unboost|p1a: Florges|spe|1\n|-unboost|p1b: Grimmsnarl|spe|1\n|move|p2b: Wo-Chien|Giga Drain|p1a: Florges\n|-damage|p1a: Florges|65\/100\n|-heal|p2b: Wo-Chien|19\/100|[from] drain|[of] p1a: Florges\n|move|p1a: Florges|Moonblast|p2b: Wo-Chien\n|-supereffective|p2b: Wo-Chien\n|-damage|p2b: Wo-Chien|0 fnt\n|faint|p2b: Wo-Chien\n|\n|upkeep\n|\n|t:|1682271146\n|switch|p2b: Iron Treads|Iron Treads, L50|100\/100\n|-activate|p2b: Iron Treads|ability: Quark Drive\n|-start|p2b: Iron Treads|quarkdrivespe\n|turn|5\n|\n|t:|1682271163\n|move|p2a: Iron Bundle|Protect|p2a: Iron Bundle\n|-singleturn|p2a: Iron Bundle|Protect\n|move|p1b: Grimmsnarl|Fake Out|p2b: Iron Treads\n|-resisted|p2b: Iron Treads\n|-damage|p2b: Iron Treads|95\/100\n|cant|p2b: Iron Treads|flinch\n|move|p1a: Florges|Chilling Water|p2b: Iron Treads\n|-supereffective|p2b: Iron Treads\n|-damage|p2b: Iron Treads|18\/100\n|-unboost|p2b: Iron Treads|atk|1\n|\n|-fieldend|move: Electric Terrain\n|-end|p2a: Iron Bundle|Quark Drive\n|-end|p2b: Iron Treads|Quark Drive\n|upkeep\n|turn|6\n|inactive|Lorge Coffee has 30 seconds left.\n|\n|t:|1682271198\n|move|p1b: Grimmsnarl|Reflect|p1b: Grimmsnarl\n|-sidestart|p1: Superlenpants|Reflect\n|move|p2a: Iron Bundle|Icy Wind|p1b: Grimmsnarl|[spread] p1a,p1b\n|-damage|p1a: Florges|58\/100\n|-damage|p1b: Grimmsnarl|63\/100\n|-unboost|p1a: Florges|spe|1\n|-unboost|p1b: Grimmsnarl|spe|1\n|move|p2b: Iron Treads|Iron Head|p1b: Grimmsnarl\n|-supereffective|p1b: Grimmsnarl\n|-damage|p1b: Grimmsnarl|16\/100\n|-damage|p2b: Iron Treads|8\/100|[from] item: Life Orb\n|move|p1a: Florges|Chilling Water|p2b: Iron Treads\n|-supereffective|p2b: Iron Treads\n|-damage|p2b: Iron Treads|0 fnt\n|faint|p2b: Iron Treads\n|-end|p2b: Iron Treads|Quark Drive|[silent]\n|\n|upkeep\n|\n|t:|1682271203\n|switch|p2b: Annihilape|Annihilape, L50, M|100\/100\n|turn|7\n|\n|t:|1682271222\n|-terastallize|p2b: Annihilape|Fire\n|move|p2a: Iron Bundle|Hydro Pump|p1a: Florges\n|-damage|p1a: Florges|38\/100\n|move|p2b: Annihilape|Bulk Up|p2b: Annihilape\n|-boost|p2b: Annihilape|atk|1\n|-boost|p2b: Annihilape|def|1\n|move|p1b: Grimmsnarl|Spirit Break|p2a: Iron Bundle\n|-damage|p2a: Iron Bundle|63\/100\n|-unboost|p2a: Iron Bundle|spa|1\n|move|p1a: Florges|Calm Mind|p1a: Florges\n|-boost|p1a: Florges|spa|1\n|-boost|p1a: Florges|spd|1\n|\n|upkeep\n|turn|8\n|inactive|Superlenpants has 30 seconds left.\n|inactive|Lorge Coffee has 30 seconds left.\n|inactive|Lorge Coffee has 20 seconds left.\n|\n|t:|1682271259\n|switch|p1b: Amoonguss|Amoonguss, L50, F|57\/100\n|move|p1a: Florges|Protect|p1a: Florges\n|-singleturn|p1a: Florges|Protect\n|move|p2a: Iron Bundle|Icy Wind|p1b: Amoonguss|[spread] \n|-activate|p1a: Florges|move: Protect\n|-miss|p2a: Iron Bundle|p1b: Amoonguss\n|move|p2b: Annihilape|Bulk Up|p2b: Annihilape\n|-boost|p2b: Annihilape|atk|1\n|-boost|p2b: Annihilape|def|1\n|\n|upkeep\n|turn|9\n|\n|t:|1682271274\n|move|p1b: Amoonguss|Rage Powder|p1b: Amoonguss\n|-singleturn|p1b: Amoonguss|move: Rage Powder\n|move|p2a: Iron Bundle|Electric Terrain|p2a: Iron Bundle\n|-fieldstart|move: Electric Terrain\n|-activate|p2a: Iron Bundle|ability: Quark Drive\n|-start|p2a: Iron Bundle|quarkdrivespe\n|move|p2b: Annihilape|Drain Punch|p1b: Amoonguss\n|-resisted|p1b: Amoonguss\n|-damage|p1b: Amoonguss|38\/100\n|-damage|p2b: Annihilape|84\/100|[from] item: Rocky Helmet|[of] p1b: Amoonguss\n|move|p1a: Florges|Moonblast|p2b: Annihilape\n|-resisted|p2b: Annihilape\n|-damage|p2b: Annihilape|41\/100\n|\n|-heal|p2b: Annihilape|47\/100|[from] item: Leftovers\n|upkeep\n|turn|10\n|\n|t:|1682271292\n|move|p1b: Amoonguss|Rage Powder|p1b: Amoonguss\n|-singleturn|p1b: Amoonguss|move: Rage Powder\n|move|p2a: Iron Bundle|Icy Wind|p1a: Florges|[spread] p1a,p1b\n|-supereffective|p1b: Amoonguss\n|-damage|p1a: Florges|33\/100\n|-damage|p1b: Amoonguss|15\/100\n|-unboost|p1a: Florges|spe|1\n|move|p2b: Annihilape|Rage Fist|p1b: Amoonguss\n|-damage|p1b: Amoonguss|0 fnt\n|-damage|p2b: Annihilape|30\/100|[from] item: Rocky Helmet|[of] p1b: Amoonguss\n|faint|p1b: Amoonguss\n|move|p1a: Florges|Moonblast|p2b: Annihilape\n|-resisted|p2b: Annihilape\n|-damage|p2b: Annihilape|0 fnt\n|faint|p2b: Annihilape\n|\n|upkeep\n|\n|t:|1682271311\n|switch|p1b: Ting-Lu|Ting-Lu, L50|100\/100\n|-ability|p1b: Ting-Lu|Vessel of Ruin\n|turn|11\n|\n|t:|1682271321\n|move|p2a: Iron Bundle|Hydro Pump|p1b: Ting-Lu\n|-supereffective|p1b: Ting-Lu\n|-damage|p1b: Ting-Lu|75\/100\n|move|p1b: Ting-Lu|Stomping Tantrum|p2a: Iron Bundle\n|-damage|p2a: Iron Bundle|17\/100\n|move|p1a: Florges|Moonblast|p2a: Iron Bundle\n|-damage|p2a: Iron Bundle|0 fnt\n|faint|p2a: Iron Bundle\n|-end|p2a: Iron Bundle|Quark Drive|[silent]\n|\n|win|Superlenpants\n|raw|Superlenpants's rating: 1138 → 1156<\/strong> (+18 for winning)\n|raw|Lorge Coffee's rating: 1045 → 1033<\/strong> (-12 for losing)\n|l|\u2606Lorge Coffee\n","uploadtime":1682271343,"views":2,"p1id":"superlenpants","p2id":"lorgecoffee","formatid":"gen9vgc2023regulationc","rating":1033,"private":0,"password":""}