{"id":"gen9vgc2023regulationc-1853003329","p1":"Tentacruel Man","p2":"coolkhiid","format":"[Gen 9] VGC 2023 Regulation C","log":"|j|\u2606Tentacruel Man\n|j|\u2606coolkhiid\n|t:|1682624727\n|gametype|doubles\n|player|p1|Tentacruel Man|101|1390\n|player|p2|coolkhiid|170|1402\n|teamsize|p1|6\n|teamsize|p2|6\n|gen|9\n|tier|[Gen 9] VGC 2023 Regulation C\n|rated|\n|rule|Species Clause: Limit one of each Pok\u00e9mon\n|rule|Item Clause: Limit one of each item\n|clearpoke\n|poke|p1|Scream Tail, L50|\n|poke|p1|Dragonite, L50, F|\n|poke|p1|Chien-Pao, L50|\n|poke|p1|Palafin, L50, M|\n|poke|p1|Volcarona, L50, M|\n|poke|p1|Meowscarada, L50, F|\n|poke|p2|Ting-Lu, L50|\n|poke|p2|Abomasnow, L50, M|\n|poke|p2|Iron Bundle, L50|\n|poke|p2|Gyarados, L50, M|\n|poke|p2|Gholdengo, L50|\n|poke|p2|Iron Moth, L50|\n|teampreview|4\n|inactive|Battle timer is ON: inactive players will automatically lose when time's up. (requested by coolkhiid)\n|inactive|Tentacruel Man has 60 seconds left.\n|inactive|coolkhiid has 60 seconds left.\n|\n|t:|1682624776\n|start\n|switch|p1a: Palafin|Palafin, L50, M|100\/100\n|switch|p1b: Meowscarada|Meowscarada, L50, F|100\/100\n|switch|p2a: Abomasnow|Abomasnow, L50, M|100\/100\n|switch|p2b: Iron Bundle|Iron Bundle, L50|100\/100\n|-weather|Snow|[from] ability: Snow Warning|[of] p2a: Abomasnow\n|turn|1\n|inactive|coolkhiid has 30 seconds left.\n|\n|t:|1682624805\n|detailschange|p1a: Palafin|Palafin-Hero, L50, M\n|switch|p1a: Scream Tail|Scream Tail, L50|100\/100\n|-enditem|p1a: Scream Tail|Booster Energy\n|-activate|p1a: Scream Tail|ability: Protosynthesis|[fromitem]\n|-start|p1a: Scream Tail|protosynthesisspe\n|move|p1b: Meowscarada|Protect|p1b: Meowscarada\n|-singleturn|p1b: Meowscarada|Protect\n|move|p2b: Iron Bundle|Blizzard|p1a: Scream Tail|[spread] p1a\n|-activate|p1b: Meowscarada|move: Protect\n|-damage|p1a: Scream Tail|65\/100\n|-damage|p2b: Iron Bundle|91\/100|[from] item: Life Orb\n|move|p2a: Abomasnow|Aurora Veil|p2a: Abomasnow\n|-sidestart|p2: coolkhiid|move: Aurora Veil\n|\n|-weather|Snow|[upkeep]\n|upkeep\n|turn|2\n|inactive|Tentacruel Man has 30 seconds left.\n|\n|t:|1682624832\n|switch|p1b: Palafin|Palafin-Hero, L50, M|100\/100\n|-activate|p1b: Palafin|ability: Zero to Hero\n|move|p1a: Scream Tail|Thunder Wave|p2b: Iron Bundle\n|-status|p2b: Iron Bundle|par\n|cant|p2b: Iron Bundle|par\n|move|p2a: Abomasnow|Blizzard|p1b: Palafin|[spread] p1a,p1b\n|-resisted|p1b: Palafin\n|-damage|p1a: Scream Tail|41\/100\n|-damage|p1b: Palafin|84\/100\n|\n|-weather|Snow|[upkeep]\n|upkeep\n|turn|3\n|\n|t:|1682624855\n|-terastallize|p2b: Iron Bundle|Ice\n|move|p1a: Scream Tail|Howl|p1a: Scream Tail|[spread] p1a,p1b\n|-boost|p1a: Scream Tail|atk|1\n|-boost|p1b: Palafin|atk|1\n|move|p1b: Palafin|Wave Crash|p2b: Iron Bundle\n|-damage|p2b: Iron Bundle|16\/100 par\n|-damage|p1b: Palafin|68\/100|[from] Recoil\n|cant|p2b: Iron Bundle|par\n|move|p2a: Abomasnow|Giga Drain|p1b: Palafin\n|-supereffective|p1b: Palafin\n|-damage|p1b: Palafin|4\/100\n|\n|-weather|Snow|[upkeep]\n|upkeep\n|turn|4\n|\n|t:|1682624871\n|move|p1b: Palafin|Protect|p1b: Palafin\n|-singleturn|p1b: Palafin|Protect\n|move|p2b: Iron Bundle|Protect|p2b: Iron Bundle\n|-singleturn|p2b: Iron Bundle|Protect\n|move|p1a: Scream Tail|Play Rough|p2b: Iron Bundle\n|-activate|p2b: Iron Bundle|move: Protect\n|move|p2a: Abomasnow|Blizzard|p1a: Scream Tail|[spread] p1a\n|-activate|p1b: Palafin|move: Protect\n|-damage|p1a: Scream Tail|19\/100\n|\n|-weather|Snow|[upkeep]\n|upkeep\n|turn|5\n|\n|t:|1682624887\n|-end|p2b: Iron Bundle|Quark Drive|[silent]\n|switch|p2b: Gyarados|Gyarados, L50, M|100\/100\n|-ability|p2b: Gyarados|Intimidate|boost\n|-unboost|p1a: Scream Tail|atk|1\n|-unboost|p1b: Palafin|atk|1\n|move|p1a: Scream Tail|Play Rough|p2b: Gyarados\n|-damage|p2b: Gyarados|83\/100\n|move|p1b: Palafin|Wave Crash|p2a: Abomasnow\n|-resisted|p2a: Abomasnow\n|-damage|p2a: Abomasnow|79\/100\n|-damage|p1b: Palafin|0 fnt|[from] Recoil\n|faint|p1b: Palafin\n|move|p2a: Abomasnow|Blizzard|p1a: Scream Tail\n|-damage|p1a: Scream Tail|0 fnt\n|faint|p1a: Scream Tail\n|-end|p1a: Scream Tail|Protosynthesis|[silent]\n|\n|-weather|none\n|upkeep\n|\n|t:|1682624892\n|switch|p1a: Meowscarada|Meowscarada, L50, F|100\/100\n|switch|p1b: Chien-Pao|Chien-Pao, L50|100\/100\n|-ability|p1b: Chien-Pao|Sword of Ruin\n|turn|6\n|inactive|coolkhiid has 30 seconds left.\n|inactive|coolkhiid has 20 seconds left.\n|\n|t:|1682624930\n|switch|p2a: Iron Bundle|Iron Bundle, L50, tera:Ice|16\/100 par\n|move|p1b: Chien-Pao|Ice Spinner|p2b: Gyarados\n|-crit|p2b: Gyarados\n|-damage|p2b: Gyarados|0 fnt\n|faint|p2b: Gyarados\n|move|p1a: Meowscarada|Flower Trick|p2a: Iron Bundle\n|-crit|p2a: Iron Bundle\n|-damage|p2a: Iron Bundle|0 fnt\n|faint|p2a: Iron Bundle\n|-end|p2a: Iron Bundle|Quark Drive|[silent]\n|-damage|p1a: Meowscarada|91\/100|[from] item: Life Orb\n|\n|upkeep\n|\n|t:|1682624941\n|switch|p2a: Iron Moth|Iron Moth, L50|100\/100\n|switch|p2b: Abomasnow|Abomasnow, L50, M|79\/100\n|-weather|Snow|[from] ability: Snow Warning|[of] p2b: Abomasnow\n|-enditem|p2a: Iron Moth|Booster Energy\n|-activate|p2a: Iron Moth|ability: Quark Drive|[fromitem]\n|-start|p2a: Iron Moth|quarkdrivespe\n|turn|7\n|\n|t:|1682624962\n|move|p1a: Meowscarada|Protect|p1a: Meowscarada\n|-singleturn|p1a: Meowscarada|Protect\n|move|p1b: Chien-Pao|Sucker Punch|p2a: Iron Moth\n|-damage|p2a: Iron Moth|51\/100\n|move|p2a: Iron Moth|Heat Wave|p1a: Meowscarada|[spread] p1b\n|-activate|p1a: Meowscarada|move: Protect\n|-supereffective|p1b: Chien-Pao\n|-enditem|p1b: Chien-Pao|Focus Sash\n|-damage|p1b: Chien-Pao|1\/100\n|move|p2b: Abomasnow|Blizzard|p1b: Chien-Pao|[spread] p1b\n|-activate|p1a: Meowscarada|move: Protect\n|-resisted|p1b: Chien-Pao\n|-damage|p1b: Chien-Pao|0 fnt\n|faint|p1b: Chien-Pao\n|\n|-weather|Snow|[upkeep]\n|upkeep\n|turn|8\n|\n|t:|1682624981\n|move|p1a: Meowscarada|Sucker Punch|p2a: Iron Moth\n|-damage|p2a: Iron Moth|8\/100\n|-damage|p1a: Meowscarada|81\/100|[from] item: Life Orb\n|move|p2a: Iron Moth|Heat Wave|p1a: Meowscarada\n|-supereffective|p1a: Meowscarada\n|-damage|p1a: Meowscarada|0 fnt\n|faint|p1a: Meowscarada\n|\n|win|coolkhiid\n|raw|Tentacruel Man's rating: 1390 → 1371<\/strong> (-19 for losing)\n|raw|coolkhiid's rating: 1402 → 1421<\/strong> (+19 for winning)\n|l|\u2606Tentacruel Man\n","uploadtime":1682624992,"views":12,"p1id":"tentacruelman","p2id":"coolkhiid","formatid":"gen9vgc2023regulationc","rating":1371,"private":0,"password":""}