{"id":"gen9vgc2023regulationc-1859675756","p1":"Geradifdorudini","p2":"giammi.no","format":"[Gen 9] VGC 2023 Regulation C","log":"|j|\u2606Geradifdorudini\n|j|\u2606giammi.no\n|t:|1683555111\n|gametype|doubles\n|player|p1|Geradifdorudini|penny|1122\n|player|p2|giammi.no|marshal|1070\n|teamsize|p1|6\n|teamsize|p2|6\n|gen|9\n|tier|[Gen 9] VGC 2023 Regulation C\n|rated|\n|rule|Species Clause: Limit one of each Pok\u00e9mon\n|rule|Item Clause: Limit one of each item\n|clearpoke\n|poke|p1|Torkoal, L50, F|\n|poke|p1|Jumpluff, L50, F|\n|poke|p1|Flutter Mane, L50|\n|poke|p1|Great Tusk, L50|\n|poke|p1|Chien-Pao, L50|\n|poke|p1|Kingambit, L50, M|\n|poke|p2|Iron Hands, L50|\n|poke|p2|Amoonguss, L50, F|\n|poke|p2|Pelipper, L50, F|\n|poke|p2|Palafin, L50, F|\n|poke|p2|Baxcalibur, L50, F|\n|poke|p2|Dragonite, L50, F|\n|teampreview|4\nGeradifdorudini rejected open team sheets.\n|\n|t:|1683555153\n|start\n|switch|p1a: Jumpluff|Jumpluff, L50, F|100\/100\n|switch|p1b: Torkoal|Torkoal, L50, F|100\/100\n|switch|p2a: Torqoise|Palafin, L50, F|100\/100\n|switch|p2b: Maradona|Iron Hands, L50, shiny|100\/100\n|-weather|SunnyDay|[from] ability: Drought|[of] p1b: Torkoal\n|turn|1\n|inactive|Battle timer is ON: inactive players will automatically lose when time's up. (requested by giammi.no)\n|\n|t:|1683555172\n|detailschange|p2a: Torqoise|Palafin-Hero, L50, F\n|switch|p2a: Beaker|Pelipper, L50, F|100\/100\n|-weather|RainDance|[from] ability: Drizzle|[of] p2a: Beaker\n|move|p2b: Maradona|Fake Out|p1b: Torkoal\n|-damage|p1b: Torkoal|89\/100\n|move|p1a: Jumpluff|Tailwind|p1a: Jumpluff\n|-sidestart|p1: Geradifdorudini|move: Tailwind\n|cant|p1b: Torkoal|flinch\n|\n|-weather|RainDance|[upkeep]\n|upkeep\n|turn|2\n|\n|t:|1683555190\n|move|p1a: Jumpluff|Sleep Powder|p2a: Beaker\n|-status|p2a: Beaker|slp|[from] move: Sleep Powder\n|cant|p2a: Beaker|slp\n|move|p1b: Torkoal|Yawn|p2b: Maradona\n|-start|p2b: Maradona|move: Yawn|[of] p1b: Torkoal\n|move|p2b: Maradona|Volt Switch|p1b: Torkoal\n|-damage|p1b: Torkoal|75\/100\n|\n|t:|1683555199\n|-end|p2b: Maradona|Quark Drive|[silent]\n|switch|p2b: Torqoise|Palafin-Hero, L50, F|100\/100|[from] Volt Switch\n|-activate|p2b: Torqoise|ability: Zero to Hero\n|\n|-weather|RainDance|[upkeep]\n|upkeep\n|turn|3\n|\n|t:|1683555213\n|switch|p1b: Flutter Mane|Flutter Mane, L50|100\/100\n|move|p2b: Torqoise|Protect|p2b: Torqoise\n|-singleturn|p2b: Torqoise|Protect\n|move|p1a: Jumpluff|Sleep Powder|p2b: Torqoise\n|-activate|p2b: Torqoise|move: Protect\n|cant|p2a: Beaker|slp\n|\n|-weather|RainDance|[upkeep]\n|upkeep\n|turn|4\n|inactive|giammi.no has 30 seconds left.\n|\n|t:|1683555238\n|switch|p2b: Maradona|Iron Hands, L50, shiny|100\/100\n|move|p1b: Flutter Mane|Thunderbolt|p2a: Beaker\n|-supereffective|p2a: Beaker\n|-enditem|p2a: Beaker|Focus Sash\n|-damage|p2a: Beaker|1\/100 slp\n|move|p1a: Jumpluff|Leaf Storm|p2b: Maradona\n|-damage|p2b: Maradona|86\/100\n|-unboost|p1a: Jumpluff|spa|2\n|-curestatus|p2a: Beaker|slp|[msg]\n|move|p2a: Beaker|Tailwind|p2a: Beaker\n|-sidestart|p2: giammi.no|move: Tailwind\n|\n|-weather|RainDance|[upkeep]\n|-sideend|p1: Geradifdorudini|move: Tailwind\n|upkeep\n|turn|5\n|\n|t:|1683555259\n|-end|p1b: Flutter Mane|Protosynthesis|[silent]\n|switch|p1b: Torkoal|Torkoal, L50, F|75\/100\n|-weather|SunnyDay|[from] ability: Drought|[of] p1b: Torkoal\n|move|p1a: Jumpluff|Tailwind|p1a: Jumpluff\n|-sidestart|p1: Geradifdorudini|move: Tailwind\n|move|p2a: Beaker|Hurricane|p1a: Jumpluff|[miss]\n|-miss|p2a: Beaker|p1a: Jumpluff\n|move|p2b: Maradona|Wild Charge|p1b: Torkoal\n|-damage|p1b: Torkoal|36\/100\n|-damage|p2b: Maradona|79\/100|[from] Recoil\n|\n|-weather|SunnyDay|[upkeep]\n|upkeep\n|turn|6\n|\n|t:|1683555280\n|move|p2a: Beaker|Protect|p2a: Beaker\n|-singleturn|p2a: Beaker|Protect\n|move|p1a: Jumpluff|Sleep Powder|p2b: Maradona\n|-status|p2b: Maradona|slp|[from] move: Sleep Powder\n|cant|p2b: Maradona|slp\n|move|p1b: Torkoal|Overheat|p2a: Beaker\n|-activate|p2a: Beaker|move: Protect\n|\n|-weather|SunnyDay|[upkeep]\n|upkeep\n|turn|7\n|inactive|giammi.no has 30 seconds left.\n|inactive|giammi.no has 20 seconds left.\n|\n|t:|1683555318\n|switch|p2a: BlockBuster|Baxcalibur, L50, F|100\/100\n|move|p1a: Jumpluff|Encore||[still]\n|-fail|p1a: Jumpluff\n|cant|p2b: Maradona|slp\n|move|p1b: Torkoal|Overheat|p2b: Maradona\n|-damage|p2b: Maradona|51\/100 slp\n|-unboost|p1b: Torkoal|spa|2\n|-enditem|p1b: Torkoal|Eject Pack\n|\n|t:|1683555329\n|switch|p1b: Flutter Mane|Flutter Mane, L50|100\/100\n|-activate|p1b: Flutter Mane|ability: Protosynthesis\n|-start|p1b: Flutter Mane|protosynthesisspe\n|\n|-weather|SunnyDay|[upkeep]\n|-sideend|p2: giammi.no|move: Tailwind\n|upkeep\n|turn|8\n|\n|t:|1683555353\n|-end|p2b: Maradona|Quark Drive|[silent]\n|switch|p2b: Beaker|Pelipper, L50, F|1\/100\n|-weather|RainDance|[from] ability: Drizzle|[of] p2b: Beaker\n|-end|p1b: Flutter Mane|Protosynthesis\n|move|p2a: BlockBuster|Protect|p2a: BlockBuster\n|-singleturn|p2a: BlockBuster|Protect\n|move|p1b: Flutter Mane|Dazzling Gleam|p2b: Beaker|[spread] p2b\n|-activate|p2a: BlockBuster|move: Protect\n|-crit|p2b: Beaker\n|-damage|p2b: Beaker|0 fnt\n|faint|p2b: Beaker\n|move|p1a: Jumpluff|Sleep Powder|p2a: BlockBuster\n|-activate|p2a: BlockBuster|move: Protect\n|\n|-weather|RainDance|[upkeep]\n|-sideend|p1: Geradifdorudini|move: Tailwind\n|upkeep\n|\n|t:|1683555367\n|switch|p2b: Torqoise|Palafin-Hero, L50, F|100\/100\n|turn|9\n|\n|t:|1683555378\n|-end|p1b: Flutter Mane|Protosynthesis|[silent]\n|switch|p1b: Torkoal|Torkoal, L50, F|36\/100\n|-weather|SunnyDay|[from] ability: Drought|[of] p1b: Torkoal\n|move|p1a: Jumpluff|Sleep Powder|p2b: Torqoise|[miss]\n|-miss|p1a: Jumpluff|p2b: Torqoise\n|move|p2b: Torqoise|Wave Crash|p1b: Torkoal\n|-supereffective|p1b: Torkoal\n|-damage|p1b: Torkoal|0 fnt\n|faint|p1b: Torkoal\n|-damage|p2b: Torqoise|90\/100|[from] Recoil\n|move|p2a: BlockBuster|Glaive Rush|p1a: Jumpluff\n|-damage|p1a: Jumpluff|0 fnt\n|-singlemove|p2a: BlockBuster|Glaive Rush|[silent]\n|faint|p1a: Jumpluff\n|\n|-weather|SunnyDay|[upkeep]\n|upkeep\n|\n|t:|1683555385\n|switch|p1a: Flutter Mane|Flutter Mane, L50|100\/100\n|switch|p1b: Chien-Pao|Chien-Pao, L50|100\/100\n|-ability|p1b: Chien-Pao|Sword of Ruin\n|-activate|p1a: Flutter Mane|ability: Protosynthesis\n|-start|p1a: Flutter Mane|protosynthesisspe\n|turn|10\n|\n|t:|1683555403\n|move|p1b: Chien-Pao|Protect|p1b: Chien-Pao\n|-singleturn|p1b: Chien-Pao|Protect\n|move|p2b: Torqoise|Protect|p2b: Torqoise\n|-singleturn|p2b: Torqoise|Protect\n|move|p2a: BlockBuster|Protect|p2a: BlockBuster\n|-singleturn|p2a: BlockBuster|Protect\n|move|p1a: Flutter Mane|Dazzling Gleam|p2b: Torqoise|[spread] \n|-activate|p2a: BlockBuster|move: Protect\n|-activate|p2b: Torqoise|move: Protect\n|\n|-weather|SunnyDay|[upkeep]\n|upkeep\n|turn|11\n|\n|t:|1683555421\n|switch|p2b: Maradona|Iron Hands, L50, shiny|51\/100 slp\n|-terastallize|p2a: BlockBuster|Poison\n|move|p1a: Flutter Mane|Dazzling Gleam|p2a: BlockBuster|[spread] p2a,p2b\n|-resisted|p2a: BlockBuster\n|-supereffective|p2b: Maradona\n|-crit|p2b: Maradona\n|-damage|p2a: BlockBuster|78\/100\n|-damage|p2b: Maradona|0 fnt\n|faint|p2b: Maradona\n|-end|p2b: Maradona|Quark Drive|[silent]\n|move|p1b: Chien-Pao|Ice Spinner|p2a: BlockBuster\n|-damage|p2a: BlockBuster|24\/100\n|move|p2a: BlockBuster|Glaive Rush|p1b: Chien-Pao\n|-enditem|p1b: Chien-Pao|Focus Sash\n|-damage|p1b: Chien-Pao|1\/100\n|-singlemove|p2a: BlockBuster|Glaive Rush|[silent]\n|\n|-weather|SunnyDay|[upkeep]\n|upkeep\n|\n|t:|1683555435\n|switch|p2b: Torqoise|Palafin-Hero, L50, F|90\/100\n|turn|12\n|\n|t:|1683555444\n|-terastallize|p1a: Flutter Mane|Water\n|move|p1b: Chien-Pao|Protect|p1b: Chien-Pao\n|-singleturn|p1b: Chien-Pao|Protect\n|move|p2b: Torqoise|Protect|p2b: Torqoise\n|-singleturn|p2b: Torqoise|Protect\n|move|p2a: BlockBuster|Protect|p2a: BlockBuster\n|-singleturn|p2a: BlockBuster|Protect\n|move|p1a: Flutter Mane|Dazzling Gleam|p2a: BlockBuster|[spread] \n|-activate|p2a: BlockBuster|move: Protect\n|-activate|p2b: Torqoise|move: Protect\n|\n|-weather|SunnyDay|[upkeep]\n|upkeep\n|turn|13\n|\n|t:|1683555470\n|move|p1b: Chien-Pao|Sucker Punch|p2b: Torqoise\n|-damage|p2b: Torqoise|48\/100\n|move|p2b: Torqoise|Jet Punch|p1b: Chien-Pao\n|-damage|p1b: Chien-Pao|0 fnt\n|faint|p1b: Chien-Pao\n|move|p2a: BlockBuster|Ice Shard|p1a: Flutter Mane\n|-resisted|p1a: Flutter Mane\n|-damage|p1a: Flutter Mane|80\/100\n|move|p1a: Flutter Mane|Dazzling Gleam|p2a: BlockBuster|[spread] p2a,p2b\n|-resisted|p2a: BlockBuster\n|-damage|p2a: BlockBuster|2\/100\n|-damage|p2b: Torqoise|2\/100\n|\n|-weather|none\n|-end|p1a: Flutter Mane|Protosynthesis\n|upkeep\n|turn|14\n|\n|t:|1683555488\n|move|p1a: Flutter Mane|Dazzling Gleam|p2a: BlockBuster|[spread] p2a,p2b\n|-resisted|p2a: BlockBuster\n|-crit|p2b: Torqoise\n|-damage|p2a: BlockBuster|0 fnt\n|-damage|p2b: Torqoise|0 fnt\n|faint|p2a: BlockBuster\n|faint|p2b: Torqoise\n|\n|win|Geradifdorudini\n|raw|Geradifdorudini's rating: 1122 → 1143<\/strong> (+21 for winning)\n|raw|giammi.no's rating: 1070 → 1053<\/strong> (-17 for losing)\n|l|\u2606giammi.no\n","uploadtime":1683555496,"views":6,"p1id":"geradifdorudini","p2id":"giammino","formatid":"gen9vgc2023regulationc","rating":1053,"private":0,"password":""}