{"id":"gen9vgc2023regulationc-1862612514","p1":"Lolitcher","p2":"thrillcorner","format":"[Gen 9] VGC 2023 Regulation C","log":"|j|\u2606Lolitcher\n|j|\u2606thrillcorner\n|t:|1683905568\n|gametype|doubles\n|player|p1|Lolitcher|170|1396\n|player|p2|thrillcorner|red-masters2|1380\n|teamsize|p1|6\n|teamsize|p2|6\n|gen|9\n|tier|[Gen 9] VGC 2023 Regulation C\n|rated|\n|rule|Species Clause: Limit one of each Pok\u00e9mon\n|rule|Item Clause: Limit one of each item\n|clearpoke\n|poke|p1|Murkrow, L50, F|\n|poke|p1|Chi-Yu, L50|\n|poke|p1|Flutter Mane, L50|\n|poke|p1|Great Tusk, L50|\n|poke|p1|Brute Bonnet, L50|\n|poke|p1|Corviknight, L50, F|\n|poke|p2|Pelipper, L50, F|\n|poke|p2|Azumarill, L50, M|\n|poke|p2|Iron Hands, L50|\n|poke|p2|Flutter Mane, L50|\n|poke|p2|Arcanine, L50, F|\n|poke|p2|Amoonguss, L50, F|\n|teampreview|4\n|inactive|Battle timer is ON: inactive players will automatically lose when time's up. (requested by Lolitcher)\nthrillcorner has agreed to open team sheets.\n|\n|t:|1683905597\n|start\n|switch|p1a: Murkrow|Murkrow, L50, F, shiny|100\/100\n|switch|p1b: Flutter Mane|Flutter Mane, L50|100\/100\n|switch|p2a: Iron Hands|Iron Hands, L50|100\/100\n|switch|p2b: Flutter Mane|Flutter Mane, L50|100\/100\n|-enditem|p2b: Flutter Mane|Booster Energy\n|-activate|p2b: Flutter Mane|ability: Protosynthesis|[fromitem]\n|-start|p2b: Flutter Mane|protosynthesisspa\n|turn|1\n|inactive|thrillcorner has 30 seconds left.\n|\n|t:|1683905628\n|-terastallize|p1b: Flutter Mane|Fairy\n|-terastallize|p2a: Iron Hands|Grass\n|move|p2a: Iron Hands|Fake Out|p1a: Murkrow\n|-crit|p1a: Murkrow\n|-damage|p1a: Murkrow|81\/100\n|cant|p1a: Murkrow|flinch\n|move|p1b: Flutter Mane|Dazzling Gleam|p2b: Flutter Mane|[spread] p2a,p2b\n|-damage|p2a: Iron Hands|68\/100\n|-damage|p2b: Flutter Mane|39\/100\n|move|p2b: Flutter Mane|Trick Room|p2b: Flutter Mane\n|-fieldstart|move: Trick Room|[of] p2b: Flutter Mane\n|\n|upkeep\n|turn|2\n|\n|t:|1683905646\n|move|p1a: Murkrow|Sunny Day|p1a: Murkrow\n|-weather|SunnyDay\n|-activate|p1b: Flutter Mane|ability: Protosynthesis\n|-start|p1b: Flutter Mane|protosynthesisspa\n|move|p2a: Iron Hands|Wild Charge|p1b: Flutter Mane\n|-damage|p1b: Flutter Mane|13\/100\n|-damage|p2a: Iron Hands|56\/100|[from] Recoil\n|move|p2b: Flutter Mane|Dazzling Gleam|p1a: Murkrow|[spread] p1a,p1b\n|-supereffective|p1a: Murkrow\n|-damage|p1a: Murkrow|0 fnt\n|-damage|p1b: Flutter Mane|0 fnt\n|faint|p1a: Murkrow\n|faint|p1b: Flutter Mane\n|-end|p1b: Flutter Mane|Protosynthesis|[silent]\n|\n|-weather|SunnyDay|[upkeep]\n|upkeep\n|\n|t:|1683905659\n|switch|p1a: Great Tusk|Great Tusk, L50|100\/100\n|switch|p1b: Corviknight|Corviknight, L50, F|100\/100\n|-activate|p1a: Great Tusk|ability: Protosynthesis\n|-start|p1a: Great Tusk|protosynthesisatk\n|turn|3\n|\n|t:|1683905684\n|move|p2a: Iron Hands|Drain Punch|p1b: Corviknight\n|-damage|p1b: Corviknight|61\/100\n|-heal|p2a: Iron Hands|71\/100|[from] drain|[of] p1b: Corviknight\n|move|p1b: Corviknight|Iron Head|p2b: Flutter Mane\n|-supereffective|p2b: Flutter Mane\n|-damage|p2b: Flutter Mane|0 fnt\n|faint|p2b: Flutter Mane\n|-end|p2b: Flutter Mane|Protosynthesis|[silent]\n|move|p1a: Great Tusk|Earthquake|p2a: Iron Hands|[spread] p2a\n|-immune|p1b: Corviknight\n|-resisted|p2a: Iron Hands\n|-damage|p2a: Iron Hands|54\/100\n|\n|-weather|SunnyDay|[upkeep]\n|upkeep\n|\n|t:|1683905704\n|switch|p2b: Azumarill|Azumarill, L50, M|100\/100\n|turn|4\n|\n|t:|1683905721\n|move|p2b: Azumarill|Protect|p2b: Azumarill\n|-singleturn|p2b: Azumarill|Protect\n|move|p2a: Iron Hands|Wild Charge|p1b: Corviknight\n|-supereffective|p1b: Corviknight\n|-damage|p1b: Corviknight|0 fnt\n|faint|p1b: Corviknight\n|-damage|p2a: Iron Hands|43\/100|[from] Recoil\n|move|p1a: Great Tusk|Earthquake|p2b: Azumarill|[spread] p2a\n|-activate|p2b: Azumarill|move: Protect\n|-resisted|p2a: Iron Hands\n|-damage|p2a: Iron Hands|23\/100\n|\n|-weather|SunnyDay|[upkeep]\n|upkeep\n|turn|5\n|\n|t:|1683905739\n|-end|p2a: Iron Hands|Quark Drive|[silent]\n|switch|p2a: Pelipper|Pelipper, L50, F|100\/100\n|-weather|RainDance|[from] ability: Drizzle|[of] p2a: Pelipper\n|-end|p1a: Great Tusk|Protosynthesis\n|move|p2b: Azumarill|Liquidation|p1a: Great Tusk\n|-supereffective|p1a: Great Tusk\n|-damage|p1a: Great Tusk|0 fnt\n|faint|p1a: Great Tusk\n|-end|p1a: Great Tusk|Protosynthesis|[silent]\n|-damage|p2b: Azumarill|91\/100|[from] item: Life Orb\n|\n|win|thrillcorner\n|raw|Lolitcher's rating: 1396 → 1375<\/strong> (-21 for losing)\n|raw|thrillcorner's rating: 1380 → 1401<\/strong> (+21 for winning)\n|c|\u2606thrillcorner|gg\n","uploadtime":1683905751,"views":81,"p1id":"lolitcher","p2id":"thrillcorner","formatid":"gen9vgc2023regulationc","rating":1375,"private":0,"password":""}