{"id":"gen9vgc2023regulationc-1849352922","p1":"zyzz7","p2":"LordSno","format":"[Gen 9] VGC 2023 Regulation C","log":"|j|\u2606zyzz7\n|j|\u2606LordSno\n|t:|1682189053\n|gametype|doubles\n|player|p1|zyzz7|1|1082\n|player|p2|LordSno|101|1163\n|teamsize|p1|6\n|teamsize|p2|6\n|gen|9\n|tier|[Gen 9] VGC 2023 Regulation C\n|rated|\n|rule|Species Clause: Limit one of each Pok\u00e9mon\n|rule|Item Clause: Limit one of each item\n|clearpoke\n|poke|p1|Kingambit, L50, M|\n|poke|p1|Hatterene, L50, F|\n|poke|p1|Indeedee-F, L50, F|\n|poke|p1|Armarouge, L50, M|\n|poke|p1|Torkoal, L50, F|\n|poke|p1|Iron Hands, L50|\n|poke|p2|Chi-Yu, L50|\n|poke|p2|Flutter Mane, L50|\n|poke|p2|Torkoal, L50, M|\n|poke|p2|Jumpluff, L50, M|\n|poke|p2|Great Tusk, L50|\n|poke|p2|Wo-Chien, L50|\n|teampreview|4\n|\n|t:|1682189085\n|start\n|switch|p1a: Hatterene|Hatterene, L50, F|100\/100\n|switch|p1b: Indeedee|Indeedee-F, L50, F|100\/100\n|switch|p2a: Jumpluff|Jumpluff, L50, M|100\/100\n|switch|p2b: Chi-Yu|Chi-Yu, L50|100\/100\n|-ability|p2b: Chi-Yu|Beads of Ruin\n|-fieldstart|move: Psychic Terrain|[from] ability: Psychic Surge|[of] p1b: Indeedee\n|-enditem|p1b: Indeedee|Psychic Seed\n|-boost|p1b: Indeedee|spd|1|[from] item: Psychic Seed\n|turn|1\n|\n|t:|1682189103\n|move|p1b: Indeedee|Follow Me|p1b: Indeedee\n|-singleturn|p1b: Indeedee|move: Follow Me\n|move|p2a: Jumpluff|Sleep Powder|p1b: Indeedee|[miss]\n|-miss|p2a: Jumpluff|p1b: Indeedee\n|move|p2b: Chi-Yu|Dark Pulse|p1b: Indeedee\n|-supereffective|p1b: Indeedee\n|-damage|p1b: Indeedee|11\/100\n|-damage|p2b: Chi-Yu|90\/100|[from] item: Life Orb\n|move|p1a: Hatterene|Trick Room|p1a: Hatterene\n|-fieldstart|move: Trick Room|[of] p1a: Hatterene\n|\n|upkeep\n|turn|2\n|\n|t:|1682189120\n|move|p1a: Hatterene|Dazzling Gleam|p2a: Jumpluff|[spread] p2a,p2b\n|-damage|p2a: Jumpluff|41\/100\n|-damage|p2b: Chi-Yu|33\/100\n|-damage|p1a: Hatterene|91\/100|[from] item: Life Orb\n|move|p1b: Indeedee|Dazzling Gleam|p2b: Chi-Yu|[spread] p2a,p2b\n|-damage|p2a: Jumpluff|21\/100\n|-damage|p2b: Chi-Yu|18\/100\n|move|p2b: Chi-Yu|Heat Wave|p1b: Indeedee|[spread] p1a,p1b\n|-damage|p1a: Hatterene|22\/100\n|-damage|p1b: Indeedee|0 fnt\n|faint|p1b: Indeedee\n|-damage|p2b: Chi-Yu|8\/100|[from] item: Life Orb\n|move|p2a: Jumpluff|Encore|p1a: Hatterene\n|move|p1a: Hatterene|Encore||[from]ability: Magic Bounce|[still]\n|-fail|p1a: Hatterene\n|\n|upkeep\n|\n|t:|1682189130\n|switch|p1b: Armarouge|Armarouge, L50, M|100\/100\n|turn|3\n|\n|t:|1682189148\n|move|p2b: Chi-Yu|Protect|p2b: Chi-Yu\n|-singleturn|p2b: Chi-Yu|Protect\n|move|p1a: Hatterene|Dazzling Gleam|p2a: Jumpluff|[spread] p2a\n|-activate|p2b: Chi-Yu|move: Protect\n|-damage|p2a: Jumpluff|0 fnt\n|faint|p2a: Jumpluff\n|-damage|p1a: Hatterene|12\/100|[from] item: Life Orb\n|move|p1b: Armarouge|Expanding Force|p2b: Chi-Yu\n|-activate|p2b: Chi-Yu|move: Protect\n|\n|upkeep\n|\n|t:|1682189158\n|switch|p2a: Wo-Chien|Wo-Chien, L50|100\/100\n|-ability|p2a: Wo-Chien|Tablets of Ruin\n|turn|4\n|\n|t:|1682189175\n|-terastallize|p1b: Armarouge|Fire\n|-terastallize|p2a: Wo-Chien|Fire\n|move|p1a: Hatterene|Dazzling Gleam|p2a: Wo-Chien|[spread] p2a,p2b\n|-resisted|p2a: Wo-Chien\n|-damage|p2a: Wo-Chien|84\/100\n|-damage|p2b: Chi-Yu|0 fnt\n|faint|p2b: Chi-Yu\n|-damage|p1a: Hatterene|2\/100|[from] item: Life Orb\n|move|p1b: Armarouge|Heat Wave|p2a: Wo-Chien\n|-resisted|p2a: Wo-Chien\n|-damage|p2a: Wo-Chien|66\/100\n|move|p2a: Wo-Chien|Giga Drain|p1a: Hatterene\n|-damage|p1a: Hatterene|0 fnt\n|-heal|p2a: Wo-Chien|67\/100|[from] drain|[of] p1a: Hatterene\n|faint|p1a: Hatterene\n|\n|-heal|p2a: Wo-Chien|73\/100|[from] item: Leftovers\n|upkeep\n|\n|t:|1682189191\n|switch|p1a: Torkoal|Torkoal, L50, F|100\/100\n|switch|p2b: Great Tusk|Great Tusk, L50|100\/100\n|-weather|SunnyDay|[from] ability: Drought|[of] p1a: Torkoal\n|-activate|p2b: Great Tusk|ability: Protosynthesis\n|-start|p2b: Great Tusk|protosynthesisatk\n|turn|5\n|\n|t:|1682189205\n|move|p2a: Wo-Chien|Protect|p2a: Wo-Chien\n|-singleturn|p2a: Wo-Chien|Protect\n|move|p2b: Great Tusk|Protect|p2b: Great Tusk\n|-singleturn|p2b: Great Tusk|Protect\n|move|p1a: Torkoal|Eruption|p2b: Great Tusk|[spread] \n|-activate|p2a: Wo-Chien|move: Protect\n|-activate|p2b: Great Tusk|move: Protect\n|move|p1b: Armarouge|Expanding Force|p2a: Wo-Chien|[spread] \n|-activate|p2a: Wo-Chien|move: Protect\n|-activate|p2b: Great Tusk|move: Protect\n|\n|-weather|SunnyDay|[upkeep]\n|-heal|p2a: Wo-Chien|80\/100|[from] item: Leftovers\n|-fieldend|move: Trick Room\n|-fieldend|move: Psychic Terrain\n|upkeep\n|turn|6\n|\n|t:|1682189225\n|move|p2b: Great Tusk|Headlong Rush|p1a: Torkoal\n|-supereffective|p1a: Torkoal\n|-damage|p1a: Torkoal|0 fnt\n|-unboost|p2b: Great Tusk|def|1\n|-unboost|p2b: Great Tusk|spd|1\n|faint|p1a: Torkoal\n|move|p2a: Wo-Chien|Leech Seed|p1b: Armarouge\n|-start|p1b: Armarouge|move: Leech Seed\n|move|p1b: Armarouge|Expanding Force|p2b: Great Tusk\n|-supereffective|p2b: Great Tusk\n|-damage|p2b: Great Tusk|0 fnt\n|faint|p2b: Great Tusk\n|-end|p2b: Great Tusk|Protosynthesis|[silent]\n|\n|-weather|SunnyDay|[upkeep]\n|-heal|p2a: Wo-Chien|86\/100|[from] item: Leftovers\n|-damage|p1b: Armarouge|88\/100|[from] Leech Seed|[of] p2a: Wo-Chien\n|-heal|p2a: Wo-Chien|98\/100|[silent]\n|upkeep\n|turn|7\n|\n|t:|1682189244\n|move|p2a: Wo-Chien|Ruination|p1b: Armarouge\n|-damage|p1b: Armarouge|44\/100\n|move|p1b: Armarouge|Psychic|p2a: Wo-Chien\n|-damage|p2a: Wo-Chien|64\/100\n|\n|-weather|SunnyDay|[upkeep]\n|-heal|p2a: Wo-Chien|70\/100|[from] item: Leftovers\n|-damage|p1b: Armarouge|32\/100|[from] Leech Seed|[of] p2a: Wo-Chien\n|-heal|p2a: Wo-Chien|82\/100|[silent]\n|upkeep\n|turn|8\n|\n|t:|1682189254\n|move|p2a: Wo-Chien|Protect|p2a: Wo-Chien\n|-singleturn|p2a: Wo-Chien|Protect\n|move|p1b: Armarouge|Psychic|p2a: Wo-Chien\n|-activate|p2a: Wo-Chien|move: Protect\n|\n|-weather|SunnyDay|[upkeep]\n|-heal|p2a: Wo-Chien|88\/100|[from] item: Leftovers\n|-damage|p1b: Armarouge|20\/100|[from] Leech Seed|[of] p2a: Wo-Chien\n|-heal|p2a: Wo-Chien|99\/100|[silent]\n|upkeep\n|turn|9\n|\n|t:|1682189264\n|move|p2a: Wo-Chien|Ruination|p1b: Armarouge\n|-damage|p1b: Armarouge|10\/100\n|move|p1b: Armarouge|Psychic|p2a: Wo-Chien\n|-damage|p2a: Wo-Chien|70\/100\n|\n|-weather|none\n|-heal|p2a: Wo-Chien|76\/100|[from] item: Leftovers\n|-damage|p1b: Armarouge|0 fnt|[from] Leech Seed|[of] p2a: Wo-Chien\n|-heal|p2a: Wo-Chien|86\/100|[silent]\n|faint|p1b: Armarouge\n|\n|win|LordSno\n|upkeep\n|raw|zyzz7's rating: 1082 → 1065<\/strong> (-17 for losing)\n|raw|LordSno's rating: 1163 → 1182<\/strong> (+19 for winning)\n|l|\u2606zyzz7\n","uploadtime":1682189288,"views":6,"p1id":"zyzz7","p2id":"lordsno","formatid":"gen9vgc2023regulationc","rating":1065,"private":0,"password":""}