{"id":"gen9vgc2023regulationc-1846827768","p1":"cooperbp1","p2":"cap4816","format":"[Gen 9] VGC 2023 Regulation C","log":"|j|\u2606cooperbp1\n|j|\u2606cap4816\n|t:|1681886491\n|gametype|doubles\n|player|p1|cooperbp1|266|1271\n|player|p2|cap4816|pokekid|1324\n|teamsize|p1|6\n|teamsize|p2|6\n|gen|9\n|tier|[Gen 9] VGC 2023 Regulation C\n|rated|\n|rule|Species Clause: Limit one of each Pok\u00e9mon\n|rule|Item Clause: Limit one of each item\n|clearpoke\n|poke|p1|Ting-Lu, L50|\n|poke|p1|Orthworm, L50, M|\n|poke|p1|Ceruledge, L50, M|\n|poke|p1|Vivillon-Sun, L50, M|\n|poke|p1|Flutter Mane, L50|\n|poke|p1|Gyarados, L50, M|\n|poke|p2|Great Tusk, L50|\n|poke|p2|Flutter Mane, L50|\n|poke|p2|Iron Bundle, L50|\n|poke|p2|Chi-Yu, L50|\n|poke|p2|Chien-Pao, L50|\n|poke|p2|Murkrow, L50, F|\n|teampreview|4\n|inactive|Battle timer is ON: inactive players will automatically lose when time's up. (requested by cooperbp1)\ncooperbp1 rejected open team sheets.\n|inactive|cap4816 has 60 seconds left.\n|\n|t:|1681886570\n|start\n|switch|p1a: Ting-Lu|Ting-Lu, L50|100\/100\n|switch|p1b: Orthworm|Orthworm, L50, M, shiny|100\/100\n|switch|p2a: Yui|Chi-Yu, L50|100\/100\n|switch|p2b: \u5d91\u5dbc|Great Tusk, L50|100\/100\n|-ability|p2a: Yui|Beads of Ruin\n|-ability|p1a: Ting-Lu|Vessel of Ruin\n|turn|1\n|\n|t:|1681886588\n|switch|p1b: Gyarados|Gyarados, L50, M, shiny|100\/100\n|-ability|p1b: Gyarados|Intimidate|boost\n|-unboost|p2a: Yui|atk|1\n|-unboost|p2b: \u5d91\u5dbc|atk|1\n|move|p2a: Yui|Dark Pulse|p1b: Gyarados\n|-damage|p1b: Gyarados|64\/100\n|move|p2b: \u5d91\u5dbc|Close Combat|p1a: Ting-Lu\n|-supereffective|p1a: Ting-Lu\n|-crit|p1a: Ting-Lu\n|-damage|p1a: Ting-Lu|0 fnt\n|-unboost|p2b: \u5d91\u5dbc|def|1\n|-unboost|p2b: \u5d91\u5dbc|spd|1\n|faint|p1a: Ting-Lu\n|-damage|p2b: \u5d91\u5dbc|91\/100|[from] item: Life Orb\n|\n|upkeep\n|\n|t:|1681886601\n|switch|p1a: Flutter Mane|Flutter Mane, L50, shiny|100\/100\n|-enditem|p1a: Flutter Mane|Booster Energy\n|-activate|p1a: Flutter Mane|ability: Protosynthesis|[fromitem]\n|-start|p1a: Flutter Mane|protosynthesisspe\n|turn|2\n|inactive|cap4816 has 30 seconds left.\n|inactive|cap4816 has 20 seconds left.\n|inactive|cap4816 has 15 seconds left.\n|inactive|cap4816 has 10 seconds left.\n|\n|t:|1681886646\n|-terastallize|p1a: Flutter Mane|Fairy\n|-terastallize|p2a: Yui|Ghost\n|move|p1b: Gyarados|Protect|p1b: Gyarados\n|-singleturn|p1b: Gyarados|Protect\n|move|p1a: Flutter Mane|Dazzling Gleam|p2a: Yui|[spread] p2a,p2b\n|-supereffective|p2b: \u5d91\u5dbc\n|-damage|p2a: Yui|55\/100\n|-damage|p2b: \u5d91\u5dbc|0 fnt\n|faint|p2b: \u5d91\u5dbc\n|-end|p2b: \u5d91\u5dbc|Protosynthesis|[silent]\n|move|p2a: Yui|Dark Pulse|p1a: Flutter Mane\n|-resisted|p1a: Flutter Mane\n|-damage|p1a: Flutter Mane|68\/100\n|\n|upkeep\n|\n|t:|1681886664\n|switch|p2b: \u7956\u6bcd\u7da0|Flutter Mane, L50|100\/100\n|-enditem|p2b: \u7956\u6bcd\u7da0|Booster Energy\n|-activate|p2b: \u7956\u6bcd\u7da0|ability: Protosynthesis|[fromitem]\n|-start|p2b: \u7956\u6bcd\u7da0|protosynthesisspa\n|turn|3\n|\n|t:|1681886687\n|move|p1a: Flutter Mane|Protect|p1a: Flutter Mane\n|-singleturn|p1a: Flutter Mane|Protect\n|move|p2a: Yui|Dark Pulse|p1b: Gyarados\n|-damage|p1b: Gyarados|9\/100\n|move|p2b: \u7956\u6bcd\u7da0|Icy Wind|p1a: Flutter Mane|[spread] p1b\n|-activate|p1a: Flutter Mane|move: Protect\n|-damage|p1b: Gyarados|0 fnt\n|faint|p1b: Gyarados\n|\n|upkeep\n|\n|t:|1681886697\n|switch|p1b: Orthworm|Orthworm, L50, M, shiny|100\/100\n|turn|4\n|\n|t:|1681886711\n|move|p1a: Flutter Mane|Shadow Ball|p2a: Yui\n|-supereffective|p2a: Yui\n|-damage|p2a: Yui|0 fnt\n|faint|p2a: Yui\n|move|p2b: \u7956\u6bcd\u7da0|Icy Wind|p1a: Flutter Mane|[spread] p1a,p1b\n|-resisted|p1b: Orthworm\n|-damage|p1a: Flutter Mane|47\/100\n|-damage|p1b: Orthworm|90\/100\n|-unboost|p1a: Flutter Mane|spe|1\n|-unboost|p1b: Orthworm|spe|1\n|move|p1b: Orthworm|Heavy Slam|p2b: \u7956\u6bcd\u7da0\n|-supereffective|p2b: \u7956\u6bcd\u7da0\n|-damage|p2b: \u7956\u6bcd\u7da0|0 fnt\n|faint|p2b: \u7956\u6bcd\u7da0\n|-end|p2b: \u7956\u6bcd\u7da0|Protosynthesis|[silent]\n|\n|upkeep\n|\n|t:|1681886723\n|switch|p2b: \u8acb\u8a02\u95b1\u99ac\u5361\u6d1b\u59ae|Iron Bundle, L50|100\/100\n|turn|5\n|\n|t:|1681886732\n|move|p2b: \u8acb\u8a02\u95b1\u99ac\u5361\u6d1b\u59ae|Protect|p2b: \u8acb\u8a02\u95b1\u99ac\u5361\u6d1b\u59ae\n|-singleturn|p2b: \u8acb\u8a02\u95b1\u99ac\u5361\u6d1b\u59ae|Protect\n|move|p1a: Flutter Mane|Thunderbolt|p2b: \u8acb\u8a02\u95b1\u99ac\u5361\u6d1b\u59ae\n|-activate|p2b: \u8acb\u8a02\u95b1\u99ac\u5361\u6d1b\u59ae|move: Protect\n|move|p1b: Orthworm|Body Press|p2b: \u8acb\u8a02\u95b1\u99ac\u5361\u6d1b\u59ae\n|-activate|p2b: \u8acb\u8a02\u95b1\u99ac\u5361\u6d1b\u59ae|move: Protect\n|\n|upkeep\n|turn|6\n|\n|t:|1681886741\n|move|p2b: \u8acb\u8a02\u95b1\u99ac\u5361\u6d1b\u59ae|Freeze-Dry|p1a: Flutter Mane\n|-damage|p1a: Flutter Mane|13\/100\n|move|p1a: Flutter Mane|Thunderbolt|p2b: \u8acb\u8a02\u95b1\u99ac\u5361\u6d1b\u59ae\n|-supereffective|p2b: \u8acb\u8a02\u95b1\u99ac\u5361\u6d1b\u59ae\n|-damage|p2b: \u8acb\u8a02\u95b1\u99ac\u5361\u6d1b\u59ae|0 fnt\n|faint|p2b: \u8acb\u8a02\u95b1\u99ac\u5361\u6d1b\u59ae\n|-end|p2b: \u8acb\u8a02\u95b1\u99ac\u5361\u6d1b\u59ae|Quark Drive|[silent]\n|\n|win|cooperbp1\n|raw|cooperbp1's rating: 1271 → 1300<\/strong> (+29 for winning)\n|raw|cap4816's rating: 1324 → 1301<\/strong> (-23 for losing)\n|l|\u2606cooperbp1\n","uploadtime":1681886748,"views":12,"p1id":"cooperbp1","p2id":"cap4816","formatid":"gen9vgc2023regulationc","rating":1300,"private":0,"password":""}