{"id":"gen9vgc2023regulationc-1845871336","p1":"Pierre113","p2":"Keveloper","format":"[Gen 9] VGC 2023 Regulation C","log":"|j|\u2606Pierre113\n|j|\u2606Keveloper\n|t:|1681773665\n|gametype|doubles\n|player|p1|Pierre113|palmer|1495\n|player|p2|Keveloper|ash|1485\n|teamsize|p1|6\n|teamsize|p2|6\n|gen|9\n|tier|[Gen 9] VGC 2023 Regulation C\n|rated|\n|rule|Species Clause: Limit one of each Pok\u00e9mon\n|rule|Item Clause: Limit one of each item\n|clearpoke\n|poke|p1|Gyarados, L50, F|\n|poke|p1|Chien-Pao, L50|\n|poke|p1|Dragonite, L50, M|\n|poke|p1|Amoonguss, L50, F|\n|poke|p1|Flutter Mane, L50|\n|poke|p1|Ceruledge, L50, M|\n|poke|p2|Orthworm, L50, F|\n|poke|p2|Dragonite, L50, F|\n|poke|p2|Ting-Lu, L50|\n|poke|p2|Gyarados, L50, F|\n|poke|p2|Flutter Mane, L50|\n|poke|p2|Chien-Pao, L50|\n|teampreview|4\nPierre113 has agreed to open team sheets.\n|c|\u2606Keveloper|Sorry, practicing for the closed team sheet global challenge\n|j| haoran zhou\n|inactive|Battle timer is ON: inactive players will automatically lose when time's up. (requested by Keveloper)\n|c|\u2606Keveloper|glhf\n|c|\u2606Pierre113|u too\n|inactive|Pierre113 has 60 seconds left.\n|\n|t:|1681773778\n|start\n|switch|p1a: Amoonguss|Amoonguss, L50, F|100\/100\n|switch|p1b: Gyarados|Gyarados, L50, F|100\/100\n|switch|p2a: Orthworm|Orthworm, L50, F|100\/100\n|switch|p2b: Gyarados|Gyarados, L50, F|100\/100\n|-ability|p2b: Gyarados|Intimidate|boost\n|-unboost|p1a: Amoonguss|atk|1\n|-unboost|p1b: Gyarados|atk|1\n|-ability|p1b: Gyarados|Intimidate|boost\n|-unboost|p2a: Orthworm|atk|1\n|-unboost|p2b: Gyarados|atk|1\n|turn|1\n|\n|t:|1681773791\n|move|p1a: Amoonguss|Rage Powder|p1a: Amoonguss\n|-singleturn|p1a: Amoonguss|move: Rage Powder\n|move|p2b: Gyarados|Taunt|p1a: Amoonguss\n|-start|p1a: Amoonguss|move: Taunt\n|move|p1b: Gyarados|Taunt|p2a: Orthworm\n|-start|p2a: Orthworm|move: Taunt\n|cant|p2a: Orthworm|move: Taunt|Shed Tail\n|\n|upkeep\n|turn|2\n|l| haoran zhou\n|inactive|Pierre113 has 30 seconds left.\n|inactive|Keveloper has 30 seconds left.\n|\n|t:|1681773822\n|move|p2b: Gyarados|Taunt|p1b: Gyarados\n|-start|p1b: Gyarados|move: Taunt\n|cant|p1b: Gyarados|move: Taunt|Thunder Wave\n|move|p2a: Orthworm|Body Press|p1a: Amoonguss\n|-resisted|p1a: Amoonguss\n|-damage|p1a: Amoonguss|90\/100\n|-damage|p2a: Orthworm|84\/100|[from] item: Rocky Helmet|[of] p1a: Amoonguss\n|move|p1a: Amoonguss|Pollen Puff|p2a: Orthworm\n|-resisted|p2a: Orthworm\n|-damage|p2a: Orthworm|73\/100\n|\n|upkeep\n|turn|3\n|inactive|Keveloper has 30 seconds left.\n|\n|t:|1681773847\n|switch|p1a: Flutter Mane|Flutter Mane, L50|100\/100\n|move|p2b: Gyarados|Thunder Wave|p1b: Gyarados\n|-status|p1b: Gyarados|par\n|move|p2a: Orthworm|Body Press|p1b: Gyarados\n|-resisted|p1b: Gyarados\n|-damage|p1b: Gyarados|87\/100 par\n|move|p1b: Gyarados|Waterfall|p2a: Orthworm\n|-damage|p2a: Orthworm|57\/100\n|\n|-end|p2a: Orthworm|move: Taunt\n|upkeep\n|turn|4\n|inactive|Pierre113 has 30 seconds left.\n|\n|t:|1681773882\n|move|p1a: Flutter Mane|Thunderbolt|p2b: Gyarados\n|-supereffective|p2b: Gyarados\n|-damage|p2b: Gyarados|0 fnt\n|faint|p2b: Gyarados\n|move|p2a: Orthworm|Heavy Slam|p1a: Flutter Mane\n|-supereffective|p1a: Flutter Mane\n|-damage|p1a: Flutter Mane|25\/100\n|move|p1b: Gyarados|Waterfall|p2a: Orthworm\n|-damage|p2a: Orthworm|43\/100\n|-enditem|p2a: Orthworm|Sitrus Berry|[eat]\n|-heal|p2a: Orthworm|68\/100|[from] item: Sitrus Berry\n|\n|-end|p1b: Gyarados|move: Taunt\n|upkeep\n|\n|t:|1681773904\n|switch|p2b: Chien-Pao|Chien-Pao, L50|100\/100\n|-ability|p2b: Chien-Pao|Sword of Ruin\n|turn|5\n|\n|t:|1681773928\n|-end|p1a: Flutter Mane|Protosynthesis|[silent]\n|switch|p1a: Chien-Pao|Chien-Pao, L50|100\/100\n|-ability|p1a: Chien-Pao|Sword of Ruin\n|move|p2b: Chien-Pao|Sucker Punch||[still]\n|-fail|p2b: Chien-Pao\n|move|p2a: Orthworm|Iron Defense|p2a: Orthworm\n|-boost|p2a: Orthworm|def|2\n|cant|p1b: Gyarados|par\n|\n|upkeep\n|turn|6\n|inactive|Keveloper has 30 seconds left.\n|inactive|Keveloper has 20 seconds left.\n|inactive|Keveloper has 15 seconds left.\n|\n|t:|1681773971\n|move|p1a: Chien-Pao|Protect|p1a: Chien-Pao\n|-singleturn|p1a: Chien-Pao|Protect\n|move|p2b: Chien-Pao|Sucker Punch||[still]\n|-fail|p2b: Chien-Pao\n|move|p2a: Orthworm|Body Press|p1a: Chien-Pao\n|-activate|p1a: Chien-Pao|move: Protect\n|move|p1b: Gyarados|Thunder Wave|p2b: Chien-Pao\n|-status|p2b: Chien-Pao|par\n|\n|upkeep\n|turn|7\n|inactive|Pierre113 has 30 seconds left.\n|inactive|Keveloper has 30 seconds left.\n|inactive|Pierre113 has 20 seconds left.\n|\n|t:|1681774008\n|-terastallize|p1a: Chien-Pao|Ghost\n|move|p1a: Chien-Pao|Haze|p1a: Chien-Pao\n|-clearallboost\n|move|p2b: Chien-Pao|Ice Spinner|p1b: Gyarados\n|-damage|p1b: Gyarados|29\/100 par\n|-enditem|p1b: Gyarados|Sitrus Berry|[eat]\n|-heal|p1b: Gyarados|54\/100 par|[from] item: Sitrus Berry\n|move|p2a: Orthworm|Body Press|p1a: Chien-Pao\n|-immune|p1a: Chien-Pao\n|cant|p1b: Gyarados|par\n|\n|upkeep\n|turn|8\n|inactive|Pierre113 has 30 seconds left.\n|\n|t:|1681774036\n|switch|p2a: Dragonite|Dragonite, L50, F|100\/100\n|switch|p1b: Amoonguss|Amoonguss, L50, F|100\/100\n|move|p1a: Chien-Pao|Sucker Punch|p2b: Chien-Pao\n|-resisted|p2b: Chien-Pao\n|-damage|p2b: Chien-Pao|75\/100 par\n|move|p2b: Chien-Pao|Ice Spinner|p1a: Chien-Pao\n|-damage|p1a: Chien-Pao|46\/100\n|\n|upkeep\n|turn|9\n|j| Piccolo Ruiz\n|\n|t:|1681774060\n|switch|p2a: Orthworm|Orthworm, L50, F|68\/100\n|move|p1b: Amoonguss|Rage Powder|p1b: Amoonguss\n|-singleturn|p1b: Amoonguss|move: Rage Powder\n|move|p1a: Chien-Pao|Ice Spinner|p2a: Orthworm\n|-resisted|p2a: Orthworm\n|-damage|p2a: Orthworm|49\/100\n|cant|p2b: Chien-Pao|par\n|\n|upkeep\n|turn|10\n|inactive|Pierre113 has 30 seconds left.\n|\n|t:|1681774088\n|switch|p1a: Gyarados|Gyarados, L50, F|54\/100 par\n|-ability|p1a: Gyarados|Intimidate|boost\n|-unboost|p2a: Orthworm|atk|1\n|-unboost|p2b: Chien-Pao|atk|1\n|cant|p2b: Chien-Pao|par\n|move|p2a: Orthworm|Heavy Slam|p1a: Gyarados\n|-resisted|p1a: Gyarados\n|-damage|p1a: Gyarados|48\/100 par\n|move|p1b: Amoonguss|Spore|p2a: Orthworm\n|-status|p2a: Orthworm|slp|[from] move: Spore\n|\n|upkeep\n|turn|11\n|inactive|Pierre113 has 30 seconds left.\n|inactive|Keveloper has 30 seconds left.\n|\n|t:|1681774120\n|switch|p2b: Dragonite|Dragonite, L50, F|100\/100\n|cant|p2a: Orthworm|slp\n|cant|p1a: Gyarados|par\n|move|p1b: Amoonguss|Pollen Puff|p1a: Gyarados\n|-heal|p1a: Gyarados|98\/100 par\n|\n|upkeep\n|turn|12\n|inactive|Keveloper has 30 seconds left.\n|inactive|Keveloper has 20 seconds left.\n|inactive|Keveloper has 15 seconds left.\n|\n|t:|1681774162\n|move|p2b: Dragonite|Earthquake|p1a: Gyarados|[spread] p1b\n|-heal|p2a: Orthworm|74\/100 slp|[from] ability: Earth Eater|[of] p2b: Dragonite\n|-immune|p1a: Gyarados\n|-damage|p1b: Amoonguss|79\/100\n|cant|p2a: Orthworm|slp\n|cant|p1a: Gyarados|par\n|move|p1b: Amoonguss|Spore|p2b: Dragonite\n|-status|p2b: Dragonite|slp|[from] move: Spore\n|-enditem|p2b: Dragonite|Lum Berry|[eat]\n|-curestatus|p2b: Dragonite|slp|[msg]\n|\n|upkeep\n|turn|13\n|\n|t:|1681774183\n|switch|p2b: Chien-Pao|Chien-Pao, L50|75\/100 par\n|-ability|p2b: Chien-Pao|Sword of Ruin\n|move|p1b: Amoonguss|Protect|p1b: Amoonguss\n|-singleturn|p1b: Amoonguss|Protect\n|-curestatus|p2a: Orthworm|slp|[msg]\n|move|p2a: Orthworm|Shed Tail|p2a: Orthworm\n|-start|p2a: Orthworm|Substitute|[from] move: Shed Tail\n|-damage|p2a: Orthworm|24\/100\n|\n|t:|1681774193\n|switch|p2a: Dragonite|Dragonite, L50, F|100\/100|[from] Shed Tail\n|move|p1a: Gyarados|Taunt|p2a: Dragonite\n|-start|p2a: Dragonite|move: Taunt\n|\n|upkeep\n|turn|14\n|\n|t:|1681774216\n|-terastallize|p2a: Dragonite|Flying\n|move|p2a: Dragonite|Tera Blast|p1b: Amoonguss\n|-supereffective|p1b: Amoonguss\n|-damage|p1b: Amoonguss|0 fnt\n|faint|p1b: Amoonguss\n|move|p2b: Chien-Pao|Ice Spinner|p1a: Gyarados\n|-damage|p1a: Gyarados|46\/100 par\n|move|p1a: Gyarados|Iron Head|p2b: Chien-Pao\n|-supereffective|p2b: Chien-Pao\n|-damage|p2b: Chien-Pao|18\/100 par\n|\n|upkeep\n|\n|t:|1681774232\n|switch|p1b: Flutter Mane|Flutter Mane, L50|25\/100\n|turn|15\n|inactive|Pierre113 has 30 seconds left.\n|\n|t:|1681774265\n|move|p2b: Chien-Pao|Sucker Punch|p1b: Flutter Mane\n|-damage|p1b: Flutter Mane|0 fnt\n|faint|p1b: Flutter Mane\n|-end|p1b: Flutter Mane|Protosynthesis|[silent]\n|move|p2a: Dragonite|Tera Blast|p1a: Gyarados\n|-damage|p1a: Gyarados|0 fnt\n|faint|p1a: Gyarados\n|\n|-end|p2a: Dragonite|move: Taunt\n|upkeep\n|-message|Pierre113 forfeited.\n|\n|win|Keveloper\n|raw|Pierre113's rating: 1495 → 1474<\/strong> (-21 for losing)\n|raw|Keveloper's rating: 1485 → 1506<\/strong> (+21 for winning)\n|l|\u2606Pierre113\n","uploadtime":1681774275,"views":6,"p1id":"pierre113","p2id":"keveloper","formatid":"gen9vgc2023regulationc","rating":1474,"private":0,"password":""}