{"id":"gen9vgc2023regulationc-1856261214","p1":"mee to peach","p2":"Millamojake","format":"[Gen 9] VGC 2023 Regulation C","log":"|j|\u2606mee to peach\n|j|\u2606Millamojake\n|t:|1683045545\n|gametype|doubles\n|player|p1|mee to peach|170|1348\n|player|p2|Millamojake|alder|1253\n|teamsize|p1|6\n|teamsize|p2|6\n|gen|9\n|tier|[Gen 9] VGC 2023 Regulation C\n|rated|\n|rule|Species Clause: Limit one of each Pok\u00e9mon\n|rule|Item Clause: Limit one of each item\n|clearpoke\n|poke|p1|Flutter Mane, L50|\n|poke|p1|Chi-Yu, L50|\n|poke|p1|Dondozo, L50, F|\n|poke|p1|Tatsugiri, L50, F|\n|poke|p1|Glimmora, L50, M|\n|poke|p1|Dragonite, L50, M|\n|poke|p2|Pelipper, L50, F|\n|poke|p2|Palafin, L50, M|\n|poke|p2|Tinkaton, L50, F|\n|poke|p2|Chien-Pao, L50|\n|poke|p2|Gholdengo, L50|\n|poke|p2|Iron Hands, L50|\n|teampreview|4\n|inactive|Battle timer is ON: inactive players will automatically lose when time's up. (requested by Millamojake)\n|inactive|mee to peach has 60 seconds left.\n|inactive|Millamojake has 60 seconds left.\n|\n|t:|1683045603\n|start\n|switch|p1a: Dondozo|Dondozo, L50, F|100\/100\n|switch|p1b: Glimmora|Glimmora, L50, M|100\/100\n|switch|p2a: Pelipper|Pelipper, L50, F, shiny|100\/100\n|switch|p2b: Palafin|Palafin, L50, M, shiny|100\/100\n|-weather|RainDance|[from] ability: Drizzle|[of] p2a: Pelipper\n|turn|1\n|inactive|mee to peach has 30 seconds left.\n|inactive|Millamojake has 30 seconds left.\n|inactive|Millamojake has 20 seconds left.\n|\n|t:|1683045638\n|-terastallize|p2a: Pelipper|Steel\n|move|p2b: Palafin|Protect|p2b: Palafin\n|-singleturn|p2b: Palafin|Protect\n|move|p1b: Glimmora|Earth Power|p2b: Palafin\n|-activate|p2b: Palafin|move: Protect\n|move|p2a: Pelipper|Tailwind|p2a: Pelipper\n|-sidestart|p2: Millamojake|move: Tailwind\n|move|p1a: Dondozo|Wave Crash|p2b: Palafin\n|-activate|p2b: Palafin|move: Protect\n|\n|-weather|RainDance|[upkeep]\n|upkeep\n|turn|2\n|\n|t:|1683045660\n|detailschange|p2b: Palafin|Palafin-Hero, L50, M, shiny\n|switch|p2b: Tinkaton|Tinkaton, L50, F, shiny|100\/100\n|-ability|p2b: Tinkaton|Mold Breaker\n|switch|p1b: Tatsugiri|Tatsugiri, L50, F|100\/100\n|move|p2a: Pelipper|Hydro Pump|p1b: Tatsugiri\n|-ability|p1b: Tatsugiri|Storm Drain|boost\n|-boost|p1b: Tatsugiri|spa|1\n|move|p1a: Dondozo|Wave Crash|p1b: Tatsugiri\n|-activate|p1b: Tatsugiri|ability: Storm Drain\n|-ability|p1b: Tatsugiri|Storm Drain|boost\n|-boost|p1b: Tatsugiri|spa|1\n|\n|-weather|RainDance|[upkeep]\n|upkeep\n|turn|3\n|inactive|mee to peach has 30 seconds left.\n|inactive|Millamojake has 30 seconds left.\n|\n|t:|1683045690\n|move|p2b: Tinkaton|Fake Out|p1b: Tatsugiri\n|-crit|p1b: Tatsugiri\n|-damage|p1b: Tatsugiri|82\/100\n|move|p2a: Pelipper|Hurricane|p1b: Tatsugiri\n|-damage|p1b: Tatsugiri|30\/100\n|cant|p1b: Tatsugiri|flinch\n|move|p1a: Dondozo|Yawn|p2b: Tinkaton\n|-start|p2b: Tinkaton|move: Yawn|[of] p1a: Dondozo\n|\n|-weather|RainDance|[upkeep]\n|upkeep\n|turn|4\n|\n|t:|1683045714\n|move|p2a: Pelipper|Hurricane|p1b: Tatsugiri\n|-damage|p1b: Tatsugiri|0 fnt\n|faint|p1b: Tatsugiri\n|move|p2b: Tinkaton|Thunder Wave|p1a: Dondozo\n|-status|p1a: Dondozo|par\n|move|p1a: Dondozo|Yawn|p2a: Pelipper\n|-start|p2a: Pelipper|move: Yawn|[of] p1a: Dondozo\n|\n|-weather|RainDance|[upkeep]\n|-end|p2b: Tinkaton|move: Yawn|[silent]\n|-status|p2b: Tinkaton|slp\n|-sideend|p2: Millamojake|move: Tailwind\n|upkeep\n|\n|t:|1683045725\n|switch|p1b: Glimmora|Glimmora, L50, M|100\/100\n|turn|5\n|\n|t:|1683045742\n|move|p1b: Glimmora|Earth Power|p2b: Tinkaton\n|-supereffective|p2b: Tinkaton\n|-damage|p2b: Tinkaton|58\/100 slp\n|move|p2a: Pelipper|Hydro Pump|p1b: Glimmora\n|-supereffective|p1b: Glimmora\n|-enditem|p1b: Glimmora|Focus Sash\n|-damage|p1b: Glimmora|1\/100\n|cant|p2b: Tinkaton|slp\n|move|p1a: Dondozo|Wave Crash|p2b: Tinkaton\n|-damage|p2b: Tinkaton|0 fnt\n|faint|p2b: Tinkaton\n|-damage|p1a: Dondozo|86\/100 par|[from] Recoil\n|\n|-weather|RainDance|[upkeep]\n|-end|p2a: Pelipper|move: Yawn|[silent]\n|-status|p2a: Pelipper|slp\n|upkeep\n|\n|t:|1683045755\n|switch|p2b: Gholdengo|Gholdengo, L50|100\/100\n|turn|6\n|\n|t:|1683045776\n|cant|p2a: Pelipper|slp\n|move|p2b: Gholdengo|Protect|p2b: Gholdengo\n|-singleturn|p2b: Gholdengo|Protect\n|move|p1b: Glimmora|Earth Power|p2b: Gholdengo\n|-activate|p2b: Gholdengo|move: Protect\n|move|p1a: Dondozo|Wave Crash|p2b: Gholdengo\n|-activate|p2b: Gholdengo|move: Protect\n|\n|-weather|RainDance|[upkeep]\n|upkeep\n|turn|7\n|inactive|Millamojake has 30 seconds left.\n|\n|t:|1683045803\n|switch|p2b: Palafin|Palafin-Hero, L50, M, shiny|100\/100\n|-activate|p2b: Palafin|ability: Zero to Hero\n|move|p1b: Glimmora|Earth Power|p2b: Palafin\n|-damage|p2b: Palafin|70\/100\n|cant|p2a: Pelipper|slp\n|cant|p1a: Dondozo|par\n|\n|-weather|RainDance|[upkeep]\n|upkeep\n|turn|8\n|inactive|mee to peach has 30 seconds left.\n|\n|t:|1683045838\n|move|p2b: Palafin|Jet Punch|p1b: Glimmora\n|-supereffective|p1b: Glimmora\n|-damage|p1b: Glimmora|0 fnt\n|-activate|p1b: Glimmora|ability: Toxic Debris\n|-sidestart|p2: Millamojake|move: Toxic Spikes\n|faint|p1b: Glimmora\n|cant|p2a: Pelipper|slp\n|cant|p1a: Dondozo|par\n|\n|-weather|none\n|upkeep\n|\n|t:|1683045847\n|switch|p1b: Flutter Mane|Flutter Mane, L50|100\/100\n|-enditem|p1b: Flutter Mane|Booster Energy\n|-activate|p1b: Flutter Mane|ability: Protosynthesis|[fromitem]\n|-start|p1b: Flutter Mane|protosynthesisspe\n|turn|9\n|\n|t:|1683045860\n|switch|p2a: Gholdengo|Gholdengo, L50|100\/100\n|move|p1b: Flutter Mane|Protect|p1b: Flutter Mane\n|-singleturn|p1b: Flutter Mane|Protect\n|move|p2b: Palafin|Protect|p2b: Palafin\n|-singleturn|p2b: Palafin|Protect\n|move|p1a: Dondozo|Bulldoze|p2b: Palafin|[spread] p2a\n|-activate|p1b: Flutter Mane|move: Protect\n|-activate|p2b: Palafin|move: Protect\n|-supereffective|p2a: Gholdengo\n|-damage|p2a: Gholdengo|81\/100\n|-unboost|p2a: Gholdengo|spe|1\n|\n|upkeep\n|turn|10\n|\n|t:|1683045885\n|-terastallize|p1b: Flutter Mane|Steel\n|move|p2a: Gholdengo|Protect|p2a: Gholdengo\n|-singleturn|p2a: Gholdengo|Protect\n|move|p1b: Flutter Mane|Moonblast|p2b: Palafin\n|-damage|p2b: Palafin|23\/100\n|move|p2b: Palafin|Haze|p2b: Palafin\n|-clearallboost\n|cant|p1a: Dondozo|par\n|\n|upkeep\n|turn|11\n|inactive|Millamojake has 30 seconds left.\n|\n|t:|1683045915\n|move|p1b: Flutter Mane|Protect|p1b: Flutter Mane\n|-singleturn|p1b: Flutter Mane|Protect\n|move|p2b: Palafin|Jet Punch|p1b: Flutter Mane\n|-activate|p1b: Flutter Mane|move: Protect\n|move|p2a: Gholdengo|Shadow Ball|p1b: Flutter Mane\n|-activate|p1b: Flutter Mane|move: Protect\n|move|p1a: Dondozo|Wave Crash|p2a: Gholdengo\n|-damage|p2a: Gholdengo|39\/100\n|-damage|p1a: Dondozo|76\/100 par|[from] Recoil\n|\n|upkeep\n|turn|12\n|inactive|mee to peach has 30 seconds left.\n|\n|t:|1683045945\n|switch|p2a: Pelipper|Pelipper, L50, F, shiny, tera:Steel|100\/100 slp\n|-weather|RainDance|[from] ability: Drizzle|[of] p2a: Pelipper\n|move|p2b: Palafin|Jet Punch|p1b: Flutter Mane\n|-damage|p1b: Flutter Mane|0 fnt\n|faint|p1b: Flutter Mane\n|-end|p1b: Flutter Mane|Protosynthesis|[silent]\n|cant|p1a: Dondozo|par\n|\n|-weather|RainDance|[upkeep]\n|upkeep\n|turn|13\n|-message|mee to peach forfeited.\n|\n|win|Millamojake\n|raw|mee to peach's rating: 1348 → 1323<\/strong> (-25 for losing)\n|raw|Millamojake's rating: 1253 → 1285<\/strong> (+32 for winning)\n|l|\u2606mee to peach\n","uploadtime":1683045962,"views":14,"p1id":"meetopeach","p2id":"millamojake","formatid":"gen9vgc2023regulationc","rating":1285,"private":0,"password":""}