{"id":"gen9vgc2023regulationc-1860556794","p1":"w0wells","p2":"Water Dragon Jutsu","format":"[Gen 9] VGC 2023 Regulation C","log":"|j|\u2606w0wells\n|j|\u2606Water Dragon Jutsu\n|t:|1683654280\n|gametype|doubles\n|player|p1|w0wells|cyclist|1302\n|player|p2|Water Dragon Jutsu|102|1251\n|teamsize|p1|6\n|teamsize|p2|6\n|gen|9\n|tier|[Gen 9] VGC 2023 Regulation C\n|rated|\n|rule|Species Clause: Limit one of each Pok\u00e9mon\n|rule|Item Clause: Limit one of each item\n|clearpoke\n|poke|p1|Chi-Yu, L50|\n|poke|p1|Gastrodon-East, L50, F|\n|poke|p1|Amoonguss, L50, F|\n|poke|p1|Mimikyu, L50, M|\n|poke|p1|Grimmsnarl, L50, M|\n|poke|p1|Corviknight, L50, M|\n|poke|p2|Chi-Yu, L50|\n|poke|p2|Gyarados, L50, F|\n|poke|p2|Iron Hands, L50|\n|poke|p2|Flutter Mane, L50|\n|poke|p2|Ting-Lu, L50|\n|poke|p2|Amoonguss, L50, F|\n|teampreview|4\n|inactive|Battle timer is ON: inactive players will automatically lose when time's up. (requested by Water Dragon Jutsu)\nw0wells has agreed to open team sheets.\n|inactive|w0wells has 60 seconds left.\n|inactive|Water Dragon Jutsu has 60 seconds left.\n|\n|t:|1683654340\n|start\n|switch|p1a: Mimikyu|Mimikyu, L50, M|100\/100\n|switch|p1b: Amoonguss|Amoonguss, L50, F|100\/100\n|switch|p2a: Gyarados|Gyarados, L50, F, shiny|100\/100\n|switch|p2b: Chi-Yu|Chi-Yu, L50|100\/100\n|-ability|p2b: Chi-Yu|Beads of Ruin\n|-ability|p2a: Gyarados|Intimidate|boost\n|-unboost|p1a: Mimikyu|atk|1\n|-unboost|p1b: Amoonguss|atk|1\n|turn|1\n|\n|t:|1683654364\n|switch|p1b: Gastrodon|Gastrodon-East, L50, F|100\/100\n|move|p2b: Chi-Yu|Nasty Plot|p2b: Chi-Yu\n|-boost|p2b: Chi-Yu|spa|2\n|move|p2a: Gyarados|Taunt|p1b: Gastrodon\n|-start|p1b: Gastrodon|move: Taunt\n|move|p1a: Mimikyu|Trick Room|p1a: Mimikyu\n|-fieldstart|move: Trick Room|[of] p1a: Mimikyu\n|\n|upkeep\n|turn|2\n|inactive|Water Dragon Jutsu has 30 seconds left.\n|inactive|Water Dragon Jutsu has 20 seconds left.\n|inactive|Water Dragon Jutsu has 15 seconds left.\n|inactive|Water Dragon Jutsu has 10 seconds left.\n|\n|t:|1683654411\n|move|p2b: Chi-Yu|Protect|p2b: Chi-Yu\n|-singleturn|p2b: Chi-Yu|Protect\n|move|p1b: Gastrodon|Earth Power|p2b: Chi-Yu\n|-activate|p2b: Chi-Yu|move: Protect\n|move|p1a: Mimikyu|Play Rough|p2b: Chi-Yu\n|-activate|p2b: Chi-Yu|move: Protect\n|move|p2a: Gyarados|Thunder Wave|p1a: Mimikyu\n|-status|p1a: Mimikyu|par\n|\n|upkeep\n|turn|3\n|\n|t:|1683654431\n|-terastallize|p2b: Chi-Yu|Water\n|move|p1b: Gastrodon|Earth Power|p2b: Chi-Yu\n|-damage|p2b: Chi-Yu|65\/100\n|move|p1a: Mimikyu|Play Rough|p2b: Chi-Yu\n|-damage|p2b: Chi-Yu|23\/100\n|-damage|p1a: Mimikyu|91\/100 par|[from] item: Life Orb\n|move|p2a: Gyarados|Waterfall|p1b: Gastrodon\n|-activate|p1b: Gastrodon|ability: Storm Drain\n|-ability|p1b: Gastrodon|Storm Drain|boost\n|-boost|p1b: Gastrodon|spa|1\n|move|p2b: Chi-Yu|Heat Wave|p1b: Gastrodon|[spread] p1a,p1b\n|-resisted|p1b: Gastrodon\n|-activate|p1a: Mimikyu|ability: Disguise\n|-damage|p1a: Mimikyu|91\/100 par\n|-damage|p1b: Gastrodon|50\/100\n|detailschange|p1a: Mimikyu|Mimikyu-Busted, L50, M\n|-damage|p1a: Mimikyu|79\/100 par|[from] pokemon: Mimikyu-Busted\n|\n|-heal|p2b: Chi-Yu|29\/100|[from] item: Leftovers\n|-end|p1b: Gastrodon|move: Taunt\n|upkeep\n|turn|4\n|inactive|w0wells has 30 seconds left.\n|\n|t:|1683654459\n|switch|p1a: Amoonguss|Amoonguss, L50, F|100\/100\n|switch|p2a: Amoonguss|Amoonguss, L50, F, shiny|100\/100\n|move|p2b: Chi-Yu|Protect|p2b: Chi-Yu\n|-singleturn|p2b: Chi-Yu|Protect\n|move|p1b: Gastrodon|Earth Power|p2b: Chi-Yu\n|-activate|p2b: Chi-Yu|move: Protect\n|\n|-heal|p2b: Chi-Yu|35\/100|[from] item: Leftovers\n|upkeep\n|turn|5\n|inactive|Water Dragon Jutsu has 30 seconds left.\n|inactive|Water Dragon Jutsu has 20 seconds left.\n|inactive|Water Dragon Jutsu has 15 seconds left.\n|inactive|Water Dragon Jutsu has 10 seconds left.\n|\n|t:|1683654505\n|switch|p1b: Corviknight|Corviknight, L50, M|100\/100\n|switch|p2b: Gyarados|Gyarados, L50, F, shiny|100\/100\n|-ability|p2b: Gyarados|Intimidate|boost\n|-unboost|p1a: Amoonguss|atk|1\n|-ability|p1b: Corviknight|Mirror Armor\n|-unboost|p2b: Gyarados|atk|1\n|move|p1a: Amoonguss|Spore|p2b: Gyarados\n|-activate|p2b: Gyarados|item: Safety Goggles|Spore\n|move|p2a: Amoonguss|Spore|p1b: Corviknight\n|-activate|p1b: Corviknight|item: Safety Goggles|Spore\n|\n|-fieldend|move: Trick Room\n|upkeep\n|turn|6\n|inactive|Water Dragon Jutsu has 30 seconds left.\n|inactive|Water Dragon Jutsu has 20 seconds left.\n|inactive|Water Dragon Jutsu has 15 seconds left.\n|inactive|Water Dragon Jutsu has 10 seconds left.\n|inactive|Water Dragon Jutsu has 5 seconds left.\n|\n|t:|1683654557\n|switch|p2a: Flutter Mane|Flutter Mane, L50|100\/100\n|-enditem|p2a: Flutter Mane|Booster Energy\n|-activate|p2a: Flutter Mane|ability: Protosynthesis|[fromitem]\n|-start|p2a: Flutter Mane|protosynthesisspa\n|switch|p1a: Gastrodon|Gastrodon-East, L50, F|50\/100\n|move|p2b: Gyarados|Taunt|p1a: Gastrodon\n|-start|p1a: Gastrodon|move: Taunt\n|move|p1b: Corviknight|Taunt|p2a: Flutter Mane\n|-start|p2a: Flutter Mane|move: Taunt\n|\n|upkeep\n|turn|7\n|inactive|w0wells has 30 seconds left.\n|inactive|Water Dragon Jutsu has 30 seconds left.\n|inactive|Water Dragon Jutsu has 20 seconds left.\n|inactive|Water Dragon Jutsu has 15 seconds left.\n|inactive|Water Dragon Jutsu has 10 seconds left.\n|\n|t:|1683654610\n|switch|p1a: Amoonguss|Amoonguss, L50, F|100\/100\n|move|p2a: Flutter Mane|Shadow Ball|p1a: Amoonguss\n|-damage|p1a: Amoonguss|58\/100\n|move|p2b: Gyarados|Thunder Wave|p1b: Corviknight\n|-status|p1b: Corviknight|par\n|move|p1b: Corviknight|Brave Bird|p2a: Flutter Mane\n|-damage|p2a: Flutter Mane|28\/100\n|-damage|p1b: Corviknight|84\/100 par|[from] Recoil\n|\n|upkeep\n|turn|8\n|inactive|w0wells has 30 seconds left.\n|inactive|Water Dragon Jutsu has 30 seconds left.\n|inactive|Water Dragon Jutsu has 20 seconds left.\n|inactive|Water Dragon Jutsu has 15 seconds left.\n|inactive|Water Dragon Jutsu has 10 seconds left.\n|inactive|Water Dragon Jutsu has 5 seconds left.\n|\n|t:|1683654661\n|-end|p2a: Flutter Mane|Protosynthesis|[silent]\n|switch|p2a: Amoonguss|Amoonguss, L50, F, shiny|100\/100\n|move|p1a: Amoonguss|Protect|p1a: Amoonguss\n|-singleturn|p1a: Amoonguss|Protect\n|move|p2b: Gyarados|Taunt|p1b: Corviknight\n|-start|p1b: Corviknight|move: Taunt\n|move|p1b: Corviknight|Brave Bird|p2a: Amoonguss\n|-supereffective|p2a: Amoonguss\n|-damage|p2a: Amoonguss|20\/100\n|-enditem|p2a: Amoonguss|Sitrus Berry|[eat]\n|-heal|p2a: Amoonguss|45\/100|[from] item: Sitrus Berry\n|-damage|p1b: Corviknight|56\/100 par|[from] Recoil\n|\n|upkeep\n|turn|9\n|inactive|w0wells has 30 seconds left.\n|inactive|Water Dragon Jutsu has 30 seconds left.\n|inactive|Water Dragon Jutsu has 20 seconds left.\n|inactive|Water Dragon Jutsu has 15 seconds left.\n|\n|t:|1683654703\n|switch|p2a: Flutter Mane|Flutter Mane, L50|28\/100\n|switch|p1a: Mimikyu|Mimikyu-Busted, L50, M|79\/100 par\n|move|p2b: Gyarados|Taunt|p1a: Mimikyu\n|-start|p1a: Mimikyu|move: Taunt\n|move|p1b: Corviknight|Brave Bird|p2a: Flutter Mane\n|-damage|p2a: Flutter Mane|0 fnt\n|faint|p2a: Flutter Mane\n|-end|p2a: Flutter Mane|Protosynthesis|[silent]\n|-damage|p1b: Corviknight|49\/100 par|[from] Recoil\n|\n|upkeep\n|\n|t:|1683654716\n|switch|p2a: Chi-Yu|Chi-Yu, L50, tera:Water|35\/100\n|-ability|p2a: Chi-Yu|Beads of Ruin\n|turn|10\n|\n|t:|1683654731\n|switch|p2b: Amoonguss|Amoonguss, L50, F, shiny|79\/100\n|switch|p1b: Gastrodon|Gastrodon-East, L50, F|50\/100\n|move|p2a: Chi-Yu|Protect|p2a: Chi-Yu\n|-singleturn|p2a: Chi-Yu|Protect\n|move|p1a: Mimikyu|Shadow Sneak|p2a: Chi-Yu\n|-activate|p2a: Chi-Yu|move: Protect\n|\n|-heal|p2a: Chi-Yu|41\/100|[from] item: Leftovers\n|upkeep\n|turn|11\n|inactive|w0wells has 30 seconds left.\n|inactive|w0wells has 20 seconds left.\n|inactive|w0wells has 15 seconds left.\n|inactive|w0wells has 10 seconds left.\n|inactive|w0wells has 5 seconds left.\n|\n|t:|1683654782\n|switch|p1b: Corviknight|Corviknight, L50, M|49\/100 par\n|move|p2b: Amoonguss|Rage Powder|p2b: Amoonguss\n|-singleturn|p2b: Amoonguss|move: Rage Powder\n|move|p2a: Chi-Yu|Nasty Plot|p2a: Chi-Yu\n|-boost|p2a: Chi-Yu|spa|2\n|move|p1a: Mimikyu|Play Rough|p2b: Amoonguss\n|-resisted|p2b: Amoonguss\n|-crit|p2b: Amoonguss\n|-damage|p2b: Amoonguss|49\/100\n|-damage|p1a: Mimikyu|70\/100 par|[from] item: Life Orb\n|\n|-heal|p2a: Chi-Yu|47\/100|[from] item: Leftovers\n|-end|p1a: Mimikyu|move: Taunt\n|upkeep\n|turn|12\n|inactive|Water Dragon Jutsu has 30 seconds left.\n|inactive|Water Dragon Jutsu has 20 seconds left.\n|inactive|Water Dragon Jutsu has 15 seconds left.\n|\n|t:|1683654816\n|switch|p1a: Gastrodon|Gastrodon-East, L50, F|50\/100\n|-terastallize|p1b: Corviknight|Dragon\n|move|p2a: Chi-Yu|Heat Wave|p1b: Corviknight|[spread] p1a,p1b\n|-resisted|p1a: Gastrodon\n|-resisted|p1b: Corviknight\n|-damage|p1a: Gastrodon|0 fnt\n|-damage|p1b: Corviknight|5\/100 par\n|faint|p1a: Gastrodon\n|move|p2b: Amoonguss|Pollen Puff|p2a: Chi-Yu\n|-heal|p2a: Chi-Yu|97\/100\n|cant|p1b: Corviknight|par\n|\n|-heal|p2a: Chi-Yu|100\/100|[from] item: Leftovers\n|upkeep\n|inactive|Water Dragon Jutsu has 15 seconds left this turn.\n|\n|t:|1683654839\n|switch|p1a: Mimikyu|Mimikyu-Busted, L50, M|70\/100 par\n|turn|13\n|inactive|Water Dragon Jutsu has 15 seconds left this turn.\n|inactive|Water Dragon Jutsu has 10 seconds left.\n|\n|t:|1683654848\n|move|p2b: Amoonguss|Rage Powder|p2b: Amoonguss\n|-singleturn|p2b: Amoonguss|move: Rage Powder\n|move|p2a: Chi-Yu|Heat Wave|p1a: Mimikyu|[spread] p1a,p1b\n|-resisted|p1b: Corviknight\n|-damage|p1a: Mimikyu|0 fnt\n|-damage|p1b: Corviknight|0 fnt\n|faint|p1a: Mimikyu\n|faint|p1b: Corviknight\n|\n|upkeep\n|inactive|Water Dragon Jutsu has 10 seconds left this turn.\n|-message|w0wells forfeited.\n|\n|win|Water Dragon Jutsu\n|inactive|Water Dragon Jutsu has 10 seconds left this turn.\n|raw|w0wells's rating: 1302 → 1279<\/strong> (-23 for losing)\n|raw|Water Dragon Jutsu's rating: 1251 → 1280<\/strong> (+29 for winning)\n|l|\u2606w0wells\n","uploadtime":1683655160,"views":8,"p1id":"w0wells","p2id":"waterdragonjutsu","formatid":"gen9vgc2023regulationc","rating":1279,"private":0,"password":""}