{"id":"gen9vgc2023regulationc-1855309377","p1":"UltimoRyu","p2":"SnazzlepopMcGee","format":"[Gen 9] VGC 2023 Regulation C","log":"|j|\u2606UltimoRyu\n|j|\u2606SnazzlepopMcGee\n|t:|1682934503\n|gametype|doubles\n|player|p1|UltimoRyu|crasherwake|1047\n|player|p2|SnazzlepopMcGee|brycenman|1137\n|teamsize|p1|6\n|teamsize|p2|6\n|gen|9\n|tier|[Gen 9] VGC 2023 Regulation C\n|rated|\n|rule|Species Clause: Limit one of each Pok\u00e9mon\n|rule|Item Clause: Limit one of each item\n|clearpoke\n|poke|p1|Garchomp, L50, M|\n|poke|p1|Rotom-Wash, L50|\n|poke|p1|Iron Bundle, L50|\n|poke|p1|Gyarados, L50, M|\n|poke|p1|Slither Wing, L50|\n|poke|p1|Gardevoir, L50, M|\n|poke|p2|Mudsdale, L50, M|\n|poke|p2|Grafaiai, L50, M|\n|poke|p2|Chien-Pao, L50|\n|poke|p2|Corviknight, L50, F|\n|poke|p2|Flutter Mane, L50|\n|poke|p2|Gyarados, L50, F|\n|teampreview|4\n|inactive|Battle timer is ON: inactive players will automatically lose when time's up. (requested by SnazzlepopMcGee)\n|\n|t:|1682934553\n|start\n|switch|p1a: Rotom|Rotom-Wash, L50|100\/100\n|switch|p1b: Gyarados|Gyarados, L50, M|100\/100\n|switch|p2a: Corviknight|Corviknight, L50, F|100\/100\n|switch|p2b: Flutter Mane|Flutter Mane, L50|100\/100\n|-ability|p1b: Gyarados|Intimidate|boost\n|-ability|p2a: Corviknight|Mirror Armor\n|-unboost|p1b: Gyarados|atk|1\n|-unboost|p2b: Flutter Mane|atk|1\n|turn|1\n|inactive|UltimoRyu has 30 seconds left.\n|inactive|SnazzlepopMcGee has 30 seconds left.\n|\n|t:|1682934588\n|move|p2a: Corviknight|Protect|p2a: Corviknight\n|-singleturn|p2a: Corviknight|Protect\n|move|p2b: Flutter Mane|Substitute|p2b: Flutter Mane\n|-start|p2b: Flutter Mane|Substitute\n|-damage|p2b: Flutter Mane|76\/100\n|move|p1b: Gyarados|Dragon Dance|p1b: Gyarados\n|-boost|p1b: Gyarados|atk|1\n|-boost|p1b: Gyarados|spe|1\n|move|p1a: Rotom|Volt Switch|p2a: Corviknight\n|-activate|p2a: Corviknight|move: Protect\n|\n|-heal|p2b: Flutter Mane|82\/100|[from] item: Leftovers\n|upkeep\n|turn|2\n|inactive|UltimoRyu has 30 seconds left.\n|inactive|SnazzlepopMcGee has 30 seconds left.\n|\n|t:|1682934620\n|-terastallize|p2b: Flutter Mane|Fairy\n|-terastallize|p1b: Gyarados|Ground\n|move|p2b: Flutter Mane|Dazzling Gleam|p1b: Gyarados|[spread] p1a,p1b\n|-damage|p1a: Rotom|58\/100\n|-damage|p1b: Gyarados|62\/100\n|move|p1b: Gyarados|Iron Head|p2b: Flutter Mane\n|-supereffective|p2b: Flutter Mane\n|-end|p2b: Flutter Mane|Substitute\n|move|p1a: Rotom|Discharge|p2a: Corviknight|[spread] p2a,p2b\n|-immune|p1b: Gyarados\n|-supereffective|p2a: Corviknight\n|-damage|p2a: Corviknight|51\/100\n|-damage|p2b: Flutter Mane|55\/100\n|move|p2a: Corviknight|Tailwind|p2a: Corviknight\n|-sidestart|p2: SnazzlepopMcGee|move: Tailwind\n|\n|-heal|p2b: Flutter Mane|61\/100|[from] item: Leftovers\n|upkeep\n|turn|3\n|inactive|SnazzlepopMcGee has 30 seconds left.\n|\n|t:|1682934650\n|move|p2b: Flutter Mane|Dazzling Gleam|p1b: Gyarados|[spread] p1a,p1b\n|-damage|p1a: Rotom|18\/100\n|-damage|p1b: Gyarados|23\/100\n|-enditem|p1b: Gyarados|Sitrus Berry|[eat]\n|-heal|p1b: Gyarados|48\/100|[from] item: Sitrus Berry\n|move|p2a: Corviknight|Drill Peck|p1b: Gyarados\n|-damage|p1b: Gyarados|16\/100\n|move|p1b: Gyarados|Iron Head|p2b: Flutter Mane\n|-supereffective|p2b: Flutter Mane\n|-damage|p2b: Flutter Mane|0 fnt\n|faint|p2b: Flutter Mane\n|-end|p2b: Flutter Mane|Protosynthesis|[silent]\n|move|p1a: Rotom|Discharge|p2a: Corviknight|[spread] p2a\n|-immune|p1b: Gyarados\n|-supereffective|p2a: Corviknight\n|-damage|p2a: Corviknight|2\/100\n|\n|upkeep\n|\n|t:|1682934661\n|switch|p2b: Chien-Pao|Chien-Pao, L50|100\/100\n|-ability|p2b: Chien-Pao|Sword of Ruin\n|turn|4\n|\n|t:|1682934676\n|move|p1b: Gyarados|Protect|p1b: Gyarados\n|-singleturn|p1b: Gyarados|Protect\n|move|p2b: Chien-Pao|Sucker Punch||[still]\n|-fail|p2b: Chien-Pao\n|move|p2a: Corviknight|Iron Head|p1a: Rotom\n|-resisted|p1a: Rotom\n|-damage|p1a: Rotom|6\/100\n|move|p1a: Rotom|Discharge|p2b: Chien-Pao|[spread] p2a,p2b\n|-activate|p1b: Gyarados|move: Protect\n|-supereffective|p2a: Corviknight\n|-damage|p2a: Corviknight|0 fnt\n|-damage|p2b: Chien-Pao|58\/100\n|faint|p2a: Corviknight\n|\n|upkeep\n|\n|t:|1682934685\n|switch|p2a: Gyarados|Gyarados, L50, F|100\/100\n|-ability|p2a: Gyarados|Intimidate|boost\n|-unboost|p1a: Rotom|atk|1\n|-unboost|p1b: Gyarados|atk|1\n|turn|5\n|\n|t:|1682934698\n|switch|p1a: Iron Bundle|Iron Bundle, L50|100\/100\n|move|p2b: Chien-Pao|Ice Spinner|p1a: Iron Bundle\n|-resisted|p1a: Iron Bundle\n|-damage|p1a: Iron Bundle|82\/100\n|move|p2a: Gyarados|Dragon Dance|p2a: Gyarados\n|-boost|p2a: Gyarados|atk|1\n|-boost|p2a: Gyarados|spe|1\n|move|p1b: Gyarados|Iron Head|p2b: Chien-Pao\n|-supereffective|p2b: Chien-Pao\n|-damage|p2b: Chien-Pao|11\/100\n|\n|-sideend|p2: SnazzlepopMcGee|move: Tailwind\n|upkeep\n|turn|6\n|\n|t:|1682934718\n|move|p2b: Chien-Pao|Sucker Punch||[still]\n|-fail|p2b: Chien-Pao\n|move|p1a: Iron Bundle|Encore|p2a: Gyarados\n|-start|p2a: Gyarados|Encore\n|move|p2a: Gyarados|Dragon Dance|p2a: Gyarados\n|-boost|p2a: Gyarados|atk|1\n|-boost|p2a: Gyarados|spe|1\n|move|p1b: Gyarados|Iron Head|p2b: Chien-Pao\n|-supereffective|p2b: Chien-Pao\n|-damage|p2b: Chien-Pao|0 fnt\n|faint|p2b: Chien-Pao\n|\n|upkeep\n|turn|7\n|-message|SnazzlepopMcGee forfeited.\n|\n|win|UltimoRyu\n|raw|UltimoRyu's rating: 1047 → 1088<\/strong> (+41 for winning)\n|raw|SnazzlepopMcGee's rating: 1137 → 1106<\/strong> (-31 for losing)\n|l|\u2606SnazzlepopMcGee\n","uploadtime":1682934731,"views":18,"p1id":"ultimoryu","p2id":"snazzlepopmcgee","formatid":"gen9vgc2023regulationc","rating":1088,"private":0,"password":""}