{"id":"gen9vgc2023regulationc-1855042164","p1":"vgcproto","p2":"FruitCider","format":"[Gen 9] VGC 2023 Regulation C","log":"|j|\u2606vgcproto\n|j|\u2606FruitCider\n|t:|1682894294\n|gametype|doubles\n|player|p1|vgcproto|lucas|1389\n|player|p2|FruitCider|clair|1317\n|teamsize|p1|6\n|teamsize|p2|6\n|gen|9\n|tier|[Gen 9] VGC 2023 Regulation C\n|rated|\n|rule|Species Clause: Limit one of each Pok\u00e9mon\n|rule|Item Clause: Limit one of each item\n|clearpoke\n|poke|p1|Drednaw, L50, M|\n|poke|p1|Pelipper, L50, F|\n|poke|p1|Dondozo, L50, F|\n|poke|p1|Tatsugiri, L50, M|\n|poke|p1|Iron Hands, L50|\n|poke|p1|Bronzong, L50|\n|poke|p2|Ting-Lu, L50|\n|poke|p2|Amoonguss, L50, F|\n|poke|p2|Palafin, L50, M|\n|poke|p2|Grimmsnarl, L50, M|\n|poke|p2|Chien-Pao, L50|\n|poke|p2|Farigiraf, L50, F|\n|teampreview|4\n|inactive|Battle timer is ON: inactive players will automatically lose when time's up. (requested by FruitCider)\n|inactive|FruitCider has 60 seconds left.\n|\n|t:|1682894329\n|start\n|switch|p1a: Drednaw|Drednaw, L50, M|100\/100\n|switch|p1b: Pelipper|Pelipper, L50, F|100\/100\n|switch|p2a: Ting-Lu|Ting-Lu, L50|100\/100\n|switch|p2b: Grimmsnarl|Grimmsnarl, L50, M|100\/100\n|-weather|RainDance|[from] ability: Drizzle|[of] p1b: Pelipper\n|-ability|p2a: Ting-Lu|Vessel of Ruin\n|turn|1\n|\n|t:|1682894349\n|-terastallize|p1a: Drednaw|Grass\n|-terastallize|p2a: Ting-Lu|Water\n|move|p2b: Grimmsnarl|Reflect|p2b: Grimmsnarl\n|-sidestart|p2: FruitCider|Reflect\n|move|p1a: Drednaw|Waterfall|p2a: Ting-Lu\n|-resisted|p2a: Ting-Lu\n|-damage|p2a: Ting-Lu|83\/100\n|move|p1b: Pelipper|Hurricane|p2a: Ting-Lu\n|-damage|p2a: Ting-Lu|69\/100\n|move|p2a: Ting-Lu|Fissure|p1a: Drednaw|[miss]\n|-miss|p2a: Ting-Lu|p1a: Drednaw\n|\n|-weather|RainDance|[upkeep]\n|upkeep\n|turn|2\n|\n|t:|1682894368\n|move|p2b: Grimmsnarl|Thunder Wave|p1b: Pelipper\n|-status|p1b: Pelipper|par\n|move|p1a: Drednaw|Waterfall|p2a: Ting-Lu\n|-resisted|p2a: Ting-Lu\n|-damage|p2a: Ting-Lu|51\/100\n|move|p2a: Ting-Lu|Fissure|p1a: Drednaw|[miss]\n|-miss|p2a: Ting-Lu|p1a: Drednaw\n|move|p1b: Pelipper|Hurricane|p2a: Ting-Lu\n|-damage|p2a: Ting-Lu|37\/100\n|\n|-weather|RainDance|[upkeep]\n|upkeep\n|turn|3\n|\n|t:|1682894382\n|switch|p2b: Amoonguss|Amoonguss, L50, F|100\/100\n|move|p1a: Drednaw|Waterfall|p2a: Ting-Lu\n|-resisted|p2a: Ting-Lu\n|-damage|p2a: Ting-Lu|21\/100\n|move|p2a: Ting-Lu|Fissure|p1a: Drednaw\n|-damage|p1a: Drednaw|0 fnt\n|faint|p1a: Drednaw\n|-ohko\n|move|p1b: Pelipper|Hurricane|p2a: Ting-Lu\n|-damage|p2a: Ting-Lu|6\/100\n|\n|-weather|RainDance|[upkeep]\n|upkeep\n|\n|t:|1682894394\n|switch|p1a: Dondozo|Dondozo, L50, F|100\/100\n|turn|4\n|\n|t:|1682894400\n|switch|p1b: Tatsugiri|Tatsugiri, L50, M|100\/100\n|-activate|p1b: Tatsugiri|ability: Commander|[of] p1a: Dondozo\n|-boost|p1a: Dondozo|atk|2\n|-boost|p1a: Dondozo|spa|2\n|-boost|p1a: Dondozo|spe|2\n|-boost|p1a: Dondozo|def|2\n|-boost|p1a: Dondozo|spd|2\n|move|p2b: Amoonguss|Rage Powder|p2b: Amoonguss\n|-singleturn|p2b: Amoonguss|move: Rage Powder\n|move|p1a: Dondozo|Surf|p2a: Ting-Lu|[spread] p2a,p2b\n|-miss|p1a: Dondozo|p1b: Tatsugiri\n|-resisted|p2a: Ting-Lu\n|-resisted|p2b: Amoonguss\n|-damage|p2a: Ting-Lu|0 fnt\n|-damage|p2b: Amoonguss|71\/100\n|faint|p2a: Ting-Lu\n|-damage|p1a: Dondozo|91\/100|[from] item: Life Orb\n|\n|-weather|RainDance|[upkeep]\n|upkeep\n|\n|t:|1682894412\n|switch|p2a: Chien-Pao|Chien-Pao, L50|100\/100\n|-ability|p2a: Chien-Pao|Sword of Ruin\n|turn|5\n|\n|t:|1682894421\n|move|p2a: Chien-Pao|Protect|p2a: Chien-Pao\n|-singleturn|p2a: Chien-Pao|Protect\n|move|p1a: Dondozo|Surf|p2a: Chien-Pao|[spread] p2b\n|-miss|p1a: Dondozo|p1b: Tatsugiri\n|-activate|p2a: Chien-Pao|move: Protect\n|-resisted|p2b: Amoonguss\n|-damage|p2b: Amoonguss|32\/100\n|-damage|p1a: Dondozo|81\/100|[from] item: Life Orb\n|move|p2b: Amoonguss|Spore|p1a: Dondozo\n|-status|p1a: Dondozo|slp|[from] move: Spore\n|\n|-weather|RainDance|[upkeep]\n|upkeep\n|turn|6\n|\n|t:|1682894433\n|move|p2a: Chien-Pao|Sacred Sword|p1a: Dondozo\n|-damage|p1a: Dondozo|51\/100 slp\n|cant|p1a: Dondozo|slp\n|move|p1a: Dondozo|Sleep Talk|p1a: Dondozo\n|move|p1a: Dondozo|Wave Crash|p2a: Chien-Pao|[from]move: Sleep Talk\n|-enditem|p2a: Chien-Pao|Focus Sash\n|-damage|p2a: Chien-Pao|1\/100\n|-damage|p1a: Dondozo|29\/100 slp|[from] Recoil\n|-damage|p1a: Dondozo|19\/100 slp|[from] item: Life Orb\n|move|p2b: Amoonguss|Foul Play|p1a: Dondozo\n|-damage|p1a: Dondozo|8\/100 slp\n|\n|-weather|RainDance|[upkeep]\n|upkeep\n|turn|7\n|inactive|vgcproto has 30 seconds left.\n|\n|t:|1682894461\n|move|p2a: Chien-Pao|Sacred Sword|p1a: Dondozo\n|-damage|p1a: Dondozo|0 fnt\n|faint|p1a: Dondozo\n|move|p2b: Amoonguss|Pollen Puff|p2a: Chien-Pao\n|-heal|p2a: Chien-Pao|51\/100\n|\n|-weather|RainDance|[upkeep]\n|upkeep\n|\n|t:|1682894467\n|switch|p1a: Pelipper|Pelipper, L50, F|100\/100 par\n|turn|8\n|\n|t:|1682894475\n|switch|p2b: Grimmsnarl|Grimmsnarl, L50, M|100\/100\n|move|p2a: Chien-Pao|Protect|p2a: Chien-Pao\n|-singleturn|p2a: Chien-Pao|Protect\n|move|p1b: Tatsugiri|Muddy Water|p2a: Chien-Pao|[spread] p2b\n|-activate|p2a: Chien-Pao|move: Protect\n|-damage|p2b: Grimmsnarl|52\/100\n|move|p1a: Pelipper|Tailwind|p1a: Pelipper\n|-sidestart|p1: vgcproto|move: Tailwind\n|\n|-weather|none\n|-sideend|p2: FruitCider|Reflect\n|upkeep\n|turn|9\n|\n|t:|1682894491\n|move|p2b: Grimmsnarl|Sucker Punch|p1b: Tatsugiri\n|-damage|p1b: Tatsugiri|28\/100\n|move|p1b: Tatsugiri|Muddy Water|p2b: Grimmsnarl|[spread] p2a,p2b\n|-damage|p2a: Chien-Pao|0 fnt\n|-damage|p2b: Grimmsnarl|21\/100\n|-unboost|p2b: Grimmsnarl|accuracy|1\n|faint|p2a: Chien-Pao\n|move|p1a: Pelipper|Hydro Pump|p2b: Grimmsnarl\n|-damage|p2b: Grimmsnarl|0 fnt\n|faint|p2b: Grimmsnarl\n|\n|upkeep\n|\n|t:|1682894500\n|switch|p2a: Amoonguss|Amoonguss, L50, F|65\/100\n|turn|10\n|\n|t:|1682894505\n|move|p1b: Tatsugiri|Muddy Water|p2a: Amoonguss\n|-resisted|p2a: Amoonguss\n|-damage|p2a: Amoonguss|42\/100\n|-unboost|p2a: Amoonguss|accuracy|1\n|move|p1a: Pelipper|Hurricane|p2a: Amoonguss|[miss]\n|-miss|p1a: Pelipper|p2a: Amoonguss\n|move|p2a: Amoonguss|Pollen Puff|p1b: Tatsugiri\n|-damage|p1b: Tatsugiri|3\/100\n|\n|upkeep\n|turn|11\n|\n|t:|1682894510\n|move|p1b: Tatsugiri|Muddy Water|p2a: Amoonguss\n|-resisted|p2a: Amoonguss\n|-damage|p2a: Amoonguss|22\/100\n|move|p1a: Pelipper|Hurricane|p2a: Amoonguss|[miss]\n|-miss|p1a: Pelipper|p2a: Amoonguss\n|move|p2a: Amoonguss|Pollen Puff|p1b: Tatsugiri\n|-damage|p1b: Tatsugiri|0 fnt\n|faint|p1b: Tatsugiri\n|\n|-sideend|p1: vgcproto|move: Tailwind\n|upkeep\n|turn|12\n|\n|t:|1682894522\n|move|p2a: Amoonguss|Foul Play|p1a: Pelipper\n|-damage|p1a: Pelipper|89\/100 par\n|move|p1a: Pelipper|Hurricane|p2a: Amoonguss\n|-supereffective|p2a: Amoonguss\n|-damage|p2a: Amoonguss|0 fnt\n|faint|p2a: Amoonguss\n|\n|win|vgcproto\n|raw|vgcproto's rating: 1389 → 1405<\/strong> (+16 for winning)\n|raw|FruitCider's rating: 1317 → 1301<\/strong> (-16 for losing)\n|l|\u2606FruitCider\n|l|\u2606vgcproto\n","uploadtime":1682894666,"views":5,"p1id":"vgcproto","p2id":"fruitcider","formatid":"gen9vgc2023regulationc","rating":1301,"private":0,"password":""}