{"id":"gen9vgc2023regulationc-1861101851","p1":"Montendoz","p2":"PixelDupe1","format":"[Gen 9] VGC 2023 Regulation C","log":"|j|\u2606Montendoz\n|j|\u2606PixelDupe1\n|t:|1683726687\n|gametype|doubles\n|player|p1|Montendoz|1|1241\n|player|p2|PixelDupe1|palmer|1292\n|teamsize|p1|6\n|teamsize|p2|6\n|gen|9\n|tier|[Gen 9] VGC 2023 Regulation C\n|rated|\n|rule|Species Clause: Limit one of each Pok\u00e9mon\n|rule|Item Clause: Limit one of each item\n|clearpoke\n|poke|p1|Iron Bundle, L50|\n|poke|p1|Ceruledge, L50, M|\n|poke|p1|Chien-Pao, L50|\n|poke|p1|Rotom-Wash, L50|\n|poke|p1|Abomasnow, L50, M|\n|poke|p1|Amoonguss, L50, M|\n|poke|p2|Iron Hands, L50|\n|poke|p2|Oranguru, L50, M|\n|poke|p2|Abomasnow, L50, F|\n|poke|p2|Iron Bundle, L50|\n|poke|p2|Flutter Mane, L50|\n|poke|p2|Amoonguss, L50, M|\n|teampreview|4\nPixelDupe1 has agreed to open team sheets.\n|\n|t:|1683726752\n|start\n|switch|p1a: Chien-Pao|Chien-Pao, L50|100\/100\n|switch|p1b: Amoonguss|Amoonguss, L50, M|100\/100\n|switch|p2a: Mr. Hands|Iron Hands, L50|100\/100\n|switch|p2b: Bell|Oranguru, L50, M|100\/100\n|-ability|p1a: Chien-Pao|Sword of Ruin\n|turn|1\n|\n|t:|1683726784\n|-terastallize|p2b: Bell|Fairy\n|move|p2a: Mr. Hands|Fake Out|p1b: Amoonguss\n|-damage|p1b: Amoonguss|78\/100\n|move|p1a: Chien-Pao|Sacred Sword|p2b: Bell\n|-resisted|p2b: Bell\n|-damage|p2b: Bell|84\/100\n|move|p2b: Bell|Psychic|p1b: Amoonguss\n|-supereffective|p1b: Amoonguss\n|-crit|p1b: Amoonguss\n|-damage|p1b: Amoonguss|16\/100\n|-enditem|p1b: Amoonguss|Aguav Berry|[eat]\n|-heal|p1b: Amoonguss|49\/100|[from] item: Aguav Berry\n|cant|p1b: Amoonguss|flinch\n|\n|upkeep\n|turn|2\n|\n|t:|1683726830\n|move|p1b: Amoonguss|Protect|p1b: Amoonguss\n|-singleturn|p1b: Amoonguss|Protect\n|move|p1a: Chien-Pao|Ice Spinner|p2b: Bell\n|-damage|p2b: Bell|38\/100\n|-enditem|p2b: Bell|Sitrus Berry|[eat]\n|-heal|p2b: Bell|63\/100|[from] item: Sitrus Berry\n|move|p2a: Mr. Hands|Ice Punch|p1b: Amoonguss\n|-activate|p1b: Amoonguss|move: Protect\n|move|p2b: Bell|Instruct|p2a: Mr. Hands\n|-singleturn|p2a: Mr. Hands|move: Instruct|[of] p2b: Bell\n|move|p2a: Mr. Hands|Ice Punch|p1b: Amoonguss\n|-activate|p1b: Amoonguss|move: Protect\n|\n|upkeep\n|turn|3\n|\n|t:|1683726859\n|-terastallize|p1b: Amoonguss|Water\n|move|p1a: Chien-Pao|Ice Spinner|p2b: Bell\n|-damage|p2b: Bell|13\/100\n|move|p2a: Mr. Hands|Ice Punch|p1b: Amoonguss\n|-resisted|p1b: Amoonguss\n|-damage|p1b: Amoonguss|25\/100\n|move|p2b: Bell|Instruct|p2a: Mr. Hands\n|-singleturn|p2a: Mr. Hands|move: Instruct|[of] p2b: Bell\n|move|p2a: Mr. Hands|Ice Punch|p1b: Amoonguss\n|-resisted|p1b: Amoonguss\n|-damage|p1b: Amoonguss|4\/100\n|move|p1b: Amoonguss|Spore|p2a: Mr. Hands\n|-status|p2a: Mr. Hands|slp|[from] move: Spore\n|\n|upkeep\n|turn|4\n|\n|t:|1683726889\n|switch|p1b: Abomasnow|Abomasnow, L50, M|100\/100\n|-weather|Snow|[from] ability: Snow Warning|[of] p1b: Abomasnow\n|move|p1a: Chien-Pao|Ice Spinner|p2a: Mr. Hands\n|-damage|p2a: Mr. Hands|65\/100 slp\n|cant|p2a: Mr. Hands|slp\n|move|p2b: Bell|Trick Room|p2b: Bell\n|-fieldstart|move: Trick Room|[of] p2b: Bell\n|\n|-weather|Snow|[upkeep]\n|upkeep\n|turn|5\n|\n|t:|1683726916\n|move|p2b: Bell|Instruct|p2a: Mr. Hands\n|-singleturn|p2a: Mr. Hands|move: Instruct|[of] p2b: Bell\n|cant|p2a: Mr. Hands|slp\n|-curestatus|p2a: Mr. Hands|slp|[msg]\n|move|p2a: Mr. Hands|Drain Punch|p1b: Abomasnow\n|-supereffective|p1b: Abomasnow\n|-damage|p1b: Abomasnow|0 fnt\n|-heal|p2a: Mr. Hands|100\/100|[from] drain|[of] p1b: Abomasnow\n|faint|p1b: Abomasnow\n|move|p1a: Chien-Pao|Ice Spinner|p2b: Bell\n|-damage|p2b: Bell|0 fnt\n|faint|p2b: Bell\n|\n|-weather|Snow|[upkeep]\n|upkeep\n|\n|t:|1683726930\n|switch|p2b: Abomasnow|Abomasnow, L50, F|100\/100\n|switch|p1b: Amoonguss|Amoonguss, L50, M, tera:Water|37\/100\n|turn|6\n|\n|t:|1683726951\n|move|p1b: Amoonguss|Spore|p2a: Mr. Hands\n|-status|p2a: Mr. Hands|slp|[from] move: Spore\n|move|p2b: Abomasnow|Giga Drain|p1b: Amoonguss\n|-supereffective|p1b: Amoonguss\n|-damage|p1b: Amoonguss|0 fnt\n|faint|p1b: Amoonguss\n|cant|p2a: Mr. Hands|slp\n|move|p1a: Chien-Pao|Sacred Sword|p2b: Abomasnow\n|-supereffective|p2b: Abomasnow\n|-damage|p2b: Abomasnow|47\/100\n|\n|-weather|Snow|[upkeep]\n|upkeep\n|\n|t:|1683726968\n|switch|p1b: Iron Bundle|Iron Bundle, L50|100\/100\n|-enditem|p1b: Iron Bundle|Booster Energy\n|-activate|p1b: Iron Bundle|ability: Quark Drive|[fromitem]\n|-start|p1b: Iron Bundle|quarkdrivespe\n|turn|7\n|\n|t:|1683726997\n|move|p2b: Abomasnow|Protect|p2b: Abomasnow\n|-singleturn|p2b: Abomasnow|Protect\n|move|p1b: Iron Bundle|Protect|p1b: Iron Bundle\n|-singleturn|p1b: Iron Bundle|Protect\n|cant|p2a: Mr. Hands|slp\n|move|p1a: Chien-Pao|Throat Chop|p2b: Abomasnow\n|-activate|p2b: Abomasnow|move: Protect\n|\n|-weather|Snow|[upkeep]\n|upkeep\n|turn|8\n|\n|t:|1683727019\n|move|p2b: Abomasnow|Giga Drain|p1b: Iron Bundle\n|-supereffective|p1b: Iron Bundle\n|-damage|p1b: Iron Bundle|0 fnt\n|-heal|p2b: Abomasnow|81\/100|[from] drain|[of] p1b: Iron Bundle\n|faint|p1b: Iron Bundle\n|-end|p1b: Iron Bundle|Quark Drive|[silent]\n|-curestatus|p2a: Mr. Hands|slp|[msg]\n|move|p2a: Mr. Hands|Drain Punch|p1a: Chien-Pao\n|-supereffective|p1a: Chien-Pao\n|-enditem|p1a: Chien-Pao|Focus Sash\n|-damage|p1a: Chien-Pao|1\/100\n|move|p1a: Chien-Pao|Ice Spinner|p2a: Mr. Hands\n|-damage|p2a: Mr. Hands|64\/100\n|\n|-weather|none\n|-fieldend|move: Trick Room\n|upkeep\n|turn|9\n|-message|Montendoz forfeited.\n|\n|win|PixelDupe1\n|raw|Montendoz's rating: 1241 → 1220<\/strong> (-21 for losing)\n|raw|PixelDupe1's rating: 1292 → 1313<\/strong> (+21 for winning)\n|l|\u2606Montendoz\n","uploadtime":1683727038,"views":11,"p1id":"montendoz","p2id":"pixeldupe1","formatid":"gen9vgc2023regulationc","rating":1220,"private":0,"password":""}