{"id":"gen9vgc2023regulationc-1851946064","p1":"Lezzino2017","p2":"Reduxlemon","format":"[Gen 9] VGC 2023 Regulation C","log":"|j|\u2606Lezzino2017\n|j|\u2606Reduxlemon\n|t:|1682509553\n|gametype|doubles\n|player|p1|Lezzino2017|266|1138\n|player|p2|Reduxlemon|red|1092\n|teamsize|p1|6\n|teamsize|p2|6\n|gen|9\n|tier|[Gen 9] VGC 2023 Regulation C\n|rated|\n|rule|Species Clause: Limit one of each Pok\u00e9mon\n|rule|Item Clause: Limit one of each item\n|clearpoke\n|poke|p1|Ting-Lu, L50|\n|poke|p1|Baxcalibur, L50, M|\n|poke|p1|Arcanine, L50, M|\n|poke|p1|Palafin, L50, F|\n|poke|p1|Amoonguss, L50, M|\n|poke|p1|Flutter Mane, L50|\n|poke|p2|Roaring Moon, L50|\n|poke|p2|Iron Bundle, L50|\n|poke|p2|Flutter Mane, L50|\n|poke|p2|Amoonguss, L50, M|\n|poke|p2|Palafin, L50, F|\n|poke|p2|Ting-Lu, L50|\n|teampreview|4\n|inactive|Battle timer is ON: inactive players will automatically lose when time's up. (requested by Lezzino2017)\n|inactive|Reduxlemon has 60 seconds left.\n|\n|t:|1682509602\n|start\n|switch|p1a: Arcanine|Arcanine, L50, M|100\/100\n|switch|p1b: Palafin|Palafin, L50, F|100\/100\n|switch|p2a: Iron Bundle|Iron Bundle, L50|100\/100\n|switch|p2b: Palafin|Palafin, L50, F, shiny|100\/100\n|-ability|p1a: Arcanine|Intimidate|boost\n|-unboost|p2a: Iron Bundle|atk|1\n|-unboost|p2b: Palafin|atk|1\n|turn|1\n|inactive|Lezzino2017 has 30 seconds left.\n|inactive|Reduxlemon has 30 seconds left.\n|inactive|Lezzino2017 has 20 seconds left.\n|inactive|Lezzino2017 has 15 seconds left.\n|inactive|Lezzino2017 has 10 seconds left.\n|\n|t:|1682509651\n|-terastallize|p1a: Arcanine|Flying\n|move|p1b: Palafin|Protect|p1b: Palafin\n|-singleturn|p1b: Palafin|Protect\n|move|p2b: Palafin|Protect|p2b: Palafin\n|-singleturn|p2b: Palafin|Protect\n|move|p2a: Iron Bundle|Hydro Pump|p1a: Arcanine\n|-damage|p1a: Arcanine|45\/100\n|move|p1a: Arcanine|Flare Blitz|p2a: Iron Bundle\n|-damage|p2a: Iron Bundle|45\/100\n|-status|p2a: Iron Bundle|brn\n|-damage|p1a: Arcanine|33\/100|[from] Recoil\n|\n|-damage|p2a: Iron Bundle|39\/100 brn|[from] brn\n|upkeep\n|turn|2\n|\n|t:|1682509674\n|switch|p1a: Amoonguss|Amoonguss, L50, M|100\/100\n|detailschange|p1b: Palafin|Palafin-Hero, L50, F\n|switch|p1b: Ting-Lu|Ting-Lu, L50|100\/100\n|-ability|p1b: Ting-Lu|Vessel of Ruin\n|detailschange|p2b: Palafin|Palafin-Hero, L50, F, shiny\n|switch|p2b: Roaring Moon|Roaring Moon, L50, shiny|100\/100\n|-enditem|p2b: Roaring Moon|Booster Energy\n|-activate|p2b: Roaring Moon|ability: Protosynthesis|[fromitem]\n|-start|p2b: Roaring Moon|protosynthesisatk\n|move|p2a: Iron Bundle|Icy Wind|p1a: Amoonguss|[spread] p1a,p1b\n|-supereffective|p1a: Amoonguss\n|-supereffective|p1b: Ting-Lu\n|-damage|p1a: Amoonguss|76\/100\n|-damage|p1b: Ting-Lu|87\/100\n|-unboost|p1a: Amoonguss|spe|1\n|-unboost|p1b: Ting-Lu|spe|1\n|\n|-damage|p2a: Iron Bundle|33\/100 brn|[from] brn\n|upkeep\n|turn|3\n|inactive|Lezzino2017 has 30 seconds left.\n|inactive|Reduxlemon has 30 seconds left.\n|\n|t:|1682509704\n|switch|p1a: Arcanine|Arcanine, L50, M, tera:Flying|33\/100\n|-ability|p1a: Arcanine|Intimidate|boost\n|-unboost|p2a: Iron Bundle|atk|1\n|-unboost|p2b: Roaring Moon|atk|1\n|-terastallize|p2b: Roaring Moon|Steel\n|move|p2a: Iron Bundle|Icy Wind|p1b: Ting-Lu|[spread] p1a,p1b\n|-supereffective|p1a: Arcanine\n|-supereffective|p1b: Ting-Lu\n|-damage|p1a: Arcanine|0 fnt\n|-damage|p1b: Ting-Lu|73\/100\n|-unboost|p1b: Ting-Lu|spe|1\n|faint|p1a: Arcanine\n|move|p2b: Roaring Moon|Dragon Dance|p2b: Roaring Moon\n|-boost|p2b: Roaring Moon|atk|1\n|-boost|p2b: Roaring Moon|spe|1\n|move|p1b: Ting-Lu|Ruination|p2b: Roaring Moon\n|-damage|p2b: Roaring Moon|51\/100\n|\n|-damage|p2a: Iron Bundle|27\/100 brn|[from] brn\n|upkeep\n|\n|t:|1682509723\n|switch|p1a: Amoonguss|Amoonguss, L50, M|100\/100\n|turn|4\n|\n|t:|1682509738\n|move|p2b: Roaring Moon|Dragon Dance|p2b: Roaring Moon\n|-boost|p2b: Roaring Moon|atk|1\n|-boost|p2b: Roaring Moon|spe|1\n|move|p2a: Iron Bundle|Freeze-Dry|p1a: Amoonguss\n|-supereffective|p1a: Amoonguss\n|-damage|p1a: Amoonguss|53\/100\n|move|p1a: Amoonguss|Clear Smog|p2b: Roaring Moon\n|-immune|p2b: Roaring Moon\n|move|p1b: Ting-Lu|Heavy Slam|p2a: Iron Bundle\n|-damage|p2a: Iron Bundle|0 fnt\n|faint|p2a: Iron Bundle\n|-end|p2a: Iron Bundle|Quark Drive|[silent]\n|\n|upkeep\n|\n|t:|1682509755\n|switch|p2a: Palafin|Palafin-Hero, L50, F, shiny|100\/100\n|-activate|p2a: Palafin|ability: Zero to Hero\n|turn|5\n|\n|t:|1682509763\n|move|p2b: Roaring Moon|Acrobatics|p1a: Amoonguss\n|-supereffective|p1a: Amoonguss\n|-damage|p1a: Amoonguss|0 fnt\n|faint|p1a: Amoonguss\n|move|p2a: Palafin|Wave Crash|p1b: Ting-Lu\n|-supereffective|p1b: Ting-Lu\n|-damage|p1b: Ting-Lu|0 fnt\n|faint|p1b: Ting-Lu\n|-damage|p2a: Palafin|73\/100|[from] Recoil\n|\n|upkeep\n|-message|Lezzino2017 forfeited.\n|\n|win|Reduxlemon\n|raw|Lezzino2017's rating: 1138 → 1110<\/strong> (-28 for losing)\n|raw|Reduxlemon's rating: 1092 → 1122<\/strong> (+30 for winning)\n|l|\u2606Lezzino2017\n","uploadtime":1682509781,"views":14,"p1id":"lezzino2017","p2id":"reduxlemon","formatid":"gen9vgc2023regulationc","rating":1110,"private":0,"password":""}