{"id":"gen9vgc2023regulationc-1845398173","p1":"teehee638","p2":"ItsStoize","format":"[Gen 9] VGC 2023 Regulation C","log":"|j|\u2606teehee638\n|j|\u2606ItsStoize\n|t:|1681727699\n|gametype|doubles\n|player|p1|teehee638|1|1092\n|player|p2|ItsStoize|benga|1055\n|teamsize|p1|6\n|teamsize|p2|6\n|gen|9\n|tier|[Gen 9] VGC 2023 Regulation C\n|rated|\n|rule|Species Clause: Limit one of each Pok\u00e9mon\n|rule|Item Clause: Limit one of each item\n|clearpoke\n|poke|p1|Scizor, L50, F|\n|poke|p1|Scream Tail, L50|\n|poke|p1|Arcanine, L50, M|\n|poke|p1|Roaring Moon, L50|\n|poke|p1|Iron Bundle, L50|\n|poke|p1|Ting-Lu, L50|\n|poke|p2|Glimmora, L50, F|\n|poke|p2|Wo-Chien, L50|\n|poke|p2|Ting-Lu, L50|\n|poke|p2|Tatsugiri, L50, M|\n|poke|p2|Dondozo, L50, M|\n|poke|p2|Gothitelle, L50, M|\n|teampreview|4\n|inactive|Battle timer is ON: inactive players will automatically lose when time's up. (requested by ItsStoize)\n|inactive|teehee638 has 60 seconds left.\n|\n|t:|1681727759\n|start\n|switch|p1a: Scream Tail|Scream Tail, L50, shiny|100\/100\n|switch|p1b: Scizor|Scizor, L50, F, shiny|100\/100\n|switch|p2a: Glimmora|Glimmora, L50, F|100\/100\n|switch|p2b: Gothitelle|Gothitelle, L50, M|100\/100\n|-enditem|p1a: Scream Tail|Booster Energy\n|-activate|p1a: Scream Tail|ability: Protosynthesis|[fromitem]\n|-start|p1a: Scream Tail|protosynthesisspe\n|turn|1\n|\n|t:|1681727782\n|move|p2b: Gothitelle|Fake Out|p1a: Scream Tail\n|-damage|p1a: Scream Tail|96\/100\n|cant|p1a: Scream Tail|flinch\n|move|p2a: Glimmora|Mortal Spin|p1b: Scizor|[spread] p1a\n|-immune|p1b: Scizor\n|-supereffective|p1a: Scream Tail\n|-damage|p1a: Scream Tail|89\/100\n|-status|p1a: Scream Tail|psn\n|move|p1b: Scizor|Pounce|p2b: Gothitelle\n|-supereffective|p2b: Gothitelle\n|-damage|p2b: Gothitelle|15\/100\n|-unboost|p2b: Gothitelle|spe|1\n|-enditem|p2b: Gothitelle|Sitrus Berry|[eat]\n|-heal|p2b: Gothitelle|39\/100|[from] item: Sitrus Berry\n|\n|-damage|p1a: Scream Tail|77\/100 psn|[from] psn\n|upkeep\n|turn|2\n|inactive|teehee638 has 30 seconds left.\n|\n|t:|1681727814\n|move|p1a: Scream Tail|Howl|p1a: Scream Tail|[spread] p1a,p1b\n|-boost|p1a: Scream Tail|atk|1\n|-boost|p1b: Scizor|atk|1\n|move|p2a: Glimmora|Stealth Rock|p1a: Scream Tail\n|-sidestart|p1: teehee638|move: Stealth Rock\n|move|p1b: Scizor|Pounce|p2b: Gothitelle\n|-supereffective|p2b: Gothitelle\n|-damage|p2b: Gothitelle|0 fnt\n|faint|p2b: Gothitelle\n|\n|-damage|p1a: Scream Tail|65\/100 psn|[from] psn\n|upkeep\n|\n|t:|1681727827\n|switch|p2b: Wo-Chien|Wo-Chien, L50|100\/100\n|-ability|p2b: Wo-Chien|Tablets of Ruin\n|turn|3\n|\n|t:|1681727846\n|-terastallize|p2b: Wo-Chien|Fairy\n|move|p2a: Glimmora|Spiky Shield|p2a: Glimmora\n|-singleturn|p2a: Glimmora|move: Protect\n|move|p1b: Scizor|Bullet Punch|p2b: Wo-Chien\n|-supereffective|p2b: Wo-Chien\n|-damage|p2b: Wo-Chien|32\/100\n|move|p1a: Scream Tail|Encore|p2a: Glimmora\n|-activate|p2a: Glimmora|move: Protect\n|move|p2b: Wo-Chien|Leech Seed|p1b: Scizor\n|-start|p1b: Scizor|move: Leech Seed\n|\n|-damage|p1b: Scizor|88\/100|[from] Leech Seed|[of] p2b: Wo-Chien\n|-heal|p2b: Wo-Chien|43\/100|[silent]\n|-damage|p1a: Scream Tail|53\/100 psn|[from] psn\n|upkeep\n|turn|4\n|\n|t:|1681727871\n|move|p2b: Wo-Chien|Protect|p2b: Wo-Chien\n|-singleturn|p2b: Wo-Chien|Protect\n|move|p1b: Scizor|Bullet Punch|p2a: Glimmora\n|-supereffective|p2a: Glimmora\n|-damage|p2a: Glimmora|9\/100\n|-activate|p2a: Glimmora|ability: Toxic Debris\n|-sidestart|p1: teehee638|move: Toxic Spikes\n|move|p1a: Scream Tail|Encore|p2a: Glimmora\n|-start|p2a: Glimmora|Encore\n|move|p2a: Glimmora|Spiky Shield||[still]\n|-fail|p2a: Glimmora\n|\n|-damage|p1b: Scizor|76\/100|[from] Leech Seed|[of] p2b: Wo-Chien\n|-heal|p2b: Wo-Chien|54\/100|[silent]\n|-damage|p1a: Scream Tail|40\/100 psn|[from] psn\n|upkeep\n|turn|5\n|inactive|ItsStoize has 30 seconds left.\n|\n|t:|1681727896\n|move|p2a: Glimmora|Spiky Shield|p2a: Glimmora\n|-singleturn|p2a: Glimmora|move: Protect\n|move|p1b: Scizor|Bullet Punch|p2b: Wo-Chien\n|-supereffective|p2b: Wo-Chien\n|-damage|p2b: Wo-Chien|0 fnt\n|faint|p2b: Wo-Chien\n|move|p1a: Scream Tail|Howl|p1a: Scream Tail|[spread] p1a,p1b\n|-boost|p1a: Scream Tail|atk|1\n|-boost|p1b: Scizor|atk|1\n|\n|-damage|p1a: Scream Tail|28\/100 psn|[from] psn\n|upkeep\n|\n|t:|1681727907\n|switch|p2b: Ting-Lu|Ting-Lu, L50|100\/100\n|-ability|p2b: Ting-Lu|Vessel of Ruin\n|turn|6\n|\n|t:|1681727922\n|move|p2a: Glimmora|Spiky Shield|p2a: Glimmora\n|-singleturn|p2a: Glimmora|move: Protect\n|move|p1a: Scream Tail|Play Rough|p2a: Glimmora\n|-activate|p2a: Glimmora|move: Protect\n|-damage|p1a: Scream Tail|16\/100 psn|[from] Spiky Shield|[of] p2a: Glimmora\n|move|p1b: Scizor|Close Combat|p2b: Ting-Lu\n|-supereffective|p2b: Ting-Lu\n|-damage|p2b: Ting-Lu|18\/100\n|-unboost|p1b: Scizor|def|1\n|-unboost|p1b: Scizor|spd|1\n|move|p2b: Ting-Lu|Sand Tomb|p1b: Scizor|[miss]\n|-miss|p2b: Ting-Lu|p1b: Scizor\n|\n|-damage|p1b: Scizor|64\/100|[from] Leech Seed|[of] p2b: Ting-Lu\n|-heal|p2b: Ting-Lu|26\/100|[silent]\n|-damage|p1a: Scream Tail|4\/100 psn|[from] psn\n|-end|p2a: Glimmora|Encore\n|upkeep\n|turn|7\n|inactive|ItsStoize has 30 seconds left.\n|\n|t:|1681727948\n|move|p1a: Scream Tail|Play Rough|p2a: Glimmora\n|-resisted|p2a: Glimmora\n|-damage|p2a: Glimmora|0 fnt\n|-activate|p2a: Glimmora|ability: Toxic Debris\n|-sidestart|p1: teehee638|move: Toxic Spikes\n|faint|p2a: Glimmora\n|move|p1b: Scizor|Close Combat|p2b: Ting-Lu\n|-supereffective|p2b: Ting-Lu\n|-damage|p2b: Ting-Lu|0 fnt\n|-unboost|p1b: Scizor|def|1\n|-unboost|p1b: Scizor|spd|1\n|faint|p2b: Ting-Lu\n|\n|win|teehee638\n|raw|teehee638's rating: 1092 → 1115<\/strong> (+23 for winning)\n|raw|ItsStoize's rating: 1055 → 1039<\/strong> (-16 for losing)\n","uploadtime":1681727953,"views":11,"p1id":"teehee638","p2id":"itsstoize","formatid":"gen9vgc2023regulationc","rating":1039,"private":0,"password":""}