{"id":"gen9vgc2023regulationc-1863869935","p1":"k3ksmann","p2":"beastista","format":"[Gen 9] VGC 2023 Regulation C","log":"|j|\u2606k3ksmann\n|j|\u2606beastista\n|t:|1684087572\n|gametype|doubles\n|player|p1|k3ksmann|grusha|\n|player|p2|beastista|265|\n|teamsize|p1|6\n|teamsize|p2|6\n|gen|9\n|tier|[Gen 9] VGC 2023 Regulation C\n|rule|Species Clause: Limit one of each Pok\u00e9mon\n|rule|Item Clause: Limit one of each item\n|clearpoke\n|poke|p1|Maushold, L50|\n|poke|p1|Frosmoth, L50, M|\n|poke|p1|Tropius, L50, F|\n|poke|p1|Klefki, L50, F|\n|poke|p1|Qwilfish, L50, M|\n|poke|p1|Pawmot, L50, F|\n|poke|p2|Squawkabilly, L50, F|\n|poke|p2|Brambleghast, L50, M|\n|poke|p2|Rabsca, L50, M|\n|poke|p2|Pachirisu, L50, M|\n|poke|p2|Rotom-Fan, L50|\n|poke|p2|Mimikyu, L50, F|\n|teampreview|4\n|l|\u2606beastista\n|player|p2|\n|j|\u2606beastista\n|player|p2|beastista|265\n|\n|t:|1684087626\n|start\n|switch|p1a: Qwilfish|Qwilfish, L50, M|100\/100\n|switch|p1b: Maushold|Maushold, L50|100\/100\n|switch|p2a: Pachirisu|Pachirisu, L50, M|100\/100\n|switch|p2b: Mimikyu|Mimikyu, L50, F|100\/100\n|-ability|p1a: Qwilfish|Intimidate|boost\n|-unboost|p2a: Pachirisu|atk|1\n|-unboost|p2b: Mimikyu|atk|1\n|turn|1\n|\n|t:|1684087651\n|switch|p1a: Pawmot|Pawmot, L50, F|100\/100\n|move|p2a: Pachirisu|Baby-Doll Eyes|p1a: Pawmot\n|-fail|p1a: Pawmot|unboost|[from] item: Clear Amulet|[of] p1a: Pawmot\n|move|p1b: Maushold|Taunt|p2b: Mimikyu\n|-start|p2b: Mimikyu|move: Taunt\n|cant|p2b: Mimikyu|move: Taunt|Will-O-Wisp\n|\n|upkeep\n|turn|2\n|\n|t:|1684087679\n|move|p1a: Pawmot|Fake Out|p2a: Pachirisu\n|-damage|p2a: Pachirisu|86\/100\n|move|p1b: Maushold|Crunch|p2b: Mimikyu\n|-activate|p2b: Mimikyu|ability: Disguise\n|-damage|p2b: Mimikyu|100\/100\n|detailschange|p2b: Mimikyu|Mimikyu-Busted, L50, F\n|-damage|p2b: Mimikyu|88\/100|[from] pokemon: Mimikyu-Busted\n|move|p2b: Mimikyu|Play Rough|p1a: Pawmot\n|-supereffective|p1a: Pawmot\n|-damage|p1a: Pawmot|50\/100\n|cant|p2a: Pachirisu|flinch\n|\n|upkeep\n|turn|3\n|\n|t:|1684087707\n|switch|p1a: Qwilfish|Qwilfish, L50, M|100\/100\n|-ability|p1a: Qwilfish|Intimidate|boost\n|-unboost|p2a: Pachirisu|atk|1\n|-unboost|p2b: Mimikyu|atk|1\n|move|p1b: Maushold|Taunt|p2a: Pachirisu\n|-start|p2a: Pachirisu|move: Taunt\n|move|p2b: Mimikyu|Play Rough|p1a: Qwilfish\n|-resisted|p1a: Qwilfish\n|-damage|p1a: Qwilfish|92\/100\n|move|p2a: Pachirisu|Nuzzle|p1b: Maushold\n|-crit|p1b: Maushold\n|-damage|p1b: Maushold|92\/100\n|-status|p1b: Maushold|par\n|\n|-end|p2b: Mimikyu|move: Taunt\n|upkeep\n|turn|4\n|\n|t:|1684087733\n|switch|p2b: Squawkabilly|Squawkabilly, L50, F|100\/100\n|-ability|p2b: Squawkabilly|Intimidate|boost\n|-unboost|p1a: Qwilfish|atk|1\n|-unboost|p1b: Maushold|atk|1\n|move|p1a: Qwilfish|Poison Jab|p2b: Squawkabilly\n|-damage|p2b: Squawkabilly|63\/100\n|-status|p2b: Squawkabilly|psn\n|move|p2a: Pachirisu|Nuzzle|p1a: Qwilfish\n|-supereffective|p1a: Qwilfish\n|-damage|p1a: Qwilfish|88\/100\n|-status|p1a: Qwilfish|par\n|move|p1b: Maushold|Crunch|p2a: Pachirisu\n|-damage|p2a: Pachirisu|75\/100\n|\n|-damage|p2b: Squawkabilly|50\/100 psn|[from] psn\n|upkeep\n|turn|5\n|\n|t:|1684087760\n|switch|p1a: Pawmot|Pawmot, L50, F|50\/100\n|cant|p1b: Maushold|par\n|move|p2b: Squawkabilly|Brave Bird|p1b: Maushold\n|-damage|p1b: Maushold|18\/100 par\n|-damage|p2b: Squawkabilly|26\/100 psn|[from] Recoil\n|move|p2a: Pachirisu|Super Fang|p1a: Pawmot\n|-damage|p1a: Pawmot|25\/100\n|\n|-damage|p2b: Squawkabilly|14\/100 psn|[from] psn\n|-end|p2a: Pachirisu|move: Taunt\n|upkeep\n|turn|6\n|\n|t:|1684087788\n|switch|p2b: Mimikyu|Mimikyu-Busted, L50, F|88\/100\n|move|p1a: Pawmot|Fake Out|p2b: Mimikyu\n|-immune|p2b: Mimikyu\n|move|p2a: Pachirisu|Nuzzle|p1a: Pawmot\n|-resisted|p1a: Pawmot\n|-damage|p1a: Pawmot|24\/100\n|move|p1b: Maushold|Taunt|p2a: Pachirisu\n|-start|p2a: Pachirisu|move: Taunt\n|\n|upkeep\n|turn|7\n|\n|t:|1684087817\n|switch|p1a: Qwilfish|Qwilfish, L50, M|88\/100 par\n|-ability|p1a: Qwilfish|Intimidate|boost\n|-unboost|p2a: Pachirisu|atk|1\n|-unboost|p2b: Mimikyu|atk|1\n|move|p2b: Mimikyu|Shadow Claw|p1a: Qwilfish\n|-damage|p1a: Qwilfish|72\/100 par\n|move|p2a: Pachirisu|Nuzzle|p1b: Maushold\n|-damage|p1b: Maushold|15\/100 par\n|move|p1b: Maushold|Taunt|p2b: Mimikyu\n|-start|p2b: Mimikyu|move: Taunt\n|\n|upkeep\n|turn|8\n|\n|t:|1684087836\n|move|p1b: Maushold|Protect|p1b: Maushold\n|-singleturn|p1b: Maushold|Protect\n|move|p2b: Mimikyu|Play Rough|p1b: Maushold\n|-activate|p1b: Maushold|move: Protect\n|move|p2a: Pachirisu|Super Fang|p1a: Qwilfish\n|-damage|p1a: Qwilfish|37\/100 par\n|cant|p1a: Qwilfish|par\n|\n|upkeep\n|turn|9\n|\n|t:|1684087853\n|move|p1b: Maushold|Follow Me|p1b: Maushold\n|-singleturn|p1b: Maushold|move: Follow Me\n|move|p2b: Mimikyu|Play Rough|p1b: Maushold\n|-damage|p1b: Maushold|0 fnt\n|faint|p1b: Maushold\n|move|p2a: Pachirisu|Nuzzle|p1a: Qwilfish\n|-supereffective|p1a: Qwilfish\n|-damage|p1a: Qwilfish|31\/100 par\n|move|p1a: Qwilfish|Poison Jab|p2b: Mimikyu\n|-damage|p2b: Mimikyu|42\/100\n|\n|-end|p2a: Pachirisu|move: Taunt\n|upkeep\n|\n|t:|1684087865\n|switch|p1b: Pawmot|Pawmot, L50, F|24\/100\n|turn|10\n|\n|t:|1684087887\n|move|p1b: Pawmot|Protect|p1b: Pawmot\n|-singleturn|p1b: Pawmot|Protect\n|move|p2a: Pachirisu|Baby-Doll Eyes|p1a: Qwilfish\n|-unboost|p1a: Qwilfish|atk|1\n|move|p2b: Mimikyu|Play Rough|p1b: Pawmot\n|-activate|p1b: Pawmot|move: Protect\n|cant|p1a: Qwilfish|par\n|\n|-end|p2b: Mimikyu|move: Taunt\n|upkeep\n|turn|11\n|\n|t:|1684087903\n|move|p2a: Pachirisu|Follow Me|p2a: Pachirisu\n|-singleturn|p2a: Pachirisu|move: Follow Me\n|move|p1b: Pawmot|Ice Punch|p2a: Pachirisu\n|-damage|p2a: Pachirisu|47\/100\n|-enditem|p2a: Pachirisu|Sitrus Berry|[eat]\n|-heal|p2a: Pachirisu|71\/100|[from] item: Sitrus Berry\n|move|p2b: Mimikyu|Play Rough|p1b: Pawmot\n|-supereffective|p1b: Pawmot\n|-crit|p1b: Pawmot\n|-damage|p1b: Pawmot|0 fnt\n|faint|p1b: Pawmot\n|move|p1a: Qwilfish|Poison Jab|p2a: Pachirisu\n|-damage|p2a: Pachirisu|45\/100\n|\n|upkeep\n|\n|t:|1684087915\n|switch|p1b: Frosmoth|Frosmoth, L50, M|100\/100\n|turn|12\n|\n|t:|1684087926\n|-terastallize|p1b: Frosmoth|Electric\n|move|p2b: Mimikyu|Taunt|p1b: Frosmoth\n|-start|p1b: Frosmoth|move: Taunt\n|move|p2a: Pachirisu|Nuzzle|p1b: Frosmoth\n|-resisted|p1b: Frosmoth\n|-damage|p1b: Frosmoth|99\/100\n|cant|p1b: Frosmoth|move: Taunt|Quiver Dance\n|move|p1a: Qwilfish|Poison Jab|p2b: Mimikyu\n|-damage|p2b: Mimikyu|14\/100\n|\n|upkeep\n|turn|13\n|\n|t:|1684087950\n|move|p2b: Mimikyu|Shadow Claw|p1a: Qwilfish\n|-damage|p1a: Qwilfish|10\/100 par\n|move|p2a: Pachirisu|Super Fang|p1b: Frosmoth\n|-damage|p1b: Frosmoth|50\/100\n|move|p1b: Frosmoth|Ice Beam|p2a: Pachirisu\n|-damage|p2a: Pachirisu|0 fnt\n|faint|p2a: Pachirisu\n|-damage|p1b: Frosmoth|41\/100|[from] item: Life Orb\n|cant|p1a: Qwilfish|par\n|\n|upkeep\n|\n|t:|1684087965\n|switch|p2a: Squawkabilly|Squawkabilly, L50, F|14\/100 psn\n|-ability|p2a: Squawkabilly|Intimidate|boost\n|-unboost|p1a: Qwilfish|atk|1\n|-unboost|p1b: Frosmoth|atk|1\n|turn|14\n|\n|t:|1684087980\n|move|p2a: Squawkabilly|U-turn|p1b: Frosmoth\n|-damage|p1b: Frosmoth|12\/100\n|\n|t:|1684087982\n|switch|p2a: Rabsca|Rabsca, L50, M|100\/100|[from] U-turn\n|move|p2b: Mimikyu|Shadow Claw|p1a: Qwilfish\n|-damage|p1a: Qwilfish|0 fnt\n|faint|p1a: Qwilfish\n|move|p1b: Frosmoth|Ice Beam|p2b: Mimikyu\n|-damage|p2b: Mimikyu|0 fnt\n|faint|p2b: Mimikyu\n|-damage|p1b: Frosmoth|3\/100|[from] item: Life Orb\n|\n|-end|p1b: Frosmoth|move: Taunt\n|upkeep\n|\n|t:|1684087991\n|switch|p2b: Squawkabilly|Squawkabilly, L50, F|14\/100 psn\n|-ability|p2b: Squawkabilly|Intimidate|boost\n|-unboost|p1b: Frosmoth|atk|1\n|turn|15\n|\n|t:|1684087998\n|move|p2b: Squawkabilly|U-turn|p1b: Frosmoth\n|-damage|p1b: Frosmoth|0 fnt\n|faint|p1b: Frosmoth\n|\n|win|beastista\n","uploadtime":1684088002,"views":15,"p1id":"k3ksmann","p2id":"beastista","formatid":"gen9vgc2023regulationc","rating":0,"private":0,"password":""}