{"id":"gen9vgc2023regulationc-1863187458","p1":"CAUSEIMJP","p2":"BlueRaptor1803","format":"[Gen 9] VGC 2023 Regulation C","log":"|j|\u2606CAUSEIMJP\n|j|\u2606BlueRaptor1803\n|t:|1683985652\n|gametype|doubles\n|player|p1|CAUSEIMJP|265|1121\n|player|p2|BlueRaptor1803|265|1036\n|teamsize|p1|6\n|teamsize|p2|6\n|gen|9\n|tier|[Gen 9] VGC 2023 Regulation C\n|rated|\n|rule|Species Clause: Limit one of each Pok\u00e9mon\n|rule|Item Clause: Limit one of each item\n|clearpoke\n|poke|p1|Riolu, L50, M|\n|poke|p1|Salamence, L50, M|\n|poke|p1|Flutter Mane, L50|\n|poke|p1|Farigiraf, L50, M|\n|poke|p1|Amoonguss, L50, F|\n|poke|p1|Salazzle, L50, F|\n|poke|p2|Toxapex, L50, M|\n|poke|p2|Glimmora, L50, F|\n|poke|p2|Palafin, L50, M|\n|poke|p2|Grafaiai, L50, F|\n|poke|p2|Gholdengo, L50|\n|poke|p2|Staraptor, L50, M|\n|teampreview|4\n|inactive|Battle timer is ON: inactive players will automatically lose when time's up. (requested by BlueRaptor1803)\n|inactive|CAUSEIMJP has 60 seconds left.\n|\n|t:|1683985683\n|start\n|switch|p1a: Farigiraf|Farigiraf, L50, M|100\/100\n|switch|p1b: Flutter Mane|Flutter Mane, L50|100\/100\n|switch|p2a: Toxapex|Toxapex, L50, M|100\/100\n|switch|p2b: Glimmora|Glimmora, L50, F, shiny|100\/100\n|turn|1\n|inactive|BlueRaptor1803 has 30 seconds left.\n|inactive|CAUSEIMJP has 30 seconds left.\n|\n|t:|1683985715\n|-end|p1b: Flutter Mane|Protosynthesis|[silent]\n|switch|p1b: Salamence|Salamence, L50, M|100\/100\n|-ability|p1b: Salamence|Intimidate|boost\n|-unboost|p2a: Toxapex|atk|1\n|-unboost|p2b: Glimmora|atk|1\n|move|p2b: Glimmora|Mortal Spin|p1b: Salamence|[spread] p1a,p1b\n|-damage|p1a: Farigiraf|98\/100\n|-damage|p1b: Salamence|97\/100\n|-status|p1a: Farigiraf|psn\n|-status|p1b: Salamence|psn\n|move|p1a: Farigiraf|Psychic|p2b: Glimmora\n|-supereffective|p2b: Glimmora\n|-damage|p2b: Glimmora|27\/100\n|-enditem|p2b: Glimmora|Sitrus Berry|[eat]\n|-heal|p2b: Glimmora|51\/100|[from] item: Sitrus Berry\n|move|p2a: Toxapex|Venoshock|p1b: Salamence\n|-crit|p1b: Salamence\n|-damage|p1b: Salamence|0 fnt\n|faint|p1b: Salamence\n|\n|-damage|p1a: Farigiraf|86\/100 psn|[from] psn\n|upkeep\n|\n|t:|1683985727\n|switch|p1b: Amoonguss|Amoonguss, L50, F, shiny|100\/100\n|turn|2\n|\n|t:|1683985742\n|-terastallize|p2b: Glimmora|Grass\n|move|p2b: Glimmora|Mortal Spin|p1b: Amoonguss|[spread] p1a,p1b\n|-damage|p1a: Farigiraf|83\/100 psn\n|-damage|p1b: Amoonguss|99\/100\n|-status|p1b: Amoonguss|psn\n|move|p1a: Farigiraf|Psychic|p2b: Glimmora\n|-damage|p2b: Glimmora|8\/100\n|move|p2a: Toxapex|Venoshock|p1b: Amoonguss\n|-crit|p1b: Amoonguss\n|-damage|p1b: Amoonguss|14\/100 psn\n|-enditem|p1b: Amoonguss|Sitrus Berry|[eat]\n|-heal|p1b: Amoonguss|39\/100 psn|[from] item: Sitrus Berry\n|move|p1b: Amoonguss|Spore|p2a: Toxapex\n|-status|p2a: Toxapex|slp|[from] move: Spore\n|\n|-damage|p1a: Farigiraf|71\/100 psn|[from] psn\n|-damage|p1b: Amoonguss|27\/100 psn|[from] psn\n|upkeep\n|turn|3\n|inactive|BlueRaptor1803 has 30 seconds left.\n|\n|t:|1683985767\n|switch|p1b: Flutter Mane|Flutter Mane, L50|100\/100\n|move|p2b: Glimmora|Venoshock|p1b: Flutter Mane\n|-damage|p1b: Flutter Mane|73\/100\n|move|p1a: Farigiraf|Psychic|p2b: Glimmora\n|-crit|p2b: Glimmora\n|-damage|p2b: Glimmora|0 fnt\n|faint|p2b: Glimmora\n|cant|p2a: Toxapex|slp\n|\n|-damage|p1a: Farigiraf|58\/100 psn|[from] psn\n|upkeep\n|\n|t:|1683985780\n|switch|p2b: Gholdengo|Gholdengo, L50|100\/100\n|turn|4\n|\n|t:|1683985789\n|move|p1b: Flutter Mane|Shadow Ball|p2b: Gholdengo\n|-supereffective|p2b: Gholdengo\n|-damage|p2b: Gholdengo|0 fnt\n|faint|p2b: Gholdengo\n|move|p1a: Farigiraf|Psychic|p2a: Toxapex\n|-supereffective|p2a: Toxapex\n|-damage|p2a: Toxapex|28\/100 slp\n|-curestatus|p2a: Toxapex|slp|[msg]\n|move|p2a: Toxapex|Venoshock|p1b: Flutter Mane\n|-damage|p1b: Flutter Mane|42\/100\n|\n|-damage|p1a: Farigiraf|46\/100 psn|[from] psn\n|upkeep\n|\n|t:|1683985801\n|switch|p2b: Staraptor|Staraptor, L50, M|100\/100\n|turn|5\n|\n|t:|1683985819\n|-end|p1b: Flutter Mane|Protosynthesis|[silent]\n|switch|p1b: Amoonguss|Amoonguss, L50, F, shiny|60\/100 psn\n|move|p1a: Farigiraf|Protect|p1a: Farigiraf\n|-singleturn|p1a: Farigiraf|Protect\n|move|p2b: Staraptor|Brave Bird|p1b: Amoonguss\n|-supereffective|p1b: Amoonguss\n|-damage|p1b: Amoonguss|0 fnt\n|faint|p1b: Amoonguss\n|-damage|p2b: Staraptor|74\/100|[from] Recoil\n|move|p2a: Toxapex|Venoshock|p1a: Farigiraf\n|-activate|p1a: Farigiraf|move: Protect\n|\n|-damage|p1a: Farigiraf|34\/100 psn|[from] psn\n|upkeep\n|\n|t:|1683985829\n|switch|p1b: Flutter Mane|Flutter Mane, L50|42\/100\n|turn|6\n|\n|t:|1683985836\n|move|p1b: Flutter Mane|Thunderbolt|p2b: Staraptor\n|-supereffective|p2b: Staraptor\n|-damage|p2b: Staraptor|0 fnt\n|faint|p2b: Staraptor\n|move|p1a: Farigiraf|Psychic|p2a: Toxapex\n|-supereffective|p2a: Toxapex\n|-damage|p2a: Toxapex|0 fnt\n|faint|p2a: Toxapex\n|\n|win|CAUSEIMJP\n|raw|CAUSEIMJP's rating: 1121 → 1140<\/strong> (+19 for winning)\n|raw|BlueRaptor1803's rating: 1036 → 1024<\/strong> (-12 for losing)\n","uploadtime":1683985847,"views":16,"p1id":"causeimjp","p2id":"blueraptor1803","formatid":"gen9vgc2023regulationc","rating":1024,"private":0,"password":""}