{"id":"gen9vgc2023regulationc-1859571401","p1":"A1sauce03","p2":"Psypanda","format":"[Gen 9] VGC 2023 Regulation C","log":"|j|\u2606A1sauce03\n|j|\u2606Psypanda\n|t:|1683543478\n|gametype|doubles\n|player|p1|A1sauce03|265|1000\n|player|p2|Psypanda|cynthia-gen4|1000\n|teamsize|p1|6\n|teamsize|p2|6\n|gen|9\n|tier|[Gen 9] VGC 2023 Regulation C\n|rated|\n|rule|Species Clause: Limit one of each Pok\u00e9mon\n|rule|Item Clause: Limit one of each item\n|clearpoke\n|poke|p1|Azumarill, L50, F|\n|poke|p1|Chi-Yu, L50|\n|poke|p1|Chien-Pao, L50|\n|poke|p1|Dragonite, L50, M|\n|poke|p1|Flutter Mane, L50|\n|poke|p1|Dachsbun, L50, M|\n|poke|p2|Slaking, L50, M|\n|poke|p2|Espathra, L50, F|\n|poke|p2|Murkrow, L50, M|\n|poke|p2|Annihilape, L50, M|\n|poke|p2|Maushold-Four, L50|\n|poke|p2|Tinkaton, L50, F|\n|teampreview|4\nPsypanda rejected open team sheets.\n|\n|t:|1683543503\n|start\n|switch|p1a: Flutter Mane|Flutter Mane, L50|100\/100\n|switch|p1b: Chien-Pao|Chien-Pao, L50|100\/100\n|switch|p2a: Tinkaton|Tinkaton, L50, F|100\/100\n|switch|p2b: Murkrow|Murkrow, L50, M|100\/100\n|-ability|p1b: Chien-Pao|Sword of Ruin\n|-enditem|p1a: Flutter Mane|Booster Energy\n|-activate|p1a: Flutter Mane|ability: Protosynthesis|[fromitem]\n|-start|p1a: Flutter Mane|protosynthesisspa\n|turn|1\n|\n|t:|1683543531\n|move|p2a: Tinkaton|Fake Out|p1b: Chien-Pao\n|-damage|p1b: Chien-Pao|86\/100\n|cant|p1b: Chien-Pao|flinch\n|move|p2b: Murkrow|Tailwind|p2b: Murkrow\n|-sidestart|p2: Psypanda|move: Tailwind\n|move|p1a: Flutter Mane|Dazzling Gleam|p2a: Tinkaton|[spread] p2a,p2b\n|-resisted|p2a: Tinkaton\n|-supereffective|p2b: Murkrow\n|-damage|p2a: Tinkaton|83\/100\n|-damage|p2b: Murkrow|18\/100\n|\n|upkeep\n|turn|2\n|\n|t:|1683543556\n|move|p2b: Murkrow|Protect|p2b: Murkrow\n|-singleturn|p2b: Murkrow|Protect\n|move|p1a: Flutter Mane|Protect|p1a: Flutter Mane\n|-singleturn|p1a: Flutter Mane|Protect\n|move|p1b: Chien-Pao|Sucker Punch||[still]\n|-fail|p1b: Chien-Pao\n|move|p2a: Tinkaton|Gigaton Hammer|p1a: Flutter Mane\n|-activate|p1a: Flutter Mane|move: Protect\n|\n|upkeep\n|turn|3\n|\n|t:|1683543581\n|move|p2a: Tinkaton|Protect|p2a: Tinkaton\n|-singleturn|p2a: Tinkaton|Protect\n|move|p2b: Murkrow|Thunder Wave|p1a: Flutter Mane\n|-status|p1a: Flutter Mane|par\n|move|p1b: Chien-Pao|Ice Spinner|p2a: Tinkaton\n|-activate|p2a: Tinkaton|move: Protect\n|move|p1a: Flutter Mane|Dazzling Gleam|p2b: Murkrow|[spread] p2b\n|-activate|p2a: Tinkaton|move: Protect\n|-supereffective|p2b: Murkrow\n|-damage|p2b: Murkrow|0 fnt\n|faint|p2b: Murkrow\n|\n|upkeep\n|\n|t:|1683543595\n|switch|p2b: Slaking|Slaking, L50, M|100\/100\n|turn|4\n|\n|t:|1683543612\n|move|p2b: Slaking|Bulk Up|p2b: Slaking\n|-boost|p2b: Slaking|atk|1\n|-boost|p2b: Slaking|def|1\n|move|p2a: Tinkaton|Gigaton Hammer|p1a: Flutter Mane\n|-supereffective|p1a: Flutter Mane\n|-damage|p1a: Flutter Mane|0 fnt\n|faint|p1a: Flutter Mane\n|-end|p1a: Flutter Mane|Protosynthesis|[silent]\n|move|p1b: Chien-Pao|Ice Spinner|p2a: Tinkaton\n|-resisted|p2a: Tinkaton\n|-damage|p2a: Tinkaton|55\/100\n|\n|-sideend|p2: Psypanda|move: Tailwind\n|upkeep\n|\n|t:|1683543627\n|switch|p1a: Dachsbun|Dachsbun, L50, M|100\/100\n|turn|5\n|\n|t:|1683543641\n|move|p2a: Tinkaton|Protect|p2a: Tinkaton\n|-singleturn|p2a: Tinkaton|Protect\n|move|p1a: Dachsbun|Protect|p1a: Dachsbun\n|-singleturn|p1a: Dachsbun|Protect\n|move|p1b: Chien-Pao|Sucker Punch||[still]\n|-fail|p1b: Chien-Pao\n|cant|p2b: Slaking|ability: Truant\n|\n|upkeep\n|turn|6\n|\n|t:|1683543661\n|switch|p1b: Chi-Yu|Chi-Yu, L50|100\/100\n|-ability|p1b: Chi-Yu|Beads of Ruin\n|move|p2b: Slaking|Yawn|p1b: Chi-Yu\n|-start|p1b: Chi-Yu|move: Yawn|[of] p2b: Slaking\n|move|p2a: Tinkaton|Gigaton Hammer|p1a: Dachsbun\n|-supereffective|p1a: Dachsbun\n|-damage|p1a: Dachsbun|0 fnt\n|faint|p1a: Dachsbun\n|\n|upkeep\n|\n|t:|1683543674\n|switch|p1a: Chien-Pao|Chien-Pao, L50|86\/100\n|-ability|p1a: Chien-Pao|Sword of Ruin\n|turn|7\n|\n|t:|1683543690\n|move|p1b: Chi-Yu|Heat Wave|p2b: Slaking|[spread] p2a,p2b\n|-supereffective|p2a: Tinkaton\n|-damage|p2a: Tinkaton|0 fnt\n|-damage|p2b: Slaking|51\/100\n|faint|p2a: Tinkaton\n|move|p1a: Chien-Pao|Ice Spinner|p2b: Slaking\n|-damage|p2b: Slaking|29\/100\n|cant|p2b: Slaking|ability: Truant\n|\n|-heal|p2b: Slaking|35\/100|[from] item: Leftovers\n|-end|p1b: Chi-Yu|move: Yawn|[silent]\n|-status|p1b: Chi-Yu|slp\n|upkeep\n|\n|t:|1683543701\n|switch|p2a: Espathra|Espathra, L50, F|100\/100\n|turn|8\n|\n|t:|1683543717\n|cant|p1b: Chi-Yu|slp\n|move|p1a: Chien-Pao|Throat Chop|p2a: Espathra\n|-supereffective|p2a: Espathra\n|-enditem|p2a: Espathra|Focus Sash\n|-damage|p2a: Espathra|1\/100\n|-start|p2a: Espathra|Throat Chop|[silent]\n|move|p2a: Espathra|Skill Swap|p2b: Slaking\n|-activate|p2a: Espathra|move: Skill Swap|||[of] p2b: Slaking\n|move|p2b: Slaking|Drain Punch|p1a: Chien-Pao\n|-supereffective|p1a: Chien-Pao\n|-damage|p1a: Chien-Pao|0 fnt\n|-heal|p2b: Slaking|61\/100|[from] drain|[of] p1a: Chien-Pao\n|faint|p1a: Chien-Pao\n|\n|-heal|p2b: Slaking|67\/100|[from] item: Leftovers\n|-ability|p2b: Slaking|Speed Boost|boost\n|-boost|p2b: Slaking|spe|1\n|upkeep\n|turn|9\n|\n|t:|1683543741\n|cant|p1b: Chi-Yu|slp\n|move|p2b: Slaking|Drain Punch|p1b: Chi-Yu\n|-supereffective|p1b: Chi-Yu\n|-damage|p1b: Chi-Yu|0 fnt\n|-heal|p2b: Slaking|93\/100|[from] drain|[of] p1b: Chi-Yu\n|faint|p1b: Chi-Yu\n|\n|win|Psypanda\n|raw|A1sauce03's rating: 1000 → 1000<\/strong> (+0 for losing)\n|raw|Psypanda's rating: 1000 → 1040<\/strong> (+40 for winning)\n|l|\u2606Psypanda\n","uploadtime":1683543769,"views":5,"p1id":"a1sauce03","p2id":"psypanda","formatid":"gen9vgc2023regulationc","rating":1000,"private":0,"password":""}