{"id":"gen9vgc2023regulationc-1859935981","p1":"Reelko","p2":"counterbash","format":"[Gen 9] VGC 2023 Regulation C","log":"|j|\u2606Reelko\n|j|\u2606counterbash\n|t:|1683577273\n|gametype|doubles\n|player|p1|Reelko|2|1126\n|player|p2|counterbash|bellelba|1161\n|teamsize|p1|6\n|teamsize|p2|6\n|gen|9\n|tier|[Gen 9] VGC 2023 Regulation C\n|rated|\n|rule|Species Clause: Limit one of each Pok\u00e9mon\n|rule|Item Clause: Limit one of each item\n|clearpoke\n|poke|p1|Dondozo, L50, F|\n|poke|p1|Tatsugiri, L50, F|\n|poke|p1|Chi-Yu, L50|\n|poke|p1|Amoonguss, L50, F|\n|poke|p1|Kingambit, L50, F|\n|poke|p1|Flutter Mane, L50|\n|poke|p2|Gothitelle, L50, M|\n|poke|p2|Wo-Chien, L50|\n|poke|p2|Arcanine, L50, M|\n|poke|p2|Iron Bundle, L50|\n|poke|p2|Flutter Mane, L50|\n|poke|p2|Annihilape, L50, M|\n|teampreview|4\ncounterbash has agreed to open team sheets.\n|c|\u2606counterbash|glhf\n|\n|t:|1683577314\n|start\n|switch|p1a: Amoonguss|Amoonguss, L50, F|100\/100\n|switch|p1b: Flutter Mane|Flutter Mane, L50|100\/100\n|switch|p2a: Iron Bundle|Iron Bundle, L50|100\/100\n|switch|p2b: Flutter Mane|Flutter Mane, L50|100\/100\n|-enditem|p2a: Iron Bundle|Booster Energy\n|-activate|p2a: Iron Bundle|ability: Quark Drive|[fromitem]\n|-start|p2a: Iron Bundle|quarkdrivespe\n|turn|1\n|\n|t:|1683577342\n|-terastallize|p2a: Iron Bundle|Grass\n|move|p2a: Iron Bundle|Icy Wind|p1a: Amoonguss|[spread] p1a,p1b\n|-supereffective|p1a: Amoonguss\n|-damage|p1a: Amoonguss|65\/100\n|-damage|p1b: Flutter Mane|81\/100\n|-unboost|p1a: Amoonguss|spe|1\n|-unboost|p1b: Flutter Mane|spe|1\n|move|p2b: Flutter Mane|Shadow Ball|p1b: Flutter Mane\n|-supereffective|p1b: Flutter Mane\n|-damage|p1b: Flutter Mane|0 fnt\n|faint|p1b: Flutter Mane\n|-end|p1b: Flutter Mane|Protosynthesis|[silent]\n|move|p1a: Amoonguss|Spore|p2a: Iron Bundle\n|-immune|p2a: Iron Bundle\n|\n|upkeep\n|\n|t:|1683577355\n|switch|p1b: Kingambit|Kingambit, L50, F|100\/100\n|turn|2\n|\n|t:|1683577366\n|-end|p2b: Flutter Mane|Protosynthesis|[silent]\n|switch|p2b: Wo-Chien|Wo-Chien, L50|100\/100\n|-ability|p2b: Wo-Chien|Tablets of Ruin\n|move|p1a: Amoonguss|Rage Powder|p1a: Amoonguss\n|-singleturn|p1a: Amoonguss|move: Rage Powder\n|move|p2a: Iron Bundle|Hydro Pump|p1b: Kingambit|[miss]\n|-miss|p2a: Iron Bundle|p1b: Kingambit\n|move|p1b: Kingambit|Kowtow Cleave|p2b: Wo-Chien\n|-resisted|p2b: Wo-Chien\n|-damage|p2b: Wo-Chien|85\/100\n|\n|upkeep\n|turn|3\n|\n|t:|1683577382\n|move|p2a: Iron Bundle|Freeze-Dry|p1a: Amoonguss\n|-supereffective|p1a: Amoonguss\n|-damage|p1a: Amoonguss|1\/100\n|-enditem|p1a: Amoonguss|Sitrus Berry|[eat]\n|-heal|p1a: Amoonguss|26\/100|[from] item: Sitrus Berry\n|move|p2b: Wo-Chien|Leech Seed|p1b: Kingambit\n|-start|p1b: Kingambit|move: Leech Seed\n|move|p1b: Kingambit|Low Kick|p2b: Wo-Chien\n|-supereffective|p2b: Wo-Chien\n|-damage|p2b: Wo-Chien|44\/100\n|move|p1a: Amoonguss|Pollen Puff|p1b: Kingambit\n|-immune|p1b: Kingambit\n|\n|-damage|p1b: Kingambit|88\/100|[from] Leech Seed|[of] p2b: Wo-Chien\n|-heal|p2b: Wo-Chien|60\/100|[silent]\n|upkeep\n|turn|4\n|\n|t:|1683577403\n|move|p1a: Amoonguss|Protect|p1a: Amoonguss\n|-singleturn|p1a: Amoonguss|Protect\n|move|p2a: Iron Bundle|Freeze-Dry|p1a: Amoonguss\n|-activate|p1a: Amoonguss|move: Protect\n|move|p2b: Wo-Chien|Knock Off|p1b: Kingambit\n|-resisted|p1b: Kingambit\n|-damage|p1b: Kingambit|80\/100\n|-enditem|p1b: Kingambit|Assault Vest|[from] move: Knock Off|[of] p2b: Wo-Chien\n|move|p1b: Kingambit|Low Kick|p2b: Wo-Chien\n|-supereffective|p2b: Wo-Chien\n|-damage|p2b: Wo-Chien|18\/100\n|\n|-damage|p1b: Kingambit|68\/100|[from] Leech Seed|[of] p2b: Wo-Chien\n|-heal|p2b: Wo-Chien|34\/100|[silent]\n|upkeep\n|turn|5\n|\n|t:|1683577435\n|switch|p2b: Annihilape|Annihilape, L50, M|100\/100\n|switch|p1a: Chi-Yu|Chi-Yu, L50|100\/100\n|-ability|p1a: Chi-Yu|Beads of Ruin\n|move|p2a: Iron Bundle|Freeze-Dry|p1a: Chi-Yu\n|-resisted|p1a: Chi-Yu\n|-damage|p1a: Chi-Yu|82\/100\n|move|p1b: Kingambit|Low Kick|p2b: Annihilape\n|-immune|p2b: Annihilape\n|\n|-damage|p1b: Kingambit|56\/100|[from] Leech Seed|[of] p2b: Annihilape\n|upkeep\n|turn|6\n|\n|t:|1683577458\n|switch|p1b: Amoonguss|Amoonguss, L50, F|60\/100\n|move|p2a: Iron Bundle|Hydro Pump|p1a: Chi-Yu\n|-supereffective|p1a: Chi-Yu\n|-damage|p1a: Chi-Yu|0 fnt\n|faint|p1a: Chi-Yu\n|move|p2b: Annihilape|Drain Punch|p1b: Amoonguss\n|-resisted|p1b: Amoonguss\n|-damage|p1b: Amoonguss|46\/100\n|\n|upkeep\n|\n|t:|1683577466\n|switch|p1a: Kingambit|Kingambit, L50, F|56\/100\n|turn|7\n|\n|t:|1683577473\n|move|p1b: Amoonguss|Protect|p1b: Amoonguss\n|-singleturn|p1b: Amoonguss|Protect\n|move|p1a: Kingambit|Sucker Punch|p2a: Iron Bundle\n|-damage|p2a: Iron Bundle|51\/100\n|move|p2a: Iron Bundle|Hydro Pump|p1a: Kingambit\n|-damage|p1a: Kingambit|3\/100\n|move|p2b: Annihilape|Bulk Up|p2b: Annihilape\n|-boost|p2b: Annihilape|atk|1\n|-boost|p2b: Annihilape|def|1\n|\n|upkeep\n|turn|8\n|-message|Reelko forfeited.\n|\n|win|counterbash\n|raw|Reelko's rating: 1126 → 1104<\/strong> (-22 for losing)\n|raw|counterbash's rating: 1161 → 1183<\/strong> (+22 for winning)\n|l|\u2606Reelko\n","uploadtime":1683577485,"views":7,"p1id":"reelko","p2id":"counterbash","formatid":"gen9vgc2023regulationc","rating":1104,"private":0,"password":""}