{"id":"gen9vgc2023regulationc-1858138525","p1":"Mithos888999","p2":"SM0KESgirl","format":"[Gen 9] VGC 2023 Regulation C","log":"|j|\u2606Mithos888999\n|j|\u2606SM0KESgirl\n|t:|1683281892\n|gametype|doubles\n|player|p1|Mithos888999|zinzolin|1379\n|player|p2|SM0KESgirl|skyla|1328\n|teamsize|p1|6\n|teamsize|p2|6\n|gen|9\n|tier|[Gen 9] VGC 2023 Regulation C\n|rated|\n|rule|Species Clause: Limit one of each Pok\u00e9mon\n|rule|Item Clause: Limit one of each item\n|clearpoke\n|poke|p1|Amoonguss, L50, F|\n|poke|p1|Dragonite, L50, F|\n|poke|p1|Orthworm, L50, M|\n|poke|p1|Ting-Lu, L50|\n|poke|p1|Arcanine, L50, M|\n|poke|p1|Baxcalibur, L50, F|\n|poke|p2|Gholdengo, L50|\n|poke|p2|Murkrow, L50, F|\n|poke|p2|Baxcalibur, L50, M|\n|poke|p2|Annihilape, L50, M|\n|poke|p2|Flutter Mane, L50|\n|poke|p2|Amoonguss, L50, F|\n|teampreview|4\nSM0KESgirl rejected open team sheets.\n|inactive|Battle timer is ON: inactive players will automatically lose when time's up. (requested by SM0KESgirl)\n|\n|t:|1683281962\n|start\n|switch|p1a: Amoonguss|Amoonguss, L50, F|100\/100\n|switch|p1b: Orthworm|Orthworm, L50, M|100\/100\n|switch|p2a: Murkrow|Murkrow, L50, F|100\/100\n|switch|p2b: Gholdengo|Gholdengo, L50|100\/100\n|turn|1\n|\n|t:|1683281985\n|move|p2a: Murkrow|Tailwind|p2a: Murkrow\n|-sidestart|p2: SM0KESgirl|move: Tailwind\n|move|p2b: Gholdengo|Make It Rain|p1a: Amoonguss|[spread] p1a,p1b\n|-resisted|p1b: Orthworm\n|-damage|p1a: Amoonguss|39\/100\n|-damage|p1b: Orthworm|56\/100\n|-unboost|p2b: Gholdengo|spa|1\n|move|p1b: Orthworm|Shed Tail|p1b: Orthworm\n|-start|p1b: Orthworm|Substitute|[from] move: Shed Tail\n|-damage|p1b: Orthworm|6\/100\n|-enditem|p1b: Orthworm|Sitrus Berry|[eat]\n|-heal|p1b: Orthworm|31\/100|[from] item: Sitrus Berry\n|\n|t:|1683282005\n|switch|p1b: Dragonite|Dragonite, L50, F|100\/100|[from] Shed Tail\n|move|p1a: Amoonguss|Spore|p2a: Murkrow\n|-status|p2a: Murkrow|slp|[from] move: Spore\n|\n|upkeep\n|turn|2\n|inactive|Mithos888999 has 30 seconds left.\n|inactive|Mithos888999 has 20 seconds left.\n|\n|t:|1683282040\n|switch|p2a: Annihilape|Annihilape, L50, M|100\/100\n|switch|p1a: Orthworm|Orthworm, L50, M|31\/100\n|move|p2b: Gholdengo|Make It Rain|p1a: Orthworm|[spread] p1a,p1b\n|-activate|p1b: Dragonite|move: Substitute|[damage]\n|-resisted|p1a: Orthworm\n|-damage|p1a: Orthworm|2\/100\n|-unboost|p2b: Gholdengo|spa|1\n|move|p1b: Dragonite|Earthquake|p2a: Annihilape|[spread] p2a,p2b\n|-heal|p1a: Orthworm|26\/100|[from] ability: Earth Eater|[of] p1b: Dragonite\n|-supereffective|p2b: Gholdengo\n|-damage|p2a: Annihilape|71\/100\n|-damage|p2b: Gholdengo|49\/100\n|\n|-heal|p2a: Annihilape|77\/100|[from] item: Leftovers\n|upkeep\n|turn|3\n|inactive|Mithos888999 has 30 seconds left.\n|inactive|SM0KESgirl has 30 seconds left.\n|inactive|SM0KESgirl has 20 seconds left.\n|inactive|Mithos888999 has 20 seconds left.\n|inactive|SM0KESgirl has 15 seconds left.\n|\n|t:|1683282084\n|switch|p1a: Amoonguss|Amoonguss, L50, F|72\/100\n|move|p2a: Annihilape|Bulk Up|p2a: Annihilape\n|-boost|p2a: Annihilape|atk|1\n|-boost|p2a: Annihilape|def|1\n|move|p2b: Gholdengo|Make It Rain|p1a: Amoonguss|[spread] p1a,p1b\n|-crit|p1b: Dragonite\n|-end|p1b: Dragonite|Substitute\n|-damage|p1a: Amoonguss|43\/100\n|-unboost|p2b: Gholdengo|spa|1\n|move|p1b: Dragonite|Dragon Dance|p1b: Dragonite\n|-boost|p1b: Dragonite|atk|1\n|-boost|p1b: Dragonite|spe|1\n|\n|-heal|p2a: Annihilape|83\/100|[from] item: Leftovers\n|upkeep\n|turn|4\n|inactive|Mithos888999 has 30 seconds left.\n|inactive|SM0KESgirl has 30 seconds left.\n|inactive|Mithos888999 has 20 seconds left.\n|inactive|Mithos888999 has 15 seconds left.\n|inactive|Mithos888999 has 10 seconds left.\n|inactive|Mithos888999 has 5 seconds left.\n|\n|t:|1683282139\n|move|p2a: Annihilape|Protect|p2a: Annihilape\n|-singleturn|p2a: Annihilape|Protect\n|move|p2b: Gholdengo|Make It Rain|p1a: Amoonguss|[spread] p1a,p1b\n|-damage|p1a: Amoonguss|19\/100\n|-damage|p1b: Dragonite|84\/100\n|-unboost|p2b: Gholdengo|spa|1\n|move|p1b: Dragonite|Dragon Dance|p1b: Dragonite\n|-boost|p1b: Dragonite|atk|1\n|-boost|p1b: Dragonite|spe|1\n|move|p1a: Amoonguss|Pollen Puff|p2a: Annihilape\n|-activate|p2a: Annihilape|move: Protect\n|\n|-heal|p2a: Annihilape|89\/100|[from] item: Leftovers\n|-sideend|p2: SM0KESgirl|move: Tailwind\n|upkeep\n|turn|5\n|inactive|Mithos888999 has 30 seconds left.\n|inactive|SM0KESgirl has 30 seconds left.\n|inactive|Mithos888999 has 20 seconds left.\n|\n|t:|1683282175\n|-terastallize|p1b: Dragonite|Flying\n|move|p1a: Amoonguss|Rage Powder|p1a: Amoonguss\n|-singleturn|p1a: Amoonguss|move: Rage Powder\n|move|p1b: Dragonite|Tera Blast|p2a: Annihilape\n|-supereffective|p2a: Annihilape\n|-damage|p2a: Annihilape|0 fnt\n|faint|p2a: Annihilape\n|move|p2b: Gholdengo|Make It Rain|p1b: Dragonite|[spread] p1a,p1b\n|-damage|p1a: Amoonguss|0 fnt\n|-damage|p1b: Dragonite|58\/100\n|-unboost|p2b: Gholdengo|spa|1\n|faint|p1a: Amoonguss\n|\n|upkeep\n|\n|t:|1683282193\n|switch|p2a: Baxcalibur|Baxcalibur, L50, M|100\/100\n|switch|p1a: Baxcalibur|Baxcalibur, L50, F|100\/100\n|turn|6\n|inactive|Mithos888999 has 30 seconds left.\n|\n|t:|1683282225\n|switch|p1b: Orthworm|Orthworm, L50, M|26\/100\n|move|p1a: Baxcalibur|Glaive Rush|p2a: Baxcalibur\n|-supereffective|p2a: Baxcalibur\n|-damage|p2a: Baxcalibur|0 fnt\n|-singlemove|p1a: Baxcalibur|Glaive Rush|[silent]\n|faint|p2a: Baxcalibur\n|-damage|p1a: Baxcalibur|91\/100|[from] item: Life Orb\n|move|p2b: Gholdengo|Make It Rain|p1a: Baxcalibur|[spread] p1a,p1b\n|-supereffective|p1a: Baxcalibur\n|-resisted|p1b: Orthworm\n|-damage|p1a: Baxcalibur|12\/100\n|-damage|p1b: Orthworm|12\/100\n|-unboost|p2b: Gholdengo|spa|1\n|\n|upkeep\n|\n|t:|1683282241\n|switch|p2a: Murkrow|Murkrow, L50, F|100\/100 slp\n|turn|7\n|\n|t:|1683282257\n|move|p1a: Baxcalibur|Ice Shard|p2a: Murkrow\n|-supereffective|p2a: Murkrow\n|-damage|p2a: Murkrow|30\/100 slp\n|-damage|p1a: Baxcalibur|2\/100|[from] item: Life Orb\n|cant|p2a: Murkrow|slp\n|move|p2b: Gholdengo|Make It Rain|p1b: Orthworm|[spread] p1a,p1b\n|-supereffective|p1a: Baxcalibur\n|-resisted|p1b: Orthworm\n|-damage|p1a: Baxcalibur|0 fnt\n|-damage|p1b: Orthworm|2\/100\n|faint|p1a: Baxcalibur\n|move|p1b: Orthworm|Heavy Slam|p2a: Murkrow\n|-crit|p2a: Murkrow\n|-damage|p2a: Murkrow|0 fnt\n|faint|p2a: Murkrow\n|\n|upkeep\n|\n|t:|1683282271\n|switch|p1a: Dragonite|Dragonite, L50, F, tera:Flying|58\/100\n|turn|8\n|\n|t:|1683282280\n|-terastallize|p2b: Gholdengo|Steel\n|move|p1a: Dragonite|Earthquake|p2b: Gholdengo|[spread] p2b\n|-heal|p1b: Orthworm|26\/100|[from] ability: Earth Eater|[of] p1a: Dragonite\n|-supereffective|p2b: Gholdengo\n|-crit|p2b: Gholdengo\n|-damage|p2b: Gholdengo|0 fnt\n|faint|p2b: Gholdengo\n|\n|win|Mithos888999\n|raw|Mithos888999's rating: 1379 → 1396<\/strong> (+17 for winning)\n|raw|SM0KESgirl's rating: 1328 → 1311<\/strong> (-17 for losing)\n|l|\u2606Mithos888999\n","uploadtime":1683282295,"views":14,"p1id":"mithos888999","p2id":"sm0kesgirl","formatid":"gen9vgc2023regulationc","rating":1311,"private":0,"password":""}