{"id":"gen9vgc2023regulationc-1862593561","p1":"huazhongren","p2":"revocolombia","format":"[Gen 9] VGC 2023 Regulation C","log":"|j|\u2606huazhongren\n|j|\u2606revocolombia\n|t:|1683903849\n|gametype|doubles\n|player|p1|huazhongren|101|1377\n|player|p2|revocolombia|pokemonranger-gen4|1377\n|teamsize|p1|6\n|teamsize|p2|6\n|gen|9\n|tier|[Gen 9] VGC 2023 Regulation C\n|rated|\n|rule|Species Clause: Limit one of each Pok\u00e9mon\n|rule|Item Clause: Limit one of each item\n|clearpoke\n|poke|p1|Flutter Mane, L50|\n|poke|p1|Dondozo, L50, F|\n|poke|p1|Tatsugiri, L50, F|\n|poke|p1|Glimmora, L50, F|\n|poke|p1|Baxcalibur, L50, M|\n|poke|p1|Chi-Yu, L50|\n|poke|p2|Flutter Mane, L50|\n|poke|p2|Great Tusk, L50|\n|poke|p2|Dragonite, L50, F|\n|poke|p2|Chien-Pao, L50|\n|poke|p2|Murkrow, L50, M|\n|poke|p2|Gholdengo, L50|\n|teampreview|4\n|inactive|Battle timer is ON: inactive players will automatically lose when time's up. (requested by huazhongren)\n|\n|t:|1683903881\n|start\n|switch|p1a: Chi-Yu|Chi-Yu, L50|100\/100\n|switch|p1b: Dondozo|Dondozo, L50, F, shiny|100\/100\n|switch|p2a: Gholdengo|Gholdengo, L50|100\/100\n|switch|p2b: Dragonite|Dragonite, L50, F|100\/100\n|-ability|p1a: Chi-Yu|Beads of Ruin\n|turn|1\n|\n|t:|1683903902\n|-terastallize|p2a: Gholdengo|Water\n|move|p1b: Dondozo|Protect|p1b: Dondozo\n|-singleturn|p1b: Dondozo|Protect\n|move|p2b: Dragonite|Extreme Speed|p1a: Chi-Yu\n|-damage|p1a: Chi-Yu|41\/100\n|-enditem|p1a: Chi-Yu|Sitrus Berry|[eat]\n|-heal|p1a: Chi-Yu|65\/100|[from] item: Sitrus Berry\n|move|p2a: Gholdengo|Thunderbolt|p1b: Dondozo\n|-activate|p1b: Dondozo|move: Protect\n|move|p1a: Chi-Yu|Heat Wave|p2b: Dragonite|[spread] p2a\n|-miss|p1a: Chi-Yu|p2b: Dragonite\n|-resisted|p2a: Gholdengo\n|-damage|p2a: Gholdengo|72\/100\n|\n|upkeep\n|turn|2\n|inactive|huazhongren has 30 seconds left.\n|\n|t:|1683903932\n|switch|p1a: Baxcalibur|Baxcalibur, L50, M, shiny|100\/100\n|-terastallize|p1b: Dondozo|Grass\n|move|p2b: Dragonite|Extreme Speed|p1a: Baxcalibur\n|-damage|p1a: Baxcalibur|56\/100\n|move|p2a: Gholdengo|Thunderbolt|p1b: Dondozo\n|-resisted|p1b: Dondozo\n|-damage|p1b: Dondozo|82\/100\n|-status|p1b: Dondozo|par\n|-damage|p2a: Gholdengo|62\/100|[from] item: Life Orb\n|cant|p1b: Dondozo|par\n|\n|-heal|p1b: Dondozo|88\/100 par|[from] item: Leftovers\n|upkeep\n|turn|3\n|inactive|revocolombia has 30 seconds left.\n|\n|t:|1683903959\n|move|p2b: Dragonite|Extreme Speed|p1b: Dondozo\n|-damage|p1b: Dondozo|55\/100 par\n|move|p2a: Gholdengo|Make It Rain|p1b: Dondozo|[spread] p1a,p1b\n|-supereffective|p1a: Baxcalibur\n|-damage|p1a: Baxcalibur|0 fnt\n|-damage|p1b: Dondozo|0 fnt\n|-unboost|p2a: Gholdengo|spa|1\n|faint|p1a: Baxcalibur\n|faint|p1b: Dondozo\n|-damage|p2a: Gholdengo|52\/100|[from] item: Life Orb\n|\n|upkeep\n|\n|t:|1683903973\n|switch|p1a: Flutter Mane|Flutter Mane, L50, shiny|100\/100\n|switch|p1b: Chi-Yu|Chi-Yu, L50|65\/100\n|-ability|p1b: Chi-Yu|Beads of Ruin\n|-enditem|p1a: Flutter Mane|Booster Energy\n|-activate|p1a: Flutter Mane|ability: Protosynthesis|[fromitem]\n|-start|p1a: Flutter Mane|protosynthesisspe\n|turn|4\n|\n|t:|1683903993\n|move|p2a: Gholdengo|Protect|p2a: Gholdengo\n|-singleturn|p2a: Gholdengo|Protect\n|move|p1b: Chi-Yu|Protect|p1b: Chi-Yu\n|-singleturn|p1b: Chi-Yu|Protect\n|move|p2b: Dragonite|Extreme Speed|p1b: Chi-Yu\n|-activate|p1b: Chi-Yu|move: Protect\n|move|p1a: Flutter Mane|Dazzling Gleam|p2a: Gholdengo|[spread] p2b\n|-activate|p2a: Gholdengo|move: Protect\n|-supereffective|p2b: Dragonite\n|-damage|p2b: Dragonite|59\/100\n|\n|upkeep\n|turn|5\n|inactive|revocolombia has 30 seconds left.\n|inactive|revocolombia has 20 seconds left.\n|inactive|revocolombia has 15 seconds left.\n|inactive|revocolombia has 10 seconds left.\n|inactive|revocolombia has 5 seconds left.\n|\n|t:|1683904048\n|move|p2b: Dragonite|Extreme Speed|p1b: Chi-Yu\n|-damage|p1b: Chi-Yu|9\/100\n|move|p1a: Flutter Mane|Dazzling Gleam|p2b: Dragonite|[spread] p2a,p2b\n|-supereffective|p2b: Dragonite\n|-damage|p2a: Gholdengo|5\/100\n|-damage|p2b: Dragonite|0 fnt\n|faint|p2b: Dragonite\n|move|p2a: Gholdengo|Make It Rain|p1a: Flutter Mane|[spread] p1a,p1b\n|-supereffective|p1a: Flutter Mane\n|-resisted|p1b: Chi-Yu\n|-damage|p1a: Flutter Mane|0 fnt\n|-damage|p1b: Chi-Yu|0 fnt\n|-unboost|p2a: Gholdengo|spa|1\n|faint|p1a: Flutter Mane\n|-end|p1a: Flutter Mane|Protosynthesis|[silent]\n|faint|p1b: Chi-Yu\n|-damage|p2a: Gholdengo|0 fnt|[from] item: Life Orb\n|faint|p2a: Gholdengo\n|\n|win|revocolombia\n|raw|huazhongren's rating: 1377 → 1357<\/strong> (-20 for losing)\n|raw|revocolombia's rating: 1377 → 1397<\/strong> (+20 for winning)\n|l|\u2606huazhongren\n","uploadtime":1683904086,"views":8,"p1id":"huazhongren","p2id":"revocolombia","formatid":"gen9vgc2023regulationc","rating":1357,"private":0,"password":""}