{"id":"gen9vgc2023regulationc-1847073079","p1":"ScrubShadedPurple","p2":"Pechuguera","format":"[Gen 9] VGC 2023 Regulation C","log":"|j|\u2606ScrubShadedPurple\n|j|\u2606Pechuguera\n|t:|1681916841\n|gametype|doubles\n|player|p1|ScrubShadedPurple|dragontamer|1098\n|player|p2|Pechuguera|266|1090\n|teamsize|p1|6\n|teamsize|p2|6\n|gen|9\n|tier|[Gen 9] VGC 2023 Regulation C\n|rated|\n|rule|Species Clause: Limit one of each Pok\u00e9mon\n|rule|Item Clause: Limit one of each item\n|clearpoke\n|poke|p1|Ceruledge, L50, M|\n|poke|p1|Ting-Lu, L50|\n|poke|p1|Palafin, L50, F|\n|poke|p1|Arcanine, L50, F|\n|poke|p1|Amoonguss, L50, M|\n|poke|p1|Flutter Mane, L50|\n|poke|p2|Gyarados, L50, F|\n|poke|p2|Flutter Mane, L50|\n|poke|p2|Tsareena, L50, F|\n|poke|p2|Murkrow, L50, M|\n|poke|p2|Arcanine, L50, F|\n|poke|p2|Chi-Yu, L50|\n|teampreview|4\n|inactive|Battle timer is ON: inactive players will automatically lose when time's up. (requested by Pechuguera)\n|\n|t:|1681916885\n|start\n|switch|p1a: Palafin|Palafin, L50, F|100\/100\n|switch|p1b: Ceruledge|Ceruledge, L50, M, shiny|100\/100\n|switch|p2a: Gyarados|Gyarados, L50, F|100\/100\n|switch|p2b: Arcanine|Arcanine, L50, F|100\/100\n|-ability|p2b: Arcanine|Intimidate|boost\n|-unboost|p1a: Palafin|atk|1\n|-fail|p1b: Ceruledge|unboost|[from] item: Clear Amulet|[of] p1b: Ceruledge\n|-ability|p2a: Gyarados|Intimidate|boost\n|-unboost|p1a: Palafin|atk|1\n|-fail|p1b: Ceruledge|unboost|[from] item: Clear Amulet|[of] p1b: Ceruledge\n|turn|1\n|inactive|ScrubShadedPurple has 30 seconds left.\n|inactive|ScrubShadedPurple has 20 seconds left.\n|\n|t:|1681916922\n|detailschange|p1a: Palafin|Palafin-Hero, L50, F\n|switch|p1a: Amoonguss|Amoonguss, L50, M|100\/100\n|move|p1b: Ceruledge|Protect|p1b: Ceruledge\n|-singleturn|p1b: Ceruledge|Protect\n|move|p2b: Arcanine|Howl|p2b: Arcanine|[spread] p2a,p2b\n|-boost|p2a: Gyarados|atk|1\n|-boost|p2b: Arcanine|atk|1\n|move|p2a: Gyarados|Thunder Wave|p1b: Ceruledge\n|-activate|p1b: Ceruledge|move: Protect\n|\n|upkeep\n|turn|2\n|inactive|ScrubShadedPurple has 30 seconds left.\n|inactive|Pechuguera has 30 seconds left.\n|inactive|Pechuguera has 20 seconds left.\n|inactive|Pechuguera has 15 seconds left.\n|inactive|Pechuguera has 10 seconds left.\n|\n|t:|1681916968\n|-terastallize|p1b: Ceruledge|Grass\n|move|p2b: Arcanine|Flare Blitz|p1a: Amoonguss\n|-supereffective|p1a: Amoonguss\n|-damage|p1a: Amoonguss|0 fnt\n|faint|p1a: Amoonguss\n|-damage|p2b: Arcanine|63\/100|[from] Recoil\n|move|p1b: Ceruledge|Bulk Up|p1b: Ceruledge\n|-boost|p1b: Ceruledge|atk|1\n|-boost|p1b: Ceruledge|def|1\n|move|p2a: Gyarados|Waterfall|p1b: Ceruledge\n|-resisted|p1b: Ceruledge\n|-damage|p1b: Ceruledge|81\/100\n|\n|upkeep\n|\n|t:|1681916984\n|switch|p1a: Flutter Mane|Flutter Mane, L50|100\/100\n|turn|3\n|\n|t:|1681917004\n|switch|p1b: Palafin|Palafin-Hero, L50, F|100\/100\n|-activate|p1b: Palafin|ability: Zero to Hero\n|move|p1a: Flutter Mane|Thunderbolt|p2a: Gyarados\n|-supereffective|p2a: Gyarados\n|-crit|p2a: Gyarados\n|-damage|p2a: Gyarados|0 fnt\n|faint|p2a: Gyarados\n|move|p2b: Arcanine|Flare Blitz|p1a: Flutter Mane\n|-damage|p1a: Flutter Mane|0 fnt\n|faint|p1a: Flutter Mane\n|-end|p1a: Flutter Mane|Protosynthesis|[silent]\n|-damage|p2b: Arcanine|42\/100|[from] Recoil\n|\n|upkeep\n|\n|t:|1681917018\n|switch|p1a: Ceruledge|Ceruledge, L50, M, shiny, tera:Grass|81\/100\n|switch|p2a: Murkrow|Murkrow, L50, M|100\/100\n|turn|4\n|\n|t:|1681917035\n|switch|p2b: Tsareena|Tsareena, L50, F|100\/100\n|move|p1b: Palafin|Jet Punch||[still]\n|cant|p2b: Tsareena|ability: Queenly Majesty|Jet Punch|[of] p1b: Palafin\n|move|p2a: Murkrow|Sunny Day|p2a: Murkrow\n|-weather|SunnyDay\n|move|p1a: Ceruledge|Bulk Up|p1a: Ceruledge\n|-boost|p1a: Ceruledge|atk|1\n|-boost|p1a: Ceruledge|def|1\n|\n|-weather|SunnyDay|[upkeep]\n|upkeep\n|turn|5\n|inactive|Pechuguera has 30 seconds left.\n|\n|t:|1681917066\n|move|p1b: Palafin|Protect|p1b: Palafin\n|-singleturn|p1b: Palafin|Protect\n|move|p2a: Murkrow|Tailwind|p2a: Murkrow\n|-sidestart|p2: Pechuguera|move: Tailwind\n|move|p2b: Tsareena|Trop Kick|p1b: Palafin\n|-activate|p1b: Palafin|move: Protect\n|move|p1a: Ceruledge|Bitter Blade|p2b: Tsareena\n|-supereffective|p2b: Tsareena\n|-damage|p2b: Tsareena|0 fnt\n|-heal|p1a: Ceruledge|100\/100|[from] drain|[of] p2b: Tsareena\n|faint|p2b: Tsareena\n|\n|-weather|SunnyDay|[upkeep]\n|upkeep\n|\n|t:|1681917076\n|switch|p2b: Arcanine|Arcanine, L50, F|42\/100\n|-ability|p2b: Arcanine|Intimidate|boost\n|-fail|p1a: Ceruledge|unboost|[from] item: Clear Amulet|[of] p1a: Ceruledge\n|-unboost|p1b: Palafin|atk|1\n|turn|6\n|\n|t:|1681917097\n|-terastallize|p2a: Murkrow|Flying\n|move|p2b: Arcanine|Howl|p2b: Arcanine|[spread] p2a,p2b\n|-boost|p2a: Murkrow|atk|1\n|-boost|p2b: Arcanine|atk|1\n|move|p2a: Murkrow|Brave Bird|p1a: Ceruledge\n|-supereffective|p1a: Ceruledge\n|-damage|p1a: Ceruledge|0 fnt\n|faint|p1a: Ceruledge\n|-damage|p2a: Murkrow|60\/100|[from] Recoil\n|move|p1b: Palafin|Haze|p1b: Palafin\n|-clearallboost\n|\n|-weather|SunnyDay|[upkeep]\n|upkeep\n|turn|7\n|\n|t:|1681917119\n|move|p2a: Murkrow|Taunt|p1b: Palafin\n|-start|p1b: Palafin|move: Taunt\n|move|p1b: Palafin|Jet Punch|p2b: Arcanine\n|-supereffective|p2b: Arcanine\n|-damage|p2b: Arcanine|0 fnt\n|faint|p2b: Arcanine\n|\n|-weather|SunnyDay|[upkeep]\n|upkeep\n|turn|8\n|\n|t:|1681917129\n|move|p2a: Murkrow|Brave Bird|p1b: Palafin\n|-damage|p1b: Palafin|55\/100\n|-damage|p2a: Murkrow|38\/100|[from] Recoil\n|move|p1b: Palafin|Wave Crash|p2a: Murkrow\n|-damage|p2a: Murkrow|0 fnt\n|faint|p2a: Murkrow\n|-damage|p1b: Palafin|46\/100|[from] Recoil\n|\n|win|ScrubShadedPurple\n|raw|ScrubShadedPurple's rating: 1098 → 1123<\/strong> (+25 for winning)\n|raw|Pechuguera's rating: 1090 → 1067<\/strong> (-23 for losing)\n|l|\u2606Pechuguera\n","uploadtime":1681917144,"views":6,"p1id":"scrubshadedpurple","p2id":"pechuguera","formatid":"gen9vgc2023regulationc","rating":1067,"private":0,"password":""}