{"id":"gen9vgc2023regulationc-1863831441","p1":"Beru98","p2":"Yeetawheat","format":"[Gen 9] VGC 2023 Regulation C","log":"|j|\u2606Beru98\n|j|\u2606Yeetawheat\n|t:|1684083043\n|gametype|doubles\n|player|p1|Beru98|170|\n|player|p2|Yeetawheat|2|\n|teamsize|p1|6\n|teamsize|p2|6\n|gen|9\n|tier|[Gen 9] VGC 2023 Regulation C\n|rule|Species Clause: Limit one of each Pok\u00e9mon\n|rule|Item Clause: Limit one of each item\n|clearpoke\n|poke|p1|Iron Jugulis, L50|\n|poke|p1|Great Tusk, L50|\n|poke|p1|Flutter Mane, L50|\n|poke|p1|Gyarados, L50, M|\n|poke|p1|Kingambit, L50, M|\n|poke|p1|Amoonguss, L50, F|\n|poke|p2|Scizor, L50, F|\n|poke|p2|Tauros-Paldea-Aqua, L50, M|\n|poke|p2|Rotom-Heat, L50|\n|poke|p2|Flutter Mane, L50|\n|poke|p2|Ting-Lu, L50|\n|poke|p2|Amoonguss, L50, F|\n|teampreview|4\n|c|\u2606Yeetawheat|glhf g2\nYeetawheat has agreed to open team sheets.\nBeru98 has agreed to open team sheets.\n|\n|t:|1684083434\n|start\n|switch|p1a: Kingambit|Kingambit, L50, M|100\/100\n|switch|p1b: Amoonguss|Amoonguss, L50, F|100\/100\n|switch|p2a: Tauros|Tauros-Paldea-Aqua, L50, M|100\/100\n|switch|p2b: Flutter Mane|Flutter Mane, L50|100\/100\n|-ability|p2a: Tauros|Intimidate|boost\n|-unboost|p1a: Kingambit|atk|1\n|-ability|p1a: Kingambit|Defiant|boost\n|-boost|p1a: Kingambit|atk|2\n|-unboost|p1b: Amoonguss|atk|1\n|-enditem|p2b: Flutter Mane|Booster Energy\n|-activate|p2b: Flutter Mane|ability: Protosynthesis|[fromitem]\n|-start|p2b: Flutter Mane|protosynthesisspe\n|turn|1\n|\n|t:|1684083478\n|switch|p1b: Gyarados|Gyarados, L50, M|100\/100\n|-ability|p1b: Gyarados|Intimidate|boost\n|-unboost|p2a: Tauros|atk|1\n|-unboost|p2b: Flutter Mane|atk|1\n|-terastallize|p2a: Tauros|Grass\n|move|p2b: Flutter Mane|Protect|p2b: Flutter Mane\n|-singleturn|p2b: Flutter Mane|Protect\n|move|p2a: Tauros|Close Combat|p1a: Kingambit\n|-supereffective|p1a: Kingambit\n|-damage|p1a: Kingambit|0 fnt\n|-unboost|p2a: Tauros|def|1\n|-unboost|p2a: Tauros|spd|1\n|faint|p1a: Kingambit\n|\n|upkeep\n|\n|t:|1684083493\n|switch|p1a: Great Tusk|Great Tusk, L50|100\/100\n|turn|2\n|\n|t:|1684083509\n|switch|p2a: Rotom|Rotom-Heat, L50|100\/100\n|-terastallize|p1a: Great Tusk|Ground\n|move|p2b: Flutter Mane|Icy Wind|p1a: Great Tusk|[spread] p1a,p1b\n|-supereffective|p1a: Great Tusk\n|-damage|p1a: Great Tusk|68\/100\n|-damage|p1b: Gyarados|89\/100\n|-unboost|p1a: Great Tusk|spe|1\n|-unboost|p1b: Gyarados|spe|1\n|move|p1a: Great Tusk|Rock Slide|p2b: Flutter Mane|[spread] p2a,p2b\n|-supereffective|p2a: Rotom\n|-damage|p2a: Rotom|54\/100\n|-damage|p2b: Flutter Mane|64\/100\n|move|p1b: Gyarados|Thunder Wave|p2b: Flutter Mane\n|-status|p2b: Flutter Mane|par\n|\n|upkeep\n|turn|3\n|\n|t:|1684083526\n|switch|p1b: Amoonguss|Amoonguss, L50, F|100\/100\n|move|p2b: Flutter Mane|Icy Wind|p1b: Amoonguss|[spread] p1a,p1b\n|-supereffective|p1a: Great Tusk\n|-crit|p1a: Great Tusk\n|-supereffective|p1b: Amoonguss\n|-crit|p1b: Amoonguss\n|-damage|p1a: Great Tusk|18\/100\n|-damage|p1b: Amoonguss|69\/100\n|-unboost|p1a: Great Tusk|spe|1\n|-unboost|p1b: Amoonguss|spe|1\n|move|p2a: Rotom|Thunderbolt|p1b: Amoonguss\n|-resisted|p1b: Amoonguss\n|-damage|p1b: Amoonguss|51\/100\n|move|p1a: Great Tusk|Rock Slide|p2b: Flutter Mane|[spread] p2a,p2b\n|-supereffective|p2a: Rotom\n|-damage|p2a: Rotom|6\/100\n|-damage|p2b: Flutter Mane|21\/100 par\n|-enditem|p2a: Rotom|Sitrus Berry|[eat]\n|-heal|p2a: Rotom|31\/100|[from] item: Sitrus Berry\n|\n|upkeep\n|turn|4\n|\n|t:|1684083547\n|-end|p1a: Great Tusk|Protosynthesis|[silent]\n|switch|p1a: Gyarados|Gyarados, L50, M|89\/100\n|-ability|p1a: Gyarados|Intimidate|boost\n|-unboost|p2a: Rotom|atk|1\n|-unboost|p2b: Flutter Mane|atk|1\n|move|p2b: Flutter Mane|Icy Wind|p1a: Gyarados|[spread] p1a,p1b\n|-supereffective|p1b: Amoonguss\n|-damage|p1a: Gyarados|76\/100\n|-damage|p1b: Amoonguss|30\/100\n|-unboost|p1a: Gyarados|spe|1\n|-unboost|p1b: Amoonguss|spe|1\n|-enditem|p1b: Amoonguss|Sitrus Berry|[eat]\n|-heal|p1b: Amoonguss|55\/100|[from] item: Sitrus Berry\n|move|p2a: Rotom|Overheat|p1a: Gyarados\n|-resisted|p1a: Gyarados\n|-damage|p1a: Gyarados|52\/100\n|-unboost|p2a: Rotom|spa|2\n|move|p1b: Amoonguss|Spore|p2a: Rotom\n|-status|p2a: Rotom|slp|[from] move: Spore\n|\n|upkeep\n|turn|5\n|\n|t:|1684083574\n|move|p2b: Flutter Mane|Moonblast|p1a: Gyarados\n|-damage|p1a: Gyarados|10\/100\n|cant|p2a: Rotom|slp\n|move|p1a: Gyarados|Waterfall|p2b: Flutter Mane\n|-damage|p2b: Flutter Mane|0 fnt\n|faint|p2b: Flutter Mane\n|-end|p2b: Flutter Mane|Protosynthesis|[silent]\n|move|p1b: Amoonguss|Pollen Puff|p1a: Gyarados\n|-heal|p1a: Gyarados|60\/100\n|\n|upkeep\n|\n|t:|1684083589\n|switch|p2b: Scizor|Scizor, L50, F|100\/100\n|turn|6\n|\n|t:|1684083600\n|-curestatus|p2a: Rotom|slp|[msg]\n|move|p2a: Rotom|Thunderbolt|p1b: Amoonguss\n|-resisted|p1b: Amoonguss\n|-crit|p1b: Amoonguss\n|-damage|p1b: Amoonguss|28\/100\n|move|p2b: Scizor|Pounce|p1b: Amoonguss\n|-damage|p1b: Amoonguss|0 fnt\n|faint|p1b: Amoonguss\n|move|p1a: Gyarados|Waterfall|p2a: Rotom\n|-supereffective|p2a: Rotom\n|-damage|p2a: Rotom|0 fnt\n|faint|p2a: Rotom\n|\n|upkeep\n|\n|t:|1684083610\n|switch|p2a: Tauros|Tauros-Paldea-Aqua, L50, M, tera:Grass|100\/100\n|switch|p1b: Great Tusk|Great Tusk, L50, tera:Ground|18\/100\n|-ability|p2a: Tauros|Intimidate|boost\n|-unboost|p1a: Gyarados|atk|1\n|-unboost|p1b: Great Tusk|atk|1\n|turn|7\n|\n|t:|1684083634\n|move|p2a: Tauros|Aqua Jet|p1b: Great Tusk\n|-supereffective|p1b: Great Tusk\n|-damage|p1b: Great Tusk|0 fnt\n|faint|p1b: Great Tusk\n|-end|p1b: Great Tusk|Protosynthesis|[silent]\n|move|p2b: Scizor|Pounce|p1a: Gyarados\n|-resisted|p1a: Gyarados\n|-damage|p1a: Gyarados|43\/100\n|-unboost|p1a: Gyarados|spe|1\n|move|p1a: Gyarados|Thunder Wave|p2a: Tauros\n|-status|p2a: Tauros|par\n|\n|upkeep\n|turn|8\n|\n|t:|1684083644\n|move|p2b: Scizor|Pounce|p1a: Gyarados\n|-resisted|p1a: Gyarados\n|-damage|p1a: Gyarados|26\/100\n|-unboost|p1a: Gyarados|spe|1\n|move|p2a: Tauros|Trailblaze|p1a: Gyarados\n|-damage|p1a: Gyarados|0 fnt\n|-boost|p2a: Tauros|spe|1\n|faint|p1a: Gyarados\n|\n|win|Yeetawheat\n|c|\u2606Yeetawheat|gg g2!\n|c|\u2606Beru98|Gg\n|l|\u2606Beru98\n","uploadtime":1684084055,"views":13,"p1id":"beru98","p2id":"yeetawheat","formatid":"gen9vgc2023regulationc","rating":0,"private":0,"password":""}