{"id":"gen9vgc2023regulationc-1852369840","p1":"akahyden","p2":"b(R)2","format":"[Gen 9] VGC 2023 Regulation C","log":"|j|\u2606akahyden\n|j|\u2606b(R)2\n|t:|1682549237\n|gametype|doubles\n|player|p1|akahyden|1|1261\n|player|p2|b(R)2|266|1190\n|teamsize|p1|6\n|teamsize|p2|6\n|gen|9\n|tier|[Gen 9] VGC 2023 Regulation C\n|rated|\n|rule|Species Clause: Limit one of each Pok\u00e9mon\n|rule|Item Clause: Limit one of each item\n|clearpoke\n|poke|p1|Roaring Moon, L50|\n|poke|p1|Iron Bundle, L50|\n|poke|p1|Maushold, L50|\n|poke|p1|Annihilape, L50, M|\n|poke|p1|Arcanine, L50, M|\n|poke|p1|Flutter Mane, L50|\n|poke|p2|Ting-Lu, L50|\n|poke|p2|Amoonguss, L50, F|\n|poke|p2|Garganacl, L50, F|\n|poke|p2|Arcanine, L50, M|\n|poke|p2|Roaring Moon, L50|\n|poke|p2|Iron Bundle, L50|\n|teampreview|4\nb(R)2 has agreed to open team sheets.\nakahyden has agreed to open team sheets.\n|\n|t:|1682549319\n|start\n|switch|p1a: Roaring Moon|Roaring Moon, L50|100\/100\n|switch|p1b: Arcanine|Arcanine, L50, M|100\/100\n|switch|p2a: Garganacl|Garganacl, L50, F|100\/100\n|switch|p2b: Ting-Lu|Ting-Lu, L50|100\/100\n|-ability|p1b: Arcanine|Intimidate|boost\n|-unboost|p2a: Garganacl|atk|1\n|-unboost|p2b: Ting-Lu|atk|1\n|-ability|p2b: Ting-Lu|Vessel of Ruin\n|-enditem|p1a: Roaring Moon|Booster Energy\n|-activate|p1a: Roaring Moon|ability: Protosynthesis|[fromitem]\n|-start|p1a: Roaring Moon|protosynthesisatk\n|turn|1\n|\n|t:|1682549355\n|switch|p1b: Annihilape|Annihilape, L50, M|100\/100\n|switch|p2b: Arcanine|Arcanine, L50, M|100\/100\n|-ability|p2b: Arcanine|Intimidate|boost\n|-unboost|p1a: Roaring Moon|atk|1\n|-unboost|p1b: Annihilape|atk|1\n|-ability|p1b: Annihilape|Defiant|boost\n|-boost|p1b: Annihilape|atk|2\n|move|p1a: Roaring Moon|Throat Chop|p2a: Garganacl\n|-damage|p2a: Garganacl|74\/100\n|-start|p2a: Garganacl|Throat Chop|[silent]\n|move|p2a: Garganacl|Salt Cure|p1a: Roaring Moon\n|-damage|p1a: Roaring Moon|89\/100\n|-start|p1a: Roaring Moon|Salt Cure\n|\n|-heal|p2a: Garganacl|80\/100|[from] item: Leftovers\n|-damage|p1a: Roaring Moon|77\/100|[from] Salt Cure\n|upkeep\n|turn|2\n|\n|t:|1682549407\n|-end|p1a: Roaring Moon|Protosynthesis|[silent]\n|switch|p1a: Arcanine|Arcanine, L50, M|100\/100\n|-ability|p1a: Arcanine|Intimidate|boost\n|-unboost|p2a: Garganacl|atk|1\n|-unboost|p2b: Arcanine|atk|1\n|move|p2b: Arcanine|Protect|p2b: Arcanine\n|-singleturn|p2b: Arcanine|Protect\n|move|p1b: Annihilape|Bulk Up|p1b: Annihilape\n|-boost|p1b: Annihilape|atk|1\n|-boost|p1b: Annihilape|def|1\n|move|p2a: Garganacl|Stealth Rock|p1a: Arcanine\n|-sidestart|p1: akahyden|move: Stealth Rock\n|\n|-heal|p2a: Garganacl|86\/100|[from] item: Leftovers\n|-end|p2a: Garganacl|Throat Chop|[silent]\n|upkeep\n|turn|3\n|\n|t:|1682549432\n|move|p1b: Annihilape|Drain Punch|p2a: Garganacl\n|-supereffective|p2a: Garganacl\n|-damage|p2a: Garganacl|0 fnt\n|faint|p2a: Garganacl\n|move|p2b: Arcanine|Will-O-Wisp|p1b: Annihilape\n|-status|p1b: Annihilape|brn\n|move|p1a: Arcanine|Flare Blitz|p2b: Arcanine\n|-resisted|p2b: Arcanine\n|-damage|p2b: Arcanine|71\/100\n|-damage|p1a: Arcanine|89\/100|[from] Recoil\n|\n|-damage|p1b: Annihilape|94\/100 brn|[from] brn\n|upkeep\n|\n|t:|1682549447\n|switch|p2a: Ting-Lu|Ting-Lu, L50|100\/100\n|-ability|p2a: Ting-Lu|Vessel of Ruin\n|turn|4\n|\n|t:|1682549470\n|-terastallize|p2a: Ting-Lu|Poison\n|move|p2b: Arcanine|Protect|p2b: Arcanine\n|-singleturn|p2b: Arcanine|Protect\n|move|p1b: Annihilape|Drain Punch|p2a: Ting-Lu\n|-resisted|p2a: Ting-Lu\n|-damage|p2a: Ting-Lu|91\/100\n|-heal|p1b: Annihilape|100\/100 brn|[from] drain|[of] p2a: Ting-Lu\n|move|p1a: Arcanine|Play Rough|p2a: Ting-Lu\n|-resisted|p2a: Ting-Lu\n|-damage|p2a: Ting-Lu|82\/100\n|move|p2a: Ting-Lu|Stomping Tantrum|p1a: Arcanine\n|-supereffective|p1a: Arcanine\n|-damage|p1a: Arcanine|22\/100\n|\n|-damage|p1b: Annihilape|94\/100 brn|[from] brn\n|upkeep\n|turn|5\n|\n|t:|1682549505\n|move|p2b: Arcanine|Extreme Speed|p1a: Arcanine\n|-damage|p1a: Arcanine|5\/100\n|move|p1b: Annihilape|Bulk Up|p1b: Annihilape\n|-boost|p1b: Annihilape|atk|1\n|-boost|p1b: Annihilape|def|1\n|move|p1a: Arcanine|Flare Blitz|p2a: Ting-Lu\n|-damage|p2a: Ting-Lu|48\/100\n|-damage|p1a: Arcanine|0 fnt|[from] Recoil\n|faint|p1a: Arcanine\n|move|p2a: Ting-Lu|Sand Tomb|p1b: Annihilape\n|-damage|p1b: Annihilape|84\/100 brn\n|-activate|p1b: Annihilape|move: Sand Tomb|[of] p2a: Ting-Lu\n|\n|-heal|p1b: Annihilape|90\/100 brn|[from] item: Leftovers\n|-damage|p1b: Annihilape|84\/100 brn|[from] brn\n|-damage|p1b: Annihilape|71\/100 brn|[from] move: Sand Tomb|[partiallytrapped]\n|upkeep\n|\n|t:|1682549539\n|switch|p1a: Roaring Moon|Roaring Moon, L50|77\/100\n|-damage|p1a: Roaring Moon|65\/100|[from] Stealth Rock\n|turn|6\n|\n|t:|1682549568\n|switch|p2b: Amoonguss|Amoonguss, L50, F|100\/100\n|-terastallize|p1a: Roaring Moon|Flying\n|move|p1a: Roaring Moon|Acrobatics|p2a: Ting-Lu\n|-damage|p2a: Ting-Lu|15\/100\n|move|p1b: Annihilape|Rage Fist|p2a: Ting-Lu\n|-damage|p2a: Ting-Lu|0 fnt\n|faint|p2a: Ting-Lu\n|\n|-heal|p1b: Annihilape|77\/100 brn|[from] item: Leftovers\n|-damage|p1b: Annihilape|71\/100 brn|[from] brn\n|-end|p1b: Annihilape|Sand Tomb|[partiallytrapped]|[silent]\n|upkeep\n|\n|t:|1682549579\n|switch|p2a: Arcanine|Arcanine, L50, M|71\/100\n|-ability|p2a: Arcanine|Intimidate|boost\n|-unboost|p1a: Roaring Moon|atk|1\n|-unboost|p1b: Annihilape|atk|1\n|-ability|p1b: Annihilape|Defiant|boost\n|-boost|p1b: Annihilape|atk|2\n|turn|7\n|\n|t:|1682549637\n|move|p1a: Roaring Moon|Protect|p1a: Roaring Moon\n|-singleturn|p1a: Roaring Moon|Protect\n|move|p2b: Amoonguss|Protect|p2b: Amoonguss\n|-singleturn|p2b: Amoonguss|Protect\n|move|p1b: Annihilape|Drain Punch|p2a: Arcanine\n|-damage|p2a: Arcanine|22\/100\n|-heal|p1b: Annihilape|95\/100 brn|[from] drain|[of] p2a: Arcanine\n|-enditem|p2a: Arcanine|Iapapa Berry|[eat]\n|-heal|p2a: Arcanine|55\/100|[from] item: Iapapa Berry\n|move|p2a: Arcanine|Will-O-Wisp|p1a: Roaring Moon\n|-activate|p1a: Roaring Moon|move: Protect\n|\n|-heal|p1b: Annihilape|100\/100 brn|[from] item: Leftovers\n|-damage|p1b: Annihilape|94\/100 brn|[from] brn\n|upkeep\n|turn|8\n|\n|t:|1682549681\n|move|p1a: Roaring Moon|Acrobatics|p2b: Amoonguss\n|-supereffective|p2b: Amoonguss\n|-damage|p2b: Amoonguss|34\/100\n|-enditem|p2b: Amoonguss|Sitrus Berry|[eat]\n|-heal|p2b: Amoonguss|59\/100|[from] item: Sitrus Berry\n|move|p1b: Annihilape|Rage Fist|p2b: Amoonguss\n|-damage|p2b: Amoonguss|11\/100\n|move|p2a: Arcanine|Will-O-Wisp|p1a: Roaring Moon\n|-status|p1a: Roaring Moon|brn\n|move|p2b: Amoonguss|Spore||[still]\n|-fail|p2b: Amoonguss\n|\n|-heal|p1b: Annihilape|100\/100 brn|[from] item: Leftovers\n|-damage|p1a: Roaring Moon|59\/100 brn|[from] brn\n|-damage|p1b: Annihilape|94\/100 brn|[from] brn\n|upkeep\n|turn|9\n|\n|t:|1682549714\n|move|p1a: Roaring Moon|Acrobatics|p2b: Amoonguss\n|-supereffective|p2b: Amoonguss\n|-damage|p2b: Amoonguss|0 fnt\n|faint|p2b: Amoonguss\n|move|p1b: Annihilape|Rage Fist|p2a: Arcanine\n|-damage|p2a: Arcanine|0 fnt\n|faint|p2a: Arcanine\n|\n|win|akahyden\n|raw|akahyden's rating: 1261 → 1281<\/strong> (+20 for winning)\n|raw|b(R)2's rating: 1190 → 1170<\/strong> (-20 for losing)\n","uploadtime":1682549718,"views":27,"p1id":"akahyden","p2id":"br2","formatid":"gen9vgc2023regulationc","rating":1170,"private":0,"password":""}