{"id":"gen9vgc2023regulationc-1860969260","p1":"D-scNSe","p2":"LegendBtw","format":"[Gen 9] VGC 2023 Regulation C","log":"|j|\u2606D-scNSe\n|j|\u2606LegendBtw\n|t:|1683705344\n|gametype|doubles\n|player|p1|D-scNSe|169|1268\n|player|p2|LegendBtw|red-gen1|1213\n|teamsize|p1|6\n|teamsize|p2|6\n|gen|9\n|tier|[Gen 9] VGC 2023 Regulation C\n|rated|\n|rule|Species Clause: Limit one of each Pok\u00e9mon\n|rule|Item Clause: Limit one of each item\n|clearpoke\n|poke|p1|Flutter Mane, L50|\n|poke|p1|Ting-Lu, L50|\n|poke|p1|Maushold-Four, L50|\n|poke|p1|Annihilape, L50, F|\n|poke|p1|Iron Bundle, L50|\n|poke|p1|Arcanine, L50, M|\n|poke|p2|Tyranitar, L50, M|\n|poke|p2|Lycanroc, L50, M|\n|poke|p2|Dondozo, L50, F|\n|poke|p2|Tatsugiri, L50, F|\n|poke|p2|Armarouge, L50, F|\n|poke|p2|Indeedee-F, L50, F|\n|teampreview|4\n|inactive|Battle timer is ON: inactive players will automatically lose when time's up. (requested by LegendBtw)\n|inactive|D-scNSe has 60 seconds left.\n|\n|t:|1683705423\n|start\n|switch|p1a: Annihilape|Annihilape, L50, F|100\/100\n|switch|p1b: Arcanine|Arcanine, L50, M|100\/100\n|switch|p2a: Armarouge|Armarouge, L50, F|100\/100\n|switch|p2b: Indeedee|Indeedee-F, L50, F, shiny|100\/100\n|-ability|p1b: Arcanine|Intimidate|boost\n|-unboost|p2a: Armarouge|atk|1\n|-unboost|p2b: Indeedee|atk|1\n|-fieldstart|move: Psychic Terrain|[from] ability: Psychic Surge|[of] p2b: Indeedee\n|-enditem|p2b: Indeedee|Psychic Seed\n|-boost|p2b: Indeedee|spd|1|[from] item: Psychic Seed\n|turn|1\n|\n|t:|1683705440\n|switch|p1a: Ting-Lu|Ting-Lu, L50|100\/100\n|-ability|p1a: Ting-Lu|Vessel of Ruin\n|move|p2b: Indeedee|Follow Me|p2b: Indeedee\n|-singleturn|p2b: Indeedee|move: Follow Me\n|move|p1b: Arcanine|Snarl|p2a: Armarouge|[spread] p2a,p2b\n|-supereffective|p2a: Armarouge\n|-supereffective|p2b: Indeedee\n|-damage|p2a: Armarouge|86\/100\n|-damage|p2b: Indeedee|94\/100\n|-unboost|p2a: Armarouge|spa|1\n|-unboost|p2b: Indeedee|spa|1\n|move|p2a: Armarouge|Trick Room|p2a: Armarouge\n|-fieldstart|move: Trick Room|[of] p2a: Armarouge\n|\n|upkeep\n|turn|2\n|inactive|D-scNSe has 30 seconds left.\n|\n|t:|1683705467\n|move|p2b: Indeedee|Helping Hand|p2a: Armarouge\n|-singleturn|p2a: Armarouge|Helping Hand|[of] p2b: Indeedee\n|move|p1a: Ting-Lu|Ruination|p2b: Indeedee\n|-damage|p2b: Indeedee|47\/100\n|move|p2a: Armarouge|Expanding Force|p1b: Arcanine|[spread] p1b\n|-immune|p1a: Ting-Lu\n|-damage|p1b: Arcanine|36\/100\n|-enditem|p1b: Arcanine|Sitrus Berry|[eat]\n|-heal|p1b: Arcanine|61\/100|[from] item: Sitrus Berry\n|-damage|p2a: Armarouge|76\/100|[from] item: Life Orb\n|move|p1b: Arcanine|Snarl|p2b: Indeedee|[spread] p2a,p2b\n|-supereffective|p2a: Armarouge\n|-crit|p2a: Armarouge\n|-supereffective|p2b: Indeedee\n|-damage|p2a: Armarouge|55\/100\n|-damage|p2b: Indeedee|41\/100\n|-unboost|p2a: Armarouge|spa|1\n|-unboost|p2b: Indeedee|spa|1\n|\n|upkeep\n|turn|3\n|inactive|D-scNSe has 30 seconds left.\n|\n|t:|1683705494\n|switch|p2a: Dondozo|Dondozo, L50, F|100\/100\n|switch|p2b: Tatsugiri|Tatsugiri, L50, F|100\/100\n|-activate|p2b: Tatsugiri|ability: Commander|[of] p2a: Dondozo\n|-boost|p2a: Dondozo|atk|2\n|-boost|p2a: Dondozo|spa|2\n|-boost|p2a: Dondozo|spe|2\n|-boost|p2a: Dondozo|def|2\n|-boost|p2a: Dondozo|spd|2\n|move|p1a: Ting-Lu|Stomping Tantrum|p2a: Dondozo\n|-damage|p2a: Dondozo|92\/100\n|move|p1b: Arcanine|Snarl|p2a: Dondozo|[spread] p2a\n|-miss|p1b: Arcanine|p2b: Tatsugiri\n|-damage|p2a: Dondozo|88\/100\n|-unboost|p2a: Dondozo|spa|1\n|\n|-heal|p2a: Dondozo|95\/100|[from] item: Leftovers\n|upkeep\n|turn|4\n|inactive|D-scNSe has 30 seconds left.\n|inactive|LegendBtw has 30 seconds left.\n|\n|t:|1683705537\n|move|p1b: Arcanine|Protect|p1b: Arcanine\n|-singleturn|p1b: Arcanine|Protect\n|move|p1a: Ting-Lu|Ruination|p2a: Dondozo\n|-damage|p2a: Dondozo|48\/100\n|move|p2a: Dondozo|Earthquake|p1a: Ting-Lu|[spread] p1a\n|-miss|p2a: Dondozo|p2b: Tatsugiri\n|-activate|p1b: Arcanine|move: Protect\n|-damage|p1a: Ting-Lu|84\/100\n|\n|-heal|p2a: Dondozo|54\/100|[from] item: Leftovers\n|upkeep\n|turn|5\n|\n|t:|1683705554\n|-terastallize|p1b: Arcanine|Grass\n|move|p1a: Ting-Lu|Ruination|p2a: Dondozo\n|-damage|p2a: Dondozo|27\/100\n|move|p2a: Dondozo|Earthquake|p1b: Arcanine|[spread] p1a,p1b\n|-miss|p2a: Dondozo|p2b: Tatsugiri\n|-resisted|p1b: Arcanine\n|-damage|p1a: Ting-Lu|67\/100\n|-damage|p1b: Arcanine|45\/100\n|move|p1b: Arcanine|Will-O-Wisp|p2a: Dondozo|[miss]\n|-miss|p1b: Arcanine|p2a: Dondozo\n|\n|-heal|p2a: Dondozo|34\/100|[from] item: Leftovers\n|-fieldend|move: Trick Room\n|-fieldend|move: Psychic Terrain\n|upkeep\n|turn|6\n|\n|t:|1683705574\n|move|p1b: Arcanine|Will-O-Wisp|p2a: Dondozo\n|-status|p2a: Dondozo|brn\n|move|p2a: Dondozo|Wave Crash|p1a: Ting-Lu\n|-supereffective|p1a: Ting-Lu\n|-damage|p1a: Ting-Lu|24\/100\n|-damage|p2a: Dondozo|19\/100 brn|[from] Recoil\n|move|p1a: Ting-Lu|Stomping Tantrum|p2a: Dondozo\n|-damage|p2a: Dondozo|11\/100 brn\n|\n|-heal|p2a: Dondozo|17\/100 brn|[from] item: Leftovers\n|-damage|p2a: Dondozo|11\/100 brn|[from] brn\n|upkeep\n|turn|7\n|inactive|D-scNSe has 30 seconds left.\n|inactive|D-scNSe has 20 seconds left.\n|inactive|D-scNSe has 15 seconds left.\n|\n|t:|1683705617\n|switch|p1a: Iron Bundle|Iron Bundle, L50|100\/100\n|move|p1b: Arcanine|Flare Blitz|p2a: Dondozo\n|-resisted|p2a: Dondozo\n|-damage|p2a: Dondozo|4\/100 brn\n|-damage|p1b: Arcanine|42\/100|[from] Recoil\n|move|p2a: Dondozo|Wave Crash|p1a: Iron Bundle\n|-resisted|p1a: Iron Bundle\n|-damage|p1a: Iron Bundle|75\/100\n|-damage|p2a: Dondozo|0 fnt|[from] Recoil\n|faint|p2a: Dondozo\n|\n|upkeep\n|\n|t:|1683705624\n|switch|p2a: Indeedee|Indeedee-F, L50, F, shiny|41\/100\n|-fieldstart|move: Psychic Terrain|[from] ability: Psychic Surge|[of] p2a: Indeedee\n|turn|8\n|\n|t:|1683705643\n|move|p2b: Tatsugiri|Icy Wind|p1a: Iron Bundle|[spread] p1a,p1b\n|-resisted|p1a: Iron Bundle\n|-supereffective|p1b: Arcanine\n|-damage|p1a: Iron Bundle|69\/100\n|-damage|p1b: Arcanine|15\/100\n|-unboost|p1a: Iron Bundle|spe|1\n|-unboost|p1b: Arcanine|spe|1\n|move|p1a: Iron Bundle|Freeze-Dry|p2b: Tatsugiri\n|-supereffective|p2b: Tatsugiri\n|-damage|p2b: Tatsugiri|0 fnt\n|faint|p2b: Tatsugiri\n|move|p1b: Arcanine|Flare Blitz|p2a: Indeedee\n|-damage|p2a: Indeedee|0 fnt\n|faint|p2a: Indeedee\n|-damage|p1b: Arcanine|3\/100|[from] Recoil\n|\n|upkeep\n|\n|t:|1683705647\n|switch|p2b: Armarouge|Armarouge, L50, F|55\/100\n|turn|9\n|\n|t:|1683705667\n|-terastallize|p2b: Armarouge|Grass\n|move|p1a: Iron Bundle|Protect|p1a: Iron Bundle\n|-singleturn|p1a: Iron Bundle|Protect\n|move|p1b: Arcanine|Snarl|p2b: Armarouge\n|-damage|p2b: Armarouge|41\/100\n|-unboost|p2b: Armarouge|spa|1\n|move|p2b: Armarouge|Expanding Force|p1a: Iron Bundle|[spread] p1b\n|-activate|p1a: Iron Bundle|move: Protect\n|-damage|p1b: Arcanine|0 fnt\n|faint|p1b: Arcanine\n|-damage|p2b: Armarouge|31\/100|[from] item: Life Orb\n|\n|upkeep\n|\n|t:|1683705682\n|switch|p1b: Ting-Lu|Ting-Lu, L50|24\/100\n|-ability|p1b: Ting-Lu|Vessel of Ruin\n|turn|10\n|\n|t:|1683705692\n|move|p1a: Iron Bundle|Freeze-Dry|p2b: Armarouge\n|-supereffective|p2b: Armarouge\n|-damage|p2b: Armarouge|0 fnt\n|faint|p2b: Armarouge\n|\n|win|D-scNSe\n|raw|D-scNSe's rating: 1268 → 1289<\/strong> (+21 for winning)\n|raw|LegendBtw's rating: 1213 → 1192<\/strong> (-21 for losing)\n","uploadtime":1683705695,"views":18,"p1id":"dscnse","p2id":"legendbtw","formatid":"gen9vgc2023regulationc","rating":1192,"private":0,"password":""}