{"id":"gen9vgc2023regulationc-1857750190","p1":"Crest of Thunders","p2":"Feng75","format":"[Gen 9] VGC 2023 Regulation C","log":"|j|\u2606Crest of Thunders\n|j|\u2606Feng75\n|t:|1683228184\n|gametype|doubles\n|player|p1|Crest of Thunders|barry|1433\n|player|p2|Feng75|pilot|1350\n|teamsize|p1|6\n|teamsize|p2|6\n|gen|9\n|tier|[Gen 9] VGC 2023 Regulation C\n|rated|\n|rule|Species Clause: Limit one of each Pok\u00e9mon\n|rule|Item Clause: Limit one of each item\n|clearpoke\n|poke|p1|Iron Hands, L50|\n|poke|p1|Arcanine, L50, M|\n|poke|p1|Ting-Lu, L50|\n|poke|p1|Flutter Mane, L50|\n|poke|p1|Iron Bundle, L50|\n|poke|p1|Amoonguss, L50, F|\n|poke|p2|Hippowdon, L50, F|\n|poke|p2|Garganacl, L50, M|\n|poke|p2|Glimmora, L50, F|\n|poke|p2|Chi-Yu, L50|\n|poke|p2|Iron Bundle, L50|\n|poke|p2|Gholdengo, L50|\n|teampreview|4\n|inactive|Battle timer is ON: inactive players will automatically lose when time's up. (requested by Feng75)\n|c|\u2606Crest of Thunders|glhf\nCrest of Thunders has agreed to open team sheets.\n|c|\u2606Feng75|u2\n|inactive|Crest of Thunders has 60 seconds left.\n|inactive|Feng75 has 60 seconds left.\nFeng75 rejected open team sheets.\n|\n|t:|1683228231\n|start\n|switch|p1a: Claude|Ting-Lu, L50|100\/100\n|switch|p1b: Gravestone|Flutter Mane, L50, shiny|100\/100\n|switch|p2a: Chi-Yu|Chi-Yu, L50|100\/100\n|switch|p2b: Glimmora|Glimmora, L50, F|100\/100\n|-ability|p2a: Chi-Yu|Beads of Ruin\n|-ability|p1a: Claude|Vessel of Ruin\n|turn|1\n|\n|t:|1683228250\n|-terastallize|p2b: Glimmora|Grass\n|move|p1b: Gravestone|Protect|p1b: Gravestone\n|-singleturn|p1b: Gravestone|Protect\n|move|p2a: Chi-Yu|Protect|p2a: Chi-Yu\n|-singleturn|p2a: Chi-Yu|Protect\n|move|p2b: Glimmora|Energy Ball|p1a: Claude\n|-supereffective|p1a: Claude\n|-damage|p1a: Claude|55\/100\n|move|p1a: Claude|Earthquake|p2b: Glimmora|[spread] p2b\n|-activate|p1b: Gravestone|move: Protect\n|-activate|p2a: Chi-Yu|move: Protect\n|-resisted|p2b: Glimmora\n|-damage|p2b: Glimmora|78\/100\n|-activate|p2b: Glimmora|ability: Toxic Debris\n|-sidestart|p1: Crest of Thunders|move: Toxic Spikes\n|\n|upkeep\n|turn|2\n|inactive|Feng75 has 30 seconds left.\n|\n|t:|1683228280\n|switch|p1a: Tigger|Arcanine, L50, M|100\/100\n|-status|p1a: Tigger|psn\n|-ability|p1a: Tigger|Intimidate|boost\n|-unboost|p2a: Chi-Yu|atk|1\n|-unboost|p2b: Glimmora|atk|1\n|-terastallize|p1b: Gravestone|Water\n|move|p1b: Gravestone|Moonblast|p2b: Glimmora\n|-damage|p2b: Glimmora|0 fnt\n|faint|p2b: Glimmora\n|-damage|p1b: Gravestone|91\/100|[from] item: Life Orb\n|move|p2a: Chi-Yu|Heat Wave|p1a: Tigger|[spread] p1a\n|-miss|p2a: Chi-Yu|p1b: Gravestone\n|-resisted|p1a: Tigger\n|-damage|p1a: Tigger|74\/100 psn\n|\n|-damage|p1a: Tigger|62\/100 psn|[from] psn\n|upkeep\n|\n|t:|1683228296\n|switch|p2b: Garganacl|Garganacl, L50, M|100\/100\n|turn|3\n|\n|t:|1683228313\n|move|p1b: Gravestone|Protect|p1b: Gravestone\n|-singleturn|p1b: Gravestone|Protect\n|move|p2a: Chi-Yu|Protect|p2a: Chi-Yu\n|-singleturn|p2a: Chi-Yu|Protect\n|move|p1a: Tigger|Extreme Speed|p2a: Chi-Yu\n|-activate|p2a: Chi-Yu|move: Protect\n|move|p2b: Garganacl|Salt Cure|p1a: Tigger\n|-supereffective|p1a: Tigger\n|-damage|p1a: Tigger|31\/100 psn\n|-start|p1a: Tigger|Salt Cure\n|\n|-damage|p1a: Tigger|19\/100 psn|[from] psn\n|-damage|p1a: Tigger|7\/100 psn|[from] Salt Cure\n|upkeep\n|turn|4\n|\n|t:|1683228334\n|move|p1a: Tigger|Extreme Speed|p2a: Chi-Yu\n|-damage|p2a: Chi-Yu|75\/100\n|move|p1b: Gravestone|Moonblast|p2a: Chi-Yu\n|-crit|p2a: Chi-Yu\n|-damage|p2a: Chi-Yu|0 fnt\n|faint|p2a: Chi-Yu\n|-damage|p1b: Gravestone|81\/100|[from] item: Life Orb\n|move|p2b: Garganacl|Salt Cure|p1b: Gravestone\n|-damage|p1b: Gravestone|61\/100\n|-start|p1b: Gravestone|Salt Cure\n|\n|-damage|p1a: Tigger|0 fnt|[from] psn\n|faint|p1a: Tigger\n|-damage|p1b: Gravestone|36\/100|[from] Salt Cure\n|upkeep\n|\n|t:|1683228347\n|switch|p1a: 5UM0|Iron Hands, L50|100\/100\n|switch|p2a: Iron Bundle|Iron Bundle, L50|100\/100\n|-status|p1a: 5UM0|psn\n|-enditem|p2a: Iron Bundle|Booster Energy\n|-activate|p2a: Iron Bundle|ability: Quark Drive|[fromitem]\n|-start|p2a: Iron Bundle|quarkdrivespe\n|turn|5\n|inactive|Crest of Thunders has 30 seconds left.\n|inactive|Feng75 has 30 seconds left.\n|inactive|Feng75 has 20 seconds left.\n|inactive|Feng75 has 15 seconds left.\n|\n|t:|1683228390\n|move|p2a: Iron Bundle|Encore||[still]\n|-fail|p2a: Iron Bundle\n|move|p1b: Gravestone|Moonblast|p2b: Garganacl\n|-damage|p2b: Garganacl|55\/100\n|-unboost|p2b: Garganacl|spa|1\n|-damage|p1b: Gravestone|26\/100|[from] item: Life Orb\n|move|p1a: 5UM0|Swords Dance|p1a: 5UM0\n|-boost|p1a: 5UM0|atk|2\n|move|p2b: Garganacl|Salt Cure|p1a: 5UM0\n|-resisted|p1a: 5UM0\n|-damage|p1a: 5UM0|96\/100 psn\n|-start|p1a: 5UM0|Salt Cure\n|\n|-heal|p2b: Garganacl|60\/100|[from] item: Leftovers\n|-damage|p1a: 5UM0|84\/100 psn|[from] psn\n|-damage|p1b: Gravestone|2\/100|[from] Salt Cure\n|-damage|p1a: 5UM0|72\/100 psn|[from] Salt Cure\n|upkeep\n|turn|6\n|inactive|Feng75 has 30 seconds left.\n|inactive|Feng75 has 20 seconds left.\n|inactive|Feng75 has 15 seconds left.\n|\n|t:|1683228435\n|-end|p1a: 5UM0|Quark Drive|[silent]\n|switch|p1a: Claude|Ting-Lu, L50|55\/100\n|-status|p1a: Claude|psn\n|-ability|p1a: Claude|Vessel of Ruin\n|move|p2a: Iron Bundle|Encore||[still]\n|-fail|p2a: Iron Bundle\n|move|p1b: Gravestone|Moonblast|p2a: Iron Bundle\n|-damage|p2a: Iron Bundle|23\/100\n|-damage|p1b: Gravestone|0 fnt|[from] item: Life Orb\n|faint|p1b: Gravestone\n|-end|p1b: Gravestone|Protosynthesis|[silent]\n|move|p2b: Garganacl|Recover|p2b: Garganacl\n|-heal|p2b: Garganacl|100\/100\n|\n|-damage|p1a: Claude|43\/100 psn|[from] psn\n|upkeep\n|\n|t:|1683228443\n|switch|p1b: 5UM0|Iron Hands, L50|72\/100 psn\n|turn|7\n|\n|t:|1683228468\n|move|p2b: Garganacl|Protect|p2b: Garganacl\n|-singleturn|p2b: Garganacl|Protect\n|move|p2a: Iron Bundle|Freeze-Dry|p1a: Claude\n|-supereffective|p1a: Claude\n|-damage|p1a: Claude|19\/100 psn\n|move|p1b: 5UM0|Drain Punch|p2a: Iron Bundle\n|-supereffective|p2a: Iron Bundle\n|-crit|p2a: Iron Bundle\n|-damage|p2a: Iron Bundle|0 fnt\n|-heal|p1b: 5UM0|79\/100 psn|[from] drain|[of] p2a: Iron Bundle\n|faint|p2a: Iron Bundle\n|-end|p2a: Iron Bundle|Quark Drive|[silent]\n|move|p1a: Claude|Sand Tomb|p2b: Garganacl\n|-activate|p2b: Garganacl|move: Protect\n|\n|-damage|p1b: 5UM0|67\/100 psn|[from] psn\n|-damage|p1a: Claude|6\/100 psn|[from] psn\n|upkeep\n|turn|8\n|\n|t:|1683228487\n|move|p1b: 5UM0|Swords Dance|p1b: 5UM0\n|-boost|p1b: 5UM0|atk|2\n|move|p1a: Claude|Sand Tomb|p2b: Garganacl\n|-supereffective|p2b: Garganacl\n|-damage|p2b: Garganacl|76\/100\n|-activate|p2b: Garganacl|move: Sand Tomb|[of] p1a: Claude\n|move|p2b: Garganacl|Salt Cure|p1b: 5UM0\n|-resisted|p1b: 5UM0\n|-damage|p1b: 5UM0|62\/100 psn\n|-start|p1b: 5UM0|Salt Cure\n|\n|-heal|p2b: Garganacl|82\/100|[from] item: Leftovers\n|-damage|p1b: 5UM0|50\/100 psn|[from] psn\n|-damage|p1a: Claude|0 fnt|[from] psn\n|faint|p1a: Claude\n|-damage|p1b: 5UM0|38\/100 psn|[from] Salt Cure\n|-end|p2b: Garganacl|Sand Tomb|[partiallytrapped]|[silent]\n|upkeep\n|-enditem|p1b: 5UM0|Sitrus Berry|[eat]\n|-heal|p1b: 5UM0|63\/100 psn|[from] item: Sitrus Berry\n|turn|9\n|\n|t:|1683228504\n|move|p2b: Garganacl|Protect|p2b: Garganacl\n|-singleturn|p2b: Garganacl|Protect\n|move|p1b: 5UM0|Drain Punch|p2b: Garganacl\n|-activate|p2b: Garganacl|move: Protect\n|\n|-heal|p2b: Garganacl|88\/100|[from] item: Leftovers\n|-damage|p1b: 5UM0|50\/100 psn|[from] psn\n|-damage|p1b: 5UM0|38\/100 psn|[from] Salt Cure\n|upkeep\n|turn|10\n|\n|t:|1683228522\n|move|p1b: 5UM0|Drain Punch|p2b: Garganacl\n|-supereffective|p2b: Garganacl\n|-damage|p2b: Garganacl|0 fnt\n|-heal|p1b: 5UM0|74\/100 psn|[from] drain|[of] p2b: Garganacl\n|faint|p2b: Garganacl\n|\n|win|Crest of Thunders\n|raw|Crest of Thunders's rating: 1433 → 1448<\/strong> (+15 for winning)\n|raw|Feng75's rating: 1350 → 1335<\/strong> (-15 for losing)\n|c|\u2606Crest of Thunders|gg\n|c|\u2606Feng75|wp\n|l|\u2606Feng75\n","uploadtime":1683228550,"views":9,"p1id":"crestofthunders","p2id":"feng75","formatid":"gen9vgc2023regulationc","rating":1335,"private":0,"password":""}