{"id":"gen9vgc2023regulationc-1854540497","p1":"Bambambi","p2":"BURANYA","format":"[Gen 9] VGC 2023 Regulation C","log":"|j|\u2606Bambambi\n|j|\u2606BURANYA\n|t:|1682824295\n|gametype|doubles\n|player|p1|Bambambi|wallace-gen6|1299\n|player|p2|BURANYA|alder|1235\n|teamsize|p1|6\n|teamsize|p2|6\n|gen|9\n|tier|[Gen 9] VGC 2023 Regulation C\n|rated|\n|rule|Species Clause: Limit one of each Pok\u00e9mon\n|rule|Item Clause: Limit one of each item\n|clearpoke\n|poke|p1|Flutter Mane, L50|\n|poke|p1|Gothitelle, L50, F|\n|poke|p1|Scream Tail, L50|\n|poke|p1|Chi-Yu, L50|\n|poke|p1|Amoonguss, L50, F|\n|poke|p1|Palafin, L50, F|\n|poke|p2|Slither Wing, L50|\n|poke|p2|Arcanine, L50, M|\n|poke|p2|Amoonguss, L50, M|\n|poke|p2|Corviknight, L50, F|\n|poke|p2|Iron Bundle, L50|\n|poke|p2|Flutter Mane, L50|\n|teampreview|4\n|inactive|Battle timer is ON: inactive players will automatically lose when time's up. (requested by Bambambi)\n|\n|t:|1682824326\n|start\n|switch|p1a: Pearls|Flutter Mane, L50|100\/100\n|switch|p1b: Palafin|Palafin, L50, F|100\/100\n|switch|p2a: Flutter Mane|Flutter Mane, L50|100\/100\n|switch|p2b: Iron Bundle|Iron Bundle, L50|100\/100\n|-enditem|p2b: Iron Bundle|Booster Energy\n|-activate|p2b: Iron Bundle|ability: Quark Drive|[fromitem]\n|-start|p2b: Iron Bundle|quarkdrivespe\n|turn|1\n|\n|t:|1682824341\n|move|p1a: Pearls|Protect|p1a: Pearls\n|-singleturn|p1a: Pearls|Protect\n|move|p1b: Palafin|Protect|p1b: Palafin\n|-singleturn|p1b: Palafin|Protect\n|move|p2b: Iron Bundle|Icy Wind|p1b: Palafin|[spread] \n|-activate|p1a: Pearls|move: Protect\n|-activate|p1b: Palafin|move: Protect\n|move|p2a: Flutter Mane|Shadow Ball|p1a: Pearls\n|-activate|p1a: Pearls|move: Protect\n|\n|upkeep\n|turn|2\n|\n|t:|1682824357\n|move|p2b: Iron Bundle|Freeze-Dry|p1b: Palafin\n|-supereffective|p1b: Palafin\n|-damage|p1b: Palafin|11\/100\n|move|p2a: Flutter Mane|Imprison|p2a: Flutter Mane\n|-start|p2a: Flutter Mane|move: Imprison\n|move|p1a: Pearls|Dazzling Gleam|p2a: Flutter Mane|[spread] p2a,p2b\n|-damage|p2a: Flutter Mane|65\/100\n|-damage|p2b: Iron Bundle|29\/100\n|move|p1b: Palafin|Close Combat|p2b: Iron Bundle\n|-supereffective|p2b: Iron Bundle\n|-damage|p2b: Iron Bundle|0 fnt\n|-unboost|p1b: Palafin|def|1\n|-unboost|p1b: Palafin|spd|1\n|faint|p2b: Iron Bundle\n|-end|p2b: Iron Bundle|Quark Drive|[silent]\n|\n|upkeep\n|\n|t:|1682824367\n|switch|p2b: Corviknight|Corviknight, L50, F, shiny|100\/100\n|turn|3\n|\n|t:|1682824382\n|-terastallize|p1b: Palafin|Water\n|move|p1a: Pearls|Protect|p1a: Pearls\n|-singleturn|p1a: Pearls|Protect\n|move|p1b: Palafin|Jet Punch|p2a: Flutter Mane\n|-damage|p2a: Flutter Mane|0 fnt\n|faint|p2a: Flutter Mane\n|-end|p2a: Flutter Mane|Protosynthesis|[silent]\n|move|p2b: Corviknight|Tailwind|p2b: Corviknight\n|-sidestart|p2: BURANYA|move: Tailwind\n|\n|upkeep\n|\n|t:|1682824387\n|switch|p2a: Amoonguss|Amoonguss, L50, M|100\/100\n|turn|4\n|\n|t:|1682824393\n|move|p1b: Palafin|Protect|p1b: Palafin\n|-singleturn|p1b: Palafin|Protect\n|move|p2b: Corviknight|Brave Bird|p1b: Palafin\n|-activate|p1b: Palafin|move: Protect\n|move|p1a: Pearls|Perish Song|p1a: Pearls\n|-start|p1a: Pearls|perish3|[silent]\n|-start|p1b: Palafin|perish3|[silent]\n|-start|p2a: Amoonguss|perish3|[silent]\n|-start|p2b: Corviknight|perish3|[silent]\n|-fieldactivate|move: Perish Song\n|move|p2a: Amoonguss|Spore|p1a: Pearls\n|-status|p1a: Pearls|slp|[from] move: Spore\n|\n|-start|p2b: Corviknight|perish3\n|-start|p1a: Pearls|perish3\n|-start|p1b: Palafin|perish3\n|-start|p2a: Amoonguss|perish3\n|upkeep\n|turn|5\n|-message|BURANYA forfeited.\n|\n|win|Bambambi\n|raw|Bambambi's rating: 1299 → 1319<\/strong> (+20 for winning)\n|raw|BURANYA's rating: 1235 → 1215<\/strong> (-20 for losing)\n|l|\u2606BURANYA\n","uploadtime":1682824411,"views":14,"p1id":"bambambi","p2id":"buranya","formatid":"gen9vgc2023regulationc","rating":1215,"private":0,"password":""}