{"id":"gen9vgc2023regulationc-1850975868","p1":"TheMismatcher","p2":"squishheh","format":"[Gen 9] VGC 2023 Regulation C","log":"|j|\u2606TheMismatcher\n|j|\u2606squishheh\n|t:|1682389127\n|gametype|doubles\n|player|p1|TheMismatcher|benga|1301\n|player|p2|squishheh|1|1322\n|teamsize|p1|6\n|teamsize|p2|6\n|gen|9\n|tier|[Gen 9] VGC 2023 Regulation C\n|rated|\n|rule|Species Clause: Limit one of each Pok\u00e9mon\n|rule|Item Clause: Limit one of each item\n|clearpoke\n|poke|p1|Dragonite, L50, F|\n|poke|p1|Chien-Pao, L50|\n|poke|p1|Dragapult, L50, M|\n|poke|p1|Amoonguss, L50, M|\n|poke|p1|Arcanine, L50, F|\n|poke|p1|Flutter Mane, L50|\n|poke|p2|Grimmsnarl, L50, M|\n|poke|p2|Arcanine, L50, F|\n|poke|p2|Iron Hands, L50|\n|poke|p2|Gastrodon-East, L50, F|\n|poke|p2|Sylveon, L50, M|\n|poke|p2|Corviknight, L50, F|\n|teampreview|4\nTheMismatcher has agreed to open team sheets.\n|inactive|Battle timer is ON: inactive players will automatically lose when time's up. (requested by squishheh)\n|\n|t:|1682389192\n|start\n|switch|p1a: Amoonguss|Amoonguss, L50, M|100\/100\n|switch|p1b: Flutter Mane|Flutter Mane, L50|100\/100\n|switch|p2a: grime|Grimmsnarl, L50, M|100\/100\n|switch|p2b: ambient|Sylveon, L50, M, shiny|100\/100\n|-enditem|p1b: Flutter Mane|Booster Energy\n|-activate|p1b: Flutter Mane|ability: Protosynthesis|[fromitem]\n|-start|p1b: Flutter Mane|protosynthesisspa\n|turn|1\n|\n|t:|1682389217\n|-terastallize|p1b: Flutter Mane|Fairy\n|-terastallize|p2b: ambient|Fire\n|move|p2a: grime|Misty Terrain|p2a: grime\n|-fieldstart|move: Misty Terrain\n|move|p1b: Flutter Mane|Dazzling Gleam|p2a: grime|[spread] p2a,p2b\n|-supereffective|p2a: grime\n|-resisted|p2b: ambient\n|-damage|p2a: grime|15\/100\n|-damage|p2b: ambient|81\/100\n|move|p2b: ambient|Tera Blast|p1a: Amoonguss\n|-supereffective|p1a: Amoonguss\n|-damage|p1a: Amoonguss|40\/100\n|-enditem|p1a: Amoonguss|Sitrus Berry|[eat]\n|-heal|p1a: Amoonguss|65\/100|[from] item: Sitrus Berry\n|move|p1a: Amoonguss|Pollen Puff|p1b: Flutter Mane\n|-immune|p1b: Flutter Mane\n|\n|upkeep\n|turn|2\n|inactive|squishheh has 30 seconds left.\n|inactive|squishheh has 20 seconds left.\n|inactive|TheMismatcher has 30 seconds left.\n|inactive|squishheh has 15 seconds left.\n|\n|t:|1682389262\n|switch|p1a: Arcanine|Arcanine, L50, F|100\/100\n|-ability|p1a: Arcanine|Intimidate|boost\n|-unboost|p2a: grime|atk|1\n|-unboost|p2b: ambient|atk|1\n|move|p2a: grime|Light Screen|p2a: grime\n|-sidestart|p2: squishheh|move: Light Screen\n|move|p1b: Flutter Mane|Dazzling Gleam|p2b: ambient|[spread] p2a,p2b\n|-supereffective|p2a: grime\n|-resisted|p2b: ambient\n|-damage|p2a: grime|0 fnt\n|-damage|p2b: ambient|67\/100\n|faint|p2a: grime\n|move|p2b: ambient|Hyper Voice|p1b: Flutter Mane|[spread] p1a,p1b\n|-resisted|p1a: Arcanine\n|-crit|p1a: Arcanine\n|-damage|p1a: Arcanine|67\/100\n|-damage|p1b: Flutter Mane|64\/100\n|-enditem|p2b: ambient|Throat Spray\n|-boost|p2b: ambient|spa|1|[from] item: Throat Spray\n|\n|upkeep\n|\n|t:|1682389286\n|switch|p2a: trap|Iron Hands, L50|100\/100\n|turn|3\n|inactive|TheMismatcher has 30 seconds left.\n|inactive|squishheh has 30 seconds left.\n|inactive|TheMismatcher has 20 seconds left.\n|inactive|TheMismatcher has 15 seconds left.\n|inactive|squishheh has 20 seconds left.\n|inactive|TheMismatcher has 10 seconds left.\n|\n|t:|1682389336\n|move|p1b: Flutter Mane|Protect|p1b: Flutter Mane\n|-singleturn|p1b: Flutter Mane|Protect\n|move|p1a: Arcanine|Protect|p1a: Arcanine\n|-singleturn|p1a: Arcanine|Protect\n|move|p2b: ambient|Hyper Voice|p1b: Flutter Mane|[spread] \n|-activate|p1a: Arcanine|move: Protect\n|-activate|p1b: Flutter Mane|move: Protect\n|move|p2a: trap|Drain Punch|p1a: Arcanine\n|-activate|p1a: Arcanine|move: Protect\n|\n|upkeep\n|turn|4\n|inactive|squishheh has 30 seconds left.\n|\n|t:|1682389362\n|move|p2a: trap|Protect|p2a: trap\n|-singleturn|p2a: trap|Protect\n|move|p1b: Flutter Mane|Moonblast|p2a: trap\n|-activate|p2a: trap|move: Protect\n|move|p1a: Arcanine|Flare Blitz|p2a: trap\n|-activate|p2a: trap|move: Protect\n|move|p2b: ambient|Hyper Voice|p1a: Arcanine|[spread] p1a,p1b\n|-resisted|p1a: Arcanine\n|-damage|p1a: Arcanine|35\/100\n|-damage|p1b: Flutter Mane|9\/100\n|\n|upkeep\n|turn|5\n|inactive|TheMismatcher has 30 seconds left.\n|inactive|squishheh has 30 seconds left.\n|\n|t:|1682389394\n|-end|p2a: trap|Quark Drive|[silent]\n|switch|p2a: grunge|Corviknight, L50, F, shiny|100\/100\n|move|p1b: Flutter Mane|Moonblast|p2a: grunge\n|-resisted|p2a: grunge\n|-damage|p2a: grunge|78\/100\n|move|p1a: Arcanine|Flare Blitz|p2a: grunge\n|-supereffective|p2a: grunge\n|-damage|p2a: grunge|0 fnt\n|faint|p2a: grunge\n|-damage|p1a: Arcanine|8\/100|[from] Recoil\n|move|p2b: ambient|Hyper Voice|p1a: Arcanine|[spread] p1a,p1b\n|-resisted|p1a: Arcanine\n|-damage|p1a: Arcanine|0 fnt\n|-damage|p1b: Flutter Mane|0 fnt\n|faint|p1a: Arcanine\n|faint|p1b: Flutter Mane\n|-end|p1b: Flutter Mane|Protosynthesis|[silent]\n|\n|-fieldend|Misty Terrain\n|upkeep\n|\n|t:|1682389413\n|switch|p1b: Chien-Pao|Chien-Pao, L50|100\/100\n|switch|p1a: Amoonguss|Amoonguss, L50, M|98\/100\n|switch|p2a: trap|Iron Hands, L50|100\/100\n|-ability|p1b: Chien-Pao|Sword of Ruin\n|turn|6\n|inactive|squishheh has 30 seconds left.\n|inactive|squishheh has 20 seconds left.\n|\n|t:|1682389449\n|move|p1b: Chien-Pao|Protect|p1b: Chien-Pao\n|-singleturn|p1b: Chien-Pao|Protect\n|move|p2a: trap|Protect|p2a: trap\n|-singleturn|p2a: trap|Protect\n|move|p1a: Amoonguss|Protect|p1a: Amoonguss\n|-singleturn|p1a: Amoonguss|Protect\n|move|p2b: ambient|Yawn|p1a: Amoonguss\n|-activate|p1a: Amoonguss|move: Protect\n|\n|upkeep\n|turn|7\n|inactive|TheMismatcher has 30 seconds left.\n|inactive|squishheh has 30 seconds left.\n|\n|t:|1682389481\n|move|p2b: ambient|Protect|p2b: ambient\n|-singleturn|p2b: ambient|Protect\n|move|p1b: Chien-Pao|Ice Spinner|p2a: trap\n|-damage|p2a: trap|67\/100\n|move|p2a: trap|Drain Punch|p1b: Chien-Pao\n|-supereffective|p1b: Chien-Pao\n|-enditem|p1b: Chien-Pao|Focus Sash\n|-damage|p1b: Chien-Pao|1\/100\n|-heal|p2a: trap|99\/100|[from] drain|[of] p1b: Chien-Pao\n|move|p1a: Amoonguss|Spore|p2b: ambient\n|-activate|p2b: ambient|move: Protect\n|\n|upkeep\n|turn|8\n|inactive|squishheh has 30 seconds left.\n|inactive|TheMismatcher has 30 seconds left.\n|inactive|TheMismatcher has 20 seconds left.\n|\n|t:|1682389529\n|move|p1b: Chien-Pao|Protect|p1b: Chien-Pao\n|-singleturn|p1b: Chien-Pao|Protect\n|move|p2b: ambient|Hyper Voice|p1b: Chien-Pao|[spread] p1a\n|-activate|p1b: Chien-Pao|move: Protect\n|-resisted|p1a: Amoonguss\n|-damage|p1a: Amoonguss|76\/100\n|move|p2a: trap|Swords Dance|p2a: trap\n|-boost|p2a: trap|atk|2\n|move|p1a: Amoonguss|Spore|p2b: ambient\n|-status|p2b: ambient|slp|[from] move: Spore\n|\n|upkeep\n|turn|9\n|\n|t:|1682389548\n|move|p1a: Amoonguss|Rage Powder|p1a: Amoonguss\n|-singleturn|p1a: Amoonguss|move: Rage Powder\n|move|p1b: Chien-Pao|Ice Spinner|p2a: trap\n|-damage|p2a: trap|64\/100\n|cant|p2b: ambient|slp\n|move|p2a: trap|Drain Punch|p1a: Amoonguss\n|-resisted|p1a: Amoonguss\n|-damage|p1a: Amoonguss|31\/100\n|-heal|p2a: trap|85\/100|[from] drain|[of] p1a: Amoonguss\n|\n|-sideend|p2: squishheh|move: Light Screen\n|upkeep\n|turn|10\n|\n|t:|1682389567\n|move|p1b: Chien-Pao|Protect|p1b: Chien-Pao\n|-singleturn|p1b: Chien-Pao|Protect\n|cant|p2b: ambient|slp\n|move|p2a: trap|Drain Punch|p1b: Chien-Pao\n|-activate|p1b: Chien-Pao|move: Protect\n|move|p1a: Amoonguss|Spore|p2a: trap\n|-status|p2a: trap|slp|[from] move: Spore\n|\n|upkeep\n|turn|11\n|\n|t:|1682389587\n|move|p1b: Chien-Pao|Sucker Punch|p2b: ambient\n|-damage|p2b: ambient|16\/100 slp\n|cant|p2b: ambient|slp\n|cant|p2a: trap|slp\n|move|p1a: Amoonguss|Pollen Puff|p1b: Chien-Pao\n|-heal|p1b: Chien-Pao|51\/100\n|\n|upkeep\n|turn|12\n|\n|t:|1682389608\n|-curestatus|p2b: ambient|slp|[msg]\n|move|p2b: ambient|Protect|p2b: ambient\n|-singleturn|p2b: ambient|Protect\n|move|p1a: Amoonguss|Rage Powder|p1a: Amoonguss\n|-singleturn|p1a: Amoonguss|move: Rage Powder\n|move|p1b: Chien-Pao|Sucker Punch||[still]\n|-fail|p1b: Chien-Pao\n|cant|p2a: trap|slp\n|\n|upkeep\n|turn|13\n|inactive|TheMismatcher has 30 seconds left.\n|inactive|squishheh has 30 seconds left.\n|inactive|TheMismatcher has 20 seconds left.\n|\n|t:|1682389647\n|move|p1a: Amoonguss|Rage Powder|p1a: Amoonguss\n|-singleturn|p1a: Amoonguss|move: Rage Powder\n|move|p1b: Chien-Pao|Sacred Sword|p2b: ambient\n|-damage|p2b: ambient|0 fnt\n|faint|p2b: ambient\n|cant|p2a: trap|slp\n|\n|upkeep\n|turn|14\n|\n|t:|1682389657\n|move|p1b: Chien-Pao|Protect|p1b: Chien-Pao\n|-singleturn|p1b: Chien-Pao|Protect\n|-curestatus|p2a: trap|slp|[msg]\n|move|p2a: trap|Drain Punch|p1b: Chien-Pao\n|-activate|p1b: Chien-Pao|move: Protect\n|move|p1a: Amoonguss|Spore|p2a: trap\n|-status|p2a: trap|slp|[from] move: Spore\n|\n|upkeep\n|turn|15\n|\n|t:|1682389681\n|move|p1b: Chien-Pao|Ice Spinner|p2a: trap\n|-damage|p2a: trap|52\/100 slp\n|cant|p2a: trap|slp\n|move|p1a: Amoonguss|Pollen Puff|p2a: trap\n|-resisted|p2a: trap\n|-damage|p2a: trap|46\/100 slp\n|-enditem|p2a: trap|Sitrus Berry|[eat]\n|-heal|p2a: trap|71\/100 slp|[from] item: Sitrus Berry\n|\n|upkeep\n|turn|16\n|\n|t:|1682389695\n|move|p1a: Amoonguss|Rage Powder|p1a: Amoonguss\n|-singleturn|p1a: Amoonguss|move: Rage Powder\n|move|p1b: Chien-Pao|Ice Spinner|p2a: trap\n|-damage|p2a: trap|38\/100 slp\n|cant|p2a: trap|slp\n|\n|upkeep\n|turn|17\n|\n|t:|1682389705\n|move|p1a: Amoonguss|Rage Powder|p1a: Amoonguss\n|-singleturn|p1a: Amoonguss|move: Rage Powder\n|move|p1b: Chien-Pao|Ice Spinner|p2a: trap\n|-damage|p2a: trap|3\/100 slp\n|cant|p2a: trap|slp\n|\n|upkeep\n|turn|18\n|inactive|squishheh has 30 seconds left.\n|-message|squishheh forfeited.\n|\n|win|TheMismatcher\n|inactive|squishheh has 30 seconds left this turn.\n|raw|TheMismatcher's rating: 1301 → 1322<\/strong> (+21 for winning)\n|raw|squishheh's rating: 1322 → 1301<\/strong> (-21 for losing)\n|l|\u2606squishheh\n|c|\u2606TheMismatcher|what an endgame\n|c|\u2606TheMismatcher|crazy\n","uploadtime":1682389744,"views":11,"p1id":"themismatcher","p2id":"squishheh","formatid":"gen9vgc2023regulationc","rating":1301,"private":0,"password":""}