{"id":"gen9vgc2023regulationc-1851979699","p1":"Reduxlemon","p2":"Thfcftw","format":"[Gen 9] VGC 2023 Regulation C","log":"|j|\u2606Reduxlemon\n|j|\u2606Thfcftw\n|t:|1682513412\n|gametype|doubles\n|player|p1|Reduxlemon|red|1076\n|player|p2|Thfcftw|266|1102\n|teamsize|p1|6\n|teamsize|p2|6\n|gen|9\n|tier|[Gen 9] VGC 2023 Regulation C\n|rated|\n|rule|Species Clause: Limit one of each Pok\u00e9mon\n|rule|Item Clause: Limit one of each item\n|clearpoke\n|poke|p1|Roaring Moon, L50|\n|poke|p1|Iron Bundle, L50|\n|poke|p1|Flutter Mane, L50|\n|poke|p1|Amoonguss, L50, F|\n|poke|p1|Palafin, L50, M|\n|poke|p1|Ting-Lu, L50|\n|poke|p2|Ceruledge, L50, M|\n|poke|p2|Rotom-Wash, L50|\n|poke|p2|Grimmsnarl, L50, M|\n|poke|p2|Garchomp, L50, M|\n|poke|p2|Amoonguss, L50, F|\n|poke|p2|Sylveon, L50, F|\n|teampreview|4\nThfcftw has agreed to open team sheets.\n|\n|t:|1682513469\n|start\n|switch|p1a: Palafin|Palafin, L50, M, shiny|100\/100\n|switch|p1b: Flutter Mane|Flutter Mane, L50|100\/100\n|switch|p2a: Grimmsnarl|Grimmsnarl, L50, M|100\/100\n|switch|p2b: Sylveon|Sylveon, L50, F|100\/100\n|turn|1\n|\n|t:|1682513521\n|detailschange|p1a: Palafin|Palafin-Hero, L50, M, shiny\n|switch|p1a: Amoonguss|Amoonguss, L50, F, shiny|100\/100\n|move|p2a: Grimmsnarl|Light Screen|p2a: Grimmsnarl\n|-sidestart|p2: Thfcftw|move: Light Screen\n|move|p1b: Flutter Mane|Moonblast|p2a: Grimmsnarl\n|-supereffective|p2a: Grimmsnarl\n|-damage|p2a: Grimmsnarl|23\/100\n|move|p2b: Sylveon|Calm Mind|p2b: Sylveon\n|-boost|p2b: Sylveon|spa|1\n|-boost|p2b: Sylveon|spd|1\n|\n|upkeep\n|turn|2\n|\n|t:|1682513541\n|move|p2a: Grimmsnarl|Reflect|p2a: Grimmsnarl\n|-sidestart|p2: Thfcftw|Reflect\n|move|p1b: Flutter Mane|Moonblast|p2a: Grimmsnarl\n|-supereffective|p2a: Grimmsnarl\n|-damage|p2a: Grimmsnarl|0 fnt\n|faint|p2a: Grimmsnarl\n|move|p2b: Sylveon|Yawn|p1a: Amoonguss\n|-start|p1a: Amoonguss|move: Yawn|[of] p2b: Sylveon\n|move|p1a: Amoonguss|Spore|p2b: Sylveon\n|-status|p2b: Sylveon|slp|[from] move: Spore\n|\n|upkeep\n|\n|t:|1682513549\n|switch|p2a: Ceruledge|Ceruledge, L50, M|100\/100\n|turn|3\n|\n|t:|1682513564\n|switch|p1a: Palafin|Palafin-Hero, L50, M, shiny|100\/100\n|-activate|p1a: Palafin|ability: Zero to Hero\n|move|p2a: Ceruledge|Protect|p2a: Ceruledge\n|-singleturn|p2a: Ceruledge|Protect\n|move|p1b: Flutter Mane|Moonblast|p2a: Ceruledge\n|-activate|p2a: Ceruledge|move: Protect\n|cant|p2b: Sylveon|slp\n|\n|upkeep\n|turn|4\n|\n|t:|1682513581\n|-terastallize|p2a: Ceruledge|Grass\n|move|p1b: Flutter Mane|Moonblast|p2a: Ceruledge\n|-damage|p2a: Ceruledge|55\/100\n|move|p1a: Palafin|Haze|p1a: Palafin\n|-clearallboost\n|move|p2a: Ceruledge|Bitter Blade|p1b: Flutter Mane\n|-damage|p1b: Flutter Mane|9\/100\n|-heal|p2a: Ceruledge|91\/100|[from] drain|[of] p1b: Flutter Mane\n|cant|p2b: Sylveon|slp\n|\n|upkeep\n|turn|5\n|\n|t:|1682513614\n|-end|p1b: Flutter Mane|Protosynthesis|[silent]\n|switch|p1b: Roaring Moon|Roaring Moon, L50, shiny|100\/100\n|-enditem|p1b: Roaring Moon|Booster Energy\n|-activate|p1b: Roaring Moon|ability: Protosynthesis|[fromitem]\n|-start|p1b: Roaring Moon|protosynthesisatk\n|move|p2a: Ceruledge|Protect|p2a: Ceruledge\n|-singleturn|p2a: Ceruledge|Protect\n|move|p1a: Palafin|Wave Crash|p2b: Sylveon\n|-damage|p2b: Sylveon|49\/100 slp\n|-damage|p1a: Palafin|84\/100|[from] Recoil\n|cant|p2b: Sylveon|slp\n|\n|-heal|p2b: Sylveon|54\/100 slp|[from] item: Leftovers\n|upkeep\n|turn|6\n|\n|t:|1682513652\n|switch|p2b: Rotom|Rotom-Wash, L50|100\/100\n|move|p1b: Roaring Moon|Acrobatics|p2a: Ceruledge\n|-supereffective|p2a: Ceruledge\n|-damage|p2a: Ceruledge|10\/100\n|move|p1a: Palafin|Wave Crash|p2b: Rotom\n|-resisted|p2b: Rotom\n|-damage|p2b: Rotom|76\/100\n|-damage|p1a: Palafin|77\/100|[from] Recoil\n|move|p2a: Ceruledge|Bitter Blade|p1b: Roaring Moon\n|-resisted|p1b: Roaring Moon\n|-damage|p1b: Roaring Moon|74\/100\n|-heal|p2a: Ceruledge|25\/100|[from] drain|[of] p1b: Roaring Moon\n|\n|upkeep\n|turn|7\n|\n|t:|1682513707\n|switch|p1a: Amoonguss|Amoonguss, L50, F, shiny|100\/100\n|-terastallize|p1b: Roaring Moon|Steel\n|move|p2a: Ceruledge|Protect|p2a: Ceruledge\n|-singleturn|p2a: Ceruledge|Protect\n|move|p1b: Roaring Moon|Dragon Dance|p1b: Roaring Moon\n|-boost|p1b: Roaring Moon|atk|1\n|-boost|p1b: Roaring Moon|spe|1\n|move|p2b: Rotom|Will-O-Wisp|p1b: Roaring Moon\n|-status|p1b: Roaring Moon|brn\n|\n|-damage|p1b: Roaring Moon|68\/100 brn|[from] brn\n|upkeep\n|turn|8\n|\n|t:|1682513753\n|switch|p2a: Sylveon|Sylveon, L50, F|54\/100 slp\n|move|p1b: Roaring Moon|Acrobatics|p2a: Sylveon\n|-damage|p2a: Sylveon|32\/100 slp\n|move|p2b: Rotom|Hydro Pump|p1b: Roaring Moon\n|-crit|p1b: Roaring Moon\n|-damage|p1b: Roaring Moon|16\/100 brn\n|move|p1a: Amoonguss|Pollen Puff|p1b: Roaring Moon\n|-heal|p1b: Roaring Moon|66\/100 brn\n|\n|-heal|p2a: Sylveon|38\/100 slp|[from] item: Leftovers\n|-damage|p1b: Roaring Moon|59\/100 brn|[from] brn\n|-sideend|p2: Thfcftw|move: Light Screen\n|upkeep\n|turn|9\n|\n|t:|1682513780\n|move|p1a: Amoonguss|Rage Powder|p1a: Amoonguss\n|-singleturn|p1a: Amoonguss|move: Rage Powder\n|move|p1b: Roaring Moon|Dragon Dance|p1b: Roaring Moon\n|-boost|p1b: Roaring Moon|atk|1\n|-boost|p1b: Roaring Moon|spe|1\n|move|p2b: Rotom|Nasty Plot|p2b: Rotom\n|-boost|p2b: Rotom|spa|2\n|-curestatus|p2a: Sylveon|slp|[msg]\n|move|p2a: Sylveon|Yawn|p1a: Amoonguss\n|-start|p1a: Amoonguss|move: Yawn|[of] p2a: Sylveon\n|\n|-heal|p2a: Sylveon|44\/100|[from] item: Leftovers\n|-damage|p1b: Roaring Moon|53\/100 brn|[from] brn\n|-sideend|p2: Thfcftw|Reflect\n|upkeep\n|turn|10\n|\n|t:|1682513807\n|switch|p1a: Palafin|Palafin-Hero, L50, M, shiny|77\/100\n|move|p2a: Sylveon|Protect|p2a: Sylveon\n|-singleturn|p2a: Sylveon|Protect\n|move|p1b: Roaring Moon|Acrobatics|p2b: Rotom\n|-resisted|p2b: Rotom\n|-damage|p2b: Rotom|55\/100\n|move|p2b: Rotom|Hydro Pump|p1b: Roaring Moon\n|-damage|p1b: Roaring Moon|0 fnt\n|faint|p1b: Roaring Moon\n|-end|p1b: Roaring Moon|Protosynthesis|[silent]\n|\n|-heal|p2a: Sylveon|50\/100|[from] item: Leftovers\n|upkeep\n|\n|t:|1682513822\n|switch|p1b: Amoonguss|Amoonguss, L50, F, shiny|100\/100\n|turn|11\n|\n|t:|1682513836\n|move|p1b: Amoonguss|Rage Powder|p1b: Amoonguss\n|-singleturn|p1b: Amoonguss|move: Rage Powder\n|move|p1a: Palafin|Wave Crash|p2a: Sylveon\n|-damage|p2a: Sylveon|0 fnt\n|faint|p2a: Sylveon\n|-damage|p1a: Palafin|61\/100|[from] Recoil\n|move|p2b: Rotom|Thunderbolt|p1b: Amoonguss\n|-resisted|p1b: Amoonguss\n|-damage|p1b: Amoonguss|74\/100\n|\n|upkeep\n|\n|t:|1682513840\n|switch|p2a: Ceruledge|Ceruledge, L50, M, tera:Grass|25\/100\n|turn|12\n|\n|t:|1682513855\n|move|p1b: Amoonguss|Rage Powder|p1b: Amoonguss\n|-singleturn|p1b: Amoonguss|move: Rage Powder\n|move|p1a: Palafin|Jet Punch|p2a: Ceruledge\n|-resisted|p2a: Ceruledge\n|-damage|p2a: Ceruledge|0 fnt\n|faint|p2a: Ceruledge\n|move|p2b: Rotom|Will-O-Wisp|p1b: Amoonguss\n|-status|p1b: Amoonguss|brn\n|\n|-damage|p1b: Amoonguss|68\/100 brn|[from] brn\n|upkeep\n|turn|13\n|-message|Thfcftw forfeited.\n|\n|win|Reduxlemon\n|raw|Reduxlemon's rating: 1076 → 1107<\/strong> (+31 for winning)\n|raw|Thfcftw's rating: 1102 → 1075<\/strong> (-27 for losing)\n|l|\u2606Thfcftw\n","uploadtime":1682513880,"views":7,"p1id":"reduxlemon","p2id":"thfcftw","formatid":"gen9vgc2023regulationc","rating":1075,"private":0,"password":""}