{"id":"gen9vgc2023regulationc-1863599286","p1":"openthedoorFBI","p2":"revocolombia","format":"[Gen 9] VGC 2023 Regulation C","log":"|j|\u2606openthedoorFBI\n|j|\u2606revocolombia\n|t:|1684040750\n|gametype|doubles\n|player|p1|openthedoorFBI|1|1365\n|player|p2|revocolombia|pokemonranger-gen4|1430\n|teamsize|p1|6\n|teamsize|p2|6\n|gen|9\n|tier|[Gen 9] VGC 2023 Regulation C\n|rated|\n|rule|Species Clause: Limit one of each Pok\u00e9mon\n|rule|Item Clause: Limit one of each item\n|clearpoke\n|poke|p1|Amoonguss, L50, M|\n|poke|p1|Pelipper, L50, M|\n|poke|p1|Palafin, L50, M|\n|poke|p1|Barraskewda, L50, M|\n|poke|p1|Chien-Pao, L50|\n|poke|p1|Gholdengo, L50|\n|poke|p2|Flutter Mane, L50|\n|poke|p2|Annihilape, L50, F|\n|poke|p2|Dragonite, L50, F|\n|poke|p2|Chien-Pao, L50|\n|poke|p2|Murkrow, L50, F|\n|poke|p2|Gholdengo, L50|\n|teampreview|4\n|\n|t:|1684040783\n|start\n|switch|p1a: Palafin|Palafin, L50, M|100\/100\n|switch|p1b: Amoonguss|Amoonguss, L50, M|100\/100\n|switch|p2a: Murkrow|Murkrow, L50, F|100\/100\n|switch|p2b: Flutter Mane|Flutter Mane, L50|100\/100\n|-enditem|p2b: Flutter Mane|Booster Energy\n|-activate|p2b: Flutter Mane|ability: Protosynthesis|[fromitem]\n|-start|p2b: Flutter Mane|protosynthesisspe\n|turn|1\n|\n|t:|1684040802\n|detailschange|p1a: Palafin|Palafin-Hero, L50, M\n|switch|p1a: Gholdengo|Gholdengo, L50|100\/100\n|move|p1b: Amoonguss|Protect|p1b: Amoonguss\n|-singleturn|p1b: Amoonguss|Protect\n|move|p2a: Murkrow|Taunt|p1b: Amoonguss\n|-activate|p1b: Amoonguss|move: Protect\n|move|p2b: Flutter Mane|Thunderbolt|p1a: Gholdengo\n|-damage|p1a: Gholdengo|63\/100\n|\n|upkeep\n|turn|2\n|\n|t:|1684040818\n|-terastallize|p1a: Gholdengo|Steel\n|move|p2a: Murkrow|Taunt|p1b: Amoonguss\n|-start|p1b: Amoonguss|move: Taunt\n|move|p2b: Flutter Mane|Shadow Ball|p1a: Gholdengo\n|-crit|p1a: Gholdengo\n|-damage|p1a: Gholdengo|0 fnt\n|faint|p1a: Gholdengo\n|move|p1b: Amoonguss|Pollen Puff|p1: Gholdengo|[notarget]\n|-fail|p1b: Amoonguss\n|\n|upkeep\n|\n|t:|1684040834\n|switch|p1a: Palafin|Palafin-Hero, L50, M|100\/100\n|-activate|p1a: Palafin|ability: Zero to Hero\n|turn|3\n|\n|t:|1684040848\n|-end|p2b: Flutter Mane|Protosynthesis|[silent]\n|switch|p2b: Annihilape|Annihilape, L50, F, shiny|100\/100\n|switch|p1b: Pelipper|Pelipper, L50, M|100\/100\n|-weather|RainDance|[from] ability: Drizzle|[of] p1b: Pelipper\n|move|p1a: Palafin|Wave Crash|p2a: Murkrow\n|-damage|p2a: Murkrow|0 fnt\n|faint|p2a: Murkrow\n|-damage|p1a: Palafin|72\/100|[from] Recoil\n|\n|-weather|RainDance|[upkeep]\n|upkeep\n|\n|t:|1684040865\n|switch|p2a: Gholdengo|Gholdengo, L50|100\/100\n|turn|4\n|\n|t:|1684040880\n|-terastallize|p2a: Gholdengo|Water\n|move|p1a: Palafin|Protect|p1a: Palafin\n|-singleturn|p1a: Palafin|Protect\n|move|p2a: Gholdengo|Thunderbolt|p1b: Pelipper\n|-supereffective|p1b: Pelipper\n|-damage|p1b: Pelipper|0 fnt\n|faint|p1b: Pelipper\n|-damage|p2a: Gholdengo|91\/100|[from] item: Life Orb\n|move|p2b: Annihilape|Bulk Up|p2b: Annihilape\n|-boost|p2b: Annihilape|atk|1\n|-boost|p2b: Annihilape|def|1\n|\n|-weather|RainDance|[upkeep]\n|upkeep\n|\n|t:|1684040886\n|switch|p1b: Amoonguss|Amoonguss, L50, M|100\/100\n|turn|5\n|-message|openthedoorFBI forfeited.\n|\n|win|revocolombia\n|raw|openthedoorFBI's rating: 1365 → 1349<\/strong> (-16 for losing)\n|raw|revocolombia's rating: 1430 → 1446<\/strong> (+16 for winning)\n|l|\u2606openthedoorFBI\n","uploadtime":1684040900,"views":12,"p1id":"openthedoorfbi","p2id":"revocolombia","formatid":"gen9vgc2023regulationc","rating":1349,"private":0,"password":""}