{"id":"gen9vgc2023regulationc-1855049817","p1":"sasavegeta","p2":"shurick","format":"[Gen 9] VGC 2023 Regulation C","log":"|j|\u2606sasavegeta\n|j|\u2606shurick\n|t:|1682895206\n|gametype|doubles\n|player|p1|sasavegeta|smasher|1166\n|player|p2|shurick|2|1162\n|teamsize|p1|6\n|teamsize|p2|6\n|gen|9\n|tier|[Gen 9] VGC 2023 Regulation C\n|rated|\n|rule|Species Clause: Limit one of each Pok\u00e9mon\n|rule|Item Clause: Limit one of each item\n|clearpoke\n|poke|p1|Iron Bundle, L50|\n|poke|p1|Flutter Mane, L50|\n|poke|p1|Ting-Lu, L50|\n|poke|p1|Arcanine, L50, F|\n|poke|p1|Amoonguss, L50, F|\n|poke|p1|Dragonite, L50, M|\n|poke|p2|Flutter Mane, L50|\n|poke|p2|Pawmot, L50, M|\n|poke|p2|Palafin, L50, M|\n|poke|p2|Annihilape, L50, M|\n|poke|p2|Talonflame, L50, F|\n|poke|p2|Gholdengo, L50|\n|teampreview|4\n|inactive|Battle timer is ON: inactive players will automatically lose when time's up. (requested by sasavegeta)\n|inactive|sasavegeta has 60 seconds left.\n|\n|t:|1682895245\n|start\n|switch|p1a: Iron Bundle|Iron Bundle, L50|100\/100\n|switch|p1b: Flutter Mane|Flutter Mane, L50|100\/100\n|switch|p2a: Palafin|Palafin, L50, M|100\/100\n|switch|p2b: Pawmot|Pawmot, L50, M|100\/100\n|-enditem|p1b: Flutter Mane|Booster Energy\n|-activate|p1b: Flutter Mane|ability: Protosynthesis|[fromitem]\n|-start|p1b: Flutter Mane|protosynthesisspa\n|turn|1\n|\n|t:|1682895268\n|detailschange|p2a: Palafin|Palafin-Hero, L50, M\n|switch|p2a: Flutter Mane|Flutter Mane, L50|100\/100\n|-enditem|p2a: Flutter Mane|Booster Energy\n|-activate|p2a: Flutter Mane|ability: Protosynthesis|[fromitem]\n|-start|p2a: Flutter Mane|protosynthesisspe\n|move|p2b: Pawmot|Fake Out|p1a: Iron Bundle\n|-crit|p1a: Iron Bundle\n|-damage|p1a: Iron Bundle|77\/100\n|cant|p1a: Iron Bundle|flinch\n|move|p1b: Flutter Mane|Moonblast|p2b: Pawmot\n|-supereffective|p2b: Pawmot\n|-enditem|p2b: Pawmot|Focus Sash\n|-damage|p2b: Pawmot|1\/100\n|-unboost|p2b: Pawmot|spa|1\n|\n|upkeep\n|turn|2\n|\n|t:|1682895287\n|move|p2b: Pawmot|Mach Punch|p1a: Iron Bundle\n|-supereffective|p1a: Iron Bundle\n|-damage|p1a: Iron Bundle|34\/100\n|move|p2a: Flutter Mane|Shadow Ball|p1b: Flutter Mane\n|-supereffective|p1b: Flutter Mane\n|-damage|p1b: Flutter Mane|18\/100\n|move|p1a: Iron Bundle|Icy Wind|p2b: Pawmot|[spread] p2a,p2b\n|-damage|p2a: Flutter Mane|77\/100\n|-damage|p2b: Pawmot|0 fnt\n|-unboost|p2a: Flutter Mane|spe|1\n|faint|p2b: Pawmot\n|move|p1b: Flutter Mane|Shadow Ball|p2a: Flutter Mane\n|-supereffective|p2a: Flutter Mane\n|-damage|p2a: Flutter Mane|0 fnt\n|faint|p2a: Flutter Mane\n|-end|p2a: Flutter Mane|Protosynthesis|[silent]\n|\n|upkeep\n|\n|t:|1682895295\n|switch|p2a: Annihilape|Annihilape, L50, M|100\/100\n|switch|p2b: Palafin|Palafin-Hero, L50, M|100\/100\n|-activate|p2b: Palafin|ability: Zero to Hero\n|turn|3\n|inactive|sasavegeta has 30 seconds left.\n|\n|t:|1682895323\n|-terastallize|p2b: Palafin|Water\n|move|p2b: Palafin|Jet Punch|p1b: Flutter Mane\n|-damage|p1b: Flutter Mane|0 fnt\n|faint|p1b: Flutter Mane\n|-end|p1b: Flutter Mane|Protosynthesis|[silent]\n|move|p1a: Iron Bundle|Freeze-Dry|p2b: Palafin\n|-supereffective|p2b: Palafin\n|-damage|p2b: Palafin|15\/100\n|move|p2a: Annihilape|Bulk Up|p2a: Annihilape\n|-boost|p2a: Annihilape|atk|1\n|-boost|p2a: Annihilape|def|1\n|\n|upkeep\n|\n|t:|1682895344\n|switch|p1b: Dragonite|Dragonite, L50, M|100\/100\n|turn|4\n|inactive|sasavegeta has 30 seconds left.\n|inactive|sasavegeta has 20 seconds left.\n|\n|t:|1682895380\n|-end|p1a: Iron Bundle|Quark Drive|[silent]\n|switch|p1a: Amoonguss|Amoonguss, L50, F|100\/100\n|move|p2b: Palafin|Protect|p2b: Palafin\n|-singleturn|p2b: Palafin|Protect\n|move|p1b: Dragonite|Extreme Speed|p2b: Palafin\n|-activate|p2b: Palafin|move: Protect\n|move|p2a: Annihilape|Drain Punch|p1a: Amoonguss\n|-resisted|p1a: Amoonguss\n|-damage|p1a: Amoonguss|77\/100\n|-damage|p2a: Annihilape|84\/100|[from] item: Rocky Helmet|[of] p1a: Amoonguss\n|\n|-heal|p2a: Annihilape|90\/100|[from] item: Leftovers\n|upkeep\n|turn|5\n|inactive|shurick has 30 seconds left.\n|\n|t:|1682895411\n|move|p2a: Annihilape|Protect|p2a: Annihilape\n|-singleturn|p2a: Annihilape|Protect\n|move|p1b: Dragonite|Extreme Speed|p2b: Palafin\n|-damage|p2b: Palafin|0 fnt\n|faint|p2b: Palafin\n|move|p1a: Amoonguss|Spore|p2a: Annihilape\n|-activate|p2a: Annihilape|move: Protect\n|\n|-heal|p2a: Annihilape|96\/100|[from] item: Leftovers\n|upkeep\n|turn|6\n|\n|t:|1682895424\n|switch|p1b: Iron Bundle|Iron Bundle, L50|34\/100\n|move|p2a: Annihilape|Rage Fist|p1a: Amoonguss\n|-damage|p1a: Amoonguss|48\/100\n|-damage|p2a: Annihilape|80\/100|[from] item: Rocky Helmet|[of] p1a: Amoonguss\n|move|p1a: Amoonguss|Spore|p2a: Annihilape\n|-status|p2a: Annihilape|slp|[from] move: Spore\n|\n|-heal|p2a: Annihilape|86\/100 slp|[from] item: Leftovers\n|upkeep\n|turn|7\n|inactive|sasavegeta has 30 seconds left.\n|\n|t:|1682895452\n|move|p1b: Iron Bundle|Freeze-Dry|p2a: Annihilape\n|-damage|p2a: Annihilape|48\/100 slp\n|cant|p2a: Annihilape|slp\n|move|p1a: Amoonguss|Pollen Puff|p1b: Iron Bundle\n|-heal|p1b: Iron Bundle|84\/100\n|\n|-heal|p2a: Annihilape|54\/100 slp|[from] item: Leftovers\n|upkeep\n|turn|8\n|\n|t:|1682895476\n|switch|p1a: Dragonite|Dragonite, L50, M|100\/100\n|-terastallize|p1b: Iron Bundle|Poison\n|move|p1b: Iron Bundle|Freeze-Dry|p2a: Annihilape\n|-damage|p2a: Annihilape|16\/100 slp\n|-curestatus|p2a: Annihilape|slp|[msg]\n|move|p2a: Annihilape|Drain Punch|p1b: Iron Bundle\n|-resisted|p1b: Iron Bundle\n|-damage|p1b: Iron Bundle|53\/100\n|-heal|p2a: Annihilape|27\/100|[from] drain|[of] p1b: Iron Bundle\n|\n|-heal|p2a: Annihilape|33\/100|[from] item: Leftovers\n|upkeep\n|turn|9\n|\n|t:|1682895499\n|move|p1b: Iron Bundle|Freeze-Dry|p2a: Annihilape\n|-damage|p2a: Annihilape|0 fnt\n|faint|p2a: Annihilape\n|\n|win|sasavegeta\n|raw|sasavegeta's rating: 1166 → 1191<\/strong> (+25 for winning)\n|raw|shurick's rating: 1162 → 1137<\/strong> (-25 for losing)\n|l|\u2606shurick\n","uploadtime":1682895639,"views":14,"p1id":"sasavegeta","p2id":"shurick","formatid":"gen9vgc2023regulationc","rating":1137,"private":0,"password":""}