{"id":"gen9vgc2023regulationc-1851417617","p1":"incandecio","p2":"Hadrian1917","format":"[Gen 9] VGC 2023 Regulation C","log":"|j|\u2606incandecio\n|j|\u2606Hadrian1917\n|t:|1682443463\n|gametype|doubles\n|player|p1|incandecio|102|1180\n|player|p2|Hadrian1917|brock|1093\n|teamsize|p1|6\n|teamsize|p2|6\n|gen|9\n|tier|[Gen 9] VGC 2023 Regulation C\n|rated|\n|rule|Species Clause: Limit one of each Pok\u00e9mon\n|rule|Item Clause: Limit one of each item\n|clearpoke\n|poke|p1|Dragonite, L50, F|\n|poke|p1|Amoonguss, L50, M|\n|poke|p1|Sandy Shocks, L50|\n|poke|p1|Flutter Mane, L50|\n|poke|p1|Palafin, L50, M|\n|poke|p1|Chi-Yu, L50|\n|poke|p2|Flutter Mane, L50|\n|poke|p2|Arcanine, L50, M|\n|poke|p2|Baxcalibur, L50, M|\n|poke|p2|Ting-Lu, L50|\n|poke|p2|Gyarados, L50, F|\n|poke|p2|Amoonguss, L50, F|\n|teampreview|4\n|\n|t:|1682443484\n|start\n|switch|p1a: Sandy Shocks|Sandy Shocks, L50|100\/100\n|switch|p1b: Dragonite|Dragonite, L50, F|100\/100\n|switch|p2a: Baxcalibur|Baxcalibur, L50, M|100\/100\n|switch|p2b: Arcanine|Arcanine, L50, M|100\/100\n|-ability|p2b: Arcanine|Intimidate|boost\n|-unboost|p1a: Sandy Shocks|atk|1\n|-fail|p1b: Dragonite|unboost|Attack|[from] ability: Inner Focus|[of] p1b: Dragonite\n|turn|1\n|inactive|Battle timer is ON: inactive players will automatically lose when time's up. (requested by Hadrian1917)\n|\n|t:|1682443499\n|-terastallize|p1b: Dragonite|Steel\n|-terastallize|p2b: Arcanine|Flying\n|move|p1a: Sandy Shocks|Bulldoze|p2a: Baxcalibur|[spread] p1b,p2a\n|-immune|p2b: Arcanine\n|-supereffective|p1b: Dragonite\n|-damage|p1b: Dragonite|85\/100\n|-damage|p2a: Baxcalibur|94\/100\n|-unboost|p1b: Dragonite|spe|1\n|-enditem|p1b: Dragonite|Weakness Policy\n|-boost|p1b: Dragonite|atk|2|[from] item: Weakness Policy\n|-boost|p1b: Dragonite|spa|2|[from] item: Weakness Policy\n|move|p2b: Arcanine|Howl|p2b: Arcanine|[spread] p2a,p2b\n|-boost|p2a: Baxcalibur|atk|1\n|-boost|p2b: Arcanine|atk|1\n|move|p2a: Baxcalibur|Icicle Crash|p1a: Sandy Shocks\n|-supereffective|p1a: Sandy Shocks\n|-damage|p1a: Sandy Shocks|0 fnt\n|faint|p1a: Sandy Shocks\n|-end|p1a: Sandy Shocks|Protosynthesis|[silent]\n|move|p1b: Dragonite|Dragon Claw|p2a: Baxcalibur\n|-supereffective|p2a: Baxcalibur\n|-damage|p2a: Baxcalibur|0 fnt\n|faint|p2a: Baxcalibur\n|\n|upkeep\n|inactive|Hadrian1917 has 30 seconds left.\n|\n|t:|1682443524\n|switch|p1a: Palafin|Palafin, L50, M|100\/100\n|switch|p2a: Gyarados|Gyarados, L50, F|100\/100\n|-ability|p2a: Gyarados|Intimidate|boost\n|-unboost|p1a: Palafin|atk|1\n|-fail|p1b: Dragonite|unboost|Attack|[from] ability: Inner Focus|[of] p1b: Dragonite\n|turn|2\n|\n|t:|1682443541\n|move|p1a: Palafin|Protect|p1a: Palafin\n|-singleturn|p1a: Palafin|Protect\n|move|p1b: Dragonite|Extreme Speed|p2b: Arcanine\n|-damage|p2b: Arcanine|39\/100\n|move|p2b: Arcanine|Flare Blitz|p1b: Dragonite\n|-supereffective|p1b: Dragonite\n|-damage|p1b: Dragonite|0 fnt\n|faint|p1b: Dragonite\n|-damage|p2b: Arcanine|15\/100|[from] Recoil\n|move|p2a: Gyarados|Thunder Wave|p1a: Palafin\n|-activate|p1a: Palafin|move: Protect\n|\n|upkeep\n|\n|t:|1682443546\n|switch|p1b: Flutter Mane|Flutter Mane, L50|100\/100\n|turn|3\n|\n|t:|1682443568\n|move|p2b: Arcanine|Extreme Speed|p1a: Palafin\n|-damage|p1a: Palafin|56\/100\n|move|p1a: Palafin|Jet Punch|p2b: Arcanine\n|-crit|p2b: Arcanine\n|-damage|p2b: Arcanine|0 fnt\n|faint|p2b: Arcanine\n|-damage|p1a: Palafin|46\/100|[from] item: Life Orb\n|move|p1b: Flutter Mane|Dazzling Gleam|p2a: Gyarados\n|-damage|p2a: Gyarados|63\/100\n|move|p2a: Gyarados|Thunder Wave|p1b: Flutter Mane\n|-status|p1b: Flutter Mane|par\n|\n|upkeep\n|\n|t:|1682443580\n|switch|p2b: Flutter Mane|Flutter Mane, L50|100\/100\n|turn|4\n|inactive|Hadrian1917 has 30 seconds left.\n|\n|t:|1682443610\n|move|p1a: Palafin|Jet Punch|p2b: Flutter Mane\n|-damage|p2b: Flutter Mane|70\/100\n|-damage|p1a: Palafin|36\/100|[from] item: Life Orb\n|move|p2b: Flutter Mane|Shadow Ball|p1a: Palafin\n|-damage|p1a: Palafin|0 fnt\n|faint|p1a: Palafin\n|move|p2a: Gyarados|Waterfall|p1b: Flutter Mane\n|-crit|p1b: Flutter Mane\n|-enditem|p1b: Flutter Mane|Focus Sash\n|-damage|p1b: Flutter Mane|1\/100 par\n|cant|p1b: Flutter Mane|flinch\n|\n|upkeep\n|turn|5\n|-message|incandecio forfeited.\n|\n|win|Hadrian1917\n|raw|incandecio's rating: 1180 → 1149<\/strong> (-31 for losing)\n|raw|Hadrian1917's rating: 1093 → 1125<\/strong> (+32 for winning)\n|l|\u2606incandecio\n","uploadtime":1682443625,"views":6,"p1id":"incandecio","p2id":"hadrian1917","formatid":"gen9vgc2023regulationc","rating":1125,"private":0,"password":""}