{"id":"gen9vgc2023regulationc-1845117659","p1":"JuanSR","p2":"t4vr","format":"[Gen 9] VGC 2023 Regulation C","log":"|j|\u2606JuanSR\n|j|\u2606t4vr\n|t:|1681685593\n|gametype|doubles\n|player|p1|JuanSR|dancer|1160\n|player|p2|t4vr|101|1136\n|teamsize|p1|6\n|teamsize|p2|6\n|gen|9\n|tier|[Gen 9] VGC 2023 Regulation C\n|rated|\n|rule|Species Clause: Limit one of each Pok\u00e9mon\n|rule|Item Clause: Limit one of each item\n|clearpoke\n|poke|p1|Chien-Pao, L50|\n|poke|p1|Ting-Lu, L50|\n|poke|p1|Flutter Mane, L50|\n|poke|p1|Palafin, L50, F|\n|poke|p1|Arcanine, L50, F|\n|poke|p1|Amoonguss, L50, M|\n|poke|p2|Wo-Chien, L50|\n|poke|p2|Gothitelle, L50, F|\n|poke|p2|Arcanine, L50, M|\n|poke|p2|Great Tusk, L50|\n|poke|p2|Palafin, L50, F|\n|poke|p2|Flutter Mane, L50|\n|teampreview|4\n|\n|t:|1681685635\n|start\n|switch|p1a: Chien-Pao|Chien-Pao, L50|100\/100\n|switch|p1b: Palafin|Palafin, L50, F|100\/100\n|switch|p2a: Flutter Mane|Flutter Mane, L50|100\/100\n|switch|p2b: Palafin|Palafin, L50, F, shiny|100\/100\n|-ability|p1a: Chien-Pao|Sword of Ruin\n|turn|1\n|inactive|Battle timer is ON: inactive players will automatically lose when time's up. (requested by t4vr)\n|\n|t:|1681685662\n|detailschange|p2b: Palafin|Palafin-Hero, L50, F, shiny\n|switch|p2b: Wo-Chien|Wo-Chien, L50|100\/100\n|-ability|p2b: Wo-Chien|Tablets of Ruin\n|-terastallize|p1b: Palafin|Water\n|move|p2a: Flutter Mane|Protect|p2a: Flutter Mane\n|-singleturn|p2a: Flutter Mane|Protect\n|move|p1a: Chien-Pao|Sucker Punch||[still]\n|-fail|p1a: Chien-Pao\n|move|p1b: Palafin|Jet Punch|p2a: Flutter Mane\n|-activate|p2a: Flutter Mane|move: Protect\n|\n|upkeep\n|turn|2\n|inactive|JuanSR has 30 seconds left.\n|inactive|t4vr has 30 seconds left.\n|\n|t:|1681685696\n|-end|p2a: Flutter Mane|Protosynthesis|[silent]\n|switch|p2a: Palafin|Palafin-Hero, L50, F, shiny|100\/100\n|-activate|p2a: Palafin|ability: Zero to Hero\n|move|p2b: Wo-Chien|Protect|p2b: Wo-Chien\n|-singleturn|p2b: Wo-Chien|Protect\n|move|p1b: Palafin|Jet Punch|p2a: Palafin\n|-resisted|p2a: Palafin\n|-damage|p2a: Palafin|83\/100\n|move|p1a: Chien-Pao|Sacred Sword|p2b: Wo-Chien\n|-activate|p2b: Wo-Chien|move: Protect\n|\n|upkeep\n|turn|3\n|inactive|JuanSR has 30 seconds left.\n|inactive|t4vr has 30 seconds left.\n|\n|t:|1681685733\n|switch|p1a: Amoonguss|Amoonguss, L50, M|100\/100\n|switch|p2b: Flutter Mane|Flutter Mane, L50|100\/100\n|move|p1b: Palafin|Protect|p1b: Palafin\n|-singleturn|p1b: Palafin|Protect\n|move|p2a: Palafin|Protect||[still]\n|-fail|p2a: Palafin\n|\n|upkeep\n|turn|4\n|\n|t:|1681685758\n|detailschange|p1b: Palafin|Palafin-Hero, L50, F, tera:Water\n|switch|p1b: Arcanine|Arcanine, L50, F|100\/100\n|-ability|p1b: Arcanine|Intimidate|boost\n|-unboost|p2a: Palafin|atk|1\n|-unboost|p2b: Flutter Mane|atk|1\n|switch|p2a: Wo-Chien|Wo-Chien, L50|100\/100\n|-ability|p2a: Wo-Chien|Tablets of Ruin\n|move|p2b: Flutter Mane|Protect|p2b: Flutter Mane\n|-singleturn|p2b: Flutter Mane|Protect\n|move|p1a: Amoonguss|Spore|p2b: Flutter Mane\n|-activate|p2b: Flutter Mane|move: Protect\n|\n|upkeep\n|turn|5\n|inactive|JuanSR has 30 seconds left.\n|\n|t:|1681685788\n|-end|p2b: Flutter Mane|Protosynthesis|[silent]\n|switch|p2b: Arcanine|Arcanine, L50, M|100\/100\n|-ability|p2b: Arcanine|Intimidate|boost\n|-unboost|p1a: Amoonguss|atk|1\n|-unboost|p1b: Arcanine|atk|1\n|move|p2a: Wo-Chien|Protect|p2a: Wo-Chien\n|-singleturn|p2a: Wo-Chien|Protect\n|move|p1a: Amoonguss|Rage Powder|p1a: Amoonguss\n|-singleturn|p1a: Amoonguss|move: Rage Powder\n|move|p1b: Arcanine|Flare Blitz|p2b: Arcanine\n|-resisted|p2b: Arcanine\n|-damage|p2b: Arcanine|85\/100\n|-damage|p1b: Arcanine|96\/100|[from] Recoil\n|\n|upkeep\n|turn|6\n|inactive|t4vr has 30 seconds left.\n|\n|t:|1681685815\n|switch|p1b: Palafin|Palafin-Hero, L50, F, tera:Water|100\/100\n|-activate|p1b: Palafin|ability: Zero to Hero\n|move|p1a: Amoonguss|Protect|p1a: Amoonguss\n|-singleturn|p1a: Amoonguss|Protect\n|move|p2b: Arcanine|Flare Blitz|p1a: Amoonguss\n|-activate|p1a: Amoonguss|move: Protect\n|move|p2a: Wo-Chien|Leech Seed|p1b: Palafin\n|-start|p1b: Palafin|move: Leech Seed\n|\n|-damage|p1b: Palafin|88\/100|[from] Leech Seed|[of] p2a: Wo-Chien\n|upkeep\n|turn|7\n|inactive|JuanSR has 30 seconds left.\n|inactive|JuanSR has 20 seconds left.\n|inactive|JuanSR has 15 seconds left.\n|\n|t:|1681685859\n|switch|p1b: Chien-Pao|Chien-Pao, L50|100\/100\n|-ability|p1b: Chien-Pao|Sword of Ruin\n|switch|p1a: Arcanine|Arcanine, L50, F|96\/100\n|-ability|p1a: Arcanine|Intimidate|boost\n|-unboost|p2a: Wo-Chien|atk|1\n|-unboost|p2b: Arcanine|atk|1\n|move|p2b: Arcanine|Protect|p2b: Arcanine\n|-singleturn|p2b: Arcanine|Protect\n|move|p2a: Wo-Chien|Foul Play|p1b: Chien-Pao\n|-resisted|p1b: Chien-Pao\n|-damage|p1b: Chien-Pao|70\/100\n|\n|upkeep\n|turn|8\n|inactive|JuanSR has 30 seconds left.\n|inactive|JuanSR has 20 seconds left.\n|\n|t:|1681685894\n|switch|p1b: Amoonguss|Amoonguss, L50, M|100\/100\n|switch|p2b: Palafin|Palafin-Hero, L50, F, shiny|83\/100\n|move|p2a: Wo-Chien|Protect|p2a: Wo-Chien\n|-singleturn|p2a: Wo-Chien|Protect\n|move|p1a: Arcanine|Flare Blitz|p2a: Wo-Chien\n|-activate|p2a: Wo-Chien|move: Protect\n|\n|upkeep\n|turn|9\n|inactive|t4vr has 30 seconds left.\n|inactive|t4vr has 20 seconds left.\n|inactive|t4vr has 15 seconds left.\n|inactive|t4vr has 10 seconds left.\n|\n|t:|1681685940\n|-terastallize|p2a: Wo-Chien|Poison\n|move|p2b: Palafin|Protect|p2b: Palafin\n|-singleturn|p2b: Palafin|Protect\n|move|p1b: Amoonguss|Rage Powder|p1b: Amoonguss\n|-singleturn|p1b: Amoonguss|move: Rage Powder\n|move|p1a: Arcanine|Will-O-Wisp|p2b: Palafin\n|-activate|p2b: Palafin|move: Protect\n|move|p2a: Wo-Chien|Leech Seed|p1b: Amoonguss\n|-immune|p1b: Amoonguss\n|\n|upkeep\n|turn|10\n|\n|t:|1681685963\n|switch|p2b: Arcanine|Arcanine, L50, M|85\/100\n|-ability|p2b: Arcanine|Intimidate|boost\n|-unboost|p1a: Arcanine|atk|1\n|-unboost|p1b: Amoonguss|atk|1\n|move|p2a: Wo-Chien|Protect|p2a: Wo-Chien\n|-singleturn|p2a: Wo-Chien|Protect\n|move|p1b: Amoonguss|Rage Powder|p1b: Amoonguss\n|-singleturn|p1b: Amoonguss|move: Rage Powder\n|move|p1a: Arcanine|Flare Blitz|p2a: Wo-Chien\n|-activate|p2a: Wo-Chien|move: Protect\n|\n|upkeep\n|turn|11\n|inactive|JuanSR has 30 seconds left.\n|inactive|t4vr has 30 seconds left.\n|\n|t:|1681685998\n|switch|p1b: Palafin|Palafin-Hero, L50, F, tera:Water|88\/100\n|move|p1a: Arcanine|Protect|p1a: Arcanine\n|-singleturn|p1a: Arcanine|Protect\n|move|p2b: Arcanine|Will-O-Wisp|p1a: Arcanine\n|-activate|p1a: Arcanine|move: Protect\n|move|p2a: Wo-Chien|Pollen Puff|p2b: Arcanine\n|-heal|p2b: Arcanine|100\/100\n|\n|upkeep\n|turn|12\n|inactive|JuanSR has 30 seconds left.\n|inactive|t4vr has 30 seconds left.\n|inactive|JuanSR has 20 seconds left.\n|\n|t:|1681686033\n|switch|p1a: Amoonguss|Amoonguss, L50, M|100\/100\n|move|p2b: Arcanine|Protect|p2b: Arcanine\n|-singleturn|p2b: Arcanine|Protect\n|move|p1b: Palafin|Protect|p1b: Palafin\n|-singleturn|p1b: Palafin|Protect\n|move|p2a: Wo-Chien|Leech Seed|p1b: Palafin\n|-activate|p1b: Palafin|move: Protect\n|\n|upkeep\n|turn|13\n|inactive|JuanSR has 30 seconds left.\n|inactive|t4vr has 30 seconds left.\n|inactive|JuanSR has 20 seconds left.\n|inactive|t4vr has 20 seconds left.\n|inactive|JuanSR has 15 seconds left.\n|inactive|t4vr has 15 seconds left.\n|inactive|t4vr has 10 seconds left.\n|\n|t:|1681686081\n|switch|p2b: Palafin|Palafin-Hero, L50, F, shiny|83\/100\n|move|p1b: Palafin|Jet Punch|p2b: Palafin\n|-resisted|p2b: Palafin\n|-damage|p2b: Palafin|59\/100\n|move|p2a: Wo-Chien|Leech Seed|p1b: Palafin\n|-start|p1b: Palafin|move: Leech Seed\n|move|p1a: Amoonguss|Spore|p2a: Wo-Chien\n|-status|p2a: Wo-Chien|slp|[from] move: Spore\n|\n|-damage|p1b: Palafin|76\/100|[from] Leech Seed|[of] p2a: Wo-Chien\n|upkeep\n|turn|14\n|inactive|t4vr has 30 seconds left.\n|\n|t:|1681686112\n|switch|p1b: Arcanine|Arcanine, L50, F|96\/100\n|-ability|p1b: Arcanine|Intimidate|boost\n|-unboost|p2a: Wo-Chien|atk|1\n|-unboost|p2b: Palafin|atk|1\n|switch|p2b: Arcanine|Arcanine, L50, M|100\/100\n|-ability|p2b: Arcanine|Intimidate|boost\n|-unboost|p1a: Amoonguss|atk|1\n|-unboost|p1b: Arcanine|atk|1\n|cant|p2a: Wo-Chien|slp\n|move|p1a: Amoonguss|Spore|p2b: Arcanine\n|-activate|p2b: Arcanine|item: Safety Goggles|Spore\n|\n|upkeep\n|turn|15\n|inactive|JuanSR has 30 seconds left.\n|\n|t:|1681686139\n|move|p1a: Amoonguss|Protect|p1a: Amoonguss\n|-singleturn|p1a: Amoonguss|Protect\n|move|p2b: Arcanine|Will-O-Wisp|p1a: Amoonguss\n|-activate|p1a: Amoonguss|move: Protect\n|move|p1b: Arcanine|Flare Blitz|p2a: Wo-Chien\n|-damage|p2a: Wo-Chien|77\/100 slp\n|-damage|p1b: Arcanine|88\/100|[from] Recoil\n|cant|p2a: Wo-Chien|slp\n|\n|-heal|p2a: Wo-Chien|83\/100 slp|[from] item: Leftovers\n|upkeep\n|turn|16\n|inactive|JuanSR has 30 seconds left this turn.\n|inactive|JuanSR has 20 seconds left.\n|inactive|JuanSR has 15 seconds left.\n|inactive|JuanSR has 10 seconds left.\n|inactive|JuanSR has 5 seconds left.\n|inactive|t4vr has 30 seconds left.\n|-message|JuanSR lost due to inactivity.\n|\n|win|t4vr\n|raw|JuanSR's rating: 1160 → 1133<\/strong> (-27 for losing)\n|raw|t4vr's rating: 1136 → 1163<\/strong> (+27 for winning)\n|l|\u2606JuanSR\n","uploadtime":1681686177,"views":15,"p1id":"juansr","p2id":"t4vr","formatid":"gen9vgc2023regulationc","rating":1133,"private":0,"password":""}