{"id":"gen9vgc2023regulationc-1858409900","p1":"Fjunior","p2":"brood34","format":"[Gen 9] VGC 2023 Regulation C","log":"|j|\u2606Fjunior\n|j|\u2606brood34\n|t:|1683309667\n|gametype|doubles\n|player|p1|Fjunior|266|1406\n|player|p2|brood34|giovanni|1359\n|teamsize|p1|6\n|teamsize|p2|6\n|gen|9\n|tier|[Gen 9] VGC 2023 Regulation C\n|rated|\n|rule|Species Clause: Limit one of each Pok\u00e9mon\n|rule|Item Clause: Limit one of each item\n|clearpoke\n|poke|p1|Flutter Mane, L50|\n|poke|p1|Garchomp, L50, F|\n|poke|p1|Chi-Yu, L50|\n|poke|p1|Tauros-Paldea-Aqua, L50, M|\n|poke|p1|Corviknight, L50, M|\n|poke|p1|Amoonguss, L50, M|\n|poke|p2|Kilowattrel, L50, M|\n|poke|p2|Great Tusk, L50|\n|poke|p2|Rotom-Heat, L50|\n|poke|p2|Palafin, L50, M|\n|poke|p2|Scizor, L50, M|\n|poke|p2|Amoonguss, L50, M|\n|teampreview|4\n|inactive|Battle timer is ON: inactive players will automatically lose when time's up. (requested by Fjunior)\n|inactive|Fjunior has 60 seconds left.\n|\n|t:|1683309704\n|start\n|switch|p1a: Drag\u00e3o Leso|Garchomp, L50, F|100\/100\n|switch|p1b: Ave Lesa|Corviknight, L50, M|100\/100\n|switch|p2a: Kilowattrel|Kilowattrel, L50, M|100\/100\n|switch|p2b: Great Tusk|Great Tusk, L50|100\/100\n|-enditem|p2b: Great Tusk|Booster Energy\n|-activate|p2b: Great Tusk|ability: Protosynthesis|[fromitem]\n|-start|p2b: Great Tusk|protosynthesisatk\n|turn|1\n|\n|t:|1683309728\n|-terastallize|p2b: Great Tusk|Ground\n|-terastallize|p1b: Ave Lesa|Dragon\n|move|p1a: Drag\u00e3o Leso|Protect|p1a: Drag\u00e3o Leso\n|-singleturn|p1a: Drag\u00e3o Leso|Protect\n|move|p2a: Kilowattrel|Tailwind|p2a: Kilowattrel\n|-sidestart|p2: brood34|move: Tailwind\n|move|p2b: Great Tusk|Headlong Rush|p1a: Drag\u00e3o Leso\n|-activate|p1a: Drag\u00e3o Leso|move: Protect\n|move|p1b: Ave Lesa|Tailwind|p1b: Ave Lesa\n|-sidestart|p1: Fjunior|move: Tailwind\n|\n|upkeep\n|turn|2\n|\n|t:|1683309753\n|move|p2a: Kilowattrel|Air Slash|p1a: Drag\u00e3o Leso\n|-damage|p1a: Drag\u00e3o Leso|65\/100\n|move|p1a: Drag\u00e3o Leso|Rock Slide|p2b: Great Tusk|[spread] p2b\n|-miss|p1a: Drag\u00e3o Leso|p2a: Kilowattrel\n|-resisted|p2b: Great Tusk\n|-damage|p2b: Great Tusk|93\/100\n|cant|p2b: Great Tusk|flinch\n|move|p1b: Ave Lesa|Brave Bird|p2b: Great Tusk\n|-damage|p2b: Great Tusk|61\/100\n|-damage|p1b: Ave Lesa|90\/100|[from] Recoil\n|\n|upkeep\n|turn|3\n|\n|t:|1683309775\n|move|p2a: Kilowattrel|Air Slash|p1a: Drag\u00e3o Leso\n|-damage|p1a: Drag\u00e3o Leso|28\/100\n|cant|p1a: Drag\u00e3o Leso|flinch\n|move|p2b: Great Tusk|Earthquake|p1a: Drag\u00e3o Leso|[spread] p1a,p1b\n|-immune|p2a: Kilowattrel\n|-damage|p1a: Drag\u00e3o Leso|0 fnt\n|-damage|p1b: Ave Lesa|40\/100\n|faint|p1a: Drag\u00e3o Leso\n|move|p1b: Ave Lesa|Brave Bird|p2b: Great Tusk\n|-damage|p2b: Great Tusk|31\/100\n|-damage|p1b: Ave Lesa|31\/100|[from] Recoil\n|\n|upkeep\n|\n|t:|1683309789\n|switch|p1a: Flutua Lesa|Flutter Mane, L50|100\/100\n|-enditem|p1a: Flutua Lesa|Booster Energy\n|-activate|p1a: Flutua Lesa|ability: Protosynthesis|[fromitem]\n|-start|p1a: Flutua Lesa|protosynthesisspa\n|turn|4\n|\n|t:|1683309811\n|-end|p2b: Great Tusk|Protosynthesis|[silent]\n|switch|p2b: Palafin|Palafin, L50, M|100\/100\n|move|p2a: Kilowattrel|Protect|p2a: Kilowattrel\n|-singleturn|p2a: Kilowattrel|Protect\n|move|p1a: Flutua Lesa|Dazzling Gleam|p2b: Palafin|[spread] p2b\n|-activate|p2a: Kilowattrel|move: Protect\n|-damage|p2b: Palafin|33\/100\n|move|p1b: Ave Lesa|Brave Bird|p2a: Kilowattrel\n|-activate|p2a: Kilowattrel|move: Protect\n|\n|-sideend|p2: brood34|move: Tailwind\n|-sideend|p1: Fjunior|move: Tailwind\n|upkeep\n|turn|5\n|inactive|brood34 has 30 seconds left.\n|\n|t:|1683309839\n|move|p2a: Kilowattrel|Tailwind|p2a: Kilowattrel\n|-sidestart|p2: brood34|move: Tailwind\n|move|p2b: Palafin|Ice Punch|p1b: Ave Lesa\n|-supereffective|p1b: Ave Lesa\n|-damage|p1b: Ave Lesa|4\/100\n|move|p1a: Flutua Lesa|Dazzling Gleam|p2b: Palafin|[spread] p2a,p2b\n|-damage|p2a: Kilowattrel|26\/100\n|-damage|p2b: Palafin|0 fnt\n|faint|p2b: Palafin\n|move|p1b: Ave Lesa|Tailwind|p1b: Ave Lesa\n|-sidestart|p1: Fjunior|move: Tailwind\n|\n|upkeep\n|\n|t:|1683309851\n|switch|p2b: Rotom|Rotom-Heat, L50|100\/100\n|turn|6\n|\n|t:|1683309864\n|move|p2a: Kilowattrel|Protect|p2a: Kilowattrel\n|-singleturn|p2a: Kilowattrel|Protect\n|move|p1a: Flutua Lesa|Dazzling Gleam|p2a: Kilowattrel|[spread] p2b\n|-activate|p2a: Kilowattrel|move: Protect\n|-resisted|p2b: Rotom\n|-damage|p2b: Rotom|83\/100\n|move|p2b: Rotom|Discharge|p1a: Flutua Lesa|[spread] p1a,p1b\n|-activate|p2a: Kilowattrel|move: Protect\n|-resisted|p1b: Ave Lesa\n|-damage|p1a: Flutua Lesa|79\/100\n|-damage|p1b: Ave Lesa|0 fnt\n|faint|p1b: Ave Lesa\n|\n|upkeep\n|\n|t:|1683309877\n|switch|p1b: Peixe Leso|Chi-Yu, L50|100\/100\n|-ability|p1b: Peixe Leso|Beads of Ruin\n|turn|7\n|inactive|brood34 has 30 seconds left.\n|inactive|brood34 has 20 seconds left.\n|\n|t:|1683309915\n|move|p2a: Kilowattrel|Air Slash|p1b: Peixe Leso\n|-damage|p1b: Peixe Leso|70\/100\n|move|p1a: Flutua Lesa|Shadow Ball|p2b: Rotom\n|-crit|p2b: Rotom\n|-damage|p2b: Rotom|0 fnt\n|faint|p2b: Rotom\n|move|p1b: Peixe Leso|Heat Wave|p2a: Kilowattrel\n|-damage|p2a: Kilowattrel|0 fnt\n|faint|p2a: Kilowattrel\n|-damage|p1b: Peixe Leso|60\/100|[from] item: Life Orb\n|\n|upkeep\n|\n|t:|1683309924\n|switch|p2a: Great Tusk|Great Tusk, L50, tera:Ground|31\/100\n|turn|8\n|c|\u2606brood34|bro i know corviknight is bulky but come on\n|\n|t:|1683309947\n|move|p1a: Flutua Lesa|Moonblast|p2a: Great Tusk\n|-damage|p2a: Great Tusk|0 fnt\n|faint|p2a: Great Tusk\n|-end|p2a: Great Tusk|Protosynthesis|[silent]\n|\n|win|Fjunior\n|raw|Fjunior's rating: 1406 → 1423<\/strong> (+17 for winning)\n|raw|brood34's rating: 1359 → 1342<\/strong> (-17 for losing)\n|c|\u2606brood34|that is a joke\n|l|\u2606brood34\n|c|\u2606Fjunior|Lol\n","uploadtime":1683309996,"views":12,"p1id":"fjunior","p2id":"brood34","formatid":"gen9vgc2023regulationc","rating":1342,"private":0,"password":""}