{"id":"gen9vgc2023regulationc-1857079098","p1":"THE TENDER","p2":"NicoHaxVGC","format":"[Gen 9] VGC 2023 Regulation C","log":"|j|\u203dTHE TENDER\n|j|\u2606NicoHaxVGC\n|t:|1683143699\n|gametype|doubles\n|player|p1|THE TENDER|169|1297\n|player|p2|NicoHaxVGC|red|1296\n|teamsize|p1|6\n|teamsize|p2|6\n|gen|9\n|tier|[Gen 9] VGC 2023 Regulation C\n|rated|\n|rule|Species Clause: Limit one of each Pok\u00e9mon\n|rule|Item Clause: Limit one of each item\n|clearpoke\n|poke|p1|Indeedee, L50, M|\n|poke|p1|Scream Tail, L50|\n|poke|p1|Flutter Mane, L50|\n|poke|p1|Armarouge, L50, M|\n|poke|p1|Gyarados, L50, M|\n|poke|p1|Kilowattrel, L50, F|\n|poke|p2|Corviknight, L50, F|\n|poke|p2|Ting-Lu, L50|\n|poke|p2|Annihilape, L50, M|\n|poke|p2|Maushold, L50|\n|poke|p2|Iron Bundle, L50|\n|poke|p2|Flutter Mane, L50|\n|teampreview|4\n|inactive|Battle timer is ON: inactive players will automatically lose when time's up. (requested by NicoHaxVGC)\n|inactive|THE TENDER has 60 seconds left.\n|inactive|THE TENDER has 30 seconds left.\n|inactive|THE TENDER has 20 seconds left.\n|\n|t:|1683143771\n|start\n|switch|p1a: Kilowattrel|Kilowattrel, L50, F|100\/100\n|switch|p1b: Scream Tail|Scream Tail, L50|100\/100\n|switch|p2a: Cyborg|Iron Bundle, L50|100\/100\n|switch|p2b: Star fire|Flutter Mane, L50|100\/100\n|-enditem|p2a: Cyborg|Booster Energy\n|-activate|p2a: Cyborg|ability: Quark Drive|[fromitem]\n|-start|p2a: Cyborg|quarkdrivespe\n|turn|1\n|inactive|THE TENDER has 30 seconds left.\n|inactive|NicoHaxVGC has 30 seconds left.\n|inactive|NicoHaxVGC has 20 seconds left.\n|\n|t:|1683143808\n|move|p2a: Cyborg|Freeze-Dry|p1a: Kilowattrel\n|-supereffective|p1a: Kilowattrel\n|-crit|p1a: Kilowattrel\n|-enditem|p1a: Kilowattrel|Focus Sash\n|-damage|p1a: Kilowattrel|1\/100\n|move|p1b: Scream Tail|Thunder Wave|p2b: Star fire\n|-status|p2b: Star fire|par\n|move|p1a: Kilowattrel|Tailwind|p1a: Kilowattrel\n|-sidestart|p1: THE TENDER|move: Tailwind\n|-start|p1a: Kilowattrel|Charge|Tailwind|[from] ability: Wind Power\n|move|p2b: Star fire|Shadow Ball|p1b: Scream Tail\n|-supereffective|p1b: Scream Tail\n|-damage|p1b: Scream Tail|19\/100\n|\n|upkeep\n|turn|2\n|inactive|THE TENDER has 30 seconds left.\n|inactive|NicoHaxVGC has 30 seconds left.\n|\n|t:|1683143841\n|-end|p2b: Star fire|Protosynthesis|[silent]\n|switch|p2b: Beast boy|Ting-Lu, L50|100\/100\n|-ability|p2b: Beast boy|Vessel of Ruin\n|-terastallize|p2a: Cyborg|Ghost\n|move|p1b: Scream Tail|Fake Tears|p2b: Beast boy\n|-unboost|p2b: Beast boy|spd|2\n|move|p1a: Kilowattrel|Thunderbolt|p2b: Beast boy\n|-immune|p2b: Beast boy\n|-end|p1a: Kilowattrel|Charge|[silent]\n|move|p2a: Cyborg|Icy Wind|p1b: Scream Tail|[spread] p1a,p1b\n|-supereffective|p1a: Kilowattrel\n|-damage|p1a: Kilowattrel|0 fnt\n|-damage|p1b: Scream Tail|9\/100\n|-unboost|p1b: Scream Tail|spe|1\n|faint|p1a: Kilowattrel\n|\n|upkeep\n|inactive|THE TENDER has 30 seconds left.\n|inactive|THE TENDER has 20 seconds left.\n|inactive|THE TENDER has 15 seconds left.\n|\n|t:|1683143885\n|switch|p1a: Armarouge|Armarouge, L50, M|100\/100\n|turn|3\n|inactive|THE TENDER has 30 seconds left.\n|inactive|NicoHaxVGC has 30 seconds left.\n|inactive|NicoHaxVGC has 20 seconds left.\n|\n|t:|1683143924\n|switch|p2b: Star fire|Flutter Mane, L50|100\/100 par\n|-terastallize|p1a: Armarouge|Grass\n|move|p2a: Cyborg|Protect|p2a: Cyborg\n|-singleturn|p2a: Cyborg|Protect\n|move|p1b: Scream Tail|Thunder Wave|p2a: Cyborg\n|-activate|p2a: Cyborg|move: Protect\n|move|p1a: Armarouge|Expanding Force|p2a: Cyborg\n|-activate|p2a: Cyborg|move: Protect\n|\n|upkeep\n|turn|4\n|inactive|THE TENDER has 30 seconds left.\n|inactive|NicoHaxVGC has 30 seconds left.\n|inactive|THE TENDER has 20 seconds left.\n|inactive|THE TENDER has 15 seconds left.\n|inactive|THE TENDER has 10 seconds left.\n|\n|t:|1683143971\n|-end|p2a: Cyborg|Quark Drive|[silent]\n|switch|p2a: Beast boy|Ting-Lu, L50|100\/100\n|-ability|p2a: Beast boy|Vessel of Ruin\n|move|p1b: Scream Tail|Fake Tears|p2b: Star fire\n|-unboost|p2b: Star fire|spd|2\n|move|p1a: Armarouge|Expanding Force|p2a: Beast boy\n|-immune|p2a: Beast boy\n|move|p2b: Star fire|Dazzling Gleam|p1b: Scream Tail|[spread] p1a,p1b\n|-damage|p1a: Armarouge|72\/100\n|-damage|p1b: Scream Tail|0 fnt\n|faint|p1b: Scream Tail\n|-end|p1b: Scream Tail|Protosynthesis|[silent]\n|\n|-sideend|p1: THE TENDER|move: Tailwind\n|upkeep\n|\n|t:|1683143986\n|switch|p1b: Flutter Mane|Flutter Mane, L50|100\/100\n|-enditem|p1b: Flutter Mane|Booster Energy\n|-activate|p1b: Flutter Mane|ability: Protosynthesis|[fromitem]\n|-start|p1b: Flutter Mane|protosynthesisspa\n|turn|5\n|\n|t:|1683144000\n|-end|p2b: Star fire|Protosynthesis|[silent]\n|switch|p2b: Raven|Corviknight, L50, F|100\/100\n|move|p1b: Flutter Mane|Moonblast|p2a: Beast boy\n|-supereffective|p2a: Beast boy\n|-damage|p2a: Beast boy|53\/100\n|move|p1a: Armarouge|Energy Ball|p2a: Beast boy\n|-supereffective|p2a: Beast boy\n|-damage|p2a: Beast boy|18\/100\n|move|p2a: Beast boy|Heavy Slam|p1b: Flutter Mane\n|-supereffective|p1b: Flutter Mane\n|-damage|p1b: Flutter Mane|7\/100\n|\n|upkeep\n|turn|6\n|inactive|NicoHaxVGC has 30 seconds left.\n|\n|t:|1683144029\n|move|p1b: Flutter Mane|Moonblast|p2a: Beast boy\n|-supereffective|p2a: Beast boy\n|-crit|p2a: Beast boy\n|-damage|p2a: Beast boy|0 fnt\n|faint|p2a: Beast boy\n|move|p1a: Armarouge|Armor Cannon|p2b: Raven\n|-supereffective|p2b: Raven\n|-damage|p2b: Raven|0 fnt\n|-unboost|p1a: Armarouge|def|1\n|-unboost|p1a: Armarouge|spd|1\n|faint|p2b: Raven\n|\n|upkeep\n|\n|t:|1683144037\n|switch|p2b: Cyborg|Iron Bundle, L50, tera:Ghost|100\/100\n|switch|p2a: Star fire|Flutter Mane, L50|100\/100 par\n|turn|7\n|inactive|NicoHaxVGC has 30 seconds left.\n|\n|t:|1683144063\n|move|p2b: Cyborg|Icy Wind|p1a: Armarouge|[spread] p1a,p1b\n|-supereffective|p1a: Armarouge\n|-damage|p1a: Armarouge|31\/100\n|-damage|p1b: Flutter Mane|0 fnt\n|-unboost|p1a: Armarouge|spe|1\n|faint|p1b: Flutter Mane\n|-end|p1b: Flutter Mane|Protosynthesis|[silent]\n|move|p2a: Star fire|Shadow Ball|p1a: Armarouge\n|-damage|p1a: Armarouge|0 fnt\n|faint|p1a: Armarouge\n|\n|win|NicoHaxVGC\n|raw|THE TENDER's rating: 1297 → 1272<\/strong> (-25 for losing)\n|raw|NicoHaxVGC's rating: 1296 → 1321<\/strong> (+25 for winning)\n|l|\u203dTHE TENDER\n","uploadtime":1683144084,"views":13,"p1id":"thetender","p2id":"nicohaxvgc","formatid":"gen9vgc2023regulationc","rating":1272,"private":0,"password":""}