{"id":"gen9vgc2023regulationc-1859489832","p1":"Shrimp Balls","p2":"duchamp01","format":"[Gen 9] VGC 2023 Regulation C","log":"|j|\u2606Shrimp Balls\n|j|\u2606duchamp01\n|t:|1683475032\n|gametype|doubles\n|player|p1|Shrimp Balls|swimmer-gen4|1167\n|player|p2|duchamp01|hooligans|1072\n|teamsize|p1|6\n|teamsize|p2|6\n|gen|9\n|tier|[Gen 9] VGC 2023 Regulation C\n|rated|\n|rule|Species Clause: Limit one of each Pok\u00e9mon\n|rule|Item Clause: Limit one of each item\n|clearpoke\n|poke|p1|Appletun, L50, F|\n|poke|p1|Scream Tail, L50|\n|poke|p1|Garganacl, L50, M|\n|poke|p1|Annihilape, L50, M|\n|poke|p1|Grimmsnarl, L50, M|\n|poke|p1|Scizor, L50, F|\n|poke|p2|Armarouge, L50, F|\n|poke|p2|Iron Hands, L50|\n|poke|p2|Chien-Pao, L50|\n|poke|p2|Ting-Lu, L50|\n|poke|p2|Indeedee-F, L50, F|\n|poke|p2|Amoonguss, L50, M|\n|teampreview|4\n|inactive|Battle timer is ON: inactive players will automatically lose when time's up. (requested by Shrimp Balls)\n|\n|t:|1683475049\n|start\n|switch|p1a: Scream Tail|Scream Tail, L50|100\/100\n|switch|p1b: Annihilape|Annihilape, L50, M|100\/100\n|switch|p2a: Armarouge|Armarouge, L50, F|100\/100\n|switch|p2b: Indeedee|Indeedee-F, L50, F|100\/100\n|-fieldstart|move: Psychic Terrain|[from] ability: Psychic Surge|[of] p2b: Indeedee\n|turn|1\n|inactive|duchamp01 has 30 seconds left.\n|\n|t:|1683475083\n|move|p2a: Armarouge|Protect|p2a: Armarouge\n|-singleturn|p2a: Armarouge|Protect\n|move|p1b: Annihilape|Fling|p2a: Armarouge\n|-activate|p2a: Armarouge|move: Protect\n|-enditem|p1b: Annihilape|Choice Scarf|[from] move: Fling\n|move|p1a: Scream Tail|Dazzling Gleam|p2a: Armarouge|[spread] p2b\n|-activate|p2a: Armarouge|move: Protect\n|-damage|p2b: Indeedee|87\/100\n|move|p2b: Indeedee|Trick Room|p2b: Indeedee\n|-fieldstart|move: Trick Room|[of] p2b: Indeedee\n|\n|upkeep\n|turn|2\n|\n|t:|1683475100\n|switch|p2b: Ting-Lu|Ting-Lu, L50|100\/100\n|-ability|p2b: Ting-Lu|Vessel of Ruin\n|move|p2a: Armarouge|Expanding Force|p1a: Scream Tail|[spread] p1a,p1b\n|-resisted|p1a: Scream Tail\n|-supereffective|p1b: Annihilape\n|-damage|p1a: Scream Tail|87\/100\n|-damage|p1b: Annihilape|5\/100\n|move|p1a: Scream Tail|Dazzling Gleam|p2a: Armarouge|[spread] p2a,p2b\n|-resisted|p2a: Armarouge\n|-supereffective|p2b: Ting-Lu\n|-crit|p2b: Ting-Lu\n|-damage|p2a: Armarouge|95\/100\n|-damage|p2b: Ting-Lu|81\/100\n|move|p1b: Annihilape|Rage Fist|p2a: Armarouge\n|-supereffective|p2a: Armarouge\n|-damage|p2a: Armarouge|0 fnt\n|faint|p2a: Armarouge\n|\n|upkeep\n|\n|t:|1683475114\n|switch|p2a: Indeedee|Indeedee-F, L50, F|87\/100\n|turn|3\n|\n|t:|1683475126\n|move|p2b: Ting-Lu|Ruination|p1a: Scream Tail\n|-damage|p1a: Scream Tail|44\/100\n|move|p2a: Indeedee|Dazzling Gleam|p1b: Annihilape|[spread] p1a,p1b\n|-supereffective|p1b: Annihilape\n|-damage|p1a: Scream Tail|39\/100\n|-damage|p1b: Annihilape|0 fnt\n|faint|p1b: Annihilape\n|move|p1a: Scream Tail|Dazzling Gleam|p2a: Indeedee|[spread] p2a,p2b\n|-supereffective|p2b: Ting-Lu\n|-damage|p2a: Indeedee|77\/100\n|-damage|p2b: Ting-Lu|68\/100\n|\n|upkeep\n|\n|t:|1683475136\n|switch|p1b: Appletun|Appletun, L50, F|100\/100\n|turn|4\n|\n|t:|1683475148\n|move|p1a: Scream Tail|Protect|p1a: Scream Tail\n|-singleturn|p1a: Scream Tail|Protect\n|move|p2b: Ting-Lu|Stomping Tantrum|p1a: Scream Tail\n|-activate|p1a: Scream Tail|move: Protect\n|move|p1b: Appletun|Apple Acid|p2b: Ting-Lu\n|-supereffective|p2b: Ting-Lu\n|-damage|p2b: Ting-Lu|44\/100\n|-unboost|p2b: Ting-Lu|spd|1\n|move|p2a: Indeedee|Dazzling Gleam|p1b: Appletun|[spread] p1b\n|-activate|p1a: Scream Tail|move: Protect\n|-supereffective|p1b: Appletun\n|-damage|p1b: Appletun|87\/100\n|\n|-heal|p1b: Appletun|93\/100|[from] item: Leftovers\n|upkeep\n|turn|5\n|\n|t:|1683475170\n|move|p2a: Indeedee|Follow Me|p2a: Indeedee\n|-singleturn|p2a: Indeedee|move: Follow Me\n|move|p2b: Ting-Lu|Stomping Tantrum|p1a: Scream Tail\n|-damage|p1a: Scream Tail|13\/100\n|move|p1b: Appletun|Apple Acid|p2a: Indeedee\n|-damage|p2a: Indeedee|56\/100\n|-unboost|p2a: Indeedee|spd|1\n|move|p1a: Scream Tail|Dazzling Gleam|p2a: Indeedee|[spread] p2a,p2b\n|-crit|p2a: Indeedee\n|-supereffective|p2b: Ting-Lu\n|-damage|p2a: Indeedee|30\/100\n|-damage|p2b: Ting-Lu|25\/100\n|\n|-heal|p1b: Appletun|99\/100|[from] item: Leftovers\n|-fieldend|move: Trick Room\n|-fieldend|move: Psychic Terrain\n|upkeep\n|turn|6\n|\n|t:|1683475187\n|switch|p2b: Chien-Pao|Chien-Pao, L50|100\/100\n|-ability|p2b: Chien-Pao|Sword of Ruin\n|move|p1a: Scream Tail|Protect|p1a: Scream Tail\n|-singleturn|p1a: Scream Tail|Protect\n|move|p2a: Indeedee|Protect|p2a: Indeedee\n|-singleturn|p2a: Indeedee|Protect\n|move|p1b: Appletun|Apple Acid|p2b: Chien-Pao\n|-damage|p2b: Chien-Pao|52\/100\n|-unboost|p2b: Chien-Pao|spd|1\n|\n|-heal|p1b: Appletun|100\/100|[from] item: Leftovers\n|upkeep\n|turn|7\n|\n|t:|1683475204\n|-terastallize|p1b: Appletun|Fire\n|move|p2b: Chien-Pao|Ice Spinner|p1b: Appletun\n|-resisted|p1b: Appletun\n|-damage|p1b: Appletun|87\/100\n|move|p1a: Scream Tail|Dazzling Gleam|p2b: Chien-Pao|[spread] p2a,p2b\n|-supereffective|p2b: Chien-Pao\n|-damage|p2a: Indeedee|8\/100\n|-damage|p2b: Chien-Pao|0 fnt\n|faint|p2b: Chien-Pao\n|move|p2a: Indeedee|Dazzling Gleam|p1a: Scream Tail|[spread] p1a,p1b\n|-resisted|p1b: Appletun\n|-damage|p1a: Scream Tail|5\/100\n|-damage|p1b: Appletun|83\/100\n|move|p1b: Appletun|Apple Acid|p2a: Indeedee\n|-damage|p2a: Indeedee|0 fnt\n|faint|p2a: Indeedee\n|\n|-heal|p1b: Appletun|89\/100|[from] item: Leftovers\n|upkeep\n|\n|t:|1683475225\n|switch|p2b: Ting-Lu|Ting-Lu, L50|25\/100\n|-ability|p2b: Ting-Lu|Vessel of Ruin\n|turn|8\n|\n|t:|1683475233\n|-terastallize|p2b: Ting-Lu|Poison\n|move|p1a: Scream Tail|Dazzling Gleam|p2b: Ting-Lu\n|-resisted|p2b: Ting-Lu\n|-damage|p2b: Ting-Lu|21\/100\n|move|p1b: Appletun|Apple Acid|p2b: Ting-Lu\n|-resisted|p2b: Ting-Lu\n|-damage|p2b: Ting-Lu|15\/100\n|-unboost|p2b: Ting-Lu|spd|1\n|move|p2b: Ting-Lu|Ruination|p1b: Appletun\n|-damage|p1b: Appletun|45\/100\n|\n|-heal|p1b: Appletun|51\/100|[from] item: Leftovers\n|upkeep\n|turn|9\n|-message|duchamp01 forfeited.\n|\n|win|Shrimp Balls\n|raw|Shrimp Balls's rating: 1167 → 1185<\/strong> (+18 for winning)\n|raw|duchamp01's rating: 1072 → 1057<\/strong> (-15 for losing)\n|l|\u2606duchamp01\n","uploadtime":1683475252,"views":7,"p1id":"shrimpballs","p2id":"duchamp01","formatid":"gen9vgc2023regulationc","rating":1057,"private":0,"password":""}