{"id":"gen9vgc2023regulationc-1854866856","p1":"NickC_VGC","p2":"sketchjj71195","format":"[Gen 9] VGC 2023 Regulation C","log":"|j|\u2606NickC_VGC\n|j|\u2606sketchjj71195\n|t:|1682875000\n|gametype|doubles\n|player|p1|NickC_VGC|170|1286\n|player|p2|sketchjj71195|170|1267\n|teamsize|p1|6\n|teamsize|p2|6\n|gen|9\n|tier|[Gen 9] VGC 2023 Regulation C\n|rated|\n|rule|Species Clause: Limit one of each Pok\u00e9mon\n|rule|Item Clause: Limit one of each item\n|clearpoke\n|poke|p1|Corviknight, L50, M|\n|poke|p1|Iron Thorns, L50|\n|poke|p1|Dragapult, L50, F|\n|poke|p1|Scream Tail, L50|\n|poke|p1|Chien-Pao, L50|\n|poke|p1|Arcanine, L50, F|\n|poke|p2|Palafin, L50, M|\n|poke|p2|Arcanine, L50, M|\n|poke|p2|Amoonguss, L50, F|\n|poke|p2|Ting-Lu, L50|\n|poke|p2|Dragonite, L50, F|\n|poke|p2|Flutter Mane, L50|\n|teampreview|4\n|\n|t:|1682875051\n|start\n|switch|p1a: Dragapult|Dragapult, L50, F|100\/100\n|switch|p1b: Scream Tail|Scream Tail, L50|100\/100\n|switch|p2a: Flutter Mane|Flutter Mane, L50|100\/100\n|switch|p2b: Arcanine|Arcanine, L50, M|100\/100\n|-ability|p2b: Arcanine|Intimidate|boost\n|-fail|p1a: Dragapult|unboost|[from] ability: Clear Body|[of] p1a: Dragapult\n|-unboost|p1b: Scream Tail|atk|1\n|-enditem|p2a: Flutter Mane|Booster Energy\n|-activate|p2a: Flutter Mane|ability: Protosynthesis|[fromitem]\n|-start|p2a: Flutter Mane|protosynthesisspa\n|-enditem|p1b: Scream Tail|Booster Energy\n|-activate|p1b: Scream Tail|ability: Protosynthesis|[fromitem]\n|-start|p1b: Scream Tail|protosynthesisspe\n|turn|1\n|\n|t:|1682875076\n|-terastallize|p1a: Dragapult|Steel\n|move|p2a: Flutter Mane|Protect|p2a: Flutter Mane\n|-singleturn|p2a: Flutter Mane|Protect\n|move|p1b: Scream Tail|Howl|p1b: Scream Tail|[spread] p1a,p1b\n|-boost|p1a: Dragapult|atk|1\n|-boost|p1b: Scream Tail|atk|1\n|move|p1a: Dragapult|Dragon Darts|p2b: Arcanine\n|-crit|p2b: Arcanine\n|-damage|p2b: Arcanine|25\/100\n|-anim|p1a: Dragapult|Dragon Darts|p2b: Arcanine\n|-damage|p2b: Arcanine|0 fnt\n|faint|p2b: Arcanine\n|-damage|p1a: Dragapult|91\/100|[from] item: Life Orb\n|\n|upkeep\n|\n|t:|1682875097\n|switch|p2b: Ting-Lu|Ting-Lu, L50|100\/100\n|-ability|p2b: Ting-Lu|Vessel of Ruin\n|turn|2\n|\n|t:|1682875115\n|move|p1b: Scream Tail|Howl|p1b: Scream Tail|[spread] p1a,p1b\n|-boost|p1a: Dragapult|atk|1\n|-boost|p1b: Scream Tail|atk|1\n|move|p1a: Dragapult|Phantom Force||[still]\n|-prepare|p1a: Dragapult|Phantom Force\n|move|p2a: Flutter Mane|Shadow Ball|p1b: Scream Tail\n|-supereffective|p1b: Scream Tail\n|-damage|p1b: Scream Tail|46\/100\n|move|p2b: Ting-Lu|Fissure|p1a: Dragapult|[miss]\n|-miss|p2b: Ting-Lu|p1a: Dragapult\n|\n|upkeep\n|turn|3\n|\n|t:|1682875139\n|-terastallize|p2a: Flutter Mane|Fairy\n|move|p1b: Scream Tail|Reflect|p1b: Scream Tail\n|-sidestart|p1: NickC_VGC|Reflect\n|move|p1a: Dragapult|Phantom Force|p2a: Flutter Mane|[from]lockedmove\n|-damage|p2a: Flutter Mane|0 fnt\n|faint|p2a: Flutter Mane\n|-end|p2a: Flutter Mane|Protosynthesis|[silent]\n|-damage|p1a: Dragapult|81\/100|[from] item: Life Orb\n|move|p2b: Ting-Lu|Stomping Tantrum|p1a: Dragapult\n|-supereffective|p1a: Dragapult\n|-damage|p1a: Dragapult|0 fnt\n|faint|p1a: Dragapult\n|\n|upkeep\n|\n|t:|1682875153\n|switch|p1a: Arcanine|Arcanine, L50, F|100\/100\n|switch|p2a: Dragonite|Dragonite, L50, F|100\/100\n|-ability|p1a: Arcanine|Intimidate|boost\n|-fail|p2a: Dragonite|unboost|Attack|[from] ability: Inner Focus|[of] p2a: Dragonite\n|-unboost|p2b: Ting-Lu|atk|1\n|turn|4\n|\n|t:|1682875176\n|move|p1b: Scream Tail|Play Rough|p2a: Dragonite\n|-supereffective|p2a: Dragonite\n|-damage|p2a: Dragonite|38\/100\n|move|p1a: Arcanine|Will-O-Wisp|p2b: Ting-Lu|[miss]\n|-miss|p1a: Arcanine|p2b: Ting-Lu\n|move|p2a: Dragonite|Iron Head|p1b: Scream Tail\n|-supereffective|p1b: Scream Tail\n|-damage|p1b: Scream Tail|22\/100\n|move|p2b: Ting-Lu|Fissure|p1a: Arcanine|[miss]\n|-miss|p2b: Ting-Lu|p1a: Arcanine\n|\n|upkeep\n|turn|5\n|\n|t:|1682875194\n|move|p2a: Dragonite|Protect|p2a: Dragonite\n|-singleturn|p2a: Dragonite|Protect\n|move|p1b: Scream Tail|Play Rough|p2a: Dragonite\n|-activate|p2a: Dragonite|move: Protect\n|move|p1a: Arcanine|Will-O-Wisp|p2b: Ting-Lu\n|-status|p2b: Ting-Lu|brn\n|move|p2b: Ting-Lu|Stomping Tantrum|p1a: Arcanine\n|-supereffective|p1a: Arcanine\n|-damage|p1a: Arcanine|66\/100\n|\n|-damage|p2b: Ting-Lu|94\/100 brn|[from] brn\n|upkeep\n|turn|6\n|\n|t:|1682875215\n|move|p2a: Dragonite|Extreme Speed|p1b: Scream Tail\n|-damage|p1b: Scream Tail|10\/100\n|move|p1b: Scream Tail|Play Rough|p2a: Dragonite|[miss]\n|-miss|p1b: Scream Tail|p2a: Dragonite\n|move|p1a: Arcanine|Will-O-Wisp|p2a: Dragonite\n|-status|p2a: Dragonite|brn\n|-enditem|p2a: Dragonite|Lum Berry|[eat]\n|-curestatus|p2a: Dragonite|brn|[msg]\n|move|p2b: Ting-Lu|Fissure|p1a: Arcanine|[miss]\n|-miss|p2b: Ting-Lu|p1a: Arcanine\n|\n|-damage|p2b: Ting-Lu|88\/100 brn|[from] brn\n|upkeep\n|turn|7\n|\n|t:|1682875233\n|move|p1a: Arcanine|Protect|p1a: Arcanine\n|-singleturn|p1a: Arcanine|Protect\n|move|p2a: Dragonite|Protect|p2a: Dragonite\n|-singleturn|p2a: Dragonite|Protect\n|move|p1b: Scream Tail|Howl|p1b: Scream Tail|[spread] p1a,p1b\n|-boost|p1a: Arcanine|atk|1\n|-boost|p1b: Scream Tail|atk|1\n|move|p2b: Ting-Lu|Rock Slide|p1b: Scream Tail|[spread] p1b\n|-activate|p1a: Arcanine|move: Protect\n|-damage|p1b: Scream Tail|8\/100\n|\n|-damage|p2b: Ting-Lu|82\/100 brn|[from] brn\n|-sideend|p1: NickC_VGC|Reflect\n|upkeep\n|turn|8\n|\n|t:|1682875255\n|move|p1a: Arcanine|Extreme Speed|p2a: Dragonite\n|-damage|p2a: Dragonite|4\/100\n|move|p2a: Dragonite|Extreme Speed|p1b: Scream Tail\n|-damage|p1b: Scream Tail|0 fnt\n|faint|p1b: Scream Tail\n|-end|p1b: Scream Tail|Protosynthesis|[silent]\n|move|p2b: Ting-Lu|Fissure|p1a: Arcanine|[miss]\n|-miss|p2b: Ting-Lu|p1a: Arcanine\n|\n|-damage|p2b: Ting-Lu|76\/100 brn|[from] brn\n|upkeep\n|\n|t:|1682875265\n|switch|p1b: Corviknight|Corviknight, L50, M|100\/100\n|turn|9\n|\n|t:|1682875282\n|move|p1a: Arcanine|Protect|p1a: Arcanine\n|-singleturn|p1a: Arcanine|Protect\n|move|p2a: Dragonite|Protect|p2a: Dragonite\n|-singleturn|p2a: Dragonite|Protect\n|move|p1b: Corviknight|Bulk Up|p1b: Corviknight\n|-boost|p1b: Corviknight|atk|1\n|-boost|p1b: Corviknight|def|1\n|move|p2b: Ting-Lu|Stomping Tantrum|p1a: Arcanine\n|-activate|p1a: Arcanine|move: Protect\n|\n|-damage|p2b: Ting-Lu|70\/100 brn|[from] brn\n|upkeep\n|turn|10\n|\n|t:|1682875299\n|move|p1a: Arcanine|Extreme Speed|p2a: Dragonite\n|-damage|p2a: Dragonite|0 fnt\n|faint|p2a: Dragonite\n|move|p1b: Corviknight|Body Press|p2b: Ting-Lu\n|-supereffective|p2b: Ting-Lu\n|-damage|p2b: Ting-Lu|40\/100 brn\n|move|p2b: Ting-Lu|Rock Slide|p1b: Corviknight|[spread] p1a,p1b\n|-supereffective|p1a: Arcanine\n|-damage|p1a: Arcanine|54\/100\n|-damage|p1b: Corviknight|98\/100\n|\n|-heal|p1b: Corviknight|100\/100|[from] item: Leftovers\n|-damage|p2b: Ting-Lu|34\/100 brn|[from] brn\n|upkeep\n|turn|11\n|-message|sketchjj71195 forfeited.\n|\n|win|NickC_VGC\n|raw|NickC_VGC's rating: 1286 → 1310<\/strong> (+24 for winning)\n|raw|sketchjj71195's rating: 1267 → 1243<\/strong> (-24 for losing)\n|l|\u2606sketchjj71195\n","uploadtime":1682875322,"views":17,"p1id":"nickcvgc","p2id":"sketchjj71195","formatid":"gen9vgc2023regulationc","rating":1243,"private":0,"password":""}