{"id":"gen9vgc2023regulationc-1852326506","p1":"dathluke","p2":"b(R)2","format":"[Gen 9] VGC 2023 Regulation C","log":"|j|\u2606dathluke\n|j|\u2606b(R)2\n|t:|1682544327\n|gametype|doubles\n|player|p1|dathluke|veteran|1202\n|player|p2|b(R)2|266|1285\n|teamsize|p1|6\n|teamsize|p2|6\n|gen|9\n|tier|[Gen 9] VGC 2023 Regulation C\n|rated|\n|rule|Species Clause: Limit one of each Pok\u00e9mon\n|rule|Item Clause: Limit one of each item\n|clearpoke\n|poke|p1|Talonflame, L50, M|\n|poke|p1|Garchomp, L50, M|\n|poke|p1|Tyranitar, L50, F|\n|poke|p1|Amoonguss, L50, F|\n|poke|p1|Palafin, L50, M|\n|poke|p1|Flutter Mane, L50|\n|poke|p2|Ting-Lu, L50|\n|poke|p2|Amoonguss, L50, F|\n|poke|p2|Garganacl, L50, M|\n|poke|p2|Arcanine, L50, F|\n|poke|p2|Roaring Moon, L50|\n|poke|p2|Iron Bundle, L50|\n|teampreview|4\ndathluke has agreed to open team sheets.\nb(R)2 has agreed to open team sheets.\n|inactive|Battle timer is ON: inactive players will automatically lose when time's up. (requested by dathluke)\n|inactive|b(R)2 has 60 seconds left.\n|\n|t:|1682544370\n|start\n|switch|p1a: Talonflame|Talonflame, L50, M|100\/100\n|switch|p1b: Tyranitar|Tyranitar, L50, F|100\/100\n|switch|p2a: Garganacl|Garganacl, L50, M|100\/100\n|switch|p2b: Arcanine|Arcanine, L50, F|100\/100\n|-ability|p2b: Arcanine|Intimidate|boost\n|-unboost|p1a: Talonflame|atk|1\n|-unboost|p1b: Tyranitar|atk|1\n|-weather|Sandstorm|[from] ability: Sand Stream|[of] p1b: Tyranitar\n|turn|1\n|inactive|dathluke has 30 seconds left.\n|inactive|dathluke has 20 seconds left.\n|inactive|dathluke has 15 seconds left.\n|\n|t:|1682544413\n|-terastallize|p2a: Garganacl|Ghost\n|move|p2b: Arcanine|Protect|p2b: Arcanine\n|-singleturn|p2b: Arcanine|Protect\n|move|p1a: Talonflame|Tailwind|p1a: Talonflame\n|-sidestart|p1: dathluke|move: Tailwind\n|move|p1b: Tyranitar|Rock Slide|p2a: Garganacl|[spread] p2a\n|-activate|p2b: Arcanine|move: Protect\n|-damage|p2a: Garganacl|86\/100\n|move|p2a: Garganacl|Salt Cure|p1a: Talonflame\n|-supereffective|p1a: Talonflame\n|-damage|p1a: Talonflame|12\/100\n|-start|p1a: Talonflame|Salt Cure\n|\n|-weather|Sandstorm|[upkeep]\n|-damage|p2b: Arcanine|94\/100|[from] Sandstorm\n|-damage|p2a: Garganacl|80\/100|[from] Sandstorm\n|-heal|p2a: Garganacl|86\/100|[from] item: Leftovers\n|-damage|p1a: Talonflame|0 fnt|[from] Salt Cure\n|faint|p1a: Talonflame\n|upkeep\n|\n|t:|1682544432\n|switch|p1a: Flutter Mane|Flutter Mane, L50|100\/100\n|turn|2\n|\n|t:|1682544454\n|move|p1a: Flutter Mane|Shadow Ball|p2a: Garganacl\n|-supereffective|p2a: Garganacl\n|-damage|p2a: Garganacl|42\/100\n|-unboost|p2a: Garganacl|spd|1\n|move|p1b: Tyranitar|Assurance|p2a: Garganacl\n|-supereffective|p2a: Garganacl\n|-damage|p2a: Garganacl|0 fnt\n|faint|p2a: Garganacl\n|move|p2b: Arcanine|Flare Blitz|p1a: Flutter Mane\n|-damage|p1a: Flutter Mane|12\/100\n|-damage|p2b: Arcanine|71\/100|[from] Recoil\n|\n|-weather|Sandstorm|[upkeep]\n|-damage|p1a: Flutter Mane|6\/100|[from] Sandstorm\n|-damage|p2b: Arcanine|64\/100|[from] Sandstorm\n|upkeep\n|\n|t:|1682544472\n|switch|p2a: Iron Bundle|Iron Bundle, L50|100\/100\n|turn|3\n|\n|t:|1682544483\n|move|p2a: Iron Bundle|Protect|p2a: Iron Bundle\n|-singleturn|p2a: Iron Bundle|Protect\n|move|p2b: Arcanine|Protect|p2b: Arcanine\n|-singleturn|p2b: Arcanine|Protect\n|move|p1a: Flutter Mane|Shadow Ball|p2a: Iron Bundle\n|-activate|p2a: Iron Bundle|move: Protect\n|move|p1b: Tyranitar|Rock Slide|p2a: Iron Bundle|[spread] \n|-activate|p2a: Iron Bundle|move: Protect\n|-activate|p2b: Arcanine|move: Protect\n|\n|-weather|Sandstorm|[upkeep]\n|-damage|p1a: Flutter Mane|0 fnt|[from] Sandstorm\n|-damage|p2a: Iron Bundle|94\/100|[from] Sandstorm\n|-damage|p2b: Arcanine|58\/100|[from] Sandstorm\n|faint|p1a: Flutter Mane\n|-end|p1a: Flutter Mane|Protosynthesis|[silent]\n|upkeep\n|\n|t:|1682544495\n|switch|p1a: Amoonguss|Amoonguss, L50, F|100\/100\n|turn|4\n|\n|t:|1682544507\n|-end|p2a: Iron Bundle|Quark Drive|[silent]\n|switch|p2a: Amoonguss|Amoonguss, L50, F|100\/100\n|-terastallize|p1a: Amoonguss|Water\n|move|p1a: Amoonguss|Rage Powder|p1a: Amoonguss\n|-singleturn|p1a: Amoonguss|move: Rage Powder\n|move|p1b: Tyranitar|Rock Slide|p2a: Amoonguss|[spread] p2a,p2b\n|-supereffective|p2b: Arcanine\n|-crit|p2b: Arcanine\n|-damage|p2a: Amoonguss|81\/100\n|-damage|p2b: Arcanine|0 fnt\n|faint|p2b: Arcanine\n|\n|-weather|Sandstorm|[upkeep]\n|-damage|p1a: Amoonguss|95\/100|[from] Sandstorm\n|-damage|p2a: Amoonguss|75\/100|[from] Sandstorm\n|-sideend|p1: dathluke|move: Tailwind\n|upkeep\n|\n|t:|1682544519\n|switch|p2b: Iron Bundle|Iron Bundle, L50|94\/100\n|turn|5\n|\n|t:|1682544536\n|move|p1a: Amoonguss|Rage Powder|p1a: Amoonguss\n|-singleturn|p1a: Amoonguss|move: Rage Powder\n|move|p2b: Iron Bundle|Freeze-Dry|p1a: Amoonguss\n|-supereffective|p1a: Amoonguss\n|-damage|p1a: Amoonguss|31\/100\n|-status|p1a: Amoonguss|frz\n|-enditem|p1a: Amoonguss|Sitrus Berry|[eat]\n|-heal|p1a: Amoonguss|56\/100 frz|[from] item: Sitrus Berry\n|move|p1b: Tyranitar|Rock Slide|p2a: Amoonguss|[spread] p2a,p2b\n|-supereffective|p2b: Iron Bundle\n|-damage|p2a: Amoonguss|59\/100\n|-damage|p2b: Iron Bundle|44\/100\n|cant|p2a: Amoonguss|flinch\n|\n|-weather|none\n|upkeep\n|turn|6\n|\n|t:|1682544561\n|cant|p1a: Amoonguss|frz\n|move|p2b: Iron Bundle|Freeze-Dry|p1a: Amoonguss\n|-supereffective|p1a: Amoonguss\n|-damage|p1a: Amoonguss|0 fnt\n|faint|p1a: Amoonguss\n|move|p1b: Tyranitar|Assurance|p2b: Iron Bundle\n|-damage|p2b: Iron Bundle|14\/100\n|move|p2a: Amoonguss|Pollen Puff|p2b: Iron Bundle\n|-heal|p2b: Iron Bundle|64\/100\n|\n|upkeep\n|turn|7\n|\n|t:|1682544576\n|move|p2b: Iron Bundle|Hydro Pump|p1b: Tyranitar\n|-supereffective|p1b: Tyranitar\n|-damage|p1b: Tyranitar|24\/100\n|move|p1b: Tyranitar|Rock Slide|p2b: Iron Bundle|[spread] p2a\n|-miss|p1b: Tyranitar|p2b: Iron Bundle\n|-damage|p2a: Amoonguss|40\/100\n|-enditem|p2a: Amoonguss|Sitrus Berry|[eat]\n|-heal|p2a: Amoonguss|65\/100|[from] item: Sitrus Berry\n|move|p2a: Amoonguss|Pollen Puff|p2b: Iron Bundle\n|-heal|p2b: Iron Bundle|100\/100\n|\n|upkeep\n|turn|8\n|-message|dathluke forfeited.\n|\n|win|b(R)2\n|raw|dathluke's rating: 1202 → 1183<\/strong> (-19 for losing)\n|raw|b(R)2's rating: 1285 → 1304<\/strong> (+19 for winning)\n|l|\u2606dathluke\n","uploadtime":1682544591,"views":21,"p1id":"dathluke","p2id":"br2","formatid":"gen9vgc2023regulationc","rating":1183,"private":0,"password":""}