{"id":"gen9vgc2023regulationc-1862152137","p1":"Soooma","p2":"BIG BOSS 777 VGC","format":"[Gen 9] VGC 2023 Regulation C","log":"|j|\u2606Soooma\n|j|\u2606BIG BOSS 777 VGC\n|t:|1683842627\n|gametype|doubles\n|player|p1|Soooma|101|1429\n|player|p2|BIG BOSS 777 VGC|265|1517\n|teamsize|p1|6\n|teamsize|p2|6\n|gen|9\n|tier|[Gen 9] VGC 2023 Regulation C\n|rated|\n|rule|Species Clause: Limit one of each Pok\u00e9mon\n|rule|Item Clause: Limit one of each item\n|clearpoke\n|poke|p1|Staraptor, L50, M|\n|poke|p1|Scream Tail, L50|\n|poke|p1|Annihilape, L50, M|\n|poke|p1|Talonflame, L50, F|\n|poke|p1|Great Tusk, L50|\n|poke|p1|Torkoal, L50, F|\n|poke|p2|Iron Hands, L50|\n|poke|p2|Chien-Pao, L50|\n|poke|p2|Kingambit, L50, M|\n|poke|p2|Tatsugiri, L50, F|\n|poke|p2|Dondozo, L50, F|\n|poke|p2|Grimmsnarl, L50, M|\n|teampreview|4\n|\n|t:|1683842640\n|start\n|switch|p1a: Scream Tail|Scream Tail, L50|100\/100\n|switch|p1b: Annihilape|Annihilape, L50, M|100\/100\n|switch|p2a: Tatsugiri|Tatsugiri, L50, F|100\/100\n|switch|p2b: Dondozo|Dondozo, L50, F|100\/100\n|-activate|p2a: Tatsugiri|ability: Commander|[of] p2b: Dondozo\n|-boost|p2b: Dondozo|atk|2\n|-boost|p2b: Dondozo|spa|2\n|-boost|p2b: Dondozo|spe|2\n|-boost|p2b: Dondozo|def|2\n|-boost|p2b: Dondozo|spd|2\n|-enditem|p1a: Scream Tail|Booster Energy\n|-activate|p1a: Scream Tail|ability: Protosynthesis|[fromitem]\n|-start|p1a: Scream Tail|protosynthesisspe\n|turn|1\n|inactive|Battle timer is ON: inactive players will automatically lose when time's up. (requested by Soooma)\n|\n|t:|1683842669\n|move|p1b: Annihilape|Protect|p1b: Annihilape\n|-singleturn|p1b: Annihilape|Protect\n|move|p1a: Scream Tail|Thunder Wave|p2b: Dondozo\n|-status|p2b: Dondozo|par\n|cant|p2b: Dondozo|par\n|\n|upkeep\n|turn|2\n|\n|t:|1683842683\n|move|p1a: Scream Tail|Howl|p1a: Scream Tail|[spread] p1a,p1b\n|-boost|p1a: Scream Tail|atk|1\n|-boost|p1b: Annihilape|atk|1\n|move|p1b: Annihilape|Drain Punch|p2b: Dondozo\n|-damage|p2b: Dondozo|85\/100 par\n|move|p2b: Dondozo|Rock Slide|p1a: Scream Tail|[spread] p1a,p1b\n|-resisted|p1b: Annihilape\n|-crit|p1b: Annihilape\n|-damage|p1a: Scream Tail|77\/100\n|-damage|p1b: Annihilape|76\/100\n|\n|-heal|p1b: Annihilape|82\/100|[from] item: Leftovers\n|upkeep\n|turn|3\n|\n|t:|1683842700\n|move|p1a: Scream Tail|Howl|p1a: Scream Tail|[spread] p1a,p1b\n|-boost|p1a: Scream Tail|atk|1\n|-boost|p1b: Annihilape|atk|1\n|move|p1b: Annihilape|Drain Punch|p2b: Dondozo\n|-damage|p2b: Dondozo|62\/100 par\n|-heal|p1b: Annihilape|94\/100|[from] drain|[of] p2b: Dondozo\n|move|p2b: Dondozo|Wave Crash|p1b: Annihilape\n|-damage|p1b: Annihilape|0 fnt\n|faint|p1b: Annihilape\n|-damage|p2b: Dondozo|33\/100 par|[from] Recoil\n|\n|upkeep\n|\n|t:|1683842712\n|switch|p1b: Staraptor|Staraptor, L50, M|100\/100\n|turn|4\n|\n|t:|1683842724\n|move|p1a: Scream Tail|Howl|p1a: Scream Tail|[spread] p1a,p1b\n|-boost|p1a: Scream Tail|atk|1\n|-boost|p1b: Staraptor|atk|1\n|move|p1b: Staraptor|Brave Bird|p2b: Dondozo\n|-damage|p2b: Dondozo|0 fnt\n|faint|p2b: Dondozo\n|-damage|p1b: Staraptor|86\/100|[from] Recoil\n|\n|upkeep\n|\n|t:|1683842740\n|switch|p2b: Chien-Pao|Chien-Pao, L50|100\/100\n|-ability|p2b: Chien-Pao|Sword of Ruin\n|turn|5\n|\n|t:|1683842758\n|-terastallize|p2a: Tatsugiri|Steel\n|move|p1b: Staraptor|Protect|p1b: Staraptor\n|-singleturn|p1b: Staraptor|Protect\n|move|p1a: Scream Tail|Play Rough|p2a: Tatsugiri\n|-resisted|p2a: Tatsugiri\n|-damage|p2a: Tatsugiri|33\/100\n|move|p2a: Tatsugiri|Muddy Water|p1b: Staraptor|[spread] p1a\n|-activate|p1b: Staraptor|move: Protect\n|-damage|p1a: Scream Tail|53\/100\n|move|p2b: Chien-Pao|Ice Spinner|p1b: Staraptor\n|-activate|p1b: Staraptor|move: Protect\n|\n|upkeep\n|turn|6\n|inactive|Soooma has 30 seconds left.\n|\n|t:|1683842785\n|move|p1b: Staraptor|Quick Attack|p2b: Chien-Pao\n|-damage|p2b: Chien-Pao|55\/100\n|move|p1a: Scream Tail|Play Rough|p2b: Chien-Pao\n|-supereffective|p2b: Chien-Pao\n|-damage|p2b: Chien-Pao|0 fnt\n|faint|p2b: Chien-Pao\n|move|p2a: Tatsugiri|Muddy Water|p1b: Staraptor|[spread] p1a,p1b\n|-damage|p1a: Scream Tail|29\/100\n|-damage|p1b: Staraptor|32\/100\n|-unboost|p1a: Scream Tail|accuracy|1\n|\n|upkeep\n|\n|t:|1683842799\n|switch|p2b: Kingambit|Kingambit, L50, M|100\/100\n|-activate|p2b: Kingambit|ability: Supreme Overlord\n|-start|p2b: Kingambit|fallen2|[silent]\n|turn|7\n|inactive|Soooma has 30 seconds left.\n|inactive|Soooma has 20 seconds left.\n|inactive|Soooma has 15 seconds left.\n|\n|t:|1683842841\n|move|p2b: Kingambit|Sucker Punch||[still]\n|-fail|p2b: Kingambit\n|move|p1a: Scream Tail|Thunder Wave|p2a: Tatsugiri\n|-status|p2a: Tatsugiri|par\n|move|p1b: Staraptor|Tailwind|p1b: Staraptor\n|-sidestart|p1: Soooma|move: Tailwind\n|move|p2a: Tatsugiri|Muddy Water|p1b: Staraptor|[spread] p1a,p1b\n|-damage|p1a: Scream Tail|6\/100\n|-damage|p1b: Staraptor|0 fnt\n|faint|p1b: Staraptor\n|\n|upkeep\n|\n|t:|1683842851\n|switch|p1b: Great Tusk|Great Tusk, L50|100\/100\n|turn|8\n|\n|t:|1683842866\n|-terastallize|p1b: Great Tusk|Ground\n|move|p2b: Kingambit|Sucker Punch|p1b: Great Tusk\n|-damage|p1b: Great Tusk|49\/100\n|move|p1a: Scream Tail|Encore|p2b: Kingambit|[miss]\n|-miss|p1a: Scream Tail|p2b: Kingambit\n|move|p1b: Great Tusk|Earthquake|p2a: Tatsugiri|[spread] p1a,p2a,p2b\n|-supereffective|p2a: Tatsugiri\n|-supereffective|p2b: Kingambit\n|-damage|p1a: Scream Tail|0 fnt\n|-damage|p2a: Tatsugiri|0 fnt\n|-damage|p2b: Kingambit|23\/100\n|faint|p1a: Scream Tail\n|-end|p1a: Scream Tail|Protosynthesis|[silent]\n|faint|p2a: Tatsugiri\n|\n|upkeep\n|turn|9\n|\n|t:|1683842881\n|move|p2b: Kingambit|Sucker Punch|p1b: Great Tusk\n|-damage|p1b: Great Tusk|0 fnt\n|faint|p1b: Great Tusk\n|-end|p1b: Great Tusk|Protosynthesis|[silent]\n|\n|win|BIG BOSS 777 VGC\n|raw|Soooma's rating: 1429 → 1414<\/strong> (-15 for losing)\n|raw|BIG BOSS 777 VGC's rating: 1517 → 1532<\/strong> (+15 for winning)\n|c|\u2606Soooma|gg\n|l|\u2606Soooma\n","uploadtime":1683842889,"views":7,"p1id":"soooma","p2id":"bigboss777vgc","formatid":"gen9vgc2023regulationc","rating":1414,"private":0,"password":""}