{"id":"gen9vgc2023regulationc-1860761302","p1":"Enzowhat","p2":"RadiantBlue4552","format":"[Gen 9] VGC 2023 Regulation C","log":"|j|\u2606Enzowhat\n|j|\u2606RadiantBlue4552\n|t:|1683674707\n|gametype|doubles\n|player|p1|Enzowhat|roxie|1245\n|player|p2|RadiantBlue4552|266|1331\n|teamsize|p1|6\n|teamsize|p2|6\n|gen|9\n|tier|[Gen 9] VGC 2023 Regulation C\n|rated|\n|rule|Species Clause: Limit one of each Pok\u00e9mon\n|rule|Item Clause: Limit one of each item\n|clearpoke\n|poke|p1|Scream Tail, L50|\n|poke|p1|Annihilape, L50, F|\n|poke|p1|Amoonguss, L50, M|\n|poke|p1|Grimmsnarl, L50, M|\n|poke|p1|Dragapult, L50, F|\n|poke|p1|Flutter Mane, L50|\n|poke|p2|Kingambit, L50, M|\n|poke|p2|Hariyama, L50, F|\n|poke|p2|Garchomp, L50, F|\n|poke|p2|Torkoal, L50, M|\n|poke|p2|Brute Bonnet, L50|\n|poke|p2|Oranguru, L50, F|\n|teampreview|4\n|\n|t:|1683674724\n|start\n|switch|p1a: Scream Tail|Scream Tail, L50|100\/100\n|switch|p1b: Amoonguss|Amoonguss, L50, M|100\/100\n|switch|p2a: Hariyama|Hariyama, L50, F|100\/100\n|switch|p2b: Oranguru|Oranguru, L50, F|100\/100\n|-enditem|p1a: Scream Tail|Booster Energy\n|-activate|p1a: Scream Tail|ability: Protosynthesis|[fromitem]\n|-start|p1a: Scream Tail|protosynthesisspe\n|turn|1\n|inactive|Battle timer is ON: inactive players will automatically lose when time's up. (requested by Enzowhat)\n|\n|t:|1683674747\n|move|p2a: Hariyama|Fake Out|p1b: Amoonguss\n|-damage|p1b: Amoonguss|86\/100\n|move|p1a: Scream Tail|Encore|p2a: Hariyama\n|-start|p2a: Hariyama|Encore\n|cant|p1b: Amoonguss|flinch\n|move|p2b: Oranguru|Trick Room|p2b: Oranguru\n|-fieldstart|move: Trick Room|[of] p2b: Oranguru\n|\n|-status|p2a: Hariyama|brn|[from] item: Flame Orb\n|upkeep\n|turn|2\n|\n|t:|1683674768\n|switch|p2a: Torkoal|Torkoal, L50, M|100\/100\n|-weather|SunnyDay|[from] ability: Drought|[of] p2a: Torkoal\n|switch|p2b: Brute Bonnet|Brute Bonnet, L50|100\/100\n|-activate|p2b: Brute Bonnet|ability: Protosynthesis\n|-start|p2b: Brute Bonnet|protosynthesisatk\n|move|p1b: Amoonguss|Spore|p2a: Torkoal\n|-status|p2a: Torkoal|slp|[from] move: Spore\n|move|p1a: Scream Tail|Perish Song|p1a: Scream Tail\n|-start|p1a: Scream Tail|perish3|[silent]\n|-start|p1b: Amoonguss|perish3|[silent]\n|-start|p2a: Torkoal|perish3|[silent]\n|-start|p2b: Brute Bonnet|perish3|[silent]\n|-fieldactivate|move: Perish Song\n|\n|-weather|SunnyDay|[upkeep]\n|-start|p2a: Torkoal|perish3\n|-start|p1b: Amoonguss|perish3\n|-start|p2b: Brute Bonnet|perish3\n|-start|p1a: Scream Tail|perish3\n|upkeep\n|turn|3\n|inactive|Enzowhat has 30 seconds left.\n|inactive|RadiantBlue4552 has 30 seconds left.\n|\n|t:|1683674794\n|switch|p2a: Hariyama|Hariyama, L50, F|100\/100 brn\n|switch|p1b: Dragapult|Dragapult, L50, F|100\/100\n|move|p2b: Brute Bonnet|Crunch|p1a: Scream Tail\n|-crit|p1a: Scream Tail\n|-damage|p1a: Scream Tail|26\/100\n|move|p1a: Scream Tail|Howl|p1a: Scream Tail|[spread] p1a,p1b\n|-boost|p1a: Scream Tail|atk|1\n|-boost|p1b: Dragapult|atk|1\n|\n|-weather|SunnyDay|[upkeep]\n|-damage|p2a: Hariyama|95\/100 brn|[from] brn\n|-start|p2b: Brute Bonnet|perish2\n|-start|p1a: Scream Tail|perish2\n|upkeep\n|turn|4\n|\n|t:|1683674819\n|-end|p1a: Scream Tail|Protosynthesis|[silent]\n|switch|p1a: Amoonguss|Amoonguss, L50, M|100\/100\n|-terastallize|p1b: Dragapult|Steel\n|move|p2a: Hariyama|Bullet Punch|p1a: Amoonguss\n|-damage|p1a: Amoonguss|82\/100\n|move|p2b: Brute Bonnet|Crunch|p1b: Dragapult\n|-damage|p1b: Dragapult|26\/100\n|move|p1b: Dragapult|Dragon Darts|p2b: Brute Bonnet\n|-damage|p2b: Brute Bonnet|55\/100\n|-anim|p1b: Dragapult|Dragon Darts|p2a: Hariyama\n|-damage|p2a: Hariyama|39\/100 brn\n|\n|-weather|SunnyDay|[upkeep]\n|-damage|p2a: Hariyama|33\/100 brn|[from] brn\n|-start|p2b: Brute Bonnet|perish1\n|upkeep\n|turn|5\n|inactive|RadiantBlue4552 has 30 seconds left.\n|\n|t:|1683674846\n|switch|p2a: Torkoal|Torkoal, L50, M|100\/100 slp\n|-end|p2b: Brute Bonnet|Protosynthesis|[silent]\n|switch|p2b: Oranguru|Oranguru, L50, F|100\/100\n|switch|p1b: Annihilape|Annihilape, L50, F|100\/100\n|move|p1a: Amoonguss|Spore|p2a: Torkoal\n|-fail|p2a: Torkoal|slp\n|\n|-weather|SunnyDay|[upkeep]\n|-fieldend|move: Trick Room\n|upkeep\n|turn|6\n|\n|t:|1683674870\n|move|p1b: Annihilape|Bulk Up|p1b: Annihilape\n|-boost|p1b: Annihilape|atk|1\n|-boost|p1b: Annihilape|def|1\n|move|p2b: Oranguru|Yawn|p1b: Annihilape\n|-start|p1b: Annihilape|move: Yawn|[of] p2b: Oranguru\n|move|p1a: Amoonguss|Spore|p2b: Oranguru\n|-status|p2b: Oranguru|slp|[from] move: Spore\n|cant|p2a: Torkoal|slp\n|\n|-weather|none\n|upkeep\n|turn|7\n|\n|t:|1683674891\n|switch|p1a: Dragapult|Dragapult, L50, F, tera:Steel|26\/100\n|-curestatus|p2a: Torkoal|slp|[msg]\n|move|p2a: Torkoal|Protect|p2a: Torkoal\n|-singleturn|p2a: Torkoal|Protect\n|move|p1b: Annihilape|Drain Punch|p2a: Torkoal\n|-activate|p2a: Torkoal|move: Protect\n|cant|p2b: Oranguru|slp\n|\n|-end|p1b: Annihilape|move: Yawn|[silent]\n|-status|p1b: Annihilape|slp\n|upkeep\n|turn|8\n|\n|t:|1683674913\n|-terastallize|p2a: Torkoal|Fire\n|move|p1a: Dragapult|Dragon Darts|p2a: Torkoal\n|-damage|p2a: Torkoal|72\/100\n|-anim|p1a: Dragapult|Dragon Darts|p2b: Oranguru\n|-damage|p2b: Oranguru|62\/100 slp\n|cant|p1b: Annihilape|slp\n|move|p2a: Torkoal|Eruption|p1b: Annihilape|[spread] p1a,p1b\n|-supereffective|p1a: Dragapult\n|-damage|p1a: Dragapult|0 fnt\n|-damage|p1b: Annihilape|47\/100 slp\n|faint|p1a: Dragapult\n|-curestatus|p2b: Oranguru|slp|[msg]\n|move|p2b: Oranguru|Trick Room|p2b: Oranguru\n|-fieldstart|move: Trick Room|[of] p2b: Oranguru\n|\n|-heal|p1b: Annihilape|53\/100 slp|[from] item: Leftovers\n|upkeep\n|\n|t:|1683674933\n|switch|p1a: Amoonguss|Amoonguss, L50, M|100\/100\n|turn|9\n|\n|t:|1683674941\n|move|p2a: Torkoal|Overheat|p1a: Amoonguss\n|-supereffective|p1a: Amoonguss\n|-damage|p1a: Amoonguss|0 fnt\n|-unboost|p2a: Torkoal|spa|2\n|faint|p1a: Amoonguss\n|move|p2b: Oranguru|Instruct|p2a: Torkoal\n|-singleturn|p2a: Torkoal|move: Instruct|[of] p2b: Oranguru\n|move|p2a: Torkoal|Overheat|p1b: Annihilape\n|-damage|p1b: Annihilape|12\/100 slp\n|-unboost|p2a: Torkoal|spa|2\n|cant|p1b: Annihilape|slp\n|\n|-heal|p1b: Annihilape|18\/100 slp|[from] item: Leftovers\n|upkeep\n|\n|t:|1683674957\n|switch|p1a: Scream Tail|Scream Tail, L50|26\/100\n|turn|10\n|\n|t:|1683674971\n|switch|p2a: Hariyama|Hariyama, L50, F|33\/100 brn\n|move|p2b: Oranguru|Psychic|p1b: Annihilape\n|-supereffective|p1b: Annihilape\n|-damage|p1b: Annihilape|0 fnt\n|faint|p1b: Annihilape\n|move|p1a: Scream Tail|Play Rough|p2a: Hariyama\n|-supereffective|p2a: Hariyama\n|-damage|p2a: Hariyama|0 fnt\n|faint|p2a: Hariyama\n|\n|upkeep\n|\n|t:|1683674981\n|switch|p2a: Torkoal|Torkoal, L50, M, tera:Fire|72\/100\n|-weather|SunnyDay|[from] ability: Drought|[of] p2a: Torkoal\n|-activate|p1a: Scream Tail|ability: Protosynthesis\n|-start|p1a: Scream Tail|protosynthesisspe\n|turn|11\n|-message|Enzowhat forfeited.\n|\n|win|RadiantBlue4552\n|raw|Enzowhat's rating: 1245 → 1226<\/strong> (-19 for losing)\n|raw|RadiantBlue4552's rating: 1331 → 1346<\/strong> (+15 for winning)\n|l|\u2606Enzowhat\n","uploadtime":1683674994,"views":16,"p1id":"enzowhat","p2id":"radiantblue4552","formatid":"gen9vgc2023regulationc","rating":1226,"private":0,"password":""}