{"id":"gen9vgc2023regulationc-1856495519","p1":"HocusPocusAlakazam","p2":"abacatemistico","format":"[Gen 9] VGC 2023 Regulation C","log":"|j|\u2606HocusPocusAlakazam\n|j|\u2606abacatemistico\n|t:|1683067988\n|gametype|doubles\n|player|p1|HocusPocusAlakazam|colress|1123\n|player|p2|abacatemistico|hilbert|1165\n|teamsize|p1|6\n|teamsize|p2|6\n|gen|9\n|tier|[Gen 9] VGC 2023 Regulation C\n|rated|\n|rule|Species Clause: Limit one of each Pok\u00e9mon\n|rule|Item Clause: Limit one of each item\n|clearpoke\n|poke|p1|Arcanine, L50, F|\n|poke|p1|Amoonguss, L50, M|\n|poke|p1|Flutter Mane, L50|\n|poke|p1|Palafin, L50, M|\n|poke|p1|Baxcalibur, L50, F|\n|poke|p1|Ting-Lu, L50|\n|poke|p2|Krookodile, L50, F|\n|poke|p2|Meowscarada, L50, F|\n|poke|p2|Flamigo, L50, F|\n|poke|p2|Tinkaton, L50, F|\n|poke|p2|Arcanine, L50, M|\n|poke|p2|Baxcalibur, L50, M|\n|teampreview|4\nHocusPocusAlakazam has agreed to open team sheets.\n|inactive|Battle timer is ON: inactive players will automatically lose when time's up. (requested by abacatemistico)\nabacatemistico rejected open team sheets.\n|inactive|HocusPocusAlakazam has 60 seconds left.\n|\n|t:|1683068054\n|start\n|switch|p1a: Arcanine|Arcanine, L50, F|100\/100\n|switch|p1b: Amoonguss|Amoonguss, L50, M|100\/100\n|switch|p2a: Meowscarada|Meowscarada, L50, F|100\/100\n|switch|p2b: Krookodile|Krookodile, L50, F|100\/100\n|-ability|p1a: Arcanine|Intimidate|boost\n|-unboost|p2a: Meowscarada|atk|1\n|-unboost|p2b: Krookodile|atk|1\n|turn|1\n|\n|t:|1683068069\n|-terastallize|p2b: Krookodile|Poison\n|-terastallize|p1a: Arcanine|Flying\n|move|p1b: Amoonguss|Protect|p1b: Amoonguss\n|-singleturn|p1b: Amoonguss|Protect\n|move|p2a: Meowscarada|Flower Trick|p2b: Krookodile\n|-resisted|p2b: Krookodile\n|-crit|p2b: Krookodile\n|-damage|p2b: Krookodile|75\/100\n|-setboost|p2b: Krookodile|atk|6|[from] ability: Anger Point\n|move|p2b: Krookodile|Earthquake|p1b: Amoonguss|[spread] p2a\n|-activate|p1b: Amoonguss|move: Protect\n|-immune|p1a: Arcanine\n|-resisted|p2a: Meowscarada\n|-enditem|p2a: Meowscarada|Focus Sash\n|-damage|p2a: Meowscarada|1\/100\n|move|p1a: Arcanine|Will-O-Wisp|p2b: Krookodile\n|-status|p2b: Krookodile|brn\n|\n|-damage|p2b: Krookodile|69\/100 brn|[from] brn\n|upkeep\n|turn|2\n|inactive|abacatemistico has 30 seconds left.\n|\n|t:|1683068095\n|move|p2a: Meowscarada|Protect|p2a: Meowscarada\n|-singleturn|p2a: Meowscarada|Protect\n|move|p1a: Arcanine|Extreme Speed|p2a: Meowscarada\n|-activate|p2a: Meowscarada|move: Protect\n|move|p1b: Amoonguss|Rage Powder|p1b: Amoonguss\n|-singleturn|p1b: Amoonguss|move: Rage Powder\n|move|p2b: Krookodile|Rock Slide|p1a: Arcanine|[spread] p1a,p1b\n|-supereffective|p1a: Arcanine\n|-damage|p1a: Arcanine|25\/100\n|-damage|p1b: Amoonguss|69\/100\n|\n|-damage|p2b: Krookodile|63\/100 brn|[from] brn\n|upkeep\n|turn|3\n|inactive|HocusPocusAlakazam has 30 seconds left.\n|inactive|HocusPocusAlakazam has 20 seconds left.\n|\n|t:|1683068134\n|move|p1a: Arcanine|Extreme Speed|p2b: Krookodile\n|-damage|p2b: Krookodile|36\/100 brn\n|move|p2a: Meowscarada|Sucker Punch||[still]\n|-fail|p2a: Meowscarada\n|move|p2b: Krookodile|Gunk Shot|p1b: Amoonguss\n|-damage|p1b: Amoonguss|0 fnt\n|faint|p1b: Amoonguss\n|\n|-damage|p2b: Krookodile|30\/100 brn|[from] brn\n|upkeep\n|\n|t:|1683068144\n|switch|p1b: Flutter Mane|Flutter Mane, L50, shiny|100\/100\n|turn|4\n|\n|t:|1683068155\n|move|p1a: Arcanine|Extreme Speed|p2a: Meowscarada\n|-crit|p2a: Meowscarada\n|-damage|p2a: Meowscarada|0 fnt\n|faint|p2a: Meowscarada\n|move|p1b: Flutter Mane|Moonblast|p2b: Krookodile\n|-resisted|p2b: Krookodile\n|-damage|p2b: Krookodile|0 fnt\n|faint|p2b: Krookodile\n|\n|upkeep\n|\n|t:|1683068164\n|switch|p2a: Flamigo|Flamigo, L50, F|100\/100\n|switch|p2b: Arcanine|Arcanine, L50, M|100\/100\n|-ability|p2b: Arcanine|Intimidate|boost\n|-unboost|p1a: Arcanine|atk|1\n|-unboost|p1b: Flutter Mane|atk|1\n|-copyboost|p2a: Flamigo|p2b: Arcanine|[from] ability: Costar\n|turn|5\n|\n|t:|1683068183\n|switch|p1a: Baxcalibur|Baxcalibur, L50, F|100\/100\n|move|p2a: Flamigo|Detect|p2a: Flamigo\n|-singleturn|p2a: Flamigo|Protect\n|move|p1b: Flutter Mane|Moonblast|p2a: Flamigo\n|-activate|p2a: Flamigo|move: Protect\n|move|p2b: Arcanine|Snarl|p1b: Flutter Mane|[spread] p1a,p1b\n|-damage|p1a: Baxcalibur|92\/100\n|-damage|p1b: Flutter Mane|90\/100\n|-unboost|p1b: Flutter Mane|spa|1\n|\n|upkeep\n|turn|6\n|\n|t:|1683068207\n|-end|p1b: Flutter Mane|Protosynthesis|[silent]\n|switch|p1b: Arcanine|Arcanine, L50, F, tera:Flying|25\/100\n|-ability|p1b: Arcanine|Intimidate|boost\n|-unboost|p2a: Flamigo|atk|1\n|-unboost|p2b: Arcanine|atk|1\n|move|p1a: Baxcalibur|Protect|p1a: Baxcalibur\n|-singleturn|p1a: Baxcalibur|Protect\n|move|p2b: Arcanine|Flare Blitz|p1b: Arcanine\n|-damage|p1b: Arcanine|0 fnt\n|faint|p1b: Arcanine\n|-damage|p2b: Arcanine|91\/100|[from] Recoil\n|move|p2a: Flamigo|Close Combat|p1a: Baxcalibur\n|-activate|p1a: Baxcalibur|move: Protect\n|\n|upkeep\n|\n|t:|1683068213\n|switch|p1b: Flutter Mane|Flutter Mane, L50, shiny|90\/100\n|turn|7\n|\n|t:|1683068225\n|move|p2a: Flamigo|Detect|p2a: Flamigo\n|-singleturn|p2a: Flamigo|Protect\n|move|p1b: Flutter Mane|Moonblast|p2a: Flamigo\n|-activate|p2a: Flamigo|move: Protect\n|move|p2b: Arcanine|Snarl|p1a: Baxcalibur|[spread] p1a,p1b\n|-damage|p1a: Baxcalibur|83\/100\n|-damage|p1b: Flutter Mane|80\/100\n|-unboost|p1b: Flutter Mane|spa|1\n|move|p1a: Baxcalibur|Glaive Rush|p2b: Arcanine\n|-damage|p2b: Arcanine|0 fnt\n|-singlemove|p1a: Baxcalibur|Glaive Rush|[silent]\n|faint|p2b: Arcanine\n|\n|upkeep\n|turn|8\n|\n|t:|1683068239\n|move|p1a: Baxcalibur|Ice Shard|p2a: Flamigo\n|-supereffective|p2a: Flamigo\n|-damage|p2a: Flamigo|32\/100\n|-enditem|p2a: Flamigo|Sitrus Berry|[eat]\n|-heal|p2a: Flamigo|57\/100|[from] item: Sitrus Berry\n|move|p1b: Flutter Mane|Moonblast|p2a: Flamigo\n|-supereffective|p2a: Flamigo\n|-damage|p2a: Flamigo|0 fnt\n|faint|p2a: Flamigo\n|\n|win|HocusPocusAlakazam\n|raw|HocusPocusAlakazam's rating: 1123 → 1151<\/strong> (+28 for winning)\n|raw|abacatemistico's rating: 1165 → 1137<\/strong> (-28 for losing)\n|l|\u2606abacatemistico\n","uploadtime":1683068261,"views":6,"p1id":"hocuspocusalakazam","p2id":"abacatemistico","formatid":"gen9vgc2023regulationc","rating":1137,"private":0,"password":""}