{"id":"gen9vgc2023regulationc-1846431658","p1":"ask daddy","p2":"Apithy","format":"[Gen 9] VGC 2023 Regulation C","log":"|j|\u2606ask daddy\n|j|\u2606Apithy\n|t:|1681840345\n|gametype|doubles\n|player|p1|ask daddy|266|1329\n|player|p2|Apithy|2|1354\n|teamsize|p1|6\n|teamsize|p2|6\n|gen|9\n|tier|[Gen 9] VGC 2023 Regulation C\n|rated|\n|rule|Species Clause: Limit one of each Pok\u00e9mon\n|rule|Item Clause: Limit one of each item\n|clearpoke\n|poke|p1|Arcanine, L50, F|\n|poke|p1|Gyarados, L50, F|\n|poke|p1|Brute Bonnet, L50|\n|poke|p1|Flutter Mane, L50|\n|poke|p1|Great Tusk, L50|\n|poke|p1|Roaring Moon, L50|\n|poke|p2|Pelipper, L50, F|\n|poke|p2|Volcarona, L50, F|\n|poke|p2|Flutter Mane, L50|\n|poke|p2|Palafin, L50, M|\n|poke|p2|Wo-Chien, L50|\n|poke|p2|Glimmora, L50, F|\n|teampreview|4\n|inactive|Battle timer is ON: inactive players will automatically lose when time's up. (requested by Apithy)\n|inactive|ask daddy has 60 seconds left.\n|\n|t:|1681840407\n|start\n|switch|p1a: Great Tusk|Great Tusk, L50|100\/100\n|switch|p1b: Gyarados|Gyarados, L50, F|100\/100\n|switch|p2a: Flutter Mane|Flutter Mane, L50|100\/100\n|switch|p2b: Palafin|Palafin, L50, M|100\/100\n|-ability|p1b: Gyarados|Intimidate|boost\n|-unboost|p2a: Flutter Mane|atk|1\n|-unboost|p2b: Palafin|atk|1\n|turn|1\n|\n|t:|1681840426\n|detailschange|p2b: Palafin|Palafin-Hero, L50, M\n|switch|p2b: Wo-Chien|Wo-Chien, L50|100\/100\n|-ability|p2b: Wo-Chien|Tablets of Ruin\n|move|p1b: Gyarados|Helping Hand|p1a: Great Tusk\n|-singleturn|p1a: Great Tusk|Helping Hand|[of] p1b: Gyarados\n|move|p1a: Great Tusk|Earthquake|p2b: Wo-Chien|[spread] p2a,p2b\n|-immune|p1b: Gyarados\n|-resisted|p2b: Wo-Chien\n|-damage|p2a: Flutter Mane|9\/100\n|-damage|p2b: Wo-Chien|81\/100\n|move|p2a: Flutter Mane|Thunderbolt|p1b: Gyarados\n|-supereffective|p1b: Gyarados\n|-damage|p1b: Gyarados|0 fnt\n|faint|p1b: Gyarados\n|\n|-heal|p2b: Wo-Chien|87\/100|[from] item: Leftovers\n|upkeep\n|\n|t:|1681840443\n|switch|p1b: Roaring Moon|Roaring Moon, L50|100\/100\n|-enditem|p1b: Roaring Moon|Booster Energy\n|-activate|p1b: Roaring Moon|ability: Protosynthesis|[fromitem]\n|-start|p1b: Roaring Moon|protosynthesisspe\n|turn|2\n|\n|t:|1681840458\n|-terastallize|p1b: Roaring Moon|Flying\n|move|p2b: Wo-Chien|Protect|p2b: Wo-Chien\n|-singleturn|p2b: Wo-Chien|Protect\n|move|p1b: Roaring Moon|Acrobatics|p2b: Wo-Chien\n|-activate|p2b: Wo-Chien|move: Protect\n|move|p1a: Great Tusk|Earthquake|p2b: Wo-Chien|[spread] p2a\n|-activate|p2b: Wo-Chien|move: Protect\n|-immune|p1b: Roaring Moon\n|-damage|p2a: Flutter Mane|0 fnt\n|faint|p2a: Flutter Mane\n|-end|p2a: Flutter Mane|Protosynthesis|[silent]\n|\n|-heal|p2b: Wo-Chien|94\/100|[from] item: Leftovers\n|upkeep\n|\n|t:|1681840468\n|switch|p2a: Palafin|Palafin-Hero, L50, M|100\/100\n|-activate|p2a: Palafin|ability: Zero to Hero\n|turn|3\n|inactive|Apithy has 30 seconds left.\n|inactive|Apithy has 20 seconds left.\n|\n|t:|1681840503\n|-end|p1a: Great Tusk|Protosynthesis|[silent]\n|switch|p1a: Brute Bonnet|Brute Bonnet, L50|100\/100\n|-terastallize|p2b: Wo-Chien|Poison\n|move|p2a: Palafin|Jet Punch|p1a: Brute Bonnet\n|-resisted|p1a: Brute Bonnet\n|-damage|p1a: Brute Bonnet|85\/100\n|move|p1b: Roaring Moon|Acrobatics|p2b: Wo-Chien\n|-damage|p2b: Wo-Chien|62\/100\n|move|p2b: Wo-Chien|Foul Play|p1b: Roaring Moon\n|-damage|p1b: Roaring Moon|35\/100\n|\n|-heal|p2b: Wo-Chien|69\/100|[from] item: Leftovers\n|upkeep\n|turn|4\n|inactive|Apithy has 30 seconds left.\n|inactive|Apithy has 20 seconds left.\n|\n|t:|1681840539\n|move|p1b: Roaring Moon|Protect|p1b: Roaring Moon\n|-singleturn|p1b: Roaring Moon|Protect\n|move|p2a: Palafin|Jet Punch|p1b: Roaring Moon\n|-activate|p1b: Roaring Moon|move: Protect\n|move|p2b: Wo-Chien|Foul Play|p1a: Brute Bonnet\n|-resisted|p1a: Brute Bonnet\n|-damage|p1a: Brute Bonnet|64\/100\n|move|p1a: Brute Bonnet|Spore|p2a: Palafin\n|-status|p2a: Palafin|slp|[from] move: Spore\n|\n|-heal|p2b: Wo-Chien|75\/100|[from] item: Leftovers\n|upkeep\n|turn|5\n|\n|t:|1681840561\n|switch|p2a: Volcarona|Volcarona, L50, F|100\/100\n|move|p1b: Roaring Moon|Jaw Lock|p2a: Volcarona\n|-damage|p2a: Volcarona|59\/100\n|-activate|p1b: Roaring Moon|trapped\n|-activate|p2a: Volcarona|trapped\n|move|p2b: Wo-Chien|Foul Play|p1b: Roaring Moon\n|-damage|p1b: Roaring Moon|0 fnt\n|faint|p1b: Roaring Moon\n|-end|p1b: Roaring Moon|Protosynthesis|[silent]\n|move|p1a: Brute Bonnet|Spore|p2b: Wo-Chien\n|-status|p2b: Wo-Chien|slp|[from] move: Spore\n|\n|-heal|p2b: Wo-Chien|81\/100 slp|[from] item: Leftovers\n|upkeep\n|\n|t:|1681840569\n|switch|p1b: Great Tusk|Great Tusk, L50|100\/100\n|turn|6\n|\n|t:|1681840589\n|move|p2a: Volcarona|Protect|p2a: Volcarona\n|-singleturn|p2a: Volcarona|Protect\n|cant|p2b: Wo-Chien|slp\n|move|p1a: Brute Bonnet|Sucker Punch||[still]\n|-fail|p1a: Brute Bonnet\n|move|p1b: Great Tusk|Earthquake|p2a: Volcarona|[spread] p1a,p2b\n|-activate|p2a: Volcarona|move: Protect\n|-resisted|p1a: Brute Bonnet\n|-supereffective|p2b: Wo-Chien\n|-damage|p1a: Brute Bonnet|51\/100\n|-damage|p2b: Wo-Chien|28\/100 slp\n|\n|-heal|p2b: Wo-Chien|34\/100 slp|[from] item: Leftovers\n|upkeep\n|turn|7\n|\n|t:|1681840609\n|switch|p2a: Palafin|Palafin-Hero, L50, M|100\/100 slp\n|-curestatus|p2b: Wo-Chien|slp|[msg]\n|move|p2b: Wo-Chien|Protect|p2b: Wo-Chien\n|-singleturn|p2b: Wo-Chien|Protect\n|move|p1b: Great Tusk|Earthquake|p2b: Wo-Chien|[spread] p1a,p2a\n|-activate|p2b: Wo-Chien|move: Protect\n|-resisted|p1a: Brute Bonnet\n|-damage|p1a: Brute Bonnet|38\/100\n|-damage|p2a: Palafin|72\/100 slp\n|move|p1a: Brute Bonnet|Bullet Seed|p2a: Palafin\n|-supereffective|p2a: Palafin\n|-damage|p2a: Palafin|53\/100 slp\n|-supereffective|p2a: Palafin\n|-damage|p2a: Palafin|33\/100 slp\n|-supereffective|p2a: Palafin\n|-damage|p2a: Palafin|15\/100 slp\n|-supereffective|p2a: Palafin\n|-damage|p2a: Palafin|0 fnt\n|faint|p2a: Palafin\n|-hitcount|p2: Palafin|4\n|\n|-heal|p2b: Wo-Chien|41\/100|[from] item: Leftovers\n|upkeep\n|\n|t:|1681840614\n|switch|p2a: Volcarona|Volcarona, L50, F|59\/100\n|turn|8\n|\n|t:|1681840636\n|move|p2a: Volcarona|Protect|p2a: Volcarona\n|-singleturn|p2a: Volcarona|Protect\n|move|p1b: Great Tusk|Earthquake|p2b: Wo-Chien|[spread] p1a,p2b\n|-activate|p2a: Volcarona|move: Protect\n|-resisted|p1a: Brute Bonnet\n|-supereffective|p2b: Wo-Chien\n|-damage|p1a: Brute Bonnet|23\/100\n|-damage|p2b: Wo-Chien|0 fnt\n|faint|p2b: Wo-Chien\n|move|p1a: Brute Bonnet|Spore|p2a: Volcarona\n|-activate|p2a: Volcarona|move: Protect\n|\n|upkeep\n|turn|9\n|\n|t:|1681840650\n|move|p1a: Brute Bonnet|Sucker Punch|p2a: Volcarona\n|-crit|p2a: Volcarona\n|-damage|p2a: Volcarona|0 fnt\n|faint|p2a: Volcarona\n|\n|win|ask daddy\n|raw|ask daddy's rating: 1329 → 1350<\/strong> (+21 for winning)\n|raw|Apithy's rating: 1354 → 1333<\/strong> (-21 for losing)\n|l|\u2606Apithy\n|c|\u2606ask daddy|gg\n","uploadtime":1681840657,"views":9,"p1id":"askdaddy","p2id":"apithy","formatid":"gen9vgc2023regulationc","rating":1333,"private":0,"password":""}