{"id":"gen9vgc2023regulationc-1860106380","p1":"Naruseiya","p2":"hfyasv","format":"[Gen 9] VGC 2023 Regulation C","log":"|j|\u2606Naruseiya\n|j|\u2606hfyasv\n|t:|1683595913\n|gametype|doubles\n|player|p1|Naruseiya|wallace|1045\n|player|p2|hfyasv|266|1000\n|teamsize|p1|6\n|teamsize|p2|6\n|gen|9\n|tier|[Gen 9] VGC 2023 Regulation C\n|rated|\n|rule|Species Clause: Limit one of each Pok\u00e9mon\n|rule|Item Clause: Limit one of each item\n|clearpoke\n|poke|p1|Torkoal, L50, M|\n|poke|p1|Meowscarada, L50, F|\n|poke|p1|Flamigo, L50, M|\n|poke|p1|Krookodile, L50, M|\n|poke|p1|Armarouge, L50, M|\n|poke|p1|Indeedee-F, L50, F|\n|poke|p2|Pelipper, L50, M|\n|poke|p2|Floatzel, L50, M|\n|poke|p2|Dragonite, L50, F|\n|poke|p2|Chien-Pao, L50|\n|poke|p2|Amoonguss, L50, M|\n|poke|p2|Tauros-Paldea-Blaze, L50, M|\n|teampreview|4\n|\n|t:|1683595937\n|start\n|switch|p1a: Indeedee|Indeedee-F, L50, F, shiny|100\/100\n|switch|p1b: Krookodile|Krookodile, L50, M, shiny|100\/100\n|switch|p2a: Chien-Pao|Chien-Pao, L50|100\/100\n|switch|p2b: Tauros|Tauros-Paldea-Blaze, L50, M|100\/100\n|-ability|p2a: Chien-Pao|Sword of Ruin\n|-ability|p2b: Tauros|Intimidate|boost\n|-unboost|p1a: Indeedee|atk|1\n|-unboost|p1b: Krookodile|atk|1\n|-fieldstart|move: Psychic Terrain|[from] ability: Psychic Surge|[of] p1a: Indeedee\n|turn|1\n|\n|t:|1683595959\n|switch|p2b: Pelipper|Pelipper, L50, M|100\/100\n|-weather|RainDance|[from] ability: Drizzle|[of] p2b: Pelipper\n|-terastallize|p1a: Indeedee|Dark\n|move|p2a: Chien-Pao|Ice Spinner|p1a: Indeedee\n|-damage|p1a: Indeedee|0 fnt\n|-fieldend|move: Psychic Terrain\n|faint|p1a: Indeedee\n|move|p1b: Krookodile|Rock Slide|p2b: Pelipper|[spread] p2a,p2b\n|-supereffective|p2a: Chien-Pao\n|-supereffective|p2b: Pelipper\n|-damage|p2a: Chien-Pao|70\/100\n|-damage|p2b: Pelipper|78\/100\n|\n|-weather|RainDance|[upkeep]\n|upkeep\n|\n|t:|1683595975\n|switch|p1a: Torkoal|Torkoal, L50, M, shiny|100\/100\n|-weather|SunnyDay|[from] ability: Drought|[of] p1a: Torkoal\n|turn|2\n|\n|t:|1683595987\n|switch|p2a: Tauros|Tauros-Paldea-Blaze, L50, M|100\/100\n|-ability|p2a: Tauros|Intimidate|boost\n|-unboost|p1a: Torkoal|atk|1\n|-unboost|p1b: Krookodile|atk|1\n|switch|p1b: Armarouge|Armarouge, L50, M, shiny|100\/100\n|switch|p2b: Floatzel|Floatzel, L50, M|100\/100\n|move|p1a: Torkoal|Eruption|p2a: Tauros|[spread] p2a,p2b\n|-resisted|p2a: Tauros\n|-resisted|p2b: Floatzel\n|-damage|p2a: Tauros|49\/100\n|-damage|p2b: Floatzel|2\/100\n|\n|-weather|SunnyDay|[upkeep]\n|upkeep\n|turn|3\n|\n|t:|1683596028\n|switch|p2a: Pelipper|Pelipper, L50, M|78\/100\n|-weather|RainDance|[from] ability: Drizzle|[of] p2a: Pelipper\n|move|p1a: Torkoal|Protect|p1a: Torkoal\n|-singleturn|p1a: Torkoal|Protect\n|move|p2b: Floatzel|Wave Crash|p1a: Torkoal\n|-activate|p1a: Torkoal|move: Protect\n|move|p1b: Armarouge|Trick Room|p1b: Armarouge\n|-fieldstart|move: Trick Room|[of] p1b: Armarouge\n|\n|-weather|RainDance|[upkeep]\n|upkeep\n|turn|4\n|\n|t:|1683596049\n|switch|p1a: Krookodile|Krookodile, L50, M, shiny|100\/100\n|move|p2b: Floatzel|Protect|p2b: Floatzel\n|-singleturn|p2b: Floatzel|Protect\n|move|p1b: Armarouge|Psychic|p2b: Floatzel\n|-activate|p2b: Floatzel|move: Protect\n|move|p2a: Pelipper|Waterfall|p1b: Armarouge\n|-supereffective|p1b: Armarouge\n|-damage|p1b: Armarouge|50\/100\n|\n|-weather|RainDance|[upkeep]\n|upkeep\n|turn|5\n|\n|t:|1683596077\n|switch|p1b: Torkoal|Torkoal, L50, M, shiny|100\/100\n|-weather|SunnyDay|[from] ability: Drought|[of] p1b: Torkoal\n|switch|p2b: Tauros|Tauros-Paldea-Blaze, L50, M|49\/100\n|-ability|p2b: Tauros|Intimidate|boost\n|-unboost|p1a: Krookodile|atk|1\n|-unboost|p1b: Torkoal|atk|1\n|move|p2a: Pelipper|Waterfall|p1b: Torkoal\n|-supereffective|p1b: Torkoal\n|-damage|p1b: Torkoal|89\/100\n|move|p1a: Krookodile|Rock Slide|p2b: Tauros|[spread] p2a,p2b\n|-supereffective|p2a: Pelipper\n|-damage|p2a: Pelipper|60\/100\n|-damage|p2b: Tauros|36\/100\n|\n|-weather|SunnyDay|[upkeep]\n|upkeep\n|turn|6\n|\n|t:|1683596116\n|switch|p2a: Floatzel|Floatzel, L50, M|2\/100\n|switch|p1a: Armarouge|Armarouge, L50, M, shiny|50\/100\n|move|p1b: Torkoal|Eruption|p2b: Tauros|[spread] p2a,p2b\n|-resisted|p2a: Floatzel\n|-resisted|p2b: Tauros\n|-damage|p2a: Floatzel|0 fnt\n|-damage|p2b: Tauros|0 fnt\n|faint|p2a: Floatzel\n|faint|p2b: Tauros\n|\n|-weather|SunnyDay|[upkeep]\n|upkeep\n|\n|t:|1683596130\n|switch|p2a: Chien-Pao|Chien-Pao, L50|70\/100\n|switch|p2b: Pelipper|Pelipper, L50, M|60\/100\n|-weather|RainDance|[from] ability: Drizzle|[of] p2b: Pelipper\n|-ability|p2a: Chien-Pao|Sword of Ruin\n|turn|7\n|\n|t:|1683596149\n|switch|p1b: Krookodile|Krookodile, L50, M, shiny|100\/100\n|move|p2a: Chien-Pao|Sucker Punch||[still]\n|-fail|p2a: Chien-Pao\n|move|p1a: Armarouge|Psychic|p2b: Pelipper\n|-damage|p2b: Pelipper|0 fnt\n|faint|p2b: Pelipper\n|\n|-weather|RainDance|[upkeep]\n|-fieldend|move: Trick Room\n|upkeep\n|turn|8\n|-message|hfyasv forfeited.\n|\n|win|Naruseiya\n|raw|Naruseiya's rating: 1045 → 1074<\/strong> (+29 for winning)\n|raw|hfyasv's rating: 1000 → 1000<\/strong> (+0 for losing)\n|l|\u2606hfyasv\n","uploadtime":1683596164,"views":10,"p1id":"naruseiya","p2id":"hfyasv","formatid":"gen9vgc2023regulationc","rating":1000,"private":0,"password":""}