{"id":"gen9vgc2023regulationc-1856945078","p1":"Golden Mango","p2":"Rateder","format":"[Gen 9] VGC 2023 Regulation C","log":"|j|\u2606Golden Mango\n|j|\u2606Rateder\n|t:|1683128845\n|gametype|doubles\n|player|p1|Golden Mango|266|1295\n|player|p2|Rateder|ethan|1244\n|teamsize|p1|6\n|teamsize|p2|6\n|gen|9\n|tier|[Gen 9] VGC 2023 Regulation C\n|rated|\n|rule|Species Clause: Limit one of each Pok\u00e9mon\n|rule|Item Clause: Limit one of each item\n|clearpoke\n|poke|p1|Chien-Pao, L50|\n|poke|p1|Flutter Mane, L50|\n|poke|p1|Talonflame, L50, F|\n|poke|p1|Chi-Yu, L50|\n|poke|p1|Gastrodon, L50, F|\n|poke|p1|Kingambit, L50, M|\n|poke|p2|Flutter Mane, L50|\n|poke|p2|Amoonguss, L50, M|\n|poke|p2|Orthworm, L50, F|\n|poke|p2|Maushold-Four, L50|\n|poke|p2|Annihilape, L50, M|\n|poke|p2|Tatsugiri-Stretchy, L50, F|\n|teampreview|4\n|inactive|Battle timer is ON: inactive players will automatically lose when time's up. (requested by Rateder)\nRateder rejected open team sheets.\n|\n|t:|1683128874\n|start\n|switch|p1a: Talonflame|Talonflame, L50, F|100\/100\n|switch|p1b: Chi-Yu|Chi-Yu, L50|100\/100\n|switch|p2a: Annihilape|Annihilape, L50, M|100\/100\n|switch|p2b: Maushold|Maushold-Four, L50|100\/100\n|-ability|p1b: Chi-Yu|Beads of Ruin\n|turn|1\n|inactive|Rateder has 30 seconds left.\n|inactive|Rateder has 20 seconds left.\n|inactive|Rateder has 15 seconds left.\n|inactive|Rateder has 10 seconds left.\n|\n|t:|1683128924\n|-terastallize|p1b: Chi-Yu|Ghost\n|-terastallize|p2a: Annihilape|Fire\n|move|p1a: Talonflame|Protect|p1a: Talonflame\n|-singleturn|p1a: Talonflame|Protect\n|move|p2b: Maushold|Beat Up|p2a: Annihilape\n|-damage|p2a: Annihilape|99\/100\n|-crit|p2a: Annihilape\n|-damage|p2a: Annihilape|96\/100\n|-damage|p2a: Annihilape|94\/100\n|-damage|p2a: Annihilape|93\/100\n|-hitcount|p2a: Annihilape|4\n|move|p1b: Chi-Yu|Heat Wave|p2a: Annihilape|[spread] p2a,p2b\n|-resisted|p2a: Annihilape\n|-damage|p2a: Annihilape|72\/100\n|-damage|p2b: Maushold|2\/100\n|move|p2a: Annihilape|Drain Punch|p1b: Chi-Yu\n|-immune|p1b: Chi-Yu\n|\n|-heal|p2a: Annihilape|78\/100|[from] item: Leftovers\n|upkeep\n|turn|2\n|inactive|Golden Mango has 30 seconds left.\n|inactive|Rateder has 30 seconds left.\n|\n|t:|1683128957\n|move|p2b: Maushold|Protect|p2b: Maushold\n|-singleturn|p2b: Maushold|Protect\n|move|p1a: Talonflame|Tailwind|p1a: Talonflame\n|-sidestart|p1: Golden Mango|move: Tailwind\n|move|p1b: Chi-Yu|Heat Wave|p2b: Maushold|[spread] p2a\n|-activate|p2b: Maushold|move: Protect\n|-resisted|p2a: Annihilape\n|-damage|p2a: Annihilape|57\/100\n|move|p2a: Annihilape|Rage Fist|p1a: Talonflame\n|-damage|p1a: Talonflame|0 fnt\n|faint|p1a: Talonflame\n|\n|-heal|p2a: Annihilape|63\/100|[from] item: Leftovers\n|upkeep\n|\n|t:|1683128977\n|switch|p1a: Flutter Mane|Flutter Mane, L50|100\/100\n|-enditem|p1a: Flutter Mane|Booster Energy\n|-activate|p1a: Flutter Mane|ability: Protosynthesis|[fromitem]\n|-start|p1a: Flutter Mane|protosynthesisspa\n|turn|3\n|\n|t:|1683128997\n|switch|p2b: Tatsugiri|Tatsugiri-Stretchy, L50, F|100\/100\n|move|p1b: Chi-Yu|Heat Wave|p2b: Tatsugiri|[spread] p2a,p2b\n|-resisted|p2a: Annihilape\n|-resisted|p2b: Tatsugiri\n|-damage|p2a: Annihilape|34\/100\n|-damage|p2b: Tatsugiri|79\/100\n|move|p1a: Flutter Mane|Dazzling Gleam|p2a: Annihilape|[spread] p2a,p2b\n|-resisted|p2a: Annihilape\n|-supereffective|p2b: Tatsugiri\n|-damage|p2a: Annihilape|13\/100\n|-damage|p2b: Tatsugiri|0 fnt\n|faint|p2b: Tatsugiri\n|move|p2a: Annihilape|Rage Fist|p1b: Chi-Yu\n|-supereffective|p1b: Chi-Yu\n|-damage|p1b: Chi-Yu|0 fnt\n|faint|p1b: Chi-Yu\n|\n|-heal|p2a: Annihilape|19\/100|[from] item: Leftovers\n|upkeep\n|\n|t:|1683129014\n|switch|p1b: Chien-Pao|Chien-Pao, L50|100\/100\n|switch|p2b: Flutter Mane|Flutter Mane, L50|100\/100\n|-ability|p1b: Chien-Pao|Sword of Ruin\n|turn|4\n|\n|t:|1683129032\n|move|p2a: Annihilape|Protect|p2a: Annihilape\n|-singleturn|p2a: Annihilape|Protect\n|move|p1b: Chien-Pao|Brick Break|p2a: Annihilape\n|-activate|p2a: Annihilape|move: Protect\n|move|p1a: Flutter Mane|Dazzling Gleam|p2b: Flutter Mane|[spread] p2b\n|-activate|p2a: Annihilape|move: Protect\n|-damage|p2b: Flutter Mane|63\/100\n|move|p2b: Flutter Mane|Perish Song|p2b: Flutter Mane\n|-start|p1a: Flutter Mane|perish3|[silent]\n|-start|p1b: Chien-Pao|perish3|[silent]\n|-start|p2a: Annihilape|perish3|[silent]\n|-start|p2b: Flutter Mane|perish3|[silent]\n|-fieldactivate|move: Perish Song\n|\n|-heal|p2a: Annihilape|25\/100|[from] item: Leftovers\n|-start|p1b: Chien-Pao|perish3\n|-start|p1a: Flutter Mane|perish3\n|-start|p2b: Flutter Mane|perish3\n|-start|p2a: Annihilape|perish3\n|upkeep\n|turn|5\n|inactive|Golden Mango has 30 seconds left.\n|inactive|Rateder has 30 seconds left.\n|\n|t:|1683129065\n|switch|p2a: Maushold|Maushold-Four, L50|2\/100\n|move|p2b: Flutter Mane|Protect|p2b: Flutter Mane\n|-singleturn|p2b: Flutter Mane|Protect\n|move|p1b: Chien-Pao|Brick Break|p2a: Maushold\n|-supereffective|p2a: Maushold\n|-damage|p2a: Maushold|0 fnt\n|faint|p2a: Maushold\n|move|p1a: Flutter Mane|Dazzling Gleam|p2b: Flutter Mane\n|-activate|p2b: Flutter Mane|move: Protect\n|\n|-start|p1b: Chien-Pao|perish2\n|-start|p1a: Flutter Mane|perish2\n|-start|p2b: Flutter Mane|perish2\n|-sideend|p1: Golden Mango|move: Tailwind\n|upkeep\n|\n|t:|1683129079\n|switch|p2a: Annihilape|Annihilape, L50, M, tera:Fire|25\/100\n|turn|6\n|\n|t:|1683129088\n|move|p2a: Annihilape|Protect|p2a: Annihilape\n|-singleturn|p2a: Annihilape|Protect\n|move|p2b: Flutter Mane|Dazzling Gleam|p1a: Flutter Mane|[spread] p1a,p1b\n|-supereffective|p1b: Chien-Pao\n|-damage|p1a: Flutter Mane|69\/100\n|-damage|p1b: Chien-Pao|2\/100\n|move|p1b: Chien-Pao|Ice Spinner|p2b: Flutter Mane\n|-damage|p2b: Flutter Mane|0 fnt\n|faint|p2b: Flutter Mane\n|-end|p2b: Flutter Mane|Protosynthesis|[silent]\n|move|p1a: Flutter Mane|Shadow Ball|p2a: Annihilape\n|-activate|p2a: Annihilape|move: Protect\n|\n|-heal|p2a: Annihilape|32\/100|[from] item: Leftovers\n|-start|p1b: Chien-Pao|perish1\n|-start|p1a: Flutter Mane|perish1\n|upkeep\n|turn|7\n|\n|t:|1683129103\n|move|p2a: Annihilape|Protect|p2a: Annihilape\n|-singleturn|p2a: Annihilape|Protect\n|move|p1b: Chien-Pao|Brick Break|p2a: Annihilape\n|-activate|p2a: Annihilape|move: Protect\n|move|p1a: Flutter Mane|Shadow Ball|p2a: Annihilape\n|-activate|p2a: Annihilape|move: Protect\n|\n|-heal|p2a: Annihilape|38\/100|[from] item: Leftovers\n|-start|p1b: Chien-Pao|perish0\n|-start|p1a: Flutter Mane|perish0\n|faint|p1b: Chien-Pao\n|faint|p1a: Flutter Mane\n|-end|p1a: Flutter Mane|Protosynthesis|[silent]\n|\n|win|Rateder\n|upkeep\n|raw|Golden Mango's rating: 1295 → 1266<\/strong> (-29 for losing)\n|raw|Rateder's rating: 1244 → 1273<\/strong> (+29 for winning)\n|c|\u2606Golden Mango|Gg wp\n|c|\u2606Golden Mango|Awesome team!\n","uploadtime":1683129176,"views":4,"p1id":"goldenmango","p2id":"rateder","formatid":"gen9vgc2023regulationc","rating":1266,"private":0,"password":""}