{"id":"gen9vgc2023regulationc-1859107381","p1":"Axel316","p2":"BIGHAXORUSFAN147","format":"[Gen 9] VGC 2023 Regulation C","log":"|j|\u2606Axel316\n|j|\u2606BIGHAXORUSFAN147\n|t:|1683405307\n|gametype|doubles\n|player|p1|Axel316|265|1452\n|player|p2|BIGHAXORUSFAN147|grimsley-masters|1557\n|teamsize|p1|6\n|teamsize|p2|6\n|gen|9\n|tier|[Gen 9] VGC 2023 Regulation C\n|rated|\n|rule|Species Clause: Limit one of each Pok\u00e9mon\n|rule|Item Clause: Limit one of each item\n|clearpoke\n|poke|p1|Kingambit, L50, M|\n|poke|p1|Ting-Lu, L50|\n|poke|p1|Amoonguss, L50, M|\n|poke|p1|Flutter Mane, L50|\n|poke|p1|Palafin, L50, F|\n|poke|p1|Medicham, L50, F|\n|poke|p2|Kingambit, L50, M|\n|poke|p2|Dragonite, L50, M|\n|poke|p2|Palafin, L50, M|\n|poke|p2|Amoonguss, L50, M|\n|poke|p2|Arcanine, L50, M|\n|poke|p2|Flutter Mane, L50|\n|teampreview|4\nBIGHAXORUSFAN147 has agreed to open team sheets.\n|inactive|Battle timer is ON: inactive players will automatically lose when time's up. (requested by Axel316)\n|\n|t:|1683405352\n|start\n|switch|p1a: Ting-Lu|Ting-Lu, L50|100\/100\n|switch|p1b: Medicham|Medicham, L50, F|100\/100\n|switch|p2a: Zoro|Dragonite, L50, M, shiny|100\/100\n|switch|p2b: Perona|Flutter Mane, L50|100\/100\n|-ability|p1a: Ting-Lu|Vessel of Ruin\n|turn|1\n|j| MegaCLODSIRE\n|inactive|BIGHAXORUSFAN147 has 30 seconds left.\n|\n|t:|1683405383\n|-end|p2b: Perona|Protosynthesis|[silent]\n|switch|p2b: Mihawk|Kingambit, L50, M|100\/100\n|-terastallize|p2a: Zoro|Flying\n|move|p1b: Medicham|Bullet Punch|p2b: Mihawk\n|-resisted|p2b: Mihawk\n|-damage|p2b: Mihawk|94\/100\n|move|p2a: Zoro|Tera Blast|p1b: Medicham\n|-supereffective|p1b: Medicham\n|-damage|p1b: Medicham|0 fnt\n|faint|p1b: Medicham\n|move|p1a: Ting-Lu|Ruination|p2a: Zoro\n|-damage|p2a: Zoro|51\/100\n|\n|upkeep\n|\n|t:|1683405402\n|switch|p1b: Flutter Mane|Flutter Mane, L50|100\/100\n|turn|2\n|\n|t:|1683405426\n|move|p1b: Flutter Mane|Protect|p1b: Flutter Mane\n|-singleturn|p1b: Flutter Mane|Protect\n|move|p2b: Mihawk|Protect|p2b: Mihawk\n|-singleturn|p2b: Mihawk|Protect\n|move|p2a: Zoro|Tera Blast|p1b: Flutter Mane\n|-activate|p1b: Flutter Mane|move: Protect\n|move|p1a: Ting-Lu|Fissure|p2b: Mihawk\n|-activate|p2b: Mihawk|move: Protect\n|\n|upkeep\n|turn|3\n|inactive|BIGHAXORUSFAN147 has 30 seconds left.\n|\n|t:|1683405458\n|move|p2b: Mihawk|Sucker Punch|p1b: Flutter Mane\n|-damage|p1b: Flutter Mane|8\/100\n|move|p1b: Flutter Mane|Moonblast|p2a: Zoro\n|-damage|p2a: Zoro|26\/100\n|move|p2a: Zoro|Tera Blast|p1b: Flutter Mane\n|-damage|p1b: Flutter Mane|0 fnt\n|faint|p1b: Flutter Mane\n|-end|p1b: Flutter Mane|Protosynthesis|[silent]\n|move|p1a: Ting-Lu|Fissure|p2b: Mihawk\n|-damage|p2b: Mihawk|0 fnt\n|faint|p2b: Mihawk\n|-ohko\n|\n|upkeep\n|\n|t:|1683405472\n|switch|p1b: Kingambit|Kingambit, L50, M|100\/100\n|switch|p2b: Perona|Flutter Mane, L50|100\/100\n|turn|4\n|inactive|BIGHAXORUSFAN147 has 30 seconds left.\n|\n|t:|1683405502\n|-terastallize|p1b: Kingambit|Flying\n|move|p1b: Kingambit|Sucker Punch|p2a: Zoro\n|-damage|p2a: Zoro|0 fnt\n|faint|p2a: Zoro\n|move|p2b: Perona|Moonblast|p1b: Kingambit\n|-damage|p1b: Kingambit|65\/100\n|-unboost|p1b: Kingambit|spa|1\n|-ability|p1b: Kingambit|Defiant|boost\n|-boost|p1b: Kingambit|atk|2\n|move|p1a: Ting-Lu|Heavy Slam|p2b: Perona\n|-supereffective|p2b: Perona\n|-damage|p2b: Perona|8\/100\n|\n|upkeep\n|\n|t:|1683405513\n|switch|p2a: Aramaki|Amoonguss, L50, M|100\/100\n|turn|5\n|\n|t:|1683405523\n|move|p2a: Aramaki|Rage Powder|p2a: Aramaki\n|-singleturn|p2a: Aramaki|move: Rage Powder\n|move|p2b: Perona|Moonblast|p1b: Kingambit\n|-damage|p1b: Kingambit|33\/100\n|-unboost|p1b: Kingambit|spa|1\n|-ability|p1b: Kingambit|Defiant|boost\n|-boost|p1b: Kingambit|atk|2\n|move|p1b: Kingambit|Tera Blast|p2a: Aramaki\n|-supereffective|p2a: Aramaki\n|-damage|p2a: Aramaki|0 fnt\n|faint|p2a: Aramaki\n|move|p1a: Ting-Lu|Bulldoze|p2b: Perona|[spread] p2b\n|-immune|p1b: Kingambit\n|-damage|p2b: Perona|0 fnt\n|faint|p2b: Perona\n|-end|p2b: Perona|Protosynthesis|[silent]\n|\n|win|Axel316\n|raw|Axel316's rating: 1452 → 1478<\/strong> (+26 for winning)\n|raw|BIGHAXORUSFAN147's rating: 1557 → 1531<\/strong> (-26 for losing)\n","uploadtime":1683405535,"views":16,"p1id":"axel316","p2id":"bighaxorusfan147","formatid":"gen9vgc2023regulationc","rating":1478,"private":0,"password":""}