{"id":"gen9vgc2023regulationc-1859283957","p1":"Evil Phamton","p2":"kokialcazar","format":"[Gen 9] VGC 2023 Regulation C","log":"|j|\u2606Evil Phamton\n|j|\u2606kokialcazar\n|t:|1683428474\n|gametype|doubles\n|player|p1|Evil Phamton|grimsley|\n|player|p2|kokialcazar|morty|\n|teamsize|p1|6\n|teamsize|p2|6\n|gen|9\n|tier|[Gen 9] VGC 2023 Regulation C\n|rule|Species Clause: Limit one of each Pok\u00e9mon\n|rule|Item Clause: Limit one of each item\n|clearpoke\n|poke|p1|Baxcalibur, L50, F|\n|poke|p1|Arcanine, L50, F|\n|poke|p1|Rotom-Wash, L50|\n|poke|p1|Amoonguss, L50, M|\n|poke|p1|Ting-Lu, L50|\n|poke|p1|Flutter Mane, L50|\n|poke|p2|Dondozo, L50, M|\n|poke|p2|Tatsugiri-Stretchy, L50, M|\n|poke|p2|Glimmora, L50, M|\n|poke|p2|Dragonite, L50, M|\n|poke|p2|Chien-Pao, L50|\n|poke|p2|Ceruledge, L50, M|\n|teampreview|4\n|\n|t:|1683428492\n|start\n|switch|p1a: Ting-Lu|Ting-Lu, L50|100\/100\n|switch|p1b: Flutter Mane|Flutter Mane, L50, shiny|100\/100\n|switch|p2a: Glimmora|Glimmora, L50, M, shiny|100\/100\n|switch|p2b: Chien-Pao|Chien-Pao, L50|100\/100\n|-ability|p2b: Chien-Pao|Sword of Ruin\n|-ability|p1a: Ting-Lu|Vessel of Ruin\n|turn|1\n|\n|t:|1683428533\n|-terastallize|p1a: Ting-Lu|Poison\n|move|p2b: Chien-Pao|Protect|p2b: Chien-Pao\n|-singleturn|p2b: Chien-Pao|Protect\n|move|p1b: Flutter Mane|Dazzling Gleam|p2b: Chien-Pao|[spread] p2a\n|-activate|p2b: Chien-Pao|move: Protect\n|-resisted|p2a: Glimmora\n|-damage|p2a: Glimmora|86\/100\n|move|p2a: Glimmora|Mortal Spin|p1a: Ting-Lu|[spread] p1a,p1b\n|-resisted|p1a: Ting-Lu\n|-damage|p1a: Ting-Lu|99\/100\n|-damage|p1b: Flutter Mane|91\/100\n|-status|p1b: Flutter Mane|psn\n|move|p1a: Ting-Lu|Heavy Slam|p2b: Chien-Pao\n|-activate|p2b: Chien-Pao|move: Protect\n|\n|-damage|p1b: Flutter Mane|79\/100 psn|[from] psn\n|upkeep\n|turn|2\n|\n|t:|1683428578\n|switch|p1a: Arcanine|Arcanine, L50, F|100\/100\n|-ability|p1a: Arcanine|Intimidate|boost\n|-unboost|p2a: Glimmora|atk|1\n|-unboost|p2b: Chien-Pao|atk|1\n|move|p2b: Chien-Pao|Sucker Punch|p1b: Flutter Mane\n|-damage|p1b: Flutter Mane|22\/100 psn\n|move|p1b: Flutter Mane|Dazzling Gleam|p2b: Chien-Pao|[spread] p2a,p2b\n|-resisted|p2a: Glimmora\n|-supereffective|p2b: Chien-Pao\n|-damage|p2a: Glimmora|67\/100\n|-enditem|p2b: Chien-Pao|Focus Sash\n|-damage|p2b: Chien-Pao|1\/100\n|move|p2a: Glimmora|Sludge Bomb|p1b: Flutter Mane\n|-damage|p1b: Flutter Mane|0 fnt\n|faint|p1b: Flutter Mane\n|-end|p1b: Flutter Mane|Protosynthesis|[silent]\n|\n|upkeep\n|\n|t:|1683428600\n|switch|p1b: Ting-Lu|Ting-Lu, L50, tera:Poison|99\/100\n|-ability|p1b: Ting-Lu|Vessel of Ruin\n|turn|3\n|\n|t:|1683428611\n|move|p2b: Chien-Pao|Protect|p2b: Chien-Pao\n|-singleturn|p2b: Chien-Pao|Protect\n|move|p1a: Arcanine|Protect|p1a: Arcanine\n|-singleturn|p1a: Arcanine|Protect\n|move|p2a: Glimmora|Power Gem|p1a: Arcanine\n|-activate|p1a: Arcanine|move: Protect\n|move|p1b: Ting-Lu|Earthquake|p2b: Chien-Pao|[spread] p2a\n|-activate|p1a: Arcanine|move: Protect\n|-activate|p2b: Chien-Pao|move: Protect\n|-supereffective|p2a: Glimmora\n|-damage|p2a: Glimmora|0 fnt\n|-activate|p2a: Glimmora|ability: Toxic Debris\n|-sidestart|p1: Evil Phamton|move: Toxic Spikes\n|faint|p2a: Glimmora\n|\n|upkeep\n|\n|t:|1683428628\n|switch|p2a: Dondozo|Dondozo, L50, M, shiny|100\/100\n|turn|4\n|\n|t:|1683428642\n|switch|p2b: Tatsugiri|Tatsugiri-Stretchy, L50, M, shiny|100\/100\n|-activate|p2b: Tatsugiri|ability: Commander|[of] p2a: Dondozo\n|-boost|p2a: Dondozo|atk|2\n|-boost|p2a: Dondozo|spa|2\n|-boost|p2a: Dondozo|spe|2\n|-boost|p2a: Dondozo|def|2\n|-boost|p2a: Dondozo|spd|2\n|move|p1a: Arcanine|Protect||[still]\n|-fail|p1a: Arcanine\n|move|p2a: Dondozo|Earthquake|p1b: Ting-Lu|[spread] p1a,p1b\n|-miss|p2a: Dondozo|p2b: Tatsugiri\n|-supereffective|p1a: Arcanine\n|-supereffective|p1b: Ting-Lu\n|-damage|p1a: Arcanine|21\/100\n|-damage|p1b: Ting-Lu|60\/100\n|move|p1b: Ting-Lu|Ruination|p2a: Dondozo\n|-damage|p2a: Dondozo|50\/100\n|\n|-heal|p2a: Dondozo|57\/100|[from] item: Leftovers\n|upkeep\n|turn|5\n|\n|t:|1683428673\n|move|p2a: Dondozo|Protect|p2a: Dondozo\n|-singleturn|p2a: Dondozo|Protect\n|move|p1a: Arcanine|Extreme Speed|p2a: Dondozo\n|-activate|p2a: Dondozo|move: Protect\n|move|p1b: Ting-Lu|Ruination|p2a: Dondozo\n|-activate|p2a: Dondozo|move: Protect\n|\n|-heal|p2a: Dondozo|63\/100|[from] item: Leftovers\n|upkeep\n|turn|6\n|\n|t:|1683428689\n|move|p1a: Arcanine|Extreme Speed|p2a: Dondozo\n|-damage|p2a: Dondozo|56\/100\n|move|p2a: Dondozo|Earthquake|p1a: Arcanine|[spread] p1a,p1b\n|-miss|p2a: Dondozo|p2b: Tatsugiri\n|-supereffective|p1a: Arcanine\n|-supereffective|p1b: Ting-Lu\n|-damage|p1a: Arcanine|0 fnt\n|-damage|p1b: Ting-Lu|14\/100\n|faint|p1a: Arcanine\n|move|p1b: Ting-Lu|Ruination|p2a: Dondozo\n|-damage|p2a: Dondozo|28\/100\n|\n|-heal|p2a: Dondozo|34\/100|[from] item: Leftovers\n|upkeep\n|\n|t:|1683428701\n|switch|p1a: Baxcalibur|Baxcalibur, L50, F|100\/100\n|-status|p1a: Baxcalibur|psn\n|turn|7\n|\n|t:|1683428708\n|move|p2a: Dondozo|Protect|p2a: Dondozo\n|-singleturn|p2a: Dondozo|Protect\n|move|p1a: Baxcalibur|Glaive Rush|p2a: Dondozo\n|-activate|p2a: Dondozo|move: Protect\n|move|p1b: Ting-Lu|Ruination|p2a: Dondozo\n|-activate|p2a: Dondozo|move: Protect\n|\n|-heal|p2a: Dondozo|40\/100|[from] item: Leftovers\n|-damage|p1a: Baxcalibur|88\/100 psn|[from] psn\n|upkeep\n|turn|8\n|\n|t:|1683428722\n|move|p2a: Dondozo|Earthquake|p1b: Ting-Lu|[spread] p1a,p1b\n|-miss|p2a: Dondozo|p2b: Tatsugiri\n|-supereffective|p1b: Ting-Lu\n|-damage|p1a: Baxcalibur|50\/100 psn\n|-damage|p1b: Ting-Lu|0 fnt\n|faint|p1b: Ting-Lu\n|move|p1a: Baxcalibur|Glaive Rush|p2a: Dondozo\n|-damage|p2a: Dondozo|14\/100\n|-singlemove|p1a: Baxcalibur|Glaive Rush|[silent]\n|\n|-heal|p2a: Dondozo|20\/100|[from] item: Leftovers\n|-damage|p1a: Baxcalibur|37\/100 psn|[from] psn\n|upkeep\n|turn|9\n|\n|t:|1683428757\n|move|p2a: Dondozo|Protect|p2a: Dondozo\n|-singleturn|p2a: Dondozo|Protect\n|move|p1a: Baxcalibur|Glaive Rush|p2a: Dondozo\n|-activate|p2a: Dondozo|move: Protect\n|\n|-heal|p2a: Dondozo|27\/100|[from] item: Leftovers\n|-damage|p1a: Baxcalibur|25\/100 psn|[from] psn\n|upkeep\n|turn|10\n|\n|t:|1683428767\n|move|p2a: Dondozo|Earthquake|p1a: Baxcalibur|[spread] p1a\n|-miss|p2a: Dondozo|p2b: Tatsugiri\n|-damage|p1a: Baxcalibur|0 fnt\n|faint|p1a: Baxcalibur\n|\n|win|kokialcazar\n|l|\u2606Evil Phamton\n","uploadtime":1683428846,"views":10,"p1id":"evilphamton","p2id":"kokialcazar","formatid":"gen9vgc2023regulationc","rating":0,"private":0,"password":""}