{"id":"gen9vgc2023regulationc-1859266982","p1":"Pr0xsome","p2":"linxufan pokemon","format":"[Gen 9] VGC 2023 Regulation C","log":"|j|\u2606Pr0xsome\n|j|\u2606linxufan pokemon\n|t:|1683426101\n|gametype|doubles\n|player|p1|Pr0xsome|preschooler|1753\n|player|p2|linxufan pokemon|hilbert|1713\n|teamsize|p1|6\n|teamsize|p2|6\n|gen|9\n|tier|[Gen 9] VGC 2023 Regulation C\n|rated|\n|rule|Species Clause: Limit one of each Pok\u00e9mon\n|rule|Item Clause: Limit one of each item\n|clearpoke\n|poke|p1|Iron Treads, L50|\n|poke|p1|Glimmora, L50, F|\n|poke|p1|Arcanine, L50, M|\n|poke|p1|Chien-Pao, L50|\n|poke|p1|Dragonite, L50, F|\n|poke|p1|Rotom-Wash, L50|\n|poke|p2|Chien-Pao, L50|\n|poke|p2|Dragonite, L50, F|\n|poke|p2|Flutter Mane, L50|\n|poke|p2|Great Tusk, L50|\n|poke|p2|Kingambit, L50, F|\n|poke|p2|Talonflame, L50, M|\n|teampreview|4\nPr0xsome has agreed to open team sheets.\n|inactive|Battle timer is ON: inactive players will automatically lose when time's up. (requested by Pr0xsome)\n|j| merah merona\n|\n|t:|1683426145\n|start\n|switch|p1a: Rotom|Rotom-Wash, L50|100\/100\n|switch|p1b: Dragonite|Dragonite, L50, F|100\/100\n|switch|p2a: Great Tusk|Great Tusk, L50|100\/100\n|switch|p2b: Flutter Mane|Flutter Mane, L50|100\/100\n|-enditem|p2b: Flutter Mane|Booster Energy\n|-activate|p2b: Flutter Mane|ability: Protosynthesis|[fromitem]\n|-start|p2b: Flutter Mane|protosynthesisspa\n|turn|1\n|\n|t:|1683426164\n|-terastallize|p1b: Dragonite|Flying\n|move|p1a: Rotom|Protect|p1a: Rotom\n|-singleturn|p1a: Rotom|Protect\n|move|p2a: Great Tusk|Rock Slide|p1b: Dragonite|[spread] p1b\n|-activate|p1a: Rotom|move: Protect\n|-supereffective|p1b: Dragonite\n|-damage|p1b: Dragonite|78\/100\n|move|p2b: Flutter Mane|Moonblast|p1b: Dragonite\n|-damage|p1b: Dragonite|18\/100\n|move|p1b: Dragonite|Tera Blast|p2b: Flutter Mane\n|-damage|p2b: Flutter Mane|0 fnt\n|faint|p2b: Flutter Mane\n|-end|p2b: Flutter Mane|Protosynthesis|[silent]\n|\n|upkeep\n|j| pikachu0428\n|l| pikachu0428\n|j| pikachu0428\n|\n|t:|1683426184\n|switch|p2b: Dragonite|Dragonite, L50, F|100\/100\n|turn|2\n|\n|t:|1683426199\n|switch|p1b: Arcanine|Arcanine, L50, M|100\/100\n|-ability|p1b: Arcanine|Intimidate|boost\n|-unboost|p2a: Great Tusk|atk|1\n|-unboost|p2b: Dragonite|atk|1\n|-terastallize|p2b: Dragonite|Normal\n|move|p2b: Dragonite|Extreme Speed|p1a: Rotom\n|-damage|p1a: Rotom|54\/100\n|move|p2a: Great Tusk|Rock Slide|p1a: Rotom|[spread] p1a,p1b\n|-supereffective|p1b: Arcanine\n|-damage|p1a: Rotom|40\/100\n|-damage|p1b: Arcanine|69\/100\n|-enditem|p1a: Rotom|Sitrus Berry|[eat]\n|-heal|p1a: Rotom|65\/100|[from] item: Sitrus Berry\n|move|p1a: Rotom|Hydro Pump|p2a: Great Tusk|[miss]\n|-miss|p1a: Rotom|p2a: Great Tusk\n|\n|upkeep\n|turn|3\n|\n|t:|1683426221\n|move|p2b: Dragonite|Extreme Speed|p1b: Arcanine\n|-damage|p1b: Arcanine|16\/100\n|move|p2a: Great Tusk|Rock Slide|p1b: Arcanine|[spread] p1a,p1b\n|-supereffective|p1b: Arcanine\n|-crit|p1b: Arcanine\n|-damage|p1a: Rotom|50\/100\n|-damage|p1b: Arcanine|0 fnt\n|faint|p1b: Arcanine\n|move|p1a: Rotom|Hydro Pump|p2a: Great Tusk\n|-supereffective|p2a: Great Tusk\n|-damage|p2a: Great Tusk|0 fnt\n|faint|p2a: Great Tusk\n|-end|p2a: Great Tusk|Protosynthesis|[silent]\n|\n|upkeep\n|\n|t:|1683426243\n|switch|p2a: Chien-Pao|Chien-Pao, L50|100\/100\n|switch|p1b: Iron Treads|Iron Treads, L50|100\/100\n|-ability|p2a: Chien-Pao|Sword of Ruin\n|-enditem|p1b: Iron Treads|Booster Energy\n|-activate|p1b: Iron Treads|ability: Quark Drive|[fromitem]\n|-start|p1b: Iron Treads|quarkdrivespe\n|turn|4\n|j| christianfinity\n|j| dope alien\n|\n|t:|1683426265\n|move|p2a: Chien-Pao|Protect|p2a: Chien-Pao\n|-singleturn|p2a: Chien-Pao|Protect\n|move|p2b: Dragonite|Extreme Speed|p1a: Rotom\n|-damage|p1a: Rotom|0 fnt\n|faint|p1a: Rotom\n|move|p1b: Iron Treads|Earthquake|p2a: Chien-Pao|[spread] p2b\n|-activate|p2a: Chien-Pao|move: Protect\n|-damage|p2b: Dragonite|77\/100\n|\n|upkeep\n|\n|t:|1683426268\n|switch|p1a: Dragonite|Dragonite, L50, F, tera:Flying|18\/100\n|turn|5\n|\n|t:|1683426283\n|move|p1a: Dragonite|Extreme Speed|p2a: Chien-Pao\n|-damage|p2a: Chien-Pao|55\/100\n|move|p2b: Dragonite|Extreme Speed|p1a: Dragonite\n|-damage|p1a: Dragonite|0 fnt\n|faint|p1a: Dragonite\n|move|p1b: Iron Treads|Earthquake|p2b: Dragonite|[spread] p2a,p2b\n|-damage|p2a: Chien-Pao|4\/100\n|-damage|p2b: Dragonite|35\/100\n|move|p2a: Chien-Pao|Sacred Sword|p1b: Iron Treads\n|-supereffective|p1b: Iron Treads\n|-damage|p1b: Iron Treads|5\/100\n|-damage|p2a: Chien-Pao|0 fnt|[from] item: Life Orb\n|faint|p2a: Chien-Pao\n|\n|upkeep\n|turn|6\n|\n|t:|1683426299\n|move|p2b: Dragonite|Extreme Speed|p1b: Iron Treads\n|-resisted|p1b: Iron Treads\n|-damage|p1b: Iron Treads|0 fnt\n|faint|p1b: Iron Treads\n|-end|p1b: Iron Treads|Quark Drive|[silent]\n|\n|win|linxufan pokemon\n|raw|Pr0xsome's rating: 1753 → 1731<\/strong> (-22 for losing)\n|raw|linxufan pokemon's rating: 1713 → 1735<\/strong> (+22 for winning)\n","uploadtime":1683426309,"views":13,"p1id":"pr0xsome","p2id":"linxufanpokemon","formatid":"gen9vgc2023regulationc","rating":1731,"private":0,"password":""}