{"id":"gen9vgc2023regulationc-1859481321","p1":"Arcacagne","p2":"kepogue","format":"[Gen 9] VGC 2023 Regulation C","log":"|j|\u2606Arcacagne\n|j|\u2606kepogue\n|t:|1683474047\n|gametype|doubles\n|player|p1|Arcacagne|2|1241\n|player|p2|kepogue|hiker-gen4|1247\n|teamsize|p1|6\n|teamsize|p2|6\n|gen|9\n|tier|[Gen 9] VGC 2023 Regulation C\n|rated|\n|rule|Species Clause: Limit one of each Pok\u00e9mon\n|rule|Item Clause: Limit one of each item\n|clearpoke\n|poke|p1|Chi-Yu, L50|\n|poke|p1|Flutter Mane, L50|\n|poke|p1|Amoonguss, L50, M|\n|poke|p1|Palafin, L50, M|\n|poke|p1|Kingambit, L50, F|\n|poke|p1|Arcanine, L50, F|\n|poke|p2|Dragonite, L50, M|\n|poke|p2|Flutter Mane, L50|\n|poke|p2|Amoonguss, L50, M|\n|poke|p2|Gholdengo, L50|\n|poke|p2|Haxorus, L50, M|\n|poke|p2|Rotom-Wash, L50|\n|teampreview|4\n|inactive|Battle timer is ON: inactive players will automatically lose when time's up. (requested by kepogue)\n|inactive|Arcacagne has 60 seconds left.\n|\n|t:|1683474091\n|start\n|switch|p1a: Kingambit|Kingambit, L50, F|100\/100\n|switch|p1b: Amoonguss|Amoonguss, L50, M|100\/100\n|switch|p2a: Dragonite|Dragonite, L50, M|100\/100\n|switch|p2b: Rotom|Rotom-Wash, L50|100\/100\n|turn|1\n|inactive|kepogue has 30 seconds left.\n|inactive|kepogue has 20 seconds left.\n|inactive|kepogue has 15 seconds left.\n|inactive|kepogue has 10 seconds left.\n|inactive|kepogue has 5 seconds left.\n|\n|t:|1683474143\n|switch|p1a: Arcanine|Arcanine, L50, F|100\/100\n|-ability|p1a: Arcanine|Intimidate|boost\n|-unboost|p2a: Dragonite|atk|1\n|-unboost|p2b: Rotom|atk|1\n|move|p2b: Rotom|Trick|p1b: Amoonguss\n|-activate|p2b: Rotom|move: Trick|[of] p1b: Amoonguss\n|-item|p1b: Amoonguss|Choice Scarf|[from] move: Trick\n|-item|p2b: Rotom|Sitrus Berry|[from] move: Trick\n|move|p2a: Dragonite|Thunder Wave|p1a: Arcanine\n|-status|p1a: Arcanine|par\n|move|p1b: Amoonguss|Spore|p2b: Rotom\n|-status|p2b: Rotom|slp|[from] move: Spore\n|\n|upkeep\n|turn|2\n|inactive|Arcacagne has 30 seconds left.\n|\n|t:|1683474168\n|switch|p2b: Haxorus|Haxorus, L50, M, shiny|100\/100\n|-ability|p2b: Haxorus|Mold Breaker\n|move|p1a: Arcanine|Extreme Speed|p2b: Haxorus\n|-damage|p2b: Haxorus|77\/100\n|move|p2a: Dragonite|Tailwind|p2a: Dragonite\n|-sidestart|p2: kepogue|move: Tailwind\n|move|p1b: Amoonguss|Spore|p2a: Dragonite\n|-status|p2a: Dragonite|slp|[from] move: Spore\n|-enditem|p2a: Dragonite|Chesto Berry|[eat]\n|-curestatus|p2a: Dragonite|slp|[msg]\n|\n|upkeep\n|turn|3\n|inactive|kepogue has 30 seconds left.\n|\n|t:|1683474195\n|-terastallize|p2b: Haxorus|Ground\n|move|p2a: Dragonite|Aqua Jet|p2b: Haxorus\n|-supereffective|p2b: Haxorus\n|-damage|p2b: Haxorus|59\/100\n|-enditem|p2b: Haxorus|Weakness Policy\n|-boost|p2b: Haxorus|atk|2|[from] item: Weakness Policy\n|-boost|p2b: Haxorus|spa|2|[from] item: Weakness Policy\n|move|p2b: Haxorus|Earthquake|p1a: Arcanine|[spread] p1a,p1b\n|-immune|p2a: Dragonite\n|-supereffective|p1a: Arcanine\n|-damage|p1a: Arcanine|0 fnt\n|-damage|p1b: Amoonguss|18\/100\n|faint|p1a: Arcanine\n|move|p1b: Amoonguss|Spore|p2a: Dragonite\n|-status|p2a: Dragonite|slp|[from] move: Spore\n|\n|upkeep\n|\n|t:|1683474215\n|switch|p1a: Kingambit|Kingambit, L50, F|100\/100\n|turn|4\n|\n|t:|1683474232\n|-terastallize|p1a: Kingambit|Water\n|move|p2b: Haxorus|Earthquake|p1b: Amoonguss|[spread] p1a,p1b\n|-immune|p2a: Dragonite\n|-damage|p1a: Kingambit|26\/100\n|-damage|p1b: Amoonguss|0 fnt\n|faint|p1b: Amoonguss\n|cant|p2a: Dragonite|slp\n|move|p1a: Kingambit|Swords Dance|p1a: Kingambit\n|-boost|p1a: Kingambit|atk|2\n|\n|upkeep\n|\n|t:|1683474242\n|switch|p1b: Flutter Mane|Flutter Mane, L50|100\/100\n|-enditem|p1b: Flutter Mane|Booster Energy\n|-activate|p1b: Flutter Mane|ability: Protosynthesis|[fromitem]\n|-start|p1b: Flutter Mane|protosynthesisspa\n|turn|5\n|\n|t:|1683474254\n|move|p2b: Haxorus|Protect|p2b: Haxorus\n|-singleturn|p2b: Haxorus|Protect\n|move|p1a: Kingambit|Sucker Punch||[still]\n|-fail|p1a: Kingambit\n|cant|p2a: Dragonite|slp\n|move|p1b: Flutter Mane|Substitute|p1b: Flutter Mane\n|-start|p1b: Flutter Mane|Substitute\n|-damage|p1b: Flutter Mane|76\/100\n|\n|-sideend|p2: kepogue|move: Tailwind\n|upkeep\n|turn|6\n|\n|t:|1683474275\n|move|p2b: Haxorus|Protect||[still]\n|-fail|p2b: Haxorus\n|move|p1a: Kingambit|Sucker Punch||[still]\n|-fail|p1a: Kingambit\n|move|p1b: Flutter Mane|Moonblast|p2a: Dragonite\n|-supereffective|p2a: Dragonite\n|-damage|p2a: Dragonite|59\/100 slp\n|cant|p2a: Dragonite|slp\n|\n|upkeep\n|turn|7\n|inactive|kepogue has 30 seconds left.\n|\n|t:|1683474307\n|switch|p2b: Flutter Mane|Flutter Mane, L50|100\/100\n|switch|p2a: Rotom|Rotom-Wash, L50|100\/100 slp\n|move|p1a: Kingambit|Sucker Punch||[still]\n|-fail|p1a: Kingambit\n|move|p1b: Flutter Mane|Moonblast|p2b: Flutter Mane\n|-damage|p2b: Flutter Mane|40\/100\n|\n|upkeep\n|turn|8\n|inactive|kepogue has 30 seconds left.\n|\n|t:|1683474334\n|move|p2b: Flutter Mane|Protect|p2b: Flutter Mane\n|-singleturn|p2b: Flutter Mane|Protect\n|move|p1a: Kingambit|Sucker Punch||[still]\n|-fail|p1a: Kingambit\n|move|p1b: Flutter Mane|Moonblast|p2a: Rotom\n|-damage|p2a: Rotom|34\/100 slp\n|-enditem|p2a: Rotom|Sitrus Berry|[eat]\n|-heal|p2a: Rotom|59\/100 slp|[from] item: Sitrus Berry\n|cant|p2a: Rotom|slp\n|\n|upkeep\n|turn|9\n|\n|t:|1683474349\n|move|p2b: Flutter Mane|Protect||[still]\n|-fail|p2b: Flutter Mane\n|move|p1a: Kingambit|Sucker Punch||[still]\n|-fail|p1a: Kingambit\n|move|p1b: Flutter Mane|Moonblast|p2a: Rotom\n|-damage|p2a: Rotom|0 fnt\n|faint|p2a: Rotom\n|\n|upkeep\n|\n|t:|1683474359\n|switch|p2a: Dragonite|Dragonite, L50, M|59\/100 slp\n|turn|10\n|\n|t:|1683474368\n|move|p2b: Flutter Mane|Protect|p2b: Flutter Mane\n|-singleturn|p2b: Flutter Mane|Protect\n|move|p1a: Kingambit|Sucker Punch||[still]\n|-fail|p1a: Kingambit\n|move|p1b: Flutter Mane|Moonblast|p2a: Dragonite\n|-supereffective|p2a: Dragonite\n|-damage|p2a: Dragonite|0 fnt\n|faint|p2a: Dragonite\n|\n|upkeep\n|\n|t:|1683474380\n|switch|p2a: Haxorus|Haxorus, L50, M, shiny, tera:Ground|59\/100\n|-ability|p2a: Haxorus|Mold Breaker\n|turn|11\n|\n|t:|1683474393\n|move|p2a: Haxorus|Protect|p2a: Haxorus\n|-singleturn|p2a: Haxorus|Protect\n|move|p1a: Kingambit|Sucker Punch|p2b: Flutter Mane\n|-damage|p2b: Flutter Mane|0 fnt\n|faint|p2b: Flutter Mane\n|-end|p2b: Flutter Mane|Protosynthesis|[silent]\n|move|p1b: Flutter Mane|Moonblast|p2a: Haxorus\n|-activate|p2a: Haxorus|move: Protect\n|\n|upkeep\n|turn|12\n|c|\u2606Arcacagne|gg\n|\n|t:|1683474406\n|move|p1a: Kingambit|Sucker Punch|p2a: Haxorus\n|-damage|p2a: Haxorus|0 fnt\n|faint|p2a: Haxorus\n|\n|win|Arcacagne\n|raw|Arcacagne's rating: 1241 → 1266<\/strong> (+25 for winning)\n|raw|kepogue's rating: 1247 → 1222<\/strong> (-25 for losing)\n|l|\u2606kepogue\n","uploadtime":1683474413,"views":11,"p1id":"arcacagne","p2id":"kepogue","formatid":"gen9vgc2023regulationc","rating":1222,"private":0,"password":""}