{"id":"gen9vgc2023regulationc-1860451693","p1":"scorpiopower","p2":"Arcacagne","format":"[Gen 9] VGC 2023 Regulation C","log":"|j|\u2606scorpiopower\n|j|\u2606Arcacagne\n|t:|1683645422\n|gametype|doubles\n|player|p1|scorpiopower|swimmer-gen4|1353\n|player|p2|Arcacagne|101|1293\n|teamsize|p1|6\n|teamsize|p2|6\n|gen|9\n|tier|[Gen 9] VGC 2023 Regulation C\n|rated|\n|rule|Species Clause: Limit one of each Pok\u00e9mon\n|rule|Item Clause: Limit one of each item\n|clearpoke\n|poke|p1|Murkrow, L50, F|\n|poke|p1|Glimmora, L50, M|\n|poke|p1|Wo-Chien, L50|\n|poke|p1|Great Tusk, L50|\n|poke|p1|Volcarona, L50, M|\n|poke|p1|Garganacl, L50, F|\n|poke|p2|Flutter Mane, L50|\n|poke|p2|Chi-Yu, L50|\n|poke|p2|Amoonguss, L50, M|\n|poke|p2|Annihilape, L50, M|\n|poke|p2|Scream Tail, L50|\n|poke|p2|Iron Bundle, L50|\n|teampreview|4\n|\n|t:|1683645474\n|start\n|switch|p1a: Cat in the Hat|Murkrow, L50, F|100\/100\n|switch|p1b: Pointy Rock|Glimmora, L50, M|100\/100\n|switch|p2a: Annihilape|Annihilape, L50, M|100\/100\n|switch|p2b: Iron Bundle|Iron Bundle, L50|100\/100\n|turn|1\n|\n|t:|1683645510\n|move|p2a: Annihilape|Protect|p2a: Annihilape\n|-singleturn|p2a: Annihilape|Protect\n|move|p1a: Cat in the Hat|Tailwind|p1a: Cat in the Hat\n|-sidestart|p1: scorpiopower|move: Tailwind\n|move|p1b: Pointy Rock|Power Gem|p2b: Iron Bundle\n|-supereffective|p2b: Iron Bundle\n|-enditem|p2b: Iron Bundle|Focus Sash\n|-damage|p2b: Iron Bundle|1\/100\n|move|p2b: Iron Bundle|Freeze-Dry|p1a: Cat in the Hat\n|-supereffective|p1a: Cat in the Hat\n|-damage|p1a: Cat in the Hat|39\/100\n|-status|p1a: Cat in the Hat|frz\n|\n|upkeep\n|turn|2\n|\n|t:|1683645527\n|move|p2b: Iron Bundle|Protect|p2b: Iron Bundle\n|-singleturn|p2b: Iron Bundle|Protect\n|move|p1b: Pointy Rock|Mortal Spin|p2a: Annihilape|[spread] p2a\n|-activate|p2b: Iron Bundle|move: Protect\n|-resisted|p2a: Annihilape\n|-damage|p2a: Annihilape|99\/100\n|-status|p2a: Annihilape|psn\n|cant|p1a: Cat in the Hat|frz\n|move|p2a: Annihilape|Drain Punch|p1b: Pointy Rock\n|-damage|p1b: Pointy Rock|58\/100\n|-heal|p2a: Annihilape|100\/100 psn|[from] drain|[of] p1b: Pointy Rock\n|-activate|p1b: Pointy Rock|ability: Toxic Debris\n|-sidestart|p2: Arcacagne|move: Toxic Spikes\n|\n|-damage|p2a: Annihilape|88\/100 psn|[from] psn\n|upkeep\n|turn|3\n|\n|t:|1683645552\n|-end|p2b: Iron Bundle|Quark Drive|[silent]\n|switch|p2b: Scream Tail|Scream Tail, L50|100\/100\n|-enditem|p2b: Scream Tail|Booster Energy\n|-activate|p2b: Scream Tail|ability: Protosynthesis|[fromitem]\n|-start|p2b: Scream Tail|protosynthesisspe\n|-status|p2b: Scream Tail|psn\n|move|p1b: Pointy Rock|Power Gem|p2b: Scream Tail\n|-damage|p2b: Scream Tail|67\/100 psn\n|cant|p1a: Cat in the Hat|frz\n|move|p2a: Annihilape|Bulk Up|p2a: Annihilape\n|-boost|p2a: Annihilape|atk|1\n|-boost|p2a: Annihilape|def|1\n|\n|-damage|p2b: Scream Tail|55\/100 psn|[from] psn\n|-damage|p2a: Annihilape|76\/100 psn|[from] psn\n|upkeep\n|turn|4\n|\n|t:|1683645577\n|move|p2b: Scream Tail|Protect|p2b: Scream Tail\n|-singleturn|p2b: Scream Tail|Protect\n|cant|p1a: Cat in the Hat|frz\n|move|p1b: Pointy Rock|Sludge Bomb|p2b: Scream Tail\n|-activate|p2b: Scream Tail|move: Protect\n|move|p2a: Annihilape|Drain Punch|p1b: Pointy Rock\n|-damage|p1b: Pointy Rock|0 fnt\n|-heal|p2a: Annihilape|98\/100 psn|[from] drain|[of] p1b: Pointy Rock\n|-activate|p1b: Pointy Rock|ability: Toxic Debris\n|-sidestart|p2: Arcacagne|move: Toxic Spikes\n|faint|p1b: Pointy Rock\n|\n|-damage|p2b: Scream Tail|42\/100 psn|[from] psn\n|-damage|p2a: Annihilape|86\/100 psn|[from] psn\n|-sideend|p1: scorpiopower|move: Tailwind\n|upkeep\n|\n|t:|1683645589\n|switch|p1b: Volcarona|Volcarona, L50, M|100\/100\n|turn|5\n|\n|t:|1683645605\n|-terastallize|p2a: Annihilape|Fire\n|-curestatus|p1a: Cat in the Hat|frz|[msg]\n|move|p1a: Cat in the Hat|Haze|p1a: Cat in the Hat\n|-clearallboost\n|move|p2b: Scream Tail|Dazzling Gleam|p1b: Volcarona|[spread] p1a,p1b\n|-supereffective|p1a: Cat in the Hat\n|-resisted|p1b: Volcarona\n|-damage|p1a: Cat in the Hat|14\/100\n|-damage|p1b: Volcarona|92\/100\n|move|p1b: Volcarona|Fiery Dance|p2b: Scream Tail\n|-damage|p2b: Scream Tail|11\/100 psn\n|-boost|p1b: Volcarona|spa|1\n|move|p2a: Annihilape|Rage Fist|p1b: Volcarona\n|-damage|p1b: Volcarona|18\/100\n|\n|-damage|p2b: Scream Tail|0 fnt|[from] psn\n|faint|p2b: Scream Tail\n|-end|p2b: Scream Tail|Protosynthesis|[silent]\n|-damage|p2a: Annihilape|73\/100 psn|[from] psn\n|upkeep\n|\n|t:|1683645626\n|switch|p2b: Flutter Mane|Flutter Mane, L50|100\/100\n|-status|p2b: Flutter Mane|tox\n|turn|6\n|\n|t:|1683645646\n|move|p1b: Volcarona|Protect|p1b: Volcarona\n|-singleturn|p1b: Volcarona|Protect\n|move|p1a: Cat in the Hat|Tailwind|p1a: Cat in the Hat\n|-sidestart|p1: scorpiopower|move: Tailwind\n|move|p2b: Flutter Mane|Dazzling Gleam|p1b: Volcarona|[spread] p1a\n|-activate|p1b: Volcarona|move: Protect\n|-supereffective|p1a: Cat in the Hat\n|-damage|p1a: Cat in the Hat|0 fnt\n|faint|p1a: Cat in the Hat\n|move|p2a: Annihilape|Drain Punch|p1b: Volcarona\n|-activate|p1b: Volcarona|move: Protect\n|\n|-damage|p2b: Flutter Mane|94\/100 tox|[from] psn\n|-damage|p2a: Annihilape|61\/100 psn|[from] psn\n|upkeep\n|\n|t:|1683645659\n|switch|p1a: The Boy|Great Tusk, L50|100\/100\n|turn|7\n|\n|t:|1683645673\n|-terastallize|p1a: The Boy|Steel\n|move|p1a: The Boy|Tera Blast|p2b: Flutter Mane\n|-supereffective|p2b: Flutter Mane\n|-damage|p2b: Flutter Mane|0 fnt\n|faint|p2b: Flutter Mane\n|-end|p2b: Flutter Mane|Protosynthesis|[silent]\n|move|p1b: Volcarona|Fiery Dance|p2a: Annihilape\n|-resisted|p2a: Annihilape\n|-damage|p2a: Annihilape|33\/100 psn\n|-enditem|p2a: Annihilape|Sitrus Berry|[eat]\n|-heal|p2a: Annihilape|58\/100 psn|[from] item: Sitrus Berry\n|move|p2a: Annihilape|Drain Punch|p1a: The Boy\n|-supereffective|p1a: The Boy\n|-damage|p1a: The Boy|50\/100\n|-heal|p2a: Annihilape|80\/100 psn|[from] drain|[of] p1a: The Boy\n|\n|-damage|p2a: Annihilape|68\/100 psn|[from] psn\n|upkeep\n|\n|t:|1683645687\n|switch|p2b: Iron Bundle|Iron Bundle, L50|1\/100\n|-status|p2b: Iron Bundle|tox\n|turn|8\n|\n|t:|1683645702\n|move|p1b: Volcarona|Protect|p1b: Volcarona\n|-singleturn|p1b: Volcarona|Protect\n|move|p1a: The Boy|Tera Blast|p2a: Annihilape\n|-resisted|p2a: Annihilape\n|-damage|p2a: Annihilape|49\/100 psn\n|move|p2b: Iron Bundle|Icy Wind|p1b: Volcarona|[spread] p1a\n|-activate|p1b: Volcarona|move: Protect\n|-resisted|p1a: The Boy\n|-damage|p1a: The Boy|35\/100\n|-unboost|p1a: The Boy|spe|1\n|move|p2a: Annihilape|Drain Punch|p1a: The Boy\n|-supereffective|p1a: The Boy\n|-damage|p1a: The Boy|0 fnt\n|-heal|p2a: Annihilape|64\/100 psn|[from] drain|[of] p1a: The Boy\n|faint|p1a: The Boy\n|-end|p1a: The Boy|Protosynthesis|[silent]\n|\n|-damage|p2b: Iron Bundle|0 fnt|[from] psn\n|faint|p2b: Iron Bundle\n|-end|p2b: Iron Bundle|Quark Drive|[silent]\n|-damage|p2a: Annihilape|52\/100 psn|[from] psn\n|upkeep\n|turn|9\n|\n|t:|1683645724\n|move|p1b: Volcarona|Bug Buzz|p2a: Annihilape\n|-resisted|p2a: Annihilape\n|-damage|p2a: Annihilape|20\/100 psn\n|move|p2a: Annihilape|Drain Punch|p1b: Volcarona\n|-resisted|p1b: Volcarona\n|-damage|p1b: Volcarona|0 fnt\n|-heal|p2a: Annihilape|26\/100 psn|[from] drain|[of] p1b: Volcarona\n|faint|p1b: Volcarona\n|\n|win|Arcacagne\n|raw|scorpiopower's rating: 1353 → 1330<\/strong> (-23 for losing)\n|raw|Arcacagne's rating: 1293 → 1322<\/strong> (+29 for winning)\n|c|\u2606Arcacagne|gg\n","uploadtime":1683645736,"views":6,"p1id":"scorpiopower","p2id":"arcacagne","formatid":"gen9vgc2023regulationc","rating":1322,"private":0,"password":""}