{"id":"gen9vgc2023regulationc-1858552254","p1":"Ckoqee","p2":"Maractus garden","format":"[Gen 9] VGC 2023 Regulation C","log":"|j|\u2606Ckoqee\n|j|\u2606Maractus garden\n|t:|1683324466\n|gametype|doubles\n|player|p1|Ckoqee|169|1084\n|player|p2|Maractus garden|wattson|1180\n|teamsize|p1|6\n|teamsize|p2|6\n|gen|9\n|tier|[Gen 9] VGC 2023 Regulation C\n|rated|\n|rule|Species Clause: Limit one of each Pok\u00e9mon\n|rule|Item Clause: Limit one of each item\n|clearpoke\n|poke|p1|Amoonguss, L50, M|\n|poke|p1|Flutter Mane, L50|\n|poke|p1|Scizor, L50, F|\n|poke|p1|Grimmsnarl, L50, M|\n|poke|p1|Rotom-Wash, L50|\n|poke|p1|Meowscarada, L50, F|\n|poke|p2|Dondozo, L50, F|\n|poke|p2|Tatsugiri, L50, M|\n|poke|p2|Glimmora, L50, F|\n|poke|p2|Chi-Yu, L50|\n|poke|p2|Flutter Mane, L50|\n|poke|p2|Dragonite, L50, F|\n|teampreview|4\nMaractus garden rejected open team sheets.\n|inactive|Battle timer is ON: inactive players will automatically lose when time's up. (requested by Ckoqee)\n|\n|t:|1683324553\n|start\n|switch|p1a: Grimmsnarl|Grimmsnarl, L50, M|100\/100\n|switch|p1b: Flutter Mane|Flutter Mane, L50|100\/100\n|switch|p2a: Chi-Yu|Chi-Yu, L50|100\/100\n|switch|p2b: Glimmora|Glimmora, L50, F|100\/100\n|-ability|p2a: Chi-Yu|Beads of Ruin\n|-enditem|p1b: Flutter Mane|Booster Energy\n|-activate|p1b: Flutter Mane|ability: Protosynthesis|[fromitem]\n|-start|p1b: Flutter Mane|protosynthesisspa\n|turn|1\n|inactive|Ckoqee has 30 seconds left.\n|inactive|Maractus garden has 30 seconds left.\n|\n|t:|1683324584\n|move|p1b: Flutter Mane|Protect|p1b: Flutter Mane\n|-singleturn|p1b: Flutter Mane|Protect\n|move|p2a: Chi-Yu|Protect|p2a: Chi-Yu\n|-singleturn|p2a: Chi-Yu|Protect\n|move|p1a: Grimmsnarl|Light Screen|p1a: Grimmsnarl\n|-sidestart|p1: Ckoqee|move: Light Screen\n|move|p2b: Glimmora|Mortal Spin|p1b: Flutter Mane|[spread] p1a\n|-activate|p1b: Flutter Mane|move: Protect\n|-supereffective|p1a: Grimmsnarl\n|-damage|p1a: Grimmsnarl|92\/100\n|-status|p1a: Grimmsnarl|psn\n|\n|-damage|p1a: Grimmsnarl|79\/100 psn|[from] psn\n|upkeep\n|turn|2\n|inactive|Ckoqee has 30 seconds left.\n|\n|t:|1683324616\n|move|p1b: Flutter Mane|Mystical Fire|p2b: Glimmora\n|-resisted|p2b: Glimmora\n|-damage|p2b: Glimmora|83\/100\n|-unboost|p2b: Glimmora|spa|1\n|move|p2b: Glimmora|Power Gem|p1b: Flutter Mane\n|-damage|p1b: Flutter Mane|78\/100\n|move|p2a: Chi-Yu|Flamethrower|p1b: Flutter Mane\n|-damage|p1b: Flutter Mane|29\/100\n|move|p1a: Grimmsnarl|Spirit Break|p2a: Chi-Yu\n|-damage|p2a: Chi-Yu|53\/100\n|-unboost|p2a: Chi-Yu|spa|1\n|\n|-damage|p1a: Grimmsnarl|67\/100 psn|[from] psn\n|upkeep\n|turn|3\n|inactive|Ckoqee has 30 seconds left.\n|inactive|Maractus garden has 30 seconds left.\n|\n|t:|1683324647\n|move|p1b: Flutter Mane|Mystical Fire|p2b: Glimmora\n|-resisted|p2b: Glimmora\n|-damage|p2b: Glimmora|66\/100\n|-unboost|p2b: Glimmora|spa|1\n|move|p2b: Glimmora|Mortal Spin|p1a: Grimmsnarl|[spread] p1a,p1b\n|-supereffective|p1a: Grimmsnarl\n|-damage|p1a: Grimmsnarl|58\/100 psn\n|-damage|p1b: Flutter Mane|20\/100\n|-status|p1b: Flutter Mane|psn\n|move|p2a: Chi-Yu|Flamethrower|p1b: Flutter Mane\n|-damage|p1b: Flutter Mane|0 fnt\n|faint|p1b: Flutter Mane\n|-end|p1b: Flutter Mane|Protosynthesis|[silent]\n|move|p1a: Grimmsnarl|Spirit Break|p2a: Chi-Yu\n|-damage|p2a: Chi-Yu|12\/100\n|-unboost|p2a: Chi-Yu|spa|1\n|\n|-damage|p1a: Grimmsnarl|46\/100 psn|[from] psn\n|upkeep\n|\n|t:|1683324664\n|switch|p1b: Rotom|Rotom-Wash, L50|100\/100\n|turn|4\n|\n|t:|1683324680\n|switch|p2b: Dragonite|Dragonite, L50, F|100\/100\n|move|p2a: Chi-Yu|Protect|p2a: Chi-Yu\n|-singleturn|p2a: Chi-Yu|Protect\n|move|p1b: Rotom|Discharge|p2b: Dragonite|[spread] p1a,p2b\n|-activate|p2a: Chi-Yu|move: Protect\n|-damage|p1a: Grimmsnarl|21\/100 psn\n|-damage|p2b: Dragonite|84\/100\n|-status|p2b: Dragonite|par\n|move|p1a: Grimmsnarl|Spirit Break|p2b: Dragonite\n|-supereffective|p2b: Dragonite\n|-damage|p2b: Dragonite|25\/100 par\n|-unboost|p2b: Dragonite|spa|1\n|\n|-damage|p1a: Grimmsnarl|9\/100 psn|[from] psn\n|upkeep\n|turn|5\n|inactive|Maractus garden has 30 seconds left.\n|\n|t:|1683324710\n|-terastallize|p1b: Rotom|Electric\n|move|p2b: Dragonite|Extreme Speed|p1a: Grimmsnarl\n|-damage|p1a: Grimmsnarl|0 fnt\n|faint|p1a: Grimmsnarl\n|move|p2a: Chi-Yu|Dark Pulse|p1b: Rotom\n|-damage|p1b: Rotom|80\/100\n|move|p1b: Rotom|Discharge|p2a: Chi-Yu|[spread] p2a,p2b\n|-crit|p2a: Chi-Yu\n|-damage|p2a: Chi-Yu|0 fnt\n|-damage|p2b: Dragonite|0 fnt\n|faint|p2a: Chi-Yu\n|faint|p2b: Dragonite\n|\n|upkeep\n|\n|t:|1683324722\n|switch|p2a: Glimmora|Glimmora, L50, F|66\/100\n|switch|p2b: Flutter Mane|Flutter Mane, L50|100\/100\n|switch|p1a: Meowscarada|Meowscarada, L50, F|100\/100\n|-enditem|p2b: Flutter Mane|Booster Energy\n|-activate|p2b: Flutter Mane|ability: Protosynthesis|[fromitem]\n|-start|p2b: Flutter Mane|protosynthesisspe\n|turn|6\n|inactive|Ckoqee has 30 seconds left.\n|inactive|Maractus garden has 30 seconds left.\n|inactive|Ckoqee has 20 seconds left.\n|\n|t:|1683324758\n|move|p2b: Flutter Mane|Substitute|p2b: Flutter Mane\n|-start|p2b: Flutter Mane|Substitute\n|-damage|p2b: Flutter Mane|76\/100\n|move|p1a: Meowscarada|Knock Off|p2b: Flutter Mane\n|-end|p2b: Flutter Mane|Substitute\n|move|p2a: Glimmora|Mortal Spin|p1b: Rotom|[spread] p1a,p1b\n|-supereffective|p1a: Meowscarada\n|-damage|p1a: Meowscarada|87\/100\n|-damage|p1b: Rotom|76\/100\n|-status|p1a: Meowscarada|psn\n|-status|p1b: Rotom|psn\n|move|p1b: Rotom|Hydro Pump|p2a: Glimmora\n|-supereffective|p2a: Glimmora\n|-damage|p2a: Glimmora|0 fnt\n|faint|p2a: Glimmora\n|\n|-damage|p1a: Meowscarada|75\/100 psn|[from] psn\n|-damage|p1b: Rotom|64\/100 psn|[from] psn\n|upkeep\n|turn|7\n|inactive|Ckoqee has 30 seconds left.\n|\n|t:|1683324786\n|move|p2b: Flutter Mane|Protect|p2b: Flutter Mane\n|-singleturn|p2b: Flutter Mane|Protect\n|move|p1a: Meowscarada|Sucker Punch||[still]\n|-fail|p1a: Meowscarada\n|move|p1b: Rotom|Will-O-Wisp|p2b: Flutter Mane\n|-activate|p2b: Flutter Mane|move: Protect\n|\n|-damage|p1a: Meowscarada|62\/100 psn|[from] psn\n|-damage|p1b: Rotom|51\/100 psn|[from] psn\n|upkeep\n|turn|8\n|\n|t:|1683324801\n|move|p1a: Meowscarada|Sucker Punch||[still]\n|-fail|p1a: Meowscarada\n|move|p2b: Flutter Mane|Substitute|p2b: Flutter Mane\n|-start|p2b: Flutter Mane|Substitute\n|-damage|p2b: Flutter Mane|51\/100\n|move|p1b: Rotom|Will-O-Wisp||[still]\n|-fail|p1b: Rotom\n|\n|-damage|p1a: Meowscarada|50\/100 psn|[from] psn\n|-damage|p1b: Rotom|39\/100 psn|[from] psn\n|-sideend|p1: Ckoqee|move: Light Screen\n|upkeep\n|turn|9\n|\n|t:|1683324813\n|move|p2b: Flutter Mane|Hex|p1b: Rotom\n|-damage|p1b: Rotom|0 fnt\n|faint|p1b: Rotom\n|move|p1a: Meowscarada|Knock Off|p2b: Flutter Mane\n|-end|p2b: Flutter Mane|Substitute\n|\n|-damage|p1a: Meowscarada|37\/100 psn|[from] psn\n|upkeep\n|turn|10\n|\n|t:|1683324825\n|move|p2b: Flutter Mane|Protect|p2b: Flutter Mane\n|-singleturn|p2b: Flutter Mane|Protect\n|move|p1a: Meowscarada|Knock Off|p2b: Flutter Mane\n|-activate|p2b: Flutter Mane|move: Protect\n|\n|-damage|p1a: Meowscarada|25\/100 psn|[from] psn\n|upkeep\n|turn|11\n|\n|t:|1683324833\n|move|p2b: Flutter Mane|Substitute|p2b: Flutter Mane\n|-start|p2b: Flutter Mane|Substitute\n|-damage|p2b: Flutter Mane|27\/100\n|move|p1a: Meowscarada|Knock Off|p2b: Flutter Mane\n|-crit|p2b: Flutter Mane\n|-end|p2b: Flutter Mane|Substitute\n|\n|-damage|p1a: Meowscarada|12\/100 psn|[from] psn\n|upkeep\n|turn|12\n|-message|Ckoqee forfeited.\n|\n|win|Maractus garden\n|raw|Ckoqee's rating: 1084 → 1067<\/strong> (-17 for losing)\n|raw|Maractus garden's rating: 1180 → 1198<\/strong> (+18 for winning)\n|l|\u2606Ckoqee\n","uploadtime":1683324857,"views":6,"p1id":"ckoqee","p2id":"maractusgarden","formatid":"gen9vgc2023regulationc","rating":1067,"private":0,"password":""}