{"id":"gen9vgc2023regulationc-1858498540","p1":"mharidain","p2":"couscouschanel","format":"[Gen 9] VGC 2023 Regulation C","log":"|j|\u2606mharidain\n|j|\u2606couscouschanel\n|t:|1683318381\n|gametype|doubles\n|player|p1|mharidain|guitarist-gen4|\n|player|p2|couscouschanel|parasollady|\n|teamsize|p1|6\n|teamsize|p2|6\n|gen|9\n|tier|[Gen 9] VGC 2023 Regulation C\n|rule|Species Clause: Limit one of each Pok\u00e9mon\n|rule|Item Clause: Limit one of each item\n|clearpoke\n|poke|p1|Makuhita, L5, M|\n|poke|p1|Larvesta, L5, M|\n|poke|p1|Mareanie, L5, M|\n|poke|p1|Bagon, L5, M|\n|poke|p1|Charcadet, L5, M|\n|poke|p1|Surskit, L5, F|\n|poke|p2|Teddiursa, L5, F|\n|poke|p2|Happiny, L5, F|\n|poke|p2|Shellos, L5, F|\n|poke|p2|Igglybuff, L5, M|\n|poke|p2|Starly, L5, F|\n|poke|p2|Cubchoo, L5, M|\n|teampreview|4\n|j| H0p5t3r\nmharidain rejected open team sheets.\n|j| haydyg\n|c| H0p5t3r|LATE as usual\n|j| coatesy92\n|\n|t:|1683318515\n|start\n|switch|p1a: Makuhammad Ali|Makuhita, L5, M|100\/100\n|switch|p1b: Bag on head|Bagon, L5, M, shiny|100\/100\n|switch|p2a: Mr Ted|Teddiursa, L5, F|100\/100\n|switch|p2b: Lola|Happiny, L5, F|100\/100\n|turn|1\n|\n|t:|1683318614\n|move|p1a: Makuhammad Ali|Fake Out|p2a: Mr Ted\n|-damage|p2a: Mr Ted|87\/100\n|move|p1b: Bag on head|Dragon Dance|p1b: Bag on head\n|-boost|p1b: Bag on head|atk|1\n|-boost|p1b: Bag on head|spe|1\n|move|p2b: Lola|Hyper Voice|p1b: Bag on head|[spread] p1a,p1b\n|-crit|p1a: Makuhammad Ali\n|-damage|p1a: Makuhammad Ali|44\/100\n|-damage|p1b: Bag on head|58\/100\n|cant|p2a: Mr Ted|flinch\n|\n|-status|p2a: Mr Ted|tox|[from] item: Toxic Orb\n|-status|p1a: Makuhammad Ali|brn|[from] item: Flame Orb\n|upkeep\n|turn|2\n|\n|t:|1683318658\n|switch|p1a: Wretched creature|Mareanie, L5, M|100\/100\n|move|p1b: Bag on head|Rock Slide|p2b: Lola|[spread] p2a,p2b\n|-damage|p2a: Mr Ted|32\/100 tox\n|-damage|p2b: Lola|4\/100\n|move|p2a: Mr Ted|Facade|p1b: Bag on head\n|-damage|p1b: Bag on head|0 fnt\n|faint|p1b: Bag on head\n|move|p2b: Lola|Hyper Voice|p1a: Wretched creature\n|-damage|p1a: Wretched creature|71\/100\n|\n|-damage|p2a: Mr Ted|28\/100 tox|[from] psn\n|upkeep\n|\n|t:|1683318700\n|switch|p1b: Donttakemysta|Larvesta, L5, M, shiny|100\/100\n|turn|3\n|\n|t:|1683318732\n|switch|p2b: Shelly|Shellos, L5, F|100\/100\n|move|p1b: Donttakemysta|U-turn|p2a: Mr Ted\n|-damage|p2a: Mr Ted|0 fnt\n|faint|p2a: Mr Ted\n|\n|t:|1683318738\n|switch|p1b: Makuhammad Ali|Makuhita, L5, M|44\/100 brn|[from] U-turn\n|move|p1a: Wretched creature|Recover|p1a: Wretched creature\n|-heal|p1a: Wretched creature|100\/100\n|\n|-damage|p1b: Makuhammad Ali|40\/100 brn|[from] brn\n|upkeep\n|\n|t:|1683318758\n|switch|p2a: Jiggles|Igglybuff, L5, M, shiny|100\/100\n|turn|4\n|\n|t:|1683318786\n|move|p1b: Makuhammad Ali|Fake Out|p2a: Jiggles\n|-damage|p2a: Jiggles|64\/100\n|move|p1a: Wretched creature|Poison Jab|p2a: Jiggles\n|-supereffective|p2a: Jiggles\n|-damage|p2a: Jiggles|0 fnt\n|faint|p2a: Jiggles\n|move|p2b: Shelly|Ancient Power|p1a: Wretched creature\n|-damage|p1a: Wretched creature|84\/100\n|\n|-damage|p1b: Makuhammad Ali|35\/100 brn|[from] brn\n|upkeep\n|\n|t:|1683318811\n|switch|p2a: Lola|Happiny, L5, F|4\/100\n|turn|5\n|\n|t:|1683318850\n|move|p1a: Wretched creature|Poison Jab|p2a: Lola\n|-damage|p2a: Lola|0 fnt\n|faint|p2a: Lola\n|move|p2b: Shelly|Ice Beam|p1b: Makuhammad Ali\n|-crit|p1b: Makuhammad Ali\n|-damage|p1b: Makuhammad Ali|0 fnt\n|faint|p1b: Makuhammad Ali\n|\n|upkeep\n|\n|t:|1683318858\n|switch|p1b: Donttakemysta|Larvesta, L5, M, shiny|100\/100\n|turn|6\n|c| haydyg|man look at that bug fire type\n|j| tap water gang\n|\n|t:|1683318891\n|move|p1b: Donttakemysta|Leech Life|p2b: Shelly\n|-damage|p2b: Shelly|36\/100\n|move|p1a: Wretched creature|Poison Jab|p2b: Shelly\n|-damage|p2b: Shelly|0 fnt\n|faint|p2b: Shelly\n|\n|win|mharidain\n|c| tap water gang|Gg\n|l| tap water gang\n|c| haydyg|ggg\n|l| coatesy92\n|l|\u2606couscouschanel\n","uploadtime":1683319283,"views":7,"p1id":"mharidain","p2id":"couscouschanel","formatid":"gen9vgc2023regulationc","rating":0,"private":0,"password":""}