{"id":"gen9vgc2023regulationc-1861986792","p1":"Arcacagne","p2":"cyruno","format":"[Gen 9] VGC 2023 Regulation C","log":"|j|\u2606Arcacagne\n|j|\u2606cyruno\n|t:|1683826556\n|gametype|doubles\n|player|p1|Arcacagne|102|1352\n|player|p2|cyruno|blue|1378\n|teamsize|p1|6\n|teamsize|p2|6\n|gen|9\n|tier|[Gen 9] VGC 2023 Regulation C\n|rated|\n|rule|Species Clause: Limit one of each Pok\u00e9mon\n|rule|Item Clause: Limit one of each item\n|clearpoke\n|poke|p1|Chi-Yu, L50|\n|poke|p1|Flutter Mane, L50|\n|poke|p1|Amoonguss, L50, M|\n|poke|p1|Ting-Lu, L50|\n|poke|p1|Iron Hands, L50|\n|poke|p1|Gyarados, L50, F|\n|poke|p2|Scizor, L50, M|\n|poke|p2|Gholdengo, L50|\n|poke|p2|Chien-Pao, L50|\n|poke|p2|Arcanine, L50, F|\n|poke|p2|Azumarill, L50, F|\n|poke|p2|Amoonguss, L50, M|\n|teampreview|4\n|\n|t:|1683826593\n|start\n|switch|p1a: Amoonguss|Amoonguss, L50, M|100\/100\n|switch|p1b: Iron Hands|Iron Hands, L50|100\/100\n|switch|p2a: Jessica|Azumarill, L50, F|100\/100\n|switch|p2b: Bepis Man|Gholdengo, L50|100\/100\n|turn|1\n|\n|t:|1683826627\n|switch|p2a: Fido|Arcanine, L50, F|100\/100\n|-ability|p2a: Fido|Intimidate|boost\n|-unboost|p1a: Amoonguss|atk|1\n|-unboost|p1b: Iron Hands|atk|1\n|-terastallize|p1b: Iron Hands|Fire\n|move|p2b: Bepis Man|Shadow Ball|p1a: Amoonguss\n|-damage|p1a: Amoonguss|65\/100\n|move|p1b: Iron Hands|Swords Dance|p1b: Iron Hands\n|-boost|p1b: Iron Hands|atk|2\n|move|p1a: Amoonguss|Spore|p2a: Fido\n|-activate|p2a: Fido|item: Safety Goggles|Spore\n|\n|upkeep\n|turn|2\n|\n|t:|1683826656\n|switch|p1a: Chi-Yu|Chi-Yu, L50|100\/100\n|-ability|p1a: Chi-Yu|Beads of Ruin\n|move|p2a: Fido|Flare Blitz|p1a: Chi-Yu\n|-resisted|p1a: Chi-Yu\n|-damage|p1a: Chi-Yu|57\/100\n|-damage|p2a: Fido|91\/100|[from] Recoil\n|move|p2b: Bepis Man|Shadow Ball|p1b: Iron Hands\n|-crit|p1b: Iron Hands\n|-damage|p1b: Iron Hands|46\/100\n|move|p1b: Iron Hands|Drain Punch|p2a: Fido\n|-crit|p2a: Fido\n|-damage|p2a: Fido|9\/100\n|-heal|p1b: Iron Hands|77\/100|[from] drain|[of] p2a: Fido\n|\n|upkeep\n|turn|3\n|\n|t:|1683826677\n|switch|p2b: Jessica|Azumarill, L50, F|100\/100\n|move|p2a: Fido|Extreme Speed|p1a: Chi-Yu\n|-damage|p1a: Chi-Yu|18\/100\n|move|p1a: Chi-Yu|Heat Wave|p2a: Fido|[spread] p2a,p2b\n|-resisted|p2a: Fido\n|-resisted|p2b: Jessica\n|-damage|p2a: Fido|0 fnt\n|-damage|p2b: Jessica|83\/100\n|faint|p2a: Fido\n|move|p1b: Iron Hands|Thunder Punch|p2b: Jessica\n|-supereffective|p2b: Jessica\n|-damage|p2b: Jessica|0 fnt\n|faint|p2b: Jessica\n|\n|upkeep\n|\n|t:|1683826683\n|switch|p2a: Bepis Man|Gholdengo, L50|100\/100\n|switch|p2b: Scissors|Scizor, L50, M|100\/100\n|turn|4\n|\n|t:|1683826695\n|-terastallize|p2b: Scissors|Fire\n|move|p1a: Chi-Yu|Protect|p1a: Chi-Yu\n|-singleturn|p1a: Chi-Yu|Protect\n|move|p2a: Bepis Man|Shadow Ball|p1b: Iron Hands\n|-damage|p1b: Iron Hands|39\/100\n|move|p2b: Scissors|Close Combat|p1b: Iron Hands\n|-damage|p1b: Iron Hands|10\/100\n|-unboost|p2b: Scissors|def|1\n|-unboost|p2b: Scissors|spd|1\n|move|p1b: Iron Hands|Drain Punch|p2b: Scissors\n|-damage|p2b: Scissors|25\/100\n|-heal|p1b: Iron Hands|37\/100|[from] drain|[of] p2b: Scissors\n|\n|upkeep\n|turn|5\n|\n|t:|1683826723\n|switch|p1a: Amoonguss|Amoonguss, L50, M|98\/100\n|move|p2b: Scissors|Bullet Punch|p1a: Amoonguss\n|-damage|p1a: Amoonguss|67\/100\n|move|p2a: Bepis Man|Shadow Ball|p1b: Iron Hands\n|-damage|p1b: Iron Hands|9\/100\n|move|p1b: Iron Hands|Drain Punch|p2b: Scissors\n|-damage|p2b: Scissors|0 fnt\n|-heal|p1b: Iron Hands|18\/100|[from] drain|[of] p2b: Scissors\n|faint|p2b: Scissors\n|\n|upkeep\n|turn|6\n|-message|cyruno forfeited.\n|\n|win|Arcacagne\n|raw|Arcacagne's rating: 1352 → 1373<\/strong> (+21 for winning)\n|raw|cyruno's rating: 1378 → 1357<\/strong> (-21 for losing)\n|l|\u2606cyruno\n","uploadtime":1683826741,"views":10,"p1id":"arcacagne","p2id":"cyruno","formatid":"gen9vgc2023regulationc","rating":1357,"private":0,"password":""}