{"id":"gen9vgc2023regulationc-1851352018","p1":"mythical weavile","p2":"GucciSoup","format":"[Gen 9] VGC 2023 Regulation C","log":"|j|\u2606mythical weavile\n|j|\u2606GucciSoup\n|t:|1682438144\n|gametype|doubles\n|player|p1|mythical weavile|169|1320\n|player|p2|GucciSoup|wallace|1329\n|teamsize|p1|6\n|teamsize|p2|6\n|gen|9\n|tier|[Gen 9] VGC 2023 Regulation C\n|rated|\n|rule|Species Clause: Limit one of each Pok\u00e9mon\n|rule|Item Clause: Limit one of each item\n|clearpoke\n|poke|p1|Dondozo, L50, M|\n|poke|p1|Tatsugiri, L50, M|\n|poke|p1|Flutter Mane, L50|\n|poke|p1|Glimmora, L50, M|\n|poke|p1|Chi-Yu, L50|\n|poke|p1|Iron Bundle, L50|\n|poke|p2|Arboliva, L50, M|\n|poke|p2|Chi-Yu, L50|\n|poke|p2|Dachsbun, L50, F|\n|poke|p2|Palafin, L50, F|\n|poke|p2|Baxcalibur, L50, F|\n|poke|p2|Flutter Mane, L50|\n|teampreview|4\n|inactive|Battle timer is ON: inactive players will automatically lose when time's up. (requested by mythical weavile)\n|inactive|mythical weavile has 60 seconds left.\n|inactive|GucciSoup has 60 seconds left.\n|\n|t:|1682438201\n|start\n|switch|p1a: Glimmora|Glimmora, L50, M|100\/100\n|switch|p1b: Flutter Mane|Flutter Mane, L50|100\/100\n|switch|p2a: Goldfish|Chi-Yu, L50|100\/100\n|switch|p2b: Flutter Mane|Flutter Mane, L50|100\/100\n|-ability|p2a: Goldfish|Beads of Ruin\n|-enditem|p2b: Flutter Mane|Booster Energy\n|-activate|p2b: Flutter Mane|ability: Protosynthesis|[fromitem]\n|-start|p2b: Flutter Mane|protosynthesisspa\n|turn|1\n|inactive|mythical weavile has 30 seconds left.\n|inactive|mythical weavile has 20 seconds left.\n|inactive|mythical weavile has 15 seconds left.\n|\n|t:|1682438245\n|-terastallize|p2b: Flutter Mane|Fairy\n|move|p2a: Goldfish|Snarl|p1b: Flutter Mane|[spread] p1a,p1b\n|-damage|p1a: Glimmora|81\/100\n|-damage|p1b: Flutter Mane|81\/100\n|-unboost|p1a: Glimmora|spa|1\n|-unboost|p1b: Flutter Mane|spa|1\n|move|p1b: Flutter Mane|Dazzling Gleam|p2a: Goldfish|[spread] p2a,p2b\n|-damage|p2a: Goldfish|68\/100\n|-damage|p2b: Flutter Mane|60\/100\n|move|p2b: Flutter Mane|Calm Mind|p2b: Flutter Mane\n|-boost|p2b: Flutter Mane|spa|1\n|-boost|p2b: Flutter Mane|spd|1\n|move|p1a: Glimmora|Mortal Spin|p2a: Goldfish|[spread] p2a,p2b\n|-supereffective|p2b: Flutter Mane\n|-damage|p2a: Goldfish|64\/100\n|-damage|p2b: Flutter Mane|48\/100\n|-status|p2a: Goldfish|psn\n|-status|p2b: Flutter Mane|psn\n|\n|-damage|p2a: Goldfish|52\/100 psn|[from] psn\n|-damage|p2b: Flutter Mane|35\/100 psn|[from] psn\n|upkeep\n|turn|2\n|inactive|mythical weavile has 30 seconds left.\n|inactive|mythical weavile has 20 seconds left.\n|inactive|mythical weavile has 15 seconds left.\n|inactive|GucciSoup has 30 seconds left.\n|inactive|mythical weavile has 10 seconds left.\n|inactive|GucciSoup has 20 seconds left.\n|\n|t:|1682438296\n|move|p2a: Goldfish|Snarl|p1b: Flutter Mane|[spread] p1a,p1b\n|-damage|p1a: Glimmora|63\/100\n|-damage|p1b: Flutter Mane|58\/100\n|-unboost|p1a: Glimmora|spa|1\n|-unboost|p1b: Flutter Mane|spa|1\n|move|p1b: Flutter Mane|Dazzling Gleam|p2b: Flutter Mane|[spread] p2a,p2b\n|-damage|p2a: Goldfish|27\/100 psn\n|-damage|p2b: Flutter Mane|12\/100 psn\n|move|p2b: Flutter Mane|Draining Kiss|p1b: Flutter Mane\n|-damage|p1b: Flutter Mane|0 fnt\n|-heal|p2b: Flutter Mane|60\/100 psn|[from] drain|[of] p1b: Flutter Mane\n|faint|p1b: Flutter Mane\n|-end|p1b: Flutter Mane|Protosynthesis|[silent]\n|move|p1a: Glimmora|Sludge Bomb|p2b: Flutter Mane\n|-supereffective|p2b: Flutter Mane\n|-damage|p2b: Flutter Mane|19\/100 psn\n|\n|-damage|p2a: Goldfish|15\/100 psn|[from] psn\n|-damage|p2b: Flutter Mane|6\/100 psn|[from] psn\n|upkeep\n|\n|t:|1682438315\n|switch|p1b: Dondozo|Dondozo, L50, M|100\/100\n|turn|3\n|\n|t:|1682438337\n|switch|p2a: Honey Buns|Dachsbun, L50, F|100\/100\n|switch|p1a: Tatsugiri|Tatsugiri, L50, M|100\/100\n|-activate|p1a: Tatsugiri|ability: Commander|[of] p1b: Dondozo\n|-boost|p1b: Dondozo|atk|2\n|-boost|p1b: Dondozo|spa|2\n|-boost|p1b: Dondozo|spe|2\n|-boost|p1b: Dondozo|def|2\n|-boost|p1b: Dondozo|spd|2\n|move|p1b: Dondozo|Protect|p1b: Dondozo\n|-singleturn|p1b: Dondozo|Protect\n|move|p2b: Flutter Mane|Draining Kiss|p2a: Honey Buns\n|-damage|p2a: Honey Buns|35\/100\n|-heal|p2b: Flutter Mane|62\/100 psn|[from] drain|[of] p2a: Honey Buns\n|\n|-heal|p2a: Honey Buns|41\/100|[from] item: Leftovers\n|-damage|p2b: Flutter Mane|50\/100 psn|[from] psn\n|upkeep\n|turn|4\n|inactive|mythical weavile has 30 seconds left.\n|inactive|mythical weavile has 20 seconds left.\n|inactive|mythical weavile has 15 seconds left.\n|inactive|mythical weavile has 10 seconds left.\n|inactive|mythical weavile has 5 seconds left.\n|\n|t:|1682438387\n|move|p2b: Flutter Mane|Protect|p2b: Flutter Mane\n|-singleturn|p2b: Flutter Mane|Protect\n|move|p1b: Dondozo|Wave Crash|p2b: Flutter Mane\n|-activate|p2b: Flutter Mane|move: Protect\n|move|p2a: Honey Buns|Yawn|p1b: Dondozo\n|-start|p1b: Dondozo|move: Yawn|[of] p2a: Honey Buns\n|\n|-heal|p2a: Honey Buns|47\/100|[from] item: Leftovers\n|-damage|p2b: Flutter Mane|37\/100 psn|[from] psn\n|upkeep\n|turn|5\n|\n|t:|1682438410\n|-end|p2b: Flutter Mane|Protosynthesis|[silent]\n|switch|p2b: Need More Thyme|Arboliva, L50, M|100\/100\n|switch|p2a: Goldfish|Chi-Yu, L50|15\/100 psn\n|-ability|p2a: Goldfish|Beads of Ruin\n|move|p1b: Dondozo|Earthquake|p2a: Goldfish|[spread] p2a,p2b\n|-miss|p1b: Dondozo|p1a: Tatsugiri\n|-supereffective|p2a: Goldfish\n|-resisted|p2b: Need More Thyme\n|-damage|p2a: Goldfish|0 fnt\n|-damage|p2b: Need More Thyme|82\/100\n|-fieldstart|move: Grassy Terrain|[from] ability: Seed Sower|[of] p2b: Need More Thyme\n|faint|p2a: Goldfish\n|\n|-heal|p2b: Need More Thyme|88\/100|[from] Grassy Terrain\n|-end|p1b: Dondozo|move: Yawn|[silent]\n|-status|p1b: Dondozo|slp\n|upkeep\n|\n|t:|1682438420\n|switch|p2a: Flutter Mane|Flutter Mane, L50, tera:Fairy|37\/100 psn\n|turn|6\n|\n|t:|1682438433\n|-terastallize|p1b: Dondozo|Grass\n|cant|p1b: Dondozo|slp\n|move|p2a: Flutter Mane|Calm Mind|p2a: Flutter Mane\n|-boost|p2a: Flutter Mane|spa|1\n|-boost|p2a: Flutter Mane|spd|1\n|move|p2b: Need More Thyme|Pollen Puff|p2a: Flutter Mane\n|-heal|p2a: Flutter Mane|87\/100 psn\n|\n|-heal|p2a: Flutter Mane|94\/100 psn|[from] Grassy Terrain\n|-heal|p2b: Need More Thyme|94\/100|[from] Grassy Terrain\n|-damage|p2a: Flutter Mane|81\/100 psn|[from] psn\n|upkeep\n|turn|7\n|\n|t:|1682438450\n|move|p2a: Flutter Mane|Draining Kiss|p1b: Dondozo\n|-damage|p1b: Dondozo|83\/100 slp\n|-heal|p2a: Flutter Mane|100\/100 psn|[from] drain|[of] p1b: Dondozo\n|cant|p1b: Dondozo|slp\n|move|p2b: Need More Thyme|Pollen Puff|p1b: Dondozo\n|-supereffective|p1b: Dondozo\n|-damage|p1b: Dondozo|61\/100 slp\n|\n|-heal|p1b: Dondozo|67\/100 slp|[from] Grassy Terrain\n|-heal|p1b: Dondozo|73\/100 slp|[from] item: Leftovers\n|-heal|p2b: Need More Thyme|99\/100|[from] Grassy Terrain\n|-damage|p2a: Flutter Mane|88\/100 psn|[from] psn\n|upkeep\n|turn|8\n|\n|t:|1682438469\n|-curestatus|p1b: Dondozo|slp|[msg]\n|move|p1b: Dondozo|Wave Crash|p2a: Flutter Mane\n|-damage|p2a: Flutter Mane|0 fnt\n|faint|p2a: Flutter Mane\n|-end|p2a: Flutter Mane|Protosynthesis|[silent]\n|-damage|p1b: Dondozo|54\/100|[from] Recoil\n|move|p2b: Need More Thyme|Pollen Puff|p1b: Dondozo\n|-supereffective|p1b: Dondozo\n|-damage|p1b: Dondozo|29\/100\n|\n|-heal|p1b: Dondozo|35\/100|[from] Grassy Terrain\n|-heal|p1b: Dondozo|41\/100|[from] item: Leftovers\n|-heal|p2b: Need More Thyme|100\/100|[from] Grassy Terrain\n|upkeep\n|\n|t:|1682438479\n|switch|p2a: Honey Buns|Dachsbun, L50, F|47\/100\n|turn|9\n|\n|t:|1682438485\n|move|p2a: Honey Buns|Protect|p2a: Honey Buns\n|-singleturn|p2a: Honey Buns|Protect\n|move|p1b: Dondozo|Wave Crash|p2a: Honey Buns\n|-activate|p2a: Honey Buns|move: Protect\n|move|p2b: Need More Thyme|Substitute|p2b: Need More Thyme\n|-start|p2b: Need More Thyme|Substitute\n|-damage|p2b: Need More Thyme|76\/100\n|\n|-heal|p1b: Dondozo|47\/100|[from] Grassy Terrain\n|-heal|p1b: Dondozo|54\/100|[from] item: Leftovers\n|-heal|p2a: Honey Buns|53\/100|[from] Grassy Terrain\n|-heal|p2a: Honey Buns|59\/100|[from] item: Leftovers\n|-heal|p2b: Need More Thyme|82\/100|[from] Grassy Terrain\n|-fieldend|move: Grassy Terrain\n|upkeep\n|turn|10\n|\n|t:|1682438497\n|move|p1b: Dondozo|Wave Crash|p2a: Honey Buns\n|-damage|p2a: Honey Buns|0 fnt\n|faint|p2a: Honey Buns\n|-damage|p1b: Dondozo|39\/100|[from] Recoil\n|move|p2b: Need More Thyme|Pollen Puff|p1b: Dondozo\n|-supereffective|p1b: Dondozo\n|-damage|p1b: Dondozo|16\/100\n|\n|-heal|p1b: Dondozo|23\/100|[from] item: Leftovers\n|upkeep\n|turn|11\n|\n|t:|1682438507\n|move|p1b: Dondozo|Wave Crash|p2b: Need More Thyme\n|-resisted|p2b: Need More Thyme\n|-end|p2b: Need More Thyme|Substitute\n|-damage|p1b: Dondozo|16\/100|[from] Recoil|[of] p2b: Need More Thyme\n|move|p2b: Need More Thyme|Pollen Puff|p1b: Dondozo\n|-supereffective|p1b: Dondozo\n|-damage|p1b: Dondozo|0 fnt\n|faint|p1b: Dondozo\n|\n|upkeep\n|\n|t:|1682438514\n|switch|p1b: Glimmora|Glimmora, L50, M|63\/100\n|turn|12\n|-message|GucciSoup forfeited.\n|\n|win|mythical weavile\n|raw|mythical weavile's rating: 1320 → 1341<\/strong> (+21 for winning)\n|raw|GucciSoup's rating: 1329 → 1308<\/strong> (-21 for losing)\n|l|\u2606GucciSoup\n","uploadtime":1682438531,"views":11,"p1id":"mythicalweavile","p2id":"guccisoup","formatid":"gen9vgc2023regulationc","rating":1308,"private":0,"password":""}