{"id":"gen9vgc2023regulationc-1864213355","p1":"yohjek","p2":"Iloveyveldon","format":"[Gen 9] VGC 2023 Regulation C","log":"|j|\u2606yohjek\n|j|\u2606Iloveyveldon\n|t:|1684137921\n|gametype|doubles\n|player|p1|yohjek|maylene|1301\n|player|p2|Iloveyveldon|clown|1227\n|teamsize|p1|6\n|teamsize|p2|6\n|gen|9\n|tier|[Gen 9] VGC 2023 Regulation C\n|rated|\n|rule|Species Clause: Limit one of each Pok\u00e9mon\n|rule|Item Clause: Limit one of each item\n|clearpoke\n|poke|p1|Baxcalibur, L50, M|\n|poke|p1|Volcarona, L50, F|\n|poke|p1|Glimmora, L50, F|\n|poke|p1|Great Tusk, L50|\n|poke|p1|Flutter Mane, L50|\n|poke|p1|Gholdengo, L50|\n|poke|p2|Arcanine, L50, M|\n|poke|p2|Amoonguss, L50, F|\n|poke|p2|Flutter Mane, L50|\n|poke|p2|Iron Bundle, L50|\n|poke|p2|Ting-Lu, L50|\n|poke|p2|Corviknight, L50, F|\n|teampreview|4\n|\n|t:|1684137988\n|start\n|switch|p1a: Glimmora|Glimmora, L50, F|100\/100\n|switch|p1b: Gholdengo|Gholdengo, L50|100\/100\n|switch|p2a: Arcanine|Arcanine, L50, M|100\/100\n|switch|p2b: Ting-Lu|Ting-Lu, L50|100\/100\n|-ability|p2a: Arcanine|Intimidate|boost\n|-unboost|p1a: Glimmora|atk|1\n|-unboost|p1b: Gholdengo|atk|1\n|-ability|p2b: Ting-Lu|Vessel of Ruin\n|turn|1\n|\n|t:|1684138004\n|switch|p1b: Volcarona|Volcarona, L50, F|100\/100\n|move|p1a: Glimmora|Spiky Shield|p1a: Glimmora\n|-singleturn|p1a: Glimmora|move: Protect\n|move|p2a: Arcanine|Flare Blitz|p1b: Volcarona\n|-damage|p1b: Volcarona|52\/100\n|-damage|p2a: Arcanine|84\/100|[from] item: Rocky Helmet|[of] p1b: Volcarona\n|-damage|p2a: Arcanine|68\/100|[from] Recoil\n|move|p2b: Ting-Lu|Stomping Tantrum|p1a: Glimmora\n|-activate|p1a: Glimmora|move: Protect\n|-damage|p2b: Ting-Lu|88\/100|[from] Spiky Shield|[of] p1a: Glimmora\n|\n|upkeep\n|turn|2\n|\n|t:|1684138030\n|-terastallize|p1a: Glimmora|Grass\n|move|p2a: Arcanine|Flare Blitz|p1b: Volcarona\n|-damage|p1b: Volcarona|6\/100\n|-damage|p2a: Arcanine|52\/100|[from] item: Rocky Helmet|[of] p1b: Volcarona\n|-damage|p2a: Arcanine|37\/100|[from] Recoil\n|move|p1b: Volcarona|Struggle Bug|p2a: Arcanine|[spread] p2a,p2b\n|-resisted|p2a: Arcanine\n|-supereffective|p2b: Ting-Lu\n|-damage|p2a: Arcanine|31\/100\n|-damage|p2b: Ting-Lu|77\/100\n|-unboost|p2a: Arcanine|spa|1\n|-unboost|p2b: Ting-Lu|spa|1\n|move|p1a: Glimmora|Ancient Power|p2a: Arcanine\n|-supereffective|p2a: Arcanine\n|-damage|p2a: Arcanine|0 fnt\n|faint|p2a: Arcanine\n|move|p2b: Ting-Lu|Stomping Tantrum|p1a: Glimmora\n|-resisted|p1a: Glimmora\n|-damage|p1a: Glimmora|80\/100\n|-activate|p1a: Glimmora|ability: Toxic Debris\n|-sidestart|p2: Iloveyveldon|move: Toxic Spikes\n|\n|upkeep\n|\n|t:|1684138036\n|switch|p2a: Iron Bundle|Iron Bundle, L50|100\/100\n|-status|p2a: Iron Bundle|psn\n|-enditem|p2a: Iron Bundle|Booster Energy\n|-activate|p2a: Iron Bundle|ability: Quark Drive|[fromitem]\n|-start|p2a: Iron Bundle|quarkdrivespe\n|turn|3\n|\n|t:|1684138060\n|move|p1b: Volcarona|Rage Powder|p1b: Volcarona\n|-singleturn|p1b: Volcarona|move: Rage Powder\n|move|p2a: Iron Bundle|Icy Wind|p1b: Volcarona|[spread] p1a,p1b\n|-supereffective|p1a: Glimmora\n|-resisted|p1b: Volcarona\n|-crit|p1b: Volcarona\n|-damage|p1a: Glimmora|57\/100\n|-damage|p1b: Volcarona|0 fnt\n|-unboost|p1a: Glimmora|spe|1\n|faint|p1b: Volcarona\n|move|p1a: Glimmora|Mortal Spin|p2a: Iron Bundle|[spread] p2a,p2b\n|-resisted|p2b: Ting-Lu\n|-damage|p2a: Iron Bundle|97\/100 psn\n|-damage|p2b: Ting-Lu|77\/100\n|-status|p2b: Ting-Lu|psn\n|move|p2b: Ting-Lu|Heavy Slam|p1a: Glimmora\n|-damage|p1a: Glimmora|19\/100\n|-activate|p1a: Glimmora|ability: Toxic Debris\n|-sidestart|p2: Iloveyveldon|move: Toxic Spikes\n|-enditem|p1a: Glimmora|Aguav Berry|[eat]\n|-heal|p1a: Glimmora|52\/100|[from] item: Aguav Berry\n|\n|-damage|p2a: Iron Bundle|85\/100 psn|[from] psn\n|-damage|p2b: Ting-Lu|65\/100 psn|[from] psn\n|upkeep\n|inactive|Battle timer is ON: inactive players will automatically lose when time's up. (requested by Iloveyveldon)\n|\n|t:|1684138081\n|switch|p1b: Baxcalibur|Baxcalibur, L50, M|100\/100\n|turn|4\n|inactive|Iloveyveldon has 30 seconds left.\n|\n|t:|1684138106\n|switch|p2b: Corviknight|Corviknight, L50, F|100\/100\n|move|p1a: Glimmora|Spiky Shield|p1a: Glimmora\n|-singleturn|p1a: Glimmora|move: Protect\n|move|p2a: Iron Bundle|Freeze-Dry|p1a: Glimmora\n|-activate|p1a: Glimmora|move: Protect\n|move|p1b: Baxcalibur|Icicle Crash|p2b: Corviknight\n|-damage|p2b: Corviknight|54\/100\n|\n|-damage|p2a: Iron Bundle|73\/100 psn|[from] psn\n|upkeep\n|turn|5\n|\n|t:|1684138129\n|switch|p1a: Gholdengo|Gholdengo, L50|100\/100\n|move|p2a: Iron Bundle|Freeze-Dry|p1a: Gholdengo\n|-resisted|p1a: Gholdengo\n|-damage|p1a: Gholdengo|81\/100\n|move|p1b: Baxcalibur|Glaive Rush|p2a: Iron Bundle\n|-crit|p2a: Iron Bundle\n|-damage|p2a: Iron Bundle|0 fnt\n|-singlemove|p1b: Baxcalibur|Glaive Rush|[silent]\n|faint|p2a: Iron Bundle\n|-end|p2a: Iron Bundle|Quark Drive|[silent]\n|move|p2b: Corviknight|Tailwind|p2b: Corviknight\n|-sidestart|p2: Iloveyveldon|move: Tailwind\n|\n|upkeep\n|\n|t:|1684138134\n|switch|p2a: Ting-Lu|Ting-Lu, L50|65\/100 psn\n|-ability|p2a: Ting-Lu|Vessel of Ruin\n|turn|6\n|inactive|yohjek has 30 seconds left.\n|\n|t:|1684138167\n|switch|p1a: Glimmora|Glimmora, L50, F, tera:Grass|52\/100\n|move|p2b: Corviknight|Iron Head|p1b: Baxcalibur\n|-supereffective|p1b: Baxcalibur\n|-damage|p1b: Baxcalibur|0 fnt\n|faint|p1b: Baxcalibur\n|move|p2a: Ting-Lu|Heavy Slam|p1a: Glimmora\n|-damage|p1a: Glimmora|15\/100\n|\n|-damage|p2a: Ting-Lu|52\/100 psn|[from] psn\n|upkeep\n|\n|t:|1684138178\n|switch|p1b: Gholdengo|Gholdengo, L50|81\/100\n|turn|7\n|\n|t:|1684138187\n|move|p1a: Glimmora|Spiky Shield|p1a: Glimmora\n|-singleturn|p1a: Glimmora|move: Protect\n|move|p2b: Corviknight|Iron Head|p1a: Glimmora\n|-activate|p1a: Glimmora|move: Protect\n|-damage|p2b: Corviknight|42\/100|[from] Spiky Shield|[of] p1a: Glimmora\n|move|p1b: Gholdengo|Thunderbolt|p2b: Corviknight\n|-supereffective|p2b: Corviknight\n|-damage|p2b: Corviknight|0 fnt\n|faint|p2b: Corviknight\n|move|p2a: Ting-Lu|Stomping Tantrum|p1b: Gholdengo\n|-supereffective|p1b: Gholdengo\n|-crit|p1b: Gholdengo\n|-damage|p1b: Gholdengo|0 fnt\n|faint|p1b: Gholdengo\n|\n|-damage|p2a: Ting-Lu|40\/100 psn|[from] psn\n|upkeep\n|turn|8\n|\n|t:|1684138203\n|move|p2a: Ting-Lu|Stomping Tantrum|p1a: Glimmora\n|-resisted|p1a: Glimmora\n|-damage|p1a: Glimmora|0 fnt\n|faint|p1a: Glimmora\n|\n|win|Iloveyveldon\n|raw|yohjek's rating: 1301 → 1277<\/strong> (-24 for losing)\n|raw|Iloveyveldon's rating: 1227 → 1257<\/strong> (+30 for winning)\n|l|\u2606yohjek\n","uploadtime":1684138208,"views":14,"p1id":"yohjek","p2id":"iloveyveldon","formatid":"gen9vgc2023regulationc","rating":1257,"private":0,"password":""}