{"id":"gen9vgc2023regulationc-1858081265","p1":"Vitalis24","p2":"isoodd","format":"[Gen 9] VGC 2023 Regulation C","log":"|j|\u2606Vitalis24\n|j|\u2606isoodd\n|t:|1683272417\n|gametype|doubles\n|player|p1|Vitalis24|ethan|1304\n|player|p2|isoodd|101|1306\n|teamsize|p1|6\n|teamsize|p2|6\n|gen|9\n|tier|[Gen 9] VGC 2023 Regulation C\n|rated|\n|rule|Species Clause: Limit one of each Pok\u00e9mon\n|rule|Item Clause: Limit one of each item\n|clearpoke\n|poke|p1|Indeedee-F, L50, F|\n|poke|p1|Flutter Mane, L50|\n|poke|p1|Murkrow, L50, M|\n|poke|p1|Great Tusk, L50|\n|poke|p1|Iron Bundle, L50|\n|poke|p1|Chi-Yu, L50|\n|poke|p2|Gallade, L50, M|\n|poke|p2|Kingambit, L50, F|\n|poke|p2|Flutter Mane, L50|\n|poke|p2|Iron Bundle, L50|\n|poke|p2|Chi-Yu, L50|\n|poke|p2|Amoonguss, L50, M|\n|teampreview|4\n|inactive|Battle timer is ON: inactive players will automatically lose when time's up. (requested by isoodd)\nisoodd has agreed to open team sheets.\n|inactive|Vitalis24 has 60 seconds left.\n|\n|t:|1683272492\n|start\n|switch|p1a: Iron Bundle|Iron Bundle, L50|100\/100\n|switch|p1b: Flutter Mane|Flutter Mane, L50|100\/100\n|switch|p2a: Chi-Yu|Chi-Yu, L50|100\/100\n|switch|p2b: Iron Bundle|Iron Bundle, L50|100\/100\n|-ability|p2a: Chi-Yu|Beads of Ruin\n|-enditem|p2b: Iron Bundle|Booster Energy\n|-activate|p2b: Iron Bundle|ability: Quark Drive|[fromitem]\n|-start|p2b: Iron Bundle|quarkdrivespe\n|-enditem|p1a: Iron Bundle|Booster Energy\n|-activate|p1a: Iron Bundle|ability: Quark Drive|[fromitem]\n|-start|p1a: Iron Bundle|quarkdrivespe\n|turn|1\n|inactive|Vitalis24 has 30 seconds left.\n|\n|t:|1683272521\n|-terastallize|p2a: Chi-Yu|Water\n|move|p1a: Iron Bundle|Icy Wind|p2b: Iron Bundle|[spread] p2a,p2b\n|-resisted|p2a: Chi-Yu\n|-resisted|p2b: Iron Bundle\n|-damage|p2a: Chi-Yu|91\/100\n|-damage|p2b: Iron Bundle|87\/100\n|-unboost|p2a: Chi-Yu|spe|1\n|-unboost|p2b: Iron Bundle|spe|1\n|move|p2b: Iron Bundle|Icy Wind|p1b: Flutter Mane|[spread] p1b\n|-miss|p2b: Iron Bundle|p1a: Iron Bundle\n|-damage|p1b: Flutter Mane|72\/100\n|-unboost|p1b: Flutter Mane|spe|1\n|move|p1b: Flutter Mane|Moonblast|p2a: Chi-Yu\n|-damage|p2a: Chi-Yu|36\/100\n|-unboost|p2a: Chi-Yu|spa|1\n|move|p2a: Chi-Yu|Nasty Plot|p2a: Chi-Yu\n|-boost|p2a: Chi-Yu|spa|2\n|\n|upkeep\n|turn|2\n|inactive|Vitalis24 has 30 seconds left.\n|inactive|isoodd has 30 seconds left.\n|\n|t:|1683272547\n|move|p2a: Chi-Yu|Protect|p2a: Chi-Yu\n|-singleturn|p2a: Chi-Yu|Protect\n|move|p1a: Iron Bundle|Freeze-Dry|p2a: Chi-Yu\n|-activate|p2a: Chi-Yu|move: Protect\n|move|p2b: Iron Bundle|Freeze-Dry|p1a: Iron Bundle\n|-damage|p1a: Iron Bundle|4\/100\n|move|p1b: Flutter Mane|Thunderbolt|p2b: Iron Bundle\n|-supereffective|p2b: Iron Bundle\n|-damage|p2b: Iron Bundle|0 fnt\n|faint|p2b: Iron Bundle\n|-end|p2b: Iron Bundle|Quark Drive|[silent]\n|\n|upkeep\n|\n|t:|1683272562\n|switch|p2b: Amoonguss|Amoonguss, L50, M|100\/100\n|turn|3\n|inactive|Vitalis24 has 30 seconds left.\n|l|\u2606Vitalis24\n|inactive|Vitalis24 disconnected and has a minute to reconnect!\n|player|p1|\n|inactive|Vitalis24 has 20 seconds left.\n|inactive|Vitalis24 has 15 seconds left.\n|inactive|Vitalis24 has 10 seconds left.\n|inactive|Vitalis24 has 5 seconds left.\n|j|\u2606Vitalis24\n|inactive|Vitalis24 reconnected and has 5 seconds left.\n|player|p1|Vitalis24|ethan\n|\n|t:|1683272617\n|move|p1a: Iron Bundle|Protect|p1a: Iron Bundle\n|-singleturn|p1a: Iron Bundle|Protect\n|move|p2b: Amoonguss|Rage Powder|p2b: Amoonguss\n|-singleturn|p2b: Amoonguss|move: Rage Powder\n|move|p1b: Flutter Mane|Thunderbolt|p2b: Amoonguss\n|-resisted|p2b: Amoonguss\n|-damage|p2b: Amoonguss|77\/100\n|move|p2a: Chi-Yu|Dark Pulse|p1b: Flutter Mane\n|-damage|p1b: Flutter Mane|0 fnt\n|faint|p1b: Flutter Mane\n|-end|p1b: Flutter Mane|Protosynthesis|[silent]\n|\n|upkeep\n|\n|t:|1683272632\n|switch|p1b: Chi-Yu|Chi-Yu, L50|100\/100\n|-ability|p1b: Chi-Yu|Beads of Ruin\n|turn|4\n|\n|t:|1683272641\n|-terastallize|p1a: Iron Bundle|Grass\n|move|p2a: Chi-Yu|Protect|p2a: Chi-Yu\n|-singleturn|p2a: Chi-Yu|Protect\n|move|p1a: Iron Bundle|Freeze-Dry|p2a: Chi-Yu\n|-activate|p2a: Chi-Yu|move: Protect\n|move|p1b: Chi-Yu|Flamethrower|p2b: Amoonguss\n|-supereffective|p2b: Amoonguss\n|-damage|p2b: Amoonguss|0 fnt\n|faint|p2b: Amoonguss\n|\n|upkeep\n|\n|t:|1683272653\n|switch|p2b: Gallade|Gallade, L50, M|100\/100\n|turn|5\n|\n|t:|1683272662\n|move|p1a: Iron Bundle|Freeze-Dry|p2a: Chi-Yu\n|-supereffective|p2a: Chi-Yu\n|-damage|p2a: Chi-Yu|0 fnt\n|faint|p2a: Chi-Yu\n|move|p1b: Chi-Yu|Flamethrower|p2b: Gallade\n|-damage|p2b: Gallade|30\/100\n|move|p2b: Gallade|Sacred Sword|p1b: Chi-Yu\n|-supereffective|p1b: Chi-Yu\n|-enditem|p1b: Chi-Yu|Focus Sash\n|-damage|p1b: Chi-Yu|1\/100\n|\n|upkeep\n|turn|6\n|-message|isoodd forfeited.\n|\n|win|Vitalis24\n|raw|Vitalis24's rating: 1304 → 1324<\/strong> (+20 for winning)\n|raw|isoodd's rating: 1306 → 1286<\/strong> (-20 for losing)\n|l|\u2606isoodd\n","uploadtime":1683272678,"views":12,"p1id":"vitalis24","p2id":"isoodd","formatid":"gen9vgc2023regulationc","rating":1286,"private":0,"password":""}