{"id":"gen9vgc2023regulationc-1845887792","p1":"magic 561","p2":"PoGoboy","format":"[Gen 9] VGC 2023 Regulation C","log":"|j|\u2606magic 561\n|j|\u2606PoGoboy\n|t:|1681775590\n|gametype|doubles\n|player|p1|magic 561|acetrainersnow|1355\n|player|p2|PoGoboy|rika|1275\n|teamsize|p1|6\n|teamsize|p2|6\n|gen|9\n|tier|[Gen 9] VGC 2023 Regulation C\n|rated|\n|rule|Species Clause: Limit one of each Pok\u00e9mon\n|rule|Item Clause: Limit one of each item\n|clearpoke\n|poke|p1|Tinkaton, L50, F|\n|poke|p1|Chien-Pao, L50|\n|poke|p1|Volcarona, L50, F|\n|poke|p1|Slither Wing, L50|\n|poke|p1|Rotom-Wash, L50|\n|poke|p1|Flutter Mane, L50|\n|poke|p2|Annihilape, L50, F|\n|poke|p2|Garchomp, L50, F|\n|poke|p2|Sylveon, L50, M|\n|poke|p2|Gardevoir, L50, F|\n|poke|p2|Abomasnow, L50, F|\n|poke|p2|Iron Bundle, L50|\n|teampreview|4\n|inactive|Battle timer is ON: inactive players will automatically lose when time's up. (requested by PoGoboy)\nPoGoboy has agreed to open team sheets.\n|inactive|magic 561 has 60 seconds left.\n|\n|t:|1681775648\n|start\n|switch|p1a: Tinkaton|Tinkaton, L50, F|100\/100\n|switch|p1b: Flutter Mane|Flutter Mane, L50|100\/100\n|switch|p2a: Bait|Gardevoir, L50, F, shiny|100\/100\n|switch|p2b: Wraith|Annihilape, L50, F, shiny|100\/100\n|-ability|p1a: Tinkaton|Mold Breaker\n|turn|1\n|inactive|magic 561 has 30 seconds left.\n|inactive|PoGoboy has 30 seconds left.\n|\n|t:|1681775676\n|-terastallize|p2a: Bait|Water\n|move|p1a: Tinkaton|Fake Out|p2a: Bait\n|-damage|p2a: Bait|90\/100\n|move|p2b: Wraith|Phantom Force||[still]\n|-prepare|p2b: Wraith|Phantom Force\n|move|p1b: Flutter Mane|Shadow Ball|p2b: Wraith|[miss]\n|-miss|p1b: Flutter Mane|p2b: Wraith\n|cant|p2a: Bait|flinch\n|\n|upkeep\n|turn|2\n|\n|t:|1681775693\n|-end|p1b: Flutter Mane|Protosynthesis|[silent]\n|switch|p1b: Chien-Pao|Chien-Pao, L50|100\/100\n|-ability|p1b: Chien-Pao|Sword of Ruin\n|move|p2b: Wraith|Phantom Force|p1b: Chien-Pao|[from]lockedmove\n|-resisted|p1b: Chien-Pao\n|-damage|p1b: Chien-Pao|73\/100\n|move|p1a: Tinkaton|Thunder Wave|p2b: Wraith\n|-status|p2b: Wraith|par\n|move|p2a: Bait|Trick Room|p2a: Bait\n|-fieldstart|move: Trick Room|[of] p2a: Bait\n|\n|upkeep\n|turn|3\n|\n|t:|1681775714\n|move|p1b: Chien-Pao|Sucker Punch|p2b: Wraith\n|-damage|p2b: Wraith|36\/100 par\n|-damage|p1b: Chien-Pao|64\/100|[from] item: Life Orb\n|move|p2a: Bait|Dazzling Gleam|p1a: Tinkaton|[spread] p1a,p1b\n|-resisted|p1a: Tinkaton\n|-supereffective|p1b: Chien-Pao\n|-damage|p1a: Tinkaton|86\/100\n|-damage|p1b: Chien-Pao|0 fnt\n|faint|p1b: Chien-Pao\n|move|p2b: Wraith|Phantom Force||[still]\n|-prepare|p2b: Wraith|Phantom Force\n|move|p1a: Tinkaton|Knock Off|p2a: Bait\n|-damage|p2a: Bait|66\/100\n|-enditem|p2a: Bait|Sitrus Berry|[from] move: Knock Off|[of] p1a: Tinkaton\n|\n|upkeep\n|\n|t:|1681775726\n|switch|p1b: Volcarona|Volcarona, L50, F|100\/100\n|turn|4\n|\n|t:|1681775735\n|move|p2a: Bait|Psychic|p1b: Volcarona\n|-damage|p1b: Volcarona|47\/100\n|move|p2b: Wraith|Phantom Force|p1a: Tinkaton|[from]lockedmove\n|-damage|p1a: Tinkaton|52\/100\n|move|p1a: Tinkaton|Gigaton Hammer|p2b: Wraith\n|-damage|p2b: Wraith|0 fnt\n|faint|p2b: Wraith\n|move|p1b: Volcarona|Giga Drain|p2a: Bait\n|-supereffective|p2a: Bait\n|-damage|p2a: Bait|18\/100\n|-heal|p1b: Volcarona|72\/100|[from] drain|[of] p2a: Bait\n|\n|upkeep\n|\n|t:|1681775750\n|switch|p2b: Literally Delibird|Iron Bundle, L50, shiny|100\/100\n|turn|5\n|\n|t:|1681775770\n|-end|p2b: Literally Delibird|Quark Drive|[silent]\n|switch|p2b: Snowmore|Abomasnow, L50, F, shiny|100\/100\n|-weather|Snow|[from] ability: Snow Warning|[of] p2b: Snowmore\n|-terastallize|p1b: Volcarona|Water\n|move|p2a: Bait|Psychic|p1b: Volcarona\n|-damage|p1b: Volcarona|21\/100\n|move|p1a: Tinkaton|Knock Off|p2a: Bait\n|-damage|p2a: Bait|0 fnt\n|faint|p2a: Bait\n|move|p1b: Volcarona|Giga Drain|p2b: Snowmore\n|-resisted|p2b: Snowmore\n|-damage|p2b: Snowmore|85\/100\n|-heal|p1b: Volcarona|30\/100|[from] drain|[of] p2b: Snowmore\n|\n|-weather|Snow|[upkeep]\n|upkeep\n|\n|t:|1681775774\n|switch|p2a: Literally Delibird|Iron Bundle, L50, shiny|100\/100\n|turn|6\n|inactive|magic 561 has 30 seconds left.\n|\n|t:|1681775807\n|move|p2b: Snowmore|Giga Drain|p1b: Volcarona\n|-supereffective|p1b: Volcarona\n|-crit|p1b: Volcarona\n|-damage|p1b: Volcarona|0 fnt\n|-heal|p2b: Snowmore|97\/100|[from] drain|[of] p1b: Volcarona\n|faint|p1b: Volcarona\n|-damage|p2b: Snowmore|88\/100|[from] item: Life Orb\n|move|p1a: Tinkaton|Gigaton Hammer|p2b: Snowmore\n|-supereffective|p2b: Snowmore\n|-damage|p2b: Snowmore|18\/100\n|move|p2a: Literally Delibird|Hydro Pump|p1a: Tinkaton\n|-damage|p1a: Tinkaton|0 fnt\n|faint|p1a: Tinkaton\n|\n|-weather|Snow|[upkeep]\n|-fieldend|move: Trick Room\n|upkeep\n|\n|t:|1681775820\n|switch|p1b: Flutter Mane|Flutter Mane, L50|100\/100\n|turn|7\n|\n|t:|1681775831\n|move|p2a: Literally Delibird|Hydro Pump|p1b: Flutter Mane\n|-damage|p1b: Flutter Mane|18\/100\n|move|p1b: Flutter Mane|Dazzling Gleam|p2b: Snowmore|[spread] p2a,p2b\n|-damage|p2a: Literally Delibird|0 fnt\n|-damage|p2b: Snowmore|0 fnt\n|faint|p2a: Literally Delibird\n|-end|p2a: Literally Delibird|Quark Drive|[silent]\n|faint|p2b: Snowmore\n|\n|win|magic 561\n|raw|magic 561's rating: 1355 → 1370<\/strong> (+15 for winning)\n|raw|PoGoboy's rating: 1275 → 1256<\/strong> (-19 for losing)\n|c|\u2606magic 561|gg\n","uploadtime":1681775873,"views":15,"p1id":"magic561","p2id":"pogoboy","formatid":"gen9vgc2023regulationc","rating":1256,"private":0,"password":""}