{"id":"gen9vgc2023regulationc-1856894822","p1":"hujuku0","p2":"mrbadd","format":"[Gen 9] VGC 2023 Regulation C","log":"|j|\u2606hujuku0\n|j|\u2606mrbadd\n|t:|1683123585\n|gametype|doubles\n|player|p1|hujuku0|170|1331\n|player|p2|mrbadd|rocker-gen1rb|1332\n|teamsize|p1|6\n|teamsize|p2|6\n|gen|9\n|tier|[Gen 9] VGC 2023 Regulation C\n|rated|\n|rule|Species Clause: Limit one of each Pok\u00e9mon\n|rule|Item Clause: Limit one of each item\n|clearpoke\n|poke|p1|Tinkaton, L50, F|\n|poke|p1|Ceruledge, L50, F|\n|poke|p1|Iron Bundle, L50|\n|poke|p1|Volcarona, L50, M|\n|poke|p1|Amoonguss, L50, M|\n|poke|p1|Ting-Lu, L50|\n|poke|p2|Roaring Moon, L50|\n|poke|p2|Ting-Lu, L50|\n|poke|p2|Iron Bundle, L50|\n|poke|p2|Garganacl, L50, M|\n|poke|p2|Arcanine, L50, M|\n|poke|p2|Amoonguss, L50, F|\n|teampreview|4\n|inactive|Battle timer is ON: inactive players will automatically lose when time's up. (requested by hujuku0)\n|\n|t:|1683123613\n|start\n|switch|p1a: Tinkaton|Tinkaton, L50, F|100\/100\n|switch|p1b: Iron Bundle|Iron Bundle, L50|100\/100\n|switch|p2a: Arcanine|Arcanine, L50, M|100\/100\n|switch|p2b: Ting-Lu|Ting-Lu, L50|100\/100\n|-ability|p2a: Arcanine|Intimidate|boost\n|-unboost|p1a: Tinkaton|atk|1\n|-unboost|p1b: Iron Bundle|atk|1\n|-ability|p1a: Tinkaton|Mold Breaker\n|-ability|p2b: Ting-Lu|Vessel of Ruin\n|-enditem|p1b: Iron Bundle|Booster Energy\n|-activate|p1b: Iron Bundle|ability: Quark Drive|[fromitem]\n|-start|p1b: Iron Bundle|quarkdrivespe\n|turn|1\n|inactive|mrbadd has 30 seconds left.\n|\n|t:|1683123638\n|move|p2a: Arcanine|Protect|p2a: Arcanine\n|-singleturn|p2a: Arcanine|Protect\n|move|p1a: Tinkaton|Fake Out|p2a: Arcanine\n|-activate|p2a: Arcanine|move: Protect\n|move|p1b: Iron Bundle|Freeze-Dry|p2b: Ting-Lu\n|-supereffective|p2b: Ting-Lu\n|-damage|p2b: Ting-Lu|80\/100\n|move|p2b: Ting-Lu|Heavy Slam|p1b: Iron Bundle\n|-damage|p1b: Iron Bundle|62\/100\n|\n|upkeep\n|turn|2\n|\n|t:|1683123656\n|move|p1b: Iron Bundle|Encore|p2a: Arcanine\n|-start|p2a: Arcanine|Encore\n|move|p2a: Arcanine|Protect||[still]\n|-fail|p2a: Arcanine\n|move|p1a: Tinkaton|Play Rough|p2b: Ting-Lu\n|-supereffective|p2b: Ting-Lu\n|-damage|p2b: Ting-Lu|57\/100\n|move|p2b: Ting-Lu|Heavy Slam|p1b: Iron Bundle\n|-damage|p1b: Iron Bundle|23\/100\n|\n|upkeep\n|turn|3\n|\n|t:|1683123678\n|switch|p2a: Roaring Moon|Roaring Moon, L50, shiny|100\/100\n|-enditem|p2a: Roaring Moon|Booster Energy\n|-activate|p2a: Roaring Moon|ability: Protosynthesis|[fromitem]\n|-start|p2a: Roaring Moon|protosynthesisatk\n|switch|p1a: Ceruledge|Ceruledge, L50, F|100\/100\n|move|p1b: Iron Bundle|Protect|p1b: Iron Bundle\n|-singleturn|p1b: Iron Bundle|Protect\n|move|p2b: Ting-Lu|Heavy Slam|p1b: Iron Bundle\n|-activate|p1b: Iron Bundle|move: Protect\n|\n|upkeep\n|turn|4\n|inactive|mrbadd has 30 seconds left.\n|\n|t:|1683123708\n|move|p2a: Roaring Moon|Protect|p2a: Roaring Moon\n|-singleturn|p2a: Roaring Moon|Protect\n|move|p1b: Iron Bundle|Icy Wind|p2b: Ting-Lu|[spread] p2b\n|-activate|p2a: Roaring Moon|move: Protect\n|-supereffective|p2b: Ting-Lu\n|-damage|p2b: Ting-Lu|45\/100\n|-unboost|p2b: Ting-Lu|spe|1\n|move|p1a: Ceruledge|Bulk Up|p1a: Ceruledge\n|-boost|p1a: Ceruledge|atk|1\n|-boost|p1a: Ceruledge|def|1\n|move|p2b: Ting-Lu|Heavy Slam|p1b: Iron Bundle\n|-damage|p1b: Iron Bundle|0 fnt\n|faint|p1b: Iron Bundle\n|-end|p1b: Iron Bundle|Quark Drive|[silent]\n|\n|upkeep\n|\n|t:|1683123713\n|switch|p1b: Tinkaton|Tinkaton, L50, F|100\/100\n|-ability|p1b: Tinkaton|Mold Breaker\n|turn|5\n|\n|t:|1683123732\n|switch|p2b: Arcanine|Arcanine, L50, M|100\/100\n|-ability|p2b: Arcanine|Intimidate|boost\n|-fail|p1a: Ceruledge|unboost|[from] item: Clear Amulet|[of] p1a: Ceruledge\n|-unboost|p1b: Tinkaton|atk|1\n|move|p2a: Roaring Moon|Jaw Lock|p1a: Ceruledge\n|-supereffective|p1a: Ceruledge\n|-damage|p1a: Ceruledge|11\/100\n|-activate|p2a: Roaring Moon|trapped\n|move|p1a: Ceruledge|Bulk Up|p1a: Ceruledge\n|-boost|p1a: Ceruledge|atk|1\n|-boost|p1a: Ceruledge|def|1\n|move|p1b: Tinkaton|Play Rough|p2a: Roaring Moon\n|-supereffective|p2a: Roaring Moon\n|-damage|p2a: Roaring Moon|0 fnt\n|faint|p2a: Roaring Moon\n|-end|p2a: Roaring Moon|Protosynthesis|[silent]\n|\n|upkeep\n|\n|t:|1683123751\n|switch|p2a: Garganacl|Garganacl, L50, M|100\/100\n|turn|6\n|\n|t:|1683123772\n|switch|p1b: Ting-Lu|Ting-Lu, L50|100\/100\n|-ability|p1b: Ting-Lu|Vessel of Ruin\n|-terastallize|p1a: Ceruledge|Grass\n|move|p2b: Arcanine|Flare Blitz|p1b: Ting-Lu\n|-damage|p1b: Ting-Lu|72\/100\n|-damage|p2b: Arcanine|89\/100|[from] Recoil\n|move|p1a: Ceruledge|Bitter Blade|p2b: Arcanine\n|-resisted|p2b: Arcanine\n|-damage|p2b: Arcanine|52\/100\n|-heal|p1a: Ceruledge|32\/100|[from] drain|[of] p2b: Arcanine\n|move|p2a: Garganacl|Salt Cure|p1a: Ceruledge\n|-damage|p1a: Ceruledge|24\/100\n|-start|p1a: Ceruledge|Salt Cure\n|\n|-damage|p1a: Ceruledge|11\/100|[from] Salt Cure\n|upkeep\n|turn|7\n|inactive|hujuku0 has 30 seconds left.\n|inactive|hujuku0 has 20 seconds left.\n|\n|t:|1683123809\n|move|p2b: Arcanine|Extreme Speed|p1a: Ceruledge\n|-damage|p1a: Ceruledge|0 fnt\n|faint|p1a: Ceruledge\n|move|p1b: Ting-Lu|Stomping Tantrum|p2a: Garganacl\n|-supereffective|p2a: Garganacl\n|-damage|p2a: Garganacl|50\/100\n|-damage|p1b: Ting-Lu|62\/100|[from] item: Life Orb\n|move|p2a: Garganacl|Salt Cure|p1b: Ting-Lu\n|-resisted|p1b: Ting-Lu\n|-crit|p1b: Ting-Lu\n|-damage|p1b: Ting-Lu|57\/100\n|-start|p1b: Ting-Lu|Salt Cure\n|\n|-heal|p2a: Garganacl|56\/100|[from] item: Leftovers\n|-damage|p1b: Ting-Lu|44\/100|[from] Salt Cure\n|upkeep\n|\n|t:|1683123813\n|switch|p1a: Tinkaton|Tinkaton, L50, F|100\/100\n|-ability|p1a: Tinkaton|Mold Breaker\n|turn|8\n|\n|t:|1683123837\n|-terastallize|p2a: Garganacl|Ghost\n|move|p1a: Tinkaton|Feint|p2a: Garganacl\n|-immune|p2a: Garganacl\n|move|p2b: Arcanine|Will-O-Wisp|p1b: Ting-Lu\n|-status|p1b: Ting-Lu|brn\n|move|p1b: Ting-Lu|Stomping Tantrum|p2a: Garganacl\n|-damage|p2a: Garganacl|42\/100\n|-damage|p1b: Ting-Lu|34\/100 brn|[from] item: Life Orb\n|move|p2a: Garganacl|Salt Cure|p1a: Tinkaton\n|-resisted|p1a: Tinkaton\n|-damage|p1a: Tinkaton|94\/100\n|-start|p1a: Tinkaton|Salt Cure\n|\n|-heal|p2a: Garganacl|48\/100|[from] item: Leftovers\n|-damage|p1b: Ting-Lu|28\/100 brn|[from] brn\n|-damage|p1a: Tinkaton|69\/100|[from] Salt Cure\n|-damage|p1b: Ting-Lu|16\/100 brn|[from] Salt Cure\n|upkeep\n|turn|9\n|-message|hujuku0 forfeited.\n|\n|win|mrbadd\n|raw|hujuku0's rating: 1331 → 1311<\/strong> (-20 for losing)\n|raw|mrbadd's rating: 1332 → 1352<\/strong> (+20 for winning)\n|l|\u2606hujuku0\n","uploadtime":1683123861,"views":6,"p1id":"hujuku0","p2id":"mrbadd","formatid":"gen9vgc2023regulationc","rating":1311,"private":0,"password":""}