{"id":"gen9vgc2023regulationc-1856508698","p1":"dman12352","p2":"AmongusMAster5678","format":"[Gen 9] VGC 2023 Regulation C","log":"|j|\u2606dman12352\n|j|\u2606AmongusMAster5678\n|t:|1683069586\n|gametype|doubles\n|player|p1|dman12352|102|\n|player|p2|AmongusMAster5678|101|\n|teamsize|p1|6\n|teamsize|p2|6\n|gen|9\n|tier|[Gen 9] VGC 2023 Regulation C\n|rated|Tournament battle\n|rule|Species Clause: Limit one of each Pok\u00e9mon\n|rule|Item Clause: Limit one of each item\n|clearpoke\n|poke|p1|Iron Hands, L50|\n|poke|p1|Chien-Pao, L50|\n|poke|p1|Iron Bundle, L50|\n|poke|p1|Dragonite, L50, F|\n|poke|p1|Ceruledge, L50, M|\n|poke|p1|Flutter Mane, L50|\n|poke|p2|Glimmora, L50, M|\n|poke|p2|Amoonguss, L50, M|\n|poke|p2|Dondozo, L50, M|\n|poke|p2|Tatsugiri, L50, F|\n|poke|p2|Flutter Mane, L50|\n|poke|p2|Arcanine, L50, F|\n|teampreview|4\n|raw| Open Team Sheet for dman12352<\/summary>Iron Hands @ Clear Amulet Ability: Quark Drive Level: 50 Shiny: Yes Tera Type: Grass - Thunder Punch - Swords Dance - Drain Punch - Protect Chien-Pao @ Focus Sash Ability: Sword of Ruin Level: 50 Tera Type: Ghost - Ice Spinner - Sacred Sword - Protect - Throat Chop Iron Bundle @ Booster Energy Ability: Quark Drive Level: 50 Shiny: Yes Tera Type: Water - Freeze-Dry - Icy Wind - Hydro Pump - Protect Dragonite @ Choice Band Ability: Multiscale Level: 50 Shiny: Yes Tera Type: Normal - Extreme Speed - Waterfall - Dragon Claw - Stomping Tantrum Ceruledge @ Assault Vest Ability: Flash Fire Level: 50 Shiny: Yes Tera Type: Grass - Shadow Sneak - Bitter Blade - Tera Blast - Iron Head Flutter Mane @ Choice Specs Ability: Protosynthesis Level: 50 Shiny: Yes Tera Type: Fairy - Moonblast - Mystical Fire - Shadow Ball - Dazzling Gleam <\/details><\/div> Open Team Sheet for AmongusMAster5678<\/summary>Glimmora @ Assault Vest Ability: Corrosion Level: 50 Tera Type: Grass - Mortal Spin - Energy Ball - Power Gem - Sludge Bomb Amoonguss @ Sitrus Berry Ability: Regenerator Level: 50 Tera Type: Water - Rage Powder - Protect - Leaf Storm - Pollen Puff Donbozo (Dondozo) @ Leftovers Ability: Oblivious Level: 50 Tera Type: Grass - Tera Blast - Earthquake - Wave Crash - Protect Tatsugiri @ Choice Scarf Ability: Commander Level: 50 Tera Type: Steel - Draco Meteor - Surf - Icy Wind - Chilling Water Flutter Mane @ Booster Energy Ability: Protosynthesis Level: 50 Shiny: Yes Tera Type: Water - Protect - Perish Song - Shadow Ball - Dazzling Gleam Arcanine @ Safety Goggles Ability: Intimidate Level: 50 Tera Type: Water - Protect - Extreme Speed - Flare Blitz - Will-O-Wisp <\/details><\/div>\n|inactive|Battle timer is ON: inactive players will automatically lose when time's up. (requested by dman12352)\n|inactive|AmongusMAster5678 also wants the timer to be on.\n|c|\u2606dman12352|gl hf\n|c|\u2606AmongusMAster5678|u2\n|j| TrinkyVGC\n|l| TrinkyVGC\n|inactive|dman12352 has 60 seconds left.\n|inactive|AmongusMAster5678 has 60 seconds left.\n|\n|t:|1683069628\n|start\n|switch|p1a: Iron Hands|Iron Hands, L50, shiny|100\/100\n|switch|p1b: Iron Bundle|Iron Bundle, L50, shiny|100\/100\n|switch|p2a: Arcanine|Arcanine, L50, F|100\/100\n|switch|p2b: Glimmora|Glimmora, L50, M|100\/100\n|-ability|p2a: Arcanine|Intimidate|boost\n|-fail|p1a: Iron Hands|unboost|[from] item: Clear Amulet|[of] p1a: Iron Hands\n|-unboost|p1b: Iron Bundle|atk|1\n|-enditem|p1b: Iron Bundle|Booster Energy\n|-activate|p1b: Iron Bundle|ability: Quark Drive|[fromitem]\n|-start|p1b: Iron Bundle|quarkdrivespe\n|turn|1\n|inactive|dman12352 has 30 seconds left.\n|inactive|AmongusMAster5678 has 30 seconds left.\n|inactive|AmongusMAster5678 has 20 seconds left.\n|inactive|AmongusMAster5678 has 15 seconds left.\n|inactive|AmongusMAster5678 has 10 seconds left.\n|\n|t:|1683069676\n|-terastallize|p2b: Glimmora|Grass\n|move|p1b: Iron Bundle|Icy Wind|p2a: Arcanine|[spread] p2b\n|-miss|p1b: Iron Bundle|p2a: Arcanine\n|-supereffective|p2b: Glimmora\n|-damage|p2b: Glimmora|72\/100\n|-unboost|p2b: Glimmora|spe|1\n|move|p2a: Arcanine|Will-O-Wisp|p1a: Iron Hands\n|-status|p1a: Iron Hands|brn\n|move|p1a: Iron Hands|Thunder Punch|p2b: Glimmora\n|-resisted|p2b: Glimmora\n|-damage|p2b: Glimmora|63\/100\n|move|p2b: Glimmora|Energy Ball|p1b: Iron Bundle\n|-supereffective|p1b: Iron Bundle\n|-damage|p1b: Iron Bundle|0 fnt\n|faint|p1b: Iron Bundle\n|-end|p1b: Iron Bundle|Quark Drive|[silent]\n|\n|-damage|p1a: Iron Hands|94\/100 brn|[from] brn\n|upkeep\n|\n|t:|1683069692\n|switch|p1b: Chien-Pao|Chien-Pao, L50|100\/100\n|-ability|p1b: Chien-Pao|Sword of Ruin\n|turn|2\n|\n|t:|1683069698\n|switch|p1b: Ceruledge|Ceruledge, L50, M, shiny|100\/100\n|switch|p2b: Donbozo|Dondozo, L50, M|100\/100\n|move|p2a: Arcanine|Protect|p2a: Arcanine\n|-singleturn|p2a: Arcanine|Protect\n|move|p1a: Iron Hands|Swords Dance|p1a: Iron Hands\n|-boost|p1a: Iron Hands|atk|2\n|\n|-damage|p1a: Iron Hands|88\/100 brn|[from] brn\n|upkeep\n|turn|3\n|\n|t:|1683069720\n|switch|p2a: Glimmora|Glimmora, L50, M, tera:Grass|63\/100\n|-terastallize|p1b: Ceruledge|Grass\n|move|p2b: Donbozo|Protect|p2b: Donbozo\n|-singleturn|p2b: Donbozo|Protect\n|move|p1b: Ceruledge|Tera Blast|p2b: Donbozo\n|-activate|p2b: Donbozo|move: Protect\n|move|p1a: Iron Hands|Swords Dance|p1a: Iron Hands\n|-boost|p1a: Iron Hands|atk|2\n|\n|-damage|p1a: Iron Hands|82\/100 brn|[from] brn\n|upkeep\n|turn|4\n|\n|t:|1683069744\n|switch|p2b: Arcanine|Arcanine, L50, F|100\/100\n|-ability|p2b: Arcanine|Intimidate|boost\n|-fail|p1a: Iron Hands|unboost|[from] item: Clear Amulet|[of] p1a: Iron Hands\n|-unboost|p1b: Ceruledge|atk|1\n|move|p2a: Glimmora|Sludge Bomb|p1b: Ceruledge\n|-supereffective|p1b: Ceruledge\n|-damage|p1b: Ceruledge|44\/100\n|move|p1b: Ceruledge|Bitter Blade|p2a: Glimmora\n|-supereffective|p2a: Glimmora\n|-damage|p2a: Glimmora|16\/100\n|-heal|p1b: Ceruledge|69\/100|[from] drain|[of] p2a: Glimmora\n|move|p1a: Iron Hands|Thunder Punch|p2b: Arcanine\n|-damage|p2b: Arcanine|19\/100\n|\n|-damage|p1a: Iron Hands|76\/100 brn|[from] brn\n|upkeep\n|turn|5\n|inactive|dman12352 has 30 seconds left.\n|\n|t:|1683069779\n|move|p2b: Arcanine|Extreme Speed|p1b: Ceruledge\n|-damage|p1b: Ceruledge|44\/100\n|move|p1b: Ceruledge|Shadow Sneak|p2a: Glimmora\n|-damage|p2a: Glimmora|4\/100\n|move|p2a: Glimmora|Sludge Bomb|p1b: Ceruledge\n|-supereffective|p1b: Ceruledge\n|-damage|p1b: Ceruledge|0 fnt\n|faint|p1b: Ceruledge\n|move|p1a: Iron Hands|Thunder Punch|p2b: Arcanine\n|-damage|p2b: Arcanine|0 fnt\n|faint|p2b: Arcanine\n|\n|-damage|p1a: Iron Hands|70\/100 brn|[from] brn\n|upkeep\n|\n|t:|1683069791\n|switch|p2b: Flutter Mane|Flutter Mane, L50, shiny|100\/100\n|switch|p1b: Chien-Pao|Chien-Pao, L50|100\/100\n|-ability|p1b: Chien-Pao|Sword of Ruin\n|-enditem|p2b: Flutter Mane|Booster Energy\n|-activate|p2b: Flutter Mane|ability: Protosynthesis|[fromitem]\n|-start|p2b: Flutter Mane|protosynthesisspa\n|turn|6\n|inactive|dman12352 has 30 seconds left.\n|\n|t:|1683069822\n|move|p1b: Chien-Pao|Ice Spinner|p2a: Glimmora\n|-supereffective|p2a: Glimmora\n|-damage|p2a: Glimmora|0 fnt\n|faint|p2a: Glimmora\n|move|p2b: Flutter Mane|Dazzling Gleam|p1b: Chien-Pao|[spread] p1a,p1b\n|-supereffective|p1a: Iron Hands\n|-supereffective|p1b: Chien-Pao\n|-damage|p1a: Iron Hands|0 fnt\n|-enditem|p1b: Chien-Pao|Focus Sash\n|-damage|p1b: Chien-Pao|1\/100\n|faint|p1a: Iron Hands\n|-end|p1a: Iron Hands|Quark Drive|[silent]\n|\n|upkeep\n|\n|t:|1683069832\n|switch|p2a: Donbozo|Dondozo, L50, M|100\/100\n|turn|7\n|c|\u2606dman12352|tried to call protect gg\n|\n|t:|1683069841\n|move|p1b: Chien-Pao|Ice Spinner|p2b: Flutter Mane\n|-damage|p2b: Flutter Mane|7\/100\n|move|p2b: Flutter Mane|Dazzling Gleam|p1b: Chien-Pao\n|-supereffective|p1b: Chien-Pao\n|-damage|p1b: Chien-Pao|0 fnt\n|faint|p1b: Chien-Pao\n|\n|win|AmongusMAster5678\n|n|\u2606dman12352|dman12352\n|n|\u2606AmongusMAster5678|amongusmaster5678\n|c|\u2606AmongusMAster5678|gg\n|l|\u2606dman12352\n|c|\u2606AmongusMAster5678|donbozo for the W\n","uploadtime":1683071269,"views":10,"p1id":"dman12352","p2id":"amongusmaster5678","formatid":"gen9vgc2023regulationc","rating":0,"private":0,"password":""}