{"id":"gen9vgc2023regulationc-1854883832","p1":"LuizVentura","p2":"Phelon","format":"[Gen 9] VGC 2023 Regulation C","log":"|j|\u2606LuizVentura\n|j|\u2606Phelon\n|t:|1682876857\n|gametype|doubles\n|player|p1|LuizVentura|dawn|1380\n|player|p2|Phelon|burglar|1333\n|teamsize|p1|6\n|teamsize|p2|6\n|gen|9\n|tier|[Gen 9] VGC 2023 Regulation C\n|rated|\n|rule|Species Clause: Limit one of each Pok\u00e9mon\n|rule|Item Clause: Limit one of each item\n|clearpoke\n|poke|p1|Amoonguss, L50, F|\n|poke|p1|Ting-Lu, L50|\n|poke|p1|Arcanine, L50, M|\n|poke|p1|Annihilape, L50, M|\n|poke|p1|Palafin, L50, F|\n|poke|p1|Flutter Mane, L50|\n|poke|p2|Flutter Mane, L50|\n|poke|p2|Palafin, L50, M|\n|poke|p2|Arcanine, L50, F|\n|poke|p2|Amoonguss, L50, F|\n|poke|p2|Kingambit, L50, F|\n|poke|p2|Iron Jugulis, L50|\n|teampreview|4\n|\n|t:|1682876880\n|start\n|switch|p1a: Annihilape|Annihilape, L50, M, shiny|100\/100\n|switch|p1b: Palafin|Palafin, L50, F|100\/100\n|switch|p2a: Iron Jugulis|Iron Jugulis, L50|100\/100\n|switch|p2b: Palafin|Palafin, L50, M|100\/100\n|-enditem|p2a: Iron Jugulis|Booster Energy\n|-activate|p2a: Iron Jugulis|ability: Quark Drive|[fromitem]\n|-start|p2a: Iron Jugulis|quarkdrivespe\n|turn|1\n|\n|t:|1682876915\n|detailschange|p1b: Palafin|Palafin-Hero, L50, F\n|switch|p1b: Ting-Lu|Ting-Lu, L50|100\/100\n|-ability|p1b: Ting-Lu|Vessel of Ruin\n|move|p1a: Annihilape|Protect|p1a: Annihilape\n|-singleturn|p1a: Annihilape|Protect\n|move|p2a: Iron Jugulis|Air Slash|p1a: Annihilape\n|-activate|p1a: Annihilape|move: Protect\n|move|p2b: Palafin|Wave Crash|p1a: Annihilape\n|-activate|p1a: Annihilape|move: Protect\n|\n|upkeep\n|turn|2\n|\n|t:|1682876959\n|-terastallize|p1a: Annihilape|Fire\n|move|p2b: Palafin|Protect|p2b: Palafin\n|-singleturn|p2b: Palafin|Protect\n|move|p2a: Iron Jugulis|Air Slash|p1a: Annihilape|[miss]\n|-miss|p2a: Iron Jugulis|p1a: Annihilape\n|move|p1a: Annihilape|Bulk Up|p1a: Annihilape\n|-boost|p1a: Annihilape|atk|1\n|-boost|p1a: Annihilape|def|1\n|move|p1b: Ting-Lu|Snarl|p2b: Palafin|[spread] p2a\n|-activate|p2b: Palafin|move: Protect\n|-resisted|p2a: Iron Jugulis\n|-damage|p2a: Iron Jugulis|97\/100\n|-unboost|p2a: Iron Jugulis|spa|1\n|\n|upkeep\n|turn|3\n|\n|t:|1682876991\n|detailschange|p2b: Palafin|Palafin-Hero, L50, M\n|switch|p2b: Flutter Mane|Flutter Mane, L50|100\/100\n|switch|p1b: Arcanine|Arcanine, L50, M|100\/100\n|-ability|p1b: Arcanine|Intimidate|boost\n|-unboost|p2a: Iron Jugulis|atk|1\n|-unboost|p2b: Flutter Mane|atk|1\n|move|p2a: Iron Jugulis|Tailwind|p2a: Iron Jugulis\n|-sidestart|p2: Phelon|move: Tailwind\n|move|p1a: Annihilape|Rage Fist|p2b: Flutter Mane\n|-supereffective|p2b: Flutter Mane\n|-damage|p2b: Flutter Mane|0 fnt\n|faint|p2b: Flutter Mane\n|-end|p2b: Flutter Mane|Protosynthesis|[silent]\n|\n|upkeep\n|\n|t:|1682877006\n|switch|p2b: Palafin|Palafin-Hero, L50, M|100\/100\n|-activate|p2b: Palafin|ability: Zero to Hero\n|turn|4\n|\n|t:|1682877028\n|-terastallize|p2b: Palafin|Water\n|move|p2b: Palafin|Jet Punch|p1b: Arcanine\n|-supereffective|p1b: Arcanine\n|-damage|p1b: Arcanine|0 fnt\n|faint|p1b: Arcanine\n|move|p2a: Iron Jugulis|Air Slash|p1a: Annihilape\n|-damage|p1a: Annihilape|85\/100\n|move|p1a: Annihilape|Rage Fist|p2b: Palafin\n|-damage|p2b: Palafin|39\/100\n|\n|-heal|p1a: Annihilape|91\/100|[from] item: Leftovers\n|upkeep\n|\n|t:|1682877052\n|switch|p1b: Palafin|Palafin-Hero, L50, F|100\/100\n|-activate|p1b: Palafin|ability: Zero to Hero\n|turn|5\n|\n|t:|1682877067\n|move|p2b: Palafin|Protect|p2b: Palafin\n|-singleturn|p2b: Palafin|Protect\n|move|p2a: Iron Jugulis|Air Slash|p1b: Palafin\n|-damage|p1b: Palafin|80\/100\n|cant|p1b: Palafin|flinch\n|move|p1a: Annihilape|Rage Fist|p2a: Iron Jugulis\n|-resisted|p2a: Iron Jugulis\n|-damage|p2a: Iron Jugulis|65\/100\n|\n|-heal|p1a: Annihilape|97\/100|[from] item: Leftovers\n|upkeep\n|turn|6\n|\n|t:|1682877107\n|move|p2a: Iron Jugulis|Air Slash|p1a: Annihilape\n|-damage|p1a: Annihilape|80\/100\n|move|p2b: Palafin|Wave Crash|p1a: Annihilape\n|-supereffective|p1a: Annihilape\n|-damage|p1a: Annihilape|0 fnt\n|faint|p1a: Annihilape\n|-damage|p2b: Palafin|11\/100|[from] Recoil\n|move|p1b: Palafin|Wave Crash|p2b: Palafin\n|-resisted|p2b: Palafin\n|-damage|p2b: Palafin|0 fnt\n|faint|p2b: Palafin\n|-damage|p1b: Palafin|77\/100|[from] Recoil\n|\n|-sideend|p2: Phelon|move: Tailwind\n|upkeep\n|\n|t:|1682877122\n|switch|p2b: Arcanine|Arcanine, L50, F|100\/100\n|switch|p1a: Ting-Lu|Ting-Lu, L50|100\/100\n|-ability|p2b: Arcanine|Intimidate|boost\n|-unboost|p1a: Ting-Lu|atk|1\n|-unboost|p1b: Palafin|atk|1\n|-ability|p1a: Ting-Lu|Vessel of Ruin\n|turn|7\n|\n|t:|1682877154\n|move|p2a: Iron Jugulis|Air Slash|p1b: Palafin\n|-damage|p1b: Palafin|62\/100\n|move|p2b: Arcanine|Will-O-Wisp|p1b: Palafin\n|-status|p1b: Palafin|brn\n|cant|p1b: Palafin|flinch\n|move|p1a: Ting-Lu|Stomping Tantrum|p2b: Arcanine\n|-supereffective|p2b: Arcanine\n|-damage|p2b: Arcanine|70\/100\n|\n|-damage|p1b: Palafin|56\/100 brn|[from] brn\n|upkeep\n|turn|8\n|\n|t:|1682877184\n|move|p2a: Iron Jugulis|Air Slash|p1b: Palafin\n|-damage|p1b: Palafin|41\/100 brn\n|move|p2b: Arcanine|Will-O-Wisp|p1a: Ting-Lu\n|-status|p1a: Ting-Lu|brn\n|move|p1b: Palafin|Wave Crash|p2b: Arcanine\n|-supereffective|p2b: Arcanine\n|-damage|p2b: Arcanine|11\/100\n|-damage|p1b: Palafin|21\/100 brn|[from] Recoil\n|move|p1a: Ting-Lu|Snarl|p2b: Arcanine|[spread] p2a,p2b\n|-resisted|p2a: Iron Jugulis\n|-damage|p2a: Iron Jugulis|62\/100\n|-damage|p2b: Arcanine|3\/100\n|-unboost|p2a: Iron Jugulis|spa|1\n|-unboost|p2b: Arcanine|spa|1\n|\n|-damage|p1b: Palafin|15\/100 brn|[from] brn\n|-damage|p1a: Ting-Lu|94\/100 brn|[from] brn\n|upkeep\n|turn|9\n|\n|t:|1682877205\n|move|p2b: Arcanine|Extreme Speed|p1b: Palafin\n|-damage|p1b: Palafin|0 fnt\n|faint|p1b: Palafin\n|move|p2a: Iron Jugulis|Air Slash|p1a: Ting-Lu\n|-damage|p1a: Ting-Lu|89\/100 brn\n|move|p1a: Ting-Lu|Snarl|p2a: Iron Jugulis|[spread] p2b\n|-miss|p1a: Ting-Lu|p2a: Iron Jugulis\n|-damage|p2b: Arcanine|0 fnt\n|faint|p2b: Arcanine\n|\n|-damage|p1a: Ting-Lu|83\/100 brn|[from] brn\n|upkeep\n|turn|10\n|\n|t:|1682877222\n|move|p2a: Iron Jugulis|Air Slash|p1a: Ting-Lu\n|-damage|p1a: Ting-Lu|78\/100 brn\n|move|p1a: Ting-Lu|Ruination|p2a: Iron Jugulis|[miss]\n|-miss|p1a: Ting-Lu|p2a: Iron Jugulis\n|\n|-damage|p1a: Ting-Lu|72\/100 brn|[from] brn\n|upkeep\n|turn|11\n|\n|t:|1682877234\n|move|p2a: Iron Jugulis|Air Slash|p1a: Ting-Lu\n|-damage|p1a: Ting-Lu|67\/100 brn\n|move|p1a: Ting-Lu|Ruination|p2a: Iron Jugulis\n|-damage|p2a: Iron Jugulis|31\/100\n|\n|-damage|p1a: Ting-Lu|61\/100 brn|[from] brn\n|upkeep\n|turn|12\n|\n|t:|1682877243\n|move|p2a: Iron Jugulis|Air Slash|p1a: Ting-Lu\n|-damage|p1a: Ting-Lu|56\/100 brn\n|cant|p1a: Ting-Lu|flinch\n|\n|-damage|p1a: Ting-Lu|50\/100 brn|[from] brn\n|upkeep\n|turn|13\n|\n|t:|1682877250\n|move|p2a: Iron Jugulis|Air Slash|p1a: Ting-Lu\n|-damage|p1a: Ting-Lu|45\/100 brn\n|cant|p1a: Ting-Lu|flinch\n|\n|-damage|p1a: Ting-Lu|39\/100 brn|[from] brn\n|upkeep\n|turn|14\n|\n|t:|1682877258\n|move|p2a: Iron Jugulis|Protect|p2a: Iron Jugulis\n|-singleturn|p2a: Iron Jugulis|Protect\n|move|p1a: Ting-Lu|Heavy Slam|p2a: Iron Jugulis\n|-activate|p2a: Iron Jugulis|move: Protect\n|\n|-damage|p1a: Ting-Lu|33\/100 brn|[from] brn\n|upkeep\n|turn|15\n|\n|t:|1682877267\n|move|p2a: Iron Jugulis|Air Slash|p1a: Ting-Lu\n|-damage|p1a: Ting-Lu|28\/100 brn\n|cant|p1a: Ting-Lu|flinch\n|\n|-damage|p1a: Ting-Lu|22\/100 brn|[from] brn\n|upkeep\n|turn|16\n|\n|t:|1682877275\n|move|p2a: Iron Jugulis|Protect|p2a: Iron Jugulis\n|-singleturn|p2a: Iron Jugulis|Protect\n|move|p1a: Ting-Lu|Heavy Slam|p2a: Iron Jugulis\n|-activate|p2a: Iron Jugulis|move: Protect\n|\n|-damage|p1a: Ting-Lu|16\/100 brn|[from] brn\n|upkeep\n|turn|17\n|\n|t:|1682877284\n|move|p2a: Iron Jugulis|Air Slash|p1a: Ting-Lu\n|-damage|p1a: Ting-Lu|11\/100 brn\n|move|p1a: Ting-Lu|Heavy Slam|p2a: Iron Jugulis\n|-damage|p2a: Iron Jugulis|22\/100\n|\n|-damage|p1a: Ting-Lu|5\/100 brn|[from] brn\n|upkeep\n|turn|18\n|\n|t:|1682877292\n|move|p2a: Iron Jugulis|Protect|p2a: Iron Jugulis\n|-singleturn|p2a: Iron Jugulis|Protect\n|move|p1a: Ting-Lu|Snarl|p2a: Iron Jugulis\n|-activate|p2a: Iron Jugulis|move: Protect\n|\n|-damage|p1a: Ting-Lu|0 fnt|[from] brn\n|faint|p1a: Ting-Lu\n|\n|win|Phelon\n|upkeep\n|raw|LuizVentura's rating: 1380 → 1357<\/strong> (-23 for losing)\n|raw|Phelon's rating: 1333 → 1356<\/strong> (+23 for winning)\n","uploadtime":1682877300,"views":14,"p1id":"luizventura","p2id":"phelon","formatid":"gen9vgc2023regulationc","rating":1356,"private":0,"password":""}