{"id":"gen9vgc2023regulationc-1849691141","p1":"kim0626","p2":"TrainerDylan24","format":"[Gen 9] VGC 2023 Regulation C","log":"|j|\u2606kim0626\n|j|\u2606TrainerDylan24\n|t:|1682233210\n|gametype|doubles\n|player|p1|kim0626|265|1096\n|player|p2|TrainerDylan24|swimmerf|1078\n|teamsize|p1|6\n|teamsize|p2|6\n|gen|9\n|tier|[Gen 9] VGC 2023 Regulation C\n|rated|\n|rule|Species Clause: Limit one of each Pok\u00e9mon\n|rule|Item Clause: Limit one of each item\n|clearpoke\n|poke|p1|Eelektross, L50, F|\n|poke|p1|Flutter Mane, L50|\n|poke|p1|Ting-Lu, L50|\n|poke|p1|Meowscarada, L50, F|\n|poke|p1|Salamence, L50, F|\n|poke|p1|Maushold-Four, L50|\n|poke|p2|Annihilape, L50, F|\n|poke|p2|Bellibolt, L50, F|\n|poke|p2|Dondozo, L50, M|\n|poke|p2|Tatsugiri, L50, M|\n|poke|p2|Iron Hands, L50|\n|poke|p2|Kingambit, L50, F|\n|teampreview|4\n|\n|t:|1682233251\n|start\n|switch|p1a: Maushold|Maushold-Four, L50|100\/100\n|switch|p1b: Salamence|Salamence, L50, F|100\/100\n|switch|p2a: Iron Hands|Iron Hands, L50|100\/100\n|switch|p2b: Annihilape|Annihilape, L50, F, shiny|100\/100\n|-ability|p1b: Salamence|Intimidate|boost\n|-fail|p2a: Iron Hands|unboost|[from] item: Clear Amulet|[of] p2a: Iron Hands\n|-unboost|p2b: Annihilape|atk|1\n|-ability|p2b: Annihilape|Defiant|boost\n|-boost|p2b: Annihilape|atk|2\n|turn|1\n|\n|t:|1682233263\n|move|p1a: Maushold|Taunt|p2b: Annihilape\n|-start|p2b: Annihilape|move: Taunt\n|cant|p2b: Annihilape|move: Taunt|Bulk Up\n|move|p1b: Salamence|Air Slash|p2b: Annihilape\n|-supereffective|p2b: Annihilape\n|-damage|p2b: Annihilape|19\/100\n|move|p2a: Iron Hands|Ice Punch|p1b: Salamence\n|-supereffective|p1b: Salamence\n|-damage|p1b: Salamence|0 fnt\n|-damage|p2a: Iron Hands|84\/100|[from] item: Rocky Helmet|[of] p1b: Salamence\n|faint|p1b: Salamence\n|\n|upkeep\n|\n|t:|1682233267\n|switch|p1b: Meowscarada|Meowscarada, L50, F|100\/100\n|turn|2\n|\n|t:|1682233287\n|move|p1b: Meowscarada|Flower Trick|p2b: Annihilape\n|-start|p1b: Meowscarada|typechange|Grass|[from] ability: Protean\n|-crit|p2b: Annihilape\n|-damage|p2b: Annihilape|0 fnt\n|faint|p2b: Annihilape\n|move|p1a: Maushold|Super Fang|p2a: Iron Hands\n|-damage|p2a: Iron Hands|42\/100\n|move|p2a: Iron Hands|Drain Punch|p1b: Meowscarada\n|-damage|p1b: Meowscarada|48\/100\n|-heal|p2a: Iron Hands|60\/100|[from] drain|[of] p1b: Meowscarada\n|\n|upkeep\n|\n|t:|1682233306\n|switch|p2b: Kingambit|Kingambit, L50, F|100\/100\n|turn|3\n|\n|t:|1682233318\n|switch|p1b: Ting-Lu|Ting-Lu, L50|100\/100\n|-ability|p1b: Ting-Lu|Vessel of Ruin\n|move|p1a: Maushold|Super Fang|p2b: Kingambit|[miss]\n|-miss|p1a: Maushold|p2b: Kingambit\n|move|p2b: Kingambit|Kowtow Cleave|p1a: Maushold\n|-damage|p1a: Maushold|34\/100\n|-enditem|p1a: Maushold|Sitrus Berry|[eat]\n|-heal|p1a: Maushold|59\/100|[from] item: Sitrus Berry\n|move|p2a: Iron Hands|Ice Punch|p1b: Ting-Lu\n|-supereffective|p1b: Ting-Lu\n|-damage|p1b: Ting-Lu|74\/100\n|\n|upkeep\n|turn|4\n|\n|t:|1682233348\n|-terastallize|p1b: Ting-Lu|Water\n|move|p1a: Maushold|Protect|p1a: Maushold\n|-singleturn|p1a: Maushold|Protect\n|move|p2a: Iron Hands|Drain Punch|p1b: Ting-Lu\n|-damage|p1b: Ting-Lu|56\/100\n|-heal|p2a: Iron Hands|70\/100|[from] drain|[of] p1b: Ting-Lu\n|move|p2b: Kingambit|Kowtow Cleave|p1a: Maushold\n|-activate|p1a: Maushold|move: Protect\n|move|p1b: Ting-Lu|Stomping Tantrum|p2a: Iron Hands\n|-supereffective|p2a: Iron Hands\n|-damage|p2a: Iron Hands|13\/100\n|\n|upkeep\n|turn|5\n|\n|t:|1682233370\n|move|p1a: Maushold|Follow Me|p1a: Maushold\n|-singleturn|p1a: Maushold|move: Follow Me\n|move|p2a: Iron Hands|Thunder Punch|p1a: Maushold\n|-damage|p1a: Maushold|0 fnt\n|faint|p1a: Maushold\n|move|p2b: Kingambit|Kowtow Cleave|p1b: Ting-Lu\n|-damage|p1b: Ting-Lu|27\/100\n|move|p1b: Ting-Lu|Stomping Tantrum|p2a: Iron Hands\n|-supereffective|p2a: Iron Hands\n|-damage|p2a: Iron Hands|0 fnt\n|faint|p2a: Iron Hands\n|-end|p2a: Iron Hands|Quark Drive|[silent]\n|\n|upkeep\n|\n|t:|1682233380\n|switch|p1a: Meowscarada|Meowscarada, L50, F|48\/100\n|switch|p2a: Bellibolt|Bellibolt, L50, F|100\/100\n|turn|6\n|\n|t:|1682233393\n|-terastallize|p2b: Kingambit|Steel\n|move|p1a: Meowscarada|Flower Trick|p2a: Bellibolt\n|-start|p1a: Meowscarada|typechange|Grass|[from] ability: Protean\n|-crit|p2a: Bellibolt\n|-damage|p2a: Bellibolt|55\/100\n|-start|p2a: Bellibolt|Charge|Flower Trick|[from] ability: Electromorphosis\n|move|p2b: Kingambit|Iron Head|p1a: Meowscarada\n|-damage|p1a: Meowscarada|0 fnt\n|faint|p1a: Meowscarada\n|move|p2a: Bellibolt|Thunderbolt|p1b: Ting-Lu\n|-supereffective|p1b: Ting-Lu\n|-damage|p1b: Ting-Lu|0 fnt\n|faint|p1b: Ting-Lu\n|-end|p2a: Bellibolt|Charge|[silent]\n|\n|win|TrainerDylan24\n|raw|kim0626's rating: 1096 → 1070<\/strong> (-26 for losing)\n|raw|TrainerDylan24's rating: 1078 → 1108<\/strong> (+30 for winning)\n|l|\u2606kim0626\n","uploadtime":1682233421,"views":11,"p1id":"kim0626","p2id":"trainerdylan24","formatid":"gen9vgc2023regulationc","rating":1070,"private":0,"password":""}