{"id":"gen9vgc2023regulationc-1851829320","p1":"Sonite","p2":"kjjlklxsetujk","format":"[Gen 9] VGC 2023 Regulation C","log":"|j|\u2606Sonite\n|j|\u2606kjjlklxsetujk\n|t:|1682491300\n|gametype|doubles\n|player|p1|Sonite|265|1240\n|player|p2|kjjlklxsetujk|265|1161\n|teamsize|p1|6\n|teamsize|p2|6\n|gen|9\n|tier|[Gen 9] VGC 2023 Regulation C\n|rated|\n|rule|Species Clause: Limit one of each Pok\u00e9mon\n|rule|Item Clause: Limit one of each item\n|clearpoke\n|poke|p1|Abomasnow, L50, M|\n|poke|p1|Cetitan, L50, M|\n|poke|p1|Slowking, L50, M|\n|poke|p1|Iron Hands, L50|\n|poke|p1|Arcanine, L50, F|\n|poke|p1|Ceruledge, L50, M|\n|poke|p2|Dragonite, L50, F|\n|poke|p2|Ting-Lu, L50|\n|poke|p2|Orthworm, L50, F|\n|poke|p2|Flutter Mane, L50|\n|poke|p2|Gyarados, L50, M|\n|poke|p2|Chien-Pao, L50|\n|teampreview|4\n|inactive|Battle timer is ON: inactive players will automatically lose when time's up. (requested by Sonite)\nSonite has agreed to open team sheets.\n|inactive|kjjlklxsetujk has 60 seconds left.\n|inactive|kjjlklxsetujk has 30 seconds left.\n|\n|t:|1682491385\n|start\n|switch|p1a: Abomasnow|Abomasnow, L50, M|100\/100\n|switch|p1b: Cetitan|Cetitan, L50, M|100\/100\n|switch|p2a: Orthworm|Orthworm, L50, F, shiny|100\/100\n|switch|p2b: Gyarados|Gyarados, L50, M, shiny|100\/100\n|-ability|p2b: Gyarados|Intimidate|boost\n|-unboost|p1a: Abomasnow|atk|1\n|-unboost|p1b: Cetitan|atk|1\n|-weather|Snow|[from] ability: Snow Warning|[of] p1a: Abomasnow\n|turn|1\n|inactive|Sonite has 30 seconds left.\n|inactive|kjjlklxsetujk has 30 seconds left.\n|\n|t:|1682491413\n|move|p1b: Cetitan|Icicle Crash|p2b: Gyarados\n|-damage|p2b: Gyarados|73\/100\n|move|p2b: Gyarados|Thunder Wave|p1a: Abomasnow\n|-status|p1a: Abomasnow|par\n|move|p2a: Orthworm|Iron Defense|p2a: Orthworm\n|-boost|p2a: Orthworm|def|2\n|move|p1a: Abomasnow|Aurora Veil|p1a: Abomasnow\n|-sidestart|p1: Sonite|move: Aurora Veil\n|\n|-weather|Snow|[upkeep]\n|upkeep\n|turn|2\n|inactive|kjjlklxsetujk has 30 seconds left.\n|inactive|kjjlklxsetujk has 20 seconds left.\n|inactive|kjjlklxsetujk has 15 seconds left.\n|inactive|kjjlklxsetujk has 10 seconds left.\n|inactive|kjjlklxsetujk has 5 seconds left.\n|\n|t:|1682491463\n|move|p1b: Cetitan|Icicle Crash|p2b: Gyarados|[miss]\n|-miss|p1b: Cetitan|p2b: Gyarados\n|move|p2b: Gyarados|Thunder Wave|p1b: Cetitan\n|-status|p1b: Cetitan|par\n|move|p2a: Orthworm|Body Press|p1b: Cetitan\n|-supereffective|p1b: Cetitan\n|-damage|p1b: Cetitan|54\/100 par\n|cant|p1a: Abomasnow|par\n|\n|-weather|Snow|[upkeep]\n|upkeep\n|turn|3\n|inactive|kjjlklxsetujk has 30 seconds left.\n|\n|t:|1682491497\n|move|p2b: Gyarados|Bulldoze|p1a: Abomasnow|[spread] p1a,p1b\n|-immune|p2a: Orthworm|[from] ability: Earth Eater\n|-resisted|p1a: Abomasnow\n|-damage|p1a: Abomasnow|97\/100 par\n|-damage|p1b: Cetitan|49\/100 par\n|-unboost|p1a: Abomasnow|spe|1\n|-unboost|p1b: Cetitan|spe|1\n|move|p2a: Orthworm|Iron Defense|p2a: Orthworm\n|-boost|p2a: Orthworm|def|2\n|cant|p1b: Cetitan|par\n|cant|p1a: Abomasnow|par\n|\n|-weather|Snow|[upkeep]\n|upkeep\n|turn|4\n|\n|t:|1682491518\n|move|p2b: Gyarados|Bulldoze|p1a: Abomasnow|[spread] p1a,p1b\n|-immune|p2a: Orthworm|[from] ability: Earth Eater\n|-resisted|p1a: Abomasnow\n|-damage|p1a: Abomasnow|93\/100 par\n|-damage|p1b: Cetitan|43\/100 par\n|-unboost|p1a: Abomasnow|spe|1\n|-unboost|p1b: Cetitan|spe|1\n|move|p2a: Orthworm|Body Press|p1b: Cetitan\n|-supereffective|p1b: Cetitan\n|-damage|p1b: Cetitan|0 fnt\n|faint|p1b: Cetitan\n|move|p1a: Abomasnow|Leech Seed|p2a: Orthworm\n|-start|p2a: Orthworm|move: Leech Seed\n|\n|-weather|Snow|[upkeep]\n|-damage|p2a: Orthworm|88\/100|[from] Leech Seed|[of] p1a: Abomasnow\n|-heal|p1a: Abomasnow|100\/100 par|[silent]\n|upkeep\n|\n|t:|1682491536\n|switch|p1b: Iron Hands|Iron Hands, L50|100\/100\n|-enditem|p1b: Iron Hands|Booster Energy\n|-activate|p1b: Iron Hands|ability: Quark Drive|[fromitem]\n|-start|p1b: Iron Hands|quarkdriveatk\n|turn|5\n|inactive|Sonite has 30 seconds left.\n|inactive|kjjlklxsetujk has 30 seconds left.\n|inactive|Sonite has 20 seconds left.\n|inactive|kjjlklxsetujk has 20 seconds left.\n|inactive|kjjlklxsetujk has 15 seconds left.\n|inactive|kjjlklxsetujk has 10 seconds left.\n|inactive|kjjlklxsetujk has 5 seconds left.\n|\n|t:|1682491587\n|move|p1a: Abomasnow|Protect|p1a: Abomasnow\n|-singleturn|p1a: Abomasnow|Protect\n|move|p2b: Gyarados|Bulldoze|p1a: Abomasnow|[spread] p1b\n|-activate|p1a: Abomasnow|move: Protect\n|-heal|p2a: Orthworm|100\/100|[from] ability: Earth Eater|[of] p2b: Gyarados\n|-supereffective|p1b: Iron Hands\n|-damage|p1b: Iron Hands|90\/100\n|-unboost|p1b: Iron Hands|spe|1\n|move|p2a: Orthworm|Shed Tail|p2a: Orthworm\n|-start|p2a: Orthworm|Substitute|[from] move: Shed Tail\n|-damage|p2a: Orthworm|50\/100\n|-enditem|p2a: Orthworm|Sitrus Berry|[eat]\n|-heal|p2a: Orthworm|75\/100|[from] item: Sitrus Berry\n|\n|t:|1682491607\n|switch|p2a: Flutter Mane|Flutter Mane, L50, shiny|100\/100|[from] Shed Tail\n|move|p1b: Iron Hands|Swords Dance|p1b: Iron Hands\n|-boost|p1b: Iron Hands|atk|2\n|\n|-weather|none\n|-sideend|p1: Sonite|move: Aurora Veil\n|upkeep\n|turn|6\n|inactive|Sonite has 30 seconds left.\n|inactive|kjjlklxsetujk has 30 seconds left.\n|inactive|kjjlklxsetujk has 20 seconds left.\n|\n|t:|1682491643\n|switch|p2b: Orthworm|Orthworm, L50, F, shiny|75\/100\n|switch|p1a: Arcanine|Arcanine, L50, F|100\/100\n|move|p2a: Flutter Mane|Hex|p1a: Arcanine\n|-damage|p1a: Arcanine|44\/100\n|move|p1b: Iron Hands|Thunder Punch|p2b: Orthworm\n|-damage|p2b: Orthworm|0 fnt\n|faint|p2b: Orthworm\n|\n|upkeep\n|\n|t:|1682491656\n|switch|p2b: Gyarados|Gyarados, L50, M, shiny|73\/100\n|-ability|p2b: Gyarados|Intimidate|boost\n|-unboost|p1a: Arcanine|atk|1\n|-unboost|p1b: Iron Hands|atk|1\n|turn|7\n|inactive|kjjlklxsetujk has 30 seconds left.\n|\n|t:|1682491681\n|switch|p1a: Abomasnow|Abomasnow, L50, M|100\/100 par\n|-weather|Snow|[from] ability: Snow Warning|[of] p1a: Abomasnow\n|switch|p2b: Dragonite|Dragonite, L50, F, shiny|100\/100\n|move|p2a: Flutter Mane|Hex|p1a: Abomasnow\n|-damage|p1a: Abomasnow|27\/100 par\n|move|p1b: Iron Hands|Thunder Punch|p2b: Dragonite\n|-damage|p2b: Dragonite|54\/100\n|\n|-weather|Snow|[upkeep]\n|upkeep\n|turn|8\n|inactive|kjjlklxsetujk has 30 seconds left.\n|inactive|Sonite has 30 seconds left.\n|inactive|kjjlklxsetujk has 20 seconds left.\n|inactive|kjjlklxsetujk has 15 seconds left.\n|inactive|kjjlklxsetujk has 10 seconds left.\n|inactive|kjjlklxsetujk has 5 seconds left.\n|\n|t:|1682491732\n|-terastallize|p2b: Dragonite|Flying\n|move|p1a: Abomasnow|Protect|p1a: Abomasnow\n|-singleturn|p1a: Abomasnow|Protect\n|move|p2a: Flutter Mane|Hex|p1a: Abomasnow\n|-activate|p1a: Abomasnow|move: Protect\n|move|p2b: Dragonite|Tera Blast|p1b: Iron Hands\n|-damage|p1b: Iron Hands|54\/100\n|move|p1b: Iron Hands|Thunder Punch|p2b: Dragonite\n|-supereffective|p2b: Dragonite\n|-damage|p2b: Dragonite|0 fnt\n|faint|p2b: Dragonite\n|\n|-weather|Snow|[upkeep]\n|upkeep\n|l|\u2606Sonite\n|inactive|Sonite disconnected and has a minute to reconnect!\n|player|p1|\n|\n|t:|1682491744\n|switch|p2b: Gyarados|Gyarados, L50, M, shiny|73\/100\n|-ability|p2b: Gyarados|Intimidate|boost\n|-unboost|p1a: Abomasnow|atk|1\n|-unboost|p1b: Iron Hands|atk|1\n|turn|9\n|j|\u2606Sonite\n|inactive|Sonite reconnected and has 55 seconds left.\n|player|p1|Sonite|265\n|inactive|kjjlklxsetujk has 30 seconds left.\n|\n|t:|1682491774\n|move|p2a: Flutter Mane|Hex|p1a: Abomasnow\n|-damage|p1a: Abomasnow|0 fnt\n|faint|p1a: Abomasnow\n|move|p2b: Gyarados|Taunt|p1b: Iron Hands\n|-start|p1b: Iron Hands|move: Taunt\n|move|p1b: Iron Hands|Thunder Punch|p2b: Gyarados\n|-supereffective|p2b: Gyarados\n|-damage|p2b: Gyarados|0 fnt\n|faint|p2b: Gyarados\n|\n|-weather|Snow|[upkeep]\n|upkeep\n|\n|t:|1682491788\n|switch|p1a: Arcanine|Arcanine, L50, F|44\/100\n|turn|10\n|\n|t:|1682491802\n|move|p2a: Flutter Mane|Hex|p1b: Iron Hands\n|-damage|p1b: Iron Hands|14\/100\n|move|p1a: Arcanine|Flare Blitz|p2a: Flutter Mane\n|-end|p2a: Flutter Mane|Substitute\n|-damage|p1a: Arcanine|36\/100|[from] Recoil|[of] p2a: Flutter Mane\n|move|p1b: Iron Hands|Thunder Punch|p2a: Flutter Mane\n|-damage|p2a: Flutter Mane|12\/100\n|\n|-weather|Snow|[upkeep]\n|upkeep\n|turn|11\n|-message|kjjlklxsetujk forfeited.\n|\n|win|Sonite\n|raw|Sonite's rating: 1240 → 1259<\/strong> (+19 for winning)\n|raw|kjjlklxsetujk's rating: 1161 → 1142<\/strong> (-19 for losing)\n|l|\u2606kjjlklxsetujk\n","uploadtime":1682491819,"views":16,"p1id":"sonite","p2id":"kjjlklxsetujk","formatid":"gen9vgc2023regulationc","rating":1142,"private":0,"password":""}