{"id":"gen9vgc2023regulationc-1845787491","p1":"upswinging","p2":"Monument6","format":"[Gen 9] VGC 2023 Regulation C","log":"|j|\u2606upswinging\n|j|\u2606Monument6\n|t:|1681764561\n|gametype|doubles\n|player|p1|upswinging|riley|1604\n|player|p2|Monument6|265|1528\n|teamsize|p1|6\n|teamsize|p2|6\n|gen|9\n|tier|[Gen 9] VGC 2023 Regulation C\n|rated|\n|rule|Species Clause: Limit one of each Pok\u00e9mon\n|rule|Item Clause: Limit one of each item\n|clearpoke\n|poke|p1|Murkrow, L50, M|\n|poke|p1|Iron Bundle, L50|\n|poke|p1|Chi-Yu, L50|\n|poke|p1|Gholdengo, L50|\n|poke|p1|Great Tusk, L50|\n|poke|p1|Farigiraf, L50, M|\n|poke|p2|Wo-Chien, L50|\n|poke|p2|Garganacl, L50, F|\n|poke|p2|Glimmora, L50, F|\n|poke|p2|Ting-Lu, L50|\n|poke|p2|Sableye, L50, M|\n|poke|p2|Corviknight, L50, M|\n|teampreview|4\n|inactive|Battle timer is ON: inactive players will automatically lose when time's up. (requested by Monument6)\n|j| Therazer456\nupswinging has agreed to open team sheets.\n|inactive|upswinging has 60 seconds left.\n|inactive|Monument6 has 60 seconds left.\n|\n|t:|1681764620\n|start\n|switch|p1a: Murkrow|Murkrow, L50, M, shiny|100\/100\n|switch|p1b: Great Tusk|Great Tusk, L50|100\/100\n|switch|p2a: Sableye|Sableye, L50, M|100\/100\n|switch|p2b: Ting-Lu|Ting-Lu, L50|100\/100\n|-ability|p2b: Ting-Lu|Vessel of Ruin\n|turn|1\n|j| D-Wrecks\n|\n|t:|1681764643\n|switch|p2b: Corviknight|Corviknight, L50, M|100\/100\n|-terastallize|p1b: Great Tusk|Ground\n|move|p1a: Murkrow|Sunny Day|p1a: Murkrow\n|-weather|SunnyDay\n|-activate|p1b: Great Tusk|ability: Protosynthesis\n|-start|p1b: Great Tusk|protosynthesisatk\n|move|p2a: Sableye|Reflect|p2a: Sableye\n|-sidestart|p2: Monument6|Reflect\n|move|p1b: Great Tusk|Earthquake|p2b: Corviknight|[spread] p2a\n|-immune|p1a: Murkrow\n|-immune|p2b: Corviknight\n|-damage|p2a: Sableye|37\/100\n|\n|-weather|SunnyDay|[upkeep]\n|upkeep\n|turn|2\n|inactive|Monument6 has 30 seconds left.\n|\n|t:|1681764674\n|move|p2a: Sableye|Disable|p1b: Great Tusk\n|-start|p1b: Great Tusk|Disable|Earthquake\n|move|p1a: Murkrow|Brave Bird|p2a: Sableye\n|-damage|p2a: Sableye|0 fnt\n|faint|p2a: Sableye\n|-damage|p1a: Murkrow|87\/100|[from] Recoil\n|move|p1b: Great Tusk|Close Combat|p2b: Corviknight\n|-damage|p2b: Corviknight|64\/100\n|-unboost|p1b: Great Tusk|def|1\n|-unboost|p1b: Great Tusk|spd|1\n|move|p2b: Corviknight|Body Press|p1b: Great Tusk\n|-crit|p1b: Great Tusk\n|-damage|p1b: Great Tusk|59\/100\n|\n|-weather|SunnyDay|[upkeep]\n|upkeep\n|\n|t:|1681764698\n|switch|p2a: Garganacl|Garganacl, L50, F|100\/100\n|turn|3\n|\n|t:|1681764710\n|switch|p1a: Chi-Yu|Chi-Yu, L50|100\/100\n|-ability|p1a: Chi-Yu|Beads of Ruin\n|-terastallize|p2a: Garganacl|Ghost\n|move|p1b: Great Tusk|Headlong Rush|p2a: Garganacl\n|-damage|p2a: Garganacl|52\/100\n|-unboost|p1b: Great Tusk|def|1\n|-unboost|p1b: Great Tusk|spd|1\n|move|p2b: Corviknight|Body Press|p1b: Great Tusk\n|-damage|p1b: Great Tusk|18\/100\n|move|p2a: Garganacl|Salt Cure|p1b: Great Tusk\n|-resisted|p1b: Great Tusk\n|-damage|p1b: Great Tusk|7\/100\n|-start|p1b: Great Tusk|Salt Cure\n|\n|-weather|SunnyDay|[upkeep]\n|-damage|p1b: Great Tusk|0 fnt|[from] Salt Cure\n|faint|p1b: Great Tusk\n|-end|p1b: Great Tusk|Protosynthesis|[silent]\n|upkeep\n|\n|t:|1681764725\n|switch|p1b: Gholdengo|Gholdengo, L50|100\/100\n|turn|4\n|\n|t:|1681764743\n|switch|p2b: Ting-Lu|Ting-Lu, L50|100\/100\n|-ability|p2b: Ting-Lu|Vessel of Ruin\n|move|p1a: Chi-Yu|Overheat|p2b: Ting-Lu\n|-damage|p2b: Ting-Lu|53\/100\n|-unboost|p1a: Chi-Yu|spa|2\n|move|p1b: Gholdengo|Shadow Ball|p2a: Garganacl\n|-supereffective|p2a: Garganacl\n|-damage|p2a: Garganacl|0 fnt\n|faint|p2a: Garganacl\n|\n|-weather|SunnyDay|[upkeep]\n|upkeep\n|\n|t:|1681764754\n|switch|p2a: Corviknight|Corviknight, L50, M|64\/100\n|turn|5\n|\n|t:|1681764764\n|switch|p1b: Murkrow|Murkrow, L50, M, shiny|87\/100\n|move|p2a: Corviknight|Protect|p2a: Corviknight\n|-singleturn|p2a: Corviknight|Protect\n|move|p1a: Chi-Yu|Overheat|p2a: Corviknight\n|-activate|p2a: Corviknight|move: Protect\n|move|p2b: Ting-Lu|Sand Tomb|p1b: Murkrow\n|-immune|p1b: Murkrow\n|\n|-weather|none\n|upkeep\n|turn|6\n|\n|t:|1681764783\n|move|p1b: Murkrow|Haze|p1b: Murkrow\n|-clearallboost\n|move|p1a: Chi-Yu|Overheat|p2a: Corviknight\n|-supereffective|p2a: Corviknight\n|-damage|p2a: Corviknight|0 fnt\n|-unboost|p1a: Chi-Yu|spa|2\n|faint|p2a: Corviknight\n|move|p2b: Ting-Lu|Sand Tomb|p1a: Chi-Yu|[miss]\n|-miss|p2b: Ting-Lu|p1a: Chi-Yu\n|\n|upkeep\n|turn|7\n|\n|t:|1681764794\n|move|p1b: Murkrow|Haze|p1b: Murkrow\n|-clearallboost\n|move|p1a: Chi-Yu|Overheat|p2b: Ting-Lu\n|-damage|p2b: Ting-Lu|19\/100\n|-unboost|p1a: Chi-Yu|spa|2\n|move|p2b: Ting-Lu|Body Press|p1a: Chi-Yu\n|-supereffective|p1a: Chi-Yu\n|-damage|p1a: Chi-Yu|28\/100\n|\n|upkeep\n|turn|8\n|\n|t:|1681764804\n|move|p1b: Murkrow|Haze|p1b: Murkrow\n|-clearallboost\n|move|p1a: Chi-Yu|Overheat|p2b: Ting-Lu\n|-crit|p2b: Ting-Lu\n|-damage|p2b: Ting-Lu|0 fnt\n|-unboost|p1a: Chi-Yu|spa|2\n|faint|p2b: Ting-Lu\n|\n|win|upswinging\n|raw|upswinging's rating: 1604 → 1620<\/strong> (+16 for winning)\n|raw|Monument6's rating: 1528 → 1512<\/strong> (-16 for losing)\n","uploadtime":1681764810,"views":12,"p1id":"upswinging","p2id":"monument6","formatid":"gen9vgc2023regulationc","rating":1512,"private":0,"password":""}