{"id":"gen9vgc2023regulationc-1851061187","p1":"no-no words","p2":"yuuuurt","format":"[Gen 9] VGC 2023 Regulation C","log":"|j|\u2606no-no words\n|j|\u2606yuuuurt\n|t:|1682402205\n|gametype|doubles\n|player|p1|no-no words|chuck|\n|player|p2|yuuuurt|blue|\n|teamsize|p1|6\n|teamsize|p2|6\n|gen|9\n|tier|[Gen 9] VGC 2023 Regulation C\n|rule|Species Clause: Limit one of each Pok\u00e9mon\n|rule|Item Clause: Limit one of each item\n|clearpoke\n|poke|p1|Dragonite, L50, M|\n|poke|p1|Corviknight, L50, F|\n|poke|p1|Flutter Mane, L50|\n|poke|p1|Iron Bundle, L50|\n|poke|p1|Arcanine, L50, M|\n|poke|p1|Amoonguss, L50, M|\n|poke|p2|Lycanroc-Midnight, L50, F|\n|poke|p2|Medicham, L50, M|\n|poke|p2|Dondozo, L50, M|\n|poke|p2|Tatsugiri-Stretchy, L50, M|\n|poke|p2|Mimikyu, L50, F|\n|poke|p2|Ting-Lu, L50|\n|teampreview|4\n|\n|t:|1682402227\n|start\n|switch|p1a: Flutta Mane|Flutter Mane, L50|100\/100\n|switch|p1b: Iron Bundle|Iron Bundle, L50|100\/100\n|switch|p2a: doggy|Lycanroc-Midnight, L50, F|100\/100\n|switch|p2b: Medichamp|Medicham, L50, M|100\/100\n|turn|1\n|inactive|Battle timer is ON: inactive players will automatically lose when time's up. (requested by yuuuurt)\n|\n|t:|1682402256\n|-terastallize|p1a: Flutta Mane|Fairy\n|move|p2b: Medichamp|Fake Out|p1b: Iron Bundle\n|-damage|p1b: Iron Bundle|79\/100\n|cant|p1b: Iron Bundle|flinch\n|move|p1a: Flutta Mane|Dazzling Gleam|p2b: Medichamp|[spread] p2a,p2b\n|-supereffective|p2b: Medichamp\n|-damage|p2a: doggy|22\/100\n|-enditem|p2b: Medichamp|Focus Sash\n|-damage|p2b: Medichamp|1\/100\n|-damage|p1a: Flutta Mane|91\/100|[from] item: Life Orb\n|move|p2a: doggy|Stone Edge|p1a: Flutta Mane\n|-damage|p1a: Flutta Mane|0 fnt\n|faint|p1a: Flutta Mane\n|-end|p1a: Flutta Mane|Protosynthesis|[silent]\n|\n|upkeep\n|\n|t:|1682402273\n|switch|p1a: Dog|Arcanine, L50, M|100\/100\n|-ability|p1a: Dog|Intimidate|boost\n|-unboost|p2a: doggy|atk|1\n|-unboost|p2b: Medichamp|atk|1\n|turn|2\n|\n|t:|1682402286\n|switch|p2a: DonBOZO|Dondozo, L50, M|100\/100\n|move|p2b: Medichamp|Detect|p2b: Medichamp\n|-singleturn|p2b: Medichamp|Protect\n|move|p1a: Dog|Extreme Speed|p2a: DonBOZO\n|-damage|p2a: DonBOZO|86\/100\n|move|p1b: Iron Bundle|Icy Wind|p2b: Medichamp|[spread] p2a\n|-activate|p2b: Medichamp|move: Protect\n|-resisted|p2a: DonBOZO\n|-damage|p2a: DonBOZO|77\/100\n|-unboost|p2a: DonBOZO|spe|1\n|\n|-heal|p2a: DonBOZO|83\/100|[from] item: Leftovers\n|upkeep\n|turn|3\n|inactive|yuuuurt has 30 seconds left.\n|\n|t:|1682402319\n|move|p1b: Iron Bundle|Freeze-Dry|p2a: DonBOZO\n|-supereffective|p2a: DonBOZO\n|-damage|p2a: DonBOZO|22\/100\n|move|p2b: Medichamp|Close Combat|p1b: Iron Bundle\n|-supereffective|p1b: Iron Bundle\n|-damage|p1b: Iron Bundle|0 fnt\n|-unboost|p2b: Medichamp|def|1\n|-unboost|p2b: Medichamp|spd|1\n|faint|p1b: Iron Bundle\n|-end|p1b: Iron Bundle|Quark Drive|[silent]\n|move|p1a: Dog|Will-O-Wisp|p2a: DonBOZO\n|-status|p2a: DonBOZO|brn\n|move|p2a: DonBOZO|Wave Crash|p1a: Dog\n|-supereffective|p1a: Dog\n|-damage|p1a: Dog|57\/100\n|-damage|p2a: DonBOZO|11\/100 brn|[from] Recoil\n|\n|-heal|p2a: DonBOZO|17\/100 brn|[from] item: Leftovers\n|-damage|p2a: DonBOZO|11\/100 brn|[from] brn\n|upkeep\n|\n|t:|1682402336\n|switch|p1b: Corviknight|Corviknight, L50, F|100\/100\n|turn|4\n|\n|t:|1682402353\n|move|p2b: Medichamp|Close Combat|p1a: Dog\n|-damage|p1a: Dog|0 fnt\n|-unboost|p2b: Medichamp|def|1\n|-unboost|p2b: Medichamp|spd|1\n|faint|p1a: Dog\n|move|p1b: Corviknight|Bulk Up|p1b: Corviknight\n|-boost|p1b: Corviknight|atk|1\n|-boost|p1b: Corviknight|def|1\n|move|p2a: DonBOZO|Wave Crash|p1b: Corviknight\n|-damage|p1b: Corviknight|83\/100\n|-damage|p2a: DonBOZO|6\/100 brn|[from] Recoil\n|\n|-heal|p2a: DonBOZO|12\/100 brn|[from] item: Leftovers\n|-damage|p2a: DonBOZO|6\/100 brn|[from] brn\n|upkeep\n|turn|5\n|\n|t:|1682402372\n|switch|p2a: doggy|Lycanroc-Midnight, L50, F|22\/100\n|move|p2b: Medichamp|Skill Swap|p2a: doggy\n|-activate|p2b: Medichamp|move: Skill Swap|||[of] p2a: doggy\n|move|p1b: Corviknight|Bulk Up|p1b: Corviknight\n|-boost|p1b: Corviknight|atk|1\n|-boost|p1b: Corviknight|def|1\n|\n|upkeep\n|turn|6\n|\n|t:|1682402388\n|move|p2b: Medichamp|Close Combat|p1b: Corviknight\n|-damage|p1b: Corviknight|70\/100\n|-unboost|p2b: Medichamp|def|1\n|-unboost|p2b: Medichamp|spd|1\n|move|p2a: doggy|Stone Edge|p1b: Corviknight\n|-crit|p1b: Corviknight\n|-damage|p1b: Corviknight|0 fnt\n|faint|p1b: Corviknight\n|\n|win|yuuuurt\n","uploadtime":1682402396,"views":7,"p1id":"nonowords","p2id":"yuuuurt","formatid":"gen9vgc2023regulationc","rating":0,"private":0,"password":""}