{"id":"gen9vgc2023regulationc-1854493653","p1":"Bertoldttaining","p2":"BibarelGaming","format":"[Gen 9] VGC 2023 Regulation C","log":"|j|\u2606Bertoldttaining\n|j|\u2606BibarelGaming\n|t:|1682818137\n|gametype|doubles\n|player|p1|Bertoldttaining|lance|1303\n|player|p2|BibarelGaming|jasmine|1316\n|teamsize|p1|6\n|teamsize|p2|6\n|gen|9\n|tier|[Gen 9] VGC 2023 Regulation C\n|rated|\n|rule|Species Clause: Limit one of each Pok\u00e9mon\n|rule|Item Clause: Limit one of each item\n|clearpoke\n|poke|p1|Palafin, L50, F|\n|poke|p1|Chien-Pao, L50|\n|poke|p1|Arcanine, L50, M|\n|poke|p1|Amoonguss, L50, M|\n|poke|p1|Flutter Mane, L50|\n|poke|p1|Ting-Lu, L50|\n|poke|p2|Annihilape, L50, F|\n|poke|p2|Dondozo, L50, F|\n|poke|p2|Tatsugiri, L50, F|\n|poke|p2|Tyranitar, L50, M|\n|poke|p2|Maushold-Four, L50|\n|poke|p2|Gothitelle, L50, M|\n|teampreview|4\n|inactive|Battle timer is ON: inactive players will automatically lose when time's up. (requested by Bertoldttaining)\nBertoldttaining has agreed to open team sheets.\n|inactive|Bertoldttaining has 60 seconds left.\nBibarelGaming has agreed to open team sheets.\n|\n|t:|1682818199\n|start\n|switch|p1a: Palafin|Palafin, L50, F|100\/100\n|switch|p1b: Flutter Mane|Flutter Mane, L50|100\/100\n|switch|p2a: Gothitelle|Gothitelle, L50, M|100\/100\n|switch|p2b: Tyranitar|Tyranitar, L50, M, shiny|100\/100\n|-weather|Sandstorm|[from] ability: Sand Stream|[of] p2b: Tyranitar\n|turn|1\n|inactive|BibarelGaming has 30 seconds left.\n|inactive|BibarelGaming has 20 seconds left.\n|inactive|BibarelGaming has 15 seconds left.\n|inactive|BibarelGaming has 10 seconds left.\n|inactive|BibarelGaming has 5 seconds left.\n|\n|t:|1682818249\n|-terastallize|p1b: Flutter Mane|Fairy\n|-terastallize|p2b: Tyranitar|Flying\n|move|p2a: Gothitelle|Fake Out|p1a: Palafin\n|-damage|p1a: Palafin|94\/100\n|move|p1b: Flutter Mane|Dazzling Gleam|p2a: Gothitelle|[spread] p2a,p2b\n|-damage|p2a: Gothitelle|47\/100\n|-damage|p2b: Tyranitar|68\/100\n|-enditem|p2a: Gothitelle|Sitrus Berry|[eat]\n|-heal|p2a: Gothitelle|72\/100|[from] item: Sitrus Berry\n|cant|p1a: Palafin|flinch\n|move|p2b: Tyranitar|Rock Slide|p1b: Flutter Mane|[spread] p1a,p1b\n|-damage|p1a: Palafin|56\/100\n|-damage|p1b: Flutter Mane|27\/100\n|\n|-weather|Sandstorm|[upkeep]\n|-damage|p1b: Flutter Mane|21\/100|[from] Sandstorm\n|-damage|p1a: Palafin|50\/100|[from] Sandstorm\n|-damage|p2a: Gothitelle|66\/100|[from] Sandstorm\n|-damage|p2b: Tyranitar|62\/100|[from] Sandstorm\n|upkeep\n|turn|2\n|inactive|Bertoldttaining has 30 seconds left.\n|inactive|BibarelGaming has 30 seconds left.\n|inactive|BibarelGaming has 20 seconds left.\n|\n|t:|1682818287\n|move|p1b: Flutter Mane|Dazzling Gleam|p2a: Gothitelle|[spread] p2a,p2b\n|-damage|p2a: Gothitelle|15\/100\n|-damage|p2b: Tyranitar|28\/100\n|move|p1a: Palafin|Wave Crash|p2b: Tyranitar\n|-damage|p2b: Tyranitar|0 fnt\n|faint|p2b: Tyranitar\n|-damage|p1a: Palafin|42\/100|[from] Recoil\n|move|p2a: Gothitelle|Psychic|p1b: Flutter Mane\n|-damage|p1b: Flutter Mane|0 fnt\n|faint|p1b: Flutter Mane\n|-end|p1b: Flutter Mane|Protosynthesis|[silent]\n|\n|-weather|Sandstorm|[upkeep]\n|-damage|p1a: Palafin|36\/100|[from] Sandstorm\n|-damage|p2a: Gothitelle|9\/100|[from] Sandstorm\n|upkeep\n|inactive|BibarelGaming has 30 seconds left.\n|\n|t:|1682818312\n|switch|p1b: Chien-Pao|Chien-Pao, L50|100\/100\n|switch|p2b: Annihilape|Annihilape, L50, F|100\/100\n|-ability|p1b: Chien-Pao|Sword of Ruin\n|turn|3\n|inactive|Bertoldttaining has 30 seconds left.\n|inactive|BibarelGaming has 30 seconds left.\n|\n|t:|1682818358\n|switch|p2a: Maushold|Maushold-Four, L50|100\/100\n|move|p1b: Chien-Pao|Sucker Punch|p2b: Annihilape\n|-damage|p2b: Annihilape|66\/100\n|move|p1a: Palafin|Jet Punch|p2a: Maushold\n|-damage|p2a: Maushold|66\/100\n|move|p2b: Annihilape|Drain Punch|p1b: Chien-Pao\n|-supereffective|p1b: Chien-Pao\n|-crit|p1b: Chien-Pao\n|-enditem|p1b: Chien-Pao|Focus Sash\n|-damage|p1b: Chien-Pao|1\/100\n|-heal|p2b: Annihilape|100\/100|[from] drain|[of] p1b: Chien-Pao\n|\n|-weather|Sandstorm|[upkeep]\n|-damage|p1b: Chien-Pao|0 fnt|[from] Sandstorm\n|-damage|p1a: Palafin|30\/100|[from] Sandstorm\n|-damage|p2b: Annihilape|95\/100|[from] Sandstorm\n|faint|p1b: Chien-Pao\n|-heal|p2b: Annihilape|100\/100|[from] item: Leftovers\n|upkeep\n|\n|t:|1682818368\n|switch|p1b: Amoonguss|Amoonguss, L50, M|100\/100\n|turn|4\n|inactive|BibarelGaming has 30 seconds left.\n|\n|t:|1682818399\n|move|p2a: Maushold|Follow Me|p2a: Maushold\n|-singleturn|p2a: Maushold|move: Follow Me\n|move|p1a: Palafin|Wave Crash|p2a: Maushold\n|-damage|p2a: Maushold|15\/100\n|-damage|p1a: Palafin|16\/100|[from] Recoil\n|move|p2b: Annihilape|Rage Fist|p1a: Palafin\n|-damage|p1a: Palafin|0 fnt\n|faint|p1a: Palafin\n|move|p1b: Amoonguss|Pollen Puff|p2a: Maushold\n|-damage|p2a: Maushold|0 fnt\n|faint|p2a: Maushold\n|\n|-weather|Sandstorm|[upkeep]\n|-damage|p2b: Annihilape|95\/100|[from] Sandstorm\n|-damage|p1b: Amoonguss|95\/100|[from] Sandstorm\n|-heal|p2b: Annihilape|100\/100|[from] item: Leftovers\n|upkeep\n|\n|t:|1682818419\n|switch|p2a: Gothitelle|Gothitelle, L50, M|9\/100\n|turn|5\n|-message|Bertoldttaining forfeited.\n|\n|win|BibarelGaming\n|raw|Bertoldttaining's rating: 1303 → 1284<\/strong> (-19 for losing)\n|raw|BibarelGaming's rating: 1316 → 1335<\/strong> (+19 for winning)\n|l|\u2606Bertoldttaining\n","uploadtime":1682818458,"views":11,"p1id":"bertoldttaining","p2id":"bibarelgaming","formatid":"gen9vgc2023regulationc","rating":1284,"private":0,"password":""}