{"id":"gen9vgc2023regulationc-1862032046","p1":"PurpleStyle","p2":"jayballester","format":"[Gen 9] VGC 2023 Regulation C","log":"|j|\u2606PurpleStyle\n|j|\u2606jayballester\n|t:|1683830453\n|gametype|doubles\n|player|p1|PurpleStyle|pokefan|\n|player|p2|jayballester|riley|\n|teamsize|p1|6\n|teamsize|p2|6\n|gen|9\n|tier|[Gen 9] VGC 2023 Regulation C\n|rule|Species Clause: Limit one of each Pok\u00e9mon\n|rule|Item Clause: Limit one of each item\n|clearpoke\n|poke|p1|Hydreigon, L50, F|\n|poke|p1|Tauros-Paldea-Combat, L50, M|\n|poke|p1|Flutter Mane, L50|\n|poke|p1|Indeedee, L50, M|\n|poke|p1|Drifblim, L50, M|\n|poke|p1|Azumarill, L50, F|\n|poke|p2|Dragalge, L50, F|\n|poke|p2|Hatterene, L50, F|\n|poke|p2|Ting-Lu, L50|\n|poke|p2|Palafin, L50, M|\n|poke|p2|Staraptor, L50, F|\n|poke|p2|Corviknight, L50, F|\n|teampreview|4\n|c|\u2606jayballester|g2\nPurpleStyle rejected open team sheets.\n|c|\u2606PurpleStyle|glhf\n|c|\u2606jayballester|u2\n|\n|t:|1683830895\n|start\n|switch|p1a: Indeedee|Indeedee, L50, M|100\/100\n|switch|p1b: Drifblim|Drifblim, L50, M|100\/100\n|switch|p2a: Hatterene|Hatterene, L50, F|100\/100\n|switch|p2b: Staraptor|Staraptor, L50, F|100\/100\n|-fieldstart|move: Psychic Terrain|[from] ability: Psychic Surge|[of] p1a: Indeedee\n|-enditem|p1b: Drifblim|Psychic Seed\n|-boost|p1b: Drifblim|spd|1|[from] item: Psychic Seed\n|turn|1\n|\n|t:|1683830980\n|move|p1a: Indeedee|Protect|p1a: Indeedee\n|-singleturn|p1a: Indeedee|Protect\n|move|p2b: Staraptor|Brave Bird|p1a: Indeedee\n|-activate|p1a: Indeedee|move: Protect\n|move|p1b: Drifblim|Will-O-Wisp|p2b: Staraptor\n|-status|p2b: Staraptor|brn\n|move|p2a: Hatterene|Trick Room|p2a: Hatterene\n|-fieldstart|move: Trick Room|[of] p2a: Hatterene\n|\n|-damage|p2b: Staraptor|95\/100 brn|[from] brn\n|upkeep\n|turn|2\n|\n|t:|1683831003\n|switch|p2b: Ting-Lu|Ting-Lu, L50|100\/100\n|-ability|p2b: Ting-Lu|Vessel of Ruin\n|move|p2a: Hatterene|Dazzling Gleam|p1a: Indeedee|[spread] p1a,p1b\n|-damage|p1a: Indeedee|74\/100\n|-damage|p1b: Drifblim|84\/100\n|move|p1a: Indeedee|Hyper Voice|p2a: Hatterene|[spread] p2a,p2b\n|-damage|p2a: Hatterene|80\/100\n|-damage|p2b: Ting-Lu|90\/100\n|-enditem|p1a: Indeedee|Throat Spray\n|-boost|p1a: Indeedee|spa|1|[from] item: Throat Spray\n|move|p1b: Drifblim|Trick Room|p1b: Drifblim\n|-fieldend|move: Trick Room\n|\n|upkeep\n|turn|3\n|\n|t:|1683831028\n|move|p1b: Drifblim|Will-O-Wisp|p2b: Ting-Lu\n|-status|p2b: Ting-Lu|brn\n|move|p1a: Indeedee|Encore|p2a: Hatterene\n|move|p2a: Hatterene|Encore||[from]ability: Magic Bounce|[still]\n|-fail|p2a: Hatterene\n|move|p2a: Hatterene|Life Dew|p2a: Hatterene|[spread] p2a,p2b\n|-heal|p2a: Hatterene|100\/100\n|-heal|p2b: Ting-Lu|100\/100 brn\n|move|p2b: Ting-Lu|Snarl|p1b: Drifblim|[spread] p1a,p1b\n|-supereffective|p1a: Indeedee\n|-supereffective|p1b: Drifblim\n|-damage|p1a: Indeedee|50\/100\n|-damage|p1b: Drifblim|70\/100\n|-unboost|p1a: Indeedee|spa|1\n|-unboost|p1b: Drifblim|spa|1\n|\n|-damage|p2b: Ting-Lu|94\/100 brn|[from] brn\n|upkeep\n|turn|4\n|\n|t:|1683831052\n|switch|p1a: Azumarill|Azumarill, L50, F|100\/100\n|move|p1b: Drifblim|Acrobatics|p2a: Hatterene\n|-damage|p2a: Hatterene|54\/100\n|move|p2b: Ting-Lu|Snarl|p1a: Azumarill|[spread] p1a,p1b\n|-resisted|p1a: Azumarill\n|-supereffective|p1b: Drifblim\n|-damage|p1a: Azumarill|98\/100\n|-damage|p1b: Drifblim|54\/100\n|-unboost|p1a: Azumarill|spa|1\n|-unboost|p1b: Drifblim|spa|1\n|move|p2a: Hatterene|Trick Room|p2a: Hatterene\n|-fieldstart|move: Trick Room|[of] p2a: Hatterene\n|\n|-damage|p2b: Ting-Lu|88\/100 brn|[from] brn\n|upkeep\n|turn|5\n|\n|t:|1683831073\n|-terastallize|p2b: Ting-Lu|Fairy\n|move|p2a: Hatterene|Life Dew|p2a: Hatterene|[spread] p2a,p2b\n|-heal|p2a: Hatterene|79\/100\n|-heal|p2b: Ting-Lu|100\/100 brn\n|move|p2b: Ting-Lu|Ruination|p1a: Azumarill\n|-damage|p1a: Azumarill|49\/100\n|move|p1a: Azumarill|Liquidation|p2a: Hatterene\n|-damage|p2a: Hatterene|22\/100\n|-enditem|p2a: Hatterene|Sitrus Berry|[eat]\n|-heal|p2a: Hatterene|47\/100|[from] item: Sitrus Berry\n|move|p1b: Drifblim|Trick Room|p1b: Drifblim\n|-fieldend|move: Trick Room\n|\n|-damage|p2b: Ting-Lu|94\/100 brn|[from] brn\n|-fieldend|move: Psychic Terrain\n|upkeep\n|turn|6\n|\n|t:|1683831107\n|move|p2a: Hatterene|Protect|p2a: Hatterene\n|-singleturn|p2a: Hatterene|Protect\n|move|p1b: Drifblim|Acrobatics|p2b: Ting-Lu\n|-damage|p2b: Ting-Lu|70\/100 brn\n|move|p1a: Azumarill|Liquidation|p2a: Hatterene\n|-activate|p2a: Hatterene|move: Protect\n|move|p2b: Ting-Lu|Ruination|p1a: Azumarill\n|-damage|p1a: Azumarill|25\/100\n|\n|-damage|p2b: Ting-Lu|64\/100 brn|[from] brn\n|upkeep\n|turn|7\n|\n|t:|1683831135\n|move|p2a: Hatterene|Protect||[still]\n|-fail|p2a: Hatterene\n|move|p1b: Drifblim|Acrobatics|p2b: Ting-Lu\n|-damage|p2b: Ting-Lu|39\/100 brn\n|move|p1a: Azumarill|Liquidation|p2a: Hatterene\n|-damage|p2a: Hatterene|0 fnt\n|faint|p2a: Hatterene\n|move|p2b: Ting-Lu|Heavy Slam|p1a: Azumarill\n|-damage|p1a: Azumarill|9\/100\n|\n|-damage|p2b: Ting-Lu|33\/100 brn|[from] brn\n|upkeep\n|\n|t:|1683831147\n|switch|p2a: Staraptor|Staraptor, L50, F|95\/100 brn\n|turn|8\n|\n|t:|1683831186\n|move|p1a: Azumarill|Aqua Jet|p2b: Ting-Lu\n|-damage|p2b: Ting-Lu|18\/100 brn\n|move|p2a: Staraptor|Brave Bird|p1a: Azumarill\n|-damage|p1a: Azumarill|0 fnt\n|faint|p1a: Azumarill\n|-damage|p2a: Staraptor|91\/100 brn|[from] Recoil\n|move|p1b: Drifblim|Acrobatics|p2b: Ting-Lu\n|-damage|p2b: Ting-Lu|0 fnt\n|faint|p2b: Ting-Lu\n|\n|-damage|p2a: Staraptor|86\/100 brn|[from] brn\n|upkeep\n|\n|t:|1683831208\n|switch|p1a: Indeedee|Indeedee, L50, M|50\/100\n|switch|p2b: Dragalge|Dragalge, L50, F|100\/100\n|-fieldstart|move: Psychic Terrain|[from] ability: Psychic Surge|[of] p1a: Indeedee\n|turn|9\n|\n|t:|1683831234\n|move|p1a: Indeedee|Protect|p1a: Indeedee\n|-singleturn|p1a: Indeedee|Protect\n|move|p2a: Staraptor|Brave Bird|p1a: Indeedee\n|-activate|p1a: Indeedee|move: Protect\n|move|p1b: Drifblim|Acrobatics|p2a: Staraptor\n|-damage|p2a: Staraptor|29\/100 brn\n|move|p2b: Dragalge|Shadow Ball|p1b: Drifblim\n|-supereffective|p1b: Drifblim\n|-damage|p1b: Drifblim|0 fnt\n|faint|p1b: Drifblim\n|-damage|p2b: Dragalge|91\/100|[from] item: Life Orb\n|\n|-damage|p2a: Staraptor|23\/100 brn|[from] brn\n|upkeep\n|\n|t:|1683831247\n|switch|p1b: Flutter Mane|Flutter Mane, L50|100\/100\n|turn|10\n|\n|t:|1683831270\n|-terastallize|p1b: Flutter Mane|Electric\n|move|p2b: Dragalge|Protect|p2b: Dragalge\n|-singleturn|p2b: Dragalge|Protect\n|move|p2a: Staraptor|Brave Bird|p1a: Indeedee\n|-damage|p1a: Indeedee|0 fnt\n|faint|p1a: Indeedee\n|-damage|p2a: Staraptor|8\/100 brn|[from] Recoil\n|move|p1b: Flutter Mane|Moonblast|p2b: Dragalge\n|-activate|p2b: Dragalge|move: Protect\n|\n|-damage|p2a: Staraptor|3\/100 brn|[from] brn\n|upkeep\n|turn|11\n|\n|t:|1683831347\n|move|p1b: Flutter Mane|Protect|p1b: Flutter Mane\n|-singleturn|p1b: Flutter Mane|Protect\n|move|p2a: Staraptor|Brave Bird|p1b: Flutter Mane\n|-activate|p1b: Flutter Mane|move: Protect\n|move|p2b: Dragalge|Draco Meteor|p1b: Flutter Mane\n|-activate|p1b: Flutter Mane|move: Protect\n|\n|-damage|p2a: Staraptor|0 fnt|[from] brn\n|faint|p2a: Staraptor\n|upkeep\n|turn|12\n|\n|t:|1683831358\n|move|p1b: Flutter Mane|Moonblast|p2b: Dragalge\n|-damage|p2b: Dragalge|40\/100\n|-unboost|p2b: Dragalge|spa|1\n|move|p2b: Dragalge|Draco Meteor|p1b: Flutter Mane\n|-damage|p1b: Flutter Mane|19\/100\n|-unboost|p2b: Dragalge|spa|2\n|-damage|p2b: Dragalge|30\/100|[from] item: Life Orb\n|\n|upkeep\n|turn|13\n|c|\u2606jayballester|were you sash?\n|\n|t:|1683831380\n|move|p1b: Flutter Mane|Moonblast|p2b: Dragalge\n|-damage|p2b: Dragalge|0 fnt\n|faint|p2b: Dragalge\n|\n|win|PurpleStyle\n|c|\u2606jayballester|gg\n|c|\u2606PurpleStyle|yeah\n|c|\u2606PurpleStyle|I was\n|c|\u2606PurpleStyle|ggwp\n|c|\u2606jayballester|thank god\n|c|\u2606PurpleStyle|yeah it would suck if it came down to RNG\n|c|\u2606PurpleStyle|I mean pokemon always does kinda\n|c|\u2606jayballester|ye\n|c|\u2606PurpleStyle|but that drop would have felt worse\n|c|\u2606jayballester|welp gg\n|c|\u2606PurpleStyle|ggs\n|l|\u2606jayballester\n","uploadtime":1683831495,"views":29,"p1id":"purplestyle","p2id":"jayballester","formatid":"gen9vgc2023regulationc","rating":0,"private":0,"password":""}