{"id":"gen9vgc2023regulationc-1863984362","p1":"marioman6444","p2":"lplplplllplp","format":"[Gen 9] VGC 2023 Regulation C","log":"|j|\u2606marioman6444\n|j|\u2606lplplplllplp\n|t:|1684101327\n|gametype|doubles\n|player|p1|marioman6444|hoopster|1153\n|player|p2|lplplplllplp|169|1076\n|teamsize|p1|6\n|teamsize|p2|6\n|gen|9\n|tier|[Gen 9] VGC 2023 Regulation C\n|rated|\n|rule|Species Clause: Limit one of each Pok\u00e9mon\n|rule|Item Clause: Limit one of each item\n|clearpoke\n|poke|p1|Kingambit, L50, F|\n|poke|p1|Volcarona, L50, M|\n|poke|p1|Maushold, L50|\n|poke|p1|Iron Bundle, L50|\n|poke|p1|Chien-Pao, L50|\n|poke|p1|Ting-Lu, L50|\n|poke|p2|Hatterene, L50, F|\n|poke|p2|Armarouge, L50, M|\n|poke|p2|Flutter Mane, L50|\n|poke|p2|Annihilape, L50, F|\n|poke|p2|Grafaiai, L50, F|\n|poke|p2|Meowscarada, L50, M|\n|teampreview|4\n|inactive|Battle timer is ON: inactive players will automatically lose when time's up. (requested by marioman6444)\n|\n|t:|1684101345\n|start\n|switch|p1a: Big-Lu|Ting-Lu, L50|100\/100\n|switch|p1b: THE RATS|Maushold, L50, shiny|100\/100\n|switch|p2a: Grafaiai|Grafaiai, L50, F|100\/100\n|switch|p2b: Annihilape|Annihilape, L50, F|100\/100\n|-ability|p1a: Big-Lu|Vessel of Ruin\n|turn|1\n|inactive|marioman6444 has 30 seconds left.\n|\n|t:|1684101372\n|move|p2a: Grafaiai|Swagger|p1a: Big-Lu\n|-hint|Since gen 7, Dark is immune to Prankster moves.\n|-immune|p1a: Big-Lu\n|move|p1b: THE RATS|Taunt|p2a: Grafaiai\n|-start|p2a: Grafaiai|move: Taunt\n|move|p2b: Annihilape|Drain Punch|p1b: THE RATS\n|-supereffective|p1b: THE RATS\n|-damage|p1b: THE RATS|31\/100\n|move|p1a: Big-Lu|Stomping Tantrum|p2a: Grafaiai\n|-supereffective|p2a: Grafaiai\n|-damage|p2a: Grafaiai|22\/100\n|\n|upkeep\n|turn|2\n|\n|t:|1684101397\n|move|p1b: THE RATS|Protect|p1b: THE RATS\n|-singleturn|p1b: THE RATS|Protect\n|move|p2a: Grafaiai|Knock Off|p1a: Big-Lu\n|-resisted|p1a: Big-Lu\n|-damage|p1a: Big-Lu|97\/100\n|-enditem|p1a: Big-Lu|Weakness Policy|[from] move: Knock Off|[of] p2a: Grafaiai\n|move|p2b: Annihilape|Bulk Up|p2b: Annihilape\n|-boost|p2b: Annihilape|atk|1\n|-boost|p2b: Annihilape|def|1\n|move|p1a: Big-Lu|Stone Edge|p2a: Grafaiai\n|-crit|p2a: Grafaiai\n|-damage|p2a: Grafaiai|0 fnt\n|faint|p2a: Grafaiai\n|\n|upkeep\n|\n|t:|1684101410\n|switch|p2a: Flutter Mane|Flutter Mane, L50|100\/100\n|-enditem|p2a: Flutter Mane|Booster Energy\n|-activate|p2a: Flutter Mane|ability: Protosynthesis|[fromitem]\n|-start|p2a: Flutter Mane|protosynthesisspe\n|turn|3\n|\n|t:|1684101426\n|move|p2a: Flutter Mane|Dazzling Gleam|p1a: Big-Lu|[spread] p1a,p1b\n|-supereffective|p1a: Big-Lu\n|-damage|p1a: Big-Lu|73\/100\n|-damage|p1b: THE RATS|5\/100\n|move|p1b: THE RATS|Taunt|p2b: Annihilape\n|-start|p2b: Annihilape|move: Taunt\n|move|p2b: Annihilape|Drain Punch|p1a: Big-Lu\n|-supereffective|p1a: Big-Lu\n|-damage|p1a: Big-Lu|38\/100\n|move|p1a: Big-Lu|Heavy Slam|p2a: Flutter Mane\n|-supereffective|p2a: Flutter Mane\n|-damage|p2a: Flutter Mane|0 fnt\n|faint|p2a: Flutter Mane\n|-end|p2a: Flutter Mane|Protosynthesis|[silent]\n|\n|upkeep\n|\n|t:|1684101438\n|switch|p2a: Meowscarada|Meowscarada, L50, M|100\/100\n|turn|4\n|inactive|marioman6444 has 30 seconds left.\n|\n|t:|1684101464\n|move|p1b: THE RATS|Protect|p1b: THE RATS\n|-singleturn|p1b: THE RATS|Protect\n|move|p2a: Meowscarada|Flower Trick|p1a: Big-Lu\n|-supereffective|p1a: Big-Lu\n|-crit|p1a: Big-Lu\n|-damage|p1a: Big-Lu|3\/100\n|move|p2b: Annihilape|Drain Punch|p1b: THE RATS\n|-activate|p1b: THE RATS|move: Protect\n|move|p1a: Big-Lu|Ruination|p2b: Annihilape\n|-damage|p2b: Annihilape|50\/100\n|\n|upkeep\n|turn|5\n|\n|t:|1684101489\n|move|p2a: Meowscarada|Flower Trick|p1b: THE RATS\n|-crit|p1b: THE RATS\n|-damage|p1b: THE RATS|0 fnt\n|faint|p1b: THE RATS\n|move|p2b: Annihilape|Drain Punch|p1a: Big-Lu\n|-supereffective|p1a: Big-Lu\n|-damage|p1a: Big-Lu|0 fnt\n|-heal|p2b: Annihilape|53\/100|[from] drain|[of] p1a: Big-Lu\n|faint|p1a: Big-Lu\n|\n|-end|p2b: Annihilape|move: Taunt\n|upkeep\n|\n|t:|1684101492\n|switch|p1b: Chien-Pao|Chien-Pao, L50|100\/100\n|switch|p1a: KingOfQueens|Kingambit, L50, F, shiny|100\/100\n|-ability|p1b: Chien-Pao|Sword of Ruin\n|turn|6\n|\n|t:|1684101516\n|-terastallize|p2b: Annihilape|Fire\n|-terastallize|p1a: KingOfQueens|Flying\n|move|p2a: Meowscarada|Flower Trick|p1b: Chien-Pao\n|-crit|p1b: Chien-Pao\n|-damage|p1b: Chien-Pao|38\/100\n|move|p1b: Chien-Pao|Haze|p1b: Chien-Pao\n|-clearallboost\n|move|p2b: Annihilape|Fire Punch|p1a: KingOfQueens\n|-damage|p1a: KingOfQueens|69\/100\n|move|p1a: KingOfQueens|Tera Blast|p2b: Annihilape\n|-crit|p2b: Annihilape\n|-damage|p2b: Annihilape|0 fnt\n|faint|p2b: Annihilape\n|\n|upkeep\n|turn|7\n|\n|t:|1684101539\n|move|p2a: Meowscarada|Flower Trick|p1b: Chien-Pao\n|-crit|p1b: Chien-Pao\n|-damage|p1b: Chien-Pao|0 fnt\n|faint|p1b: Chien-Pao\n|move|p1a: KingOfQueens|Tera Blast|p2a: Meowscarada\n|-supereffective|p2a: Meowscarada\n|-damage|p2a: Meowscarada|0 fnt\n|faint|p2a: Meowscarada\n|\n|win|marioman6444\n|raw|marioman6444's rating: 1153 → 1173<\/strong> (+20 for winning)\n|raw|lplplplllplp's rating: 1076 → 1059<\/strong> (-17 for losing)\n|l|\u2606lplplplllplp\n|c|\u2606marioman6444|Gg!\n","uploadtime":1684101553,"views":5,"p1id":"marioman6444","p2id":"lplplplllplp","formatid":"gen9vgc2023regulationc","rating":1059,"private":0,"password":""}