{"id":"gen9vgc2023regulationc-1855131895","p1":"Chossy3D","p2":"Clicky-Clacky","format":"[Gen 9] VGC 2023 Regulation C","log":"|j|\u2606Chossy3D\n|j|\u2606Clicky-Clacky\n|t:|1682905148\n|gametype|doubles\n|player|p1|Chossy3D|veteran|1051\n|player|p2|Clicky-Clacky|170|1073\n|teamsize|p1|6\n|teamsize|p2|6\n|gen|9\n|tier|[Gen 9] VGC 2023 Regulation C\n|rated|\n|rule|Species Clause: Limit one of each Pok\u00e9mon\n|rule|Item Clause: Limit one of each item\n|clearpoke\n|poke|p1|Tatsugiri, L50, F|\n|poke|p1|Slowbro, L50, F|\n|poke|p1|Bronzong, L50|\n|poke|p1|Lycanroc-Midnight, L50, F|\n|poke|p1|Dondozo, L50, F|\n|poke|p1|Grimmsnarl, L50, M|\n|poke|p2|Torkoal, L50, F|\n|poke|p2|Jumpluff, L50, F|\n|poke|p2|Flutter Mane, L50|\n|poke|p2|Great Tusk, L50|\n|poke|p2|Chi-Yu, L50|\n|poke|p2|Chien-Pao, L50|\n|teampreview|4\n|inactive|Battle timer is ON: inactive players will automatically lose when time's up. (requested by Chossy3D)\n|\n|t:|1682905189\n|start\n|switch|p1a: Grimmsnarl|Grimmsnarl, L50, M|100\/100\n|switch|p1b: Slowbro|Slowbro, L50, F|100\/100\n|switch|p2a: Jumpluff|Jumpluff, L50, F|100\/100\n|switch|p2b: Torkoal|Torkoal, L50, F|100\/100\n|-weather|SunnyDay|[from] ability: Drought|[of] p2b: Torkoal\n|turn|1\n|\n|t:|1682905205\n|move|p1b: Slowbro|Protect|p1b: Slowbro\n|-singleturn|p1b: Slowbro|Protect\n|move|p1a: Grimmsnarl|Light Screen|p1a: Grimmsnarl\n|-sidestart|p1: Chossy3D|move: Light Screen\n|move|p2a: Jumpluff|Sleep Powder|p1a: Grimmsnarl\n|-status|p1a: Grimmsnarl|slp|[from] move: Sleep Powder\n|move|p2b: Torkoal|Yawn|p1b: Slowbro\n|-activate|p1b: Slowbro|move: Protect\n|\n|-weather|SunnyDay|[upkeep]\n|upkeep\n|turn|2\n|\n|t:|1682905221\n|switch|p1a: Lycanroc|Lycanroc-Midnight, L50, F|100\/100\n|switch|p2b: Chi-Yu|Chi-Yu, L50|100\/100\n|-ability|p2b: Chi-Yu|Beads of Ruin\n|move|p2a: Jumpluff|Sleep Powder|p1b: Slowbro\n|-activate|p1b: Slowbro|item: Safety Goggles|Sleep Powder\n|move|p1b: Slowbro|Skill Swap|p1a: Lycanroc\n|-activate|p1b: Slowbro|move: Skill Swap|||[of] p1a: Lycanroc\n|\n|-weather|SunnyDay|[upkeep]\n|upkeep\n|turn|3\n|inactive|Chossy3D has 30 seconds left.\n|\n|t:|1682905251\n|-terastallize|p1b: Slowbro|Normal\n|move|p2b: Chi-Yu|Protect|p2b: Chi-Yu\n|-singleturn|p2b: Chi-Yu|Protect\n|move|p2a: Jumpluff|Sleep Powder|p1a: Lycanroc\n|-status|p1a: Lycanroc|slp|[from] move: Sleep Powder\n|cant|p1a: Lycanroc|slp\n|move|p1b: Slowbro|Trick Room|p1b: Slowbro\n|-fieldstart|move: Trick Room|[of] p1b: Slowbro\n|\n|-weather|SunnyDay|[upkeep]\n|upkeep\n|turn|4\n|inactive|Clicky-Clacky has 30 seconds left.\n|\n|t:|1682905279\n|switch|p1a: Dondozo|Dondozo, L50, F|100\/100\n|switch|p2a: Flutter Mane|Flutter Mane, L50|100\/100\n|-activate|p2a: Flutter Mane|ability: Protosynthesis\n|-start|p2a: Flutter Mane|protosynthesisspe\n|move|p1b: Slowbro|Skill Swap|p1a: Dondozo\n|-activate|p1b: Slowbro|move: Skill Swap|||[of] p1a: Dondozo\n|move|p2b: Chi-Yu|Heat Wave|p1b: Slowbro|[spread] p1a,p1b\n|-resisted|p1a: Dondozo\n|-damage|p1a: Dondozo|75\/100\n|-damage|p1b: Slowbro|49\/100\n|-damage|p2b: Chi-Yu|90\/100|[from] item: Life Orb\n|\n|-weather|SunnyDay|[upkeep]\n|upkeep\n|turn|5\n|\n|t:|1682905296\n|move|p1b: Slowbro|Heal Pulse|p1a: Dondozo\n|-heal|p1a: Dondozo|100\/100\n|move|p1a: Dondozo|Fissure|p2a: Flutter Mane|[miss]\n|-miss|p1a: Dondozo|p2a: Flutter Mane\n|move|p2b: Chi-Yu|Heat Wave|p1b: Slowbro|[spread] p1a,p1b\n|-resisted|p1a: Dondozo\n|-damage|p1a: Dondozo|74\/100\n|-damage|p1b: Slowbro|0 fnt\n|faint|p1b: Slowbro\n|-damage|p2b: Chi-Yu|80\/100|[from] item: Life Orb\n|move|p2a: Flutter Mane|Dazzling Gleam|p1a: Dondozo\n|-damage|p1a: Dondozo|27\/100\n|\n|-weather|none\n|-end|p2a: Flutter Mane|Protosynthesis\n|upkeep\n|-message|Chossy3D forfeited.\n|\n|win|Clicky-Clacky\n|raw|Chossy3D's rating: 1051 → 1034<\/strong> (-17 for losing)\n|raw|Clicky-Clacky's rating: 1073 → 1100<\/strong> (+27 for winning)\n|l|\u2606Chossy3D\n","uploadtime":1682905412,"views":13,"p1id":"chossy3d","p2id":"clickyclacky","formatid":"gen9vgc2023regulationc","rating":1034,"private":0,"password":""}