{"id":"gen9vgc2023regulationc-1855015770","p1":"dolphinsfan254","p2":"destrucktoo","format":"[Gen 9] VGC 2023 Regulation C","log":"|j|\u2606dolphinsfan254\n|j|\u2606destrucktoo\n|t:|1682891223\n|gametype|doubles\n|player|p1|dolphinsfan254|medium|\n|player|p2|destrucktoo|pokekid|\n|teamsize|p1|6\n|teamsize|p2|6\n|gen|9\n|tier|[Gen 9] VGC 2023 Regulation C\n|rule|Species Clause: Limit one of each Pok\u00e9mon\n|rule|Item Clause: Limit one of each item\n|clearpoke\n|poke|p1|Iron Treads, L50|\n|poke|p1|Armarouge, L50, F|\n|poke|p1|Palafin, L50, F|\n|poke|p1|Salamence, L50, F|\n|poke|p1|Dachsbun, L50, M|\n|poke|p1|Indeedee, L50, M|\n|poke|p2|Abomasnow, L50, F|\n|poke|p2|Cetitan, L50, M|\n|poke|p2|Iron Hands, L50|\n|poke|p2|Flamigo, L50, F|\n|poke|p2|Arcanine, L50, M|\n|poke|p2|Hippowdon, L50, M|\n|teampreview|4\ndestrucktoo rejected open team sheets.\n|c|\u2606dolphinsfan254|game 2\n|j| smelio\n|\n|t:|1682891278\n|start\n|switch|p1a: SEA 28-22|Palafin, L50, F|100\/100\n|switch|p1b: SF 13-10|Armarouge, L50, F|100\/100\n|switch|p2a: Discount 2x Check|Iron Hands, L50|100\/100\n|switch|p2b: A A Ron|Arcanine, L50, M|100\/100\n|-ability|p2b: A A Ron|Intimidate|boost\n|-unboost|p1a: SEA 28-22|atk|1\n|-unboost|p1b: SF 13-10|atk|1\n|-enditem|p2a: Discount 2x Check|Booster Energy\n|-activate|p2a: Discount 2x Check|ability: Quark Drive|[fromitem]\n|-start|p2a: Discount 2x Check|quarkdriveatk\n|turn|1\n|\n|t:|1682891336\n|detailschange|p1a: SEA 28-22|Palafin-Hero, L50, F\n|switch|p1a: TB 31-26|Dachsbun, L50, M|100\/100\n|-terastallize|p2a: Discount 2x Check|Steel\n|move|p2b: A A Ron|Extreme Speed|p1a: TB 31-26\n|-damage|p1a: TB 31-26|79\/100\n|move|p1b: SF 13-10|Lava Plume|p2a: Discount 2x Check|[spread] p2a,p2b\n|-ability|p1a: TB 31-26|Well-Baked Body|boost\n|-boost|p1a: TB 31-26|def|2\n|-supereffective|p2a: Discount 2x Check\n|-resisted|p2b: A A Ron\n|-damage|p2a: Discount 2x Check|50\/100\n|-damage|p2b: A A Ron|84\/100\n|move|p2a: Discount 2x Check|Tera Blast|p1a: TB 31-26\n|-supereffective|p1a: TB 31-26\n|-damage|p1a: TB 31-26|15\/100\n|\n|-heal|p1a: TB 31-26|21\/100|[from] item: Leftovers\n|upkeep\n|turn|2\n|\n|t:|1682891374\n|-end|p2a: Discount 2x Check|Quark Drive|[silent]\n|switch|p2a: Number 12|Abomasnow, L50, F|100\/100\n|-weather|Snow|[from] ability: Snow Warning|[of] p2a: Number 12\n|move|p1a: TB 31-26|Protect|p1a: TB 31-26\n|-singleturn|p1a: TB 31-26|Protect\n|move|p2b: A A Ron|Extreme Speed|p1a: TB 31-26\n|-activate|p1a: TB 31-26|move: Protect\n|move|p1b: SF 13-10|Lava Plume|p2a: Number 12|[spread] p2a,p2b\n|-activate|p1a: TB 31-26|move: Protect\n|-supereffective|p2a: Number 12\n|-resisted|p2b: A A Ron\n|-damage|p2a: Number 12|0 fnt\n|-damage|p2b: A A Ron|66\/100\n|faint|p2a: Number 12\n|\n|-weather|Snow|[upkeep]\n|-heal|p1a: TB 31-26|27\/100|[from] item: Leftovers\n|upkeep\n|\n|t:|1682891390\n|switch|p2a: Remember Rodgers|Cetitan, L50, M|100\/100\n|turn|3\n|\n|t:|1682891419\n|move|p2b: A A Ron|Extreme Speed|p1a: TB 31-26\n|-damage|p1a: TB 31-26|16\/100\n|move|p1a: TB 31-26|Baby-Doll Eyes|p2a: Remember Rodgers\n|-unboost|p2a: Remember Rodgers|atk|1\n|move|p1b: SF 13-10|Lava Plume|p2b: A A Ron|[spread] p2a,p2b\n|-ability|p1a: TB 31-26|Well-Baked Body|boost\n|-boost|p1a: TB 31-26|def|2\n|-supereffective|p2a: Remember Rodgers\n|-resisted|p2b: A A Ron\n|-damage|p2a: Remember Rodgers|64\/100\n|-damage|p2b: A A Ron|50\/100\n|-enditem|p2a: Remember Rodgers|Weakness Policy\n|-boost|p2a: Remember Rodgers|atk|2|[from] item: Weakness Policy\n|-boost|p2a: Remember Rodgers|spa|2|[from] item: Weakness Policy\n|move|p2a: Remember Rodgers|Ice Spinner|p1a: TB 31-26\n|-damage|p1a: TB 31-26|0 fnt\n|faint|p1a: TB 31-26\n|\n|-weather|Snow|[upkeep]\n|upkeep\n|\n|t:|1682891443\n|switch|p1a: ATL 44-21|Salamence, L50, F|100\/100\n|-ability|p1a: ATL 44-21|Intimidate|boost\n|-unboost|p2a: Remember Rodgers|atk|1\n|-unboost|p2b: A A Ron|atk|1\n|turn|4\n|\n|t:|1682891478\n|switch|p2b: Discount 2x Check|Iron Hands, L50, tera:Steel|50\/100\n|move|p1a: ATL 44-21|Protect|p1a: ATL 44-21\n|-singleturn|p1a: ATL 44-21|Protect\n|move|p1b: SF 13-10|Lava Plume|p2b: Discount 2x Check|[spread] p2a,p2b\n|-activate|p1a: ATL 44-21|move: Protect\n|-supereffective|p2a: Remember Rodgers\n|-supereffective|p2b: Discount 2x Check\n|-damage|p2a: Remember Rodgers|23\/100\n|-damage|p2b: Discount 2x Check|0 fnt\n|-status|p2a: Remember Rodgers|brn\n|faint|p2b: Discount 2x Check\n|-end|p2b: Discount 2x Check|Quark Drive|[silent]\n|move|p2a: Remember Rodgers|Ice Spinner|p1a: ATL 44-21\n|-activate|p1a: ATL 44-21|move: Protect\n|\n|-weather|Snow|[upkeep]\n|-damage|p2a: Remember Rodgers|17\/100 brn|[from] brn\n|upkeep\n|\n|t:|1682891508\n|switch|p2b: A A Ron|Arcanine, L50, M|50\/100\n|-ability|p2b: A A Ron|Intimidate|boost\n|-unboost|p1a: ATL 44-21|atk|1\n|-unboost|p1b: SF 13-10|atk|1\n|turn|5\n|\n|t:|1682891521\n|move|p2b: A A Ron|Extreme Speed|p1a: ATL 44-21\n|-damage|p1a: ATL 44-21|69\/100\n|move|p1b: SF 13-10|Lava Plume|p2a: Remember Rodgers|[spread] p1a,p2a,p2b\n|-resisted|p1a: ATL 44-21\n|-supereffective|p2a: Remember Rodgers\n|-resisted|p2b: A A Ron\n|-damage|p1a: ATL 44-21|49\/100\n|-damage|p2a: Remember Rodgers|0 fnt\n|-damage|p2b: A A Ron|33\/100\n|-status|p1a: ATL 44-21|brn\n|faint|p2a: Remember Rodgers\n|move|p1a: ATL 44-21|Air Slash|p2b: A A Ron\n|-damage|p2b: A A Ron|0 fnt\n|faint|p2b: A A Ron\n|-damage|p1a: ATL 44-21|39\/100 brn|[from] item: Life Orb\n|\n|win|dolphinsfan254\n|c|\u2606dolphinsfan254|gg\n|c|\u2606destrucktoo|gg\n","uploadtime":1682891538,"views":15,"p1id":"dolphinsfan254","p2id":"destrucktoo","formatid":"gen9vgc2023regulationc","rating":0,"private":0,"password":""}