{"id":"gen9vgc2023regulationc-1846515248","p1":"ChainsPkmn","p2":"uhoh I poopd","format":"[Gen 9] VGC 2023 Regulation C","log":"|j|\u2606ChainsPkmn\n|j|\u2606uhoh I poopd\n|t:|1681847482\n|gametype|doubles\n|player|p1|ChainsPkmn|marnie|1325\n|player|p2|uhoh I poopd|colress|1361\n|teamsize|p1|6\n|teamsize|p2|6\n|gen|9\n|tier|[Gen 9] VGC 2023 Regulation C\n|rated|\n|rule|Species Clause: Limit one of each Pok\u00e9mon\n|rule|Item Clause: Limit one of each item\n|clearpoke\n|poke|p1|Palafin, L50, F|\n|poke|p1|Flutter Mane, L50|\n|poke|p1|Arcanine, L50, F|\n|poke|p1|Amoonguss, L50, M|\n|poke|p1|Ting-Lu, L50|\n|poke|p1|Roaring Moon, L50|\n|poke|p2|Masquerain, L50, F|\n|poke|p2|Coalossal, L50, M|\n|poke|p2|Amoonguss, L50, F|\n|poke|p2|Arcanine, L50, M|\n|poke|p2|Palafin, L50, M|\n|poke|p2|Annihilape, L50, M|\n|teampreview|4\nChainsPkmn has agreed to open team sheets.\n|inactive|Battle timer is ON: inactive players will automatically lose when time's up. (requested by ChainsPkmn)\n|inactive|ChainsPkmn has 60 seconds left.\n|\n|t:|1681847530\n|start\n|switch|p1a: Flutter Mane|Flutter Mane, L50, shiny|100\/100\n|switch|p1b: Amoonguss|Amoonguss, L50, M, shiny|100\/100\n|switch|p2a: de Havilland|Masquerain, L50, F|100\/100\n|switch|p2b: Armavee|Coalossal, L50, M|100\/100\n|-ability|p2a: de Havilland|Intimidate|boost\n|-unboost|p1a: Flutter Mane|atk|1\n|-unboost|p1b: Amoonguss|atk|1\n|turn|1\n|\n|t:|1681847546\n|move|p1b: Amoonguss|Rage Powder|p1b: Amoonguss\n|-singleturn|p1b: Amoonguss|move: Rage Powder\n|move|p2a: de Havilland|Aqua Jet|p2b: Armavee\n|-supereffective|p2b: Armavee\n|-damage|p2b: Armavee|81\/100\n|-ability|p2b: Armavee|Steam Engine|boost\n|-boost|p2b: Armavee|spe|6\n|-enditem|p2b: Armavee|Weakness Policy\n|-boost|p2b: Armavee|atk|2|[from] item: Weakness Policy\n|-boost|p2b: Armavee|spa|2|[from] item: Weakness Policy\n|move|p2b: Armavee|Heat Wave|p1b: Amoonguss|[spread] p1a,p1b\n|-supereffective|p1b: Amoonguss\n|-damage|p1a: Flutter Mane|42\/100\n|-damage|p1b: Amoonguss|5\/100\n|-enditem|p1b: Amoonguss|Sitrus Berry|[eat]\n|-heal|p1b: Amoonguss|29\/100|[from] item: Sitrus Berry\n|move|p1a: Flutter Mane|Shadow Ball|p2b: Armavee\n|-damage|p2b: Armavee|16\/100\n|-unboost|p2b: Armavee|spd|1\n|\n|upkeep\n|turn|2\n|inactive|ChainsPkmn has 30 seconds left.\n|\n|t:|1681847576\n|switch|p1b: Ting-Lu|Ting-Lu, L50|100\/100\n|-ability|p1b: Ting-Lu|Vessel of Ruin\n|-terastallize|p2b: Armavee|Grass\n|move|p2a: de Havilland|Aqua Jet|p1a: Flutter Mane\n|-damage|p1a: Flutter Mane|30\/100\n|move|p2b: Armavee|Heat Wave|p1b: Ting-Lu|[spread] p1a,p1b\n|-damage|p1a: Flutter Mane|0 fnt\n|-damage|p1b: Ting-Lu|86\/100\n|faint|p1a: Flutter Mane\n|-end|p1a: Flutter Mane|Protosynthesis|[silent]\n|\n|upkeep\n|\n|t:|1681847588\n|switch|p1a: Amoonguss|Amoonguss, L50, M, shiny|62\/100\n|turn|3\n|\n|t:|1681847608\n|switch|p2a: Palafin|Palafin, L50, M|100\/100\n|move|p2b: Armavee|Protect|p2b: Armavee\n|-singleturn|p2b: Armavee|Protect\n|move|p1a: Amoonguss|Protect|p1a: Amoonguss\n|-singleturn|p1a: Amoonguss|Protect\n|move|p1b: Ting-Lu|Heavy Slam|p2b: Armavee\n|-activate|p2b: Armavee|move: Protect\n|\n|upkeep\n|turn|4\n|\n|t:|1681847621\n|detailschange|p2a: Palafin|Palafin-Hero, L50, M\n|switch|p2a: de Havilland|Masquerain, L50, F|100\/100\n|-ability|p2a: de Havilland|Intimidate|boost\n|-unboost|p1a: Amoonguss|atk|1\n|-unboost|p1b: Ting-Lu|atk|1\n|-terastallize|p1a: Amoonguss|Water\n|move|p2b: Armavee|Heat Wave|p1a: Amoonguss|[spread] p1b\n|-miss|p2b: Armavee|p1a: Amoonguss\n|-damage|p1b: Ting-Lu|68\/100\n|move|p1b: Ting-Lu|Heavy Slam|p2b: Armavee\n|-damage|p2b: Armavee|7\/100\n|move|p1a: Amoonguss|Spore|p2a: de Havilland\n|-activate|p2a: de Havilland|item: Safety Goggles|Spore\n|\n|upkeep\n|turn|5\n|\n|t:|1681847639\n|switch|p1b: Roaring Moon|Roaring Moon, L50, shiny|100\/100\n|-enditem|p1b: Roaring Moon|Booster Energy\n|-activate|p1b: Roaring Moon|ability: Protosynthesis|[fromitem]\n|-start|p1b: Roaring Moon|protosynthesisatk\n|move|p2b: Armavee|Protect|p2b: Armavee\n|-singleturn|p2b: Armavee|Protect\n|move|p2a: de Havilland|Struggle Bug|p1a: Amoonguss|[spread] p1a,p1b\n|-supereffective|p1b: Roaring Moon\n|-damage|p1a: Amoonguss|50\/100\n|-damage|p1b: Roaring Moon|76\/100\n|-unboost|p1a: Amoonguss|spa|1\n|-unboost|p1b: Roaring Moon|spa|1\n|move|p1a: Amoonguss|Pollen Puff|p2b: Armavee\n|-activate|p2b: Armavee|move: Protect\n|\n|upkeep\n|turn|6\n|\n|t:|1681847656\n|move|p2b: Armavee|Power Gem|p1b: Roaring Moon\n|-damage|p1b: Roaring Moon|13\/100\n|move|p1b: Roaring Moon|Dragon Dance|p1b: Roaring Moon\n|-boost|p1b: Roaring Moon|atk|1\n|-boost|p1b: Roaring Moon|spe|1\n|move|p2a: de Havilland|Struggle Bug|p1a: Amoonguss|[spread] p1a,p1b\n|-supereffective|p1b: Roaring Moon\n|-damage|p1a: Amoonguss|38\/100\n|-damage|p1b: Roaring Moon|0 fnt\n|-unboost|p1a: Amoonguss|spa|1\n|faint|p1b: Roaring Moon\n|-end|p1b: Roaring Moon|Protosynthesis|[silent]\n|move|p1a: Amoonguss|Pollen Puff|p2b: Armavee\n|-supereffective|p2b: Armavee\n|-damage|p2b: Armavee|0 fnt\n|faint|p2b: Armavee\n|\n|upkeep\n|\n|t:|1681847666\n|switch|p1b: Ting-Lu|Ting-Lu, L50|68\/100\n|switch|p2b: Toad|Amoonguss, L50, F|100\/100\n|-ability|p1b: Ting-Lu|Vessel of Ruin\n|turn|7\n|inactive|ChainsPkmn has 30 seconds left.\n|\n|t:|1681847697\n|switch|p2a: Palafin|Palafin-Hero, L50, M|100\/100\n|-activate|p2a: Palafin|ability: Zero to Hero\n|move|p1b: Ting-Lu|Sand Tomb|p2b: Toad\n|-damage|p2b: Toad|88\/100\n|-activate|p2b: Toad|move: Sand Tomb|[of] p1b: Ting-Lu\n|move|p2b: Toad|Spore|p1a: Amoonguss\n|-status|p1a: Amoonguss|slp|[from] move: Spore\n|cant|p1a: Amoonguss|slp\n|\n|-damage|p2b: Toad|76\/100|[from] move: Sand Tomb|[partiallytrapped]\n|upkeep\n|turn|8\n|-message|ChainsPkmn forfeited.\n|\n|win|uhoh I poopd\n|raw|ChainsPkmn's rating: 1325 → 1307<\/strong> (-18 for losing)\n|raw|uhoh I poopd's rating: 1361 → 1379<\/strong> (+18 for winning)\n|l|\u2606ChainsPkmn\n","uploadtime":1681847720,"views":7,"p1id":"chainspkmn","p2id":"uhohipoopd","formatid":"gen9vgc2023regulationc","rating":1307,"private":0,"password":""}