{"id":"gen9vgc2023regulationc-1860612127","p1":"patagonia fleece","p2":"Zessozessozesso","format":"[Gen 9] VGC 2023 Regulation C","log":"|j|\u2606patagonia fleece\n|j|\u2606Zessozessozesso\n|t:|1683658959\n|gametype|doubles\n|player|p1|patagonia fleece|hiker|1300\n|player|p2|Zessozessozesso|170|1313\n|teamsize|p1|6\n|teamsize|p2|6\n|gen|9\n|tier|[Gen 9] VGC 2023 Regulation C\n|rated|\n|rule|Species Clause: Limit one of each Pok\u00e9mon\n|rule|Item Clause: Limit one of each item\n|clearpoke\n|poke|p1|Murkrow, L50, F|\n|poke|p1|Chi-Yu, L50|\n|poke|p1|Flutter Mane, L50|\n|poke|p1|Great Tusk, L50|\n|poke|p1|Brute Bonnet, L50|\n|poke|p1|Corviknight, L50, M|\n|poke|p2|Farigiraf, L50, F|\n|poke|p2|Flutter Mane, L50|\n|poke|p2|Iron Bundle, L50|\n|poke|p2|Great Tusk, L50|\n|poke|p2|Talonflame, L50, F|\n|poke|p2|Amoonguss, L50, F|\n|teampreview|4\n|inactive|Battle timer is ON: inactive players will automatically lose when time's up. (requested by Zessozessozesso)\nZessozessozesso has agreed to open team sheets.\n|inactive|patagonia fleece has 60 seconds left.\n|inactive|Zessozessozesso has 60 seconds left.\n|inactive|patagonia fleece has 30 seconds left.\n|inactive|Zessozessozesso has 30 seconds left.\n|inactive|patagonia fleece has 20 seconds left.\n|inactive|Zessozessozesso has 20 seconds left.\n|inactive|patagonia fleece has 15 seconds left.\n|inactive|patagonia fleece has 10 seconds left.\n|inactive|patagonia fleece has 5 seconds left.\n|\n|t:|1683659049\n|start\n|switch|p1a: Murkrow|Murkrow, L50, F, shiny|100\/100\n|switch|p1b: Chi-Yu|Chi-Yu, L50|100\/100\n|switch|p2a: Great Tusk|Great Tusk, L50|100\/100\n|switch|p2b: Amoonguss|Amoonguss, L50, F|100\/100\n|-ability|p1b: Chi-Yu|Beads of Ruin\n|turn|1\n|inactive|Zessozessozesso has 30 seconds left.\n|\n|t:|1683659078\n|-end|p2a: Great Tusk|Protosynthesis|[silent]\n|switch|p2a: Farigiraf|Farigiraf, L50, F|100\/100\n|-terastallize|p2b: Amoonguss|Water\n|move|p1b: Chi-Yu|Protect|p1b: Chi-Yu\n|-singleturn|p1b: Chi-Yu|Protect\n|move|p1a: Murkrow|Sunny Day|p1a: Murkrow\n|-weather|SunnyDay\n|move|p2b: Amoonguss|Spore|p1b: Chi-Yu\n|-activate|p1b: Chi-Yu|move: Protect\n|\n|-weather|SunnyDay|[upkeep]\n|upkeep\n|turn|2\n|\n|t:|1683659103\n|move|p1b: Chi-Yu|Dark Pulse|p2a: Farigiraf\n|-supereffective|p2a: Farigiraf\n|-damage|p2a: Farigiraf|0 fnt\n|faint|p2a: Farigiraf\n|-damage|p1b: Chi-Yu|90\/100|[from] item: Life Orb\n|move|p1a: Murkrow|Foul Play|p2b: Amoonguss\n|-damage|p2b: Amoonguss|84\/100\n|move|p2b: Amoonguss|Spore|p1a: Murkrow\n|-status|p1a: Murkrow|slp|[from] move: Spore\n|\n|-weather|SunnyDay|[upkeep]\n|upkeep\n|\n|t:|1683659116\n|switch|p2a: Great Tusk|Great Tusk, L50|100\/100\n|-activate|p2a: Great Tusk|ability: Protosynthesis\n|-start|p2a: Great Tusk|protosynthesisatk\n|turn|3\n|inactive|Zessozessozesso has 30 seconds left.\n|\n|t:|1683659145\n|switch|p1a: Great Tusk|Great Tusk, L50|100\/100\n|-activate|p1a: Great Tusk|ability: Protosynthesis\n|-start|p1a: Great Tusk|protosynthesisatk\n|move|p1b: Chi-Yu|Protect|p1b: Chi-Yu\n|-singleturn|p1b: Chi-Yu|Protect\n|move|p2a: Great Tusk|Close Combat|p1b: Chi-Yu\n|-activate|p1b: Chi-Yu|move: Protect\n|move|p2b: Amoonguss|Pollen Puff|p1b: Chi-Yu\n|-activate|p1b: Chi-Yu|move: Protect\n|\n|-weather|SunnyDay|[upkeep]\n|upkeep\n|turn|4\n|inactive|patagonia fleece has 30 seconds left.\n|\n|t:|1683659178\n|-terastallize|p1b: Chi-Yu|Ghost\n|move|p1a: Great Tusk|Close Combat|p2b: Amoonguss\n|-damage|p2b: Amoonguss|9\/100\n|-unboost|p1a: Great Tusk|def|1\n|-unboost|p1a: Great Tusk|spd|1\n|-enditem|p2b: Amoonguss|Sitrus Berry|[eat]\n|-heal|p2b: Amoonguss|34\/100|[from] item: Sitrus Berry\n|move|p2a: Great Tusk|Close Combat|p1b: Chi-Yu\n|-immune|p1b: Chi-Yu\n|move|p1b: Chi-Yu|Dark Pulse|p2b: Amoonguss\n|-damage|p2b: Amoonguss|0 fnt\n|faint|p2b: Amoonguss\n|-damage|p1b: Chi-Yu|80\/100|[from] item: Life Orb\n|\n|-weather|SunnyDay|[upkeep]\n|upkeep\n|\n|t:|1683659183\n|switch|p2b: Flutter Mane|Flutter Mane, L50|100\/100\n|-activate|p2b: Flutter Mane|ability: Protosynthesis\n|-start|p2b: Flutter Mane|protosynthesisspa\n|turn|5\n|\n|t:|1683659204\n|move|p1b: Chi-Yu|Protect|p1b: Chi-Yu\n|-singleturn|p1b: Chi-Yu|Protect\n|move|p1a: Great Tusk|Close Combat|p2a: Great Tusk\n|-damage|p2a: Great Tusk|31\/100\n|-unboost|p1a: Great Tusk|def|1\n|-unboost|p1a: Great Tusk|spd|1\n|move|p2a: Great Tusk|Close Combat|p1a: Great Tusk\n|-damage|p1a: Great Tusk|0 fnt\n|-unboost|p2a: Great Tusk|def|1\n|-unboost|p2a: Great Tusk|spd|1\n|faint|p1a: Great Tusk\n|-end|p1a: Great Tusk|Protosynthesis|[silent]\n|move|p2b: Flutter Mane|Dazzling Gleam|p1b: Chi-Yu\n|-activate|p1b: Chi-Yu|move: Protect\n|\n|-weather|none\n|-end|p2a: Great Tusk|Protosynthesis\n|-end|p2b: Flutter Mane|Protosynthesis\n|upkeep\n|\n|t:|1683659218\n|switch|p1a: Flutter Mane|Flutter Mane, L50|100\/100\n|turn|6\n|\n|t:|1683659224\n|move|p2a: Great Tusk|Close Combat|p1a: Flutter Mane\n|-immune|p1a: Flutter Mane\n|move|p1a: Flutter Mane|Shadow Ball|p2b: Flutter Mane\n|-supereffective|p2b: Flutter Mane\n|-damage|p2b: Flutter Mane|0 fnt\n|faint|p2b: Flutter Mane\n|-end|p2b: Flutter Mane|Protosynthesis|[silent]\n|move|p1b: Chi-Yu|Heat Wave|p2a: Great Tusk\n|-damage|p2a: Great Tusk|0 fnt\n|faint|p2a: Great Tusk\n|-end|p2a: Great Tusk|Protosynthesis|[silent]\n|-damage|p1b: Chi-Yu|70\/100|[from] item: Life Orb\n|\n|win|patagonia fleece\n|raw|patagonia fleece's rating: 1300 → 1326<\/strong> (+26 for winning)\n|raw|Zessozessozesso's rating: 1313 → 1292<\/strong> (-21 for losing)\n|c|\u2606patagonia fleece|gg\n","uploadtime":1683659239,"views":33,"p1id":"patagoniafleece","p2id":"zessozessozesso","formatid":"gen9vgc2023regulationc","rating":1292,"private":0,"password":""}