{"id":"gen9vgc2023regulationc-1855502017","p1":"BlindMagneton","p2":"A. Lockheart","format":"[Gen 9] VGC 2023 Regulation C","log":"|j|\u2606BlindMagneton\n|j|\u2606A. Lockheart\n|t:|1682957168\n|gametype|doubles\n|player|p1|BlindMagneton|169|1297\n|player|p2|A. Lockheart|gambler|1388\n|teamsize|p1|6\n|teamsize|p2|6\n|gen|9\n|tier|[Gen 9] VGC 2023 Regulation C\n|rated|\n|rule|Species Clause: Limit one of each Pok\u00e9mon\n|rule|Item Clause: Limit one of each item\n|clearpoke\n|poke|p1|Iron Bundle, L50|\n|poke|p1|Sandy Shocks, L50|\n|poke|p1|Pelipper, L50, M|\n|poke|p1|Scizor, L50, M|\n|poke|p1|Clodsire, L50, F|\n|poke|p1|Ceruledge, L50, M|\n|poke|p2|Flutter Mane, L50|\n|poke|p2|Chi-Yu, L50|\n|poke|p2|Chien-Pao, L50|\n|poke|p2|Dragonite, L50, F|\n|poke|p2|Sandy Shocks, L50|\n|poke|p2|Indeedee-F, L50, F|\n|teampreview|4\n|inactive|Battle timer is ON: inactive players will automatically lose when time's up. (requested by A. Lockheart)\n|inactive|BlindMagneton has 60 seconds left.\n|l|\u2606A. Lockheart\n|inactive|A. Lockheart disconnected and has a minute to reconnect!\n|player|p2|\n|j|\u2606A. Lockheart\n|inactive|A. Lockheart reconnected.\n|player|p2|A. Lockheart|gambler\n|\n|t:|1682957267\n|start\n|switch|p1a: Iron Bundle|Iron Bundle, L50|100\/100\n|switch|p1b: Sandy Shocks|Sandy Shocks, L50|100\/100\n|switch|p2a: Tabitha|Flutter Mane, L50|100\/100\n|switch|p2b: Marcel|Chi-Yu, L50|100\/100\n|-ability|p2b: Marcel|Beads of Ruin\n|-enditem|p1b: Sandy Shocks|Booster Energy\n|-activate|p1b: Sandy Shocks|ability: Protosynthesis|[fromitem]\n|-start|p1b: Sandy Shocks|protosynthesisspe\n|turn|1\n|inactive|BlindMagneton has 30 seconds left.\n|inactive|BlindMagneton has 20 seconds left.\n|inactive|BlindMagneton has 15 seconds left.\n|\n|t:|1682957312\n|move|p1b: Sandy Shocks|Earth Power|p2b: Marcel\n|-supereffective|p2b: Marcel\n|-damage|p2b: Marcel|0 fnt\n|faint|p2b: Marcel\n|move|p1a: Iron Bundle|Flip Turn|p2a: Tabitha\n|-damage|p2a: Tabitha|68\/100\n|\n|t:|1682957322\n|-end|p1a: Iron Bundle|Quark Drive|[silent]\n|switch|p1a: Scizor|Scizor, L50, M|100\/100|[from] Flip Turn\n|move|p2a: Tabitha|Dazzling Gleam|p1b: Sandy Shocks|[spread] p1a,p1b\n|-resisted|p1a: Scizor\n|-damage|p1a: Scizor|76\/100\n|-damage|p1b: Sandy Shocks|45\/100\n|\n|upkeep\n|\n|t:|1682957341\n|switch|p2b: Steve|Chien-Pao, L50|100\/100\n|-ability|p2b: Steve|Sword of Ruin\n|turn|2\n|inactive|BlindMagneton has 30 seconds left.\n|inactive|BlindMagneton has 20 seconds left.\n|\n|t:|1682957380\n|-end|p2a: Tabitha|Protosynthesis|[silent]\n|switch|p2a: Gerald|Dragonite, L50, F|100\/100\n|move|p2b: Steve|Sucker Punch|p1a: Scizor\n|-damage|p1a: Scizor|28\/100\n|move|p1a: Scizor|Bullet Punch|p2b: Steve\n|-supereffective|p2b: Steve\n|-damage|p2b: Steve|12\/100\n|move|p1b: Sandy Shocks|Gravity|p1b: Sandy Shocks\n|-fieldstart|move: Gravity\n|\n|upkeep\n|turn|3\n|inactive|BlindMagneton has 30 seconds left.\n|inactive|BlindMagneton has 20 seconds left.\n|inactive|BlindMagneton has 15 seconds left.\n|\n|t:|1682957420\n|-terastallize|p2a: Gerald|Normal\n|move|p2a: Gerald|Extreme Speed|p1a: Scizor\n|-resisted|p1a: Scizor\n|-damage|p1a: Scizor|0 fnt\n|faint|p1a: Scizor\n|move|p1b: Sandy Shocks|Thunder|p2a: Gerald\n|-damage|p2a: Gerald|52\/100\n|move|p2b: Steve|Ice Spinner|p1b: Sandy Shocks\n|-supereffective|p1b: Sandy Shocks\n|-damage|p1b: Sandy Shocks|0 fnt\n|faint|p1b: Sandy Shocks\n|-end|p1b: Sandy Shocks|Protosynthesis|[silent]\n|\n|upkeep\n|\n|t:|1682957432\n|switch|p1b: Pelipper|Pelipper, L50, M|100\/100\n|switch|p1a: Iron Bundle|Iron Bundle, L50|100\/100\n|-weather|RainDance|[from] ability: Drizzle|[of] p1b: Pelipper\n|turn|4\n|inactive|BlindMagneton has 30 seconds left.\n|\n|t:|1682957461\n|-terastallize|p1a: Iron Bundle|Water\n|move|p2a: Gerald|Extreme Speed|p1b: Pelipper\n|-enditem|p1b: Pelipper|Focus Sash\n|-damage|p1b: Pelipper|1\/100\n|move|p1a: Iron Bundle|Tera Blast|p2a: Gerald\n|-damage|p2a: Gerald|0 fnt\n|faint|p2a: Gerald\n|move|p2b: Steve|Sacred Sword|p1a: Iron Bundle\n|-damage|p1a: Iron Bundle|52\/100\n|move|p1b: Pelipper|Hydro Pump|p2b: Steve\n|-damage|p2b: Steve|0 fnt\n|faint|p2b: Steve\n|\n|-weather|RainDance|[upkeep]\n|upkeep\n|\n|t:|1682957484\n|switch|p2a: Tabitha|Flutter Mane, L50|68\/100\n|turn|5\n|\n|t:|1682957491\n|move|p1b: Pelipper|Wide Guard|p1b: Pelipper\n|-singleturn|p1b: Pelipper|Wide Guard\n|move|p1a: Iron Bundle|Tera Blast|p2a: Tabitha\n|-damage|p2a: Tabitha|0 fnt\n|faint|p2a: Tabitha\n|-end|p2a: Tabitha|Protosynthesis|[silent]\n|\n|win|BlindMagneton\n|raw|BlindMagneton's rating: 1297 → 1328<\/strong> (+31 for winning)\n|raw|A. Lockheart's rating: 1388 → 1363<\/strong> (-25 for losing)\n","uploadtime":1682957499,"views":22,"p1id":"blindmagneton","p2id":"alockheart","formatid":"gen9vgc2023regulationc","rating":1328,"private":0,"password":""}