{"id":"gen9vgc2023regulationc-1859231318","p1":"Sumovgc","p2":"Ytterby","format":"[Gen 9] VGC 2023 Regulation C","log":"|j|\u2606Sumovgc\n|j|\u2606Ytterby\n|t:|1683421290\n|gametype|doubles\n|player|p1|Sumovgc|1|\n|player|p2|Ytterby|brycenman|\n|teamsize|p1|6\n|teamsize|p2|6\n|gen|9\n|tier|[Gen 9] VGC 2023 Regulation C\n|rule|Species Clause: Limit one of each Pok\u00e9mon\n|rule|Item Clause: Limit one of each item\n|clearpoke\n|poke|p1|Clodsire, L50, F|\n|poke|p1|Sableye, L50, M|\n|poke|p1|Sandy Shocks, L50|\n|poke|p1|Pachirisu, L50, F|\n|poke|p1|Tyranitar, L50, M|\n|poke|p1|Scizor, L50, M|\n|poke|p2|Murkrow, L50, F|\n|poke|p2|Garchomp, L50, F|\n|poke|p2|Barraskewda, L50, M|\n|poke|p2|Klefki, L50, M|\n|poke|p2|Salamence, L50, M|\n|poke|p2|Hariyama, L50, F|\n|teampreview|4\n|inactive|Battle timer is ON: inactive players will automatically lose when time's up. (requested by Sumovgc)\n|inactiveoff|Battle timer is now OFF.\n|c|\u2606Ytterby|g1!\n|c|\u2606Ytterby|WAIT I FORGOT NICKNAMES\n|\n|t:|1683421362\n|start\n|switch|p1a: really fast|Scizor, L50, M|100\/100\n|switch|p1b: Salad Fingers|Sableye, L50, M|100\/100\n|switch|p2a: Murkrow|Murkrow, L50, F|100\/100\n|switch|p2b: Garchomp|Garchomp, L50, F|100\/100\n|turn|1\n|c|\u2606Ytterby|lemme rectify that realquick\n|c|\u2606Sumovgc|lol\n|c|\u2606Ytterby|lmfao\n|c|\u2606Sumovgc|the barraskewda does\n|c|\u2606Sumovgc|188\/206\n|c|\u2606Sumovgc|i assume thats a TCG reference?\n|c|\u2606Ytterby|oops it's speed tiers\n|c|\u2606Ytterby|you see nothing\n|c|\u2606Sumovgc|aahhahaahhaahah\n|c|\u2606Sumovgc|should have just said its tcg lol\n|\n|t:|1683421528\n|move|p2b: Garchomp|Protect|p2b: Garchomp\n|-singleturn|p2b: Garchomp|Protect\n|move|p2a: Murkrow|Rain Dance|p2a: Murkrow\n|-weather|RainDance\n|move|p1b: Salad Fingers|Will-O-Wisp|p2b: Garchomp\n|-activate|p2b: Garchomp|move: Protect\n|move|p1a: really fast|Tailwind|p1a: really fast\n|-sidestart|p1: Sumovgc|move: Tailwind\n|\n|-weather|RainDance|[upkeep]\n|upkeep\n|turn|2\n|\n|t:|1683421560\n|switch|p2b: Hariyama|Hariyama, L50, F, shiny|100\/100\n|move|p1a: really fast|Bullet Punch|p2a: Murkrow\n|-damage|p2a: Murkrow|46\/100\n|move|p1b: Salad Fingers|Will-O-Wisp|p2b: Hariyama\n|-status|p2b: Hariyama|brn\n|move|p2a: Murkrow|Tailwind|p2a: Murkrow\n|-sidestart|p2: Ytterby|move: Tailwind\n|\n|-weather|RainDance|[upkeep]\n|-damage|p2b: Hariyama|95\/100 brn|[from] brn\n|upkeep\n|turn|3\n|c|\u2606Ytterby|CHARRS\n|\n|t:|1683421604\n|move|p2b: Hariyama|Fake Out|p1a: really fast\n|-resisted|p1a: really fast\n|-damage|p1a: really fast|92\/100\n|move|p2a: Murkrow|Icy Wind|p1a: really fast|[spread] p1a\n|-miss|p2a: Murkrow|p1b: Salad Fingers\n|-resisted|p1a: really fast\n|-damage|p1a: really fast|86\/100\n|-unboost|p1a: really fast|spe|1\n|-enditem|p1a: really fast|White Herb\n|-clearnegativeboost|p1a: really fast|[silent]\n|cant|p1a: really fast|flinch\n|move|p1b: Salad Fingers|Foul Play|p2b: Hariyama\n|-resisted|p2b: Hariyama\n|-crit|p2b: Hariyama\n|-damage|p2b: Hariyama|61\/100 brn\n|\n|-weather|RainDance|[upkeep]\n|-damage|p2b: Hariyama|55\/100 brn|[from] brn\n|upkeep\n|turn|4\n|\n|t:|1683421649\n|-terastallize|p2b: Hariyama|Steel\n|move|p2a: Murkrow|Icy Wind|p1b: Salad Fingers|[spread] p1a,p1b\n|-resisted|p1a: really fast\n|-damage|p1a: really fast|81\/100\n|-damage|p1b: Salad Fingers|86\/100\n|-unboost|p1a: really fast|spe|1\n|-unboost|p1b: Salad Fingers|spe|1\n|move|p2b: Hariyama|Iron Head|p1b: Salad Fingers\n|-damage|p1b: Salad Fingers|34\/100\n|move|p1a: really fast|Acrobatics|p2b: Hariyama\n|-resisted|p2b: Hariyama\n|-damage|p2b: Hariyama|34\/100 brn\n|move|p1b: Salad Fingers|Foul Play|p2b: Hariyama\n|-damage|p2b: Hariyama|0 fnt\n|faint|p2b: Hariyama\n|\n|-weather|RainDance|[upkeep]\n|-sideend|p1: Sumovgc|move: Tailwind\n|upkeep\n|c|\u2606Ytterby|crit mattered ;p\n|c|\u2606Sumovgc|:)\n|\n|t:|1683421701\n|switch|p2b: Garchomp|Garchomp, L50, F|100\/100\n|turn|5\n|\n|t:|1683421709\n|switch|p2a: 188\/206|Barraskewda, L50, M|100\/100\n|move|p2b: Garchomp|Protect|p2b: Garchomp\n|-singleturn|p2b: Garchomp|Protect\n|move|p1a: really fast|Bullet Punch|p2a: 188\/206\n|-resisted|p2a: 188\/206\n|-damage|p2a: 188\/206|65\/100\n|move|p1b: Salad Fingers|Will-O-Wisp|p2b: Garchomp\n|-activate|p2b: Garchomp|move: Protect\n|\n|-weather|none\n|-sideend|p2: Ytterby|move: Tailwind\n|upkeep\n|turn|6\n|\n|t:|1683421747\n|move|p1b: Salad Fingers|Quash|p2a: 188\/206\n|-activate|p2a: 188\/206|move: Quash\n|move|p2b: Garchomp|Stomping Tantrum|p1b: Salad Fingers\n|-damage|p1b: Salad Fingers|0 fnt\n|faint|p1b: Salad Fingers\n|move|p1a: really fast|Acrobatics|p2a: 188\/206\n|-damage|p2a: 188\/206|0 fnt\n|faint|p2a: 188\/206\n|\n|upkeep\n|\n|t:|1683421768\n|switch|p2a: Murkrow|Murkrow, L50, F|46\/100\n|switch|p1b: Clodding bodies|Clodsire, L50, F|100\/100\n|turn|7\n|\n|t:|1683421799\n|move|p1a: really fast|Bullet Punch|p2a: Murkrow\n|-damage|p2a: Murkrow|0 fnt\n|faint|p2a: Murkrow\n|move|p2b: Garchomp|Earthquake|p1b: Clodding bodies|[spread] p1a,p1b\n|-supereffective|p1b: Clodding bodies\n|-damage|p1a: really fast|45\/100\n|-damage|p1b: Clodding bodies|46\/100\n|move|p1b: Clodding bodies|Toxic|p2b: Garchomp\n|-status|p2b: Garchomp|tox\n|\n|-heal|p1b: Clodding bodies|52\/100|[from] item: Leftovers\n|-damage|p2b: Garchomp|94\/100 tox|[from] psn\n|upkeep\n|turn|8\n|c|\u2606Ytterby|o dam he really fast\n|\n|t:|1683421833\n|move|p2b: Garchomp|Earthquake|p1b: Clodding bodies|[spread] p1a,p1b\n|-supereffective|p1b: Clodding bodies\n|-damage|p1a: really fast|10\/100\n|-damage|p1b: Clodding bodies|0 fnt\n|faint|p1b: Clodding bodies\n|move|p1a: really fast|Acrobatics|p2b: Garchomp\n|-damage|p2b: Garchomp|51\/100 tox\n|\n|-damage|p2b: Garchomp|39\/100 tox|[from] psn\n|upkeep\n|\n|t:|1683421840\n|switch|p1b: Eleki after meth|Sandy Shocks, L50|100\/100\n|-enditem|p1b: Eleki after meth|Booster Energy\n|-activate|p1b: Eleki after meth|ability: Protosynthesis|[fromitem]\n|-start|p1b: Eleki after meth|protosynthesisspa\n|turn|9\n|c|\u2606Ytterby|rough skin really woulda been nice here lmao\n|\n|t:|1683421861\n|move|p1b: Eleki after meth|Protect|p1b: Eleki after meth\n|-singleturn|p1b: Eleki after meth|Protect\n|move|p1a: really fast|Bullet Punch|p2b: Garchomp\n|-damage|p2b: Garchomp|3\/100 tox\n|move|p2b: Garchomp|Earthquake|p1a: really fast|[spread] p1a\n|-activate|p1b: Eleki after meth|move: Protect\n|-damage|p1a: really fast|0 fnt\n|faint|p1a: really fast\n|\n|-damage|p2b: Garchomp|0 fnt|[from] psn\n|faint|p2b: Garchomp\n|\n|win|Sumovgc\n|upkeep\n|c|\u2606Sumovgc|yeah lol\n|c|\u2606Ytterby|ggs haha\n|c|\u2606Sumovgc|gg\n","uploadtime":1683421874,"views":13,"p1id":"sumovgc","p2id":"ytterby","formatid":"gen9vgc2023regulationc","rating":0,"private":0,"password":""}