{"id":"gen9vgc2023regulationc-1850019366","p1":"JasonvK","p2":"screamribbon","format":"[Gen 9] VGC 2023 Regulation C","log":"|j|\u2606JasonvK\n|j|\u2606screamribbon\n|t:|1682278597\n|gametype|doubles\n|player|p1|JasonvK|dawn|1404\n|player|p2|screamribbon|idol|1305\n|teamsize|p1|6\n|teamsize|p2|6\n|gen|9\n|tier|[Gen 9] VGC 2023 Regulation C\n|rated|\n|rule|Species Clause: Limit one of each Pok\u00e9mon\n|rule|Item Clause: Limit one of each item\n|clearpoke\n|poke|p1|Grimmsnarl, L50, M|\n|poke|p1|Gholdengo, L50|\n|poke|p1|Amoonguss, L50, F|\n|poke|p1|Glimmora, L50, M|\n|poke|p1|Gyarados, L50, F|\n|poke|p1|Flutter Mane, L50|\n|poke|p2|Armarouge, L50, M|\n|poke|p2|Great Tusk, L50|\n|poke|p2|Talonflame, L50, M|\n|poke|p2|Indeedee-F, L50, F|\n|poke|p2|Gyarados, L50, F|\n|poke|p2|Flutter Mane, L50|\n|teampreview|4\nscreamribbon has agreed to open team sheets.\n|inactive|Battle timer is ON: inactive players will automatically lose when time's up. (requested by JasonvK)\n|inactive|screamribbon has 60 seconds left.\n|\n|t:|1682278683\n|start\n|switch|p1a: Glimmora|Glimmora, L50, M|100\/100\n|switch|p1b: Grimmsnarl|Grimmsnarl, L50, M|100\/100\n|switch|p2a: Gyarados|Gyarados, L50, F, shiny|100\/100\n|switch|p2b: Great Tusk|Great Tusk, L50|100\/100\n|-ability|p2a: Gyarados|Intimidate|boost\n|-unboost|p1a: Glimmora|atk|1\n|-unboost|p1b: Grimmsnarl|atk|1\n|turn|1\n|\n|t:|1682278700\n|-terastallize|p1a: Glimmora|Grass\n|move|p1b: Grimmsnarl|Reflect|p1b: Grimmsnarl\n|-sidestart|p1: JasonvK|Reflect\n|move|p2b: Great Tusk|Earthquake|p1a: Glimmora|[spread] p1a,p1b\n|-immune|p2a: Gyarados\n|-resisted|p1a: Glimmora\n|-damage|p1a: Glimmora|91\/100\n|-damage|p1b: Grimmsnarl|68\/100\n|-activate|p1a: Glimmora|ability: Toxic Debris\n|-sidestart|p2: screamribbon|move: Toxic Spikes\n|move|p2a: Gyarados|Taunt|p1b: Grimmsnarl\n|-start|p1b: Grimmsnarl|move: Taunt\n|move|p1a: Glimmora|Mortal Spin|p2b: Great Tusk|[spread] p2a,p2b\n|-resisted|p2b: Great Tusk\n|-damage|p2a: Gyarados|97\/100\n|-damage|p2b: Great Tusk|99\/100\n|-status|p2a: Gyarados|psn\n|-status|p2b: Great Tusk|psn\n|\n|-damage|p2b: Great Tusk|87\/100 psn|[from] psn\n|-damage|p2a: Gyarados|85\/100 psn|[from] psn\n|upkeep\n|turn|2\n|inactive|screamribbon has 30 seconds left.\n|\n|t:|1682278729\n|-end|p2b: Great Tusk|Protosynthesis|[silent]\n|switch|p2b: Armarouge|Armarouge, L50, M|100\/100\n|-status|p2b: Armarouge|psn\n|switch|p1b: Gyarados|Gyarados, L50, F|100\/100\n|-ability|p1b: Gyarados|Intimidate|boost\n|-unboost|p2a: Gyarados|atk|1\n|-unboost|p2b: Armarouge|atk|1\n|move|p2a: Gyarados|Thunder Wave|p1a: Glimmora\n|-status|p1a: Glimmora|par\n|move|p1a: Glimmora|Energy Ball|p2b: Armarouge\n|-resisted|p2b: Armarouge\n|-crit|p2b: Armarouge\n|-damage|p2b: Armarouge|63\/100 psn\n|\n|-damage|p2b: Armarouge|50\/100 psn|[from] psn\n|-damage|p2a: Gyarados|73\/100 psn|[from] psn\n|upkeep\n|turn|3\n|inactive|screamribbon has 30 seconds left.\n|\n|t:|1682278755\n|switch|p2a: Indeedee|Indeedee-F, L50, F|100\/100\n|-status|p2a: Indeedee|psn\n|-fieldstart|move: Psychic Terrain|[from] ability: Psychic Surge|[of] p2a: Indeedee\n|-terastallize|p2b: Armarouge|Psychic\n|move|p1b: Gyarados|Waterfall|p2b: Armarouge\n|-damage|p2b: Armarouge|5\/100 psn\n|-ability|p2b: Armarouge|Weak Armor|boost\n|-unboost|p2b: Armarouge|def|1\n|-boost|p2b: Armarouge|spe|2\n|move|p2b: Armarouge|Expanding Force|p1b: Gyarados|[spread] p1a,p1b\n|-damage|p1a: Glimmora|32\/100 par\n|-damage|p1b: Gyarados|16\/100\n|cant|p1a: Glimmora|par\n|\n|-damage|p2b: Armarouge|0 fnt|[from] psn\n|faint|p2b: Armarouge\n|-damage|p2a: Indeedee|88\/100 psn|[from] psn\n|upkeep\n|\n|t:|1682278771\n|switch|p2b: Gyarados|Gyarados, L50, F, shiny|73\/100 psn\n|-ability|p2b: Gyarados|Intimidate|boost\n|-unboost|p1a: Glimmora|atk|1\n|-unboost|p1b: Gyarados|atk|1\n|-enditem|p2b: Gyarados|Psychic Seed\n|-boost|p2b: Gyarados|spd|1|[from] item: Psychic Seed\n|turn|4\n|inactive|JasonvK has 30 seconds left.\n|\n|t:|1682278801\n|switch|p1b: Grimmsnarl|Grimmsnarl, L50, M|68\/100\n|switch|p2a: Great Tusk|Great Tusk, L50|87\/100 psn\n|move|p2b: Gyarados|Thunder Wave|p1b: Grimmsnarl\n|-status|p1b: Grimmsnarl|par\n|cant|p1a: Glimmora|par\n|\n|-damage|p2a: Great Tusk|75\/100 psn|[from] psn\n|-damage|p2b: Gyarados|61\/100 psn|[from] psn\n|upkeep\n|turn|5\n|inactive|screamribbon has 30 seconds left.\n|inactive|screamribbon has 20 seconds left.\n|\n|t:|1682278837\n|move|p2a: Great Tusk|Close Combat|p1b: Grimmsnarl\n|-damage|p1b: Grimmsnarl|13\/100 par\n|-unboost|p2a: Great Tusk|def|1\n|-unboost|p2a: Great Tusk|spd|1\n|move|p2b: Gyarados|Waterfall|p1b: Grimmsnarl\n|-damage|p1b: Grimmsnarl|0 fnt\n|faint|p1b: Grimmsnarl\n|move|p1a: Glimmora|Power Gem|p2b: Gyarados\n|-supereffective|p2b: Gyarados\n|-damage|p2b: Gyarados|27\/100 psn\n|\n|-damage|p2a: Great Tusk|63\/100 psn|[from] psn\n|-damage|p2b: Gyarados|15\/100 psn|[from] psn\n|upkeep\n|\n|t:|1682278855\n|switch|p1b: Gyarados|Gyarados, L50, F|16\/100\n|-ability|p1b: Gyarados|Intimidate|boost\n|-unboost|p2a: Great Tusk|atk|1\n|-unboost|p2b: Gyarados|atk|1\n|turn|6\n|\n|t:|1682278864\n|switch|p2b: Indeedee|Indeedee-F, L50, F|88\/100 psn\n|move|p2a: Great Tusk|Close Combat|p1a: Glimmora\n|-damage|p1a: Glimmora|10\/100 par\n|-unboost|p2a: Great Tusk|def|1\n|-unboost|p2a: Great Tusk|spd|1\n|-activate|p1a: Glimmora|ability: Toxic Debris\n|-sidestart|p2: screamribbon|move: Toxic Spikes\n|move|p1b: Gyarados|Waterfall|p2a: Great Tusk\n|-supereffective|p2a: Great Tusk\n|-crit|p2a: Great Tusk\n|-damage|p2a: Great Tusk|0 fnt\n|faint|p2a: Great Tusk\n|-end|p2a: Great Tusk|Protosynthesis|[silent]\n|move|p1a: Glimmora|Energy Ball|p2b: Indeedee\n|-damage|p2b: Indeedee|57\/100 psn\n|\n|-damage|p2b: Indeedee|45\/100 psn|[from] psn\n|upkeep\n|\n|t:|1682278874\n|switch|p2a: Gyarados|Gyarados, L50, F, shiny|15\/100 psn\n|-ability|p2a: Gyarados|Intimidate|boost\n|-unboost|p1a: Glimmora|atk|1\n|-unboost|p1b: Gyarados|atk|1\n|turn|7\n|\n|t:|1682278891\n|move|p1b: Gyarados|Protect|p1b: Gyarados\n|-singleturn|p1b: Gyarados|Protect\n|move|p2a: Gyarados|Waterfall|p1b: Gyarados\n|-activate|p1b: Gyarados|move: Protect\n|move|p2b: Indeedee|Dazzling Gleam|p1b: Gyarados|[spread] p1a\n|-activate|p1b: Gyarados|move: Protect\n|-crit|p1a: Glimmora\n|-damage|p1a: Glimmora|0 fnt\n|faint|p1a: Glimmora\n|\n|-damage|p2a: Gyarados|3\/100 psn|[from] psn\n|-damage|p2b: Indeedee|32\/100 psn|[from] psn\n|-fieldend|move: Psychic Terrain\n|upkeep\n|\n|t:|1682278905\n|switch|p1a: Flutter Mane|Flutter Mane, L50|100\/100\n|-enditem|p1a: Flutter Mane|Booster Energy\n|-activate|p1a: Flutter Mane|ability: Protosynthesis|[fromitem]\n|-start|p1a: Flutter Mane|protosynthesisspe\n|turn|8\n|\n|t:|1682278912\n|move|p1a: Flutter Mane|Dazzling Gleam|p2a: Gyarados|[spread] p2a,p2b\n|-damage|p2a: Gyarados|0 fnt\n|-damage|p2b: Indeedee|11\/100 psn\n|faint|p2a: Gyarados\n|move|p1b: Gyarados|Waterfall|p2b: Indeedee\n|-damage|p2b: Indeedee|0 fnt\n|faint|p2b: Indeedee\n|\n|win|JasonvK\n|raw|JasonvK's rating: 1404 → 1418<\/strong> (+14 for winning)\n|raw|screamribbon's rating: 1305 → 1291<\/strong> (-14 for losing)\n|l|\u2606JasonvK\n","uploadtime":1682279089,"views":14,"p1id":"jasonvk","p2id":"screamribbon","formatid":"gen9vgc2023regulationc","rating":1291,"private":0,"password":""}