{"id":"gen9vgc2023regulationc-1861978086","p1":"Maxx Regulation C\"","p2":"Appleknight777","format":"[Gen 9] VGC 2023 Regulation C","log":"|j|\u2606Maxx Regulation C\"\n|j|\u2606Appleknight777\n|t:|1683825811\n|gametype|doubles\n|player|p1|Maxx Regulation C\"|kahili|1517\n|player|p2|Appleknight777|170|1475\n|teamsize|p1|6\n|teamsize|p2|6\n|gen|9\n|tier|[Gen 9] VGC 2023 Regulation C\n|rated|\n|rule|Species Clause: Limit one of each Pok\u00e9mon\n|rule|Item Clause: Limit one of each item\n|clearpoke\n|poke|p1|Chi-Yu, L50|\n|poke|p1|Kingambit, L50, F|\n|poke|p1|Flutter Mane, L50|\n|poke|p1|Amoonguss, L50, M|\n|poke|p1|Iron Bundle, L50|\n|poke|p1|Dragonite, L50, M|\n|poke|p2|Tyranitar, L50, M|\n|poke|p2|Lycanroc, L50, M|\n|poke|p2|Iron Bundle, L50|\n|poke|p2|Corviknight, L50, F|\n|poke|p2|Garchomp, L50, F|\n|poke|p2|Flutter Mane, L50|\n|teampreview|4\nAppleknight777 has agreed to open team sheets.\nMaxx Regulation C\" has agreed to open team sheets.\n|\n|t:|1683825847\n|start\n|switch|p1a: Iron Bundle|Iron Bundle, L50|100\/100\n|switch|p1b: Amoonguss|Amoonguss, L50, M|100\/100\n|switch|p2a: Tyranitar|Tyranitar, L50, M|100\/100\n|switch|p2b: Lycanroc|Lycanroc, L50, M|100\/100\n|-weather|Sandstorm|[from] ability: Sand Stream|[of] p2a: Tyranitar\n|turn|1\n|\n|t:|1683825881\n|-terastallize|p2a: Tyranitar|Grass\n|move|p1a: Iron Bundle|Protect|p1a: Iron Bundle\n|-singleturn|p1a: Iron Bundle|Protect\n|move|p2b: Lycanroc|Protect|p2b: Lycanroc\n|-singleturn|p2b: Lycanroc|Protect\n|move|p2a: Tyranitar|Rock Slide|p1a: Iron Bundle|[spread] p1b\n|-activate|p1a: Iron Bundle|move: Protect\n|-damage|p1b: Amoonguss|79\/100\n|cant|p1b: Amoonguss|flinch\n|\n|-weather|Sandstorm|[upkeep]\n|-damage|p1a: Iron Bundle|94\/100|[from] Sandstorm\n|-damage|p2a: Tyranitar|95\/100|[from] Sandstorm\n|-damage|p1b: Amoonguss|73\/100|[from] Sandstorm\n|upkeep\n|turn|2\n|\n|t:|1683825929\n|move|p1a: Iron Bundle|Freeze-Dry|p2a: Tyranitar\n|-supereffective|p2a: Tyranitar\n|-damage|p2a: Tyranitar|68\/100\n|move|p2b: Lycanroc|Rock Slide|p1b: Amoonguss|[spread] p1b\n|-miss|p2b: Lycanroc|p1a: Iron Bundle\n|-damage|p1b: Amoonguss|50\/100\n|-enditem|p1b: Amoonguss|Sitrus Berry|[eat]\n|-heal|p1b: Amoonguss|75\/100|[from] item: Sitrus Berry\n|move|p2a: Tyranitar|Assurance|p1b: Amoonguss\n|-damage|p1b: Amoonguss|30\/100\n|cant|p1b: Amoonguss|flinch\n|\n|-weather|Sandstorm|[upkeep]\n|-damage|p1a: Iron Bundle|88\/100|[from] Sandstorm\n|-damage|p2a: Tyranitar|62\/100|[from] Sandstorm\n|-damage|p1b: Amoonguss|24\/100|[from] Sandstorm\n|upkeep\n|turn|3\n|\n|t:|1683825962\n|switch|p1b: Kingambit|Kingambit, L50, F|100\/100\n|move|p1a: Iron Bundle|Protect|p1a: Iron Bundle\n|-singleturn|p1a: Iron Bundle|Protect\n|move|p2b: Lycanroc|Close Combat|p1a: Iron Bundle\n|-activate|p1a: Iron Bundle|move: Protect\n|move|p2a: Tyranitar|Assurance|p1b: Kingambit\n|-resisted|p1b: Kingambit\n|-damage|p1b: Kingambit|90\/100\n|\n|-weather|Sandstorm|[upkeep]\n|-damage|p1a: Iron Bundle|82\/100|[from] Sandstorm\n|-damage|p2a: Tyranitar|56\/100|[from] Sandstorm\n|upkeep\n|turn|4\n|\n|t:|1683826005\n|switch|p2a: Garchomp|Garchomp, L50, F|100\/100\n|move|p1b: Kingambit|Sucker Punch||[still]\n|-fail|p1b: Kingambit\n|move|p1a: Iron Bundle|Freeze-Dry|p2a: Garchomp\n|-supereffective|p2a: Garchomp\n|-damage|p2a: Garchomp|0 fnt\n|faint|p2a: Garchomp\n|move|p2b: Lycanroc|Close Combat|p1b: Kingambit\n|-supereffective|p1b: Kingambit\n|-damage|p1b: Kingambit|0 fnt\n|-unboost|p2b: Lycanroc|def|1\n|-unboost|p2b: Lycanroc|spd|1\n|faint|p1b: Kingambit\n|\n|-weather|Sandstorm|[upkeep]\n|-damage|p1a: Iron Bundle|76\/100|[from] Sandstorm\n|upkeep\n|\n|t:|1683826015\n|switch|p2a: Iron Bundle|Iron Bundle, L50|100\/100\n|switch|p1b: Flutter Mane|Flutter Mane, L50|100\/100\n|-enditem|p2a: Iron Bundle|Booster Energy\n|-activate|p2a: Iron Bundle|ability: Quark Drive|[fromitem]\n|-start|p2a: Iron Bundle|quarkdrivespe\n|-enditem|p1b: Flutter Mane|Booster Energy\n|-activate|p1b: Flutter Mane|ability: Protosynthesis|[fromitem]\n|-start|p1b: Flutter Mane|protosynthesisspe\n|turn|5\n|\n|t:|1683826034\n|-terastallize|p1b: Flutter Mane|Fairy\n|move|p2a: Iron Bundle|Icy Wind|p1b: Flutter Mane|[spread] p1a,p1b\n|-resisted|p1a: Iron Bundle\n|-damage|p1a: Iron Bundle|66\/100\n|-damage|p1b: Flutter Mane|81\/100\n|-unboost|p1a: Iron Bundle|spe|1\n|-unboost|p1b: Flutter Mane|spe|1\n|move|p1b: Flutter Mane|Dazzling Gleam|p2a: Iron Bundle|[spread] p2a,p2b\n|-damage|p2a: Iron Bundle|8\/100\n|-damage|p2b: Lycanroc|24\/100\n|move|p2b: Lycanroc|Rock Slide|p1a: Iron Bundle|[spread] p1a,p1b\n|-supereffective|p1a: Iron Bundle\n|-damage|p1a: Iron Bundle|3\/100\n|-damage|p1b: Flutter Mane|34\/100\n|move|p1a: Iron Bundle|Icy Wind|p2b: Lycanroc|[spread] p2a,p2b\n|-resisted|p2a: Iron Bundle\n|-damage|p2a: Iron Bundle|0 fnt\n|-damage|p2b: Lycanroc|0 fnt\n|faint|p2a: Iron Bundle\n|-end|p2a: Iron Bundle|Quark Drive|[silent]\n|faint|p2b: Lycanroc\n|\n|-weather|none\n|upkeep\n|\n|t:|1683826047\n|switch|p2b: Tyranitar|Tyranitar, L50, M, tera:Grass|56\/100\n|-weather|Sandstorm|[from] ability: Sand Stream|[of] p2b: Tyranitar\n|turn|6\n|\n|t:|1683826050\n|-end|p1a: Iron Bundle|Quark Drive|[silent]\n|switch|p1a: Amoonguss|Amoonguss, L50, M|57\/100\n|move|p1b: Flutter Mane|Protect|p1b: Flutter Mane\n|-singleturn|p1b: Flutter Mane|Protect\n|move|p2b: Tyranitar|Rock Slide|p1b: Flutter Mane|[spread] p1a\n|-activate|p1b: Flutter Mane|move: Protect\n|-damage|p1a: Amoonguss|34\/100\n|\n|-weather|Sandstorm|[upkeep]\n|-damage|p1b: Flutter Mane|28\/100|[from] Sandstorm\n|-damage|p2b: Tyranitar|50\/100|[from] Sandstorm\n|-damage|p1a: Amoonguss|28\/100|[from] Sandstorm\n|upkeep\n|turn|7\n|\n|t:|1683826066\n|move|p1b: Flutter Mane|Moonblast|p2b: Tyranitar\n|-damage|p2b: Tyranitar|23\/100\n|-unboost|p2b: Tyranitar|spa|1\n|move|p2b: Tyranitar|Assurance|p1a: Amoonguss\n|-damage|p1a: Amoonguss|5\/100\n|move|p1a: Amoonguss|Clear Smog|p2b: Tyranitar\n|-supereffective|p2b: Tyranitar\n|-damage|p2b: Tyranitar|9\/100\n|-clearboost|p2b: Tyranitar\n|\n|-weather|Sandstorm|[upkeep]\n|-damage|p1b: Flutter Mane|22\/100|[from] Sandstorm\n|-damage|p2b: Tyranitar|3\/100|[from] Sandstorm\n|-damage|p1a: Amoonguss|0 fnt|[from] Sandstorm\n|faint|p1a: Amoonguss\n|upkeep\n|\n|t:|1683826068\n|switch|p1a: Iron Bundle|Iron Bundle, L50|3\/100\n|turn|8\n|-message|Appleknight777 forfeited.\n|\n|win|Maxx Regulation C\"\n|raw|Maxx Regulation C"'s rating: 1517 → 1535<\/strong> (+18 for winning)\n|raw|Appleknight777's rating: 1475 → 1457<\/strong> (-18 for losing)\n|l|\u2606Appleknight777\n","uploadtime":1683826076,"views":7,"p1id":"maxxregulationc","p2id":"appleknight777","formatid":"gen9vgc2023regulationc","rating":1457,"private":0,"password":""}