{"id":"gen9vgc2023regulationc-1845887761","p1":"balfcyur","p2":"Aunuexah","format":"[Gen 9] VGC 2023 Regulation C","log":"|j|\u2606balfcyur\n|j|\u2606Aunuexah\n|t:|1681775586\n|gametype|doubles\n|player|p1|balfcyur|1|1196\n|player|p2|Aunuexah|266|1141\n|teamsize|p1|6\n|teamsize|p2|6\n|gen|9\n|tier|[Gen 9] VGC 2023 Regulation C\n|rated|\n|rule|Species Clause: Limit one of each Pok\u00e9mon\n|rule|Item Clause: Limit one of each item\n|clearpoke\n|poke|p1|Armarouge, L50, F|\n|poke|p1|Indeedee-F, L50, F|\n|poke|p1|Amoonguss, L50, M|\n|poke|p1|Flutter Mane, L50|\n|poke|p1|Great Tusk, L50|\n|poke|p1|Gyarados, L50, M|\n|poke|p2|Abomasnow, L50, M|\n|poke|p2|Cetitan, L50, M|\n|poke|p2|Chien-Pao, L50|\n|poke|p2|Talonflame, L50, M|\n|poke|p2|Amoonguss, L50, F|\n|poke|p2|Dragapult, L50, M|\n|teampreview|4\n|\n|t:|1681775605\n|start\n|switch|p1a: Flutter Mane|Flutter Mane, L50|100\/100\n|switch|p1b: Amoonguss|Amoonguss, L50, M|100\/100\n|switch|p2a: Dragapult|Dragapult, L50, M|100\/100\n|switch|p2b: Chien-Pao|Chien-Pao, L50|100\/100\n|-ability|p2b: Chien-Pao|Sword of Ruin\n|turn|1\n|inactive|Battle timer is ON: inactive players will automatically lose when time's up. (requested by Aunuexah)\n|\n|t:|1681775630\n|-terastallize|p1a: Flutter Mane|Fairy\n|move|p1b: Amoonguss|Rage Powder|p1b: Amoonguss\n|-singleturn|p1b: Amoonguss|move: Rage Powder\n|move|p1a: Flutter Mane|Dazzling Gleam|p2b: Chien-Pao|[spread] p2a,p2b\n|-supereffective|p2a: Dragapult\n|-supereffective|p2b: Chien-Pao\n|-damage|p2a: Dragapult|0 fnt\n|-damage|p2b: Chien-Pao|0 fnt\n|faint|p2a: Dragapult\n|faint|p2b: Chien-Pao\n|\n|upkeep\n|\n|t:|1681775640\n|switch|p2a: Talonflame|Talonflame, L50, M|100\/100\n|switch|p2b: Amoonguss|Amoonguss, L50, F|100\/100\n|turn|2\n|\n|t:|1681775651\n|-end|p1a: Flutter Mane|Protosynthesis|[silent]\n|switch|p1a: Indeedee|Indeedee-F, L50, F|100\/100\n|-fieldstart|move: Psychic Terrain|[from] ability: Psychic Surge|[of] p1a: Indeedee\n|move|p2a: Talonflame|Tailwind|p2a: Talonflame\n|-sidestart|p2: Aunuexah|move: Tailwind\n|move|p2b: Amoonguss|Spore|p1a: Indeedee\n|-status|p1a: Indeedee|slp|[from] move: Spore\n|move|p1b: Amoonguss|Spore|p2a: Talonflame\n|-status|p2a: Talonflame|slp|[from] move: Spore\n|\n|upkeep\n|turn|3\n|inactive|Aunuexah has 30 seconds left.\n|\n|t:|1681775686\n|cant|p2a: Talonflame|slp\n|move|p2b: Amoonguss|Energy Ball|p1a: Indeedee\n|-damage|p1a: Indeedee|78\/100 slp\n|move|p1b: Amoonguss|Clear Smog|p2b: Amoonguss\n|-damage|p2b: Amoonguss|86\/100\n|-clearboost|p2b: Amoonguss\n|cant|p1a: Indeedee|slp\n|\n|-heal|p2b: Amoonguss|92\/100|[from] item: Black Sludge\n|-heal|p1a: Indeedee|85\/100 slp|[from] item: Leftovers\n|upkeep\n|turn|4\n|\n|t:|1681775706\n|switch|p1b: Armarouge|Armarouge, L50, F, shiny|100\/100\n|cant|p2a: Talonflame|slp\n|move|p2b: Amoonguss|Energy Ball|p1a: Indeedee\n|-damage|p1a: Indeedee|66\/100 slp\n|-curestatus|p1a: Indeedee|slp|[msg]\n|move|p1a: Indeedee|Trick Room|p1a: Indeedee\n|-fieldstart|move: Trick Room|[of] p1a: Indeedee\n|\n|-heal|p1a: Indeedee|72\/100|[from] item: Leftovers\n|-heal|p2b: Amoonguss|98\/100|[from] item: Black Sludge\n|upkeep\n|turn|5\n|inactive|Aunuexah has 30 seconds left.\n|\n|t:|1681775734\n|-curestatus|p2a: Talonflame|slp|[msg]\n|move|p2a: Talonflame|Brave Bird|p1b: Armarouge\n|-activate|p1b: Armarouge|move: Psychic Terrain\n|move|p1b: Armarouge|Armor Cannon|p2b: Amoonguss\n|-supereffective|p2b: Amoonguss\n|-damage|p2b: Amoonguss|0 fnt\n|-unboost|p1b: Armarouge|def|1\n|-unboost|p1b: Armarouge|spd|1\n|faint|p2b: Amoonguss\n|move|p1a: Indeedee|Dazzling Gleam|p2a: Talonflame\n|-resisted|p2a: Talonflame\n|-damage|p2a: Talonflame|88\/100\n|\n|-heal|p1a: Indeedee|78\/100|[from] item: Leftovers\n|-sideend|p2: Aunuexah|move: Tailwind\n|upkeep\n|turn|6\n|\n|t:|1681775748\n|move|p1a: Indeedee|Follow Me|p1a: Indeedee\n|-singleturn|p1a: Indeedee|move: Follow Me\n|move|p1b: Armarouge|Expanding Force|p2a: Talonflame\n|-damage|p2a: Talonflame|0 fnt\n|faint|p2a: Talonflame\n|\n|win|balfcyur\n|raw|balfcyur's rating: 1196 → 1217<\/strong> (+21 for winning)\n|raw|Aunuexah's rating: 1141 → 1120<\/strong> (-21 for losing)\n|l|\u2606balfcyur\n","uploadtime":1681775759,"views":7,"p1id":"balfcyur","p2id":"aunuexah","formatid":"gen9vgc2023regulationc","rating":1120,"private":0,"password":""}