{"id":"gen9vgc2023regulationc-1845638984","p1":"ZKingofDeath","p2":"add1_layer","format":"[Gen 9] VGC 2023 Regulation C","log":"|j|\u2606ZKingofDeath\n|j|\u2606add1_layer\n|t:|1681751615\n|gametype|doubles\n|player|p1|ZKingofDeath|acetrainerf|\n|player|p2|add1_layer|1|\n|teamsize|p1|6\n|teamsize|p2|6\n|gen|9\n|tier|[Gen 9] VGC 2023 Regulation C\n|rule|Species Clause: Limit one of each Pok\u00e9mon\n|rule|Item Clause: Limit one of each item\n|clearpoke\n|poke|p1|Iron Valiant, L50|\n|poke|p1|Chi-Yu, L50|\n|poke|p1|Flutter Mane, L50|\n|poke|p1|Torkoal, L50, F|\n|poke|p1|Roaring Moon, L50|\n|poke|p1|Lilligant, L50, F|\n|poke|p2|Armarouge, L50, M|\n|poke|p2|Amoonguss, L50, M|\n|poke|p2|Sylveon, L50, M|\n|poke|p2|Indeedee-F, L50, F|\n|poke|p2|Meowscarada, L50, F|\n|poke|p2|Ting-Lu, L50|\n|teampreview|4\n|j| ISayTheKontol\n|c| ISayTheKontol|thats what trick room teams are for :peepowhale:\n|\n|t:|1681751675\n|start\n|switch|p1a: Kompor|Torkoal, L50, F|100\/100\n|switch|p1b: Boop|Chi-Yu, L50|100\/100\n|switch|p2a: Indeedee|Indeedee-F, L50, F|100\/100\n|switch|p2b: Amoonguss|Amoonguss, L50, M|100\/100\n|-ability|p1b: Boop|Beads of Ruin\n|-fieldstart|move: Psychic Terrain|[from] ability: Psychic Surge|[of] p2a: Indeedee\n|-enditem|p2a: Indeedee|Psychic Seed\n|-boost|p2a: Indeedee|spd|1|[from] item: Psychic Seed\n|-weather|SunnyDay|[from] ability: Drought|[of] p1a: Kompor\n|turn|1\n|j| NaCLHuntER\n|\n|t:|1681751719\n|move|p2b: Amoonguss|Rage Powder|p2b: Amoonguss\n|-singleturn|p2b: Amoonguss|move: Rage Powder\n|move|p1b: Boop|Dark Pulse|p2b: Amoonguss\n|-damage|p2b: Amoonguss|51\/100\n|move|p1a: Kompor|Overheat|p2b: Amoonguss\n|-supereffective|p2b: Amoonguss\n|-damage|p2b: Amoonguss|0 fnt\n|-unboost|p1a: Kompor|spa|2\n|faint|p2b: Amoonguss\n|move|p2a: Indeedee|Trick Room|p2a: Indeedee\n|-fieldstart|move: Trick Room|[of] p2a: Indeedee\n|\n|-weather|SunnyDay|[upkeep]\n|upkeep\n|c|\u2606ZKingofDeath|FLINCH\n|\n|t:|1681751731\n|switch|p2b: Sylveon|Sylveon, L50, M|100\/100\n|turn|2\n|\n|t:|1681751747\n|switch|p2b: Armarouge|Armarouge, L50, M|100\/100\n|move|p2a: Indeedee|Helping Hand|p2b: Armarouge\n|-singleturn|p2b: Armarouge|Helping Hand|[of] p2a: Indeedee\n|move|p1a: Kompor|Clear Smog|p2a: Indeedee\n|-damage|p2a: Indeedee|95\/100\n|-clearboost|p2a: Indeedee\n|move|p1b: Boop|Dark Pulse|p2a: Indeedee\n|-supereffective|p2a: Indeedee\n|-damage|p2a: Indeedee|0 fnt\n|faint|p2a: Indeedee\n|\n|-weather|SunnyDay|[upkeep]\n|upkeep\n|c| ISayTheKontol|wait why\n|\n|t:|1681751763\n|switch|p2a: Sylveon|Sylveon, L50, M|100\/100\n|turn|3\n|\n|t:|1681751798\n|switch|p1b: En Garde 17|Iron Valiant, L50, shiny|100\/100\n|-enditem|p1b: En Garde 17|Booster Energy\n|-activate|p1b: En Garde 17|ability: Quark Drive|[fromitem]\n|-start|p1b: En Garde 17|quarkdrivespe\n|move|p2a: Sylveon|Protect|p2a: Sylveon\n|-singleturn|p2a: Sylveon|Protect\n|move|p1a: Kompor|Yawn|p2b: Armarouge\n|-start|p2b: Armarouge|move: Yawn|[of] p1a: Kompor\n|move|p2b: Armarouge|Expanding Force|p1b: En Garde 17|[spread] p1a,p1b\n|-supereffective|p1b: En Garde 17\n|-damage|p1a: Kompor|0 fnt\n|-damage|p1b: En Garde 17|0 fnt\n|faint|p1a: Kompor\n|faint|p1b: En Garde 17\n|-end|p1b: En Garde 17|Quark Drive|[silent]\n|-damage|p2b: Armarouge|91\/100|[from] item: Life Orb\n|\n|-weather|SunnyDay|[upkeep]\n|upkeep\n|\n|t:|1681751834\n|switch|p1a: Nacalli|Flutter Mane, L50|100\/100\n|switch|p1b: Boop|Chi-Yu, L50|100\/100\n|-activate|p1a: Nacalli|ability: Protosynthesis\n|-start|p1a: Nacalli|protosynthesisspe\n|-ability|p1b: Boop|Beads of Ruin\n|turn|4\n|\n|t:|1681751861\n|move|p1a: Nacalli|Protect|p1a: Nacalli\n|-singleturn|p1a: Nacalli|Protect\n|move|p2a: Sylveon|Hyper Voice|p1b: Boop|[spread] p1b\n|-activate|p1a: Nacalli|move: Protect\n|-damage|p1b: Boop|56\/100\n|-enditem|p2a: Sylveon|Throat Spray\n|-boost|p2a: Sylveon|spa|1|[from] item: Throat Spray\n|move|p2b: Armarouge|Armor Cannon|p1a: Nacalli\n|-activate|p1a: Nacalli|move: Protect\n|move|p1b: Boop|Dark Pulse|p2b: Armarouge\n|-supereffective|p2b: Armarouge\n|-damage|p2b: Armarouge|0 fnt\n|faint|p2b: Armarouge\n|\n|-weather|SunnyDay|[upkeep]\n|upkeep\n|turn|5\n|\n|t:|1681751902\n|-terastallize|p2a: Sylveon|Fire\n|move|p2a: Sylveon|Tera Blast|p1a: Nacalli\n|-damage|p1a: Nacalli|0 fnt\n|faint|p1a: Nacalli\n|-end|p1a: Nacalli|Protosynthesis|[silent]\n|move|p1b: Boop|Dark Pulse|p2a: Sylveon\n|-damage|p2a: Sylveon|59\/100\n|\n|-weather|none\n|-fieldend|move: Trick Room\n|-fieldend|move: Psychic Terrain\n|upkeep\n|turn|6\n|\n|t:|1681751946\n|move|p1b: Boop|Dark Pulse|p2a: Sylveon\n|-damage|p2a: Sylveon|19\/100\n|move|p2a: Sylveon|Hyper Voice|p1b: Boop\n|-damage|p1b: Boop|0 fnt\n|faint|p1b: Boop\n|\n|win|add1_layer\n","uploadtime":1681751988,"views":9,"p1id":"zkingofdeath","p2id":"add1layer","formatid":"gen9vgc2023regulationc","rating":0,"private":0,"password":""}