{"id":"gen9vgc2023regulationc-1849355220","p1":"cynthiacfm","p2":"Tameryn","format":"[Gen 9] VGC 2023 Regulation C","log":"|j|\u2606cynthiacfm\n|j|\u2606Tameryn\n|t:|1682189296\n|gametype|doubles\n|player|p1|cynthiacfm|iris-gen5bw2|1167\n|player|p2|Tameryn|n|1258\n|teamsize|p1|6\n|teamsize|p2|6\n|gen|9\n|tier|[Gen 9] VGC 2023 Regulation C\n|rated|\n|rule|Species Clause: Limit one of each Pok\u00e9mon\n|rule|Item Clause: Limit one of each item\n|clearpoke\n|poke|p1|Chien-Pao, L50|\n|poke|p1|Dragonite, L50, M|\n|poke|p1|Farigiraf, L50, F|\n|poke|p1|Flutter Mane, L50|\n|poke|p1|Iron Hands, L50|\n|poke|p1|Amoonguss, L50, F|\n|poke|p2|Garganacl, L50, M|\n|poke|p2|Amoonguss, L50, F|\n|poke|p2|Arcanine, L50, F|\n|poke|p2|Ting-Lu, L50|\n|poke|p2|Iron Bundle, L50|\n|poke|p2|Roaring Moon, L50|\n|teampreview|4\n|\n|t:|1682189327\n|start\n|switch|p1a: Chien-Pao|Chien-Pao, L50|100\/100\n|switch|p1b: Dragonite|Dragonite, L50, M, shiny|100\/100\n|switch|p2a: Garganacl|Garganacl, L50, M|100\/100\n|switch|p2b: Arcanine|Arcanine, L50, F|100\/100\n|-ability|p1a: Chien-Pao|Sword of Ruin\n|-ability|p2b: Arcanine|Intimidate|boost\n|-unboost|p1a: Chien-Pao|atk|1\n|-fail|p1b: Dragonite|unboost|Attack|[from] ability: Inner Focus|[of] p1b: Dragonite\n|turn|1\n|\n|t:|1682189395\n|-terastallize|p1b: Dragonite|Normal\n|-terastallize|p2a: Garganacl|Ghost\n|move|p1b: Dragonite|Extreme Speed|p2b: Arcanine\n|-damage|p2b: Arcanine|0 fnt\n|faint|p2b: Arcanine\n|move|p1a: Chien-Pao|Sacred Sword|p2a: Garganacl\n|-immune|p2a: Garganacl\n|move|p2a: Garganacl|Salt Cure|p1b: Dragonite\n|-damage|p1b: Dragonite|80\/100\n|-start|p1b: Dragonite|Salt Cure\n|\n|-damage|p1b: Dragonite|68\/100|[from] Salt Cure\n|upkeep\n|\n|t:|1682189423\n|switch|p2b: Amoonguss|Amoonguss, L50, F|100\/100\n|turn|2\n|\n|t:|1682189447\n|switch|p1b: Iron Hands|Iron Hands, L50, shiny|100\/100\n|move|p2b: Amoonguss|Protect|p2b: Amoonguss\n|-singleturn|p2b: Amoonguss|Protect\n|move|p1a: Chien-Pao|Sucker Punch|p2a: Garganacl\n|-supereffective|p2a: Garganacl\n|-damage|p2a: Garganacl|60\/100\n|move|p2a: Garganacl|Salt Cure|p1a: Chien-Pao\n|-supereffective|p1a: Chien-Pao\n|-damage|p1a: Chien-Pao|62\/100\n|-start|p1a: Chien-Pao|Salt Cure\n|\n|-heal|p2a: Garganacl|66\/100|[from] item: Leftovers\n|-damage|p1a: Chien-Pao|50\/100|[from] Salt Cure\n|upkeep\n|turn|3\n|\n|t:|1682189530\n|move|p1b: Iron Hands|Fake Out|p2b: Amoonguss\n|-damage|p2b: Amoonguss|82\/100\n|move|p1a: Chien-Pao|Sucker Punch||[still]\n|-fail|p1a: Chien-Pao\n|move|p2a: Garganacl|Recover|p2a: Garganacl\n|-heal|p2a: Garganacl|100\/100\n|cant|p2b: Amoonguss|flinch\n|\n|-damage|p1a: Chien-Pao|37\/100|[from] Salt Cure\n|upkeep\n|turn|4\n|\n|t:|1682189561\n|move|p1a: Chien-Pao|Protect|p1a: Chien-Pao\n|-singleturn|p1a: Chien-Pao|Protect\n|move|p2b: Amoonguss|Protect|p2b: Amoonguss\n|-singleturn|p2b: Amoonguss|Protect\n|move|p1b: Iron Hands|Heavy Slam|p2a: Garganacl\n|-damage|p2a: Garganacl|88\/100\n|move|p2a: Garganacl|Salt Cure|p1a: Chien-Pao\n|-activate|p1a: Chien-Pao|move: Protect\n|\n|-heal|p2a: Garganacl|94\/100|[from] item: Leftovers\n|-damage|p1a: Chien-Pao|25\/100|[from] Salt Cure\n|upkeep\n|turn|5\n|\n|t:|1682189588\n|move|p1a: Chien-Pao|Ice Spinner|p2b: Amoonguss\n|-supereffective|p2b: Amoonguss\n|-damage|p2b: Amoonguss|16\/100\n|-enditem|p2b: Amoonguss|Sitrus Berry|[eat]\n|-heal|p2b: Amoonguss|41\/100|[from] item: Sitrus Berry\n|move|p1b: Iron Hands|Heavy Slam|p2b: Amoonguss\n|-damage|p2b: Amoonguss|0 fnt\n|faint|p2b: Amoonguss\n|move|p2a: Garganacl|Stealth Rock|p1a: Chien-Pao\n|-sidestart|p1: cynthiacfm|move: Stealth Rock\n|\n|-heal|p2a: Garganacl|99\/100|[from] item: Leftovers\n|-damage|p1a: Chien-Pao|13\/100|[from] Salt Cure\n|upkeep\n|\n|t:|1682189601\n|switch|p2b: Ting-Lu|Ting-Lu, L50|100\/100\n|-ability|p2b: Ting-Lu|Vessel of Ruin\n|turn|6\n|\n|t:|1682189625\n|move|p1a: Chien-Pao|Sacred Sword|p2b: Ting-Lu\n|-supereffective|p2b: Ting-Lu\n|-damage|p2b: Ting-Lu|65\/100\n|move|p1b: Iron Hands|Drain Punch|p2b: Ting-Lu\n|-supereffective|p2b: Ting-Lu\n|-damage|p2b: Ting-Lu|0 fnt\n|faint|p2b: Ting-Lu\n|move|p2a: Garganacl|Salt Cure|p1b: Iron Hands\n|-resisted|p1b: Iron Hands\n|-damage|p1b: Iron Hands|95\/100\n|-start|p1b: Iron Hands|Salt Cure\n|\n|-heal|p2a: Garganacl|100\/100|[from] item: Leftovers\n|-damage|p1a: Chien-Pao|0 fnt|[from] Salt Cure\n|faint|p1a: Chien-Pao\n|-damage|p1b: Iron Hands|82\/100|[from] Salt Cure\n|upkeep\n|\n|t:|1682189653\n|switch|p1a: Farigiraf|Farigiraf, L50, F|100\/100\n|-damage|p1a: Farigiraf|88\/100|[from] Stealth Rock\n|turn|7\n|\n|t:|1682189668\n|move|p1a: Farigiraf|Dazzling Gleam|p2a: Garganacl\n|-crit|p2a: Garganacl\n|-damage|p2a: Garganacl|70\/100\n|move|p1b: Iron Hands|Heavy Slam|p2a: Garganacl\n|-damage|p2a: Garganacl|59\/100\n|move|p2a: Garganacl|Salt Cure|p1a: Farigiraf\n|-damage|p1a: Farigiraf|74\/100\n|-start|p1a: Farigiraf|Salt Cure\n|\n|-heal|p2a: Garganacl|65\/100|[from] item: Leftovers\n|-damage|p1a: Farigiraf|61\/100|[from] Salt Cure\n|-damage|p1b: Iron Hands|70\/100|[from] Salt Cure\n|upkeep\n|turn|8\n|\n|t:|1682189682\n|move|p2a: Garganacl|Protect|p2a: Garganacl\n|-singleturn|p2a: Garganacl|Protect\n|move|p1a: Farigiraf|Dazzling Gleam|p2a: Garganacl\n|-activate|p2a: Garganacl|move: Protect\n|move|p1b: Iron Hands|Heavy Slam|p2a: Garganacl\n|-activate|p2a: Garganacl|move: Protect\n|\n|-heal|p2a: Garganacl|71\/100|[from] item: Leftovers\n|-damage|p1a: Farigiraf|49\/100|[from] Salt Cure\n|-damage|p1b: Iron Hands|58\/100|[from] Salt Cure\n|upkeep\n|turn|9\n|\n|t:|1682189700\n|move|p1a: Farigiraf|Dazzling Gleam|p2a: Garganacl\n|-damage|p2a: Garganacl|52\/100\n|move|p1b: Iron Hands|Heavy Slam|p2a: Garganacl\n|-damage|p2a: Garganacl|42\/100\n|move|p2a: Garganacl|Recover|p2a: Garganacl\n|-heal|p2a: Garganacl|92\/100\n|\n|-heal|p2a: Garganacl|98\/100|[from] item: Leftovers\n|-damage|p1a: Farigiraf|37\/100|[from] Salt Cure\n|-damage|p1b: Iron Hands|46\/100|[from] Salt Cure\n|upkeep\n|turn|10\n|\n|t:|1682189715\n|move|p2a: Garganacl|Protect|p2a: Garganacl\n|-singleturn|p2a: Garganacl|Protect\n|move|p1a: Farigiraf|Dazzling Gleam|p2a: Garganacl\n|-activate|p2a: Garganacl|move: Protect\n|move|p1b: Iron Hands|Heavy Slam|p2a: Garganacl\n|-activate|p2a: Garganacl|move: Protect\n|\n|-heal|p2a: Garganacl|100\/100|[from] item: Leftovers\n|-damage|p1a: Farigiraf|24\/100|[from] Salt Cure\n|-damage|p1b: Iron Hands|33\/100|[from] Salt Cure\n|upkeep\n|turn|11\n|\n|t:|1682189738\n|move|p1a: Farigiraf|Dazzling Gleam|p2a: Garganacl\n|-damage|p2a: Garganacl|79\/100\n|move|p1b: Iron Hands|Heavy Slam|p2a: Garganacl\n|-damage|p2a: Garganacl|69\/100\n|move|p2a: Garganacl|Salt Cure|p1a: Farigiraf\n|-crit|p1a: Farigiraf\n|-damage|p1a: Farigiraf|1\/100\n|\n|-heal|p2a: Garganacl|75\/100|[from] item: Leftovers\n|-damage|p1a: Farigiraf|0 fnt|[from] Salt Cure\n|faint|p1a: Farigiraf\n|-damage|p1b: Iron Hands|21\/100|[from] Salt Cure\n|upkeep\n|\n|t:|1682189764\n|switch|p1a: Dragonite|Dragonite, L50, M, shiny, tera:Normal|68\/100\n|-damage|p1a: Dragonite|56\/100|[from] Stealth Rock\n|turn|12\n|\n|t:|1682189779\n|move|p2a: Garganacl|Protect|p2a: Garganacl\n|-singleturn|p2a: Garganacl|Protect\n|move|p1a: Dragonite|Earthquake|p2a: Garganacl|[spread] p1b\n|-activate|p2a: Garganacl|move: Protect\n|-supereffective|p1b: Iron Hands\n|-damage|p1b: Iron Hands|0 fnt\n|faint|p1b: Iron Hands\n|-end|p1b: Iron Hands|Quark Drive|[silent]\n|\n|-heal|p2a: Garganacl|81\/100|[from] item: Leftovers\n|upkeep\n|turn|13\n|\n|t:|1682189789\n|move|p1a: Dragonite|Earthquake|p2a: Garganacl\n|-damage|p2a: Garganacl|46\/100\n|move|p2a: Garganacl|Recover|p2a: Garganacl\n|-heal|p2a: Garganacl|96\/100\n|\n|-heal|p2a: Garganacl|100\/100|[from] item: Leftovers\n|upkeep\n|turn|14\n|\n|t:|1682189796\n|move|p1a: Dragonite|Earthquake|p2a: Garganacl\n|-damage|p2a: Garganacl|69\/100\n|move|p2a: Garganacl|Salt Cure|p1a: Dragonite\n|-damage|p1a: Dragonite|38\/100\n|-start|p1a: Dragonite|Salt Cure\n|\n|-heal|p2a: Garganacl|74\/100|[from] item: Leftovers\n|-damage|p1a: Dragonite|26\/100|[from] Salt Cure\n|upkeep\n|turn|15\n|\n|t:|1682189803\n|move|p2a: Garganacl|Protect|p2a: Garganacl\n|-singleturn|p2a: Garganacl|Protect\n|move|p1a: Dragonite|Earthquake|p2a: Garganacl\n|-activate|p2a: Garganacl|move: Protect\n|\n|-heal|p2a: Garganacl|80\/100|[from] item: Leftovers\n|-damage|p1a: Dragonite|14\/100|[from] Salt Cure\n|upkeep\n|turn|16\n|\n|t:|1682189811\n|move|p1a: Dragonite|Earthquake|p2a: Garganacl\n|-damage|p2a: Garganacl|45\/100\n|move|p2a: Garganacl|Recover|p2a: Garganacl\n|-heal|p2a: Garganacl|96\/100\n|\n|-heal|p2a: Garganacl|100\/100|[from] item: Leftovers\n|-damage|p1a: Dragonite|2\/100|[from] Salt Cure\n|upkeep\n|turn|17\n|\n|t:|1682189819\n|move|p2a: Garganacl|Protect|p2a: Garganacl\n|-singleturn|p2a: Garganacl|Protect\n|move|p1a: Dragonite|Earthquake|p2a: Garganacl\n|-activate|p2a: Garganacl|move: Protect\n|\n|-damage|p1a: Dragonite|0 fnt|[from] Salt Cure\n|faint|p1a: Dragonite\n|\n|win|Tameryn\n|upkeep\n|raw|cynthiacfm's rating: 1167 → 1148<\/strong> (-19 for losing)\n|raw|Tameryn's rating: 1258 → 1277<\/strong> (+19 for winning)\n|c|\u2606Tameryn|gg\n|l|\u2606cynthiacfm\n","uploadtime":1682190025,"views":9,"p1id":"cynthiacfm","p2id":"tameryn","formatid":"gen9vgc2023regulationc","rating":1148,"private":0,"password":""}