{"id":"gen9vgc2023regulationc-1862189817","p1":"Felipe.Miller.V","p2":"drv12","format":"[Gen 9] VGC 2023 Regulation C","log":"|j|\u2606Felipe.Miller.V\n|j|\u2606drv12\n|t:|1683847283\n|gametype|doubles\n|player|p1|Felipe.Miller.V|plasmagrunt-gen5bw|1332\n|player|p2|drv12|rosa|1360\n|teamsize|p1|6\n|teamsize|p2|6\n|gen|9\n|tier|[Gen 9] VGC 2023 Regulation C\n|rated|\n|rule|Species Clause: Limit one of each Pok\u00e9mon\n|rule|Item Clause: Limit one of each item\n|clearpoke\n|poke|p1|Dondozo, L50, F|\n|poke|p1|Tatsugiri-Stretchy, L50, M|\n|poke|p1|Dragonite, L50, M|\n|poke|p1|Chi-Yu, L50|\n|poke|p1|Iron Bundle, L50|\n|poke|p1|Flutter Mane, L50|\n|poke|p2|Torkoal, L50, F|\n|poke|p2|Armarouge, L50, M|\n|poke|p2|Pelipper, L50, M|\n|poke|p2|Indeedee, L50, M|\n|poke|p2|Gallade, L50, M|\n|poke|p2|Flutter Mane, L50|\n|teampreview|4\n|inactive|Battle timer is ON: inactive players will automatically lose when time's up. (requested by Felipe.Miller.V)\n|inactive|drv12 has 60 seconds left.\n|\n|t:|1683847347\n|start\n|switch|p1a: Dondozo|Dondozo, L50, F|100\/100\n|switch|p1b: Tatsugiri|Tatsugiri-Stretchy, L50, M|100\/100\n|switch|p2a: Pelipper|Pelipper, L50, M|100\/100\n|switch|p2b: Gallade|Gallade, L50, M|100\/100\n|-activate|p1b: Tatsugiri|ability: Commander|[of] p1a: Dondozo\n|-boost|p1a: Dondozo|atk|2\n|-boost|p1a: Dondozo|spa|2\n|-boost|p1a: Dondozo|spe|2\n|-boost|p1a: Dondozo|def|2\n|-boost|p1a: Dondozo|spd|2\n|-weather|RainDance|[from] ability: Drizzle|[of] p2a: Pelipper\n|turn|1\n|\n|t:|1683847364\n|move|p2b: Gallade|Protect|p2b: Gallade\n|-singleturn|p2b: Gallade|Protect\n|move|p2a: Pelipper|Tailwind|p2a: Pelipper\n|-sidestart|p2: drv12|move: Tailwind\n|move|p1a: Dondozo|Wave Crash|p2b: Gallade\n|-activate|p2b: Gallade|move: Protect\n|\n|-weather|RainDance|[upkeep]\n|upkeep\n|turn|2\n|inactive|drv12 has 30 seconds left.\n|inactive|drv12 has 20 seconds left.\n|inactive|drv12 has 15 seconds left.\n|inactive|drv12 has 10 seconds left.\n|inactive|drv12 has 5 seconds left.\n|\n|t:|1683847419\n|move|p2a: Pelipper|Hydro Pump|p1b: Tatsugiri|[miss]\n|-miss|p2a: Pelipper|p1b: Tatsugiri\n|move|p2b: Gallade|Psycho Cut|p1b: Tatsugiri|[miss]\n|-miss|p2b: Gallade|p1b: Tatsugiri\n|move|p1a: Dondozo|Wave Crash|p2b: Gallade\n|-damage|p2b: Gallade|0 fnt\n|faint|p2b: Gallade\n|-damage|p1a: Dondozo|78\/100|[from] Recoil\n|\n|-weather|RainDance|[upkeep]\n|-heal|p1a: Dondozo|84\/100|[from] item: Leftovers\n|upkeep\n|\n|t:|1683847426\n|switch|p2b: Indeedee|Indeedee, L50, M|100\/100\n|-fieldstart|move: Psychic Terrain|[from] ability: Psychic Surge|[of] p2b: Indeedee\n|turn|3\n|\n|t:|1683847435\n|move|p2b: Indeedee|Trick|p1a: Dondozo\n|-activate|p2b: Indeedee|move: Trick|[of] p1a: Dondozo\n|-item|p1a: Dondozo|Choice Scarf|[from] move: Trick\n|-item|p2b: Indeedee|Leftovers|[from] move: Trick\n|move|p2a: Pelipper|Hurricane|p1a: Dondozo\n|-damage|p1a: Dondozo|60\/100\n|move|p1a: Dondozo|Wave Crash|p2b: Indeedee\n|-damage|p2b: Indeedee|0 fnt\n|faint|p2b: Indeedee\n|-damage|p1a: Dondozo|42\/100|[from] Recoil\n|\n|-weather|RainDance|[upkeep]\n|upkeep\n|\n|t:|1683847443\n|switch|p2b: Flutter Mane|Flutter Mane, L50|100\/100\n|turn|4\n|\n|t:|1683847449\n|move|p2b: Flutter Mane|Dazzling Gleam|p1a: Dondozo|[spread] p1a\n|-miss|p2b: Flutter Mane|p1b: Tatsugiri\n|-damage|p1a: Dondozo|19\/100\n|move|p2a: Pelipper|Hurricane|p1a: Dondozo\n|-damage|p1a: Dondozo|0 fnt\n|faint|p1a: Dondozo\n|\n|-weather|RainDance|[upkeep]\n|-sideend|p2: drv12|move: Tailwind\n|upkeep\n|\n|t:|1683847462\n|switch|p1a: Flutter Mane|Flutter Mane, L50|100\/100\n|turn|5\n|\n|t:|1683847477\n|-terastallize|p2b: Flutter Mane|Fairy\n|-terastallize|p1a: Flutter Mane|Fairy\n|move|p2b: Flutter Mane|Dazzling Gleam|p1b: Tatsugiri|[spread] p1a,p1b\n|-supereffective|p1b: Tatsugiri\n|-damage|p1a: Flutter Mane|30\/100\n|-damage|p1b: Tatsugiri|0 fnt\n|faint|p1b: Tatsugiri\n|move|p1a: Flutter Mane|Dazzling Gleam|p2b: Flutter Mane|[spread] p2a,p2b\n|-enditem|p2a: Pelipper|Focus Sash\n|-damage|p2a: Pelipper|1\/100\n|-damage|p2b: Flutter Mane|31\/100\n|move|p2a: Pelipper|Tailwind|p2a: Pelipper\n|-sidestart|p2: drv12|move: Tailwind\n|\n|-weather|none\n|upkeep\n|\n|t:|1683847489\n|switch|p1b: Chi-Yu|Chi-Yu, L50|100\/100\n|-ability|p1b: Chi-Yu|Beads of Ruin\n|turn|6\n|\n|t:|1683847507\n|move|p2b: Flutter Mane|Dazzling Gleam|p1a: Flutter Mane|[spread] p1a,p1b\n|-damage|p1a: Flutter Mane|0 fnt\n|-damage|p1b: Chi-Yu|30\/100\n|faint|p1a: Flutter Mane\n|-end|p1a: Flutter Mane|Protosynthesis|[silent]\n|move|p2a: Pelipper|Hydro Pump|p1b: Chi-Yu\n|-supereffective|p1b: Chi-Yu\n|-damage|p1b: Chi-Yu|0 fnt\n|faint|p1b: Chi-Yu\n|\n|win|drv12\n|raw|Felipe.Miller.V's rating: 1332 → 1314<\/strong> (-18 for losing)\n|raw|drv12's rating: 1360 → 1378<\/strong> (+18 for winning)\n|l|\u2606Felipe.Miller.V\n|l|\u2606drv12\n|j|\u2606drv12\n|player|p2|drv12|rosa\n","uploadtime":1683848373,"views":7,"p1id":"felipemillerv","p2id":"drv12","formatid":"gen9vgc2023regulationc","rating":1314,"private":0,"password":""}