{"id":"gen9vgc2023regulationc-1846280024","p1":"kumanekopokerus","p2":"LunesMoon","format":"[Gen 9] VGC 2023 Regulation C","log":"|j|\u2606kumanekopokerus\n|j|\u2606LunesMoon\n|t:|1681828034\n|gametype|doubles\n|player|p1|kumanekopokerus|169|1300\n|player|p2|LunesMoon|guitarist|1241\n|teamsize|p1|6\n|teamsize|p2|6\n|gen|9\n|tier|[Gen 9] VGC 2023 Regulation C\n|rated|\n|rule|Species Clause: Limit one of each Pok\u00e9mon\n|rule|Item Clause: Limit one of each item\n|clearpoke\n|poke|p1|Amoonguss, L50, M|\n|poke|p1|Annihilape, L50, M|\n|poke|p1|Chien-Pao, L50|\n|poke|p1|Dragonite, L50, M|\n|poke|p1|Flutter Mane, L50|\n|poke|p1|Ting-Lu, L50|\n|poke|p2|Sylveon, L50, F|\n|poke|p2|Amoonguss, L50, F|\n|poke|p2|Palafin, L50, M|\n|poke|p2|Chi-Yu, L50|\n|poke|p2|Flutter Mane, L50|\n|poke|p2|Kingambit, L50, F|\n|teampreview|4\n|inactive|Battle timer is ON: inactive players will automatically lose when time's up. (requested by LunesMoon)\n|inactive|kumanekopokerus has 60 seconds left.\n|\n|t:|1681828126\n|start\n|switch|p1a: Chien-Pao|Chien-Pao, L50|100\/100\n|switch|p1b: Dragonite|Dragonite, L50, M|100\/100\n|switch|p2a: Palafin|Palafin, L50, M|100\/100\n|switch|p2b: Amoonguss|Amoonguss, L50, F, shiny|100\/100\n|-ability|p1a: Chien-Pao|Sword of Ruin\n|turn|1\n|inactive|kumanekopokerus has 30 seconds left.\n|inactive|LunesMoon has 30 seconds left.\n|inactive|kumanekopokerus has 20 seconds left.\n|inactive|LunesMoon has 20 seconds left.\n|\n|t:|1681828167\n|detailschange|p2a: Palafin|Palafin-Hero, L50, M\n|switch|p2a: Chi-Yu|Chi-Yu, L50|100\/100\n|-ability|p2a: Chi-Yu|Beads of Ruin\n|-terastallize|p1b: Dragonite|Flying\n|move|p1a: Chien-Pao|Ice Spinner|p2b: Amoonguss\n|-supereffective|p2b: Amoonguss\n|-damage|p2b: Amoonguss|13\/100\n|-enditem|p2b: Amoonguss|Aguav Berry|[eat]\n|-heal|p2b: Amoonguss|46\/100|[from] item: Aguav Berry\n|move|p1b: Dragonite|Tera Blast|p2b: Amoonguss\n|-supereffective|p2b: Amoonguss\n|-damage|p2b: Amoonguss|0 fnt\n|faint|p2b: Amoonguss\n|\n|upkeep\n|\n|t:|1681828181\n|switch|p2b: Flutter Mane|Flutter Mane, L50|100\/100\n|turn|2\n|inactive|kumanekopokerus has 30 seconds left.\n|\n|t:|1681828213\n|-terastallize|p2b: Flutter Mane|Fairy\n|move|p1a: Chien-Pao|Ice Spinner|p2b: Flutter Mane\n|-damage|p2b: Flutter Mane|2\/100\n|move|p2b: Flutter Mane|Dazzling Gleam|p1b: Dragonite|[spread] p1a,p1b\n|-supereffective|p1a: Chien-Pao\n|-crit|p1b: Dragonite\n|-enditem|p1a: Chien-Pao|Focus Sash\n|-damage|p1a: Chien-Pao|1\/100\n|-damage|p1b: Dragonite|0 fnt\n|faint|p1b: Dragonite\n|move|p2a: Chi-Yu|Heat Wave|p1a: Chien-Pao\n|-supereffective|p1a: Chien-Pao\n|-damage|p1a: Chien-Pao|0 fnt\n|faint|p1a: Chien-Pao\n|\n|upkeep\n|\n|t:|1681828229\n|switch|p1a: Annihilape|Annihilape, L50, M|100\/100\n|switch|p1b: Amoonguss|Amoonguss, L50, M|100\/100\n|turn|3\n|inactive|kumanekopokerus has 30 seconds left.\n|inactive|kumanekopokerus has 20 seconds left.\n|inactive|kumanekopokerus has 15 seconds left.\n|\n|t:|1681828270\n|move|p1a: Annihilape|Protect|p1a: Annihilape\n|-singleturn|p1a: Annihilape|Protect\n|move|p2b: Flutter Mane|Dazzling Gleam|p1b: Amoonguss|[spread] p1b\n|-activate|p1a: Annihilape|move: Protect\n|-resisted|p1b: Amoonguss\n|-damage|p1b: Amoonguss|65\/100\n|move|p2a: Chi-Yu|Heat Wave|p1b: Amoonguss|[spread] \n|-activate|p1a: Annihilape|move: Protect\n|-miss|p2a: Chi-Yu|p1b: Amoonguss\n|move|p1b: Amoonguss|Spore|p2b: Flutter Mane\n|-status|p2b: Flutter Mane|slp|[from] move: Spore\n|\n|upkeep\n|turn|4\n|\n|t:|1681828293\n|move|p1b: Amoonguss|Protect|p1b: Amoonguss\n|-singleturn|p1b: Amoonguss|Protect\n|cant|p2b: Flutter Mane|slp\n|move|p2a: Chi-Yu|Nasty Plot|p2a: Chi-Yu\n|-boost|p2a: Chi-Yu|spa|2\n|move|p1a: Annihilape|Drain Punch|p2a: Chi-Yu\n|-supereffective|p2a: Chi-Yu\n|-enditem|p2a: Chi-Yu|Focus Sash\n|-damage|p2a: Chi-Yu|1\/100\n|\n|upkeep\n|turn|5\n|\n|t:|1681828316\n|cant|p2b: Flutter Mane|slp\n|move|p2a: Chi-Yu|Heat Wave|p1a: Annihilape|[spread] p1a,p1b\n|-supereffective|p1b: Amoonguss\n|-damage|p1a: Annihilape|8\/100\n|-damage|p1b: Amoonguss|0 fnt\n|faint|p1b: Amoonguss\n|move|p1a: Annihilape|Drain Punch|p2a: Chi-Yu\n|-supereffective|p2a: Chi-Yu\n|-damage|p2a: Chi-Yu|0 fnt\n|-heal|p1a: Annihilape|8\/100|[from] drain|[of] p2a: Chi-Yu\n|faint|p2a: Chi-Yu\n|\n|-heal|p1a: Annihilape|14\/100|[from] item: Leftovers\n|upkeep\n|\n|t:|1681828328\n|switch|p2a: Palafin|Palafin-Hero, L50, M|100\/100\n|-activate|p2a: Palafin|ability: Zero to Hero\n|turn|6\n|-message|kumanekopokerus forfeited.\n|\n|win|LunesMoon\n|raw|kumanekopokerus's rating: 1300 → 1271<\/strong> (-29 for losing)\n|raw|LunesMoon's rating: 1241 → 1270<\/strong> (+29 for winning)\n|l|\u2606kumanekopokerus\n","uploadtime":1681828345,"views":11,"p1id":"kumanekopokerus","p2id":"lunesmoon","formatid":"gen9vgc2023regulationc","rating":1270,"private":0,"password":""}