{"id":"gen9vgc2023regulationc-1861913359","p1":"LittleBig18","p2":"Nehzzy","format":"[Gen 9] VGC 2023 Regulation C","log":"|j|\u2606LittleBig18\n|j|\u2606Nehzzy\n|t:|1683820249\n|gametype|doubles\n|player|p1|LittleBig18|n|1242\n|player|p2|Nehzzy|steven|1280\n|teamsize|p1|6\n|teamsize|p2|6\n|gen|9\n|tier|[Gen 9] VGC 2023 Regulation C\n|rated|\n|rule|Species Clause: Limit one of each Pok\u00e9mon\n|rule|Item Clause: Limit one of each item\n|clearpoke\n|poke|p1|Ceruledge, L50, M|\n|poke|p1|Scream Tail, L50|\n|poke|p1|Gyarados, L50, M|\n|poke|p1|Flutter Mane, L50|\n|poke|p1|Kingambit, L50, M|\n|poke|p1|Amoonguss, L50, M|\n|poke|p2|Amoonguss, L50, F|\n|poke|p2|Gyarados, L50, F|\n|poke|p2|Murkrow, L50, M|\n|poke|p2|Great Tusk, L50|\n|poke|p2|Flutter Mane, L50|\n|poke|p2|Gholdengo, L50|\n|teampreview|4\nLittleBig18 has agreed to open team sheets.\n|\n|t:|1683820271\n|start\n|switch|p1a: Ceruledge|Ceruledge, L50, M|100\/100\n|switch|p1b: Scream Tail|Scream Tail, L50|100\/100\n|switch|p2a: Murkrow|Murkrow, L50, M|100\/100\n|switch|p2b: Flutter Mane|Flutter Mane, L50|100\/100\n|-enditem|p1b: Scream Tail|Booster Energy\n|-activate|p1b: Scream Tail|ability: Protosynthesis|[fromitem]\n|-start|p1b: Scream Tail|protosynthesisspe\n|turn|1\n|\n|t:|1683820288\n|move|p1a: Ceruledge|Protect|p1a: Ceruledge\n|-singleturn|p1a: Ceruledge|Protect\n|move|p2a: Murkrow|Sunny Day|p2a: Murkrow\n|-weather|SunnyDay\n|-activate|p2b: Flutter Mane|ability: Protosynthesis\n|-start|p2b: Flutter Mane|protosynthesisspa\n|move|p1b: Scream Tail|Howl|p1b: Scream Tail|[spread] p1a,p1b\n|-boost|p1a: Ceruledge|atk|1\n|-boost|p1b: Scream Tail|atk|1\n|move|p2b: Flutter Mane|Shadow Ball|p1b: Scream Tail\n|-supereffective|p1b: Scream Tail\n|-damage|p1b: Scream Tail|0 fnt\n|faint|p1b: Scream Tail\n|-end|p1b: Scream Tail|Protosynthesis|[silent]\n|\n|-weather|SunnyDay|[upkeep]\n|upkeep\n|\n|t:|1683820301\n|switch|p1b: Kingambit|Kingambit, L50, M|100\/100\n|turn|2\n|\n|t:|1683820312\n|-terastallize|p2b: Flutter Mane|Fairy\n|move|p2a: Murkrow|Tailwind|p2a: Murkrow\n|-sidestart|p2: Nehzzy|move: Tailwind\n|move|p1a: Ceruledge|Shadow Sneak|p2b: Flutter Mane\n|-damage|p2b: Flutter Mane|49\/100\n|move|p2b: Flutter Mane|Shadow Ball|p1a: Ceruledge\n|-supereffective|p1a: Ceruledge\n|-damage|p1a: Ceruledge|0 fnt\n|faint|p1a: Ceruledge\n|move|p1b: Kingambit|Iron Head|p2a: Murkrow\n|-damage|p2a: Murkrow|54\/100\n|\n|-weather|SunnyDay|[upkeep]\n|upkeep\n|\n|t:|1683820323\n|switch|p1a: Gyarados|Gyarados, L50, M|100\/100\n|-ability|p1a: Gyarados|Intimidate|boost\n|-unboost|p2a: Murkrow|atk|1\n|-unboost|p2b: Flutter Mane|atk|1\n|turn|3\n|\n|t:|1683820345\n|-end|p2b: Flutter Mane|Protosynthesis|[silent]\n|switch|p2b: Great Tusk|Great Tusk, L50|100\/100\n|-activate|p2b: Great Tusk|ability: Protosynthesis\n|-start|p2b: Great Tusk|protosynthesisatk\n|-terastallize|p1b: Kingambit|Flying\n|move|p2a: Murkrow|Foul Play|p1a: Gyarados\n|-crit|p1a: Gyarados\n|-damage|p1a: Gyarados|10\/100\n|move|p1a: Gyarados|Icy Wind|p2a: Murkrow|[spread] p2a,p2b\n|-supereffective|p2a: Murkrow\n|-supereffective|p2b: Great Tusk\n|-damage|p2a: Murkrow|42\/100\n|-damage|p2b: Great Tusk|82\/100\n|-unboost|p2a: Murkrow|spe|1\n|-unboost|p2b: Great Tusk|spe|1\n|move|p1b: Kingambit|Assurance|p2b: Great Tusk\n|-resisted|p2b: Great Tusk\n|-damage|p2b: Great Tusk|57\/100\n|\n|-weather|SunnyDay|[upkeep]\n|upkeep\n|turn|4\n|\n|t:|1683820372\n|move|p1a: Gyarados|Protect|p1a: Gyarados\n|-singleturn|p1a: Gyarados|Protect\n|move|p2b: Great Tusk|Rock Slide|p1b: Kingambit|[spread] p1b\n|-activate|p1a: Gyarados|move: Protect\n|-supereffective|p1b: Kingambit\n|-damage|p1b: Kingambit|62\/100\n|move|p2a: Murkrow|Foul Play|p1b: Kingambit\n|-damage|p1b: Kingambit|25\/100\n|cant|p1b: Kingambit|flinch\n|\n|-weather|SunnyDay|[upkeep]\n|upkeep\n|turn|5\n|-message|LittleBig18 forfeited.\n|\n|win|Nehzzy\n|raw|LittleBig18's rating: 1242 → 1220<\/strong> (-22 for losing)\n|raw|Nehzzy's rating: 1280 → 1302<\/strong> (+22 for winning)\n|l|\u2606LittleBig18\n","uploadtime":1683820390,"views":14,"p1id":"littlebig18","p2id":"nehzzy","formatid":"gen9vgc2023regulationc","rating":1220,"private":0,"password":""}