{"id":"gen9vgc2023regulationc-1848984356","p1":"ManciniTheAmazing","p2":"Camodude27","format":"[Gen 9] VGC 2023 Regulation C","log":"|j|\u2606ManciniTheAmazing\n|j|\u2606Camodude27\n|t:|1682134623\n|gametype|doubles\n|player|p1|ManciniTheAmazing|2|\n|player|p2|Camodude27|palmer|\n|teamsize|p1|6\n|teamsize|p2|6\n|gen|9\n|tier|[Gen 9] VGC 2023 Regulation C\n|rule|Species Clause: Limit one of each Pok\u00e9mon\n|rule|Item Clause: Limit one of each item\n|clearpoke\n|poke|p1|Gholdengo, L50|\n|poke|p1|Grimmsnarl, L50, M|\n|poke|p1|Veluza, L50, F|\n|poke|p1|Toxtricity, L50, M|\n|poke|p1|Tauros-Paldea-Aqua, L50, M|\n|poke|p1|Hattrem, L50, F|\n|poke|p2|Kilowattrel, L50, M|\n|poke|p2|Chi-Yu, L50|\n|poke|p2|Meowscarada, L50, F|\n|poke|p2|Gardevoir, L50, M|\n|poke|p2|Persian, L50, F|\n|poke|p2|Vaporeon, L50, M|\n|teampreview|4\n|c|\u2606ManciniTheAmazing|g2\n|c|\u2606ManciniTheAmazing|glhf\n|c|\u2606Camodude27|u2\n|\n|t:|1682135049\n|start\n|switch|p1a: Yowie|Grimmsnarl, L50, M|100\/100\n|switch|p1b: Boomerang|Hattrem, L50, F|100\/100\n|switch|p2a: Chi-Yu|Chi-Yu, L50|100\/100\n|switch|p2b: Meowscarada|Meowscarada, L50, F|100\/100\n|-ability|p2a: Chi-Yu|Beads of Ruin\n|-item|p2a: Chi-Yu|Life Orb|[from] ability: Frisk|[of] p1a: Yowie|[identify]\n|-item|p2b: Meowscarada|Focus Sash|[from] ability: Frisk|[of] p1a: Yowie|[identify]\n|turn|1\n|\n|t:|1682135083\n|-terastallize|p1b: Boomerang|Ghost\n|move|p1a: Yowie|Fake Out|p2a: Chi-Yu\n|-damage|p2a: Chi-Yu|81\/100\n|move|p2b: Meowscarada|Knock Off|p1b: Boomerang\n|-supereffective|p1b: Boomerang\n|-damage|p1b: Boomerang|26\/100\n|-enditem|p1b: Boomerang|Eviolite|[from] move: Knock Off|[of] p2b: Meowscarada\n|cant|p2a: Chi-Yu|flinch\n|move|p1b: Boomerang|Trick Room|p1b: Boomerang\n|-fieldstart|move: Trick Room|[of] p1b: Boomerang\n|\n|upkeep\n|turn|2\n|\n|t:|1682135163\n|move|p2b: Meowscarada|Protect|p2b: Meowscarada\n|-singleturn|p2b: Meowscarada|Protect\n|move|p1b: Boomerang|Mystical Fire|p2a: Chi-Yu\n|-resisted|p2a: Chi-Yu\n|-damage|p2a: Chi-Yu|73\/100\n|-unboost|p2a: Chi-Yu|spa|1\n|move|p1a: Yowie|Drain Punch|p2a: Chi-Yu\n|-supereffective|p2a: Chi-Yu\n|-damage|p2a: Chi-Yu|0 fnt\n|faint|p2a: Chi-Yu\n|\n|upkeep\n|\n|t:|1682135175\n|switch|p2a: Kilowattrel|Kilowattrel, L50, M|100\/100\n|turn|3\n|\n|t:|1682135188\n|move|p1b: Boomerang|Psychic|p2a: Kilowattrel\n|-damage|p2a: Kilowattrel|48\/100\n|move|p1a: Yowie|Spirit Break|p2a: Kilowattrel\n|-damage|p2a: Kilowattrel|0 fnt\n|faint|p2a: Kilowattrel\n|move|p2b: Meowscarada|Play Rough|p1a: Yowie\n|-supereffective|p1a: Yowie\n|-damage|p1a: Yowie|22\/100\n|\n|upkeep\n|\n|t:|1682135197\n|switch|p2a: Gardevoir|Gardevoir, L50, M|100\/100\n|turn|4\n|\n|t:|1682135233\n|move|p1b: Boomerang|Mystical Fire|p2b: Meowscarada\n|-supereffective|p2b: Meowscarada\n|-damage|p2b: Meowscarada|51\/100\n|-unboost|p2b: Meowscarada|spa|1\n|move|p1a: Yowie|Spirit Break|p2b: Meowscarada\n|-supereffective|p2b: Meowscarada\n|-damage|p2b: Meowscarada|0 fnt\n|faint|p2b: Meowscarada\n|move|p2a: Gardevoir|Moonblast|p1a: Yowie\n|-supereffective|p1a: Yowie\n|-damage|p1a: Yowie|0 fnt\n|faint|p1a: Yowie\n|\n|upkeep\n|\n|t:|1682135242\n|switch|p1a: Zooper Dooper|Veluza, L50, F|100\/100\n|turn|5\n|\n|t:|1682135255\n|move|p1b: Boomerang|Mystical Fire|p2a: Gardevoir\n|-damage|p2a: Gardevoir|85\/100\n|-unboost|p2a: Gardevoir|spa|1\n|move|p1a: Zooper Dooper|Aqua Cutter|p2a: Gardevoir\n|-damage|p2a: Gardevoir|0 fnt\n|faint|p2a: Gardevoir\n|-damage|p1a: Zooper Dooper|91\/100|[from] item: Life Orb\n|\n|win|ManciniTheAmazing\n|c|\u2606ManciniTheAmazing|gg\n|c|\u2606Camodude27|gg\n","uploadtime":1682135299,"views":10,"p1id":"mancinitheamazing","p2id":"camodude27","formatid":"gen9vgc2023regulationc","rating":0,"private":0,"password":""}