{"id":"gen9vgc2023regulationc-1854971257","p1":"Ubsurdnotion","p2":"McCloud","format":"[Gen 9] VGC 2023 Regulation C","log":"|j|\u2606Ubsurdnotion\n|j|\u2606McCloud\n|t:|1682886359\n|gametype|doubles\n|player|p1|Ubsurdnotion|roughneck-gen4|1130\n|player|p2|McCloud|gentleman-gen4|1079\n|teamsize|p1|6\n|teamsize|p2|6\n|gen|9\n|tier|[Gen 9] VGC 2023 Regulation C\n|rated|\n|rule|Species Clause: Limit one of each Pok\u00e9mon\n|rule|Item Clause: Limit one of each item\n|clearpoke\n|poke|p1|Talonflame, L50, M|\n|poke|p1|Great Tusk, L50|\n|poke|p1|Amoonguss, L50, M|\n|poke|p1|Dragonite, L50, M|\n|poke|p1|Chien-Pao, L50|\n|poke|p1|Palafin, L50, M|\n|poke|p2|Altaria, L50, M|\n|poke|p2|Dragapult, L50, F|\n|poke|p2|Tsareena, L50, F|\n|poke|p2|Ting-Lu, L50|\n|poke|p2|Talonflame, L50, M|\n|poke|p2|Breloom, L50, M|\n|teampreview|4\n|\n|t:|1682886378\n|start\n|switch|p1a: Talonflame|Talonflame, L50, M|100\/100\n|switch|p1b: Chien-Pao|Chien-Pao, L50|100\/100\n|switch|p2a: Altaria|Altaria, L50, M, shiny|100\/100\n|switch|p2b: Talonflame|Talonflame, L50, M|100\/100\n|-ability|p1b: Chien-Pao|Sword of Ruin\n|-ability|p2a: Altaria|Cloud Nine\n|turn|1\n|\n|t:|1682886392\n|move|p1b: Chien-Pao|Protect|p1b: Chien-Pao\n|-singleturn|p1b: Chien-Pao|Protect\n|move|p2b: Talonflame|Tailwind|p2b: Talonflame\n|-sidestart|p2: McCloud|move: Tailwind\n|move|p1a: Talonflame|Tailwind|p1a: Talonflame\n|-sidestart|p1: Ubsurdnotion|move: Tailwind\n|move|p2a: Altaria|Safeguard|p2a: Altaria\n|-sidestart|p2: McCloud|Safeguard\n|\n|upkeep\n|turn|2\n|\n|t:|1682886409\n|move|p1a: Talonflame|Brave Bird|p2b: Talonflame\n|-damage|p2b: Talonflame|24\/100\n|-damage|p1a: Talonflame|70\/100|[from] Recoil\n|move|p1b: Chien-Pao|Ice Spinner|p2a: Altaria\n|-supereffective|p2a: Altaria\n|-damage|p2a: Altaria|0 fnt\n|faint|p2a: Altaria\n|move|p2b: Talonflame|Brave Bird|p1b: Chien-Pao\n|-damage|p1b: Chien-Pao|51\/100\n|-damage|p2b: Talonflame|10\/100|[from] Recoil\n|\n|upkeep\n|\n|t:|1682886422\n|switch|p2a: Dragapult|Dragapult, L50, F|100\/100\n|turn|3\n|\n|t:|1682886435\n|-terastallize|p2a: Dragapult|Steel\n|move|p1b: Chien-Pao|Sucker Punch|p2a: Dragapult\n|-damage|p2a: Dragapult|31\/100\n|move|p2a: Dragapult|Dragon Darts|p1b: Chien-Pao\n|-damage|p1b: Chien-Pao|8\/100\n|-anim|p2a: Dragapult|Dragon Darts|p1a: Talonflame\n|-damage|p1a: Talonflame|4\/100\n|-damage|p2a: Dragapult|21\/100|[from] item: Life Orb\n|move|p2b: Talonflame|Taunt|p1a: Talonflame\n|-start|p1a: Talonflame|move: Taunt\n|move|p1a: Talonflame|Brave Bird|p2b: Talonflame\n|-damage|p2b: Talonflame|0 fnt\n|faint|p2b: Talonflame\n|-damage|p1a: Talonflame|0 fnt|[from] Recoil\n|faint|p1a: Talonflame\n|\n|upkeep\n|\n|t:|1682886457\n|switch|p1a: Amoonguss|Amoonguss, L50, M|100\/100\n|switch|p2b: Tsareena|Tsareena, L50, F|100\/100\n|turn|4\n|\n|t:|1682886473\n|move|p1b: Chien-Pao|Sucker Punch||[still]\n|cant|p2b: Tsareena|ability: Queenly Majesty|Sucker Punch|[of] p1b: Chien-Pao\n|move|p2a: Dragapult|Dragon Darts|p1b: Chien-Pao\n|-damage|p1b: Chien-Pao|0 fnt\n|-anim|p2a: Dragapult|Dragon Darts|p1a: Amoonguss\n|-damage|p1a: Amoonguss|71\/100\n|faint|p1b: Chien-Pao\n|-damage|p2a: Dragapult|11\/100|[from] item: Life Orb\n|move|p2b: Tsareena|Trailblaze|p1a: Amoonguss\n|-resisted|p1a: Amoonguss\n|-damage|p1a: Amoonguss|66\/100\n|-boost|p2b: Tsareena|spe|1\n|move|p1a: Amoonguss|Pollen Puff|p1: Chien-Pao|[notarget]\n|-fail|p1a: Amoonguss\n|\n|-sideend|p2: McCloud|move: Tailwind\n|-sideend|p1: Ubsurdnotion|move: Tailwind\n|upkeep\n|\n|t:|1682886488\n|switch|p1b: Dragonite|Dragonite, L50, M|100\/100\n|turn|5\n|\n|t:|1682886500\n|-terastallize|p1b: Dragonite|Flying\n|move|p1a: Amoonguss|Rage Powder|p1a: Amoonguss\n|-singleturn|p1a: Amoonguss|move: Rage Powder\n|move|p2a: Dragapult|Dragon Darts|p1a: Amoonguss\n|-damage|p1a: Amoonguss|38\/100\n|-enditem|p1a: Amoonguss|Sitrus Berry|[eat]\n|-heal|p1a: Amoonguss|62\/100|[from] item: Sitrus Berry\n|-anim|p2a: Dragapult|Dragon Darts|p1a: Amoonguss\n|-damage|p1a: Amoonguss|33\/100\n|-damage|p2a: Dragapult|1\/100|[from] item: Life Orb\n|move|p2b: Tsareena|Taunt|p1a: Amoonguss\n|-start|p1a: Amoonguss|move: Taunt\n|move|p1b: Dragonite|Tera Blast|p2b: Tsareena\n|-supereffective|p2b: Tsareena\n|-damage|p2b: Tsareena|0 fnt\n|faint|p2b: Tsareena\n|\n|-sideend|p2: McCloud|Safeguard\n|upkeep\n|turn|6\n|\n|t:|1682886519\n|move|p1b: Dragonite|Extreme Speed|p2a: Dragapult\n|-resisted|p2a: Dragapult\n|-damage|p2a: Dragapult|0 fnt\n|faint|p2a: Dragapult\n|\n|win|Ubsurdnotion\n|raw|Ubsurdnotion's rating: 1130 → 1151<\/strong> (+21 for winning)\n|raw|McCloud's rating: 1079 → 1060<\/strong> (-19 for losing)\n","uploadtime":1682886525,"views":8,"p1id":"ubsurdnotion","p2id":"mccloud","formatid":"gen9vgc2023regulationc","rating":1060,"private":0,"password":""}