{"id":"gen9vgc2023regulationc-1864234952","p1":"NoDynaNoParty","p2":"yungwasser","format":"[Gen 9] VGC 2023 Regulation C","log":"|j|\u2606NoDynaNoParty\n|j|\u2606yungwasser\n|t:|1684141866\n|gametype|doubles\n|player|p1|NoDynaNoParty|teamrocket|\n|player|p2|yungwasser|larry|\n|teamsize|p1|6\n|teamsize|p2|6\n|gen|9\n|tier|[Gen 9] VGC 2023 Regulation C\n|rated|Tournament battle\n|rule|Species Clause: Limit one of each Pok\u00e9mon\n|rule|Item Clause: Limit one of each item\n|clearpoke\n|poke|p1|Annihilape, L50, M|\n|poke|p1|Maushold-Four, L50|\n|poke|p1|Arcanine, L50, M|\n|poke|p1|Iron Bundle, L50|\n|poke|p1|Roaring Moon, L50|\n|poke|p1|Gholdengo, L50|\n|poke|p2|Roaring Moon, L50|\n|poke|p2|Flutter Mane, L50|\n|poke|p2|Ting-Lu, L50|\n|poke|p2|Arcanine, L50, F|\n|poke|p2|Amoonguss, L50, F|\n|poke|p2|Palafin, L50, M|\n|teampreview|4\n|j| aiihop\nNoDynaNoParty has agreed to open team sheets.\n|j| galnaxo\nyungwasser has agreed to open team sheets.\n|j| WallyTryHard\n|\n|t:|1684141927\n|start\n|switch|p1a: Gholdengo|Gholdengo, L50|100\/100\n|switch|p1b: Arcanine|Arcanine, L50, M, shiny|100\/100\n|switch|p2a: Nosferatu|Roaring Moon, L50|100\/100\n|switch|p2b: Behelit|Amoonguss, L50, F|100\/100\n|-ability|p1b: Arcanine|Intimidate|boost\n|-unboost|p2a: Nosferatu|atk|1\n|-unboost|p2b: Behelit|atk|1\n|-enditem|p2a: Nosferatu|Booster Energy\n|-activate|p2a: Nosferatu|ability: Protosynthesis|[fromitem]\n|-start|p2a: Nosferatu|protosynthesisatk\n|turn|1\n|c| WallyTryHard|lets go wasser, you gotta win so I will have at least lost to the winner ;)\n|\n|t:|1684141958\n|switch|p1b: Maushold|Maushold-Four, L50|100\/100\n|-terastallize|p1a: Gholdengo|Water\n|move|p2a: Nosferatu|Jaw Lock|p1a: Gholdengo\n|-damage|p1a: Gholdengo|69\/100\n|-activate|p2a: Nosferatu|trapped\n|-activate|p1a: Gholdengo|trapped\n|move|p1a: Gholdengo|Nasty Plot|p1a: Gholdengo\n|-boost|p1a: Gholdengo|spa|2\n|move|p2b: Behelit|Spore|p1b: Maushold\n|-activate|p1b: Maushold|item: Safety Goggles|Spore\n|\n|-heal|p1a: Gholdengo|75\/100|[from] item: Leftovers\n|upkeep\n|turn|2\n|c|\u2606NoDynaNoParty|sad for me :(\n|\n|t:|1684141994\n|switch|p1b: Arcanine|Arcanine, L50, M, shiny|100\/100\n|-ability|p1b: Arcanine|Intimidate|boost\n|-unboost|p2a: Nosferatu|atk|1\n|-unboost|p2b: Behelit|atk|1\n|move|p2a: Nosferatu|Acrobatics|p1b: Arcanine\n|-damage|p1b: Arcanine|69\/100\n|move|p1a: Gholdengo|Nasty Plot|p1a: Gholdengo\n|-boost|p1a: Gholdengo|spa|2\n|move|p2b: Behelit|Pollen Puff|p2a: Nosferatu\n|-immune|p2a: Nosferatu\n|\n|-heal|p1a: Gholdengo|81\/100|[from] item: Leftovers\n|upkeep\n|turn|3\n|c|\u2606yungwasser|oh lord\n|c| WallyTryHard|welp\n|\n|t:|1684142033\n|switch|p1b: Roaring Moon|Roaring Moon, L50|100\/100\n|-enditem|p1b: Roaring Moon|Booster Energy\n|-activate|p1b: Roaring Moon|ability: Protosynthesis|[fromitem]\n|-start|p1b: Roaring Moon|protosynthesisspe\n|move|p2b: Behelit|Protect|p2b: Behelit\n|-singleturn|p2b: Behelit|Protect\n|move|p2a: Nosferatu|Acrobatics|p1a: Gholdengo\n|-damage|p1a: Gholdengo|52\/100\n|move|p1a: Gholdengo|Make It Rain|p2b: Behelit|[spread] p2a\n|-activate|p2b: Behelit|move: Protect\n|-damage|p2a: Nosferatu|0 fnt\n|-unboost|p1a: Gholdengo|spa|1\n|faint|p2a: Nosferatu\n|-end|p2a: Nosferatu|Protosynthesis|[silent]\n|\n|-heal|p1a: Gholdengo|58\/100|[from] item: Leftovers\n|upkeep\n|\n|t:|1684142036\n|switch|p2a: Spirit|Flutter Mane, L50|100\/100\n|turn|4\n|\n|t:|1684142067\n|switch|p2b: Smoke|Arcanine, L50, F|100\/100\n|-ability|p2b: Smoke|Intimidate|boost\n|-unboost|p1a: Gholdengo|atk|1\n|-unboost|p1b: Roaring Moon|atk|1\n|move|p1b: Roaring Moon|Tailwind|p1b: Roaring Moon\n|-sidestart|p1: NoDynaNoParty|move: Tailwind\n|move|p1a: Gholdengo|Make It Rain|p2b: Smoke|[spread] p2a,p2b\n|-supereffective|p2a: Spirit\n|-resisted|p2b: Smoke\n|-damage|p2a: Spirit|0 fnt\n|-damage|p2b: Smoke|43\/100\n|-unboost|p1a: Gholdengo|spa|1\n|faint|p2a: Spirit\n|-end|p2a: Spirit|Protosynthesis|[silent]\n|\n|-heal|p1a: Gholdengo|64\/100|[from] item: Leftovers\n|upkeep\n|\n|t:|1684142075\n|switch|p2a: Behelit|Amoonguss, L50, F|100\/100\n|turn|5\n|c|\u2606yungwasser|gg\n|-message|yungwasser forfeited.\n|\n|win|NoDynaNoParty\n|n|\u2606NoDynaNoParty|nodynanoparty\n|n|\u2606yungwasser|yungwasser\n|n| aiihop|aiihop\n|n| galnaxo|galnaxo\n|n| WallyTryHard|wallytryhard\n|l|\u2606yungwasser\n|l| WallyTryHard\n|c|\u2606NoDynaNoParty|gg\n|l| aiihop\n|j| Giest greninja\n","uploadtime":1684142082,"views":23,"p1id":"nodynanoparty","p2id":"yungwasser","formatid":"gen9vgc2023regulationc","rating":0,"private":0,"password":""}