{"id":"gen9vgc2023regulationc-1852383073","p1":"Gadiel_VaStar","p2":"Bento been","format":"[Gen 9] VGC 2023 Regulation C","log":"|j|\u2606Gadiel_VaStar\n|j|\u2606Bento been\n|t:|1682550825\n|gametype|doubles\n|player|p1|Gadiel_VaStar|jasmine|1063\n|player|p2|Bento been|1|1151\n|teamsize|p1|6\n|teamsize|p2|6\n|gen|9\n|tier|[Gen 9] VGC 2023 Regulation C\n|rated|\n|rule|Species Clause: Limit one of each Pok\u00e9mon\n|rule|Item Clause: Limit one of each item\n|clearpoke\n|poke|p1|Flamigo, L50, M|\n|poke|p1|Dondozo, L50, M|\n|poke|p1|Tatsugiri-Droopy, L50, M|\n|poke|p1|Iron Hands, L50|\n|poke|p1|Flutter Mane, L50|\n|poke|p1|Grimmsnarl, L50, M|\n|poke|p2|Gothitelle, L50, M|\n|poke|p2|Iron Hands, L50|\n|poke|p2|Ting-Lu, L50|\n|poke|p2|Flutter Mane, L50|\n|poke|p2|Arcanine, L50, F|\n|poke|p2|Amoonguss, L50, M|\n|teampreview|4\nGadiel_VaStar rejected open team sheets.\n|\n|t:|1682550858\n|start\n|switch|p1a: Flutter Mane|Flutter Mane, L50, shiny|100\/100\n|switch|p1b: Tatsugiri|Tatsugiri-Droopy, L50, M, shiny|100\/100\n|switch|p2a: Gothitelle|Gothitelle, L50, M|100\/100\n|switch|p2b: Iron Hands|Iron Hands, L50|100\/100\n|-enditem|p1a: Flutter Mane|Booster Energy\n|-activate|p1a: Flutter Mane|ability: Protosynthesis|[fromitem]\n|-start|p1a: Flutter Mane|protosynthesisspe\n|turn|1\n|\n|t:|1682550891\n|move|p1b: Tatsugiri|Protect|p1b: Tatsugiri\n|-singleturn|p1b: Tatsugiri|Protect\n|move|p2a: Gothitelle|Protect|p2a: Gothitelle\n|-singleturn|p2a: Gothitelle|Protect\n|move|p1a: Flutter Mane|Perish Song|p1a: Flutter Mane\n|-start|p1a: Flutter Mane|perish3|[silent]\n|-start|p1b: Tatsugiri|perish3|[silent]\n|-start|p2a: Gothitelle|perish3|[silent]\n|-start|p2b: Iron Hands|perish3|[silent]\n|-fieldactivate|move: Perish Song\n|move|p2b: Iron Hands|Wild Charge|p1b: Tatsugiri\n|-activate|p1b: Tatsugiri|move: Protect\n|\n|-start|p1a: Flutter Mane|perish3\n|-start|p1b: Tatsugiri|perish3\n|-start|p2a: Gothitelle|perish3\n|-start|p2b: Iron Hands|perish3\n|upkeep\n|turn|2\n|\n|t:|1682550934\n|switch|p2a: Arcanine|Arcanine, L50, F|100\/100\n|-ability|p2a: Arcanine|Intimidate|boost\n|-unboost|p1a: Flutter Mane|atk|1\n|-unboost|p1b: Tatsugiri|atk|1\n|-terastallize|p1b: Tatsugiri|Normal\n|move|p1a: Flutter Mane|Dazzling Gleam|p2b: Iron Hands|[spread] p2a,p2b\n|-resisted|p2a: Arcanine\n|-supereffective|p2b: Iron Hands\n|-damage|p2a: Arcanine|84\/100\n|-damage|p2b: Iron Hands|69\/100\n|move|p1b: Tatsugiri|Hyper Beam|p2a: Arcanine\n|-damage|p2a: Arcanine|9\/100\n|-mustrecharge|p1b: Tatsugiri\n|move|p2b: Iron Hands|Wild Charge|p1b: Tatsugiri\n|-enditem|p1b: Tatsugiri|Focus Sash\n|-damage|p1b: Tatsugiri|1\/100\n|-damage|p2b: Iron Hands|54\/100|[from] Recoil\n|\n|-start|p1a: Flutter Mane|perish2\n|-start|p1b: Tatsugiri|perish2\n|-start|p2b: Iron Hands|perish2\n|upkeep\n|turn|3\n|\n|t:|1682550980\n|-end|p1a: Flutter Mane|Protosynthesis|[silent]\n|switch|p1a: Dondozo|Dondozo, L50, M|100\/100\n|-activate|p1b: Tatsugiri|ability: Commander|[of] p1a: Dondozo\n|-boost|p1a: Dondozo|atk|2\n|-boost|p1a: Dondozo|spa|2\n|-boost|p1a: Dondozo|spe|2\n|-boost|p1a: Dondozo|def|2\n|-boost|p1a: Dondozo|spd|2\n|switch|p2a: Gothitelle|Gothitelle, L50, M|100\/100\n|move|p2b: Iron Hands|Rock Slide|p1a: Dondozo|[spread] p1a\n|-miss|p2b: Iron Hands|p1b: Tatsugiri\n|-damage|p1a: Dondozo|93\/100\n|\n|-heal|p1a: Dondozo|98\/100|[from] item: Leftovers\n|-start|p1b: Tatsugiri|perish1\n|-start|p2b: Iron Hands|perish1\n|upkeep\n|turn|4\n|\n|t:|1682551009\n|-end|p2b: Iron Hands|Quark Drive|[silent]\n|switch|p2b: Arcanine|Arcanine, L50, F|9\/100\n|-ability|p2b: Arcanine|Intimidate|boost\n|-fail|p1a: Dondozo|unboost|Attack|[from] ability: Oblivious|[of] p1a: Dondozo\n|-unboost|p1b: Tatsugiri|atk|1\n|move|p2a: Gothitelle|Fake Out|p1a: Dondozo\n|-damage|p1a: Dondozo|96\/100\n|cant|p1a: Dondozo|flinch\n|\n|-heal|p1a: Dondozo|100\/100|[from] item: Leftovers\n|-start|p1b: Tatsugiri|perish0\n|upkeep\n|faint|p1b: Tatsugiri\n|\n|t:|1682551026\n|switch|p1b: Flamigo|Flamigo, L50, M, shiny|100\/100\n|-copyboost|p1b: Flamigo|p1a: Dondozo|[from] ability: Costar\n|turn|5\n|\n|t:|1682551060\n|move|p1b: Flamigo|Fling|p2a: Gothitelle\n|-supereffective|p2a: Gothitelle\n|-damage|p2a: Gothitelle|61\/100\n|-enditem|p1b: Flamigo|King's Rock|[from] move: Fling\n|move|p1a: Dondozo|Earthquake|p2b: Arcanine|[spread] p2a,p2b\n|-immune|p1b: Flamigo\n|-supereffective|p2b: Arcanine\n|-damage|p2a: Gothitelle|19\/100\n|-damage|p2b: Arcanine|0 fnt\n|-enditem|p2a: Gothitelle|Sitrus Berry|[eat]\n|-heal|p2a: Gothitelle|43\/100|[from] item: Sitrus Berry\n|faint|p2b: Arcanine\n|cant|p2a: Gothitelle|flinch\n|\n|upkeep\n|\n|t:|1682551079\n|switch|p2b: Iron Hands|Iron Hands, L50|54\/100\n|turn|6\n|\n|t:|1682551096\n|switch|p2a: Ting-Lu|Ting-Lu, L50|100\/100\n|-ability|p2a: Ting-Lu|Vessel of Ruin\n|-terastallize|p2b: Iron Hands|Flying\n|move|p1b: Flamigo|Acrobatics|p2a: Ting-Lu\n|-damage|p2a: Ting-Lu|38\/100\n|move|p1a: Dondozo|Earthquake|p2b: Iron Hands|[spread] p2a\n|-immune|p1b: Flamigo\n|-immune|p2b: Iron Hands\n|-damage|p2a: Ting-Lu|11\/100\n|move|p2b: Iron Hands|Wild Charge|p1a: Dondozo\n|-supereffective|p1a: Dondozo\n|-damage|p1a: Dondozo|62\/100\n|-damage|p2b: Iron Hands|44\/100|[from] Recoil\n|\n|-heal|p1a: Dondozo|68\/100|[from] item: Leftovers\n|-heal|p2a: Ting-Lu|17\/100|[from] item: Leftovers\n|upkeep\n|turn|7\n|\n|t:|1682551133\n|move|p1b: Flamigo|Acrobatics|p2b: Iron Hands\n|-damage|p2b: Iron Hands|0 fnt\n|faint|p2b: Iron Hands\n|-end|p2b: Iron Hands|Quark Drive|[silent]\n|move|p1a: Dondozo|Order Up|p2a: Ting-Lu\n|-damage|p2a: Ting-Lu|0 fnt\n|faint|p2a: Ting-Lu\n|-boost|p1a: Dondozo|def|1\n|\n|-heal|p1a: Dondozo|74\/100|[from] item: Leftovers\n|upkeep\n|\n|t:|1682551143\n|switch|p2b: Gothitelle|Gothitelle, L50, M|43\/100\n|turn|8\n|\n|t:|1682551158\n|move|p1b: Flamigo|Detect|p1b: Flamigo\n|-singleturn|p1b: Flamigo|Protect\n|move|p2b: Gothitelle|Fake Out|p1b: Flamigo\n|-activate|p1b: Flamigo|move: Protect\n|move|p1a: Dondozo|Order Up|p2b: Gothitelle\n|-damage|p2b: Gothitelle|2\/100\n|-boost|p1a: Dondozo|def|1\n|\n|-heal|p1a: Dondozo|80\/100|[from] item: Leftovers\n|upkeep\n|turn|9\n|-message|Bento been forfeited.\n|\n|win|Gadiel_VaStar\n|raw|Gadiel_VaStar's rating: 1063 → 1101<\/strong> (+38 for winning)\n|raw|Bento been's rating: 1151 → 1120<\/strong> (-31 for losing)\n|l|\u2606Bento been\n|l|\u2606Gadiel_VaStar\n|j|\u2606Gadiel_VaStar\n|player|p1|Gadiel_VaStar|jasmine\n","uploadtime":1682551314,"views":15,"p1id":"gadielvastar","p2id":"bentobeen","formatid":"gen9vgc2023regulationc","rating":1101,"private":0,"password":""}