{"id":"gen9vgc2023regulationc-1857939389","p1":"tumyth","p2":"joshdonnie","format":"[Gen 9] VGC 2023 Regulation C","log":"|j|\u2606tumyth\n|j|\u2606joshdonnie\n|t:|1683249872\n|gametype|doubles\n|player|p1|tumyth|roxanne|1284\n|player|p2|joshdonnie|102|1297\n|teamsize|p1|6\n|teamsize|p2|6\n|gen|9\n|tier|[Gen 9] VGC 2023 Regulation C\n|rated|\n|rule|Species Clause: Limit one of each Pok\u00e9mon\n|rule|Item Clause: Limit one of each item\n|clearpoke\n|poke|p1|Torkoal, L50, F|\n|poke|p1|Lilligant, L50, F|\n|poke|p1|Flutter Mane, L50|\n|poke|p1|Great Tusk, L50|\n|poke|p1|Chi-Yu, L50|\n|poke|p1|Iron Bundle, L50|\n|poke|p2|Garchomp, L50, M|\n|poke|p2|Annihilape, L50, F|\n|poke|p2|Kingambit, L50, M|\n|poke|p2|Chien-Pao, L50|\n|poke|p2|Farigiraf, L50, M|\n|poke|p2|Rotom-Wash, L50|\n|teampreview|4\njoshdonnie has agreed to open team sheets.\n|inactive|Battle timer is ON: inactive players will automatically lose when time's up. (requested by tumyth)\n|\n|t:|1683249928\n|start\n|switch|p1a: Torkoal|Torkoal, L50, F|100\/100\n|switch|p1b: Lilligant|Lilligant, L50, F|100\/100\n|switch|p2a: Garchomp|Garchomp, L50, M|100\/100\n|switch|p2b: Oroku Saki|Kingambit, L50, M, shiny|100\/100\n|-weather|SunnyDay|[from] ability: Drought|[of] p1a: Torkoal\n|turn|1\n|\n|t:|1683249945\n|-terastallize|p2b: Oroku Saki|Flying\n|-terastallize|p1a: Torkoal|Fire\n|move|p1b: Lilligant|Sleep Powder|p2a: Garchomp\n|-status|p2a: Garchomp|slp|[from] move: Sleep Powder\n|cant|p2a: Garchomp|slp\n|move|p2b: Oroku Saki|Tera Blast|p1b: Lilligant\n|-supereffective|p1b: Lilligant\n|-enditem|p1b: Lilligant|Focus Sash\n|-damage|p1b: Lilligant|1\/100\n|move|p1a: Torkoal|Eruption|p2b: Oroku Saki|[spread] p2a,p2b\n|-resisted|p2a: Garchomp\n|-damage|p2a: Garchomp|35\/100 slp\n|-damage|p2b: Oroku Saki|18\/100\n|\n|-weather|SunnyDay|[upkeep]\n|upkeep\n|turn|2\n|\n|t:|1683249969\n|move|p2b: Oroku Saki|Sucker Punch|p1a: Torkoal\n|-damage|p1a: Torkoal|68\/100\n|move|p1b: Lilligant|After You|p1a: Torkoal\n|-activate|p1a: Torkoal|move: After You\n|move|p1a: Torkoal|Eruption|p2a: Garchomp|[spread] p2a,p2b\n|-resisted|p2a: Garchomp\n|-damage|p2a: Garchomp|0 fnt\n|-damage|p2b: Oroku Saki|0 fnt\n|faint|p2a: Garchomp\n|faint|p2b: Oroku Saki\n|\n|-weather|SunnyDay|[upkeep]\n|upkeep\n|\n|t:|1683249972\n|switch|p2a: Chien-Pao|Chien-Pao, L50|100\/100\n|switch|p2b: Rotom|Rotom-Wash, L50, shiny|100\/100\n|-ability|p2a: Chien-Pao|Sword of Ruin\n|turn|3\n|\n|t:|1683249989\n|move|p2a: Chien-Pao|Protect|p2a: Chien-Pao\n|-singleturn|p2a: Chien-Pao|Protect\n|move|p1b: Lilligant|After You|p1a: Torkoal\n|-activate|p1a: Torkoal|move: After You\n|move|p1a: Torkoal|Eruption|p2b: Rotom|[spread] p2b\n|-activate|p2a: Chien-Pao|move: Protect\n|-resisted|p2b: Rotom\n|-damage|p2b: Rotom|65\/100\n|move|p2b: Rotom|Thunderbolt|p1b: Lilligant\n|-resisted|p1b: Lilligant\n|-damage|p1b: Lilligant|0 fnt\n|faint|p1b: Lilligant\n|\n|-weather|SunnyDay|[upkeep]\n|upkeep\n|\n|t:|1683250003\n|switch|p1b: Iron Bundle|Iron Bundle, L50|100\/100\n|-enditem|p1b: Iron Bundle|Booster Energy\n|-activate|p1b: Iron Bundle|ability: Quark Drive|[fromitem]\n|-start|p1b: Iron Bundle|quarkdrivespe\n|turn|4\n|\n|t:|1683250011\n|move|p1b: Iron Bundle|Freeze-Dry|p2b: Rotom\n|-supereffective|p2b: Rotom\n|-damage|p2b: Rotom|0 fnt\n|faint|p2b: Rotom\n|move|p2a: Chien-Pao|Sacred Sword|p1b: Iron Bundle\n|-supereffective|p1b: Iron Bundle\n|-damage|p1b: Iron Bundle|4\/100\n|move|p1a: Torkoal|Flamethrower|p2a: Chien-Pao\n|-supereffective|p2a: Chien-Pao\n|-enditem|p2a: Chien-Pao|Focus Sash\n|-damage|p2a: Chien-Pao|1\/100\n|\n|-weather|SunnyDay|[upkeep]\n|upkeep\n|turn|5\n|-message|joshdonnie forfeited.\n|\n|win|tumyth\n|raw|tumyth's rating: 1284 → 1310<\/strong> (+26 for winning)\n|raw|joshdonnie's rating: 1297 → 1271<\/strong> (-26 for losing)\n","uploadtime":1683250027,"views":22,"p1id":"tumyth","p2id":"joshdonnie","formatid":"gen9vgc2023regulationc","rating":1271,"private":0,"password":""}