{"id":"gen9vgc2023regulationc-1860447308","p1":"Alekso","p2":"mgthrn","format":"[Gen 9] VGC 2023 Regulation C","log":"|j|\u2606Alekso\n|j|\u2606mgthrn\n|t:|1683645037\n|gametype|doubles\n|player|p1|Alekso|lucas|\n|player|p2|mgthrn|#stt4toxicboys|\n|teamsize|p1|6\n|teamsize|p2|6\n|gen|9\n|tier|[Gen 9] VGC 2023 Regulation C\n|rule|Species Clause: Limit one of each Pok\u00e9mon\n|rule|Item Clause: Limit one of each item\n|clearpoke\n|poke|p1|Flutter Mane, L50|\n|poke|p1|Amoonguss, L50, F|\n|poke|p1|Palafin, L50, M|\n|poke|p1|Ting-Lu, L50|\n|poke|p1|Arcanine, L50, M|\n|poke|p1|Forretress, L50, F|\n|poke|p2|Dondozo, L50, M|\n|poke|p2|Tatsugiri, L50, F|\n|poke|p2|Chi-Yu, L50|\n|poke|p2|Iron Bundle, L50|\n|poke|p2|Flutter Mane, L50|\n|poke|p2|Glimmora, L50, M|\n|teampreview|4\nmgthrn has agreed to open team sheets.\n|j| zS\n|c|\u2606mgthrn|g1\n|c| zS|MEGABIEN LETS GO\n|j| Ryuji-Sensei\n|j| Brayz\n|j| Astreau\n|j| Nineveh\nAlekso has agreed to open team sheets.\n|j| Nael222\n|j| abbehzt\n|j| Mimilucha\n|j|+Brumirage\n|j| Elyoss\n|j| UULT21z St3ve\n|c|\u2606mgthrn|hf mon pote\n|j| Moutonation\n|c|\u2606Alekso|gl mek\n|j| JoaoFelixSimp\n|j| Turt Lek\n|j| xKSr\n|l| Elyoss\n|c| UULT21z St3ve|jure \u00e7a a pas link la team\n|j| kyogref4n\n|l| Moutonation\n|j| un usurme\n|c| zS|cong\u00e9lo ngl\n|c| zS|on y connait rien\n|c| zS|\u00e7a change quoi?\n|j| Elyoss\n|c| zS|:henry:\n|c| UULT21z St3ve|true\n|j| RoiDadadou\n|l| un usurme\n|c| RoiDadadou|Gogo megathorn.\n|\n|t:|1683645244\n|start\n|switch|p1a: Flutter Mane|Flutter Mane, L50, shiny|100\/100\n|switch|p1b: Palafin|Palafin, L50, M, shiny|100\/100\n|switch|p2a: Iron Bundle|Iron Bundle, L50, shiny|100\/100\n|switch|p2b: Flutter Mane|Flutter Mane, L50, shiny|100\/100\n|-enditem|p2a: Iron Bundle|Booster Energy\n|-activate|p2a: Iron Bundle|ability: Quark Drive|[fromitem]\n|-start|p2a: Iron Bundle|quarkdrivespe\n|turn|1\n|j| cielau origine \u266b\n|l| Turt Lek\n|l| Elyoss\n|\n|t:|1683645307\n|-end|p1a: Flutter Mane|Protosynthesis|[silent]\n|switch|p1a: Ting-Lu|Ting-Lu, L50|100\/100\n|-ability|p1a: Ting-Lu|Vessel of Ruin\n|detailschange|p1b: Palafin|Palafin-Hero, L50, M, shiny\n|switch|p1b: Forretress|Forretress, L50, F, shiny|100\/100\n|move|p2a: Iron Bundle|Icy Wind|p1a: Ting-Lu|[spread] p1a,p1b\n|-supereffective|p1a: Ting-Lu\n|-crit|p1a: Ting-Lu\n|-resisted|p1b: Forretress\n|-damage|p1a: Ting-Lu|74\/100\n|-damage|p1b: Forretress|93\/100\n|-unboost|p1a: Ting-Lu|spe|1\n|-unboost|p1b: Forretress|spe|1\n|move|p2b: Flutter Mane|Shadow Ball|p1a: Ting-Lu\n|-resisted|p1a: Ting-Lu\n|-damage|p1a: Ting-Lu|63\/100\n|\n|-heal|p1b: Forretress|99\/100|[from] item: Leftovers\n|upkeep\n|turn|2\n|j| Elyoss\n|l| Astreau\n|j| Masskeauuu\n|\n|t:|1683645355\n|-terastallize|p2a: Iron Bundle|Ice\n|move|p2a: Iron Bundle|Freeze-Dry|p1a: Ting-Lu\n|-supereffective|p1a: Ting-Lu\n|-damage|p1a: Ting-Lu|26\/100\n|move|p2b: Flutter Mane|Shadow Ball|p1a: Ting-Lu\n|-resisted|p1a: Ting-Lu\n|-damage|p1a: Ting-Lu|13\/100\n|move|p1a: Ting-Lu|Heavy Slam|p2b: Flutter Mane\n|-supereffective|p2b: Flutter Mane\n|-damage|p2b: Flutter Mane|0 fnt\n|faint|p2b: Flutter Mane\n|-end|p2b: Flutter Mane|Protosynthesis|[silent]\n|move|p1b: Forretress|Heavy Slam|p2a: Iron Bundle\n|-supereffective|p2a: Iron Bundle\n|-damage|p2a: Iron Bundle|10\/100\n|\n|-heal|p1b: Forretress|100\/100|[from] item: Leftovers\n|upkeep\n|j| Futtoka\n|\n|t:|1683645368\n|switch|p2b: Chi-Yu|Chi-Yu, L50|100\/100\n|-ability|p2b: Chi-Yu|Beads of Ruin\n|turn|3\n|l| Futtoka\n|\n|t:|1683645394\n|-terastallize|p1b: Forretress|Water\n|move|p2a: Iron Bundle|Freeze-Dry|p1b: Forretress\n|-supereffective|p1b: Forretress\n|-damage|p1b: Forretress|8\/100\n|move|p2b: Chi-Yu|Heat Wave|p1a: Ting-Lu|[spread] p1a,p1b\n|-resisted|p1b: Forretress\n|-damage|p1a: Ting-Lu|0 fnt\n|-damage|p1b: Forretress|0 fnt\n|faint|p1a: Ting-Lu\n|faint|p1b: Forretress\n|\n|upkeep\n|l| abbehzt\n|\n|t:|1683645400\n|switch|p1a: Palafin|Palafin-Hero, L50, M, shiny|100\/100\n|switch|p1b: Flutter Mane|Flutter Mane, L50, shiny|100\/100\n|-activate|p1a: Palafin|ability: Zero to Hero\n|turn|4\n|c| UULT21z St3ve|un peu trop goat\n|j| CaoJie Plays RU\n|j| abbehzt\n|j| exp ln x\n|j| Otark\n|j| wertsd26\n|\n|t:|1683645498\n|move|p2a: Iron Bundle|Protect|p2a: Iron Bundle\n|-singleturn|p2a: Iron Bundle|Protect\n|move|p1a: Palafin|Jet Punch|p2a: Iron Bundle\n|-activate|p2a: Iron Bundle|move: Protect\n|move|p1b: Flutter Mane|Moonblast|p2b: Chi-Yu\n|-damage|p2b: Chi-Yu|11\/100\n|move|p2b: Chi-Yu|Dark Pulse|p1a: Palafin\n|-damage|p1a: Palafin|43\/100\n|\n|upkeep\n|turn|5\n|l| exp ln x\n|\n|t:|1683645521\n|move|p1a: Palafin|Jet Punch|p2a: Iron Bundle\n|-damage|p2a: Iron Bundle|0 fnt\n|faint|p2a: Iron Bundle\n|-end|p2a: Iron Bundle|Quark Drive|[silent]\n|move|p1b: Flutter Mane|Moonblast|p2b: Chi-Yu\n|-damage|p2b: Chi-Yu|0 fnt\n|faint|p2b: Chi-Yu\n|\n|upkeep\n|\n|t:|1683645524\n|switch|p2b: Glimmora|Glimmora, L50, M, shiny|100\/100\n|turn|6\n|\n|t:|1683645537\n|move|p1a: Palafin|Jet Punch|p2b: Glimmora\n|-supereffective|p2b: Glimmora\n|-damage|p2b: Glimmora|27\/100\n|-activate|p2b: Glimmora|ability: Toxic Debris\n|-sidestart|p1: Alekso|move: Toxic Spikes\n|move|p1b: Flutter Mane|Moonblast|p2b: Glimmora\n|-resisted|p2b: Glimmora\n|-crit|p2b: Glimmora\n|-damage|p2b: Glimmora|0 fnt\n|faint|p2b: Glimmora\n|\n|win|Alekso\n|j| exp ln x\n|l| Elyoss\n|j| Sharow\n|c|\u2606mgthrn|gg\n|l| wertsd26\n|l| Sharow\n|l| abbehzt\n|l| Masskeauuu\n|l| Mimilucha\n|l| kyogref4n\n|l| exp ln x\n|j| Mdraa\n|j| DonSalvatore\n|l| Ryuji-Sensei\n|l| Nineveh\n|l| Mdraa\n|j| Sharow\n|j|&ironwater\n|l|&ironwater\n|j| Zenadark\n|j| God died tonight\n|l| Zenadark\n|j| frol1\n|l| frol1\n|l| RoiDadadou\n|j| Ryuji-Sensei\n|j| LLLiolae\n|l| LLLiolae\n|j| kyogref4n\n|l| kyogref4n\n|j| Felix-Felines\n|j| Micciu\n|l| Micciu\n|l| Felix-Felines\n|l| Ryuji-Sensei\n|j| Futtoka\n|l| Futtoka\n|l| JoaoFelixSimp\n|j| LLLiolae\n|l| LLLiolae\n|l|+Brumirage\n|l| Nael222\n|l| Sharow\n|l| Brayz\n|l| Otark\n|j| Caoluxury\n|l| zS\n","uploadtime":1683645680,"views":18,"p1id":"alekso","p2id":"mgthrn","formatid":"gen9vgc2023regulationc","rating":0,"private":0,"password":""}