{"id":"gen9vgc2023regulationc-1852453975","p1":"Thebugkid","p2":"foiledfeline","format":"[Gen 9] VGC 2023 Regulation C","log":"|j|\u2606Thebugkid\n|j|\u2606foiledfeline\n|t:|1682559588\n|gametype|doubles\n|player|p1|Thebugkid|burgh|1268\n|player|p2|foiledfeline|102|1316\n|teamsize|p1|6\n|teamsize|p2|6\n|gen|9\n|tier|[Gen 9] VGC 2023 Regulation C\n|rated|\n|rule|Species Clause: Limit one of each Pok\u00e9mon\n|rule|Item Clause: Limit one of each item\n|clearpoke\n|poke|p1|Flutter Mane, L50|\n|poke|p1|Gallade, L50, M|\n|poke|p1|Magnezone, L50|\n|poke|p1|Iron Bundle, L50|\n|poke|p1|Murkrow, L50, F|\n|poke|p1|Arcanine, L50, M|\n|poke|p2|Flutter Mane, L50|\n|poke|p2|Talonflame, L50, F|\n|poke|p2|Baxcalibur, L50, M|\n|poke|p2|Ting-Lu, L50|\n|poke|p2|Breloom, L50, M|\n|poke|p2|Gyarados, L50, M|\n|teampreview|4\nfoiledfeline has agreed to open team sheets.\n|\n|t:|1682559620\n|start\n|switch|p1a: Cancer|Flutter Mane, L50|100\/100\n|switch|p1b: Kris Kringle|Iron Bundle, L50, shiny|100\/100\n|switch|p2a: Breloom|Breloom, L50, M|100\/100\n|switch|p2b: Talonflame|Talonflame, L50, F|100\/100\n|-enditem|p1b: Kris Kringle|Booster Energy\n|-activate|p1b: Kris Kringle|ability: Quark Drive|[fromitem]\n|-start|p1b: Kris Kringle|quarkdrivespe\n|turn|1\n|inactive|Battle timer is ON: inactive players will automatically lose when time's up. (requested by Thebugkid)\n|inactive|Thebugkid has 60 seconds left.\n|\n|t:|1682559656\n|move|p2b: Talonflame|Tailwind|p2b: Talonflame\n|-sidestart|p2: foiledfeline|move: Tailwind\n|move|p1b: Kris Kringle|Ice Beam|p2a: Breloom\n|-supereffective|p2a: Breloom\n|-enditem|p2a: Breloom|Focus Sash\n|-damage|p2a: Breloom|1\/100\n|move|p2a: Breloom|Rock Tomb|p1b: Kris Kringle\n|-supereffective|p1b: Kris Kringle\n|-damage|p1b: Kris Kringle|17\/100\n|-unboost|p1b: Kris Kringle|spe|1\n|move|p1a: Cancer|Dazzling Gleam|p2a: Breloom|[spread] p2a,p2b\n|-supereffective|p2a: Breloom\n|-resisted|p2b: Talonflame\n|-damage|p2a: Breloom|0 fnt\n|-damage|p2b: Talonflame|75\/100\n|faint|p2a: Breloom\n|\n|upkeep\n|\n|t:|1682559677\n|switch|p2a: Baxcalibur|Baxcalibur, L50, M|100\/100\n|turn|2\n|\n|t:|1682559688\n|move|p2b: Talonflame|Brave Bird|p1a: Cancer\n|-enditem|p1a: Cancer|Focus Sash\n|-damage|p1a: Cancer|1\/100\n|-damage|p2b: Talonflame|47\/100|[from] Recoil\n|move|p2a: Baxcalibur|Earthquake|p1b: Kris Kringle|[spread] p1a,p1b\n|-immune|p2b: Talonflame\n|-crit|p1a: Cancer\n|-damage|p1a: Cancer|0 fnt\n|-damage|p1b: Kris Kringle|0 fnt\n|faint|p1a: Cancer\n|-end|p1a: Cancer|Protosynthesis|[silent]\n|faint|p1b: Kris Kringle\n|-end|p1b: Kris Kringle|Quark Drive|[silent]\n|\n|upkeep\n|\n|t:|1682559699\n|switch|p1b: Alexi|Magnezone, L50|100\/100\n|switch|p1a: Occam|Gallade, L50, M, shiny|100\/100\n|turn|3\n|inactive|Thebugkid has 30 seconds left.\n|\n|t:|1682559729\n|-terastallize|p2a: Baxcalibur|Poison\n|-terastallize|p1b: Alexi|Flying\n|move|p1a: Occam|Protect|p1a: Occam\n|-singleturn|p1a: Occam|Protect\n|move|p2b: Talonflame|Brave Bird|p1a: Occam\n|-activate|p1a: Occam|move: Protect\n|move|p2a: Baxcalibur|Earthquake|p1b: Alexi|[spread] \n|-activate|p1a: Occam|move: Protect\n|-immune|p2b: Talonflame\n|-immune|p1b: Alexi\n|move|p1b: Alexi|Flash Cannon|p2a: Baxcalibur\n|-damage|p2a: Baxcalibur|60\/100\n|\n|upkeep\n|turn|4\n|inactive|foiledfeline has 30 seconds left.\n|\n|t:|1682559758\n|move|p2a: Baxcalibur|Ice Shard|p1b: Alexi\n|-supereffective|p1b: Alexi\n|-damage|p1b: Alexi|56\/100\n|move|p2b: Talonflame|Will-O-Wisp|p1a: Occam\n|-status|p1a: Occam|brn\n|move|p1a: Occam|Psycho Cut|p2a: Baxcalibur\n|-supereffective|p2a: Baxcalibur\n|-crit|p2a: Baxcalibur\n|-damage|p2a: Baxcalibur|0 fnt\n|faint|p2a: Baxcalibur\n|move|p1b: Alexi|Thunderbolt|p2b: Talonflame\n|-supereffective|p2b: Talonflame\n|-damage|p2b: Talonflame|0 fnt\n|faint|p2b: Talonflame\n|\n|-damage|p1a: Occam|95\/100 brn|[from] brn\n|-sideend|p2: foiledfeline|move: Tailwind\n|upkeep\n|\n|t:|1682559773\n|switch|p2b: Flutter Mane|Flutter Mane, L50|100\/100\n|-enditem|p2b: Flutter Mane|Booster Energy\n|-activate|p2b: Flutter Mane|ability: Protosynthesis|[fromitem]\n|-start|p2b: Flutter Mane|protosynthesisspa\n|turn|5\n|\n|t:|1682559786\n|move|p2b: Flutter Mane|Dazzling Gleam|p1a: Occam|[spread] p1a,p1b\n|-supereffective|p1a: Occam\n|-damage|p1a: Occam|5\/100 brn\n|-damage|p1b: Alexi|28\/100\n|move|p1a: Occam|Psycho Cut|p2b: Flutter Mane\n|-crit|p2b: Flutter Mane\n|-damage|p2b: Flutter Mane|38\/100\n|move|p1b: Alexi|Flash Cannon|p2b: Flutter Mane\n|-supereffective|p2b: Flutter Mane\n|-damage|p2b: Flutter Mane|0 fnt\n|faint|p2b: Flutter Mane\n|-end|p2b: Flutter Mane|Protosynthesis|[silent]\n|\n|win|Thebugkid\n|raw|Thebugkid's rating: 1268 → 1296<\/strong> (+28 for winning)\n|raw|foiledfeline's rating: 1316 → 1293<\/strong> (-23 for losing)\n","uploadtime":1682559797,"views":11,"p1id":"thebugkid","p2id":"foiledfeline","formatid":"gen9vgc2023regulationc","rating":1293,"private":0,"password":""}