{"id":"gen9vgc2023regulationc-1859149168","p1":"Wormfury","p2":"Mizore te","format":"[Gen 9] VGC 2023 Regulation C","log":"|j|\u2606Wormfury\n|j|\u2606Mizore te\n|t:|1683410415\n|gametype|doubles\n|player|p1|Wormfury|101|1324\n|player|p2|Mizore te|medium|1324\n|teamsize|p1|6\n|teamsize|p2|6\n|gen|9\n|tier|[Gen 9] VGC 2023 Regulation C\n|rated|\n|rule|Species Clause: Limit one of each Pok\u00e9mon\n|rule|Item Clause: Limit one of each item\n|clearpoke\n|poke|p1|Dondozo, L50, M|\n|poke|p1|Tatsugiri-Droopy, L50, F|\n|poke|p1|Roaring Moon, L50|\n|poke|p1|Misdreavus, L50, M|\n|poke|p1|Flutter Mane, L50|\n|poke|p1|Chi-Yu, L50|\n|poke|p2|Amoonguss, L50, F|\n|poke|p2|Flutter Mane, L50|\n|poke|p2|Baxcalibur, L50, F|\n|poke|p2|Ting-Lu, L50|\n|poke|p2|Gyarados, L50, M|\n|poke|p2|Corviknight, L50, F|\n|teampreview|4\n|\n|t:|1683410488\n|start\n|switch|p1a: Regular Mane|Misdreavus, L50, M, shiny|100\/100\n|switch|p1b: Flutter Mane|Flutter Mane, L50|100\/100\n|switch|p2a: Amoonguss|Amoonguss, L50, F|100\/100\n|switch|p2b: Ting-Lu|Ting-Lu, L50|100\/100\n|-ability|p2b: Ting-Lu|Vessel of Ruin\n|turn|1\n|\n|t:|1683410505\n|move|p1b: Flutter Mane|Protect|p1b: Flutter Mane\n|-singleturn|p1b: Flutter Mane|Protect\n|move|p1a: Regular Mane|Taunt|p2a: Amoonguss\n|-start|p2a: Amoonguss|move: Taunt\n|move|p2b: Ting-Lu|Heavy Slam|p1b: Flutter Mane\n|-activate|p1b: Flutter Mane|move: Protect\n|cant|p2a: Amoonguss|move: Taunt|Spore\n|\n|upkeep\n|turn|2\n|\n|t:|1683410522\n|-terastallize|p1b: Flutter Mane|Water\n|-terastallize|p2b: Ting-Lu|Poison\n|move|p1b: Flutter Mane|Dazzling Gleam|p2b: Ting-Lu|[spread] p2a,p2b\n|-resisted|p2a: Amoonguss\n|-resisted|p2b: Ting-Lu\n|-damage|p2a: Amoonguss|88\/100\n|-damage|p2b: Ting-Lu|94\/100\n|-damage|p1b: Flutter Mane|91\/100|[from] item: Life Orb\n|move|p1a: Regular Mane|Night Shade|p2b: Ting-Lu\n|-damage|p2b: Ting-Lu|73\/100\n|move|p2b: Ting-Lu|Heavy Slam|p1b: Flutter Mane\n|-resisted|p1b: Flutter Mane\n|-damage|p1b: Flutter Mane|46\/100\n|move|p2a: Amoonguss|Pollen Puff|p2b: Ting-Lu\n|-heal|p2b: Ting-Lu|100\/100\n|\n|upkeep\n|turn|3\n|\n|t:|1683410544\n|move|p1b: Flutter Mane|Shadow Ball|p2a: Amoonguss\n|-damage|p2a: Amoonguss|54\/100\n|-damage|p1b: Flutter Mane|36\/100|[from] item: Life Orb\n|move|p1a: Regular Mane|Will-O-Wisp|p2b: Ting-Lu|[miss]\n|-miss|p1a: Regular Mane|p2b: Ting-Lu\n|move|p2b: Ting-Lu|Earthquake|p1a: Regular Mane|[spread] p2a,p1b\n|-immune|p1a: Regular Mane|[from] ability: Levitate\n|-damage|p2a: Amoonguss|27\/100\n|-damage|p1b: Flutter Mane|0 fnt\n|faint|p1b: Flutter Mane\n|-end|p1b: Flutter Mane|Protosynthesis|[silent]\n|move|p2a: Amoonguss|Pollen Puff|p2b: Ting-Lu\n|-immune|p2b: Ting-Lu\n|\n|-end|p2a: Amoonguss|move: Taunt\n|upkeep\n|\n|t:|1683410552\n|switch|p1b: Scary dragon \ud83d\ude28|Roaring Moon, L50|100\/100\n|-enditem|p1b: Scary dragon \ud83d\ude28|Booster Energy\n|-activate|p1b: Scary dragon \ud83d\ude28|ability: Protosynthesis|[fromitem]\n|-start|p1b: Scary dragon \ud83d\ude28|protosynthesisatk\n|turn|4\n|\n|t:|1683410577\n|switch|p2a: Flutter Mane|Flutter Mane, L50, shiny|100\/100\n|move|p1b: Scary dragon \ud83d\ude28|Earthquake|p2b: Ting-Lu|[spread] p2a,p2b\n|-immune|p1a: Regular Mane|[from] ability: Levitate\n|-supereffective|p2b: Ting-Lu\n|-damage|p2a: Flutter Mane|27\/100\n|-damage|p2b: Ting-Lu|58\/100\n|move|p1a: Regular Mane|Will-O-Wisp|p2b: Ting-Lu\n|-status|p2b: Ting-Lu|brn\n|move|p2b: Ting-Lu|Heavy Slam|p1a: Regular Mane\n|-damage|p1a: Regular Mane|88\/100\n|\n|-damage|p2b: Ting-Lu|52\/100 brn|[from] brn\n|upkeep\n|turn|5\n|\n|t:|1683410592\n|switch|p2b: Amoonguss|Amoonguss, L50, F|60\/100\n|move|p1b: Scary dragon \ud83d\ude28|Protect|p1b: Scary dragon \ud83d\ude28\n|-singleturn|p1b: Scary dragon \ud83d\ude28|Protect\n|move|p2a: Flutter Mane|Dazzling Gleam|p1b: Scary dragon \ud83d\ude28|[spread] p1a\n|-activate|p1b: Scary dragon \ud83d\ude28|move: Protect\n|-damage|p1a: Regular Mane|48\/100\n|move|p1a: Regular Mane|Icy Wind|p2b: Amoonguss|[spread] p2a,p2b\n|-supereffective|p2b: Amoonguss\n|-damage|p2a: Flutter Mane|20\/100\n|-damage|p2b: Amoonguss|43\/100\n|-unboost|p2a: Flutter Mane|spe|1\n|-unboost|p2b: Amoonguss|spe|1\n|\n|upkeep\n|turn|6\n|\n|t:|1683410617\n|-end|p2a: Flutter Mane|Protosynthesis|[silent]\n|switch|p2a: Ting-Lu|Ting-Lu, L50, tera:Poison|52\/100 brn\n|-ability|p2a: Ting-Lu|Vessel of Ruin\n|move|p1b: Scary dragon \ud83d\ude28|Earthquake|p2a: Ting-Lu|[spread] p2a,p2b\n|-immune|p1a: Regular Mane|[from] ability: Levitate\n|-supereffective|p2a: Ting-Lu\n|-damage|p2a: Ting-Lu|11\/100 brn\n|-damage|p2b: Amoonguss|15\/100\n|-enditem|p2b: Amoonguss|Wiki Berry|[eat]\n|-heal|p2b: Amoonguss|48\/100|[from] item: Wiki Berry\n|move|p1a: Regular Mane|Night Shade|p2b: Amoonguss\n|-damage|p2b: Amoonguss|26\/100\n|move|p2b: Amoonguss|Spore|p1b: Scary dragon \ud83d\ude28\n|-status|p1b: Scary dragon \ud83d\ude28|slp|[from] move: Spore\n|\n|-damage|p2a: Ting-Lu|5\/100 brn|[from] brn\n|upkeep\n|turn|7\n|\n|t:|1683410666\n|cant|p1b: Scary dragon \ud83d\ude28|slp\n|move|p1a: Regular Mane|Icy Wind|p2a: Ting-Lu|[spread] p2a,p2b\n|-supereffective|p2b: Amoonguss\n|-damage|p2a: Ting-Lu|3\/100 brn\n|-damage|p2b: Amoonguss|16\/100\n|-unboost|p2a: Ting-Lu|spe|1\n|-unboost|p2b: Amoonguss|spe|1\n|move|p2a: Ting-Lu|Rock Slide|p1b: Scary dragon \ud83d\ude28|[spread] p1a,p1b\n|-damage|p1a: Regular Mane|42\/100\n|-damage|p1b: Scary dragon \ud83d\ude28|89\/100 slp\n|move|p2b: Amoonguss|Spore|p1a: Regular Mane\n|-status|p1a: Regular Mane|slp|[from] move: Spore\n|\n|-damage|p2a: Ting-Lu|0 fnt|[from] brn\n|faint|p2a: Ting-Lu\n|upkeep\n|\n|t:|1683410679\n|switch|p2a: Flutter Mane|Flutter Mane, L50, shiny|20\/100\n|turn|8\n|\n|t:|1683410684\n|cant|p1b: Scary dragon \ud83d\ude28|slp\n|move|p2b: Amoonguss|Rage Powder|p2b: Amoonguss\n|-singleturn|p2b: Amoonguss|move: Rage Powder\n|move|p2a: Flutter Mane|Dazzling Gleam|p1a: Regular Mane|[spread] p1a,p1b\n|-supereffective|p1b: Scary dragon \ud83d\ude28\n|-damage|p1a: Regular Mane|2\/100 slp\n|-damage|p1b: Scary dragon \ud83d\ude28|0 fnt\n|faint|p1b: Scary dragon \ud83d\ude28\n|-end|p1b: Scary dragon \ud83d\ude28|Protosynthesis|[silent]\n|cant|p1a: Regular Mane|slp\n|\n|upkeep\n|\n|t:|1683410687\n|switch|p1b: Chi-Yu|Chi-Yu, L50|100\/100\n|-ability|p1b: Chi-Yu|Beads of Ruin\n|turn|9\n|\n|t:|1683410697\n|move|p2b: Amoonguss|Protect|p2b: Amoonguss\n|-singleturn|p2b: Amoonguss|Protect\n|move|p2a: Flutter Mane|Dazzling Gleam|p1a: Regular Mane|[spread] p1a,p1b\n|-damage|p1a: Regular Mane|0 fnt\n|-damage|p1b: Chi-Yu|47\/100\n|faint|p1a: Regular Mane\n|move|p1b: Chi-Yu|Heat Wave|p2b: Amoonguss|[spread] p2a\n|-activate|p2b: Amoonguss|move: Protect\n|-damage|p2a: Flutter Mane|0 fnt\n|faint|p2a: Flutter Mane\n|-end|p2a: Flutter Mane|Protosynthesis|[silent]\n|\n|upkeep\n|\n|t:|1683410705\n|switch|p2a: Baxcalibur|Baxcalibur, L50, F|100\/100\n|turn|10\n|c|\u2606Wormfury|Good game\n|c|\u2606Mizore te|gg\n|\n|t:|1683410728\n|move|p1b: Chi-Yu|Dark Pulse|p2a: Baxcalibur\n|-damage|p2a: Baxcalibur|48\/100\n|cant|p2a: Baxcalibur|flinch\n|move|p2b: Amoonguss|Spore|p1b: Chi-Yu\n|-activate|p1b: Chi-Yu|item: Safety Goggles|Spore\n|\n|upkeep\n|turn|11\n|\n|t:|1683410752\n|move|p2b: Amoonguss|Rage Powder|p2b: Amoonguss\n|-singleturn|p2b: Amoonguss|move: Rage Powder\n|move|p1b: Chi-Yu|Dark Pulse|p2a: Baxcalibur\n|-damage|p2a: Baxcalibur|0 fnt\n|faint|p2a: Baxcalibur\n|\n|upkeep\n|turn|12\n|-message|Mizore te forfeited.\n|\n|win|Wormfury\n|raw|Wormfury's rating: 1324 → 1344<\/strong> (+20 for winning)\n|raw|Mizore te's rating: 1324 → 1304<\/strong> (-20 for losing)\n|l|\u2606Mizore te\n|c|\u2606Wormfury|No way\n","uploadtime":1683410768,"views":7,"p1id":"wormfury","p2id":"mizorete","formatid":"gen9vgc2023regulationc","rating":1304,"private":0,"password":""}