{"id":"gen9vgc2023regulationc-1862076132","p1":"revocolombia","p2":"level1000truegamer","format":"[Gen 9] VGC 2023 Regulation C","log":"|j|\u2606revocolombia\n|j|\u2606level1000truegamer\n|t:|1683834554\n|gametype|doubles\n|player|p1|revocolombia|pokemonranger-gen4|1230\n|player|p2|level1000truegamer|lucas-gen4pt|1304\n|teamsize|p1|6\n|teamsize|p2|6\n|gen|9\n|tier|[Gen 9] VGC 2023 Regulation C\n|rated|\n|rule|Species Clause: Limit one of each Pok\u00e9mon\n|rule|Item Clause: Limit one of each item\n|clearpoke\n|poke|p1|Flutter Mane, L50|\n|poke|p1|Great Tusk, L50|\n|poke|p1|Dragonite, L50, M|\n|poke|p1|Chien-Pao, L50|\n|poke|p1|Murkrow, L50, M|\n|poke|p1|Sandy Shocks, L50|\n|poke|p2|Ceruledge, L50, F|\n|poke|p2|Scizor, L50, F|\n|poke|p2|Salamence, L50, M|\n|poke|p2|Maushold, L50|\n|poke|p2|Chien-Pao, L50|\n|poke|p2|Ting-Lu, L50|\n|teampreview|4\nlevel1000truegamer has agreed to open team sheets.\n|\n|t:|1683834609\n|start\n|switch|p1a: Great Tusk|Great Tusk, L50|100\/100\n|switch|p1b: Murkrow|Murkrow, L50, M|100\/100\n|switch|p2a: Salamence|Salamence, L50, M|100\/100\n|switch|p2b: Scizor|Scizor, L50, F|100\/100\n|-ability|p2a: Salamence|Intimidate|boost\n|-fail|p1a: Great Tusk|unboost|[from] item: Clear Amulet|[of] p1a: Great Tusk\n|-unboost|p1b: Murkrow|atk|1\n|turn|1\n|\n|t:|1683834648\n|-terastallize|p1a: Great Tusk|Fire\n|move|p1b: Murkrow|Taunt|p2b: Scizor\n|-start|p2b: Scizor|move: Taunt\n|move|p2b: Scizor|Bullet Punch|p1b: Murkrow\n|-damage|p1b: Murkrow|59\/100\n|move|p2a: Salamence|Tailwind|p2a: Salamence\n|-sidestart|p2: level1000truegamer|move: Tailwind\n|move|p1a: Great Tusk|Rock Slide|p2b: Scizor|[spread] p2a,p2b\n|-supereffective|p2a: Salamence\n|-damage|p2a: Salamence|45\/100\n|-damage|p2b: Scizor|77\/100\n|-enditem|p2a: Salamence|Sitrus Berry|[eat]\n|-heal|p2a: Salamence|70\/100|[from] item: Sitrus Berry\n|\n|upkeep\n|turn|2\n|\n|t:|1683834682\n|-terastallize|p2b: Scizor|Water\n|move|p1b: Murkrow|Tailwind|p1b: Murkrow\n|-sidestart|p1: revocolombia|move: Tailwind\n|move|p2a: Salamence|Rock Slide|p1b: Murkrow|[spread] p1a,p1b\n|-supereffective|p1a: Great Tusk\n|-supereffective|p1b: Murkrow\n|-damage|p1a: Great Tusk|73\/100\n|-damage|p1b: Murkrow|14\/100\n|move|p1a: Great Tusk|Rock Slide|p2b: Scizor|[spread] p2a,p2b\n|-supereffective|p2a: Salamence\n|-damage|p2a: Salamence|19\/100\n|-damage|p2b: Scizor|57\/100\n|cant|p2b: Scizor|flinch\n|\n|upkeep\n|turn|3\n|\n|t:|1683834704\n|switch|p1b: Sandy Shocks|Sandy Shocks, L50|100\/100\n|move|p2a: Salamence|Rock Slide|p1a: Great Tusk|[spread] p1a,p1b\n|-supereffective|p1a: Great Tusk\n|-resisted|p1b: Sandy Shocks\n|-damage|p1a: Great Tusk|45\/100\n|-damage|p1b: Sandy Shocks|91\/100\n|move|p1a: Great Tusk|Rock Slide|p2a: Salamence|[spread] p2a,p2b\n|-supereffective|p2a: Salamence\n|-damage|p2a: Salamence|0 fnt\n|-damage|p2b: Scizor|36\/100\n|faint|p2a: Salamence\n|cant|p2b: Scizor|flinch\n|\n|-end|p2b: Scizor|move: Taunt\n|upkeep\n|\n|t:|1683834719\n|switch|p2a: Ting-Lu|Ting-Lu, L50|100\/100\n|-ability|p2a: Ting-Lu|Vessel of Ruin\n|turn|4\n|\n|t:|1683834739\n|move|p2b: Scizor|Protect|p2b: Scizor\n|-singleturn|p2b: Scizor|Protect\n|move|p1b: Sandy Shocks|Thunderbolt|p2b: Scizor\n|-activate|p2b: Scizor|move: Protect\n|move|p1a: Great Tusk|Brick Break|p2a: Ting-Lu\n|-supereffective|p2a: Ting-Lu\n|-damage|p2a: Ting-Lu|63\/100\n|move|p2a: Ting-Lu|Stomping Tantrum|p1b: Sandy Shocks\n|-supereffective|p1b: Sandy Shocks\n|-damage|p1b: Sandy Shocks|35\/100\n|\n|-sideend|p2: level1000truegamer|move: Tailwind\n|upkeep\n|turn|5\n|\n|t:|1683834790\n|move|p1b: Sandy Shocks|Thunderbolt|p2b: Scizor\n|-supereffective|p2b: Scizor\n|-crit|p2b: Scizor\n|-damage|p2b: Scizor|0 fnt\n|faint|p2b: Scizor\n|-damage|p1b: Sandy Shocks|25\/100|[from] item: Life Orb\n|move|p1a: Great Tusk|Brick Break|p2a: Ting-Lu\n|-supereffective|p2a: Ting-Lu\n|-damage|p2a: Ting-Lu|26\/100\n|move|p2a: Ting-Lu|Stomping Tantrum|p1a: Great Tusk\n|-supereffective|p1a: Great Tusk\n|-damage|p1a: Great Tusk|5\/100\n|\n|-sideend|p1: revocolombia|move: Tailwind\n|upkeep\n|\n|t:|1683834798\n|switch|p2b: Chien-Pao|Chien-Pao, L50|100\/100\n|-ability|p2b: Chien-Pao|Sword of Ruin\n|turn|6\n|\n|t:|1683834818\n|move|p2b: Chien-Pao|Sacred Sword|p1a: Great Tusk\n|-damage|p1a: Great Tusk|0 fnt\n|faint|p1a: Great Tusk\n|-end|p1a: Great Tusk|Protosynthesis|[silent]\n|move|p1b: Sandy Shocks|Thunderbolt|p2b: Chien-Pao\n|-damage|p2b: Chien-Pao|20\/100\n|-damage|p1b: Sandy Shocks|15\/100|[from] item: Life Orb\n|move|p2a: Ting-Lu|Stomping Tantrum|p1b: Sandy Shocks\n|-supereffective|p1b: Sandy Shocks\n|-damage|p1b: Sandy Shocks|0 fnt\n|faint|p1b: Sandy Shocks\n|-end|p1b: Sandy Shocks|Protosynthesis|[silent]\n|\n|upkeep\n|\n|t:|1683834834\n|switch|p1b: Dragonite|Dragonite, L50, M|100\/100\n|switch|p1a: Murkrow|Murkrow, L50, M|14\/100\n|turn|7\n|\n|t:|1683834851\n|move|p2b: Chien-Pao|Protect|p2b: Chien-Pao\n|-singleturn|p2b: Chien-Pao|Protect\n|move|p1b: Dragonite|Extreme Speed|p2b: Chien-Pao\n|-activate|p2b: Chien-Pao|move: Protect\n|move|p1a: Murkrow|Tailwind|p1a: Murkrow\n|-sidestart|p1: revocolombia|move: Tailwind\n|move|p2a: Ting-Lu|Heavy Slam|p1a: Murkrow\n|-damage|p1a: Murkrow|0 fnt\n|faint|p1a: Murkrow\n|\n|upkeep\n|turn|8\n|\n|t:|1683834883\n|move|p1b: Dragonite|Extreme Speed|p2b: Chien-Pao\n|-damage|p2b: Chien-Pao|0 fnt\n|faint|p2b: Chien-Pao\n|move|p2a: Ting-Lu|Heavy Slam|p1b: Dragonite\n|-damage|p1b: Dragonite|90\/100\n|\n|upkeep\n|turn|9\n|-message|level1000truegamer forfeited.\n|\n|win|revocolombia\n|raw|revocolombia's rating: 1230 → 1260<\/strong> (+30 for winning)\n|raw|level1000truegamer's rating: 1304 → 1280<\/strong> (-24 for losing)\n|l|\u2606level1000truegamer\n","uploadtime":1683834894,"views":12,"p1id":"revocolombia","p2id":"level1000truegamer","formatid":"gen9vgc2023regulationc","rating":1260,"private":0,"password":""}