{"id":"gen9vgc2023regulationc-1855712242","p1":"RitmanTesting1","p2":"KSunfr","format":"[Gen 9] VGC 2023 Regulation C","log":"|j|\u2606RitmanTesting1\n|j|\u2606KSunfr\n|t:|1682975765\n|gametype|doubles\n|player|p1|RitmanTesting1|byron|1498\n|player|p2|KSunfr|2|1421\n|teamsize|p1|6\n|teamsize|p2|6\n|gen|9\n|tier|[Gen 9] VGC 2023 Regulation C\n|rated|\n|rule|Species Clause: Limit one of each Pok\u00e9mon\n|rule|Item Clause: Limit one of each item\n|clearpoke\n|poke|p1|Arcanine, L50, F|\n|poke|p1|Flutter Mane, L50|\n|poke|p1|Rotom-Wash, L50|\n|poke|p1|Wo-Chien, L50|\n|poke|p1|Glimmora, L50, M|\n|poke|p1|Baxcalibur, L50, F|\n|poke|p2|Farigiraf, L50, M|\n|poke|p2|Chi-Yu, L50|\n|poke|p2|Stonjourner, L50, F|\n|poke|p2|Scizor, L50, F|\n|poke|p2|Flutter Mane, L50|\n|poke|p2|Murkrow, L50, F|\n|teampreview|4\n|inactive|Battle timer is ON: inactive players will automatically lose when time's up. (requested by KSunfr)\nRitmanTesting1 has agreed to open team sheets.\nKSunfr has agreed to open team sheets.\n|\n|t:|1682975794\n|start\n|switch|p1a: Glimmora|Glimmora, L50, M|100\/100\n|switch|p1b: Baxcalibur|Baxcalibur, L50, F|100\/100\n|switch|p2a: Farigiraf|Farigiraf, L50, M|100\/100\n|switch|p2b: Stonjourner|Stonjourner, L50, F|100\/100\n|turn|1\n|inactive|RitmanTesting1 has 30 seconds left.\n|\n|t:|1682975822\n|move|p2b: Stonjourner|Wide Guard|p2b: Stonjourner\n|-singleturn|p2b: Stonjourner|Wide Guard\n|move|p1b: Baxcalibur|Icicle Spear|p2b: Stonjourner\n|-damage|p2b: Stonjourner|90\/100\n|-damage|p2b: Stonjourner|81\/100\n|-damage|p2b: Stonjourner|71\/100\n|-damage|p2b: Stonjourner|60\/100\n|-damage|p2b: Stonjourner|50\/100\n|-hitcount|p2b: Stonjourner|5\n|move|p1a: Glimmora|Earth Power|p2b: Stonjourner\n|-supereffective|p2b: Stonjourner\n|-damage|p2b: Stonjourner|0 fnt\n|faint|p2b: Stonjourner\n|move|p2a: Farigiraf|Psychic|p1a: Glimmora\n|-supereffective|p1a: Glimmora\n|-damage|p1a: Glimmora|50\/100\n|\n|upkeep\n|\n|t:|1682975842\n|switch|p2b: Chi-Yu|Chi-Yu, L50|100\/100\n|-ability|p2b: Chi-Yu|Beads of Ruin\n|turn|2\n|inactive|RitmanTesting1 has 30 seconds left.\n|\n|t:|1682975874\n|switch|p1a: Arcanine|Arcanine, L50, F|100\/100\n|-ability|p1a: Arcanine|Intimidate|boost\n|-unboost|p2a: Farigiraf|atk|1\n|-unboost|p2b: Chi-Yu|atk|1\n|move|p2b: Chi-Yu|Overheat|p1b: Baxcalibur\n|-damage|p1b: Baxcalibur|13\/100\n|-unboost|p2b: Chi-Yu|spa|2\n|-ability|p1b: Baxcalibur|Thermal Exchange|boost\n|-boost|p1b: Baxcalibur|atk|1\n|move|p1b: Baxcalibur|Glaive Rush|p2b: Chi-Yu\n|-damage|p2b: Chi-Yu|0 fnt\n|-singlemove|p1b: Baxcalibur|Glaive Rush|[silent]\n|faint|p2b: Chi-Yu\n|move|p2a: Farigiraf|Psychic|p1a: Arcanine\n|-damage|p1a: Arcanine|58\/100\n|\n|upkeep\n|\n|t:|1682975886\n|switch|p2b: Scizor|Scizor, L50, F|100\/100\n|turn|3\n|\n|t:|1682975905\n|switch|p1a: Glimmora|Glimmora, L50, M|50\/100\n|-terastallize|p2b: Scizor|Water\n|move|p1b: Baxcalibur|Protect|p1b: Baxcalibur\n|-singleturn|p1b: Baxcalibur|Protect\n|move|p2b: Scizor|Feint|p1b: Baxcalibur\n|-activate|p1b: Baxcalibur|move: Feint\n|-damage|p1b: Baxcalibur|0 fnt\n|faint|p1b: Baxcalibur\n|move|p2a: Farigiraf|Hyper Voice|p1a: Glimmora\n|-resisted|p1a: Glimmora\n|-damage|p1a: Glimmora|38\/100\n|\n|upkeep\n|\n|t:|1682975916\n|switch|p1b: Arcanine|Arcanine, L50, F|58\/100\n|-ability|p1b: Arcanine|Intimidate|boost\n|-unboost|p2a: Farigiraf|atk|1\n|-unboost|p2b: Scizor|atk|1\n|turn|4\n|inactive|RitmanTesting1 has 30 seconds left.\n|\n|t:|1682975941\n|-terastallize|p1b: Arcanine|Water\n|move|p1b: Arcanine|Flare Blitz|p2a: Farigiraf\n|-damage|p2a: Farigiraf|60\/100\n|-damage|p1b: Arcanine|41\/100|[from] item: Rocky Helmet|[of] p2a: Farigiraf\n|-damage|p1b: Arcanine|27\/100|[from] Recoil\n|move|p1a: Glimmora|Mortal Spin|p2a: Farigiraf|[spread] p2a,p2b\n|-damage|p2a: Farigiraf|55\/100\n|-damage|p2b: Scizor|96\/100\n|-status|p2a: Farigiraf|psn\n|-status|p2b: Scizor|psn\n|-enditem|p2b: Scizor|Lum Berry|[eat]\n|-curestatus|p2b: Scizor|psn|[msg]\n|-damage|p1a: Glimmora|22\/100|[from] item: Rocky Helmet|[of] p2a: Farigiraf\n|move|p2a: Farigiraf|Psychic|p1a: Glimmora\n|-supereffective|p1a: Glimmora\n|-damage|p1a: Glimmora|0 fnt\n|faint|p1a: Glimmora\n|move|p2b: Scizor|Tera Blast|p1b: Arcanine\n|-resisted|p1b: Arcanine\n|-damage|p1b: Arcanine|9\/100\n|\n|-damage|p2a: Farigiraf|43\/100 psn|[from] psn\n|upkeep\n|\n|t:|1682975959\n|switch|p1a: Rotom|Rotom-Wash, L50|100\/100\n|turn|5\n|\n|t:|1682975976\n|move|p1b: Arcanine|Protect|p1b: Arcanine\n|-singleturn|p1b: Arcanine|Protect\n|move|p1a: Rotom|Thunderbolt|p2b: Scizor\n|-supereffective|p2b: Scizor\n|-damage|p2b: Scizor|0 fnt\n|faint|p2b: Scizor\n|move|p2a: Farigiraf|Hyper Voice|p1a: Rotom|[spread] p1a\n|-activate|p1b: Arcanine|move: Protect\n|-damage|p1a: Rotom|74\/100\n|\n|-damage|p2a: Farigiraf|31\/100 psn|[from] psn\n|upkeep\n|turn|6\n|\n|t:|1682975988\n|move|p1b: Arcanine|Flare Blitz|p2a: Farigiraf\n|-damage|p2a: Farigiraf|0 fnt\n|-damage|p1b: Arcanine|0 fnt|[from] item: Rocky Helmet|[of] p2a: Farigiraf\n|faint|p2a: Farigiraf\n|faint|p1b: Arcanine\n|\n|win|RitmanTesting1\n|raw|RitmanTesting1's rating: 1498 → 1514<\/strong> (+16 for winning)\n|raw|KSunfr's rating: 1421 → 1405<\/strong> (-16 for losing)\n|c|\u2606RitmanTesting1|gg\n|c|\u2606KSunfr|gg\n","uploadtime":1682976008,"views":11,"p1id":"ritmantesting1","p2id":"ksunfr","formatid":"gen9vgc2023regulationc","rating":1405,"private":0,"password":""}