{"id":"gen9vgc2023regulationc-1863025654","p1":"Bleedal","p2":"Beauty Devon","format":"[Gen 9] VGC 2023 Regulation C","log":"|j|\u2606Bleedal\n|j|\u2606Beauty Devon\n|t:|1683954534\n|gametype|doubles\n|player|p1|Bleedal|preschooler|\n|player|p2|Beauty Devon|swimmerf|\n|teamsize|p1|6\n|teamsize|p2|6\n|gen|9\n|tier|[Gen 9] VGC 2023 Regulation C\n|rule|Tera Type Preview: Tera Types are shown at Team Preview\n|rule|Species Clause: Limit one of each Pok\u00e9mon\n|rule|Item Clause: Limit one of each item\n|clearpoke\n|poke|p1|Flutter Mane, L50|\n|poke|p1|Pachirisu, L50, M|\n|poke|p1|Gyarados, L50, F|\n|poke|p1|Bisharp, L50, M|\n|poke|p1|Arcanine, L50, M|\n|poke|p1|Amoonguss, L50, M|\n|poke|p2|Chien-Pao, L50|\n|poke|p2|Dragonite, L50, M|\n|poke|p2|Annihilape, L50, F|\n|poke|p2|Maushold-Four, L50|\n|poke|p2|Sableye, L50, F|\n|poke|p2|Wooper-Paldea, L50, M|\n|teampreview|4\n|raw|Bleedal's Tera Types: \/ \/ \/ \/ \/ \n|raw|Beauty Devon's Tera Types: \/ \/ \/ \/ \/ \n|inactive|Battle timer is ON: inactive players will automatically lose when time's up. (requested by Beauty Devon)\n|inactiveoff|Battle timer is now OFF.\n|c|\u2606Bleedal|game 3\n|inactive|Battle timer is ON: inactive players will automatically lose when time's up. (requested by Beauty Devon)\n|c|\u2606Beauty Devon|gl that was a sick g2\n|\n|t:|1683955205\n|start\n|switch|p1a: Pachirisu|Pachirisu, L50, M|100\/100\n|switch|p1b: Gyarados|Gyarados, L50, F|100\/100\n|switch|p2a: Pien-Chao|Chien-Pao, L50|100\/100\n|switch|p2b: Mausmobile|Sableye, L50, F|100\/100\n|-ability|p2a: Pien-Chao|Sword of Ruin\n|turn|1\n|\n|t:|1683955218\n|move|p1b: Gyarados|Protect|p1b: Gyarados\n|-singleturn|p1b: Gyarados|Protect\n|move|p1a: Pachirisu|Protect|p1a: Pachirisu\n|-singleturn|p1a: Pachirisu|Protect\n|move|p2b: Mausmobile|Fake Out|p1a: Pachirisu\n|-activate|p1a: Pachirisu|move: Protect\n|move|p2a: Pien-Chao|Ice Spinner|p1b: Gyarados\n|-activate|p1b: Gyarados|move: Protect\n|\n|upkeep\n|turn|2\n|\n|t:|1683955236\n|move|p1a: Pachirisu|Follow Me|p1a: Pachirisu\n|-singleturn|p1a: Pachirisu|move: Follow Me\n|move|p2b: Mausmobile|Encore|p1a: Pachirisu\n|-start|p1a: Pachirisu|Encore\n|move|p2a: Pien-Chao|Ice Spinner|p1a: Pachirisu\n|-damage|p1a: Pachirisu|33\/100\n|-damage|p2a: Pien-Chao|91\/100|[from] item: Life Orb\n|move|p1b: Gyarados|Waterfall|p2a: Pien-Chao\n|-damage|p2a: Pien-Chao|25\/100\n|-damage|p1b: Gyarados|90\/100|[from] item: Life Orb\n|\n|-heal|p1a: Pachirisu|39\/100|[from] item: Leftovers\n|upkeep\n|turn|3\n|inactive|Bleedal has 30 seconds left.\n|\n|t:|1683955264\n|switch|p2a: LGBT|Annihilape, L50, F|100\/100\n|move|p1a: Pachirisu|Follow Me|p1a: Pachirisu\n|-singleturn|p1a: Pachirisu|move: Follow Me\n|move|p2b: Mausmobile|Thunder Wave|p1a: Pachirisu\n|-immune|p1a: Pachirisu\n|move|p1b: Gyarados|Waterfall|p2a: LGBT\n|-damage|p2a: LGBT|52\/100\n|-damage|p1b: Gyarados|80\/100|[from] item: Life Orb\n|\n|-heal|p1a: Pachirisu|45\/100|[from] item: Leftovers\n|upkeep\n|turn|4\n|inactive|Bleedal has 30 seconds left.\n|inactive|Bleedal has 20 seconds left.\n|\n|t:|1683955303\n|-terastallize|p2a: LGBT|Rock\n|move|p2b: Mausmobile|Helping Hand|p2a: LGBT\n|-singleturn|p2a: LGBT|Helping Hand|[of] p2b: Mausmobile\n|move|p1a: Pachirisu|Follow Me|p1a: Pachirisu\n|-singleturn|p1a: Pachirisu|move: Follow Me\n|move|p2a: LGBT|Rock Slide|p1b: Gyarados|[spread] p1a,p1b\n|-supereffective|p1b: Gyarados\n|-damage|p1a: Pachirisu|5\/100\n|-damage|p1b: Gyarados|0 fnt\n|faint|p1b: Gyarados\n|\n|-heal|p1a: Pachirisu|11\/100|[from] item: Leftovers\n|upkeep\n|\n|t:|1683955321\n|switch|p1b: Flutter Mane|Flutter Mane, L50|100\/100\n|turn|5\n|\n|t:|1683955344\n|move|p2a: LGBT|Protect|p2a: LGBT\n|-singleturn|p2a: LGBT|Protect\n|move|p1a: Pachirisu|Follow Me|p1a: Pachirisu\n|-singleturn|p1a: Pachirisu|move: Follow Me\n|move|p2b: Mausmobile|Thunder Wave|p1a: Pachirisu\n|-immune|p1a: Pachirisu\n|move|p1b: Flutter Mane|Dazzling Gleam|p2a: LGBT|[spread] p2b\n|-activate|p2a: LGBT|move: Protect\n|-supereffective|p2b: Mausmobile\n|-damage|p2b: Mausmobile|0 fnt\n|faint|p2b: Mausmobile\n|\n|-heal|p1a: Pachirisu|17\/100|[from] item: Leftovers\n|-end|p1a: Pachirisu|Encore\n|upkeep\n|\n|t:|1683955358\n|switch|p2b: Pro LGBT|Maushold-Four, L50|100\/100\n|turn|6\n|\n|t:|1683955365\n|move|p2b: Pro LGBT|Follow Me|p2b: Pro LGBT\n|-singleturn|p2b: Pro LGBT|move: Follow Me\n|move|p1a: Pachirisu|Follow Me|p1a: Pachirisu\n|-singleturn|p1a: Pachirisu|move: Follow Me\n|move|p1b: Flutter Mane|Dazzling Gleam|p2b: Pro LGBT|[spread] p2a,p2b\n|-damage|p2a: LGBT|13\/100\n|-damage|p2b: Pro LGBT|37\/100\n|move|p2a: LGBT|Rage Fist|p1a: Pachirisu\n|-damage|p1a: Pachirisu|0 fnt\n|faint|p1a: Pachirisu\n|\n|upkeep\n|\n|t:|1683955373\n|switch|p1a: Bisharp|Bisharp, L50, M|100\/100\n|turn|7\n|\n|t:|1683955386\n|move|p2b: Pro LGBT|Protect|p2b: Pro LGBT\n|-singleturn|p2b: Pro LGBT|Protect\n|move|p2a: LGBT|Protect|p2a: LGBT\n|-singleturn|p2a: LGBT|Protect\n|move|p1a: Bisharp|Protect|p1a: Bisharp\n|-singleturn|p1a: Bisharp|Protect\n|move|p1b: Flutter Mane|Dazzling Gleam|p2a: LGBT|[spread] \n|-activate|p2a: LGBT|move: Protect\n|-activate|p2b: Pro LGBT|move: Protect\n|\n|upkeep\n|turn|8\n|inactive|Bleedal has 30 seconds left.\n|\n|t:|1683955411\n|move|p1b: Flutter Mane|Dazzling Gleam|p2b: Pro LGBT|[spread] p2a,p2b\n|-damage|p2a: LGBT|0 fnt\n|-damage|p2b: Pro LGBT|0 fnt\n|faint|p2a: LGBT\n|faint|p2b: Pro LGBT\n|move|p1a: Bisharp|Iron Head|p2: LGBT|[notarget]\n|-fail|p1a: Bisharp\n|\n|upkeep\n|\n|t:|1683955420\n|switch|p2b: Pien-Chao|Chien-Pao, L50|25\/100\n|-ability|p2b: Pien-Chao|Sword of Ruin\n|turn|9\n|c|\u2606Beauty Devon|gg\n|\n|t:|1683955433\n|move|p2b: Pien-Chao|Sucker Punch|p1b: Flutter Mane\n|-damage|p1b: Flutter Mane|0 fnt\n|faint|p1b: Flutter Mane\n|-end|p1b: Flutter Mane|Protosynthesis|[silent]\n|-damage|p2b: Pien-Chao|15\/100|[from] item: Life Orb\n|move|p1a: Bisharp|Iron Head|p2b: Pien-Chao\n|-supereffective|p2b: Pien-Chao\n|-damage|p2b: Pien-Chao|0 fnt\n|faint|p2b: Pien-Chao\n|\n|win|Bleedal\n|c|\u2606Bleedal|GGS\n|c|\u2606Beauty Devon|i accidentally forgot my dnite was assault vest\n|c|\u2606Beauty Devon|so i had it have protect and DD\n|c|\u2606Beauty Devon|but wp\n|c|\u2606Bleedal|wp as well\n","uploadtime":1683955506,"views":22,"p1id":"bleedal","p2id":"beautydevon","formatid":"gen9vgc2023regulationc","rating":0,"private":0,"password":""}