{"id":"gen9vgc2023regulationc-1861024244","p1":"SbradyB","p2":"Zenchaos","format":"[Gen 9] VGC 2023 Regulation C","log":"|j|\u2606SbradyB\n|j|\u2606Zenchaos\n|t:|1683716416\n|gametype|doubles\n|player|p1|SbradyB|2|1493\n|player|p2|Zenchaos|265|1520\n|teamsize|p1|6\n|teamsize|p2|6\n|gen|9\n|tier|[Gen 9] VGC 2023 Regulation C\n|rated|\n|rule|Species Clause: Limit one of each Pok\u00e9mon\n|rule|Item Clause: Limit one of each item\n|clearpoke\n|poke|p1|Chi-Yu, L50|\n|poke|p1|Gyarados, L50, M|\n|poke|p1|Wo-Chien, L50|\n|poke|p1|Dragonite, L50, M|\n|poke|p1|Glimmora, L50, M|\n|poke|p1|Flutter Mane, L50|\n|poke|p2|Palafin, L50, M|\n|poke|p2|Arcanine, L50, M|\n|poke|p2|Amoonguss, L50, F|\n|poke|p2|Kingambit, L50, F|\n|poke|p2|Flutter Mane, L50|\n|poke|p2|Dragonite, L50, F|\n|teampreview|4\n|inactive|Battle timer is ON: inactive players will automatically lose when time's up. (requested by SbradyB)\nZenchaos has agreed to open team sheets.\n|inactive|SbradyB has 60 seconds left.\n|\n|t:|1683716459\n|start\n|switch|p1a: Dragonite|Dragonite, L50, M|100\/100\n|switch|p1b: DebrisLarson|Glimmora, L50, M|100\/100\n|switch|p2a: Flutter Mane|Flutter Mane, L50|100\/100\n|switch|p2b: Dragonite|Dragonite, L50, F|100\/100\n|-enditem|p2a: Flutter Mane|Booster Energy\n|-activate|p2a: Flutter Mane|ability: Protosynthesis|[fromitem]\n|-start|p2a: Flutter Mane|protosynthesisspa\n|turn|1\n|inactive|SbradyB has 30 seconds left.\n|inactive|Zenchaos has 30 seconds left.\n|\n|t:|1683716492\n|move|p1a: Dragonite|Extreme Speed|p2b: Dragonite\n|-damage|p2b: Dragonite|79\/100\n|move|p2a: Flutter Mane|Moonblast|p1a: Dragonite\n|-supereffective|p1a: Dragonite\n|-damage|p1a: Dragonite|37\/100\n|-unboost|p1a: Dragonite|spa|1\n|move|p1b: DebrisLarson|Power Gem|p2b: Dragonite\n|-supereffective|p2b: Dragonite\n|-damage|p2b: Dragonite|25\/100\n|move|p2b: Dragonite|Stomping Tantrum|p1b: DebrisLarson\n|-supereffective|p1b: DebrisLarson\n|-enditem|p1b: DebrisLarson|Focus Sash\n|-damage|p1b: DebrisLarson|1\/100\n|\n|upkeep\n|turn|2\n|\n|t:|1683716514\n|switch|p2b: Kingambit|Kingambit, L50, F|100\/100\n|move|p1a: Dragonite|Extreme Speed|p2b: Kingambit\n|-resisted|p2b: Kingambit\n|-damage|p2b: Kingambit|82\/100\n|move|p2a: Flutter Mane|Dazzling Gleam|p1a: Dragonite|[spread] p1a,p1b\n|-supereffective|p1a: Dragonite\n|-resisted|p1b: DebrisLarson\n|-damage|p1a: Dragonite|0 fnt\n|-damage|p1b: DebrisLarson|0 fnt\n|faint|p1a: Dragonite\n|faint|p1b: DebrisLarson\n|\n|upkeep\n|\n|t:|1683716522\n|switch|p1b: Chi-Yu|Chi-Yu, L50|100\/100\n|switch|p1a: Wo-Chien|Wo-Chien, L50|100\/100\n|-ability|p1b: Chi-Yu|Beads of Ruin\n|-ability|p1a: Wo-Chien|Tablets of Ruin\n|turn|3\n|\n|t:|1683716540\n|-terastallize|p1a: Wo-Chien|Water\n|move|p2b: Kingambit|Sucker Punch||[still]\n|-fail|p2b: Kingambit\n|move|p2a: Flutter Mane|Dazzling Gleam|p1a: Wo-Chien|[spread] p1a,p1b\n|-damage|p1a: Wo-Chien|79\/100\n|-damage|p1b: Chi-Yu|57\/100\n|move|p1b: Chi-Yu|Nasty Plot|p1b: Chi-Yu\n|-boost|p1b: Chi-Yu|spa|2\n|move|p1a: Wo-Chien|Pollen Puff|p1b: Chi-Yu\n|-heal|p1b: Chi-Yu|100\/100\n|\n|upkeep\n|turn|4\n|\n|t:|1683716564\n|-terastallize|p2a: Flutter Mane|Fairy\n|move|p2b: Kingambit|Sucker Punch|p1a: Wo-Chien\n|-damage|p1a: Wo-Chien|53\/100\n|move|p2a: Flutter Mane|Moonblast|p1a: Wo-Chien\n|-damage|p1a: Wo-Chien|3\/100\n|move|p1b: Chi-Yu|Heat Wave|p2b: Kingambit|[spread] p2a,p2b\n|-supereffective|p2b: Kingambit\n|-damage|p2a: Flutter Mane|22\/100\n|-damage|p2b: Kingambit|0 fnt\n|faint|p2b: Kingambit\n|move|p1a: Wo-Chien|Giga Drain|p2a: Flutter Mane\n|-damage|p2a: Flutter Mane|0 fnt\n|-heal|p1a: Wo-Chien|12\/100|[from] drain|[of] p2a: Flutter Mane\n|faint|p2a: Flutter Mane\n|-end|p2a: Flutter Mane|Protosynthesis|[silent]\n|\n|upkeep\n|\n|t:|1683716570\n|switch|p2a: Arcanine|Arcanine, L50, M|100\/100\n|switch|p2b: Dragonite|Dragonite, L50, F|25\/100\n|-ability|p2a: Arcanine|Intimidate|boost\n|-unboost|p1a: Wo-Chien|atk|1\n|-unboost|p1b: Chi-Yu|atk|1\n|turn|5\n|\n|t:|1683716590\n|move|p2a: Arcanine|Extreme Speed|p1a: Wo-Chien\n|-damage|p1a: Wo-Chien|0 fnt\n|faint|p1a: Wo-Chien\n|move|p2b: Dragonite|Extreme Speed|p1b: Chi-Yu\n|-damage|p1b: Chi-Yu|67\/100\n|move|p1b: Chi-Yu|Heat Wave|p2b: Dragonite|[spread] p2a,p2b\n|-resisted|p2a: Arcanine\n|-resisted|p2b: Dragonite\n|-damage|p2a: Arcanine|50\/100\n|-damage|p2b: Dragonite|0 fnt\n|faint|p2b: Dragonite\n|\n|-heal|p1b: Chi-Yu|74\/100|[from] item: Leftovers\n|upkeep\n|turn|6\n|-message|Zenchaos forfeited.\n|\n|win|SbradyB\n|raw|SbradyB's rating: 1493 → 1515<\/strong> (+22 for winning)\n|raw|Zenchaos's rating: 1520 → 1498<\/strong> (-22 for losing)\n|l|\u2606Zenchaos\n","uploadtime":1683716613,"views":12,"p1id":"sbradyb","p2id":"zenchaos","formatid":"gen9vgc2023regulationc","rating":1498,"private":0,"password":""}