{"id":"gen9vgc2023regulationc-1859186515","p1":"BIG BOSS 777 VGC","p2":"Arcacagne","format":"[Gen 9] VGC 2023 Regulation C","log":"|j|\u2606BIG BOSS 777 VGC\n|j|\u2606Arcacagne\n|t:|1683415227\n|gametype|doubles\n|player|p1|BIG BOSS 777 VGC|2|1250\n|player|p2|Arcacagne|170|1297\n|teamsize|p1|6\n|teamsize|p2|6\n|gen|9\n|tier|[Gen 9] VGC 2023 Regulation C\n|rated|\n|rule|Species Clause: Limit one of each Pok\u00e9mon\n|rule|Item Clause: Limit one of each item\n|clearpoke\n|poke|p1|Garchomp, L50, M|\n|poke|p1|Talonflame, L50, F|\n|poke|p1|Orthworm, L50, M|\n|poke|p1|Abomasnow, L50, M|\n|poke|p1|Iron Bundle, L50|\n|poke|p1|Gardevoir, L50, F|\n|poke|p2|Abomasnow, L50, M|\n|poke|p2|Iron Bundle, L50|\n|poke|p2|Rotom-Heat, L50|\n|poke|p2|Amoonguss, L50, F|\n|poke|p2|Iron Hands, L50|\n|poke|p2|Ting-Lu, L50|\n|teampreview|4\n|\n|t:|1683415249\n|start\n|switch|p1a: ANTONIO|Garchomp, L50, M, shiny|100\/100\n|switch|p1b: Talonflame|Talonflame, L50, F|100\/100\n|switch|p2a: Abomasnow|Abomasnow, L50, M|100\/100\n|switch|p2b: Iron Hands|Iron Hands, L50|100\/100\n|-weather|Snow|[from] ability: Snow Warning|[of] p2a: Abomasnow\n|turn|1\n|inactive|Battle timer is ON: inactive players will automatically lose when time's up. (requested by Arcacagne)\n|\n|t:|1683415267\n|-terastallize|p1a: ANTONIO|Steel\n|-terastallize|p2a: Abomasnow|Water\n|move|p2b: Iron Hands|Fake Out|p1b: Talonflame\n|-damage|p1b: Talonflame|78\/100\n|cant|p1b: Talonflame|flinch\n|move|p1a: ANTONIO|Iron Head|p2a: Abomasnow\n|-resisted|p2a: Abomasnow\n|-damage|p2a: Abomasnow|77\/100\n|cant|p2a: Abomasnow|flinch\n|\n|-weather|Snow|[upkeep]\n|upkeep\n|turn|2\n|\n|t:|1683415286\n|move|p1b: Talonflame|Brave Bird|p2a: Abomasnow\n|-damage|p2a: Abomasnow|17\/100\n|-damage|p1b: Talonflame|53\/100|[from] Recoil\n|-damage|p1b: Talonflame|43\/100|[from] item: Life Orb\n|move|p1a: ANTONIO|Earthquake|p2a: Abomasnow|[spread] p2a,p2b\n|-immune|p1b: Talonflame\n|-supereffective|p2b: Iron Hands\n|-damage|p2a: Abomasnow|0 fnt\n|-damage|p2b: Iron Hands|45\/100\n|faint|p2a: Abomasnow\n|move|p2b: Iron Hands|Wild Charge|p1b: Talonflame\n|-supereffective|p1b: Talonflame\n|-damage|p1b: Talonflame|0 fnt\n|faint|p1b: Talonflame\n|-damage|p2b: Iron Hands|38\/100|[from] Recoil\n|\n|-weather|Snow|[upkeep]\n|upkeep\n|\n|t:|1683415307\n|switch|p1b: CHE|Orthworm, L50, M, shiny|100\/100\n|switch|p2a: Amoonguss|Amoonguss, L50, F|100\/100\n|turn|3\n|\n|t:|1683415321\n|move|p1a: ANTONIO|Earthquake|p2b: Iron Hands|[spread] p2a,p2b\n|-immune|p1b: CHE|[from] ability: Earth Eater\n|-supereffective|p2b: Iron Hands\n|-damage|p2a: Amoonguss|66\/100\n|-damage|p2b: Iron Hands|0 fnt\n|faint|p2b: Iron Hands\n|-end|p2b: Iron Hands|Quark Drive|[silent]\n|move|p1b: CHE|Iron Defense|p1b: CHE\n|-boost|p1b: CHE|def|2\n|move|p2a: Amoonguss|Spore|p1a: ANTONIO\n|-status|p1a: ANTONIO|slp|[from] move: Spore\n|\n|-weather|Snow|[upkeep]\n|upkeep\n|\n|t:|1683415332\n|switch|p2b: Iron Bundle|Iron Bundle, L50|100\/100\n|-enditem|p2b: Iron Bundle|Booster Energy\n|-activate|p2b: Iron Bundle|ability: Quark Drive|[fromitem]\n|-start|p2b: Iron Bundle|quarkdrivespe\n|turn|4\n|\n|t:|1683415353\n|move|p2b: Iron Bundle|Hydro Pump|p1a: ANTONIO\n|-damage|p1a: ANTONIO|66\/100 slp\n|cant|p1a: ANTONIO|slp\n|move|p1b: CHE|Body Press|p2b: Iron Bundle\n|-supereffective|p2b: Iron Bundle\n|-damage|p2b: Iron Bundle|26\/100\n|move|p2a: Amoonguss|Spore|p1b: CHE\n|-status|p1b: CHE|slp|[from] move: Spore\n|\n|-weather|Snow|[upkeep]\n|upkeep\n|turn|5\n|inactive|BIG BOSS 777 VGC has 30 seconds left.\n|inactive|Arcacagne has 30 seconds left.\n|inactive|BIG BOSS 777 VGC has 20 seconds left.\n|inactive|BIG BOSS 777 VGC has 15 seconds left.\n|inactive|BIG BOSS 777 VGC has 10 seconds left.\n|inactive|BIG BOSS 777 VGC has 5 seconds left.\n|\n|t:|1683415408\n|move|p2a: Amoonguss|Rage Powder|p2a: Amoonguss\n|-singleturn|p2a: Amoonguss|move: Rage Powder\n|move|p2b: Iron Bundle|Hydro Pump|p1a: ANTONIO\n|-damage|p1a: ANTONIO|33\/100 slp\n|cant|p1a: ANTONIO|slp\n|cant|p1b: CHE|slp\n|\n|-weather|none\n|upkeep\n|turn|6\n|\n|t:|1683415424\n|move|p2a: Amoonguss|Rage Powder|p2a: Amoonguss\n|-singleturn|p2a: Amoonguss|move: Rage Powder\n|move|p2b: Iron Bundle|Hydro Pump|p1a: ANTONIO\n|-damage|p1a: ANTONIO|0 fnt\n|faint|p1a: ANTONIO\n|cant|p1b: CHE|slp\n|\n|upkeep\n|\n|t:|1683415434\n|switch|p1a: Iron Bundle|Iron Bundle, L50, shiny|100\/100\n|-enditem|p1a: Iron Bundle|Booster Energy\n|-activate|p1a: Iron Bundle|ability: Quark Drive|[fromitem]\n|-start|p1a: Iron Bundle|quarkdrivespe\n|turn|7\n|\n|t:|1683415447\n|move|p2b: Iron Bundle|Protect|p2b: Iron Bundle\n|-singleturn|p2b: Iron Bundle|Protect\n|move|p1a: Iron Bundle|Freeze-Dry|p2a: Amoonguss\n|-supereffective|p2a: Amoonguss\n|-damage|p2a: Amoonguss|9\/100\n|-enditem|p2a: Amoonguss|Sitrus Berry|[eat]\n|-heal|p2a: Amoonguss|34\/100|[from] item: Sitrus Berry\n|cant|p1b: CHE|slp\n|move|p2a: Amoonguss|Spore|p1a: Iron Bundle\n|-status|p1a: Iron Bundle|slp|[from] move: Spore\n|\n|upkeep\n|turn|8\n|\n|t:|1683415471\n|move|p2a: Amoonguss|Rage Powder|p2a: Amoonguss\n|-singleturn|p2a: Amoonguss|move: Rage Powder\n|cant|p1a: Iron Bundle|slp\n|move|p2b: Iron Bundle|Hydro Pump|p1a: Iron Bundle\n|-resisted|p1a: Iron Bundle\n|-crit|p1a: Iron Bundle\n|-damage|p1a: Iron Bundle|28\/100 slp\n|-curestatus|p1b: CHE|slp|[msg]\n|move|p1b: CHE|Body Press|p2a: Amoonguss\n|-resisted|p2a: Amoonguss\n|-damage|p2a: Amoonguss|12\/100\n|\n|upkeep\n|turn|9\n|\n|t:|1683415488\n|move|p2b: Iron Bundle|Protect|p2b: Iron Bundle\n|-singleturn|p2b: Iron Bundle|Protect\n|cant|p1a: Iron Bundle|slp\n|move|p1b: CHE|Body Press|p2b: Iron Bundle\n|-activate|p2b: Iron Bundle|move: Protect\n|move|p2a: Amoonguss|Spore|p1b: CHE\n|-status|p1b: CHE|slp|[from] move: Spore\n|\n|upkeep\n|turn|10\n|inactive|BIG BOSS 777 VGC has 30 seconds left.\n|\n|t:|1683415521\n|move|p2a: Amoonguss|Rage Powder|p2a: Amoonguss\n|-singleturn|p2a: Amoonguss|move: Rage Powder\n|-curestatus|p1a: Iron Bundle|slp|[msg]\n|move|p1a: Iron Bundle|Icy Wind|p2a: Amoonguss|[spread] p2a,p2b\n|-supereffective|p2a: Amoonguss\n|-resisted|p2b: Iron Bundle\n|-damage|p2a: Amoonguss|0 fnt\n|-damage|p2b: Iron Bundle|19\/100\n|-unboost|p2b: Iron Bundle|spe|1\n|faint|p2a: Amoonguss\n|move|p2b: Iron Bundle|Hydro Pump|p1a: Iron Bundle\n|-resisted|p1a: Iron Bundle\n|-damage|p1a: Iron Bundle|0 fnt\n|faint|p1a: Iron Bundle\n|-end|p1a: Iron Bundle|Quark Drive|[silent]\n|cant|p1b: CHE|slp\n|\n|upkeep\n|turn|11\n|\n|t:|1683415543\n|move|p2b: Iron Bundle|Hydro Pump|p1b: CHE\n|-damage|p1b: CHE|54\/100 slp\n|cant|p1b: CHE|slp\n|\n|upkeep\n|turn|12\n|\n|t:|1683415552\n|move|p2b: Iron Bundle|Hydro Pump|p1b: CHE|[miss]\n|-miss|p2b: Iron Bundle|p1b: CHE\n|-curestatus|p1b: CHE|slp|[msg]\n|move|p1b: CHE|Body Press|p2b: Iron Bundle\n|-supereffective|p2b: Iron Bundle\n|-damage|p2b: Iron Bundle|0 fnt\n|faint|p2b: Iron Bundle\n|-end|p2b: Iron Bundle|Quark Drive|[silent]\n|\n|win|BIG BOSS 777 VGC\n|raw|BIG BOSS 777 VGC's rating: 1250 → 1278<\/strong> (+28 for winning)\n|raw|Arcacagne's rating: 1297 → 1269<\/strong> (-28 for losing)\n","uploadtime":1683415564,"views":9,"p1id":"bigboss777vgc","p2id":"arcacagne","formatid":"gen9vgc2023regulationc","rating":1269,"private":0,"password":""}