{"id":"gen9vgc2023regulationc-1854701841","p1":"TheRedRaion","p2":"hysaaron","format":"[Gen 9] VGC 2023 Regulation C","log":"|j|\u2606TheRedRaion\n|j|\u2606hysaaron\n|t:|1682853210\n|gametype|doubles\n|player|p1|TheRedRaion|scientist|1270\n|player|p2|hysaaron|102|1287\n|teamsize|p1|6\n|teamsize|p2|6\n|gen|9\n|tier|[Gen 9] VGC 2023 Regulation C\n|rated|\n|rule|Species Clause: Limit one of each Pok\u00e9mon\n|rule|Item Clause: Limit one of each item\n|clearpoke\n|poke|p1|Flutter Mane, L50|\n|poke|p1|Tyranitar, L50, F|\n|poke|p1|Garchomp, L50, F|\n|poke|p1|Wo-Chien, L50|\n|poke|p1|Tatsugiri, L50, M|\n|poke|p1|Dondozo, L50, M|\n|poke|p2|Annihilape, L50, M|\n|poke|p2|Maushold, L50|\n|poke|p2|Ting-Lu, L50|\n|poke|p2|Amoonguss, L50, M|\n|poke|p2|Gholdengo, L50|\n|poke|p2|Gyarados, L50, F|\n|teampreview|4\n|inactive|Battle timer is ON: inactive players will automatically lose when time's up. (requested by hysaaron)\n|\n|t:|1682853234\n|start\n|switch|p1a: Garchomp|Garchomp, L50, F|100\/100\n|switch|p1b: Tyranitar|Tyranitar, L50, F|100\/100\n|switch|p2a: Maushold|Maushold, L50, shiny|100\/100\n|switch|p2b: Annihilape|Annihilape, L50, M, shiny|100\/100\n|-weather|Sandstorm|[from] ability: Sand Stream|[of] p1b: Tyranitar\n|turn|1\n|inactive|TheRedRaion has 30 seconds left.\n|inactive|hysaaron has 30 seconds left.\n|inactive|TheRedRaion has 20 seconds left.\n|inactive|hysaaron has 20 seconds left.\n|inactive|hysaaron has 15 seconds left.\n|\n|t:|1682853275\n|switch|p2a: Gyarados|Gyarados, L50, F, shiny|100\/100\n|-ability|p2a: Gyarados|Intimidate|boost\n|-unboost|p1a: Garchomp|atk|1\n|-unboost|p1b: Tyranitar|atk|1\n|-terastallize|p1b: Tyranitar|Flying\n|move|p2b: Annihilape|Protect|p2b: Annihilape\n|-singleturn|p2b: Annihilape|Protect\n|move|p1a: Garchomp|Dragon Claw|p2b: Annihilape\n|-activate|p2b: Annihilape|move: Protect\n|move|p1b: Tyranitar|Rock Slide|p2a: Gyarados|[spread] p2a\n|-activate|p2b: Annihilape|move: Protect\n|-supereffective|p2a: Gyarados\n|-damage|p2a: Gyarados|61\/100\n|\n|-weather|Sandstorm|[upkeep]\n|-damage|p2a: Gyarados|55\/100|[from] Sandstorm\n|-damage|p2b: Annihilape|94\/100|[from] Sandstorm\n|-damage|p1b: Tyranitar|94\/100|[from] Sandstorm\n|-heal|p2b: Annihilape|100\/100|[from] item: Leftovers\n|upkeep\n|turn|2\n|inactive|TheRedRaion has 30 seconds left.\n|inactive|hysaaron has 30 seconds left.\n|inactive|hysaaron has 20 seconds left.\n|inactive|hysaaron has 15 seconds left.\n|\n|t:|1682853320\n|switch|p1a: Wo-Chien|Wo-Chien, L50|100\/100\n|-ability|p1a: Wo-Chien|Tablets of Ruin\n|switch|p2b: Ting-Lu|Ting-Lu, L50|100\/100\n|-ability|p2b: Ting-Lu|Vessel of Ruin\n|move|p2a: Gyarados|Thunder Wave|p1b: Tyranitar\n|-status|p1b: Tyranitar|par\n|-enditem|p1b: Tyranitar|Lum Berry|[eat]\n|-curestatus|p1b: Tyranitar|par|[msg]\n|move|p1b: Tyranitar|Rock Slide|p2a: Gyarados|[spread] p2a,p2b\n|-supereffective|p2a: Gyarados\n|-resisted|p2b: Ting-Lu\n|-damage|p2a: Gyarados|24\/100\n|-damage|p2b: Ting-Lu|95\/100\n|-enditem|p2a: Gyarados|Sitrus Berry|[eat]\n|-heal|p2a: Gyarados|49\/100|[from] item: Sitrus Berry\n|\n|-weather|Sandstorm|[upkeep]\n|-damage|p2a: Gyarados|43\/100|[from] Sandstorm\n|-damage|p1b: Tyranitar|88\/100|[from] Sandstorm\n|-damage|p1a: Wo-Chien|94\/100|[from] Sandstorm\n|-heal|p1a: Wo-Chien|100\/100|[from] item: Leftovers\n|upkeep\n|turn|3\n|inactive|TheRedRaion has 30 seconds left.\n|inactive|hysaaron has 30 seconds left.\n|inactive|hysaaron has 20 seconds left.\n|\n|t:|1682853359\n|move|p1b: Tyranitar|Protect|p1b: Tyranitar\n|-singleturn|p1b: Tyranitar|Protect\n|move|p2a: Gyarados|Taunt|p1a: Wo-Chien\n|-start|p1a: Wo-Chien|move: Taunt\n|cant|p1a: Wo-Chien|move: Taunt|Leech Seed\n|move|p2b: Ting-Lu|Fissure|p1a: Wo-Chien|[miss]\n|-miss|p2b: Ting-Lu|p1a: Wo-Chien\n|\n|-weather|Sandstorm|[upkeep]\n|-damage|p2a: Gyarados|37\/100|[from] Sandstorm\n|-damage|p1b: Tyranitar|82\/100|[from] Sandstorm\n|-damage|p1a: Wo-Chien|94\/100|[from] Sandstorm\n|-heal|p1a: Wo-Chien|100\/100|[from] item: Leftovers\n|upkeep\n|turn|4\n|\n|t:|1682853387\n|switch|p1b: Garchomp|Garchomp, L50, F|100\/100\n|move|p2a: Gyarados|Thunder Wave|p1b: Garchomp\n|-immune|p1b: Garchomp\n|move|p1a: Wo-Chien|Pollen Puff|p2b: Ting-Lu\n|-supereffective|p2b: Ting-Lu\n|-damage|p2b: Ting-Lu|81\/100\n|move|p2b: Ting-Lu|Fissure|p1a: Wo-Chien|[miss]\n|-miss|p2b: Ting-Lu|p1a: Wo-Chien\n|\n|-weather|Sandstorm|[upkeep]\n|-damage|p2a: Gyarados|31\/100|[from] Sandstorm\n|-damage|p1a: Wo-Chien|94\/100|[from] Sandstorm\n|-heal|p1a: Wo-Chien|100\/100|[from] item: Leftovers\n|upkeep\n|turn|5\n|inactive|TheRedRaion has 30 seconds left.\n|inactive|TheRedRaion has 20 seconds left.\n|inactive|TheRedRaion has 15 seconds left.\n|\n|t:|1682853432\n|switch|p2a: Annihilape|Annihilape, L50, M, shiny|100\/100\n|move|p1b: Garchomp|Dragon Claw|p2a: Annihilape\n|-damage|p2a: Annihilape|68\/100\n|move|p1a: Wo-Chien|Pollen Puff|p1b: Garchomp\n|-immune|p1b: Garchomp\n|move|p2b: Ting-Lu|Fissure|p1b: Garchomp|[miss]\n|-miss|p2b: Ting-Lu|p1b: Garchomp\n|\n|-weather|none\n|-heal|p2a: Annihilape|75\/100|[from] item: Leftovers\n|-end|p1a: Wo-Chien|move: Taunt\n|upkeep\n|turn|6\n|inactive|hysaaron has 30 seconds left.\n|\n|t:|1682853463\n|switch|p1a: Tyranitar|Tyranitar, L50, F, tera:Flying|82\/100\n|-weather|Sandstorm|[from] ability: Sand Stream|[of] p1a: Tyranitar\n|move|p2a: Annihilape|Protect|p2a: Annihilape\n|-singleturn|p2a: Annihilape|Protect\n|move|p1b: Garchomp|Earthquake|p2b: Ting-Lu|[spread] p2b\n|-activate|p2a: Annihilape|move: Protect\n|-immune|p1a: Tyranitar\n|-crit|p2b: Ting-Lu\n|-damage|p2b: Ting-Lu|44\/100\n|move|p2b: Ting-Lu|Fissure|p1a: Tyranitar\n|-immune|p1a: Tyranitar\n|\n|-weather|Sandstorm|[upkeep]\n|-damage|p2a: Annihilape|68\/100|[from] Sandstorm\n|-damage|p1a: Tyranitar|76\/100|[from] Sandstorm\n|-heal|p2a: Annihilape|75\/100|[from] item: Leftovers\n|upkeep\n|turn|7\n|inactive|TheRedRaion has 30 seconds left.\n|\n|t:|1682853490\n|switch|p2a: Gyarados|Gyarados, L50, F, shiny|31\/100\n|-ability|p2a: Gyarados|Intimidate|boost\n|-unboost|p1a: Tyranitar|atk|1\n|-unboost|p1b: Garchomp|atk|1\n|move|p1b: Garchomp|Earthquake|p2a: Gyarados|[spread] p2b\n|-immune|p1a: Tyranitar\n|-immune|p2a: Gyarados\n|-damage|p2b: Ting-Lu|27\/100\n|move|p1a: Tyranitar|Rock Slide|p2a: Gyarados|[spread] p2a,p2b\n|-supereffective|p2a: Gyarados\n|-resisted|p2b: Ting-Lu\n|-damage|p2a: Gyarados|0 fnt\n|-damage|p2b: Ting-Lu|20\/100\n|faint|p2a: Gyarados\n|move|p2b: Ting-Lu|Fissure|p1b: Garchomp\n|-damage|p1b: Garchomp|0 fnt\n|faint|p1b: Garchomp\n|-ohko\n|\n|-weather|Sandstorm|[upkeep]\n|-damage|p1a: Tyranitar|69\/100|[from] Sandstorm\n|upkeep\n|\n|t:|1682853514\n|switch|p1b: Wo-Chien|Wo-Chien, L50|100\/100\n|switch|p2a: Maushold|Maushold, L50, shiny|100\/100\n|-ability|p1b: Wo-Chien|Tablets of Ruin\n|turn|8\n|inactive|hysaaron has 30 seconds left.\n|\n|t:|1682853545\n|switch|p2b: Annihilape|Annihilape, L50, M, shiny|75\/100\n|move|p2a: Maushold|Super Fang|p1a: Tyranitar\n|-damage|p1a: Tyranitar|35\/100\n|move|p1a: Tyranitar|Rock Slide|p2a: Maushold|[spread] p2a,p2b\n|-resisted|p2b: Annihilape\n|-damage|p2a: Maushold|77\/100\n|-damage|p2b: Annihilape|68\/100\n|move|p1b: Wo-Chien|Leech Seed|p2a: Maushold|[miss]\n|-miss|p1b: Wo-Chien|p2a: Maushold\n|\n|-weather|Sandstorm|[upkeep]\n|-damage|p2b: Annihilape|62\/100|[from] Sandstorm\n|-damage|p1a: Tyranitar|29\/100|[from] Sandstorm\n|-damage|p1b: Wo-Chien|94\/100|[from] Sandstorm\n|-heal|p2b: Annihilape|68\/100|[from] item: Leftovers\n|-heal|p1b: Wo-Chien|100\/100|[from] item: Leftovers\n|upkeep\n|turn|9\n|inactive|hysaaron has 30 seconds left.\n|\n|t:|1682853578\n|switch|p1a: Flutter Mane|Flutter Mane, L50|100\/100\n|-enditem|p1a: Flutter Mane|Booster Energy\n|-activate|p1a: Flutter Mane|ability: Protosynthesis|[fromitem]\n|-start|p1a: Flutter Mane|protosynthesisspe\n|move|p2a: Maushold|Super Fang|p1b: Wo-Chien\n|-damage|p1b: Wo-Chien|50\/100\n|move|p2b: Annihilape|Rage Fist|p1b: Wo-Chien\n|-resisted|p1b: Wo-Chien\n|-crit|p1b: Wo-Chien\n|-damage|p1b: Wo-Chien|11\/100\n|move|p1b: Wo-Chien|Leech Seed|p2b: Annihilape\n|-start|p2b: Annihilape|move: Leech Seed\n|\n|-weather|Sandstorm|[upkeep]\n|-damage|p1a: Flutter Mane|94\/100|[from] Sandstorm\n|-damage|p2b: Annihilape|62\/100|[from] Sandstorm\n|-damage|p1b: Wo-Chien|5\/100|[from] Sandstorm\n|-heal|p2b: Annihilape|68\/100|[from] item: Leftovers\n|-heal|p1b: Wo-Chien|11\/100|[from] item: Leftovers\n|-damage|p2b: Annihilape|56\/100|[from] Leech Seed|[of] p1b: Wo-Chien\n|-heal|p1b: Wo-Chien|25\/100|[silent]\n|upkeep\n|turn|10\n|inactive|hysaaron has 30 seconds left.\n|inactive|hysaaron has 20 seconds left.\n|\n|t:|1682853616\n|-terastallize|p2b: Annihilape|Fire\n|move|p2a: Maushold|Protect|p2a: Maushold\n|-singleturn|p2a: Maushold|Protect\n|move|p1b: Wo-Chien|Protect|p1b: Wo-Chien\n|-singleturn|p1b: Wo-Chien|Protect\n|move|p1a: Flutter Mane|Moonblast|p2b: Annihilape\n|-resisted|p2b: Annihilape\n|-damage|p2b: Annihilape|41\/100\n|move|p2b: Annihilape|Rage Fist|p1a: Flutter Mane\n|-supereffective|p1a: Flutter Mane\n|-damage|p1a: Flutter Mane|0 fnt\n|faint|p1a: Flutter Mane\n|-end|p1a: Flutter Mane|Protosynthesis|[silent]\n|\n|-weather|none\n|-heal|p2b: Annihilape|47\/100|[from] item: Leftovers\n|-heal|p1b: Wo-Chien|31\/100|[from] item: Leftovers\n|-damage|p2b: Annihilape|35\/100|[from] Leech Seed|[of] p1b: Wo-Chien\n|-heal|p1b: Wo-Chien|45\/100|[silent]\n|upkeep\n|\n|t:|1682853636\n|switch|p1a: Tyranitar|Tyranitar, L50, F, tera:Flying|29\/100\n|-weather|Sandstorm|[from] ability: Sand Stream|[of] p1a: Tyranitar\n|turn|11\n|\n|t:|1682853646\n|move|p2a: Maushold|Follow Me|p2a: Maushold\n|-singleturn|p2a: Maushold|move: Follow Me\n|move|p2b: Annihilape|Drain Punch|p1b: Wo-Chien\n|-supereffective|p1b: Wo-Chien\n|-damage|p1b: Wo-Chien|0 fnt\n|-heal|p2b: Annihilape|56\/100|[from] drain|[of] p1b: Wo-Chien\n|faint|p1b: Wo-Chien\n|move|p1a: Tyranitar|Rock Slide|p2a: Maushold|[spread] p2a,p2b\n|-crit|p2a: Maushold\n|-supereffective|p2b: Annihilape\n|-damage|p2a: Maushold|13\/100\n|-damage|p2b: Annihilape|5\/100\n|\n|-weather|Sandstorm|[upkeep]\n|-damage|p2b: Annihilape|0 fnt|[from] Sandstorm\n|-damage|p1a: Tyranitar|23\/100|[from] Sandstorm\n|faint|p2b: Annihilape\n|upkeep\n|\n|t:|1682853661\n|switch|p2b: Ting-Lu|Ting-Lu, L50|20\/100\n|-ability|p2b: Ting-Lu|Vessel of Ruin\n|turn|12\n|\n|t:|1682853673\n|move|p2a: Maushold|Super Fang|p1a: Tyranitar\n|-damage|p1a: Tyranitar|12\/100\n|move|p1a: Tyranitar|Rock Slide|p2b: Ting-Lu|[spread] p2a,p2b\n|-resisted|p2b: Ting-Lu\n|-damage|p2a: Maushold|0 fnt\n|-damage|p2b: Ting-Lu|12\/100\n|faint|p2a: Maushold\n|cant|p2b: Ting-Lu|flinch\n|\n|-weather|Sandstorm|[upkeep]\n|-damage|p1a: Tyranitar|6\/100|[from] Sandstorm\n|upkeep\n|turn|13\n|\n|t:|1682853694\n|move|p1a: Tyranitar|Crunch|p2b: Ting-Lu\n|-resisted|p2b: Ting-Lu\n|-damage|p2b: Ting-Lu|0 fnt\n|faint|p2b: Ting-Lu\n|\n|win|TheRedRaion\n|raw|TheRedRaion's rating: 1270 → 1296<\/strong> (+26 for winning)\n|raw|hysaaron's rating: 1287 → 1261<\/strong> (-26 for losing)\n","uploadtime":1682853699,"views":8,"p1id":"theredraion","p2id":"hysaaron","formatid":"gen9vgc2023regulationc","rating":1261,"private":0,"password":""}