{"id":"gen9vgc2023regulationc-1845174521","p1":"JonesyVGC","p2":"bananahammer74","format":"[Gen 9] VGC 2023 Regulation C","log":"|j|\u2606JonesyVGC\n|j|\u2606bananahammer74\n|t:|1681692458\n|gametype|doubles\n|player|p1|JonesyVGC|2|1056\n|player|p2|bananahammer74|swimmer-gen4dp|1145\n|teamsize|p1|6\n|teamsize|p2|6\n|gen|9\n|tier|[Gen 9] VGC 2023 Regulation C\n|rated|\n|rule|Species Clause: Limit one of each Pok\u00e9mon\n|rule|Item Clause: Limit one of each item\n|clearpoke\n|poke|p1|Chien-Pao, L50|\n|poke|p1|Dragapult, L50, M|\n|poke|p1|Palafin, L50, M|\n|poke|p1|Arcanine, L50, F|\n|poke|p1|Annihilape, L50, F|\n|poke|p1|Amoonguss, L50, F|\n|poke|p2|Palafin, L50, M|\n|poke|p2|Chien-Pao, L50|\n|poke|p2|Dragapult, L50, M|\n|poke|p2|Amoonguss, L50, F|\n|poke|p2|Arcanine, L50, F|\n|poke|p2|Flutter Mane, L50|\n|teampreview|4\n|inactive|Battle timer is ON: inactive players will automatically lose when time's up. (requested by bananahammer74)\nbananahammer74 has agreed to open team sheets.\n|inactive|JonesyVGC has 60 seconds left.\n|inactive|bananahammer74 has 60 seconds left.\n|inactive|JonesyVGC has 30 seconds left.\n|inactive|bananahammer74 has 30 seconds left.\n|inactive|JonesyVGC has 20 seconds left.\n|inactive|bananahammer74 has 20 seconds left.\n|inactive|JonesyVGC has 15 seconds left.\n|\n|t:|1681692540\n|start\n|switch|p1a: Dragapult|Dragapult, L50, M|100\/100\n|switch|p1b: Palafin|Palafin, L50, M, shiny|100\/100\n|switch|p2a: Bundle|Chien-Pao, L50|100\/100\n|switch|p2b: Dnite|Dragapult, L50, M|100\/100\n|-ability|p2a: Bundle|Sword of Ruin\n|turn|1\n|inactive|JonesyVGC has 30 seconds left.\n|inactive|bananahammer74 has 30 seconds left.\n|inactive|bananahammer74 has 20 seconds left.\n|inactive|bananahammer74 has 15 seconds left.\n|\n|t:|1681692584\n|detailschange|p1b: Palafin|Palafin-Hero, L50, M, shiny\n|switch|p1b: Arcanine|Arcanine, L50, F|100\/100\n|-ability|p1b: Arcanine|Intimidate|boost\n|-unboost|p2a: Bundle|atk|1\n|-fail|p2b: Dnite|unboost|[from] ability: Clear Body|[of] p2b: Dnite\n|-terastallize|p2b: Dnite|Steel\n|move|p2a: Bundle|Sucker Punch|p1a: Dragapult\n|-supereffective|p1a: Dragapult\n|-damage|p1a: Dragapult|17\/100\n|move|p2b: Dnite|Dragon Darts|p1a: Dragapult\n|-supereffective|p1a: Dragapult\n|-damage|p1a: Dragapult|0 fnt\n|-anim|p2b: Dnite|Dragon Darts|p1b: Arcanine\n|-damage|p1b: Arcanine|39\/100\n|faint|p1a: Dragapult\n|\n|upkeep\n|\n|t:|1681692596\n|switch|p1a: Palafin|Palafin-Hero, L50, M, shiny|100\/100\n|-activate|p1a: Palafin|ability: Zero to Hero\n|turn|2\n|\n|t:|1681692620\n|move|p2a: Bundle|Sucker Punch|p1a: Palafin\n|-damage|p1a: Palafin|74\/100\n|move|p2b: Dnite|Dragon Darts|p1b: Arcanine\n|-damage|p1b: Arcanine|0 fnt\n|-anim|p2b: Dnite|Dragon Darts|p1a: Palafin\n|-damage|p1a: Palafin|31\/100\n|faint|p1b: Arcanine\n|move|p1a: Palafin|Wave Crash|p2b: Dnite\n|-damage|p2b: Dnite|0 fnt\n|faint|p2b: Dnite\n|-damage|p1a: Palafin|4\/100|[from] Recoil\n|\n|upkeep\n|\n|t:|1681692639\n|switch|p2b: ChiYu|Arcanine, L50, F|100\/100\n|switch|p1b: Annihilape|Annihilape, L50, F|100\/100\n|-ability|p2b: ChiYu|Intimidate|boost\n|-unboost|p1a: Palafin|atk|1\n|-unboost|p1b: Annihilape|atk|1\n|-ability|p1b: Annihilape|Defiant|boost\n|-boost|p1b: Annihilape|atk|2\n|turn|3\n|\n|t:|1681692657\n|-terastallize|p1b: Annihilape|Fire\n|move|p1a: Palafin|Protect|p1a: Palafin\n|-singleturn|p1a: Palafin|Protect\n|move|p2b: ChiYu|Extreme Speed|p1a: Palafin\n|-activate|p1a: Palafin|move: Protect\n|move|p2a: Bundle|Sucker Punch|p1b: Annihilape\n|-damage|p1b: Annihilape|69\/100\n|move|p1b: Annihilape|Drain Punch|p2a: Bundle\n|-supereffective|p2a: Bundle\n|-enditem|p2a: Bundle|Focus Sash\n|-damage|p2a: Bundle|1\/100\n|-heal|p1b: Annihilape|100\/100|[from] drain|[of] p2a: Bundle\n|\n|upkeep\n|turn|4\n|inactive|JonesyVGC has 30 seconds left.\n|inactive|bananahammer74 has 30 seconds left.\n|\n|t:|1681692685\n|move|p2a: Bundle|Protect|p2a: Bundle\n|-singleturn|p2a: Bundle|Protect\n|move|p1a: Palafin|Protect||[still]\n|-fail|p1a: Palafin\n|move|p2b: ChiYu|Extreme Speed|p1a: Palafin\n|-damage|p1a: Palafin|0 fnt\n|faint|p1a: Palafin\n|move|p1b: Annihilape|Rage Fist|p2b: ChiYu\n|-damage|p2b: ChiYu|13\/100\n|\n|upkeep\n|turn|5\n|\n|t:|1681692710\n|move|p2b: ChiYu|Extreme Speed|p1b: Annihilape\n|-damage|p1b: Annihilape|73\/100\n|move|p2a: Bundle|Sacred Sword|p1b: Annihilape\n|-damage|p1b: Annihilape|48\/100\n|move|p1b: Annihilape|Drain Punch|p2a: Bundle\n|-supereffective|p2a: Bundle\n|-damage|p2a: Bundle|0 fnt\n|-heal|p1b: Annihilape|48\/100|[from] drain|[of] p2a: Bundle\n|faint|p2a: Bundle\n|\n|-heal|p1b: Annihilape|55\/100|[from] item: Leftovers\n|upkeep\n|\n|t:|1681692721\n|switch|p2a: WoChien|Amoonguss, L50, F|100\/100\n|turn|6\n|\n|t:|1681692737\n|move|p2b: ChiYu|Protect|p2b: ChiYu\n|-singleturn|p2b: ChiYu|Protect\n|move|p1b: Annihilape|Protect|p1b: Annihilape\n|-singleturn|p1b: Annihilape|Protect\n|move|p2a: WoChien|Spore|p1b: Annihilape\n|-activate|p1b: Annihilape|move: Protect\n|\n|-heal|p1b: Annihilape|61\/100|[from] item: Leftovers\n|upkeep\n|turn|7\n|inactive|bananahammer74 has 30 seconds left.\n|\n|t:|1681692764\n|move|p2b: ChiYu|Extreme Speed|p1b: Annihilape\n|-damage|p1b: Annihilape|37\/100\n|move|p2a: WoChien|Rage Powder|p2a: WoChien\n|-singleturn|p2a: WoChien|move: Rage Powder\n|move|p1b: Annihilape|Rage Fist|p2a: WoChien\n|-damage|p2a: WoChien|0 fnt\n|faint|p2a: WoChien\n|\n|-heal|p1b: Annihilape|43\/100|[from] item: Leftovers\n|upkeep\n|turn|8\n|inactive|JonesyVGC has 30 seconds left.\n|\n|t:|1681692790\n|move|p1b: Annihilape|Protect|p1b: Annihilape\n|-singleturn|p1b: Annihilape|Protect\n|move|p2b: ChiYu|Extreme Speed|p1b: Annihilape\n|-activate|p1b: Annihilape|move: Protect\n|\n|-heal|p1b: Annihilape|49\/100|[from] item: Leftovers\n|upkeep\n|turn|9\n|\n|t:|1681692811\n|move|p2b: ChiYu|Flare Blitz|p1b: Annihilape\n|-resisted|p1b: Annihilape\n|-damage|p1b: Annihilape|24\/100\n|-damage|p2b: ChiYu|4\/100|[from] Recoil\n|move|p1b: Annihilape|Drain Punch|p2b: ChiYu\n|-damage|p2b: ChiYu|0 fnt\n|-heal|p1b: Annihilape|25\/100|[from] drain|[of] p2b: ChiYu\n|faint|p2b: ChiYu\n|\n|win|JonesyVGC\n|raw|JonesyVGC's rating: 1056 → 1096<\/strong> (+40 for winning)\n|raw|bananahammer74's rating: 1145 → 1114<\/strong> (-31 for losing)\n|l|\u2606bananahammer74\n","uploadtime":1681692823,"views":13,"p1id":"jonesyvgc","p2id":"bananahammer74","formatid":"gen9vgc2023regulationc","rating":1096,"private":0,"password":""}