{"id":"gen9vgc2023regulationc-1850330210","p1":"niftynifty","p2":"calbhi","format":"[Gen 9] VGC 2023 Regulation C","log":"|j|\u2606niftynifty\n|j|\u2606calbhi\n|t:|1682319307\n|gametype|doubles\n|player|p1|niftynifty|janitor|1127\n|player|p2|calbhi|giovanni|1101\n|teamsize|p1|6\n|teamsize|p2|6\n|gen|9\n|tier|[Gen 9] VGC 2023 Regulation C\n|rated|\n|rule|Species Clause: Limit one of each Pok\u00e9mon\n|rule|Item Clause: Limit one of each item\n|clearpoke\n|poke|p1|Farigiraf, L50, F|\n|poke|p1|Tatsugiri-Droopy, L50, F|\n|poke|p1|Garganacl, L50, F|\n|poke|p1|Chi-Yu, L50|\n|poke|p1|Wo-Chien, L50|\n|poke|p1|Flutter Mane, L50|\n|poke|p2|Annihilape, L50, F|\n|poke|p2|Maushold-Four, L50|\n|poke|p2|Ting-Lu, L50|\n|poke|p2|Gholdengo, L50|\n|poke|p2|Orthworm, L50, F|\n|poke|p2|Farigiraf, L50, F|\n|teampreview|4\ncalbhi rejected open team sheets.\n|\n|t:|1682319373\n|start\n|switch|p1a: Tatsugiri|Tatsugiri-Droopy, L50, F, shiny|100\/100\n|switch|p1b: Garganacl|Garganacl, L50, F|100\/100\n|switch|p2a: Annihilape|Annihilape, L50, F|100\/100\n|switch|p2b: Maushold|Maushold-Four, L50|100\/100\n|turn|1\n|\n|t:|1682319424\n|switch|p1a: Wo-Chien|Wo-Chien, L50|100\/100\n|-ability|p1a: Wo-Chien|Tablets of Ruin\n|move|p2b: Maushold|Beat Up|p2a: Annihilape\n|-damage|p2a: Annihilape|99\/100\n|-damage|p2a: Annihilape|97\/100\n|-damage|p2a: Annihilape|95\/100\n|-crit|p2a: Annihilape\n|-damage|p2a: Annihilape|94\/100\n|-hitcount|p2a: Annihilape|4\n|move|p2a: Annihilape|Drain Punch|p1b: Garganacl\n|-supereffective|p1b: Garganacl\n|-damage|p1b: Garganacl|72\/100\n|-heal|p2a: Annihilape|100\/100|[from] drain|[of] p1b: Garganacl\n|-damage|p2a: Annihilape|84\/100|[from] item: Rocky Helmet|[of] p1b: Garganacl\n|move|p1b: Garganacl|Salt Cure|p2a: Annihilape\n|-resisted|p2a: Annihilape\n|-damage|p2a: Annihilape|81\/100\n|-start|p2a: Annihilape|Salt Cure\n|\n|-heal|p2a: Annihilape|87\/100|[from] item: Leftovers\n|-damage|p2a: Annihilape|74\/100|[from] Salt Cure\n|upkeep\n|turn|2\n|\n|t:|1682319460\n|-terastallize|p1a: Wo-Chien|Poison\n|move|p2b: Maushold|Follow Me|p2b: Maushold\n|-singleturn|p2b: Maushold|move: Follow Me\n|move|p2a: Annihilape|Rage Fist|p1b: Garganacl\n|-damage|p1b: Garganacl|41\/100\n|-damage|p2a: Annihilape|58\/100|[from] item: Rocky Helmet|[of] p1b: Garganacl\n|move|p1a: Wo-Chien|Leech Seed|p2b: Maushold\n|-start|p2b: Maushold|move: Leech Seed\n|move|p1b: Garganacl|Recover|p1b: Garganacl\n|-heal|p1b: Garganacl|91\/100\n|\n|-heal|p2a: Annihilape|64\/100|[from] item: Leftovers\n|-damage|p2b: Maushold|88\/100|[from] Leech Seed|[of] p1a: Wo-Chien\n|-damage|p2a: Annihilape|51\/100|[from] Salt Cure\n|upkeep\n|turn|3\n|\n|t:|1682319490\n|move|p2b: Maushold|Super Fang|p1b: Garganacl\n|-damage|p1b: Garganacl|46\/100\n|-damage|p2b: Maushold|72\/100|[from] item: Rocky Helmet|[of] p1b: Garganacl\n|move|p2a: Annihilape|Drain Punch|p1b: Garganacl\n|-supereffective|p1b: Garganacl\n|-damage|p1b: Garganacl|16\/100\n|-heal|p2a: Annihilape|65\/100|[from] drain|[of] p1b: Garganacl\n|-damage|p2a: Annihilape|49\/100|[from] item: Rocky Helmet|[of] p1b: Garganacl\n|move|p1a: Wo-Chien|Leech Seed|p2a: Annihilape\n|-start|p2a: Annihilape|move: Leech Seed\n|move|p1b: Garganacl|Recover|p1b: Garganacl\n|-heal|p1b: Garganacl|66\/100\n|\n|-heal|p2a: Annihilape|55\/100|[from] item: Leftovers\n|-damage|p2b: Maushold|60\/100|[from] Leech Seed|[of] p1a: Wo-Chien\n|-damage|p2a: Annihilape|42\/100|[from] Leech Seed|[of] p1a: Wo-Chien\n|-damage|p2a: Annihilape|30\/100|[from] Salt Cure\n|upkeep\n|turn|4\n|\n|t:|1682319514\n|switch|p2b: Orthworm|Orthworm, L50, F|100\/100\n|switch|p2a: Ting-Lu|Ting-Lu, L50|100\/100\n|-ability|p2a: Ting-Lu|Vessel of Ruin\n|move|p1a: Wo-Chien|Pollen Puff|p1b: Garganacl\n|-heal|p1b: Garganacl|100\/100\n|move|p1b: Garganacl|Recover||[still]\n|-fail|p1b: Garganacl|heal\n|\n|upkeep\n|turn|5\n|\n|t:|1682319535\n|move|p2b: Orthworm|Helping Hand|p2a: Ting-Lu\n|-singleturn|p2a: Ting-Lu|Helping Hand|[of] p2b: Orthworm\n|move|p1a: Wo-Chien|Knock Off|p2a: Ting-Lu\n|-resisted|p2a: Ting-Lu\n|-damage|p2a: Ting-Lu|92\/100\n|-damage|p1a: Wo-Chien|84\/100|[from] item: Rocky Helmet|[of] p2a: Ting-Lu\n|-enditem|p2a: Ting-Lu|Rocky Helmet|[from] move: Knock Off|[of] p1a: Wo-Chien\n|move|p2a: Ting-Lu|Earthquake|p1b: Garganacl|[spread] p1a,p1b\n|-immune|p2b: Orthworm|[from] ability: Earth Eater\n|-supereffective|p1a: Wo-Chien\n|-supereffective|p1b: Garganacl\n|-damage|p1a: Wo-Chien|37\/100\n|-damage|p1b: Garganacl|65\/100\n|move|p1b: Garganacl|Salt Cure|p2b: Orthworm\n|-resisted|p2b: Orthworm\n|-damage|p2b: Orthworm|98\/100\n|-start|p2b: Orthworm|Salt Cure\n|\n|-heal|p1a: Wo-Chien|43\/100|[from] item: Leftovers\n|-damage|p2b: Orthworm|73\/100|[from] Salt Cure\n|upkeep\n|turn|6\n|\n|t:|1682319559\n|move|p2b: Orthworm|Helping Hand|p2a: Ting-Lu\n|-singleturn|p2a: Ting-Lu|Helping Hand|[of] p2b: Orthworm\n|move|p1b: Garganacl|Wide Guard|p1b: Garganacl\n|-singleturn|p1b: Garganacl|Wide Guard\n|move|p1a: Wo-Chien|Leech Seed|p2a: Ting-Lu\n|-start|p2a: Ting-Lu|move: Leech Seed\n|move|p2a: Ting-Lu|Earthquake|p1a: Wo-Chien|[spread] \n|-activate|p1a: Wo-Chien|move: Wide Guard\n|-activate|p1b: Garganacl|move: Wide Guard\n|-heal|p2b: Orthworm|98\/100|[from] ability: Earth Eater|[of] p2a: Ting-Lu\n|\n|-heal|p1a: Wo-Chien|49\/100|[from] item: Leftovers\n|-damage|p2a: Ting-Lu|80\/100|[from] Leech Seed|[of] p1a: Wo-Chien\n|-heal|p1a: Wo-Chien|66\/100|[silent]\n|-damage|p2b: Orthworm|73\/100|[from] Salt Cure\n|upkeep\n|turn|7\n|\n|t:|1682319598\n|move|p2b: Orthworm|Shed Tail|p2b: Orthworm\n|-start|p2b: Orthworm|Substitute|[from] move: Shed Tail\n|-damage|p2b: Orthworm|23\/100\n|-enditem|p2b: Orthworm|Aguav Berry|[eat]\n|-heal|p2b: Orthworm|56\/100|[from] item: Aguav Berry\n|\n|t:|1682319605\n|switch|p2b: Maushold|Maushold-Four, L50|60\/100|[from] Shed Tail\n|move|p1a: Wo-Chien|Leech Seed||[still]\n|-fail|p1a: Wo-Chien\n|move|p2a: Ting-Lu|Earthquake|p1b: Garganacl|[spread] p2b,p1a,p1b\n|-activate|p2b: Maushold|move: Substitute|[damage]\n|-supereffective|p1a: Wo-Chien\n|-supereffective|p1b: Garganacl\n|-damage|p1a: Wo-Chien|34\/100\n|-damage|p1b: Garganacl|42\/100\n|move|p1b: Garganacl|Recover|p1b: Garganacl\n|-heal|p1b: Garganacl|92\/100\n|\n|-heal|p1a: Wo-Chien|40\/100|[from] item: Leftovers\n|-damage|p2a: Ting-Lu|68\/100|[from] Leech Seed|[of] p1a: Wo-Chien\n|-heal|p1a: Wo-Chien|57\/100|[silent]\n|upkeep\n|turn|8\n|\n|t:|1682319637\n|move|p1a: Wo-Chien|Protect|p1a: Wo-Chien\n|-singleturn|p1a: Wo-Chien|Protect\n|move|p2b: Maushold|Super Fang|p1a: Wo-Chien\n|-activate|p1a: Wo-Chien|move: Protect\n|move|p2a: Ting-Lu|Heavy Slam|p1a: Wo-Chien\n|-activate|p1a: Wo-Chien|move: Protect\n|move|p1b: Garganacl|Salt Cure|p2b: Maushold\n|-end|p2b: Maushold|Substitute\n|\n|-heal|p1a: Wo-Chien|63\/100|[from] item: Leftovers\n|-damage|p2a: Ting-Lu|56\/100|[from] Leech Seed|[of] p1a: Wo-Chien\n|-heal|p1a: Wo-Chien|80\/100|[silent]\n|upkeep\n|turn|9\n|\n|t:|1682319659\n|move|p2b: Maushold|Super Fang|p1a: Wo-Chien\n|-damage|p1a: Wo-Chien|40\/100\n|move|p1a: Wo-Chien|Leech Seed|p2b: Maushold\n|-start|p2b: Maushold|move: Leech Seed\n|move|p2a: Ting-Lu|Heavy Slam|p1a: Wo-Chien\n|-damage|p1a: Wo-Chien|23\/100\n|move|p1b: Garganacl|Salt Cure|p2a: Ting-Lu\n|-resisted|p2a: Ting-Lu\n|-damage|p2a: Ting-Lu|54\/100\n|-start|p2a: Ting-Lu|Salt Cure\n|\n|-heal|p1a: Wo-Chien|30\/100|[from] item: Leftovers\n|-damage|p2b: Maushold|47\/100|[from] Leech Seed|[of] p1a: Wo-Chien\n|-heal|p1a: Wo-Chien|41\/100|[silent]\n|-damage|p2a: Ting-Lu|42\/100|[from] Leech Seed|[of] p1a: Wo-Chien\n|-heal|p1a: Wo-Chien|58\/100|[silent]\n|-damage|p2a: Ting-Lu|30\/100|[from] Salt Cure\n|upkeep\n|turn|10\n|\n|t:|1682319680\n|switch|p2b: Orthworm|Orthworm, L50, F|56\/100\n|move|p1a: Wo-Chien|Protect|p1a: Wo-Chien\n|-singleturn|p1a: Wo-Chien|Protect\n|move|p2a: Ting-Lu|Earthquake|p1a: Wo-Chien|[spread] p1b\n|-activate|p1a: Wo-Chien|move: Protect\n|-heal|p2b: Orthworm|81\/100|[from] ability: Earth Eater|[of] p2a: Ting-Lu\n|-supereffective|p1b: Garganacl\n|-damage|p1b: Garganacl|68\/100\n|move|p1b: Garganacl|Salt Cure|p2b: Orthworm\n|-resisted|p2b: Orthworm\n|-damage|p2b: Orthworm|77\/100\n|-start|p2b: Orthworm|Salt Cure\n|\n|-heal|p1a: Wo-Chien|64\/100|[from] item: Leftovers\n|-damage|p2a: Ting-Lu|17\/100|[from] Leech Seed|[of] p1a: Wo-Chien\n|-heal|p1a: Wo-Chien|81\/100|[silent]\n|-damage|p2b: Orthworm|52\/100|[from] Salt Cure\n|-damage|p2a: Ting-Lu|5\/100|[from] Salt Cure\n|upkeep\n|turn|11\n|\n|t:|1682319710\n|switch|p2a: Annihilape|Annihilape, L50, F|30\/100\n|move|p2b: Orthworm|Protect|p2b: Orthworm\n|-singleturn|p2b: Orthworm|Protect\n|move|p1b: Garganacl|Wide Guard|p1b: Garganacl\n|-singleturn|p1b: Garganacl|Wide Guard\n|move|p1a: Wo-Chien|Knock Off|p2b: Orthworm\n|-activate|p2b: Orthworm|move: Protect\n|\n|-heal|p2a: Annihilape|36\/100|[from] item: Leftovers\n|-heal|p1a: Wo-Chien|87\/100|[from] item: Leftovers\n|-damage|p2b: Orthworm|28\/100|[from] Salt Cure\n|upkeep\n|turn|12\n|\n|t:|1682319734\n|switch|p2b: Maushold|Maushold-Four, L50|47\/100\n|move|p2a: Annihilape|Protect|p2a: Annihilape\n|-singleturn|p2a: Annihilape|Protect\n|move|p1a: Wo-Chien|Pollen Puff|p1b: Garganacl\n|-heal|p1b: Garganacl|100\/100\n|move|p1b: Garganacl|Salt Cure|p2a: Annihilape\n|-activate|p2a: Annihilape|move: Protect\n|\n|-heal|p2a: Annihilape|42\/100|[from] item: Leftovers\n|-heal|p1a: Wo-Chien|93\/100|[from] item: Leftovers\n|upkeep\n|turn|13\n|\n|t:|1682319783\n|-terastallize|p2a: Annihilape|Steel\n|move|p2b: Maushold|Super Fang|p1a: Wo-Chien\n|-damage|p1a: Wo-Chien|47\/100\n|move|p2a: Annihilape|Bulk Up|p2a: Annihilape\n|-boost|p2a: Annihilape|atk|1\n|-boost|p2a: Annihilape|def|1\n|move|p1a: Wo-Chien|Pollen Puff|p1b: Garganacl\n|-immune|p1b: Garganacl\n|move|p1b: Garganacl|Salt Cure|p2b: Maushold\n|-damage|p2b: Maushold|36\/100\n|-start|p2b: Maushold|Salt Cure\n|\n|-heal|p2a: Annihilape|48\/100|[from] item: Leftovers\n|-heal|p1a: Wo-Chien|53\/100|[from] item: Leftovers\n|-damage|p2b: Maushold|24\/100|[from] Salt Cure\n|upkeep\n|turn|14\n|\n|t:|1682319808\n|move|p2b: Maushold|Super Fang|p1b: Garganacl\n|-damage|p1b: Garganacl|51\/100\n|-damage|p2b: Maushold|7\/100|[from] item: Rocky Helmet|[of] p1b: Garganacl\n|move|p2a: Annihilape|Drain Punch|p1b: Garganacl\n|-supereffective|p1b: Garganacl\n|-damage|p1b: Garganacl|7\/100\n|-heal|p2a: Annihilape|69\/100|[from] drain|[of] p1b: Garganacl\n|-damage|p2a: Annihilape|52\/100|[from] item: Rocky Helmet|[of] p1b: Garganacl\n|move|p1a: Wo-Chien|Leech Seed|p2b: Maushold\n|-start|p2b: Maushold|move: Leech Seed\n|move|p1b: Garganacl|Salt Cure|p2a: Annihilape\n|-resisted|p2a: Annihilape\n|-damage|p2a: Annihilape|50\/100\n|-start|p2a: Annihilape|Salt Cure\n|\n|-heal|p2a: Annihilape|56\/100|[from] item: Leftovers\n|-heal|p1a: Wo-Chien|59\/100|[from] item: Leftovers\n|-damage|p2b: Maushold|0 fnt|[from] Leech Seed|[of] p1a: Wo-Chien\n|-heal|p1a: Wo-Chien|66\/100|[silent]\n|faint|p2b: Maushold\n|-damage|p2a: Annihilape|31\/100|[from] Salt Cure\n|upkeep\n|\n|t:|1682319830\n|switch|p2b: Ting-Lu|Ting-Lu, L50|5\/100\n|-ability|p2b: Ting-Lu|Vessel of Ruin\n|turn|15\n|\n|t:|1682319846\n|switch|p1b: Farigiraf|Farigiraf, L50, F|100\/100\n|move|p2a: Annihilape|Drain Punch|p1b: Farigiraf\n|-damage|p1b: Farigiraf|72\/100\n|-heal|p2a: Annihilape|46\/100|[from] drain|[of] p1b: Farigiraf\n|move|p1a: Wo-Chien|Pollen Puff|p2b: Ting-Lu\n|-supereffective|p2b: Ting-Lu\n|-damage|p2b: Ting-Lu|0 fnt\n|faint|p2b: Ting-Lu\n|\n|-heal|p2a: Annihilape|52\/100|[from] item: Leftovers\n|-heal|p1a: Wo-Chien|72\/100|[from] item: Leftovers\n|-damage|p2a: Annihilape|27\/100|[from] Salt Cure\n|upkeep\n|\n|t:|1682319861\n|switch|p2b: Orthworm|Orthworm, L50, F|28\/100\n|turn|16\n|\n|t:|1682319875\n|move|p2b: Orthworm|Helping Hand|p2a: Annihilape\n|-singleturn|p2a: Annihilape|Helping Hand|[of] p2b: Orthworm\n|move|p2a: Annihilape|Rage Fist|p1a: Wo-Chien\n|-damage|p1a: Wo-Chien|0 fnt\n|faint|p1a: Wo-Chien\n|move|p1b: Farigiraf|Low Kick|p2a: Annihilape\n|-supereffective|p2a: Annihilape\n|-damage|p2a: Annihilape|10\/100\n|\n|-heal|p2a: Annihilape|16\/100|[from] item: Leftovers\n|-damage|p2a: Annihilape|0 fnt|[from] Salt Cure\n|faint|p2a: Annihilape\n|upkeep\n|\n|t:|1682319887\n|switch|p1a: Garganacl|Garganacl, L50, F|7\/100\n|turn|17\n|\n|t:|1682319892\n|move|p2b: Orthworm|Body Press|p1a: Garganacl\n|-supereffective|p1a: Garganacl\n|-crit|p1a: Garganacl\n|-damage|p1a: Garganacl|0 fnt\n|-damage|p2b: Orthworm|11\/100|[from] item: Rocky Helmet|[of] p1a: Garganacl\n|faint|p1a: Garganacl\n|move|p1b: Farigiraf|Low Kick|p2b: Orthworm\n|-supereffective|p2b: Orthworm\n|-damage|p2b: Orthworm|0 fnt\n|faint|p2b: Orthworm\n|\n|win|niftynifty\n|raw|niftynifty's rating: 1127 → 1150<\/strong> (+23 for winning)\n|raw|calbhi's rating: 1101 → 1078<\/strong> (-23 for losing)\n|c|\u2606niftynifty|gg\n|l|\u2606calbhi\n","uploadtime":1682319908,"views":32,"p1id":"niftynifty","p2id":"calbhi","formatid":"gen9vgc2023regulationc","rating":1078,"private":0,"password":""}