{"id":"gen9vgc2023regulationc-1855314401","p1":"Shiva_846","p2":"UltimoRyu","format":"[Gen 9] VGC 2023 Regulation C","log":"|j|\u2606Shiva_846\n|j|\u2606UltimoRyu\n|t:|1682935409\n|gametype|doubles\n|player|p1|Shiva_846|benga|1107\n|player|p2|UltimoRyu|crasherwake|1069\n|teamsize|p1|6\n|teamsize|p2|6\n|gen|9\n|tier|[Gen 9] VGC 2023 Regulation C\n|rated|\n|rule|Species Clause: Limit one of each Pok\u00e9mon\n|rule|Item Clause: Limit one of each item\n|clearpoke\n|poke|p1|Torkoal, L50, M|\n|poke|p1|Jumpluff, L50, F|\n|poke|p1|Flutter Mane, L50|\n|poke|p1|Great Tusk, L50|\n|poke|p1|Arcanine, L50, M|\n|poke|p1|Ting-Lu, L50|\n|poke|p2|Garchomp, L50, M|\n|poke|p2|Rotom-Wash, L50|\n|poke|p2|Iron Bundle, L50|\n|poke|p2|Gyarados, L50, F|\n|poke|p2|Slither Wing, L50|\n|poke|p2|Gardevoir, L50, M|\n|teampreview|4\n|\n|t:|1682935455\n|start\n|switch|p1a: Jumpluff|Jumpluff, L50, F|100\/100\n|switch|p1b: Torkoal|Torkoal, L50, M|100\/100\n|switch|p2a: Rotom|Rotom-Wash, L50|100\/100\n|switch|p2b: Gyarados|Gyarados, L50, F|100\/100\n|-ability|p2b: Gyarados|Intimidate|boost\n|-unboost|p1a: Jumpluff|atk|1\n|-unboost|p1b: Torkoal|atk|1\n|-enditem|p1b: Torkoal|Eject Pack\n|\n|t:|1682935465\n|switch|p1b: Arcanine|Arcanine, L50, M|100\/100\n|-ability|p1b: Arcanine|Intimidate|boost\n|-unboost|p2a: Rotom|atk|1\n|-unboost|p2b: Gyarados|atk|1\n|turn|1\n|\n|t:|1682935490\n|switch|p1b: Torkoal|Torkoal, L50, M|100\/100\n|-weather|SunnyDay|[from] ability: Drought|[of] p1b: Torkoal\n|switch|p2b: Gardevoir|Gardevoir, L50, M|100\/100\n|move|p1a: Jumpluff|Tailwind|p1a: Jumpluff\n|-sidestart|p1: Shiva_846|move: Tailwind\n|move|p2a: Rotom|Hydro Pump|p1b: Torkoal\n|-supereffective|p1b: Torkoal\n|-damage|p1b: Torkoal|55\/100\n|\n|-weather|SunnyDay|[upkeep]\n|upkeep\n|turn|2\n|\n|t:|1682935513\n|move|p1a: Jumpluff|Leaf Storm|p2a: Rotom\n|-supereffective|p2a: Rotom\n|-damage|p2a: Rotom|39\/100\n|-unboost|p1a: Jumpluff|spa|2\n|move|p2a: Rotom|Discharge|p1b: Torkoal|[spread] p1a,p1b\n|-activate|p2b: Gardevoir|ability: Telepathy\n|-damage|p1a: Jumpluff|72\/100\n|-damage|p1b: Torkoal|32\/100\n|-status|p1a: Jumpluff|par\n|-status|p1b: Torkoal|par\n|move|p2b: Gardevoir|Light Screen|p2b: Gardevoir\n|-sidestart|p2: UltimoRyu|move: Light Screen\n|move|p1b: Torkoal|Solar Beam||[still]\n|-prepare|p1b: Torkoal|Solar Beam\n|-anim|p1b: Torkoal|Solar Beam|p2a: Rotom\n|-supereffective|p2a: Rotom\n|-damage|p2a: Rotom|4\/100\n|\n|-weather|SunnyDay|[upkeep]\n|upkeep\n|turn|3\n|\n|t:|1682935548\n|move|p1a: Jumpluff|Leaf Storm|p2a: Rotom\n|-supereffective|p2a: Rotom\n|-damage|p2a: Rotom|0 fnt\n|-unboost|p1a: Jumpluff|spa|2\n|faint|p2a: Rotom\n|move|p2b: Gardevoir|Psyshock|p1b: Torkoal\n|-damage|p1b: Torkoal|4\/100 par\n|move|p1b: Torkoal|Stealth Rock|p2b: Gardevoir\n|-sidestart|p2: UltimoRyu|move: Stealth Rock\n|\n|-weather|SunnyDay|[upkeep]\n|upkeep\n|\n|t:|1682935551\n|switch|p2a: Gyarados|Gyarados, L50, F|100\/100\n|-damage|p2a: Gyarados|75\/100|[from] Stealth Rock\n|-ability|p2a: Gyarados|Intimidate|boost\n|-unboost|p1a: Jumpluff|atk|1\n|-unboost|p1b: Torkoal|atk|1\n|turn|4\n|\n|t:|1682935569\n|switch|p1b: Arcanine|Arcanine, L50, M|100\/100\n|-ability|p1b: Arcanine|Intimidate|boost\n|-unboost|p2a: Gyarados|atk|1\n|-unboost|p2b: Gardevoir|atk|1\n|move|p1a: Jumpluff|Protect|p1a: Jumpluff\n|-singleturn|p1a: Jumpluff|Protect\n|move|p2a: Gyarados|Protect|p2a: Gyarados\n|-singleturn|p2a: Gyarados|Protect\n|move|p2b: Gardevoir|Psyshock|p1b: Arcanine\n|-damage|p1b: Arcanine|64\/100\n|\n|-weather|SunnyDay|[upkeep]\n|-sideend|p1: Shiva_846|move: Tailwind\n|upkeep\n|turn|5\n|\n|t:|1682935592\n|switch|p2a: Slither Wing|Slither Wing, L50|100\/100\n|-damage|p2a: Slither Wing|88\/100|[from] Stealth Rock\n|-activate|p2a: Slither Wing|ability: Protosynthesis\n|-start|p2a: Slither Wing|protosynthesisatk\n|move|p1a: Jumpluff|Tailwind|p1a: Jumpluff\n|-sidestart|p1: Shiva_846|move: Tailwind\n|move|p1b: Arcanine|Snarl|p2b: Gardevoir|[spread] p2a,p2b\n|-resisted|p2a: Slither Wing\n|-damage|p2a: Slither Wing|85\/100\n|-damage|p2b: Gardevoir|95\/100\n|-unboost|p2a: Slither Wing|spa|1\n|-unboost|p2b: Gardevoir|spa|1\n|move|p2b: Gardevoir|Thunder Wave|p1b: Arcanine\n|-status|p1b: Arcanine|par\n|\n|-weather|none\n|-end|p2a: Slither Wing|Protosynthesis\n|-heal|p2b: Gardevoir|100\/100|[from] item: Leftovers\n|upkeep\n|turn|6\n|\n|t:|1682935642\n|switch|p1b: Torkoal|Torkoal, L50, M|4\/100 par\n|-weather|SunnyDay|[from] ability: Drought|[of] p1b: Torkoal\n|-activate|p2a: Slither Wing|ability: Protosynthesis\n|-start|p2a: Slither Wing|protosynthesisatk\n|move|p1a: Jumpluff|Encore|p2b: Gardevoir\n|-start|p2b: Gardevoir|Encore\n|move|p2a: Slither Wing|U-turn|p1a: Jumpluff\n|-damage|p1a: Jumpluff|0 fnt\n|faint|p1a: Jumpluff\n|\n|t:|1682935646\n|-end|p2a: Slither Wing|Protosynthesis|[silent]\n|switch|p2a: Gyarados|Gyarados, L50, F|75\/100|[from] U-turn\n|-damage|p2a: Gyarados|50\/100|[from] Stealth Rock\n|-ability|p2a: Gyarados|Intimidate|boost\n|-unboost|p1b: Torkoal|atk|1\n|-enditem|p2a: Gyarados|Sitrus Berry|[eat]\n|-heal|p2a: Gyarados|75\/100|[from] item: Sitrus Berry\n|move|p2b: Gardevoir|Thunder Wave|p1b: Torkoal|[miss]\n|-miss|p2b: Gardevoir|p1b: Torkoal\n|\n|-weather|SunnyDay|[upkeep]\n|-sideend|p2: UltimoRyu|move: Light Screen\n|upkeep\n|\n|t:|1682935663\n|switch|p1a: Flutter Mane|Flutter Mane, L50|100\/100\n|-activate|p1a: Flutter Mane|ability: Protosynthesis\n|-start|p1a: Flutter Mane|protosynthesisspe\n|turn|7\n|\n|t:|1682935697\n|-terastallize|p2a: Gyarados|Ground\n|move|p1a: Flutter Mane|Thunderbolt|p2a: Gyarados\n|-immune|p2a: Gyarados\n|move|p2a: Gyarados|Earthquake|p1b: Torkoal|[spread] p1a,p1b\n|-activate|p2b: Gardevoir|ability: Telepathy\n|-supereffective|p1b: Torkoal\n|-crit|p1b: Torkoal\n|-damage|p1a: Flutter Mane|22\/100\n|-damage|p1b: Torkoal|0 fnt\n|faint|p1b: Torkoal\n|move|p2b: Gardevoir|Thunder Wave|p1a: Flutter Mane\n|-status|p1a: Flutter Mane|par\n|\n|-weather|SunnyDay|[upkeep]\n|upkeep\n|-message|Shiva_846 forfeited.\n|\n|win|UltimoRyu\n|raw|Shiva_846's rating: 1107 → 1079<\/strong> (-28 for losing)\n|raw|UltimoRyu's rating: 1069 → 1102<\/strong> (+33 for winning)\n|l|\u2606Shiva_846\n","uploadtime":1682935714,"views":20,"p1id":"shiva846","p2id":"ultimoryu","formatid":"gen9vgc2023regulationc","rating":1079,"private":0,"password":""}