{"id":"gen9vgc2023regulationc-1847761180","p1":"Marzbar","p2":"Skottymon","format":"[Gen 9] VGC 2023 Regulation C","log":"|j|\u2606Marzbar\n|j|\u2606Skottymon\n|t:|1681999745\n|gametype|doubles\n|player|p1|Marzbar|parasollady|\n|player|p2|Skottymon|102|\n|teamsize|p1|6\n|teamsize|p2|6\n|gen|9\n|tier|[Gen 9] VGC 2023 Regulation C\n|rule|Species Clause: Limit one of each Pok\u00e9mon\n|rule|Item Clause: Limit one of each item\n|clearpoke\n|poke|p1|Impidimp, L50, M|\n|poke|p1|Armarouge, L50, F|\n|poke|p1|Palafin, L50, M|\n|poke|p1|Gogoat, L50, M|\n|poke|p1|Houndoom, L50, M|\n|poke|p1|Chien-Pao, L50|\n|poke|p2|Annihilape, L50, F|\n|poke|p2|Maushold-Four, L50|\n|poke|p2|Talonflame, L50, M|\n|poke|p2|Klefki, L50, F|\n|poke|p2|Tsareena, L50, F|\n|poke|p2|Luxray, L50, F|\n|teampreview|4\nMarzbar has agreed to open team sheets.\nSkottymon has agreed to open team sheets.\n|\n|t:|1681999856\n|start\n|switch|p1a: Impidimp|Impidimp, L50, M, shiny|100\/100\n|switch|p1b: Armarouge|Armarouge, L50, F, shiny|100\/100\n|switch|p2a: Talonflame|Talonflame, L50, M|100\/100\n|switch|p2b: Klefki|Klefki, L50, F|100\/100\n|turn|1\n|c|\u2606Marzbar|I have no idea what I'm doing\n|c|\u2606Skottymon|lol me to\n|\n|t:|1681999898\n|-terastallize|p2b: Klefki|Ghost\n|move|p2a: Talonflame|Tailwind|p2a: Talonflame\n|-sidestart|p2: Skottymon|move: Tailwind\n|move|p1a: Impidimp|Reflect|p1a: Impidimp\n|-sidestart|p1: Marzbar|Reflect\n|move|p2b: Klefki|Dazzling Gleam|p1a: Impidimp|[spread] p1a,p1b\n|-supereffective|p1a: Impidimp\n|-resisted|p1b: Armarouge\n|-damage|p1a: Impidimp|29\/100\n|-damage|p1b: Armarouge|91\/100\n|move|p1b: Armarouge|Psychic|p2a: Talonflame\n|-damage|p2a: Talonflame|28\/100\n|\n|upkeep\n|turn|2\n|\n|t:|1681999953\n|switch|p1a: Palafin|Palafin, L50, M, shiny|100\/100\n|move|p2a: Talonflame|Brave Bird|p1b: Armarouge\n|-damage|p1b: Armarouge|59\/100\n|-ability|p1b: Armarouge|Weak Armor|boost\n|-unboost|p1b: Armarouge|def|1\n|-boost|p1b: Armarouge|spe|2\n|-damage|p2a: Talonflame|16\/100|[from] Recoil\n|move|p1b: Armarouge|Psychic|p2a: Talonflame\n|-damage|p2a: Talonflame|0 fnt\n|faint|p2a: Talonflame\n|move|p2b: Klefki|Dazzling Gleam|p1a: Palafin|[spread] p1a,p1b\n|-resisted|p1b: Armarouge\n|-damage|p1a: Palafin|78\/100\n|-damage|p1b: Armarouge|49\/100\n|\n|upkeep\n|c|\u2606Skottymon|Are these bo3\n|c|\u2606Marzbar|yes\n|\n|t:|1681999974\n|switch|p2a: Luxray|Luxray, L50, F|100\/100\n|turn|3\n|\n|t:|1682000022\n|detailschange|p1a: Palafin|Palafin-Hero, L50, M, shiny\n|switch|p1a: Chien-Pao|Chien-Pao, L50|100\/100\n|-ability|p1a: Chien-Pao|Sword of Ruin\n|move|p2a: Luxray|Protect|p2a: Luxray\n|-singleturn|p2a: Luxray|Protect\n|move|p2b: Klefki|Reflect|p2b: Klefki\n|-sidestart|p2: Skottymon|Reflect\n|move|p1b: Armarouge|Psychic|p2a: Luxray\n|-activate|p2a: Luxray|move: Protect\n|\n|-status|p2a: Luxray|brn|[from] item: Flame Orb\n|upkeep\n|turn|4\n|\n|t:|1682000058\n|move|p2a: Luxray|Facade|p1b: Armarouge\n|-damage|p1b: Armarouge|0 fnt\n|faint|p1b: Armarouge\n|move|p1a: Chien-Pao|Throat Chop|p2b: Klefki\n|-supereffective|p2b: Klefki\n|-damage|p2b: Klefki|44\/100\n|-start|p2b: Klefki|Throat Chop|[silent]\n|move|p2b: Klefki|Dazzling Gleam|p1a: Chien-Pao\n|-supereffective|p1a: Chien-Pao\n|-damage|p1a: Chien-Pao|27\/100\n|\n|-damage|p2a: Luxray|95\/100 brn|[from] brn\n|-sideend|p2: Skottymon|move: Tailwind\n|upkeep\n|\n|t:|1682000085\n|switch|p1b: Impidimp|Impidimp, L50, M, shiny|29\/100\n|turn|5\n|\n|t:|1682000106\n|move|p2a: Luxray|Protect|p2a: Luxray\n|-singleturn|p2a: Luxray|Protect\n|move|p1b: Impidimp|Fake Out|p2a: Luxray\n|-activate|p2a: Luxray|move: Protect\n|move|p1a: Chien-Pao|Throat Chop|p2b: Klefki\n|-supereffective|p2b: Klefki\n|-damage|p2b: Klefki|0 fnt\n|faint|p2b: Klefki\n|\n|-damage|p2a: Luxray|89\/100 brn|[from] brn\n|upkeep\n|\n|t:|1682000116\n|switch|p2b: Tsareena|Tsareena, L50, F|100\/100\n|turn|6\n|\n|t:|1682000170\n|move|p1b: Impidimp|Scary Face||[still]\n|cant|p2b: Tsareena|ability: Queenly Majesty|Scary Face|[of] p1b: Impidimp\n|move|p1a: Chien-Pao|Ice Spinner|p2b: Tsareena\n|-supereffective|p2b: Tsareena\n|-damage|p2b: Tsareena|33\/100\n|move|p2a: Luxray|Wild Charge|p1a: Chien-Pao\n|-damage|p1a: Chien-Pao|0 fnt\n|faint|p1a: Chien-Pao\n|-damage|p2a: Luxray|83\/100 brn|[from] Recoil\n|move|p2b: Tsareena|Play Rough|p1b: Impidimp|[miss]\n|-miss|p2b: Tsareena|p1b: Impidimp\n|\n|-damage|p2a: Luxray|77\/100 brn|[from] brn\n|upkeep\n|c|\u2606Marzbar|i had to sacrifice imp and you didnt even kill it\n|\n|t:|1682000201\n|switch|p1a: Palafin|Palafin-Hero, L50, M, shiny|78\/100\n|-activate|p1a: Palafin|ability: Zero to Hero\n|turn|7\n|c|\u2606Skottymon|I missed fuck haha\n|\n|t:|1682000255\n|-terastallize|p1a: Palafin|Water\n|move|p1b: Impidimp|Reflect||[still]\n|-fail|p1b: Impidimp\n|move|p1a: Palafin|Wave Crash|p2b: Tsareena\n|-resisted|p2b: Tsareena\n|-damage|p2b: Tsareena|0 fnt\n|faint|p2b: Tsareena\n|-damage|p1a: Palafin|67\/100|[from] Recoil\n|move|p2a: Luxray|Wild Charge|p1a: Palafin\n|-supereffective|p1a: Palafin\n|-damage|p1a: Palafin|0 fnt\n|faint|p1a: Palafin\n|-damage|p2a: Luxray|57\/100 brn|[from] Recoil\n|\n|-damage|p2a: Luxray|51\/100 brn|[from] brn\n|upkeep\n|turn|8\n|\n|t:|1682000272\n|move|p1b: Impidimp|Reflect||[still]\n|-fail|p1b: Impidimp\n|move|p2a: Luxray|Facade|p1b: Impidimp\n|-damage|p1b: Impidimp|0 fnt\n|faint|p1b: Impidimp\n|\n|win|Skottymon\n|l|\u2606Skottymon\n|l|\u2606Marzbar\n|j|\u2606Skottymon\n|player|p2|Skottymon|102\n","uploadtime":1682000282,"views":10,"p1id":"marzbar","p2id":"skottymon","formatid":"gen9vgc2023regulationc","rating":0,"private":0,"password":""}