{"id":"gen9vgc2023regulationc-1844816043","p1":"Kelenar","p2":"telameneo","format":"[Gen 9] VGC 2023 Regulation C","log":"|j|\u2606Kelenar\n|j|\u2606telameneo\n|t:|1681651945\n|gametype|doubles\n|player|p1|Kelenar|265|1196\n|player|p2|telameneo|riley|1156\n|teamsize|p1|6\n|teamsize|p2|6\n|gen|9\n|tier|[Gen 9] VGC 2023 Regulation C\n|rated|\n|rule|Species Clause: Limit one of each Pok\u00e9mon\n|rule|Item Clause: Limit one of each item\n|clearpoke\n|poke|p1|Wo-Chien, L50|\n|poke|p1|Ting-Lu, L50|\n|poke|p1|Glimmora, L50, M|\n|poke|p1|Arcanine, L50, F|\n|poke|p1|Palafin, L50, F|\n|poke|p1|Volcarona, L50, M|\n|poke|p2|Tinkaton, L50, F|\n|poke|p2|Ting-Lu, L50|\n|poke|p2|Orthworm, L50, M|\n|poke|p2|Dragonite, L50, M|\n|poke|p2|Flutter Mane, L50|\n|poke|p2|Amoonguss, L50, M|\n|teampreview|4\n|\n|t:|1681651993\n|start\n|switch|p1a: Volcarona|Volcarona, L50, M|100\/100\n|switch|p1b: Wo-Chien|Wo-Chien, L50|100\/100\n|switch|p2a: Bonkaton|Tinkaton, L50, F|100\/100\n|switch|p2b: NomNomNom|Orthworm, L50, M, shiny|100\/100\n|-ability|p2a: Bonkaton|Mold Breaker\n|-ability|p1b: Wo-Chien|Tablets of Ruin\n|turn|1\n|\n|t:|1681652031\n|-terastallize|p1a: Volcarona|Grass\n|move|p2a: Bonkaton|Fake Out|p1a: Volcarona\n|-damage|p1a: Volcarona|92\/100\n|cant|p1a: Volcarona|flinch\n|move|p1b: Wo-Chien|Leech Seed|p2b: NomNomNom|[miss]\n|-miss|p1b: Wo-Chien|p2b: NomNomNom\n|move|p2b: NomNomNom|Body Press|p1b: Wo-Chien\n|-supereffective|p1b: Wo-Chien\n|-damage|p1b: Wo-Chien|67\/100\n|\n|-heal|p1b: Wo-Chien|73\/100|[from] item: Leftovers\n|upkeep\n|turn|2\n|\n|t:|1681652052\n|switch|p2a: Espa\u00f1ita|Dragonite, L50, M, shiny|100\/100\n|switch|p1b: Arcanine|Arcanine, L50, F|100\/100\n|-ability|p1b: Arcanine|Intimidate|boost\n|-unboost|p2a: Espa\u00f1ita|atk|1\n|-unboost|p2b: NomNomNom|atk|1\n|move|p1a: Volcarona|Quiver Dance|p1a: Volcarona\n|-boost|p1a: Volcarona|spa|1\n|-boost|p1a: Volcarona|spd|1\n|-boost|p1a: Volcarona|spe|1\n|move|p2b: NomNomNom|Iron Defense|p2b: NomNomNom\n|-boost|p2b: NomNomNom|def|2\n|\n|upkeep\n|turn|3\n|\n|t:|1681652088\n|-terastallize|p2b: NomNomNom|Fire\n|move|p1a: Volcarona|Heat Wave|p2a: Espa\u00f1ita|[spread] p2b\n|-miss|p1a: Volcarona|p2a: Espa\u00f1ita\n|-resisted|p2b: NomNomNom\n|-damage|p2b: NomNomNom|75\/100\n|move|p2a: Espa\u00f1ita|Earthquake|p1a: Volcarona|[spread] p1a,p1b\n|-heal|p2b: NomNomNom|99\/100|[from] ability: Earth Eater|[of] p2a: Espa\u00f1ita\n|-resisted|p1a: Volcarona\n|-supereffective|p1b: Arcanine\n|-damage|p1a: Volcarona|80\/100\n|-damage|p1b: Arcanine|64\/100\n|move|p1b: Arcanine|Will-O-Wisp|p2a: Espa\u00f1ita\n|-status|p2a: Espa\u00f1ita|brn\n|-enditem|p2a: Espa\u00f1ita|Lum Berry|[eat]\n|-curestatus|p2a: Espa\u00f1ita|brn|[msg]\n|move|p2b: NomNomNom|Body Press|p1a: Volcarona\n|-damage|p1a: Volcarona|25\/100\n|-enditem|p1a: Volcarona|Sitrus Berry|[eat]\n|-heal|p1a: Volcarona|49\/100|[from] item: Sitrus Berry\n|\n|upkeep\n|turn|4\n|\n|t:|1681652153\n|move|p1a: Volcarona|Heat Wave|p2b: NomNomNom|[spread] p2a,p2b\n|-resisted|p2a: Espa\u00f1ita\n|-resisted|p2b: NomNomNom\n|-damage|p2a: Espa\u00f1ita|88\/100\n|-damage|p2b: NomNomNom|75\/100\n|move|p2a: Espa\u00f1ita|Earthquake|p1a: Volcarona|[spread] p1a,p1b\n|-heal|p2b: NomNomNom|99\/100|[from] ability: Earth Eater|[of] p2a: Espa\u00f1ita\n|-resisted|p1a: Volcarona\n|-supereffective|p1b: Arcanine\n|-damage|p1a: Volcarona|37\/100\n|-damage|p1b: Arcanine|25\/100\n|move|p1b: Arcanine|Will-O-Wisp|p2a: Espa\u00f1ita\n|-status|p2a: Espa\u00f1ita|brn\n|move|p2b: NomNomNom|Body Press|p1b: Arcanine\n|-damage|p1b: Arcanine|0 fnt\n|faint|p1b: Arcanine\n|\n|-damage|p2a: Espa\u00f1ita|82\/100 brn|[from] brn\n|upkeep\n|\n|t:|1681652173\n|switch|p1b: Ting-Lu|Ting-Lu, L50|100\/100\n|-ability|p1b: Ting-Lu|Vessel of Ruin\n|turn|5\n|\n|t:|1681652202\n|move|p1a: Volcarona|Heat Wave|p2a: Espa\u00f1ita|[spread] p2a,p2b\n|-resisted|p2a: Espa\u00f1ita\n|-resisted|p2b: NomNomNom\n|-damage|p2a: Espa\u00f1ita|63\/100 brn\n|-damage|p2b: NomNomNom|79\/100\n|move|p2a: Espa\u00f1ita|Rock Slide|p1b: Ting-Lu|[spread] p1a,p1b\n|-resisted|p1b: Ting-Lu\n|-damage|p1a: Volcarona|30\/100\n|-damage|p1b: Ting-Lu|99\/100\n|move|p2b: NomNomNom|Body Press|p1b: Ting-Lu\n|-supereffective|p1b: Ting-Lu\n|-damage|p1b: Ting-Lu|47\/100\n|cant|p1b: Ting-Lu|flinch\n|\n|-damage|p2a: Espa\u00f1ita|57\/100 brn|[from] brn\n|upkeep\n|turn|6\n|-message|Kelenar forfeited.\n|\n|win|telameneo\n|raw|Kelenar's rating: 1196 → 1168<\/strong> (-28 for losing)\n|raw|telameneo's rating: 1156 → 1184<\/strong> (+28 for winning)\n|l|\u2606Kelenar\n","uploadtime":1681652223,"views":9,"p1id":"kelenar","p2id":"telameneo","formatid":"gen9vgc2023regulationc","rating":1168,"private":0,"password":""}