{"id":"gen9vgc2023regulationc-1854510980","p1":"Camilo10_0706","p2":"thelittlehobo1","format":"[Gen 9] VGC 2023 Regulation C","log":"|j|\u2606Camilo10_0706\n|j|\u2606thelittlehobo1\n|t:|1682820356\n|gametype|doubles\n|player|p1|Camilo10_0706|1|1027\n|player|p2|thelittlehobo1|266|1052\n|teamsize|p1|5\n|teamsize|p2|6\n|gen|9\n|tier|[Gen 9] VGC 2023 Regulation C\n|rated|\n|rule|Species Clause: Limit one of each Pok\u00e9mon\n|rule|Item Clause: Limit one of each item\n|clearpoke\n|poke|p1|Azumarill, L50, F|\n|poke|p1|Jolteon, L50, F|\n|poke|p1|Ceruledge, L50, F|\n|poke|p1|Vaporeon, L50, F|\n|poke|p1|Corviknight, L50, F|\n|poke|p2|Scizor, L50, M|\n|poke|p2|Dragonite, L50, M|\n|poke|p2|Palafin, L50, F|\n|poke|p2|Umbreon, L50, F|\n|poke|p2|Iron Hands, L50|\n|poke|p2|Chien-Pao, L50|\n|teampreview|4\n|\n|t:|1682820395\n|start\n|switch|p1a: Azumarill|Azumarill, L50, F|100\/100\n|switch|p1b: Corviknight|Corviknight, L50, F|100\/100\n|switch|p2a: Umbreon|Umbreon, L50, F|100\/100\n|switch|p2b: Iron Hands|Iron Hands, L50|100\/100\n|turn|1\n|inactive|Battle timer is ON: inactive players will automatically lose when time's up. (requested by Camilo10_0706)\n|\n|t:|1682820438\n|-end|p2b: Iron Hands|Quark Drive|[silent]\n|switch|p2b: Scizor|Scizor, L50, M|100\/100\n|move|p1a: Azumarill|Protect|p1a: Azumarill\n|-singleturn|p1a: Azumarill|Protect\n|move|p1b: Corviknight|Iron Defense|p1b: Corviknight\n|-boost|p1b: Corviknight|def|2\n|move|p2a: Umbreon|Skill Swap|p1a: Azumarill\n|-activate|p1a: Azumarill|move: Protect\n|\n|upkeep\n|turn|2\n|inactive|Camilo10_0706 has 30 seconds left.\n|\n|t:|1682820465\n|move|p2b: Scizor|Bullet Punch|p1a: Azumarill\n|-crit|p1a: Azumarill\n|-damage|p1a: Azumarill|27\/100\n|move|p1b: Corviknight|Iron Defense|p1b: Corviknight\n|-boost|p1b: Corviknight|def|2\n|move|p2a: Umbreon|Foul Play|p1b: Corviknight\n|-crit|p1b: Corviknight\n|-damage|p1b: Corviknight|69\/100\n|move|p1a: Azumarill|Draining Kiss|p2a: Umbreon\n|-supereffective|p2a: Umbreon\n|-damage|p2a: Umbreon|84\/100\n|-heal|p1a: Azumarill|38\/100|[from] drain|[of] p2a: Umbreon\n|\n|-heal|p2a: Umbreon|90\/100|[from] item: Leftovers\n|upkeep\n|turn|3\n|\n|t:|1682820487\n|switch|p2a: Iron Hands|Iron Hands, L50|100\/100\n|move|p1a: Azumarill|Protect|p1a: Azumarill\n|-singleturn|p1a: Azumarill|Protect\n|move|p2b: Scizor|Bullet Punch|p1a: Azumarill\n|-activate|p1a: Azumarill|move: Protect\n|move|p1b: Corviknight|Roost|p1b: Corviknight\n|-heal|p1b: Corviknight|100\/100\n|-singleturn|p1b: Corviknight|move: Roost\n|\n|upkeep\n|turn|4\n|inactive|thelittlehobo1 has 30 seconds left.\n|inactive|Camilo10_0706 has 30 seconds left.\n|\n|t:|1682820525\n|switch|p1a: Jolteon|Jolteon, L50, F|100\/100\n|-item|p1a: Jolteon|Air Balloon\n|move|p2b: Scizor|Bullet Punch|p1a: Jolteon\n|-resisted|p1a: Jolteon\n|-damage|p1a: Jolteon|47\/100\n|-enditem|p1a: Jolteon|Air Balloon\n|move|p1b: Corviknight|Brave Bird|p2a: Iron Hands\n|-damage|p2a: Iron Hands|76\/100\n|-damage|p1b: Corviknight|91\/100|[from] Recoil\n|move|p2a: Iron Hands|Wild Charge|p1b: Corviknight\n|-supereffective|p1b: Corviknight\n|-damage|p1b: Corviknight|64\/100\n|-damage|p2a: Iron Hands|70\/100|[from] Recoil\n|\n|upkeep\n|turn|5\n|inactive|Camilo10_0706 has 30 seconds left.\n|inactive|thelittlehobo1 has 30 seconds left.\n|inactive|Camilo10_0706 has 20 seconds left.\n|\n|t:|1682820564\n|switch|p2b: Chien-Pao|Chien-Pao, L50|100\/100\n|-ability|p2b: Chien-Pao|Sword of Ruin\n|move|p1a: Jolteon|Thunderbolt|p2b: Chien-Pao\n|-damage|p2b: Chien-Pao|37\/100\n|move|p1b: Corviknight|Roost|p1b: Corviknight\n|-heal|p1b: Corviknight|100\/100\n|-singleturn|p1b: Corviknight|move: Roost\n|move|p2a: Iron Hands|Wild Charge|p1b: Corviknight\n|-damage|p1b: Corviknight|80\/100\n|-damage|p2a: Iron Hands|66\/100|[from] Recoil\n|\n|upkeep\n|turn|6\n|\n|t:|1682820589\n|-terastallize|p2a: Iron Hands|Fighting\n|move|p1a: Jolteon|Detect|p1a: Jolteon\n|-singleturn|p1a: Jolteon|Protect\n|move|p2b: Chien-Pao|Ice Spinner|p1b: Corviknight\n|-damage|p1b: Corviknight|65\/100\n|move|p1b: Corviknight|Body Press|p2b: Chien-Pao\n|-supereffective|p2b: Chien-Pao\n|-damage|p2b: Chien-Pao|0 fnt\n|faint|p2b: Chien-Pao\n|move|p2a: Iron Hands|Drain Punch|p1b: Corviknight\n|-damage|p1b: Corviknight|47\/100\n|-heal|p2a: Iron Hands|73\/100|[from] drain|[of] p1b: Corviknight\n|\n|upkeep\n|\n|t:|1682820608\n|switch|p2b: Scizor|Scizor, L50, M|100\/100\n|turn|7\n|\n|t:|1682820620\n|switch|p1a: Azumarill|Azumarill, L50, F|38\/100\n|move|p1b: Corviknight|Roost|p1b: Corviknight\n|-heal|p1b: Corviknight|98\/100\n|-singleturn|p1b: Corviknight|move: Roost\n|move|p2b: Scizor|Close Combat|p1b: Corviknight\n|-supereffective|p1b: Corviknight\n|-damage|p1b: Corviknight|56\/100\n|-unboost|p2b: Scizor|def|1\n|-unboost|p2b: Scizor|spd|1\n|move|p2a: Iron Hands|Drain Punch|p1b: Corviknight\n|-supereffective|p1b: Corviknight\n|-damage|p1b: Corviknight|20\/100\n|-heal|p2a: Iron Hands|88\/100|[from] drain|[of] p1b: Corviknight\n|-enditem|p1b: Corviknight|Aguav Berry|[eat]\n|-heal|p1b: Corviknight|54\/100|[from] item: Aguav Berry\n|\n|upkeep\n|turn|8\n|inactive|Camilo10_0706 has 30 seconds left.\n|inactive|thelittlehobo1 has 30 seconds left.\n|\n|t:|1682820656\n|switch|p1b: Jolteon|Jolteon, L50, F|47\/100\n|move|p2b: Scizor|Close Combat|p1b: Jolteon\n|-damage|p1b: Jolteon|0 fnt\n|-unboost|p2b: Scizor|def|1\n|-unboost|p2b: Scizor|spd|1\n|faint|p1b: Jolteon\n|move|p1a: Azumarill|Draining Kiss|p2a: Iron Hands\n|-supereffective|p2a: Iron Hands\n|-damage|p2a: Iron Hands|75\/100\n|-heal|p1a: Azumarill|50\/100|[from] drain|[of] p2a: Iron Hands\n|move|p2a: Iron Hands|Wild Charge|p1a: Azumarill\n|-supereffective|p1a: Azumarill\n|-damage|p1a: Azumarill|0 fnt\n|faint|p1a: Azumarill\n|-damage|p2a: Iron Hands|64\/100|[from] Recoil\n|\n|upkeep\n|\n|t:|1682820672\n|switch|p1b: Vaporeon|Vaporeon, L50, F|100\/100\n|switch|p1a: Corviknight|Corviknight, L50, F|54\/100\n|turn|9\n|inactive|Camilo10_0706 has 30 seconds left.\n|inactive|Camilo10_0706 has 20 seconds left.\n|\n|t:|1682820711\n|-terastallize|p1a: Corviknight|Flying\n|move|p1b: Vaporeon|Detect|p1b: Vaporeon\n|-singleturn|p1b: Vaporeon|Protect\n|move|p1a: Corviknight|Roost|p1a: Corviknight\n|-heal|p1a: Corviknight|100\/100\n|-hint|If a Flying Terastallized Pokemon uses Roost, it remains Flying-type.\n|move|p2b: Scizor|Close Combat|p1a: Corviknight\n|-resisted|p1a: Corviknight\n|-damage|p1a: Corviknight|72\/100\n|-unboost|p2b: Scizor|def|1\n|-unboost|p2b: Scizor|spd|1\n|move|p2a: Iron Hands|Drain Punch|p1a: Corviknight\n|-resisted|p1a: Corviknight\n|-damage|p1a: Corviknight|47\/100\n|-heal|p2a: Iron Hands|75\/100|[from] drain|[of] p1a: Corviknight\n|\n|upkeep\n|turn|10\n|\n|t:|1682820735\n|move|p1a: Corviknight|Roost|p1a: Corviknight\n|-heal|p1a: Corviknight|97\/100\n|-hint|If a Flying Terastallized Pokemon uses Roost, it remains Flying-type.\n|move|p1b: Vaporeon|Trailblaze|p2a: Iron Hands\n|-damage|p2a: Iron Hands|69\/100\n|-boost|p1b: Vaporeon|spe|1\n|move|p2b: Scizor|Close Combat|p1b: Vaporeon\n|-damage|p1b: Vaporeon|14\/100\n|-unboost|p2b: Scizor|def|1\n|-unboost|p2b: Scizor|spd|1\n|move|p2a: Iron Hands|Wild Charge|p1a: Corviknight\n|-supereffective|p1a: Corviknight\n|-damage|p1a: Corviknight|9\/100\n|-damage|p2a: Iron Hands|50\/100|[from] Recoil\n|\n|-heal|p1b: Vaporeon|20\/100|[from] item: Leftovers\n|upkeep\n|turn|11\n|\n|t:|1682820758\n|switch|p2b: Umbreon|Umbreon, L50, F|90\/100\n|move|p1b: Vaporeon|Waterfall|p2a: Iron Hands\n|-damage|p2a: Iron Hands|35\/100\n|move|p1a: Corviknight|Roost|p1a: Corviknight\n|-heal|p1a: Corviknight|60\/100\n|-hint|If a Flying Terastallized Pokemon uses Roost, it remains Flying-type.\n|move|p2a: Iron Hands|Wild Charge|p1a: Corviknight\n|-supereffective|p1a: Corviknight\n|-damage|p1a: Corviknight|0 fnt\n|faint|p1a: Corviknight\n|-damage|p2a: Iron Hands|23\/100|[from] Recoil\n|\n|-heal|p1b: Vaporeon|26\/100|[from] item: Leftovers\n|-heal|p2b: Umbreon|96\/100|[from] item: Leftovers\n|upkeep\n|turn|12\n|\n|t:|1682820780\n|move|p1b: Vaporeon|Detect|p1b: Vaporeon\n|-singleturn|p1b: Vaporeon|Protect\n|move|p2b: Umbreon|Foul Play|p1b: Vaporeon\n|-activate|p1b: Vaporeon|move: Protect\n|move|p2a: Iron Hands|Wild Charge|p1b: Vaporeon\n|-activate|p1b: Vaporeon|move: Protect\n|\n|-heal|p1b: Vaporeon|32\/100|[from] item: Leftovers\n|-heal|p2b: Umbreon|100\/100|[from] item: Leftovers\n|upkeep\n|turn|13\n|\n|t:|1682820797\n|move|p1b: Vaporeon|Waterfall|p2a: Iron Hands\n|-damage|p2a: Iron Hands|8\/100\n|move|p2b: Umbreon|Foul Play|p1b: Vaporeon\n|-damage|p1b: Vaporeon|2\/100\n|move|p2a: Iron Hands|Wild Charge|p1b: Vaporeon\n|-supereffective|p1b: Vaporeon\n|-damage|p1b: Vaporeon|0 fnt\n|faint|p1b: Vaporeon\n|-damage|p2a: Iron Hands|7\/100|[from] Recoil\n|\n|win|thelittlehobo1\n|raw|Camilo10_0706's rating: 1027 → 1014<\/strong> (-13 for losing)\n|raw|thelittlehobo1's rating: 1052 → 1082<\/strong> (+30 for winning)\n|l|\u2606Camilo10_0706\n","uploadtime":1682820811,"views":10,"p1id":"camilo100706","p2id":"thelittlehobo1","formatid":"gen9vgc2023regulationc","rating":1014,"private":0,"password":""}