{"id":"gen9vgc2023regulationc-1855388486","p1":"Aldrich DL","p2":"Bullish21","format":"[Gen 9] VGC 2023 Regulation C","log":"|j|\u2606Aldrich DL\n|j|\u2606Bullish21\n|t:|1682946364\n|gametype|doubles\n|player|p1|Aldrich DL|richboy-gen6|\n|player|p2|Bullish21|riley|\n|teamsize|p1|6\n|teamsize|p2|6\n|gen|9\n|tier|[Gen 9] VGC 2023 Regulation C\n|rule|Species Clause: Limit one of each Pok\u00e9mon\n|rule|Item Clause: Limit one of each item\n|clearpoke\n|poke|p1|Armarouge, L50, F|\n|poke|p1|Dragapult, L50, F|\n|poke|p1|Rotom-Wash, L50|\n|poke|p1|Indeedee-F, L50, F|\n|poke|p1|Ceruledge, L50, F|\n|poke|p1|Hawlucha, L50, F|\n|poke|p2|Brambleghast, L50, F|\n|poke|p2|Ursaring, L50, M|\n|poke|p2|Lucario, L50, M|\n|poke|p2|Indeedee-F, L50, F|\n|poke|p2|Sylveon, L50, F|\n|poke|p2|Hatterene, L50, F|\n|teampreview|4\nBullish21 has agreed to open team sheets.\nAldrich DL has agreed to open team sheets.\n|\n|t:|1682946613\n|start\n|switch|p1a: d|Dragapult, L50, F|100\/100\n|switch|p1b: a|Armarouge, L50, F|100\/100\n|switch|p2a: Hatterene|Hatterene, L50, F|100\/100\n|switch|p2b: Indeedee|Indeedee-F, L50, F|100\/100\n|-fieldstart|move: Psychic Terrain|[from] ability: Psychic Surge|[of] p2b: Indeedee\n|-enditem|p2b: Indeedee|Psychic Seed\n|-boost|p2b: Indeedee|spd|1|[from] item: Psychic Seed\n|turn|1\n|\n|t:|1682946642\n|move|p1a: d|U-turn|p2b: Indeedee\n|-supereffective|p2b: Indeedee\n|-damage|p2b: Indeedee|56\/100\n|\n|t:|1682946646\n|switch|p1a: c|Ceruledge, L50, F|100\/100|[from] U-turn\n|move|p1b: a|Expanding Force|p2a: Hatterene|[spread] p2a,p2b\n|-resisted|p2a: Hatterene\n|-resisted|p2b: Indeedee\n|-damage|p2a: Hatterene|68\/100\n|-damage|p2b: Indeedee|37\/100\n|move|p2a: Hatterene|Dazzling Gleam|p1b: a|[spread] p1a,p1b\n|-resisted|p1a: c\n|-resisted|p1b: a\n|-damage|p1a: c|86\/100\n|-damage|p1b: a|80\/100\n|move|p2b: Indeedee|Trick Room|p2b: Indeedee\n|-fieldstart|move: Trick Room|[of] p2b: Indeedee\n|\n|upkeep\n|turn|2\n|\n|t:|1682946676\n|-terastallize|p1a: c|Steel\n|move|p2b: Indeedee|Helping Hand|p2a: Hatterene\n|-singleturn|p2a: Hatterene|Helping Hand|[of] p2b: Indeedee\n|move|p2a: Hatterene|Dazzling Gleam|p1a: c|[spread] p1a,p1b\n|-resisted|p1a: c\n|-resisted|p1b: a\n|-damage|p1a: c|62\/100\n|-damage|p1b: a|47\/100\n|move|p1a: c|Bulk Up|p1a: c\n|-boost|p1a: c|atk|1\n|-boost|p1a: c|def|1\n|move|p1b: a|Expanding Force|p2b: Indeedee|[spread] p2a,p2b\n|-resisted|p2a: Hatterene\n|-crit|p2a: Hatterene\n|-resisted|p2b: Indeedee\n|-damage|p2a: Hatterene|13\/100\n|-damage|p2b: Indeedee|15\/100\n|\n|upkeep\n|turn|3\n|\n|t:|1682946704\n|move|p2b: Indeedee|Helping Hand|p2a: Hatterene\n|-singleturn|p2a: Hatterene|Helping Hand|[of] p2b: Indeedee\n|move|p2a: Hatterene|Mystical Fire|p1a: c\n|-start|p1a: c|ability: Flash Fire\n|move|p1a: c|Bulk Up|p1a: c\n|-boost|p1a: c|atk|1\n|-boost|p1a: c|def|1\n|move|p1b: a|Expanding Force|p2a: Hatterene|[spread] p2a,p2b\n|-resisted|p2a: Hatterene\n|-resisted|p2b: Indeedee\n|-damage|p2a: Hatterene|0 fnt\n|-damage|p2b: Indeedee|0 fnt\n|faint|p2a: Hatterene\n|faint|p2b: Indeedee\n|\n|upkeep\n|\n|t:|1682946717\n|switch|p2a: Ursaring|Ursaring, L50, M|100\/100\n|switch|p2b: Sylveon|Sylveon, L50, F|100\/100\n|turn|4\n|\n|t:|1682946737\n|move|p2a: Ursaring|Rock Slide|p1b: a|[spread] p1a,p1b\n|-resisted|p1a: c\n|-supereffective|p1b: a\n|-damage|p1a: c|56\/100\n|-damage|p1b: a|0 fnt\n|faint|p1b: a\n|move|p2b: Sylveon|Psyshock|p1a: c\n|-resisted|p1a: c\n|-damage|p1a: c|40\/100\n|cant|p1a: c|flinch\n|\n|-status|p2a: Ursaring|brn|[from] item: Flame Orb\n|upkeep\n|\n|t:|1682946749\n|switch|p1b: d|Dragapult, L50, F|100\/100\n|turn|5\n|\n|t:|1682946766\n|move|p1a: c|Protect|p1a: c\n|-singleturn|p1a: c|Protect\n|move|p2a: Ursaring|Play Rough|p1b: d\n|-supereffective|p1b: d\n|-damage|p1b: d|0 fnt\n|faint|p1b: d\n|move|p2b: Sylveon|Psyshock|p1a: c\n|-activate|p1a: c|move: Protect\n|\n|-damage|p2a: Ursaring|94\/100 brn|[from] brn\n|-fieldend|move: Trick Room\n|-fieldend|move: Psychic Terrain\n|upkeep\n|\n|t:|1682946771\n|switch|p1b: i|Indeedee-F, L50, F|100\/100\n|-fieldstart|move: Psychic Terrain|[from] ability: Psychic Surge|[of] p1b: i\n|turn|6\n|\n|t:|1682946800\n|move|p1b: i|Follow Me|p1b: i\n|-singleturn|p1b: i|move: Follow Me\n|move|p1a: c|Bitter Blade|p2a: Ursaring\n|-damage|p2a: Ursaring|0 fnt\n|-heal|p1a: c|91\/100|[from] drain|[of] p2a: Ursaring\n|faint|p2a: Ursaring\n|move|p2b: Sylveon|Psyshock|p1b: i\n|-resisted|p1b: i\n|-damage|p1b: i|72\/100\n|\n|upkeep\n|turn|7\n|\n|t:|1682946812\n|move|p1a: c|Bitter Blade|p2b: Sylveon\n|-damage|p2b: Sylveon|0 fnt\n|-heal|p1a: c|100\/100|[from] drain|[of] p2b: Sylveon\n|faint|p2b: Sylveon\n|\n|win|Aldrich DL\n|c|\u2606Bullish21|gg\n|c|\u2606Aldrich DL|gg\n|c|\u2606Bullish21|tq bro\n|c|\u2606Aldrich DL|u2\n|l|\u2606Bullish21\n|j| sahabatgomba\n|l| sahabatgomba\n","uploadtime":1682946904,"views":20,"p1id":"aldrichdl","p2id":"bullish21","formatid":"gen9vgc2023regulationc","rating":0,"private":0,"password":""}