{"id":"gen9vgc2023regulationc-1848308093","p1":"oniwabanchuri","p2":"Steakman5","format":"[Gen 9] VGC 2023 Regulation C","log":"|j|\u2606oniwabanchuri\n|j|\u2606Steakman5\n|t:|1682057737\n|gametype|doubles\n|player|p1|oniwabanchuri|2|1325\n|player|p2|Steakman5|swimmer-gen4|1329\n|teamsize|p1|6\n|teamsize|p2|6\n|gen|9\n|tier|[Gen 9] VGC 2023 Regulation C\n|rated|\n|rule|Species Clause: Limit one of each Pok\u00e9mon\n|rule|Item Clause: Limit one of each item\n|clearpoke\n|poke|p1|Spidops, L50, F|\n|poke|p1|Krookodile, L50, M|\n|poke|p1|Maushold-Four, L50|\n|poke|p1|Kilowattrel, L50, M|\n|poke|p1|Gastrodon, L50, M|\n|poke|p1|Lucario, L50, F|\n|poke|p2|Torkoal, L50, M|\n|poke|p2|Lilligant, L50, F|\n|poke|p2|Arcanine, L50, F|\n|poke|p2|Baxcalibur, L50, M|\n|poke|p2|Armarouge, L50, M|\n|poke|p2|Flutter Mane, L50|\n|teampreview|4\n|\n|t:|1682057761\n|start\n|switch|p1a: Spidops|Spidops, L50, F|100\/100\n|switch|p1b: Maushold|Maushold-Four, L50|100\/100\n|switch|p2a: Torkoal|Torkoal, L50, M|100\/100\n|switch|p2b: Lilligant|Lilligant, L50, F|100\/100\n|-weather|SunnyDay|[from] ability: Drought|[of] p2a: Torkoal\n|turn|1\n|j| Ellvaekyoo\n|\n|t:|1682057775\n|-terastallize|p1a: Spidops|Fire\n|move|p1b: Maushold|Protect|p1b: Maushold\n|-singleturn|p1b: Maushold|Protect\n|move|p2b: Lilligant|Sleep Powder|p1b: Maushold\n|-activate|p1b: Maushold|move: Protect\n|move|p1a: Spidops|String Shot|p2b: Lilligant|[spread] p2a,p2b\n|-unboost|p2a: Torkoal|spe|2\n|-unboost|p2b: Lilligant|spe|2\n|move|p2a: Torkoal|Eruption|p1a: Spidops|[spread] p1a\n|-activate|p1b: Maushold|move: Protect\n|-resisted|p1a: Spidops\n|-damage|p1a: Spidops|75\/100\n|\n|-weather|SunnyDay|[upkeep]\n|upkeep\n|turn|2\n|\n|t:|1682057801\n|switch|p2a: Baxcalibur|Baxcalibur, L50, M|100\/100\n|move|p1b: Maushold|Population Bomb|p2a: Baxcalibur\n|-damage|p2a: Baxcalibur|95\/100\n|-damage|p2a: Baxcalibur|89\/100\n|-damage|p2a: Baxcalibur|83\/100\n|-damage|p2a: Baxcalibur|76\/100\n|-damage|p2a: Baxcalibur|70\/100\n|-damage|p2a: Baxcalibur|64\/100\n|-damage|p2a: Baxcalibur|57\/100\n|-damage|p2a: Baxcalibur|51\/100\n|-damage|p2a: Baxcalibur|45\/100\n|-hitcount|p2a: Baxcalibur|9\n|move|p2b: Lilligant|Entrainment|p2a: Baxcalibur\n|-endability|p2a: Baxcalibur|Thermal Exchange|[from] move: Entrainment\n|-ability|p2a: Baxcalibur|Chlorophyll|[from] move: Entrainment\n|move|p1a: Spidops|Sticky Web|p2a: Baxcalibur\n|-sidestart|p2: Steakman5|move: Sticky Web\n|\n|-weather|SunnyDay|[upkeep]\n|upkeep\n|turn|3\n|\n|t:|1682057853\n|switch|p2b: Armarouge|Armarouge, L50, M|100\/100\n|-activate|p2b: Armarouge|move: Sticky Web\n|-unboost|p2b: Armarouge|spe|1\n|move|p1b: Maushold|Protect|p1b: Maushold\n|-singleturn|p1b: Maushold|Protect\n|move|p2a: Baxcalibur|Icicle Spear|p1b: Maushold\n|-activate|p1b: Maushold|move: Protect\n|move|p1a: Spidops|String Shot|p2a: Baxcalibur|[spread] p2a,p2b\n|-unboost|p2a: Baxcalibur|spe|2\n|-unboost|p2b: Armarouge|spe|2\n|\n|-weather|SunnyDay|[upkeep]\n|upkeep\n|turn|4\n|\n|t:|1682057887\n|move|p1b: Maushold|Population Bomb|p2a: Baxcalibur\n|-damage|p2a: Baxcalibur|38\/100\n|-damage|p2a: Baxcalibur|32\/100\n|-hitcount|p2a: Baxcalibur|2\n|move|p2a: Baxcalibur|Stomping Tantrum|p1a: Spidops\n|-supereffective|p1a: Spidops\n|-damage|p1a: Spidops|29\/100\n|move|p2b: Armarouge|Heat Wave|p1b: Maushold|[spread] p1a\n|-miss|p2b: Armarouge|p1b: Maushold\n|-resisted|p1a: Spidops\n|-damage|p1a: Spidops|5\/100\n|-damage|p2b: Armarouge|91\/100|[from] item: Life Orb\n|move|p1a: Spidops|Circle Throw|p2b: Armarouge\n|-resisted|p2b: Armarouge\n|-damage|p2b: Armarouge|85\/100\n|drag|p2b: Lilligant|Lilligant, L50, F|100\/100\n|-activate|p2b: Lilligant|move: Sticky Web\n|-unboost|p2b: Lilligant|spe|1\n|\n|-weather|SunnyDay|[upkeep]\n|upkeep\n|turn|5\n|\n|t:|1682057919\n|move|p2b: Lilligant|Pollen Puff|p2a: Baxcalibur\n|-heal|p2a: Baxcalibur|82\/100\n|move|p1b: Maushold|Population Bomb|p2a: Baxcalibur\n|-damage|p2a: Baxcalibur|76\/100\n|-damage|p2a: Baxcalibur|70\/100\n|-damage|p2a: Baxcalibur|64\/100\n|-hitcount|p2a: Baxcalibur|3\n|move|p2a: Baxcalibur|Stomping Tantrum|p1a: Spidops\n|-supereffective|p1a: Spidops\n|-damage|p1a: Spidops|0 fnt\n|faint|p1a: Spidops\n|\n|-weather|SunnyDay|[upkeep]\n|upkeep\n|\n|t:|1682057926\n|switch|p1a: Lucario|Lucario, L50, F|100\/100\n|turn|6\n|\n|t:|1682057952\n|move|p1b: Maushold|Follow Me|p1b: Maushold\n|-singleturn|p1b: Maushold|move: Follow Me\n|move|p2b: Lilligant|Sleep Powder|p1b: Maushold\n|-activate|p1b: Maushold|item: Safety Goggles|Sleep Powder\n|move|p2a: Baxcalibur|Stomping Tantrum|p1b: Maushold\n|-damage|p1b: Maushold|61\/100\n|move|p1a: Lucario|Close Combat|p2b: Lilligant\n|-damage|p2b: Lilligant|3\/100\n|-unboost|p1a: Lucario|def|1\n|-unboost|p1a: Lucario|spd|1\n|-damage|p1a: Lucario|91\/100|[from] item: Life Orb\n|\n|-weather|SunnyDay|[upkeep]\n|upkeep\n|turn|7\n|\n|t:|1682057980\n|switch|p2b: Armarouge|Armarouge, L50, M|85\/100\n|-activate|p2b: Armarouge|move: Sticky Web\n|-unboost|p2b: Armarouge|spe|1\n|move|p1b: Maushold|Follow Me|p1b: Maushold\n|-singleturn|p1b: Maushold|move: Follow Me\n|move|p2a: Baxcalibur|Icicle Spear|p1b: Maushold\n|-damage|p1b: Maushold|42\/100\n|-damage|p1b: Maushold|23\/100\n|-damage|p1b: Maushold|2\/100\n|-damage|p1b: Maushold|0 fnt\n|faint|p1b: Maushold\n|-hitcount|p1: Maushold|4\n|move|p1a: Lucario|Close Combat|p2a: Baxcalibur\n|-supereffective|p2a: Baxcalibur\n|-damage|p2a: Baxcalibur|0 fnt\n|-unboost|p1a: Lucario|def|1\n|-unboost|p1a: Lucario|spd|1\n|faint|p2a: Baxcalibur\n|-damage|p1a: Lucario|81\/100|[from] item: Life Orb\n|\n|-weather|SunnyDay|[upkeep]\n|upkeep\n|\n|t:|1682057997\n|switch|p1b: Krookodile|Krookodile, L50, M|100\/100\n|switch|p2a: Lilligant|Lilligant, L50, F|3\/100\n|-activate|p2a: Lilligant|move: Sticky Web\n|-unboost|p2a: Lilligant|spe|1\n|turn|8\n|\n|t:|1682058012\n|move|p1a: Lucario|Vacuum Wave|p2a: Lilligant\n|-damage|p2a: Lilligant|0 fnt\n|faint|p2a: Lilligant\n|-damage|p1a: Lucario|72\/100|[from] item: Life Orb\n|move|p1b: Krookodile|Crunch|p2b: Armarouge\n|-supereffective|p2b: Armarouge\n|-damage|p2b: Armarouge|10\/100\n|move|p2b: Armarouge|Solar Beam||[still]\n|-prepare|p2b: Armarouge|Solar Beam\n|-anim|p2b: Armarouge|Solar Beam|p1b: Krookodile\n|-supereffective|p1b: Krookodile\n|-damage|p1b: Krookodile|0 fnt\n|faint|p1b: Krookodile\n|-damage|p2b: Armarouge|0 fnt|[from] item: Life Orb\n|faint|p2b: Armarouge\n|\n|-weather|none\n|upkeep\n|\n|t:|1682058029\n|switch|p2a: Torkoal|Torkoal, L50, M|100\/100\n|-activate|p2a: Torkoal|move: Sticky Web\n|-unboost|p2a: Torkoal|spe|1\n|-weather|SunnyDay|[from] ability: Drought|[of] p2a: Torkoal\n|turn|9\n|\n|t:|1682058036\n|-terastallize|p2a: Torkoal|Fire\n|move|p1a: Lucario|Close Combat|p2a: Torkoal\n|-damage|p2a: Torkoal|47\/100\n|-unboost|p1a: Lucario|def|1\n|-unboost|p1a: Lucario|spd|1\n|-damage|p1a: Lucario|62\/100|[from] item: Life Orb\n|move|p2a: Torkoal|Eruption|p1a: Lucario\n|-supereffective|p1a: Lucario\n|-damage|p1a: Lucario|0 fnt\n|faint|p1a: Lucario\n|\n|win|Steakman5\n|raw|oniwabanchuri's rating: 1325 → 1305<\/strong> (-20 for losing)\n|raw|Steakman5's rating: 1329 → 1349<\/strong> (+20 for winning)\n|l|\u2606oniwabanchuri\n|l| Ellvaekyoo\n","uploadtime":1682058048,"views":5,"p1id":"oniwabanchuri","p2id":"steakman5","formatid":"gen9vgc2023regulationc","rating":1305,"private":0,"password":""}