{"id":"gen9vgc2023regulationc-1847257210","p1":"silverblob","p2":"vyxl","format":"[Gen 9] VGC 2023 Regulation C","log":"|j|\u203dsilverblob\n|j|\u2606vyxl\n|t:|1681932106\n|gametype|doubles\n|player|p1|silverblob|169|1243\n|player|p2|vyxl|170|1287\n|teamsize|p1|6\n|teamsize|p2|6\n|gen|9\n|tier|[Gen 9] VGC 2023 Regulation C\n|rated|\n|rule|Species Clause: Limit one of each Pok\u00e9mon\n|rule|Item Clause: Limit one of each item\n|clearpoke\n|poke|p1|Lilligant, L50, F|\n|poke|p1|Torkoal, L50, F|\n|poke|p1|Kingambit, L50, F|\n|poke|p1|Great Tusk, L50|\n|poke|p1|Chi-Yu, L50|\n|poke|p1|Ceruledge, L50, M|\n|poke|p2|Dragonite, L50, M|\n|poke|p2|Orthworm, L50, F|\n|poke|p2|Ting-Lu, L50|\n|poke|p2|Dondozo, L50, M|\n|poke|p2|Tatsugiri, L50, M|\n|poke|p2|Flutter Mane, L50|\n|teampreview|4\n|inactive|Battle timer is ON: inactive players will automatically lose when time's up. (requested by silverblob)\n|\n|t:|1681932129\n|start\n|switch|p1a: Lilligant|Lilligant, L50, F, shiny|100\/100\n|switch|p1b: Torkoal|Torkoal, L50, F, shiny|100\/100\n|switch|p2a: Dondozo|Dondozo, L50, M|100\/100\n|switch|p2b: Orthworm|Orthworm, L50, F|100\/100\n|-weather|SunnyDay|[from] ability: Drought|[of] p1b: Torkoal\n|turn|1\n|inactive|vyxl has 30 seconds left.\n|inactive|vyxl has 20 seconds left.\n|\n|t:|1681932168\n|-terastallize|p2b: Orthworm|Fire\n|move|p1a: Lilligant|Leaf Storm|p2a: Dondozo\n|-supereffective|p2a: Dondozo\n|-damage|p2a: Dondozo|0 fnt\n|-unboost|p1a: Lilligant|spa|2\n|faint|p2a: Dondozo\n|move|p2b: Orthworm|Shed Tail|p2b: Orthworm\n|-start|p2b: Orthworm|Substitute|[from] move: Shed Tail\n|-damage|p2b: Orthworm|50\/100\n|-enditem|p2b: Orthworm|Sitrus Berry|[eat]\n|-heal|p2b: Orthworm|75\/100|[from] item: Sitrus Berry\n|\n|t:|1681932179\n|switch|p2b: Dragonite|Dragonite, L50, M|100\/100|[from] Shed Tail\n|move|p1b: Torkoal|Eruption|p2b: Dragonite\n|-resisted|p2b: Dragonite\n|-end|p2b: Dragonite|Substitute\n|\n|-weather|SunnyDay|[upkeep]\n|upkeep\n|\n|t:|1681932194\n|switch|p2a: Orthworm|Orthworm, L50, F, tera:Fire|75\/100\n|turn|2\n|\n|t:|1681932211\n|move|p1b: Torkoal|Protect|p1b: Torkoal\n|-singleturn|p1b: Torkoal|Protect\n|move|p1a: Lilligant|Sleep Powder|p2a: Orthworm\n|-status|p2a: Orthworm|slp|[from] move: Sleep Powder\n|move|p2b: Dragonite|Earthquake|p1b: Torkoal|[spread] p1a\n|-activate|p1b: Torkoal|move: Protect\n|-heal|p2a: Orthworm|100\/100 slp|[from] ability: Earth Eater|[of] p2b: Dragonite\n|-resisted|p1a: Lilligant\n|-damage|p1a: Lilligant|80\/100\n|cant|p2a: Orthworm|slp\n|\n|-weather|SunnyDay|[upkeep]\n|upkeep\n|turn|3\n|inactive|silverblob has 30 seconds left.\n|\n|t:|1681932240\n|move|p1b: Torkoal|Protect||[still]\n|-fail|p1b: Torkoal\n|move|p1a: Lilligant|Sleep Powder|p2b: Dragonite\n|-status|p2b: Dragonite|slp|[from] move: Sleep Powder\n|-enditem|p2b: Dragonite|Lum Berry|[eat]\n|-curestatus|p2b: Dragonite|slp|[msg]\n|move|p2b: Dragonite|Earthquake|p1b: Torkoal|[spread] p1a,p1b\n|-immune|p2a: Orthworm|[from] ability: Earth Eater\n|-resisted|p1a: Lilligant\n|-supereffective|p1b: Torkoal\n|-damage|p1a: Lilligant|61\/100\n|-damage|p1b: Torkoal|64\/100\n|cant|p2a: Orthworm|slp\n|\n|-weather|SunnyDay|[upkeep]\n|upkeep\n|turn|4\n|inactive|vyxl has 30 seconds left.\n|\n|t:|1681932270\n|move|p1a: Lilligant|Sleep Powder|p2b: Dragonite\n|-status|p2b: Dragonite|slp|[from] move: Sleep Powder\n|cant|p2b: Dragonite|slp\n|-curestatus|p2a: Orthworm|slp|[msg]\n|move|p2a: Orthworm|Shed Tail|p2a: Orthworm\n|-start|p2a: Orthworm|Substitute|[from] move: Shed Tail\n|-damage|p2a: Orthworm|50\/100\n|\n|t:|1681932277\n|switch|p2a: Tatsugiri|Tatsugiri, L50, M|100\/100|[from] Shed Tail\n|move|p1b: Torkoal|Eruption|p2b: Dragonite|[spread] p2a,p2b\n|-resisted|p2a: Tatsugiri\n|-activate|p2a: Tatsugiri|move: Substitute|[damage]\n|-resisted|p2b: Dragonite\n|-damage|p2b: Dragonite|86\/100 slp\n|\n|-weather|SunnyDay|[upkeep]\n|upkeep\n|turn|5\n|\n|t:|1681932299\n|switch|p1a: Ceruledge|Ceruledge, L50, M|100\/100\n|move|p1b: Torkoal|Protect|p1b: Torkoal\n|-singleturn|p1b: Torkoal|Protect\n|move|p2a: Tatsugiri|Muddy Water|p1a: Ceruledge|[spread] \n|-activate|p1b: Torkoal|move: Protect\n|-miss|p2a: Tatsugiri|p1a: Ceruledge\n|-curestatus|p2b: Dragonite|slp|[msg]\n|move|p2b: Dragonite|Ice Spinner|p1a: Ceruledge\n|-resisted|p1a: Ceruledge\n|-damage|p1a: Ceruledge|85\/100\n|\n|-weather|none\n|upkeep\n|turn|6\n|inactive|silverblob has 30 seconds left.\n|inactive|silverblob has 20 seconds left.\n|inactive|silverblob has 15 seconds left.\n|inactive|silverblob has 10 seconds left.\n|\n|t:|1681932348\n|switch|p1b: Lilligant|Lilligant, L50, F, shiny|61\/100\n|-terastallize|p1a: Ceruledge|Grass\n|move|p2a: Tatsugiri|Muddy Water|p1a: Ceruledge|[spread] p1a,p1b\n|-resisted|p1a: Ceruledge\n|-resisted|p1b: Lilligant\n|-damage|p1a: Ceruledge|69\/100\n|-damage|p1b: Lilligant|37\/100\n|-unboost|p1a: Ceruledge|accuracy|1\n|-unboost|p1b: Lilligant|accuracy|1\n|move|p2b: Dragonite|Ice Spinner|p1a: Ceruledge\n|-supereffective|p1a: Ceruledge\n|-damage|p1a: Ceruledge|5\/100\n|move|p1a: Ceruledge|Bulk Up|p1a: Ceruledge\n|-boost|p1a: Ceruledge|atk|1\n|-boost|p1a: Ceruledge|def|1\n|\n|upkeep\n|turn|7\n|\n|t:|1681932372\n|move|p1b: Lilligant|Protect|p1b: Lilligant\n|-singleturn|p1b: Lilligant|Protect\n|move|p1a: Ceruledge|Shadow Sneak|p2b: Dragonite\n|-damage|p2b: Dragonite|42\/100\n|-damage|p1a: Ceruledge|0 fnt|[from] item: Life Orb\n|faint|p1a: Ceruledge\n|move|p2a: Tatsugiri|Muddy Water|p1b: Lilligant\n|-activate|p1b: Lilligant|move: Protect\n|move|p2b: Dragonite|Ice Spinner|p1b: Lilligant\n|-activate|p1b: Lilligant|move: Protect\n|\n|upkeep\n|\n|t:|1681932390\n|switch|p1a: Torkoal|Torkoal, L50, F, shiny|64\/100\n|-weather|SunnyDay|[from] ability: Drought|[of] p1a: Torkoal\n|turn|8\n|inactive|silverblob has 30 seconds left.\n|inactive|vyxl has 30 seconds left.\n|\n|t:|1681932422\n|switch|p2b: Orthworm|Orthworm, L50, F, tera:Fire|50\/100\n|move|p1b: Lilligant|Sleep Powder|p2b: Orthworm|[miss]\n|-miss|p1b: Lilligant|p2b: Orthworm\n|move|p2a: Tatsugiri|Muddy Water|p1a: Torkoal|[spread] p1a,p1b\n|-supereffective|p1a: Torkoal\n|-resisted|p1b: Lilligant\n|-damage|p1a: Torkoal|23\/100\n|-damage|p1b: Lilligant|25\/100\n|move|p1a: Torkoal|Eruption|p2a: Tatsugiri|[spread] p2a,p2b\n|-resisted|p2a: Tatsugiri\n|-activate|p2a: Tatsugiri|move: Substitute|[damage]\n|-resisted|p2b: Orthworm\n|-damage|p2b: Orthworm|38\/100\n|\n|-weather|SunnyDay|[upkeep]\n|upkeep\n|turn|9\n|inactive|silverblob has 30 seconds left.\n|\n|t:|1681932448\n|move|p1b: Lilligant|Leaf Storm|p2a: Tatsugiri\n|-end|p2a: Tatsugiri|Substitute\n|-unboost|p1b: Lilligant|spa|2\n|move|p2a: Tatsugiri|Muddy Water|p1a: Torkoal|[spread] p1a,p1b\n|-supereffective|p1a: Torkoal\n|-resisted|p1b: Lilligant\n|-damage|p1a: Torkoal|0 fnt\n|-damage|p1b: Lilligant|13\/100\n|faint|p1a: Torkoal\n|move|p2b: Orthworm|Body Press|p1b: Lilligant\n|-damage|p1b: Lilligant|0 fnt\n|faint|p1b: Lilligant\n|\n|-weather|SunnyDay|[upkeep]\n|upkeep\n|\n|t:|1681932454\n|switch|p1b: Kingambit|Kingambit, L50, F, shiny|100\/100\n|turn|10\n|-message|silverblob forfeited.\n|\n|win|vyxl\n|raw|silverblob's rating: 1243 → 1221<\/strong> (-22 for losing)\n|raw|vyxl's rating: 1287 → 1309<\/strong> (+22 for winning)\n|l|\u203dsilverblob\n","uploadtime":1681932464,"views":37,"p1id":"silverblob","p2id":"vyxl","formatid":"gen9vgc2023regulationc","rating":1221,"private":0,"password":""}