{"id":"gen9vgc2023regulationc-1855695012","p1":"zippLapZapper","p2":"Kyogre33","format":"[Gen 9] VGC 2023 Regulation C","log":"|j|\u2606zippLapZapper\n|j|\u2606Kyogre33\n|t:|1682974030\n|gametype|doubles\n|player|p1|zippLapZapper|hilbert-wonderlauncher|\n|player|p2|Kyogre33|steven|\n|teamsize|p1|6\n|teamsize|p2|6\n|gen|9\n|tier|[Gen 9] VGC 2023 Regulation C\n|rule|Species Clause: Limit one of each Pok\u00e9mon\n|rule|Item Clause: Limit one of each item\n|clearpoke\n|poke|p1|Garchomp, L50, M|\n|poke|p1|Talonflame, L50, F|\n|poke|p1|Tyranitar, L50, M|\n|poke|p1|Iron Bundle, L50|\n|poke|p1|Flutter Mane, L50|\n|poke|p1|Chien-Pao, L50|\n|poke|p2|Baxcalibur, L50, F|\n|poke|p2|Ting-Lu, L50|\n|poke|p2|Palafin, L50, M|\n|poke|p2|Amoonguss, L50, F|\n|poke|p2|Arcanine, L50, M|\n|poke|p2|Flutter Mane, L50|\n|teampreview|4\nzippLapZapper has agreed to open team sheets.\nKyogre33 has agreed to open team sheets.\n|inactive|Battle timer is ON: inactive players will automatically lose when time's up. (requested by Kyogre33)\n|\n|t:|1682974056\n|start\n|switch|p1a: Talonflame|Talonflame, L50, F|100\/100\n|switch|p1b: Garchomp|Garchomp, L50, M|100\/100\n|switch|p2a: Flutter Mane|Flutter Mane, L50|100\/100\n|switch|p2b: Palafin|Palafin, L50, M|100\/100\n|turn|1\n|inactive|zippLapZapper has 30 seconds left.\n|inactive|Kyogre33 has 30 seconds left.\n|inactive|zippLapZapper has 20 seconds left.\n|inactive|Kyogre33 has 20 seconds left.\n|inactive|zippLapZapper has 15 seconds left.\n|inactive|Kyogre33 has 15 seconds left.\n|\n|t:|1682974097\n|-terastallize|p1b: Garchomp|Steel\n|-terastallize|p2b: Palafin|Water\n|move|p1a: Talonflame|Tailwind|p1a: Talonflame\n|-sidestart|p1: zippLapZapper|move: Tailwind\n|move|p1b: Garchomp|Earthquake|p2a: Flutter Mane|[spread] p2a,p2b\n|-immune|p1a: Talonflame\n|-damage|p2a: Flutter Mane|42\/100\n|-damage|p2b: Palafin|60\/100\n|move|p2a: Flutter Mane|Shadow Ball|p1b: Garchomp\n|-damage|p1b: Garchomp|39\/100\n|move|p2b: Palafin|Wave Crash|p1b: Garchomp\n|-damage|p1b: Garchomp|0 fnt\n|-damage|p2b: Palafin|48\/100|[from] ability: Rough Skin|[of] p1b: Garchomp\n|faint|p1b: Garchomp\n|-damage|p2b: Palafin|36\/100|[from] Recoil\n|\n|upkeep\n|\n|t:|1682974105\n|switch|p1b: Tyranitar|Tyranitar, L50, M|100\/100\n|-weather|Sandstorm|[from] ability: Sand Stream|[of] p1b: Tyranitar\n|turn|2\n|\n|t:|1682974122\n|-end|p2a: Flutter Mane|Protosynthesis|[silent]\n|switch|p2a: Amoonguss|Amoonguss, L50, F|100\/100\n|detailschange|p2b: Palafin|Palafin-Hero, L50, M, tera:Water\n|switch|p2b: Arcanine|Arcanine, L50, M|100\/100\n|-ability|p2b: Arcanine|Intimidate|boost\n|-unboost|p1a: Talonflame|atk|1\n|-unboost|p1b: Tyranitar|atk|1\n|move|p1a: Talonflame|Brave Bird|p2a: Amoonguss\n|-supereffective|p2a: Amoonguss\n|-damage|p2a: Amoonguss|64\/100\n|-damage|p1a: Talonflame|86\/100|[from] Recoil\n|move|p1b: Tyranitar|Rock Slide|p2a: Amoonguss|[spread] \n|-miss|p1b: Tyranitar|p2a: Amoonguss\n|-miss|p1b: Tyranitar|p2b: Arcanine\n|\n|-weather|Sandstorm|[upkeep]\n|-damage|p2a: Amoonguss|58\/100|[from] Sandstorm\n|upkeep\n|turn|3\n|inactive|zippLapZapper has 30 seconds left.\n|inactive|Kyogre33 has 30 seconds left.\n|inactive|zippLapZapper has 20 seconds left.\n|inactive|Kyogre33 has 20 seconds left.\n|inactive|zippLapZapper has 15 seconds left.\n|inactive|Kyogre33 has 15 seconds left.\n|inactive|zippLapZapper has 10 seconds left.\n|\n|t:|1682974171\n|move|p1a: Talonflame|Taunt|p2b: Arcanine\n|-start|p2b: Arcanine|move: Taunt\n|move|p1b: Tyranitar|Rock Slide|p2a: Amoonguss|[spread] p2a,p2b\n|-supereffective|p2b: Arcanine\n|-damage|p2a: Amoonguss|43\/100\n|-damage|p2b: Arcanine|51\/100\n|-enditem|p2a: Amoonguss|Sitrus Berry|[eat]\n|-heal|p2a: Amoonguss|68\/100|[from] item: Sitrus Berry\n|move|p2b: Arcanine|Flare Blitz|p1a: Talonflame\n|-resisted|p1a: Talonflame\n|-damage|p1a: Talonflame|59\/100\n|-damage|p2b: Arcanine|43\/100|[from] Recoil\n|cant|p2a: Amoonguss|flinch\n|\n|-weather|Sandstorm|[upkeep]\n|-damage|p2a: Amoonguss|62\/100|[from] Sandstorm\n|upkeep\n|turn|4\n|c|\u2606Kyogre33|amoongus always flinches lol\n|inactive|Kyogre33 has 30 seconds left.\n|\n|t:|1682974200\n|move|p1a: Talonflame|Taunt|p2a: Amoonguss\n|-start|p2a: Amoonguss|move: Taunt\n|move|p1b: Tyranitar|Rock Slide|p2a: Amoonguss|[spread] p2a,p2b\n|-supereffective|p2b: Arcanine\n|-damage|p2a: Amoonguss|45\/100\n|-damage|p2b: Arcanine|0 fnt\n|faint|p2b: Arcanine\n|cant|p2a: Amoonguss|flinch\n|\n|-weather|Sandstorm|[upkeep]\n|-damage|p2a: Amoonguss|39\/100|[from] Sandstorm\n|-sideend|p1: zippLapZapper|move: Tailwind\n|upkeep\n|\n|t:|1682974206\n|switch|p2b: Palafin|Palafin-Hero, L50, M, tera:Water|36\/100\n|-activate|p2b: Palafin|ability: Zero to Hero\n|turn|5\n|c|\u2606zippLapZapper|lol\n|\n|t:|1682974222\n|move|p2b: Palafin|Jet Punch|p1a: Talonflame\n|-supereffective|p1a: Talonflame\n|-damage|p1a: Talonflame|0 fnt\n|faint|p1a: Talonflame\n|move|p1b: Tyranitar|Rock Slide|p2a: Amoonguss|[spread] p2a,p2b\n|-damage|p2a: Amoonguss|22\/100\n|-damage|p2b: Palafin|15\/100\n|cant|p2a: Amoonguss|flinch\n|\n|-weather|Sandstorm|[upkeep]\n|-damage|p2b: Palafin|9\/100|[from] Sandstorm\n|-damage|p2a: Amoonguss|16\/100|[from] Sandstorm\n|upkeep\n|\n|t:|1682974227\n|switch|p1a: Flutter Mane|Flutter Mane, L50|100\/100\n|turn|6\n|inactive|zippLapZapper has 30 seconds left.\n|inactive|Kyogre33 has 30 seconds left.\n|\n|t:|1682974260\n|move|p2b: Palafin|Protect|p2b: Palafin\n|-singleturn|p2b: Palafin|Protect\n|move|p1a: Flutter Mane|Shadow Ball|p2a: Amoonguss\n|-damage|p2a: Amoonguss|0 fnt\n|faint|p2a: Amoonguss\n|move|p1b: Tyranitar|Rock Slide|p2b: Palafin\n|-activate|p2b: Palafin|move: Protect\n|\n|-weather|none\n|upkeep\n|\n|t:|1682974267\n|switch|p2a: Flutter Mane|Flutter Mane, L50|42\/100\n|turn|7\n|inactive|zippLapZapper has 30 seconds left.\n|inactive|zippLapZapper has 20 seconds left.\n|\n|t:|1682974303\n|move|p1a: Flutter Mane|Shadow Ball|p2a: Flutter Mane\n|-supereffective|p2a: Flutter Mane\n|-damage|p2a: Flutter Mane|0 fnt\n|faint|p2a: Flutter Mane\n|-end|p2a: Flutter Mane|Protosynthesis|[silent]\n|move|p2b: Palafin|Wave Crash|p1b: Tyranitar\n|-supereffective|p1b: Tyranitar\n|-damage|p1b: Tyranitar|0 fnt\n|faint|p1b: Tyranitar\n|-damage|p2b: Palafin|0 fnt|[from] Recoil\n|faint|p2b: Palafin\n|\n|win|zippLapZapper\n|l|\u2606Kyogre33\n|c|\u2606zippLapZapper|gg\n","uploadtime":1682974378,"views":14,"p1id":"zipplapzapper","p2id":"kyogre33","formatid":"gen9vgc2023regulationc","rating":0,"private":0,"password":""}