{"id":"gen9vgc2023regulationc-1847487297","p1":"jkm912","p2":"Asuka_Hikaru","format":"[Gen 9] VGC 2023 Regulation C","log":"|j|\u2606jkm912\n|j|\u2606Asuka_Hikaru\n|t:|1681961325\n|gametype|doubles\n|player|p1|jkm912|erika|1418\n|player|p2|Asuka_Hikaru|2|1456\n|teamsize|p1|6\n|teamsize|p2|6\n|gen|9\n|tier|[Gen 9] VGC 2023 Regulation C\n|rated|\n|rule|Species Clause: Limit one of each Pok\u00e9mon\n|rule|Item Clause: Limit one of each item\n|clearpoke\n|poke|p1|Ting-Lu, L50|\n|poke|p1|Arcanine, L50, M|\n|poke|p1|Amoonguss, L50, M|\n|poke|p1|Palafin, L50, F|\n|poke|p1|Dragonite, L50, F|\n|poke|p1|Annihilape, L50, M|\n|poke|p2|Flutter Mane, L50|\n|poke|p2|Chi-Yu, L50|\n|poke|p2|Dragonite, L50, M|\n|poke|p2|Dondozo, L50, M|\n|poke|p2|Tatsugiri, L50, M|\n|poke|p2|Glimmora, L50, F|\n|teampreview|4\n|inactive|Battle timer is ON: inactive players will automatically lose when time's up. (requested by jkm912)\n|\n|t:|1681961350\n|start\n|switch|p1a: Palafin|Palafin, L50, F|100\/100\n|switch|p1b: Amoonguss|Amoonguss, L50, M|100\/100\n|switch|p2a: Glimmora|Glimmora, L50, F|100\/100\n|switch|p2b: Tatsugiri|Tatsugiri, L50, M|100\/100\n|turn|1\n|\n|t:|1681961375\n|detailschange|p1a: Palafin|Palafin-Hero, L50, F\n|switch|p1a: Ting-Lu|Ting-Lu, L50|100\/100\n|-ability|p1a: Ting-Lu|Vessel of Ruin\n|move|p2a: Glimmora|Power Gem|p1b: Amoonguss\n|-damage|p1b: Amoonguss|78\/100\n|move|p2b: Tatsugiri|Draco Meteor|p1b: Amoonguss\n|-damage|p1b: Amoonguss|14\/100\n|-unboost|p2b: Tatsugiri|spa|2\n|move|p1b: Amoonguss|Spore|p2b: Tatsugiri\n|-status|p2b: Tatsugiri|slp|[from] move: Spore\n|\n|upkeep\n|turn|2\n|inactive|Asuka_Hikaru has 30 seconds left.\n|\n|t:|1681961403\n|switch|p1b: Palafin|Palafin-Hero, L50, F|100\/100\n|-activate|p1b: Palafin|ability: Zero to Hero\n|move|p2a: Glimmora|Toxic|p1a: Ting-Lu\n|-status|p1a: Ting-Lu|tox\n|cant|p2b: Tatsugiri|slp\n|move|p1a: Ting-Lu|Stomping Tantrum|p2a: Glimmora\n|-supereffective|p2a: Glimmora\n|-enditem|p2a: Glimmora|Focus Sash\n|-damage|p2a: Glimmora|1\/100\n|-activate|p2a: Glimmora|ability: Toxic Debris\n|-sidestart|p1: jkm912|move: Toxic Spikes\n|\n|-damage|p1a: Ting-Lu|94\/100 tox|[from] psn\n|upkeep\n|turn|3\n|inactive|jkm912 has 30 seconds left.\n|inactive|Asuka_Hikaru has 30 seconds left.\n|inactive|Asuka_Hikaru has 20 seconds left.\n|inactive|Asuka_Hikaru has 15 seconds left.\n|inactive|Asuka_Hikaru has 10 seconds left.\n|\n|t:|1681961450\n|move|p1b: Palafin|Protect|p1b: Palafin\n|-singleturn|p1b: Palafin|Protect\n|move|p2a: Glimmora|Power Gem|p1b: Palafin\n|-activate|p1b: Palafin|move: Protect\n|cant|p2b: Tatsugiri|slp\n|move|p1a: Ting-Lu|Stomping Tantrum|p2a: Glimmora\n|-supereffective|p2a: Glimmora\n|-crit|p2a: Glimmora\n|-damage|p2a: Glimmora|0 fnt\n|-activate|p2a: Glimmora|ability: Toxic Debris\n|-sidestart|p1: jkm912|move: Toxic Spikes\n|faint|p2a: Glimmora\n|\n|-damage|p1a: Ting-Lu|82\/100 tox|[from] psn\n|upkeep\n|\n|t:|1681961466\n|switch|p2a: Chi-Yu|Chi-Yu, L50|100\/100\n|-ability|p2a: Chi-Yu|Beads of Ruin\n|turn|4\n|\n|t:|1681961485\n|switch|p1b: Amoonguss|Amoonguss, L50, M|47\/100\n|-sideend|p1: jkm912|move: Toxic Spikes|[of] p1b: Amoonguss\n|move|p2a: Chi-Yu|Protect|p2a: Chi-Yu\n|-singleturn|p2a: Chi-Yu|Protect\n|cant|p2b: Tatsugiri|slp\n|move|p1a: Ting-Lu|Stomping Tantrum|p2b: Tatsugiri\n|-damage|p2b: Tatsugiri|45\/100 slp\n|\n|-damage|p1a: Ting-Lu|64\/100 tox|[from] psn\n|upkeep\n|turn|5\n|\n|t:|1681961505\n|switch|p2b: Flutter Mane|Flutter Mane, L50|100\/100\n|-enditem|p2b: Flutter Mane|Booster Energy\n|-activate|p2b: Flutter Mane|ability: Protosynthesis|[fromitem]\n|-start|p2b: Flutter Mane|protosynthesisspe\n|-terastallize|p2a: Chi-Yu|Grass\n|move|p1b: Amoonguss|Protect|p1b: Amoonguss\n|-singleturn|p1b: Amoonguss|Protect\n|move|p2a: Chi-Yu|Heat Wave|p1b: Amoonguss|[spread] \n|-activate|p1b: Amoonguss|move: Protect\n|-miss|p2a: Chi-Yu|p1a: Ting-Lu\n|move|p1a: Ting-Lu|Stomping Tantrum|p2b: Flutter Mane\n|-damage|p2b: Flutter Mane|27\/100\n|\n|-damage|p1a: Ting-Lu|39\/100 tox|[from] psn\n|upkeep\n|turn|6\n|inactive|jkm912 has 30 seconds left.\n|\n|t:|1681961539\n|switch|p1b: Palafin|Palafin-Hero, L50, F|100\/100\n|move|p2b: Flutter Mane|Moonblast|p1a: Ting-Lu\n|-supereffective|p1a: Ting-Lu\n|-damage|p1a: Ting-Lu|0 fnt\n|faint|p1a: Ting-Lu\n|move|p2a: Chi-Yu|Heat Wave|p1b: Palafin\n|-resisted|p1b: Palafin\n|-damage|p1b: Palafin|70\/100\n|\n|upkeep\n|\n|t:|1681961550\n|switch|p1a: Dragonite|Dragonite, L50, F|100\/100\n|turn|7\n|\n|t:|1681961559\n|-end|p2b: Flutter Mane|Protosynthesis|[silent]\n|switch|p2b: Tatsugiri|Tatsugiri, L50, M|45\/100 slp\n|move|p1a: Dragonite|Extreme Speed|p2a: Chi-Yu\n|-damage|p2a: Chi-Yu|39\/100\n|move|p1b: Palafin|Jet Punch|p2b: Tatsugiri\n|-ability|p2b: Tatsugiri|Storm Drain|boost\n|-boost|p2b: Tatsugiri|spa|1\n|move|p2a: Chi-Yu|Tera Blast|p1b: Palafin\n|-supereffective|p1b: Palafin\n|-damage|p1b: Palafin|0 fnt\n|faint|p1b: Palafin\n|\n|upkeep\n|\n|t:|1681961569\n|switch|p1b: Amoonguss|Amoonguss, L50, M|80\/100\n|turn|8\n|\n|t:|1681961590\n|move|p2a: Chi-Yu|Protect|p2a: Chi-Yu\n|-singleturn|p2a: Chi-Yu|Protect\n|move|p1b: Amoonguss|Protect|p1b: Amoonguss\n|-singleturn|p1b: Amoonguss|Protect\n|move|p1a: Dragonite|Extreme Speed|p2b: Tatsugiri\n|-damage|p2b: Tatsugiri|0 fnt\n|faint|p2b: Tatsugiri\n|\n|upkeep\n|\n|t:|1681961598\n|switch|p2b: Flutter Mane|Flutter Mane, L50|27\/100\n|turn|9\n|\n|t:|1681961627\n|move|p2a: Chi-Yu|Protect|p2a: Chi-Yu\n|-singleturn|p2a: Chi-Yu|Protect\n|move|p1a: Dragonite|Extreme Speed|p2a: Chi-Yu\n|-activate|p2a: Chi-Yu|move: Protect\n|move|p2b: Flutter Mane|Substitute|p2b: Flutter Mane\n|-start|p2b: Flutter Mane|Substitute\n|-damage|p2b: Flutter Mane|3\/100\n|move|p1b: Amoonguss|Spore||[still]\n|-fail|p1b: Amoonguss\n|\n|upkeep\n|turn|10\n|inactive|Asuka_Hikaru has 30 seconds left.\n|\n|t:|1681961653\n|move|p1a: Dragonite|Extreme Speed|p2a: Chi-Yu\n|-damage|p2a: Chi-Yu|0 fnt\n|faint|p2a: Chi-Yu\n|move|p2b: Flutter Mane|Hex|p1b: Amoonguss\n|-damage|p1b: Amoonguss|54\/100\n|move|p1b: Amoonguss|Pollen Puff|p2b: Flutter Mane\n|-resisted|p2b: Flutter Mane\n|-activate|p2b: Flutter Mane|move: Substitute|[damage]\n|\n|upkeep\n|turn|11\n|\n|t:|1681961669\n|move|p1a: Dragonite|Extreme Speed|p2b: Flutter Mane\n|-immune|p2b: Flutter Mane\n|move|p2b: Flutter Mane|Moonblast|p1b: Amoonguss\n|-resisted|p1b: Amoonguss\n|-damage|p1b: Amoonguss|35\/100\n|move|p1b: Amoonguss|Pollen Puff|p2b: Flutter Mane\n|-resisted|p2b: Flutter Mane\n|-activate|p2b: Flutter Mane|move: Substitute|[damage]\n|\n|upkeep\n|turn|12\n|\n|t:|1681961684\n|move|p1a: Dragonite|Extreme Speed|p2b: Flutter Mane\n|-immune|p2b: Flutter Mane\n|move|p2b: Flutter Mane|Moonblast|p1b: Amoonguss\n|-resisted|p1b: Amoonguss\n|-damage|p1b: Amoonguss|15\/100\n|move|p1b: Amoonguss|Pollen Puff|p2b: Flutter Mane\n|-resisted|p2b: Flutter Mane\n|-activate|p2b: Flutter Mane|move: Substitute|[damage]\n|\n|upkeep\n|turn|13\n|\n|t:|1681961699\n|move|p1a: Dragonite|Extreme Speed|p2b: Flutter Mane\n|-immune|p2b: Flutter Mane\n|move|p2b: Flutter Mane|Moonblast|p1b: Amoonguss\n|-resisted|p1b: Amoonguss\n|-damage|p1b: Amoonguss|0 fnt\n|faint|p1b: Amoonguss\n|\n|upkeep\n|turn|14\n|-message|jkm912 forfeited.\n|\n|win|Asuka_Hikaru\n|raw|jkm912's rating: 1418 → 1400<\/strong> (-18 for losing)\n|raw|Asuka_Hikaru's rating: 1456 → 1474<\/strong> (+18 for winning)\n|l|\u2606jkm912\n","uploadtime":1681961721,"views":8,"p1id":"jkm912","p2id":"asukahikaru","formatid":"gen9vgc2023regulationc","rating":1400,"private":0,"password":""}