{"id":"gen9vgc2023regulationc-1857551023","p1":"Weebok","p2":"DonPasic","format":"[Gen 9] VGC 2023 Regulation C","log":"|j|\u2606Weebok\n|j|\u2606DonPasic\n|t:|1683207428\n|gametype|doubles\n|player|p1|Weebok|101|1020\n|player|p2|DonPasic|cynthia-gen4|1046\n|teamsize|p1|6\n|teamsize|p2|6\n|gen|9\n|tier|[Gen 9] VGC 2023 Regulation C\n|rated|\n|rule|Species Clause: Limit one of each Pok\u00e9mon\n|rule|Item Clause: Limit one of each item\n|clearpoke\n|poke|p1|Muk, L50, M|\n|poke|p1|Primeape, L50, M|\n|poke|p1|Gengar, L50, M|\n|poke|p1|Arcanine, L50, M|\n|poke|p1|Dragonite, L50, F|\n|poke|p1|Electrode, L50|\n|poke|p2|Wo-Chien, L50|\n|poke|p2|Ting-Lu, L50|\n|poke|p2|Dragonite, L50, M|\n|poke|p2|Glimmora, L50, F|\n|poke|p2|Flutter Mane, L50|\n|poke|p2|Gyarados, L50, F|\n|teampreview|4\n|\n|t:|1683207473\n|start\n|switch|p1a: Arcanine|Arcanine, L50, M, shiny|100\/100\n|switch|p1b: Primeape|Primeape, L50, M, shiny|100\/100\n|switch|p2a: Glimmora|Glimmora, L50, F|100\/100\n|switch|p2b: Ting-Lu|Ting-Lu, L50|100\/100\n|-ability|p1a: Arcanine|Intimidate|boost\n|-unboost|p2a: Glimmora|atk|1\n|-unboost|p2b: Ting-Lu|atk|1\n|-ability|p2b: Ting-Lu|Vessel of Ruin\n|turn|1\n|\n|t:|1683207503\n|-terastallize|p2b: Ting-Lu|Poison\n|move|p2a: Glimmora|Spiky Shield|p2a: Glimmora\n|-singleturn|p2a: Glimmora|move: Protect\n|move|p1a: Arcanine|Howl|p1a: Arcanine|[spread] p1a,p1b\n|-boost|p1a: Arcanine|atk|1\n|-boost|p1b: Primeape|atk|1\n|move|p1b: Primeape|Drain Punch|p2b: Ting-Lu\n|-resisted|p2b: Ting-Lu\n|-damage|p2b: Ting-Lu|84\/100\n|move|p2b: Ting-Lu|Stone Edge|p1a: Arcanine\n|-supereffective|p1a: Arcanine\n|-damage|p1a: Arcanine|55\/100\n|\n|upkeep\n|turn|2\n|\n|t:|1683207542\n|move|p1b: Primeape|Protect|p1b: Primeape\n|-singleturn|p1b: Primeape|Protect\n|move|p1a: Arcanine|Howl|p1a: Arcanine|[spread] p1a,p1b\n|-boost|p1a: Arcanine|atk|1\n|-boost|p1b: Primeape|atk|1\n|move|p2a: Glimmora|Mortal Spin|p1a: Arcanine|[spread] p1a\n|-activate|p1b: Primeape|move: Protect\n|-damage|p1a: Arcanine|52\/100\n|-status|p1a: Arcanine|psn\n|move|p2b: Ting-Lu|Fissure|p1b: Primeape\n|-activate|p1b: Primeape|move: Protect\n|\n|-damage|p1a: Arcanine|40\/100 psn|[from] psn\n|upkeep\n|turn|3\n|\n|t:|1683207569\n|move|p2a: Glimmora|Spiky Shield|p2a: Glimmora\n|-singleturn|p2a: Glimmora|move: Protect\n|move|p1a: Arcanine|Howl|p1a: Arcanine|[spread] p1a,p1b\n|-boost|p1a: Arcanine|atk|1\n|-boost|p1b: Primeape|atk|1\n|move|p1b: Primeape|Drain Punch|p2a: Glimmora\n|-activate|p2a: Glimmora|move: Protect\n|-damage|p1b: Primeape|88\/100|[from] Spiky Shield|[of] p2a: Glimmora\n|move|p2b: Ting-Lu|Stomping Tantrum|p1b: Primeape\n|-crit|p1b: Primeape\n|-damage|p1b: Primeape|29\/100\n|\n|-damage|p1a: Arcanine|27\/100 psn|[from] psn\n|upkeep\n|turn|4\n|\n|t:|1683207606\n|move|p1b: Primeape|Protect|p1b: Primeape\n|-singleturn|p1b: Primeape|Protect\n|move|p1a: Arcanine|Howl|p1a: Arcanine|[spread] p1a,p1b\n|-boost|p1a: Arcanine|atk|1\n|-boost|p1b: Primeape|atk|1\n|move|p2a: Glimmora|Earth Power|p1b: Primeape\n|-activate|p1b: Primeape|move: Protect\n|move|p2b: Ting-Lu|Stomping Tantrum|p1b: Primeape\n|-activate|p1b: Primeape|move: Protect\n|\n|-damage|p1a: Arcanine|15\/100 psn|[from] psn\n|upkeep\n|turn|5\n|\n|t:|1683207653\n|move|p2a: Glimmora|Spiky Shield|p2a: Glimmora\n|-singleturn|p2a: Glimmora|move: Protect\n|move|p1a: Arcanine|Extreme Speed|p2b: Ting-Lu\n|-damage|p2b: Ting-Lu|49\/100\n|move|p1b: Primeape|Drain Punch|p2a: Glimmora\n|-activate|p2a: Glimmora|move: Protect\n|-damage|p1b: Primeape|17\/100|[from] Spiky Shield|[of] p2a: Glimmora\n|move|p2b: Ting-Lu|Stomping Tantrum|p1b: Primeape\n|-damage|p1b: Primeape|0 fnt\n|faint|p1b: Primeape\n|\n|-damage|p1a: Arcanine|3\/100 psn|[from] psn\n|upkeep\n|\n|t:|1683207684\n|switch|p1b: Muk|Muk, L50, M, shiny|100\/100\n|turn|6\n|\n|t:|1683207703\n|move|p1a: Arcanine|Extreme Speed|p2b: Ting-Lu\n|-damage|p2b: Ting-Lu|13\/100\n|move|p1b: Muk|Shadow Sneak|p2b: Ting-Lu\n|-damage|p2b: Ting-Lu|0 fnt\n|faint|p2b: Ting-Lu\n|move|p2a: Glimmora|Earth Power|p1b: Muk\n|-supereffective|p1b: Muk\n|-damage|p1b: Muk|31\/100\n|\n|-damage|p1a: Arcanine|0 fnt|[from] psn\n|faint|p1a: Arcanine\n|upkeep\n|\n|t:|1683207718\n|switch|p1a: Gengar|Gengar, L50, M, shiny|100\/100\n|switch|p2b: Gyarados|Gyarados, L50, F, shiny|100\/100\n|-ability|p2b: Gyarados|Intimidate|boost\n|-unboost|p1a: Gengar|atk|1\n|-unboost|p1b: Muk|atk|1\n|turn|7\n|\n|t:|1683207748\n|-terastallize|p1b: Muk|Flying\n|move|p2a: Glimmora|Spiky Shield|p2a: Glimmora\n|-singleturn|p2a: Glimmora|move: Protect\n|move|p1b: Muk|Shadow Sneak|p2b: Gyarados\n|-damage|p2b: Gyarados|85\/100\n|move|p1a: Gengar|Shadow Ball|p2a: Glimmora\n|-activate|p2a: Glimmora|move: Protect\n|move|p2b: Gyarados|Thunder Wave|p1a: Gengar\n|-status|p1a: Gengar|par\n|\n|upkeep\n|turn|8\n|\n|t:|1683207777\n|move|p1b: Muk|Shadow Sneak|p2b: Gyarados\n|-damage|p2b: Gyarados|70\/100\n|move|p2b: Gyarados|Waterfall|p1a: Gengar\n|-damage|p1a: Gengar|20\/100 par\n|move|p2a: Glimmora|Power Gem|p1b: Muk\n|-supereffective|p1b: Muk\n|-damage|p1b: Muk|0 fnt\n|faint|p1b: Muk\n|cant|p1a: Gengar|par\n|\n|upkeep\n|turn|9\n|-message|Weebok forfeited.\n|\n|win|DonPasic\n|raw|Weebok's rating: 1020 → 1008<\/strong> (-12 for losing)\n|raw|DonPasic's rating: 1046 → 1077<\/strong> (+31 for winning)\n|l|\u2606Weebok\n","uploadtime":1683207796,"views":5,"p1id":"weebok","p2id":"donpasic","formatid":"gen9vgc2023regulationc","rating":1008,"private":0,"password":""}