{"id":"gen9vgc2023regulationc-1854172852","p1":"be13costa","p2":"leftyto27","format":"[Gen 9] VGC 2023 Regulation C","log":"|j|\u2606be13costa\n|j|\u2606leftyto27\n|t:|1682779610\n|gametype|doubles\n|player|p1|be13costa|266|1104\n|player|p2|leftyto27|266|1038\n|teamsize|p1|6\n|teamsize|p2|6\n|gen|9\n|tier|[Gen 9] VGC 2023 Regulation C\n|rated|\n|rule|Species Clause: Limit one of each Pok\u00e9mon\n|rule|Item Clause: Limit one of each item\n|clearpoke\n|poke|p1|Ting-Lu, L50|\n|poke|p1|Scream Tail, L50|\n|poke|p1|Gothitelle, L50, F|\n|poke|p1|Dondozo, L50, F|\n|poke|p1|Gholdengo, L50|\n|poke|p1|Amoonguss, L50, F|\n|poke|p2|Talonflame, L50, F|\n|poke|p2|Garchomp, L50, F|\n|poke|p2|Gastrodon-East, L50, F|\n|poke|p2|Great Tusk, L50|\n|poke|p2|Flutter Mane, L50|\n|poke|p2|Grimmsnarl, L50, M|\n|teampreview|4\n|inactive|Battle timer is ON: inactive players will automatically lose when time's up. (requested by be13costa)\n|inactive|be13costa has 60 seconds left.\n|\n|t:|1682779651\n|start\n|switch|p1a: Gholdengo|Gholdengo, L50|100\/100\n|switch|p1b: Gothitelle|Gothitelle, L50, F|100\/100\n|switch|p2a: Talonflame|Talonflame, L50, F|100\/100\n|switch|p2b: Garchomp|Garchomp, L50, F|100\/100\n|turn|1\n|inactive|leftyto27 has 30 seconds left.\n|\n|t:|1682779679\n|move|p2a: Talonflame|Protect|p2a: Talonflame\n|-singleturn|p2a: Talonflame|Protect\n|move|p2b: Garchomp|Protect|p2b: Garchomp\n|-singleturn|p2b: Garchomp|Protect\n|move|p1b: Gothitelle|Fake Out|p2b: Garchomp\n|-activate|p2b: Garchomp|move: Protect\n|move|p1a: Gholdengo|Thunderbolt|p2a: Talonflame\n|-activate|p2a: Talonflame|move: Protect\n|\n|upkeep\n|turn|2\n|inactive|be13costa has 30 seconds left.\n|inactive|leftyto27 has 30 seconds left.\n|\n|t:|1682779706\n|switch|p1a: Scream Tail|Scream Tail, L50|100\/100\n|-enditem|p1a: Scream Tail|Booster Energy\n|-activate|p1a: Scream Tail|ability: Protosynthesis|[fromitem]\n|-start|p1a: Scream Tail|protosynthesisspe\n|move|p1b: Gothitelle|Protect|p1b: Gothitelle\n|-singleturn|p1b: Gothitelle|Protect\n|move|p2a: Talonflame|Brave Bird|p1b: Gothitelle\n|-activate|p1b: Gothitelle|move: Protect\n|move|p2b: Garchomp|Earthquake|p1b: Gothitelle|[spread] p1a\n|-activate|p1b: Gothitelle|move: Protect\n|-immune|p2a: Talonflame\n|-damage|p1a: Scream Tail|74\/100\n|\n|upkeep\n|turn|3\n|inactive|be13costa has 30 seconds left.\n|inactive|be13costa has 20 seconds left.\n|\n|t:|1682779742\n|switch|p1b: Dondozo|Dondozo, L50, F|100\/100\n|-terastallize|p2b: Garchomp|Poison\n|move|p2a: Talonflame|Brave Bird|p1b: Dondozo\n|-damage|p1b: Dondozo|77\/100\n|-damage|p2a: Talonflame|88\/100|[from] Recoil\n|move|p1a: Scream Tail|Encore|p2a: Talonflame\n|-start|p2a: Talonflame|Encore\n|move|p2b: Garchomp|Poison Jab|p1a: Scream Tail\n|-supereffective|p1a: Scream Tail\n|-damage|p1a: Scream Tail|19\/100\n|-status|p1a: Scream Tail|psn\n|\n|-heal|p1b: Dondozo|83\/100|[from] item: Leftovers\n|-damage|p1a: Scream Tail|7\/100 psn|[from] psn\n|upkeep\n|turn|4\n|inactive|leftyto27 has 30 seconds left.\n|inactive|be13costa has 30 seconds left.\n|\n|t:|1682779779\n|-end|p1a: Scream Tail|Protosynthesis|[silent]\n|switch|p1a: Gholdengo|Gholdengo, L50|100\/100\n|switch|p2a: Gastrodon|Gastrodon-East, L50, F|100\/100\n|move|p2b: Garchomp|Poison Jab|p1a: Gholdengo\n|-immune|p1a: Gholdengo\n|move|p1b: Dondozo|Wave Crash|p2a: Gastrodon\n|-ability|p2a: Gastrodon|Storm Drain|boost\n|-boost|p2a: Gastrodon|spa|1\n|\n|-heal|p1b: Dondozo|90\/100|[from] item: Leftovers\n|upkeep\n|turn|5\n|inactive|leftyto27 has 30 seconds left.\n|inactive|leftyto27 has 20 seconds left.\n|\n|t:|1682779817\n|switch|p2a: Talonflame|Talonflame, L50, F|88\/100\n|move|p1a: Gholdengo|Protect|p1a: Gholdengo\n|-singleturn|p1a: Gholdengo|Protect\n|move|p2b: Garchomp|Earthquake|p1a: Gholdengo|[spread] p1b\n|-activate|p1a: Gholdengo|move: Protect\n|-immune|p2a: Talonflame\n|-damage|p1b: Dondozo|67\/100\n|move|p1b: Dondozo|Earthquake|p2a: Talonflame|[spread] p2b\n|-activate|p1a: Gholdengo|move: Protect\n|-immune|p2a: Talonflame\n|-supereffective|p2b: Garchomp\n|-damage|p2b: Garchomp|62\/100\n|\n|-heal|p1b: Dondozo|74\/100|[from] item: Leftovers\n|upkeep\n|turn|6\n|\n|t:|1682779841\n|move|p2a: Talonflame|Brave Bird|p1b: Dondozo\n|-damage|p1b: Dondozo|49\/100\n|-damage|p2a: Talonflame|76\/100|[from] Recoil\n|move|p2b: Garchomp|Earthquake|p1b: Dondozo|[spread] p1a,p1b\n|-immune|p2a: Talonflame\n|-supereffective|p1a: Gholdengo\n|-damage|p1a: Gholdengo|38\/100\n|-damage|p1b: Dondozo|28\/100\n|move|p1a: Gholdengo|Make It Rain|p2b: Garchomp|[spread] p2a,p2b\n|-resisted|p2a: Talonflame\n|-damage|p2a: Talonflame|34\/100\n|-damage|p2b: Garchomp|15\/100\n|-unboost|p1a: Gholdengo|spa|1\n|-damage|p1a: Gholdengo|28\/100|[from] item: Life Orb\n|move|p1b: Dondozo|Wave Crash|p2a: Talonflame\n|-supereffective|p2a: Talonflame\n|-damage|p2a: Talonflame|0 fnt\n|faint|p2a: Talonflame\n|-damage|p1b: Dondozo|21\/100|[from] Recoil\n|\n|-heal|p1b: Dondozo|27\/100|[from] item: Leftovers\n|upkeep\n|\n|t:|1682779865\n|switch|p2a: Gastrodon|Gastrodon-East, L50, F|100\/100\n|turn|7\n|inactive|leftyto27 has 30 seconds left.\n|\n|t:|1682779890\n|move|p2b: Garchomp|Protect|p2b: Garchomp\n|-singleturn|p2b: Garchomp|Protect\n|move|p1a: Gholdengo|Protect|p1a: Gholdengo\n|-singleturn|p1a: Gholdengo|Protect\n|move|p2a: Gastrodon|Muddy Water|p1b: Dondozo|[spread] p1b\n|-activate|p1a: Gholdengo|move: Protect\n|-resisted|p1b: Dondozo\n|-damage|p1b: Dondozo|18\/100\n|move|p1b: Dondozo|Earthquake|p2a: Gastrodon|[spread] p2a\n|-activate|p1a: Gholdengo|move: Protect\n|-activate|p2b: Garchomp|move: Protect\n|-damage|p2a: Gastrodon|79\/100\n|\n|-heal|p1b: Dondozo|24\/100|[from] item: Leftovers\n|upkeep\n|turn|8\n|inactive|leftyto27 has 30 seconds left.\n|\n|t:|1682779918\n|switch|p1a: Gothitelle|Gothitelle, L50, F|100\/100\n|move|p2b: Garchomp|Earthquake|p1b: Dondozo|[spread] p2a,p1a,p1b\n|-damage|p2a: Gastrodon|47\/100\n|-damage|p1a: Gothitelle|68\/100\n|-damage|p1b: Dondozo|2\/100\n|move|p2a: Gastrodon|Recover|p2a: Gastrodon\n|-heal|p2a: Gastrodon|97\/100\n|move|p1b: Dondozo|Tera Blast|p2b: Garchomp\n|-damage|p2b: Garchomp|7\/100\n|\n|-heal|p1b: Dondozo|8\/100|[from] item: Leftovers\n|upkeep\n|turn|9\n|\n|t:|1682779942\n|move|p2b: Garchomp|Poison Jab|p1a: Gothitelle\n|-damage|p1a: Gothitelle|32\/100\n|-enditem|p1a: Gothitelle|Sitrus Berry|[eat]\n|-heal|p1a: Gothitelle|56\/100|[from] item: Sitrus Berry\n|move|p1a: Gothitelle|Heal Pulse|p1b: Dondozo\n|-heal|p1b: Dondozo|58\/100\n|move|p2a: Gastrodon|Muddy Water|p1b: Dondozo|[spread] p1b\n|-miss|p2a: Gastrodon|p1a: Gothitelle\n|-resisted|p1b: Dondozo\n|-damage|p1b: Dondozo|48\/100\n|move|p1b: Dondozo|Tera Blast|p2b: Garchomp\n|-damage|p2b: Garchomp|0 fnt\n|faint|p2b: Garchomp\n|\n|-heal|p1b: Dondozo|54\/100|[from] item: Leftovers\n|upkeep\n|\n|t:|1682779960\n|switch|p2b: Flutter Mane|Flutter Mane, L50|100\/100\n|-enditem|p2b: Flutter Mane|Booster Energy\n|-activate|p2b: Flutter Mane|ability: Protosynthesis|[fromitem]\n|-start|p2b: Flutter Mane|protosynthesisspe\n|turn|10\n|\n|t:|1682779969\n|move|p1a: Gothitelle|Protect|p1a: Gothitelle\n|-singleturn|p1a: Gothitelle|Protect\n|move|p2b: Flutter Mane|Dazzling Gleam|p1a: Gothitelle|[spread] p1b\n|-activate|p1a: Gothitelle|move: Protect\n|-damage|p1b: Dondozo|30\/100\n|move|p2a: Gastrodon|Muddy Water|p1b: Dondozo|[spread] p1b\n|-activate|p1a: Gothitelle|move: Protect\n|-resisted|p1b: Dondozo\n|-damage|p1b: Dondozo|21\/100\n|-unboost|p1b: Dondozo|accuracy|1\n|move|p1b: Dondozo|Earthquake|p2a: Gastrodon|[spread] p2a\n|-activate|p1a: Gothitelle|move: Protect\n|-miss|p1b: Dondozo|p2b: Flutter Mane\n|-damage|p2a: Gastrodon|76\/100\n|\n|-heal|p1b: Dondozo|27\/100|[from] item: Leftovers\n|upkeep\n|turn|11\n|inactive|be13costa has 30 seconds left.\n|inactive|leftyto27 has 30 seconds left.\n|\n|t:|1682780002\n|switch|p1b: Gholdengo|Gholdengo, L50|28\/100\n|move|p2b: Flutter Mane|Dazzling Gleam|p1a: Gothitelle|[spread] p1a,p1b\n|-resisted|p1b: Gholdengo\n|-damage|p1a: Gothitelle|34\/100\n|-damage|p1b: Gholdengo|11\/100\n|move|p1a: Gothitelle|Heal Pulse|p1b: Gholdengo\n|-immune|p1b: Gholdengo|[from] ability: Good as Gold\n|move|p2a: Gastrodon|Icy Wind|p1a: Gothitelle|[spread] p1a,p1b\n|-resisted|p1b: Gholdengo\n|-damage|p1a: Gothitelle|25\/100\n|-damage|p1b: Gholdengo|6\/100\n|-unboost|p1a: Gothitelle|spe|1\n|-unboost|p1b: Gholdengo|spe|1\n|\n|upkeep\n|turn|12\n|\n|t:|1682780020\n|move|p1a: Gothitelle|Protect|p1a: Gothitelle\n|-singleturn|p1a: Gothitelle|Protect\n|move|p2b: Flutter Mane|Dazzling Gleam|p1a: Gothitelle|[spread] p1b\n|-activate|p1a: Gothitelle|move: Protect\n|-resisted|p1b: Gholdengo\n|-damage|p1b: Gholdengo|0 fnt\n|faint|p1b: Gholdengo\n|move|p2a: Gastrodon|Muddy Water|p1a: Gothitelle\n|-activate|p1a: Gothitelle|move: Protect\n|\n|upkeep\n|\n|t:|1682780022\n|switch|p1b: Scream Tail|Scream Tail, L50|7\/100 psn\n|turn|13\n|\n|t:|1682780036\n|move|p2b: Flutter Mane|Dazzling Gleam|p1b: Scream Tail|[spread] p1a,p1b\n|-damage|p1a: Gothitelle|2\/100\n|-damage|p1b: Scream Tail|0 fnt\n|faint|p1b: Scream Tail\n|-end|p1b: Scream Tail|Protosynthesis|[silent]\n|move|p2a: Gastrodon|Muddy Water|p1a: Gothitelle\n|-damage|p1a: Gothitelle|0 fnt\n|faint|p1a: Gothitelle\n|\n|upkeep\n|-message|be13costa forfeited.\n|\n|win|leftyto27\n|raw|be13costa's rating: 1104 → 1074<\/strong> (-30 for losing)\n|raw|leftyto27's rating: 1038 → 1079<\/strong> (+41 for winning)\n|l|\u2606be13costa\n","uploadtime":1682780089,"views":22,"p1id":"be13costa","p2id":"leftyto27","formatid":"gen9vgc2023regulationc","rating":1074,"private":0,"password":""}