{"id":"gen9vgc2023regulationc-1861433229","p1":"wackomarko","p2":"Mike_Lindsay","format":"[Gen 9] VGC 2023 Regulation C","log":"|j|\u2606wackomarko\n|j|\u2606Mike_Lindsay\n|t:|1683757306\n|gametype|doubles\n|player|p1|wackomarko|hiker-gen4|1045\n|player|p2|Mike_Lindsay|265|1076\n|teamsize|p1|6\n|teamsize|p2|6\n|gen|9\n|tier|[Gen 9] VGC 2023 Regulation C\n|rated|\n|rule|Species Clause: Limit one of each Pok\u00e9mon\n|rule|Item Clause: Limit one of each item\n|clearpoke\n|poke|p1|Talonflame, L50, M|\n|poke|p1|Amoonguss, L50, M|\n|poke|p1|Flutter Mane, L50|\n|poke|p1|Chien-Pao, L50|\n|poke|p1|Gyarados, L50, F|\n|poke|p1|Dragapult, L50, F|\n|poke|p2|Iron Bundle, L50|\n|poke|p2|Tyranitar, L50, M|\n|poke|p2|Wo-Chien, L50|\n|poke|p2|Glimmora, L50, M|\n|poke|p2|Gyarados, L50, F|\n|poke|p2|Flutter Mane, L50|\n|teampreview|4\nwackomarko has agreed to open team sheets.\n|\n|t:|1683757356\n|start\n|switch|p1a: Talonflame|Talonflame, L50, M, shiny|100\/100\n|switch|p1b: Gyarados|Gyarados, L50, F, shiny|100\/100\n|switch|p2a: Tyranitar|Tyranitar, L50, M|100\/100\n|switch|p2b: Gyarados|Gyarados, L50, F|100\/100\n|-ability|p2b: Gyarados|Intimidate|boost\n|-unboost|p1a: Talonflame|atk|1\n|-unboost|p1b: Gyarados|atk|1\n|-ability|p1b: Gyarados|Intimidate|boost\n|-unboost|p2a: Tyranitar|atk|1\n|-unboost|p2b: Gyarados|atk|1\n|-weather|Sandstorm|[from] ability: Sand Stream|[of] p2a: Tyranitar\n|turn|1\n|\n|t:|1683757378\n|move|p1a: Talonflame|Tailwind|p1a: Talonflame\n|-sidestart|p1: wackomarko|move: Tailwind\n|move|p1b: Gyarados|Dragon Dance|p1b: Gyarados\n|-boost|p1b: Gyarados|atk|1\n|-boost|p1b: Gyarados|spe|1\n|move|p2b: Gyarados|Thunder Wave|p1a: Talonflame\n|-status|p1a: Talonflame|par\n|move|p2a: Tyranitar|Rock Slide|p1b: Gyarados|[spread] p1a\n|-miss|p2a: Tyranitar|p1b: Gyarados\n|-supereffective|p1a: Talonflame\n|-damage|p1a: Talonflame|0 fnt\n|faint|p1a: Talonflame\n|\n|-weather|Sandstorm|[upkeep]\n|-damage|p1b: Gyarados|95\/100|[from] Sandstorm\n|-damage|p2b: Gyarados|94\/100|[from] Sandstorm\n|upkeep\n|\n|t:|1683757395\n|switch|p1a: Chien-Pao|Chien-Pao, L50|100\/100\n|-ability|p1a: Chien-Pao|Sword of Ruin\n|turn|2\n|\n|t:|1683757410\n|move|p1a: Chien-Pao|Ice Spinner|p2b: Gyarados\n|-damage|p2b: Gyarados|43\/100\n|-enditem|p2b: Gyarados|Sitrus Berry|[eat]\n|-heal|p2b: Gyarados|68\/100|[from] item: Sitrus Berry\n|move|p1b: Gyarados|Waterfall|p2a: Tyranitar\n|-supereffective|p2a: Tyranitar\n|-damage|p2a: Tyranitar|0 fnt\n|faint|p2a: Tyranitar\n|move|p2b: Gyarados|Thunder Wave|p1b: Gyarados\n|-status|p1b: Gyarados|par\n|-enditem|p1b: Gyarados|Lum Berry|[eat]\n|-curestatus|p1b: Gyarados|par|[msg]\n|\n|-weather|Sandstorm|[upkeep]\n|-damage|p1a: Chien-Pao|95\/100|[from] Sandstorm\n|-damage|p1b: Gyarados|89\/100|[from] Sandstorm\n|-damage|p2b: Gyarados|62\/100|[from] Sandstorm\n|upkeep\n|\n|t:|1683757425\n|switch|p2a: Glimmora|Glimmora, L50, M|100\/100\n|turn|3\n|\n|t:|1683757432\n|-terastallize|p2a: Glimmora|Water\n|move|p1a: Chien-Pao|Ice Spinner|p2b: Gyarados\n|-damage|p2b: Gyarados|3\/100\n|move|p1b: Gyarados|Waterfall|p2a: Glimmora\n|-resisted|p2a: Glimmora\n|-damage|p2a: Glimmora|69\/100\n|-activate|p2a: Glimmora|ability: Toxic Debris\n|-sidestart|p1: wackomarko|move: Toxic Spikes\n|move|p2b: Gyarados|Icy Wind|p1a: Chien-Pao|[spread] p1a,p1b\n|-resisted|p1a: Chien-Pao\n|-crit|p1a: Chien-Pao\n|-damage|p1a: Chien-Pao|88\/100\n|-damage|p1b: Gyarados|83\/100\n|-unboost|p1a: Chien-Pao|spe|1\n|-unboost|p1b: Gyarados|spe|1\n|move|p2a: Glimmora|Mortal Spin|p1a: Chien-Pao|[spread] p1a,p1b\n|-damage|p1a: Chien-Pao|82\/100\n|-damage|p1b: Gyarados|77\/100\n|-status|p1a: Chien-Pao|psn\n|-status|p1b: Gyarados|psn\n|\n|-weather|Sandstorm|[upkeep]\n|-damage|p1a: Chien-Pao|76\/100 psn|[from] Sandstorm\n|-damage|p1b: Gyarados|71\/100 psn|[from] Sandstorm\n|-damage|p2b: Gyarados|0 fnt|[from] Sandstorm\n|-damage|p2a: Glimmora|64\/100|[from] Sandstorm\n|faint|p2b: Gyarados\n|-damage|p1a: Chien-Pao|64\/100 psn|[from] psn\n|-damage|p1b: Gyarados|59\/100 psn|[from] psn\n|upkeep\n|\n|t:|1683757451\n|switch|p2b: Flutter Mane|Flutter Mane, L50|100\/100\n|-enditem|p2b: Flutter Mane|Booster Energy\n|-activate|p2b: Flutter Mane|ability: Protosynthesis|[fromitem]\n|-start|p2b: Flutter Mane|protosynthesisspe\n|turn|4\n|\n|t:|1683757467\n|move|p1a: Chien-Pao|Sucker Punch|p2b: Flutter Mane\n|-damage|p2b: Flutter Mane|16\/100\n|move|p2b: Flutter Mane|Dazzling Gleam|p1a: Chien-Pao|[spread] p1a,p1b\n|-supereffective|p1a: Chien-Pao\n|-damage|p1a: Chien-Pao|0 fnt\n|-damage|p1b: Gyarados|30\/100 psn\n|faint|p1a: Chien-Pao\n|move|p1b: Gyarados|Waterfall|p2b: Flutter Mane\n|-damage|p2b: Flutter Mane|0 fnt\n|faint|p2b: Flutter Mane\n|-end|p2b: Flutter Mane|Protosynthesis|[silent]\n|move|p2a: Glimmora|Power Gem|p1b: Gyarados\n|-supereffective|p1b: Gyarados\n|-damage|p1b: Gyarados|0 fnt\n|faint|p1b: Gyarados\n|\n|-weather|Sandstorm|[upkeep]\n|-damage|p2a: Glimmora|58\/100|[from] Sandstorm\n|-sideend|p1: wackomarko|move: Tailwind\n|upkeep\n|\n|t:|1683757483\n|switch|p1a: Flutter Mane|Flutter Mane, L50, shiny|100\/100\n|-status|p1a: Flutter Mane|psn\n|turn|5\n|\n|t:|1683757500\n|-terastallize|p1a: Flutter Mane|Fairy\n|move|p1a: Flutter Mane|Shadow Ball|p2a: Glimmora\n|-crit|p2a: Glimmora\n|-damage|p2a: Glimmora|3\/100\n|-damage|p1a: Flutter Mane|91\/100 psn|[from] item: Life Orb\n|move|p2a: Glimmora|Sludge Bomb|p1a: Flutter Mane\n|-supereffective|p1a: Flutter Mane\n|-damage|p1a: Flutter Mane|5\/100 psn\n|\n|-weather|none\n|-damage|p1a: Flutter Mane|0 fnt|[from] psn\n|faint|p1a: Flutter Mane\n|-end|p1a: Flutter Mane|Protosynthesis|[silent]\n|\n|win|Mike_Lindsay\n|upkeep\n|raw|wackomarko's rating: 1045 → 1030<\/strong> (-15 for losing)\n|raw|Mike_Lindsay's rating: 1076 → 1102<\/strong> (+26 for winning)\n|c|\u2606wackomarko|GG\n|l|\u2606Mike_Lindsay\n","uploadtime":1683757518,"views":4,"p1id":"wackomarko","p2id":"mikelindsay","formatid":"gen9vgc2023regulationc","rating":1030,"private":0,"password":""}