{"id":"gen9vgc2023regulationc-1858360163","p1":"Menaxelum","p2":"stesans","format":"[Gen 9] VGC 2023 Regulation C","log":"|j|\u2606Menaxelum\n|j|\u2606stesans\n|t:|1683305198\n|gametype|doubles\n|player|p1|Menaxelum|ingo|1083\n|player|p2|stesans|266|1081\n|teamsize|p1|6\n|teamsize|p2|6\n|gen|9\n|tier|[Gen 9] VGC 2023 Regulation C\n|rated|\n|rule|Species Clause: Limit one of each Pok\u00e9mon\n|rule|Item Clause: Limit one of each item\n|clearpoke\n|poke|p1|Wo-Chien, L50|\n|poke|p1|Ting-Lu, L50|\n|poke|p1|Arcanine, L50, M|\n|poke|p1|Amoonguss, L50, F|\n|poke|p1|Palafin, L50, M|\n|poke|p1|Flutter Mane, L50|\n|poke|p2|Annihilape, L50, F|\n|poke|p2|Dragonite, L50, F|\n|poke|p2|Iron Bundle, L50|\n|poke|p2|Flutter Mane, L50|\n|poke|p2|Amoonguss, L50, F|\n|poke|p2|Gastrodon-East, L50, F|\n|teampreview|4\n|inactive|Battle timer is ON: inactive players will automatically lose when time's up. (requested by Menaxelum)\n|inactive|stesans has 60 seconds left.\n|\n|t:|1683305241\n|start\n|switch|p1a: TING CHILLING|Ting-Lu, L50|100\/100\n|switch|p1b: GOKU|Flutter Mane, L50|100\/100\n|switch|p2a: Flutter Mane|Flutter Mane, L50|100\/100\n|switch|p2b: Dragonite|Dragonite, L50, F|100\/100\n|-ability|p1a: TING CHILLING|Vessel of Ruin\n|-enditem|p2a: Flutter Mane|Booster Energy\n|-activate|p2a: Flutter Mane|ability: Protosynthesis|[fromitem]\n|-start|p2a: Flutter Mane|protosynthesisspa\n|turn|1\n|inactive|Menaxelum has 30 seconds left.\n|\n|t:|1683305274\n|move|p2a: Flutter Mane|Protect|p2a: Flutter Mane\n|-singleturn|p2a: Flutter Mane|Protect\n|move|p1b: GOKU|Icy Wind|p2a: Flutter Mane|[spread] p2b\n|-activate|p2a: Flutter Mane|move: Protect\n|-supereffective|p2b: Dragonite\n|-damage|p2b: Dragonite|65\/100\n|-unboost|p2b: Dragonite|spe|1\n|move|p2b: Dragonite|Earthquake|p1a: TING CHILLING|[spread] p1a,p1b\n|-activate|p2a: Flutter Mane|move: Protect\n|-damage|p1a: TING CHILLING|84\/100\n|-damage|p1b: GOKU|40\/100\n|move|p1a: TING CHILLING|Heavy Slam|p2a: Flutter Mane\n|-activate|p2a: Flutter Mane|move: Protect\n|\n|upkeep\n|turn|2\n|\n|t:|1683305295\n|move|p1b: GOKU|Icy Wind|p2b: Dragonite|[spread] p2a,p2b\n|-supereffective|p2b: Dragonite\n|-damage|p2a: Flutter Mane|84\/100\n|-damage|p2b: Dragonite|0 fnt\n|-unboost|p2a: Flutter Mane|spe|1\n|faint|p2b: Dragonite\n|move|p2a: Flutter Mane|Shadow Ball|p1b: GOKU\n|-supereffective|p1b: GOKU\n|-damage|p1b: GOKU|0 fnt\n|faint|p1b: GOKU\n|-end|p1b: GOKU|Protosynthesis|[silent]\n|move|p1a: TING CHILLING|Heavy Slam|p2a: Flutter Mane\n|-supereffective|p2a: Flutter Mane\n|-damage|p2a: Flutter Mane|0 fnt\n|faint|p2a: Flutter Mane\n|-end|p2a: Flutter Mane|Protosynthesis|[silent]\n|\n|upkeep\n|\n|t:|1683305304\n|switch|p1b: HOMELANDER|Palafin, L50, M, shiny|100\/100\n|switch|p2a: Gastrodon|Gastrodon-East, L50, F|100\/100\n|switch|p2b: Iron Bundle|Iron Bundle, L50|100\/100\n|turn|3\n|\n|t:|1683305321\n|detailschange|p1b: HOMELANDER|Palafin-Hero, L50, M, shiny\n|switch|p1b: LIVE SLUG REACTION|Wo-Chien, L50|100\/100\n|-ability|p1b: LIVE SLUG REACTION|Tablets of Ruin\n|-terastallize|p2a: Gastrodon|Grass\n|move|p2b: Iron Bundle|Chilling Water|p2a: Gastrodon\n|-ability|p2a: Gastrodon|Storm Drain|boost\n|-boost|p2a: Gastrodon|spa|1\n|move|p1a: TING CHILLING|Fissure|p2b: Iron Bundle|[miss]\n|-miss|p1a: TING CHILLING|p2b: Iron Bundle\n|move|p2a: Gastrodon|Tera Blast|p1a: TING CHILLING\n|-supereffective|p1a: TING CHILLING\n|-damage|p1a: TING CHILLING|46\/100\n|\n|upkeep\n|turn|4\n|inactive|Menaxelum has 30 seconds left.\n|inactive|Menaxelum has 20 seconds left.\n|\n|t:|1683305360\n|move|p2b: Iron Bundle|Chilling Water|p2a: Gastrodon\n|-ability|p2a: Gastrodon|Storm Drain|boost\n|-boost|p2a: Gastrodon|spa|1\n|move|p1b: LIVE SLUG REACTION|Foul Play|p2b: Iron Bundle\n|-damage|p2b: Iron Bundle|77\/100\n|move|p1a: TING CHILLING|Stomping Tantrum|p2b: Iron Bundle\n|-damage|p2b: Iron Bundle|16\/100\n|move|p2a: Gastrodon|Tera Blast|p1a: TING CHILLING\n|-supereffective|p1a: TING CHILLING\n|-damage|p1a: TING CHILLING|0 fnt\n|faint|p1a: TING CHILLING\n|\n|upkeep\n|\n|t:|1683305368\n|switch|p1a: HOMELANDER|Palafin-Hero, L50, M, shiny|100\/100\n|-activate|p1a: HOMELANDER|ability: Zero to Hero\n|turn|5\n|\n|t:|1683305396\n|move|p2b: Iron Bundle|Icy Wind|p1b: LIVE SLUG REACTION|[spread] p1a,p1b\n|-resisted|p1a: HOMELANDER\n|-supereffective|p1b: LIVE SLUG REACTION\n|-damage|p1a: HOMELANDER|91\/100\n|-damage|p1b: LIVE SLUG REACTION|79\/100\n|-unboost|p1a: HOMELANDER|spe|1\n|-unboost|p1b: LIVE SLUG REACTION|spe|1\n|move|p1a: HOMELANDER|Haze|p1a: HOMELANDER\n|-clearallboost\n|move|p1b: LIVE SLUG REACTION|Foul Play|p2b: Iron Bundle\n|-damage|p2b: Iron Bundle|0 fnt\n|faint|p2b: Iron Bundle\n|-end|p2b: Iron Bundle|Quark Drive|[silent]\n|move|p2a: Gastrodon|Tera Blast|p1a: HOMELANDER\n|-supereffective|p1a: HOMELANDER\n|-damage|p1a: HOMELANDER|29\/100\n|\n|-heal|p1b: LIVE SLUG REACTION|85\/100|[from] item: Leftovers\n|upkeep\n|turn|6\n|inactive|Menaxelum has 30 seconds left.\n|\n|t:|1683305422\n|move|p1a: HOMELANDER|Protect|p1a: HOMELANDER\n|-singleturn|p1a: HOMELANDER|Protect\n|move|p1b: LIVE SLUG REACTION|Pollen Puff|p2a: Gastrodon\n|-supereffective|p2a: Gastrodon\n|-crit|p2a: Gastrodon\n|-damage|p2a: Gastrodon|45\/100\n|move|p2a: Gastrodon|Tera Blast|p1a: HOMELANDER\n|-activate|p1a: HOMELANDER|move: Protect\n|\n|-heal|p1b: LIVE SLUG REACTION|91\/100|[from] item: Leftovers\n|-heal|p2a: Gastrodon|50\/100|[from] item: Leftovers\n|upkeep\n|turn|7\n|\n|t:|1683305438\n|move|p1a: HOMELANDER|Protect|p1a: HOMELANDER\n|-singleturn|p1a: HOMELANDER|Protect\n|move|p1b: LIVE SLUG REACTION|Pollen Puff|p2a: Gastrodon\n|-supereffective|p2a: Gastrodon\n|-damage|p2a: Gastrodon|8\/100\n|move|p2a: Gastrodon|Tera Blast|p1a: HOMELANDER\n|-activate|p1a: HOMELANDER|move: Protect\n|\n|-heal|p1b: LIVE SLUG REACTION|97\/100|[from] item: Leftovers\n|-heal|p2a: Gastrodon|14\/100|[from] item: Leftovers\n|upkeep\n|turn|8\n|\n|t:|1683305449\n|move|p1a: HOMELANDER|Protect||[still]\n|-fail|p1a: HOMELANDER\n|move|p1b: LIVE SLUG REACTION|Pollen Puff|p2a: Gastrodon\n|-supereffective|p2a: Gastrodon\n|-crit|p2a: Gastrodon\n|-damage|p2a: Gastrodon|0 fnt\n|faint|p2a: Gastrodon\n|\n|win|Menaxelum\n|raw|Menaxelum's rating: 1083 → 1110<\/strong> (+27 for winning)\n|raw|stesans's rating: 1081 → 1059<\/strong> (-22 for losing)\n|l|\u2606stesans\n|c|\u2606Menaxelum|live wochien reaction\n","uploadtime":1683305462,"views":17,"p1id":"menaxelum","p2id":"stesans","formatid":"gen9vgc2023regulationc","rating":1059,"private":0,"password":""}