{"id":"gen9vgc2023regulationc-1859291157","p1":"CachimbitaRica","p2":"esotilin123456","format":"[Gen 9] VGC 2023 Regulation C","log":"|j|\u2606CachimbitaRica\n|j|\u203desotilin123456\n|t:|1683429498\n|gametype|doubles\n|player|p1|CachimbitaRica|fisherman|\n|player|p2|esotilin123456|hilbert-wonderlauncher|\n|teamsize|p1|6\n|teamsize|p2|6\n|gen|9\n|tier|[Gen 9] VGC 2023 Regulation C\n|rated|Tournament battle\n|rule|Species Clause: Limit one of each Pok\u00e9mon\n|rule|Item Clause: Limit one of each item\n|clearpoke\n|poke|p1|Dondozo, L50, M|\n|poke|p1|Tatsugiri, L50, F|\n|poke|p1|Dragonite, L50, F|\n|poke|p1|Chi-Yu, L50|\n|poke|p1|Iron Bundle, L50|\n|poke|p1|Glimmora, L50, F|\n|poke|p2|Tyranitar, L50, M|\n|poke|p2|Corviknight, L50, M|\n|poke|p2|Salamence, L50, M|\n|poke|p2|Arcanine, L50, M|\n|poke|p2|Gastrodon, L50, F|\n|poke|p2|Rotom-Mow, L50|\n|teampreview|4\n|raw| Open Team Sheet for CachimbitaRica<\/summary>Dondozo @ Leftovers Ability: Oblivious Level: 50 Tera Type: Steel - Wave Crash - Earthquake - Substitute - Protect Tatsugiri @ Choice Scarf Ability: Commander Level: 50 Tera Type: Dragon - Muddy Water - Icy Wind - Draco Meteor - Helping Hand Dragonite @ Choice Band Ability: Multiscale Level: 50 Tera Type: Normal - Extreme Speed - Earthquake - Aerial Ace - Outrage Chi-Yu @ Safety Goggles Ability: Beads of Ruin Level: 50 Tera Type: Water - Nasty Plot - Dark Pulse - Heat Wave - Protect Iron Bundle @ Booster Energy Ability: Quark Drive Level: 50 Tera Type: Ice - Hydro Pump - Freeze-Dry - Icy Wind - Protect Glimmora @ Assault Vest Ability: Toxic Debris Level: 50 Tera Type: Grass - Power Gem - Earth Power - Energy Ball - Mortal Spin <\/details><\/div> Open Team Sheet for esotilin123456<\/summary>Tyranitar (M) @ Chople Berry Ability: Sand Stream Level: 50 Shiny: Yes Tera Type: Rock - Protect - Rock Slide - Crunch - Ice Punch Corviknight @ Aguav Berry Ability: Mirror Armor Level: 50 Tera Type: Grass - Protect - Bulk Up - Brave Bird - Roost Salamence @ Life Orb Ability: Intimidate Level: 50 Tera Type: Fire - Protect - Tailwind - Draco Meteor - Flamethrower Arcanine (M) @ Assault Vest Ability: Intimidate Level: 50 Tera Type: Grass - Flare Blitz - Extreme Speed - Snarl - Close Combat Gastrodon (F) @ Leftovers Ability: Storm Drain Level: 50 Tera Type: Fire - Protect - Yawn - Ice Beam - Earth Power Rotom (Rotom-Mow) @ Sitrus Berry Ability: Levitate Level: 50 Tera Type: Electric - Protect - Will-O-Wisp - Thunderbolt - Leaf Storm <\/details><\/div>\n|j| Grewt\n|j| WallyTryHard\n|inactive|Battle timer is ON: inactive players will automatically lose when time's up. (requested by esotilin123456)\n|c| WallyTryHard|glgl!\n|\n|t:|1683429543\n|start\n|switch|p1a: Glimmora|Glimmora, L50, F|100\/100\n|switch|p1b: Iron Bundle|Iron Bundle, L50|100\/100\n|switch|p2a: Arcanine|Arcanine, L50, M|100\/100\n|switch|p2b: Tyranitar|Tyranitar, L50, M, shiny|100\/100\n|-ability|p2a: Arcanine|Intimidate|boost\n|-unboost|p1a: Glimmora|atk|1\n|-unboost|p1b: Iron Bundle|atk|1\n|-weather|Sandstorm|[from] ability: Sand Stream|[of] p2b: Tyranitar\n|-enditem|p1b: Iron Bundle|Booster Energy\n|-activate|p1b: Iron Bundle|ability: Quark Drive|[fromitem]\n|-start|p1b: Iron Bundle|quarkdrivespe\n|turn|1\n|inactive|CachimbitaRica has 30 seconds left.\n|inactive|esotilin123456 has 30 seconds left.\n|inactive|CachimbitaRica has 20 seconds left.\n|\n|t:|1683429582\n|move|p1b: Iron Bundle|Protect|p1b: Iron Bundle\n|-singleturn|p1b: Iron Bundle|Protect\n|move|p2a: Arcanine|Extreme Speed|p1b: Iron Bundle\n|-activate|p1b: Iron Bundle|move: Protect\n|move|p1a: Glimmora|Earth Power|p2b: Tyranitar\n|-supereffective|p2b: Tyranitar\n|-damage|p2b: Tyranitar|67\/100\n|move|p2b: Tyranitar|Rock Slide|p1a: Glimmora|[spread] p1a\n|-activate|p1b: Iron Bundle|move: Protect\n|-damage|p1a: Glimmora|69\/100\n|-activate|p1a: Glimmora|ability: Toxic Debris\n|-sidestart|p2: esotilin123456|move: Toxic Spikes\n|\n|-weather|Sandstorm|[upkeep]\n|-damage|p1b: Iron Bundle|94\/100|[from] Sandstorm\n|-damage|p2a: Arcanine|94\/100|[from] Sandstorm\n|upkeep\n|turn|2\n|j| AtomX7VGC\n|\n|t:|1683429605\n|-terastallize|p2b: Tyranitar|Rock\n|move|p1b: Iron Bundle|Hydro Pump|p2a: Arcanine\n|-supereffective|p2a: Arcanine\n|-damage|p2a: Arcanine|22\/100\n|move|p1a: Glimmora|Earth Power|p2a: Arcanine\n|-supereffective|p2a: Arcanine\n|-damage|p2a: Arcanine|0 fnt\n|faint|p2a: Arcanine\n|move|p2b: Tyranitar|Rock Slide|p1a: Glimmora|[spread] p1a,p1b\n|-supereffective|p1b: Iron Bundle\n|-damage|p1a: Glimmora|29\/100\n|-damage|p1b: Iron Bundle|0 fnt\n|-activate|p1a: Glimmora|ability: Toxic Debris\n|-sidestart|p2: esotilin123456|move: Toxic Spikes\n|faint|p1b: Iron Bundle\n|-end|p1b: Iron Bundle|Quark Drive|[silent]\n|\n|-weather|Sandstorm|[upkeep]\n|upkeep\n|j| WeirdPolyCouple\n|\n|t:|1683429621\n|switch|p1b: Dondozo|Dondozo, L50, M|100\/100\n|switch|p2a: Rotom|Rotom-Mow, L50|100\/100\n|turn|3\n|\n|t:|1683429634\n|move|p1b: Dondozo|Protect|p1b: Dondozo\n|-singleturn|p1b: Dondozo|Protect\n|move|p1a: Glimmora|Mortal Spin|p2b: Tyranitar|[spread] p2a,p2b\n|-supereffective|p2a: Rotom\n|-resisted|p2b: Tyranitar\n|-damage|p2a: Rotom|95\/100\n|-damage|p2b: Tyranitar|66\/100\n|-status|p2a: Rotom|psn\n|-status|p2b: Tyranitar|psn\n|move|p2a: Rotom|Thunderbolt|p1b: Dondozo\n|-activate|p1b: Dondozo|move: Protect\n|move|p2b: Tyranitar|Rock Slide|p1a: Glimmora|[spread] p1a\n|-activate|p1b: Dondozo|move: Protect\n|-damage|p1a: Glimmora|0 fnt\n|faint|p1a: Glimmora\n|\n|-weather|Sandstorm|[upkeep]\n|-damage|p2a: Rotom|90\/100 psn|[from] Sandstorm\n|-damage|p1b: Dondozo|94\/100|[from] Sandstorm\n|-heal|p1b: Dondozo|100\/100|[from] item: Leftovers\n|-damage|p2a: Rotom|77\/100 psn|[from] psn\n|-damage|p2b: Tyranitar|54\/100 psn|[from] psn\n|upkeep\n|\n|t:|1683429646\n|switch|p1a: Tatsugiri|Tatsugiri, L50, F|100\/100\n|-activate|p1a: Tatsugiri|ability: Commander|[of] p1b: Dondozo\n|-boost|p1b: Dondozo|atk|2\n|-boost|p1b: Dondozo|spa|2\n|-boost|p1b: Dondozo|spe|2\n|-boost|p1b: Dondozo|def|2\n|-boost|p1b: Dondozo|spd|2\n|turn|4\n|\n|t:|1683429656\n|-terastallize|p1b: Dondozo|Steel\n|move|p1b: Dondozo|Wave Crash|p2a: Rotom\n|-resisted|p2a: Rotom\n|-damage|p2a: Rotom|24\/100 psn\n|-enditem|p2a: Rotom|Sitrus Berry|[eat]\n|-heal|p2a: Rotom|49\/100 psn|[from] item: Sitrus Berry\n|-damage|p1b: Dondozo|88\/100|[from] Recoil\n|move|p2a: Rotom|Thunderbolt|p1b: Dondozo\n|-damage|p1b: Dondozo|72\/100\n|move|p2b: Tyranitar|Rock Slide|p1a: Tatsugiri|[spread] p1b\n|-miss|p2b: Tyranitar|p1a: Tatsugiri\n|-resisted|p1b: Dondozo\n|-damage|p1b: Dondozo|65\/100\n|\n|-weather|Sandstorm|[upkeep]\n|-damage|p1a: Tatsugiri|95\/100|[from] Sandstorm\n|-damage|p2a: Rotom|43\/100 psn|[from] Sandstorm\n|-heal|p1b: Dondozo|71\/100|[from] item: Leftovers\n|-damage|p2a: Rotom|31\/100 psn|[from] psn\n|-damage|p2b: Tyranitar|41\/100 psn|[from] psn\n|upkeep\n|turn|5\n|\n|t:|1683429671\n|switch|p2b: Gastrodon|Gastrodon, L50, F|100\/100\n|-status|p2b: Gastrodon|tox\n|move|p1b: Dondozo|Protect|p1b: Dondozo\n|-singleturn|p1b: Dondozo|Protect\n|move|p2a: Rotom|Will-O-Wisp|p1b: Dondozo\n|-activate|p1b: Dondozo|move: Protect\n|\n|-weather|none\n|-heal|p1b: Dondozo|77\/100|[from] item: Leftovers\n|-damage|p2a: Rotom|18\/100 psn|[from] psn\n|-damage|p2b: Gastrodon|94\/100 tox|[from] psn\n|upkeep\n|turn|6\n|\n|t:|1683429680\n|move|p1b: Dondozo|Substitute|p1b: Dondozo\n|-start|p1b: Dondozo|Substitute\n|-damage|p1b: Dondozo|52\/100\n|move|p2a: Rotom|Will-O-Wisp||[still]\n|-fail|p2a: Rotom\n|move|p2b: Gastrodon|Earth Power|p1b: Dondozo\n|-supereffective|p1b: Dondozo\n|-end|p1b: Dondozo|Substitute\n|\n|-heal|p1b: Dondozo|58\/100|[from] item: Leftovers\n|-heal|p2b: Gastrodon|100\/100 tox|[from] item: Leftovers\n|-damage|p2a: Rotom|6\/100 psn|[from] psn\n|-damage|p2b: Gastrodon|88\/100 tox|[from] psn\n|upkeep\n|turn|7\n|\n|t:|1683429694\n|move|p1b: Dondozo|Protect|p1b: Dondozo\n|-singleturn|p1b: Dondozo|Protect\n|move|p2a: Rotom|Will-O-Wisp|p1b: Dondozo\n|-activate|p1b: Dondozo|move: Protect\n|move|p2b: Gastrodon|Yawn|p1b: Dondozo\n|-activate|p1b: Dondozo|move: Protect\n|\n|-heal|p1b: Dondozo|65\/100|[from] item: Leftovers\n|-heal|p2b: Gastrodon|94\/100 tox|[from] item: Leftovers\n|-damage|p2a: Rotom|0 fnt|[from] psn\n|faint|p2a: Rotom\n|-damage|p2b: Gastrodon|76\/100 tox|[from] psn\n|upkeep\n|\n|t:|1683429696\n|switch|p2a: Tyranitar|Tyranitar, L50, M, shiny, tera:Rock|41\/100 psn\n|-weather|Sandstorm|[from] ability: Sand Stream|[of] p2a: Tyranitar\n|turn|8\n|j| AmongusMaster5678\n|\n|t:|1683429711\n|move|p1b: Dondozo|Earthquake|p2a: Tyranitar|[spread] p2a,p2b\n|-miss|p1b: Dondozo|p1a: Tatsugiri\n|-supereffective|p2a: Tyranitar\n|-damage|p2a: Tyranitar|0 fnt\n|-damage|p2b: Gastrodon|31\/100 tox\n|faint|p2a: Tyranitar\n|move|p2b: Gastrodon|Earth Power|p1b: Dondozo\n|-supereffective|p1b: Dondozo\n|-damage|p1b: Dondozo|30\/100\n|\n|-weather|Sandstorm|[upkeep]\n|-damage|p1a: Tatsugiri|89\/100|[from] Sandstorm\n|-heal|p1b: Dondozo|36\/100|[from] item: Leftovers\n|-heal|p2b: Gastrodon|38\/100 tox|[from] item: Leftovers\n|-damage|p2b: Gastrodon|13\/100 tox|[from] psn\n|upkeep\n|turn|9\n|j| showdowntemp2023\n|-message|esotilin123456 forfeited.\n|\n|win|CachimbitaRica\n|n|\u2606CachimbitaRica|cachimbitarica\n|n|\u203desotilin123456|esotilin123456\n|n| Grewt|grewt\n|n| WallyTryHard|wallytryhard\n|n| AtomX7VGC|atomx7vgc\n|n| WeirdPolyCouple|weirdpolycouple\n|n| AmongusMaster5678|amongusmaster5678\n|n| showdowntemp2023|showdowntemp2023\n|c| WallyTryHard|wp\n|l| WallyTryHard\n|c|\u2606CachimbitaRica|Gg\n|l|\u2606CachimbitaRica\n|l| Grewt\n|l| showdowntemp2023\n|l| AtomX7VGC\n|j| sovietic test\n|l| WeirdPolyCouple\n|l| AmongusMaster5678\n|l| sovietic test\n|j| Nutralstar\n|l| Nutralstar\n|j| Nutralstar\n","uploadtime":1683429721,"views":16,"p1id":"cachimbitarica","p2id":"esotilin123456","formatid":"gen9vgc2023regulationc","rating":0,"private":0,"password":""}