{"id":"gen9vgc2023regulationc-1857077652","p1":"SpeedyLinguine","p2":"sgarli74","format":"[Gen 9] VGC 2023 Regulation C","log":"|j|\u2606SpeedyLinguine\n|j|\u2606sgarli74\n|t:|1683143561\n|gametype|doubles\n|player|p1|SpeedyLinguine|hoopster|1173\n|player|p2|sgarli74|2|1217\n|teamsize|p1|6\n|teamsize|p2|6\n|gen|9\n|tier|[Gen 9] VGC 2023 Regulation C\n|rated|\n|rule|Species Clause: Limit one of each Pok\u00e9mon\n|rule|Item Clause: Limit one of each item\n|clearpoke\n|poke|p1|Pelipper, L50, F|\n|poke|p1|Amoonguss, L50, F|\n|poke|p1|Flutter Mane, L50|\n|poke|p1|Floatzel, L50, M|\n|poke|p1|Iron Hands, L50|\n|poke|p1|Gholdengo, L50|\n|poke|p2|Garchomp, L50, M|\n|poke|p2|Gyarados, L50, F|\n|poke|p2|Talonflame, L50, F|\n|poke|p2|Kingambit, L50, M|\n|poke|p2|Chien-Pao, L50|\n|poke|p2|Amoonguss, L50, F|\n|teampreview|4\nSpeedyLinguine has agreed to open team sheets.\n|c|\u2606sgarli74|gl\nsgarli74 has agreed to open team sheets.\n|inactive|Battle timer is ON: inactive players will automatically lose when time's up. (requested by SpeedyLinguine)\n|\n|t:|1683143635\n|start\n|switch|p1a: El Nadador|Floatzel, L50, M|100\/100\n|switch|p1b: The Jordan of VGC|Pelipper, L50, F|100\/100\n|switch|p2a: Gyarados|Gyarados, L50, F|100\/100\n|switch|p2b: Kingambit|Kingambit, L50, M|100\/100\n|-ability|p2a: Gyarados|Intimidate|boost\n|-unboost|p1a: El Nadador|atk|1\n|-unboost|p1b: The Jordan of VGC|atk|1\n|-weather|RainDance|[from] ability: Drizzle|[of] p1b: The Jordan of VGC\n|turn|1\n|inactive|sgarli74 has 30 seconds left.\n|\n|t:|1683143664\n|-terastallize|p1a: El Nadador|Water\n|move|p1a: El Nadador|Wave Crash|p2b: Kingambit\n|-damage|p2b: Kingambit|16\/100\n|-damage|p1a: El Nadador|65\/100|[from] Recoil\n|move|p2a: Gyarados|Dragon Dance|p2a: Gyarados\n|-boost|p2a: Gyarados|atk|1\n|-boost|p2a: Gyarados|spe|1\n|move|p1b: The Jordan of VGC|Tailwind|p1b: The Jordan of VGC\n|-sidestart|p1: SpeedyLinguine|move: Tailwind\n|move|p2b: Kingambit|Swords Dance|p2b: Kingambit\n|-boost|p2b: Kingambit|atk|2\n|\n|-weather|RainDance|[upkeep]\n|upkeep\n|turn|2\n|inactive|sgarli74 has 30 seconds left.\n|inactive|sgarli74 has 20 seconds left.\n|inactive|sgarli74 has 15 seconds left.\n|\n|t:|1683143706\n|switch|p1a: obligatory Paradox|Iron Hands, L50|100\/100\n|-enditem|p1a: obligatory Paradox|Booster Energy\n|-activate|p1a: obligatory Paradox|ability: Quark Drive|[fromitem]\n|-start|p1a: obligatory Paradox|quarkdriveatk\n|move|p2b: Kingambit|Sucker Punch||[still]\n|-fail|p2b: Kingambit\n|move|p1b: The Jordan of VGC|Hydro Pump|p2b: Kingambit\n|-damage|p2b: Kingambit|0 fnt\n|faint|p2b: Kingambit\n|move|p2a: Gyarados|Tera Blast|p1b: The Jordan of VGC\n|-damage|p1b: The Jordan of VGC|87\/100\n|\n|-weather|RainDance|[upkeep]\n|upkeep\n|inactive|sgarli74 has 30 seconds left.\n|\n|t:|1683143735\n|switch|p2b: Amoonguss|Amoonguss, L50, F|100\/100\n|turn|3\n|\n|t:|1683143745\n|move|p2a: Gyarados|Protect|p2a: Gyarados\n|-singleturn|p2a: Gyarados|Protect\n|move|p1a: obligatory Paradox|Fake Out|p2b: Amoonguss\n|-damage|p2b: Amoonguss|84\/100\n|move|p1b: The Jordan of VGC|Hurricane|p2b: Amoonguss\n|-supereffective|p2b: Amoonguss\n|-damage|p2b: Amoonguss|15\/100\n|-enditem|p2b: Amoonguss|Sitrus Berry|[eat]\n|-heal|p2b: Amoonguss|40\/100|[from] item: Sitrus Berry\n|cant|p2b: Amoonguss|flinch\n|\n|-weather|RainDance|[upkeep]\n|upkeep\n|turn|4\n|\n|t:|1683143761\n|switch|p2b: Chien-Pao|Chien-Pao, L50|100\/100\n|-ability|p2b: Chien-Pao|Sword of Ruin\n|-terastallize|p2a: Gyarados|Grass\n|move|p1b: The Jordan of VGC|Hurricane|p2b: Chien-Pao\n|-crit|p2b: Chien-Pao\n|-damage|p2b: Chien-Pao|2\/100\n|move|p2a: Gyarados|Waterfall|p1a: obligatory Paradox\n|-damage|p1a: obligatory Paradox|15\/100\n|move|p1a: obligatory Paradox|Wild Charge|p2a: Gyarados\n|-resisted|p2a: Gyarados\n|-damage|p2a: Gyarados|52\/100\n|-damage|p1a: obligatory Paradox|6\/100|[from] Recoil\n|\n|-weather|RainDance|[upkeep]\n|-sideend|p1: SpeedyLinguine|move: Tailwind\n|upkeep\n|turn|5\n|\n|t:|1683143784\n|move|p1a: obligatory Paradox|Detect|p1a: obligatory Paradox\n|-singleturn|p1a: obligatory Paradox|Protect\n|move|p2b: Chien-Pao|Ice Spinner|p1b: The Jordan of VGC\n|-damage|p1b: The Jordan of VGC|38\/100\n|move|p2a: Gyarados|Waterfall|p1a: obligatory Paradox\n|-activate|p1a: obligatory Paradox|move: Protect\n|move|p1b: The Jordan of VGC|Hurricane|p2a: Gyarados\n|-supereffective|p2a: Gyarados\n|-damage|p2a: Gyarados|0 fnt\n|faint|p2a: Gyarados\n|\n|-weather|RainDance|[upkeep]\n|upkeep\n|\n|t:|1683143787\n|switch|p2a: Amoonguss|Amoonguss, L50, F|74\/100\n|turn|6\n|inactive|SpeedyLinguine has 30 seconds left.\n|\n|t:|1683143813\n|move|p1b: The Jordan of VGC|Protect|p1b: The Jordan of VGC\n|-singleturn|p1b: The Jordan of VGC|Protect\n|move|p2b: Chien-Pao|Ice Spinner|p1b: The Jordan of VGC\n|-activate|p1b: The Jordan of VGC|move: Protect\n|move|p1a: obligatory Paradox|Drain Punch|p2b: Chien-Pao\n|-supereffective|p2b: Chien-Pao\n|-damage|p2b: Chien-Pao|0 fnt\n|-heal|p1a: obligatory Paradox|7\/100|[from] drain|[of] p2b: Chien-Pao\n|faint|p2b: Chien-Pao\n|move|p2a: Amoonguss|Pollen Puff|p1a: obligatory Paradox\n|-resisted|p1a: obligatory Paradox\n|-damage|p1a: obligatory Paradox|0 fnt\n|faint|p1a: obligatory Paradox\n|-end|p1a: obligatory Paradox|Quark Drive|[silent]\n|\n|-weather|RainDance|[upkeep]\n|upkeep\n|-message|sgarli74 forfeited.\n|\n|win|SpeedyLinguine\n|raw|SpeedyLinguine's rating: 1173 → 1201<\/strong> (+28 for winning)\n|raw|sgarli74's rating: 1217 → 1189<\/strong> (-28 for losing)\n|l|\u2606sgarli74\n","uploadtime":1683143828,"views":10,"p1id":"speedylinguine","p2id":"sgarli74","formatid":"gen9vgc2023regulationc","rating":1189,"private":0,"password":""}