{"id":"gen9vgc2023regulationc-1857380082","p1":"Most Bread","p2":"DarkPine60","format":"[Gen 9] VGC 2023 Regulation C","log":"|j|\u2606Most Bread\n|j|\u2606DarkPine60\n|t:|1683183478\n|gametype|doubles\n|player|p1|Most Bread|janitor|1431\n|player|p2|DarkPine60|drayden|1466\n|teamsize|p1|6\n|teamsize|p2|6\n|gen|9\n|tier|[Gen 9] VGC 2023 Regulation C\n|rated|\n|rule|Species Clause: Limit one of each Pok\u00e9mon\n|rule|Item Clause: Limit one of each item\n|clearpoke\n|poke|p1|Farigiraf, L50, M|\n|poke|p1|Rotom-Wash, L50|\n|poke|p1|Ceruledge, L50, F|\n|poke|p1|Scizor, L50, M|\n|poke|p1|Iron Hands, L50|\n|poke|p1|Glimmora, L50, F|\n|poke|p2|Chien-Pao, L50|\n|poke|p2|Palafin, L50, F|\n|poke|p2|Corviknight, L50, F|\n|poke|p2|Volcarona, L50, M|\n|poke|p2|Gothitelle, L50, F|\n|poke|p2|Iron Hands, L50|\n|teampreview|4\n|inactive|Battle timer is ON: inactive players will automatically lose when time's up. (requested by DarkPine60)\n|inactive|DarkPine60 has 60 seconds left.\n|inactive|DarkPine60 has 30 seconds left.\nDarkPine60 has agreed to open team sheets.\n|inactive|DarkPine60 has 20 seconds left.\n|inactive|DarkPine60 has 15 seconds left.\n|inactive|DarkPine60 has 10 seconds left.\n|inactive|DarkPine60 has 5 seconds left.\n|\n|t:|1683183567\n|start\n|switch|p1a: Ceruledge|Ceruledge, L50, F, shiny|100\/100\n|switch|p1b: Scizor|Scizor, L50, M, shiny|100\/100\n|switch|p2a: Palafin|Palafin, L50, F, shiny|100\/100\n|switch|p2b: Chien-Pao|Chien-Pao, L50|100\/100\n|-ability|p2b: Chien-Pao|Sword of Ruin\n|turn|1\n|inactive|Most Bread has 30 seconds left.\n|\n|t:|1683183600\n|-terastallize|p1a: Ceruledge|Grass\n|move|p2b: Chien-Pao|Ice Spinner|p1a: Ceruledge\n|-supereffective|p1a: Ceruledge\n|-damage|p1a: Ceruledge|0 fnt\n|faint|p1a: Ceruledge\n|move|p2a: Palafin|Wave Crash|p1b: Scizor\n|-damage|p1b: Scizor|30\/100\n|-damage|p2a: Palafin|80\/100|[from] Recoil\n|move|p1b: Scizor|Swords Dance|p1b: Scizor\n|-boost|p1b: Scizor|atk|2\n|\n|upkeep\n|\n|t:|1683183611\n|switch|p1a: Rotom|Rotom-Wash, L50, shiny|100\/100\n|turn|2\n|\n|t:|1683183622\n|detailschange|p2a: Palafin|Palafin-Hero, L50, F, shiny\n|switch|p2a: Iron Hands|Iron Hands, L50|100\/100\n|move|p2b: Chien-Pao|Protect|p2b: Chien-Pao\n|-singleturn|p2b: Chien-Pao|Protect\n|move|p1b: Scizor|Bullet Punch|p2b: Chien-Pao\n|-activate|p2b: Chien-Pao|move: Protect\n|move|p1a: Rotom|Reflect|p1a: Rotom\n|-sidestart|p1: Most Bread|Reflect\n|\n|upkeep\n|turn|3\n|\n|t:|1683183635\n|move|p2b: Chien-Pao|Sucker Punch|p1b: Scizor\n|-crit|p1b: Scizor\n|-damage|p1b: Scizor|0 fnt\n|faint|p1b: Scizor\n|move|p1a: Rotom|Thunderbolt|p2b: Chien-Pao\n|-damage|p2b: Chien-Pao|34\/100\n|move|p2a: Iron Hands|Drain Punch|p1a: Rotom\n|-damage|p1a: Rotom|62\/100\n|\n|upkeep\n|\n|t:|1683183643\n|switch|p1b: Glimmora|Glimmora, L50, F, shiny|100\/100\n|turn|4\n|\n|t:|1683183661\n|move|p2b: Chien-Pao|Protect|p2b: Chien-Pao\n|-singleturn|p2b: Chien-Pao|Protect\n|move|p1a: Rotom|Thunderbolt|p2b: Chien-Pao\n|-activate|p2b: Chien-Pao|move: Protect\n|move|p1b: Glimmora|Earth Power|p2a: Iron Hands\n|-supereffective|p2a: Iron Hands\n|-damage|p2a: Iron Hands|70\/100\n|move|p2a: Iron Hands|Drain Punch|p1a: Rotom\n|-crit|p1a: Rotom\n|-damage|p1a: Rotom|0 fnt\n|-heal|p2a: Iron Hands|90\/100|[from] drain|[of] p1a: Rotom\n|faint|p1a: Rotom\n|\n|upkeep\n|turn|5\n|-message|Most Bread forfeited.\n|\n|win|DarkPine60\n|raw|Most Bread's rating: 1431 → 1413<\/strong> (-18 for losing)\n|raw|DarkPine60's rating: 1466 → 1484<\/strong> (+18 for winning)\n|l|mostbread\n","uploadtime":1683183685,"views":7,"p1id":"mostbread","p2id":"darkpine60","formatid":"gen9vgc2023regulationc","rating":1413,"private":0,"password":""}