{"id":"gen9vgc2023regulationc-1853071236","p1":"Bdogplatinum","p2":"NinjaTrain","format":"[Gen 9] VGC 2023 Regulation C","log":"|j|\u2606Bdogplatinum\n|j|\u2606NinjaTrain\n|t:|1682631755\n|gametype|doubles\n|player|p1|Bdogplatinum|cress|1503\n|player|p2|NinjaTrain|169|1583\n|teamsize|p1|6\n|teamsize|p2|6\n|gen|9\n|tier|[Gen 9] VGC 2023 Regulation C\n|rated|\n|rule|Species Clause: Limit one of each Pok\u00e9mon\n|rule|Item Clause: Limit one of each item\n|clearpoke\n|poke|p1|Iron Valiant, L50|\n|poke|p1|Bellibolt, L50, M|\n|poke|p1|Gyarados, L50, F|\n|poke|p1|Corviknight, L50, F|\n|poke|p1|Chi-Yu, L50|\n|poke|p1|Wo-Chien, L50|\n|poke|p2|Flutter Mane, L50|\n|poke|p2|Gothitelle, L50, F|\n|poke|p2|Great Tusk, L50|\n|poke|p2|Chi-Yu, L50|\n|poke|p2|Azumarill, L50, M|\n|poke|p2|Torkoal, L50, F|\n|teampreview|4\n|inactive|Battle timer is ON: inactive players will automatically lose when time's up. (requested by NinjaTrain)\n|\n|t:|1682631786\n|start\n|switch|p1a: Bellibolt|Bellibolt, L50, M|100\/100\n|switch|p1b: Chi-Yu|Chi-Yu, L50|100\/100\n|switch|p2a: Flutter Mane|Flutter Mane, L50|100\/100\n|switch|p2b: Chi-Yu|Chi-Yu, L50|100\/100\n|-ability|p1b: Chi-Yu|Beads of Ruin\n|-ability|p2b: Chi-Yu|Beads of Ruin\n|turn|1\n|\n|t:|1682631813\n|-terastallize|p1a: Bellibolt|Water\n|move|p1b: Chi-Yu|Heat Wave|p2b: Chi-Yu|[spread] p2a\n|-miss|p1b: Chi-Yu|p2b: Chi-Yu\n|-damage|p2a: Flutter Mane|59\/100\n|-status|p2a: Flutter Mane|brn\n|move|p2b: Chi-Yu|Flamethrower|p1a: Bellibolt\n|-resisted|p1a: Bellibolt\n|-damage|p1a: Bellibolt|83\/100\n|-start|p1a: Bellibolt|Charge|Flamethrower|[from] ability: Electromorphosis\n|move|p2a: Flutter Mane|Shadow Ball|p1a: Bellibolt\n|-damage|p1a: Bellibolt|57\/100\n|-unboost|p1a: Bellibolt|spd|1\n|-start|p1a: Bellibolt|Charge|Shadow Ball|[from] ability: Electromorphosis\n|move|p1a: Bellibolt|Parabolic Charge|p2a: Flutter Mane|[spread] p1b,p2a,p2b\n|-damage|p1b: Chi-Yu|61\/100\n|-heal|p1a: Bellibolt|71\/100|[from] drain|[of] p1b: Chi-Yu\n|-damage|p2a: Flutter Mane|16\/100 brn\n|-heal|p1a: Bellibolt|88\/100|[from] drain|[of] p2a: Flutter Mane\n|-damage|p2b: Chi-Yu|54\/100\n|-heal|p1a: Bellibolt|100\/100|[from] drain|[of] p2b: Chi-Yu\n|-end|p1a: Bellibolt|Charge|[silent]\n|\n|-damage|p2a: Flutter Mane|10\/100 brn|[from] brn\n|upkeep\n|turn|2\n|inactive|NinjaTrain has 30 seconds left.\n|\n|t:|1682631840\n|move|p2a: Flutter Mane|Protect|p2a: Flutter Mane\n|-singleturn|p2a: Flutter Mane|Protect\n|move|p1b: Chi-Yu|Heat Wave|p2a: Flutter Mane|[spread] p2b\n|-activate|p2a: Flutter Mane|move: Protect\n|-resisted|p2b: Chi-Yu\n|-damage|p2b: Chi-Yu|32\/100\n|move|p2b: Chi-Yu|Dark Pulse|p1a: Bellibolt\n|-damage|p1a: Bellibolt|58\/100\n|-start|p1a: Bellibolt|Charge|Dark Pulse|[from] ability: Electromorphosis\n|move|p1a: Bellibolt|Volt Switch|p2b: Chi-Yu\n|-damage|p2b: Chi-Yu|0 fnt\n|faint|p2b: Chi-Yu\n|-end|p1a: Bellibolt|Charge|[silent]\n|\n|t:|1682631853\n|switch|p1a: Corviknight|Corviknight, L50, F|100\/100|[from] Volt Switch\n|\n|-damage|p2a: Flutter Mane|4\/100 brn|[from] brn\n|upkeep\n|\n|t:|1682631858\n|switch|p2b: Azumarill|Azumarill, L50, M|100\/100\n|turn|3\n|\n|t:|1682631867\n|switch|p1b: Gyarados|Gyarados, L50, F|100\/100\n|-ability|p1b: Gyarados|Intimidate|boost\n|-unboost|p2a: Flutter Mane|atk|1\n|-unboost|p2b: Azumarill|atk|1\n|-end|p2a: Flutter Mane|Protosynthesis|[silent]\n|switch|p2a: Gothitelle|Gothitelle, L50, F|100\/100\n|move|p1a: Corviknight|Iron Head|p2b: Azumarill\n|-damage|p2b: Azumarill|76\/100\n|move|p2b: Azumarill|Perish Song|p2b: Azumarill\n|-start|p1a: Corviknight|perish3|[silent]\n|-start|p1b: Gyarados|perish3|[silent]\n|-start|p2a: Gothitelle|perish3|[silent]\n|-start|p2b: Azumarill|perish3|[silent]\n|-fieldactivate|move: Perish Song\n|\n|-heal|p2b: Azumarill|82\/100|[from] item: Leftovers\n|-start|p1b: Gyarados|perish3\n|-start|p1a: Corviknight|perish3\n|-start|p2a: Gothitelle|perish3\n|-start|p2b: Azumarill|perish3\n|upkeep\n|turn|4\n|\n|t:|1682631887\n|switch|p2b: Flutter Mane|Flutter Mane, L50|4\/100 brn\n|move|p2a: Gothitelle|Fake Out|p1b: Gyarados\n|-damage|p1b: Gyarados|95\/100\n|cant|p1b: Gyarados|flinch\n|move|p1a: Corviknight|Brave Bird|p2a: Gothitelle\n|-damage|p2a: Gothitelle|68\/100\n|-damage|p1a: Corviknight|91\/100|[from] Recoil\n|\n|-damage|p2b: Flutter Mane|0 fnt|[from] brn\n|faint|p2b: Flutter Mane\n|-end|p2b: Flutter Mane|Protosynthesis|[silent]\n|-start|p1b: Gyarados|perish2\n|-start|p1a: Corviknight|perish2\n|-start|p2a: Gothitelle|perish2\n|upkeep\n|\n|t:|1682631896\n|switch|p2b: Azumarill|Azumarill, L50, M|82\/100\n|turn|5\n|c|\u2606Bdogplatinum|gg\n|\n|t:|1682631916\n|-terastallize|p2b: Azumarill|Steel\n|move|p2a: Gothitelle|Protect|p2a: Gothitelle\n|-singleturn|p2a: Gothitelle|Protect\n|move|p1b: Gyarados|Taunt|p2a: Gothitelle\n|-activate|p2a: Gothitelle|move: Protect\n|move|p1a: Corviknight|Iron Head|p2b: Azumarill\n|-resisted|p2b: Azumarill\n|-damage|p2b: Azumarill|69\/100\n|cant|p2b: Azumarill|flinch\n|\n|-heal|p2b: Azumarill|75\/100|[from] item: Leftovers\n|-start|p1b: Gyarados|perish1\n|-start|p1a: Corviknight|perish1\n|-start|p2a: Gothitelle|perish1\n|upkeep\n|turn|6\n|\n|t:|1682631931\n|move|p2b: Azumarill|Protect|p2b: Azumarill\n|-singleturn|p2b: Azumarill|Protect\n|move|p1b: Gyarados|Taunt|p2b: Azumarill\n|-activate|p2b: Azumarill|move: Protect\n|move|p1a: Corviknight|Iron Head|p2a: Gothitelle\n|-damage|p2a: Gothitelle|46\/100\n|-enditem|p2a: Gothitelle|Sitrus Berry|[eat]\n|-heal|p2a: Gothitelle|71\/100|[from] item: Sitrus Berry\n|move|p2a: Gothitelle|Psychic|p1b: Gyarados\n|-damage|p1b: Gyarados|72\/100\n|\n|-heal|p2b: Azumarill|81\/100|[from] item: Leftovers\n|-start|p1b: Gyarados|perish0\n|-start|p1a: Corviknight|perish0\n|-start|p2a: Gothitelle|perish0\n|faint|p1b: Gyarados\n|faint|p1a: Corviknight\n|faint|p2a: Gothitelle\n|upkeep\n|\n|t:|1682631933\n|switch|p1b: Bellibolt|Bellibolt, L50, M, tera:Water|58\/100\n|switch|p1a: Chi-Yu|Chi-Yu, L50|61\/100\n|-ability|p1a: Chi-Yu|Beads of Ruin\n|turn|7\n|\n|t:|1682631957\n|move|p2b: Azumarill|Aqua Jet|p1a: Chi-Yu\n|-supereffective|p1a: Chi-Yu\n|-damage|p1a: Chi-Yu|38\/100\n|move|p1a: Chi-Yu|Overheat|p2b: Azumarill\n|-supereffective|p2b: Azumarill\n|-damage|p2b: Azumarill|0 fnt\n|-unboost|p1a: Chi-Yu|spa|2\n|faint|p2b: Azumarill\n|\n|win|Bdogplatinum\n|raw|Bdogplatinum's rating: 1503 → 1528<\/strong> (+25 for winning)\n|raw|NinjaTrain's rating: 1583 → 1558<\/strong> (-25 for losing)\n","uploadtime":1682631963,"views":14,"p1id":"bdogplatinum","p2id":"ninjatrain","formatid":"gen9vgc2023regulationc","rating":1528,"private":0,"password":""}