{"id":"gen9vgc2023regulationc-1851463992","p1":"Ryski51","p2":"PkmnTrainerHotPink","format":"[Gen 9] VGC 2023 Regulation C","log":"|j|\u2606Ryski51\n|j|\u2606PkmnTrainerHotPink\n|t:|1682447238\n|gametype|doubles\n|player|p1|Ryski51|lance|1041\n|player|p2|PkmnTrainerHotPink|cynthia|1076\n|teamsize|p1|6\n|teamsize|p2|6\n|gen|9\n|tier|[Gen 9] VGC 2023 Regulation C\n|rated|\n|rule|Species Clause: Limit one of each Pok\u00e9mon\n|rule|Item Clause: Limit one of each item\n|clearpoke\n|poke|p1|Flutter Mane, L50|\n|poke|p1|Arcanine, L50, F|\n|poke|p1|Great Tusk, L50|\n|poke|p1|Chi-Yu, L50|\n|poke|p1|Murkrow, L50, M|\n|poke|p1|Bellibolt, L50, F|\n|poke|p2|Baxcalibur, L50, F|\n|poke|p2|Flutter Mane, L50|\n|poke|p2|Gyarados, L50, F|\n|poke|p2|Ting-Lu, L50|\n|poke|p2|Amoonguss, L50, F|\n|poke|p2|Arcanine, L50, F|\n|teampreview|4\n|inactive|Battle timer is ON: inactive players will automatically lose when time's up. (requested by PkmnTrainerHotPink)\nPkmnTrainerHotPink has agreed to open team sheets.\nRyski51 has agreed to open team sheets.\n|\n|t:|1682447265\n|start\n|switch|p1a: Murkrow|Murkrow, L50, M, shiny|100\/100\n|switch|p1b: Bellibolt|Bellibolt, L50, F|100\/100\n|switch|p2a: Inuyasha|Ting-Lu, L50|100\/100\n|switch|p2b: Sesshomaru|Gyarados, L50, F, shiny|100\/100\n|-ability|p2b: Sesshomaru|Intimidate|boost\n|-unboost|p1a: Murkrow|atk|1\n|-unboost|p1b: Bellibolt|atk|1\n|-ability|p2a: Inuyasha|Vessel of Ruin\n|turn|1\n|inactive|PkmnTrainerHotPink has 30 seconds left.\n|\n|t:|1682447299\n|switch|p1b: Arcanine|Arcanine, L50, F|100\/100\n|-ability|p1b: Arcanine|Intimidate|boost\n|-unboost|p2a: Inuyasha|atk|1\n|-unboost|p2b: Sesshomaru|atk|1\n|move|p2b: Sesshomaru|Protect|p2b: Sesshomaru\n|-singleturn|p2b: Sesshomaru|Protect\n|move|p1a: Murkrow|Taunt|p2b: Sesshomaru\n|-activate|p2b: Sesshomaru|move: Protect\n|move|p2a: Inuyasha|Heavy Slam|p1a: Murkrow\n|-damage|p1a: Murkrow|42\/100\n|\n|upkeep\n|turn|2\n|inactive|Ryski51 has 30 seconds left.\n|inactive|PkmnTrainerHotPink has 30 seconds left.\n|inactive|PkmnTrainerHotPink has 20 seconds left.\n|inactive|PkmnTrainerHotPink has 15 seconds left.\n|\n|t:|1682447340\n|switch|p2b: Flutter Mane|Flutter Mane, L50|100\/100\n|move|p1a: Murkrow|Tailwind|p1a: Murkrow\n|-sidestart|p1: Ryski51|move: Tailwind\n|move|p1b: Arcanine|Wild Charge|p2b: Flutter Mane\n|-damage|p2b: Flutter Mane|61\/100\n|-damage|p1b: Arcanine|91\/100|[from] Recoil\n|move|p2a: Inuyasha|Heavy Slam|p1a: Murkrow\n|-damage|p1a: Murkrow|0 fnt\n|faint|p1a: Murkrow\n|\n|upkeep\n|inactive|Ryski51 has 30 seconds left.\n|\n|t:|1682447367\n|switch|p1a: Bellibolt|Bellibolt, L50, F|100\/100\n|turn|3\n|inactive|PkmnTrainerHotPink has 30 seconds left.\n|\n|t:|1682447394\n|-end|p2b: Flutter Mane|Protosynthesis|[silent]\n|switch|p2b: Sesshomaru|Gyarados, L50, F, shiny|100\/100\n|-ability|p2b: Sesshomaru|Intimidate|boost\n|-unboost|p1a: Bellibolt|atk|1\n|-unboost|p1b: Arcanine|atk|1\n|move|p1b: Arcanine|Flare Blitz|p2b: Sesshomaru\n|-resisted|p2b: Sesshomaru\n|-damage|p2b: Sesshomaru|81\/100\n|-damage|p1b: Arcanine|84\/100|[from] Recoil\n|move|p1a: Bellibolt|Muddy Water|p2a: Inuyasha|[spread] p2a,p2b\n|-supereffective|p2a: Inuyasha\n|-resisted|p2b: Sesshomaru\n|-crit|p2b: Sesshomaru\n|-damage|p2a: Inuyasha|85\/100\n|-damage|p2b: Sesshomaru|69\/100\n|-unboost|p2b: Sesshomaru|accuracy|1\n|move|p2a: Inuyasha|Earthquake|p1b: Arcanine|[spread] p1a,p1b\n|-immune|p2b: Sesshomaru\n|-supereffective|p1a: Bellibolt\n|-supereffective|p1b: Arcanine\n|-damage|p1a: Bellibolt|58\/100\n|-damage|p1b: Arcanine|24\/100\n|-start|p1a: Bellibolt|Charge|Earthquake|[from] ability: Electromorphosis\n|\n|upkeep\n|turn|4\n|inactive|Ryski51 has 30 seconds left.\n|inactive|PkmnTrainerHotPink has 30 seconds left.\n|inactive|Ryski51 has 20 seconds left.\n|inactive|Ryski51 has 15 seconds left.\n|\n|t:|1682447435\n|-terastallize|p1a: Bellibolt|Flying\n|move|p2b: Sesshomaru|Protect|p2b: Sesshomaru\n|-singleturn|p2b: Sesshomaru|Protect\n|move|p1b: Arcanine|Flare Blitz|p2a: Inuyasha\n|-damage|p2a: Inuyasha|64\/100\n|-damage|p1b: Arcanine|14\/100|[from] Recoil\n|move|p1a: Bellibolt|Parabolic Charge|p2b: Sesshomaru|[spread] p1b\n|-activate|p2b: Sesshomaru|move: Protect\n|-immune|p2a: Inuyasha\n|-damage|p1b: Arcanine|0 fnt\n|-heal|p1a: Bellibolt|65\/100|[from] drain|[of] p1b: Arcanine\n|faint|p1b: Arcanine\n|-end|p1a: Bellibolt|Charge|[silent]\n|move|p2a: Inuyasha|Earthquake|p1a: Bellibolt|[spread] \n|-activate|p2b: Sesshomaru|move: Protect\n|-immune|p1a: Bellibolt\n|\n|upkeep\n|\n|t:|1682447452\n|switch|p1b: Flutter Mane|Flutter Mane, L50|100\/100\n|turn|5\n|inactive|PkmnTrainerHotPink has 30 seconds left.\n|\n|t:|1682447482\n|switch|p2b: Kagoma|Amoonguss, L50, F|100\/100\n|move|p1b: Flutter Mane|Moonblast|p2a: Inuyasha\n|-supereffective|p2a: Inuyasha\n|-damage|p2a: Inuyasha|9\/100\n|move|p1a: Bellibolt|Muddy Water|p2b: Kagoma|[spread] p2a,p2b\n|-supereffective|p2a: Inuyasha\n|-resisted|p2b: Kagoma\n|-damage|p2a: Inuyasha|0 fnt\n|-damage|p2b: Kagoma|94\/100\n|faint|p2a: Inuyasha\n|\n|-sideend|p1: Ryski51|move: Tailwind\n|upkeep\n|\n|t:|1682447493\n|switch|p2a: Sesshomaru|Gyarados, L50, F, shiny|69\/100\n|-ability|p2a: Sesshomaru|Intimidate|boost\n|-unboost|p1a: Bellibolt|atk|1\n|-unboost|p1b: Flutter Mane|atk|1\n|turn|6\n|\n|t:|1682447508\n|move|p2a: Sesshomaru|Protect|p2a: Sesshomaru\n|-singleturn|p2a: Sesshomaru|Protect\n|move|p1b: Flutter Mane|Moonblast|p2b: Kagoma\n|-resisted|p2b: Kagoma\n|-damage|p2b: Kagoma|61\/100\n|move|p1a: Bellibolt|Parabolic Charge|p2a: Sesshomaru|[spread] p1b,p2b\n|-activate|p2a: Sesshomaru|move: Protect\n|-resisted|p2b: Kagoma\n|-damage|p1b: Flutter Mane|77\/100\n|-heal|p1a: Bellibolt|75\/100|[from] drain|[of] p1b: Flutter Mane\n|-damage|p2b: Kagoma|52\/100\n|-heal|p1a: Bellibolt|81\/100|[from] drain|[of] p2b: Kagoma\n|move|p2b: Kagoma|Spore|p1a: Bellibolt\n|-status|p1a: Bellibolt|slp|[from] move: Spore\n|\n|upkeep\n|turn|7\n|inactive|PkmnTrainerHotPink has 30 seconds left.\n|\n|t:|1682447541\n|-terastallize|p2a: Sesshomaru|Steel\n|move|p2b: Kagoma|Protect|p2b: Kagoma\n|-singleturn|p2b: Kagoma|Protect\n|move|p1b: Flutter Mane|Moonblast|p2a: Sesshomaru\n|-resisted|p2a: Sesshomaru\n|-damage|p2a: Sesshomaru|36\/100\n|move|p2a: Sesshomaru|Iron Head|p1b: Flutter Mane\n|-supereffective|p1b: Flutter Mane\n|-damage|p1b: Flutter Mane|0 fnt\n|faint|p1b: Flutter Mane\n|-end|p1b: Flutter Mane|Protosynthesis|[silent]\n|cant|p1a: Bellibolt|slp\n|\n|upkeep\n|turn|8\n|inactive|PkmnTrainerHotPink has 30 seconds left.\n|\n|t:|1682447567\n|move|p2a: Sesshomaru|Iron Head|p1a: Bellibolt\n|-damage|p1a: Bellibolt|43\/100 slp\n|-start|p1a: Bellibolt|Charge|Iron Head|[from] ability: Electromorphosis\n|-curestatus|p1a: Bellibolt|slp|[msg]\n|move|p1a: Bellibolt|Parabolic Charge|p2b: Kagoma|[spread] p2a,p2b\n|-resisted|p2b: Kagoma\n|-damage|p2a: Sesshomaru|0 fnt\n|-heal|p1a: Bellibolt|63\/100|[from] drain|[of] p2a: Sesshomaru\n|-damage|p2b: Kagoma|32\/100\n|-heal|p1a: Bellibolt|77\/100|[from] drain|[of] p2b: Kagoma\n|faint|p2a: Sesshomaru\n|-end|p1a: Bellibolt|Charge|[silent]\n|move|p2b: Kagoma|Pollen Puff|p2: Sesshomaru|[notarget]\n|-fail|p2b: Kagoma\n|\n|upkeep\n|\n|t:|1682447581\n|switch|p2a: Flutter Mane|Flutter Mane, L50|61\/100\n|turn|9\n|\n|t:|1682447591\n|move|p1a: Bellibolt|Protect|p1a: Bellibolt\n|-singleturn|p1a: Bellibolt|Protect\n|move|p2a: Flutter Mane|Power Gem|p1a: Bellibolt\n|-activate|p1a: Bellibolt|move: Protect\n|move|p2b: Kagoma|Spore|p1a: Bellibolt\n|-activate|p1a: Bellibolt|move: Protect\n|\n|upkeep\n|turn|10\n|\n|t:|1682447599\n|move|p2a: Flutter Mane|Power Gem|p1a: Bellibolt\n|-supereffective|p1a: Bellibolt\n|-damage|p1a: Bellibolt|0 fnt\n|faint|p1a: Bellibolt\n|\n|win|PkmnTrainerHotPink\n|raw|Ryski51's rating: 1041 → 1026<\/strong> (-15 for losing)\n|raw|PkmnTrainerHotPink's rating: 1076 → 1102<\/strong> (+26 for winning)\n|l|\u2606Ryski51\n|c|\u2606PkmnTrainerHotPink|gg\n","uploadtime":1682447631,"views":7,"p1id":"ryski51","p2id":"pkmntrainerhotpink","formatid":"gen9vgc2023regulationc","rating":1026,"private":0,"password":""}