{"id":"gen9vgc2023regulationc-1856488725","p1":"Keveloper","p2":"HappyduckJJ","format":"[Gen 9] VGC 2023 Regulation C","log":"|j|\u2606Keveloper\n|j|\u2606HappyduckJJ\n|t:|1683067179\n|gametype|doubles\n|player|p1|Keveloper|lucas|\n|player|p2|HappyduckJJ|chase|\n|teamsize|p1|6\n|teamsize|p2|6\n|gen|9\n|tier|[Gen 9] VGC 2023 Regulation C\n|rule|Species Clause: Limit one of each Pok\u00e9mon\n|rule|Item Clause: Limit one of each item\n|clearpoke\n|poke|p1|Orthworm, L50, F|\n|poke|p1|Dragonite, L50, M|\n|poke|p1|Ting-Lu, L50|\n|poke|p1|Gyarados, L50, F|\n|poke|p1|Flutter Mane, L50|\n|poke|p1|Chien-Pao, L50|\n|poke|p2|Glimmora, L50, F|\n|poke|p2|Iron Bundle, L50|\n|poke|p2|Wo-Chien, L50|\n|poke|p2|Arcanine, L50, F|\n|poke|p2|Dondozo, L50, F|\n|poke|p2|Tatsugiri, L50, M|\n|teampreview|4\nHappyduckJJ has agreed to open team sheets.\nKeveloper has agreed to open team sheets.\n|\n|t:|1683067282\n|start\n|switch|p1a: Dragonite|Dragonite, L50, M|100\/100\n|switch|p1b: Chien-Pao|Chien-Pao, L50|100\/100\n|switch|p2a: Glimmora|Glimmora, L50, F|100\/100\n|switch|p2b: Woah-Chien|Wo-Chien, L50|100\/100\n|-ability|p1b: Chien-Pao|Sword of Ruin\n|-ability|p2b: Woah-Chien|Tablets of Ruin\n|turn|1\n|\n|t:|1683067357\n|-terastallize|p2a: Glimmora|Grass\n|move|p1b: Chien-Pao|Protect|p1b: Chien-Pao\n|-singleturn|p1b: Chien-Pao|Protect\n|move|p2b: Woah-Chien|Protect|p2b: Woah-Chien\n|-singleturn|p2b: Woah-Chien|Protect\n|move|p1a: Dragonite|Earthquake|p2b: Woah-Chien|[spread] p2a\n|-activate|p1b: Chien-Pao|move: Protect\n|-activate|p2b: Woah-Chien|move: Protect\n|-resisted|p2a: Glimmora\n|-damage|p2a: Glimmora|91\/100\n|-activate|p2a: Glimmora|ability: Toxic Debris\n|-sidestart|p1: Keveloper|move: Toxic Spikes\n|move|p2a: Glimmora|Mortal Spin|p1a: Dragonite|[spread] p1a\n|-activate|p1b: Chien-Pao|move: Protect\n|-damage|p1a: Dragonite|98\/100\n|-status|p1a: Dragonite|psn\n|-enditem|p1a: Dragonite|Lum Berry|[eat]\n|-curestatus|p1a: Dragonite|psn|[msg]\n|\n|upkeep\n|turn|2\n|\n|t:|1683067398\n|switch|p2a: Dondozo|Dondozo, L50, F|100\/100\n|-terastallize|p1a: Dragonite|Flying\n|move|p1b: Chien-Pao|Ice Spinner|p2b: Woah-Chien\n|-supereffective|p2b: Woah-Chien\n|-damage|p2b: Woah-Chien|34\/100\n|-enditem|p2b: Woah-Chien|Sitrus Berry|[eat]\n|-heal|p2b: Woah-Chien|59\/100|[from] item: Sitrus Berry\n|move|p1a: Dragonite|Tera Blast|p2b: Woah-Chien\n|-supereffective|p2b: Woah-Chien\n|-damage|p2b: Woah-Chien|0 fnt\n|faint|p2b: Woah-Chien\n|\n|upkeep\n|\n|t:|1683067414\n|switch|p2b: Glimmora|Glimmora, L50, F, tera:Grass|91\/100\n|turn|3\n|\n|t:|1683067428\n|move|p1b: Chien-Pao|Protect|p1b: Chien-Pao\n|-singleturn|p1b: Chien-Pao|Protect\n|move|p2a: Dondozo|Protect|p2a: Dondozo\n|-singleturn|p2a: Dondozo|Protect\n|move|p1a: Dragonite|Tera Blast|p2b: Glimmora\n|-supereffective|p2b: Glimmora\n|-damage|p2b: Glimmora|0 fnt\n|-activate|p2b: Glimmora|ability: Toxic Debris\n|-sidestart|p1: Keveloper|move: Toxic Spikes\n|faint|p2b: Glimmora\n|\n|upkeep\n|\n|t:|1683067435\n|switch|p2b: Tatsugiri|Tatsugiri, L50, M|100\/100\n|-activate|p2b: Tatsugiri|ability: Commander|[of] p2a: Dondozo\n|-boost|p2a: Dondozo|atk|2\n|-boost|p2a: Dondozo|spa|2\n|-boost|p2a: Dondozo|spe|2\n|-boost|p2a: Dondozo|def|2\n|-boost|p2a: Dondozo|spd|2\n|turn|4\n|\n|t:|1683067464\n|move|p1b: Chien-Pao|Haze|p1b: Chien-Pao\n|-clearallboost\n|move|p1a: Dragonite|Tera Blast|p2a: Dondozo\n|-damage|p2a: Dondozo|45\/100\n|move|p2a: Dondozo|Order Up|p1b: Chien-Pao\n|-damage|p1b: Chien-Pao|72\/100\n|-boost|p2a: Dondozo|atk|1\n|\n|-heal|p2a: Dondozo|51\/100|[from] item: Leftovers\n|upkeep\n|turn|5\n|-message|HappyduckJJ forfeited.\n|\n|win|Keveloper\n","uploadtime":1683067482,"views":7,"p1id":"keveloper","p2id":"happyduckjj","formatid":"gen9vgc2023regulationc","rating":0,"private":0,"password":""}