{"id":"gen9vgc2023regulationc-1846281098","p1":"mirroringhim","p2":"Crow1225","format":"[Gen 9] VGC 2023 Regulation C","log":"|j|\u2606mirroringhim\n|j|\u2606Crow1225\n|t:|1681828126\n|gametype|doubles\n|player|p1|mirroringhim|101|1089\n|player|p2|Crow1225|2|1058\n|teamsize|p1|6\n|teamsize|p2|6\n|gen|9\n|tier|[Gen 9] VGC 2023 Regulation C\n|rated|\n|rule|Species Clause: Limit one of each Pok\u00e9mon\n|rule|Item Clause: Limit one of each item\n|clearpoke\n|poke|p1|Hatterene, L50, F|\n|poke|p1|Indeedee-F, L50, F|\n|poke|p1|Sableye, L50, M|\n|poke|p1|Krookodile, L50, M|\n|poke|p1|Flamigo, L50, F|\n|poke|p1|Meowscarada, L50, F|\n|poke|p2|Palafin, L50, F|\n|poke|p2|Amoonguss, L50, M|\n|poke|p2|Arcanine, L50, M|\n|poke|p2|Flutter Mane, L50|\n|poke|p2|Rotom-Wash, L50|\n|poke|p2|Kingambit, L50, F|\n|teampreview|4\nCrow1225 has agreed to open team sheets.\nmirroringhim rejected open team sheets.\n|\n|t:|1681828175\n|start\n|switch|p1a: Meowscarada|Meowscarada, L50, F|100\/100\n|switch|p1b: Krookodile|Krookodile, L50, M|100\/100\n|switch|p2a: Palafin|Palafin, L50, F, shiny|100\/100\n|switch|p2b: Amoonguss|Amoonguss, L50, M, shiny|100\/100\n|turn|1\n|\n|t:|1681828188\n|detailschange|p2a: Palafin|Palafin-Hero, L50, F, shiny\n|switch|p2a: Arcanine|Arcanine, L50, M|100\/100\n|-ability|p2a: Arcanine|Intimidate|boost\n|-unboost|p1a: Meowscarada|atk|1\n|-unboost|p1b: Krookodile|atk|1\n|move|p1a: Meowscarada|Flower Trick|p1b: Krookodile\n|-supereffective|p1b: Krookodile\n|-crit|p1b: Krookodile\n|-damage|p1b: Krookodile|13\/100\n|-setboost|p1b: Krookodile|atk|6|[from] ability: Anger Point\n|-enditem|p1b: Krookodile|Salac Berry|[eat]\n|-boost|p1b: Krookodile|spe|1|[from] item: Salac Berry\n|move|p1b: Krookodile|Earthquake|p2a: Arcanine|[spread] p1a,p2a,p2b\n|-resisted|p1a: Meowscarada\n|-crit|p1a: Meowscarada\n|-supereffective|p2a: Arcanine\n|-damage|p1a: Meowscarada|0 fnt\n|-damage|p2a: Arcanine|0 fnt\n|-damage|p2b: Amoonguss|0 fnt\n|faint|p1a: Meowscarada\n|faint|p2a: Arcanine\n|faint|p2b: Amoonguss\n|\n|upkeep\n|\n|t:|1681828206\n|switch|p1a: Flamigo|Flamigo, L50, F|100\/100\n|switch|p2a: Palafin|Palafin-Hero, L50, F, shiny|100\/100\n|switch|p2b: Kingambit|Kingambit, L50, F|100\/100\n|-copyboost|p1a: Flamigo|p1b: Krookodile|[from] ability: Costar\n|-activate|p2a: Palafin|ability: Zero to Hero\n|turn|2\n|\n|t:|1681828233\n|-terastallize|p2b: Kingambit|Flying\n|move|p2a: Palafin|Jet Punch|p1a: Flamigo\n|-damage|p1a: Flamigo|39\/100\n|move|p2b: Kingambit|Sucker Punch|p1b: Krookodile\n|-resisted|p1b: Krookodile\n|-damage|p1b: Krookodile|0 fnt\n|faint|p1b: Krookodile\n|move|p1a: Flamigo|Close Combat|p2b: Kingambit\n|-resisted|p2b: Kingambit\n|-damage|p2b: Kingambit|15\/100\n|-unboost|p1a: Flamigo|def|1\n|-unboost|p1a: Flamigo|spd|1\n|\n|upkeep\n|\n|t:|1681828240\n|switch|p1b: Indeedee|Indeedee-F, L50, F|100\/100\n|-fieldstart|move: Psychic Terrain|[from] ability: Psychic Surge|[of] p1b: Indeedee\n|turn|3\n|\n|t:|1681828279\n|move|p1b: Indeedee|Follow Me|p1b: Indeedee\n|-singleturn|p1b: Indeedee|move: Follow Me\n|move|p1a: Flamigo|Close Combat|p2b: Kingambit\n|-resisted|p2b: Kingambit\n|-damage|p2b: Kingambit|0 fnt\n|-unboost|p1a: Flamigo|def|1\n|-unboost|p1a: Flamigo|spd|1\n|faint|p2b: Kingambit\n|move|p2a: Palafin|Wave Crash|p1b: Indeedee\n|-damage|p1b: Indeedee|0 fnt\n|faint|p1b: Indeedee\n|-damage|p2a: Palafin|77\/100|[from] Recoil\n|\n|upkeep\n|turn|4\n|\n|t:|1681828315\n|-terastallize|p1a: Flamigo|Flying\n|move|p2a: Palafin|Protect|p2a: Palafin\n|-singleturn|p2a: Palafin|Protect\n|move|p1a: Flamigo|Acrobatics|p2a: Palafin\n|-activate|p2a: Palafin|move: Protect\n|\n|upkeep\n|turn|5\n|\n|t:|1681828328\n|move|p2a: Palafin|Jet Punch|p1a: Flamigo\n|-hint|Psychic Terrain doesn't affect Pok\u00e9mon immune to Ground.\n|-damage|p1a: Flamigo|0 fnt\n|faint|p1a: Flamigo\n|\n|win|Crow1225\n|raw|mirroringhim's rating: 1089 → 1064<\/strong> (-25 for losing)\n|raw|Crow1225's rating: 1058 → 1092<\/strong> (+34 for winning)\n|c|\u2606mirroringhim|gg!\n","uploadtime":1681828335,"views":8,"p1id":"mirroringhim","p2id":"crow1225","formatid":"gen9vgc2023regulationc","rating":1064,"private":0,"password":""}