{"id":"gen9vgc2023regulationc-1846575062","p1":"Welwitchia","p2":"NAR_Slowbro","format":"[Gen 9] VGC 2023 Regulation C","log":"|j|\u2606Welwitchia\n|j|\u2606NAR_Slowbro\n|t:|1681853226\n|gametype|doubles\n|player|p1|Welwitchia|pokemonbreeder-gen4|1015\n|player|p2|NAR_Slowbro|ethan|1088\n|teamsize|p1|6\n|teamsize|p2|6\n|gen|9\n|tier|[Gen 9] VGC 2023 Regulation C\n|rated|\n|rule|Species Clause: Limit one of each Pok\u00e9mon\n|rule|Item Clause: Limit one of each item\n|clearpoke\n|poke|p1|Gholdengo, L50|\n|poke|p1|Bellibolt, L50, F|\n|poke|p1|Scovillain, L50, M|\n|poke|p1|Oinkologne, L50, M|\n|poke|p1|Quaquaval, L50, F|\n|poke|p1|Garganacl, L50, F|\n|poke|p2|Blissey, L50, F|\n|poke|p2|Sableye, L50, M|\n|poke|p2|Drifblim, L50, F|\n|poke|p2|Wo-Chien, L50|\n|poke|p2|Volcarona, L50, F|\n|poke|p2|Krookodile, L50, F|\n|teampreview|4\nWelwitchia has agreed to open team sheets.\n|\n|t:|1681853265\n|start\n|switch|p1a: Oinkologne|Oinkologne, L50, M|100\/100\n|switch|p1b: Scovillain|Scovillain, L50, M|100\/100\n|switch|p2a: Sableye|Sableye, L50, M, shiny|100\/100\n|switch|p2b: Blissey|Blissey, L50, F, shiny|100\/100\n|turn|1\n|inactive|Battle timer is ON: inactive players will automatically lose when time's up. (requested by NAR_Slowbro)\n|\n|t:|1681853285\n|move|p2a: Sableye|Will-O-Wisp|p1a: Oinkologne\n|-status|p1a: Oinkologne|brn\n|move|p1b: Scovillain|Will-O-Wisp|p2a: Sableye|[miss]\n|-miss|p1b: Scovillain|p2a: Sableye\n|move|p1a: Oinkologne|Play Rough|p2a: Sableye\n|-supereffective|p2a: Sableye\n|-damage|p2a: Sableye|68\/100\n|move|p2b: Blissey|Calm Mind|p2b: Blissey\n|-boost|p2b: Blissey|spa|1\n|-boost|p2b: Blissey|spd|1\n|\n|-damage|p1a: Oinkologne|94\/100 brn|[from] brn\n|-ability|p1b: Scovillain|Moody|boost\n|-boost|p1b: Scovillain|def|2\n|-unboost|p1b: Scovillain|spe|1\n|upkeep\n|turn|2\n|\n|t:|1681853309\n|switch|p2a: Wo-Chien|Wo-Chien, L50|100\/100\n|-ability|p2a: Wo-Chien|Tablets of Ruin\n|move|p1a: Oinkologne|Mud-Slap|p2b: Blissey\n|-damage|p2b: Blissey|99\/100\n|-unboost|p2b: Blissey|accuracy|1\n|move|p2b: Blissey|Calm Mind|p2b: Blissey\n|-boost|p2b: Blissey|spa|1\n|-boost|p2b: Blissey|spd|1\n|move|p1b: Scovillain|Will-O-Wisp|p2a: Wo-Chien\n|-status|p2a: Wo-Chien|brn\n|\n|-activate|p2b: Blissey|ability: Healer\n|-curestatus|p2a: Wo-Chien|brn|[msg]\n|-damage|p1a: Oinkologne|88\/100 brn|[from] brn\n|-ability|p1b: Scovillain|Moody|boost\n|-boost|p1b: Scovillain|atk|2\n|-unboost|p1b: Scovillain|spe|1\n|upkeep\n|turn|3\n|\n|t:|1681853332\n|move|p2a: Wo-Chien|Leech Seed|p1a: Oinkologne\n|-start|p1a: Oinkologne|move: Leech Seed\n|move|p1a: Oinkologne|Play Rough|p2a: Wo-Chien\n|-supereffective|p2a: Wo-Chien\n|-damage|p2a: Wo-Chien|80\/100\n|move|p2b: Blissey|Calm Mind|p2b: Blissey\n|-boost|p2b: Blissey|spa|1\n|-boost|p2b: Blissey|spd|1\n|move|p1b: Scovillain|Will-O-Wisp|p2b: Blissey\n|-status|p2b: Blissey|brn\n|\n|-damage|p1a: Oinkologne|76\/100 brn|[from] Leech Seed|[of] p2a: Wo-Chien\n|-heal|p2a: Wo-Chien|98\/100|[silent]\n|-damage|p1a: Oinkologne|70\/100 brn|[from] brn\n|-damage|p2b: Blissey|93\/100 brn|[from] brn\n|-ability|p1b: Scovillain|Moody|boost\n|-boost|p1b: Scovillain|spa|2\n|-unboost|p1b: Scovillain|atk|1\n|upkeep\n|turn|4\n|\n|t:|1681853355\n|move|p2a: Wo-Chien|Ruination|p1b: Scovillain\n|-damage|p1b: Scovillain|50\/100\n|move|p1a: Oinkologne|Body Press|p2a: Wo-Chien\n|-supereffective|p2a: Wo-Chien\n|-damage|p2a: Wo-Chien|87\/100\n|move|p2b: Blissey|Hyper Voice|p1a: Oinkologne|[spread] p1a,p1b\n|-damage|p1a: Oinkologne|30\/100 brn\n|-damage|p1b: Scovillain|0 fnt\n|faint|p1b: Scovillain\n|\n|-damage|p1a: Oinkologne|17\/100 brn|[from] Leech Seed|[of] p2a: Wo-Chien\n|-heal|p2a: Wo-Chien|100\/100|[silent]\n|-damage|p1a: Oinkologne|11\/100 brn|[from] brn\n|-damage|p2b: Blissey|87\/100 brn|[from] brn\n|upkeep\n|\n|t:|1681853374\n|switch|p1b: Garganacl|Garganacl, L50, F, shiny|100\/100\n|turn|5\n|\n|t:|1681853396\n|move|p2a: Wo-Chien|Ruination|p1b: Garganacl\n|-damage|p1b: Garganacl|51\/100\n|move|p1a: Oinkologne|Mud-Slap|p2a: Wo-Chien\n|-resisted|p2a: Wo-Chien\n|-damage|p2a: Wo-Chien|99\/100\n|-unboost|p2a: Wo-Chien|accuracy|1\n|move|p2b: Blissey|Hyper Voice|p1a: Oinkologne|[spread] \n|-miss|p2b: Blissey|p1a: Oinkologne\n|-miss|p2b: Blissey|p1b: Garganacl\n|move|p1b: Garganacl|Salt Cure|p2b: Blissey\n|-damage|p2b: Blissey|77\/100 brn\n|-start|p2b: Blissey|Salt Cure\n|\n|-damage|p1a: Oinkologne|0 fnt|[from] Leech Seed|[of] p2a: Wo-Chien\n|-heal|p2a: Wo-Chien|100\/100|[silent]\n|faint|p1a: Oinkologne\n|-damage|p2b: Blissey|71\/100 brn|[from] brn\n|-damage|p2b: Blissey|59\/100 brn|[from] Salt Cure\n|upkeep\n|\n|t:|1681853412\n|switch|p1a: Quaquaval|Quaquaval, L50, F, shiny|100\/100\n|turn|6\n|\n|t:|1681853435\n|-terastallize|p1a: Quaquaval|Ghost\n|-terastallize|p2b: Blissey|Ghost\n|move|p1a: Quaquaval|Aqua Step|p2b: Blissey\n|-damage|p2b: Blissey|31\/100 brn\n|-boost|p1a: Quaquaval|spe|1\n|-enditem|p2b: Blissey|Sitrus Berry|[eat]\n|-heal|p2b: Blissey|56\/100 brn|[from] item: Sitrus Berry\n|move|p2a: Wo-Chien|Pollen Puff|p2b: Blissey\n|-heal|p2b: Blissey|100\/100 brn\n|move|p2b: Blissey|Hyper Voice|p1a: Quaquaval|[spread] \n|-immune|p1a: Quaquaval\n|-miss|p2b: Blissey|p1b: Garganacl\n|move|p1b: Garganacl|Salt Cure|p2a: Wo-Chien\n|-damage|p2a: Wo-Chien|91\/100\n|-start|p2a: Wo-Chien|Salt Cure\n|\n|-damage|p2b: Blissey|94\/100 brn|[from] brn\n|-damage|p2a: Wo-Chien|78\/100|[from] Salt Cure\n|-damage|p2b: Blissey|82\/100 brn|[from] Salt Cure\n|upkeep\n|turn|7\n|inactive|Welwitchia has 30 seconds left.\n|\n|t:|1681853467\n|move|p1a: Quaquaval|Aqua Step|p2b: Blissey\n|-damage|p2b: Blissey|53\/100 brn\n|-boost|p1a: Quaquaval|spe|1\n|move|p2a: Wo-Chien|Leech Seed|p1a: Quaquaval\n|-start|p1a: Quaquaval|move: Leech Seed\n|move|p2b: Blissey|Psychic|p1a: Quaquaval\n|-damage|p1a: Quaquaval|22\/100\n|move|p1b: Garganacl|Recover|p1b: Garganacl\n|-heal|p1b: Garganacl|100\/100\n|\n|-damage|p1a: Quaquaval|9\/100|[from] Leech Seed|[of] p2a: Wo-Chien\n|-heal|p2a: Wo-Chien|92\/100|[silent]\n|-damage|p2b: Blissey|47\/100 brn|[from] brn\n|-damage|p2a: Wo-Chien|79\/100|[from] Salt Cure\n|-damage|p2b: Blissey|34\/100 brn|[from] Salt Cure\n|upkeep\n|turn|8\n|\n|t:|1681853487\n|move|p1a: Quaquaval|Rapid Spin|p2a: Wo-Chien\n|-damage|p2a: Wo-Chien|68\/100\n|-boost|p1a: Quaquaval|spe|1\n|-end|p1a: Quaquaval|Leech Seed|[from] move: Rapid Spin|[of] p1a: Quaquaval\n|move|p2a: Wo-Chien|Ruination|p1b: Garganacl\n|-damage|p1b: Garganacl|51\/100\n|move|p2b: Blissey|Soft-Boiled|p2b: Blissey\n|-heal|p2b: Blissey|84\/100 brn\n|move|p1b: Garganacl|Iron Defense|p1b: Garganacl\n|-boost|p1b: Garganacl|def|2\n|\n|-damage|p2b: Blissey|78\/100 brn|[from] brn\n|-damage|p2a: Wo-Chien|55\/100|[from] Salt Cure\n|-damage|p2b: Blissey|66\/100 brn|[from] Salt Cure\n|upkeep\n|turn|9\n|inactive|Welwitchia has 30 seconds left.\n|\n|t:|1681853517\n|move|p1a: Quaquaval|Aqua Step|p2b: Blissey\n|-damage|p2b: Blissey|22\/100 brn\n|-boost|p1a: Quaquaval|spe|1\n|move|p2a: Wo-Chien|Pollen Puff|p2b: Blissey|[miss]\n|-miss|p2a: Wo-Chien|p2b: Blissey\n|move|p2b: Blissey|Psychic|p1a: Quaquaval|[miss]\n|-miss|p2b: Blissey|p1a: Quaquaval\n|move|p1b: Garganacl|Recover|p1b: Garganacl\n|-heal|p1b: Garganacl|100\/100\n|\n|-damage|p2b: Blissey|16\/100 brn|[from] brn\n|-damage|p2a: Wo-Chien|43\/100|[from] Salt Cure\n|-damage|p2b: Blissey|3\/100 brn|[from] Salt Cure\n|upkeep\n|turn|10\n|\n|t:|1681853542\n|move|p1a: Quaquaval|Aqua Step|p2b: Blissey\n|-damage|p2b: Blissey|0 fnt\n|-boost|p1a: Quaquaval|spe|1\n|faint|p2b: Blissey\n|move|p2a: Wo-Chien|Leech Seed|p1a: Quaquaval\n|-start|p1a: Quaquaval|move: Leech Seed\n|move|p1b: Garganacl|Iron Defense|p1b: Garganacl\n|-boost|p1b: Garganacl|def|2\n|\n|-damage|p1a: Quaquaval|0 fnt|[from] Leech Seed|[of] p2a: Wo-Chien\n|-heal|p2a: Wo-Chien|52\/100|[silent]\n|faint|p1a: Quaquaval\n|-damage|p2a: Wo-Chien|40\/100|[from] Salt Cure\n|upkeep\n|\n|t:|1681853557\n|switch|p2b: Krookodile|Krookodile, L50, F|100\/100\n|-ability|p2b: Krookodile|Intimidate|boost\n|-unboost|p1b: Garganacl|atk|1\n|turn|11\n|\n|t:|1681853575\n|move|p2b: Krookodile|Close Combat|p1b: Garganacl\n|-supereffective|p1b: Garganacl\n|-damage|p1b: Garganacl|79\/100\n|-unboost|p2b: Krookodile|def|1\n|-unboost|p2b: Krookodile|spd|1\n|-damage|p2b: Krookodile|91\/100|[from] item: Life Orb\n|move|p2a: Wo-Chien|Leech Seed|p1b: Garganacl\n|-start|p1b: Garganacl|move: Leech Seed\n|move|p1b: Garganacl|Body Press|p2b: Krookodile\n|-supereffective|p2b: Krookodile\n|-damage|p2b: Krookodile|0 fnt\n|faint|p2b: Krookodile\n|\n|-damage|p1b: Garganacl|67\/100|[from] Leech Seed|[of] p2a: Wo-Chien\n|-heal|p2a: Wo-Chien|56\/100|[silent]\n|-damage|p2a: Wo-Chien|44\/100|[from] Salt Cure\n|upkeep\n|\n|t:|1681853589\n|switch|p2b: Sableye|Sableye, L50, M, shiny|68\/100\n|turn|12\n|\n|t:|1681853606\n|move|p2a: Wo-Chien|Protect|p2a: Wo-Chien\n|-singleturn|p2a: Wo-Chien|Protect\n|move|p2b: Sableye|Will-O-Wisp|p1b: Garganacl\n|-immune|p1b: Garganacl|[from] ability: Purifying Salt\n|move|p1b: Garganacl|Salt Cure|p2b: Sableye\n|-damage|p2b: Sableye|60\/100\n|-start|p2b: Sableye|Salt Cure\n|\n|-damage|p1b: Garganacl|55\/100|[from] Leech Seed|[of] p2a: Wo-Chien\n|-heal|p2a: Wo-Chien|60\/100|[silent]\n|-damage|p2a: Wo-Chien|48\/100|[from] Salt Cure\n|-damage|p2b: Sableye|48\/100|[from] Salt Cure\n|upkeep\n|turn|13\n|\n|t:|1681853622\n|move|p2a: Wo-Chien|Ruination|p1b: Garganacl\n|-damage|p1b: Garganacl|28\/100\n|-enditem|p1b: Garganacl|Sitrus Berry|[eat]\n|-heal|p1b: Garganacl|53\/100|[from] item: Sitrus Berry\n|move|p2b: Sableye|Foul Play|p1b: Garganacl\n|-damage|p1b: Garganacl|48\/100\n|move|p1b: Garganacl|Recover|p1b: Garganacl\n|-heal|p1b: Garganacl|99\/100\n|\n|-damage|p1b: Garganacl|86\/100|[from] Leech Seed|[of] p2a: Wo-Chien\n|-heal|p2a: Wo-Chien|65\/100|[silent]\n|-damage|p2a: Wo-Chien|52\/100|[from] Salt Cure\n|-damage|p2b: Sableye|36\/100|[from] Salt Cure\n|upkeep\n|turn|14\n|\n|t:|1681853643\n|move|p2a: Wo-Chien|Ruination|p1b: Garganacl\n|-damage|p1b: Garganacl|43\/100\n|move|p2b: Sableye|Foul Play|p1b: Garganacl\n|-damage|p1b: Garganacl|39\/100\n|move|p1b: Garganacl|Body Press|p2a: Wo-Chien\n|-supereffective|p2a: Wo-Chien\n|-damage|p2a: Wo-Chien|0 fnt\n|faint|p2a: Wo-Chien\n|\n|-damage|p2b: Sableye|23\/100|[from] Salt Cure\n|upkeep\n|-enditem|p2b: Sableye|Aguav Berry|[eat]\n|-heal|p2b: Sableye|57\/100|[from] item: Aguav Berry\n|turn|15\n|-message|NAR_Slowbro forfeited.\n|\n|win|Welwitchia\n|raw|Welwitchia's rating: 1015 → 1061<\/strong> (+46 for winning)\n|raw|NAR_Slowbro's rating: 1088 → 1060<\/strong> (-28 for losing)\n|l|\u2606NAR_Slowbro\n","uploadtime":1681853689,"views":7,"p1id":"welwitchia","p2id":"narslowbro","formatid":"gen9vgc2023regulationc","rating":1060,"private":0,"password":""}