{"id":"gen9vgc2023regulationc-1854805316","p1":"BBRAFF","p2":"KCXII","format":"[Gen 9] VGC 2023 Regulation C","log":"|j|\u2606BBRAFF\n|j|\u2606KCXII\n|t:|1682868144\n|gametype|doubles\n|player|p1|BBRAFF|cyclist|\n|player|p2|KCXII|plasmagrunt|\n|teamsize|p1|6\n|teamsize|p2|6\n|gen|9\n|tier|[Gen 9] VGC 2023 Regulation C\n|rule|Species Clause: Limit one of each Pok\u00e9mon\n|rule|Item Clause: Limit one of each item\n|clearpoke\n|poke|p1|Appletun, L50, M|\n|poke|p1|Maushold, L50|\n|poke|p1|Honchkrow, L50, M|\n|poke|p1|Gyarados, L50, M|\n|poke|p1|Raichu, L50, M|\n|poke|p1|Skeledirge, L50, M|\n|poke|p2|Mudsdale, L50, M|\n|poke|p2|Armarouge, L50, F|\n|poke|p2|Dragapult, L50, F|\n|poke|p2|Pawmot, L50, M|\n|poke|p2|Misdreavus, L50, F|\n|poke|p2|Indeedee-F, L50, F|\n|teampreview|4\n|c|\u2606KCXII|G3\nBBRAFF rejected open team sheets.\n|j| smsy\n|j| Heaven64\n|c|\u2606KCXII|god luck and have fun\n|c|\u2606BBRAFF|u2\n|j| sucabaVGC\n|\n|t:|1682869406\n|start\n|switch|p1a: Remy + Fam|Maushold, L50|100\/100\n|switch|p1b: Toby|Appletun, L50, M|100\/100\n|switch|p2a: Armarouge|Armarouge, L50, F|100\/100\n|switch|p2b: Indeedee|Indeedee-F, L50, F|100\/100\n|-fieldstart|move: Psychic Terrain|[from] ability: Psychic Surge|[of] p2b: Indeedee\n|turn|1\n|\n|t:|1682869444\n|-terastallize|p2a: Armarouge|Fairy\n|move|p2b: Indeedee|Follow Me|p2b: Indeedee\n|-singleturn|p2b: Indeedee|move: Follow Me\n|move|p1a: Remy + Fam|Super Fang|p2b: Indeedee\n|-damage|p2b: Indeedee|51\/100\n|-damage|p1a: Remy + Fam|84\/100|[from] item: Rocky Helmet|[of] p2b: Indeedee\n|move|p2a: Armarouge|Tera Blast|p1b: Toby\n|-supereffective|p1b: Toby\n|-damage|p1b: Toby|25\/100\n|move|p1b: Toby|Apple Acid|p2b: Indeedee\n|-damage|p2b: Indeedee|0 fnt\n|faint|p2b: Indeedee\n|-damage|p1b: Toby|16\/100|[from] item: Life Orb\n|\n|upkeep\n|\n|t:|1682869460\n|switch|p2b: Misdreavus|Misdreavus, L50, F|100\/100\n|turn|2\n|\n|t:|1682869470\n|switch|p1b: Muhmaid|Gyarados, L50, M|100\/100\n|-ability|p1b: Muhmaid|Intimidate|boost\n|-unboost|p2a: Armarouge|atk|1\n|-unboost|p2b: Misdreavus|atk|1\n|move|p2a: Armarouge|Protect|p2a: Armarouge\n|-singleturn|p2a: Armarouge|Protect\n|move|p1a: Remy + Fam|Super Fang|p2a: Armarouge\n|-activate|p2a: Armarouge|move: Protect\n|move|p2b: Misdreavus|Trick Room|p2b: Misdreavus\n|-fieldstart|move: Trick Room|[of] p2b: Misdreavus\n|\n|upkeep\n|turn|3\n|\n|t:|1682869543\n|switch|p2b: Mudsdale|Mudsdale, L50, M|100\/100\n|move|p2a: Armarouge|Expanding Force|p1b: Muhmaid|[spread] p1a,p1b\n|-damage|p1a: Remy + Fam|4\/100\n|-damage|p1b: Muhmaid|76\/100\n|-enditem|p1a: Remy + Fam|Sitrus Berry|[eat]\n|-heal|p1a: Remy + Fam|29\/100|[from] item: Sitrus Berry\n|move|p1b: Muhmaid|Waterfall|p2a: Armarouge\n|-damage|p2a: Armarouge|66\/100\n|move|p1a: Remy + Fam|Super Fang|p2a: Armarouge\n|-damage|p2a: Armarouge|33\/100\n|\n|upkeep\n|turn|4\n|l| Heaven64\n|\n|t:|1682869580\n|move|p2b: Mudsdale|Rock Slide|p1a: Remy + Fam|[spread] p1a\n|-miss|p2b: Mudsdale|p1b: Muhmaid\n|-damage|p1a: Remy + Fam|8\/100\n|move|p2a: Armarouge|Expanding Force|p1b: Muhmaid|[spread] p1a,p1b\n|-damage|p1a: Remy + Fam|0 fnt\n|-damage|p1b: Muhmaid|48\/100\n|faint|p1a: Remy + Fam\n|move|p1b: Muhmaid|Waterfall|p2a: Armarouge\n|-damage|p2a: Armarouge|0 fnt\n|faint|p2a: Armarouge\n|\n|upkeep\n|\n|t:|1682869591\n|switch|p2a: Misdreavus|Misdreavus, L50, F|100\/100\n|switch|p1a: Toby|Appletun, L50, M|16\/100\n|turn|5\n|\n|t:|1682869625\n|switch|p1b: Festus|Skeledirge, L50, M|100\/100\n|move|p1a: Toby|Protect|p1a: Toby\n|-singleturn|p1a: Toby|Protect\n|move|p2b: Mudsdale|Protect|p2b: Mudsdale\n|-singleturn|p2b: Mudsdale|Protect\n|move|p2a: Misdreavus|Shadow Ball|p1a: Toby\n|-activate|p1a: Toby|move: Protect\n|\n|-fieldend|move: Psychic Terrain\n|upkeep\n|turn|6\n|\n|t:|1682869652\n|switch|p1b: Muhmaid|Gyarados, L50, M|48\/100\n|-ability|p1b: Muhmaid|Intimidate|boost\n|-unboost|p2a: Misdreavus|atk|1\n|-unboost|p2b: Mudsdale|atk|1\n|move|p1a: Toby|Apple Acid|p2b: Mudsdale\n|-supereffective|p2b: Mudsdale\n|-damage|p2b: Mudsdale|5\/100\n|-unboost|p2b: Mudsdale|spd|1\n|-ability|p2b: Mudsdale|Stamina|boost\n|-boost|p2b: Mudsdale|def|1\n|-damage|p1a: Toby|6\/100|[from] item: Life Orb\n|move|p2b: Mudsdale|Rock Slide|p1b: Muhmaid|[spread] p1a,p1b\n|-supereffective|p1b: Muhmaid\n|-damage|p1a: Toby|0 fnt\n|-damage|p1b: Muhmaid|23\/100\n|faint|p1a: Toby\n|move|p2a: Misdreavus|Shadow Ball|p1b: Muhmaid\n|-damage|p1b: Muhmaid|10\/100\n|-unboost|p1b: Muhmaid|spd|1\n|\n|-heal|p2b: Mudsdale|11\/100|[from] item: Leftovers\n|-fieldend|move: Trick Room\n|upkeep\n|\n|t:|1682869661\n|switch|p1a: Festus|Skeledirge, L50, M|100\/100\n|turn|7\n|\n|t:|1682869700\n|move|p1b: Muhmaid|Crunch|p2a: Misdreavus\n|-supereffective|p2a: Misdreavus\n|-damage|p2a: Misdreavus|65\/100\n|move|p2a: Misdreavus|Shadow Ball|p1b: Muhmaid\n|-damage|p1b: Muhmaid|0 fnt\n|faint|p1b: Muhmaid\n|move|p1a: Festus|Shadow Ball|p2a: Misdreavus\n|-supereffective|p2a: Misdreavus\n|-damage|p2a: Misdreavus|6\/100\n|move|p2b: Mudsdale|Rock Slide|p1a: Festus\n|-supereffective|p1a: Festus\n|-damage|p1a: Festus|64\/100\n|\n|-heal|p2b: Mudsdale|16\/100|[from] item: Leftovers\n|upkeep\n|turn|8\n|\n|t:|1682869775\n|-terastallize|p1a: Festus|Dark\n|move|p2a: Misdreavus|Shadow Ball|p1a: Festus\n|-resisted|p1a: Festus\n|-damage|p1a: Festus|52\/100\n|move|p1a: Festus|Shadow Ball|p2a: Misdreavus\n|-supereffective|p2a: Misdreavus\n|-damage|p2a: Misdreavus|0 fnt\n|faint|p2a: Misdreavus\n|move|p2b: Mudsdale|Rock Slide|p1a: Festus\n|-damage|p1a: Festus|34\/100\n|\n|-heal|p2b: Mudsdale|22\/100|[from] item: Leftovers\n|upkeep\n|turn|9\n|\n|t:|1682869788\n|move|p2b: Mudsdale|Protect|p2b: Mudsdale\n|-singleturn|p2b: Mudsdale|Protect\n|move|p1a: Festus|Torch Song|p2b: Mudsdale\n|-activate|p2b: Mudsdale|move: Protect\n|\n|-heal|p2b: Mudsdale|28\/100|[from] item: Leftovers\n|upkeep\n|turn|10\n|\n|t:|1682869798\n|move|p1a: Festus|Torch Song|p2b: Mudsdale\n|-damage|p2b: Mudsdale|0 fnt\n|-boost|p1a: Festus|spa|1\n|faint|p2b: Mudsdale\n|\n|win|BBRAFF\n|c|\u2606KCXII|gg\n|c|\u2606BBRAFF|gg\n|l| sucabaVGC\n","uploadtime":1682869805,"views":38,"p1id":"bbraff","p2id":"kcxii","formatid":"gen9vgc2023regulationc","rating":0,"private":0,"password":""}