{"id":"gen9vgc2023regulationc-1847472161","p1":"19moko","p2":"GB Seraphix","format":"[Gen 9] VGC 2023 Regulation C","log":"|j|\u260619moko\n|j|\u2606GB Seraphix\n|t:|1681959317\n|gametype|doubles\n|player|p1|19moko|170|1233\n|player|p2|GB Seraphix|rosa|1327\n|teamsize|p1|6\n|teamsize|p2|6\n|gen|9\n|tier|[Gen 9] VGC 2023 Regulation C\n|rated|\n|rule|Species Clause: Limit one of each Pok\u00e9mon\n|rule|Item Clause: Limit one of each item\n|clearpoke\n|poke|p1|Wo-Chien, L50|\n|poke|p1|Palafin, L50, M|\n|poke|p1|Tauros-Paldea-Blaze, L50, M|\n|poke|p1|Flutter Mane, L50|\n|poke|p1|Glimmora, L50, M|\n|poke|p1|Maushold-Four, L50|\n|poke|p2|Chi-Yu, L50|\n|poke|p2|Dachsbun, L50, F|\n|poke|p2|Flutter Mane, L50|\n|poke|p2|Baxcalibur, L50, M|\n|poke|p2|Amoonguss, L50, M|\n|poke|p2|Rotom-Wash, L50|\n|teampreview|4\n|inactive|Battle timer is ON: inactive players will automatically lose when time's up. (requested by 19moko)\n|inactive|19moko has 60 seconds left.\n|\n|t:|1681959356\n|start\n|switch|p1a: Glimmora|Glimmora, L50, M|100\/100\n|switch|p1b: Maushold|Maushold-Four, L50|100\/100\n|switch|p2a: Nemo|Chi-Yu, L50|100\/100\n|switch|p2b: Gardenia|Dachsbun, L50, F|100\/100\n|-ability|p2a: Nemo|Beads of Ruin\n|turn|1\n|inactive|19moko has 30 seconds left.\n|\n|t:|1681959386\n|-terastallize|p2b: Gardenia|Steel\n|move|p2a: Nemo|Lava Plume|p1a: Glimmora|[spread] p1a,p1b\n|-ability|p2b: Gardenia|Well-Baked Body|boost\n|-boost|p2b: Gardenia|def|2\n|-resisted|p1a: Glimmora\n|-damage|p1a: Glimmora|87\/100\n|-damage|p1b: Maushold|59\/100\n|-status|p1a: Glimmora|brn\n|-status|p1b: Maushold|brn\n|move|p1b: Maushold|Super Fang|p2b: Gardenia\n|-damage|p2b: Gardenia|50\/100\n|move|p1a: Glimmora|Earth Power|p2b: Gardenia\n|-supereffective|p2b: Gardenia\n|-damage|p2b: Gardenia|0 fnt\n|faint|p2b: Gardenia\n|\n|-damage|p1b: Maushold|52\/100 brn|[from] brn\n|-damage|p1a: Glimmora|81\/100 brn|[from] brn\n|upkeep\n|\n|t:|1681959404\n|switch|p2b: Hanabishi|Rotom-Wash, L50|100\/100\n|turn|2\n|\n|t:|1681959416\n|switch|p2a: BB|Flutter Mane, L50|100\/100\n|-enditem|p2a: BB|Booster Energy\n|-activate|p2a: BB|ability: Protosynthesis|[fromitem]\n|-start|p2a: BB|protosynthesisspe\n|move|p2b: Hanabishi|Protect|p2b: Hanabishi\n|-singleturn|p2b: Hanabishi|Protect\n|move|p1b: Maushold|Follow Me|p1b: Maushold\n|-singleturn|p1b: Maushold|move: Follow Me\n|move|p1a: Glimmora|Energy Ball|p2b: Hanabishi\n|-activate|p2b: Hanabishi|move: Protect\n|\n|-damage|p1b: Maushold|46\/100 brn|[from] brn\n|-damage|p1a: Glimmora|75\/100 brn|[from] brn\n|upkeep\n|turn|3\n|inactive|19moko has 30 seconds left.\n|\n|t:|1681959442\n|-terastallize|p1a: Glimmora|Grass\n|move|p1b: Maushold|Protect|p1b: Maushold\n|-singleturn|p1b: Maushold|Protect\n|move|p2a: BB|Moonblast|p1b: Maushold\n|-activate|p1b: Maushold|move: Protect\n|move|p1a: Glimmora|Sludge Bomb|p2a: BB\n|-damage|p2a: BB|55\/100\n|move|p2b: Hanabishi|Hydro Pump|p1a: Glimmora\n|-resisted|p1a: Glimmora\n|-damage|p1a: Glimmora|60\/100 brn\n|\n|-damage|p1b: Maushold|40\/100 brn|[from] brn\n|-damage|p1a: Glimmora|54\/100 brn|[from] brn\n|upkeep\n|turn|4\n|\n|t:|1681959466\n|move|p1b: Maushold|Helping Hand|p1a: Glimmora\n|-singleturn|p1a: Glimmora|Helping Hand|[of] p1b: Maushold\n|move|p2a: BB|Moonblast|p1a: Glimmora\n|-damage|p1a: Glimmora|24\/100 brn\n|move|p1a: Glimmora|Power Gem|p2a: BB\n|-damage|p2a: BB|0 fnt\n|faint|p2a: BB\n|-end|p2a: BB|Protosynthesis|[silent]\n|move|p2b: Hanabishi|Thunderbolt|p1b: Maushold\n|-damage|p1b: Maushold|0 fnt\n|faint|p1b: Maushold\n|\n|-damage|p1a: Glimmora|18\/100 brn|[from] brn\n|upkeep\n|\n|t:|1681959488\n|switch|p2a: Nemo|Chi-Yu, L50|100\/100\n|switch|p1b: Flutter Mane|Flutter Mane, L50|100\/100\n|-ability|p2a: Nemo|Beads of Ruin\n|turn|5\n|\n|t:|1681959513\n|move|p2a: Nemo|Snarl|p1b: Flutter Mane|[spread] p1a,p1b\n|-damage|p1a: Glimmora|0 fnt\n|-damage|p1b: Flutter Mane|73\/100\n|-unboost|p1b: Flutter Mane|spa|1\n|faint|p1a: Glimmora\n|move|p1b: Flutter Mane|Moonblast|p2b: Hanabishi\n|-damage|p2b: Hanabishi|34\/100\n|-enditem|p2b: Hanabishi|Sitrus Berry|[eat]\n|-heal|p2b: Hanabishi|58\/100|[from] item: Sitrus Berry\n|move|p2b: Hanabishi|Thunderbolt|p1b: Flutter Mane\n|-damage|p1b: Flutter Mane|29\/100\n|\n|upkeep\n|\n|t:|1681959525\n|switch|p1a: Tauros|Tauros-Paldea-Blaze, L50, M|100\/100\n|-ability|p1a: Tauros|Intimidate|boost\n|-unboost|p2a: Nemo|atk|1\n|-unboost|p2b: Hanabishi|atk|1\n|turn|6\n|\n|t:|1681959535\n|move|p1a: Tauros|Protect|p1a: Tauros\n|-singleturn|p1a: Tauros|Protect\n|move|p2a: Nemo|Snarl|p1a: Tauros|[spread] p1b\n|-activate|p1a: Tauros|move: Protect\n|-damage|p1b: Flutter Mane|1\/100\n|-unboost|p1b: Flutter Mane|spa|1\n|move|p1b: Flutter Mane|Moonblast|p2b: Hanabishi\n|-damage|p2b: Hanabishi|4\/100\n|-unboost|p2b: Hanabishi|spa|1\n|move|p2b: Hanabishi|Hydro Pump|p1a: Tauros\n|-activate|p1a: Tauros|move: Protect\n|\n|upkeep\n|turn|7\n|\n|t:|1681959554\n|move|p2b: Hanabishi|Protect|p2b: Hanabishi\n|-singleturn|p2b: Hanabishi|Protect\n|move|p2a: Nemo|Snarl|p1b: Flutter Mane|[spread] p1a,p1b\n|-resisted|p1a: Tauros\n|-damage|p1a: Tauros|80\/100\n|-damage|p1b: Flutter Mane|0 fnt\n|-unboost|p1a: Tauros|spa|1\n|faint|p1b: Flutter Mane\n|-end|p1b: Flutter Mane|Protosynthesis|[silent]\n|move|p1a: Tauros|Trailblaze|p2b: Hanabishi\n|-activate|p2b: Hanabishi|move: Protect\n|\n|upkeep\n|turn|8\n|\n|t:|1681959568\n|move|p2a: Nemo|Snarl|p1a: Tauros\n|-resisted|p1a: Tauros\n|-damage|p1a: Tauros|53\/100\n|-unboost|p1a: Tauros|spa|1\n|move|p1a: Tauros|Trailblaze|p2b: Hanabishi\n|-supereffective|p2b: Hanabishi\n|-damage|p2b: Hanabishi|0 fnt\n|-boost|p1a: Tauros|spe|1\n|faint|p2b: Hanabishi\n|\n|upkeep\n|turn|9\n|\n|t:|1681959580\n|move|p2a: Nemo|Snarl|p1a: Tauros\n|-resisted|p1a: Tauros\n|-damage|p1a: Tauros|23\/100\n|-unboost|p1a: Tauros|spa|1\n|move|p1a: Tauros|Raging Bull|p2a: Nemo\n|-resisted|p2a: Nemo\n|-damage|p2a: Nemo|65\/100\n|\n|upkeep\n|turn|10\n|\n|t:|1681959589\n|move|p2a: Nemo|Snarl|p1a: Tauros\n|-resisted|p1a: Tauros\n|-damage|p1a: Tauros|0 fnt\n|faint|p1a: Tauros\n|\n|win|GB Seraphix\n|raw|19moko's rating: 1233 → 1215<\/strong> (-18 for losing)\n|raw|GB Seraphix's rating: 1327 → 1342<\/strong> (+15 for winning)\n","uploadtime":1681959598,"views":4,"p1id":"19moko","p2id":"gbseraphix","formatid":"gen9vgc2023regulationc","rating":1215,"private":0,"password":""}