{"id":"gen9vgc2023regulationc-1861922865","p1":"bigkarpfan8001","p2":"WET SOCKS VGC","format":"[Gen 9] VGC 2023 Regulation C","log":"|j|\u2606bigkarpfan8001\n|j|\u2606WET SOCKS VGC\n|t:|1683821076\n|gametype|doubles\n|player|p1|bigkarpfan8001|fisherman-gen4|1087\n|player|p2|WET SOCKS VGC|101|1036\n|teamsize|p1|6\n|teamsize|p2|6\n|gen|9\n|tier|[Gen 9] VGC 2023 Regulation C\n|rated|\n|rule|Species Clause: Limit one of each Pok\u00e9mon\n|rule|Item Clause: Limit one of each item\n|clearpoke\n|poke|p1|Torkoal, L50, M|\n|poke|p1|Jumpluff, L50, M|\n|poke|p1|Great Tusk, L50|\n|poke|p1|Flutter Mane, L50|\n|poke|p1|Slither Wing, L50|\n|poke|p1|Chien-Pao, L50|\n|poke|p2|Amoonguss, L50, M|\n|poke|p2|Annihilape, L50, F|\n|poke|p2|Iron Bundle, L50|\n|poke|p2|Maushold-Four, L50|\n|poke|p2|Chi-Yu, L50|\n|poke|p2|Tyranitar, L50, M|\n|teampreview|4\n|\n|t:|1683821137\n|start\n|switch|p1a: Jumpluff|Jumpluff, L50, M|100\/100\n|switch|p1b: Torkoal|Torkoal, L50, M|100\/100\n|switch|p2a: Iron Bundle|Iron Bundle, L50|100\/100\n|switch|p2b: Chi-Yu|Chi-Yu, L50|100\/100\n|-ability|p2b: Chi-Yu|Beads of Ruin\n|-weather|SunnyDay|[from] ability: Drought|[of] p1b: Torkoal\n|-enditem|p2a: Iron Bundle|Booster Energy\n|-activate|p2a: Iron Bundle|ability: Quark Drive|[fromitem]\n|-start|p2a: Iron Bundle|quarkdrivespe\n|turn|1\n|\n|t:|1683821168\n|-terastallize|p1a: Jumpluff|Water\n|move|p1a: Jumpluff|Sleep Powder|p2b: Chi-Yu\n|-status|p2b: Chi-Yu|slp|[from] move: Sleep Powder\n|move|p2a: Iron Bundle|Icy Wind|p1b: Torkoal|[spread] p1a,p1b\n|-resisted|p1a: Jumpluff\n|-resisted|p1b: Torkoal\n|-damage|p1a: Jumpluff|86\/100\n|-damage|p1b: Torkoal|80\/100\n|-unboost|p1b: Torkoal|spe|1\n|-enditem|p1b: Torkoal|Eject Pack\n|\n|t:|1683821179\n|switch|p1b: Great Tusk|Great Tusk, L50|100\/100\n|-activate|p1b: Great Tusk|ability: Protosynthesis\n|-start|p1b: Great Tusk|protosynthesisatk\n|cant|p2b: Chi-Yu|slp\n|\n|-weather|SunnyDay|[upkeep]\n|upkeep\n|turn|2\n|\n|t:|1683821207\n|move|p2a: Iron Bundle|Protect|p2a: Iron Bundle\n|-singleturn|p2a: Iron Bundle|Protect\n|move|p1a: Jumpluff|Leaf Storm|p2a: Iron Bundle\n|-activate|p2a: Iron Bundle|move: Protect\n|move|p1b: Great Tusk|Earthquake|p2a: Iron Bundle|[spread] p1a,p2b\n|-activate|p2a: Iron Bundle|move: Protect\n|-supereffective|p2b: Chi-Yu\n|-damage|p1a: Jumpluff|13\/100\n|-damage|p2b: Chi-Yu|0 fnt\n|faint|p2b: Chi-Yu\n|\n|-weather|SunnyDay|[upkeep]\n|upkeep\n|\n|t:|1683821230\n|switch|p2b: Annihilape|Annihilape, L50, F|100\/100\n|turn|3\n|\n|t:|1683821253\n|move|p1a: Jumpluff|Leaf Storm|p2a: Iron Bundle\n|-supereffective|p2a: Iron Bundle\n|-damage|p2a: Iron Bundle|0 fnt\n|-unboost|p1a: Jumpluff|spa|2\n|faint|p2a: Iron Bundle\n|-end|p2a: Iron Bundle|Quark Drive|[silent]\n|move|p2b: Annihilape|Final Gambit|p1b: Great Tusk\n|-damage|p1b: Great Tusk|3\/100\n|faint|p2b: Annihilape\n|move|p1b: Great Tusk|Earthquake|p1a: Jumpluff\n|-damage|p1a: Jumpluff|0 fnt\n|faint|p1a: Jumpluff\n|\n|-weather|SunnyDay|[upkeep]\n|upkeep\n|\n|t:|1683821265\n|switch|p2a: Tyranitar|Tyranitar, L50, M|100\/100\n|switch|p1a: Chien-Pao|Chien-Pao, L50|100\/100\n|-ability|p1a: Chien-Pao|Sword of Ruin\n|-weather|Sandstorm|[from] ability: Sand Stream|[of] p2a: Tyranitar\n|-end|p1b: Great Tusk|Protosynthesis\n|turn|4\n|\n|t:|1683821284\n|-terastallize|p2a: Tyranitar|Flying\n|move|p1a: Chien-Pao|Protect|p1a: Chien-Pao\n|-singleturn|p1a: Chien-Pao|Protect\n|move|p1b: Great Tusk|Earthquake|p2a: Tyranitar|[spread] \n|-activate|p1a: Chien-Pao|move: Protect\n|-immune|p2a: Tyranitar\n|move|p2a: Tyranitar|Rock Slide|p1a: Chien-Pao|[spread] p1b\n|-activate|p1a: Chien-Pao|move: Protect\n|-resisted|p1b: Great Tusk\n|-damage|p1b: Great Tusk|0 fnt\n|faint|p1b: Great Tusk\n|-end|p1b: Great Tusk|Protosynthesis|[silent]\n|\n|-weather|Sandstorm|[upkeep]\n|-damage|p1a: Chien-Pao|95\/100|[from] Sandstorm\n|-damage|p2a: Tyranitar|95\/100|[from] Sandstorm\n|upkeep\n|\n|t:|1683821290\n|switch|p1b: Torkoal|Torkoal, L50, M|80\/100\n|-weather|SunnyDay|[from] ability: Drought|[of] p1b: Torkoal\n|turn|5\n|\n|t:|1683821304\n|move|p1b: Torkoal|Helping Hand|p1a: Chien-Pao\n|-singleturn|p1a: Chien-Pao|Helping Hand|[of] p1b: Torkoal\n|move|p1a: Chien-Pao|Ice Spinner|p2a: Tyranitar\n|-supereffective|p2a: Tyranitar\n|-crit|p2a: Tyranitar\n|-damage|p2a: Tyranitar|0 fnt\n|faint|p2a: Tyranitar\n|\n|win|bigkarpfan8001\n|raw|bigkarpfan8001's rating: 1087 → 1110<\/strong> (+23 for winning)\n|raw|WET SOCKS VGC's rating: 1036 → 1023<\/strong> (-13 for losing)\n|l|\u2606WET SOCKS VGC\n","uploadtime":1683821316,"views":13,"p1id":"bigkarpfan8001","p2id":"wetsocksvgc","formatid":"gen9vgc2023regulationc","rating":1023,"private":0,"password":""}