{"id":"gen9vgc2023regulationc-1856408810","p1":"Rk9s","p2":"Lizardon0311","format":"[Gen 9] VGC 2023 Regulation C","log":"|j|\u2606Rk9s\n|j|\u2606Lizardon0311\n|t:|1683058617\n|gametype|doubles\n|player|p1|Rk9s|fantina|1116\n|player|p2|Lizardon0311|101|1119\n|teamsize|p1|6\n|teamsize|p2|6\n|gen|9\n|tier|[Gen 9] VGC 2023 Regulation C\n|rated|\n|rule|Species Clause: Limit one of each Pok\u00e9mon\n|rule|Item Clause: Limit one of each item\n|clearpoke\n|poke|p1|Arcanine, L50, M|\n|poke|p1|Garganacl, L50, M|\n|poke|p1|Ting-Lu, L50|\n|poke|p1|Roaring Moon, L50|\n|poke|p1|Amoonguss, L50, M|\n|poke|p1|Iron Bundle, L50|\n|poke|p2|Ting-Lu, L50|\n|poke|p2|Flutter Mane, L50|\n|poke|p2|Ceruledge, L50, M|\n|poke|p2|Palafin, L50, M|\n|poke|p2|Amoonguss, L50, F|\n|poke|p2|Iron Hands, L50|\n|teampreview|4\n|inactive|Battle timer is ON: inactive players will automatically lose when time's up. (requested by Lizardon0311)\n|inactive|Rk9s has 60 seconds left.\n|inactive|Lizardon0311 has 60 seconds left.\nRk9s has agreed to open team sheets.\n|inactive|Lizardon0311 has 30 seconds left.\n|inactive|Lizardon0311 has 20 seconds left.\n|inactive|Lizardon0311 has 15 seconds left.\n|inactive|Lizardon0311 has 10 seconds left.\n|inactive|Lizardon0311 has 5 seconds left.\n|\n|t:|1683058704\n|start\n|switch|p1a: Iron Bundle|Iron Bundle, L50|100\/100\n|switch|p1b: Roaring Moon|Roaring Moon, L50|100\/100\n|switch|p2a: Flutter Mane|Flutter Mane, L50, shiny|100\/100\n|switch|p2b: Palafin|Palafin, L50, M, shiny|100\/100\n|-enditem|p1b: Roaring Moon|Booster Energy\n|-activate|p1b: Roaring Moon|ability: Protosynthesis|[fromitem]\n|-start|p1b: Roaring Moon|protosynthesisatk\n|turn|1\n|inactive|Lizardon0311 has 30 seconds left.\n|\n|t:|1683058737\n|detailschange|p2b: Palafin|Palafin-Hero, L50, M, shiny\n|switch|p2b: Iron Hands|Iron Hands, L50, shiny|100\/100\n|move|p1a: Iron Bundle|Icy Wind|p2b: Iron Hands|[spread] p2a,p2b\n|-damage|p2a: Flutter Mane|83\/100\n|-damage|p2b: Iron Hands|90\/100\n|-unboost|p2a: Flutter Mane|spe|1\n|-unboost|p2b: Iron Hands|spe|1\n|move|p1b: Roaring Moon|Shadow Claw|p2a: Flutter Mane\n|-supereffective|p2a: Flutter Mane\n|-damage|p2a: Flutter Mane|0 fnt\n|faint|p2a: Flutter Mane\n|-end|p2a: Flutter Mane|Protosynthesis|[silent]\n|\n|upkeep\n|\n|t:|1683058750\n|switch|p2a: Palafin|Palafin-Hero, L50, M, shiny|100\/100\n|-activate|p2a: Palafin|ability: Zero to Hero\n|turn|2\n|inactive|Lizardon0311 has 30 seconds left.\n|\n|t:|1683058783\n|move|p1a: Iron Bundle|Protect|p1a: Iron Bundle\n|-singleturn|p1a: Iron Bundle|Protect\n|move|p1b: Roaring Moon|Protect|p1b: Roaring Moon\n|-singleturn|p1b: Roaring Moon|Protect\n|move|p2a: Palafin|Protect|p2a: Palafin\n|-singleturn|p2a: Palafin|Protect\n|move|p2b: Iron Hands|Drain Punch|p1a: Iron Bundle\n|-activate|p1a: Iron Bundle|move: Protect\n|\n|upkeep\n|turn|3\n|\n|t:|1683058801\n|switch|p2a: Ting-Lu|Ting-Lu, L50|100\/100\n|-ability|p2a: Ting-Lu|Vessel of Ruin\n|-terastallize|p1b: Roaring Moon|Flying\n|move|p1a: Iron Bundle|Freeze-Dry|p2a: Ting-Lu\n|-supereffective|p2a: Ting-Lu\n|-damage|p2a: Ting-Lu|65\/100\n|move|p1b: Roaring Moon|Acrobatics|p2b: Iron Hands\n|-damage|p2b: Iron Hands|35\/100\n|move|p2b: Iron Hands|Drain Punch|p1a: Iron Bundle\n|-supereffective|p1a: Iron Bundle\n|-enditem|p1a: Iron Bundle|Focus Sash\n|-damage|p1a: Iron Bundle|1\/100\n|-heal|p2b: Iron Hands|62\/100|[from] drain|[of] p1a: Iron Bundle\n|\n|upkeep\n|turn|4\n|inactive|Rk9s has 30 seconds left.\n|inactive|Lizardon0311 has 30 seconds left.\n|inactive|Lizardon0311 has 20 seconds left.\n|\n|t:|1683058841\n|-end|p1a: Iron Bundle|Quark Drive|[silent]\n|switch|p1a: Garganacl|Garganacl, L50, M|100\/100\n|move|p1b: Roaring Moon|Acrobatics|p2b: Iron Hands\n|-damage|p2b: Iron Hands|8\/100\n|move|p2a: Ting-Lu|Heavy Slam|p1a: Garganacl\n|-supereffective|p1a: Garganacl\n|-damage|p1a: Garganacl|75\/100\n|move|p2b: Iron Hands|Wild Charge|p1b: Roaring Moon\n|-supereffective|p1b: Roaring Moon\n|-damage|p1b: Roaring Moon|0 fnt\n|faint|p1b: Roaring Moon\n|-end|p1b: Roaring Moon|Protosynthesis|[silent]\n|-damage|p2b: Iron Hands|0 fnt|[from] Recoil\n|faint|p2b: Iron Hands\n|-end|p2b: Iron Hands|Quark Drive|[silent]\n|\n|upkeep\n|\n|t:|1683058863\n|switch|p1b: Ting-Lu|Ting-Lu, L50|100\/100\n|switch|p2b: Palafin|Palafin-Hero, L50, M, shiny|100\/100\n|-ability|p1b: Ting-Lu|Vessel of Ruin\n|turn|5\n|inactive|Lizardon0311 has 30 seconds left.\n|\n|t:|1683058895\n|-terastallize|p2b: Palafin|Water\n|move|p1a: Garganacl|Protect|p1a: Garganacl\n|-singleturn|p1a: Garganacl|Protect\n|move|p2b: Palafin|Wave Crash|p1a: Garganacl\n|-activate|p1a: Garganacl|move: Protect\n|move|p1b: Ting-Lu|Ruination|p2b: Palafin\n|-damage|p2b: Palafin|50\/100\n|move|p2a: Ting-Lu|Ruination|p1b: Ting-Lu\n|-damage|p1b: Ting-Lu|51\/100\n|\n|upkeep\n|turn|6\n|inactive|Rk9s has 30 seconds left.\n|\n|t:|1683058924\n|move|p2b: Palafin|Protect|p2b: Palafin\n|-singleturn|p2b: Palafin|Protect\n|move|p1b: Ting-Lu|Stomping Tantrum|p2a: Ting-Lu\n|-damage|p2a: Ting-Lu|47\/100\n|move|p2a: Ting-Lu|Ruination|p1a: Garganacl\n|-damage|p1a: Garganacl|38\/100\n|move|p1a: Garganacl|Salt Cure|p2b: Palafin\n|-activate|p2b: Palafin|move: Protect\n|\n|upkeep\n|turn|7\n|\n|t:|1683058946\n|move|p2b: Palafin|Jet Punch|p1a: Garganacl\n|-supereffective|p1a: Garganacl\n|-damage|p1a: Garganacl|0 fnt\n|faint|p1a: Garganacl\n|move|p1b: Ting-Lu|Earthquake|p2a: Ting-Lu|[spread] p2a,p2b\n|-damage|p2a: Ting-Lu|30\/100\n|-damage|p2b: Palafin|21\/100\n|move|p2a: Ting-Lu|Ruination|p1b: Ting-Lu\n|-damage|p1b: Ting-Lu|26\/100\n|\n|upkeep\n|\n|t:|1683058956\n|switch|p1a: Iron Bundle|Iron Bundle, L50|1\/100\n|turn|8\n|\n|t:|1683058970\n|move|p2b: Palafin|Jet Punch|p1b: Ting-Lu\n|-supereffective|p1b: Ting-Lu\n|-damage|p1b: Ting-Lu|0 fnt\n|faint|p1b: Ting-Lu\n|move|p1a: Iron Bundle|Icy Wind|p2a: Ting-Lu|[spread] p2a,p2b\n|-supereffective|p2a: Ting-Lu\n|-resisted|p2b: Palafin\n|-damage|p2a: Ting-Lu|9\/100\n|-damage|p2b: Palafin|13\/100\n|-unboost|p2a: Ting-Lu|spe|1\n|-unboost|p2b: Palafin|spe|1\n|move|p2a: Ting-Lu|Stomping Tantrum|p1a: Iron Bundle\n|-damage|p1a: Iron Bundle|0 fnt\n|faint|p1a: Iron Bundle\n|-end|p1a: Iron Bundle|Quark Drive|[silent]\n|\n|win|Lizardon0311\n|raw|Rk9s's rating: 1116 → 1091<\/strong> (-25 for losing)\n|raw|Lizardon0311's rating: 1119 → 1144<\/strong> (+25 for winning)\n|l|\u2606Rk9s\n","uploadtime":1683058996,"views":5,"p1id":"rk9s","p2id":"lizardon0311","formatid":"gen9vgc2023regulationc","rating":1091,"private":0,"password":""}