{"id":"gen9vgc2023regulationc-1862940072","p1":"marcschnei","p2":"SpadesHS","format":"[Gen 9] VGC 2023 Regulation C","log":"|j|\u2606marcschnei\n|j|\u2606SpadesHS\n|t:|1683941308\n|gametype|doubles\n|player|p1|marcschnei|101|\n|player|p2|SpadesHS|n|\n|teamsize|p1|6\n|teamsize|p2|6\n|gen|9\n|tier|[Gen 9] VGC 2023 Regulation C\n|rule|Species Clause: Limit one of each Pok\u00e9mon\n|rule|Item Clause: Limit one of each item\n|clearpoke\n|poke|p1|Tauros-Paldea-Blaze, L50, M|\n|poke|p1|Honchkrow, L50, F|\n|poke|p1|Gothorita, L50, F|\n|poke|p1|Lumineon, L50, F|\n|poke|p1|Salamence, L50, F|\n|poke|p1|Staraptor, L50, F|\n|poke|p2|Amoonguss, L50, F|\n|poke|p2|Palafin, L50, M|\n|poke|p2|Arcanine, L50, F|\n|poke|p2|Ting-Lu, L50|\n|poke|p2|Kingambit, L50, M|\n|poke|p2|Flutter Mane, L50|\n|teampreview|4\n|\n|t:|1683941364\n|start\n|switch|p1a: Honchkrow|Honchkrow, L50, F|100\/100\n|switch|p1b: Salamence|Salamence, L50, F|100\/100\n|switch|p2a: Magnus|Kingambit, L50, M|100\/100\n|switch|p2b: Fun Police|Arcanine, L50, F|100\/100\n|-ability|p1b: Salamence|Intimidate|boost\n|-unboost|p2a: Magnus|atk|1\n|-ability|p2a: Magnus|Defiant|boost\n|-boost|p2a: Magnus|atk|2\n|-unboost|p2b: Fun Police|atk|1\n|-ability|p2b: Fun Police|Intimidate|boost\n|-unboost|p1a: Honchkrow|atk|1\n|-unboost|p1b: Salamence|atk|1\n|turn|1\n|\n|t:|1683941412\n|switch|p1b: Tauros|Tauros-Paldea-Blaze, L50, M|100\/100\n|-terastallize|p2a: Magnus|Dark\n|move|p1a: Honchkrow|Protect|p1a: Honchkrow\n|-singleturn|p1a: Honchkrow|Protect\n|move|p2b: Fun Police|Howl|p2b: Fun Police|[spread] p2a,p2b\n|-boost|p2a: Magnus|atk|1\n|-boost|p2b: Fun Police|atk|1\n|move|p2a: Magnus|Kowtow Cleave|p1b: Tauros\n|-resisted|p1b: Tauros\n|-damage|p1b: Tauros|4\/100\n|\n|upkeep\n|turn|2\n|\n|t:|1683941452\n|move|p1b: Tauros|Protect|p1b: Tauros\n|-singleturn|p1b: Tauros|Protect\n|move|p2b: Fun Police|Extreme Speed|p1b: Tauros\n|-activate|p1b: Tauros|move: Protect\n|move|p1a: Honchkrow|Brave Bird|p2b: Fun Police\n|-damage|p2b: Fun Police|56\/100\n|-damage|p1a: Honchkrow|84\/100|[from] Recoil\n|move|p2a: Magnus|Kowtow Cleave|p1a: Honchkrow\n|-resisted|p1a: Honchkrow\n|-damage|p1a: Honchkrow|0 fnt\n|faint|p1a: Honchkrow\n|\n|upkeep\n|\n|t:|1683941464\n|switch|p1a: Gothorita|Gothorita, L50, F|100\/100\n|turn|3\n|\n|t:|1683941490\n|move|p1a: Gothorita|Fake Out|p2a: Magnus\n|-damage|p2a: Magnus|96\/100\n|move|p2b: Fun Police|Extreme Speed|p1b: Tauros\n|-damage|p1b: Tauros|0 fnt\n|faint|p1b: Tauros\n|cant|p2a: Magnus|flinch\n|\n|upkeep\n|\n|t:|1683941495\n|switch|p1b: Salamence|Salamence, L50, F|100\/100\n|-ability|p1b: Salamence|Intimidate|boost\n|-unboost|p2a: Magnus|atk|1\n|-ability|p2a: Magnus|Defiant|boost\n|-boost|p2a: Magnus|atk|2\n|-unboost|p2b: Fun Police|atk|1\n|turn|4\n|\n|t:|1683941514\n|-terastallize|p1b: Salamence|Flying\n|move|p2a: Magnus|Sucker Punch|p1b: Salamence\n|-damage|p1b: Salamence|0 fnt\n|faint|p1b: Salamence\n|move|p2b: Fun Police|Howl|p2b: Fun Police|[spread] p2a,p2b\n|-boost|p2a: Magnus|atk|1\n|-boost|p2b: Fun Police|atk|1\n|move|p1a: Gothorita|Foul Play|p2a: Magnus\n|-resisted|p2a: Magnus\n|-damage|p2a: Magnus|58\/100\n|\n|upkeep\n|turn|5\n|\n|t:|1683941528\n|move|p2b: Fun Police|Flare Blitz|p1a: Gothorita\n|-damage|p1a: Gothorita|56\/100\n|-damage|p2b: Fun Police|44\/100|[from] Recoil\n|move|p1a: Gothorita|Foul Play|p2a: Magnus\n|-resisted|p2a: Magnus\n|-damage|p2a: Magnus|20\/100\n|move|p2a: Magnus|Kowtow Cleave|p1a: Gothorita\n|-supereffective|p1a: Gothorita\n|-damage|p1a: Gothorita|0 fnt\n|faint|p1a: Gothorita\n|\n|win|SpadesHS\n|c|\u2606marcschnei|Gg lol\n|c|\u2606marcschnei|That was just bo1 right?\n|l|\u2606marcschnei\n","uploadtime":1683941803,"views":8,"p1id":"marcschnei","p2id":"spadeshs","formatid":"gen9vgc2023regulationc","rating":0,"private":0,"password":""}