{"id":"gen9vgc2023regulationc-1853190908","p1":"Alexis_student","p2":"Oerba15","format":"[Gen 9] VGC 2023 Regulation C","log":"|j|\u2606Alexis_student\n|j|\u2606Oerba15\n|t:|1682646472\n|gametype|doubles\n|player|p1|Alexis_student|265|1208\n|player|p2|Oerba15|169|1179\n|teamsize|p1|6\n|teamsize|p2|6\n|gen|9\n|tier|[Gen 9] VGC 2023 Regulation C\n|rated|\n|rule|Species Clause: Limit one of each Pok\u00e9mon\n|rule|Item Clause: Limit one of each item\n|clearpoke\n|poke|p1|Grimmsnarl, L50, M|\n|poke|p1|Gholdengo, L50|\n|poke|p1|Flutter Mane, L50|\n|poke|p1|Amoonguss, L50, F|\n|poke|p1|Iron Bundle, L50|\n|poke|p1|Chi-Yu, L50|\n|poke|p2|Talonflame, L50, M|\n|poke|p2|Gallade, L50, M|\n|poke|p2|Chien-Pao, L50|\n|poke|p2|Roaring Moon, L50|\n|poke|p2|Flutter Mane, L50|\n|poke|p2|Gholdengo, L50|\n|teampreview|4\n|inactive|Battle timer is ON: inactive players will automatically lose when time's up. (requested by Alexis_student)\n|\n|t:|1682646511\n|start\n|switch|p1a: Grimmsnarl|Grimmsnarl, L50, M|100\/100\n|switch|p1b: Flutter Mane|Flutter Mane, L50|100\/100\n|switch|p2a: Hit Me|Talonflame, L50, M|100\/100\n|switch|p2b: Ugly Mane|Flutter Mane, L50|100\/100\n|turn|1\n|\n|t:|1682646529\n|-terastallize|p2b: Ugly Mane|Steel\n|move|p2a: Hit Me|Tailwind|p2a: Hit Me\n|-sidestart|p2: Oerba15|move: Tailwind\n|move|p1a: Grimmsnarl|Light Screen|p1a: Grimmsnarl\n|-sidestart|p1: Alexis_student|move: Light Screen\n|move|p2b: Ugly Mane|Shadow Ball|p1b: Flutter Mane\n|-supereffective|p1b: Flutter Mane\n|-damage|p1b: Flutter Mane|13\/100\n|move|p1b: Flutter Mane|Shadow Ball|p2b: Ugly Mane\n|-damage|p2b: Ugly Mane|31\/100\n|\n|upkeep\n|turn|2\n|\n|t:|1682646550\n|-end|p2b: Ugly Mane|Protosynthesis|[silent]\n|switch|p2b: Sus Lord|Gholdengo, L50|100\/100\n|move|p2a: Hit Me|Brave Bird|p1b: Flutter Mane\n|-damage|p1b: Flutter Mane|0 fnt\n|faint|p1b: Flutter Mane\n|-end|p1b: Flutter Mane|Protosynthesis|[silent]\n|-damage|p2a: Hit Me|97\/100|[from] Recoil\n|move|p1a: Grimmsnarl|Reflect|p1a: Grimmsnarl\n|-sidestart|p1: Alexis_student|Reflect\n|\n|upkeep\n|\n|t:|1682646565\n|switch|p1b: Chi-Yu|Chi-Yu, L50|100\/100\n|-ability|p1b: Chi-Yu|Beads of Ruin\n|turn|3\n|\n|t:|1682646576\n|move|p2a: Hit Me|Brave Bird|p1b: Chi-Yu\n|-damage|p1b: Chi-Yu|60\/100\n|-damage|p2a: Hit Me|86\/100|[from] Recoil\n|move|p2b: Sus Lord|Make It Rain|p1b: Chi-Yu|[spread] p1a,p1b\n|-supereffective|p1a: Grimmsnarl\n|-resisted|p1b: Chi-Yu\n|-damage|p1a: Grimmsnarl|0 fnt\n|-damage|p1b: Chi-Yu|44\/100\n|-unboost|p2b: Sus Lord|spa|1\n|-enditem|p2b: Sus Lord|White Herb\n|-clearnegativeboost|p2b: Sus Lord|[silent]\n|faint|p1a: Grimmsnarl\n|move|p1b: Chi-Yu|Heat Wave|p2b: Sus Lord|[spread] p2a,p2b\n|-resisted|p2a: Hit Me\n|-supereffective|p2b: Sus Lord\n|-damage|p2a: Hit Me|46\/100\n|-damage|p2b: Sus Lord|0 fnt\n|faint|p2b: Sus Lord\n|\n|upkeep\n|\n|t:|1682646595\n|switch|p2b: Moondog|Roaring Moon, L50|100\/100\n|switch|p1a: Iron Bundle|Iron Bundle, L50|100\/100\n|-enditem|p2b: Moondog|Booster Energy\n|-activate|p2b: Moondog|ability: Protosynthesis|[fromitem]\n|-start|p2b: Moondog|protosynthesisatk\n|-enditem|p1a: Iron Bundle|Booster Energy\n|-activate|p1a: Iron Bundle|ability: Quark Drive|[fromitem]\n|-start|p1a: Iron Bundle|quarkdrivespe\n|turn|4\n|\n|t:|1682646614\n|move|p2b: Moondog|Protect|p2b: Moondog\n|-singleturn|p2b: Moondog|Protect\n|move|p1a: Iron Bundle|Protect|p1a: Iron Bundle\n|-singleturn|p1a: Iron Bundle|Protect\n|move|p1b: Chi-Yu|Protect|p1b: Chi-Yu\n|-singleturn|p1b: Chi-Yu|Protect\n|move|p2a: Hit Me|Brave Bird|p1b: Chi-Yu\n|-activate|p1b: Chi-Yu|move: Protect\n|\n|-sideend|p2: Oerba15|move: Tailwind\n|upkeep\n|turn|5\n|\n|t:|1682646637\n|move|p2a: Hit Me|Protect|p2a: Hit Me\n|-singleturn|p2a: Hit Me|Protect\n|move|p1a: Iron Bundle|Freeze-Dry|p2b: Moondog\n|-supereffective|p2b: Moondog\n|-damage|p2b: Moondog|13\/100\n|move|p2b: Moondog|Earthquake|p1b: Chi-Yu|[spread] p1a,p1b\n|-activate|p2a: Hit Me|move: Protect\n|-crit|p1a: Iron Bundle\n|-supereffective|p1b: Chi-Yu\n|-damage|p1a: Iron Bundle|33\/100\n|-damage|p1b: Chi-Yu|0 fnt\n|faint|p1b: Chi-Yu\n|\n|upkeep\n|turn|6\n|\n|t:|1682646659\n|move|p1a: Iron Bundle|Icy Wind|p2a: Hit Me|[spread] p2a,p2b\n|-supereffective|p2b: Moondog\n|-damage|p2a: Hit Me|19\/100\n|-damage|p2b: Moondog|0 fnt\n|-unboost|p2a: Hit Me|spe|1\n|faint|p2b: Moondog\n|-end|p2b: Moondog|Protosynthesis|[silent]\n|move|p2a: Hit Me|Brave Bird|p1a: Iron Bundle\n|-damage|p1a: Iron Bundle|0 fnt\n|faint|p1a: Iron Bundle\n|-end|p1a: Iron Bundle|Quark Drive|[silent]\n|-damage|p2a: Hit Me|11\/100|[from] Recoil\n|\n|win|Oerba15\n|raw|Alexis_student's rating: 1208 → 1181<\/strong> (-27 for losing)\n|raw|Oerba15's rating: 1179 → 1206<\/strong> (+27 for winning)\n|l|\u2606Oerba15\n","uploadtime":1682646685,"views":5,"p1id":"alexisstudent","p2id":"oerba15","formatid":"gen9vgc2023regulationc","rating":1181,"private":0,"password":""}