{"id":"gen9vgc2023regulationc-1859195844","p1":"Atrix MJ","p2":"Evil Phamton","format":"[Gen 9] VGC 2023 Regulation C","log":"|j|\u2606Atrix MJ\n|j|\u2606Evil Phamton\n|t:|1683416447\n|gametype|doubles\n|player|p1|Atrix MJ|adaman|1330\n|player|p2|Evil Phamton|grimsley|1455\n|teamsize|p1|6\n|teamsize|p2|6\n|gen|9\n|tier|[Gen 9] VGC 2023 Regulation C\n|rated|\n|rule|Species Clause: Limit one of each Pok\u00e9mon\n|rule|Item Clause: Limit one of each item\n|clearpoke\n|poke|p1|Chi-Yu, L50|\n|poke|p1|Amoonguss, L50, F|\n|poke|p1|Gyarados, L50, F|\n|poke|p1|Flutter Mane, L50|\n|poke|p1|Gothitelle, L50, M|\n|poke|p1|Iron Hands, L50|\n|poke|p2|Baxcalibur, L50, F|\n|poke|p2|Arcanine, L50, M|\n|poke|p2|Rotom-Wash, L50|\n|poke|p2|Amoonguss, L50, M|\n|poke|p2|Ting-Lu, L50|\n|poke|p2|Flutter Mane, L50|\n|teampreview|4\n|inactive|Battle timer is ON: inactive players will automatically lose when time's up. (requested by Atrix MJ)\n|inactive|Evil Phamton has 60 seconds left.\n|\n|t:|1683416486\n|start\n|switch|p1a: Amoonguss|Amoonguss, L50, F|100\/100\n|switch|p1b: Iron Hands|Iron Hands, L50|100\/100\n|switch|p2a: Baxcalibur|Baxcalibur, L50, F|100\/100\n|switch|p2b: Arcanine|Arcanine, L50, M|100\/100\n|-ability|p2b: Arcanine|Intimidate|boost\n|-unboost|p1a: Amoonguss|atk|1\n|-unboost|p1b: Iron Hands|atk|1\n|turn|1\n|\n|t:|1683416497\n|switch|p1a: Gyarados|Gyarados, L50, F, shiny|100\/100\n|-ability|p1a: Gyarados|Intimidate|boost\n|-fail|p2a: Baxcalibur|unboost|[from] item: Clear Amulet|[of] p2a: Baxcalibur\n|-unboost|p2b: Arcanine|atk|1\n|-terastallize|p1b: Iron Hands|Fire\n|move|p2b: Arcanine|Protect|p2b: Arcanine\n|-singleturn|p2b: Arcanine|Protect\n|move|p2a: Baxcalibur|Protect|p2a: Baxcalibur\n|-singleturn|p2a: Baxcalibur|Protect\n|move|p1b: Iron Hands|Swords Dance|p1b: Iron Hands\n|-boost|p1b: Iron Hands|atk|2\n|\n|upkeep\n|turn|2\n|\n|t:|1683416513\n|switch|p1a: Gothitelle|Gothitelle, L50, M|100\/100\n|switch|p2b: Rotom|Rotom-Wash, L50, shiny|100\/100\n|-terastallize|p2a: Baxcalibur|Poison\n|move|p2a: Baxcalibur|Glaive Rush|p1b: Iron Hands\n|-damage|p1b: Iron Hands|61\/100\n|-singlemove|p2a: Baxcalibur|Glaive Rush|[silent]\n|move|p1b: Iron Hands|Swords Dance|p1b: Iron Hands\n|-boost|p1b: Iron Hands|atk|2\n|\n|upkeep\n|turn|3\n|\n|t:|1683416530\n|move|p1b: Iron Hands|Protect|p1b: Iron Hands\n|-singleturn|p1b: Iron Hands|Protect\n|move|p2a: Baxcalibur|Glaive Rush|p1b: Iron Hands\n|-activate|p1b: Iron Hands|move: Protect\n|move|p2b: Rotom|Hydro Pump|p1b: Iron Hands\n|-activate|p1b: Iron Hands|move: Protect\n|move|p1a: Gothitelle|Trick Room|p1a: Gothitelle\n|-fieldstart|move: Trick Room|[of] p1a: Gothitelle\n|\n|upkeep\n|turn|4\n|\n|t:|1683416543\n|move|p1b: Iron Hands|Drain Punch|p2b: Rotom\n|-damage|p2b: Rotom|14\/100\n|-heal|p1b: Iron Hands|87\/100|[from] drain|[of] p2b: Rotom\n|move|p1a: Gothitelle|Psychic|p2b: Rotom\n|-damage|p2b: Rotom|0 fnt\n|faint|p2b: Rotom\n|move|p2a: Baxcalibur|Glaive Rush|p1b: Iron Hands\n|-damage|p1b: Iron Hands|45\/100\n|-singlemove|p2a: Baxcalibur|Glaive Rush|[silent]\n|\n|upkeep\n|\n|t:|1683416553\n|switch|p2b: Ting-Lu|Ting-Lu, L50|100\/100\n|-ability|p2b: Ting-Lu|Vessel of Ruin\n|turn|5\n|\n|t:|1683416560\n|switch|p1a: Amoonguss|Amoonguss, L50, F|100\/100\n|move|p1b: Iron Hands|Protect|p1b: Iron Hands\n|-singleturn|p1b: Iron Hands|Protect\n|move|p2a: Baxcalibur|Protect|p2a: Baxcalibur\n|-singleturn|p2a: Baxcalibur|Protect\n|move|p2b: Ting-Lu|Earthquake|p1b: Iron Hands|[spread] p1a\n|-activate|p2a: Baxcalibur|move: Protect\n|-activate|p1b: Iron Hands|move: Protect\n|-damage|p1a: Amoonguss|70\/100\n|\n|upkeep\n|turn|6\n|c|\u2606Evil Phamton|cres que vas hacer eso en un bo3 ganas game 1 depues caes 2-1\n|inactive|Atrix MJ has 30 seconds left.\n|inactive|Evil Phamton has 30 seconds left.\n|\n|t:|1683416595\n|move|p1a: Amoonguss|Spore|p2b: Ting-Lu\n|-status|p2b: Ting-Lu|slp|[from] move: Spore\n|cant|p2b: Ting-Lu|slp\n|move|p1b: Iron Hands|Drain Punch|p2b: Ting-Lu\n|-supereffective|p2b: Ting-Lu\n|-damage|p2b: Ting-Lu|9\/100 slp\n|-heal|p1b: Iron Hands|87\/100|[from] drain|[of] p2b: Ting-Lu\n|move|p2a: Baxcalibur|Glaive Rush|p1b: Iron Hands\n|-damage|p1b: Iron Hands|42\/100\n|-singlemove|p2a: Baxcalibur|Glaive Rush|[silent]\n|\n|upkeep\n|turn|7\n|inactive|Atrix MJ has 30 seconds left.\n|\n|t:|1683416624\n|move|p1b: Iron Hands|Protect|p1b: Iron Hands\n|-singleturn|p1b: Iron Hands|Protect\n|move|p2a: Baxcalibur|Protect|p2a: Baxcalibur\n|-singleturn|p2a: Baxcalibur|Protect\n|move|p1a: Amoonguss|Spore|p2a: Baxcalibur\n|-activate|p2a: Baxcalibur|move: Protect\n|cant|p2b: Ting-Lu|slp\n|\n|-fieldend|move: Trick Room\n|upkeep\n|turn|8\n|\n|t:|1683416647\n|switch|p2b: Arcanine|Arcanine, L50, M|100\/100\n|-ability|p2b: Arcanine|Intimidate|boost\n|-unboost|p1a: Amoonguss|atk|1\n|-unboost|p1b: Iron Hands|atk|1\n|move|p1a: Amoonguss|Rage Powder|p1a: Amoonguss\n|-singleturn|p1a: Amoonguss|move: Rage Powder\n|move|p2a: Baxcalibur|Icicle Crash|p1a: Amoonguss\n|-supereffective|p1a: Amoonguss\n|-damage|p1a: Amoonguss|0 fnt\n|faint|p1a: Amoonguss\n|move|p1b: Iron Hands|Thunder Punch|p2a: Baxcalibur\n|-damage|p2a: Baxcalibur|33\/100\n|\n|upkeep\n|\n|t:|1683416651\n|switch|p1a: Gyarados|Gyarados, L50, F, shiny|100\/100\n|-ability|p1a: Gyarados|Intimidate|boost\n|-fail|p2a: Baxcalibur|unboost|[from] item: Clear Amulet|[of] p2a: Baxcalibur\n|-unboost|p2b: Arcanine|atk|1\n|turn|9\n|\n|t:|1683416664\n|move|p1a: Gyarados|Waterfall|p2a: Baxcalibur\n|-damage|p2a: Baxcalibur|0 fnt\n|faint|p2a: Baxcalibur\n|move|p2b: Arcanine|Howl|p2b: Arcanine\n|-boost|p2b: Arcanine|atk|1\n|move|p1b: Iron Hands|Drain Punch|p2b: Arcanine\n|-damage|p2b: Arcanine|27\/100\n|-heal|p1b: Iron Hands|69\/100|[from] drain|[of] p2b: Arcanine\n|\n|upkeep\n|-message|Evil Phamton forfeited.\n|\n|win|Atrix MJ\n|raw|Atrix MJ's rating: 1330 → 1357<\/strong> (+27 for winning)\n|raw|Evil Phamton's rating: 1455 → 1428<\/strong> (-27 for losing)\n|l|\u2606Evil Phamton\n","uploadtime":1683416678,"views":9,"p1id":"atrixmj","p2id":"evilphamton","formatid":"gen9vgc2023regulationc","rating":1357,"private":0,"password":""}