{"id":"gen9vgc2023regulationc-1861568690","p1":"chipndip","p2":"YellowMex","format":"[Gen 9] VGC 2023 Regulation C","log":"|j|\u2606chipndip\n|j|\u2606YellowMex\n|t:|1683774456\n|gametype|doubles\n|player|p1|chipndip|marlon|\n|player|p2|YellowMex|schoolkid-gen4|\n|teamsize|p1|6\n|teamsize|p2|6\n|gen|9\n|tier|[Gen 9] VGC 2023 Regulation C\n|rule|Species Clause: Limit one of each Pok\u00e9mon\n|rule|Item Clause: Limit one of each item\n|clearpoke\n|poke|p1|Indeedee-F, L50, F|\n|poke|p1|Tauros-Paldea-Aqua, L50, M|\n|poke|p1|Armarouge, L50, F|\n|poke|p1|Flutter Mane, L50|\n|poke|p1|Baxcalibur, L50, F|\n|poke|p1|Amoonguss, L50, M|\n|poke|p2|Lilligant, L50, F|\n|poke|p2|Torkoal, L50, F|\n|poke|p2|Flutter Mane, L50|\n|poke|p2|Kingambit, L50, F|\n|poke|p2|Dragonite, L50, F|\n|poke|p2|Great Tusk, L50|\n|teampreview|4\n|inactive|Battle timer is ON: inactive players will automatically lose when time's up. (requested by YellowMex)\n|c|\u2606chipndip|Aight here it is\nchipndip has agreed to open team sheets.\nYellowMex has agreed to open team sheets.\n|inactive|chipndip has 60 seconds left.\n|inactive|YellowMex has 60 seconds left.\n|inactive|chipndip has 30 seconds left.\n|inactive|chipndip has 20 seconds left.\n|inactive|chipndip has 15 seconds left.\n|inactive|chipndip has 10 seconds left.\n|inactive|chipndip has 5 seconds left.\n|\n|t:|1683774543\n|start\n|switch|p1a: Indeedee|Indeedee-F, L50, F|100\/100\n|switch|p1b: Armarouge|Armarouge, L50, F|100\/100\n|switch|p2a: Breakthrough|Torkoal, L50, F, shiny|100\/100\n|switch|p2b: Trouble|Great Tusk, L50, shiny|100\/100\n|-fieldstart|move: Psychic Terrain|[from] ability: Psychic Surge|[of] p1a: Indeedee\n|-enditem|p1a: Indeedee|Psychic Seed\n|-boost|p1a: Indeedee|spd|1|[from] item: Psychic Seed\n|-weather|SunnyDay|[from] ability: Drought|[of] p2a: Breakthrough\n|-activate|p2b: Trouble|ability: Protosynthesis\n|-start|p2b: Trouble|protosynthesisatk\n|turn|1\n|inactive|chipndip has 30 seconds left.\n|inactive|chipndip has 20 seconds left.\n|inactive|chipndip has 15 seconds left.\n|inactive|chipndip has 10 seconds left.\n|\n|t:|1683774588\n|-terastallize|p1b: Armarouge|Grass\n|move|p1a: Indeedee|Helping Hand|p1b: Armarouge\n|-singleturn|p1b: Armarouge|Helping Hand|[of] p1a: Indeedee\n|move|p2b: Trouble|Rock Slide|p1b: Armarouge|[spread] p1a,p1b\n|-damage|p1a: Indeedee|78\/100\n|-damage|p1b: Armarouge|75\/100\n|cant|p1b: Armarouge|flinch\n|move|p2a: Breakthrough|Flamethrower|p1a: Indeedee\n|-damage|p1a: Indeedee|29\/100\n|\n|-weather|SunnyDay|[upkeep]\n|upkeep\n|turn|2\n|inactive|chipndip has 30 seconds left.\n|inactive|YellowMex has 30 seconds left.\n|\n|t:|1683774621\n|switch|p1a: Tauros|Tauros-Paldea-Aqua, L50, M|100\/100\n|-ability|p1a: Tauros|Intimidate|boost\n|-unboost|p2a: Breakthrough|atk|1\n|-unboost|p2b: Trouble|atk|1\n|move|p2a: Breakthrough|Protect|p2a: Breakthrough\n|-singleturn|p2a: Breakthrough|Protect\n|move|p2b: Trouble|Rock Slide|p1a: Tauros|[spread] p1a,p1b\n|-resisted|p1a: Tauros\n|-damage|p1a: Tauros|91\/100\n|-damage|p1b: Armarouge|60\/100\n|cant|p1b: Armarouge|flinch\n|\n|-weather|SunnyDay|[upkeep]\n|upkeep\n|turn|3\n|inactive|chipndip has 30 seconds left.\n|inactive|YellowMex has 30 seconds left.\n|\n|t:|1683774647\n|-end|p2b: Trouble|Protosynthesis|[silent]\n|switch|p2b: FANCY|Flutter Mane, L50, shiny|100\/100\n|-activate|p2b: FANCY|ability: Protosynthesis\n|-start|p2b: FANCY|protosynthesisspa\n|switch|p2a: HOT|Kingambit, L50, F, shiny|100\/100\n|move|p1a: Tauros|Aqua Jet|p2a: HOT\n|-activate|p2a: HOT|move: Psychic Terrain\n|move|p1b: Armarouge|Expanding Force|p2b: FANCY|[spread] p2b\n|-immune|p2a: HOT\n|-damage|p2b: FANCY|37\/100\n|\n|-weather|SunnyDay|[upkeep]\n|upkeep\n|turn|4\n|inactive|YellowMex has 30 seconds left.\n|inactive|YellowMex has 20 seconds left.\n|\n|t:|1683774683\n|move|p1a: Tauros|Protect|p1a: Tauros\n|-singleturn|p1a: Tauros|Protect\n|move|p2b: FANCY|Dazzling Gleam|p1b: Armarouge|[spread] p1b\n|-activate|p1a: Tauros|move: Protect\n|-damage|p1b: Armarouge|0 fnt\n|faint|p1b: Armarouge\n|move|p2a: HOT|Kowtow Cleave|p1a: Tauros\n|-activate|p1a: Tauros|move: Protect\n|\n|-weather|SunnyDay|[upkeep]\n|upkeep\n|\n|t:|1683774696\n|switch|p1b: Baxcalibur|Baxcalibur, L50, F|100\/100\n|turn|5\n|\n|t:|1683774716\n|switch|p1a: Indeedee|Indeedee-F, L50, F|29\/100\n|-terastallize|p2b: FANCY|Fairy\n|move|p1b: Baxcalibur|Protect|p1b: Baxcalibur\n|-singleturn|p1b: Baxcalibur|Protect\n|move|p2b: FANCY|Dazzling Gleam|p1b: Baxcalibur|[spread] p1a\n|-activate|p1b: Baxcalibur|move: Protect\n|-damage|p1a: Indeedee|0 fnt\n|faint|p1a: Indeedee\n|move|p2a: HOT|Iron Head|p1b: Baxcalibur\n|-activate|p1b: Baxcalibur|move: Protect\n|\n|-weather|none\n|-end|p2b: FANCY|Protosynthesis\n|-fieldend|move: Psychic Terrain\n|upkeep\n|\n|t:|1683774730\n|switch|p1a: Tauros|Tauros-Paldea-Aqua, L50, M|91\/100\n|-ability|p1a: Tauros|Intimidate|boost\n|-unboost|p2a: HOT|atk|1\n|-ability|p2a: HOT|Defiant|boost\n|-boost|p2a: HOT|atk|2\n|-unboost|p2b: FANCY|atk|1\n|turn|6\n|\n|t:|1683774751\n|-end|p2b: FANCY|Protosynthesis|[silent]\n|switch|p2b: Breakthrough|Torkoal, L50, F, shiny|100\/100\n|-weather|SunnyDay|[from] ability: Drought|[of] p2b: Breakthrough\n|move|p1b: Baxcalibur|Protect||[still]\n|-fail|p1b: Baxcalibur\n|move|p1a: Tauros|Aqua Jet|p2b: Breakthrough\n|-supereffective|p2b: Breakthrough\n|-damage|p2b: Breakthrough|86\/100\n|move|p2a: HOT|Iron Head|p1b: Baxcalibur\n|-supereffective|p1b: Baxcalibur\n|-damage|p1b: Baxcalibur|0 fnt\n|faint|p1b: Baxcalibur\n|\n|-weather|SunnyDay|[upkeep]\n|upkeep\n|turn|7\n|c|\u2606YellowMex|gg\n|c|\u2606chipndip|Yeah that's about it\n|c|\u2606chipndip|ggs\n|-message|chipndip forfeited.\n|\n|win|YellowMex\n|c|\u2606YellowMex|1-1!\n|c|\u2606chipndip|No it's 2-1 your favor\n|c|\u2606YellowMex|no i meant\n|c|\u2606YellowMex|1-1 set wise\n|c|\u2606chipndip|Oh in sets\n|c|\u2606YellowMex|ye\n|c|\u2606YellowMex|let me find another team rq\n|c|\u2606YellowMex|for our final set\n|c|\u2606chipndip|Same here\n|l|\u2606YellowMex\n","uploadtime":1683776551,"views":21,"p1id":"chipndip","p2id":"yellowmex","formatid":"gen9vgc2023regulationc","rating":0,"private":0,"password":""}