{"id":"gen9vgc2023regulationc-1864230505","p1":"yungwasser","p2":"WallyTryHard","format":"[Gen 9] VGC 2023 Regulation C","log":"|j|\u2606yungwasser\n|j|\u2606WallyTryHard\n|t:|1684141055\n|gametype|doubles\n|player|p1|yungwasser|larry|\n|player|p2|WallyTryHard|170|\n|teamsize|p1|6\n|teamsize|p2|6\n|gen|9\n|tier|[Gen 9] VGC 2023 Regulation C\n|rated|Tournament battle\n|rule|Species Clause: Limit one of each Pok\u00e9mon\n|rule|Item Clause: Limit one of each item\n|clearpoke\n|poke|p1|Roaring Moon, L50|\n|poke|p1|Flutter Mane, L50|\n|poke|p1|Ting-Lu, L50|\n|poke|p1|Arcanine, L50, M|\n|poke|p1|Amoonguss, L50, F|\n|poke|p1|Palafin, L50, M|\n|poke|p2|Murkrow, L50, M|\n|poke|p2|Gholdengo, L50|\n|poke|p2|Garchomp, L50, F|\n|poke|p2|Flutter Mane, L50|\n|poke|p2|Chi-Yu, L50|\n|poke|p2|Azumarill, L50, M|\n|teampreview|4\n|inactive|Battle timer is ON: inactive players will automatically lose when time's up. (requested by WallyTryHard)\n|c|\u2606WallyTryHard|glhf :)\nWallyTryHard has agreed to open team sheets.\n|c|\u2606yungwasser|hello again\nyungwasser has agreed to open team sheets.\n|inactive|WallyTryHard has 60 seconds left.\n|inactive|WallyTryHard has 30 seconds left.\n|\n|t:|1684141118\n|start\n|switch|p1a: Arcanine|Arcanine, L50, M|100\/100\n|switch|p1b: Flutter Mane|Flutter Mane, L50|100\/100\n|switch|p2a: Garchomp|Garchomp, L50, F|100\/100\n|switch|p2b: Chi-Yu|Chi-Yu, L50|100\/100\n|-ability|p2b: Chi-Yu|Beads of Ruin\n|-ability|p1a: Arcanine|Intimidate|boost\n|-fail|p2a: Garchomp|unboost|[from] item: Clear Amulet|[of] p2a: Garchomp\n|-unboost|p2b: Chi-Yu|atk|1\n|turn|1\n|inactive|yungwasser has 30 seconds left.\n|\n|t:|1684141144\n|-terastallize|p2a: Garchomp|Fire\n|move|p2b: Chi-Yu|Protect|p2b: Chi-Yu\n|-singleturn|p2b: Chi-Yu|Protect\n|move|p1a: Arcanine|Extreme Speed|p2a: Garchomp\n|-damage|p2a: Garchomp|75\/100\n|-damage|p1a: Arcanine|88\/100|[from] ability: Rough Skin|[of] p2a: Garchomp\n|move|p2a: Garchomp|Earthquake|p1a: Arcanine|[spread] p1a,p1b\n|-activate|p2b: Chi-Yu|move: Protect\n|-supereffective|p1a: Arcanine\n|-damage|p1a: Arcanine|8\/100\n|-damage|p1b: Flutter Mane|33\/100\n|move|p1b: Flutter Mane|Moonblast|p2a: Garchomp\n|-resisted|p2a: Garchomp\n|-damage|p2a: Garchomp|25\/100\n|\n|upkeep\n|turn|2\n|inactive|WallyTryHard has 30 seconds left.\n|\n|t:|1684141172\n|move|p1a: Arcanine|Extreme Speed|p2a: Garchomp\n|-damage|p2a: Garchomp|0 fnt\n|-damage|p1a: Arcanine|0 fnt|[from] ability: Rough Skin|[of] p2a: Garchomp\n|faint|p2a: Garchomp\n|faint|p1a: Arcanine\n|move|p1b: Flutter Mane|Moonblast|p2b: Chi-Yu\n|-damage|p2b: Chi-Yu|41\/100\n|move|p2b: Chi-Yu|Dark Pulse|p1b: Flutter Mane\n|-damage|p1b: Flutter Mane|0 fnt\n|faint|p1b: Flutter Mane\n|-end|p1b: Flutter Mane|Protosynthesis|[silent]\n|\n|upkeep\n|\n|t:|1684141181\n|switch|p2a: Flutter Mane|Flutter Mane, L50|100\/100\n|switch|p1b: Roaring Moon|Roaring Moon, L50|100\/100\n|switch|p1a: Ting-Lu|Ting-Lu, L50|100\/100\n|-ability|p1a: Ting-Lu|Vessel of Ruin\n|-enditem|p1b: Roaring Moon|Booster Energy\n|-activate|p1b: Roaring Moon|ability: Protosynthesis|[fromitem]\n|-start|p1b: Roaring Moon|protosynthesisatk\n|turn|3\n|\n|t:|1684141197\n|-terastallize|p1a: Ting-Lu|Fairy\n|move|p1b: Roaring Moon|Protect|p1b: Roaring Moon\n|-singleturn|p1b: Roaring Moon|Protect\n|move|p2a: Flutter Mane|Dazzling Gleam|p1a: Ting-Lu|[spread] p1a\n|-activate|p1b: Roaring Moon|move: Protect\n|-damage|p1a: Ting-Lu|86\/100\n|move|p2b: Chi-Yu|Overheat|p1b: Roaring Moon\n|-activate|p1b: Roaring Moon|move: Protect\n|move|p1a: Ting-Lu|Earthquake|p2a: Flutter Mane|[spread] p2a,p2b\n|-activate|p1b: Roaring Moon|move: Protect\n|-supereffective|p2b: Chi-Yu\n|-damage|p2a: Flutter Mane|41\/100\n|-damage|p2b: Chi-Yu|0 fnt\n|faint|p2b: Chi-Yu\n|\n|upkeep\n|\n|t:|1684141202\n|switch|p2b: Azumarill|Azumarill, L50, M, shiny|100\/100\n|turn|4\n|\n|t:|1684141221\n|move|p2a: Flutter Mane|Shadow Ball|p1a: Ting-Lu\n|-damage|p1a: Ting-Lu|71\/100\n|-unboost|p1a: Ting-Lu|spd|1\n|move|p1b: Roaring Moon|Acrobatics|p2b: Azumarill\n|-damage|p2b: Azumarill|48\/100\n|move|p2b: Azumarill|Play Rough|p1b: Roaring Moon\n|-supereffective|p1b: Roaring Moon\n|-damage|p1b: Roaring Moon|0 fnt\n|faint|p1b: Roaring Moon\n|-end|p1b: Roaring Moon|Protosynthesis|[silent]\n|-damage|p2b: Azumarill|38\/100|[from] item: Life Orb\n|move|p1a: Ting-Lu|Earthquake|p2a: Flutter Mane|[spread] p2a,p2b\n|-damage|p2a: Flutter Mane|0 fnt\n|-damage|p2b: Azumarill|3\/100\n|faint|p2a: Flutter Mane\n|-end|p2a: Flutter Mane|Protosynthesis|[silent]\n|\n|upkeep\n|turn|5\n|\n|t:|1684141234\n|move|p2b: Azumarill|Liquidation|p1a: Ting-Lu\n|-crit|p1a: Ting-Lu\n|-damage|p1a: Ting-Lu|2\/100\n|-damage|p2b: Azumarill|0 fnt|[from] item: Life Orb\n|faint|p2b: Azumarill\n|\n|win|yungwasser\n|n|\u2606yungwasser|yungwasser\n|n|\u2606WallyTryHard|wallytryhard\n|c|\u2606WallyTryHard|gg\n|c|\u2606yungwasser|phewww\n|c|\u2606yungwasser|gg\n","uploadtime":1684141241,"views":17,"p1id":"yungwasser","p2id":"wallytryhard","formatid":"gen9vgc2023regulationc","rating":0,"private":0,"password":""}