{"id":"gen9vgc2023regulationc-1862133530","p1":"qwilfishfan5","p2":"Capralux","format":"[Gen 9] VGC 2023 Regulation C","log":"|j|\u2606qwilfishfan5\n|j|\u2606Capralux\n|t:|1683840530\n|gametype|doubles\n|player|p1|qwilfishfan5|265|1115\n|player|p2|Capralux|265|1056\n|teamsize|p1|6\n|teamsize|p2|6\n|gen|9\n|tier|[Gen 9] VGC 2023 Regulation C\n|rated|\n|rule|Species Clause: Limit one of each Pok\u00e9mon\n|rule|Item Clause: Limit one of each item\n|clearpoke\n|poke|p1|Flutter Mane, L50|\n|poke|p1|Pyroar, L50, M|\n|poke|p1|Pincurchin, L50, F|\n|poke|p1|Iron Bundle, L50|\n|poke|p1|Iron Hands, L50|\n|poke|p1|Sawsbuck, L50, F|\n|poke|p2|Hariyama, L50, F|\n|poke|p2|Klefki, L50, M|\n|poke|p2|Braviary, L50, M|\n|poke|p2|Glimmora, L50, M|\n|poke|p2|Sableye, L50, F|\n|poke|p2|Flutter Mane, L50|\n|teampreview|4\n|inactive|Battle timer is ON: inactive players will automatically lose when time's up. (requested by Capralux)\n|inactive|Capralux has 60 seconds left.\n|inactive|Capralux has 30 seconds left.\n|inactive|Capralux has 20 seconds left.\n|inactive|Capralux has 15 seconds left.\n|inactive|Capralux has 10 seconds left.\n|\n|t:|1683840617\n|start\n|switch|p1a: Iron Bundle|Iron Bundle, L50|100\/100\n|switch|p1b: Iron Hands|Iron Hands, L50|100\/100\n|switch|p2a: Hariyama|Hariyama, L50, F|100\/100\n|switch|p2b: Klefki|Klefki, L50, M|100\/100\n|turn|1\n|inactive|Capralux has 30 seconds left.\n|\n|t:|1683840648\n|move|p2b: Klefki|Protect|p2b: Klefki\n|-singleturn|p2b: Klefki|Protect\n|move|p1b: Iron Hands|Fake Out|p2a: Hariyama\n|-damage|p2a: Hariyama|80\/100\n|move|p1a: Iron Bundle|Hydro Pump|p2a: Hariyama\n|-damage|p2a: Hariyama|7\/100\n|cant|p2a: Hariyama|flinch\n|\n|-status|p2a: Hariyama|brn|[from] item: Flame Orb\n|upkeep\n|turn|2\n|inactive|qwilfishfan5 has 30 seconds left.\n|inactive|Capralux has 30 seconds left.\n|\n|t:|1683840674\n|switch|p2b: Braviary|Braviary, L50, M|100\/100\n|move|p2a: Hariyama|Bullet Punch|p1a: Iron Bundle\n|-damage|p1a: Iron Bundle|74\/100\n|move|p1a: Iron Bundle|Hydro Pump|p2a: Hariyama\n|-damage|p2a: Hariyama|0 fnt\n|faint|p2a: Hariyama\n|move|p1b: Iron Hands|Thunder Punch|p2b: Braviary\n|-supereffective|p2b: Braviary\n|-crit|p2b: Braviary\n|-damage|p2b: Braviary|0 fnt\n|faint|p2b: Braviary\n|\n|upkeep\n|\n|t:|1683840686\n|switch|p2b: Klefki|Klefki, L50, M|100\/100\n|switch|p2a: Flutter Mane|Flutter Mane, L50|100\/100\n|-enditem|p2a: Flutter Mane|Booster Energy\n|-activate|p2a: Flutter Mane|ability: Protosynthesis|[fromitem]\n|-start|p2a: Flutter Mane|protosynthesisspa\n|turn|3\n|\n|t:|1683840706\n|-end|p1a: Iron Bundle|Quark Drive|[silent]\n|switch|p1a: Pincurchin|Pincurchin, L50, F|100\/100\n|-fieldstart|move: Electric Terrain|[from] ability: Electric Surge|[of] p1a: Pincurchin\n|-activate|p1b: Iron Hands|ability: Quark Drive\n|-start|p1b: Iron Hands|quarkdriveatk\n|-terastallize|p1b: Iron Hands|Fairy\n|move|p2a: Flutter Mane|Dazzling Gleam|p1a: Pincurchin|[spread] p1a,p1b\n|-damage|p1a: Pincurchin|54\/100\n|-damage|p1b: Iron Hands|75\/100\n|move|p2b: Klefki|Dazzling Gleam|p1a: Pincurchin|[spread] p1a,p1b\n|-crit|p1b: Iron Hands\n|-damage|p1a: Pincurchin|22\/100\n|-damage|p1b: Iron Hands|51\/100\n|move|p1b: Iron Hands|Thunder Punch|p2a: Flutter Mane\n|-damage|p2a: Flutter Mane|0 fnt\n|faint|p2a: Flutter Mane\n|-end|p2a: Flutter Mane|Protosynthesis|[silent]\n|\n|upkeep\n|turn|4\n|\n|t:|1683840724\n|move|p2b: Klefki|Dazzling Gleam|p1b: Iron Hands|[spread] p1a,p1b\n|-damage|p1a: Pincurchin|0 fnt\n|-damage|p1b: Iron Hands|36\/100\n|faint|p1a: Pincurchin\n|move|p1b: Iron Hands|Thunder Punch|p2b: Klefki\n|-damage|p2b: Klefki|14\/100\n|\n|upkeep\n|\n|t:|1683840727\n|switch|p1a: Iron Bundle|Iron Bundle, L50|74\/100\n|-activate|p1a: Iron Bundle|ability: Quark Drive\n|-start|p1a: Iron Bundle|quarkdrivespe\n|turn|5\n|\n|t:|1683840733\n|move|p1a: Iron Bundle|Freeze-Dry|p2b: Klefki\n|-resisted|p2b: Klefki\n|-damage|p2b: Klefki|0 fnt\n|faint|p2b: Klefki\n|\n|win|qwilfishfan5\n|raw|qwilfishfan5's rating: 1115 → 1136<\/strong> (+21 for winning)\n|raw|Capralux's rating: 1056 → 1041<\/strong> (-15 for losing)\n|l|\u2606Capralux\n","uploadtime":1683840742,"views":13,"p1id":"qwilfishfan5","p2id":"capralux","formatid":"gen9vgc2023regulationc","rating":1041,"private":0,"password":""}