{"id":"gen9vgc2023regulationc-1856361105","p1":"Himi_Him","p2":"Breakaway97","format":"[Gen 9] VGC 2023 Regulation C","log":"|j|\u2606Himi_Him\n|j|\u2606Breakaway97\n|t:|1683054133\n|gametype|doubles\n|player|p1|Himi_Him|steven|1438\n|player|p2|Breakaway97|cynthia-gen4|1449\n|teamsize|p1|6\n|teamsize|p2|6\n|gen|9\n|tier|[Gen 9] VGC 2023 Regulation C\n|rated|\n|rule|Species Clause: Limit one of each Pok\u00e9mon\n|rule|Item Clause: Limit one of each item\n|clearpoke\n|poke|p1|Pincurchin, L50, F|\n|poke|p1|Iron Bundle, L50|\n|poke|p1|Flutter Mane, L50|\n|poke|p1|Iron Hands, L50|\n|poke|p1|Iron Treads, L50|\n|poke|p1|Gyarados, L50, F|\n|poke|p2|Chien-Pao, L50|\n|poke|p2|Dragonite, L50, M|\n|poke|p2|Talonflame, L50, M|\n|poke|p2|Flutter Mane, L50|\n|poke|p2|Great Tusk, L50|\n|poke|p2|Iron Bundle, L50|\n|teampreview|4\n|inactive|Battle timer is ON: inactive players will automatically lose when time's up. (requested by Himi_Him)\n|j| jawad_am\n|inactive|Himi_Him has 60 seconds left.\n|\n|t:|1683054189\n|start\n|switch|p1a: Flutter Mane|Flutter Mane, L50|100\/100\n|switch|p1b: Iron Treads|Iron Treads, L50|100\/100\n|switch|p2a: Talonflame|Talonflame, L50, M|100\/100\n|switch|p2b: Great Tusk|Great Tusk, L50|100\/100\n|-enditem|p1a: Flutter Mane|Booster Energy\n|-activate|p1a: Flutter Mane|ability: Protosynthesis|[fromitem]\n|-start|p1a: Flutter Mane|protosynthesisspe\n|turn|1\n|inactive|Himi_Him has 30 seconds left.\n|inactive|Himi_Him has 20 seconds left.\n|\n|t:|1683054227\n|-end|p1a: Flutter Mane|Protosynthesis|[silent]\n|switch|p1a: Gyarados|Gyarados, L50, F|100\/100\n|-ability|p1a: Gyarados|Intimidate|boost\n|-unboost|p2a: Talonflame|atk|1\n|-unboost|p2b: Great Tusk|atk|1\n|-terastallize|p2b: Great Tusk|Ground\n|move|p2a: Talonflame|Tailwind|p2a: Talonflame\n|-sidestart|p2: Breakaway97|move: Tailwind\n|move|p2b: Great Tusk|Earthquake|p1a: Gyarados|[spread] p1b\n|-immune|p2a: Talonflame\n|-immune|p1a: Gyarados\n|-supereffective|p1b: Iron Treads\n|-damage|p1b: Iron Treads|28\/100\n|move|p1b: Iron Treads|Rock Slide|p2a: Talonflame|[spread] p2b\n|-miss|p1b: Iron Treads|p2a: Talonflame\n|-resisted|p2b: Great Tusk\n|-damage|p2b: Great Tusk|91\/100\n|\n|upkeep\n|turn|2\n|inactive|Himi_Him has 30 seconds left.\n|inactive|Breakaway97 has 30 seconds left.\n|\n|t:|1683054255\n|move|p2b: Great Tusk|Earthquake|p1b: Iron Treads|[spread] p1b\n|-immune|p2a: Talonflame\n|-immune|p1a: Gyarados\n|-supereffective|p1b: Iron Treads\n|-damage|p1b: Iron Treads|0 fnt\n|faint|p1b: Iron Treads\n|-end|p1b: Iron Treads|Quark Drive|[silent]\n|move|p2a: Talonflame|Sunny Day|p2a: Talonflame\n|-weather|SunnyDay\n|-activate|p2b: Great Tusk|ability: Protosynthesis\n|-start|p2b: Great Tusk|protosynthesisdef\n|move|p1a: Gyarados|Dragon Dance|p1a: Gyarados\n|-boost|p1a: Gyarados|atk|1\n|-boost|p1a: Gyarados|spe|1\n|\n|-weather|SunnyDay|[upkeep]\n|upkeep\n|\n|t:|1683054267\n|switch|p1b: Pincurchin|Pincurchin, L50, F|100\/100\n|-fieldstart|move: Electric Terrain|[from] ability: Electric Surge|[of] p1b: Pincurchin\n|turn|3\n|\n|t:|1683054291\n|-terastallize|p1b: Pincurchin|Flying\n|move|p2b: Great Tusk|Earthquake|p1b: Pincurchin|[spread] \n|-immune|p2a: Talonflame\n|-immune|p1a: Gyarados\n|-immune|p1b: Pincurchin\n|move|p2a: Talonflame|Flame Charge|p1a: Gyarados\n|-resisted|p1a: Gyarados\n|-damage|p1a: Gyarados|90\/100\n|-boost|p2a: Talonflame|spe|1\n|move|p1a: Gyarados|Dragon Dance|p1a: Gyarados\n|-boost|p1a: Gyarados|atk|1\n|-boost|p1a: Gyarados|spe|1\n|move|p1b: Pincurchin|Wild Charge|p2a: Talonflame\n|-supereffective|p2a: Talonflame\n|-damage|p2a: Talonflame|7\/100\n|-damage|p1b: Pincurchin|77\/100|[from] Recoil\n|\n|-weather|SunnyDay|[upkeep]\n|upkeep\n|turn|4\n|inactive|Breakaway97 has 30 seconds left.\n|\n|t:|1683054324\n|-end|p2b: Great Tusk|Protosynthesis|[silent]\n|switch|p2b: Iron Bundle|Iron Bundle, L50|100\/100\n|-activate|p2b: Iron Bundle|ability: Quark Drive\n|-start|p2b: Iron Bundle|quarkdrivespe\n|move|p1b: Pincurchin|Sucker Punch|p2a: Talonflame\n|-damage|p2a: Talonflame|0 fnt\n|faint|p2a: Talonflame\n|move|p1a: Gyarados|Dragon Dance|p1a: Gyarados\n|-boost|p1a: Gyarados|atk|1\n|-boost|p1a: Gyarados|spe|1\n|\n|-weather|SunnyDay|[upkeep]\n|-sideend|p2: Breakaway97|move: Tailwind\n|upkeep\n|\n|t:|1683054336\n|switch|p2a: Flutter Mane|Flutter Mane, L50|100\/100\n|-activate|p2a: Flutter Mane|ability: Protosynthesis\n|-start|p2a: Flutter Mane|protosynthesisspe\n|turn|5\n|\n|t:|1683054346\n|move|p1a: Gyarados|Protect|p1a: Gyarados\n|-singleturn|p1a: Gyarados|Protect\n|move|p1b: Pincurchin|Protect|p1b: Pincurchin\n|-singleturn|p1b: Pincurchin|Protect\n|move|p2b: Iron Bundle|Encore|p1a: Gyarados\n|-activate|p1a: Gyarados|move: Protect\n|move|p2a: Flutter Mane|Thunderbolt|p1a: Gyarados\n|-activate|p1a: Gyarados|move: Protect\n|\n|-weather|SunnyDay|[upkeep]\n|upkeep\n|turn|6\n|inactive|Himi_Him has 30 seconds left.\n|\n|t:|1683054378\n|move|p1a: Gyarados|Waterfall|p2a: Flutter Mane\n|-damage|p2a: Flutter Mane|16\/100\n|move|p2b: Iron Bundle|Encore|p1a: Gyarados\n|-start|p1a: Gyarados|Encore\n|move|p2a: Flutter Mane|Thunderbolt|p1b: Pincurchin\n|-supereffective|p1b: Pincurchin\n|-damage|p1b: Pincurchin|0 fnt\n|faint|p1b: Pincurchin\n|\n|-weather|none\n|-end|p2a: Flutter Mane|Protosynthesis\n|upkeep\n|\n|t:|1683054387\n|switch|p1b: Flutter Mane|Flutter Mane, L50|100\/100\n|turn|7\n|\n|t:|1683054396\n|move|p1a: Gyarados|Waterfall|p2b: Iron Bundle\n|-resisted|p2b: Iron Bundle\n|-damage|p2b: Iron Bundle|58\/100\n|move|p2b: Iron Bundle|Icy Wind|p1b: Flutter Mane|[spread] p1a,p1b\n|-crit|p1a: Gyarados\n|-damage|p1a: Gyarados|66\/100\n|-damage|p1b: Flutter Mane|82\/100\n|-unboost|p1a: Gyarados|spe|1\n|-unboost|p1b: Flutter Mane|spe|1\n|move|p2a: Flutter Mane|Thunderbolt|p1a: Gyarados\n|-supereffective|p1a: Gyarados\n|-crit|p1a: Gyarados\n|-damage|p1a: Gyarados|0 fnt\n|faint|p1a: Gyarados\n|move|p1b: Flutter Mane|Dazzling Gleam|p2b: Iron Bundle|[spread] p2a,p2b\n|-damage|p2a: Flutter Mane|0 fnt\n|-damage|p2b: Iron Bundle|0 fnt\n|faint|p2a: Flutter Mane\n|-end|p2a: Flutter Mane|Protosynthesis|[silent]\n|faint|p2b: Iron Bundle\n|-end|p2b: Iron Bundle|Quark Drive|[silent]\n|\n|upkeep\n|\n|t:|1683054415\n|switch|p2a: Great Tusk|Great Tusk, L50, tera:Ground|91\/100\n|turn|8\n|\n|t:|1683054423\n|move|p1b: Flutter Mane|Protect|p1b: Flutter Mane\n|-singleturn|p1b: Flutter Mane|Protect\n|move|p2a: Great Tusk|Headlong Rush|p1b: Flutter Mane\n|-activate|p1b: Flutter Mane|move: Protect\n|\n|upkeep\n|turn|9\n|\n|t:|1683054434\n|move|p2a: Great Tusk|Headlong Rush|p1b: Flutter Mane\n|-damage|p1b: Flutter Mane|0 fnt\n|-unboost|p2a: Great Tusk|def|1\n|-unboost|p2a: Great Tusk|spd|1\n|faint|p1b: Flutter Mane\n|-end|p1b: Flutter Mane|Protosynthesis|[silent]\n|\n|win|Breakaway97\n|raw|Himi_Him's rating: 1438 → 1419<\/strong> (-19 for losing)\n|raw|Breakaway97's rating: 1449 → 1468<\/strong> (+19 for winning)\n|c|\u2606Breakaway97|GG\n|c| jawad_am|ggs\n|c|\u2606Himi_Him|gg\n","uploadtime":1683054462,"views":8,"p1id":"himihim","p2id":"breakaway97","formatid":"gen9vgc2023regulationc","rating":1419,"private":0,"password":""}