{"id":"gen9vgc2023regulationc-1846704709","p1":"Howdy04","p2":"cadenguy","format":"[Gen 9] VGC 2023 Regulation C","log":"|j|\u2606Howdy04\n|j|\u2606cadenguy\n|t:|1681868013\n|gametype|doubles\n|player|p1|Howdy04|169|\n|player|p2|cadenguy|clair|\n|teamsize|p1|6\n|teamsize|p2|6\n|gen|9\n|tier|[Gen 9] VGC 2023 Regulation C\n|rule|Species Clause: Limit one of each Pok\u00e9mon\n|rule|Item Clause: Limit one of each item\n|clearpoke\n|poke|p1|Armarouge, L50, M|\n|poke|p1|Indeedee-F, L50, F|\n|poke|p1|Garganacl, L50, F|\n|poke|p1|Azumarill, L50, F|\n|poke|p1|Torkoal, L50, M|\n|poke|p1|Lilligant, L50, F|\n|poke|p2|Bronzong, L50|\n|poke|p2|Flutter Mane, L50|\n|poke|p2|Hydreigon, L50, M|\n|poke|p2|Meowscarada, L50, F|\n|poke|p2|Clodsire, L50, M|\n|poke|p2|Breloom, L50, M|\n|teampreview|4\n|c|\u2606cadenguy|hold up im getting water real quicl\n|j| vFrostii\n|c|\u2606cadenguy|my throat hurrts\n|inactive|Battle timer is ON: inactive players will automatically lose when time's up. (requested by Howdy04)\n|c|\u2606Howdy04|Ok no worries\n|j| elyk1987\n|c| vFrostii|bruh\n|inactive|cadenguy has 60 seconds left.\n|inactiveoff|Battle timer is now OFF.\n|\n|t:|1681868088\n|start\n|switch|p1a: Azumarill|Azumarill, L50, F|100\/100\n|switch|p1b: Indeedee|Indeedee-F, L50, F|100\/100\n|switch|p2a: Meowscarada|Meowscarada, L50, F|100\/100\n|switch|p2b: Ding Dong|Bronzong, L50|100\/100\n|-fieldstart|move: Psychic Terrain|[from] ability: Psychic Surge|[of] p1b: Indeedee\n|-enditem|p1b: Indeedee|Psychic Seed\n|-boost|p1b: Indeedee|spd|1|[from] item: Psychic Seed\n|turn|1\n|c| vFrostii|w\n|inactive|Battle timer is ON: inactive players will automatically lose when time's up. (requested by Howdy04)\n|j| Lint623\n|inactive|cadenguy has 30 seconds left.\n|\n|t:|1681868127\n|move|p1b: Indeedee|Follow Me|p1b: Indeedee\n|-singleturn|p1b: Indeedee|move: Follow Me\n|move|p2a: Meowscarada|Knock Off|p1b: Indeedee\n|-supereffective|p1b: Indeedee\n|-damage|p1b: Indeedee|21\/100\n|move|p1a: Azumarill|Belly Drum|p1a: Azumarill\n|-damage|p1a: Azumarill|51\/100\n|-setboost|p1a: Azumarill|atk|6|[from] move: Belly Drum\n|move|p2b: Ding Dong|Ice Spinner|p1b: Indeedee\n|-damage|p1b: Indeedee|4\/100\n|-fieldend|move: Psychic Terrain\n|\n|upkeep\n|turn|2\n|inactive|Howdy04 has 30 seconds left.\n|inactive|cadenguy has 30 seconds left.\n|inactive|Howdy04 has 20 seconds left.\n|inactive|Howdy04 has 15 seconds left.\n|inactive|Howdy04 has 10 seconds left.\n|\n|t:|1681868177\n|-terastallize|p1a: Azumarill|Grass\n|move|p2a: Meowscarada|Knock Off|p1b: Indeedee\n|-supereffective|p1b: Indeedee\n|-damage|p1b: Indeedee|0 fnt\n|faint|p1b: Indeedee\n|move|p1a: Azumarill|Liquidation|p2a: Meowscarada\n|-resisted|p2a: Meowscarada\n|-enditem|p2a: Meowscarada|Focus Sash\n|-damage|p2a: Meowscarada|1\/100\n|move|p2b: Ding Dong|Heavy Slam|p1a: Azumarill\n|-damage|p1a: Azumarill|8\/100\n|-enditem|p1a: Azumarill|Sitrus Berry|[eat]\n|-heal|p1a: Azumarill|32\/100|[from] item: Sitrus Berry\n|\n|upkeep\n|\n|t:|1681868192\n|switch|p1b: Torkoal|Torkoal, L50, M|100\/100\n|-weather|SunnyDay|[from] ability: Drought|[of] p1b: Torkoal\n|turn|3\n|inactive|cadenguy has 30 seconds left.\n|\n|t:|1681868218\n|move|p1a: Azumarill|Protect|p1a: Azumarill\n|-singleturn|p1a: Azumarill|Protect\n|move|p2a: Meowscarada|Knock Off|p1b: Torkoal\n|-damage|p1b: Torkoal|58\/100\n|-enditem|p1b: Torkoal|Charcoal|[from] move: Knock Off|[of] p2a: Meowscarada\n|move|p2b: Ding Dong|Ice Spinner|p1a: Azumarill\n|-activate|p1a: Azumarill|move: Protect\n|move|p1b: Torkoal|Eruption|p2b: Ding Dong|[spread] p2a,p2b\n|-supereffective|p2a: Meowscarada\n|-supereffective|p2b: Ding Dong\n|-damage|p2a: Meowscarada|0 fnt\n|-damage|p2b: Ding Dong|73\/100\n|faint|p2a: Meowscarada\n|\n|-weather|SunnyDay|[upkeep]\n|upkeep\n|\n|t:|1681868234\n|switch|p2a: Hydrogen|Hydreigon, L50, M|100\/100\n|turn|4\n|inactive|cadenguy has 30 seconds left.\n|\n|t:|1681868268\n|move|p2b: Ding Dong|Helping Hand|p2a: Hydrogen\n|-singleturn|p2a: Hydrogen|Helping Hand|[of] p2b: Ding Dong\n|move|p2a: Hydrogen|Dark Pulse|p1a: Azumarill\n|-damage|p1a: Azumarill|0 fnt\n|faint|p1a: Azumarill\n|-damage|p2a: Hydrogen|91\/100|[from] item: Life Orb\n|move|p1b: Torkoal|Flamethrower|p2b: Ding Dong\n|-supereffective|p2b: Ding Dong\n|-damage|p2b: Ding Dong|28\/100\n|\n|-weather|SunnyDay|[upkeep]\n|upkeep\n|\n|t:|1681868274\n|switch|p1a: Garganacl|Garganacl, L50, F|100\/100\n|turn|5\n|\n|t:|1681868294\n|move|p2b: Ding Dong|Helping Hand|p2a: Hydrogen\n|-singleturn|p2a: Hydrogen|Helping Hand|[of] p2b: Ding Dong\n|move|p2a: Hydrogen|Earth Power|p1b: Torkoal\n|-supereffective|p1b: Torkoal\n|-damage|p1b: Torkoal|0 fnt\n|faint|p1b: Torkoal\n|-damage|p2a: Hydrogen|81\/100|[from] item: Life Orb\n|move|p1a: Garganacl|Salt Cure|p2a: Hydrogen\n|-damage|p2a: Hydrogen|65\/100\n|-start|p2a: Hydrogen|Salt Cure\n|\n|-weather|SunnyDay|[upkeep]\n|-damage|p2a: Hydrogen|53\/100|[from] Salt Cure\n|upkeep\n|turn|6\n|\n|t:|1681868309\n|move|p2b: Ding Dong|Helping Hand|p2a: Hydrogen\n|-singleturn|p2a: Hydrogen|Helping Hand|[of] p2b: Ding Dong\n|move|p2a: Hydrogen|Flash Cannon|p1a: Garganacl\n|-supereffective|p1a: Garganacl\n|-damage|p1a: Garganacl|15\/100\n|-damage|p2a: Hydrogen|44\/100|[from] item: Life Orb\n|move|p1a: Garganacl|Recover|p1a: Garganacl\n|-heal|p1a: Garganacl|65\/100\n|\n|-weather|SunnyDay|[upkeep]\n|-heal|p1a: Garganacl|71\/100|[from] item: Leftovers\n|-damage|p2a: Hydrogen|32\/100|[from] Salt Cure\n|upkeep\n|turn|7\n|\n|t:|1681868325\n|move|p2b: Ding Dong|Helping Hand|p2a: Hydrogen\n|-singleturn|p2a: Hydrogen|Helping Hand|[of] p2b: Ding Dong\n|move|p1a: Garganacl|Protect|p1a: Garganacl\n|-singleturn|p1a: Garganacl|Protect\n|move|p2a: Hydrogen|Flash Cannon|p1a: Garganacl\n|-activate|p1a: Garganacl|move: Protect\n|\n|-weather|none\n|-heal|p1a: Garganacl|77\/100|[from] item: Leftovers\n|-damage|p2a: Hydrogen|20\/100|[from] Salt Cure\n|upkeep\n|turn|8\n|\n|t:|1681868348\n|move|p2b: Ding Dong|Helping Hand|p2a: Hydrogen\n|-singleturn|p2a: Hydrogen|Helping Hand|[of] p2b: Ding Dong\n|move|p1a: Garganacl|Protect||[still]\n|-fail|p1a: Garganacl\n|move|p2a: Hydrogen|Flash Cannon|p1a: Garganacl\n|-supereffective|p1a: Garganacl\n|-damage|p1a: Garganacl|0 fnt\n|faint|p1a: Garganacl\n|-damage|p2a: Hydrogen|10\/100|[from] item: Life Orb\n|\n|win|cadenguy\n|j| GoldenKurama\n|l|\u2606Howdy04\n","uploadtime":1681868358,"views":14,"p1id":"howdy04","p2id":"cadenguy","formatid":"gen9vgc2023regulationc","rating":0,"private":0,"password":""}