{"id":"gen9vgc2023regulationc-1850836400","p1":"Eagrill","p2":"tuxmux","format":"[Gen 9] VGC 2023 Regulation C","log":"|j|\u2606Eagrill\n|j|\u2606tuxmux\n|t:|1682372715\n|gametype|doubles\n|player|p1|Eagrill|265|\n|player|p2|tuxmux|2|\n|teamsize|p1|6\n|teamsize|p2|6\n|gen|9\n|tier|[Gen 9] VGC 2023 Regulation C\n|rule|Species Clause: Limit one of each Pok\u00e9mon\n|rule|Item Clause: Limit one of each item\n|clearpoke\n|poke|p1|Ceruledge, L50, F|\n|poke|p1|Coalossal, L50, F|\n|poke|p1|Gastrodon, L50, F|\n|poke|p1|Kilowattrel, L50, M|\n|poke|p1|Grimmsnarl, L50, M|\n|poke|p1|Brambleghast, L50, F|\n|poke|p2|Talonflame, L50, F|\n|poke|p2|Hydreigon, L50, M|\n|poke|p2|Tinkaton, L50, F|\n|poke|p2|Azumarill, L50, M|\n|poke|p2|Lucario, L50, F|\n|poke|p2|Toxapex, L50, M|\n|teampreview|4\n|inactive|Battle timer is ON: inactive players will automatically lose when time's up. (requested by Eagrill)\n|inactiveoff|Battle timer is now OFF.\n|j| jayballester\n|\n|t:|1682372784\n|start\n|switch|p1a: dont have this|Gastrodon, L50, F|100\/100\n|switch|p1b: I have this|Coalossal, L50, F|100\/100\n|switch|p2a: who tf uses this|Talonflame, L50, F|100\/100\n|switch|p2b: good pick (not)|Hydreigon, L50, M|100\/100\n|turn|1\n|\n|t:|1682372827\n|-terastallize|p1b: I have this|Grass\n|move|p2a: who tf uses this|Protect|p2a: who tf uses this\n|-singleturn|p2a: who tf uses this|Protect\n|move|p2b: good pick (not)|Draco Meteor|p1b: I have this\n|-damage|p1b: I have this|3\/100\n|-unboost|p2b: good pick (not)|spa|2\n|move|p1a: dont have this|Surf|p2a: who tf uses this|[spread] p1b,p2b\n|-activate|p2a: who tf uses this|move: Protect\n|-resisted|p1b: I have this\n|-resisted|p2b: good pick (not)\n|-damage|p1b: I have this|0 fnt\n|-damage|p2b: good pick (not)|90\/100\n|faint|p1b: I have this\n|\n|upkeep\n|\n|t:|1682372842\n|switch|p1b: what is this|Grimmsnarl, L50, M|100\/100\n|turn|2\n|\n|t:|1682372853\n|switch|p2b: shes a lil gal|Tinkaton, L50, F|100\/100\n|-ability|p2b: shes a lil gal|Mold Breaker\n|move|p2a: who tf uses this|Tailwind|p2a: who tf uses this\n|-sidestart|p2: tuxmux|move: Tailwind\n|move|p1b: what is this|Spirit Break|p2b: shes a lil gal\n|-resisted|p2b: shes a lil gal\n|-damage|p2b: shes a lil gal|83\/100\n|-unboost|p2b: shes a lil gal|spa|1\n|move|p1a: dont have this|Icy Wind|p2a: who tf uses this|[spread] p2a,p2b\n|-resisted|p2b: shes a lil gal\n|-damage|p2a: who tf uses this|91\/100\n|-damage|p2b: shes a lil gal|79\/100\n|-unboost|p2a: who tf uses this|spe|1\n|-unboost|p2b: shes a lil gal|spe|1\n|\n|upkeep\n|turn|3\n|\n|t:|1682372912\n|move|p2b: shes a lil gal|Fake Out|p1a: dont have this\n|-damage|p1a: dont have this|92\/100\n|move|p1b: what is this|Reflect|p1b: what is this\n|-sidestart|p1: Eagrill|Reflect\n|move|p2a: who tf uses this|Brave Bird|p1b: what is this\n|-damage|p1b: what is this|50\/100\n|-damage|p2a: who tf uses this|73\/100|[from] Recoil\n|-damage|p2a: who tf uses this|63\/100|[from] item: Life Orb\n|cant|p1a: dont have this|flinch\n|\n|-heal|p1a: dont have this|98\/100|[from] item: Leftovers\n|upkeep\n|turn|4\n|\n|t:|1682372935\n|move|p2a: who tf uses this|Protect|p2a: who tf uses this\n|-singleturn|p2a: who tf uses this|Protect\n|move|p1b: what is this|Parting Shot|p2b: shes a lil gal\n|-unboost|p2b: shes a lil gal|atk|1\n|-unboost|p2b: shes a lil gal|spa|1\n|\n|t:|1682372941\n|switch|p1b: I dont have this|Ceruledge, L50, F|100\/100|[from] Parting Shot\n|move|p2b: shes a lil gal|Gigaton Hammer|p1b: I dont have this\n|-resisted|p1b: I dont have this\n|-damage|p1b: I dont have this|79\/100\n|move|p1a: dont have this|Icy Wind|p2a: who tf uses this|[spread] p2b\n|-activate|p2a: who tf uses this|move: Protect\n|-resisted|p2b: shes a lil gal\n|-damage|p2b: shes a lil gal|75\/100\n|-unboost|p2b: shes a lil gal|spe|1\n|\n|-heal|p1a: dont have this|100\/100|[from] item: Leftovers\n|upkeep\n|turn|5\n|\n|t:|1682372962\n|switch|p2a: Specs Hex Pex|Toxapex, L50, M|100\/100\n|move|p2b: shes a lil gal|Protect|p2b: shes a lil gal\n|-singleturn|p2b: shes a lil gal|Protect\n|move|p1b: I dont have this|Bitter Blade|p2b: shes a lil gal\n|-activate|p2b: shes a lil gal|move: Protect\n|move|p1a: dont have this|Icy Wind|p2a: Specs Hex Pex|[spread] p2a\n|-activate|p2b: shes a lil gal|move: Protect\n|-resisted|p2a: Specs Hex Pex\n|-damage|p2a: Specs Hex Pex|98\/100\n|-unboost|p2a: Specs Hex Pex|spe|1\n|\n|-heal|p2a: Specs Hex Pex|100\/100|[from] item: Leftovers\n|-sideend|p2: tuxmux|move: Tailwind\n|upkeep\n|turn|6\n|\n|t:|1682373013\n|-terastallize|p2b: shes a lil gal|Fairy\n|move|p2b: shes a lil gal|Helping Hand|p2a: Specs Hex Pex\n|-singleturn|p2a: Specs Hex Pex|Helping Hand|[of] p2b: shes a lil gal\n|move|p1b: I dont have this|Bitter Blade|p2b: shes a lil gal\n|-damage|p2b: shes a lil gal|22\/100\n|-heal|p1b: I dont have this|100\/100|[from] drain|[of] p2b: shes a lil gal\n|-enditem|p2b: shes a lil gal|Oran Berry|[eat]\n|-heal|p2b: shes a lil gal|28\/100|[from] item: Oran Berry\n|move|p1a: dont have this|Icy Wind|p2a: Specs Hex Pex|[spread] p2a,p2b\n|-resisted|p2a: Specs Hex Pex\n|-damage|p2a: Specs Hex Pex|98\/100\n|-damage|p2b: shes a lil gal|20\/100\n|-unboost|p2a: Specs Hex Pex|spe|1\n|-unboost|p2b: shes a lil gal|spe|1\n|move|p2a: Specs Hex Pex|Sludge Bomb|p1b: I dont have this\n|-resisted|p1b: I dont have this\n|-damage|p1b: I dont have this|82\/100\n|-status|p1b: I dont have this|psn\n|\n|-heal|p2a: Specs Hex Pex|100\/100|[from] item: Leftovers\n|-damage|p1b: I dont have this|70\/100 psn|[from] psn\n|upkeep\n|turn|7\n|c| jayballester|pog berry\n|\n|t:|1682373042\n|move|p2b: shes a lil gal|Protect|p2b: shes a lil gal\n|-singleturn|p2b: shes a lil gal|Protect\n|move|p1b: I dont have this|Bitter Blade|p2b: shes a lil gal\n|-activate|p2b: shes a lil gal|move: Protect\n|move|p1a: dont have this|Yawn|p2a: Specs Hex Pex\n|-start|p2a: Specs Hex Pex|move: Yawn|[of] p1a: dont have this\n|move|p2a: Specs Hex Pex|Hex|p1b: I dont have this\n|-supereffective|p1b: I dont have this\n|-damage|p1b: I dont have this|28\/100 psn\n|\n|-damage|p1b: I dont have this|16\/100 psn|[from] psn\n|upkeep\n|turn|8\n|\n|t:|1682373096\n|switch|p2b: good pick (not)|Hydreigon, L50, M|90\/100\n|move|p1b: I dont have this|Bitter Blade|p2b: good pick (not)\n|-resisted|p2b: good pick (not)\n|-damage|p2b: good pick (not)|64\/100\n|-heal|p1b: I dont have this|30\/100 psn|[from] drain|[of] p2b: good pick (not)\n|move|p1a: dont have this|Icy Wind|p2b: good pick (not)|[spread] p2a,p2b\n|-resisted|p2a: Specs Hex Pex\n|-supereffective|p2b: good pick (not)\n|-damage|p2a: Specs Hex Pex|98\/100\n|-damage|p2b: good pick (not)|45\/100\n|-unboost|p2a: Specs Hex Pex|spe|1\n|-unboost|p2b: good pick (not)|spe|1\n|move|p2a: Specs Hex Pex|Hex|p1b: I dont have this\n|-supereffective|p1b: I dont have this\n|-damage|p1b: I dont have this|0 fnt\n|faint|p1b: I dont have this\n|\n|-heal|p2a: Specs Hex Pex|100\/100|[from] item: Leftovers\n|-end|p2a: Specs Hex Pex|move: Yawn|[silent]\n|-status|p2a: Specs Hex Pex|slp\n|upkeep\n|\n|t:|1682373100\n|switch|p1b: what is this|Grimmsnarl, L50, M|50\/100\n|turn|9\n|\n|t:|1682373126\n|move|p1a: dont have this|Protect|p1a: dont have this\n|-singleturn|p1a: dont have this|Protect\n|cant|p2a: Specs Hex Pex|slp\n|move|p2b: good pick (not)|Flash Cannon|p1b: what is this\n|-supereffective|p1b: what is this\n|-damage|p1b: what is this|0 fnt\n|faint|p1b: what is this\n|\n|upkeep\n|turn|10\n|\n|t:|1682373142\n|move|p2b: good pick (not)|Flash Cannon|p1a: dont have this\n|-resisted|p1a: dont have this\n|-damage|p1a: dont have this|80\/100\n|-unboost|p1a: dont have this|spd|1\n|move|p1a: dont have this|Surf|p2b: good pick (not)|[spread] p2a,p2b\n|-resisted|p2a: Specs Hex Pex\n|-resisted|p2b: good pick (not)\n|-damage|p2a: Specs Hex Pex|94\/100 slp\n|-damage|p2b: good pick (not)|34\/100\n|cant|p2a: Specs Hex Pex|slp\n|\n|-heal|p1a: dont have this|86\/100|[from] item: Leftovers\n|-heal|p2a: Specs Hex Pex|99\/100 slp|[from] item: Leftovers\n|-sideend|p1: Eagrill|Reflect\n|upkeep\n|turn|11\n|j| Jstardude\n|\n|t:|1682373163\n|move|p2b: good pick (not)|Flash Cannon|p1a: dont have this\n|-resisted|p1a: dont have this\n|-damage|p1a: dont have this|60\/100\n|-unboost|p1a: dont have this|spd|1\n|move|p1a: dont have this|Surf|p2a: Specs Hex Pex|[spread] p2a,p2b\n|-resisted|p2a: Specs Hex Pex\n|-resisted|p2b: good pick (not)\n|-damage|p2a: Specs Hex Pex|92\/100 slp\n|-damage|p2b: good pick (not)|21\/100\n|cant|p2a: Specs Hex Pex|slp\n|\n|-heal|p1a: dont have this|66\/100|[from] item: Leftovers\n|-heal|p2a: Specs Hex Pex|98\/100 slp|[from] item: Leftovers\n|upkeep\n|turn|12\n|c| jayballester|zZz\n|\n|t:|1682373171\n|switch|p2b: shes a lil gal|Tinkaton, L50, F, tera:Fairy|20\/100\n|-ability|p2b: shes a lil gal|Mold Breaker\n|move|p1a: dont have this|Icy Wind|p2b: shes a lil gal|[spread] p2a,p2b\n|-resisted|p2a: Specs Hex Pex\n|-damage|p2a: Specs Hex Pex|95\/100 slp\n|-damage|p2b: shes a lil gal|13\/100\n|-unboost|p2a: Specs Hex Pex|spe|1\n|-unboost|p2b: shes a lil gal|spe|1\n|-curestatus|p2a: Specs Hex Pex|slp|[msg]\n|move|p2a: Specs Hex Pex|Sludge Bomb|p1a: dont have this\n|-resisted|p1a: dont have this\n|-damage|p1a: dont have this|50\/100\n|\n|-heal|p1a: dont have this|56\/100|[from] item: Leftovers\n|-heal|p2a: Specs Hex Pex|100\/100|[from] item: Leftovers\n|upkeep\n|turn|13\n|c|\u2606tuxmux|the pex is gladly asleep\n|c|\u2606tuxmux|bros goin mimimimi\n|\n|t:|1682373210\n|move|p2b: shes a lil gal|Fake Out|p1a: dont have this\n|-damage|p1a: dont have this|46\/100\n|cant|p1a: dont have this|flinch\n|move|p2a: Specs Hex Pex|Sludge Bomb|p1a: dont have this\n|-resisted|p1a: dont have this\n|-damage|p1a: dont have this|30\/100\n|\n|-heal|p1a: dont have this|36\/100|[from] item: Leftovers\n|upkeep\n|turn|14\n|\n|t:|1682373217\n|move|p2b: shes a lil gal|Gigaton Hammer|p1a: dont have this\n|-resisted|p1a: dont have this\n|-damage|p1a: dont have this|8\/100\n|move|p1a: dont have this|Surf|p2b: shes a lil gal|[spread] p2a,p2b\n|-resisted|p2a: Specs Hex Pex\n|-damage|p2a: Specs Hex Pex|94\/100\n|-damage|p2b: shes a lil gal|0 fnt\n|faint|p2b: shes a lil gal\n|move|p2a: Specs Hex Pex|Sludge Bomb|p1a: dont have this\n|-resisted|p1a: dont have this\n|-damage|p1a: dont have this|0 fnt\n|faint|p1a: dont have this\n|\n|win|tuxmux\n|c|\u2606tuxmux|gg\n","uploadtime":1682373223,"views":10,"p1id":"eagrill","p2id":"tuxmux","formatid":"gen9vgc2023regulationc","rating":0,"private":0,"password":""}