{"id":"gen9vgc2023regulationc-1852910187","p1":"haha u rage quit","p2":"Matteo0605","format":"[Gen 9] VGC 2023 Regulation C","log":"|j|\u2606haha u rage quit\n|j|\u2606Matteo0605\n|t:|1682616548\n|gametype|doubles\n|player|p1|haha u rage quit|pokemaniac|1459\n|player|p2|Matteo0605|n|1497\n|teamsize|p1|6\n|teamsize|p2|6\n|gen|9\n|tier|[Gen 9] VGC 2023 Regulation C\n|rated|\n|rule|Species Clause: Limit one of each Pok\u00e9mon\n|rule|Item Clause: Limit one of each item\n|clearpoke\n|poke|p1|Flutter Mane, L50|\n|poke|p1|Iron Hands, L50|\n|poke|p1|Iron Bundle, L50|\n|poke|p1|Torkoal, L50, M|\n|poke|p1|Klefki, L50, M|\n|poke|p1|Corviknight, L50, M|\n|poke|p2|Wo-Chien, L50|\n|poke|p2|Arcanine, L50, F|\n|poke|p2|Flutter Mane, L50|\n|poke|p2|Gothitelle, L50, F|\n|poke|p2|Iron Hands, L50|\n|poke|p2|Azumarill, L50, M|\n|teampreview|4\n|inactive|Battle timer is ON: inactive players will automatically lose when time's up. (requested by Matteo0605)\nMatteo0605 has agreed to open team sheets.\n|j| Braindeadmeta\n|inactive|haha u rage quit has 60 seconds left.\n|inactive|Matteo0605 has 60 seconds left.\n|inactive|Matteo0605 has 30 seconds left.\n|inactive|Matteo0605 has 20 seconds left.\n|inactive|Matteo0605 has 15 seconds left.\n|inactive|Matteo0605 has 10 seconds left.\n|inactive|Matteo0605 has 5 seconds left.\n|\n|t:|1682616638\n|start\n|switch|p1a: Flutter Mane|Flutter Mane, L50, shiny|100\/100\n|switch|p1b: Torkoal|Torkoal, L50, M|100\/100\n|switch|p2a: Flutter Mane|Flutter Mane, L50|100\/100\n|switch|p2b: Iron Hands|Iron Hands, L50|100\/100\n|-weather|SunnyDay|[from] ability: Drought|[of] p1b: Torkoal\n|-activate|p2a: Flutter Mane|ability: Protosynthesis\n|-start|p2a: Flutter Mane|protosynthesisspe\n|-activate|p1a: Flutter Mane|ability: Protosynthesis\n|-start|p1a: Flutter Mane|protosynthesisspa\n|turn|1\n|inactive|haha u rage quit has 30 seconds left.\n|inactive|Matteo0605 has 30 seconds left.\n|inactive|Matteo0605 has 20 seconds left.\n|\n|t:|1682616675\n|move|p1b: Torkoal|Helping Hand|p1a: Flutter Mane\n|-singleturn|p1a: Flutter Mane|Helping Hand|[of] p1b: Torkoal\n|move|p2a: Flutter Mane|Shadow Ball|p1b: Torkoal\n|-damage|p1b: Torkoal|52\/100\n|move|p1a: Flutter Mane|Dazzling Gleam|p2a: Flutter Mane|[spread] p2a,p2b\n|-crit|p2a: Flutter Mane\n|-supereffective|p2b: Iron Hands\n|-enditem|p2a: Flutter Mane|Focus Sash\n|-damage|p2a: Flutter Mane|1\/100\n|-damage|p2b: Iron Hands|10\/100\n|move|p2b: Iron Hands|Thunder Punch|p1a: Flutter Mane\n|-damage|p1a: Flutter Mane|13\/100\n|\n|-weather|SunnyDay|[upkeep]\n|-heal|p1b: Torkoal|58\/100|[from] item: Leftovers\n|upkeep\n|turn|2\n|l| Braindeadmeta\n|inactive|haha u rage quit has 30 seconds left.\n|\n|t:|1682616701\n|move|p2a: Flutter Mane|Protect|p2a: Flutter Mane\n|-singleturn|p2a: Flutter Mane|Protect\n|move|p1a: Flutter Mane|Dazzling Gleam|p2a: Flutter Mane|[spread] p2b\n|-activate|p2a: Flutter Mane|move: Protect\n|-supereffective|p2b: Iron Hands\n|-damage|p2b: Iron Hands|0 fnt\n|faint|p2b: Iron Hands\n|-end|p2b: Iron Hands|Quark Drive|[silent]\n|move|p1b: Torkoal|Heat Wave|p2a: Flutter Mane\n|-activate|p2a: Flutter Mane|move: Protect\n|\n|-weather|SunnyDay|[upkeep]\n|-heal|p1b: Torkoal|65\/100|[from] item: Leftovers\n|upkeep\n|\n|t:|1682616708\n|switch|p2b: Azumarill|Azumarill, L50, M|100\/100\n|turn|3\n|inactive|haha u rage quit has 30 seconds left.\n|\n|t:|1682616740\n|-end|p1a: Flutter Mane|Protosynthesis|[silent]\n|switch|p1a: Iron Hands|Iron Hands, L50, shiny|100\/100\n|move|p1b: Torkoal|Protect|p1b: Torkoal\n|-singleturn|p1b: Torkoal|Protect\n|move|p2a: Flutter Mane|Shadow Ball|p1a: Iron Hands\n|-damage|p1a: Iron Hands|72\/100\n|-unboost|p1a: Iron Hands|spd|1\n|move|p2b: Azumarill|Liquidation|p1b: Torkoal\n|-activate|p1b: Torkoal|move: Protect\n|\n|-weather|SunnyDay|[upkeep]\n|-heal|p1b: Torkoal|71\/100|[from] item: Leftovers\n|upkeep\n|turn|4\n|inactive|haha u rage quit has 30 seconds left.\n|\n|t:|1682616770\n|-terastallize|p1a: Iron Hands|Fire\n|move|p1b: Torkoal|Helping Hand|p1a: Iron Hands\n|-singleturn|p1a: Iron Hands|Helping Hand|[of] p1b: Torkoal\n|move|p2a: Flutter Mane|Shadow Ball|p1b: Torkoal\n|-damage|p1b: Torkoal|26\/100\n|move|p2b: Azumarill|Liquidation|p1b: Torkoal\n|-supereffective|p1b: Torkoal\n|-crit|p1b: Torkoal\n|-damage|p1b: Torkoal|0 fnt\n|faint|p1b: Torkoal\n|move|p1a: Iron Hands|Thunder Punch|p2b: Azumarill\n|-supereffective|p2b: Azumarill\n|-damage|p2b: Azumarill|0 fnt\n|faint|p2b: Azumarill\n|\n|-weather|SunnyDay|[upkeep]\n|upkeep\n|\n|t:|1682616784\n|switch|p2b: Gothitelle|Gothitelle, L50, F|100\/100\n|switch|p1b: Corviknight|Corviknight, L50, M, shiny|100\/100\n|turn|5\n|\n|t:|1682616801\n|move|p2a: Flutter Mane|Shadow Ball|p1a: Iron Hands\n|-damage|p1a: Iron Hands|25\/100\n|-enditem|p1a: Iron Hands|Sitrus Berry|[eat]\n|-heal|p1a: Iron Hands|50\/100|[from] item: Sitrus Berry\n|move|p1b: Corviknight|Iron Head|p2a: Flutter Mane\n|-supereffective|p2a: Flutter Mane\n|-damage|p2a: Flutter Mane|0 fnt\n|faint|p2a: Flutter Mane\n|-end|p2a: Flutter Mane|Protosynthesis|[silent]\n|move|p2b: Gothitelle|Heal Pulse|p2: Flutter Mane|[notarget]\n|-fail|p2b: Gothitelle\n|move|p1a: Iron Hands|Thunder Punch|p2b: Gothitelle\n|-damage|p2b: Gothitelle|58\/100\n|\n|-weather|none\n|upkeep\n|turn|6\n|-message|Matteo0605 forfeited.\n|\n|win|haha u rage quit\n|raw|haha u rage quit's rating: 1459 → 1481<\/strong> (+22 for winning)\n|raw|Matteo0605's rating: 1497 → 1475<\/strong> (-22 for losing)\n|l|\u2606Matteo0605\n","uploadtime":1682616850,"views":6,"p1id":"hahauragequit","p2id":"matteo0605","formatid":"gen9vgc2023regulationc","rating":1475,"private":0,"password":""}