{"id":"gen9vgc2023regulationc-1859461087","p1":"GAPDHA","p2":"Toslowbro30","format":"[Gen 9] VGC 2023 Regulation C","log":"|j|\u2606GAPDHA\n|j|\u2606Toslowbro30\n|t:|1683471511\n|gametype|doubles\n|player|p1|GAPDHA|ruinmaniac|1134\n|player|p2|Toslowbro30|norman|1141\n|teamsize|p1|6\n|teamsize|p2|6\n|gen|9\n|tier|[Gen 9] VGC 2023 Regulation C\n|rated|\n|rule|Species Clause: Limit one of each Pok\u00e9mon\n|rule|Item Clause: Limit one of each item\n|clearpoke\n|poke|p1|Hatterene, L50, F|\n|poke|p1|Iron Hands, L50|\n|poke|p1|Torkoal, L50, F|\n|poke|p1|Brute Bonnet, L50|\n|poke|p1|Maushold, L50|\n|poke|p1|Farigiraf, L50, M|\n|poke|p2|Flutter Mane, L50|\n|poke|p2|Slowbro, L50, F|\n|poke|p2|Ting-Lu, L50|\n|poke|p2|Chien-Pao, L50|\n|poke|p2|Dragonite, L50, M|\n|poke|p2|Rotom-Heat, L50|\n|teampreview|4\nGAPDHA has agreed to open team sheets.\n|\n|t:|1683471579\n|start\n|switch|p1a: Hatterene|Hatterene, L50, F|100\/100\n|switch|p1b: Iron Hands|Iron Hands, L50|100\/100\n|switch|p2a: Slowbro|Slowbro, L50, F|100\/100\n|switch|p2b: Ting-Lu|Ting-Lu, L50|100\/100\n|-ability|p2b: Ting-Lu|Vessel of Ruin\n|turn|1\n|\n|t:|1683471603\n|-terastallize|p1b: Iron Hands|Grass\n|move|p2b: Ting-Lu|Protect|p2b: Ting-Lu\n|-singleturn|p2b: Ting-Lu|Protect\n|move|p2a: Slowbro|Protect|p2a: Slowbro\n|-singleturn|p2a: Slowbro|Protect\n|move|p1a: Hatterene|Protect|p1a: Hatterene\n|-singleturn|p1a: Hatterene|Protect\n|move|p1b: Iron Hands|Close Combat|p2b: Ting-Lu\n|-activate|p2b: Ting-Lu|move: Protect\n|\n|upkeep\n|turn|2\n|\n|t:|1683471651\n|move|p2b: Ting-Lu|Stomping Tantrum|p1a: Hatterene\n|-damage|p1a: Hatterene|58\/100\n|move|p2a: Slowbro|Surf|p1b: Iron Hands|[spread] p2b,p1a,p1b\n|-supereffective|p2b: Ting-Lu\n|-resisted|p1b: Iron Hands\n|-damage|p2b: Ting-Lu|78\/100\n|-damage|p1a: Hatterene|40\/100\n|-damage|p1b: Iron Hands|95\/100\n|-enditem|p2b: Ting-Lu|Weakness Policy\n|-boost|p2b: Ting-Lu|atk|2|[from] item: Weakness Policy\n|-boost|p2b: Ting-Lu|spa|2|[from] item: Weakness Policy\n|move|p1b: Iron Hands|Close Combat|p2b: Ting-Lu\n|-supereffective|p2b: Ting-Lu\n|-damage|p2b: Ting-Lu|0 fnt\n|-unboost|p1b: Iron Hands|def|1\n|-unboost|p1b: Iron Hands|spd|1\n|faint|p2b: Ting-Lu\n|move|p1a: Hatterene|Dazzling Gleam|p2a: Slowbro\n|-damage|p2a: Slowbro|56\/100\n|-damage|p1a: Hatterene|30\/100|[from] item: Life Orb\n|\n|-heal|p2a: Slowbro|62\/100|[from] item: Leftovers\n|upkeep\n|\n|t:|1683471670\n|switch|p2b: Chien-Pao|Chien-Pao, L50|100\/100\n|-ability|p2b: Chien-Pao|Sword of Ruin\n|turn|3\n|\n|t:|1683471685\n|move|p1a: Hatterene|Protect|p1a: Hatterene\n|-singleturn|p1a: Hatterene|Protect\n|move|p2b: Chien-Pao|Ice Spinner|p1b: Iron Hands\n|-supereffective|p1b: Iron Hands\n|-damage|p1b: Iron Hands|0 fnt\n|faint|p1b: Iron Hands\n|-end|p1b: Iron Hands|Quark Drive|[silent]\n|move|p2a: Slowbro|Surf|p1a: Hatterene|[spread] p2b\n|-activate|p1a: Hatterene|move: Protect\n|-damage|p2b: Chien-Pao|60\/100\n|\n|-heal|p2a: Slowbro|68\/100|[from] item: Leftovers\n|upkeep\n|\n|t:|1683471697\n|switch|p1b: Brute Bonnet|Brute Bonnet, L50|100\/100\n|turn|4\n|\n|t:|1683471710\n|move|p1b: Brute Bonnet|Rage Powder|p1b: Brute Bonnet\n|-singleturn|p1b: Brute Bonnet|move: Rage Powder\n|move|p2b: Chien-Pao|Ice Spinner|p1b: Brute Bonnet\n|-supereffective|p1b: Brute Bonnet\n|-crit|p1b: Brute Bonnet\n|-damage|p1b: Brute Bonnet|0 fnt\n|faint|p1b: Brute Bonnet\n|-end|p1b: Brute Bonnet|Protosynthesis|[silent]\n|move|p2a: Slowbro|Heal Pulse|p2b: Chien-Pao\n|-heal|p2b: Chien-Pao|100\/100\n|move|p1a: Hatterene|Trick Room|p1a: Hatterene\n|-fieldstart|move: Trick Room|[of] p1a: Hatterene\n|\n|-heal|p2a: Slowbro|74\/100|[from] item: Leftovers\n|upkeep\n|\n|t:|1683471720\n|switch|p1b: Farigiraf|Farigiraf, L50, M|100\/100\n|turn|5\n|\n|t:|1683471732\n|move|p2b: Chien-Pao|Protect|p2b: Chien-Pao\n|-singleturn|p2b: Chien-Pao|Protect\n|move|p1a: Hatterene|Dazzling Gleam|p2a: Slowbro|[spread] p2a\n|-activate|p2b: Chien-Pao|move: Protect\n|-damage|p2a: Slowbro|41\/100\n|-damage|p1a: Hatterene|21\/100|[from] item: Life Orb\n|move|p1b: Farigiraf|Hyper Voice|p2a: Slowbro|[spread] p2a\n|-activate|p2b: Chien-Pao|move: Protect\n|-damage|p2a: Slowbro|15\/100\n|-enditem|p1b: Farigiraf|Throat Spray\n|-boost|p1b: Farigiraf|spa|1|[from] item: Throat Spray\n|move|p2a: Slowbro|Trick Room|p2a: Slowbro\n|-fieldend|move: Trick Room\n|\n|-heal|p2a: Slowbro|21\/100|[from] item: Leftovers\n|upkeep\n|turn|6\n|\n|t:|1683471756\n|move|p1b: Farigiraf|Protect|p1b: Farigiraf\n|-singleturn|p1b: Farigiraf|Protect\n|move|p2a: Slowbro|Protect|p2a: Slowbro\n|-singleturn|p2a: Slowbro|Protect\n|move|p2b: Chien-Pao|Ice Spinner|p1a: Hatterene\n|-damage|p1a: Hatterene|0 fnt\n|faint|p1a: Hatterene\n|\n|-heal|p2a: Slowbro|27\/100|[from] item: Leftovers\n|upkeep\n|turn|7\n|-message|GAPDHA forfeited.\n|\n|win|Toslowbro30\n|raw|GAPDHA's rating: 1134 → 1110<\/strong> (-24 for losing)\n|raw|Toslowbro30's rating: 1141 → 1165<\/strong> (+24 for winning)\n|l|\u2606GAPDHA\n","uploadtime":1683471773,"views":8,"p1id":"gapdha","p2id":"toslowbro30","formatid":"gen9vgc2023regulationc","rating":1110,"private":0,"password":""}