{"id":"gen9vgc2023regulationc-1863142479","p1":"Bantto VGC","p2":"daretn","format":"[Gen 9] VGC 2023 Regulation C","log":"|j|\u2606Bantto VGC\n|j|\u2606daretn\n|t:|1683978556\n|gametype|doubles\n|player|p1|Bantto VGC|boarder|1140\n|player|p2|daretn|2|1213\n|teamsize|p1|6\n|teamsize|p2|6\n|gen|9\n|tier|[Gen 9] VGC 2023 Regulation C\n|rated|\n|rule|Species Clause: Limit one of each Pok\u00e9mon\n|rule|Item Clause: Limit one of each item\n|clearpoke\n|poke|p1|Lucario, L50, M|\n|poke|p1|Maushold, L50|\n|poke|p1|Gyarados, L50, F|\n|poke|p1|Flutter Mane, L50|\n|poke|p1|Ting-Lu, L50|\n|poke|p1|Kingambit, L50, M|\n|poke|p2|Iron Hands, L50|\n|poke|p2|Amoonguss, L50, F|\n|poke|p2|Pelipper, L50, F|\n|poke|p2|Palafin, L50, F|\n|poke|p2|Baxcalibur, L50, F|\n|poke|p2|Dragonite, L50, F|\n|teampreview|4\n|\n|t:|1683978581\n|start\n|switch|p1a: Lucario|Lucario, L50, M|100\/100\n|switch|p1b: Maushold|Maushold, L50|100\/100\n|switch|p2a: Iron Hands|Iron Hands, L50|100\/100\n|switch|p2b: Amoonguss|Amoonguss, L50, F|100\/100\n|turn|1\n|\n|t:|1683978600\n|-terastallize|p1b: Maushold|Ghost\n|move|p2a: Iron Hands|Fake Out|p1b: Maushold\n|-immune|p1b: Maushold\n|move|p1b: Maushold|Follow Me|p1b: Maushold\n|-singleturn|p1b: Maushold|move: Follow Me\n|move|p1a: Lucario|Bulk Up|p1a: Lucario\n|-boost|p1a: Lucario|atk|1\n|-boost|p1a: Lucario|def|1\n|move|p2b: Amoonguss|Spore|p1b: Maushold\n|-activate|p1b: Maushold|item: Safety Goggles|Spore\n|\n|upkeep\n|turn|2\n|\n|t:|1683978646\n|-end|p2a: Iron Hands|Quark Drive|[silent]\n|switch|p2a: Palafin|Palafin, L50, F|100\/100\n|move|p1a: Lucario|Detect|p1a: Lucario\n|-singleturn|p1a: Lucario|Protect\n|move|p2b: Amoonguss|Rage Powder|p2b: Amoonguss\n|-singleturn|p2b: Amoonguss|move: Rage Powder\n|move|p1b: Maushold|Super Fang|p2b: Amoonguss\n|-damage|p2b: Amoonguss|50\/100\n|-enditem|p2b: Amoonguss|Sitrus Berry|[eat]\n|-heal|p2b: Amoonguss|75\/100|[from] item: Sitrus Berry\n|\n|upkeep\n|turn|3\n|\n|t:|1683978676\n|detailschange|p2a: Palafin|Palafin-Hero, L50, F\n|switch|p2a: Iron Hands|Iron Hands, L50|100\/100\n|move|p2b: Amoonguss|Protect|p2b: Amoonguss\n|-singleturn|p2b: Amoonguss|Protect\n|move|p1b: Maushold|Beat Up|p1a: Lucario\n|-resisted|p1a: Lucario\n|-damage|p1a: Lucario|99\/100\n|-ability|p1a: Lucario|Justified|boost\n|-boost|p1a: Lucario|atk|1\n|-resisted|p1a: Lucario\n|-damage|p1a: Lucario|99\/100\n|-ability|p1a: Lucario|Justified|boost\n|-boost|p1a: Lucario|atk|1\n|-resisted|p1a: Lucario\n|-damage|p1a: Lucario|99\/100\n|-ability|p1a: Lucario|Justified|boost\n|-boost|p1a: Lucario|atk|1\n|-resisted|p1a: Lucario\n|-damage|p1a: Lucario|98\/100\n|-ability|p1a: Lucario|Justified|boost\n|-boost|p1a: Lucario|atk|1\n|-hitcount|p1a: Lucario|4\n|move|p1a: Lucario|Drain Punch|p2a: Iron Hands\n|-damage|p2a: Iron Hands|7\/100\n|-heal|p1a: Lucario|100\/100|[from] drain|[of] p2a: Iron Hands\n|\n|upkeep\n|turn|4\n|\n|t:|1683978736\n|move|p1a: Lucario|Detect|p1a: Lucario\n|-singleturn|p1a: Lucario|Protect\n|move|p2b: Amoonguss|Protect||[still]\n|-fail|p2b: Amoonguss\n|move|p2a: Iron Hands|Fake Out|p1a: Lucario\n|-activate|p1a: Lucario|move: Protect\n|move|p1b: Maushold|Super Fang|p2b: Amoonguss\n|-damage|p2b: Amoonguss|38\/100\n|\n|upkeep\n|turn|5\n|\n|t:|1683978759\n|switch|p2b: Palafin|Palafin-Hero, L50, F|100\/100\n|-activate|p2b: Palafin|ability: Zero to Hero\n|move|p1b: Maushold|Follow Me|p1b: Maushold\n|-singleturn|p1b: Maushold|move: Follow Me\n|move|p1a: Lucario|Drain Punch|p2b: Palafin\n|-damage|p2b: Palafin|0 fnt\n|faint|p2b: Palafin\n|move|p2a: Iron Hands|Wild Charge|p1b: Maushold\n|-damage|p1b: Maushold|47\/100\n|-damage|p2a: Iron Hands|0 fnt|[from] Recoil\n|faint|p2a: Iron Hands\n|-end|p2a: Iron Hands|Quark Drive|[silent]\n|\n|upkeep\n|\n|t:|1683978769\n|switch|p2b: Dragonite|Dragonite, L50, F, shiny|100\/100\n|switch|p2a: Amoonguss|Amoonguss, L50, F|71\/100\n|turn|6\n|\n|t:|1683978809\n|-terastallize|p2b: Dragonite|Flying\n|move|p2a: Amoonguss|Rage Powder|p2a: Amoonguss\n|-singleturn|p2a: Amoonguss|move: Rage Powder\n|move|p1b: Maushold|Super Fang|p2a: Amoonguss\n|-damage|p2a: Amoonguss|36\/100\n|move|p1a: Lucario|Drain Punch|p2a: Amoonguss\n|-resisted|p2a: Amoonguss\n|-damage|p2a: Amoonguss|0 fnt\n|faint|p2a: Amoonguss\n|move|p2b: Dragonite|Tera Blast|p1b: Maushold\n|-damage|p1b: Maushold|0 fnt\n|faint|p1b: Maushold\n|\n|upkeep\n|\n|t:|1683978819\n|switch|p1b: Gyarados|Gyarados, L50, F|100\/100\n|-ability|p1b: Gyarados|Intimidate|boost\n|-unboost|p2b: Dragonite|atk|1\n|turn|7\n|\n|t:|1683978834\n|move|p1a: Lucario|Bulk Up|p1a: Lucario\n|-boost|p1a: Lucario|atk|1\n|-boost|p1a: Lucario|def|1\n|move|p2b: Dragonite|Tera Blast|p1a: Lucario\n|-damage|p1a: Lucario|71\/100\n|move|p1b: Gyarados|Thunder Wave|p2b: Dragonite\n|-status|p2b: Dragonite|par\n|-enditem|p2b: Dragonite|Lum Berry|[eat]\n|-curestatus|p2b: Dragonite|par|[msg]\n|\n|upkeep\n|turn|8\n|-message|daretn forfeited.\n|\n|win|Bantto VGC\n|raw|Bantto VGC's rating: 1140 → 1170<\/strong> (+30 for winning)\n|raw|daretn's rating: 1213 → 1183<\/strong> (-30 for losing)\n|l|\u2606daretn\n","uploadtime":1683978849,"views":16,"p1id":"banttovgc","p2id":"daretn","formatid":"gen9vgc2023regulationc","rating":1170,"private":0,"password":""}