{"id":"gen9vgc2023regulationc-1854440182","p1":"Lossosioh","p2":"Testostrazone","format":"[Gen 9] VGC 2023 Regulation C","log":"|j|\u2606Lossosioh\n|j|\u2606Testostrazone\n|t:|1682811171\n|gametype|doubles\n|player|p1|Lossosioh|lance|1288\n|player|p2|Testostrazone|brycenman|1260\n|teamsize|p1|6\n|teamsize|p2|6\n|gen|9\n|tier|[Gen 9] VGC 2023 Regulation C\n|rated|\n|rule|Species Clause: Limit one of each Pok\u00e9mon\n|rule|Item Clause: Limit one of each item\n|clearpoke\n|poke|p1|Ting-Lu, L50|\n|poke|p1|Amoonguss, L50, M|\n|poke|p1|Garganacl, L50, F|\n|poke|p1|Arcanine, L50, F|\n|poke|p1|Roaring Moon, L50|\n|poke|p1|Iron Bundle, L50|\n|poke|p2|Bronzong, L50|\n|poke|p2|Iron Hands, L50|\n|poke|p2|Hatterene, L50, F|\n|poke|p2|Ting-Lu, L50|\n|poke|p2|Torkoal, L50, F|\n|poke|p2|Toxtricity-Low-Key, L50, F|\n|teampreview|4\n|inactive|Battle timer is ON: inactive players will automatically lose when time's up. (requested by Lossosioh)\n|\n|t:|1682811222\n|start\n|switch|p1a: Ting-Lu|Ting-Lu, L50|100\/100\n|switch|p1b: Amoonguss|Amoonguss, L50, M|100\/100\n|switch|p2a: Bronzong|Bronzong, L50|100\/100\n|switch|p2b: Iron Hands|Iron Hands, L50|100\/100\n|-ability|p1a: Ting-Lu|Vessel of Ruin\n|turn|1\n|inactive|Testostrazone has 30 seconds left.\n|inactive|Lossosioh has 30 seconds left.\n|inactive|Testostrazone has 20 seconds left.\n|\n|t:|1682811259\n|move|p1a: Ting-Lu|Stomping Tantrum|p2b: Iron Hands\n|-supereffective|p2b: Iron Hands\n|-damage|p2b: Iron Hands|53\/100\n|move|p2b: Iron Hands|Volt Switch|p1a: Ting-Lu\n|-immune|p1a: Ting-Lu\n|move|p1b: Amoonguss|Spore|p2a: Bronzong\n|-activate|p2a: Bronzong|item: Safety Goggles|Spore\n|move|p2a: Bronzong|Trick Room|p2a: Bronzong\n|-fieldstart|move: Trick Room|[of] p2a: Bronzong\n|\n|upkeep\n|turn|2\n|inactive|Testostrazone has 30 seconds left.\n|inactiveoff|Battle timer is now OFF.\n|\n|t:|1682811297\n|move|p1b: Amoonguss|Rage Powder|p1b: Amoonguss\n|-singleturn|p1b: Amoonguss|move: Rage Powder\n|move|p2a: Bronzong|Gyro Ball|p1a: Ting-Lu\n|-crit|p1a: Ting-Lu\n|-damage|p1a: Ting-Lu|83\/100\n|move|p2b: Iron Hands|Drain Punch|p1b: Amoonguss\n|-resisted|p1b: Amoonguss\n|-damage|p1b: Amoonguss|85\/100\n|-heal|p2b: Iron Hands|60\/100|[from] drain|[of] p1b: Amoonguss\n|move|p1a: Ting-Lu|Stomping Tantrum|p2b: Iron Hands\n|-supereffective|p2b: Iron Hands\n|-damage|p2b: Iron Hands|5\/100\n|\n|upkeep\n|turn|3\n|\n|t:|1682811355\n|move|p2a: Bronzong|Protect|p2a: Bronzong\n|-singleturn|p2a: Bronzong|Protect\n|move|p1b: Amoonguss|Rage Powder|p1b: Amoonguss\n|-singleturn|p1b: Amoonguss|move: Rage Powder\n|move|p2b: Iron Hands|Volt Switch|p1b: Amoonguss\n|-resisted|p1b: Amoonguss\n|-damage|p1b: Amoonguss|80\/100\n|\n|t:|1682811366\n|-end|p2b: Iron Hands|Quark Drive|[silent]\n|switch|p2b: Hatterene|Hatterene, L50, F|100\/100|[from] Volt Switch\n|move|p1a: Ting-Lu|Stomping Tantrum|p2b: Hatterene\n|-damage|p2b: Hatterene|57\/100\n|\n|upkeep\n|turn|4\n|\n|t:|1682811387\n|switch|p2a: Iron Hands|Iron Hands, L50|5\/100\n|switch|p1b: Arcanine|Arcanine, L50, F|100\/100\n|-ability|p1b: Arcanine|Intimidate|boost\n|-unboost|p2a: Iron Hands|atk|1\n|-unboost|p2b: Hatterene|atk|1\n|move|p2b: Hatterene|Psyshock|p1b: Arcanine\n|-damage|p1b: Arcanine|63\/100\n|move|p1a: Ting-Lu|Heavy Slam|p2b: Hatterene\n|-supereffective|p2b: Hatterene\n|-damage|p2b: Hatterene|0 fnt\n|faint|p2b: Hatterene\n|\n|upkeep\n|\n|t:|1682811402\n|switch|p2b: Ting-Lu|Ting-Lu, L50|100\/100\n|-ability|p2b: Ting-Lu|Vessel of Ruin\n|turn|5\n|\n|t:|1682811414\n|-end|p2a: Iron Hands|Quark Drive|[silent]\n|switch|p2a: Bronzong|Bronzong, L50|100\/100\n|-terastallize|p2b: Ting-Lu|Ground\n|move|p1b: Arcanine|Protect|p1b: Arcanine\n|-singleturn|p1b: Arcanine|Protect\n|move|p2b: Ting-Lu|Earthquake|p1b: Arcanine|[spread] p1a\n|-activate|p1b: Arcanine|move: Protect\n|-immune|p2a: Bronzong|[from] ability: Levitate\n|-damage|p1a: Ting-Lu|34\/100\n|move|p1a: Ting-Lu|Earthquake|p2b: Ting-Lu|[spread] p2b\n|-activate|p1b: Arcanine|move: Protect\n|-immune|p2a: Bronzong|[from] ability: Levitate\n|-damage|p2b: Ting-Lu|77\/100\n|\n|-fieldend|move: Trick Room\n|upkeep\n|turn|6\n|\n|t:|1682811441\n|switch|p1a: Amoonguss|Amoonguss, L50, M|100\/100\n|-terastallize|p1b: Arcanine|Water\n|move|p1b: Arcanine|Flare Blitz|p2a: Bronzong\n|-supereffective|p2a: Bronzong\n|-damage|p2a: Bronzong|21\/100\n|-damage|p1b: Arcanine|40\/100|[from] Recoil\n|move|p2b: Ting-Lu|Earthquake|p1b: Arcanine|[spread] p1a,p1b\n|-immune|p2a: Bronzong|[from] ability: Levitate\n|-damage|p1a: Amoonguss|50\/100\n|-damage|p1b: Arcanine|0 fnt\n|-enditem|p1a: Amoonguss|Sitrus Berry|[eat]\n|-heal|p1a: Amoonguss|75\/100|[from] item: Sitrus Berry\n|faint|p1b: Arcanine\n|move|p2a: Bronzong|Trick Room|p2a: Bronzong\n|-fieldstart|move: Trick Room|[of] p2a: Bronzong\n|\n|upkeep\n|\n|t:|1682811445\n|switch|p1b: Garganacl|Garganacl, L50, F|100\/100\n|turn|7\n|\n|t:|1682811471\n|move|p1b: Garganacl|Protect|p1b: Garganacl\n|-singleturn|p1b: Garganacl|Protect\n|move|p2a: Bronzong|Gyro Ball|p1b: Garganacl\n|-activate|p1b: Garganacl|move: Protect\n|move|p2b: Ting-Lu|Earthquake|p1b: Garganacl|[spread] p1a\n|-activate|p1b: Garganacl|move: Protect\n|-immune|p2a: Bronzong|[from] ability: Levitate\n|-damage|p1a: Amoonguss|19\/100\n|move|p1a: Amoonguss|Spore|p2b: Ting-Lu\n|-status|p2b: Ting-Lu|slp|[from] move: Spore\n|\n|upkeep\n|turn|8\n|\n|t:|1682811498\n|switch|p1a: Ting-Lu|Ting-Lu, L50|34\/100\n|-ability|p1a: Ting-Lu|Vessel of Ruin\n|move|p2a: Bronzong|Gyro Ball|p1a: Ting-Lu\n|-damage|p1a: Ting-Lu|22\/100\n|move|p1b: Garganacl|Salt Cure|p2a: Bronzong\n|-resisted|p2a: Bronzong\n|-damage|p2a: Bronzong|15\/100\n|-start|p2a: Bronzong|Salt Cure\n|cant|p2b: Ting-Lu|slp\n|\n|-damage|p2a: Bronzong|0 fnt|[from] Salt Cure\n|faint|p2a: Bronzong\n|upkeep\n|inactive|Battle timer is ON: inactive players will automatically lose when time's up. (requested by Lossosioh)\n|\n|t:|1682811513\n|switch|p2a: Iron Hands|Iron Hands, L50|5\/100\n|turn|9\n|inactive|Testostrazone has 30 seconds left.\n|\n|t:|1682811540\n|switch|p1a: Amoonguss|Amoonguss, L50, M|52\/100\n|move|p1b: Garganacl|Salt Cure|p2a: Iron Hands\n|-resisted|p2a: Iron Hands\n|-damage|p2a: Iron Hands|0 fnt\n|faint|p2a: Iron Hands\n|-end|p2a: Iron Hands|Quark Drive|[silent]\n|cant|p2b: Ting-Lu|slp\n|\n|upkeep\n|turn|10\n|\n|t:|1682811550\n|move|p1b: Garganacl|Protect|p1b: Garganacl\n|-singleturn|p1b: Garganacl|Protect\n|cant|p2b: Ting-Lu|slp\n|move|p1a: Amoonguss|Spore|p2b: Ting-Lu\n|-fail|p2b: Ting-Lu|slp\n|\n|-fieldend|move: Trick Room\n|upkeep\n|turn|11\n|\n|t:|1682811568\n|move|p1a: Amoonguss|Pollen Puff|p2b: Ting-Lu\n|-damage|p2b: Ting-Lu|66\/100 slp\n|-curestatus|p2b: Ting-Lu|slp|[msg]\n|move|p2b: Ting-Lu|Earthquake|p1b: Garganacl|[spread] p1a,p1b\n|-supereffective|p1b: Garganacl\n|-crit|p1b: Garganacl\n|-damage|p1a: Amoonguss|0 fnt\n|-damage|p1b: Garganacl|0 fnt\n|faint|p1a: Amoonguss\n|faint|p1b: Garganacl\n|\n|upkeep\n|\n|t:|1682811577\n|switch|p1b: Ting-Lu|Ting-Lu, L50|22\/100\n|-ability|p1b: Ting-Lu|Vessel of Ruin\n|turn|12\n|-message|Lossosioh forfeited.\n|\n|win|Testostrazone\n|raw|Lossosioh's rating: 1288 → 1261<\/strong> (-27 for losing)\n|raw|Testostrazone's rating: 1260 → 1287<\/strong> (+27 for winning)\n|c|\u2606Testostrazone|GG\n|c|\u2606Testostrazone|Thanks for game\n|c|\u2606Testostrazone|The crit mattered I think\n","uploadtime":1682811655,"views":25,"p1id":"lossosioh","p2id":"testostrazone","formatid":"gen9vgc2023regulationc","rating":1261,"private":0,"password":""}