{"id":"gen9vgc2023regulationc-1861056141","p1":"bpinela","p2":"Itacema","format":"[Gen 9] VGC 2023 Regulation C","log":"|j|\u2606bpinela\n|j|\u2606Itacema\n|t:|1683721730\n|gametype|doubles\n|player|p1|bpinela|kimonogirl|1111\n|player|p2|Itacema|170|1154\n|teamsize|p1|6\n|teamsize|p2|6\n|gen|9\n|tier|[Gen 9] VGC 2023 Regulation C\n|rated|\n|rule|Species Clause: Limit one of each Pok\u00e9mon\n|rule|Item Clause: Limit one of each item\n|clearpoke\n|poke|p1|Pincurchin, L50, M|\n|poke|p1|Iron Bundle, L50|\n|poke|p1|Iron Valiant, L50|\n|poke|p1|Wo-Chien, L50|\n|poke|p1|Grafaiai, L50, M|\n|poke|p1|Chi-Yu, L50|\n|poke|p2|Amoonguss, L50, F|\n|poke|p2|Arcanine, L50, F|\n|poke|p2|Chien-Pao, L50|\n|poke|p2|Palafin, L50, F|\n|poke|p2|Dragonite, L50, F|\n|poke|p2|Iron Hands, L50|\n|teampreview|4\n|inactive|Battle timer is ON: inactive players will automatically lose when time's up. (requested by Itacema)\n|inactive|bpinela has 60 seconds left.\n|\n|t:|1683721772\n|start\n|switch|p1a: Pincurchin|Pincurchin, L50, M|100\/100\n|switch|p1b: Iron Valiant|Iron Valiant, L50|100\/100\n|switch|p2a: Arcanine|Arcanine, L50, F|100\/100\n|switch|p2b: Palafin|Palafin, L50, F|100\/100\n|-ability|p2a: Arcanine|Intimidate|boost\n|-unboost|p1a: Pincurchin|atk|1\n|-unboost|p1b: Iron Valiant|atk|1\n|-fieldstart|move: Electric Terrain|[from] ability: Electric Surge|[of] p1a: Pincurchin\n|-activate|p1b: Iron Valiant|ability: Quark Drive\n|-start|p1b: Iron Valiant|quarkdrivespe\n|turn|1\n|inactive|Itacema has 30 seconds left.\n|inactive|bpinela has 30 seconds left.\n|inactive|bpinela has 20 seconds left.\n|\n|t:|1683721812\n|detailschange|p2b: Palafin|Palafin-Hero, L50, F\n|switch|p2b: Chien-Pao|Chien-Pao, L50|100\/100\n|-ability|p2b: Chien-Pao|Sword of Ruin\n|move|p1b: Iron Valiant|Close Combat|p2a: Arcanine\n|-damage|p2a: Arcanine|28\/100\n|-unboost|p1b: Iron Valiant|def|1\n|-unboost|p1b: Iron Valiant|spd|1\n|move|p2a: Arcanine|Will-O-Wisp|p1b: Iron Valiant\n|-status|p1b: Iron Valiant|brn\n|move|p1a: Pincurchin|Acupressure|p1b: Iron Valiant\n|-boost|p1b: Iron Valiant|def|2\n|\n|-damage|p1b: Iron Valiant|95\/100 brn|[from] brn\n|upkeep\n|turn|2\n|inactive|bpinela has 30 seconds left.\n|inactive|Itacema has 30 seconds left.\n|\n|t:|1683721840\n|move|p2a: Arcanine|Protect|p2a: Arcanine\n|-singleturn|p2a: Arcanine|Protect\n|move|p1b: Iron Valiant|Spirit Break|p2b: Chien-Pao\n|-supereffective|p2b: Chien-Pao\n|-damage|p2b: Chien-Pao|62\/100\n|-unboost|p2b: Chien-Pao|spa|1\n|move|p2b: Chien-Pao|Ice Spinner|p1b: Iron Valiant\n|-damage|p1b: Iron Valiant|49\/100 brn\n|-fieldend|move: Electric Terrain\n|-end|p1b: Iron Valiant|Quark Drive\n|move|p1a: Pincurchin|Toxic Spikes|p2b: Chien-Pao\n|-sidestart|p2: Itacema|move: Toxic Spikes\n|\n|-damage|p1b: Iron Valiant|43\/100 brn|[from] brn\n|upkeep\n|turn|3\n|inactive|Itacema has 30 seconds left.\n|\n|t:|1683721865\n|switch|p1a: Wo-Chien|Wo-Chien, L50|100\/100\n|-ability|p1a: Wo-Chien|Tablets of Ruin\n|move|p2b: Chien-Pao|Protect|p2b: Chien-Pao\n|-singleturn|p2b: Chien-Pao|Protect\n|move|p2a: Arcanine|Extreme Speed|p1b: Iron Valiant\n|-damage|p1b: Iron Valiant|23\/100 brn\n|move|p1b: Iron Valiant|Close Combat|p2b: Chien-Pao\n|-activate|p2b: Chien-Pao|move: Protect\n|\n|-damage|p1b: Iron Valiant|17\/100 brn|[from] brn\n|upkeep\n|turn|4\n|inactive|bpinela has 30 seconds left.\n|inactive|Itacema has 30 seconds left.\n|inactive|Itacema has 20 seconds left.\n|inactive|Itacema has 15 seconds left.\n|inactive|Itacema has 10 seconds left.\n|\n|t:|1683721911\n|switch|p1a: Pincurchin|Pincurchin, L50, M|100\/100\n|-fieldstart|move: Electric Terrain|[from] ability: Electric Surge|[of] p1a: Pincurchin\n|-activate|p1b: Iron Valiant|ability: Quark Drive\n|-start|p1b: Iron Valiant|quarkdrivespe\n|move|p2a: Arcanine|Protect|p2a: Arcanine\n|-singleturn|p2a: Arcanine|Protect\n|move|p1b: Iron Valiant|Close Combat|p2b: Chien-Pao\n|-supereffective|p2b: Chien-Pao\n|-damage|p2b: Chien-Pao|0 fnt\n|-unboost|p1b: Iron Valiant|def|1\n|-unboost|p1b: Iron Valiant|spd|1\n|faint|p2b: Chien-Pao\n|\n|-damage|p1b: Iron Valiant|11\/100 brn|[from] brn\n|upkeep\n|\n|t:|1683721925\n|switch|p2b: Palafin|Palafin-Hero, L50, F|100\/100\n|-status|p2b: Palafin|psn\n|-activate|p2b: Palafin|ability: Zero to Hero\n|turn|5\n|\n|t:|1683721945\n|switch|p1a: Wo-Chien|Wo-Chien, L50|100\/100\n|-ability|p1a: Wo-Chien|Tablets of Ruin\n|-terastallize|p2b: Palafin|Water\n|move|p2a: Arcanine|Extreme Speed|p1b: Iron Valiant\n|-damage|p1b: Iron Valiant|0 fnt\n|faint|p1b: Iron Valiant\n|-end|p1b: Iron Valiant|Quark Drive|[silent]\n|move|p2b: Palafin|Jet Punch|p1a: Wo-Chien\n|-resisted|p1a: Wo-Chien\n|-damage|p1a: Wo-Chien|78\/100\n|\n|-heal|p1a: Wo-Chien|84\/100|[from] item: Leftovers\n|-damage|p2b: Palafin|88\/100 psn|[from] psn\n|upkeep\n|\n|t:|1683721959\n|switch|p1b: Iron Bundle|Iron Bundle, L50|100\/100\n|-activate|p1b: Iron Bundle|ability: Quark Drive\n|-start|p1b: Iron Bundle|quarkdrivespe\n|turn|6\n|inactive|Itacema has 30 seconds left.\n|\n|t:|1683721988\n|move|p2b: Palafin|Jet Punch|p1a: Wo-Chien\n|-resisted|p1a: Wo-Chien\n|-damage|p1a: Wo-Chien|61\/100\n|move|p1b: Iron Bundle|Hydro Pump|p2a: Arcanine\n|-supereffective|p2a: Arcanine\n|-damage|p2a: Arcanine|0 fnt\n|faint|p2a: Arcanine\n|move|p1a: Wo-Chien|Foul Play|p2b: Palafin\n|-damage|p2b: Palafin|36\/100 psn\n|\n|-heal|p1a: Wo-Chien|67\/100|[from] item: Leftovers\n|-damage|p2b: Palafin|24\/100 psn|[from] psn\n|upkeep\n|\n|t:|1683721999\n|switch|p2a: Amoonguss|Amoonguss, L50, F|100\/100\n|-sideend|p2: Itacema|move: Toxic Spikes|[of] p2a: Amoonguss\n|turn|7\n|\n|t:|1683722011\n|move|p2b: Palafin|Protect|p2b: Palafin\n|-singleturn|p2b: Palafin|Protect\n|move|p1b: Iron Bundle|Freeze-Dry|p2b: Palafin\n|-activate|p2b: Palafin|move: Protect\n|move|p1a: Wo-Chien|Ruination|p2a: Amoonguss\n|-damage|p2a: Amoonguss|50\/100\n|-enditem|p2a: Amoonguss|Sitrus Berry|[eat]\n|-heal|p2a: Amoonguss|75\/100|[from] item: Sitrus Berry\n|move|p2a: Amoonguss|Pollen Puff|p2b: Palafin\n|-activate|p2b: Palafin|move: Protect\n|\n|-heal|p1a: Wo-Chien|73\/100|[from] item: Leftovers\n|-damage|p2b: Palafin|12\/100 psn|[from] psn\n|upkeep\n|turn|8\n|-message|Itacema forfeited.\n|\n|win|bpinela\n|raw|bpinela's rating: 1111 → 1139<\/strong> (+28 for winning)\n|raw|Itacema's rating: 1154 → 1126<\/strong> (-28 for losing)\n|l|\u2606Itacema\n","uploadtime":1683722035,"views":7,"p1id":"bpinela","p2id":"itacema","formatid":"gen9vgc2023regulationc","rating":1126,"private":0,"password":""}