{"id":"gen9vgc2023regulationc-1852977072","p1":"1100rainteamabuser","p2":"Jbenn","format":"[Gen 9] VGC 2023 Regulation C","log":"|j|\u26061100rainteamabuser\n|j|\u2606Jbenn\n|t:|1682622269\n|gametype|doubles\n|player|p1|1100rainteamabuser|2|1468\n|player|p2|Jbenn|steven|1561\n|teamsize|p1|6\n|teamsize|p2|6\n|gen|9\n|tier|[Gen 9] VGC 2023 Regulation C\n|rated|\n|rule|Species Clause: Limit one of each Pok\u00e9mon\n|rule|Item Clause: Limit one of each item\n|clearpoke\n|poke|p1|Indeedee-F, L50, F|\n|poke|p1|Hatterene, L50, F|\n|poke|p1|Torkoal, L50, M|\n|poke|p1|Kingambit, L50, F|\n|poke|p1|Oranguru, L50, F|\n|poke|p1|Hariyama, L50, F|\n|poke|p2|Roaring Moon, L50|\n|poke|p2|Great Tusk, L50|\n|poke|p2|Gholdengo, L50|\n|poke|p2|Hariyama, L50, M|\n|poke|p2|Mimikyu, L50, M|\n|poke|p2|Gyarados, L50, M|\n|teampreview|4\n|\n|t:|1682622323\n|start\n|switch|p1a: Indeedee|Indeedee-F, L50, F|100\/100\n|switch|p1b: Hatterene|Hatterene, L50, F|100\/100\n|switch|p2a: Yokozuna|Hariyama, L50, M, shiny|100\/100\n|switch|p2b: Casper|Mimikyu, L50, M|100\/100\n|-fieldstart|move: Psychic Terrain|[from] ability: Psychic Surge|[of] p1a: Indeedee\n|-enditem|p1a: Indeedee|Psychic Seed\n|-boost|p1a: Indeedee|spd|1|[from] item: Psychic Seed\n|turn|1\n|inactive|Battle timer is ON: inactive players will automatically lose when time's up. (requested by 1100rainteamabuser)\n|\n|t:|1682622348\n|-terastallize|p2a: Yokozuna|Steel\n|move|p2b: Casper|Protect|p2b: Casper\n|-singleturn|p2b: Casper|Protect\n|move|p1b: Hatterene|Protect|p1b: Hatterene\n|-singleturn|p1b: Hatterene|Protect\n|move|p2a: Yokozuna|Iron Head|p1b: Hatterene\n|-activate|p1b: Hatterene|move: Protect\n|move|p1a: Indeedee|Trick Room|p1a: Indeedee\n|-fieldstart|move: Trick Room|[of] p1a: Indeedee\n|\n|upkeep\n|turn|2\n|\n|t:|1682622366\n|switch|p1a: Torkoal|Torkoal, L50, M|100\/100\n|-weather|SunnyDay|[from] ability: Drought|[of] p1a: Torkoal\n|move|p1b: Hatterene|Dazzling Gleam|p2a: Yokozuna|[spread] p2a,p2b\n|-resisted|p2a: Yokozuna\n|-damage|p2a: Yokozuna|81\/100\n|-activate|p2b: Casper|ability: Disguise\n|-damage|p2b: Casper|100\/100\n|detailschange|p2b: Casper|Mimikyu-Busted, L50, M\n|-damage|p2b: Casper|88\/100|[from] pokemon: Mimikyu-Busted\n|-damage|p1b: Hatterene|91\/100|[from] item: Life Orb\n|move|p2a: Yokozuna|Iron Head|p1b: Hatterene\n|-supereffective|p1b: Hatterene\n|-damage|p1b: Hatterene|0 fnt\n|faint|p1b: Hatterene\n|move|p2b: Casper|Trick Room|p2b: Casper\n|-fieldend|move: Trick Room\n|\n|-weather|SunnyDay|[upkeep]\n|upkeep\n|\n|t:|1682622389\n|switch|p1b: Indeedee|Indeedee-F, L50, F|100\/100\n|turn|3\n|\n|t:|1682622400\n|-terastallize|p1a: Torkoal|Fire\n|move|p2a: Yokozuna|Wide Guard|p2a: Yokozuna\n|-singleturn|p2a: Yokozuna|Wide Guard\n|move|p1b: Indeedee|Follow Me|p1b: Indeedee\n|-singleturn|p1b: Indeedee|move: Follow Me\n|move|p2b: Casper|Curse|p1b: Indeedee\n|-start|p1b: Indeedee|Curse|[of] p2b: Casper\n|-damage|p2b: Casper|38\/100\n|-enditem|p2b: Casper|Sitrus Berry|[eat]\n|-heal|p2b: Casper|63\/100|[from] item: Sitrus Berry\n|move|p1a: Torkoal|Eruption|p2b: Casper|[spread] \n|-activate|p2a: Yokozuna|move: Wide Guard\n|-activate|p2b: Casper|move: Wide Guard\n|\n|-weather|SunnyDay|[upkeep]\n|-damage|p1b: Indeedee|76\/100|[from] Curse\n|upkeep\n|turn|4\n|inactive|Jbenn has 30 seconds left.\n|\n|t:|1682622427\n|switch|p2a: Smaug|Roaring Moon, L50|100\/100\n|-activate|p2a: Smaug|ability: Protosynthesis\n|-start|p2a: Smaug|protosynthesisspe\n|move|p1b: Indeedee|Follow Me|p1b: Indeedee\n|-singleturn|p1b: Indeedee|move: Follow Me\n|move|p2b: Casper|Play Rough|p1b: Indeedee\n|-damage|p1b: Indeedee|42\/100\n|move|p1a: Torkoal|Flamethrower|p2a: Smaug\n|-resisted|p2a: Smaug\n|-damage|p2a: Smaug|58\/100\n|\n|-weather|SunnyDay|[upkeep]\n|-damage|p1b: Indeedee|17\/100|[from] Curse\n|upkeep\n|turn|5\n|inactive|Jbenn has 30 seconds left.\n|\n|t:|1682622454\n|move|p2a: Smaug|Jaw Lock|p1b: Indeedee\n|-supereffective|p1b: Indeedee\n|-damage|p1b: Indeedee|0 fnt\n|faint|p1b: Indeedee\n|move|p2b: Casper|Curse|p1a: Torkoal\n|-start|p1a: Torkoal|Curse|[of] p2b: Casper\n|-damage|p2b: Casper|13\/100\n|move|p1a: Torkoal|Eruption|p2a: Smaug|[spread] p2a,p2b\n|-resisted|p2a: Smaug\n|-crit|p2b: Casper\n|-damage|p2a: Smaug|0 fnt\n|-damage|p2b: Casper|0 fnt\n|faint|p2a: Smaug\n|-end|p2a: Smaug|Protosynthesis|[silent]\n|faint|p2b: Casper\n|\n|-weather|SunnyDay|[upkeep]\n|-damage|p1a: Torkoal|76\/100|[from] Curse\n|-fieldend|move: Psychic Terrain\n|upkeep\n|\n|t:|1682622466\n|switch|p2a: Yokozuna|Hariyama, L50, M, shiny, tera:Steel|81\/100\n|switch|p2b: Big AL|Great Tusk, L50|100\/100\n|switch|p1b: Kingambit|Kingambit, L50, F|100\/100\n|-activate|p2b: Big AL|ability: Protosynthesis\n|-start|p2b: Big AL|protosynthesisatk\n|turn|6\n|\n|t:|1682622477\n|move|p2b: Big AL|Headlong Rush|p1a: Torkoal\n|-supereffective|p1a: Torkoal\n|-damage|p1a: Torkoal|0 fnt\n|-unboost|p2b: Big AL|def|1\n|-unboost|p2b: Big AL|spd|1\n|faint|p1a: Torkoal\n|-damage|p2b: Big AL|91\/100|[from] item: Life Orb\n|move|p2a: Yokozuna|Close Combat|p1b: Kingambit\n|-supereffective|p1b: Kingambit\n|-damage|p1b: Kingambit|0 fnt\n|-unboost|p2a: Yokozuna|def|1\n|-unboost|p2a: Yokozuna|spd|1\n|faint|p1b: Kingambit\n|\n|win|Jbenn\n|raw|1100rainteamabuser's rating: 1468 → 1453<\/strong> (-15 for losing)\n|raw|Jbenn's rating: 1561 → 1576<\/strong> (+15 for winning)\n|l|\u26061100rainteamabuser\n","uploadtime":1682622483,"views":13,"p1id":"1100rainteamabuser","p2id":"jbenn","formatid":"gen9vgc2023regulationc","rating":1453,"private":0,"password":""}