{"id":"gen9vgc2023regulationc-1861188121","p1":"Chubbyblubber35","p2":"Ilpiuatteso","format":"[Gen 9] VGC 2023 Regulation C","log":"|j|\u2606Chubbyblubber35\n|j|\u2606Ilpiuatteso\n|t:|1683734239\n|gametype|doubles\n|player|p1|Chubbyblubber35|brycenman|1155\n|player|p2|Ilpiuatteso|fisherman-gen4|1115\n|teamsize|p1|6\n|teamsize|p2|6\n|gen|9\n|tier|[Gen 9] VGC 2023 Regulation C\n|rated|\n|rule|Species Clause: Limit one of each Pok\u00e9mon\n|rule|Item Clause: Limit one of each item\n|clearpoke\n|poke|p1|Gallade, L50, M|\n|poke|p1|Chien-Pao, L50|\n|poke|p1|Palafin, L50, F|\n|poke|p1|Eelektross, L50, F|\n|poke|p1|Gengar, L50, M|\n|poke|p1|Mabosstiff, L50, F|\n|poke|p2|Chien-Pao, L50|\n|poke|p2|Zangoose, L50, F|\n|poke|p2|Murkrow, L50, M|\n|poke|p2|Iron Hands, L50|\n|poke|p2|Amoonguss, L50, F|\n|poke|p2|Flutter Mane, L50|\n|teampreview|4\n|inactive|Battle timer is ON: inactive players will automatically lose when time's up. (requested by Chubbyblubber35)\n|c|\u2606Chubbyblubber35|Glhf\n|\n|t:|1683734260\n|start\n|switch|p1a: Gallade|Gallade, L50, M|100\/100\n|switch|p1b: Palafin|Palafin, L50, F, shiny|100\/100\n|switch|p2a: Zangoose|Zangoose, L50, F, shiny|100\/100\n|switch|p2b: Amoonguss|Amoonguss, L50, F, shiny|100\/100\n|turn|1\n|inactive|Ilpiuatteso has 30 seconds left.\n|\n|t:|1683734291\n|move|p2a: Zangoose|Protect|p2a: Zangoose\n|-singleturn|p2a: Zangoose|Protect\n|move|p1b: Palafin|Flip Turn|p2a: Zangoose\n|-activate|p2a: Zangoose|move: Protect\n|move|p1a: Gallade|Sacred Sword|p2a: Zangoose\n|-activate|p2a: Zangoose|move: Protect\n|move|p2b: Amoonguss|Spore|p1b: Palafin\n|-status|p1b: Palafin|slp|[from] move: Spore\n|\n|-status|p2a: Zangoose|tox|[from] item: Toxic Orb\n|upkeep\n|turn|2\n|\n|t:|1683734313\n|-terastallize|p2a: Zangoose|Normal\n|move|p2b: Amoonguss|Rage Powder|p2b: Amoonguss\n|-singleturn|p2b: Amoonguss|move: Rage Powder\n|cant|p1b: Palafin|slp\n|move|p2a: Zangoose|Facade|p1a: Gallade\n|-damage|p1a: Gallade|0 fnt\n|faint|p1a: Gallade\n|\n|-damage|p2a: Zangoose|94\/100 tox|[from] psn\n|upkeep\n|\n|t:|1683734323\n|switch|p1a: Mabosstiff|Mabosstiff, L50, F|100\/100\n|-ability|p1a: Mabosstiff|Intimidate|boost\n|-unboost|p2a: Zangoose|atk|1\n|-unboost|p2b: Amoonguss|atk|1\n|turn|3\n|\n|t:|1683734344\n|-curestatus|p1b: Palafin|slp|[msg]\n|move|p1b: Palafin|Flip Turn|p2b: Amoonguss\n|-resisted|p2b: Amoonguss\n|-damage|p2b: Amoonguss|89\/100\n|\n|t:|1683734348\n|detailschange|p1b: Palafin|Palafin-Hero, L50, F, shiny\n|switch|p1b: Eelektross|Eelektross, L50, F|100\/100|[from] Flip Turn\n|move|p1a: Mabosstiff|Charm|p2a: Zangoose\n|-unboost|p2a: Zangoose|atk|2\n|move|p2a: Zangoose|Close Combat|p1a: Mabosstiff\n|-supereffective|p1a: Mabosstiff\n|-damage|p1a: Mabosstiff|52\/100\n|-unboost|p2a: Zangoose|def|1\n|-unboost|p2a: Zangoose|spd|1\n|move|p2b: Amoonguss|Spore|p1a: Mabosstiff\n|-status|p1a: Mabosstiff|slp|[from] move: Spore\n|\n|-heal|p1a: Mabosstiff|58\/100 slp|[from] item: Leftovers\n|-damage|p2a: Zangoose|82\/100 tox|[from] psn\n|upkeep\n|turn|4\n|inactive|Chubbyblubber35 has 30 seconds left.\n|\n|t:|1683734374\n|switch|p2a: Chien-Pao|Chien-Pao, L50|100\/100\n|-ability|p2a: Chien-Pao|Sword of Ruin\n|move|p2b: Amoonguss|Rage Powder|p2b: Amoonguss\n|-singleturn|p2b: Amoonguss|move: Rage Powder\n|cant|p1a: Mabosstiff|slp\n|move|p1b: Eelektross|Flamethrower|p2b: Amoonguss\n|-supereffective|p2b: Amoonguss\n|-damage|p2b: Amoonguss|33\/100\n|-enditem|p2b: Amoonguss|Sitrus Berry|[eat]\n|-heal|p2b: Amoonguss|58\/100|[from] item: Sitrus Berry\n|\n|-heal|p1a: Mabosstiff|64\/100 slp|[from] item: Leftovers\n|upkeep\n|turn|5\n|inactive|Ilpiuatteso has 30 seconds left.\n|\n|t:|1683734400\n|move|p2b: Amoonguss|Protect|p2b: Amoonguss\n|-singleturn|p2b: Amoonguss|Protect\n|move|p2a: Chien-Pao|Sacred Sword|p1a: Mabosstiff\n|-supereffective|p1a: Mabosstiff\n|-damage|p1a: Mabosstiff|0 fnt\n|faint|p1a: Mabosstiff\n|move|p1b: Eelektross|Flamethrower|p2b: Amoonguss\n|-activate|p2b: Amoonguss|move: Protect\n|\n|upkeep\n|\n|t:|1683734409\n|switch|p1a: Palafin|Palafin-Hero, L50, F, shiny|100\/100\n|-activate|p1a: Palafin|ability: Zero to Hero\n|turn|6\n|inactive|Ilpiuatteso has 30 seconds left.\n|inactive|Ilpiuatteso has 20 seconds left.\n|\n|t:|1683734445\n|-terastallize|p1a: Palafin|Water\n|move|p2a: Chien-Pao|Sucker Punch|p1a: Palafin\n|-damage|p1a: Palafin|47\/100\n|move|p1a: Palafin|Jet Punch|p2a: Chien-Pao\n|-damage|p2a: Chien-Pao|3\/100\n|move|p1b: Eelektross|Flamethrower|p2b: Amoonguss\n|-supereffective|p2b: Amoonguss\n|-damage|p2b: Amoonguss|8\/100\n|move|p2b: Amoonguss|Spore|p1a: Palafin\n|-status|p1a: Palafin|slp|[from] move: Spore\n|\n|upkeep\n|turn|7\n|inactive|Ilpiuatteso has 30 seconds left.\n|\n|t:|1683734472\n|switch|p2b: Murkrow|Murkrow, L50, M|100\/100\n|cant|p1a: Palafin|slp\n|move|p2a: Chien-Pao|Sacred Sword|p1a: Palafin\n|-damage|p1a: Palafin|0 fnt\n|faint|p1a: Palafin\n|move|p1b: Eelektross|Flamethrower|p2a: Chien-Pao\n|-supereffective|p2a: Chien-Pao\n|-damage|p2a: Chien-Pao|0 fnt\n|faint|p2a: Chien-Pao\n|\n|upkeep\n|\n|t:|1683734486\n|switch|p2a: Zangoose|Zangoose, L50, F, shiny, tera:Normal|82\/100 tox\n|turn|8\n|\n|t:|1683734493\n|move|p2b: Murkrow|Tailwind|p2b: Murkrow\n|-sidestart|p2: Ilpiuatteso|move: Tailwind\n|move|p2a: Zangoose|Facade|p1b: Eelektross\n|-damage|p1b: Eelektross|0 fnt\n|faint|p1b: Eelektross\n|\n|win|Ilpiuatteso\n|raw|Chubbyblubber35's rating: 1155 → 1127<\/strong> (-28 for losing)\n|raw|Ilpiuatteso's rating: 1115 → 1143<\/strong> (+28 for winning)\n|l|\u2606Chubbyblubber35\n","uploadtime":1683734503,"views":12,"p1id":"chubbyblubber35","p2id":"ilpiuatteso","formatid":"gen9vgc2023regulationc","rating":1127,"private":0,"password":""}