{"id":"gen9vgc2023regulationc-1847863517","p1":"DuaLipaWereGood","p2":"liampurcell","format":"[Gen 9] VGC 2023 Regulation C","log":"|j|\u2606DuaLipaWereGood\n|j|\u2606liampurcell\n|t:|1682008168\n|gametype|doubles\n|player|p1|DuaLipaWereGood|170|1072\n|player|p2|liampurcell|n|1108\n|teamsize|p1|6\n|teamsize|p2|6\n|gen|9\n|tier|[Gen 9] VGC 2023 Regulation C\n|rated|\n|rule|Species Clause: Limit one of each Pok\u00e9mon\n|rule|Item Clause: Limit one of each item\n|clearpoke\n|poke|p1|Amoonguss, L50, F|\n|poke|p1|Grimmsnarl, L50, M|\n|poke|p1|Chien-Pao, L50|\n|poke|p1|Kingambit, L50, F|\n|poke|p1|Dragonite, L50, F|\n|poke|p1|Palafin, L50, F|\n|poke|p2|Ting-Lu, L50|\n|poke|p2|Palafin, L50, M|\n|poke|p2|Iron Hands, L50|\n|poke|p2|Arcanine, L50, F|\n|poke|p2|Gyarados, L50, F|\n|poke|p2|Amoonguss, L50, M|\n|teampreview|4\n|inactive|Battle timer is ON: inactive players will automatically lose when time's up. (requested by liampurcell)\nliampurcell has agreed to open team sheets.\n|inactive|liampurcell has 60 seconds left.\n|\n|t:|1682008207\n|start\n|switch|p1a: Kingambit|Kingambit, L50, F, shiny|100\/100\n|switch|p1b: Grimmsnarl|Grimmsnarl, L50, M, shiny|100\/100\n|switch|p2a: Arcanine|Arcanine, L50, F|100\/100\n|switch|p2b: Iron Hands|Iron Hands, L50|100\/100\n|-ability|p2a: Arcanine|Intimidate|boost\n|-unboost|p1a: Kingambit|atk|1\n|-ability|p1a: Kingambit|Defiant|boost\n|-boost|p1a: Kingambit|atk|2\n|-unboost|p1b: Grimmsnarl|atk|1\n|turn|1\n|inactive|DuaLipaWereGood has 30 seconds left.\n|inactive|DuaLipaWereGood has 20 seconds left.\n|\n|t:|1682008243\n|-terastallize|p1a: Kingambit|Flying\n|move|p1b: Grimmsnarl|Thunder Wave|p2a: Arcanine\n|-status|p2a: Arcanine|par\n|move|p1a: Kingambit|Tera Blast|p2b: Iron Hands\n|-damage|p2b: Iron Hands|57\/100\n|move|p2a: Arcanine|Will-O-Wisp|p1a: Kingambit\n|-status|p1a: Kingambit|brn\n|move|p2b: Iron Hands|Volt Switch|p1b: Grimmsnarl\n|-crit|p1b: Grimmsnarl\n|-damage|p1b: Grimmsnarl|78\/100\n|\n|t:|1682008260\n|-end|p2b: Iron Hands|Quark Drive|[silent]\n|switch|p2b: Palafin|Palafin, L50, M, shiny|100\/100|[from] Volt Switch\n|\n|-damage|p1a: Kingambit|95\/100 brn|[from] brn\n|upkeep\n|turn|2\n|\n|t:|1682008276\n|move|p2b: Palafin|Protect|p2b: Palafin\n|-singleturn|p2b: Palafin|Protect\n|move|p1b: Grimmsnarl|Thunder Wave|p2b: Palafin\n|-activate|p2b: Palafin|move: Protect\n|move|p1a: Kingambit|Tera Blast|p2a: Arcanine\n|-damage|p2a: Arcanine|65\/100 par\n|move|p2a: Arcanine|Heat Wave|p1a: Kingambit|[spread] p1a,p1b\n|-damage|p1a: Kingambit|73\/100 brn\n|-damage|p1b: Grimmsnarl|42\/100\n|\n|-damage|p1a: Kingambit|67\/100 brn|[from] brn\n|upkeep\n|turn|3\n|inactive|DuaLipaWereGood has 30 seconds left.\n|\n|t:|1682008306\n|detailschange|p2b: Palafin|Palafin-Hero, L50, M, shiny\n|switch|p2b: Iron Hands|Iron Hands, L50|57\/100\n|move|p1a: Kingambit|Tera Blast|p2b: Iron Hands\n|-damage|p2b: Iron Hands|34\/100\n|-enditem|p2b: Iron Hands|Sitrus Berry|[eat]\n|-heal|p2b: Iron Hands|59\/100|[from] item: Sitrus Berry\n|move|p1b: Grimmsnarl|Spirit Break|p2b: Iron Hands\n|-supereffective|p2b: Iron Hands\n|-damage|p2b: Iron Hands|24\/100\n|-unboost|p2b: Iron Hands|spa|1\n|cant|p2a: Arcanine|par\n|\n|-damage|p1a: Kingambit|61\/100 brn|[from] brn\n|upkeep\n|turn|4\n|inactive|DuaLipaWereGood has 30 seconds left.\n|inactive|liampurcell has 30 seconds left.\n|\n|t:|1682008338\n|move|p1b: Grimmsnarl|Reflect|p1b: Grimmsnarl\n|-sidestart|p1: DuaLipaWereGood|Reflect\n|move|p1a: Kingambit|Tera Blast|p2b: Iron Hands\n|-damage|p2b: Iron Hands|0 fnt\n|faint|p2b: Iron Hands\n|-end|p2b: Iron Hands|Quark Drive|[silent]\n|cant|p2a: Arcanine|par\n|\n|-damage|p1a: Kingambit|56\/100 brn|[from] brn\n|upkeep\n|\n|t:|1682008344\n|switch|p2b: Palafin|Palafin-Hero, L50, M, shiny|100\/100\n|-activate|p2b: Palafin|ability: Zero to Hero\n|turn|5\n|inactive|liampurcell has 30 seconds left.\n|\n|t:|1682008375\n|-terastallize|p2b: Palafin|Water\n|move|p1b: Grimmsnarl|Thunder Wave|p2b: Palafin\n|-status|p2b: Palafin|par\n|move|p1a: Kingambit|Tera Blast|p2a: Arcanine\n|-damage|p2a: Arcanine|31\/100 par\n|cant|p2a: Arcanine|par\n|cant|p2b: Palafin|par\n|\n|-damage|p1a: Kingambit|50\/100 brn|[from] brn\n|upkeep\n|turn|6\n|c|\u2606liampurcell|bro thats 4 in 5 moves\n|inactive|DuaLipaWereGood has 30 seconds left.\n|\n|t:|1682008403\n|cant|p2b: Palafin|par\n|move|p1a: Kingambit|Kowtow Cleave|p2a: Arcanine\n|-damage|p2a: Arcanine|0 fnt\n|faint|p2a: Arcanine\n|move|p1b: Grimmsnarl|Spirit Break|p2b: Palafin\n|-damage|p2b: Palafin|78\/100 par\n|-unboost|p2b: Palafin|spa|1\n|\n|-damage|p1a: Kingambit|44\/100 brn|[from] brn\n|upkeep\n|\n|t:|1682008408\n|switch|p2a: Gyarados|Gyarados, L50, F|100\/100\n|-ability|p2a: Gyarados|Intimidate|boost\n|-unboost|p1a: Kingambit|atk|1\n|-ability|p1a: Kingambit|Defiant|boost\n|-boost|p1a: Kingambit|atk|2\n|-unboost|p1b: Grimmsnarl|atk|1\n|turn|7\n|\n|t:|1682008431\n|move|p1b: Grimmsnarl|Thunder Wave|p2a: Gyarados|[miss]\n|-miss|p1b: Grimmsnarl|p2a: Gyarados\n|move|p2a: Gyarados|Waterfall|p1a: Kingambit\n|-damage|p1a: Kingambit|22\/100 brn\n|move|p1a: Kingambit|Tera Blast|p2b: Palafin\n|-damage|p2b: Palafin|42\/100 par\n|cant|p2b: Palafin|par\n|\n|-damage|p1a: Kingambit|16\/100 brn|[from] brn\n|upkeep\n|turn|8\n|c|\u2606liampurcell|broooo wtf\n|inactive|DuaLipaWereGood has 30 seconds left.\n|inactive|DuaLipaWereGood has 20 seconds left.\n|inactive|DuaLipaWereGood has 15 seconds left.\n|\n|t:|1682008471\n|move|p1a: Kingambit|Sucker Punch|p2b: Palafin\n|-damage|p2b: Palafin|9\/100 par\n|move|p2b: Palafin|Jet Punch|p1a: Kingambit\n|-damage|p1a: Kingambit|0 fnt\n|faint|p1a: Kingambit\n|move|p2a: Gyarados|Waterfall|p1b: Grimmsnarl\n|-damage|p1b: Grimmsnarl|12\/100\n|cant|p1b: Grimmsnarl|flinch\n|\n|upkeep\n|\n|t:|1682008488\n|switch|p1a: Dragonite|Dragonite, L50, F|100\/100\n|turn|9\n|\n|t:|1682008501\n|move|p2b: Palafin|Jet Punch|p1b: Grimmsnarl\n|-damage|p1b: Grimmsnarl|0 fnt\n|faint|p1b: Grimmsnarl\n|move|p1a: Dragonite|Aerial Ace|p2a: Gyarados\n|-damage|p2a: Gyarados|67\/100\n|move|p2a: Gyarados|Thunder Wave|p1a: Dragonite\n|-status|p1a: Dragonite|par\n|-enditem|p1a: Dragonite|Lum Berry|[eat]\n|-curestatus|p1a: Dragonite|par|[msg]\n|\n|upkeep\n|\n|t:|1682008512\n|switch|p1b: Chien-Pao|Chien-Pao, L50|100\/100\n|-ability|p1b: Chien-Pao|Sword of Ruin\n|turn|10\n|\n|t:|1682008520\n|move|p1a: Dragonite|Extreme Speed|p2b: Palafin\n|-damage|p2b: Palafin|0 fnt\n|faint|p2b: Palafin\n|move|p1b: Chien-Pao|Ice Spinner|p2a: Gyarados\n|-damage|p2a: Gyarados|9\/100\n|move|p2a: Gyarados|Waterfall|p1a: Dragonite\n|-resisted|p1a: Dragonite\n|-damage|p1a: Dragonite|89\/100\n|\n|upkeep\n|turn|11\n|-message|liampurcell forfeited.\n|\n|win|DuaLipaWereGood\n|raw|DuaLipaWereGood's rating: 1072 → 1104<\/strong> (+32 for winning)\n|raw|liampurcell's rating: 1108 → 1080<\/strong> (-28 for losing)\n|l|\u2606liampurcell\n","uploadtime":1682008547,"views":9,"p1id":"dualipaweregood","p2id":"liampurcell","formatid":"gen9vgc2023regulationc","rating":1080,"private":0,"password":""}