{"id":"gen9vgc2023regulationc-1844973318","p1":"AratzEnp","p2":"roysurvivor","format":"[Gen 9] VGC 2023 Regulation C","log":"|j|\u2606AratzEnp\n|j|\u2606roysurvivor\n|t:|1681669773\n|gametype|doubles\n|player|p1|AratzEnp|aaron|1449\n|player|p2|roysurvivor|2|1363\n|teamsize|p1|6\n|teamsize|p2|6\n|gen|9\n|tier|[Gen 9] VGC 2023 Regulation C\n|rated|\n|rule|Species Clause: Limit one of each Pok\u00e9mon\n|rule|Item Clause: Limit one of each item\n|clearpoke\n|poke|p1|Indeedee-F, L50, F|\n|poke|p1|Hatterene, L50, F|\n|poke|p1|Torkoal, L50, F|\n|poke|p1|Kingambit, L50, M|\n|poke|p1|Oranguru, L50, M|\n|poke|p1|Annihilape, L50, M|\n|poke|p2|Coalossal, L50, F|\n|poke|p2|Bronzong, L50|\n|poke|p2|Chien-Pao, L50|\n|poke|p2|Glimmora, L50, F|\n|poke|p2|Gallade, L50, M|\n|poke|p2|Indeedee-F, L50, F|\n|teampreview|4\n|inactive|Battle timer is ON: inactive players will automatically lose when time's up. (requested by roysurvivor)\n|inactive|AratzEnp has 60 seconds left.\n|inactive|roysurvivor has 60 seconds left.\nroysurvivor has agreed to open team sheets.\nAratzEnp has agreed to open team sheets.\n|inactive|roysurvivor has 30 seconds left.\n|inactive|roysurvivor has 20 seconds left.\n|\n|t:|1681669848\n|start\n|switch|p1a: TE LA MAMAS|Indeedee-F, L50, F|100\/100\n|switch|p1b: AITANA|Hatterene, L50, F|100\/100\n|switch|p2a: Coalossal|Coalossal, L50, F|100\/100\n|switch|p2b: Glimmora|Glimmora, L50, F|100\/100\n|-fieldstart|move: Psychic Terrain|[from] ability: Psychic Surge|[of] p1a: TE LA MAMAS\n|-enditem|p1a: TE LA MAMAS|Psychic Seed\n|-boost|p1a: TE LA MAMAS|spd|1|[from] item: Psychic Seed\n|turn|1\n|inactive|AratzEnp has 30 seconds left.\n|\n|t:|1681669877\n|switch|p1b: ECHENIQUE|Kingambit, L50, M|100\/100\n|move|p2b: Glimmora|Mortal Spin|p1b: ECHENIQUE|[spread] p1a\n|-immune|p1b: ECHENIQUE\n|-damage|p1a: TE LA MAMAS|95\/100\n|-status|p1a: TE LA MAMAS|psn\n|move|p2a: Coalossal|Heat Wave|p1b: ECHENIQUE|[spread] p1a\n|-miss|p2a: Coalossal|p1b: ECHENIQUE\n|-damage|p1a: TE LA MAMAS|75\/100 psn\n|move|p1a: TE LA MAMAS|Trick Room|p1a: TE LA MAMAS\n|-fieldstart|move: Trick Room|[of] p1a: TE LA MAMAS\n|\n|-damage|p1a: TE LA MAMAS|62\/100 psn|[from] psn\n|upkeep\n|turn|2\n|inactive|AratzEnp has 30 seconds left.\n|inactive|AratzEnp has 20 seconds left.\n|inactive|AratzEnp has 15 seconds left.\n|inactive|AratzEnp has 10 seconds left.\n|\n|t:|1681669925\n|switch|p2b: Gallade|Gallade, L50, M|100\/100\n|-terastallize|p1b: ECHENIQUE|Fire\n|-terastallize|p2a: Coalossal|Grass\n|move|p1b: ECHENIQUE|Low Kick|p2a: Coalossal\n|-damage|p2a: Coalossal|68\/100\n|move|p2a: Coalossal|Heat Wave|p1a: TE LA MAMAS|[spread] p1a,p1b\n|-resisted|p1b: ECHENIQUE\n|-damage|p1a: TE LA MAMAS|43\/100 psn\n|-damage|p1b: ECHENIQUE|87\/100\n|move|p1a: TE LA MAMAS|Baton Pass|p1a: TE LA MAMAS\n|c|\u2606roysurvivor|jajaja no seas mamon con los nombres\n|\n|t:|1681669946\n|switch|p1a: PACO SANZ|Torkoal, L50, F|100\/100|[from] Baton Pass\n|-weather|SunnyDay|[from] ability: Drought|[of] p1a: PACO SANZ\n|\n|-weather|SunnyDay|[upkeep]\n|upkeep\n|turn|3\n|\n|t:|1681669962\n|move|p1a: PACO SANZ|Eruption|p2b: Gallade|[spread] p2b\n|-start|p2a: Coalossal|ability: Flash Fire\n|-damage|p2b: Gallade|21\/100\n|move|p1b: ECHENIQUE|Swords Dance|p1b: ECHENIQUE\n|-boost|p1b: ECHENIQUE|atk|2\n|move|p2a: Coalossal|Power Gem|p1a: PACO SANZ\n|-supereffective|p1a: PACO SANZ\n|-damage|p1a: PACO SANZ|38\/100\n|move|p2b: Gallade|Psycho Cut|p1b: ECHENIQUE\n|-damage|p1b: ECHENIQUE|31\/100\n|\n|-weather|SunnyDay|[upkeep]\n|upkeep\n|turn|4\n|inactive|AratzEnp has 30 seconds left.\n|\n|t:|1681669989\n|move|p2b: Gallade|Protect|p2b: Gallade\n|-singleturn|p2b: Gallade|Protect\n|move|p1a: PACO SANZ|Flamethrower|p2b: Gallade\n|-activate|p2b: Gallade|move: Protect\n|move|p1b: ECHENIQUE|Kowtow Cleave|p2a: Coalossal\n|-damage|p2a: Coalossal|0 fnt\n|faint|p2a: Coalossal\n|\n|-weather|SunnyDay|[upkeep]\n|upkeep\n|\n|t:|1681670003\n|switch|p2a: Glimmora|Glimmora, L50, F|100\/100\n|turn|5\n|\n|t:|1681670016\n|move|p1a: PACO SANZ|Flamethrower|p2b: Gallade\n|-damage|p2b: Gallade|0 fnt\n|faint|p2b: Gallade\n|move|p1b: ECHENIQUE|Kowtow Cleave|p2a: Glimmora\n|-damage|p2a: Glimmora|0 fnt\n|-activate|p2a: Glimmora|ability: Toxic Debris\n|-sidestart|p1: AratzEnp|move: Toxic Spikes\n|faint|p2a: Glimmora\n|\n|-weather|SunnyDay|[upkeep]\n|-fieldend|move: Trick Room\n|-fieldend|move: Psychic Terrain\n|upkeep\n|\n|t:|1681670029\n|switch|p2a: Chien-Pao|Chien-Pao, L50|100\/100\n|-ability|p2a: Chien-Pao|Sword of Ruin\n|turn|6\n|inactive|AratzEnp has 30 seconds left.\n|inactive|AratzEnp has 20 seconds left.\n|\n|t:|1681670065\n|switch|p1a: TE LA MAMAS|Indeedee-F, L50, F|43\/100 psn\n|-fieldstart|move: Psychic Terrain|[from] ability: Psychic Surge|[of] p1a: TE LA MAMAS\n|move|p2a: Chien-Pao|Sucker Punch|p1b: ECHENIQUE\n|-activate|p1b: ECHENIQUE|move: Psychic Terrain\n|move|p1b: ECHENIQUE|Low Kick|p2a: Chien-Pao\n|-supereffective|p2a: Chien-Pao\n|-enditem|p2a: Chien-Pao|Focus Sash\n|-damage|p2a: Chien-Pao|1\/100\n|\n|-weather|none\n|-damage|p1a: TE LA MAMAS|30\/100 psn|[from] psn\n|upkeep\n|turn|7\n|c|\u2606AratzEnp|gg\n|\n|t:|1681670085\n|move|p2a: Chien-Pao|Ice Spinner|p1b: ECHENIQUE\n|-resisted|p1b: ECHENIQUE\n|-damage|p1b: ECHENIQUE|12\/100\n|-fieldend|move: Psychic Terrain\n|move|p1a: TE LA MAMAS|Dazzling Gleam|p2a: Chien-Pao\n|-supereffective|p2a: Chien-Pao\n|-damage|p2a: Chien-Pao|0 fnt\n|faint|p2a: Chien-Pao\n|\n|win|AratzEnp\n|raw|AratzEnp's rating: 1449 → 1464<\/strong> (+15 for winning)\n|raw|roysurvivor's rating: 1363 → 1348<\/strong> (-15 for losing)\n|l|\u2606roysurvivor\n","uploadtime":1681670129,"views":14,"p1id":"aratzenp","p2id":"roysurvivor","formatid":"gen9vgc2023regulationc","rating":1348,"private":0,"password":""}