{"id":"gen9vgc2023regulationc-1849461871","p1":"XL Twin Mattress","p2":"jchemmy","format":"[Gen 9] VGC 2023 Regulation C","log":"|j|\u2606XL Twin Mattress\n|j|\u2606jchemmy\n|t:|1682201215\n|gametype|doubles\n|player|p1|XL Twin Mattress|larry|1320\n|player|p2|jchemmy|brock|1342\n|teamsize|p1|6\n|teamsize|p2|6\n|gen|9\n|tier|[Gen 9] VGC 2023 Regulation C\n|rated|\n|rule|Species Clause: Limit one of each Pok\u00e9mon\n|rule|Item Clause: Limit one of each item\n|clearpoke\n|poke|p1|Skeledirge, L50, M|\n|poke|p1|Amoonguss, L50, F|\n|poke|p1|Klefki, L50, M|\n|poke|p1|Iron Hands, L50|\n|poke|p1|Gholdengo, L50|\n|poke|p1|Palafin, L50, F|\n|poke|p2|Arcanine, L50, F|\n|poke|p2|Palafin, L50, F|\n|poke|p2|Flutter Mane, L50|\n|poke|p2|Ting-Lu, L50|\n|poke|p2|Amoonguss, L50, M|\n|poke|p2|Baxcalibur, L50, M|\n|teampreview|4\n|inactive|Battle timer is ON: inactive players will automatically lose when time's up. (requested by jchemmy)\njchemmy has agreed to open team sheets.\n|inactive|jchemmy has 60 seconds left.\n|\n|t:|1682201263\n|start\n|switch|p1a: Klefki|Klefki, L50, M|100\/100\n|switch|p1b: Iron Hands|Iron Hands, L50|100\/100\n|switch|p2a: Palafin|Palafin, L50, F|100\/100\n|switch|p2b: Ting-Lu|Ting-Lu, L50|100\/100\n|-ability|p2b: Ting-Lu|Vessel of Ruin\n|-enditem|p1b: Iron Hands|Booster Energy\n|-activate|p1b: Iron Hands|ability: Quark Drive|[fromitem]\n|-start|p1b: Iron Hands|quarkdriveatk\n|turn|1\n|inactive|XL Twin Mattress has 30 seconds left.\n|\n|t:|1682201295\n|detailschange|p2a: Palafin|Palafin-Hero, L50, F\n|switch|p2a: Arcanine|Arcanine, L50, F|100\/100\n|-ability|p2a: Arcanine|Intimidate|boost\n|-unboost|p1a: Klefki|atk|1\n|-unboost|p1b: Iron Hands|atk|1\n|move|p1a: Klefki|Reflect|p1a: Klefki\n|-sidestart|p1: XL Twin Mattress|Reflect\n|move|p2b: Ting-Lu|Stomping Tantrum|p1a: Klefki\n|-supereffective|p1a: Klefki\n|-damage|p1a: Klefki|49\/100\n|move|p1b: Iron Hands|Close Combat|p2b: Ting-Lu\n|-supereffective|p2b: Ting-Lu\n|-damage|p2b: Ting-Lu|20\/100\n|-unboost|p1b: Iron Hands|def|1\n|-unboost|p1b: Iron Hands|spd|1\n|\n|upkeep\n|turn|2\n|inactive|XL Twin Mattress has 30 seconds left.\n|inactive|XL Twin Mattress has 20 seconds left.\n|inactive|XL Twin Mattress has 15 seconds left.\n|inactive|XL Twin Mattress has 10 seconds left.\n|inactive|XL Twin Mattress has 5 seconds left.\n|\n|t:|1682201348\n|-end|p1b: Iron Hands|Quark Drive|[silent]\n|switch|p1b: Amoonguss|Amoonguss, L50, F|100\/100\n|move|p2a: Arcanine|Flare Blitz|p1a: Klefki\n|-supereffective|p1a: Klefki\n|-damage|p1a: Klefki|0 fnt\n|faint|p1a: Klefki\n|-damage|p2a: Arcanine|87\/100|[from] Recoil\n|move|p2b: Ting-Lu|Stomping Tantrum|p1b: Amoonguss\n|-damage|p1b: Amoonguss|77\/100\n|\n|upkeep\n|\n|t:|1682201359\n|switch|p1a: Iron Hands|Iron Hands, L50|100\/100\n|turn|3\n|inactive|XL Twin Mattress has 30 seconds left.\n|\n|t:|1682201393\n|switch|p2b: Flutter Mane|Flutter Mane, L50|100\/100\n|move|p1a: Iron Hands|Fake Out|p2a: Arcanine\n|-damage|p2a: Arcanine|70\/100\n|cant|p2a: Arcanine|flinch\n|move|p1b: Amoonguss|Spore|p2b: Flutter Mane\n|-status|p2b: Flutter Mane|slp|[from] move: Spore\n|\n|upkeep\n|turn|4\n|inactive|XL Twin Mattress has 30 seconds left.\n|inactive|XL Twin Mattress has 20 seconds left.\n|inactive|XL Twin Mattress has 15 seconds left.\n|inactive|XL Twin Mattress has 10 seconds left.\n|inactive|XL Twin Mattress has 5 seconds left.\n|\n|t:|1682201444\n|-terastallize|p1b: Amoonguss|Water\n|move|p1b: Amoonguss|Rage Powder|p1b: Amoonguss\n|-singleturn|p1b: Amoonguss|move: Rage Powder\n|cant|p2b: Flutter Mane|slp\n|move|p2a: Arcanine|Will-O-Wisp|p1a: Iron Hands\n|-status|p1a: Iron Hands|brn\n|move|p1a: Iron Hands|Wild Charge|p2b: Flutter Mane\n|-damage|p2b: Flutter Mane|63\/100 slp\n|-damage|p1a: Iron Hands|95\/100 brn|[from] Recoil\n|\n|-damage|p1a: Iron Hands|89\/100 brn|[from] brn\n|upkeep\n|turn|5\n|inactive|XL Twin Mattress has 30 seconds left.\n|inactive|jchemmy has 30 seconds left.\n|\n|t:|1682201477\n|switch|p2a: Ting-Lu|Ting-Lu, L50|20\/100\n|-ability|p2a: Ting-Lu|Vessel of Ruin\n|-curestatus|p2b: Flutter Mane|slp|[msg]\n|move|p2b: Flutter Mane|Moonblast|p1a: Iron Hands\n|-supereffective|p1a: Iron Hands\n|-damage|p1a: Iron Hands|0 fnt\n|faint|p1a: Iron Hands\n|-end|p1a: Iron Hands|Quark Drive|[silent]\n|move|p1b: Amoonguss|Pollen Puff|p1: Iron Hands|[notarget]\n|-fail|p1b: Amoonguss\n|\n|-sideend|p1: XL Twin Mattress|Reflect\n|upkeep\n|\n|t:|1682201484\n|switch|p1a: Skeledirge|Skeledirge, L50, M|100\/100\n|turn|6\n|\n|t:|1682201508\n|-end|p2b: Flutter Mane|Protosynthesis|[silent]\n|switch|p2b: Arcanine|Arcanine, L50, F|70\/100\n|-ability|p2b: Arcanine|Intimidate|boost\n|-unboost|p1a: Skeledirge|atk|1\n|-unboost|p1b: Amoonguss|atk|1\n|move|p1a: Skeledirge|Torch Song|p2a: Ting-Lu\n|-damage|p2a: Ting-Lu|7\/100\n|-boost|p1a: Skeledirge|spa|1\n|move|p2a: Ting-Lu|Fissure|p1b: Amoonguss|[miss]\n|-miss|p2a: Ting-Lu|p1b: Amoonguss\n|move|p1b: Amoonguss|Spore|p2b: Arcanine\n|-activate|p2b: Arcanine|item: Safety Goggles|Spore\n|\n|upkeep\n|turn|7\n|inactive|XL Twin Mattress has 30 seconds left.\n|\n|t:|1682201540\n|move|p2b: Arcanine|Snarl|p1a: Skeledirge|[spread] p1a,p1b\n|-supereffective|p1a: Skeledirge\n|-damage|p1a: Skeledirge|90\/100\n|-damage|p1b: Amoonguss|72\/100\n|-unboost|p1a: Skeledirge|spa|1\n|-unboost|p1b: Amoonguss|spa|1\n|move|p1a: Skeledirge|Snarl|p2b: Arcanine|[spread] p2a,p2b\n|-resisted|p2a: Ting-Lu\n|-damage|p2a: Ting-Lu|5\/100\n|-damage|p2b: Arcanine|59\/100\n|-unboost|p2a: Ting-Lu|spa|1\n|-unboost|p2b: Arcanine|spa|1\n|move|p2a: Ting-Lu|Stomping Tantrum|p1a: Skeledirge\n|-supereffective|p1a: Skeledirge\n|-damage|p1a: Skeledirge|0 fnt\n|faint|p1a: Skeledirge\n|move|p1b: Amoonguss|Pollen Puff|p1: Skeledirge|[notarget]\n|-fail|p1b: Amoonguss\n|\n|upkeep\n|turn|8\n|-message|XL Twin Mattress forfeited.\n|\n|win|jchemmy\n|raw|XL Twin Mattress's rating: 1320 → 1301<\/strong> (-19 for losing)\n|raw|jchemmy's rating: 1342 → 1361<\/strong> (+19 for winning)\n","uploadtime":1682201557,"views":7,"p1id":"xltwinmattress","p2id":"jchemmy","formatid":"gen9vgc2023regulationc","rating":1301,"private":0,"password":""}