{"id":"gen9vgc2023regulationc-1857396919","p1":"marioman6444","p2":"floflowww","format":"[Gen 9] VGC 2023 Regulation C","log":"|j|\u2606marioman6444\n|j|\u2606floflowww\n|t:|1683186378\n|gametype|doubles\n|player|p1|marioman6444|hoopster|1195\n|player|p2|floflowww|265|1092\n|teamsize|p1|6\n|teamsize|p2|6\n|gen|9\n|tier|[Gen 9] VGC 2023 Regulation C\n|rated|\n|rule|Species Clause: Limit one of each Pok\u00e9mon\n|rule|Item Clause: Limit one of each item\n|clearpoke\n|poke|p1|Chi-Yu, L50|\n|poke|p1|Annihilape, L50, F|\n|poke|p1|Flutter Mane, L50|\n|poke|p1|Iron Bundle, L50|\n|poke|p1|Murkrow, L50, M|\n|poke|p1|Great Tusk, L50|\n|poke|p2|Annihilape, L50, F|\n|poke|p2|Iron Bundle, L50|\n|poke|p2|Arcanine, L50, F|\n|poke|p2|Roaring Moon, L50|\n|poke|p2|Gholdengo, L50|\n|poke|p2|Maushold-Four, L50|\n|teampreview|4\n|inactive|Battle timer is ON: inactive players will automatically lose when time's up. (requested by floflowww)\n|inactive|marioman6444 also wants the timer to be on.\n|inactive|marioman6444 has 60 seconds left.\n|\n|t:|1683186429\n|start\n|switch|p1a: Annihilape|Annihilape, L50, F|100\/100\n|switch|p1b: Pawn|Murkrow, L50, M, shiny|100\/100\n|switch|p2a: Arcanine|Arcanine, L50, F|100\/100\n|switch|p2b: Annihilape|Annihilape, L50, F|100\/100\n|-ability|p2a: Arcanine|Intimidate|boost\n|-unboost|p1a: Annihilape|atk|1\n|-ability|p1a: Annihilape|Defiant|boost\n|-boost|p1a: Annihilape|atk|2\n|-unboost|p1b: Pawn|atk|1\n|turn|1\n|inactive|floflowww has 30 seconds left.\n|\n|t:|1683186464\n|switch|p2b: Maushold|Maushold-Four, L50|100\/100\n|move|p1a: Annihilape|Protect|p1a: Annihilape\n|-singleturn|p1a: Annihilape|Protect\n|move|p1b: Pawn|Tailwind|p1b: Pawn\n|-sidestart|p1: marioman6444|move: Tailwind\n|move|p2a: Arcanine|Flare Blitz|p1a: Annihilape\n|-activate|p1a: Annihilape|move: Protect\n|\n|upkeep\n|turn|2\n|inactive|marioman6444 has 30 seconds left.\n|inactive|marioman6444 has 20 seconds left.\n|inactive|marioman6444 has 15 seconds left.\n|inactive|marioman6444 has 10 seconds left.\n|\n|t:|1683186512\n|switch|p2b: Annihilape|Annihilape, L50, F|100\/100\n|-terastallize|p1a: Annihilape|Fire\n|move|p1b: Pawn|Foul Play|p2a: Arcanine\n|-damage|p2a: Arcanine|61\/100\n|move|p1a: Annihilape|Bulk Up|p1a: Annihilape\n|-boost|p1a: Annihilape|atk|1\n|-boost|p1a: Annihilape|def|1\n|move|p2a: Arcanine|Flare Blitz|p1a: Annihilape\n|-resisted|p1a: Annihilape\n|-damage|p1a: Annihilape|86\/100\n|-damage|p2a: Arcanine|55\/100|[from] Recoil\n|\n|-heal|p1a: Annihilape|92\/100|[from] item: Leftovers\n|upkeep\n|turn|3\n|inactive|marioman6444 has 30 seconds left.\n|\n|t:|1683186541\n|move|p1a: Annihilape|Protect|p1a: Annihilape\n|-singleturn|p1a: Annihilape|Protect\n|move|p1b: Pawn|Foul Play|p2b: Annihilape\n|-damage|p2b: Annihilape|62\/100\n|move|p2a: Arcanine|Flare Blitz|p1b: Pawn\n|-damage|p1b: Pawn|49\/100\n|-damage|p2a: Arcanine|43\/100|[from] Recoil\n|move|p2b: Annihilape|Bulk Up|p2b: Annihilape\n|-boost|p2b: Annihilape|atk|1\n|-boost|p2b: Annihilape|def|1\n|\n|-heal|p1a: Annihilape|98\/100|[from] item: Leftovers\n|upkeep\n|turn|4\n|\n|t:|1683186560\n|move|p2b: Annihilape|Protect|p2b: Annihilape\n|-singleturn|p2b: Annihilape|Protect\n|move|p1b: Pawn|Foul Play|p2a: Arcanine\n|-damage|p2a: Arcanine|6\/100\n|move|p1a: Annihilape|Rage Fist|p2b: Annihilape\n|-activate|p2b: Annihilape|move: Protect\n|move|p2a: Arcanine|Flare Blitz|p1b: Pawn\n|-damage|p1b: Pawn|0 fnt\n|faint|p1b: Pawn\n|-damage|p2a: Arcanine|0 fnt|[from] Recoil\n|faint|p2a: Arcanine\n|\n|-heal|p1a: Annihilape|100\/100|[from] item: Leftovers\n|-sideend|p1: marioman6444|move: Tailwind\n|upkeep\n|inactive|marioman6444 has 30 seconds left.\n|\n|t:|1683186591\n|switch|p2a: Maushold|Maushold-Four, L50|100\/100\n|switch|p1b: Great Tusk|Great Tusk, L50|100\/100\n|turn|5\n|inactive|floflowww has 30 seconds left.\n|\n|t:|1683186619\n|-terastallize|p2b: Annihilape|Water\n|move|p1a: Annihilape|Protect|p1a: Annihilape\n|-singleturn|p1a: Annihilape|Protect\n|move|p1b: Great Tusk|Earthquake|p2a: Maushold|[spread] p2a,p2b\n|-activate|p1a: Annihilape|move: Protect\n|-damage|p2a: Maushold|60\/100\n|-damage|p2b: Annihilape|42\/100\n|-enditem|p2b: Annihilape|Sitrus Berry|[eat]\n|-heal|p2b: Annihilape|67\/100|[from] item: Sitrus Berry\n|move|p2a: Maushold|Super Fang|p1a: Annihilape\n|-activate|p1a: Annihilape|move: Protect\n|move|p2b: Annihilape|Drain Punch|p1b: Great Tusk\n|-crit|p1b: Great Tusk\n|-damage|p1b: Great Tusk|45\/100\n|-heal|p2b: Annihilape|91\/100|[from] drain|[of] p1b: Great Tusk\n|\n|upkeep\n|turn|6\n|\n|t:|1683186644\n|-end|p1b: Great Tusk|Protosynthesis|[silent]\n|switch|p1b: Chi-Yu|Chi-Yu, L50|100\/100\n|-ability|p1b: Chi-Yu|Beads of Ruin\n|move|p2a: Maushold|Follow Me|p2a: Maushold\n|-singleturn|p2a: Maushold|move: Follow Me\n|move|p2b: Annihilape|Rage Fist|p1a: Annihilape\n|-damage|p1a: Annihilape|39\/100\n|move|p1a: Annihilape|Drain Punch|p2a: Maushold\n|-supereffective|p2a: Maushold\n|-damage|p2a: Maushold|0 fnt\n|-heal|p1a: Annihilape|64\/100|[from] drain|[of] p2a: Maushold\n|faint|p2a: Maushold\n|\n|-heal|p1a: Annihilape|70\/100|[from] item: Leftovers\n|upkeep\n|\n|t:|1683186658\n|switch|p2a: Iron Bundle|Iron Bundle, L50|100\/100\n|turn|7\n|\n|t:|1683186681\n|move|p2a: Iron Bundle|Freeze-Dry|p1a: Annihilape\n|-resisted|p1a: Annihilape\n|-damage|p1a: Annihilape|54\/100\n|move|p1b: Chi-Yu|Nasty Plot|p1b: Chi-Yu\n|-boost|p1b: Chi-Yu|spa|2\n|move|p2b: Annihilape|Rage Fist|p1a: Annihilape\n|-damage|p1a: Annihilape|0 fnt\n|faint|p1a: Annihilape\n|\n|upkeep\n|\n|t:|1683186690\n|switch|p1a: Great Tusk|Great Tusk, L50|45\/100\n|turn|8\n|\n|t:|1683186699\n|move|p1b: Chi-Yu|Protect|p1b: Chi-Yu\n|-singleturn|p1b: Chi-Yu|Protect\n|move|p1a: Great Tusk|Close Combat|p2a: Iron Bundle\n|-supereffective|p2a: Iron Bundle\n|-damage|p2a: Iron Bundle|0 fnt\n|-unboost|p1a: Great Tusk|def|1\n|-unboost|p1a: Great Tusk|spd|1\n|faint|p2a: Iron Bundle\n|-end|p2a: Iron Bundle|Quark Drive|[silent]\n|move|p2b: Annihilape|Drain Punch|p1b: Chi-Yu\n|-activate|p1b: Chi-Yu|move: Protect\n|\n|upkeep\n|turn|9\n|\n|t:|1683186712\n|move|p1a: Great Tusk|Close Combat|p2b: Annihilape\n|-damage|p2b: Annihilape|53\/100\n|-unboost|p1a: Great Tusk|def|1\n|-unboost|p1a: Great Tusk|spd|1\n|move|p1b: Chi-Yu|Dark Pulse|p2b: Annihilape\n|-damage|p2b: Annihilape|0 fnt\n|faint|p2b: Annihilape\n|\n|win|marioman6444\n|raw|marioman6444's rating: 1195 → 1213<\/strong> (+18 for winning)\n|raw|floflowww's rating: 1092 → 1075<\/strong> (-17 for losing)\n|l|\u2606floflowww\n|c|\u2606marioman6444|YEAAAH\n|c|\u2606marioman6444|Gg\n","uploadtime":1683186726,"views":9,"p1id":"marioman6444","p2id":"floflowww","formatid":"gen9vgc2023regulationc","rating":1075,"private":0,"password":""}