{"id":"gen9vgc2023regulationc-1851076230","p1":"Yankasii","p2":"superseriousboi","format":"[Gen 9] VGC 2023 Regulation C","log":"|j|\u2606Yankasii\n|j|\u2606superseriousboi\n|t:|1682405014\n|gametype|doubles\n|player|p1|Yankasii|skierf|1096\n|player|p2|superseriousboi|101|1174\n|teamsize|p1|6\n|teamsize|p2|6\n|gen|9\n|tier|[Gen 9] VGC 2023 Regulation C\n|rated|\n|rule|Species Clause: Limit one of each Pok\u00e9mon\n|rule|Item Clause: Limit one of each item\n|clearpoke\n|poke|p1|Ting-Lu, L50|\n|poke|p1|Tyranitar, L50, F|\n|poke|p1|Gastrodon-East, L50, M|\n|poke|p1|Krookodile, L50, M|\n|poke|p1|Maushold, L50|\n|poke|p1|Glimmora, L50, M|\n|poke|p2|Klefki, L50, F|\n|poke|p2|Flutter Mane, L50|\n|poke|p2|Clawitzer, L50, F|\n|poke|p2|Chi-Yu, L50|\n|poke|p2|Garganacl, L50, F|\n|poke|p2|Arboliva, L50, M|\n|teampreview|4\n|\n|t:|1682405088\n|start\n|switch|p1a: Tyranitar|Tyranitar, L50, F|100\/100\n|switch|p1b: Krookodile|Krookodile, L50, M|100\/100\n|switch|p2a: Klefki|Klefki, L50, F|100\/100\n|switch|p2b: Garganacl|Garganacl, L50, F|100\/100\n|-ability|p1b: Krookodile|Intimidate|boost\n|-unboost|p2a: Klefki|atk|1\n|-unboost|p2b: Garganacl|atk|1\n|-weather|Sandstorm|[from] ability: Sand Stream|[of] p1a: Tyranitar\n|turn|1\n|\n|t:|1682405124\n|move|p2a: Klefki|Reflect|p2a: Klefki\n|-sidestart|p2: superseriousboi|Reflect\n|move|p1b: Krookodile|Close Combat|p2b: Garganacl\n|-supereffective|p2b: Garganacl\n|-damage|p2b: Garganacl|62\/100\n|-unboost|p1b: Krookodile|def|1\n|-unboost|p1b: Krookodile|spd|1\n|move|p1a: Tyranitar|Crunch|p2a: Klefki\n|-resisted|p2a: Klefki\n|-damage|p2a: Klefki|77\/100\n|move|p2b: Garganacl|Salt Cure|p1b: Krookodile\n|-resisted|p1b: Krookodile\n|-damage|p1b: Krookodile|92\/100\n|-start|p1b: Krookodile|Salt Cure\n|\n|-weather|Sandstorm|[upkeep]\n|-heal|p2b: Garganacl|68\/100|[from] item: Leftovers\n|-damage|p1b: Krookodile|79\/100|[from] Salt Cure\n|upkeep\n|turn|2\n|\n|t:|1682405161\n|switch|p1b: Ting-Lu|Ting-Lu, L50|100\/100\n|-ability|p1b: Ting-Lu|Vessel of Ruin\n|move|p1a: Tyranitar|Crunch|p2a: Klefki\n|-resisted|p2a: Klefki\n|-damage|p2a: Klefki|54\/100\n|-unboost|p2a: Klefki|def|1\n|move|p2b: Garganacl|Salt Cure|p1a: Tyranitar\n|-damage|p1a: Tyranitar|93\/100\n|-start|p1a: Tyranitar|Salt Cure\n|move|p2a: Klefki|Trick Room|p2a: Klefki\n|-fieldstart|move: Trick Room|[of] p2a: Klefki\n|\n|-weather|Sandstorm|[upkeep]\n|-heal|p2b: Garganacl|74\/100|[from] item: Leftovers\n|-damage|p1a: Tyranitar|81\/100|[from] Salt Cure\n|upkeep\n|turn|3\n|\n|t:|1682405207\n|switch|p1a: Gastrodon|Gastrodon-East, L50, M|100\/100\n|switch|p2a: Arboliva|Arboliva, L50, M|100\/100\n|move|p2b: Garganacl|Salt Cure|p1b: Ting-Lu\n|-resisted|p1b: Ting-Lu\n|-damage|p1b: Ting-Lu|98\/100\n|-start|p1b: Ting-Lu|Salt Cure\n|move|p1b: Ting-Lu|Fissure|p2b: Garganacl|[miss]\n|-miss|p1b: Ting-Lu|p2b: Garganacl\n|\n|-weather|Sandstorm|[upkeep]\n|-damage|p2a: Arboliva|95\/100|[from] Sandstorm\n|-heal|p2b: Garganacl|80\/100|[from] item: Leftovers\n|-damage|p1b: Ting-Lu|86\/100|[from] Salt Cure\n|upkeep\n|turn|4\n|\n|t:|1682405266\n|move|p2b: Garganacl|Salt Cure|p1a: Gastrodon\n|-resisted|p1a: Gastrodon\n|-damage|p1a: Gastrodon|96\/100\n|-start|p1a: Gastrodon|Salt Cure\n|move|p2a: Arboliva|Leech Seed|p1b: Ting-Lu\n|-start|p1b: Ting-Lu|move: Leech Seed\n|move|p1b: Ting-Lu|Stomping Tantrum|p2b: Garganacl\n|-supereffective|p2b: Garganacl\n|-damage|p2b: Garganacl|8\/100\n|move|p1a: Gastrodon|Muddy Water|p2b: Garganacl|[spread] p2a,p2b\n|-resisted|p2a: Arboliva\n|-supereffective|p2b: Garganacl\n|-damage|p2a: Arboliva|88\/100\n|-damage|p2b: Garganacl|0 fnt\n|faint|p2b: Garganacl\n|\n|-weather|Sandstorm|[upkeep]\n|-damage|p2a: Arboliva|82\/100|[from] Sandstorm\n|-heal|p1a: Gastrodon|100\/100|[from] item: Leftovers\n|-damage|p1b: Ting-Lu|74\/100|[from] Leech Seed|[of] p2a: Arboliva\n|-heal|p2a: Arboliva|99\/100|[silent]\n|-damage|p1b: Ting-Lu|62\/100|[from] Salt Cure\n|-damage|p1a: Gastrodon|76\/100|[from] Salt Cure\n|upkeep\n|\n|t:|1682405293\n|switch|p2b: Clawitzer|Clawitzer, L50, F|100\/100\n|turn|5\n|\n|t:|1682405305\n|move|p1a: Gastrodon|Helping Hand|p1b: Ting-Lu\n|-singleturn|p1b: Ting-Lu|Helping Hand|[of] p1a: Gastrodon\n|move|p2a: Arboliva|Giga Drain|p1a: Gastrodon\n|-supereffective|p1a: Gastrodon\n|-damage|p1a: Gastrodon|0 fnt\n|-heal|p2a: Arboliva|100\/100|[from] drain|[of] p1a: Gastrodon\n|faint|p1a: Gastrodon\n|move|p2b: Clawitzer|Water Pulse|p1b: Ting-Lu\n|-supereffective|p1b: Ting-Lu\n|-damage|p1b: Ting-Lu|10\/100\n|-damage|p2b: Clawitzer|91\/100|[from] item: Life Orb\n|move|p1b: Ting-Lu|Fissure|p2a: Arboliva|[miss]\n|-miss|p1b: Ting-Lu|p2a: Arboliva\n|\n|-weather|none\n|-damage|p1b: Ting-Lu|0 fnt|[from] Leech Seed|[of] p2a: Arboliva\n|faint|p1b: Ting-Lu\n|-sideend|p2: superseriousboi|Reflect\n|upkeep\n|\n|t:|1682405321\n|switch|p1b: Krookodile|Krookodile, L50, M|79\/100\n|switch|p1a: Tyranitar|Tyranitar, L50, F|81\/100\n|-weather|Sandstorm|[from] ability: Sand Stream|[of] p1a: Tyranitar\n|-ability|p1b: Krookodile|Intimidate|boost\n|-unboost|p2a: Arboliva|atk|1\n|-unboost|p2b: Clawitzer|atk|1\n|turn|6\n|\n|t:|1682405350\n|-terastallize|p1a: Tyranitar|Grass\n|move|p2a: Arboliva|Leech Seed|p1b: Krookodile|[miss]\n|-miss|p2a: Arboliva|p1b: Krookodile\n|move|p2b: Clawitzer|Aura Sphere|p1a: Tyranitar\n|-damage|p1a: Tyranitar|35\/100\n|-damage|p2b: Clawitzer|81\/100|[from] item: Life Orb\n|move|p1a: Tyranitar|Ice Punch|p2a: Arboliva\n|-supereffective|p2a: Arboliva\n|-damage|p2a: Arboliva|16\/100\n|-enditem|p2a: Arboliva|Sitrus Berry|[eat]\n|-heal|p2a: Arboliva|41\/100|[from] item: Sitrus Berry\n|move|p1b: Krookodile|Crunch|p2b: Clawitzer\n|-damage|p2b: Clawitzer|38\/100\n|\n|-weather|Sandstorm|[upkeep]\n|-damage|p2a: Arboliva|35\/100|[from] Sandstorm\n|-damage|p2b: Clawitzer|31\/100|[from] Sandstorm\n|-damage|p1a: Tyranitar|29\/100|[from] Sandstorm\n|-fieldend|move: Trick Room\n|-item|p2a: Arboliva|Sitrus Berry|[from] ability: Harvest\n|upkeep\n|-enditem|p2a: Arboliva|Sitrus Berry|[eat]\n|-heal|p2a: Arboliva|60\/100|[from] item: Sitrus Berry\n|turn|7\n|\n|t:|1682405392\n|-terastallize|p2a: Arboliva|Flying\n|move|p1b: Krookodile|Earthquake|p2b: Clawitzer|[spread] p1a,p2b\n|-immune|p2a: Arboliva\n|-resisted|p1a: Tyranitar\n|-damage|p1a: Tyranitar|14\/100\n|-damage|p2b: Clawitzer|0 fnt\n|faint|p2b: Clawitzer\n|move|p1a: Tyranitar|Ice Punch|p2a: Arboliva\n|-supereffective|p2a: Arboliva\n|-damage|p2a: Arboliva|0 fnt\n|faint|p2a: Arboliva\n|\n|-weather|Sandstorm|[upkeep]\n|-damage|p1a: Tyranitar|8\/100|[from] Sandstorm\n|upkeep\n|-message|superseriousboi forfeited.\n|\n|win|Yankasii\n|raw|Yankasii's rating: 1096 → 1127<\/strong> (+31 for winning)\n|raw|superseriousboi's rating: 1174 → 1143<\/strong> (-31 for losing)\n|l|\u2606superseriousboi\n","uploadtime":1682405413,"views":10,"p1id":"yankasii","p2id":"superseriousboi","formatid":"gen9vgc2023regulationc","rating":1127,"private":0,"password":""}