{"id":"gen9vgc2023regulationc-1845537857","p1":"Whatever0512","p2":"Cammyrupt","format":"[Gen 9] VGC 2023 Regulation C","log":"|j|\u2606Whatever0512\n|j|\u2606Cammyrupt\n|t:|1681743131\n|gametype|doubles\n|player|p1|Whatever0512|170|1342\n|player|p2|Cammyrupt|ballguy|1439\n|teamsize|p1|6\n|teamsize|p2|6\n|gen|9\n|tier|[Gen 9] VGC 2023 Regulation C\n|rated|\n|rule|Species Clause: Limit one of each Pok\u00e9mon\n|rule|Item Clause: Limit one of each item\n|clearpoke\n|poke|p1|Talonflame, L50, F|\n|poke|p1|Flutter Mane, L50|\n|poke|p1|Tyranitar, L50, M|\n|poke|p1|Iron Bundle, L50|\n|poke|p1|Gothitelle, L50, F|\n|poke|p1|Great Tusk, L50|\n|poke|p2|Gholdengo, L50|\n|poke|p2|Chien-Pao, L50|\n|poke|p2|Dragonite, L50, F|\n|poke|p2|Arcanine, L50, F|\n|poke|p2|Gyarados, L50, M|\n|poke|p2|Amoonguss, L50, F|\n|teampreview|4\nWhatever0512 has agreed to open team sheets.\n|\n|t:|1681743177\n|start\n|switch|p1a: Talonflame|Talonflame, L50, F|100\/100\n|switch|p1b: Tyranitar|Tyranitar, L50, M|100\/100\n|switch|p2a: Arcanine|Arcanine, L50, F|100\/100\n|switch|p2b: Gholdengo|Gholdengo, L50|100\/100\n|-ability|p2a: Arcanine|Intimidate|boost\n|-unboost|p1a: Talonflame|atk|1\n|-unboost|p1b: Tyranitar|atk|1\n|-weather|Sandstorm|[from] ability: Sand Stream|[of] p1b: Tyranitar\n|turn|1\n|\n|t:|1681743198\n|-terastallize|p1b: Tyranitar|Flying\n|move|p1a: Talonflame|Taunt|p2a: Arcanine\n|-start|p2a: Arcanine|move: Taunt\n|cant|p2a: Arcanine|move: Taunt|Will-O-Wisp\n|move|p2b: Gholdengo|Nasty Plot|p2b: Gholdengo\n|-boost|p2b: Gholdengo|spa|2\n|move|p1b: Tyranitar|Rock Slide|p2a: Arcanine|[spread] p2a,p2b\n|-supereffective|p2a: Arcanine\n|-resisted|p2b: Gholdengo\n|-crit|p2b: Gholdengo\n|-damage|p2a: Arcanine|53\/100\n|-damage|p2b: Gholdengo|77\/100\n|\n|-weather|Sandstorm|[upkeep]\n|-damage|p1b: Tyranitar|95\/100|[from] Sandstorm\n|-heal|p2b: Gholdengo|83\/100|[from] item: Leftovers\n|upkeep\n|turn|2\n|\n|t:|1681743224\n|switch|p2a: Gyarados|Gyarados, L50, M|100\/100\n|-ability|p2a: Gyarados|Intimidate|boost\n|-unboost|p1a: Talonflame|atk|1\n|-unboost|p1b: Tyranitar|atk|1\n|-terastallize|p2b: Gholdengo|Water\n|move|p1a: Talonflame|Tailwind|p1a: Talonflame\n|-sidestart|p1: Whatever0512|move: Tailwind\n|move|p1b: Tyranitar|Rock Slide|p2a: Gyarados|[spread] p2a,p2b\n|-supereffective|p2a: Gyarados\n|-crit|p2b: Gholdengo\n|-damage|p2a: Gyarados|68\/100\n|-damage|p2b: Gholdengo|38\/100\n|move|p2b: Gholdengo|Shadow Ball|p1a: Talonflame\n|-damage|p1a: Talonflame|2\/100\n|-unboost|p1a: Talonflame|spd|1\n|\n|-weather|Sandstorm|[upkeep]\n|-damage|p1b: Tyranitar|89\/100|[from] Sandstorm\n|-damage|p2b: Gholdengo|31\/100|[from] Sandstorm\n|-damage|p2a: Gyarados|62\/100|[from] Sandstorm\n|-heal|p2b: Gholdengo|38\/100|[from] item: Leftovers\n|upkeep\n|turn|3\n|\n|t:|1681743248\n|switch|p2a: Arcanine|Arcanine, L50, F|53\/100\n|-ability|p2a: Arcanine|Intimidate|boost\n|-unboost|p1a: Talonflame|atk|1\n|-unboost|p1b: Tyranitar|atk|1\n|move|p1a: Talonflame|Will-O-Wisp|p2a: Arcanine\n|-immune|p2a: Arcanine\n|move|p1b: Tyranitar|Rock Slide|p2b: Gholdengo|[spread] p2a,p2b\n|-supereffective|p2a: Arcanine\n|-damage|p2a: Arcanine|25\/100\n|-damage|p2b: Gholdengo|25\/100\n|move|p2b: Gholdengo|Make It Rain|p1b: Tyranitar|[spread] p1a,p1b\n|-resisted|p1a: Talonflame\n|-damage|p1a: Talonflame|0 fnt\n|-damage|p1b: Tyranitar|36\/100\n|-unboost|p2b: Gholdengo|spa|1\n|faint|p1a: Talonflame\n|\n|-weather|Sandstorm|[upkeep]\n|-damage|p1b: Tyranitar|30\/100|[from] Sandstorm\n|-damage|p2b: Gholdengo|19\/100|[from] Sandstorm\n|-heal|p2b: Gholdengo|25\/100|[from] item: Leftovers\n|upkeep\n|\n|t:|1681743256\n|switch|p1a: Flutter Mane|Flutter Mane, L50|100\/100\n|turn|4\n|\n|t:|1681743270\n|switch|p1b: Great Tusk|Great Tusk, L50|100\/100\n|switch|p2b: Chien-Pao|Chien-Pao, L50|100\/100\n|-ability|p2b: Chien-Pao|Sword of Ruin\n|move|p2a: Arcanine|Extreme Speed|p1b: Great Tusk\n|-damage|p1b: Great Tusk|76\/100\n|move|p1a: Flutter Mane|Dazzling Gleam|p2b: Chien-Pao|[spread] p2a,p2b\n|-resisted|p2a: Arcanine\n|-supereffective|p2b: Chien-Pao\n|-damage|p2a: Arcanine|2\/100\n|-enditem|p2b: Chien-Pao|Focus Sash\n|-damage|p2b: Chien-Pao|1\/100\n|\n|-weather|Sandstorm|[upkeep]\n|-damage|p1a: Flutter Mane|95\/100|[from] Sandstorm\n|-damage|p2b: Chien-Pao|0 fnt|[from] Sandstorm\n|faint|p2b: Chien-Pao\n|upkeep\n|\n|t:|1681743278\n|switch|p2b: Gholdengo|Gholdengo, L50, tera:Water|25\/100\n|turn|5\n|\n|t:|1681743295\n|-end|p1b: Great Tusk|Protosynthesis|[silent]\n|switch|p1b: Tyranitar|Tyranitar, L50, M, tera:Flying|30\/100\n|switch|p2a: Gyarados|Gyarados, L50, M|62\/100\n|-ability|p2a: Gyarados|Intimidate|boost\n|-unboost|p1a: Flutter Mane|atk|1\n|-unboost|p1b: Tyranitar|atk|1\n|move|p1a: Flutter Mane|Dazzling Gleam|p2b: Gholdengo|[spread] p2a,p2b\n|-damage|p2a: Gyarados|17\/100\n|-damage|p2b: Gholdengo|0 fnt\n|-enditem|p2a: Gyarados|Sitrus Berry|[eat]\n|-heal|p2a: Gyarados|42\/100|[from] item: Sitrus Berry\n|faint|p2b: Gholdengo\n|\n|-weather|none\n|-sideend|p1: Whatever0512|move: Tailwind\n|upkeep\n|-message|Cammyrupt forfeited.\n|\n|win|Whatever0512\n|raw|Whatever0512's rating: 1342 → 1367<\/strong> (+25 for winning)\n|raw|Cammyrupt's rating: 1439 → 1414<\/strong> (-25 for losing)\n|l|\u2606Cammyrupt\n","uploadtime":1681743321,"views":10,"p1id":"whatever0512","p2id":"cammyrupt","formatid":"gen9vgc2023regulationc","rating":1367,"private":0,"password":""}