{"id":"gen9vgc2023regulationc-1847502263","p1":"mike3092","p2":"JDN07","format":"[Gen 9] VGC 2023 Regulation C","log":"|j|\u2606mike3092\n|j|\u2606JDN07\n|t:|1681963510\n|gametype|doubles\n|player|p1|mike3092|169|\n|player|p2|JDN07|266|\n|teamsize|p1|6\n|teamsize|p2|6\n|gen|9\n|tier|[Gen 9] VGC 2023 Regulation C\n|rule|Species Clause: Limit one of each Pok\u00e9mon\n|rule|Item Clause: Limit one of each item\n|clearpoke\n|poke|p1|Flutter Mane, L50|\n|poke|p1|Iron Bundle, L50|\n|poke|p1|Corviknight, L50, F|\n|poke|p1|Amoonguss, L50, M|\n|poke|p1|Garchomp, L50, F|\n|poke|p1|Chi-Yu, L50|\n|poke|p2|Ting-Lu, L50|\n|poke|p2|Gholdengo, L50|\n|poke|p2|Garganacl, L50, M|\n|poke|p2|Chien-Pao, L50|\n|poke|p2|Palafin, L50, M|\n|poke|p2|Amoonguss, L50, M|\n|teampreview|4\n|c|\u2606JDN07|G3\nJDN07 has agreed to open team sheets.\n|c|\u2606JDN07|Bro\n|c|\u2606JDN07|No me sale su ots\nmike3092 has agreed to open team sheets.\n|c|\u2606JDN07|Linda\n|inactive|Battle timer is ON: inactive players will automatically lose when time's up. (requested by JDN07)\n|inactive|JDN07 has 60 seconds left.\n|\n|t:|1681964644\n|start\n|switch|p1a: Boyle|Iron Bundle, L50|100\/100\n|switch|p1b: Captain Holt|Corviknight, L50, F, shiny|100\/100\n|switch|p2a: Garganacl|Garganacl, L50, M, shiny|100\/100\n|switch|p2b: Palafin|Palafin, L50, M|100\/100\n|-enditem|p1a: Boyle|Booster Energy\n|-activate|p1a: Boyle|ability: Quark Drive|[fromitem]\n|-start|p1a: Boyle|quarkdrivespe\n|turn|1\n|inactive|JDN07 has 30 seconds left.\n|\n|t:|1681964673\n|move|p2b: Palafin|Protect|p2b: Palafin\n|-singleturn|p2b: Palafin|Protect\n|move|p1a: Boyle|Freeze-Dry|p2b: Palafin\n|-activate|p2b: Palafin|move: Protect\n|move|p1b: Captain Holt|Brave Bird|p2b: Palafin\n|-activate|p2b: Palafin|move: Protect\n|move|p2a: Garganacl|Salt Cure|p1b: Captain Holt\n|-damage|p1b: Captain Holt|88\/100\n|-start|p1b: Captain Holt|Salt Cure\n|\n|-heal|p1b: Captain Holt|94\/100|[from] item: Leftovers\n|-damage|p1b: Captain Holt|69\/100|[from] Salt Cure\n|upkeep\n|turn|2\n|\n|t:|1681964697\n|detailschange|p2b: Palafin|Palafin-Hero, L50, M\n|switch|p2b: Ting-Lu|Ting-Lu, L50|100\/100\n|-ability|p2b: Ting-Lu|Vessel of Ruin\n|-terastallize|p2a: Garganacl|Ghost\n|move|p1a: Boyle|Freeze-Dry|p2b: Ting-Lu\n|-supereffective|p2b: Ting-Lu\n|-crit|p2b: Ting-Lu\n|-damage|p2b: Ting-Lu|59\/100\n|move|p1b: Captain Holt|Brave Bird|p2b: Ting-Lu\n|-damage|p2b: Ting-Lu|33\/100\n|-damage|p1b: Captain Holt|58\/100|[from] Recoil\n|move|p2a: Garganacl|Salt Cure|p1a: Boyle\n|-supereffective|p1a: Boyle\n|-damage|p1a: Boyle|67\/100\n|-start|p1a: Boyle|Salt Cure\n|\n|-heal|p1b: Captain Holt|65\/100|[from] item: Leftovers\n|-damage|p1a: Boyle|42\/100|[from] Salt Cure\n|-damage|p1b: Captain Holt|40\/100|[from] Salt Cure\n|upkeep\n|turn|3\n|inactive|mike3092 has 30 seconds left.\n|inactive|JDN07 has 30 seconds left.\n|\n|t:|1681964732\n|move|p1a: Boyle|Freeze-Dry|p2b: Ting-Lu\n|-supereffective|p2b: Ting-Lu\n|-damage|p2b: Ting-Lu|8\/100\n|move|p1b: Captain Holt|Tailwind|p1b: Captain Holt\n|-sidestart|p1: mike3092|move: Tailwind\n|move|p2b: Ting-Lu|Body Press|p1b: Captain Holt\n|-damage|p1b: Captain Holt|20\/100\n|move|p2a: Garganacl|Salt Cure|p1a: Boyle\n|-supereffective|p1a: Boyle\n|-damage|p1a: Boyle|6\/100\n|\n|-heal|p1b: Captain Holt|26\/100|[from] item: Leftovers\n|-damage|p1a: Boyle|0 fnt|[from] Salt Cure\n|faint|p1a: Boyle\n|-end|p1a: Boyle|Quark Drive|[silent]\n|-damage|p1b: Captain Holt|1\/100|[from] Salt Cure\n|upkeep\n|inactive|mike3092 has 30 seconds left.\n|inactive|mike3092 has 20 seconds left.\n|inactive|mike3092 has 15 seconds left.\n|\n|t:|1681964773\n|switch|p1a: Garchomp|Garchomp, L50, F|100\/100\n|turn|4\n|\n|t:|1681964783\n|switch|p2b: Amoonguss|Amoonguss, L50, M, shiny|100\/100\n|move|p1a: Garchomp|Earthquake|p2b: Amoonguss|[spread] p2a,p2b\n|-immune|p1b: Captain Holt\n|-damage|p2a: Garganacl|80\/100\n|-damage|p2b: Amoonguss|66\/100\n|move|p1b: Captain Holt|Roost|p1b: Captain Holt\n|-heal|p1b: Captain Holt|51\/100\n|-singleturn|p1b: Captain Holt|move: Roost\n|move|p2a: Garganacl|Salt Cure|p1a: Garchomp\n|-resisted|p1a: Garchomp\n|-damage|p1a: Garchomp|93\/100\n|-start|p1a: Garchomp|Salt Cure\n|\n|-heal|p1b: Captain Holt|57\/100|[from] item: Leftovers\n|-heal|p2a: Garganacl|86\/100|[from] item: Leftovers\n|-damage|p1a: Garchomp|80\/100|[from] Salt Cure\n|-damage|p1b: Captain Holt|32\/100|[from] Salt Cure\n|upkeep\n|turn|5\n|inactive|JDN07 has 30 seconds left.\n|\n|t:|1681964814\n|move|p2b: Amoonguss|Protect|p2b: Amoonguss\n|-singleturn|p2b: Amoonguss|Protect\n|move|p1a: Garchomp|Swords Dance|p1a: Garchomp\n|-boost|p1a: Garchomp|atk|2\n|move|p1b: Captain Holt|Roost|p1b: Captain Holt\n|-heal|p1b: Captain Holt|82\/100\n|-singleturn|p1b: Captain Holt|move: Roost\n|move|p2a: Garganacl|Salt Cure|p1b: Captain Holt\n|-resisted|p1b: Captain Holt\n|-damage|p1b: Captain Holt|77\/100\n|\n|-heal|p1b: Captain Holt|83\/100|[from] item: Leftovers\n|-heal|p2a: Garganacl|92\/100|[from] item: Leftovers\n|-damage|p1a: Garchomp|68\/100|[from] Salt Cure\n|-damage|p1b: Captain Holt|58\/100|[from] Salt Cure\n|upkeep\n|turn|6\n|inactive|mike3092 has 30 seconds left.\n|\n|t:|1681964847\n|switch|p2b: Ting-Lu|Ting-Lu, L50|8\/100\n|-ability|p2b: Ting-Lu|Vessel of Ruin\n|move|p2a: Garganacl|Protect|p2a: Garganacl\n|-singleturn|p2a: Garganacl|Protect\n|move|p1a: Garchomp|Earthquake|p2b: Ting-Lu|[spread] p2b\n|-activate|p2a: Garganacl|move: Protect\n|-immune|p1b: Captain Holt\n|-damage|p2b: Ting-Lu|0 fnt\n|faint|p2b: Ting-Lu\n|move|p1b: Captain Holt|Roost|p1b: Captain Holt\n|-heal|p1b: Captain Holt|100\/100\n|-singleturn|p1b: Captain Holt|move: Roost\n|\n|-heal|p2a: Garganacl|98\/100|[from] item: Leftovers\n|-damage|p1a: Garchomp|55\/100|[from] Salt Cure\n|-damage|p1b: Captain Holt|75\/100|[from] Salt Cure\n|-sideend|p1: mike3092|move: Tailwind\n|upkeep\n|\n|t:|1681964867\n|switch|p2b: Palafin|Palafin-Hero, L50, M|100\/100\n|-activate|p2b: Palafin|ability: Zero to Hero\n|turn|7\n|inactive|mike3092 has 30 seconds left.\n|\n|t:|1681964898\n|move|p2b: Palafin|Jet Punch|p1a: Garchomp\n|-damage|p1a: Garchomp|10\/100\n|-damage|p2b: Palafin|88\/100|[from] ability: Rough Skin|[of] p1a: Garchomp\n|move|p1a: Garchomp|Earthquake|p2a: Garganacl|[spread] p2a,p2b\n|-immune|p1b: Captain Holt\n|-damage|p2a: Garganacl|58\/100\n|-damage|p2b: Palafin|16\/100\n|move|p1b: Captain Holt|Brave Bird|p2b: Palafin\n|-damage|p2b: Palafin|0 fnt\n|faint|p2b: Palafin\n|-damage|p1b: Captain Holt|70\/100|[from] Recoil\n|move|p2a: Garganacl|Salt Cure|p1b: Captain Holt\n|-damage|p1b: Captain Holt|59\/100\n|\n|-heal|p1b: Captain Holt|65\/100|[from] item: Leftovers\n|-heal|p2a: Garganacl|64\/100|[from] item: Leftovers\n|-damage|p1a: Garchomp|0 fnt|[from] Salt Cure\n|faint|p1a: Garchomp\n|-damage|p1b: Captain Holt|40\/100|[from] Salt Cure\n|upkeep\n|\n|t:|1681964921\n|switch|p1a: Santiago|Flutter Mane, L50|100\/100\n|switch|p2b: Amoonguss|Amoonguss, L50, M, shiny|99\/100\n|turn|8\n|\n|t:|1681964946\n|-terastallize|p1a: Santiago|Grass\n|move|p1a: Santiago|Shadow Ball|p2a: Garganacl\n|-supereffective|p2a: Garganacl\n|-damage|p2a: Garganacl|24\/100\n|move|p1b: Captain Holt|Roost|p1b: Captain Holt\n|-heal|p1b: Captain Holt|90\/100\n|-singleturn|p1b: Captain Holt|move: Roost\n|move|p2a: Garganacl|Salt Cure|p1a: Santiago\n|-damage|p1a: Santiago|73\/100\n|-start|p1a: Santiago|Salt Cure\n|move|p2b: Amoonguss|Pollen Puff|p1a: Santiago\n|-supereffective|p1a: Santiago\n|-damage|p1a: Santiago|35\/100\n|\n|-heal|p1b: Captain Holt|96\/100|[from] item: Leftovers\n|-heal|p2a: Garganacl|30\/100|[from] item: Leftovers\n|-damage|p1a: Santiago|22\/100|[from] Salt Cure\n|-damage|p1b: Captain Holt|71\/100|[from] Salt Cure\n|upkeep\n|turn|9\n|inactive|mike3092 has 30 seconds left.\n|inactive|JDN07 has 30 seconds left.\n|inactive|JDN07 has 20 seconds left.\n|\n|t:|1681964985\n|move|p2a: Garganacl|Protect|p2a: Garganacl\n|-singleturn|p2a: Garganacl|Protect\n|move|p1a: Santiago|Shadow Ball|p2b: Amoonguss\n|-damage|p2b: Amoonguss|61\/100\n|move|p1b: Captain Holt|Brave Bird|p2b: Amoonguss\n|-supereffective|p2b: Amoonguss\n|-damage|p2b: Amoonguss|0 fnt\n|faint|p2b: Amoonguss\n|-damage|p1b: Captain Holt|48\/100|[from] Recoil\n|\n|-heal|p1b: Captain Holt|55\/100|[from] item: Leftovers\n|-heal|p2a: Garganacl|36\/100|[from] item: Leftovers\n|-damage|p1a: Santiago|10\/100|[from] Salt Cure\n|-damage|p1b: Captain Holt|30\/100|[from] Salt Cure\n|upkeep\n|turn|10\n|\n|t:|1681965007\n|move|p2a: Garganacl|Protect||[still]\n|-fail|p2a: Garganacl\n|move|p1a: Santiago|Shadow Ball|p2a: Garganacl\n|-supereffective|p2a: Garganacl\n|-damage|p2a: Garganacl|0 fnt\n|faint|p2a: Garganacl\n|\n|win|mike3092\n","uploadtime":1681965029,"views":14,"p1id":"mike3092","p2id":"jdn07","formatid":"gen9vgc2023regulationc","rating":0,"private":0,"password":""}