{"id":"gen9vgc2023regulationc-1846700198","p1":"SpeedFreak01","p2":"DevonPlays","format":"[Gen 9] VGC 2023 Regulation C","log":"|j|\u2606SpeedFreak01\n|j|\u2606DevonPlays\n|t:|1681867473\n|gametype|doubles\n|player|p1|SpeedFreak01|lyra|1089\n|player|p2|DevonPlays|1|1020\n|teamsize|p1|6\n|teamsize|p2|6\n|gen|9\n|tier|[Gen 9] VGC 2023 Regulation C\n|rated|\n|rule|Species Clause: Limit one of each Pok\u00e9mon\n|rule|Item Clause: Limit one of each item\n|clearpoke\n|poke|p1|Dachsbun, L50, F|\n|poke|p1|Chi-Yu, L50|\n|poke|p1|Dondozo, L50, F|\n|poke|p1|Tatsugiri, L50, F|\n|poke|p1|Garganacl, L50, M|\n|poke|p1|Amoonguss, L50, M|\n|poke|p2|Squawkabilly-Blue, L50, M|\n|poke|p2|Amoonguss, L50, M|\n|poke|p2|Quaquaval, L50, F|\n|poke|p2|Chi-Yu, L50|\n|poke|p2|Scizor, L50, F|\n|poke|p2|Chien-Pao, L50|\n|teampreview|4\nSpeedFreak01 has agreed to open team sheets.\n|\n|t:|1681867487\n|start\n|switch|p1a: Greggs|Dachsbun, L50, F|100\/100\n|switch|p1b: And Chips|Chi-Yu, L50|100\/100\n|switch|p2a: Scizor|Scizor, L50, F|100\/100\n|switch|p2b: Squawkabilly|Squawkabilly-Blue, L50, M|100\/100\n|-ability|p1b: And Chips|Beads of Ruin\n|turn|1\n|\n|t:|1681867503\n|-terastallize|p2a: Scizor|Water\n|move|p2b: Squawkabilly|Protect|p2b: Squawkabilly\n|-singleturn|p2b: Squawkabilly|Protect\n|move|p1b: And Chips|Lava Plume|p2b: Squawkabilly|[spread] p2a\n|-activate|p2b: Squawkabilly|move: Protect\n|-ability|p1a: Greggs|Well-Baked Body|boost\n|-boost|p1a: Greggs|def|2\n|-resisted|p2a: Scizor\n|-damage|p2a: Scizor|73\/100\n|move|p1a: Greggs|Substitute|p1a: Greggs\n|-start|p1a: Greggs|Substitute\n|-damage|p1a: Greggs|75\/100\n|move|p2a: Scizor|Tailwind|p2a: Scizor\n|-sidestart|p2: DevonPlays|move: Tailwind\n|\n|-heal|p1a: Greggs|82\/100|[from] item: Leftovers\n|-status|p2b: Squawkabilly|brn|[from] item: Flame Orb\n|upkeep\n|turn|2\n|\n|t:|1681867535\n|move|p2a: Scizor|Bullet Punch|p1a: Greggs\n|-supereffective|p1a: Greggs\n|-end|p1a: Greggs|Substitute\n|move|p2b: Squawkabilly|Facade|p1b: And Chips\n|-enditem|p1b: And Chips|Focus Sash\n|-damage|p1b: And Chips|1\/100\n|move|p1b: And Chips|Lava Plume|p2b: Squawkabilly|[spread] p2a,p2b\n|-ability|p1a: Greggs|Well-Baked Body|boost\n|-boost|p1a: Greggs|def|2\n|-resisted|p2a: Scizor\n|-damage|p2a: Scizor|48\/100\n|-damage|p2b: Squawkabilly|20\/100 brn\n|-status|p2a: Scizor|brn\n|move|p1a: Greggs|Snarl|p2a: Scizor|[spread] p2a,p2b\n|-damage|p2a: Scizor|39\/100 brn\n|-damage|p2b: Squawkabilly|5\/100 brn\n|-unboost|p2a: Scizor|spa|1\n|-unboost|p2b: Squawkabilly|spa|1\n|\n|-heal|p1a: Greggs|88\/100|[from] item: Leftovers\n|-damage|p2b: Squawkabilly|0 fnt|[from] brn\n|faint|p2b: Squawkabilly\n|-damage|p2a: Scizor|32\/100 brn|[from] brn\n|upkeep\n|\n|t:|1681867561\n|switch|p2b: Chien-Pao|Chien-Pao, L50|100\/100\n|-ability|p2b: Chien-Pao|Sword of Ruin\n|turn|3\n|\n|t:|1681867577\n|move|p2a: Scizor|Bullet Punch|p1a: Greggs\n|-supereffective|p1a: Greggs\n|-damage|p1a: Greggs|73\/100\n|move|p2b: Chien-Pao|Sacred Sword|p1b: And Chips\n|-supereffective|p1b: And Chips\n|-damage|p1b: And Chips|0 fnt\n|faint|p1b: And Chips\n|move|p1a: Greggs|Body Press|p2b: Chien-Pao\n|-supereffective|p2b: Chien-Pao\n|-enditem|p2b: Chien-Pao|Focus Sash\n|-damage|p2b: Chien-Pao|1\/100\n|\n|-heal|p1a: Greggs|79\/100|[from] item: Leftovers\n|-damage|p2a: Scizor|26\/100 brn|[from] brn\n|upkeep\n|\n|t:|1681867593\n|switch|p1b: Donbrothers|Dondozo, L50, F|100\/100\n|turn|4\n|\n|t:|1681867608\n|switch|p2a: Quaquaval|Quaquaval, L50, F|100\/100\n|move|p2b: Chien-Pao|Protect|p2b: Chien-Pao\n|-singleturn|p2b: Chien-Pao|Protect\n|move|p1b: Donbrothers|Protect|p1b: Donbrothers\n|-singleturn|p1b: Donbrothers|Protect\n|move|p1a: Greggs|Substitute|p1a: Greggs\n|-start|p1a: Greggs|Substitute\n|-damage|p1a: Greggs|54\/100\n|\n|-heal|p1a: Greggs|60\/100|[from] item: Leftovers\n|-sideend|p2: DevonPlays|move: Tailwind\n|upkeep\n|turn|5\n|\n|t:|1681867645\n|move|p2a: Quaquaval|Aqua Step|p1a: Greggs\n|-activate|p1a: Greggs|move: Substitute|[damage]\n|-boost|p2a: Quaquaval|spe|1\n|move|p2b: Chien-Pao|Sacred Sword|p1b: Donbrothers\n|-crit|p1b: Donbrothers\n|-damage|p1b: Donbrothers|57\/100\n|move|p1a: Greggs|Body Press|p2a: Quaquaval\n|-damage|p2a: Quaquaval|0 fnt\n|faint|p2a: Quaquaval\n|move|p1b: Donbrothers|Wave Crash|p2b: Chien-Pao\n|-damage|p2b: Chien-Pao|0 fnt\n|faint|p2b: Chien-Pao\n|-damage|p1b: Donbrothers|57\/100|[from] Recoil\n|\n|-heal|p1a: Greggs|66\/100|[from] item: Leftovers\n|upkeep\n|\n|t:|1681867668\n|switch|p2a: Scizor|Scizor, L50, F, tera:Water|26\/100 brn\n|turn|6\n|\n|t:|1681867678\n|-terastallize|p1b: Donbrothers|Grass\n|move|p2a: Scizor|Bullet Punch|p1b: Donbrothers\n|-damage|p1b: Donbrothers|45\/100\n|move|p1a: Greggs|Body Press|p2a: Scizor\n|-damage|p2a: Scizor|0 fnt\n|-damage|p1a: Greggs|50\/100|[from] item: Rocky Helmet|[of] p2a: Scizor\n|faint|p2a: Scizor\n|\n|win|SpeedFreak01\n|raw|SpeedFreak01's rating: 1089 → 1110<\/strong> (+21 for winning)\n|raw|DevonPlays's rating: 1020 → 1010<\/strong> (-10 for losing)\n|c|\u2606SpeedFreak01|gg!\n","uploadtime":1681867690,"views":9,"p1id":"speedfreak01","p2id":"devonplays","formatid":"gen9vgc2023regulationc","rating":1010,"private":0,"password":""}