{"id":"gen9vgc2023regulationc-1856622609","p1":"pjcsq3","p2":"andromeda62","format":"[Gen 9] VGC 2023 Regulation C","log":"|j|\u2606pjcsq3\n|j|\u2606andromeda62\n|t:|1683083871\n|gametype|doubles\n|player|p1|pjcsq3|unknown|1094\n|player|p2|andromeda62|pokemaniac|1112\n|teamsize|p1|6\n|teamsize|p2|6\n|gen|9\n|tier|[Gen 9] VGC 2023 Regulation C\n|rated|\n|rule|Species Clause: Limit one of each Pok\u00e9mon\n|rule|Item Clause: Limit one of each item\n|clearpoke\n|poke|p1|Dondozo, L50, F|\n|poke|p1|Flutter Mane, L50|\n|poke|p1|Tatsugiri-Droopy, L50, F|\n|poke|p1|Chi-Yu, L50|\n|poke|p1|Glimmora, L50, F|\n|poke|p1|Iron Hands, L50|\n|poke|p2|Indeedee-F, L50, F|\n|poke|p2|Armarouge, L50, M|\n|poke|p2|Ting-Lu, L50|\n|poke|p2|Clawitzer, L50, M|\n|poke|p2|Iron Bundle, L50|\n|poke|p2|Kingambit, L50, F|\n|teampreview|4\n|\n|t:|1683083888\n|start\n|switch|p1a: Dondozo|Dondozo, L50, F|100\/100\n|switch|p1b: Glimmora|Glimmora, L50, F|100\/100\n|switch|p2a: Indeedee|Indeedee-F, L50, F|100\/100\n|switch|p2b: Armarouge|Armarouge, L50, M|100\/100\n|-fieldstart|move: Psychic Terrain|[from] ability: Psychic Surge|[of] p2a: Indeedee\n|turn|1\n|inactive|Battle timer is ON: inactive players will automatically lose when time's up. (requested by andromeda62)\n|\n|t:|1683083901\n|-terastallize|p1b: Glimmora|Grass\n|move|p2a: Indeedee|Follow Me|p2a: Indeedee\n|-singleturn|p2a: Indeedee|move: Follow Me\n|move|p1b: Glimmora|Power Gem|p2a: Indeedee\n|-damage|p2a: Indeedee|69\/100\n|move|p1a: Dondozo|Bulldoze|p2b: Armarouge|[spread] p1b,p2a,p2b\n|-resisted|p1b: Glimmora\n|-crit|p2a: Indeedee\n|-supereffective|p2b: Armarouge\n|-damage|p1b: Glimmora|95\/100\n|-damage|p2a: Indeedee|47\/100\n|-damage|p2b: Armarouge|82\/100\n|-unboost|p1b: Glimmora|spe|1\n|-unboost|p2a: Indeedee|spe|1\n|-unboost|p2b: Armarouge|spe|1\n|-activate|p1b: Glimmora|ability: Toxic Debris\n|-sidestart|p2: andromeda62|move: Toxic Spikes\n|move|p2b: Armarouge|Trick Room|p2b: Armarouge\n|-fieldstart|move: Trick Room|[of] p2b: Armarouge\n|\n|-heal|p2a: Indeedee|54\/100|[from] item: Leftovers\n|upkeep\n|turn|2\n|\n|t:|1683083922\n|-terastallize|p2b: Armarouge|Grass\n|move|p2a: Indeedee|Helping Hand|p2b: Armarouge\n|-singleturn|p2b: Armarouge|Helping Hand|[of] p2a: Indeedee\n|move|p2b: Armarouge|Energy Ball|p1a: Dondozo\n|-supereffective|p1a: Dondozo\n|-damage|p1a: Dondozo|1\/100\n|move|p1a: Dondozo|Bulldoze|p2a: Indeedee|[spread] p1b,p2a,p2b\n|-resisted|p1b: Glimmora\n|-resisted|p2b: Armarouge\n|-damage|p1b: Glimmora|89\/100\n|-damage|p2a: Indeedee|37\/100\n|-damage|p2b: Armarouge|76\/100\n|-unboost|p1b: Glimmora|spe|1\n|-unboost|p2a: Indeedee|spe|1\n|-unboost|p2b: Armarouge|spe|1\n|-activate|p1b: Glimmora|ability: Toxic Debris\n|-sidestart|p2: andromeda62|move: Toxic Spikes\n|move|p1b: Glimmora|Power Gem|p2b: Armarouge\n|-damage|p2b: Armarouge|32\/100\n|\n|-heal|p2a: Indeedee|43\/100|[from] item: Leftovers\n|-heal|p1a: Dondozo|8\/100|[from] item: Leftovers\n|upkeep\n|turn|3\n|\n|t:|1683083946\n|move|p1a: Dondozo|Protect|p1a: Dondozo\n|-singleturn|p1a: Dondozo|Protect\n|move|p2b: Armarouge|Expanding Force|p1b: Glimmora|[spread] p1b\n|-activate|p1a: Dondozo|move: Protect\n|-damage|p1b: Glimmora|9\/100\n|move|p2a: Indeedee|Dazzling Gleam|p1a: Dondozo|[spread] p1b\n|-activate|p1a: Dondozo|move: Protect\n|-damage|p1b: Glimmora|0 fnt\n|faint|p1b: Glimmora\n|\n|-heal|p2a: Indeedee|50\/100|[from] item: Leftovers\n|-heal|p1a: Dondozo|14\/100|[from] item: Leftovers\n|upkeep\n|\n|t:|1683083962\n|switch|p1b: Tatsugiri|Tatsugiri-Droopy, L50, F|100\/100\n|turn|4\n|c|\u2606andromeda62|????\n|\n|t:|1683083976\n|switch|p1b: Chi-Yu|Chi-Yu, L50|100\/100\n|-ability|p1b: Chi-Yu|Beads of Ruin\n|move|p1a: Dondozo|Protect|p1a: Dondozo\n|-singleturn|p1a: Dondozo|Protect\n|move|p2b: Armarouge|Expanding Force|p1b: Chi-Yu|[spread] \n|-activate|p1a: Dondozo|move: Protect\n|-immune|p1b: Chi-Yu\n|move|p2a: Indeedee|Dazzling Gleam|p1a: Dondozo|[spread] p1b\n|-activate|p1a: Dondozo|move: Protect\n|-damage|p1b: Chi-Yu|84\/100\n|\n|-heal|p2a: Indeedee|56\/100|[from] item: Leftovers\n|-heal|p1a: Dondozo|20\/100|[from] item: Leftovers\n|upkeep\n|turn|5\n|c|\u2606andromeda62|what\n|inactive|pjcsq3 has 30 seconds left.\n|\n|t:|1683084002\n|move|p2a: Indeedee|Helping Hand|p2b: Armarouge\n|-singleturn|p2b: Armarouge|Helping Hand|[of] p2a: Indeedee\n|move|p1b: Chi-Yu|Protect|p1b: Chi-Yu\n|-singleturn|p1b: Chi-Yu|Protect\n|move|p2b: Armarouge|Armor Cannon|p1b: Chi-Yu\n|-activate|p1b: Chi-Yu|move: Protect\n|move|p1a: Dondozo|Wave Crash|p2b: Armarouge\n|-resisted|p2b: Armarouge\n|-damage|p2b: Armarouge|12\/100\n|-damage|p1a: Dondozo|15\/100|[from] Recoil\n|\n|-heal|p2a: Indeedee|62\/100|[from] item: Leftovers\n|-heal|p1a: Dondozo|21\/100|[from] item: Leftovers\n|-fieldend|move: Trick Room\n|-fieldend|move: Psychic Terrain\n|upkeep\n|turn|6\n|\n|t:|1683084019\n|move|p2a: Indeedee|Follow Me|p2a: Indeedee\n|-singleturn|p2a: Indeedee|move: Follow Me\n|move|p1b: Chi-Yu|Dark Pulse|p2a: Indeedee\n|-supereffective|p2a: Indeedee\n|-damage|p2a: Indeedee|0 fnt\n|faint|p2a: Indeedee\n|move|p1a: Dondozo|Wave Crash|p2b: Armarouge\n|-resisted|p2b: Armarouge\n|-damage|p2b: Armarouge|0 fnt\n|faint|p2b: Armarouge\n|-damage|p1a: Dondozo|18\/100|[from] Recoil\n|\n|-heal|p1a: Dondozo|25\/100|[from] item: Leftovers\n|upkeep\n|\n|t:|1683084031\n|switch|p2a: Kingambit|Kingambit, L50, F|100\/100\n|switch|p2b: Ting-Lu|Ting-Lu, L50|100\/100\n|-status|p2b: Ting-Lu|tox\n|-ability|p2b: Ting-Lu|Vessel of Ruin\n|turn|7\n|\n|t:|1683084050\n|move|p1b: Chi-Yu|Protect|p1b: Chi-Yu\n|-singleturn|p1b: Chi-Yu|Protect\n|move|p2a: Kingambit|Protect|p2a: Kingambit\n|-singleturn|p2a: Kingambit|Protect\n|move|p2b: Ting-Lu|Stomping Tantrum|p1b: Chi-Yu\n|-activate|p1b: Chi-Yu|move: Protect\n|move|p1a: Dondozo|Yawn|p2a: Kingambit\n|-activate|p2a: Kingambit|move: Protect\n|\n|-heal|p1a: Dondozo|31\/100|[from] item: Leftovers\n|-damage|p2b: Ting-Lu|94\/100 tox|[from] psn\n|upkeep\n|turn|8\n|inactive|andromeda62 has 30 seconds left.\n|\n|t:|1683084077\n|move|p1b: Chi-Yu|Heat Wave|p2b: Ting-Lu|[spread] p2a,p2b\n|-supereffective|p2a: Kingambit\n|-damage|p2a: Kingambit|28\/100\n|-damage|p2b: Ting-Lu|76\/100 tox\n|move|p2a: Kingambit|Kowtow Cleave|p1a: Dondozo\n|-damage|p1a: Dondozo|0 fnt\n|faint|p1a: Dondozo\n|-damage|p2a: Kingambit|18\/100|[from] item: Life Orb\n|move|p2b: Ting-Lu|Stomping Tantrum|p1b: Chi-Yu\n|-supereffective|p1b: Chi-Yu\n|-damage|p1b: Chi-Yu|0 fnt\n|faint|p1b: Chi-Yu\n|\n|-damage|p2b: Ting-Lu|64\/100 tox|[from] psn\n|upkeep\n|\n|t:|1683084084\n|switch|p1b: Tatsugiri|Tatsugiri-Droopy, L50, F|100\/100\n|turn|9\n|\n|t:|1683084104\n|move|p2a: Kingambit|Sucker Punch|p1b: Tatsugiri\n|-damage|p1b: Tatsugiri|33\/100\n|-enditem|p1b: Tatsugiri|Sitrus Berry|[eat]\n|-heal|p1b: Tatsugiri|58\/100|[from] item: Sitrus Berry\n|-damage|p2a: Kingambit|9\/100|[from] item: Life Orb\n|move|p1b: Tatsugiri|Muddy Water|p2b: Ting-Lu|[spread] p2a,p2b\n|-supereffective|p2b: Ting-Lu\n|-damage|p2a: Kingambit|0 fnt\n|-damage|p2b: Ting-Lu|43\/100 tox\n|faint|p2a: Kingambit\n|move|p2b: Ting-Lu|Throat Chop|p1b: Tatsugiri\n|-damage|p1b: Tatsugiri|18\/100\n|-start|p1b: Tatsugiri|Throat Chop|[silent]\n|\n|-damage|p2b: Ting-Lu|25\/100 tox|[from] psn\n|upkeep\n|turn|10\n|\n|t:|1683084121\n|move|p1b: Tatsugiri|Protect|p1b: Tatsugiri\n|-singleturn|p1b: Tatsugiri|Protect\n|move|p2b: Ting-Lu|Throat Chop|p1b: Tatsugiri\n|-activate|p1b: Tatsugiri|move: Protect\n|\n|-damage|p2b: Ting-Lu|0 fnt|[from] psn\n|faint|p2b: Ting-Lu\n|\n|win|pjcsq3\n|upkeep\n|raw|pjcsq3's rating: 1094 → 1121<\/strong> (+27 for winning)\n|raw|andromeda62's rating: 1112 → 1086<\/strong> (-26 for losing)\n","uploadtime":1683084126,"views":7,"p1id":"pjcsq3","p2id":"andromeda62","formatid":"gen9vgc2023regulationc","rating":1086,"private":0,"password":""}