{"id":"gen9vgc2023regulationc-1855225363","p1":"svenstein","p2":"Patefu","format":"[Gen 9] VGC 2023 Regulation C","log":"|j|\u2606svenstein\n|j|\u2606Patefu\n|t:|1682918168\n|gametype|doubles\n|player|p1|svenstein|170|1044\n|player|p2|Patefu|169|1067\n|teamsize|p1|6\n|teamsize|p2|6\n|gen|9\n|tier|[Gen 9] VGC 2023 Regulation C\n|rated|\n|rule|Species Clause: Limit one of each Pok\u00e9mon\n|rule|Item Clause: Limit one of each item\n|clearpoke\n|poke|p1|Abomasnow, L50, M|\n|poke|p1|Vivillon-Ocean, L50, F|\n|poke|p1|Annihilape, L50, M|\n|poke|p1|Ting-Lu, L50|\n|poke|p1|Iron Bundle, L50|\n|poke|p1|Arcanine, L50, F|\n|poke|p2|Flutter Mane, L50|\n|poke|p2|Amoonguss, L50, M|\n|poke|p2|Arcanine, L50, F|\n|poke|p2|Dragonite, L50, F|\n|poke|p2|Chien-Pao, L50|\n|poke|p2|Iron Bundle, L50|\n|teampreview|4\nPatefu has agreed to open team sheets.\nsvenstein has agreed to open team sheets.\n|\n|t:|1682918273\n|start\n|switch|p1a: Abomasnow|Abomasnow, L50, M|100\/100\n|switch|p1b: Vivillon|Vivillon-Ocean, L50, F|100\/100\n|switch|p2a: Flutter Mane|Flutter Mane, L50|100\/100\n|switch|p2b: Dragonite|Dragonite, L50, F|100\/100\n|-weather|Snow|[from] ability: Snow Warning|[of] p1a: Abomasnow\n|turn|1\n|\n|t:|1682918298\n|-terastallize|p2b: Dragonite|Flying\n|move|p2a: Flutter Mane|Power Gem|p1b: Vivillon\n|-supereffective|p1b: Vivillon\n|-enditem|p1b: Vivillon|Focus Sash\n|-damage|p1b: Vivillon|1\/100\n|move|p1b: Vivillon|Tailwind|p1b: Vivillon\n|-sidestart|p1: svenstein|move: Tailwind\n|move|p1a: Abomasnow|Aurora Veil|p1a: Abomasnow\n|-sidestart|p1: svenstein|move: Aurora Veil\n|move|p2b: Dragonite|Tera Blast|p1a: Abomasnow\n|-supereffective|p1a: Abomasnow\n|-damage|p1a: Abomasnow|30\/100\n|\n|-weather|Snow|[upkeep]\n|upkeep\n|turn|2\n|\n|t:|1682918323\n|-end|p2a: Flutter Mane|Protosynthesis|[silent]\n|switch|p2a: Chien-Pao|Chien-Pao, L50|100\/100\n|-ability|p2a: Chien-Pao|Sword of Ruin\n|move|p1b: Vivillon|Rage Powder|p1b: Vivillon\n|-singleturn|p1b: Vivillon|move: Rage Powder\n|move|p1a: Abomasnow|Blizzard|p2b: Dragonite|[spread] p2a,p2b\n|-resisted|p2a: Chien-Pao\n|-crit|p2a: Chien-Pao\n|-supereffective|p2b: Dragonite\n|-damage|p2a: Chien-Pao|52\/100\n|-damage|p2b: Dragonite|62\/100\n|move|p2b: Dragonite|Tera Blast|p1b: Vivillon\n|-supereffective|p1b: Vivillon\n|-damage|p1b: Vivillon|0 fnt\n|faint|p1b: Vivillon\n|\n|-weather|Snow|[upkeep]\n|upkeep\n|\n|t:|1682918341\n|switch|p1b: Annihilape|Annihilape, L50, M|100\/100\n|turn|3\n|\n|t:|1682918359\n|switch|p1a: Ting-Lu|Ting-Lu, L50|100\/100\n|-ability|p1a: Ting-Lu|Vessel of Ruin\n|move|p1b: Annihilape|Drain Punch|p2a: Chien-Pao\n|-supereffective|p2a: Chien-Pao\n|-damage|p2a: Chien-Pao|0 fnt\n|faint|p2a: Chien-Pao\n|move|p2b: Dragonite|Tera Blast|p1b: Annihilape\n|-supereffective|p1b: Annihilape\n|-damage|p1b: Annihilape|0 fnt\n|faint|p1b: Annihilape\n|\n|-weather|Snow|[upkeep]\n|upkeep\n|\n|t:|1682918372\n|switch|p2a: Flutter Mane|Flutter Mane, L50|100\/100\n|switch|p1b: Abomasnow|Abomasnow, L50, M|30\/100\n|turn|4\n|\n|t:|1682918384\n|move|p2a: Flutter Mane|Moonblast|p1a: Ting-Lu\n|-supereffective|p1a: Ting-Lu\n|-damage|p1a: Ting-Lu|67\/100\n|-unboost|p1a: Ting-Lu|spa|1\n|move|p1b: Abomasnow|Blizzard|p2b: Dragonite|[spread] p2a,p2b\n|-supereffective|p2b: Dragonite\n|-damage|p2a: Flutter Mane|72\/100\n|-damage|p2b: Dragonite|13\/100\n|move|p1a: Ting-Lu|Heavy Slam|p2a: Flutter Mane\n|-supereffective|p2a: Flutter Mane\n|-damage|p2a: Flutter Mane|0 fnt\n|faint|p2a: Flutter Mane\n|-end|p2a: Flutter Mane|Protosynthesis|[silent]\n|move|p2b: Dragonite|Tera Blast|p1b: Abomasnow\n|-supereffective|p1b: Abomasnow\n|-damage|p1b: Abomasnow|0 fnt\n|faint|p1b: Abomasnow\n|\n|-weather|Snow|[upkeep]\n|-sideend|p1: svenstein|move: Tailwind\n|upkeep\n|\n|t:|1682918395\n|switch|p2a: Arcanine|Arcanine, L50, F, shiny|100\/100\n|-ability|p2a: Arcanine|Intimidate|boost\n|-unboost|p1a: Ting-Lu|atk|1\n|turn|5\n|\n|t:|1682918441\n|move|p2a: Arcanine|Will-O-Wisp|p1a: Ting-Lu\n|-status|p1a: Ting-Lu|brn\n|move|p2b: Dragonite|Tera Blast|p1a: Ting-Lu\n|-damage|p1a: Ting-Lu|29\/100 brn\n|move|p1a: Ting-Lu|Heavy Slam|p2b: Dragonite\n|-damage|p2b: Dragonite|5\/100\n|\n|-weather|none\n|-damage|p1a: Ting-Lu|24\/100 brn|[from] brn\n|upkeep\n|turn|6\n|\n|t:|1682918455\n|move|p2a: Arcanine|Extreme Speed|p1a: Ting-Lu\n|-damage|p1a: Ting-Lu|13\/100 brn\n|move|p2b: Dragonite|Tera Blast|p1a: Ting-Lu\n|-damage|p1a: Ting-Lu|0 fnt\n|faint|p1a: Ting-Lu\n|\n|win|Patefu\n|raw|svenstein's rating: 1044 → 1028<\/strong> (-16 for losing)\n|raw|Patefu's rating: 1067 → 1095<\/strong> (+28 for winning)\n|l|\u2606svenstein\n","uploadtime":1682918471,"views":21,"p1id":"svenstein","p2id":"patefu","formatid":"gen9vgc2023regulationc","rating":1028,"private":0,"password":""}