{"id":"gen9vgc2023regulationc-1849363357","p1":"gu1castro_","p2":"joshmurr","format":"[Gen 9] VGC 2023 Regulation C","log":"|j|\u2606gu1castro_\n|j|\u2606joshmurr\n|t:|1682190183\n|gametype|doubles\n|player|p1|gu1castro_|101|1000\n|player|p2|joshmurr|265|1054\n|teamsize|p1|6\n|teamsize|p2|6\n|gen|9\n|tier|[Gen 9] VGC 2023 Regulation C\n|rated|\n|rule|Species Clause: Limit one of each Pok\u00e9mon\n|rule|Item Clause: Limit one of each item\n|clearpoke\n|poke|p1|Chien-Pao, L50|\n|poke|p1|Dragonite, L50, F|\n|poke|p1|Amoonguss, L50, F|\n|poke|p1|Palafin, L50, F|\n|poke|p1|Arcanine, L50, M|\n|poke|p1|Flutter Mane, L50|\n|poke|p2|Gyarados, L50, M|\n|poke|p2|Mismagius, L50, F|\n|poke|p2|Raichu, L50, M|\n|poke|p2|Palafin, L50, M|\n|poke|p2|Dragapult, L50, F|\n|poke|p2|Wo-Chien, L50|\n|teampreview|4\n|\n|t:|1682190208\n|start\n|switch|p1a: Amoonguss|Amoonguss, L50, F|100\/100\n|switch|p1b: Palafin|Palafin, L50, F|100\/100\n|switch|p2a: Gyarados|Gyarados, L50, M|100\/100\n|switch|p2b: Raichu|Raichu, L50, M|100\/100\n|-ability|p2a: Gyarados|Intimidate|boost\n|-unboost|p1a: Amoonguss|atk|1\n|-unboost|p1b: Palafin|atk|1\n|turn|1\n|\n|t:|1682190224\n|detailschange|p1b: Palafin|Palafin-Hero, L50, F\n|switch|p1b: Arcanine|Arcanine, L50, M|100\/100\n|-ability|p1b: Arcanine|Intimidate|boost\n|-unboost|p2a: Gyarados|atk|1\n|-unboost|p2b: Raichu|atk|1\n|-enditem|p2a: Gyarados|White Herb\n|-clearnegativeboost|p2a: Gyarados|[silent]\n|move|p2b: Raichu|Nuzzle|p1b: Arcanine\n|-damage|p1b: Arcanine|96\/100\n|-status|p1b: Arcanine|par\n|move|p2a: Gyarados|Taunt|p1a: Amoonguss\n|-start|p1a: Amoonguss|move: Taunt\n|cant|p1a: Amoonguss|move: Taunt|Spore\n|\n|upkeep\n|turn|2\n|\n|t:|1682190255\n|switch|p1a: Chien-Pao|Chien-Pao, L50|100\/100\n|-ability|p1a: Chien-Pao|Sword of Ruin\n|-terastallize|p1b: Arcanine|Grass\n|move|p2b: Raichu|Volt Switch|p1b: Arcanine\n|-resisted|p1b: Arcanine\n|-damage|p1b: Arcanine|82\/100 par\n|\n|t:|1682190264\n|switch|p2b: Dragapult|Dragapult, L50, F|100\/100|[from] Volt Switch\n|move|p2a: Gyarados|Dragon Dance|p2a: Gyarados\n|-boost|p2a: Gyarados|atk|1\n|-boost|p2a: Gyarados|spe|1\n|move|p1b: Arcanine|Snarl|p2b: Dragapult|[spread] p2a,p2b\n|-supereffective|p2b: Dragapult\n|-damage|p2a: Gyarados|92\/100\n|-damage|p2b: Dragapult|70\/100\n|-unboost|p2a: Gyarados|spa|1\n|\n|upkeep\n|turn|3\n|\n|t:|1682190290\n|-terastallize|p2b: Dragapult|Fire\n|move|p2b: Dragapult|Flamethrower|p1a: Chien-Pao\n|-supereffective|p1a: Chien-Pao\n|-enditem|p1a: Chien-Pao|Focus Sash\n|-damage|p1a: Chien-Pao|1\/100\n|move|p1a: Chien-Pao|Ice Spinner|p2b: Dragapult\n|-resisted|p2b: Dragapult\n|-damage|p2b: Dragapult|32\/100\n|move|p2a: Gyarados|Waterfall|p1a: Chien-Pao\n|-damage|p1a: Chien-Pao|0 fnt\n|faint|p1a: Chien-Pao\n|cant|p1b: Arcanine|par\n|\n|upkeep\n|\n|t:|1682190304\n|switch|p1a: Palafin|Palafin-Hero, L50, F|100\/100\n|-activate|p1a: Palafin|ability: Zero to Hero\n|turn|4\n|\n|t:|1682190318\n|move|p1b: Arcanine|Protect|p1b: Arcanine\n|-singleturn|p1b: Arcanine|Protect\n|move|p1a: Palafin|Jet Punch|p2b: Dragapult\n|-supereffective|p2b: Dragapult\n|-damage|p2b: Dragapult|0 fnt\n|faint|p2b: Dragapult\n|move|p2a: Gyarados|Dragon Dance|p2a: Gyarados\n|-boost|p2a: Gyarados|atk|1\n|-boost|p2a: Gyarados|spe|1\n|\n|upkeep\n|\n|t:|1682190329\n|switch|p2b: Raichu|Raichu, L50, M|100\/100\n|turn|5\n|\n|t:|1682190343\n|move|p1b: Arcanine|Protect||[still]\n|-fail|p1b: Arcanine\n|move|p2b: Raichu|Fake Out|p1b: Arcanine\n|-damage|p1b: Arcanine|74\/100 par\n|move|p2a: Gyarados|Waterfall|p1a: Palafin\n|-resisted|p1a: Palafin\n|-damage|p1a: Palafin|67\/100\n|move|p1a: Palafin|Haze|p1a: Palafin\n|-clearallboost\n|\n|upkeep\n|turn|6\n|\n|t:|1682190367\n|move|p1a: Palafin|Jet Punch|p2b: Raichu\n|-damage|p2b: Raichu|3\/100\n|move|p2b: Raichu|Nuzzle|p1a: Palafin\n|-supereffective|p1a: Palafin\n|-damage|p1a: Palafin|58\/100\n|-status|p1a: Palafin|par\n|move|p2a: Gyarados|Taunt|p1b: Arcanine\n|-start|p1b: Arcanine|move: Taunt\n|cant|p1b: Arcanine|par\n|\n|upkeep\n|turn|7\n|\n|t:|1682190386\n|move|p1a: Palafin|Jet Punch|p2b: Raichu\n|-damage|p2b: Raichu|0 fnt\n|faint|p2b: Raichu\n|move|p2a: Gyarados|Dragon Dance|p2a: Gyarados\n|-boost|p2a: Gyarados|atk|1\n|-boost|p2a: Gyarados|spe|1\n|cant|p1b: Arcanine|par\n|\n|upkeep\n|\n|t:|1682190393\n|switch|p2b: Mismagius|Mismagius, L50, F|100\/100\n|turn|8\n|\n|t:|1682190404\n|switch|p1b: Amoonguss|Amoonguss, L50, F|100\/100\n|move|p2a: Gyarados|Waterfall|p1a: Palafin\n|-resisted|p1a: Palafin\n|-damage|p1a: Palafin|34\/100 par\n|move|p2b: Mismagius|Substitute|p2b: Mismagius\n|-start|p2b: Mismagius|Substitute\n|-damage|p2b: Mismagius|75\/100\n|move|p1a: Palafin|Haze|p1a: Palafin\n|-clearallboost\n|\n|upkeep\n|turn|9\n|\n|t:|1682190421\n|move|p2b: Mismagius|Tera Blast|p1a: Palafin\n|-damage|p1a: Palafin|13\/100 par\n|move|p2a: Gyarados|Taunt|p1b: Amoonguss\n|-start|p1b: Amoonguss|move: Taunt\n|move|p1a: Palafin|Wave Crash|p2b: Mismagius\n|-end|p2b: Mismagius|Substitute\n|-damage|p1a: Palafin|6\/100 par|[from] Recoil|[of] p2b: Mismagius\n|move|p1b: Amoonguss|Pollen Puff|p1a: Palafin\n|-heal|p1a: Palafin|56\/100 par\n|\n|upkeep\n|turn|10\n|\n|t:|1682190438\n|move|p2b: Mismagius|Protect|p2b: Mismagius\n|-singleturn|p2b: Mismagius|Protect\n|move|p2a: Gyarados|Dragon Dance|p2a: Gyarados\n|-boost|p2a: Gyarados|atk|1\n|-boost|p2a: Gyarados|spe|1\n|cant|p1a: Palafin|par\n|move|p1b: Amoonguss|Pollen Puff|p1a: Palafin\n|-heal|p1a: Palafin|100\/100 par\n|\n|upkeep\n|turn|11\n|\n|t:|1682190451\n|move|p2a: Gyarados|Taunt|p1a: Palafin\n|-start|p1a: Palafin|move: Taunt\n|move|p2b: Mismagius|Substitute|p2b: Mismagius\n|-start|p2b: Mismagius|Substitute\n|-damage|p2b: Mismagius|50\/100\n|-enditem|p2b: Mismagius|Sitrus Berry|[eat]\n|-heal|p2b: Mismagius|75\/100|[from] item: Sitrus Berry\n|cant|p1a: Palafin|par\n|move|p1b: Amoonguss|Clear Smog|p2a: Gyarados\n|-damage|p2a: Gyarados|82\/100\n|-clearboost|p2a: Gyarados\n|\n|-end|p1b: Amoonguss|move: Taunt\n|upkeep\n|turn|12\n|c|\u2606joshmurr|damn you got both of haze and clear smog\n|c|\u2606joshmurr|nice\n|\n|t:|1682190491\n|move|p2b: Mismagius|Tera Blast|p1b: Amoonguss\n|-crit|p1b: Amoonguss\n|-damage|p1b: Amoonguss|76\/100\n|move|p2a: Gyarados|Waterfall|p1b: Amoonguss\n|-resisted|p1b: Amoonguss\n|-damage|p1b: Amoonguss|61\/100\n|-damage|p2a: Gyarados|66\/100|[from] item: Rocky Helmet|[of] p1b: Amoonguss\n|move|p1a: Palafin|Wave Crash|p2b: Mismagius\n|-end|p2b: Mismagius|Substitute\n|-damage|p1a: Palafin|94\/100 par|[from] Recoil|[of] p2b: Mismagius\n|cant|p1b: Amoonguss|flinch\n|\n|upkeep\n|turn|13\n|\n|t:|1682190508\n|move|p2b: Mismagius|Protect|p2b: Mismagius\n|-singleturn|p2b: Mismagius|Protect\n|move|p2a: Gyarados|Taunt|p1b: Amoonguss\n|-start|p1b: Amoonguss|move: Taunt\n|move|p1a: Palafin|Wave Crash|p2b: Mismagius\n|-activate|p2b: Mismagius|move: Protect\n|cant|p1b: Amoonguss|move: Taunt|Spore\n|\n|-end|p1a: Palafin|move: Taunt\n|upkeep\n|turn|14\n|\n|t:|1682190527\n|move|p1a: Palafin|Jet Punch|p2b: Mismagius\n|-damage|p2b: Mismagius|15\/100\n|move|p2b: Mismagius|Substitute|p2b: Mismagius\n|-fail|p2b: Mismagius|move: Substitute|[weak]\n|move|p2a: Gyarados|Waterfall|p1b: Amoonguss\n|-resisted|p1b: Amoonguss\n|-damage|p1b: Amoonguss|46\/100\n|-damage|p2a: Gyarados|49\/100|[from] item: Rocky Helmet|[of] p1b: Amoonguss\n|move|p1b: Amoonguss|Pollen Puff|p2a: Gyarados\n|-resisted|p2a: Gyarados\n|-damage|p2a: Gyarados|43\/100\n|\n|upkeep\n|turn|15\n|\n|t:|1682190550\n|move|p2b: Mismagius|Tera Blast|p1b: Amoonguss\n|-damage|p1b: Amoonguss|28\/100\n|move|p2a: Gyarados|Waterfall|p1b: Amoonguss\n|-resisted|p1b: Amoonguss\n|-damage|p1b: Amoonguss|13\/100\n|-damage|p2a: Gyarados|27\/100|[from] item: Rocky Helmet|[of] p1b: Amoonguss\n|move|p1a: Palafin|Wave Crash|p2a: Gyarados\n|-resisted|p2a: Gyarados\n|-damage|p2a: Gyarados|0 fnt\n|faint|p2a: Gyarados\n|-damage|p1a: Palafin|86\/100 par|[from] Recoil\n|move|p1b: Amoonguss|Clear Smog|p2b: Mismagius\n|-resisted|p2b: Mismagius\n|-damage|p2b: Mismagius|8\/100\n|-clearboost|p2b: Mismagius\n|\n|-end|p1b: Amoonguss|move: Taunt\n|upkeep\n|turn|16\n|-message|joshmurr forfeited.\n|\n|win|gu1castro_\n|raw|gu1castro_'s rating: 1000 → 1046<\/strong> (+46 for winning)\n|raw|joshmurr's rating: 1054 → 1033<\/strong> (-21 for losing)\n|l|\u2606joshmurr\n","uploadtime":1682190572,"views":7,"p1id":"gu1castro","p2id":"joshmurr","formatid":"gen9vgc2023regulationc","rating":1033,"private":0,"password":""}