{"id":"gen9vgc2023regulationc-1849685765","p1":"Saturn6464","p2":"Stonny","format":"[Gen 9] VGC 2023 Regulation C","log":"|j|\u2606Saturn6464\n|j|\u2606Stonny\n|t:|1682232145\n|gametype|doubles\n|player|p1|Saturn6464|lance|1276\n|player|p2|Stonny|acetrainer-gen4dp|1376\n|teamsize|p1|6\n|teamsize|p2|6\n|gen|9\n|tier|[Gen 9] VGC 2023 Regulation C\n|rated|\n|rule|Species Clause: Limit one of each Pok\u00e9mon\n|rule|Item Clause: Limit one of each item\n|clearpoke\n|poke|p1|Iron Hands, L50|\n|poke|p1|Kingambit, L50, F|\n|poke|p1|Maushold-Four, L50|\n|poke|p1|Dragapult, L50, F|\n|poke|p1|Espeon, L50, F|\n|poke|p1|Volcarona, L50, F|\n|poke|p2|Ting-Lu, L50|\n|poke|p2|Chi-Yu, L50|\n|poke|p2|Flutter Mane, L50|\n|poke|p2|Iron Hands, L50|\n|poke|p2|Amoonguss, L50, F|\n|poke|p2|Rabsca, L50, F|\n|teampreview|4\n|inactive|Battle timer is ON: inactive players will automatically lose when time's up. (requested by Stonny)\n|inactive|Saturn6464 also wants the timer to be on.\nSaturn6464 has agreed to open team sheets.\n|inactive|Saturn6464 has 60 seconds left.\n|\n|t:|1682232182\n|start\n|switch|p1a: Kingambit|Kingambit, L50, F|100\/100\n|switch|p1b: Iron Hands|Iron Hands, L50|100\/100\n|switch|p2a: Masked statue|Ting-Lu, L50|100\/100\n|switch|p2b: Thick|Iron Hands, L50|100\/100\n|-ability|p2a: Masked statue|Vessel of Ruin\n|turn|1\n|inactive|Stonny has 30 seconds left.\n|\n|t:|1682232208\n|-terastallize|p2b: Thick|Flying\n|move|p1a: Kingambit|Protect|p1a: Kingambit\n|-singleturn|p1a: Kingambit|Protect\n|move|p1b: Iron Hands|Drain Punch|p2a: Masked statue\n|-supereffective|p2a: Masked statue\n|-damage|p2a: Masked statue|50\/100\n|-enditem|p2a: Masked statue|Weakness Policy\n|-boost|p2a: Masked statue|atk|2|[from] item: Weakness Policy\n|-boost|p2a: Masked statue|spa|2|[from] item: Weakness Policy\n|move|p2b: Thick|Ice Punch|p1a: Kingambit\n|-activate|p1a: Kingambit|move: Protect\n|move|p2a: Masked statue|Earthquake|p1a: Kingambit|[spread] p1b\n|-activate|p1a: Kingambit|move: Protect\n|-immune|p2b: Thick\n|-supereffective|p1b: Iron Hands\n|-damage|p1b: Iron Hands|13\/100\n|\n|upkeep\n|turn|2\n|inactive|Saturn6464 has 30 seconds left.\n|inactive|Stonny has 30 seconds left.\n|inactive|Saturn6464 has 20 seconds left.\n|inactive|Saturn6464 has 15 seconds left.\n|inactive|Saturn6464 has 10 seconds left.\n|\n|t:|1682232253\n|move|p2a: Masked statue|Protect|p2a: Masked statue\n|-singleturn|p2a: Masked statue|Protect\n|move|p1a: Kingambit|Sucker Punch|p2b: Thick\n|-crit|p2b: Thick\n|-damage|p2b: Thick|53\/100\n|move|p2b: Thick|Drain Punch|p1b: Iron Hands\n|-damage|p1b: Iron Hands|0 fnt\n|-heal|p2b: Thick|60\/100|[from] drain|[of] p1b: Iron Hands\n|faint|p1b: Iron Hands\n|-end|p1b: Iron Hands|Quark Drive|[silent]\n|\n|upkeep\n|\n|t:|1682232265\n|switch|p1b: Dragapult|Dragapult, L50, F|100\/100\n|turn|3\n|\n|t:|1682232285\n|-terastallize|p1a: Kingambit|Flying\n|move|p1a: Kingambit|Sucker Punch|p2b: Thick\n|-damage|p2b: Thick|32\/100\n|move|p1b: Dragapult|Dragon Darts|p2a: Masked statue\n|-damage|p2a: Masked statue|38\/100\n|-anim|p1b: Dragapult|Dragon Darts|p2b: Thick\n|-crit|p2b: Thick\n|-damage|p2b: Thick|9\/100\n|move|p2b: Thick|Drain Punch|p1a: Kingambit\n|-resisted|p1a: Kingambit\n|-damage|p1a: Kingambit|85\/100\n|-heal|p2b: Thick|16\/100|[from] drain|[of] p1a: Kingambit\n|move|p2a: Masked statue|Throat Chop|p1b: Dragapult\n|-supereffective|p1b: Dragapult\n|-damage|p1b: Dragapult|0 fnt\n|faint|p1b: Dragapult\n|\n|upkeep\n|\n|t:|1682232301\n|switch|p1b: Espeon|Espeon, L50, F|100\/100\n|turn|4\n|\n|t:|1682232318\n|move|p1b: Espeon|Dazzling Gleam|p2a: Masked statue|[spread] p2a,p2b\n|-supereffective|p2a: Masked statue\n|-damage|p2a: Masked statue|3\/100\n|-damage|p2b: Thick|1\/100\n|-damage|p1b: Espeon|90\/100|[from] item: Life Orb\n|move|p2b: Thick|Wild Charge|p1a: Kingambit\n|-supereffective|p1a: Kingambit\n|-damage|p1a: Kingambit|2\/100\n|-damage|p2b: Thick|0 fnt|[from] Recoil\n|faint|p2b: Thick\n|-end|p2b: Thick|Quark Drive|[silent]\n|move|p1a: Kingambit|Kowtow Cleave|p2a: Masked statue\n|-resisted|p2a: Masked statue\n|-damage|p2a: Masked statue|0 fnt\n|faint|p2a: Masked statue\n|\n|upkeep\n|\n|t:|1682232332\n|switch|p2b: Garry|Rabsca, L50, F|100\/100\n|switch|p2a: John goldfish|Chi-Yu, L50|100\/100\n|-ability|p2a: John goldfish|Beads of Ruin\n|turn|5\n|inactive|Saturn6464 has 30 seconds left.\n|\n|t:|1682232362\n|move|p1a: Kingambit|Protect|p1a: Kingambit\n|-singleturn|p1a: Kingambit|Protect\n|move|p2a: John goldfish|Dark Pulse|p1b: Espeon\n|-supereffective|p1b: Espeon\n|-damage|p1b: Espeon|0 fnt\n|faint|p1b: Espeon\n|move|p2b: Garry|Revival Blessing|p2b: Garry\n|-message|Saturn6464 forfeited.\n|\n|win|Stonny\n|raw|Saturn6464's rating: 1276 → 1258<\/strong> (-18 for losing)\n|raw|Stonny's rating: 1376 → 1390<\/strong> (+14 for winning)\n|l|\u2606Saturn6464\n","uploadtime":1682232375,"views":11,"p1id":"saturn6464","p2id":"stonny","formatid":"gen9vgc2023regulationc","rating":1258,"private":0,"password":""}