{"id":"gen9vgc2023regulationc-1851607359","p1":"yokai19","p2":"sdgsdfsdfsdf","format":"[Gen 9] VGC 2023 Regulation C","log":"|j|\u2606yokai19\n|j|\u2606sdgsdfsdfsdf\n|t:|1682460609\n|gametype|doubles\n|player|p1|yokai19|102|1020\n|player|p2|sdgsdfsdfsdf|266|1064\n|teamsize|p1|6\n|teamsize|p2|6\n|gen|9\n|tier|[Gen 9] VGC 2023 Regulation C\n|rated|\n|rule|Species Clause: Limit one of each Pok\u00e9mon\n|rule|Item Clause: Limit one of each item\n|clearpoke\n|poke|p1|Flutter Mane, L50|\n|poke|p1|Arcanine, L50, F|\n|poke|p1|Palafin, L50, F|\n|poke|p1|Amoonguss, L50, M|\n|poke|p1|Ting-Lu, L50|\n|poke|p1|Scizor, L50, F|\n|poke|p2|Baxcalibur, L50, F|\n|poke|p2|Gyarados, L50, F|\n|poke|p2|Annihilape, L50, M|\n|poke|p2|Amoonguss, L50, F|\n|poke|p2|Ting-Lu, L50|\n|poke|p2|Hydreigon, L50, M|\n|teampreview|4\nsdgsdfsdfsdf rejected open team sheets.\n|inactive|Battle timer is ON: inactive players will automatically lose when time's up. (requested by sdgsdfsdfsdf)\n|inactive|yokai19 has 60 seconds left.\n|\n|t:|1682460685\n|start\n|switch|p1a: Palafin|Palafin, L50, F|100\/100\n|switch|p1b: Scizor|Scizor, L50, F|100\/100\n|switch|p2a: Annihilape|Annihilape, L50, M|100\/100\n|switch|p2b: Amoonguss|Amoonguss, L50, F|100\/100\n|turn|1\n|inactive|yokai19 has 30 seconds left.\n|inactive|sdgsdfsdfsdf has 30 seconds left.\n|inactive|yokai19 has 20 seconds left.\n|inactive|yokai19 has 15 seconds left.\n|\n|t:|1682460726\n|move|p1a: Palafin|Protect|p1a: Palafin\n|-singleturn|p1a: Palafin|Protect\n|move|p2a: Annihilape|Bulk Up|p2a: Annihilape\n|-boost|p2a: Annihilape|atk|1\n|-boost|p2a: Annihilape|def|1\n|move|p1b: Scizor|Tailwind|p1b: Scizor\n|-sidestart|p1: yokai19|move: Tailwind\n|move|p2b: Amoonguss|Spore|p1b: Scizor\n|-status|p1b: Scizor|slp|[from] move: Spore\n|\n|upkeep\n|turn|2\n|inactive|yokai19 has 30 seconds left.\n|\n|t:|1682460761\n|switch|p1b: Ting-Lu|Ting-Lu, L50|100\/100\n|-ability|p1b: Ting-Lu|Vessel of Ruin\n|move|p1a: Palafin|Haze|p1a: Palafin\n|-clearallboost\n|move|p2a: Annihilape|Bulk Up|p2a: Annihilape\n|-boost|p2a: Annihilape|atk|1\n|-boost|p2a: Annihilape|def|1\n|move|p2b: Amoonguss|Spore|p1a: Palafin\n|-status|p1a: Palafin|slp|[from] move: Spore\n|\n|upkeep\n|turn|3\n|\n|t:|1682460779\n|cant|p1a: Palafin|slp\n|move|p1b: Ting-Lu|Ruination|p2b: Amoonguss\n|-damage|p2b: Amoonguss|51\/100\n|move|p2a: Annihilape|Drain Punch|p1b: Ting-Lu\n|-supereffective|p1b: Ting-Lu\n|-damage|p1b: Ting-Lu|38\/100\n|move|p2b: Amoonguss|Spore|p1b: Ting-Lu\n|-status|p1b: Ting-Lu|slp|[from] move: Spore\n|\n|upkeep\n|turn|4\n|\n|t:|1682460798\n|switch|p1b: Scizor|Scizor, L50, F|100\/100 slp\n|switch|p2b: Gyarados|Gyarados, L50, F|100\/100\n|-ability|p2b: Gyarados|Intimidate|boost\n|-unboost|p1a: Palafin|atk|1\n|-unboost|p1b: Scizor|atk|1\n|cant|p1a: Palafin|slp\n|move|p2a: Annihilape|Bulk Up|p2a: Annihilape\n|-boost|p2a: Annihilape|atk|1\n|-boost|p2a: Annihilape|def|1\n|\n|-sideend|p1: yokai19|move: Tailwind\n|upkeep\n|turn|5\n|\n|t:|1682460820\n|move|p2b: Gyarados|Substitute|p2b: Gyarados\n|-start|p2b: Gyarados|Substitute\n|-damage|p2b: Gyarados|76\/100\n|-curestatus|p1a: Palafin|slp|[msg]\n|move|p1a: Palafin|Haze|p1a: Palafin\n|-clearallboost\n|move|p2a: Annihilape|Drain Punch|p1a: Palafin\n|-damage|p1a: Palafin|58\/100\n|cant|p1b: Scizor|slp\n|\n|-heal|p2b: Gyarados|82\/100|[from] item: Leftovers\n|upkeep\n|turn|6\n|inactive|yokai19 has 30 seconds left.\n|\n|t:|1682460849\n|move|p2b: Gyarados|Dragon Dance|p2b: Gyarados\n|-boost|p2b: Gyarados|atk|1\n|-boost|p2b: Gyarados|spe|1\n|move|p1a: Palafin|Wave Crash|p2a: Annihilape\n|-damage|p2a: Annihilape|47\/100\n|-damage|p1a: Palafin|39\/100|[from] Recoil\n|move|p2a: Annihilape|Drain Punch|p1a: Palafin\n|-damage|p1a: Palafin|0 fnt\n|-heal|p2a: Annihilape|65\/100|[from] drain|[of] p1a: Palafin\n|faint|p1a: Palafin\n|-curestatus|p1b: Scizor|slp|[msg]\n|move|p1b: Scizor|U-turn|p2a: Annihilape\n|-resisted|p2a: Annihilape\n|-damage|p2a: Annihilape|55\/100\n|\n|t:|1682460865\n|switch|p1b: Flutter Mane|Flutter Mane, L50|100\/100|[from] U-turn\n|-enditem|p1b: Flutter Mane|Booster Energy\n|-activate|p1b: Flutter Mane|ability: Protosynthesis|[fromitem]\n|-start|p1b: Flutter Mane|protosynthesisspa\n|\n|-heal|p2b: Gyarados|88\/100|[from] item: Leftovers\n|upkeep\n|\n|t:|1682460889\n|switch|p1a: Scizor|Scizor, L50, F|100\/100\n|turn|7\n|inactive|yokai19 has 30 seconds left.\n|\n|t:|1682460919\n|move|p1b: Flutter Mane|Protect|p1b: Flutter Mane\n|-singleturn|p1b: Flutter Mane|Protect\n|move|p2a: Annihilape|Protect|p2a: Annihilape\n|-singleturn|p2a: Annihilape|Protect\n|move|p1a: Scizor|Bullet Punch|p2b: Gyarados\n|-resisted|p2b: Gyarados\n|-activate|p2b: Gyarados|move: Substitute|[damage]\n|move|p2b: Gyarados|Waterfall|p1b: Flutter Mane\n|-activate|p1b: Flutter Mane|move: Protect\n|\n|-heal|p2b: Gyarados|93\/100|[from] item: Leftovers\n|upkeep\n|turn|8\n|inactive|yokai19 has 30 seconds left.\n|inactive|yokai19 has 20 seconds left.\n|\n|t:|1682460955\n|-terastallize|p1b: Flutter Mane|Fairy\n|-terastallize|p2a: Annihilape|Fire\n|move|p1a: Scizor|Bullet Punch|p2b: Gyarados\n|-resisted|p2b: Gyarados\n|-end|p2b: Gyarados|Substitute\n|move|p2b: Gyarados|Dragon Dance|p2b: Gyarados\n|-boost|p2b: Gyarados|atk|1\n|-boost|p2b: Gyarados|spe|1\n|move|p1b: Flutter Mane|Dazzling Gleam|p2b: Gyarados|[spread] p2a,p2b\n|-resisted|p2a: Annihilape\n|-damage|p2a: Annihilape|33\/100\n|-damage|p2b: Gyarados|40\/100\n|move|p2a: Annihilape|Rage Fist|p1b: Flutter Mane\n|-damage|p1b: Flutter Mane|0 fnt\n|faint|p1b: Flutter Mane\n|-end|p1b: Flutter Mane|Protosynthesis|[silent]\n|\n|-heal|p2b: Gyarados|46\/100|[from] item: Leftovers\n|upkeep\n|\n|t:|1682460970\n|switch|p1b: Ting-Lu|Ting-Lu, L50|38\/100 slp\n|-ability|p1b: Ting-Lu|Vessel of Ruin\n|turn|9\n|\n|t:|1682460989\n|move|p1a: Scizor|Bullet Punch|p2b: Gyarados\n|-resisted|p2b: Gyarados\n|-damage|p2b: Gyarados|27\/100\n|move|p2b: Gyarados|Waterfall|p1b: Ting-Lu\n|-supereffective|p1b: Ting-Lu\n|-damage|p1b: Ting-Lu|0 fnt\n|faint|p1b: Ting-Lu\n|move|p2a: Annihilape|Drain Punch|p1a: Scizor\n|-damage|p1a: Scizor|63\/100\n|-heal|p2a: Annihilape|48\/100|[from] drain|[of] p1a: Scizor\n|\n|-heal|p2b: Gyarados|33\/100|[from] item: Leftovers\n|upkeep\n|turn|10\n|\n|t:|1682460998\n|move|p2b: Gyarados|Protect|p2b: Gyarados\n|-singleturn|p2b: Gyarados|Protect\n|move|p1a: Scizor|Bullet Punch|p2a: Annihilape\n|-resisted|p2a: Annihilape\n|-damage|p2a: Annihilape|33\/100\n|move|p2a: Annihilape|Drain Punch|p1a: Scizor\n|-damage|p1a: Scizor|22\/100\n|-heal|p2a: Annihilape|50\/100|[from] drain|[of] p1a: Scizor\n|-enditem|p1a: Scizor|Sitrus Berry|[eat]\n|-heal|p1a: Scizor|47\/100|[from] item: Sitrus Berry\n|\n|-heal|p2b: Gyarados|39\/100|[from] item: Leftovers\n|upkeep\n|turn|11\n|\n|t:|1682461014\n|move|p1a: Scizor|Bullet Punch|p2a: Annihilape\n|-resisted|p2a: Annihilape\n|-damage|p2a: Annihilape|34\/100\n|move|p2b: Gyarados|Dragon Dance|p2b: Gyarados\n|-boost|p2b: Gyarados|atk|1\n|-boost|p2b: Gyarados|spe|1\n|move|p2a: Annihilape|Bulk Up|p2a: Annihilape\n|-boost|p2a: Annihilape|atk|1\n|-boost|p2a: Annihilape|def|1\n|\n|-heal|p2b: Gyarados|45\/100|[from] item: Leftovers\n|upkeep\n|turn|12\n|\n|t:|1682461025\n|move|p2b: Gyarados|Protect|p2b: Gyarados\n|-singleturn|p2b: Gyarados|Protect\n|move|p1a: Scizor|Bullet Punch|p2a: Annihilape\n|-resisted|p2a: Annihilape\n|-damage|p2a: Annihilape|24\/100\n|-enditem|p2a: Annihilape|Aguav Berry|[eat]\n|-heal|p2a: Annihilape|57\/100|[from] item: Aguav Berry\n|move|p2a: Annihilape|Drain Punch|p1a: Scizor\n|-damage|p1a: Scizor|0 fnt\n|-heal|p2a: Annihilape|76\/100|[from] drain|[of] p1a: Scizor\n|faint|p1a: Scizor\n|\n|win|sdgsdfsdfsdf\n|raw|yokai19's rating: 1020 → 1009<\/strong> (-11 for losing)\n|raw|sdgsdfsdfsdf's rating: 1064 → 1091<\/strong> (+27 for winning)\n|l|\u2606sdgsdfsdfsdf\n","uploadtime":1682461036,"views":10,"p1id":"yokai19","p2id":"sdgsdfsdfsdf","formatid":"gen9vgc2023regulationc","rating":1009,"private":0,"password":""}