{"id":"gen9vgc2023regulationc-1848585943","p1":"Echo Rose#9471","p2":"Dolanator50000","format":"[Gen 9] VGC 2023 Regulation C","log":"|j|\u2606Echo Rose#9471\n|j|\u2606Dolanator50000\n|t:|1682092195\n|gametype|doubles\n|player|p1|Echo Rose#9471|170|1260\n|player|p2|Dolanator50000|102|1158\n|teamsize|p1|6\n|teamsize|p2|6\n|gen|9\n|tier|[Gen 9] VGC 2023 Regulation C\n|rated|\n|rule|Species Clause: Limit one of each Pok\u00e9mon\n|rule|Item Clause: Limit one of each item\n|clearpoke\n|poke|p1|Glimmora, L50, M|\n|poke|p1|Wo-Chien, L50|\n|poke|p1|Flutter Mane, L50|\n|poke|p1|Palafin, L50, M|\n|poke|p1|Iron Hands, L50|\n|poke|p1|Talonflame, L50, F|\n|poke|p2|Bisharp, L50, F|\n|poke|p2|Dachsbun, L50, F|\n|poke|p2|Gothitelle, L50, F|\n|poke|p2|Hariyama, L50, M|\n|poke|p2|Rotom-Mow, L50|\n|poke|p2|Mudsdale, L50, M|\n|teampreview|4\n|inactive|Battle timer is ON: inactive players will automatically lose when time's up. (requested by Dolanator50000)\n|inactive|Echo Rose#9471 has 60 seconds left.\n|\n|t:|1682092234\n|start\n|switch|p1a: Wo-Chien|Wo-Chien, L50|100\/100\n|switch|p1b: Flutter Mane|Flutter Mane, L50|100\/100\n|switch|p2a: Hariyama|Hariyama, L50, M|100\/100\n|switch|p2b: Gothitelle|Gothitelle, L50, F|100\/100\n|-ability|p1a: Wo-Chien|Tablets of Ruin\n|-enditem|p1b: Flutter Mane|Booster Energy\n|-activate|p1b: Flutter Mane|ability: Protosynthesis|[fromitem]\n|-start|p1b: Flutter Mane|protosynthesisspa\n|turn|1\n|inactive|Dolanator50000 has 30 seconds left.\n|\n|t:|1682092260\n|move|p1a: Wo-Chien|Protect|p1a: Wo-Chien\n|-singleturn|p1a: Wo-Chien|Protect\n|move|p2a: Hariyama|Fake Out|p1a: Wo-Chien\n|-activate|p1a: Wo-Chien|move: Protect\n|move|p1b: Flutter Mane|Dazzling Gleam|p2b: Gothitelle|[spread] p2a,p2b\n|-supereffective|p2a: Hariyama\n|-damage|p2a: Hariyama|18\/100\n|-damage|p2b: Gothitelle|73\/100\n|move|p2b: Gothitelle|Trick Room|p2b: Gothitelle\n|-fieldstart|move: Trick Room|[of] p2b: Gothitelle\n|\n|-status|p2a: Hariyama|brn|[from] item: Flame Orb\n|upkeep\n|turn|2\n|\n|t:|1682092276\n|-terastallize|p1a: Wo-Chien|Poison\n|move|p2a: Hariyama|Bullet Punch|p1b: Flutter Mane\n|-supereffective|p1b: Flutter Mane\n|-damage|p1b: Flutter Mane|57\/100\n|move|p2b: Gothitelle|Psychic|p1b: Flutter Mane\n|-damage|p1b: Flutter Mane|31\/100\n|move|p1a: Wo-Chien|Pollen Puff|p2b: Gothitelle\n|-supereffective|p2b: Gothitelle\n|-damage|p2b: Gothitelle|47\/100\n|-enditem|p2b: Gothitelle|Sitrus Berry|[eat]\n|-heal|p2b: Gothitelle|72\/100|[from] item: Sitrus Berry\n|move|p1b: Flutter Mane|Dazzling Gleam|p2a: Hariyama|[spread] p2a,p2b\n|-supereffective|p2a: Hariyama\n|-damage|p2a: Hariyama|0 fnt\n|-damage|p2b: Gothitelle|44\/100\n|faint|p2a: Hariyama\n|\n|upkeep\n|\n|t:|1682092293\n|switch|p2a: Rotom|Rotom-Mow, L50|100\/100\n|turn|3\n|\n|t:|1682092316\n|-terastallize|p2a: Rotom|Electric\n|move|p2b: Gothitelle|Psychic|p1b: Flutter Mane\n|-damage|p1b: Flutter Mane|6\/100\n|move|p1a: Wo-Chien|Pollen Puff|p1b: Flutter Mane\n|-heal|p1b: Flutter Mane|56\/100\n|move|p2a: Rotom|Thunderbolt|p1a: Wo-Chien\n|-damage|p1a: Wo-Chien|67\/100\n|move|p1b: Flutter Mane|Shadow Ball|p2b: Gothitelle\n|-supereffective|p2b: Gothitelle\n|-damage|p2b: Gothitelle|0 fnt\n|faint|p2b: Gothitelle\n|\n|upkeep\n|\n|t:|1682092330\n|switch|p2b: Dachsbun|Dachsbun, L50, F|100\/100\n|turn|4\n|\n|t:|1682092340\n|move|p2b: Dachsbun|Play Rough|p1b: Flutter Mane\n|-damage|p1b: Flutter Mane|23\/100\n|-unboost|p1b: Flutter Mane|atk|1\n|move|p1a: Wo-Chien|Leech Seed|p2b: Dachsbun\n|-start|p2b: Dachsbun|move: Leech Seed\n|move|p2a: Rotom|Thunderbolt|p1b: Flutter Mane\n|-damage|p1b: Flutter Mane|0 fnt\n|faint|p1b: Flutter Mane\n|-end|p1b: Flutter Mane|Protosynthesis|[silent]\n|\n|-damage|p2b: Dachsbun|88\/100|[from] Leech Seed|[of] p1a: Wo-Chien\n|-heal|p1a: Wo-Chien|78\/100|[silent]\n|upkeep\n|\n|t:|1682092349\n|switch|p1b: Finn Fury|Palafin, L50, M|100\/100\n|turn|5\n|\n|t:|1682092354\n|detailschange|p1b: Finn Fury|Palafin-Hero, L50, M\n|switch|p1b: Iron Hands|Iron Hands, L50|100\/100\n|move|p2b: Dachsbun|Yawn|p1a: Wo-Chien\n|-start|p1a: Wo-Chien|move: Yawn|[of] p2b: Dachsbun\n|move|p1a: Wo-Chien|Leech Seed|p2a: Rotom\n|-start|p2a: Rotom|move: Leech Seed\n|move|p2a: Rotom|Thunderbolt|p1b: Iron Hands\n|-resisted|p1b: Iron Hands\n|-damage|p1b: Iron Hands|85\/100\n|\n|-damage|p2b: Dachsbun|76\/100|[from] Leech Seed|[of] p1a: Wo-Chien\n|-heal|p1a: Wo-Chien|88\/100|[silent]\n|-damage|p2a: Rotom|88\/100|[from] Leech Seed|[of] p1a: Wo-Chien\n|-heal|p1a: Wo-Chien|98\/100|[silent]\n|-fieldend|move: Trick Room\n|upkeep\n|turn|6\n|inactive|Echo Rose#9471 has 30 seconds left.\n|\n|t:|1682092383\n|switch|p1a: Finn Fury|Palafin-Hero, L50, M|100\/100\n|-activate|p1a: Finn Fury|ability: Zero to Hero\n|move|p1b: Iron Hands|Fake Out|p2b: Dachsbun\n|-damage|p2b: Dachsbun|62\/100\n|move|p2a: Rotom|Thunderbolt|p1b: Iron Hands\n|-resisted|p1b: Iron Hands\n|-damage|p1b: Iron Hands|69\/100\n|cant|p2b: Dachsbun|flinch\n|\n|-damage|p2a: Rotom|76\/100|[from] Leech Seed|[of] p1a: Finn Fury\n|-damage|p2b: Dachsbun|50\/100|[from] Leech Seed|[of] p1a: Finn Fury\n|upkeep\n|turn|7\n|-message|Dolanator50000 forfeited.\n|\n|win|Echo Rose#9471\n|raw|Echo Rose#9471's rating: 1260 → 1278<\/strong> (+18 for winning)\n|raw|Dolanator50000's rating: 1158 → 1140<\/strong> (-18 for losing)\n|l|\u2606Dolanator50000\n","uploadtime":1682092410,"views":5,"p1id":"echorose9471","p2id":"dolanator50000","formatid":"gen9vgc2023regulationc","rating":1140,"private":0,"password":""}