{"id":"gen9vgc2023regulationc-1861445559","p1":"2thyfor","p2":"nik holo","format":"[Gen 9] VGC 2023 Regulation C","log":"|j|\u26062thyfor\n|j|\u2606nik holo\n|t:|1683758792\n|gametype|doubles\n|player|p1|2thyfor|brycen|\n|player|p2|nik holo|2|\n|teamsize|p1|6\n|teamsize|p2|6\n|gen|9\n|tier|[Gen 9] VGC 2023 Regulation C\n|rated|Tournament battle\n|rule|Species Clause: Limit one of each Pok\u00e9mon\n|rule|Item Clause: Limit one of each item\n|clearpoke\n|poke|p1|Dondozo, L50, M|\n|poke|p1|Tatsugiri, L50, M|\n|poke|p1|Glimmora, L50, F|\n|poke|p1|Iron Bundle, L50|\n|poke|p1|Flutter Mane, L50|\n|poke|p1|Chi-Yu, L50|\n|poke|p2|Annihilape, L50, F|\n|poke|p2|Iron Bundle, L50|\n|poke|p2|Arcanine, L50, F|\n|poke|p2|Roaring Moon, L50|\n|poke|p2|Gholdengo, L50|\n|poke|p2|Maushold-Four, L50|\n|teampreview|4\n|raw| Open Team Sheet for 2thyfor<\/summary>\u5403\u543c\u9738 (Dondozo) @ Leftovers Ability: Oblivious Level: 50 Tera Type: Grass - Wave Crash - Earthquake - Tera Blast - Protect \u7c73\u7acb\u9f99 (Tatsugiri) @ Choice Scarf Ability: Commander Level: 50 Tera Type: Steel - Draco Meteor - Muddy Water - Icy Wind - Sleep Talk \u6676\u5149\u82b1 (Glimmora) @ Assault Vest Ability: Toxic Debris Level: 50 Tera Type: Grass - Mortal Spin - Earth Power - Energy Ball - Power Gem \u94c1\u5305\u88b1 (Iron Bundle) @ Booster Energy Ability: Quark Drive Level: 50 Tera Type: Ice - Protect - Icy Wind - Freeze-Dry - Hydro Pump \u632f\u7ffc\u53d1 (Flutter Mane) @ Choice Specs Ability: Protosynthesis Level: 50 Tera Type: Fairy - Moonblast - Dazzling Gleam - Shadow Ball - Thunderbolt \u9ca4\u9c7c\u738b (Chi-Yu) @ Focus Sash Ability: Beads of Ruin Level: 50 Tera Type: Ghost - Protect - Heat Wave - Overheat - Dark Pulse <\/details><\/div> Open Team Sheet for nik holo<\/summary>Annihilape @ Leftovers Ability: Defiant Level: 50 Shiny: Yes Tera Type: Water - Drain Punch - Bulk Up - Rage Fist - Protect Iron Bundle @ Covert Cloak Ability: Quark Drive Level: 50 Tera Type: Ghost - Freeze-Dry - Encore - Icy Wind - Protect Arcanine @ Assault Vest Ability: Intimidate Level: 50 Tera Type: Grass - Flare Blitz - Extreme Speed - Snarl - Close Combat Roaring Moon @ Booster Energy Ability: Protosynthesis Level: 50 Tera Type: Flying - Acrobatics - Breaking Swipe - Tailwind - Protect Gholdengo @ Choice Specs Ability: Good as Gold Level: 50 Tera Type: Steel - Make It Rain - Shadow Ball - Thunderbolt - Trick Maushold (Maushold-Four) @ Safety Goggles Ability: Friend Guard Level: 50 Tera Type: Ghost - Follow Me - Beat Up - Super Fang - Protect <\/details><\/div>\n|j| Dat guy In black\n|j| chicagolocaltop16\n|\n|t:|1683758882\n|start\n|switch|p1a: \u632f\u7ffc\u53d1|Flutter Mane, L50|100\/100\n|switch|p1b: \u94c1\u5305\u88b1|Iron Bundle, L50|100\/100\n|switch|p2a: Annihilape|Annihilape, L50, F, shiny|100\/100\n|switch|p2b: Maushold|Maushold-Four, L50|100\/100\n|-enditem|p1b: \u94c1\u5305\u88b1|Booster Energy\n|-activate|p1b: \u94c1\u5305\u88b1|ability: Quark Drive|[fromitem]\n|-start|p1b: \u94c1\u5305\u88b1|quarkdrivespe\n|turn|1\n|\n|t:|1683758897\n|-terastallize|p1a: \u632f\u7ffc\u53d1|Fairy\n|move|p2b: Maushold|Follow Me|p2b: Maushold\n|-singleturn|p2b: Maushold|move: Follow Me\n|move|p1b: \u94c1\u5305\u88b1|Freeze-Dry|p2b: Maushold\n|-damage|p2b: Maushold|68\/100\n|move|p1a: \u632f\u7ffc\u53d1|Moonblast|p2b: Maushold\n|-damage|p2b: Maushold|0 fnt\n|faint|p2b: Maushold\n|move|p2a: Annihilape|Rage Fist|p1a: \u632f\u7ffc\u53d1\n|-damage|p1a: \u632f\u7ffc\u53d1|57\/100\n|\n|upkeep\n|\n|t:|1683758914\n|switch|p2b: Iron Bundle|Iron Bundle, L50|100\/100\n|turn|2\n|\n|t:|1683758937\n|move|p1b: \u94c1\u5305\u88b1|Protect|p1b: \u94c1\u5305\u88b1\n|-singleturn|p1b: \u94c1\u5305\u88b1|Protect\n|move|p2a: Annihilape|Protect|p2a: Annihilape\n|-singleturn|p2a: Annihilape|Protect\n|move|p2b: Iron Bundle|Icy Wind|p1a: \u632f\u7ffc\u53d1|[spread] p1a\n|-activate|p1b: \u94c1\u5305\u88b1|move: Protect\n|-damage|p1a: \u632f\u7ffc\u53d1|39\/100\n|-unboost|p1a: \u632f\u7ffc\u53d1|spe|1\n|move|p1a: \u632f\u7ffc\u53d1|Moonblast|p2b: Iron Bundle\n|-damage|p2b: Iron Bundle|0 fnt\n|faint|p2b: Iron Bundle\n|-end|p2b: Iron Bundle|Quark Drive|[silent]\n|\n|upkeep\n|\n|t:|1683758950\n|switch|p2b: Roaring Moon|Roaring Moon, L50|100\/100\n|-enditem|p2b: Roaring Moon|Booster Energy\n|-activate|p2b: Roaring Moon|ability: Protosynthesis|[fromitem]\n|-start|p2b: Roaring Moon|protosynthesisspe\n|turn|3\n|j| gdsaw532\n|\n|t:|1683758961\n|move|p1b: \u94c1\u5305\u88b1|Freeze-Dry|p2b: Roaring Moon\n|-supereffective|p2b: Roaring Moon\n|-damage|p2b: Roaring Moon|36\/100\n|move|p2b: Roaring Moon|Acrobatics|p1a: \u632f\u7ffc\u53d1\n|-damage|p1a: \u632f\u7ffc\u53d1|0 fnt\n|faint|p1a: \u632f\u7ffc\u53d1\n|-end|p1a: \u632f\u7ffc\u53d1|Protosynthesis|[silent]\n|move|p2a: Annihilape|Bulk Up|p2a: Annihilape\n|-boost|p2a: Annihilape|atk|1\n|-boost|p2a: Annihilape|def|1\n|\n|upkeep\n|\n|t:|1683758972\n|switch|p1a: \u7c73\u7acb\u9f99|Tatsugiri, L50, M|100\/100\n|turn|4\n|\n|t:|1683758985\n|move|p2b: Roaring Moon|Protect|p2b: Roaring Moon\n|-singleturn|p2b: Roaring Moon|Protect\n|move|p1b: \u94c1\u5305\u88b1|Freeze-Dry|p2b: Roaring Moon\n|-activate|p2b: Roaring Moon|move: Protect\n|move|p1a: \u7c73\u7acb\u9f99|Draco Meteor|p2a: Annihilape\n|-damage|p2a: Annihilape|47\/100\n|-unboost|p1a: \u7c73\u7acb\u9f99|spa|2\n|move|p2a: Annihilape|Drain Punch|p1b: \u94c1\u5305\u88b1\n|-supereffective|p1b: \u94c1\u5305\u88b1\n|-damage|p1b: \u94c1\u5305\u88b1|0 fnt\n|-heal|p2a: Annihilape|77\/100|[from] drain|[of] p1b: \u94c1\u5305\u88b1\n|faint|p1b: \u94c1\u5305\u88b1\n|-end|p1b: \u94c1\u5305\u88b1|Quark Drive|[silent]\n|\n|-heal|p2a: Annihilape|83\/100|[from] item: Leftovers\n|upkeep\n|\n|t:|1683758986\n|switch|p1b: \u5403\u543c\u9738|Dondozo, L50, M|100\/100\n|-activate|p1a: \u7c73\u7acb\u9f99|ability: Commander|[of] p1b: \u5403\u543c\u9738\n|-boost|p1b: \u5403\u543c\u9738|atk|2\n|-boost|p1b: \u5403\u543c\u9738|spa|2\n|-boost|p1b: \u5403\u543c\u9738|spe|2\n|-boost|p1b: \u5403\u543c\u9738|def|2\n|-boost|p1b: \u5403\u543c\u9738|spd|2\n|turn|5\n|\n|t:|1683759010\n|move|p2b: Roaring Moon|Breaking Swipe|p1a: \u7c73\u7acb\u9f99|[spread] p1b\n|-miss|p2b: Roaring Moon|p1a: \u7c73\u7acb\u9f99\n|-damage|p1b: \u5403\u543c\u9738|92\/100\n|-unboost|p1b: \u5403\u543c\u9738|atk|1\n|move|p1b: \u5403\u543c\u9738|Wave Crash|p2b: Roaring Moon\n|-resisted|p2b: Roaring Moon\n|-damage|p2b: Roaring Moon|0 fnt\n|faint|p2b: Roaring Moon\n|-end|p2b: Roaring Moon|Protosynthesis|[silent]\n|-damage|p1b: \u5403\u543c\u9738|83\/100|[from] Recoil\n|move|p2a: Annihilape|Rage Fist|p1b: \u5403\u543c\u9738\n|-damage|p1b: \u5403\u543c\u9738|56\/100\n|\n|-heal|p1b: \u5403\u543c\u9738|62\/100|[from] item: Leftovers\n|-heal|p2a: Annihilape|89\/100|[from] item: Leftovers\n|upkeep\n|turn|6\n|\n|t:|1683759029\n|move|p2a: Annihilape|Protect|p2a: Annihilape\n|-singleturn|p2a: Annihilape|Protect\n|move|p1b: \u5403\u543c\u9738|Wave Crash|p2a: Annihilape\n|-activate|p2a: Annihilape|move: Protect\n|\n|-heal|p1b: \u5403\u543c\u9738|68\/100|[from] item: Leftovers\n|-heal|p2a: Annihilape|95\/100|[from] item: Leftovers\n|upkeep\n|turn|7\n|\n|t:|1683759037\n|move|p1b: \u5403\u543c\u9738|Wave Crash|p2a: Annihilape\n|-damage|p2a: Annihilape|36\/100\n|-damage|p1b: \u5403\u543c\u9738|49\/100|[from] Recoil\n|move|p2a: Annihilape|Rage Fist|p1b: \u5403\u543c\u9738\n|-damage|p1b: \u5403\u543c\u9738|9\/100\n|\n|-heal|p1b: \u5403\u543c\u9738|16\/100|[from] item: Leftovers\n|-heal|p2a: Annihilape|42\/100|[from] item: Leftovers\n|upkeep\n|turn|8\n|\n|t:|1683759046\n|move|p2a: Annihilape|Protect|p2a: Annihilape\n|-singleturn|p2a: Annihilape|Protect\n|move|p1b: \u5403\u543c\u9738|Wave Crash|p2a: Annihilape\n|-activate|p2a: Annihilape|move: Protect\n|\n|-heal|p1b: \u5403\u543c\u9738|22\/100|[from] item: Leftovers\n|-heal|p2a: Annihilape|48\/100|[from] item: Leftovers\n|upkeep\n|turn|9\n|\n|t:|1683759054\n|move|p1b: \u5403\u543c\u9738|Wave Crash|p2a: Annihilape\n|-damage|p2a: Annihilape|0 fnt\n|faint|p2a: Annihilape\n|-damage|p1b: \u5403\u543c\u9738|7\/100|[from] Recoil\n|\n|win|2thyfor\n|n|\u26062thyfor|2thyfor\n|n|\u2606nik holo|nikholo\n|n| Dat guy In black|datguyinblack\n|n| chicagolocaltop16|chicagolocaltop16\n|n| gdsaw532|gdsaw532\n","uploadtime":1683759055,"views":5,"p1id":"2thyfor","p2id":"nikholo","formatid":"gen9vgc2023regulationc","rating":0,"private":0,"password":""}