{"id":"gen9vgc2023regulationc-1845799632","p1":"jackboucher","p2":"Nyomincia","format":"[Gen 9] VGC 2023 Regulation C","log":"|j|\u2606jackboucher\n|j|\u2606Nyomincia\n|t:|1681765751\n|gametype|doubles\n|player|p1|jackboucher|maid|1036\n|player|p2|Nyomincia|erika|1000\n|teamsize|p1|6\n|teamsize|p2|6\n|gen|9\n|tier|[Gen 9] VGC 2023 Regulation C\n|rated|\n|rule|Species Clause: Limit one of each Pok\u00e9mon\n|rule|Item Clause: Limit one of each item\n|clearpoke\n|poke|p1|Arcanine, L50, F|\n|poke|p1|Glimmora, L50, F|\n|poke|p1|Rotom-Wash, L50|\n|poke|p1|Flutter Mane, L50|\n|poke|p1|Ting-Lu, L50|\n|poke|p1|Roaring Moon, L50|\n|poke|p2|Flutter Mane, L50|\n|poke|p2|Electrode, L50|\n|poke|p2|Iron Hands, L50|\n|poke|p2|Falinks, L50|\n|poke|p2|Flamigo, L50, F|\n|poke|p2|Toedscool, L50, M|\n|teampreview|4\n|\n|t:|1681765780\n|start\n|switch|p1a: Rotom|Rotom-Wash, L50|100\/100\n|switch|p1b: Flutter Mane|Flutter Mane, L50|100\/100\n|switch|p2a: Phalanx|Falinks, L50, shiny|100\/100\n|switch|p2b: Jubilee|Flutter Mane, L50|100\/100\n|turn|1\n|\n|t:|1681765822\n|-end|p1b: Flutter Mane|Protosynthesis|[silent]\n|switch|p1b: Ting-Lu|Ting-Lu, L50|100\/100\n|-ability|p1b: Ting-Lu|Vessel of Ruin\n|-terastallize|p2a: Phalanx|Steel\n|move|p2b: Jubilee|Mean Look|p2a: Phalanx\n|-activate|p2a: Phalanx|trapped\n|move|p2a: Phalanx|No Retreat|p2a: Phalanx\n|-boost|p2a: Phalanx|atk|1\n|-boost|p2a: Phalanx|def|1\n|-boost|p2a: Phalanx|spa|1\n|-boost|p2a: Phalanx|spd|1\n|-boost|p2a: Phalanx|spe|1\n|move|p1a: Rotom|Will-O-Wisp|p2a: Phalanx\n|-status|p2a: Phalanx|brn\n|\n|-damage|p2a: Phalanx|95\/100 brn|[from] brn\n|upkeep\n|turn|2\n|\n|t:|1681765879\n|move|p2b: Jubilee|Moonblast|p1b: Ting-Lu\n|-supereffective|p1b: Ting-Lu\n|-damage|p1b: Ting-Lu|65\/100\n|move|p2a: Phalanx|No Retreat|p2a: Phalanx\n|-boost|p2a: Phalanx|atk|1\n|-boost|p2a: Phalanx|def|1\n|-boost|p2a: Phalanx|spa|1\n|-boost|p2a: Phalanx|spd|1\n|-boost|p2a: Phalanx|spe|1\n|move|p1a: Rotom|Hydro Pump|p2b: Jubilee\n|-damage|p2b: Jubilee|74\/100\n|move|p1b: Ting-Lu|Fissure|p2b: Jubilee|[miss]\n|-miss|p1b: Ting-Lu|p2b: Jubilee\n|\n|-heal|p2b: Jubilee|80\/100|[from] item: Leftovers\n|-damage|p2a: Phalanx|89\/100 brn|[from] brn\n|upkeep\n|turn|3\n|\n|t:|1681765924\n|-end|p2b: Jubilee|Protosynthesis|[silent]\n|switch|p2b: Graciavian|Flamigo, L50, F|100\/100\n|-copyboost|p2b: Graciavian|p2a: Phalanx|[from] ability: Costar\n|switch|p1a: Arcanine|Arcanine, L50, F|100\/100\n|-ability|p1a: Arcanine|Intimidate|boost\n|-unboost|p2a: Phalanx|atk|1\n|-ability|p2a: Phalanx|Defiant|boost\n|-boost|p2a: Phalanx|atk|2\n|-unboost|p2b: Graciavian|atk|1\n|move|p2a: Phalanx|No Retreat|p2a: Phalanx\n|-boost|p2a: Phalanx|atk|1\n|-boost|p2a: Phalanx|def|1\n|-boost|p2a: Phalanx|spa|1\n|-boost|p2a: Phalanx|spd|1\n|-boost|p2a: Phalanx|spe|1\n|-start|p2a: Phalanx|move: No Retreat\n|move|p1b: Ting-Lu|Taunt|p2a: Phalanx\n|-start|p2a: Phalanx|move: Taunt\n|\n|-damage|p2a: Phalanx|83\/100 brn|[from] brn\n|upkeep\n|turn|4\n|\n|t:|1681765972\n|move|p1a: Arcanine|Protect|p1a: Arcanine\n|-singleturn|p1a: Arcanine|Protect\n|move|p2a: Phalanx|Iron Head|p1b: Ting-Lu\n|-damage|p1b: Ting-Lu|39\/100\n|move|p2b: Graciavian|Fling|p1a: Arcanine\n|-activate|p1a: Arcanine|move: Protect\n|-enditem|p2b: Graciavian|King's Rock|[from] move: Fling\n|move|p1b: Ting-Lu|Fissure|p2a: Phalanx|[miss]\n|-miss|p1b: Ting-Lu|p2a: Phalanx\n|\n|-damage|p2a: Phalanx|78\/100 brn|[from] brn\n|upkeep\n|turn|5\n|\n|t:|1681765997\n|switch|p1a: Rotom|Rotom-Wash, L50|100\/100\n|move|p2a: Phalanx|Close Combat|p1a: Rotom\n|-crit|p1a: Rotom\n|-damage|p1a: Rotom|0 fnt\n|-unboost|p2a: Phalanx|def|1\n|-unboost|p2a: Phalanx|spd|1\n|faint|p1a: Rotom\n|move|p2b: Graciavian|Acrobatics|p1b: Ting-Lu\n|-damage|p1b: Ting-Lu|0 fnt\n|faint|p1b: Ting-Lu\n|\n|-damage|p2a: Phalanx|72\/100 brn|[from] brn\n|upkeep\n|\n|t:|1681766009\n|switch|p1a: Flutter Mane|Flutter Mane, L50|100\/100\n|switch|p1b: Arcanine|Arcanine, L50, F|100\/100\n|-ability|p1b: Arcanine|Intimidate|boost\n|-unboost|p2a: Phalanx|atk|1\n|-ability|p2a: Phalanx|Defiant|boost\n|-boost|p2a: Phalanx|atk|2\n|-unboost|p2b: Graciavian|atk|1\n|turn|6\n|\n|t:|1681766068\n|-terastallize|p1a: Flutter Mane|Fairy\n|move|p2a: Phalanx|Iron Head|p1a: Flutter Mane\n|-supereffective|p1a: Flutter Mane\n|-damage|p1a: Flutter Mane|0 fnt\n|faint|p1a: Flutter Mane\n|-end|p1a: Flutter Mane|Protosynthesis|[silent]\n|move|p2b: Graciavian|Acrobatics|p1b: Arcanine\n|-damage|p1b: Arcanine|26\/100\n|move|p1b: Arcanine|Flare Blitz|p2a: Phalanx\n|-supereffective|p2a: Phalanx\n|-damage|p2a: Phalanx|7\/100 brn\n|-damage|p1b: Arcanine|5\/100|[from] Recoil\n|\n|-damage|p2a: Phalanx|1\/100 brn|[from] brn\n|-end|p2a: Phalanx|move: Taunt\n|upkeep\n|turn|7\n|-message|jackboucher forfeited.\n|\n|win|Nyomincia\n|raw|jackboucher's rating: 1036 → 1019<\/strong> (-17 for losing)\n|raw|Nyomincia's rating: 1000 → 1044<\/strong> (+44 for winning)\n|l|\u2606jackboucher\n|c|\u2606Nyomincia|gg\n","uploadtime":1681766086,"views":11,"p1id":"jackboucher","p2id":"nyomincia","formatid":"gen9vgc2023regulationc","rating":1019,"private":0,"password":""}