{"id":"gen9vgc2023regulationc-1855203669","p1":"fmvtis","p2":"DoctorTW","format":"[Gen 9] VGC 2023 Regulation C","log":"|j|\u203dfmvtis\n|j|\u2606DoctorTW\n|t:|1682914636\n|gametype|doubles\n|player|p1|fmvtis|ghetsis|1067\n|player|p2|DoctorTW|scientist-gen4dp|1116\n|teamsize|p1|6\n|teamsize|p2|6\n|gen|9\n|tier|[Gen 9] VGC 2023 Regulation C\n|rated|\n|rule|Species Clause: Limit one of each Pok\u00e9mon\n|rule|Item Clause: Limit one of each item\n|clearpoke\n|poke|p1|Flutter Mane, L50|\n|poke|p1|Iron Moth, L50|\n|poke|p1|Chi-Yu, L50|\n|poke|p1|Persian, L50, F|\n|poke|p1|Breloom, L50, M|\n|poke|p1|Talonflame, L50, F|\n|poke|p2|Glimmora, L50, F|\n|poke|p2|Iron Hands, L50|\n|poke|p2|Palafin, L50, M|\n|poke|p2|Skeledirge, L50, F|\n|poke|p2|Ting-Lu, L50|\n|poke|p2|Wo-Chien, L50|\n|teampreview|4\n|\n|t:|1682914671\n|start\n|switch|p1a: Persian|Persian, L50, F|100\/100\n|switch|p1b: Talonflame|Talonflame, L50, F|100\/100\n|switch|p2a: Glimmora|Glimmora, L50, F|100\/100\n|switch|p2b: Palafin|Palafin, L50, M|100\/100\n|turn|1\n|inactive|Battle timer is ON: inactive players will automatically lose when time's up. (requested by fmvtis)\n|\n|t:|1682914696\n|move|p2a: Glimmora|Spiky Shield|p2a: Glimmora\n|-singleturn|p2a: Glimmora|move: Protect\n|move|p1a: Persian|Fake Out|p2a: Glimmora\n|-activate|p2a: Glimmora|move: Protect\n|-damage|p1a: Persian|88\/100|[from] Spiky Shield|[of] p2a: Glimmora\n|move|p1b: Talonflame|Tailwind|p1b: Talonflame\n|-sidestart|p1: fmvtis|move: Tailwind\n|move|p2b: Palafin|Flip Turn|p1b: Talonflame\n|-supereffective|p1b: Talonflame\n|-damage|p1b: Talonflame|42\/100\n|\n|t:|1682914706\n|detailschange|p2b: Palafin|Palafin-Hero, L50, M\n|switch|p2b: Iron Hands|Iron Hands, L50|100\/100|[from] Flip Turn\n|\n|upkeep\n|turn|2\n|\n|t:|1682914720\n|move|p2b: Iron Hands|Fake Out|p1a: Persian\n|-damage|p1a: Persian|55\/100\n|move|p1b: Talonflame|Will-O-Wisp|p2b: Iron Hands|[miss]\n|-miss|p1b: Talonflame|p2b: Iron Hands\n|cant|p1a: Persian|flinch\n|move|p2a: Glimmora|Mortal Spin|p1b: Talonflame|[spread] p1a,p1b\n|-damage|p1a: Persian|45\/100\n|-damage|p1b: Talonflame|36\/100\n|-status|p1a: Persian|psn\n|\n|-damage|p1a: Persian|33\/100 psn|[from] psn\n|upkeep\n|turn|3\n|\n|t:|1682914742\n|-end|p2b: Iron Hands|Quark Drive|[silent]\n|switch|p2b: Wo-Chien|Wo-Chien, L50|100\/100\n|-ability|p2b: Wo-Chien|Tablets of Ruin\n|move|p1b: Talonflame|Will-O-Wisp|p2b: Wo-Chien\n|-status|p2b: Wo-Chien|brn\n|move|p1a: Persian|Giga Impact|p2b: Wo-Chien\n|-enditem|p1a: Persian|Normal Gem|[from] gem\n|-damage|p2b: Wo-Chien|59\/100 brn\n|-mustrecharge|p1a: Persian\n|move|p2a: Glimmora|Power Gem|p1b: Talonflame\n|-supereffective|p1b: Talonflame\n|-damage|p1b: Talonflame|0 fnt\n|faint|p1b: Talonflame\n|\n|-heal|p2b: Wo-Chien|66\/100 brn|[from] item: Leftovers\n|-damage|p1a: Persian|21\/100 psn|[from] psn\n|-damage|p2b: Wo-Chien|59\/100 brn|[from] brn\n|upkeep\n|\n|t:|1682914755\n|switch|p1b: Chi-Yu|Chi-Yu, L50|100\/100\n|-ability|p1b: Chi-Yu|Beads of Ruin\n|turn|4\n|\n|t:|1682914770\n|-terastallize|p1b: Chi-Yu|Grass\n|-terastallize|p2b: Wo-Chien|Water\n|cant|p1a: Persian|recharge\n|move|p1b: Chi-Yu|Heat Wave|p2a: Glimmora|[spread] p2a\n|-miss|p1b: Chi-Yu|p2b: Wo-Chien\n|-resisted|p2a: Glimmora\n|-damage|p2a: Glimmora|59\/100\n|move|p2a: Glimmora|Mortal Spin|p1a: Persian|[spread] p1a,p1b\n|-supereffective|p1b: Chi-Yu\n|-damage|p1a: Persian|14\/100 psn\n|-damage|p1b: Chi-Yu|90\/100\n|-status|p1b: Chi-Yu|psn\n|move|p2b: Wo-Chien|Leech Seed|p1b: Chi-Yu\n|-immune|p1b: Chi-Yu\n|\n|-heal|p2b: Wo-Chien|66\/100 brn|[from] item: Leftovers\n|-damage|p1a: Persian|2\/100 psn|[from] psn\n|-damage|p1b: Chi-Yu|77\/100 psn|[from] psn\n|-damage|p2b: Wo-Chien|59\/100 brn|[from] brn\n|-sideend|p1: fmvtis|move: Tailwind\n|upkeep\n|turn|5\n|inactive|fmvtis has 30 seconds left.\n|\n|t:|1682914795\n|move|p2b: Wo-Chien|Protect|p2b: Wo-Chien\n|-singleturn|p2b: Wo-Chien|Protect\n|move|p1a: Persian|Giga Impact|p2b: Wo-Chien\n|-activate|p2b: Wo-Chien|move: Protect\n|move|p1b: Chi-Yu|Heat Wave|p2b: Wo-Chien|[spread] p2a\n|-activate|p2b: Wo-Chien|move: Protect\n|-resisted|p2a: Glimmora\n|-damage|p2a: Glimmora|18\/100\n|move|p2a: Glimmora|Venoshock|p1b: Chi-Yu\n|-supereffective|p1b: Chi-Yu\n|-damage|p1b: Chi-Yu|0 fnt\n|faint|p1b: Chi-Yu\n|\n|-heal|p2b: Wo-Chien|66\/100 brn|[from] item: Leftovers\n|-damage|p1a: Persian|0 fnt|[from] psn\n|faint|p1a: Persian\n|-damage|p2b: Wo-Chien|59\/100 brn|[from] brn\n|upkeep\n|-message|fmvtis forfeited.\n|\n|win|DoctorTW\n|raw|fmvtis's rating: 1067 → 1050<\/strong> (-17 for losing)\n|raw|DoctorTW's rating: 1116 → 1137<\/strong> (+21 for winning)\n|l|\u203dfmvtis\n","uploadtime":1682914833,"views":15,"p1id":"fmvtis","p2id":"doctortw","formatid":"gen9vgc2023regulationc","rating":1050,"private":0,"password":""}