{"id":"gen9vgc2023regulationc-1856249733","p1":"immatwork","p2":"Breakaway97","format":"[Gen 9] VGC 2023 Regulation C","log":"|j|\u2606immatwork\n|j|\u2606Breakaway97\n|t:|1683044569\n|gametype|doubles\n|player|p1|immatwork|1|1358\n|player|p2|Breakaway97|cynthia-gen4|1458\n|teamsize|p1|6\n|teamsize|p2|6\n|gen|9\n|tier|[Gen 9] VGC 2023 Regulation C\n|rated|\n|rule|Species Clause: Limit one of each Pok\u00e9mon\n|rule|Item Clause: Limit one of each item\n|clearpoke\n|poke|p1|Tyranitar, L50, F|\n|poke|p1|Lycanroc, L50, M|\n|poke|p1|Orthworm, L50, M|\n|poke|p1|Garchomp, L50, M|\n|poke|p1|Gastrodon, L50, F|\n|poke|p1|Cacturne, L50, F|\n|poke|p2|Chien-Pao, L50|\n|poke|p2|Dragonite, L50, M|\n|poke|p2|Talonflame, L50, F|\n|poke|p2|Flutter Mane, L50|\n|poke|p2|Great Tusk, L50|\n|poke|p2|Iron Bundle, L50|\n|teampreview|4\n|\n|t:|1683044655\n|start\n|switch|p1a: Tyranitar|Tyranitar, L50, F|100\/100\n|switch|p1b: Lycanroc|Lycanroc, L50, M|100\/100\n|switch|p2a: Dragonite|Dragonite, L50, M|100\/100\n|switch|p2b: Great Tusk|Great Tusk, L50|100\/100\n|-weather|Sandstorm|[from] ability: Sand Stream|[of] p1a: Tyranitar\n|turn|1\n|\n|t:|1683044677\n|-terastallize|p2a: Dragonite|Normal\n|-terastallize|p1a: Tyranitar|Flying\n|move|p2a: Dragonite|Extreme Speed|p1b: Lycanroc\n|-resisted|p1b: Lycanroc\n|-damage|p1b: Lycanroc|38\/100\n|move|p1b: Lycanroc|Rock Slide|p2a: Dragonite|[spread] p2a,p2b\n|-resisted|p2b: Great Tusk\n|-damage|p2a: Dragonite|73\/100\n|-damage|p2b: Great Tusk|95\/100\n|cant|p2b: Great Tusk|flinch\n|move|p1a: Tyranitar|Rock Slide|p2b: Great Tusk|[spread] p2a,p2b\n|-resisted|p2b: Great Tusk\n|-damage|p2a: Dragonite|49\/100\n|-damage|p2b: Great Tusk|91\/100\n|\n|-weather|Sandstorm|[upkeep]\n|-damage|p2a: Dragonite|43\/100|[from] Sandstorm\n|-damage|p1a: Tyranitar|95\/100|[from] Sandstorm\n|upkeep\n|turn|2\n|\n|t:|1683044719\n|move|p1b: Lycanroc|Endure|p1b: Lycanroc\n|-singleturn|p1b: Lycanroc|move: Endure\n|move|p2a: Dragonite|Extreme Speed|p1a: Tyranitar\n|-damage|p1a: Tyranitar|40\/100\n|move|p2b: Great Tusk|Close Combat|p1b: Lycanroc\n|-supereffective|p1b: Lycanroc\n|-activate|p1b: Lycanroc|move: Endure\n|-damage|p1b: Lycanroc|1\/100\n|-unboost|p2b: Great Tusk|def|1\n|-unboost|p2b: Great Tusk|spd|1\n|move|p1a: Tyranitar|Brick Break|p2a: Dragonite\n|-supereffective|p2a: Dragonite\n|-damage|p2a: Dragonite|0 fnt\n|faint|p2a: Dragonite\n|\n|-weather|Sandstorm|[upkeep]\n|-damage|p1a: Tyranitar|34\/100|[from] Sandstorm\n|upkeep\n|\n|t:|1683044738\n|switch|p2a: Iron Bundle|Iron Bundle, L50|100\/100\n|-enditem|p2a: Iron Bundle|Booster Energy\n|-activate|p2a: Iron Bundle|ability: Quark Drive|[fromitem]\n|-start|p2a: Iron Bundle|quarkdrivespe\n|turn|3\n|\n|t:|1683044749\n|switch|p1a: Gastrodon|Gastrodon, L50, F|100\/100\n|move|p1b: Lycanroc|Rock Slide|p2a: Iron Bundle|[spread] p2a,p2b\n|-supereffective|p2a: Iron Bundle\n|-resisted|p2b: Great Tusk\n|-crit|p2b: Great Tusk\n|-damage|p2a: Iron Bundle|34\/100\n|-damage|p2b: Great Tusk|79\/100\n|move|p2a: Iron Bundle|Icy Wind|p1b: Lycanroc|[spread] p1a,p1b\n|-damage|p1a: Gastrodon|83\/100\n|-damage|p1b: Lycanroc|0 fnt\n|-unboost|p1a: Gastrodon|spe|1\n|faint|p1b: Lycanroc\n|cant|p2b: Great Tusk|flinch\n|\n|-weather|Sandstorm|[upkeep]\n|-damage|p2a: Iron Bundle|28\/100|[from] Sandstorm\n|-heal|p1a: Gastrodon|89\/100|[from] item: Leftovers\n|upkeep\n|\n|t:|1683044764\n|switch|p1b: Tyranitar|Tyranitar, L50, F, tera:Flying|34\/100\n|turn|4\n|\n|t:|1683044774\n|move|p1b: Tyranitar|Protect|p1b: Tyranitar\n|-singleturn|p1b: Tyranitar|Protect\n|move|p2a: Iron Bundle|Freeze-Dry|p1a: Gastrodon\n|-supereffective|p1a: Gastrodon\n|-damage|p1a: Gastrodon|0 fnt\n|faint|p1a: Gastrodon\n|move|p2b: Great Tusk|Close Combat|p1b: Tyranitar\n|-activate|p1b: Tyranitar|move: Protect\n|\n|-weather|Sandstorm|[upkeep]\n|-damage|p2a: Iron Bundle|22\/100|[from] Sandstorm\n|-damage|p1b: Tyranitar|28\/100|[from] Sandstorm\n|upkeep\n|\n|t:|1683044781\n|switch|p1a: Garchomp|Garchomp, L50, M|100\/100\n|turn|5\n|\n|t:|1683044792\n|move|p2a: Iron Bundle|Freeze-Dry|p1a: Garchomp\n|-supereffective|p1a: Garchomp\n|-damage|p1a: Garchomp|0 fnt\n|faint|p1a: Garchomp\n|move|p2b: Great Tusk|Close Combat|p1b: Tyranitar\n|-resisted|p1b: Tyranitar\n|-damage|p1b: Tyranitar|0 fnt\n|-unboost|p2b: Great Tusk|def|1\n|-unboost|p2b: Great Tusk|spd|1\n|faint|p1b: Tyranitar\n|\n|win|Breakaway97\n|raw|immatwork's rating: 1358 → 1344<\/strong> (-14 for losing)\n|raw|Breakaway97's rating: 1458 → 1472<\/strong> (+14 for winning)\n|l|\u2606immatwork\n","uploadtime":1683044804,"views":5,"p1id":"immatwork","p2id":"breakaway97","formatid":"gen9vgc2023regulationc","rating":1344,"private":0,"password":""}