{"id":"gen9vgc2023regulationc-1860793198","p1":"LucaSnivy","p2":"Gero_XDX","format":"[Gen 9] VGC 2023 Regulation C","log":"|j|\u2606LucaSnivy\n|j|\u2606Gero_XDX\n|t:|1683678582\n|gametype|doubles\n|player|p1|LucaSnivy|guitarist|1000\n|player|p2|Gero_XDX|266|1000\n|teamsize|p1|6\n|teamsize|p2|6\n|gen|9\n|tier|[Gen 9] VGC 2023 Regulation C\n|rated|\n|rule|Species Clause: Limit one of each Pok\u00e9mon\n|rule|Item Clause: Limit one of each item\n|clearpoke\n|poke|p1|Dragonite, L50, F|\n|poke|p1|Hydreigon, L50, F|\n|poke|p1|Salamence, L50, M|\n|poke|p1|Tatsugiri, L50, M|\n|poke|p1|Cyclizar, L50, F|\n|poke|p1|Garchomp, L50, F|\n|poke|p2|Iron Hands, L50|\n|poke|p2|Amoonguss, L50, F|\n|poke|p2|Pelipper, L50, F|\n|poke|p2|Palafin, L50, F|\n|poke|p2|Baxcalibur, L50, F|\n|poke|p2|Dragonite, L50, F|\n|teampreview|4\nLucaSnivy rejected open team sheets.\n|\n|t:|1683678602\n|start\n|switch|p1a: Salamence|Salamence, L50, M|100\/100\n|switch|p1b: Cyclizar|Cyclizar, L50, F, shiny|100\/100\n|switch|p2a: Beaker|Pelipper, L50, F|100\/100\n|switch|p2b: Torqoise|Palafin, L50, F|100\/100\n|-ability|p1a: Salamence|Intimidate|boost\n|-unboost|p2a: Beaker|atk|1\n|-unboost|p2b: Torqoise|atk|1\n|-weather|RainDance|[from] ability: Drizzle|[of] p2a: Beaker\n|turn|1\n|\n|t:|1683678633\n|detailschange|p2b: Torqoise|Palafin-Hero, L50, F\n|switch|p2b: Shrom41Mor|Amoonguss, L50, F|100\/100\n|move|p1b: Cyclizar|Shed Tail|p1b: Cyclizar\n|-start|p1b: Cyclizar|Substitute|[from] move: Shed Tail\n|-damage|p1b: Cyclizar|50\/100\n|\n|t:|1683678642\n|switch|p1b: Dragonite|Dragonite, L50, F|100\/100|[from] Shed Tail\n|move|p1a: Salamence|Tailwind|p1a: Salamence\n|-sidestart|p1: LucaSnivy|move: Tailwind\n|move|p2a: Beaker|Tailwind|p2a: Beaker\n|-sidestart|p2: Gero_XDX|move: Tailwind\n|\n|-weather|RainDance|[upkeep]\n|upkeep\n|turn|2\n|\n|t:|1683678661\n|switch|p2a: BlockBuster|Baxcalibur, L50, F|100\/100\n|move|p1a: Salamence|Protect|p1a: Salamence\n|-singleturn|p1a: Salamence|Protect\n|move|p1b: Dragonite|Dragon Dance|p1b: Dragonite\n|-boost|p1b: Dragonite|atk|1\n|-boost|p1b: Dragonite|spe|1\n|move|p2b: Shrom41Mor|Spore|p1a: Salamence\n|-activate|p1a: Salamence|move: Protect\n|\n|-weather|RainDance|[upkeep]\n|upkeep\n|turn|3\n|\n|t:|1683678688\n|move|p1b: Dragonite|Iron Head|p2a: BlockBuster\n|-supereffective|p2a: BlockBuster\n|-damage|p2a: BlockBuster|14\/100\n|move|p1a: Salamence|Outrage|p2a: BlockBuster\n|-supereffective|p2a: BlockBuster\n|-damage|p2a: BlockBuster|0 fnt\n|faint|p2a: BlockBuster\n|move|p2b: Shrom41Mor|Spore||[still]\n|-fail|p2b: Shrom41Mor\n|\n|-weather|RainDance|[upkeep]\n|upkeep\n|\n|t:|1683678699\n|switch|p2a: Torqoise|Palafin-Hero, L50, F|100\/100\n|-activate|p2a: Torqoise|ability: Zero to Hero\n|turn|4\n|\n|t:|1683678706\n|move|p1b: Dragonite|Dragon Dance|p1b: Dragonite\n|-boost|p1b: Dragonite|atk|1\n|-boost|p1b: Dragonite|spe|1\n|move|p1a: Salamence|Outrage|p2a: Torqoise|[from]lockedmove\n|-damage|p2a: Torqoise|51\/100\n|move|p2a: Torqoise|Haze|p2a: Torqoise\n|-clearallboost\n|move|p2b: Shrom41Mor|Spore|p1a: Salamence\n|-activate|p1a: Salamence|item: Safety Goggles|Spore\n|\n|-weather|RainDance|[upkeep]\n|-sideend|p1: LucaSnivy|move: Tailwind\n|-sideend|p2: Gero_XDX|move: Tailwind\n|upkeep\n|turn|5\n|\n|t:|1683678735\n|-terastallize|p2a: Torqoise|Water\n|-terastallize|p1b: Dragonite|Normal\n|move|p1b: Dragonite|Extreme Speed|p2a: Torqoise\n|-damage|p2a: Torqoise|16\/100\n|move|p2b: Shrom41Mor|Rage Powder|p2b: Shrom41Mor\n|-singleturn|p2b: Shrom41Mor|move: Rage Powder\n|move|p2a: Torqoise|Jet Punch|p1b: Dragonite\n|-end|p1b: Dragonite|Substitute\n|move|p1a: Salamence|Outrage|p2a: Torqoise|[from]lockedmove\n|-damage|p2a: Torqoise|0 fnt\n|faint|p2a: Torqoise\n|-start|p1a: Salamence|confusion|[fatigue]\n|\n|-weather|none\n|upkeep\n|\n|t:|1683678750\n|switch|p2a: Beaker|Pelipper, L50, F|100\/100\n|-weather|RainDance|[from] ability: Drizzle|[of] p2a: Beaker\n|turn|6\n|\n|t:|1683678761\n|move|p1b: Dragonite|Extreme Speed|p2a: Beaker\n|-damage|p2a: Beaker|40\/100\n|-activate|p1a: Salamence|confusion\n|-damage|p1a: Salamence|87\/100|[from] confusion\n|move|p2a: Beaker|Hydro Pump|p1b: Dragonite|[miss]\n|-miss|p2a: Beaker|p1b: Dragonite\n|move|p2b: Shrom41Mor|Spore|p1b: Dragonite\n|-status|p1b: Dragonite|slp|[from] move: Spore\n|\n|-weather|RainDance|[upkeep]\n|upkeep\n|turn|7\n|\n|t:|1683678776\n|cant|p1b: Dragonite|slp\n|-activate|p1a: Salamence|confusion\n|move|p1a: Salamence|Outrage|p2b: Shrom41Mor\n|-damage|p2b: Shrom41Mor|47\/100\n|-enditem|p2b: Shrom41Mor|Sitrus Berry|[eat]\n|-heal|p2b: Shrom41Mor|72\/100|[from] item: Sitrus Berry\n|move|p2a: Beaker|Hydro Pump|p1a: Salamence\n|-resisted|p1a: Salamence\n|-damage|p1a: Salamence|46\/100\n|move|p2b: Shrom41Mor|Spore|p1a: Salamence\n|-activate|p1a: Salamence|item: Safety Goggles|Spore\n|\n|-weather|RainDance|[upkeep]\n|upkeep\n|turn|8\n|\n|t:|1683678793\n|-curestatus|p1b: Dragonite|slp|[msg]\n|move|p1b: Dragonite|Extreme Speed|p2a: Beaker\n|-damage|p2a: Beaker|0 fnt\n|faint|p2a: Beaker\n|-activate|p1a: Salamence|confusion\n|move|p1a: Salamence|Outrage|p2b: Shrom41Mor|[from]lockedmove\n|-damage|p2b: Shrom41Mor|17\/100\n|move|p2b: Shrom41Mor|Pollen Puff|p2: Beaker|[notarget]\n|-fail|p2b: Shrom41Mor\n|\n|-weather|RainDance|[upkeep]\n|upkeep\n|turn|9\n|\n|t:|1683678805\n|-end|p1a: Salamence|confusion\n|move|p1a: Salamence|Outrage|p2b: Shrom41Mor|[from]lockedmove\n|-damage|p2b: Shrom41Mor|0 fnt\n|faint|p2b: Shrom41Mor\n|-start|p1a: Salamence|confusion|[fatigue]\n|\n|win|LucaSnivy\n|raw|LucaSnivy's rating: 1000 → 1040<\/strong> (+40 for winning)\n|raw|Gero_XDX's rating: 1000 → 1000<\/strong> (+0 for losing)\n|l|\u2606Gero_XDX\n|j| Peach Pit\n|l| Peach Pit\n","uploadtime":1683682662,"views":11,"p1id":"lucasnivy","p2id":"geroxdx","formatid":"gen9vgc2023regulationc","rating":1000,"private":0,"password":""}