{"id":"gen9vgc2023regulationc-1852255600","p1":"kajashi","p2":"DuelLuna","format":"[Gen 9] VGC 2023 Regulation C","log":"|j|\u2606kajashi\n|j|\u2606DuelLuna\n|t:|1682537227\n|gametype|doubles\n|player|p1|kajashi|n|\n|player|p2|DuelLuna|caitlin|\n|teamsize|p1|6\n|teamsize|p2|6\n|gen|9\n|tier|[Gen 9] VGC 2023 Regulation C\n|rule|Species Clause: Limit one of each Pok\u00e9mon\n|rule|Item Clause: Limit one of each item\n|clearpoke\n|poke|p1|Gyarados, L50, M|\n|poke|p1|Chi-Yu, L50|\n|poke|p1|Iron Hands, L50|\n|poke|p1|Kingambit, L50, M|\n|poke|p1|Amoonguss, L50, F|\n|poke|p1|Flutter Mane, L50|\n|poke|p2|Gholdengo, L50|\n|poke|p2|Maushold, L50|\n|poke|p2|Iron Bundle, L50|\n|poke|p2|Garchomp, L50, F|\n|poke|p2|Talonflame, L50, F|\n|poke|p2|Iron Hands, L50|\n|teampreview|4\nDuelLuna has agreed to open team sheets.\nkajashi has agreed to open team sheets.\n|c|\u2606DuelLuna|Hf\n|c|\u2606kajashi|u2\n|\n|t:|1682537292\n|start\n|switch|p1a: Flutter Mane|Flutter Mane, L50|100\/100\n|switch|p1b: Chi-Yu|Chi-Yu, L50|100\/100\n|switch|p2a: Critical mauss|Maushold, L50|100\/100\n|switch|p2b: Birdy G|Iron Hands, L50|100\/100\n|-ability|p1b: Chi-Yu|Beads of Ruin\n|-enditem|p1a: Flutter Mane|Booster Energy\n|-activate|p1a: Flutter Mane|ability: Protosynthesis|[fromitem]\n|-start|p1a: Flutter Mane|protosynthesisspa\n|turn|1\n|\n|t:|1682537332\n|move|p1b: Chi-Yu|Protect|p1b: Chi-Yu\n|-singleturn|p1b: Chi-Yu|Protect\n|move|p1a: Flutter Mane|Moonblast|p2b: Birdy G\n|-supereffective|p2b: Birdy G\n|-damage|p2b: Birdy G|42\/100\n|move|p2a: Critical mauss|Super Fang|p1b: Chi-Yu\n|-activate|p1b: Chi-Yu|move: Protect\n|move|p2b: Birdy G|Wild Charge|p1a: Flutter Mane\n|-damage|p1a: Flutter Mane|19\/100\n|-damage|p2b: Birdy G|29\/100|[from] Recoil\n|\n|upkeep\n|turn|2\n|\n|t:|1682537365\n|-terastallize|p1b: Chi-Yu|Ghost\n|move|p1a: Flutter Mane|Dazzling Gleam|p2a: Critical mauss|[spread] p2a,p2b\n|-supereffective|p2b: Birdy G\n|-damage|p2a: Critical mauss|47\/100\n|-damage|p2b: Birdy G|0 fnt\n|faint|p2b: Birdy G\n|-end|p2b: Birdy G|Quark Drive|[silent]\n|move|p1b: Chi-Yu|Heat Wave|p2a: Critical mauss\n|-damage|p2a: Critical mauss|0 fnt\n|faint|p2a: Critical mauss\n|\n|upkeep\n|\n|t:|1682537371\n|switch|p2a: Ordinance|Iron Bundle, L50|100\/100\n|switch|p2b: Birdman|Garchomp, L50, F|100\/100\n|-enditem|p2a: Ordinance|Booster Energy\n|-activate|p2a: Ordinance|ability: Quark Drive|[fromitem]\n|-start|p2a: Ordinance|quarkdrivespe\n|turn|3\n|\n|t:|1682537408\n|switch|p1b: Gyarados|Gyarados, L50, M|100\/100\n|-ability|p1b: Gyarados|Intimidate|boost\n|-unboost|p2a: Ordinance|atk|1\n|-unboost|p2b: Birdman|atk|1\n|-terastallize|p2b: Birdman|Fire\n|move|p2a: Ordinance|Protect|p2a: Ordinance\n|-singleturn|p2a: Ordinance|Protect\n|move|p1a: Flutter Mane|Protect|p1a: Flutter Mane\n|-singleturn|p1a: Flutter Mane|Protect\n|move|p2b: Birdman|Earthquake|p1a: Flutter Mane|[spread] \n|-activate|p2a: Ordinance|move: Protect\n|-activate|p1a: Flutter Mane|move: Protect\n|-immune|p1b: Gyarados\n|\n|upkeep\n|turn|4\n|\n|t:|1682537433\n|-end|p1a: Flutter Mane|Protosynthesis|[silent]\n|switch|p1a: Kingambit|Kingambit, L50, M|100\/100\n|move|p2a: Ordinance|Icy Wind|p1b: Gyarados|[spread] p1a,p1b\n|-resisted|p1a: Kingambit\n|-crit|p1a: Kingambit\n|-crit|p1b: Gyarados\n|-damage|p1a: Kingambit|90\/100\n|-damage|p1b: Gyarados|80\/100\n|-unboost|p1a: Kingambit|spe|1\n|-ability|p1a: Kingambit|Defiant|boost\n|-boost|p1a: Kingambit|atk|2\n|-unboost|p1b: Gyarados|spe|1\n|move|p2b: Birdman|Stomping Tantrum|p1b: Gyarados\n|-immune|p1b: Gyarados\n|move|p1b: Gyarados|Thunder Wave|p2a: Ordinance\n|-status|p2a: Ordinance|par\n|\n|upkeep\n|turn|5\n|c|\u2606DuelLuna|I read into a tera that turn\n|c|\u2606DuelLuna|even though you had already teraed\n|c|\u2606DuelLuna|lmao\n|\n|t:|1682537478\n|switch|p1b: Chi-Yu|Chi-Yu, L50, tera:Ghost|100\/100\n|-ability|p1b: Chi-Yu|Beads of Ruin\n|move|p1a: Kingambit|Sucker Punch|p2b: Birdman\n|-damage|p2b: Birdman|25\/100\n|-damage|p1a: Kingambit|78\/100|[from] ability: Rough Skin|[of] p2b: Birdman\n|move|p2b: Birdman|Stomping Tantrum|p1a: Kingambit\n|-supereffective|p1a: Kingambit\n|-damage|p1a: Kingambit|0 fnt\n|faint|p1a: Kingambit\n|-damage|p2b: Birdman|15\/100|[from] item: Life Orb\n|move|p2a: Ordinance|Freeze-Dry|p1b: Chi-Yu\n|-damage|p1b: Chi-Yu|61\/100\n|\n|upkeep\n|\n|t:|1682537493\n|switch|p1a: Gyarados|Gyarados, L50, M|80\/100\n|-ability|p1a: Gyarados|Intimidate|boost\n|-unboost|p2a: Ordinance|atk|1\n|-unboost|p2b: Birdman|atk|1\n|turn|6\n|\n|t:|1682537513\n|move|p2b: Birdman|Stomping Tantrum|p1b: Chi-Yu\n|-damage|p1b: Chi-Yu|17\/100\n|-damage|p2b: Birdman|5\/100|[from] item: Life Orb\n|move|p1b: Chi-Yu|Heat Wave|p2b: Birdman|[spread] p2a,p2b\n|-resisted|p2b: Birdman\n|-crit|p2b: Birdman\n|-damage|p2a: Ordinance|0 fnt\n|-damage|p2b: Birdman|0 fnt\n|faint|p2a: Ordinance\n|-end|p2a: Ordinance|Quark Drive|[silent]\n|faint|p2b: Birdman\n|\n|win|kajashi\n|c|\u2606DuelLuna|Gg\n|c|\u2606kajashi|gg\n|l|\u2606kajashi\n","uploadtime":1682537629,"views":88,"p1id":"kajashi","p2id":"duelluna","formatid":"gen9vgc2023regulationc","rating":0,"private":0,"password":""}