{"id":"gen9vgc2023regulationc-1857272895","p1":"Erinino21","p2":"Tsutox","format":"[Gen 9] VGC 2023 Regulation C","log":"|j|\u2606Erinino21\n|j|\u2606Tsutox\n|t:|1683166259\n|gametype|doubles\n|player|p1|Erinino21|dawn|1198\n|player|p2|Tsutox|hiker|1210\n|teamsize|p1|6\n|teamsize|p2|6\n|gen|9\n|tier|[Gen 9] VGC 2023 Regulation C\n|rated|\n|rule|Species Clause: Limit one of each Pok\u00e9mon\n|rule|Item Clause: Limit one of each item\n|clearpoke\n|poke|p1|Ceruledge, L50, M|\n|poke|p1|Scizor, L50, M|\n|poke|p1|Amoonguss, L50, F|\n|poke|p1|Ting-Lu, L50|\n|poke|p1|Gyarados, L50, F|\n|poke|p1|Flutter Mane, L50|\n|poke|p2|Cetitan, L50, F|\n|poke|p2|Glimmora, L50, M|\n|poke|p2|Chi-Yu, L50|\n|poke|p2|Flutter Mane, L50|\n|poke|p2|Brute Bonnet, L50|\n|poke|p2|Talonflame, L50, F|\n|teampreview|4\nTsutox has agreed to open team sheets.\nErinino21 rejected open team sheets.\n|\n|t:|1683166315\n|start\n|switch|p1a: Flutter Mane|Flutter Mane, L50|100\/100\n|switch|p1b: Gyarados|Gyarados, L50, F, shiny|100\/100\n|switch|p2a: Talonflame|Talonflame, L50, F|100\/100\n|switch|p2b: Glimmora|Glimmora, L50, M|100\/100\n|-ability|p1b: Gyarados|Intimidate|boost\n|-unboost|p2a: Talonflame|atk|1\n|-unboost|p2b: Glimmora|atk|1\n|turn|1\n|\n|t:|1683166336\n|move|p2a: Talonflame|Tailwind|p2a: Talonflame\n|-sidestart|p2: Tsutox|move: Tailwind\n|move|p2b: Glimmora|Mortal Spin|p1b: Gyarados|[spread] p1a,p1b\n|-damage|p1a: Flutter Mane|94\/100\n|-damage|p1b: Gyarados|96\/100\n|-status|p1a: Flutter Mane|psn\n|-status|p1b: Gyarados|psn\n|move|p1a: Flutter Mane|Dazzling Gleam|p2a: Talonflame|[spread] p2a,p2b\n|-resisted|p2a: Talonflame\n|-resisted|p2b: Glimmora\n|-damage|p2a: Talonflame|62\/100\n|-damage|p2b: Glimmora|78\/100\n|move|p1b: Gyarados|Waterfall|p2a: Talonflame\n|-supereffective|p2a: Talonflame\n|-damage|p2a: Talonflame|0 fnt\n|faint|p2a: Talonflame\n|\n|-damage|p1a: Flutter Mane|81\/100 psn|[from] psn\n|-damage|p1b: Gyarados|84\/100 psn|[from] psn\n|upkeep\n|\n|t:|1683166357\n|switch|p2a: Flutter Mane|Flutter Mane, L50|100\/100\n|turn|2\n|\n|t:|1683166365\n|-terastallize|p2a: Flutter Mane|Fairy\n|-terastallize|p1a: Flutter Mane|Fairy\n|move|p2a: Flutter Mane|Dazzling Gleam|p1b: Gyarados|[spread] p1a,p1b\n|-damage|p1a: Flutter Mane|10\/100 psn\n|-damage|p1b: Gyarados|18\/100 psn\n|move|p2b: Glimmora|Power Gem|p1b: Gyarados\n|-supereffective|p1b: Gyarados\n|-damage|p1b: Gyarados|0 fnt\n|faint|p1b: Gyarados\n|move|p1a: Flutter Mane|Dazzling Gleam|p2a: Flutter Mane|[spread] p2a,p2b\n|-crit|p2a: Flutter Mane\n|-resisted|p2b: Glimmora\n|-damage|p2a: Flutter Mane|1\/100\n|-damage|p2b: Glimmora|48\/100\n|\n|-damage|p1a: Flutter Mane|0 fnt|[from] psn\n|faint|p1a: Flutter Mane\n|-end|p1a: Flutter Mane|Protosynthesis|[silent]\n|upkeep\n|\n|t:|1683166385\n|switch|p1a: Ceruledge|Ceruledge, L50, M, shiny|100\/100\n|switch|p1b: Amoonguss|Amoonguss, L50, F|100\/100\n|turn|3\n|\n|t:|1683166396\n|move|p1a: Ceruledge|Shadow Sneak|p2a: Flutter Mane\n|-damage|p2a: Flutter Mane|0 fnt\n|faint|p2a: Flutter Mane\n|-end|p2a: Flutter Mane|Protosynthesis|[silent]\n|-damage|p1a: Ceruledge|91\/100|[from] item: Life Orb\n|move|p2b: Glimmora|Earth Power|p1a: Ceruledge\n|-supereffective|p1a: Ceruledge\n|-damage|p1a: Ceruledge|32\/100\n|move|p1b: Amoonguss|Spore|p2b: Glimmora\n|-status|p2b: Glimmora|slp|[from] move: Spore\n|\n|upkeep\n|\n|t:|1683166403\n|switch|p2a: Brute Bonnet|Brute Bonnet, L50|100\/100\n|turn|4\n|\n|t:|1683166425\n|move|p1a: Ceruledge|Shadow Sneak|p2b: Glimmora\n|-crit|p2b: Glimmora\n|-damage|p2b: Glimmora|0 fnt\n|-activate|p2b: Glimmora|ability: Toxic Debris\n|-sidestart|p1: Erinino21|move: Toxic Spikes\n|faint|p2b: Glimmora\n|-damage|p1a: Ceruledge|22\/100|[from] item: Life Orb\n|move|p2a: Brute Bonnet|Bullet Seed|p1a: Ceruledge\n|-resisted|p1a: Ceruledge\n|-damage|p1a: Ceruledge|14\/100\n|-resisted|p1a: Ceruledge\n|-damage|p1a: Ceruledge|5\/100\n|-resisted|p1a: Ceruledge\n|-damage|p1a: Ceruledge|0 fnt\n|faint|p1a: Ceruledge\n|-hitcount|p1: Ceruledge|3\n|move|p1b: Amoonguss|Pollen Puff|p2a: Brute Bonnet\n|-supereffective|p2a: Brute Bonnet\n|-damage|p2a: Brute Bonnet|38\/100\n|\n|-sideend|p2: Tsutox|move: Tailwind\n|upkeep\n|turn|5\n|\n|t:|1683166448\n|move|p2a: Brute Bonnet|Sucker Punch|p1b: Amoonguss\n|-damage|p1b: Amoonguss|70\/100\n|move|p1b: Amoonguss|Pollen Puff|p2a: Brute Bonnet\n|-supereffective|p2a: Brute Bonnet\n|-damage|p2a: Brute Bonnet|0 fnt\n|faint|p2a: Brute Bonnet\n|-end|p2a: Brute Bonnet|Protosynthesis|[silent]\n|\n|win|Erinino21\n|raw|Erinino21's rating: 1198 → 1224<\/strong> (+26 for winning)\n|raw|Tsutox's rating: 1210 → 1184<\/strong> (-26 for losing)\n|l|\u2606Tsutox\n","uploadtime":1683166457,"views":12,"p1id":"erinino21","p2id":"tsutox","formatid":"gen9vgc2023regulationc","rating":1184,"private":0,"password":""}