{"id":"gen9vgc2023regulationc-1849920587","p1":"Rey9vgc","p2":"Sratsym","format":"[Gen 9] VGC 2023 Regulation C","log":"|j|\u2606Rey9vgc\n|j|\u2606Sratsym\n|t:|1682268242\n|gametype|doubles\n|player|p1|Rey9vgc|265|\n|player|p2|Sratsym|erika-masters|\n|teamsize|p1|6\n|teamsize|p2|6\n|gen|9\n|tier|[Gen 9] VGC 2023 Regulation C\n|rule|Species Clause: Limit one of each Pok\u00e9mon\n|rule|Item Clause: Limit one of each item\n|clearpoke\n|poke|p1|Palafin, L50, F|\n|poke|p1|Arcanine, L50, F|\n|poke|p1|Amoonguss, L50, M|\n|poke|p1|Ting-Lu, L50|\n|poke|p1|Baxcalibur, L50, F|\n|poke|p1|Flutter Mane, L50|\n|poke|p2|Flutter Mane, L50|\n|poke|p2|Palafin, L50, F|\n|poke|p2|Amoonguss, L50, F|\n|poke|p2|Arcanine, L50, F|\n|poke|p2|Ting-Lu, L50|\n|poke|p2|Roaring Moon, L50|\n|teampreview|4\n|inactive|Battle timer is ON: inactive players will automatically lose when time's up. (requested by Sratsym)\n|inactiveoff|Battle timer is now OFF.\nSratsym has agreed to open team sheets.\n|j| billcd\n|j| abhayfive\nRey9vgc has agreed to open team sheets.\n|c|\u2606Rey9vgc|Glhf\n|j| kunal2\n|j| SnorlaxatemyDimSum\n|j| templevgc\n|j| globaleuitdaging\n|j| Svenvgc\n|j| Axior\n|\n|t:|1682268581\n|start\n|switch|p1a: Baxcalibur|Baxcalibur, L50, F|100\/100\n|switch|p1b: Palafin|Palafin, L50, F, shiny|100\/100\n|switch|p2a: Flutter Mane|Flutter Mane, L50|100\/100\n|switch|p2b: Palafin|Palafin, L50, F|100\/100\n|turn|1\n|\n|t:|1682268608\n|detailschange|p1b: Palafin|Palafin-Hero, L50, F, shiny\n|switch|p1b: Amoonguss|Amoonguss, L50, M|100\/100\n|-terastallize|p2b: Palafin|Water\n|move|p1a: Baxcalibur|Protect|p1a: Baxcalibur\n|-singleturn|p1a: Baxcalibur|Protect\n|move|p2a: Flutter Mane|Shadow Ball|p1a: Baxcalibur\n|-activate|p1a: Baxcalibur|move: Protect\n|move|p2b: Palafin|Wave Crash|p1a: Baxcalibur\n|-activate|p1a: Baxcalibur|move: Protect\n|\n|upkeep\n|turn|2\n|\n|t:|1682268629\n|-end|p2a: Flutter Mane|Protosynthesis|[silent]\n|switch|p2a: Arcanine|Arcanine, L50, F|100\/100\n|-ability|p2a: Arcanine|Intimidate|boost\n|-fail|p1a: Baxcalibur|unboost|[from] item: Clear Amulet|[of] p1a: Baxcalibur\n|-unboost|p1b: Amoonguss|atk|1\n|detailschange|p2b: Palafin|Palafin-Hero, L50, F, tera:Water\n|switch|p2b: Amoonguss|Amoonguss, L50, F|100\/100\n|move|p1b: Amoonguss|Rage Powder|p1b: Amoonguss\n|-singleturn|p1b: Amoonguss|move: Rage Powder\n|move|p1a: Baxcalibur|Icicle Crash|p2a: Arcanine\n|-resisted|p2a: Arcanine\n|-damage|p2a: Arcanine|74\/100\n|\n|upkeep\n|turn|3\n|j| pokeway96\n|\n|t:|1682268673\n|switch|p1a: Arcanine|Arcanine, L50, F|100\/100\n|-ability|p1a: Arcanine|Intimidate|boost\n|-unboost|p2a: Arcanine|atk|1\n|-unboost|p2b: Amoonguss|atk|1\n|switch|p1b: Palafin|Palafin-Hero, L50, F, shiny|100\/100\n|-activate|p1b: Palafin|ability: Zero to Hero\n|move|p2a: Arcanine|Will-O-Wisp|p1b: Palafin\n|-status|p1b: Palafin|brn\n|move|p2b: Amoonguss|Spore|p1a: Arcanine\n|-activate|p1a: Arcanine|item: Safety Goggles|Spore\n|\n|-damage|p1b: Palafin|95\/100 brn|[from] brn\n|upkeep\n|turn|4\n|\n|t:|1682268716\n|switch|p2b: Palafin|Palafin-Hero, L50, F, tera:Water|100\/100\n|-activate|p2b: Palafin|ability: Zero to Hero\n|move|p2a: Arcanine|Protect|p2a: Arcanine\n|-singleturn|p2a: Arcanine|Protect\n|move|p1a: Arcanine|Will-O-Wisp|p2a: Arcanine\n|-activate|p2a: Arcanine|move: Protect\n|move|p1b: Palafin|Wave Crash|p2a: Arcanine\n|-activate|p2a: Arcanine|move: Protect\n|\n|-damage|p1b: Palafin|89\/100 brn|[from] brn\n|upkeep\n|turn|5\n|j| Tekagt\n|j| MSI2023\n|\n|t:|1682268734\n|switch|p2b: Amoonguss|Amoonguss, L50, F|100\/100\n|switch|p1b: Amoonguss|Amoonguss, L50, M|100\/100\n|move|p1a: Arcanine|Protect|p1a: Arcanine\n|-singleturn|p1a: Arcanine|Protect\n|move|p2a: Arcanine|Flare Blitz|p1a: Arcanine\n|-activate|p1a: Arcanine|move: Protect\n|\n|upkeep\n|turn|6\n|j| duckpond\n|l| kunal2\n|j| kunal2\n|\n|t:|1682268769\n|switch|p1b: Palafin|Palafin-Hero, L50, F, shiny|89\/100 brn\n|move|p2a: Arcanine|Flare Blitz|p1b: Palafin\n|-resisted|p1b: Palafin\n|-damage|p1b: Palafin|75\/100 brn\n|-damage|p2a: Arcanine|69\/100|[from] Recoil\n|move|p1a: Arcanine|Howl|p1a: Arcanine|[spread] p1a,p1b\n|-boost|p1a: Arcanine|atk|1\n|-boost|p1b: Palafin|atk|1\n|move|p2b: Amoonguss|Pollen Puff|p2a: Arcanine\n|-heal|p2a: Arcanine|100\/100\n|\n|-damage|p1b: Palafin|69\/100 brn|[from] brn\n|upkeep\n|turn|7\n|\n|t:|1682268803\n|switch|p2a: Palafin|Palafin-Hero, L50, F, tera:Water|100\/100\n|move|p2b: Amoonguss|Protect|p2b: Amoonguss\n|-singleturn|p2b: Amoonguss|Protect\n|move|p1a: Arcanine|Flare Blitz|p2b: Amoonguss\n|-activate|p2b: Amoonguss|move: Protect\n|move|p1b: Palafin|Wave Crash|p2a: Palafin\n|-resisted|p2a: Palafin\n|-damage|p2a: Palafin|70\/100\n|-damage|p1b: Palafin|60\/100 brn|[from] Recoil\n|\n|-damage|p1b: Palafin|54\/100 brn|[from] brn\n|upkeep\n|turn|8\n|j| Dunkler Georg\n|\n|t:|1682268864\n|switch|p1b: Amoonguss|Amoonguss, L50, M|100\/100\n|switch|p2b: Arcanine|Arcanine, L50, F|100\/100\n|-ability|p2b: Arcanine|Intimidate|boost\n|-unboost|p1a: Arcanine|atk|1\n|-unboost|p1b: Amoonguss|atk|1\n|-terastallize|p1a: Arcanine|Flying\n|move|p2a: Palafin|Jet Punch|p1a: Arcanine\n|-damage|p1a: Arcanine|33\/100\n|move|p1a: Arcanine|Will-O-Wisp|p2a: Palafin\n|-status|p2a: Palafin|brn\n|\n|-damage|p2a: Palafin|64\/100 brn|[from] brn\n|upkeep\n|turn|9\n|j| Pokemon19385\n|\n|t:|1682268958\n|switch|p1a: Palafin|Palafin-Hero, L50, F, shiny|54\/100 brn\n|switch|p2a: Flutter Mane|Flutter Mane, L50|100\/100\n|move|p2b: Arcanine|Flare Blitz|p1b: Amoonguss\n|-supereffective|p1b: Amoonguss\n|-damage|p1b: Amoonguss|23\/100\n|-enditem|p1b: Amoonguss|Sitrus Berry|[eat]\n|-heal|p1b: Amoonguss|48\/100|[from] item: Sitrus Berry\n|-damage|p2b: Arcanine|72\/100|[from] Recoil\n|move|p1b: Amoonguss|Pollen Puff|p1a: Palafin\n|-heal|p1a: Palafin|100\/100 brn\n|\n|-damage|p1a: Palafin|95\/100 brn|[from] brn\n|upkeep\n|turn|10\n|l| MSI2023\n|\n|t:|1682269057\n|switch|p2b: Amoonguss|Amoonguss, L50, F|100\/100\n|move|p2a: Flutter Mane|Shadow Ball|p1b: Amoonguss\n|-damage|p1b: Amoonguss|3\/100\n|-unboost|p1b: Amoonguss|spd|1\n|move|p1a: Palafin|Wave Crash|p2a: Flutter Mane\n|-damage|p2a: Flutter Mane|28\/100\n|-damage|p1a: Palafin|77\/100 brn|[from] Recoil\n|move|p1b: Amoonguss|Spore|p2a: Flutter Mane\n|-status|p2a: Flutter Mane|slp|[from] move: Spore\n|\n|-damage|p1a: Palafin|71\/100 brn|[from] brn\n|upkeep\n|turn|11\n|l| Pokemon19385\n|j| InkVG\n|j| DisneyLando\n|\n|t:|1682269098\n|switch|p1b: Arcanine|Arcanine, L50, F, tera:Flying|33\/100\n|-ability|p1b: Arcanine|Intimidate|boost\n|-unboost|p2a: Flutter Mane|atk|1\n|-unboost|p2b: Amoonguss|atk|1\n|cant|p2a: Flutter Mane|slp\n|move|p1a: Palafin|Wave Crash|p2a: Flutter Mane\n|-damage|p2a: Flutter Mane|0 fnt\n|faint|p2a: Flutter Mane\n|-end|p2a: Flutter Mane|Protosynthesis|[silent]\n|-damage|p1a: Palafin|64\/100 brn|[from] Recoil\n|move|p2b: Amoonguss|Pollen Puff|p1b: Arcanine\n|-resisted|p1b: Arcanine\n|-damage|p1b: Arcanine|24\/100\n|\n|-damage|p1a: Palafin|58\/100 brn|[from] brn\n|upkeep\n|\n|t:|1682269102\n|switch|p2a: Palafin|Palafin-Hero, L50, F, tera:Water|64\/100 brn\n|turn|12\n|\n|t:|1682269146\n|switch|p1b: Amoonguss|Amoonguss, L50, M|36\/100\n|move|p1a: Palafin|Protect|p1a: Palafin\n|-singleturn|p1a: Palafin|Protect\n|move|p2a: Palafin|Jet Punch|p1b: Amoonguss\n|-resisted|p1b: Amoonguss\n|-damage|p1b: Amoonguss|23\/100\n|move|p2b: Amoonguss|Pollen Puff|p2a: Palafin\n|-heal|p2a: Palafin|100\/100 brn\n|\n|-damage|p2a: Palafin|94\/100 brn|[from] brn\n|-damage|p1a: Palafin|52\/100 brn|[from] brn\n|upkeep\n|turn|13\n|l| DisneyLando\n|\n|t:|1682269192\n|switch|p1a: Arcanine|Arcanine, L50, F, tera:Flying|24\/100\n|-ability|p1a: Arcanine|Intimidate|boost\n|-unboost|p2a: Palafin|atk|1\n|-unboost|p2b: Amoonguss|atk|1\n|move|p2a: Palafin|Wave Crash|p1b: Amoonguss\n|-resisted|p1b: Amoonguss\n|-damage|p1b: Amoonguss|6\/100\n|-damage|p2a: Palafin|88\/100 brn|[from] Recoil\n|move|p2b: Amoonguss|Spore|p1a: Arcanine\n|-activate|p1a: Arcanine|item: Safety Goggles|Spore\n|move|p1b: Amoonguss|Pollen Puff|p1a: Arcanine\n|-heal|p1a: Arcanine|74\/100\n|\n|-damage|p2a: Palafin|82\/100 brn|[from] brn\n|upkeep\n|turn|14\n|j| zardicharvgc\n|\n|t:|1682269230\n|switch|p1b: Baxcalibur|Baxcalibur, L50, F|100\/100\n|move|p1a: Arcanine|Howl|p1a: Arcanine|[spread] p1a,p1b\n|-boost|p1a: Arcanine|atk|1\n|-boost|p1b: Baxcalibur|atk|1\n|move|p2a: Palafin|Wave Crash|p1a: Arcanine\n|-damage|p1a: Arcanine|30\/100\n|-damage|p2a: Palafin|67\/100 brn|[from] Recoil\n|move|p2b: Amoonguss|Spore|p1b: Baxcalibur\n|-status|p1b: Baxcalibur|slp|[from] move: Spore\n|\n|-damage|p2a: Palafin|61\/100 brn|[from] brn\n|upkeep\n|turn|15\n|\n|t:|1682269264\n|switch|p2a: Arcanine|Arcanine, L50, F|72\/100\n|-ability|p2a: Arcanine|Intimidate|boost\n|-unboost|p1a: Arcanine|atk|1\n|-fail|p1b: Baxcalibur|unboost|[from] item: Clear Amulet|[of] p1b: Baxcalibur\n|move|p1a: Arcanine|Flare Blitz|p2b: Amoonguss\n|-supereffective|p2b: Amoonguss\n|-damage|p2b: Amoonguss|12\/100\n|-enditem|p2b: Amoonguss|Sitrus Berry|[eat]\n|-heal|p2b: Amoonguss|37\/100|[from] item: Sitrus Berry\n|-damage|p1a: Arcanine|0 fnt|[from] Recoil\n|faint|p1a: Arcanine\n|cant|p1b: Baxcalibur|slp\n|move|p2b: Amoonguss|Pollen Puff|p1b: Baxcalibur\n|-damage|p1b: Baxcalibur|85\/100 slp\n|\n|upkeep\n|\n|t:|1682269314\n|switch|p1a: Amoonguss|Amoonguss, L50, M|39\/100\n|turn|16\n|\n|t:|1682269324\n|move|p2a: Arcanine|Flare Blitz|p1b: Baxcalibur\n|-damage|p1b: Baxcalibur|47\/100 slp\n|-ability|p1b: Baxcalibur|Thermal Exchange|boost\n|-boost|p1b: Baxcalibur|atk|1\n|-damage|p2a: Arcanine|57\/100|[from] Recoil\n|-curestatus|p1b: Baxcalibur|slp|[msg]\n|move|p1b: Baxcalibur|Glaive Rush|p2b: Amoonguss\n|-damage|p2b: Amoonguss|0 fnt\n|-singlemove|p1b: Baxcalibur|Glaive Rush|[silent]\n|faint|p2b: Amoonguss\n|move|p1a: Amoonguss|Pollen Puff|p1b: Baxcalibur\n|-heal|p1b: Baxcalibur|97\/100\n|\n|upkeep\n|\n|t:|1682269334\n|switch|p2b: Palafin|Palafin-Hero, L50, F, tera:Water|61\/100 brn\n|turn|17\n|\n|t:|1682269349\n|switch|p1a: Palafin|Palafin-Hero, L50, F, shiny|52\/100 brn\n|move|p1b: Baxcalibur|Protect|p1b: Baxcalibur\n|-singleturn|p1b: Baxcalibur|Protect\n|move|p2a: Arcanine|Flare Blitz|p1b: Baxcalibur\n|-activate|p1b: Baxcalibur|move: Protect\n|move|p2b: Palafin|Wave Crash|p1b: Baxcalibur\n|-activate|p1b: Baxcalibur|move: Protect\n|\n|-damage|p2b: Palafin|55\/100 brn|[from] brn\n|-damage|p1a: Palafin|46\/100 brn|[from] brn\n|upkeep\n|turn|18\n|c|\u2606Sratsym|gg\n|-message|Sratsym forfeited.\n|\n|win|Rey9vgc\n|l| Axior\n|l| billcd\n|l| SnorlaxatemyDimSum\n|c|\u2606Rey9vgc|Ggs\n|l| zardicharvgc\n|j| baaaaat_\n|l|\u2606Rey9vgc\n|l| baaaaat_\n|l| pokeway96\n|l| kunal2\n|l|\u2606Sratsym\n|j|\u2606Rey9vgc\n|player|p1|Rey9vgc|265\n|l|\u2606Rey9vgc\n|player|p1|\n|j|\u2606Rey9vgc\n|player|p1|Rey9vgc|265\n","uploadtime":1682269406,"views":6,"p1id":"rey9vgc","p2id":"sratsym","formatid":"gen9vgc2023regulationc","rating":0,"private":0,"password":""}