{"id":"gen9vgc2023regulationc-1847046624","p1":"RitmanTesting1","p2":"MadMat48","format":"[Gen 9] VGC 2023 Regulation C","log":"|j|\u2606RitmanTesting1\n|j|\u2606MadMat48\n|t:|1681914594\n|gametype|doubles\n|player|p1|RitmanTesting1|byron|\n|player|p2|MadMat48|lance|\n|teamsize|p1|6\n|teamsize|p2|6\n|gen|9\n|tier|[Gen 9] VGC 2023 Regulation C\n|rated|Tournament battle\n|rule|Species Clause: Limit one of each Pok\u00e9mon\n|rule|Item Clause: Limit one of each item\n|clearpoke\n|poke|p1|Chi-Yu, L50|\n|poke|p1|Flutter Mane, L50|\n|poke|p1|Gyarados, L50, F|\n|poke|p1|Brute Bonnet, L50|\n|poke|p1|Baxcalibur, L50, M|\n|poke|p1|Glimmora, L50, F|\n|poke|p2|Scizor, L50, M|\n|poke|p2|Gyarados, L50, M|\n|poke|p2|Ting-Lu, L50|\n|poke|p2|Flutter Mane, L50|\n|poke|p2|Braviary, L50, M|\n|poke|p2|Amoonguss, L50, F|\n|teampreview|4\n|raw| Open Team Sheet for RitmanTesting1<\/summary>Chi-Yu @ Focus Sash Ability: Beads of Ruin Level: 50 Tera Type: Fire - Heat Wave - Dark Pulse - Psychic - Protect Flutter Mane @ Booster Energy Ability: Protosynthesis Level: 50 Tera Type: Fairy - Dazzling Gleam - Shadow Ball - Moonblast - Protect Gyarados @ Safety Goggles Ability: Intimidate Level: 50 Tera Type: Flying - Waterfall - Ice Fang - Dragon Dance - Protect Brute Bonnet @ Sitrus Berry Ability: Protosynthesis Level: 50 Tera Type: Poison - Seed Bomb - Sucker Punch - Rage Powder - Spore Baxcalibur @ Loaded Dice Ability: Thermal Exchange Level: 50 Tera Type: Poison - Ice Shard - Glaive Rush - Icicle Spear - Protect Glimmora @ Assault Vest Ability: Toxic Debris Level: 50 Tera Type: Grass - Mortal Spin - Sludge Bomb - Power Gem - Earth Power <\/details><\/div> Open Team Sheet for MadMat48<\/summary>Scizor (M) @ Choice Band Ability: Technician Level: 50 Tera Type: Fire - Bullet Punch - U-turn - Close Combat - Tera Blast Gyarados (M) @ Lum Berry Ability: Intimidate Level: 50 Tera Type: Steel - Waterfall - Iron Head - Thunder Wave - Taunt Ting-Lu @ Assault Vest Ability: Vessel of Ruin Level: 50 Tera Type: Water - Earthquake - Stomping Tantrum - Rock Tomb - Heavy Slam Flutter Mane @ Booster Energy Ability: Protosynthesis Level: 50 Tera Type: Grass - Moonblast - Shadow Ball - Thunderbolt - Protect Braviary (M) @ Sitrus Berry Ability: Defiant Level: 50 Tera Type: Normal - Brave Bird - Facade - Tailwind - Protect Amoonguss (F) @ Rocky Helmet Ability: Regenerator Level: 50 Tera Type: Water - Spore - Rage Powder - Clear Smog - Pollen Puff <\/details><\/div>\n|inactive|Battle timer is ON: inactive players will automatically lose when time's up. (requested by MadMat48)\n|inactive|RitmanTesting1 has 60 seconds left.\n|inactive|MadMat48 has 60 seconds left.\n|inactive|RitmanTesting1 has 30 seconds left.\n|inactive|RitmanTesting1 has 20 seconds left.\n|\n|t:|1681914666\n|start\n|switch|p1a: Baxcalibur|Baxcalibur, L50, M|100\/100\n|switch|p1b: Chi-Yu|Chi-Yu, L50|100\/100\n|switch|p2a: Scizor|Scizor, L50, M|100\/100\n|switch|p2b: Ting-Lu|Ting-Lu, L50|100\/100\n|-ability|p1b: Chi-Yu|Beads of Ruin\n|-ability|p2b: Ting-Lu|Vessel of Ruin\n|turn|1\n|inactive|MadMat48 has 30 seconds left.\n|\n|t:|1681914691\n|switch|p2a: Gyarados|Gyarados, L50, M|100\/100\n|-ability|p2a: Gyarados|Intimidate|boost\n|-unboost|p1a: Baxcalibur|atk|1\n|-unboost|p1b: Chi-Yu|atk|1\n|-terastallize|p2b: Ting-Lu|Water\n|move|p1b: Chi-Yu|Protect|p1b: Chi-Yu\n|-singleturn|p1b: Chi-Yu|Protect\n|move|p1a: Baxcalibur|Protect|p1a: Baxcalibur\n|-singleturn|p1a: Baxcalibur|Protect\n|move|p2b: Ting-Lu|Earthquake|p1b: Chi-Yu|[spread] \n|-activate|p1a: Baxcalibur|move: Protect\n|-activate|p1b: Chi-Yu|move: Protect\n|-immune|p2a: Gyarados\n|\n|upkeep\n|turn|2\n|inactive|RitmanTesting1 has 30 seconds left.\n|inactive|MadMat48 has 30 seconds left.\n|\n|t:|1681914724\n|move|p1b: Chi-Yu|Psychic|p2a: Gyarados\n|-damage|p2a: Gyarados|72\/100\n|move|p2a: Gyarados|Thunder Wave|p1a: Baxcalibur\n|-status|p1a: Baxcalibur|par\n|move|p2b: Ting-Lu|Rock Tomb|p1b: Chi-Yu\n|-supereffective|p1b: Chi-Yu\n|-damage|p1b: Chi-Yu|34\/100\n|-unboost|p1b: Chi-Yu|spe|1\n|move|p1a: Baxcalibur|Icicle Spear|p2a: Gyarados\n|-damage|p2a: Gyarados|62\/100\n|-damage|p2a: Gyarados|52\/100\n|-damage|p2a: Gyarados|42\/100\n|-damage|p2a: Gyarados|32\/100\n|-hitcount|p2a: Gyarados|4\n|\n|upkeep\n|turn|3\n|\n|t:|1681914744\n|move|p1b: Chi-Yu|Protect|p1b: Chi-Yu\n|-singleturn|p1b: Chi-Yu|Protect\n|move|p2a: Gyarados|Iron Head|p1a: Baxcalibur\n|-supereffective|p1a: Baxcalibur\n|-damage|p1a: Baxcalibur|61\/100 par\n|move|p2b: Ting-Lu|Earthquake|p1b: Chi-Yu|[spread] p1a\n|-activate|p1b: Chi-Yu|move: Protect\n|-immune|p2a: Gyarados\n|-damage|p1a: Baxcalibur|29\/100 par\n|move|p1a: Baxcalibur|Icicle Spear|p2a: Gyarados\n|-damage|p2a: Gyarados|22\/100\n|-damage|p2a: Gyarados|13\/100\n|-damage|p2a: Gyarados|3\/100\n|-damage|p2a: Gyarados|0 fnt\n|faint|p2a: Gyarados\n|-hitcount|p2: Gyarados|4\n|\n|upkeep\n|\n|t:|1681914760\n|switch|p2a: Flutter Mane|Flutter Mane, L50|100\/100\n|-enditem|p2a: Flutter Mane|Booster Energy\n|-activate|p2a: Flutter Mane|ability: Protosynthesis|[fromitem]\n|-start|p2a: Flutter Mane|protosynthesisspa\n|turn|4\n|\n|t:|1681914770\n|move|p2a: Flutter Mane|Protect|p2a: Flutter Mane\n|-singleturn|p2a: Flutter Mane|Protect\n|move|p1b: Chi-Yu|Heat Wave|p2a: Flutter Mane|[spread] p2b\n|-activate|p2a: Flutter Mane|move: Protect\n|-resisted|p2b: Ting-Lu\n|-damage|p2b: Ting-Lu|91\/100\n|move|p2b: Ting-Lu|Earthquake|p1b: Chi-Yu|[spread] p1a,p1b\n|-activate|p2a: Flutter Mane|move: Protect\n|-supereffective|p1b: Chi-Yu\n|-damage|p1a: Baxcalibur|0 fnt\n|-damage|p1b: Chi-Yu|0 fnt\n|faint|p1a: Baxcalibur\n|faint|p1b: Chi-Yu\n|\n|upkeep\n|\n|t:|1681914775\n|switch|p1b: Brute Bonnet|Brute Bonnet, L50|100\/100\n|switch|p1a: Glimmora|Glimmora, L50, F|100\/100\n|turn|5\n|inactive|MadMat48 has 30 seconds left.\n|inactive|MadMat48 has 20 seconds left.\n|inactive|MadMat48 has 15 seconds left.\n|inactive|MadMat48 has 10 seconds left.\n|\n|t:|1681914820\n|-terastallize|p1a: Glimmora|Grass\n|move|p1b: Brute Bonnet|Sucker Punch|p2a: Flutter Mane\n|-damage|p2a: Flutter Mane|50\/100\n|move|p2a: Flutter Mane|Moonblast|p1b: Brute Bonnet\n|-supereffective|p1b: Brute Bonnet\n|-damage|p1b: Brute Bonnet|37\/100\n|-enditem|p1b: Brute Bonnet|Sitrus Berry|[eat]\n|-heal|p1b: Brute Bonnet|62\/100|[from] item: Sitrus Berry\n|move|p1a: Glimmora|Sludge Bomb|p2a: Flutter Mane\n|-damage|p2a: Flutter Mane|19\/100\n|move|p2b: Ting-Lu|Earthquake|p1b: Brute Bonnet|[spread] p2a,p1a,p1b\n|-resisted|p1a: Glimmora\n|-resisted|p1b: Brute Bonnet\n|-damage|p2a: Flutter Mane|0 fnt\n|-damage|p1a: Glimmora|81\/100\n|-damage|p1b: Brute Bonnet|48\/100\n|-activate|p1a: Glimmora|ability: Toxic Debris\n|-sidestart|p2: MadMat48|move: Toxic Spikes\n|faint|p2a: Flutter Mane\n|-end|p2a: Flutter Mane|Protosynthesis|[silent]\n|\n|upkeep\n|\n|t:|1681914837\n|switch|p2a: Scizor|Scizor, L50, M|100\/100\n|turn|6\n|\n|t:|1681914848\n|move|p1a: Glimmora|Power Gem|p2a: Scizor\n|-damage|p2a: Scizor|58\/100\n|move|p2a: Scizor|U-turn|p1b: Brute Bonnet\n|-supereffective|p1b: Brute Bonnet\n|-damage|p1b: Brute Bonnet|0 fnt\n|faint|p1b: Brute Bonnet\n|-end|p1b: Brute Bonnet|Protosynthesis|[silent]\n|move|p2b: Ting-Lu|Rock Tomb|p1a: Glimmora\n|-damage|p1a: Glimmora|59\/100\n|-unboost|p1a: Glimmora|spe|1\n|-activate|p1a: Glimmora|ability: Toxic Debris\n|-sidestart|p2: MadMat48|move: Toxic Spikes\n|\n|upkeep\n|turn|7\n|\n|t:|1681914862\n|move|p2a: Scizor|U-turn|p1a: Glimmora\n|-supereffective|p1a: Glimmora\n|-damage|p1a: Glimmora|0 fnt\n|faint|p1a: Glimmora\n|\n|win|MadMat48\n|n|\u2606RitmanTesting1|ritmantesting1\n|n|\u2606MadMat48|madmat48\n|c|\u2606RitmanTesting1|gg\n|c|\u2606MadMat48|gg\n|l|\u2606RitmanTesting1\n|l|\u2606MadMat48\n|j|\u2606RitmanTesting1\n|player|p1|RitmanTesting1|byron\n","uploadtime":1681914884,"views":8,"p1id":"ritmantesting1","p2id":"madmat48","formatid":"gen9vgc2023regulationc","rating":0,"private":0,"password":""}