{"id":"gen9vgc2023regulationc-1859614410","p1":"Aizenora","p2":"darthnius","format":"[Gen 9] VGC 2023 Regulation C","log":"|j|\u2606Aizenora\n|j|\u2606darthnius\n|t:|1683548997\n|gametype|doubles\n|player|p1|Aizenora|170|1623\n|player|p2|darthnius|volkner|1673\n|teamsize|p1|6\n|teamsize|p2|6\n|gen|9\n|tier|[Gen 9] VGC 2023 Regulation C\n|rated|\n|rule|Species Clause: Limit one of each Pok\u00e9mon\n|rule|Item Clause: Limit one of each item\n|clearpoke\n|poke|p1|Ceruledge, L50, F|\n|poke|p1|Gothitelle, L50, M|\n|poke|p1|Flutter Mane, L50|\n|poke|p1|Iron Bundle, L50|\n|poke|p1|Gyarados, L50, M|\n|poke|p1|Ting-Lu, L50|\n|poke|p2|Murkrow, L50, F|\n|poke|p2|Chi-Yu, L50|\n|poke|p2|Flutter Mane, L50|\n|poke|p2|Great Tusk, L50|\n|poke|p2|Brute Bonnet, L50|\n|poke|p2|Corviknight, L50, F|\n|teampreview|4\nAizenora has agreed to open team sheets.\ndarthnius has agreed to open team sheets.\n|j| shanehuang99\n|inactive|Battle timer is ON: inactive players will automatically lose when time's up. (requested by Aizenora)\n|inactive|darthnius has 60 seconds left.\n|j| SamMap\n|\n|t:|1683549080\n|start\n|switch|p1a: Ceruledge|Ceruledge, L50, F|100\/100\n|switch|p1b: Gothitelle|Gothitelle, L50, M|100\/100\n|switch|p2a: Corviknight|Corviknight, L50, F|100\/100\n|switch|p2b: Flutter Mane|Flutter Mane, L50|100\/100\n|turn|1\n|inactive|Aizenora has 30 seconds left.\n|inactive|Aizenora has 20 seconds left.\n|inactive|darthnius has 30 seconds left.\n|inactive|Aizenora has 15 seconds left.\n|inactive|Aizenora has 10 seconds left.\n|\n|t:|1683549126\n|-terastallize|p1a: Ceruledge|Grass\n|move|p1b: Gothitelle|Fake Out|p2a: Corviknight\n|-resisted|p2a: Corviknight\n|-damage|p2a: Corviknight|98\/100\n|move|p2b: Flutter Mane|Dazzling Gleam|p1b: Gothitelle|[spread] p1a,p1b\n|-damage|p1a: Ceruledge|54\/100\n|-damage|p1b: Gothitelle|63\/100\n|move|p1a: Ceruledge|Bitter Blade|p2b: Flutter Mane\n|-damage|p2b: Flutter Mane|11\/100\n|-heal|p1a: Ceruledge|88\/100|[from] drain|[of] p2b: Flutter Mane\n|cant|p2a: Corviknight|flinch\n|\n|upkeep\n|turn|2\n|inactive|Aizenora has 30 seconds left.\n|inactive|Aizenora has 20 seconds left.\n|\n|t:|1683549163\n|-end|p2b: Flutter Mane|Protosynthesis|[silent]\n|switch|p2b: Brute Bonnet|Brute Bonnet, L50|100\/100\n|move|p1a: Ceruledge|Bitter Blade|p2a: Corviknight\n|-supereffective|p2a: Corviknight\n|-damage|p2a: Corviknight|18\/100\n|-heal|p1a: Ceruledge|100\/100|[from] drain|[of] p2a: Corviknight\n|move|p2a: Corviknight|Brave Bird|p1a: Ceruledge\n|-supereffective|p1a: Ceruledge\n|-damage|p1a: Ceruledge|0 fnt\n|faint|p1a: Ceruledge\n|-damage|p2a: Corviknight|0 fnt|[from] Recoil\n|faint|p2a: Corviknight\n|move|p1b: Gothitelle|Psychic|p2b: Brute Bonnet\n|-immune|p2b: Brute Bonnet\n|\n|upkeep\n|\n|t:|1683549184\n|switch|p1a: Flutter Mane|Flutter Mane, L50|100\/100\n|switch|p2a: Flutter Mane|Flutter Mane, L50|11\/100\n|turn|3\n|\n|t:|1683549209\n|-terastallize|p2a: Flutter Mane|Fairy\n|move|p2b: Brute Bonnet|Sucker Punch|p1a: Flutter Mane\n|-damage|p1a: Flutter Mane|41\/100\n|move|p2a: Flutter Mane|Dazzling Gleam|p1a: Flutter Mane|[spread] p1a,p1b\n|-damage|p1a: Flutter Mane|0 fnt\n|-damage|p1b: Gothitelle|14\/100\n|faint|p1a: Flutter Mane\n|-end|p1a: Flutter Mane|Protosynthesis|[silent]\n|move|p1b: Gothitelle|Heal Pulse|p1: Flutter Mane|[notarget]\n|-fail|p1b: Gothitelle\n|\n|upkeep\n|\n|t:|1683549215\n|switch|p1a: Ting-Lu|Ting-Lu, L50|100\/100\n|-ability|p1a: Ting-Lu|Vessel of Ruin\n|turn|4\n|\n|t:|1683549227\n|move|p1b: Gothitelle|Protect|p1b: Gothitelle\n|-singleturn|p1b: Gothitelle|Protect\n|move|p2a: Flutter Mane|Dazzling Gleam|p1a: Ting-Lu|[spread] p1a\n|-activate|p1b: Gothitelle|move: Protect\n|-supereffective|p1a: Ting-Lu\n|-damage|p1a: Ting-Lu|58\/100\n|move|p2b: Brute Bonnet|Bullet Seed|p1a: Ting-Lu\n|-supereffective|p1a: Ting-Lu\n|-damage|p1a: Ting-Lu|42\/100\n|-supereffective|p1a: Ting-Lu\n|-damage|p1a: Ting-Lu|26\/100\n|-supereffective|p1a: Ting-Lu\n|-damage|p1a: Ting-Lu|11\/100\n|-supereffective|p1a: Ting-Lu\n|-crit|p1a: Ting-Lu\n|-damage|p1a: Ting-Lu|0 fnt\n|faint|p1a: Ting-Lu\n|-hitcount|p1: Ting-Lu|4\n|\n|upkeep\n|turn|5\n|-message|Aizenora forfeited.\n|\n|win|darthnius\n|raw|Aizenora's rating: 1623 → 1606<\/strong> (-17 for losing)\n|raw|darthnius's rating: 1673 → 1690<\/strong> (+17 for winning)\n|l|\u2606Aizenora\n","uploadtime":1683549252,"views":7,"p1id":"aizenora","p2id":"darthnius","formatid":"gen9vgc2023regulationc","rating":1606,"private":0,"password":""}