{"id":"gen9vgc2023regulationc-1862588212","p1":"KiryaeTest","p2":"Tentacruel Man","format":"[Gen 9] VGC 2023 Regulation C","log":"|j|\u2606KiryaeTest\n|j|\u2606Tentacruel Man\n|t:|1683903352\n|gametype|doubles\n|player|p1|KiryaeTest|169|1341\n|player|p2|Tentacruel Man|266|1386\n|teamsize|p1|6\n|teamsize|p2|6\n|gen|9\n|tier|[Gen 9] VGC 2023 Regulation C\n|rated|\n|rule|Species Clause: Limit one of each Pok\u00e9mon\n|rule|Item Clause: Limit one of each item\n|clearpoke\n|poke|p1|Farigiraf, L50, F|\n|poke|p1|Iron Hands, L50|\n|poke|p1|Flutter Mane, L50|\n|poke|p1|Ting-Lu, L50|\n|poke|p1|Baxcalibur, L50, M|\n|poke|p1|Gyarados, L50, M|\n|poke|p2|Garchomp, L50, F|\n|poke|p2|Corviknight, L50, M|\n|poke|p2|Flutter Mane, L50|\n|poke|p2|Chi-Yu, L50|\n|poke|p2|Gyarados, L50, F|\n|poke|p2|Amoonguss, L50, M|\n|teampreview|4\n|inactive|Battle timer is ON: inactive players will automatically lose when time's up. (requested by KiryaeTest)\n|inactive|KiryaeTest has 60 seconds left.\n|inactive|Tentacruel Man has 60 seconds left.\n|\n|t:|1683903400\n|start\n|switch|p1a: Iron Hands|Iron Hands, L50|100\/100\n|switch|p1b: Farigiraf|Farigiraf, L50, F|100\/100\n|switch|p2a: Amoonguss|Amoonguss, L50, M|100\/100\n|switch|p2b: Corviknight|Corviknight, L50, M|100\/100\n|turn|1\n|inactive|KiryaeTest has 30 seconds left.\n|inactive|KiryaeTest has 20 seconds left.\n|inactive|Tentacruel Man has 30 seconds left.\n|\n|t:|1683903441\n|move|p1a: Iron Hands|Fake Out|p2a: Amoonguss\n|-damage|p2a: Amoonguss|88\/100\n|-damage|p1a: Iron Hands|84\/100|[from] item: Rocky Helmet|[of] p2a: Amoonguss\n|move|p2b: Corviknight|Brave Bird|p1b: Farigiraf\n|-damage|p1b: Farigiraf|58\/100\n|-damage|p2b: Corviknight|86\/100|[from] Recoil\n|move|p1b: Farigiraf|Psychic|p2a: Amoonguss\n|-supereffective|p2a: Amoonguss\n|-damage|p2a: Amoonguss|11\/100\n|cant|p2a: Amoonguss|flinch\n|\n|upkeep\n|turn|2\n|inactive|KiryaeTest has 30 seconds left.\n|\n|t:|1683903472\n|switch|p2a: Gyarados|Gyarados, L50, F|100\/100\n|-ability|p2a: Gyarados|Intimidate|boost\n|-unboost|p1a: Iron Hands|atk|1\n|-unboost|p1b: Farigiraf|atk|1\n|-terastallize|p2b: Corviknight|Dragon\n|move|p2b: Corviknight|Brave Bird|p1b: Farigiraf\n|-damage|p1b: Farigiraf|13\/100\n|-damage|p2b: Corviknight|71\/100|[from] Recoil\n|move|p1b: Farigiraf|Hyper Voice|p2a: Gyarados|[spread] p2a,p2b\n|-damage|p2a: Gyarados|75\/100\n|-damage|p2b: Corviknight|44\/100\n|-enditem|p1b: Farigiraf|Throat Spray\n|-boost|p1b: Farigiraf|spa|1|[from] item: Throat Spray\n|move|p1a: Iron Hands|Wild Charge|p2b: Corviknight\n|-resisted|p2b: Corviknight\n|-damage|p2b: Corviknight|31\/100\n|-damage|p1a: Iron Hands|81\/100|[from] Recoil\n|\n|upkeep\n|turn|3\n|inactive|KiryaeTest has 30 seconds left.\n|inactive|Tentacruel Man has 30 seconds left.\n|inactive|KiryaeTest has 20 seconds left.\n|inactive|KiryaeTest has 15 seconds left.\n|inactive|KiryaeTest has 10 seconds left.\n|inactive|KiryaeTest has 5 seconds left.\n|\n|t:|1683903522\n|switch|p2a: Amoonguss|Amoonguss, L50, M|45\/100\n|switch|p1b: Gyarados|Gyarados, L50, M|100\/100\n|-ability|p1b: Gyarados|Intimidate|boost\n|-unboost|p2a: Amoonguss|atk|1\n|-ability|p2b: Corviknight|Mirror Armor\n|-unboost|p1b: Gyarados|atk|1\n|move|p2b: Corviknight|Iron Head|p1b: Gyarados\n|-resisted|p1b: Gyarados\n|-damage|p1b: Gyarados|85\/100\n|move|p1a: Iron Hands|Drain Punch|p2b: Corviknight\n|-damage|p2b: Corviknight|8\/100\n|-heal|p1a: Iron Hands|91\/100|[from] drain|[of] p2b: Corviknight\n|\n|upkeep\n|turn|4\n|\n|t:|1683903547\n|-end|p1a: Iron Hands|Quark Drive|[silent]\n|switch|p1a: Baxcalibur|Baxcalibur, L50, M|100\/100\n|switch|p2a: Gyarados|Gyarados, L50, F|75\/100\n|-ability|p2a: Gyarados|Intimidate|boost\n|-fail|p1a: Baxcalibur|unboost|[from] item: Clear Amulet|[of] p1a: Baxcalibur\n|-unboost|p1b: Gyarados|atk|1\n|move|p1b: Gyarados|Taunt|p2a: Gyarados\n|-start|p2a: Gyarados|move: Taunt\n|move|p2b: Corviknight|Roost|p2b: Corviknight\n|-heal|p2b: Corviknight|58\/100\n|\n|upkeep\n|turn|5\n|inactive|Tentacruel Man has 30 seconds left.\n|inactive|Tentacruel Man has 20 seconds left.\n|\n|t:|1683903584\n|switch|p2a: Flutter Mane|Flutter Mane, L50|100\/100\n|-enditem|p2a: Flutter Mane|Booster Energy\n|-activate|p2a: Flutter Mane|ability: Protosynthesis|[fromitem]\n|-start|p2a: Flutter Mane|protosynthesisspa\n|move|p1a: Baxcalibur|Icicle Crash|p2b: Corviknight\n|-supereffective|p2b: Corviknight\n|-damage|p2b: Corviknight|0 fnt\n|faint|p2b: Corviknight\n|move|p1b: Gyarados|Thunder Wave|p2a: Flutter Mane\n|-status|p2a: Flutter Mane|par\n|\n|upkeep\n|\n|t:|1683903596\n|switch|p2b: Amoonguss|Amoonguss, L50, M|78\/100\n|turn|6\n|inactive|Tentacruel Man has 30 seconds left.\n|\n|t:|1683903621\n|-terastallize|p1a: Baxcalibur|Poison\n|move|p1a: Baxcalibur|Icicle Crash|p2a: Flutter Mane\n|-damage|p2a: Flutter Mane|9\/100 par\n|move|p1b: Gyarados|Taunt|p2b: Amoonguss\n|-start|p2b: Amoonguss|move: Taunt\n|move|p2a: Flutter Mane|Dazzling Gleam|p1b: Gyarados|[spread] p1a,p1b\n|-resisted|p1a: Baxcalibur\n|-damage|p1a: Baxcalibur|82\/100\n|-damage|p1b: Gyarados|53\/100\n|move|p2b: Amoonguss|Clear Smog|p1a: Baxcalibur\n|-resisted|p1a: Baxcalibur\n|-damage|p1a: Baxcalibur|75\/100\n|-clearboost|p1a: Baxcalibur\n|\n|upkeep\n|turn|7\n|\n|t:|1683903644\n|move|p1a: Baxcalibur|Ice Shard|p2a: Flutter Mane\n|-damage|p2a: Flutter Mane|0 fnt\n|faint|p2a: Flutter Mane\n|-end|p2a: Flutter Mane|Protosynthesis|[silent]\n|move|p1b: Gyarados|Thunder Wave|p2b: Amoonguss\n|-status|p2b: Amoonguss|par\n|move|p2b: Amoonguss|Pollen Puff|p2: Flutter Mane|[notarget]\n|-fail|p2b: Amoonguss\n|\n|upkeep\n|\n|t:|1683903646\n|switch|p2a: Gyarados|Gyarados, L50, F|75\/100\n|-ability|p2a: Gyarados|Intimidate|boost\n|-fail|p1a: Baxcalibur|unboost|[from] item: Clear Amulet|[of] p1a: Baxcalibur\n|-unboost|p1b: Gyarados|atk|1\n|turn|8\n|inactive|KiryaeTest has 30 seconds left.\n|inactive|KiryaeTest has 20 seconds left.\n|inactive|KiryaeTest has 15 seconds left.\n|inactive|KiryaeTest has 10 seconds left.\n|inactive|KiryaeTest has 5 seconds left.\n|\n|t:|1683903697\n|move|p1a: Baxcalibur|Protect|p1a: Baxcalibur\n|-singleturn|p1a: Baxcalibur|Protect\n|move|p1b: Gyarados|Taunt|p2a: Gyarados\n|-start|p2a: Gyarados|move: Taunt\n|move|p2a: Gyarados|Waterfall|p1a: Baxcalibur\n|-activate|p1a: Baxcalibur|move: Protect\n|move|p2b: Amoonguss|Pollen Puff|p2a: Gyarados\n|-heal|p2a: Gyarados|100\/100\n|\n|-end|p2b: Amoonguss|move: Taunt\n|upkeep\n|turn|9\n|inactive|KiryaeTest has 30 seconds left.\n|\n|t:|1683903723\n|switch|p1a: Iron Hands|Iron Hands, L50|91\/100\n|move|p1b: Gyarados|Taunt|p2b: Amoonguss\n|-start|p2b: Amoonguss|move: Taunt\n|move|p2a: Gyarados|Waterfall|p1a: Iron Hands\n|-damage|p1a: Iron Hands|68\/100\n|cant|p2b: Amoonguss|move: Taunt|Spore\n|\n|upkeep\n|turn|10\n|\n|t:|1683903737\n|move|p1b: Gyarados|Waterfall|p2b: Amoonguss\n|-resisted|p2b: Amoonguss\n|-damage|p2b: Amoonguss|73\/100 par\n|-damage|p1b: Gyarados|37\/100|[from] item: Rocky Helmet|[of] p2b: Amoonguss\n|move|p2a: Gyarados|Waterfall|p1a: Iron Hands\n|-damage|p1a: Iron Hands|43\/100\n|-enditem|p1a: Iron Hands|Sitrus Berry|[eat]\n|-heal|p1a: Iron Hands|68\/100|[from] item: Sitrus Berry\n|move|p1a: Iron Hands|Wild Charge|p2a: Gyarados\n|-supereffective|p2a: Gyarados\n|-crit|p2a: Gyarados\n|-damage|p2a: Gyarados|0 fnt\n|faint|p2a: Gyarados\n|-damage|p1a: Iron Hands|46\/100|[from] Recoil\n|move|p2b: Amoonguss|Pollen Puff|p2: Gyarados|[notarget]\n|-fail|p2b: Amoonguss\n|\n|upkeep\n|turn|11\n|\n|t:|1683903756\n|-end|p1a: Iron Hands|Quark Drive|[silent]\n|switch|p1a: Farigiraf|Farigiraf, L50, F|13\/100\n|move|p1b: Gyarados|Waterfall|p2b: Amoonguss\n|-resisted|p2b: Amoonguss\n|-damage|p2b: Amoonguss|67\/100 par\n|-damage|p1b: Gyarados|21\/100|[from] item: Rocky Helmet|[of] p2b: Amoonguss\n|move|p2b: Amoonguss|Pollen Puff|p1a: Farigiraf\n|-supereffective|p1a: Farigiraf\n|-damage|p1a: Farigiraf|0 fnt\n|faint|p1a: Farigiraf\n|\n|-end|p2b: Amoonguss|move: Taunt\n|upkeep\n|\n|t:|1683903768\n|switch|p1a: Baxcalibur|Baxcalibur, L50, M, tera:Poison|75\/100\n|turn|12\n|\n|t:|1683903774\n|move|p1a: Baxcalibur|Icicle Crash|p2b: Amoonguss\n|-supereffective|p2b: Amoonguss\n|-damage|p2b: Amoonguss|0 fnt\n|faint|p2b: Amoonguss\n|\n|win|KiryaeTest\n|raw|KiryaeTest's rating: 1341 → 1364<\/strong> (+23 for winning)\n|raw|Tentacruel Man's rating: 1386 → 1363<\/strong> (-23 for losing)\n","uploadtime":1683903779,"views":15,"p1id":"kiryaetest","p2id":"tentacruelman","formatid":"gen9vgc2023regulationc","rating":1363,"private":0,"password":""}