{"id":"gen9vgc2023regulationc-1856281024","p1":"Wheeel","p2":"pspkzar","format":"[Gen 9] VGC 2023 Regulation C","log":"|j|\u2606Wheeel\n|j|\u2606pspkzar\n|t:|1683047225\n|gametype|doubles\n|player|p1|Wheeel|265|1280\n|player|p2|pspkzar|170|1259\n|teamsize|p1|6\n|teamsize|p2|6\n|gen|9\n|tier|[Gen 9] VGC 2023 Regulation C\n|rated|\n|rule|Species Clause: Limit one of each Pok\u00e9mon\n|rule|Item Clause: Limit one of each item\n|clearpoke\n|poke|p1|Chi-Yu, L50|\n|poke|p1|Roaring Moon, L50|\n|poke|p1|Amoonguss, L50, M|\n|poke|p1|Iron Bundle, L50|\n|poke|p1|Gholdengo, L50|\n|poke|p1|Ting-Lu, L50|\n|poke|p2|Hatterene, L50, F|\n|poke|p2|Indeedee-F, L50, F|\n|poke|p2|Torkoal, L50, F|\n|poke|p2|Kingambit, L50, M|\n|poke|p2|Hariyama, L50, F|\n|poke|p2|Oranguru, L50, M|\n|teampreview|4\nWheeel has agreed to open team sheets.\npspkzar rejected open team sheets.\n|\n|t:|1683047266\n|start\n|switch|p1a: Chi-Yu|Chi-Yu, L50|100\/100\n|switch|p1b: Gholdengo|Gholdengo, L50|100\/100\n|switch|p2a: Hariyama|Hariyama, L50, F|100\/100\n|switch|p2b: Oranguru|Oranguru, L50, M|100\/100\n|-ability|p1a: Chi-Yu|Beads of Ruin\n|turn|1\n|\n|t:|1683047285\n|-terastallize|p1a: Chi-Yu|Ghost\n|move|p2a: Hariyama|Fake Out|p1a: Chi-Yu\n|-immune|p1a: Chi-Yu\n|move|p1a: Chi-Yu|Dark Pulse|p2b: Oranguru\n|-supereffective|p2b: Oranguru\n|-damage|p2b: Oranguru|39\/100\n|-enditem|p2b: Oranguru|Sitrus Berry|[eat]\n|-heal|p2b: Oranguru|63\/100|[from] item: Sitrus Berry\n|move|p1b: Gholdengo|Make It Rain|p2b: Oranguru|[spread] p2a,p2b\n|-damage|p2a: Hariyama|51\/100\n|-damage|p2b: Oranguru|25\/100\n|-unboost|p1b: Gholdengo|spa|1\n|move|p2b: Oranguru|Trick Room|p2b: Oranguru\n|-fieldstart|move: Trick Room|[of] p2b: Oranguru\n|\n|-status|p2a: Hariyama|brn|[from] item: Flame Orb\n|upkeep\n|turn|2\n|\n|t:|1683047328\n|move|p2a: Hariyama|Knock Off|p1a: Chi-Yu\n|-supereffective|p1a: Chi-Yu\n|-damage|p1a: Chi-Yu|0 fnt\n|-enditem|p1a: Chi-Yu|Safety Goggles|[from] move: Knock Off|[of] p2a: Hariyama\n|faint|p1a: Chi-Yu\n|move|p2b: Oranguru|Instruct|p2a: Hariyama\n|-singleturn|p2a: Hariyama|move: Instruct|[of] p2b: Oranguru\n|move|p2a: Hariyama|Knock Off|p1b: Gholdengo\n|-supereffective|p1b: Gholdengo\n|-damage|p1b: Gholdengo|2\/100\n|-enditem|p1b: Gholdengo|Leftovers|[from] move: Knock Off|[of] p2a: Hariyama\n|move|p1b: Gholdengo|Nasty Plot|p1b: Gholdengo\n|-boost|p1b: Gholdengo|spa|2\n|\n|-damage|p2a: Hariyama|45\/100 brn|[from] brn\n|upkeep\n|\n|t:|1683047336\n|switch|p1a: Amoonguss|Amoonguss, L50, M|100\/100\n|turn|3\n|\n|t:|1683047365\n|-terastallize|p2a: Hariyama|Grass\n|move|p1a: Amoonguss|Rage Powder|p1a: Amoonguss\n|-singleturn|p1a: Amoonguss|move: Rage Powder\n|move|p2a: Hariyama|Knock Off|p1b: Gholdengo\n|-supereffective|p1b: Gholdengo\n|-damage|p1b: Gholdengo|0 fnt\n|faint|p1b: Gholdengo\n|move|p2b: Oranguru|Psyshock|p1a: Amoonguss\n|-supereffective|p1a: Amoonguss\n|-damage|p1a: Amoonguss|62\/100\n|\n|-damage|p2a: Hariyama|39\/100 brn|[from] brn\n|upkeep\n|\n|t:|1683047372\n|switch|p1b: Ting-Lu|Ting-Lu, L50|100\/100\n|-ability|p1b: Ting-Lu|Vessel of Ruin\n|turn|4\n|\n|t:|1683047386\n|move|p1a: Amoonguss|Pollen Puff|p1b: Ting-Lu\n|-immune|p1b: Ting-Lu\n|move|p2a: Hariyama|Close Combat|p1b: Ting-Lu\n|-supereffective|p1b: Ting-Lu\n|-damage|p1b: Ting-Lu|0 fnt\n|-unboost|p2a: Hariyama|def|1\n|-unboost|p2a: Hariyama|spd|1\n|faint|p1b: Ting-Lu\n|move|p2b: Oranguru|Instruct|p2a: Hariyama\n|-singleturn|p2a: Hariyama|move: Instruct|[of] p2b: Oranguru\n|move|p2a: Hariyama|Close Combat|p1a: Amoonguss\n|-resisted|p1a: Amoonguss\n|-damage|p1a: Amoonguss|22\/100\n|-unboost|p2a: Hariyama|def|1\n|-unboost|p2a: Hariyama|spd|1\n|-enditem|p1a: Amoonguss|Sitrus Berry|[eat]\n|-heal|p1a: Amoonguss|47\/100|[from] item: Sitrus Berry\n|\n|-damage|p2a: Hariyama|33\/100 brn|[from] brn\n|upkeep\n|turn|5\n|\n|t:|1683047422\n|move|p1a: Amoonguss|Rage Powder|p1a: Amoonguss\n|-singleturn|p1a: Amoonguss|move: Rage Powder\n|move|p2a: Hariyama|Headlong Rush|p1a: Amoonguss\n|-crit|p1a: Amoonguss\n|-damage|p1a: Amoonguss|0 fnt\n|-unboost|p2a: Hariyama|def|1\n|-unboost|p2a: Hariyama|spd|1\n|faint|p1a: Amoonguss\n|\n|win|pspkzar\n|raw|Wheeel's rating: 1280 → 1253<\/strong> (-27 for losing)\n|raw|pspkzar's rating: 1259 → 1286<\/strong> (+27 for winning)\n","uploadtime":1683047448,"views":10,"p1id":"wheeel","p2id":"pspkzar","formatid":"gen9vgc2023regulationc","rating":1253,"private":0,"password":""}