{"id":"gen9vgc2023regulationc-1850645627","p1":"SleepyBadGirl","p2":"fairynanbawan","format":"[Gen 9] VGC 2023 Regulation C","log":"|j|\u2606SleepyBadGirl\n|j|\u2606fairynanbawan\n|t:|1682355715\n|gametype|doubles\n|player|p1|SleepyBadGirl|265|1427\n|player|p2|fairynanbawan|skierf|1473\n|teamsize|p1|6\n|teamsize|p2|6\n|gen|9\n|tier|[Gen 9] VGC 2023 Regulation C\n|rated|\n|rule|Species Clause: Limit one of each Pok\u00e9mon\n|rule|Item Clause: Limit one of each item\n|clearpoke\n|poke|p1|Dondozo, L50, M|\n|poke|p1|Tatsugiri, L50, M|\n|poke|p1|Lycanroc, L50, M|\n|poke|p1|Tyranitar, L50, F|\n|poke|p1|Chi-Yu, L50|\n|poke|p1|Flutter Mane, L50|\n|poke|p2|Dachsbun, L50, F|\n|poke|p2|Chi-Yu, L50|\n|poke|p2|Flutter Mane, L50|\n|poke|p2|Iron Bundle, L50|\n|poke|p2|Amoonguss, L50, F|\n|poke|p2|Kingambit, L50, M|\n|teampreview|4\n|inactive|Battle timer is ON: inactive players will automatically lose when time's up. (requested by SleepyBadGirl)\n|inactive|fairynanbawan has 60 seconds left.\n|\n|t:|1682355754\n|start\n|switch|p1a: Lycanroc|Lycanroc, L50, M|100\/100\n|switch|p1b: Dondozo|Dondozo, L50, M|100\/100\n|switch|p2a: Dachsbun|Dachsbun, L50, F|100\/100\n|switch|p2b: Chi-Yu|Chi-Yu, L50|100\/100\n|-ability|p2b: Chi-Yu|Beads of Ruin\n|turn|1\n|inactive|SleepyBadGirl has 30 seconds left.\n|\n|t:|1682355784\n|-terastallize|p2b: Chi-Yu|Ghost\n|move|p1a: Lycanroc|Endure|p1a: Lycanroc\n|-singleturn|p1a: Lycanroc|move: Endure\n|move|p2b: Chi-Yu|Lava Plume|p1b: Dondozo|[spread] p1a,p1b\n|-ability|p2a: Dachsbun|Well-Baked Body|boost\n|-boost|p2a: Dachsbun|def|2\n|-resisted|p1a: Lycanroc\n|-resisted|p1b: Dondozo\n|-damage|p1a: Lycanroc|65\/100\n|-damage|p1b: Dondozo|79\/100\n|-status|p1b: Dondozo|brn\n|move|p2a: Dachsbun|Body Press|p1a: Lycanroc\n|-supereffective|p1a: Lycanroc\n|-activate|p1a: Lycanroc|move: Endure\n|-damage|p1a: Lycanroc|1\/100\n|move|p1b: Dondozo|Earthquake|p2b: Chi-Yu|[spread] p1a,p2a,p2b\n|-supereffective|p1a: Lycanroc\n|-activate|p1a: Lycanroc|move: Endure\n|-damage|p1a: Lycanroc|1\/100\n|-damage|p2a: Dachsbun|89\/100\n|-damage|p2b: Chi-Yu|81\/100\n|\n|-heal|p2a: Dachsbun|95\/100|[from] item: Leftovers\n|-damage|p1b: Dondozo|73\/100 brn|[from] brn\n|upkeep\n|turn|2\n|inactive|fairynanbawan has 30 seconds left.\n|\n|t:|1682355811\n|switch|p1b: Tyranitar|Tyranitar, L50, F|100\/100\n|-weather|Sandstorm|[from] ability: Sand Stream|[of] p1b: Tyranitar\n|move|p2a: Dachsbun|Protect|p2a: Dachsbun\n|-singleturn|p2a: Dachsbun|Protect\n|move|p1a: Lycanroc|Endeavor|p2a: Dachsbun\n|-activate|p2a: Dachsbun|move: Protect\n|move|p2b: Chi-Yu|Lava Plume|p1b: Tyranitar|[spread] p1a,p1b\n|-activate|p2a: Dachsbun|move: Protect\n|-resisted|p1a: Lycanroc\n|-resisted|p1b: Tyranitar\n|-damage|p1a: Lycanroc|0 fnt\n|-damage|p1b: Tyranitar|92\/100\n|faint|p1a: Lycanroc\n|\n|-weather|Sandstorm|[upkeep]\n|-damage|p2b: Chi-Yu|75\/100|[from] Sandstorm\n|-damage|p2a: Dachsbun|89\/100|[from] Sandstorm\n|-heal|p2a: Dachsbun|95\/100|[from] item: Leftovers\n|upkeep\n|\n|t:|1682355819\n|switch|p1a: Tatsugiri|Tatsugiri, L50, M|100\/100\n|turn|3\n|\n|t:|1682355838\n|-terastallize|p1b: Tyranitar|Flying\n|move|p1a: Tatsugiri|Muddy Water|p2b: Chi-Yu|[spread] p2a,p2b\n|-damage|p2a: Dachsbun|53\/100\n|-damage|p2b: Chi-Yu|36\/100\n|move|p2b: Chi-Yu|Lava Plume|p1b: Tyranitar|[spread] p1a,p1b\n|-ability|p2a: Dachsbun|Well-Baked Body|boost\n|-boost|p2a: Dachsbun|def|2\n|-resisted|p1a: Tatsugiri\n|-damage|p1a: Tatsugiri|88\/100\n|-damage|p1b: Tyranitar|65\/100\n|move|p2a: Dachsbun|Body Press|p1b: Tyranitar\n|-resisted|p1b: Tyranitar\n|-damage|p1b: Tyranitar|41\/100\n|move|p1b: Tyranitar|Rock Slide|p2b: Chi-Yu|[spread] p2a,p2b\n|-damage|p2a: Dachsbun|42\/100\n|-damage|p2b: Chi-Yu|0 fnt\n|faint|p2b: Chi-Yu\n|\n|-weather|Sandstorm|[upkeep]\n|-damage|p1a: Tatsugiri|82\/100|[from] Sandstorm\n|-damage|p2a: Dachsbun|36\/100|[from] Sandstorm\n|-damage|p1b: Tyranitar|35\/100|[from] Sandstorm\n|-heal|p2a: Dachsbun|42\/100|[from] item: Leftovers\n|upkeep\n|\n|t:|1682355843\n|switch|p2b: Iron Bundle|Iron Bundle, L50|100\/100\n|-enditem|p2b: Iron Bundle|Booster Energy\n|-activate|p2b: Iron Bundle|ability: Quark Drive|[fromitem]\n|-start|p2b: Iron Bundle|quarkdrivespe\n|turn|4\n|\n|t:|1682355851\n|move|p2b: Iron Bundle|Freeze-Dry|p1b: Tyranitar\n|-supereffective|p1b: Tyranitar\n|-damage|p1b: Tyranitar|0 fnt\n|faint|p1b: Tyranitar\n|move|p1a: Tatsugiri|Muddy Water|p2b: Iron Bundle|[spread] p2a,p2b\n|-resisted|p2b: Iron Bundle\n|-damage|p2a: Dachsbun|14\/100\n|-damage|p2b: Iron Bundle|69\/100\n|-unboost|p2b: Iron Bundle|accuracy|1\n|move|p2a: Dachsbun|Wish|p2a: Dachsbun\n|\n|-weather|Sandstorm|[upkeep]\n|-damage|p2b: Iron Bundle|63\/100|[from] Sandstorm\n|-damage|p1a: Tatsugiri|75\/100|[from] Sandstorm\n|-damage|p2a: Dachsbun|8\/100|[from] Sandstorm\n|-heal|p2a: Dachsbun|14\/100|[from] item: Leftovers\n|upkeep\n|\n|t:|1682355858\n|switch|p1b: Dondozo|Dondozo, L50, M|73\/100 brn\n|-activate|p1a: Tatsugiri|ability: Commander|[of] p1b: Dondozo\n|-boost|p1b: Dondozo|atk|2\n|-boost|p1b: Dondozo|spa|2\n|-boost|p1b: Dondozo|spe|2\n|-boost|p1b: Dondozo|def|2\n|-boost|p1b: Dondozo|spd|2\n|turn|5\n|inactive|fairynanbawan has 30 seconds left.\n|inactive|fairynanbawan has 20 seconds left.\n|inactive|fairynanbawan has 15 seconds left.\n|\n|t:|1682355903\n|-end|p2b: Iron Bundle|Quark Drive|[silent]\n|switch|p2b: Amoonguss|Amoonguss, L50, F|100\/100\n|move|p2a: Dachsbun|Protect|p2a: Dachsbun\n|-singleturn|p2a: Dachsbun|Protect\n|move|p1b: Dondozo|Earthquake|p2b: Amoonguss|[spread] p2b\n|-miss|p1b: Dondozo|p1a: Tatsugiri\n|-activate|p2a: Dachsbun|move: Protect\n|-damage|p2b: Amoonguss|83\/100\n|\n|-weather|Sandstorm|[upkeep]\n|-damage|p1a: Tatsugiri|69\/100|[from] Sandstorm\n|-damage|p1b: Dondozo|67\/100 brn|[from] Sandstorm\n|-damage|p2a: Dachsbun|8\/100|[from] Sandstorm\n|-damage|p2b: Amoonguss|77\/100|[from] Sandstorm\n|-heal|p2a: Dachsbun|58\/100|[from] move: Wish|[wisher] Dachsbun\n|-heal|p2a: Dachsbun|64\/100|[from] item: Leftovers\n|-damage|p1b: Dondozo|61\/100 brn|[from] brn\n|upkeep\n|turn|6\n|-message|SleepyBadGirl forfeited.\n|\n|win|fairynanbawan\n|raw|SleepyBadGirl's rating: 1427 → 1410<\/strong> (-17 for losing)\n|raw|fairynanbawan's rating: 1473 → 1490<\/strong> (+17 for winning)\n|l|\u2606SleepyBadGirl\n","uploadtime":1682355916,"views":21,"p1id":"sleepybadgirl","p2id":"fairynanbawan","formatid":"gen9vgc2023regulationc","rating":1410,"private":0,"password":""}