{"id":"gen9vgc2023regulationc-1853205682","p1":"ysarkis","p2":"R3quiemVGC","format":"[Gen 9] VGC 2023 Regulation C","log":"|j|\u2606ysarkis\n|j|\u2606R3quiemVGC\n|t:|1682648431\n|gametype|doubles\n|player|p1|ysarkis|clair|1254\n|player|p2|R3quiemVGC|ghetsis-gen5bw|1236\n|teamsize|p1|6\n|teamsize|p2|6\n|gen|9\n|tier|[Gen 9] VGC 2023 Regulation C\n|rated|\n|rule|Species Clause: Limit one of each Pok\u00e9mon\n|rule|Item Clause: Limit one of each item\n|clearpoke\n|poke|p1|Iron Bundle, L50|\n|poke|p1|Gholdengo, L50|\n|poke|p1|Garchomp, L50, M|\n|poke|p1|Talonflame, L50, M|\n|poke|p1|Ting-Lu, L50|\n|poke|p1|Dragonite, L50, F|\n|poke|p2|Wo-Chien, L50|\n|poke|p2|Dondozo, L50, M|\n|poke|p2|Tatsugiri, L50, M|\n|poke|p2|Glimmora, L50, M|\n|poke|p2|Chi-Yu, L50|\n|poke|p2|Flutter Mane, L50|\n|teampreview|4\n|\n|t:|1682648488\n|start\n|switch|p1a: Talonflame|Talonflame, L50, M|100\/100\n|switch|p1b: Gholdengo|Gholdengo, L50|100\/100\n|switch|p2a: Dondozo|Dondozo, L50, M, shiny|100\/100\n|switch|p2b: Glimmora|Glimmora, L50, M, shiny|100\/100\n|turn|1\n|\n|t:|1682648531\n|switch|p1a: Iron Bundle|Iron Bundle, L50|100\/100\n|-enditem|p1a: Iron Bundle|Booster Energy\n|-activate|p1a: Iron Bundle|ability: Quark Drive|[fromitem]\n|-start|p1a: Iron Bundle|quarkdrivespe\n|-terastallize|p1b: Gholdengo|Fairy\n|move|p1b: Gholdengo|Thunderbolt|p2a: Dondozo\n|-supereffective|p2a: Dondozo\n|-damage|p2a: Dondozo|43\/100\n|move|p2b: Glimmora|Power Gem|p1a: Iron Bundle\n|-supereffective|p1a: Iron Bundle\n|-damage|p1a: Iron Bundle|0 fnt\n|faint|p1a: Iron Bundle\n|-end|p1a: Iron Bundle|Quark Drive|[silent]\n|move|p2a: Dondozo|Wave Crash|p1b: Gholdengo\n|-damage|p1b: Gholdengo|44\/100\n|-damage|p2a: Dondozo|29\/100|[from] Recoil\n|\n|-heal|p2a: Dondozo|35\/100|[from] item: Leftovers\n|upkeep\n|\n|t:|1682648555\n|switch|p1a: Ting-Lu|Ting-Lu, L50|100\/100\n|-ability|p1a: Ting-Lu|Vessel of Ruin\n|turn|2\n|\n|t:|1682648585\n|move|p2a: Dondozo|Protect|p2a: Dondozo\n|-singleturn|p2a: Dondozo|Protect\n|move|p1b: Gholdengo|Thunderbolt|p2a: Dondozo\n|-activate|p2a: Dondozo|move: Protect\n|move|p2b: Glimmora|Mortal Spin|p1a: Ting-Lu|[spread] p1a,p1b\n|-resisted|p1a: Ting-Lu\n|-supereffective|p1b: Gholdengo\n|-damage|p1a: Ting-Lu|99\/100\n|-damage|p1b: Gholdengo|34\/100\n|-status|p1a: Ting-Lu|psn\n|-status|p1b: Gholdengo|psn\n|move|p1a: Ting-Lu|Stomping Tantrum|p2b: Glimmora\n|-supereffective|p2b: Glimmora\n|-damage|p2b: Glimmora|0 fnt\n|-activate|p2b: Glimmora|ability: Toxic Debris\n|-sidestart|p1: ysarkis|move: Toxic Spikes\n|faint|p2b: Glimmora\n|\n|-heal|p2a: Dondozo|41\/100|[from] item: Leftovers\n|-damage|p1b: Gholdengo|21\/100 psn|[from] psn\n|-damage|p1a: Ting-Lu|87\/100 psn|[from] psn\n|upkeep\n|\n|t:|1682648603\n|switch|p2b: Tatsugiri|Tatsugiri, L50, M|100\/100\n|-activate|p2b: Tatsugiri|ability: Commander|[of] p2a: Dondozo\n|-boost|p2a: Dondozo|atk|2\n|-boost|p2a: Dondozo|spa|2\n|-boost|p2a: Dondozo|spe|2\n|-boost|p2a: Dondozo|def|2\n|-boost|p2a: Dondozo|spd|2\n|turn|3\n|\n|t:|1682648636\n|-terastallize|p2a: Dondozo|Flying\n|move|p1b: Gholdengo|Thunderbolt|p2a: Dondozo\n|-supereffective|p2a: Dondozo\n|-damage|p2a: Dondozo|16\/100\n|move|p2a: Dondozo|Earthquake|p1b: Gholdengo|[spread] p1a,p1b\n|-miss|p2a: Dondozo|p2b: Tatsugiri\n|-damage|p1a: Ting-Lu|61\/100 psn\n|-damage|p1b: Gholdengo|0 fnt\n|faint|p1b: Gholdengo\n|move|p1a: Ting-Lu|Stomping Tantrum|p2a: Dondozo\n|-immune|p2a: Dondozo\n|\n|-heal|p2a: Dondozo|22\/100|[from] item: Leftovers\n|-damage|p1a: Ting-Lu|48\/100 psn|[from] psn\n|upkeep\n|\n|t:|1682648649\n|switch|p1b: Talonflame|Talonflame, L50, M|100\/100\n|turn|4\n|\n|t:|1682648667\n|move|p2a: Dondozo|Protect|p2a: Dondozo\n|-singleturn|p2a: Dondozo|Protect\n|move|p1b: Talonflame|Will-O-Wisp|p2a: Dondozo\n|-activate|p2a: Dondozo|move: Protect\n|move|p1a: Ting-Lu|Rock Slide|p2a: Dondozo|[spread] \n|-miss|p1a: Ting-Lu|p2b: Tatsugiri\n|-activate|p2a: Dondozo|move: Protect\n|\n|-heal|p2a: Dondozo|29\/100|[from] item: Leftovers\n|-damage|p1a: Ting-Lu|36\/100 psn|[from] psn\n|upkeep\n|turn|5\n|\n|t:|1682648691\n|move|p1b: Talonflame|Brave Bird|p2a: Dondozo\n|-damage|p2a: Dondozo|16\/100\n|-damage|p1b: Talonflame|95\/100|[from] Recoil\n|move|p2a: Dondozo|Wave Crash|p1a: Ting-Lu\n|-supereffective|p1a: Ting-Lu\n|-damage|p1a: Ting-Lu|0 fnt\n|faint|p1a: Ting-Lu\n|-damage|p2a: Dondozo|4\/100|[from] Recoil\n|\n|-heal|p2a: Dondozo|10\/100|[from] item: Leftovers\n|upkeep\n|turn|6\n|\n|t:|1682648713\n|move|p2a: Dondozo|Protect|p2a: Dondozo\n|-singleturn|p2a: Dondozo|Protect\n|move|p1b: Talonflame|Tailwind|p1b: Talonflame\n|-sidestart|p1: ysarkis|move: Tailwind\n|\n|-heal|p2a: Dondozo|16\/100|[from] item: Leftovers\n|upkeep\n|turn|7\n|\n|t:|1682648725\n|move|p1b: Talonflame|Will-O-Wisp|p2a: Dondozo\n|-status|p2a: Dondozo|brn\n|move|p2a: Dondozo|Wave Crash|p1b: Talonflame\n|-supereffective|p1b: Talonflame\n|-damage|p1b: Talonflame|0 fnt\n|faint|p1b: Talonflame\n|-damage|p2a: Dondozo|0 fnt|[from] Recoil\n|faint|p2a: Dondozo\n|\n|win|R3quiemVGC\n|raw|ysarkis's rating: 1254 → 1228<\/strong> (-26 for losing)\n|raw|R3quiemVGC's rating: 1236 → 1262<\/strong> (+26 for winning)\n|c|\u2606ysarkis|gg\n|l|\u2606ysarkis\n|c|\u2606R3quiemVGC|ggs\n","uploadtime":1682648741,"views":7,"p1id":"ysarkis","p2id":"r3quiemvgc","formatid":"gen9vgc2023regulationc","rating":1228,"private":0,"password":""}