{"id":"gen9vgc2023regulationc-1846141615","p1":"haha u rage quit","p2":"jacomen","format":"[Gen 9] VGC 2023 Regulation C","log":"|j|\u2606haha u rage quit\n|j|\u2606jacomen\n|t:|1681812771\n|gametype|doubles\n|player|p1|haha u rage quit|pokemaniac|1117\n|player|p2|jacomen|169|1016\n|teamsize|p1|6\n|teamsize|p2|6\n|gen|9\n|tier|[Gen 9] VGC 2023 Regulation C\n|rated|\n|rule|Species Clause: Limit one of each Pok\u00e9mon\n|rule|Item Clause: Limit one of each item\n|clearpoke\n|poke|p1|Dondozo, L50, M|\n|poke|p1|Tatsugiri-Droopy, L50, M|\n|poke|p1|Pelipper, L50, M|\n|poke|p1|Drednaw, L50, M|\n|poke|p1|Tyranitar, L50, M|\n|poke|p1|Great Tusk, L50|\n|poke|p2|Dragonite, L50, F|\n|poke|p2|Palafin, L50, F|\n|poke|p2|Pelipper, L50, M|\n|poke|p2|Iron Hands, L50|\n|poke|p2|Ting-Lu, L50|\n|poke|p2|Indeedee-F, L50, F|\n|teampreview|4\n|inactive|Battle timer is ON: inactive players will automatically lose when time's up. (requested by jacomen)\n|\n|t:|1681812791\n|start\n|switch|p1a: Dondozo|Dondozo, L50, M|100\/100\n|switch|p1b: Pelipper|Pelipper, L50, M|100\/100\n|switch|p2a: Indeedee|Indeedee-F, L50, F|100\/100\n|switch|p2b: Palafin|Palafin, L50, F|100\/100\n|-weather|RainDance|[from] ability: Drizzle|[of] p1b: Pelipper\n|-fieldstart|move: Psychic Terrain|[from] ability: Psychic Surge|[of] p2a: Indeedee\n|turn|1\n|\n|t:|1681812808\n|detailschange|p2b: Palafin|Palafin-Hero, L50, F\n|switch|p2b: Ting-Lu|Ting-Lu, L50|100\/100\n|-ability|p2b: Ting-Lu|Vessel of Ruin\n|switch|p1b: Tatsugiri|Tatsugiri-Droopy, L50, M|100\/100\n|-activate|p1b: Tatsugiri|ability: Commander|[of] p1a: Dondozo\n|-boost|p1a: Dondozo|atk|2\n|-boost|p1a: Dondozo|spa|2\n|-boost|p1a: Dondozo|spe|2\n|-boost|p1a: Dondozo|def|2\n|-boost|p1a: Dondozo|spd|2\n|-terastallize|p1a: Dondozo|Water\n|move|p1a: Dondozo|Surf|p2b: Ting-Lu|[spread] p2a,p2b\n|-miss|p1a: Dondozo|p1b: Tatsugiri\n|-crit|p2a: Indeedee\n|-supereffective|p2b: Ting-Lu\n|-damage|p2a: Indeedee|0 fnt\n|-damage|p2b: Ting-Lu|0 fnt\n|faint|p2a: Indeedee\n|faint|p2b: Ting-Lu\n|\n|-weather|RainDance|[upkeep]\n|upkeep\n|\n|t:|1681812827\n|switch|p2a: Palafin|Palafin-Hero, L50, F|100\/100\n|switch|p2b: Pelipper|Pelipper, L50, M|100\/100\n|-activate|p2a: Palafin|ability: Zero to Hero\n|turn|2\n|\n|t:|1681812837\n|move|p2b: Pelipper|Wide Guard|p2b: Pelipper\n|-singleturn|p2b: Pelipper|Wide Guard\n|move|p2a: Palafin|Haze|p2a: Palafin\n|-clearallboost\n|move|p1a: Dondozo|Surf|p2a: Palafin|[spread] \n|-miss|p1a: Dondozo|p1b: Tatsugiri\n|-activate|p2a: Palafin|move: Wide Guard\n|-activate|p2b: Pelipper|move: Wide Guard\n|\n|-weather|RainDance|[upkeep]\n|upkeep\n|turn|3\n|\n|t:|1681812856\n|-terastallize|p2a: Palafin|Water\n|move|p2b: Pelipper|Hurricane|p1a: Dondozo\n|-damage|p1a: Dondozo|63\/100\n|move|p2a: Palafin|Wave Crash|p1a: Dondozo\n|-resisted|p1a: Dondozo\n|-damage|p1a: Dondozo|0 fnt\n|faint|p1a: Dondozo\n|-damage|p2a: Palafin|75\/100|[from] Recoil\n|\n|-weather|RainDance|[upkeep]\n|upkeep\n|\n|t:|1681812872\n|switch|p1a: Pelipper|Pelipper, L50, M|100\/100\n|turn|4\n|\n|t:|1681812891\n|move|p2a: Palafin|Protect|p2a: Palafin\n|-singleturn|p2a: Palafin|Protect\n|move|p1b: Tatsugiri|Draco Meteor|p2a: Palafin\n|-activate|p2a: Palafin|move: Protect\n|move|p2b: Pelipper|Tailwind|p2b: Pelipper\n|-sidestart|p2: jacomen|move: Tailwind\n|move|p1a: Pelipper|Hurricane|p2a: Palafin\n|-activate|p2a: Palafin|move: Protect\n|\n|-weather|RainDance|[upkeep]\n|upkeep\n|turn|5\n|\n|t:|1681812906\n|move|p1b: Tatsugiri|Protect|p1b: Tatsugiri\n|-singleturn|p1b: Tatsugiri|Protect\n|move|p2b: Pelipper|Hurricane|p1b: Tatsugiri\n|-activate|p1b: Tatsugiri|move: Protect\n|move|p2a: Palafin|Wave Crash|p1b: Tatsugiri\n|-activate|p1b: Tatsugiri|move: Protect\n|move|p1a: Pelipper|Hurricane|p2a: Palafin\n|-damage|p2a: Palafin|24\/100\n|\n|-weather|RainDance|[upkeep]\n|-fieldend|move: Psychic Terrain\n|upkeep\n|turn|6\n|\n|t:|1681812931\n|move|p2b: Pelipper|Hurricane|p1b: Tatsugiri\n|-damage|p1b: Tatsugiri|45\/100\n|-enditem|p1b: Tatsugiri|Sitrus Berry|[eat]\n|-heal|p1b: Tatsugiri|70\/100|[from] item: Sitrus Berry\n|move|p2a: Palafin|Wave Crash|p1b: Tatsugiri\n|-resisted|p1b: Tatsugiri\n|-damage|p1b: Tatsugiri|5\/100\n|-damage|p2a: Palafin|8\/100|[from] Recoil\n|move|p1b: Tatsugiri|Draco Meteor|p2b: Pelipper\n|-damage|p2b: Pelipper|8\/100\n|-unboost|p1b: Tatsugiri|spa|2\n|move|p1a: Pelipper|Hurricane|p2a: Palafin\n|-damage|p2a: Palafin|0 fnt\n|faint|p2a: Palafin\n|\n|-weather|RainDance|[upkeep]\n|upkeep\n|turn|7\n|\n|t:|1681812952\n|move|p2b: Pelipper|Hurricane|p1a: Pelipper\n|-damage|p1a: Pelipper|12\/100\n|-start|p1a: Pelipper|confusion\n|move|p1b: Tatsugiri|Icy Wind|p2b: Pelipper|[miss]\n|-miss|p1b: Tatsugiri|p2b: Pelipper\n|-activate|p1a: Pelipper|confusion\n|move|p1a: Pelipper|Hurricane|p2b: Pelipper\n|-damage|p2b: Pelipper|0 fnt\n|faint|p2b: Pelipper\n|\n|win|haha u rage quit\n|raw|haha u rage quit's rating: 1117 → 1135<\/strong> (+18 for winning)\n|raw|jacomen's rating: 1016 → 1007<\/strong> (-9 for losing)\n","uploadtime":1681812973,"views":13,"p1id":"hahauragequit","p2id":"jacomen","formatid":"gen9vgc2023regulationc","rating":1007,"private":0,"password":""}