{"id":"gen9vgc2023regulationc-1853089825","p1":"SalamandersAreCool","p2":"Gfjfjdjdk","format":"[Gen 9] VGC 2023 Regulation C","log":"|j|\u2606SalamandersAreCool\n|j|\u2606Gfjfjdjdk\n|t:|1682633884\n|gametype|doubles\n|player|p1|SalamandersAreCool|steven|1072\n|player|p2|Gfjfjdjdk|rocketgruntf|1000\n|teamsize|p1|4\n|teamsize|p2|6\n|gen|9\n|tier|[Gen 9] VGC 2023 Regulation C\n|rated|\n|rule|Species Clause: Limit one of each Pok\u00e9mon\n|rule|Item Clause: Limit one of each item\n|clearpoke\n|poke|p1|Sylveon, L50, M|\n|poke|p1|Dragonite, L50, M|\n|poke|p1|Amoonguss, L50, M|\n|poke|p1|Dragapult, L50, M|\n|poke|p2|Arboliva, L50, F|\n|poke|p2|Glimmora, L50, F|\n|poke|p2|Gastrodon-East, L50, F|\n|poke|p2|Garganacl, L50, F|\n|poke|p2|Arcanine, L50, F|\n|poke|p2|Wo-Chien, L50|\n|teampreview|4\n|\n|t:|1682633902\n|start\n|switch|p1a: Sylveon|Sylveon, L50, M, shiny|100\/100\n|switch|p1b: Amoonguss|Amoonguss, L50, M|100\/100\n|switch|p2a: Glimmora|Glimmora, L50, F|100\/100\n|switch|p2b: Arcanine|Arcanine, L50, F|100\/100\n|-ability|p2b: Arcanine|Intimidate|boost\n|-unboost|p1a: Sylveon|atk|1\n|-unboost|p1b: Amoonguss|atk|1\n|turn|1\n|inactive|Battle timer is ON: inactive players will automatically lose when time's up. (requested by Gfjfjdjdk)\n|\n|t:|1682633921\n|move|p2a: Glimmora|Toxic|p1b: Amoonguss\n|-status|p1b: Amoonguss|tox\n|move|p2b: Arcanine|Snarl|p1b: Amoonguss|[spread] p1a,p1b\n|-resisted|p1a: Sylveon\n|-damage|p1a: Sylveon|98\/100\n|-damage|p1b: Amoonguss|92\/100 tox\n|-unboost|p1a: Sylveon|spa|1\n|-unboost|p1b: Amoonguss|spa|1\n|move|p1a: Sylveon|Psychic|p2a: Glimmora\n|-supereffective|p2a: Glimmora\n|-damage|p2a: Glimmora|50\/100\n|move|p1b: Amoonguss|Spore|p2b: Arcanine\n|-status|p2b: Arcanine|slp|[from] move: Spore\n|\n|-damage|p1b: Amoonguss|86\/100 tox|[from] psn\n|upkeep\n|turn|2\n|inactive|SalamandersAreCool has 30 seconds left.\n|inactive|SalamandersAreCool has 20 seconds left.\n|inactive|SalamandersAreCool has 15 seconds left.\n|\n|t:|1682633961\n|move|p2a: Glimmora|Spiky Shield|p2a: Glimmora\n|-singleturn|p2a: Glimmora|move: Protect\n|move|p1b: Amoonguss|Protect|p1b: Amoonguss\n|-singleturn|p1b: Amoonguss|Protect\n|cant|p2b: Arcanine|slp\n|move|p1a: Sylveon|Psychic|p2a: Glimmora\n|-activate|p2a: Glimmora|move: Protect\n|\n|-damage|p1b: Amoonguss|74\/100 tox|[from] psn\n|upkeep\n|turn|3\n|inactive|SalamandersAreCool has 30 seconds left.\n|\n|t:|1682633995\n|move|p2a: Glimmora|Mortal Spin|p1b: Amoonguss|[spread] p1a,p1b\n|-supereffective|p1a: Sylveon\n|-damage|p1a: Sylveon|84\/100\n|-damage|p1b: Amoonguss|70\/100 tox\n|-status|p1a: Sylveon|psn\n|cant|p2b: Arcanine|slp\n|move|p1a: Sylveon|Psychic|p2a: Glimmora\n|-supereffective|p2a: Glimmora\n|-damage|p2a: Glimmora|0 fnt\n|faint|p2a: Glimmora\n|move|p1b: Amoonguss|Spore|p2b: Arcanine\n|-fail|p2b: Arcanine|slp\n|\n|-damage|p1a: Sylveon|71\/100 psn|[from] psn\n|-damage|p1b: Amoonguss|53\/100 tox|[from] psn\n|upkeep\n|\n|t:|1682634001\n|switch|p2a: Arboliva|Arboliva, L50, F|100\/100\n|turn|4\n|\n|t:|1682634018\n|switch|p2b: Garganacl|Garganacl, L50, F|100\/100\n|move|p1a: Sylveon|Hyper Voice|p2a: Arboliva|[spread] p2a,p2b\n|-damage|p2a: Arboliva|84\/100\n|-damage|p2b: Garganacl|77\/100\n|-enditem|p1a: Sylveon|Throat Spray\n|-boost|p1a: Sylveon|spa|1|[from] item: Throat Spray\n|move|p2a: Arboliva|Leech Seed|p1a: Sylveon\n|-start|p1a: Sylveon|move: Leech Seed\n|move|p1b: Amoonguss|Pollen Puff|p1a: Sylveon\n|-heal|p1a: Sylveon|100\/100 psn\n|\n|-damage|p1a: Sylveon|88\/100 psn|[from] Leech Seed|[of] p2a: Arboliva\n|-heal|p2a: Arboliva|96\/100|[silent]\n|-damage|p1a: Sylveon|76\/100 psn|[from] psn\n|-damage|p1b: Amoonguss|29\/100 tox|[from] psn\n|upkeep\n|turn|5\n|\n|t:|1682634040\n|move|p1a: Sylveon|Hyper Voice|p2a: Arboliva|[spread] p2a,p2b\n|-damage|p2a: Arboliva|69\/100\n|-damage|p2b: Garganacl|41\/100\n|move|p2a: Arboliva|Hyper Voice|p1b: Amoonguss|[spread] p1a,p1b\n|-damage|p1a: Sylveon|56\/100 psn\n|-damage|p1b: Amoonguss|0 fnt\n|faint|p1b: Amoonguss\n|move|p2b: Garganacl|Iron Head|p1a: Sylveon\n|-supereffective|p1a: Sylveon\n|-damage|p1a: Sylveon|0 fnt\n|faint|p1a: Sylveon\n|\n|upkeep\n|\n|t:|1682634053\n|switch|p1a: Dragonite|Dragonite, L50, M|100\/100\n|switch|p1b: Dragapult|Dragapult, L50, M|100\/100\n|turn|6\n|inactive|SalamandersAreCool has 30 seconds left.\n|\n|t:|1682634081\n|switch|p2a: Arcanine|Arcanine, L50, F|100\/100 slp\n|-ability|p2a: Arcanine|Intimidate|boost\n|-unboost|p1a: Dragonite|atk|1\n|-fail|p1b: Dragapult|unboost|[from] ability: Clear Body|[of] p1b: Dragapult\n|-terastallize|p1b: Dragapult|Dragon\n|move|p1b: Dragapult|Dragon Darts|p2b: Garganacl\n|-damage|p2b: Garganacl|22\/100\n|-anim|p1b: Dragapult|Dragon Darts|p2a: Arcanine\n|-damage|p2a: Arcanine|61\/100 slp\n|move|p1a: Dragonite|Dragon Claw|p2a: Arcanine\n|-damage|p2a: Arcanine|18\/100 slp\n|-enditem|p2a: Arcanine|Figy Berry|[eat]\n|-heal|p2a: Arcanine|51\/100 slp|[from] item: Figy Berry\n|move|p2b: Garganacl|Recover|p2b: Garganacl\n|-heal|p2b: Garganacl|72\/100\n|\n|upkeep\n|turn|7\n|inactive|Gfjfjdjdk has 30 seconds left.\n|\n|t:|1682634111\n|move|p1b: Dragapult|Dragon Darts|p2b: Garganacl\n|-damage|p2b: Garganacl|53\/100\n|-anim|p1b: Dragapult|Dragon Darts|p2a: Arcanine\n|-damage|p2a: Arcanine|15\/100 slp\n|-curestatus|p2a: Arcanine|slp|[msg]\n|move|p2a: Arcanine|Will-O-Wisp|p1a: Dragonite|[miss]\n|-miss|p2a: Arcanine|p1a: Dragonite\n|move|p1a: Dragonite|Dragon Claw|p2a: Arcanine\n|-damage|p2a: Arcanine|0 fnt\n|faint|p2a: Arcanine\n|move|p2b: Garganacl|Salt Cure|p1b: Dragapult\n|-damage|p1b: Dragapult|82\/100\n|-start|p1b: Dragapult|Salt Cure\n|\n|-damage|p1b: Dragapult|69\/100|[from] Salt Cure\n|upkeep\n|\n|t:|1682634114\n|switch|p2a: Arboliva|Arboliva, L50, F|69\/100\n|turn|8\n|\n|t:|1682634132\n|move|p1b: Dragapult|Dragon Darts|p2a: Arboliva\n|-damage|p2a: Arboliva|30\/100\n|-enditem|p2a: Arboliva|Sitrus Berry|[eat]\n|-heal|p2a: Arboliva|55\/100|[from] item: Sitrus Berry\n|-anim|p1b: Dragapult|Dragon Darts|p2b: Garganacl\n|-damage|p2b: Garganacl|36\/100\n|move|p1a: Dragonite|Dragon Claw|p2b: Garganacl\n|-damage|p2b: Garganacl|14\/100\n|-damage|p1a: Dragonite|84\/100|[from] item: Rocky Helmet|[of] p2b: Garganacl\n|move|p2a: Arboliva|Strength Sap|p1a: Dragonite\n|-unboost|p1a: Dragonite|atk|1\n|-heal|p2a: Arboliva|100\/100\n|move|p2b: Garganacl|Recover|p2b: Garganacl\n|-heal|p2b: Garganacl|64\/100\n|\n|-damage|p1b: Dragapult|57\/100|[from] Salt Cure\n|-item|p2a: Arboliva|Sitrus Berry|[from] ability: Harvest\n|upkeep\n|turn|9\n|\n|t:|1682634157\n|move|p1b: Dragapult|Dragon Darts|p2b: Garganacl\n|-damage|p2b: Garganacl|46\/100\n|-anim|p1b: Dragapult|Dragon Darts|p2a: Arboliva\n|-damage|p2a: Arboliva|66\/100\n|move|p1a: Dragonite|Dragon Claw|p2a: Arboliva\n|-damage|p2a: Arboliva|30\/100\n|-enditem|p2a: Arboliva|Sitrus Berry|[eat]\n|-heal|p2a: Arboliva|55\/100|[from] item: Sitrus Berry\n|move|p2a: Arboliva|Leech Seed|p1b: Dragapult\n|-start|p1b: Dragapult|move: Leech Seed\n|move|p2b: Garganacl|Salt Cure|p1a: Dragonite\n|-supereffective|p1a: Dragonite\n|-damage|p1a: Dragonite|57\/100\n|-start|p1a: Dragonite|Salt Cure\n|\n|-damage|p1b: Dragapult|45\/100|[from] Leech Seed|[of] p2a: Arboliva\n|-heal|p2a: Arboliva|66\/100|[silent]\n|-damage|p1b: Dragapult|33\/100|[from] Salt Cure\n|-damage|p1a: Dragonite|44\/100|[from] Salt Cure\n|upkeep\n|turn|10\n|\n|t:|1682634177\n|move|p1b: Dragapult|Dragon Darts|p2b: Garganacl\n|-damage|p2b: Garganacl|29\/100\n|-anim|p1b: Dragapult|Dragon Darts|p2a: Arboliva\n|-damage|p2a: Arboliva|31\/100\n|move|p1a: Dragonite|Dragon Claw|p2b: Garganacl\n|-damage|p2b: Garganacl|12\/100\n|-damage|p1a: Dragonite|28\/100|[from] item: Rocky Helmet|[of] p2b: Garganacl\n|move|p2a: Arboliva|Strength Sap|p1a: Dragonite\n|-unboost|p1a: Dragonite|atk|1\n|-heal|p2a: Arboliva|81\/100\n|move|p2b: Garganacl|Recover|p2b: Garganacl\n|-heal|p2b: Garganacl|62\/100\n|\n|-damage|p1b: Dragapult|21\/100|[from] Leech Seed|[of] p2a: Arboliva\n|-heal|p2a: Arboliva|92\/100|[silent]\n|-damage|p1b: Dragapult|8\/100|[from] Salt Cure\n|-damage|p1a: Dragonite|16\/100|[from] Salt Cure\n|-item|p2a: Arboliva|Sitrus Berry|[from] ability: Harvest\n|upkeep\n|turn|11\n|\n|t:|1682634204\n|move|p1b: Dragapult|Dragon Darts|p2a: Arboliva\n|-damage|p2a: Arboliva|56\/100\n|-anim|p1b: Dragapult|Dragon Darts|p2b: Garganacl\n|-damage|p2b: Garganacl|46\/100\n|move|p1a: Dragonite|Dragon Claw|p2a: Arboliva\n|-damage|p2a: Arboliva|30\/100\n|-enditem|p2a: Arboliva|Sitrus Berry|[eat]\n|-heal|p2a: Arboliva|55\/100|[from] item: Sitrus Berry\n|move|p2a: Arboliva|Strength Sap|p1b: Dragapult\n|-fail|p1b: Dragapult|unboost|[from] ability: Clear Body|[of] p1b: Dragapult\n|-heal|p2a: Arboliva|100\/100\n|move|p2b: Garganacl|Recover|p2b: Garganacl\n|-heal|p2b: Garganacl|96\/100\n|\n|-damage|p1b: Dragapult|0 fnt|[from] Leech Seed|[of] p2a: Arboliva\n|faint|p1b: Dragapult\n|-damage|p1a: Dragonite|4\/100|[from] Salt Cure\n|upkeep\n|turn|12\n|-message|SalamandersAreCool forfeited.\n|\n|win|Gfjfjdjdk\n|raw|SalamandersAreCool's rating: 1053 → 1032<\/strong> (-21 for losing)\n|raw|Gfjfjdjdk's rating: 1000 → 1046<\/strong> (+46 for winning)\n|l|\u2606SalamandersAreCool\n","uploadtime":1682634231,"views":13,"p1id":"salamandersarecool","p2id":"gfjfjdjdk","formatid":"gen9vgc2023regulationc","rating":1032,"private":0,"password":""}