{"id":"gen9vgc2023regulationc-1845220663","p1":"Ricardo Randorez","p2":"AnimeLover6","format":"[Gen 9] VGC 2023 Regulation C","log":"|j|\u2606Ricardo Randorez\n|j|\u2606AnimeLover6\n|t:|1681698081\n|gametype|doubles\n|player|p1|Ricardo Randorez|265|1153\n|player|p2|AnimeLover6|lance|1091\n|teamsize|p1|6\n|teamsize|p2|6\n|gen|9\n|tier|[Gen 9] VGC 2023 Regulation C\n|rated|\n|rule|Species Clause: Limit one of each Pok\u00e9mon\n|rule|Item Clause: Limit one of each item\n|clearpoke\n|poke|p1|Arcanine, L50, M|\n|poke|p1|Gyarados, L50, M|\n|poke|p1|Flutter Mane, L50|\n|poke|p1|Volcarona, L50, F|\n|poke|p1|Dragonite, L50, F|\n|poke|p1|Ting-Lu, L50|\n|poke|p2|Raichu, L50, M|\n|poke|p2|Garchomp, L50, M|\n|poke|p2|Brute Bonnet, L50|\n|poke|p2|Kingambit, L50, M|\n|poke|p2|Azumarill, L50, M|\n|poke|p2|Pelipper, L50, M|\n|teampreview|4\n|\n|t:|1681698109\n|start\n|switch|p1a: Flutter Mane|Flutter Mane, L50|100\/100\n|switch|p1b: Gyarados|Gyarados, L50, M|100\/100\n|switch|p2a: Oongaboongus|Brute Bonnet, L50|100\/100\n|switch|p2b: Chub Chub|Raichu, L50, M, shiny|100\/100\n|-enditem|p1a: Flutter Mane|Booster Energy\n|-activate|p1a: Flutter Mane|ability: Protosynthesis|[fromitem]\n|-start|p1a: Flutter Mane|protosynthesisspe\n|-enditem|p2a: Oongaboongus|Booster Energy\n|-activate|p2a: Oongaboongus|ability: Protosynthesis|[fromitem]\n|-start|p2a: Oongaboongus|protosynthesisatk\n|turn|1\n|inactive|Battle timer is ON: inactive players will automatically lose when time's up. (requested by Ricardo Randorez)\n|\n|t:|1681698134\n|move|p1b: Gyarados|Protect|p1b: Gyarados\n|-singleturn|p1b: Gyarados|Protect\n|move|p2a: Oongaboongus|Rage Powder|p2a: Oongaboongus\n|-singleturn|p2a: Oongaboongus|move: Rage Powder\n|move|p1a: Flutter Mane|Moonblast|p2a: Oongaboongus\n|-supereffective|p2a: Oongaboongus\n|-damage|p2a: Oongaboongus|23\/100\n|move|p2b: Chub Chub|Nasty Plot|p2b: Chub Chub\n|-boost|p2b: Chub Chub|spa|2\n|\n|upkeep\n|turn|2\n|inactive|Ricardo Randorez has 30 seconds left.\n|inactive|AnimeLover6 has 30 seconds left.\n|inactive|Ricardo Randorez has 20 seconds left.\n|inactive|AnimeLover6 has 20 seconds left.\n|inactive|Ricardo Randorez has 15 seconds left.\n|inactive|AnimeLover6 has 15 seconds left.\n|\n|t:|1681698175\n|switch|p1b: Arcanine|Arcanine, L50, M|100\/100\n|-ability|p1b: Arcanine|Intimidate|boost\n|-unboost|p2a: Oongaboongus|atk|1\n|-unboost|p2b: Chub Chub|atk|1\n|move|p1a: Flutter Mane|Moonblast|p2a: Oongaboongus\n|-supereffective|p2a: Oongaboongus\n|-damage|p2a: Oongaboongus|0 fnt\n|faint|p2a: Oongaboongus\n|-end|p2a: Oongaboongus|Protosynthesis|[silent]\n|move|p2b: Chub Chub|Thunderbolt|p1b: Arcanine\n|-damage|p1b: Arcanine|11\/100\n|-damage|p2b: Chub Chub|91\/100|[from] item: Life Orb\n|\n|upkeep\n|\n|t:|1681698191\n|switch|p2a: Toilet Bord|Pelipper, L50, M|100\/100\n|-weather|RainDance|[from] ability: Drizzle|[of] p2a: Toilet Bord\n|turn|3\n|\n|t:|1681698202\n|move|p1b: Arcanine|Extreme Speed|p2b: Chub Chub\n|-damage|p2b: Chub Chub|35\/100\n|move|p1a: Flutter Mane|Thunderbolt|p2b: Chub Chub\n|-activate|p2b: Chub Chub|ability: Lightning Rod\n|-ability|p2b: Chub Chub|Lightning Rod|boost\n|-boost|p2b: Chub Chub|spa|1\n|move|p2b: Chub Chub|Thunderbolt|p1a: Flutter Mane\n|-damage|p1a: Flutter Mane|0 fnt\n|faint|p1a: Flutter Mane\n|-end|p1a: Flutter Mane|Protosynthesis|[silent]\n|-damage|p2b: Chub Chub|26\/100|[from] item: Life Orb\n|move|p2a: Toilet Bord|Icy Wind|p1b: Arcanine\n|-resisted|p1b: Arcanine\n|-damage|p1b: Arcanine|3\/100\n|-unboost|p1b: Arcanine|spe|1\n|\n|-weather|RainDance|[upkeep]\n|upkeep\n|\n|t:|1681698221\n|switch|p1a: Gyarados|Gyarados, L50, M|100\/100\n|turn|4\n|\n|t:|1681698228\n|move|p1b: Arcanine|Extreme Speed|p2b: Chub Chub\n|-damage|p2b: Chub Chub|0 fnt\n|faint|p2b: Chub Chub\n|move|p1a: Gyarados|Dragon Dance|p1a: Gyarados\n|-boost|p1a: Gyarados|atk|1\n|-boost|p1a: Gyarados|spe|1\n|move|p2a: Toilet Bord|Icy Wind|p1a: Gyarados|[spread] p1a,p1b\n|-resisted|p1b: Arcanine\n|-damage|p1a: Gyarados|89\/100\n|-damage|p1b: Arcanine|0 fnt\n|faint|p1b: Arcanine\n|\n|-weather|RainDance|[upkeep]\n|upkeep\n|\n|t:|1681698242\n|switch|p2b: Blu-Glo|Azumarill, L50, M, shiny|100\/100\n|switch|p1b: Dragonite|Dragonite, L50, F|100\/100\n|turn|5\n|\n|t:|1681698266\n|-terastallize|p1a: Gyarados|Flying\n|move|p1b: Dragonite|Extreme Speed|p2b: Blu-Glo\n|-damage|p2b: Blu-Glo|48\/100\n|-enditem|p2b: Blu-Glo|Sitrus Berry|[eat]\n|-heal|p2b: Blu-Glo|72\/100|[from] item: Sitrus Berry\n|move|p1a: Gyarados|Tera Blast|p2b: Blu-Glo\n|-damage|p2b: Blu-Glo|0 fnt\n|faint|p2b: Blu-Glo\n|-ability|p1a: Gyarados|Moxie|boost\n|-boost|p1a: Gyarados|atk|1\n|move|p2a: Toilet Bord|Icy Wind|p1a: Gyarados|[spread] p1a,p1b\n|-supereffective|p1a: Gyarados\n|-supereffective|p1b: Dragonite\n|-damage|p1a: Gyarados|67\/100\n|-damage|p1b: Dragonite|55\/100\n|-unboost|p1b: Dragonite|spe|1\n|\n|-weather|RainDance|[upkeep]\n|upkeep\n|turn|6\n|inactive|AnimeLover6 has 30 seconds left.\n|inactive|AnimeLover6 has 20 seconds left.\n|inactive|AnimeLover6 has 15 seconds left.\n|inactive|AnimeLover6 has 10 seconds left.\n|\n|t:|1681698313\n|move|p1b: Dragonite|Extreme Speed|p2a: Toilet Bord\n|-damage|p2a: Toilet Bord|50\/100\n|move|p1a: Gyarados|Tera Blast|p2a: Toilet Bord\n|-damage|p2a: Toilet Bord|0 fnt\n|faint|p2a: Toilet Bord\n|\n|win|Ricardo Randorez\n|raw|Ricardo Randorez's rating: 1153 → 1174<\/strong> (+21 for winning)\n|raw|AnimeLover6's rating: 1091 → 1072<\/strong> (-19 for losing)\n","uploadtime":1681698323,"views":5,"p1id":"ricardorandorez","p2id":"animelover6","formatid":"gen9vgc2023regulationc","rating":1072,"private":0,"password":""}