{"id":"gen9vgc2023regulationc-1845028549","p1":"Gerbacia14","p2":"DrSilv3r","format":"[Gen 9] VGC 2023 Regulation C","log":"|j|\u2606Gerbacia14\n|j|\u2606DrSilv3r\n|t:|1681675653\n|gametype|doubles\n|player|p1|Gerbacia14|benga|\n|player|p2|DrSilv3r|169|\n|teamsize|p1|6\n|teamsize|p2|6\n|gen|9\n|tier|[Gen 9] VGC 2023 Regulation C\n|rule|Species Clause: Limit one of each Pok\u00e9mon\n|rule|Item Clause: Limit one of each item\n|clearpoke\n|poke|p1|Wo-Chien, L50|\n|poke|p1|Glimmora, L50, F|\n|poke|p1|Chi-Yu, L50|\n|poke|p1|Flutter Mane, L50|\n|poke|p1|Dondozo, L50, M|\n|poke|p1|Tatsugiri, L50, F|\n|poke|p2|Flutter Mane, L50|\n|poke|p2|Amoonguss, L50, M|\n|poke|p2|Arcanine, L50, M|\n|poke|p2|Palafin, L50, F|\n|poke|p2|Chien-Pao, L50|\n|poke|p2|Dragapult, L50, F|\n|teampreview|4\nGerbacia14 has agreed to open team sheets.\n|c|\u2606Gerbacia14|!weakness arcanine\n|c| Gerbacia14|\/raw Arcanine (ignoring abilities): Weaknesses<\/span>: Ground, Rock, Water Resistances<\/span>: Bug, Fairy, Fire, Grass, Ice, Steel Immunities<\/span>: Burn<\/div>\n|c|\u2606Gerbacia14|algo as\u00ed\n|\n|t:|1681675715\n|start\n|switch|p1a: Glimmora|Glimmora, L50, F|100\/100\n|switch|p1b: Flutter Mane|Flutter Mane, L50|100\/100\n|switch|p2a: Flutter Mane|Flutter Mane, L50|100\/100\n|switch|p2b: Dragapult|Dragapult, L50, F|100\/100\n|-enditem|p1b: Flutter Mane|Booster Energy\n|-activate|p1b: Flutter Mane|ability: Protosynthesis|[fromitem]\n|-start|p1b: Flutter Mane|protosynthesisspe\n|-enditem|p2a: Flutter Mane|Booster Energy\n|-activate|p2a: Flutter Mane|ability: Protosynthesis|[fromitem]\n|-start|p2a: Flutter Mane|protosynthesisspa\n|turn|1\n|\n|t:|1681675754\n|-terastallize|p2b: Dragapult|Steel\n|move|p1b: Flutter Mane|Protect|p1b: Flutter Mane\n|-singleturn|p1b: Flutter Mane|Protect\n|move|p1a: Glimmora|Spiky Shield|p1a: Glimmora\n|-singleturn|p1a: Glimmora|move: Protect\n|move|p2b: Dragapult|Tera Blast|p1b: Flutter Mane\n|-activate|p1b: Flutter Mane|move: Protect\n|move|p2a: Flutter Mane|Moonblast|p1a: Glimmora\n|-activate|p1a: Glimmora|move: Protect\n|\n|upkeep\n|turn|2\n|\n|t:|1681675797\n|move|p1b: Flutter Mane|Shadow Ball|p2a: Flutter Mane\n|-supereffective|p2a: Flutter Mane\n|-damage|p2a: Flutter Mane|36\/100\n|move|p2b: Dragapult|Tera Blast|p1b: Flutter Mane\n|-supereffective|p1b: Flutter Mane\n|-damage|p1b: Flutter Mane|0 fnt\n|faint|p1b: Flutter Mane\n|-end|p1b: Flutter Mane|Protosynthesis|[silent]\n|move|p2a: Flutter Mane|Moonblast|p1a: Glimmora\n|-resisted|p1a: Glimmora\n|-crit|p1a: Glimmora\n|-damage|p1a: Glimmora|46\/100\n|-unboost|p1a: Glimmora|spa|1\n|move|p1a: Glimmora|Earth Power|p2b: Dragapult\n|-supereffective|p2b: Dragapult\n|-damage|p2b: Dragapult|47\/100\n|\n|upkeep\n|\n|t:|1681675831\n|switch|p1b: Chi-Yu|Chi-Yu, L50|100\/100\n|-ability|p1b: Chi-Yu|Beads of Ruin\n|turn|3\n|\n|t:|1681675866\n|switch|p2b: Palafin|Palafin, L50, F|100\/100\n|move|p1a: Glimmora|Spiky Shield|p1a: Glimmora\n|-singleturn|p1a: Glimmora|move: Protect\n|move|p2a: Flutter Mane|Dazzling Gleam|p1b: Chi-Yu|[spread] p1b\n|-activate|p1a: Glimmora|move: Protect\n|-damage|p1b: Chi-Yu|59\/100\n|move|p1b: Chi-Yu|Heat Wave|p2a: Flutter Mane|[spread] p2a\n|-miss|p1b: Chi-Yu|p2b: Palafin\n|-damage|p2a: Flutter Mane|0 fnt\n|faint|p2a: Flutter Mane\n|-end|p2a: Flutter Mane|Protosynthesis|[silent]\n|\n|upkeep\n|\n|t:|1681675880\n|switch|p2a: Dragapult|Dragapult, L50, F, tera:Steel|47\/100\n|turn|4\n|\n|t:|1681675914\n|switch|p1a: Wo-Chien|Wo-Chien, L50|100\/100\n|-ability|p1a: Wo-Chien|Tablets of Ruin\n|move|p1b: Chi-Yu|Protect|p1b: Chi-Yu\n|-singleturn|p1b: Chi-Yu|Protect\n|move|p2b: Palafin|Jet Punch|p1b: Chi-Yu\n|-activate|p1b: Chi-Yu|move: Protect\n|move|p2a: Dragapult|Phantom Force||[still]\n|-prepare|p2a: Dragapult|Phantom Force\n|\n|upkeep\n|turn|5\n|\n|t:|1681675970\n|move|p2b: Palafin|Jet Punch|p1b: Chi-Yu\n|-supereffective|p1b: Chi-Yu\n|-damage|p1b: Chi-Yu|1\/100\n|move|p2a: Dragapult|Phantom Force|p1a: Wo-Chien|[from]lockedmove\n|-resisted|p1a: Wo-Chien\n|-damage|p1a: Wo-Chien|82\/100\n|move|p1b: Chi-Yu|Dark Pulse|p2a: Dragapult\n|-damage|p2a: Dragapult|0 fnt\n|faint|p2a: Dragapult\n|move|p1a: Wo-Chien|Leech Seed|p2b: Palafin\n|-start|p2b: Palafin|move: Leech Seed\n|\n|-damage|p2b: Palafin|88\/100|[from] Leech Seed|[of] p1a: Wo-Chien\n|-heal|p1a: Wo-Chien|95\/100|[silent]\n|upkeep\n|\n|t:|1681675982\n|switch|p2a: Amoonguss|Amoonguss, L50, M|100\/100\n|turn|6\n|\n|t:|1681676016\n|move|p1b: Chi-Yu|Protect|p1b: Chi-Yu\n|-singleturn|p1b: Chi-Yu|Protect\n|move|p2b: Palafin|Wave Crash|p1a: Wo-Chien\n|-resisted|p1a: Wo-Chien\n|-damage|p1a: Wo-Chien|81\/100\n|-damage|p2b: Palafin|84\/100|[from] Recoil\n|move|p1a: Wo-Chien|Substitute|p1a: Wo-Chien\n|-start|p1a: Wo-Chien|Substitute\n|-damage|p1a: Wo-Chien|56\/100\n|move|p2a: Amoonguss|Pollen Puff|p2b: Palafin\n|-heal|p2b: Palafin|100\/100\n|\n|-damage|p2b: Palafin|88\/100|[from] Leech Seed|[of] p1a: Wo-Chien\n|-heal|p1a: Wo-Chien|69\/100|[silent]\n|upkeep\n|turn|7\n|\n|t:|1681676037\n|move|p2b: Palafin|Jet Punch|p1b: Chi-Yu\n|-supereffective|p1b: Chi-Yu\n|-damage|p1b: Chi-Yu|0 fnt\n|faint|p1b: Chi-Yu\n|move|p1a: Wo-Chien|Pollen Puff|p2b: Palafin\n|-damage|p2b: Palafin|63\/100\n|move|p2a: Amoonguss|Pollen Puff|p2b: Palafin\n|-heal|p2b: Palafin|100\/100\n|\n|-damage|p2b: Palafin|88\/100|[from] Leech Seed|[of] p1a: Wo-Chien\n|-heal|p1a: Wo-Chien|82\/100|[silent]\n|upkeep\n|\n|t:|1681676040\n|switch|p1b: Glimmora|Glimmora, L50, F|46\/100\n|turn|8\n|\n|t:|1681676078\n|-terastallize|p1b: Glimmora|Grass\n|move|p2b: Palafin|Jet Punch|p1b: Glimmora\n|-resisted|p1b: Glimmora\n|-damage|p1b: Glimmora|35\/100\n|move|p1b: Glimmora|Mortal Spin|p2a: Amoonguss|[spread] p2a,p2b\n|-damage|p2a: Amoonguss|98\/100\n|-damage|p2b: Palafin|84\/100\n|-status|p2a: Amoonguss|psn\n|-status|p2b: Palafin|psn\n|move|p1a: Wo-Chien|Pollen Puff|p1b: Glimmora\n|-heal|p1b: Glimmora|85\/100\n|move|p2a: Amoonguss|Pollen Puff|p1b: Glimmora\n|-supereffective|p1b: Glimmora\n|-damage|p1b: Glimmora|44\/100\n|\n|-damage|p2b: Palafin|72\/100 psn|[from] Leech Seed|[of] p1a: Wo-Chien\n|-heal|p1a: Wo-Chien|95\/100|[silent]\n|-damage|p2b: Palafin|60\/100 psn|[from] psn\n|-damage|p2a: Amoonguss|85\/100 psn|[from] psn\n|upkeep\n|turn|9\n|\n|t:|1681676102\n|move|p1b: Glimmora|Energy Ball|p2b: Palafin\n|-supereffective|p2b: Palafin\n|-damage|p2b: Palafin|0 fnt\n|faint|p2b: Palafin\n|move|p1a: Wo-Chien|Pollen Puff|p1b: Glimmora\n|-heal|p1b: Glimmora|94\/100\n|move|p2a: Amoonguss|Pollen Puff|p1b: Glimmora\n|-supereffective|p1b: Glimmora\n|-damage|p1b: Glimmora|47\/100\n|\n|-damage|p2a: Amoonguss|73\/100 psn|[from] psn\n|upkeep\n|turn|10\n|\n|t:|1681676117\n|move|p1b: Glimmora|Earth Power|p2a: Amoonguss\n|-damage|p2a: Amoonguss|47\/100 psn\n|-enditem|p2a: Amoonguss|Sitrus Berry|[eat]\n|-heal|p2a: Amoonguss|72\/100 psn|[from] item: Sitrus Berry\n|move|p1a: Wo-Chien|Pollen Puff|p1b: Glimmora\n|-heal|p1b: Glimmora|97\/100\n|move|p2a: Amoonguss|Pollen Puff|p1b: Glimmora\n|-supereffective|p1b: Glimmora\n|-damage|p1b: Glimmora|51\/100\n|\n|-damage|p2a: Amoonguss|60\/100 psn|[from] psn\n|upkeep\n|turn|11\n|\n|t:|1681676134\n|move|p1b: Glimmora|Earth Power|p2a: Amoonguss\n|-damage|p2a: Amoonguss|31\/100 psn\n|move|p1a: Wo-Chien|Pollen Puff|p1b: Glimmora\n|-heal|p1b: Glimmora|100\/100\n|move|p2a: Amoonguss|Pollen Puff|p1b: Glimmora\n|-supereffective|p1b: Glimmora\n|-damage|p1b: Glimmora|53\/100\n|\n|-damage|p2a: Amoonguss|19\/100 psn|[from] psn\n|upkeep\n|turn|12\n|\n|t:|1681676149\n|move|p1b: Glimmora|Earth Power|p2a: Amoonguss\n|-damage|p2a: Amoonguss|0 fnt\n|faint|p2a: Amoonguss\n|\n|win|Gerbacia14\n|c|\u2606Gerbacia14|gg\n","uploadtime":1681676155,"views":12,"p1id":"gerbacia14","p2id":"drsilv3r","formatid":"gen9vgc2023regulationc","rating":0,"private":0,"password":""}