{"id":"gen9vgc2023regulationc-1863737069","p1":"godtech946","p2":"Nreeko","format":"[Gen 9] VGC 2023 Regulation C","log":"|j|\u2606godtech946\n|j|\u2606Nreeko\n|t:|1684069641\n|gametype|doubles\n|player|p1|godtech946|veteran|1003\n|player|p2|Nreeko|hugh|1041\n|teamsize|p1|6\n|teamsize|p2|6\n|gen|9\n|tier|[Gen 9] VGC 2023 Regulation C\n|rated|\n|rule|Species Clause: Limit one of each Pok\u00e9mon\n|rule|Item Clause: Limit one of each item\n|clearpoke\n|poke|p1|Azumarill, L50, M|\n|poke|p1|Dondozo, L50, F|\n|poke|p1|Ting-Lu, L50|\n|poke|p1|Annihilape, L50, M|\n|poke|p1|Dugtrio, L50, F|\n|poke|p1|Gothitelle, L50, F|\n|poke|p2|Flutter Mane, L50|\n|poke|p2|Gholdengo, L50|\n|poke|p2|Gothitelle, L50, M|\n|poke|p2|Iron Valiant, L50|\n|poke|p2|Arcanine, L50, F|\n|poke|p2|Garganacl, L50, M|\n|teampreview|4\nNreeko has agreed to open team sheets.\n|\n|t:|1684069668\n|start\n|switch|p1a: Azumarill|Azumarill, L50, M|100\/100\n|switch|p1b: Gothitelle|Gothitelle, L50, F|100\/100\n|switch|p2a: Flutter Mane|Flutter Mane, L50|100\/100\n|switch|p2b: Arcanine|Arcanine, L50, F|100\/100\n|-ability|p2b: Arcanine|Intimidate|boost\n|-unboost|p1a: Azumarill|atk|1\n|-unboost|p1b: Gothitelle|atk|1\n|turn|1\n|\n|t:|1684069689\n|move|p2b: Arcanine|Helping Hand|p2a: Flutter Mane\n|-singleturn|p2a: Flutter Mane|Helping Hand|[of] p2b: Arcanine\n|move|p2a: Flutter Mane|Psyshock|p1b: Gothitelle\n|-resisted|p1b: Gothitelle\n|-damage|p1b: Gothitelle|66\/100\n|move|p1b: Gothitelle|Skill Swap|p1a: Azumarill\n|-block|p1b: Gothitelle|item: Ability Shield\n|move|p1a: Azumarill|Perish Song|p1a: Azumarill\n|-start|p1a: Azumarill|perish3|[silent]\n|-start|p1b: Gothitelle|perish3|[silent]\n|-start|p2a: Flutter Mane|perish3|[silent]\n|-start|p2b: Arcanine|perish3|[silent]\n|-fieldactivate|move: Perish Song\n|\n|-start|p2a: Flutter Mane|perish3\n|-start|p2b: Arcanine|perish3\n|-start|p1b: Gothitelle|perish3\n|-start|p1a: Azumarill|perish3\n|upkeep\n|turn|2\n|\n|t:|1684069725\n|move|p2b: Arcanine|Helping Hand|p2a: Flutter Mane\n|-singleturn|p2a: Flutter Mane|Helping Hand|[of] p2b: Arcanine\n|move|p1a: Azumarill|Aqua Jet|p2b: Arcanine\n|-supereffective|p2b: Arcanine\n|-damage|p2b: Arcanine|85\/100\n|move|p2a: Flutter Mane|Psyshock|p1b: Gothitelle\n|-resisted|p1b: Gothitelle\n|-damage|p1b: Gothitelle|37\/100\n|move|p1b: Gothitelle|Heal Pulse|p1a: Azumarill\n|-fail|p1a: Azumarill|heal\n|\n|-start|p2a: Flutter Mane|perish2\n|-start|p2b: Arcanine|perish2\n|-start|p1b: Gothitelle|perish2\n|-start|p1a: Azumarill|perish2\n|upkeep\n|turn|3\n|\n|t:|1684069756\n|move|p1b: Gothitelle|Protect|p1b: Gothitelle\n|-singleturn|p1b: Gothitelle|Protect\n|move|p1a: Azumarill|Protect|p1a: Azumarill\n|-singleturn|p1a: Azumarill|Protect\n|move|p2b: Arcanine|Extreme Speed|p1a: Azumarill\n|-activate|p1a: Azumarill|move: Protect\n|move|p2a: Flutter Mane|Psyshock|p1b: Gothitelle\n|-activate|p1b: Gothitelle|move: Protect\n|\n|-start|p2a: Flutter Mane|perish1\n|-start|p2b: Arcanine|perish1\n|-start|p1b: Gothitelle|perish1\n|-start|p1a: Azumarill|perish1\n|upkeep\n|turn|4\n|\n|t:|1684069796\n|switch|p1a: Dondozo|Dondozo, L50, F|100\/100\n|move|p2b: Arcanine|Extreme Speed|p1b: Gothitelle\n|-damage|p1b: Gothitelle|11\/100\n|move|p2a: Flutter Mane|Psyshock|p1b: Gothitelle\n|-resisted|p1b: Gothitelle\n|-damage|p1b: Gothitelle|0 fnt\n|faint|p1b: Gothitelle\n|\n|-start|p2a: Flutter Mane|perish0\n|-start|p2b: Arcanine|perish0\n|upkeep\n|faint|p2a: Flutter Mane\n|-end|p2a: Flutter Mane|Protosynthesis|[silent]\n|faint|p2b: Arcanine\n|\n|t:|1684069814\n|switch|p2a: Iron Valiant|Iron Valiant, L50|100\/100\n|switch|p2b: Garganacl|Garganacl, L50, M|100\/100\n|switch|p1b: Ting-Lu|Ting-Lu, L50|100\/100\n|-ability|p1b: Ting-Lu|Vessel of Ruin\n|-enditem|p2a: Iron Valiant|Booster Energy\n|-activate|p2a: Iron Valiant|ability: Quark Drive|[fromitem]\n|-start|p2a: Iron Valiant|quarkdrivespa\n|turn|5\n|\n|t:|1684069854\n|-terastallize|p2a: Iron Valiant|Fairy\n|move|p2a: Iron Valiant|Dazzling Gleam|p1a: Dondozo|[spread] p1a,p1b\n|-supereffective|p1b: Ting-Lu\n|-damage|p1a: Dondozo|80\/100\n|-damage|p1b: Ting-Lu|53\/100\n|move|p1b: Ting-Lu|Fissure|p2a: Iron Valiant|[miss]\n|-miss|p1b: Ting-Lu|p2a: Iron Valiant\n|move|p2b: Garganacl|Salt Cure|p1a: Dondozo\n|-damage|p1a: Dondozo|72\/100\n|-start|p1a: Dondozo|Salt Cure\n|move|p1a: Dondozo|Avalanche|p2b: Garganacl\n|-damage|p2b: Garganacl|86\/100\n|\n|-damage|p1a: Dondozo|47\/100|[from] Salt Cure\n|upkeep\n|turn|6\n|\n|t:|1684069888\n|switch|p1a: Azumarill|Azumarill, L50, M|100\/100\n|move|p2a: Iron Valiant|Dazzling Gleam|p1b: Ting-Lu|[spread] p1a,p1b\n|-supereffective|p1b: Ting-Lu\n|-damage|p1a: Azumarill|64\/100\n|-damage|p1b: Ting-Lu|8\/100\n|-enditem|p1b: Ting-Lu|Figy Berry|[eat]\n|-heal|p1b: Ting-Lu|41\/100|[from] item: Figy Berry\n|move|p1b: Ting-Lu|Fissure|p2a: Iron Valiant\n|-damage|p2a: Iron Valiant|0 fnt\n|faint|p2a: Iron Valiant\n|-end|p2a: Iron Valiant|Quark Drive|[silent]\n|-ohko\n|move|p2b: Garganacl|Body Press|p1b: Ting-Lu\n|-supereffective|p1b: Ting-Lu\n|-damage|p1b: Ting-Lu|3\/100\n|\n|upkeep\n|turn|7\n|\n|t:|1684069914\n|move|p1b: Ting-Lu|Protect|p1b: Ting-Lu\n|-singleturn|p1b: Ting-Lu|Protect\n|move|p2b: Garganacl|Salt Cure|p1a: Azumarill\n|-damage|p1a: Azumarill|52\/100\n|-start|p1a: Azumarill|Salt Cure\n|move|p1a: Azumarill|Perish Song|p1a: Azumarill\n|-start|p1a: Azumarill|perish3|[silent]\n|-start|p1b: Ting-Lu|perish3|[silent]\n|-start|p2b: Garganacl|perish3|[silent]\n|-fieldactivate|move: Perish Song\n|\n|-damage|p1a: Azumarill|27\/100|[from] Salt Cure\n|-start|p1b: Ting-Lu|perish3\n|-start|p2b: Garganacl|perish3\n|-start|p1a: Azumarill|perish3\n|upkeep\n|-enditem|p1a: Azumarill|Sitrus Berry|[eat]\n|-heal|p1a: Azumarill|52\/100|[from] item: Sitrus Berry\n|turn|8\n|\n|t:|1684069947\n|move|p1a: Azumarill|Protect|p1a: Azumarill\n|-singleturn|p1a: Azumarill|Protect\n|move|p1b: Ting-Lu|Fissure|p2b: Garganacl|[miss]\n|-miss|p1b: Ting-Lu|p2b: Garganacl\n|move|p2b: Garganacl|Explosion|p1a: Azumarill|[spread] p1b\n|-activate|p1a: Azumarill|move: Protect\n|-damage|p1b: Ting-Lu|0 fnt\n|faint|p2b: Garganacl\n|faint|p1b: Ting-Lu\n|\n|win|godtech946\n|raw|godtech946's rating: 1003 → 1047<\/strong> (+44 for winning)\n|raw|Nreeko's rating: 1041 → 1023<\/strong> (-18 for losing)\n|l|\u2606Nreeko\n||Ladder isn't responding, score probably updated but might not have (Request timeout).\n","uploadtime":1684070131,"views":24,"p1id":"godtech946","p2id":"nreeko","formatid":"gen9vgc2023regulationc","rating":1023,"private":0,"password":""}