{"id":"gen9vgc2023regulationc-1859860461","p1":"Chunk_dirty7","p2":"alenesse","format":"[Gen 9] VGC 2023 Regulation C","log":"|j|\u2606Chunk_dirty7\n|j|\u2606alenesse\n|t:|1683570594\n|gametype|doubles\n|player|p1|Chunk_dirty7|266|1194\n|player|p2|alenesse|blue|1270\n|teamsize|p1|6\n|teamsize|p2|6\n|gen|9\n|tier|[Gen 9] VGC 2023 Regulation C\n|rated|\n|rule|Species Clause: Limit one of each Pok\u00e9mon\n|rule|Item Clause: Limit one of each item\n|clearpoke\n|poke|p1|Dragonite, L50, M|\n|poke|p1|Talonflame, L50, F|\n|poke|p1|Roaring Moon, L50|\n|poke|p1|Torkoal, L50, F|\n|poke|p1|Arboliva, L50, M|\n|poke|p1|Flutter Mane, L50|\n|poke|p2|Glimmora, L50, M|\n|poke|p2|Abomasnow, L50, M|\n|poke|p2|Bronzong, L50|\n|poke|p2|Ting-Lu, L50|\n|poke|p2|Iron Bundle, L50|\n|poke|p2|Chien-Pao, L50|\n|teampreview|4\n|inactive|Battle timer is ON: inactive players will automatically lose when time's up. (requested by alenesse)\n|\n|t:|1683570616\n|start\n|switch|p1a: Talonflame|Talonflame, L50, F, shiny|100\/100\n|switch|p1b: Dragonite|Dragonite, L50, M, shiny|100\/100\n|switch|p2a: Iron Bundle|Iron Bundle, L50|100\/100\n|switch|p2b: Abomasnow|Abomasnow, L50, M|100\/100\n|-weather|Snow|[from] ability: Snow Warning|[of] p2b: Abomasnow\n|-enditem|p2a: Iron Bundle|Booster Energy\n|-activate|p2a: Iron Bundle|ability: Quark Drive|[fromitem]\n|-start|p2a: Iron Bundle|quarkdrivespe\n|turn|1\n|inactive|alenesse has 30 seconds left.\n|inactive|alenesse has 20 seconds left.\n|\n|t:|1683570651\n|switch|p1b: Torkoal|Torkoal, L50, F, shiny|100\/100\n|-weather|SunnyDay|[from] ability: Drought|[of] p1b: Torkoal\n|-terastallize|p2b: Abomasnow|Water\n|move|p2a: Iron Bundle|Aurora Veil||[still]\n|-fail|p2a: Iron Bundle\n|move|p1a: Talonflame|Flare Blitz|p2b: Abomasnow\n|-resisted|p2b: Abomasnow\n|-damage|p2b: Abomasnow|62\/100\n|-damage|p1a: Talonflame|84\/100|[from] Recoil\n|move|p2b: Abomasnow|Blizzard|p1a: Talonflame|[spread] p1a,p1b\n|-resisted|p1b: Torkoal\n|-damage|p1a: Talonflame|21\/100\n|-damage|p1b: Torkoal|86\/100\n|\n|-weather|SunnyDay|[upkeep]\n|upkeep\n|turn|2\n|c|\u2606Chunk_dirty7|no fuckin shot dawg\n|c|\u2606Chunk_dirty7|this game is fuckin dumb\n|n|\u203dChunk_dirty7|chunkdirty7\n|c|&|\/log Chunk_dirty7 was locked from talking by Artemis. (\u2606Chunk_dirty7: is fuckin dumb)\n|c|&|\/raw This action was done automatically. Want to learn more about the AI? Visit the information thread<\/a>.<\/small>\n|inactive|Chunk_dirty7 has 30 seconds left.\n|inactive|Chunk_dirty7 has 20 seconds left.\n|inactive|Chunk_dirty7 has 15 seconds left.\n|n|\u2606Chunk_dirty7|chunkdirty7\n|inactive|Chunk_dirty7 has 10 seconds left.\n|inactive|Chunk_dirty7 has 5 seconds left.\n|\n|t:|1683570703\n|-end|p2a: Iron Bundle|Quark Drive|[silent]\n|switch|p2a: Ting-Lu|Ting-Lu, L50|100\/100\n|-ability|p2a: Ting-Lu|Vessel of Ruin\n|move|p1a: Talonflame|Tailwind|p1a: Talonflame\n|-sidestart|p1: Chunk_dirty7|move: Tailwind\n|move|p2b: Abomasnow|Earth Power|p1b: Torkoal\n|-supereffective|p1b: Torkoal\n|-damage|p1b: Torkoal|52\/100\n|move|p1b: Torkoal|Heat Wave|p2a: Ting-Lu|[spread] p2a,p2b\n|-crit|p2a: Ting-Lu\n|-resisted|p2b: Abomasnow\n|-damage|p2a: Ting-Lu|66\/100\n|-damage|p2b: Abomasnow|47\/100\n|\n|-weather|SunnyDay|[upkeep]\n|upkeep\n|turn|3\n|c|\u2606Chunk_dirty7|you just auto ban people?\n|c|\u2606Chunk_dirty7|weird\n|inactive|Chunk_dirty7 has 30 seconds left.\n|inactive|Chunk_dirty7 has 20 seconds left.\n|inactive|Chunk_dirty7 has 15 seconds left.\n|inactive|Chunk_dirty7 has 10 seconds left.\n|\n|t:|1683570750\n|switch|p1a: Arboliva|Arboliva, L50, M|100\/100\n|move|p2b: Abomasnow|Protect|p2b: Abomasnow\n|-singleturn|p2b: Abomasnow|Protect\n|move|p1b: Torkoal|Heat Wave|p2b: Abomasnow|[spread] \n|-activate|p2b: Abomasnow|move: Protect\n|-miss|p1b: Torkoal|p2a: Ting-Lu\n|move|p2a: Ting-Lu|Rock Slide|p1a: Arboliva|[spread] p1a,p1b\n|-supereffective|p1b: Torkoal\n|-crit|p1b: Torkoal\n|-damage|p1a: Arboliva|76\/100\n|-damage|p1b: Torkoal|0 fnt\n|-fieldstart|move: Grassy Terrain|[from] ability: Seed Sower|[of] p1a: Arboliva\n|faint|p1b: Torkoal\n|\n|-weather|SunnyDay|[upkeep]\n|-heal|p1a: Arboliva|82\/100|[from] Grassy Terrain\n|-heal|p1a: Arboliva|88\/100|[from] item: Leftovers\n|-heal|p2b: Abomasnow|53\/100|[from] Grassy Terrain\n|-heal|p2a: Ting-Lu|72\/100|[from] Grassy Terrain\n|upkeep\n|\n|t:|1683570770\n|switch|p1b: Dragonite|Dragonite, L50, M, shiny|100\/100\n|turn|4\n|\n|t:|1683570789\n|switch|p2b: Iron Bundle|Iron Bundle, L50|100\/100\n|-terastallize|p1b: Dragonite|Flying\n|move|p1b: Dragonite|Tera Blast|p2b: Iron Bundle\n|-damage|p2b: Iron Bundle|2\/100\n|move|p1a: Arboliva|Leech Seed|p2a: Ting-Lu\n|-start|p2a: Ting-Lu|move: Leech Seed\n|move|p2a: Ting-Lu|Rock Slide|p1b: Dragonite|[spread] p1a,p1b\n|-supereffective|p1b: Dragonite\n|-crit|p1b: Dragonite\n|-damage|p1a: Arboliva|63\/100\n|-damage|p1b: Dragonite|51\/100\n|\n|-weather|SunnyDay|[upkeep]\n|-heal|p2b: Iron Bundle|8\/100|[from] Grassy Terrain\n|-heal|p1a: Arboliva|69\/100|[from] Grassy Terrain\n|-heal|p1a: Arboliva|75\/100|[from] item: Leftovers\n|-heal|p2a: Ting-Lu|78\/100|[from] Grassy Terrain\n|-damage|p2a: Ting-Lu|66\/100|[from] Leech Seed|[of] p1a: Arboliva\n|-heal|p1a: Arboliva|91\/100|[silent]\n|upkeep\n|turn|5\n|inactive|Chunk_dirty7 has 30 seconds left.\n|\n|t:|1683570820\n|switch|p1b: Talonflame|Talonflame, L50, F, shiny|21\/100\n|switch|p2a: Abomasnow|Abomasnow, L50, M, tera:Water|53\/100\n|-weather|Snow|[from] ability: Snow Warning|[of] p2a: Abomasnow\n|move|p2b: Iron Bundle|Aurora Veil|p2b: Iron Bundle\n|-sidestart|p2: alenesse|move: Aurora Veil\n|move|p1a: Arboliva|Hyper Voice|p2a: Abomasnow|[spread] p2a,p2b\n|-damage|p2a: Abomasnow|29\/100\n|-damage|p2b: Iron Bundle|0 fnt\n|faint|p2b: Iron Bundle\n|-end|p2b: Iron Bundle|Quark Drive|[silent]\n|\n|-weather|Snow|[upkeep]\n|-heal|p1a: Arboliva|97\/100|[from] Grassy Terrain\n|-heal|p1a: Arboliva|100\/100|[from] item: Leftovers\n|-heal|p2a: Abomasnow|36\/100|[from] Grassy Terrain\n|-sideend|p1: Chunk_dirty7|move: Tailwind\n|upkeep\n|\n|t:|1683570833\n|switch|p2b: Ting-Lu|Ting-Lu, L50|66\/100\n|-ability|p2b: Ting-Lu|Vessel of Ruin\n|turn|6\n|\n|t:|1683570848\n|move|p1b: Talonflame|Tailwind|p1b: Talonflame\n|-sidestart|p1: Chunk_dirty7|move: Tailwind\n|move|p1a: Arboliva|Giga Drain|p2a: Abomasnow\n|-supereffective|p2a: Abomasnow\n|-damage|p2a: Abomasnow|0 fnt\n|faint|p2a: Abomasnow\n|move|p2b: Ting-Lu|Rock Slide|p1a: Arboliva|[spread] p1a,p1b\n|-supereffective|p1b: Talonflame\n|-damage|p1a: Arboliva|73\/100\n|-damage|p1b: Talonflame|0 fnt\n|faint|p1b: Talonflame\n|\n|-weather|Snow|[upkeep]\n|-heal|p1a: Arboliva|79\/100|[from] Grassy Terrain\n|-heal|p1a: Arboliva|85\/100|[from] item: Leftovers\n|-heal|p2b: Ting-Lu|72\/100|[from] Grassy Terrain\n|upkeep\n|\n|t:|1683570861\n|switch|p1b: Dragonite|Dragonite, L50, M, shiny, tera:Flying|51\/100\n|switch|p2a: Chien-Pao|Chien-Pao, L50|100\/100\n|-ability|p2a: Chien-Pao|Sword of Ruin\n|turn|7\n|\n|t:|1683570878\n|move|p1b: Dragonite|Extreme Speed|p2a: Chien-Pao\n|-crit|p2a: Chien-Pao\n|-damage|p2a: Chien-Pao|48\/100\n|-enditem|p2a: Chien-Pao|Sitrus Berry|[eat]\n|-heal|p2a: Chien-Pao|72\/100|[from] item: Sitrus Berry\n|move|p2a: Chien-Pao|Ice Shard|p1b: Dragonite\n|-supereffective|p1b: Dragonite\n|-damage|p1b: Dragonite|0 fnt\n|faint|p1b: Dragonite\n|move|p1a: Arboliva|Hyper Voice|p2b: Ting-Lu|[spread] p2a,p2b\n|-crit|p2b: Ting-Lu\n|-damage|p2a: Chien-Pao|50\/100\n|-damage|p2b: Ting-Lu|46\/100\n|move|p2b: Ting-Lu|Rock Slide|p1a: Arboliva|[miss]\n|-miss|p2b: Ting-Lu|p1a: Arboliva\n|\n|-weather|Snow|[upkeep]\n|-heal|p2a: Chien-Pao|56\/100|[from] Grassy Terrain\n|-heal|p1a: Arboliva|91\/100|[from] Grassy Terrain\n|-heal|p1a: Arboliva|97\/100|[from] item: Leftovers\n|-heal|p2b: Ting-Lu|52\/100|[from] Grassy Terrain\n|-fieldend|move: Grassy Terrain\n|upkeep\n|turn|8\n|c|\u2606alenesse|gg\n|\n|t:|1683570902\n|move|p2a: Chien-Pao|Ice Spinner|p1a: Arboliva\n|-supereffective|p1a: Arboliva\n|-damage|p1a: Arboliva|0 fnt\n|-fieldstart|move: Grassy Terrain|[from] ability: Seed Sower|[of] p1a: Arboliva\n|faint|p1a: Arboliva\n|\n|win|alenesse\n|raw|Chunk_dirty7's rating: 1194 → 1174<\/strong> (-20 for losing)\n|raw|alenesse's rating: 1270 → 1290<\/strong> (+20 for winning)\n","uploadtime":1683570673,"views":12,"p1id":"chunkdirty7","p2id":"alenesse","formatid":"gen9vgc2023regulationc","rating":1174,"private":0,"password":""}