{"id":"gen9vgc2023regulationc-1854306195","p1":"DozoScarfTopTier","p2":"MIGUELIVGC","format":"[Gen 9] VGC 2023 Regulation C","log":"|j|\u2606DozoScarfTopTier\n|j|\u2606MIGUELIVGC\n|t:|1682795003\n|gametype|doubles\n|player|p1|DozoScarfTopTier|burglar|\n|player|p2|MIGUELIVGC|dragontamer|\n|teamsize|p1|6\n|teamsize|p2|6\n|gen|9\n|tier|[Gen 9] VGC 2023 Regulation C\n|rule|Species Clause: Limit one of each Pok\u00e9mon\n|rule|Item Clause: Limit one of each item\n|clearpoke\n|poke|p1|Chi-Yu, L50|\n|poke|p1|Flutter Mane, L50|\n|poke|p1|Great Tusk, L50|\n|poke|p1|Brute Bonnet, L50|\n|poke|p1|Corviknight, L50, F|\n|poke|p1|Murkrow, L50, F|\n|poke|p2|Ting-Lu, L50|\n|poke|p2|Mimikyu, L50, M|\n|poke|p2|Amoonguss, L50, F|\n|poke|p2|Baxcalibur, L50, M|\n|poke|p2|Gyarados, L50, M|\n|poke|p2|Kingambit, L50, M|\n|teampreview|4\n|c|\u2606MIGUELIVGC|g2\nMIGUELIVGC has agreed to open team sheets.\nDozoScarfTopTier has agreed to open team sheets.\n|l|\u2606DozoScarfTopTier\n|player|p1|\n|j|\u2606DozoScarfTopTier\n|player|p1|DozoScarfTopTier|burglar\n|c|\u2606MIGUELIVGC|estoy amiguito\n|c|\u2606DozoScarfTopTier|H yo suerte\n|\n|t:|1682795427\n|start\n|switch|p1a: Murkrow|Murkrow, L50, F, shiny|100\/100\n|switch|p1b: Great Tusk|Great Tusk, L50, shiny|100\/100\n|switch|p2a: Mimikyu|Mimikyu, L50, M|100\/100\n|switch|p2b: Ting-Lu|Ting-Lu, L50|100\/100\n|-ability|p2b: Ting-Lu|Vessel of Ruin\n|turn|1\n|\n|t:|1682795450\n|switch|p2b: Gyarados|Gyarados, L50, M|100\/100\n|-ability|p2b: Gyarados|Intimidate|boost\n|-unboost|p1a: Murkrow|atk|1\n|-unboost|p1b: Great Tusk|atk|1\n|-terastallize|p1b: Great Tusk|Steel\n|move|p1a: Murkrow|Sunny Day|p1a: Murkrow\n|-weather|SunnyDay\n|-activate|p1b: Great Tusk|ability: Protosynthesis\n|-start|p1b: Great Tusk|protosynthesisdef\n|move|p1b: Great Tusk|Close Combat|p2b: Gyarados\n|-resisted|p2b: Gyarados\n|-damage|p2b: Gyarados|74\/100\n|-unboost|p1b: Great Tusk|def|1\n|-unboost|p1b: Great Tusk|spd|1\n|move|p2a: Mimikyu|Trick Room|p2a: Mimikyu\n|-fieldstart|move: Trick Room|[of] p2a: Mimikyu\n|\n|-weather|SunnyDay|[upkeep]\n|upkeep\n|turn|2\n|\n|t:|1682795473\n|-end|p1b: Great Tusk|Protosynthesis|[silent]\n|switch|p1b: Corviknight|Corviknight, L50, F, shiny|100\/100\n|move|p1a: Murkrow|Foul Play|p2b: Gyarados\n|-damage|p2b: Gyarados|15\/100\n|move|p2a: Mimikyu|Play Rough|p1a: Murkrow\n|-supereffective|p1a: Murkrow\n|-damage|p1a: Murkrow|5\/100\n|-unboost|p1a: Murkrow|atk|1\n|-damage|p2a: Mimikyu|91\/100|[from] item: Life Orb\n|move|p2b: Gyarados|Waterfall|p1a: Murkrow\n|-damage|p1a: Murkrow|0 fnt\n|faint|p1a: Murkrow\n|\n|-weather|SunnyDay|[upkeep]\n|upkeep\n|\n|t:|1682795487\n|switch|p1a: Great Tusk|Great Tusk, L50, shiny, tera:Steel|100\/100\n|-activate|p1a: Great Tusk|ability: Protosynthesis\n|-start|p1a: Great Tusk|protosynthesisatk\n|turn|3\n|c|\u2606DozoScarfTopTier|Nah el tr me counteaba mucho yo sin protects xddd\n|\n|t:|1682795519\n|move|p2b: Gyarados|Protect|p2b: Gyarados\n|-singleturn|p2b: Gyarados|Protect\n|move|p1b: Corviknight|Iron Head|p2a: Mimikyu\n|-activate|p2a: Mimikyu|ability: Disguise\n|-damage|p2a: Mimikyu|91\/100\n|detailschange|p2a: Mimikyu|Mimikyu-Busted, L50, M\n|-damage|p2a: Mimikyu|78\/100|[from] pokemon: Mimikyu-Busted\n|move|p2a: Mimikyu|Curse|p1b: Corviknight\n|-start|p1b: Corviknight|Curse|[of] p2a: Mimikyu\n|-damage|p2a: Mimikyu|28\/100\n|move|p1a: Great Tusk|Rock Slide|p2b: Gyarados|[spread] p2a\n|-activate|p2b: Gyarados|move: Protect\n|-crit|p2a: Mimikyu\n|-damage|p2a: Mimikyu|0 fnt\n|faint|p2a: Mimikyu\n|\n|-weather|SunnyDay|[upkeep]\n|-damage|p1b: Corviknight|76\/100|[from] Curse\n|upkeep\n|c|\u2606DozoScarfTopTier|Gg\n|\n|t:|1682795544\n|switch|p2a: Ting-Lu|Ting-Lu, L50|100\/100\n|-ability|p2a: Ting-Lu|Vessel of Ruin\n|turn|4\n|\n|t:|1682795562\n|switch|p1b: Flutter Mane|Flutter Mane, L50, shiny|100\/100\n|-activate|p1b: Flutter Mane|ability: Protosynthesis\n|-start|p1b: Flutter Mane|protosynthesisspe\n|move|p2b: Gyarados|Protect||[still]\n|-fail|p2b: Gyarados\n|move|p2a: Ting-Lu|Earthquake|p1a: Great Tusk|[spread] p1a,p1b\n|-immune|p2b: Gyarados\n|-supereffective|p1a: Great Tusk\n|-damage|p1a: Great Tusk|60\/100\n|-damage|p1b: Flutter Mane|52\/100\n|move|p1a: Great Tusk|Rock Slide|p2a: Ting-Lu|[spread] p2a,p2b\n|-resisted|p2a: Ting-Lu\n|-supereffective|p2b: Gyarados\n|-damage|p2a: Ting-Lu|94\/100\n|-damage|p2b: Gyarados|0 fnt\n|faint|p2b: Gyarados\n|\n|-weather|SunnyDay|[upkeep]\n|upkeep\n|\n|t:|1682795577\n|switch|p2b: Baxcalibur|Baxcalibur, L50, M|100\/100\n|turn|5\n|\n|t:|1682795607\n|-end|p1b: Flutter Mane|Protosynthesis|[silent]\n|switch|p1b: Corviknight|Corviknight, L50, F, shiny|76\/100\n|-terastallize|p2b: Baxcalibur|Poison\n|move|p2a: Ting-Lu|Body Press|p1a: Great Tusk\n|-supereffective|p1a: Great Tusk\n|-damage|p1a: Great Tusk|19\/100\n|move|p2b: Baxcalibur|Icicle Spear|p1b: Corviknight\n|-damage|p1b: Corviknight|63\/100\n|-damage|p1b: Corviknight|48\/100\n|-damage|p1b: Corviknight|34\/100\n|-damage|p1b: Corviknight|21\/100\n|-damage|p1b: Corviknight|7\/100\n|-hitcount|p1b: Corviknight|5\n|move|p1a: Great Tusk|Rock Slide|p2a: Ting-Lu|[spread] p2b\n|-miss|p1a: Great Tusk|p2a: Ting-Lu\n|-damage|p2b: Baxcalibur|75\/100\n|\n|-weather|none\n|-end|p1a: Great Tusk|Protosynthesis\n|-fieldend|move: Trick Room\n|upkeep\n|turn|6\n|\n|t:|1682795644\n|-end|p1a: Great Tusk|Protosynthesis|[silent]\n|switch|p1a: Flutter Mane|Flutter Mane, L50, shiny|52\/100\n|move|p2b: Baxcalibur|Ice Shard|p1b: Corviknight\n|-damage|p1b: Corviknight|0 fnt\n|faint|p1b: Corviknight\n|move|p2a: Ting-Lu|Heavy Slam|p1a: Flutter Mane\n|-supereffective|p1a: Flutter Mane\n|-damage|p1a: Flutter Mane|0 fnt\n|faint|p1a: Flutter Mane\n|-end|p1a: Flutter Mane|Protosynthesis|[silent]\n|\n|upkeep\n|\n|t:|1682795651\n|switch|p1b: Great Tusk|Great Tusk, L50, shiny, tera:Steel|19\/100\n|turn|7\n|\n|t:|1682795660\n|move|p2b: Baxcalibur|Protect|p2b: Baxcalibur\n|-singleturn|p2b: Baxcalibur|Protect\n|move|p1b: Great Tusk|Earthquake|p2a: Ting-Lu|[spread] p2a\n|-activate|p2b: Baxcalibur|move: Protect\n|-damage|p2a: Ting-Lu|73\/100\n|move|p2a: Ting-Lu|Earthquake|p1b: Great Tusk|[spread] p1b\n|-activate|p2b: Baxcalibur|move: Protect\n|-supereffective|p1b: Great Tusk\n|-damage|p1b: Great Tusk|0 fnt\n|faint|p1b: Great Tusk\n|-end|p1b: Great Tusk|Protosynthesis|[silent]\n|\n|win|MIGUELIVGC\n|c|\u2606MIGUELIVGC|gg\n|c|\u2606DozoScarfTopTier|Gg\n|c|\u2606MIGUELIVGC|voy al group\n|l|\u2606MIGUELIVGC\n","uploadtime":1682795688,"views":23,"p1id":"dozoscarftoptier","p2id":"miguelivgc","formatid":"gen9vgc2023regulationc","rating":0,"private":0,"password":""}