{"id":"gen9vgc2023regulationc-1851795796","p1":"LoZoppo_IT","p2":"Adri 2022","format":"[Gen 9] VGC 2023 Regulation C","log":"|j|\u2606LoZoppo_IT\n|j|\u2606Adri 2022\n|t:|1682485113\n|gametype|doubles\n|player|p1|LoZoppo_IT|dawn|1134\n|player|p2|Adri 2022|plasmagrunt|1108\n|teamsize|p1|6\n|teamsize|p2|6\n|gen|9\n|tier|[Gen 9] VGC 2023 Regulation C\n|rated|\n|rule|Species Clause: Limit one of each Pok\u00e9mon\n|rule|Item Clause: Limit one of each item\n|clearpoke\n|poke|p1|Amoonguss, L50, M|\n|poke|p1|Flutter Mane, L50|\n|poke|p1|Gyarados, L50, M|\n|poke|p1|Kingambit, L50, F|\n|poke|p1|Arcanine, L50, F|\n|poke|p1|Iron Hands, L50|\n|poke|p2|Chien-Pao, L50|\n|poke|p2|Staraptor, L50, F|\n|poke|p2|Amoonguss, L50, M|\n|poke|p2|Palafin, L50, M|\n|poke|p2|Flutter Mane, L50|\n|poke|p2|Iron Hands, L50|\n|teampreview|4\n|inactive|Battle timer is ON: inactive players will automatically lose when time's up. (requested by LoZoppo_IT)\n|\n|t:|1682485132\n|start\n|switch|p1a: Iron Hands|Iron Hands, L50|100\/100\n|switch|p1b: Arcanine|Arcanine, L50, F|100\/100\n|switch|p2a: Flutter Mane|Flutter Mane, L50|100\/100\n|switch|p2b: Iron Hands|Iron Hands, L50|100\/100\n|-ability|p1b: Arcanine|Intimidate|boost\n|-unboost|p2a: Flutter Mane|atk|1\n|-unboost|p2b: Iron Hands|atk|1\n|-enditem|p2a: Flutter Mane|Booster Energy\n|-activate|p2a: Flutter Mane|ability: Protosynthesis|[fromitem]\n|-start|p2a: Flutter Mane|protosynthesisspa\n|turn|1\n|inactive|LoZoppo_IT has 30 seconds left.\n|inactive|LoZoppo_IT has 20 seconds left.\n|inactive|LoZoppo_IT has 15 seconds left.\n|inactive|LoZoppo_IT has 10 seconds left.\n|inactive|LoZoppo_IT has 5 seconds left.\n|\n|t:|1682485187\n|-end|p2b: Iron Hands|Quark Drive|[silent]\n|switch|p2b: Staraptor|Staraptor, L50, F|100\/100\n|-ability|p2b: Staraptor|Intimidate|boost\n|-unboost|p1a: Iron Hands|atk|1\n|-unboost|p1b: Arcanine|atk|1\n|move|p2a: Flutter Mane|Protect|p2a: Flutter Mane\n|-singleturn|p2a: Flutter Mane|Protect\n|move|p1a: Iron Hands|Fake Out|p2b: Staraptor\n|-damage|p2b: Staraptor|88\/100\n|move|p1b: Arcanine|Snarl|p2b: Staraptor|[spread] p2b\n|-activate|p2a: Flutter Mane|move: Protect\n|-damage|p2b: Staraptor|75\/100\n|-unboost|p2b: Staraptor|spa|1\n|\n|upkeep\n|turn|2\n|inactive|LoZoppo_IT has 30 seconds left.\n|\n|t:|1682485216\n|switch|p2b: Amoonguss|Amoonguss, L50, M|100\/100\n|move|p1b: Arcanine|Snarl|p2b: Amoonguss|[spread] p2a,p2b\n|-crit|p2a: Flutter Mane\n|-damage|p2a: Flutter Mane|90\/100\n|-damage|p2b: Amoonguss|95\/100\n|-unboost|p2a: Flutter Mane|spa|1\n|-unboost|p2b: Amoonguss|spa|1\n|move|p2a: Flutter Mane|Power Gem|p1b: Arcanine\n|-supereffective|p1b: Arcanine\n|-damage|p1b: Arcanine|42\/100\n|move|p1a: Iron Hands|Wild Charge|p2b: Amoonguss\n|-resisted|p2b: Amoonguss\n|-damage|p2b: Amoonguss|80\/100\n|-status|p1a: Iron Hands|psn|[from] ability: Effect Spore|[of] p2b: Amoonguss\n|-damage|p1a: Iron Hands|97\/100 psn|[from] Recoil\n|\n|-heal|p1b: Arcanine|48\/100|[from] item: Leftovers\n|-damage|p1a: Iron Hands|85\/100 psn|[from] psn\n|upkeep\n|turn|3\n|inactive|LoZoppo_IT has 30 seconds left.\n|inactive|LoZoppo_IT has 20 seconds left.\n|\n|t:|1682485253\n|switch|p1b: Amoonguss|Amoonguss, L50, M|100\/100\n|move|p2b: Amoonguss|Rage Powder|p2b: Amoonguss\n|-singleturn|p2b: Amoonguss|move: Rage Powder\n|move|p2a: Flutter Mane|Power Gem|p1b: Amoonguss\n|-damage|p1b: Amoonguss|80\/100\n|move|p1a: Iron Hands|Wild Charge|p2b: Amoonguss\n|-resisted|p2b: Amoonguss\n|-damage|p2b: Amoonguss|67\/100\n|-damage|p1a: Iron Hands|82\/100 psn|[from] Recoil\n|\n|-damage|p1a: Iron Hands|70\/100 psn|[from] psn\n|upkeep\n|turn|4\n|\n|t:|1682485273\n|-end|p1a: Iron Hands|Quark Drive|[silent]\n|switch|p1a: Arcanine|Arcanine, L50, F|48\/100\n|-ability|p1a: Arcanine|Intimidate|boost\n|-unboost|p2a: Flutter Mane|atk|1\n|-unboost|p2b: Amoonguss|atk|1\n|move|p2b: Amoonguss|Rage Powder|p2b: Amoonguss\n|-singleturn|p2b: Amoonguss|move: Rage Powder\n|move|p2a: Flutter Mane|Moonblast|p1a: Arcanine\n|-resisted|p1a: Arcanine\n|-damage|p1a: Arcanine|23\/100\n|move|p1b: Amoonguss|Pollen Puff|p1a: Arcanine\n|-heal|p1a: Arcanine|73\/100\n|\n|-heal|p1a: Arcanine|79\/100|[from] item: Leftovers\n|upkeep\n|turn|5\n|\n|t:|1682485288\n|switch|p2b: Staraptor|Staraptor, L50, F|75\/100\n|-ability|p2b: Staraptor|Intimidate|boost\n|-unboost|p1a: Arcanine|atk|1\n|-unboost|p1b: Amoonguss|atk|1\n|move|p2a: Flutter Mane|Protect|p2a: Flutter Mane\n|-singleturn|p2a: Flutter Mane|Protect\n|move|p1a: Arcanine|Snarl|p2b: Staraptor|[spread] p2b\n|-activate|p2a: Flutter Mane|move: Protect\n|-damage|p2b: Staraptor|63\/100\n|-unboost|p2b: Staraptor|spa|1\n|move|p1b: Amoonguss|Spore|p2a: Flutter Mane\n|-activate|p2a: Flutter Mane|move: Protect\n|\n|-heal|p1a: Arcanine|85\/100|[from] item: Leftovers\n|upkeep\n|turn|6\n|\n|t:|1682485307\n|-end|p2a: Flutter Mane|Protosynthesis|[silent]\n|switch|p2a: Amoonguss|Amoonguss, L50, M|67\/100\n|move|p1b: Amoonguss|Protect|p1b: Amoonguss\n|-singleturn|p1b: Amoonguss|Protect\n|move|p1a: Arcanine|Flare Blitz|p2b: Staraptor\n|-damage|p2b: Staraptor|16\/100\n|-damage|p1a: Arcanine|68\/100|[from] Recoil\n|move|p2b: Staraptor|Brave Bird|p1b: Amoonguss\n|-activate|p1b: Amoonguss|move: Protect\n|\n|-heal|p1a: Arcanine|74\/100|[from] item: Leftovers\n|upkeep\n|turn|7\n|inactive|LoZoppo_IT has 30 seconds left.\n|\n|t:|1682485333\n|switch|p1b: Iron Hands|Iron Hands, L50|70\/100 psn\n|move|p2b: Staraptor|Protect|p2b: Staraptor\n|-singleturn|p2b: Staraptor|Protect\n|move|p1a: Arcanine|Flare Blitz|p2a: Amoonguss\n|-supereffective|p2a: Amoonguss\n|-crit|p2a: Amoonguss\n|-damage|p2a: Amoonguss|0 fnt\n|faint|p2a: Amoonguss\n|-damage|p1a: Arcanine|45\/100|[from] Recoil\n|\n|-heal|p1a: Arcanine|51\/100|[from] item: Leftovers\n|-damage|p1b: Iron Hands|58\/100 psn|[from] psn\n|upkeep\n|\n|t:|1682485345\n|switch|p2a: Iron Hands|Iron Hands, L50|100\/100\n|turn|8\n|\n|t:|1682485360\n|-terastallize|p2b: Staraptor|Fighting\n|move|p2a: Iron Hands|Fake Out|p1a: Arcanine\n|-damage|p1a: Arcanine|34\/100\n|cant|p1a: Arcanine|flinch\n|move|p2b: Staraptor|Close Combat|p1b: Iron Hands\n|-damage|p1b: Iron Hands|18\/100 psn\n|-unboost|p2b: Staraptor|def|1\n|-unboost|p2b: Staraptor|spd|1\n|move|p1b: Iron Hands|Stomping Tantrum|p2a: Iron Hands\n|-supereffective|p2a: Iron Hands\n|-damage|p2a: Iron Hands|66\/100\n|\n|-heal|p1a: Arcanine|40\/100|[from] item: Leftovers\n|-damage|p1b: Iron Hands|6\/100 psn|[from] psn\n|upkeep\n|turn|9\n|inactive|LoZoppo_IT has 30 seconds left.\n|\n|t:|1682485391\n|-end|p1b: Iron Hands|Quark Drive|[silent]\n|switch|p1b: Flutter Mane|Flutter Mane, L50|100\/100\n|-enditem|p1b: Flutter Mane|Booster Energy\n|-activate|p1b: Flutter Mane|ability: Protosynthesis|[fromitem]\n|-start|p1b: Flutter Mane|protosynthesisspa\n|move|p2b: Staraptor|Protect|p2b: Staraptor\n|-singleturn|p2b: Staraptor|Protect\n|move|p1a: Arcanine|Flare Blitz|p2b: Staraptor\n|-activate|p2b: Staraptor|move: Protect\n|move|p2a: Iron Hands|Drain Punch|p1a: Arcanine\n|-damage|p1a: Arcanine|0 fnt\n|-heal|p2a: Iron Hands|79\/100|[from] drain|[of] p1a: Arcanine\n|faint|p1a: Arcanine\n|\n|upkeep\n|\n|t:|1682485404\n|switch|p1a: Amoonguss|Amoonguss, L50, M|100\/100\n|turn|10\n|inactive|LoZoppo_IT has 30 seconds left.\n|\n|t:|1682485435\n|-terastallize|p1a: Amoonguss|Rock\n|move|p1b: Flutter Mane|Protect|p1b: Flutter Mane\n|-singleturn|p1b: Flutter Mane|Protect\n|move|p2b: Staraptor|Tailwind|p2b: Staraptor\n|-sidestart|p2: Adri 2022|move: Tailwind\n|move|p2a: Iron Hands|Iron Head|p1b: Flutter Mane\n|-activate|p1b: Flutter Mane|move: Protect\n|move|p1a: Amoonguss|Spore|p2a: Iron Hands\n|-status|p2a: Iron Hands|slp|[from] move: Spore\n|\n|upkeep\n|turn|11\n|\n|t:|1682485459\n|-end|p2a: Iron Hands|Quark Drive|[silent]\n|switch|p2a: Flutter Mane|Flutter Mane, L50|90\/100\n|move|p1a: Amoonguss|Protect|p1a: Amoonguss\n|-singleturn|p1a: Amoonguss|Protect\n|move|p2b: Staraptor|Brave Bird|p1a: Amoonguss\n|-activate|p1a: Amoonguss|move: Protect\n|move|p1b: Flutter Mane|Dazzling Gleam|p2a: Flutter Mane|[spread] p2a,p2b\n|-supereffective|p2b: Staraptor\n|-damage|p2a: Flutter Mane|49\/100\n|-damage|p2b: Staraptor|0 fnt\n|faint|p2b: Staraptor\n|\n|upkeep\n|\n|t:|1682485470\n|switch|p2b: Iron Hands|Iron Hands, L50|79\/100 slp\n|turn|12\n|\n|t:|1682485491\n|move|p1b: Flutter Mane|Protect|p1b: Flutter Mane\n|-singleturn|p1b: Flutter Mane|Protect\n|cant|p2b: Iron Hands|slp\n|move|p2a: Flutter Mane|Moonblast|p1b: Flutter Mane\n|-activate|p1b: Flutter Mane|move: Protect\n|move|p1a: Amoonguss|Spore|p2a: Flutter Mane\n|-status|p2a: Flutter Mane|slp|[from] move: Spore\n|\n|upkeep\n|turn|13\n|\n|t:|1682485505\n|cant|p2a: Flutter Mane|slp\n|move|p1a: Amoonguss|Rage Powder|p1a: Amoonguss\n|-singleturn|p1a: Amoonguss|move: Rage Powder\n|move|p1b: Flutter Mane|Dazzling Gleam|p2a: Flutter Mane|[spread] p2a,p2b\n|-supereffective|p2b: Iron Hands\n|-damage|p2a: Flutter Mane|13\/100 slp\n|-damage|p2b: Iron Hands|23\/100 slp\n|cant|p2b: Iron Hands|slp\n|\n|-sideend|p2: Adri 2022|move: Tailwind\n|upkeep\n|turn|14\n|\n|t:|1682485523\n|move|p1a: Amoonguss|Rage Powder|p1a: Amoonguss\n|-singleturn|p1a: Amoonguss|move: Rage Powder\n|move|p1b: Flutter Mane|Dazzling Gleam|p2a: Flutter Mane|[spread] p2a,p2b\n|-supereffective|p2b: Iron Hands\n|-damage|p2a: Flutter Mane|0 fnt\n|-damage|p2b: Iron Hands|0 fnt\n|faint|p2a: Flutter Mane\n|-end|p2a: Flutter Mane|Protosynthesis|[silent]\n|faint|p2b: Iron Hands\n|-end|p2b: Iron Hands|Quark Drive|[silent]\n|\n|win|LoZoppo_IT\n|raw|LoZoppo_IT's rating: 1134 → 1157<\/strong> (+23 for winning)\n|raw|Adri 2022's rating: 1108 → 1085<\/strong> (-23 for losing)\n|l|\u2606LoZoppo_IT\n","uploadtime":1682485531,"views":12,"p1id":"lozoppoit","p2id":"adri2022","formatid":"gen9vgc2023regulationc","rating":1085,"private":0,"password":""}