{"id":"gen9vgc2023regulationc-1855846331","p1":"kljkghjf","p2":"19402u","format":"[Gen 9] VGC 2023 Regulation C","log":"|j|\u2606kljkghjf\n|j|\u260619402u\n|t:|1682991149\n|gametype|doubles\n|player|p1|kljkghjf|cynthia|1472\n|player|p2|19402u|102|1475\n|teamsize|p1|6\n|teamsize|p2|6\n|gen|9\n|tier|[Gen 9] VGC 2023 Regulation C\n|rated|\n|rule|Species Clause: Limit one of each Pok\u00e9mon\n|rule|Item Clause: Limit one of each item\n|clearpoke\n|poke|p1|Dondozo, L50, M|\n|poke|p1|Tatsugiri, L50, M|\n|poke|p1|Glimmora, L50, M|\n|poke|p1|Ting-Lu, L50|\n|poke|p1|Wo-Chien, L50|\n|poke|p1|Flutter Mane, L50|\n|poke|p2|Dondozo, L50, M|\n|poke|p2|Tatsugiri, L50, F|\n|poke|p2|Pelipper, L50, F|\n|poke|p2|Drednaw, L50, M|\n|poke|p2|Murkrow, L50, M|\n|poke|p2|Great Tusk, L50|\n|teampreview|4\n|inactive|Battle timer is ON: inactive players will automatically lose when time's up. (requested by kljkghjf)\n19402u has agreed to open team sheets.\nkljkghjf rejected open team sheets.\n|j| orage622\n|inactive|19402u has 60 seconds left.\n|\n|t:|1682991204\n|start\n|switch|p1a: Glimmora|Glimmora, L50, M|100\/100\n|switch|p1b: Ting-Lu|Ting-Lu, L50|100\/100\n|switch|p2a: Pelipper|Pelipper, L50, F|100\/100\n|switch|p2b: Dondozo|Dondozo, L50, M|100\/100\n|-weather|RainDance|[from] ability: Drizzle|[of] p2a: Pelipper\n|-ability|p1b: Ting-Lu|Vessel of Ruin\n|turn|1\n|inactive|kljkghjf has 30 seconds left.\n|inactive|kljkghjf has 20 seconds left.\n|inactive|kljkghjf has 15 seconds left.\n|\n|t:|1682991246\n|switch|p1b: Tatsugiri|Tatsugiri, L50, M|100\/100\n|move|p2b: Dondozo|Protect|p2b: Dondozo\n|-singleturn|p2b: Dondozo|Protect\n|move|p1a: Glimmora|Toxic|p2b: Dondozo\n|-activate|p2b: Dondozo|move: Protect\n|move|p2a: Pelipper|Hurricane|p1a: Glimmora\n|-resisted|p1a: Glimmora\n|-damage|p1a: Glimmora|73\/100\n|-start|p1a: Glimmora|confusion\n|\n|-weather|RainDance|[upkeep]\n|upkeep\n|turn|2\n|inactive|19402u has 30 seconds left.\n|inactive|kljkghjf has 30 seconds left.\n|\n|t:|1682991277\n|switch|p1a: Wo-Chien|Wo-Chien, L50|100\/100\n|-ability|p1a: Wo-Chien|Tablets of Ruin\n|switch|p2a: Tatsugiri|Tatsugiri, L50, F, shiny|100\/100\n|-activate|p2a: Tatsugiri|ability: Commander|[of] p2b: Dondozo\n|-boost|p2b: Dondozo|atk|2\n|-boost|p2b: Dondozo|spa|2\n|-boost|p2b: Dondozo|spe|2\n|-boost|p2b: Dondozo|def|2\n|-boost|p2b: Dondozo|spd|2\n|-terastallize|p2b: Dondozo|Grass\n|move|p1b: Tatsugiri|Draco Meteor|p2b: Dondozo\n|-damage|p2b: Dondozo|69\/100\n|-unboost|p1b: Tatsugiri|spa|2\n|move|p2b: Dondozo|Tera Blast|p1b: Tatsugiri\n|-damage|p1b: Tatsugiri|27\/100\n|\n|-weather|RainDance|[upkeep]\n|upkeep\n|turn|3\n|inactive|kljkghjf has 30 seconds left.\n|\n|t:|1682991306\n|move|p1b: Tatsugiri|Draco Meteor|p2b: Dondozo\n|-damage|p2b: Dondozo|39\/100\n|-unboost|p1b: Tatsugiri|spa|2\n|-enditem|p2b: Dondozo|Sitrus Berry|[eat]\n|-heal|p2b: Dondozo|64\/100|[from] item: Sitrus Berry\n|move|p2b: Dondozo|Tera Blast|p1b: Tatsugiri\n|-damage|p1b: Tatsugiri|0 fnt\n|faint|p1b: Tatsugiri\n|move|p1a: Wo-Chien|Pollen Puff|p2b: Dondozo\n|-supereffective|p2b: Dondozo\n|-damage|p2b: Dondozo|43\/100\n|\n|-weather|RainDance|[upkeep]\n|upkeep\n|\n|t:|1682991319\n|switch|p1b: Glimmora|Glimmora, L50, M|73\/100\n|turn|4\n|\n|t:|1682991331\n|-terastallize|p1b: Glimmora|Grass\n|move|p2b: Dondozo|Surf|p1b: Glimmora|[spread] p1a,p1b\n|-miss|p2b: Dondozo|p2a: Tatsugiri\n|-resisted|p1a: Wo-Chien\n|-resisted|p1b: Glimmora\n|-damage|p1a: Wo-Chien|82\/100\n|-damage|p1b: Glimmora|37\/100\n|move|p1b: Glimmora|Toxic|p2b: Dondozo\n|-status|p2b: Dondozo|tox\n|move|p1a: Wo-Chien|Pollen Puff|p1b: Glimmora\n|-heal|p1b: Glimmora|87\/100\n|\n|-weather|RainDance|[upkeep]\n|-heal|p1a: Wo-Chien|88\/100|[from] item: Leftovers\n|-damage|p2b: Dondozo|36\/100 tox|[from] psn\n|upkeep\n|turn|5\n|\n|t:|1682991352\n|move|p1b: Glimmora|Spiky Shield|p1b: Glimmora\n|-singleturn|p1b: Glimmora|move: Protect\n|move|p1a: Wo-Chien|Protect|p1a: Wo-Chien\n|-singleturn|p1a: Wo-Chien|Protect\n|move|p2b: Dondozo|Surf|p1b: Glimmora|[spread] \n|-miss|p2b: Dondozo|p2a: Tatsugiri\n|-activate|p1a: Wo-Chien|move: Protect\n|-activate|p1b: Glimmora|move: Protect\n|\n|-weather|RainDance|[upkeep]\n|-heal|p1a: Wo-Chien|94\/100|[from] item: Leftovers\n|-damage|p2b: Dondozo|24\/100 tox|[from] psn\n|upkeep\n|turn|6\n|inactive|kljkghjf has 30 seconds left.\n|\n|t:|1682991385\n|move|p2b: Dondozo|Surf|p1a: Wo-Chien|[spread] p1a,p1b\n|-miss|p2b: Dondozo|p2a: Tatsugiri\n|-resisted|p1a: Wo-Chien\n|-resisted|p1b: Glimmora\n|-damage|p1a: Wo-Chien|72\/100\n|-damage|p1b: Glimmora|48\/100\n|move|p1b: Glimmora|Power Gem|p2b: Dondozo\n|-damage|p2b: Dondozo|0 fnt\n|faint|p2b: Dondozo\n|move|p1a: Wo-Chien|Leech Seed|p2a: Tatsugiri|[miss]\n|-miss|p1a: Wo-Chien|p2a: Tatsugiri\n|\n|-weather|RainDance|[upkeep]\n|-heal|p1a: Wo-Chien|78\/100|[from] item: Leftovers\n|upkeep\n|\n|t:|1682991402\n|switch|p2b: Pelipper|Pelipper, L50, F|100\/100\n|turn|7\n|\n|t:|1682991411\n|switch|p1b: Ting-Lu|Ting-Lu, L50|100\/100\n|-ability|p1b: Ting-Lu|Vessel of Ruin\n|move|p2a: Tatsugiri|Draco Meteor|p1b: Ting-Lu\n|-damage|p1b: Ting-Lu|70\/100\n|-unboost|p2a: Tatsugiri|spa|2\n|move|p2b: Pelipper|Hurricane|p1a: Wo-Chien\n|-supereffective|p1a: Wo-Chien\n|-damage|p1a: Wo-Chien|28\/100\n|move|p1a: Wo-Chien|Leech Seed|p2b: Pelipper\n|-start|p2b: Pelipper|move: Leech Seed\n|\n|-weather|RainDance|[upkeep]\n|-heal|p1a: Wo-Chien|34\/100|[from] item: Leftovers\n|-damage|p2b: Pelipper|89\/100|[from] Leech Seed|[of] p1a: Wo-Chien\n|-heal|p1a: Wo-Chien|43\/100|[silent]\n|upkeep\n|turn|8\n|\n|t:|1682991429\n|switch|p2b: Drednaw|Drednaw, L50, M|100\/100\n|move|p1a: Wo-Chien|Protect|p1a: Wo-Chien\n|-singleturn|p1a: Wo-Chien|Protect\n|move|p2a: Tatsugiri|Draco Meteor|p1a: Wo-Chien\n|-activate|p1a: Wo-Chien|move: Protect\n|move|p1b: Ting-Lu|Stealth Rock|p2a: Tatsugiri\n|-sidestart|p2: 19402u|move: Stealth Rock\n|\n|-weather|none\n|-heal|p1a: Wo-Chien|49\/100|[from] item: Leftovers\n|upkeep\n|turn|9\n|inactive|kljkghjf has 30 seconds left.\n|inactive|19402u has 30 seconds left.\n|\n|t:|1682991462\n|move|p2b: Drednaw|Protect|p2b: Drednaw\n|-singleturn|p2b: Drednaw|Protect\n|move|p2a: Tatsugiri|Draco Meteor|p1b: Ting-Lu\n|-damage|p1b: Ting-Lu|55\/100\n|-unboost|p2a: Tatsugiri|spa|2\n|move|p1a: Wo-Chien|Leech Seed|p2a: Tatsugiri\n|-start|p2a: Tatsugiri|move: Leech Seed\n|move|p1b: Ting-Lu|Fissure|p2b: Drednaw\n|-activate|p2b: Drednaw|move: Protect\n|\n|-heal|p1a: Wo-Chien|55\/100|[from] item: Leftovers\n|-damage|p2a: Tatsugiri|89\/100|[from] Leech Seed|[of] p1a: Wo-Chien\n|-heal|p1a: Wo-Chien|64\/100|[silent]\n|upkeep\n|turn|10\n|\n|t:|1682991483\n|switch|p2a: Pelipper|Pelipper, L50, F|89\/100\n|-damage|p2a: Pelipper|64\/100|[from] Stealth Rock\n|-weather|RainDance|[from] ability: Drizzle|[of] p2a: Pelipper\n|move|p2b: Drednaw|Waterfall|p1b: Ting-Lu\n|-supereffective|p1b: Ting-Lu\n|-damage|p1b: Ting-Lu|0 fnt\n|faint|p1b: Ting-Lu\n|-damage|p2b: Drednaw|91\/100|[from] item: Life Orb\n|move|p1a: Wo-Chien|Leech Seed|p2b: Drednaw\n|-start|p2b: Drednaw|move: Leech Seed\n|\n|-weather|RainDance|[upkeep]\n|-heal|p1a: Wo-Chien|70\/100|[from] item: Leftovers\n|-damage|p2b: Drednaw|79\/100|[from] Leech Seed|[of] p1a: Wo-Chien\n|-heal|p1a: Wo-Chien|81\/100|[silent]\n|upkeep\n|\n|t:|1682991497\n|switch|p1b: Glimmora|Glimmora, L50, M, tera:Grass|48\/100\n|turn|11\n|\n|t:|1682991509\n|switch|p2b: Tatsugiri|Tatsugiri, L50, F, shiny|89\/100\n|-damage|p2b: Tatsugiri|77\/100|[from] Stealth Rock\n|move|p1a: Wo-Chien|Protect|p1a: Wo-Chien\n|-singleturn|p1a: Wo-Chien|Protect\n|move|p1b: Glimmora|Power Gem|p2a: Pelipper\n|-supereffective|p2a: Pelipper\n|-damage|p2a: Pelipper|0 fnt\n|faint|p2a: Pelipper\n|\n|-weather|RainDance|[upkeep]\n|-heal|p1a: Wo-Chien|87\/100|[from] item: Leftovers\n|upkeep\n|\n|t:|1682991517\n|switch|p2a: Drednaw|Drednaw, L50, M|79\/100\n|-damage|p2a: Drednaw|67\/100|[from] Stealth Rock\n|turn|12\n|inactive|kljkghjf has 30 seconds left.\n|inactive|19402u has 30 seconds left.\n|\n|t:|1682991548\n|move|p1b: Glimmora|Spiky Shield|p1b: Glimmora\n|-singleturn|p1b: Glimmora|move: Protect\n|move|p2a: Drednaw|Rock Slide|p1b: Glimmora|[spread] p1a\n|-activate|p1b: Glimmora|move: Protect\n|-damage|p1a: Wo-Chien|62\/100\n|-damage|p2a: Drednaw|57\/100|[from] item: Life Orb\n|move|p2b: Tatsugiri|Dragon Pulse|p1b: Glimmora\n|-activate|p1b: Glimmora|move: Protect\n|cant|p1a: Wo-Chien|flinch\n|\n|-weather|RainDance|[upkeep]\n|-heal|p1a: Wo-Chien|68\/100|[from] item: Leftovers\n|upkeep\n|turn|13\n|inactive|kljkghjf has 30 seconds left.\n|inactive|19402u has 30 seconds left.\n|\n|t:|1682991586\n|move|p2a: Drednaw|Protect|p2a: Drednaw\n|-singleturn|p2a: Drednaw|Protect\n|move|p2b: Tatsugiri|Dragon Pulse|p1b: Glimmora\n|-damage|p1b: Glimmora|5\/100\n|move|p1b: Glimmora|Toxic|p2b: Tatsugiri\n|-status|p2b: Tatsugiri|tox\n|move|p1a: Wo-Chien|Leech Seed|p2a: Drednaw\n|-activate|p2a: Drednaw|move: Protect\n|\n|-weather|RainDance|[upkeep]\n|-heal|p1a: Wo-Chien|73\/100|[from] item: Leftovers\n|-damage|p2b: Tatsugiri|71\/100 tox|[from] psn\n|upkeep\n|turn|14\n|\n|t:|1682991606\n|move|p1b: Glimmora|Spiky Shield|p1b: Glimmora\n|-singleturn|p1b: Glimmora|move: Protect\n|move|p2a: Drednaw|Rock Slide|p1a: Wo-Chien|[spread] p1a\n|-activate|p1b: Glimmora|move: Protect\n|-damage|p1a: Wo-Chien|48\/100\n|-damage|p2a: Drednaw|48\/100|[from] item: Life Orb\n|move|p2b: Tatsugiri|Dragon Pulse|p1a: Wo-Chien\n|-damage|p1a: Wo-Chien|22\/100\n|move|p1a: Wo-Chien|Leech Seed|p2a: Drednaw\n|-start|p2a: Drednaw|move: Leech Seed\n|\n|-weather|RainDance|[upkeep]\n|-heal|p1a: Wo-Chien|28\/100|[from] item: Leftovers\n|-damage|p2a: Drednaw|36\/100|[from] Leech Seed|[of] p1a: Wo-Chien\n|-heal|p1a: Wo-Chien|39\/100|[silent]\n|-damage|p2b: Tatsugiri|60\/100 tox|[from] psn\n|upkeep\n|turn|15\n|\n|t:|1682991623\n|move|p1b: Glimmora|Spiky Shield|p1b: Glimmora\n|-singleturn|p1b: Glimmora|move: Protect\n|move|p1a: Wo-Chien|Protect|p1a: Wo-Chien\n|-singleturn|p1a: Wo-Chien|Protect\n|move|p2a: Drednaw|Rock Slide|p1a: Wo-Chien|[spread] \n|-activate|p1a: Wo-Chien|move: Protect\n|-activate|p1b: Glimmora|move: Protect\n|move|p2b: Tatsugiri|Dragon Pulse|p1a: Wo-Chien\n|-activate|p1a: Wo-Chien|move: Protect\n|\n|-weather|RainDance|[upkeep]\n|-heal|p1a: Wo-Chien|45\/100|[from] item: Leftovers\n|-damage|p2a: Drednaw|24\/100|[from] Leech Seed|[of] p1a: Wo-Chien\n|-heal|p1a: Wo-Chien|56\/100|[silent]\n|-damage|p2b: Tatsugiri|43\/100 tox|[from] psn\n|upkeep\n|turn|16\n|inactive|kljkghjf has 30 seconds left.\n|\n|t:|1682991650\n|move|p2a: Drednaw|Rock Slide|p1b: Glimmora|[spread] p1a,p1b\n|-damage|p1a: Wo-Chien|34\/100\n|-damage|p1b: Glimmora|0 fnt\n|-activate|p1b: Glimmora|ability: Toxic Debris\n|-sidestart|p2: 19402u|move: Toxic Spikes\n|faint|p1b: Glimmora\n|-damage|p2a: Drednaw|14\/100|[from] item: Life Orb\n|move|p2b: Tatsugiri|Dragon Pulse|p1a: Wo-Chien\n|-damage|p1a: Wo-Chien|11\/100\n|move|p1a: Wo-Chien|Pollen Puff|p2a: Drednaw\n|-damage|p2a: Drednaw|0 fnt\n|faint|p2a: Drednaw\n|\n|-weather|RainDance|[upkeep]\n|-heal|p1a: Wo-Chien|17\/100|[from] item: Leftovers\n|-damage|p2b: Tatsugiri|21\/100 tox|[from] psn\n|upkeep\n|turn|17\n|\n|t:|1682991666\n|move|p1a: Wo-Chien|Protect|p1a: Wo-Chien\n|-singleturn|p1a: Wo-Chien|Protect\n|move|p2b: Tatsugiri|Dragon Pulse|p1a: Wo-Chien\n|-activate|p1a: Wo-Chien|move: Protect\n|\n|-weather|none\n|-heal|p1a: Wo-Chien|23\/100|[from] item: Leftovers\n|-damage|p2b: Tatsugiri|0 fnt|[from] psn\n|faint|p2b: Tatsugiri\n|\n|win|kljkghjf\n|upkeep\n|raw|kljkghjf's rating: 1472 → 1492<\/strong> (+20 for winning)\n|raw|19402u's rating: 1475 → 1455<\/strong> (-20 for losing)\n|l|\u2606kljkghjf\n|l|\u260619402u\n|j|\u260619402u\n|player|p2|19402u|102\n","uploadtime":1682991690,"views":10,"p1id":"kljkghjf","p2id":"19402u","formatid":"gen9vgc2023regulationc","rating":1455,"private":0,"password":""}