{"id":"gen9vgc2023regulationc-1852879287","p1":"littlerootlessons","p2":"anti_gejming","format":"[Gen 9] VGC 2023 Regulation C","log":"|j|\u2606littlerootlessons\n|j|\u2606anti_gejming\n|t:|1682613948\n|gametype|doubles\n|player|p1|littlerootlessons|wattson|1029\n|player|p2|anti_gejming|waiter-gen4dp|1000\n|teamsize|p1|6\n|teamsize|p2|6\n|gen|9\n|tier|[Gen 9] VGC 2023 Regulation C\n|rated|\n|rule|Species Clause: Limit one of each Pok\u00e9mon\n|rule|Item Clause: Limit one of each item\n|clearpoke\n|poke|p1|Scizor, L50, F|\n|poke|p1|Iron Bundle, L50|\n|poke|p1|Maushold-Four, L50|\n|poke|p1|Annihilape, L50, M|\n|poke|p1|Chien-Pao, L50|\n|poke|p1|Arcanine, L50, F|\n|poke|p2|Flutter Mane, L50|\n|poke|p2|Ting-Lu, L50|\n|poke|p2|Arcanine, L50, M|\n|poke|p2|Gholdengo, L50|\n|poke|p2|Amoonguss, L50, F|\n|poke|p2|Palafin, L50, F|\n|teampreview|4\n|\n|t:|1682613969\n|start\n|switch|p1a: Chien-Pao|Chien-Pao, L50|100\/100\n|switch|p1b: Scizor|Scizor, L50, F|100\/100\n|switch|p2a: Ting-Lu|Ting-Lu, L50|100\/100\n|switch|p2b: Amoonguss|Amoonguss, L50, F|100\/100\n|-ability|p1a: Chien-Pao|Sword of Ruin\n|-ability|p2a: Ting-Lu|Vessel of Ruin\n|turn|1\n|inactive|Battle timer is ON: inactive players will automatically lose when time's up. (requested by littlerootlessons)\n|\n|t:|1682614016\n|switch|p1b: Arcanine|Arcanine, L50, F|100\/100\n|-ability|p1b: Arcanine|Intimidate|boost\n|-unboost|p2a: Ting-Lu|atk|1\n|-unboost|p2b: Amoonguss|atk|1\n|move|p1a: Chien-Pao|Ice Spinner|p2b: Amoonguss\n|-supereffective|p2b: Amoonguss\n|-damage|p2b: Amoonguss|8\/100\n|-enditem|p2b: Amoonguss|Aguav Berry|[eat]\n|-heal|p2b: Amoonguss|41\/100|[from] item: Aguav Berry\n|move|p2a: Ting-Lu|Fissure|p1a: Chien-Pao|[miss]\n|-miss|p2a: Ting-Lu|p1a: Chien-Pao\n|move|p2b: Amoonguss|Spore|p1a: Chien-Pao\n|-status|p1a: Chien-Pao|slp|[from] move: Spore\n|\n|upkeep\n|turn|2\n|\n|t:|1682614037\n|switch|p2b: Arcanine|Arcanine, L50, M|100\/100\n|-ability|p2b: Arcanine|Intimidate|boost\n|-unboost|p1a: Chien-Pao|atk|1\n|-unboost|p1b: Arcanine|atk|1\n|cant|p1a: Chien-Pao|slp\n|move|p1b: Arcanine|Will-O-Wisp|p2a: Ting-Lu\n|-status|p2a: Ting-Lu|brn\n|move|p2a: Ting-Lu|Stomping Tantrum|p1b: Arcanine\n|-supereffective|p1b: Arcanine\n|-damage|p1b: Arcanine|40\/100\n|\n|-damage|p2a: Ting-Lu|95\/100 brn|[from] brn\n|upkeep\n|turn|3\n|\n|t:|1682614060\n|switch|p1a: Iron Bundle|Iron Bundle, L50|100\/100\n|-enditem|p1a: Iron Bundle|Booster Energy\n|-activate|p1a: Iron Bundle|ability: Quark Drive|[fromitem]\n|-start|p1a: Iron Bundle|quarkdrivespe\n|switch|p1b: Scizor|Scizor, L50, F|100\/100\n|move|p2b: Arcanine|Extreme Speed|p1b: Scizor\n|-resisted|p1b: Scizor\n|-damage|p1b: Scizor|89\/100\n|move|p2a: Ting-Lu|Fissure|p1a: Iron Bundle|[miss]\n|-miss|p2a: Ting-Lu|p1a: Iron Bundle\n|\n|-damage|p2a: Ting-Lu|89\/100 brn|[from] brn\n|upkeep\n|turn|4\n|\n|t:|1682614083\n|-terastallize|p1b: Scizor|Water\n|-terastallize|p2a: Ting-Lu|Dark\n|move|p1a: Iron Bundle|Hydro Pump|p2a: Ting-Lu|[miss]\n|-miss|p1a: Iron Bundle|p2a: Ting-Lu\n|move|p2b: Arcanine|Will-O-Wisp|p1b: Scizor\n|-status|p1b: Scizor|brn\n|move|p1b: Scizor|Tera Blast|p2b: Arcanine\n|-supereffective|p2b: Arcanine\n|-damage|p2b: Arcanine|52\/100\n|move|p2a: Ting-Lu|Stomping Tantrum|p1a: Iron Bundle\n|-damage|p1a: Iron Bundle|70\/100\n|\n|-damage|p1b: Scizor|82\/100 brn|[from] brn\n|-damage|p2a: Ting-Lu|83\/100 brn|[from] brn\n|upkeep\n|turn|5\n|\n|t:|1682614103\n|move|p1b: Scizor|Bullet Punch|p2a: Ting-Lu\n|-damage|p2a: Ting-Lu|70\/100 brn\n|move|p1a: Iron Bundle|Hydro Pump|p2b: Arcanine\n|-supereffective|p2b: Arcanine\n|-damage|p2b: Arcanine|0 fnt\n|faint|p2b: Arcanine\n|move|p2a: Ting-Lu|Fissure|p1a: Iron Bundle|[miss]\n|-miss|p2a: Ting-Lu|p1a: Iron Bundle\n|\n|-damage|p1b: Scizor|76\/100 brn|[from] brn\n|-damage|p2a: Ting-Lu|64\/100 brn|[from] brn\n|upkeep\n|\n|t:|1682614110\n|switch|p2b: Flutter Mane|Flutter Mane, L50|100\/100\n|-enditem|p2b: Flutter Mane|Booster Energy\n|-activate|p2b: Flutter Mane|ability: Protosynthesis|[fromitem]\n|-start|p2b: Flutter Mane|protosynthesisspe\n|turn|6\n|\n|t:|1682614129\n|move|p1b: Scizor|Bullet Punch|p2b: Flutter Mane\n|-supereffective|p2b: Flutter Mane\n|-damage|p2b: Flutter Mane|17\/100\n|move|p1a: Iron Bundle|Hydro Pump|p2a: Ting-Lu\n|-damage|p2a: Ting-Lu|42\/100 brn\n|move|p2b: Flutter Mane|Shadow Ball|p1a: Iron Bundle\n|-damage|p1a: Iron Bundle|0 fnt\n|faint|p1a: Iron Bundle\n|-end|p1a: Iron Bundle|Quark Drive|[silent]\n|move|p2a: Ting-Lu|Fissure|p1b: Scizor|[miss]\n|-miss|p2a: Ting-Lu|p1b: Scizor\n|\n|-damage|p1b: Scizor|70\/100 brn|[from] brn\n|-damage|p2a: Ting-Lu|36\/100 brn|[from] brn\n|upkeep\n|\n|t:|1682614142\n|switch|p1a: Chien-Pao|Chien-Pao, L50|100\/100 slp\n|-ability|p1a: Chien-Pao|Sword of Ruin\n|turn|7\n|\n|t:|1682614154\n|move|p1b: Scizor|Bullet Punch|p2b: Flutter Mane\n|-supereffective|p2b: Flutter Mane\n|-damage|p2b: Flutter Mane|0 fnt\n|faint|p2b: Flutter Mane\n|-end|p2b: Flutter Mane|Protosynthesis|[silent]\n|-curestatus|p1a: Chien-Pao|slp|[msg]\n|move|p1a: Chien-Pao|Sacred Sword|p2a: Ting-Lu\n|-supereffective|p2a: Ting-Lu\n|-damage|p2a: Ting-Lu|0 fnt\n|faint|p2a: Ting-Lu\n|\n|-damage|p1b: Scizor|64\/100 brn|[from] brn\n|upkeep\n|\n|t:|1682614158\n|switch|p2a: Amoonguss|Amoonguss, L50, F|74\/100\n|turn|8\n|\n|t:|1682614168\n|switch|p1b: Arcanine|Arcanine, L50, F|40\/100\n|-ability|p1b: Arcanine|Intimidate|boost\n|-unboost|p2a: Amoonguss|atk|1\n|move|p1a: Chien-Pao|Ice Spinner|p2a: Amoonguss\n|-supereffective|p2a: Amoonguss\n|-damage|p2a: Amoonguss|0 fnt\n|faint|p2a: Amoonguss\n|\n|win|littlerootlessons\n|raw|littlerootlessons's rating: 1029 → 1062<\/strong> (+33 for winning)\n|raw|anti_gejming's rating: 1000 → 1000<\/strong> (+0 for losing)\n|c|\u2606anti_gejming|urod\n|l|\u2606anti_gejming\n|c|\u2606littlerootlessons|what. lol\n","uploadtime":1682614207,"views":7,"p1id":"littlerootlessons","p2id":"antigejming","formatid":"gen9vgc2023regulationc","rating":1000,"private":0,"password":""}