{"id":"gen9vgc2023regulationc-1862397212","p1":"Dragopult124","p2":"Shuza06","format":"[Gen 9] VGC 2023 Regulation C","log":"|j|\u2606Dragopult124\n|j|\u203dShuza06\n|t:|1683879276\n|gametype|doubles\n|player|p1|Dragopult124|265|1267\n|player|p2|Shuza06|170|1354\n|teamsize|p1|6\n|teamsize|p2|6\n|gen|9\n|tier|[Gen 9] VGC 2023 Regulation C\n|rated|\n|rule|Species Clause: Limit one of each Pok\u00e9mon\n|rule|Item Clause: Limit one of each item\n|clearpoke\n|poke|p1|Volcarona, L50, M|\n|poke|p1|Baxcalibur, L50, M|\n|poke|p1|Gholdengo, L50|\n|poke|p1|Great Tusk, L50|\n|poke|p1|Grimmsnarl, L50, M|\n|poke|p1|Brute Bonnet, L50|\n|poke|p2|Chi-Yu, L50|\n|poke|p2|Flutter Mane, L50|\n|poke|p2|Iron Bundle, L50|\n|poke|p2|Great Tusk, L50|\n|poke|p2|Murkrow, L50, M|\n|poke|p2|Ting-Lu, L50|\n|teampreview|4\n|j| A Borygon\n|inactive|Battle timer is ON: inactive players will automatically lose when time's up. (requested by Dragopult124)\nDragopult124 rejected open team sheets.\n|l| A Borygon\n|\n|t:|1683879338\n|start\n|switch|p1a: Volcarona|Volcarona, L50, M|100\/100\n|switch|p1b: Gholdengo|Gholdengo, L50|100\/100\n|switch|p2a: Chi-Yu|Chi-Yu, L50|100\/100\n|switch|p2b: Iron Bundle|Iron Bundle, L50|100\/100\n|-ability|p2a: Chi-Yu|Beads of Ruin\n|-enditem|p2b: Iron Bundle|Booster Energy\n|-activate|p2b: Iron Bundle|ability: Quark Drive|[fromitem]\n|-start|p2b: Iron Bundle|quarkdrivespe\n|turn|1\n|\n|t:|1683879354\n|-terastallize|p1a: Volcarona|Water\n|move|p2b: Iron Bundle|Protect|p2b: Iron Bundle\n|-singleturn|p2b: Iron Bundle|Protect\n|move|p1b: Gholdengo|Protect|p1b: Gholdengo\n|-singleturn|p1b: Gholdengo|Protect\n|move|p2a: Chi-Yu|Heat Wave|p1b: Gholdengo|[spread] \n|-activate|p1b: Gholdengo|move: Protect\n|-miss|p2a: Chi-Yu|p1a: Volcarona\n|move|p1a: Volcarona|Tailwind|p1a: Volcarona\n|-sidestart|p1: Dragopult124|move: Tailwind\n|\n|upkeep\n|turn|2\n|inactive|Dragopult124 has 30 seconds left.\n|inactive|Dragopult124 has 20 seconds left.\n|\n|t:|1683879390\n|switch|p1b: Great Tusk|Great Tusk, L50|100\/100\n|move|p2b: Iron Bundle|Freeze-Dry|p1a: Volcarona\n|-supereffective|p1a: Volcarona\n|-damage|p1a: Volcarona|4\/100\n|move|p1a: Volcarona|Overheat|p2b: Iron Bundle\n|-damage|p2b: Iron Bundle|0 fnt\n|-unboost|p1a: Volcarona|spa|2\n|faint|p2b: Iron Bundle\n|-end|p2b: Iron Bundle|Quark Drive|[silent]\n|move|p2a: Chi-Yu|Heat Wave|p1a: Volcarona|[spread] p1a\n|-miss|p2a: Chi-Yu|p1b: Great Tusk\n|-resisted|p1a: Volcarona\n|-damage|p1a: Volcarona|0 fnt\n|faint|p1a: Volcarona\n|-damage|p2a: Chi-Yu|91\/100|[from] item: Life Orb\n|\n|upkeep\n|\n|t:|1683879401\n|switch|p2b: Flutter Mane|Flutter Mane, L50|100\/100\n|switch|p1a: Brute Bonnet|Brute Bonnet, L50|100\/100\n|-enditem|p1a: Brute Bonnet|Booster Energy\n|-activate|p1a: Brute Bonnet|ability: Protosynthesis|[fromitem]\n|-start|p1a: Brute Bonnet|protosynthesisatk\n|turn|3\n|\n|t:|1683879425\n|-terastallize|p2a: Chi-Yu|Grass\n|move|p1a: Brute Bonnet|Sucker Punch|p2b: Flutter Mane\n|-damage|p2b: Flutter Mane|18\/100\n|move|p1b: Great Tusk|Earthquake|p2a: Chi-Yu|[spread] p1a,p2a,p2b\n|-resisted|p1a: Brute Bonnet\n|-resisted|p2a: Chi-Yu\n|-damage|p1a: Brute Bonnet|84\/100\n|-damage|p2a: Chi-Yu|62\/100\n|-damage|p2b: Flutter Mane|0 fnt\n|faint|p2b: Flutter Mane\n|-end|p2b: Flutter Mane|Protosynthesis|[silent]\n|move|p2a: Chi-Yu|Heat Wave|p1b: Great Tusk|[spread] p1a,p1b\n|-supereffective|p1a: Brute Bonnet\n|-damage|p1a: Brute Bonnet|0 fnt\n|-damage|p1b: Great Tusk|58\/100\n|-status|p1b: Great Tusk|brn\n|faint|p1a: Brute Bonnet\n|-end|p1a: Brute Bonnet|Protosynthesis|[silent]\n|-damage|p2a: Chi-Yu|52\/100|[from] item: Life Orb\n|\n|-damage|p1b: Great Tusk|52\/100 brn|[from] brn\n|upkeep\n|\n|t:|1683879435\n|switch|p2b: Great Tusk|Great Tusk, L50|100\/100\n|switch|p1a: Gholdengo|Gholdengo, L50|100\/100\n|turn|4\n|\n|t:|1683879447\n|move|p2a: Chi-Yu|Protect|p2a: Chi-Yu\n|-singleturn|p2a: Chi-Yu|Protect\n|move|p2b: Great Tusk|Headlong Rush|p1a: Gholdengo\n|-supereffective|p1a: Gholdengo\n|-damage|p1a: Gholdengo|0 fnt\n|-unboost|p2b: Great Tusk|def|1\n|-unboost|p2b: Great Tusk|spd|1\n|faint|p1a: Gholdengo\n|move|p1b: Great Tusk|Close Combat|p2b: Great Tusk\n|-damage|p2b: Great Tusk|66\/100\n|-unboost|p1b: Great Tusk|def|1\n|-unboost|p1b: Great Tusk|spd|1\n|\n|-damage|p1b: Great Tusk|46\/100 brn|[from] brn\n|-sideend|p1: Dragopult124|move: Tailwind\n|upkeep\n|turn|5\n|c|\u2606Dragopult124|Wow\n|c|\u2606Dragopult124|fuck this game\n|-message|Dragopult124 forfeited.\n|\n|win|Shuza06\n|raw|Dragopult124's rating: 1267 → 1248<\/strong> (-19 for losing)\n|raw|Shuza06's rating: 1354 → 1369<\/strong> (+15 for winning)\n","uploadtime":1683879472,"views":19,"p1id":"dragopult124","p2id":"shuza06","formatid":"gen9vgc2023regulationc","rating":1248,"private":0,"password":""}