{"id":"gen9vgc2023regulationc-1852249525","p1":"InabaRin","p2":"mugiwaraLux","format":"[Gen 9] VGC 2023 Regulation C","log":"|j|\u2606InabaRin\n|j|\u2606mugiwaraLux\n|t:|1682536661\n|gametype|doubles\n|player|p1|InabaRin|lass-gen4dp|1340\n|player|p2|mugiwaraLux|265|1327\n|teamsize|p1|6\n|teamsize|p2|6\n|gen|9\n|tier|[Gen 9] VGC 2023 Regulation C\n|rated|\n|rule|Species Clause: Limit one of each Pok\u00e9mon\n|rule|Item Clause: Limit one of each item\n|clearpoke\n|poke|p1|Murkrow, L50, M|\n|poke|p1|Flutter Mane, L50|\n|poke|p1|Chi-Yu, L50|\n|poke|p1|Iron Bundle, L50|\n|poke|p1|Indeedee-F, L50, F|\n|poke|p1|Meowscarada, L50, F|\n|poke|p2|Palafin, L50, M|\n|poke|p2|Amoonguss, L50, M|\n|poke|p2|Flutter Mane, L50|\n|poke|p2|Arcanine, L50, F|\n|poke|p2|Roaring Moon, L50|\n|poke|p2|Chien-Pao, L50|\n|teampreview|4\n|inactive|Battle timer is ON: inactive players will automatically lose when time's up. (requested by mugiwaraLux)\n|inactive|InabaRin also wants the timer to be on.\nmugiwaraLux has agreed to open team sheets.\n|inactive|InabaRin has 60 seconds left.\n|inactive|mugiwaraLux has 60 seconds left.\n|\n|t:|1682536709\n|start\n|switch|p1a: Murkrow|Murkrow, L50, M|100\/100\n|switch|p1b: Iron Bundle|Iron Bundle, L50|100\/100\n|switch|p2a: Chien-Pao|Chien-Pao, L50|100\/100\n|switch|p2b: Mimi|Flutter Mane, L50|100\/100\n|-ability|p2a: Chien-Pao|Sword of Ruin\n|-enditem|p1b: Iron Bundle|Booster Energy\n|-activate|p1b: Iron Bundle|ability: Quark Drive|[fromitem]\n|-start|p1b: Iron Bundle|quarkdrivespe\n|turn|1\n|\n|t:|1682536724\n|move|p1b: Iron Bundle|Protect|p1b: Iron Bundle\n|-singleturn|p1b: Iron Bundle|Protect\n|move|p1a: Murkrow|Tailwind|p1a: Murkrow\n|-sidestart|p1: InabaRin|move: Tailwind\n|move|p2a: Chien-Pao|Ice Spinner|p1a: Murkrow\n|-supereffective|p1a: Murkrow\n|-damage|p1a: Murkrow|0 fnt\n|faint|p1a: Murkrow\n|move|p2b: Mimi|Moonblast|p1b: Iron Bundle\n|-activate|p1b: Iron Bundle|move: Protect\n|\n|upkeep\n|\n|t:|1682536734\n|switch|p1a: Chi-Yu|Chi-Yu, L50|100\/100\n|-ability|p1a: Chi-Yu|Beads of Ruin\n|turn|2\n|\n|t:|1682536746\n|-end|p2b: Mimi|Protosynthesis|[silent]\n|switch|p2b: Palafin|Palafin, L50, M|100\/100\n|move|p2a: Chien-Pao|Protect|p2a: Chien-Pao\n|-singleturn|p2a: Chien-Pao|Protect\n|move|p1b: Iron Bundle|Icy Wind|p2b: Palafin|[spread] p2b\n|-activate|p2a: Chien-Pao|move: Protect\n|-resisted|p2b: Palafin\n|-damage|p2b: Palafin|84\/100\n|-unboost|p2b: Palafin|spe|1\n|move|p1a: Chi-Yu|Heat Wave|p2b: Palafin|[spread] p2b\n|-activate|p2a: Chien-Pao|move: Protect\n|-resisted|p2b: Palafin\n|-damage|p2b: Palafin|36\/100\n|-damage|p1a: Chi-Yu|90\/100|[from] item: Life Orb\n|\n|upkeep\n|turn|3\n|\n|t:|1682536769\n|-terastallize|p1a: Chi-Yu|Grass\n|move|p2b: Palafin|Protect|p2b: Palafin\n|-singleturn|p2b: Palafin|Protect\n|move|p2a: Chien-Pao|Sucker Punch|p1a: Chi-Yu\n|-damage|p1a: Chi-Yu|14\/100\n|move|p1b: Iron Bundle|Icy Wind|p2a: Chien-Pao|[spread] p2a\n|-activate|p2b: Palafin|move: Protect\n|-resisted|p2a: Chien-Pao\n|-damage|p2a: Chien-Pao|78\/100\n|-unboost|p2a: Chien-Pao|spe|1\n|move|p1a: Chi-Yu|Heat Wave|p2a: Chien-Pao|[spread] p2a\n|-activate|p2b: Palafin|move: Protect\n|-supereffective|p2a: Chien-Pao\n|-damage|p2a: Chien-Pao|0 fnt\n|faint|p2a: Chien-Pao\n|-damage|p1a: Chi-Yu|4\/100|[from] item: Life Orb\n|\n|upkeep\n|\n|t:|1682536778\n|switch|p2a: Roaring Moon|Roaring Moon, L50|100\/100\n|-enditem|p2a: Roaring Moon|Booster Energy\n|-activate|p2a: Roaring Moon|ability: Protosynthesis|[fromitem]\n|-start|p2a: Roaring Moon|protosynthesisatk\n|turn|4\n|\n|t:|1682536797\n|-terastallize|p2a: Roaring Moon|Flying\n|move|p1a: Chi-Yu|Protect|p1a: Chi-Yu\n|-singleturn|p1a: Chi-Yu|Protect\n|move|p2b: Palafin|Jet Punch|p1a: Chi-Yu\n|-activate|p1a: Chi-Yu|move: Protect\n|move|p1b: Iron Bundle|Icy Wind|p2a: Roaring Moon|[spread] p2a,p2b\n|-supereffective|p2a: Roaring Moon\n|-resisted|p2b: Palafin\n|-damage|p2a: Roaring Moon|50\/100\n|-damage|p2b: Palafin|18\/100\n|-unboost|p2a: Roaring Moon|spe|1\n|-unboost|p2b: Palafin|spe|1\n|move|p2a: Roaring Moon|Dragon Dance|p2a: Roaring Moon\n|-boost|p2a: Roaring Moon|atk|1\n|-boost|p2a: Roaring Moon|spe|1\n|\n|-sideend|p1: InabaRin|move: Tailwind\n|upkeep\n|turn|5\n|\n|t:|1682536816\n|move|p2a: Roaring Moon|Protect|p2a: Roaring Moon\n|-singleturn|p2a: Roaring Moon|Protect\n|move|p2b: Palafin|Jet Punch|p1a: Chi-Yu\n|-resisted|p1a: Chi-Yu\n|-damage|p1a: Chi-Yu|0 fnt\n|faint|p1a: Chi-Yu\n|move|p1b: Iron Bundle|Icy Wind|p2a: Roaring Moon|[spread] p2b\n|-activate|p2a: Roaring Moon|move: Protect\n|-resisted|p2b: Palafin\n|-damage|p2b: Palafin|6\/100\n|-unboost|p2b: Palafin|spe|1\n|\n|upkeep\n|\n|t:|1682536827\n|switch|p1a: Flutter Mane|Flutter Mane, L50|100\/100\n|turn|6\n|\n|t:|1682536842\n|detailschange|p2b: Palafin|Palafin-Hero, L50, M\n|switch|p2b: Mimi|Flutter Mane, L50|100\/100\n|move|p1b: Iron Bundle|Freeze-Dry|p2a: Roaring Moon\n|-supereffective|p2a: Roaring Moon\n|-damage|p2a: Roaring Moon|0 fnt\n|faint|p2a: Roaring Moon\n|-end|p2a: Roaring Moon|Protosynthesis|[silent]\n|move|p1a: Flutter Mane|Dazzling Gleam|p2b: Mimi\n|-damage|p2b: Mimi|57\/100\n|\n|upkeep\n|\n|t:|1682536846\n|switch|p2a: Palafin|Palafin-Hero, L50, M|6\/100\n|-activate|p2a: Palafin|ability: Zero to Hero\n|turn|7\n|\n|t:|1682536860\n|move|p2a: Palafin|Jet Punch|p1a: Flutter Mane\n|-enditem|p1a: Flutter Mane|Focus Sash\n|-damage|p1a: Flutter Mane|1\/100\n|move|p1b: Iron Bundle|Icy Wind|p2a: Palafin|[spread] p2a\n|-miss|p1b: Iron Bundle|p2b: Mimi\n|-resisted|p2a: Palafin\n|-damage|p2a: Palafin|0 fnt\n|faint|p2a: Palafin\n|move|p1a: Flutter Mane|Shadow Ball|p2b: Mimi\n|-supereffective|p2b: Mimi\n|-damage|p2b: Mimi|0 fnt\n|faint|p2b: Mimi\n|-end|p2b: Mimi|Protosynthesis|[silent]\n|\n|win|InabaRin\n|raw|InabaRin's rating: 1340 → 1359<\/strong> (+19 for winning)\n|raw|mugiwaraLux's rating: 1327 → 1308<\/strong> (-19 for losing)\n","uploadtime":1682536870,"views":10,"p1id":"inabarin","p2id":"mugiwaralux","formatid":"gen9vgc2023regulationc","rating":1308,"private":0,"password":""}