{"id":"gen9vgc2023regulationc-1846925158","p1":"Xepher008","p2":"Leandro Riga I","format":"[Gen 9] VGC 2023 Regulation C","log":"|j|\u2606Xepher008\n|j|\u2606Leandro Riga I\n|t:|1681901782\n|gametype|doubles\n|player|p1|Xepher008|2|1166\n|player|p2|Leandro Riga I|265|1214\n|teamsize|p1|6\n|teamsize|p2|6\n|gen|9\n|tier|[Gen 9] VGC 2023 Regulation C\n|rated|\n|rule|Species Clause: Limit one of each Pok\u00e9mon\n|rule|Item Clause: Limit one of each item\n|clearpoke\n|poke|p1|Flutter Mane, L50|\n|poke|p1|Gastrodon, L50, M|\n|poke|p1|Chi-Yu, L50|\n|poke|p1|Chien-Pao, L50|\n|poke|p1|Dragonite, L50, M|\n|poke|p1|Amoonguss, L50, M|\n|poke|p2|Palafin, L50, F|\n|poke|p2|Arcanine, L50, M|\n|poke|p2|Flutter Mane, L50|\n|poke|p2|Ting-Lu, L50|\n|poke|p2|Amoonguss, L50, F|\n|poke|p2|Roaring Moon, L50|\n|teampreview|4\n|l|\u2606Xepher008\n|player|p1|\n|j|\u2606Xepher008\n|player|p1|Xepher008|2\n|inactive|Battle timer is ON: inactive players will automatically lose when time's up. (requested by Xepher008)\n|\n|t:|1681901832\n|start\n|switch|p1a: Gastrodon|Gastrodon, L50, M|100\/100\n|switch|p1b: Chi-Yu|Chi-Yu, L50|100\/100\n|switch|p2a: Flutter Mane|Flutter Mane, L50|100\/100\n|switch|p2b: Roaring Moon|Roaring Moon, L50|100\/100\n|-ability|p1b: Chi-Yu|Beads of Ruin\n|-enditem|p2b: Roaring Moon|Booster Energy\n|-activate|p2b: Roaring Moon|ability: Protosynthesis|[fromitem]\n|-start|p2b: Roaring Moon|protosynthesisatk\n|turn|1\n|inactive|Leandro Riga I has 30 seconds left.\n|inactive|Leandro Riga I has 20 seconds left.\n|inactive|Leandro Riga I has 15 seconds left.\n|inactive|Leandro Riga I has 10 seconds left.\n|inactive|Leandro Riga I has 5 seconds left.\n|\n|t:|1681901882\n|-end|p2b: Roaring Moon|Protosynthesis|[silent]\n|switch|p2b: Amoonguss|Amoonguss, L50, F|100\/100\n|move|p2a: Flutter Mane|Dazzling Gleam|p1b: Chi-Yu|[spread] p1a,p1b\n|-damage|p1a: Gastrodon|43\/100\n|-damage|p1b: Chi-Yu|52\/100\n|move|p1b: Chi-Yu|Heat Wave|p2a: Flutter Mane|[spread] p2a,p2b\n|-supereffective|p2b: Amoonguss\n|-damage|p2a: Flutter Mane|57\/100\n|-damage|p2b: Amoonguss|2\/100\n|-enditem|p2b: Amoonguss|Sitrus Berry|[eat]\n|-heal|p2b: Amoonguss|27\/100|[from] item: Sitrus Berry\n|move|p1a: Gastrodon|Muddy Water|p2a: Flutter Mane|[spread] p2b\n|-miss|p1a: Gastrodon|p2a: Flutter Mane\n|-resisted|p2b: Amoonguss\n|-damage|p2b: Amoonguss|9\/100\n|\n|upkeep\n|turn|2\n|inactive|Xepher008 has 30 seconds left.\n|\n|t:|1681901913\n|switch|p2b: Arcanine|Arcanine, L50, M|100\/100\n|-ability|p2b: Arcanine|Intimidate|boost\n|-unboost|p1a: Gastrodon|atk|1\n|-unboost|p1b: Chi-Yu|atk|1\n|move|p1a: Gastrodon|Protect|p1a: Gastrodon\n|-singleturn|p1a: Gastrodon|Protect\n|move|p2a: Flutter Mane|Dazzling Gleam|p1a: Gastrodon|[spread] p1b\n|-activate|p1a: Gastrodon|move: Protect\n|-damage|p1b: Chi-Yu|7\/100\n|move|p1b: Chi-Yu|Heat Wave|p2a: Flutter Mane|[spread] p2a,p2b\n|-resisted|p2b: Arcanine\n|-damage|p2a: Flutter Mane|16\/100\n|-damage|p2b: Arcanine|69\/100\n|\n|upkeep\n|turn|3\n|inactive|Xepher008 has 30 seconds left.\n|inactive|Leandro Riga I has 30 seconds left.\n|inactive|Xepher008 has 20 seconds left.\n|\n|t:|1681901951\n|switch|p2b: Amoonguss|Amoonguss, L50, F|42\/100\n|-terastallize|p1a: Gastrodon|Fire\n|move|p1b: Chi-Yu|Protect|p1b: Chi-Yu\n|-singleturn|p1b: Chi-Yu|Protect\n|move|p2a: Flutter Mane|Dazzling Gleam|p1b: Chi-Yu|[spread] p1a\n|-activate|p1b: Chi-Yu|move: Protect\n|-resisted|p1a: Gastrodon\n|-damage|p1a: Gastrodon|17\/100\n|move|p1a: Gastrodon|Muddy Water|p2b: Amoonguss|[spread] p2a,p2b\n|-resisted|p2b: Amoonguss\n|-damage|p2a: Flutter Mane|0 fnt\n|-damage|p2b: Amoonguss|23\/100\n|-unboost|p2b: Amoonguss|accuracy|1\n|faint|p2a: Flutter Mane\n|-end|p2a: Flutter Mane|Protosynthesis|[silent]\n|\n|upkeep\n|\n|t:|1681901964\n|switch|p2a: Roaring Moon|Roaring Moon, L50|100\/100\n|turn|4\n|\n|t:|1681901979\n|switch|p2b: Arcanine|Arcanine, L50, M|69\/100\n|-ability|p2b: Arcanine|Intimidate|boost\n|-unboost|p1a: Gastrodon|atk|1\n|-unboost|p1b: Chi-Yu|atk|1\n|move|p2a: Roaring Moon|Dragon Dance|p2a: Roaring Moon\n|-boost|p2a: Roaring Moon|atk|1\n|-boost|p2a: Roaring Moon|spe|1\n|move|p1b: Chi-Yu|Heat Wave|p2b: Arcanine|[spread] p2a,p2b\n|-resisted|p2a: Roaring Moon\n|-resisted|p2b: Arcanine\n|-damage|p2a: Roaring Moon|75\/100\n|-damage|p2b: Arcanine|39\/100\n|move|p1a: Gastrodon|Recover|p1a: Gastrodon\n|-heal|p1a: Gastrodon|67\/100\n|\n|upkeep\n|turn|5\n|\n|t:|1681902003\n|switch|p2b: Amoonguss|Amoonguss, L50, F|56\/100\n|move|p2a: Roaring Moon|Dragon Claw|p1b: Chi-Yu\n|-damage|p1b: Chi-Yu|0 fnt\n|faint|p1b: Chi-Yu\n|move|p1a: Gastrodon|Muddy Water|p2b: Amoonguss|[spread] p2a,p2b\n|-resisted|p2a: Roaring Moon\n|-resisted|p2b: Amoonguss\n|-damage|p2a: Roaring Moon|61\/100\n|-damage|p2b: Amoonguss|42\/100\n|\n|upkeep\n|\n|t:|1681902023\n|switch|p1b: Amoonguss|Amoonguss, L50, M|100\/100\n|turn|6\n|\n|t:|1681902043\n|move|p2a: Roaring Moon|Acrobatics|p1b: Amoonguss\n|-supereffective|p1b: Amoonguss\n|-damage|p1b: Amoonguss|0 fnt\n|-damage|p2a: Roaring Moon|45\/100|[from] item: Rocky Helmet|[of] p1b: Amoonguss\n|faint|p1b: Amoonguss\n|move|p1a: Gastrodon|Muddy Water|p2b: Amoonguss|[spread] p2a,p2b\n|-resisted|p2a: Roaring Moon\n|-resisted|p2b: Amoonguss\n|-damage|p2a: Roaring Moon|30\/100\n|-damage|p2b: Amoonguss|27\/100\n|move|p2b: Amoonguss|Spore|p1a: Gastrodon\n|-activate|p1a: Gastrodon|item: Safety Goggles|Spore\n|\n|upkeep\n|\n|t:|1681902054\n|switch|p1b: Flutter Mane|Flutter Mane, L50|100\/100\n|turn|7\n|inactive|Leandro Riga I has 30 seconds left.\n|inactive|Leandro Riga I has 20 seconds left.\n|inactive|Leandro Riga I has 15 seconds left.\n|inactive|Leandro Riga I has 10 seconds left.\n|\n|t:|1681902103\n|-terastallize|p2a: Roaring Moon|Steel\n|move|p2b: Amoonguss|Protect|p2b: Amoonguss\n|-singleturn|p2b: Amoonguss|Protect\n|move|p2a: Roaring Moon|Acrobatics|p1b: Flutter Mane\n|-damage|p1b: Flutter Mane|0 fnt\n|faint|p1b: Flutter Mane\n|-end|p1b: Flutter Mane|Protosynthesis|[silent]\n|move|p1a: Gastrodon|Muddy Water|p2b: Amoonguss|[spread] p2a\n|-activate|p2b: Amoonguss|move: Protect\n|-damage|p2a: Roaring Moon|2\/100\n|-unboost|p2a: Roaring Moon|accuracy|1\n|\n|upkeep\n|turn|8\n|\n|t:|1681902125\n|move|p2a: Roaring Moon|Dragon Claw|p1a: Gastrodon\n|-damage|p1a: Gastrodon|0 fnt\n|faint|p1a: Gastrodon\n|\n|win|Leandro Riga I\n|raw|Xepher008's rating: 1166 → 1144<\/strong> (-22 for losing)\n|raw|Leandro Riga I's rating: 1214 → 1236<\/strong> (+22 for winning)\n","uploadtime":1681902134,"views":14,"p1id":"xepher008","p2id":"leandrorigai","formatid":"gen9vgc2023regulationc","rating":1144,"private":0,"password":""}