{"id":"gen9vgc2023regulationc-1855516168","p1":"Prosarjaime","p2":"soraesc","format":"[Gen 9] VGC 2023 Regulation C","log":"|j|\u2606Prosarjaime\n|j|\u2606soraesc\n|t:|1682958367\n|gametype|doubles\n|player|p1|Prosarjaime|cynthia-gen4|1146\n|player|p2|soraesc|clair|1165\n|teamsize|p1|6\n|teamsize|p2|6\n|gen|9\n|tier|[Gen 9] VGC 2023 Regulation C\n|rated|\n|rule|Species Clause: Limit one of each Pok\u00e9mon\n|rule|Item Clause: Limit one of each item\n|clearpoke\n|poke|p1|Corviknight, L50, F|\n|poke|p1|Ceruledge, L50, F|\n|poke|p1|Baxcalibur, L50, M|\n|poke|p1|Gastrodon, L50, F|\n|poke|p1|Glimmora, L50, F|\n|poke|p1|Amoonguss, L50, M|\n|poke|p2|Palafin, L50, M|\n|poke|p2|Pelipper, L50, M|\n|poke|p2|Ting-Lu, L50|\n|poke|p2|Dragonite, L50, M|\n|poke|p2|Chien-Pao, L50|\n|poke|p2|Gholdengo, L50|\n|teampreview|4\n|inactive|Battle timer is ON: inactive players will automatically lose when time's up. (requested by soraesc)\n|inactive|Prosarjaime has 60 seconds left.\n|inactive|soraesc has 60 seconds left.\n|\n|t:|1682958410\n|start\n|switch|p1a: Gastrodon|Gastrodon, L50, F|100\/100\n|switch|p1b: Corviknight|Corviknight, L50, F, shiny|100\/100\n|switch|p2a: Palafin|Palafin, L50, M|100\/100\n|switch|p2b: Pelipper|Pelipper, L50, M|100\/100\n|-weather|RainDance|[from] ability: Drizzle|[of] p2b: Pelipper\n|turn|1\n|inactive|soraesc has 30 seconds left.\n|\n|t:|1682958437\n|detailschange|p2a: Palafin|Palafin-Hero, L50, M\n|switch|p2a: Ting-Lu|Ting-Lu, L50|100\/100\n|-ability|p2a: Ting-Lu|Vessel of Ruin\n|move|p1b: Corviknight|Tailwind|p1b: Corviknight\n|-sidestart|p1: Prosarjaime|move: Tailwind\n|move|p1a: Gastrodon|Chilling Water|p2a: Ting-Lu\n|-supereffective|p2a: Ting-Lu\n|-damage|p2a: Ting-Lu|84\/100\n|-unboost|p2a: Ting-Lu|atk|1\n|move|p2b: Pelipper|Hurricane|p1a: Gastrodon\n|-damage|p1a: Gastrodon|76\/100\n|-start|p1a: Gastrodon|confusion\n|\n|-weather|RainDance|[upkeep]\n|-heal|p1a: Gastrodon|82\/100|[from] item: Leftovers\n|upkeep\n|turn|2\n|inactive|Prosarjaime has 30 seconds left.\n|inactive|soraesc has 30 seconds left.\n|inactive|soraesc has 20 seconds left.\n|\n|t:|1682958473\n|switch|p1a: Amoonguss|Amoonguss, L50, M|100\/100\n|move|p1b: Corviknight|Iron Head|p2b: Pelipper\n|-resisted|p2b: Pelipper\n|-damage|p2b: Pelipper|89\/100\n|cant|p2b: Pelipper|flinch\n|move|p2a: Ting-Lu|Ruination|p1b: Corviknight\n|-damage|p1b: Corviknight|51\/100\n|\n|-weather|RainDance|[upkeep]\n|upkeep\n|turn|3\n|inactive|Prosarjaime has 30 seconds left.\n|inactive|soraesc has 30 seconds left.\n|inactive|Prosarjaime has 20 seconds left.\n|inactive|Prosarjaime has 15 seconds left.\n|inactive|Prosarjaime has 10 seconds left.\n|\n|t:|1682958518\n|move|p1b: Corviknight|Roost|p1b: Corviknight\n|-heal|p1b: Corviknight|100\/100\n|-singleturn|p1b: Corviknight|move: Roost\n|move|p2b: Pelipper|Hurricane|p1a: Amoonguss\n|-supereffective|p1a: Amoonguss\n|-damage|p1a: Amoonguss|56\/100\n|-start|p1a: Amoonguss|confusion\n|move|p2a: Ting-Lu|Ruination|p1b: Corviknight|[miss]\n|-miss|p2a: Ting-Lu|p1b: Corviknight\n|-activate|p1a: Amoonguss|confusion\n|move|p1a: Amoonguss|Spore|p2b: Pelipper\n|-activate|p2b: Pelipper|item: Safety Goggles|Spore\n|\n|-weather|RainDance|[upkeep]\n|upkeep\n|turn|4\n|inactive|Prosarjaime has 30 seconds left.\n|inactive|soraesc has 30 seconds left.\n|\n|t:|1682958555\n|switch|p1a: Gastrodon|Gastrodon, L50, F|82\/100\n|move|p1b: Corviknight|Brave Bird|p2b: Pelipper\n|-damage|p2b: Pelipper|50\/100\n|-damage|p1b: Corviknight|90\/100|[from] Recoil\n|move|p2b: Pelipper|Hurricane|p1a: Gastrodon\n|-damage|p1a: Gastrodon|60\/100\n|move|p2a: Ting-Lu|Ruination|p1b: Corviknight\n|-damage|p1b: Corviknight|45\/100\n|\n|-weather|RainDance|[upkeep]\n|-heal|p1a: Gastrodon|66\/100|[from] item: Leftovers\n|-sideend|p1: Prosarjaime|move: Tailwind\n|upkeep\n|turn|5\n|inactive|Prosarjaime has 30 seconds left.\n|\n|t:|1682958585\n|move|p2b: Pelipper|Protect|p2b: Pelipper\n|-singleturn|p2b: Pelipper|Protect\n|move|p1b: Corviknight|Tailwind|p1b: Corviknight\n|-sidestart|p1: Prosarjaime|move: Tailwind\n|move|p1a: Gastrodon|Chilling Water|p2a: Ting-Lu\n|-supereffective|p2a: Ting-Lu\n|-damage|p2a: Ting-Lu|69\/100\n|-unboost|p2a: Ting-Lu|atk|1\n|move|p2a: Ting-Lu|Heavy Slam|p1a: Gastrodon\n|-resisted|p1a: Gastrodon\n|-damage|p1a: Gastrodon|59\/100\n|\n|-weather|none\n|-heal|p1a: Gastrodon|65\/100|[from] item: Leftovers\n|upkeep\n|turn|6\n|inactive|Prosarjaime has 30 seconds left.\n|\n|t:|1682958611\n|switch|p2b: Chien-Pao|Chien-Pao, L50|100\/100\n|-ability|p2b: Chien-Pao|Sword of Ruin\n|switch|p2a: Palafin|Palafin-Hero, L50, M|100\/100\n|-activate|p2a: Palafin|ability: Zero to Hero\n|move|p1b: Corviknight|Roost|p1b: Corviknight\n|-heal|p1b: Corviknight|96\/100\n|-singleturn|p1b: Corviknight|move: Roost\n|move|p1a: Gastrodon|Chilling Water|p2a: Palafin\n|-resisted|p2a: Palafin\n|-damage|p2a: Palafin|92\/100\n|-unboost|p2a: Palafin|atk|1\n|\n|-heal|p1a: Gastrodon|71\/100|[from] item: Leftovers\n|upkeep\n|turn|7\n|\n|t:|1682958635\n|move|p2b: Chien-Pao|Protect|p2b: Chien-Pao\n|-singleturn|p2b: Chien-Pao|Protect\n|move|p2a: Palafin|Protect|p2a: Palafin\n|-singleturn|p2a: Palafin|Protect\n|move|p1b: Corviknight|Iron Head|p2b: Chien-Pao\n|-activate|p2b: Chien-Pao|move: Protect\n|move|p1a: Gastrodon|Recover|p1a: Gastrodon\n|-heal|p1a: Gastrodon|100\/100\n|\n|upkeep\n|turn|8\n|\n|t:|1682958651\n|-terastallize|p2b: Chien-Pao|Ice\n|move|p2b: Chien-Pao|Ice Spinner|p1a: Gastrodon\n|-damage|p1a: Gastrodon|44\/100\n|move|p1b: Corviknight|Iron Head|p2b: Chien-Pao\n|-supereffective|p2b: Chien-Pao\n|-damage|p2b: Chien-Pao|35\/100\n|move|p2a: Palafin|Close Combat|p1a: Gastrodon\n|-crit|p1a: Gastrodon\n|-damage|p1a: Gastrodon|0 fnt\n|-unboost|p2a: Palafin|def|1\n|-unboost|p2a: Palafin|spd|1\n|faint|p1a: Gastrodon\n|\n|-sideend|p1: Prosarjaime|move: Tailwind\n|upkeep\n|\n|t:|1682958665\n|switch|p1a: BlockBuster|Baxcalibur, L50, M|100\/100\n|turn|9\n|inactive|Prosarjaime has 30 seconds left.\n|inactive|soraesc has 30 seconds left.\n|inactive|soraesc has 20 seconds left.\n|inactive|soraesc has 15 seconds left.\n|\n|t:|1682958706\n|-terastallize|p1a: BlockBuster|Poison\n|move|p2b: Chien-Pao|Protect|p2b: Chien-Pao\n|-singleturn|p2b: Chien-Pao|Protect\n|move|p2a: Palafin|Protect|p2a: Palafin\n|-singleturn|p2a: Palafin|Protect\n|move|p1a: BlockBuster|Glaive Rush|p2a: Palafin\n|-activate|p2a: Palafin|move: Protect\n|move|p1b: Corviknight|Tailwind|p1b: Corviknight\n|-sidestart|p1: Prosarjaime|move: Tailwind\n|\n|upkeep\n|turn|10\n|\n|t:|1682958722\n|switch|p2a: Pelipper|Pelipper, L50, M|50\/100\n|-weather|RainDance|[from] ability: Drizzle|[of] p2a: Pelipper\n|move|p2b: Chien-Pao|Sucker Punch|p1a: BlockBuster\n|-damage|p1a: BlockBuster|60\/100\n|move|p1a: BlockBuster|Glaive Rush|p2a: Pelipper\n|-damage|p2a: Pelipper|0 fnt\n|-singlemove|p1a: BlockBuster|Glaive Rush|[silent]\n|faint|p2a: Pelipper\n|move|p1b: Corviknight|Iron Head|p2b: Chien-Pao\n|-supereffective|p2b: Chien-Pao\n|-damage|p2b: Chien-Pao|0 fnt\n|faint|p2b: Chien-Pao\n|\n|-weather|RainDance|[upkeep]\n|upkeep\n|\n|t:|1682958728\n|switch|p2b: Ting-Lu|Ting-Lu, L50|69\/100\n|switch|p2a: Palafin|Palafin-Hero, L50, M|92\/100\n|-ability|p2b: Ting-Lu|Vessel of Ruin\n|turn|11\n|inactive|Prosarjaime has 30 seconds left.\n|\n|t:|1682958762\n|move|p1a: BlockBuster|Protect|p1a: BlockBuster\n|-singleturn|p1a: BlockBuster|Protect\n|move|p2a: Palafin|Protect|p2a: Palafin\n|-singleturn|p2a: Palafin|Protect\n|move|p1b: Corviknight|Brave Bird|p2b: Ting-Lu\n|-damage|p2b: Ting-Lu|47\/100\n|-damage|p1b: Corviknight|86\/100|[from] Recoil\n|move|p2b: Ting-Lu|Earthquake|p1a: BlockBuster|[spread] \n|-activate|p2a: Palafin|move: Protect\n|-activate|p1a: BlockBuster|move: Protect\n|-immune|p1b: Corviknight\n|\n|-weather|RainDance|[upkeep]\n|upkeep\n|turn|12\n|inactive|soraesc has 30 seconds left.\n|\n|t:|1682958788\n|switch|p1a: Amoonguss|Amoonguss, L50, M|89\/100\n|move|p2a: Palafin|Jet Punch|p1a: Amoonguss\n|-resisted|p1a: Amoonguss\n|-damage|p1a: Amoonguss|58\/100\n|move|p1b: Corviknight|Brave Bird|p2a: Palafin\n|-damage|p2a: Palafin|60\/100\n|-damage|p1b: Corviknight|76\/100|[from] Recoil\n|move|p2b: Ting-Lu|Ruination|p1b: Corviknight\n|-damage|p1b: Corviknight|39\/100\n|\n|-weather|RainDance|[upkeep]\n|-sideend|p1: Prosarjaime|move: Tailwind\n|upkeep\n|turn|13\n|inactive|Prosarjaime has 30 seconds left.\n|inactive|soraesc has 30 seconds left.\n|\n|t:|1682958820\n|move|p2a: Palafin|Wave Crash|p1b: Corviknight\n|-damage|p1b: Corviknight|0 fnt\n|faint|p1b: Corviknight\n|-damage|p2a: Palafin|47\/100|[from] Recoil\n|move|p2b: Ting-Lu|Stomping Tantrum|p1a: Amoonguss\n|-crit|p1a: Amoonguss\n|-damage|p1a: Amoonguss|21\/100\n|-enditem|p1a: Amoonguss|Sitrus Berry|[eat]\n|-heal|p1a: Amoonguss|46\/100|[from] item: Sitrus Berry\n|move|p1a: Amoonguss|Spore|p2b: Ting-Lu\n|-status|p2b: Ting-Lu|slp|[from] move: Spore\n|\n|-weather|RainDance|[upkeep]\n|upkeep\n|\n|t:|1682958824\n|switch|p1b: BlockBuster|Baxcalibur, L50, M, tera:Poison|60\/100\n|turn|14\n|\n|t:|1682958843\n|move|p2a: Palafin|Wave Crash|p1a: Amoonguss\n|-resisted|p1a: Amoonguss\n|-damage|p1a: Amoonguss|0 fnt\n|faint|p1a: Amoonguss\n|-damage|p2a: Palafin|31\/100|[from] Recoil\n|move|p1b: BlockBuster|Icicle Crash|p2b: Ting-Lu\n|-supereffective|p2b: Ting-Lu\n|-damage|p2b: Ting-Lu|0 fnt\n|faint|p2b: Ting-Lu\n|\n|-weather|none\n|upkeep\n|turn|15\n|\n|t:|1682958853\n|move|p2a: Palafin|Wave Crash|p1b: BlockBuster\n|-damage|p1b: BlockBuster|0 fnt\n|faint|p1b: BlockBuster\n|-damage|p2a: Palafin|9\/100|[from] Recoil\n|\n|win|soraesc\n|raw|Prosarjaime's rating: 1146 → 1122<\/strong> (-24 for losing)\n|raw|soraesc's rating: 1165 → 1189<\/strong> (+24 for winning)\n|c|\u2606soraesc|damn good match\n|c|\u2606soraesc|ggs\n|l|\u2606Prosarjaime\n","uploadtime":1682958862,"views":18,"p1id":"prosarjaime","p2id":"soraesc","formatid":"gen9vgc2023regulationc","rating":1122,"private":0,"password":""}