{"id":"gen9vgc2023regulationc-1862608873","p1":"thrillcorner","p2":"Garglesoc","format":"[Gen 9] VGC 2023 Regulation C","log":"|j|\u2606thrillcorner\n|j|\u2606Garglesoc\n|t:|1683905235\n|gametype|doubles\n|player|p1|thrillcorner|red-masters2|1360\n|player|p2|Garglesoc|koga|1353\n|teamsize|p1|6\n|teamsize|p2|6\n|gen|9\n|tier|[Gen 9] VGC 2023 Regulation C\n|rated|\n|rule|Species Clause: Limit one of each Pok\u00e9mon\n|rule|Item Clause: Limit one of each item\n|clearpoke\n|poke|p1|Pelipper, L50, F|\n|poke|p1|Azumarill, L50, M|\n|poke|p1|Iron Hands, L50|\n|poke|p1|Flutter Mane, L50|\n|poke|p1|Arcanine, L50, M|\n|poke|p1|Amoonguss, L50, M|\n|poke|p2|Tyranitar, L50, F|\n|poke|p2|Lycanroc, L50, M|\n|poke|p2|Amoonguss, L50, M|\n|poke|p2|Gyarados, L50, F|\n|poke|p2|Flutter Mane, L50|\n|poke|p2|Iron Bundle, L50|\n|teampreview|4\nthrillcorner has agreed to open team sheets.\n|inactive|Battle timer is ON: inactive players will automatically lose when time's up. (requested by Garglesoc)\n|\n|t:|1683905281\n|start\n|switch|p1a: Iron Hands|Iron Hands, L50|100\/100\n|switch|p1b: Flutter Mane|Flutter Mane, L50|100\/100\n|switch|p2a: Tyranitar|Tyranitar, L50, F|100\/100\n|switch|p2b: Lycanroc|Lycanroc, L50, M|100\/100\n|-weather|Sandstorm|[from] ability: Sand Stream|[of] p2a: Tyranitar\n|-enditem|p1b: Flutter Mane|Booster Energy\n|-activate|p1b: Flutter Mane|ability: Protosynthesis|[fromitem]\n|-start|p1b: Flutter Mane|protosynthesisspa\n|turn|1\n|\n|t:|1683905300\n|-terastallize|p2a: Tyranitar|Flying\n|move|p1a: Iron Hands|Fake Out|p2a: Tyranitar\n|-damage|p2a: Tyranitar|90\/100\n|move|p2b: Lycanroc|Rock Slide|p1a: Iron Hands|[spread] p1a,p1b\n|-resisted|p1a: Iron Hands\n|-crit|p1a: Iron Hands\n|-damage|p1a: Iron Hands|87\/100\n|-damage|p1b: Flutter Mane|60\/100\n|cant|p2a: Tyranitar|flinch\n|move|p1b: Flutter Mane|Trick Room|p1b: Flutter Mane\n|-fieldstart|move: Trick Room|[of] p1b: Flutter Mane\n|\n|-weather|Sandstorm|[upkeep]\n|-damage|p1a: Iron Hands|81\/100|[from] Sandstorm\n|-damage|p2a: Tyranitar|84\/100|[from] Sandstorm\n|-damage|p1b: Flutter Mane|55\/100|[from] Sandstorm\n|upkeep\n|turn|2\n|\n|t:|1683905323\n|move|p1a: Iron Hands|Drain Punch|p2b: Lycanroc\n|-supereffective|p2b: Lycanroc\n|-enditem|p2b: Lycanroc|Focus Sash\n|-damage|p2b: Lycanroc|1\/100\n|-heal|p1a: Iron Hands|100\/100|[from] drain|[of] p2b: Lycanroc\n|move|p2a: Tyranitar|Assurance|p1b: Flutter Mane\n|-damage|p1b: Flutter Mane|12\/100\n|move|p1b: Flutter Mane|Dazzling Gleam|p2b: Lycanroc|[spread] p2a,p2b\n|-damage|p2a: Tyranitar|60\/100\n|-damage|p2b: Lycanroc|0 fnt\n|faint|p2b: Lycanroc\n|\n|-weather|Sandstorm|[upkeep]\n|-damage|p1a: Iron Hands|94\/100|[from] Sandstorm\n|-damage|p2a: Tyranitar|55\/100|[from] Sandstorm\n|-damage|p1b: Flutter Mane|6\/100|[from] Sandstorm\n|upkeep\n|\n|t:|1683905339\n|switch|p2b: Gyarados|Gyarados, L50, F|100\/100\n|-ability|p2b: Gyarados|Intimidate|boost\n|-unboost|p1a: Iron Hands|atk|1\n|-unboost|p1b: Flutter Mane|atk|1\n|turn|3\n|\n|t:|1683905353\n|-end|p1b: Flutter Mane|Protosynthesis|[silent]\n|switch|p1b: Azumarill|Azumarill, L50, M|100\/100\n|move|p1a: Iron Hands|Wild Charge|p2b: Gyarados\n|-supereffective|p2b: Gyarados\n|-damage|p2b: Gyarados|0 fnt\n|faint|p2b: Gyarados\n|-damage|p1a: Iron Hands|74\/100|[from] Recoil\n|move|p2a: Tyranitar|Rock Slide|p1b: Azumarill|[spread] p1a,p1b\n|-resisted|p1a: Iron Hands\n|-damage|p1a: Iron Hands|63\/100\n|-damage|p1b: Azumarill|66\/100\n|\n|-weather|Sandstorm|[upkeep]\n|-damage|p1a: Iron Hands|57\/100|[from] Sandstorm\n|-damage|p1b: Azumarill|60\/100|[from] Sandstorm\n|-damage|p2a: Tyranitar|49\/100|[from] Sandstorm\n|upkeep\n|\n|t:|1683905360\n|switch|p2b: Iron Bundle|Iron Bundle, L50|100\/100\n|-enditem|p2b: Iron Bundle|Booster Energy\n|-activate|p2b: Iron Bundle|ability: Quark Drive|[fromitem]\n|-start|p2b: Iron Bundle|quarkdrivespe\n|turn|4\n|inactive|thrillcorner has 30 seconds left.\n|inactive|thrillcorner has 20 seconds left.\n|inactive|thrillcorner has 15 seconds left.\n|\n|t:|1683905403\n|switch|p1b: Pelipper|Pelipper, L50, F|100\/100\n|-weather|RainDance|[from] ability: Drizzle|[of] p1b: Pelipper\n|move|p1a: Iron Hands|Volt Switch|p2a: Tyranitar\n|-supereffective|p2a: Tyranitar\n|-damage|p2a: Tyranitar|34\/100\n|\n|t:|1683905415\n|-end|p1a: Iron Hands|Quark Drive|[silent]\n|switch|p1a: Azumarill|Azumarill, L50, M|60\/100|[from] Volt Switch\n|move|p2a: Tyranitar|Tera Blast|p1a: Azumarill\n|-damage|p1a: Azumarill|12\/100\n|move|p2b: Iron Bundle|Freeze-Dry|p1b: Pelipper\n|-supereffective|p1b: Pelipper\n|-enditem|p1b: Pelipper|Focus Sash\n|-damage|p1b: Pelipper|1\/100\n|-status|p1b: Pelipper|frz\n|\n|-weather|RainDance|[upkeep]\n|upkeep\n|turn|5\n|inactive|thrillcorner has 30 seconds left.\n|\n|t:|1683905440\n|move|p1a: Azumarill|Aqua Jet|p2a: Tyranitar\n|-damage|p2a: Tyranitar|0 fnt\n|faint|p2a: Tyranitar\n|-damage|p1a: Azumarill|2\/100|[from] item: Life Orb\n|cant|p1b: Pelipper|frz\n|move|p2b: Iron Bundle|Icy Wind|p1a: Azumarill|[spread] p1a,p1b\n|-resisted|p1a: Azumarill\n|-damage|p1a: Azumarill|0 fnt\n|-damage|p1b: Pelipper|0 fnt\n|faint|p1a: Azumarill\n|faint|p1b: Pelipper\n|\n|-weather|RainDance|[upkeep]\n|-fieldend|move: Trick Room\n|upkeep\n|\n|t:|1683905452\n|switch|p1b: Flutter Mane|Flutter Mane, L50|6\/100\n|switch|p1a: Iron Hands|Iron Hands, L50|57\/100\n|turn|6\n|inactive|Garglesoc has 30 seconds left.\n|\n|t:|1683905480\n|move|p2b: Iron Bundle|Hydro Pump|p1a: Iron Hands\n|-damage|p1a: Iron Hands|18\/100\n|move|p1a: Iron Hands|Drain Punch|p2b: Iron Bundle\n|-supereffective|p2b: Iron Bundle\n|-damage|p2b: Iron Bundle|8\/100\n|-heal|p1a: Iron Hands|42\/100|[from] drain|[of] p2b: Iron Bundle\n|move|p1b: Flutter Mane|Trick Room|p1b: Flutter Mane\n|-fieldstart|move: Trick Room|[of] p1b: Flutter Mane\n|\n|-weather|RainDance|[upkeep]\n|upkeep\n|turn|7\n|\n|t:|1683905494\n|move|p1a: Iron Hands|Drain Punch|p2b: Iron Bundle\n|-supereffective|p2b: Iron Bundle\n|-damage|p2b: Iron Bundle|0 fnt\n|-heal|p1a: Iron Hands|44\/100|[from] drain|[of] p2b: Iron Bundle\n|faint|p2b: Iron Bundle\n|-end|p2b: Iron Bundle|Quark Drive|[silent]\n|\n|win|thrillcorner\n|raw|thrillcorner's rating: 1360 → 1380<\/strong> (+20 for winning)\n|raw|Garglesoc's rating: 1353 → 1333<\/strong> (-20 for losing)\n|c|\u2606thrillcorner|gg\n","uploadtime":1683905501,"views":75,"p1id":"thrillcorner","p2id":"garglesoc","formatid":"gen9vgc2023regulationc","rating":1333,"private":0,"password":""}