{"id":"gen9vgc2023regulationc-1853231817","p1":"ZeeRanger","p2":"mathtass","format":"[Gen 9] VGC 2023 Regulation C","log":"|j|\u2606ZeeRanger\n|j|\u2606mathtass\n|t:|1682652056\n|gametype|doubles\n|player|p1|ZeeRanger|chuck|1395\n|player|p2|mathtass|101|1324\n|teamsize|p1|6\n|teamsize|p2|6\n|gen|9\n|tier|[Gen 9] VGC 2023 Regulation C\n|rated|\n|rule|Species Clause: Limit one of each Pok\u00e9mon\n|rule|Item Clause: Limit one of each item\n|clearpoke\n|poke|p1|Flutter Mane, L50|\n|poke|p1|Stonjourner, L50, F|\n|poke|p1|Iron Bundle, L50|\n|poke|p1|Arcanine, L50, M|\n|poke|p1|Tsareena, L50, F|\n|poke|p1|Kingambit, L50, M|\n|poke|p2|Ting-Lu, L50|\n|poke|p2|Iron Bundle, L50|\n|poke|p2|Baxcalibur, L50, M|\n|poke|p2|Flutter Mane, L50|\n|poke|p2|Orthworm, L50, M|\n|poke|p2|Amoonguss, L50, F|\n|teampreview|4\nmathtass has agreed to open team sheets.\nZeeRanger has agreed to open team sheets.\n|\n|t:|1682652126\n|start\n|switch|p1a: Emma Stone|Stonjourner, L50, F|100\/100\n|switch|p1b: Arcanine|Arcanine, L50, M, shiny|100\/100\n|switch|p2a: Baxcalibur|Baxcalibur, L50, M, shiny|100\/100\n|switch|p2b: Ting-Lu|Ting-Lu, L50|100\/100\n|-ability|p1b: Arcanine|Intimidate|boost\n|-fail|p2a: Baxcalibur|unboost|[from] item: Clear Amulet|[of] p2a: Baxcalibur\n|-unboost|p2b: Ting-Lu|atk|1\n|-ability|p2b: Ting-Lu|Vessel of Ruin\n|turn|1\n|\n|t:|1682652148\n|-terastallize|p1b: Arcanine|Grass\n|move|p2a: Baxcalibur|Glaive Rush|p1b: Arcanine\n|-damage|p1b: Arcanine|17\/100\n|-singlemove|p2a: Baxcalibur|Glaive Rush|[silent]\n|move|p1b: Arcanine|Flare Blitz|p2a: Baxcalibur\n|-damage|p2a: Baxcalibur|0 fnt\n|faint|p2a: Baxcalibur\n|-damage|p1b: Arcanine|0 fnt|[from] Recoil\n|faint|p1b: Arcanine\n|move|p1a: Emma Stone|Rock Slide|p2b: Ting-Lu\n|-resisted|p2b: Ting-Lu\n|-damage|p2b: Ting-Lu|88\/100\n|move|p2b: Ting-Lu|Fissure|p1a: Emma Stone|[miss]\n|-miss|p2b: Ting-Lu|p1a: Emma Stone\n|\n|upkeep\n|\n|t:|1682652168\n|switch|p2a: Orthworm|Orthworm, L50, M, shiny|100\/100\n|switch|p1b: Tsareena|Tsareena, L50, F|100\/100\n|turn|2\n|\n|t:|1682652191\n|move|p1a: Emma Stone|Rock Slide|p2b: Ting-Lu|[spread] p2a,p2b\n|-resisted|p2a: Orthworm\n|-resisted|p2b: Ting-Lu\n|-damage|p2a: Orthworm|91\/100\n|-damage|p2b: Ting-Lu|80\/100\n|move|p1b: Tsareena|High Jump Kick|p2a: Orthworm\n|-supereffective|p2a: Orthworm\n|-damage|p2a: Orthworm|11\/100\n|-enditem|p2a: Orthworm|Sitrus Berry|[eat]\n|-heal|p2a: Orthworm|36\/100|[from] item: Sitrus Berry\n|move|p2a: Orthworm|Iron Defense|p2a: Orthworm\n|-boost|p2a: Orthworm|def|2\n|move|p2b: Ting-Lu|Earthquake|p1b: Tsareena|[spread] p1a,p1b\n|-heal|p2a: Orthworm|60\/100|[from] ability: Earth Eater|[of] p2b: Ting-Lu\n|-supereffective|p1a: Emma Stone\n|-resisted|p1b: Tsareena\n|-crit|p1b: Tsareena\n|-damage|p1a: Emma Stone|66\/100\n|-damage|p1b: Tsareena|76\/100\n|\n|upkeep\n|turn|3\n|\n|t:|1682652215\n|-terastallize|p2a: Orthworm|Fire\n|move|p1a: Emma Stone|Low Sweep|p2a: Orthworm\n|-damage|p2a: Orthworm|52\/100\n|-unboost|p2a: Orthworm|spe|1\n|move|p1b: Tsareena|High Jump Kick|p2a: Orthworm\n|-damage|p2a: Orthworm|33\/100\n|move|p2b: Ting-Lu|Earthquake|p1b: Tsareena|[spread] p1a,p1b\n|-heal|p2a: Orthworm|58\/100|[from] ability: Earth Eater|[of] p2b: Ting-Lu\n|-supereffective|p1a: Emma Stone\n|-crit|p1a: Emma Stone\n|-resisted|p1b: Tsareena\n|-damage|p1a: Emma Stone|0 fnt\n|-damage|p1b: Tsareena|66\/100\n|faint|p1a: Emma Stone\n|move|p2a: Orthworm|Body Press|p1b: Tsareena\n|-damage|p1b: Tsareena|15\/100\n|\n|upkeep\n|\n|t:|1682652233\n|switch|p1a: Hydro Chump|Iron Bundle, L50|100\/100\n|-enditem|p1a: Hydro Chump|Booster Energy\n|-activate|p1a: Hydro Chump|ability: Quark Drive|[fromitem]\n|-start|p1a: Hydro Chump|quarkdrivespe\n|turn|4\n|\n|t:|1682652249\n|move|p1a: Hydro Chump|Hydro Pump|p2a: Orthworm\n|-supereffective|p2a: Orthworm\n|-damage|p2a: Orthworm|0 fnt\n|faint|p2a: Orthworm\n|move|p1b: Tsareena|Trop Kick|p2b: Ting-Lu\n|-supereffective|p2b: Ting-Lu\n|-damage|p2b: Ting-Lu|37\/100\n|-unboost|p2b: Ting-Lu|atk|1\n|move|p2b: Ting-Lu|Rock Slide|p1a: Hydro Chump|[spread] p1a,p1b\n|-supereffective|p1a: Hydro Chump\n|-damage|p1a: Hydro Chump|81\/100\n|-damage|p1b: Tsareena|7\/100\n|\n|upkeep\n|\n|t:|1682652253\n|switch|p2a: Flutter Mane|Flutter Mane, L50, shiny|100\/100\n|turn|5\n|\n|t:|1682652286\n|move|p1a: Hydro Chump|Freeze-Dry|p2a: Flutter Mane\n|-damage|p2a: Flutter Mane|70\/100\n|move|p2a: Flutter Mane|Dazzling Gleam|p1b: Tsareena|[spread] p1a,p1b\n|-damage|p1a: Hydro Chump|28\/100\n|-damage|p1b: Tsareena|0 fnt\n|faint|p1b: Tsareena\n|move|p2b: Ting-Lu|Heavy Slam|p1a: Hydro Chump\n|-damage|p1a: Hydro Chump|7\/100\n|\n|upkeep\n|turn|6\n|\n|t:|1682652299\n|move|p1a: Hydro Chump|Icy Wind|p2b: Ting-Lu|[spread] p2a,p2b\n|-supereffective|p2b: Ting-Lu\n|-damage|p2a: Flutter Mane|54\/100\n|-damage|p2b: Ting-Lu|23\/100\n|-unboost|p2a: Flutter Mane|spe|1\n|-unboost|p2b: Ting-Lu|spe|1\n|move|p2a: Flutter Mane|Moonblast|p1a: Hydro Chump\n|-damage|p1a: Hydro Chump|0 fnt\n|faint|p1a: Hydro Chump\n|-end|p1a: Hydro Chump|Quark Drive|[silent]\n|\n|win|mathtass\n|raw|ZeeRanger's rating: 1395 → 1371<\/strong> (-24 for losing)\n|raw|mathtass's rating: 1324 → 1348<\/strong> (+24 for winning)\n","uploadtime":1682652303,"views":5,"p1id":"zeeranger","p2id":"mathtass","formatid":"gen9vgc2023regulationc","rating":1348,"private":0,"password":""}