{"id":"gen9vgc2023regulationc-1863200956","p1":"Getmelit","p2":"Lefties Chi-Yu","format":"[Gen 9] VGC 2023 Regulation C","log":"|j|\u2606Getmelit\n|j|\u2606Lefties Chi-Yu\n|t:|1683987507\n|gametype|doubles\n|player|p1|Getmelit|101|\n|player|p2|Lefties Chi-Yu|acetrainer-gen6xy|\n|teamsize|p1|6\n|teamsize|p2|6\n|gen|9\n|tier|[Gen 9] VGC 2023 Regulation C\n|rule|Species Clause: Limit one of each Pok\u00e9mon\n|rule|Item Clause: Limit one of each item\n|clearpoke\n|poke|p1|Murkrow, L50, M|\n|poke|p1|Great Tusk, L50|\n|poke|p1|Gyarados, L50, F|\n|poke|p1|Amoonguss, L50, M|\n|poke|p1|Flutter Mane, L50|\n|poke|p1|Chi-Yu, L50|\n|poke|p2|Murkrow, L50, M|\n|poke|p2|Flutter Mane, L50|\n|poke|p2|Iron Bundle, L50|\n|poke|p2|Great Tusk, L50|\n|poke|p2|Gholdengo, L50|\n|poke|p2|Amoonguss, L50, M|\n|teampreview|4\nGetmelit has agreed to open team sheets.\nLefties Chi-Yu has agreed to open team sheets.\n|\n|t:|1683987609\n|start\n|switch|p1a: Gyarados|Gyarados, L50, F|100\/100\n|switch|p1b: Flutter Mane|Flutter Mane, L50|100\/100\n|switch|p2a: Gholdengo|Gholdengo, L50|100\/100\n|switch|p2b: Murkrow|Murkrow, L50, M|100\/100\n|-ability|p1a: Gyarados|Intimidate|boost\n|-unboost|p2a: Gholdengo|atk|1\n|-unboost|p2b: Murkrow|atk|1\n|turn|1\n|\n|t:|1683987641\n|move|p1a: Gyarados|Helping Hand|p1b: Flutter Mane\n|-singleturn|p1b: Flutter Mane|Helping Hand|[of] p1a: Gyarados\n|move|p2b: Murkrow|Tailwind|p2b: Murkrow\n|-sidestart|p2: Lefties Chi-Yu|move: Tailwind\n|move|p2a: Gholdengo|Make It Rain|p1b: Flutter Mane|[spread] p1a,p1b\n|-resisted|p1a: Gyarados\n|-supereffective|p1b: Flutter Mane\n|-damage|p1a: Gyarados|84\/100\n|-damage|p1b: Flutter Mane|0 fnt\n|-unboost|p2a: Gholdengo|spa|1\n|faint|p1b: Flutter Mane\n|-end|p1b: Flutter Mane|Protosynthesis|[silent]\n|\n|upkeep\n|\n|t:|1683987649\n|switch|p1b: Great Tusk|Great Tusk, L50|100\/100\n|turn|2\n|\n|t:|1683987679\n|-terastallize|p2a: Gholdengo|Water\n|move|p2b: Murkrow|Haze|p2b: Murkrow\n|-clearallboost\n|move|p2a: Gholdengo|Nasty Plot|p2a: Gholdengo\n|-boost|p2a: Gholdengo|spa|2\n|move|p1b: Great Tusk|Headlong Rush|p2a: Gholdengo\n|-damage|p2a: Gholdengo|38\/100\n|-unboost|p1b: Great Tusk|def|1\n|-unboost|p1b: Great Tusk|spd|1\n|move|p1a: Gyarados|Thunder Wave|p2b: Murkrow\n|-status|p2b: Murkrow|par\n|\n|upkeep\n|turn|3\n|\n|t:|1683987723\n|-end|p1b: Great Tusk|Protosynthesis|[silent]\n|switch|p1b: Murkrow|Murkrow, L50, M|100\/100\n|move|p2a: Gholdengo|Make It Rain|p1b: Murkrow|[spread] p1a,p1b\n|-resisted|p1a: Gyarados\n|-damage|p1a: Gyarados|46\/100\n|-damage|p1b: Murkrow|14\/100\n|-unboost|p2a: Gholdengo|spa|1\n|-enditem|p1a: Gyarados|Sitrus Berry|[eat]\n|-heal|p1a: Gyarados|71\/100|[from] item: Sitrus Berry\n|move|p2b: Murkrow|Foul Play|p1b: Murkrow\n|-resisted|p1b: Murkrow\n|-damage|p1b: Murkrow|0 fnt\n|faint|p1b: Murkrow\n|move|p1a: Gyarados|Taunt|p2b: Murkrow\n|-start|p2b: Murkrow|move: Taunt\n|\n|upkeep\n|\n|t:|1683987737\n|switch|p1b: Great Tusk|Great Tusk, L50|100\/100\n|turn|4\n|\n|t:|1683987754\n|move|p2a: Gholdengo|Shadow Ball|p1b: Great Tusk\n|-damage|p1b: Great Tusk|13\/100\n|move|p1b: Great Tusk|Rock Slide|p2b: Murkrow|[spread] p2b\n|-miss|p1b: Great Tusk|p2a: Gholdengo\n|-supereffective|p2b: Murkrow\n|-damage|p2b: Murkrow|61\/100 par\n|move|p2b: Murkrow|Foul Play|p1b: Great Tusk\n|-resisted|p1b: Great Tusk\n|-damage|p1b: Great Tusk|0 fnt\n|faint|p1b: Great Tusk\n|-end|p1b: Great Tusk|Protosynthesis|[silent]\n|move|p1a: Gyarados|Waterfall|p2b: Murkrow\n|-damage|p2b: Murkrow|30\/100 par\n|\n|-sideend|p2: Lefties Chi-Yu|move: Tailwind\n|upkeep\n|turn|5\n|-message|Getmelit forfeited.\n|\n|win|Lefties Chi-Yu\n|l|\u2606Getmelit\n","uploadtime":1683987771,"views":8,"p1id":"getmelit","p2id":"leftieschiyu","formatid":"gen9vgc2023regulationc","rating":0,"private":0,"password":""}