{"id":"gen9vgc2023regulationc-1847220000","p1":"graingerw","p2":"yanmabro","format":"[Gen 9] VGC 2023 Regulation C","log":"|j|\u2606graingerw\n|j|\u2606yanmabro\n|t:|1681928855\n|gametype|doubles\n|player|p1|graingerw|2|1394\n|player|p2|yanmabro|169|1319\n|teamsize|p1|6\n|teamsize|p2|6\n|gen|9\n|tier|[Gen 9] VGC 2023 Regulation C\n|rated|\n|rule|Species Clause: Limit one of each Pok\u00e9mon\n|rule|Item Clause: Limit one of each item\n|clearpoke\n|poke|p1|Iron Bundle, L50|\n|poke|p1|Glimmora, L50, M|\n|poke|p1|Dondozo, L50, M|\n|poke|p1|Tatsugiri, L50, F|\n|poke|p1|Chi-Yu, L50|\n|poke|p1|Breloom, L50, F|\n|poke|p2|Arcanine, L50, M|\n|poke|p2|Palafin, L50, F|\n|poke|p2|Amoonguss, L50, M|\n|poke|p2|Sandy Shocks, L50|\n|poke|p2|Ting-Lu, L50|\n|poke|p2|Annihilape, L50, F|\n|teampreview|4\ngraingerw has agreed to open team sheets.\nyanmabro rejected open team sheets.\n|inactive|Battle timer is ON: inactive players will automatically lose when time's up. (requested by graingerw)\n|inactive|yanmabro has 60 seconds left.\n|\n|t:|1681928903\n|start\n|switch|p1a: Glimmora|Glimmora, L50, M|100\/100\n|switch|p1b: Chi-Yu|Chi-Yu, L50|100\/100\n|switch|p2a: Amoonguss|Amoonguss, L50, M|100\/100\n|switch|p2b: Palafin|Palafin, L50, F|100\/100\n|-ability|p1b: Chi-Yu|Beads of Ruin\n|turn|1\n|inactive|yanmabro has 30 seconds left.\n|inactive|yanmabro has 20 seconds left.\n|inactive|yanmabro has 15 seconds left.\n|inactive|yanmabro has 10 seconds left.\n|\n|t:|1681928950\n|detailschange|p2b: Palafin|Palafin-Hero, L50, F\n|switch|p2b: Sandy Shocks|Sandy Shocks, L50|100\/100\n|-enditem|p2b: Sandy Shocks|Booster Energy\n|-activate|p2b: Sandy Shocks|ability: Protosynthesis|[fromitem]\n|-start|p2b: Sandy Shocks|protosynthesisspa\n|-terastallize|p2a: Amoonguss|Water\n|move|p1b: Chi-Yu|Protect|p1b: Chi-Yu\n|-singleturn|p1b: Chi-Yu|Protect\n|move|p1a: Glimmora|Mortal Spin|p2b: Sandy Shocks|[spread] p2a,p2b\n|-resisted|p2b: Sandy Shocks\n|-damage|p2a: Amoonguss|96\/100\n|-damage|p2b: Sandy Shocks|98\/100\n|-status|p2a: Amoonguss|psn\n|-status|p2b: Sandy Shocks|psn\n|move|p2a: Amoonguss|Spore|p1b: Chi-Yu\n|-activate|p1b: Chi-Yu|move: Protect\n|\n|-damage|p2b: Sandy Shocks|86\/100 psn|[from] psn\n|-damage|p2a: Amoonguss|84\/100 psn|[from] psn\n|upkeep\n|turn|2\n|inactive|graingerw has 30 seconds left.\n|inactive|yanmabro has 30 seconds left.\n|inactive|graingerw has 20 seconds left.\n|inactive|yanmabro has 20 seconds left.\n|inactive|graingerw has 15 seconds left.\n|inactive|yanmabro has 15 seconds left.\n|\n|t:|1681928994\n|move|p1a: Glimmora|Spiky Shield|p1a: Glimmora\n|-singleturn|p1a: Glimmora|move: Protect\n|move|p2b: Sandy Shocks|Substitute|p2b: Sandy Shocks\n|-start|p2b: Sandy Shocks|Substitute\n|-damage|p2b: Sandy Shocks|61\/100 psn\n|move|p1b: Chi-Yu|Dark Pulse|p2a: Amoonguss\n|-damage|p2a: Amoonguss|27\/100 psn\n|-enditem|p2a: Amoonguss|Sitrus Berry|[eat]\n|-heal|p2a: Amoonguss|52\/100 psn|[from] item: Sitrus Berry\n|-damage|p1b: Chi-Yu|91\/100|[from] item: Life Orb\n|move|p2a: Amoonguss|Spore|p1a: Glimmora\n|-activate|p1a: Glimmora|move: Protect\n|\n|-damage|p2b: Sandy Shocks|48\/100 psn|[from] psn\n|-damage|p2a: Amoonguss|40\/100 psn|[from] psn\n|upkeep\n|turn|3\n|inactive|graingerw has 30 seconds left.\n|\n|t:|1681929026\n|switch|p2a: Palafin|Palafin-Hero, L50, F|100\/100\n|-activate|p2a: Palafin|ability: Zero to Hero\n|-terastallize|p1a: Glimmora|Grass\n|move|p1b: Chi-Yu|Protect|p1b: Chi-Yu\n|-singleturn|p1b: Chi-Yu|Protect\n|move|p2b: Sandy Shocks|Earth Power|p1b: Chi-Yu\n|-activate|p1b: Chi-Yu|move: Protect\n|move|p1a: Glimmora|Mortal Spin|p2a: Palafin|[spread] p2a,p2b\n|-resisted|p2b: Sandy Shocks\n|-activate|p2b: Sandy Shocks|move: Substitute|[damage]\n|-damage|p2a: Palafin|96\/100\n|-status|p2a: Palafin|psn\n|\n|-damage|p2b: Sandy Shocks|36\/100 psn|[from] psn\n|-damage|p2a: Palafin|84\/100 psn|[from] psn\n|upkeep\n|turn|4\n|inactive|graingerw has 30 seconds left.\n|inactive|graingerw has 20 seconds left.\n|\n|t:|1681929063\n|move|p2b: Sandy Shocks|Thunderbolt|p1b: Chi-Yu\n|-damage|p1b: Chi-Yu|26\/100\n|move|p1b: Chi-Yu|Dark Pulse|p2a: Palafin\n|-damage|p2a: Palafin|7\/100 psn\n|-damage|p1b: Chi-Yu|16\/100|[from] item: Life Orb\n|cant|p2a: Palafin|flinch\n|move|p1a: Glimmora|Power Gem|p2a: Palafin\n|-damage|p2a: Palafin|0 fnt\n|faint|p2a: Palafin\n|\n|-damage|p2b: Sandy Shocks|23\/100 psn|[from] psn\n|upkeep\n|c|\u2606graingerw|lol\n|\n|t:|1681929079\n|switch|p2a: Arcanine|Arcanine, L50, M|100\/100\n|-ability|p2a: Arcanine|Intimidate|boost\n|-unboost|p1a: Glimmora|atk|1\n|-unboost|p1b: Chi-Yu|atk|1\n|turn|5\n|\n|t:|1681929096\n|move|p1b: Chi-Yu|Protect|p1b: Chi-Yu\n|-singleturn|p1b: Chi-Yu|Protect\n|move|p2a: Arcanine|Protect|p2a: Arcanine\n|-singleturn|p2a: Arcanine|Protect\n|move|p1a: Glimmora|Spiky Shield|p1a: Glimmora\n|-singleturn|p1a: Glimmora|move: Protect\n|move|p2b: Sandy Shocks|Thunderbolt|p1b: Chi-Yu\n|-activate|p1b: Chi-Yu|move: Protect\n|\n|-damage|p2b: Sandy Shocks|11\/100 psn|[from] psn\n|upkeep\n|turn|6\n|inactive|graingerw has 30 seconds left.\n|\n|t:|1681929121\n|switch|p1b: Tatsugiri|Tatsugiri, L50, F|100\/100\n|switch|p1a: Dondozo|Dondozo, L50, M|100\/100\n|-activate|p1b: Tatsugiri|ability: Commander|[of] p1a: Dondozo\n|-boost|p1a: Dondozo|atk|2\n|-boost|p1a: Dondozo|spa|2\n|-boost|p1a: Dondozo|spe|2\n|-boost|p1a: Dondozo|def|2\n|-boost|p1a: Dondozo|spd|2\n|move|p2b: Sandy Shocks|Thunderbolt|p1b: Tatsugiri|[miss]\n|-miss|p2b: Sandy Shocks|p1b: Tatsugiri\n|move|p2a: Arcanine|Flare Blitz|p1a: Dondozo\n|-resisted|p1a: Dondozo\n|-damage|p1a: Dondozo|91\/100\n|-status|p1a: Dondozo|brn\n|-damage|p2a: Arcanine|97\/100|[from] Recoil\n|\n|-heal|p1a: Dondozo|97\/100 brn|[from] item: Leftovers\n|-damage|p2b: Sandy Shocks|0 fnt|[from] psn\n|faint|p2b: Sandy Shocks\n|-end|p2b: Sandy Shocks|Protosynthesis|[silent]\n|-damage|p1a: Dondozo|91\/100 brn|[from] brn\n|upkeep\n|c|\u2606graingerw|rejects open teamsheet\n|c|\u2606graingerw|gets bodied\n|\n|t:|1681929146\n|switch|p2b: Amoonguss|Amoonguss, L50, M, tera:Water|73\/100 psn\n|turn|7\n|inactive|yanmabro has 30 seconds left.\n|inactive|yanmabro has 20 seconds left.\n|inactive|yanmabro has 15 seconds left.\n|inactive|yanmabro has 10 seconds left.\n|inactive|yanmabro has 5 seconds left.\n|\n|t:|1681929201\n|move|p1a: Dondozo|Protect|p1a: Dondozo\n|-singleturn|p1a: Dondozo|Protect\n|move|p2a: Arcanine|Flare Blitz|p1b: Tatsugiri|[miss]\n|-miss|p2a: Arcanine|p1b: Tatsugiri\n|move|p2b: Amoonguss|Spore|p1a: Dondozo\n|-activate|p1a: Dondozo|move: Protect\n|\n|-heal|p1a: Dondozo|97\/100 brn|[from] item: Leftovers\n|-damage|p2b: Amoonguss|61\/100 psn|[from] psn\n|-damage|p1a: Dondozo|91\/100 brn|[from] brn\n|upkeep\n|turn|8\n|inactive|yanmabro has 30 seconds left.\n|inactive|yanmabro has 20 seconds left.\n|inactive|yanmabro has 15 seconds left.\n|inactive|yanmabro has 10 seconds left.\n|inactive|yanmabro has 5 seconds left.\n|\n|t:|1681929257\n|move|p1a: Dondozo|Wave Crash|p2b: Amoonguss\n|-resisted|p2b: Amoonguss\n|-damage|p2b: Amoonguss|40\/100 psn\n|-damage|p1a: Dondozo|84\/100 brn|[from] Recoil\n|move|p2a: Arcanine|Flare Blitz|p1a: Dondozo\n|-resisted|p1a: Dondozo\n|-damage|p1a: Dondozo|74\/100 brn\n|-damage|p2a: Arcanine|93\/100|[from] Recoil\n|move|p2b: Amoonguss|Spore|p1b: Tatsugiri|[miss]\n|-miss|p2b: Amoonguss|p1b: Tatsugiri\n|\n|-heal|p1a: Dondozo|80\/100 brn|[from] item: Leftovers\n|-damage|p2b: Amoonguss|28\/100 psn|[from] psn\n|-damage|p1a: Dondozo|74\/100 brn|[from] brn\n|upkeep\n|turn|9\n|inactive|yanmabro has 30 seconds left.\n|inactive|yanmabro has 20 seconds left.\n|inactive|yanmabro has 15 seconds left.\n|inactive|yanmabro has 10 seconds left.\n|inactive|yanmabro has 5 seconds left.\n|\n|t:|1681929313\n|move|p1a: Dondozo|Wave Crash|p2b: Amoonguss\n|-resisted|p2b: Amoonguss\n|-damage|p2b: Amoonguss|9\/100 psn\n|-damage|p1a: Dondozo|68\/100 brn|[from] Recoil\n|move|p2a: Arcanine|Flare Blitz|p1b: Tatsugiri|[miss]\n|-miss|p2a: Arcanine|p1b: Tatsugiri\n|move|p2b: Amoonguss|Spore|p1b: Tatsugiri|[miss]\n|-miss|p2b: Amoonguss|p1b: Tatsugiri\n|\n|-heal|p1a: Dondozo|74\/100 brn|[from] item: Leftovers\n|-damage|p2b: Amoonguss|0 fnt|[from] psn\n|faint|p2b: Amoonguss\n|-damage|p1a: Dondozo|68\/100 brn|[from] brn\n|upkeep\n|turn|10\n|inactive|yanmabro has 30 seconds left.\n|inactive|yanmabro has 20 seconds left.\n|inactive|yanmabro has 15 seconds left.\n|inactive|yanmabro has 10 seconds left.\n|inactive|yanmabro has 5 seconds left.\n|\n|t:|1681929368\n|move|p1a: Dondozo|Wave Crash|p2a: Arcanine\n|-supereffective|p2a: Arcanine\n|-damage|p2a: Arcanine|0 fnt\n|faint|p2a: Arcanine\n|-damage|p1a: Dondozo|42\/100 brn|[from] Recoil\n|\n|win|graingerw\n|inactive|yanmabro has 10 seconds left this turn.\n|raw|graingerw's rating: 1394 → 1410<\/strong> (+16 for winning)\n|raw|yanmabro's rating: 1319 → 1303<\/strong> (-16 for losing)\n","uploadtime":1681929379,"views":15,"p1id":"graingerw","p2id":"yanmabro","formatid":"gen9vgc2023regulationc","rating":1303,"private":0,"password":""}