{"id":"gen9vgc2023regulationc-1861490645","p1":"taylor ham guy","p2":"Violet040","format":"[Gen 9] VGC 2023 Regulation C","log":"|j|\u2606taylor ham guy\n|j|\u2606Violet040\n|t:|1683764345\n|gametype|doubles\n|player|p1|taylor ham guy|wattson|1359\n|player|p2|Violet040|erika|1263\n|teamsize|p1|6\n|teamsize|p2|6\n|gen|9\n|tier|[Gen 9] VGC 2023 Regulation C\n|rated|\n|rule|Species Clause: Limit one of each Pok\u00e9mon\n|rule|Item Clause: Limit one of each item\n|clearpoke\n|poke|p1|Murkrow, L50, M|\n|poke|p1|Flutter Mane, L50|\n|poke|p1|Great Tusk, L50|\n|poke|p1|Brute Bonnet, L50|\n|poke|p1|Arcanine, L50, M|\n|poke|p1|Dragonite, L50, F|\n|poke|p2|Breloom, L50, F|\n|poke|p2|Klefki, L50, M|\n|poke|p2|Volcarona, L50, M|\n|poke|p2|Iron Bundle, L50|\n|poke|p2|Flutter Mane, L50|\n|poke|p2|Glimmora, L50, F|\n|teampreview|4\nViolet040 rejected open team sheets.\n|inactive|Battle timer is ON: inactive players will automatically lose when time's up. (requested by Violet040)\n|\n|t:|1683764369\n|start\n|switch|p1a: Murkrow|Murkrow, L50, M|100\/100\n|switch|p1b: Great Tusk|Great Tusk, L50|100\/100\n|switch|p2a: Klefki|Klefki, L50, M, shiny|100\/100\n|switch|p2b: Glimmora|Glimmora, L50, F, shiny|100\/100\n|-item|p2b: Glimmora|Air Balloon\n|turn|1\n|inactive|taylor ham guy has 30 seconds left.\n|\n|t:|1683764403\n|-terastallize|p1b: Great Tusk|Fire\n|move|p2a: Klefki|Reflect|p2a: Klefki\n|-sidestart|p2: Violet040|Reflect\n|move|p1b: Great Tusk|Earthquake|p2a: Klefki|[spread] p2a\n|-immune|p1a: Murkrow\n|-immune|p2b: Glimmora\n|-supereffective|p2a: Klefki\n|-damage|p2a: Klefki|35\/100\n|move|p1a: Murkrow|Brave Bird|p2b: Glimmora\n|-resisted|p2b: Glimmora\n|-crit|p2b: Glimmora\n|-damage|p2b: Glimmora|62\/100\n|-activate|p2b: Glimmora|ability: Toxic Debris\n|-sidestart|p1: taylor ham guy|move: Toxic Spikes\n|-enditem|p2b: Glimmora|Air Balloon\n|-damage|p1a: Murkrow|84\/100|[from] Recoil\n|move|p2b: Glimmora|Mortal Spin|p1a: Murkrow|[spread] p1a,p1b\n|-damage|p1a: Murkrow|70\/100\n|-damage|p1b: Great Tusk|97\/100\n|-status|p1a: Murkrow|psn\n|-status|p1b: Great Tusk|psn\n|\n|-damage|p1b: Great Tusk|85\/100 psn|[from] psn\n|-damage|p1a: Murkrow|58\/100 psn|[from] psn\n|upkeep\n|turn|2\n|inactive|Violet040 has 30 seconds left.\n|\n|t:|1683764430\n|move|p1a: Murkrow|Sunny Day|p1a: Murkrow\n|-weather|SunnyDay\n|-activate|p1b: Great Tusk|ability: Protosynthesis\n|-start|p1b: Great Tusk|protosynthesisatk\n|move|p2a: Klefki|Light Screen|p2a: Klefki\n|-sidestart|p2: Violet040|move: Light Screen\n|move|p1b: Great Tusk|Earthquake|p2b: Glimmora|[spread] p2a,p2b\n|-immune|p1a: Murkrow\n|-supereffective|p2a: Klefki\n|-crit|p2a: Klefki\n|-supereffective|p2b: Glimmora\n|-damage|p2a: Klefki|0 fnt\n|-damage|p2b: Glimmora|0 fnt\n|-activate|p2b: Glimmora|ability: Toxic Debris\n|-sidestart|p1: taylor ham guy|move: Toxic Spikes\n|faint|p2a: Klefki\n|faint|p2b: Glimmora\n|\n|-weather|SunnyDay|[upkeep]\n|-damage|p1b: Great Tusk|73\/100 psn|[from] psn\n|-damage|p1a: Murkrow|45\/100 psn|[from] psn\n|upkeep\n|\n|t:|1683764443\n|switch|p2b: Flutter Mane|Flutter Mane, L50|100\/100\n|switch|p2a: Iron Bundle|Iron Bundle, L50|100\/100\n|-activate|p2b: Flutter Mane|ability: Protosynthesis\n|-start|p2b: Flutter Mane|protosynthesisspa\n|turn|3\n|\n|t:|1683764464\n|move|p1a: Murkrow|Tailwind|p1a: Murkrow\n|-sidestart|p1: taylor ham guy|move: Tailwind\n|move|p1b: Great Tusk|Earthquake|p2b: Flutter Mane|[spread] p2a,p2b\n|-immune|p1a: Murkrow\n|-damage|p2a: Iron Bundle|55\/100\n|-damage|p2b: Flutter Mane|44\/100\n|move|p2a: Iron Bundle|Hydro Pump|p1b: Great Tusk\n|-supereffective|p1b: Great Tusk\n|-damage|p1b: Great Tusk|0 fnt\n|faint|p1b: Great Tusk\n|-end|p1b: Great Tusk|Protosynthesis|[silent]\n|move|p2b: Flutter Mane|Moonblast|p1a: Murkrow\n|-supereffective|p1a: Murkrow\n|-damage|p1a: Murkrow|0 fnt\n|faint|p1a: Murkrow\n|\n|-weather|SunnyDay|[upkeep]\n|upkeep\n|\n|t:|1683764476\n|switch|p1a: Flutter Mane|Flutter Mane, L50|100\/100\n|switch|p1b: Dragonite|Dragonite, L50, F|100\/100\n|-status|p1a: Flutter Mane|tox\n|-activate|p1a: Flutter Mane|ability: Protosynthesis\n|-start|p1a: Flutter Mane|protosynthesisspa\n|turn|4\n|\n|t:|1683764494\n|move|p2b: Flutter Mane|Protect|p2b: Flutter Mane\n|-singleturn|p2b: Flutter Mane|Protect\n|move|p1b: Dragonite|Extreme Speed|p2a: Iron Bundle\n|-damage|p2a: Iron Bundle|20\/100\n|move|p1a: Flutter Mane|Shadow Ball|p2b: Flutter Mane\n|-activate|p2b: Flutter Mane|move: Protect\n|move|p2a: Iron Bundle|Hydro Pump|p1a: Flutter Mane\n|-damage|p1a: Flutter Mane|60\/100 tox\n|\n|-weather|SunnyDay|[upkeep]\n|-damage|p1a: Flutter Mane|54\/100 tox|[from] psn\n|upkeep\n|turn|5\n|\n|t:|1683764508\n|move|p1b: Dragonite|Extreme Speed|p2a: Iron Bundle\n|-damage|p2a: Iron Bundle|0 fnt\n|faint|p2a: Iron Bundle\n|-end|p2a: Iron Bundle|Quark Drive|[silent]\n|move|p1a: Flutter Mane|Shadow Ball|p2b: Flutter Mane\n|-supereffective|p2b: Flutter Mane\n|-damage|p2b: Flutter Mane|0 fnt\n|faint|p2b: Flutter Mane\n|-end|p2b: Flutter Mane|Protosynthesis|[silent]\n|\n|win|taylor ham guy\n|raw|taylor ham guy's rating: 1359 → 1374<\/strong> (+15 for winning)\n|raw|Violet040's rating: 1263 → 1245<\/strong> (-18 for losing)\n|l|\u2606Violet040\n","uploadtime":1683764519,"views":5,"p1id":"taylorhamguy","p2id":"violet040","formatid":"gen9vgc2023regulationc","rating":1245,"private":0,"password":""}