{"id":"gen9vgc2023regulationc-1853443844","p1":"gianniking","p2":"haha u rage quit","format":"[Gen 9] VGC 2023 Regulation C","log":"|j|\u2606gianniking\n|j|\u2606haha u rage quit\n|t:|1682685763\n|gametype|doubles\n|player|p1|gianniking|1|1201\n|player|p2|haha u rage quit|pokemaniac|1308\n|teamsize|p1|6\n|teamsize|p2|6\n|gen|9\n|tier|[Gen 9] VGC 2023 Regulation C\n|rated|\n|rule|Species Clause: Limit one of each Pok\u00e9mon\n|rule|Item Clause: Limit one of each item\n|clearpoke\n|poke|p1|Annihilape, L50, F|\n|poke|p1|Maushold, L50|\n|poke|p1|Corviknight, L50, F|\n|poke|p1|Gholdengo, L50|\n|poke|p1|Gastrodon, L50, M|\n|poke|p1|Ting-Lu, L50|\n|poke|p2|Roaring Moon, L50|\n|poke|p2|Hippowdon, L50, M|\n|poke|p2|Tyranitar, L50, M|\n|poke|p2|Great Tusk, L50|\n|poke|p2|Garchomp, L50, M|\n|poke|p2|Lycanroc, L50, M|\n|teampreview|4\ngianniking has agreed to open team sheets.\n|\n|t:|1682685812\n|start\n|switch|p1a: Annihilape|Annihilape, L50, F|100\/100\n|switch|p1b: Maushold|Maushold, L50|100\/100\n|switch|p2a: Hippowdon|Hippowdon, L50, M|100\/100\n|switch|p2b: Great Tusk|Great Tusk, L50, shiny|100\/100\n|turn|1\n|\n|t:|1682685827\n|switch|p1a: Corviknight|Corviknight, L50, F|100\/100\n|move|p1b: Maushold|Protect|p1b: Maushold\n|-singleturn|p1b: Maushold|Protect\n|move|p2b: Great Tusk|Close Combat|p1b: Maushold\n|-activate|p1b: Maushold|move: Protect\n|move|p2a: Hippowdon|Fissure|p1a: Corviknight\n|-immune|p1a: Corviknight\n|\n|upkeep\n|turn|2\n|\n|t:|1682685846\n|switch|p1b: Annihilape|Annihilape, L50, F|100\/100\n|switch|p2a: Roaring Moon|Roaring Moon, L50|100\/100\n|-enditem|p2a: Roaring Moon|Booster Energy\n|-activate|p2a: Roaring Moon|ability: Protosynthesis|[fromitem]\n|-start|p2a: Roaring Moon|protosynthesisspe\n|move|p2b: Great Tusk|Close Combat|p1b: Annihilape\n|-immune|p1b: Annihilape\n|move|p1a: Corviknight|Tailwind|p1a: Corviknight\n|-sidestart|p1: gianniking|move: Tailwind\n|\n|upkeep\n|turn|3\n|\n|t:|1682685900\n|-end|p2b: Great Tusk|Protosynthesis|[silent]\n|switch|p2b: Hippowdon|Hippowdon, L50, M|100\/100\n|-terastallize|p2a: Roaring Moon|Ghost\n|move|p2a: Roaring Moon|Tailwind|p2a: Roaring Moon\n|-sidestart|p2: haha u rage quit|move: Tailwind\n|move|p1b: Annihilape|Drain Punch|p2b: Hippowdon\n|-damage|p2b: Hippowdon|73\/100\n|move|p1a: Corviknight|Brave Bird|p2b: Hippowdon\n|-damage|p2b: Hippowdon|43\/100\n|-enditem|p2b: Hippowdon|Sitrus Berry|[eat]\n|-heal|p2b: Hippowdon|68\/100|[from] item: Sitrus Berry\n|-damage|p1a: Corviknight|90\/100|[from] Recoil\n|\n|upkeep\n|turn|4\n|\n|t:|1682685936\n|switch|p1a: Maushold|Maushold, L50|100\/100\n|move|p1b: Annihilape|Protect|p1b: Annihilape\n|-singleturn|p1b: Annihilape|Protect\n|move|p2a: Roaring Moon|Acrobatics|p1b: Annihilape\n|-activate|p1b: Annihilape|move: Protect\n|move|p2b: Hippowdon|Stomping Tantrum|p1b: Annihilape\n|-activate|p1b: Annihilape|move: Protect\n|\n|upkeep\n|turn|5\n|\n|t:|1682685958\n|-end|p2a: Roaring Moon|Protosynthesis|[silent]\n|switch|p2a: Great Tusk|Great Tusk, L50, shiny|100\/100\n|move|p1a: Maushold|Beat Up|p1b: Annihilape\n|-damage|p1b: Annihilape|99\/100\n|-damage|p1b: Annihilape|96\/100\n|-damage|p1b: Annihilape|95\/100\n|-damage|p1b: Annihilape|92\/100\n|-hitcount|p1b: Annihilape|4\n|move|p1b: Annihilape|Rage Fist|p2b: Hippowdon\n|-crit|p2b: Hippowdon\n|-damage|p2b: Hippowdon|0 fnt\n|faint|p2b: Hippowdon\n|\n|-heal|p1b: Annihilape|98\/100|[from] item: Leftovers\n|-sideend|p1: gianniking|move: Tailwind\n|upkeep\n|\n|t:|1682685974\n|switch|p2b: Roaring Moon|Roaring Moon, L50, tera:Ghost|100\/100\n|turn|6\n|\n|t:|1682685983\n|switch|p1b: Corviknight|Corviknight, L50, F|90\/100\n|move|p1a: Maushold|Protect|p1a: Maushold\n|-singleturn|p1a: Maushold|Protect\n|move|p2a: Great Tusk|Close Combat|p1a: Maushold\n|-activate|p1a: Maushold|move: Protect\n|move|p2b: Roaring Moon|Rock Slide|p1a: Maushold|[spread] p1b\n|-activate|p1a: Maushold|move: Protect\n|-damage|p1b: Corviknight|80\/100\n|\n|-sideend|p2: haha u rage quit|move: Tailwind\n|upkeep\n|turn|7\n|-message|haha u rage quit forfeited.\n|\n|win|gianniking\n|raw|gianniking's rating: 1201 → 1233<\/strong> (+32 for winning)\n|raw|haha u rage quit's rating: 1308 → 1282<\/strong> (-26 for losing)\n|l|\u2606haha u rage quit\n|l|\u2606gianniking\n|j|\u2606haha u rage quit\n|player|p2|haha u rage quit|pokemaniac\n","uploadtime":1682686075,"views":9,"p1id":"gianniking","p2id":"hahauragequit","formatid":"gen9vgc2023regulationc","rating":1233,"private":0,"password":""}