{"id":"gen9vgc2023regulationc-1845475850","p1":"rookie12","p2":"CaptainLatios","format":"[Gen 9] VGC 2023 Regulation C","log":"|j|\u203drookie12\n|j|\u2606CaptainLatios\n|t:|1681737449\n|gametype|doubles\n|player|p1|rookie12|winona|1085\n|player|p2|CaptainLatios|caitlin-masters|1099\n|teamsize|p1|6\n|teamsize|p2|6\n|gen|9\n|tier|[Gen 9] VGC 2023 Regulation C\n|rated|\n|rule|Species Clause: Limit one of each Pok\u00e9mon\n|rule|Item Clause: Limit one of each item\n|clearpoke\n|poke|p1|Breloom, L50, M|\n|poke|p1|Grimmsnarl, L50, M|\n|poke|p1|Iron Moth, L50|\n|poke|p1|Tyranitar, L50, F|\n|poke|p1|Tatsugiri, L50, M|\n|poke|p1|Dondozo, L50, M|\n|poke|p2|Indeedee-F, L50, F|\n|poke|p2|Armarouge, L50, M|\n|poke|p2|Palafin, L50, M|\n|poke|p2|Chien-Pao, L50|\n|poke|p2|Gholdengo, L50|\n|poke|p2|Great Tusk, L50|\n|teampreview|4\n|inactive|Battle timer is ON: inactive players will automatically lose when time's up. (requested by rookie12)\n|\n|t:|1681737498\n|start\n|switch|p1a: Grimmsnarl|Grimmsnarl, L50, M|100\/100\n|switch|p1b: Tyranitar|Tyranitar, L50, F|100\/100\n|switch|p2a: Armarouge|Armarouge, L50, M|100\/100\n|switch|p2b: Palafin|Palafin, L50, M|100\/100\n|-weather|Sandstorm|[from] ability: Sand Stream|[of] p1b: Tyranitar\n|turn|1\n|\n|t:|1681737519\n|switch|p2a: Gholdengo|Gholdengo, L50|100\/100\n|-terastallize|p1b: Tyranitar|Grass\n|move|p1a: Grimmsnarl|Sucker Punch||[still]\n|-fail|p1a: Grimmsnarl\n|move|p2b: Palafin|Flip Turn|p1b: Tyranitar\n|-resisted|p1b: Tyranitar\n|-damage|p1b: Tyranitar|95\/100\n|\n|t:|1681737529\n|detailschange|p2b: Palafin|Palafin-Hero, L50, M\n|switch|p2b: Armarouge|Armarouge, L50, M|100\/100|[from] Flip Turn\n|move|p1b: Tyranitar|Dark Pulse|p2b: Armarouge\n|-supereffective|p2b: Armarouge\n|-damage|p2b: Armarouge|0 fnt\n|faint|p2b: Armarouge\n|\n|-weather|Sandstorm|[upkeep]\n|-damage|p1a: Grimmsnarl|95\/100|[from] Sandstorm\n|-damage|p1b: Tyranitar|89\/100|[from] Sandstorm\n|upkeep\n|\n|t:|1681737542\n|switch|p2b: Palafin|Palafin-Hero, L50, M|100\/100\n|-activate|p2b: Palafin|ability: Zero to Hero\n|turn|2\n|\n|t:|1681737561\n|-terastallize|p2a: Gholdengo|Steel\n|move|p1a: Grimmsnarl|Sucker Punch|p2a: Gholdengo\n|-damage|p2a: Gholdengo|44\/100\n|-damage|p1a: Grimmsnarl|85\/100|[from] item: Life Orb\n|move|p2b: Palafin|Close Combat|p1b: Tyranitar\n|-damage|p1b: Tyranitar|58\/100\n|-unboost|p2b: Palafin|def|1\n|-unboost|p2b: Palafin|spd|1\n|move|p2a: Gholdengo|Make It Rain|p1a: Grimmsnarl|[spread] p1a,p1b\n|-supereffective|p1a: Grimmsnarl\n|-damage|p1a: Grimmsnarl|0 fnt\n|-damage|p1b: Tyranitar|0 fnt\n|-unboost|p2a: Gholdengo|spa|1\n|faint|p1a: Grimmsnarl\n|faint|p1b: Tyranitar\n|\n|-weather|Sandstorm|[upkeep]\n|-damage|p2b: Palafin|95\/100|[from] Sandstorm\n|upkeep\n|\n|t:|1681737578\n|switch|p1a: Breloom|Breloom, L50, M|100\/100\n|switch|p1b: Tatsugiri|Tatsugiri, L50, M|100\/100\n|turn|3\n|inactive|rookie12 has 30 seconds left.\n|inactive|rookie12 has 20 seconds left.\n|inactive|rookie12 has 15 seconds left.\n|inactive|rookie12 has 10 seconds left.\n|\n|t:|1681737625\n|move|p1b: Tatsugiri|Icy Wind|p2b: Palafin|[spread] p2a,p2b\n|-resisted|p2a: Gholdengo\n|-resisted|p2b: Palafin\n|-damage|p2a: Gholdengo|36\/100\n|-damage|p2b: Palafin|86\/100\n|-unboost|p2a: Gholdengo|spe|1\n|-unboost|p2b: Palafin|spe|1\n|move|p2b: Palafin|Close Combat|p1b: Tatsugiri\n|-damage|p1b: Tatsugiri|24\/100\n|-unboost|p2b: Palafin|def|1\n|-unboost|p2b: Palafin|spd|1\n|move|p1a: Breloom|Close Combat|p2a: Gholdengo\n|-supereffective|p2a: Gholdengo\n|-damage|p2a: Gholdengo|0 fnt\n|-unboost|p1a: Breloom|def|1\n|-unboost|p1a: Breloom|spd|1\n|faint|p2a: Gholdengo\n|\n|-weather|Sandstorm|[upkeep]\n|-damage|p1b: Tatsugiri|18\/100|[from] Sandstorm\n|-damage|p2b: Palafin|80\/100|[from] Sandstorm\n|-damage|p1a: Breloom|95\/100|[from] Sandstorm\n|upkeep\n|\n|t:|1681737643\n|switch|p2a: Indeedee|Indeedee-F, L50, F|100\/100\n|-fieldstart|move: Psychic Terrain|[from] ability: Psychic Surge|[of] p2a: Indeedee\n|-enditem|p2a: Indeedee|Psychic Seed\n|-boost|p2a: Indeedee|spd|1|[from] item: Psychic Seed\n|turn|4\n|\n|t:|1681737660\n|move|p2a: Indeedee|Follow Me|p2a: Indeedee\n|-singleturn|p2a: Indeedee|move: Follow Me\n|move|p1b: Tatsugiri|Icy Wind|p2a: Indeedee|[spread] p2a,p2b\n|-resisted|p2b: Palafin\n|-damage|p2a: Indeedee|93\/100\n|-damage|p2b: Palafin|70\/100\n|-unboost|p2a: Indeedee|spe|1\n|-unboost|p2b: Palafin|spe|1\n|move|p1a: Breloom|Close Combat|p2a: Indeedee\n|-damage|p2a: Indeedee|21\/100\n|-unboost|p1a: Breloom|def|1\n|-unboost|p1a: Breloom|spd|1\n|move|p2b: Palafin|Close Combat|p1b: Tatsugiri\n|-damage|p1b: Tatsugiri|0 fnt\n|-unboost|p2b: Palafin|def|1\n|-unboost|p2b: Palafin|spd|1\n|faint|p1b: Tatsugiri\n|\n|-weather|Sandstorm|[upkeep]\n|-damage|p1a: Breloom|89\/100|[from] Sandstorm\n|-damage|p2b: Palafin|64\/100|[from] Sandstorm\n|-damage|p2a: Indeedee|15\/100|[from] Sandstorm\n|upkeep\n|turn|5\n|-message|rookie12 forfeited.\n|\n|win|CaptainLatios\n|raw|rookie12's rating: 1085 → 1063<\/strong> (-22 for losing)\n|raw|CaptainLatios's rating: 1099 → 1123<\/strong> (+24 for winning)\n|l|\u203drookie12\n","uploadtime":1681737686,"views":4,"p1id":"rookie12","p2id":"captainlatios","formatid":"gen9vgc2023regulationc","rating":1063,"private":0,"password":""}