{"id":"gen9vgc2023regulationc-1848506704","p1":"kurotoki_8","p2":"Wrath17","format":"[Gen 9] VGC 2023 Regulation C","log":"|j|\u2606kurotoki_8\n|j|\u2606Wrath17\n|t:|1682085446\n|gametype|doubles\n|player|p1|kurotoki_8|2|1143\n|player|p2|Wrath17|170|1156\n|teamsize|p1|6\n|teamsize|p2|6\n|gen|9\n|tier|[Gen 9] VGC 2023 Regulation C\n|rated|\n|rule|Species Clause: Limit one of each Pok\u00e9mon\n|rule|Item Clause: Limit one of each item\n|clearpoke\n|poke|p1|Maushold, L50|\n|poke|p1|Gholdengo, L50|\n|poke|p1|Iron Bundle, L50|\n|poke|p1|Chi-Yu, L50|\n|poke|p1|Kingambit, L50, F|\n|poke|p1|Amoonguss, L50, M|\n|poke|p2|Chi-Yu, L50|\n|poke|p2|Rotom-Wash, L50|\n|poke|p2|Gholdengo, L50|\n|poke|p2|Tyranitar, L50, M|\n|poke|p2|Amoonguss, L50, F|\n|poke|p2|Garganacl, L50, M|\n|teampreview|4\n|inactive|Battle timer is ON: inactive players will automatically lose when time's up. (requested by kurotoki_8)\n|inactive|kurotoki_8 has 60 seconds left.\n|inactive|kurotoki_8 has 30 seconds left.\n|inactive|kurotoki_8 has 20 seconds left.\n|inactive|kurotoki_8 has 15 seconds left.\n|\n|t:|1682085529\n|start\n|switch|p1a: Maushold|Maushold, L50|100\/100\n|switch|p1b: Kingambit|Kingambit, L50, F|100\/100\n|switch|p2a: Garganacl|Garganacl, L50, M, shiny|100\/100\n|switch|p2b: Amoonguss|Amoonguss, L50, F|100\/100\n|turn|1\n|inactive|kurotoki_8 has 30 seconds left.\n|inactive|Wrath17 has 30 seconds left.\n|\n|t:|1682085565\n|move|p1b: Kingambit|Protect|p1b: Kingambit\n|-singleturn|p1b: Kingambit|Protect\n|move|p2b: Amoonguss|Rage Powder|p2b: Amoonguss\n|-singleturn|p2b: Amoonguss|move: Rage Powder\n|move|p1a: Maushold|Taunt|p2b: Amoonguss\n|-start|p2b: Amoonguss|move: Taunt\n|move|p2a: Garganacl|Salt Cure|p1b: Kingambit\n|-activate|p1b: Kingambit|move: Protect\n|\n|upkeep\n|turn|2\n|\n|t:|1682085577\n|switch|p2b: Chi-Yu|Chi-Yu, L50|100\/100\n|-ability|p2b: Chi-Yu|Beads of Ruin\n|move|p1a: Maushold|Follow Me|p1a: Maushold\n|-singleturn|p1a: Maushold|move: Follow Me\n|move|p1b: Kingambit|Swords Dance|p1b: Kingambit\n|-boost|p1b: Kingambit|atk|2\n|move|p2a: Garganacl|Salt Cure|p1a: Maushold\n|-damage|p1a: Maushold|85\/100\n|-start|p1a: Maushold|Salt Cure\n|\n|-damage|p1a: Maushold|73\/100|[from] Salt Cure\n|upkeep\n|turn|3\n|\n|t:|1682085601\n|switch|p2a: Amoonguss|Amoonguss, L50, F|100\/100\n|-terastallize|p2b: Chi-Yu|Poison\n|-terastallize|p1b: Kingambit|Dark\n|move|p2b: Chi-Yu|Heat Wave|p1b: Kingambit|[spread] p1a\n|-miss|p2b: Chi-Yu|p1b: Kingambit\n|-damage|p1a: Maushold|1\/100\n|-damage|p2b: Chi-Yu|91\/100|[from] item: Life Orb\n|move|p1a: Maushold|Super Fang|p2a: Amoonguss\n|-damage|p2a: Amoonguss|51\/100\n|move|p1b: Kingambit|Kowtow Cleave|p2a: Amoonguss\n|-damage|p2a: Amoonguss|0 fnt\n|faint|p2a: Amoonguss\n|\n|-damage|p1a: Maushold|0 fnt|[from] Salt Cure\n|faint|p1a: Maushold\n|upkeep\n|\n|t:|1682085619\n|switch|p1a: Amoonguss|Amoonguss, L50, M, shiny|100\/100\n|switch|p2a: Garganacl|Garganacl, L50, M, shiny|100\/100\n|turn|4\n|inactive|kurotoki_8 has 30 seconds left.\n|\n|t:|1682085652\n|move|p1b: Kingambit|Protect|p1b: Kingambit\n|-singleturn|p1b: Kingambit|Protect\n|move|p2b: Chi-Yu|Heat Wave|p1a: Amoonguss|[spread] p1a\n|-activate|p1b: Kingambit|move: Protect\n|-supereffective|p1a: Amoonguss\n|-damage|p1a: Amoonguss|1\/100\n|-enditem|p1a: Amoonguss|Sitrus Berry|[eat]\n|-heal|p1a: Amoonguss|26\/100|[from] item: Sitrus Berry\n|-damage|p2b: Chi-Yu|82\/100|[from] item: Life Orb\n|move|p2a: Garganacl|Salt Cure|p1b: Kingambit\n|-activate|p1b: Kingambit|move: Protect\n|move|p1a: Amoonguss|Spore|p2b: Chi-Yu\n|-status|p2b: Chi-Yu|slp|[from] move: Spore\n|\n|upkeep\n|turn|5\n|\n|t:|1682085670\n|switch|p1a: Gholdengo|Gholdengo, L50|100\/100\n|cant|p2b: Chi-Yu|slp\n|move|p1b: Kingambit|Kowtow Cleave|p2b: Chi-Yu\n|-damage|p2b: Chi-Yu|0 fnt\n|faint|p2b: Chi-Yu\n|move|p2a: Garganacl|Salt Cure|p1b: Kingambit\n|-damage|p1b: Kingambit|90\/100\n|-start|p1b: Kingambit|Salt Cure\n|\n|-damage|p1b: Kingambit|77\/100|[from] Salt Cure\n|upkeep\n|\n|t:|1682085674\n|switch|p2b: Rotom|Rotom-Wash, L50|100\/100\n|turn|6\n|inactive|kurotoki_8 has 30 seconds left.\n|\n|t:|1682085702\n|move|p2b: Rotom|Trick|p1a: Gholdengo\n|-immune|p1a: Gholdengo|[from] ability: Good as Gold\n|move|p1a: Gholdengo|Nasty Plot|p1a: Gholdengo\n|-boost|p1a: Gholdengo|spa|2\n|move|p1b: Kingambit|Kowtow Cleave|p2a: Garganacl\n|-damage|p2a: Garganacl|16\/100\n|move|p2a: Garganacl|Salt Cure|p1a: Gholdengo\n|-resisted|p1a: Gholdengo\n|-damage|p1a: Gholdengo|93\/100\n|-start|p1a: Gholdengo|Salt Cure\n|\n|-heal|p1a: Gholdengo|99\/100|[from] item: Leftovers\n|-heal|p2a: Garganacl|22\/100|[from] item: Leftovers\n|-damage|p1a: Gholdengo|74\/100|[from] Salt Cure\n|-damage|p1b: Kingambit|65\/100|[from] Salt Cure\n|upkeep\n|turn|7\n|\n|t:|1682085722\n|move|p1b: Kingambit|Sucker Punch||[still]\n|-fail|p1b: Kingambit\n|move|p2b: Rotom|Trick|p1b: Kingambit\n|-activate|p2b: Rotom|move: Trick|[of] p1b: Kingambit\n|-item|p1b: Kingambit|Choice Specs|[from] move: Trick\n|-item|p2b: Rotom|Black Glasses|[from] move: Trick\n|move|p1a: Gholdengo|Shadow Ball|p2b: Rotom\n|-damage|p2b: Rotom|4\/100\n|move|p2a: Garganacl|Recover|p2a: Garganacl\n|-heal|p2a: Garganacl|72\/100\n|\n|-heal|p1a: Gholdengo|80\/100|[from] item: Leftovers\n|-heal|p2a: Garganacl|78\/100|[from] item: Leftovers\n|-damage|p1a: Gholdengo|55\/100|[from] Salt Cure\n|-damage|p1b: Kingambit|52\/100|[from] Salt Cure\n|upkeep\n|turn|8\n|inactive|Wrath17 has 30 seconds left.\n|\n|t:|1682085755\n|switch|p1b: Amoonguss|Amoonguss, L50, M, shiny|59\/100\n|move|p2b: Rotom|Hydro Pump|p1a: Gholdengo\n|-damage|p1a: Gholdengo|6\/100\n|move|p1a: Gholdengo|Make It Rain|p2a: Garganacl|[spread] p2a,p2b\n|-supereffective|p2a: Garganacl\n|-resisted|p2b: Rotom\n|-damage|p2a: Garganacl|0 fnt\n|-damage|p2b: Rotom|0 fnt\n|-unboost|p1a: Gholdengo|spa|1\n|faint|p2a: Garganacl\n|faint|p2b: Rotom\n|\n|win|kurotoki_8\n|raw|kurotoki_8's rating: 1143 → 1169<\/strong> (+26 for winning)\n|raw|Wrath17's rating: 1156 → 1130<\/strong> (-26 for losing)\n|l|\u2606Wrath17\n","uploadtime":1682085770,"views":9,"p1id":"kurotoki8","p2id":"wrath17","formatid":"gen9vgc2023regulationc","rating":1130,"private":0,"password":""}