{"id":"gen9vgc2023regulationc-1859188733","p1":"Charlisito","p2":"OOOOOOOOkay","format":"[Gen 9] VGC 2023 Regulation C","log":"|j|\u2606Charlisito\n|j|\u2606OOOOOOOOkay\n|t:|1683415514\n|gametype|doubles\n|player|p1|Charlisito|101|1296\n|player|p2|OOOOOOOOkay|pokemonbreeder-gen4|1293\n|teamsize|p1|6\n|teamsize|p2|6\n|gen|9\n|tier|[Gen 9] VGC 2023 Regulation C\n|rated|\n|rule|Species Clause: Limit one of each Pok\u00e9mon\n|rule|Item Clause: Limit one of each item\n|clearpoke\n|poke|p1|Bellibolt, L50, F|\n|poke|p1|Palafin, L50, M|\n|poke|p1|Arcanine, L50, M|\n|poke|p1|Amoonguss, L50, M|\n|poke|p1|Flutter Mane, L50|\n|poke|p1|Ting-Lu, L50|\n|poke|p2|Toxtricity, L50, M|\n|poke|p2|Gholdengo, L50|\n|poke|p2|Amoonguss, L50, M|\n|poke|p2|Iron Hands, L50|\n|poke|p2|Great Tusk, L50|\n|poke|p2|Scizor, L50, F|\n|teampreview|4\n|inactive|Battle timer is ON: inactive players will automatically lose when time's up. (requested by OOOOOOOOkay)\n|inactive|Charlisito has 60 seconds left.\n|\n|t:|1683415592\n|start\n|switch|p1a: Flutter Mane|Flutter Mane, L50|100\/100\n|switch|p1b: Palafin|Palafin, L50, M|100\/100\n|switch|p2a: Iron Hands|Iron Hands, L50|100\/100\n|switch|p2b: Great Tusk|Great Tusk, L50|100\/100\n|-enditem|p1a: Flutter Mane|Booster Energy\n|-activate|p1a: Flutter Mane|ability: Protosynthesis|[fromitem]\n|-start|p1a: Flutter Mane|protosynthesisspa\n|-enditem|p2a: Iron Hands|Booster Energy\n|-activate|p2a: Iron Hands|ability: Quark Drive|[fromitem]\n|-start|p2a: Iron Hands|quarkdriveatk\n|turn|1\n|\n|t:|1683415615\n|detailschange|p1b: Palafin|Palafin-Hero, L50, M\n|switch|p1b: Arcanine|Arcanine, L50, M|100\/100\n|-ability|p1b: Arcanine|Intimidate|boost\n|-unboost|p2a: Iron Hands|atk|1\n|-unboost|p2b: Great Tusk|atk|1\n|-terastallize|p2b: Great Tusk|Ground\n|move|p2a: Iron Hands|Fake Out|p1b: Arcanine\n|-damage|p1b: Arcanine|86\/100\n|move|p2b: Great Tusk|Headlong Rush|p1a: Flutter Mane\n|-damage|p1a: Flutter Mane|3\/100\n|-unboost|p2b: Great Tusk|def|1\n|-unboost|p2b: Great Tusk|spd|1\n|move|p1a: Flutter Mane|Dazzling Gleam|p2b: Great Tusk|[spread] p2a,p2b\n|-supereffective|p2a: Iron Hands\n|-damage|p2a: Iron Hands|20\/100\n|-damage|p2b: Great Tusk|0 fnt\n|faint|p2b: Great Tusk\n|-end|p2b: Great Tusk|Protosynthesis|[silent]\n|\n|upkeep\n|\n|t:|1683415633\n|switch|p2b: Scizor|Scizor, L50, F|100\/100\n|turn|2\n|\n|t:|1683415642\n|move|p1a: Flutter Mane|Protect|p1a: Flutter Mane\n|-singleturn|p1a: Flutter Mane|Protect\n|move|p2b: Scizor|Bullet Punch|p1a: Flutter Mane\n|-activate|p1a: Flutter Mane|move: Protect\n|move|p1b: Arcanine|Will-O-Wisp|p2b: Scizor\n|-status|p2b: Scizor|brn\n|move|p2a: Iron Hands|Drain Punch|p1b: Arcanine\n|-damage|p1b: Arcanine|44\/100\n|-heal|p2a: Iron Hands|36\/100|[from] drain|[of] p1b: Arcanine\n|\n|-damage|p2b: Scizor|94\/100 brn|[from] brn\n|upkeep\n|turn|3\n|\n|t:|1683415658\n|-end|p1a: Flutter Mane|Protosynthesis|[silent]\n|switch|p1a: Palafin|Palafin-Hero, L50, M|100\/100\n|-activate|p1a: Palafin|ability: Zero to Hero\n|-end|p2a: Iron Hands|Quark Drive|[silent]\n|switch|p2a: Gholdengo|Gholdengo, L50|100\/100\n|move|p2b: Scizor|Bullet Punch|p1a: Palafin\n|-resisted|p1a: Palafin\n|-damage|p1a: Palafin|93\/100\n|move|p1b: Arcanine|Flare Blitz|p2b: Scizor\n|-supereffective|p2b: Scizor\n|-damage|p2b: Scizor|0 fnt\n|faint|p2b: Scizor\n|-damage|p1b: Arcanine|16\/100|[from] Recoil\n|\n|upkeep\n|\n|t:|1683415661\n|switch|p2b: Iron Hands|Iron Hands, L50|36\/100\n|turn|4\n|\n|t:|1683415679\n|move|p1b: Arcanine|Protect|p1b: Arcanine\n|-singleturn|p1b: Arcanine|Protect\n|move|p2b: Iron Hands|Fake Out|p1a: Palafin\n|-damage|p1a: Palafin|77\/100\n|cant|p1a: Palafin|flinch\n|move|p2a: Gholdengo|Make It Rain|p1b: Arcanine|[spread] p1a\n|-activate|p1b: Arcanine|move: Protect\n|-resisted|p1a: Palafin\n|-damage|p1a: Palafin|44\/100\n|-unboost|p2a: Gholdengo|spa|1\n|-damage|p2a: Gholdengo|91\/100|[from] item: Life Orb\n|\n|upkeep\n|turn|5\n|\n|t:|1683415689\n|move|p1b: Arcanine|Flare Blitz|p2a: Gholdengo\n|-supereffective|p2a: Gholdengo\n|-damage|p2a: Gholdengo|0 fnt\n|faint|p2a: Gholdengo\n|-damage|p1b: Arcanine|0 fnt|[from] Recoil\n|faint|p1b: Arcanine\n|move|p1a: Palafin|Wave Crash|p2b: Iron Hands\n|-damage|p2b: Iron Hands|0 fnt\n|faint|p2b: Iron Hands\n|-end|p2b: Iron Hands|Quark Drive|[silent]\n|-damage|p1a: Palafin|29\/100|[from] Recoil\n|\n|win|Charlisito\n|raw|Charlisito's rating: 1296 → 1321<\/strong> (+25 for winning)\n|raw|OOOOOOOOkay's rating: 1293 → 1268<\/strong> (-25 for losing)\n|l|\u2606OOOOOOOOkay\n","uploadtime":1683416088,"views":8,"p1id":"charlisito","p2id":"ooooooookay","formatid":"gen9vgc2023regulationc","rating":1268,"private":0,"password":""}