{"id":"gen9vgc2023regulationc-1856925031","p1":"ANOWildnSick","p2":"Piff92","format":"[Gen 9] VGC 2023 Regulation C","log":"|j|\u2606ANOWildnSick\n|j|\u2606Piff92\n|t:|1683126268\n|gametype|doubles\n|player|p1|ANOWildnSick|dragontamer|1127\n|player|p2|Piff92|2|1044\n|teamsize|p1|6\n|teamsize|p2|6\n|gen|9\n|tier|[Gen 9] VGC 2023 Regulation C\n|rated|\n|rule|Species Clause: Limit one of each Pok\u00e9mon\n|rule|Item Clause: Limit one of each item\n|clearpoke\n|poke|p1|Garchomp, L50, F|\n|poke|p1|Gyarados, L50, M|\n|poke|p1|Ting-Lu, L50|\n|poke|p1|Flutter Mane, L50|\n|poke|p1|Iron Hands, L50|\n|poke|p1|Arcanine, L50, F|\n|poke|p2|Kingambit, L50, M|\n|poke|p2|Stantler, L50, M|\n|poke|p2|Kilowattrel, L50, F|\n|poke|p2|Maushold-Four, L50|\n|poke|p2|Mudsdale, L50, M|\n|poke|p2|Annihilape, L50, M|\n|teampreview|4\n|inactive|Battle timer is ON: inactive players will automatically lose when time's up. (requested by ANOWildnSick)\n|inactive|ANOWildnSick has 60 seconds left.\n|inactive|Piff92 has 60 seconds left.\nANOWildnSick has agreed to open team sheets.\n|\n|t:|1683126315\n|start\n|switch|p1a: Flutter Mane|Flutter Mane, L50|100\/100\n|switch|p1b: Iron Hands|Iron Hands, L50|100\/100\n|switch|p2a: Maushold|Maushold-Four, L50|100\/100\n|switch|p2b: Mudsdale|Mudsdale, L50, M|100\/100\n|-enditem|p1b: Iron Hands|Booster Energy\n|-activate|p1b: Iron Hands|ability: Quark Drive|[fromitem]\n|-start|p1b: Iron Hands|quarkdriveatk\n|turn|1\n|inactive|Piff92 has 30 seconds left.\n|inactive|Piff92 has 20 seconds left.\n|inactive|Piff92 has 15 seconds left.\n|\n|t:|1683126356\n|-end|p1a: Flutter Mane|Protosynthesis|[silent]\n|switch|p1a: Gyarados|Gyarados, L50, M|100\/100\n|-ability|p1a: Gyarados|Intimidate|boost\n|-unboost|p2a: Maushold|atk|1\n|-unboost|p2b: Mudsdale|atk|1\n|move|p2a: Maushold|Protect|p2a: Maushold\n|-singleturn|p2a: Maushold|Protect\n|move|p1b: Iron Hands|Drain Punch|p2a: Maushold\n|-activate|p2a: Maushold|move: Protect\n|move|p2b: Mudsdale|Fissure|p1a: Gyarados\n|-immune|p1a: Gyarados\n|\n|upkeep\n|turn|2\n|inactive|Piff92 has 30 seconds left.\n|inactive|Piff92 has 20 seconds left.\n|inactive|Piff92 has 15 seconds left.\n|inactive|Piff92 has 10 seconds left.\n|inactive|Piff92 has 5 seconds left.\n|\n|t:|1683126411\n|move|p2a: Maushold|Taunt|p1a: Gyarados\n|-start|p1a: Gyarados|move: Taunt\n|move|p1a: Gyarados|Waterfall|p2b: Mudsdale\n|-supereffective|p2b: Mudsdale\n|-damage|p2b: Mudsdale|54\/100\n|-ability|p2b: Mudsdale|Stamina|boost\n|-boost|p2b: Mudsdale|def|1\n|move|p1b: Iron Hands|Drain Punch|p2a: Maushold\n|-supereffective|p2a: Maushold\n|-damage|p2a: Maushold|14\/100\n|-enditem|p2a: Maushold|Sitrus Berry|[eat]\n|-heal|p2a: Maushold|39\/100|[from] item: Sitrus Berry\n|move|p2b: Mudsdale|Body Press|p1b: Iron Hands\n|-crit|p1b: Iron Hands\n|-damage|p1b: Iron Hands|72\/100\n|\n|upkeep\n|turn|3\n|inactive|Piff92 has 30 seconds left.\n|inactive|Piff92 has 20 seconds left.\n|\n|t:|1683126449\n|-terastallize|p2b: Mudsdale|Water\n|move|p2a: Maushold|Protect|p2a: Maushold\n|-singleturn|p2a: Maushold|Protect\n|move|p1a: Gyarados|Waterfall|p2b: Mudsdale\n|-resisted|p2b: Mudsdale\n|-damage|p2b: Mudsdale|46\/100\n|-ability|p2b: Mudsdale|Stamina|boost\n|-boost|p2b: Mudsdale|def|1\n|move|p1b: Iron Hands|Drain Punch|p2b: Mudsdale\n|-damage|p2b: Mudsdale|31\/100\n|-heal|p1b: Iron Hands|79\/100|[from] drain|[of] p2b: Mudsdale\n|-ability|p2b: Mudsdale|Stamina|boost\n|-boost|p2b: Mudsdale|def|1\n|move|p2b: Mudsdale|Rest|p2b: Mudsdale\n|-status|p2b: Mudsdale|slp|[from] move: Rest\n|-heal|p2b: Mudsdale|100\/100 slp|[silent]\n|\n|upkeep\n|turn|4\n|inactive|Piff92 has 30 seconds left.\n|inactive|ANOWildnSick has 30 seconds left.\n|\n|t:|1683126479\n|move|p2a: Maushold|Bullet Seed|p2b: Mudsdale\n|-supereffective|p2b: Mudsdale\n|-damage|p2b: Mudsdale|99\/100 slp\n|-ability|p2b: Mudsdale|Stamina|boost\n|-boost|p2b: Mudsdale|def|1\n|-supereffective|p2b: Mudsdale\n|-damage|p2b: Mudsdale|97\/100 slp\n|-ability|p2b: Mudsdale|Stamina|boost\n|-boost|p2b: Mudsdale|def|1\n|-supereffective|p2b: Mudsdale\n|-damage|p2b: Mudsdale|96\/100 slp\n|-ability|p2b: Mudsdale|Stamina|boost\n|-boost|p2b: Mudsdale|def|1\n|-supereffective|p2b: Mudsdale\n|-damage|p2b: Mudsdale|94\/100 slp\n|-supereffective|p2b: Mudsdale\n|-damage|p2b: Mudsdale|93\/100 slp\n|-hitcount|p2b: Mudsdale|5\n|move|p1a: Gyarados|Thunderbolt|p2b: Mudsdale\n|-supereffective|p2b: Mudsdale\n|-damage|p2b: Mudsdale|78\/100 slp\n|move|p1b: Iron Hands|Volt Switch|p2b: Mudsdale\n|-supereffective|p2b: Mudsdale\n|-damage|p2b: Mudsdale|62\/100 slp\n|\n|t:|1683126500\n|-end|p1b: Iron Hands|Quark Drive|[silent]\n|switch|p1b: Flutter Mane|Flutter Mane, L50|100\/100|[from] Volt Switch\n|cant|p2b: Mudsdale|slp\n|move|p2b: Mudsdale|Sleep Talk|p2b: Mudsdale\n|move|p2b: Mudsdale|Body Press|p1a: Gyarados|[from]move: Sleep Talk\n|-resisted|p1a: Gyarados\n|-damage|p1a: Gyarados|63\/100\n|\n|-end|p1a: Gyarados|move: Taunt\n|upkeep\n|turn|5\n|\n|t:|1683126521\n|move|p2a: Maushold|Follow Me|p2a: Maushold\n|-singleturn|p2a: Maushold|move: Follow Me\n|move|p1b: Flutter Mane|Thunderbolt|p2a: Maushold\n|-damage|p2a: Maushold|0 fnt\n|faint|p2a: Maushold\n|move|p1a: Gyarados|Thunderbolt|p2b: Mudsdale\n|-supereffective|p2b: Mudsdale\n|-damage|p2b: Mudsdale|42\/100 slp\n|cant|p2b: Mudsdale|slp\n|move|p2b: Mudsdale|Sleep Talk|p2b: Mudsdale\n|move|p2b: Mudsdale|Body Press|p1a: Gyarados|[from]move: Sleep Talk\n|-resisted|p1a: Gyarados\n|-damage|p1a: Gyarados|26\/100\n|-enditem|p1a: Gyarados|Sitrus Berry|[eat]\n|-heal|p1a: Gyarados|51\/100|[from] item: Sitrus Berry\n|\n|upkeep\n|\n|t:|1683126543\n|switch|p2a: Kingambit|Kingambit, L50, M|100\/100\n|turn|6\n|\n|t:|1683126555\n|-end|p1b: Flutter Mane|Protosynthesis|[silent]\n|switch|p1b: Iron Hands|Iron Hands, L50|79\/100\n|move|p2a: Kingambit|Sucker Punch||[still]\n|-fail|p2a: Kingambit\n|move|p1a: Gyarados|Thunderbolt|p2b: Mudsdale\n|-supereffective|p2b: Mudsdale\n|-damage|p2b: Mudsdale|23\/100 slp\n|-enditem|p2b: Mudsdale|Apicot Berry|[eat]\n|-boost|p2b: Mudsdale|spd|1|[from] item: Apicot Berry\n|-curestatus|p2b: Mudsdale|slp|[msg]\n|move|p2b: Mudsdale|Rest|p2b: Mudsdale\n|-status|p2b: Mudsdale|slp|[from] move: Rest\n|-heal|p2b: Mudsdale|100\/100 slp|[silent]\n|\n|upkeep\n|turn|7\n|\n|t:|1683126578\n|switch|p2a: Stantler|Stantler, L50, M|100\/100\n|-ability|p2a: Stantler|Intimidate|boost\n|-unboost|p1a: Gyarados|atk|1\n|-unboost|p1b: Iron Hands|atk|1\n|move|p1a: Gyarados|Helping Hand|p1b: Iron Hands\n|-singleturn|p1b: Iron Hands|Helping Hand|[of] p1a: Gyarados\n|move|p1b: Iron Hands|Drain Punch|p2a: Stantler\n|-supereffective|p2a: Stantler\n|-damage|p2a: Stantler|36\/100\n|-heal|p1b: Iron Hands|100\/100|[from] drain|[of] p2a: Stantler\n|cant|p2b: Mudsdale|slp\n|move|p2b: Mudsdale|Sleep Talk|p2b: Mudsdale\n|move|p2b: Mudsdale|Fissure|p1b: Iron Hands|[from]move: Sleep Talk|[miss]\n|-miss|p2b: Mudsdale|p1b: Iron Hands\n|\n|upkeep\n|turn|8\n|\n|t:|1683126602\n|move|p1a: Gyarados|Helping Hand|p1b: Iron Hands\n|-singleturn|p1b: Iron Hands|Helping Hand|[of] p1a: Gyarados\n|move|p2a: Stantler|Protect|p2a: Stantler\n|-singleturn|p2a: Stantler|Protect\n|move|p1b: Iron Hands|Drain Punch|p2a: Stantler\n|-activate|p2a: Stantler|move: Protect\n|cant|p2b: Mudsdale|slp\n|move|p2b: Mudsdale|Sleep Talk|p2b: Mudsdale\n|move|p2b: Mudsdale|Body Press|p1b: Iron Hands|[from]move: Sleep Talk\n|-damage|p1b: Iron Hands|50\/100\n|\n|upkeep\n|turn|9\n|inactive|Piff92 has 30 seconds left.\n|\n|t:|1683126633\n|move|p1a: Gyarados|Thunderbolt|p2b: Mudsdale\n|-supereffective|p2b: Mudsdale\n|-damage|p2b: Mudsdale|87\/100 slp\n|move|p2a: Stantler|Disable|p1b: Iron Hands\n|-start|p1b: Iron Hands|Disable|Drain Punch\n|cant|p1b: Iron Hands|Disable|Drain Punch\n|-curestatus|p2b: Mudsdale|slp|[msg]\n|move|p2b: Mudsdale|Body Press|p1b: Iron Hands\n|-damage|p1b: Iron Hands|0 fnt\n|faint|p1b: Iron Hands\n|-end|p1b: Iron Hands|Quark Drive|[silent]\n|\n|upkeep\n|\n|t:|1683126646\n|switch|p1b: Flutter Mane|Flutter Mane, L50|100\/100\n|turn|10\n|\n|t:|1683126662\n|move|p2a: Stantler|Protect|p2a: Stantler\n|-singleturn|p2a: Stantler|Protect\n|move|p1b: Flutter Mane|Thunderbolt|p2b: Mudsdale\n|-supereffective|p2b: Mudsdale\n|-damage|p2b: Mudsdale|50\/100\n|move|p1a: Gyarados|Thunderbolt|p2b: Mudsdale\n|-supereffective|p2b: Mudsdale\n|-damage|p2b: Mudsdale|35\/100\n|move|p2b: Mudsdale|Fissure|p1b: Flutter Mane|[miss]\n|-miss|p2b: Mudsdale|p1b: Flutter Mane\n|\n|upkeep\n|turn|11\n|\n|t:|1683126683\n|move|p1b: Flutter Mane|Thunderbolt|p2b: Mudsdale\n|-supereffective|p2b: Mudsdale\n|-damage|p2b: Mudsdale|0 fnt\n|faint|p2b: Mudsdale\n|move|p1a: Gyarados|Thunderbolt|p2a: Stantler\n|-damage|p2a: Stantler|25\/100\n|move|p2a: Stantler|Disable|p1a: Gyarados\n|-start|p1a: Gyarados|Disable|Thunderbolt\n|\n|upkeep\n|\n|t:|1683126693\n|switch|p2b: Kingambit|Kingambit, L50, M|100\/100\n|turn|12\n|\n|t:|1683126713\n|-end|p1b: Flutter Mane|Protosynthesis|[silent]\n|switch|p1b: Garchomp|Garchomp, L50, F|100\/100\n|move|p1a: Gyarados|Waterfall|p2a: Stantler\n|-damage|p2a: Stantler|7\/100\n|move|p2a: Stantler|Skill Swap|p1a: Gyarados\n|-activate|p2a: Stantler|move: Skill Swap|Intimidate|Intimidate|[of] p1a: Gyarados\n|-ability|p2a: Stantler|Intimidate|boost\n|-unboost|p1a: Gyarados|atk|1\n|-unboost|p1b: Garchomp|atk|1\n|-ability|p1a: Gyarados|Intimidate|boost\n|-unboost|p2a: Stantler|atk|1\n|-unboost|p2b: Kingambit|atk|1\n|-ability|p2b: Kingambit|Defiant|boost\n|-boost|p2b: Kingambit|atk|2\n|move|p2b: Kingambit|Iron Head|p1b: Garchomp\n|-damage|p1b: Garchomp|27\/100\n|-damage|p2b: Kingambit|88\/100|[from] ability: Rough Skin|[of] p1b: Garchomp\n|\n|upkeep\n|turn|13\n|inactive|Piff92 has 30 seconds left.\n|inactive|ANOWildnSick has 30 seconds left.\n|\n|t:|1683126746\n|-terastallize|p1b: Garchomp|Steel\n|move|p1a: Gyarados|Helping Hand|p1b: Garchomp\n|-singleturn|p1b: Garchomp|Helping Hand|[of] p1a: Gyarados\n|move|p2b: Kingambit|Sucker Punch|p1b: Garchomp\n|-damage|p1b: Garchomp|0 fnt\n|-damage|p2b: Kingambit|76\/100|[from] ability: Rough Skin|[of] p1b: Garchomp\n|faint|p1b: Garchomp\n|move|p2a: Stantler|Skill Swap|p1a: Gyarados\n|-activate|p2a: Stantler|move: Skill Swap|Intimidate|Intimidate|[of] p1a: Gyarados\n|-ability|p2a: Stantler|Intimidate|boost\n|-unboost|p1a: Gyarados|atk|1\n|-ability|p1a: Gyarados|Intimidate|boost\n|-unboost|p2a: Stantler|atk|1\n|-unboost|p2b: Kingambit|atk|1\n|-ability|p2b: Kingambit|Defiant|boost\n|-boost|p2b: Kingambit|atk|2\n|\n|upkeep\n|\n|t:|1683126761\n|switch|p1b: Flutter Mane|Flutter Mane, L50|100\/100\n|turn|14\n|inactive|Piff92 has 30 seconds left.\n|\n|t:|1683126788\n|move|p2b: Kingambit|Sucker Punch|p1b: Flutter Mane\n|-damage|p1b: Flutter Mane|0 fnt\n|faint|p1b: Flutter Mane\n|-end|p1b: Flutter Mane|Protosynthesis|[silent]\n|move|p1a: Gyarados|Waterfall|p2a: Stantler\n|-damage|p2a: Stantler|0 fnt\n|faint|p2a: Stantler\n|\n|upkeep\n|turn|15\n|inactive|Piff92 has 30 seconds left.\n|\n|t:|1683126800\n|move|p2b: Kingambit|Sucker Punch|p1a: Gyarados\n|-damage|p1a: Gyarados|0 fnt\n|faint|p1a: Gyarados\n|\n|win|Piff92\n|inactive|Piff92 has 30 seconds left this turn.\n|raw|ANOWildnSick's rating: 1127 → 1096<\/strong> (-31 for losing)\n|raw|Piff92's rating: 1044 → 1085<\/strong> (+41 for winning)\n|l|\u2606ANOWildnSick\n","uploadtime":1683126816,"views":6,"p1id":"anowildnsick","p2id":"piff92","formatid":"gen9vgc2023regulationc","rating":1085,"private":0,"password":""}