{"id":"gen9vgc2023regulationc-1860449292","p1":"Memeva","p2":"vasuvasuvasu","format":"[Gen 9] VGC 2023 Regulation C","log":"|j|\u2606Memeva\n|j|\u203dvasuvasuvasu\n|t:|1683645213\n|gametype|doubles\n|player|p1|Memeva|guitarist|\n|player|p2|vasuvasuvasu|266|\n|teamsize|p1|6\n|teamsize|p2|6\n|gen|9\n|tier|[Gen 9] VGC 2023 Regulation C\n|rule|Species Clause: Limit one of each Pok\u00e9mon\n|rule|Item Clause: Limit one of each item\n|clearpoke\n|poke|p1|Garchomp, L50, M|\n|poke|p1|Houndstone, L50, M|\n|poke|p1|Talonflame, L50, M|\n|poke|p1|Grimmsnarl, L50, M|\n|poke|p1|Tyranitar, L50, M|\n|poke|p1|Oranguru, L50, M|\n|poke|p2|Iron Valiant, L50|\n|poke|p2|Orthworm, L50, F|\n|poke|p2|Meowscarada, L50, M|\n|poke|p2|Annihilape, L50, M|\n|poke|p2|Roaring Moon, L50|\n|poke|p2|Iron Bundle, L50|\n|teampreview|4\nvasuvasuvasu has agreed to open team sheets.\nMemeva has agreed to open team sheets.\n|j| Mlemcorice\n|\n|t:|1683645374\n|start\n|switch|p1a: Tyranitar|Tyranitar, L50, M|100\/100\n|switch|p1b: Oranguru|Oranguru, L50, M|100\/100\n|switch|p2a: Iron Valiant|Iron Valiant, L50|100\/100\n|switch|p2b: Iron Bundle|Iron Bundle, L50|100\/100\n|-weather|Sandstorm|[from] ability: Sand Stream|[of] p1a: Tyranitar\n|-enditem|p2a: Iron Valiant|Booster Energy\n|-activate|p2a: Iron Valiant|ability: Quark Drive|[fromitem]\n|-start|p2a: Iron Valiant|quarkdrivespa\n|turn|1\n|\n|t:|1683645401\n|move|p2a: Iron Valiant|Wide Guard|p2a: Iron Valiant\n|-singleturn|p2a: Iron Valiant|Wide Guard\n|move|p2b: Iron Bundle|Hydro Pump|p1a: Tyranitar\n|-supereffective|p1a: Tyranitar\n|-damage|p1a: Tyranitar|56\/100\n|move|p1a: Tyranitar|Earthquake|p2b: Iron Bundle|[spread] \n|-activate|p2a: Iron Valiant|move: Wide Guard\n|-activate|p2b: Iron Bundle|move: Wide Guard\n|-activate|p1b: Oranguru|ability: Telepathy\n|move|p1b: Oranguru|Yawn|p2b: Iron Bundle\n|-start|p2b: Iron Bundle|move: Yawn|[of] p1b: Oranguru\n|\n|-weather|Sandstorm|[upkeep]\n|-damage|p2b: Iron Bundle|94\/100|[from] Sandstorm\n|-damage|p2a: Iron Valiant|94\/100|[from] Sandstorm\n|-damage|p1b: Oranguru|94\/100|[from] Sandstorm\n|upkeep\n|turn|2\n|\n|t:|1683645449\n|move|p2b: Iron Bundle|Hydro Pump|p1a: Tyranitar\n|-supereffective|p1a: Tyranitar\n|-damage|p1a: Tyranitar|13\/100\n|move|p2a: Iron Valiant|Aura Sphere|p1a: Tyranitar\n|-supereffective|p1a: Tyranitar\n|-damage|p1a: Tyranitar|0 fnt\n|faint|p1a: Tyranitar\n|move|p1b: Oranguru|Yawn|p2a: Iron Valiant\n|-start|p2a: Iron Valiant|move: Yawn|[of] p1b: Oranguru\n|\n|-weather|Sandstorm|[upkeep]\n|-damage|p2b: Iron Bundle|88\/100|[from] Sandstorm\n|-damage|p2a: Iron Valiant|88\/100|[from] Sandstorm\n|-damage|p1b: Oranguru|88\/100|[from] Sandstorm\n|-end|p2b: Iron Bundle|move: Yawn|[silent]\n|-status|p2b: Iron Bundle|slp\n|upkeep\n|\n|t:|1683645463\n|switch|p1a: Grimmsnarl|Grimmsnarl, L50, M|100\/100\n|turn|3\n|\n|t:|1683645638\n|cant|p2b: Iron Bundle|slp\n|move|p2a: Iron Valiant|Moonblast|p1a: Grimmsnarl\n|-supereffective|p1a: Grimmsnarl\n|-damage|p1a: Grimmsnarl|0 fnt\n|faint|p1a: Grimmsnarl\n|move|p1b: Oranguru|Psychic|p2a: Iron Valiant\n|-supereffective|p2a: Iron Valiant\n|-damage|p2a: Iron Valiant|0 fnt\n|faint|p2a: Iron Valiant\n|-end|p2a: Iron Valiant|Quark Drive|[silent]\n|\n|-weather|Sandstorm|[upkeep]\n|-damage|p2b: Iron Bundle|82\/100 slp|[from] Sandstorm\n|-damage|p1b: Oranguru|82\/100|[from] Sandstorm\n|upkeep\n|\n|t:|1683645658\n|switch|p2a: Meowscarada|Meowscarada, L50, M|100\/100\n|switch|p1a: Houndstone|Houndstone, L50, M|100\/100\n|turn|4\n|\n|t:|1683645728\n|-terastallize|p1a: Houndstone|Ghost\n|move|p1a: Houndstone|Last Respects|p2a: Meowscarada\n|-resisted|p2a: Meowscarada\n|-damage|p2a: Meowscarada|27\/100\n|cant|p2b: Iron Bundle|slp\n|move|p2a: Meowscarada|Knock Off|p1a: Houndstone\n|-supereffective|p1a: Houndstone\n|-damage|p1a: Houndstone|0 fnt\n|-enditem|p1a: Houndstone|Clear Amulet|[from] move: Knock Off|[of] p2a: Meowscarada\n|faint|p1a: Houndstone\n|move|p1b: Oranguru|Psychic|p2a: Meowscarada\n|-immune|p2a: Meowscarada\n|\n|-weather|Sandstorm|[upkeep]\n|-damage|p2b: Iron Bundle|76\/100 slp|[from] Sandstorm\n|-damage|p2a: Meowscarada|21\/100|[from] Sandstorm\n|-damage|p1b: Oranguru|76\/100|[from] Sandstorm\n|upkeep\n|turn|5\n|\n|t:|1683645760\n|cant|p2b: Iron Bundle|slp\n|move|p2a: Meowscarada|Flower Trick|p1b: Oranguru\n|-crit|p1b: Oranguru\n|-damage|p1b: Oranguru|0 fnt\n|faint|p1b: Oranguru\n|\n|win|vasuvasuvasu\n|l|\u203dvasuvasuvasu\n","uploadtime":1683645788,"views":12,"p1id":"memeva","p2id":"vasuvasuvasu","formatid":"gen9vgc2023regulationc","rating":0,"private":0,"password":""}