{"id":"gen9vgc2023regulationc-1857928312","p1":"Garydosses","p2":"SavannahPandaVGC","format":"[Gen 9] VGC 2023 Regulation C","log":"|j|\u2606Garydosses\n|j|\u2606SavannahPandaVGC\n|t:|1683248464\n|gametype|doubles\n|player|p1|Garydosses|101|1347\n|player|p2|SavannahPandaVGC|2|1336\n|teamsize|p1|6\n|teamsize|p2|6\n|gen|9\n|tier|[Gen 9] VGC 2023 Regulation C\n|rated|\n|rule|Species Clause: Limit one of each Pok\u00e9mon\n|rule|Item Clause: Limit one of each item\n|clearpoke\n|poke|p1|Palafin, L50, M|\n|poke|p1|Iron Hands, L50|\n|poke|p1|Amoonguss, L50, M|\n|poke|p1|Tyranitar, L50, M|\n|poke|p1|Lycanroc, L50, F|\n|poke|p1|Ting-Lu, L50|\n|poke|p2|Flutter Mane, L50|\n|poke|p2|Iron Hands, L50|\n|poke|p2|Corviknight, L50, F|\n|poke|p2|Gyarados, L50, M|\n|poke|p2|Chi-Yu, L50|\n|poke|p2|Amoonguss, L50, M|\n|teampreview|4\nSavannahPandaVGC has agreed to open team sheets.\n|inactive|Battle timer is ON: inactive players will automatically lose when time's up. (requested by SavannahPandaVGC)\n|inactive|Garydosses has 60 seconds left.\n|inactive|SavannahPandaVGC has 60 seconds left.\n|\n|t:|1683248531\n|start\n|switch|p1a: Iron Hands|Iron Hands, L50|100\/100\n|switch|p1b: Tyranitar|Tyranitar, L50, M|100\/100\n|switch|p2a: Iron Hands|Iron Hands, L50|100\/100\n|switch|p2b: Corviknight|Corviknight, L50, F|100\/100\n|-weather|Sandstorm|[from] ability: Sand Stream|[of] p1b: Tyranitar\n|turn|1\n|\n|t:|1683248550\n|-end|p1a: Iron Hands|Quark Drive|[silent]\n|switch|p1a: Palafin|Palafin, L50, M|100\/100\n|move|p2a: Iron Hands|Fake Out|p1a: Palafin\n|-damage|p1a: Palafin|83\/100\n|move|p1b: Tyranitar|Rock Slide|p2b: Corviknight|[spread] p2a,p2b\n|-resisted|p2a: Iron Hands\n|-damage|p2a: Iron Hands|90\/100\n|-damage|p2b: Corviknight|72\/100\n|move|p2b: Corviknight|Bulk Up|p2b: Corviknight\n|-boost|p2b: Corviknight|atk|1\n|-boost|p2b: Corviknight|def|1\n|\n|-weather|Sandstorm|[upkeep]\n|-damage|p2a: Iron Hands|84\/100|[from] Sandstorm\n|-heal|p2b: Corviknight|78\/100|[from] item: Leftovers\n|upkeep\n|turn|2\n|\n|t:|1683248571\n|detailschange|p1a: Palafin|Palafin-Hero, L50, M\n|switch|p1a: Iron Hands|Iron Hands, L50|100\/100\n|-terastallize|p1b: Tyranitar|Grass\n|move|p1b: Tyranitar|Rock Slide|p2a: Iron Hands|[spread] p2a,p2b\n|-resisted|p2a: Iron Hands\n|-crit|p2b: Corviknight\n|-damage|p2a: Iron Hands|73\/100\n|-damage|p2b: Corviknight|37\/100\n|cant|p2b: Corviknight|flinch\n|move|p2a: Iron Hands|Drain Punch|p1b: Tyranitar\n|-damage|p1b: Tyranitar|67\/100\n|-heal|p2a: Iron Hands|87\/100|[from] drain|[of] p1b: Tyranitar\n|\n|-weather|Sandstorm|[upkeep]\n|-damage|p1b: Tyranitar|61\/100|[from] Sandstorm\n|-damage|p1a: Iron Hands|94\/100|[from] Sandstorm\n|-damage|p2a: Iron Hands|81\/100|[from] Sandstorm\n|-heal|p2b: Corviknight|42\/100|[from] item: Leftovers\n|upkeep\n|turn|3\n|inactive|SavannahPandaVGC has 30 seconds left.\n|inactive|SavannahPandaVGC has 20 seconds left.\n|\n|t:|1683248609\n|switch|p2b: Amoonguss|Amoonguss, L50, M|100\/100\n|-end|p2a: Iron Hands|Quark Drive|[silent]\n|switch|p2a: Gyarados|Gyarados, L50, M|100\/100\n|-ability|p2a: Gyarados|Intimidate|boost\n|-fail|p1a: Iron Hands|unboost|[from] item: Clear Amulet|[of] p1a: Iron Hands\n|-unboost|p1b: Tyranitar|atk|1\n|move|p1b: Tyranitar|Rock Slide|p2b: Amoonguss|[spread] p2a,p2b\n|-supereffective|p2a: Gyarados\n|-damage|p2a: Gyarados|55\/100\n|-damage|p2b: Amoonguss|83\/100\n|move|p1a: Iron Hands|Close Combat|p2a: Gyarados\n|-resisted|p2a: Gyarados\n|-damage|p2a: Gyarados|17\/100\n|-unboost|p1a: Iron Hands|def|1\n|-unboost|p1a: Iron Hands|spd|1\n|-enditem|p2a: Gyarados|Figy Berry|[eat]\n|-heal|p2a: Gyarados|51\/100|[from] item: Figy Berry\n|\n|-weather|Sandstorm|[upkeep]\n|-damage|p2a: Gyarados|45\/100|[from] Sandstorm\n|-damage|p1b: Tyranitar|55\/100|[from] Sandstorm\n|-damage|p1a: Iron Hands|88\/100|[from] Sandstorm\n|-damage|p2b: Amoonguss|77\/100|[from] Sandstorm\n|upkeep\n|turn|4\n|inactive|SavannahPandaVGC has 30 seconds left.\n|\n|t:|1683248643\n|-end|p1a: Iron Hands|Quark Drive|[silent]\n|switch|p1a: Palafin|Palafin-Hero, L50, M|83\/100\n|-activate|p1a: Palafin|ability: Zero to Hero\n|move|p2a: Gyarados|Protect|p2a: Gyarados\n|-singleturn|p2a: Gyarados|Protect\n|move|p1b: Tyranitar|Rock Slide|p2b: Amoonguss|[spread] p2b\n|-activate|p2a: Gyarados|move: Protect\n|-damage|p2b: Amoonguss|57\/100\n|move|p2b: Amoonguss|Spore|p1a: Palafin\n|-activate|p1a: Palafin|item: Safety Goggles|Spore\n|\n|-weather|Sandstorm|[upkeep]\n|-damage|p2a: Gyarados|39\/100|[from] Sandstorm\n|-damage|p1b: Tyranitar|50\/100|[from] Sandstorm\n|-damage|p2b: Amoonguss|51\/100|[from] Sandstorm\n|upkeep\n|turn|5\n|inactive|SavannahPandaVGC has 30 seconds left.\n|\n|t:|1683248673\n|switch|p2a: Iron Hands|Iron Hands, L50|81\/100\n|move|p1a: Palafin|Protect|p1a: Palafin\n|-singleturn|p1a: Palafin|Protect\n|move|p1b: Tyranitar|Rock Slide|p2a: Iron Hands|[spread] p2a,p2b\n|-resisted|p2a: Iron Hands\n|-damage|p2a: Iron Hands|74\/100\n|-damage|p2b: Amoonguss|32\/100\n|-enditem|p2b: Amoonguss|Sitrus Berry|[eat]\n|-heal|p2b: Amoonguss|57\/100|[from] item: Sitrus Berry\n|move|p2b: Amoonguss|Pollen Puff|p2a: Iron Hands\n|-heal|p2a: Iron Hands|100\/100\n|\n|-weather|none\n|upkeep\n|turn|6\n|inactive|SavannahPandaVGC has 30 seconds left.\n|inactive|Garydosses has 30 seconds left.\n|inactive|SavannahPandaVGC has 20 seconds left.\n|inactive|SavannahPandaVGC has 15 seconds left.\n|inactive|SavannahPandaVGC has 10 seconds left.\n|inactive|Garydosses has 20 seconds left.\n|inactive|SavannahPandaVGC has 5 seconds left.\n|\n|t:|1683248725\n|switch|p1a: Ting-Lu|Ting-Lu, L50|100\/100\n|-ability|p1a: Ting-Lu|Vessel of Ruin\n|move|p2a: Iron Hands|Fake Out|p1b: Tyranitar\n|-damage|p1b: Tyranitar|36\/100\n|cant|p1b: Tyranitar|flinch\n|move|p2b: Amoonguss|Pollen Puff|p2a: Iron Hands\n|-immune|p2a: Iron Hands\n|\n|upkeep\n|turn|7\n|inactive|SavannahPandaVGC has 30 seconds left.\n|inactive|SavannahPandaVGC has 20 seconds left.\n|inactive|SavannahPandaVGC has 15 seconds left.\n|inactive|SavannahPandaVGC has 10 seconds left.\n|inactive|SavannahPandaVGC has 5 seconds left.\n|\n|t:|1683248777\n|move|p1b: Tyranitar|Rock Slide|p2b: Amoonguss|[spread] p2a,p2b\n|-resisted|p2a: Iron Hands\n|-damage|p2a: Iron Hands|93\/100\n|-damage|p2b: Amoonguss|40\/100\n|move|p2a: Iron Hands|Drain Punch|p1b: Tyranitar\n|-damage|p1b: Tyranitar|0 fnt\n|-heal|p2a: Iron Hands|100\/100|[from] drain|[of] p1b: Tyranitar\n|faint|p1b: Tyranitar\n|move|p1a: Ting-Lu|Stomping Tantrum|p2a: Iron Hands\n|-supereffective|p2a: Iron Hands\n|-damage|p2a: Iron Hands|30\/100\n|move|p2b: Amoonguss|Spore|p1a: Ting-Lu\n|-status|p1a: Ting-Lu|slp|[from] move: Spore\n|\n|upkeep\n|\n|t:|1683248788\n|switch|p1b: Palafin|Palafin-Hero, L50, M|83\/100\n|turn|8\n|inactive|SavannahPandaVGC has 30 seconds left.\n|\n|t:|1683248821\n|-end|p2a: Iron Hands|Quark Drive|[silent]\n|switch|p2a: Gyarados|Gyarados, L50, M|39\/100\n|-ability|p2a: Gyarados|Intimidate|boost\n|-unboost|p1a: Ting-Lu|atk|1\n|-unboost|p1b: Palafin|atk|1\n|move|p1b: Palafin|Wave Crash|p2a: Gyarados\n|-resisted|p2a: Gyarados\n|-damage|p2a: Gyarados|11\/100\n|-damage|p1b: Palafin|74\/100|[from] Recoil\n|cant|p1a: Ting-Lu|slp\n|move|p2b: Amoonguss|Pollen Puff|p2a: Gyarados\n|-heal|p2a: Gyarados|61\/100\n|\n|upkeep\n|turn|9\n|inactive|SavannahPandaVGC has 30 seconds left.\n|inactive|SavannahPandaVGC has 20 seconds left.\n|inactive|SavannahPandaVGC has 15 seconds left.\n|\n|t:|1683248861\n|switch|p1b: Iron Hands|Iron Hands, L50|88\/100\n|switch|p2a: Iron Hands|Iron Hands, L50|30\/100\n|cant|p1a: Ting-Lu|slp\n|move|p2b: Amoonguss|Pollen Puff|p2a: Iron Hands\n|-heal|p2a: Iron Hands|80\/100\n|\n|upkeep\n|turn|10\n|inactive|SavannahPandaVGC has 30 seconds left.\n|\n|t:|1683248890\n|switch|p2b: Gyarados|Gyarados, L50, M|61\/100\n|-ability|p2b: Gyarados|Intimidate|boost\n|-unboost|p1a: Ting-Lu|atk|1\n|-fail|p1b: Iron Hands|unboost|[from] item: Clear Amulet|[of] p1b: Iron Hands\n|-terastallize|p2a: Iron Hands|Grass\n|move|p1b: Iron Hands|Fake Out|p2b: Gyarados\n|-damage|p2b: Gyarados|44\/100\n|move|p2a: Iron Hands|Fake Out|p1b: Iron Hands\n|-damage|p1b: Iron Hands|76\/100\n|-curestatus|p1a: Ting-Lu|slp|[msg]\n|move|p1a: Ting-Lu|Stomping Tantrum|p2a: Iron Hands\n|-resisted|p2a: Iron Hands\n|-damage|p2a: Iron Hands|62\/100\n|\n|upkeep\n|turn|11\n|\n|t:|1683248911\n|switch|p2b: Amoonguss|Amoonguss, L50, M|73\/100\n|switch|p1a: Palafin|Palafin-Hero, L50, M|74\/100\n|move|p1b: Iron Hands|Close Combat|p2a: Iron Hands\n|-damage|p2a: Iron Hands|11\/100\n|-unboost|p1b: Iron Hands|def|1\n|-unboost|p1b: Iron Hands|spd|1\n|move|p2a: Iron Hands|Drain Punch|p1a: Palafin\n|-damage|p1a: Palafin|38\/100\n|-heal|p2a: Iron Hands|26\/100|[from] drain|[of] p1a: Palafin\n|\n|upkeep\n|turn|12\n|inactive|Garydosses has 30 seconds left.\n|inactive|SavannahPandaVGC has 30 seconds left.\n|inactive|SavannahPandaVGC has 20 seconds left.\n|inactive|Garydosses has 20 seconds left.\n|inactive|SavannahPandaVGC has 15 seconds left.\n|inactive|Garydosses has 15 seconds left.\n|inactive|SavannahPandaVGC has 10 seconds left.\n|inactive|Garydosses has 10 seconds left.\n|\n|t:|1683248963\n|-end|p2a: Iron Hands|Quark Drive|[silent]\n|switch|p2a: Gyarados|Gyarados, L50, M|44\/100\n|-ability|p2a: Gyarados|Intimidate|boost\n|-unboost|p1a: Palafin|atk|1\n|-fail|p1b: Iron Hands|unboost|[from] item: Clear Amulet|[of] p1b: Iron Hands\n|move|p1a: Palafin|Wave Crash|p2a: Gyarados\n|-resisted|p2a: Gyarados\n|-damage|p2a: Gyarados|17\/100\n|-damage|p1a: Palafin|30\/100|[from] Recoil\n|move|p1b: Iron Hands|Thunder Punch|p2a: Gyarados\n|-supereffective|p2a: Gyarados\n|-damage|p2a: Gyarados|0 fnt\n|faint|p2a: Gyarados\n|move|p2b: Amoonguss|Spore|p1b: Iron Hands\n|-status|p1b: Iron Hands|slp|[from] move: Spore\n|\n|upkeep\n|inactive|SavannahPandaVGC has 30 seconds left.\n|\n|t:|1683248977\n|switch|p2a: Iron Hands|Iron Hands, L50, tera:Grass|26\/100\n|turn|13\n|inactive|SavannahPandaVGC has 25 seconds left this turn.\n|inactive|SavannahPandaVGC has 20 seconds left.\n|\n|t:|1683248996\n|-end|p1b: Iron Hands|Quark Drive|[silent]\n|switch|p1b: Ting-Lu|Ting-Lu, L50|100\/100\n|-ability|p1b: Ting-Lu|Vessel of Ruin\n|move|p2a: Iron Hands|Fake Out|p1a: Palafin\n|-damage|p1a: Palafin|17\/100\n|cant|p1a: Palafin|flinch\n|move|p2b: Amoonguss|Pollen Puff|p2a: Iron Hands\n|-heal|p2a: Iron Hands|76\/100\n|\n|upkeep\n|turn|14\n|inactive|SavannahPandaVGC has 20 seconds left this turn.\n|inactive|SavannahPandaVGC has 15 seconds left.\n|inactive|SavannahPandaVGC has 10 seconds left.\n|inactive|SavannahPandaVGC has 5 seconds left.\n|-message|SavannahPandaVGC lost due to inactivity.\n|\n|win|Garydosses\n|raw|Garydosses's rating: 1347 → 1366<\/strong> (+19 for winning)\n|raw|SavannahPandaVGC's rating: 1336 → 1317<\/strong> (-19 for losing)\n|l|\u2606Garydosses\n","uploadtime":1683249037,"views":9,"p1id":"garydosses","p2id":"savannahpandavgc","formatid":"gen9vgc2023regulationc","rating":1317,"private":0,"password":""}