{"id":"gen9vgc2023regulationc-1848584504","p1":"pupulovessixsheep","p2":"higgydude","format":"[Gen 9] VGC 2023 Regulation C","log":"|j|\u2606pupulovessixsheep\n|j|\u2606higgydude\n|t:|1682092075\n|gametype|doubles\n|player|p1|pupulovessixsheep|265|1233\n|player|p2|higgydude|102|1167\n|teamsize|p1|6\n|teamsize|p2|6\n|gen|9\n|tier|[Gen 9] VGC 2023 Regulation C\n|rated|\n|rule|Species Clause: Limit one of each Pok\u00e9mon\n|rule|Item Clause: Limit one of each item\n|clearpoke\n|poke|p1|Talonflame, L50, M|\n|poke|p1|Chi-Yu, L50|\n|poke|p1|Flutter Mane, L50|\n|poke|p1|Amoonguss, L50, F|\n|poke|p1|Tyranitar, L50, F|\n|poke|p1|Houndstone, L50, M|\n|poke|p2|Tyranitar, L50, F|\n|poke|p2|Spiritomb, L50, F|\n|poke|p2|Iron Hands, L50|\n|poke|p2|Amoonguss, L50, F|\n|poke|p2|Flutter Mane, L50|\n|poke|p2|Kingambit, L50, F|\n|teampreview|4\n|inactive|Battle timer is ON: inactive players will automatically lose when time's up. (requested by pupulovessixsheep)\n|\n|t:|1682092097\n|start\n|switch|p1a: Tyranitar|Tyranitar, L50, F, shiny|100\/100\n|switch|p1b: Amoonguss|Amoonguss, L50, F|100\/100\n|switch|p2a: Tyranitar|Tyranitar, L50, F|100\/100\n|switch|p2b: Spiritomb|Spiritomb, L50, F|100\/100\n|-weather|Sandstorm|[from] ability: Sand Stream|[of] p1a: Tyranitar\n|turn|1\n|\n|t:|1682092112\n|-terastallize|p2a: Tyranitar|Grass\n|move|p1a: Tyranitar|Protect|p1a: Tyranitar\n|-singleturn|p1a: Tyranitar|Protect\n|move|p2b: Spiritomb|Ally Switch|p2b: Spiritomb\n|swap|p2b: Spiritomb|0|[from] move: Ally Switch\n|move|p2b: Tyranitar|Earthquake|p1b: Amoonguss|[spread] p2a,p1b\n|-activate|p1a: Tyranitar|move: Protect\n|-damage|p2a: Spiritomb|66\/100\n|-damage|p1b: Amoonguss|79\/100\n|move|p1b: Amoonguss|Spore|p2a: Spiritomb\n|-status|p2a: Spiritomb|slp|[from] move: Spore\n|\n|-weather|Sandstorm|[upkeep]\n|-damage|p2b: Tyranitar|95\/100|[from] Sandstorm\n|-damage|p1b: Amoonguss|73\/100|[from] Sandstorm\n|-damage|p2a: Spiritomb|60\/100 slp|[from] Sandstorm\n|-heal|p1b: Amoonguss|79\/100|[from] item: Leftovers\n|upkeep\n|turn|2\n|inactive|pupulovessixsheep has 30 seconds left.\n|\n|t:|1682092137\n|move|p1a: Tyranitar|Dragon Dance|p1a: Tyranitar\n|-boost|p1a: Tyranitar|atk|1\n|-boost|p1a: Tyranitar|spe|1\n|move|p2b: Tyranitar|Rock Slide|p1a: Tyranitar|[spread] p1b\n|-miss|p2b: Tyranitar|p1a: Tyranitar\n|-damage|p1b: Amoonguss|54\/100\n|cant|p1b: Amoonguss|flinch\n|cant|p2a: Spiritomb|slp\n|\n|-weather|Sandstorm|[upkeep]\n|-damage|p2b: Tyranitar|89\/100|[from] Sandstorm\n|-damage|p1b: Amoonguss|48\/100|[from] Sandstorm\n|-damage|p2a: Spiritomb|55\/100 slp|[from] Sandstorm\n|-heal|p1b: Amoonguss|54\/100|[from] item: Leftovers\n|upkeep\n|turn|3\n|\n|t:|1682092155\n|move|p1a: Tyranitar|Protect|p1a: Tyranitar\n|-singleturn|p1a: Tyranitar|Protect\n|move|p2b: Tyranitar|Protect|p2b: Tyranitar\n|-singleturn|p2b: Tyranitar|Protect\n|move|p1b: Amoonguss|Clear Smog|p2b: Tyranitar\n|-activate|p2b: Tyranitar|move: Protect\n|cant|p2a: Spiritomb|slp\n|\n|-weather|Sandstorm|[upkeep]\n|-damage|p2b: Tyranitar|83\/100|[from] Sandstorm\n|-damage|p1b: Amoonguss|48\/100|[from] Sandstorm\n|-damage|p2a: Spiritomb|49\/100 slp|[from] Sandstorm\n|-heal|p1b: Amoonguss|54\/100|[from] item: Leftovers\n|upkeep\n|turn|4\n|\n|t:|1682092174\n|move|p1b: Amoonguss|Rage Powder|p1b: Amoonguss\n|-singleturn|p1b: Amoonguss|move: Rage Powder\n|move|p1a: Tyranitar|Rock Slide|p2b: Tyranitar|[spread] p2a,p2b\n|-damage|p2a: Spiritomb|3\/100 slp\n|-damage|p2b: Tyranitar|40\/100\n|move|p2b: Tyranitar|Earthquake|p1a: Tyranitar|[spread] p2a,p1a,p1b\n|-supereffective|p1a: Tyranitar\n|-damage|p2a: Spiritomb|0 fnt\n|-damage|p1a: Tyranitar|50\/100\n|-damage|p1b: Amoonguss|31\/100\n|-enditem|p1a: Tyranitar|Weakness Policy\n|-boost|p1a: Tyranitar|atk|2|[from] item: Weakness Policy\n|-boost|p1a: Tyranitar|spa|2|[from] item: Weakness Policy\n|faint|p2a: Spiritomb\n|\n|-weather|Sandstorm|[upkeep]\n|-damage|p2b: Tyranitar|35\/100|[from] Sandstorm\n|-damage|p1b: Amoonguss|25\/100|[from] Sandstorm\n|-heal|p1b: Amoonguss|31\/100|[from] item: Leftovers\n|upkeep\n|\n|t:|1682092184\n|switch|p2a: Flutter Mane|Flutter Mane, L50|100\/100\n|-enditem|p2a: Flutter Mane|Booster Energy\n|-activate|p2a: Flutter Mane|ability: Protosynthesis|[fromitem]\n|-start|p2a: Flutter Mane|protosynthesisspe\n|turn|5\n|\n|t:|1682092202\n|switch|p2b: Kingambit|Kingambit, L50, F|100\/100\n|-terastallize|p1b: Amoonguss|Rock\n|move|p1a: Tyranitar|Protect|p1a: Tyranitar\n|-singleturn|p1a: Tyranitar|Protect\n|move|p2a: Flutter Mane|Dazzling Gleam|p1b: Amoonguss|[spread] p1b\n|-activate|p1a: Tyranitar|move: Protect\n|-damage|p1b: Amoonguss|12\/100\n|move|p1b: Amoonguss|Spore|p2a: Flutter Mane\n|-status|p2a: Flutter Mane|slp|[from] move: Spore\n|\n|-weather|none\n|-heal|p1b: Amoonguss|18\/100|[from] item: Leftovers\n|upkeep\n|turn|6\n|inactive|higgydude has 30 seconds left.\n|inactive|higgydude has 20 seconds left.\n|inactive|higgydude has 15 seconds left.\n|inactive|higgydude has 10 seconds left.\n|\n|t:|1682092250\n|move|p1b: Amoonguss|Rage Powder|p1b: Amoonguss\n|-singleturn|p1b: Amoonguss|move: Rage Powder\n|cant|p2a: Flutter Mane|slp\n|move|p1a: Tyranitar|Dragon Dance|p1a: Tyranitar\n|-boost|p1a: Tyranitar|atk|1\n|-boost|p1a: Tyranitar|spe|1\n|move|p2b: Kingambit|Kowtow Cleave|p1b: Amoonguss\n|-damage|p1b: Amoonguss|0 fnt\n|faint|p1b: Amoonguss\n|\n|upkeep\n|\n|t:|1682092264\n|switch|p1b: Chi-Yu|Chi-Yu, L50|100\/100\n|-ability|p1b: Chi-Yu|Beads of Ruin\n|turn|7\n|\n|t:|1682092280\n|move|p2b: Kingambit|Sucker Punch|p1b: Chi-Yu\n|-resisted|p1b: Chi-Yu\n|-damage|p1b: Chi-Yu|68\/100\n|cant|p2a: Flutter Mane|slp\n|move|p1b: Chi-Yu|Heat Wave|p2b: Kingambit|[spread] p2a,p2b\n|-supereffective|p2b: Kingambit\n|-damage|p2a: Flutter Mane|38\/100 slp\n|-damage|p2b: Kingambit|0 fnt\n|faint|p2b: Kingambit\n|move|p1a: Tyranitar|Rock Slide|p2a: Flutter Mane\n|-damage|p2a: Flutter Mane|0 fnt\n|faint|p2a: Flutter Mane\n|-end|p2a: Flutter Mane|Protosynthesis|[silent]\n|\n|upkeep\n|-message|higgydude forfeited.\n|\n|win|pupulovessixsheep\n|raw|pupulovessixsheep's rating: 1233 → 1253<\/strong> (+20 for winning)\n|raw|higgydude's rating: 1167 → 1147<\/strong> (-20 for losing)\n|l|\u2606higgydude\n","uploadtime":1682092299,"views":6,"p1id":"pupulovessixsheep","p2id":"higgydude","formatid":"gen9vgc2023regulationc","rating":1147,"private":0,"password":""}