{"id":"gen9vgc2023regulationc-1847203404","p1":"Outer Ent.","p2":"BelliboltAbuser","format":"[Gen 9] VGC 2023 Regulation C","log":"|j|\u2606Outer Ent.\n|j|\u2606BelliboltAbuser\n|t:|1681927512\n|gametype|doubles\n|player|p1|Outer Ent.|ingo|1046\n|player|p2|BelliboltAbuser|169|1000\n|teamsize|p1|6\n|teamsize|p2|6\n|gen|9\n|tier|[Gen 9] VGC 2023 Regulation C\n|rated|\n|rule|Species Clause: Limit one of each Pok\u00e9mon\n|rule|Item Clause: Limit one of each item\n|clearpoke\n|poke|p1|Leafeon, L50, M|\n|poke|p1|Dragonite, L50, F|\n|poke|p1|Indeedee-F, L50, F|\n|poke|p1|Torkoal, L50, M|\n|poke|p1|Maushold-Four, L50|\n|poke|p1|Sylveon, L50, F|\n|poke|p2|Klefki, L50, M|\n|poke|p2|Dragapult, L50, F|\n|poke|p2|Flutter Mane, L50|\n|poke|p2|Chi-Yu, L50|\n|poke|p2|Amoonguss, L50, M|\n|poke|p2|Garganacl, L50, M|\n|teampreview|4\n|\n|t:|1681927544\n|start\n|switch|p1a: Leafeon|Leafeon, L50, M, shiny|100\/100\n|switch|p1b: Indeedee|Indeedee-F, L50, F|100\/100\n|switch|p2a: Dragapult|Dragapult, L50, F|100\/100\n|switch|p2b: Chi-Yu|Chi-Yu, L50|100\/100\n|-ability|p2b: Chi-Yu|Beads of Ruin\n|-fieldstart|move: Psychic Terrain|[from] ability: Psychic Surge|[of] p1b: Indeedee\n|-enditem|p1b: Indeedee|Psychic Seed\n|-boost|p1b: Indeedee|spd|1|[from] item: Psychic Seed\n|turn|1\n|\n|t:|1681927561\n|-terastallize|p1a: Leafeon|Rock\n|move|p1b: Indeedee|Helping Hand|p1a: Leafeon\n|-singleturn|p1a: Leafeon|Helping Hand|[of] p1b: Indeedee\n|move|p2b: Chi-Yu|Snarl|p1a: Leafeon|[spread] p1a\n|-miss|p2b: Chi-Yu|p1b: Indeedee\n|-damage|p1a: Leafeon|46\/100\n|-unboost|p1a: Leafeon|spa|1\n|move|p2a: Dragapult|Acrobatics|p1a: Leafeon\n|-resisted|p1a: Leafeon\n|-damage|p1a: Leafeon|36\/100\n|move|p1a: Leafeon|Tera Blast|p2b: Chi-Yu\n|-supereffective|p2b: Chi-Yu\n|-damage|p2b: Chi-Yu|0 fnt\n|faint|p2b: Chi-Yu\n|-damage|p1a: Leafeon|26\/100|[from] item: Life Orb\n|\n|upkeep\n|\n|t:|1681927576\n|switch|p2b: Flutter Mane|Flutter Mane, L50|100\/100\n|-enditem|p2b: Flutter Mane|Booster Energy\n|-activate|p2b: Flutter Mane|ability: Protosynthesis|[fromitem]\n|-start|p2b: Flutter Mane|protosynthesisspa\n|turn|2\n|\n|t:|1681927587\n|switch|p1b: Torkoal|Torkoal, L50, M|100\/100\n|-weather|SunnyDay|[from] ability: Drought|[of] p1b: Torkoal\n|-terastallize|p2b: Flutter Mane|Fairy\n|move|p1a: Leafeon|Leaf Blade|p2b: Flutter Mane\n|-damage|p2b: Flutter Mane|0 fnt\n|faint|p2b: Flutter Mane\n|-end|p2b: Flutter Mane|Protosynthesis|[silent]\n|-damage|p1a: Leafeon|16\/100|[from] item: Life Orb\n|move|p2a: Dragapult|Dragon Darts|p1a: Leafeon\n|-damage|p1a: Leafeon|0 fnt\n|-anim|p2a: Dragapult|Dragon Darts|p1b: Torkoal\n|-crit|p1b: Torkoal\n|-damage|p1b: Torkoal|70\/100\n|faint|p1a: Leafeon\n|\n|-weather|SunnyDay|[upkeep]\n|upkeep\n|\n|t:|1681927598\n|switch|p2b: Garganacl|Garganacl, L50, M|100\/100\n|switch|p1a: Indeedee|Indeedee-F, L50, F|100\/100\n|turn|3\n|\n|t:|1681927611\n|move|p1b: Torkoal|Protect|p1b: Torkoal\n|-singleturn|p1b: Torkoal|Protect\n|move|p2a: Dragapult|Dragon Darts|p1a: Indeedee\n|-damage|p1a: Indeedee|63\/100\n|-anim|p2a: Dragapult|Dragon Darts|p1a: Indeedee\n|-damage|p1a: Indeedee|27\/100\n|move|p2b: Garganacl|Salt Cure|p1b: Torkoal\n|-activate|p1b: Torkoal|move: Protect\n|move|p1a: Indeedee|Trick Room|p1a: Indeedee\n|-fieldstart|move: Trick Room|[of] p1a: Indeedee\n|\n|-weather|SunnyDay|[upkeep]\n|upkeep\n|turn|4\n|\n|t:|1681927626\n|move|p1a: Indeedee|Helping Hand|p1b: Torkoal\n|-singleturn|p1b: Torkoal|Helping Hand|[of] p1a: Indeedee\n|move|p2a: Dragapult|Protect|p2a: Dragapult\n|-singleturn|p2a: Dragapult|Protect\n|move|p1b: Torkoal|Solar Beam||[still]\n|-prepare|p1b: Torkoal|Solar Beam\n|-anim|p1b: Torkoal|Solar Beam|p2b: Garganacl\n|-supereffective|p2b: Garganacl\n|-damage|p2b: Garganacl|23\/100\n|move|p2b: Garganacl|Salt Cure|p1b: Torkoal\n|-supereffective|p1b: Torkoal\n|-damage|p1b: Torkoal|48\/100\n|-start|p1b: Torkoal|Salt Cure\n|\n|-weather|SunnyDay|[upkeep]\n|-heal|p2b: Garganacl|29\/100|[from] item: Leftovers\n|-damage|p1b: Torkoal|36\/100|[from] Salt Cure\n|upkeep\n|turn|5\n|\n|t:|1681927644\n|move|p2b: Garganacl|Protect|p2b: Garganacl\n|-singleturn|p2b: Garganacl|Protect\n|move|p1b: Torkoal|Eruption|p2a: Dragapult|[spread] p2a\n|-activate|p2b: Garganacl|move: Protect\n|-resisted|p2a: Dragapult\n|-damage|p2a: Dragapult|80\/100\n|move|p1a: Indeedee|Psychic|p2b: Garganacl\n|-activate|p2b: Garganacl|move: Protect\n|move|p2a: Dragapult|Phantom Force||[still]\n|-prepare|p2a: Dragapult|Phantom Force\n|-enditem|p2a: Dragapult|Power Herb\n|-anim|p2a: Dragapult|Phantom Force|p1b: Torkoal\n|-damage|p1b: Torkoal|1\/100\n|\n|-weather|SunnyDay|[upkeep]\n|-heal|p2b: Garganacl|35\/100|[from] item: Leftovers\n|-damage|p1b: Torkoal|0 fnt|[from] Salt Cure\n|faint|p1b: Torkoal\n|-fieldend|move: Psychic Terrain\n|upkeep\n|\n|t:|1681927647\n|switch|p1b: Sylveon|Sylveon, L50, F, shiny|100\/100\n|turn|6\n|\n|t:|1681927664\n|move|p2a: Dragapult|Protect|p2a: Dragapult\n|-singleturn|p2a: Dragapult|Protect\n|move|p2b: Garganacl|Recover|p2b: Garganacl\n|-heal|p2b: Garganacl|85\/100\n|move|p1b: Sylveon|Hyper Voice|p2b: Garganacl|[spread] p2b\n|-activate|p2a: Dragapult|move: Protect\n|-damage|p2b: Garganacl|56\/100\n|-enditem|p1b: Sylveon|Throat Spray\n|-boost|p1b: Sylveon|spa|1|[from] item: Throat Spray\n|move|p1a: Indeedee|Psychic|p2b: Garganacl\n|-damage|p2b: Garganacl|34\/100\n|\n|-weather|none\n|-heal|p2b: Garganacl|40\/100|[from] item: Leftovers\n|upkeep\n|turn|7\n|\n|t:|1681927683\n|move|p1a: Indeedee|Follow Me|p1a: Indeedee\n|-singleturn|p1a: Indeedee|move: Follow Me\n|move|p2b: Garganacl|Recover|p2b: Garganacl\n|-heal|p2b: Garganacl|90\/100\n|move|p1b: Sylveon|Hyper Voice|p2a: Dragapult|[spread] p2a,p2b\n|-supereffective|p2a: Dragapult\n|-damage|p2a: Dragapult|0 fnt\n|-damage|p2b: Garganacl|43\/100\n|faint|p2a: Dragapult\n|\n|-heal|p2b: Garganacl|49\/100|[from] item: Leftovers\n|-fieldend|move: Trick Room\n|upkeep\n|turn|8\n|l|\u2606BelliboltAbuser\n|player|p2|\n|\n|t:|1681927708\n|move|p1a: Indeedee|Helping Hand|p1b: Sylveon\n|-singleturn|p1b: Sylveon|Helping Hand|[of] p1a: Indeedee\n|move|p1b: Sylveon|Hyper Voice|p2b: Garganacl\n|-damage|p2b: Garganacl|0 fnt\n|faint|p2b: Garganacl\n|\n|win|Outer Ent.\n|raw|Outer Ent.'s rating: 1046 → 1075<\/strong> (+29 for winning)\n|raw|BelliboltAbuser's rating: 1000 → 1000<\/strong> (+0 for losing)\n","uploadtime":1681927722,"views":13,"p1id":"outerent","p2id":"belliboltabuser","formatid":"gen9vgc2023regulationc","rating":1000,"private":0,"password":""}