{"id":"gen9vgc2023regulationc-1852532584","p1":"GordonGuyFieri","p2":"Adobe Acromegaly","format":"[Gen 9] VGC 2023 Regulation C","log":"|j|\u2606GordonGuyFieri\n|j|\u2606Adobe Acromegaly\n|t:|1682571107\n|gametype|doubles\n|player|p1|GordonGuyFieri|265|1089\n|player|p2|Adobe Acromegaly|may-masters|1066\n|teamsize|p1|6\n|teamsize|p2|6\n|gen|9\n|tier|[Gen 9] VGC 2023 Regulation C\n|rated|\n|rule|Species Clause: Limit one of each Pok\u00e9mon\n|rule|Item Clause: Limit one of each item\n|clearpoke\n|poke|p1|Tyranitar, L50, M|\n|poke|p1|Houndstone, L50, F|\n|poke|p1|Garchomp, L50, F|\n|poke|p1|Gholdengo, L50|\n|poke|p1|Amoonguss, L50, F|\n|poke|p1|Lycanroc, L50, F|\n|poke|p2|Noivern, L50, M|\n|poke|p2|Garchomp, L50, M|\n|poke|p2|Azumarill, L50, F|\n|poke|p2|Scizor, L50, M|\n|poke|p2|Amoonguss, L50, F|\n|poke|p2|Flutter Mane, L50|\n|teampreview|4\nAdobe Acromegaly has agreed to open team sheets.\n|inactive|Battle timer is ON: inactive players will automatically lose when time's up. (requested by GordonGuyFieri)\nGordonGuyFieri rejected open team sheets.\n|c|\u2606Adobe Acromegaly|ty i meant to reject actually lol\n|inactive|Adobe Acromegaly has 60 seconds left.\n|\n|t:|1682571156\n|start\n|switch|p1a: Tyranitar|Tyranitar, L50, M|100\/100\n|switch|p1b: Gholdengo|Gholdengo, L50|100\/100\n|switch|p2a: Noivern|Noivern, L50, M, shiny|100\/100\n|switch|p2b: Garchomp|Garchomp, L50, M|100\/100\n|-item|p1a: Tyranitar|Eject Pack|[from] ability: Frisk|[of] p2a: Noivern|[identify]\n|-item|p1b: Gholdengo|Choice Specs|[from] ability: Frisk|[of] p2a: Noivern|[identify]\n|-weather|Sandstorm|[from] ability: Sand Stream|[of] p1a: Tyranitar\n|turn|1\n|inactive|GordonGuyFieri has 30 seconds left.\n|inactive|Adobe Acromegaly has 30 seconds left.\n|\n|t:|1682571186\n|move|p2b: Garchomp|Protect|p2b: Garchomp\n|-singleturn|p2b: Garchomp|Protect\n|move|p2a: Noivern|Tailwind|p2a: Noivern\n|-sidestart|p2: Adobe Acromegaly|move: Tailwind\n|move|p1b: Gholdengo|Dazzling Gleam|p2b: Garchomp|[spread] p2a\n|-activate|p2b: Garchomp|move: Protect\n|-supereffective|p2a: Noivern\n|-damage|p2a: Noivern|25\/100\n|move|p1a: Tyranitar|Ice Punch|p2b: Garchomp\n|-activate|p2b: Garchomp|move: Protect\n|\n|-weather|Sandstorm|[upkeep]\n|-damage|p2a: Noivern|19\/100|[from] Sandstorm\n|upkeep\n|turn|2\n|inactive|Adobe Acromegaly has 30 seconds left.\n|\n|t:|1682571212\n|-terastallize|p2b: Garchomp|Fire\n|move|p1a: Tyranitar|Protect|p1a: Tyranitar\n|-singleturn|p1a: Tyranitar|Protect\n|move|p2a: Noivern|Super Fang|p1a: Tyranitar\n|-activate|p1a: Tyranitar|move: Protect\n|move|p2b: Garchomp|Earthquake|p1b: Gholdengo|[spread] p1b\n|-activate|p1a: Tyranitar|move: Protect\n|-immune|p2a: Noivern\n|-supereffective|p1b: Gholdengo\n|-crit|p1b: Gholdengo\n|-damage|p1b: Gholdengo|0 fnt\n|faint|p1b: Gholdengo\n|-damage|p2b: Garchomp|91\/100|[from] item: Life Orb\n|\n|-weather|Sandstorm|[upkeep]\n|-damage|p2a: Noivern|14\/100|[from] Sandstorm\n|-damage|p2b: Garchomp|85\/100|[from] Sandstorm\n|upkeep\n|\n|t:|1682571227\n|switch|p1b: Lycanroc|Lycanroc, L50, F|100\/100\n|turn|3\n|inactive|GordonGuyFieri has 30 seconds left.\n|\n|t:|1682571261\n|-terastallize|p1b: Lycanroc|Rock\n|move|p2b: Garchomp|Protect|p2b: Garchomp\n|-singleturn|p2b: Garchomp|Protect\n|move|p2a: Noivern|Super Fang|p1b: Lycanroc\n|-damage|p1b: Lycanroc|51\/100\n|move|p1b: Lycanroc|Rock Slide|p2a: Noivern|[spread] p2a\n|-activate|p2b: Garchomp|move: Protect\n|-supereffective|p2a: Noivern\n|-damage|p2a: Noivern|0 fnt\n|faint|p2a: Noivern\n|move|p1a: Tyranitar|Ice Punch|p2b: Garchomp\n|-activate|p2b: Garchomp|move: Protect\n|\n|-weather|Sandstorm|[upkeep]\n|-damage|p2b: Garchomp|79\/100|[from] Sandstorm\n|upkeep\n|\n|t:|1682571269\n|switch|p2a: Azumarill|Azumarill, L50, F|100\/100\n|turn|4\n|\n|t:|1682571274\n|move|p2a: Azumarill|Aqua Jet|p1b: Lycanroc\n|-supereffective|p1b: Lycanroc\n|-damage|p1b: Lycanroc|0 fnt\n|faint|p1b: Lycanroc\n|move|p2b: Garchomp|Stomping Tantrum|p1a: Tyranitar\n|-supereffective|p1a: Tyranitar\n|-damage|p1a: Tyranitar|25\/100\n|-damage|p2b: Garchomp|69\/100|[from] item: Life Orb\n|move|p1a: Tyranitar|Rock Slide|p2a: Azumarill|[spread] p2a,p2b\n|-supereffective|p2b: Garchomp\n|-damage|p2a: Azumarill|67\/100\n|-damage|p2b: Garchomp|2\/100\n|\n|-weather|Sandstorm|[upkeep]\n|-damage|p2b: Garchomp|0 fnt|[from] Sandstorm\n|-damage|p2a: Azumarill|61\/100|[from] Sandstorm\n|faint|p2b: Garchomp\n|-sideend|p2: Adobe Acromegaly|move: Tailwind\n|upkeep\n|\n|t:|1682571278\n|switch|p2b: Flutter Mane|Flutter Mane, L50|100\/100\n|switch|p1b: Houndstone|Houndstone, L50, F|100\/100\n|-enditem|p2b: Flutter Mane|Booster Energy\n|-activate|p2b: Flutter Mane|ability: Protosynthesis|[fromitem]\n|-start|p2b: Flutter Mane|protosynthesisspa\n|turn|5\n|\n|t:|1682571299\n|move|p2b: Flutter Mane|Protect|p2b: Flutter Mane\n|-singleturn|p2b: Flutter Mane|Protect\n|move|p1a: Tyranitar|Protect|p1a: Tyranitar\n|-singleturn|p1a: Tyranitar|Protect\n|move|p1b: Houndstone|Last Respects|p2b: Flutter Mane\n|-activate|p2b: Flutter Mane|move: Protect\n|move|p2a: Azumarill|Liquidation|p1b: Houndstone\n|-damage|p1b: Houndstone|43\/100\n|\n|-weather|none\n|upkeep\n|turn|6\n|\n|t:|1682571317\n|move|p2a: Azumarill|Aqua Jet|p1a: Tyranitar\n|-supereffective|p1a: Tyranitar\n|-damage|p1a: Tyranitar|0 fnt\n|faint|p1a: Tyranitar\n|move|p2b: Flutter Mane|Shadow Ball|p1b: Houndstone\n|-supereffective|p1b: Houndstone\n|-damage|p1b: Houndstone|0 fnt\n|faint|p1b: Houndstone\n|\n|win|Adobe Acromegaly\n|raw|GordonGuyFieri's rating: 1089 → 1064<\/strong> (-25 for losing)\n|raw|Adobe Acromegaly's rating: 1066 → 1098<\/strong> (+32 for winning)\n","uploadtime":1682571321,"views":8,"p1id":"gordonguyfieri","p2id":"adobeacromegaly","formatid":"gen9vgc2023regulationc","rating":1064,"private":0,"password":""}