{"id":"gen9vgc2023regulationc-1861648343","p1":"XJ09","p2":"Le Dab","format":"[Gen 9] VGC 2023 Regulation C","log":"|j|\u2606XJ09\n|j|\u2606Le Dab\n|t:|1683787918\n|gametype|doubles\n|player|p1|XJ09|dahlia|1306\n|player|p2|Le Dab|nate|1303\n|teamsize|p1|6\n|teamsize|p2|6\n|gen|9\n|tier|[Gen 9] VGC 2023 Regulation C\n|rated|\n|rule|Species Clause: Limit one of each Pok\u00e9mon\n|rule|Item Clause: Limit one of each item\n|clearpoke\n|poke|p1|Roaring Moon, L50|\n|poke|p1|Garganacl, L50, M|\n|poke|p1|Ting-Lu, L50|\n|poke|p1|Gyarados, L50, M|\n|poke|p1|Annihilape, L50, M|\n|poke|p1|Grimmsnarl, L50, M|\n|poke|p2|Sandy Shocks, L50|\n|poke|p2|Iron Valiant, L50|\n|poke|p2|Murkrow, L50, M|\n|poke|p2|Pincurchin, L50, M|\n|poke|p2|Scovillain, L50, F|\n|poke|p2|Chien-Pao, L50|\n|teampreview|4\n|inactive|Battle timer is ON: inactive players will automatically lose when time's up. (requested by Le Dab)\n|\n|t:|1683787947\n|start\n|switch|p1a: Ting-Lu|Ting-Lu, L50|100\/100\n|switch|p1b: Gyarados|Gyarados, L50, M|100\/100\n|switch|p2a: Iron Valiant|Iron Valiant, L50|100\/100\n|switch|p2b: Murkrow|Murkrow, L50, M|100\/100\n|-ability|p1b: Gyarados|Intimidate|boost\n|-unboost|p2a: Iron Valiant|atk|1\n|-unboost|p2b: Murkrow|atk|1\n|-ability|p1a: Ting-Lu|Vessel of Ruin\n|turn|1\n|\n|t:|1683787970\n|-terastallize|p1a: Ting-Lu|Grass\n|move|p2b: Murkrow|Tailwind|p2b: Murkrow\n|-sidestart|p2: Le Dab|move: Tailwind\n|move|p2a: Iron Valiant|Thunder Punch|p1b: Gyarados\n|-supereffective|p1b: Gyarados\n|-damage|p1b: Gyarados|16\/100\n|-status|p1b: Gyarados|par\n|cant|p1b: Gyarados|par\n|move|p1a: Ting-Lu|Fissure|p2a: Iron Valiant|[miss]\n|-miss|p1a: Ting-Lu|p2a: Iron Valiant\n|\n|upkeep\n|turn|2\n|\n|t:|1683787992\n|-end|p2a: Iron Valiant|Quark Drive|[silent]\n|switch|p2a: Chien-Pao|Chien-Pao, L50|100\/100\n|-ability|p2a: Chien-Pao|Sword of Ruin\n|switch|p1b: Garganacl|Garganacl, L50, M|100\/100\n|move|p2b: Murkrow|Foul Play|p1b: Garganacl\n|-damage|p1b: Garganacl|72\/100\n|move|p1a: Ting-Lu|Stomping Tantrum|p2a: Chien-Pao\n|-damage|p2a: Chien-Pao|18\/100\n|\n|-heal|p1b: Garganacl|78\/100|[from] item: Leftovers\n|upkeep\n|turn|3\n|inactive|XJ09 has 30 seconds left.\n|\n|t:|1683788017\n|move|p2b: Murkrow|Taunt|p1b: Garganacl\n|-start|p1b: Garganacl|move: Taunt\n|move|p2a: Chien-Pao|Ice Spinner|p1a: Ting-Lu\n|-supereffective|p1a: Ting-Lu\n|-damage|p1a: Ting-Lu|56\/100\n|move|p1a: Ting-Lu|Body Press|p2a: Chien-Pao\n|-supereffective|p2a: Chien-Pao\n|-damage|p2a: Chien-Pao|0 fnt\n|faint|p2a: Chien-Pao\n|move|p1b: Garganacl|Salt Cure|p2b: Murkrow\n|-supereffective|p2b: Murkrow\n|-damage|p2b: Murkrow|65\/100\n|-start|p2b: Murkrow|Salt Cure\n|\n|-heal|p1b: Garganacl|84\/100|[from] item: Leftovers\n|-damage|p2b: Murkrow|53\/100|[from] Salt Cure\n|upkeep\n|\n|t:|1683788026\n|switch|p2a: Sandy Shocks|Sandy Shocks, L50|100\/100\n|turn|4\n|\n|t:|1683788046\n|switch|p1b: Gyarados|Gyarados, L50, M|16\/100 par\n|-ability|p1b: Gyarados|Intimidate|boost\n|-unboost|p2a: Sandy Shocks|atk|1\n|-unboost|p2b: Murkrow|atk|1\n|move|p2a: Sandy Shocks|Earth Power|p1b: Gyarados\n|-immune|p1b: Gyarados\n|move|p2b: Murkrow|Foul Play|p1b: Gyarados\n|-damage|p1b: Gyarados|0 fnt\n|faint|p1b: Gyarados\n|move|p1a: Ting-Lu|Stomping Tantrum|p2a: Sandy Shocks\n|-supereffective|p2a: Sandy Shocks\n|-damage|p2a: Sandy Shocks|35\/100\n|\n|-damage|p2b: Murkrow|41\/100|[from] Salt Cure\n|-sideend|p2: Le Dab|move: Tailwind\n|upkeep\n|\n|t:|1683788061\n|switch|p1b: Annihilape|Annihilape, L50, M|100\/100\n|turn|5\n|\n|t:|1683788077\n|move|p1b: Annihilape|Protect|p1b: Annihilape\n|-singleturn|p1b: Annihilape|Protect\n|move|p2a: Sandy Shocks|Thunderbolt|p1b: Annihilape\n|-activate|p1b: Annihilape|move: Protect\n|move|p2b: Murkrow|Foul Play|p1b: Annihilape\n|-activate|p1b: Annihilape|move: Protect\n|move|p1a: Ting-Lu|Stomping Tantrum|p2a: Sandy Shocks\n|-supereffective|p2a: Sandy Shocks\n|-damage|p2a: Sandy Shocks|0 fnt\n|faint|p2a: Sandy Shocks\n|-end|p2a: Sandy Shocks|Protosynthesis|[silent]\n|\n|-damage|p2b: Murkrow|29\/100|[from] Salt Cure\n|upkeep\n|\n|t:|1683788079\n|switch|p2a: Iron Valiant|Iron Valiant, L50|100\/100\n|turn|6\n|\n|t:|1683788100\n|move|p2b: Murkrow|Taunt|p1b: Annihilape\n|-start|p1b: Annihilape|move: Taunt\n|move|p2a: Iron Valiant|Fire Punch|p1a: Ting-Lu\n|-supereffective|p1a: Ting-Lu\n|-damage|p1a: Ting-Lu|32\/100\n|cant|p1b: Annihilape|move: Taunt|Bulk Up\n|move|p1a: Ting-Lu|Fissure|p2a: Iron Valiant|[miss]\n|-miss|p1a: Ting-Lu|p2a: Iron Valiant\n|\n|-damage|p2b: Murkrow|17\/100|[from] Salt Cure\n|upkeep\n|turn|7\n|inactive|Le Dab has 30 seconds left.\n|inactive|XJ09 has 30 seconds left.\n|\n|t:|1683788137\n|move|p2a: Iron Valiant|Spirit Break|p1a: Ting-Lu\n|-damage|p1a: Ting-Lu|13\/100\n|-unboost|p1a: Ting-Lu|spa|1\n|move|p2b: Murkrow|Foul Play|p1b: Annihilape\n|-damage|p1b: Annihilape|56\/100\n|move|p1b: Annihilape|Drain Punch|p2b: Murkrow\n|-damage|p2b: Murkrow|0 fnt\n|-heal|p1b: Annihilape|63\/100|[from] drain|[of] p2b: Murkrow\n|faint|p2b: Murkrow\n|move|p1a: Ting-Lu|Stomping Tantrum|p2a: Iron Valiant\n|-damage|p2a: Iron Valiant|29\/100\n|\n|upkeep\n|turn|8\n|\n|t:|1683788159\n|move|p2a: Iron Valiant|Fire Punch|p1a: Ting-Lu\n|-supereffective|p1a: Ting-Lu\n|-damage|p1a: Ting-Lu|0 fnt\n|faint|p1a: Ting-Lu\n|move|p1b: Annihilape|Rage Fist|p2a: Iron Valiant\n|-damage|p2a: Iron Valiant|0 fnt\n|faint|p2a: Iron Valiant\n|-end|p2a: Iron Valiant|Quark Drive|[silent]\n|\n|win|XJ09\n|raw|XJ09's rating: 1306 → 1326<\/strong> (+20 for winning)\n|raw|Le Dab's rating: 1303 → 1283<\/strong> (-20 for losing)\n|l|\u2606Le Dab\n","uploadtime":1683788169,"views":12,"p1id":"xj09","p2id":"ledab","formatid":"gen9vgc2023regulationc","rating":1283,"private":0,"password":""}