{"id":"gen9vgc2023regulationc-1862773492","p1":"Bout It 27","p2":"klungoanonymous","format":"[Gen 9] VGC 2023 Regulation C","log":"|j|\u2606Bout It 27\n|j|\u2606klungoanonymous\n|t:|1683920467\n|gametype|doubles\n|player|p1|Bout It 27|1|1349\n|player|p2|klungoanonymous|101|1285\n|teamsize|p1|6\n|teamsize|p2|6\n|gen|9\n|tier|[Gen 9] VGC 2023 Regulation C\n|rated|\n|rule|Species Clause: Limit one of each Pok\u00e9mon\n|rule|Item Clause: Limit one of each item\n|clearpoke\n|poke|p1|Murkrow, L50, F|\n|poke|p1|Haxorus, L50, F|\n|poke|p1|Amoonguss, L50, M|\n|poke|p1|Garganacl, L50, M|\n|poke|p1|Chien-Pao, L50|\n|poke|p1|Glimmora, L50, F|\n|poke|p2|Corviknight, L50, F|\n|poke|p2|Arcanine, L50, M|\n|poke|p2|Ting-Lu, L50|\n|poke|p2|Sandy Shocks, L50|\n|poke|p2|Great Tusk, L50|\n|poke|p2|Dondozo, L50, M|\n|teampreview|4\nklungoanonymous has agreed to open team sheets.\n|inactive|Battle timer is ON: inactive players will automatically lose when time's up. (requested by klungoanonymous)\nBout It 27 has agreed to open team sheets.\n|inactive|klungoanonymous has 60 seconds left.\n|inactive|klungoanonymous has 30 seconds left.\n|\n|t:|1683920550\n|start\n|switch|p1a: Haxorus|Haxorus, L50, F, shiny|100\/100\n|switch|p1b: Murkrow|Murkrow, L50, F|100\/100\n|switch|p2a: Corviknight|Corviknight, L50, F|100\/100\n|switch|p2b: Arcanine|Arcanine, L50, M|100\/100\n|-ability|p1a: Haxorus|Mold Breaker\n|-ability|p2b: Arcanine|Intimidate|boost\n|-unboost|p1a: Haxorus|atk|1\n|-unboost|p1b: Murkrow|atk|1\n|turn|1\n|inactive|klungoanonymous has 30 seconds left.\n|\n|t:|1683920579\n|switch|p1a: Glimmora|Glimmora, L50, F|100\/100\n|move|p2b: Arcanine|Protect|p2b: Arcanine\n|-singleturn|p2b: Arcanine|Protect\n|move|p1b: Murkrow|Foul Play|p2a: Corviknight\n|-damage|p2a: Corviknight|77\/100\n|move|p2a: Corviknight|Tailwind|p2a: Corviknight\n|-sidestart|p2: klungoanonymous|move: Tailwind\n|\n|upkeep\n|turn|2\n|\n|t:|1683920597\n|move|p1b: Murkrow|Tailwind|p1b: Murkrow\n|-sidestart|p1: Bout It 27|move: Tailwind\n|move|p2b: Arcanine|Howl|p2b: Arcanine|[spread] p2a,p2b\n|-boost|p2a: Corviknight|atk|1\n|-boost|p2b: Arcanine|atk|1\n|move|p1a: Glimmora|Power Gem|p2b: Arcanine\n|-supereffective|p2b: Arcanine\n|-damage|p2b: Arcanine|6\/100\n|-enditem|p2b: Arcanine|Sitrus Berry|[eat]\n|-heal|p2b: Arcanine|31\/100|[from] item: Sitrus Berry\n|move|p2a: Corviknight|Iron Head|p1a: Glimmora\n|-supereffective|p1a: Glimmora\n|-damage|p1a: Glimmora|12\/100\n|-damage|p2a: Corviknight|60\/100|[from] item: Rocky Helmet|[of] p1a: Glimmora\n|-activate|p1a: Glimmora|ability: Toxic Debris\n|-sidestart|p2: klungoanonymous|move: Toxic Spikes\n|\n|upkeep\n|turn|3\n|\n|t:|1683920620\n|move|p2b: Arcanine|Protect|p2b: Arcanine\n|-singleturn|p2b: Arcanine|Protect\n|move|p1a: Glimmora|Spiky Shield|p1a: Glimmora\n|-singleturn|p1a: Glimmora|move: Protect\n|move|p1b: Murkrow|Foul Play|p2a: Corviknight\n|-damage|p2a: Corviknight|23\/100\n|move|p2a: Corviknight|Iron Head|p1b: Murkrow\n|-damage|p1b: Murkrow|60\/100\n|\n|upkeep\n|turn|4\n|\n|t:|1683920639\n|move|p2b: Arcanine|Flare Blitz|p1b: Murkrow\n|-damage|p1b: Murkrow|0 fnt\n|faint|p1b: Murkrow\n|-damage|p2b: Arcanine|14\/100|[from] Recoil\n|move|p1a: Glimmora|Power Gem|p2b: Arcanine\n|-supereffective|p2b: Arcanine\n|-damage|p2b: Arcanine|0 fnt\n|faint|p2b: Arcanine\n|move|p2a: Corviknight|Roost|p2a: Corviknight\n|-heal|p2a: Corviknight|74\/100\n|-singleturn|p2a: Corviknight|move: Roost\n|\n|-sideend|p2: klungoanonymous|move: Tailwind\n|upkeep\n|\n|t:|1683920660\n|switch|p2b: Sandy Shocks|Sandy Shocks, L50|100\/100\n|switch|p1b: Amoonguss|Amoonguss, L50, M, shiny|100\/100\n|-status|p2b: Sandy Shocks|psn\n|-enditem|p2b: Sandy Shocks|Booster Energy\n|-activate|p2b: Sandy Shocks|ability: Protosynthesis|[fromitem]\n|-start|p2b: Sandy Shocks|protosynthesisspe\n|turn|5\n|inactive|klungoanonymous has 30 seconds left.\n|inactive|klungoanonymous has 20 seconds left.\n|inactive|klungoanonymous has 15 seconds left.\n|inactive|klungoanonymous has 10 seconds left.\n|inactive|klungoanonymous has 5 seconds left.\n|\n|t:|1683920715\n|move|p1a: Glimmora|Spiky Shield|p1a: Glimmora\n|-singleturn|p1a: Glimmora|move: Protect\n|move|p2b: Sandy Shocks|Thunderbolt|p1b: Amoonguss\n|-resisted|p1b: Amoonguss\n|-damage|p1b: Amoonguss|84\/100\n|move|p1b: Amoonguss|Spore|p2a: Corviknight\n|-activate|p2a: Corviknight|item: Safety Goggles|Spore\n|move|p2a: Corviknight|Iron Head|p1b: Amoonguss\n|-damage|p1b: Amoonguss|53\/100\n|\n|-damage|p2b: Sandy Shocks|89\/100 psn|[from] psn\n|-sideend|p1: Bout It 27|move: Tailwind\n|upkeep\n|turn|6\n|\n|t:|1683920739\n|move|p1b: Amoonguss|Rage Powder|p1b: Amoonguss\n|-singleturn|p1b: Amoonguss|move: Rage Powder\n|move|p2b: Sandy Shocks|Earth Power|p1b: Amoonguss\n|-damage|p1b: Amoonguss|18\/100\n|-enditem|p1b: Amoonguss|Sitrus Berry|[eat]\n|-heal|p1b: Amoonguss|43\/100|[from] item: Sitrus Berry\n|move|p1a: Glimmora|Energy Ball|p2b: Sandy Shocks\n|-supereffective|p2b: Sandy Shocks\n|-damage|p2b: Sandy Shocks|7\/100 psn\n|move|p2a: Corviknight|Brave Bird|p1b: Amoonguss\n|-supereffective|p1b: Amoonguss\n|-damage|p1b: Amoonguss|0 fnt\n|faint|p1b: Amoonguss\n|-damage|p2a: Corviknight|59\/100|[from] Recoil\n|\n|-damage|p2b: Sandy Shocks|0 fnt|[from] psn\n|faint|p2b: Sandy Shocks\n|-end|p2b: Sandy Shocks|Protosynthesis|[silent]\n|upkeep\n|\n|t:|1683920761\n|switch|p2b: Dondozo|Dondozo, L50, M|100\/100\n|switch|p1b: Haxorus|Haxorus, L50, F, shiny|100\/100\n|-ability|p1b: Haxorus|Mold Breaker\n|-status|p2b: Dondozo|psn\n|turn|7\n|\n|t:|1683920786\n|move|p1a: Glimmora|Spiky Shield|p1a: Glimmora\n|-singleturn|p1a: Glimmora|move: Protect\n|move|p1b: Haxorus|Low Kick|p2a: Corviknight\n|-damage|p2a: Corviknight|22\/100\n|-damage|p1b: Haxorus|91\/100|[from] item: Life Orb\n|move|p2a: Corviknight|Roost|p2a: Corviknight\n|-heal|p2a: Corviknight|73\/100\n|-singleturn|p2a: Corviknight|move: Roost\n|move|p2b: Dondozo|Wave Crash|p1a: Glimmora\n|-activate|p1a: Glimmora|move: Protect\n|-damage|p2b: Dondozo|88\/100 psn|[from] Spiky Shield|[of] p1a: Glimmora\n|\n|-heal|p2b: Dondozo|94\/100 psn|[from] item: Leftovers\n|-damage|p2b: Dondozo|82\/100 psn|[from] psn\n|upkeep\n|turn|8\n|inactive|Bout It 27 has 30 seconds left.\n|inactive|klungoanonymous has 30 seconds left.\n|inactive|klungoanonymous has 20 seconds left.\n|inactive|klungoanonymous has 15 seconds left.\n|inactive|klungoanonymous has 10 seconds left.\n|\n|t:|1683920833\n|-terastallize|p2a: Corviknight|Dragon\n|move|p1b: Haxorus|Low Kick|p2a: Corviknight\n|-damage|p2a: Corviknight|37\/100\n|-damage|p1b: Haxorus|81\/100|[from] item: Life Orb\n|move|p1a: Glimmora|Power Gem|p2a: Corviknight\n|-damage|p2a: Corviknight|4\/100\n|move|p2a: Corviknight|Brave Bird|p1b: Haxorus\n|-damage|p1b: Haxorus|9\/100\n|-damage|p2a: Corviknight|0 fnt|[from] Recoil\n|faint|p2a: Corviknight\n|move|p2b: Dondozo|Wave Crash|p1a: Glimmora\n|-supereffective|p1a: Glimmora\n|-damage|p1a: Glimmora|0 fnt\n|-damage|p2b: Dondozo|65\/100 psn|[from] item: Rocky Helmet|[of] p1a: Glimmora\n|-activate|p1a: Glimmora|ability: Toxic Debris\n|-sidestart|p2: klungoanonymous|move: Toxic Spikes\n|faint|p1a: Glimmora\n|-damage|p2b: Dondozo|63\/100 psn|[from] Recoil\n|\n|-heal|p2b: Dondozo|69\/100 psn|[from] item: Leftovers\n|-damage|p2b: Dondozo|57\/100 psn|[from] psn\n|upkeep\n|turn|9\n|inactive|Bout It 27 has 30 seconds left.\n|\n|t:|1683920862\n|-terastallize|p1b: Haxorus|Ground\n|move|p1b: Haxorus|Earthquake|p2b: Dondozo\n|-damage|p2b: Dondozo|0 fnt\n|faint|p2b: Dondozo\n|-damage|p1b: Haxorus|0 fnt|[from] item: Life Orb\n|faint|p1b: Haxorus\n|\n|win|Bout It 27\n|raw|Bout It 27's rating: 1349 → 1365<\/strong> (+16 for winning)\n|raw|klungoanonymous's rating: 1285 → 1265<\/strong> (-20 for losing)\n|l|\u2606klungoanonymous\n","uploadtime":1683920889,"views":12,"p1id":"boutit27","p2id":"klungoanonymous","formatid":"gen9vgc2023regulationc","rating":1265,"private":0,"password":""}