{"id":"gen9vgc2023regulationc-1848828352","p1":"MomeriA12","p2":"shughesrd","format":"[Gen 9] VGC 2023 Regulation C","log":"|j|\u2606MomeriA12\n|j|\u2606shughesrd\n|t:|1682114822\n|gametype|doubles\n|player|p1|MomeriA12|101|1458\n|player|p2|shughesrd|ethan|1402\n|teamsize|p1|6\n|teamsize|p2|6\n|gen|9\n|tier|[Gen 9] VGC 2023 Regulation C\n|rated|\n|rule|Species Clause: Limit one of each Pok\u00e9mon\n|rule|Item Clause: Limit one of each item\n|clearpoke\n|poke|p1|Palafin, L50, F|\n|poke|p1|Flutter Mane, L50|\n|poke|p1|Arcanine, L50, M|\n|poke|p1|Ting-Lu, L50|\n|poke|p1|Amoonguss, L50, F|\n|poke|p1|Kingambit, L50, F|\n|poke|p2|Palafin, L50, M|\n|poke|p2|Flutter Mane, L50|\n|poke|p2|Arcanine, L50, M|\n|poke|p2|Ting-Lu, L50|\n|poke|p2|Amoonguss, L50, F|\n|poke|p2|Sableye, L50, M|\n|teampreview|4\n|inactive|Battle timer is ON: inactive players will automatically lose when time's up. (requested by shughesrd)\n|\n|t:|1682114846\n|start\n|switch|p1a: Flutter Mane|Flutter Mane, L50|100\/100\n|switch|p1b: Kingambit|Kingambit, L50, F|100\/100\n|switch|p2a: Palafin|Palafin, L50, M|100\/100\n|switch|p2b: Sableye|Sableye, L50, M|100\/100\n|turn|1\n|\n|t:|1682114865\n|detailschange|p2a: Palafin|Palafin-Hero, L50, M\n|switch|p2a: Amoonguss|Amoonguss, L50, F|100\/100\n|move|p2b: Sableye|Skill Swap|p2a: Amoonguss\n|-activate|p2b: Sableye|move: Skill Swap|||[of] p2a: Amoonguss\n|move|p1a: Flutter Mane|Dazzling Gleam|p2b: Sableye|[spread] p2a,p2b\n|-resisted|p2a: Amoonguss\n|-supereffective|p2b: Sableye\n|-damage|p2a: Amoonguss|87\/100\n|-damage|p2b: Sableye|16\/100\n|move|p1b: Kingambit|Swords Dance|p1b: Kingambit\n|-boost|p1b: Kingambit|atk|2\n|\n|-heal|p2a: Amoonguss|93\/100|[from] item: Leftovers\n|upkeep\n|turn|2\n|\n|t:|1682114887\n|move|p1a: Flutter Mane|Protect|p1a: Flutter Mane\n|-singleturn|p1a: Flutter Mane|Protect\n|move|p2a: Amoonguss|Spore|p1a: Flutter Mane\n|-activate|p1a: Flutter Mane|move: Protect\n|move|p1b: Kingambit|Kowtow Cleave|p2a: Amoonguss\n|-damage|p2a: Amoonguss|0 fnt\n|faint|p2a: Amoonguss\n|move|p2b: Sableye|Encore|p1b: Kingambit\n|-start|p1b: Kingambit|Encore\n|\n|upkeep\n|\n|t:|1682114899\n|switch|p2a: Palafin|Palafin-Hero, L50, M|100\/100\n|-activate|p2a: Palafin|ability: Zero to Hero\n|turn|3\n|\n|t:|1682114920\n|-end|p1a: Flutter Mane|Protosynthesis|[silent]\n|switch|p1a: Arcanine|Arcanine, L50, M|100\/100\n|-ability|p1a: Arcanine|Intimidate|boost\n|-unboost|p2a: Palafin|atk|1\n|-unboost|p2b: Sableye|atk|1\n|-terastallize|p2a: Palafin|Water\n|move|p2a: Palafin|Wave Crash|p1b: Kingambit\n|-damage|p1b: Kingambit|35\/100\n|-damage|p2a: Palafin|79\/100|[from] Recoil\n|move|p1b: Kingambit|Kowtow Cleave|p2a: Palafin\n|-damage|p2a: Palafin|0 fnt\n|faint|p2a: Palafin\n|move|p2b: Sableye|Encore||[still]\n|-fail|p2b: Sableye\n|\n|upkeep\n|\n|t:|1682114924\n|switch|p2a: Ting-Lu|Ting-Lu, L50|100\/100\n|-ability|p2a: Ting-Lu|Vessel of Ruin\n|turn|4\n|inactive|MomeriA12 has 30 seconds left.\n|inactive|MomeriA12 has 20 seconds left.\n|inactive|MomeriA12 has 15 seconds left.\n|\n|t:|1682114964\n|switch|p1b: Amoonguss|Amoonguss, L50, F|100\/100\n|move|p1a: Arcanine|Will-O-Wisp|p2a: Ting-Lu\n|-status|p2a: Ting-Lu|brn\n|move|p2a: Ting-Lu|Earthquake|p1b: Amoonguss|[spread] p2b,p1a,p1b\n|-supereffective|p1a: Arcanine\n|-damage|p2b: Sableye|0 fnt\n|-damage|p1a: Arcanine|65\/100\n|-damage|p1b: Amoonguss|87\/100\n|faint|p2b: Sableye\n|\n|-damage|p2a: Ting-Lu|94\/100 brn|[from] brn\n|upkeep\n|turn|5\n|\n|t:|1682114981\n|move|p1a: Arcanine|Howl|p1a: Arcanine|[spread] p1a,p1b\n|-boost|p1a: Arcanine|atk|1\n|-boost|p1b: Amoonguss|atk|1\n|move|p2a: Ting-Lu|Earthquake|p1a: Arcanine|[spread] p1a,p1b\n|-supereffective|p1a: Arcanine\n|-damage|p1a: Arcanine|30\/100\n|-damage|p1b: Amoonguss|74\/100\n|move|p1b: Amoonguss|Pollen Puff|p1a: Arcanine\n|-heal|p1a: Arcanine|80\/100\n|\n|-damage|p2a: Ting-Lu|88\/100 brn|[from] brn\n|upkeep\n|turn|6\n|\n|t:|1682115002\n|-terastallize|p1a: Arcanine|Flying\n|move|p1a: Arcanine|Howl|p1a: Arcanine|[spread] p1a,p1b\n|-boost|p1a: Arcanine|atk|1\n|-boost|p1b: Amoonguss|atk|1\n|move|p2a: Ting-Lu|Earthquake|p1a: Arcanine|[spread] p1b\n|-immune|p1a: Arcanine\n|-damage|p1b: Amoonguss|58\/100\n|move|p1b: Amoonguss|Pollen Puff|p1a: Arcanine\n|-heal|p1a: Arcanine|100\/100\n|\n|-damage|p2a: Ting-Lu|82\/100 brn|[from] brn\n|upkeep\n|turn|7\n|\n|t:|1682115017\n|move|p1a: Arcanine|Flare Blitz|p2a: Ting-Lu\n|-damage|p2a: Ting-Lu|13\/100 brn\n|-damage|p1a: Arcanine|74\/100|[from] Recoil\n|move|p2a: Ting-Lu|Earthquake|p1b: Amoonguss|[spread] p1b\n|-immune|p1a: Arcanine\n|-damage|p1b: Amoonguss|44\/100\n|move|p1b: Amoonguss|Pollen Puff|p1a: Arcanine\n|-heal|p1a: Arcanine|100\/100\n|\n|-damage|p2a: Ting-Lu|7\/100 brn|[from] brn\n|upkeep\n|turn|8\n|\n|t:|1682115033\n|move|p1a: Arcanine|Extreme Speed|p2a: Ting-Lu\n|-damage|p2a: Ting-Lu|0 fnt\n|faint|p2a: Ting-Lu\n|\n|win|MomeriA12\n|raw|MomeriA12's rating: 1458 → 1475<\/strong> (+17 for winning)\n|raw|shughesrd's rating: 1402 → 1385<\/strong> (-17 for losing)\n","uploadtime":1682115047,"views":5,"p1id":"momeria12","p2id":"shughesrd","formatid":"gen9vgc2023regulationc","rating":1385,"private":0,"password":""}