{"id":"gen9vgc2023regulationc-1855419545","p1":"vyxl","p2":"Rhoerner","format":"[Gen 9] VGC 2023 Regulation C","log":"|j|\u2606vyxl\n|j|\u2606Rhoerner\n|t:|1682949647\n|gametype|doubles\n|player|p1|vyxl|2|1116\n|player|p2|Rhoerner|artist-gen4|1081\n|teamsize|p1|6\n|teamsize|p2|6\n|gen|9\n|tier|[Gen 9] VGC 2023 Regulation C\n|rated|\n|rule|Species Clause: Limit one of each Pok\u00e9mon\n|rule|Item Clause: Limit one of each item\n|clearpoke\n|poke|p1|Murkrow, L50, F|\n|poke|p1|Ceruledge, L50, M|\n|poke|p1|Flutter Mane, L50|\n|poke|p1|Gyarados, L50, F|\n|poke|p1|Great Tusk, L50|\n|poke|p1|Wo-Chien, L50|\n|poke|p2|Amoonguss, L50, M|\n|poke|p2|Ting-Lu, L50|\n|poke|p2|Cyclizar, L50, F|\n|poke|p2|Corviknight, L50, M|\n|poke|p2|Kingambit, L50, F|\n|poke|p2|Arcanine, L50, M|\n|teampreview|4\n|\n|t:|1682949667\n|start\n|switch|p1a: Murkrow|Murkrow, L50, F|100\/100\n|switch|p1b: Ceruledge|Ceruledge, L50, M|100\/100\n|switch|p2a: Amoonguss|Amoonguss, L50, M|100\/100\n|switch|p2b: Cyclizar|Cyclizar, L50, F|100\/100\n|turn|1\n|inactive|Battle timer is ON: inactive players will automatically lose when time's up. (requested by vyxl)\n|\n|t:|1682949692\n|-terastallize|p1b: Ceruledge|Grass\n|move|p2a: Amoonguss|Protect|p2a: Amoonguss\n|-singleturn|p2a: Amoonguss|Protect\n|move|p1a: Murkrow|Tailwind|p1a: Murkrow\n|-sidestart|p1: vyxl|move: Tailwind\n|move|p1b: Ceruledge|Shadow Sneak|p2b: Cyclizar\n|-immune|p2b: Cyclizar\n|move|p2b: Cyclizar|Dragon Tail|p1b: Ceruledge\n|-damage|p1b: Ceruledge|77\/100\n|drag|p1b: Flutter Mane|Flutter Mane, L50|100\/100\n|\n|upkeep\n|turn|2\n|\n|t:|1682949709\n|move|p2b: Cyclizar|Protect|p2b: Cyclizar\n|-singleturn|p2b: Cyclizar|Protect\n|move|p1a: Murkrow|Sunny Day|p1a: Murkrow\n|-weather|SunnyDay\n|-activate|p1b: Flutter Mane|ability: Protosynthesis\n|-start|p1b: Flutter Mane|protosynthesisspa\n|move|p1b: Flutter Mane|Dazzling Gleam|p2a: Amoonguss|[spread] p2a\n|-activate|p2b: Cyclizar|move: Protect\n|-resisted|p2a: Amoonguss\n|-damage|p2a: Amoonguss|81\/100\n|-damage|p1b: Flutter Mane|90\/100|[from] item: Life Orb\n|move|p2a: Amoonguss|Spore|p1b: Flutter Mane\n|-status|p1b: Flutter Mane|slp|[from] move: Spore\n|\n|-weather|SunnyDay|[upkeep]\n|-heal|p2a: Amoonguss|87\/100|[from] item: Leftovers\n|upkeep\n|turn|3\n|\n|t:|1682949731\n|cant|p1b: Flutter Mane|slp\n|move|p1a: Murkrow|Brave Bird|p2a: Amoonguss\n|-supereffective|p2a: Amoonguss\n|-damage|p2a: Amoonguss|0 fnt\n|faint|p2a: Amoonguss\n|-damage|p1a: Murkrow|54\/100|[from] Recoil\n|move|p2b: Cyclizar|Shed Tail|p2b: Cyclizar\n|-start|p2b: Cyclizar|Substitute|[from] move: Shed Tail\n|-damage|p2b: Cyclizar|50\/100\n|inactive|Rhoerner has 30 seconds left.\n|\n|t:|1682949759\n|switch|p2b: Kingambit|Kingambit, L50, F|100\/100|[from] Shed Tail\n|\n|-weather|SunnyDay|[upkeep]\n|upkeep\n|\n|t:|1682949764\n|switch|p2a: Cyclizar|Cyclizar, L50, F|84\/100\n|turn|4\n|inactive|vyxl has 30 seconds left.\n|\n|t:|1682949791\n|-end|p1b: Flutter Mane|Protosynthesis|[silent]\n|switch|p1b: Great Tusk|Great Tusk, L50|100\/100\n|-activate|p1b: Great Tusk|ability: Protosynthesis\n|-start|p1b: Great Tusk|protosynthesisatk\n|switch|p1a: Ceruledge|Ceruledge, L50, M, tera:Grass|77\/100\n|move|p2a: Cyclizar|Shed Tail|p2a: Cyclizar\n|-start|p2a: Cyclizar|Substitute|[from] move: Shed Tail\n|-damage|p2a: Cyclizar|33\/100\n|\n|t:|1682949800\n|switch|p2a: Ting-Lu|Ting-Lu, L50|100\/100|[from] Shed Tail\n|-ability|p2a: Ting-Lu|Vessel of Ruin\n|move|p2b: Kingambit|Iron Head|p1b: Great Tusk\n|-crit|p1b: Great Tusk\n|-damage|p1b: Great Tusk|48\/100\n|\n|-weather|SunnyDay|[upkeep]\n|-sideend|p1: vyxl|move: Tailwind\n|upkeep\n|turn|5\n|inactive|Rhoerner has 30 seconds left.\n|\n|t:|1682949831\n|-terastallize|p2b: Kingambit|Dark\n|move|p1b: Great Tusk|Headlong Rush|p2b: Kingambit\n|-end|p2b: Kingambit|Substitute\n|-unboost|p1b: Great Tusk|def|1\n|-unboost|p1b: Great Tusk|spd|1\n|move|p1a: Ceruledge|Bitter Blade|p2b: Kingambit\n|-damage|p2b: Kingambit|41\/100\n|-heal|p1a: Ceruledge|100\/100|[from] drain|[of] p2b: Kingambit\n|move|p2b: Kingambit|Kowtow Cleave|p1a: Ceruledge\n|-damage|p1a: Ceruledge|27\/100\n|move|p2a: Ting-Lu|Fissure|p1b: Great Tusk|[miss]\n|-miss|p2a: Ting-Lu|p1b: Great Tusk\n|\n|-weather|SunnyDay|[upkeep]\n|upkeep\n|turn|6\n|inactive|vyxl has 30 seconds left.\n|inactive|Rhoerner has 30 seconds left.\n|\n|t:|1682949860\n|switch|p2b: Cyclizar|Cyclizar, L50, F|67\/100\n|move|p1a: Ceruledge|Protect|p1a: Ceruledge\n|-singleturn|p1a: Ceruledge|Protect\n|move|p1b: Great Tusk|Headlong Rush|p2b: Cyclizar\n|-damage|p2b: Cyclizar|0 fnt\n|-unboost|p1b: Great Tusk|def|1\n|-unboost|p1b: Great Tusk|spd|1\n|faint|p2b: Cyclizar\n|move|p2a: Ting-Lu|Stomping Tantrum|p1a: Ceruledge\n|-activate|p1a: Ceruledge|move: Protect\n|\n|-weather|none\n|-end|p1b: Great Tusk|Protosynthesis\n|upkeep\n|\n|t:|1682949874\n|switch|p2b: Kingambit|Kingambit, L50, F, tera:Dark|41\/100\n|turn|7\n|\n|t:|1682949893\n|switch|p1a: Flutter Mane|Flutter Mane, L50|90\/100 slp\n|move|p2b: Kingambit|Sucker Punch|p1b: Great Tusk\n|-resisted|p1b: Great Tusk\n|-damage|p1b: Great Tusk|3\/100\n|move|p1b: Great Tusk|Headlong Rush|p2b: Kingambit\n|-damage|p2b: Kingambit|0 fnt\n|-unboost|p1b: Great Tusk|def|1\n|-unboost|p1b: Great Tusk|spd|1\n|faint|p2b: Kingambit\n|move|p2a: Ting-Lu|Fissure|p1a: Flutter Mane\n|-damage|p1a: Flutter Mane|0 fnt\n|faint|p1a: Flutter Mane\n|-end|p1a: Flutter Mane|Protosynthesis|[silent]\n|-ohko\n|\n|upkeep\n|\n|t:|1682949908\n|switch|p1a: Murkrow|Murkrow, L50, F|54\/100\n|turn|8\n|\n|t:|1682949918\n|move|p1a: Murkrow|Sunny Day|p1a: Murkrow\n|-weather|SunnyDay\n|-activate|p1b: Great Tusk|ability: Protosynthesis\n|-start|p1b: Great Tusk|protosynthesisatk\n|move|p1b: Great Tusk|Headlong Rush|p2a: Ting-Lu\n|-end|p2a: Ting-Lu|Substitute\n|-unboost|p1b: Great Tusk|def|1\n|-unboost|p1b: Great Tusk|spd|1\n|move|p2a: Ting-Lu|Earthquake|p1b: Great Tusk|[spread] p1b\n|-immune|p1a: Murkrow\n|-damage|p1b: Great Tusk|0 fnt\n|faint|p1b: Great Tusk\n|-end|p1b: Great Tusk|Protosynthesis|[silent]\n|\n|-weather|SunnyDay|[upkeep]\n|upkeep\n|\n|t:|1682949930\n|switch|p1b: Ceruledge|Ceruledge, L50, M, tera:Grass|27\/100\n|turn|9\n|\n|t:|1682949946\n|move|p1a: Murkrow|Brave Bird|p2a: Ting-Lu\n|-damage|p2a: Ting-Lu|75\/100\n|-damage|p1a: Murkrow|38\/100|[from] Recoil\n|move|p1b: Ceruledge|Bitter Blade|p2a: Ting-Lu\n|-crit|p2a: Ting-Lu\n|-damage|p2a: Ting-Lu|9\/100\n|-heal|p1b: Ceruledge|76\/100|[from] drain|[of] p2a: Ting-Lu\n|move|p2a: Ting-Lu|Heavy Slam|p1b: Ceruledge\n|-damage|p1b: Ceruledge|32\/100\n|\n|-weather|SunnyDay|[upkeep]\n|upkeep\n|turn|10\n|-message|Rhoerner forfeited.\n|\n|win|vyxl\n|raw|vyxl's rating: 1116 → 1138<\/strong> (+22 for winning)\n|raw|Rhoerner's rating: 1081 → 1061<\/strong> (-20 for losing)\n|l|\u2606Rhoerner\n","uploadtime":1682949960,"views":16,"p1id":"vyxl","p2id":"rhoerner","formatid":"gen9vgc2023regulationc","rating":1061,"private":0,"password":""}