{"id":"gen9vgc2023regulationc-1857882304","p1":"AntVerita","p2":"Ryzell","format":"[Gen 9] VGC 2023 Regulation C","log":"|j|\u2606AntVerita\n|j|\u2606Ryzell\n|t:|1683242638\n|gametype|doubles\n|player|p1|AntVerita|170|1234\n|player|p2|Ryzell|gambler|1321\n|teamsize|p1|6\n|teamsize|p2|6\n|gen|9\n|tier|[Gen 9] VGC 2023 Regulation C\n|rated|\n|rule|Species Clause: Limit one of each Pok\u00e9mon\n|rule|Item Clause: Limit one of each item\n|clearpoke\n|poke|p1|Annihilape, L50, M|\n|poke|p1|Abomasnow, L50, M|\n|poke|p1|Iron Bundle, L50|\n|poke|p1|Chi-Yu, L50|\n|poke|p1|Arcanine, L50, F|\n|poke|p1|Bellibolt, L50, F|\n|poke|p2|Flutter Mane, L50|\n|poke|p2|Chi-Yu, L50|\n|poke|p2|Roaring Moon, L50|\n|poke|p2|Jumpluff, L50, M|\n|poke|p2|Wo-Chien, L50|\n|poke|p2|Torkoal, L50, F|\n|teampreview|4\n|inactive|Battle timer is ON: inactive players will automatically lose when time's up. (requested by Ryzell)\n|\n|t:|1683242665\n|start\n|switch|p1a: Annihilape|Annihilape, L50, M|100\/100\n|switch|p1b: Arcanine|Arcanine, L50, F|100\/100\n|switch|p2a: Flutter Mane|Flutter Mane, L50|100\/100\n|switch|p2b: Wo-Chien|Wo-Chien, L50|100\/100\n|-ability|p1b: Arcanine|Intimidate|boost\n|-unboost|p2a: Flutter Mane|atk|1\n|-unboost|p2b: Wo-Chien|atk|1\n|-enditem|p2b: Wo-Chien|Eject Pack\n|\n|t:|1683242678\n|switch|p2b: Torkoal|Torkoal, L50, F|100\/100\n|-weather|SunnyDay|[from] ability: Drought|[of] p2b: Torkoal\n|-activate|p2a: Flutter Mane|ability: Protosynthesis\n|-start|p2a: Flutter Mane|protosynthesisspa\n|turn|1\n|inactive|Ryzell has 30 seconds left.\n|\n|t:|1683242703\n|switch|p1a: Abomasnow|Abomasnow, L50, M|100\/100\n|-weather|Snow|[from] ability: Snow Warning|[of] p1a: Abomasnow\n|-end|p2a: Flutter Mane|Protosynthesis\n|-terastallize|p2b: Torkoal|Fire\n|move|p1b: Arcanine|Snarl|p2b: Torkoal|[spread] p2a,p2b\n|-damage|p2a: Flutter Mane|93\/100\n|-damage|p2b: Torkoal|89\/100\n|-unboost|p2a: Flutter Mane|spa|1\n|-unboost|p2b: Torkoal|spa|1\n|move|p2b: Torkoal|Eruption|p1a: Abomasnow|[spread] p1a,p1b\n|-supereffective|p1a: Abomasnow\n|-resisted|p1b: Arcanine\n|-damage|p1a: Abomasnow|0 fnt\n|-damage|p1b: Arcanine|78\/100\n|faint|p1a: Abomasnow\n|move|p2a: Flutter Mane|Trick Room|p2a: Flutter Mane\n|-fieldstart|move: Trick Room|[of] p2a: Flutter Mane\n|\n|-weather|Snow|[upkeep]\n|upkeep\n|\n|t:|1683242720\n|switch|p1a: Annihilape|Annihilape, L50, M|100\/100\n|turn|2\n|\n|t:|1683242732\n|switch|p2b: Wo-Chien|Wo-Chien, L50|100\/100\n|-ability|p2b: Wo-Chien|Tablets of Ruin\n|move|p1a: Annihilape|Protect|p1a: Annihilape\n|-singleturn|p1a: Annihilape|Protect\n|move|p2a: Flutter Mane|Shadow Ball|p1a: Annihilape\n|-activate|p1a: Annihilape|move: Protect\n|move|p1b: Arcanine|Snarl|p2b: Wo-Chien|[spread] p2a,p2b\n|-resisted|p2b: Wo-Chien\n|-damage|p2a: Flutter Mane|86\/100\n|-damage|p2b: Wo-Chien|97\/100\n|-unboost|p2a: Flutter Mane|spa|1\n|-unboost|p2b: Wo-Chien|spa|1\n|\n|-weather|Snow|[upkeep]\n|upkeep\n|turn|3\n|\n|t:|1683242754\n|-terastallize|p1a: Annihilape|Fire\n|move|p2a: Flutter Mane|Shadow Ball|p1a: Annihilape\n|-damage|p1a: Annihilape|85\/100\n|move|p2b: Wo-Chien|Dark Pulse|p1a: Annihilape\n|-damage|p1a: Annihilape|67\/100\n|move|p1a: Annihilape|Bulk Up|p1a: Annihilape\n|-boost|p1a: Annihilape|atk|1\n|-boost|p1a: Annihilape|def|1\n|move|p1b: Arcanine|Howl|p1b: Arcanine|[spread] p1a,p1b\n|-boost|p1a: Annihilape|atk|1\n|-boost|p1b: Arcanine|atk|1\n|\n|-weather|Snow|[upkeep]\n|upkeep\n|turn|4\n|inactive|Ryzell has 30 seconds left.\n|\n|t:|1683242784\n|-end|p2a: Flutter Mane|Protosynthesis|[silent]\n|switch|p2a: Torkoal|Torkoal, L50, F, tera:Fire|89\/100\n|-weather|SunnyDay|[from] ability: Drought|[of] p2a: Torkoal\n|move|p2b: Wo-Chien|Pollen Puff|p2a: Torkoal\n|-heal|p2a: Torkoal|100\/100\n|move|p1a: Annihilape|Drain Punch|p2b: Wo-Chien\n|-supereffective|p2b: Wo-Chien\n|-damage|p2b: Wo-Chien|8\/100\n|-heal|p1a: Annihilape|100\/100|[from] drain|[of] p2b: Wo-Chien\n|move|p1b: Arcanine|Snarl|p2a: Torkoal|[spread] p2a,p2b\n|-resisted|p2b: Wo-Chien\n|-damage|p2a: Torkoal|90\/100\n|-damage|p2b: Wo-Chien|6\/100\n|-unboost|p2a: Torkoal|spa|1\n|-unboost|p2b: Wo-Chien|spa|1\n|\n|-weather|SunnyDay|[upkeep]\n|upkeep\n|turn|5\n|inactive|AntVerita has 30 seconds left.\n|\n|t:|1683242812\n|move|p2a: Torkoal|Eruption|p1a: Annihilape|[spread] p1a,p1b\n|-resisted|p1a: Annihilape\n|-resisted|p1b: Arcanine\n|-damage|p1a: Annihilape|68\/100\n|-damage|p1b: Arcanine|44\/100\n|move|p2b: Wo-Chien|Pollen Puff|p2a: Torkoal\n|-heal|p2a: Torkoal|100\/100\n|move|p1a: Annihilape|Rage Fist|p2a: Torkoal\n|-damage|p2a: Torkoal|2\/100\n|move|p1b: Arcanine|Snarl|p2a: Torkoal|[spread] p2a,p2b\n|-resisted|p2b: Wo-Chien\n|-damage|p2a: Torkoal|0 fnt\n|-damage|p2b: Wo-Chien|3\/100\n|-unboost|p2b: Wo-Chien|spa|1\n|faint|p2a: Torkoal\n|\n|-weather|SunnyDay|[upkeep]\n|-fieldend|move: Trick Room\n|upkeep\n|\n|t:|1683242824\n|switch|p2a: Flutter Mane|Flutter Mane, L50|86\/100\n|-activate|p2a: Flutter Mane|ability: Protosynthesis\n|-start|p2a: Flutter Mane|protosynthesisspa\n|turn|6\n|inactive|Ryzell has 30 seconds left.\n|\n|t:|1683242849\n|move|p1b: Arcanine|Snarl|p2a: Flutter Mane|[spread] p2a,p2b\n|-resisted|p2b: Wo-Chien\n|-damage|p2a: Flutter Mane|79\/100\n|-damage|p2b: Wo-Chien|0 fnt\n|-unboost|p2a: Flutter Mane|spa|1\n|faint|p2b: Wo-Chien\n|move|p1a: Annihilape|Rage Fist|p2a: Flutter Mane\n|-supereffective|p2a: Flutter Mane\n|-damage|p2a: Flutter Mane|0 fnt\n|faint|p2a: Flutter Mane\n|-end|p2a: Flutter Mane|Protosynthesis|[silent]\n|\n|-weather|SunnyDay|[upkeep]\n|upkeep\n|\n|t:|1683242858\n|switch|p2b: Chi-Yu|Chi-Yu, L50|100\/100\n|-ability|p2b: Chi-Yu|Beads of Ruin\n|turn|7\n|\n|t:|1683242867\n|move|p1b: Arcanine|Howl|p1b: Arcanine|[spread] p1a,p1b\n|-boost|p1a: Annihilape|atk|1\n|-boost|p1b: Arcanine|atk|1\n|move|p2b: Chi-Yu|Dark Pulse|p1a: Annihilape\n|-damage|p1a: Annihilape|27\/100\n|cant|p1a: Annihilape|flinch\n|\n|-weather|SunnyDay|[upkeep]\n|upkeep\n|turn|8\n|\n|t:|1683242881\n|move|p1a: Annihilape|Protect|p1a: Annihilape\n|-singleturn|p1a: Annihilape|Protect\n|move|p1b: Arcanine|Howl|p1b: Arcanine|[spread] p1a,p1b\n|-boost|p1a: Annihilape|atk|1\n|-boost|p1b: Arcanine|atk|1\n|move|p2b: Chi-Yu|Dark Pulse|p1b: Arcanine\n|-damage|p1b: Arcanine|0 fnt\n|faint|p1b: Arcanine\n|\n|-weather|none\n|upkeep\n|\n|t:|1683242890\n|switch|p1b: Iron Bundle|Iron Bundle, L50|100\/100\n|turn|9\n|\n|t:|1683242900\n|move|p1b: Iron Bundle|Freeze-Dry|p2b: Chi-Yu\n|-resisted|p2b: Chi-Yu\n|-damage|p2b: Chi-Yu|87\/100\n|move|p2b: Chi-Yu|Dark Pulse|p1a: Annihilape\n|-damage|p1a: Annihilape|0 fnt\n|faint|p1a: Annihilape\n|\n|upkeep\n|turn|10\n|\n|t:|1683242912\n|move|p1b: Iron Bundle|Freeze-Dry|p2b: Chi-Yu\n|-resisted|p2b: Chi-Yu\n|-damage|p2b: Chi-Yu|72\/100\n|move|p2b: Chi-Yu|Flamethrower|p1b: Iron Bundle\n|-damage|p1b: Iron Bundle|0 fnt\n|faint|p1b: Iron Bundle\n|-end|p1b: Iron Bundle|Quark Drive|[silent]\n|\n|win|Ryzell\n|raw|AntVerita's rating: 1234 → 1215<\/strong> (-19 for losing)\n|raw|Ryzell's rating: 1321 → 1336<\/strong> (+15 for winning)\n|c|\u2606Ryzell|gg\n|l|\u2606AntVerita\n","uploadtime":1683242922,"views":9,"p1id":"antverita","p2id":"ryzell","formatid":"gen9vgc2023regulationc","rating":1215,"private":0,"password":""}