{"id":"gen9vgc2023regulationc-1848790243","p1":"That_Leek","p2":"ICCR","format":"[Gen 9] VGC 2023 Regulation C","log":"|j|\u2606That_Leek\n|j|\u2606ICCR\n|t:|1682110646\n|gametype|doubles\n|player|p1|That_Leek|blue-masters|1279\n|player|p2|ICCR|169|1228\n|teamsize|p1|6\n|teamsize|p2|6\n|gen|9\n|tier|[Gen 9] VGC 2023 Regulation C\n|rated|\n|rule|Species Clause: Limit one of each Pok\u00e9mon\n|rule|Item Clause: Limit one of each item\n|clearpoke\n|poke|p1|Gholdengo, L50|\n|poke|p1|Gyarados, L50, M|\n|poke|p1|Tyranitar, L50, F|\n|poke|p1|Maushold-Four, L50|\n|poke|p1|Annihilape, L50, M|\n|poke|p1|Volcarona, L50, F|\n|poke|p2|Arcanine, L50, F|\n|poke|p2|Iron Bundle, L50|\n|poke|p2|Dragapult, L50, M|\n|poke|p2|Amoonguss, L50, F|\n|poke|p2|Kingambit, L50, F|\n|poke|p2|Flutter Mane, L50|\n|teampreview|4\n|inactive|Battle timer is ON: inactive players will automatically lose when time's up. (requested by ICCR)\n|inactive|That_Leek has 60 seconds left.\n|inactive|ICCR has 60 seconds left.\nThat_Leek has agreed to open team sheets.\n|\n|t:|1682110687\n|start\n|switch|p1a: Annihilape|Annihilape, L50, M|100\/100\n|switch|p1b: Tyranitar|Tyranitar, L50, F|100\/100\n|switch|p2a: Iron Bundle|Iron Bundle, L50|100\/100\n|switch|p2b: Dnite|Dragapult, L50, M|100\/100\n|-weather|Sandstorm|[from] ability: Sand Stream|[of] p1b: Tyranitar\n|turn|1\n|\n|t:|1682110699\n|move|p2a: Iron Bundle|Protect|p2a: Iron Bundle\n|-singleturn|p2a: Iron Bundle|Protect\n|move|p2b: Dnite|Phantom Force||[still]\n|-prepare|p2b: Dnite|Phantom Force\n|move|p1a: Annihilape|Bulk Up|p1a: Annihilape\n|-boost|p1a: Annihilape|atk|1\n|-boost|p1a: Annihilape|def|1\n|move|p1b: Tyranitar|Crunch|p2b: Dnite|[miss]\n|-miss|p1b: Tyranitar|p2b: Dnite\n|\n|-weather|Sandstorm|[upkeep]\n|-damage|p2b: Dnite|95\/100|[from] Sandstorm\n|-damage|p2a: Iron Bundle|94\/100|[from] Sandstorm\n|-damage|p1a: Annihilape|94\/100|[from] Sandstorm\n|-heal|p1a: Annihilape|100\/100|[from] item: Leftovers\n|upkeep\n|turn|2\n|\n|t:|1682110718\n|-terastallize|p1a: Annihilape|Fire\n|move|p2b: Dnite|Phantom Force|p1a: Annihilape|[from]lockedmove\n|-damage|p1a: Annihilape|59\/100\n|move|p2a: Iron Bundle|Hydro Pump|p1a: Annihilape\n|-supereffective|p1a: Annihilape\n|-damage|p1a: Annihilape|0 fnt\n|faint|p1a: Annihilape\n|move|p1b: Tyranitar|Crunch|p2b: Dnite\n|-supereffective|p2b: Dnite\n|-damage|p2b: Dnite|0 fnt\n|faint|p2b: Dnite\n|\n|-weather|Sandstorm|[upkeep]\n|-damage|p2a: Iron Bundle|88\/100|[from] Sandstorm\n|upkeep\n|\n|t:|1682110735\n|switch|p2b: Arcanine|Arcanine, L50, F|100\/100\n|switch|p1a: Gholdengo|Gholdengo, L50|100\/100\n|-ability|p2b: Arcanine|Intimidate|boost\n|-unboost|p1a: Gholdengo|atk|1\n|-unboost|p1b: Tyranitar|atk|1\n|turn|3\n|\n|t:|1682110745\n|switch|p1a: Gyarados|Gyarados, L50, M|100\/100\n|-ability|p1a: Gyarados|Intimidate|boost\n|-unboost|p2a: Iron Bundle|atk|1\n|-unboost|p2b: Arcanine|atk|1\n|move|p2a: Iron Bundle|Protect|p2a: Iron Bundle\n|-singleturn|p2a: Iron Bundle|Protect\n|move|p2b: Arcanine|Flare Blitz|p1a: Gyarados\n|-resisted|p1a: Gyarados\n|-damage|p1a: Gyarados|84\/100\n|-damage|p2b: Arcanine|95\/100|[from] Recoil\n|move|p1b: Tyranitar|Rock Slide|p2b: Arcanine|[spread] p2b\n|-activate|p2a: Iron Bundle|move: Protect\n|-supereffective|p2b: Arcanine\n|-damage|p2b: Arcanine|55\/100\n|\n|-weather|Sandstorm|[upkeep]\n|-damage|p2a: Iron Bundle|82\/100|[from] Sandstorm\n|-damage|p1a: Gyarados|78\/100|[from] Sandstorm\n|upkeep\n|turn|4\n|\n|t:|1682110767\n|switch|p1a: Gholdengo|Gholdengo, L50|100\/100\n|move|p2a: Iron Bundle|Freeze-Dry|p1a: Gholdengo\n|-resisted|p1a: Gholdengo\n|-damage|p1a: Gholdengo|81\/100\n|move|p2b: Arcanine|Will-O-Wisp|p1b: Tyranitar\n|-status|p1b: Tyranitar|brn\n|move|p1b: Tyranitar|Rock Slide|p2b: Arcanine|[spread] p2a,p2b\n|-supereffective|p2a: Iron Bundle\n|-supereffective|p2b: Arcanine\n|-damage|p2a: Iron Bundle|60\/100\n|-damage|p2b: Arcanine|33\/100\n|\n|-weather|Sandstorm|[upkeep]\n|-damage|p2a: Iron Bundle|54\/100|[from] Sandstorm\n|-damage|p1b: Tyranitar|95\/100 brn|[from] brn\n|upkeep\n|turn|5\n|\n|t:|1682110788\n|move|p1a: Gholdengo|Protect|p1a: Gholdengo\n|-singleturn|p1a: Gholdengo|Protect\n|move|p2a: Iron Bundle|Freeze-Dry|p1b: Tyranitar\n|-damage|p1b: Tyranitar|82\/100 brn\n|move|p2b: Arcanine|Flare Blitz|p1a: Gholdengo\n|-activate|p1a: Gholdengo|move: Protect\n|move|p1b: Tyranitar|Rock Slide|p2b: Arcanine|[spread] p2a\n|-miss|p1b: Tyranitar|p2b: Arcanine\n|-supereffective|p2a: Iron Bundle\n|-damage|p2a: Iron Bundle|29\/100\n|\n|-weather|none\n|-damage|p1b: Tyranitar|76\/100 brn|[from] brn\n|upkeep\n|turn|6\n|\n|t:|1682110807\n|switch|p1a: Gyarados|Gyarados, L50, M|78\/100\n|-ability|p1a: Gyarados|Intimidate|boost\n|-unboost|p2a: Iron Bundle|atk|1\n|-unboost|p2b: Arcanine|atk|1\n|move|p2a: Iron Bundle|Hydro Pump|p1b: Tyranitar|[miss]\n|-miss|p2a: Iron Bundle|p1b: Tyranitar\n|move|p2b: Arcanine|Flare Blitz|p1a: Gyarados\n|-resisted|p1a: Gyarados\n|-damage|p1a: Gyarados|66\/100\n|-damage|p2b: Arcanine|29\/100|[from] Recoil\n|move|p1b: Tyranitar|Rock Slide|p2b: Arcanine|[spread] p2a,p2b\n|-supereffective|p2a: Iron Bundle\n|-supereffective|p2b: Arcanine\n|-damage|p2a: Iron Bundle|6\/100\n|-damage|p2b: Arcanine|9\/100\n|\n|-damage|p1b: Tyranitar|70\/100 brn|[from] brn\n|upkeep\n|turn|7\n|\n|t:|1682110829\n|move|p1a: Gyarados|Protect|p1a: Gyarados\n|-singleturn|p1a: Gyarados|Protect\n|move|p2a: Iron Bundle|Hydro Pump|p1b: Tyranitar|[miss]\n|-miss|p2a: Iron Bundle|p1b: Tyranitar\n|move|p2b: Arcanine|Flare Blitz|p1b: Tyranitar\n|-resisted|p1b: Tyranitar\n|-damage|p1b: Tyranitar|61\/100 brn\n|-damage|p2b: Arcanine|6\/100|[from] Recoil\n|move|p1b: Tyranitar|Rock Slide|p2a: Iron Bundle|[spread] p2a,p2b\n|-supereffective|p2a: Iron Bundle\n|-supereffective|p2b: Arcanine\n|-damage|p2a: Iron Bundle|0 fnt\n|-damage|p2b: Arcanine|0 fnt\n|faint|p2a: Iron Bundle\n|-end|p2a: Iron Bundle|Quark Drive|[silent]\n|faint|p2b: Arcanine\n|\n|-damage|p1b: Tyranitar|56\/100 brn|[from] brn\n|upkeep\n|-message|ICCR forfeited.\n|\n|win|That_Leek\n|raw|That_Leek's rating: 1279 → 1300<\/strong> (+21 for winning)\n|raw|ICCR's rating: 1228 → 1207<\/strong> (-21 for losing)\n|l|\u2606ICCR\n","uploadtime":1682110848,"views":11,"p1id":"thatleek","p2id":"iccr","formatid":"gen9vgc2023regulationc","rating":1207,"private":0,"password":""}