{"id":"gen9vgc2023regulationc-1863985224","p1":"sempr9","p2":"starmaster","format":"[Gen 9] VGC 2023 Regulation C","log":"|j|\u2606sempr9\n|j|\u2606starmaster\n|t:|1684101438\n|gametype|doubles\n|player|p1|sempr9|miriam|\n|player|p2|starmaster|#ssdivserpents|\n|teamsize|p1|6\n|teamsize|p2|6\n|gen|9\n|tier|[Gen 9] VGC 2023 Regulation C\n|rule|Species Clause: Limit one of each Pok\u00e9mon\n|rule|Item Clause: Limit one of each item\n|clearpoke\n|poke|p1|Scream Tail, L50|\n|poke|p1|Iron Bundle, L50|\n|poke|p1|Flutter Mane, L50|\n|poke|p1|Annihilape, L50, F|\n|poke|p1|Chi-Yu, L50|\n|poke|p1|Amoonguss, L50, F|\n|poke|p2|Iron Bundle, L50|\n|poke|p2|Great Tusk, L50|\n|poke|p2|Amoonguss, L50, M|\n|poke|p2|Flutter Mane, L50|\n|poke|p2|Talonflame, L50, M|\n|poke|p2|Kingambit, L50, M|\n|teampreview|4\n|c|\u2606starmaster|g3\nstarmaster has agreed to open team sheets.\nsempr9 has agreed to open team sheets.\n|j| Beka\n|j| xrn\n|j| ck49\n|j| IchigoZangeCorner\n|j| claire tang\n|j| tagmouse27\n|j| Borghi\n|l| Beka\n|\n|t:|1684102337\n|start\n|switch|p1a: Iron Bundle|Iron Bundle, L50, shiny|100\/100\n|switch|p1b: Amoonguss|Amoonguss, L50, F, shiny|100\/100\n|switch|p2a: Iron Bundle|Iron Bundle, L50|100\/100\n|switch|p2b: Kingambit|Kingambit, L50, M|100\/100\n|-enditem|p2a: Iron Bundle|Booster Energy\n|-activate|p2a: Iron Bundle|ability: Quark Drive|[fromitem]\n|-start|p2a: Iron Bundle|quarkdrivespe\n|turn|1\n|j| Beka\n|\n|t:|1684102373\n|move|p1b: Amoonguss|Protect|p1b: Amoonguss\n|-singleturn|p1b: Amoonguss|Protect\n|move|p2a: Iron Bundle|Freeze-Dry|p1b: Amoonguss\n|-activate|p1b: Amoonguss|move: Protect\n|move|p1a: Iron Bundle|Freeze-Dry|p2a: Iron Bundle\n|-damage|p2a: Iron Bundle|41\/100\n|move|p2b: Kingambit|Assurance|p1b: Amoonguss\n|-activate|p1b: Amoonguss|move: Protect\n|\n|upkeep\n|turn|2\n|j|+Stone Cold\n|\n|t:|1684102408\n|move|p1b: Amoonguss|Rage Powder|p1b: Amoonguss\n|-singleturn|p1b: Amoonguss|move: Rage Powder\n|move|p2b: Kingambit|Sucker Punch||[still]\n|-fail|p2b: Kingambit\n|move|p2a: Iron Bundle|Freeze-Dry|p1b: Amoonguss\n|-supereffective|p1b: Amoonguss\n|-damage|p1b: Amoonguss|40\/100\n|move|p1a: Iron Bundle|Freeze-Dry|p2a: Iron Bundle\n|-damage|p2a: Iron Bundle|0 fnt\n|faint|p2a: Iron Bundle\n|-end|p2a: Iron Bundle|Quark Drive|[silent]\n|\n|upkeep\n|\n|t:|1684102423\n|switch|p2a: Talonflame|Talonflame, L50, M|100\/100\n|turn|3\n|l| Beka\n|\n|t:|1684102462\n|move|p1b: Amoonguss|Rage Powder|p1b: Amoonguss\n|-singleturn|p1b: Amoonguss|move: Rage Powder\n|move|p2a: Talonflame|Tailwind|p2a: Talonflame\n|-sidestart|p2: starmaster|move: Tailwind\n|move|p1a: Iron Bundle|Hydro Pump|p2a: Talonflame\n|-supereffective|p2a: Talonflame\n|-damage|p2a: Talonflame|0 fnt\n|faint|p2a: Talonflame\n|move|p2b: Kingambit|Iron Head|p1b: Amoonguss\n|-damage|p1b: Amoonguss|1\/100\n|-damage|p2b: Kingambit|84\/100|[from] item: Rocky Helmet|[of] p1b: Amoonguss\n|\n|upkeep\n|l|+Stone Cold\n|\n|t:|1684102470\n|switch|p2a: Great Tusk|Great Tusk, L50|100\/100\n|turn|4\n|\n|t:|1684102486\n|move|p2a: Great Tusk|Protect|p2a: Great Tusk\n|-singleturn|p2a: Great Tusk|Protect\n|move|p1a: Iron Bundle|Protect|p1a: Iron Bundle\n|-singleturn|p1a: Iron Bundle|Protect\n|move|p1b: Amoonguss|Protect|p1b: Amoonguss\n|-singleturn|p1b: Amoonguss|Protect\n|move|p2b: Kingambit|Iron Head|p1b: Amoonguss\n|-activate|p1b: Amoonguss|move: Protect\n|\n|upkeep\n|turn|5\n|j|+Stone Cold\n|\n|t:|1684102509\n|move|p2a: Great Tusk|Protect||[still]\n|-fail|p2a: Great Tusk\n|move|p1b: Amoonguss|Rage Powder|p1b: Amoonguss\n|-singleturn|p1b: Amoonguss|move: Rage Powder\n|move|p1a: Iron Bundle|Freeze-Dry|p2a: Great Tusk\n|-supereffective|p2a: Great Tusk\n|-damage|p2a: Great Tusk|0 fnt\n|faint|p2a: Great Tusk\n|-end|p2a: Great Tusk|Protosynthesis|[silent]\n|move|p2b: Kingambit|Iron Head|p1b: Amoonguss\n|-damage|p1b: Amoonguss|0 fnt\n|-damage|p2b: Kingambit|68\/100|[from] item: Rocky Helmet|[of] p1b: Amoonguss\n|faint|p1b: Amoonguss\n|\n|upkeep\n|l| xrn\n|\n|t:|1684102514\n|switch|p1b: Annihilape|Annihilape, L50, F|100\/100\n|turn|6\n|l| tagmouse27\n|c|\u2606starmaster|gg\n|-message|starmaster forfeited.\n|\n|win|sempr9\n|l|+Stone Cold\n|c|\u2606sempr9|gg\n|l| ck49\n|l| Borghi\n|l| IchigoZangeCorner\n|l| claire tang\n|j| ima\n|l| ima\n|l|\u2606starmaster\n|j|\u2606starmaster\n|player|p2|starmaster|#ssdivserpents\n","uploadtime":1684102643,"views":33,"p1id":"sempr9","p2id":"starmaster","formatid":"gen9vgc2023regulationc","rating":0,"private":0,"password":""}