{"id":"gen9vgc2023regulationc-1852207700","p1":"jeffman323","p2":"Nepheshel","format":"[Gen 9] VGC 2023 Regulation C","log":"|j|\u2606jeffman323\n|j|\u2606Nepheshel\n|t:|1682533022\n|gametype|doubles\n|player|p1|jeffman323|steven|1638\n|player|p2|Nepheshel|101|1659\n|teamsize|p1|6\n|teamsize|p2|6\n|gen|9\n|tier|[Gen 9] VGC 2023 Regulation C\n|rated|\n|rule|Species Clause: Limit one of each Pok\u00e9mon\n|rule|Item Clause: Limit one of each item\n|clearpoke\n|poke|p1|Hatterene, L50, F|\n|poke|p1|Azumarill, L50, F|\n|poke|p1|Brute Bonnet, L50|\n|poke|p1|Kingambit, L50, F|\n|poke|p1|Iron Hands, L50|\n|poke|p1|Stantler, L50, F|\n|poke|p2|Maushold-Four, L50|\n|poke|p2|Annihilape, L50, F|\n|poke|p2|Chien-Pao, L50|\n|poke|p2|Dragonite, L50, F|\n|poke|p2|Sandy Shocks, L50|\n|poke|p2|Ting-Lu, L50|\n|teampreview|4\njeffman323 has agreed to open team sheets.\n|j| Piccolo Ruiz\n|\n|t:|1682533052\n|start\n|switch|p1a: Iron Hands|Iron Hands, L50|100\/100\n|switch|p1b: Hatterene|Hatterene, L50, F|100\/100\n|switch|p2a: Maushold|Maushold-Four, L50|100\/100\n|switch|p2b: Annihilape|Annihilape, L50, F|100\/100\n|turn|1\n|\n|t:|1682533072\n|-terastallize|p2a: Maushold|Ghost\n|move|p1b: Hatterene|Protect|p1b: Hatterene\n|-singleturn|p1b: Hatterene|Protect\n|move|p2b: Annihilape|Final Gambit|p1a: Iron Hands\n|-damage|p1a: Iron Hands|17\/100\n|faint|p2b: Annihilape\n|move|p2a: Maushold|Population Bomb|p1b: Hatterene\n|-activate|p1b: Hatterene|move: Protect\n|move|p1a: Iron Hands|Thunder Punch|p2a: Maushold\n|-damage|p2a: Maushold|31\/100\n|\n|upkeep\n|\n|t:|1682533079\n|switch|p2b: Dragonite|Dragonite, L50, F|100\/100\n|turn|2\n|\n|t:|1682533100\n|move|p2b: Dragonite|Extreme Speed|p1a: Iron Hands\n|-damage|p1a: Iron Hands|0 fnt\n|faint|p1a: Iron Hands\n|-end|p1a: Iron Hands|Quark Drive|[silent]\n|move|p2a: Maushold|Population Bomb|p1b: Hatterene\n|-damage|p1b: Hatterene|87\/100\n|-damage|p1b: Hatterene|72\/100\n|-damage|p1b: Hatterene|60\/100\n|-damage|p1b: Hatterene|46\/100\n|-damage|p1b: Hatterene|33\/100\n|-damage|p1b: Hatterene|18\/100\n|-damage|p1b: Hatterene|5\/100\n|-damage|p1b: Hatterene|0 fnt\n|faint|p1b: Hatterene\n|-hitcount|p1: Hatterene|8\n|\n|upkeep\n|\n|t:|1682533106\n|switch|p1a: Kingambit|Kingambit, L50, F|100\/100\n|switch|p1b: Azumarill|Azumarill, L50, F|100\/100\n|turn|3\n|j| Withoutexcuse\n|\n|t:|1682533131\n|-terastallize|p1a: Kingambit|Flying\n|move|p2a: Maushold|Protect|p2a: Maushold\n|-singleturn|p2a: Maushold|Protect\n|move|p2b: Dragonite|Extreme Speed|p1b: Azumarill\n|-damage|p1b: Azumarill|52\/100\n|move|p1a: Kingambit|Sucker Punch||[still]\n|-fail|p1a: Kingambit\n|move|p1b: Azumarill|Play Rough|p2b: Dragonite\n|-supereffective|p2b: Dragonite\n|-damage|p2b: Dragonite|46\/100\n|\n|upkeep\n|turn|4\n|\n|t:|1682533157\n|switch|p2a: Chien-Pao|Chien-Pao, L50|100\/100\n|-ability|p2a: Chien-Pao|Sword of Ruin\n|move|p2b: Dragonite|Extreme Speed|p1b: Azumarill\n|-damage|p1b: Azumarill|0 fnt\n|faint|p1b: Azumarill\n|move|p1a: Kingambit|Sucker Punch||[still]\n|-fail|p1a: Kingambit\n|\n|upkeep\n|turn|5\n|j| efrgebgf\n|-message|jeffman323 forfeited.\n|\n|win|Nepheshel\n|raw|jeffman323's rating: 1638 → 1619<\/strong> (-19 for losing)\n|raw|Nepheshel's rating: 1659 → 1678<\/strong> (+19 for winning)\n|l|\u2606jeffman323\n","uploadtime":1682533166,"views":11,"p1id":"jeffman323","p2id":"nepheshel","formatid":"gen9vgc2023regulationc","rating":1619,"private":0,"password":""}