{"id":"gen9vgc2023regulationc-1861497749","p1":"taylor ham guy","p2":"zakpokechile","format":"[Gen 9] VGC 2023 Regulation C","log":"|j|\u2606taylor ham guy\n|j|\u2606zakpokechile\n|t:|1683765220\n|gametype|doubles\n|player|p1|taylor ham guy|wattson|1327\n|player|p2|zakpokechile|grimsley|1241\n|teamsize|p1|6\n|teamsize|p2|6\n|gen|9\n|tier|[Gen 9] VGC 2023 Regulation C\n|rated|\n|rule|Species Clause: Limit one of each Pok\u00e9mon\n|rule|Item Clause: Limit one of each item\n|clearpoke\n|poke|p1|Murkrow, L50, F|\n|poke|p1|Flutter Mane, L50|\n|poke|p1|Great Tusk, L50|\n|poke|p1|Brute Bonnet, L50|\n|poke|p1|Arcanine, L50, M|\n|poke|p1|Dragonite, L50, M|\n|poke|p2|Torkoal, L50, F|\n|poke|p2|Flutter Mane, L50|\n|poke|p2|Great Tusk, L50|\n|poke|p2|Dragonite, L50, F|\n|poke|p2|Ting-Lu, L50|\n|poke|p2|Jumpluff, L50, F|\n|teampreview|4\n|inactive|Battle timer is ON: inactive players will automatically lose when time's up. (requested by zakpokechile)\n|\n|t:|1683765256\n|start\n|switch|p1a: Dragonite|Dragonite, L50, M|100\/100\n|switch|p1b: Great Tusk|Great Tusk, L50|100\/100\n|switch|p2a: Great Tusk|Great Tusk, L50|100\/100\n|switch|p2b: Ting-Lu|Ting-Lu, L50|100\/100\n|-ability|p2b: Ting-Lu|Vessel of Ruin\n|turn|1\n|inactive|taylor ham guy has 30 seconds left.\n|inactive|zakpokechile has 30 seconds left.\n|inactive|taylor ham guy has 20 seconds left.\n|inactive|zakpokechile has 20 seconds left.\n|inactive|taylor ham guy has 15 seconds left.\n|inactive|zakpokechile has 15 seconds left.\n|inactive|taylor ham guy has 10 seconds left.\n|inactive|zakpokechile has 10 seconds left.\n|\n|t:|1683765302\n|switch|p2b: Flutter Mane|Flutter Mane, L50|100\/100\n|move|p1b: Great Tusk|Close Combat|p2b: Flutter Mane\n|-immune|p2b: Flutter Mane\n|move|p2a: Great Tusk|Rock Slide|p1a: Dragonite|[spread] p1a,p1b\n|-supereffective|p1a: Dragonite\n|-resisted|p1b: Great Tusk\n|-damage|p1a: Dragonite|79\/100\n|-damage|p1b: Great Tusk|97\/100\n|move|p1a: Dragonite|Ice Spinner|p2a: Great Tusk\n|-supereffective|p2a: Great Tusk\n|-damage|p2a: Great Tusk|35\/100\n|\n|upkeep\n|turn|2\n|inactive|taylor ham guy has 30 seconds left.\n|inactive|taylor ham guy has 20 seconds left.\n|\n|t:|1683765339\n|-terastallize|p1b: Great Tusk|Fire\n|move|p1b: Great Tusk|Close Combat|p2a: Great Tusk\n|-damage|p2a: Great Tusk|0 fnt\n|-unboost|p1b: Great Tusk|def|1\n|-unboost|p1b: Great Tusk|spd|1\n|faint|p2a: Great Tusk\n|-end|p2a: Great Tusk|Protosynthesis|[silent]\n|move|p2b: Flutter Mane|Moonblast|p1a: Dragonite\n|-supereffective|p1a: Dragonite\n|-damage|p1a: Dragonite|0 fnt\n|faint|p1a: Dragonite\n|\n|upkeep\n|\n|t:|1683765353\n|switch|p2a: Ting-Lu|Ting-Lu, L50|100\/100\n|switch|p1a: Flutter Mane|Flutter Mane, L50|100\/100\n|-ability|p2a: Ting-Lu|Vessel of Ruin\n|turn|3\n|\n|t:|1683765368\n|-terastallize|p2a: Ting-Lu|Fire\n|move|p1b: Great Tusk|Close Combat|p2a: Ting-Lu\n|-damage|p2a: Ting-Lu|62\/100\n|-unboost|p1b: Great Tusk|def|1\n|-unboost|p1b: Great Tusk|spd|1\n|move|p2b: Flutter Mane|Moonblast|p1a: Flutter Mane\n|-damage|p1a: Flutter Mane|51\/100\n|-unboost|p1a: Flutter Mane|spa|1\n|move|p1a: Flutter Mane|Shadow Ball|p2b: Flutter Mane\n|-supereffective|p2b: Flutter Mane\n|-damage|p2b: Flutter Mane|31\/100\n|move|p2a: Ting-Lu|Rock Slide|p1a: Flutter Mane|[spread] p1a,p1b\n|-supereffective|p1b: Great Tusk\n|-damage|p1a: Flutter Mane|18\/100\n|-damage|p1b: Great Tusk|39\/100\n|\n|upkeep\n|turn|4\n|inactive|taylor ham guy has 30 seconds left.\n|\n|t:|1683765399\n|-end|p1b: Great Tusk|Protosynthesis|[silent]\n|switch|p1b: Brute Bonnet|Brute Bonnet, L50|100\/100\n|move|p2b: Flutter Mane|Moonblast|p1a: Flutter Mane\n|-crit|p1a: Flutter Mane\n|-damage|p1a: Flutter Mane|0 fnt\n|faint|p1a: Flutter Mane\n|-end|p1a: Flutter Mane|Protosynthesis|[silent]\n|move|p2a: Ting-Lu|Stomping Tantrum|p1b: Brute Bonnet\n|-resisted|p1b: Brute Bonnet\n|-damage|p1b: Brute Bonnet|83\/100\n|\n|upkeep\n|\n|t:|1683765406\n|switch|p1a: Great Tusk|Great Tusk, L50, tera:Fire|39\/100\n|turn|5\n|inactive|taylor ham guy has 30 seconds left.\n|\n|t:|1683765435\n|-end|p2b: Flutter Mane|Protosynthesis|[silent]\n|switch|p2b: Dragonite|Dragonite, L50, F|100\/100\n|move|p1b: Brute Bonnet|Sucker Punch|p2a: Ting-Lu\n|-damage|p2a: Ting-Lu|38\/100\n|move|p1a: Great Tusk|Earthquake|p2a: Ting-Lu|[spread] p1b,p2a\n|-immune|p2b: Dragonite\n|-resisted|p1b: Brute Bonnet\n|-supereffective|p2a: Ting-Lu\n|-damage|p1b: Brute Bonnet|63\/100\n|-damage|p2a: Ting-Lu|0 fnt\n|faint|p2a: Ting-Lu\n|\n|upkeep\n|\n|t:|1683765440\n|switch|p2a: Flutter Mane|Flutter Mane, L50|31\/100\n|turn|6\n|\n|t:|1683765460\n|move|p1b: Brute Bonnet|Sucker Punch||[still]\n|-fail|p1b: Brute Bonnet\n|move|p1a: Great Tusk|Earthquake|p2a: Flutter Mane|[spread] p1b,p2a\n|-immune|p2b: Dragonite\n|-resisted|p1b: Brute Bonnet\n|-damage|p1b: Brute Bonnet|44\/100\n|-damage|p2a: Flutter Mane|0 fnt\n|-enditem|p1b: Brute Bonnet|Sitrus Berry|[eat]\n|-heal|p1b: Brute Bonnet|69\/100|[from] item: Sitrus Berry\n|faint|p2a: Flutter Mane\n|-end|p2a: Flutter Mane|Protosynthesis|[silent]\n|move|p2b: Dragonite|Dragon Dance|p2b: Dragonite\n|-boost|p2b: Dragonite|atk|1\n|-boost|p2b: Dragonite|spe|1\n|\n|upkeep\n|turn|7\n|\n|t:|1683765480\n|move|p2b: Dragonite|Extreme Speed|p1b: Brute Bonnet\n|-damage|p1b: Brute Bonnet|34\/100\n|move|p1b: Brute Bonnet|Sucker Punch||[still]\n|-fail|p1b: Brute Bonnet\n|move|p1a: Great Tusk|Earthquake|p2b: Dragonite|[spread] p1b\n|-immune|p2b: Dragonite\n|-resisted|p1b: Brute Bonnet\n|-damage|p1b: Brute Bonnet|15\/100\n|\n|upkeep\n|turn|8\n|-message|taylor ham guy forfeited.\n|\n|win|zakpokechile\n|raw|taylor ham guy's rating: 1327 → 1302<\/strong> (-25 for losing)\n|raw|zakpokechile's rating: 1241 → 1272<\/strong> (+31 for winning)\n","uploadtime":1683765496,"views":4,"p1id":"taylorhamguy","p2id":"zakpokechile","formatid":"gen9vgc2023regulationc","rating":1272,"private":0,"password":""}