{"id":"gen9vgc2023regulationc-1849360603","p1":"whosgemini","p2":"rayo4817","format":"[Gen 9] VGC 2023 Regulation C","log":"|j|\u2606whosgemini\n|j|\u2606rayo4817\n|t:|1682189879\n|gametype|doubles\n|player|p1|whosgemini|n|1152\n|player|p2|rayo4817|265|1241\n|teamsize|p1|6\n|teamsize|p2|6\n|gen|9\n|tier|[Gen 9] VGC 2023 Regulation C\n|rated|\n|rule|Species Clause: Limit one of each Pok\u00e9mon\n|rule|Item Clause: Limit one of each item\n|clearpoke\n|poke|p1|Mimikyu, L50, M|\n|poke|p1|Hatterene, L50, F|\n|poke|p1|Torkoal, L50, F|\n|poke|p1|Arcanine, L50, M|\n|poke|p1|Pachirisu, L50, F|\n|poke|p1|Iron Hands, L50|\n|poke|p2|Amoonguss, L50, F|\n|poke|p2|Arcanine, L50, F|\n|poke|p2|Palafin, L50, M|\n|poke|p2|Ting-Lu, L50|\n|poke|p2|Flutter Mane, L50|\n|poke|p2|Iron Hands, L50|\n|teampreview|4\nrayo4817 has agreed to open team sheets.\n|inactive|Battle timer is ON: inactive players will automatically lose when time's up. (requested by whosgemini)\n|\n|t:|1682189893\n|start\n|switch|p1a: Mimikyu|Mimikyu, L50, M|100\/100\n|switch|p1b: Hatterene|Hatterene, L50, F|100\/100\n|switch|p2a: Ting-Lu|Ting-Lu, L50|100\/100\n|switch|p2b: Arcanine|Arcanine, L50, F|100\/100\n|-ability|p2b: Arcanine|Intimidate|boost\n|-unboost|p1a: Mimikyu|atk|1\n|-unboost|p1b: Hatterene|atk|1\n|-ability|p2a: Ting-Lu|Vessel of Ruin\n|turn|1\n|inactive|rayo4817 has 30 seconds left.\n|\n|t:|1682189927\n|-terastallize|p2a: Ting-Lu|Poison\n|move|p1b: Hatterene|Protect|p1b: Hatterene\n|-singleturn|p1b: Hatterene|Protect\n|move|p2b: Arcanine|Howl|p2b: Arcanine|[spread] p2a,p2b\n|-boost|p2a: Ting-Lu|atk|1\n|-boost|p2b: Arcanine|atk|1\n|move|p2a: Ting-Lu|Fissure|p1b: Hatterene\n|-activate|p1b: Hatterene|move: Protect\n|move|p1a: Mimikyu|Trick Room|p1a: Mimikyu\n|-fieldstart|move: Trick Room|[of] p1a: Mimikyu\n|\n|upkeep\n|turn|2\n|\n|t:|1682189949\n|move|p1a: Mimikyu|Shadow Sneak|p1b: Hatterene\n|-supereffective|p1b: Hatterene\n|-damage|p1b: Hatterene|81\/100\n|-enditem|p1b: Hatterene|Weakness Policy\n|-boost|p1b: Hatterene|atk|2|[from] item: Weakness Policy\n|-boost|p1b: Hatterene|spa|2|[from] item: Weakness Policy\n|move|p1b: Hatterene|Psychic|p2a: Ting-Lu\n|-supereffective|p2a: Ting-Lu\n|-damage|p2a: Ting-Lu|9\/100\n|move|p2a: Ting-Lu|Heavy Slam|p1b: Hatterene\n|-supereffective|p1b: Hatterene\n|-damage|p1b: Hatterene|0 fnt\n|faint|p1b: Hatterene\n|move|p2b: Arcanine|Flare Blitz|p1a: Mimikyu\n|-activate|p1a: Mimikyu|ability: Disguise\n|-damage|p1a: Mimikyu|100\/100\n|detailschange|p1a: Mimikyu|Mimikyu-Busted, L50, M\n|-damage|p1a: Mimikyu|88\/100|[from] pokemon: Mimikyu-Busted\n|\n|upkeep\n|\n|t:|1682189965\n|switch|p1b: Iron Hands|Iron Hands, L50|100\/100\n|turn|3\n|\n|t:|1682189974\n|switch|p2a: Amoonguss|Amoonguss, L50, F|100\/100\n|move|p1b: Iron Hands|Swords Dance|p1b: Iron Hands\n|-boost|p1b: Iron Hands|atk|2\n|move|p1a: Mimikyu|Will-O-Wisp|p2a: Amoonguss\n|-status|p2a: Amoonguss|brn\n|move|p2b: Arcanine|Flare Blitz|p1a: Mimikyu\n|-damage|p1a: Mimikyu|31\/100\n|-status|p1a: Mimikyu|brn\n|-damage|p2b: Arcanine|85\/100|[from] Recoil\n|\n|-damage|p2a: Amoonguss|95\/100 brn|[from] brn\n|-damage|p1a: Mimikyu|25\/100 brn|[from] brn\n|upkeep\n|turn|4\n|\n|t:|1682189999\n|move|p1b: Iron Hands|Protect|p1b: Iron Hands\n|-singleturn|p1b: Iron Hands|Protect\n|move|p2a: Amoonguss|Pollen Puff|p1a: Mimikyu\n|-resisted|p1a: Mimikyu\n|-damage|p1a: Mimikyu|20\/100 brn\n|move|p1a: Mimikyu|Taunt|p2a: Amoonguss\n|-start|p2a: Amoonguss|move: Taunt\n|move|p2b: Arcanine|Will-O-Wisp|p1b: Iron Hands\n|-activate|p1b: Iron Hands|move: Protect\n|\n|-damage|p2a: Amoonguss|89\/100 brn|[from] brn\n|-damage|p1a: Mimikyu|14\/100 brn|[from] brn\n|upkeep\n|turn|5\n|inactive|whosgemini has 30 seconds left.\n|\n|t:|1682190034\n|switch|p2a: Ting-Lu|Ting-Lu, L50, tera:Poison|9\/100\n|-ability|p2a: Ting-Lu|Vessel of Ruin\n|move|p2b: Arcanine|Protect|p2b: Arcanine\n|-singleturn|p2b: Arcanine|Protect\n|move|p1b: Iron Hands|Drain Punch|p2b: Arcanine\n|-activate|p2b: Arcanine|move: Protect\n|move|p1a: Mimikyu|Taunt|p2b: Arcanine\n|-activate|p2b: Arcanine|move: Protect\n|\n|-damage|p1a: Mimikyu|8\/100 brn|[from] brn\n|-fieldend|move: Trick Room\n|upkeep\n|turn|6\n|\n|t:|1682190054\n|-terastallize|p1b: Iron Hands|Fighting\n|move|p2b: Arcanine|Howl|p2b: Arcanine|[spread] p2a,p2b\n|-boost|p2a: Ting-Lu|atk|1\n|-boost|p2b: Arcanine|atk|1\n|move|p2a: Ting-Lu|Fissure|p1b: Iron Hands|[miss]\n|-miss|p2a: Ting-Lu|p1b: Iron Hands\n|move|p1b: Iron Hands|Drain Punch|p2b: Arcanine\n|-damage|p2b: Arcanine|0 fnt\n|faint|p2b: Arcanine\n|-damage|p1b: Iron Hands|91\/100|[from] item: Life Orb\n|move|p1a: Mimikyu|Trick Room|p1a: Mimikyu\n|-fieldstart|move: Trick Room|[of] p1a: Mimikyu\n|\n|-damage|p1a: Mimikyu|2\/100 brn|[from] brn\n|upkeep\n|\n|t:|1682190062\n|switch|p2b: Amoonguss|Amoonguss, L50, F|100\/100 brn\n|turn|7\n|inactive|whosgemini has 30 seconds left.\n|inactive|whosgemini has 20 seconds left.\n|\n|t:|1682190097\n|move|p2b: Amoonguss|Rage Powder|p2b: Amoonguss\n|-singleturn|p2b: Amoonguss|move: Rage Powder\n|move|p1b: Iron Hands|Thunder Punch|p2b: Amoonguss\n|-resisted|p2b: Amoonguss\n|-damage|p2b: Amoonguss|47\/100 brn\n|-enditem|p2b: Amoonguss|Sitrus Berry|[eat]\n|-heal|p2b: Amoonguss|72\/100 brn|[from] item: Sitrus Berry\n|-damage|p1b: Iron Hands|81\/100|[from] item: Life Orb\n|move|p2a: Ting-Lu|Stomping Tantrum|p1b: Iron Hands\n|-damage|p1b: Iron Hands|22\/100\n|move|p1a: Mimikyu|Taunt|p2b: Amoonguss\n|-start|p2b: Amoonguss|move: Taunt\n|\n|-damage|p2b: Amoonguss|66\/100 brn|[from] brn\n|-damage|p1a: Mimikyu|0 fnt|[from] brn\n|faint|p1a: Mimikyu\n|upkeep\n|\n|t:|1682190114\n|switch|p1a: Pachirisu|Pachirisu, L50, F|100\/100\n|turn|8\n|\n|t:|1682190129\n|switch|p2b: Flutter Mane|Flutter Mane, L50|100\/100\n|-enditem|p2b: Flutter Mane|Booster Energy\n|-activate|p2b: Flutter Mane|ability: Protosynthesis|[fromitem]\n|-start|p2b: Flutter Mane|protosynthesisspa\n|move|p1b: Iron Hands|Thunder Punch|p2a: Ting-Lu\n|-damage|p2a: Ting-Lu|0 fnt\n|faint|p2a: Ting-Lu\n|-damage|p1b: Iron Hands|12\/100|[from] item: Life Orb\n|move|p1a: Pachirisu|Super Fang|p2b: Flutter Mane\n|-immune|p2b: Flutter Mane\n|\n|upkeep\n|\n|t:|1682190134\n|switch|p2a: Amoonguss|Amoonguss, L50, F|99\/100 brn\n|turn|9\n|\n|t:|1682190146\n|move|p2b: Flutter Mane|Protect|p2b: Flutter Mane\n|-singleturn|p2b: Flutter Mane|Protect\n|move|p1a: Pachirisu|Follow Me|p1a: Pachirisu\n|-singleturn|p1a: Pachirisu|move: Follow Me\n|move|p2a: Amoonguss|Spore|p1a: Pachirisu\n|-status|p1a: Pachirisu|slp|[from] move: Spore\n|move|p1b: Iron Hands|Thunder Punch|p2b: Flutter Mane\n|-activate|p2b: Flutter Mane|move: Protect\n|\n|-damage|p2a: Amoonguss|93\/100 brn|[from] brn\n|upkeep\n|turn|10\n|inactive|rayo4817 has 30 seconds left.\n|\n|t:|1682190174\n|move|p1b: Iron Hands|Protect|p1b: Iron Hands\n|-singleturn|p1b: Iron Hands|Protect\n|cant|p1a: Pachirisu|slp\n|move|p2a: Amoonguss|Spore|p1b: Iron Hands\n|-activate|p1b: Iron Hands|move: Protect\n|move|p2b: Flutter Mane|Moonblast|p1b: Iron Hands\n|-activate|p1b: Iron Hands|move: Protect\n|\n|-damage|p2a: Amoonguss|87\/100 brn|[from] brn\n|-fieldend|move: Trick Room\n|upkeep\n|turn|11\n|\n|t:|1682190189\n|-curestatus|p1a: Pachirisu|slp|[msg]\n|move|p1a: Pachirisu|Follow Me|p1a: Pachirisu\n|-singleturn|p1a: Pachirisu|move: Follow Me\n|move|p2b: Flutter Mane|Moonblast|p1a: Pachirisu\n|-damage|p1a: Pachirisu|30\/100\n|-enditem|p1a: Pachirisu|Sitrus Berry|[eat]\n|-heal|p1a: Pachirisu|54\/100|[from] item: Sitrus Berry\n|move|p1b: Iron Hands|Thunder Punch|p2b: Flutter Mane\n|-damage|p2b: Flutter Mane|0 fnt\n|faint|p2b: Flutter Mane\n|-end|p2b: Flutter Mane|Protosynthesis|[silent]\n|-damage|p1b: Iron Hands|2\/100|[from] item: Life Orb\n|move|p2a: Amoonguss|Spore|p1a: Pachirisu\n|-status|p1a: Pachirisu|slp|[from] move: Spore\n|\n|-damage|p2a: Amoonguss|81\/100 brn|[from] brn\n|upkeep\n|turn|12\n|\n|t:|1682190209\n|move|p1b: Iron Hands|Protect|p1b: Iron Hands\n|-singleturn|p1b: Iron Hands|Protect\n|cant|p1a: Pachirisu|slp\n|move|p2a: Amoonguss|Pollen Puff|p1b: Iron Hands\n|-activate|p1b: Iron Hands|move: Protect\n|\n|-damage|p2a: Amoonguss|75\/100 brn|[from] brn\n|upkeep\n|turn|13\n|\n|t:|1682190220\n|cant|p1a: Pachirisu|slp\n|move|p1b: Iron Hands|Drain Punch|p2a: Amoonguss\n|-resisted|p2a: Amoonguss\n|-damage|p2a: Amoonguss|14\/100 brn\n|-heal|p1b: Iron Hands|27\/100|[from] drain|[of] p2a: Amoonguss\n|-damage|p1b: Iron Hands|17\/100|[from] item: Life Orb\n|move|p2a: Amoonguss|Pollen Puff|p1b: Iron Hands\n|-resisted|p1b: Iron Hands\n|-damage|p1b: Iron Hands|10\/100\n|\n|-damage|p2a: Amoonguss|8\/100 brn|[from] brn\n|upkeep\n|turn|14\n|-message|rayo4817 forfeited.\n|\n|win|whosgemini\n|raw|whosgemini's rating: 1152 → 1183<\/strong> (+31 for winning)\n|raw|rayo4817's rating: 1241 → 1210<\/strong> (-31 for losing)\n|l|\u2606rayo4817\n","uploadtime":1682190233,"views":11,"p1id":"whosgemini","p2id":"rayo4817","formatid":"gen9vgc2023regulationc","rating":1183,"private":0,"password":""}