{"id":"gen9vgc2023regulationc-1849253929","p1":"Gill x Mayhem","p2":"Jbenn","format":"[Gen 9] VGC 2023 Regulation C","log":"|j|\u2606Gill x Mayhem\n|j|\u2606Jbenn\n|t:|1682178222\n|gametype|doubles\n|player|p1|Gill x Mayhem|102|1507\n|player|p2|Jbenn|steven|1520\n|teamsize|p1|6\n|teamsize|p2|6\n|gen|9\n|tier|[Gen 9] VGC 2023 Regulation C\n|rated|\n|rule|Species Clause: Limit one of each Pok\u00e9mon\n|rule|Item Clause: Limit one of each item\n|clearpoke\n|poke|p1|Chien-Pao, L50|\n|poke|p1|Dragonite, L50, F|\n|poke|p1|Farigiraf, L50, M|\n|poke|p1|Annihilape, L50, M|\n|poke|p1|Iron Hands, L50|\n|poke|p1|Baxcalibur, L50, M|\n|poke|p2|Roaring Moon, L50|\n|poke|p2|Gholdengo, L50|\n|poke|p2|Great Tusk, L50|\n|poke|p2|Hariyama, L50, M|\n|poke|p2|Mimikyu, L50, M|\n|poke|p2|Gyarados, L50, M|\n|teampreview|4\n|inactive|Battle timer is ON: inactive players will automatically lose when time's up. (requested by Gill x Mayhem)\nJbenn has agreed to open team sheets.\n|inactive|Jbenn has 60 seconds left.\n|inactive|Jbenn has 30 seconds left.\n|inactive|Jbenn has 20 seconds left.\n|inactive|Jbenn has 15 seconds left.\n|inactive|Jbenn has 10 seconds left.\n|\n|t:|1682178327\n|start\n|switch|p1a: Farigiraf|Farigiraf, L50, M|100\/100\n|switch|p1b: Annihilape|Annihilape, L50, M|100\/100\n|switch|p2a: Roaring Moon|Roaring Moon, L50|100\/100\n|switch|p2b: Great Tusk|Great Tusk, L50|100\/100\n|-enditem|p2a: Roaring Moon|Booster Energy\n|-activate|p2a: Roaring Moon|ability: Protosynthesis|[fromitem]\n|-start|p2a: Roaring Moon|protosynthesisspe\n|turn|1\n|\n|t:|1682178344\n|move|p1b: Annihilape|Protect|p1b: Annihilape\n|-singleturn|p1b: Annihilape|Protect\n|move|p2a: Roaring Moon|Throat Chop|p1a: Farigiraf\n|-supereffective|p1a: Farigiraf\n|-enditem|p1a: Farigiraf|Colbur Berry|[eat]\n|-enditem|p1a: Farigiraf|Colbur Berry|[weaken]\n|-damage|p1a: Farigiraf|64\/100\n|-start|p1a: Farigiraf|Throat Chop|[silent]\n|move|p2b: Great Tusk|Headlong Rush|p1a: Farigiraf\n|-damage|p1a: Farigiraf|0 fnt\n|-unboost|p2b: Great Tusk|def|1\n|-unboost|p2b: Great Tusk|spd|1\n|faint|p1a: Farigiraf\n|-damage|p2b: Great Tusk|90\/100|[from] item: Life Orb\n|\n|upkeep\n|\n|t:|1682178358\n|switch|p1a: Iron Hands|Iron Hands, L50|100\/100\n|-enditem|p1a: Iron Hands|Booster Energy\n|-activate|p1a: Iron Hands|ability: Quark Drive|[fromitem]\n|-start|p1a: Iron Hands|quarkdriveatk\n|turn|2\n|\n|t:|1682178366\n|-terastallize|p1a: Iron Hands|Grass\n|move|p2a: Roaring Moon|Protect|p2a: Roaring Moon\n|-singleturn|p2a: Roaring Moon|Protect\n|move|p2b: Great Tusk|Protect|p2b: Great Tusk\n|-singleturn|p2b: Great Tusk|Protect\n|move|p1b: Annihilape|Bulk Up|p1b: Annihilape\n|-boost|p1b: Annihilape|atk|1\n|-boost|p1b: Annihilape|def|1\n|move|p1a: Iron Hands|Ice Punch|p2b: Great Tusk\n|-activate|p2b: Great Tusk|move: Protect\n|\n|upkeep\n|turn|3\n|inactive|Jbenn has 30 seconds left.\n|inactive|Jbenn has 20 seconds left.\n|inactive|Jbenn has 15 seconds left.\n|\n|t:|1682178406\n|-end|p2b: Great Tusk|Protosynthesis|[silent]\n|switch|p2b: Hariyama|Hariyama, L50, M, shiny|100\/100\n|-terastallize|p2a: Roaring Moon|Flying\n|move|p2a: Roaring Moon|Acrobatics|p1a: Iron Hands\n|-supereffective|p1a: Iron Hands\n|-damage|p1a: Iron Hands|20\/100\n|move|p1b: Annihilape|Drain Punch|p2a: Roaring Moon\n|-resisted|p2a: Roaring Moon\n|-crit|p2a: Roaring Moon\n|-damage|p2a: Roaring Moon|56\/100\n|move|p1a: Iron Hands|Ice Punch|p2b: Hariyama\n|-damage|p2b: Hariyama|81\/100\n|\n|upkeep\n|turn|4\n|\n|t:|1682178431\n|move|p2b: Hariyama|Fake Out|p1a: Iron Hands\n|-damage|p1a: Iron Hands|11\/100\n|move|p2a: Roaring Moon|Acrobatics|p1b: Annihilape\n|-supereffective|p1b: Annihilape\n|-damage|p1b: Annihilape|28\/100\n|move|p1b: Annihilape|Bulk Up|p1b: Annihilape\n|-boost|p1b: Annihilape|atk|1\n|-boost|p1b: Annihilape|def|1\n|cant|p1a: Iron Hands|flinch\n|\n|-heal|p1b: Annihilape|34\/100|[from] item: Leftovers\n|upkeep\n|turn|5\n|j| Conquistatore\n|inactive|Jbenn has 30 seconds left.\n|\n|t:|1682178457\n|move|p2a: Roaring Moon|Protect|p2a: Roaring Moon\n|-singleturn|p2a: Roaring Moon|Protect\n|move|p1b: Annihilape|Protect|p1b: Annihilape\n|-singleturn|p1b: Annihilape|Protect\n|move|p2b: Hariyama|Close Combat|p1a: Iron Hands\n|-damage|p1a: Iron Hands|0 fnt\n|-unboost|p2b: Hariyama|def|1\n|-unboost|p2b: Hariyama|spd|1\n|faint|p1a: Iron Hands\n|-end|p1a: Iron Hands|Quark Drive|[silent]\n|\n|-heal|p1b: Annihilape|40\/100|[from] item: Leftovers\n|upkeep\n|\n|t:|1682178465\n|switch|p1a: Baxcalibur|Baxcalibur, L50, M|100\/100\n|turn|6\n|inactive|Jbenn has 30 seconds left.\n|inactive|Jbenn has 20 seconds left.\n|inactive|Jbenn has 15 seconds left.\n|j| DesertGardener\n|inactive|Jbenn has 10 seconds left.\n|inactive|Jbenn has 5 seconds left.\n|\n|t:|1682178518\n|-end|p2a: Roaring Moon|Protosynthesis|[silent]\n|switch|p2a: Gyarados|Gyarados, L50, M, shiny|100\/100\n|-ability|p2a: Gyarados|Intimidate|boost\n|-unboost|p1a: Baxcalibur|atk|1\n|-unboost|p1b: Annihilape|atk|1\n|-ability|p1b: Annihilape|Defiant|boost\n|-boost|p1b: Annihilape|atk|2\n|switch|p2b: Great Tusk|Great Tusk, L50|90\/100\n|move|p1a: Baxcalibur|Ice Shard|p2a: Gyarados\n|-damage|p2a: Gyarados|85\/100\n|move|p1b: Annihilape|Drain Punch|p2b: Great Tusk\n|-damage|p2b: Great Tusk|33\/100\n|-heal|p1b: Annihilape|70\/100|[from] drain|[of] p2b: Great Tusk\n|\n|-heal|p1b: Annihilape|76\/100|[from] item: Leftovers\n|upkeep\n|turn|7\n|\n|t:|1682178541\n|move|p2b: Great Tusk|Protect|p2b: Great Tusk\n|-singleturn|p2b: Great Tusk|Protect\n|move|p1a: Baxcalibur|Ice Shard|p2b: Great Tusk\n|-activate|p2b: Great Tusk|move: Protect\n|move|p2a: Gyarados|Thunder Wave|p1b: Annihilape\n|-status|p1b: Annihilape|par\n|move|p1b: Annihilape|Rage Fist|p2a: Gyarados\n|-damage|p2a: Gyarados|0 fnt\n|faint|p2a: Gyarados\n|\n|-heal|p1b: Annihilape|82\/100 par|[from] item: Leftovers\n|upkeep\n|l| DesertGardener\n|\n|t:|1682178555\n|switch|p2a: Hariyama|Hariyama, L50, M, shiny|81\/100\n|turn|8\n|\n|t:|1682178567\n|move|p1a: Baxcalibur|Ice Shard|p2b: Great Tusk\n|-supereffective|p2b: Great Tusk\n|-damage|p2b: Great Tusk|12\/100\n|move|p2b: Great Tusk|Headlong Rush|p1a: Baxcalibur\n|-damage|p1a: Baxcalibur|30\/100\n|-unboost|p2b: Great Tusk|def|1\n|-unboost|p2b: Great Tusk|spd|1\n|-damage|p2b: Great Tusk|2\/100|[from] item: Life Orb\n|move|p2a: Hariyama|Close Combat|p1a: Baxcalibur\n|-supereffective|p1a: Baxcalibur\n|-damage|p1a: Baxcalibur|0 fnt\n|-unboost|p2a: Hariyama|def|1\n|-unboost|p2a: Hariyama|spd|1\n|faint|p1a: Baxcalibur\n|cant|p1b: Annihilape|par\n|\n|-heal|p1b: Annihilape|88\/100 par|[from] item: Leftovers\n|upkeep\n|turn|9\n|\n|t:|1682178591\n|move|p2b: Great Tusk|Headlong Rush|p1b: Annihilape\n|-damage|p1b: Annihilape|45\/100 par\n|-unboost|p2b: Great Tusk|def|1\n|-unboost|p2b: Great Tusk|spd|1\n|-damage|p2b: Great Tusk|0 fnt|[from] item: Life Orb\n|faint|p2b: Great Tusk\n|-end|p2b: Great Tusk|Protosynthesis|[silent]\n|move|p2a: Hariyama|Iron Head|p1b: Annihilape\n|-damage|p1b: Annihilape|31\/100 par\n|cant|p1b: Annihilape|par\n|\n|-heal|p1b: Annihilape|37\/100 par|[from] item: Leftovers\n|upkeep\n|\n|t:|1682178602\n|switch|p2b: Roaring Moon|Roaring Moon, L50, tera:Flying|56\/100\n|turn|10\n|\n|t:|1682178609\n|move|p1b: Annihilape|Protect|p1b: Annihilape\n|-singleturn|p1b: Annihilape|Protect\n|move|p2b: Roaring Moon|Acrobatics|p1b: Annihilape\n|-activate|p1b: Annihilape|move: Protect\n|move|p2a: Hariyama|Iron Head|p1b: Annihilape\n|-activate|p1b: Annihilape|move: Protect\n|\n|-heal|p1b: Annihilape|43\/100 par|[from] item: Leftovers\n|upkeep\n|turn|11\n|\n|t:|1682178623\n|move|p2b: Roaring Moon|Acrobatics|p1b: Annihilape\n|-supereffective|p1b: Annihilape\n|-damage|p1b: Annihilape|0 fnt\n|faint|p1b: Annihilape\n|\n|win|Jbenn\n|raw|Gill x Mayhem's rating: 1507 → 1488<\/strong> (-19 for losing)\n|raw|Jbenn's rating: 1520 → 1539<\/strong> (+19 for winning)\n|l|\u2606Gill x Mayhem\n","uploadtime":1682178631,"views":4,"p1id":"gillxmayhem","p2id":"jbenn","formatid":"gen9vgc2023regulationc","rating":1488,"private":0,"password":""}