{"id":"gen9vgc2023regulationc-1854077689","p1":"noahthenumbat","p2":"Kyogre Canucks","format":"[Gen 9] VGC 2023 Regulation C","log":"|j|\u2606noahthenumbat\n|j|\u2606Kyogre Canucks\n|t:|1682765150\n|gametype|doubles\n|player|p1|noahthenumbat|backersf|\n|player|p2|Kyogre Canucks|flannery|\n|teamsize|p1|6\n|teamsize|p2|6\n|gen|9\n|tier|[Gen 9] VGC 2023 Regulation C\n|rule|Species Clause: Limit one of each Pok\u00e9mon\n|rule|Item Clause: Limit one of each item\n|clearpoke\n|poke|p1|Dondozo, L50, M|\n|poke|p1|Tatsugiri-Stretchy, L50, M|\n|poke|p1|Abomasnow, L50, F|\n|poke|p1|Ceruledge, L50, F|\n|poke|p1|Pawmot, L50, F|\n|poke|p1|Salazzle, L50, F|\n|poke|p2|Kilowattrel, L50, F|\n|poke|p2|Great Tusk, L50|\n|poke|p2|Vaporeon, L50, F|\n|poke|p2|Umbreon, L50, F|\n|poke|p2|Torkoal, L50, F|\n|poke|p2|Persian, L50, F|\n|teampreview|4\n|c|\u2606noahthenumbat|glhf\n|c|\u2606Kyogre Canucks|g1\n|c|\u2606Kyogre Canucks|glhf\nnoahthenumbat rejected open team sheets.\n|\n|t:|1682765269\n|start\n|switch|p1a: Salazzle|Salazzle, L50, F|100\/100\n|switch|p1b: Dondozo|Dondozo, L50, M|100\/100\n|switch|p2a: Mom's Fav|Persian, L50, F|100\/100\n|switch|p2b: No Cuffs or Tail|Torkoal, L50, F|100\/100\n|-weather|SunnyDay|[from] ability: Drought|[of] p2b: No Cuffs or Tail\n|turn|1\n|j| kevsmoreno\n|c| kevsmoreno|Hello!?\n|c|\u2606noahthenumbat|o\/\n|c|\u2606Kyogre Canucks|ayyo\n|\n|t:|1682765314\n|move|p1b: Dondozo|Protect|p1b: Dondozo\n|-singleturn|p1b: Dondozo|Protect\n|move|p2a: Mom's Fav|Fake Out|p1b: Dondozo\n|-activate|p1b: Dondozo|move: Protect\n|move|p1a: Salazzle|Toxic Spikes|p2b: No Cuffs or Tail\n|-sidestart|p2: Kyogre Canucks|move: Toxic Spikes\n|move|p2b: No Cuffs or Tail|Overheat|p1b: Dondozo\n|-activate|p1b: Dondozo|move: Protect\n|\n|-weather|SunnyDay|[upkeep]\n|upkeep\n|turn|2\n|\n|t:|1682765369\n|move|p1a: Salazzle|Toxic Spikes|p2a: Mom's Fav\n|-sidestart|p2: Kyogre Canucks|move: Toxic Spikes\n|move|p2a: Mom's Fav|Icy Wind|p1b: Dondozo|[spread] p1b\n|-miss|p2a: Mom's Fav|p1a: Salazzle\n|-resisted|p1b: Dondozo\n|-damage|p1b: Dondozo|97\/100\n|-unboost|p1b: Dondozo|spe|1\n|move|p1b: Dondozo|Fissure|p2b: No Cuffs or Tail\n|-damage|p2b: No Cuffs or Tail|0 fnt\n|faint|p2b: No Cuffs or Tail\n|-ohko\n|\n|-weather|SunnyDay|[upkeep]\n|-heal|p1b: Dondozo|100\/100|[from] item: Leftovers\n|upkeep\n|\n|t:|1682765377\n|switch|p2b: THE BOY!!!!|Great Tusk, L50|100\/100\n|-status|p2b: THE BOY!!!!|tox\n|-activate|p2b: THE BOY!!!!|ability: Protosynthesis\n|-start|p2b: THE BOY!!!!|protosynthesisatk\n|turn|3\n|c|\u2606Kyogre Canucks|Ohhh thats the game we playing\n|c| kevsmoreno|Kekw\n|l| kevsmoreno\n|j| kevsmoreno\n|\n|t:|1682765409\n|move|p1a: Salazzle|Protect|p1a: Salazzle\n|-singleturn|p1a: Salazzle|Protect\n|move|p1b: Dondozo|Protect|p1b: Dondozo\n|-singleturn|p1b: Dondozo|Protect\n|move|p2a: Mom's Fav|Feint|p1b: Dondozo\n|-activate|p1b: Dondozo|move: Feint\n|-damage|p1b: Dondozo|92\/100\n|move|p2b: THE BOY!!!!|Close Combat|p1b: Dondozo\n|-damage|p1b: Dondozo|37\/100\n|-unboost|p2b: THE BOY!!!!|def|1\n|-unboost|p2b: THE BOY!!!!|spd|1\n|\n|-weather|SunnyDay|[upkeep]\n|-heal|p1b: Dondozo|44\/100|[from] item: Leftovers\n|-damage|p2b: THE BOY!!!!|95\/100 tox|[from] psn\n|upkeep\n|turn|4\n|\n|t:|1682765489\n|switch|p1b: Tatsugiri|Tatsugiri-Stretchy, L50, M|100\/100\n|move|p2b: THE BOY!!!!|Protect|p2b: THE BOY!!!!\n|-singleturn|p2b: THE BOY!!!!|Protect\n|move|p1a: Salazzle|Poison Gas|p2a: Mom's Fav|[spread] p2a\n|-activate|p2b: THE BOY!!!!|move: Protect\n|-status|p2a: Mom's Fav|psn\n|move|p2a: Mom's Fav|Icy Wind|p1a: Salazzle|[spread] p1a,p1b\n|-resisted|p1a: Salazzle\n|-damage|p1a: Salazzle|91\/100\n|-damage|p1b: Tatsugiri|91\/100\n|-unboost|p1a: Salazzle|spe|1\n|-unboost|p1b: Tatsugiri|spe|1\n|\n|-weather|SunnyDay|[upkeep]\n|-damage|p2a: Mom's Fav|88\/100 psn|[from] psn\n|-damage|p2b: THE BOY!!!!|83\/100 tox|[from] psn\n|upkeep\n|turn|5\n|\n|t:|1682765545\n|switch|p1a: Dondozo|Dondozo, L50, M|44\/100\n|-activate|p1b: Tatsugiri|ability: Commander|[of] p1a: Dondozo\n|-boost|p1a: Dondozo|atk|2\n|-boost|p1a: Dondozo|spa|2\n|-boost|p1a: Dondozo|spe|2\n|-boost|p1a: Dondozo|def|2\n|-boost|p1a: Dondozo|spd|2\n|move|p2a: Mom's Fav|Snarl|p1b: Tatsugiri|[spread] p1a\n|-miss|p2a: Mom's Fav|p1b: Tatsugiri\n|-damage|p1a: Dondozo|40\/100\n|-unboost|p1a: Dondozo|spa|1\n|move|p2b: THE BOY!!!!|Headlong Rush|p1a: Dondozo\n|-damage|p1a: Dondozo|11\/100\n|-unboost|p2b: THE BOY!!!!|def|1\n|-unboost|p2b: THE BOY!!!!|spd|1\n|\n|-weather|none\n|-end|p2b: THE BOY!!!!|Protosynthesis\n|-heal|p1a: Dondozo|17\/100|[from] item: Leftovers\n|-damage|p2a: Mom's Fav|76\/100 psn|[from] psn\n|-damage|p2b: THE BOY!!!!|66\/100 tox|[from] psn\n|upkeep\n|turn|6\n|\n|t:|1682765572\n|move|p2b: THE BOY!!!!|Protect|p2b: THE BOY!!!!\n|-singleturn|p2b: THE BOY!!!!|Protect\n|move|p2a: Mom's Fav|Icy Wind|p1b: Tatsugiri|[spread] p1a\n|-miss|p2a: Mom's Fav|p1b: Tatsugiri\n|-resisted|p1a: Dondozo\n|-damage|p1a: Dondozo|16\/100\n|-unboost|p1a: Dondozo|spe|1\n|move|p1a: Dondozo|Surf|p2b: THE BOY!!!!|[spread] p2a\n|-miss|p1a: Dondozo|p1b: Tatsugiri\n|-activate|p2b: THE BOY!!!!|move: Protect\n|-damage|p2a: Mom's Fav|50\/100 psn\n|\n|-heal|p1a: Dondozo|22\/100|[from] item: Leftovers\n|-damage|p2a: Mom's Fav|38\/100 psn|[from] psn\n|-damage|p2b: THE BOY!!!!|43\/100 tox|[from] psn\n|upkeep\n|turn|7\n|\n|t:|1682765598\n|move|p2a: Mom's Fav|Feint|p1a: Dondozo\n|-damage|p1a: Dondozo|17\/100\n|move|p2b: THE BOY!!!!|Close Combat|p1a: Dondozo\n|-damage|p1a: Dondozo|0 fnt\n|-unboost|p2b: THE BOY!!!!|def|1\n|-unboost|p2b: THE BOY!!!!|spd|1\n|faint|p1a: Dondozo\n|\n|-damage|p2a: Mom's Fav|25\/100 psn|[from] psn\n|-damage|p2b: THE BOY!!!!|14\/100 tox|[from] psn\n|upkeep\n|\n|t:|1682765608\n|switch|p1a: Pawmot|Pawmot, L50, F|100\/100\n|turn|8\n|\n|t:|1682765618\n|move|p1a: Pawmot|Fake Out|p2b: THE BOY!!!!\n|-damage|p2b: THE BOY!!!!|0 fnt\n|faint|p2b: THE BOY!!!!\n|-end|p2b: THE BOY!!!!|Protosynthesis|[silent]\n|move|p2a: Mom's Fav|Feint|p1b: Tatsugiri\n|-damage|p1b: Tatsugiri|72\/100\n|move|p1b: Tatsugiri|Muddy Water|p2a: Mom's Fav|[miss]\n|-miss|p1b: Tatsugiri|p2a: Mom's Fav\n|\n|-damage|p2a: Mom's Fav|13\/100 psn|[from] psn\n|upkeep\n|\n|t:|1682765620\n|switch|p2b: PP Rings|Umbreon, L50, F, shiny|100\/100\n|-status|p2b: PP Rings|tox\n|turn|9\n|\n|t:|1682765631\n|move|p1b: Tatsugiri|Protect|p1b: Tatsugiri\n|-singleturn|p1b: Tatsugiri|Protect\n|move|p2a: Mom's Fav|Icy Wind|p1b: Tatsugiri|[spread] p1a\n|-activate|p1b: Tatsugiri|move: Protect\n|-damage|p1a: Pawmot|84\/100\n|-unboost|p1a: Pawmot|spe|1\n|move|p1a: Pawmot|Revival Blessing|p1a: Pawmot\n|-enditem|p1a: Pawmot|Leppa Berry|[eat]\n|-activate|p1a: Pawmot|item: Leppa Berry|Revival Blessing|[consumed]\n|\n|t:|1682765634\n|-heal|p1: Dondozo|50\/100|[from] move: Revival Blessing\n|move|p2b: PP Rings|Foul Play|p1b: Tatsugiri\n|-activate|p1b: Tatsugiri|move: Protect\n|\n|-damage|p2a: Mom's Fav|1\/100 psn|[from] psn\n|-damage|p2b: PP Rings|95\/100 tox|[from] psn\n|upkeep\n|turn|10\n|\n|t:|1682765652\n|switch|p1a: Salazzle|Salazzle, L50, F|91\/100\n|move|p2a: Mom's Fav|Icy Wind|p1a: Salazzle|[spread] p1a,p1b\n|-resisted|p1a: Salazzle\n|-crit|p1a: Salazzle\n|-damage|p1a: Salazzle|78\/100\n|-damage|p1b: Tatsugiri|63\/100\n|-unboost|p1a: Salazzle|spe|1\n|-unboost|p1b: Tatsugiri|spe|1\n|move|p2b: PP Rings|Skill Swap|p1a: Salazzle\n|-activate|p2b: PP Rings|move: Skill Swap|Oblivious|Inner Focus|[of] p1a: Salazzle\n|move|p1b: Tatsugiri|Muddy Water|p2b: PP Rings|[spread] p2b\n|-miss|p1b: Tatsugiri|p2a: Mom's Fav\n|-damage|p2b: PP Rings|75\/100 tox\n|\n|-heal|p2b: PP Rings|81\/100 tox|[from] item: Leftovers\n|-damage|p2a: Mom's Fav|0 fnt|[from] psn\n|faint|p2a: Mom's Fav\n|-damage|p2b: PP Rings|69\/100 tox|[from] psn\n|upkeep\n|turn|11\n|\n|t:|1682765674\n|switch|p1a: Pawmot|Pawmot, L50, F|84\/100\n|move|p2b: PP Rings|Foul Play|p1a: Pawmot\n|-resisted|p1a: Pawmot\n|-crit|p1a: Pawmot\n|-damage|p1a: Pawmot|21\/100\n|move|p1b: Tatsugiri|Muddy Water|p2b: PP Rings\n|-crit|p2b: PP Rings\n|-damage|p2b: PP Rings|31\/100 tox\n|\n|-heal|p2b: PP Rings|37\/100 tox|[from] item: Leftovers\n|-damage|p2b: PP Rings|19\/100 tox|[from] psn\n|upkeep\n|turn|12\n|\n|t:|1682765683\n|move|p1a: Pawmot|Close Combat|p2b: PP Rings\n|-supereffective|p2b: PP Rings\n|-damage|p2b: PP Rings|0 fnt\n|-unboost|p1a: Pawmot|def|1\n|-unboost|p1a: Pawmot|spd|1\n|faint|p2b: PP Rings\n|\n|win|noahthenumbat\n","uploadtime":1682765689,"views":36,"p1id":"noahthenumbat","p2id":"kyogrecanucks","formatid":"gen9vgc2023regulationc","rating":0,"private":0,"password":""}