{"id":"gen9vgc2023regulationc-1851051877","p1":"ShuritVGC","p2":"99jiuli","format":"[Gen 9] VGC 2023 Regulation C","log":"|j|\u2606ShuritVGC\n|j|\u260699jiuli\n|t:|1682400407\n|gametype|doubles\n|player|p1|ShuritVGC|169|1251\n|player|p2|99jiuli|101|1200\n|teamsize|p1|6\n|teamsize|p2|6\n|gen|9\n|tier|[Gen 9] VGC 2023 Regulation C\n|rated|\n|rule|Species Clause: Limit one of each Pok\u00e9mon\n|rule|Item Clause: Limit one of each item\n|clearpoke\n|poke|p1|Chi-Yu, L50|\n|poke|p1|Flutter Mane, L50|\n|poke|p1|Gyarados, L50, F|\n|poke|p1|Baxcalibur, L50, M|\n|poke|p1|Amoonguss, L50, F|\n|poke|p1|Iron Hands, L50|\n|poke|p2|Torkoal, L50, F|\n|poke|p2|Lilligant, L50, F|\n|poke|p2|Dragonite, L50, F|\n|poke|p2|Chien-Pao, L50|\n|poke|p2|Great Tusk, L50|\n|poke|p2|Flutter Mane, L50|\n|teampreview|4\n|inactive|Battle timer is ON: inactive players will automatically lose when time's up. (requested by 99jiuli)\n|inactive|99jiuli has 60 seconds left.\n|\n|t:|1682400464\n|start\n|switch|p1a: Baxcalibur|Baxcalibur, L50, M|100\/100\n|switch|p1b: Gyarados|Gyarados, L50, F|100\/100\n|switch|p2a: Torkoal|Torkoal, L50, F|100\/100\n|switch|p2b: Lilligant|Lilligant, L50, F|100\/100\n|-ability|p1b: Gyarados|Intimidate|boost\n|-unboost|p2a: Torkoal|atk|1\n|-unboost|p2b: Lilligant|atk|1\n|-weather|SunnyDay|[from] ability: Drought|[of] p2a: Torkoal\n|turn|1\n|inactive|ShuritVGC has 30 seconds left.\n|inactive|ShuritVGC has 20 seconds left.\n|inactive|ShuritVGC has 15 seconds left.\n|\n|t:|1682400510\n|switch|p2a: Flutter Mane|Flutter Mane, L50|100\/100\n|-activate|p2a: Flutter Mane|ability: Protosynthesis\n|-start|p2a: Flutter Mane|protosynthesisspe\n|move|p1a: Baxcalibur|Protect|p1a: Baxcalibur\n|-singleturn|p1a: Baxcalibur|Protect\n|move|p2b: Lilligant|Sleep Powder|p1b: Gyarados|[miss]\n|-miss|p2b: Lilligant|p1b: Gyarados\n|move|p1b: Gyarados|Taunt|p2b: Lilligant\n|-start|p2b: Lilligant|move: Taunt\n|\n|-weather|SunnyDay|[upkeep]\n|upkeep\n|turn|2\n|inactive|ShuritVGC has 30 seconds left.\n|inactive|ShuritVGC has 20 seconds left.\n|\n|t:|1682400546\n|-terastallize|p1a: Baxcalibur|Water\n|move|p2b: Lilligant|Leaf Storm|p1a: Baxcalibur\n|-supereffective|p1a: Baxcalibur\n|-damage|p1a: Baxcalibur|15\/100\n|-unboost|p2b: Lilligant|spa|2\n|move|p2a: Flutter Mane|Dazzling Gleam|p1a: Baxcalibur|[spread] p1a,p1b\n|-damage|p1a: Baxcalibur|0 fnt\n|-damage|p1b: Gyarados|69\/100\n|faint|p1a: Baxcalibur\n|move|p1b: Gyarados|Thunder Wave|p2b: Lilligant\n|-status|p2b: Lilligant|par\n|\n|-weather|SunnyDay|[upkeep]\n|upkeep\n|\n|t:|1682400562\n|switch|p1a: Chi-Yu|Chi-Yu, L50|100\/100\n|-ability|p1a: Chi-Yu|Beads of Ruin\n|turn|3\n|\n|t:|1682400577\n|switch|p2b: Torkoal|Torkoal, L50, F|100\/100\n|move|p2a: Flutter Mane|Dazzling Gleam|p1a: Chi-Yu|[spread] p1a,p1b\n|-damage|p1a: Chi-Yu|56\/100\n|-damage|p1b: Gyarados|24\/100\n|move|p1a: Chi-Yu|Heat Wave|p2a: Flutter Mane|[spread] p2a,p2b\n|-resisted|p2b: Torkoal\n|-damage|p2a: Flutter Mane|30\/100\n|-damage|p2b: Torkoal|52\/100\n|move|p1b: Gyarados|Waterfall|p2a: Flutter Mane\n|-damage|p2a: Flutter Mane|0 fnt\n|faint|p2a: Flutter Mane\n|-end|p2a: Flutter Mane|Protosynthesis|[silent]\n|\n|-weather|SunnyDay|[upkeep]\n|upkeep\n|\n|t:|1682400590\n|switch|p2a: Great Tusk|Great Tusk, L50|100\/100\n|-activate|p2a: Great Tusk|ability: Protosynthesis\n|-start|p2a: Great Tusk|protosynthesisatk\n|turn|4\n|\n|t:|1682400608\n|move|p2b: Torkoal|Protect|p2b: Torkoal\n|-singleturn|p2b: Torkoal|Protect\n|move|p2a: Great Tusk|Rock Slide|p1b: Gyarados|[spread] p1b\n|-miss|p2a: Great Tusk|p1a: Chi-Yu\n|-supereffective|p1b: Gyarados\n|-damage|p1b: Gyarados|0 fnt\n|faint|p1b: Gyarados\n|move|p1a: Chi-Yu|Heat Wave|p2a: Great Tusk|[spread] p2a\n|-activate|p2b: Torkoal|move: Protect\n|-damage|p2a: Great Tusk|0 fnt\n|faint|p2a: Great Tusk\n|-end|p2a: Great Tusk|Protosynthesis|[silent]\n|\n|-weather|SunnyDay|[upkeep]\n|upkeep\n|\n|t:|1682400623\n|switch|p2a: Lilligant|Lilligant, L50, F|100\/100 par\n|switch|p1b: Flutter Mane|Flutter Mane, L50|100\/100\n|-activate|p1b: Flutter Mane|ability: Protosynthesis\n|-start|p1b: Flutter Mane|protosynthesisspa\n|turn|5\n|\n|t:|1682400646\n|move|p1b: Flutter Mane|Protect|p1b: Flutter Mane\n|-singleturn|p1b: Flutter Mane|Protect\n|move|p2a: Lilligant|Sleep Powder|p1a: Chi-Yu\n|-activate|p1a: Chi-Yu|item: Safety Goggles|Sleep Powder\n|move|p1a: Chi-Yu|Heat Wave|p2b: Torkoal|[spread] p2a,p2b\n|-supereffective|p2a: Lilligant\n|-resisted|p2b: Torkoal\n|-damage|p2a: Lilligant|0 fnt\n|-damage|p2b: Torkoal|2\/100\n|faint|p2a: Lilligant\n|move|p2b: Torkoal|Heat Wave|p1a: Chi-Yu|[spread] p1a\n|-activate|p1b: Flutter Mane|move: Protect\n|-resisted|p1a: Chi-Yu\n|-damage|p1a: Chi-Yu|26\/100\n|\n|-weather|none\n|-end|p1b: Flutter Mane|Protosynthesis\n|upkeep\n|-enditem|p1b: Flutter Mane|Booster Energy\n|-activate|p1b: Flutter Mane|ability: Protosynthesis|[fromitem]\n|-start|p1b: Flutter Mane|protosynthesisspa\n|turn|6\n|-message|99jiuli forfeited.\n|\n|win|ShuritVGC\n|raw|ShuritVGC's rating: 1251 → 1272<\/strong> (+21 for winning)\n|raw|99jiuli's rating: 1200 → 1179<\/strong> (-21 for losing)\n","uploadtime":1682400672,"views":15,"p1id":"shuritvgc","p2id":"99jiuli","formatid":"gen9vgc2023regulationc","rating":1179,"private":0,"password":""}