{"id":"gen9vgc2023regulationc-1863499076","p1":"bhemig","p2":"LobsterLiveGaming","format":"[Gen 9] VGC 2023 Regulation C","log":"|j|\u2606bhemig\n|j|\u2606LobsterLiveGaming\n|t:|1684025706\n|gametype|doubles\n|player|p1|bhemig|guitarist-gen4|1326\n|player|p2|LobsterLiveGaming|darach-caitlin|1330\n|teamsize|p1|6\n|teamsize|p2|6\n|gen|9\n|tier|[Gen 9] VGC 2023 Regulation C\n|rated|\n|rule|Species Clause: Limit one of each Pok\u00e9mon\n|rule|Item Clause: Limit one of each item\n|clearpoke\n|poke|p1|Flutter Mane, L50|\n|poke|p1|Garganacl, L50, F|\n|poke|p1|Glimmora, L50, M|\n|poke|p1|Gastrodon, L50, F|\n|poke|p1|Wo-Chien, L50|\n|poke|p1|Arcanine, L50, F|\n|poke|p2|Azumarill, L50, F|\n|poke|p2|Amoonguss, L50, M|\n|poke|p2|Iron Hands, L50|\n|poke|p2|Pelipper, L50, F|\n|poke|p2|Arcanine, L50, M|\n|poke|p2|Flutter Mane, L50|\n|teampreview|4\n|inactive|Battle timer is ON: inactive players will automatically lose when time's up. (requested by LobsterLiveGaming)\n|j| Silencerz\n|inactive|bhemig has 60 seconds left.\n|inactive|LobsterLiveGaming has 60 seconds left.\n|inactive|bhemig has 30 seconds left.\n|\n|t:|1684025767\n|start\n|switch|p1a: Glimmora|Glimmora, L50, M, shiny|100\/100\n|switch|p1b: Arcanine|Arcanine, L50, F, shiny|100\/100\n|switch|p2a: Peli|Pelipper, L50, F|100\/100\n|switch|p2b: Flutter Mane|Flutter Mane, L50|100\/100\n|-ability|p1b: Arcanine|Intimidate|boost\n|-unboost|p2a: Peli|atk|1\n|-unboost|p2b: Flutter Mane|atk|1\n|-weather|RainDance|[from] ability: Drizzle|[of] p2a: Peli\n|-enditem|p2b: Flutter Mane|Booster Energy\n|-activate|p2b: Flutter Mane|ability: Protosynthesis|[fromitem]\n|-start|p2b: Flutter Mane|protosynthesisspa\n|turn|1\n|inactive|bhemig has 30 seconds left.\n|inactive|bhemig has 20 seconds left.\n|\n|t:|1684025806\n|switch|p1b: Wo-Chien|Wo-Chien, L50|100\/100\n|-ability|p1b: Wo-Chien|Tablets of Ruin\n|move|p2b: Flutter Mane|Thunder|p1b: Wo-Chien\n|-resisted|p1b: Wo-Chien\n|-damage|p1b: Wo-Chien|83\/100\n|move|p1a: Glimmora|Stealth Rock|p2b: Flutter Mane\n|-sidestart|p2: LobsterLiveGaming|move: Stealth Rock\n|move|p2a: Peli|Hydro Pump|p1a: Glimmora|[miss]\n|-miss|p2a: Peli|p1a: Glimmora\n|\n|-weather|RainDance|[upkeep]\n|-heal|p1b: Wo-Chien|90\/100|[from] item: Leftovers\n|upkeep\n|turn|2\n|\n|t:|1684025830\n|-terastallize|p1b: Wo-Chien|Poison\n|-terastallize|p2a: Peli|Flying\n|move|p2b: Flutter Mane|Shadow Ball|p1a: Glimmora\n|-damage|p1a: Glimmora|40\/100\n|move|p1a: Glimmora|Mortal Spin|p2a: Peli|[spread] p2a,p2b\n|-damage|p2a: Peli|97\/100\n|-damage|p2b: Flutter Mane|94\/100\n|-status|p2a: Peli|psn\n|-status|p2b: Flutter Mane|psn\n|move|p1b: Wo-Chien|Leech Seed|p2b: Flutter Mane\n|-start|p2b: Flutter Mane|move: Leech Seed\n|move|p2a: Peli|Hurricane|p1b: Wo-Chien\n|-damage|p1b: Wo-Chien|50\/100\n|-start|p1b: Wo-Chien|confusion\n|\n|-weather|RainDance|[upkeep]\n|-heal|p1b: Wo-Chien|56\/100|[from] item: Leftovers\n|-damage|p2b: Flutter Mane|81\/100 psn|[from] Leech Seed|[of] p1b: Wo-Chien\n|-heal|p1b: Wo-Chien|65\/100|[silent]\n|-damage|p2b: Flutter Mane|69\/100 psn|[from] psn\n|-damage|p2a: Peli|85\/100 psn|[from] psn\n|upkeep\n|turn|3\n|inactive|bhemig has 30 seconds left.\n|inactive|bhemig has 20 seconds left.\n|\n|t:|1684025869\n|-activate|p1b: Wo-Chien|confusion\n|move|p1b: Wo-Chien|Protect|p1b: Wo-Chien\n|-singleturn|p1b: Wo-Chien|Protect\n|move|p2b: Flutter Mane|Shadow Ball|p1a: Glimmora\n|-damage|p1a: Glimmora|0 fnt\n|faint|p1a: Glimmora\n|move|p2a: Peli|Hurricane|p1b: Wo-Chien\n|-activate|p1b: Wo-Chien|move: Protect\n|\n|-weather|RainDance|[upkeep]\n|-heal|p1b: Wo-Chien|71\/100|[from] item: Leftovers\n|-damage|p2b: Flutter Mane|57\/100 psn|[from] Leech Seed|[of] p1b: Wo-Chien\n|-heal|p1b: Wo-Chien|79\/100|[silent]\n|-damage|p2b: Flutter Mane|44\/100 psn|[from] psn\n|-damage|p2a: Peli|73\/100 psn|[from] psn\n|upkeep\n|\n|t:|1684025887\n|switch|p1a: Gastrodon|Gastrodon, L50, F, shiny|100\/100\n|turn|4\n|j| LasermanZ111\n|\n|t:|1684025897\n|move|p2b: Flutter Mane|Shadow Ball|p1b: Wo-Chien\n|-damage|p1b: Wo-Chien|41\/100\n|-unboost|p1b: Wo-Chien|spd|1\n|-activate|p1b: Wo-Chien|confusion\n|move|p1b: Wo-Chien|Leech Seed|p2a: Peli\n|-start|p2a: Peli|move: Leech Seed\n|move|p2a: Peli|Hurricane|p1b: Wo-Chien\n|-damage|p1b: Wo-Chien|0 fnt\n|faint|p1b: Wo-Chien\n|move|p1a: Gastrodon|Yawn||[still]\n|-fail|p1a: Gastrodon\n|\n|-weather|RainDance|[upkeep]\n|-damage|p2b: Flutter Mane|32\/100 psn|[from] psn\n|-damage|p2a: Peli|61\/100 psn|[from] psn\n|upkeep\n|\n|t:|1684025913\n|switch|p1b: Arcanine|Arcanine, L50, F, shiny|100\/100\n|-ability|p1b: Arcanine|Intimidate|boost\n|-unboost|p2a: Peli|atk|1\n|-unboost|p2b: Flutter Mane|atk|1\n|turn|5\n|\n|t:|1684025925\n|move|p1b: Arcanine|Protect|p1b: Arcanine\n|-singleturn|p1b: Arcanine|Protect\n|move|p1a: Gastrodon|Protect|p1a: Gastrodon\n|-singleturn|p1a: Gastrodon|Protect\n|move|p2b: Flutter Mane|Shadow Ball|p1a: Gastrodon\n|-activate|p1a: Gastrodon|move: Protect\n|move|p2a: Peli|Hurricane|p1a: Gastrodon\n|-activate|p1a: Gastrodon|move: Protect\n|\n|-weather|none\n|-damage|p2b: Flutter Mane|20\/100 psn|[from] Leech Seed|[of] p1b: Arcanine\n|-damage|p2a: Peli|49\/100 psn|[from] Leech Seed|[of] p1b: Arcanine\n|-damage|p2b: Flutter Mane|7\/100 psn|[from] psn\n|-damage|p2a: Peli|37\/100 psn|[from] psn\n|upkeep\n|turn|6\n|\n|t:|1684025950\n|move|p1b: Arcanine|Extreme Speed|p2a: Peli\n|-damage|p2a: Peli|12\/100 psn\n|move|p2b: Flutter Mane|Shadow Ball|p1a: Gastrodon\n|-damage|p1a: Gastrodon|45\/100\n|move|p2a: Peli|Hurricane|p1a: Gastrodon|[miss]\n|-miss|p2a: Peli|p1a: Gastrodon\n|move|p1a: Gastrodon|Yawn||[still]\n|-fail|p1a: Gastrodon\n|\n|-damage|p2b: Flutter Mane|0 fnt|[from] Leech Seed|[of] p1b: Arcanine\n|faint|p2b: Flutter Mane\n|-end|p2b: Flutter Mane|Protosynthesis|[silent]\n|-damage|p2a: Peli|0 fnt|[from] Leech Seed|[of] p1b: Arcanine\n|faint|p2a: Peli\n|upkeep\n|\n|t:|1684025954\n|switch|p2b: Rill|Azumarill, L50, F|100\/100\n|switch|p2a: Hands|Iron Hands, L50|100\/100\n|-damage|p2a: Hands|94\/100|[from] Stealth Rock\n|-damage|p2b: Rill|88\/100|[from] Stealth Rock\n|turn|7\n|\n|t:|1684025978\n|move|p2a: Hands|Fake Out|p1b: Arcanine\n|-damage|p1b: Arcanine|82\/100\n|cant|p1b: Arcanine|flinch\n|move|p1a: Gastrodon|Earth Power|p2a: Hands\n|-supereffective|p2a: Hands\n|-damage|p2a: Hands|55\/100\n|move|p2b: Rill|Play Rough|p1a: Gastrodon\n|-damage|p1a: Gastrodon|0 fnt\n|faint|p1a: Gastrodon\n|-damage|p2b: Rill|79\/100|[from] item: Life Orb\n|\n|upkeep\n|turn|8\n|\n|t:|1684025996\n|move|p2b: Rill|Aqua Jet|p1b: Arcanine\n|-supereffective|p1b: Arcanine\n|-damage|p1b: Arcanine|6\/100\n|-damage|p2b: Rill|69\/100|[from] item: Life Orb\n|move|p1b: Arcanine|Will-O-Wisp|p2a: Hands\n|-status|p2a: Hands|brn\n|move|p2a: Hands|Wild Charge|p1b: Arcanine\n|-damage|p1b: Arcanine|0 fnt\n|faint|p1b: Arcanine\n|-damage|p2a: Hands|54\/100 brn|[from] Recoil\n|\n|win|LobsterLiveGaming\n|raw|bhemig's rating: 1326 → 1306<\/strong> (-20 for losing)\n|raw|LobsterLiveGaming's rating: 1330 → 1350<\/strong> (+20 for winning)\n|c|\u2606LobsterLiveGaming|gg\n|l| Silencerz\n|l|\u2606bhemig\n","uploadtime":1684026017,"views":6,"p1id":"bhemig","p2id":"lobsterlivegaming","formatid":"gen9vgc2023regulationc","rating":1306,"private":0,"password":""}