{"id":"gen9vgc2023regulationc-1864109043","p1":"BUNDA MOLE VGC","p2":"TTV_D4N","format":"[Gen 9] VGC 2023 Regulation C","log":"|j|\u2606BUNDA MOLE VGC\n|j|\u2606TTV_D4N\n|t:|1684118668\n|gametype|doubles\n|player|p1|BUNDA MOLE VGC|bruno|1160\n|player|p2|TTV_D4N|169|1089\n|teamsize|p1|6\n|teamsize|p2|6\n|gen|9\n|tier|[Gen 9] VGC 2023 Regulation C\n|rated|\n|rule|Species Clause: Limit one of each Pok\u00e9mon\n|rule|Item Clause: Limit one of each item\n|clearpoke\n|poke|p1|Gothitelle, L50, F|\n|poke|p1|Ting-Lu, L50|\n|poke|p1|Scream Tail, L50|\n|poke|p1|Amoonguss, L50, F|\n|poke|p1|Gothorita, L50, M|\n|poke|p1|Flutter Mane, L50|\n|poke|p2|Orthworm, L50, F|\n|poke|p2|Quaquaval, L50, M|\n|poke|p2|Chien-Pao, L50|\n|poke|p2|Flutter Mane, L50|\n|poke|p2|Ting-Lu, L50|\n|poke|p2|Dragonite, L50, M|\n|teampreview|4\n|inactive|Battle timer is ON: inactive players will automatically lose when time's up. (requested by BUNDA MOLE VGC)\n|inactive|TTV_D4N has 60 seconds left.\n|\n|t:|1684118704\n|start\n|switch|p1a: Scream Tail|Scream Tail, L50|100\/100\n|switch|p1b: Gothitelle|Gothitelle, L50, F|100\/100\n|switch|p2a: Wormy|Orthworm, L50, F|100\/100\n|switch|p2b: 5head|Ting-Lu, L50|100\/100\n|-ability|p2b: 5head|Vessel of Ruin\n|turn|1\n|\n|t:|1684118726\n|-terastallize|p1a: Scream Tail|Steel\n|-terastallize|p2b: 5head|Water\n|move|p1b: Gothitelle|Fake Out|p2b: 5head\n|-damage|p2b: 5head|97\/100\n|move|p1a: Scream Tail|Perish Song|p1a: Scream Tail\n|-start|p1a: Scream Tail|perish3|[silent]\n|-start|p1b: Gothitelle|perish3|[silent]\n|-start|p2a: Wormy|perish3|[silent]\n|-start|p2b: 5head|perish3|[silent]\n|-fieldactivate|move: Perish Song\n|move|p2a: Wormy|Heavy Slam|p1a: Scream Tail\n|-resisted|p1a: Scream Tail\n|-damage|p1a: Scream Tail|87\/100\n|cant|p2b: 5head|flinch\n|\n|-start|p1a: Scream Tail|perish3\n|-start|p2a: Wormy|perish3\n|-start|p1b: Gothitelle|perish3\n|-start|p2b: 5head|perish3\n|upkeep\n|turn|2\n|inactive|BUNDA MOLE VGC has 30 seconds left.\n|\n|t:|1684118753\n|move|p1a: Scream Tail|Encore|p2a: Wormy\n|-start|p2a: Wormy|Encore\n|move|p2a: Wormy|Heavy Slam|p1b: Gothitelle\n|-damage|p1b: Gothitelle|66\/100\n|move|p1b: Gothitelle|Psychic|p2a: Wormy\n|-resisted|p2a: Wormy\n|-crit|p2a: Wormy\n|-damage|p2a: Wormy|82\/100\n|move|p2b: 5head|Earthquake|p1a: Scream Tail|[spread] p1a,p1b\n|-heal|p2a: Wormy|100\/100|[from] ability: Earth Eater|[of] p2b: 5head\n|-supereffective|p1a: Scream Tail\n|-damage|p1a: Scream Tail|14\/100\n|-damage|p1b: Gothitelle|10\/100\n|-enditem|p1b: Gothitelle|Sitrus Berry|[eat]\n|-heal|p1b: Gothitelle|35\/100|[from] item: Sitrus Berry\n|\n|-start|p1a: Scream Tail|perish2\n|-start|p1b: Gothitelle|perish2\n|-start|p2a: Wormy|perish2\n|-start|p2b: 5head|perish2\n|upkeep\n|turn|3\n|\n|t:|1684118777\n|move|p1a: Scream Tail|Protect|p1a: Scream Tail\n|-singleturn|p1a: Scream Tail|Protect\n|move|p1b: Gothitelle|Protect|p1b: Gothitelle\n|-singleturn|p1b: Gothitelle|Protect\n|move|p2a: Wormy|Heavy Slam|p1b: Gothitelle\n|-activate|p1b: Gothitelle|move: Protect\n|move|p2b: 5head|Earthquake|p1b: Gothitelle|[spread] \n|-activate|p1a: Scream Tail|move: Protect\n|-activate|p1b: Gothitelle|move: Protect\n|-immune|p2a: Wormy|[from] ability: Earth Eater\n|\n|-start|p1a: Scream Tail|perish1\n|-start|p2a: Wormy|perish1\n|-start|p1b: Gothitelle|perish1\n|-start|p2b: 5head|perish1\n|upkeep\n|turn|4\n|\n|t:|1684118796\n|-end|p1a: Scream Tail|Protosynthesis|[silent]\n|switch|p1a: Ting-Lu|Ting-Lu, L50|100\/100\n|-ability|p1a: Ting-Lu|Vessel of Ruin\n|switch|p1b: Amoonguss|Amoonguss, L50, F|100\/100\n|move|p2a: Wormy|Heavy Slam|p1b: Amoonguss\n|-damage|p1b: Amoonguss|67\/100\n|move|p2b: 5head|Earthquake|p1b: Amoonguss|[spread] p1a,p1b\n|-immune|p2a: Wormy|[from] ability: Earth Eater\n|-damage|p1a: Ting-Lu|67\/100\n|-damage|p1b: Amoonguss|12\/100\n|\n|-end|p2a: Wormy|Encore\n|-start|p2a: Wormy|perish0\n|-start|p2b: 5head|perish0\n|upkeep\n|faint|p2a: Wormy\n|faint|p2b: 5head\n|\n|t:|1684118811\n|switch|p2a: Jay|Quaquaval, L50, M|100\/100\n|switch|p2b: Flutterby|Flutter Mane, L50|100\/100\n|-enditem|p2b: Flutterby|Booster Energy\n|-activate|p2b: Flutterby|ability: Protosynthesis|[fromitem]\n|-start|p2b: Flutterby|protosynthesisspe\n|turn|5\n|\n|t:|1684118832\n|switch|p1b: Gothitelle|Gothitelle, L50, F|35\/100\n|move|p1a: Ting-Lu|Protect|p1a: Ting-Lu\n|-singleturn|p1a: Ting-Lu|Protect\n|move|p2b: Flutterby|Moonblast|p1b: Gothitelle\n|-damage|p1b: Gothitelle|4\/100\n|move|p2a: Jay|Ice Spinner|p1a: Ting-Lu\n|-activate|p1a: Ting-Lu|move: Protect\n|\n|upkeep\n|turn|6\n|\n|t:|1684118856\n|move|p1b: Gothitelle|Fake Out|p2a: Jay\n|-damage|p2a: Jay|93\/100\n|move|p2b: Flutterby|Moonblast|p1b: Gothitelle\n|-damage|p1b: Gothitelle|0 fnt\n|faint|p1b: Gothitelle\n|cant|p2a: Jay|flinch\n|move|p1a: Ting-Lu|Heavy Slam|p2b: Flutterby\n|-supereffective|p2b: Flutterby\n|-crit|p2b: Flutterby\n|-damage|p2b: Flutterby|0 fnt\n|faint|p2b: Flutterby\n|-end|p2b: Flutterby|Protosynthesis|[silent]\n|\n|-heal|p2a: Jay|99\/100|[from] item: Leftovers\n|upkeep\n|\n|t:|1684118874\n|switch|p1b: Scream Tail|Scream Tail, L50, tera:Steel|14\/100\n|turn|7\n|\n|t:|1684118881\n|switch|p1a: Amoonguss|Amoonguss, L50, F|45\/100\n|move|p1b: Scream Tail|Protect|p1b: Scream Tail\n|-singleturn|p1b: Scream Tail|Protect\n|move|p2a: Jay|Aqua Step|p1b: Scream Tail\n|-activate|p1b: Scream Tail|move: Protect\n|\n|-heal|p2a: Jay|100\/100|[from] item: Leftovers\n|upkeep\n|turn|8\n|\n|t:|1684118890\n|move|p1a: Amoonguss|Rage Powder|p1a: Amoonguss\n|-singleturn|p1a: Amoonguss|move: Rage Powder\n|move|p2a: Jay|Ice Spinner|p1a: Amoonguss\n|-supereffective|p1a: Amoonguss\n|-damage|p1a: Amoonguss|0 fnt\n|faint|p1a: Amoonguss\n|-ability|p2a: Jay|Moxie|boost\n|-boost|p2a: Jay|atk|1\n|move|p1b: Scream Tail|Perish Song|p1b: Scream Tail\n|-start|p1b: Scream Tail|perish3|[silent]\n|-start|p2a: Jay|perish3|[silent]\n|-fieldactivate|move: Perish Song\n|\n|-start|p2a: Jay|perish3\n|-start|p1b: Scream Tail|perish3\n|upkeep\n|\n|t:|1684118894\n|switch|p1a: Ting-Lu|Ting-Lu, L50|67\/100\n|-ability|p1a: Ting-Lu|Vessel of Ruin\n|turn|9\n|\n|t:|1684118904\n|move|p1b: Scream Tail|Protect|p1b: Scream Tail\n|-singleturn|p1b: Scream Tail|Protect\n|move|p1a: Ting-Lu|Protect|p1a: Ting-Lu\n|-singleturn|p1a: Ting-Lu|Protect\n|move|p2a: Jay|Aqua Step|p1b: Scream Tail\n|-activate|p1b: Scream Tail|move: Protect\n|\n|-start|p2a: Jay|perish2\n|-start|p1b: Scream Tail|perish2\n|upkeep\n|turn|10\n|\n|t:|1684118915\n|move|p2a: Jay|Aqua Step|p1b: Scream Tail\n|-damage|p1b: Scream Tail|0 fnt\n|-boost|p2a: Jay|spe|1\n|faint|p1b: Scream Tail\n|-end|p1b: Scream Tail|Protosynthesis|[silent]\n|-ability|p2a: Jay|Moxie|boost\n|-boost|p2a: Jay|atk|1\n|move|p1a: Ting-Lu|Ruination|p2a: Jay\n|-damage|p2a: Jay|50\/100\n|\n|-heal|p2a: Jay|57\/100|[from] item: Leftovers\n|-start|p2a: Jay|perish1\n|upkeep\n|turn|11\n|\n|t:|1684118929\n|move|p1a: Ting-Lu|Protect|p1a: Ting-Lu\n|-singleturn|p1a: Ting-Lu|Protect\n|move|p2a: Jay|Aqua Step|p1a: Ting-Lu\n|-activate|p1a: Ting-Lu|move: Protect\n|\n|-heal|p2a: Jay|63\/100|[from] item: Leftovers\n|-start|p2a: Jay|perish0\n|faint|p2a: Jay\n|\n|win|BUNDA MOLE VGC\n|upkeep\n|raw|BUNDA MOLE VGC's rating: 1160 → 1180<\/strong> (+20 for winning)\n|raw|TTV_D4N's rating: 1089 → 1070<\/strong> (-19 for losing)\n|l|\u2606TTV_D4N\n","uploadtime":1684118936,"views":11,"p1id":"bundamolevgc","p2id":"ttvd4n","formatid":"gen9vgc2023regulationc","rating":1070,"private":0,"password":""}