{"id":"gen9vgc2023regulationc-1861643049","p1":"Shuza06","p2":"keonspy","format":"[Gen 9] VGC 2023 Regulation C","log":"|j|\u203dShuza06\n|j|\u2606keonspy\n|t:|1683787006\n|gametype|doubles\n|player|p1|Shuza06|101|1163\n|player|p2|keonspy|266|1141\n|teamsize|p1|6\n|teamsize|p2|6\n|gen|9\n|tier|[Gen 9] VGC 2023 Regulation C\n|rated|\n|rule|Species Clause: Limit one of each Pok\u00e9mon\n|rule|Item Clause: Limit one of each item\n|clearpoke\n|poke|p1|Chi-Yu, L50|\n|poke|p1|Flutter Mane, L50|\n|poke|p1|Iron Bundle, L50|\n|poke|p1|Great Tusk, L50|\n|poke|p1|Murkrow, L50, M|\n|poke|p1|Ting-Lu, L50|\n|poke|p2|Scream Tail, L50|\n|poke|p2|Flutter Mane, L50|\n|poke|p2|Gothitelle, L50, M|\n|poke|p2|Amoonguss, L50, F|\n|poke|p2|Palafin, L50, F|\n|poke|p2|Arcanine, L50, M|\n|teampreview|4\n|\n|t:|1683787042\n|start\n|switch|p1a: Ting-Lu|Ting-Lu, L50|100\/100\n|switch|p1b: Iron Bundle|Iron Bundle, L50|100\/100\n|switch|p2a: AAAAAAAAAAAA|Scream Tail, L50, shiny|100\/100\n|switch|p2b: EEEEEEEEEEEE|Flutter Mane, L50|100\/100\n|-ability|p1a: Ting-Lu|Vessel of Ruin\n|-enditem|p1b: Iron Bundle|Booster Energy\n|-activate|p1b: Iron Bundle|ability: Quark Drive|[fromitem]\n|-start|p1b: Iron Bundle|quarkdrivespe\n|-enditem|p2a: AAAAAAAAAAAA|Booster Energy\n|-activate|p2a: AAAAAAAAAAAA|ability: Protosynthesis|[fromitem]\n|-start|p2a: AAAAAAAAAAAA|protosynthesisspe\n|turn|1\n|\n|t:|1683787058\n|-end|p2b: EEEEEEEEEEEE|Protosynthesis|[silent]\n|switch|p2b: GO BIRD|Gothitelle, L50, M|100\/100\n|-terastallize|p1a: Ting-Lu|Water\n|move|p1b: Iron Bundle|Protect|p1b: Iron Bundle\n|-singleturn|p1b: Iron Bundle|Protect\n|move|p2a: AAAAAAAAAAAA|Perish Song|p2a: AAAAAAAAAAAA\n|-start|p1a: Ting-Lu|perish3|[silent]\n|-start|p1b: Iron Bundle|perish3|[silent]\n|-start|p2a: AAAAAAAAAAAA|perish3|[silent]\n|-start|p2b: GO BIRD|perish3|[silent]\n|-fieldactivate|move: Perish Song\n|move|p1a: Ting-Lu|Heavy Slam|p2b: GO BIRD\n|-damage|p2b: GO BIRD|68\/100\n|\n|-start|p1b: Iron Bundle|perish3\n|-start|p2a: AAAAAAAAAAAA|perish3\n|-start|p2b: GO BIRD|perish3\n|-start|p1a: Ting-Lu|perish3\n|upkeep\n|turn|2\n|\n|t:|1683787081\n|move|p2b: GO BIRD|Fake Out|p1b: Iron Bundle\n|-damage|p1b: Iron Bundle|94\/100\n|cant|p1b: Iron Bundle|flinch\n|move|p2a: AAAAAAAAAAAA|Disable|p1a: Ting-Lu\n|-start|p1a: Ting-Lu|Disable|Heavy Slam\n|move|p1a: Ting-Lu|Ruination|p2b: GO BIRD\n|-damage|p2b: GO BIRD|34\/100\n|-enditem|p2b: GO BIRD|Sitrus Berry|[eat]\n|-heal|p2b: GO BIRD|59\/100|[from] item: Sitrus Berry\n|\n|-start|p1b: Iron Bundle|perish2\n|-start|p2a: AAAAAAAAAAAA|perish2\n|-start|p2b: GO BIRD|perish2\n|-start|p1a: Ting-Lu|perish2\n|upkeep\n|turn|3\n|\n|t:|1683787140\n|-end|p2a: AAAAAAAAAAAA|Protosynthesis|[silent]\n|switch|p2a: EEEEEEEEEEEE|Flutter Mane, L50|100\/100\n|move|p2b: GO BIRD|Protect|p2b: GO BIRD\n|-singleturn|p2b: GO BIRD|Protect\n|move|p1b: Iron Bundle|Hydro Pump|p2b: GO BIRD\n|-activate|p2b: GO BIRD|move: Protect\n|move|p1a: Ting-Lu|Stomping Tantrum|p2b: GO BIRD\n|-activate|p2b: GO BIRD|move: Protect\n|\n|-start|p1b: Iron Bundle|perish1\n|-start|p2b: GO BIRD|perish1\n|-start|p1a: Ting-Lu|perish1\n|upkeep\n|turn|4\n|\n|t:|1683787164\n|switch|p2b: AAAAAAAAAAAA|Scream Tail, L50, shiny|100\/100\n|move|p2a: EEEEEEEEEEEE|Protect|p2a: EEEEEEEEEEEE\n|-singleturn|p2a: EEEEEEEEEEEE|Protect\n|move|p1b: Iron Bundle|Hydro Pump|p2b: AAAAAAAAAAAA|[miss]\n|-miss|p1b: Iron Bundle|p2b: AAAAAAAAAAAA\n|move|p1a: Ting-Lu|Stomping Tantrum|p2b: AAAAAAAAAAAA\n|-damage|p2b: AAAAAAAAAAAA|72\/100\n|\n|-start|p1b: Iron Bundle|perish0\n|-start|p1a: Ting-Lu|perish0\n|faint|p1b: Iron Bundle\n|-end|p1b: Iron Bundle|Quark Drive|[silent]\n|faint|p1a: Ting-Lu\n|upkeep\n|\n|t:|1683787176\n|switch|p1b: Great Tusk|Great Tusk, L50|100\/100\n|switch|p1a: Flutter Mane|Flutter Mane, L50|100\/100\n|turn|5\n|\n|t:|1683787192\n|move|p2b: AAAAAAAAAAAA|Protect|p2b: AAAAAAAAAAAA\n|-singleturn|p2b: AAAAAAAAAAAA|Protect\n|move|p1b: Great Tusk|Headlong Rush|p2a: EEEEEEEEEEEE\n|-enditem|p2a: EEEEEEEEEEEE|Focus Sash\n|-damage|p2a: EEEEEEEEEEEE|1\/100\n|-unboost|p1b: Great Tusk|def|1\n|-unboost|p1b: Great Tusk|spd|1\n|move|p2a: EEEEEEEEEEEE|Perish Song|p2a: EEEEEEEEEEEE\n|-start|p1a: Flutter Mane|perish3|[silent]\n|-start|p1b: Great Tusk|perish3|[silent]\n|-start|p2a: EEEEEEEEEEEE|perish3|[silent]\n|-start|p2b: AAAAAAAAAAAA|perish3|[silent]\n|-fieldactivate|move: Perish Song\n|move|p1a: Flutter Mane|Shadow Ball|p2b: AAAAAAAAAAAA\n|-activate|p2b: AAAAAAAAAAAA|move: Protect\n|\n|-start|p1b: Great Tusk|perish3\n|-start|p2a: EEEEEEEEEEEE|perish3\n|-start|p1a: Flutter Mane|perish3\n|-start|p2b: AAAAAAAAAAAA|perish3\n|upkeep\n|turn|6\n|\n|t:|1683787216\n|-terastallize|p2b: AAAAAAAAAAAA|Steel\n|move|p2a: EEEEEEEEEEEE|Protect|p2a: EEEEEEEEEEEE\n|-singleturn|p2a: EEEEEEEEEEEE|Protect\n|move|p1b: Great Tusk|Headlong Rush|p2a: EEEEEEEEEEEE\n|-activate|p2a: EEEEEEEEEEEE|move: Protect\n|move|p1a: Flutter Mane|Shadow Ball|p2b: AAAAAAAAAAAA\n|-damage|p2b: AAAAAAAAAAAA|28\/100\n|move|p2b: AAAAAAAAAAAA|Disable|p1b: Great Tusk\n|-start|p1b: Great Tusk|Disable|Headlong Rush\n|\n|-start|p1b: Great Tusk|perish2\n|-start|p2a: EEEEEEEEEEEE|perish2\n|-start|p1a: Flutter Mane|perish2\n|-start|p2b: AAAAAAAAAAAA|perish2\n|upkeep\n|turn|7\n|\n|t:|1683787237\n|-end|p2a: EEEEEEEEEEEE|Protosynthesis|[silent]\n|switch|p2a: AWOOOOOOOOOO|Arcanine, L50, M|100\/100\n|-ability|p2a: AWOOOOOOOOOO|Intimidate|boost\n|-unboost|p1a: Flutter Mane|atk|1\n|-unboost|p1b: Great Tusk|atk|1\n|move|p2b: AAAAAAAAAAAA|Protect|p2b: AAAAAAAAAAAA\n|-singleturn|p2b: AAAAAAAAAAAA|Protect\n|-activate|p1b: Great Tusk|move: Struggle\n|move|p1b: Great Tusk|Struggle|p2b: AAAAAAAAAAAA\n|-activate|p2b: AAAAAAAAAAAA|move: Protect\n|move|p1a: Flutter Mane|Shadow Ball|p2b: AAAAAAAAAAAA\n|-activate|p2b: AAAAAAAAAAAA|move: Protect\n|\n|-start|p1b: Great Tusk|perish1\n|-start|p1a: Flutter Mane|perish1\n|-start|p2b: AAAAAAAAAAAA|perish1\n|upkeep\n|turn|8\n|\n|t:|1683787266\n|-activate|p1b: Great Tusk|move: Struggle\n|move|p1b: Great Tusk|Struggle|p2b: AAAAAAAAAAAA\n|-damage|p2b: AAAAAAAAAAAA|19\/100\n|-damage|p1b: Great Tusk|75\/100|[from] recoil\n|move|p1a: Flutter Mane|Shadow Ball|p2a: AWOOOOOOOOOO\n|-damage|p2a: AWOOOOOOOOOO|18\/100\n|move|p2b: AAAAAAAAAAAA|Play Rough|p1a: Flutter Mane\n|-damage|p1a: Flutter Mane|62\/100\n|move|p2a: AWOOOOOOOOOO|Flare Blitz|p1a: Flutter Mane\n|-damage|p1a: Flutter Mane|0 fnt\n|faint|p1a: Flutter Mane\n|-end|p1a: Flutter Mane|Protosynthesis|[silent]\n|-damage|p2a: AWOOOOOOOOOO|2\/100|[from] Recoil\n|\n|-start|p1b: Great Tusk|perish0\n|-start|p2b: AAAAAAAAAAAA|perish0\n|upkeep\n|faint|p1b: Great Tusk\n|-end|p1b: Great Tusk|Protosynthesis|[silent]\n|faint|p2b: AAAAAAAAAAAA\n|-end|p2b: AAAAAAAAAAAA|Protosynthesis|[silent]\n|\n|win|keonspy\n|raw|Shuza06's rating: 1163 → 1136<\/strong> (-27 for losing)\n|raw|keonspy's rating: 1141 → 1168<\/strong> (+27 for winning)\n|l|\u203dShuza06\n","uploadtime":1683787288,"views":13,"p1id":"shuza06","p2id":"keonspy","formatid":"gen9vgc2023regulationc","rating":1136,"private":0,"password":""}