{"id":"gen9vgc2023regulationc-1860673871","p1":"WillieDangerously","p2":"Lizardfla","format":"[Gen 9] VGC 2023 Regulation C","log":"|j|\u2606WillieDangerously\n|j|\u2606Lizardfla\n|t:|1683664894\n|gametype|doubles\n|player|p1|WillieDangerously|psychic-gen4|1170\n|player|p2|Lizardfla|steven|1277\n|teamsize|p1|6\n|teamsize|p2|6\n|gen|9\n|tier|[Gen 9] VGC 2023 Regulation C\n|rated|\n|rule|Species Clause: Limit one of each Pok\u00e9mon\n|rule|Item Clause: Limit one of each item\n|clearpoke\n|poke|p1|Gholdengo, L50|\n|poke|p1|Wo-Chien, L50|\n|poke|p1|Iron Bundle, L50|\n|poke|p1|Dragapult, L50, M|\n|poke|p1|Hippowdon, L50, F|\n|poke|p1|Glimmora, L50, M|\n|poke|p2|Chi-Yu, L50|\n|poke|p2|Dachsbun, L50, F|\n|poke|p2|Dragonite, L50, M|\n|poke|p2|Flutter Mane, L50|\n|poke|p2|Azumarill, L50, F|\n|poke|p2|Chien-Pao, L50|\n|teampreview|4\n|\n|t:|1683664924\n|start\n|switch|p1a: Iron Bundle|Iron Bundle, L50|100\/100\n|switch|p1b: Dragapult|Dragapult, L50, M|100\/100\n|switch|p2a: Mp|Azumarill, L50, F, shiny|100\/100\n|switch|p2b: M-leo|Chien-Pao, L50|100\/100\n|-ability|p2b: M-leo|Sword of Ruin\n|-enditem|p1a: Iron Bundle|Booster Energy\n|-activate|p1a: Iron Bundle|ability: Quark Drive|[fromitem]\n|-start|p1a: Iron Bundle|quarkdrivespe\n|turn|1\n|inactive|Battle timer is ON: inactive players will automatically lose when time's up. (requested by Lizardfla)\n|\n|t:|1683664954\n|move|p2b: M-leo|Protect|p2b: M-leo\n|-singleturn|p2b: M-leo|Protect\n|move|p1a: Iron Bundle|Freeze-Dry|p2a: Mp\n|-supereffective|p2a: Mp\n|-damage|p2a: Mp|34\/100\n|move|p1b: Dragapult|Disable|p2b: M-leo\n|-activate|p2b: M-leo|move: Protect\n|move|p2a: Mp|Play Rough|p1b: Dragapult\n|-supereffective|p1b: Dragapult\n|-damage|p1b: Dragapult|0 fnt\n|faint|p1b: Dragapult\n|\n|upkeep\n|\n|t:|1683664970\n|switch|p1b: Gholdengo|Gholdengo, L50|100\/100\n|turn|2\n|inactive|Lizardfla has 30 seconds left.\n|inactive|Lizardfla has 20 seconds left.\n|inactive|Lizardfla has 15 seconds left.\n|\n|t:|1683665013\n|move|p2a: Mp|Protect|p2a: Mp\n|-singleturn|p2a: Mp|Protect\n|move|p1a: Iron Bundle|Encore|p2b: M-leo\n|-start|p2b: M-leo|Encore\n|move|p2b: M-leo|Protect||[still]\n|-fail|p2b: M-leo\n|move|p1b: Gholdengo|Nasty Plot|p1b: Gholdengo\n|-boost|p1b: Gholdengo|spa|2\n|\n|upkeep\n|turn|3\n|\n|t:|1683665029\n|switch|p2b: Fuochino|Chi-Yu, L50|100\/100\n|-ability|p2b: Fuochino|Beads of Ruin\n|move|p1a: Iron Bundle|Icy Wind|p2a: Mp|[spread] p2a,p2b\n|-resisted|p2a: Mp\n|-resisted|p2b: Fuochino\n|-damage|p2a: Mp|21\/100\n|-damage|p2b: Fuochino|90\/100\n|-unboost|p2a: Mp|spe|1\n|-unboost|p2b: Fuochino|spe|1\n|move|p1b: Gholdengo|Make It Rain|p2a: Mp|[spread] p2a,p2b\n|-resisted|p2b: Fuochino\n|-crit|p2b: Fuochino\n|-damage|p2a: Mp|0 fnt\n|-damage|p2b: Fuochino|2\/100\n|-unboost|p1b: Gholdengo|spa|1\n|faint|p2a: Mp\n|\n|upkeep\n|\n|t:|1683665044\n|switch|p2a: M-leo|Chien-Pao, L50|100\/100\n|-ability|p2a: M-leo|Sword of Ruin\n|turn|4\n|inactive|WillieDangerously has 30 seconds left.\n|inactive|WillieDangerously has 20 seconds left.\n|inactive|WillieDangerously has 15 seconds left.\n|\n|t:|1683665088\n|switch|p2b: Gnam|Dachsbun, L50, F|100\/100\n|-terastallize|p2a: M-leo|Dark\n|move|p1a: Iron Bundle|Icy Wind|p2a: M-leo|[spread] p2a,p2b\n|-crit|p2a: M-leo\n|-damage|p2a: M-leo|50\/100\n|-damage|p2b: Gnam|82\/100\n|-unboost|p2a: M-leo|spe|1\n|-unboost|p2b: Gnam|spe|1\n|move|p2a: M-leo|Throat Chop|p1b: Gholdengo\n|-supereffective|p1b: Gholdengo\n|-damage|p1b: Gholdengo|0 fnt\n|faint|p1b: Gholdengo\n|\n|-heal|p2b: Gnam|88\/100|[from] item: Leftovers\n|upkeep\n|\n|t:|1683665105\n|switch|p1b: Glimmora|Glimmora, L50, M|100\/100\n|turn|5\n|inactive|Lizardfla has 30 seconds left.\n|inactive|WillieDangerously has 30 seconds left.\n|inactive|Lizardfla has 20 seconds left.\n|inactive|WillieDangerously has 20 seconds left.\n|inactive|Lizardfla has 15 seconds left.\n|\n|t:|1683665158\n|switch|p2a: Fuochino|Chi-Yu, L50|2\/100\n|-ability|p2a: Fuochino|Beads of Ruin\n|move|p1a: Iron Bundle|Icy Wind|p2b: Gnam|[spread] p2a,p2b\n|-resisted|p2a: Fuochino\n|-damage|p2a: Fuochino|0 fnt\n|-damage|p2b: Gnam|63\/100\n|-unboost|p2b: Gnam|spe|1\n|faint|p2a: Fuochino\n|move|p1b: Glimmora|Power Gem|p2b: Gnam\n|-damage|p2b: Gnam|32\/100\n|move|p2b: Gnam|Yawn|p1a: Iron Bundle\n|-start|p1a: Iron Bundle|move: Yawn|[of] p2b: Gnam\n|\n|-heal|p2b: Gnam|38\/100|[from] item: Leftovers\n|upkeep\n|\n|t:|1683665173\n|switch|p2a: M-leo|Chien-Pao, L50, tera:Dark|50\/100\n|-ability|p2a: M-leo|Sword of Ruin\n|turn|6\n|\n|t:|1683665183\n|move|p2a: M-leo|Protect|p2a: M-leo\n|-singleturn|p2a: M-leo|Protect\n|move|p1a: Iron Bundle|Freeze-Dry|p2a: M-leo\n|-activate|p2a: M-leo|move: Protect\n|move|p1b: Glimmora|Mortal Spin|p2a: M-leo|[spread] p2b\n|-activate|p2a: M-leo|move: Protect\n|-supereffective|p2b: Gnam\n|-damage|p2b: Gnam|25\/100\n|-status|p2b: Gnam|psn\n|move|p2b: Gnam|Wish|p2b: Gnam\n|\n|-heal|p2b: Gnam|32\/100 psn|[from] item: Leftovers\n|-damage|p2b: Gnam|19\/100 psn|[from] psn\n|-end|p1a: Iron Bundle|move: Yawn|[silent]\n|-status|p1a: Iron Bundle|slp\n|upkeep\n|turn|7\n|inactive|WillieDangerously has 30 seconds left.\n|inactive|Lizardfla has 30 seconds left.\n|inactive|Lizardfla has 20 seconds left.\n|inactive|Lizardfla has 15 seconds left.\n|inactive|Lizardfla has 10 seconds left.\n|\n|t:|1683665231\n|cant|p1a: Iron Bundle|slp\n|move|p2a: M-leo|Throat Chop|p1b: Glimmora\n|-crit|p1b: Glimmora\n|-damage|p1b: Glimmora|6\/100\n|-start|p1b: Glimmora|Throat Chop|[silent]\n|-activate|p1b: Glimmora|ability: Toxic Debris\n|-sidestart|p2: Lizardfla|move: Toxic Spikes\n|move|p1b: Glimmora|Power Gem|p2a: M-leo\n|-damage|p2a: M-leo|0 fnt\n|faint|p2a: M-leo\n|move|p2b: Gnam|Body Press|p1b: Glimmora\n|-damage|p1b: Glimmora|0 fnt\n|-activate|p1b: Glimmora|ability: Toxic Debris\n|-sidestart|p2: Lizardfla|move: Toxic Spikes\n|faint|p1b: Glimmora\n|\n|-heal|p2b: Gnam|69\/100 psn|[from] move: Wish|[wisher] Gnam\n|-heal|p2b: Gnam|75\/100 psn|[from] item: Leftovers\n|-damage|p2b: Gnam|63\/100 psn|[from] psn\n|upkeep\n|turn|8\n|inactive|WillieDangerously has 30 seconds left.\n|\n|t:|1683665259\n|cant|p1a: Iron Bundle|slp\n|move|p2b: Gnam|Body Press|p1a: Iron Bundle\n|-supereffective|p1a: Iron Bundle\n|-damage|p1a: Iron Bundle|56\/100 slp\n|\n|-heal|p2b: Gnam|69\/100 psn|[from] item: Leftovers\n|-damage|p2b: Gnam|57\/100 psn|[from] psn\n|upkeep\n|turn|9\n|\n|t:|1683665270\n|-terastallize|p1a: Iron Bundle|Ghost\n|-curestatus|p1a: Iron Bundle|slp|[msg]\n|move|p1a: Iron Bundle|Freeze-Dry|p2b: Gnam\n|-damage|p2b: Gnam|28\/100 psn\n|move|p2b: Gnam|Body Press|p1a: Iron Bundle\n|-immune|p1a: Iron Bundle\n|\n|-heal|p2b: Gnam|34\/100 psn|[from] item: Leftovers\n|-damage|p2b: Gnam|22\/100 psn|[from] psn\n|upkeep\n|turn|10\n|c|\u2606Lizardfla|gg\n|\n|t:|1683665288\n|move|p1a: Iron Bundle|Freeze-Dry|p2b: Gnam\n|-damage|p2b: Gnam|0 fnt\n|faint|p2b: Gnam\n|\n|win|WillieDangerously\n|raw|WillieDangerously's rating: 1170 → 1202<\/strong> (+32 for winning)\n|raw|Lizardfla's rating: 1277 → 1245<\/strong> (-32 for losing)\n","uploadtime":1683665295,"views":10,"p1id":"williedangerously","p2id":"lizardfla","formatid":"gen9vgc2023regulationc","rating":1202,"private":0,"password":""}