{"id":"gen9vgc2023regulationc-1863703889","p1":"KAZILA","p2":"depreggas","format":"[Gen 9] VGC 2023 Regulation C","log":"|j|\u2606KAZILA\n|j|\u2606depreggas\n|t:|1684063756\n|gametype|doubles\n|player|p1|KAZILA|cameraman|1077\n|player|p2|depreggas|caitlin|1069\n|teamsize|p1|6\n|teamsize|p2|6\n|gen|9\n|tier|[Gen 9] VGC 2023 Regulation C\n|rated|\n|rule|Species Clause: Limit one of each Pok\u00e9mon\n|rule|Item Clause: Limit one of each item\n|clearpoke\n|poke|p1|Torkoal, L50, M|\n|poke|p1|Lilligant, L50, F|\n|poke|p1|Indeedee-F, L50, F|\n|poke|p1|Armarouge, L50, M|\n|poke|p1|Slaking, L50, M|\n|poke|p1|Eelektross, L50, F|\n|poke|p2|Murkrow, L50, F|\n|poke|p2|Flutter Mane, L50|\n|poke|p2|Kricketune, L50, F|\n|poke|p2|Great Tusk, L50|\n|poke|p2|Altaria, L50, M|\n|poke|p2|Torkoal, L50, M|\n|teampreview|4\ndepreggas rejected open team sheets.\n|\n|t:|1684063802\n|start\n|switch|p1a: Slaking|Slaking, L50, M, shiny|100\/100\n|switch|p1b: Eelektross|Eelektross, L50, F|100\/100\n|switch|p2a: Cricket Dude|Kricketune, L50, F, shiny|100\/100\n|switch|p2b: Altaria|Altaria, L50, M|100\/100\n|turn|1\n|inactive|Battle timer is ON: inactive players will automatically lose when time's up. (requested by KAZILA)\n|\n|t:|1684063829\n|switch|p2a: Flutter Mane|Flutter Mane, L50|100\/100\n|move|p1a: Slaking|Mega Kick|p2b: Altaria\n|-damage|p2b: Altaria|43\/100\n|-enditem|p2b: Altaria|Sitrus Berry|[eat]\n|-heal|p2b: Altaria|68\/100|[from] item: Sitrus Berry\n|move|p2b: Altaria|Tailwind|p2b: Altaria\n|-sidestart|p2: depreggas|move: Tailwind\n|move|p1b: Eelektross|Gastro Acid|p1a: Slaking\n|-endability|p1a: Slaking\n|\n|upkeep\n|turn|2\n|inactive|KAZILA has 30 seconds left.\n|inactive|depreggas has 30 seconds left.\n|inactive|depreggas has 20 seconds left.\n|\n|t:|1684063867\n|-terastallize|p2a: Flutter Mane|Fairy\n|move|p2a: Flutter Mane|Moonblast|p1a: Slaking\n|-damage|p1a: Slaking|31\/100\n|-unboost|p1a: Slaking|spa|1\n|-damage|p2a: Flutter Mane|91\/100|[from] item: Life Orb\n|move|p2b: Altaria|Substitute|p2b: Altaria\n|-start|p2b: Altaria|Substitute\n|-damage|p2b: Altaria|43\/100\n|move|p1a: Slaking|Mega Kick|p2b: Altaria\n|-end|p2b: Altaria|Substitute\n|move|p1b: Eelektross|Thunder|p2b: Altaria|[miss]\n|-miss|p1b: Eelektross|p2b: Altaria\n|\n|-heal|p1a: Slaking|37\/100|[from] item: Leftovers\n|upkeep\n|turn|3\n|inactive|KAZILA has 30 seconds left.\n|\n|t:|1684063895\n|move|p2a: Flutter Mane|Dazzling Gleam|p1a: Slaking|[spread] p1a,p1b\n|-damage|p1a: Slaking|0 fnt\n|-damage|p1b: Eelektross|47\/100\n|faint|p1a: Slaking\n|-damage|p2a: Flutter Mane|82\/100|[from] item: Life Orb\n|move|p2b: Altaria|Substitute|p2b: Altaria\n|-start|p2b: Altaria|Substitute\n|-damage|p2b: Altaria|18\/100\n|move|p1b: Eelektross|Thunder|p2b: Altaria\n|-end|p2b: Altaria|Substitute\n|\n|upkeep\n|\n|t:|1684063903\n|switch|p1a: Armarouge|Armarouge, L50, M, shiny|100\/100\n|turn|4\n|inactive|depreggas has 30 seconds left.\n|\n|t:|1684063938\n|switch|p2b: Great Tusk|Great Tusk, L50|100\/100\n|switch|p1b: Indeedee|Indeedee-F, L50, F, shiny|100\/100\n|-fieldstart|move: Psychic Terrain|[from] ability: Psychic Surge|[of] p1b: Indeedee\n|-terastallize|p1a: Armarouge|Psychic\n|move|p2a: Flutter Mane|Shadow Ball|p1a: Armarouge\n|-supereffective|p1a: Armarouge\n|-enditem|p1a: Armarouge|Focus Sash\n|-damage|p1a: Armarouge|1\/100\n|-damage|p2a: Flutter Mane|72\/100|[from] item: Life Orb\n|move|p1a: Armarouge|Expanding Force|p2a: Flutter Mane|[spread] p2a,p2b\n|-supereffective|p2b: Great Tusk\n|-damage|p2a: Flutter Mane|0 fnt\n|-enditem|p2b: Great Tusk|Focus Sash\n|-damage|p2b: Great Tusk|1\/100\n|faint|p2a: Flutter Mane\n|-end|p2a: Flutter Mane|Protosynthesis|[silent]\n|\n|-sideend|p2: depreggas|move: Tailwind\n|upkeep\n|\n|t:|1684063956\n|switch|p2a: Cricket Dude|Kricketune, L50, F, shiny|100\/100\n|turn|5\n|inactive|KAZILA has 30 seconds left.\n|inactive|KAZILA has 20 seconds left.\n|inactive|KAZILA has 15 seconds left.\n|inactive|KAZILA has 10 seconds left.\n|\n|t:|1684064001\n|move|p2b: Great Tusk|Ice Spinner|p1b: Indeedee\n|-damage|p1b: Indeedee|59\/100\n|-fieldend|move: Psychic Terrain\n|move|p1a: Armarouge|Expanding Force|p2a: Cricket Dude\n|-damage|p2a: Cricket Dude|55\/100\n|move|p1b: Indeedee|Psychic|p2a: Cricket Dude\n|-damage|p2a: Cricket Dude|20\/100\n|move|p2a: Cricket Dude|Fell Stinger|p1a: Armarouge\n|-supereffective|p1a: Armarouge\n|-damage|p1a: Armarouge|0 fnt\n|faint|p1a: Armarouge\n|-boost|p2a: Cricket Dude|atk|3\n|\n|upkeep\n|\n|t:|1684064017\n|switch|p1a: Eelektross|Eelektross, L50, F|47\/100\n|turn|6\n|inactive|depreggas has 30 seconds left.\n|\n|t:|1684064045\n|move|p2b: Great Tusk|Close Combat|p1a: Eelektross\n|-damage|p1a: Eelektross|0 fnt\n|-unboost|p2b: Great Tusk|def|1\n|-unboost|p2b: Great Tusk|spd|1\n|faint|p1a: Eelektross\n|move|p1b: Indeedee|Hyper Voice|p2b: Great Tusk|[spread] p2a,p2b\n|-damage|p2a: Cricket Dude|0 fnt\n|-damage|p2b: Great Tusk|0 fnt\n|faint|p2a: Cricket Dude\n|faint|p2b: Great Tusk\n|-end|p2b: Great Tusk|Protosynthesis|[silent]\n|\n|upkeep\n|\n|t:|1684064056\n|switch|p2a: Altaria|Altaria, L50, M|18\/100\n|turn|7\n|\n|t:|1684064067\n|move|p2a: Altaria|Tera Blast|p1b: Indeedee\n|-damage|p1b: Indeedee|45\/100\n|-enditem|p1b: Indeedee|Sitrus Berry|[eat]\n|-heal|p1b: Indeedee|70\/100|[from] item: Sitrus Berry\n|move|p1b: Indeedee|Psychic|p2a: Altaria\n|-damage|p2a: Altaria|0 fnt\n|faint|p2a: Altaria\n|\n|win|KAZILA\n|raw|KAZILA's rating: 1077 → 1105<\/strong> (+28 for winning)\n|raw|depreggas's rating: 1069 → 1049<\/strong> (-20 for losing)\n","uploadtime":1684064105,"views":31,"p1id":"kazila","p2id":"depreggas","formatid":"gen9vgc2023regulationc","rating":1049,"private":0,"password":""}