{"id":"gen9vgc2023regulationc-1861288663","p1":"vhyvc","p2":"titam113","format":"[Gen 9] VGC 2023 Regulation C","log":"|j|\u2606vhyvc\n|j|\u2606titam113\n|t:|1683742791\n|gametype|doubles\n|player|p1|vhyvc|266|1123\n|player|p2|titam113|red|1169\n|teamsize|p1|6\n|teamsize|p2|6\n|gen|9\n|tier|[Gen 9] VGC 2023 Regulation C\n|rated|\n|rule|Species Clause: Limit one of each Pok\u00e9mon\n|rule|Item Clause: Limit one of each item\n|clearpoke\n|poke|p1|Dondozo, L50, M|\n|poke|p1|Tatsugiri-Droopy, L50, M|\n|poke|p1|Pelipper, L50, M|\n|poke|p1|Drednaw, L50, M|\n|poke|p1|Dragonite, L50, F|\n|poke|p1|Chien-Pao, L50|\n|poke|p2|Amoonguss, L50, M|\n|poke|p2|Palafin, L50, M|\n|poke|p2|Arcanine, L50, F|\n|poke|p2|Garchomp, L50, M|\n|poke|p2|Scizor, L50, F|\n|poke|p2|Flutter Mane, L50|\n|teampreview|4\n|\n|t:|1683742813\n|start\n|switch|p1a: Dondozo|Dondozo, L50, M|100\/100\n|switch|p1b: Pelipper|Pelipper, L50, M|100\/100\n|switch|p2a: Amoonguss|Amoonguss, L50, M, shiny|100\/100\n|switch|p2b: Palafin|Palafin, L50, M|100\/100\n|-weather|RainDance|[from] ability: Drizzle|[of] p1b: Pelipper\n|turn|1\n|inactive|Battle timer is ON: inactive players will automatically lose when time's up. (requested by vhyvc)\n|\n|t:|1683742837\n|-terastallize|p1a: Dondozo|Water\n|move|p2b: Palafin|Haze|p2b: Palafin\n|-clearallboost\n|move|p1a: Dondozo|Wave Crash|p2b: Palafin\n|-resisted|p2b: Palafin\n|-damage|p2b: Palafin|35\/100\n|-damage|p1a: Dondozo|81\/100|[from] Recoil\n|-damage|p1a: Dondozo|71\/100|[from] item: Life Orb\n|move|p1b: Pelipper|Hurricane|p2a: Amoonguss\n|-supereffective|p2a: Amoonguss\n|-damage|p2a: Amoonguss|8\/100\n|move|p2a: Amoonguss|Spore|p1a: Dondozo\n|-status|p1a: Dondozo|slp|[from] move: Spore\n|\n|-weather|RainDance|[upkeep]\n|upkeep\n|turn|2\n|\n|t:|1683742857\n|detailschange|p2b: Palafin|Palafin-Hero, L50, M\n|switch|p2b: Scizor|Scizor, L50, F|100\/100\n|move|p2a: Amoonguss|Protect|p2a: Amoonguss\n|-singleturn|p2a: Amoonguss|Protect\n|cant|p1a: Dondozo|slp\n|move|p1a: Dondozo|Sleep Talk|p1a: Dondozo\n|move|p1a: Dondozo|Wave Crash|p2a: Amoonguss|[from]move: Sleep Talk\n|-activate|p2a: Amoonguss|move: Protect\n|move|p1b: Pelipper|Hurricane|p2b: Scizor\n|-damage|p2b: Scizor|37\/100\n|-start|p2b: Scizor|confusion\n|\n|-weather|RainDance|[upkeep]\n|upkeep\n|turn|3\n|\n|t:|1683742878\n|switch|p2a: Flutter Mane|Flutter Mane, L50|100\/100\n|cant|p1a: Dondozo|slp\n|move|p1a: Dondozo|Sleep Talk|p1a: Dondozo\n|move|p1a: Dondozo|Wave Crash|p2a: Flutter Mane|[from]move: Sleep Talk\n|-enditem|p2a: Flutter Mane|Focus Sash\n|-damage|p2a: Flutter Mane|1\/100\n|-damage|p1a: Dondozo|52\/100 slp|[from] Recoil\n|-damage|p1a: Dondozo|42\/100 slp|[from] item: Life Orb\n|-activate|p2b: Scizor|confusion\n|-damage|p2b: Scizor|23\/100|[from] confusion\n|move|p1b: Pelipper|Hurricane|p2a: Flutter Mane\n|-damage|p2a: Flutter Mane|0 fnt\n|faint|p2a: Flutter Mane\n|-end|p2a: Flutter Mane|Protosynthesis|[silent]\n|\n|-weather|RainDance|[upkeep]\n|upkeep\n|\n|t:|1683742895\n|switch|p2a: Amoonguss|Amoonguss, L50, M, shiny|41\/100\n|turn|4\n|\n|t:|1683742912\n|switch|p1b: Tatsugiri|Tatsugiri-Droopy, L50, M, shiny|100\/100\n|-activate|p1b: Tatsugiri|ability: Commander|[of] p1a: Dondozo\n|-boost|p1a: Dondozo|atk|2\n|-boost|p1a: Dondozo|spa|2\n|-boost|p1a: Dondozo|spe|2\n|-boost|p1a: Dondozo|def|2\n|-boost|p1a: Dondozo|spd|2\n|move|p2a: Amoonguss|Protect|p2a: Amoonguss\n|-singleturn|p2a: Amoonguss|Protect\n|-activate|p2b: Scizor|confusion\n|move|p2b: Scizor|Bullet Punch|p1a: Dondozo\n|-resisted|p1a: Dondozo\n|-damage|p1a: Dondozo|34\/100 slp\n|cant|p1a: Dondozo|slp\n|\n|-weather|RainDance|[upkeep]\n|upkeep\n|turn|5\n|\n|t:|1683742928\n|switch|p2a: Palafin|Palafin-Hero, L50, M|35\/100\n|-activate|p2a: Palafin|ability: Zero to Hero\n|-end|p2b: Scizor|confusion\n|move|p2b: Scizor|Bullet Punch|p1a: Dondozo\n|-resisted|p1a: Dondozo\n|-damage|p1a: Dondozo|25\/100 slp\n|-curestatus|p1a: Dondozo|slp|[msg]\n|move|p1a: Dondozo|Surf|p2a: Palafin|[spread] p2a,p2b\n|-miss|p1a: Dondozo|p1b: Tatsugiri\n|-resisted|p2a: Palafin\n|-damage|p2a: Palafin|0 fnt\n|-damage|p2b: Scizor|0 fnt\n|faint|p2a: Palafin\n|faint|p2b: Scizor\n|-damage|p1a: Dondozo|15\/100|[from] item: Life Orb\n|\n|-weather|RainDance|[upkeep]\n|upkeep\n|\n|t:|1683742944\n|switch|p2a: Amoonguss|Amoonguss, L50, M, shiny|74\/100\n|turn|6\n|-message|titam113 forfeited.\n|\n|win|vhyvc\n|raw|vhyvc's rating: 1123 → 1151<\/strong> (+28 for winning)\n|raw|titam113's rating: 1169 → 1141<\/strong> (-28 for losing)\n|l|\u2606titam113\n","uploadtime":1683742973,"views":9,"p1id":"vhyvc","p2id":"titam113","formatid":"gen9vgc2023regulationc","rating":1141,"private":0,"password":""}