{"id":"gen9vgc2023regulationc-1845624316","p1":"Aaron Mobile","p2":"Undentable","format":"[Gen 9] VGC 2023 Regulation C","log":"|j|\u2606Aaron Mobile\n|j|\u2606Undentable\n|t:|1681750392\n|gametype|doubles\n|player|p1|Aaron Mobile|101|1324\n|player|p2|Undentable|red|1452\n|teamsize|p1|6\n|teamsize|p2|6\n|gen|9\n|tier|[Gen 9] VGC 2023 Regulation C\n|rated|\n|rule|Species Clause: Limit one of each Pok\u00e9mon\n|rule|Item Clause: Limit one of each item\n|clearpoke\n|poke|p1|Grimmsnarl, L50, M|\n|poke|p1|Kingambit, L50, M|\n|poke|p1|Baxcalibur, L50, M|\n|poke|p1|Sandy Shocks, L50|\n|poke|p1|Chi-Yu, L50|\n|poke|p1|Flutter Mane, L50|\n|poke|p2|Arcanine, L50, M|\n|poke|p2|Palafin, L50, F|\n|poke|p2|Amoonguss, L50, M|\n|poke|p2|Baxcalibur, L50, F|\n|poke|p2|Ting-Lu, L50|\n|poke|p2|Corviknight, L50, M|\n|teampreview|4\n|\n|t:|1681750425\n|start\n|switch|p1a: Grim Shady|Grimmsnarl, L50, M, shiny|100\/100\n|switch|p1b: HIM|Kingambit, L50, M, shiny|100\/100\n|switch|p2a: Ting-Lu|Ting-Lu, L50|100\/100\n|switch|p2b: Palafin|Palafin, L50, F|100\/100\n|-ability|p2a: Ting-Lu|Vessel of Ruin\n|turn|1\n|\n|t:|1681750449\n|-terastallize|p1b: HIM|Water\n|move|p2b: Palafin|Protect|p2b: Palafin\n|-singleturn|p2b: Palafin|Protect\n|move|p1a: Grim Shady|Spirit Break|p2a: Ting-Lu\n|-supereffective|p2a: Ting-Lu\n|-damage|p2a: Ting-Lu|68\/100\n|-unboost|p2a: Ting-Lu|spa|1\n|-enditem|p2a: Ting-Lu|Weakness Policy\n|-boost|p2a: Ting-Lu|atk|2|[from] item: Weakness Policy\n|-boost|p2a: Ting-Lu|spa|2|[from] item: Weakness Policy\n|move|p2a: Ting-Lu|Earthquake|p1b: HIM|[spread] p1a,p1b\n|-activate|p2b: Palafin|move: Protect\n|-damage|p1a: Grim Shady|20\/100\n|-damage|p1b: HIM|45\/100\n|move|p1b: HIM|Tera Blast|p2a: Ting-Lu\n|-supereffective|p2a: Ting-Lu\n|-damage|p2a: Ting-Lu|17\/100\n|\n|upkeep\n|turn|2\n|\n|t:|1681750488\n|detailschange|p2b: Palafin|Palafin-Hero, L50, F\n|switch|p2b: Baxcalibur|Baxcalibur, L50, F|100\/100\n|move|p1a: Grim Shady|Spirit Break|p2a: Ting-Lu\n|-supereffective|p2a: Ting-Lu\n|-damage|p2a: Ting-Lu|0 fnt\n|faint|p2a: Ting-Lu\n|move|p1b: HIM|Kowtow Cleave|p2b: Baxcalibur\n|-damage|p2b: Baxcalibur|55\/100\n|\n|upkeep\n|\n|t:|1681750497\n|switch|p2a: Palafin|Palafin-Hero, L50, F|100\/100\n|-activate|p2a: Palafin|ability: Zero to Hero\n|turn|3\n|\n|t:|1681750510\n|-terastallize|p2b: Baxcalibur|Ground\n|move|p2a: Palafin|Protect|p2a: Palafin\n|-singleturn|p2a: Palafin|Protect\n|move|p1a: Grim Shady|Reflect|p1a: Grim Shady\n|-sidestart|p1: Aaron Mobile|Reflect\n|move|p2b: Baxcalibur|Earthquake|p1b: HIM|[spread] p1a,p1b\n|-activate|p2a: Palafin|move: Protect\n|-damage|p1a: Grim Shady|0 fnt\n|-damage|p1b: HIM|19\/100\n|faint|p1a: Grim Shady\n|move|p1b: HIM|Kowtow Cleave|p2a: Palafin\n|-activate|p2a: Palafin|move: Protect\n|\n|upkeep\n|\n|t:|1681750518\n|switch|p1a: Little Foot|Baxcalibur, L50, M|100\/100\n|turn|4\n|c|\u2606Undentable|haha little foot\n|c|\u2606Undentable|such a good movie\n|\n|t:|1681750547\n|switch|p2b: Arcanine|Arcanine, L50, M|100\/100\n|-ability|p2b: Arcanine|Intimidate|boost\n|-unboost|p1a: Little Foot|atk|1\n|-unboost|p1b: HIM|atk|1\n|-ability|p1b: HIM|Defiant|boost\n|-boost|p1b: HIM|atk|2\n|move|p1a: Little Foot|Protect|p1a: Little Foot\n|-singleturn|p1a: Little Foot|Protect\n|move|p1b: HIM|Sucker Punch||[still]\n|-fail|p1b: HIM\n|move|p2a: Palafin|Wave Crash|p1b: HIM\n|-resisted|p1b: HIM\n|-damage|p1b: HIM|0 fnt\n|faint|p1b: HIM\n|-damage|p2a: Palafin|95\/100|[from] Recoil\n|\n|upkeep\n|\n|t:|1681750552\n|switch|p1b: Jimothy|Sandy Shocks, L50|100\/100\n|turn|5\n|\n|t:|1681750580\n|switch|p2a: Baxcalibur|Baxcalibur, L50, F, tera:Ground|55\/100\n|move|p2b: Arcanine|Protect|p2b: Arcanine\n|-singleturn|p2b: Arcanine|Protect\n|move|p1b: Jimothy|Thunderbolt|p2a: Baxcalibur\n|-immune|p2a: Baxcalibur\n|move|p1a: Little Foot|Glaive Rush|p2a: Baxcalibur\n|-damage|p2a: Baxcalibur|10\/100\n|-singlemove|p1a: Little Foot|Glaive Rush|[silent]\n|\n|upkeep\n|turn|6\n|c|\u2606Aaron Mobile|I grew up on all of those lol\n|\n|t:|1681750604\n|switch|p2a: Palafin|Palafin-Hero, L50, F|95\/100\n|move|p1a: Little Foot|Ice Shard|p2a: Palafin\n|-resisted|p2a: Palafin\n|-damage|p2a: Palafin|87\/100\n|move|p1b: Jimothy|Thunderbolt|p2a: Palafin\n|-supereffective|p2a: Palafin\n|-crit|p2a: Palafin\n|-damage|p2a: Palafin|0 fnt\n|faint|p2a: Palafin\n|move|p2b: Arcanine|Flare Blitz|p1a: Little Foot\n|-crit|p1a: Little Foot\n|-damage|p1a: Little Foot|31\/100\n|-ability|p1a: Little Foot|Thermal Exchange|boost\n|-boost|p1a: Little Foot|atk|1\n|-damage|p2b: Arcanine|75\/100|[from] Recoil\n|\n|upkeep\n|\n|t:|1681750617\n|switch|p2a: Baxcalibur|Baxcalibur, L50, F, tera:Ground|10\/100\n|turn|7\n|c|\u2606Undentable|same\n|\n|t:|1681750639\n|move|p1a: Little Foot|Protect|p1a: Little Foot\n|-singleturn|p1a: Little Foot|Protect\n|move|p2a: Baxcalibur|Ice Shard|p1b: Jimothy\n|-supereffective|p1b: Jimothy\n|-damage|p1b: Jimothy|68\/100\n|move|p1b: Jimothy|Earth Power|p2b: Arcanine\n|-supereffective|p2b: Arcanine\n|-damage|p2b: Arcanine|0 fnt\n|faint|p2b: Arcanine\n|\n|-heal|p1b: Jimothy|74\/100|[from] item: Leftovers\n|upkeep\n|turn|8\n|c|\u2606Undentable|gg\n|c|\u2606Aaron Mobile|Gg\n|\n|t:|1681750656\n|move|p1a: Little Foot|Ice Shard|p2a: Baxcalibur\n|-supereffective|p2a: Baxcalibur\n|-damage|p2a: Baxcalibur|0 fnt\n|faint|p2a: Baxcalibur\n|\n|win|Aaron Mobile\n|raw|Aaron Mobile's rating: 1324 → 1351<\/strong> (+27 for winning)\n|raw|Undentable's rating: 1452 → 1425<\/strong> (-27 for losing)\n|l|\u2606Undentable\n","uploadtime":1681750799,"views":7,"p1id":"aaronmobile","p2id":"undentable","formatid":"gen9vgc2023regulationc","rating":1351,"private":0,"password":""}