{"id":"gen9vgc2023regulationc-1852381035","p1":"J0rdy2018","p2":"Renan 26","format":"[Gen 9] VGC 2023 Regulation C","log":"|j|\u2606J0rdy2018\n|j|\u2606Renan 26\n|t:|1682550578\n|gametype|doubles\n|player|p1|J0rdy2018|1|1344\n|player|p2|Renan 26|grimsley|1233\n|teamsize|p1|6\n|teamsize|p2|6\n|gen|9\n|tier|[Gen 9] VGC 2023 Regulation C\n|rated|\n|rule|Species Clause: Limit one of each Pok\u00e9mon\n|rule|Item Clause: Limit one of each item\n|clearpoke\n|poke|p1|Glimmora, L50, F|\n|poke|p1|Flutter Mane, L50|\n|poke|p1|Corviknight, L50, M|\n|poke|p1|Amoonguss, L50, F|\n|poke|p1|Ting-Lu, L50|\n|poke|p1|Palafin, L50, F|\n|poke|p2|Jumpluff, L50, F|\n|poke|p2|Flutter Mane, L50|\n|poke|p2|Torkoal, L50, M|\n|poke|p2|Chien-Pao, L50|\n|poke|p2|Great Tusk, L50|\n|poke|p2|Kingambit, L50, M|\n|teampreview|4\nRenan 26 has agreed to open team sheets.\n|\n|t:|1682550620\n|start\n|switch|p1a: Glimmora|Glimmora, L50, F|100\/100\n|switch|p1b: Palafin|Palafin, L50, F|100\/100\n|switch|p2a: Ougway|Torkoal, L50, M|100\/100\n|switch|p2b: Peach|Jumpluff, L50, F, shiny|100\/100\n|-weather|SunnyDay|[from] ability: Drought|[of] p2a: Ougway\n|turn|1\n|\n|t:|1682550637\n|-terastallize|p1a: Glimmora|Grass\n|move|p1b: Palafin|Protect|p1b: Palafin\n|-singleturn|p1b: Palafin|Protect\n|move|p2a: Ougway|Protect|p2a: Ougway\n|-singleturn|p2a: Ougway|Protect\n|move|p2b: Peach|Tailwind|p2b: Peach\n|-sidestart|p2: Renan 26|move: Tailwind\n|move|p1a: Glimmora|Power Gem|p2a: Ougway\n|-activate|p2a: Ougway|move: Protect\n|\n|-weather|SunnyDay|[upkeep]\n|upkeep\n|turn|2\n|\n|t:|1682550671\n|move|p1b: Palafin|Jet Punch|p2a: Ougway\n|-supereffective|p2a: Ougway\n|-damage|p2a: Ougway|80\/100\n|move|p2b: Peach|Sleep Powder|p1b: Palafin\n|-status|p1b: Palafin|slp|[from] move: Sleep Powder\n|move|p1a: Glimmora|Power Gem|p2a: Ougway\n|-supereffective|p2a: Ougway\n|-damage|p2a: Ougway|19\/100\n|move|p2a: Ougway|Overheat|p1a: Glimmora\n|-supereffective|p1a: Glimmora\n|-damage|p1a: Glimmora|12\/100\n|-unboost|p2a: Ougway|spa|2\n|-enditem|p2a: Ougway|Eject Pack\n|\n|t:|1682550690\n|switch|p2a: Dolly|Flutter Mane, L50|100\/100\n|-activate|p2a: Dolly|ability: Protosynthesis\n|-start|p2a: Dolly|protosynthesisspe\n|\n|-weather|SunnyDay|[upkeep]\n|upkeep\n|turn|3\n|\n|t:|1682550711\n|detailschange|p1b: Palafin|Palafin-Hero, L50, F\n|switch|p1b: Ting-Lu|Ting-Lu, L50|100\/100\n|-ability|p1b: Ting-Lu|Vessel of Ruin\n|move|p2b: Peach|Leaf Storm|p1b: Ting-Lu\n|-supereffective|p1b: Ting-Lu\n|-damage|p1b: Ting-Lu|66\/100\n|-unboost|p2b: Peach|spa|2\n|move|p2a: Dolly|Dazzling Gleam|p1a: Glimmora|[spread] p1a,p1b\n|-supereffective|p1b: Ting-Lu\n|-damage|p1a: Glimmora|0 fnt\n|-damage|p1b: Ting-Lu|11\/100\n|faint|p1a: Glimmora\n|\n|-weather|SunnyDay|[upkeep]\n|-heal|p1b: Ting-Lu|17\/100|[from] item: Leftovers\n|upkeep\n|\n|t:|1682550725\n|switch|p1a: Corviknight|Corviknight, L50, M|100\/100\n|turn|4\n|\n|t:|1682550735\n|move|p1b: Ting-Lu|Protect|p1b: Ting-Lu\n|-singleturn|p1b: Ting-Lu|Protect\n|move|p2b: Peach|Sleep Powder|p1a: Corviknight\n|-status|p1a: Corviknight|slp|[from] move: Sleep Powder\n|move|p2a: Dolly|Dazzling Gleam|p1a: Corviknight|[spread] p1a\n|-activate|p1b: Ting-Lu|move: Protect\n|-resisted|p1a: Corviknight\n|-damage|p1a: Corviknight|87\/100 slp\n|cant|p1a: Corviknight|slp\n|\n|-weather|SunnyDay|[upkeep]\n|-heal|p1b: Ting-Lu|23\/100|[from] item: Leftovers\n|-sideend|p2: Renan 26|move: Tailwind\n|upkeep\n|turn|5\n|\n|t:|1682550761\n|-end|p2a: Dolly|Protosynthesis|[silent]\n|switch|p2a: Ougway|Torkoal, L50, M|19\/100\n|move|p2b: Peach|Encore|p1b: Ting-Lu\n|-start|p1b: Ting-Lu|Encore\n|cant|p1a: Corviknight|slp\n|move|p1b: Ting-Lu|Protect||[still]\n|-fail|p1b: Ting-Lu\n|\n|-weather|none\n|-heal|p1b: Ting-Lu|30\/100|[from] item: Leftovers\n|upkeep\n|turn|6\n|\n|t:|1682550789\n|switch|p2b: O Rei dos Reis|Chien-Pao, L50|100\/100\n|-ability|p2b: O Rei dos Reis|Sword of Ruin\n|switch|p1a: Palafin|Palafin-Hero, L50, F|100\/100 slp\n|-activate|p1a: Palafin|ability: Zero to Hero\n|switch|p2a: Dolly|Flutter Mane, L50|100\/100\n|move|p1b: Ting-Lu|Protect||[still]\n|-fail|p1b: Ting-Lu\n|\n|-heal|p1b: Ting-Lu|36\/100|[from] item: Leftovers\n|upkeep\n|turn|7\n|\n|t:|1682550805\n|-terastallize|p2a: Dolly|Water\n|move|p1b: Ting-Lu|Protect|p1b: Ting-Lu\n|-singleturn|p1b: Ting-Lu|Protect\n|cant|p1a: Palafin|slp\n|move|p2b: O Rei dos Reis|Ice Spinner|p1b: Ting-Lu\n|-activate|p1b: Ting-Lu|move: Protect\n|move|p2a: Dolly|Thunderbolt|p1a: Palafin\n|-supereffective|p1a: Palafin\n|-damage|p1a: Palafin|22\/100 slp\n|\n|-heal|p1b: Ting-Lu|42\/100|[from] item: Leftovers\n|-end|p1b: Ting-Lu|Encore\n|upkeep\n|turn|8\n|\n|t:|1682550825\n|-curestatus|p1a: Palafin|slp|[msg]\n|move|p1a: Palafin|Jet Punch|p2b: O Rei dos Reis\n|-damage|p2b: O Rei dos Reis|36\/100\n|move|p2a: Dolly|Thunderbolt|p1a: Palafin\n|-supereffective|p1a: Palafin\n|-damage|p1a: Palafin|0 fnt\n|faint|p1a: Palafin\n|move|p2b: O Rei dos Reis|Ice Spinner|p1b: Ting-Lu\n|-supereffective|p1b: Ting-Lu\n|-damage|p1b: Ting-Lu|0 fnt\n|faint|p1b: Ting-Lu\n|\n|upkeep\n|-message|J0rdy2018 forfeited.\n|\n|win|Renan 26\n|raw|J0rdy2018's rating: 1344 → 1318<\/strong> (-26 for losing)\n|raw|Renan 26's rating: 1233 → 1266<\/strong> (+33 for winning)\n|l|\u2606J0rdy2018\n","uploadtime":1682550844,"views":10,"p1id":"j0rdy2018","p2id":"renan26","formatid":"gen9vgc2023regulationc","rating":1266,"private":0,"password":""}