{"id":"gen9vgc2023regulationc-1854827034","p1":"Keveloper","p2":"HeffNastyy","format":"[Gen 9] VGC 2023 Regulation C","log":"|j|\u2606Keveloper\n|j|\u2606HeffNastyy\n|t:|1682870656\n|gametype|doubles\n|player|p1|Keveloper|lucas|\n|player|p2|HeffNastyy|lance|\n|teamsize|p1|6\n|teamsize|p2|6\n|gen|9\n|tier|[Gen 9] VGC 2023 Regulation C\n|rule|Species Clause: Limit one of each Pok\u00e9mon\n|rule|Item Clause: Limit one of each item\n|clearpoke\n|poke|p1|Orthworm, L50, M|\n|poke|p1|Dragonite, L50, F|\n|poke|p1|Ting-Lu, L50|\n|poke|p1|Gyarados, L50, F|\n|poke|p1|Flutter Mane, L50|\n|poke|p1|Chien-Pao, L50|\n|poke|p2|Garchomp, L50, F|\n|poke|p2|Chien-Pao, L50|\n|poke|p2|Talonflame, L50, F|\n|poke|p2|Gyarados, L50, M|\n|poke|p2|Flutter Mane, L50|\n|poke|p2|Iron Hands, L50|\n|teampreview|4\nHeffNastyy has agreed to open team sheets.\n|c|\u2606Keveloper|r1\nKeveloper has agreed to open team sheets.\n|c|\u2606Keveloper|You ready?\n|c|\u2606HeffNastyy|yeah just waiting for smoke to get in here\n|c|\u2606Keveloper|aight\n|j| SirSmokeVGC\n|c|\u2606HeffNastyy|gl hf\n|c|\u2606Keveloper|glhf\n|inactive|Battle timer is ON: inactive players will automatically lose when time's up. (requested by Keveloper)\n|inactive|HeffNastyy has 60 seconds left.\n|\n|t:|1682870814\n|start\n|switch|p1a: Orthworm|Orthworm, L50, M|100\/100\n|switch|p1b: Gyarados|Gyarados, L50, F|100\/100\n|switch|p2a: Phoenix|Talonflame, L50, F, shiny|100\/100\n|switch|p2b: Lilith|Flutter Mane, L50, shiny|100\/100\n|-ability|p1b: Gyarados|Intimidate|boost\n|-unboost|p2a: Phoenix|atk|1\n|-unboost|p2b: Lilith|atk|1\n|-enditem|p2b: Lilith|Booster Energy\n|-activate|p2b: Lilith|ability: Protosynthesis|[fromitem]\n|-start|p2b: Lilith|protosynthesisspa\n|turn|1\n|inactive|Keveloper has 30 seconds left.\n|inactive|HeffNastyy has 30 seconds left.\n|inactive|HeffNastyy has 20 seconds left.\n|inactive|HeffNastyy has 15 seconds left.\n|inactive|HeffNastyy has 10 seconds left.\n|\n|t:|1682870862\n|-end|p2b: Lilith|Protosynthesis|[silent]\n|switch|p2b: Riley|Iron Hands, L50|100\/100\n|switch|p1b: Ting-Lu|Ting-Lu, L50|100\/100\n|-ability|p1b: Ting-Lu|Vessel of Ruin\n|move|p2a: Phoenix|Tailwind|p2a: Phoenix\n|-sidestart|p2: HeffNastyy|move: Tailwind\n|move|p1a: Orthworm|Heavy Slam|p2b: Riley\n|-resisted|p2b: Riley\n|-damage|p2b: Riley|96\/100\n|\n|upkeep\n|turn|2\n|inactive|Keveloper has 30 seconds left.\n|inactive|HeffNastyy has 30 seconds left.\n|\n|t:|1682870898\n|-terastallize|p2b: Riley|Grass\n|move|p2a: Phoenix|Flare Blitz|p1a: Orthworm\n|-supereffective|p1a: Orthworm\n|-damage|p1a: Orthworm|68\/100\n|-status|p1a: Orthworm|brn\n|-damage|p2a: Phoenix|91\/100|[from] Recoil\n|move|p2b: Riley|Drain Punch|p1a: Orthworm\n|-supereffective|p1a: Orthworm\n|-damage|p1a: Orthworm|9\/100 brn\n|-heal|p2b: Riley|100\/100|[from] drain|[of] p1a: Orthworm\n|-enditem|p1a: Orthworm|Sitrus Berry|[eat]\n|-heal|p1a: Orthworm|34\/100 brn|[from] item: Sitrus Berry\n|move|p1b: Ting-Lu|Bulldoze|p2a: Phoenix|[spread] p2b\n|-heal|p1a: Orthworm|59\/100 brn|[from] ability: Earth Eater|[of] p1b: Ting-Lu\n|-immune|p2a: Phoenix\n|-resisted|p2b: Riley\n|-damage|p2b: Riley|93\/100\n|-unboost|p2b: Riley|spe|1\n|move|p1a: Orthworm|Iron Defense|p1a: Orthworm\n|-boost|p1a: Orthworm|def|2\n|\n|-damage|p1a: Orthworm|53\/100 brn|[from] brn\n|upkeep\n|turn|3\n|inactive|HeffNastyy has 30 seconds left.\n|inactive|Keveloper has 30 seconds left.\n|\n|t:|1682870932\n|switch|p2a: Lilith|Flutter Mane, L50, shiny|100\/100\n|move|p2b: Riley|Drain Punch|p1b: Ting-Lu\n|-supereffective|p1b: Ting-Lu\n|-damage|p1b: Ting-Lu|44\/100\n|-heal|p2b: Riley|100\/100|[from] drain|[of] p1b: Ting-Lu\n|move|p1b: Ting-Lu|Bulldoze|p2a: Lilith|[spread] p2a,p2b\n|-heal|p1a: Orthworm|78\/100 brn|[from] ability: Earth Eater|[of] p1b: Ting-Lu\n|-resisted|p2b: Riley\n|-damage|p2a: Lilith|70\/100\n|-damage|p2b: Riley|92\/100\n|-unboost|p2a: Lilith|spe|1\n|-unboost|p2b: Riley|spe|1\n|move|p1a: Orthworm|Shed Tail|p1a: Orthworm\n|-start|p1a: Orthworm|Substitute|[from] move: Shed Tail\n|-damage|p1a: Orthworm|28\/100 brn\n|\n|t:|1682870944\n|switch|p1a: Dragonite|Dragonite, L50, F|100\/100|[from] Shed Tail\n|\n|upkeep\n|turn|4\n|\n|t:|1682870970\n|switch|p1b: Gyarados|Gyarados, L50, F|100\/100\n|-ability|p1b: Gyarados|Intimidate|boost\n|-unboost|p2a: Lilith|atk|1\n|-unboost|p2b: Riley|atk|1\n|-terastallize|p1a: Dragonite|Flying\n|move|p2a: Lilith|Dazzling Gleam|p1a: Dragonite|[spread] p1a,p1b\n|-activate|p1a: Dragonite|move: Substitute|[damage]\n|-damage|p1b: Gyarados|76\/100\n|move|p1a: Dragonite|Dragon Dance|p1a: Dragonite\n|-boost|p1a: Dragonite|atk|1\n|-boost|p1a: Dragonite|spe|1\n|move|p2b: Riley|Drain Punch|p1b: Gyarados\n|-resisted|p1b: Gyarados\n|-damage|p1b: Gyarados|63\/100\n|-heal|p2b: Riley|97\/100|[from] drain|[of] p1b: Gyarados\n|\n|-sideend|p2: HeffNastyy|move: Tailwind\n|upkeep\n|turn|5\n|inactive|HeffNastyy has 30 seconds left.\n|\n|t:|1682871002\n|-end|p2a: Lilith|Protosynthesis|[silent]\n|switch|p2a: Phoenix|Talonflame, L50, F, shiny|91\/100\n|move|p1a: Dragonite|Earthquake|p2a: Phoenix|[spread] p2b\n|-immune|p1b: Gyarados\n|-immune|p2a: Phoenix\n|-resisted|p2b: Riley\n|-damage|p2b: Riley|84\/100\n|move|p1b: Gyarados|Thunder Wave|p2b: Riley\n|-status|p2b: Riley|par\n|cant|p2b: Riley|par\n|\n|upkeep\n|turn|6\n|c|\u2606HeffNastyy|geez that hurts\n|inactive|Keveloper has 30 seconds left.\n|inactive|HeffNastyy has 30 seconds left.\n|inactive|HeffNastyy has 20 seconds left.\n|inactive|HeffNastyy has 15 seconds left.\n|inactive|HeffNastyy has 10 seconds left.\n|\n|t:|1682871049\n|move|p1a: Dragonite|Tera Blast|p2b: Riley\n|-supereffective|p2b: Riley\n|-damage|p2b: Riley|0 fnt\n|faint|p2b: Riley\n|-end|p2b: Riley|Quark Drive|[silent]\n|move|p2a: Phoenix|Tailwind|p2a: Phoenix\n|-sidestart|p2: HeffNastyy|move: Tailwind\n|move|p1b: Gyarados|Thunder Wave|p2a: Phoenix\n|-status|p2a: Phoenix|par\n|\n|upkeep\n|\n|t:|1682871059\n|switch|p2b: Diego|Chien-Pao, L50|100\/100\n|-ability|p2b: Diego|Sword of Ruin\n|turn|7\n|inactive|Keveloper has 30 seconds left.\n|\n|t:|1682871093\n|move|p2b: Diego|Protect|p2b: Diego\n|-singleturn|p2b: Diego|Protect\n|move|p1a: Dragonite|Tera Blast|p2b: Diego\n|-activate|p2b: Diego|move: Protect\n|move|p2a: Phoenix|Brave Bird|p1a: Dragonite\n|-end|p1a: Dragonite|Substitute\n|-damage|p2a: Phoenix|87\/100 par|[from] Recoil|[of] p1a: Dragonite\n|move|p1b: Gyarados|Waterfall|p2b: Diego\n|-activate|p2b: Diego|move: Protect\n|\n|upkeep\n|turn|8\n|inactive|HeffNastyy has 30 seconds left.\n|\n|t:|1682871121\n|move|p2b: Diego|Ice Spinner|p1a: Dragonite\n|-supereffective|p1a: Dragonite\n|-damage|p1a: Dragonite|37\/100\n|move|p1a: Dragonite|Tera Blast|p2b: Diego\n|-enditem|p2b: Diego|Focus Sash\n|-damage|p2b: Diego|1\/100\n|move|p2a: Phoenix|Brave Bird|p1b: Gyarados\n|-damage|p1b: Gyarados|20\/100\n|-damage|p2a: Phoenix|72\/100 par|[from] Recoil\n|move|p1b: Gyarados|Thunder Wave|p2b: Diego\n|-status|p2b: Diego|par\n|\n|upkeep\n|turn|9\n|inactive|Keveloper has 30 seconds left.\n|\n|t:|1682871156\n|switch|p1a: Orthworm|Orthworm, L50, M|28\/100 brn\n|move|p2b: Diego|Sucker Punch||[still]\n|-fail|p2b: Diego\n|move|p2a: Phoenix|Brave Bird|p1a: Orthworm\n|-resisted|p1a: Orthworm\n|-damage|p1a: Orthworm|13\/100 brn\n|-damage|p2a: Phoenix|67\/100 par|[from] Recoil\n|move|p1b: Gyarados|Bulldoze|p2b: Diego|[spread] p2b\n|-heal|p1a: Orthworm|38\/100 brn|[from] ability: Earth Eater|[of] p1b: Gyarados\n|-immune|p2a: Phoenix\n|-damage|p2b: Diego|0 fnt\n|faint|p2b: Diego\n|\n|-damage|p1a: Orthworm|32\/100 brn|[from] brn\n|-sideend|p2: HeffNastyy|move: Tailwind\n|upkeep\n|\n|t:|1682871172\n|switch|p2b: Lilith|Flutter Mane, L50, shiny|70\/100\n|turn|10\n|\n|t:|1682871183\n|move|p2b: Lilith|Shadow Ball|p1a: Orthworm\n|-damage|p1a: Orthworm|0 fnt\n|faint|p1a: Orthworm\n|move|p1b: Gyarados|Bulldoze|p2a: Phoenix|[spread] p2b\n|-immune|p2a: Phoenix\n|-crit|p2b: Lilith\n|-damage|p2b: Lilith|45\/100\n|-unboost|p2b: Lilith|spe|1\n|move|p2a: Phoenix|Tailwind|p2a: Phoenix\n|-sidestart|p2: HeffNastyy|move: Tailwind\n|\n|upkeep\n|\n|t:|1682871190\n|switch|p1a: Ting-Lu|Ting-Lu, L50|44\/100\n|-ability|p1a: Ting-Lu|Vessel of Ruin\n|turn|11\n|\n|t:|1682871212\n|move|p2b: Lilith|Moonblast|p1a: Ting-Lu\n|-supereffective|p1a: Ting-Lu\n|-damage|p1a: Ting-Lu|3\/100\n|cant|p2a: Phoenix|par\n|move|p1b: Gyarados|Waterfall|p2b: Lilith\n|-damage|p2b: Lilith|0 fnt\n|faint|p2b: Lilith\n|-end|p2b: Lilith|Protosynthesis|[silent]\n|move|p1a: Ting-Lu|Rock Slide|p2a: Phoenix\n|-supereffective|p2a: Phoenix\n|-damage|p2a: Phoenix|0 fnt\n|faint|p2a: Phoenix\n|\n|win|Keveloper\n|c|\u2606HeffNastyy|gg\n|c|\u2606Keveloper|gg\n|l| SirSmokeVGC\n|l|\u2606Keveloper\n","uploadtime":1682871220,"views":12,"p1id":"keveloper","p2id":"heffnastyy","formatid":"gen9vgc2023regulationc","rating":0,"private":0,"password":""}