{"id":"gen9vgc2023regulationc-1845722516","p1":"EddTest777","p2":"Blackless","format":"[Gen 9] VGC 2023 Regulation C","log":"|j|\u2606EddTest777\n|j|\u2606Blackless\n|t:|1681758599\n|gametype|doubles\n|player|p1|EddTest777|bugcatcher-gen4dp|1291\n|player|p2|Blackless|palmer|1254\n|teamsize|p1|6\n|teamsize|p2|6\n|gen|9\n|tier|[Gen 9] VGC 2023 Regulation C\n|rated|\n|rule|Species Clause: Limit one of each Pok\u00e9mon\n|rule|Item Clause: Limit one of each item\n|clearpoke\n|poke|p1|Chien-Pao, L50|\n|poke|p1|Azumarill, L50, F|\n|poke|p1|Amoonguss, L50, M|\n|poke|p1|Flutter Mane, L50|\n|poke|p1|Arcanine, L50, M|\n|poke|p1|Ting-Lu, L50|\n|poke|p2|Chi-Yu, L50|\n|poke|p2|Iron Bundle, L50|\n|poke|p2|Espathra, L50, F|\n|poke|p2|Sandy Shocks, L50|\n|poke|p2|Corviknight, L50, M|\n|poke|p2|Iron Hands, L50|\n|teampreview|4\n|\n|t:|1681758657\n|start\n|switch|p1a: Arcanine|Arcanine, L50, M|100\/100\n|switch|p1b: Ting-Lu|Ting-Lu, L50|100\/100\n|switch|p2a: Iron Hands|Iron Hands, L50|100\/100\n|switch|p2b: Iron Bundle|Iron Bundle, L50|100\/100\n|-ability|p1a: Arcanine|Intimidate|boost\n|-unboost|p2a: Iron Hands|atk|1\n|-unboost|p2b: Iron Bundle|atk|1\n|-ability|p1b: Ting-Lu|Vessel of Ruin\n|turn|1\n|\n|t:|1681758676\n|switch|p1a: Amoonguss|Amoonguss, L50, M|100\/100\n|move|p2a: Iron Hands|Fake Out|p1a: Amoonguss\n|-damage|p1a: Amoonguss|92\/100\n|move|p2b: Iron Bundle|Hydro Pump|p1b: Ting-Lu\n|-supereffective|p1b: Ting-Lu\n|-damage|p1b: Ting-Lu|37\/100\n|move|p1b: Ting-Lu|Stomping Tantrum|p2a: Iron Hands\n|-supereffective|p2a: Iron Hands\n|-damage|p2a: Iron Hands|58\/100\n|\n|-heal|p1b: Ting-Lu|43\/100|[from] item: Leftovers\n|upkeep\n|turn|2\n|\n|t:|1681758704\n|-end|p2a: Iron Hands|Quark Drive|[silent]\n|switch|p2a: Corviknight|Corviknight, L50, M|100\/100\n|move|p1a: Amoonguss|Rage Powder|p1a: Amoonguss\n|-singleturn|p1a: Amoonguss|move: Rage Powder\n|move|p2b: Iron Bundle|Freeze-Dry|p1a: Amoonguss\n|-supereffective|p1a: Amoonguss\n|-damage|p1a: Amoonguss|43\/100\n|-status|p1a: Amoonguss|frz\n|-enditem|p1a: Amoonguss|Sitrus Berry|[eat]\n|-heal|p1a: Amoonguss|67\/100 frz|[from] item: Sitrus Berry\n|move|p1b: Ting-Lu|Fissure|p2b: Iron Bundle\n|-damage|p2b: Iron Bundle|0 fnt\n|faint|p2b: Iron Bundle\n|-end|p2b: Iron Bundle|Quark Drive|[silent]\n|-ohko\n|\n|-heal|p1b: Ting-Lu|49\/100|[from] item: Leftovers\n|upkeep\n|\n|t:|1681758722\n|switch|p2b: Chi-Yu|Chi-Yu, L50|100\/100\n|-ability|p2b: Chi-Yu|Beads of Ruin\n|turn|3\n|\n|t:|1681758742\n|-terastallize|p1a: Amoonguss|Water\n|move|p1b: Ting-Lu|Protect|p1b: Ting-Lu\n|-singleturn|p1b: Ting-Lu|Protect\n|move|p2b: Chi-Yu|Heat Wave|p1a: Amoonguss|[spread] p1a\n|-activate|p1b: Ting-Lu|move: Protect\n|-resisted|p1a: Amoonguss\n|-damage|p1a: Amoonguss|50\/100 frz\n|-curestatus|p1a: Amoonguss|frz|[msg]\n|move|p2a: Corviknight|Iron Head|p1b: Ting-Lu\n|-activate|p1b: Ting-Lu|move: Protect\n|move|p1a: Amoonguss|Spore|p2a: Corviknight\n|-status|p2a: Corviknight|slp|[from] move: Spore\n|\n|-heal|p1b: Ting-Lu|55\/100|[from] item: Leftovers\n|upkeep\n|turn|4\n|\n|t:|1681758764\n|move|p2b: Chi-Yu|Heat Wave|p1a: Amoonguss|[spread] p1a,p1b\n|-resisted|p1a: Amoonguss\n|-damage|p1a: Amoonguss|32\/100\n|-damage|p1b: Ting-Lu|25\/100\n|cant|p2a: Corviknight|slp\n|move|p1b: Ting-Lu|Stomping Tantrum|p2b: Chi-Yu\n|-supereffective|p2b: Chi-Yu\n|-damage|p2b: Chi-Yu|0 fnt\n|faint|p2b: Chi-Yu\n|move|p1a: Amoonguss|Pollen Puff|p1b: Ting-Lu\n|-heal|p1b: Ting-Lu|75\/100\n|\n|-heal|p1b: Ting-Lu|82\/100|[from] item: Leftovers\n|upkeep\n|\n|t:|1681758772\n|switch|p2b: Iron Hands|Iron Hands, L50|58\/100\n|turn|5\n|\n|t:|1681758794\n|switch|p1a: Flutter Mane|Flutter Mane, L50|100\/100\n|-enditem|p1a: Flutter Mane|Booster Energy\n|-activate|p1a: Flutter Mane|ability: Protosynthesis|[fromitem]\n|-start|p1a: Flutter Mane|protosynthesisspa\n|cant|p2a: Corviknight|slp\n|move|p1b: Ting-Lu|Stomping Tantrum|p2b: Iron Hands\n|-supereffective|p2b: Iron Hands\n|-damage|p2b: Iron Hands|19\/100\n|move|p2b: Iron Hands|Drain Punch|p1b: Ting-Lu\n|-supereffective|p1b: Ting-Lu\n|-damage|p1b: Ting-Lu|30\/100\n|-heal|p2b: Iron Hands|43\/100|[from] drain|[of] p1b: Ting-Lu\n|\n|-heal|p1b: Ting-Lu|36\/100|[from] item: Leftovers\n|upkeep\n|turn|6\n|\n|t:|1681758817\n|switch|p1b: Amoonguss|Amoonguss, L50, M, tera:Water|66\/100\n|-terastallize|p2b: Iron Hands|Grass\n|move|p1a: Flutter Mane|Moonblast|p2b: Iron Hands\n|-damage|p2b: Iron Hands|6\/100\n|-unboost|p2b: Iron Hands|spa|1\n|-curestatus|p2a: Corviknight|slp|[msg]\n|move|p2a: Corviknight|Iron Head|p1a: Flutter Mane\n|-supereffective|p1a: Flutter Mane\n|-damage|p1a: Flutter Mane|0 fnt\n|faint|p1a: Flutter Mane\n|-end|p1a: Flutter Mane|Protosynthesis|[silent]\n|move|p2b: Iron Hands|Drain Punch|p1b: Amoonguss\n|-damage|p1b: Amoonguss|32\/100\n|-heal|p2b: Iron Hands|21\/100|[from] drain|[of] p1b: Amoonguss\n|\n|upkeep\n|\n|t:|1681758838\n|switch|p1a: Arcanine|Arcanine, L50, M|100\/100\n|-ability|p1a: Arcanine|Intimidate|boost\n|-ability|p2a: Corviknight|Mirror Armor\n|-unboost|p1a: Arcanine|atk|1\n|-unboost|p2b: Iron Hands|atk|1\n|turn|7\n|\n|t:|1681758846\n|switch|p1b: Ting-Lu|Ting-Lu, L50|36\/100\n|-ability|p1b: Ting-Lu|Vessel of Ruin\n|move|p1a: Arcanine|Flare Blitz|p2b: Iron Hands\n|-supereffective|p2b: Iron Hands\n|-damage|p2b: Iron Hands|0 fnt\n|faint|p2b: Iron Hands\n|-end|p2b: Iron Hands|Quark Drive|[silent]\n|-damage|p1a: Arcanine|92\/100|[from] Recoil\n|move|p2a: Corviknight|Iron Head|p1b: Ting-Lu\n|-damage|p1b: Ting-Lu|6\/100\n|\n|-heal|p1b: Ting-Lu|12\/100|[from] item: Leftovers\n|upkeep\n|turn|8\n|inactive|Battle timer is ON: inactive players will automatically lose when time's up. (requested by Blackless)\n|\n|t:|1681758863\n|switch|p1b: Amoonguss|Amoonguss, L50, M, tera:Water|65\/100\n|move|p1a: Arcanine|Will-O-Wisp|p2a: Corviknight|[miss]\n|-miss|p1a: Arcanine|p2a: Corviknight\n|move|p2a: Corviknight|Iron Head|p1a: Arcanine\n|-resisted|p1a: Arcanine\n|-damage|p1a: Arcanine|66\/100\n|\n|upkeep\n|turn|9\n|l|\u2606Blackless\n|inactive|Blackless disconnected and has a minute to reconnect!\n|player|p2|\n|\n|t:|1681758881\n|move|p1a: Arcanine|Flare Blitz|p2a: Corviknight\n|-supereffective|p2a: Corviknight\n|-damage|p2a: Corviknight|35\/100\n|-damage|p1a: Arcanine|47\/100|[from] Recoil\n|move|p2a: Corviknight|Iron Head|p1a: Arcanine\n|-resisted|p1a: Arcanine\n|-damage|p1a: Arcanine|22\/100\n|move|p1b: Amoonguss|Spore|p2a: Corviknight\n|-status|p2a: Corviknight|slp|[from] move: Spore\n|\n|upkeep\n|turn|10\n|inactive|Blackless has 30 seconds left.\n|inactive|Blackless has 20 seconds left.\n|inactive|Blackless has 15 seconds left.\n|inactive|Blackless has 10 seconds left.\n|inactive|Blackless has 5 seconds left.\n|-message|Blackless lost due to inactivity.\n|\n|win|EddTest777\n|raw|EddTest777's rating: 1291 → 1313<\/strong> (+22 for winning)\n|raw|Blackless's rating: 1254 → 1232<\/strong> (-22 for losing)\n","uploadtime":1681758954,"views":9,"p1id":"eddtest777","p2id":"blackless","formatid":"gen9vgc2023regulationc","rating":1232,"private":0,"password":""}