{"id":"gen9vgc2023regulationc-1845021209","p1":"Astonished_25","p2":"Gerbacia14","format":"[Gen 9] VGC 2023 Regulation C","log":"|j|\u2606Astonished_25\n|j|\u2606Gerbacia14\n|t:|1681674873\n|gametype|doubles\n|player|p1|Astonished_25|tate|\n|player|p2|Gerbacia14|benga|\n|teamsize|p1|6\n|teamsize|p2|6\n|gen|9\n|tier|[Gen 9] VGC 2023 Regulation C\n|rule|Species Clause: Limit one of each Pok\u00e9mon\n|rule|Item Clause: Limit one of each item\n|clearpoke\n|poke|p1|Ting-Lu, L50|\n|poke|p1|Grimmsnarl, L50, M|\n|poke|p1|Gastrodon, L50, F|\n|poke|p1|Annihilape, L50, M|\n|poke|p1|Arcanine, L50, F|\n|poke|p1|Wo-Chien, L50|\n|poke|p2|Wo-Chien, L50|\n|poke|p2|Glimmora, L50, M|\n|poke|p2|Chi-Yu, L50|\n|poke|p2|Flutter Mane, L50|\n|poke|p2|Dondozo, L50, M|\n|poke|p2|Tatsugiri, L50, M|\n|teampreview|4\nGerbacia14 has agreed to open team sheets.\nAstonished_25 has agreed to open team sheets.\n|\n|t:|1681674903\n|start\n|switch|p1a: Grimmsnarl|Grimmsnarl, L50, M|100\/100\n|switch|p1b: Ting-Lu|Ting-Lu, L50|100\/100\n|switch|p2a: Glimmora|Glimmora, L50, M|100\/100\n|switch|p2b: Dondozo|Dondozo, L50, M|100\/100\n|-ability|p1b: Ting-Lu|Vessel of Ruin\n|turn|1\n|\n|t:|1681674935\n|-terastallize|p2a: Glimmora|Grass\n|move|p1a: Grimmsnarl|Parting Shot|p2b: Dondozo\n|-unboost|p2b: Dondozo|atk|1\n|-unboost|p2b: Dondozo|spa|1\n|\n|t:|1681674948\n|switch|p1a: Wo-Chien|Wo-Chien, L50|100\/100|[from] Parting Shot\n|-ability|p1a: Wo-Chien|Tablets of Ruin\n|move|p2a: Glimmora|Mortal Spin|p1b: Ting-Lu|[spread] p1a,p1b\n|-supereffective|p1a: Wo-Chien\n|-resisted|p1b: Ting-Lu\n|-damage|p1a: Wo-Chien|96\/100\n|-damage|p1b: Ting-Lu|99\/100\n|-status|p1a: Wo-Chien|psn\n|-status|p1b: Ting-Lu|psn\n|move|p2b: Dondozo|Substitute|p2b: Dondozo\n|-start|p2b: Dondozo|Substitute\n|-damage|p2b: Dondozo|75\/100\n|move|p1b: Ting-Lu|Earthquake|p2a: Glimmora|[spread] p1a,p2a,p2b\n|-activate|p2b: Dondozo|move: Substitute|[damage]\n|-resisted|p1a: Wo-Chien\n|-resisted|p2a: Glimmora\n|-damage|p1a: Wo-Chien|88\/100 psn\n|-damage|p2a: Glimmora|89\/100\n|\n|-heal|p1a: Wo-Chien|94\/100 psn|[from] item: Leftovers\n|-heal|p2b: Dondozo|82\/100|[from] item: Leftovers\n|-damage|p1a: Wo-Chien|82\/100 psn|[from] psn\n|-damage|p1b: Ting-Lu|87\/100 psn|[from] psn\n|upkeep\n|turn|2\n|\n|t:|1681674965\n|move|p2a: Glimmora|Spiky Shield|p2a: Glimmora\n|-singleturn|p2a: Glimmora|move: Protect\n|move|p2b: Dondozo|Protect|p2b: Dondozo\n|-singleturn|p2b: Dondozo|Protect\n|move|p1a: Wo-Chien|Giga Drain|p2b: Dondozo\n|-activate|p2b: Dondozo|move: Protect\n|move|p1b: Ting-Lu|Heavy Slam|p2a: Glimmora\n|-activate|p2a: Glimmora|move: Protect\n|-damage|p1b: Ting-Lu|75\/100 psn|[from] Spiky Shield|[of] p2a: Glimmora\n|\n|-heal|p1a: Wo-Chien|88\/100 psn|[from] item: Leftovers\n|-heal|p2b: Dondozo|88\/100|[from] item: Leftovers\n|-damage|p1a: Wo-Chien|75\/100 psn|[from] psn\n|-damage|p1b: Ting-Lu|62\/100 psn|[from] psn\n|upkeep\n|turn|3\n|\n|t:|1681674979\n|switch|p2a: Wo-Chien|Wo-Chien, L50|100\/100\n|-ability|p2a: Wo-Chien|Tablets of Ruin\n|move|p1a: Wo-Chien|Giga Drain|p2b: Dondozo\n|-supereffective|p2b: Dondozo\n|-end|p2b: Dondozo|Substitute\n|-heal|p1a: Wo-Chien|82\/100 psn|[from] drain|[of] p2b: Dondozo\n|move|p2b: Dondozo|Fissure|p1a: Wo-Chien|[miss]\n|-miss|p2b: Dondozo|p1a: Wo-Chien\n|move|p1b: Ting-Lu|Heavy Slam|p2a: Wo-Chien\n|-damage|p2a: Wo-Chien|84\/100\n|\n|-heal|p1a: Wo-Chien|89\/100 psn|[from] item: Leftovers\n|-heal|p2b: Dondozo|94\/100|[from] item: Leftovers\n|-damage|p1a: Wo-Chien|76\/100 psn|[from] psn\n|-damage|p1b: Ting-Lu|50\/100 psn|[from] psn\n|upkeep\n|turn|4\n|\n|t:|1681675002\n|move|p2a: Wo-Chien|Pollen Puff|p1a: Wo-Chien\n|-supereffective|p1a: Wo-Chien\n|-damage|p1a: Wo-Chien|33\/100 psn\n|move|p1a: Wo-Chien|Pollen Puff|p1b: Ting-Lu\n|-heal|p1b: Ting-Lu|99\/100 psn\n|move|p2b: Dondozo|Substitute|p2b: Dondozo\n|-start|p2b: Dondozo|Substitute\n|-damage|p2b: Dondozo|69\/100\n|move|p1b: Ting-Lu|Heavy Slam|p2a: Wo-Chien\n|-damage|p2a: Wo-Chien|67\/100\n|\n|-heal|p1a: Wo-Chien|39\/100 psn|[from] item: Leftovers\n|-heal|p2b: Dondozo|75\/100|[from] item: Leftovers\n|-damage|p1a: Wo-Chien|27\/100 psn|[from] psn\n|-damage|p1b: Ting-Lu|87\/100 psn|[from] psn\n|upkeep\n|turn|5\n|\n|t:|1681675040\n|switch|p1a: Grimmsnarl|Grimmsnarl, L50, M|100\/100\n|move|p2a: Wo-Chien|Pollen Puff|p1a: Grimmsnarl\n|-damage|p1a: Grimmsnarl|87\/100\n|move|p2b: Dondozo|Fissure|p1b: Ting-Lu|[miss]\n|-miss|p2b: Dondozo|p1b: Ting-Lu\n|move|p1b: Ting-Lu|Earthquake|p2b: Dondozo|[spread] p1a,p2a,p2b\n|-activate|p2b: Dondozo|move: Substitute|[damage]\n|-resisted|p2a: Wo-Chien\n|-damage|p1a: Grimmsnarl|65\/100\n|-damage|p2a: Wo-Chien|60\/100\n|\n|-heal|p2b: Dondozo|82\/100|[from] item: Leftovers\n|-damage|p1b: Ting-Lu|75\/100 psn|[from] psn\n|upkeep\n|turn|6\n|\n|t:|1681675064\n|move|p2a: Wo-Chien|Leech Seed|p1b: Ting-Lu\n|-start|p1b: Ting-Lu|move: Leech Seed\n|move|p2b: Dondozo|Wave Crash|p1a: Grimmsnarl\n|-damage|p1a: Grimmsnarl|44\/100\n|-damage|p2b: Dondozo|76\/100|[from] Recoil\n|move|p1a: Grimmsnarl|Spirit Break|p2a: Wo-Chien\n|-supereffective|p2a: Wo-Chien\n|-damage|p2a: Wo-Chien|28\/100\n|-unboost|p2a: Wo-Chien|spa|1\n|-enditem|p2a: Wo-Chien|Sitrus Berry|[eat]\n|-heal|p2a: Wo-Chien|53\/100|[from] item: Sitrus Berry\n|move|p1b: Ting-Lu|Earthquake|p2b: Dondozo|[spread] p1a,p2a,p2b\n|-end|p2b: Dondozo|Substitute\n|-resisted|p2a: Wo-Chien\n|-damage|p1a: Grimmsnarl|21\/100\n|-damage|p2a: Wo-Chien|46\/100\n|\n|-heal|p2b: Dondozo|82\/100|[from] item: Leftovers\n|-damage|p1b: Ting-Lu|62\/100 psn|[from] Leech Seed|[of] p2a: Wo-Chien\n|-heal|p2a: Wo-Chien|61\/100|[silent]\n|-damage|p1b: Ting-Lu|50\/100 psn|[from] psn\n|upkeep\n|turn|7\n|\n|t:|1681675091\n|move|p2a: Wo-Chien|Protect|p2a: Wo-Chien\n|-singleturn|p2a: Wo-Chien|Protect\n|move|p2b: Dondozo|Protect|p2b: Dondozo\n|-singleturn|p2b: Dondozo|Protect\n|move|p1a: Grimmsnarl|Parting Shot|p2b: Dondozo\n|-activate|p2b: Dondozo|move: Protect\n|move|p1b: Ting-Lu|Heavy Slam|p2a: Wo-Chien\n|-activate|p2a: Wo-Chien|move: Protect\n|\n|-heal|p2b: Dondozo|88\/100|[from] item: Leftovers\n|-damage|p1b: Ting-Lu|37\/100 psn|[from] Leech Seed|[of] p2a: Wo-Chien\n|-heal|p2a: Wo-Chien|77\/100|[silent]\n|-damage|p1b: Ting-Lu|25\/100 psn|[from] psn\n|upkeep\n|turn|8\n|\n|t:|1681675108\n|switch|p1b: Gastrodon|Gastrodon, L50, F|100\/100\n|move|p2a: Wo-Chien|Pollen Puff|p1a: Grimmsnarl\n|-damage|p1a: Grimmsnarl|7\/100\n|move|p2b: Dondozo|Substitute|p2b: Dondozo\n|-start|p2b: Dondozo|Substitute\n|-damage|p2b: Dondozo|63\/100\n|move|p1a: Grimmsnarl|Spirit Break|p2b: Dondozo\n|-activate|p2b: Dondozo|move: Substitute|[damage]\n|\n|-heal|p2b: Dondozo|70\/100|[from] item: Leftovers\n|upkeep\n|turn|9\n|\n|t:|1681675134\n|move|p2a: Wo-Chien|Pollen Puff|p1a: Grimmsnarl\n|-damage|p1a: Grimmsnarl|0 fnt\n|faint|p1a: Grimmsnarl\n|move|p2b: Dondozo|Fissure|p1b: Gastrodon|[miss]\n|-miss|p2b: Dondozo|p1b: Gastrodon\n|move|p1b: Gastrodon|Ice Beam|p2a: Wo-Chien\n|-supereffective|p2a: Wo-Chien\n|-damage|p2a: Wo-Chien|42\/100\n|\n|-heal|p2b: Dondozo|76\/100|[from] item: Leftovers\n|upkeep\n|\n|t:|1681675162\n|switch|p1a: Wo-Chien|Wo-Chien, L50|27\/100 psn\n|-ability|p1a: Wo-Chien|Tablets of Ruin\n|turn|10\n|\n|t:|1681675171\n|-terastallize|p1a: Wo-Chien|Water\n|move|p2a: Wo-Chien|Protect|p2a: Wo-Chien\n|-singleturn|p2a: Wo-Chien|Protect\n|move|p2b: Dondozo|Protect|p2b: Dondozo\n|-singleturn|p2b: Dondozo|Protect\n|move|p1a: Wo-Chien|Pollen Puff|p2a: Wo-Chien\n|-activate|p2a: Wo-Chien|move: Protect\n|move|p1b: Gastrodon|Earth Power|p2b: Dondozo\n|-activate|p2b: Dondozo|move: Protect\n|\n|-heal|p1a: Wo-Chien|33\/100 psn|[from] item: Leftovers\n|-heal|p2b: Dondozo|82\/100|[from] item: Leftovers\n|-damage|p1a: Wo-Chien|20\/100 psn|[from] psn\n|upkeep\n|turn|11\n|\n|t:|1681675184\n|move|p2a: Wo-Chien|Pollen Puff|p1a: Wo-Chien\n|-damage|p1a: Wo-Chien|11\/100 psn\n|move|p1a: Wo-Chien|Giga Drain|p2b: Dondozo\n|-supereffective|p2b: Dondozo\n|-end|p2b: Dondozo|Substitute\n|-heal|p1a: Wo-Chien|19\/100 psn|[from] drain|[of] p2b: Dondozo\n|move|p2b: Dondozo|Fissure|p1b: Gastrodon\n|-damage|p1b: Gastrodon|0 fnt\n|faint|p1b: Gastrodon\n|-ohko\n|\n|-heal|p1a: Wo-Chien|25\/100 psn|[from] item: Leftovers\n|-heal|p2b: Dondozo|88\/100|[from] item: Leftovers\n|-damage|p1a: Wo-Chien|12\/100 psn|[from] psn\n|upkeep\n|\n|t:|1681675193\n|switch|p1b: Ting-Lu|Ting-Lu, L50|25\/100 psn\n|-ability|p1b: Ting-Lu|Vessel of Ruin\n|turn|12\n|c|\u2606Astonished_25|gg ahi si XD\n|\n|t:|1681675201\n|move|p2a: Wo-Chien|Pollen Puff|p1a: Wo-Chien\n|-damage|p1a: Wo-Chien|4\/100 psn\n|move|p1a: Wo-Chien|Pollen Puff|p2b: Dondozo\n|-damage|p2b: Dondozo|76\/100\n|move|p2b: Dondozo|Wave Crash|p1b: Ting-Lu\n|-supereffective|p1b: Ting-Lu\n|-damage|p1b: Ting-Lu|0 fnt\n|faint|p1b: Ting-Lu\n|-damage|p2b: Dondozo|68\/100|[from] Recoil\n|\n|-heal|p1a: Wo-Chien|11\/100 psn|[from] item: Leftovers\n|-heal|p2b: Dondozo|75\/100|[from] item: Leftovers\n|-damage|p1a: Wo-Chien|0 fnt|[from] psn\n|faint|p1a: Wo-Chien\n|\n|win|Gerbacia14\n|upkeep\n|l|\u2606Astonished_25\n|c|\u2606Gerbacia14|te quiero dondozo\n","uploadtime":1681675211,"views":8,"p1id":"astonished25","p2id":"gerbacia14","formatid":"gen9vgc2023regulationc","rating":0,"private":0,"password":""}