{"id":"gen9vgc2023regulationc-1846333939","p1":"DeathToScarfChiYu","p2":"Il Mule","format":"[Gen 9] VGC 2023 Regulation C","log":"|j|\u2606DeathToScarfChiYu\n|j|\u2606Il Mule\n|t:|1681832481\n|gametype|doubles\n|player|p1|DeathToScarfChiYu|fennel|1674\n|player|p2|Il Mule|youngster-gen4dp|1807\n|teamsize|p1|6\n|teamsize|p2|6\n|gen|9\n|tier|[Gen 9] VGC 2023 Regulation C\n|rated|\n|rule|Species Clause: Limit one of each Pok\u00e9mon\n|rule|Item Clause: Limit one of each item\n|clearpoke\n|poke|p1|Iron Hands, L50|\n|poke|p1|Gothitelle, L50, F|\n|poke|p1|Scream Tail, L50|\n|poke|p1|Palafin, L50, F|\n|poke|p1|Amoonguss, L50, F|\n|poke|p1|Chi-Yu, L50|\n|poke|p2|Great Tusk, L50|\n|poke|p2|Azumarill, L50, F|\n|poke|p2|Chi-Yu, L50|\n|poke|p2|Iron Bundle, L50|\n|poke|p2|Brute Bonnet, L50|\n|poke|p2|Gholdengo, L50|\n|teampreview|4\nDeathToScarfChiYu has agreed to open team sheets.\nIl Mule has agreed to open team sheets.\n|j| Xerneas Abuser\n|j| DondozoCrowned\n|j| hoozayisdead\n|l| Xerneas Abuser\n|j| Xerneas Abuser\n|j| tyruntula\n|j| Via R Stasi 40\/46\n|j| rovesciaporci\n|j| SerseCosmiVGC\n|\n|t:|1681832553\n|start\n|switch|p1a: Palafin|Palafin, L50, F|100\/100\n|switch|p1b: Chi-Yu|Chi-Yu, L50|100\/100\n|switch|p2a: Ciance|Gholdengo, L50|100\/100\n|switch|p2b: Dentoni|Chi-Yu, L50|100\/100\n|-ability|p1b: Chi-Yu|Beads of Ruin\n|-ability|p2b: Dentoni|Beads of Ruin\n|turn|1\n|l|viarstasi4046\n|c| tyruntula|Ti ricordi che tera ha sul pesce lui?\n|c| tyruntula|O te lo devo ricordare io\n|l| SerseCosmiVGC\n|c|\u2606Il Mule|mi ricordo che questa partita \u00e8 persa s\u00ec\n|c| tyruntula|Mappamondo\n|j| Crudo de fava\n|c|\u2606Il Mule|troppa ansia di giocare il mio amico goldengo\n|c| tyruntula|Almeno credo\n|\n|t:|1681832615\n|-terastallize|p2a: Ciance|Water\n|move|p1a: Palafin|Protect|p1a: Palafin\n|-singleturn|p1a: Palafin|Protect\n|move|p1b: Chi-Yu|Dark Pulse|p2a: Ciance\n|-damage|p2a: Ciance|48\/100\n|move|p2b: Dentoni|Dark Pulse|p1a: Palafin\n|-activate|p1a: Palafin|move: Protect\n|move|p2a: Ciance|Trick|p1a: Palafin\n|-activate|p1a: Palafin|move: Protect\n|\n|upkeep\n|turn|2\n|l| Crudo de fava\n|c|\u2606Il Mule|ufficialmente persa\n|c| Xerneas Abuser|iper persa\n|\n|t:|1681832642\n|-terastallize|p1a: Palafin|Water\n|move|p1a: Palafin|Jet Punch|p2b: Dentoni\n|-supereffective|p2b: Dentoni\n|-damage|p2b: Dentoni|17\/100\n|move|p1b: Chi-Yu|Dark Pulse|p2a: Ciance\n|-damage|p2a: Ciance|0 fnt\n|faint|p2a: Ciance\n|move|p2b: Dentoni|Will-O-Wisp|p1a: Palafin\n|-status|p1a: Palafin|brn\n|\n|-damage|p1a: Palafin|95\/100 brn|[from] brn\n|upkeep\n|c| rovesciaporci|2 hit da pulsico \u00e8 un po sorprendente\n|\n|t:|1681832658\n|switch|p2a: Tasconi|Great Tusk, L50|100\/100\n|turn|3\n|c| Xerneas Abuser|lui ora sta dicendo tipo\n|\n|t:|1681832666\n|move|p2a: Tasconi|Protect|p2a: Tasconi\n|-singleturn|p2a: Tasconi|Protect\n|move|p1a: Palafin|Jet Punch|p2a: Tasconi\n|-activate|p2a: Tasconi|move: Protect\n|move|p1b: Chi-Yu|Heat Wave|p2b: Dentoni|[spread] \n|-activate|p2a: Tasconi|move: Protect\n|-miss|p1b: Chi-Yu|p2b: Dentoni\n|move|p2b: Dentoni|Heat Wave|p1b: Chi-Yu|[spread] p1b\n|-miss|p2b: Dentoni|p1a: Palafin\n|-resisted|p1b: Chi-Yu\n|-damage|p1b: Chi-Yu|81\/100\n|\n|-damage|p1a: Palafin|89\/100 brn|[from] brn\n|upkeep\n|turn|4\n|c| Xerneas Abuser|ma quanto cazzo lo gioca bulky questo coglione\n|c|\u2606Il Mule|a mia discolpa volevo morire\n|\n|t:|1681832688\n|move|p1a: Palafin|Jet Punch|p2a: Tasconi\n|-supereffective|p2a: Tasconi\n|-damage|p2a: Tasconi|71\/100\n|move|p1b: Chi-Yu|Heat Wave|p2a: Tasconi|[spread] p2a\n|-miss|p1b: Chi-Yu|p2b: Dentoni\n|-damage|p2a: Tasconi|0 fnt\n|faint|p2a: Tasconi\n|-end|p2a: Tasconi|Protosynthesis|[silent]\n|move|p2b: Dentoni|Dark Pulse|p1a: Palafin\n|-damage|p1a: Palafin|15\/100 brn\n|\n|-damage|p1a: Palafin|9\/100 brn|[from] brn\n|upkeep\n|c| tyruntula|Si ma sculi\n|\n|t:|1681832697\n|switch|p2a: Bando|Iron Bundle, L50|100\/100\n|-enditem|p2a: Bando|Booster Energy\n|-activate|p2a: Bando|ability: Quark Drive|[fromitem]\n|-start|p2a: Bando|quarkdrivespe\n|turn|5\n|\n|t:|1681832706\n|detailschange|p1a: Palafin|Palafin-Hero, L50, F, tera:Water\n|switch|p1a: Scream Tail|Scream Tail, L50|100\/100\n|-enditem|p1a: Scream Tail|Booster Energy\n|-activate|p1a: Scream Tail|ability: Protosynthesis|[fromitem]\n|-start|p1a: Scream Tail|protosynthesisspe\n|move|p1b: Chi-Yu|Protect|p1b: Chi-Yu\n|-singleturn|p1b: Chi-Yu|Protect\n|move|p2b: Dentoni|Protect|p2b: Dentoni\n|-singleturn|p2b: Dentoni|Protect\n|move|p2a: Bando|Hydro Pump|p1b: Chi-Yu\n|-activate|p1b: Chi-Yu|move: Protect\n|\n|upkeep\n|turn|6\n|\n|t:|1681832717\n|move|p2a: Bando|Hydro Pump|p1b: Chi-Yu\n|-supereffective|p1b: Chi-Yu\n|-damage|p1b: Chi-Yu|0 fnt\n|faint|p1b: Chi-Yu\n|move|p1a: Scream Tail|Thunder Wave|p2a: Bando\n|-status|p2a: Bando|par\n|move|p2b: Dentoni|Dark Pulse|p1a: Scream Tail\n|-damage|p1a: Scream Tail|64\/100\n|\n|upkeep\n|c| Xerneas Abuser|oddio encore su protect\n|\n|t:|1681832723\n|switch|p1b: Iron Hands|Iron Hands, L50|100\/100\n|turn|7\n|c| Xerneas Abuser|ci ho sperato\n|\n|t:|1681832738\n|move|p1a: Scream Tail|Play Rough|p2b: Dentoni\n|-damage|p2b: Dentoni|0 fnt\n|faint|p2b: Dentoni\n|move|p2a: Bando|Hydro Pump|p1b: Iron Hands\n|-crit|p1b: Iron Hands\n|-damage|p1b: Iron Hands|29\/100\n|move|p1b: Iron Hands|Close Combat|p2a: Bando\n|-supereffective|p2a: Bando\n|-damage|p2a: Bando|0 fnt\n|-unboost|p1b: Iron Hands|def|1\n|-unboost|p1b: Iron Hands|spd|1\n|faint|p2a: Bando\n|-end|p2a: Bando|Quark Drive|[silent]\n|\n|win|DeathToScarfChiYu\n|raw|DeathToScarfChiYu's rating: 1674 → 1701<\/strong> (+27 for winning)\n|raw|Il Mule's rating: 1807 → 1780<\/strong> (-27 for losing)\n|c|\u2606DeathToScarfChiYu|GG\n|l|\u2606Il Mule\n","uploadtime":1681832674,"views":4,"p1id":"deathtoscarfchiyu","p2id":"ilmule","formatid":"gen9vgc2023regulationc","rating":1701,"private":0,"password":""}