{"id":"gen9vgc2023regulationc-1857135696","p1":"Jibbers","p2":"StuvStuv VGC","format":"[Gen 9] VGC 2023 Regulation C","log":"|j|\u2606Jibbers\n|j|\u2606StuvStuv VGC\n|t:|1683149479\n|gametype|doubles\n|player|p1|Jibbers|red|1323\n|player|p2|StuvStuv VGC|alder|1302\n|teamsize|p1|6\n|teamsize|p2|6\n|gen|9\n|tier|[Gen 9] VGC 2023 Regulation C\n|rated|\n|rule|Species Clause: Limit one of each Pok\u00e9mon\n|rule|Item Clause: Limit one of each item\n|clearpoke\n|poke|p1|Brute Bonnet, L50|\n|poke|p1|Gyarados, L50, F|\n|poke|p1|Ceruledge, L50, F|\n|poke|p1|Flutter Mane, L50|\n|poke|p1|Pawmot, L50, M|\n|poke|p1|Talonflame, L50, M|\n|poke|p2|Iron Bundle, L50|\n|poke|p2|Annihilape, L50, M|\n|poke|p2|Volcarona, L50, F|\n|poke|p2|Flutter Mane, L50|\n|poke|p2|Amoonguss, L50, M|\n|poke|p2|Hydreigon, L50, F|\n|teampreview|4\n|inactive|Battle timer is ON: inactive players will automatically lose when time's up. (requested by StuvStuv VGC)\n|\n|t:|1683149555\n|start\n|switch|p1a: Talonflame|Talonflame, L50, M|100\/100\n|switch|p1b: Ceruledge|Ceruledge, L50, F|100\/100\n|switch|p2a: Hydreigon|Hydreigon, L50, F|100\/100\n|switch|p2b: Amoonguss|Amoonguss, L50, M|100\/100\n|turn|1\n|inactive|StuvStuv VGC has 30 seconds left.\n|inactive|StuvStuv VGC has 20 seconds left.\n|\n|t:|1683149592\n|-terastallize|p2b: Amoonguss|Dark\n|move|p2b: Amoonguss|Rage Powder|p2b: Amoonguss\n|-singleturn|p2b: Amoonguss|move: Rage Powder\n|move|p1a: Talonflame|Taunt|p2b: Amoonguss\n|-start|p2b: Amoonguss|move: Taunt\n|-enditem|p2b: Amoonguss|Mental Herb\n|-end|p2b: Amoonguss|move: Taunt\n|move|p2a: Hydreigon|Focus Energy|p2a: Hydreigon\n|-start|p2a: Hydreigon|move: Focus Energy\n|move|p1b: Ceruledge|Bulk Up|p1b: Ceruledge\n|-boost|p1b: Ceruledge|atk|1\n|-boost|p1b: Ceruledge|def|1\n|\n|upkeep\n|turn|2\n|inactive|Jibbers has 30 seconds left.\n|\n|t:|1683149626\n|switch|p2b: Iron Bundle|Iron Bundle, L50|100\/100\n|move|p1b: Ceruledge|Protect|p1b: Ceruledge\n|-singleturn|p1b: Ceruledge|Protect\n|move|p1a: Talonflame|Taunt|p2b: Iron Bundle\n|-start|p2b: Iron Bundle|move: Taunt\n|move|p2a: Hydreigon|Draco Meteor|p1b: Ceruledge\n|-activate|p1b: Ceruledge|move: Protect\n|\n|upkeep\n|turn|3\n|\n|t:|1683149643\n|move|p1a: Talonflame|Tailwind|p1a: Talonflame\n|-sidestart|p1: Jibbers|move: Tailwind\n|move|p1b: Ceruledge|Bitter Blade|p2a: Hydreigon\n|-resisted|p2a: Hydreigon\n|-damage|p2a: Hydreigon|65\/100\n|move|p2b: Iron Bundle|Icy Wind|p1b: Ceruledge|[spread] p1b\n|-miss|p2b: Iron Bundle|p1a: Talonflame\n|-resisted|p1b: Ceruledge\n|-damage|p1b: Ceruledge|91\/100\n|move|p2a: Hydreigon|Draco Meteor|p1b: Ceruledge\n|-crit|p1b: Ceruledge\n|-damage|p1b: Ceruledge|13\/100\n|-unboost|p2a: Hydreigon|spa|2\n|\n|upkeep\n|turn|4\n|inactive|StuvStuv VGC has 30 seconds left.\n|inactive|StuvStuv VGC has 20 seconds left.\n|\n|t:|1683149681\n|move|p2a: Hydreigon|Protect|p2a: Hydreigon\n|-singleturn|p2a: Hydreigon|Protect\n|move|p1a: Talonflame|Brave Bird|p2a: Hydreigon\n|-activate|p2a: Hydreigon|move: Protect\n|move|p1b: Ceruledge|Bitter Blade|p2a: Hydreigon\n|-activate|p2a: Hydreigon|move: Protect\n|move|p2b: Iron Bundle|Icy Wind|p1a: Talonflame|[spread] p1a\n|-miss|p2b: Iron Bundle|p1b: Ceruledge\n|-damage|p1a: Talonflame|71\/100\n|\n|-end|p2b: Iron Bundle|move: Taunt\n|upkeep\n|turn|5\n|c|\u2606StuvStuv VGC|come on\n|inactive|StuvStuv VGC has 30 seconds left.\n|c|\u2606Jibbers|Sorry lol\n|\n|t:|1683149713\n|move|p1a: Talonflame|Brave Bird|p2a: Hydreigon\n|-damage|p2a: Hydreigon|13\/100\n|-damage|p1a: Talonflame|50\/100|[from] Recoil\n|move|p1b: Ceruledge|Bitter Blade|p2a: Hydreigon\n|-resisted|p2a: Hydreigon\n|-crit|p2a: Hydreigon\n|-damage|p2a: Hydreigon|0 fnt\n|-heal|p1b: Ceruledge|20\/100|[from] drain|[of] p2a: Hydreigon\n|faint|p2a: Hydreigon\n|move|p2b: Iron Bundle|Icy Wind|p1a: Talonflame|[spread] p1a,p1b\n|-resisted|p1b: Ceruledge\n|-damage|p1a: Talonflame|19\/100\n|-damage|p1b: Ceruledge|9\/100\n|\n|upkeep\n|c|\u2606Jibbers|I think you live\n|\n|t:|1683149723\n|switch|p2a: Flutter Mane|Flutter Mane, L50|100\/100\n|-enditem|p2a: Flutter Mane|Booster Energy\n|-activate|p2a: Flutter Mane|ability: Protosynthesis|[fromitem]\n|-start|p2a: Flutter Mane|protosynthesisspa\n|turn|6\n|\n|t:|1683149736\n|switch|p1a: Brute Bonnet|Brute Bonnet, L50|100\/100\n|move|p1b: Ceruledge|Protect|p1b: Ceruledge\n|-singleturn|p1b: Ceruledge|Protect\n|move|p2b: Iron Bundle|Protect|p2b: Iron Bundle\n|-singleturn|p2b: Iron Bundle|Protect\n|move|p2a: Flutter Mane|Protect||[still]\n|-fail|p2a: Flutter Mane\n|\n|-sideend|p1: Jibbers|move: Tailwind\n|upkeep\n|turn|7\n|c|\u2606StuvStuv VGC|why havnt i got speed drops\n|inactive|Jibbers has 30 seconds left.\n|inactive|StuvStuv VGC has 30 seconds left.\n|c|\u2606Jibbers|Clear Amulet and covert cloak\n|c|\u2606Jibbers|I got lucky\n|inactive|Jibbers has 20 seconds left.\n|inactive|StuvStuv VGC has 20 seconds left.\n|inactive|Jibbers has 15 seconds left.\n|inactive|StuvStuv VGC has 15 seconds left.\n|\n|t:|1683149779\n|-terastallize|p1a: Brute Bonnet|Fire\n|move|p1b: Ceruledge|Shadow Sneak|p2a: Flutter Mane\n|-supereffective|p2a: Flutter Mane\n|-damage|p2a: Flutter Mane|0 fnt\n|faint|p2a: Flutter Mane\n|-end|p2a: Flutter Mane|Protosynthesis|[silent]\n|move|p2b: Iron Bundle|Icy Wind|p1a: Brute Bonnet|[spread] p1a,p1b\n|-resisted|p1a: Brute Bonnet\n|-resisted|p1b: Ceruledge\n|-damage|p1a: Brute Bonnet|90\/100\n|-damage|p1b: Ceruledge|0 fnt\n|-unboost|p1a: Brute Bonnet|spe|1\n|faint|p1b: Ceruledge\n|move|p1a: Brute Bonnet|Bullet Seed|p2b: Iron Bundle\n|-supereffective|p2b: Iron Bundle\n|-damage|p2b: Iron Bundle|64\/100\n|-supereffective|p2b: Iron Bundle\n|-damage|p2b: Iron Bundle|31\/100\n|-supereffective|p2b: Iron Bundle\n|-damage|p2b: Iron Bundle|0 fnt\n|faint|p2b: Iron Bundle\n|-end|p2b: Iron Bundle|Quark Drive|[silent]\n|-hitcount|p2: Iron Bundle|3\n|\n|upkeep\n|\n|t:|1683149791\n|switch|p2b: Amoonguss|Amoonguss, L50, M, tera:Dark|100\/100\n|switch|p1b: Talonflame|Talonflame, L50, M|19\/100\n|turn|8\n|-message|StuvStuv VGC forfeited.\n|\n|win|Jibbers\n|raw|Jibbers's rating: 1323 → 1342<\/strong> (+19 for winning)\n|raw|StuvStuv VGC's rating: 1302 → 1283<\/strong> (-19 for losing)\n|l|\u2606StuvStuv VGC\n","uploadtime":1683149810,"views":13,"p1id":"jibbers","p2id":"stuvstuvvgc","formatid":"gen9vgc2023regulationc","rating":1283,"private":0,"password":""}