{"id":"gen9vgc2023regulationc-1845368887","p1":"SynergeticStorm","p2":"t4vr","format":"[Gen 9] VGC 2023 Regulation C","log":"|j|\u2606SynergeticStorm\n|j|\u2606t4vr\n|t:|1681722993\n|gametype|doubles\n|player|p1|SynergeticStorm|169|1000\n|player|p2|t4vr|266|1047\n|teamsize|p1|6\n|teamsize|p2|6\n|gen|9\n|tier|[Gen 9] VGC 2023 Regulation C\n|rated|\n|rule|Species Clause: Limit one of each Pok\u00e9mon\n|rule|Item Clause: Limit one of each item\n|clearpoke\n|poke|p1|Garchomp, L50, F|\n|poke|p1|Arcanine, L50, M|\n|poke|p1|Tyranitar, L50, M|\n|poke|p1|Houndstone, L50, F|\n|poke|p1|Gyarados, L50, M|\n|poke|p1|Flutter Mane, L50|\n|poke|p2|Wo-Chien, L50|\n|poke|p2|Gothitelle, L50, M|\n|poke|p2|Arcanine, L50, F|\n|poke|p2|Great Tusk, L50|\n|poke|p2|Palafin, L50, M|\n|poke|p2|Flutter Mane, L50|\n|teampreview|4\nSynergeticStorm has agreed to open team sheets.\n|inactive|Battle timer is ON: inactive players will automatically lose when time's up. (requested by t4vr)\n|\n|t:|1681723070\n|start\n|switch|p1a: Tyranitar|Tyranitar, L50, M|100\/100\n|switch|p1b: Arcanine|Arcanine, L50, M|100\/100\n|switch|p2a: Palafin|Palafin, L50, M, shiny|100\/100\n|switch|p2b: Flutter Mane|Flutter Mane, L50|100\/100\n|-ability|p1b: Arcanine|Intimidate|boost\n|-unboost|p2a: Palafin|atk|1\n|-unboost|p2b: Flutter Mane|atk|1\n|-weather|Sandstorm|[from] ability: Sand Stream|[of] p1a: Tyranitar\n|turn|1\n|\n|t:|1681723089\n|detailschange|p2a: Palafin|Palafin-Hero, L50, M, shiny\n|switch|p2a: Wo-Chien|Wo-Chien, L50|100\/100\n|-ability|p2a: Wo-Chien|Tablets of Ruin\n|move|p2b: Flutter Mane|Moonblast|p1a: Tyranitar\n|-supereffective|p1a: Tyranitar\n|-crit|p1a: Tyranitar\n|-damage|p1a: Tyranitar|0 fnt\n|faint|p1a: Tyranitar\n|-damage|p2b: Flutter Mane|91\/100|[from] item: Life Orb\n|move|p1b: Arcanine|Flare Blitz|p2b: Flutter Mane\n|-damage|p2b: Flutter Mane|32\/100\n|-status|p2b: Flutter Mane|brn\n|-damage|p1b: Arcanine|86\/100|[from] Recoil\n|\n|-weather|Sandstorm|[upkeep]\n|-damage|p2b: Flutter Mane|25\/100 brn|[from] Sandstorm\n|-damage|p2a: Wo-Chien|94\/100|[from] Sandstorm\n|-heal|p2a: Wo-Chien|100\/100|[from] item: Leftovers\n|-damage|p2b: Flutter Mane|19\/100 brn|[from] brn\n|upkeep\n|\n|t:|1681723111\n|switch|p1a: Houndstone|Houndstone, L50, F|100\/100\n|turn|2\n|\n|t:|1681723121\n|-end|p2b: Flutter Mane|Protosynthesis|[silent]\n|switch|p2b: Palafin|Palafin-Hero, L50, M, shiny|100\/100\n|-activate|p2b: Palafin|ability: Zero to Hero\n|move|p1a: Houndstone|Shadow Sneak|p2b: Palafin\n|-damage|p2b: Palafin|85\/100\n|-damage|p1a: Houndstone|91\/100|[from] item: Life Orb\n|move|p1b: Arcanine|Flare Blitz|p2a: Wo-Chien\n|-supereffective|p2a: Wo-Chien\n|-damage|p2a: Wo-Chien|24\/100\n|-status|p2a: Wo-Chien|brn\n|-damage|p1b: Arcanine|62\/100|[from] Recoil\n|move|p2a: Wo-Chien|Leech Seed|p1a: Houndstone\n|-start|p1a: Houndstone|move: Leech Seed\n|\n|-weather|Sandstorm|[upkeep]\n|-damage|p2b: Palafin|79\/100|[from] Sandstorm\n|-damage|p2a: Wo-Chien|18\/100 brn|[from] Sandstorm\n|-heal|p2a: Wo-Chien|24\/100 brn|[from] item: Leftovers\n|-damage|p1a: Houndstone|79\/100|[from] Leech Seed|[of] p2a: Wo-Chien\n|-heal|p2a: Wo-Chien|34\/100 brn|[silent]\n|-damage|p2a: Wo-Chien|28\/100 brn|[from] brn\n|upkeep\n|turn|3\n|inactive|SynergeticStorm has 30 seconds left.\n|\n|t:|1681723150\n|switch|p2a: Arcanine|Arcanine, L50, F|100\/100\n|-ability|p2a: Arcanine|Intimidate|boost\n|-unboost|p1a: Houndstone|atk|1\n|-unboost|p1b: Arcanine|atk|1\n|move|p1b: Arcanine|Protect|p1b: Arcanine\n|-singleturn|p1b: Arcanine|Protect\n|move|p2b: Palafin|Jet Punch|p1b: Arcanine\n|-activate|p1b: Arcanine|move: Protect\n|move|p1a: Houndstone|Last Respects|p2a: Arcanine\n|-damage|p2a: Arcanine|59\/100\n|-damage|p1a: Houndstone|69\/100|[from] item: Life Orb\n|\n|-weather|Sandstorm|[upkeep]\n|-damage|p2b: Palafin|74\/100|[from] Sandstorm\n|-damage|p1a: Houndstone|57\/100|[from] Leech Seed|[of] p2a: Arcanine\n|-heal|p2a: Arcanine|69\/100|[silent]\n|upkeep\n|turn|4\n|\n|t:|1681723174\n|switch|p1a: Flutter Mane|Flutter Mane, L50|100\/100\n|move|p2b: Palafin|Jet Punch|p1b: Arcanine\n|-supereffective|p1b: Arcanine\n|-damage|p1b: Arcanine|0 fnt\n|faint|p1b: Arcanine\n|move|p2a: Arcanine|Will-O-Wisp|p1a: Flutter Mane|[miss]\n|-miss|p2a: Arcanine|p1a: Flutter Mane\n|\n|-weather|Sandstorm|[upkeep]\n|-damage|p1a: Flutter Mane|94\/100|[from] Sandstorm\n|-damage|p2b: Palafin|68\/100|[from] Sandstorm\n|upkeep\n|\n|t:|1681723185\n|switch|p1b: Houndstone|Houndstone, L50, F|57\/100\n|turn|5\n|\n|t:|1681723202\n|move|p2b: Palafin|Jet Punch|p1a: Flutter Mane\n|-damage|p1a: Flutter Mane|0 fnt\n|faint|p1a: Flutter Mane\n|-end|p1a: Flutter Mane|Protosynthesis|[silent]\n|move|p1b: Houndstone|Last Respects|p2a: Arcanine\n|-damage|p2a: Arcanine|0 fnt\n|faint|p2a: Arcanine\n|-damage|p1b: Houndstone|48\/100|[from] item: Life Orb\n|\n|-weather|Sandstorm|[upkeep]\n|-damage|p2b: Palafin|62\/100|[from] Sandstorm\n|upkeep\n|\n|t:|1681723214\n|switch|p2a: Flutter Mane|Flutter Mane, L50|19\/100 brn\n|turn|6\n|\n|t:|1681723219\n|move|p1b: Houndstone|Shadow Sneak|p2a: Flutter Mane\n|-supereffective|p2a: Flutter Mane\n|-damage|p2a: Flutter Mane|0 fnt\n|faint|p2a: Flutter Mane\n|-end|p2a: Flutter Mane|Protosynthesis|[silent]\n|-damage|p1b: Houndstone|38\/100|[from] item: Life Orb\n|move|p2b: Palafin|Jet Punch|p1b: Houndstone\n|-damage|p1b: Houndstone|0 fnt\n|faint|p1b: Houndstone\n|\n|win|t4vr\n|raw|SynergeticStorm's rating: 1000 → 1000<\/strong> (+0 for losing)\n|raw|t4vr's rating: 1047 → 1076<\/strong> (+29 for winning)\n|c|\u2606SynergeticStorm|gg\n|l|\u2606SynergeticStorm\n","uploadtime":1681723232,"views":14,"p1id":"synergeticstorm","p2id":"t4vr","formatid":"gen9vgc2023regulationc","rating":1000,"private":0,"password":""}