{"id":"gen9vgc2023regulationc-1862692956","p1":"revocolombia","p2":"Beru98","format":"[Gen 9] VGC 2023 Regulation C","log":"|j|\u2606revocolombia\n|j|\u2606Beru98\n|t:|1683912726\n|gametype|doubles\n|player|p1|revocolombia|pokemonranger-gen4|1555\n|player|p2|Beru98|1|1509\n|teamsize|p1|6\n|teamsize|p2|6\n|gen|9\n|tier|[Gen 9] VGC 2023 Regulation C\n|rated|\n|rule|Species Clause: Limit one of each Pok\u00e9mon\n|rule|Item Clause: Limit one of each item\n|clearpoke\n|poke|p1|Flutter Mane, L50|\n|poke|p1|Great Tusk, L50|\n|poke|p1|Dragonite, L50, F|\n|poke|p1|Chien-Pao, L50|\n|poke|p1|Murkrow, L50, M|\n|poke|p1|Gholdengo, L50|\n|poke|p2|Gyarados, L50, F|\n|poke|p2|Kingambit, L50, M|\n|poke|p2|Baxcalibur, L50, M|\n|poke|p2|Flutter Mane, L50|\n|poke|p2|Chien-Pao, L50|\n|poke|p2|Amoonguss, L50, M|\n|teampreview|4\n|j| A Borygon\n|\n|t:|1683912757\n|start\n|switch|p1a: Great Tusk|Great Tusk, L50|100\/100\n|switch|p1b: Murkrow|Murkrow, L50, M|100\/100\n|switch|p2a: Baxcalibur|Baxcalibur, L50, M|100\/100\n|switch|p2b: Kingambit|Kingambit, L50, M|100\/100\n|turn|1\n|\n|t:|1683912778\n|switch|p2b: Gyarados|Gyarados, L50, F|100\/100\n|-ability|p2b: Gyarados|Intimidate|boost\n|-fail|p1a: Great Tusk|unboost|[from] item: Clear Amulet|[of] p1a: Great Tusk\n|-unboost|p1b: Murkrow|atk|1\n|-terastallize|p1a: Great Tusk|Fire\n|move|p1b: Murkrow|Tailwind|p1b: Murkrow\n|-sidestart|p1: revocolombia|move: Tailwind\n|move|p1a: Great Tusk|Rock Slide|p2a: Baxcalibur|[spread] p2a,p2b\n|-supereffective|p2a: Baxcalibur\n|-supereffective|p2b: Gyarados\n|-damage|p2a: Baxcalibur|58\/100\n|-damage|p2b: Gyarados|65\/100\n|move|p2a: Baxcalibur|Icicle Crash|p1a: Great Tusk|[miss]\n|-miss|p2a: Baxcalibur|p1a: Great Tusk\n|\n|upkeep\n|turn|2\n|l| A Borygon\n|\n|t:|1683912821\n|switch|p2a: Kingambit|Kingambit, L50, M|100\/100\n|move|p1b: Murkrow|Sunny Day|p1b: Murkrow\n|-weather|SunnyDay\n|-activate|p1a: Great Tusk|ability: Protosynthesis\n|-start|p1a: Great Tusk|protosynthesisatk\n|move|p1a: Great Tusk|Rock Slide|p2a: Kingambit|[spread] p2a,p2b\n|-resisted|p2a: Kingambit\n|-supereffective|p2b: Gyarados\n|-damage|p2a: Kingambit|91\/100\n|-damage|p2b: Gyarados|18\/100\n|-enditem|p2b: Gyarados|Sitrus Berry|[eat]\n|-heal|p2b: Gyarados|43\/100|[from] item: Sitrus Berry\n|move|p2b: Gyarados|Thunder Wave|p1a: Great Tusk\n|-status|p1a: Great Tusk|par\n|\n|-weather|SunnyDay|[upkeep]\n|upkeep\n|turn|3\n|\n|t:|1683912860\n|switch|p1b: Dragonite|Dragonite, L50, F|100\/100\n|switch|p2a: Flutter Mane|Flutter Mane, L50|100\/100\n|-activate|p2a: Flutter Mane|ability: Protosynthesis\n|-start|p2a: Flutter Mane|protosynthesisspa\n|move|p1a: Great Tusk|Rock Slide|p2a: Flutter Mane|[spread] p2a,p2b\n|-supereffective|p2b: Gyarados\n|-damage|p2a: Flutter Mane|56\/100\n|-damage|p2b: Gyarados|0 fnt\n|faint|p2b: Gyarados\n|\n|-weather|SunnyDay|[upkeep]\n|upkeep\n|\n|t:|1683912871\n|switch|p2b: Baxcalibur|Baxcalibur, L50, M|58\/100\n|turn|4\n|\n|t:|1683912878\n|switch|p1b: Murkrow|Murkrow, L50, M|100\/100\n|move|p2b: Baxcalibur|Ice Shard|p1b: Murkrow\n|-supereffective|p1b: Murkrow\n|-damage|p1b: Murkrow|43\/100\n|move|p2a: Flutter Mane|Shadow Ball|p1a: Great Tusk\n|-damage|p1a: Great Tusk|26\/100 par\n|move|p1a: Great Tusk|Earthquake|p2a: Flutter Mane|[spread] p2a,p2b\n|-immune|p1b: Murkrow\n|-damage|p2a: Flutter Mane|0 fnt\n|-damage|p2b: Baxcalibur|3\/100\n|faint|p2a: Flutter Mane\n|-end|p2a: Flutter Mane|Protosynthesis|[silent]\n|\n|-weather|SunnyDay|[upkeep]\n|-sideend|p1: revocolombia|move: Tailwind\n|upkeep\n|\n|t:|1683912889\n|switch|p2a: Kingambit|Kingambit, L50, M|91\/100\n|turn|5\n|\n|t:|1683912901\n|move|p2b: Baxcalibur|Ice Shard|p1b: Murkrow\n|-supereffective|p1b: Murkrow\n|-damage|p1b: Murkrow|0 fnt\n|faint|p1b: Murkrow\n|move|p2a: Kingambit|Sucker Punch|p1a: Great Tusk\n|-damage|p1a: Great Tusk|0 fnt\n|faint|p1a: Great Tusk\n|-end|p1a: Great Tusk|Protosynthesis|[silent]\n|\n|-weather|SunnyDay|[upkeep]\n|upkeep\n|\n|t:|1683912912\n|switch|p1a: Chien-Pao|Chien-Pao, L50|100\/100\n|switch|p1b: Dragonite|Dragonite, L50, F|100\/100\n|-ability|p1a: Chien-Pao|Sword of Ruin\n|turn|6\n|\n|t:|1683912937\n|-terastallize|p2a: Kingambit|Fire\n|move|p2b: Baxcalibur|Protect|p2b: Baxcalibur\n|-singleturn|p2b: Baxcalibur|Protect\n|move|p1a: Chien-Pao|Ice Shard|p2b: Baxcalibur\n|-activate|p2b: Baxcalibur|move: Protect\n|move|p1b: Dragonite|Low Kick|p2a: Kingambit\n|-damage|p2a: Kingambit|29\/100\n|move|p2a: Kingambit|Kowtow Cleave|p1b: Dragonite\n|-damage|p1b: Dragonite|65\/100\n|\n|-weather|none\n|upkeep\n|turn|7\n|inactive|Battle timer is ON: inactive players will automatically lose when time's up. (requested by Beru98)\n|\n|t:|1683912955\n|move|p1a: Chien-Pao|Ice Shard|p2b: Baxcalibur\n|-damage|p2b: Baxcalibur|0 fnt\n|faint|p2b: Baxcalibur\n|move|p1b: Dragonite|Low Kick|p2a: Kingambit\n|-damage|p2a: Kingambit|0 fnt\n|faint|p2a: Kingambit\n|\n|win|revocolombia\n|raw|revocolombia's rating: 1555 → 1572<\/strong> (+17 for winning)\n|raw|Beru98's rating: 1509 → 1492<\/strong> (-17 for losing)\n|c|\u2606Beru98|Why chien pao with ice shard\n","uploadtime":1683912965,"views":7,"p1id":"revocolombia","p2id":"beru98","formatid":"gen9vgc2023regulationc","rating":1492,"private":0,"password":""}