{"id":"gen9vgc2023regulationc-1853016717","p1":"NoobyNooberton","p2":"lelatez","format":"[Gen 9] VGC 2023 Regulation C","log":"|j|\u2606NoobyNooberton\n|j|\u2606lelatez\n|t:|1682626023\n|gametype|doubles\n|player|p1|NoobyNooberton|1|1000\n|player|p2|lelatez|2|1060\n|teamsize|p1|6\n|teamsize|p2|6\n|gen|9\n|tier|[Gen 9] VGC 2023 Regulation C\n|rated|\n|rule|Species Clause: Limit one of each Pok\u00e9mon\n|rule|Item Clause: Limit one of each item\n|clearpoke\n|poke|p1|Rotom-Wash, L50|\n|poke|p1|Amoonguss, L50, F|\n|poke|p1|Tsareena, L50, F|\n|poke|p1|Arcanine, L50, M|\n|poke|p1|Murkrow, L50, M|\n|poke|p1|Palafin, L50, F|\n|poke|p2|Iron Bundle, L50|\n|poke|p2|Iron Hands, L50|\n|poke|p2|Roaring Moon, L50|\n|poke|p2|Amoonguss, L50, M|\n|poke|p2|Arcanine, L50, F|\n|poke|p2|Gholdengo, L50|\n|teampreview|4\n|\n|t:|1682626049\n|start\n|switch|p1a: Rotom|Rotom-Wash, L50|100\/100\n|switch|p1b: Palafin|Palafin, L50, F|100\/100\n|switch|p2a: Iron Hands|Iron Hands, L50|100\/100\n|switch|p2b: Iron Bundle|Iron Bundle, L50|100\/100\n|turn|1\n|inactive|Battle timer is ON: inactive players will automatically lose when time's up. (requested by lelatez)\n|\n|t:|1682626065\n|move|p1b: Palafin|Protect|p1b: Palafin\n|-singleturn|p1b: Palafin|Protect\n|move|p2a: Iron Hands|Fake Out|p1b: Palafin\n|-activate|p1b: Palafin|move: Protect\n|move|p1a: Rotom|Thunder Wave|p2b: Iron Bundle\n|-status|p2b: Iron Bundle|par\n|move|p2b: Iron Bundle|Freeze-Dry|p1b: Palafin\n|-activate|p1b: Palafin|move: Protect\n|\n|upkeep\n|turn|2\n|inactive|NoobyNooberton has 30 seconds left.\n|\n|t:|1682626093\n|switch|p1a: Tsareena|Tsareena, L50, F|100\/100\n|detailschange|p1b: Palafin|Palafin-Hero, L50, F\n|switch|p1b: Murkrow|Murkrow, L50, M|100\/100\n|move|p2b: Iron Bundle|Freeze-Dry|p1b: Murkrow\n|-supereffective|p1b: Murkrow\n|-damage|p1b: Murkrow|36\/100\n|move|p2a: Iron Hands|Stomping Tantrum|p1a: Tsareena\n|-resisted|p1a: Tsareena\n|-damage|p1a: Tsareena|87\/100\n|\n|upkeep\n|turn|3\n|\n|t:|1682626117\n|move|p1b: Murkrow|Protect|p1b: Murkrow\n|-singleturn|p1b: Murkrow|Protect\n|cant|p2b: Iron Bundle|par\n|move|p1a: Tsareena|Power Whip|p2b: Iron Bundle\n|-supereffective|p2b: Iron Bundle\n|-enditem|p2b: Iron Bundle|Focus Sash\n|-damage|p2b: Iron Bundle|1\/100 par\n|move|p2a: Iron Hands|Drain Punch|p1b: Murkrow\n|-activate|p1b: Murkrow|move: Protect\n|\n|upkeep\n|turn|4\n|\n|t:|1682626138\n|move|p1b: Murkrow|Icy Wind|p2a: Iron Hands|[spread] p2a,p2b\n|-resisted|p2b: Iron Bundle\n|-damage|p2a: Iron Hands|95\/100\n|-damage|p2b: Iron Bundle|0 fnt\n|-unboost|p2a: Iron Hands|spe|1\n|faint|p2b: Iron Bundle\n|-end|p2b: Iron Bundle|Quark Drive|[silent]\n|move|p1a: Tsareena|U-turn|p2a: Iron Hands\n|-resisted|p2a: Iron Hands\n|-damage|p2a: Iron Hands|87\/100\n|\n|t:|1682626146\n|switch|p1a: Palafin|Palafin-Hero, L50, F|100\/100|[from] U-turn\n|-activate|p1a: Palafin|ability: Zero to Hero\n|move|p2a: Iron Hands|Drain Punch|p1b: Murkrow\n|-damage|p1b: Murkrow|0 fnt\n|-heal|p2a: Iron Hands|100\/100|[from] drain|[of] p1b: Murkrow\n|faint|p1b: Murkrow\n|\n|upkeep\n|\n|t:|1682626162\n|switch|p2b: Amoonguss|Amoonguss, L50, M|100\/100\n|switch|p1b: Rotom|Rotom-Wash, L50|100\/100\n|turn|5\n|inactive|NoobyNooberton has 30 seconds left.\n|inactive|NoobyNooberton has 20 seconds left.\n|inactive|NoobyNooberton has 15 seconds left.\n|inactive|NoobyNooberton has 10 seconds left.\n|\n|t:|1682626209\n|move|p1b: Rotom|Trick|p1a: Palafin\n|-activate|p1b: Rotom|move: Trick|[of] p1a: Palafin\n|-item|p1a: Palafin|Choice Scarf|[from] move: Trick\n|-item|p1b: Rotom|Safety Goggles|[from] move: Trick\n|move|p1a: Palafin|Drain Punch|p2a: Iron Hands\n|-damage|p2a: Iron Hands|76\/100\n|move|p2a: Iron Hands|Wild Charge|p1a: Palafin\n|-supereffective|p1a: Palafin\n|-damage|p1a: Palafin|7\/100\n|-damage|p2a: Iron Hands|55\/100|[from] Recoil\n|move|p2b: Amoonguss|Spore|p1b: Rotom\n|-activate|p1b: Rotom|item: Safety Goggles|Spore\n|\n|upkeep\n|turn|6\n|\n|t:|1682626231\n|move|p2b: Amoonguss|Rage Powder|p2b: Amoonguss\n|-singleturn|p2b: Amoonguss|move: Rage Powder\n|move|p1a: Palafin|Drain Punch|p2b: Amoonguss\n|-resisted|p2b: Amoonguss\n|-damage|p2b: Amoonguss|88\/100\n|-heal|p1a: Palafin|14\/100|[from] drain|[of] p2b: Amoonguss\n|move|p1b: Rotom|Hydro Pump|p2a: Iron Hands\n|-damage|p2a: Iron Hands|26\/100\n|move|p2a: Iron Hands|Drain Punch|p1a: Palafin\n|-damage|p1a: Palafin|0 fnt\n|-heal|p2a: Iron Hands|32\/100|[from] drain|[of] p1a: Palafin\n|faint|p1a: Palafin\n|\n|upkeep\n|\n|t:|1682626244\n|switch|p1a: Tsareena|Tsareena, L50, F|87\/100\n|turn|7\n|\n|t:|1682626268\n|-terastallize|p1a: Tsareena|Grass\n|move|p1b: Rotom|Thunder Wave|p2b: Amoonguss\n|-status|p2b: Amoonguss|par\n|move|p1a: Tsareena|Power Whip|p2a: Iron Hands\n|-damage|p2a: Iron Hands|0 fnt\n|faint|p2a: Iron Hands\n|-end|p2a: Iron Hands|Quark Drive|[silent]\n|move|p2b: Amoonguss|Pollen Puff|p2: Iron Hands|[notarget]\n|-fail|p2b: Amoonguss\n|\n|upkeep\n|\n|t:|1682626281\n|switch|p2a: Roaring Moon|Roaring Moon, L50|100\/100\n|-enditem|p2a: Roaring Moon|Booster Energy\n|-activate|p2a: Roaring Moon|ability: Protosynthesis|[fromitem]\n|-start|p2a: Roaring Moon|protosynthesisatk\n|turn|8\n|\n|t:|1682626293\n|move|p1a: Tsareena|Protect|p1a: Tsareena\n|-singleturn|p1a: Tsareena|Protect\n|move|p2b: Amoonguss|Rage Powder|p2b: Amoonguss\n|-singleturn|p2b: Amoonguss|move: Rage Powder\n|move|p2a: Roaring Moon|Acrobatics|p1a: Tsareena\n|-activate|p1a: Tsareena|move: Protect\n|move|p1b: Rotom|Thunder Wave|p2a: Roaring Moon\n|-status|p2a: Roaring Moon|par\n|\n|upkeep\n|turn|9\n|\n|t:|1682626313\n|move|p1b: Rotom|Hydro Pump|p2a: Roaring Moon\n|-resisted|p2a: Roaring Moon\n|-damage|p2a: Roaring Moon|75\/100 par\n|move|p1a: Tsareena|High Jump Kick|p2a: Roaring Moon\n|-supereffective|p2a: Roaring Moon\n|-damage|p2a: Roaring Moon|0 fnt\n|faint|p2a: Roaring Moon\n|-end|p2a: Roaring Moon|Protosynthesis|[silent]\n|move|p2b: Amoonguss|Pollen Puff|p2: Roaring Moon|[notarget]\n|-fail|p2b: Amoonguss\n|\n|upkeep\n|turn|10\n|-message|lelatez forfeited.\n|\n|win|NoobyNooberton\n|raw|NoobyNooberton's rating: 1000 → 1047<\/strong> (+47 for winning)\n|raw|lelatez's rating: 1060 → 1038<\/strong> (-22 for losing)\n|l|\u2606lelatez\n","uploadtime":1682626337,"views":15,"p1id":"noobynooberton","p2id":"lelatez","formatid":"gen9vgc2023regulationc","rating":1038,"private":0,"password":""}