{"id":"gen9vgc2023regulationc-1858072182","p1":"Robybody","p2":"JavierTheFox","format":"[Gen 9] VGC 2023 Regulation C","log":"|j|\u2606Robybody\n|j|\u2606JavierTheFox\n|t:|1683270856\n|gametype|doubles\n|player|p1|Robybody|265|1046\n|player|p2|JavierTheFox|266|1116\n|teamsize|p1|6\n|teamsize|p2|6\n|gen|9\n|tier|[Gen 9] VGC 2023 Regulation C\n|rated|\n|rule|Species Clause: Limit one of each Pok\u00e9mon\n|rule|Item Clause: Limit one of each item\n|clearpoke\n|poke|p1|Amoonguss, L50, M|\n|poke|p1|Gengar, L50, M|\n|poke|p1|Clodsire, L50, M|\n|poke|p1|Hydreigon, L50, F|\n|poke|p1|Annihilape, L50, F|\n|poke|p1|Gardevoir, L50, M|\n|poke|p2|Glimmora, L50, M|\n|poke|p2|Tyranitar, L50, F|\n|poke|p2|Lycanroc, L50, M|\n|poke|p2|Palafin, L50, F|\n|poke|p2|Wo-Chien, L50|\n|poke|p2|Dragapult, L50, M|\n|teampreview|4\nJavierTheFox has agreed to open team sheets.\n|\n|t:|1683270928\n|start\n|switch|p1a: Amoonguss|Amoonguss, L50, M, shiny|100\/100\n|switch|p1b: Annihilape|Annihilape, L50, F|100\/100\n|switch|p2a: Palafin|Palafin, L50, F|100\/100\n|switch|p2b: Wo-Chien|Wo-Chien, L50|100\/100\n|-ability|p2b: Wo-Chien|Tablets of Ruin\n|turn|1\n|\n|t:|1683270983\n|detailschange|p2a: Palafin|Palafin-Hero, L50, F\n|switch|p2a: Tyranitar|Tyranitar, L50, F|100\/100\n|-weather|Sandstorm|[from] ability: Sand Stream|[of] p2a: Tyranitar\n|move|p1b: Annihilape|U-turn|p2b: Wo-Chien\n|-supereffective|p2b: Wo-Chien\n|-damage|p2b: Wo-Chien|43\/100\n|\n|t:|1683270992\n|switch|p1b: Gardevoir|Gardevoir, L50, M|100\/100|[from] U-turn\n|move|p2b: Wo-Chien|Leech Seed|p1b: Gardevoir\n|-start|p1b: Gardevoir|move: Leech Seed\n|move|p1a: Amoonguss|Spore|p2a: Tyranitar\n|-status|p2a: Tyranitar|slp|[from] move: Spore\n|\n|-weather|Sandstorm|[upkeep]\n|-damage|p1b: Gardevoir|95\/100|[from] Sandstorm\n|-damage|p2b: Wo-Chien|37\/100|[from] Sandstorm\n|-damage|p1a: Amoonguss|95\/100|[from] Sandstorm\n|-heal|p2b: Wo-Chien|43\/100|[from] item: Leftovers\n|-heal|p1a: Amoonguss|100\/100|[from] item: Leftovers\n|-damage|p1b: Gardevoir|82\/100|[from] Leech Seed|[of] p2b: Wo-Chien\n|-heal|p2b: Wo-Chien|53\/100|[silent]\n|upkeep\n|turn|2\n|\n|t:|1683271015\n|move|p2b: Wo-Chien|Protect|p2b: Wo-Chien\n|-singleturn|p2b: Wo-Chien|Protect\n|move|p1b: Gardevoir|Moonblast|p2a: Tyranitar\n|-supereffective|p2a: Tyranitar\n|-damage|p2a: Tyranitar|47\/100 slp\n|cant|p2a: Tyranitar|slp\n|move|p1a: Amoonguss|Toxic|p2b: Wo-Chien\n|-activate|p2b: Wo-Chien|move: Protect\n|\n|-weather|Sandstorm|[upkeep]\n|-damage|p1b: Gardevoir|76\/100|[from] Sandstorm\n|-damage|p2b: Wo-Chien|47\/100|[from] Sandstorm\n|-damage|p1a: Amoonguss|95\/100|[from] Sandstorm\n|-heal|p2b: Wo-Chien|53\/100|[from] item: Leftovers\n|-heal|p1a: Amoonguss|100\/100|[from] item: Leftovers\n|-damage|p1b: Gardevoir|64\/100|[from] Leech Seed|[of] p2b: Wo-Chien\n|-heal|p2b: Wo-Chien|63\/100|[silent]\n|upkeep\n|turn|3\n|\n|t:|1683271055\n|-terastallize|p2b: Wo-Chien|Poison\n|move|p1b: Gardevoir|Moonblast|p2a: Tyranitar\n|-supereffective|p2a: Tyranitar\n|-damage|p2a: Tyranitar|0 fnt\n|faint|p2a: Tyranitar\n|move|p2b: Wo-Chien|Ruination|p1b: Gardevoir\n|-damage|p1b: Gardevoir|33\/100\n|move|p1a: Amoonguss|Toxic|p2b: Wo-Chien\n|-immune|p2b: Wo-Chien\n|\n|-weather|Sandstorm|[upkeep]\n|-damage|p1b: Gardevoir|27\/100|[from] Sandstorm\n|-damage|p2b: Wo-Chien|57\/100|[from] Sandstorm\n|-damage|p1a: Amoonguss|95\/100|[from] Sandstorm\n|-heal|p2b: Wo-Chien|63\/100|[from] item: Leftovers\n|-heal|p1a: Amoonguss|100\/100|[from] item: Leftovers\n|-damage|p1b: Gardevoir|14\/100|[from] Leech Seed|[of] p2b: Wo-Chien\n|-heal|p2b: Wo-Chien|73\/100|[silent]\n|upkeep\n|\n|t:|1683271062\n|switch|p2a: Lycanroc|Lycanroc, L50, M|100\/100\n|turn|4\n|\n|t:|1683271082\n|move|p2a: Lycanroc|Rock Slide|p1b: Gardevoir|[spread] p1a,p1b\n|-damage|p1a: Amoonguss|79\/100\n|-damage|p1b: Gardevoir|0 fnt\n|faint|p1b: Gardevoir\n|move|p2b: Wo-Chien|Ruination|p1a: Amoonguss\n|-damage|p1a: Amoonguss|40\/100\n|move|p1a: Amoonguss|Spore|p2a: Lycanroc\n|-status|p2a: Lycanroc|slp|[from] move: Spore\n|\n|-weather|Sandstorm|[upkeep]\n|-damage|p2b: Wo-Chien|67\/100|[from] Sandstorm\n|-damage|p1a: Amoonguss|34\/100|[from] Sandstorm\n|-heal|p2b: Wo-Chien|73\/100|[from] item: Leftovers\n|-heal|p1a: Amoonguss|40\/100|[from] item: Leftovers\n|upkeep\n|\n|t:|1683271097\n|switch|p1b: Annihilape|Annihilape, L50, F|100\/100\n|turn|5\n|\n|t:|1683271145\n|switch|p2a: Palafin|Palafin-Hero, L50, F|100\/100\n|-activate|p2a: Palafin|ability: Zero to Hero\n|move|p1b: Annihilape|Close Combat|p2a: Palafin\n|-damage|p2a: Palafin|59\/100\n|-unboost|p1b: Annihilape|def|1\n|-unboost|p1b: Annihilape|spd|1\n|move|p2b: Wo-Chien|Leech Seed|p1b: Annihilape\n|-start|p1b: Annihilape|move: Leech Seed\n|move|p1a: Amoonguss|Giga Drain|p2b: Wo-Chien\n|-resisted|p2b: Wo-Chien\n|-damage|p2b: Wo-Chien|65\/100\n|-heal|p1a: Amoonguss|43\/100|[from] drain|[of] p2b: Wo-Chien\n|\n|-weather|none\n|-heal|p2b: Wo-Chien|71\/100|[from] item: Leftovers\n|-heal|p1a: Amoonguss|49\/100|[from] item: Leftovers\n|-damage|p1b: Annihilape|88\/100|[from] Leech Seed|[of] p2b: Wo-Chien\n|-heal|p2b: Wo-Chien|84\/100|[silent]\n|upkeep\n|turn|6\n|\n|t:|1683271177\n|move|p2a: Palafin|Wave Crash|p1b: Annihilape\n|-damage|p1b: Annihilape|11\/100\n|-damage|p2a: Palafin|30\/100|[from] Recoil\n|move|p1b: Annihilape|Gunk Shot|p2b: Wo-Chien\n|-resisted|p2b: Wo-Chien\n|-damage|p2b: Wo-Chien|74\/100\n|move|p2b: Wo-Chien|Pollen Puff|p2a: Palafin\n|-heal|p2a: Palafin|80\/100\n|move|p1a: Amoonguss|Giga Drain|p2a: Palafin\n|-supereffective|p2a: Palafin\n|-damage|p2a: Palafin|29\/100\n|-heal|p1a: Amoonguss|71\/100|[from] drain|[of] p2a: Palafin\n|\n|-heal|p2b: Wo-Chien|81\/100|[from] item: Leftovers\n|-heal|p1a: Amoonguss|77\/100|[from] item: Leftovers\n|-damage|p1b: Annihilape|0 fnt|[from] Leech Seed|[of] p2b: Wo-Chien\n|-heal|p2b: Wo-Chien|91\/100|[silent]\n|faint|p1b: Annihilape\n|upkeep\n|\n|t:|1683271195\n|switch|p1b: Hydreigon|Hydreigon, L50, F|100\/100\n|turn|7\n|\n|t:|1683271214\n|move|p2a: Palafin|Close Combat|p1b: Hydreigon\n|-supereffective|p1b: Hydreigon\n|-damage|p1b: Hydreigon|24\/100\n|-unboost|p2a: Palafin|def|1\n|-unboost|p2a: Palafin|spd|1\n|move|p1b: Hydreigon|Fire Blast|p2b: Wo-Chien\n|-damage|p2b: Wo-Chien|61\/100\n|-status|p2b: Wo-Chien|brn\n|-damage|p1b: Hydreigon|14\/100|[from] item: Life Orb\n|move|p2b: Wo-Chien|Leech Seed|p1b: Hydreigon\n|-start|p1b: Hydreigon|move: Leech Seed\n|move|p1a: Amoonguss|Giga Drain|p2a: Palafin\n|-supereffective|p2a: Palafin\n|-damage|p2a: Palafin|0 fnt\n|-heal|p1a: Amoonguss|89\/100|[from] drain|[of] p2a: Palafin\n|faint|p2a: Palafin\n|\n|-heal|p2b: Wo-Chien|67\/100 brn|[from] item: Leftovers\n|-heal|p1a: Amoonguss|95\/100|[from] item: Leftovers\n|-damage|p1b: Hydreigon|2\/100|[from] Leech Seed|[of] p2b: Wo-Chien\n|-heal|p2b: Wo-Chien|79\/100 brn|[silent]\n|-damage|p2b: Wo-Chien|72\/100 brn|[from] brn\n|upkeep\n|\n|t:|1683271235\n|switch|p2a: Lycanroc|Lycanroc, L50, M|100\/100 slp\n|turn|8\n|\n|t:|1683271267\n|cant|p2a: Lycanroc|slp\n|move|p1b: Hydreigon|Draco Meteor|p2b: Wo-Chien\n|-damage|p2b: Wo-Chien|20\/100 brn\n|-unboost|p1b: Hydreigon|spa|2\n|-damage|p1b: Hydreigon|0 fnt|[from] item: Life Orb\n|faint|p1b: Hydreigon\n|move|p2b: Wo-Chien|Ruination|p1a: Amoonguss\n|-damage|p1a: Amoonguss|48\/100\n|move|p1a: Amoonguss|Giga Drain|p2a: Lycanroc\n|-supereffective|p2a: Lycanroc\n|-damage|p2a: Lycanroc|35\/100 slp\n|-heal|p1a: Amoonguss|73\/100|[from] drain|[of] p2a: Lycanroc\n|\n|-heal|p2b: Wo-Chien|26\/100 brn|[from] item: Leftovers\n|-heal|p1a: Amoonguss|79\/100|[from] item: Leftovers\n|-damage|p2b: Wo-Chien|20\/100 brn|[from] brn\n|upkeep\n|turn|9\n|\n|t:|1683271285\n|cant|p2a: Lycanroc|slp\n|move|p2b: Wo-Chien|Ruination|p1a: Amoonguss\n|-damage|p1a: Amoonguss|40\/100\n|move|p1a: Amoonguss|Giga Drain|p2a: Lycanroc\n|-supereffective|p2a: Lycanroc\n|-damage|p2a: Lycanroc|0 fnt\n|-heal|p1a: Amoonguss|54\/100|[from] drain|[of] p2a: Lycanroc\n|faint|p2a: Lycanroc\n|\n|-heal|p2b: Wo-Chien|26\/100 brn|[from] item: Leftovers\n|-heal|p1a: Amoonguss|60\/100|[from] item: Leftovers\n|-damage|p2b: Wo-Chien|20\/100 brn|[from] brn\n|upkeep\n|turn|10\n|\n|t:|1683271305\n|move|p2b: Wo-Chien|Ruination|p1a: Amoonguss\n|-damage|p1a: Amoonguss|30\/100\n|move|p1a: Amoonguss|Clear Smog|p2b: Wo-Chien\n|-resisted|p2b: Wo-Chien\n|-damage|p2b: Wo-Chien|15\/100 brn\n|-clearboost|p2b: Wo-Chien\n|\n|-heal|p2b: Wo-Chien|21\/100 brn|[from] item: Leftovers\n|-heal|p1a: Amoonguss|36\/100|[from] item: Leftovers\n|-damage|p2b: Wo-Chien|15\/100 brn|[from] brn\n|upkeep\n|turn|11\n|\n|t:|1683271327\n|move|p2b: Wo-Chien|Ruination|p1a: Amoonguss\n|-damage|p1a: Amoonguss|19\/100\n|move|p1a: Amoonguss|Giga Drain|p2b: Wo-Chien\n|-resisted|p2b: Wo-Chien\n|-damage|p2b: Wo-Chien|8\/100 brn\n|-heal|p1a: Amoonguss|22\/100|[from] drain|[of] p2b: Wo-Chien\n|\n|-heal|p2b: Wo-Chien|15\/100 brn|[from] item: Leftovers\n|-heal|p1a: Amoonguss|28\/100|[from] item: Leftovers\n|-damage|p2b: Wo-Chien|8\/100 brn|[from] brn\n|upkeep\n|turn|12\n|\n|t:|1683271341\n|-terastallize|p1a: Amoonguss|Grass\n|move|p2b: Wo-Chien|Pollen Puff|p1a: Amoonguss\n|-supereffective|p1a: Amoonguss\n|-damage|p1a: Amoonguss|0 fnt\n|faint|p1a: Amoonguss\n|\n|win|JavierTheFox\n|raw|Robybody's rating: 1046 → 1032<\/strong> (-14 for losing)\n|raw|JavierTheFox's rating: 1116 → 1136<\/strong> (+20 for winning)\n|c|\u2606JavierTheFox|w a i t\n|l|\u2606Robybody\n","uploadtime":1683271358,"views":7,"p1id":"robybody","p2id":"javierthefox","formatid":"gen9vgc2023regulationc","rating":1032,"private":0,"password":""}