{"id":"gen9vgc2023regulationc-1859425562","p1":"LXF pokemon","p2":"Indigosaffron","format":"[Gen 9] VGC 2023 Regulation C","log":"|j|\u2606LXF pokemon\n|j|\u2606Indigosaffron\n|t:|1683465160\n|gametype|doubles\n|player|p1|LXF pokemon|hilbert|1612\n|player|p2|Indigosaffron|170|1796\n|teamsize|p1|6\n|teamsize|p2|6\n|gen|9\n|tier|[Gen 9] VGC 2023 Regulation C\n|rated|\n|rule|Species Clause: Limit one of each Pok\u00e9mon\n|rule|Item Clause: Limit one of each item\n|clearpoke\n|poke|p1|Chien-Pao, L50|\n|poke|p1|Dragonite, L50, F|\n|poke|p1|Flutter Mane, L50|\n|poke|p1|Great Tusk, L50|\n|poke|p1|Talonflame, L50, M|\n|poke|p1|Gyarados, L50, F|\n|poke|p2|Chien-Pao, L50|\n|poke|p2|Flutter Mane, L50|\n|poke|p2|Talonflame, L50, F|\n|poke|p2|Meowscarada, L50, F|\n|poke|p2|Maushold-Four, L50|\n|poke|p2|Azumarill, L50, F|\n|teampreview|4\nIndigosaffron has agreed to open team sheets.\n|inactive|Battle timer is ON: inactive players will automatically lose when time's up. (requested by Indigosaffron)\n|inactive|LXF pokemon has 60 seconds left.\n|j| senashia\n|\n|t:|1683465203\n|start\n|switch|p1a: Talonflame|Talonflame, L50, M|100\/100\n|switch|p1b: Flutter Mane|Flutter Mane, L50|100\/100\n|switch|p2a: Talonflame|Talonflame, L50, F|100\/100\n|switch|p2b: Flutter Mane|Flutter Mane, L50|100\/100\n|-enditem|p1b: Flutter Mane|Booster Energy\n|-activate|p1b: Flutter Mane|ability: Protosynthesis|[fromitem]\n|-start|p1b: Flutter Mane|protosynthesisspa\n|turn|1\n|l|senashia\n|inactive|LXF pokemon has 30 seconds left.\n|\n|t:|1683465233\n|move|p1a: Talonflame|Brave Bird|p2a: Talonflame\n|-damage|p2a: Talonflame|35\/100\n|-damage|p1a: Talonflame|79\/100|[from] Recoil\n|move|p2a: Talonflame|Tailwind|p2a: Talonflame\n|-sidestart|p2: Indigosaffron|move: Tailwind\n|move|p2b: Flutter Mane|Dazzling Gleam|p1b: Flutter Mane|[spread] p1a,p1b\n|-resisted|p1a: Talonflame\n|-damage|p1a: Talonflame|42\/100\n|-damage|p1b: Flutter Mane|52\/100\n|move|p1b: Flutter Mane|Thunderbolt|p2a: Talonflame\n|-supereffective|p2a: Talonflame\n|-damage|p2a: Talonflame|0 fnt\n|faint|p2a: Talonflame\n|\n|upkeep\n|inactive|Indigosaffron has 30 seconds left.\n|\n|t:|1683465263\n|switch|p2a: Chien-Pao|Chien-Pao, L50|100\/100\n|-ability|p2a: Chien-Pao|Sword of Ruin\n|turn|2\n|inactive|Indigosaffron has 30 seconds left.\n|\n|t:|1683465291\n|move|p1b: Flutter Mane|Protect|p1b: Flutter Mane\n|-singleturn|p1b: Flutter Mane|Protect\n|move|p2a: Chien-Pao|Sucker Punch||[still]\n|-fail|p2a: Chien-Pao\n|move|p2b: Flutter Mane|Dazzling Gleam|p1b: Flutter Mane|[spread] p1a\n|-activate|p1b: Flutter Mane|move: Protect\n|-resisted|p1a: Talonflame\n|-damage|p1a: Talonflame|3\/100\n|move|p1a: Talonflame|Tailwind|p1a: Talonflame\n|-sidestart|p1: LXF pokemon|move: Tailwind\n|\n|upkeep\n|turn|3\n|inactive|Indigosaffron has 30 seconds left.\n|\n|t:|1683465316\n|-terastallize|p2a: Chien-Pao|Poison\n|move|p2a: Chien-Pao|Sucker Punch||[still]\n|-fail|p2a: Chien-Pao\n|move|p1a: Talonflame|Will-O-Wisp|p2a: Chien-Pao\n|-status|p2a: Chien-Pao|brn\n|move|p1b: Flutter Mane|Dazzling Gleam|p2a: Chien-Pao|[spread] p2a,p2b\n|-resisted|p2a: Chien-Pao\n|-damage|p2a: Chien-Pao|85\/100 brn\n|-damage|p2b: Flutter Mane|65\/100\n|move|p2b: Flutter Mane|Dazzling Gleam|p1a: Talonflame|[spread] p1a,p1b\n|-resisted|p1a: Talonflame\n|-damage|p1a: Talonflame|0 fnt\n|-damage|p1b: Flutter Mane|6\/100\n|faint|p1a: Talonflame\n|\n|-damage|p2a: Chien-Pao|79\/100 brn|[from] brn\n|upkeep\n|\n|t:|1683465337\n|switch|p1a: Great Tusk|Great Tusk, L50|100\/100\n|turn|4\n|\n|t:|1683465357\n|-terastallize|p1a: Great Tusk|Ground\n|move|p1b: Flutter Mane|Protect|p1b: Flutter Mane\n|-singleturn|p1b: Flutter Mane|Protect\n|move|p2a: Chien-Pao|Sucker Punch|p1a: Great Tusk\n|-damage|p1a: Great Tusk|82\/100\n|move|p1a: Great Tusk|Earthquake|p2b: Flutter Mane|[spread] p2a,p2b\n|-activate|p1b: Flutter Mane|move: Protect\n|-supereffective|p2a: Chien-Pao\n|-damage|p2a: Chien-Pao|0 fnt\n|-damage|p2b: Flutter Mane|0 fnt\n|faint|p2a: Chien-Pao\n|faint|p2b: Flutter Mane\n|-end|p2b: Flutter Mane|Protosynthesis|[silent]\n|\n|-sideend|p2: Indigosaffron|move: Tailwind\n|upkeep\n|\n|t:|1683465368\n|switch|p2b: Maushold|Maushold-Four, L50|100\/100\n|turn|5\n|\n|t:|1683465383\n|-end|p1a: Great Tusk|Protosynthesis|[silent]\n|switch|p1a: Dragonite|Dragonite, L50, F|100\/100\n|move|p2b: Maushold|Protect|p2b: Maushold\n|-singleturn|p2b: Maushold|Protect\n|move|p1b: Flutter Mane|Dazzling Gleam|p2b: Maushold\n|-activate|p2b: Maushold|move: Protect\n|\n|-sideend|p1: LXF pokemon|move: Tailwind\n|upkeep\n|turn|6\n|\n|t:|1683465398\n|move|p1b: Flutter Mane|Dazzling Gleam|p2b: Maushold\n|-damage|p2b: Maushold|15\/100\n|move|p2b: Maushold|Population Bomb|p1a: Dragonite\n|-damage|p1a: Dragonite|97\/100\n|-damage|p1a: Dragonite|89\/100\n|-damage|p1a: Dragonite|82\/100\n|-damage|p1a: Dragonite|75\/100\n|-damage|p1a: Dragonite|68\/100\n|-damage|p1a: Dragonite|61\/100\n|-damage|p1a: Dragonite|53\/100\n|-damage|p1a: Dragonite|46\/100\n|-damage|p1a: Dragonite|39\/100\n|-damage|p1a: Dragonite|31\/100\n|-hitcount|p1a: Dragonite|10\n|move|p1a: Dragonite|Outrage|p2b: Maushold\n|-damage|p2b: Maushold|0 fnt\n|faint|p2b: Maushold\n|\n|win|LXF pokemon\n|raw|LXF pokemon's rating: 1612 → 1642<\/strong> (+30 for winning)\n|raw|Indigosaffron's rating: 1796 → 1766<\/strong> (-30 for losing)\n|l|\u2606Indigosaffron\n","uploadtime":1683465517,"views":10,"p1id":"lxfpokemon","p2id":"indigosaffron","formatid":"gen9vgc2023regulationc","rating":1642,"private":0,"password":""}