{"id":"gen9vgc2023regulationc-1847029489","p1":"Moonz_e","p2":"ECMBB","format":"[Gen 9] VGC 2023 Regulation C","log":"|j|\u2606Moonz_e\n|j|\u2606ECMBB\n|t:|1681913132\n|gametype|doubles\n|player|p1|Moonz_e|caitlin-masters|1028\n|player|p2|ECMBB|266|1065\n|teamsize|p1|6\n|teamsize|p2|6\n|gen|9\n|tier|[Gen 9] VGC 2023 Regulation C\n|rated|\n|rule|Species Clause: Limit one of each Pok\u00e9mon\n|rule|Item Clause: Limit one of each item\n|clearpoke\n|poke|p1|Ting-Lu, L50|\n|poke|p1|Amoonguss, L50, F|\n|poke|p1|Annihilape, L50, F|\n|poke|p1|Dragonite, L50, F|\n|poke|p1|Arcanine, L50, M|\n|poke|p1|Iron Bundle, L50|\n|poke|p2|Ting-Lu, L50|\n|poke|p2|Gyarados, L50, M|\n|poke|p2|Flutter Mane, L50|\n|poke|p2|Amoonguss, L50, F|\n|poke|p2|Arcanine, L50, M|\n|poke|p2|Palafin, L50, M|\n|teampreview|4\n|c|\u2606Moonz_e|Glhf\n|\n|t:|1681913164\n|start\n|switch|p1a: Iron Bundle|Iron Bundle, L50|100\/100\n|switch|p1b: Dragonite|Dragonite, L50, F|100\/100\n|switch|p2a: Ting-Lu|Ting-Lu, L50|100\/100\n|switch|p2b: Amoonguss|Amoonguss, L50, F|100\/100\n|-ability|p2a: Ting-Lu|Vessel of Ruin\n|-enditem|p1a: Iron Bundle|Booster Energy\n|-activate|p1a: Iron Bundle|ability: Quark Drive|[fromitem]\n|-start|p1a: Iron Bundle|quarkdrivespe\n|turn|1\n|inactive|Battle timer is ON: inactive players will automatically lose when time's up. (requested by ECMBB)\n|inactive|Moonz_e has 60 seconds left.\n|\n|t:|1681913202\n|move|p1a: Iron Bundle|Icy Wind|p2b: Amoonguss|[spread] p2a,p2b\n|-supereffective|p2a: Ting-Lu\n|-supereffective|p2b: Amoonguss\n|-damage|p2a: Ting-Lu|75\/100\n|-damage|p2b: Amoonguss|79\/100\n|-unboost|p2a: Ting-Lu|spe|1\n|-unboost|p2b: Amoonguss|spe|1\n|move|p1b: Dragonite|Ice Spinner|p2b: Amoonguss\n|-supereffective|p2b: Amoonguss\n|-damage|p2b: Amoonguss|0 fnt\n|-damage|p1b: Dragonite|84\/100|[from] item: Rocky Helmet|[of] p2b: Amoonguss\n|faint|p2b: Amoonguss\n|move|p2a: Ting-Lu|Heavy Slam|p1b: Dragonite\n|-damage|p1b: Dragonite|54\/100\n|\n|upkeep\n|inactive|ECMBB has 30 seconds left.\n|\n|t:|1681913235\n|switch|p2b: Flutter Mane|Flutter Mane, L50, shiny|100\/100\n|-enditem|p2b: Flutter Mane|Booster Energy\n|-activate|p2b: Flutter Mane|ability: Protosynthesis|[fromitem]\n|-start|p2b: Flutter Mane|protosynthesisspa\n|turn|2\n|\n|t:|1681913251\n|move|p1a: Iron Bundle|Icy Wind|p2a: Ting-Lu|[spread] p2b\n|-miss|p1a: Iron Bundle|p2a: Ting-Lu\n|-damage|p2b: Flutter Mane|87\/100\n|-unboost|p2b: Flutter Mane|spe|1\n|move|p1b: Dragonite|Ice Spinner|p2b: Flutter Mane\n|-damage|p2b: Flutter Mane|42\/100\n|move|p2b: Flutter Mane|Thunderbolt|p1a: Iron Bundle\n|-supereffective|p1a: Iron Bundle\n|-damage|p1a: Iron Bundle|4\/100\n|move|p2a: Ting-Lu|Heavy Slam|p1b: Dragonite\n|-crit|p1b: Dragonite\n|-damage|p1b: Dragonite|11\/100\n|\n|upkeep\n|turn|3\n|inactive|Moonz_e has 30 seconds left.\n|inactive|ECMBB has 30 seconds left.\n|\n|t:|1681913281\n|move|p2b: Flutter Mane|Protect|p2b: Flutter Mane\n|-singleturn|p2b: Flutter Mane|Protect\n|move|p1a: Iron Bundle|Hydro Pump|p2b: Flutter Mane\n|-activate|p2b: Flutter Mane|move: Protect\n|move|p1b: Dragonite|Ice Spinner|p2a: Ting-Lu\n|-supereffective|p2a: Ting-Lu\n|-damage|p2a: Ting-Lu|24\/100\n|-enditem|p2a: Ting-Lu|Aguav Berry|[eat]\n|-heal|p2a: Ting-Lu|57\/100|[from] item: Aguav Berry\n|move|p2a: Ting-Lu|Heavy Slam|p1b: Dragonite\n|-damage|p1b: Dragonite|0 fnt\n|faint|p1b: Dragonite\n|\n|upkeep\n|\n|t:|1681913305\n|switch|p1b: Ting-Lu|Ting-Lu, L50|100\/100\n|-ability|p1b: Ting-Lu|Vessel of Ruin\n|turn|4\n|\n|t:|1681913321\n|-end|p2b: Flutter Mane|Protosynthesis|[silent]\n|switch|p2b: Gyarados|Gyarados, L50, M, shiny|100\/100\n|-ability|p2b: Gyarados|Intimidate|boost\n|-unboost|p1a: Iron Bundle|atk|1\n|-unboost|p1b: Ting-Lu|atk|1\n|-terastallize|p1b: Ting-Lu|Fairy\n|move|p1a: Iron Bundle|Hydro Pump|p2b: Gyarados\n|-resisted|p2b: Gyarados\n|-damage|p2b: Gyarados|82\/100\n|move|p1b: Ting-Lu|Body Press|p2a: Ting-Lu\n|-supereffective|p2a: Ting-Lu\n|-damage|p2a: Ting-Lu|31\/100\n|move|p2a: Ting-Lu|Earthquake|p1b: Ting-Lu|[spread] p1a,p1b\n|-immune|p2b: Gyarados\n|-damage|p1a: Iron Bundle|0 fnt\n|-damage|p1b: Ting-Lu|80\/100\n|faint|p1a: Iron Bundle\n|-end|p1a: Iron Bundle|Quark Drive|[silent]\n|\n|-heal|p1b: Ting-Lu|86\/100|[from] item: Leftovers\n|upkeep\n|\n|t:|1681913342\n|switch|p1a: Amoonguss|Amoonguss, L50, F|100\/100\n|turn|5\n|\n|t:|1681913352\n|move|p1b: Ting-Lu|Protect|p1b: Ting-Lu\n|-singleturn|p1b: Ting-Lu|Protect\n|move|p2b: Gyarados|Taunt|p1a: Amoonguss\n|-start|p1a: Amoonguss|move: Taunt\n|cant|p1a: Amoonguss|move: Taunt|Spore\n|move|p2a: Ting-Lu|Heavy Slam|p1b: Ting-Lu\n|-activate|p1b: Ting-Lu|move: Protect\n|\n|-heal|p1b: Ting-Lu|92\/100|[from] item: Leftovers\n|upkeep\n|turn|6\n|\n|t:|1681913369\n|move|p2b: Gyarados|Waterfall|p1a: Amoonguss\n|-resisted|p1a: Amoonguss\n|-damage|p1a: Amoonguss|83\/100\n|move|p1b: Ting-Lu|Body Press|p2a: Ting-Lu\n|-supereffective|p2a: Ting-Lu\n|-damage|p2a: Ting-Lu|1\/100\n|cant|p1a: Amoonguss|flinch\n|move|p2a: Ting-Lu|Earthquake|p1b: Ting-Lu|[spread] p1a,p1b\n|-immune|p2b: Gyarados\n|-damage|p1a: Amoonguss|50\/100\n|-damage|p1b: Ting-Lu|70\/100\n|\n|-heal|p1b: Ting-Lu|76\/100|[from] item: Leftovers\n|upkeep\n|turn|7\n|\n|t:|1681913394\n|move|p2b: Gyarados|Iron Head|p1b: Ting-Lu\n|-supereffective|p1b: Ting-Lu\n|-damage|p1b: Ting-Lu|45\/100\n|cant|p1b: Ting-Lu|flinch\n|move|p1a: Amoonguss|Pollen Puff|p1b: Ting-Lu\n|-heal|p1b: Ting-Lu|95\/100\n|move|p2a: Ting-Lu|Earthquake|p1b: Ting-Lu|[spread] p1a,p1b\n|-immune|p2b: Gyarados\n|-damage|p1a: Amoonguss|18\/100\n|-damage|p1b: Ting-Lu|75\/100\n|-enditem|p1a: Amoonguss|Iapapa Berry|[eat]\n|-heal|p1a: Amoonguss|51\/100|[from] item: Iapapa Berry\n|\n|-heal|p1b: Ting-Lu|81\/100|[from] item: Leftovers\n|-end|p1a: Amoonguss|move: Taunt\n|upkeep\n|turn|8\n|\n|t:|1681913418\n|move|p2b: Gyarados|Iron Head|p1b: Ting-Lu\n|-supereffective|p1b: Ting-Lu\n|-damage|p1b: Ting-Lu|49\/100\n|move|p1b: Ting-Lu|Rock Slide|p2b: Gyarados|[spread] p2a,p2b\n|-resisted|p2a: Ting-Lu\n|-supereffective|p2b: Gyarados\n|-damage|p2a: Ting-Lu|0 fnt\n|-damage|p2b: Gyarados|62\/100\n|faint|p2a: Ting-Lu\n|move|p1a: Amoonguss|Pollen Puff|p1b: Ting-Lu\n|-heal|p1b: Ting-Lu|99\/100\n|\n|-heal|p1b: Ting-Lu|100\/100|[from] item: Leftovers\n|upkeep\n|\n|t:|1681913431\n|switch|p2a: Flutter Mane|Flutter Mane, L50, shiny|42\/100\n|turn|9\n|\n|t:|1681913443\n|-terastallize|p2a: Flutter Mane|Fairy\n|move|p2a: Flutter Mane|Dazzling Gleam|p1b: Ting-Lu|[spread] p1a,p1b\n|-resisted|p1a: Amoonguss\n|-damage|p1a: Amoonguss|40\/100\n|-damage|p1b: Ting-Lu|79\/100\n|move|p2b: Gyarados|Taunt|p1a: Amoonguss\n|-start|p1a: Amoonguss|move: Taunt\n|move|p1b: Ting-Lu|Rock Slide|p2a: Flutter Mane|[spread] p2a,p2b\n|-supereffective|p2b: Gyarados\n|-damage|p2a: Flutter Mane|31\/100\n|-damage|p2b: Gyarados|41\/100\n|cant|p1a: Amoonguss|move: Taunt|Spore\n|\n|-heal|p1b: Ting-Lu|85\/100|[from] item: Leftovers\n|upkeep\n|turn|10\n|inactive|ECMBB has 30 seconds left.\n|\n|t:|1681913468\n|move|p2b: Gyarados|Helping Hand|p2a: Flutter Mane\n|-singleturn|p2a: Flutter Mane|Helping Hand|[of] p2b: Gyarados\n|move|p2a: Flutter Mane|Dazzling Gleam|p1b: Ting-Lu|[spread] p1a,p1b\n|-resisted|p1a: Amoonguss\n|-damage|p1a: Amoonguss|25\/100\n|-damage|p1b: Ting-Lu|53\/100\n|move|p1b: Ting-Lu|Rock Slide|p2a: Flutter Mane|[spread] p2a,p2b\n|-supereffective|p2b: Gyarados\n|-damage|p2a: Flutter Mane|21\/100\n|-damage|p2b: Gyarados|20\/100\n|move|p1a: Amoonguss|Pollen Puff|p2a: Flutter Mane\n|-resisted|p2a: Flutter Mane\n|-damage|p2a: Flutter Mane|15\/100\n|\n|-heal|p1b: Ting-Lu|59\/100|[from] item: Leftovers\n|upkeep\n|turn|11\n|\n|t:|1681913488\n|move|p2a: Flutter Mane|Dazzling Gleam|p1b: Ting-Lu|[spread] p1a,p1b\n|-resisted|p1a: Amoonguss\n|-damage|p1a: Amoonguss|16\/100\n|-damage|p1b: Ting-Lu|38\/100\n|move|p2b: Gyarados|Waterfall|p1a: Amoonguss\n|-resisted|p1a: Amoonguss\n|-damage|p1a: Amoonguss|0 fnt\n|faint|p1a: Amoonguss\n|move|p1b: Ting-Lu|Rock Slide|p2a: Flutter Mane|[spread] p2a,p2b\n|-supereffective|p2b: Gyarados\n|-damage|p2a: Flutter Mane|5\/100\n|-damage|p2b: Gyarados|0 fnt\n|faint|p2b: Gyarados\n|\n|-heal|p1b: Ting-Lu|44\/100|[from] item: Leftovers\n|upkeep\n|turn|12\n|\n|t:|1681913504\n|move|p2a: Flutter Mane|Moonblast|p1b: Ting-Lu\n|-damage|p1b: Ting-Lu|8\/100\n|move|p1b: Ting-Lu|Rock Slide|p2a: Flutter Mane|[miss]\n|-miss|p1b: Ting-Lu|p2a: Flutter Mane\n|\n|-heal|p1b: Ting-Lu|14\/100|[from] item: Leftovers\n|upkeep\n|turn|13\n|\n|t:|1681913515\n|move|p2a: Flutter Mane|Moonblast|p1b: Ting-Lu\n|-damage|p1b: Ting-Lu|0 fnt\n|faint|p1b: Ting-Lu\n|\n|win|ECMBB\n|raw|Moonz_e's rating: 1028 → 1015<\/strong> (-13 for losing)\n|raw|ECMBB's rating: 1065 → 1092<\/strong> (+27 for winning)\n|c|\u2606Moonz_e|Gg\n|c|\u2606ECMBB|Damn that miss\n|c|\u2606Moonz_e|Yeah\n|c|\u2606Moonz_e|That was close\n|c|\u2606ECMBB|That was. Good game\n|l|\u2606Moonz_e\n","uploadtime":1681913546,"views":7,"p1id":"moonze","p2id":"ecmbb","formatid":"gen9vgc2023regulationc","rating":1015,"private":0,"password":""}