{"id":"gen9vgc2023regulationc-1852015309","p1":"Matyel","p2":"SM0KESgirl","format":"[Gen 9] VGC 2023 Regulation C","log":"|j|\u2606Matyel\n|j|\u2606SM0KESgirl\n|t:|1682516893\n|gametype|doubles\n|player|p1|Matyel|leon|1313\n|player|p2|SM0KESgirl|skyla|1243\n|teamsize|p1|6\n|teamsize|p2|6\n|gen|9\n|tier|[Gen 9] VGC 2023 Regulation C\n|rated|\n|rule|Species Clause: Limit one of each Pok\u00e9mon\n|rule|Item Clause: Limit one of each item\n|clearpoke\n|poke|p1|Umbreon, L50, M|\n|poke|p1|Vivillon-Fancy, L50, F|\n|poke|p1|Armarouge, L50, F|\n|poke|p1|Iron Hands, L50|\n|poke|p1|Flutter Mane, L50|\n|poke|p1|Indeedee-F, L50, F|\n|poke|p2|Gholdengo, L50|\n|poke|p2|Murkrow, L50, F|\n|poke|p2|Baxcalibur, L50, M|\n|poke|p2|Annihilape, L50, M|\n|poke|p2|Flutter Mane, L50|\n|poke|p2|Amoonguss, L50, M|\n|teampreview|4\n|\n|t:|1682516924\n|start\n|switch|p1a: Vivillon|Vivillon-Fancy, L50, F|100\/100\n|switch|p1b: ferropalmas|Iron Hands, L50|100\/100\n|switch|p2a: Flutter Mane|Flutter Mane, L50|100\/100\n|switch|p2b: Gholdengo|Gholdengo, L50|100\/100\n|turn|1\n|\n|t:|1682516952\n|-terastallize|p1b: ferropalmas|Grass\n|move|p1a: Vivillon|Tailwind|p1a: Vivillon\n|-sidestart|p1: Matyel|move: Tailwind\n|move|p1b: ferropalmas|Heavy Slam|p2a: Flutter Mane\n|-supereffective|p2a: Flutter Mane\n|-enditem|p2a: Flutter Mane|Focus Sash\n|-damage|p2a: Flutter Mane|1\/100\n|move|p2b: Gholdengo|Make It Rain|p1a: Vivillon|[spread] p1a,p1b\n|-enditem|p1a: Vivillon|Focus Sash\n|-damage|p1a: Vivillon|1\/100\n|-damage|p1b: ferropalmas|58\/100\n|-unboost|p2b: Gholdengo|spa|1\n|move|p2a: Flutter Mane|Trick Room|p2a: Flutter Mane\n|-fieldstart|move: Trick Room|[of] p2a: Flutter Mane\n|\n|upkeep\n|turn|2\n|\n|t:|1682516984\n|move|p2b: Gholdengo|Make It Rain|p1b: ferropalmas|[spread] p1a,p1b\n|-damage|p1a: Vivillon|0 fnt\n|-damage|p1b: ferropalmas|26\/100\n|-unboost|p2b: Gholdengo|spa|1\n|faint|p1a: Vivillon\n|move|p1b: ferropalmas|Wild Charge|p2b: Gholdengo\n|-damage|p2b: Gholdengo|51\/100\n|-damage|p1b: ferropalmas|16\/100|[from] Recoil\n|move|p2a: Flutter Mane|Dazzling Gleam|p1b: ferropalmas\n|-damage|p1b: ferropalmas|0 fnt\n|faint|p1b: ferropalmas\n|-end|p1b: ferropalmas|Quark Drive|[silent]\n|\n|upkeep\n|\n|t:|1682516999\n|switch|p1b: Indeedee|Indeedee-F, L50, F|100\/100\n|switch|p1a: Armarouge|Armarouge, L50, F|100\/100\n|-fieldstart|move: Psychic Terrain|[from] ability: Psychic Surge|[of] p1b: Indeedee\n|turn|3\n|\n|t:|1682517028\n|move|p1b: Indeedee|Follow Me|p1b: Indeedee\n|-singleturn|p1b: Indeedee|move: Follow Me\n|move|p2b: Gholdengo|Make It Rain|p1a: Armarouge|[spread] p1a,p1b\n|-resisted|p1a: Armarouge\n|-damage|p1a: Armarouge|74\/100\n|-damage|p1b: Indeedee|62\/100\n|-unboost|p2b: Gholdengo|spa|1\n|move|p2a: Flutter Mane|Dazzling Gleam|p1a: Armarouge|[spread] p1a,p1b\n|-resisted|p1a: Armarouge\n|-damage|p1a: Armarouge|52\/100\n|-damage|p1b: Indeedee|32\/100\n|move|p1a: Armarouge|Expanding Force|p2a: Flutter Mane|[spread] p2a,p2b\n|-resisted|p2b: Gholdengo\n|-damage|p2a: Flutter Mane|0 fnt\n|-damage|p2b: Gholdengo|18\/100\n|faint|p2a: Flutter Mane\n|-end|p2a: Flutter Mane|Protosynthesis|[silent]\n|\n|upkeep\n|\n|t:|1682517050\n|switch|p2a: Annihilape|Annihilape, L50, M|100\/100\n|turn|4\n|\n|t:|1682517060\n|move|p1b: Indeedee|Helping Hand|p1a: Armarouge\n|-singleturn|p1a: Armarouge|Helping Hand|[of] p1b: Indeedee\n|move|p2b: Gholdengo|Make It Rain|p1a: Armarouge|[spread] p1a,p1b\n|-resisted|p1a: Armarouge\n|-damage|p1a: Armarouge|33\/100\n|-damage|p1b: Indeedee|1\/100\n|-unboost|p2b: Gholdengo|spa|1\n|move|p2a: Annihilape|Bulk Up|p2a: Annihilape\n|-boost|p2a: Annihilape|atk|1\n|-boost|p2a: Annihilape|def|1\n|move|p1a: Armarouge|Expanding Force|p2b: Gholdengo|[spread] p2a,p2b\n|-supereffective|p2a: Annihilape\n|-resisted|p2b: Gholdengo\n|-damage|p2a: Annihilape|0 fnt\n|-damage|p2b: Gholdengo|0 fnt\n|faint|p2a: Annihilape\n|faint|p2b: Gholdengo\n|\n|-sideend|p1: Matyel|move: Tailwind\n|upkeep\n|\n|t:|1682517082\n|switch|p2a: Baxcalibur|Baxcalibur, L50, M|100\/100\n|turn|5\n|inactive|Battle timer is ON: inactive players will automatically lose when time's up. (requested by SM0KESgirl)\n|\n|t:|1682517135\n|-terastallize|p2a: Baxcalibur|Ground\n|move|p1b: Indeedee|Follow Me|p1b: Indeedee\n|-singleturn|p1b: Indeedee|move: Follow Me\n|move|p2a: Baxcalibur|Earthquake|p1b: Indeedee|[spread] p1a,p1b\n|-supereffective|p1a: Armarouge\n|-damage|p1a: Armarouge|0 fnt\n|-damage|p1b: Indeedee|0 fnt\n|faint|p1a: Armarouge\n|faint|p1b: Indeedee\n|\n|win|SM0KESgirl\n|raw|Matyel's rating: 1313 → 1289<\/strong> (-24 for losing)\n|raw|SM0KESgirl's rating: 1243 → 1273<\/strong> (+30 for winning)\n|l|\u2606Matyel\n","uploadtime":1682517147,"views":14,"p1id":"matyel","p2id":"sm0kesgirl","formatid":"gen9vgc2023regulationc","rating":1273,"private":0,"password":""}