{"id":"gen9vgc2023regulationc-1844924231","p1":"CbuttyVGC","p2":"Luke_chomp","format":"[Gen 9] VGC 2023 Regulation C","log":"|j|\u2606CbuttyVGC\n|j|\u2606Luke_chomp\n|t:|1681664646\n|gametype|doubles\n|player|p1|CbuttyVGC|acetrainer-gen4dp|1215\n|player|p2|Luke_chomp|1|1262\n|teamsize|p1|6\n|teamsize|p2|6\n|gen|9\n|tier|[Gen 9] VGC 2023 Regulation C\n|rated|\n|rule|Species Clause: Limit one of each Pok\u00e9mon\n|rule|Item Clause: Limit one of each item\n|clearpoke\n|poke|p1|Flutter Mane, L50|\n|poke|p1|Wo-Chien, L50|\n|poke|p1|Gholdengo, L50|\n|poke|p1|Iron Hands, L50|\n|poke|p1|Arcanine, L50, F|\n|poke|p1|Palafin, L50, M|\n|poke|p2|Chien-Pao, L50|\n|poke|p2|Azumarill, L50, F|\n|poke|p2|Amoonguss, L50, M|\n|poke|p2|Flutter Mane, L50|\n|poke|p2|Arcanine, L50, M|\n|poke|p2|Dragonite, L50, F|\n|teampreview|4\n|inactive|Battle timer is ON: inactive players will automatically lose when time's up. (requested by CbuttyVGC)\nCbuttyVGC has agreed to open team sheets.\n|inactive|Luke_chomp has 60 seconds left.\n|\n|t:|1681664687\n|start\n|switch|p1a: Arcanine|Arcanine, L50, F|100\/100\n|switch|p1b: Palafin|Palafin, L50, M, shiny|100\/100\n|switch|p2a: Chien-Pao|Chien-Pao, L50|100\/100\n|switch|p2b: Arcanine|Arcanine, L50, M|100\/100\n|-ability|p2a: Chien-Pao|Sword of Ruin\n|-ability|p2b: Arcanine|Intimidate|boost\n|-unboost|p1a: Arcanine|atk|1\n|-unboost|p1b: Palafin|atk|1\n|-ability|p1a: Arcanine|Intimidate|boost\n|-unboost|p2a: Chien-Pao|atk|1\n|-unboost|p2b: Arcanine|atk|1\n|turn|1\n|\n|t:|1681664712\n|move|p2a: Chien-Pao|Protect|p2a: Chien-Pao\n|-singleturn|p2a: Chien-Pao|Protect\n|move|p1a: Arcanine|Protect|p1a: Arcanine\n|-singleturn|p1a: Arcanine|Protect\n|move|p1b: Palafin|Jet Punch|p2a: Chien-Pao\n|-activate|p2a: Chien-Pao|move: Protect\n|move|p2b: Arcanine|Will-O-Wisp|p1b: Palafin|[miss]\n|-miss|p2b: Arcanine|p1b: Palafin\n|\n|upkeep\n|turn|2\n|\n|t:|1681664727\n|switch|p2a: Amoonguss|Amoonguss, L50, M|100\/100\n|detailschange|p1b: Palafin|Palafin-Hero, L50, M, shiny\n|switch|p1b: Wo-Chien|Wo-Chien, L50|100\/100\n|-ability|p1b: Wo-Chien|Tablets of Ruin\n|move|p2b: Arcanine|Will-O-Wisp|p1b: Wo-Chien\n|-status|p1b: Wo-Chien|brn\n|move|p1a: Arcanine|Will-O-Wisp|p2a: Amoonguss\n|-status|p2a: Amoonguss|brn\n|\n|-damage|p1b: Wo-Chien|95\/100 brn|[from] brn\n|-damage|p2a: Amoonguss|95\/100 brn|[from] brn\n|upkeep\n|turn|3\n|\n|t:|1681664748\n|switch|p1a: Gholdengo|Gholdengo, L50|100\/100\n|move|p2b: Arcanine|Flare Blitz|p1b: Wo-Chien\n|-supereffective|p1b: Wo-Chien\n|-damage|p1b: Wo-Chien|55\/100 brn\n|-damage|p2b: Arcanine|88\/100|[from] Recoil\n|move|p1b: Wo-Chien|Stun Spore|p2b: Arcanine\n|-status|p2b: Arcanine|par\n|move|p2a: Amoonguss|Spore|p1a: Gholdengo\n|-immune|p1a: Gholdengo|[from] ability: Good as Gold\n|\n|-heal|p1b: Wo-Chien|61\/100 brn|[from] item: Leftovers\n|-damage|p1b: Wo-Chien|55\/100 brn|[from] brn\n|-damage|p2a: Amoonguss|89\/100 brn|[from] brn\n|upkeep\n|turn|4\n|\n|t:|1681664767\n|-terastallize|p1a: Gholdengo|Water\n|move|p1a: Gholdengo|Nasty Plot|p1a: Gholdengo\n|-boost|p1a: Gholdengo|spa|2\n|move|p1b: Wo-Chien|Leech Seed|p2b: Arcanine\n|-start|p2b: Arcanine|move: Leech Seed\n|move|p2b: Arcanine|Snarl|p1b: Wo-Chien|[spread] p1a,p1b\n|-resisted|p1b: Wo-Chien\n|-crit|p1b: Wo-Chien\n|-damage|p1a: Gholdengo|93\/100\n|-damage|p1b: Wo-Chien|52\/100 brn\n|-unboost|p1a: Gholdengo|spa|1\n|-unboost|p1b: Wo-Chien|spa|1\n|move|p2a: Amoonguss|Pollen Puff|p1b: Wo-Chien\n|-supereffective|p1b: Wo-Chien\n|-damage|p1b: Wo-Chien|7\/100 brn\n|\n|-heal|p1b: Wo-Chien|13\/100 brn|[from] item: Leftovers\n|-damage|p2b: Arcanine|76\/100 par|[from] Leech Seed|[of] p1b: Wo-Chien\n|-heal|p1b: Wo-Chien|26\/100 brn|[silent]\n|-damage|p1b: Wo-Chien|20\/100 brn|[from] brn\n|-damage|p2a: Amoonguss|83\/100 brn|[from] brn\n|upkeep\n|turn|5\n|inactive|Luke_chomp has 30 seconds left.\n|\n|t:|1681664794\n|switch|p1b: Arcanine|Arcanine, L50, F|100\/100\n|-ability|p1b: Arcanine|Intimidate|boost\n|-unboost|p2a: Amoonguss|atk|1\n|-unboost|p2b: Arcanine|atk|1\n|move|p1a: Gholdengo|Nasty Plot|p1a: Gholdengo\n|-boost|p1a: Gholdengo|spa|2\n|move|p2b: Arcanine|Snarl|p1b: Arcanine|[spread] p1a,p1b\n|-damage|p1a: Gholdengo|86\/100\n|-damage|p1b: Arcanine|92\/100\n|-unboost|p1a: Gholdengo|spa|1\n|-unboost|p1b: Arcanine|spa|1\n|move|p2a: Amoonguss|Pollen Puff|p1b: Arcanine\n|-resisted|p1b: Arcanine\n|-damage|p1b: Arcanine|82\/100\n|\n|-damage|p2b: Arcanine|64\/100 par|[from] Leech Seed|[of] p1b: Arcanine\n|-heal|p1b: Arcanine|94\/100|[silent]\n|-damage|p2a: Amoonguss|77\/100 brn|[from] brn\n|upkeep\n|turn|6\n|\n|t:|1681664809\n|switch|p2b: Flutter Mane|Flutter Mane, L50|100\/100\n|-enditem|p2b: Flutter Mane|Booster Energy\n|-activate|p2b: Flutter Mane|ability: Protosynthesis|[fromitem]\n|-start|p2b: Flutter Mane|protosynthesisspa\n|move|p1b: Arcanine|Flare Blitz|p2a: Amoonguss\n|-supereffective|p2a: Amoonguss\n|-damage|p2a: Amoonguss|0 fnt\n|faint|p2a: Amoonguss\n|-damage|p1b: Arcanine|66\/100|[from] Recoil\n|move|p1a: Gholdengo|Nasty Plot|p1a: Gholdengo\n|-boost|p1a: Gholdengo|spa|2\n|\n|upkeep\n|\n|t:|1681664823\n|switch|p2a: Chien-Pao|Chien-Pao, L50|100\/100\n|-ability|p2a: Chien-Pao|Sword of Ruin\n|turn|7\n|\n|t:|1681664833\n|-terastallize|p2b: Flutter Mane|Fairy\n|move|p1a: Gholdengo|Protect|p1a: Gholdengo\n|-singleturn|p1a: Gholdengo|Protect\n|move|p2a: Chien-Pao|Ice Spinner|p1a: Gholdengo\n|-activate|p1a: Gholdengo|move: Protect\n|move|p2b: Flutter Mane|Dazzling Gleam|p1a: Gholdengo|[spread] p1b\n|-activate|p1a: Gholdengo|move: Protect\n|-resisted|p1b: Arcanine\n|-damage|p1b: Arcanine|38\/100\n|move|p1b: Arcanine|Snarl|p2b: Flutter Mane|[spread] p2a,p2b\n|-resisted|p2a: Chien-Pao\n|-resisted|p2b: Flutter Mane\n|-damage|p2a: Chien-Pao|96\/100\n|-damage|p2b: Flutter Mane|98\/100\n|-unboost|p2a: Chien-Pao|spa|1\n|-unboost|p2b: Flutter Mane|spa|1\n|\n|upkeep\n|turn|8\n|\n|t:|1681664848\n|move|p2a: Chien-Pao|Ice Spinner|p1a: Gholdengo\n|-resisted|p1a: Gholdengo\n|-damage|p1a: Gholdengo|59\/100\n|move|p2b: Flutter Mane|Dazzling Gleam|p1a: Gholdengo|[spread] p1a,p1b\n|-resisted|p1b: Arcanine\n|-damage|p1a: Gholdengo|27\/100\n|-damage|p1b: Arcanine|20\/100\n|-enditem|p1a: Gholdengo|Sitrus Berry|[eat]\n|-heal|p1a: Gholdengo|52\/100|[from] item: Sitrus Berry\n|move|p1b: Arcanine|Snarl|p2a: Chien-Pao|[spread] p2a,p2b\n|-resisted|p2a: Chien-Pao\n|-resisted|p2b: Flutter Mane\n|-damage|p2a: Chien-Pao|92\/100\n|-damage|p2b: Flutter Mane|95\/100\n|-unboost|p2a: Chien-Pao|spa|1\n|-unboost|p2b: Flutter Mane|spa|1\n|move|p1a: Gholdengo|Make It Rain|p2b: Flutter Mane|[spread] p2a,p2b\n|-supereffective|p2a: Chien-Pao\n|-supereffective|p2b: Flutter Mane\n|-damage|p2a: Chien-Pao|0 fnt\n|-damage|p2b: Flutter Mane|0 fnt\n|-unboost|p1a: Gholdengo|spa|1\n|faint|p2a: Chien-Pao\n|faint|p2b: Flutter Mane\n|-end|p2b: Flutter Mane|Protosynthesis|[silent]\n|\n|upkeep\n|-message|Luke_chomp forfeited.\n|\n|win|CbuttyVGC\n|raw|CbuttyVGC's rating: 1215 → 1243<\/strong> (+28 for winning)\n|raw|Luke_chomp's rating: 1262 → 1234<\/strong> (-28 for losing)\n|l|\u2606Luke_chomp\n","uploadtime":1681664871,"views":20,"p1id":"cbuttyvgc","p2id":"lukechomp","formatid":"gen9vgc2023regulationc","rating":1234,"private":0,"password":""}