{"id":"gen9vgc2023regulationc-1844983834","p1":"Slitherycoffeecake","p2":"Kasmirga","format":"[Gen 9] VGC 2023 Regulation C","log":"|j|\u2606Slitherycoffeecake\n|j|\u2606Kasmirga\n|t:|1681670887\n|gametype|doubles\n|player|p1|Slitherycoffeecake|265|1076\n|player|p2|Kasmirga|acetrainerf-gen4|1073\n|teamsize|p1|6\n|teamsize|p2|6\n|gen|9\n|tier|[Gen 9] VGC 2023 Regulation C\n|rated|\n|rule|Species Clause: Limit one of each Pok\u00e9mon\n|rule|Item Clause: Limit one of each item\n|clearpoke\n|poke|p1|Ceruledge, L50, F|\n|poke|p1|Torkoal, L50, M|\n|poke|p1|Amoonguss, L50, F|\n|poke|p1|Cryogonal, L50|\n|poke|p1|Abomasnow, L50, M|\n|poke|p1|Ting-Lu, L50|\n|poke|p2|Abomasnow, L50, F|\n|poke|p2|Cetitan, L50, M|\n|poke|p2|Ceruledge, L50, M|\n|poke|p2|Gyarados, L50, M|\n|poke|p2|Ting-Lu, L50|\n|poke|p2|Talonflame, L50, M|\n|teampreview|4\n|inactive|Battle timer is ON: inactive players will automatically lose when time's up. (requested by Slitherycoffeecake)\nSlitherycoffeecake has agreed to open team sheets.\nKasmirga has agreed to open team sheets.\n|inactive|Kasmirga has 60 seconds left.\n|\n|t:|1681670958\n|start\n|switch|p1a: Abomasnow|Abomasnow, L50, M|100\/100\n|switch|p1b: Cryogonal|Cryogonal, L50|100\/100\n|switch|p2a: Gyarados|Gyarados, L50, M|100\/100\n|switch|p2b: Ceruledge|Ceruledge, L50, M|100\/100\n|-ability|p2a: Gyarados|Intimidate|boost\n|-unboost|p1a: Abomasnow|atk|1\n|-unboost|p1b: Cryogonal|atk|1\n|-weather|Snow|[from] ability: Snow Warning|[of] p1a: Abomasnow\n|turn|1\n|\n|t:|1681670980\n|-terastallize|p1a: Abomasnow|Water\n|move|p1b: Cryogonal|Aurora Veil|p1b: Cryogonal\n|-sidestart|p1: Slitherycoffeecake|move: Aurora Veil\n|move|p2a: Gyarados|Taunt|p1b: Cryogonal\n|-start|p1b: Cryogonal|move: Taunt\n|move|p2b: Ceruledge|Bulk Up|p2b: Ceruledge\n|-boost|p2b: Ceruledge|atk|1\n|-boost|p2b: Ceruledge|def|1\n|move|p1a: Abomasnow|Sheer Cold|p2b: Ceruledge|[miss]\n|-miss|p1a: Abomasnow|p2b: Ceruledge\n|\n|-weather|Snow|[upkeep]\n|upkeep\n|turn|2\n|\n|t:|1681670995\n|move|p1b: Cryogonal|Sheer Cold|p2a: Gyarados|[miss]\n|-miss|p1b: Cryogonal|p2a: Gyarados\n|move|p2a: Gyarados|Thunder Wave|p1a: Abomasnow\n|-status|p1a: Abomasnow|par\n|move|p2b: Ceruledge|Bitter Blade|p1b: Cryogonal\n|-supereffective|p1b: Cryogonal\n|-damage|p1b: Cryogonal|4\/100\n|move|p1a: Abomasnow|Sheer Cold|p2b: Ceruledge|[miss]\n|-miss|p1a: Abomasnow|p2b: Ceruledge\n|\n|-weather|Snow|[upkeep]\n|upkeep\n|turn|3\n|\n|t:|1681671010\n|move|p2b: Ceruledge|Shadow Sneak|p1b: Cryogonal\n|-damage|p1b: Cryogonal|0 fnt\n|faint|p1b: Cryogonal\n|move|p2a: Gyarados|Waterfall|p1a: Abomasnow\n|-resisted|p1a: Abomasnow\n|-damage|p1a: Abomasnow|84\/100 par\n|move|p1a: Abomasnow|Sheer Cold|p2b: Ceruledge|[miss]\n|-miss|p1a: Abomasnow|p2b: Ceruledge\n|\n|-weather|Snow|[upkeep]\n|upkeep\n|\n|t:|1681671017\n|switch|p1b: Ceruledge|Ceruledge, L50, F|100\/100\n|turn|4\n|\n|t:|1681671034\n|move|p1b: Ceruledge|Protect|p1b: Ceruledge\n|-singleturn|p1b: Ceruledge|Protect\n|move|p2b: Ceruledge|Protect|p2b: Ceruledge\n|-singleturn|p2b: Ceruledge|Protect\n|move|p2a: Gyarados|Thunder Wave|p1b: Ceruledge\n|-activate|p1b: Ceruledge|move: Protect\n|move|p1a: Abomasnow|Sheer Cold|p2b: Ceruledge\n|-activate|p2b: Ceruledge|move: Protect\n|\n|-weather|Snow|[upkeep]\n|upkeep\n|turn|5\n|\n|t:|1681671047\n|move|p1b: Ceruledge|Protect||[still]\n|-fail|p1b: Ceruledge\n|move|p2b: Ceruledge|Shadow Sneak|p1a: Abomasnow\n|-damage|p1a: Abomasnow|61\/100 par\n|move|p2a: Gyarados|Thunder Wave|p1b: Ceruledge\n|-status|p1b: Ceruledge|par\n|move|p1a: Abomasnow|Sheer Cold|p2b: Ceruledge|[miss]\n|-miss|p1a: Abomasnow|p2b: Ceruledge\n|\n|-weather|Snow|[upkeep]\n|upkeep\n|turn|6\n|-message|Slitherycoffeecake forfeited.\n|\n|win|Kasmirga\n|raw|Slitherycoffeecake's rating: 1076 → 1054<\/strong> (-22 for losing)\n|raw|Kasmirga's rating: 1073 → 1102<\/strong> (+29 for winning)\n|l|\u2606Slitherycoffeecake\n","uploadtime":1681671064,"views":14,"p1id":"slitherycoffeecake","p2id":"kasmirga","formatid":"gen9vgc2023regulationc","rating":1054,"private":0,"password":""}