{"id":"gen9vgc2023regulationc-1849187972","p1":"Eli?ISThatYou","p2":"JiangTang","format":"[Gen 9] VGC 2023 Regulation C","log":"|j|\u2606Eli?ISThatYou\n|j|\u2606JiangTang\n|t:|1682170276\n|gametype|doubles\n|player|p1|Eli?ISThatYou|shadowtriad|1243\n|player|p2|JiangTang|red|1169\n|teamsize|p1|6\n|teamsize|p2|6\n|gen|9\n|tier|[Gen 9] VGC 2023 Regulation C\n|rated|\n|rule|Species Clause: Limit one of each Pok\u00e9mon\n|rule|Item Clause: Limit one of each item\n|clearpoke\n|poke|p1|Hatterene, L50, F|\n|poke|p1|Hariyama, L50, F|\n|poke|p1|Indeedee-F, L50, F|\n|poke|p1|Torkoal, L50, M|\n|poke|p1|Wo-Chien, L50|\n|poke|p1|Polteageist, L50|\n|poke|p2|Lycanroc-Dusk, L50, M|\n|poke|p2|Chien-Pao, L50|\n|poke|p2|Grafaiai, L50, F|\n|poke|p2|Chi-Yu, L50|\n|poke|p2|Flutter Mane, L50|\n|poke|p2|Iron Bundle, L50|\n|teampreview|4\n|inactive|Battle timer is ON: inactive players will automatically lose when time's up. (requested by JiangTang)\n|inactive|Eli?ISThatYou has 60 seconds left.\n|\n|t:|1682170339\n|start\n|switch|p1a: Hatterene|Hatterene, L50, F|100\/100\n|switch|p1b: Indeedee|Indeedee-F, L50, F|100\/100\n|switch|p2a: Iron Bundle|Iron Bundle, L50, shiny|100\/100\n|switch|p2b: Flutter Mane|Flutter Mane, L50|100\/100\n|-fieldstart|move: Psychic Terrain|[from] ability: Psychic Surge|[of] p1b: Indeedee\n|-enditem|p1b: Indeedee|Psychic Seed\n|-boost|p1b: Indeedee|spd|1|[from] item: Psychic Seed\n|-enditem|p2a: Iron Bundle|Booster Energy\n|-activate|p2a: Iron Bundle|ability: Quark Drive|[fromitem]\n|-start|p2a: Iron Bundle|quarkdrivespe\n|turn|1\n|inactive|JiangTang has 30 seconds left.\n|inactive|JiangTang has 20 seconds left.\n|inactive|JiangTang has 15 seconds left.\n|\n|t:|1682170384\n|-terastallize|p2b: Flutter Mane|Fairy\n|move|p1b: Indeedee|Follow Me|p1b: Indeedee\n|-singleturn|p1b: Indeedee|move: Follow Me\n|move|p2a: Iron Bundle|Taunt|p1b: Indeedee\n|-start|p1b: Indeedee|move: Taunt\n|move|p2b: Flutter Mane|Dazzling Gleam|p1a: Hatterene|[spread] p1a,p1b\n|-damage|p1a: Hatterene|36\/100\n|-damage|p1b: Indeedee|64\/100\n|move|p1a: Hatterene|Trick Room|p1a: Hatterene\n|-fieldstart|move: Trick Room|[of] p1a: Hatterene\n|\n|upkeep\n|turn|2\n|inactive|Eli?ISThatYou has 30 seconds left.\n|inactive|JiangTang has 30 seconds left.\n|inactive|Eli?ISThatYou has 20 seconds left.\n|inactive|JiangTang has 20 seconds left.\n|inactive|JiangTang has 15 seconds left.\n|\n|t:|1682170426\n|move|p1a: Hatterene|Psychic|p2b: Flutter Mane\n|-damage|p2b: Flutter Mane|16\/100\n|-damage|p1a: Hatterene|26\/100|[from] item: Life Orb\n|move|p1b: Indeedee|Psychic|p2b: Flutter Mane\n|-damage|p2b: Flutter Mane|0 fnt\n|faint|p2b: Flutter Mane\n|-end|p2b: Flutter Mane|Protosynthesis|[silent]\n|move|p2a: Iron Bundle|Freeze-Dry|p1b: Indeedee\n|-damage|p1b: Indeedee|46\/100\n|\n|upkeep\n|\n|t:|1682170442\n|switch|p2b: Lycanroc|Lycanroc-Dusk, L50, M|100\/100\n|turn|3\n|\n|t:|1682170461\n|move|p2b: Lycanroc|Protect|p2b: Lycanroc\n|-singleturn|p2b: Lycanroc|Protect\n|move|p1a: Hatterene|Psychic|p2b: Lycanroc\n|-activate|p2b: Lycanroc|move: Protect\n|move|p1b: Indeedee|Psychic|p2a: Iron Bundle\n|-damage|p2a: Iron Bundle|57\/100\n|move|p2a: Iron Bundle|Electric Terrain|p2a: Iron Bundle\n|-fieldstart|move: Electric Terrain\n|\n|upkeep\n|turn|4\n|inactive|Eli?ISThatYou has 30 seconds left.\n|inactive|JiangTang has 30 seconds left.\n|\n|t:|1682170490\n|switch|p1b: Polteageist|Polteageist, L50|100\/100\n|move|p2a: Iron Bundle|Protect|p2a: Iron Bundle\n|-singleturn|p2a: Iron Bundle|Protect\n|move|p2b: Lycanroc|Accelerock|p1b: Polteageist\n|-damage|p1b: Polteageist|54\/100\n|-start|p2b: Lycanroc|Disable|Accelerock|[from] ability: Cursed Body|[of] p1b: Polteageist\n|-damage|p2b: Lycanroc|91\/100|[from] item: Life Orb\n|move|p1a: Hatterene|Dazzling Gleam|p2a: Iron Bundle|[spread] p2b\n|-activate|p2a: Iron Bundle|move: Protect\n|-damage|p2b: Lycanroc|23\/100\n|-damage|p1a: Hatterene|16\/100|[from] item: Life Orb\n|\n|upkeep\n|turn|5\n|inactive|JiangTang has 30 seconds left.\n|\n|t:|1682170523\n|switch|p1b: Indeedee|Indeedee-F, L50, F|46\/100\n|-fieldstart|move: Psychic Terrain|[from] ability: Psychic Surge|[of] p1b: Indeedee\n|move|p2b: Lycanroc|Sucker Punch|p1a: Hatterene\n|-activate|p1a: Hatterene|move: Psychic Terrain\n|move|p1a: Hatterene|Dazzling Gleam|p2b: Lycanroc|[spread] p2a,p2b\n|-damage|p2a: Iron Bundle|6\/100\n|-damage|p2b: Lycanroc|0 fnt\n|faint|p2b: Lycanroc\n|-damage|p1a: Hatterene|7\/100|[from] item: Life Orb\n|move|p2a: Iron Bundle|Taunt|p1b: Indeedee\n|-start|p1b: Indeedee|move: Taunt\n|\n|-fieldend|move: Trick Room\n|upkeep\n|\n|t:|1682170539\n|switch|p2b: Chien-Pao|Chien-Pao, L50|100\/100\n|-ability|p2b: Chien-Pao|Sword of Ruin\n|turn|6\n|inactive|Eli?ISThatYou has 30 seconds left.\n|inactive|Eli?ISThatYou has 20 seconds left.\n|\n|t:|1682170575\n|move|p2a: Iron Bundle|Freeze-Dry|p1a: Hatterene\n|-damage|p1a: Hatterene|0 fnt\n|faint|p1a: Hatterene\n|move|p2b: Chien-Pao|Ice Spinner|p1b: Indeedee\n|-damage|p1b: Indeedee|0 fnt\n|-fieldend|move: Psychic Terrain\n|faint|p1b: Indeedee\n|\n|upkeep\n|\n|t:|1682170582\n|switch|p1b: Polteageist|Polteageist, L50|54\/100\n|switch|p1a: Hariyama|Hariyama, L50, F|100\/100\n|turn|7\n|inactive|Eli?ISThatYou has 30 seconds left.\n|\n|t:|1682170614\n|move|p2a: Iron Bundle|Protect|p2a: Iron Bundle\n|-singleturn|p2a: Iron Bundle|Protect\n|move|p2b: Chien-Pao|Protect|p2b: Chien-Pao\n|-singleturn|p2b: Chien-Pao|Protect\n|move|p1a: Hariyama|Fake Out|p2a: Iron Bundle\n|-activate|p2a: Iron Bundle|move: Protect\n|move|p1b: Polteageist|Ally Switch||[still]\n|-fail|p1b: Polteageist\n|\n|-status|p1a: Hariyama|brn|[from] item: Flame Orb\n|upkeep\n|turn|8\n|inactive|Eli?ISThatYou has 30 seconds left.\n|inactive|JiangTang has 30 seconds left.\n|inactive|JiangTang has 20 seconds left.\n|inactive|JiangTang has 15 seconds left.\n|inactive|JiangTang has 10 seconds left.\n|\n|t:|1682170664\n|move|p1b: Polteageist|Ally Switch|p1b: Polteageist\n|swap|p1b: Polteageist|0|[from] move: Ally Switch\n|move|p2a: Iron Bundle|Freeze-Dry|p1b: Hariyama\n|-damage|p1b: Hariyama|77\/100 brn\n|move|p2b: Chien-Pao|Sacred Sword|p1a: Polteageist\n|-immune|p1a: Polteageist\n|move|p1b: Hariyama|Drain Punch|p2b: Chien-Pao\n|-supereffective|p2b: Chien-Pao\n|-enditem|p2b: Chien-Pao|Focus Sash\n|-damage|p2b: Chien-Pao|1\/100\n|-heal|p1b: Hariyama|100\/100 brn|[from] drain|[of] p2b: Chien-Pao\n|\n|-damage|p1b: Hariyama|94\/100 brn|[from] brn\n|upkeep\n|turn|9\n|\n|t:|1682170687\n|move|p1b: Hariyama|Protect|p1b: Hariyama\n|-singleturn|p1b: Hariyama|Protect\n|move|p2a: Iron Bundle|Freeze-Dry|p1b: Hariyama\n|-activate|p1b: Hariyama|move: Protect\n|move|p2b: Chien-Pao|Sacred Sword|p1a: Polteageist\n|-immune|p1a: Polteageist\n|move|p1a: Polteageist|Shadow Ball|p2b: Chien-Pao\n|-resisted|p2b: Chien-Pao\n|-damage|p2b: Chien-Pao|0 fnt\n|faint|p2b: Chien-Pao\n|\n|-damage|p1b: Hariyama|88\/100 brn|[from] brn\n|upkeep\n|turn|10\n|\n|t:|1682170706\n|move|p2a: Iron Bundle|Protect|p2a: Iron Bundle\n|-singleturn|p2a: Iron Bundle|Protect\n|move|p1a: Polteageist|Shadow Ball|p2a: Iron Bundle\n|-activate|p2a: Iron Bundle|move: Protect\n|move|p1b: Hariyama|Drain Punch|p2a: Iron Bundle\n|-activate|p2a: Iron Bundle|move: Protect\n|\n|-damage|p1b: Hariyama|82\/100 brn|[from] brn\n|upkeep\n|turn|11\n|\n|t:|1682170726\n|move|p2a: Iron Bundle|Protect|p2a: Iron Bundle\n|-singleturn|p2a: Iron Bundle|Protect\n|move|p1a: Polteageist|Shadow Ball|p2a: Iron Bundle\n|-activate|p2a: Iron Bundle|move: Protect\n|move|p1b: Hariyama|Drain Punch|p2a: Iron Bundle\n|-activate|p2a: Iron Bundle|move: Protect\n|\n|-damage|p1b: Hariyama|76\/100 brn|[from] brn\n|upkeep\n|turn|12\n|\n|t:|1682170739\n|move|p2a: Iron Bundle|Protect||[still]\n|-fail|p2a: Iron Bundle\n|move|p1a: Polteageist|Shadow Ball|p2a: Iron Bundle\n|-damage|p2a: Iron Bundle|0 fnt\n|faint|p2a: Iron Bundle\n|-end|p2a: Iron Bundle|Quark Drive|[silent]\n|\n|win|Eli?ISThatYou\n|raw|Eli?ISThatYou's rating: 1243 → 1263<\/strong> (+20 for winning)\n|raw|JiangTang's rating: 1169 → 1149<\/strong> (-20 for losing)\n|c|\u2606Eli?ISThatYou|gg\n|l|\u2606Eli?ISThatYou\n","uploadtime":1682170748,"views":12,"p1id":"eliisthatyou","p2id":"jiangtang","formatid":"gen9vgc2023regulationc","rating":1149,"private":0,"password":""}