{"id":"gen9vgc2023regulationc-1859950787","p1":"Naruseiya","p2":"DankPony","format":"[Gen 9] VGC 2023 Regulation C","log":"|j|\u2606Naruseiya\n|j|\u2606DankPony\n|t:|1683578662\n|gametype|doubles\n|player|p1|Naruseiya|wallace|1041\n|player|p2|DankPony|170|1000\n|teamsize|p1|6\n|teamsize|p2|6\n|gen|9\n|tier|[Gen 9] VGC 2023 Regulation C\n|rated|\n|rule|Species Clause: Limit one of each Pok\u00e9mon\n|rule|Item Clause: Limit one of each item\n|clearpoke\n|poke|p1|Electrode, L50|\n|poke|p1|Gardevoir, L50, F|\n|poke|p1|Farigiraf, L50, M|\n|poke|p1|Ceruledge, L50, M|\n|poke|p1|Iron Hands, L50|\n|poke|p1|Torkoal, L50, M|\n|poke|p2|Mimikyu, L50, M|\n|poke|p2|Torkoal, L50, M|\n|poke|p2|Oranguru, L50, F|\n|poke|p2|Garchomp, L50, F|\n|poke|p2|Gyarados, L50, M|\n|poke|p2|Murkrow, L50, M|\n|teampreview|4\n|\n|t:|1683578690\n|start\n|switch|p1a: Gardevoir|Gardevoir, L50, F, shiny|100\/100\n|switch|p1b: Electrode|Electrode, L50, shiny|100\/100\n|switch|p2a: Murkrow|Murkrow, L50, M|100\/100\n|switch|p2b: Garchomp|Garchomp, L50, F|100\/100\n|turn|1\n|\n|t:|1683578723\n|-terastallize|p1a: Gardevoir|Dark\n|move|p1a: Gardevoir|Helping Hand|p1b: Electrode\n|-singleturn|p1b: Electrode|Helping Hand|[of] p1a: Gardevoir\n|move|p2b: Garchomp|Protect|p2b: Garchomp\n|-singleturn|p2b: Garchomp|Protect\n|move|p2a: Murkrow|Tailwind|p2a: Murkrow\n|-sidestart|p2: DankPony|move: Tailwind\n|move|p1b: Electrode|Explosion|p2a: Murkrow|[spread] p2a\n|-activate|p2b: Garchomp|move: Protect\n|-activate|p1a: Gardevoir|ability: Telepathy\n|-damage|p2a: Murkrow|0 fnt\n|faint|p1b: Electrode\n|faint|p2a: Murkrow\n|\n|upkeep\n|\n|t:|1683578739\n|switch|p1b: Farigiraf|Farigiraf, L50, M, shiny|100\/100\n|switch|p2a: Gyarados|Gyarados, L50, M|100\/100\n|-ability|p2a: Gyarados|Intimidate|boost\n|-unboost|p1a: Gardevoir|atk|1\n|-unboost|p1b: Farigiraf|atk|1\n|turn|2\n|\n|t:|1683578749\n|-terastallize|p2b: Garchomp|Ground\n|move|p2b: Garchomp|Earthquake|p1a: Gardevoir|[spread] p1a,p1b\n|-immune|p2a: Gyarados\n|-damage|p1a: Gardevoir|26\/100\n|-damage|p1b: Farigiraf|45\/100\n|-enditem|p1a: Gardevoir|Sitrus Berry|[eat]\n|-heal|p1a: Gardevoir|51\/100|[from] item: Sitrus Berry\n|move|p2a: Gyarados|Dragon Dance|p2a: Gyarados\n|-boost|p2a: Gyarados|atk|1\n|-boost|p2a: Gyarados|spe|1\n|move|p1a: Gardevoir|Psychic Terrain|p1a: Gardevoir\n|-fieldstart|move: Psychic Terrain\n|move|p1b: Farigiraf|Trick Room|p1b: Farigiraf\n|-fieldstart|move: Trick Room|[of] p1b: Farigiraf\n|\n|upkeep\n|turn|3\n|\n|t:|1683578768\n|move|p1a: Gardevoir|Helping Hand|p1b: Farigiraf\n|-singleturn|p1b: Farigiraf|Helping Hand|[of] p1a: Gardevoir\n|move|p1b: Farigiraf|Hyper Voice|p2b: Garchomp|[spread] p2a,p2b\n|-damage|p2a: Gyarados|49\/100\n|-damage|p2b: Garchomp|45\/100\n|-enditem|p1b: Farigiraf|Throat Spray\n|-boost|p1b: Farigiraf|spa|1|[from] item: Throat Spray\n|move|p2b: Garchomp|Earthquake|p1a: Gardevoir|[spread] p1a,p1b\n|-immune|p2a: Gyarados\n|-damage|p1a: Gardevoir|0 fnt\n|-damage|p1b: Farigiraf|0 fnt\n|faint|p1a: Gardevoir\n|faint|p1b: Farigiraf\n|move|p2a: Gyarados|Earthquake|p2b: Garchomp\n|-damage|p2b: Garchomp|0 fnt\n|faint|p2b: Garchomp\n|-damage|p2a: Gyarados|39\/100|[from] item: Life Orb\n|\n|upkeep\n|inactive|Battle timer is ON: inactive players will automatically lose when time's up. (requested by DankPony)\n|inactive|Naruseiya has 60 seconds left.\n|inactive|Naruseiya has 30 seconds left.\n|inactive|Naruseiya has 20 seconds left.\n|inactive|Naruseiya has 15 seconds left.\n|inactive|Naruseiya has 10 seconds left.\n|inactive|Naruseiya has 5 seconds left.\n|\n|t:|1683579107\n|switch|p1a: Torkoal|Torkoal, L50, M, shiny|100\/100\n|switch|p2b: Mimikyu|Mimikyu, L50, M|100\/100\n|-weather|SunnyDay|[from] ability: Drought|[of] p1a: Torkoal\n|turn|4\n|inactive|DankPony has 30 seconds left.\n|\n|t:|1683579137\n|move|p1a: Torkoal|Eruption|p2a: Gyarados|[spread] p2a,p2b\n|-resisted|p2a: Gyarados\n|-damage|p2a: Gyarados|0 fnt\n|-activate|p2b: Mimikyu|ability: Disguise\n|-damage|p2b: Mimikyu|100\/100\n|detailschange|p2b: Mimikyu|Mimikyu-Busted, L50, M\n|-damage|p2b: Mimikyu|88\/100|[from] pokemon: Mimikyu-Busted\n|faint|p2a: Gyarados\n|move|p2b: Mimikyu|Bulk Up|p2b: Mimikyu\n|-boost|p2b: Mimikyu|atk|1\n|-boost|p2b: Mimikyu|def|1\n|\n|-weather|SunnyDay|[upkeep]\n|-sideend|p2: DankPony|move: Tailwind\n|upkeep\n|turn|5\n|\n|t:|1683579160\n|move|p1a: Torkoal|Overheat|p2b: Mimikyu\n|-damage|p2b: Mimikyu|0 fnt\n|-unboost|p1a: Torkoal|spa|2\n|faint|p2b: Mimikyu\n|\n|win|Naruseiya\n|raw|Naruseiya's rating: 1041 → 1071<\/strong> (+30 for winning)\n|raw|DankPony's rating: 1000 → 1000<\/strong> (+0 for losing)\n|l|\u2606DankPony\n","uploadtime":1683579168,"views":7,"p1id":"naruseiya","p2id":"dankpony","formatid":"gen9vgc2023regulationc","rating":1000,"private":0,"password":""}