{"id":"gen9vgc2023regulationc-1845180786","p1":"CJL78","p2":"fizzywizzyglizzy","format":"[Gen 9] VGC 2023 Regulation C","log":"|j|\u2606CJL78\n|j|\u2606fizzywizzyglizzy\n|t:|1681693216\n|gametype|doubles\n|player|p1|CJL78|2|1243\n|player|p2|fizzywizzyglizzy|101|1191\n|teamsize|p1|6\n|teamsize|p2|6\n|gen|9\n|tier|[Gen 9] VGC 2023 Regulation C\n|rated|\n|rule|Species Clause: Limit one of each Pok\u00e9mon\n|rule|Item Clause: Limit one of each item\n|clearpoke\n|poke|p1|Baxcalibur, L50, F|\n|poke|p1|Arcanine, L50, F|\n|poke|p1|Amoonguss, L50, M|\n|poke|p1|Azumarill, L50, F|\n|poke|p1|Flutter Mane, L50|\n|poke|p1|Espathra, L50, F|\n|poke|p2|Arcanine, L50, F|\n|poke|p2|Palafin, L50, M|\n|poke|p2|Kingambit, L50, M|\n|poke|p2|Garganacl, L50, F|\n|poke|p2|Flutter Mane, L50|\n|poke|p2|Amoonguss, L50, F|\n|teampreview|4\n|inactive|Battle timer is ON: inactive players will automatically lose when time's up. (requested by CJL78)\nCJL78 has agreed to open team sheets.\n|inactive|CJL78 has 60 seconds left.\n|inactive|fizzywizzyglizzy has 60 seconds left.\n|\n|t:|1681693251\n|start\n|switch|p1a: Flutter Mane|Flutter Mane, L50|100\/100\n|switch|p1b: Azumarill|Azumarill, L50, F|100\/100\n|switch|p2a: Palafin|Palafin, L50, M|100\/100\n|switch|p2b: Kingambit|Kingambit, L50, M, shiny|100\/100\n|turn|1\n|inactive|fizzywizzyglizzy has 30 seconds left.\n|inactive|fizzywizzyglizzy has 20 seconds left.\n|\n|t:|1681693289\n|detailschange|p2a: Palafin|Palafin-Hero, L50, M\n|switch|p2a: Garganacl|Garganacl, L50, F, shiny|100\/100\n|move|p1a: Flutter Mane|Substitute|p1a: Flutter Mane\n|-start|p1a: Flutter Mane|Substitute\n|-damage|p1a: Flutter Mane|76\/100\n|move|p2b: Kingambit|Swords Dance|p2b: Kingambit\n|-boost|p2b: Kingambit|atk|2\n|move|p1b: Azumarill|Play Rough|p2a: Garganacl\n|-damage|p2a: Garganacl|64\/100\n|\n|-heal|p1a: Flutter Mane|82\/100|[from] item: Leftovers\n|-heal|p2a: Garganacl|70\/100|[from] item: Leftovers\n|upkeep\n|turn|2\n|inactive|fizzywizzyglizzy has 30 seconds left.\n|inactive|fizzywizzyglizzy has 20 seconds left.\n|\n|t:|1681693329\n|move|p2a: Garganacl|Protect|p2a: Garganacl\n|-singleturn|p2a: Garganacl|Protect\n|move|p2b: Kingambit|Sucker Punch|p1a: Flutter Mane\n|-end|p1a: Flutter Mane|Substitute\n|move|p1a: Flutter Mane|Moonblast|p2b: Kingambit\n|-damage|p2b: Kingambit|57\/100\n|move|p1b: Azumarill|Liquidation|p2b: Kingambit\n|-damage|p2b: Kingambit|16\/100\n|\n|-heal|p1a: Flutter Mane|88\/100|[from] item: Leftovers\n|-heal|p2a: Garganacl|76\/100|[from] item: Leftovers\n|upkeep\n|turn|3\n|\n|t:|1681693348\n|-terastallize|p2a: Garganacl|Poison\n|move|p2b: Kingambit|Protect|p2b: Kingambit\n|-singleturn|p2b: Kingambit|Protect\n|move|p1b: Azumarill|Aqua Jet|p2b: Kingambit\n|-activate|p2b: Kingambit|move: Protect\n|move|p1a: Flutter Mane|Substitute|p1a: Flutter Mane\n|-start|p1a: Flutter Mane|Substitute\n|-damage|p1a: Flutter Mane|63\/100\n|move|p2a: Garganacl|Salt Cure|p1b: Azumarill\n|-damage|p1b: Azumarill|86\/100\n|-start|p1b: Azumarill|Salt Cure\n|\n|-heal|p1a: Flutter Mane|69\/100|[from] item: Leftovers\n|-heal|p2a: Garganacl|82\/100|[from] item: Leftovers\n|-damage|p1b: Azumarill|61\/100|[from] Salt Cure\n|upkeep\n|turn|4\n|\n|t:|1681693369\n|switch|p1b: Espathra|Espathra, L50, F|100\/100\n|move|p2b: Kingambit|Sucker Punch|p1a: Flutter Mane\n|-end|p1a: Flutter Mane|Substitute\n|move|p1a: Flutter Mane|Moonblast|p2b: Kingambit\n|-damage|p2b: Kingambit|0 fnt\n|faint|p2b: Kingambit\n|move|p2a: Garganacl|Salt Cure|p1a: Flutter Mane\n|-damage|p1a: Flutter Mane|48\/100\n|-start|p1a: Flutter Mane|Salt Cure\n|\n|-heal|p1a: Flutter Mane|55\/100|[from] item: Leftovers\n|-heal|p2a: Garganacl|87\/100|[from] item: Leftovers\n|-damage|p1a: Flutter Mane|42\/100|[from] Salt Cure\n|upkeep\n|inactive|fizzywizzyglizzy has 30 seconds left.\n|inactive|fizzywizzyglizzy has 20 seconds left.\n|\n|t:|1681693405\n|switch|p2b: Palafin|Palafin-Hero, L50, M|100\/100\n|-activate|p2b: Palafin|ability: Zero to Hero\n|turn|5\n|\n|t:|1681693416\n|-end|p1a: Flutter Mane|Protosynthesis|[silent]\n|switch|p1a: Azumarill|Azumarill, L50, F|61\/100\n|move|p2b: Palafin|Jet Punch|p1a: Azumarill\n|-resisted|p1a: Azumarill\n|-damage|p1a: Azumarill|34\/100\n|move|p1b: Espathra|Lumina Crash|p2b: Palafin\n|-damage|p2b: Palafin|73\/100\n|-unboost|p2b: Palafin|spd|2\n|move|p2a: Garganacl|Salt Cure|p1b: Espathra\n|-damage|p1b: Espathra|80\/100\n|-start|p1b: Espathra|Salt Cure\n|\n|-heal|p2a: Garganacl|93\/100|[from] item: Leftovers\n|-damage|p1b: Espathra|67\/100|[from] Salt Cure\n|-ability|p1b: Espathra|Speed Boost|boost\n|-boost|p1b: Espathra|spe|1\n|upkeep\n|turn|6\n|\n|t:|1681693436\n|move|p2b: Palafin|Jet Punch|p1b: Espathra\n|-damage|p1b: Espathra|0 fnt\n|faint|p1b: Espathra\n|move|p1a: Azumarill|Play Rough|p2b: Palafin\n|-damage|p2b: Palafin|19\/100\n|move|p2a: Garganacl|Salt Cure|p1a: Azumarill\n|-damage|p1a: Azumarill|21\/100\n|-start|p1a: Azumarill|Salt Cure\n|\n|-heal|p2a: Garganacl|99\/100|[from] item: Leftovers\n|-damage|p1a: Azumarill|0 fnt|[from] Salt Cure\n|faint|p1a: Azumarill\n|upkeep\n|\n|t:|1681693441\n|switch|p1b: Flutter Mane|Flutter Mane, L50|42\/100\n|switch|p1a: Baxcalibur|Baxcalibur, L50, F|100\/100\n|turn|7\n|\n|t:|1681693459\n|-terastallize|p1a: Baxcalibur|Electric\n|move|p1b: Flutter Mane|Protect|p1b: Flutter Mane\n|-singleturn|p1b: Flutter Mane|Protect\n|move|p2b: Palafin|Jet Punch|p1b: Flutter Mane\n|-activate|p1b: Flutter Mane|move: Protect\n|move|p1a: Baxcalibur|Tera Blast|p2b: Palafin\n|-supereffective|p2b: Palafin\n|-damage|p2b: Palafin|0 fnt\n|faint|p2b: Palafin\n|move|p2a: Garganacl|Salt Cure|p1a: Baxcalibur\n|-damage|p1a: Baxcalibur|89\/100\n|-start|p1a: Baxcalibur|Salt Cure\n|\n|-heal|p1b: Flutter Mane|48\/100|[from] item: Leftovers\n|-heal|p2a: Garganacl|100\/100|[from] item: Leftovers\n|-damage|p1a: Baxcalibur|77\/100|[from] Salt Cure\n|upkeep\n|\n|t:|1681693476\n|switch|p2b: Flutter Mane|Flutter Mane, L50|100\/100\n|-enditem|p2b: Flutter Mane|Booster Energy\n|-activate|p2b: Flutter Mane|ability: Protosynthesis|[fromitem]\n|-start|p2b: Flutter Mane|protosynthesisspe\n|turn|8\n|\n|t:|1681693484\n|move|p1b: Flutter Mane|Protect|p1b: Flutter Mane\n|-singleturn|p1b: Flutter Mane|Protect\n|move|p2b: Flutter Mane|Shadow Ball|p1b: Flutter Mane\n|-activate|p1b: Flutter Mane|move: Protect\n|move|p1a: Baxcalibur|Tera Blast|p2b: Flutter Mane\n|-damage|p2b: Flutter Mane|18\/100\n|move|p2a: Garganacl|Recover||[still]\n|-fail|p2a: Garganacl|heal\n|\n|-heal|p1b: Flutter Mane|55\/100|[from] item: Leftovers\n|-damage|p1a: Baxcalibur|65\/100|[from] Salt Cure\n|upkeep\n|turn|9\n|\n|t:|1681693506\n|move|p1b: Flutter Mane|Protect||[still]\n|-fail|p1b: Flutter Mane\n|move|p2b: Flutter Mane|Shadow Ball|p1b: Flutter Mane\n|-supereffective|p1b: Flutter Mane\n|-damage|p1b: Flutter Mane|0 fnt\n|faint|p1b: Flutter Mane\n|-end|p1b: Flutter Mane|Protosynthesis|[silent]\n|move|p1a: Baxcalibur|Tera Blast|p2b: Flutter Mane\n|-damage|p2b: Flutter Mane|0 fnt\n|faint|p2b: Flutter Mane\n|-end|p2b: Flutter Mane|Protosynthesis|[silent]\n|move|p2a: Garganacl|Salt Cure|p1a: Baxcalibur\n|-damage|p1a: Baxcalibur|54\/100\n|\n|-damage|p1a: Baxcalibur|41\/100|[from] Salt Cure\n|upkeep\n|turn|10\n|\n|t:|1681693522\n|move|p2a: Garganacl|Protect|p2a: Garganacl\n|-singleturn|p2a: Garganacl|Protect\n|move|p1a: Baxcalibur|Glaive Rush|p2a: Garganacl\n|-activate|p2a: Garganacl|move: Protect\n|\n|-damage|p1a: Baxcalibur|29\/100|[from] Salt Cure\n|upkeep\n|turn|11\n|\n|t:|1681693531\n|move|p1a: Baxcalibur|Glaive Rush|p2a: Garganacl\n|-damage|p2a: Garganacl|54\/100\n|-singlemove|p1a: Baxcalibur|Glaive Rush|[silent]\n|move|p2a: Garganacl|Recover|p2a: Garganacl\n|-heal|p2a: Garganacl|100\/100\n|\n|-damage|p1a: Baxcalibur|17\/100|[from] Salt Cure\n|upkeep\n|turn|12\n|-message|CJL78 forfeited.\n|\n|win|fizzywizzyglizzy\n|raw|CJL78's rating: 1243 → 1214<\/strong> (-29 for losing)\n|raw|fizzywizzyglizzy's rating: 1191 → 1220<\/strong> (+29 for winning)\n|l|\u2606CJL78\n","uploadtime":1681693545,"views":24,"p1id":"cjl78","p2id":"fizzywizzyglizzy","formatid":"gen9vgc2023regulationc","rating":1214,"private":0,"password":""}