{"id":"gen9vgc2023regulationc-1847438225","p1":"Steakman5","p2":"123ayo456","format":"[Gen 9] VGC 2023 Regulation C","log":"|j|\u2606Steakman5\n|j|\u2606123ayo456\n|t:|1681955122\n|gametype|doubles\n|player|p1|Steakman5|swimmer-gen4|1229\n|player|p2|123ayo456|ethan|1210\n|teamsize|p1|6\n|teamsize|p2|6\n|gen|9\n|tier|[Gen 9] VGC 2023 Regulation C\n|rated|\n|rule|Species Clause: Limit one of each Pok\u00e9mon\n|rule|Item Clause: Limit one of each item\n|clearpoke\n|poke|p1|Pelipper, L50, F|\n|poke|p1|Drednaw, L50, F|\n|poke|p1|Tatsugiri-Droopy, L50, M|\n|poke|p1|Dondozo, L50, F|\n|poke|p1|Iron Valiant, L50|\n|poke|p1|Flutter Mane, L50|\n|poke|p2|Amoonguss, L50, F|\n|poke|p2|Breloom, L50, M|\n|poke|p2|Sylveon, L50, M|\n|poke|p2|Hydreigon, L50, F|\n|poke|p2|Ceruledge, L50, M|\n|poke|p2|Gholdengo, L50|\n|teampreview|4\n|inactive|Battle timer is ON: inactive players will automatically lose when time's up. (requested by 123ayo456)\n|inactive|Steakman5 has 60 seconds left.\n|\n|t:|1681955158\n|start\n|switch|p1a: Pelipper|Pelipper, L50, F|100\/100\n|switch|p1b: Flutter Mane|Flutter Mane, L50|100\/100\n|switch|p2a: Amoonguss|Amoonguss, L50, F|100\/100\n|switch|p2b: Hydreigon|Hydreigon, L50, F|100\/100\n|-weather|RainDance|[from] ability: Drizzle|[of] p1a: Pelipper\n|turn|1\n|\n|t:|1681955173\n|move|p1b: Flutter Mane|Moonblast|p2b: Hydreigon\n|-supereffective|p2b: Hydreigon\n|-damage|p2b: Hydreigon|0 fnt\n|faint|p2b: Hydreigon\n|move|p1a: Pelipper|Tailwind|p1a: Pelipper\n|-sidestart|p1: Steakman5|move: Tailwind\n|move|p2a: Amoonguss|Spore|p1b: Flutter Mane\n|-status|p1b: Flutter Mane|slp|[from] move: Spore\n|\n|-weather|RainDance|[upkeep]\n|upkeep\n|\n|t:|1681955188\n|switch|p2b: Sylveon|Sylveon, L50, M|100\/100\n|turn|2\n|\n|t:|1681955201\n|cant|p1b: Flutter Mane|slp\n|move|p1a: Pelipper|Hurricane|p2a: Amoonguss\n|-supereffective|p2a: Amoonguss\n|-damage|p2a: Amoonguss|29\/100\n|-enditem|p2a: Amoonguss|Sitrus Berry|[eat]\n|-heal|p2a: Amoonguss|54\/100|[from] item: Sitrus Berry\n|move|p2b: Sylveon|Hyper Voice|p1a: Pelipper|[spread] p1a,p1b\n|-damage|p1a: Pelipper|47\/100\n|-damage|p1b: Flutter Mane|54\/100 slp\n|-enditem|p2b: Sylveon|Throat Spray\n|-boost|p2b: Sylveon|spa|1|[from] item: Throat Spray\n|move|p2a: Amoonguss|Spore|p1a: Pelipper\n|-status|p1a: Pelipper|slp|[from] move: Spore\n|\n|-weather|RainDance|[upkeep]\n|upkeep\n|turn|3\n|inactive|Steakman5 has 30 seconds left.\n|inactive|123ayo456 has 30 seconds left.\n|\n|t:|1681955230\n|move|p2a: Amoonguss|Protect|p2a: Amoonguss\n|-singleturn|p2a: Amoonguss|Protect\n|cant|p1b: Flutter Mane|slp\n|cant|p1a: Pelipper|slp\n|move|p2b: Sylveon|Hyper Voice|p1a: Pelipper|[spread] p1a,p1b\n|-damage|p1a: Pelipper|0 fnt\n|-damage|p1b: Flutter Mane|0 fnt\n|faint|p1a: Pelipper\n|faint|p1b: Flutter Mane\n|-end|p1b: Flutter Mane|Protosynthesis|[silent]\n|\n|-weather|RainDance|[upkeep]\n|upkeep\n|\n|t:|1681955236\n|switch|p1b: Tatsugiri|Tatsugiri-Droopy, L50, M|100\/100\n|switch|p1a: Dondozo|Dondozo, L50, F|100\/100\n|-activate|p1b: Tatsugiri|ability: Commander|[of] p1a: Dondozo\n|-boost|p1a: Dondozo|atk|2\n|-boost|p1a: Dondozo|spa|2\n|-boost|p1a: Dondozo|spe|2\n|-boost|p1a: Dondozo|def|2\n|-boost|p1a: Dondozo|spd|2\n|turn|4\n|\n|t:|1681955252\n|-terastallize|p1a: Dondozo|Water\n|move|p1a: Dondozo|Surf|p2b: Sylveon|[spread] p2a,p2b\n|-miss|p1a: Dondozo|p1b: Tatsugiri\n|-resisted|p2a: Amoonguss\n|-damage|p2a: Amoonguss|16\/100\n|-damage|p2b: Sylveon|12\/100\n|-damage|p1a: Dondozo|91\/100|[from] item: Life Orb\n|move|p2b: Sylveon|Hyper Voice|p1b: Tatsugiri|[spread] p1a\n|-miss|p2b: Sylveon|p1b: Tatsugiri\n|-damage|p1a: Dondozo|69\/100\n|move|p2a: Amoonguss|Spore|p1a: Dondozo\n|-status|p1a: Dondozo|slp|[from] move: Spore\n|\n|-weather|RainDance|[upkeep]\n|-sideend|p1: Steakman5|move: Tailwind\n|upkeep\n|turn|5\n|inactive|123ayo456 has 30 seconds left.\n|\n|t:|1681955277\n|cant|p1a: Dondozo|slp\n|move|p1a: Dondozo|Sleep Talk|p1a: Dondozo\n|move|p1a: Dondozo|Surf|p2a: Amoonguss|[from]move: Sleep Talk|[spread] p2a,p2b\n|-miss|p1a: Dondozo|p1b: Tatsugiri\n|-resisted|p2a: Amoonguss\n|-damage|p2a: Amoonguss|0 fnt\n|-damage|p2b: Sylveon|0 fnt\n|faint|p2a: Amoonguss\n|faint|p2b: Sylveon\n|-damage|p1a: Dondozo|59\/100 slp|[from] item: Life Orb\n|\n|-weather|RainDance|[upkeep]\n|upkeep\n|\n|t:|1681955283\n|switch|p2a: Gholdengo|Gholdengo, L50|100\/100\n|turn|6\n|\n|t:|1681955293\n|-terastallize|p2a: Gholdengo|Water\n|cant|p1a: Dondozo|slp\n|move|p1a: Dondozo|Sleep Talk|p1a: Dondozo\n|move|p1a: Dondozo|Protect|p1a: Dondozo|[from]move: Sleep Talk\n|-singleturn|p1a: Dondozo|Protect\n|move|p2a: Gholdengo|Shadow Ball|p1a: Dondozo\n|-activate|p1a: Dondozo|move: Protect\n|\n|-weather|RainDance|[upkeep]\n|upkeep\n|turn|7\n|\n|t:|1681955311\n|-curestatus|p1a: Dondozo|slp|[msg]\n|move|p1a: Dondozo|Surf|p2a: Gholdengo|[spread] p2a\n|-miss|p1a: Dondozo|p1b: Tatsugiri\n|-resisted|p2a: Gholdengo\n|-damage|p2a: Gholdengo|36\/100\n|-damage|p1a: Dondozo|50\/100|[from] item: Life Orb\n|move|p2a: Gholdengo|Shadow Ball|p1a: Dondozo\n|-damage|p1a: Dondozo|25\/100\n|\n|-weather|RainDance|[upkeep]\n|upkeep\n|turn|8\n|\n|t:|1681955325\n|move|p2a: Gholdengo|Protect|p2a: Gholdengo\n|-singleturn|p2a: Gholdengo|Protect\n|move|p1a: Dondozo|Surf|p2a: Gholdengo|[spread] \n|-miss|p1a: Dondozo|p1b: Tatsugiri\n|-activate|p2a: Gholdengo|move: Protect\n|\n|-weather|none\n|upkeep\n|turn|9\n|\n|t:|1681955330\n|move|p1a: Dondozo|Surf|p2a: Gholdengo|[spread] p2a\n|-miss|p1a: Dondozo|p1b: Tatsugiri\n|-resisted|p2a: Gholdengo\n|-damage|p2a: Gholdengo|0 fnt\n|faint|p2a: Gholdengo\n|-damage|p1a: Dondozo|16\/100|[from] item: Life Orb\n|\n|win|Steakman5\n|raw|Steakman5's rating: 1229 → 1253<\/strong> (+24 for winning)\n|raw|123ayo456's rating: 1210 → 1186<\/strong> (-24 for losing)\n|l|\u2606123ayo456\n","uploadtime":1681955335,"views":9,"p1id":"steakman5","p2id":"123ayo456","formatid":"gen9vgc2023regulationc","rating":1186,"private":0,"password":""}