{"id":"gen9vgc2023regulationc-1861962810","p1":"shaysroheat","p2":"Grandmas Cookin","format":"[Gen 9] VGC 2023 Regulation C","log":"|j|\u2606shaysroheat\n|j|\u2606Grandmas Cookin\n|t:|1683824498\n|gametype|doubles\n|player|p1|shaysroheat|teamrocket|\n|player|p2|Grandmas Cookin|#scl1dynamos|\n|teamsize|p1|6\n|teamsize|p2|6\n|gen|9\n|tier|[Gen 9] VGC 2023 Regulation C\n|rated|Tournament battle\n|rule|Species Clause: Limit one of each Pok\u00e9mon\n|rule|Item Clause: Limit one of each item\n|clearpoke\n|poke|p1|Arboliva, L50, F|\n|poke|p1|Gyarados, L50, M|\n|poke|p1|Armarouge, L50, F|\n|poke|p1|Iron Hands, L50|\n|poke|p1|Flutter Mane, L50|\n|poke|p1|Chi-Yu, L50|\n|poke|p2|Arcanine, L50, M|\n|poke|p2|Palafin, L50, M|\n|poke|p2|Amoonguss, L50, F|\n|poke|p2|Chien-Pao, L50|\n|poke|p2|Dragonite, L50, F|\n|poke|p2|Flutter Mane, L50|\n|teampreview|4\n|raw| Open Team Sheet for shaysroheat<\/summary>Arboliva (F) @ Grassy Seed Ability: Seed Sower Level: 50 Shiny: Yes Tera Type: Water - Strength Sap - Giga Drain - Hyper Voice - Earth Power Gyarados @ Safety Goggles Ability: Intimidate Level: 50 Tera Type: Ground - Waterfall - Thunder Wave - Taunt - Protect Armarouge (F) @ Covert Cloak Ability: Flash Fire Level: 50 Tera Type: Grass - Trick Room - Armor Cannon - Expanding Force - Wide Guard Iron Hands @ Assault Vest Ability: Quark Drive Level: 50 Tera Type: Grass - Fake Out - Wild Charge - Drain Punch - Volt Switch Flutter Mane @ Booster Energy Ability: Protosynthesis Level: 50 Tera Type: Fairy - Dazzling Gleam - Substitute - Shadow Ball - Protect Chi-Yu @ Focus Sash Ability: Beads of Ruin Level: 50 Tera Type: Fire - Heat Wave - Dark Pulse - Protect - Overheat <\/details><\/div> Open Team Sheet for Grandmas Cookin<\/summary>Arcanine @ Safety Goggles Ability: Intimidate Level: 50 Tera Type: Grass - Flare Blitz - Extreme Speed - Will-O-Wisp - Howl Palafin @ Life Orb Ability: Zero to Hero Level: 50 Tera Type: Grass - Protect - Wave Crash - Tera Blast - Jet Punch Amoonguss @ Sitrus Berry Ability: Regenerator Level: 50 Tera Type: Water - Protect - Pollen Puff - Spore - Rage Powder Chien-Pao @ Focus Sash Ability: Sword of Ruin Level: 50 Tera Type: Ghost - Protect - Sucker Punch - Sacred Sword - Ice Spinner Dragonite @ Assault Vest Ability: Multiscale Level: 50 Tera Type: Flying - Tera Blast - Extreme Speed - Low Kick - Stomping Tantrum Flutter Mane @ Booster Energy Ability: Protosynthesis Level: 50 Tera Type: Fairy - Protect - Shadow Ball - Substitute - Moonblast <\/details><\/div>\n|inactive|Battle timer is ON: inactive players will automatically lose when time's up. (requested by Grandmas Cookin)\n|j| Radio Free C-Side\n|j| PBBellossom\n|j| SlowHomie\n|inactive|shaysroheat has 60 seconds left.\n|l| SlowHomie\n|inactive|Grandmas Cookin has 60 seconds left.\n|j| Winnie1906\n|inactive|shaysroheat has 30 seconds left.\n|inactive|shaysroheat has 20 seconds left.\n|inactive|shaysroheat has 15 seconds left.\n|inactive|Grandmas Cookin has 30 seconds left.\n|\n|t:|1683824584\n|start\n|switch|p1a: Iron Hands|Iron Hands, L50|100\/100\n|switch|p1b: Armarouge|Armarouge, L50, F|100\/100\n|switch|p2a: Flutter Mane|Flutter Mane, L50|100\/100\n|switch|p2b: Arcanine|Arcanine, L50, M|100\/100\n|-ability|p2b: Arcanine|Intimidate|boost\n|-unboost|p1a: Iron Hands|atk|1\n|-unboost|p1b: Armarouge|atk|1\n|-enditem|p2a: Flutter Mane|Booster Energy\n|-activate|p2a: Flutter Mane|ability: Protosynthesis|[fromitem]\n|-start|p2a: Flutter Mane|protosynthesisspa\n|turn|1\n|j| mafumafusimpsimp\n|l| mafumafusimpsimp\n|inactive|shaysroheat has 30 seconds left.\n|inactive|shaysroheat has 20 seconds left.\n|inactive|Grandmas Cookin has 30 seconds left.\n|\n|t:|1683824620\n|switch|p1b: Arboliva|Arboliva, L50, F, shiny|100\/100\n|-terastallize|p2a: Flutter Mane|Fairy\n|move|p1a: Iron Hands|Fake Out|p2b: Arcanine\n|-crit|p2b: Arcanine\n|-damage|p2b: Arcanine|81\/100\n|cant|p2b: Arcanine|flinch\n|move|p2a: Flutter Mane|Moonblast|p1b: Arboliva\n|-damage|p1b: Arboliva|20\/100\n|-fieldstart|move: Grassy Terrain|[from] ability: Seed Sower|[of] p1b: Arboliva\n|-enditem|p1b: Arboliva|Grassy Seed\n|-boost|p1b: Arboliva|def|1|[from] item: Grassy Seed\n|\n|-heal|p2b: Arcanine|87\/100|[from] Grassy Terrain\n|-heal|p1b: Arboliva|26\/100|[from] Grassy Terrain\n|upkeep\n|turn|2\n|j| cant be late\n|\n|t:|1683824634\n|move|p2a: Flutter Mane|Protect|p2a: Flutter Mane\n|-singleturn|p2a: Flutter Mane|Protect\n|move|p2b: Arcanine|Will-O-Wisp|p1a: Iron Hands\n|-status|p1a: Iron Hands|brn\n|move|p1a: Iron Hands|Volt Switch|p2a: Flutter Mane\n|-activate|p2a: Flutter Mane|move: Protect\n|move|p1b: Arboliva|Strength Sap|p2b: Arcanine\n|-unboost|p2b: Arcanine|atk|1\n|-heal|p1b: Arboliva|97\/100\n|\n|-heal|p2b: Arcanine|93\/100|[from] Grassy Terrain\n|-heal|p1b: Arboliva|100\/100|[from] Grassy Terrain\n|-damage|p1a: Iron Hands|94\/100 brn|[from] brn\n|upkeep\n|turn|3\n|l| cant be late\n|j| appokalypstik\n|\n|t:|1683824650\n|move|p2a: Flutter Mane|Moonblast|p1a: Iron Hands\n|-supereffective|p1a: Iron Hands\n|-damage|p1a: Iron Hands|2\/100 brn\n|move|p2b: Arcanine|Flare Blitz|p1a: Iron Hands\n|-damage|p1a: Iron Hands|0 fnt\n|faint|p1a: Iron Hands\n|-end|p1a: Iron Hands|Quark Drive|[silent]\n|-damage|p2b: Arcanine|92\/100|[from] Recoil\n|move|p1b: Arboliva|Earth Power|p2b: Arcanine\n|-supereffective|p2b: Arcanine\n|-damage|p2b: Arcanine|30\/100\n|\n|-heal|p2b: Arcanine|37\/100|[from] Grassy Terrain\n|upkeep\n|\n|t:|1683824655\n|switch|p1a: Flutter Mane|Flutter Mane, L50|100\/100\n|-enditem|p1a: Flutter Mane|Booster Energy\n|-activate|p1a: Flutter Mane|ability: Protosynthesis|[fromitem]\n|-start|p1a: Flutter Mane|protosynthesisspe\n|turn|4\n|\n|t:|1683824665\n|switch|p2b: Amoonguss|Amoonguss, L50, F|100\/100\n|move|p1a: Flutter Mane|Protect|p1a: Flutter Mane\n|-singleturn|p1a: Flutter Mane|Protect\n|move|p2a: Flutter Mane|Moonblast|p1a: Flutter Mane\n|-activate|p1a: Flutter Mane|move: Protect\n|move|p1b: Arboliva|Earth Power|p2b: Amoonguss\n|-damage|p2b: Amoonguss|77\/100\n|\n|-heal|p2b: Amoonguss|83\/100|[from] Grassy Terrain\n|upkeep\n|turn|5\n|\n|t:|1683824682\n|move|p1a: Flutter Mane|Substitute|p1a: Flutter Mane\n|-start|p1a: Flutter Mane|Substitute\n|-damage|p1a: Flutter Mane|76\/100\n|move|p2a: Flutter Mane|Shadow Ball|p1a: Flutter Mane\n|-supereffective|p1a: Flutter Mane\n|-end|p1a: Flutter Mane|Substitute\n|move|p2b: Amoonguss|Pollen Puff|p2a: Flutter Mane\n|-immune|p2a: Flutter Mane\n|move|p1b: Arboliva|Hyper Voice|p2a: Flutter Mane|[spread] p2a,p2b\n|-crit|p2b: Amoonguss\n|-damage|p2a: Flutter Mane|68\/100\n|-damage|p2b: Amoonguss|44\/100\n|-enditem|p2b: Amoonguss|Sitrus Berry|[eat]\n|-heal|p2b: Amoonguss|69\/100|[from] item: Sitrus Berry\n|\n|-heal|p1a: Flutter Mane|82\/100|[from] Grassy Terrain\n|-heal|p2a: Flutter Mane|74\/100|[from] Grassy Terrain\n|-heal|p2b: Amoonguss|75\/100|[from] Grassy Terrain\n|-fieldend|move: Grassy Terrain\n|upkeep\n|turn|6\n|inactive|shaysroheat has 30 seconds left.\n|inactive|shaysroheat has 20 seconds left.\n|inactive|shaysroheat has 15 seconds left.\n|\n|t:|1683824725\n|move|p1a: Flutter Mane|Shadow Ball|p2b: Amoonguss\n|-damage|p2b: Amoonguss|39\/100\n|-unboost|p2b: Amoonguss|spd|1\n|move|p2a: Flutter Mane|Moonblast|p1b: Arboliva\n|-damage|p1b: Arboliva|29\/100\n|-fieldstart|move: Grassy Terrain|[from] ability: Seed Sower|[of] p1b: Arboliva\n|move|p2b: Amoonguss|Pollen Puff|p1b: Arboliva\n|-supereffective|p1b: Arboliva\n|-damage|p1b: Arboliva|0 fnt\n|faint|p1b: Arboliva\n|\n|-heal|p1a: Flutter Mane|88\/100|[from] Grassy Terrain\n|-heal|p2a: Flutter Mane|80\/100|[from] Grassy Terrain\n|-heal|p2b: Amoonguss|45\/100|[from] Grassy Terrain\n|upkeep\n|\n|t:|1683824728\n|switch|p1b: Armarouge|Armarouge, L50, F|100\/100\n|turn|7\n|inactive|shaysroheat has 30 seconds left.\n|inactive|Grandmas Cookin has 30 seconds left.\n|j| Forbranna\n|inactive|shaysroheat has 20 seconds left.\n|inactive|Grandmas Cookin has 20 seconds left.\n|inactive|shaysroheat has 15 seconds left.\n|\n|t:|1683824770\n|move|p2b: Amoonguss|Protect|p2b: Amoonguss\n|-singleturn|p2b: Amoonguss|Protect\n|move|p1a: Flutter Mane|Substitute|p1a: Flutter Mane\n|-start|p1a: Flutter Mane|Substitute\n|-damage|p1a: Flutter Mane|64\/100\n|move|p2a: Flutter Mane|Shadow Ball|p1b: Armarouge\n|-supereffective|p1b: Armarouge\n|-damage|p1b: Armarouge|0 fnt\n|faint|p1b: Armarouge\n|\n|-heal|p1a: Flutter Mane|70\/100|[from] Grassy Terrain\n|-heal|p2a: Flutter Mane|86\/100|[from] Grassy Terrain\n|-heal|p2b: Amoonguss|51\/100|[from] Grassy Terrain\n|upkeep\n|turn|8\n|\n|t:|1683824777\n|switch|p2b: Dragonite|Dragonite, L50, F|100\/100\n|-terastallize|p1a: Flutter Mane|Fairy\n|move|p1a: Flutter Mane|Dazzling Gleam|p2a: Flutter Mane|[spread] p2a,p2b\n|-supereffective|p2b: Dragonite\n|-damage|p2a: Flutter Mane|45\/100\n|-damage|p2b: Dragonite|74\/100\n|move|p2a: Flutter Mane|Shadow Ball|p1a: Flutter Mane\n|-end|p1a: Flutter Mane|Substitute\n|\n|-heal|p1a: Flutter Mane|76\/100|[from] Grassy Terrain\n|-heal|p2a: Flutter Mane|51\/100|[from] Grassy Terrain\n|upkeep\n|turn|9\n|\n|t:|1683824786\n|move|p2b: Dragonite|Extreme Speed|p1a: Flutter Mane\n|-damage|p1a: Flutter Mane|4\/100\n|move|p1a: Flutter Mane|Dazzling Gleam|p2a: Flutter Mane|[spread] p2a,p2b\n|-supereffective|p2b: Dragonite\n|-damage|p2a: Flutter Mane|12\/100\n|-damage|p2b: Dragonite|16\/100\n|move|p2a: Flutter Mane|Moonblast|p1a: Flutter Mane\n|-damage|p1a: Flutter Mane|0 fnt\n|faint|p1a: Flutter Mane\n|-end|p1a: Flutter Mane|Protosynthesis|[silent]\n|\n|win|Grandmas Cookin\n|n|\u2606shaysroheat|shaysroheat\n|n|\u2606Grandmas Cookin|grandmascookin\n|n| Radio Free C-Side|radiofreecside\n|n| PBBellossom|pbbellossom\n|n| Winnie1906|winnie1906\n|n| appokalypstik|appokalypstik\n|n| Forbranna|forbranna\n","uploadtime":1683824789,"views":12,"p1id":"shaysroheat","p2id":"grandmascookin","formatid":"gen9vgc2023regulationc","rating":0,"private":0,"password":""}