{"id":"gen9vgc2023regulationc-1850817161","p1":"Laithani","p2":"oopsycanyousee","format":"[Gen 9] VGC 2023 Regulation C","log":"|j|\u2606Laithani\n|j|\u2606oopsycanyousee\n|t:|1682370690\n|gametype|doubles\n|player|p1|Laithani|bellelba|1148\n|player|p2|oopsycanyousee|beauty-gen5bw2|1117\n|teamsize|p1|6\n|teamsize|p2|6\n|gen|9\n|tier|[Gen 9] VGC 2023 Regulation C\n|rated|\n|rule|Species Clause: Limit one of each Pok\u00e9mon\n|rule|Item Clause: Limit one of each item\n|clearpoke\n|poke|p1|Goodra, L50, F|\n|poke|p1|Vaporeon, L50, F|\n|poke|p1|Arcanine, L50, F|\n|poke|p1|Toxapex, L50, F|\n|poke|p1|Tyranitar, L50, M|\n|poke|p1|Lycanroc, L50, F|\n|poke|p2|Amoonguss, L50, M|\n|poke|p2|Arcanine, L50, F|\n|poke|p2|Palafin, L50, M|\n|poke|p2|Flutter Mane, L50|\n|poke|p2|Ting-Lu, L50|\n|poke|p2|Orthworm, L50, M|\n|teampreview|4\n|\n|t:|1682370728\n|start\n|switch|p1a: Tyranitar|Tyranitar, L50, M|100\/100\n|switch|p1b: Arcanine|Arcanine, L50, F|100\/100\n|switch|p2a: Orthworm|Orthworm, L50, M|100\/100\n|switch|p2b: Palafin|Palafin, L50, M|100\/100\n|-ability|p1b: Arcanine|Intimidate|boost\n|-unboost|p2a: Orthworm|atk|1\n|-unboost|p2b: Palafin|atk|1\n|-weather|Sandstorm|[from] ability: Sand Stream|[of] p1a: Tyranitar\n|turn|1\n|\n|t:|1682370755\n|detailschange|p2b: Palafin|Palafin-Hero, L50, M\n|switch|p2b: Ting-Lu|Ting-Lu, L50|100\/100\n|-ability|p2b: Ting-Lu|Vessel of Ruin\n|-terastallize|p1a: Tyranitar|Flying\n|-terastallize|p2a: Orthworm|Fire\n|move|p1b: Arcanine|Howl|p1b: Arcanine|[spread] p1a,p1b\n|-boost|p1a: Tyranitar|atk|1\n|-boost|p1b: Arcanine|atk|1\n|move|p1a: Tyranitar|Rock Slide|p2a: Orthworm|[spread] p2a,p2b\n|-supereffective|p2a: Orthworm\n|-resisted|p2b: Ting-Lu\n|-damage|p2a: Orthworm|40\/100\n|-damage|p2b: Ting-Lu|86\/100\n|-enditem|p2a: Orthworm|Sitrus Berry|[eat]\n|-heal|p2a: Orthworm|65\/100|[from] item: Sitrus Berry\n|move|p2a: Orthworm|Body Press|p1a: Tyranitar\n|-resisted|p1a: Tyranitar\n|-damage|p1a: Tyranitar|88\/100\n|\n|-weather|Sandstorm|[upkeep]\n|-damage|p1a: Tyranitar|83\/100|[from] Sandstorm\n|-damage|p2a: Orthworm|59\/100|[from] Sandstorm\n|upkeep\n|turn|2\n|\n|t:|1682370814\n|move|p1b: Arcanine|Howl|p1b: Arcanine|[spread] p1a,p1b\n|-boost|p1a: Tyranitar|atk|1\n|-boost|p1b: Arcanine|atk|1\n|move|p1a: Tyranitar|Rock Slide|p2b: Ting-Lu|[spread] p2a,p2b\n|-supereffective|p2a: Orthworm\n|-resisted|p2b: Ting-Lu\n|-damage|p2a: Orthworm|0 fnt\n|-damage|p2b: Ting-Lu|65\/100\n|faint|p2a: Orthworm\n|move|p2b: Ting-Lu|Earthquake|p1b: Arcanine|[spread] p1b\n|-immune|p1a: Tyranitar\n|-supereffective|p1b: Arcanine\n|-damage|p1b: Arcanine|11\/100\n|\n|-weather|Sandstorm|[upkeep]\n|-damage|p1a: Tyranitar|77\/100|[from] Sandstorm\n|upkeep\n|\n|t:|1682370818\n|switch|p2a: Palafin|Palafin-Hero, L50, M|100\/100\n|-activate|p2a: Palafin|ability: Zero to Hero\n|turn|3\n|\n|t:|1682370838\n|move|p1b: Arcanine|Extreme Speed|p2a: Palafin\n|-damage|p2a: Palafin|50\/100\n|move|p2a: Palafin|Wave Crash|p1a: Tyranitar\n|-damage|p1a: Tyranitar|0 fnt\n|faint|p1a: Tyranitar\n|-damage|p2a: Palafin|25\/100|[from] Recoil\n|move|p2b: Ting-Lu|Stone Edge|p1b: Arcanine|[miss]\n|-miss|p2b: Ting-Lu|p1b: Arcanine\n|\n|-weather|Sandstorm|[upkeep]\n|-damage|p2a: Palafin|19\/100|[from] Sandstorm\n|upkeep\n|\n|t:|1682370853\n|switch|p1a: Toxapex|Toxapex, L50, F|100\/100\n|turn|4\n|\n|t:|1682370864\n|switch|p2a: Flutter Mane|Flutter Mane, L50|100\/100\n|move|p1b: Arcanine|Protect|p1b: Arcanine\n|-singleturn|p1b: Arcanine|Protect\n|move|p2b: Ting-Lu|Stomping Tantrum|p1b: Arcanine\n|-activate|p1b: Arcanine|move: Protect\n|move|p1a: Toxapex|Toxic|p2b: Ting-Lu\n|-status|p2b: Ting-Lu|tox\n|\n|-weather|Sandstorm|[upkeep]\n|-damage|p2a: Flutter Mane|94\/100|[from] Sandstorm\n|-damage|p1a: Toxapex|95\/100|[from] Sandstorm\n|-heal|p1a: Toxapex|100\/100|[from] item: Leftovers\n|-damage|p2b: Ting-Lu|59\/100 tox|[from] psn\n|upkeep\n|turn|5\n|\n|t:|1682370879\n|switch|p1b: Vaporeon|Vaporeon, L50, F|100\/100\n|move|p2a: Flutter Mane|Shadow Ball|p1b: Vaporeon\n|-damage|p1b: Vaporeon|76\/100\n|-unboost|p1b: Vaporeon|spd|1\n|move|p2b: Ting-Lu|Stomping Tantrum|p1a: Toxapex\n|-supereffective|p1a: Toxapex\n|-damage|p1a: Toxapex|47\/100\n|move|p1a: Toxapex|Liquidation|p2a: Flutter Mane\n|-damage|p2a: Flutter Mane|62\/100\n|\n|-weather|none\n|-heal|p1a: Toxapex|53\/100|[from] item: Leftovers\n|-damage|p2b: Ting-Lu|47\/100 tox|[from] psn\n|upkeep\n|turn|6\n|\n|t:|1682370897\n|switch|p2b: Palafin|Palafin-Hero, L50, M|19\/100\n|move|p1a: Toxapex|Baneful Bunker|p1a: Toxapex\n|-singleturn|p1a: Toxapex|move: Protect\n|move|p2a: Flutter Mane|Shadow Ball|p1b: Vaporeon\n|-damage|p1b: Vaporeon|27\/100\n|-unboost|p1b: Vaporeon|spd|1\n|move|p1b: Vaporeon|Muddy Water|p2b: Palafin|[spread] p2a,p2b\n|-resisted|p2b: Palafin\n|-damage|p2a: Flutter Mane|30\/100\n|-damage|p2b: Palafin|5\/100\n|\n|-heal|p1a: Toxapex|58\/100|[from] item: Leftovers\n|upkeep\n|turn|7\n|\n|t:|1682370937\n|move|p2a: Flutter Mane|Shadow Ball|p1a: Toxapex\n|-damage|p1a: Toxapex|11\/100\n|move|p2b: Palafin|Wave Crash|p1a: Toxapex\n|-resisted|p1a: Toxapex\n|-damage|p1a: Toxapex|0 fnt\n|faint|p1a: Toxapex\n|-damage|p2b: Palafin|2\/100|[from] Recoil\n|move|p1b: Vaporeon|Muddy Water|p2b: Palafin|[spread] p2a\n|-miss|p1b: Vaporeon|p2b: Palafin\n|-damage|p2a: Flutter Mane|2\/100\n|\n|upkeep\n|\n|t:|1682370948\n|switch|p1a: Arcanine|Arcanine, L50, F|11\/100\n|-ability|p1a: Arcanine|Intimidate|boost\n|-unboost|p2a: Flutter Mane|atk|1\n|-unboost|p2b: Palafin|atk|1\n|turn|8\n|\n|t:|1682370963\n|move|p1a: Arcanine|Protect|p1a: Arcanine\n|-singleturn|p1a: Arcanine|Protect\n|move|p2b: Palafin|Jet Punch|p1a: Arcanine\n|-activate|p1a: Arcanine|move: Protect\n|move|p2a: Flutter Mane|Shadow Ball|p1b: Vaporeon\n|-damage|p1b: Vaporeon|0 fnt\n|faint|p1b: Vaporeon\n|\n|upkeep\n|turn|9\n|\n|t:|1682370974\n|move|p1a: Arcanine|Extreme Speed|p2b: Palafin\n|-damage|p2b: Palafin|0 fnt\n|faint|p2b: Palafin\n|move|p2a: Flutter Mane|Shadow Ball|p1a: Arcanine\n|-damage|p1a: Arcanine|0 fnt\n|faint|p1a: Arcanine\n|\n|win|oopsycanyousee\n|raw|Laithani's rating: 1148 → 1121<\/strong> (-27 for losing)\n|raw|oopsycanyousee's rating: 1117 → 1144<\/strong> (+27 for winning)\n|l|\u2606Laithani\n","uploadtime":1682371152,"views":15,"p1id":"laithani","p2id":"oopsycanyousee","formatid":"gen9vgc2023regulationc","rating":1121,"private":0,"password":""}