{"id":"gen9vgc2023regulationc-1857397501","p1":"iLuX MH","p2":"tadano-reol","format":"[Gen 9] VGC 2023 Regulation C","log":"|j|\u2606iLuX MH\n|j|\u2606tadano-reol\n|t:|1683186475\n|gametype|doubles\n|player|p1|iLuX MH|1|1121\n|player|p2|tadano-reol|red|1152\n|teamsize|p1|6\n|teamsize|p2|6\n|gen|9\n|tier|[Gen 9] VGC 2023 Regulation C\n|rated|\n|rule|Species Clause: Limit one of each Pok\u00e9mon\n|rule|Item Clause: Limit one of each item\n|clearpoke\n|poke|p1|Dragapult, L50, M|\n|poke|p1|Murkrow, L50, M|\n|poke|p1|Chien-Pao, L50|\n|poke|p1|Amoonguss, L50, F|\n|poke|p1|Iron Hands, L50|\n|poke|p1|Arcanine, L50, M|\n|poke|p2|Armarouge, L50, M|\n|poke|p2|Indeedee-F, L50, F|\n|poke|p2|Roaring Moon, L50|\n|poke|p2|Corviknight, L50, M|\n|poke|p2|Garchomp, L50, M|\n|poke|p2|Flutter Mane, L50|\n|teampreview|4\n|j| hisanory\n|inactive|Battle timer is ON: inactive players will automatically lose when time's up. (requested by iLuX MH)\n|inactive|iLuX MH has 60 seconds left.\n|inactive|iLuX MH has 30 seconds left.\n|inactive|iLuX MH has 20 seconds left.\n|inactive|iLuX MH has 15 seconds left.\n|inactive|iLuX MH has 10 seconds left.\n|inactive|iLuX MH has 5 seconds left.\n|\n|t:|1683186569\n|start\n|switch|p1a: Murkrow|Murkrow, L50, M, shiny|100\/100\n|switch|p1b: Dragapult|Dragapult, L50, M, shiny|100\/100\n|switch|p2a: Garchomp|Garchomp, L50, M|100\/100\n|switch|p2b: Roaring Moon|Roaring Moon, L50, shiny|100\/100\n|-enditem|p2b: Roaring Moon|Booster Energy\n|-activate|p2b: Roaring Moon|ability: Protosynthesis|[fromitem]\n|-start|p2b: Roaring Moon|protosynthesisspe\n|turn|1\n|\n|t:|1683186591\n|-terastallize|p2b: Roaring Moon|Flying\n|move|p1a: Murkrow|Tailwind|p1a: Murkrow\n|-sidestart|p1: iLuX MH|move: Tailwind\n|move|p1b: Dragapult|Dragon Darts|p2a: Garchomp\n|-supereffective|p2a: Garchomp\n|-damage|p2a: Garchomp|28\/100\n|-anim|p1b: Dragapult|Dragon Darts|p2b: Roaring Moon\n|-damage|p2b: Roaring Moon|54\/100\n|move|p2b: Roaring Moon|Acrobatics|p1a: Murkrow\n|-damage|p1a: Murkrow|47\/100\n|move|p2a: Garchomp|Earthquake|p1b: Dragapult|[spread] p1b\n|-immune|p2b: Roaring Moon\n|-immune|p1a: Murkrow\n|-damage|p1b: Dragapult|41\/100\n|\n|upkeep\n|turn|2\n|inactive|tadano-reol has 30 seconds left.\n|\n|t:|1683186617\n|-end|p2b: Roaring Moon|Protosynthesis|[silent]\n|switch|p2b: Corviknight|Corviknight, L50, M|100\/100\n|switch|p2a: Flutter Mane|Flutter Mane, L50|100\/100\n|move|p1b: Dragapult|Dragon Darts|p2b: Corviknight\n|-resisted|p2b: Corviknight\n|-damage|p2b: Corviknight|84\/100\n|-anim|p1b: Dragapult|Dragon Darts|p2b: Corviknight\n|-resisted|p2b: Corviknight\n|-damage|p2b: Corviknight|67\/100\n|move|p1a: Murkrow|Foul Play|p2b: Corviknight\n|-damage|p2b: Corviknight|38\/100\n|-enditem|p2b: Corviknight|Sitrus Berry|[eat]\n|-heal|p2b: Corviknight|62\/100|[from] item: Sitrus Berry\n|\n|upkeep\n|turn|3\n|\n|t:|1683186636\n|switch|p1b: Amoonguss|Amoonguss, L50, F, shiny|100\/100\n|-end|p2a: Flutter Mane|Protosynthesis|[silent]\n|switch|p2a: Garchomp|Garchomp, L50, M|28\/100\n|move|p1a: Murkrow|Taunt|p2b: Corviknight\n|-start|p2b: Corviknight|move: Taunt\n|cant|p2b: Corviknight|move: Taunt|Tailwind\n|\n|upkeep\n|turn|4\n|\n|t:|1683186652\n|move|p2a: Garchomp|Dragon Claw|p1a: Murkrow\n|-damage|p1a: Murkrow|2\/100\n|move|p1a: Murkrow|Foul Play|p2a: Garchomp\n|-damage|p2a: Garchomp|0 fnt\n|-damage|p1a: Murkrow|0 fnt|[from] ability: Rough Skin|[of] p2a: Garchomp\n|faint|p2a: Garchomp\n|faint|p1a: Murkrow\n|move|p2b: Corviknight|Brave Bird|p1b: Amoonguss\n|-supereffective|p1b: Amoonguss\n|-damage|p1b: Amoonguss|29\/100\n|-enditem|p1b: Amoonguss|Sitrus Berry|[eat]\n|-heal|p1b: Amoonguss|54\/100|[from] item: Sitrus Berry\n|-damage|p2b: Corviknight|37\/100|[from] Recoil\n|move|p1b: Amoonguss|Spore|p2b: Corviknight\n|-status|p2b: Corviknight|slp|[from] move: Spore\n|\n|-sideend|p1: iLuX MH|move: Tailwind\n|upkeep\n|\n|t:|1683186677\n|switch|p2a: Roaring Moon|Roaring Moon, L50, shiny, tera:Flying|54\/100\n|switch|p1a: Chien-Pao|Chien-Pao, L50|100\/100\n|-ability|p1a: Chien-Pao|Sword of Ruin\n|turn|5\n|\n|t:|1683186696\n|move|p1b: Amoonguss|Rage Powder|p1b: Amoonguss\n|-singleturn|p1b: Amoonguss|move: Rage Powder\n|move|p1a: Chien-Pao|Ice Spinner|p2a: Roaring Moon\n|-supereffective|p2a: Roaring Moon\n|-damage|p2a: Roaring Moon|0 fnt\n|faint|p2a: Roaring Moon\n|-end|p2a: Roaring Moon|Protosynthesis|[silent]\n|cant|p2b: Corviknight|slp\n|\n|-end|p2b: Corviknight|move: Taunt\n|upkeep\n|\n|t:|1683186703\n|switch|p2a: Flutter Mane|Flutter Mane, L50|100\/100\n|turn|6\n|\n|t:|1683186717\n|move|p1a: Chien-Pao|Sucker Punch|p2a: Flutter Mane\n|-damage|p2a: Flutter Mane|26\/100\n|move|p2a: Flutter Mane|Moonblast|p1a: Chien-Pao\n|-supereffective|p1a: Chien-Pao\n|-enditem|p1a: Chien-Pao|Focus Sash\n|-damage|p1a: Chien-Pao|1\/100\n|cant|p2b: Corviknight|slp\n|move|p1b: Amoonguss|Spore|p2a: Flutter Mane\n|-status|p2a: Flutter Mane|slp|[from] move: Spore\n|\n|upkeep\n|turn|7\n|\n|t:|1683186738\n|move|p1a: Chien-Pao|Ice Spinner|p2a: Flutter Mane\n|-damage|p2a: Flutter Mane|0 fnt\n|faint|p2a: Flutter Mane\n|-end|p2a: Flutter Mane|Protosynthesis|[silent]\n|cant|p2b: Corviknight|slp\n|move|p1b: Amoonguss|Pollen Puff|p1a: Chien-Pao\n|-heal|p1a: Chien-Pao|51\/100\n|\n|upkeep\n|turn|8\n|-message|tadano-reol forfeited.\n|\n|win|iLuX MH\n|raw|iLuX MH's rating: 1121 → 1148<\/strong> (+27 for winning)\n|raw|tadano-reol's rating: 1152 → 1125<\/strong> (-27 for losing)\n|l|\u2606tadano-reol\n|l| hisanory\n","uploadtime":1683186768,"views":10,"p1id":"iluxmh","p2id":"tadanoreol","formatid":"gen9vgc2023regulationc","rating":1125,"private":0,"password":""}