{"id":"gen9vgc2023regulationc-1851428088","p1":"tswanni","p2":"Bout It 27","format":"[Gen 9] VGC 2023 Regulation C","log":"|j|\u2606tswanni\n|j|\u2606Bout It 27\n|t:|1682444311\n|gametype|doubles\n|player|p1|tswanni|101|1139\n|player|p2|Bout It 27|265|1202\n|teamsize|p1|6\n|teamsize|p2|6\n|gen|9\n|tier|[Gen 9] VGC 2023 Regulation C\n|rated|\n|rule|Species Clause: Limit one of each Pok\u00e9mon\n|rule|Item Clause: Limit one of each item\n|clearpoke\n|poke|p1|Glimmora, L50, F|\n|poke|p1|Flutter Mane, L50|\n|poke|p1|Scream Tail, L50|\n|poke|p1|Tauros-Paldea-Blaze, L50, M|\n|poke|p1|Rotom-Wash, L50|\n|poke|p1|Tsareena, L50, F|\n|poke|p2|Torkoal, L50, F|\n|poke|p2|Lilligant, L50, F|\n|poke|p2|Hatterene, L50, F|\n|poke|p2|Indeedee-F, L50, F|\n|poke|p2|Great Tusk, L50|\n|poke|p2|Chi-Yu, L50|\n|teampreview|4\n|\n|t:|1682444352\n|start\n|switch|p1a: Flutter Mane|Flutter Mane, L50|100\/100\n|switch|p1b: Tauros|Tauros-Paldea-Blaze, L50, M|100\/100\n|switch|p2a: Hatterene|Hatterene, L50, F|100\/100\n|switch|p2b: Indeedee|Indeedee-F, L50, F|100\/100\n|-ability|p1b: Tauros|Intimidate|boost\n|-unboost|p2a: Hatterene|atk|1\n|-unboost|p2b: Indeedee|atk|1\n|-fieldstart|move: Psychic Terrain|[from] ability: Psychic Surge|[of] p2b: Indeedee\n|turn|1\n|\n|t:|1682444375\n|move|p2b: Indeedee|Follow Me|p2b: Indeedee\n|-singleturn|p2b: Indeedee|move: Follow Me\n|move|p1a: Flutter Mane|Moonblast|p2b: Indeedee\n|-damage|p2b: Indeedee|56\/100\n|move|p1b: Tauros|Flare Blitz|p2b: Indeedee\n|-damage|p2b: Indeedee|0 fnt\n|faint|p2b: Indeedee\n|-damage|p1b: Tauros|79\/100|[from] Recoil\n|move|p2a: Hatterene|Trick Room|p2a: Hatterene\n|-fieldstart|move: Trick Room|[of] p2a: Hatterene\n|-enditem|p2a: Hatterene|Room Service\n|-unboost|p2a: Hatterene|spe|1|[from] item: Room Service\n|\n|upkeep\n|\n|t:|1682444392\n|switch|p2b: Torkoal|Torkoal, L50, F|100\/100\n|-weather|SunnyDay|[from] ability: Drought|[of] p2b: Torkoal\n|-activate|p1a: Flutter Mane|ability: Protosynthesis\n|-start|p1a: Flutter Mane|protosynthesisspe\n|turn|2\n|\n|t:|1682444404\n|-terastallize|p2b: Torkoal|Fire\n|move|p1b: Tauros|Protect|p1b: Tauros\n|-singleturn|p1b: Tauros|Protect\n|move|p1a: Flutter Mane|Protect|p1a: Flutter Mane\n|-singleturn|p1a: Flutter Mane|Protect\n|move|p2a: Hatterene|Psychic|p1b: Tauros\n|-activate|p1b: Tauros|move: Protect\n|move|p2b: Torkoal|Eruption|p1b: Tauros|[spread] \n|-activate|p1a: Flutter Mane|move: Protect\n|-activate|p1b: Tauros|move: Protect\n|\n|-weather|SunnyDay|[upkeep]\n|upkeep\n|turn|3\n|\n|t:|1682444428\n|move|p2a: Hatterene|Psychic|p1b: Tauros\n|-supereffective|p1b: Tauros\n|-damage|p1b: Tauros|0 fnt\n|faint|p1b: Tauros\n|move|p2b: Torkoal|Eruption|p1a: Flutter Mane\n|-enditem|p1a: Flutter Mane|Focus Sash\n|-damage|p1a: Flutter Mane|1\/100\n|move|p1a: Flutter Mane|Moonblast|p2b: Torkoal\n|-resisted|p2b: Torkoal\n|-damage|p2b: Torkoal|67\/100\n|\n|-weather|SunnyDay|[upkeep]\n|upkeep\n|\n|t:|1682444444\n|switch|p1b: Glimmora|Glimmora, L50, F|100\/100\n|turn|4\n|\n|t:|1682444463\n|-terastallize|p1b: Glimmora|Flying\n|move|p1a: Flutter Mane|Protect|p1a: Flutter Mane\n|-singleturn|p1a: Flutter Mane|Protect\n|move|p2a: Hatterene|Psychic|p1b: Glimmora\n|-damage|p1b: Glimmora|51\/100\n|-unboost|p1b: Glimmora|spd|1\n|move|p2b: Torkoal|Eruption|p1a: Flutter Mane|[spread] p1b\n|-activate|p1a: Flutter Mane|move: Protect\n|-damage|p1b: Glimmora|0 fnt\n|faint|p1b: Glimmora\n|\n|-weather|SunnyDay|[upkeep]\n|upkeep\n|\n|t:|1682444473\n|switch|p1b: Rotom|Rotom-Wash, L50|100\/100\n|turn|5\n|\n|t:|1682444489\n|move|p1a: Flutter Mane|Protect||[still]\n|-fail|p1a: Flutter Mane\n|move|p2a: Hatterene|Psychic|p1b: Rotom\n|-damage|p1b: Rotom|26\/100\n|move|p2b: Torkoal|Eruption|p1b: Rotom|[spread] p1a,p1b\n|-crit|p1a: Flutter Mane\n|-resisted|p1b: Rotom\n|-damage|p1a: Flutter Mane|0 fnt\n|-damage|p1b: Rotom|0 fnt\n|faint|p1a: Flutter Mane\n|-end|p1a: Flutter Mane|Protosynthesis|[silent]\n|faint|p1b: Rotom\n|\n|win|Bout It 27\n|raw|tswanni's rating: 1139 → 1118<\/strong> (-21 for losing)\n|raw|Bout It 27's rating: 1202 → 1223<\/strong> (+21 for winning)\n|l|\u2606tswanni\n","uploadtime":1682444514,"views":7,"p1id":"tswanni","p2id":"boutit27","formatid":"gen9vgc2023regulationc","rating":1118,"private":0,"password":""}