{"id":"gen9vgc2023regulationc-1849897016","p1":"InkVG","p2":"Dunkler Georg","format":"[Gen 9] VGC 2023 Regulation C","log":"|j|\u2606InkVG\n|j|\u2606Dunkler Georg\n|t:|1682265732\n|gametype|doubles\n|player|p1|InkVG|#inkvg|\n|player|p2|Dunkler Georg|lance-gen2|\n|teamsize|p1|6\n|teamsize|p2|6\n|gen|9\n|tier|[Gen 9] VGC 2023 Regulation C\n|rule|Species Clause: Limit one of each Pok\u00e9mon\n|rule|Item Clause: Limit one of each item\n|clearpoke\n|poke|p1|Iron Bundle, L50|\n|poke|p1|Chi-Yu, L50|\n|poke|p1|Great Tusk, L50|\n|poke|p1|Dragonite, L50, M|\n|poke|p1|Kingambit, L50, M|\n|poke|p1|Amoonguss, L50, F|\n|poke|p2|Talonflame, L50, M|\n|poke|p2|Iron Bundle, L50|\n|poke|p2|Iron Hands, L50|\n|poke|p2|Gholdengo, L50|\n|poke|p2|Garchomp, L50, M|\n|poke|p2|Chien-Pao, L50|\n|teampreview|4\nDunkler Georg has agreed to open team sheets.\n|c|\u2606InkVG|g3\nInkVG has agreed to open team sheets.\n|j| Kiyonamivgc\n|j| SnorlaxatemyDimSum\n|j| SeaSoil\n|j| Axior\n|c|\u2606InkVG|glhf\n|c|\u2606Dunkler Georg|glhf\n|j| pokeway96\n|j| globaleuitdaging\n|\n|t:|1682266448\n|start\n|switch|p1a: Dragonite|Dragonite, L50, M|100\/100\n|switch|p1b: Great Tusk|Great Tusk, L50|100\/100\n|switch|p2a: Talonflame|Talonflame, L50, M|100\/100\n|switch|p2b: Gholdengo|Gholdengo, L50|100\/100\n|turn|1\n|j| JMOdri\n|\n|t:|1682266467\n|-terastallize|p1b: Great Tusk|Steel\n|move|p1a: Dragonite|Extreme Speed|p2a: Talonflame\n|-damage|p2a: Talonflame|60\/100\n|move|p1b: Great Tusk|Headlong Rush|p2b: Gholdengo\n|-supereffective|p2b: Gholdengo\n|-damage|p2b: Gholdengo|0 fnt\n|-unboost|p1b: Great Tusk|def|1\n|-unboost|p1b: Great Tusk|spd|1\n|faint|p2b: Gholdengo\n|move|p2a: Talonflame|Tailwind|p2a: Talonflame\n|-sidestart|p2: Dunkler Georg|move: Tailwind\n|\n|upkeep\n|j| Tekagt\n|\n|t:|1682266483\n|switch|p2b: Garchomp|Garchomp, L50, M|100\/100\n|turn|2\n|\n|t:|1682266493\n|-end|p1b: Great Tusk|Protosynthesis|[silent]\n|switch|p1b: Amoonguss|Amoonguss, L50, F|100\/100\n|move|p1a: Dragonite|Extreme Speed|p2a: Talonflame\n|-damage|p2a: Talonflame|19\/100\n|move|p2a: Talonflame|Will-O-Wisp|p1a: Dragonite\n|-status|p1a: Dragonite|brn\n|-enditem|p1a: Dragonite|Lum Berry|[eat]\n|-curestatus|p1a: Dragonite|brn|[msg]\n|move|p2b: Garchomp|Earthquake|p1a: Dragonite|[spread] p1b\n|-immune|p2a: Talonflame\n|-immune|p1a: Dragonite\n|-crit|p1b: Amoonguss\n|-damage|p1b: Amoonguss|41\/100\n|-enditem|p1b: Amoonguss|Sitrus Berry|[eat]\n|-heal|p1b: Amoonguss|66\/100|[from] item: Sitrus Berry\n|-damage|p2b: Garchomp|91\/100|[from] item: Life Orb\n|\n|upkeep\n|turn|3\n|\n|t:|1682266510\n|-terastallize|p2a: Talonflame|Ghost\n|move|p1a: Dragonite|Extreme Speed|p2a: Talonflame\n|-immune|p2a: Talonflame\n|move|p2a: Talonflame|Taunt|p1b: Amoonguss\n|-start|p1b: Amoonguss|move: Taunt\n|move|p2b: Garchomp|Rock Slide|p1a: Dragonite|[spread] p1b\n|-miss|p2b: Garchomp|p1a: Dragonite\n|-crit|p1b: Amoonguss\n|-damage|p1b: Amoonguss|32\/100\n|-damage|p2b: Garchomp|81\/100|[from] item: Life Orb\n|cant|p1b: Amoonguss|move: Taunt|Spore\n|\n|upkeep\n|turn|4\n|\n|t:|1682266535\n|move|p1a: Dragonite|Protect|p1a: Dragonite\n|-singleturn|p1a: Dragonite|Protect\n|move|p2a: Talonflame|Will-O-Wisp|p1a: Dragonite\n|-activate|p1a: Dragonite|move: Protect\n|move|p2b: Garchomp|Rock Slide|p1a: Dragonite|[spread] \n|-activate|p1a: Dragonite|move: Protect\n|-miss|p2b: Garchomp|p1b: Amoonguss\n|move|p1b: Amoonguss|Pollen Puff|p2b: Garchomp\n|-damage|p2b: Garchomp|61\/100\n|\n|-sideend|p2: Dunkler Georg|move: Tailwind\n|upkeep\n|turn|5\n|\n|t:|1682266548\n|move|p2a: Talonflame|Tailwind|p2a: Talonflame\n|-sidestart|p2: Dunkler Georg|move: Tailwind\n|move|p2b: Garchomp|Rock Slide|p1b: Amoonguss|[spread] p1b\n|-miss|p2b: Garchomp|p1a: Dragonite\n|-damage|p1b: Amoonguss|10\/100\n|-damage|p2b: Garchomp|52\/100|[from] item: Life Orb\n|move|p1a: Dragonite|Dragon Dance|p1a: Dragonite\n|-boost|p1a: Dragonite|atk|1\n|-boost|p1a: Dragonite|spe|1\n|cant|p1b: Amoonguss|flinch\n|\n|-end|p1b: Amoonguss|move: Taunt\n|upkeep\n|turn|6\n|\n|t:|1682266572\n|switch|p2b: Iron Hands|Iron Hands, L50|100\/100\n|move|p1a: Dragonite|Protect|p1a: Dragonite\n|-singleturn|p1a: Dragonite|Protect\n|move|p1b: Amoonguss|Protect|p1b: Amoonguss\n|-singleturn|p1b: Amoonguss|Protect\n|move|p2a: Talonflame|Will-O-Wisp|p1a: Dragonite\n|-activate|p1a: Dragonite|move: Protect\n|\n|upkeep\n|turn|7\n|\n|t:|1682266587\n|switch|p1b: Great Tusk|Great Tusk, L50, tera:Steel|100\/100\n|move|p2a: Talonflame|Will-O-Wisp|p1a: Dragonite\n|-status|p1a: Dragonite|brn\n|move|p1a: Dragonite|Dragon Dance|p1a: Dragonite\n|-boost|p1a: Dragonite|atk|1\n|-boost|p1a: Dragonite|spe|1\n|move|p2b: Iron Hands|Drain Punch|p1b: Great Tusk\n|-supereffective|p1b: Great Tusk\n|-damage|p1b: Great Tusk|38\/100\n|\n|-damage|p1a: Dragonite|95\/100 brn|[from] brn\n|upkeep\n|turn|8\n|j| duckpond\n|\n|t:|1682266620\n|move|p2a: Talonflame|Will-O-Wisp|p1b: Great Tusk\n|-status|p1b: Great Tusk|brn\n|move|p1a: Dragonite|Dragon Dance|p1a: Dragonite\n|-boost|p1a: Dragonite|atk|1\n|-boost|p1a: Dragonite|spe|1\n|move|p1b: Great Tusk|Earthquake|p2b: Iron Hands|[spread] p2a,p2b\n|-immune|p1a: Dragonite\n|-supereffective|p2b: Iron Hands\n|-damage|p2a: Talonflame|0 fnt\n|-damage|p2b: Iron Hands|71\/100\n|faint|p2a: Talonflame\n|move|p2b: Iron Hands|Drain Punch|p1b: Great Tusk\n|-supereffective|p1b: Great Tusk\n|-damage|p1b: Great Tusk|0 fnt\n|-heal|p2b: Iron Hands|86\/100|[from] drain|[of] p1b: Great Tusk\n|faint|p1b: Great Tusk\n|-end|p1b: Great Tusk|Protosynthesis|[silent]\n|\n|-damage|p1a: Dragonite|89\/100 brn|[from] brn\n|-sideend|p2: Dunkler Georg|move: Tailwind\n|upkeep\n|\n|t:|1682266638\n|switch|p2a: Garchomp|Garchomp, L50, M|52\/100\n|switch|p1b: Iron Bundle|Iron Bundle, L50|100\/100\n|-enditem|p1b: Iron Bundle|Booster Energy\n|-activate|p1b: Iron Bundle|ability: Quark Drive|[fromitem]\n|-start|p1b: Iron Bundle|quarkdrivespe\n|turn|9\n|\n|t:|1682266653\n|switch|p1a: Amoonguss|Amoonguss, L50, F|43\/100\n|move|p1b: Iron Bundle|Protect|p1b: Iron Bundle\n|-singleturn|p1b: Iron Bundle|Protect\n|move|p2a: Garchomp|Rock Slide|p1a: Amoonguss|[spread] p1a\n|-activate|p1b: Iron Bundle|move: Protect\n|-damage|p1a: Amoonguss|21\/100\n|-damage|p2a: Garchomp|42\/100|[from] item: Life Orb\n|move|p2b: Iron Hands|Drain Punch|p1b: Iron Bundle\n|-activate|p1b: Iron Bundle|move: Protect\n|\n|upkeep\n|turn|10\n|j| cyan_vg\n|\n|t:|1682266685\n|switch|p1a: Dragonite|Dragonite, L50, M|89\/100 brn\n|move|p1b: Iron Bundle|Freeze-Dry|p2a: Garchomp\n|-supereffective|p2a: Garchomp\n|-damage|p2a: Garchomp|0 fnt\n|faint|p2a: Garchomp\n|move|p2b: Iron Hands|Wild Charge|p1a: Dragonite\n|-damage|p1a: Dragonite|37\/100 brn\n|-damage|p2b: Iron Hands|76\/100|[from] Recoil\n|\n|-damage|p1a: Dragonite|31\/100 brn|[from] brn\n|upkeep\n|turn|11\n|\n|t:|1682266695\n|-end|p1b: Iron Bundle|Quark Drive|[silent]\n|switch|p1b: Amoonguss|Amoonguss, L50, F|54\/100\n|move|p1a: Dragonite|Extreme Speed|p2b: Iron Hands\n|-damage|p2b: Iron Hands|66\/100\n|move|p2b: Iron Hands|Drain Punch|p1b: Amoonguss\n|-resisted|p1b: Amoonguss\n|-damage|p1b: Amoonguss|38\/100\n|-heal|p2b: Iron Hands|73\/100|[from] drain|[of] p1b: Amoonguss\n|\n|-damage|p1a: Dragonite|25\/100 brn|[from] brn\n|upkeep\n|turn|12\n|\n|t:|1682266701\n|move|p1a: Dragonite|Extreme Speed|p2b: Iron Hands\n|-damage|p2b: Iron Hands|64\/100\n|move|p2b: Iron Hands|Wild Charge|p1b: Amoonguss\n|-resisted|p1b: Amoonguss\n|-damage|p1b: Amoonguss|17\/100\n|-damage|p2b: Iron Hands|59\/100|[from] Recoil\n|move|p1b: Amoonguss|Spore|p2b: Iron Hands\n|-status|p2b: Iron Hands|slp|[from] move: Spore\n|\n|-damage|p1a: Dragonite|19\/100 brn|[from] brn\n|upkeep\n|turn|13\n|\n|t:|1682266708\n|move|p1a: Dragonite|Dragon Dance|p1a: Dragonite\n|-boost|p1a: Dragonite|atk|1\n|-boost|p1a: Dragonite|spe|1\n|cant|p2b: Iron Hands|slp\n|move|p1b: Amoonguss|Pollen Puff|p1a: Dragonite\n|-heal|p1a: Dragonite|69\/100 brn\n|\n|-damage|p1a: Dragonite|63\/100 brn|[from] brn\n|upkeep\n|turn|14\n|\n|t:|1682266721\n|move|p1b: Amoonguss|Protect|p1b: Amoonguss\n|-singleturn|p1b: Amoonguss|Protect\n|move|p1a: Dragonite|Extreme Speed|p2b: Iron Hands\n|-damage|p2b: Iron Hands|45\/100 slp\n|cant|p2b: Iron Hands|slp\n|\n|-damage|p1a: Dragonite|58\/100 brn|[from] brn\n|upkeep\n|turn|15\n|\n|t:|1682266727\n|move|p1b: Amoonguss|Rage Powder|p1b: Amoonguss\n|-singleturn|p1b: Amoonguss|move: Rage Powder\n|move|p1a: Dragonite|Dragon Dance|p1a: Dragonite\n|-boost|p1a: Dragonite|atk|1\n|-boost|p1a: Dragonite|spe|1\n|-curestatus|p2b: Iron Hands|slp|[msg]\n|move|p2b: Iron Hands|Wild Charge|p1b: Amoonguss\n|-resisted|p1b: Amoonguss\n|-damage|p1b: Amoonguss|0 fnt\n|faint|p1b: Amoonguss\n|-damage|p2b: Iron Hands|41\/100|[from] Recoil\n|\n|-damage|p1a: Dragonite|52\/100 brn|[from] brn\n|upkeep\n|\n|t:|1682266728\n|switch|p1b: Iron Bundle|Iron Bundle, L50|100\/100\n|turn|16\n|\n|t:|1682266732\n|move|p1b: Iron Bundle|Protect|p1b: Iron Bundle\n|-singleturn|p1b: Iron Bundle|Protect\n|move|p1a: Dragonite|Extreme Speed|p2b: Iron Hands\n|-damage|p2b: Iron Hands|20\/100\n|move|p2b: Iron Hands|Drain Punch|p1b: Iron Bundle\n|-activate|p1b: Iron Bundle|move: Protect\n|\n|-damage|p1a: Dragonite|46\/100 brn|[from] brn\n|upkeep\n|turn|17\n|\n|t:|1682266736\n|move|p1a: Dragonite|Extreme Speed|p2b: Iron Hands\n|-damage|p2b: Iron Hands|0 fnt\n|faint|p2b: Iron Hands\n|-end|p2b: Iron Hands|Quark Drive|[silent]\n|\n|win|InkVG\n|c|\u2606InkVG|ggs\n|l| duckpond\n|c|\u2606Dunkler Georg|ggs\n","uploadtime":1682266750,"views":22,"p1id":"inkvg","p2id":"dunklergeorg","formatid":"gen9vgc2023regulationc","rating":0,"private":0,"password":""}