{"id":"gen9vgc2023regulationc-1861690948","p1":"dingjiongtao","p2":"bobhead1234567","format":"[Gen 9] VGC 2023 Regulation C","log":"|j|\u2606dingjiongtao\n|j|\u2606bobhead1234567\n|t:|1683795049\n|gametype|doubles\n|player|p1|dingjiongtao|palmer|1282\n|player|p2|bobhead1234567|265|1236\n|teamsize|p1|6\n|teamsize|p2|6\n|gen|9\n|tier|[Gen 9] VGC 2023 Regulation C\n|rated|\n|rule|Species Clause: Limit one of each Pok\u00e9mon\n|rule|Item Clause: Limit one of each item\n|clearpoke\n|poke|p1|Annihilape, L50, M|\n|poke|p1|Chien-Pao, L50|\n|poke|p1|Gyarados, L50, M|\n|poke|p1|Chi-Yu, L50|\n|poke|p1|Gastrodon-East, L50, M|\n|poke|p1|Dragapult, L50, M|\n|poke|p2|Maushold, L50|\n|poke|p2|Annihilape, L50, F|\n|poke|p2|Chi-Yu, L50|\n|poke|p2|Iron Bundle, L50|\n|poke|p2|Gyarados, L50, M|\n|poke|p2|Amoonguss, L50, M|\n|teampreview|4\n|inactive|Battle timer is ON: inactive players will automatically lose when time's up. (requested by bobhead1234567)\nbobhead1234567 has agreed to open team sheets.\n|\n|t:|1683795077\n|start\n|switch|p1a: Gastrodon|Gastrodon-East, L50, M|100\/100\n|switch|p1b: Dragapult|Dragapult, L50, M|100\/100\n|switch|p2a: Iron Bundle|Iron Bundle, L50|100\/100\n|switch|p2b: Annihilape|Annihilape, L50, F|100\/100\n|-enditem|p2a: Iron Bundle|Booster Energy\n|-activate|p2a: Iron Bundle|ability: Quark Drive|[fromitem]\n|-start|p2a: Iron Bundle|quarkdrivespe\n|turn|1\n|\n|t:|1683795102\n|move|p2a: Iron Bundle|Icy Wind|p1b: Dragapult|[spread] p1a,p1b\n|-supereffective|p1b: Dragapult\n|-damage|p1a: Gastrodon|88\/100\n|-damage|p1b: Dragapult|48\/100\n|-unboost|p1a: Gastrodon|spe|1\n|move|p1b: Dragapult|Phantom Force||[still]\n|-prepare|p1b: Dragapult|Phantom Force\n|move|p2b: Annihilape|Bulk Up|p2b: Annihilape\n|-boost|p2b: Annihilape|atk|1\n|-boost|p2b: Annihilape|def|1\n|move|p1a: Gastrodon|Yawn|p2a: Iron Bundle\n|-start|p2a: Iron Bundle|move: Yawn|[of] p1a: Gastrodon\n|\n|upkeep\n|turn|2\n|\n|t:|1683795119\n|-end|p2a: Iron Bundle|Quark Drive|[silent]\n|switch|p2a: Maushold|Maushold, L50|100\/100\n|move|p2b: Annihilape|Protect|p2b: Annihilape\n|-singleturn|p2b: Annihilape|Protect\n|move|p1a: Gastrodon|Protect|p1a: Gastrodon\n|-singleturn|p1a: Gastrodon|Protect\n|move|p1b: Dragapult|Phantom Force|p2b: Annihilape|[from]lockedmove\n|-activate|p2b: Annihilape|move: Phantom Force|[broken]\n|-supereffective|p2b: Annihilape\n|-damage|p2b: Annihilape|43\/100\n|-enditem|p2b: Annihilape|Sitrus Berry|[eat]\n|-heal|p2b: Annihilape|68\/100|[from] item: Sitrus Berry\n|-damage|p1b: Dragapult|38\/100|[from] item: Life Orb\n|\n|upkeep\n|turn|3\n|\n|t:|1683795141\n|move|p1b: Dragapult|Phantom Force||[still]\n|-prepare|p1b: Dragapult|Phantom Force\n|move|p2a: Maushold|Beat Up|p2b: Annihilape\n|-damage|p2b: Annihilape|67\/100\n|-damage|p2b: Annihilape|66\/100\n|-damage|p2b: Annihilape|64\/100\n|-damage|p2b: Annihilape|63\/100\n|-hitcount|p2b: Annihilape|4\n|move|p2b: Annihilape|Rage Fist|p1a: Gastrodon\n|-damage|p1a: Gastrodon|0 fnt\n|faint|p1a: Gastrodon\n|\n|upkeep\n|\n|t:|1683795153\n|switch|p1a: Chi-Yu|Chi-Yu, L50|100\/100\n|-ability|p1a: Chi-Yu|Beads of Ruin\n|turn|4\n|\n|t:|1683795165\n|-terastallize|p1a: Chi-Yu|Fire\n|-terastallize|p2b: Annihilape|Water\n|move|p2a: Maushold|Follow Me|p2a: Maushold\n|-singleturn|p2a: Maushold|move: Follow Me\n|move|p1b: Dragapult|Phantom Force|p2a: Maushold|[from]lockedmove\n|-immune|p2a: Maushold\n|move|p1a: Chi-Yu|Heat Wave|p2a: Maushold|[spread] p2a,p2b\n|-resisted|p2b: Annihilape\n|-damage|p2a: Maushold|1\/100\n|-damage|p2b: Annihilape|33\/100\n|move|p2b: Annihilape|Drain Punch|p1a: Chi-Yu\n|-damage|p1a: Chi-Yu|20\/100\n|-heal|p2b: Annihilape|59\/100|[from] drain|[of] p1a: Chi-Yu\n|\n|upkeep\n|turn|5\n|inactive|bobhead1234567 has 30 seconds left.\n|\n|t:|1683795200\n|move|p2b: Annihilape|Protect|p2b: Annihilape\n|-singleturn|p2b: Annihilape|Protect\n|move|p1b: Dragapult|Dragon Darts|p2a: Maushold\n|-damage|p2a: Maushold|0 fnt\n|faint|p2a: Maushold\n|-damage|p1b: Dragapult|29\/100|[from] item: Life Orb\n|move|p1a: Chi-Yu|Heat Wave|p2b: Annihilape\n|-activate|p2b: Annihilape|move: Protect\n|\n|upkeep\n|\n|t:|1683795209\n|switch|p2a: Iron Bundle|Iron Bundle, L50|100\/100\n|turn|6\n|\n|t:|1683795219\n|move|p1b: Dragapult|Dragon Darts|p2a: Iron Bundle\n|-damage|p2a: Iron Bundle|63\/100\n|-anim|p1b: Dragapult|Dragon Darts|p2b: Annihilape\n|-damage|p2b: Annihilape|34\/100\n|-damage|p1b: Dragapult|19\/100|[from] item: Life Orb\n|move|p2a: Iron Bundle|Icy Wind|p1b: Dragapult|[spread] p1a,p1b\n|-resisted|p1a: Chi-Yu\n|-supereffective|p1b: Dragapult\n|-damage|p1a: Chi-Yu|9\/100\n|-damage|p1b: Dragapult|0 fnt\n|-unboost|p1a: Chi-Yu|spe|1\n|faint|p1b: Dragapult\n|move|p2b: Annihilape|Drain Punch|p1a: Chi-Yu\n|-damage|p1a: Chi-Yu|0 fnt\n|-heal|p2b: Annihilape|37\/100|[from] drain|[of] p1a: Chi-Yu\n|faint|p1a: Chi-Yu\n|\n|upkeep\n|\n|t:|1683795236\n|switch|p1b: Annihilape|Annihilape, L50, M|100\/100\n|turn|7\n|\n|t:|1683795247\n|move|p2a: Iron Bundle|Icy Wind|p1b: Annihilape\n|-damage|p1b: Annihilape|78\/100\n|-unboost|p1b: Annihilape|spe|1\n|move|p2b: Annihilape|Rage Fist|p1b: Annihilape\n|-supereffective|p1b: Annihilape\n|-damage|p1b: Annihilape|0 fnt\n|faint|p1b: Annihilape\n|\n|win|bobhead1234567\n|raw|dingjiongtao's rating: 1282 → 1254<\/strong> (-28 for losing)\n|raw|bobhead1234567's rating: 1236 → 1264<\/strong> (+28 for winning)\n|l|\u2606dingjiongtao\n","uploadtime":1683795259,"views":14,"p1id":"dingjiongtao","p2id":"bobhead1234567","formatid":"gen9vgc2023regulationc","rating":1254,"private":0,"password":""}