{"id":"gen9vgc2023regulationc-1864359220","p1":"xPenguinTest","p2":"ProtomanVGC","format":"[Gen 9] VGC 2023 Regulation C","log":"|j|\u2606xPenguinTest\n|j|\u2606ProtomanVGC\n|t:|1684159300\n|gametype|doubles\n|player|p1|xPenguinTest|hoopster|1416\n|player|p2|ProtomanVGC|dragontamer|1376\n|teamsize|p1|6\n|teamsize|p2|6\n|gen|9\n|tier|[Gen 9] VGC 2023 Regulation C\n|rated|\n|rule|Species Clause: Limit one of each Pok\u00e9mon\n|rule|Item Clause: Limit one of each item\n|clearpoke\n|poke|p1|Pelipper, L50, F|\n|poke|p1|Palafin, L50, F|\n|poke|p1|Chien-Pao, L50|\n|poke|p1|Tinkaton, L50, F|\n|poke|p1|Gholdengo, L50|\n|poke|p1|Amoonguss, L50, F|\n|poke|p2|Iron Bundle, L50|\n|poke|p2|Flutter Mane, L50|\n|poke|p2|Chien-Pao, L50|\n|poke|p2|Dragonite, L50, M|\n|poke|p2|Talonflame, L50, M|\n|poke|p2|Chi-Yu, L50|\n|teampreview|4\n|inactive|Battle timer is ON: inactive players will automatically lose when time's up. (requested by ProtomanVGC)\nProtomanVGC rejected open team sheets.\n|\n|t:|1684159326\n|start\n|switch|p1a: Tinkaton|Tinkaton, L50, F|100\/100\n|switch|p1b: Chien-Pao|Chien-Pao, L50|100\/100\n|switch|p2a: Talonflame|Talonflame, L50, M, shiny|100\/100\n|switch|p2b: Flutter Mane|Flutter Mane, L50, shiny|100\/100\n|-ability|p1b: Chien-Pao|Sword of Ruin\n|-ability|p1a: Tinkaton|Mold Breaker\n|turn|1\n|\n|t:|1684159345\n|move|p1b: Chien-Pao|Protect|p1b: Chien-Pao\n|-singleturn|p1b: Chien-Pao|Protect\n|move|p2a: Talonflame|Quick Guard|p2a: Talonflame\n|-singleturn|p2a: Talonflame|Quick Guard\n|move|p2b: Flutter Mane|Dazzling Gleam|p1a: Tinkaton|[spread] p1a\n|-activate|p1b: Chien-Pao|move: Protect\n|-resisted|p1a: Tinkaton\n|-damage|p1a: Tinkaton|87\/100\n|move|p1a: Tinkaton|Gigaton Hammer|p2b: Flutter Mane\n|-supereffective|p2b: Flutter Mane\n|-damage|p2b: Flutter Mane|0 fnt\n|faint|p2b: Flutter Mane\n|-end|p2b: Flutter Mane|Protosynthesis|[silent]\n|\n|upkeep\n|\n|t:|1684159363\n|switch|p2b: Chien-Pao|Chien-Pao, L50|100\/100\n|-ability|p2b: Chien-Pao|Sword of Ruin\n|turn|2\n|\n|t:|1684159372\n|move|p2a: Talonflame|Brave Bird|p1b: Chien-Pao\n|-damage|p1b: Chien-Pao|14\/100\n|-damage|p2a: Talonflame|72\/100|[from] Recoil\n|-damage|p2a: Talonflame|62\/100|[from] item: Life Orb\n|move|p2b: Chien-Pao|Sucker Punch|p1b: Chien-Pao\n|-resisted|p1b: Chien-Pao\n|-damage|p1b: Chien-Pao|0 fnt\n|faint|p1b: Chien-Pao\n|move|p1a: Tinkaton|Play Rough|p2b: Chien-Pao\n|-supereffective|p2b: Chien-Pao\n|-damage|p2b: Chien-Pao|16\/100\n|\n|upkeep\n|\n|t:|1684159381\n|switch|p1b: Pelipper|Pelipper, L50, F|100\/100\n|-weather|RainDance|[from] ability: Drizzle|[of] p1b: Pelipper\n|turn|3\n|\n|t:|1684159404\n|move|p2b: Chien-Pao|Protect|p2b: Chien-Pao\n|-singleturn|p2b: Chien-Pao|Protect\n|move|p1a: Tinkaton|Feint|p2b: Chien-Pao\n|-activate|p2b: Chien-Pao|move: Feint\n|-damage|p2b: Chien-Pao|5\/100\n|move|p2a: Talonflame|Tailwind|p2a: Talonflame\n|-sidestart|p2: ProtomanVGC|move: Tailwind\n|move|p1b: Pelipper|Tailwind|p1b: Pelipper\n|-sidestart|p1: xPenguinTest|move: Tailwind\n|\n|-weather|RainDance|[upkeep]\n|upkeep\n|turn|4\n|\n|t:|1684159429\n|move|p2a: Talonflame|Quick Guard|p2a: Talonflame\n|-singleturn|p2a: Talonflame|Quick Guard\n|move|p2b: Chien-Pao|Sacred Sword|p1a: Tinkaton\n|-damage|p1a: Tinkaton|39\/100\n|move|p1a: Tinkaton|Play Rough|p2b: Chien-Pao\n|-supereffective|p2b: Chien-Pao\n|-damage|p2b: Chien-Pao|0 fnt\n|faint|p2b: Chien-Pao\n|move|p1b: Pelipper|Hydro Pump|p2a: Talonflame|[miss]\n|-miss|p1b: Pelipper|p2a: Talonflame\n|\n|-weather|RainDance|[upkeep]\n|upkeep\n|\n|t:|1684159439\n|switch|p2b: Dragonite|Dragonite, L50, M, shiny|100\/100\n|turn|5\n|inactive|ProtomanVGC has 30 seconds left.\n|\n|t:|1684159464\n|-terastallize|p2b: Dragonite|Normal\n|move|p2a: Talonflame|Protect||[still]\n|-fail|p2a: Talonflame\n|move|p2b: Dragonite|Extreme Speed|p1a: Tinkaton\n|-resisted|p1a: Tinkaton\n|-damage|p1a: Tinkaton|5\/100\n|move|p1a: Tinkaton|Feint|p2b: Dragonite\n|-damage|p2b: Dragonite|92\/100\n|move|p1b: Pelipper|Hydro Pump|p2a: Talonflame\n|-supereffective|p2a: Talonflame\n|-damage|p2a: Talonflame|0 fnt\n|faint|p2a: Talonflame\n|\n|-weather|RainDance|[upkeep]\n|upkeep\n|turn|6\n|\n|t:|1684159487\n|move|p2b: Dragonite|Extreme Speed|p1a: Tinkaton\n|-resisted|p1a: Tinkaton\n|-damage|p1a: Tinkaton|0 fnt\n|faint|p1a: Tinkaton\n|move|p1b: Pelipper|Hurricane|p2b: Dragonite\n|-crit|p2b: Dragonite\n|-damage|p2b: Dragonite|36\/100\n|-start|p2b: Dragonite|confusion\n|\n|-weather|RainDance|[upkeep]\n|-sideend|p2: ProtomanVGC|move: Tailwind\n|-sideend|p1: xPenguinTest|move: Tailwind\n|upkeep\n|-message|ProtomanVGC forfeited.\n|\n|win|xPenguinTest\n|raw|xPenguinTest's rating: 1416 → 1434<\/strong> (+18 for winning)\n|raw|ProtomanVGC's rating: 1376 → 1358<\/strong> (-18 for losing)\n|l|\u2606ProtomanVGC\n","uploadtime":1684159500,"views":10,"p1id":"xpenguintest","p2id":"protomanvgc","formatid":"gen9vgc2023regulationc","rating":1358,"private":0,"password":""}