{"id":"gen9vgc2023regulationc-1848152249","p1":"HildaisViscous","p2":"ayuntamientoo","format":"[Gen 9] VGC 2023 Regulation C","log":"|j|\u203dHildaisViscous\n|j|\u2606ayuntamientoo\n|t:|1682035843\n|gametype|doubles\n|player|p1|HildaisViscous|hilda-wonderlauncher|1099\n|player|p2|ayuntamientoo|265|1196\n|teamsize|p1|6\n|teamsize|p2|6\n|gen|9\n|tier|[Gen 9] VGC 2023 Regulation C\n|rated|\n|rule|Species Clause: Limit one of each Pok\u00e9mon\n|rule|Item Clause: Limit one of each item\n|clearpoke\n|poke|p1|Garchomp, L50, F|\n|poke|p1|Salamence, L50, F|\n|poke|p1|Revavroom, L50, M|\n|poke|p1|Gyarados, L50, F|\n|poke|p1|Iron Valiant, L50|\n|poke|p1|Tinkaton, L50, F|\n|poke|p2|Slowbro, L50, M|\n|poke|p2|Umbreon, L50, M|\n|poke|p2|Iron Hands, L50|\n|poke|p2|Magnezone, L50|\n|poke|p2|Tyranitar, L50, M|\n|poke|p2|Scizor, L50, F|\n|teampreview|4\n|\n|t:|1682035881\n|start\n|switch|p1a: Garchomp|Garchomp, L50, F|100\/100\n|switch|p1b: Revavroom|Revavroom, L50, M|100\/100\n|switch|p2a: Scizor|Scizor, L50, F|100\/100\n|switch|p2b: Umbreon|Umbreon, L50, M|100\/100\n|turn|1\n|\n|t:|1682035899\n|move|p1a: Garchomp|Rock Slide|p2b: Umbreon|[spread] p2a,p2b\n|-damage|p2a: Scizor|79\/100\n|-damage|p2b: Umbreon|88\/100\n|move|p1b: Revavroom|Parting Shot|p2a: Scizor\n|-unboost|p2a: Scizor|atk|1\n|-unboost|p2a: Scizor|spa|1\n|\n|t:|1682035905\n|switch|p1b: Salamence|Salamence, L50, F|100\/100|[from] Parting Shot\n|-ability|p1b: Salamence|Intimidate|boost\n|-unboost|p2a: Scizor|atk|1\n|-fail|p2b: Umbreon|unboost|Attack|[from] ability: Inner Focus|[of] p2b: Umbreon\n|cant|p2a: Scizor|flinch\n|move|p2b: Umbreon|Yawn|p1a: Garchomp\n|-start|p1a: Garchomp|move: Yawn|[of] p2b: Umbreon\n|\n|-heal|p2b: Umbreon|94\/100|[from] item: Leftovers\n|upkeep\n|turn|2\n|\n|t:|1682035927\n|switch|p1a: Iron Valiant|Iron Valiant, L50|100\/100\n|-enditem|p1a: Iron Valiant|Booster Energy\n|-activate|p1a: Iron Valiant|ability: Quark Drive|[fromitem]\n|-start|p1a: Iron Valiant|quarkdrivespe\n|move|p1b: Salamence|Rock Slide|p2b: Umbreon|[spread] p2a\n|-miss|p1b: Salamence|p2b: Umbreon\n|-damage|p2a: Scizor|57\/100\n|move|p2b: Umbreon|Yawn|p1b: Salamence\n|-start|p1b: Salamence|move: Yawn|[of] p2b: Umbreon\n|move|p2a: Scizor|Tailwind|p2a: Scizor\n|-sidestart|p2: ayuntamientoo|move: Tailwind\n|\n|-heal|p2b: Umbreon|99\/100|[from] item: Leftovers\n|upkeep\n|turn|3\n|\n|t:|1682035948\n|move|p2a: Scizor|Bullet Punch|p1a: Iron Valiant\n|-supereffective|p1a: Iron Valiant\n|-damage|p1a: Iron Valiant|56\/100\n|move|p1a: Iron Valiant|Moonblast|p2b: Umbreon\n|-supereffective|p2b: Umbreon\n|-damage|p2b: Umbreon|31\/100\n|-unboost|p2b: Umbreon|spa|1\n|move|p2b: Umbreon|Foul Play|p1b: Salamence\n|-damage|p1b: Salamence|25\/100\n|move|p1b: Salamence|Draco Meteor|p2b: Umbreon|[miss]\n|-miss|p1b: Salamence|p2b: Umbreon\n|\n|-heal|p2b: Umbreon|37\/100|[from] item: Leftovers\n|-end|p1b: Salamence|move: Yawn|[silent]\n|-status|p1b: Salamence|slp\n|-enditem|p1b: Salamence|Lum Berry|[eat]\n|-curestatus|p1b: Salamence|slp|[msg]\n|upkeep\n|turn|4\n|\n|t:|1682035983\n|-terastallize|p1a: Iron Valiant|Fire\n|-terastallize|p2b: Umbreon|Poison\n|move|p1a: Iron Valiant|Tera Blast|p2a: Scizor\n|-supereffective|p2a: Scizor\n|-damage|p2a: Scizor|0 fnt\n|faint|p2a: Scizor\n|move|p2b: Umbreon|Wish|p2b: Umbreon\n|move|p1b: Salamence|Draco Meteor|p2b: Umbreon\n|-damage|p2b: Umbreon|1\/100\n|-unboost|p1b: Salamence|spa|2\n|\n|-heal|p2b: Umbreon|7\/100|[from] item: Leftovers\n|upkeep\n|\n|t:|1682035997\n|switch|p2a: Tyranitar|Tyranitar, L50, M|100\/100\n|-weather|Sandstorm|[from] ability: Sand Stream|[of] p2a: Tyranitar\n|turn|5\n|\n|t:|1682036005\n|move|p1a: Iron Valiant|Protect|p1a: Iron Valiant\n|-singleturn|p1a: Iron Valiant|Protect\n|move|p2b: Umbreon|Protect|p2b: Umbreon\n|-singleturn|p2b: Umbreon|Protect\n|move|p2a: Tyranitar|Rock Slide|p1b: Salamence|[spread] p1b\n|-activate|p1a: Iron Valiant|move: Protect\n|-supereffective|p1b: Salamence\n|-damage|p1b: Salamence|0 fnt\n|faint|p1b: Salamence\n|\n|-weather|Sandstorm|[upkeep]\n|-damage|p1a: Iron Valiant|50\/100|[from] Sandstorm\n|-damage|p2b: Umbreon|1\/100|[from] Sandstorm\n|-heal|p2b: Umbreon|51\/100|[from] move: Wish|[wisher] Umbreon\n|-heal|p2b: Umbreon|57\/100|[from] item: Leftovers\n|-sideend|p2: ayuntamientoo|move: Tailwind\n|upkeep\n|\n|t:|1682036021\n|switch|p1b: Garchomp|Garchomp, L50, F|100\/100\n|turn|6\n|\n|t:|1682036034\n|move|p1a: Iron Valiant|Moonblast|p2a: Tyranitar\n|-supereffective|p2a: Tyranitar\n|-damage|p2a: Tyranitar|47\/100\n|-enditem|p2a: Tyranitar|Weakness Policy\n|-boost|p2a: Tyranitar|atk|2|[from] item: Weakness Policy\n|-boost|p2a: Tyranitar|spa|2|[from] item: Weakness Policy\n|move|p1b: Garchomp|Earthquake|p2a: Tyranitar|[spread] p1a,p2a,p2b\n|-supereffective|p1a: Iron Valiant\n|-supereffective|p2a: Tyranitar\n|-supereffective|p2b: Umbreon\n|-crit|p2b: Umbreon\n|-damage|p1a: Iron Valiant|0 fnt\n|-damage|p2a: Tyranitar|0 fnt\n|-damage|p2b: Umbreon|0 fnt\n|faint|p1a: Iron Valiant\n|-end|p1a: Iron Valiant|Quark Drive|[silent]\n|faint|p2a: Tyranitar\n|faint|p2b: Umbreon\n|\n|-weather|Sandstorm|[upkeep]\n|upkeep\n|\n|t:|1682036049\n|switch|p1a: Revavroom|Revavroom, L50, M|100\/100\n|switch|p2a: Magnezone|Magnezone, L50|100\/100\n|turn|7\n|\n|t:|1682036062\n|move|p1b: Garchomp|Earthquake|p2a: Magnezone|[spread] p1a,p2a\n|-supereffective|p1a: Revavroom\n|-supereffective|p2a: Magnezone\n|-damage|p1a: Revavroom|0 fnt\n|-ability|p2a: Magnezone|Sturdy\n|-damage|p2a: Magnezone|1\/100\n|faint|p1a: Revavroom\n|move|p2a: Magnezone|Flash Cannon|p1b: Garchomp\n|-damage|p1b: Garchomp|32\/100\n|-damage|p2a: Magnezone|0 fnt|[from] item: Life Orb\n|faint|p2a: Magnezone\n|\n|win|HildaisViscous\n|raw|HildaisViscous's rating: 1099 → 1131<\/strong> (+32 for winning)\n|raw|ayuntamientoo's rating: 1196 → 1164<\/strong> (-32 for losing)\n|l|\u2606ayuntamientoo\n","uploadtime":1682036090,"views":4,"p1id":"hildaisviscous","p2id":"ayuntamientoo","formatid":"gen9vgc2023regulationc","rating":1131,"private":0,"password":""}