{"id":"gen9vgc2023regulationc-1846708504","p1":"dekukraken","p2":"DorkNova","format":"[Gen 9] VGC 2023 Regulation C","log":"|j|\u2606dekukraken\n|j|\u2606DorkNova\n|t:|1681868471\n|gametype|doubles\n|player|p1|dekukraken|burglar|\n|player|p2|DorkNova|cynthia|\n|teamsize|p1|6\n|teamsize|p2|6\n|gen|9\n|tier|[Gen 9] VGC 2023 Regulation C\n|rule|Species Clause: Limit one of each Pok\u00e9mon\n|rule|Item Clause: Limit one of each item\n|clearpoke\n|poke|p1|Glimmora, L50, M|\n|poke|p1|Iron Bundle, L50|\n|poke|p1|Dondozo, L50, M|\n|poke|p1|Dragonite, L50, M|\n|poke|p1|Tatsugiri-Droopy, L50, M|\n|poke|p1|Chi-Yu, L50|\n|poke|p2|Goodra, L50, F|\n|poke|p2|Scizor, L50, M|\n|poke|p2|Wo-Chien, L50|\n|poke|p2|Ceruledge, L50, F|\n|poke|p2|Rotom-Wash, L50|\n|poke|p2|Glimmora, L50, F|\n|teampreview|4\ndekukraken has agreed to open team sheets.\nDorkNova has agreed to open team sheets.\n|\n|t:|1681868565\n|start\n|switch|p1a: Iron Bundle|Iron Bundle, L50, shiny|100\/100\n|switch|p1b: Chi-Yu|Chi-Yu, L50|100\/100\n|switch|p2a: Glimmora|Glimmora, L50, F|100\/100\n|switch|p2b: Rotom|Rotom-Wash, L50|100\/100\n|-ability|p1b: Chi-Yu|Beads of Ruin\n|-enditem|p1a: Iron Bundle|Booster Energy\n|-activate|p1a: Iron Bundle|ability: Quark Drive|[fromitem]\n|-start|p1a: Iron Bundle|quarkdrivespe\n|turn|1\n|\n|t:|1681868608\n|-terastallize|p2b: Rotom|Fire\n|move|p1a: Iron Bundle|Protect|p1a: Iron Bundle\n|-singleturn|p1a: Iron Bundle|Protect\n|move|p1b: Chi-Yu|Protect|p1b: Chi-Yu\n|-singleturn|p1b: Chi-Yu|Protect\n|move|p2b: Rotom|Thunderbolt|p1a: Iron Bundle\n|-activate|p1a: Iron Bundle|move: Protect\n|move|p2a: Glimmora|Power Gem|p1b: Chi-Yu\n|-activate|p1b: Chi-Yu|move: Protect\n|\n|upkeep\n|turn|2\n|\n|t:|1681868651\n|switch|p1b: Dondozo|Dondozo, L50, M|100\/100\n|move|p1a: Iron Bundle|Hydro Pump|p2b: Rotom\n|-supereffective|p2b: Rotom\n|-damage|p2b: Rotom|0 fnt\n|faint|p2b: Rotom\n|move|p2a: Glimmora|Power Gem|p1b: Dondozo\n|-damage|p1b: Dondozo|60\/100\n|\n|-heal|p1b: Dondozo|66\/100|[from] item: Leftovers\n|upkeep\n|\n|t:|1681868661\n|switch|p2b: Wo-Chien|Wo-Chien, L50|100\/100\n|-ability|p2b: Wo-Chien|Tablets of Ruin\n|turn|3\n|\n|t:|1681868706\n|move|p1a: Iron Bundle|Protect|p1a: Iron Bundle\n|-singleturn|p1a: Iron Bundle|Protect\n|move|p1b: Dondozo|Protect|p1b: Dondozo\n|-singleturn|p1b: Dondozo|Protect\n|move|p2a: Glimmora|Mortal Spin|p1a: Iron Bundle|[spread] \n|-activate|p1a: Iron Bundle|move: Protect\n|-activate|p1b: Dondozo|move: Protect\n|move|p2b: Wo-Chien|Leech Seed|p1a: Iron Bundle\n|-activate|p1a: Iron Bundle|move: Protect\n|\n|-heal|p1b: Dondozo|73\/100|[from] item: Leftovers\n|upkeep\n|turn|4\n|\n|t:|1681868761\n|-terastallize|p1b: Dondozo|Grass\n|move|p1a: Iron Bundle|Freeze-Dry|p2b: Wo-Chien\n|-supereffective|p2b: Wo-Chien\n|-damage|p2b: Wo-Chien|54\/100\n|move|p2a: Glimmora|Mortal Spin|p1b: Dondozo|[spread] p1a,p1b\n|-supereffective|p1b: Dondozo\n|-damage|p1a: Iron Bundle|96\/100\n|-damage|p1b: Dondozo|67\/100\n|-status|p1a: Iron Bundle|psn\n|-status|p1b: Dondozo|psn\n|move|p2b: Wo-Chien|Leech Seed|p1a: Iron Bundle\n|-start|p1a: Iron Bundle|move: Leech Seed\n|move|p1b: Dondozo|Earthquake|p2b: Wo-Chien|[spread] p1a,p2a,p2b\n|-supereffective|p2a: Glimmora\n|-crit|p2a: Glimmora\n|-resisted|p2b: Wo-Chien\n|-damage|p1a: Iron Bundle|75\/100 psn\n|-enditem|p2a: Glimmora|Focus Sash\n|-damage|p2a: Glimmora|1\/100\n|-damage|p2b: Wo-Chien|48\/100\n|-activate|p2a: Glimmora|ability: Toxic Debris\n|-sidestart|p1: dekukraken|move: Toxic Spikes\n|\n|-heal|p2b: Wo-Chien|55\/100|[from] item: Leftovers\n|-heal|p1b: Dondozo|74\/100 psn|[from] item: Leftovers\n|-damage|p1a: Iron Bundle|63\/100 psn|[from] Leech Seed|[of] p2b: Wo-Chien\n|-heal|p2b: Wo-Chien|63\/100|[silent]\n|-damage|p1a: Iron Bundle|51\/100 psn|[from] psn\n|-damage|p1b: Dondozo|61\/100 psn|[from] psn\n|upkeep\n|turn|5\n|\n|t:|1681868796\n|move|p2b: Wo-Chien|Protect|p2b: Wo-Chien\n|-singleturn|p2b: Wo-Chien|Protect\n|move|p1a: Iron Bundle|Freeze-Dry|p2b: Wo-Chien\n|-activate|p2b: Wo-Chien|move: Protect\n|move|p2a: Glimmora|Power Gem|p1a: Iron Bundle\n|-supereffective|p1a: Iron Bundle\n|-damage|p1a: Iron Bundle|0 fnt\n|faint|p1a: Iron Bundle\n|-end|p1a: Iron Bundle|Quark Drive|[silent]\n|move|p1b: Dondozo|Earthquake|p2b: Wo-Chien|[spread] p2a\n|-activate|p2b: Wo-Chien|move: Protect\n|-supereffective|p2a: Glimmora\n|-damage|p2a: Glimmora|0 fnt\n|-activate|p2a: Glimmora|ability: Toxic Debris\n|-sidestart|p1: dekukraken|move: Toxic Spikes\n|faint|p2a: Glimmora\n|\n|-heal|p2b: Wo-Chien|69\/100|[from] item: Leftovers\n|-heal|p1b: Dondozo|67\/100 psn|[from] item: Leftovers\n|-damage|p1b: Dondozo|55\/100 psn|[from] psn\n|upkeep\n|\n|t:|1681868822\n|switch|p1a: Chi-Yu|Chi-Yu, L50|100\/100\n|switch|p2a: Goodra|Goodra, L50, F|100\/100\n|-status|p1a: Chi-Yu|tox\n|-ability|p1a: Chi-Yu|Beads of Ruin\n|turn|6\n|\n|t:|1681868854\n|move|p2b: Wo-Chien|Protect||[still]\n|-fail|p2b: Wo-Chien\n|move|p1a: Chi-Yu|Overheat|p2b: Wo-Chien\n|-supereffective|p2b: Wo-Chien\n|-damage|p2b: Wo-Chien|0 fnt\n|-unboost|p1a: Chi-Yu|spa|2\n|faint|p2b: Wo-Chien\n|move|p2a: Goodra|Sludge Bomb|p1a: Chi-Yu\n|-damage|p1a: Chi-Yu|71\/100 tox\n|move|p1b: Dondozo|Wave Crash|p2a: Goodra\n|-resisted|p2a: Goodra\n|-damage|p2a: Goodra|79\/100\n|-damage|p1b: Dondozo|49\/100 psn|[from] Recoil\n|\n|-heal|p1b: Dondozo|55\/100 psn|[from] item: Leftovers\n|-damage|p1a: Chi-Yu|65\/100 tox|[from] psn\n|-damage|p1b: Dondozo|43\/100 psn|[from] psn\n|upkeep\n|turn|7\n|\n|t:|1681868875\n|switch|p1a: Tatsugiri|Tatsugiri-Droopy, L50, M, shiny|100\/100\n|-activate|p1a: Tatsugiri|ability: Commander|[of] p1b: Dondozo\n|-boost|p1b: Dondozo|atk|2\n|-boost|p1b: Dondozo|spa|2\n|-boost|p1b: Dondozo|spe|2\n|-boost|p1b: Dondozo|def|2\n|-boost|p1b: Dondozo|spd|2\n|move|p1b: Dondozo|Earthquake|p2a: Goodra|[spread] p2a\n|-miss|p1b: Dondozo|p1a: Tatsugiri\n|-damage|p2a: Goodra|41\/100\n|move|p2a: Goodra|Draco Meteor|p1a: Tatsugiri|[miss]\n|-miss|p2a: Goodra|p1a: Tatsugiri\n|\n|-heal|p1b: Dondozo|49\/100 psn|[from] item: Leftovers\n|-damage|p1b: Dondozo|36\/100 psn|[from] psn\n|upkeep\n|turn|8\n|\n|t:|1681868894\n|move|p1b: Dondozo|Earthquake|p2a: Goodra|[spread] p2a\n|-miss|p1b: Dondozo|p1a: Tatsugiri\n|-damage|p2a: Goodra|3\/100\n|move|p2a: Goodra|Counter|p1b: Dondozo\n|-damage|p1b: Dondozo|0 fnt\n|faint|p1b: Dondozo\n|\n|upkeep\n|\n|t:|1681868898\n|switch|p1b: Chi-Yu|Chi-Yu, L50|65\/100 tox\n|-ability|p1b: Chi-Yu|Beads of Ruin\n|turn|9\n|\n|t:|1681868907\n|move|p1a: Tatsugiri|Draco Meteor|p2a: Goodra\n|-supereffective|p2a: Goodra\n|-damage|p2a: Goodra|0 fnt\n|-unboost|p1a: Tatsugiri|spa|2\n|faint|p2a: Goodra\n|\n|win|dekukraken\n|c|\u2606dekukraken|gg\n","uploadtime":1681868919,"views":15,"p1id":"dekukraken","p2id":"dorknova","formatid":"gen9vgc2023regulationc","rating":0,"private":0,"password":""}