{"id":"gen9vgc2023regulationc-1852896967","p1":"Malaro","p2":"jeffman323","format":"[Gen 9] VGC 2023 Regulation C","log":"|j|\u2606Malaro\n|j|\u2606jeffman323\n|t:|1682615446\n|gametype|doubles\n|player|p1|Malaro|266|1543\n|player|p2|jeffman323|steven|1645\n|teamsize|p1|6\n|teamsize|p2|6\n|gen|9\n|tier|[Gen 9] VGC 2023 Regulation C\n|rated|\n|rule|Species Clause: Limit one of each Pok\u00e9mon\n|rule|Item Clause: Limit one of each item\n|clearpoke\n|poke|p1|Gastrodon-East, L50, M|\n|poke|p1|Flutter Mane, L50|\n|poke|p1|Annihilape, L50, M|\n|poke|p1|Chi-Yu, L50|\n|poke|p1|Grimmsnarl, L50, M|\n|poke|p1|Gyarados, L50, F|\n|poke|p2|Hatterene, L50, F|\n|poke|p2|Azumarill, L50, F|\n|poke|p2|Brute Bonnet, L50|\n|poke|p2|Kingambit, L50, F|\n|poke|p2|Iron Hands, L50|\n|poke|p2|Stantler, L50, F|\n|teampreview|4\n|inactive|Battle timer is ON: inactive players will automatically lose when time's up. (requested by Malaro)\njeffman323 has agreed to open team sheets.\nMalaro has agreed to open team sheets.\n|inactive|Malaro has 60 seconds left.\n|inactive|jeffman323 has 60 seconds left.\n|j| Conquistatore\n|\n|t:|1682615500\n|start\n|switch|p1a: Chi-Yu|Chi-Yu, L50|100\/100\n|switch|p1b: Flutter Mane|Flutter Mane, L50|100\/100\n|switch|p2a: Iron Hands|Iron Hands, L50|100\/100\n|switch|p2b: Azumarill|Azumarill, L50, F|100\/100\n|-ability|p1a: Chi-Yu|Beads of Ruin\n|turn|1\n|inactive|Malaro has 30 seconds left.\n|inactive|Malaro has 20 seconds left.\n|\n|t:|1682615536\n|switch|p1a: Annihilape|Annihilape, L50, M|100\/100\n|-terastallize|p1b: Flutter Mane|Fairy\n|move|p2a: Iron Hands|Fake Out|p1a: Annihilape\n|-immune|p1a: Annihilape\n|move|p1b: Flutter Mane|Dazzling Gleam|p2a: Iron Hands|[spread] p2a,p2b\n|-supereffective|p2a: Iron Hands\n|-damage|p2a: Iron Hands|51\/100\n|-damage|p2b: Azumarill|52\/100\n|move|p2b: Azumarill|Play Rough|p1a: Annihilape\n|-supereffective|p1a: Annihilape\n|-damage|p1a: Annihilape|10\/100\n|\n|-heal|p1a: Annihilape|16\/100|[from] item: Leftovers\n|upkeep\n|turn|2\n|inactive|jeffman323 has 30 seconds left.\n|inactive|jeffman323 has 20 seconds left.\n|inactive|jeffman323 has 15 seconds left.\n|\n|t:|1682615576\n|switch|p1a: Chi-Yu|Chi-Yu, L50|100\/100\n|-ability|p1a: Chi-Yu|Beads of Ruin\n|move|p2b: Azumarill|Aqua Jet|p1b: Flutter Mane\n|-damage|p1b: Flutter Mane|48\/100\n|move|p1b: Flutter Mane|Dazzling Gleam|p2b: Azumarill|[spread] p2a,p2b\n|-supereffective|p2a: Iron Hands\n|-damage|p2a: Iron Hands|0 fnt\n|-damage|p2b: Azumarill|0 fnt\n|faint|p2a: Iron Hands\n|-end|p2a: Iron Hands|Quark Drive|[silent]\n|faint|p2b: Azumarill\n|\n|upkeep\n|\n|t:|1682615586\n|switch|p2a: Hatterene|Hatterene, L50, F|100\/100\n|switch|p2b: Brute Bonnet|Brute Bonnet, L50|100\/100\n|turn|3\n|\n|t:|1682615600\n|-terastallize|p2b: Brute Bonnet|Fire\n|move|p1a: Chi-Yu|Heat Wave|p2a: Hatterene|[spread] p2b\n|-miss|p1a: Chi-Yu|p2a: Hatterene\n|-resisted|p2b: Brute Bonnet\n|-damage|p2b: Brute Bonnet|78\/100\n|move|p1b: Flutter Mane|Perish Song|p1b: Flutter Mane\n|-start|p1a: Chi-Yu|perish3|[silent]\n|-start|p1b: Flutter Mane|perish3|[silent]\n|-start|p2a: Hatterene|perish3|[silent]\n|-start|p2b: Brute Bonnet|perish3|[silent]\n|-fieldactivate|move: Perish Song\n|move|p2b: Brute Bonnet|Spore|p1a: Chi-Yu\n|-status|p1a: Chi-Yu|slp|[from] move: Spore\n|move|p2a: Hatterene|Trick Room|p2a: Hatterene\n|-fieldstart|move: Trick Room|[of] p2a: Hatterene\n|\n|-start|p2a: Hatterene|perish3\n|-start|p2b: Brute Bonnet|perish3\n|-start|p1b: Flutter Mane|perish3\n|-start|p1a: Chi-Yu|perish3\n|upkeep\n|turn|4\n|\n|t:|1682615616\n|move|p1b: Flutter Mane|Protect|p1b: Flutter Mane\n|-singleturn|p1b: Flutter Mane|Protect\n|move|p2a: Hatterene|Dazzling Gleam|p1b: Flutter Mane|[spread] p1a\n|-activate|p1b: Flutter Mane|move: Protect\n|-damage|p1a: Chi-Yu|62\/100 slp\n|move|p2b: Brute Bonnet|Bullet Seed|p1a: Chi-Yu\n|-resisted|p1a: Chi-Yu\n|-damage|p1a: Chi-Yu|52\/100 slp\n|-resisted|p1a: Chi-Yu\n|-damage|p1a: Chi-Yu|41\/100 slp\n|-resisted|p1a: Chi-Yu\n|-damage|p1a: Chi-Yu|31\/100 slp\n|-resisted|p1a: Chi-Yu\n|-damage|p1a: Chi-Yu|21\/100 slp\n|-hitcount|p1a: Chi-Yu|4\n|cant|p1a: Chi-Yu|slp\n|\n|-start|p2a: Hatterene|perish2\n|-start|p2b: Brute Bonnet|perish2\n|-start|p1b: Flutter Mane|perish2\n|-start|p1a: Chi-Yu|perish2\n|upkeep\n|turn|5\n|j| Withoutexcuse\n|j| Jolly Gholdengo\n|inactive|Malaro has 30 seconds left.\n|\n|t:|1682615647\n|move|p2a: Hatterene|Dazzling Gleam|p1a: Chi-Yu|[spread] p1a,p1b\n|-damage|p1a: Chi-Yu|0 fnt\n|-damage|p1b: Flutter Mane|1\/100\n|faint|p1a: Chi-Yu\n|move|p2b: Brute Bonnet|Bullet Seed|p1b: Flutter Mane\n|-damage|p1b: Flutter Mane|0 fnt\n|faint|p1b: Flutter Mane\n|-end|p1b: Flutter Mane|Protosynthesis|[silent]\n|-hitcount|p1: Flutter Mane|1\n|\n|-start|p2a: Hatterene|perish1\n|-start|p2b: Brute Bonnet|perish1\n|upkeep\n|\n|t:|1682615657\n|switch|p1a: Annihilape|Annihilape, L50, M|16\/100\n|switch|p1b: Grimmsnarl|Grimmsnarl, L50, M|100\/100\n|turn|6\n|\n|t:|1682615670\n|move|p1a: Annihilape|Protect|p1a: Annihilape\n|-singleturn|p1a: Annihilape|Protect\n|move|p1b: Grimmsnarl|Light Screen|p1b: Grimmsnarl\n|-sidestart|p1: Malaro|move: Light Screen\n|move|p2a: Hatterene|Dazzling Gleam|p1b: Grimmsnarl|[spread] p1b\n|-activate|p1a: Annihilape|move: Protect\n|-supereffective|p1b: Grimmsnarl\n|-damage|p1b: Grimmsnarl|49\/100\n|move|p2b: Brute Bonnet|Bullet Seed|p1b: Grimmsnarl\n|-damage|p1b: Grimmsnarl|35\/100\n|-damage|p1b: Grimmsnarl|22\/100\n|-damage|p1b: Grimmsnarl|9\/100\n|-damage|p1b: Grimmsnarl|0 fnt\n|faint|p1b: Grimmsnarl\n|-hitcount|p1: Grimmsnarl|4\n|\n|-heal|p1a: Annihilape|22\/100|[from] item: Leftovers\n|-start|p2a: Hatterene|perish0\n|-start|p2b: Brute Bonnet|perish0\n|faint|p2a: Hatterene\n|faint|p2b: Brute Bonnet\n|-end|p2b: Brute Bonnet|Protosynthesis|[silent]\n|\n|win|Malaro\n|upkeep\n|raw|Malaro's rating: 1543 → 1569<\/strong> (+26 for winning)\n|raw|jeffman323's rating: 1645 → 1619<\/strong> (-26 for losing)\n|c|\u2606Malaro|gg\n","uploadtime":1682615672,"views":6,"p1id":"malaro","p2id":"jeffman323","formatid":"gen9vgc2023regulationc","rating":1569,"private":0,"password":""}