{"id":"gen9vgc2023regulationc-1852892662","p1":"bleldigs","p2":"fairynanbawan","format":"[Gen 9] VGC 2023 Regulation C","log":"|j|\u2606bleldigs\n|j|\u2606fairynanbawan\n|t:|1682615087\n|gametype|doubles\n|player|p1|bleldigs|buck|1642\n|player|p2|fairynanbawan|skierf|1528\n|teamsize|p1|6\n|teamsize|p2|6\n|gen|9\n|tier|[Gen 9] VGC 2023 Regulation C\n|rated|\n|rule|Species Clause: Limit one of each Pok\u00e9mon\n|rule|Item Clause: Limit one of each item\n|clearpoke\n|poke|p1|Palafin, L50, F|\n|poke|p1|Arcanine, L50, M|\n|poke|p1|Amoonguss, L50, F|\n|poke|p1|Flutter Mane, L50|\n|poke|p1|Baxcalibur, L50, M|\n|poke|p1|Ting-Lu, L50|\n|poke|p2|Dachsbun, L50, M|\n|poke|p2|Chi-Yu, L50|\n|poke|p2|Flutter Mane, L50|\n|poke|p2|Gyarados, L50, F|\n|poke|p2|Amoonguss, L50, F|\n|poke|p2|Ting-Lu, L50|\n|teampreview|4\nbleldigs has agreed to open team sheets.\n|j| sasavegeta\n|j| tarikgoesinsane\n|j| Withoutexcuse\n|\n|t:|1682615140\n|start\n|switch|p1a: Baxcalibur|Baxcalibur, L50, M|100\/100\n|switch|p1b: Ting-Lu|Ting-Lu, L50|100\/100\n|switch|p2a: AirBud|Gyarados, L50, F|100\/100\n|switch|p2b: Pugsley|Amoonguss, L50, F|100\/100\n|-ability|p2a: AirBud|Intimidate|boost\n|-fail|p1a: Baxcalibur|unboost|[from] item: Clear Amulet|[of] p1a: Baxcalibur\n|-unboost|p1b: Ting-Lu|atk|1\n|-ability|p1b: Ting-Lu|Vessel of Ruin\n|turn|1\n|j| Debauchery\n|l| Debauchery\n|\n|t:|1682615169\n|switch|p1a: Arcanine|Arcanine, L50, M|100\/100\n|-ability|p1a: Arcanine|Intimidate|boost\n|-unboost|p2a: AirBud|atk|1\n|-unboost|p2b: Pugsley|atk|1\n|-terastallize|p2b: Pugsley|Water\n|move|p2a: AirBud|Iron Head|p1a: Arcanine\n|-resisted|p1a: Arcanine\n|-damage|p1a: Arcanine|90\/100\n|move|p1b: Ting-Lu|Sand Tomb|p2b: Pugsley\n|-damage|p2b: Pugsley|92\/100\n|-activate|p2b: Pugsley|move: Sand Tomb|[of] p1b: Ting-Lu\n|move|p2b: Pugsley|Spore|p1a: Arcanine\n|-activate|p1a: Arcanine|item: Safety Goggles|Spore\n|\n|-damage|p2b: Pugsley|80\/100|[from] move: Sand Tomb|[partiallytrapped]\n|upkeep\n|turn|2\n|\n|t:|1682615196\n|switch|p1b: Amoonguss|Amoonguss, L50, F, shiny|100\/100\n|move|p1a: Arcanine|Will-O-Wisp|p2a: AirBud\n|-status|p2a: AirBud|brn\n|-enditem|p2a: AirBud|Lum Berry|[eat]\n|-curestatus|p2a: AirBud|brn|[msg]\n|move|p2a: AirBud|Taunt|p1a: Arcanine\n|-start|p1a: Arcanine|move: Taunt\n|move|p2b: Pugsley|Spore|p1b: Amoonguss\n|-immune|p1b: Amoonguss\n|\n|-end|p2b: Pugsley|Sand Tomb|[partiallytrapped]|[silent]\n|upkeep\n|turn|3\n|\n|t:|1682615230\n|switch|p1a: Baxcalibur|Baxcalibur, L50, M|100\/100\n|switch|p2b: Hotdog|Chi-Yu, L50|100\/100\n|-ability|p2b: Hotdog|Beads of Ruin\n|move|p2a: AirBud|Taunt|p1b: Amoonguss\n|-start|p1b: Amoonguss|move: Taunt\n|move|p1b: Amoonguss|Pollen Puff|p1a: Baxcalibur\n|-immune|p1a: Baxcalibur\n|\n|upkeep\n|turn|4\n|\n|t:|1682615260\n|switch|p2a: Laika|Dachsbun, L50, M|100\/100\n|switch|p1b: Arcanine|Arcanine, L50, M|90\/100\n|-ability|p1b: Arcanine|Intimidate|boost\n|-unboost|p2a: Laika|atk|1\n|-unboost|p2b: Hotdog|atk|1\n|move|p2b: Hotdog|Lava Plume|p1b: Arcanine|[spread] p1a,p1b\n|-ability|p2a: Laika|Well-Baked Body|boost\n|-boost|p2a: Laika|def|2\n|-resisted|p1b: Arcanine\n|-damage|p1a: Baxcalibur|58\/100\n|-damage|p1b: Arcanine|69\/100\n|-ability|p1a: Baxcalibur|Thermal Exchange|boost\n|-boost|p1a: Baxcalibur|atk|1\n|move|p1a: Baxcalibur|Glaive Rush|p2b: Hotdog\n|-damage|p2b: Hotdog|0 fnt\n|-singlemove|p1a: Baxcalibur|Glaive Rush|[silent]\n|faint|p2b: Hotdog\n|\n|upkeep\n|\n|t:|1682615268\n|switch|p2b: AirBud|Gyarados, L50, F|100\/100\n|-ability|p2b: AirBud|Intimidate|boost\n|-fail|p1a: Baxcalibur|unboost|[from] item: Clear Amulet|[of] p1a: Baxcalibur\n|-unboost|p1b: Arcanine|atk|1\n|turn|5\n|\n|t:|1682615298\n|move|p2b: AirBud|Protect|p2b: AirBud\n|-singleturn|p2b: AirBud|Protect\n|move|p1a: Baxcalibur|Protect|p1a: Baxcalibur\n|-singleturn|p1a: Baxcalibur|Protect\n|move|p1b: Arcanine|Will-O-Wisp|p2b: AirBud\n|-activate|p2b: AirBud|move: Protect\n|move|p2a: Laika|Yawn|p1b: Arcanine\n|-start|p1b: Arcanine|move: Yawn|[of] p2a: Laika\n|\n|upkeep\n|turn|6\n|j| yyiioottaa\n|\n|t:|1682615320\n|switch|p2b: Pugsley|Amoonguss, L50, F, tera:Water|100\/100\n|switch|p1a: Amoonguss|Amoonguss, L50, F, shiny|100\/100\n|move|p1b: Arcanine|Will-O-Wisp|p2b: Pugsley\n|-status|p2b: Pugsley|brn\n|move|p2a: Laika|Body Press|p1a: Amoonguss\n|-resisted|p1a: Amoonguss\n|-damage|p1a: Amoonguss|85\/100\n|\n|-damage|p2b: Pugsley|95\/100 brn|[from] brn\n|-end|p1b: Arcanine|move: Yawn|[silent]\n|-status|p1b: Arcanine|slp\n|upkeep\n|turn|7\n|\n|t:|1682615348\n|cant|p1b: Arcanine|slp\n|move|p2a: Laika|Body Press|p1b: Arcanine\n|-damage|p1b: Arcanine|21\/100 slp\n|move|p1a: Amoonguss|Pollen Puff|p1b: Arcanine\n|-heal|p1b: Arcanine|71\/100 slp\n|move|p2b: Pugsley|Clear Smog|p1b: Arcanine\n|-damage|p1b: Arcanine|54\/100 slp\n|-clearboost|p1b: Arcanine\n|\n|-damage|p2b: Pugsley|89\/100 brn|[from] brn\n|upkeep\n|turn|8\n|\n|t:|1682615377\n|switch|p2b: AirBud|Gyarados, L50, F|100\/100\n|-ability|p2b: AirBud|Intimidate|boost\n|-unboost|p1a: Amoonguss|atk|1\n|-unboost|p1b: Arcanine|atk|1\n|-curestatus|p1b: Arcanine|slp|[msg]\n|move|p1b: Arcanine|Extreme Speed|p2b: AirBud\n|-damage|p2b: AirBud|84\/100\n|move|p2a: Laika|Body Press|p1b: Arcanine\n|-damage|p1b: Arcanine|9\/100\n|move|p1a: Amoonguss|Clear Smog|p2a: Laika\n|-supereffective|p2a: Laika\n|-crit|p2a: Laika\n|-damage|p2a: Laika|59\/100\n|-clearboost|p2a: Laika\n|\n|upkeep\n|turn|9\n|\n|t:|1682615404\n|move|p2b: AirBud|Protect|p2b: AirBud\n|-singleturn|p2b: AirBud|Protect\n|move|p1b: Arcanine|Will-O-Wisp|p2b: AirBud\n|-activate|p2b: AirBud|move: Protect\n|move|p2a: Laika|Wish|p2a: Laika\n|move|p1a: Amoonguss|Spore|p2a: Laika\n|-activate|p2a: Laika|item: Safety Goggles|Spore\n|\n|upkeep\n|turn|10\n|\n|t:|1682615433\n|switch|p1b: Baxcalibur|Baxcalibur, L50, M|58\/100\n|switch|p2b: Pugsley|Amoonguss, L50, F, tera:Water|100\/100 brn\n|move|p2a: Laika|Body Press|p1b: Baxcalibur\n|-supereffective|p1b: Baxcalibur\n|-damage|p1b: Baxcalibur|21\/100\n|move|p1a: Amoonguss|Pollen Puff|p1b: Baxcalibur\n|-heal|p1b: Baxcalibur|71\/100\n|\n|-heal|p2a: Laika|100\/100|[from] move: Wish|[wisher] Laika\n|-damage|p2b: Pugsley|95\/100 brn|[from] brn\n|upkeep\n|turn|11\n|j| wrgedwa\n|\n|t:|1682615455\n|move|p2a: Laika|Protect|p2a: Laika\n|-singleturn|p2a: Laika|Protect\n|move|p1b: Baxcalibur|Icicle Crash|p2a: Laika\n|-activate|p2a: Laika|move: Protect\n|move|p1a: Amoonguss|Pollen Puff|p1b: Baxcalibur\n|-heal|p1b: Baxcalibur|100\/100\n|move|p2b: Pugsley|Spore|p1b: Baxcalibur\n|-status|p1b: Baxcalibur|slp|[from] move: Spore\n|\n|-damage|p2b: Pugsley|89\/100 brn|[from] brn\n|upkeep\n|turn|12\n|\n|t:|1682615483\n|move|p2a: Laika|Yawn|p1a: Amoonguss\n|-start|p1a: Amoonguss|move: Yawn|[of] p2a: Laika\n|cant|p1b: Baxcalibur|slp\n|move|p1a: Amoonguss|Spore||[still]\n|-fail|p1a: Amoonguss\n|move|p2b: Pugsley|Clear Smog|p1b: Baxcalibur\n|-crit|p1b: Baxcalibur\n|-damage|p1b: Baxcalibur|80\/100 slp\n|-clearboost|p1b: Baxcalibur\n|\n|-damage|p2b: Pugsley|83\/100 brn|[from] brn\n|upkeep\n|turn|13\n|j| Conquistatore\n|\n|t:|1682615511\n|switch|p1a: Arcanine|Arcanine, L50, M|9\/100\n|-ability|p1a: Arcanine|Intimidate|boost\n|-unboost|p2a: Laika|atk|1\n|-unboost|p2b: Pugsley|atk|1\n|move|p2a: Laika|Body Press|p1b: Baxcalibur\n|-supereffective|p1b: Baxcalibur\n|-crit|p1b: Baxcalibur\n|-damage|p1b: Baxcalibur|20\/100 slp\n|-curestatus|p1b: Baxcalibur|slp|[msg]\n|move|p1b: Baxcalibur|Glaive Rush|p2b: Pugsley\n|-damage|p2b: Pugsley|23\/100 brn\n|-singlemove|p1b: Baxcalibur|Glaive Rush|[silent]\n|-enditem|p2b: Pugsley|Sitrus Berry|[eat]\n|-heal|p2b: Pugsley|48\/100 brn|[from] item: Sitrus Berry\n|move|p2b: Pugsley|Clear Smog|p1a: Arcanine\n|-damage|p1a: Arcanine|0 fnt\n|-clearboost|p1a: Arcanine\n|faint|p1a: Arcanine\n|\n|-damage|p2b: Pugsley|42\/100 brn|[from] brn\n|upkeep\n|\n|t:|1682615535\n|switch|p1a: Amoonguss|Amoonguss, L50, F, shiny|100\/100\n|turn|14\n|\n|t:|1682615560\n|switch|p1b: Ting-Lu|Ting-Lu, L50|100\/100\n|-ability|p1b: Ting-Lu|Vessel of Ruin\n|switch|p2b: AirBud|Gyarados, L50, F|84\/100\n|-ability|p2b: AirBud|Intimidate|boost\n|-unboost|p1a: Amoonguss|atk|1\n|-unboost|p1b: Ting-Lu|atk|1\n|move|p2a: Laika|Body Press|p1b: Ting-Lu\n|-supereffective|p1b: Ting-Lu\n|-damage|p1b: Ting-Lu|80\/100\n|move|p1a: Amoonguss|Pollen Puff|p1b: Ting-Lu\n|-heal|p1b: Ting-Lu|100\/100\n|\n|upkeep\n|turn|15\n|\n|t:|1682615593\n|-terastallize|p1b: Ting-Lu|Water\n|move|p2b: AirBud|Taunt|p1a: Amoonguss\n|-start|p1a: Amoonguss|move: Taunt\n|move|p2a: Laika|Body Press|p1b: Ting-Lu\n|-damage|p1b: Ting-Lu|89\/100\n|move|p1b: Ting-Lu|Heavy Slam|p2a: Laika\n|-supereffective|p2a: Laika\n|-damage|p2a: Laika|63\/100\n|cant|p1a: Amoonguss|move: Taunt|Spore\n|\n|upkeep\n|turn|16\n|\n|t:|1682615618\n|switch|p2b: Pugsley|Amoonguss, L50, F, tera:Water|75\/100 brn\n|switch|p1b: Baxcalibur|Baxcalibur, L50, M|20\/100\n|move|p2a: Laika|Wish|p2a: Laika\n|move|p1a: Amoonguss|Pollen Puff|p1b: Baxcalibur\n|-heal|p1b: Baxcalibur|70\/100\n|\n|-damage|p2b: Pugsley|69\/100 brn|[from] brn\n|upkeep\n|turn|17\n|\n|t:|1682615635\n|move|p2a: Laika|Body Press|p1b: Baxcalibur\n|-supereffective|p1b: Baxcalibur\n|-damage|p1b: Baxcalibur|31\/100\n|move|p1b: Baxcalibur|Glaive Rush|p2b: Pugsley\n|-damage|p2b: Pugsley|13\/100 brn\n|-singlemove|p1b: Baxcalibur|Glaive Rush|[silent]\n|move|p1a: Amoonguss|Pollen Puff|p1b: Baxcalibur\n|-heal|p1b: Baxcalibur|81\/100\n|move|p2b: Pugsley|Spore|p1b: Baxcalibur\n|-status|p1b: Baxcalibur|slp|[from] move: Spore\n|\n|-heal|p2a: Laika|100\/100|[from] move: Wish|[wisher] Laika\n|-damage|p2b: Pugsley|7\/100 brn|[from] brn\n|-end|p1a: Amoonguss|move: Taunt\n|upkeep\n|turn|18\n|\n|t:|1682615656\n|switch|p2b: AirBud|Gyarados, L50, F|84\/100\n|-ability|p2b: AirBud|Intimidate|boost\n|-unboost|p1a: Amoonguss|atk|1\n|-fail|p1b: Baxcalibur|unboost|[from] item: Clear Amulet|[of] p1b: Baxcalibur\n|cant|p1b: Baxcalibur|slp\n|move|p2a: Laika|Body Press|p1b: Baxcalibur\n|-supereffective|p1b: Baxcalibur\n|-damage|p1b: Baxcalibur|46\/100 slp\n|move|p1a: Amoonguss|Spore|p2b: AirBud\n|-status|p2b: AirBud|slp|[from] move: Spore\n|\n|upkeep\n|turn|19\n|\n|t:|1682615689\n|cant|p2b: AirBud|slp\n|move|p2a: Laika|Body Press|p1b: Baxcalibur\n|-supereffective|p1b: Baxcalibur\n|-damage|p1b: Baxcalibur|10\/100 slp\n|cant|p1b: Baxcalibur|slp\n|move|p1a: Amoonguss|Pollen Puff|p1b: Baxcalibur\n|-heal|p1b: Baxcalibur|60\/100 slp\n|\n|upkeep\n|turn|20\n|j| Jolly Gholdengo\n|\n|t:|1682615707\n|move|p1a: Amoonguss|Rage Powder|p1a: Amoonguss\n|-singleturn|p1a: Amoonguss|move: Rage Powder\n|move|p2a: Laika|Yawn|p1a: Amoonguss\n|-start|p1a: Amoonguss|move: Yawn|[of] p2a: Laika\n|cant|p2b: AirBud|slp\n|-curestatus|p1b: Baxcalibur|slp|[msg]\n|move|p1b: Baxcalibur|Glaive Rush|p2b: AirBud\n|-damage|p2b: AirBud|0 fnt\n|-singlemove|p1b: Baxcalibur|Glaive Rush|[silent]\n|faint|p2b: AirBud\n|\n|upkeep\n|\n|t:|1682615716\n|switch|p2b: Pugsley|Amoonguss, L50, F, tera:Water|40\/100 brn\n|turn|21\n|-message|fairynanbawan forfeited.\n|\n|win|bleldigs\n|raw|bleldigs's rating: 1642 → 1656<\/strong> (+14 for winning)\n|raw|fairynanbawan's rating: 1528 → 1514<\/strong> (-14 for losing)\n|l|\u2606bleldigs\n|l|\u2606fairynanbawan\n|l| Jolly Gholdengo\n|l| Conquistatore\n|l| tarikgoesinsane\n|l| wrgedwa\n|l| yyiioottaa\n","uploadtime":1682616219,"views":5,"p1id":"bleldigs","p2id":"fairynanbawan","formatid":"gen9vgc2023regulationc","rating":1514,"private":0,"password":""}