{"id":"gen9vgc2023regulationc-1849190699","p1":"Kyogre33","p2":"DiamondScyther","format":"[Gen 9] VGC 2023 Regulation C","log":"|j|\u2606Kyogre33\n|j|\u2606DiamondScyther\n|t:|1682170636\n|gametype|doubles\n|player|p1|Kyogre33|pokekid|1399\n|player|p2|DiamondScyther|iris-gen5bw2|1433\n|teamsize|p1|6\n|teamsize|p2|6\n|gen|9\n|tier|[Gen 9] VGC 2023 Regulation C\n|rated|\n|rule|Species Clause: Limit one of each Pok\u00e9mon\n|rule|Item Clause: Limit one of each item\n|clearpoke\n|poke|p1|Amoonguss, L50, F|\n|poke|p1|Chi-Yu, L50|\n|poke|p1|Flutter Mane, L50|\n|poke|p1|Iron Bundle, L50|\n|poke|p1|Gyarados, L50, M|\n|poke|p1|Ting-Lu, L50|\n|poke|p2|Chi-Yu, L50|\n|poke|p2|Iron Bundle, L50|\n|poke|p2|Flutter Mane, L50|\n|poke|p2|Chien-Pao, L50|\n|poke|p2|Dragonite, L50, F|\n|poke|p2|Talonflame, L50, M|\n|teampreview|4\n|inactive|Battle timer is ON: inactive players will automatically lose when time's up. (requested by DiamondScyther)\nKyogre33 has agreed to open team sheets.\nDiamondScyther has agreed to open team sheets.\n|inactive|Kyogre33 has 60 seconds left.\n|\n|t:|1682170674\n|start\n|switch|p1a: Flutter Mane|Flutter Mane, L50|100\/100\n|switch|p1b: Iron Bundle|Iron Bundle, L50|100\/100\n|switch|p2a: Iron Bundle|Iron Bundle, L50|100\/100\n|switch|p2b: Dragonite|Dragonite, L50, F|100\/100\n|-enditem|p1b: Iron Bundle|Booster Energy\n|-activate|p1b: Iron Bundle|ability: Quark Drive|[fromitem]\n|-start|p1b: Iron Bundle|quarkdrivespe\n|-enditem|p2a: Iron Bundle|Booster Energy\n|-activate|p2a: Iron Bundle|ability: Quark Drive|[fromitem]\n|-start|p2a: Iron Bundle|quarkdrivespe\n|turn|1\n|inactive|DiamondScyther has 30 seconds left.\n|inactive|DiamondScyther has 20 seconds left.\n|inactive|DiamondScyther has 15 seconds left.\n|\n|t:|1682170717\n|switch|p2b: Flutter Mane|Flutter Mane, L50|100\/100\n|-terastallize|p1b: Iron Bundle|Ghost\n|-terastallize|p2a: Iron Bundle|Ice\n|move|p1b: Iron Bundle|Icy Wind|p2b: Flutter Mane|[spread] p2a,p2b\n|-resisted|p2a: Iron Bundle\n|-damage|p2a: Iron Bundle|80\/100\n|-damage|p2b: Flutter Mane|75\/100\n|-unboost|p2a: Iron Bundle|spe|1\n|-unboost|p2b: Flutter Mane|spe|1\n|move|p2a: Iron Bundle|Freeze-Dry|p1b: Iron Bundle\n|-damage|p1b: Iron Bundle|10\/100\n|move|p1a: Flutter Mane|Moonblast|p2a: Iron Bundle\n|-damage|p2a: Iron Bundle|0 fnt\n|faint|p2a: Iron Bundle\n|-end|p2a: Iron Bundle|Quark Drive|[silent]\n|\n|upkeep\n|\n|t:|1682170733\n|switch|p2a: Chien-Pao|Chien-Pao, L50|100\/100\n|-ability|p2a: Chien-Pao|Sword of Ruin\n|turn|2\n|\n|t:|1682170749\n|move|p2a: Chien-Pao|Sucker Punch|p1a: Flutter Mane\n|-damage|p1a: Flutter Mane|33\/100\n|move|p1b: Iron Bundle|Hydro Pump|p2a: Chien-Pao\n|-damage|p2a: Chien-Pao|19\/100\n|move|p1a: Flutter Mane|Moonblast|p2b: Flutter Mane\n|-damage|p2b: Flutter Mane|0 fnt\n|faint|p2b: Flutter Mane\n|-end|p2b: Flutter Mane|Protosynthesis|[silent]\n|\n|upkeep\n|\n|t:|1682170754\n|switch|p2b: Dragonite|Dragonite, L50, F|100\/100\n|turn|3\n|inactive|Kyogre33 has 30 seconds left.\n|\n|t:|1682170783\n|move|p2a: Chien-Pao|Sucker Punch|p1b: Iron Bundle\n|-supereffective|p1b: Iron Bundle\n|-damage|p1b: Iron Bundle|0 fnt\n|faint|p1b: Iron Bundle\n|-end|p1b: Iron Bundle|Quark Drive|[silent]\n|move|p1a: Flutter Mane|Moonblast|p2a: Chien-Pao\n|-supereffective|p2a: Chien-Pao\n|-damage|p2a: Chien-Pao|0 fnt\n|faint|p2a: Chien-Pao\n|move|p2b: Dragonite|Rock Slide|p1a: Flutter Mane\n|-damage|p1a: Flutter Mane|0 fnt\n|faint|p1a: Flutter Mane\n|-end|p1a: Flutter Mane|Protosynthesis|[silent]\n|\n|upkeep\n|\n|t:|1682170794\n|switch|p1b: Chi-Yu|Chi-Yu, L50|100\/100\n|switch|p1a: Amoonguss|Amoonguss, L50, F|100\/100\n|-ability|p1b: Chi-Yu|Beads of Ruin\n|turn|4\n|\n|t:|1682170801\n|move|p1b: Chi-Yu|Protect|p1b: Chi-Yu\n|-singleturn|p1b: Chi-Yu|Protect\n|move|p2b: Dragonite|Rock Slide|p1a: Amoonguss|[spread] p1a\n|-activate|p1b: Chi-Yu|move: Protect\n|-damage|p1a: Amoonguss|62\/100\n|cant|p1a: Amoonguss|flinch\n|\n|upkeep\n|turn|5\n|\n|t:|1682170815\n|move|p2b: Dragonite|Rock Slide|p1a: Amoonguss|[spread] p1a,p1b\n|-supereffective|p1b: Chi-Yu\n|-damage|p1a: Amoonguss|30\/100\n|-damage|p1b: Chi-Yu|34\/100\n|-enditem|p1a: Amoonguss|Sitrus Berry|[eat]\n|-heal|p1a: Amoonguss|55\/100|[from] item: Sitrus Berry\n|move|p1b: Chi-Yu|Dark Pulse|p2b: Dragonite\n|-damage|p2b: Dragonite|42\/100\n|cant|p1a: Amoonguss|flinch\n|\n|upkeep\n|turn|6\n|\n|t:|1682170827\n|move|p1b: Chi-Yu|Protect|p1b: Chi-Yu\n|-singleturn|p1b: Chi-Yu|Protect\n|move|p2b: Dragonite|Rock Slide|p1b: Chi-Yu|[spread] p1a\n|-activate|p1b: Chi-Yu|move: Protect\n|-damage|p1a: Amoonguss|17\/100\n|cant|p1a: Amoonguss|flinch\n|\n|upkeep\n|turn|7\n|\n|t:|1682170838\n|move|p2b: Dragonite|Rock Slide|p1b: Chi-Yu|[spread] p1a,p1b\n|-supereffective|p1b: Chi-Yu\n|-damage|p1a: Amoonguss|0 fnt\n|-damage|p1b: Chi-Yu|0 fnt\n|faint|p1a: Amoonguss\n|faint|p1b: Chi-Yu\n|\n|win|DiamondScyther\n|raw|Kyogre33's rating: 1399 → 1381<\/strong> (-18 for losing)\n|raw|DiamondScyther's rating: 1433 → 1451<\/strong> (+18 for winning)\n|l|\u2606Kyogre33\n","uploadtime":1682170857,"views":16,"p1id":"kyogre33","p2id":"diamondscyther","formatid":"gen9vgc2023regulationc","rating":1381,"private":0,"password":""}