{"id":"gen9vgc2023regulationc-1849475336","p1":"Dynaco","p2":"Picaro7","format":"[Gen 9] VGC 2023 Regulation C","log":"|j|\u2606Dynaco\n|j|\u2606Picaro7\n|t:|1682202811\n|gametype|doubles\n|player|p1|Dynaco|blaine|\n|player|p2|Picaro7|gambler|\n|teamsize|p1|6\n|teamsize|p2|6\n|gen|9\n|tier|[Gen 9] VGC 2023 Regulation C\n|rule|Species Clause: Limit one of each Pok\u00e9mon\n|rule|Item Clause: Limit one of each item\n|clearpoke\n|poke|p1|Amoonguss, L50, M|\n|poke|p1|Kingambit, L50, M|\n|poke|p1|Roaring Moon, L50|\n|poke|p1|Flutter Mane, L50|\n|poke|p1|Slither Wing, L50|\n|poke|p1|Talonflame, L50, M|\n|poke|p2|Arcanine, L50, M|\n|poke|p2|Lucario, L50, M|\n|poke|p2|Tyranitar, L50, M|\n|poke|p2|Dragapult, L50, F|\n|poke|p2|Scream Tail, L50|\n|poke|p2|Amoonguss, L50, F|\n|teampreview|4\n|j| QtPolpetta\n|\n|t:|1682202843\n|start\n|switch|p1a: Talonflame|Talonflame, L50, M|100\/100\n|switch|p1b: Slither Wing|Slither Wing, L50, shiny|100\/100\n|switch|p2a: Amoonguss|Amoonguss, L50, F|100\/100\n|switch|p2b: Tyranitar|Tyranitar, L50, M|100\/100\n|-ability|p2b: Tyranitar|Unnerve\n|turn|1\n|l| QtPolpetta\n|\n|t:|1682202889\n|move|p1b: Slither Wing|First Impression|p2a: Amoonguss\n|-damage|p2a: Amoonguss|47\/100\n|-damage|p1b: Slither Wing|91\/100|[from] item: Life Orb\n|move|p1a: Talonflame|Brave Bird|p2a: Amoonguss\n|-supereffective|p2a: Amoonguss\n|-damage|p2a: Amoonguss|0 fnt\n|faint|p2a: Amoonguss\n|-damage|p1a: Talonflame|78\/100|[from] Recoil\n|move|p2b: Tyranitar|Rock Slide|p1b: Slither Wing|[spread] p1a,p1b\n|-supereffective|p1a: Talonflame\n|-damage|p1a: Talonflame|0 fnt\n|-damage|p1b: Slither Wing|47\/100\n|faint|p1a: Talonflame\n|\n|upkeep\n|\n|t:|1682202929\n|switch|p1a: Flutter Mane|Flutter Mane, L50|100\/100\n|switch|p2a: Arcanine|Arcanine, L50, M|100\/100\n|-ability|p2a: Arcanine|Intimidate|boost\n|-unboost|p1a: Flutter Mane|atk|1\n|-unboost|p1b: Slither Wing|atk|1\n|turn|2\n|\n|t:|1682202959\n|-terastallize|p2b: Tyranitar|Flying\n|move|p1a: Flutter Mane|Dazzling Gleam|p2a: Arcanine|[spread] p2a,p2b\n|-resisted|p2a: Arcanine\n|-damage|p2a: Arcanine|73\/100\n|-damage|p2b: Tyranitar|70\/100\n|move|p1b: Slither Wing|Close Combat|p2b: Tyranitar\n|-resisted|p2b: Tyranitar\n|-damage|p2b: Tyranitar|47\/100\n|-unboost|p1b: Slither Wing|def|1\n|-unboost|p1b: Slither Wing|spd|1\n|-damage|p1b: Slither Wing|37\/100|[from] item: Life Orb\n|move|p2a: Arcanine|Will-O-Wisp|p1b: Slither Wing\n|-status|p1b: Slither Wing|brn\n|move|p2b: Tyranitar|Heavy Slam|p1a: Flutter Mane\n|-supereffective|p1a: Flutter Mane\n|-damage|p1a: Flutter Mane|0 fnt\n|faint|p1a: Flutter Mane\n|-end|p1a: Flutter Mane|Protosynthesis|[silent]\n|\n|-damage|p1b: Slither Wing|31\/100 brn|[from] brn\n|upkeep\n|\n|t:|1682202978\n|switch|p1a: Kingambit|Kingambit, L50, M|100\/100\n|turn|3\n|\n|t:|1682203026\n|switch|p2b: Lucario|Lucario, L50, M, shiny|100\/100\n|-terastallize|p1a: Kingambit|Steel\n|move|p1b: Slither Wing|Close Combat|p2a: Arcanine\n|-damage|p2a: Arcanine|39\/100\n|-unboost|p1b: Slither Wing|def|1\n|-unboost|p1b: Slither Wing|spd|1\n|-damage|p1b: Slither Wing|21\/100 brn|[from] item: Life Orb\n|move|p2a: Arcanine|Will-O-Wisp|p1a: Kingambit|[miss]\n|-miss|p2a: Arcanine|p1a: Kingambit\n|move|p1a: Kingambit|Iron Head|p2b: Lucario\n|-resisted|p2b: Lucario\n|-damage|p2b: Lucario|48\/100\n|\n|-damage|p1b: Slither Wing|15\/100 brn|[from] brn\n|upkeep\n|turn|4\n|\n|t:|1682203057\n|move|p2b: Lucario|Protect|p2b: Lucario\n|-singleturn|p2b: Lucario|Protect\n|move|p1b: Slither Wing|Close Combat|p2b: Lucario\n|-activate|p2b: Lucario|move: Protect\n|move|p2a: Arcanine|Flare Blitz|p1a: Kingambit\n|-supereffective|p1a: Kingambit\n|-damage|p1a: Kingambit|9\/100\n|-damage|p2a: Arcanine|8\/100|[from] Recoil\n|move|p1a: Kingambit|Iron Head|p2b: Lucario\n|-activate|p2b: Lucario|move: Protect\n|\n|-damage|p1b: Slither Wing|9\/100 brn|[from] brn\n|upkeep\n|turn|5\n|\n|t:|1682203085\n|move|p2b: Lucario|Extreme Speed|p1a: Kingambit\n|-resisted|p1a: Kingambit\n|-damage|p1a: Kingambit|0 fnt\n|faint|p1a: Kingambit\n|-damage|p2b: Lucario|38\/100|[from] item: Life Orb\n|move|p2a: Arcanine|Extreme Speed|p1b: Slither Wing\n|-damage|p1b: Slither Wing|0 fnt\n|faint|p1b: Slither Wing\n|-end|p1b: Slither Wing|Protosynthesis|[silent]\n|\n|win|Picaro7\n|l|\u2606Dynaco\n","uploadtime":1682203103,"views":4,"p1id":"dynaco","p2id":"picaro7","formatid":"gen9vgc2023regulationc","rating":0,"private":0,"password":""}