{"id":"gen9vgc2023regulationc-1846431397","p1":"TStorm","p2":"CokoConsi","format":"[Gen 9] VGC 2023 Regulation C","log":"|j|\u2606TStorm\n|j|\u2606CokoConsi\n|t:|1681840325\n|gametype|doubles\n|player|p1|TStorm|170|1502\n|player|p2|CokoConsi|265|1488\n|teamsize|p1|6\n|teamsize|p2|6\n|gen|9\n|tier|[Gen 9] VGC 2023 Regulation C\n|rated|\n|rule|Species Clause: Limit one of each Pok\u00e9mon\n|rule|Item Clause: Limit one of each item\n|clearpoke\n|poke|p1|Flutter Mane, L50|\n|poke|p1|Arcanine, L50, F|\n|poke|p1|Dragonite, L50, F|\n|poke|p1|Chien-Pao, L50|\n|poke|p1|Iron Bundle, L50|\n|poke|p1|Chi-Yu, L50|\n|poke|p2|Indeedee-F, L50, F|\n|poke|p2|Armarouge, L50, F|\n|poke|p2|Brute Bonnet, L50|\n|poke|p2|Mimikyu, L50, F|\n|poke|p2|Iron Hands, L50|\n|poke|p2|Dragonite, L50, F|\n|teampreview|4\n|inactive|Battle timer is ON: inactive players will automatically lose when time's up. (requested by CokoConsi)\n|inactive|CokoConsi has 60 seconds left.\n|\n|t:|1681840424\n|start\n|switch|p1a: Chien-Pao|Chien-Pao, L50|100\/100\n|switch|p1b: Chi-Yu|Chi-Yu, L50|100\/100\n|switch|p2a: Iron Hands|Iron Hands, L50|100\/100\n|switch|p2b: Mimikyu|Mimikyu, L50, F|100\/100\n|-ability|p1a: Chien-Pao|Sword of Ruin\n|-ability|p1b: Chi-Yu|Beads of Ruin\n|-enditem|p2a: Iron Hands|Booster Energy\n|-activate|p2a: Iron Hands|ability: Quark Drive|[fromitem]\n|-start|p2a: Iron Hands|quarkdriveatk\n|turn|1\n|inactive|TStorm has 30 seconds left.\n|\n|t:|1681840454\n|switch|p1a: Arcanine|Arcanine, L50, F|100\/100\n|-ability|p1a: Arcanine|Intimidate|boost\n|-unboost|p2a: Iron Hands|atk|1\n|-unboost|p2b: Mimikyu|atk|1\n|move|p1b: Chi-Yu|Protect|p1b: Chi-Yu\n|-singleturn|p1b: Chi-Yu|Protect\n|move|p2a: Iron Hands|Fake Out|p1b: Chi-Yu\n|-activate|p1b: Chi-Yu|move: Protect\n|move|p2b: Mimikyu|Trick Room|p2b: Mimikyu\n|-fieldstart|move: Trick Room|[of] p2b: Mimikyu\n|\n|upkeep\n|turn|2\n|inactive|TStorm has 30 seconds left.\n|inactive|CokoConsi has 30 seconds left.\n|inactive|TStorm has 20 seconds left.\n|inactive|TStorm has 15 seconds left.\n|inactive|CokoConsi has 20 seconds left.\n|\n|t:|1681840498\n|switch|p1b: Flutter Mane|Flutter Mane, L50|100\/100\n|move|p2b: Mimikyu|Shadow Sneak|p1a: Arcanine\n|-damage|p1a: Arcanine|92\/100\n|move|p2a: Iron Hands|Swords Dance|p2a: Iron Hands\n|-boost|p2a: Iron Hands|atk|2\n|move|p1a: Arcanine|Will-O-Wisp|p2b: Mimikyu\n|-status|p2b: Mimikyu|brn\n|\n|-damage|p2b: Mimikyu|94\/100 brn|[from] brn\n|upkeep\n|turn|3\n|inactive|TStorm has 30 seconds left.\n|\n|t:|1681840532\n|-end|p1b: Flutter Mane|Protosynthesis|[silent]\n|switch|p1b: Chien-Pao|Chien-Pao, L50|100\/100\n|-ability|p1b: Chien-Pao|Sword of Ruin\n|-terastallize|p2a: Iron Hands|Fighting\n|move|p2b: Mimikyu|Shadow Sneak|p1b: Chien-Pao\n|-resisted|p1b: Chien-Pao\n|-crit|p1b: Chien-Pao\n|-damage|p1b: Chien-Pao|94\/100\n|move|p2a: Iron Hands|Drain Punch|p1a: Arcanine\n|-damage|p1a: Arcanine|0 fnt\n|faint|p1a: Arcanine\n|\n|-damage|p2b: Mimikyu|88\/100 brn|[from] brn\n|upkeep\n|\n|t:|1681840555\n|switch|p1a: Chi-Yu|Chi-Yu, L50|100\/100\n|-ability|p1a: Chi-Yu|Beads of Ruin\n|turn|4\n|inactive|TStorm has 30 seconds left.\n|inactive|TStorm has 20 seconds left.\n|inactive|TStorm has 15 seconds left.\n|inactive|TStorm has 10 seconds left.\n|\n|t:|1681840601\n|-terastallize|p1b: Chien-Pao|Ghost\n|move|p1a: Chi-Yu|Protect|p1a: Chi-Yu\n|-singleturn|p1a: Chi-Yu|Protect\n|move|p2a: Iron Hands|Thunder Punch|p1a: Chi-Yu\n|-activate|p1a: Chi-Yu|move: Protect\n|move|p2b: Mimikyu|Will-O-Wisp|p1b: Chien-Pao|[miss]\n|-miss|p2b: Mimikyu|p1b: Chien-Pao\n|move|p1b: Chien-Pao|Ice Spinner|p2a: Iron Hands\n|-damage|p2a: Iron Hands|64\/100\n|\n|-damage|p2b: Mimikyu|82\/100 brn|[from] brn\n|upkeep\n|turn|5\n|inactive|TStorm has 30 seconds left.\n|inactive|CokoConsi has 30 seconds left.\n|inactive|CokoConsi has 20 seconds left.\n|\n|t:|1681840637\n|move|p1a: Chi-Yu|Protect||[still]\n|-fail|p1a: Chi-Yu\n|move|p2a: Iron Hands|Thunder Punch|p1a: Chi-Yu\n|-damage|p1a: Chi-Yu|0 fnt\n|faint|p1a: Chi-Yu\n|move|p2b: Mimikyu|Will-O-Wisp|p1b: Chien-Pao\n|-status|p1b: Chien-Pao|brn\n|move|p1b: Chien-Pao|Ice Spinner|p2b: Mimikyu\n|-activate|p2b: Mimikyu|ability: Disguise\n|-damage|p2b: Mimikyu|82\/100 brn\n|detailschange|p2b: Mimikyu|Mimikyu-Busted, L50, F\n|-damage|p2b: Mimikyu|70\/100 brn|[from] pokemon: Mimikyu-Busted\n|\n|-damage|p2b: Mimikyu|63\/100 brn|[from] brn\n|-damage|p1b: Chien-Pao|88\/100 brn|[from] brn\n|-fieldend|move: Trick Room\n|upkeep\n|\n|t:|1681840645\n|switch|p1a: Flutter Mane|Flutter Mane, L50|100\/100\n|turn|6\n|inactive|CokoConsi has 30 seconds left.\n|\n|t:|1681840672\n|move|p1a: Flutter Mane|Dazzling Gleam|p2b: Mimikyu|[spread] p2a,p2b\n|-supereffective|p2a: Iron Hands\n|-damage|p2a: Iron Hands|0 fnt\n|-damage|p2b: Mimikyu|20\/100 brn\n|faint|p2a: Iron Hands\n|-end|p2a: Iron Hands|Quark Drive|[silent]\n|move|p1b: Chien-Pao|Ice Spinner|p2b: Mimikyu\n|-damage|p2b: Mimikyu|0 fnt\n|faint|p2b: Mimikyu\n|\n|-damage|p1b: Chien-Pao|82\/100 brn|[from] brn\n|upkeep\n|\n|t:|1681840691\n|switch|p2b: Dragonite|Dragonite, L50, F|100\/100\n|switch|p2a: Brute Bonnet|Brute Bonnet, L50|100\/100\n|turn|7\n|\n|t:|1681840713\n|move|p1b: Chien-Pao|Protect|p1b: Chien-Pao\n|-singleturn|p1b: Chien-Pao|Protect\n|move|p1a: Flutter Mane|Dazzling Gleam|p2a: Brute Bonnet|[spread] p2a,p2b\n|-supereffective|p2a: Brute Bonnet\n|-supereffective|p2b: Dragonite\n|-damage|p2a: Brute Bonnet|26\/100\n|-damage|p2b: Dragonite|65\/100\n|move|p2b: Dragonite|Aerial Ace|p1a: Flutter Mane\n|-damage|p1a: Flutter Mane|0 fnt\n|faint|p1a: Flutter Mane\n|-end|p1a: Flutter Mane|Protosynthesis|[silent]\n|move|p2a: Brute Bonnet|Bullet Seed|p1b: Chien-Pao\n|-activate|p1b: Chien-Pao|move: Protect\n|\n|-damage|p1b: Chien-Pao|77\/100 brn|[from] brn\n|upkeep\n|turn|8\n|\n|t:|1681840728\n|move|p1b: Chien-Pao|Ice Spinner|p2a: Brute Bonnet\n|-supereffective|p2a: Brute Bonnet\n|-damage|p2a: Brute Bonnet|0 fnt\n|faint|p2a: Brute Bonnet\n|-end|p2a: Brute Bonnet|Protosynthesis|[silent]\n|move|p2b: Dragonite|Aerial Ace|p1b: Chien-Pao\n|-damage|p1b: Chien-Pao|7\/100 brn\n|\n|-damage|p1b: Chien-Pao|1\/100 brn|[from] brn\n|upkeep\n|turn|9\n|\n|t:|1681840738\n|move|p1b: Chien-Pao|Ice Spinner|p2b: Dragonite\n|-supereffective|p2b: Dragonite\n|-damage|p2b: Dragonite|0 fnt\n|faint|p2b: Dragonite\n|\n|win|TStorm\n|raw|TStorm's rating: 1502 → 1521<\/strong> (+19 for winning)\n|raw|CokoConsi's rating: 1488 → 1469<\/strong> (-19 for losing)\n|l|\u2606CokoConsi\n","uploadtime":1681840750,"views":9,"p1id":"tstorm","p2id":"cokoconsi","formatid":"gen9vgc2023regulationc","rating":1469,"private":0,"password":""}