{"id":"gen9vgc2023regulationc-1853260706","p1":"yotamVGC","p2":"ILoveFurryOvO","format":"[Gen 9] VGC 2023 Regulation C","log":"|j|\u2606yotamVGC\n|j|\u2606ILoveFurryOvO\n|t:|1682656602\n|gametype|doubles\n|player|p1|yotamVGC|marnie-league|\n|player|p2|ILoveFurryOvO|dawn-gen4pt|\n|teamsize|p1|6\n|teamsize|p2|6\n|gen|9\n|tier|[Gen 9] VGC 2023 Regulation C\n|rated|Tournament battle\n|rule|Species Clause: Limit one of each Pok\u00e9mon\n|rule|Item Clause: Limit one of each item\n|clearpoke\n|poke|p1|Iron Bundle, L50|\n|poke|p1|Abomasnow, L50, F|\n|poke|p1|Iron Hands, L50|\n|poke|p1|Flutter Mane, L50|\n|poke|p1|Gothitelle, L50, M|\n|poke|p1|Arcanine, L50, M|\n|poke|p2|Chi-Yu, L50|\n|poke|p2|Flutter Mane, L50|\n|poke|p2|Roaring Moon, L50|\n|poke|p2|Corviknight, L50, M|\n|poke|p2|Klefki, L50, F|\n|poke|p2|Garchomp, L50, M|\n|teampreview|4\n|raw| Open Team Sheet for yotamVGC<\/summary>Iron Bundle @ Booster Energy Ability: Quark Drive Level: 50 Tera Type: Water - Blizzard - Freeze-Dry - Hydro Pump - Protect Abomasnow @ Light Clay Ability: Snow Warning Level: 50 Tera Type: Water - Blizzard - Energy Ball - Aurora Veil - Protect Iron Hands @ Safety Goggles Ability: Quark Drive Level: 50 Tera Type: Fire - Drain Punch - Wild Charge - Swords Dance - Protect Flutter Mane @ Life Orb Ability: Protosynthesis Level: 50 Tera Type: Fairy - Shadow Ball - Dazzling Gleam - Moonblast - Protect Gothitelle @ Sitrus Berry Ability: Shadow Tag Level: 50 Tera Type: Steel - Psychic - Trick Room - Helping Hand - Fake Out Arcanine @ Figy Berry Ability: Intimidate Level: 50 Tera Type: Water - Flare Blitz - Close Combat - Will-O-Wisp - Protect <\/details><\/div> Open Team Sheet for ILoveFurryOvO<\/summary>Chi-Yu @ Life Orb Ability: Beads of Ruin Level: 50 Tera Type: Grass - Flamethrower - Dark Pulse - Tera Blast - Protect Flutter Mane @ Focus Sash Ability: Protosynthesis Level: 50 Tera Type: Fairy - Moonblast - Shadow Ball - Dazzling Gleam - Protect Roaring Moon @ Booster Energy Ability: Protosynthesis Level: 50 Tera Type: Flying - Acrobatics - Throat Chop - Tailwind - Protect Corviknight @ Sitrus Berry Ability: Mirror Armor Level: 50 Tera Type: Fire - Brave Bird - Body Press - Bulk Up - Roost Klefki (F) @ Light Clay Ability: Prankster Level: 50 Tera Type: Water - Dazzling Gleam - Reflect - Light Screen - Thunder Wave Garchomp @ Choice Scarf Ability: Rough Skin Level: 50 Tera Type: Ground - Earthquake - Dragon Claw - Rock Slide - Stomping Tantrum <\/details><\/div>\n|j|%Borghi\n|j|+HobbitVGC\n|c|\u2606yotamVGC|is this albertos jawn?\n|c|%Borghi|same 6 at least\n|c|\u2606yotamVGC|yeah\n|j|%Eeveon7\u2764\n|j| WeirdPolyCouple\n|j| MareeohYT\n|c|\u2606yotamVGC|think i lose to this\n|j| teraghostisbad\n|\n|t:|1682656695\n|start\n|switch|p1a: Gothitelle|Gothitelle, L50, M|100\/100\n|switch|p1b: Iron Hands|Iron Hands, L50|100\/100\n|switch|p2a: Flutter Mane|Flutter Mane, L50|100\/100\n|switch|p2b: Klefki|Klefki, L50, F|100\/100\n|turn|1\n|j| wildfire2\n|\n|t:|1682656755\n|move|p2a: Flutter Mane|Shadow Ball|p1a: Gothitelle\n|-supereffective|p1a: Gothitelle\n|-crit|p1a: Gothitelle\n|-damage|p1a: Gothitelle|7\/100\n|-unboost|p1a: Gothitelle|spd|1\n|-enditem|p1a: Gothitelle|Sitrus Berry|[eat]\n|-heal|p1a: Gothitelle|32\/100|[from] item: Sitrus Berry\n|move|p2b: Klefki|Dazzling Gleam|p1a: Gothitelle|[spread] p1a,p1b\n|-supereffective|p1b: Iron Hands\n|-damage|p1a: Gothitelle|14\/100\n|-damage|p1b: Iron Hands|74\/100\n|move|p1b: Iron Hands|Swords Dance|p1b: Iron Hands\n|-boost|p1b: Iron Hands|atk|2\n|move|p1a: Gothitelle|Trick Room|p1a: Gothitelle\n|-fieldstart|move: Trick Room|[of] p1a: Gothitelle\n|\n|upkeep\n|turn|2\n|l| wildfire2\n|j| CblonVGC\n|j| Tuqueque\n|l| CblonVGC\n|\n|t:|1682656800\n|-terastallize|p1b: Iron Hands|Fire\n|move|p2a: Flutter Mane|Protect|p2a: Flutter Mane\n|-singleturn|p2a: Flutter Mane|Protect\n|move|p2b: Klefki|Reflect|p2b: Klefki\n|-sidestart|p2: ILoveFurryOvO|Reflect\n|move|p1b: Iron Hands|Drain Punch|p2b: Klefki\n|-damage|p2b: Klefki|49\/100\n|-heal|p1b: Iron Hands|91\/100|[from] drain|[of] p2b: Klefki\n|move|p1a: Gothitelle|Psychic|p2a: Flutter Mane\n|-activate|p2a: Flutter Mane|move: Protect\n|\n|upkeep\n|turn|3\n|\n|t:|1682656820\n|move|p1b: Iron Hands|Wild Charge|p2a: Flutter Mane\n|-enditem|p2a: Flutter Mane|Focus Sash\n|-damage|p2a: Flutter Mane|1\/100\n|-damage|p1b: Iron Hands|78\/100|[from] Recoil\n|move|p1a: Gothitelle|Psychic|p2a: Flutter Mane\n|-damage|p2a: Flutter Mane|0 fnt\n|faint|p2a: Flutter Mane\n|-end|p2a: Flutter Mane|Protosynthesis|[silent]\n|move|p2b: Klefki|Dazzling Gleam|p1b: Iron Hands|[spread] p1a,p1b\n|-resisted|p1b: Iron Hands\n|-damage|p1a: Gothitelle|0 fnt\n|-damage|p1b: Iron Hands|72\/100\n|faint|p1a: Gothitelle\n|\n|upkeep\n|\n|t:|1682656833\n|switch|p1a: Abomasnow|Abomasnow, L50, F|100\/100\n|switch|p2a: Garchomp|Garchomp, L50, M|100\/100\n|-weather|Snow|[from] ability: Snow Warning|[of] p1a: Abomasnow\n|turn|4\n|j| BlueBuneary\n|\n|t:|1682656869\n|-terastallize|p2a: Garchomp|Ground\n|move|p2b: Klefki|Light Screen|p2b: Klefki\n|-sidestart|p2: ILoveFurryOvO|move: Light Screen\n|move|p1a: Abomasnow|Blizzard|p2b: Klefki|[spread] p2a,p2b\n|-supereffective|p2a: Garchomp\n|-resisted|p2b: Klefki\n|-damage|p2a: Garchomp|60\/100\n|-damage|p2b: Klefki|38\/100\n|move|p1b: Iron Hands|Drain Punch|p2a: Garchomp\n|-damage|p2a: Garchomp|7\/100\n|-heal|p1b: Iron Hands|93\/100|[from] drain|[of] p2a: Garchomp\n|-damage|p1b: Iron Hands|81\/100|[from] ability: Rough Skin|[of] p2a: Garchomp\n|move|p2a: Garchomp|Stomping Tantrum|p1b: Iron Hands\n|-supereffective|p1b: Iron Hands\n|-damage|p1b: Iron Hands|4\/100\n|\n|-weather|Snow|[upkeep]\n|upkeep\n|turn|5\n|l| BlueBuneary\n|\n|t:|1682656888\n|move|p1a: Abomasnow|Blizzard|p2b: Klefki|[spread] p2a,p2b\n|-supereffective|p2a: Garchomp\n|-resisted|p2b: Klefki\n|-damage|p2a: Garchomp|0 fnt\n|-damage|p2b: Klefki|27\/100\n|faint|p2a: Garchomp\n|move|p1b: Iron Hands|Drain Punch|p2b: Klefki\n|-damage|p2b: Klefki|0 fnt\n|-heal|p1b: Iron Hands|13\/100|[from] drain|[of] p2b: Klefki\n|faint|p2b: Klefki\n|\n|-weather|Snow|[upkeep]\n|-fieldend|move: Trick Room\n|upkeep\n|\n|t:|1682656891\n|switch|p2a: Chi-Yu|Chi-Yu, L50|100\/100\n|-ability|p2a: Chi-Yu|Beads of Ruin\n|turn|6\n|\n|t:|1682656915\n|move|p1b: Iron Hands|Protect|p1b: Iron Hands\n|-singleturn|p1b: Iron Hands|Protect\n|move|p2a: Chi-Yu|Flamethrower|p1a: Abomasnow\n|-supereffective|p1a: Abomasnow\n|-damage|p1a: Abomasnow|0 fnt\n|faint|p1a: Abomasnow\n|-damage|p2a: Chi-Yu|91\/100|[from] item: Life Orb\n|\n|-weather|Snow|[upkeep]\n|upkeep\n|c|\u2606ILoveFurryOvO|Gg\n|l| MareeohYT\n|c|\u2606yotamVGC|i threw\n|\n|t:|1682656921\n|switch|p1a: Arcanine|Arcanine, L50, M|100\/100\n|-ability|p1a: Arcanine|Intimidate|boost\n|-unboost|p2a: Chi-Yu|atk|1\n|turn|7\n|\n|t:|1682656935\n|move|p2a: Chi-Yu|Dark Pulse|p1b: Iron Hands\n|-damage|p1b: Iron Hands|0 fnt\n|faint|p1b: Iron Hands\n|-end|p1b: Iron Hands|Quark Drive|[silent]\n|-damage|p2a: Chi-Yu|82\/100|[from] item: Life Orb\n|move|p1a: Arcanine|Flare Blitz|p2a: Chi-Yu\n|-resisted|p2a: Chi-Yu\n|-damage|p2a: Chi-Yu|60\/100\n|-damage|p1a: Arcanine|94\/100|[from] Recoil\n|\n|-weather|Snow|[upkeep]\n|upkeep\n|turn|8\n|c|%Eeveon7\u2764|turns out that Chi Yu doesn't have Heat Wave yeah\n|\n|t:|1682656948\n|move|p1a: Arcanine|Protect|p1a: Arcanine\n|-singleturn|p1a: Arcanine|Protect\n|move|p2a: Chi-Yu|Dark Pulse|p1a: Arcanine\n|-activate|p1a: Arcanine|move: Protect\n|\n|-weather|none\n|upkeep\n|turn|9\n|c|\u2606yotamVGC|i didnt read\n|\n|t:|1682656963\n|move|p2a: Chi-Yu|Dark Pulse|p1a: Arcanine\n|-damage|p1a: Arcanine|17\/100\n|-enditem|p1a: Arcanine|Figy Berry|[eat]\n|-heal|p1a: Arcanine|50\/100|[from] item: Figy Berry\n|-damage|p2a: Chi-Yu|50\/100|[from] item: Life Orb\n|move|p1a: Arcanine|Close Combat|p2a: Chi-Yu\n|-supereffective|p2a: Chi-Yu\n|-damage|p2a: Chi-Yu|0 fnt\n|-unboost|p1a: Arcanine|def|1\n|-unboost|p1a: Arcanine|spd|1\n|faint|p2a: Chi-Yu\n|\n|win|yotamVGC\n|n|\u2606yotamVGC|yotamvgc\n|n|\u2606ILoveFurryOvO|ilovefurryovo\n|n| Borghi|borghi\n|n| HobbitVGC|hobbitvgc\n|n|+Eeveon7\u2764|eeveon7\n|n| WeirdPolyCouple|weirdpolycouple\n|n| teraghostisbad|teraghostisbad\n|n| Tuqueque|tuqueque\n","uploadtime":1682656965,"views":11,"p1id":"yotamvgc","p2id":"ilovefurryovo","formatid":"gen9vgc2023regulationc","rating":0,"private":0,"password":""}