{"id":"gen9vgc2023regulationc-1845148852","p1":"SteXe36","p2":"Amaisora","format":"[Gen 9] VGC 2023 Regulation C","log":"|j|\u2606SteXe36\n|j|\u2606Amaisora\n|t:|1681689372\n|gametype|doubles\n|player|p1|SteXe36|169|1247\n|player|p2|Amaisora|flannery|1204\n|teamsize|p1|6\n|teamsize|p2|6\n|gen|9\n|tier|[Gen 9] VGC 2023 Regulation C\n|rated|\n|rule|Species Clause: Limit one of each Pok\u00e9mon\n|rule|Item Clause: Limit one of each item\n|clearpoke\n|poke|p1|Chien-Pao, L50|\n|poke|p1|Roaring Moon, L50|\n|poke|p1|Chi-Yu, L50|\n|poke|p1|Flutter Mane, L50|\n|poke|p1|Amoonguss, L50, M|\n|poke|p1|Slowbro, L50, F|\n|poke|p2|Indeedee-F, L50, F|\n|poke|p2|Flutter Mane, L50|\n|poke|p2|Dragonite, L50, M|\n|poke|p2|Chi-Yu, L50|\n|poke|p2|Armarouge, L50, F|\n|poke|p2|Amoonguss, L50, M|\n|teampreview|4\n|inactive|Battle timer is ON: inactive players will automatically lose when time's up. (requested by Amaisora)\n|\n|t:|1681689398\n|start\n|switch|p1a: Roaring Moon|Roaring Moon, L50|100\/100\n|switch|p1b: Chien-Pao|Chien-Pao, L50|100\/100\n|switch|p2a: Flutter Mane|Flutter Mane, L50|100\/100\n|switch|p2b: Chi-Yu|Chi-Yu, L50|100\/100\n|-ability|p1b: Chien-Pao|Sword of Ruin\n|-ability|p2b: Chi-Yu|Beads of Ruin\n|-enditem|p2a: Flutter Mane|Booster Energy\n|-activate|p2a: Flutter Mane|ability: Protosynthesis|[fromitem]\n|-start|p2a: Flutter Mane|protosynthesisspe\n|-enditem|p1a: Roaring Moon|Booster Energy\n|-activate|p1a: Roaring Moon|ability: Protosynthesis|[fromitem]\n|-start|p1a: Roaring Moon|protosynthesisspe\n|turn|1\n|inactive|Amaisora has 30 seconds left.\n|\n|t:|1681689427\n|-terastallize|p2a: Flutter Mane|Fairy\n|move|p1a: Roaring Moon|Protect|p1a: Roaring Moon\n|-singleturn|p1a: Roaring Moon|Protect\n|move|p1b: Chien-Pao|Protect|p1b: Chien-Pao\n|-singleturn|p1b: Chien-Pao|Protect\n|move|p2a: Flutter Mane|Dazzling Gleam|p1a: Roaring Moon|[spread] \n|-activate|p1a: Roaring Moon|move: Protect\n|-activate|p1b: Chien-Pao|move: Protect\n|move|p2b: Chi-Yu|Heat Wave|p1a: Roaring Moon|[spread] \n|-activate|p1a: Roaring Moon|move: Protect\n|-activate|p1b: Chien-Pao|move: Protect\n|\n|upkeep\n|turn|2\n|inactive|SteXe36 has 30 seconds left.\n|inactive|SteXe36 has 20 seconds left.\n|inactive|SteXe36 has 15 seconds left.\n|\n|t:|1681689470\n|-terastallize|p1a: Roaring Moon|Poison\n|move|p2a: Flutter Mane|Substitute|p2a: Flutter Mane\n|-start|p2a: Flutter Mane|Substitute\n|-damage|p2a: Flutter Mane|76\/100\n|move|p1a: Roaring Moon|Tera Blast|p2a: Flutter Mane\n|-supereffective|p2a: Flutter Mane\n|-end|p2a: Flutter Mane|Substitute\n|move|p1b: Chien-Pao|Sacred Sword|p2b: Chi-Yu\n|-supereffective|p2b: Chi-Yu\n|-enditem|p2b: Chi-Yu|Focus Sash\n|-damage|p2b: Chi-Yu|1\/100\n|move|p2b: Chi-Yu|Heat Wave|p1b: Chien-Pao|[spread] p1a,p1b\n|-supereffective|p1b: Chien-Pao\n|-damage|p1a: Roaring Moon|54\/100\n|-enditem|p1b: Chien-Pao|Focus Sash\n|-damage|p1b: Chien-Pao|1\/100\n|\n|upkeep\n|turn|3\n|\n|t:|1681689495\n|move|p2a: Flutter Mane|Shadow Ball|p1a: Roaring Moon\n|-damage|p1a: Roaring Moon|0 fnt\n|faint|p1a: Roaring Moon\n|-end|p1a: Roaring Moon|Protosynthesis|[silent]\n|move|p1b: Chien-Pao|Ice Spinner|p2b: Chi-Yu\n|-resisted|p2b: Chi-Yu\n|-damage|p2b: Chi-Yu|0 fnt\n|faint|p2b: Chi-Yu\n|\n|upkeep\n|\n|t:|1681689503\n|switch|p1a: Chi-Yu|Chi-Yu, L50|100\/100\n|switch|p2b: Armarouge|Armarouge, L50, F|100\/100\n|-ability|p1a: Chi-Yu|Beads of Ruin\n|turn|4\n|\n|t:|1681689524\n|switch|p2b: Dragonite|Dragonite, L50, M|100\/100\n|move|p1b: Chien-Pao|Protect|p1b: Chien-Pao\n|-singleturn|p1b: Chien-Pao|Protect\n|move|p2a: Flutter Mane|Dazzling Gleam|p1a: Chi-Yu|[spread] p1a\n|-activate|p1b: Chien-Pao|move: Protect\n|-damage|p1a: Chi-Yu|50\/100\n|move|p1a: Chi-Yu|Dark Pulse|p2b: Dragonite\n|-damage|p2b: Dragonite|83\/100\n|\n|upkeep\n|turn|5\n|\n|t:|1681689545\n|move|p2b: Dragonite|Extreme Speed|p1b: Chien-Pao\n|-damage|p1b: Chien-Pao|0 fnt\n|faint|p1b: Chien-Pao\n|move|p2a: Flutter Mane|Dazzling Gleam|p1a: Chi-Yu\n|-damage|p1a: Chi-Yu|0 fnt\n|faint|p1a: Chi-Yu\n|\n|upkeep\n|\n|t:|1681689553\n|switch|p1b: Slowbro|Slowbro, L50, F|100\/100\n|turn|6\n|-message|SteXe36 forfeited.\n|\n|win|Amaisora\n|raw|SteXe36's rating: 1247 → 1219<\/strong> (-28 for losing)\n|raw|Amaisora's rating: 1204 → 1232<\/strong> (+28 for winning)\n|l|\u2606SteXe36\n","uploadtime":1681689564,"views":14,"p1id":"stexe36","p2id":"amaisora","formatid":"gen9vgc2023regulationc","rating":1219,"private":0,"password":""}