{"id":"gen9vgc2023regulationc-1859144199","p1":"Mizore te","p2":"WithAnE","format":"[Gen 9] VGC 2023 Regulation C","log":"|j|\u2606Mizore te\n|j|\u2606WithAnE\n|t:|1683409801\n|gametype|doubles\n|player|p1|Mizore te|medium|1327\n|player|p2|WithAnE|101|1372\n|teamsize|p1|6\n|teamsize|p2|6\n|gen|9\n|tier|[Gen 9] VGC 2023 Regulation C\n|rated|\n|rule|Species Clause: Limit one of each Pok\u00e9mon\n|rule|Item Clause: Limit one of each item\n|clearpoke\n|poke|p1|Amoonguss, L50, M|\n|poke|p1|Flutter Mane, L50|\n|poke|p1|Baxcalibur, L50, M|\n|poke|p1|Ting-Lu, L50|\n|poke|p1|Gyarados, L50, F|\n|poke|p1|Corviknight, L50, M|\n|poke|p2|Torkoal, L50, F|\n|poke|p2|Jumpluff, L50, F|\n|poke|p2|Flutter Mane, L50|\n|poke|p2|Great Tusk, L50|\n|poke|p2|Chien-Pao, L50|\n|poke|p2|Kingambit, L50, M|\n|teampreview|4\n|\n|t:|1683409841\n|start\n|switch|p1a: Gyarados|Gyarados, L50, F|100\/100\n|switch|p1b: Baxcalibur|Baxcalibur, L50, M|100\/100\n|switch|p2a: Jumpluff|Jumpluff, L50, F, shiny|100\/100\n|switch|p2b: Great Tusk|Great Tusk, L50|100\/100\n|-ability|p1a: Gyarados|Intimidate|boost\n|-unboost|p2a: Jumpluff|atk|1\n|-unboost|p2b: Great Tusk|atk|1\n|turn|1\n|\n|t:|1683409868\n|switch|p2a: Torkoal|Torkoal, L50, F, shiny|100\/100\n|-weather|SunnyDay|[from] ability: Drought|[of] p2a: Torkoal\n|-activate|p2b: Great Tusk|ability: Protosynthesis\n|-start|p2b: Great Tusk|protosynthesisspe\n|-terastallize|p1b: Baxcalibur|Poison\n|move|p1b: Baxcalibur|Ice Shard|p2a: Torkoal\n|-resisted|p2a: Torkoal\n|-damage|p2a: Torkoal|91\/100\n|move|p2b: Great Tusk|Rock Slide|p1a: Gyarados|[spread] p1a,p1b\n|-supereffective|p1a: Gyarados\n|-crit|p1a: Gyarados\n|-damage|p1a: Gyarados|45\/100\n|-damage|p1b: Baxcalibur|89\/100\n|-enditem|p1a: Gyarados|Sitrus Berry|[eat]\n|-heal|p1a: Gyarados|70\/100|[from] item: Sitrus Berry\n|cant|p1a: Gyarados|flinch\n|\n|-weather|SunnyDay|[upkeep]\n|upkeep\n|turn|2\n|\n|t:|1683409906\n|-terastallize|p2b: Great Tusk|Fire\n|move|p2b: Great Tusk|Rock Slide|p1a: Gyarados|[spread] p1a,p1b\n|-supereffective|p1a: Gyarados\n|-damage|p1a: Gyarados|42\/100\n|-damage|p1b: Baxcalibur|77\/100\n|cant|p1b: Baxcalibur|flinch\n|cant|p1a: Gyarados|flinch\n|move|p2a: Torkoal|Overheat|p1a: Gyarados|[miss]\n|-miss|p2a: Torkoal|p1a: Gyarados\n|\n|-weather|SunnyDay|[upkeep]\n|upkeep\n|turn|3\n|\n|t:|1683409926\n|move|p2b: Great Tusk|Rock Slide|p1b: Baxcalibur|[spread] p1a,p1b\n|-supereffective|p1a: Gyarados\n|-damage|p1a: Gyarados|15\/100\n|-damage|p1b: Baxcalibur|65\/100\n|cant|p1b: Baxcalibur|flinch\n|move|p1a: Gyarados|Waterfall|p2a: Torkoal\n|-supereffective|p2a: Torkoal\n|-damage|p2a: Torkoal|67\/100\n|move|p2a: Torkoal|Overheat|p1a: Gyarados\n|-resisted|p1a: Gyarados\n|-damage|p1a: Gyarados|0 fnt\n|-unboost|p2a: Torkoal|spa|2\n|-enditem|p2a: Torkoal|Eject Pack\n|faint|p1a: Gyarados\n|\n|t:|1683409948\n|switch|p2a: Chien-Pao|Chien-Pao, L50|100\/100\n|-ability|p2a: Chien-Pao|Sword of Ruin\n|\n|-weather|SunnyDay|[upkeep]\n|upkeep\n|\n|t:|1683409955\n|switch|p1a: Flutter Mane|Flutter Mane, L50, shiny|100\/100\n|-activate|p1a: Flutter Mane|ability: Protosynthesis\n|-start|p1a: Flutter Mane|protosynthesisspa\n|turn|4\n|\n|t:|1683409965\n|move|p2b: Great Tusk|Rock Slide|p1b: Baxcalibur|[spread] p1a,p1b\n|-damage|p1a: Flutter Mane|66\/100\n|-damage|p1b: Baxcalibur|49\/100\n|move|p2a: Chien-Pao|Ice Spinner|p1b: Baxcalibur\n|-damage|p1b: Baxcalibur|4\/100\n|move|p1a: Flutter Mane|Dazzling Gleam|p2a: Chien-Pao|[spread] p2a,p2b\n|-supereffective|p2a: Chien-Pao\n|-resisted|p2b: Great Tusk\n|-enditem|p2a: Chien-Pao|Focus Sash\n|-damage|p2a: Chien-Pao|1\/100\n|-damage|p2b: Great Tusk|49\/100\n|cant|p1b: Baxcalibur|flinch\n|\n|-weather|SunnyDay|[upkeep]\n|upkeep\n|turn|5\n|\n|t:|1683409984\n|switch|p1b: Ting-Lu|Ting-Lu, L50|100\/100\n|-ability|p1b: Ting-Lu|Vessel of Ruin\n|move|p2a: Chien-Pao|Protect|p2a: Chien-Pao\n|-singleturn|p2a: Chien-Pao|Protect\n|move|p2b: Great Tusk|Rock Slide|p1a: Flutter Mane|[spread] p1a,p1b\n|-resisted|p1b: Ting-Lu\n|-crit|p1b: Ting-Lu\n|-damage|p1a: Flutter Mane|31\/100\n|-damage|p1b: Ting-Lu|89\/100\n|move|p1a: Flutter Mane|Dazzling Gleam|p2b: Great Tusk|[spread] p2b\n|-activate|p2a: Chien-Pao|move: Protect\n|-resisted|p2b: Great Tusk\n|-damage|p2b: Great Tusk|11\/100\n|\n|-weather|none\n|-end|p2b: Great Tusk|Protosynthesis\n|-end|p1a: Flutter Mane|Protosynthesis\n|upkeep\n|turn|6\n|\n|t:|1683410007\n|move|p2b: Great Tusk|Rock Slide|p1b: Ting-Lu|[spread] p1a,p1b\n|-resisted|p1b: Ting-Lu\n|-damage|p1a: Flutter Mane|0 fnt\n|-damage|p1b: Ting-Lu|84\/100\n|faint|p1a: Flutter Mane\n|-end|p1a: Flutter Mane|Protosynthesis|[silent]\n|move|p2a: Chien-Pao|Ice Spinner|p1b: Ting-Lu\n|-supereffective|p1b: Ting-Lu\n|-damage|p1b: Ting-Lu|24\/100\n|move|p1b: Ting-Lu|Earthquake|p2a: Chien-Pao|[spread] p2a,p2b\n|-supereffective|p2b: Great Tusk\n|-damage|p2a: Chien-Pao|0 fnt\n|-damage|p2b: Great Tusk|0 fnt\n|faint|p2a: Chien-Pao\n|faint|p2b: Great Tusk\n|-end|p2b: Great Tusk|Protosynthesis|[silent]\n|\n|upkeep\n|\n|t:|1683410018\n|switch|p2a: Torkoal|Torkoal, L50, F, shiny|67\/100\n|switch|p1a: Baxcalibur|Baxcalibur, L50, M, tera:Poison|4\/100\n|switch|p2b: Jumpluff|Jumpluff, L50, F, shiny|100\/100\n|-weather|SunnyDay|[from] ability: Drought|[of] p2a: Torkoal\n|turn|7\n|\n|t:|1683410029\n|move|p1a: Baxcalibur|Ice Shard|p2b: Jumpluff\n|-supereffective|p2b: Jumpluff\n|-crit|p2b: Jumpluff\n|-damage|p2b: Jumpluff|0 fnt\n|faint|p2b: Jumpluff\n|move|p1b: Ting-Lu|Rock Slide|p2a: Torkoal\n|-supereffective|p2a: Torkoal\n|-damage|p2a: Torkoal|30\/100\n|move|p2a: Torkoal|Overheat|p1a: Baxcalibur\n|-damage|p1a: Baxcalibur|0 fnt\n|-unboost|p2a: Torkoal|spa|2\n|faint|p1a: Baxcalibur\n|\n|-weather|SunnyDay|[upkeep]\n|upkeep\n|turn|8\n|\n|t:|1683410042\n|move|p1b: Ting-Lu|Earthquake|p2a: Torkoal\n|-supereffective|p2a: Torkoal\n|-damage|p2a: Torkoal|0 fnt\n|faint|p2a: Torkoal\n|\n|win|Mizore te\n|raw|Mizore te's rating: 1327 → 1350<\/strong> (+23 for winning)\n|raw|WithAnE's rating: 1372 → 1349<\/strong> (-23 for losing)\n","uploadtime":1683410057,"views":7,"p1id":"mizorete","p2id":"withane","formatid":"gen9vgc2023regulationc","rating":1349,"private":0,"password":""}