{"id":"gen9vgc2023regulationc-1854614159","p1":"ChorusFruitFarmer","p2":"fakick2","format":"[Gen 9] VGC 2023 Regulation C","log":"|j|\u2606ChorusFruitFarmer\n|j|\u2606fakick2\n|t:|1682836252\n|gametype|doubles\n|player|p1|ChorusFruitFarmer|penny|1118\n|player|p2|fakick2|2|1111\n|teamsize|p1|6\n|teamsize|p2|6\n|gen|9\n|tier|[Gen 9] VGC 2023 Regulation C\n|rated|\n|rule|Species Clause: Limit one of each Pok\u00e9mon\n|rule|Item Clause: Limit one of each item\n|clearpoke\n|poke|p1|Roaring Moon, L50|\n|poke|p1|Kilowattrel, L50, F|\n|poke|p1|Amoonguss, L50, F|\n|poke|p1|Arcanine, L50, F|\n|poke|p1|Iron Hands, L50|\n|poke|p1|Clawitzer, L50, F|\n|poke|p2|Dondozo, L50, M|\n|poke|p2|Chi-Yu, L50|\n|poke|p2|Dragonite, L50, F|\n|poke|p2|Tatsugiri, L50, F|\n|poke|p2|Flutter Mane, L50|\n|poke|p2|Glimmora, L50, M|\n|teampreview|4\n|inactive|Battle timer is ON: inactive players will automatically lose when time's up. (requested by ChorusFruitFarmer)\n|c|\u2606ChorusFruitFarmer|Good luck, have fun..\n|c|\u2606ChorusFruitFarmer|.*\n|c|\u2606fakick2|glhf\n|inactive|fakick2 has 60 seconds left.\n|\n|t:|1682836295\n|start\n|switch|p1a: Bloodmoon|Roaring Moon, L50|100\/100\n|switch|p1b: Goose|Kilowattrel, L50, F, shiny|100\/100\n|switch|p2a: Dondozo|Dondozo, L50, M|100\/100\n|switch|p2b: Glimmora|Glimmora, L50, M|100\/100\n|-enditem|p1a: Bloodmoon|Booster Energy\n|-activate|p1a: Bloodmoon|ability: Protosynthesis|[fromitem]\n|-start|p1a: Bloodmoon|protosynthesisspe\n|turn|1\n|inactive|fakick2 has 30 seconds left.\n|inactive|fakick2 has 20 seconds left.\n|inactive|fakick2 has 15 seconds left.\n|inactive|fakick2 has 10 seconds left.\n|\n|t:|1682836341\n|-terastallize|p1b: Goose|Electric\n|move|p2b: Glimmora|Spiky Shield|p2b: Glimmora\n|-singleturn|p2b: Glimmora|move: Protect\n|move|p1a: Bloodmoon|Tailwind|p1a: Bloodmoon\n|-sidestart|p1: ChorusFruitFarmer|move: Tailwind\n|-start|p1b: Goose|Charge|Tailwind|[from] ability: Wind Power\n|move|p1b: Goose|Discharge|p2a: Dondozo|[spread] p1a,p2a\n|-activate|p2b: Glimmora|move: Protect\n|-resisted|p1a: Bloodmoon\n|-supereffective|p2a: Dondozo\n|-damage|p1a: Bloodmoon|64\/100\n|-damage|p2a: Dondozo|0 fnt\n|faint|p2a: Dondozo\n|-damage|p1b: Goose|91\/100|[from] item: Life Orb\n|-end|p1b: Goose|Charge|[silent]\n|\n|upkeep\n|\n|t:|1682836355\n|switch|p2a: Flutter Mane|Flutter Mane, L50|100\/100\n|-enditem|p2a: Flutter Mane|Booster Energy\n|-activate|p2a: Flutter Mane|ability: Protosynthesis|[fromitem]\n|-start|p2a: Flutter Mane|protosynthesisspe\n|turn|2\n|inactive|fakick2 has 30 seconds left.\n|\n|t:|1682836381\n|move|p2a: Flutter Mane|Protect|p2a: Flutter Mane\n|-singleturn|p2a: Flutter Mane|Protect\n|move|p1a: Bloodmoon|Iron Head|p2a: Flutter Mane\n|-activate|p2a: Flutter Mane|move: Protect\n|move|p1b: Goose|Discharge|p2b: Glimmora|[spread] p1a,p2b\n|-activate|p2a: Flutter Mane|move: Protect\n|-resisted|p1a: Bloodmoon\n|-damage|p1a: Bloodmoon|44\/100\n|-damage|p2b: Glimmora|38\/100\n|-damage|p1b: Goose|82\/100|[from] item: Life Orb\n|move|p2b: Glimmora|Toxic|p1a: Bloodmoon\n|-status|p1a: Bloodmoon|tox\n|\n|-damage|p1a: Bloodmoon|38\/100 tox|[from] psn\n|upkeep\n|turn|3\n|inactive|fakick2 has 30 seconds left.\n|inactive|fakick2 has 20 seconds left.\n|\n|t:|1682836417\n|-terastallize|p2a: Flutter Mane|Steel\n|move|p2b: Glimmora|Spiky Shield|p2b: Glimmora\n|-singleturn|p2b: Glimmora|move: Protect\n|move|p1a: Bloodmoon|Jaw Lock|p2a: Flutter Mane\n|-damage|p2a: Flutter Mane|15\/100\n|-activate|p1a: Bloodmoon|trapped\n|-activate|p2a: Flutter Mane|trapped\n|move|p1b: Goose|Discharge|p2a: Flutter Mane|[spread] p1a,p2a\n|-activate|p2b: Glimmora|move: Protect\n|-resisted|p1a: Bloodmoon\n|-damage|p1a: Bloodmoon|17\/100 tox\n|-damage|p2a: Flutter Mane|0 fnt\n|faint|p2a: Flutter Mane\n|-end|p2a: Flutter Mane|Protosynthesis|[silent]\n|-damage|p1b: Goose|72\/100|[from] item: Life Orb\n|\n|-damage|p1a: Bloodmoon|5\/100 tox|[from] psn\n|upkeep\n|c|\u2606ChorusFruitFarmer|G.g.w.p.\n|\n|t:|1682836431\n|switch|p2a: Dragonite|Dragonite, L50, F|100\/100\n|turn|4\n|\n|t:|1682836438\n|move|p2b: Glimmora|Spiky Shield||[still]\n|-fail|p2b: Glimmora\n|move|p2a: Dragonite|Protect|p2a: Dragonite\n|-singleturn|p2a: Dragonite|Protect\n|move|p1a: Bloodmoon|Jaw Lock|p2a: Dragonite\n|-activate|p2a: Dragonite|move: Protect\n|move|p1b: Goose|Discharge|p2b: Glimmora|[spread] p1a,p2b\n|-activate|p2a: Dragonite|move: Protect\n|-resisted|p1a: Bloodmoon\n|-damage|p1a: Bloodmoon|0 fnt\n|-damage|p2b: Glimmora|0 fnt\n|faint|p1a: Bloodmoon\n|-end|p1a: Bloodmoon|Protosynthesis|[silent]\n|faint|p2b: Glimmora\n|-damage|p1b: Goose|63\/100|[from] item: Life Orb\n|\n|-sideend|p1: ChorusFruitFarmer|move: Tailwind\n|upkeep\n|\n|t:|1682836443\n|switch|p1a: Clap These Cheeks|Iron Hands, L50|100\/100\n|turn|5\n|\n|t:|1682836451\n|move|p1a: Clap These Cheeks|Fake Out|p2a: Dragonite\n|-damage|p2a: Dragonite|93\/100\n|move|p1b: Goose|Discharge|p2a: Dragonite|[spread] p1a,p2a\n|-resisted|p1a: Clap These Cheeks\n|-damage|p1a: Clap These Cheeks|86\/100\n|-damage|p2a: Dragonite|49\/100\n|-damage|p1b: Goose|54\/100|[from] item: Life Orb\n|cant|p2a: Dragonite|flinch\n|\n|upkeep\n|turn|6\n|\n|t:|1682836457\n|switch|p1b: AmberGoop|Amoonguss, L50, F, shiny|100\/100\n|move|p2a: Dragonite|Aerial Ace|p1a: Clap These Cheeks\n|-damage|p1a: Clap These Cheeks|63\/100\n|move|p1a: Clap These Cheeks|Ice Punch|p2a: Dragonite\n|-supereffective|p2a: Dragonite\n|-damage|p2a: Dragonite|0 fnt\n|faint|p2a: Dragonite\n|\n|win|ChorusFruitFarmer\n|raw|ChorusFruitFarmer's rating: 1118 → 1142<\/strong> (+24 for winning)\n|raw|fakick2's rating: 1111 → 1087<\/strong> (-24 for losing)\n","uploadtime":1682836464,"views":15,"p1id":"chorusfruitfarmer","p2id":"fakick2","formatid":"gen9vgc2023regulationc","rating":1087,"private":0,"password":""}