{"id":"gen9vgc2023regulationc-1853275156","p1":"GB Seraphix","p2":"ClessCL","format":"[Gen 9] VGC 2023 Regulation C","log":"|j|\u2606GB Seraphix\n|j|\u2606ClessCL\n|t:|1682659136\n|gametype|doubles\n|player|p1|GB Seraphix|rosa|1252\n|player|p2|ClessCL|lance|1291\n|teamsize|p1|6\n|teamsize|p2|6\n|gen|9\n|tier|[Gen 9] VGC 2023 Regulation C\n|rated|\n|rule|Species Clause: Limit one of each Pok\u00e9mon\n|rule|Item Clause: Limit one of each item\n|clearpoke\n|poke|p1|Lurantis, L50, F|\n|poke|p1|Hatterene, L50, F|\n|poke|p1|Torkoal, L50, M|\n|poke|p1|Indeedee-F, L50, F|\n|poke|p1|Oranguru, L50, M|\n|poke|p1|Hariyama, L50, M|\n|poke|p2|Talonflame, L50, M|\n|poke|p2|Gyarados, L50, F|\n|poke|p2|Ting-Lu, L50|\n|poke|p2|Tyranitar, L50, F|\n|poke|p2|Arcanine, L50, M|\n|poke|p2|Iron Bundle, L50|\n|teampreview|4\n|inactive|Battle timer is ON: inactive players will automatically lose when time's up. (requested by ClessCL)\n|inactive|GB Seraphix has 60 seconds left.\n|inactive|ClessCL has 60 seconds left.\n|\n|t:|1682659191\n|start\n|switch|p1a: Hatterene|Hatterene, L50, F|100\/100\n|switch|p1b: Hariyama|Hariyama, L50, M|100\/100\n|switch|p2a: Talonflame|Talonflame, L50, M|100\/100\n|switch|p2b: Iron Bundle|Iron Bundle, L50|100\/100\n|-enditem|p2b: Iron Bundle|Booster Energy\n|-activate|p2b: Iron Bundle|ability: Quark Drive|[fromitem]\n|-start|p2b: Iron Bundle|quarkdrivespe\n|turn|1\n|\n|t:|1682659217\n|move|p1b: Hariyama|Fake Out|p2a: Talonflame\n|-damage|p2a: Talonflame|76\/100\n|move|p2b: Iron Bundle|Freeze-Dry|p1a: Hatterene\n|-damage|p1a: Hatterene|66\/100\n|-status|p1a: Hatterene|frz\n|move|p2a: Talonflame|Brave Bird|p1a: Hatterene\n|-damage|p1a: Hatterene|12\/100 frz\n|-damage|p2a: Talonflame|58\/100|[from] Recoil\n|cant|p1a: Hatterene|frz\n|\n|-status|p1b: Hariyama|brn|[from] item: Flame Orb\n|upkeep\n|turn|2\n|inactive|GB Seraphix has 30 seconds left.\n|\n|t:|1682659248\n|move|p2b: Iron Bundle|Encore|p1b: Hariyama\n|-start|p1b: Hariyama|Encore\n|move|p2a: Talonflame|Brave Bird|p1a: Hatterene\n|-damage|p1a: Hatterene|0 fnt\n|faint|p1a: Hatterene\n|-damage|p2a: Talonflame|54\/100|[from] Recoil\n|move|p1b: Hariyama|Fake Out||[still]\n|-hint|Fake Out only works on your first turn out.\n|-fail|p1b: Hariyama\n|\n|-damage|p1b: Hariyama|95\/100 brn|[from] brn\n|upkeep\n|\n|t:|1682659258\n|switch|p1a: Indeedee|Indeedee-F, L50, F|100\/100\n|-fieldstart|move: Psychic Terrain|[from] ability: Psychic Surge|[of] p1a: Indeedee\n|-enditem|p1a: Indeedee|Psychic Seed\n|-boost|p1a: Indeedee|spd|1|[from] item: Psychic Seed\n|turn|3\n|\n|t:|1682659273\n|switch|p1b: Lurantis|Lurantis, L50, F|100\/100\n|move|p2b: Iron Bundle|Freeze-Dry|p1b: Lurantis\n|-supereffective|p1b: Lurantis\n|-damage|p1b: Lurantis|52\/100\n|move|p2a: Talonflame|Brave Bird|p1b: Lurantis\n|-supereffective|p1b: Lurantis\n|-damage|p1b: Lurantis|0 fnt\n|faint|p1b: Lurantis\n|-damage|p2a: Talonflame|34\/100|[from] Recoil\n|move|p1a: Indeedee|Trick Room|p1a: Indeedee\n|-fieldstart|move: Trick Room|[of] p1a: Indeedee\n|\n|upkeep\n|\n|t:|1682659284\n|switch|p1b: Hariyama|Hariyama, L50, M|95\/100 brn\n|turn|4\n|\n|t:|1682659299\n|move|p1a: Indeedee|Follow Me|p1a: Indeedee\n|-singleturn|p1a: Indeedee|move: Follow Me\n|move|p1b: Hariyama|Close Combat|p2b: Iron Bundle\n|-supereffective|p2b: Iron Bundle\n|-damage|p2b: Iron Bundle|0 fnt\n|-unboost|p1b: Hariyama|def|1\n|-unboost|p1b: Hariyama|spd|1\n|faint|p2b: Iron Bundle\n|-end|p2b: Iron Bundle|Quark Drive|[silent]\n|move|p2a: Talonflame|Brave Bird|p1a: Indeedee\n|-damage|p1a: Indeedee|58\/100\n|-damage|p2a: Talonflame|18\/100|[from] Recoil\n|\n|-damage|p1b: Hariyama|89\/100 brn|[from] brn\n|upkeep\n|\n|t:|1682659321\n|switch|p2b: Ting-Lu|Ting-Lu, L50|100\/100\n|-ability|p2b: Ting-Lu|Vessel of Ruin\n|turn|5\n|inactive|GB Seraphix has 30 seconds left.\n|\n|t:|1682659352\n|-terastallize|p1a: Indeedee|Grass\n|move|p1a: Indeedee|Helping Hand|p1b: Hariyama\n|-singleturn|p1b: Hariyama|Helping Hand|[of] p1a: Indeedee\n|move|p2b: Ting-Lu|Protect|p2b: Ting-Lu\n|-singleturn|p2b: Ting-Lu|Protect\n|move|p1b: Hariyama|Close Combat|p2b: Ting-Lu\n|-activate|p2b: Ting-Lu|move: Protect\n|move|p2a: Talonflame|Taunt|p1a: Indeedee\n|-start|p1a: Indeedee|move: Taunt\n|\n|-damage|p1b: Hariyama|83\/100 brn|[from] brn\n|upkeep\n|turn|6\n|\n|t:|1682659371\n|-terastallize|p2b: Ting-Lu|Poison\n|move|p1b: Hariyama|Close Combat|p2b: Ting-Lu\n|-resisted|p2b: Ting-Lu\n|-damage|p2b: Ting-Lu|70\/100\n|-unboost|p1b: Hariyama|def|1\n|-unboost|p1b: Hariyama|spd|1\n|move|p1a: Indeedee|Dazzling Gleam|p2a: Talonflame|[spread] p2a,p2b\n|-resisted|p2a: Talonflame\n|-resisted|p2b: Ting-Lu\n|-crit|p2b: Ting-Lu\n|-damage|p2a: Talonflame|10\/100\n|-damage|p2b: Ting-Lu|63\/100\n|move|p2b: Ting-Lu|Stomping Tantrum|p1b: Hariyama\n|-damage|p1b: Hariyama|0 fnt\n|faint|p1b: Hariyama\n|move|p2a: Talonflame|Brave Bird|p1a: Indeedee\n|-supereffective|p1a: Indeedee\n|-damage|p1a: Indeedee|0 fnt\n|faint|p1a: Indeedee\n|-damage|p2a: Talonflame|0 fnt|[from] Recoil\n|faint|p2a: Talonflame\n|\n|win|ClessCL\n|raw|GB Seraphix's rating: 1252 → 1230<\/strong> (-22 for losing)\n|raw|ClessCL's rating: 1291 → 1313<\/strong> (+22 for winning)\n|l|\u2606ClessCL\n|l|\u2606GB Seraphix\n|j|\u2606GB Seraphix\n|player|p1|GB Seraphix|rosa\n","uploadtime":1682659503,"views":10,"p1id":"gbseraphix","p2id":"clesscl","formatid":"gen9vgc2023regulationc","rating":1230,"private":0,"password":""}