{"id":"gen9vgc2023regulationc-1849266667","p1":"YumeAn5","p2":"Julicitos","format":"[Gen 9] VGC 2023 Regulation C","log":"|j|\u2606YumeAn5\n|j|\u2606Julicitos\n|t:|1682179648\n|gametype|doubles\n|player|p1|YumeAn5|tuberf|1127\n|player|p2|Julicitos|266|1190\n|teamsize|p1|6\n|teamsize|p2|6\n|gen|9\n|tier|[Gen 9] VGC 2023 Regulation C\n|rated|\n|rule|Species Clause: Limit one of each Pok\u00e9mon\n|rule|Item Clause: Limit one of each item\n|clearpoke\n|poke|p1|Arcanine, L50, M|\n|poke|p1|Flutter Mane, L50|\n|poke|p1|Amoonguss, L50, F|\n|poke|p1|Ting-Lu, L50|\n|poke|p1|Roaring Moon, L50|\n|poke|p1|Palafin, L50, F|\n|poke|p2|Indeedee-F, L50, F|\n|poke|p2|Hatterene, L50, F|\n|poke|p2|Armarouge, L50, M|\n|poke|p2|Ting-Lu, L50|\n|poke|p2|Farigiraf, L50, F|\n|poke|p2|Dondozo, L50, F|\n|teampreview|4\n|\n|t:|1682179680\n|start\n|switch|p1a: Camarero|Palafin, L50, F, shiny|100\/100\n|switch|p1b: Una de bravas|Flutter Mane, L50|100\/100\n|switch|p2a: Indeedee|Indeedee-F, L50, F|100\/100\n|switch|p2b: Hatterene|Hatterene, L50, F|100\/100\n|-fieldstart|move: Psychic Terrain|[from] ability: Psychic Surge|[of] p2a: Indeedee\n|-enditem|p2a: Indeedee|Psychic Seed\n|-boost|p2a: Indeedee|spd|1|[from] item: Psychic Seed\n|turn|1\n|inactive|Battle timer is ON: inactive players will automatically lose when time's up. (requested by Julicitos)\n|inactive|YumeAn5 has 60 seconds left.\n|\n|t:|1682179716\n|detailschange|p1a: Camarero|Palafin-Hero, L50, F, shiny\n|switch|p1a: $DOGE|Arcanine, L50, M, shiny|100\/100\n|-ability|p1a: $DOGE|Intimidate|boost\n|-unboost|p2a: Indeedee|atk|1\n|-unboost|p2b: Hatterene|atk|1\n|-terastallize|p2b: Hatterene|Fairy\n|move|p1b: Una de bravas|Shadow Ball|p2b: Hatterene\n|-damage|p2b: Hatterene|30\/100\n|move|p2b: Hatterene|Shadow Ball|p1b: Una de bravas\n|-supereffective|p1b: Una de bravas\n|-damage|p1b: Una de bravas|15\/100\n|-damage|p2b: Hatterene|21\/100|[from] item: Life Orb\n|move|p2a: Indeedee|Trick Room|p2a: Indeedee\n|-fieldstart|move: Trick Room|[of] p2a: Indeedee\n|\n|upkeep\n|turn|2\n|inactive|Julicitos has 30 seconds left.\n|\n|t:|1682179743\n|-end|p1b: Una de bravas|Protosynthesis|[silent]\n|switch|p1b: Seta|Amoonguss, L50, F, shiny|100\/100\n|move|p2a: Indeedee|Helping Hand|p2b: Hatterene\n|-singleturn|p2b: Hatterene|Helping Hand|[of] p2a: Indeedee\n|move|p2b: Hatterene|Dazzling Gleam|p1a: $DOGE|[spread] p1a,p1b\n|-resisted|p1a: $DOGE\n|-resisted|p1b: Seta\n|-damage|p1a: $DOGE|59\/100\n|-damage|p1b: Seta|62\/100\n|-damage|p2b: Hatterene|11\/100|[from] item: Life Orb\n|move|p1a: $DOGE|Snarl|p2a: Indeedee|[spread] p2a,p2b\n|-supereffective|p2a: Indeedee\n|-resisted|p2b: Hatterene\n|-damage|p2a: Indeedee|89\/100\n|-damage|p2b: Hatterene|7\/100\n|-unboost|p2a: Indeedee|spa|1\n|-unboost|p2b: Hatterene|spa|1\n|\n|upkeep\n|turn|3\n|\n|t:|1682179768\n|move|p2b: Hatterene|Psychic|p1a: $DOGE\n|-damage|p1a: $DOGE|2\/100\n|-enditem|p1a: $DOGE|Aguav Berry|[eat]\n|-heal|p1a: $DOGE|35\/100|[from] item: Aguav Berry\n|-damage|p2b: Hatterene|0 fnt|[from] item: Life Orb\n|faint|p2b: Hatterene\n|move|p1b: Seta|Pollen Puff|p1a: $DOGE\n|-heal|p1a: $DOGE|85\/100\n|move|p2a: Indeedee|Dazzling Gleam|p1b: Seta|[spread] p1a,p1b\n|-resisted|p1a: $DOGE\n|-resisted|p1b: Seta\n|-damage|p1a: $DOGE|81\/100\n|-damage|p1b: Seta|58\/100\n|move|p1a: $DOGE|Sunny Day|p1a: $DOGE\n|-weather|SunnyDay\n|\n|-weather|SunnyDay|[upkeep]\n|upkeep\n|c|\u2606YumeAn5|artista\n|\n|t:|1682179788\n|switch|p2b: Armarouge|Armarouge, L50, M|100\/100\n|turn|4\n|\n|t:|1682179796\n|move|p2a: Indeedee|Helping Hand|p2b: Armarouge\n|-singleturn|p2b: Armarouge|Helping Hand|[of] p2a: Indeedee\n|move|p1b: Seta|Spore|p2a: Indeedee\n|-status|p2a: Indeedee|slp|[from] move: Spore\n|move|p2b: Armarouge|Expanding Force|p1b: Seta|[spread] p1a,p1b\n|-supereffective|p1b: Seta\n|-damage|p1a: $DOGE|0 fnt\n|-damage|p1b: Seta|0 fnt\n|faint|p1a: $DOGE\n|faint|p1b: Seta\n|\n|-weather|SunnyDay|[upkeep]\n|upkeep\n|\n|t:|1682179806\n|switch|p1b: Una de bravas|Flutter Mane, L50|15\/100\n|switch|p1a: Camarero|Palafin-Hero, L50, F, shiny|100\/100\n|-activate|p1a: Camarero|ability: Zero to Hero\n|-activate|p1b: Una de bravas|ability: Protosynthesis\n|-start|p1b: Una de bravas|protosynthesisspa\n|turn|5\n|inactive|Julicitos has 30 seconds left.\n|\n|t:|1682179834\n|switch|p2a: Dondozo|Dondozo, L50, F|100\/100\n|move|p1a: Camarero|Protect|p1a: Camarero\n|-singleturn|p1a: Camarero|Protect\n|move|p2b: Armarouge|Expanding Force|p1b: Una de bravas|[spread] p1b\n|-activate|p1a: Camarero|move: Protect\n|-damage|p1b: Una de bravas|0 fnt\n|faint|p1b: Una de bravas\n|-end|p1b: Una de bravas|Protosynthesis|[silent]\n|\n|-weather|SunnyDay|[upkeep]\n|-fieldend|move: Trick Room\n|-fieldend|move: Psychic Terrain\n|upkeep\n|turn|6\n|inactive|Julicitos has 30 seconds left.\n|\n|t:|1682179859\n|switch|p2b: Indeedee|Indeedee-F, L50, F|89\/100 slp\n|-fieldstart|move: Psychic Terrain|[from] ability: Psychic Surge|[of] p2b: Indeedee\n|-terastallize|p1a: Camarero|Water\n|move|p1a: Camarero|Wave Crash|p2b: Indeedee\n|-damage|p2b: Indeedee|35\/100 slp\n|-damage|p1a: Camarero|85\/100|[from] Recoil\n|move|p2a: Dondozo|Stomping Tantrum|p1a: Camarero\n|-damage|p1a: Camarero|65\/100\n|\n|-weather|SunnyDay|[upkeep]\n|upkeep\n|turn|7\n|\n|t:|1682179883\n|cant|p2b: Indeedee|slp\n|move|p1a: Camarero|Bulk Up|p1a: Camarero\n|-boost|p1a: Camarero|atk|1\n|-boost|p1a: Camarero|def|1\n|move|p2a: Dondozo|Stomping Tantrum|p1a: Camarero\n|-damage|p1a: Camarero|51\/100\n|\n|-weather|none\n|upkeep\n|turn|8\n|\n|t:|1682179904\n|-curestatus|p2b: Indeedee|slp|[msg]\n|move|p2b: Indeedee|Helping Hand|p2a: Dondozo\n|-singleturn|p2a: Dondozo|Helping Hand|[of] p2b: Indeedee\n|move|p1a: Camarero|Jet Punch|p2b: Indeedee\n|-activate|p2b: Indeedee|move: Psychic Terrain\n|move|p2a: Dondozo|Wave Crash|p1a: Camarero\n|-resisted|p1a: Camarero\n|-damage|p1a: Camarero|26\/100\n|-damage|p2a: Dondozo|94\/100|[from] Recoil\n|\n|upkeep\n|turn|9\n|\n|t:|1682179921\n|move|p2b: Indeedee|Helping Hand|p2a: Dondozo\n|-singleturn|p2a: Dondozo|Helping Hand|[of] p2b: Indeedee\n|move|p1a: Camarero|Wave Crash|p2b: Indeedee\n|-damage|p2b: Indeedee|0 fnt\n|faint|p2b: Indeedee\n|-damage|p1a: Camarero|16\/100|[from] Recoil\n|move|p2a: Dondozo|Wave Crash|p1a: Camarero\n|-resisted|p1a: Camarero\n|-damage|p1a: Camarero|0 fnt\n|faint|p1a: Camarero\n|-damage|p2a: Dondozo|90\/100|[from] Recoil\n|\n|win|Julicitos\n|raw|YumeAn5's rating: 1127 → 1106<\/strong> (-21 for losing)\n|raw|Julicitos's rating: 1190 → 1211<\/strong> (+21 for winning)\n|l|\u2606YumeAn5\n","uploadtime":1682179966,"views":8,"p1id":"yumean5","p2id":"julicitos","formatid":"gen9vgc2023regulationc","rating":1106,"private":0,"password":""}