{"id":"gen9vgc2023regulationc-1847639741","p1":"KuronaRanze3","p2":"daaaniiel","format":"[Gen 9] VGC 2023 Regulation C","log":"|j|\u2606KuronaRanze3\n|j|\u2606daaaniiel\n|t:|1681986089\n|gametype|doubles\n|player|p1|KuronaRanze3|acerola-masters|\n|player|p2|daaaniiel|shadowtriad|\n|teamsize|p1|6\n|teamsize|p2|6\n|gen|9\n|tier|[Gen 9] VGC 2023 Regulation C\n|rule|Species Clause: Limit one of each Pok\u00e9mon\n|rule|Item Clause: Limit one of each item\n|clearpoke\n|poke|p1|Palafin, L50, F|\n|poke|p1|Flutter Mane, L50|\n|poke|p1|Arcanine, L50, F|\n|poke|p1|Amoonguss, L50, F|\n|poke|p1|Ting-Lu, L50|\n|poke|p1|Roaring Moon, L50|\n|poke|p2|Grimmsnarl, L50, M|\n|poke|p2|Annihilape, L50, F|\n|poke|p2|Gastrodon-East, L50, M|\n|poke|p2|Arcanine, L50, F|\n|poke|p2|Flutter Mane, L50|\n|poke|p2|Amoonguss, L50, F|\n|teampreview|4\n|inactive|Battle timer is ON: inactive players will automatically lose when time's up. (requested by KuronaRanze3)\nKuronaRanze3 has agreed to open team sheets.\ndaaaniiel rejected open team sheets.\n|\n|t:|1681986112\n|start\n|switch|p1a: Ting-Lu|Ting-Lu, L50|100\/100\n|switch|p1b: Roaring Moon|Roaring Moon, L50|100\/100\n|switch|p2a: Cemento|Grimmsnarl, L50, M|100\/100\n|switch|p2b: macaco|Annihilape, L50, F|100\/100\n|-ability|p1a: Ting-Lu|Vessel of Ruin\n|-enditem|p1b: Roaring Moon|Booster Energy\n|-activate|p1b: Roaring Moon|ability: Protosynthesis|[fromitem]\n|-start|p1b: Roaring Moon|protosynthesisatk\n|turn|1\n|\n|t:|1681986136\n|-terastallize|p1b: Roaring Moon|Flying\n|move|p2a: Cemento|Reflect|p2a: Cemento\n|-sidestart|p2: daaaniiel|Reflect\n|move|p1b: Roaring Moon|Acrobatics|p2b: macaco\n|-supereffective|p2b: macaco\n|-damage|p2b: macaco|2\/100\n|move|p2b: macaco|Bulk Up|p2b: macaco\n|-boost|p2b: macaco|atk|1\n|-boost|p2b: macaco|def|1\n|move|p1a: Ting-Lu|Heavy Slam|p2a: Cemento\n|-supereffective|p2a: Cemento\n|-crit|p2a: Cemento\n|-damage|p2a: Cemento|0 fnt\n|faint|p2a: Cemento\n|\n|-heal|p2b: macaco|8\/100|[from] item: Leftovers\n|upkeep\n|\n|t:|1681986145\n|switch|p2a: mario|Gastrodon-East, L50, M|100\/100\n|turn|2\n|\n|t:|1681986169\n|move|p2b: macaco|Protect|p2b: macaco\n|-singleturn|p2b: macaco|Protect\n|move|p1b: Roaring Moon|Acrobatics|p2a: mario\n|-damage|p2a: mario|52\/100\n|move|p1a: Ting-Lu|Stomping Tantrum|p2b: macaco\n|-activate|p2b: macaco|move: Protect\n|move|p2a: mario|Surf|p1a: Ting-Lu|[spread] p1a,p1b\n|-activate|p2b: macaco|move: Protect\n|-supereffective|p1a: Ting-Lu\n|-damage|p1a: Ting-Lu|85\/100\n|-damage|p1b: Roaring Moon|85\/100\n|\n|-heal|p2b: macaco|14\/100|[from] item: Leftovers\n|upkeep\n|turn|3\n|inactive|daaaniiel has 30 seconds left.\n|\n|t:|1681986202\n|move|p1b: Roaring Moon|Dragon Dance|p1b: Roaring Moon\n|-boost|p1b: Roaring Moon|atk|1\n|-boost|p1b: Roaring Moon|spe|1\n|move|p2b: macaco|Drain Punch|p1b: Roaring Moon\n|-resisted|p1b: Roaring Moon\n|-damage|p1b: Roaring Moon|59\/100\n|-heal|p2b: macaco|25\/100|[from] drain|[of] p1b: Roaring Moon\n|move|p1a: Ting-Lu|Stomping Tantrum|p2b: macaco\n|-damage|p2b: macaco|11\/100\n|move|p2a: mario|Clear Smog|p1b: Roaring Moon\n|-damage|p1b: Roaring Moon|50\/100\n|-clearboost|p1b: Roaring Moon\n|\n|-heal|p2b: macaco|17\/100|[from] item: Leftovers\n|upkeep\n|turn|4\n|inactive|KuronaRanze3 has 30 seconds left.\n|\n|t:|1681986236\n|move|p2b: macaco|Protect|p2b: macaco\n|-singleturn|p2b: macaco|Protect\n|move|p1b: Roaring Moon|Acrobatics|p2a: mario\n|-damage|p2a: mario|10\/100\n|move|p1a: Ting-Lu|Stomping Tantrum|p2a: mario\n|-damage|p2a: mario|0 fnt\n|faint|p2a: mario\n|\n|-heal|p2b: macaco|23\/100|[from] item: Leftovers\n|upkeep\n|\n|t:|1681986246\n|switch|p2a: MASSA|Flutter Mane, L50|100\/100\n|-enditem|p2a: MASSA|Booster Energy\n|-activate|p2a: MASSA|ability: Protosynthesis|[fromitem]\n|-start|p2a: MASSA|protosynthesisspe\n|turn|5\n|\n|t:|1681986256\n|move|p1b: Roaring Moon|Protect|p1b: Roaring Moon\n|-singleturn|p1b: Roaring Moon|Protect\n|move|p2a: MASSA|Dazzling Gleam|p1b: Roaring Moon|[spread] p1a\n|-activate|p1b: Roaring Moon|move: Protect\n|-supereffective|p1a: Ting-Lu\n|-damage|p1a: Ting-Lu|66\/100\n|move|p2b: macaco|Rage Fist|p1a: Ting-Lu\n|-resisted|p1a: Ting-Lu\n|-damage|p1a: Ting-Lu|35\/100\n|move|p1a: Ting-Lu|Heavy Slam|p2a: MASSA\n|-supereffective|p2a: MASSA\n|-damage|p2a: MASSA|23\/100\n|\n|-heal|p2b: macaco|29\/100|[from] item: Leftovers\n|upkeep\n|turn|6\n|\n|t:|1681986272\n|move|p2a: MASSA|Protect|p2a: MASSA\n|-singleturn|p2a: MASSA|Protect\n|move|p2b: macaco|Protect|p2b: macaco\n|-singleturn|p2b: macaco|Protect\n|move|p1b: Roaring Moon|Acrobatics|p2b: macaco\n|-activate|p2b: macaco|move: Protect\n|move|p1a: Ting-Lu|Stomping Tantrum|p2a: MASSA\n|-activate|p2a: MASSA|move: Protect\n|\n|-heal|p2b: macaco|35\/100|[from] item: Leftovers\n|upkeep\n|turn|7\n|\n|t:|1681986295\n|move|p1b: Roaring Moon|Protect|p1b: Roaring Moon\n|-singleturn|p1b: Roaring Moon|Protect\n|move|p2a: MASSA|Shadow Ball|p1a: Ting-Lu\n|-resisted|p1a: Ting-Lu\n|-damage|p1a: Ting-Lu|28\/100\n|move|p2b: macaco|Drain Punch|p1b: Roaring Moon\n|-activate|p1b: Roaring Moon|move: Protect\n|move|p1a: Ting-Lu|Stomping Tantrum|p2a: MASSA\n|-damage|p2a: MASSA|0 fnt\n|faint|p2a: MASSA\n|-end|p2a: MASSA|Protosynthesis|[silent]\n|\n|-heal|p2b: macaco|41\/100|[from] item: Leftovers\n|upkeep\n|turn|8\n|\n|t:|1681986306\n|move|p1b: Roaring Moon|Acrobatics|p2b: macaco\n|-supereffective|p2b: macaco\n|-damage|p2b: macaco|0 fnt\n|faint|p2b: macaco\n|\n|win|KuronaRanze3\n","uploadtime":1681986454,"views":15,"p1id":"kuronaranze3","p2id":"daaaniiel","formatid":"gen9vgc2023regulationc","rating":0,"private":0,"password":""}