{"id":"gen9vgc2023regulationc-1849120872","p1":"Sonicspeedmaster","p2":"lesleychow307","format":"[Gen 9] VGC 2023 Regulation C","log":"|j|\u2606Sonicspeedmaster\n|j|\u2606lesleychow307\n|t:|1682159269\n|gametype|doubles\n|player|p1|Sonicspeedmaster|volkner|1121\n|player|p2|lesleychow307|1|1195\n|teamsize|p1|6\n|teamsize|p2|6\n|gen|9\n|tier|[Gen 9] VGC 2023 Regulation C\n|rated|\n|rule|Species Clause: Limit one of each Pok\u00e9mon\n|rule|Item Clause: Limit one of each item\n|clearpoke\n|poke|p1|Murkrow, L50, M|\n|poke|p1|Armarouge, L50, M|\n|poke|p1|Indeedee-F, L50, F|\n|poke|p1|Meowscarada, L50, F|\n|poke|p1|Gholdengo, L50|\n|poke|p1|Amoonguss, L50, M|\n|poke|p2|Ceruledge, L50, M|\n|poke|p2|Amoonguss, L50, F|\n|poke|p2|Sableye, L50, M|\n|poke|p2|Kingambit, L50, F|\n|poke|p2|Flutter Mane, L50|\n|poke|p2|Iron Bundle, L50|\n|teampreview|4\n|inactive|Battle timer is ON: inactive players will automatically lose when time's up. (requested by Sonicspeedmaster)\n|\n|t:|1682159294\n|start\n|switch|p1a: Murkrow|Murkrow, L50, M|100\/100\n|switch|p1b: Gholdengo|Gholdengo, L50|100\/100\n|switch|p2a: Kingambit|Kingambit, L50, F|100\/100\n|switch|p2b: Sableye|Sableye, L50, M|100\/100\n|turn|1\n|inactive|Sonicspeedmaster has 30 seconds left.\n|\n|t:|1682159321\n|-terastallize|p1b: Gholdengo|Steel\n|-terastallize|p2a: Kingambit|Fire\n|move|p1a: Murkrow|Tailwind|p1a: Murkrow\n|-sidestart|p1: Sonicspeedmaster|move: Tailwind\n|move|p2b: Sableye|Light Screen|p2b: Sableye\n|-sidestart|p2: lesleychow307|move: Light Screen\n|move|p1b: Gholdengo|Make It Rain|p2b: Sableye|[spread] p2a,p2b\n|-resisted|p2a: Kingambit\n|-damage|p2a: Kingambit|79\/100\n|-damage|p2b: Sableye|32\/100\n|-unboost|p1b: Gholdengo|spa|1\n|move|p2a: Kingambit|Kowtow Cleave|p1b: Gholdengo\n|-damage|p1b: Gholdengo|41\/100\n|\n|upkeep\n|turn|2\n|inactive|lesleychow307 has 30 seconds left.\n|\n|t:|1682159349\n|switch|p2b: Ceruledge|Ceruledge, L50, M, shiny|100\/100\n|move|p1b: Gholdengo|Make It Rain|p2a: Kingambit|[spread] p2a,p2b\n|-resisted|p2a: Kingambit\n|-resisted|p2b: Ceruledge\n|-damage|p2a: Kingambit|65\/100\n|-damage|p2b: Ceruledge|78\/100\n|-unboost|p1b: Gholdengo|spa|1\n|move|p1a: Murkrow|Foul Play|p2a: Kingambit\n|-damage|p2a: Kingambit|26\/100\n|move|p2a: Kingambit|Kowtow Cleave|p1b: Gholdengo\n|-damage|p1b: Gholdengo|0 fnt\n|faint|p1b: Gholdengo\n|\n|upkeep\n|\n|t:|1682159363\n|switch|p1b: Meowscarada|Meowscarada, L50, F|100\/100\n|turn|3\n|inactive|Sonicspeedmaster has 30 seconds left.\n|inactive|Sonicspeedmaster has 20 seconds left.\n|inactive|Sonicspeedmaster has 15 seconds left.\n|inactive|Sonicspeedmaster has 10 seconds left.\n|inactive|Sonicspeedmaster has 5 seconds left.\n|\n|t:|1682159415\n|switch|p2b: Sableye|Sableye, L50, M|32\/100\n|move|p2a: Kingambit|Sucker Punch|p1b: Meowscarada\n|-resisted|p1b: Meowscarada\n|-damage|p1b: Meowscarada|67\/100\n|move|p1b: Meowscarada|U-turn|p2a: Kingambit\n|-resisted|p2a: Kingambit\n|-damage|p2a: Kingambit|13\/100\n|\n|t:|1682159422\n|switch|p1b: Armarouge|Armarouge, L50, M|100\/100|[from] U-turn\n|move|p1a: Murkrow|Foul Play|p2b: Sableye\n|-damage|p2b: Sableye|6\/100\n|\n|upkeep\n|turn|4\n|inactive|Sonicspeedmaster has 30 seconds left.\n|inactive|lesleychow307 has 30 seconds left.\n|inactive|lesleychow307 has 20 seconds left.\n|inactive|lesleychow307 has 15 seconds left.\n|\n|t:|1682159463\n|move|p2b: Sableye|Reflect|p2b: Sableye\n|-sidestart|p2: lesleychow307|Reflect\n|move|p2a: Kingambit|Sucker Punch|p1b: Armarouge\n|-supereffective|p1b: Armarouge\n|-damage|p1b: Armarouge|21\/100\n|-ability|p1b: Armarouge|Weak Armor|boost\n|-unboost|p1b: Armarouge|def|1\n|-boost|p1b: Armarouge|spe|2\n|move|p1b: Armarouge|Expanding Force|p2a: Kingambit\n|-damage|p2a: Kingambit|0 fnt\n|faint|p2a: Kingambit\n|-damage|p1b: Armarouge|11\/100|[from] item: Life Orb\n|move|p1a: Murkrow|Foul Play|p2b: Sableye\n|-damage|p2b: Sableye|0 fnt\n|faint|p2b: Sableye\n|\n|-sideend|p1: Sonicspeedmaster|move: Tailwind\n|upkeep\n|\n|t:|1682159482\n|switch|p2a: Iron Bundle|Iron Bundle, L50|100\/100\n|switch|p2b: Ceruledge|Ceruledge, L50, M, shiny|78\/100\n|-enditem|p2a: Iron Bundle|Booster Energy\n|-activate|p2a: Iron Bundle|ability: Quark Drive|[fromitem]\n|-start|p2a: Iron Bundle|quarkdrivespe\n|turn|5\n|inactive|Sonicspeedmaster has 30 seconds left.\n|\n|t:|1682159511\n|move|p2b: Ceruledge|Protect|p2b: Ceruledge\n|-singleturn|p2b: Ceruledge|Protect\n|move|p1a: Murkrow|Tailwind|p1a: Murkrow\n|-sidestart|p1: Sonicspeedmaster|move: Tailwind\n|move|p1b: Armarouge|Armor Cannon|p2a: Iron Bundle\n|-damage|p2a: Iron Bundle|0 fnt\n|-unboost|p1b: Armarouge|def|1\n|-unboost|p1b: Armarouge|spd|1\n|faint|p2a: Iron Bundle\n|-end|p2a: Iron Bundle|Quark Drive|[silent]\n|-damage|p1b: Armarouge|1\/100|[from] item: Life Orb\n|\n|upkeep\n|turn|6\n|\n|t:|1682159529\n|move|p1b: Armarouge|Expanding Force|p2b: Ceruledge\n|-damage|p2b: Ceruledge|39\/100\n|-damage|p1b: Armarouge|0 fnt|[from] item: Life Orb\n|faint|p1b: Armarouge\n|move|p1a: Murkrow|Foul Play|p2b: Ceruledge\n|-supereffective|p2b: Ceruledge\n|-damage|p2b: Ceruledge|0 fnt\n|faint|p2b: Ceruledge\n|\n|win|Sonicspeedmaster\n|raw|Sonicspeedmaster's rating: 1121 → 1151<\/strong> (+30 for winning)\n|raw|lesleychow307's rating: 1195 → 1165<\/strong> (-30 for losing)\n|c|\u2606Sonicspeedmaster|g\n","uploadtime":1682159538,"views":15,"p1id":"sonicspeedmaster","p2id":"lesleychow307","formatid":"gen9vgc2023regulationc","rating":1151,"private":0,"password":""}