{"id":"gen9vgc2023regulationc-1855918804","p1":"leafyarrow","p2":"Evokalis","format":"[Gen 9] VGC 2023 Regulation C","log":"|j|\u2606leafyarrow\n|j|\u2606Evokalis\n|t:|1683000540\n|gametype|doubles\n|player|p1|leafyarrow|leaf-gen3|\n|player|p2|Evokalis|iris-gen5bw2|\n|teamsize|p1|6\n|teamsize|p2|6\n|gen|9\n|tier|[Gen 9] VGC 2023 Regulation C\n|rated|Tournament battle\n|rule|Species Clause: Limit one of each Pok\u00e9mon\n|rule|Item Clause: Limit one of each item\n|clearpoke\n|poke|p1|Flutter Mane, L50|\n|poke|p1|Palafin, L50, M|\n|poke|p1|Amoonguss, L50, F|\n|poke|p1|Ting-Lu, L50|\n|poke|p1|Arcanine, L50, M|\n|poke|p1|Kingambit, L50, M|\n|poke|p2|Chi-Yu, L50|\n|poke|p2|Iron Hands, L50|\n|poke|p2|Flutter Mane, L50|\n|poke|p2|Ting-Lu, L50|\n|poke|p2|Garchomp, L50, M|\n|poke|p2|Amoonguss, L50, F|\n|teampreview|4\n|raw| Open Team Sheet for leafyarrow<\/summary>Flutter Mane @ Choice Specs Ability: Protosynthesis Level: 50 Tera Type: Fairy - Moonblast - Dazzling Gleam - Shadow Ball - Thunderbolt Palafin @ Mystic Water Ability: Zero to Hero Level: 50 Tera Type: Water - Jet Punch - Wave Crash - Haze - Protect Amoonguss @ Sitrus Berry Ability: Regenerator Level: 50 Tera Type: Water - Pollen Puff - Protect - Spore - Rage Powder Ting-Lu @ Assault Vest Ability: Vessel of Ruin Level: 50 Tera Type: Poison - Ruination - Stomping Tantrum - Heavy Slam - Fissure Arcanine @ Safety Goggles Ability: Intimidate Level: 50 Tera Type: Grass - Flare Blitz - Will-O-Wisp - Protect - Extreme Speed Kingambit @ Lum Berry Ability: Defiant Level: 50 Tera Type: Flying - Iron Head - Protect - Sucker Punch - Kowtow Cleave <\/details><\/div> Open Team Sheet for Evokalis<\/summary>Chi-Yu @ Choice Scarf Ability: Beads of Ruin Level: 50 Tera Type: Flying - Heat Wave - Dark Pulse - Overheat - Memento Iron Hands @ Booster Energy Ability: Quark Drive Level: 50 Tera Type: Flying - Drain Punch - Thunder Punch - Fake Out - Swords Dance Flutter Mane @ Focus Sash Ability: Protosynthesis Level: 50 Tera Type: Fairy - Shadow Ball - Moonblast - Dazzling Gleam - Protect Ting-Lu @ Assault Vest Ability: Vessel of Ruin Level: 50 Tera Type: Fairy - Throat Chop - Stomping Tantrum - Rock Slide - Ruination Garchomp @ Clear Amulet Ability: Rough Skin Level: 50 Tera Type: Steel - Dragon Claw - Stomping Tantrum - Rock Slide - Iron Head Amoonguss @ Leftovers Ability: Regenerator Level: 50 Tera Type: Flying - Spore - Rage Powder - Pollen Puff - Protect <\/details><\/div>\n|inactive|Battle timer is ON: inactive players will automatically lose when time's up. (requested by Evokalis)\n|j| goldenchimchar\n|j| CblonVGC\n|l| CblonVGC\n|inactive|leafyarrow has 60 seconds left.\n|\n|t:|1683000584\n|start\n|switch|p1a: Palafin|Palafin, L50, M|100\/100\n|switch|p1b: Arcanine|Arcanine, L50, M|100\/100\n|switch|p2a: Chi-Yu|Chi-Yu, L50|100\/100\n|switch|p2b: Flutter Mane|Flutter Mane, L50|100\/100\n|-ability|p2a: Chi-Yu|Beads of Ruin\n|-ability|p1b: Arcanine|Intimidate|boost\n|-unboost|p2a: Chi-Yu|atk|1\n|-unboost|p2b: Flutter Mane|atk|1\n|turn|1\n|inactive|leafyarrow has 30 seconds left.\n|inactive|Evokalis has 30 seconds left.\n|inactive|leafyarrow has 20 seconds left.\n|\n|t:|1683000621\n|-terastallize|p1a: Palafin|Water\n|move|p1b: Arcanine|Extreme Speed|p2a: Chi-Yu\n|-crit|p2a: Chi-Yu\n|-damage|p2a: Chi-Yu|39\/100\n|move|p1a: Palafin|Jet Punch|p2a: Chi-Yu\n|-supereffective|p2a: Chi-Yu\n|-damage|p2a: Chi-Yu|0 fnt\n|faint|p2a: Chi-Yu\n|move|p2b: Flutter Mane|Shadow Ball|p1b: Arcanine\n|-damage|p1b: Arcanine|59\/100\n|\n|upkeep\n|j| jacob weedson\n|\n|t:|1683000630\n|switch|p2a: Iron Hands|Iron Hands, L50|100\/100\n|-enditem|p2a: Iron Hands|Booster Energy\n|-activate|p2a: Iron Hands|ability: Quark Drive|[fromitem]\n|-start|p2a: Iron Hands|quarkdriveatk\n|turn|2\n|l| jacob weedson\n|inactive|leafyarrow has 30 seconds left.\n|\n|t:|1683000660\n|detailschange|p1a: Palafin|Palafin-Hero, L50, M, tera:Water\n|switch|p1a: Amoonguss|Amoonguss, L50, F|100\/100\n|move|p2b: Flutter Mane|Shadow Ball|p1b: Arcanine\n|-damage|p1b: Arcanine|13\/100\n|-unboost|p1b: Arcanine|spd|1\n|move|p1b: Arcanine|Will-O-Wisp|p2a: Iron Hands\n|-status|p2a: Iron Hands|brn\n|move|p2a: Iron Hands|Swords Dance|p2a: Iron Hands\n|-boost|p2a: Iron Hands|atk|2\n|\n|-damage|p2a: Iron Hands|94\/100 brn|[from] brn\n|upkeep\n|turn|3\n|l| goldenchimchar\n|\n|t:|1683000680\n|move|p1b: Arcanine|Protect|p1b: Arcanine\n|-singleturn|p1b: Arcanine|Protect\n|move|p2b: Flutter Mane|Dazzling Gleam|p1b: Arcanine|[spread] p1a\n|-activate|p1b: Arcanine|move: Protect\n|-resisted|p1a: Amoonguss\n|-damage|p1a: Amoonguss|88\/100\n|move|p2a: Iron Hands|Swords Dance|p2a: Iron Hands\n|-boost|p2a: Iron Hands|atk|2\n|move|p1a: Amoonguss|Spore|p2b: Flutter Mane\n|-status|p2b: Flutter Mane|slp|[from] move: Spore\n|\n|-damage|p2a: Iron Hands|88\/100 brn|[from] brn\n|upkeep\n|turn|4\n|inactive|leafyarrow has 30 seconds left.\n|\n|t:|1683000707\n|cant|p2b: Flutter Mane|slp\n|move|p1b: Arcanine|Flare Blitz|p2b: Flutter Mane\n|-enditem|p2b: Flutter Mane|Focus Sash\n|-damage|p2b: Flutter Mane|1\/100 slp\n|-damage|p1b: Arcanine|0 fnt|[from] Recoil\n|faint|p1b: Arcanine\n|move|p2a: Iron Hands|Drain Punch|p1a: Amoonguss\n|-resisted|p1a: Amoonguss\n|-damage|p1a: Amoonguss|55\/100\n|-heal|p2a: Iron Hands|100\/100 brn|[from] drain|[of] p1a: Amoonguss\n|move|p1a: Amoonguss|Pollen Puff|p2b: Flutter Mane\n|-resisted|p2b: Flutter Mane\n|-crit|p2b: Flutter Mane\n|-damage|p2b: Flutter Mane|0 fnt\n|faint|p2b: Flutter Mane\n|-end|p2b: Flutter Mane|Protosynthesis|[silent]\n|\n|-damage|p2a: Iron Hands|94\/100 brn|[from] brn\n|upkeep\n|j| MasterofMetapods5\n|\n|t:|1683000723\n|switch|p2b: Garchomp|Garchomp, L50, M|100\/100\n|switch|p1b: Palafin|Palafin-Hero, L50, M, tera:Water|100\/100\n|-activate|p1b: Palafin|ability: Zero to Hero\n|turn|5\n|c|\u2606Evokalis|a crit for the ages\n|inactive|Evokalis has 30 seconds left.\n|\n|t:|1683000753\n|move|p2b: Garchomp|Stomping Tantrum|p1a: Amoonguss\n|-damage|p1a: Amoonguss|25\/100\n|-enditem|p1a: Amoonguss|Sitrus Berry|[eat]\n|-heal|p1a: Amoonguss|50\/100|[from] item: Sitrus Berry\n|move|p1b: Palafin|Haze|p1b: Palafin\n|-clearallboost\n|move|p2a: Iron Hands|Drain Punch|p1b: Palafin\n|-damage|p1b: Palafin|72\/100\n|-heal|p2a: Iron Hands|100\/100 brn|[from] drain|[of] p1b: Palafin\n|move|p1a: Amoonguss|Spore|p2b: Garchomp\n|-status|p2b: Garchomp|slp|[from] move: Spore\n|\n|-damage|p2a: Iron Hands|94\/100 brn|[from] brn\n|upkeep\n|turn|6\n|inactive|leafyarrow has 30 seconds left.\n|\n|t:|1683000781\n|move|p1b: Palafin|Jet Punch|p2a: Iron Hands\n|-damage|p2a: Iron Hands|47\/100 brn\n|cant|p2b: Garchomp|slp\n|move|p2a: Iron Hands|Thunder Punch|p1b: Palafin\n|-supereffective|p1b: Palafin\n|-damage|p1b: Palafin|23\/100\n|move|p1a: Amoonguss|Pollen Puff|p1b: Palafin\n|-heal|p1b: Palafin|73\/100\n|\n|-damage|p2a: Iron Hands|41\/100 brn|[from] brn\n|upkeep\n|turn|7\n|l| MasterofMetapods5\n|c|\u2606Evokalis|gg\n|inactive|Evokalis has 30 seconds left.\n|c|\u2606Evokalis|should've looked at the sheet\n|inactive|Evokalis has 20 seconds left.\n|c|\u2606Evokalis|didn't know about haze\n|inactive|Evokalis has 15 seconds left.\n|inactive|Evokalis has 10 seconds left.\n|inactive|Evokalis has 5 seconds left.\n|\n|t:|1683000836\n|-terastallize|p2b: Garchomp|Steel\n|move|p1b: Palafin|Jet Punch|p2a: Iron Hands\n|-damage|p2a: Iron Hands|0 fnt\n|faint|p2a: Iron Hands\n|-end|p2a: Iron Hands|Quark Drive|[silent]\n|cant|p2b: Garchomp|slp\n|move|p1a: Amoonguss|Pollen Puff|p1b: Palafin\n|-heal|p1b: Palafin|100\/100\n|\n|upkeep\n|turn|8\n|\n|t:|1683000861\n|switch|p1a: Flutter Mane|Flutter Mane, L50|100\/100\n|move|p1b: Palafin|Jet Punch|p2b: Garchomp\n|-damage|p2b: Garchomp|31\/100 slp\n|-damage|p1b: Palafin|88\/100|[from] ability: Rough Skin|[of] p2b: Garchomp\n|cant|p2b: Garchomp|slp\n|\n|upkeep\n|turn|9\n|\n|t:|1683000871\n|move|p1b: Palafin|Jet Punch|p2b: Garchomp\n|-damage|p2b: Garchomp|0 fnt\n|-damage|p1b: Palafin|76\/100|[from] ability: Rough Skin|[of] p2b: Garchomp\n|faint|p2b: Garchomp\n|\n|win|leafyarrow\n|n|\u2606leafyarrow|leafyarrow\n|n|\u2606Evokalis|evokalis\n","uploadtime":1683000876,"views":18,"p1id":"leafyarrow","p2id":"evokalis","formatid":"gen9vgc2023regulationc","rating":0,"private":0,"password":""}