{"id":"gen9vgc2023regulationc-1851140189","p1":"mzmzmzbaby","p2":"Insertable194","format":"[Gen 9] VGC 2023 Regulation C","log":"|j|\u2606mzmzmzbaby\n|j|\u2606Insertable194\n|t:|1682415841\n|gametype|doubles\n|player|p1|mzmzmzbaby|266|1414\n|player|p2|Insertable194|169|1479\n|teamsize|p1|6\n|teamsize|p2|6\n|gen|9\n|tier|[Gen 9] VGC 2023 Regulation C\n|rated|\n|rule|Species Clause: Limit one of each Pok\u00e9mon\n|rule|Item Clause: Limit one of each item\n|clearpoke\n|poke|p1|Maushold, L50|\n|poke|p1|Annihilape, L50, F|\n|poke|p1|Iron Bundle, L50|\n|poke|p1|Arcanine, L50, M|\n|poke|p1|Gholdengo, L50|\n|poke|p1|Roaring Moon, L50|\n|poke|p2|Talonflame, L50, F|\n|poke|p2|Dragapult, L50, M|\n|poke|p2|Flutter Mane, L50|\n|poke|p2|Chien-Pao, L50|\n|poke|p2|Farigiraf, L50, F|\n|poke|p2|Chi-Yu, L50|\n|teampreview|4\n|inactive|Battle timer is ON: inactive players will automatically lose when time's up. (requested by mzmzmzbaby)\nInsertable194 has agreed to open team sheets.\n|j| ALLen030\n|inactive|mzmzmzbaby has 60 seconds left.\n|inactive|Insertable194 has 60 seconds left.\n|inactive|mzmzmzbaby has 30 seconds left.\n|inactive|mzmzmzbaby has 20 seconds left.\n|\n|t:|1682415919\n|start\n|switch|p1a: Iron Bundle|Iron Bundle, L50|100\/100\n|switch|p1b: Roaring Moon|Roaring Moon, L50|100\/100\n|switch|p2a: Flutter Mane|Flutter Mane, L50|100\/100\n|switch|p2b: Dragapult|Dragapult, L50, M|100\/100\n|-enditem|p1b: Roaring Moon|Booster Energy\n|-activate|p1b: Roaring Moon|ability: Protosynthesis|[fromitem]\n|-start|p1b: Roaring Moon|protosynthesisspe\n|turn|1\n|inactive|mzmzmzbaby has 30 seconds left.\n|\n|t:|1682415946\n|switch|p2b: Chi-Yu|Chi-Yu, L50|100\/100\n|-ability|p2b: Chi-Yu|Beads of Ruin\n|-terastallize|p2a: Flutter Mane|Fairy\n|move|p1b: Roaring Moon|Tailwind|p1b: Roaring Moon\n|-sidestart|p1: mzmzmzbaby|move: Tailwind\n|move|p1a: Iron Bundle|Freeze-Dry|p2b: Chi-Yu\n|-resisted|p2b: Chi-Yu\n|-damage|p2b: Chi-Yu|80\/100\n|move|p2a: Flutter Mane|Dazzling Gleam|p1a: Iron Bundle|[spread] p1a,p1b\n|-supereffective|p1b: Roaring Moon\n|-enditem|p1a: Iron Bundle|Focus Sash\n|-damage|p1a: Iron Bundle|1\/100\n|-damage|p1b: Roaring Moon|0 fnt\n|faint|p1b: Roaring Moon\n|-end|p1b: Roaring Moon|Protosynthesis|[silent]\n|\n|upkeep\n|\n|t:|1682415963\n|switch|p1b: Maushold|Maushold, L50|100\/100\n|turn|2\n|\n|t:|1682415985\n|switch|p2b: Dragapult|Dragapult, L50, M|100\/100\n|move|p1a: Iron Bundle|Protect|p1a: Iron Bundle\n|-singleturn|p1a: Iron Bundle|Protect\n|move|p1b: Maushold|Super Fang|p2a: Flutter Mane\n|-damage|p2a: Flutter Mane|51\/100\n|move|p2a: Flutter Mane|Dazzling Gleam|p1a: Iron Bundle|[spread] p1b\n|-activate|p1a: Iron Bundle|move: Protect\n|-crit|p1b: Maushold\n|-damage|p1b: Maushold|4\/100\n|\n|upkeep\n|turn|3\n|inactive|Insertable194 has 30 seconds left.\n|\n|t:|1682416016\n|move|p1b: Maushold|Protect|p1b: Maushold\n|-singleturn|p1b: Maushold|Protect\n|move|p1a: Iron Bundle|Freeze-Dry|p2b: Dragapult\n|-supereffective|p2b: Dragapult\n|-damage|p2b: Dragapult|1\/100\n|move|p2b: Dragapult|U-turn|p1a: Iron Bundle\n|-damage|p1a: Iron Bundle|0 fnt\n|faint|p1a: Iron Bundle\n|-end|p1a: Iron Bundle|Quark Drive|[silent]\n|\n|t:|1682416028\n|switch|p2b: Talonflame|Talonflame, L50, F|100\/100|[from] U-turn\n|move|p2a: Flutter Mane|Dazzling Gleam|p1b: Maushold\n|-activate|p1b: Maushold|move: Protect\n|\n|upkeep\n|\n|t:|1682416030\n|switch|p1a: Annihilape|Annihilape, L50, F|100\/100\n|turn|4\n|\n|t:|1682416045\n|-terastallize|p1a: Annihilape|Water\n|move|p1b: Maushold|Protect|p1b: Maushold\n|-singleturn|p1b: Maushold|Protect\n|move|p2b: Talonflame|Tailwind|p2b: Talonflame\n|-sidestart|p2: Insertable194|move: Tailwind\n|move|p2a: Flutter Mane|Dazzling Gleam|p1b: Maushold|[spread] p1a\n|-activate|p1b: Maushold|move: Protect\n|-damage|p1a: Annihilape|57\/100\n|move|p1a: Annihilape|Rage Fist|p2a: Flutter Mane\n|-damage|p2a: Flutter Mane|0 fnt\n|faint|p2a: Flutter Mane\n|-end|p2a: Flutter Mane|Protosynthesis|[silent]\n|\n|-sideend|p1: mzmzmzbaby|move: Tailwind\n|upkeep\n|\n|t:|1682416060\n|switch|p2a: Dragapult|Dragapult, L50, M|1\/100\n|turn|5\n|\n|t:|1682416079\n|move|p2b: Talonflame|Brave Bird|p1b: Maushold\n|-damage|p1b: Maushold|0 fnt\n|faint|p1b: Maushold\n|-damage|p2b: Talonflame|99\/100|[from] Recoil\n|move|p2a: Dragapult|Dragon Darts|p1a: Annihilape\n|-damage|p1a: Annihilape|17\/100\n|-enditem|p1a: Annihilape|Sitrus Berry|[eat]\n|-heal|p1a: Annihilape|42\/100|[from] item: Sitrus Berry\n|-anim|p2a: Dragapult|Dragon Darts|p1a: Annihilape\n|-damage|p1a: Annihilape|2\/100\n|move|p1a: Annihilape|Rage Fist|p2a: Dragapult\n|-supereffective|p2a: Dragapult\n|-damage|p2a: Dragapult|0 fnt\n|faint|p2a: Dragapult\n|\n|upkeep\n|-message|mzmzmzbaby forfeited.\n|\n|win|Insertable194\n|raw|mzmzmzbaby's rating: 1414 → 1398<\/strong> (-16 for losing)\n|raw|Insertable194's rating: 1479 → 1495<\/strong> (+16 for winning)\n","uploadtime":1682416093,"views":11,"p1id":"mzmzmzbaby","p2id":"insertable194","formatid":"gen9vgc2023regulationc","rating":1398,"private":0,"password":""}