{"id":"gen9vgc2023regulationc-1862877367","p1":"datoneman","p2":"Mystery Sol","format":"[Gen 9] VGC 2023 Regulation C","log":"|j|\u2606datoneman\n|j|\u2606Mystery Sol\n|t:|1683932610\n|gametype|doubles\n|player|p1|datoneman|sage|\n|player|p2|Mystery Sol|102|\n|teamsize|p1|6\n|teamsize|p2|6\n|gen|9\n|tier|[Gen 9] VGC 2023 Regulation C\n|rule|Species Clause: Limit one of each Pok\u00e9mon\n|rule|Item Clause: Limit one of each item\n|clearpoke\n|poke|p1|Iron Bundle, L50|\n|poke|p1|Great Tusk, L50|\n|poke|p1|Wo-Chien, L50|\n|poke|p1|Talonflame, L50, M|\n|poke|p1|Sylveon, L50, F|\n|poke|p1|Luxray, L50, F|\n|poke|p2|Iron Moth, L50|\n|poke|p2|Corviknight, L50, M|\n|poke|p2|Iron Valiant, L50|\n|poke|p2|Garganacl, L50, M|\n|poke|p2|Gothorita, L50, M|\n|poke|p2|Qwilfish, L50, M|\n|teampreview|4\ndatoneman rejected open team sheets.\n|c|\u2606datoneman|g2\n|j| Lovelylops\n|j| Accidental\n|c|\u2606datoneman|hf\n|c|\u2606Mystery Sol|glhf\n|j| SonicGoon\n|\n|t:|1683933008\n|start\n|switch|p1a: Talonflame|Talonflame, L50, M|100\/100\n|switch|p1b: Great Tusk|Great Tusk, L50|100\/100\n|switch|p2a: Iron Moth|Iron Moth, L50|100\/100\n|switch|p2b: Gothorita|Gothorita, L50, M|100\/100\n|-enditem|p2a: Iron Moth|Booster Energy\n|-activate|p2a: Iron Moth|ability: Quark Drive|[fromitem]\n|-start|p2a: Iron Moth|quarkdrivespa\n|turn|1\n|j| ThinkingSceptile\n|\n|t:|1683933062\n|-terastallize|p2a: Iron Moth|Grass\n|move|p1b: Great Tusk|Protect|p1b: Great Tusk\n|-singleturn|p1b: Great Tusk|Protect\n|move|p2b: Gothorita|Fake Out|p1a: Talonflame\n|-damage|p1a: Talonflame|94\/100\n|cant|p1a: Talonflame|flinch\n|move|p2a: Iron Moth|Energy Ball|p1b: Great Tusk\n|-activate|p1b: Great Tusk|move: Protect\n|\n|upkeep\n|turn|2\n|\n|t:|1683933084\n|move|p2a: Iron Moth|Protect|p2a: Iron Moth\n|-singleturn|p2a: Iron Moth|Protect\n|move|p1a: Talonflame|Brave Bird|p2a: Iron Moth\n|-activate|p2a: Iron Moth|move: Protect\n|move|p1b: Great Tusk|Headlong Rush|p2b: Gothorita\n|-damage|p2b: Gothorita|59\/100\n|-unboost|p1b: Great Tusk|def|1\n|-unboost|p1b: Great Tusk|spd|1\n|move|p2b: Gothorita|Charm|p1a: Talonflame\n|-unboost|p1a: Talonflame|atk|2\n|\n|upkeep\n|turn|3\n|\n|t:|1683933138\n|move|p1b: Great Tusk|Protect|p1b: Great Tusk\n|-singleturn|p1b: Great Tusk|Protect\n|move|p1a: Talonflame|Tailwind|p1a: Talonflame\n|-sidestart|p1: datoneman|move: Tailwind\n|move|p2a: Iron Moth|Sludge Wave|p1a: Talonflame|[spread] p2b,p1a\n|-activate|p1b: Great Tusk|move: Protect\n|-damage|p2b: Gothorita|13\/100\n|-damage|p1a: Talonflame|13\/100\n|move|p2b: Gothorita|Thunder Wave|p1a: Talonflame\n|-status|p1a: Talonflame|par\n|\n|upkeep\n|turn|4\n|\n|t:|1683933165\n|move|p1b: Great Tusk|Headlong Rush|p2b: Gothorita\n|-damage|p2b: Gothorita|0 fnt\n|-unboost|p1b: Great Tusk|def|1\n|-unboost|p1b: Great Tusk|spd|1\n|faint|p2b: Gothorita\n|cant|p1a: Talonflame|par\n|move|p2a: Iron Moth|Energy Ball|p1b: Great Tusk\n|-supereffective|p1b: Great Tusk\n|-enditem|p1b: Great Tusk|Focus Sash\n|-damage|p1b: Great Tusk|1\/100\n|\n|upkeep\n|\n|t:|1683933176\n|switch|p2b: Garganacl|Garganacl, L50, M|100\/100\n|turn|5\n|\n|t:|1683933226\n|move|p1b: Great Tusk|Protect|p1b: Great Tusk\n|-singleturn|p1b: Great Tusk|Protect\n|move|p1a: Talonflame|Brave Bird|p2a: Iron Moth\n|-supereffective|p2a: Iron Moth\n|-damage|p2a: Iron Moth|0 fnt\n|faint|p2a: Iron Moth\n|-end|p2a: Iron Moth|Quark Drive|[silent]\n|-damage|p1a: Talonflame|0 fnt|[from] Recoil\n|faint|p1a: Talonflame\n|move|p2b: Garganacl|Recover||[still]\n|-fail|p2b: Garganacl|heal\n|\n|upkeep\n|\n|t:|1683933236\n|switch|p1a: Iron Bundle|Iron Bundle, L50|100\/100\n|switch|p2a: Iron Valiant|Iron Valiant, L50|100\/100\n|-enditem|p1a: Iron Bundle|Booster Energy\n|-activate|p1a: Iron Bundle|ability: Quark Drive|[fromitem]\n|-start|p1a: Iron Bundle|quarkdrivespe\n|turn|6\n|c| ThinkingSceptile|bro that was a -2 talonflame im dead\n|c| Accidental|LO stronk\n|\n|t:|1683933291\n|move|p2a: Iron Valiant|Protect|p2a: Iron Valiant\n|-singleturn|p2a: Iron Valiant|Protect\n|move|p1a: Iron Bundle|Icy Wind|p2a: Iron Valiant|[spread] p2b\n|-activate|p2a: Iron Valiant|move: Protect\n|-damage|p2b: Garganacl|86\/100\n|-unboost|p2b: Garganacl|spe|1\n|move|p1b: Great Tusk|Headlong Rush|p2a: Iron Valiant\n|-activate|p2a: Iron Valiant|move: Protect\n|move|p2b: Garganacl|Recover|p2b: Garganacl\n|-heal|p2b: Garganacl|100\/100\n|\n|-sideend|p1: datoneman|move: Tailwind\n|upkeep\n|turn|7\n|c| ThinkingSceptile|yo know who isnt stronk\n|c| ThinkingSceptile|talonflame\n|j| Dackt\n|l| Dackt\n|\n|t:|1683933316\n|move|p2b: Garganacl|Wide Guard|p2b: Garganacl\n|-singleturn|p2b: Garganacl|Wide Guard\n|move|p1a: Iron Bundle|Icy Wind|p2b: Garganacl|[spread] \n|-activate|p2a: Iron Valiant|move: Wide Guard\n|-activate|p2b: Garganacl|move: Wide Guard\n|move|p2a: Iron Valiant|Moonblast|p1b: Great Tusk\n|-supereffective|p1b: Great Tusk\n|-damage|p1b: Great Tusk|0 fnt\n|faint|p1b: Great Tusk\n|-end|p1b: Great Tusk|Protosynthesis|[silent]\n|\n|upkeep\n|\n|t:|1683933323\n|switch|p1b: Sylveon|Sylveon, L50, F|100\/100\n|turn|8\n|\n|t:|1683933340\n|-terastallize|p1a: Iron Bundle|Water\n|move|p1a: Iron Bundle|Protect|p1a: Iron Bundle\n|-singleturn|p1a: Iron Bundle|Protect\n|move|p2b: Garganacl|Wide Guard|p2b: Garganacl\n|-singleturn|p2b: Garganacl|Wide Guard\n|move|p2a: Iron Valiant|Close Combat|p1a: Iron Bundle\n|-activate|p1a: Iron Bundle|move: Protect\n|move|p1b: Sylveon|Tera Blast|p2a: Iron Valiant\n|-supereffective|p2a: Iron Valiant\n|-damage|p2a: Iron Valiant|0 fnt\n|faint|p2a: Iron Valiant\n|-end|p2a: Iron Valiant|Quark Drive|[silent]\n|\n|upkeep\n|turn|9\n|\n|t:|1683933358\n|move|p1a: Iron Bundle|Hydro Pump|p2b: Garganacl\n|-supereffective|p2b: Garganacl\n|-damage|p2b: Garganacl|0 fnt\n|faint|p2b: Garganacl\n|\n|win|datoneman\n|c|\u2606datoneman|ggs\n|l| Accidental\n|c|\u2606Mystery Sol|ggs\n","uploadtime":1683933365,"views":14,"p1id":"datoneman","p2id":"mysterysol","formatid":"gen9vgc2023regulationc","rating":0,"private":0,"password":""}