{"id":"gen9vgc2023regulationc-1853075964","p1":"Bdogplatinum","p2":"Sfousciucaouw","format":"[Gen 9] VGC 2023 Regulation C","log":"|j|\u2606Bdogplatinum\n|j|\u2606Sfousciucaouw\n|t:|1682632284\n|gametype|doubles\n|player|p1|Bdogplatinum|cress|1512\n|player|p2|Sfousciucaouw|266|1573\n|teamsize|p1|6\n|teamsize|p2|6\n|gen|9\n|tier|[Gen 9] VGC 2023 Regulation C\n|rated|\n|rule|Species Clause: Limit one of each Pok\u00e9mon\n|rule|Item Clause: Limit one of each item\n|clearpoke\n|poke|p1|Iron Valiant, L50|\n|poke|p1|Bellibolt, L50, F|\n|poke|p1|Gyarados, L50, F|\n|poke|p1|Corviknight, L50, M|\n|poke|p1|Chi-Yu, L50|\n|poke|p1|Wo-Chien, L50|\n|poke|p2|Pelipper, L50, M|\n|poke|p2|Barraskewda, L50, F|\n|poke|p2|Chien-Pao, L50|\n|poke|p2|Tinkaton, L50, F|\n|poke|p2|Palafin, L50, M|\n|poke|p2|Kingambit, L50, M|\n|teampreview|4\n|\n|t:|1682632309\n|start\n|switch|p1a: Bellibolt|Bellibolt, L50, F|100\/100\n|switch|p1b: Gyarados|Gyarados, L50, F|100\/100\n|switch|p2a: Kingambit|Kingambit, L50, M|100\/100\n|switch|p2b: Palafin|Palafin, L50, M|100\/100\n|-ability|p1b: Gyarados|Intimidate|boost\n|-unboost|p2a: Kingambit|atk|1\n|-ability|p2a: Kingambit|Defiant|boost\n|-boost|p2a: Kingambit|atk|2\n|-unboost|p2b: Palafin|atk|1\n|turn|1\n|inactive|Battle timer is ON: inactive players will automatically lose when time's up. (requested by Sfousciucaouw)\n|\n|t:|1682632388\n|detailschange|p2b: Palafin|Palafin-Hero, L50, M\n|switch|p2b: Tinkaton|Tinkaton, L50, F|100\/100\n|-ability|p2b: Tinkaton|Mold Breaker\n|move|p2a: Kingambit|Protect|p2a: Kingambit\n|-singleturn|p2a: Kingambit|Protect\n|move|p1b: Gyarados|Waterfall|p2a: Kingambit\n|-activate|p2a: Kingambit|move: Protect\n|move|p1a: Bellibolt|Volt Switch|p2b: Tinkaton\n|-damage|p2b: Tinkaton|68\/100\n|\n|t:|1682632395\n|switch|p1a: Wo-Chien|Wo-Chien, L50|100\/100|[from] Volt Switch\n|-ability|p1a: Wo-Chien|Tablets of Ruin\n|\n|upkeep\n|turn|2\n|\n|t:|1682632408\n|move|p1b: Gyarados|Protect|p1b: Gyarados\n|-singleturn|p1b: Gyarados|Protect\n|move|p1a: Wo-Chien|Protect|p1a: Wo-Chien\n|-singleturn|p1a: Wo-Chien|Protect\n|move|p2b: Tinkaton|Feint|p1a: Wo-Chien\n|-activate|p1a: Wo-Chien|move: Feint\n|-damage|p1a: Wo-Chien|96\/100\n|move|p2a: Kingambit|Low Kick|p1a: Wo-Chien\n|-supereffective|p1a: Wo-Chien\n|-damage|p1a: Wo-Chien|48\/100\n|-enditem|p1a: Wo-Chien|Sitrus Berry|[eat]\n|-heal|p1a: Wo-Chien|73\/100|[from] item: Sitrus Berry\n|\n|upkeep\n|turn|3\n|\n|t:|1682632429\n|move|p2b: Tinkaton|Gigaton Hammer|p1a: Wo-Chien\n|-damage|p1a: Wo-Chien|42\/100\n|move|p1b: Gyarados|Thunder Wave|p2a: Kingambit\n|-status|p2a: Kingambit|par\n|-enditem|p2a: Kingambit|Lum Berry|[eat]\n|-curestatus|p2a: Kingambit|par|[msg]\n|move|p1a: Wo-Chien|Leech Seed|p2b: Tinkaton\n|-start|p2b: Tinkaton|move: Leech Seed\n|move|p2a: Kingambit|Iron Head|p1a: Wo-Chien\n|-damage|p1a: Wo-Chien|4\/100\n|\n|-damage|p2b: Tinkaton|56\/100|[from] Leech Seed|[of] p1a: Wo-Chien\n|-heal|p1a: Wo-Chien|14\/100|[silent]\n|upkeep\n|turn|4\n|j| Therazer456\n|\n|t:|1682632450\n|switch|p2b: Barraskewda|Barraskewda, L50, F|100\/100\n|move|p2a: Kingambit|Protect|p2a: Kingambit\n|-singleturn|p2a: Kingambit|Protect\n|move|p1b: Gyarados|Thunder Wave|p2a: Kingambit\n|-activate|p2a: Kingambit|move: Protect\n|move|p1a: Wo-Chien|Foul Play|p2b: Barraskewda\n|-damage|p2b: Barraskewda|0 fnt\n|faint|p2b: Barraskewda\n|\n|upkeep\n|\n|t:|1682632462\n|switch|p2b: Palafin|Palafin-Hero, L50, M|100\/100\n|-activate|p2b: Palafin|ability: Zero to Hero\n|turn|5\n|\n|t:|1682632477\n|move|p1a: Wo-Chien|Protect|p1a: Wo-Chien\n|-singleturn|p1a: Wo-Chien|Protect\n|move|p2b: Palafin|Jet Punch|p1a: Wo-Chien\n|-activate|p1a: Wo-Chien|move: Protect\n|move|p1b: Gyarados|Thunder Wave|p2b: Palafin\n|-status|p2b: Palafin|par\n|move|p2a: Kingambit|Low Kick|p1b: Gyarados\n|-resisted|p1b: Gyarados\n|-damage|p1b: Gyarados|74\/100\n|\n|upkeep\n|turn|6\n|\n|t:|1682632492\n|-terastallize|p2b: Palafin|Water\n|move|p2b: Palafin|Jet Punch|p1a: Wo-Chien\n|-resisted|p1a: Wo-Chien\n|-damage|p1a: Wo-Chien|0 fnt\n|faint|p1a: Wo-Chien\n|move|p1b: Gyarados|Thunder Wave|p2a: Kingambit\n|-status|p2a: Kingambit|par\n|cant|p2a: Kingambit|par\n|\n|upkeep\n|\n|t:|1682632498\n|switch|p1a: Bellibolt|Bellibolt, L50, F|100\/100\n|turn|7\n|\n|t:|1682632522\n|-terastallize|p1a: Bellibolt|Water\n|move|p1b: Gyarados|Protect|p1b: Gyarados\n|-singleturn|p1b: Gyarados|Protect\n|cant|p2b: Palafin|par\n|move|p2a: Kingambit|Sucker Punch|p1a: Bellibolt\n|-damage|p1a: Bellibolt|51\/100\n|-start|p1a: Bellibolt|Charge|Sucker Punch|[from] ability: Electromorphosis\n|move|p1a: Bellibolt|Parabolic Charge|p2b: Palafin|[spread] p2a,p2b\n|-activate|p1b: Gyarados|move: Protect\n|-supereffective|p2b: Palafin\n|-damage|p2a: Kingambit|61\/100 par\n|-heal|p1a: Bellibolt|70\/100|[from] drain|[of] p2a: Kingambit\n|-damage|p2b: Palafin|30\/100 par\n|-heal|p1a: Bellibolt|100\/100|[from] drain|[of] p2b: Palafin\n|-end|p1a: Bellibolt|Charge|[silent]\n|\n|upkeep\n|turn|8\n|inactive|Sfousciucaouw has 30 seconds left.\n|inactive|Sfousciucaouw has 20 seconds left.\n|inactive|Sfousciucaouw has 15 seconds left.\n|inactive|Sfousciucaouw has 10 seconds left.\n|inactive|Sfousciucaouw has 5 seconds left.\n|\n|t:|1682632577\n|move|p2a: Kingambit|Sucker Punch|p1b: Gyarados\n|-damage|p1b: Gyarados|5\/100\n|move|p1b: Gyarados|Waterfall|p2a: Kingambit\n|-damage|p2a: Kingambit|37\/100 par\n|move|p1a: Bellibolt|Volt Switch|p2b: Palafin\n|-supereffective|p2b: Palafin\n|-damage|p2b: Palafin|0 fnt\n|faint|p2b: Palafin\n|\n|t:|1682632583\n|switch|p1a: Iron Valiant|Iron Valiant, L50|100\/100|[from] Volt Switch\n|-enditem|p1a: Iron Valiant|Booster Energy\n|-activate|p1a: Iron Valiant|ability: Quark Drive|[fromitem]\n|-start|p1a: Iron Valiant|quarkdrivespe\n|\n|upkeep\n|inactive|Sfousciucaouw has 30 seconds left.\n|inactive|Sfousciucaouw has 20 seconds left.\n|inactive|Sfousciucaouw has 15 seconds left.\n|inactive|Sfousciucaouw has 10 seconds left.\n|inactive|Sfousciucaouw has 5 seconds left.\n|\n|t:|1682632638\n|switch|p2b: Tinkaton|Tinkaton, L50, F|56\/100\n|-ability|p2b: Tinkaton|Mold Breaker\n|turn|9\n|inactive|Sfousciucaouw has 30 seconds left.\n|inactive|Sfousciucaouw has 20 seconds left.\n|inactive|Sfousciucaouw has 15 seconds left.\n|inactive|Sfousciucaouw has 10 seconds left.\n|inactive|Sfousciucaouw has 5 seconds left.\n|\n|t:|1682632693\n|-end|p1a: Iron Valiant|Quark Drive|[silent]\n|switch|p1a: Bellibolt|Bellibolt, L50, F, tera:Water|100\/100\n|move|p2a: Kingambit|Sucker Punch|p1b: Gyarados\n|-damage|p1b: Gyarados|0 fnt\n|faint|p1b: Gyarados\n|move|p2b: Tinkaton|Gigaton Hammer|p1a: Bellibolt\n|-resisted|p1a: Bellibolt\n|-damage|p1a: Bellibolt|77\/100\n|-start|p1a: Bellibolt|Charge|Gigaton Hammer|[from] ability: Electromorphosis\n|\n|upkeep\n|\n|t:|1682632699\n|switch|p1b: Iron Valiant|Iron Valiant, L50|100\/100\n|turn|10\n|inactive|Sfousciucaouw has 30 seconds left.\n|inactive|Sfousciucaouw has 20 seconds left.\n|inactive|Sfousciucaouw has 15 seconds left.\n|inactive|Sfousciucaouw has 10 seconds left.\n|inactive|Sfousciucaouw has 5 seconds left.\n|\n|t:|1682632754\n|move|p2b: Tinkaton|Fake Out||[still]\n|-hint|Fake Out only works on your first turn out.\n|-fail|p2b: Tinkaton\n|cant|p2a: Kingambit|par\n|move|p1b: Iron Valiant|Aura Sphere|p2a: Kingambit\n|-supereffective|p2a: Kingambit\n|-damage|p2a: Kingambit|0 fnt\n|faint|p2a: Kingambit\n|move|p1a: Bellibolt|Thunderbolt|p2b: Tinkaton\n|-damage|p2b: Tinkaton|0 fnt\n|faint|p2b: Tinkaton\n|-end|p1a: Bellibolt|Charge|[silent]\n|\n|win|Bdogplatinum\n|raw|Bdogplatinum's rating: 1512 → 1534<\/strong> (+22 for winning)\n|raw|Sfousciucaouw's rating: 1550 → 1528<\/strong> (-22 for losing)\n","uploadtime":1682632762,"views":16,"p1id":"bdogplatinum","p2id":"sfousciucaouw","formatid":"gen9vgc2023regulationc","rating":1528,"private":0,"password":""}