{"id":"gen9vgc2023regulationc-1847052120","p1":"vyxl","p2":"rarcevgc2","format":"[Gen 9] VGC 2023 Regulation C","log":"|j|\u2606vyxl\n|j|\u2606rarcevgc2\n|t:|1681915058\n|gametype|doubles\n|player|p1|vyxl|170|1242\n|player|p2|rarcevgc2|sonia-professor|1249\n|teamsize|p1|6\n|teamsize|p2|6\n|gen|9\n|tier|[Gen 9] VGC 2023 Regulation C\n|rated|\n|rule|Species Clause: Limit one of each Pok\u00e9mon\n|rule|Item Clause: Limit one of each item\n|clearpoke\n|poke|p1|Dragonite, L50, F|\n|poke|p1|Orthworm, L50, F|\n|poke|p1|Ting-Lu, L50|\n|poke|p1|Dondozo, L50, F|\n|poke|p1|Tatsugiri, L50, M|\n|poke|p1|Flutter Mane, L50|\n|poke|p2|Arcanine, L50, M|\n|poke|p2|Gastrodon-East, L50, F|\n|poke|p2|Flutter Mane, L50|\n|poke|p2|Chi-Yu, L50|\n|poke|p2|Murkrow, L50, M|\n|poke|p2|Ting-Lu, L50|\n|teampreview|4\n|inactive|Battle timer is ON: inactive players will automatically lose when time's up. (requested by rarcevgc2)\n|\n|t:|1681915088\n|start\n|switch|p1a: Orthworm|Orthworm, L50, F|100\/100\n|switch|p1b: Dondozo|Dondozo, L50, F|100\/100\n|switch|p2a: Flutter Mane|Flutter Mane, L50|100\/100\n|switch|p2b: Murkrow|Murkrow, L50, M|100\/100\n|turn|1\n|\n|t:|1681915109\n|-end|p2a: Flutter Mane|Protosynthesis|[silent]\n|switch|p2a: Ting-Lu|Ting-Lu, L50|100\/100\n|-ability|p2a: Ting-Lu|Vessel of Ruin\n|move|p2b: Murkrow|Sunny Day|p2b: Murkrow\n|-weather|SunnyDay\n|move|p1a: Orthworm|Heavy Slam|p2a: Ting-Lu\n|-damage|p2a: Ting-Lu|93\/100\n|move|p1b: Dondozo|Earthquake|p2a: Ting-Lu|[spread] p2a\n|-immune|p1a: Orthworm|[from] ability: Earth Eater\n|-immune|p2b: Murkrow\n|-damage|p2a: Ting-Lu|79\/100\n|\n|-weather|SunnyDay|[upkeep]\n|upkeep\n|turn|2\n|\n|t:|1681915132\n|move|p2b: Murkrow|Tailwind|p2b: Murkrow\n|-sidestart|p2: rarcevgc2|move: Tailwind\n|move|p2a: Ting-Lu|Stealth Rock|p1a: Orthworm\n|-sidestart|p1: vyxl|move: Stealth Rock\n|move|p1a: Orthworm|Shed Tail|p1a: Orthworm\n|-start|p1a: Orthworm|Substitute|[from] move: Shed Tail\n|-damage|p1a: Orthworm|50\/100\n|-enditem|p1a: Orthworm|Sitrus Berry|[eat]\n|-heal|p1a: Orthworm|75\/100|[from] item: Sitrus Berry\n|\n|t:|1681915142\n|switch|p1a: Dragonite|Dragonite, L50, F|100\/100|[from] Shed Tail\n|-damage|p1a: Dragonite|75\/100|[from] Stealth Rock\n|move|p1b: Dondozo|Earthquake|p2a: Ting-Lu|[spread] p2a\n|-immune|p1a: Dragonite\n|-immune|p2b: Murkrow\n|-damage|p2a: Ting-Lu|66\/100\n|\n|-weather|SunnyDay|[upkeep]\n|upkeep\n|turn|3\n|inactive|vyxl has 30 seconds left.\n|\n|t:|1681915168\n|move|p2b: Murkrow|Foul Play|p1a: Dragonite\n|-end|p1a: Dragonite|Substitute\n|move|p1a: Dragonite|Ice Spinner|p2a: Ting-Lu\n|-supereffective|p2a: Ting-Lu\n|-damage|p2a: Ting-Lu|34\/100\n|move|p2a: Ting-Lu|Ruination|p1b: Dondozo\n|-damage|p1b: Dondozo|51\/100\n|-heal|p2a: Ting-Lu|41\/100|[from] item: Shell Bell|[of] p1b: Dondozo\n|move|p1b: Dondozo|Order Up|p2a: Ting-Lu\n|-damage|p2a: Ting-Lu|26\/100\n|\n|-weather|SunnyDay|[upkeep]\n|-heal|p1b: Dondozo|57\/100|[from] item: Leftovers\n|upkeep\n|turn|4\n|\n|t:|1681915190\n|move|p2b: Murkrow|Foul Play|p1a: Dragonite\n|-damage|p1a: Dragonite|23\/100\n|move|p1a: Dragonite|Ice Spinner|p2a: Ting-Lu\n|-supereffective|p2a: Ting-Lu\n|-damage|p2a: Ting-Lu|0 fnt\n|faint|p2a: Ting-Lu\n|move|p1b: Dondozo|Wave Crash|p2b: Murkrow\n|-damage|p2b: Murkrow|38\/100\n|-damage|p1b: Dondozo|43\/100|[from] Recoil\n|\n|-weather|SunnyDay|[upkeep]\n|-heal|p1b: Dondozo|50\/100|[from] item: Leftovers\n|upkeep\n|\n|t:|1681915196\n|switch|p2a: Chi-Yu|Chi-Yu, L50|100\/100\n|-ability|p2a: Chi-Yu|Beads of Ruin\n|turn|5\n|inactive|vyxl has 30 seconds left.\n|\n|t:|1681915231\n|-terastallize|p2a: Chi-Yu|Fire\n|move|p2a: Chi-Yu|Heat Wave|p1b: Dondozo|[spread] p1a,p1b\n|-resisted|p1a: Dragonite\n|-resisted|p1b: Dondozo\n|-damage|p1a: Dragonite|0 fnt\n|-damage|p1b: Dondozo|0 fnt\n|faint|p1a: Dragonite\n|faint|p1b: Dondozo\n|move|p2b: Murkrow|Foul Play|p1: Dragonite|[notarget]\n|-fail|p2b: Murkrow\n|\n|-weather|none\n|-sideend|p2: rarcevgc2|move: Tailwind\n|upkeep\n|\n|t:|1681915241\n|switch|p1a: Ting-Lu|Ting-Lu, L50|100\/100\n|switch|p1b: Orthworm|Orthworm, L50, F|75\/100\n|-damage|p1a: Ting-Lu|94\/100|[from] Stealth Rock\n|-ability|p1a: Ting-Lu|Vessel of Ruin\n|-damage|p1b: Orthworm|70\/100|[from] Stealth Rock\n|turn|6\n|\n|t:|1681915255\n|-terastallize|p1b: Orthworm|Fire\n|move|p2b: Murkrow|Perish Song|p2b: Murkrow\n|-start|p1a: Ting-Lu|perish3|[silent]\n|-start|p1b: Orthworm|perish3|[silent]\n|-start|p2a: Chi-Yu|perish3|[silent]\n|-start|p2b: Murkrow|perish3|[silent]\n|-fieldactivate|move: Perish Song\n|move|p2a: Chi-Yu|Heat Wave|p1a: Ting-Lu|[spread] p1a\n|-miss|p2a: Chi-Yu|p1b: Orthworm\n|-damage|p1a: Ting-Lu|56\/100\n|move|p1a: Ting-Lu|Rock Slide|p2a: Chi-Yu|[spread] p2a,p2b\n|-supereffective|p2a: Chi-Yu\n|-crit|p2a: Chi-Yu\n|-supereffective|p2b: Murkrow\n|-damage|p2a: Chi-Yu|24\/100\n|-damage|p2b: Murkrow|0 fnt\n|faint|p2b: Murkrow\n|move|p1b: Orthworm|Body Press|p2a: Chi-Yu\n|-damage|p2a: Chi-Yu|0 fnt\n|faint|p2a: Chi-Yu\n|\n|-start|p1a: Ting-Lu|perish3\n|-start|p1b: Orthworm|perish3\n|upkeep\n|inactive|rarcevgc2 has 30 seconds left.\n|inactive|rarcevgc2 has 20 seconds left.\n|\n|t:|1681915291\n|switch|p2b: Flutter Mane|Flutter Mane, L50|100\/100\n|turn|7\n|\n|t:|1681915297\n|move|p2b: Flutter Mane|Dazzling Gleam|p1b: Orthworm|[spread] p1a,p1b\n|-supereffective|p1a: Ting-Lu\n|-resisted|p1b: Orthworm\n|-damage|p1a: Ting-Lu|26\/100\n|-damage|p1b: Orthworm|50\/100\n|-damage|p2b: Flutter Mane|90\/100|[from] item: Life Orb\n|move|p1a: Ting-Lu|Bulldoze|p2b: Flutter Mane|[spread] p2b\n|-heal|p1b: Orthworm|75\/100|[from] ability: Earth Eater|[of] p1a: Ting-Lu\n|-damage|p2b: Flutter Mane|47\/100\n|-unboost|p2b: Flutter Mane|spe|1\n|move|p1b: Orthworm|Heavy Slam|p2b: Flutter Mane\n|-supereffective|p2b: Flutter Mane\n|-damage|p2b: Flutter Mane|0 fnt\n|faint|p2b: Flutter Mane\n|-end|p2b: Flutter Mane|Protosynthesis|[silent]\n|\n|win|vyxl\n|raw|vyxl's rating: 1242 → 1268<\/strong> (+26 for winning)\n|raw|rarcevgc2's rating: 1249 → 1223<\/strong> (-26 for losing)\n|l|\u2606rarcevgc2\n","uploadtime":1681915311,"views":6,"p1id":"vyxl","p2id":"rarcevgc2","formatid":"gen9vgc2023regulationc","rating":1223,"private":0,"password":""}