{"id":"gen9vgc2023regulationc-1857281281","p1":"NExusiai","p2":"thrillcorner","format":"[Gen 9] VGC 2023 Regulation C","log":"|j|\u2606NExusiai\n|j|\u2606thrillcorner\n|t:|1683167339\n|gametype|doubles\n|player|p1|NExusiai|169|1329\n|player|p2|thrillcorner|red-masters2|1339\n|teamsize|p1|6\n|teamsize|p2|6\n|gen|9\n|tier|[Gen 9] VGC 2023 Regulation C\n|rated|\n|rule|Species Clause: Limit one of each Pok\u00e9mon\n|rule|Item Clause: Limit one of each item\n|clearpoke\n|poke|p1|Flutter Mane, L50|\n|poke|p1|Baxcalibur, L50, M|\n|poke|p1|Arcanine, L50, F|\n|poke|p1|Ting-Lu, L50|\n|poke|p1|Palafin, L50, M|\n|poke|p1|Amoonguss, L50, F|\n|poke|p2|Arcanine, L50, F|\n|poke|p2|Amoonguss, L50, F|\n|poke|p2|Kingambit, L50, M|\n|poke|p2|Flutter Mane, L50|\n|poke|p2|Palafin, L50, M|\n|poke|p2|Ting-Lu, L50|\n|teampreview|4\nthrillcorner has agreed to open team sheets.\n|\n|t:|1683167363\n|start\n|switch|p1a: Flutter Mane|Flutter Mane, L50|100\/100\n|switch|p1b: Palafin|Palafin, L50, M|100\/100\n|switch|p2a: Willow|Flutter Mane, L50|100\/100\n|switch|p2b: Blueshido|Kingambit, L50, M, shiny|100\/100\n|-enditem|p2a: Willow|Booster Energy\n|-activate|p2a: Willow|ability: Protosynthesis|[fromitem]\n|-start|p2a: Willow|protosynthesisspa\n|-enditem|p1a: Flutter Mane|Booster Energy\n|-activate|p1a: Flutter Mane|ability: Protosynthesis|[fromitem]\n|-start|p1a: Flutter Mane|protosynthesisspa\n|turn|1\n|inactive|Battle timer is ON: inactive players will automatically lose when time's up. (requested by NExusiai)\n|\n|t:|1683167380\n|detailschange|p1b: Palafin|Palafin-Hero, L50, M\n|switch|p1b: Arcanine|Arcanine, L50, F|100\/100\n|-ability|p1b: Arcanine|Intimidate|boost\n|-unboost|p2a: Willow|atk|1\n|-unboost|p2b: Blueshido|atk|1\n|-ability|p2b: Blueshido|Defiant|boost\n|-boost|p2b: Blueshido|atk|2\n|-terastallize|p1a: Flutter Mane|Fairy\n|move|p2a: Willow|Protect|p2a: Willow\n|-singleturn|p2a: Willow|Protect\n|move|p1a: Flutter Mane|Dazzling Gleam|p2a: Willow|[spread] p2b\n|-activate|p2a: Willow|move: Protect\n|-damage|p2b: Blueshido|48\/100\n|move|p2b: Blueshido|Swords Dance|p2b: Blueshido\n|-boost|p2b: Blueshido|atk|2\n|\n|upkeep\n|turn|2\n|inactive|thrillcorner has 30 seconds left.\n|\n|t:|1683167412\n|move|p1a: Flutter Mane|Protect|p1a: Flutter Mane\n|-singleturn|p1a: Flutter Mane|Protect\n|move|p2b: Blueshido|Protect|p2b: Blueshido\n|-singleturn|p2b: Blueshido|Protect\n|move|p2a: Willow|Dazzling Gleam|p1a: Flutter Mane|[spread] p1b\n|-activate|p1a: Flutter Mane|move: Protect\n|-resisted|p1b: Arcanine\n|-damage|p1b: Arcanine|78\/100\n|move|p1b: Arcanine|Flare Blitz|p2b: Blueshido\n|-activate|p2b: Blueshido|move: Protect\n|\n|upkeep\n|turn|3\n|inactive|thrillcorner has 30 seconds left.\n|inactive|thrillcorner has 20 seconds left.\n|\n|t:|1683167450\n|-end|p1a: Flutter Mane|Protosynthesis|[silent]\n|switch|p1a: Palafin|Palafin-Hero, L50, M|100\/100\n|-activate|p1a: Palafin|ability: Zero to Hero\n|move|p2b: Blueshido|Sucker Punch|p1b: Arcanine\n|-damage|p1b: Arcanine|0 fnt\n|faint|p1b: Arcanine\n|move|p2a: Willow|Shadow Ball|p1a: Palafin\n|-damage|p1a: Palafin|51\/100\n|\n|upkeep\n|\n|t:|1683167463\n|switch|p1b: Flutter Mane|Flutter Mane, L50, tera:Fairy|100\/100\n|turn|4\n|\n|t:|1683167480\n|move|p2b: Blueshido|Protect|p2b: Blueshido\n|-singleturn|p2b: Blueshido|Protect\n|move|p1a: Palafin|Jet Punch|p2a: Willow\n|-damage|p2a: Willow|22\/100\n|move|p2a: Willow|Moonblast|p1a: Palafin\n|-damage|p1a: Palafin|0 fnt\n|faint|p1a: Palafin\n|move|p1b: Flutter Mane|Dazzling Gleam|p2b: Blueshido|[spread] p2a\n|-activate|p2b: Blueshido|move: Protect\n|-damage|p2a: Willow|0 fnt\n|faint|p2a: Willow\n|-end|p2a: Willow|Protosynthesis|[silent]\n|\n|upkeep\n|\n|t:|1683167495\n|switch|p2a: Spordyceps|Amoonguss, L50, F|100\/100\n|switch|p1a: Baxcalibur|Baxcalibur, L50, M|100\/100\n|turn|5\n|-message|NExusiai forfeited.\n|\n|win|thrillcorner\n|raw|NExusiai's rating: 1329 → 1310<\/strong> (-19 for losing)\n|raw|thrillcorner's rating: 1339 → 1358<\/strong> (+19 for winning)\n|l|\u2606NExusiai\n","uploadtime":1683167502,"views":15,"p1id":"nexusiai","p2id":"thrillcorner","formatid":"gen9vgc2023regulationc","rating":1310,"private":0,"password":""}