{"id":"gen9vgc2023regulationc-1852315099","p1":"Dinoheladito","p2":"ghostyboyy97","format":"[Gen 9] VGC 2023 Regulation C","log":"|j|\u2606Dinoheladito\n|j|\u2606ghostyboyy97\n|t:|1682543098\n|gametype|doubles\n|player|p1|Dinoheladito|clair|1025\n|player|p2|ghostyboyy97|cameraman|1124\n|teamsize|p1|6\n|teamsize|p2|6\n|gen|9\n|tier|[Gen 9] VGC 2023 Regulation C\n|rated|\n|rule|Species Clause: Limit one of each Pok\u00e9mon\n|rule|Item Clause: Limit one of each item\n|clearpoke\n|poke|p1|Espathra, L50, F|\n|poke|p1|Glimmora, L50, F|\n|poke|p1|Chi-Yu, L50|\n|poke|p1|Azumarill, L50, F|\n|poke|p1|Iron Hands, L50|\n|poke|p1|Goodra, L50, F|\n|poke|p2|Gastrodon, L50, F|\n|poke|p2|Ceruledge, L50, M|\n|poke|p2|Glimmora, L50, M|\n|poke|p2|Grimmsnarl, L50, M|\n|poke|p2|Iron Hands, L50|\n|poke|p2|Wo-Chien, L50|\n|teampreview|4\n|inactive|Battle timer is ON: inactive players will automatically lose when time's up. (requested by ghostyboyy97)\nghostyboyy97 has agreed to open team sheets.\n|c|\u2606ghostyboyy97|glhf\n|inactive|ghostyboyy97 has 60 seconds left.\n|\n|t:|1682543134\n|start\n|switch|p1a: no se|Glimmora, L50, F, shiny|100\/100\n|switch|p1b: Azumarill|Azumarill, L50, F, shiny|100\/100\n|switch|p2a: Grimmsnarl|Grimmsnarl, L50, M|100\/100\n|switch|p2b: Iron Hands|Iron Hands, L50|100\/100\n|turn|1\n|inactive|ghostyboyy97 has 30 seconds left.\n|\n|t:|1682543168\n|switch|p1b: Rocket Queen|Espathra, L50, F, shiny|100\/100\n|move|p2a: Grimmsnarl|Fake Out|p1b: Rocket Queen\n|-damage|p1b: Rocket Queen|87\/100\n|move|p1a: no se|Sludge Bomb|p2a: Grimmsnarl\n|-supereffective|p2a: Grimmsnarl\n|-damage|p2a: Grimmsnarl|0 fnt\n|faint|p2a: Grimmsnarl\n|move|p2b: Iron Hands|Wild Charge|p1b: Rocket Queen\n|-damage|p1b: Rocket Queen|23\/100\n|-damage|p2b: Iron Hands|88\/100|[from] Recoil\n|\n|-heal|p1b: Rocket Queen|29\/100|[from] item: Leftovers\n|upkeep\n|\n|t:|1682543185\n|switch|p2a: Wo-Chien|Wo-Chien, L50|100\/100\n|-ability|p2a: Wo-Chien|Tablets of Ruin\n|turn|2\n|\n|t:|1682543199\n|-terastallize|p2a: Wo-Chien|Poison\n|move|p1b: Rocket Queen|Protect|p1b: Rocket Queen\n|-singleturn|p1b: Rocket Queen|Protect\n|move|p1a: no se|Sludge Bomb|p2a: Wo-Chien\n|-resisted|p2a: Wo-Chien\n|-damage|p2a: Wo-Chien|81\/100\n|move|p2a: Wo-Chien|Giga Drain|p1a: no se\n|-damage|p1a: no se|63\/100\n|-heal|p2a: Wo-Chien|96\/100|[from] drain|[of] p1a: no se\n|move|p2b: Iron Hands|Wild Charge|p1b: Rocket Queen\n|-activate|p1b: Rocket Queen|move: Protect\n|\n|-heal|p1b: Rocket Queen|35\/100|[from] item: Leftovers\n|-ability|p1b: Rocket Queen|Speed Boost|boost\n|-boost|p1b: Rocket Queen|spe|1\n|upkeep\n|turn|3\n|\n|t:|1682543217\n|move|p2a: Wo-Chien|Protect|p2a: Wo-Chien\n|-singleturn|p2a: Wo-Chien|Protect\n|move|p1b: Rocket Queen|Stored Power|p2a: Wo-Chien\n|-activate|p2a: Wo-Chien|move: Protect\n|move|p1a: no se|Sludge Bomb|p2b: Iron Hands\n|-damage|p2b: Iron Hands|50\/100\n|move|p2b: Iron Hands|Wild Charge|p1b: Rocket Queen\n|-damage|p1b: Rocket Queen|0 fnt\n|faint|p1b: Rocket Queen\n|-damage|p2b: Iron Hands|43\/100|[from] Recoil\n|\n|upkeep\n|\n|t:|1682543229\n|switch|p1b: Azumarill|Azumarill, L50, F, shiny|100\/100\n|turn|4\n|\n|t:|1682543242\n|-end|p2b: Iron Hands|Quark Drive|[silent]\n|switch|p2b: Gastrodon|Gastrodon, L50, F|100\/100\n|-terastallize|p1b: Azumarill|Fire\n|move|p1a: no se|Sludge Bomb|p2b: Gastrodon\n|-resisted|p2b: Gastrodon\n|-damage|p2b: Gastrodon|74\/100\n|move|p2a: Wo-Chien|Leech Seed|p1a: no se\n|-start|p1a: no se|move: Leech Seed\n|move|p1b: Azumarill|Liquidation|p2b: Gastrodon\n|-ability|p2b: Gastrodon|Storm Drain|boost\n|-boost|p2b: Gastrodon|spa|1\n|\n|-damage|p1a: no se|51\/100|[from] Leech Seed|[of] p2a: Wo-Chien\n|-heal|p2a: Wo-Chien|100\/100|[silent]\n|upkeep\n|turn|5\n|\n|t:|1682543263\n|move|p1a: no se|Sludge Bomb|p2a: Wo-Chien\n|-resisted|p2a: Wo-Chien\n|-damage|p2a: Wo-Chien|83\/100\n|move|p2a: Wo-Chien|Giga Drain|p1a: no se\n|-damage|p1a: no se|14\/100\n|-heal|p2a: Wo-Chien|98\/100|[from] drain|[of] p1a: no se\n|move|p1b: Azumarill|Play Rough|p2b: Gastrodon\n|-damage|p2b: Gastrodon|27\/100\n|move|p2b: Gastrodon|Earth Power|p1b: Azumarill\n|-supereffective|p1b: Azumarill\n|-damage|p1b: Azumarill|16\/100\n|\n|-damage|p1a: no se|2\/100|[from] Leech Seed|[of] p2a: Wo-Chien\n|-heal|p2a: Wo-Chien|100\/100|[silent]\n|upkeep\n|turn|6\n|\n|t:|1682543286\n|move|p2b: Gastrodon|Protect|p2b: Gastrodon\n|-singleturn|p2b: Gastrodon|Protect\n|move|p1a: no se|Sludge Bomb|p2b: Gastrodon\n|-activate|p2b: Gastrodon|move: Protect\n|move|p2a: Wo-Chien|Leech Seed|p1b: Azumarill\n|-start|p1b: Azumarill|move: Leech Seed\n|move|p1b: Azumarill|Play Rough|p2b: Gastrodon\n|-activate|p2b: Gastrodon|move: Protect\n|\n|-damage|p1a: no se|0 fnt|[from] Leech Seed|[of] p2a: Wo-Chien\n|faint|p1a: no se\n|-damage|p1b: Azumarill|4\/100|[from] Leech Seed|[of] p2a: Wo-Chien\n|upkeep\n|l|\u2606Dinoheladito\n|inactive|Dinoheladito disconnected and has a minute to reconnect!\n|player|p1|\n|inactive|Dinoheladito has 30 seconds left.\n|inactive|Dinoheladito has 20 seconds left.\n|inactive|Dinoheladito has 15 seconds left.\n|inactive|Dinoheladito has 10 seconds left.\n|inactive|Dinoheladito has 5 seconds left.\n|-message|Dinoheladito lost due to inactivity.\n|\n|win|ghostyboyy97\n|raw|Dinoheladito's rating: 1025 → 1015<\/strong> (-10 for losing)\n|raw|ghostyboyy97's rating: 1124 → 1142<\/strong> (+18 for winning)\n","uploadtime":1682543346,"views":9,"p1id":"dinoheladito","p2id":"ghostyboyy97","formatid":"gen9vgc2023regulationc","rating":1015,"private":0,"password":""}