{"id":"gen9vgc2023regulationc-1854544773","p1":"esotilin123456","p2":"nakamu488494","format":"[Gen 9] VGC 2023 Regulation C","log":"|j|\u2606esotilin123456\n|j|\u2606nakamu488494\n|t:|1682824881\n|gametype|doubles\n|player|p1|esotilin123456|hilbert-wonderlauncher|\n|player|p2|nakamu488494|volkner|\n|teamsize|p1|6\n|teamsize|p2|6\n|gen|9\n|tier|[Gen 9] VGC 2023 Regulation C\n|rated|Tournament battle\n|rule|Species Clause: Limit one of each Pok\u00e9mon\n|rule|Item Clause: Limit one of each item\n|clearpoke\n|poke|p1|Arcanine, L50, M|\n|poke|p1|Gastrodon, L50, F|\n|poke|p1|Rotom-Mow, L50|\n|poke|p1|Tyranitar, L50, M|\n|poke|p1|Corviknight, L50, F|\n|poke|p1|Salamence, L50, F|\n|poke|p2|Breloom, L50, M|\n|poke|p2|Dragapult, L50, M|\n|poke|p2|Chien-Pao, L50|\n|poke|p2|Kingambit, L50, M|\n|poke|p2|Iron Moth, L50|\n|poke|p2|Forretress, L50, M|\n|teampreview|4\n|raw| Open Team Sheet for esotilin123456<\/summary>good boi (Arcanine) (M) @ Assault Vest Ability: Intimidate Level: 50 Tera Type: Grass - Flare Blitz - Extreme Speed - Snarl - Close Combat GROHAHSHSHSH (Gastrodon) (F) @ Leftovers Ability: Storm Drain Level: 50 Tera Type: Fire - Protect - Yawn - Ice Beam - Earth Power IRON MUGULIS (Rotom-Mow) @ Life Orb Ability: Levitate Level: 50 Tera Type: Electric - Protect - Will-O-Wisp - Thunderbolt - Leaf Storm Great Tyrant (Tyranitar) (M) @ Chople Berry Ability: Sand Stream Level: 50 Shiny: Yes Tera Type: Rock - Protect - Rock Slide - Crunch - Ice Punch IRON BIRD (Corviknight) @ Aguav Berry Ability: Mirror Armor Level: 50 Tera Type: Fire - Protect - Bulk Up - Brave Bird - Roost THE LIZARD (Salamence) @ Scope Lens Ability: Intimidate Level: 50 Tera Type: Fire - Protect - Focus Energy - Draco Meteor - Flamethrower <\/details><\/div> Open Team Sheet for nakamu488494<\/summary>Breloom @ Loaded Dice Ability: Technician Level: 50 Tera Type: Grass - Bullet Seed - Spore - Mach Punch - Close Combat Dragapult @ Choice Band Ability: Infiltrator Level: 50 Shiny: Yes Tera Type: Ghost - Dragon Darts - U-turn - Tera Blast - Sucker Punch Chien-Pao @ Focus Sash Ability: Sword of Ruin Level: 50 Tera Type: Ice - Ice Shard - Icicle Crash - Crunch - Sacred Sword Kingambit @ Assault Vest Ability: Supreme Overlord Level: 50 Tera Type: Dark - Sucker Punch - Kowtow Cleave - Iron Head - Brick Break Iron Moth @ Choice Specs Ability: Quark Drive Level: 50 Tera Type: Grass - Fiery Dance - Sludge Wave - Dazzling Gleam - Energy Ball Forretress @ Red Card Ability: Sturdy Level: 50 Tera Type: Fighting - Stealth Rock - Body Press - Earthquake - Light Screen <\/details><\/div>\n|\n|t:|1682824924\n|start\n|switch|p1a: good boi|Arcanine, L50, M|100\/100\n|switch|p1b: Great Tyrant|Tyranitar, L50, M, shiny|100\/100\n|switch|p2a: Forretress|Forretress, L50, M|100\/100\n|switch|p2b: Dragapult|Dragapult, L50, M, shiny|100\/100\n|-ability|p1a: good boi|Intimidate|boost\n|-unboost|p2a: Forretress|atk|1\n|-unboost|p2b: Dragapult|atk|1\n|-weather|Sandstorm|[from] ability: Sand Stream|[of] p1b: Great Tyrant\n|turn|1\n|c|\u2606esotilin123456|singles team i guess\n|\n|t:|1682824955\n|switch|p1a: THE LIZARD|Salamence, L50, F|100\/100\n|-ability|p1a: THE LIZARD|Intimidate|boost\n|-unboost|p2a: Forretress|atk|1\n|-unboost|p2b: Dragapult|atk|1\n|move|p2b: Dragapult|U-turn|p1b: Great Tyrant\n|-supereffective|p1b: Great Tyrant\n|-damage|p1b: Great Tyrant|69\/100\n|\n|t:|1682824966\n|switch|p2b: Chien-Pao|Chien-Pao, L50|100\/100|[from] U-turn\n|-ability|p2b: Chien-Pao|Sword of Ruin\n|move|p1b: Great Tyrant|Crunch|p2b: Chien-Pao\n|-resisted|p2b: Chien-Pao\n|-damage|p2b: Chien-Pao|70\/100\n|move|p2a: Forretress|Stealth Rock|p1a: THE LIZARD\n|-sidestart|p1: esotilin123456|move: Stealth Rock\n|\n|-weather|Sandstorm|[upkeep]\n|-damage|p2b: Chien-Pao|64\/100|[from] Sandstorm\n|-damage|p1a: THE LIZARD|95\/100|[from] Sandstorm\n|upkeep\n|turn|2\n|j| Albino Pinecone\n|\n|t:|1682824985\n|switch|p1a: good boi|Arcanine, L50, M|100\/100\n|-damage|p1a: good boi|76\/100|[from] Stealth Rock\n|-ability|p1a: good boi|Intimidate|boost\n|-unboost|p2a: Forretress|atk|1\n|-unboost|p2b: Chien-Pao|atk|1\n|-terastallize|p1b: Great Tyrant|Rock\n|move|p2b: Chien-Pao|Icicle Crash|p1a: good boi\n|-resisted|p1a: good boi\n|-damage|p1a: good boi|57\/100\n|move|p1b: Great Tyrant|Rock Slide|p2b: Chien-Pao|[spread] p2a,p2b\n|-supereffective|p2b: Chien-Pao\n|-damage|p2a: Forretress|69\/100\n|-damage|p2b: Chien-Pao|0 fnt\n|faint|p2b: Chien-Pao\n|-enditem|p2a: Forretress|Red Card|[of] p1b: Great Tyrant\n|drag|p1b: GROHAHSHSHSH|Gastrodon, L50, F|100\/100\n|-damage|p1b: GROHAHSHSHSH|94\/100|[from] Stealth Rock\n|cant|p2a: Forretress|flinch\n|\n|-weather|Sandstorm|[upkeep]\n|-damage|p1a: good boi|50\/100|[from] Sandstorm\n|-heal|p1b: GROHAHSHSHSH|100\/100|[from] item: Leftovers\n|upkeep\n|\n|t:|1682825012\n|switch|p2b: Dragapult|Dragapult, L50, M, shiny|100\/100\n|turn|3\n|\n|t:|1682825031\n|move|p2b: Dragapult|Dragon Darts|p1a: good boi\n|-damage|p1a: good boi|10\/100\n|-anim|p2b: Dragapult|Dragon Darts|p1b: GROHAHSHSHSH\n|-damage|p1b: GROHAHSHSHSH|59\/100\n|move|p1a: good boi|Flare Blitz|p2a: Forretress\n|-supereffective|p2a: Forretress\n|-damage|p2a: Forretress|0 fnt\n|faint|p2a: Forretress\n|-damage|p1a: good boi|0 fnt|[from] Recoil\n|faint|p1a: good boi\n|move|p1b: GROHAHSHSHSH|Earth Power|p2b: Dragapult\n|-damage|p2b: Dragapult|50\/100\n|-unboost|p2b: Dragapult|spd|1\n|\n|-weather|Sandstorm|[upkeep]\n|-damage|p2b: Dragapult|44\/100|[from] Sandstorm\n|-heal|p1b: GROHAHSHSHSH|65\/100|[from] item: Leftovers\n|upkeep\n|\n|t:|1682825049\n|switch|p1a: THE LIZARD|Salamence, L50, F|95\/100\n|switch|p2a: Iron Moth|Iron Moth, L50|100\/100\n|-damage|p1a: THE LIZARD|70\/100|[from] Stealth Rock\n|-ability|p1a: THE LIZARD|Intimidate|boost\n|-unboost|p2a: Iron Moth|atk|1\n|-unboost|p2b: Dragapult|atk|1\n|turn|4\n|\n|t:|1682825070\n|-terastallize|p2a: Iron Moth|Grass\n|move|p1b: GROHAHSHSHSH|Protect|p1b: GROHAHSHSHSH\n|-singleturn|p1b: GROHAHSHSHSH|Protect\n|move|p2b: Dragapult|Dragon Darts|p1a: THE LIZARD\n|-supereffective|p1a: THE LIZARD\n|-damage|p1a: THE LIZARD|13\/100\n|-anim|p2b: Dragapult|Dragon Darts|p1a: THE LIZARD\n|-supereffective|p1a: THE LIZARD\n|-damage|p1a: THE LIZARD|0 fnt\n|faint|p1a: THE LIZARD\n|move|p2a: Iron Moth|Dazzling Gleam|p1b: GROHAHSHSHSH\n|-activate|p1b: GROHAHSHSHSH|move: Protect\n|\n|-weather|Sandstorm|[upkeep]\n|-damage|p2b: Dragapult|38\/100|[from] Sandstorm\n|-damage|p2a: Iron Moth|95\/100|[from] Sandstorm\n|-heal|p1b: GROHAHSHSHSH|71\/100|[from] item: Leftovers\n|upkeep\n|\n|t:|1682825076\n|switch|p1a: Great Tyrant|Tyranitar, L50, M, shiny, tera:Rock|69\/100\n|-damage|p1a: Great Tyrant|57\/100|[from] Stealth Rock\n|turn|5\n|\n|t:|1682825094\n|move|p2b: Dragapult|Dragon Darts|p1a: Great Tyrant\n|-damage|p1a: Great Tyrant|34\/100\n|-anim|p2b: Dragapult|Dragon Darts|p1b: GROHAHSHSHSH\n|-damage|p1b: GROHAHSHSHSH|45\/100\n|move|p2a: Iron Moth|Dazzling Gleam|p1b: GROHAHSHSHSH|[spread] p1a,p1b\n|-damage|p1a: Great Tyrant|15\/100\n|-damage|p1b: GROHAHSHSHSH|16\/100\n|move|p1a: Great Tyrant|Rock Slide|p2a: Iron Moth|[spread] p2a,p2b\n|-damage|p2a: Iron Moth|21\/100\n|-damage|p2b: Dragapult|0 fnt\n|faint|p2b: Dragapult\n|move|p1b: GROHAHSHSHSH|Ice Beam|p2a: Iron Moth\n|-supereffective|p2a: Iron Moth\n|-damage|p2a: Iron Moth|0 fnt\n|faint|p2a: Iron Moth\n|-end|p2a: Iron Moth|Quark Drive|[silent]\n|\n|win|esotilin123456\n|n|\u2606esotilin123456|esotilin123456\n|n|\u2606nakamu488494|nakamu488494\n|n| Albino Pinecone|albinopinecone\n|c|\u2606esotilin123456|gg\n","uploadtime":1682825114,"views":8,"p1id":"esotilin123456","p2id":"nakamu488494","formatid":"gen9vgc2023regulationc","rating":0,"private":0,"password":""}