{"id":"gen9vgc2023regulationc-1848178623","p1":"hysaaron","p2":"Gi26","format":"[Gen 9] VGC 2023 Regulation C","log":"|j|\u2606hysaaron\n|j|\u2606Gi26\n|t:|1682039030\n|gametype|doubles\n|player|p1|hysaaron|265|1320\n|player|p2|Gi26|266|1367\n|teamsize|p1|6\n|teamsize|p2|6\n|gen|9\n|tier|[Gen 9] VGC 2023 Regulation C\n|rated|\n|rule|Species Clause: Limit one of each Pok\u00e9mon\n|rule|Item Clause: Limit one of each item\n|clearpoke\n|poke|p1|Ting-Lu, L50|\n|poke|p1|Amoonguss, L50, F|\n|poke|p1|Annihilape, L50, M|\n|poke|p1|Maushold, L50|\n|poke|p1|Chi-Yu, L50|\n|poke|p1|Flutter Mane, L50|\n|poke|p2|Garchomp, L50, F|\n|poke|p2|Tyranitar, L50, M|\n|poke|p2|Gastrodon, L50, M|\n|poke|p2|Ting-Lu, L50|\n|poke|p2|Corviknight, L50, M|\n|poke|p2|Iron Hands, L50|\n|teampreview|4\n|inactive|Battle timer is ON: inactive players will automatically lose when time's up. (requested by hysaaron)\n|inactive|hysaaron has 60 seconds left.\n|inactive|Gi26 has 60 seconds left.\n|\n|t:|1682039089\n|start\n|switch|p1a: Amoonguss|Amoonguss, L50, F, shiny|100\/100\n|switch|p1b: Annihilape|Annihilape, L50, M|100\/100\n|switch|p2a: Garchomp|Garchomp, L50, F|100\/100\n|switch|p2b: Iron Hands|Iron Hands, L50|100\/100\n|-enditem|p2b: Iron Hands|Booster Energy\n|-activate|p2b: Iron Hands|ability: Quark Drive|[fromitem]\n|-start|p2b: Iron Hands|quarkdriveatk\n|turn|1\n|inactive|hysaaron has 30 seconds left.\n|\n|t:|1682039124\n|move|p1a: Amoonguss|Protect|p1a: Amoonguss\n|-singleturn|p1a: Amoonguss|Protect\n|move|p2b: Iron Hands|Fake Out|p1a: Amoonguss\n|-activate|p1a: Amoonguss|move: Protect\n|move|p2a: Garchomp|Swords Dance|p2a: Garchomp\n|-boost|p2a: Garchomp|atk|2\n|move|p1b: Annihilape|Bulk Up|p1b: Annihilape\n|-boost|p1b: Annihilape|atk|1\n|-boost|p1b: Annihilape|def|1\n|\n|upkeep\n|turn|2\n|inactive|hysaaron has 30 seconds left.\n|inactive|Gi26 has 30 seconds left.\n|\n|t:|1682039157\n|-terastallize|p2b: Iron Hands|Flying\n|move|p1b: Annihilape|Protect|p1b: Annihilape\n|-singleturn|p1b: Annihilape|Protect\n|move|p2a: Garchomp|Earthquake|p1b: Annihilape|[spread] p1a\n|-activate|p1b: Annihilape|move: Protect\n|-immune|p2b: Iron Hands\n|-damage|p1a: Amoonguss|46\/100\n|move|p2b: Iron Hands|Wild Charge|p1a: Amoonguss\n|-resisted|p1a: Amoonguss\n|-damage|p1a: Amoonguss|18\/100\n|-damage|p2b: Iron Hands|84\/100|[from] item: Rocky Helmet|[of] p1a: Amoonguss\n|-damage|p2b: Iron Hands|78\/100|[from] Recoil\n|move|p1a: Amoonguss|Spore|p2a: Garchomp\n|-status|p2a: Garchomp|slp|[from] move: Spore\n|\n|upkeep\n|turn|3\n|inactive|hysaaron has 30 seconds left.\n|inactive|hysaaron has 20 seconds left.\n|inactive|hysaaron has 15 seconds left.\n|\n|t:|1682039198\n|switch|p1a: Flutter Mane|Flutter Mane, L50|100\/100\n|-enditem|p1a: Flutter Mane|Booster Energy\n|-activate|p1a: Flutter Mane|ability: Protosynthesis|[fromitem]\n|-start|p1a: Flutter Mane|protosynthesisspa\n|cant|p2a: Garchomp|slp\n|move|p1b: Annihilape|Rage Fist|p2a: Garchomp\n|-damage|p2a: Garchomp|68\/100 slp\n|move|p2b: Iron Hands|Wild Charge|p1b: Annihilape\n|-damage|p1b: Annihilape|58\/100\n|-damage|p2b: Iron Hands|69\/100|[from] Recoil\n|\n|upkeep\n|turn|4\n|inactive|hysaaron has 30 seconds left.\n|inactive|Gi26 has 30 seconds left.\n|inactive|hysaaron has 20 seconds left.\n|\n|t:|1682039238\n|cant|p2a: Garchomp|slp\n|move|p1a: Flutter Mane|Moonblast|p2a: Garchomp\n|-supereffective|p2a: Garchomp\n|-damage|p2a: Garchomp|0 fnt\n|faint|p2a: Garchomp\n|move|p1b: Annihilape|Rage Fist|p2b: Iron Hands\n|-damage|p2b: Iron Hands|25\/100\n|move|p2b: Iron Hands|Wild Charge|p1a: Flutter Mane\n|-damage|p1a: Flutter Mane|0 fnt\n|faint|p1a: Flutter Mane\n|-end|p1a: Flutter Mane|Protosynthesis|[silent]\n|-damage|p2b: Iron Hands|11\/100|[from] Recoil\n|\n|upkeep\n|\n|t:|1682039256\n|switch|p1a: Amoonguss|Amoonguss, L50, F, shiny|52\/100\n|switch|p2a: Corviknight|Corviknight, L50, M|100\/100\n|turn|5\n|\n|t:|1682039274\n|-end|p2b: Iron Hands|Quark Drive|[silent]\n|switch|p2b: Tyranitar|Tyranitar, L50, M|100\/100\n|-weather|Sandstorm|[from] ability: Sand Stream|[of] p2b: Tyranitar\n|move|p1b: Annihilape|Rage Fist|p2b: Tyranitar\n|-resisted|p2b: Tyranitar\n|-damage|p2b: Tyranitar|73\/100\n|move|p2a: Corviknight|Brave Bird|p1a: Amoonguss\n|-supereffective|p1a: Amoonguss\n|-damage|p1a: Amoonguss|0 fnt\n|-damage|p2a: Corviknight|84\/100|[from] item: Rocky Helmet|[of] p1a: Amoonguss\n|faint|p1a: Amoonguss\n|-damage|p2a: Corviknight|66\/100|[from] Recoil\n|\n|-weather|Sandstorm|[upkeep]\n|-damage|p1b: Annihilape|52\/100|[from] Sandstorm\n|-heal|p2a: Corviknight|72\/100|[from] item: Leftovers\n|upkeep\n|\n|t:|1682039292\n|switch|p1a: Chi-Yu|Chi-Yu, L50|100\/100\n|-ability|p1a: Chi-Yu|Beads of Ruin\n|turn|6\n|inactive|Gi26 has 30 seconds left.\n|\n|t:|1682039323\n|move|p1a: Chi-Yu|Heat Wave|p2a: Corviknight|[spread] p2a,p2b\n|-supereffective|p2a: Corviknight\n|-resisted|p2b: Tyranitar\n|-damage|p2a: Corviknight|0 fnt\n|-damage|p2b: Tyranitar|60\/100\n|faint|p2a: Corviknight\n|move|p1b: Annihilape|Drain Punch|p2b: Tyranitar\n|-supereffective|p2b: Tyranitar\n|-damage|p2b: Tyranitar|0 fnt\n|-heal|p1b: Annihilape|80\/100|[from] drain|[of] p2b: Tyranitar\n|faint|p2b: Tyranitar\n|\n|-weather|Sandstorm|[upkeep]\n|-damage|p1a: Chi-Yu|94\/100|[from] Sandstorm\n|-damage|p1b: Annihilape|74\/100|[from] Sandstorm\n|-heal|p1a: Chi-Yu|100\/100|[from] item: Leftovers\n|upkeep\n|-message|Gi26 forfeited.\n|\n|win|hysaaron\n|raw|hysaaron's rating: 1320 → 1343<\/strong> (+23 for winning)\n|raw|Gi26's rating: 1367 → 1344<\/strong> (-23 for losing)\n|l|\u2606Gi26\n","uploadtime":1682039341,"views":6,"p1id":"hysaaron","p2id":"gi26","formatid":"gen9vgc2023regulationc","rating":1343,"private":0,"password":""}