{"id":"gen9vgc2023regulationc-1845049295","p1":"Spearstorms","p2":"mtschmucker","format":"[Gen 9] VGC 2023 Regulation C","log":"|j|\u2606Spearstorms\n|j|\u2606mtschmucker\n|t:|1681677825\n|gametype|doubles\n|player|p1|Spearstorms|evelyn|\n|player|p2|mtschmucker|wallace|\n|teamsize|p1|6\n|teamsize|p2|6\n|gen|9\n|tier|[Gen 9] VGC 2023 Regulation C\n|rule|Species Clause: Limit one of each Pok\u00e9mon\n|rule|Item Clause: Limit one of each item\n|clearpoke\n|poke|p1|Iron Treads, L50|\n|poke|p1|Iron Hands, L50|\n|poke|p1|Breloom, L50, F|\n|poke|p1|Volcarona, L50, M|\n|poke|p1|Gothitelle, L50, F|\n|poke|p1|Scizor, L50, M|\n|poke|p2|Iron Bundle, L50|\n|poke|p2|Garganacl, L50, F|\n|poke|p2|Gallade, L50, M|\n|poke|p2|Brute Bonnet, L50|\n|poke|p2|Iron Moth, L50|\n|poke|p2|Arcanine, L50, F|\n|teampreview|4\nmtschmucker rejected open team sheets.\n|j| Silverpowder\n|j| Victorystar22\n|\n|t:|1681677918\n|start\n|switch|p1a: Volcarona|Volcarona, L50, M|100\/100\n|switch|p1b: Gothitelle|Gothitelle, L50, F|100\/100\n|switch|p2a: Gallade|Gallade, L50, M|100\/100\n|switch|p2b: Arcanine|Arcanine, L50, F|100\/100\n|-ability|p2b: Arcanine|Intimidate|boost\n|-unboost|p1a: Volcarona|atk|1\n|-unboost|p1b: Gothitelle|atk|1\n|turn|1\n|\n|t:|1681677959\n|move|p1a: Volcarona|Protect|p1a: Volcarona\n|-singleturn|p1a: Volcarona|Protect\n|move|p2a: Gallade|Trick|p1b: Gothitelle\n|-activate|p2a: Gallade|move: Trick|[of] p1b: Gothitelle\n|-item|p1b: Gothitelle|Choice Scarf|[from] move: Trick\n|-item|p2a: Gallade|Safety Goggles|[from] move: Trick\n|move|p2b: Arcanine|Flare Blitz|p1a: Volcarona\n|-activate|p1a: Volcarona|move: Protect\n|move|p1b: Gothitelle|Trick Room|p1b: Gothitelle\n|-fieldstart|move: Trick Room|[of] p1b: Gothitelle\n|\n|upkeep\n|turn|2\n|\n|t:|1681677983\n|switch|p1b: Iron Hands|Iron Hands, L50|100\/100\n|move|p1a: Volcarona|Bug Buzz|p2a: Gallade\n|-damage|p2a: Gallade|47\/100\n|move|p2b: Arcanine|Flare Blitz|p1a: Volcarona\n|-damage|p1a: Volcarona|30\/100\n|-damage|p2b: Arcanine|78\/100|[from] Recoil\n|move|p2a: Gallade|Aqua Cutter|p1a: Volcarona\n|-supereffective|p1a: Volcarona\n|-damage|p1a: Volcarona|0 fnt\n|faint|p1a: Volcarona\n|\n|upkeep\n|\n|t:|1681678001\n|switch|p1a: Iron Treads|Iron Treads, L50|100\/100\n|-enditem|p1a: Iron Treads|Booster Energy\n|-activate|p1a: Iron Treads|ability: Quark Drive|[fromitem]\n|-start|p1a: Iron Treads|quarkdriveatk\n|turn|3\n|\n|t:|1681678035\n|switch|p2b: Brute Bonnet|Brute Bonnet, L50|100\/100\n|-terastallize|p1b: Iron Hands|Grass\n|move|p1b: Iron Hands|Fake Out|p2b: Brute Bonnet\n|-damage|p2b: Brute Bonnet|87\/100\n|move|p1a: Iron Treads|Earthquake|p2a: Gallade|[spread] p1b,p2a,p2b\n|-resisted|p1b: Iron Hands\n|-resisted|p2b: Brute Bonnet\n|-damage|p1b: Iron Hands|85\/100\n|-damage|p2a: Gallade|0 fnt\n|-damage|p2b: Brute Bonnet|68\/100\n|faint|p2a: Gallade\n|\n|upkeep\n|\n|t:|1681678044\n|switch|p2a: Arcanine|Arcanine, L50, F|78\/100\n|-ability|p2a: Arcanine|Intimidate|boost\n|-unboost|p1a: Iron Treads|atk|1\n|-unboost|p1b: Iron Hands|atk|1\n|turn|4\n|\n|t:|1681678068\n|-terastallize|p2a: Arcanine|Grass\n|move|p1b: Iron Hands|Close Combat|p2b: Brute Bonnet\n|-supereffective|p2b: Brute Bonnet\n|-damage|p2b: Brute Bonnet|0 fnt\n|-unboost|p1b: Iron Hands|def|1\n|-unboost|p1b: Iron Hands|spd|1\n|faint|p2b: Brute Bonnet\n|-end|p2b: Brute Bonnet|Protosynthesis|[silent]\n|move|p1a: Iron Treads|Earthquake|p2a: Arcanine|[spread] p1b,p2a\n|-resisted|p1b: Iron Hands\n|-resisted|p2a: Arcanine\n|-damage|p1b: Iron Hands|70\/100\n|-damage|p2a: Arcanine|61\/100\n|move|p2a: Arcanine|Will-O-Wisp|p1b: Iron Hands\n|-status|p1b: Iron Hands|brn\n|\n|-damage|p1b: Iron Hands|64\/100 brn|[from] brn\n|upkeep\n|\n|t:|1681678082\n|switch|p2b: Iron Moth|Iron Moth, L50|100\/100\n|turn|5\n|\n|t:|1681678093\n|move|p2b: Iron Moth|Protect|p2b: Iron Moth\n|-singleturn|p2b: Iron Moth|Protect\n|move|p1b: Iron Hands|Ice Punch|p2a: Arcanine\n|-supereffective|p2a: Arcanine\n|-damage|p2a: Arcanine|39\/100\n|move|p1a: Iron Treads|Earthquake|p2b: Iron Moth|[spread] p1b,p2a\n|-activate|p2b: Iron Moth|move: Protect\n|-resisted|p1b: Iron Hands\n|-resisted|p2a: Arcanine\n|-damage|p1b: Iron Hands|49\/100 brn\n|-damage|p2a: Arcanine|22\/100\n|-enditem|p2a: Arcanine|Aguav Berry|[eat]\n|-heal|p2a: Arcanine|55\/100|[from] item: Aguav Berry\n|move|p2a: Arcanine|Flare Blitz|p1a: Iron Treads\n|-supereffective|p1a: Iron Treads\n|-damage|p1a: Iron Treads|17\/100\n|-status|p1a: Iron Treads|brn\n|-damage|p2a: Arcanine|28\/100|[from] Recoil\n|\n|-damage|p1b: Iron Hands|43\/100 brn|[from] brn\n|-damage|p1a: Iron Treads|11\/100 brn|[from] brn\n|-fieldend|move: Trick Room\n|upkeep\n|turn|6\n|\n|t:|1681678134\n|move|p2b: Iron Moth|Fiery Dance|p1a: Iron Treads\n|-supereffective|p1a: Iron Treads\n|-damage|p1a: Iron Treads|0 fnt\n|-boost|p2b: Iron Moth|spa|1\n|faint|p1a: Iron Treads\n|-end|p1a: Iron Treads|Quark Drive|[silent]\n|-damage|p2b: Iron Moth|91\/100|[from] item: Life Orb\n|move|p2a: Arcanine|Flare Blitz|p1b: Iron Hands\n|-supereffective|p1b: Iron Hands\n|-damage|p1b: Iron Hands|0 fnt\n|faint|p1b: Iron Hands\n|-end|p1b: Iron Hands|Quark Drive|[silent]\n|-damage|p2a: Arcanine|9\/100|[from] Recoil\n|\n|upkeep\n|\n|t:|1681678143\n|switch|p1b: Gothitelle|Gothitelle, L50, F|100\/100\n|turn|7\n|\n|t:|1681678149\n|move|p2b: Iron Moth|Fiery Dance|p1b: Gothitelle\n|-damage|p1b: Gothitelle|39\/100\n|-damage|p2b: Iron Moth|81\/100|[from] item: Life Orb\n|move|p2a: Arcanine|Flare Blitz|p1b: Gothitelle\n|-damage|p1b: Gothitelle|0 fnt\n|faint|p1b: Gothitelle\n|-damage|p2a: Arcanine|0 fnt|[from] Recoil\n|faint|p2a: Arcanine\n|\n|win|mtschmucker\n","uploadtime":1681678157,"views":7,"p1id":"spearstorms","p2id":"mtschmucker","formatid":"gen9vgc2023regulationc","rating":0,"private":0,"password":""}