{"id":"gen9vgc2023regulationc-1862356792","p1":"R34LCOSMO","p2":"jdhdhsjsn","format":"[Gen 9] VGC 2023 Regulation C","log":"|j|\u2606R34LCOSMO\n|j|\u2606jdhdhsjsn\n|t:|1683872155\n|gametype|doubles\n|player|p1|R34LCOSMO|doubleteam|1041\n|player|p2|jdhdhsjsn|caitlin|1000\n|teamsize|p1|6\n|teamsize|p2|6\n|gen|9\n|tier|[Gen 9] VGC 2023 Regulation C\n|rated|\n|rule|Species Clause: Limit one of each Pok\u00e9mon\n|rule|Item Clause: Limit one of each item\n|clearpoke\n|poke|p1|Palafin, L50, M|\n|poke|p1|Maushold-Four, L50|\n|poke|p1|Brambleghast, L50, M|\n|poke|p1|Talonflame, L50, F|\n|poke|p1|Brute Bonnet, L50|\n|poke|p1|Ting-Lu, L50|\n|poke|p2|Pelipper, L50, F|\n|poke|p2|Palafin, L50, M|\n|poke|p2|Flutter Mane, L50|\n|poke|p2|Kingambit, L50, M|\n|poke|p2|Baxcalibur, L50, M|\n|poke|p2|Amoonguss, L50, F|\n|teampreview|4\n|inactive|Battle timer is ON: inactive players will automatically lose when time's up. (requested by R34LCOSMO)\nR34LCOSMO has agreed to open team sheets.\n|\n|t:|1683872194\n|start\n|switch|p1a: Palafin|Palafin, L50, M|100\/100\n|switch|p1b: Talonflame|Talonflame, L50, F|100\/100\n|switch|p2a: Pelipper|Pelipper, L50, F|100\/100\n|switch|p2b: Palafin|Palafin, L50, M|100\/100\n|-weather|RainDance|[from] ability: Drizzle|[of] p2a: Pelipper\n|turn|1\n|\n|t:|1683872211\n|detailschange|p1a: Palafin|Palafin-Hero, L50, M\n|switch|p1a: Brambleghast|Brambleghast, L50, M|100\/100\n|move|p1b: Talonflame|Tailwind|p1b: Talonflame\n|-sidestart|p1: R34LCOSMO|move: Tailwind\n|-ability|p1a: Brambleghast|Wind Rider|boost\n|-boost|p1a: Brambleghast|atk|1\n|move|p2b: Palafin|Jet Punch|p1b: Talonflame\n|-supereffective|p1b: Talonflame\n|-damage|p1b: Talonflame|0 fnt\n|faint|p1b: Talonflame\n|move|p2a: Pelipper|Tailwind|p2a: Pelipper\n|-sidestart|p2: jdhdhsjsn|move: Tailwind\n|\n|-weather|RainDance|[upkeep]\n|upkeep\n|\n|t:|1683872221\n|switch|p1b: Palafin|Palafin-Hero, L50, M|100\/100\n|-activate|p1b: Palafin|ability: Zero to Hero\n|turn|2\n|\n|t:|1683872237\n|detailschange|p2b: Palafin|Palafin-Hero, L50, M\n|switch|p2b: Amoonguss|Amoonguss, L50, F|100\/100\n|move|p1a: Brambleghast|Power Whip|p2a: Pelipper|[miss]\n|-miss|p1a: Brambleghast|p2a: Pelipper\n|move|p1b: Palafin|Focus Energy|p1b: Palafin\n|-start|p1b: Palafin|move: Focus Energy\n|move|p2a: Pelipper|Hurricane|p1b: Palafin\n|-damage|p1b: Palafin|52\/100\n|\n|-weather|RainDance|[upkeep]\n|upkeep\n|turn|3\n|inactive|R34LCOSMO has 30 seconds left.\n|\n|t:|1683872264\n|move|p2a: Pelipper|Protect|p2a: Pelipper\n|-singleturn|p2a: Pelipper|Protect\n|move|p1a: Brambleghast|Shadow Sneak|p2b: Amoonguss\n|-crit|p2b: Amoonguss\n|-damage|p2b: Amoonguss|56\/100\n|-damage|p1a: Brambleghast|90\/100|[from] item: Life Orb\n|move|p1b: Palafin|Jet Punch|p2a: Pelipper\n|-activate|p2a: Pelipper|move: Protect\n|move|p2b: Amoonguss|Spore|p1b: Palafin\n|-status|p1b: Palafin|slp|[from] move: Spore\n|\n|-weather|RainDance|[upkeep]\n|upkeep\n|turn|4\n|\n|t:|1683872278\n|cant|p1b: Palafin|slp\n|move|p1a: Brambleghast|Phantom Force||[still]\n|-prepare|p1a: Brambleghast|Phantom Force\n|move|p2a: Pelipper|Hurricane|p1b: Palafin\n|-damage|p1b: Palafin|7\/100 slp\n|-start|p1b: Palafin|confusion\n|move|p2b: Amoonguss|Pollen Puff|p1b: Palafin\n|-damage|p1b: Palafin|0 fnt\n|faint|p1b: Palafin\n|\n|-weather|RainDance|[upkeep]\n|-sideend|p2: jdhdhsjsn|move: Tailwind\n|-sideend|p1: R34LCOSMO|move: Tailwind\n|upkeep\n|\n|t:|1683872281\n|switch|p1b: Brute Bonnet|Brute Bonnet, L50|100\/100\n|-enditem|p1b: Brute Bonnet|Booster Energy\n|-activate|p1b: Brute Bonnet|ability: Protosynthesis|[fromitem]\n|-start|p1b: Brute Bonnet|protosynthesisspd\n|turn|5\n|\n|t:|1683872299\n|move|p1b: Brute Bonnet|Protect|p1b: Brute Bonnet\n|-singleturn|p1b: Brute Bonnet|Protect\n|move|p1a: Brambleghast|Phantom Force|p2b: Amoonguss|[from]lockedmove\n|-damage|p2b: Amoonguss|0 fnt\n|faint|p2b: Amoonguss\n|-damage|p1a: Brambleghast|80\/100|[from] item: Life Orb\n|move|p2a: Pelipper|Hurricane|p1b: Brute Bonnet\n|-activate|p1b: Brute Bonnet|move: Protect\n|\n|-weather|none\n|upkeep\n|\n|t:|1683872309\n|switch|p2b: Flutter Mane|Flutter Mane, L50|100\/100\n|turn|6\n|\n|t:|1683872323\n|switch|p2a: Palafin|Palafin-Hero, L50, M|100\/100\n|-activate|p2a: Palafin|ability: Zero to Hero\n|-terastallize|p2b: Flutter Mane|Fairy\n|-terastallize|p1b: Brute Bonnet|Poison\n|move|p1b: Brute Bonnet|Rage Powder|p1b: Brute Bonnet\n|-singleturn|p1b: Brute Bonnet|move: Rage Powder\n|move|p1a: Brambleghast|Shadow Sneak|p2b: Flutter Mane\n|-crit|p2b: Flutter Mane\n|-damage|p2b: Flutter Mane|6\/100\n|-damage|p1a: Brambleghast|70\/100|[from] item: Life Orb\n|move|p2b: Flutter Mane|Shadow Ball|p1b: Brute Bonnet\n|-damage|p1b: Brute Bonnet|67\/100\n|\n|upkeep\n|turn|7\n|\n|t:|1683872346\n|move|p1a: Brambleghast|Shadow Sneak|p2b: Flutter Mane\n|-crit|p2b: Flutter Mane\n|-damage|p2b: Flutter Mane|0 fnt\n|faint|p2b: Flutter Mane\n|-end|p2b: Flutter Mane|Protosynthesis|[silent]\n|-damage|p1a: Brambleghast|60\/100|[from] item: Life Orb\n|move|p1b: Brute Bonnet|Sucker Punch|p2a: Palafin\n|-damage|p2a: Palafin|76\/100\n|move|p2a: Palafin|Wave Crash|p1b: Brute Bonnet\n|-damage|p1b: Brute Bonnet|3\/100\n|-damage|p2a: Palafin|56\/100|[from] Recoil\n|\n|upkeep\n|\n|t:|1683872356\n|switch|p2b: Pelipper|Pelipper, L50, F|100\/100\n|-weather|RainDance|[from] ability: Drizzle|[of] p2b: Pelipper\n|turn|8\n|\n|t:|1683872364\n|move|p2a: Palafin|Protect|p2a: Palafin\n|-singleturn|p2a: Palafin|Protect\n|move|p1b: Brute Bonnet|Protect|p1b: Brute Bonnet\n|-singleturn|p1b: Brute Bonnet|Protect\n|move|p1a: Brambleghast|Power Whip|p2a: Palafin\n|-activate|p2a: Palafin|move: Protect\n|move|p2b: Pelipper|Hurricane|p1b: Brute Bonnet\n|-activate|p1b: Brute Bonnet|move: Protect\n|\n|-weather|RainDance|[upkeep]\n|upkeep\n|turn|9\n|\n|t:|1683872377\n|move|p1b: Brute Bonnet|Rage Powder|p1b: Brute Bonnet\n|-singleturn|p1b: Brute Bonnet|move: Rage Powder\n|move|p1a: Brambleghast|Power Whip|p2a: Palafin\n|-supereffective|p2a: Palafin\n|-damage|p2a: Palafin|0 fnt\n|faint|p2a: Palafin\n|-damage|p1a: Brambleghast|50\/100|[from] item: Life Orb\n|move|p2b: Pelipper|Hydro Pump|p1b: Brute Bonnet\n|-damage|p1b: Brute Bonnet|0 fnt\n|faint|p1b: Brute Bonnet\n|-end|p1b: Brute Bonnet|Protosynthesis|[silent]\n|\n|-weather|RainDance|[upkeep]\n|upkeep\n|turn|10\n|inactive|R34LCOSMO has 30 seconds left.\n|inactive|R34LCOSMO has 20 seconds left.\n|\n|t:|1683872417\n|move|p1a: Brambleghast|Phantom Force||[still]\n|-prepare|p1a: Brambleghast|Phantom Force\n|move|p2b: Pelipper|Hydro Pump|p1a: Brambleghast|[miss]\n|-miss|p2b: Pelipper|p1a: Brambleghast\n|\n|-weather|RainDance|[upkeep]\n|upkeep\n|turn|11\n|\n|t:|1683872423\n|move|p1a: Brambleghast|Phantom Force|p2b: Pelipper|[from]lockedmove\n|-enditem|p2b: Pelipper|Focus Sash\n|-damage|p2b: Pelipper|1\/100\n|-damage|p1a: Brambleghast|40\/100|[from] item: Life Orb\n|move|p2b: Pelipper|Hydro Pump|p1a: Brambleghast\n|-resisted|p1a: Brambleghast\n|-damage|p1a: Brambleghast|0 fnt\n|faint|p1a: Brambleghast\n|\n|win|jdhdhsjsn\n|raw|R34LCOSMO's rating: 1041 → 1023<\/strong> (-18 for losing)\n|raw|jdhdhsjsn's rating: 1000 → 1045<\/strong> (+45 for winning)\n|l|\u2606R34LCOSMO\n","uploadtime":1683872445,"views":12,"p1id":"r34lcosmo","p2id":"jdhdhsjsn","formatid":"gen9vgc2023regulationc","rating":1023,"private":0,"password":""}