{"id":"gen9vgc2023regulationc-1855546375","p1":"JumpluffGoodCopium","p2":"VARCA","format":"[Gen 9] VGC 2023 Regulation C","log":"|j|\u2606JumpluffGoodCopium\n|j|\u2606VARCA\n|t:|1682960915\n|gametype|doubles\n|player|p1|JumpluffGoodCopium|dawn-gen4pt|1109\n|player|p2|VARCA|clown|1158\n|teamsize|p1|6\n|teamsize|p2|6\n|gen|9\n|tier|[Gen 9] VGC 2023 Regulation C\n|rated|\n|rule|Species Clause: Limit one of each Pok\u00e9mon\n|rule|Item Clause: Limit one of each item\n|clearpoke\n|poke|p1|Jumpluff, L50, F|\n|poke|p1|Torkoal, L50, M|\n|poke|p1|Flutter Mane, L50|\n|poke|p1|Amoonguss, L50, M|\n|poke|p1|Garganacl, L50, M|\n|poke|p1|Chi-Yu, L50|\n|poke|p2|Garchomp, L50, M|\n|poke|p2|Amoonguss, L50, M|\n|poke|p2|Flutter Mane, L50|\n|poke|p2|Talonflame, L50, M|\n|poke|p2|Rotom-Wash, L50|\n|poke|p2|Tyranitar, L50, M|\n|teampreview|4\n|\n|t:|1682960939\n|start\n|switch|p1a: Flutter Mane|Flutter Mane, L50|100\/100\n|switch|p1b: Amoonguss|Amoonguss, L50, M|100\/100\n|switch|p2a: Rotom|Rotom-Wash, L50|100\/100\n|switch|p2b: Garchomp|Garchomp, L50, M|100\/100\n|-enditem|p1a: Flutter Mane|Booster Energy\n|-activate|p1a: Flutter Mane|ability: Protosynthesis|[fromitem]\n|-start|p1a: Flutter Mane|protosynthesisspa\n|turn|1\n|inactive|Battle timer is ON: inactive players will automatically lose when time's up. (requested by JumpluffGoodCopium)\n|inactive|JumpluffGoodCopium has 60 seconds left.\n|\n|t:|1682960977\n|move|p2b: Garchomp|Protect|p2b: Garchomp\n|-singleturn|p2b: Garchomp|Protect\n|move|p1a: Flutter Mane|Substitute|p1a: Flutter Mane\n|-start|p1a: Flutter Mane|Substitute\n|-damage|p1a: Flutter Mane|76\/100\n|move|p2a: Rotom|Hydro Pump|p1a: Flutter Mane\n|-end|p1a: Flutter Mane|Substitute\n|move|p1b: Amoonguss|Spore|p2a: Rotom\n|-status|p2a: Rotom|slp|[from] move: Spore\n|\n|upkeep\n|turn|2\n|\n|t:|1682960988\n|switch|p2a: Tyranitar|Tyranitar, L50, M|100\/100\n|-weather|Sandstorm|[from] ability: Sand Stream|[of] p2a: Tyranitar\n|switch|p2b: Amoonguss|Amoonguss, L50, M|100\/100\n|move|p1a: Flutter Mane|Moonblast|p2b: Amoonguss\n|-resisted|p2b: Amoonguss\n|-damage|p2b: Amoonguss|70\/100\n|move|p1b: Amoonguss|Pollen Puff|p1a: Flutter Mane\n|-heal|p1a: Flutter Mane|100\/100\n|\n|-weather|Sandstorm|[upkeep]\n|-damage|p1a: Flutter Mane|94\/100|[from] Sandstorm\n|-damage|p1b: Amoonguss|95\/100|[from] Sandstorm\n|-damage|p2b: Amoonguss|64\/100|[from] Sandstorm\n|upkeep\n|turn|3\n|\n|t:|1682960998\n|-terastallize|p2a: Tyranitar|Flying\n|move|p1a: Flutter Mane|Substitute|p1a: Flutter Mane\n|-start|p1a: Flutter Mane|Substitute\n|-damage|p1a: Flutter Mane|70\/100\n|move|p2a: Tyranitar|Tera Blast|p1b: Amoonguss\n|-supereffective|p1b: Amoonguss\n|-damage|p1b: Amoonguss|0 fnt\n|faint|p1b: Amoonguss\n|move|p2b: Amoonguss|Spore||[still]\n|-fail|p2b: Amoonguss\n|\n|-weather|Sandstorm|[upkeep]\n|-damage|p1a: Flutter Mane|64\/100|[from] Sandstorm\n|-damage|p2a: Tyranitar|95\/100|[from] Sandstorm\n|-damage|p2b: Amoonguss|58\/100|[from] Sandstorm\n|upkeep\n|\n|t:|1682961007\n|switch|p1b: Torkoal|Torkoal, L50, M|100\/100\n|-weather|SunnyDay|[from] ability: Drought|[of] p1b: Torkoal\n|turn|4\n|\n|t:|1682961018\n|switch|p2b: Rotom|Rotom-Wash, L50|100\/100 slp\n|move|p1a: Flutter Mane|Moonblast|p2a: Tyranitar\n|-damage|p2a: Tyranitar|52\/100\n|-unboost|p2a: Tyranitar|spa|1\n|move|p1b: Torkoal|Heat Wave|p2b: Rotom|[spread] p2a,p2b\n|-resisted|p2b: Rotom\n|-damage|p2a: Tyranitar|27\/100\n|-damage|p2b: Rotom|73\/100 slp\n|move|p2a: Tyranitar|Rock Slide|p1a: Flutter Mane|[spread] p1a,p1b\n|-end|p1a: Flutter Mane|Substitute\n|-supereffective|p1b: Torkoal\n|-damage|p1b: Torkoal|47\/100\n|\n|-weather|SunnyDay|[upkeep]\n|upkeep\n|turn|5\n|\n|t:|1682961036\n|-terastallize|p1a: Flutter Mane|Fairy\n|move|p1a: Flutter Mane|Moonblast|p2b: Rotom\n|-damage|p2b: Rotom|0 fnt\n|faint|p2b: Rotom\n|move|p1b: Torkoal|Heat Wave|p2a: Tyranitar\n|-damage|p2a: Tyranitar|0 fnt\n|faint|p2a: Tyranitar\n|\n|-weather|SunnyDay|[upkeep]\n|upkeep\n|\n|t:|1682961043\n|switch|p2b: Amoonguss|Amoonguss, L50, M|92\/100\n|switch|p2a: Garchomp|Garchomp, L50, M|100\/100\n|turn|6\n|\n|t:|1682961059\n|move|p1a: Flutter Mane|Protect|p1a: Flutter Mane\n|-singleturn|p1a: Flutter Mane|Protect\n|move|p2a: Garchomp|Protect|p2a: Garchomp\n|-singleturn|p2a: Garchomp|Protect\n|move|p1b: Torkoal|Heat Wave|p2b: Amoonguss|[spread] p2b\n|-activate|p2a: Garchomp|move: Protect\n|-supereffective|p2b: Amoonguss\n|-damage|p2b: Amoonguss|20\/100\n|move|p2b: Amoonguss|Spore|p1a: Flutter Mane\n|-activate|p1a: Flutter Mane|move: Protect\n|\n|-weather|SunnyDay|[upkeep]\n|upkeep\n|turn|7\n|\n|t:|1682961067\n|move|p2b: Amoonguss|Rage Powder|p2b: Amoonguss\n|-singleturn|p2b: Amoonguss|move: Rage Powder\n|move|p1a: Flutter Mane|Moonblast|p2b: Amoonguss\n|-resisted|p2b: Amoonguss\n|-damage|p2b: Amoonguss|0 fnt\n|faint|p2b: Amoonguss\n|move|p2a: Garchomp|Earthquake|p1b: Torkoal|[spread] p1a,p1b\n|-supereffective|p1b: Torkoal\n|-damage|p1a: Flutter Mane|0 fnt\n|-damage|p1b: Torkoal|0 fnt\n|faint|p1a: Flutter Mane\n|-end|p1a: Flutter Mane|Protosynthesis|[silent]\n|faint|p1b: Torkoal\n|\n|-weather|SunnyDay|[upkeep]\n|upkeep\n|\n|t:|1682961072\n|switch|p1b: Chi-Yu|Chi-Yu, L50|100\/100\n|-ability|p1b: Chi-Yu|Beads of Ruin\n|turn|8\n|\n|t:|1682961077\n|move|p1b: Chi-Yu|Overheat|p2a: Garchomp\n|-resisted|p2a: Garchomp\n|-damage|p2a: Garchomp|15\/100\n|-unboost|p1b: Chi-Yu|spa|2\n|move|p2a: Garchomp|Earthquake|p1b: Chi-Yu\n|-supereffective|p1b: Chi-Yu\n|-damage|p1b: Chi-Yu|0 fnt\n|faint|p1b: Chi-Yu\n|\n|win|VARCA\n|raw|JumpluffGoodCopium's rating: 1109 → 1088<\/strong> (-21 for losing)\n|raw|VARCA's rating: 1158 → 1179<\/strong> (+21 for winning)\n|l|\u2606VARCA\n","uploadtime":1682961088,"views":24,"p1id":"jumpluffgoodcopium","p2id":"varca","formatid":"gen9vgc2023regulationc","rating":1088,"private":0,"password":""}