{"id":"gen9vgc2023regulationc-1852729948","p1":"JabobFrog2","p2":"Lambvgc","format":"[Gen 9] VGC 2023 Regulation C","log":"|j|\u2606JabobFrog2\n|j|\u2606Lambvgc\n|t:|1682601089\n|gametype|doubles\n|player|p1|JabobFrog2|veteran|1189\n|player|p2|Lambvgc|102|1137\n|teamsize|p1|6\n|teamsize|p2|6\n|gen|9\n|tier|[Gen 9] VGC 2023 Regulation C\n|rated|\n|rule|Species Clause: Limit one of each Pok\u00e9mon\n|rule|Item Clause: Limit one of each item\n|clearpoke\n|poke|p1|Hatterene, L50, F|\n|poke|p1|Iron Hands, L50|\n|poke|p1|Amoonguss, L50, F|\n|poke|p1|Indeedee-F, L50, F|\n|poke|p1|Armarouge, L50, M|\n|poke|p1|Torkoal, L50, F|\n|poke|p2|Garganacl, L50, M|\n|poke|p2|Talonflame, L50, F|\n|poke|p2|Meowscarada, L50, M|\n|poke|p2|Tauros-Paldea-Aqua, L50, M|\n|poke|p2|Glimmora, L50, F|\n|poke|p2|Sylveon, L50, F|\n|teampreview|4\n|\n|t:|1682601113\n|start\n|switch|p1a: Iron Hands|Iron Hands, L50|100\/100\n|switch|p1b: Hatterene|Hatterene, L50, F|100\/100\n|switch|p2a: Glimmora|Glimmora, L50, F|100\/100\n|switch|p2b: Sylveon|Sylveon, L50, F|100\/100\n|turn|1\n|\n|t:|1682601123\n|switch|p2b: Tauros|Tauros-Paldea-Aqua, L50, M|100\/100\n|-ability|p2b: Tauros|Intimidate|boost\n|-unboost|p1a: Iron Hands|atk|1\n|-unboost|p1b: Hatterene|atk|1\n|move|p1a: Iron Hands|Fake Out|p2b: Tauros\n|-damage|p2b: Tauros|90\/100\n|move|p2a: Glimmora|Sludge Bomb|p1b: Hatterene\n|-supereffective|p1b: Hatterene\n|-damage|p1b: Hatterene|0 fnt\n|faint|p1b: Hatterene\n|\n|upkeep\n|\n|t:|1682601128\n|switch|p1b: Amoonguss|Amoonguss, L50, F|100\/100\n|turn|2\n|\n|t:|1682601144\n|switch|p2a: Garganacl|Garganacl, L50, M, shiny|100\/100\n|move|p2b: Tauros|Protect|p2b: Tauros\n|-singleturn|p2b: Tauros|Protect\n|move|p1a: Iron Hands|Volt Switch|p2b: Tauros\n|-activate|p2b: Tauros|move: Protect\n|move|p1b: Amoonguss|Spore|p2a: Garganacl\n|-immune|p2a: Garganacl|[from] ability: Purifying Salt\n|\n|upkeep\n|turn|3\n|\n|t:|1682601161\n|switch|p2b: Sylveon|Sylveon, L50, F|100\/100\n|-terastallize|p2a: Garganacl|Bug\n|move|p1a: Iron Hands|Volt Switch|p2b: Sylveon\n|-damage|p2b: Sylveon|89\/100\n|\n|t:|1682601167\n|-end|p1a: Iron Hands|Quark Drive|[silent]\n|switch|p1a: Torkoal|Torkoal, L50, F|100\/100|[from] Volt Switch\n|-weather|SunnyDay|[from] ability: Drought|[of] p1a: Torkoal\n|move|p2a: Garganacl|Salt Cure|p1a: Torkoal\n|-supereffective|p1a: Torkoal\n|-crit|p1a: Torkoal\n|-damage|p1a: Torkoal|67\/100\n|-start|p1a: Torkoal|Salt Cure\n|move|p1b: Amoonguss|Spore|p2b: Sylveon\n|-status|p2b: Sylveon|slp|[from] move: Spore\n|\n|-weather|SunnyDay|[upkeep]\n|-damage|p1a: Torkoal|54\/100|[from] Salt Cure\n|upkeep\n|turn|4\n|\n|t:|1682601181\n|move|p2a: Garganacl|Wide Guard|p2a: Garganacl\n|-singleturn|p2a: Garganacl|Wide Guard\n|cant|p2b: Sylveon|slp\n|move|p1b: Amoonguss|Pollen Puff|p1a: Torkoal\n|-heal|p1a: Torkoal|100\/100\n|move|p1a: Torkoal|Eruption|p2b: Sylveon|[spread] \n|-activate|p2a: Garganacl|move: Wide Guard\n|-activate|p2b: Sylveon|move: Wide Guard\n|\n|-weather|SunnyDay|[upkeep]\n|-damage|p1a: Torkoal|88\/100|[from] Salt Cure\n|upkeep\n|turn|5\n|\n|t:|1682601195\n|switch|p2a: Tauros|Tauros-Paldea-Aqua, L50, M|90\/100\n|-ability|p2a: Tauros|Intimidate|boost\n|-unboost|p1a: Torkoal|atk|1\n|-unboost|p1b: Amoonguss|atk|1\n|move|p1b: Amoonguss|Rage Powder|p1b: Amoonguss\n|-singleturn|p1b: Amoonguss|move: Rage Powder\n|cant|p2b: Sylveon|slp\n|move|p1a: Torkoal|Eruption|p2a: Tauros|[spread] p2a,p2b\n|-resisted|p2a: Tauros\n|-crit|p2b: Sylveon\n|-damage|p2a: Tauros|44\/100\n|-damage|p2b: Sylveon|0 fnt\n|faint|p2b: Sylveon\n|\n|-weather|SunnyDay|[upkeep]\n|-damage|p1a: Torkoal|76\/100|[from] Salt Cure\n|upkeep\n|\n|t:|1682601204\n|switch|p2b: Glimmora|Glimmora, L50, F|100\/100\n|turn|6\n|\n|t:|1682601211\n|move|p1b: Amoonguss|Rage Powder|p1b: Amoonguss\n|-singleturn|p1b: Amoonguss|move: Rage Powder\n|move|p2b: Glimmora|Power Gem|p1b: Amoonguss\n|-damage|p1b: Amoonguss|45\/100\n|move|p2a: Tauros|Raging Bull|p1b: Amoonguss\n|-resisted|p1b: Amoonguss\n|-damage|p1b: Amoonguss|37\/100\n|-damage|p2a: Tauros|27\/100|[from] item: Rocky Helmet|[of] p1b: Amoonguss\n|move|p1a: Torkoal|Eruption|p2b: Glimmora|[spread] p2a,p2b\n|-resisted|p2a: Tauros\n|-resisted|p2b: Glimmora\n|-damage|p2a: Tauros|0 fnt\n|-damage|p2b: Glimmora|59\/100\n|faint|p2a: Tauros\n|\n|-weather|SunnyDay|[upkeep]\n|-damage|p1a: Torkoal|63\/100|[from] Salt Cure\n|upkeep\n|\n|t:|1682601217\n|switch|p2a: Garganacl|Garganacl, L50, M, shiny, tera:Bug|100\/100\n|turn|7\n|\n|t:|1682601228\n|move|p2b: Glimmora|Power Gem|p1b: Amoonguss\n|-damage|p1b: Amoonguss|0 fnt\n|faint|p1b: Amoonguss\n|move|p2a: Garganacl|Salt Cure|p1a: Torkoal\n|-supereffective|p1a: Torkoal\n|-damage|p1a: Torkoal|39\/100\n|move|p1a: Torkoal|Earth Power|p2b: Glimmora\n|-supereffective|p2b: Glimmora\n|-damage|p2b: Glimmora|0 fnt\n|faint|p2b: Glimmora\n|\n|-weather|none\n|-damage|p1a: Torkoal|27\/100|[from] Salt Cure\n|upkeep\n|\n|t:|1682601230\n|switch|p1b: Iron Hands|Iron Hands, L50|100\/100\n|turn|8\n|\n|t:|1682601243\n|move|p2a: Garganacl|Protect|p2a: Garganacl\n|-singleturn|p2a: Garganacl|Protect\n|move|p1b: Iron Hands|Fake Out|p2a: Garganacl\n|-activate|p2a: Garganacl|move: Protect\n|move|p1a: Torkoal|Flamethrower|p2a: Garganacl\n|-activate|p2a: Garganacl|move: Protect\n|\n|-damage|p1a: Torkoal|15\/100|[from] Salt Cure\n|upkeep\n|turn|9\n|\n|t:|1682601255\n|move|p1b: Iron Hands|Wild Charge|p2a: Garganacl\n|-damage|p2a: Garganacl|67\/100\n|-damage|p1b: Iron Hands|94\/100|[from] Recoil\n|move|p2a: Garganacl|Salt Cure|p1a: Torkoal\n|-supereffective|p1a: Torkoal\n|-damage|p1a: Torkoal|0 fnt\n|faint|p1a: Torkoal\n|\n|-heal|p2a: Garganacl|73\/100|[from] item: Leftovers\n|upkeep\n|turn|10\n|c|\u2606Lambvgc|ggs\n|\n|t:|1682601273\n|move|p2a: Garganacl|Protect|p2a: Garganacl\n|-singleturn|p2a: Garganacl|Protect\n|move|p1b: Iron Hands|Wild Charge|p2a: Garganacl\n|-activate|p2a: Garganacl|move: Protect\n|\n|-heal|p2a: Garganacl|79\/100|[from] item: Leftovers\n|upkeep\n|turn|11\n|\n|t:|1682601281\n|move|p1b: Iron Hands|Wild Charge|p2a: Garganacl\n|-damage|p2a: Garganacl|51\/100\n|-damage|p1b: Iron Hands|87\/100|[from] Recoil\n|move|p2a: Garganacl|Salt Cure|p1b: Iron Hands\n|-resisted|p1b: Iron Hands\n|-damage|p1b: Iron Hands|83\/100\n|-start|p1b: Iron Hands|Salt Cure\n|\n|-heal|p2a: Garganacl|57\/100|[from] item: Leftovers\n|-damage|p1b: Iron Hands|71\/100|[from] Salt Cure\n|upkeep\n|turn|12\n|\n|t:|1682601295\n|move|p2a: Garganacl|Protect|p2a: Garganacl\n|-singleturn|p2a: Garganacl|Protect\n|move|p1b: Iron Hands|Drain Punch|p2a: Garganacl\n|-activate|p2a: Garganacl|move: Protect\n|\n|-heal|p2a: Garganacl|62\/100|[from] item: Leftovers\n|-damage|p1b: Iron Hands|59\/100|[from] Salt Cure\n|upkeep\n|turn|13\n|\n|t:|1682601305\n|move|p1b: Iron Hands|Wild Charge|p2a: Garganacl\n|-damage|p2a: Garganacl|30\/100\n|-damage|p1b: Iron Hands|52\/100|[from] Recoil\n|move|p2a: Garganacl|Recover|p2a: Garganacl\n|-heal|p2a: Garganacl|80\/100\n|\n|-heal|p2a: Garganacl|86\/100|[from] item: Leftovers\n|-damage|p1b: Iron Hands|39\/100|[from] Salt Cure\n|upkeep\n|turn|14\n|\n|t:|1682601312\n|move|p2a: Garganacl|Protect|p2a: Garganacl\n|-singleturn|p2a: Garganacl|Protect\n|move|p1b: Iron Hands|Drain Punch|p2a: Garganacl\n|-activate|p2a: Garganacl|move: Protect\n|\n|-heal|p2a: Garganacl|92\/100|[from] item: Leftovers\n|-damage|p1b: Iron Hands|27\/100|[from] Salt Cure\n|upkeep\n|turn|15\n|\n|t:|1682601317\n|move|p2a: Garganacl|Protect||[still]\n|-fail|p2a: Garganacl\n|move|p1b: Iron Hands|Drain Punch|p2a: Garganacl\n|-resisted|p2a: Garganacl\n|-damage|p2a: Garganacl|79\/100\n|-heal|p1b: Iron Hands|33\/100|[from] drain|[of] p2a: Garganacl\n|\n|-heal|p2a: Garganacl|85\/100|[from] item: Leftovers\n|-damage|p1b: Iron Hands|20\/100|[from] Salt Cure\n|upkeep\n|turn|16\n|-message|JabobFrog2 forfeited.\n|\n|win|Lambvgc\n|raw|JabobFrog2's rating: 1189 → 1160<\/strong> (-29 for losing)\n|raw|Lambvgc's rating: 1137 → 1166<\/strong> (+29 for winning)\n|l|\u2606JabobFrog2\n","uploadtime":1682601328,"views":17,"p1id":"jabobfrog2","p2id":"lambvgc","formatid":"gen9vgc2023regulationc","rating":1160,"private":0,"password":""}