{"id":"gen9vgc2023regulationc-1846953556","p1":"Terry kloak","p2":"JKetsuo","format":"[Gen 9] VGC 2023 Regulation C","log":"|j|\u2606Terry kloak\n|j|\u2606JKetsuo\n|t:|1681905520\n|gametype|doubles\n|player|p1|Terry kloak|gentleman-gen4|\n|player|p2|JKetsuo|psychic|\n|teamsize|p1|6\n|teamsize|p2|6\n|gen|9\n|tier|[Gen 9] VGC 2023 Regulation C\n|rule|Species Clause: Limit one of each Pok\u00e9mon\n|rule|Item Clause: Limit one of each item\n|clearpoke\n|poke|p1|Ceruledge, L50, M|\n|poke|p1|Orthworm, L50, M|\n|poke|p1|Ting-Lu, L50|\n|poke|p1|Dragonite, L50, F|\n|poke|p1|Iron Bundle, L50|\n|poke|p1|Grimmsnarl, L50, M|\n|poke|p2|Breloom, L50, M|\n|poke|p2|Wo-Chien, L50|\n|poke|p2|Arcanine, L50, M|\n|poke|p2|Flutter Mane, L50|\n|poke|p2|Gothitelle, L50, F|\n|poke|p2|Scream Tail, L50|\n|teampreview|4\nTerry kloak has agreed to open team sheets.\nJKetsuo has agreed to open team sheets.\n|c|\u2606Terry kloak|G1\n|inactive|Battle timer is ON: inactive players will automatically lose when time's up. (requested by JKetsuo)\n|c|\u2606Terry kloak|Aceita o g2\n|c|\u2606Terry kloak|Antes de comecar o 1\n|inactive|Terry kloak has 60 seconds left.\n|inactive|Terry kloak has 30 seconds left.\n|inactive|Terry kloak has 20 seconds left.\n|inactive|Terry kloak has 15 seconds left.\n|\n|t:|1681905690\n|start\n|switch|p1a: Ceruledge|Ceruledge, L50, M|100\/100\n|switch|p1b: Ting-Lu|Ting-Lu, L50|100\/100\n|switch|p2a: Kirisak1|Flutter Mane, L50|100\/100\n|switch|p2b: Flippo|Scream Tail, L50|100\/100\n|-ability|p1b: Ting-Lu|Vessel of Ruin\n|-enditem|p2a: Kirisak1|Booster Energy\n|-activate|p2a: Kirisak1|ability: Protosynthesis|[fromitem]\n|-start|p2a: Kirisak1|protosynthesisspe\n|turn|1\n|inactive|JKetsuo has 30 seconds left.\n|\n|t:|1681905716\n|-terastallize|p2a: Kirisak1|Water\n|-terastallize|p1a: Ceruledge|Grass\n|move|p2a: Kirisak1|Shadow Ball|p1a: Ceruledge\n|-damage|p1a: Ceruledge|69\/100\n|move|p2b: Flippo|Disable||[still]\n|-fail|p2b: Flippo\n|move|p1a: Ceruledge|Bitter Blade|p2a: Kirisak1\n|-resisted|p2a: Kirisak1\n|-damage|p2a: Kirisak1|62\/100\n|-heal|p1a: Ceruledge|89\/100|[from] drain|[of] p2a: Kirisak1\n|move|p1b: Ting-Lu|Throat Chop|p2b: Flippo\n|-damage|p2b: Flippo|76\/100\n|-start|p2b: Flippo|Throat Chop|[silent]\n|\n|-heal|p1a: Ceruledge|95\/100|[from] item: Leftovers\n|upkeep\n|turn|2\n|\n|t:|1681905737\n|-end|p2b: Flippo|Protosynthesis|[silent]\n|switch|p2b: chrome|Gothitelle, L50, F|100\/100\n|switch|p1a: Orthworm|Orthworm, L50, M|100\/100\n|move|p2a: Kirisak1|Perish Song|p2a: Kirisak1\n|-start|p1a: Orthworm|perish3|[silent]\n|-start|p1b: Ting-Lu|perish3|[silent]\n|-start|p2a: Kirisak1|perish3|[silent]\n|-start|p2b: chrome|perish3|[silent]\n|-fieldactivate|move: Perish Song\n|move|p1b: Ting-Lu|Earthquake|p2b: chrome|[spread] p2a,p2b\n|-immune|p1a: Orthworm|[from] ability: Earth Eater\n|-damage|p2a: Kirisak1|9\/100\n|-damage|p2b: chrome|75\/100\n|\n|-start|p2a: Kirisak1|perish3\n|-start|p2b: chrome|perish3\n|-start|p1b: Ting-Lu|perish3\n|-start|p1a: Orthworm|perish3\n|upkeep\n|turn|3\n|\n|t:|1681905760\n|-end|p2a: Kirisak1|Protosynthesis|[silent]\n|switch|p2a: Flippo|Scream Tail, L50|76\/100\n|move|p2b: chrome|Fake Out|p1a: Orthworm\n|-resisted|p1a: Orthworm\n|-damage|p1a: Orthworm|99\/100\n|move|p1b: Ting-Lu|Earthquake|p2a: Flippo|[spread] p2a,p2b\n|-heal|p1a: Orthworm|100\/100|[from] ability: Earth Eater|[of] p1b: Ting-Lu\n|-damage|p2a: Flippo|51\/100\n|-damage|p2b: chrome|48\/100\n|-enditem|p2b: chrome|Sitrus Berry|[eat]\n|-heal|p2b: chrome|73\/100|[from] item: Sitrus Berry\n|cant|p1a: Orthworm|flinch\n|\n|-start|p2b: chrome|perish2\n|-start|p1b: Ting-Lu|perish2\n|-start|p1a: Orthworm|perish2\n|upkeep\n|turn|4\n|inactive|JKetsuo has 30 seconds left.\n|\n|t:|1681905788\n|move|p2a: Flippo|Disable|p1b: Ting-Lu\n|-start|p1b: Ting-Lu|Disable|Earthquake\n|move|p2b: chrome|Heal Pulse|p2a: Flippo\n|-heal|p2a: Flippo|100\/100\n|move|p1b: Ting-Lu|Heavy Slam|p2a: Flippo\n|-supereffective|p2a: Flippo\n|-damage|p2a: Flippo|52\/100\n|move|p1a: Orthworm|Shed Tail|p1a: Orthworm\n|-start|p1a: Orthworm|Substitute|[from] move: Shed Tail\n|-damage|p1a: Orthworm|50\/100\n|-enditem|p1a: Orthworm|Sitrus Berry|[eat]\n|-heal|p1a: Orthworm|75\/100|[from] item: Sitrus Berry\n|\n|t:|1681905802\n|switch|p1a: Ceruledge|Ceruledge, L50, M, tera:Grass|95\/100|[from] Shed Tail\n|\n|-heal|p1a: Ceruledge|100\/100|[from] item: Leftovers\n|-start|p2b: chrome|perish1\n|-start|p1b: Ting-Lu|perish1\n|upkeep\n|turn|5\n|\n|t:|1681905822\n|switch|p2b: Wo-Chien|Wo-Chien, L50|100\/100\n|-ability|p2b: Wo-Chien|Tablets of Ruin\n|move|p2a: Flippo|Protect|p2a: Flippo\n|-singleturn|p2a: Flippo|Protect\n|move|p1a: Ceruledge|Bulk Up|p1a: Ceruledge\n|-boost|p1a: Ceruledge|atk|1\n|-boost|p1a: Ceruledge|def|1\n|move|p1b: Ting-Lu|Throat Chop|p2b: Wo-Chien\n|-resisted|p2b: Wo-Chien\n|-damage|p2b: Wo-Chien|90\/100\n|-start|p2b: Wo-Chien|Throat Chop|[silent]\n|\n|-heal|p2b: Wo-Chien|96\/100|[from] item: Leftovers\n|-start|p1b: Ting-Lu|perish0\n|faint|p1b: Ting-Lu\n|upkeep\n|\n|t:|1681905843\n|switch|p1b: Orthworm|Orthworm, L50, M|75\/100\n|turn|6\n|\n|t:|1681905855\n|switch|p2b: chrome|Gothitelle, L50, F|73\/100\n|move|p1a: Ceruledge|Protect|p1a: Ceruledge\n|-singleturn|p1a: Ceruledge|Protect\n|move|p2a: Flippo|Perish Song|p2a: Flippo\n|-start|p1a: Ceruledge|perish3|[silent]\n|-start|p1b: Orthworm|perish3|[silent]\n|-start|p2a: Flippo|perish3|[silent]\n|-start|p2b: chrome|perish3|[silent]\n|-fieldactivate|move: Perish Song\n|move|p1b: Orthworm|Iron Head|p2a: Flippo\n|-supereffective|p2a: Flippo\n|-damage|p2a: Flippo|13\/100\n|\n|-start|p2a: Flippo|perish3\n|-start|p1a: Ceruledge|perish3\n|-start|p2b: chrome|perish3\n|-start|p1b: Orthworm|perish3\n|upkeep\n|turn|7\n|inactive|JKetsuo has 30 seconds left.\n|\n|t:|1681905883\n|-end|p2a: Flippo|Protosynthesis|[silent]\n|switch|p2a: Wo-Chien|Wo-Chien, L50|96\/100\n|-ability|p2a: Wo-Chien|Tablets of Ruin\n|move|p2b: chrome|Fake Out|p1b: Orthworm\n|-resisted|p1b: Orthworm\n|-damage|p1b: Orthworm|74\/100\n|move|p1a: Ceruledge|Shadow Sneak|p2a: Wo-Chien\n|-resisted|p2a: Wo-Chien\n|-damage|p2a: Wo-Chien|84\/100\n|cant|p1b: Orthworm|flinch\n|\n|-heal|p2a: Wo-Chien|90\/100|[from] item: Leftovers\n|-start|p1a: Ceruledge|perish2\n|-start|p2b: chrome|perish2\n|-start|p1b: Orthworm|perish2\n|upkeep\n|turn|8\n|inactive|Terry kloak has 30 seconds left.\n|inactive|JKetsuo has 30 seconds left.\n|inactive|JKetsuo has 20 seconds left.\n|inactive|JKetsuo has 15 seconds left.\n|inactive|Terry kloak has 20 seconds left.\n|inactive|JKetsuo has 10 seconds left.\n|\n|t:|1681905932\n|switch|p2a: Flippo|Scream Tail, L50|13\/100\n|move|p2b: chrome|Protect|p2b: chrome\n|-singleturn|p2b: chrome|Protect\n|move|p1a: Ceruledge|Bitter Blade|p2a: Flippo\n|-damage|p2a: Flippo|0 fnt\n|faint|p2a: Flippo\n|-end|p2a: Flippo|Protosynthesis|[silent]\n|move|p1b: Orthworm|Shed Tail|p1b: Orthworm\n|-start|p1b: Orthworm|Substitute|[from] move: Shed Tail\n|-damage|p1b: Orthworm|23\/100\n|\n|t:|1681905944\n|switch|p1b: Dragonite|Dragonite, L50, F|100\/100|[from] Shed Tail\n|\n|-start|p1a: Ceruledge|perish1\n|-start|p2b: chrome|perish1\n|upkeep\n|\n|t:|1681905961\n|switch|p2a: Kirisak1|Flutter Mane, L50, tera:Water|9\/100\n|turn|9\n|\n|t:|1681905971\n|switch|p2b: Wo-Chien|Wo-Chien, L50|90\/100\n|-ability|p2b: Wo-Chien|Tablets of Ruin\n|move|p2a: Kirisak1|Protect|p2a: Kirisak1\n|-singleturn|p2a: Kirisak1|Protect\n|move|p1b: Dragonite|Dragon Dance|p1b: Dragonite\n|-boost|p1b: Dragonite|atk|1\n|-boost|p1b: Dragonite|spe|1\n|move|p1a: Ceruledge|Bitter Blade|p2b: Wo-Chien\n|-supereffective|p2b: Wo-Chien\n|-damage|p2b: Wo-Chien|0 fnt\n|faint|p2b: Wo-Chien\n|\n|-start|p1a: Ceruledge|perish0\n|faint|p1a: Ceruledge\n|upkeep\n|\n|t:|1681905988\n|switch|p1a: Orthworm|Orthworm, L50, M|23\/100\n|switch|p2b: chrome|Gothitelle, L50, F|73\/100\n|turn|10\n|inactive|JKetsuo has 30 seconds left.\n|\n|t:|1681906022\n|move|p1b: Dragonite|Earthquake|p2a: Kirisak1|[spread] p2a,p2b\n|-heal|p1a: Orthworm|48\/100|[from] ability: Earth Eater|[of] p1b: Dragonite\n|-crit|p2b: chrome\n|-damage|p2a: Kirisak1|0 fnt\n|-damage|p2b: chrome|24\/100\n|faint|p2a: Kirisak1\n|-end|p2a: Kirisak1|Protosynthesis|[silent]\n|move|p2b: chrome|Heal Pulse|p2: Kirisak1|[notarget]\n|-fail|p2b: chrome\n|move|p1a: Orthworm|Iron Head|p2b: chrome\n|-damage|p2b: chrome|5\/100\n|\n|upkeep\n|turn|11\n|-message|JKetsuo forfeited.\n|\n|win|Terry kloak\n|l|\u2606JKetsuo\n","uploadtime":1681906052,"views":12,"p1id":"terrykloak","p2id":"jketsuo","formatid":"gen9vgc2023regulationc","rating":0,"private":0,"password":""}