{"id":"gen9vgc2023regulationc-1860077912","p1":"lawfoolio","p2":"rina slaywayama","format":"[Gen 9] VGC 2023 Regulation C","log":"|j|\u2606lawfoolio\n|j|\u2606rina slaywayama\n|t:|1683592616\n|gametype|doubles\n|player|p1|lawfoolio|fisherman-gen4|1622\n|player|p2|rina slaywayama|2|1668\n|teamsize|p1|6\n|teamsize|p2|6\n|gen|9\n|tier|[Gen 9] VGC 2023 Regulation C\n|rated|\n|rule|Species Clause: Limit one of each Pok\u00e9mon\n|rule|Item Clause: Limit one of each item\n|clearpoke\n|poke|p1|Glimmora, L50, M|\n|poke|p1|Dondozo, L50, M|\n|poke|p1|Tatsugiri, L50, F|\n|poke|p1|Iron Bundle, L50|\n|poke|p1|Chi-Yu, L50|\n|poke|p1|Flutter Mane, L50|\n|poke|p2|Corviknight, L50, F|\n|poke|p2|Lycanroc, L50, F|\n|poke|p2|Flutter Mane, L50|\n|poke|p2|Garchomp, L50, F|\n|poke|p2|Iron Bundle, L50|\n|poke|p2|Tyranitar, L50, F|\n|teampreview|4\n|inactive|Battle timer is ON: inactive players will automatically lose when time's up. (requested by lawfoolio)\nrina slaywayama has agreed to open team sheets.\n|j| Alola Magikarp\n|inactive|lawfoolio has 60 seconds left.\n|\n|t:|1683592647\n|start\n|switch|p1a: Dondozo|Dondozo, L50, M|100\/100\n|switch|p1b: Flutter Mane|Flutter Mane, L50|100\/100\n|switch|p2a: Lycanroc|Lycanroc, L50, F|100\/100\n|switch|p2b: Tyranitar|Tyranitar, L50, F|100\/100\n|-weather|Sandstorm|[from] ability: Sand Stream|[of] p2b: Tyranitar\n|turn|1\n|\n|t:|1683592661\n|-terastallize|p2b: Tyranitar|Grass\n|move|p2a: Lycanroc|Rock Slide|p1a: Dondozo|[spread] p1a,p1b\n|-crit|p1b: Flutter Mane\n|-damage|p1a: Dondozo|82\/100\n|-damage|p1b: Flutter Mane|44\/100\n|move|p1b: Flutter Mane|Dazzling Gleam|p2b: Tyranitar|[spread] p2a,p2b\n|-damage|p2a: Lycanroc|54\/100\n|-damage|p2b: Tyranitar|77\/100\n|cant|p1a: Dondozo|flinch\n|move|p2b: Tyranitar|Tera Blast|p1a: Dondozo\n|-supereffective|p1a: Dondozo\n|-damage|p1a: Dondozo|23\/100\n|\n|-weather|Sandstorm|[upkeep]\n|-damage|p1b: Flutter Mane|39\/100|[from] Sandstorm\n|-damage|p1a: Dondozo|16\/100|[from] Sandstorm\n|-damage|p2b: Tyranitar|71\/100|[from] Sandstorm\n|-heal|p1a: Dondozo|23\/100|[from] item: Leftovers\n|upkeep\n|turn|2\n|\n|t:|1683592679\n|-end|p1b: Flutter Mane|Protosynthesis|[silent]\n|switch|p1b: Tatsugiri|Tatsugiri, L50, F|100\/100\n|-activate|p1b: Tatsugiri|ability: Commander|[of] p1a: Dondozo\n|-boost|p1a: Dondozo|atk|2\n|-boost|p1a: Dondozo|spa|2\n|-boost|p1a: Dondozo|spe|2\n|-boost|p1a: Dondozo|def|2\n|-boost|p1a: Dondozo|spd|2\n|move|p2a: Lycanroc|Protect|p2a: Lycanroc\n|-singleturn|p2a: Lycanroc|Protect\n|move|p1a: Dondozo|Wave Crash|p2a: Lycanroc\n|-activate|p2a: Lycanroc|move: Protect\n|move|p2b: Tyranitar|Tera Blast|p1a: Dondozo\n|-supereffective|p1a: Dondozo\n|-damage|p1a: Dondozo|0 fnt\n|faint|p1a: Dondozo\n|\n|-weather|Sandstorm|[upkeep]\n|-damage|p1b: Tatsugiri|95\/100|[from] Sandstorm\n|-damage|p2b: Tyranitar|65\/100|[from] Sandstorm\n|upkeep\n|\n|t:|1683592686\n|switch|p1a: Iron Bundle|Iron Bundle, L50|100\/100\n|-enditem|p1a: Iron Bundle|Booster Energy\n|-activate|p1a: Iron Bundle|ability: Quark Drive|[fromitem]\n|-start|p1a: Iron Bundle|quarkdrivespe\n|turn|3\n|j| need caffeine\n|\n|t:|1683592695\n|switch|p2b: Corviknight|Corviknight, L50, F|100\/100\n|move|p2a: Lycanroc|Rock Slide|p1a: Iron Bundle|[spread] p1a,p1b\n|-supereffective|p1a: Iron Bundle\n|-damage|p1a: Iron Bundle|32\/100\n|-damage|p1b: Tatsugiri|40\/100\n|move|p1a: Iron Bundle|Freeze-Dry|p2a: Lycanroc\n|-damage|p2a: Lycanroc|17\/100\n|-status|p2a: Lycanroc|frz\n|move|p1b: Tatsugiri|Icy Wind|p2b: Corviknight|[spread] p2a,p2b\n|-crit|p2a: Lycanroc\n|-damage|p2a: Lycanroc|0 fnt\n|-damage|p2b: Corviknight|90\/100\n|-ability|p2b: Corviknight|Mirror Armor\n|-unboost|p1b: Tatsugiri|spe|1\n|faint|p2a: Lycanroc\n|\n|-weather|Sandstorm|[upkeep]\n|-damage|p1a: Iron Bundle|26\/100|[from] Sandstorm\n|-damage|p1b: Tatsugiri|35\/100|[from] Sandstorm\n|upkeep\n|l| need caffeine\n|\n|t:|1683592700\n|switch|p2a: Iron Bundle|Iron Bundle, L50|100\/100\n|-enditem|p2a: Iron Bundle|Booster Energy\n|-activate|p2a: Iron Bundle|ability: Quark Drive|[fromitem]\n|-start|p2a: Iron Bundle|quarkdrivespe\n|turn|4\n|\n|t:|1683592710\n|move|p1a: Iron Bundle|Protect|p1a: Iron Bundle\n|-singleturn|p1a: Iron Bundle|Protect\n|move|p2a: Iron Bundle|Protect|p2a: Iron Bundle\n|-singleturn|p2a: Iron Bundle|Protect\n|move|p1b: Tatsugiri|Icy Wind|p2b: Corviknight|[spread] p2b\n|-activate|p2a: Iron Bundle|move: Protect\n|-damage|p2b: Corviknight|80\/100\n|-ability|p2b: Corviknight|Mirror Armor\n|-unboost|p1b: Tatsugiri|spe|1\n|move|p2b: Corviknight|Tailwind|p2b: Corviknight\n|-sidestart|p2: rina slaywayama|move: Tailwind\n|\n|-weather|Sandstorm|[upkeep]\n|-damage|p2a: Iron Bundle|94\/100|[from] Sandstorm\n|-damage|p1a: Iron Bundle|20\/100|[from] Sandstorm\n|-damage|p1b: Tatsugiri|29\/100|[from] Sandstorm\n|upkeep\n|turn|5\n|\n|t:|1683592720\n|move|p2a: Iron Bundle|Freeze-Dry|p1a: Iron Bundle\n|-damage|p1a: Iron Bundle|0 fnt\n|faint|p1a: Iron Bundle\n|-end|p1a: Iron Bundle|Quark Drive|[silent]\n|move|p2b: Corviknight|Brave Bird|p1b: Tatsugiri\n|-damage|p1b: Tatsugiri|0 fnt\n|faint|p1b: Tatsugiri\n|-damage|p2b: Corviknight|73\/100|[from] Recoil\n|\n|-weather|none\n|upkeep\n|\n|t:|1683592723\n|switch|p1b: Flutter Mane|Flutter Mane, L50|39\/100\n|turn|6\n|\n|t:|1683592728\n|move|p2a: Iron Bundle|Freeze-Dry|p1b: Flutter Mane\n|-damage|p1b: Flutter Mane|6\/100\n|move|p2b: Corviknight|Brave Bird|p1b: Flutter Mane\n|-damage|p1b: Flutter Mane|0 fnt\n|faint|p1b: Flutter Mane\n|-end|p1b: Flutter Mane|Protosynthesis|[silent]\n|-damage|p2b: Corviknight|71\/100|[from] Recoil\n|\n|win|rina slaywayama\n|raw|lawfoolio's rating: 1622 → 1605<\/strong> (-17 for losing)\n|raw|rina slaywayama's rating: 1668 → 1685<\/strong> (+17 for winning)\n","uploadtime":1683592734,"views":9,"p1id":"lawfoolio","p2id":"rinaslaywayama","formatid":"gen9vgc2023regulationc","rating":1605,"private":0,"password":""}