{"id":"gen9vgc2023regulationc-1861809271","p1":"ElectaCrow","p2":"Arcanine Numbers","format":"[Gen 9] VGC 2023 Regulation C","log":"|j|\u2606ElectaCrow\n|j|\u2606Arcanine Numbers\n|t:|1683810918\n|gametype|doubles\n|player|p1|ElectaCrow|hilbert|\n|player|p2|Arcanine Numbers|ethan-masters|\n|teamsize|p1|6\n|teamsize|p2|6\n|gen|9\n|tier|[Gen 9] VGC 2023 Regulation C\n|rule|Tera Type Preview: Tera Types are shown at Team Preview\n|rule|Species Clause: Limit one of each Pok\u00e9mon\n|rule|Item Clause: Limit one of each item\n|clearpoke\n|poke|p1|Chien-Pao, L50|\n|poke|p1|Dragapult, L50, F|\n|poke|p1|Azumarill, L50, F|\n|poke|p1|Rotom-Wash, L50|\n|poke|p1|Bronzong, L50|\n|poke|p1|Skeledirge, L50, M|\n|poke|p2|Arcanine, L50, F|\n|poke|p2|Dondozo, L50, M|\n|poke|p2|Tatsugiri, L50, M|\n|poke|p2|Flamigo, L50, F|\n|poke|p2|Pelipper, L50, M|\n|poke|p2|Kilowattrel, L50, F|\n|teampreview|4\n|raw|ElectaCrow's Tera Types: \/ \/ \/ \/ \/ \n|raw|Arcanine Numbers's Tera Types: \/ \/ \/ \/ \/ \n|inactive|Battle timer is ON: inactive players will automatically lose when time's up. (requested by Arcanine Numbers)\nArcanine Numbers rejected open team sheets.\n|inactiveoff|Battle timer is now OFF.\n|\n|t:|1683810960\n|start\n|switch|p1a: Chien-Pao|Chien-Pao, L50|100\/100\n|switch|p1b: Dragapult|Dragapult, L50, F|100\/100\n|switch|p2a: Arcanine|Arcanine, L50, F|100\/100\n|switch|p2b: Tatsugiri|Tatsugiri, L50, M|100\/100\n|-ability|p1a: Chien-Pao|Sword of Ruin\n|-ability|p2a: Arcanine|Intimidate|boost\n|-unboost|p1a: Chien-Pao|atk|1\n|-fail|p1b: Dragapult|unboost|[from] ability: Clear Body|[of] p1b: Dragapult\n|turn|1\n|c|\u2606Arcanine Numbers|g1\n|\n|t:|1683811023\n|-terastallize|p1b: Dragapult|Dragon\n|move|p2b: Tatsugiri|Endure|p2b: Tatsugiri\n|-singleturn|p2b: Tatsugiri|move: Endure\n|move|p1b: Dragapult|Dragon Darts|p2a: Arcanine\n|-damage|p2a: Arcanine|12\/100\n|-anim|p1b: Dragapult|Dragon Darts|p2b: Tatsugiri\n|-supereffective|p2b: Tatsugiri\n|-activate|p2b: Tatsugiri|move: Endure\n|-damage|p2b: Tatsugiri|1\/100\n|move|p1a: Chien-Pao|Crunch|p2a: Arcanine\n|-damage|p2a: Arcanine|0 fnt\n|faint|p2a: Arcanine\n|\n|-status|p2b: Tatsugiri|tox|[from] item: Toxic Orb\n|upkeep\n|\n|t:|1683811030\n|switch|p2a: Dondozo|Dondozo, L50, M|100\/100\n|-activate|p2b: Tatsugiri|ability: Commander|[of] p2a: Dondozo\n|-boost|p2a: Dondozo|atk|2\n|-boost|p2a: Dondozo|spa|2\n|-boost|p2a: Dondozo|spe|2\n|-boost|p2a: Dondozo|def|2\n|-boost|p2a: Dondozo|spd|2\n|turn|2\n|c|\u2606Arcanine Numbers|wow that does damage\n|\n|t:|1683811049\n|move|p1b: Dragapult|Dragon Darts|p2a: Dondozo\n|-damage|p2a: Dondozo|79\/100\n|-anim|p1b: Dragapult|Dragon Darts|p2a: Dondozo\n|-damage|p2a: Dondozo|58\/100\n|move|p1a: Chien-Pao|Crunch|p2a: Dondozo\n|-damage|p2a: Dondozo|39\/100\n|-enditem|p2a: Dondozo|Sitrus Berry|[eat]\n|-heal|p2a: Dondozo|64\/100|[from] item: Sitrus Berry\n|move|p2a: Dondozo|Order Up|p1b: Dragapult\n|-supereffective|p1b: Dragapult\n|-damage|p1b: Dragapult|0 fnt\n|faint|p1b: Dragapult\n|-boost|p2a: Dondozo|atk|1\n|\n|-damage|p2b: Tatsugiri|0 fnt|[from] psn\n|faint|p2b: Tatsugiri\n|upkeep\n|\n|t:|1683811063\n|switch|p1b: Rotom|Rotom-Wash, L50|100\/100\n|switch|p2b: Kilowattrel|Kilowattrel, L50, F|100\/100\n|turn|3\n|\n|t:|1683811096\n|move|p2b: Kilowattrel|Thunder|p1b: Rotom\n|-damage|p1b: Rotom|23\/100\n|-enditem|p1b: Rotom|Sitrus Berry|[eat]\n|-heal|p1b: Rotom|47\/100|[from] item: Sitrus Berry\n|move|p1a: Chien-Pao|Icicle Crash|p2b: Kilowattrel|[miss]\n|-miss|p1a: Chien-Pao|p2b: Kilowattrel\n|move|p2a: Dondozo|Liquidation|p1a: Chien-Pao\n|-damage|p1a: Chien-Pao|0 fnt\n|faint|p1a: Chien-Pao\n|move|p1b: Rotom|Will-O-Wisp|p2a: Dondozo|[miss]\n|-miss|p1b: Rotom|p2a: Dondozo\n|\n|upkeep\n|c|\u2606ElectaCrow|good turn\n|\n|t:|1683811110\n|switch|p1a: Azumarill|Azumarill, L50, F|100\/100\n|turn|4\n|c|\u2606Arcanine Numbers|mb\n|\n|t:|1683811132\n|move|p1a: Azumarill|Protect|p1a: Azumarill\n|-singleturn|p1a: Azumarill|Protect\n|move|p2b: Kilowattrel|Thunder|p1a: Azumarill\n|-activate|p1a: Azumarill|move: Protect\n|move|p2a: Dondozo|Order Up|p1b: Rotom\n|-damage|p1b: Rotom|0 fnt\n|faint|p1b: Rotom\n|-boost|p2a: Dondozo|atk|1\n|\n|upkeep\n|turn|5\n|\n|t:|1683811173\n|move|p2b: Kilowattrel|Thunder|p1a: Azumarill\n|-supereffective|p1a: Azumarill\n|-damage|p1a: Azumarill|0 fnt\n|faint|p1a: Azumarill\n|\n|win|Arcanine Numbers\n|c|\u2606Arcanine Numbers|bad g1\n|l|\u2606Arcanine Numbers\n","uploadtime":1683811321,"views":22,"p1id":"electacrow","p2id":"arcaninenumbers","formatid":"gen9vgc2023regulationc","rating":0,"private":0,"password":""}