{"id":"gen9vgc2023regulationc-1852109298","p1":"soraesc","p2":"Halojake9","format":"[Gen 9] VGC 2023 Regulation C","log":"|j|\u2606soraesc\n|j|\u2606Halojake9\n|t:|1682524874\n|gametype|doubles\n|player|p1|soraesc|n|1153\n|player|p2|Halojake9|red|1241\n|teamsize|p1|6\n|teamsize|p2|6\n|gen|9\n|tier|[Gen 9] VGC 2023 Regulation C\n|rated|\n|rule|Species Clause: Limit one of each Pok\u00e9mon\n|rule|Item Clause: Limit one of each item\n|clearpoke\n|poke|p1|Annihilape, L50, M|\n|poke|p1|Maushold, L50|\n|poke|p1|Gholdengo, L50|\n|poke|p1|Chien-Pao, L50|\n|poke|p1|Palafin, L50, M|\n|poke|p1|Iron Moth, L50|\n|poke|p2|Palafin, L50, F|\n|poke|p2|Amoonguss, L50, F|\n|poke|p2|Arcanine, L50, F|\n|poke|p2|Ting-Lu, L50|\n|poke|p2|Flutter Mane, L50|\n|poke|p2|Baxcalibur, L50, M|\n|teampreview|4\n|inactive|Battle timer is ON: inactive players will automatically lose when time's up. (requested by soraesc)\n|inactive|Halojake9 has 60 seconds left.\n|\n|t:|1682524908\n|start\n|switch|p1a: Maushold|Maushold, L50|100\/100\n|switch|p1b: Annihilape|Annihilape, L50, M|100\/100\n|switch|p2a: Palafin|Palafin, L50, F|100\/100\n|switch|p2b: Ting-Lu|Ting-Lu, L50|100\/100\n|-ability|p2b: Ting-Lu|Vessel of Ruin\n|turn|1\n|\n|t:|1682524926\n|detailschange|p2a: Palafin|Palafin-Hero, L50, F\n|switch|p2a: Amoonguss|Amoonguss, L50, F|100\/100\n|-terastallize|p2b: Ting-Lu|Poison\n|move|p1a: Maushold|Follow Me|p1a: Maushold\n|-singleturn|p1a: Maushold|move: Follow Me\n|move|p1b: Annihilape|Bulk Up|p1b: Annihilape\n|-boost|p1b: Annihilape|atk|1\n|-boost|p1b: Annihilape|def|1\n|move|p2b: Ting-Lu|Earthquake|p1a: Maushold|[spread] p2a,p1a,p1b\n|-damage|p2a: Amoonguss|70\/100\n|-damage|p1a: Maushold|65\/100\n|-damage|p1b: Annihilape|81\/100\n|\n|upkeep\n|turn|2\n|inactive|soraesc has 30 seconds left.\n|inactive|soraesc has 20 seconds left.\n|\n|t:|1682524965\n|move|p2a: Amoonguss|Rage Powder|p2a: Amoonguss\n|-singleturn|p2a: Amoonguss|move: Rage Powder\n|move|p1a: Maushold|Beat Up|p1b: Annihilape\n|-damage|p1b: Annihilape|80\/100\n|-damage|p1b: Annihilape|78\/100\n|-damage|p1b: Annihilape|78\/100\n|-damage|p1b: Annihilape|77\/100\n|-hitcount|p1b: Annihilape|4\n|move|p1b: Annihilape|Rage Fist|p2a: Amoonguss\n|-damage|p2a: Amoonguss|0 fnt\n|faint|p2a: Amoonguss\n|move|p2b: Ting-Lu|Heavy Slam|p1a: Maushold\n|-crit|p1a: Maushold\n|-damage|p1a: Maushold|7\/100\n|\n|upkeep\n|\n|t:|1682524977\n|switch|p2a: Palafin|Palafin-Hero, L50, F|100\/100\n|-activate|p2a: Palafin|ability: Zero to Hero\n|turn|3\n|\n|t:|1682524996\n|move|p1a: Maushold|Protect|p1a: Maushold\n|-singleturn|p1a: Maushold|Protect\n|move|p1b: Annihilape|Protect|p1b: Annihilape\n|-singleturn|p1b: Annihilape|Protect\n|move|p2a: Palafin|Jet Punch|p1a: Maushold\n|-activate|p1a: Maushold|move: Protect\n|move|p2b: Ting-Lu|Heavy Slam|p1b: Annihilape\n|-activate|p1b: Annihilape|move: Protect\n|\n|upkeep\n|turn|4\n|\n|t:|1682525009\n|move|p1a: Maushold|Follow Me|p1a: Maushold\n|-singleturn|p1a: Maushold|move: Follow Me\n|move|p2a: Palafin|Jet Punch|p1a: Maushold\n|-damage|p1a: Maushold|0 fnt\n|faint|p1a: Maushold\n|move|p1b: Annihilape|Drain Punch|p2a: Palafin\n|-damage|p2a: Palafin|54\/100\n|-heal|p1b: Annihilape|99\/100|[from] drain|[of] p2a: Palafin\n|move|p2b: Ting-Lu|Heavy Slam|p1b: Annihilape\n|-damage|p1b: Annihilape|73\/100\n|\n|upkeep\n|\n|t:|1682525023\n|switch|p1a: Iron Moth|Iron Moth, L50|100\/100\n|-enditem|p1a: Iron Moth|Booster Energy\n|-activate|p1a: Iron Moth|ability: Quark Drive|[fromitem]\n|-start|p1a: Iron Moth|quarkdrivespe\n|turn|5\n|inactive|Halojake9 has 30 seconds left.\n|inactive|Halojake9 has 20 seconds left.\n|inactive|Halojake9 has 15 seconds left.\n|\n|t:|1682525065\n|-terastallize|p1a: Iron Moth|Grass\n|move|p1a: Iron Moth|Helping Hand|p1b: Annihilape\n|-singleturn|p1b: Annihilape|Helping Hand|[of] p1a: Iron Moth\n|move|p2a: Palafin|Jet Punch|p1a: Iron Moth\n|-resisted|p1a: Iron Moth\n|-damage|p1a: Iron Moth|74\/100\n|move|p1b: Annihilape|Rage Fist|p2b: Ting-Lu\n|-damage|p2b: Ting-Lu|0 fnt\n|faint|p2b: Ting-Lu\n|\n|upkeep\n|\n|t:|1682525073\n|switch|p2b: Arcanine|Arcanine, L50, F|100\/100\n|-ability|p2b: Arcanine|Intimidate|boost\n|-unboost|p1a: Iron Moth|atk|1\n|-unboost|p1b: Annihilape|atk|1\n|-ability|p1b: Annihilape|Defiant|boost\n|-boost|p1b: Annihilape|atk|2\n|turn|6\n|\n|t:|1682525084\n|move|p1a: Iron Moth|Protect|p1a: Iron Moth\n|-singleturn|p1a: Iron Moth|Protect\n|move|p1b: Annihilape|Protect|p1b: Annihilape\n|-singleturn|p1b: Annihilape|Protect\n|move|p2b: Arcanine|Flare Blitz|p1a: Iron Moth\n|-activate|p1a: Iron Moth|move: Protect\n|move|p2a: Palafin|Haze|p2a: Palafin\n|-clearallboost\n|\n|upkeep\n|turn|7\n|inactive|Halojake9 has 30 seconds left.\n|\n|t:|1682525111\n|move|p1a: Iron Moth|Helping Hand|p1b: Annihilape\n|-singleturn|p1b: Annihilape|Helping Hand|[of] p1a: Iron Moth\n|move|p2a: Palafin|Protect|p2a: Palafin\n|-singleturn|p2a: Palafin|Protect\n|move|p1b: Annihilape|Rage Fist|p2b: Arcanine\n|-damage|p2b: Arcanine|0 fnt\n|faint|p2b: Arcanine\n|\n|upkeep\n|turn|8\n|\n|t:|1682525121\n|move|p1a: Iron Moth|Helping Hand|p1b: Annihilape\n|-singleturn|p1b: Annihilape|Helping Hand|[of] p1a: Iron Moth\n|move|p2a: Palafin|Jet Punch|p1b: Annihilape\n|-damage|p1b: Annihilape|21\/100\n|-enditem|p1b: Annihilape|Sitrus Berry|[eat]\n|-heal|p1b: Annihilape|46\/100|[from] item: Sitrus Berry\n|move|p1b: Annihilape|Rage Fist|p2a: Palafin\n|-damage|p2a: Palafin|0 fnt\n|faint|p2a: Palafin\n|\n|win|soraesc\n|raw|soraesc's rating: 1153 → 1184<\/strong> (+31 for winning)\n|raw|Halojake9's rating: 1241 → 1210<\/strong> (-31 for losing)\n|l|\u2606Halojake9\n","uploadtime":1682525134,"views":14,"p1id":"soraesc","p2id":"halojake9","formatid":"gen9vgc2023regulationc","rating":1184,"private":0,"password":""}