{"id":"gen9vgc2023regulationc-1858934646","p1":"miraai1","p2":"Sratsym","format":"[Gen 9] VGC 2023 Regulation C","log":"|j|\u2606miraai1\n|j|\u2606Sratsym\n|t:|1683385229\n|gametype|doubles\n|player|p1|miraai1|tuber|\n|player|p2|Sratsym|erika-masters|\n|teamsize|p1|6\n|teamsize|p2|6\n|gen|9\n|tier|[Gen 9] VGC 2023 Regulation C\n|rule|Species Clause: Limit one of each Pok\u00e9mon\n|rule|Item Clause: Limit one of each item\n|clearpoke\n|poke|p1|Flutter Mane, L50|\n|poke|p1|Amoonguss, L50, F|\n|poke|p1|Ting-Lu, L50|\n|poke|p1|Iron Hands, L50|\n|poke|p1|Gyarados, L50, F|\n|poke|p1|Chi-Yu, L50|\n|poke|p2|Flutter Mane, L50|\n|poke|p2|Chi-Yu, L50|\n|poke|p2|Corviknight, L50, M|\n|poke|p2|Amoonguss, L50, F|\n|poke|p2|Gyarados, L50, M|\n|poke|p2|Ting-Lu, L50|\n|teampreview|4\n|inactive|Battle timer is ON: inactive players will automatically lose when time's up. (requested by Sratsym)\n|c|\u2606miraai1|g2\n|inactiveoff|Battle timer is now OFF.\n|j| Snorlaxatemydimsum\nmiraai1 has agreed to open team sheets.\nSratsym has agreed to open team sheets.\n|c|\u2606miraai1|glhf\n|j| Star Rail\n|c|\u2606Sratsym|u2\n|j| Serena\n|\n|t:|1683385727\n|start\n|switch|p1a: Iron Hands|Iron Hands, L50, shiny|100\/100\n|switch|p1b: Ting-Lu|Ting-Lu, L50|100\/100\n|switch|p2a: Gyarados|Gyarados, L50, M|100\/100\n|switch|p2b: Ting-Lu|Ting-Lu, L50|100\/100\n|-ability|p2a: Gyarados|Intimidate|boost\n|-unboost|p1a: Iron Hands|atk|1\n|-unboost|p1b: Ting-Lu|atk|1\n|-ability|p2b: Ting-Lu|Vessel of Ruin\n|-ability|p1b: Ting-Lu|Vessel of Ruin\n|turn|1\n|j| SvenVGC\n|\n|t:|1683385764\n|move|p1a: Iron Hands|Detect|p1a: Iron Hands\n|-singleturn|p1a: Iron Hands|Protect\n|move|p2a: Gyarados|Waterfall|p1b: Ting-Lu\n|-supereffective|p1b: Ting-Lu\n|-damage|p1b: Ting-Lu|57\/100\n|move|p2b: Ting-Lu|Earthquake|p1b: Ting-Lu|[spread] p1b\n|-activate|p1a: Iron Hands|move: Protect\n|-immune|p2a: Gyarados\n|-damage|p1b: Ting-Lu|35\/100\n|move|p1b: Ting-Lu|Ruination|p2b: Ting-Lu\n|-damage|p2b: Ting-Lu|51\/100\n|\n|upkeep\n|turn|2\n|\n|t:|1683385815\n|switch|p2a: Amoonguss|Amoonguss, L50, F|100\/100\n|switch|p1b: Gyarados|Gyarados, L50, F, shiny|100\/100\n|-ability|p1b: Gyarados|Intimidate|boost\n|-unboost|p2a: Amoonguss|atk|1\n|-unboost|p2b: Ting-Lu|atk|1\n|-terastallize|p2b: Ting-Lu|Poison\n|move|p1a: Iron Hands|Swords Dance|p1a: Iron Hands\n|-boost|p1a: Iron Hands|atk|2\n|move|p2b: Ting-Lu|Ruination|p1a: Iron Hands\n|-damage|p1a: Iron Hands|51\/100\n|\n|upkeep\n|turn|3\n|\n|t:|1683385838\n|-terastallize|p1b: Gyarados|Fairy\n|move|p1b: Gyarados|Taunt|p2a: Amoonguss\n|-start|p2a: Amoonguss|move: Taunt\n|move|p1a: Iron Hands|Thunder Punch|p2b: Ting-Lu\n|-damage|p2b: Ting-Lu|17\/100\n|move|p2b: Ting-Lu|Ruination|p1b: Gyarados\n|-damage|p1b: Gyarados|50\/100\n|move|p2a: Amoonguss|Clear Smog|p1a: Iron Hands\n|-damage|p1a: Iron Hands|42\/100\n|-clearboost|p1a: Iron Hands\n|\n|upkeep\n|turn|4\n|c|\u2606miraai1|what\n|c|\u2606miraai1|well nvm ig\n|j| Pink Ocean\n|\n|t:|1683385873\n|move|p1b: Gyarados|Taunt||[still]\n|-fail|p1b: Gyarados\n|move|p1a: Iron Hands|Thunder Punch|p2b: Ting-Lu\n|-damage|p2b: Ting-Lu|0 fnt\n|faint|p2b: Ting-Lu\n|move|p2a: Amoonguss|Clear Smog|p1a: Iron Hands\n|-damage|p1a: Iron Hands|30\/100\n|-clearboost|p1a: Iron Hands\n|\n|upkeep\n|\n|t:|1683385882\n|switch|p2b: Flutter Mane|Flutter Mane, L50|100\/100\n|turn|5\n|\n|t:|1683385908\n|-end|p1a: Iron Hands|Quark Drive|[silent]\n|switch|p1a: Ting-Lu|Ting-Lu, L50|35\/100\n|-ability|p1a: Ting-Lu|Vessel of Ruin\n|move|p2b: Flutter Mane|Dazzling Gleam|p1a: Ting-Lu|[spread] p1a,p1b\n|-supereffective|p1a: Ting-Lu\n|-damage|p1a: Ting-Lu|9\/100\n|-damage|p1b: Gyarados|29\/100\n|move|p1b: Gyarados|Thunder Wave|p2b: Flutter Mane|[miss]\n|-miss|p1b: Gyarados|p2b: Flutter Mane\n|move|p2a: Amoonguss|Clear Smog|p1b: Gyarados\n|-supereffective|p1b: Gyarados\n|-damage|p1b: Gyarados|12\/100\n|-clearboost|p1b: Gyarados\n|\n|-end|p2a: Amoonguss|move: Taunt\n|upkeep\n|turn|6\n|c|\u2606Sratsym|sry bro\n|-message|miraai1 forfeited.\n|\n|win|Sratsym\n|c|\u2606miraai1|nw\n|c|\u2606miraai1|gg\n|c|\u2606Sratsym|gg\n|l| Snorlaxatemydimsum\n|j| Electrode007\n|l| Electrode007\n|l| Serena\n|j| Tearalament\n|j| TabuVGC\n|l| Tearalament\n|l| Star Rail\n","uploadtime":1683385933,"views":13,"p1id":"miraai1","p2id":"sratsym","formatid":"gen9vgc2023regulationc","rating":0,"private":0,"password":""}