{"id":"gen9vgc2023regulationc-1854454758","p1":"LiluziHit","p2":"Specs Hex Pex","format":"[Gen 9] VGC 2023 Regulation C","log":"|j|\u2606LiluziHit\n|j|\u2606Specs Hex Pex\n|t:|1682813013\n|gametype|doubles\n|player|p1|LiluziHit|blue|\n|player|p2|Specs Hex Pex|lady|\n|teamsize|p1|6\n|teamsize|p2|6\n|gen|9\n|tier|[Gen 9] VGC 2023 Regulation C\n|rule|Species Clause: Limit one of each Pok\u00e9mon\n|rule|Item Clause: Limit one of each item\n|clearpoke\n|poke|p1|Chi-Yu, L50|\n|poke|p1|Iron Jugulis, L50|\n|poke|p1|Gholdengo, L50|\n|poke|p1|Dachsbun, L50, M|\n|poke|p1|Farigiraf, L50, F|\n|poke|p1|Salamence, L50, M|\n|poke|p2|Forretress, L50, F|\n|poke|p2|Chien-Pao, L50|\n|poke|p2|Medicham, L50, F|\n|poke|p2|Rabsca, L50, M|\n|poke|p2|Tyranitar, L50, F|\n|poke|p2|Talonflame, L50, F|\n|teampreview|4\n|c|\u2606Specs Hex Pex|gl hf\n|c|\u2606LiluziHit|you too\n|\n|t:|1682813073\n|start\n|switch|p1a: Hydreigon LITE|Iron Jugulis, L50|100\/100\n|switch|p1b: Spicy Goldfish|Chi-Yu, L50|100\/100\n|switch|p2a: Medicham|Medicham, L50, F|100\/100\n|switch|p2b: Chien-Pao|Chien-Pao, L50|100\/100\n|-ability|p2b: Chien-Pao|Sword of Ruin\n|-ability|p1b: Spicy Goldfish|Beads of Ruin\n|-enditem|p1a: Hydreigon LITE|Booster Energy\n|-activate|p1a: Hydreigon LITE|ability: Quark Drive|[fromitem]\n|-start|p1a: Hydreigon LITE|quarkdrivespe\n|turn|1\n|\n|t:|1682813133\n|-terastallize|p2b: Chien-Pao|Fighting\n|move|p1a: Hydreigon LITE|Protect|p1a: Hydreigon LITE\n|-singleturn|p1a: Hydreigon LITE|Protect\n|move|p1b: Spicy Goldfish|Protect|p1b: Spicy Goldfish\n|-singleturn|p1b: Spicy Goldfish|Protect\n|move|p2a: Medicham|Fake Out|p1b: Spicy Goldfish\n|-activate|p1b: Spicy Goldfish|move: Protect\n|move|p2b: Chien-Pao|Ice Spinner|p1a: Hydreigon LITE\n|-activate|p1a: Hydreigon LITE|move: Protect\n|\n|upkeep\n|turn|2\n|\n|t:|1682813161\n|switch|p2a: Talonflame|Talonflame, L50, F|100\/100\n|move|p2b: Chien-Pao|Protect|p2b: Chien-Pao\n|-singleturn|p2b: Chien-Pao|Protect\n|move|p1a: Hydreigon LITE|Air Slash|p2b: Chien-Pao\n|-activate|p2b: Chien-Pao|move: Protect\n|move|p1b: Spicy Goldfish|Heat Wave|p2a: Talonflame|[spread] p2a\n|-activate|p2b: Chien-Pao|move: Protect\n|-resisted|p2a: Talonflame\n|-damage|p2a: Talonflame|59\/100\n|\n|upkeep\n|turn|3\n|\n|t:|1682813189\n|-end|p1a: Hydreigon LITE|Quark Drive|[silent]\n|switch|p1a: Good boi|Dachsbun, L50, M, shiny|100\/100\n|switch|p2b: Medicham|Medicham, L50, F|100\/100\n|-terastallize|p1b: Spicy Goldfish|Fairy\n|move|p2a: Talonflame|Tailwind|p2a: Talonflame\n|-sidestart|p2: Specs Hex Pex|move: Tailwind\n|move|p1b: Spicy Goldfish|Lava Plume|p2b: Medicham|[spread] p2a,p2b\n|-ability|p1a: Good boi|Well-Baked Body|boost\n|-boost|p1a: Good boi|def|2\n|-resisted|p2a: Talonflame\n|-damage|p2a: Talonflame|21\/100\n|-damage|p2b: Medicham|51\/100\n|-status|p2b: Medicham|brn\n|\n|-damage|p2b: Medicham|45\/100 brn|[from] brn\n|upkeep\n|turn|4\n|j| jayballester\n|\n|t:|1682813230\n|move|p2a: Talonflame|Flare Blitz|p1b: Spicy Goldfish\n|-damage|p1b: Spicy Goldfish|28\/100\n|-damage|p2a: Talonflame|2\/100|[from] Recoil\n|move|p2b: Medicham|Skill Swap|p1a: Good boi\n|-activate|p2b: Medicham|move: Skill Swap|Well-Baked Body|Pure Power|[of] p1a: Good boi\n|move|p1b: Spicy Goldfish|Lava Plume|p2a: Talonflame|[spread] p1a,p2a\n|-ability|p2b: Medicham|Well-Baked Body|boost\n|-boost|p2b: Medicham|def|2\n|-resisted|p2a: Talonflame\n|-damage|p1a: Good boi|52\/100\n|-damage|p2a: Talonflame|0 fnt\n|-status|p1a: Good boi|brn\n|faint|p2a: Talonflame\n|move|p1a: Good boi|Body Press|p2b: Medicham\n|-resisted|p2b: Medicham\n|-damage|p2b: Medicham|32\/100 brn\n|\n|-heal|p1a: Good boi|58\/100 brn|[from] item: Leftovers\n|-damage|p2b: Medicham|26\/100 brn|[from] brn\n|-damage|p1a: Good boi|52\/100 brn|[from] brn\n|upkeep\n|c|\u2606LiluziHit|ohh smart\n|c| jayballester|PURE POWER DOGGO\n|c|\u2606Specs Hex Pex|Yeah, but still\n|\n|t:|1682813264\n|switch|p2a: Chien-Pao|Chien-Pao, L50, tera:Fighting|100\/100\n|-ability|p2a: Chien-Pao|Sword of Ruin\n|turn|5\n|c| jayballester|Yeah it was an interesting play\n|\n|t:|1682813312\n|switch|p2b: Forretress|Forretress, L50, F|100\/100\n|move|p1b: Spicy Goldfish|Protect|p1b: Spicy Goldfish\n|-singleturn|p1b: Spicy Goldfish|Protect\n|move|p2a: Chien-Pao|Ice Spinner|p1a: Good boi\n|-damage|p1a: Good boi|26\/100 brn\n|move|p1a: Good boi|Yawn|p2a: Chien-Pao\n|-start|p2a: Chien-Pao|move: Yawn|[of] p1a: Good boi\n|\n|-heal|p1a: Good boi|32\/100 brn|[from] item: Leftovers\n|-damage|p1a: Good boi|26\/100 brn|[from] brn\n|upkeep\n|turn|6\n|\n|t:|1682813337\n|switch|p1b: Hydreigon LITE|Iron Jugulis, L50|100\/100\n|move|p2a: Chien-Pao|Ice Spinner|p1b: Hydreigon LITE\n|-supereffective|p1b: Hydreigon LITE\n|-damage|p1b: Hydreigon LITE|0 fnt\n|faint|p1b: Hydreigon LITE\n|-end|p1b: Hydreigon LITE|Quark Drive|[silent]\n|move|p1a: Good boi|Play Rough|p2a: Chien-Pao\n|-supereffective|p2a: Chien-Pao\n|-damage|p2a: Chien-Pao|29\/100\n|move|p2b: Forretress|Gyro Ball|p1a: Good boi\n|-supereffective|p1a: Good boi\n|-damage|p1a: Good boi|0 fnt\n|faint|p1a: Good boi\n|\n|-end|p2a: Chien-Pao|move: Yawn|[silent]\n|-status|p2a: Chien-Pao|slp\n|-sideend|p2: Specs Hex Pex|move: Tailwind\n|upkeep\n|\n|t:|1682813343\n|switch|p1b: Gholdilocks|Gholdengo, L50|100\/100\n|switch|p1a: Spicy Goldfish|Chi-Yu, L50, tera:Fairy|28\/100\n|-ability|p1a: Spicy Goldfish|Beads of Ruin\n|turn|7\n|c|\u2606LiluziHit|gg?\n|c|\u2606Specs Hex Pex|Probably\n|c|\u2606LiluziHit|unless you wake up first turn\n|c|\u2606LiluziHit|in that case idk lmao\n|\n|t:|1682813385\n|cant|p2a: Chien-Pao|slp\n|move|p1a: Spicy Goldfish|Heat Wave|p2a: Chien-Pao|[spread] p2a,p2b\n|-supereffective|p2b: Forretress\n|-damage|p2a: Chien-Pao|0 fnt\n|-ability|p2b: Forretress|Sturdy\n|-damage|p2b: Forretress|1\/100\n|faint|p2a: Chien-Pao\n|move|p1b: Gholdilocks|Make It Rain|p2b: Forretress\n|-resisted|p2b: Forretress\n|-damage|p2b: Forretress|0 fnt\n|-unboost|p1b: Gholdilocks|spa|1\n|faint|p2b: Forretress\n|-damage|p1b: Gholdilocks|91\/100|[from] item: Life Orb\n|\n|upkeep\n|c|\u2606LiluziHit|ok gg\n|c|\u2606Specs Hex Pex|Ggs\n|\n|t:|1682813400\n|switch|p2b: Medicham|Medicham, L50, F|26\/100 brn\n|turn|8\n|\n|t:|1682813404\n|move|p1a: Spicy Goldfish|Heat Wave|p2b: Medicham\n|-damage|p2b: Medicham|0 fnt\n|faint|p2b: Medicham\n|\n|win|LiluziHit\n|l| jayballester\n|c|\u2606LiluziHit|good matches man\n|c|\u2606Specs Hex Pex|Same to you\n|c|\u2606LiluziHit|had me stressed asf\n","uploadtime":1682813428,"views":19,"p1id":"liluzihit","p2id":"specshexpex","formatid":"gen9vgc2023regulationc","rating":0,"private":0,"password":""}