{"id":"gen9vgc2023regulationc-1853270609","p1":"XxKillGore642xX","p2":"Joyze","format":"[Gen 9] VGC 2023 Regulation C","log":"|j|\u2606XxKillGore642xX\n|j|\u2606Joyze\n|t:|1682658322\n|gametype|doubles\n|player|p1|XxKillGore642xX|2|1073\n|player|p2|Joyze|170|1047\n|teamsize|p1|6\n|teamsize|p2|6\n|gen|9\n|tier|[Gen 9] VGC 2023 Regulation C\n|rated|\n|rule|Species Clause: Limit one of each Pok\u00e9mon\n|rule|Item Clause: Limit one of each item\n|clearpoke\n|poke|p1|Wo-Chien, L50|\n|poke|p1|Gothitelle, L50, M|\n|poke|p1|Arboliva, L50, M|\n|poke|p1|Chien-Pao, L50|\n|poke|p1|Gallade, L50, M|\n|poke|p1|Gyarados, L50, F|\n|poke|p2|Iron Bundle, L50|\n|poke|p2|Abomasnow, L50, M|\n|poke|p2|Lucario, L50, M|\n|poke|p2|Chien-Pao, L50|\n|poke|p2|Amoonguss, L50, F|\n|poke|p2|Palafin, L50, F|\n|teampreview|4\n|\n|t:|1682658363\n|start\n|switch|p1a: Wo-Chien|Wo-Chien, L50|100\/100\n|switch|p1b: Gallade|Gallade, L50, M|100\/100\n|switch|p2a: Iron Bundle|Iron Bundle, L50|100\/100\n|switch|p2b: Palafin|Palafin, L50, F|100\/100\n|-ability|p1a: Wo-Chien|Tablets of Ruin\n|-enditem|p2a: Iron Bundle|Booster Energy\n|-activate|p2a: Iron Bundle|ability: Quark Drive|[fromitem]\n|-start|p2a: Iron Bundle|quarkdrivespe\n|turn|1\n|\n|t:|1682658397\n|-terastallize|p1a: Wo-Chien|Poison\n|move|p2a: Iron Bundle|Aurora Veil||[still]\n|-fail|p2a: Iron Bundle\n|move|p2b: Palafin|Flip Turn|p1a: Wo-Chien\n|-damage|p1a: Wo-Chien|87\/100\n|\n|t:|1682658410\n|detailschange|p2b: Palafin|Palafin-Hero, L50, F\n|switch|p2b: Abomasnow|Abomasnow, L50, M|100\/100|[from] Flip Turn\n|-weather|Snow|[from] ability: Snow Warning|[of] p2b: Abomasnow\n|move|p1b: Gallade|Sacred Sword|p2a: Iron Bundle\n|-supereffective|p2a: Iron Bundle\n|-damage|p2a: Iron Bundle|13\/100\n|move|p1a: Wo-Chien|Leech Seed|p2a: Iron Bundle\n|-start|p2a: Iron Bundle|move: Leech Seed\n|\n|-weather|Snow|[upkeep]\n|-heal|p1a: Wo-Chien|93\/100|[from] item: Black Sludge\n|-damage|p2a: Iron Bundle|1\/100|[from] Leech Seed|[of] p1a: Wo-Chien\n|-heal|p1a: Wo-Chien|100\/100|[silent]\n|upkeep\n|turn|2\n|\n|t:|1682658442\n|move|p2a: Iron Bundle|Aurora Veil|p2a: Iron Bundle\n|-sidestart|p2: Joyze|move: Aurora Veil\n|move|p1b: Gallade|Sacred Sword|p2b: Abomasnow\n|-supereffective|p2b: Abomasnow\n|-damage|p2b: Abomasnow|47\/100\n|move|p1a: Wo-Chien|Ingrain|p1a: Wo-Chien\n|-start|p1a: Wo-Chien|move: Ingrain\n|move|p2b: Abomasnow|Blizzard|p1b: Gallade|[spread] p1a,p1b\n|-damage|p1a: Wo-Chien|80\/100\n|-damage|p1b: Gallade|66\/100\n|\n|-weather|Snow|[upkeep]\n|-heal|p1a: Wo-Chien|85\/100|[from] item: Black Sludge\n|-heal|p1a: Wo-Chien|91\/100|[from] Ingrain\n|-damage|p2a: Iron Bundle|0 fnt|[from] Leech Seed|[of] p1a: Wo-Chien\n|-heal|p1a: Wo-Chien|92\/100|[silent]\n|faint|p2a: Iron Bundle\n|-end|p2a: Iron Bundle|Quark Drive|[silent]\n|upkeep\n|\n|t:|1682658462\n|switch|p2a: Chien-Pao|Chien-Pao, L50|100\/100\n|-ability|p2a: Chien-Pao|Sword of Ruin\n|turn|3\n|\n|t:|1682658488\n|move|p2a: Chien-Pao|Sucker Punch|p1b: Gallade\n|-damage|p1b: Gallade|12\/100\n|move|p1b: Gallade|Sacred Sword|p2a: Chien-Pao\n|-supereffective|p2a: Chien-Pao\n|-enditem|p2a: Chien-Pao|Focus Sash\n|-damage|p2a: Chien-Pao|1\/100\n|move|p1a: Wo-Chien|Tera Blast|p2a: Chien-Pao\n|-damage|p2a: Chien-Pao|0 fnt\n|faint|p2a: Chien-Pao\n|move|p2b: Abomasnow|Giga Drain|p1a: Wo-Chien\n|-resisted|p1a: Wo-Chien\n|-damage|p1a: Wo-Chien|82\/100\n|-heal|p2b: Abomasnow|52\/100|[from] drain|[of] p1a: Wo-Chien\n|\n|-weather|Snow|[upkeep]\n|-heal|p1a: Wo-Chien|88\/100|[from] item: Black Sludge\n|-heal|p1a: Wo-Chien|94\/100|[from] Ingrain\n|upkeep\n|\n|t:|1682658506\n|switch|p2a: Palafin|Palafin-Hero, L50, F|100\/100\n|-activate|p2a: Palafin|ability: Zero to Hero\n|turn|4\n|\n|t:|1682658524\n|-terastallize|p2a: Palafin|Water\n|move|p2a: Palafin|Jet Punch|p1b: Gallade\n|-damage|p1b: Gallade|0 fnt\n|faint|p1b: Gallade\n|move|p1a: Wo-Chien|Leech Seed|p2a: Palafin|[miss]\n|-miss|p1a: Wo-Chien|p2a: Palafin\n|move|p2b: Abomasnow|Blizzard|p1a: Wo-Chien\n|-damage|p1a: Wo-Chien|65\/100\n|\n|-weather|Snow|[upkeep]\n|-heal|p1a: Wo-Chien|71\/100|[from] item: Black Sludge\n|-heal|p1a: Wo-Chien|77\/100|[from] Ingrain\n|upkeep\n|\n|t:|1682658547\n|switch|p1b: Gyarados|Gyarados, L50, F|100\/100\n|-ability|p1b: Gyarados|Intimidate|boost\n|-unboost|p2a: Palafin|atk|1\n|-unboost|p2b: Abomasnow|atk|1\n|turn|5\n|\n|t:|1682658569\n|move|p2a: Palafin|Jet Punch|p1a: Wo-Chien\n|-damage|p1a: Wo-Chien|56\/100\n|move|p1b: Gyarados|Thunder Wave|p2a: Palafin\n|-status|p2a: Palafin|par\n|move|p1a: Wo-Chien|Tera Blast|p2a: Palafin\n|-damage|p2a: Palafin|78\/100 par\n|move|p2b: Abomasnow|Giga Drain|p1b: Gyarados\n|-damage|p1b: Gyarados|72\/100\n|-heal|p2b: Abomasnow|66\/100|[from] drain|[of] p1b: Gyarados\n|\n|-weather|Snow|[upkeep]\n|-heal|p1a: Wo-Chien|62\/100|[from] item: Black Sludge\n|-heal|p1a: Wo-Chien|68\/100|[from] Ingrain\n|upkeep\n|turn|6\n|\n|t:|1682658594\n|move|p2a: Palafin|Jet Punch|p1a: Wo-Chien\n|-damage|p1a: Wo-Chien|46\/100\n|move|p1b: Gyarados|Thunder Wave|p2b: Abomasnow\n|-status|p2b: Abomasnow|par\n|move|p1a: Wo-Chien|Leech Seed|p2a: Palafin\n|-start|p2a: Palafin|move: Leech Seed\n|move|p2b: Abomasnow|Blizzard|p1a: Wo-Chien|[spread] p1a,p1b\n|-damage|p1a: Wo-Chien|23\/100\n|-damage|p1b: Gyarados|43\/100\n|-enditem|p1b: Gyarados|Sitrus Berry|[eat]\n|-heal|p1b: Gyarados|67\/100|[from] item: Sitrus Berry\n|\n|-weather|Snow|[upkeep]\n|-heal|p1a: Wo-Chien|29\/100|[from] item: Black Sludge\n|-heal|p1a: Wo-Chien|35\/100|[from] Ingrain\n|-damage|p2a: Palafin|66\/100 par|[from] Leech Seed|[of] p1a: Wo-Chien\n|-heal|p1a: Wo-Chien|46\/100|[silent]\n|-sideend|p2: Joyze|move: Aurora Veil\n|upkeep\n|turn|7\n|\n|t:|1682658620\n|move|p2a: Palafin|Jet Punch|p1a: Wo-Chien\n|-damage|p1a: Wo-Chien|25\/100\n|move|p1b: Gyarados|Tera Blast|p2a: Palafin\n|-damage|p2a: Palafin|52\/100 par\n|move|p1a: Wo-Chien|Leech Seed|p2b: Abomasnow\n|-immune|p2b: Abomasnow\n|move|p2b: Abomasnow|Blizzard|p1a: Wo-Chien|[spread] p1a,p1b\n|-crit|p1b: Gyarados\n|-damage|p1a: Wo-Chien|0 fnt\n|-damage|p1b: Gyarados|20\/100\n|-status|p1b: Gyarados|frz\n|faint|p1a: Wo-Chien\n|\n|-weather|Snow|[upkeep]\n|upkeep\n|\n|t:|1682658635\n|switch|p1a: Chien-Pao|Chien-Pao, L50|100\/100\n|-ability|p1a: Chien-Pao|Sword of Ruin\n|turn|8\n|\n|t:|1682658651\n|-curestatus|p1b: Gyarados|frz|[msg]\n|move|p1b: Gyarados|Helping Hand|p1a: Chien-Pao\n|-singleturn|p1a: Chien-Pao|Helping Hand|[of] p1b: Gyarados\n|cant|p2b: Abomasnow|par\n|move|p1a: Chien-Pao|Sucker Punch|p2a: Palafin\n|-damage|p2a: Palafin|0 fnt\n|faint|p2a: Palafin\n|\n|-weather|none\n|upkeep\n|turn|9\n|\n|t:|1682658673\n|move|p1b: Gyarados|Helping Hand|p1a: Chien-Pao\n|-singleturn|p1a: Chien-Pao|Helping Hand|[of] p1b: Gyarados\n|move|p1a: Chien-Pao|Sacred Sword|p2b: Abomasnow\n|-supereffective|p2b: Abomasnow\n|-damage|p2b: Abomasnow|0 fnt\n|faint|p2b: Abomasnow\n|\n|win|XxKillGore642xX\n|raw|XxKillGore642xX's rating: 1073 → 1100<\/strong> (+27 for winning)\n|raw|Joyze's rating: 1047 → 1031<\/strong> (-16 for losing)\n|l|\u2606Joyze\n","uploadtime":1682658684,"views":8,"p1id":"xxkillgore642xx","p2id":"joyze","formatid":"gen9vgc2023regulationc","rating":1031,"private":0,"password":""}