{"id":"gen9vgc2023regulationc-1846331570","p1":"ATM079","p2":"Aroxxx780","format":"[Gen 9] VGC 2023 Regulation C","log":"|j|\u2606ATM079\n|j|\u2606Aroxxx780\n|t:|1681832290\n|gametype|doubles\n|player|p1|ATM079|cyclistf-gen4|1074\n|player|p2|Aroxxx780|2|1000\n|teamsize|p1|6\n|teamsize|p2|6\n|gen|9\n|tier|[Gen 9] VGC 2023 Regulation C\n|rated|\n|rule|Species Clause: Limit one of each Pok\u00e9mon\n|rule|Item Clause: Limit one of each item\n|clearpoke\n|poke|p1|Ting-Lu, L50|\n|poke|p1|Klefki, L50, F|\n|poke|p1|Arcanine, L50, F|\n|poke|p1|Garganacl, L50, M|\n|poke|p1|Gastrodon, L50, M|\n|poke|p1|Amoonguss, L50, F|\n|poke|p2|Tyranitar, L50, M|\n|poke|p2|Palossand, L50, M|\n|poke|p2|Garchomp, L50, M|\n|poke|p2|Tsareena, L50, F|\n|poke|p2|Tinkaton, L50, F|\n|poke|p2|Palafin, L50, M|\n|teampreview|4\n|\n|t:|1681832316\n|start\n|switch|p1a: Ting-Lu|Ting-Lu, L50|100\/100\n|switch|p1b: Klefki|Klefki, L50, F|100\/100\n|switch|p2a: Tyranitar|Tyranitar, L50, M|100\/100\n|switch|p2b: Palossand|Palossand, L50, M|100\/100\n|-weather|Sandstorm|[from] ability: Sand Stream|[of] p2a: Tyranitar\n|-ability|p1a: Ting-Lu|Vessel of Ruin\n|turn|1\n|\n|t:|1681832364\n|move|p1b: Klefki|Light Screen|p1b: Klefki\n|-sidestart|p1: ATM079|move: Light Screen\n|move|p2a: Tyranitar|Dragon Dance|p2a: Tyranitar\n|-boost|p2a: Tyranitar|atk|1\n|-boost|p2a: Tyranitar|spe|1\n|move|p1a: Ting-Lu|Fissure|p2b: Palossand\n|-damage|p2b: Palossand|0 fnt\n|faint|p2b: Palossand\n|-ohko\n|\n|-weather|Sandstorm|[upkeep]\n|upkeep\n|\n|t:|1681832376\n|switch|p2b: Garchomp|Garchomp, L50, M|100\/100\n|turn|2\n|l|\u2606ATM079\n|player|p1|\n|j|\u2606ATM079\n|player|p1|ATM079|cyclistf-gen4\n|\n|t:|1681832436\n|-terastallize|p2a: Tyranitar|Dark\n|move|p1b: Klefki|Reflect|p1b: Klefki\n|-sidestart|p1: ATM079|Reflect\n|move|p2a: Tyranitar|Crunch|p1b: Klefki\n|-resisted|p1b: Klefki\n|-damage|p1b: Klefki|79\/100\n|move|p2b: Garchomp|Flamethrower|p1b: Klefki\n|-supereffective|p1b: Klefki\n|-damage|p1b: Klefki|57\/100\n|move|p1a: Ting-Lu|Fissure|p2b: Garchomp\n|-damage|p2b: Garchomp|0 fnt\n|faint|p2b: Garchomp\n|-ohko\n|\n|-weather|Sandstorm|[upkeep]\n|-damage|p2a: Tyranitar|95\/100|[from] Sandstorm\n|upkeep\n|\n|t:|1681832454\n|switch|p2b: Tsareena|Tsareena, L50, F|100\/100\n|turn|3\n|\n|t:|1681832467\n|switch|p1b: Amoonguss|Amoonguss, L50, F|100\/100\n|move|p2a: Tyranitar|Stomping Tantrum|p1a: Ting-Lu\n|-damage|p1a: Ting-Lu|91\/100\n|move|p2b: Tsareena|Acrobatics|p1a: Ting-Lu\n|-damage|p1a: Ting-Lu|83\/100\n|move|p1a: Ting-Lu|Fissure|p2b: Tsareena|[miss]\n|-miss|p1a: Ting-Lu|p2b: Tsareena\n|\n|-weather|Sandstorm|[upkeep]\n|-damage|p2a: Tyranitar|89\/100|[from] Sandstorm\n|-damage|p2b: Tsareena|95\/100|[from] Sandstorm\n|-damage|p1b: Amoonguss|95\/100|[from] Sandstorm\n|upkeep\n|turn|4\n|\n|t:|1681832511\n|move|p2a: Tyranitar|Crunch|p1b: Amoonguss\n|-damage|p1b: Amoonguss|57\/100\n|move|p2b: Tsareena|Acrobatics|p1b: Amoonguss\n|-supereffective|p1b: Amoonguss\n|-damage|p1b: Amoonguss|23\/100\n|-enditem|p1b: Amoonguss|Sitrus Berry|[eat]\n|-heal|p1b: Amoonguss|48\/100|[from] item: Sitrus Berry\n|move|p1a: Ting-Lu|Fissure|p2b: Tsareena|[miss]\n|-miss|p1a: Ting-Lu|p2b: Tsareena\n|move|p1b: Amoonguss|Pollen Puff|p1a: Ting-Lu\n|-heal|p1a: Ting-Lu|100\/100\n|\n|-weather|Sandstorm|[upkeep]\n|-damage|p2a: Tyranitar|83\/100|[from] Sandstorm\n|-damage|p2b: Tsareena|89\/100|[from] Sandstorm\n|-damage|p1b: Amoonguss|42\/100|[from] Sandstorm\n|upkeep\n|turn|5\n|\n|t:|1681832537\n|switch|p1b: Klefki|Klefki, L50, F|57\/100\n|move|p2a: Tyranitar|Stomping Tantrum|p1a: Ting-Lu\n|-damage|p1a: Ting-Lu|92\/100\n|move|p2b: Tsareena|Acrobatics|p1a: Ting-Lu\n|-damage|p1a: Ting-Lu|83\/100\n|move|p1a: Ting-Lu|Fissure|p2a: Tyranitar|[miss]\n|-miss|p1a: Ting-Lu|p2a: Tyranitar\n|\n|-weather|none\n|-sideend|p1: ATM079|move: Light Screen\n|upkeep\n|turn|6\n|\n|t:|1681832573\n|switch|p1b: Gastrodon|Gastrodon, L50, M|100\/100\n|move|p2a: Tyranitar|Thunderbolt|p1b: Gastrodon\n|-immune|p1b: Gastrodon\n|move|p2b: Tsareena|Play Rough|p1b: Gastrodon\n|-damage|p1b: Gastrodon|87\/100\n|-damage|p2b: Tsareena|72\/100|[from] item: Rocky Helmet|[of] p1b: Gastrodon\n|move|p1a: Ting-Lu|Fissure|p2a: Tyranitar\n|-damage|p2a: Tyranitar|0 fnt\n|faint|p2a: Tyranitar\n|-ohko\n|\n|-sideend|p1: ATM079|Reflect\n|upkeep\n|turn|7\n|\n|t:|1681832593\n|switch|p1b: Klefki|Klefki, L50, F|57\/100\n|move|p2b: Tsareena|Energy Ball|p1b: Klefki\n|-resisted|p1b: Klefki\n|-damage|p1b: Klefki|50\/100\n|move|p1a: Ting-Lu|Fissure|p2b: Tsareena|[miss]\n|-miss|p1a: Ting-Lu|p2b: Tsareena\n|\n|upkeep\n|turn|8\n|\n|t:|1681832607\n|move|p1b: Klefki|Reflect|p1b: Klefki\n|-sidestart|p1: ATM079|Reflect\n|move|p2b: Tsareena|Acrobatics|p1b: Klefki\n|-resisted|p1b: Klefki\n|-damage|p1b: Klefki|40\/100\n|move|p1a: Ting-Lu|Fissure|p2b: Tsareena|[miss]\n|-miss|p1a: Ting-Lu|p2b: Tsareena\n|\n|upkeep\n|turn|9\n|\n|t:|1681832624\n|move|p1b: Klefki|Light Screen|p1b: Klefki\n|-sidestart|p1: ATM079|move: Light Screen\n|move|p2b: Tsareena|Energy Ball|p1a: Ting-Lu\n|-supereffective|p1a: Ting-Lu\n|-damage|p1a: Ting-Lu|73\/100\n|move|p1a: Ting-Lu|Ruination|p2b: Tsareena\n|-damage|p2b: Tsareena|37\/100\n|\n|upkeep\n|turn|10\n|\n|t:|1681832642\n|-terastallize|p1a: Ting-Lu|Rock\n|move|p1b: Klefki|Sandstorm|p1b: Klefki\n|-weather|Sandstorm\n|move|p2b: Tsareena|Play Rough|p2: Tyranitar|[notarget]\n|-fail|p2b: Tsareena\n|move|p1a: Ting-Lu|Heavy Slam|p2b: Tsareena\n|-damage|p2b: Tsareena|2\/100\n|\n|-weather|Sandstorm|[upkeep]\n|-damage|p2b: Tsareena|0 fnt|[from] Sandstorm\n|faint|p2b: Tsareena\n|\n|win|ATM079\n|upkeep\n|raw|ATM079's rating: 1074 → 1097<\/strong> (+23 for winning)\n|raw|Aroxxx780's rating: 1000 → 1000<\/strong> (+0 for losing)\n|l|\u2606Aroxxx780\n","uploadtime":1681832684,"views":9,"p1id":"atm079","p2id":"aroxxx780","formatid":"gen9vgc2023regulationc","rating":1000,"private":0,"password":""}