{"id":"gen9vgc2023regulationc-1845839462","p1":"Starstorm295","p2":"Dov'e Yara?","format":"[Gen 9] VGC 2023 Regulation C","log":"|j|\u2606Starstorm295\n|j|\u2606Dov'e Yara?\n|t:|1681769987\n|gametype|doubles\n|player|p1|Starstorm295|guitarist|1194\n|player|p2|Dov'e Yara?|clair|1216\n|teamsize|p1|6\n|teamsize|p2|6\n|gen|9\n|tier|[Gen 9] VGC 2023 Regulation C\n|rated|\n|rule|Species Clause: Limit one of each Pok\u00e9mon\n|rule|Item Clause: Limit one of each item\n|clearpoke\n|poke|p1|Iron Moth, L50|\n|poke|p1|Glimmora, L50, F|\n|poke|p1|Flutter Mane, L50|\n|poke|p1|Corviknight, L50, M|\n|poke|p1|Chien-Pao, L50|\n|poke|p1|Tsareena, L50, F|\n|poke|p2|Muk, L50, M|\n|poke|p2|Gyarados, L50, F|\n|poke|p2|Flutter Mane, L50|\n|poke|p2|Chi-Yu, L50|\n|poke|p2|Farigiraf, L50, M|\n|poke|p2|Amoonguss, L50, M|\n|teampreview|4\n|inactive|Battle timer is ON: inactive players will automatically lose when time's up. (requested by Dov'e Yara?)\n|\n|t:|1681770010\n|start\n|switch|p1a: Iron Moth|Iron Moth, L50, shiny|100\/100\n|switch|p1b: Flutter Mane|Flutter Mane, L50|100\/100\n|switch|p2a: Chi-Yu|Chi-Yu, L50|100\/100\n|switch|p2b: Flutter Mane|Flutter Mane, L50|100\/100\n|-ability|p2a: Chi-Yu|Beads of Ruin\n|-enditem|p1b: Flutter Mane|Booster Energy\n|-activate|p1b: Flutter Mane|ability: Protosynthesis|[fromitem]\n|-start|p1b: Flutter Mane|protosynthesisspe\n|-enditem|p2b: Flutter Mane|Booster Energy\n|-activate|p2b: Flutter Mane|ability: Protosynthesis|[fromitem]\n|-start|p2b: Flutter Mane|protosynthesisspa\n|turn|1\n|inactive|Dov'e Yara? has 30 seconds left.\n|inactive|Dov'e Yara? has 20 seconds left.\n|\n|t:|1681770046\n|-terastallize|p1b: Flutter Mane|Fairy\n|move|p1b: Flutter Mane|Dazzling Gleam|p2b: Flutter Mane|[spread] p2a,p2b\n|-damage|p2a: Chi-Yu|52\/100\n|-damage|p2b: Flutter Mane|54\/100\n|move|p2a: Chi-Yu|Heat Wave|p1a: Iron Moth|[spread] p1a,p1b\n|-resisted|p1a: Iron Moth\n|-damage|p1a: Iron Moth|74\/100\n|-damage|p1b: Flutter Mane|47\/100\n|move|p2b: Flutter Mane|Power Gem|p1a: Iron Moth\n|-supereffective|p1a: Iron Moth\n|-damage|p1a: Iron Moth|0 fnt\n|faint|p1a: Iron Moth\n|-end|p1a: Iron Moth|Quark Drive|[silent]\n|\n|upkeep\n|\n|t:|1681770060\n|switch|p1a: Chien-Pao|Chien-Pao, L50|100\/100\n|-ability|p1a: Chien-Pao|Sword of Ruin\n|turn|2\n|\n|t:|1681770069\n|move|p1a: Chien-Pao|Sucker Punch|p2b: Flutter Mane\n|-damage|p2b: Flutter Mane|0 fnt\n|faint|p2b: Flutter Mane\n|-end|p2b: Flutter Mane|Protosynthesis|[silent]\n|-damage|p1a: Chien-Pao|91\/100|[from] item: Life Orb\n|move|p1b: Flutter Mane|Moonblast|p2a: Chi-Yu\n|-crit|p2a: Chi-Yu\n|-damage|p2a: Chi-Yu|0 fnt\n|faint|p2a: Chi-Yu\n|\n|upkeep\n|\n|t:|1681770074\n|switch|p2b: Muk|Muk, L50, M|100\/100\n|switch|p2a: Amoonguss|Amoonguss, L50, M|100\/100\n|turn|3\n|inactive|Starstorm295 has 30 seconds left.\n|\n|t:|1681770100\n|-end|p1b: Flutter Mane|Protosynthesis|[silent]\n|switch|p1b: Corviknight|Corviknight, L50, M|100\/100\n|-terastallize|p2a: Amoonguss|Water\n|move|p1a: Chien-Pao|Protect|p1a: Chien-Pao\n|-singleturn|p1a: Chien-Pao|Protect\n|move|p2a: Amoonguss|Rage Powder|p2a: Amoonguss\n|-singleturn|p2a: Amoonguss|move: Rage Powder\n|move|p2b: Muk|Drain Punch|p1a: Chien-Pao\n|-activate|p1a: Chien-Pao|move: Protect\n|\n|upkeep\n|turn|4\n|inactive|Starstorm295 has 30 seconds left.\n|\n|t:|1681770126\n|move|p1a: Chien-Pao|Sacred Sword|p2b: Muk\n|-resisted|p2b: Muk\n|-damage|p2b: Muk|75\/100\n|-damage|p1a: Chien-Pao|81\/100|[from] item: Life Orb\n|move|p1b: Corviknight|Iron Head|p2b: Muk\n|-damage|p2b: Muk|39\/100\n|move|p2b: Muk|Drain Punch|p1a: Chien-Pao\n|-supereffective|p1a: Chien-Pao\n|-damage|p1a: Chien-Pao|0 fnt\n|-heal|p2b: Muk|71\/100|[from] drain|[of] p1a: Chien-Pao\n|faint|p1a: Chien-Pao\n|move|p2a: Amoonguss|Spore|p1b: Corviknight\n|-status|p1b: Corviknight|slp|[from] move: Spore\n|\n|upkeep\n|\n|t:|1681770136\n|switch|p1a: Flutter Mane|Flutter Mane, L50, tera:Fairy|47\/100\n|turn|5\n|\n|t:|1681770145\n|move|p2a: Amoonguss|Rage Powder|p2a: Amoonguss\n|-singleturn|p2a: Amoonguss|move: Rage Powder\n|move|p1a: Flutter Mane|Shadow Ball|p2a: Amoonguss\n|-damage|p2a: Amoonguss|61\/100\n|-unboost|p2a: Amoonguss|spd|1\n|cant|p1b: Corviknight|slp\n|move|p2b: Muk|Poison Jab|p1a: Flutter Mane\n|-supereffective|p1a: Flutter Mane\n|-damage|p1a: Flutter Mane|0 fnt\n|faint|p1a: Flutter Mane\n|-end|p1a: Flutter Mane|Protosynthesis|[silent]\n|\n|upkeep\n|turn|6\n|-message|Starstorm295 forfeited.\n|\n|win|Dov'e Yara?\n|raw|Starstorm295's rating: 1194 → 1171<\/strong> (-23 for losing)\n|raw|Dov'e Yara?'s rating: 1216 → 1239<\/strong> (+23 for winning)\n|l|\u2606Starstorm295\n","uploadtime":1681770156,"views":5,"p1id":"starstorm295","p2id":"doveyara","formatid":"gen9vgc2023regulationc","rating":1171,"private":0,"password":""}