{"id":"gen9vgc2023regulationc-1848505305","p1":"Lazaro\/shawdown","p2":"MistressQueenM","format":"[Gen 9] VGC 2023 Regulation C","log":"|j|\u2606Lazaro\/shawdown\n|j|\u203dMistressQueenM\n|t:|1682085320\n|gametype|doubles\n|player|p1|Lazaro\/shawdown|265|1198\n|player|p2|MistressQueenM|veteranf|1220\n|teamsize|p1|6\n|teamsize|p2|6\n|gen|9\n|tier|[Gen 9] VGC 2023 Regulation C\n|rated|\n|rule|Species Clause: Limit one of each Pok\u00e9mon\n|rule|Item Clause: Limit one of each item\n|clearpoke\n|poke|p1|Palafin, L50, F|\n|poke|p1|Pelipper, L50, M|\n|poke|p1|Lucario, L50, F|\n|poke|p1|Maushold-Four, L50|\n|poke|p1|Wo-Chien, L50|\n|poke|p1|Iron Moth, L50|\n|poke|p2|Wo-Chien, L50|\n|poke|p2|Torkoal, L50, M|\n|poke|p2|Garganacl, L50, F|\n|poke|p2|Great Tusk, L50|\n|poke|p2|Murkrow, L50, M|\n|poke|p2|Farigiraf, L50, M|\n|teampreview|4\n|inactive|Battle timer is ON: inactive players will automatically lose when time's up. (requested by MistressQueenM)\nMistressQueenM rejected open team sheets.\n|\n|t:|1682085349\n|start\n|switch|p1a: Lucario|Lucario, L50, F|100\/100\n|switch|p1b: Palafin|Palafin, L50, F|100\/100\n|switch|p2a: Murkrow|Murkrow, L50, M|100\/100\n|switch|p2b: Garganacl|Garganacl, L50, F, shiny|100\/100\n|turn|1\n|inactive|Lazaro\/shawdown has 30 seconds left.\n|\n|t:|1682085376\n|detailschange|p1b: Palafin|Palafin-Hero, L50, F\n|switch|p1b: Maushold|Maushold-Four, L50|100\/100\n|-terastallize|p2b: Garganacl|Flying\n|move|p2a: Murkrow|Thunder Wave|p1b: Maushold\n|-status|p1b: Maushold|par\n|move|p1a: Lucario|Rock Slide|p2a: Murkrow|[spread] p2a,p2b\n|-supereffective|p2a: Murkrow\n|-supereffective|p2b: Garganacl\n|-damage|p2a: Murkrow|60\/100\n|-damage|p2b: Garganacl|80\/100\n|move|p2b: Garganacl|Iron Defense|p2b: Garganacl\n|-boost|p2b: Garganacl|def|2\n|\n|-heal|p2b: Garganacl|86\/100|[from] item: Leftovers\n|upkeep\n|turn|2\n|inactive|Lazaro\/shawdown has 30 seconds left.\n|inactive|Lazaro\/shawdown has 20 seconds left.\n|\n|t:|1682085411\n|move|p2b: Garganacl|Wide Guard|p2b: Garganacl\n|-singleturn|p2b: Garganacl|Wide Guard\n|move|p2a: Murkrow|Thunder Wave|p1a: Lucario|[miss]\n|-miss|p2a: Murkrow|p1a: Lucario\n|move|p1a: Lucario|Rock Slide|p2b: Garganacl|[spread] \n|-activate|p2a: Murkrow|move: Wide Guard\n|-activate|p2b: Garganacl|move: Wide Guard\n|move|p1b: Maushold|Taunt|p2b: Garganacl\n|-start|p2b: Garganacl|move: Taunt\n|\n|-heal|p2b: Garganacl|92\/100|[from] item: Leftovers\n|upkeep\n|turn|3\n|inactive|Lazaro\/shawdown has 30 seconds left.\n|inactive|Lazaro\/shawdown has 20 seconds left.\n|inactive|Lazaro\/shawdown has 15 seconds left.\n|inactive|Lazaro\/shawdown has 10 seconds left.\n|\n|t:|1682085460\n|move|p2a: Murkrow|Thunder Wave|p1a: Lucario|[miss]\n|-miss|p2a: Murkrow|p1a: Lucario\n|move|p1a: Lucario|Rock Slide|p2b: Garganacl|[spread] p2b\n|-miss|p1a: Lucario|p2a: Murkrow\n|-supereffective|p2b: Garganacl\n|-damage|p2b: Garganacl|81\/100\n|move|p1b: Maushold|Beat Up|p1a: Lucario\n|-resisted|p1a: Lucario\n|-damage|p1a: Lucario|99\/100\n|-ability|p1a: Lucario|Justified|boost\n|-boost|p1a: Lucario|atk|1\n|-resisted|p1a: Lucario\n|-damage|p1a: Lucario|99\/100\n|-ability|p1a: Lucario|Justified|boost\n|-boost|p1a: Lucario|atk|1\n|-resisted|p1a: Lucario\n|-damage|p1a: Lucario|98\/100\n|-ability|p1a: Lucario|Justified|boost\n|-boost|p1a: Lucario|atk|1\n|-resisted|p1a: Lucario\n|-damage|p1a: Lucario|97\/100\n|-ability|p1a: Lucario|Justified|boost\n|-boost|p1a: Lucario|atk|1\n|-hitcount|p1a: Lucario|4\n|move|p2b: Garganacl|Salt Cure|p1b: Maushold\n|-crit|p1b: Maushold\n|-damage|p1b: Maushold|74\/100 par\n|-start|p1b: Maushold|Salt Cure\n|\n|-heal|p2b: Garganacl|87\/100|[from] item: Leftovers\n|-damage|p1b: Maushold|62\/100 par|[from] Salt Cure\n|upkeep\n|turn|4\n|\n|t:|1682085485\n|cant|p1b: Maushold|par\n|move|p2a: Murkrow|Thunder Wave|p1a: Lucario\n|-status|p1a: Lucario|par\n|move|p2b: Garganacl|Salt Cure|p1a: Lucario\n|-resisted|p1a: Lucario\n|-damage|p1a: Lucario|95\/100 par\n|-start|p1a: Lucario|Salt Cure\n|move|p1a: Lucario|Rock Slide|p2b: Garganacl|[spread] p2b\n|-miss|p1a: Lucario|p2a: Murkrow\n|-supereffective|p2b: Garganacl\n|-damage|p2b: Garganacl|59\/100\n|\n|-heal|p2b: Garganacl|65\/100|[from] item: Leftovers\n|-damage|p1b: Maushold|50\/100 par|[from] Salt Cure\n|-damage|p1a: Lucario|70\/100 par|[from] Salt Cure\n|upkeep\n|turn|5\n|\n|t:|1682085508\n|-terastallize|p1a: Lucario|Normal\n|move|p1b: Maushold|Follow Me|p1b: Maushold\n|-singleturn|p1b: Maushold|move: Follow Me\n|move|p1a: Lucario|Extreme Speed|p2b: Garganacl\n|-damage|p2b: Garganacl|31\/100\n|move|p2a: Murkrow|Tailwind|p2a: Murkrow\n|-sidestart|p2: MistressQueenM|move: Tailwind\n|move|p2b: Garganacl|Salt Cure|p1b: Maushold\n|-damage|p1b: Maushold|33\/100 par\n|\n|-heal|p2b: Garganacl|37\/100|[from] item: Leftovers\n|-damage|p1b: Maushold|20\/100 par|[from] Salt Cure\n|-damage|p1a: Lucario|58\/100 par|[from] Salt Cure\n|-end|p2b: Garganacl|move: Taunt\n|upkeep\n|turn|6\n|\n|t:|1682085530\n|move|p1b: Maushold|Follow Me|p1b: Maushold\n|-singleturn|p1b: Maushold|move: Follow Me\n|move|p1a: Lucario|Extreme Speed|p2b: Garganacl\n|-damage|p2b: Garganacl|2\/100\n|move|p2a: Murkrow|Taunt|p1b: Maushold\n|-start|p1b: Maushold|move: Taunt\n|move|p2b: Garganacl|Recover|p2b: Garganacl\n|-heal|p2b: Garganacl|52\/100\n|\n|-heal|p2b: Garganacl|58\/100|[from] item: Leftovers\n|-damage|p1b: Maushold|8\/100 par|[from] Salt Cure\n|-damage|p1a: Lucario|45\/100 par|[from] Salt Cure\n|upkeep\n|turn|7\n|\n|t:|1682085544\n|move|p1a: Lucario|Extreme Speed|p2a: Murkrow\n|-damage|p2a: Murkrow|0 fnt\n|faint|p2a: Murkrow\n|move|p2b: Garganacl|Recover|p2b: Garganacl\n|-heal|p2b: Garganacl|100\/100\n|move|p1b: Maushold|Beat Up|p1a: Lucario\n|-damage|p1a: Lucario|43\/100 par\n|-ability|p1a: Lucario|Justified|boost\n|-boost|p1a: Lucario|atk|1\n|-damage|p1a: Lucario|42\/100 par\n|-ability|p1a: Lucario|Justified|boost\n|-boost|p1a: Lucario|atk|1\n|-damage|p1a: Lucario|39\/100 par\n|-hitcount|p1a: Lucario|3\n|\n|-damage|p1b: Maushold|0 fnt|[from] Salt Cure\n|faint|p1b: Maushold\n|-damage|p1a: Lucario|26\/100 par|[from] Salt Cure\n|upkeep\n|\n|t:|1682085558\n|switch|p1b: Palafin|Palafin-Hero, L50, F|100\/100\n|switch|p2a: Wo-Chien|Wo-Chien, L50|100\/100\n|-ability|p2a: Wo-Chien|Tablets of Ruin\n|-activate|p1b: Palafin|ability: Zero to Hero\n|turn|8\n|\n|t:|1682085572\n|move|p2a: Wo-Chien|Protect|p2a: Wo-Chien\n|-singleturn|p2a: Wo-Chien|Protect\n|cant|p1a: Lucario|par\n|move|p1b: Palafin|Ice Punch|p2a: Wo-Chien\n|-activate|p2a: Wo-Chien|move: Protect\n|move|p2b: Garganacl|Iron Defense|p2b: Garganacl\n|-boost|p2b: Garganacl|def|2\n|\n|-damage|p1a: Lucario|14\/100 par|[from] Salt Cure\n|-sideend|p2: MistressQueenM|move: Tailwind\n|upkeep\n|turn|9\n|\n|t:|1682085589\n|switch|p1b: Pelipper|Pelipper, L50, M|100\/100\n|-weather|RainDance|[from] ability: Drizzle|[of] p1b: Pelipper\n|switch|p2a: Torkoal|Torkoal, L50, M, shiny|100\/100\n|-weather|SunnyDay|[from] ability: Drought|[of] p2a: Torkoal\n|move|p1a: Lucario|Extreme Speed|p2b: Garganacl\n|-damage|p2b: Garganacl|73\/100\n|move|p2b: Garganacl|Salt Cure|p1b: Pelipper\n|-supereffective|p1b: Pelipper\n|-damage|p1b: Pelipper|69\/100\n|-start|p1b: Pelipper|Salt Cure\n|\n|-weather|SunnyDay|[upkeep]\n|-heal|p2b: Garganacl|79\/100|[from] item: Leftovers\n|-damage|p1b: Pelipper|44\/100|[from] Salt Cure\n|-damage|p1a: Lucario|2\/100 par|[from] Salt Cure\n|upkeep\n|-enditem|p1b: Pelipper|Sitrus Berry|[eat]\n|-heal|p1b: Pelipper|69\/100|[from] item: Sitrus Berry\n|turn|10\n|inactive|Lazaro\/shawdown has 30 seconds left.\n|\n|t:|1682085616\n|switch|p1b: Palafin|Palafin-Hero, L50, F|100\/100\n|move|p2a: Torkoal|Protect|p2a: Torkoal\n|-singleturn|p2a: Torkoal|Protect\n|move|p1a: Lucario|Extreme Speed|p2a: Torkoal\n|-activate|p2a: Torkoal|move: Protect\n|move|p2b: Garganacl|Iron Defense|p2b: Garganacl\n|-boost|p2b: Garganacl|def|2\n|\n|-weather|SunnyDay|[upkeep]\n|-heal|p2b: Garganacl|85\/100|[from] item: Leftovers\n|-damage|p1a: Lucario|0 fnt|[from] Salt Cure\n|faint|p1a: Lucario\n|upkeep\n|\n|t:|1682085622\n|switch|p1a: Pelipper|Pelipper, L50, M|69\/100\n|-weather|RainDance|[from] ability: Drizzle|[of] p1a: Pelipper\n|turn|11\n|inactive|Lazaro\/shawdown has 30 seconds left.\n|\n|t:|1682085649\n|switch|p2a: Wo-Chien|Wo-Chien, L50|100\/100\n|-ability|p2a: Wo-Chien|Tablets of Ruin\n|move|p1b: Palafin|Wave Crash|p2b: Garganacl\n|-damage|p2b: Garganacl|61\/100\n|-damage|p1b: Palafin|91\/100|[from] Recoil\n|move|p1a: Pelipper|Hurricane|p2a: Wo-Chien\n|-supereffective|p2a: Wo-Chien\n|-damage|p2a: Wo-Chien|54\/100\n|move|p2b: Garganacl|Salt Cure|p1a: Pelipper\n|-supereffective|p1a: Pelipper\n|-damage|p1a: Pelipper|42\/100\n|-start|p1a: Pelipper|Salt Cure\n|\n|-weather|RainDance|[upkeep]\n|-heal|p2b: Garganacl|67\/100|[from] item: Leftovers\n|-damage|p1a: Pelipper|17\/100|[from] Salt Cure\n|upkeep\n|turn|12\n|-message|Lazaro\/shawdown forfeited.\n|\n|win|MistressQueenM\n|raw|Lazaro/shawdown's rating: 1198 → 1175<\/strong> (-23 for losing)\n|raw|MistressQueenM's rating: 1220 → 1243<\/strong> (+23 for winning)\n|l|\u2606Lazaro\/shawdown\n","uploadtime":1682085668,"views":2,"p1id":"lazaroshawdown","p2id":"mistressqueenm","formatid":"gen9vgc2023regulationc","rating":1175,"private":0,"password":""}