{"id":"gen9vgc2023regulationc-1849663154","p1":"BJ Jr","p2":"BattlelegendRyan","format":"[Gen 9] VGC 2023 Regulation C","log":"|j|\u2606BJ Jr\n|j|\u2606BattlelegendRyan\n|t:|1682227911\n|gametype|doubles\n|player|p1|BJ Jr|swimmer-gen4|1062\n|player|p2|BattlelegendRyan|palmer|1079\n|teamsize|p1|6\n|teamsize|p2|6\n|gen|9\n|tier|[Gen 9] VGC 2023 Regulation C\n|rated|\n|rule|Species Clause: Limit one of each Pok\u00e9mon\n|rule|Item Clause: Limit one of each item\n|clearpoke\n|poke|p1|Tyranitar, L50, F|\n|poke|p1|Lycanroc, L50, F|\n|poke|p1|Gholdengo, L50|\n|poke|p1|Annihilape, L50, M|\n|poke|p1|Arcanine, L50, M|\n|poke|p1|Roaring Moon, L50|\n|poke|p2|Azumarill, L50, M|\n|poke|p2|Maushold, L50|\n|poke|p2|Palafin, L50, F|\n|poke|p2|Dragapult, L50, M|\n|poke|p2|Gholdengo, L50|\n|poke|p2|Amoonguss, L50, F|\n|teampreview|4\n|\n|t:|1682227929\n|start\n|switch|p1a: Tyranitar|Tyranitar, L50, F|100\/100\n|switch|p1b: Lycanroc|Lycanroc, L50, F|100\/100\n|switch|p2a: buenos dias|Palafin, L50, F|100\/100\n|switch|p2b: Maushold|Maushold, L50|100\/100\n|-weather|Sandstorm|[from] ability: Sand Stream|[of] p1a: Tyranitar\n|turn|1\n|\n|t:|1682227950\n|move|p1a: Tyranitar|Protect|p1a: Tyranitar\n|-singleturn|p1a: Tyranitar|Protect\n|move|p1b: Lycanroc|Rock Slide|p2a: buenos dias|[spread] p2a\n|-miss|p1b: Lycanroc|p2b: Maushold\n|-damage|p2a: buenos dias|68\/100\n|-damage|p1b: Lycanroc|90\/100|[from] item: Life Orb\n|move|p2a: buenos dias|Flip Turn|p1a: Tyranitar\n|-activate|p1a: Tyranitar|move: Protect\n|move|p2b: Maushold|Play Rough|p1a: Tyranitar\n|-activate|p1a: Tyranitar|move: Protect\n|\n|-weather|Sandstorm|[upkeep]\n|-damage|p2a: buenos dias|62\/100|[from] Sandstorm\n|-damage|p2b: Maushold|95\/100|[from] Sandstorm\n|upkeep\n|turn|2\n|\n|t:|1682227971\n|move|p1b: Lycanroc|Rock Slide|p2a: buenos dias|[spread] p2a,p2b\n|-damage|p2a: buenos dias|30\/100\n|-damage|p2b: Maushold|55\/100\n|-damage|p1b: Lycanroc|80\/100|[from] item: Life Orb\n|move|p2a: buenos dias|Flip Turn|p1a: Tyranitar\n|-supereffective|p1a: Tyranitar\n|-crit|p1a: Tyranitar\n|-damage|p1a: Tyranitar|50\/100\n|\n|t:|1682227979\n|detailschange|p2a: buenos dias|Palafin-Hero, L50, F\n|switch|p2a: Imposter|Amoonguss, L50, F, shiny|100\/100|[from] Flip Turn\n|cant|p2b: Maushold|flinch\n|move|p1a: Tyranitar|Rock Slide|p2b: Maushold|[spread] \n|-miss|p1a: Tyranitar|p2a: Imposter\n|-miss|p1a: Tyranitar|p2b: Maushold\n|\n|-weather|Sandstorm|[upkeep]\n|-damage|p2b: Maushold|49\/100|[from] Sandstorm\n|-damage|p2a: Imposter|95\/100|[from] Sandstorm\n|-heal|p2a: Imposter|100\/100|[from] item: Black Sludge\n|upkeep\n|turn|3\n|\n|t:|1682228002\n|move|p1a: Tyranitar|Protect|p1a: Tyranitar\n|-singleturn|p1a: Tyranitar|Protect\n|move|p1b: Lycanroc|Drill Run|p2a: Imposter\n|-damage|p2a: Imposter|75\/100\n|-damage|p1b: Lycanroc|70\/100|[from] item: Life Orb\n|move|p2b: Maushold|Play Rough|p1a: Tyranitar\n|-activate|p1a: Tyranitar|move: Protect\n|move|p2a: Imposter|Spore|p1a: Tyranitar\n|-activate|p1a: Tyranitar|move: Protect\n|\n|-weather|Sandstorm|[upkeep]\n|-damage|p2b: Maushold|43\/100|[from] Sandstorm\n|-damage|p2a: Imposter|69\/100|[from] Sandstorm\n|-heal|p2a: Imposter|75\/100|[from] item: Black Sludge\n|upkeep\n|turn|4\n|\n|t:|1682228040\n|move|p1a: Tyranitar|Protect|p1a: Tyranitar\n|-singleturn|p1a: Tyranitar|Protect\n|move|p2a: Imposter|Protect|p2a: Imposter\n|-singleturn|p2a: Imposter|Protect\n|move|p1b: Lycanroc|Close Combat|p2b: Maushold\n|-supereffective|p2b: Maushold\n|-damage|p2b: Maushold|0 fnt\n|-unboost|p1b: Lycanroc|def|1\n|-unboost|p1b: Lycanroc|spd|1\n|-damage|p1b: Lycanroc|54\/100|[from] item: Rocky Helmet|[of] p2b: Maushold\n|faint|p2b: Maushold\n|-damage|p1b: Lycanroc|44\/100|[from] item: Life Orb\n|\n|-weather|Sandstorm|[upkeep]\n|-damage|p2a: Imposter|69\/100|[from] Sandstorm\n|-heal|p2a: Imposter|75\/100|[from] item: Black Sludge\n|upkeep\n|\n|t:|1682228045\n|switch|p2b: zoomie|Azumarill, L50, M|100\/100\n|turn|5\n|\n|t:|1682228064\n|switch|p1b: Gholdengo|Gholdengo, L50|100\/100\n|move|p1a: Tyranitar|Rock Slide|p2b: zoomie|[spread] p2a,p2b\n|-damage|p2a: Imposter|54\/100\n|-damage|p2b: zoomie|75\/100\n|move|p2b: zoomie|Belly Drum|p2b: zoomie\n|-damage|p2b: zoomie|25\/100\n|-setboost|p2b: zoomie|atk|6|[from] move: Belly Drum\n|-enditem|p2b: zoomie|Sitrus Berry|[eat]\n|-heal|p2b: zoomie|50\/100|[from] item: Sitrus Berry\n|cant|p2a: Imposter|flinch\n|\n|-weather|none\n|-heal|p2a: Imposter|60\/100|[from] item: Black Sludge\n|upkeep\n|turn|6\n|\n|t:|1682228089\n|-terastallize|p1b: Gholdengo|Steel\n|-terastallize|p2b: zoomie|Water\n|move|p1a: Tyranitar|Helping Hand|p1b: Gholdengo\n|-immune|p1b: Gholdengo|[from] ability: Good as Gold\n|move|p2a: Imposter|Protect|p2a: Imposter\n|-singleturn|p2a: Imposter|Protect\n|move|p2b: zoomie|Aqua Jet|p1b: Gholdengo\n|-damage|p1b: Gholdengo|0 fnt\n|faint|p1b: Gholdengo\n|\n|-heal|p2a: Imposter|66\/100|[from] item: Black Sludge\n|upkeep\n|\n|t:|1682228105\n|switch|p1b: Arcanine|Arcanine, L50, M|100\/100\n|-ability|p1b: Arcanine|Intimidate|boost\n|-unboost|p2a: Imposter|atk|1\n|-unboost|p2b: zoomie|atk|1\n|turn|7\n|\n|t:|1682228116\n|move|p1b: Arcanine|Protect|p1b: Arcanine\n|-singleturn|p1b: Arcanine|Protect\n|move|p2b: zoomie|Aqua Jet|p1b: Arcanine\n|-activate|p1b: Arcanine|move: Protect\n|move|p1a: Tyranitar|Crunch|p2b: zoomie\n|-damage|p2b: zoomie|13\/100\n|move|p2a: Imposter|Spore|p1a: Tyranitar\n|-status|p1a: Tyranitar|slp|[from] move: Spore\n|\n|-heal|p2a: Imposter|72\/100|[from] item: Black Sludge\n|upkeep\n|turn|8\n|\n|t:|1682228132\n|move|p2a: Imposter|Protect|p2a: Imposter\n|-singleturn|p2a: Imposter|Protect\n|move|p2b: zoomie|Aqua Jet|p1b: Arcanine\n|-supereffective|p1b: Arcanine\n|-damage|p1b: Arcanine|0 fnt\n|faint|p1b: Arcanine\n|cant|p1a: Tyranitar|slp\n|\n|-heal|p2a: Imposter|77\/100|[from] item: Black Sludge\n|upkeep\n|\n|t:|1682228141\n|switch|p1b: Lycanroc|Lycanroc, L50, F|44\/100\n|turn|9\n|\n|t:|1682228148\n|move|p2b: zoomie|Aqua Jet|p1b: Lycanroc\n|-supereffective|p1b: Lycanroc\n|-damage|p1b: Lycanroc|0 fnt\n|faint|p1b: Lycanroc\n|-curestatus|p1a: Tyranitar|slp|[msg]\n|move|p1a: Tyranitar|Rock Slide|p2b: zoomie|[spread] p2a\n|-miss|p1a: Tyranitar|p2b: zoomie\n|-damage|p2a: Imposter|57\/100\n|cant|p2a: Imposter|flinch\n|\n|-heal|p2a: Imposter|62\/100|[from] item: Black Sludge\n|upkeep\n|turn|10\n|-message|BJ Jr forfeited.\n|\n|win|BattlelegendRyan\n|raw|BJ Jr's rating: 1062 → 1044<\/strong> (-18 for losing)\n|raw|BattlelegendRyan's rating: 1079 → 1106<\/strong> (+27 for winning)\n|l|\u2606BJ Jr\n","uploadtime":1682228165,"views":19,"p1id":"bjjr","p2id":"battlelegendryan","formatid":"gen9vgc2023regulationc","rating":1044,"private":0,"password":""}