{"id":"gen9vgc2023regulationc-1862727541","p1":"Fertu","p2":"Pikachimon","format":"[Gen 9] VGC 2023 Regulation C","log":"|j|\u2606Fertu\n|j|\u2606Pikachimon\n|t:|1683915902\n|gametype|doubles\n|player|p1|Fertu|101|1094\n|player|p2|Pikachimon|supernerd|1170\n|teamsize|p1|6\n|teamsize|p2|6\n|gen|9\n|tier|[Gen 9] VGC 2023 Regulation C\n|rated|\n|rule|Species Clause: Limit one of each Pok\u00e9mon\n|rule|Item Clause: Limit one of each item\n|clearpoke\n|poke|p1|Flutter Mane, L50|\n|poke|p1|Armarouge, L50, M|\n|poke|p1|Indeedee-F, L50, F|\n|poke|p1|Iron Bundle, L50|\n|poke|p1|Dondozo, L50, M|\n|poke|p1|Tatsugiri, L50, M|\n|poke|p2|Hatterene, L50, F|\n|poke|p2|Scream Tail, L50|\n|poke|p2|Gothitelle, L50, M|\n|poke|p2|Amoonguss, L50, M|\n|poke|p2|Annihilape, L50, M|\n|poke|p2|Tsareena, L50, F|\n|teampreview|4\n|inactive|Battle timer is ON: inactive players will automatically lose when time's up. (requested by Fertu)\n|\n|t:|1683915930\n|start\n|switch|p1a: Armarouge|Armarouge, L50, M|100\/100\n|switch|p1b: Iron Bundle|Iron Bundle, L50|100\/100\n|switch|p2a: Scream Tail|Scream Tail, L50|100\/100\n|switch|p2b: Gothitelle|Gothitelle, L50, M|100\/100\n|-enditem|p2a: Scream Tail|Booster Energy\n|-activate|p2a: Scream Tail|ability: Protosynthesis|[fromitem]\n|-start|p2a: Scream Tail|protosynthesisspe\n|turn|1\n|\n|t:|1683915942\n|move|p2b: Gothitelle|Fake Out|p1b: Iron Bundle\n|-damage|p1b: Iron Bundle|94\/100\n|move|p2a: Scream Tail|Perish Song|p2a: Scream Tail\n|-start|p1a: Armarouge|perish3|[silent]\n|-start|p1b: Iron Bundle|perish3|[silent]\n|-start|p2a: Scream Tail|perish3|[silent]\n|-start|p2b: Gothitelle|perish3|[silent]\n|-fieldactivate|move: Perish Song\n|cant|p1b: Iron Bundle|flinch\n|move|p1a: Armarouge|Expanding Force|p2a: Scream Tail\n|-resisted|p2a: Scream Tail\n|-damage|p2a: Scream Tail|86\/100\n|\n|-start|p2a: Scream Tail|perish3\n|-start|p1b: Iron Bundle|perish3\n|-start|p1a: Armarouge|perish3\n|-start|p2b: Gothitelle|perish3\n|upkeep\n|turn|2\n|inactive|Fertu has 30 seconds left.\n|\n|t:|1683915970\n|move|p2a: Scream Tail|Protect|p2a: Scream Tail\n|-singleturn|p2a: Scream Tail|Protect\n|move|p2b: Gothitelle|Protect|p2b: Gothitelle\n|-singleturn|p2b: Gothitelle|Protect\n|move|p1b: Iron Bundle|U-turn|p1a: Armarouge\n|-damage|p1a: Armarouge|87\/100\n|-ability|p1a: Armarouge|Weak Armor|boost\n|-unboost|p1a: Armarouge|def|1\n|-boost|p1a: Armarouge|spe|2\n|\n|t:|1683915980\n|-end|p1b: Iron Bundle|Quark Drive|[silent]\n|switch|p1b: Indeedee|Indeedee-F, L50, F|100\/100|[from] U-turn\n|-fieldstart|move: Psychic Terrain|[from] ability: Psychic Surge|[of] p1b: Indeedee\n|-enditem|p1b: Indeedee|Psychic Seed\n|-boost|p1b: Indeedee|spd|1|[from] item: Psychic Seed\n|move|p1a: Armarouge|Expanding Force|p2b: Gothitelle|[spread] \n|-activate|p2a: Scream Tail|move: Protect\n|-activate|p2b: Gothitelle|move: Protect\n|\n|-start|p2a: Scream Tail|perish2\n|-start|p1a: Armarouge|perish2\n|-start|p2b: Gothitelle|perish2\n|upkeep\n|turn|3\n|\n|t:|1683916009\n|move|p2a: Scream Tail|Disable|p1a: Armarouge\n|-start|p1a: Armarouge|Disable|Expanding Force\n|cant|p1a: Armarouge|Disable|Expanding Force\n|move|p1b: Indeedee|Dazzling Gleam|p2b: Gothitelle|[spread] p2a,p2b\n|-damage|p2a: Scream Tail|77\/100\n|-damage|p2b: Gothitelle|90\/100\n|move|p2b: Gothitelle|Heal Pulse|p2a: Scream Tail\n|-heal|p2a: Scream Tail|100\/100\n|\n|-start|p2a: Scream Tail|perish1\n|-start|p1a: Armarouge|perish1\n|-start|p2b: Gothitelle|perish1\n|upkeep\n|turn|4\n|inactive|Pikachimon has 30 seconds left.\n|\n|t:|1683916035\n|-end|p2a: Scream Tail|Protosynthesis|[silent]\n|switch|p2a: Annihilape|Annihilape, L50, M|100\/100\n|switch|p2b: Tsareena|Tsareena, L50, F|100\/100\n|move|p1a: Armarouge|Armor Cannon|p2a: Annihilape\n|-damage|p2a: Annihilape|52\/100\n|-unboost|p1a: Armarouge|def|1\n|-unboost|p1a: Armarouge|spd|1\n|move|p1b: Indeedee|Dazzling Gleam|p2a: Annihilape|[spread] p2a,p2b\n|-supereffective|p2a: Annihilape\n|-crit|p2a: Annihilape\n|-damage|p2a: Annihilape|21\/100\n|-damage|p2b: Tsareena|90\/100\n|\n|-heal|p2a: Annihilape|27\/100|[from] item: Leftovers\n|-start|p1a: Armarouge|perish0\n|faint|p1a: Armarouge\n|upkeep\n|\n|t:|1683916052\n|switch|p1a: Flutter Mane|Flutter Mane, L50|100\/100\n|turn|5\n|\n|t:|1683916071\n|-terastallize|p1a: Flutter Mane|Fairy\n|move|p2a: Annihilape|Protect|p2a: Annihilape\n|-singleturn|p2a: Annihilape|Protect\n|move|p1a: Flutter Mane|Dazzling Gleam|p2a: Annihilape|[spread] p2b\n|-activate|p2a: Annihilape|move: Protect\n|-damage|p2b: Tsareena|42\/100\n|move|p1b: Indeedee|Psyshock|p2b: Tsareena\n|-damage|p2b: Tsareena|8\/100\n|move|p2b: Tsareena|U-turn|p1b: Indeedee\n|-supereffective|p1b: Indeedee\n|-damage|p1b: Indeedee|43\/100\n|\n|t:|1683916085\n|switch|p2b: Gothitelle|Gothitelle, L50, M|90\/100|[from] U-turn\n|\n|-heal|p2a: Annihilape|33\/100|[from] item: Leftovers\n|upkeep\n|turn|6\n|inactive|Pikachimon has 30 seconds left.\n|\n|t:|1683916112\n|switch|p2a: Scream Tail|Scream Tail, L50|100\/100\n|move|p2b: Gothitelle|Protect|p2b: Gothitelle\n|-singleturn|p2b: Gothitelle|Protect\n|move|p1a: Flutter Mane|Dazzling Gleam|p2a: Scream Tail|[spread] p2a\n|-activate|p2b: Gothitelle|move: Protect\n|-damage|p2a: Scream Tail|56\/100\n|move|p1b: Indeedee|Psyshock|p2b: Gothitelle\n|-activate|p2b: Gothitelle|move: Protect\n|\n|-fieldend|move: Psychic Terrain\n|upkeep\n|turn|7\n|\n|t:|1683916128\n|move|p1a: Flutter Mane|Dazzling Gleam|p2b: Gothitelle|[spread] p2a,p2b\n|-damage|p2a: Scream Tail|15\/100\n|-damage|p2b: Gothitelle|38\/100\n|-enditem|p2b: Gothitelle|Sitrus Berry|[eat]\n|-heal|p2b: Gothitelle|63\/100|[from] item: Sitrus Berry\n|move|p2a: Scream Tail|Perish Song|p2a: Scream Tail\n|-start|p1a: Flutter Mane|perish3|[silent]\n|-start|p1b: Indeedee|perish3|[silent]\n|-start|p2a: Scream Tail|perish3|[silent]\n|-start|p2b: Gothitelle|perish3|[silent]\n|-fieldactivate|move: Perish Song\n|move|p1b: Indeedee|Psyshock|p2b: Gothitelle\n|-resisted|p2b: Gothitelle\n|-damage|p2b: Gothitelle|51\/100\n|move|p2b: Gothitelle|Heal Pulse|p2a: Scream Tail\n|-heal|p2a: Scream Tail|65\/100\n|\n|-start|p1a: Flutter Mane|perish3\n|-start|p2a: Scream Tail|perish3\n|-start|p1b: Indeedee|perish3\n|-start|p2b: Gothitelle|perish3\n|upkeep\n|turn|8\n|\n|t:|1683916150\n|move|p2a: Scream Tail|Protect|p2a: Scream Tail\n|-singleturn|p2a: Scream Tail|Protect\n|move|p2b: Gothitelle|Protect|p2b: Gothitelle\n|-singleturn|p2b: Gothitelle|Protect\n|move|p1a: Flutter Mane|Dazzling Gleam|p2b: Gothitelle|[spread] \n|-activate|p2a: Scream Tail|move: Protect\n|-activate|p2b: Gothitelle|move: Protect\n|move|p1b: Indeedee|Dazzling Gleam|p2a: Scream Tail|[spread] \n|-activate|p2a: Scream Tail|move: Protect\n|-activate|p2b: Gothitelle|move: Protect\n|\n|-start|p1a: Flutter Mane|perish2\n|-start|p2a: Scream Tail|perish2\n|-start|p1b: Indeedee|perish2\n|-start|p2b: Gothitelle|perish2\n|upkeep\n|turn|9\n|inactive|Pikachimon has 30 seconds left.\n|inactive|Pikachimon has 20 seconds left.\n|inactive|Pikachimon has 15 seconds left.\n|\n|t:|1683916192\n|-terastallize|p2b: Gothitelle|Steel\n|move|p1a: Flutter Mane|Dazzling Gleam|p2a: Scream Tail|[spread] p2a,p2b\n|-resisted|p2b: Gothitelle\n|-damage|p2a: Scream Tail|23\/100\n|-damage|p2b: Gothitelle|26\/100\n|move|p2a: Scream Tail|Disable|p1a: Flutter Mane\n|-start|p1a: Flutter Mane|Disable|Dazzling Gleam\n|move|p1b: Indeedee|Dazzling Gleam|p2b: Gothitelle|[spread] p2a,p2b\n|-crit|p2a: Scream Tail\n|-resisted|p2b: Gothitelle\n|-damage|p2a: Scream Tail|10\/100\n|-damage|p2b: Gothitelle|21\/100\n|move|p2b: Gothitelle|Heal Pulse|p2a: Scream Tail\n|-heal|p2a: Scream Tail|60\/100\n|\n|-start|p1a: Flutter Mane|perish1\n|-start|p2a: Scream Tail|perish1\n|-start|p1b: Indeedee|perish1\n|-start|p2b: Gothitelle|perish1\n|upkeep\n|turn|10\n|inactive|Pikachimon has 30 seconds left.\n|\n|t:|1683916224\n|move|p2a: Scream Tail|Protect|p2a: Scream Tail\n|-singleturn|p2a: Scream Tail|Protect\n|move|p2b: Gothitelle|Protect|p2b: Gothitelle\n|-singleturn|p2b: Gothitelle|Protect\n|-activate|p1a: Flutter Mane|move: Struggle\n|move|p1a: Flutter Mane|Struggle|p2b: Gothitelle\n|-activate|p2b: Gothitelle|move: Protect\n|move|p1b: Indeedee|Dazzling Gleam|p2b: Gothitelle|[spread] \n|-activate|p2a: Scream Tail|move: Protect\n|-activate|p2b: Gothitelle|move: Protect\n|\n|-start|p1a: Flutter Mane|perish0\n|-start|p2a: Scream Tail|perish0\n|-start|p1b: Indeedee|perish0\n|-start|p2b: Gothitelle|perish0\n|faint|p1a: Flutter Mane\n|-end|p1a: Flutter Mane|Protosynthesis|[silent]\n|faint|p2a: Scream Tail\n|-end|p2a: Scream Tail|Protosynthesis|[silent]\n|faint|p1b: Indeedee\n|faint|p2b: Gothitelle\n|upkeep\n|\n|t:|1683916243\n|switch|p2a: Annihilape|Annihilape, L50, M|33\/100\n|switch|p1b: Iron Bundle|Iron Bundle, L50|94\/100\n|switch|p2b: Tsareena|Tsareena, L50, F|8\/100\n|turn|11\n|\n|t:|1683916267\n|move|p1b: Iron Bundle|Icy Wind|p2b: Tsareena|[spread] p2a,p2b\n|-supereffective|p2b: Tsareena\n|-damage|p2a: Annihilape|17\/100\n|-damage|p2b: Tsareena|0 fnt\n|-unboost|p2a: Annihilape|spe|1\n|-ability|p2a: Annihilape|Defiant|boost\n|-boost|p2a: Annihilape|atk|2\n|faint|p2b: Tsareena\n|move|p2a: Annihilape|Drain Punch|p1b: Iron Bundle\n|-supereffective|p1b: Iron Bundle\n|-damage|p1b: Iron Bundle|0 fnt\n|-heal|p2a: Annihilape|45\/100|[from] drain|[of] p1b: Iron Bundle\n|faint|p1b: Iron Bundle\n|-end|p1b: Iron Bundle|Quark Drive|[silent]\n|\n|win|Pikachimon\n|raw|Fertu's rating: 1094 → 1075<\/strong> (-19 for losing)\n|raw|Pikachimon's rating: 1170 → 1190<\/strong> (+20 for winning)\n","uploadtime":1683916278,"views":16,"p1id":"fertu","p2id":"pikachimon","formatid":"gen9vgc2023regulationc","rating":1075,"private":0,"password":""}