{"id":"gen9vgc2023regulationc-1849971142","p1":"lateralvs","p2":"kinderlew","format":"[Gen 9] VGC 2023 Regulation C","log":"|j|\u2606lateralvs\n|j|\u2606kinderlew\n|t:|1682273603\n|gametype|doubles\n|player|p1|lateralvs|giovanni|1551\n|player|p2|kinderlew|101|1524\n|teamsize|p1|6\n|teamsize|p2|6\n|gen|9\n|tier|[Gen 9] VGC 2023 Regulation C\n|rated|\n|rule|Species Clause: Limit one of each Pok\u00e9mon\n|rule|Item Clause: Limit one of each item\n|clearpoke\n|poke|p1|Iron Jugulis, L50|\n|poke|p1|Garchomp, L50, F|\n|poke|p1|Gholdengo, L50|\n|poke|p1|Chien-Pao, L50|\n|poke|p1|Gyarados, L50, F|\n|poke|p1|Kingambit, L50, F|\n|poke|p2|Lilligant, L50, F|\n|poke|p2|Torkoal, L50, F|\n|poke|p2|Flutter Mane, L50|\n|poke|p2|Kingambit, L50, F|\n|poke|p2|Dragonite, L50, F|\n|poke|p2|Great Tusk, L50|\n|teampreview|4\nkinderlew has agreed to open team sheets.\n|j| sdfsdbsd\nlateralvs has agreed to open team sheets.\n|inactive|Battle timer is ON: inactive players will automatically lose when time's up. (requested by kinderlew)\n|inactive|lateralvs has 60 seconds left.\n|l| sdfsdbsd\n|\n|t:|1682273693\n|start\n|switch|p1a: Kostic 1-0|Iron Jugulis, L50|100\/100\n|switch|p1b: Higuain 3-2|Garchomp, L50, F|100\/100\n|switch|p2a: Breakthrough|Torkoal, L50, F, shiny|100\/100\n|switch|p2b: TT|Lilligant, L50, F, shiny|100\/100\n|-weather|SunnyDay|[from] ability: Drought|[of] p2a: Breakthrough\n|-enditem|p1a: Kostic 1-0|Booster Energy\n|-activate|p1a: Kostic 1-0|ability: Quark Drive|[fromitem]\n|-start|p1a: Kostic 1-0|quarkdrivespe\n|turn|1\n|inactive|kinderlew has 30 seconds left.\n|inactive|lateralvs has 30 seconds left.\n|inactive|kinderlew has 20 seconds left.\n|inactive|kinderlew has 15 seconds left.\n|j| sdfsdbsd\n|inactive|lateralvs has 20 seconds left.\n|inactive|kinderlew has 10 seconds left.\n|\n|t:|1682273738\n|-terastallize|p1a: Kostic 1-0|Fire\n|move|p2a: Breakthrough|Protect|p2a: Breakthrough\n|-singleturn|p2a: Breakthrough|Protect\n|move|p2b: TT|Sleep Powder|p1a: Kostic 1-0\n|-status|p1a: Kostic 1-0|slp|[from] move: Sleep Powder\n|cant|p1a: Kostic 1-0|slp\n|move|p1b: Higuain 3-2|Rock Slide|p2b: TT|[spread] p2b\n|-activate|p2a: Breakthrough|move: Protect\n|-damage|p2b: TT|63\/100\n|-damage|p1b: Higuain 3-2|91\/100|[from] item: Life Orb\n|\n|-weather|SunnyDay|[upkeep]\n|upkeep\n|turn|2\n|inactive|lateralvs has 30 seconds left.\n|inactive|lateralvs has 20 seconds left.\n|inactive|lateralvs has 15 seconds left.\n|inactive|lateralvs has 10 seconds left.\n|\n|t:|1682273785\n|move|p2b: TT|Sleep Powder|p1b: Higuain 3-2|[miss]\n|-miss|p2b: TT|p1b: Higuain 3-2\n|cant|p1a: Kostic 1-0|slp\n|move|p1b: Higuain 3-2|Stomping Tantrum|p2a: Breakthrough\n|-supereffective|p2a: Breakthrough\n|-damage|p2a: Breakthrough|25\/100\n|-damage|p1b: Higuain 3-2|81\/100|[from] item: Life Orb\n|move|p2a: Breakthrough|Eruption|p1b: Higuain 3-2|[spread] p1a,p1b\n|-resisted|p1a: Kostic 1-0\n|-resisted|p1b: Higuain 3-2\n|-damage|p1a: Kostic 1-0|90\/100 slp\n|-damage|p1b: Higuain 3-2|69\/100\n|\n|-weather|SunnyDay|[upkeep]\n|upkeep\n|turn|3\n|inactive|kinderlew has 30 seconds left.\n|inactive|lateralvs has 30 seconds left.\n|\n|t:|1682273821\n|move|p2b: TT|Sleep Powder|p1b: Higuain 3-2\n|-status|p1b: Higuain 3-2|slp|[from] move: Sleep Powder\n|-curestatus|p1a: Kostic 1-0|slp|[msg]\n|move|p1a: Kostic 1-0|Air Slash|p2b: TT\n|-supereffective|p2b: TT\n|-damage|p2b: TT|0 fnt\n|faint|p2b: TT\n|cant|p1b: Higuain 3-2|slp\n|move|p2a: Breakthrough|Flamethrower|p1b: Higuain 3-2\n|-resisted|p1b: Higuain 3-2\n|-damage|p1b: Higuain 3-2|32\/100 slp\n|\n|-weather|SunnyDay|[upkeep]\n|upkeep\n|\n|t:|1682273844\n|switch|p2b: Espresso|Dragonite, L50, F|100\/100\n|turn|4\n|\n|t:|1682273853\n|-terastallize|p2b: Espresso|Flying\n|move|p1a: Kostic 1-0|Protect|p1a: Kostic 1-0\n|-singleturn|p1a: Kostic 1-0|Protect\n|-curestatus|p1b: Higuain 3-2|slp|[msg]\n|move|p1b: Higuain 3-2|Rock Slide|p2a: Breakthrough|[spread] p2a,p2b\n|-supereffective|p2a: Breakthrough\n|-supereffective|p2b: Espresso\n|-damage|p2a: Breakthrough|0 fnt\n|-damage|p2b: Espresso|75\/100\n|faint|p2a: Breakthrough\n|-damage|p1b: Higuain 3-2|22\/100|[from] item: Life Orb\n|cant|p2b: Espresso|flinch\n|\n|-weather|SunnyDay|[upkeep]\n|upkeep\n|\n|t:|1682273857\n|switch|p2a: FANCY|Flutter Mane, L50, shiny|100\/100\n|-activate|p2a: FANCY|ability: Protosynthesis\n|-start|p2a: FANCY|protosynthesisspa\n|turn|5\n|l| sdfsdbsd\n|j| VGCLight\n|inactive|lateralvs has 30 seconds left.\n|inactive|lateralvs has 20 seconds left.\n|inactive|lateralvs has 15 seconds left.\n|inactive|lateralvs has 10 seconds left.\n|\n|t:|1682273902\n|move|p1a: Kostic 1-0|Tailwind|p1a: Kostic 1-0\n|-sidestart|p1: lateralvs|move: Tailwind\n|move|p1b: Higuain 3-2|Stomping Tantrum|p2a: FANCY\n|-damage|p2a: FANCY|4\/100\n|-damage|p1b: Higuain 3-2|12\/100|[from] item: Life Orb\n|move|p2a: FANCY|Dazzling Gleam|p1a: Kostic 1-0|[spread] p1a,p1b\n|-resisted|p1a: Kostic 1-0\n|-supereffective|p1b: Higuain 3-2\n|-damage|p1a: Kostic 1-0|60\/100\n|-damage|p1b: Higuain 3-2|0 fnt\n|faint|p1b: Higuain 3-2\n|move|p2b: Espresso|Tera Blast|p1a: Kostic 1-0\n|-damage|p1a: Kostic 1-0|0 fnt\n|faint|p1a: Kostic 1-0\n|-end|p1a: Kostic 1-0|Quark Drive|[silent]\n|\n|-weather|none\n|-end|p2a: FANCY|Protosynthesis\n|upkeep\n|\n|t:|1682273910\n|switch|p1b: Marchisio 2-1|Gyarados, L50, F|100\/100\n|switch|p1a: Fagioli 2-0|Chien-Pao, L50|100\/100\n|-ability|p1a: Fagioli 2-0|Sword of Ruin\n|-ability|p1b: Marchisio 2-1|Intimidate|boost\n|-unboost|p2a: FANCY|atk|1\n|-unboost|p2b: Espresso|atk|1\n|turn|6\n|inactive|kinderlew has 30 seconds left.\n|inactive|kinderlew has 20 seconds left.\n|\n|t:|1682273950\n|move|p1a: Fagioli 2-0|Ice Spinner|p2b: Espresso\n|-supereffective|p2b: Espresso\n|-damage|p2b: Espresso|0 fnt\n|faint|p2b: Espresso\n|move|p1b: Marchisio 2-1|Waterfall|p2a: FANCY\n|-damage|p2a: FANCY|0 fnt\n|faint|p2a: FANCY\n|-end|p2a: FANCY|Protosynthesis|[silent]\n|\n|win|lateralvs\n|raw|lateralvs's rating: 1551 → 1569<\/strong> (+18 for winning)\n|raw|kinderlew's rating: 1524 → 1506<\/strong> (-18 for losing)\n|l|\u2606kinderlew\n","uploadtime":1682273955,"views":9,"p1id":"lateralvs","p2id":"kinderlew","formatid":"gen9vgc2023regulationc","rating":1506,"private":0,"password":""}