{"id":"gen9vgc2023regulationc-1850637419","p1":"Solerma","p2":"Goldsaint5","format":"[Gen 9] VGC 2023 Regulation C","log":"|j|\u2606Solerma\n|j|\u2606Goldsaint5\n|t:|1682355036\n|gametype|doubles\n|player|p1|Solerma|backpacker|\n|player|p2|Goldsaint5|wikstrom|\n|teamsize|p1|6\n|teamsize|p2|6\n|gen|9\n|tier|[Gen 9] VGC 2023 Regulation C\n|rated|Tournament battle\n|rule|Species Clause: Limit one of each Pok\u00e9mon\n|rule|Item Clause: Limit one of each item\n|clearpoke\n|poke|p1|Chien-Pao, L50|\n|poke|p1|Gholdengo, L50|\n|poke|p1|Arcanine, L50, M|\n|poke|p1|Palafin, L50, F|\n|poke|p1|Flutter Mane, L50|\n|poke|p1|Amoonguss, L50, F|\n|poke|p2|Talonflame, L50, M|\n|poke|p2|Chien-Pao, L50|\n|poke|p2|Bisharp, L50, M|\n|poke|p2|Gyarados, L50, M|\n|poke|p2|Dragapult, L50, M|\n|poke|p2|Brambleghast, L50, M|\n|teampreview|4\n|raw| Open Team Sheet for Solerma<\/summary>Chien-Pao @ Focus Sash Ability: Sword of Ruin Level: 50 Tera Type: Ghost - Ice Spinner - Sucker Punch - Sacred Sword - Protect Gholdengo @ Sitrus Berry Ability: Good as Gold Level: 50 Tera Type: Water - Protect - Make It Rain - Thunderbolt - Nasty Plot Arcanine @ Safety Goggles Ability: Intimidate Level: 50 Tera Type: Flying - Flare Blitz - Will-O-Wisp - Extreme Speed - Howl Palafin @ Mystic Water Ability: Zero to Hero Level: 50 Tera Type: Ground - Protect - Haze - Wave Crash - Jet Punch Flutter Mane @ Choice Specs Ability: Protosynthesis Level: 50 Tera Type: Fairy - Moonblast - Dazzling Gleam - Shadow Ball - Thunderbolt Amoonguss @ Mental Herb Ability: Regenerator Level: 50 Tera Type: Water - Spore - Pollen Puff - Rage Powder - Protect <\/details><\/div> Open Team Sheet for Goldsaint5<\/summary>Talonflame @ Covert Cloak Ability: Gale Wings Level: 50 Tera Type: Flying - Brave Bird - Flare Blitz - Tailwind - Taunt Chien-Pao @ Focus Sash Ability: Sword of Ruin Level: 50 Tera Type: Fire - Ice Spinner - Throat Chop - Sacred Sword - Sucker Punch Bisharp (M) @ Eviolite Ability: Defiant Level: 50 Tera Type: Fire - Assurance - Iron Head - Sucker Punch - Tera Blast Gyarados (M) @ Sitrus Berry Ability: Intimidate Level: 50 Shiny: Yes Tera Type: Steel - Waterfall - Thunder Wave - Iron Head - Taunt Dragapult @ Choice Band Ability: Clear Body Level: 50 Tera Type: Dragon - U-turn - Dragon Darts - Phantom Force - Sucker Punch Brambleghast @ Clear Amulet Ability: Wind Rider Level: 50 Tera Type: Fire - Shadow Sneak - Seed Bomb - Phantom Force - Protect <\/details><\/div>\n|c|\u2606Goldsaint5|gl hf\n|c|\u2606Solerma|u too\n|j| rina slaywayama\n|\n|t:|1682355098\n|start\n|switch|p1a: Palafin|Palafin, L50, F|100\/100\n|switch|p1b: Arcanine|Arcanine, L50, M|100\/100\n|switch|p2a: Talonflame|Talonflame, L50, M|100\/100\n|switch|p2b: Brambleghast|Brambleghast, L50, M|100\/100\n|-ability|p1b: Arcanine|Intimidate|boost\n|-unboost|p2a: Talonflame|atk|1\n|-fail|p2b: Brambleghast|unboost|[from] item: Clear Amulet|[of] p2b: Brambleghast\n|turn|1\n|\n|t:|1682355132\n|move|p2a: Talonflame|Tailwind|p2a: Talonflame\n|-sidestart|p2: Goldsaint5|move: Tailwind\n|-ability|p2b: Brambleghast|Wind Rider|boost\n|-boost|p2b: Brambleghast|atk|1\n|move|p1a: Palafin|Jet Punch|p2a: Talonflame\n|-supereffective|p2a: Talonflame\n|-damage|p2a: Talonflame|21\/100\n|move|p2b: Brambleghast|Phantom Force||[still]\n|-prepare|p2b: Brambleghast|Phantom Force\n|move|p1b: Arcanine|Flare Blitz|p2b: Brambleghast|[miss]\n|-miss|p1b: Arcanine|p2b: Brambleghast\n|\n|upkeep\n|turn|2\n|\n|t:|1682355150\n|switch|p2a: Gyarados|Gyarados, L50, M, shiny|100\/100\n|-ability|p2a: Gyarados|Intimidate|boost\n|-unboost|p1a: Palafin|atk|1\n|-unboost|p1b: Arcanine|atk|1\n|detailschange|p1a: Palafin|Palafin-Hero, L50, F\n|switch|p1a: Amoonguss|Amoonguss, L50, F|100\/100\n|move|p1b: Arcanine|Extreme Speed|p2a: Gyarados\n|-damage|p2a: Gyarados|85\/100\n|move|p2b: Brambleghast|Phantom Force|p1b: Arcanine|[from]lockedmove\n|-damage|p1b: Arcanine|18\/100\n|\n|upkeep\n|turn|3\n|\n|t:|1682355172\n|move|p1b: Arcanine|Extreme Speed|p2a: Gyarados\n|-damage|p2a: Gyarados|68\/100\n|move|p2b: Brambleghast|Shadow Sneak|p1b: Arcanine\n|-damage|p1b: Arcanine|0 fnt\n|faint|p1b: Arcanine\n|move|p2a: Gyarados|Taunt|p1a: Amoonguss\n|-start|p1a: Amoonguss|move: Taunt\n|-enditem|p1a: Amoonguss|Mental Herb\n|-end|p1a: Amoonguss|move: Taunt\n|move|p1a: Amoonguss|Spore|p2a: Gyarados\n|-status|p2a: Gyarados|slp|[from] move: Spore\n|\n|upkeep\n|\n|t:|1682355203\n|switch|p1b: Gholdengo|Gholdengo, L50|100\/100\n|turn|4\n|\n|t:|1682355234\n|-terastallize|p1b: Gholdengo|Water\n|move|p2b: Brambleghast|Phantom Force||[still]\n|-prepare|p2b: Brambleghast|Phantom Force\n|cant|p2a: Gyarados|slp\n|move|p1b: Gholdengo|Nasty Plot|p1b: Gholdengo\n|-boost|p1b: Gholdengo|spa|2\n|move|p1a: Amoonguss|Pollen Puff|p1b: Gholdengo\n|-immune|p1b: Gholdengo\n|\n|-sideend|p2: Goldsaint5|move: Tailwind\n|upkeep\n|turn|5\n|\n|t:|1682355253\n|move|p2b: Brambleghast|Phantom Force|p1b: Gholdengo|[from]lockedmove\n|-damage|p1b: Gholdengo|46\/100\n|-enditem|p1b: Gholdengo|Sitrus Berry|[eat]\n|-heal|p1b: Gholdengo|71\/100|[from] item: Sitrus Berry\n|cant|p2a: Gyarados|slp\n|move|p1b: Gholdengo|Make It Rain|p2a: Gyarados|[spread] p2a,p2b\n|-resisted|p2a: Gyarados\n|-damage|p2a: Gyarados|29\/100 slp\n|-damage|p2b: Brambleghast|0 fnt\n|-unboost|p1b: Gholdengo|spa|1\n|-enditem|p2a: Gyarados|Sitrus Berry|[eat]\n|-heal|p2a: Gyarados|53\/100 slp|[from] item: Sitrus Berry\n|faint|p2b: Brambleghast\n|move|p1a: Amoonguss|Pollen Puff|p2a: Gyarados\n|-resisted|p2a: Gyarados\n|-damage|p2a: Gyarados|45\/100 slp\n|\n|upkeep\n|\n|t:|1682355275\n|switch|p2b: Talonflame|Talonflame, L50, M|21\/100\n|turn|6\n|\n|t:|1682355298\n|move|p1b: Gholdengo|Protect|p1b: Gholdengo\n|-singleturn|p1b: Gholdengo|Protect\n|move|p2b: Talonflame|Tailwind|p2b: Talonflame\n|-sidestart|p2: Goldsaint5|move: Tailwind\n|-curestatus|p2a: Gyarados|slp|[msg]\n|move|p2a: Gyarados|Taunt|p1a: Amoonguss\n|-start|p1a: Amoonguss|move: Taunt\n|cant|p1a: Amoonguss|move: Taunt|Spore\n|\n|upkeep\n|turn|7\n|\n|t:|1682355319\n|switch|p2a: Chien-Pao|Chien-Pao, L50|100\/100\n|-ability|p2a: Chien-Pao|Sword of Ruin\n|move|p2b: Talonflame|Brave Bird|p1a: Amoonguss\n|-supereffective|p1a: Amoonguss\n|-damage|p1a: Amoonguss|7\/100\n|-damage|p2b: Talonflame|0 fnt|[from] Recoil\n|faint|p2b: Talonflame\n|move|p1b: Gholdengo|Make It Rain|p2a: Chien-Pao\n|-supereffective|p2a: Chien-Pao\n|-enditem|p2a: Chien-Pao|Focus Sash\n|-damage|p2a: Chien-Pao|1\/100\n|-unboost|p1b: Gholdengo|spa|1\n|move|p1a: Amoonguss|Pollen Puff|p1b: Gholdengo\n|-heal|p1b: Gholdengo|100\/100\n|\n|upkeep\n|\n|t:|1682355337\n|switch|p2b: Gyarados|Gyarados, L50, M, shiny|45\/100\n|-ability|p2b: Gyarados|Intimidate|boost\n|-unboost|p1a: Amoonguss|atk|1\n|-unboost|p1b: Gholdengo|atk|1\n|turn|8\n|\n|t:|1682355352\n|move|p1b: Gholdengo|Protect|p1b: Gholdengo\n|-singleturn|p1b: Gholdengo|Protect\n|move|p2a: Chien-Pao|Throat Chop|p1b: Gholdengo\n|-activate|p1b: Gholdengo|move: Protect\n|move|p2b: Gyarados|Waterfall|p1a: Amoonguss\n|-resisted|p1a: Amoonguss\n|-damage|p1a: Amoonguss|0 fnt\n|faint|p1a: Amoonguss\n|\n|upkeep\n|j| Titi Grech\n|\n|t:|1682355358\n|switch|p1a: Palafin|Palafin-Hero, L50, F|100\/100\n|-activate|p1a: Palafin|ability: Zero to Hero\n|turn|9\n|c|\u2606Goldsaint5|gg\n|c|\u2606Solerma|gg\n|-message|Goldsaint5 forfeited.\n|\n|win|Solerma\n|n|\u2606Solerma|solerma\n|n|\u2606Goldsaint5|goldsaint5\n|n| rina slaywayama|rinaslaywayama\n|n| Titi Grech|titigrech\n|l|\u2606Goldsaint5\n|l|\u2606Solerma\n|l| Titi Grech\n","uploadtime":1682355397,"views":15,"p1id":"solerma","p2id":"goldsaint5","formatid":"gen9vgc2023regulationc","rating":0,"private":0,"password":""}