{"id":"gen9vgc2023regulationc-1847240889","p1":"Hhnnjjbnmjh","p2":"haha u rage quit","format":"[Gen 9] VGC 2023 Regulation C","log":"|j|\u2606Hhnnjjbnmjh\n|j|\u2606haha u rage quit\n|t:|1681930622\n|gametype|doubles\n|player|p1|Hhnnjjbnmjh|li|1111\n|player|p2|haha u rage quit|pokemaniac|1199\n|teamsize|p1|6\n|teamsize|p2|6\n|gen|9\n|tier|[Gen 9] VGC 2023 Regulation C\n|rated|\n|rule|Species Clause: Limit one of each Pok\u00e9mon\n|rule|Item Clause: Limit one of each item\n|clearpoke\n|poke|p1|Murkrow, L50, F|\n|poke|p1|Chi-Yu, L50|\n|poke|p1|Flutter Mane, L50|\n|poke|p1|Great Tusk, L50|\n|poke|p1|Brute Bonnet, L50|\n|poke|p1|Corviknight, L50, F|\n|poke|p2|Garganacl, L50, M|\n|poke|p2|Wo-Chien, L50|\n|poke|p2|Amoonguss, L50, M|\n|poke|p2|Ting-Lu, L50|\n|poke|p2|Dondozo, L50, M|\n|poke|p2|Arcanine, L50, M|\n|teampreview|4\n|inactive|Battle timer is ON: inactive players will automatically lose when time's up. (requested by Hhnnjjbnmjh)\n|inactive|haha u rage quit has 60 seconds left.\n|\n|t:|1681930688\n|start\n|switch|p1a: Corviknight|Corviknight, L50, F|100\/100\n|switch|p1b: Great Tusk|Great Tusk, L50|100\/100\n|switch|p2a: Dondozo|Dondozo, L50, M|100\/100\n|switch|p2b: Amoonguss|Amoonguss, L50, M|100\/100\n|turn|1\n|inactive|Hhnnjjbnmjh has 30 seconds left.\n|inactive|haha u rage quit has 30 seconds left.\n|\n|t:|1681930721\n|move|p2b: Amoonguss|Protect|p2b: Amoonguss\n|-singleturn|p2b: Amoonguss|Protect\n|move|p1b: Great Tusk|Earthquake|p2b: Amoonguss|[spread] p2a\n|-activate|p2b: Amoonguss|move: Protect\n|-immune|p1a: Corviknight\n|-damage|p2a: Dondozo|75\/100\n|move|p1a: Corviknight|Brave Bird|p2b: Amoonguss\n|-activate|p2b: Amoonguss|move: Protect\n|move|p2a: Dondozo|Wave Crash|p1b: Great Tusk\n|-supereffective|p1b: Great Tusk\n|-damage|p1b: Great Tusk|41\/100\n|-damage|p2a: Dondozo|60\/100|[from] Recoil\n|\n|upkeep\n|turn|2\n|inactive|haha u rage quit has 30 seconds left.\n|\n|t:|1681930753\n|-terastallize|p1b: Great Tusk|Steel\n|move|p1b: Great Tusk|Earthquake|p2b: Amoonguss|[spread] p2a,p2b\n|-immune|p1a: Corviknight\n|-damage|p2a: Dondozo|33\/100\n|-damage|p2b: Amoonguss|64\/100\n|move|p1a: Corviknight|Brave Bird|p2b: Amoonguss\n|-supereffective|p2b: Amoonguss\n|-damage|p2b: Amoonguss|0 fnt\n|faint|p2b: Amoonguss\n|-damage|p1a: Corviknight|76\/100|[from] Recoil\n|move|p2a: Dondozo|Wave Crash|p1b: Great Tusk\n|-damage|p1b: Great Tusk|9\/100\n|-damage|p2a: Dondozo|25\/100|[from] Recoil\n|-enditem|p2a: Dondozo|Aguav Berry|[eat]\n|-heal|p2a: Dondozo|58\/100|[from] item: Aguav Berry\n|\n|upkeep\n|inactive|haha u rage quit has 30 seconds left.\n|\n|t:|1681930780\n|switch|p2b: Arcanine|Arcanine, L50, M|100\/100\n|-ability|p2b: Arcanine|Intimidate|boost\n|-ability|p1a: Corviknight|Mirror Armor\n|-unboost|p2b: Arcanine|atk|1\n|-unboost|p1b: Great Tusk|atk|1\n|turn|3\n|\n|t:|1681930792\n|switch|p1a: Chi-Yu|Chi-Yu, L50|100\/100\n|-ability|p1a: Chi-Yu|Beads of Ruin\n|-terastallize|p2b: Arcanine|Flying\n|move|p1b: Great Tusk|Earthquake|p2a: Dondozo|[spread] p1a,p2a\n|-immune|p2b: Arcanine\n|-supereffective|p1a: Chi-Yu\n|-damage|p1a: Chi-Yu|0 fnt\n|-damage|p2a: Dondozo|34\/100\n|faint|p1a: Chi-Yu\n|move|p2b: Arcanine|Flare Blitz|p1b: Great Tusk\n|-supereffective|p1b: Great Tusk\n|-damage|p1b: Great Tusk|0 fnt\n|faint|p1b: Great Tusk\n|-end|p1b: Great Tusk|Protosynthesis|[silent]\n|-damage|p2b: Arcanine|97\/100|[from] Recoil\n|move|p2a: Dondozo|Wave Crash|p1: Chi-Yu|[notarget]\n|-fail|p2a: Dondozo\n|\n|upkeep\n|\n|t:|1681930799\n|switch|p1a: Corviknight|Corviknight, L50, F|76\/100\n|switch|p1b: Flutter Mane|Flutter Mane, L50|100\/100\n|turn|4\n|\n|t:|1681930824\n|move|p1b: Flutter Mane|Dazzling Gleam|p2a: Dondozo|[spread] p2a,p2b\n|-damage|p2a: Dondozo|4\/100\n|-damage|p2b: Arcanine|36\/100\n|move|p2b: Arcanine|Flare Blitz|p1a: Corviknight\n|-supereffective|p1a: Corviknight\n|-damage|p1a: Corviknight|8\/100\n|-damage|p2b: Arcanine|12\/100|[from] Recoil\n|move|p1a: Corviknight|Iron Head|p2b: Arcanine\n|-crit|p2b: Arcanine\n|-damage|p2b: Arcanine|0 fnt\n|faint|p2b: Arcanine\n|move|p2a: Dondozo|Wave Crash|p1a: Corviknight\n|-damage|p1a: Corviknight|0 fnt\n|faint|p1a: Corviknight\n|-damage|p2a: Dondozo|2\/100|[from] Recoil\n|\n|upkeep\n|\n|t:|1681930833\n|switch|p2b: Ting-Lu|Ting-Lu, L50|100\/100\n|-ability|p2b: Ting-Lu|Vessel of Ruin\n|turn|5\n|\n|t:|1681930842\n|move|p1b: Flutter Mane|Dazzling Gleam|p2a: Dondozo|[spread] p2a,p2b\n|-supereffective|p2b: Ting-Lu\n|-damage|p2a: Dondozo|0 fnt\n|-damage|p2b: Ting-Lu|68\/100\n|faint|p2a: Dondozo\n|move|p2b: Ting-Lu|Heavy Slam|p1b: Flutter Mane\n|-supereffective|p1b: Flutter Mane\n|-damage|p1b: Flutter Mane|0 fnt\n|faint|p1b: Flutter Mane\n|-end|p1b: Flutter Mane|Protosynthesis|[silent]\n|\n|win|haha u rage quit\n|raw|Hhnnjjbnmjh's rating: 1111 → 1092<\/strong> (-19 for losing)\n|raw|haha u rage quit's rating: 1199 → 1218<\/strong> (+19 for winning)\n|l|\u2606Hhnnjjbnmjh\n","uploadtime":1681930857,"views":12,"p1id":"hhnnjjbnmjh","p2id":"hahauragequit","formatid":"gen9vgc2023regulationc","rating":1092,"private":0,"password":""}