{"id":"gen9vgc2023regulationc-1850857675","p1":"J24","p2":"pekrar","format":"[Gen 9] VGC 2023 Regulation C","log":"|j|\u2606J24\n|j|\u2606pekrar\n|t:|1682375033\n|gametype|doubles\n|player|p1|J24|169|1189\n|player|p2|pekrar|102|1263\n|teamsize|p1|6\n|teamsize|p2|6\n|gen|9\n|tier|[Gen 9] VGC 2023 Regulation C\n|rated|\n|rule|Species Clause: Limit one of each Pok\u00e9mon\n|rule|Item Clause: Limit one of each item\n|clearpoke\n|poke|p1|Flutter Mane, L50|\n|poke|p1|Arcanine, L50, M|\n|poke|p1|Palafin, L50, M|\n|poke|p1|Amoonguss, L50, M|\n|poke|p1|Baxcalibur, L50, M|\n|poke|p1|Ting-Lu, L50|\n|poke|p2|Tyranitar, L50, M|\n|poke|p2|Lycanroc, L50, F|\n|poke|p2|Ting-Lu, L50|\n|poke|p2|Gholdengo, L50|\n|poke|p2|Garganacl, L50, M|\n|poke|p2|Salamence, L50, M|\n|teampreview|4\n|inactive|Battle timer is ON: inactive players will automatically lose when time's up. (requested by pekrar)\n|\n|t:|1682375051\n|start\n|switch|p1a: Palafin|Palafin, L50, M|100\/100\n|switch|p1b: Ting-Lu|Ting-Lu, L50|100\/100\n|switch|p2a: Salamence|Salamence, L50, M|100\/100\n|switch|p2b: Garganacl|Garganacl, L50, M|100\/100\n|-ability|p2a: Salamence|Intimidate|boost\n|-unboost|p1a: Palafin|atk|1\n|-unboost|p1b: Ting-Lu|atk|1\n|-ability|p1b: Ting-Lu|Vessel of Ruin\n|turn|1\n|l|\u2606pekrar\n|inactive|pekrar disconnected and has a minute to reconnect!\n|player|p2|\n|j|\u2606pekrar\n|inactive|pekrar reconnected and has 40 seconds left.\n|player|p2|pekrar|102\n|inactive|pekrar has 30 seconds left.\n|\n|t:|1682375080\n|switch|p2a: Ting-Lu|Ting-Lu, L50|100\/100\n|-ability|p2a: Ting-Lu|Vessel of Ruin\n|detailschange|p1a: Palafin|Palafin-Hero, L50, M\n|switch|p1a: Arcanine|Arcanine, L50, M|100\/100\n|-ability|p1a: Arcanine|Intimidate|boost\n|-unboost|p2a: Ting-Lu|atk|1\n|-unboost|p2b: Garganacl|atk|1\n|move|p1b: Ting-Lu|Fissure|p2b: Garganacl\n|-damage|p2b: Garganacl|0 fnt\n|faint|p2b: Garganacl\n|-ohko\n|\n|upkeep\n|\n|t:|1682375094\n|switch|p2b: Tyranitar|Tyranitar, L50, M|100\/100\n|-weather|Sandstorm|[from] ability: Sand Stream|[of] p2b: Tyranitar\n|turn|2\n|c|\u2606pekrar|welp\n|c|\u2606pekrar|LOL\n|\n|t:|1682375114\n|switch|p1a: Amoonguss|Amoonguss, L50, M|100\/100\n|move|p2b: Tyranitar|Rock Slide|p1b: Ting-Lu|[spread] p1a,p1b\n|-resisted|p1b: Ting-Lu\n|-damage|p1a: Amoonguss|80\/100\n|-damage|p1b: Ting-Lu|92\/100\n|move|p2a: Ting-Lu|Sand Tomb|p1a: Amoonguss\n|-damage|p1a: Amoonguss|72\/100\n|-activate|p1a: Amoonguss|move: Sand Tomb|[of] p2a: Ting-Lu\n|move|p1b: Ting-Lu|Fissure|p2a: Ting-Lu\n|-damage|p2a: Ting-Lu|0 fnt\n|faint|p2a: Ting-Lu\n|-ohko\n|\n|-weather|Sandstorm|[upkeep]\n|-damage|p1a: Amoonguss|66\/100|[from] Sandstorm\n|-end|p1a: Amoonguss|Sand Tomb|[partiallytrapped]|[silent]\n|upkeep\n|c|\u2606J24||LOOOOOOOOL\n|c|\u2606pekrar|bro\n|c|\u2606pekrar|LMAO\n|c|\u2606J24|I'm so sorry\n|\n|t:|1682375132\n|switch|p2a: Salamence|Salamence, L50, M|100\/100\n|-ability|p2a: Salamence|Intimidate|boost\n|-unboost|p1a: Amoonguss|atk|1\n|-unboost|p1b: Ting-Lu|atk|1\n|turn|3\n|c|\u2606pekrar|it happens haha\n|inactive|J24 has 30 seconds left.\n|\n|t:|1682375160\n|-terastallize|p2a: Salamence|Flying\n|move|p2a: Salamence|Dual Wingbeat|p1a: Amoonguss\n|-supereffective|p1a: Amoonguss\n|-damage|p1a: Amoonguss|20\/100\n|-enditem|p1a: Amoonguss|Sitrus Berry|[eat]\n|-heal|p1a: Amoonguss|45\/100|[from] item: Sitrus Berry\n|-supereffective|p1a: Amoonguss\n|-crit|p1a: Amoonguss\n|-damage|p1a: Amoonguss|0 fnt\n|faint|p1a: Amoonguss\n|-hitcount|p1: Amoonguss|2\n|move|p2b: Tyranitar|Thunder Wave|p1b: Ting-Lu\n|-immune|p1b: Ting-Lu\n|move|p1b: Ting-Lu|Stomping Tantrum|p2b: Tyranitar\n|-supereffective|p2b: Tyranitar\n|-damage|p2b: Tyranitar|69\/100\n|\n|-weather|Sandstorm|[upkeep]\n|upkeep\n|\n|t:|1682375175\n|switch|p1a: Arcanine|Arcanine, L50, M|100\/100\n|-ability|p1a: Arcanine|Intimidate|boost\n|-unboost|p2a: Salamence|atk|1\n|-unboost|p2b: Tyranitar|atk|1\n|turn|4\n|c|\u2606pekrar|oh duh\n|inactive|J24 has 30 seconds left.\n|\n|t:|1682375205\n|move|p2b: Tyranitar|Helping Hand|p2a: Salamence\n|-singleturn|p2a: Salamence|Helping Hand|[of] p2b: Tyranitar\n|move|p2a: Salamence|Dual Wingbeat|p1a: Arcanine\n|-damage|p1a: Arcanine|72\/100\n|-damage|p1a: Arcanine|39\/100\n|-hitcount|p1a: Arcanine|2\n|move|p1a: Arcanine|Flare Blitz|p2a: Salamence\n|-damage|p2a: Salamence|31\/100\n|-status|p2a: Salamence|brn\n|-damage|p1a: Arcanine|17\/100|[from] Recoil\n|move|p1b: Ting-Lu|Heavy Slam|p2a: Salamence\n|-damage|p2a: Salamence|7\/100 brn\n|\n|-weather|Sandstorm|[upkeep]\n|-damage|p2a: Salamence|2\/100 brn|[from] brn\n|upkeep\n|turn|5\n|c|\u2606pekrar|I\n|c|\u2606pekrar|LMAO\n|c|\u2606J24|LOOOOOOL\n|inactive|pekrar has 30 seconds left.\n|\n|t:|1682375231\n|move|p1a: Arcanine|Extreme Speed|p2a: Salamence\n|-damage|p2a: Salamence|0 fnt\n|faint|p2a: Salamence\n|move|p2b: Tyranitar|Rock Slide|p1a: Arcanine|[spread] p1a,p1b\n|-supereffective|p1a: Arcanine\n|-resisted|p1b: Ting-Lu\n|-damage|p1a: Arcanine|0 fnt\n|-damage|p1b: Ting-Lu|87\/100\n|faint|p1a: Arcanine\n|move|p1b: Ting-Lu|Stomping Tantrum|p2b: Tyranitar\n|-supereffective|p2b: Tyranitar\n|-damage|p2b: Tyranitar|37\/100\n|-enditem|p2b: Tyranitar|Sitrus Berry|[eat]\n|-heal|p2b: Tyranitar|62\/100|[from] item: Sitrus Berry\n|\n|-weather|Sandstorm|[upkeep]\n|upkeep\n|\n|t:|1682375243\n|switch|p1a: Palafin|Palafin-Hero, L50, M|100\/100\n|-activate|p1a: Palafin|ability: Zero to Hero\n|turn|6\n|\n|t:|1682375250\n|-terastallize|p1a: Palafin|Water\n|move|p1a: Palafin|Jet Punch|p2b: Tyranitar\n|-supereffective|p2b: Tyranitar\n|-damage|p2b: Tyranitar|0 fnt\n|faint|p2b: Tyranitar\n|\n|win|J24\n|raw|J24's rating: 1189 → 1219<\/strong> (+30 for winning)\n|raw|pekrar's rating: 1263 → 1233<\/strong> (-30 for losing)\n|c|\u2606J24|I'm so sorry\n|c|\u2606pekrar|sometimes you just get unlucky\n|c|\u2606pekrar|LOL\n|c|\u2606J24|LOOOL\n","uploadtime":1682375266,"views":14,"p1id":"j24","p2id":"pekrar","formatid":"gen9vgc2023regulationc","rating":1219,"private":0,"password":""}