{"id":"gen9vgc2023regulationc-1856363933","p1":"TeirusuVGC","p2":"Inwaves22","format":"[Gen 9] VGC 2023 Regulation C","log":"|j|\u2606TeirusuVGC\n|j|\u2606Inwaves22\n|t:|1683054387\n|gametype|doubles\n|player|p1|TeirusuVGC|ethan|1143\n|player|p2|Inwaves22|falkner|1182\n|teamsize|p1|6\n|teamsize|p2|6\n|gen|9\n|tier|[Gen 9] VGC 2023 Regulation C\n|rated|\n|rule|Species Clause: Limit one of each Pok\u00e9mon\n|rule|Item Clause: Limit one of each item\n|clearpoke\n|poke|p1|Palafin, L50, M|\n|poke|p1|Flutter Mane, L50|\n|poke|p1|Arcanine, L50, F|\n|poke|p1|Amoonguss, L50, F|\n|poke|p1|Ting-Lu, L50|\n|poke|p1|Roaring Moon, L50|\n|poke|p2|Glimmora, L50, M|\n|poke|p2|Chi-Yu, L50|\n|poke|p2|Flutter Mane, L50|\n|poke|p2|Dragonite, L50, F|\n|poke|p2|Dondozo, L50, F|\n|poke|p2|Tatsugiri, L50, F|\n|teampreview|4\n|j| Hellfighters\n|l| Hellfighters\n|inactive|Battle timer is ON: inactive players will automatically lose when time's up. (requested by Inwaves22)\n|\n|t:|1683054448\n|start\n|switch|p1a: Palafin|Palafin, L50, M|100\/100\n|switch|p1b: Ting-Lu|Ting-Lu, L50|100\/100\n|switch|p2a: Glimmora|Glimmora, L50, M|100\/100\n|switch|p2b: Tatsugiri|Tatsugiri, L50, F|100\/100\n|-ability|p1b: Ting-Lu|Vessel of Ruin\n|turn|1\n|\n|t:|1683054469\n|detailschange|p1a: Palafin|Palafin-Hero, L50, M\n|switch|p1a: Amoonguss|Amoonguss, L50, F|100\/100\n|-terastallize|p1b: Ting-Lu|Poison\n|move|p2a: Glimmora|Toxic|p1b: Ting-Lu\n|-immune|p1b: Ting-Lu\n|move|p2b: Tatsugiri|Draco Meteor|p1a: Amoonguss\n|-damage|p1a: Amoonguss|51\/100\n|-unboost|p2b: Tatsugiri|spa|2\n|move|p1b: Ting-Lu|Stomping Tantrum|p2a: Glimmora\n|-supereffective|p2a: Glimmora\n|-crit|p2a: Glimmora\n|-enditem|p2a: Glimmora|Focus Sash\n|-damage|p2a: Glimmora|1\/100\n|-activate|p2a: Glimmora|ability: Toxic Debris\n|-sidestart|p1: TeirusuVGC|move: Toxic Spikes\n|\n|upkeep\n|turn|2\n|inactive|TeirusuVGC has 30 seconds left.\n|inactive|Inwaves22 has 30 seconds left.\n|\n|t:|1683054497\n|switch|p2b: Dragonite|Dragonite, L50, F|100\/100\n|move|p2a: Glimmora|Spiky Shield|p2a: Glimmora\n|-singleturn|p2a: Glimmora|move: Protect\n|move|p1a: Amoonguss|Protect|p1a: Amoonguss\n|-singleturn|p1a: Amoonguss|Protect\n|move|p1b: Ting-Lu|Stomping Tantrum|p2a: Glimmora\n|-activate|p2a: Glimmora|move: Protect\n|-damage|p1b: Ting-Lu|88\/100|[from] Spiky Shield|[of] p2a: Glimmora\n|\n|upkeep\n|turn|3\n|\n|t:|1683054515\n|switch|p1a: Arcanine|Arcanine, L50, F|100\/100\n|-status|p1a: Arcanine|psn\n|-ability|p1a: Arcanine|Intimidate|boost\n|-unboost|p2a: Glimmora|atk|1\n|-unboost|p2b: Dragonite|atk|1\n|-terastallize|p2b: Dragonite|Flying\n|move|p2a: Glimmora|Toxic||[still]\n|-fail|p2a: Glimmora\n|move|p2b: Dragonite|Tera Blast|p1a: Arcanine\n|-damage|p1a: Arcanine|30\/100 psn\n|move|p1b: Ting-Lu|Ruination|p2b: Dragonite\n|-damage|p2b: Dragonite|51\/100\n|\n|-damage|p1a: Arcanine|18\/100 psn|[from] psn\n|upkeep\n|turn|4\n|\n|t:|1683054534\n|move|p1a: Arcanine|Protect|p1a: Arcanine\n|-singleturn|p1a: Arcanine|Protect\n|move|p2a: Glimmora|Power Gem|p1a: Arcanine\n|-activate|p1a: Arcanine|move: Protect\n|move|p2b: Dragonite|Tera Blast|p1b: Ting-Lu\n|-damage|p1b: Ting-Lu|55\/100\n|move|p1b: Ting-Lu|Stomping Tantrum|p1a: Arcanine\n|-activate|p1a: Arcanine|move: Protect\n|\n|-damage|p1a: Arcanine|6\/100 psn|[from] psn\n|upkeep\n|turn|5\n|inactive|TeirusuVGC has 30 seconds left.\n|inactive|Inwaves22 has 30 seconds left.\n|inactive|TeirusuVGC has 20 seconds left.\n|inactive|Inwaves22 has 20 seconds left.\n|\n|t:|1683054574\n|switch|p1b: Palafin|Palafin-Hero, L50, M|100\/100\n|-status|p1b: Palafin|psn\n|-activate|p1b: Palafin|ability: Zero to Hero\n|move|p2a: Glimmora|Spiky Shield|p2a: Glimmora\n|-singleturn|p2a: Glimmora|move: Protect\n|move|p2b: Dragonite|Tera Blast|p1b: Palafin\n|-damage|p1b: Palafin|35\/100 psn\n|move|p1a: Arcanine|Will-O-Wisp|p2b: Dragonite\n|-status|p2b: Dragonite|brn\n|\n|-damage|p1b: Palafin|23\/100 psn|[from] psn\n|-damage|p1a: Arcanine|0 fnt|[from] psn\n|faint|p1a: Arcanine\n|-damage|p2b: Dragonite|45\/100 brn|[from] brn\n|upkeep\n|\n|t:|1683054590\n|switch|p1a: Amoonguss|Amoonguss, L50, F|84\/100\n|-sideend|p1: TeirusuVGC|move: Toxic Spikes|[of] p1a: Amoonguss\n|turn|6\n|\n|t:|1683054601\n|switch|p2a: Tatsugiri|Tatsugiri, L50, F|100\/100\n|move|p1a: Amoonguss|Rage Powder|p1a: Amoonguss\n|-singleturn|p1a: Amoonguss|move: Rage Powder\n|move|p1b: Palafin|Wave Crash|p2a: Tatsugiri\n|-activate|p2a: Tatsugiri|ability: Storm Drain\n|-ability|p2a: Tatsugiri|Storm Drain|boost\n|-boost|p2a: Tatsugiri|spa|1\n|move|p2b: Dragonite|Tera Blast|p1a: Amoonguss\n|-supereffective|p1a: Amoonguss\n|-damage|p1a: Amoonguss|19\/100\n|-enditem|p1a: Amoonguss|Sitrus Berry|[eat]\n|-heal|p1a: Amoonguss|44\/100|[from] item: Sitrus Berry\n|\n|-damage|p1b: Palafin|11\/100 psn|[from] psn\n|-damage|p2b: Dragonite|39\/100 brn|[from] brn\n|upkeep\n|turn|7\n|-message|TeirusuVGC forfeited.\n|\n|win|Inwaves22\n|raw|TeirusuVGC's rating: 1143 → 1121<\/strong> (-22 for losing)\n|raw|Inwaves22's rating: 1182 → 1204<\/strong> (+22 for winning)\n|l|\u2606TeirusuVGC\n","uploadtime":1683054618,"views":10,"p1id":"teirusuvgc","p2id":"inwaves22","formatid":"gen9vgc2023regulationc","rating":1121,"private":0,"password":""}