{"id":"gen9vgc2023regulationc-1858969915","p1":"7AVO_LEON21","p2":"Seabassmcchop","format":"[Gen 9] VGC 2023 Regulation C","log":"|j|\u26067AVO_LEON21\n|j|\u203dSeabassmcchop\n|t:|1683389325\n|gametype|doubles\n|player|p1|7AVO_LEON21|pokemaniac|1238\n|player|p2|Seabassmcchop|101|1304\n|teamsize|p1|6\n|teamsize|p2|6\n|gen|9\n|tier|[Gen 9] VGC 2023 Regulation C\n|rated|\n|rule|Species Clause: Limit one of each Pok\u00e9mon\n|rule|Item Clause: Limit one of each item\n|clearpoke\n|poke|p1|Palafin, L50, M|\n|poke|p1|Ting-Lu, L50|\n|poke|p1|Flutter Mane, L50|\n|poke|p1|Arcanine, L50, F|\n|poke|p1|Dragonite, L50, M|\n|poke|p1|Iron Hands, L50|\n|poke|p2|Garganacl, L50, F|\n|poke|p2|Wo-Chien, L50|\n|poke|p2|Ting-Lu, L50|\n|poke|p2|Chi-Yu, L50|\n|poke|p2|Gyarados, L50, F|\n|poke|p2|Flutter Mane, L50|\n|teampreview|4\n|inactive|Battle timer is ON: inactive players will automatically lose when time's up. (requested by Seabassmcchop)\n|inactive|7AVO_LEON21 has 60 seconds left.\n|\n|t:|1683389383\n|start\n|switch|p1a: Arcanine|Arcanine, L50, F|100\/100\n|switch|p1b: Ting-Lu|Ting-Lu, L50|100\/100\n|switch|p2a: Garganacl|Garganacl, L50, F|100\/100\n|switch|p2b: Flutter Mane|Flutter Mane, L50|100\/100\n|-ability|p1a: Arcanine|Intimidate|boost\n|-unboost|p2a: Garganacl|atk|1\n|-unboost|p2b: Flutter Mane|atk|1\n|-ability|p1b: Ting-Lu|Vessel of Ruin\n|-enditem|p2b: Flutter Mane|Booster Energy\n|-activate|p2b: Flutter Mane|ability: Protosynthesis|[fromitem]\n|-start|p2b: Flutter Mane|protosynthesisspe\n|turn|1\n|\n|t:|1683389403\n|switch|p2a: Gyarados|Gyarados, L50, F|100\/100\n|-ability|p2a: Gyarados|Intimidate|boost\n|-unboost|p1a: Arcanine|atk|1\n|-unboost|p1b: Ting-Lu|atk|1\n|-terastallize|p1b: Ting-Lu|Ground\n|move|p2b: Flutter Mane|Protect|p2b: Flutter Mane\n|-singleturn|p2b: Flutter Mane|Protect\n|move|p1a: Arcanine|Howl|p1a: Arcanine|[spread] p1a,p1b\n|-boost|p1a: Arcanine|atk|1\n|-boost|p1b: Ting-Lu|atk|1\n|move|p1b: Ting-Lu|Heavy Slam|p2b: Flutter Mane\n|-activate|p2b: Flutter Mane|move: Protect\n|\n|upkeep\n|turn|2\n|inactive|7AVO_LEON21 has 30 seconds left.\n|inactive|Seabassmcchop has 30 seconds left.\n|inactive|Seabassmcchop has 20 seconds left.\n|inactive|Seabassmcchop has 15 seconds left.\n|\n|t:|1683389444\n|switch|p1b: Su Hermano|Iron Hands, L50, shiny|100\/100\n|move|p2b: Flutter Mane|Moonblast|p1b: Su Hermano\n|-supereffective|p1b: Su Hermano\n|-damage|p1b: Su Hermano|57\/100\n|move|p1a: Arcanine|Howl|p1a: Arcanine|[spread] p1a,p1b\n|-boost|p1a: Arcanine|atk|1\n|-boost|p1b: Su Hermano|atk|1\n|move|p2a: Gyarados|Waterfall|p1b: Su Hermano\n|-damage|p1b: Su Hermano|35\/100\n|\n|upkeep\n|turn|3\n|\n|t:|1683389469\n|-end|p1b: Su Hermano|Quark Drive|[silent]\n|switch|p1b: Ting-Lu|Ting-Lu, L50, tera:Ground|100\/100\n|-ability|p1b: Ting-Lu|Vessel of Ruin\n|move|p2b: Flutter Mane|Moonblast|p1b: Ting-Lu\n|-damage|p1b: Ting-Lu|80\/100\n|move|p1a: Arcanine|Flare Blitz|p2b: Flutter Mane\n|-damage|p2b: Flutter Mane|0 fnt\n|faint|p2b: Flutter Mane\n|-end|p2b: Flutter Mane|Protosynthesis|[silent]\n|-damage|p1a: Arcanine|73\/100|[from] Recoil\n|move|p2a: Gyarados|Taunt|p1b: Ting-Lu\n|-start|p1b: Ting-Lu|move: Taunt\n|\n|upkeep\n|\n|t:|1683389482\n|switch|p2b: Chi-Yu|Chi-Yu, L50|100\/100\n|-ability|p2b: Chi-Yu|Beads of Ruin\n|turn|4\n|\n|t:|1683389495\n|switch|p2a: Garganacl|Garganacl, L50, F|100\/100\n|-terastallize|p2b: Chi-Yu|Grass\n|move|p2b: Chi-Yu|Nasty Plot|p2b: Chi-Yu\n|-boost|p2b: Chi-Yu|spa|2\n|move|p1a: Arcanine|Howl|p1a: Arcanine|[spread] p1a,p1b\n|-boost|p1a: Arcanine|atk|1\n|-boost|p1b: Ting-Lu|atk|1\n|move|p1b: Ting-Lu|Rock Slide|p2b: Chi-Yu|[spread] p2a,p2b\n|-damage|p2a: Garganacl|78\/100\n|-damage|p2b: Chi-Yu|51\/100\n|\n|-heal|p2a: Garganacl|84\/100|[from] item: Leftovers\n|upkeep\n|turn|5\n|inactive|7AVO_LEON21 has 30 seconds left.\n|\n|t:|1683389521\n|switch|p2a: Gyarados|Gyarados, L50, F|100\/100\n|-ability|p2a: Gyarados|Intimidate|boost\n|-unboost|p1a: Arcanine|atk|1\n|-unboost|p1b: Ting-Lu|atk|1\n|move|p1a: Arcanine|Extreme Speed|p2b: Chi-Yu\n|-damage|p2b: Chi-Yu|0 fnt\n|faint|p2b: Chi-Yu\n|move|p1b: Ting-Lu|Rock Slide|p2a: Gyarados|[miss]\n|-miss|p1b: Ting-Lu|p2a: Gyarados\n|\n|-end|p1b: Ting-Lu|move: Taunt\n|upkeep\n|\n|t:|1683389529\n|switch|p2b: Garganacl|Garganacl, L50, F|84\/100\n|turn|6\n|-message|Seabassmcchop forfeited.\n|\n|win|7AVO_LEON21\n|raw|7AVO_LEON21's rating: 1238 → 1268<\/strong> (+30 for winning)\n|raw|Seabassmcchop's rating: 1304 → 1280<\/strong> (-24 for losing)\n|l|\u203dSeabassmcchop\n","uploadtime":1683389636,"views":10,"p1id":"7avoleon21","p2id":"seabassmcchop","formatid":"gen9vgc2023regulationc","rating":1268,"private":0,"password":""}