{"id":"gen9vgc2023regulationc-1849281901","p1":"cammmmy","p2":"MiraidonDeezNut5","format":"[Gen 9] VGC 2023 Regulation C","log":"|j|\u2606cammmmy\n|j|\u2606MiraidonDeezNut5\n|t:|1682181317\n|gametype|doubles\n|player|p1|cammmmy|102|1293\n|player|p2|MiraidonDeezNut5|swimmer-gen4dp|1275\n|teamsize|p1|6\n|teamsize|p2|6\n|gen|9\n|tier|[Gen 9] VGC 2023 Regulation C\n|rated|\n|rule|Species Clause: Limit one of each Pok\u00e9mon\n|rule|Item Clause: Limit one of each item\n|clearpoke\n|poke|p1|Abomasnow, L50, F|\n|poke|p1|Baxcalibur, L50, M|\n|poke|p1|Chi-Yu, L50|\n|poke|p1|Beartic, L50, M|\n|poke|p1|Glaceon, L50, F|\n|poke|p1|Iron Bundle, L50|\n|poke|p2|Talonflame, L50, M|\n|poke|p2|Iron Bundle, L50|\n|poke|p2|Great Tusk, L50|\n|poke|p2|Gastrodon, L50, M|\n|poke|p2|Rotom-Heat, L50|\n|poke|p2|Breloom, L50, M|\n|teampreview|4\nMiraidonDeezNut5 has agreed to open team sheets.\n|inactive|Battle timer is ON: inactive players will automatically lose when time's up. (requested by MiraidonDeezNut5)\n|inactive|cammmmy has 60 seconds left.\n|inactive|MiraidonDeezNut5 has 60 seconds left.\n|c|\u2606MiraidonDeezNut5|chi yu the forbidden ice type\n|inactive|cammmmy has 30 seconds left.\n|inactive|cammmmy has 20 seconds left.\n|inactive|cammmmy has 15 seconds left.\n|inactive|cammmmy has 10 seconds left.\n|inactive|cammmmy has 5 seconds left.\n|\n|t:|1682181414\n|start\n|switch|p1a: Abomasnow|Abomasnow, L50, F|100\/100\n|switch|p1b: Beartic|Beartic, L50, M|100\/100\n|switch|p2a: Talonflame|Talonflame, L50, M|100\/100\n|switch|p2b: Great Tusk|Great Tusk, L50|100\/100\n|-weather|Snow|[from] ability: Snow Warning|[of] p1a: Abomasnow\n|turn|1\n|inactive|cammmmy has 30 seconds left.\n|\n|t:|1682181442\n|-terastallize|p1a: Abomasnow|Water\n|move|p2a: Talonflame|Tailwind|p2a: Talonflame\n|-sidestart|p2: MiraidonDeezNut5|move: Tailwind\n|move|p2b: Great Tusk|Close Combat|p1b: Beartic\n|-supereffective|p1b: Beartic\n|-damage|p1b: Beartic|0 fnt\n|-unboost|p2b: Great Tusk|def|1\n|-unboost|p2b: Great Tusk|spd|1\n|faint|p1b: Beartic\n|move|p1a: Abomasnow|Blizzard|p2a: Talonflame|[spread] p2a,p2b\n|-supereffective|p2b: Great Tusk\n|-damage|p2a: Talonflame|56\/100\n|-damage|p2b: Great Tusk|0 fnt\n|faint|p2b: Great Tusk\n|-end|p2b: Great Tusk|Protosynthesis|[silent]\n|\n|-weather|Snow|[upkeep]\n|upkeep\n|\n|t:|1682181460\n|switch|p2b: Rotom|Rotom-Heat, L50|100\/100\n|switch|p1b: Glaceon|Glaceon, L50, F|100\/100\n|turn|2\n|\n|t:|1682181474\n|switch|p1b: Baxcalibur|Baxcalibur, L50, M|100\/100\n|move|p2a: Talonflame|Flare Blitz|p1b: Baxcalibur\n|-damage|p1b: Baxcalibur|73\/100\n|-ability|p1b: Baxcalibur|Thermal Exchange|boost\n|-boost|p1b: Baxcalibur|atk|1\n|-damage|p2a: Talonflame|43\/100|[from] Recoil\n|move|p2b: Rotom|Discharge|p1b: Baxcalibur|[spread] p2a,p1a,p1b\n|-supereffective|p2a: Talonflame\n|-supereffective|p1a: Abomasnow\n|-resisted|p1b: Baxcalibur\n|-damage|p2a: Talonflame|0 fnt\n|-damage|p1a: Abomasnow|54\/100\n|-damage|p1b: Baxcalibur|60\/100\n|-status|p1a: Abomasnow|par\n|-status|p1b: Baxcalibur|par\n|faint|p2a: Talonflame\n|move|p1a: Abomasnow|Aurora Veil|p1a: Abomasnow\n|-sidestart|p1: cammmmy|move: Aurora Veil\n|\n|-weather|Snow|[upkeep]\n|upkeep\n|c|\u2606cammmmy|the forbidden double para\n|\n|t:|1682181489\n|switch|p2a: Breloom|Breloom, L50, M|100\/100\n|turn|3\n|\n|t:|1682181507\n|move|p2a: Breloom|Protect|p2a: Breloom\n|-singleturn|p2a: Breloom|Protect\n|cant|p1b: Baxcalibur|par\n|move|p2b: Rotom|Discharge|p1b: Baxcalibur|[spread] p1a,p1b\n|-activate|p2a: Breloom|move: Protect\n|-supereffective|p1a: Abomasnow\n|-resisted|p1b: Baxcalibur\n|-damage|p1a: Abomasnow|19\/100 par\n|-damage|p1b: Baxcalibur|51\/100 par\n|move|p1a: Abomasnow|Blizzard|p2b: Rotom|[spread] p2b\n|-activate|p2a: Breloom|move: Protect\n|-resisted|p2b: Rotom\n|-crit|p2b: Rotom\n|-damage|p2b: Rotom|76\/100\n|\n|-weather|Snow|[upkeep]\n|upkeep\n|turn|4\n|\n|t:|1682181537\n|move|p2a: Breloom|Mach Punch|p1b: Baxcalibur\n|-supereffective|p1b: Baxcalibur\n|-damage|p1b: Baxcalibur|21\/100 par\n|move|p2b: Rotom|Overheat|p1b: Baxcalibur\n|-damage|p1b: Baxcalibur|0 fnt\n|-unboost|p2b: Rotom|spa|2\n|faint|p1b: Baxcalibur\n|move|p1a: Abomasnow|Blizzard|p2b: Rotom|[spread] p2a,p2b\n|-supereffective|p2a: Breloom\n|-resisted|p2b: Rotom\n|-enditem|p2a: Breloom|Focus Sash\n|-damage|p2a: Breloom|1\/100\n|-damage|p2b: Rotom|58\/100\n|\n|-weather|Snow|[upkeep]\n|-sideend|p2: MiraidonDeezNut5|move: Tailwind\n|upkeep\n|\n|t:|1682181546\n|switch|p1b: Glaceon|Glaceon, L50, F|100\/100\n|turn|5\n|\n|t:|1682181562\n|move|p2a: Breloom|Protect|p2a: Breloom\n|-singleturn|p2a: Breloom|Protect\n|move|p2b: Rotom|Discharge|p1a: Abomasnow|[spread] p1a,p1b\n|-activate|p2a: Breloom|move: Protect\n|-supereffective|p1a: Abomasnow\n|-damage|p1a: Abomasnow|3\/100 par\n|-damage|p1b: Glaceon|92\/100\n|-status|p1b: Glaceon|par\n|cant|p1b: Glaceon|par\n|move|p1a: Abomasnow|Blizzard|p2a: Breloom|[spread] p2b\n|-activate|p2a: Breloom|move: Protect\n|-resisted|p2b: Rotom\n|-damage|p2b: Rotom|43\/100\n|\n|-weather|Snow|[upkeep]\n|-heal|p1b: Glaceon|98\/100 par|[from] ability: Ice Body\n|-heal|p1b: Glaceon|100\/100 par|[from] item: Leftovers\n|upkeep\n|turn|6\n|c|\u2606cammmmy|no way\n|inactive|MiraidonDeezNut5 has 30 seconds left.\n|c|\u2606cammmmy|you havent missed a para yet LOL\n|\n|t:|1682181592\n|cant|p1a: Abomasnow|par\n|move|p2a: Breloom|Mach Punch|p1b: Glaceon\n|-supereffective|p1b: Glaceon\n|-damage|p1b: Glaceon|70\/100 par\n|move|p2b: Rotom|Overheat|p1a: Abomasnow\n|-resisted|p1a: Abomasnow\n|-damage|p1a: Abomasnow|0 fnt\n|-unboost|p2b: Rotom|spa|2\n|faint|p1a: Abomasnow\n|cant|p1b: Glaceon|par\n|\n|-weather|Snow|[upkeep]\n|-heal|p1b: Glaceon|76\/100 par|[from] ability: Ice Body\n|-heal|p1b: Glaceon|82\/100 par|[from] item: Leftovers\n|-sideend|p1: cammmmy|move: Aurora Veil\n|upkeep\n|turn|7\n|\n|t:|1682181607\n|move|p2a: Breloom|Protect|p2a: Breloom\n|-singleturn|p2a: Breloom|Protect\n|move|p2b: Rotom|Nasty Plot|p2b: Rotom\n|-boost|p2b: Rotom|spa|2\n|cant|p1b: Glaceon|par\n|\n|-weather|Snow|[upkeep]\n|-heal|p1b: Glaceon|88\/100 par|[from] ability: Ice Body\n|-heal|p1b: Glaceon|94\/100 par|[from] item: Leftovers\n|upkeep\n|turn|8\n|c|\u2606cammmmy|what is your luck\n|\n|t:|1682181624\n|move|p2a: Breloom|Mach Punch|p1b: Glaceon\n|-supereffective|p1b: Glaceon\n|-damage|p1b: Glaceon|54\/100 par\n|move|p2b: Rotom|Nasty Plot|p2b: Rotom\n|-boost|p2b: Rotom|spa|2\n|cant|p1b: Glaceon|par\n|\n|-weather|none\n|-heal|p1b: Glaceon|60\/100 par|[from] item: Leftovers\n|upkeep\n|turn|9\n|c|\u2606cammmmy|NO WAY\n|c|\u2606MiraidonDeezNut5|unlucky\n|c|\u2606MiraidonDeezNut5|thats the worst ive seen lol\n|inactive|cammmmy has 30 seconds left.\n|c|\u2606cammmmy|you got para first discharge on every single mon and then glaceon has been paraed 4 turns\n|c|\u2606MiraidonDeezNut5|mad\n|inactive|cammmmy has 20 seconds left.\n|c|\u2606cammmmy|thats wild\n|inactive|cammmmy has 15 seconds left.\n|\n|t:|1682181666\n|move|p2a: Breloom|Mach Punch|p1b: Glaceon\n|-supereffective|p1b: Glaceon\n|-damage|p1b: Glaceon|0 fnt\n|faint|p1b: Glaceon\n|\n|win|MiraidonDeezNut5\n|raw|cammmmy's rating: 1293 → 1267<\/strong> (-26 for losing)\n|raw|MiraidonDeezNut5's rating: 1275 → 1301<\/strong> (+26 for winning)\n|c|\u2606MiraidonDeezNut5|ggs\n|c|\u2606cammmmy|i guess lmao\n|c|\u2606cammmmy|gg\n|l|\u2606MiraidonDeezNut5\n","uploadtime":1682181805,"views":11,"p1id":"cammmmy","p2id":"miraidondeeznut5","formatid":"gen9vgc2023regulationc","rating":1267,"private":0,"password":""}