{"id":"gen9vgc2023regulationc-1857409768","p1":"SM0KESgirl","p2":"hit my whip","format":"[Gen 9] VGC 2023 Regulation C","log":"|j|\u2606SM0KESgirl\n|j|\u2606hit my whip\n|t:|1683188553\n|gametype|doubles\n|player|p1|SM0KESgirl|skyla|1286\n|player|p2|hit my whip|acetrainerf-gen4dp|1333\n|teamsize|p1|6\n|teamsize|p2|6\n|gen|9\n|tier|[Gen 9] VGC 2023 Regulation C\n|rated|\n|rule|Species Clause: Limit one of each Pok\u00e9mon\n|rule|Item Clause: Limit one of each item\n|clearpoke\n|poke|p1|Gholdengo, L50|\n|poke|p1|Murkrow, L50, F|\n|poke|p1|Baxcalibur, L50, F|\n|poke|p1|Annihilape, L50, M|\n|poke|p1|Flutter Mane, L50|\n|poke|p1|Amoonguss, L50, M|\n|poke|p2|Jumpluff, L50, F|\n|poke|p2|Torkoal, L50, M|\n|poke|p2|Arcanine, L50, F|\n|poke|p2|Slither Wing, L50|\n|poke|p2|Cyclizar, L50, F|\n|poke|p2|Roaring Moon, L50|\n|teampreview|4\n|inactive|Battle timer is ON: inactive players will automatically lose when time's up. (requested by hit my whip)\n|inactive|SM0KESgirl has 60 seconds left.\n|\n|t:|1683188594\n|start\n|switch|p1a: Murkrow|Murkrow, L50, F|100\/100\n|switch|p1b: Gholdengo|Gholdengo, L50|100\/100\n|switch|p2a: dat boi|Cyclizar, L50, F|100\/100\n|switch|p2b: Jumpluff|Jumpluff, L50, F|100\/100\n|turn|1\n|\n|t:|1683188614\n|move|p1a: Murkrow|Tailwind|p1a: Murkrow\n|-sidestart|p1: SM0KESgirl|move: Tailwind\n|move|p2a: dat boi|Shed Tail|p2a: dat boi\n|-start|p2a: dat boi|Substitute|[from] move: Shed Tail\n|-damage|p2a: dat boi|50\/100\n|\n|t:|1683188617\n|switch|p2a: Torkoal|Torkoal, L50, M|100\/100|[from] Shed Tail\n|-weather|SunnyDay|[from] ability: Drought|[of] p2a: Torkoal\n|move|p2b: Jumpluff|Tailwind|p2b: Jumpluff\n|-sidestart|p2: hit my whip|move: Tailwind\n|move|p1b: Gholdengo|Make It Rain|p2a: Torkoal|[spread] p2a,p2b\n|-resisted|p2a: Torkoal\n|-end|p2a: Torkoal|Substitute\n|-damage|p2b: Jumpluff|20\/100\n|-unboost|p1b: Gholdengo|spa|1\n|\n|-weather|SunnyDay|[upkeep]\n|upkeep\n|turn|2\n|inactive|SM0KESgirl has 30 seconds left.\n|\n|t:|1683188645\n|move|p1a: Murkrow|Thunder Wave|p2b: Jumpluff\n|-status|p2b: Jumpluff|par\n|move|p2b: Jumpluff|Sleep Powder|p1a: Murkrow\n|-status|p1a: Murkrow|slp|[from] move: Sleep Powder\n|move|p1b: Gholdengo|Make It Rain|p2a: Torkoal|[spread] p2a,p2b\n|-resisted|p2a: Torkoal\n|-damage|p2a: Torkoal|63\/100\n|-damage|p2b: Jumpluff|0 fnt\n|-unboost|p1b: Gholdengo|spa|1\n|faint|p2b: Jumpluff\n|move|p2a: Torkoal|Overheat|p1b: Gholdengo\n|-supereffective|p1b: Gholdengo\n|-damage|p1b: Gholdengo|0 fnt\n|-unboost|p2a: Torkoal|spa|2\n|-enditem|p2a: Torkoal|Eject Pack\n|faint|p1b: Gholdengo\n|\n|t:|1683188657\n|switch|p2a: dat boi|Cyclizar, L50, F|83\/100\n|\n|-weather|SunnyDay|[upkeep]\n|upkeep\n|\n|t:|1683188671\n|switch|p2b: roaring mid|Roaring Moon, L50|100\/100\n|switch|p1b: Amoonguss|Amoonguss, L50, M|100\/100\n|-activate|p2b: roaring mid|ability: Protosynthesis\n|-start|p2b: roaring mid|protosynthesisatk\n|turn|3\n|\n|t:|1683188691\n|cant|p1a: Murkrow|slp\n|move|p2a: dat boi|Shed Tail|p2a: dat boi\n|-start|p2a: dat boi|Substitute|[from] move: Shed Tail\n|-damage|p2a: dat boi|33\/100\n|\n|t:|1683188694\n|switch|p2a: Torkoal|Torkoal, L50, M|63\/100|[from] Shed Tail\n|move|p2b: roaring mid|Dragon Dance|p2b: roaring mid\n|-boost|p2b: roaring mid|atk|1\n|-boost|p2b: roaring mid|spe|1\n|move|p1b: Amoonguss|Spore||[still]\n|-fail|p1b: Amoonguss\n|\n|-weather|SunnyDay|[upkeep]\n|upkeep\n|turn|4\n|\n|t:|1683188709\n|switch|p1b: Baxcalibur|Baxcalibur, L50, F|100\/100\n|cant|p1a: Murkrow|slp\n|move|p2b: roaring mid|Breaking Swipe|p1b: Baxcalibur|[spread] p1a,p1b\n|-supereffective|p1b: Baxcalibur\n|-damage|p1a: Murkrow|41\/100 slp\n|-damage|p1b: Baxcalibur|11\/100\n|-unboost|p1a: Murkrow|atk|1\n|-unboost|p1b: Baxcalibur|atk|1\n|move|p2a: Torkoal|Flamethrower|p1b: Baxcalibur\n|-damage|p1b: Baxcalibur|0 fnt\n|faint|p1b: Baxcalibur\n|\n|-weather|SunnyDay|[upkeep]\n|-sideend|p1: SM0KESgirl|move: Tailwind\n|-sideend|p2: hit my whip|move: Tailwind\n|upkeep\n|\n|t:|1683188726\n|switch|p1b: Amoonguss|Amoonguss, L50, M|100\/100\n|turn|5\n|\n|t:|1683188742\n|-terastallize|p2b: roaring mid|Flying\n|-terastallize|p1b: Amoonguss|Water\n|cant|p1a: Murkrow|slp\n|move|p2b: roaring mid|Tera Blast|p1b: Amoonguss\n|-damage|p1b: Amoonguss|20\/100\n|-enditem|p1b: Amoonguss|Sitrus Berry|[eat]\n|-heal|p1b: Amoonguss|45\/100|[from] item: Sitrus Berry\n|move|p1b: Amoonguss|Pollen Puff|p1a: Murkrow\n|-heal|p1a: Murkrow|91\/100 slp\n|move|p2a: Torkoal|Flamethrower|p1a: Murkrow\n|-damage|p1a: Murkrow|24\/100 slp\n|\n|-weather|none\n|-end|p2b: roaring mid|Protosynthesis\n|upkeep\n|turn|6\n|inactive|SM0KESgirl has 30 seconds left.\n|inactive|SM0KESgirl has 20 seconds left.\n|\n|t:|1683188777\n|-curestatus|p1a: Murkrow|slp|[msg]\n|move|p1a: Murkrow|Haze|p1a: Murkrow\n|-clearallboost\n|move|p2b: roaring mid|Breaking Swipe|p1b: Amoonguss|[spread] p1a,p1b\n|-damage|p1a: Murkrow|0 fnt\n|-damage|p1b: Amoonguss|21\/100\n|-unboost|p1b: Amoonguss|atk|1\n|faint|p1a: Murkrow\n|move|p1b: Amoonguss|Pollen Puff|p2a: Torkoal\n|-resisted|p2a: Torkoal\n|-activate|p2a: Torkoal|move: Substitute|[damage]\n|move|p2a: Torkoal|Earth Power|p1b: Amoonguss\n|-damage|p1b: Amoonguss|0 fnt\n|faint|p1b: Amoonguss\n|\n|win|hit my whip\n|raw|SM0KESgirl's rating: 1286 → 1264<\/strong> (-22 for losing)\n|raw|hit my whip's rating: 1333 → 1350<\/strong> (+17 for winning)\n|l|\u2606hit my whip\n","uploadtime":1683188801,"views":14,"p1id":"sm0kesgirl","p2id":"hitmywhip","formatid":"gen9vgc2023regulationc","rating":1264,"private":0,"password":""}