{"id":"gen9vgc2023regulationc-1856483841","p1":"christianfinity","p2":"yokai19","format":"[Gen 9] VGC 2023 Regulation C","log":"|j|\u2606christianfinity\n|j|\u2606yokai19\n|t:|1683066586\n|gametype|doubles\n|player|p1|christianfinity|unknown|1163\n|player|p2|yokai19|102|1148\n|teamsize|p1|6\n|teamsize|p2|6\n|gen|9\n|tier|[Gen 9] VGC 2023 Regulation C\n|rated|\n|rule|Species Clause: Limit one of each Pok\u00e9mon\n|rule|Item Clause: Limit one of each item\n|clearpoke\n|poke|p1|Palafin, L50, F|\n|poke|p1|Amoonguss, L50, M|\n|poke|p1|Arcanine, L50, M|\n|poke|p1|Flutter Mane, L50|\n|poke|p1|Chi-Yu, L50|\n|poke|p1|Pachirisu, L50, M|\n|poke|p2|Flutter Mane, L50|\n|poke|p2|Arcanine, L50, F|\n|poke|p2|Palafin, L50, F|\n|poke|p2|Amoonguss, L50, F|\n|poke|p2|Ting-Lu, L50|\n|poke|p2|Corviknight, L50, M|\n|teampreview|4\n|inactive|Battle timer is ON: inactive players will automatically lose when time's up. (requested by christianfinity)\n|inactive|christianfinity has 60 seconds left.\n|inactive|yokai19 has 60 seconds left.\n|inactive|yokai19 has 30 seconds left.\n|inactive|yokai19 has 20 seconds left.\n|inactive|yokai19 has 15 seconds left.\n|inactive|yokai19 has 10 seconds left.\n|\n|t:|1683066668\n|start\n|switch|p1a: Palafin|Palafin, L50, F|100\/100\n|switch|p1b: Pachirisu|Pachirisu, L50, M|100\/100\n|switch|p2a: Palafin|Palafin, L50, F|100\/100\n|switch|p2b: Ting-Lu|Ting-Lu, L50|100\/100\n|-ability|p2b: Ting-Lu|Vessel of Ruin\n|turn|1\n|inactive|christianfinity has 30 seconds left.\n|inactive|yokai19 has 30 seconds left.\n|\n|t:|1683066701\n|detailschange|p1a: Palafin|Palafin-Hero, L50, F\n|switch|p1a: Flutter Mane|Flutter Mane, L50|100\/100\n|-enditem|p1a: Flutter Mane|Booster Energy\n|-activate|p1a: Flutter Mane|ability: Protosynthesis|[fromitem]\n|-start|p1a: Flutter Mane|protosynthesisspe\n|move|p2a: Palafin|Wave Crash|p1a: Flutter Mane\n|-damage|p1a: Flutter Mane|23\/100\n|-damage|p2a: Palafin|81\/100|[from] Recoil\n|move|p1b: Pachirisu|Nuzzle|p2a: Palafin\n|-supereffective|p2a: Palafin\n|-damage|p2a: Palafin|71\/100\n|-status|p2a: Palafin|par\n|move|p2b: Ting-Lu|Stomping Tantrum|p1b: Pachirisu\n|-supereffective|p1b: Pachirisu\n|-damage|p1b: Pachirisu|43\/100\n|-enditem|p1b: Pachirisu|Sitrus Berry|[eat]\n|-heal|p1b: Pachirisu|68\/100|[from] item: Sitrus Berry\n|\n|upkeep\n|turn|2\n|\n|t:|1683066726\n|move|p1a: Flutter Mane|Protect|p1a: Flutter Mane\n|-singleturn|p1a: Flutter Mane|Protect\n|cant|p2a: Palafin|par\n|move|p1b: Pachirisu|Super Fang|p2b: Ting-Lu\n|-damage|p2b: Ting-Lu|51\/100\n|move|p2b: Ting-Lu|Stomping Tantrum|p1b: Pachirisu\n|-supereffective|p1b: Pachirisu\n|-damage|p1b: Pachirisu|10\/100\n|\n|upkeep\n|turn|3\n|inactive|yokai19 has 30 seconds left.\n|\n|t:|1683066752\n|move|p1b: Pachirisu|Follow Me|p1b: Pachirisu\n|-singleturn|p1b: Pachirisu|move: Follow Me\n|move|p2a: Palafin|Jet Punch|p1b: Pachirisu\n|-damage|p1b: Pachirisu|0 fnt\n|faint|p1b: Pachirisu\n|move|p1a: Flutter Mane|Hex|p2a: Palafin\n|-damage|p2a: Palafin|9\/100 par\n|move|p2b: Ting-Lu|Stomping Tantrum|p1a: Flutter Mane\n|-crit|p1a: Flutter Mane\n|-damage|p1a: Flutter Mane|0 fnt\n|faint|p1a: Flutter Mane\n|-end|p1a: Flutter Mane|Protosynthesis|[silent]\n|\n|upkeep\n|\n|t:|1683066761\n|switch|p1a: Arcanine|Arcanine, L50, M|100\/100\n|switch|p1b: Palafin|Palafin-Hero, L50, F|100\/100\n|-ability|p1a: Arcanine|Intimidate|boost\n|-unboost|p2a: Palafin|atk|1\n|-unboost|p2b: Ting-Lu|atk|1\n|-activate|p1b: Palafin|ability: Zero to Hero\n|turn|4\n|inactive|yokai19 has 30 seconds left.\n|\n|t:|1683066795\n|-terastallize|p1b: Palafin|Water\n|move|p1b: Palafin|Jet Punch|p2b: Ting-Lu\n|-supereffective|p2b: Ting-Lu\n|-damage|p2b: Ting-Lu|0 fnt\n|faint|p2b: Ting-Lu\n|move|p2a: Palafin|Jet Punch|p1a: Arcanine\n|-supereffective|p1a: Arcanine\n|-damage|p1a: Arcanine|67\/100\n|move|p1a: Arcanine|Heat Wave|p2a: Palafin\n|-resisted|p2a: Palafin\n|-damage|p2a: Palafin|0 fnt\n|faint|p2a: Palafin\n|\n|upkeep\n|\n|t:|1683066808\n|switch|p2a: Amoonguss|Amoonguss, L50, F|100\/100\n|switch|p2b: Flutter Mane|Flutter Mane, L50|100\/100\n|-enditem|p2b: Flutter Mane|Booster Energy\n|-activate|p2b: Flutter Mane|ability: Protosynthesis|[fromitem]\n|-start|p2b: Flutter Mane|protosynthesisspa\n|turn|5\n|inactive|yokai19 has 30 seconds left.\n|\n|t:|1683066834\n|-terastallize|p2a: Amoonguss|Water\n|move|p2b: Flutter Mane|Protect|p2b: Flutter Mane\n|-singleturn|p2b: Flutter Mane|Protect\n|move|p1b: Palafin|Protect|p1b: Palafin\n|-singleturn|p1b: Palafin|Protect\n|move|p1a: Arcanine|Heat Wave|p2b: Flutter Mane|[spread] p2a\n|-activate|p2b: Flutter Mane|move: Protect\n|-resisted|p2a: Amoonguss\n|-damage|p2a: Amoonguss|90\/100\n|move|p2a: Amoonguss|Spore|p1b: Palafin\n|-activate|p1b: Palafin|move: Protect\n|\n|upkeep\n|turn|6\n|inactive|christianfinity has 30 seconds left.\n|\n|t:|1683066862\n|move|p2a: Amoonguss|Rage Powder|p2a: Amoonguss\n|-singleturn|p2a: Amoonguss|move: Rage Powder\n|move|p2b: Flutter Mane|Shadow Ball|p1a: Arcanine\n|-damage|p1a: Arcanine|15\/100\n|move|p1a: Arcanine|Will-O-Wisp|p2a: Amoonguss\n|-status|p2a: Amoonguss|brn\n|move|p1b: Palafin|Wave Crash|p2a: Amoonguss\n|-resisted|p2a: Amoonguss\n|-damage|p2a: Amoonguss|37\/100 brn\n|-enditem|p2a: Amoonguss|Sitrus Berry|[eat]\n|-heal|p2a: Amoonguss|62\/100 brn|[from] item: Sitrus Berry\n|-damage|p1b: Palafin|82\/100|[from] Recoil\n|\n|-damage|p2a: Amoonguss|56\/100 brn|[from] brn\n|upkeep\n|turn|7\n|inactive|christianfinity has 30 seconds left.\n|inactive|yokai19 has 30 seconds left.\n|\n|t:|1683066894\n|move|p1a: Arcanine|Protect|p1a: Arcanine\n|-singleturn|p1a: Arcanine|Protect\n|move|p1b: Palafin|Protect|p1b: Palafin\n|-singleturn|p1b: Palafin|Protect\n|move|p2a: Amoonguss|Rage Powder|p2a: Amoonguss\n|-singleturn|p2a: Amoonguss|move: Rage Powder\n|move|p2b: Flutter Mane|Dazzling Gleam|p1b: Palafin|[spread] \n|-activate|p1a: Arcanine|move: Protect\n|-activate|p1b: Palafin|move: Protect\n|\n|-damage|p2a: Amoonguss|50\/100 brn|[from] brn\n|upkeep\n|turn|8\n|\n|t:|1683066910\n|move|p2a: Amoonguss|Rage Powder|p2a: Amoonguss\n|-singleturn|p2a: Amoonguss|move: Rage Powder\n|move|p2b: Flutter Mane|Dazzling Gleam|p1b: Palafin|[spread] p1a,p1b\n|-resisted|p1a: Arcanine\n|-damage|p1a: Arcanine|0 fnt\n|-damage|p1b: Palafin|45\/100\n|faint|p1a: Arcanine\n|move|p1b: Palafin|Wave Crash|p2a: Amoonguss\n|-resisted|p2a: Amoonguss\n|-damage|p2a: Amoonguss|0 fnt\n|faint|p2a: Amoonguss\n|-damage|p1b: Palafin|28\/100|[from] Recoil\n|\n|upkeep\n|turn|9\n|\n|t:|1683066923\n|move|p1b: Palafin|Jet Punch|p2b: Flutter Mane\n|-damage|p2b: Flutter Mane|0 fnt\n|faint|p2b: Flutter Mane\n|-end|p2b: Flutter Mane|Protosynthesis|[silent]\n|\n|win|christianfinity\n|raw|christianfinity's rating: 1163 → 1187<\/strong> (+24 for winning)\n|raw|yokai19's rating: 1148 → 1124<\/strong> (-24 for losing)\n|c|\u2606christianfinity|gg\n|c|\u2606yokai19|gg\n|l|\u2606christianfinity\n","uploadtime":1683066947,"views":4,"p1id":"christianfinity","p2id":"yokai19","formatid":"gen9vgc2023regulationc","rating":1124,"private":0,"password":""}