{"id":"gen9vgc2023regulationc-1849279350","p1":"AzenNate","p2":"Marcomazvgc","format":"[Gen 9] VGC 2023 Regulation C","log":"|j|\u2606AzenNate\n|j|\u2606Marcomazvgc\n|t:|1682181043\n|gametype|doubles\n|player|p1|AzenNate|169|1060\n|player|p2|Marcomazvgc|2|1045\n|teamsize|p1|6\n|teamsize|p2|6\n|gen|9\n|tier|[Gen 9] VGC 2023 Regulation C\n|rated|\n|rule|Species Clause: Limit one of each Pok\u00e9mon\n|rule|Item Clause: Limit one of each item\n|clearpoke\n|poke|p1|Cyclizar, L50, F|\n|poke|p1|Roaring Moon, L50|\n|poke|p1|Palafin, L50, F|\n|poke|p1|Flutter Mane, L50|\n|poke|p1|Arcanine, L50, M|\n|poke|p1|Meowscarada, L50, F|\n|poke|p2|Palafin, L50, M|\n|poke|p2|Flutter Mane, L50|\n|poke|p2|Arcanine, L50, M|\n|poke|p2|Amoonguss, L50, M|\n|poke|p2|Ting-Lu, L50|\n|poke|p2|Roaring Moon, L50|\n|teampreview|4\n|inactive|Battle timer is ON: inactive players will automatically lose when time's up. (requested by Marcomazvgc)\n|inactive|AzenNate has 60 seconds left.\n|\n|t:|1682181087\n|start\n|switch|p1a: Cyclizar|Cyclizar, L50, F|100\/100\n|switch|p1b: Palafin|Palafin, L50, F|100\/100\n|switch|p2a: Palafin|Palafin, L50, M|100\/100\n|switch|p2b: Flutter Mane|Flutter Mane, L50|100\/100\n|turn|1\n|\n|t:|1682181108\n|detailschange|p2a: Palafin|Palafin-Hero, L50, M\n|switch|p2a: Arcanine|Arcanine, L50, M|100\/100\n|-ability|p2a: Arcanine|Intimidate|boost\n|-unboost|p1a: Cyclizar|atk|1\n|-unboost|p1b: Palafin|atk|1\n|-terastallize|p1b: Palafin|Water\n|move|p1a: Cyclizar|Protect|p1a: Cyclizar\n|-singleturn|p1a: Cyclizar|Protect\n|move|p2b: Flutter Mane|Moonblast|p1a: Cyclizar\n|-activate|p1a: Cyclizar|move: Protect\n|move|p1b: Palafin|Wave Crash|p2b: Flutter Mane\n|-damage|p2b: Flutter Mane|11\/100\n|-damage|p1b: Palafin|78\/100|[from] Recoil\n|\n|upkeep\n|turn|2\n|\n|t:|1682181130\n|switch|p1a: Arcanine|Arcanine, L50, M, shiny|100\/100\n|-ability|p1a: Arcanine|Intimidate|boost\n|-unboost|p2a: Arcanine|atk|1\n|-unboost|p2b: Flutter Mane|atk|1\n|switch|p2a: Amoonguss|Amoonguss, L50, M|100\/100\n|move|p1b: Palafin|Jet Punch|p2b: Flutter Mane\n|-damage|p2b: Flutter Mane|0 fnt\n|faint|p2b: Flutter Mane\n|-end|p2b: Flutter Mane|Protosynthesis|[silent]\n|\n|upkeep\n|\n|t:|1682181153\n|switch|p2b: Arcanine|Arcanine, L50, M|100\/100\n|-ability|p2b: Arcanine|Intimidate|boost\n|-unboost|p1a: Arcanine|atk|1\n|-unboost|p1b: Palafin|atk|1\n|turn|3\n|\n|t:|1682181168\n|switch|p2b: Palafin|Palafin-Hero, L50, M|100\/100\n|-activate|p2b: Palafin|ability: Zero to Hero\n|move|p1a: Arcanine|Flare Blitz|p2a: Amoonguss\n|-supereffective|p2a: Amoonguss\n|-damage|p2a: Amoonguss|35\/100\n|-enditem|p2a: Amoonguss|Sitrus Berry|[eat]\n|-heal|p2a: Amoonguss|60\/100|[from] item: Sitrus Berry\n|-damage|p1a: Arcanine|73\/100|[from] Recoil\n|move|p1b: Palafin|Wave Crash|p2b: Palafin\n|-resisted|p2b: Palafin\n|-damage|p2b: Palafin|84\/100\n|-damage|p1b: Palafin|72\/100|[from] Recoil\n|move|p2a: Amoonguss|Spore|p1b: Palafin\n|-status|p1b: Palafin|slp|[from] move: Spore\n|\n|upkeep\n|turn|4\n|inactive|Marcomazvgc has 30 seconds left.\n|\n|t:|1682181195\n|detailschange|p1b: Palafin|Palafin-Hero, L50, F, tera:Water\n|switch|p1b: Meowscarada|Meowscarada, L50, F|100\/100\n|-terastallize|p2b: Palafin|Water\n|move|p1a: Arcanine|Protect|p1a: Arcanine\n|-singleturn|p1a: Arcanine|Protect\n|move|p2b: Palafin|Jet Punch|p1a: Arcanine\n|-activate|p1a: Arcanine|move: Protect\n|move|p2a: Amoonguss|Pollen Puff|p2b: Palafin\n|-heal|p2b: Palafin|100\/100\n|\n|upkeep\n|turn|5\n|inactive|Marcomazvgc has 30 seconds left.\n|\n|t:|1682181222\n|switch|p1a: Cyclizar|Cyclizar, L50, F|100\/100\n|switch|p2b: Arcanine|Arcanine, L50, M|100\/100\n|-ability|p2b: Arcanine|Intimidate|boost\n|-unboost|p1a: Cyclizar|atk|1\n|-unboost|p1b: Meowscarada|atk|1\n|move|p1b: Meowscarada|Flower Trick|p2b: Arcanine\n|-resisted|p2b: Arcanine\n|-crit|p2b: Arcanine\n|-damage|p2b: Arcanine|73\/100\n|move|p2a: Amoonguss|Spore|p1a: Cyclizar\n|-status|p1a: Cyclizar|slp|[from] move: Spore\n|\n|upkeep\n|turn|6\n|\n|t:|1682181246\n|switch|p1b: Arcanine|Arcanine, L50, M, shiny|73\/100\n|-ability|p1b: Arcanine|Intimidate|boost\n|-unboost|p2a: Amoonguss|atk|1\n|-unboost|p2b: Arcanine|atk|1\n|cant|p1a: Cyclizar|slp\n|move|p2b: Arcanine|Flare Blitz|p1b: Arcanine\n|-resisted|p1b: Arcanine\n|-damage|p1b: Arcanine|53\/100\n|-damage|p2b: Arcanine|67\/100|[from] Recoil\n|move|p2a: Amoonguss|Pollen Puff|p2b: Arcanine\n|-heal|p2b: Arcanine|100\/100\n|\n|upkeep\n|turn|7\n|\n|t:|1682181268\n|switch|p2b: Palafin|Palafin-Hero, L50, M, tera:Water|100\/100\n|cant|p1a: Cyclizar|slp\n|move|p1b: Arcanine|Flare Blitz|p2a: Amoonguss\n|-supereffective|p2a: Amoonguss\n|-damage|p2a: Amoonguss|0 fnt\n|faint|p2a: Amoonguss\n|-damage|p1b: Arcanine|28\/100|[from] Recoil\n|\n|upkeep\n|\n|t:|1682181279\n|switch|p2a: Arcanine|Arcanine, L50, M|100\/100\n|-ability|p2a: Arcanine|Intimidate|boost\n|-unboost|p1a: Cyclizar|atk|1\n|-unboost|p1b: Arcanine|atk|1\n|turn|8\n|inactive|Marcomazvgc has 30 seconds left.\n|\n|t:|1682181304\n|switch|p1b: Meowscarada|Meowscarada, L50, F|100\/100\n|cant|p1a: Cyclizar|slp\n|move|p2a: Arcanine|Flare Blitz|p1a: Cyclizar\n|-resisted|p1a: Cyclizar\n|-damage|p1a: Cyclizar|67\/100 slp\n|-damage|p2a: Arcanine|89\/100|[from] Recoil\n|move|p2b: Palafin|Wave Crash|p1b: Meowscarada\n|-resisted|p1b: Meowscarada\n|-enditem|p1b: Meowscarada|Focus Sash\n|-damage|p1b: Meowscarada|1\/100\n|-damage|p2b: Palafin|76\/100|[from] Recoil\n|\n|upkeep\n|turn|9\n|\n|t:|1682181328\n|move|p1b: Meowscarada|Sucker Punch|p2b: Palafin\n|-damage|p2b: Palafin|50\/100\n|move|p2b: Palafin|Jet Punch|p1b: Meowscarada\n|-resisted|p1b: Meowscarada\n|-damage|p1b: Meowscarada|0 fnt\n|faint|p1b: Meowscarada\n|-curestatus|p1a: Cyclizar|slp|[msg]\n|move|p1a: Cyclizar|Shed Tail|p1a: Cyclizar\n|-start|p1a: Cyclizar|Substitute|[from] move: Shed Tail\n|-damage|p1a: Cyclizar|16\/100\n|-enditem|p1a: Cyclizar|Sitrus Berry|[eat]\n|-heal|p1a: Cyclizar|41\/100|[from] item: Sitrus Berry\n|\n|t:|1682181339\n|switch|p1a: Palafin|Palafin-Hero, L50, F, tera:Water|72\/100 slp|[from] Shed Tail\n|-activate|p1a: Palafin|ability: Zero to Hero\n|move|p2a: Arcanine|Will-O-Wisp||[still]\n|-fail|p2a: Arcanine\n|\n|upkeep\n|\n|t:|1682181346\n|switch|p1b: Arcanine|Arcanine, L50, M, shiny|28\/100\n|-ability|p1b: Arcanine|Intimidate|boost\n|-unboost|p2a: Arcanine|atk|1\n|-unboost|p2b: Palafin|atk|1\n|turn|10\n|inactive|Marcomazvgc has 30 seconds left.\n|\n|t:|1682181375\n|switch|p1b: Cyclizar|Cyclizar, L50, F|75\/100\n|move|p2b: Palafin|Jet Punch|p1b: Cyclizar\n|-resisted|p1b: Cyclizar\n|-damage|p1b: Cyclizar|41\/100\n|move|p2a: Arcanine|Will-O-Wisp||[still]\n|-fail|p2a: Arcanine\n|cant|p1a: Palafin|slp\n|\n|upkeep\n|turn|11\n|\n|t:|1682181392\n|move|p1b: Cyclizar|Protect|p1b: Cyclizar\n|-singleturn|p1b: Cyclizar|Protect\n|move|p2a: Arcanine|Flare Blitz|p1a: Palafin\n|-resisted|p1a: Palafin\n|-activate|p1a: Palafin|move: Substitute|[damage]\n|-damage|p2a: Arcanine|84\/100|[from] Recoil|[of] p1a: Palafin\n|cant|p1a: Palafin|slp\n|move|p2b: Palafin|Wave Crash|p1a: Palafin\n|-resisted|p1a: Palafin\n|-end|p1a: Palafin|Substitute\n|-damage|p2b: Palafin|47\/100|[from] Recoil|[of] p1a: Palafin\n|\n|upkeep\n|turn|12\n|\n|t:|1682181414\n|switch|p1b: Arcanine|Arcanine, L50, M, shiny|28\/100\n|-ability|p1b: Arcanine|Intimidate|boost\n|-unboost|p2a: Arcanine|atk|1\n|-unboost|p2b: Palafin|atk|1\n|move|p2a: Arcanine|Will-O-Wisp||[still]\n|-fail|p2a: Arcanine\n|-curestatus|p1a: Palafin|slp|[msg]\n|move|p1a: Palafin|Wave Crash|p2b: Palafin\n|-resisted|p2b: Palafin\n|-damage|p2b: Palafin|0 fnt\n|faint|p2b: Palafin\n|-damage|p1a: Palafin|57\/100|[from] Recoil\n|\n|upkeep\n|turn|13\n|l|\u2606Marcomazvgc\n|inactive|Marcomazvgc disconnected and has a minute to reconnect!\n|player|p2|\n|inactive|Marcomazvgc has 30 seconds left.\n|inactive|AzenNate has 30 seconds left.\n|inactive|Marcomazvgc has 20 seconds left.\n|inactive|Marcomazvgc has 15 seconds left.\n|inactive|Marcomazvgc has 10 seconds left.\n|inactive|Marcomazvgc has 5 seconds left.\n|-message|Marcomazvgc lost due to inactivity.\n|\n|win|AzenNate\n|raw|AzenNate's rating: 1060 → 1090<\/strong> (+30 for winning)\n|raw|Marcomazvgc's rating: 1045 → 1029<\/strong> (-16 for losing)\n","uploadtime":1682181771,"views":4,"p1id":"azennate","p2id":"marcomazvgc","formatid":"gen9vgc2023regulationc","rating":1029,"private":0,"password":""}