{"id":"gen9vgc2023regulationc-1855518901","p1":"Camitest","p2":"iamboogiecousins","format":"[Gen 9] VGC 2023 Regulation C","log":"|j|\u2606Camitest\n|j|\u2606iamboogiecousins\n|t:|1682958601\n|gametype|doubles\n|player|p1|Camitest|gladion|\n|player|p2|iamboogiecousins|tate|\n|teamsize|p1|6\n|teamsize|p2|6\n|gen|9\n|tier|[Gen 9] VGC 2023 Regulation C\n|rated|Tournament battle\n|rule|Species Clause: Limit one of each Pok\u00e9mon\n|rule|Item Clause: Limit one of each item\n|clearpoke\n|poke|p1|Ting-Lu, L50|\n|poke|p1|Baxcalibur, L50, F|\n|poke|p1|Arcanine, L50, M|\n|poke|p1|Amoonguss, L50, M|\n|poke|p1|Palafin, L50, M|\n|poke|p1|Flutter Mane, L50|\n|poke|p2|Gholdengo, L50|\n|poke|p2|Maushold, L50|\n|poke|p2|Great Tusk, L50|\n|poke|p2|Iron Bundle, L50|\n|poke|p2|Talonflame, L50, F|\n|poke|p2|Baxcalibur, L50, M|\n|teampreview|4\n|raw| Open Team Sheet for Camitest<\/summary>Ting-Lu @ Assault Vest Ability: Vessel of Ruin Level: 50 Tera Type: Water - Stomping Tantrum - Heavy Slam - Ruination - Rock Slide Baxcalibur (F) @ Clear Amulet Ability: Thermal Exchange Level: 50 Tera Type: Poison - Glaive Rush - Icicle Crash - Ice Shard - Protect Arcanine (M) @ Safety Goggles Ability: Intimidate Level: 50 Tera Type: Water - Flare Blitz - Extreme Speed - Will-O-Wisp - Protect Amoonguss (M) @ Sitrus Berry Ability: Regenerator Level: 50 Tera Type: Water - Pollen Puff - Clear Smog - Rage Powder - Spore Palafin (M) @ Mystic Water Ability: Zero to Hero Level: 50 Shiny: Yes Tera Type: Water - Jet Punch - Wave Crash - Substitute - Protect Flutter Mane @ Choice Specs Ability: Protosynthesis Level: 50 Tera Type: Fairy - Shadow Ball - Dazzling Gleam - Thunderbolt - Moonblast <\/details><\/div> Open Team Sheet for iamboogiecousins<\/summary>Gholdengo @ Metal Coat Ability: Good as Gold Level: 50 Tera Type: Water - Make It Rain - Shadow Ball - Nasty Plot - Protect Maushold @ Safety Goggles Ability: Friend Guard Level: 50 Tera Type: Ghost - Super Fang - Follow Me - Baby-Doll Eyes - Protect Great Tusk @ Life Orb Ability: Protosynthesis Level: 50 Hidden Power: Fighting Tera Type: Ground - Headlong Rush - Close Combat - Earthquake - Protect Iron Bundle @ Booster Energy Ability: Quark Drive Level: 50 Tera Type: Grass - Hydro Pump - Freeze-Dry - Icy Wind - Protect Talonflame @ Passho Berry Ability: Gale Wings Level: 50 Tera Type: Ghost - Brave Bird - Tailwind - Will-O-Wisp - Flame Charge Baxcalibur @ Assault Vest Ability: Thermal Exchange Level: 50 Tera Type: Poison - Glaive Rush - Ice Shard - Icicle Crash - Earthquake <\/details><\/div>\n|inactive|Battle timer is ON: inactive players will automatically lose when time's up. (requested by Camitest)\n|j| Amazingcatman87\n|c|\u2606Camitest|glhf\n|c|\u2606iamboogiecousins|you too\n|l| Amazingcatman87\n|\n|t:|1682958706\n|start\n|switch|p1a: Flutter Mane|Flutter Mane, L50|100\/100\n|switch|p1b: Palafin|Palafin, L50, M, shiny|100\/100\n|switch|p2a: Maushold|Maushold, L50|100\/100\n|switch|p2b: Gholdengo|Gholdengo, L50|100\/100\n|turn|1\n|inactive|iamboogiecousins has 30 seconds left.\n|\n|t:|1682958731\n|detailschange|p1b: Palafin|Palafin-Hero, L50, M, shiny\n|switch|p1b: Ting-Lu|Ting-Lu, L50|100\/100\n|-ability|p1b: Ting-Lu|Vessel of Ruin\n|-terastallize|p2b: Gholdengo|Water\n|move|p1a: Flutter Mane|Moonblast|p2a: Maushold\n|-damage|p2a: Maushold|49\/100\n|move|p2a: Maushold|Super Fang|p1b: Ting-Lu\n|-damage|p1b: Ting-Lu|50\/100\n|move|p2b: Gholdengo|Nasty Plot|p2b: Gholdengo\n|-boost|p2b: Gholdengo|spa|2\n|\n|upkeep\n|turn|2\n|\n|t:|1682958752\n|-end|p1a: Flutter Mane|Protosynthesis|[silent]\n|switch|p1a: Arcanine|Arcanine, L50, M|100\/100\n|-ability|p1a: Arcanine|Intimidate|boost\n|-unboost|p2a: Maushold|atk|1\n|-unboost|p2b: Gholdengo|atk|1\n|move|p2a: Maushold|Super Fang|p1a: Arcanine\n|-damage|p1a: Arcanine|51\/100\n|move|p2b: Gholdengo|Make It Rain|p1b: Ting-Lu|[spread] p1a,p1b\n|-resisted|p1a: Arcanine\n|-crit|p1a: Arcanine\n|-damage|p1a: Arcanine|0 fnt\n|-damage|p1b: Ting-Lu|10\/100\n|-unboost|p2b: Gholdengo|spa|1\n|faint|p1a: Arcanine\n|move|p1b: Ting-Lu|Ruination|p2b: Gholdengo\n|-damage|p2b: Gholdengo|51\/100\n|\n|upkeep\n|\n|t:|1682958767\n|switch|p1a: Palafin|Palafin-Hero, L50, M, shiny|100\/100\n|-activate|p1a: Palafin|ability: Zero to Hero\n|turn|3\n|\n|t:|1682958775\n|move|p1a: Palafin|Protect|p1a: Palafin\n|-singleturn|p1a: Palafin|Protect\n|move|p2a: Maushold|Baby-Doll Eyes|p1a: Palafin\n|-activate|p1a: Palafin|move: Protect\n|move|p2b: Gholdengo|Make It Rain|p1a: Palafin|[spread] p1b\n|-activate|p1a: Palafin|move: Protect\n|-damage|p1b: Ting-Lu|0 fnt\n|-unboost|p2b: Gholdengo|spa|1\n|faint|p1b: Ting-Lu\n|\n|upkeep\n|\n|t:|1682958780\n|switch|p1b: Flutter Mane|Flutter Mane, L50|100\/100\n|turn|4\n|\n|t:|1682958797\n|-terastallize|p1b: Flutter Mane|Fairy\n|move|p2a: Maushold|Baby-Doll Eyes|p1a: Palafin\n|-unboost|p1a: Palafin|atk|1\n|move|p1a: Palafin|Jet Punch|p2a: Maushold\n|-damage|p2a: Maushold|14\/100\n|move|p1b: Flutter Mane|Moonblast|p2b: Gholdengo\n|-damage|p2b: Gholdengo|0 fnt\n|faint|p2b: Gholdengo\n|\n|upkeep\n|\n|t:|1682958805\n|switch|p2b: Great Tusk|Great Tusk, L50|100\/100\n|turn|5\n|\n|t:|1682958820\n|move|p2b: Great Tusk|Protect|p2b: Great Tusk\n|-singleturn|p2b: Great Tusk|Protect\n|move|p2a: Maushold|Baby-Doll Eyes|p1a: Palafin\n|-unboost|p1a: Palafin|atk|1\n|move|p1a: Palafin|Jet Punch|p2a: Maushold\n|-damage|p2a: Maushold|0 fnt\n|faint|p2a: Maushold\n|move|p1b: Flutter Mane|Moonblast|p2b: Great Tusk\n|-activate|p2b: Great Tusk|move: Protect\n|\n|upkeep\n|\n|t:|1682958823\n|switch|p2a: Iron Bundle|Iron Bundle, L50|100\/100\n|-enditem|p2a: Iron Bundle|Booster Energy\n|-activate|p2a: Iron Bundle|ability: Quark Drive|[fromitem]\n|-start|p2a: Iron Bundle|quarkdrivespe\n|turn|6\n|\n|t:|1682958836\n|move|p2a: Iron Bundle|Icy Wind|p1a: Palafin|[spread] p1a,p1b\n|-resisted|p1a: Palafin\n|-damage|p1a: Palafin|90\/100\n|-damage|p1b: Flutter Mane|83\/100\n|-unboost|p1a: Palafin|spe|1\n|-unboost|p1b: Flutter Mane|spe|1\n|move|p2b: Great Tusk|Headlong Rush|p1b: Flutter Mane\n|-damage|p1b: Flutter Mane|0 fnt\n|-unboost|p2b: Great Tusk|def|1\n|-unboost|p2b: Great Tusk|spd|1\n|faint|p1b: Flutter Mane\n|-end|p1b: Flutter Mane|Protosynthesis|[silent]\n|-damage|p2b: Great Tusk|91\/100|[from] item: Life Orb\n|move|p1a: Palafin|Wave Crash|p2b: Great Tusk\n|-supereffective|p2b: Great Tusk\n|-damage|p2b: Great Tusk|0 fnt\n|faint|p2b: Great Tusk\n|-end|p2b: Great Tusk|Protosynthesis|[silent]\n|-damage|p1a: Palafin|63\/100|[from] Recoil\n|\n|upkeep\n|turn|7\n|\n|t:|1682958844\n|move|p2a: Iron Bundle|Freeze-Dry|p1a: Palafin\n|-supereffective|p1a: Palafin\n|-damage|p1a: Palafin|0 fnt\n|faint|p1a: Palafin\n|\n|win|iamboogiecousins\n|n|\u2606Camitest|camitest\n|n|\u2606iamboogiecousins|iamboogiecousins\n|c|\u2606iamboogiecousins|gg\n","uploadtime":1682958850,"views":22,"p1id":"camitest","p2id":"iamboogiecousins","formatid":"gen9vgc2023regulationc","rating":0,"private":0,"password":""}