{"id":"gen9vgc2023regulationc-1847473534","p1":"wtfibes","p2":"dunsparcedingo","format":"[Gen 9] VGC 2023 Regulation C","log":"|j|\u2606wtfibes\n|j|\u2606dunsparcedingo\n|t:|1681959494\n|gametype|doubles\n|player|p1|wtfibes|volkner|1116\n|player|p2|dunsparcedingo|zinnia|1174\n|teamsize|p1|6\n|teamsize|p2|6\n|gen|9\n|tier|[Gen 9] VGC 2023 Regulation C\n|rated|\n|rule|Species Clause: Limit one of each Pok\u00e9mon\n|rule|Item Clause: Limit one of each item\n|clearpoke\n|poke|p1|Dragonite, L50, F|\n|poke|p1|Chien-Pao, L50|\n|poke|p1|Maushold, L50|\n|poke|p1|Flutter Mane, L50|\n|poke|p1|Gyarados, L50, F|\n|poke|p1|Iron Hands, L50|\n|poke|p2|Torkoal, L50, M|\n|poke|p2|Jumpluff, L50, M|\n|poke|p2|Chi-Yu, L50|\n|poke|p2|Flutter Mane, L50|\n|poke|p2|Iron Bundle, L50|\n|poke|p2|Slither Wing, L50|\n|teampreview|4\ndunsparcedingo has agreed to open team sheets.\nwtfibes has agreed to open team sheets.\n|\n|t:|1681959568\n|start\n|switch|p1a: Dragonite|Dragonite, L50, F|100\/100\n|switch|p1b: Maushold|Maushold, L50|100\/100\n|switch|p2a: Slither Wing|Slither Wing, L50|100\/100\n|switch|p2b: Torkoal|Torkoal, L50, M|100\/100\n|-weather|SunnyDay|[from] ability: Drought|[of] p2b: Torkoal\n|-activate|p2a: Slither Wing|ability: Protosynthesis\n|-start|p2a: Slither Wing|protosynthesisatk\n|turn|1\n|\n|t:|1681959600\n|move|p1b: Maushold|Charm|p2a: Slither Wing\n|-unboost|p2a: Slither Wing|atk|2\n|move|p2a: Slither Wing|Close Combat|p1b: Maushold\n|-supereffective|p1b: Maushold\n|-damage|p1b: Maushold|4\/100\n|-unboost|p2a: Slither Wing|def|1\n|-unboost|p2a: Slither Wing|spd|1\n|-damage|p2a: Slither Wing|91\/100|[from] item: Life Orb\n|move|p1a: Dragonite|Dragon Dance|p1a: Dragonite\n|-boost|p1a: Dragonite|atk|1\n|-boost|p1a: Dragonite|spe|1\n|move|p2b: Torkoal|Will-O-Wisp|p1a: Dragonite\n|-status|p1a: Dragonite|brn\n|\n|-weather|SunnyDay|[upkeep]\n|-damage|p1a: Dragonite|94\/100 brn|[from] brn\n|upkeep\n|turn|2\n|inactive|Battle timer is ON: inactive players will automatically lose when time's up. (requested by wtfibes)\n|\n|t:|1681959642\n|-end|p2a: Slither Wing|Protosynthesis|[silent]\n|switch|p2a: Jumpluff|Jumpluff, L50, M|100\/100\n|switch|p2b: Flutter Mane|Flutter Mane, L50|100\/100\n|-activate|p2b: Flutter Mane|ability: Protosynthesis\n|-start|p2b: Flutter Mane|protosynthesisspe\n|move|p1b: Maushold|Protect|p1b: Maushold\n|-singleturn|p1b: Maushold|Protect\n|move|p1a: Dragonite|Dragon Dance|p1a: Dragonite\n|-boost|p1a: Dragonite|atk|1\n|-boost|p1a: Dragonite|spe|1\n|\n|-weather|SunnyDay|[upkeep]\n|-damage|p1a: Dragonite|88\/100 brn|[from] brn\n|upkeep\n|turn|3\n|inactive|wtfibes has 30 seconds left.\n|\n|t:|1681959667\n|move|p1b: Maushold|Follow Me|p1b: Maushold\n|-singleturn|p1b: Maushold|move: Follow Me\n|move|p2a: Jumpluff|Tailwind|p2a: Jumpluff\n|-sidestart|p2: dunsparcedingo|move: Tailwind\n|move|p2b: Flutter Mane|Dazzling Gleam|p1b: Maushold|[spread] p1a,p1b\n|-supereffective|p1a: Dragonite\n|-damage|p1a: Dragonite|20\/100 brn\n|-damage|p1b: Maushold|0 fnt\n|faint|p1b: Maushold\n|move|p1a: Dragonite|Dragon Claw|p2a: Jumpluff\n|-damage|p2a: Jumpluff|44\/100\n|\n|-weather|SunnyDay|[upkeep]\n|-damage|p1a: Dragonite|14\/100 brn|[from] brn\n|upkeep\n|\n|t:|1681959686\n|switch|p1b: Twice|Flutter Mane, L50|100\/100\n|-activate|p1b: Twice|ability: Protosynthesis\n|-start|p1b: Twice|protosynthesisspa\n|turn|4\n|\n|t:|1681959697\n|move|p1a: Dragonite|Extreme Speed|p2a: Jumpluff\n|-damage|p2a: Jumpluff|0 fnt\n|faint|p2a: Jumpluff\n|move|p2b: Flutter Mane|Dazzling Gleam|p1a: Dragonite|[spread] p1a,p1b\n|-supereffective|p1a: Dragonite\n|-damage|p1a: Dragonite|0 fnt\n|-damage|p1b: Twice|49\/100\n|faint|p1a: Dragonite\n|move|p1b: Twice|Shadow Ball|p2b: Flutter Mane\n|-supereffective|p2b: Flutter Mane\n|-damage|p2b: Flutter Mane|0 fnt\n|faint|p2b: Flutter Mane\n|-end|p2b: Flutter Mane|Protosynthesis|[silent]\n|\n|-weather|SunnyDay|[upkeep]\n|upkeep\n|\n|t:|1681959710\n|switch|p2b: Torkoal|Torkoal, L50, M|100\/100\n|switch|p2a: Slither Wing|Slither Wing, L50|91\/100\n|switch|p1a: Master P|Chien-Pao, L50|100\/100\n|-activate|p2a: Slither Wing|ability: Protosynthesis\n|-start|p2a: Slither Wing|protosynthesisatk\n|-ability|p1a: Master P|Sword of Ruin\n|turn|5\n|\n|t:|1681959724\n|move|p1a: Master P|Protect|p1a: Master P\n|-singleturn|p1a: Master P|Protect\n|move|p2b: Torkoal|Protect|p2b: Torkoal\n|-singleturn|p2b: Torkoal|Protect\n|move|p2a: Slither Wing|Earthquake|p1a: Master P|[spread] p1b\n|-activate|p2b: Torkoal|move: Protect\n|-activate|p1a: Master P|move: Protect\n|-damage|p1b: Twice|0 fnt\n|faint|p1b: Twice\n|-end|p1b: Twice|Protosynthesis|[silent]\n|-damage|p2a: Slither Wing|81\/100|[from] item: Life Orb\n|\n|-weather|none\n|-end|p2a: Slither Wing|Protosynthesis\n|upkeep\n|turn|6\n|\n|t:|1681959739\n|-terastallize|p1a: Master P|Dark\n|move|p1a: Master P|Sucker Punch|p2b: Torkoal\n|-damage|p2b: Torkoal|54\/100\n|move|p2a: Slither Wing|Close Combat|p1a: Master P\n|-supereffective|p1a: Master P\n|-enditem|p1a: Master P|Focus Sash\n|-damage|p1a: Master P|1\/100\n|-unboost|p2a: Slither Wing|def|1\n|-unboost|p2a: Slither Wing|spd|1\n|-damage|p2a: Slither Wing|71\/100|[from] item: Life Orb\n|move|p2b: Torkoal|Overheat|p1a: Master P\n|-damage|p1a: Master P|0 fnt\n|-unboost|p2b: Torkoal|spa|2\n|faint|p1a: Master P\n|\n|win|dunsparcedingo\n|raw|wtfibes's rating: 1116 → 1095<\/strong> (-21 for losing)\n|raw|dunsparcedingo's rating: 1174 → 1195<\/strong> (+21 for winning)\n|l|\u2606wtfibes\n","uploadtime":1681959754,"views":11,"p1id":"wtfibes","p2id":"dunsparcedingo","formatid":"gen9vgc2023regulationc","rating":1095,"private":0,"password":""}