{"id":"gen9vgc2023regulationc-1858595156","p1":"Releaseme0000","p2":"Mike_Lindsay","format":"[Gen 9] VGC 2023 Regulation C","log":"|j|\u2606Releaseme0000\n|j|\u2606Mike_Lindsay\n|t:|1683329859\n|gametype|doubles\n|player|p1|Releaseme0000|170|1170\n|player|p2|Mike_Lindsay|265|1162\n|teamsize|p1|6\n|teamsize|p2|6\n|gen|9\n|tier|[Gen 9] VGC 2023 Regulation C\n|rated|\n|rule|Species Clause: Limit one of each Pok\u00e9mon\n|rule|Item Clause: Limit one of each item\n|clearpoke\n|poke|p1|Lilligant, L50, F|\n|poke|p1|Torkoal, L50, M|\n|poke|p1|Chi-Yu, L50|\n|poke|p1|Annihilape, L50, M|\n|poke|p1|Flutter Mane, L50|\n|poke|p1|Iron Bundle, L50|\n|poke|p2|Palafin, L50, F|\n|poke|p2|Flutter Mane, L50|\n|poke|p2|Arcanine, L50, M|\n|poke|p2|Ting-Lu, L50|\n|poke|p2|Amoonguss, L50, F|\n|poke|p2|Kingambit, L50, M|\n|teampreview|4\n|\n|t:|1683329907\n|start\n|switch|p1a: Annihilape|Annihilape, L50, M|100\/100\n|switch|p1b: Flutter Mane|Flutter Mane, L50|100\/100\n|switch|p2a: Ting-Lu|Ting-Lu, L50|100\/100\n|switch|p2b: Arcanine|Arcanine, L50, M|100\/100\n|-ability|p2b: Arcanine|Intimidate|boost\n|-unboost|p1a: Annihilape|atk|1\n|-ability|p1a: Annihilape|Defiant|boost\n|-boost|p1a: Annihilape|atk|2\n|-enditem|p1a: Annihilape|Adrenaline Orb\n|-boost|p1a: Annihilape|spe|1|[from] item: Adrenaline Orb\n|-unboost|p1b: Flutter Mane|atk|1\n|-ability|p2a: Ting-Lu|Vessel of Ruin\n|turn|1\n|inactive|Battle timer is ON: inactive players will automatically lose when time's up. (requested by Mike_Lindsay)\n|inactive|Releaseme0000 has 60 seconds left.\n|\n|t:|1683329940\n|-terastallize|p1a: Annihilape|Fire\n|-terastallize|p2a: Ting-Lu|Grass\n|move|p1a: Annihilape|Close Combat|p2a: Ting-Lu\n|-damage|p2a: Ting-Lu|54\/100\n|-unboost|p1a: Annihilape|def|1\n|-unboost|p1a: Annihilape|spd|1\n|move|p1b: Flutter Mane|Moonblast|p2a: Ting-Lu\n|-damage|p2a: Ting-Lu|26\/100\n|move|p2b: Arcanine|Will-O-Wisp|p1a: Annihilape|[miss]\n|-miss|p2b: Arcanine|p1a: Annihilape\n|move|p2a: Ting-Lu|Heavy Slam|p1b: Flutter Mane\n|-supereffective|p1b: Flutter Mane\n|-damage|p1b: Flutter Mane|0 fnt\n|faint|p1b: Flutter Mane\n|-end|p1b: Flutter Mane|Protosynthesis|[silent]\n|\n|upkeep\n|\n|t:|1683329958\n|switch|p1b: Chi-Yu|Chi-Yu, L50|100\/100\n|-ability|p1b: Chi-Yu|Beads of Ruin\n|turn|2\n|\n|t:|1683329970\n|switch|p2a: Palafin|Palafin, L50, F|100\/100\n|move|p1a: Annihilape|Protect|p1a: Annihilape\n|-singleturn|p1a: Annihilape|Protect\n|move|p2b: Arcanine|Extreme Speed|p1a: Annihilape\n|-activate|p1a: Annihilape|move: Protect\n|move|p1b: Chi-Yu|Dark Pulse|p2b: Arcanine\n|-damage|p2b: Arcanine|38\/100\n|\n|upkeep\n|turn|3\n|\n|t:|1683329988\n|switch|p2b: Ting-Lu|Ting-Lu, L50, tera:Grass|26\/100\n|-ability|p2b: Ting-Lu|Vessel of Ruin\n|move|p1a: Annihilape|Close Combat|p2a: Palafin\n|-damage|p2a: Palafin|9\/100\n|-unboost|p1a: Annihilape|def|1\n|-unboost|p1a: Annihilape|spd|1\n|move|p1b: Chi-Yu|Dark Pulse|p2b: Ting-Lu\n|-damage|p2b: Ting-Lu|5\/100\n|move|p2a: Palafin|Haze|p2a: Palafin\n|-clearallboost\n|\n|upkeep\n|turn|4\n|inactive|Mike_Lindsay has 30 seconds left.\n|inactive|Releaseme0000 has 30 seconds left.\n|\n|t:|1683330021\n|move|p2a: Palafin|Protect|p2a: Palafin\n|-singleturn|p2a: Palafin|Protect\n|move|p1b: Chi-Yu|Dark Pulse|p2a: Palafin\n|-activate|p2a: Palafin|move: Protect\n|move|p1a: Annihilape|Rage Fist|p2b: Ting-Lu\n|-damage|p2b: Ting-Lu|0 fnt\n|faint|p2b: Ting-Lu\n|\n|upkeep\n|\n|t:|1683330030\n|switch|p2b: Flutter Mane|Flutter Mane, L50|100\/100\n|-enditem|p2b: Flutter Mane|Booster Energy\n|-activate|p2b: Flutter Mane|ability: Protosynthesis|[fromitem]\n|-start|p2b: Flutter Mane|protosynthesisspa\n|turn|5\n|inactive|Releaseme0000 has 30 seconds left.\n|inactive|Mike_Lindsay has 30 seconds left.\n|\n|t:|1683330059\n|move|p2a: Palafin|Jet Punch|p1a: Annihilape\n|-supereffective|p1a: Annihilape\n|-damage|p1a: Annihilape|41\/100\n|move|p2b: Flutter Mane|Dazzling Gleam|p1a: Annihilape|[spread] p1a,p1b\n|-resisted|p1a: Annihilape\n|-damage|p1a: Annihilape|14\/100\n|-damage|p1b: Chi-Yu|56\/100\n|move|p1b: Chi-Yu|Overheat|p2b: Flutter Mane|[miss]\n|-miss|p1b: Chi-Yu|p2b: Flutter Mane\n|move|p1a: Annihilape|Close Combat|p2a: Palafin\n|-damage|p2a: Palafin|0 fnt\n|-unboost|p1a: Annihilape|def|1\n|-unboost|p1a: Annihilape|spd|1\n|faint|p2a: Palafin\n|\n|upkeep\n|\n|t:|1683330071\n|switch|p2a: Arcanine|Arcanine, L50, M|38\/100\n|-ability|p2a: Arcanine|Intimidate|boost\n|-unboost|p1a: Annihilape|atk|1\n|-ability|p1a: Annihilape|Defiant|boost\n|-boost|p1a: Annihilape|atk|2\n|-unboost|p1b: Chi-Yu|atk|1\n|turn|6\n|\n|t:|1683330095\n|move|p1b: Chi-Yu|Protect|p1b: Chi-Yu\n|-singleturn|p1b: Chi-Yu|Protect\n|move|p2a: Arcanine|Extreme Speed|p1a: Annihilape\n|-damage|p1a: Annihilape|0 fnt\n|faint|p1a: Annihilape\n|move|p2b: Flutter Mane|Moonblast|p1b: Chi-Yu\n|-activate|p1b: Chi-Yu|move: Protect\n|\n|upkeep\n|\n|t:|1683330104\n|switch|p1a: Torkoal|Torkoal, L50, M|100\/100\n|-weather|SunnyDay|[from] ability: Drought|[of] p1a: Torkoal\n|turn|7\n|\n|t:|1683330119\n|move|p2a: Arcanine|Extreme Speed|p1b: Chi-Yu\n|-damage|p1b: Chi-Yu|15\/100\n|move|p2b: Flutter Mane|Dazzling Gleam|p1a: Torkoal|[spread] p1a,p1b\n|-resisted|p1a: Torkoal\n|-damage|p1a: Torkoal|62\/100\n|-damage|p1b: Chi-Yu|0 fnt\n|faint|p1b: Chi-Yu\n|move|p1a: Torkoal|Eruption|p2a: Arcanine|[spread] p2a,p2b\n|-resisted|p2a: Arcanine\n|-damage|p2a: Arcanine|15\/100\n|-damage|p2b: Flutter Mane|53\/100\n|\n|-weather|SunnyDay|[upkeep]\n|upkeep\n|turn|8\n|-message|Releaseme0000 forfeited.\n|\n|win|Mike_Lindsay\n|raw|Releaseme0000's rating: 1170 → 1144<\/strong> (-26 for losing)\n|raw|Mike_Lindsay's rating: 1162 → 1188<\/strong> (+26 for winning)\n|l|\u2606Releaseme0000\n","uploadtime":1683330136,"views":3,"p1id":"releaseme0000","p2id":"mikelindsay","formatid":"gen9vgc2023regulationc","rating":1144,"private":0,"password":""}