{"id":"gen9vgc2023regulationc-1864220749","p1":"The actual burner","p2":"HvLieF","format":"[Gen 9] VGC 2023 Regulation C","log":"|j|\u2606The actual burner\n|j|\u2606HvLieF\n|t:|1684139322\n|gametype|doubles\n|player|p1|The actual burner|silver|1404\n|player|p2|HvLieF|cynthia|1457\n|teamsize|p1|6\n|teamsize|p2|6\n|gen|9\n|tier|[Gen 9] VGC 2023 Regulation C\n|rated|\n|rule|Species Clause: Limit one of each Pok\u00e9mon\n|rule|Item Clause: Limit one of each item\n|clearpoke\n|poke|p1|Dragonite, L50, F|\n|poke|p1|Chien-Pao, L50|\n|poke|p1|Bronzong, L50|\n|poke|p1|Ting-Lu, L50|\n|poke|p1|Flutter Mane, L50|\n|poke|p1|Palafin, L50, F|\n|poke|p2|Murkrow, L50, F|\n|poke|p2|Chi-Yu, L50|\n|poke|p2|Flutter Mane, L50|\n|poke|p2|Great Tusk, L50|\n|poke|p2|Dachsbun, L50, F|\n|poke|p2|Baxcalibur, L50, F|\n|teampreview|4\n|\n|t:|1684139366\n|start\n|switch|p1a: Flutter Mane|Flutter Mane, L50|100\/100\n|switch|p1b: Palafin|Palafin, L50, F|100\/100\n|switch|p2a: Chi-Yu|Chi-Yu, L50|100\/100\n|switch|p2b: Dachsbun|Dachsbun, L50, F|100\/100\n|-ability|p2a: Chi-Yu|Beads of Ruin\n|turn|1\n|inactive|Battle timer is ON: inactive players will automatically lose when time's up. (requested by HvLieF)\n|j| DittoDude20\n|l| DittoDude20\n|inactive|HvLieF has 60 seconds left.\n|\n|t:|1684139406\n|-terastallize|p1a: Flutter Mane|Fairy\n|-terastallize|p2b: Dachsbun|Steel\n|move|p1b: Palafin|Protect|p1b: Palafin\n|-singleturn|p1b: Palafin|Protect\n|move|p1a: Flutter Mane|Moonblast|p2a: Chi-Yu\n|-enditem|p2a: Chi-Yu|Focus Sash\n|-damage|p2a: Chi-Yu|1\/100\n|move|p2a: Chi-Yu|Lava Plume|p1b: Palafin|[spread] p1a\n|-activate|p1b: Palafin|move: Protect\n|-ability|p2b: Dachsbun|Well-Baked Body|boost\n|-boost|p2b: Dachsbun|def|2\n|-damage|p1a: Flutter Mane|56\/100\n|-status|p1a: Flutter Mane|brn\n|move|p2b: Dachsbun|Yawn||[still]\n|-fail|p2b: Dachsbun\n|\n|-damage|p1a: Flutter Mane|50\/100 brn|[from] brn\n|upkeep\n|turn|2\n|inactive|HvLieF has 30 seconds left.\n|inactive|HvLieF has 20 seconds left.\n|inactive|HvLieF has 15 seconds left.\n|\n|t:|1684139449\n|switch|p2a: Flutter Mane|Flutter Mane, L50|100\/100\n|move|p1a: Flutter Mane|Moonblast|p2a: Flutter Mane\n|-damage|p2a: Flutter Mane|0 fnt\n|faint|p2a: Flutter Mane\n|-end|p2a: Flutter Mane|Protosynthesis|[silent]\n|move|p1b: Palafin|Haze|p1b: Palafin\n|-clearallboost\n|move|p2b: Dachsbun|Play Rough|p1a: Flutter Mane\n|-damage|p1a: Flutter Mane|0 fnt\n|faint|p1a: Flutter Mane\n|-end|p1a: Flutter Mane|Protosynthesis|[silent]\n|\n|upkeep\n|\n|t:|1684139467\n|switch|p1a: Bronzong|Bronzong, L50|100\/100\n|switch|p2a: Chi-Yu|Chi-Yu, L50|1\/100\n|-ability|p2a: Chi-Yu|Beads of Ruin\n|turn|3\n|\n|t:|1684139481\n|move|p2a: Chi-Yu|Protect|p2a: Chi-Yu\n|-singleturn|p2a: Chi-Yu|Protect\n|move|p1b: Palafin|Jet Punch|p2a: Chi-Yu\n|-activate|p2a: Chi-Yu|move: Protect\n|move|p2b: Dachsbun|Yawn|p1b: Palafin\n|-start|p1b: Palafin|move: Yawn|[of] p2b: Dachsbun\n|move|p1a: Bronzong|Safeguard|p1a: Bronzong\n|-sidestart|p1: The actual burner|Safeguard\n|\n|upkeep\n|turn|4\n|inactive|HvLieF has 30 seconds left.\n|\n|t:|1684139513\n|detailschange|p1b: Palafin|Palafin-Hero, L50, F\n|switch|p1b: Ting-Lu|Ting-Lu, L50|100\/100\n|-ability|p1b: Ting-Lu|Vessel of Ruin\n|move|p2a: Chi-Yu|Lava Plume|p1a: Bronzong|[spread] p1a,p1b\n|-ability|p2b: Dachsbun|Well-Baked Body|boost\n|-boost|p2b: Dachsbun|def|2\n|-supereffective|p1a: Bronzong\n|-damage|p1a: Bronzong|51\/100\n|-damage|p1b: Ting-Lu|75\/100\n|move|p2b: Dachsbun|Play Rough|p1b: Ting-Lu\n|-supereffective|p1b: Ting-Lu\n|-damage|p1b: Ting-Lu|46\/100\n|move|p1a: Bronzong|Trick Room|p1a: Bronzong\n|-fieldstart|move: Trick Room|[of] p1a: Bronzong\n|\n|upkeep\n|turn|5\n|\n|t:|1684139537\n|move|p1a: Bronzong|Helping Hand|p1b: Ting-Lu\n|-singleturn|p1b: Ting-Lu|Helping Hand|[of] p1a: Bronzong\n|move|p1b: Ting-Lu|Earthquake|p2a: Chi-Yu|[spread] p2a,p2b\n|-immune|p1a: Bronzong|[from] ability: Levitate\n|-supereffective|p2a: Chi-Yu\n|-supereffective|p2b: Dachsbun\n|-crit|p2b: Dachsbun\n|-damage|p2a: Chi-Yu|0 fnt\n|-damage|p2b: Dachsbun|0 fnt\n|faint|p2a: Chi-Yu\n|faint|p2b: Dachsbun\n|\n|upkeep\n|-message|HvLieF forfeited.\n|\n|win|The actual burner\n|raw|The actual burner's rating: 1404 → 1427<\/strong> (+23 for winning)\n|raw|HvLieF's rating: 1457 → 1434<\/strong> (-23 for losing)\n|l|\u2606HvLieF\n","uploadtime":1684139578,"views":14,"p1id":"theactualburner","p2id":"hvlief","formatid":"gen9vgc2023regulationc","rating":1427,"private":0,"password":""}