{"id":"gen9vgc2023regulationc-1847746644","p1":"GS \u00a6 Cedrico","p2":"Apithy","format":"[Gen 9] VGC 2023 Regulation C","log":"|j|\u2606GS \u00a6 Cedrico\n|j|\u2606Apithy\n|t:|1681998479\n|gametype|doubles\n|player|p1|GS \u00a6 Cedrico|265|1077\n|player|p2|Apithy|170|1114\n|teamsize|p1|6\n|teamsize|p2|6\n|gen|9\n|tier|[Gen 9] VGC 2023 Regulation C\n|rated|\n|rule|Species Clause: Limit one of each Pok\u00e9mon\n|rule|Item Clause: Limit one of each item\n|clearpoke\n|poke|p1|Dondozo, L50, F|\n|poke|p1|Tatsugiri, L50, M|\n|poke|p1|Flutter Mane, L50|\n|poke|p1|Chi-Yu, L50|\n|poke|p1|Ting-Lu, L50|\n|poke|p1|Corviknight, L50, M|\n|poke|p2|Volcarona, L50, M|\n|poke|p2|Flutter Mane, L50|\n|poke|p2|Palafin, L50, M|\n|poke|p2|Wo-Chien, L50|\n|poke|p2|Glimmora, L50, F|\n|poke|p2|Iron Bundle, L50|\n|teampreview|4\n|\n|t:|1681998525\n|start\n|switch|p1a: Corviknight|Corviknight, L50, M|100\/100\n|switch|p1b: Ting-Lu|Ting-Lu, L50|100\/100\n|switch|p2a: Palafin|Palafin, L50, M|100\/100\n|switch|p2b: Glimmora|Glimmora, L50, F|100\/100\n|-ability|p1b: Ting-Lu|Vessel of Ruin\n|turn|1\n|\n|t:|1681998549\n|detailschange|p2a: Palafin|Palafin-Hero, L50, M\n|switch|p2a: Wo-Chien|Wo-Chien, L50|100\/100\n|-ability|p2a: Wo-Chien|Tablets of Ruin\n|move|p2b: Glimmora|Power Gem|p1a: Corviknight\n|-damage|p1a: Corviknight|69\/100\n|move|p1a: Corviknight|Bulk Up|p1a: Corviknight\n|-boost|p1a: Corviknight|atk|1\n|-boost|p1a: Corviknight|def|1\n|move|p1b: Ting-Lu|Earthquake|p2a: Wo-Chien|[spread] p2a,p2b\n|-immune|p1a: Corviknight\n|-resisted|p2a: Wo-Chien\n|-supereffective|p2b: Glimmora\n|-damage|p2a: Wo-Chien|91\/100\n|-damage|p2b: Glimmora|0 fnt\n|-activate|p2b: Glimmora|ability: Toxic Debris\n|-sidestart|p1: GS \u00a6 Cedrico|move: Toxic Spikes\n|faint|p2b: Glimmora\n|\n|-heal|p2a: Wo-Chien|97\/100|[from] item: Leftovers\n|upkeep\n|\n|t:|1681998572\n|switch|p2b: Iron Bundle|Iron Bundle, L50|100\/100\n|-enditem|p2b: Iron Bundle|Booster Energy\n|-activate|p2b: Iron Bundle|ability: Quark Drive|[fromitem]\n|-start|p2b: Iron Bundle|quarkdrivespe\n|turn|2\n|\n|t:|1681998629\n|move|p2b: Iron Bundle|Encore|p1a: Corviknight\n|-start|p1a: Corviknight|Encore\n|move|p2a: Wo-Chien|Leech Seed|p1b: Ting-Lu\n|-start|p1b: Ting-Lu|move: Leech Seed\n|move|p1a: Corviknight|Bulk Up|p1a: Corviknight\n|-boost|p1a: Corviknight|atk|1\n|-boost|p1a: Corviknight|def|1\n|move|p1b: Ting-Lu|Heavy Slam|p2a: Wo-Chien\n|-damage|p2a: Wo-Chien|74\/100\n|\n|-heal|p2a: Wo-Chien|80\/100|[from] item: Leftovers\n|-damage|p1b: Ting-Lu|88\/100|[from] Leech Seed|[of] p2a: Wo-Chien\n|-heal|p2a: Wo-Chien|96\/100|[silent]\n|upkeep\n|turn|3\n|\n|t:|1681998660\n|move|p2b: Iron Bundle|Freeze-Dry|p1b: Ting-Lu\n|-supereffective|p1b: Ting-Lu\n|-damage|p1b: Ting-Lu|62\/100\n|move|p2a: Wo-Chien|Foul Play|p1a: Corviknight\n|-damage|p1a: Corviknight|41\/100\n|move|p1a: Corviknight|Bulk Up|p1a: Corviknight\n|-boost|p1a: Corviknight|atk|1\n|-boost|p1a: Corviknight|def|1\n|move|p1b: Ting-Lu|Payback|p2b: Iron Bundle\n|-damage|p2b: Iron Bundle|57\/100\n|\n|-heal|p2a: Wo-Chien|100\/100|[from] item: Leftovers\n|-damage|p1b: Ting-Lu|49\/100|[from] Leech Seed|[of] p2a: Wo-Chien\n|upkeep\n|turn|4\n|\n|t:|1681998686\n|switch|p1a: Chi-Yu|Chi-Yu, L50|100\/100\n|-status|p1a: Chi-Yu|psn\n|-ability|p1a: Chi-Yu|Beads of Ruin\n|move|p2b: Iron Bundle|Freeze-Dry|p1a: Chi-Yu\n|-resisted|p1a: Chi-Yu\n|-damage|p1a: Chi-Yu|87\/100 psn\n|move|p2a: Wo-Chien|Foul Play|p1a: Chi-Yu\n|-resisted|p1a: Chi-Yu\n|-damage|p1a: Chi-Yu|71\/100 psn\n|move|p1b: Ting-Lu|Payback|p2b: Iron Bundle\n|-damage|p2b: Iron Bundle|10\/100\n|\n|-damage|p1b: Ting-Lu|37\/100|[from] Leech Seed|[of] p2a: Wo-Chien\n|-damage|p1a: Chi-Yu|58\/100 psn|[from] psn\n|upkeep\n|turn|5\n|\n|t:|1681998711\n|switch|p1b: Corviknight|Corviknight, L50, M|41\/100\n|-terastallize|p1a: Chi-Yu|Ghost\n|move|p2a: Wo-Chien|Protect|p2a: Wo-Chien\n|-singleturn|p2a: Wo-Chien|Protect\n|move|p2b: Iron Bundle|Hydro Pump|p1a: Chi-Yu\n|-damage|p1a: Chi-Yu|0 fnt\n|faint|p1a: Chi-Yu\n|\n|upkeep\n|\n|t:|1681998724\n|switch|p1a: Ting-Lu|Ting-Lu, L50|37\/100\n|-status|p1a: Ting-Lu|psn\n|-ability|p1a: Ting-Lu|Vessel of Ruin\n|turn|6\n|\n|t:|1681998750\n|move|p2b: Iron Bundle|Protect|p2b: Iron Bundle\n|-singleturn|p2b: Iron Bundle|Protect\n|move|p2a: Wo-Chien|Leech Seed|p1b: Corviknight\n|-start|p1b: Corviknight|move: Leech Seed\n|move|p1b: Corviknight|Roost|p1b: Corviknight\n|-heal|p1b: Corviknight|91\/100\n|-singleturn|p1b: Corviknight|move: Roost\n|move|p1a: Ting-Lu|Stomping Tantrum|p2b: Iron Bundle\n|-activate|p2b: Iron Bundle|move: Protect\n|\n|-damage|p1b: Corviknight|79\/100|[from] Leech Seed|[of] p2a: Wo-Chien\n|-damage|p1a: Ting-Lu|24\/100 psn|[from] psn\n|upkeep\n|turn|7\n|\n|t:|1681998769\n|switch|p1b: Tatsugiri|Tatsugiri, L50, M|100\/100\n|-status|p1b: Tatsugiri|psn\n|move|p2b: Iron Bundle|Encore||[still]\n|-fail|p2b: Iron Bundle\n|move|p2a: Wo-Chien|Foul Play|p1a: Ting-Lu\n|-resisted|p1a: Ting-Lu\n|-damage|p1a: Ting-Lu|11\/100 psn\n|move|p1a: Ting-Lu|Stomping Tantrum|p2b: Iron Bundle\n|-damage|p2b: Iron Bundle|0 fnt\n|faint|p2b: Iron Bundle\n|-end|p2b: Iron Bundle|Quark Drive|[silent]\n|\n|-damage|p1b: Tatsugiri|89\/100 psn|[from] psn\n|-damage|p1a: Ting-Lu|0 fnt|[from] psn\n|faint|p1a: Ting-Lu\n|upkeep\n|\n|t:|1681998781\n|switch|p2b: Palafin|Palafin-Hero, L50, M|100\/100\n|switch|p1a: Corviknight|Corviknight, L50, M|79\/100\n|-activate|p2b: Palafin|ability: Zero to Hero\n|turn|8\n|\n|t:|1681998804\n|-terastallize|p2b: Palafin|Water\n|move|p1b: Tatsugiri|Draco Meteor|p2b: Palafin\n|-damage|p2b: Palafin|35\/100\n|-unboost|p1b: Tatsugiri|spa|2\n|move|p2b: Palafin|Wave Crash|p1b: Tatsugiri\n|-activate|p1b: Tatsugiri|ability: Storm Drain\n|-ability|p1b: Tatsugiri|Storm Drain|boost\n|-boost|p1b: Tatsugiri|spa|1\n|move|p2a: Wo-Chien|Leech Seed|p1b: Tatsugiri|[miss]\n|-miss|p2a: Wo-Chien|p1b: Tatsugiri\n|move|p1a: Corviknight|Bulk Up|p1a: Corviknight\n|-boost|p1a: Corviknight|atk|1\n|-boost|p1a: Corviknight|def|1\n|\n|-damage|p1b: Tatsugiri|77\/100 psn|[from] psn\n|upkeep\n|turn|9\n|\n|t:|1681998840\n|move|p1b: Tatsugiri|Protect|p1b: Tatsugiri\n|-singleturn|p1b: Tatsugiri|Protect\n|move|p2b: Palafin|Protect|p2b: Palafin\n|-singleturn|p2b: Palafin|Protect\n|move|p2a: Wo-Chien|Leech Seed|p1a: Corviknight\n|-start|p1a: Corviknight|move: Leech Seed\n|move|p1a: Corviknight|Bulk Up|p1a: Corviknight\n|-boost|p1a: Corviknight|atk|1\n|-boost|p1a: Corviknight|def|1\n|\n|-damage|p1a: Corviknight|67\/100|[from] Leech Seed|[of] p2a: Wo-Chien\n|-damage|p1b: Tatsugiri|65\/100 psn|[from] psn\n|upkeep\n|turn|10\n|\n|t:|1681998883\n|move|p2a: Wo-Chien|Protect|p2a: Wo-Chien\n|-singleturn|p2a: Wo-Chien|Protect\n|move|p1b: Tatsugiri|Draco Meteor|p2b: Palafin\n|-damage|p2b: Palafin|0 fnt\n|-unboost|p1b: Tatsugiri|spa|2\n|faint|p2b: Palafin\n|move|p1a: Corviknight|Bulk Up|p1a: Corviknight\n|-boost|p1a: Corviknight|atk|1\n|-boost|p1a: Corviknight|def|1\n|\n|-damage|p1a: Corviknight|55\/100|[from] Leech Seed|[of] p2a: Wo-Chien\n|-damage|p1b: Tatsugiri|53\/100 psn|[from] psn\n|upkeep\n|turn|11\n|\n|t:|1681998896\n|move|p1b: Tatsugiri|Icy Wind|p2a: Wo-Chien\n|-supereffective|p2a: Wo-Chien\n|-damage|p2a: Wo-Chien|91\/100\n|-unboost|p2a: Wo-Chien|spe|1\n|move|p1a: Corviknight|Body Press|p2a: Wo-Chien\n|-supereffective|p2a: Wo-Chien\n|-damage|p2a: Wo-Chien|33\/100\n|move|p2a: Wo-Chien|Leech Seed|p1b: Tatsugiri\n|-start|p1b: Tatsugiri|move: Leech Seed\n|\n|-heal|p2a: Wo-Chien|39\/100|[from] item: Leftovers\n|-damage|p1b: Tatsugiri|41\/100 psn|[from] Leech Seed|[of] p2a: Wo-Chien\n|-heal|p2a: Wo-Chien|48\/100|[silent]\n|-damage|p1a: Corviknight|42\/100|[from] Leech Seed|[of] p2a: Wo-Chien\n|-heal|p2a: Wo-Chien|61\/100|[silent]\n|-damage|p1b: Tatsugiri|29\/100 psn|[from] psn\n|upkeep\n|turn|12\n|\n|t:|1681998908\n|move|p2a: Wo-Chien|Protect|p2a: Wo-Chien\n|-singleturn|p2a: Wo-Chien|Protect\n|move|p1b: Tatsugiri|Icy Wind|p2a: Wo-Chien\n|-activate|p2a: Wo-Chien|move: Protect\n|move|p1a: Corviknight|Roost|p1a: Corviknight\n|-heal|p1a: Corviknight|93\/100\n|-singleturn|p1a: Corviknight|move: Roost\n|\n|-heal|p2a: Wo-Chien|67\/100|[from] item: Leftovers\n|-damage|p1b: Tatsugiri|17\/100 psn|[from] Leech Seed|[of] p2a: Wo-Chien\n|-heal|p2a: Wo-Chien|76\/100|[silent]\n|-damage|p1a: Corviknight|80\/100|[from] Leech Seed|[of] p2a: Wo-Chien\n|-heal|p2a: Wo-Chien|89\/100|[silent]\n|-damage|p1b: Tatsugiri|5\/100 psn|[from] psn\n|upkeep\n|turn|13\n|\n|t:|1681998918\n|move|p1b: Tatsugiri|Draco Meteor|p2a: Wo-Chien\n|-damage|p2a: Wo-Chien|71\/100\n|-unboost|p1b: Tatsugiri|spa|2\n|move|p1a: Corviknight|Body Press|p2a: Wo-Chien\n|-supereffective|p2a: Wo-Chien\n|-damage|p2a: Wo-Chien|11\/100\n|move|p2a: Wo-Chien|Foul Play|p1a: Corviknight\n|-damage|p1a: Corviknight|48\/100\n|\n|-heal|p2a: Wo-Chien|17\/100|[from] item: Leftovers\n|-damage|p1b: Tatsugiri|0 fnt|[from] Leech Seed|[of] p2a: Wo-Chien\n|-heal|p2a: Wo-Chien|21\/100|[silent]\n|faint|p1b: Tatsugiri\n|-damage|p1a: Corviknight|36\/100|[from] Leech Seed|[of] p2a: Wo-Chien\n|-heal|p2a: Wo-Chien|34\/100|[silent]\n|upkeep\n|turn|14\n|\n|t:|1681998929\n|move|p2a: Wo-Chien|Protect|p2a: Wo-Chien\n|-singleturn|p2a: Wo-Chien|Protect\n|move|p1a: Corviknight|Body Press|p2a: Wo-Chien\n|-activate|p2a: Wo-Chien|move: Protect\n|\n|-heal|p2a: Wo-Chien|40\/100|[from] item: Leftovers\n|-damage|p1a: Corviknight|24\/100|[from] Leech Seed|[of] p2a: Wo-Chien\n|-heal|p2a: Wo-Chien|53\/100|[silent]\n|upkeep\n|turn|15\n|\n|t:|1681998958\n|move|p2a: Wo-Chien|Protect|p2a: Wo-Chien\n|-singleturn|p2a: Wo-Chien|Protect\n|move|p1a: Corviknight|Body Press|p2a: Wo-Chien\n|-activate|p2a: Wo-Chien|move: Protect\n|\n|-heal|p2a: Wo-Chien|59\/100|[from] item: Leftovers\n|-damage|p1a: Corviknight|12\/100|[from] Leech Seed|[of] p2a: Wo-Chien\n|-heal|p2a: Wo-Chien|72\/100|[silent]\n|upkeep\n|turn|16\n|\n|t:|1681998967\n|move|p1a: Corviknight|Roost|p1a: Corviknight\n|-heal|p1a: Corviknight|62\/100\n|-singleturn|p1a: Corviknight|move: Roost\n|move|p2a: Wo-Chien|Foul Play|p1a: Corviknight\n|-damage|p1a: Corviknight|32\/100\n|\n|-heal|p2a: Wo-Chien|79\/100|[from] item: Leftovers\n|-damage|p1a: Corviknight|20\/100|[from] Leech Seed|[of] p2a: Wo-Chien\n|-heal|p2a: Wo-Chien|92\/100|[silent]\n|upkeep\n|turn|17\n|\n|t:|1681998976\n|move|p1a: Corviknight|Brave Bird|p2a: Wo-Chien\n|-supereffective|p2a: Wo-Chien\n|-damage|p2a: Wo-Chien|0 fnt\n|faint|p2a: Wo-Chien\n|-damage|p1a: Corviknight|0 fnt|[from] Recoil\n|faint|p1a: Corviknight\n|\n|win|GS \u00a6 Cedrico\n|raw|GS \u00a6 Cedrico's rating: 1077 → 1108<\/strong> (+31 for winning)\n|raw|Apithy's rating: 1114 → 1086<\/strong> (-28 for losing)\n|c|\u2606GS \u00a6 Cedrico|gg\n","uploadtime":1681998985,"views":9,"p1id":"gscedrico","p2id":"apithy","formatid":"gen9vgc2023regulationc","rating":1086,"private":0,"password":""}