{"id":"gen9vgc2023regulationc-1861545348","p1":"calidom","p2":"Xalvadore","format":"[Gen 9] VGC 2023 Regulation C","log":"|j|\u2606calidom\n|j|\u2606Xalvadore\n|t:|1683771292\n|gametype|doubles\n|player|p1|calidom|169|1162\n|player|p2|Xalvadore|marnie|1157\n|teamsize|p1|6\n|teamsize|p2|6\n|gen|9\n|tier|[Gen 9] VGC 2023 Regulation C\n|rated|\n|rule|Species Clause: Limit one of each Pok\u00e9mon\n|rule|Item Clause: Limit one of each item\n|clearpoke\n|poke|p1|Iron Hands, L50|\n|poke|p1|Pelipper, L50, F|\n|poke|p1|Ceruledge, L50, M|\n|poke|p1|Palafin, L50, F|\n|poke|p1|Amoonguss, L50, M|\n|poke|p1|Iron Moth, L50|\n|poke|p2|Dragonite, L50, M|\n|poke|p2|Tyranitar, L50, F|\n|poke|p2|Gastrodon, L50, F|\n|poke|p2|Arcanine, L50, F|\n|poke|p2|Flutter Mane, L50|\n|poke|p2|Scizor, L50, M|\n|teampreview|4\n|inactive|Battle timer is ON: inactive players will automatically lose when time's up. (requested by calidom)\n|inactive|Xalvadore has 60 seconds left.\n|\n|t:|1683771332\n|start\n|switch|p1a: Ceruledge|Ceruledge, L50, M|100\/100\n|switch|p1b: Palafin|Palafin, L50, F|100\/100\n|switch|p2a: Gastrodon|Gastrodon, L50, F|100\/100\n|switch|p2b: Flutter Mane|Flutter Mane, L50|100\/100\n|turn|1\n|\n|t:|1683771351\n|detailschange|p1b: Palafin|Palafin-Hero, L50, F\n|switch|p1b: Amoonguss|Amoonguss, L50, M|100\/100\n|move|p2b: Flutter Mane|Shadow Ball|p1b: Amoonguss\n|-damage|p1b: Amoonguss|50\/100\n|-enditem|p1b: Amoonguss|Sitrus Berry|[eat]\n|-heal|p1b: Amoonguss|75\/100|[from] item: Sitrus Berry\n|move|p1a: Ceruledge|Bitter Blade|p2b: Flutter Mane\n|-damage|p2b: Flutter Mane|5\/100\n|move|p2a: Gastrodon|Earth Power|p1a: Ceruledge\n|-supereffective|p1a: Ceruledge\n|-damage|p1a: Ceruledge|37\/100\n|\n|upkeep\n|turn|2\n|\n|t:|1683771376\n|switch|p2a: Tyranitar|Tyranitar, L50, F|100\/100\n|-weather|Sandstorm|[from] ability: Sand Stream|[of] p2a: Tyranitar\n|move|p1a: Ceruledge|Shadow Sneak|p2b: Flutter Mane\n|-supereffective|p2b: Flutter Mane\n|-crit|p2b: Flutter Mane\n|-damage|p2b: Flutter Mane|0 fnt\n|faint|p2b: Flutter Mane\n|-end|p2b: Flutter Mane|Protosynthesis|[silent]\n|move|p1b: Amoonguss|Pollen Puff|p1a: Ceruledge\n|-heal|p1a: Ceruledge|87\/100\n|\n|-weather|Sandstorm|[upkeep]\n|-damage|p1a: Ceruledge|81\/100|[from] Sandstorm\n|-damage|p1b: Amoonguss|69\/100|[from] Sandstorm\n|upkeep\n|\n|t:|1683771389\n|switch|p2b: Arcanine|Arcanine, L50, F|100\/100\n|-ability|p2b: Arcanine|Intimidate|boost\n|-fail|p1a: Ceruledge|unboost|[from] item: Clear Amulet|[of] p1a: Ceruledge\n|-unboost|p1b: Amoonguss|atk|1\n|turn|3\n|\n|t:|1683771412\n|move|p2b: Arcanine|Flare Blitz|p1b: Amoonguss\n|-supereffective|p1b: Amoonguss\n|-damage|p1b: Amoonguss|0 fnt\n|faint|p1b: Amoonguss\n|-damage|p2b: Arcanine|75\/100|[from] Recoil\n|move|p1a: Ceruledge|Bitter Blade|p2b: Arcanine\n|-resisted|p2b: Arcanine\n|-damage|p2b: Arcanine|51\/100\n|-heal|p1a: Ceruledge|94\/100|[from] drain|[of] p2b: Arcanine\n|move|p2a: Tyranitar|Rock Slide|p1a: Ceruledge\n|-supereffective|p1a: Ceruledge\n|-damage|p1a: Ceruledge|0 fnt\n|faint|p1a: Ceruledge\n|\n|-weather|Sandstorm|[upkeep]\n|upkeep\n|\n|t:|1683771425\n|switch|p1a: Palafin|Palafin-Hero, L50, F|100\/100\n|switch|p1b: Iron Moth|Iron Moth, L50|100\/100\n|-activate|p1a: Palafin|ability: Zero to Hero\n|turn|4\n|\n|t:|1683771441\n|switch|p2a: Gastrodon|Gastrodon, L50, F|100\/100\n|-terastallize|p1a: Palafin|Water\n|move|p1a: Palafin|Jet Punch|p2a: Gastrodon\n|-ability|p2a: Gastrodon|Storm Drain|boost\n|-boost|p2a: Gastrodon|spa|1\n|move|p1b: Iron Moth|Dazzling Gleam|p2a: Gastrodon|[spread] p2a,p2b\n|-resisted|p2b: Arcanine\n|-damage|p2a: Gastrodon|83\/100\n|-damage|p2b: Arcanine|40\/100\n|move|p2b: Arcanine|Will-O-Wisp|p1a: Palafin\n|-status|p1a: Palafin|brn\n|\n|-weather|Sandstorm|[upkeep]\n|-damage|p1b: Iron Moth|95\/100|[from] Sandstorm\n|-damage|p1a: Palafin|95\/100 brn|[from] Sandstorm\n|-damage|p1a: Palafin|89\/100 brn|[from] brn\n|upkeep\n|turn|5\n|\n|t:|1683771461\n|move|p2b: Arcanine|Protect|p2b: Arcanine\n|-singleturn|p2b: Arcanine|Protect\n|move|p1b: Iron Moth|Sludge Wave|p2a: Gastrodon|[spread] p1a,p2a\n|-activate|p2b: Arcanine|move: Protect\n|-resisted|p2a: Gastrodon\n|-damage|p1a: Palafin|47\/100 brn\n|-damage|p2a: Gastrodon|65\/100\n|move|p1a: Palafin|Drain Punch|p2a: Gastrodon\n|-damage|p2a: Gastrodon|46\/100\n|-heal|p1a: Palafin|59\/100 brn|[from] drain|[of] p2a: Gastrodon\n|-enditem|p2a: Gastrodon|Sitrus Berry|[eat]\n|-heal|p2a: Gastrodon|71\/100|[from] item: Sitrus Berry\n|move|p2a: Gastrodon|Earth Power|p1b: Iron Moth\n|-supereffective|p1b: Iron Moth\n|-damage|p1b: Iron Moth|0 fnt\n|faint|p1b: Iron Moth\n|-end|p1b: Iron Moth|Quark Drive|[silent]\n|\n|-weather|Sandstorm|[upkeep]\n|-damage|p1a: Palafin|53\/100 brn|[from] Sandstorm\n|-damage|p1a: Palafin|47\/100 brn|[from] brn\n|upkeep\n|turn|6\n|-message|calidom forfeited.\n|\n|win|Xalvadore\n|raw|calidom's rating: 1162 → 1137<\/strong> (-25 for losing)\n|raw|Xalvadore's rating: 1157 → 1182<\/strong> (+25 for winning)\n|l|\u2606calidom\n|c|\u2606Xalvadore|gg\n","uploadtime":1683771483,"views":9,"p1id":"calidom","p2id":"xalvadore","formatid":"gen9vgc2023regulationc","rating":1137,"private":0,"password":""}