{"id":"gen9vgc2023regulationc-1847048723","p1":"pupulovessixsheep","p2":"BeartoothEX","format":"[Gen 9] VGC 2023 Regulation C","log":"|j|\u2606pupulovessixsheep\n|j|\u2606BeartoothEX\n|t:|1681914770\n|gametype|doubles\n|player|p1|pupulovessixsheep|102|1258\n|player|p2|BeartoothEX|colress|1183\n|teamsize|p1|6\n|teamsize|p2|6\n|gen|9\n|tier|[Gen 9] VGC 2023 Regulation C\n|rated|\n|rule|Species Clause: Limit one of each Pok\u00e9mon\n|rule|Item Clause: Limit one of each item\n|clearpoke\n|poke|p1|Talonflame, L50, M|\n|poke|p1|Chi-Yu, L50|\n|poke|p1|Flutter Mane, L50|\n|poke|p1|Amoonguss, L50, F|\n|poke|p1|Tyranitar, L50, F|\n|poke|p1|Houndstone, L50, M|\n|poke|p2|Torkoal, L50, F|\n|poke|p2|Flutter Mane, L50|\n|poke|p2|Gothitelle, L50, F|\n|poke|p2|Wo-Chien, L50|\n|poke|p2|Arcanine, L50, M|\n|poke|p2|Klefki, L50, M|\n|teampreview|4\n|inactive|Battle timer is ON: inactive players will automatically lose when time's up. (requested by pupulovessixsheep)\n|inactive|BeartoothEX has 60 seconds left.\n|inactive|BeartoothEX has 30 seconds left.\n|\n|t:|1681914844\n|start\n|switch|p1a: Chi-Yu|Chi-Yu, L50|100\/100\n|switch|p1b: Flutter Mane|Flutter Mane, L50|100\/100\n|switch|p2a: Torkoal|Torkoal, L50, F|100\/100\n|switch|p2b: Gothitelle|Gothitelle, L50, F|100\/100\n|-ability|p1a: Chi-Yu|Beads of Ruin\n|-weather|SunnyDay|[from] ability: Drought|[of] p2a: Torkoal\n|-activate|p1b: Flutter Mane|ability: Protosynthesis\n|-start|p1b: Flutter Mane|protosynthesisspa\n|turn|1\n|inactive|pupulovessixsheep has 30 seconds left.\n|\n|t:|1681914879\n|move|p2a: Torkoal|Protect|p2a: Torkoal\n|-singleturn|p2a: Torkoal|Protect\n|move|p2b: Gothitelle|Fake Out|p1a: Chi-Yu\n|-damage|p1a: Chi-Yu|92\/100\n|cant|p1a: Chi-Yu|flinch\n|move|p1b: Flutter Mane|Trick Room|p1b: Flutter Mane\n|-fieldstart|move: Trick Room|[of] p1b: Flutter Mane\n|\n|-weather|SunnyDay|[upkeep]\n|upkeep\n|turn|2\n|inactive|BeartoothEX has 30 seconds left.\n|\n|t:|1681914907\n|-end|p1b: Flutter Mane|Protosynthesis|[silent]\n|switch|p1b: Tyranitar|Tyranitar, L50, F, shiny|100\/100\n|-weather|Sandstorm|[from] ability: Sand Stream|[of] p1b: Tyranitar\n|move|p2a: Torkoal|Overheat|p1b: Tyranitar\n|-resisted|p1b: Tyranitar\n|-damage|p1b: Tyranitar|85\/100\n|-unboost|p2a: Torkoal|spa|2\n|move|p2b: Gothitelle|Psychic|p1b: Tyranitar\n|-immune|p1b: Tyranitar\n|move|p1a: Chi-Yu|Dark Pulse|p2b: Gothitelle\n|-supereffective|p2b: Gothitelle\n|-enditem|p2b: Gothitelle|Colbur Berry|[eat]\n|-enditem|p2b: Gothitelle|Colbur Berry|[weaken]\n|-damage|p2b: Gothitelle|47\/100\n|\n|-weather|Sandstorm|[upkeep]\n|-damage|p2a: Torkoal|94\/100|[from] Sandstorm\n|-damage|p2b: Gothitelle|41\/100|[from] Sandstorm\n|-damage|p1a: Chi-Yu|86\/100|[from] Sandstorm\n|upkeep\n|turn|3\n|inactive|BeartoothEX has 30 seconds left.\n|inactive|BeartoothEX has 20 seconds left.\n|\n|t:|1681914945\n|move|p2a: Torkoal|Yawn|p1a: Chi-Yu\n|-start|p1a: Chi-Yu|move: Yawn|[of] p2a: Torkoal\n|move|p2b: Gothitelle|Thunder Wave|p1b: Tyranitar\n|-status|p1b: Tyranitar|par\n|move|p1b: Tyranitar|Rock Slide|p2b: Gothitelle|[spread] p2a,p2b\n|-supereffective|p2a: Torkoal\n|-damage|p2a: Torkoal|54\/100\n|-damage|p2b: Gothitelle|12\/100\n|move|p1a: Chi-Yu|Dark Pulse|p2b: Gothitelle\n|-supereffective|p2b: Gothitelle\n|-damage|p2b: Gothitelle|0 fnt\n|faint|p2b: Gothitelle\n|\n|-weather|Sandstorm|[upkeep]\n|-damage|p2a: Torkoal|47\/100|[from] Sandstorm\n|-damage|p1a: Chi-Yu|80\/100|[from] Sandstorm\n|-enditem|p2a: Torkoal|Sitrus Berry|[eat]\n|-heal|p2a: Torkoal|72\/100|[from] item: Sitrus Berry\n|upkeep\n|inactive|BeartoothEX has 30 seconds left.\n|inactive|BeartoothEX has 20 seconds left.\n|\n|t:|1681914982\n|switch|p2b: Wo-Chien|Wo-Chien, L50|100\/100\n|-ability|p2b: Wo-Chien|Tablets of Ruin\n|turn|4\n|inactive|BeartoothEX has 30 seconds left.\n|\n|t:|1681915014\n|switch|p2a: Arcanine|Arcanine, L50, M|100\/100\n|-ability|p2a: Arcanine|Intimidate|boost\n|-unboost|p1a: Chi-Yu|atk|1\n|-unboost|p1b: Tyranitar|atk|1\n|switch|p1a: Flutter Mane|Flutter Mane, L50|100\/100\n|-enditem|p1a: Flutter Mane|Booster Energy\n|-activate|p1a: Flutter Mane|ability: Protosynthesis|[fromitem]\n|-start|p1a: Flutter Mane|protosynthesisspa\n|move|p2b: Wo-Chien|Protect|p2b: Wo-Chien\n|-singleturn|p2b: Wo-Chien|Protect\n|move|p1b: Tyranitar|Dragon Dance|p1b: Tyranitar\n|-boost|p1b: Tyranitar|atk|1\n|-boost|p1b: Tyranitar|spe|1\n|\n|-weather|Sandstorm|[upkeep]\n|-damage|p2b: Wo-Chien|94\/100|[from] Sandstorm\n|-damage|p1a: Flutter Mane|94\/100|[from] Sandstorm\n|-heal|p2b: Wo-Chien|100\/100|[from] item: Leftovers\n|upkeep\n|turn|5\n|inactive|BeartoothEX has 30 seconds left.\n|\n|t:|1681915043\n|move|p1b: Tyranitar|Dragon Dance|p1b: Tyranitar\n|-boost|p1b: Tyranitar|atk|1\n|-boost|p1b: Tyranitar|spe|1\n|move|p2b: Wo-Chien|Giga Drain|p1b: Tyranitar\n|-supereffective|p1b: Tyranitar\n|-damage|p1b: Tyranitar|43\/100 par\n|-enditem|p1b: Tyranitar|Weakness Policy\n|-boost|p1b: Tyranitar|atk|2|[from] item: Weakness Policy\n|-boost|p1b: Tyranitar|spa|2|[from] item: Weakness Policy\n|move|p2a: Arcanine|Flare Blitz|p1a: Flutter Mane\n|-damage|p1a: Flutter Mane|20\/100\n|-damage|p2a: Arcanine|84\/100|[from] Recoil\n|move|p1a: Flutter Mane|Shadow Ball|p2a: Arcanine\n|-damage|p2a: Arcanine|17\/100\n|\n|-weather|Sandstorm|[upkeep]\n|-damage|p2b: Wo-Chien|94\/100|[from] Sandstorm\n|-damage|p1a: Flutter Mane|14\/100|[from] Sandstorm\n|-heal|p2b: Wo-Chien|100\/100|[from] item: Leftovers\n|-fieldend|move: Trick Room\n|upkeep\n|turn|6\n|inactive|BeartoothEX has 30 seconds left.\n|inactive|BeartoothEX has 20 seconds left.\n|\n|t:|1681915079\n|move|p1a: Flutter Mane|Dazzling Gleam|p2b: Wo-Chien|[spread] p2a,p2b\n|-resisted|p2a: Arcanine\n|-supereffective|p2b: Wo-Chien\n|-damage|p2a: Arcanine|0 fnt\n|-damage|p2b: Wo-Chien|29\/100\n|faint|p2a: Arcanine\n|cant|p1b: Tyranitar|par\n|move|p2b: Wo-Chien|Snarl|p1b: Tyranitar|[spread] p1a,p1b\n|-resisted|p1b: Tyranitar\n|-damage|p1a: Flutter Mane|0 fnt\n|-damage|p1b: Tyranitar|38\/100 par\n|-unboost|p1b: Tyranitar|spa|1\n|faint|p1a: Flutter Mane\n|-end|p1a: Flutter Mane|Protosynthesis|[silent]\n|\n|-weather|none\n|-heal|p2b: Wo-Chien|35\/100|[from] item: Leftovers\n|upkeep\n|\n|t:|1681915096\n|switch|p1a: Chi-Yu|Chi-Yu, L50|80\/100\n|switch|p2a: Torkoal|Torkoal, L50, F|72\/100\n|-ability|p1a: Chi-Yu|Beads of Ruin\n|-weather|SunnyDay|[from] ability: Drought|[of] p2a: Torkoal\n|turn|7\n|inactive|BeartoothEX has 30 seconds left.\n|inactive|BeartoothEX has 20 seconds left.\n|inactive|BeartoothEX has 15 seconds left.\n|\n|t:|1681915138\n|move|p2b: Wo-Chien|Protect|p2b: Wo-Chien\n|-singleturn|p2b: Wo-Chien|Protect\n|move|p1a: Chi-Yu|Heat Wave|p2a: Torkoal|[spread] p2a\n|-activate|p2b: Wo-Chien|move: Protect\n|-resisted|p2a: Torkoal\n|-damage|p2a: Torkoal|27\/100\n|move|p1b: Tyranitar|Rock Slide|p2a: Torkoal|[spread] p2a\n|-activate|p2b: Wo-Chien|move: Protect\n|-supereffective|p2a: Torkoal\n|-damage|p2a: Torkoal|0 fnt\n|faint|p2a: Torkoal\n|\n|-weather|SunnyDay|[upkeep]\n|-heal|p2b: Wo-Chien|41\/100|[from] item: Leftovers\n|upkeep\n|turn|8\n|\n|t:|1681915154\n|-terastallize|p2b: Wo-Chien|Poison\n|move|p1a: Chi-Yu|Heat Wave|p2b: Wo-Chien\n|-damage|p2b: Wo-Chien|0 fnt\n|faint|p2b: Wo-Chien\n|\n|win|pupulovessixsheep\n|raw|pupulovessixsheep's rating: 1258 → 1278<\/strong> (+20 for winning)\n|raw|BeartoothEX's rating: 1183 → 1163<\/strong> (-20 for losing)\n|l|\u2606BeartoothEX\n","uploadtime":1681915166,"views":5,"p1id":"pupulovessixsheep","p2id":"beartoothex","formatid":"gen9vgc2023regulationc","rating":1163,"private":0,"password":""}