{"id":"gen9vgc2023regulationc-1855198065","p1":"Zeitgeistiest","p2":"hysaaron","format":"[Gen 9] VGC 2023 Regulation C","log":"|j|\u2606Zeitgeistiest\n|j|\u2606hysaaron\n|t:|1682913820\n|gametype|doubles\n|player|p1|Zeitgeistiest|boarder|1130\n|player|p2|hysaaron|101|1106\n|teamsize|p1|6\n|teamsize|p2|6\n|gen|9\n|tier|[Gen 9] VGC 2023 Regulation C\n|rated|\n|rule|Species Clause: Limit one of each Pok\u00e9mon\n|rule|Item Clause: Limit one of each item\n|clearpoke\n|poke|p1|Farigiraf, L50, F|\n|poke|p1|Hatterene, L50, F|\n|poke|p1|Abomasnow, L50, F|\n|poke|p1|Kingambit, L50, F|\n|poke|p1|Iron Hands, L50|\n|poke|p1|Dondozo, L50, M|\n|poke|p2|Annihilape, L50, F|\n|poke|p2|Maushold, L50|\n|poke|p2|Ting-Lu, L50|\n|poke|p2|Amoonguss, L50, F|\n|poke|p2|Gholdengo, L50|\n|poke|p2|Gyarados, L50, M|\n|teampreview|4\n|inactive|Battle timer is ON: inactive players will automatically lose when time's up. (requested by hysaaron)\n|inactive|Zeitgeistiest has 60 seconds left.\n|inactive|hysaaron has 60 seconds left.\n|inactive|Zeitgeistiest has 30 seconds left.\n|\n|t:|1682913884\n|start\n|switch|p1a: Farigiraf|Farigiraf, L50, F|100\/100\n|switch|p1b: Iron Hands|Iron Hands, L50|100\/100\n|switch|p2a: Ting-Lu|Ting-Lu, L50|100\/100\n|switch|p2b: Annihilape|Annihilape, L50, F, shiny|100\/100\n|-ability|p2a: Ting-Lu|Vessel of Ruin\n|-enditem|p1b: Iron Hands|Booster Energy\n|-activate|p1b: Iron Hands|ability: Quark Drive|[fromitem]\n|-start|p1b: Iron Hands|quarkdriveatk\n|turn|1\n|\n|t:|1682913906\n|switch|p2a: Gholdengo|Gholdengo, L50|100\/100\n|move|p1b: Iron Hands|Fake Out|p2a: Gholdengo\n|-immune|p2a: Gholdengo\n|move|p2b: Annihilape|Bulk Up|p2b: Annihilape\n|-boost|p2b: Annihilape|atk|1\n|-boost|p2b: Annihilape|def|1\n|move|p1a: Farigiraf|Trick Room|p1a: Farigiraf\n|-fieldstart|move: Trick Room|[of] p1a: Farigiraf\n|\n|upkeep\n|turn|2\n|inactive|Zeitgeistiest has 30 seconds left.\n|inactive|Zeitgeistiest has 20 seconds left.\n|inactive|Zeitgeistiest has 15 seconds left.\n|inactive|Zeitgeistiest has 10 seconds left.\n|\n|t:|1682913955\n|-end|p1b: Iron Hands|Quark Drive|[silent]\n|switch|p1b: Kingambit|Kingambit, L50, F|100\/100\n|move|p1a: Farigiraf|Psychic|p2b: Annihilape\n|-supereffective|p2b: Annihilape\n|-damage|p2b: Annihilape|0 fnt\n|faint|p2b: Annihilape\n|-damage|p1a: Farigiraf|91\/100|[from] item: Life Orb\n|move|p2a: Gholdengo|Nasty Plot|p2a: Gholdengo\n|-boost|p2a: Gholdengo|spa|2\n|\n|upkeep\n|\n|t:|1682913971\n|switch|p2b: Amoonguss|Amoonguss, L50, F, shiny|100\/100\n|turn|3\n|\n|t:|1682913992\n|move|p2b: Amoonguss|Spore|p1b: Kingambit\n|-activate|p1b: Kingambit|item: Safety Goggles|Spore\n|move|p1b: Kingambit|Kowtow Cleave|p2a: Gholdengo\n|-supereffective|p2a: Gholdengo\n|-crit|p2a: Gholdengo\n|-damage|p2a: Gholdengo|0 fnt\n|faint|p2a: Gholdengo\n|move|p1a: Farigiraf|Thunderbolt|p2b: Amoonguss\n|-resisted|p2b: Amoonguss\n|-damage|p2b: Amoonguss|82\/100\n|-damage|p1a: Farigiraf|81\/100|[from] item: Life Orb\n|\n|upkeep\n|\n|t:|1682914004\n|switch|p2a: Ting-Lu|Ting-Lu, L50|100\/100\n|-ability|p2a: Ting-Lu|Vessel of Ruin\n|turn|4\n|\n|t:|1682914025\n|move|p2b: Amoonguss|Spore|p1a: Farigiraf\n|-status|p1a: Farigiraf|slp|[from] move: Spore\n|move|p1b: Kingambit|Brick Break|p2a: Ting-Lu\n|-supereffective|p2a: Ting-Lu\n|-damage|p2a: Ting-Lu|68\/100\n|cant|p1a: Farigiraf|slp\n|move|p2a: Ting-Lu|Heavy Slam|p1b: Kingambit\n|-resisted|p1b: Kingambit\n|-damage|p1b: Kingambit|86\/100\n|\n|upkeep\n|turn|5\n|\n|t:|1682914047\n|move|p2b: Amoonguss|Pollen Puff|p2a: Ting-Lu\n|-heal|p2a: Ting-Lu|100\/100\n|move|p1b: Kingambit|Brick Break|p2a: Ting-Lu\n|-supereffective|p2a: Ting-Lu\n|-crit|p2a: Ting-Lu\n|-damage|p2a: Ting-Lu|46\/100\n|-curestatus|p1a: Farigiraf|slp|[msg]\n|move|p1a: Farigiraf|Psychic|p2b: Amoonguss\n|-supereffective|p2b: Amoonguss\n|-crit|p2b: Amoonguss\n|-damage|p2b: Amoonguss|0 fnt\n|faint|p2b: Amoonguss\n|-damage|p1a: Farigiraf|71\/100|[from] item: Life Orb\n|move|p2a: Ting-Lu|Fissure|p1b: Kingambit|[miss]\n|-miss|p2a: Ting-Lu|p1b: Kingambit\n|\n|-fieldend|move: Trick Room\n|upkeep\n|turn|6\n|inactive|Zeitgeistiest has 30 seconds left.\n|inactive|hysaaron has 30 seconds left.\n|\n|t:|1682914075\n|move|p2a: Ting-Lu|Stomping Tantrum|p1b: Kingambit\n|-supereffective|p1b: Kingambit\n|-damage|p1b: Kingambit|0 fnt\n|faint|p1b: Kingambit\n|move|p1a: Farigiraf|Trick Room|p1a: Farigiraf\n|-fieldstart|move: Trick Room|[of] p1a: Farigiraf\n|\n|upkeep\n|\n|t:|1682914080\n|switch|p1b: Abomasnow|Abomasnow, L50, F|100\/100\n|-weather|Snow|[from] ability: Snow Warning|[of] p1b: Abomasnow\n|turn|7\n|inactive|Zeitgeistiest has 30 seconds left.\n|\n|t:|1682914105\n|switch|p1a: Iron Hands|Iron Hands, L50|100\/100\n|move|p1b: Abomasnow|Blizzard|p2a: Ting-Lu\n|-supereffective|p2a: Ting-Lu\n|-damage|p2a: Ting-Lu|11\/100\n|move|p2a: Ting-Lu|Fissure|p1a: Iron Hands|[miss]\n|-miss|p2a: Ting-Lu|p1a: Iron Hands\n|\n|-weather|Snow|[upkeep]\n|upkeep\n|turn|8\n|\n|t:|1682914119\n|move|p1a: Iron Hands|Fake Out|p2a: Ting-Lu\n|-damage|p2a: Ting-Lu|2\/100\n|move|p1b: Abomasnow|Blizzard|p2a: Ting-Lu\n|-supereffective|p2a: Ting-Lu\n|-damage|p2a: Ting-Lu|0 fnt\n|faint|p2a: Ting-Lu\n|\n|win|Zeitgeistiest\n|raw|Zeitgeistiest's rating: 1130 → 1153<\/strong> (+23 for winning)\n|raw|hysaaron's rating: 1106 → 1083<\/strong> (-23 for losing)\n","uploadtime":1682914122,"views":12,"p1id":"zeitgeistiest","p2id":"hysaaron","formatid":"gen9vgc2023regulationc","rating":1083,"private":0,"password":""}