{"id":"gen9vgc2023regulationc-1862561793","p1":"ThatGuyTi","p2":"mfDOOMvmax","format":"[Gen 9] VGC 2023 Regulation C","log":"|j|\u2606ThatGuyTi\n|j|\u2606mfDOOMvmax\n|t:|1683900952\n|gametype|doubles\n|player|p1|ThatGuyTi|lance|1158\n|player|p2|mfDOOMvmax|ingo|1192\n|teamsize|p1|6\n|teamsize|p2|6\n|gen|9\n|tier|[Gen 9] VGC 2023 Regulation C\n|rated|\n|rule|Species Clause: Limit one of each Pok\u00e9mon\n|rule|Item Clause: Limit one of each item\n|clearpoke\n|poke|p1|Abomasnow, L50, M|\n|poke|p1|Iron Bundle, L50|\n|poke|p1|Indeedee-F, L50, F|\n|poke|p1|Annihilape, L50, M|\n|poke|p1|Chi-Yu, L50|\n|poke|p1|Meowscarada, L50, F|\n|poke|p2|Orthworm, L50, M|\n|poke|p2|Ceruledge, L50, M|\n|poke|p2|Gholdengo, L50|\n|poke|p2|Flutter Mane, L50|\n|poke|p2|Tyranitar, L50, F|\n|poke|p2|Wo-Chien, L50|\n|teampreview|4\n|inactive|Battle timer is ON: inactive players will automatically lose when time's up. (requested by mfDOOMvmax)\n|inactive|mfDOOMvmax has 60 seconds left.\n|\n|t:|1683900984\n|start\n|switch|p1a: Abomasnow|Abomasnow, L50, M, shiny|100\/100\n|switch|p1b: Indeedee|Indeedee-F, L50, F|100\/100\n|switch|p2a: Ceruledge|Ceruledge, L50, M|100\/100\n|switch|p2b: Tyranitar|Tyranitar, L50, F, shiny|100\/100\n|-fieldstart|move: Psychic Terrain|[from] ability: Psychic Surge|[of] p1b: Indeedee\n|-enditem|p1b: Indeedee|Psychic Seed\n|-boost|p1b: Indeedee|spd|1|[from] item: Psychic Seed\n|-weather|Sandstorm|[from] ability: Sand Stream|[of] p2b: Tyranitar\n|-weather|Snow|[from] ability: Snow Warning|[of] p1a: Abomasnow\n|turn|1\n|\n|t:|1683901006\n|-terastallize|p1a: Abomasnow|Water\n|move|p2a: Ceruledge|Bulk Up|p2a: Ceruledge\n|-boost|p2a: Ceruledge|atk|1\n|-boost|p2a: Ceruledge|def|1\n|move|p1b: Indeedee|Psychic|p2a: Ceruledge\n|-damage|p2a: Ceruledge|62\/100\n|move|p2b: Tyranitar|Rock Slide|p1b: Indeedee|[spread] p1a,p1b\n|-damage|p1a: Abomasnow|51\/100\n|-damage|p1b: Indeedee|47\/100\n|move|p1a: Abomasnow|Aurora Veil|p1a: Abomasnow\n|-sidestart|p1: ThatGuyTi|move: Aurora Veil\n|\n|-weather|Snow|[upkeep]\n|upkeep\n|turn|2\n|\n|t:|1683901024\n|move|p2a: Ceruledge|Bitter Blade|p1b: Indeedee\n|-damage|p1b: Indeedee|0 fnt\n|-heal|p2a: Ceruledge|81\/100|[from] drain|[of] p1b: Indeedee\n|faint|p1b: Indeedee\n|move|p2b: Tyranitar|Rock Slide|p1a: Abomasnow|[miss]\n|-miss|p2b: Tyranitar|p1a: Abomasnow\n|move|p1a: Abomasnow|Giga Drain|p2b: Tyranitar\n|-supereffective|p2b: Tyranitar\n|-damage|p2b: Tyranitar|54\/100\n|-heal|p1a: Abomasnow|80\/100|[from] drain|[of] p2b: Tyranitar\n|\n|-weather|Snow|[upkeep]\n|upkeep\n|\n|t:|1683901047\n|switch|p1b: Chi-Yu|Chi-Yu, L50|100\/100\n|-ability|p1b: Chi-Yu|Beads of Ruin\n|turn|3\n|inactive|mfDOOMvmax has 30 seconds left.\n|\n|t:|1683901074\n|move|p2a: Ceruledge|Shadow Sneak|p1a: Abomasnow\n|-activate|p1a: Abomasnow|move: Psychic Terrain\n|move|p1b: Chi-Yu|Dark Pulse|p2a: Ceruledge\n|-supereffective|p2a: Ceruledge\n|-damage|p2a: Ceruledge|0 fnt\n|faint|p2a: Ceruledge\n|move|p2b: Tyranitar|Rock Slide|p1a: Abomasnow|[spread] p1a,p1b\n|-supereffective|p1b: Chi-Yu\n|-damage|p1a: Abomasnow|49\/100\n|-enditem|p1b: Chi-Yu|Focus Sash\n|-damage|p1b: Chi-Yu|1\/100\n|move|p1a: Abomasnow|Blizzard|p2b: Tyranitar\n|-damage|p2b: Tyranitar|7\/100\n|\n|-weather|Snow|[upkeep]\n|upkeep\n|\n|t:|1683901092\n|switch|p2a: Gholdengo|Gholdengo, L50|100\/100\n|turn|4\n|\n|t:|1683901116\n|switch|p2b: Wo-Chien|Wo-Chien, L50|100\/100\n|-ability|p2b: Wo-Chien|Tablets of Ruin\n|-terastallize|p2a: Gholdengo|Water\n|move|p1b: Chi-Yu|Heat Wave|p2a: Gholdengo|[spread] p2a,p2b\n|-resisted|p2a: Gholdengo\n|-supereffective|p2b: Wo-Chien\n|-damage|p2a: Gholdengo|70\/100\n|-damage|p2b: Wo-Chien|44\/100\n|move|p2a: Gholdengo|Make It Rain|p1b: Chi-Yu|[spread] p1a,p1b\n|-resisted|p1a: Abomasnow\n|-resisted|p1b: Chi-Yu\n|-damage|p1a: Abomasnow|29\/100\n|-damage|p1b: Chi-Yu|0 fnt\n|-unboost|p2a: Gholdengo|spa|1\n|faint|p1b: Chi-Yu\n|move|p1a: Abomasnow|Blizzard|p2a: Gholdengo|[spread] p2a,p2b\n|-resisted|p2a: Gholdengo\n|-supereffective|p2b: Wo-Chien\n|-crit|p2b: Wo-Chien\n|-damage|p2a: Gholdengo|52\/100\n|-damage|p2b: Wo-Chien|0 fnt\n|faint|p2b: Wo-Chien\n|\n|-weather|Snow|[upkeep]\n|upkeep\n|\n|t:|1683901136\n|switch|p1b: Iron Bundle|Iron Bundle, L50|100\/100\n|switch|p2b: Tyranitar|Tyranitar, L50, F, shiny|7\/100\n|-weather|Sandstorm|[from] ability: Sand Stream|[of] p2b: Tyranitar\n|-enditem|p1b: Iron Bundle|Booster Energy\n|-activate|p1b: Iron Bundle|ability: Quark Drive|[fromitem]\n|-start|p1b: Iron Bundle|quarkdrivespe\n|turn|5\n|inactive|ThatGuyTi has 30 seconds left.\n|inactive|mfDOOMvmax has 30 seconds left.\n|inactive|mfDOOMvmax has 20 seconds left.\n|inactive|mfDOOMvmax has 15 seconds left.\n|\n|t:|1683901177\n|move|p1b: Iron Bundle|Freeze-Dry|p2b: Tyranitar\n|-damage|p2b: Tyranitar|0 fnt\n|faint|p2b: Tyranitar\n|move|p2a: Gholdengo|Make It Rain|p1a: Abomasnow|[spread] p1a,p1b\n|-resisted|p1a: Abomasnow\n|-damage|p1a: Abomasnow|19\/100\n|-damage|p1b: Iron Bundle|61\/100\n|-unboost|p2a: Gholdengo|spa|1\n|move|p1a: Abomasnow|Giga Drain|p2a: Gholdengo\n|-supereffective|p2a: Gholdengo\n|-damage|p2a: Gholdengo|0 fnt\n|-heal|p1a: Abomasnow|44\/100|[from] drain|[of] p2a: Gholdengo\n|faint|p2a: Gholdengo\n|\n|win|ThatGuyTi\n|raw|ThatGuyTi's rating: 1158 → 1185<\/strong> (+27 for winning)\n|raw|mfDOOMvmax's rating: 1192 → 1165<\/strong> (-27 for losing)\n","uploadtime":1683901187,"views":9,"p1id":"thatguyti","p2id":"mfdoomvmax","formatid":"gen9vgc2023regulationc","rating":1165,"private":0,"password":""}