{"id":"gen9vgc2023regulationc-1854550678","p1":"grade a type b","p2":"esotilin123456","format":"[Gen 9] VGC 2023 Regulation C","log":"|j|\u2606grade a type b\n|j|\u2606esotilin123456\n|t:|1682825705\n|gametype|doubles\n|player|p1|grade a type b|fisherman|\n|player|p2|esotilin123456|hilbert-wonderlauncher|\n|teamsize|p1|6\n|teamsize|p2|6\n|gen|9\n|tier|[Gen 9] VGC 2023 Regulation C\n|rated|Tournament battle\n|rule|Species Clause: Limit one of each Pok\u00e9mon\n|rule|Item Clause: Limit one of each item\n|clearpoke\n|poke|p1|Tyranitar, L50, F|\n|poke|p1|Chien-Pao, L50|\n|poke|p1|Palafin, L50, F|\n|poke|p1|Lycanroc, L50, M|\n|poke|p1|Dragonite, L50, M|\n|poke|p1|Gholdengo, L50|\n|poke|p2|Arcanine, L50, M|\n|poke|p2|Gastrodon, L50, F|\n|poke|p2|Rotom-Mow, L50|\n|poke|p2|Tyranitar, L50, M|\n|poke|p2|Corviknight, L50, M|\n|poke|p2|Salamence, L50, M|\n|teampreview|4\n|raw| Open Team Sheet for grade a type b<\/summary>Godzilla (Tyranitar) @ Assault Vest Ability: Sand Stream Level: 50 Tera Type: Flying - Rock Slide - Tera Blast - Brick Break - Assurance Trevor Lawrence (Chien-Pao) @ Life Orb Ability: Sword of Ruin Level: 50 Tera Type: Ghost - Ice Spinner - Sucker Punch - Sacred Sword - Protect The Hero (Palafin) @ Mystic Water Ability: Zero to Hero Level: 50 Tera Type: Grass - Jet Punch - Wave Crash - Haze - Protect Kodakai (Lycanroc) @ Focus Sash Ability: Sand Rush Level: 50 Tera Type: Fighting - Protect - Psychic Fangs - Rock Slide - Close Combat The Real Dnite (Dragonite) @ Choice Band Ability: Multiscale Level: 50 Tera Type: Normal - Extreme Speed - Ice Spinner - Outrage - Stomping Tantrum NBA GoldBoy (Gholdengo) @ Leftovers Ability: Good as Gold Level: 50 Tera Type: Water - Nasty Plot - Make It Rain - Protect - Thunderbolt <\/details><\/div> Open Team Sheet for esotilin123456<\/summary>good boi (Arcanine) (M) @ Assault Vest Ability: Intimidate Level: 50 Tera Type: Grass - Flare Blitz - Extreme Speed - Snarl - Close Combat GROHAHSHSHSH (Gastrodon) (F) @ Leftovers Ability: Storm Drain Level: 50 Tera Type: Fire - Protect - Yawn - Ice Beam - Earth Power IRON MUGULIS (Rotom-Mow) @ Life Orb Ability: Levitate Level: 50 Tera Type: Electric - Protect - Will-O-Wisp - Thunderbolt - Leaf Storm Great Tyrant (Tyranitar) (M) @ Chople Berry Ability: Sand Stream Level: 50 Shiny: Yes Tera Type: Rock - Protect - Rock Slide - Crunch - Ice Punch IRON BIRD (Corviknight) @ Aguav Berry Ability: Mirror Armor Level: 50 Tera Type: Fire - Protect - Bulk Up - Brave Bird - Roost THE LIZARD (Salamence) @ Scope Lens Ability: Intimidate Level: 50 Tera Type: Fire - Protect - Focus Energy - Draco Meteor - Flamethrower <\/details><\/div>\n|j| blakesherm\n|c|\u2606esotilin123456|glhf\n|c|\u2606grade a type b|f u\n|inactive|Battle timer is ON: inactive players will automatically lose when time's up. (requested by esotilin123456)\n|inactive|grade a type b has 60 seconds left.\n|\n|t:|1682825767\n|start\n|switch|p1a: NBA GoldBoy|Gholdengo, L50|100\/100\n|switch|p1b: The Real Dnite|Dragonite, L50, M|100\/100\n|switch|p2a: good boi|Arcanine, L50, M|100\/100\n|switch|p2b: Great Tyrant|Tyranitar, L50, M, shiny|100\/100\n|-ability|p2a: good boi|Intimidate|boost\n|-unboost|p1a: NBA GoldBoy|atk|1\n|-unboost|p1b: The Real Dnite|atk|1\n|-weather|Sandstorm|[from] ability: Sand Stream|[of] p2b: Great Tyrant\n|turn|1\n|j| jdf'adefj\n|inactive|esotilin123456 has 30 seconds left.\n|inactive|esotilin123456 has 20 seconds left.\n|\n|t:|1682825802\n|switch|p1b: Godzilla|Tyranitar, L50, F|100\/100\n|-terastallize|p2b: Great Tyrant|Rock\n|move|p1a: NBA GoldBoy|Protect|p1a: NBA GoldBoy\n|-singleturn|p1a: NBA GoldBoy|Protect\n|move|p2a: good boi|Extreme Speed|p1b: Godzilla\n|-resisted|p1b: Godzilla\n|-damage|p1b: Godzilla|90\/100\n|move|p2b: Great Tyrant|Rock Slide|p1b: Godzilla|[spread] p1b\n|-activate|p1a: NBA GoldBoy|move: Protect\n|-damage|p1b: Godzilla|58\/100\n|\n|-weather|Sandstorm|[upkeep]\n|-damage|p2a: good boi|94\/100|[from] Sandstorm\n|upkeep\n|turn|2\n|j| oh now I get it\n|\n|t:|1682825823\n|switch|p2b: THE LIZARD|Salamence, L50, M|100\/100\n|-ability|p2b: THE LIZARD|Intimidate|boost\n|-unboost|p1a: NBA GoldBoy|atk|1\n|-unboost|p1b: Godzilla|atk|1\n|switch|p1b: The Real Dnite|Dragonite, L50, M|100\/100\n|move|p2a: good boi|Close Combat|p1b: The Real Dnite\n|-resisted|p1b: The Real Dnite\n|-damage|p1b: The Real Dnite|91\/100\n|-unboost|p2a: good boi|def|1\n|-unboost|p2a: good boi|spd|1\n|move|p1a: NBA GoldBoy|Make It Rain|p2a: good boi|[spread] p2a,p2b\n|-resisted|p2a: good boi\n|-crit|p2a: good boi\n|-damage|p2a: good boi|57\/100\n|-damage|p2b: THE LIZARD|41\/100\n|-unboost|p1a: NBA GoldBoy|spa|1\n|\n|-weather|Sandstorm|[upkeep]\n|-damage|p2b: THE LIZARD|35\/100|[from] Sandstorm\n|-damage|p2a: good boi|50\/100|[from] Sandstorm\n|-damage|p1b: The Real Dnite|85\/100|[from] Sandstorm\n|upkeep\n|turn|3\n|\n|t:|1682825845\n|switch|p1a: Trevor Lawrence|Chien-Pao, L50|100\/100\n|-ability|p1a: Trevor Lawrence|Sword of Ruin\n|-terastallize|p1b: The Real Dnite|Normal\n|move|p1b: The Real Dnite|Extreme Speed|p2a: good boi\n|-damage|p2a: good boi|0 fnt\n|faint|p2a: good boi\n|move|p2b: THE LIZARD|Draco Meteor|p1b: The Real Dnite\n|-damage|p1b: The Real Dnite|30\/100\n|-unboost|p2b: THE LIZARD|spa|2\n|\n|-weather|Sandstorm|[upkeep]\n|-damage|p1a: Trevor Lawrence|95\/100|[from] Sandstorm\n|-damage|p2b: THE LIZARD|29\/100|[from] Sandstorm\n|-damage|p1b: The Real Dnite|24\/100|[from] Sandstorm\n|upkeep\n|\n|t:|1682825854\n|switch|p2a: Great Tyrant|Tyranitar, L50, M, shiny, tera:Rock|100\/100\n|turn|4\n|\n|t:|1682825860\n|switch|p2b: GROHAHSHSHSH|Gastrodon, L50, F|100\/100\n|move|p1b: The Real Dnite|Extreme Speed|p2a: Great Tyrant\n|-resisted|p2a: Great Tyrant\n|-damage|p2a: Great Tyrant|63\/100\n|move|p1a: Trevor Lawrence|Sacred Sword|p2a: Great Tyrant\n|-supereffective|p2a: Great Tyrant\n|-enditem|p2a: Great Tyrant|Chople Berry|[eat]\n|-enditem|p2a: Great Tyrant|Chople Berry|[weaken]\n|-damage|p2a: Great Tyrant|18\/100\n|-damage|p1a: Trevor Lawrence|85\/100|[from] item: Life Orb\n|move|p2a: Great Tyrant|Rock Slide|p1a: Trevor Lawrence|[spread] p1a,p1b\n|-supereffective|p1a: Trevor Lawrence\n|-damage|p1a: Trevor Lawrence|0 fnt\n|-damage|p1b: The Real Dnite|0 fnt\n|faint|p1a: Trevor Lawrence\n|faint|p1b: The Real Dnite\n|\n|-weather|Sandstorm|[upkeep]\n|upkeep\n|\n|t:|1682825870\n|switch|p1a: NBA GoldBoy|Gholdengo, L50|100\/100\n|switch|p1b: Godzilla|Tyranitar, L50, F|58\/100\n|turn|5\n|\n|t:|1682825879\n|move|p1a: NBA GoldBoy|Make It Rain|p2a: Great Tyrant|[spread] p2a,p2b\n|-supereffective|p2a: Great Tyrant\n|-resisted|p2b: GROHAHSHSHSH\n|-damage|p2a: Great Tyrant|0 fnt\n|-damage|p2b: GROHAHSHSHSH|75\/100\n|-unboost|p1a: NBA GoldBoy|spa|1\n|faint|p2a: Great Tyrant\n|move|p1b: Godzilla|Assurance|p2b: GROHAHSHSHSH\n|-damage|p2b: GROHAHSHSHSH|3\/100\n|move|p2b: GROHAHSHSHSH|Earth Power|p1a: NBA GoldBoy\n|-supereffective|p1a: NBA GoldBoy\n|-crit|p1a: NBA GoldBoy\n|-damage|p1a: NBA GoldBoy|0 fnt\n|faint|p1a: NBA GoldBoy\n|\n|-weather|none\n|-heal|p2b: GROHAHSHSHSH|9\/100|[from] item: Leftovers\n|upkeep\n|\n|t:|1682825891\n|switch|p2a: THE LIZARD|Salamence, L50, M|29\/100\n|-ability|p2a: THE LIZARD|Intimidate|boost\n|-unboost|p1b: Godzilla|atk|1\n|turn|6\n|\n|t:|1682825896\n|move|p2a: THE LIZARD|Draco Meteor|p1b: Godzilla\n|-damage|p1b: Godzilla|22\/100\n|-unboost|p2a: THE LIZARD|spa|2\n|move|p1b: Godzilla|Rock Slide|p2b: GROHAHSHSHSH|[spread] p2a,p2b\n|-supereffective|p2a: THE LIZARD\n|-resisted|p2b: GROHAHSHSHSH\n|-damage|p2a: THE LIZARD|0 fnt\n|-damage|p2b: GROHAHSHSHSH|0 fnt\n|faint|p2a: THE LIZARD\n|faint|p2b: GROHAHSHSHSH\n|\n|win|grade a type b\n|n|\u2606grade a type b|gradeatypeb\n|n|\u2606esotilin123456|esotilin123456\n|n| blakesherm|blakesherm\n|n| jdf'adefj|jdfadefj\n|n| oh now I get it|ohnowigetit\n","uploadtime":1682825898,"views":7,"p1id":"gradeatypeb","p2id":"esotilin123456","formatid":"gen9vgc2023regulationc","rating":0,"private":0,"password":""}