{"id":"gen9vgc2023regulationc-1860872116","p1":"MaxYoo","p2":"Kwiper","format":"[Gen 9] VGC 2023 Regulation C","log":"|j|\u2606MaxYoo\n|j|\u2606Kwiper\n|t:|1683688490\n|gametype|doubles\n|player|p1|MaxYoo|101|1549\n|player|p2|Kwiper|thorton|1452\n|teamsize|p1|6\n|teamsize|p2|6\n|gen|9\n|tier|[Gen 9] VGC 2023 Regulation C\n|rated|\n|rule|Species Clause: Limit one of each Pok\u00e9mon\n|rule|Item Clause: Limit one of each item\n|clearpoke\n|poke|p1|Dragonite, L50, M|\n|poke|p1|Chien-Pao, L50|\n|poke|p1|Murkrow, L50, F|\n|poke|p1|Gholdengo, L50|\n|poke|p1|Chi-Yu, L50|\n|poke|p1|Flutter Mane, L50|\n|poke|p2|Gastrodon-East, L50, M|\n|poke|p2|Chi-Yu, L50|\n|poke|p2|Tyranitar, L50, F|\n|poke|p2|Iron Bundle, L50|\n|poke|p2|Dragapult, L50, M|\n|poke|p2|Amoonguss, L50, M|\n|teampreview|4\n|inactive|Battle timer is ON: inactive players will automatically lose when time's up. (requested by Kwiper)\n|inactive|MaxYoo has 60 seconds left.\n|\n|t:|1683688545\n|start\n|switch|p1a: Murkrow|Murkrow, L50, F|100\/100\n|switch|p1b: Chien-Pao|Chien-Pao, L50|100\/100\n|switch|p2a: Dragapult|Dragapult, L50, M|100\/100\n|switch|p2b: Amoonguss|Amoonguss, L50, M|100\/100\n|-ability|p1b: Chien-Pao|Sword of Ruin\n|turn|1\n|inactive|MaxYoo has 30 seconds left.\n|inactive|MaxYoo has 20 seconds left.\n|inactive|MaxYoo has 15 seconds left.\n|inactive|MaxYoo has 10 seconds left.\n|\n|t:|1683688591\n|switch|p1a: Gholdengo|Gholdengo, L50|100\/100\n|move|p2b: Amoonguss|Rage Powder|p2b: Amoonguss\n|-singleturn|p2b: Amoonguss|move: Rage Powder\n|move|p2a: Dragapult|U-turn|p1b: Chien-Pao\n|-supereffective|p1b: Chien-Pao\n|-enditem|p1b: Chien-Pao|Focus Sash\n|-damage|p1b: Chien-Pao|1\/100\n|\n|t:|1683688597\n|switch|p2a: Tyranitar|Tyranitar, L50, F|100\/100|[from] U-turn\n|-weather|Sandstorm|[from] ability: Sand Stream|[of] p2a: Tyranitar\n|move|p1b: Chien-Pao|Ice Spinner|p2b: Amoonguss\n|-supereffective|p2b: Amoonguss\n|-damage|p2b: Amoonguss|11\/100\n|-damage|p1b: Chien-Pao|0 fnt|[from] item: Rocky Helmet|[of] p2b: Amoonguss\n|faint|p1b: Chien-Pao\n|\n|-weather|Sandstorm|[upkeep]\n|-damage|p2b: Amoonguss|5\/100|[from] Sandstorm\n|upkeep\n|\n|t:|1683688615\n|switch|p1b: Murkrow|Murkrow, L50, F|100\/100\n|turn|2\n|\n|t:|1683688629\n|switch|p2b: Chi-Yu|Chi-Yu, L50|100\/100\n|-ability|p2b: Chi-Yu|Beads of Ruin\n|-terastallize|p1a: Gholdengo|Water\n|move|p1b: Murkrow|Foul Play|p2a: Tyranitar\n|-resisted|p2a: Tyranitar\n|-damage|p2a: Tyranitar|79\/100\n|move|p2a: Tyranitar|Rock Slide|p1a: Gholdengo|[spread] p1a,p1b\n|-supereffective|p1b: Murkrow\n|-damage|p1a: Gholdengo|72\/100\n|-damage|p1b: Murkrow|53\/100\n|move|p1a: Gholdengo|Make It Rain|p2a: Tyranitar|[spread] p2a,p2b\n|-supereffective|p2a: Tyranitar\n|-resisted|p2b: Chi-Yu\n|-damage|p2a: Tyranitar|13\/100\n|-damage|p2b: Chi-Yu|65\/100\n|-unboost|p1a: Gholdengo|spa|1\n|\n|-weather|Sandstorm|[upkeep]\n|-damage|p2b: Chi-Yu|59\/100|[from] Sandstorm\n|-damage|p1b: Murkrow|47\/100|[from] Sandstorm\n|-damage|p1a: Gholdengo|66\/100|[from] Sandstorm\n|upkeep\n|turn|3\n|inactive|MaxYoo has 30 seconds left.\n|\n|t:|1683688656\n|-terastallize|p2b: Chi-Yu|Grass\n|move|p1b: Murkrow|Tailwind|p1b: Murkrow\n|-sidestart|p1: MaxYoo|move: Tailwind\n|move|p1a: Gholdengo|Make It Rain|p2a: Tyranitar|[spread] p2a,p2b\n|-supereffective|p2a: Tyranitar\n|-damage|p2a: Tyranitar|0 fnt\n|-damage|p2b: Chi-Yu|10\/100\n|-unboost|p1a: Gholdengo|spa|1\n|faint|p2a: Tyranitar\n|move|p2b: Chi-Yu|Tera Blast|p1a: Gholdengo\n|-supereffective|p1a: Gholdengo\n|-damage|p1a: Gholdengo|0 fnt\n|faint|p1a: Gholdengo\n|\n|-weather|Sandstorm|[upkeep]\n|-damage|p1b: Murkrow|41\/100|[from] Sandstorm\n|-damage|p2b: Chi-Yu|4\/100|[from] Sandstorm\n|upkeep\n|\n|t:|1683688674\n|switch|p2a: Amoonguss|Amoonguss, L50, M|38\/100\n|switch|p1a: Dragonite|Dragonite, L50, M|100\/100\n|turn|4\n|inactive|MaxYoo has 30 seconds left.\n|\n|t:|1683688700\n|move|p2a: Amoonguss|Rage Powder|p2a: Amoonguss\n|-singleturn|p2a: Amoonguss|move: Rage Powder\n|move|p1b: Murkrow|Foul Play|p2a: Amoonguss\n|-damage|p2a: Amoonguss|18\/100\n|-damage|p1b: Murkrow|24\/100|[from] item: Rocky Helmet|[of] p2a: Amoonguss\n|move|p1a: Dragonite|Outrage|p2a: Amoonguss\n|-damage|p2a: Amoonguss|0 fnt\n|-damage|p1a: Dragonite|84\/100|[from] item: Rocky Helmet|[of] p2a: Amoonguss\n|faint|p2a: Amoonguss\n|move|p2b: Chi-Yu|Tera Blast|p1b: Murkrow\n|-resisted|p1b: Murkrow\n|-damage|p1b: Murkrow|0 fnt\n|faint|p1b: Murkrow\n|\n|-weather|Sandstorm|[upkeep]\n|-damage|p1a: Dragonite|79\/100|[from] Sandstorm\n|-damage|p2b: Chi-Yu|0 fnt|[from] Sandstorm\n|faint|p2b: Chi-Yu\n|upkeep\n|\n|t:|1683688709\n|switch|p2b: Dragapult|Dragapult, L50, M|100\/100\n|turn|5\n|\n|t:|1683688722\n|move|p2b: Dragapult|Dragon Darts|p1a: Dragonite\n|-supereffective|p1a: Dragonite\n|-damage|p1a: Dragonite|5\/100\n|-anim|p2b: Dragapult|Dragon Darts|p1a: Dragonite\n|-supereffective|p1a: Dragonite\n|-damage|p1a: Dragonite|0 fnt\n|faint|p1a: Dragonite\n|\n|win|Kwiper\n|raw|MaxYoo's rating: 1549 → 1524<\/strong> (-25 for losing)\n|raw|Kwiper's rating: 1452 → 1477<\/strong> (+25 for winning)\n|l|\u2606MaxYoo\n","uploadtime":1683688739,"views":18,"p1id":"maxyoo","p2id":"kwiper","formatid":"gen9vgc2023regulationc","rating":1477,"private":0,"password":""}