{"id":"gen9vgc2023regulationc-1846416224","p1":"lnfernape","p2":"mpreg","format":"[Gen 9] VGC 2023 Regulation C","log":"|j|\u2606lnfernape\n|j|\u2606mpreg\n|t:|1681839125\n|gametype|doubles\n|player|p1|lnfernape|jasmine|1409\n|player|p2|mpreg|juan|1424\n|teamsize|p1|6\n|teamsize|p2|6\n|gen|9\n|tier|[Gen 9] VGC 2023 Regulation C\n|rated|\n|rule|Species Clause: Limit one of each Pok\u00e9mon\n|rule|Item Clause: Limit one of each item\n|clearpoke\n|poke|p1|Tatsugiri, L50, M|\n|poke|p1|Dondozo, L50, F|\n|poke|p1|Baxcalibur, L50, F|\n|poke|p1|Flutter Mane, L50|\n|poke|p1|Chi-Yu, L50|\n|poke|p1|Talonflame, L50, F|\n|poke|p2|Corviknight, L50, F|\n|poke|p2|Amoonguss, L50, F|\n|poke|p2|Roaring Moon, L50|\n|poke|p2|Dugtrio, L50, M|\n|poke|p2|Chi-Yu, L50|\n|poke|p2|Tinkaton, L50, F|\n|teampreview|4\n|inactive|Battle timer is ON: inactive players will automatically lose when time's up. (requested by lnfernape)\n|inactive|lnfernape has 60 seconds left.\n|inactive|mpreg has 60 seconds left.\n|\n|t:|1681839178\n|start\n|switch|p1a: Chi-Yu|Chi-Yu, L50|100\/100\n|switch|p1b: Talonflame|Talonflame, L50, F|100\/100\n|switch|p2a: Tinkaton|Tinkaton, L50, F|100\/100\n|switch|p2b: rawrrrr :3|Roaring Moon, L50|100\/100\n|-ability|p1a: Chi-Yu|Beads of Ruin\n|-ability|p2a: Tinkaton|Mold Breaker\n|-enditem|p2b: rawrrrr :3|Booster Energy\n|-activate|p2b: rawrrrr :3|ability: Protosynthesis|[fromitem]\n|-start|p2b: rawrrrr :3|protosynthesisspe\n|turn|1\n|inactive|lnfernape has 30 seconds left.\n|inactive|mpreg has 30 seconds left.\n|\n|t:|1681839206\n|-terastallize|p1b: Talonflame|Ghost\n|move|p1a: Chi-Yu|Protect|p1a: Chi-Yu\n|-singleturn|p1a: Chi-Yu|Protect\n|move|p2a: Tinkaton|Protect|p2a: Tinkaton\n|-singleturn|p2a: Tinkaton|Protect\n|move|p2b: rawrrrr :3|Tailwind|p2b: rawrrrr :3\n|-sidestart|p2: mpreg|move: Tailwind\n|move|p1b: Talonflame|Will-O-Wisp|p2b: rawrrrr :3\n|-status|p2b: rawrrrr :3|brn\n|\n|-damage|p2b: rawrrrr :3|95\/100 brn|[from] brn\n|upkeep\n|turn|2\n|\n|t:|1681839228\n|move|p2a: Tinkaton|Feint|p1b: Talonflame\n|-immune|p1b: Talonflame\n|move|p1b: Talonflame|Tailwind|p1b: Talonflame\n|-sidestart|p1: lnfernape|move: Tailwind\n|move|p2b: rawrrrr :3|Rock Slide|p1a: Chi-Yu|[spread] p1a,p1b\n|-supereffective|p1a: Chi-Yu\n|-damage|p1a: Chi-Yu|72\/100\n|-damage|p1b: Talonflame|88\/100\n|cant|p1a: Chi-Yu|flinch\n|\n|-damage|p2b: rawrrrr :3|89\/100 brn|[from] brn\n|upkeep\n|turn|3\n|c|\u2606mpreg|im dumb\n|inactive|mpreg has 30 seconds left.\n|\n|t:|1681839259\n|move|p2b: rawrrrr :3|Rock Slide|p1b: Talonflame|[spread] p1a,p1b\n|-supereffective|p1a: Chi-Yu\n|-damage|p1a: Chi-Yu|44\/100\n|-damage|p1b: Talonflame|78\/100\n|cant|p1b: Talonflame|flinch\n|cant|p1a: Chi-Yu|flinch\n|move|p2a: Tinkaton|Gigaton Hammer|p1a: Chi-Yu\n|-resisted|p1a: Chi-Yu\n|-damage|p1a: Chi-Yu|0 fnt\n|faint|p1a: Chi-Yu\n|\n|-damage|p2b: rawrrrr :3|83\/100 brn|[from] brn\n|upkeep\n|inactive|lnfernape has 30 seconds left.\n|\n|t:|1681839288\n|switch|p1a: Dondozo|Dondozo, L50, F|100\/100\n|turn|4\n|inactive|mpreg has 30 seconds left.\n|\n|t:|1681839318\n|switch|p2a: imposter|Amoonguss, L50, F|100\/100\n|move|p2b: rawrrrr :3|Rock Slide|p1a: Dondozo|[spread] p1a,p1b\n|-damage|p1a: Dondozo|96\/100\n|-damage|p1b: Talonflame|66\/100\n|cant|p1b: Talonflame|flinch\n|move|p1a: Dondozo|Wave Crash|p2b: rawrrrr :3\n|-resisted|p2b: rawrrrr :3\n|-damage|p2b: rawrrrr :3|59\/100 brn\n|-damage|p1a: Dondozo|89\/100|[from] Recoil\n|\n|-heal|p1a: Dondozo|95\/100|[from] item: Leftovers\n|-damage|p2b: rawrrrr :3|53\/100 brn|[from] brn\n|-sideend|p2: mpreg|move: Tailwind\n|upkeep\n|turn|5\n|inactive|lnfernape has 30 seconds left.\n|\n|t:|1681839352\n|move|p1b: Talonflame|Taunt|p2a: imposter\n|-start|p2a: imposter|move: Taunt\n|move|p2b: rawrrrr :3|Rock Slide|p1b: Talonflame|[spread] p1a,p1b\n|-damage|p1a: Dondozo|90\/100\n|-damage|p1b: Talonflame|55\/100\n|move|p1a: Dondozo|Yawn|p2a: imposter\n|-start|p2a: imposter|move: Yawn|[of] p1a: Dondozo\n|cant|p2a: imposter|move: Taunt|Toxic\n|\n|-heal|p1a: Dondozo|96\/100|[from] item: Leftovers\n|-damage|p2b: rawrrrr :3|47\/100 brn|[from] brn\n|-sideend|p1: lnfernape|move: Tailwind\n|upkeep\n|turn|6\n|\n|t:|1681839371\n|switch|p2a: Tinkaton|Tinkaton, L50, F|100\/100\n|-ability|p2a: Tinkaton|Mold Breaker\n|move|p2b: rawrrrr :3|Tailwind|p2b: rawrrrr :3\n|-sidestart|p2: mpreg|move: Tailwind\n|move|p1b: Talonflame|Will-O-Wisp|p2a: Tinkaton\n|-status|p2a: Tinkaton|brn\n|move|p1a: Dondozo|Wave Crash|p2a: Tinkaton\n|-damage|p2a: Tinkaton|55\/100 brn\n|-damage|p1a: Dondozo|84\/100|[from] Recoil\n|\n|-heal|p1a: Dondozo|91\/100|[from] item: Leftovers\n|-damage|p2b: rawrrrr :3|41\/100 brn|[from] brn\n|-damage|p2a: Tinkaton|49\/100 brn|[from] brn\n|upkeep\n|turn|7\n|\n|t:|1681839396\n|move|p1a: Dondozo|Protect|p1a: Dondozo\n|-singleturn|p1a: Dondozo|Protect\n|move|p2b: rawrrrr :3|Rock Slide|p1b: Talonflame|[spread] \n|-activate|p1a: Dondozo|move: Protect\n|-miss|p2b: rawrrrr :3|p1b: Talonflame\n|move|p2a: Tinkaton|Gigaton Hammer|p1b: Talonflame\n|-damage|p1b: Talonflame|16\/100\n|move|p1b: Talonflame|Tailwind|p1b: Talonflame\n|-sidestart|p1: lnfernape|move: Tailwind\n|\n|-heal|p1a: Dondozo|97\/100|[from] item: Leftovers\n|-damage|p2b: rawrrrr :3|35\/100 brn|[from] brn\n|-damage|p2a: Tinkaton|43\/100 brn|[from] brn\n|upkeep\n|turn|8\n|inactive|lnfernape has 30 seconds left.\n|\n|t:|1681839429\n|switch|p2a: imposter|Amoonguss, L50, F|100\/100\n|move|p2b: rawrrrr :3|Acrobatics|p1b: Talonflame\n|-damage|p1b: Talonflame|0 fnt\n|faint|p1b: Talonflame\n|move|p1a: Dondozo|Wave Crash|p2b: rawrrrr :3\n|-resisted|p2b: rawrrrr :3\n|-damage|p2b: rawrrrr :3|14\/100 brn\n|-damage|p1a: Dondozo|91\/100|[from] Recoil\n|\n|-heal|p1a: Dondozo|97\/100|[from] item: Leftovers\n|-damage|p2b: rawrrrr :3|8\/100 brn|[from] brn\n|upkeep\n|\n|t:|1681839438\n|switch|p1b: Baxcalibur|Baxcalibur, L50, F|100\/100\n|turn|9\n|inactive|lnfernape has 30 seconds left.\n|\n|t:|1681839465\n|-terastallize|p2a: imposter|Water\n|move|p1b: Baxcalibur|Ice Shard|p2b: rawrrrr :3\n|-supereffective|p2b: rawrrrr :3\n|-damage|p2b: rawrrrr :3|0 fnt\n|faint|p2b: rawrrrr :3\n|-end|p2b: rawrrrr :3|Protosynthesis|[silent]\n|move|p1a: Dondozo|Yawn|p2a: imposter\n|-start|p2a: imposter|move: Yawn|[of] p1a: Dondozo\n|move|p2a: imposter|Spore|p1b: Baxcalibur\n|-status|p1b: Baxcalibur|slp|[from] move: Spore\n|\n|-heal|p1a: Dondozo|100\/100|[from] item: Leftovers\n|-sideend|p2: mpreg|move: Tailwind\n|upkeep\n|\n|t:|1681839475\n|switch|p2b: Corviknight|Corviknight, L50, F|100\/100\n|turn|10\n|\n|t:|1681839489\n|switch|p2a: Tinkaton|Tinkaton, L50, F|43\/100 brn\n|-ability|p2a: Tinkaton|Mold Breaker\n|move|p1a: Dondozo|Protect|p1a: Dondozo\n|-singleturn|p1a: Dondozo|Protect\n|cant|p1b: Baxcalibur|slp\n|move|p2b: Corviknight|Iron Head|p1b: Baxcalibur\n|-supereffective|p1b: Baxcalibur\n|-damage|p1b: Baxcalibur|48\/100 slp\n|\n|-damage|p2a: Tinkaton|36\/100 brn|[from] brn\n|-sideend|p1: lnfernape|move: Tailwind\n|upkeep\n|turn|11\n|inactive|lnfernape has 30 seconds left.\n|\n|t:|1681839517\n|move|p2a: Tinkaton|Feint|p1b: Baxcalibur\n|-damage|p1b: Baxcalibur|44\/100 slp\n|cant|p1b: Baxcalibur|slp\n|move|p2b: Corviknight|Iron Head|p1b: Baxcalibur\n|-supereffective|p1b: Baxcalibur\n|-damage|p1b: Baxcalibur|0 fnt\n|faint|p1b: Baxcalibur\n|move|p1a: Dondozo|Yawn|p2b: Corviknight\n|-start|p2b: Corviknight|move: Yawn|[of] p1a: Dondozo\n|\n|-damage|p2a: Tinkaton|30\/100 brn|[from] brn\n|upkeep\n|turn|12\n|\n|t:|1681839534\n|switch|p2b: imposter|Amoonguss, L50, F, tera:Water|100\/100\n|move|p2a: Tinkaton|Protect|p2a: Tinkaton\n|-singleturn|p2a: Tinkaton|Protect\n|move|p1a: Dondozo|Fissure|p2b: imposter\n|-damage|p2b: imposter|0 fnt\n|faint|p2b: imposter\n|-ohko\n|\n|-damage|p2a: Tinkaton|24\/100 brn|[from] brn\n|upkeep\n|\n|t:|1681839539\n|switch|p2b: Corviknight|Corviknight, L50, F|100\/100\n|turn|13\n|\n|t:|1681839544\n|move|p2a: Tinkaton|Gigaton Hammer|p1a: Dondozo\n|-resisted|p1a: Dondozo\n|-damage|p1a: Dondozo|93\/100\n|move|p2b: Corviknight|Bulk Up|p2b: Corviknight\n|-boost|p2b: Corviknight|atk|1\n|-boost|p2b: Corviknight|def|1\n|move|p1a: Dondozo|Yawn|p2b: Corviknight\n|-start|p2b: Corviknight|move: Yawn|[of] p1a: Dondozo\n|\n|-heal|p1a: Dondozo|99\/100|[from] item: Leftovers\n|-damage|p2a: Tinkaton|18\/100 brn|[from] brn\n|upkeep\n|turn|14\n|\n|t:|1681839553\n|move|p2a: Tinkaton|Feint|p1a: Dondozo\n|-damage|p1a: Dondozo|96\/100\n|move|p2b: Corviknight|Bulk Up|p2b: Corviknight\n|-boost|p2b: Corviknight|atk|1\n|-boost|p2b: Corviknight|def|1\n|move|p1a: Dondozo|Wave Crash|p2b: Corviknight\n|-damage|p2b: Corviknight|69\/100\n|-damage|p1a: Dondozo|88\/100|[from] Recoil\n|\n|-heal|p2b: Corviknight|75\/100|[from] item: Leftovers\n|-heal|p1a: Dondozo|94\/100|[from] item: Leftovers\n|-damage|p2a: Tinkaton|11\/100 brn|[from] brn\n|-end|p2b: Corviknight|move: Yawn|[silent]\n|-status|p2b: Corviknight|slp\n|upkeep\n|turn|15\n|c|\u2606lnfernape|!dt unaware\n|raw| Unaware<\/a><\/span> This Pokemon ignores other Pokemon's stat stages when taking or doing damage.<\/span> <\/li> <\/li><\/ul>\n|raw|Gen:<\/font> 4 |  ✓ Ignored by Mold Breaker<\/font>\n\n|\n|t:|1681839573\n|move|p2a: Tinkaton|Protect|p2a: Tinkaton\n|-singleturn|p2a: Tinkaton|Protect\n|cant|p2b: Corviknight|slp\n|move|p1a: Dondozo|Wave Crash|p2b: Corviknight\n|-damage|p2b: Corviknight|40\/100 slp\n|-damage|p1a: Dondozo|84\/100|[from] Recoil\n|\n|-heal|p2b: Corviknight|45\/100 slp|[from] item: Leftovers\n|-heal|p1a: Dondozo|90\/100|[from] item: Leftovers\n|-damage|p2a: Tinkaton|5\/100 brn|[from] brn\n|upkeep\n|turn|16\n|\n|t:|1681839585\n|move|p2a: Tinkaton|Gigaton Hammer|p1a: Dondozo\n|-resisted|p1a: Dondozo\n|-damage|p1a: Dondozo|82\/100\n|cant|p2b: Corviknight|slp\n|move|p1a: Dondozo|Wave Crash|p2b: Corviknight\n|-damage|p2b: Corviknight|11\/100 slp\n|-damage|p1a: Dondozo|72\/100|[from] Recoil\n|\n|-heal|p2b: Corviknight|17\/100 slp|[from] item: Leftovers\n|-heal|p1a: Dondozo|78\/100|[from] item: Leftovers\n|-damage|p2a: Tinkaton|0 fnt|[from] brn\n|faint|p2a: Tinkaton\n|upkeep\n|turn|17\n|\n|t:|1681839595\n|cant|p2b: Corviknight|slp\n|move|p1a: Dondozo|Wave Crash|p2b: Corviknight\n|-damage|p2b: Corviknight|0 fnt\n|faint|p2b: Corviknight\n|-damage|p1a: Dondozo|74\/100|[from] Recoil\n|\n|win|lnfernape\n|raw|lnfernape's rating: 1409 → 1430<\/strong> (+21 for winning)\n|raw|mpreg's rating: 1424 → 1403<\/strong> (-21 for losing)\n","uploadtime":1681839604,"views":15,"p1id":"lnfernape","p2id":"mpreg","formatid":"gen9vgc2023regulationc","rating":1403,"private":0,"password":""}