{"id":"gen9vgc2023regulationc-1849680494","p1":"Jamel 1","p2":"wesleihas","format":"[Gen 9] VGC 2023 Regulation C","log":"|j|\u2606Jamel 1\n|j|\u2606wesleihas\n|t:|1682231105\n|gametype|doubles\n|player|p1|Jamel 1|cyrus|1647\n|player|p2|wesleihas|101|1564\n|teamsize|p1|6\n|teamsize|p2|6\n|gen|9\n|tier|[Gen 9] VGC 2023 Regulation C\n|rated|\n|rule|Species Clause: Limit one of each Pok\u00e9mon\n|rule|Item Clause: Limit one of each item\n|clearpoke\n|poke|p1|Armarouge, L50, F|\n|poke|p1|Stonjourner, L50, M|\n|poke|p1|Indeedee-F, L50, F|\n|poke|p1|Hawlucha, L50, F|\n|poke|p1|Tinkaton, L50, F|\n|poke|p1|Maushold, L50|\n|poke|p2|Iron Bundle, L50|\n|poke|p2|Dondozo, L50, M|\n|poke|p2|Tatsugiri, L50, M|\n|poke|p2|Amoonguss, L50, M|\n|poke|p2|Gholdengo, L50|\n|poke|p2|Chi-Yu, L50|\n|teampreview|4\n|\n|t:|1682231127\n|start\n|switch|p1a: Armarouge|Armarouge, L50, F|100\/100\n|switch|p1b: Stonjourner|Stonjourner, L50, M|100\/100\n|switch|p2a: Iron Bundle|Iron Bundle, L50|100\/100\n|switch|p2b: Dondozo|Dondozo, L50, M|100\/100\n|-enditem|p2a: Iron Bundle|Booster Energy\n|-activate|p2a: Iron Bundle|ability: Quark Drive|[fromitem]\n|-start|p2a: Iron Bundle|quarkdrivespe\n|turn|1\n|j| AsianSeaTurtle\n|\n|t:|1682231143\n|move|p1a: Armarouge|Endure|p1a: Armarouge\n|-singleturn|p1a: Armarouge|move: Endure\n|move|p2a: Iron Bundle|Icy Wind|p1a: Armarouge|[spread] p1a,p1b\n|-resisted|p1a: Armarouge\n|-damage|p1a: Armarouge|87\/100\n|-damage|p1b: Stonjourner|39\/100\n|-unboost|p1a: Armarouge|spe|1\n|-unboost|p1b: Stonjourner|spe|1\n|move|p1b: Stonjourner|Earthquake|p2a: Iron Bundle|[spread] p1a,p2a,p2b\n|-supereffective|p1a: Armarouge\n|-damage|p1a: Armarouge|30\/100\n|-damage|p2a: Iron Bundle|69\/100\n|-damage|p2b: Dondozo|84\/100\n|-ability|p1a: Armarouge|Weak Armor|boost\n|-unboost|p1a: Armarouge|def|1\n|-boost|p1a: Armarouge|spe|2\n|-enditem|p1a: Armarouge|Weakness Policy\n|-boost|p1a: Armarouge|atk|2|[from] item: Weakness Policy\n|-boost|p1a: Armarouge|spa|2|[from] item: Weakness Policy\n|move|p2b: Dondozo|Wave Crash|p1a: Armarouge\n|-supereffective|p1a: Armarouge\n|-activate|p1a: Armarouge|move: Endure\n|-damage|p1a: Armarouge|1\/100\n|-ability|p1a: Armarouge|Weak Armor|boost\n|-unboost|p1a: Armarouge|def|1\n|-boost|p1a: Armarouge|spe|2\n|-damage|p2b: Dondozo|77\/100|[from] Recoil\n|\n|upkeep\n|turn|2\n|\n|t:|1682231182\n|move|p1b: Stonjourner|Wide Guard|p1b: Stonjourner\n|-singleturn|p1b: Stonjourner|Wide Guard\n|move|p1a: Armarouge|Expanding Force|p2b: Dondozo\n|-damage|p2b: Dondozo|24\/100\n|move|p2a: Iron Bundle|Icy Wind|p1b: Stonjourner|[spread] \n|-activate|p1a: Armarouge|move: Wide Guard\n|-activate|p1b: Stonjourner|move: Wide Guard\n|move|p2b: Dondozo|Wave Crash|p1b: Stonjourner\n|-supereffective|p1b: Stonjourner\n|-damage|p1b: Stonjourner|0 fnt\n|faint|p1b: Stonjourner\n|-damage|p2b: Dondozo|14\/100|[from] Recoil\n|\n|upkeep\n|\n|t:|1682231194\n|switch|p1b: Indeedee|Indeedee-F, L50, F|100\/100\n|-fieldstart|move: Psychic Terrain|[from] ability: Psychic Surge|[of] p1b: Indeedee\n|turn|3\n|\n|t:|1682231203\n|move|p1a: Armarouge|Endure|p1a: Armarouge\n|-singleturn|p1a: Armarouge|move: Endure\n|move|p2a: Iron Bundle|Icy Wind|p1a: Armarouge|[spread] p1a,p1b\n|-resisted|p1a: Armarouge\n|-activate|p1a: Armarouge|move: Endure\n|-damage|p1a: Armarouge|1\/100\n|-damage|p1b: Indeedee|74\/100\n|-unboost|p1a: Armarouge|spe|1\n|-unboost|p1b: Indeedee|spe|1\n|move|p2b: Dondozo|Wave Crash|p1a: Armarouge\n|-supereffective|p1a: Armarouge\n|-activate|p1a: Armarouge|move: Endure\n|-damage|p1a: Armarouge|1\/100\n|-ability|p1a: Armarouge|Weak Armor|boost\n|-unboost|p1a: Armarouge|def|1\n|-boost|p1a: Armarouge|spe|2\n|move|p1b: Indeedee|Psych Up|p1a: Armarouge\n|-copyboost|p1b: Indeedee|p1a: Armarouge|[from] move: Psych Up\n|\n|upkeep\n|turn|4\n|\n|t:|1682231237\n|move|p1a: Armarouge|Expanding Force|p2b: Dondozo|[spread] p2a,p2b\n|-damage|p2a: Iron Bundle|0 fnt\n|-damage|p2b: Dondozo|0 fnt\n|faint|p2a: Iron Bundle\n|-end|p2a: Iron Bundle|Quark Drive|[silent]\n|faint|p2b: Dondozo\n|move|p1b: Indeedee|Stored Power|p2: Iron Bundle|[notarget]\n|-fail|p1b: Indeedee\n|\n|upkeep\n|\n|t:|1682231244\n|switch|p2a: Tatsugiri|Tatsugiri, L50, M|100\/100\n|switch|p2b: Chi-Yu|Chi-Yu, L50|100\/100\n|-ability|p2b: Chi-Yu|Beads of Ruin\n|turn|5\n|\n|t:|1682231266\n|move|p1a: Armarouge|Aura Sphere|p2b: Chi-Yu\n|-supereffective|p2b: Chi-Yu\n|-enditem|p2b: Chi-Yu|Focus Sash\n|-damage|p2b: Chi-Yu|1\/100\n|move|p1b: Indeedee|Stored Power|p2a: Tatsugiri\n|-damage|p2a: Tatsugiri|0 fnt\n|faint|p2a: Tatsugiri\n|move|p2b: Chi-Yu|Snarl|p1a: Armarouge|[spread] p1a,p1b\n|-supereffective|p1a: Armarouge\n|-supereffective|p1b: Indeedee\n|-damage|p1a: Armarouge|0 fnt\n|-damage|p1b: Indeedee|6\/100\n|-unboost|p1b: Indeedee|spa|1\n|faint|p1a: Armarouge\n|\n|upkeep\n|\n|t:|1682231278\n|switch|p1a: Hawlucha|Hawlucha, L50, F|100\/100\n|-enditem|p1a: Hawlucha|Psychic Seed\n|-boost|p1a: Hawlucha|spd|1|[from] item: Psychic Seed\n|turn|6\n|\n|t:|1682231290\n|move|p1b: Indeedee|Helping Hand|p1a: Hawlucha\n|-singleturn|p1a: Hawlucha|Helping Hand|[of] p1b: Indeedee\n|move|p1a: Hawlucha|Acrobatics|p2b: Chi-Yu\n|-damage|p2b: Chi-Yu|0 fnt\n|faint|p2b: Chi-Yu\n|\n|win|Jamel 1\n|raw|Jamel 1's rating: 1647 → 1662<\/strong> (+15 for winning)\n|raw|wesleihas's rating: 1564 → 1549<\/strong> (-15 for losing)\n","uploadtime":1682231304,"views":13,"p1id":"jamel1","p2id":"wesleihas","formatid":"gen9vgc2023regulationc","rating":1549,"private":0,"password":""}