{"id":"gen9vgc2023regulationc-1858020029","p1":"b55b","p2":"NutritiousLemon","format":"[Gen 9] VGC 2023 Regulation C","log":"|j|\u2606b55b\n|j|\u2606NutritiousLemon\n|t:|1683261364\n|gametype|doubles\n|player|p1|b55b|dawn|1181\n|player|p2|NutritiousLemon|169|1150\n|teamsize|p1|6\n|teamsize|p2|6\n|gen|9\n|tier|[Gen 9] VGC 2023 Regulation C\n|rated|\n|rule|Species Clause: Limit one of each Pok\u00e9mon\n|rule|Item Clause: Limit one of each item\n|clearpoke\n|poke|p1|Chi-Yu, L50|\n|poke|p1|Flutter Mane, L50|\n|poke|p1|Palafin, L50, F|\n|poke|p1|Amoonguss, L50, M|\n|poke|p1|Arcanine, L50, M|\n|poke|p1|Chien-Pao, L50|\n|poke|p2|Wo-Chien, L50|\n|poke|p2|Garganacl, L50, M|\n|poke|p2|Flutter Mane, L50|\n|poke|p2|Tatsugiri, L50, M|\n|poke|p2|Dondozo, L50, F|\n|poke|p2|Glimmora, L50, M|\n|teampreview|4\n|inactive|Battle timer is ON: inactive players will automatically lose when time's up. (requested by b55b)\n|inactive|NutritiousLemon has 60 seconds left.\n|\n|t:|1683261397\n|start\n|switch|p1a: Palafin|Palafin, L50, F|100\/100\n|switch|p1b: Chi-Yu|Chi-Yu, L50|100\/100\n|switch|p2a: Glimmora|Glimmora, L50, M|100\/100\n|switch|p2b: Garganacl|Garganacl, L50, M|100\/100\n|-ability|p1b: Chi-Yu|Beads of Ruin\n|turn|1\n|\n|t:|1683261418\n|-terastallize|p1b: Chi-Yu|Grass\n|move|p2b: Garganacl|Protect|p2b: Garganacl\n|-singleturn|p2b: Garganacl|Protect\n|move|p1b: Chi-Yu|Tera Blast|p2b: Garganacl\n|-activate|p2b: Garganacl|move: Protect\n|move|p2a: Glimmora|Mortal Spin|p1a: Palafin|[spread] p1a,p1b\n|-supereffective|p1b: Chi-Yu\n|-damage|p1a: Palafin|96\/100\n|-damage|p1b: Chi-Yu|87\/100\n|-status|p1a: Palafin|psn\n|-status|p1b: Chi-Yu|psn\n|move|p1a: Palafin|Wave Crash|p2b: Garganacl\n|-activate|p2b: Garganacl|move: Protect\n|\n|-damage|p1b: Chi-Yu|75\/100 psn|[from] psn\n|-damage|p1a: Palafin|84\/100 psn|[from] psn\n|upkeep\n|turn|2\n|inactive|NutritiousLemon has 30 seconds left.\n|\n|t:|1683261446\n|detailschange|p1a: Palafin|Palafin-Hero, L50, F\n|switch|p1a: Amoonguss|Amoonguss, L50, M|100\/100\n|-terastallize|p2b: Garganacl|Ghost\n|move|p1b: Chi-Yu|Tera Blast|p2b: Garganacl\n|-damage|p2b: Garganacl|46\/100\n|move|p2a: Glimmora|Sludge Bomb|p1b: Chi-Yu\n|-supereffective|p1b: Chi-Yu\n|-damage|p1b: Chi-Yu|0 fnt\n|faint|p1b: Chi-Yu\n|move|p2b: Garganacl|Salt Cure|p1a: Amoonguss\n|-damage|p1a: Amoonguss|90\/100\n|-start|p1a: Amoonguss|Salt Cure\n|\n|-heal|p2b: Garganacl|52\/100|[from] item: Leftovers\n|-damage|p1a: Amoonguss|77\/100|[from] Salt Cure\n|upkeep\n|\n|t:|1683261457\n|switch|p1b: Flutter Mane|Flutter Mane, L50|100\/100\n|turn|3\n|\n|t:|1683261474\n|move|p2b: Garganacl|Protect|p2b: Garganacl\n|-singleturn|p2b: Garganacl|Protect\n|move|p1b: Flutter Mane|Moonblast|p2b: Garganacl\n|-activate|p2b: Garganacl|move: Protect\n|move|p2a: Glimmora|Sludge Bomb|p1b: Flutter Mane\n|-damage|p1b: Flutter Mane|47\/100\n|move|p1a: Amoonguss|Spore|p2a: Glimmora\n|-status|p2a: Glimmora|slp|[from] move: Spore\n|\n|-heal|p2b: Garganacl|58\/100|[from] item: Leftovers\n|-damage|p1a: Amoonguss|65\/100|[from] Salt Cure\n|upkeep\n|turn|4\n|\n|t:|1683261489\n|move|p1b: Flutter Mane|Moonblast|p2b: Garganacl\n|-damage|p2b: Garganacl|5\/100\n|-unboost|p2b: Garganacl|spa|1\n|cant|p2a: Glimmora|slp\n|move|p2b: Garganacl|Recover|p2b: Garganacl\n|-heal|p2b: Garganacl|56\/100\n|move|p1a: Amoonguss|Pollen Puff|p1b: Flutter Mane\n|-heal|p1b: Flutter Mane|97\/100\n|\n|-heal|p2b: Garganacl|61\/100|[from] item: Leftovers\n|-damage|p1a: Amoonguss|53\/100|[from] Salt Cure\n|upkeep\n|turn|5\n|\n|t:|1683261502\n|move|p2b: Garganacl|Protect|p2b: Garganacl\n|-singleturn|p2b: Garganacl|Protect\n|move|p1b: Flutter Mane|Moonblast|p2b: Garganacl\n|-activate|p2b: Garganacl|move: Protect\n|-curestatus|p2a: Glimmora|slp|[msg]\n|move|p2a: Glimmora|Mortal Spin|p1a: Amoonguss|[spread] p1a,p1b\n|-damage|p1a: Amoonguss|49\/100\n|-damage|p1b: Flutter Mane|87\/100\n|-status|p1b: Flutter Mane|psn\n|-enditem|p1a: Amoonguss|Sitrus Berry|[eat]\n|-heal|p1a: Amoonguss|74\/100|[from] item: Sitrus Berry\n|move|p1a: Amoonguss|Pollen Puff|p1b: Flutter Mane\n|-heal|p1b: Flutter Mane|100\/100 psn\n|\n|-heal|p2b: Garganacl|67\/100|[from] item: Leftovers\n|-damage|p1b: Flutter Mane|88\/100 psn|[from] psn\n|-damage|p1a: Amoonguss|62\/100|[from] Salt Cure\n|upkeep\n|turn|6\n|\n|t:|1683261526\n|switch|p1a: Palafin|Palafin-Hero, L50, F|84\/100 psn\n|-activate|p1a: Palafin|ability: Zero to Hero\n|move|p1b: Flutter Mane|Dazzling Gleam|p2a: Glimmora|[spread] p2a,p2b\n|-resisted|p2a: Glimmora\n|-damage|p2a: Glimmora|86\/100\n|-damage|p2b: Garganacl|39\/100\n|move|p2a: Glimmora|Sludge Bomb|p1b: Flutter Mane\n|-damage|p1b: Flutter Mane|38\/100 psn\n|move|p2b: Garganacl|Salt Cure|p1b: Flutter Mane\n|-damage|p1b: Flutter Mane|7\/100 psn\n|-start|p1b: Flutter Mane|Salt Cure\n|\n|-heal|p2b: Garganacl|45\/100|[from] item: Leftovers\n|-damage|p1b: Flutter Mane|0 fnt|[from] psn\n|faint|p1b: Flutter Mane\n|-end|p1b: Flutter Mane|Protosynthesis|[silent]\n|-damage|p1a: Palafin|72\/100 psn|[from] psn\n|upkeep\n|\n|t:|1683261533\n|switch|p1b: Amoonguss|Amoonguss, L50, M|95\/100\n|turn|7\n|\n|t:|1683261551\n|move|p2b: Garganacl|Protect|p2b: Garganacl\n|-singleturn|p2b: Garganacl|Protect\n|move|p2a: Glimmora|Earth Power|p1b: Amoonguss\n|-damage|p1b: Amoonguss|70\/100\n|move|p1a: Palafin|Wave Crash|p2a: Glimmora\n|-supereffective|p2a: Glimmora\n|-damage|p2a: Glimmora|0 fnt\n|-activate|p2a: Glimmora|ability: Toxic Debris\n|-sidestart|p1: b55b|move: Toxic Spikes\n|faint|p2a: Glimmora\n|-damage|p1a: Palafin|50\/100 psn|[from] Recoil\n|move|p1b: Amoonguss|Pollen Puff|p1a: Palafin\n|-heal|p1a: Palafin|99\/100 psn\n|\n|-heal|p2b: Garganacl|51\/100|[from] item: Leftovers\n|-damage|p1a: Palafin|87\/100 psn|[from] psn\n|upkeep\n|\n|t:|1683261569\n|switch|p2a: Wo-Chien|Wo-Chien, L50|100\/100\n|-ability|p2a: Wo-Chien|Tablets of Ruin\n|turn|8\n|\n|t:|1683261583\n|move|p1a: Palafin|Protect|p1a: Palafin\n|-singleturn|p1a: Palafin|Protect\n|move|p2a: Wo-Chien|Ruination|p1a: Palafin\n|-activate|p1a: Palafin|move: Protect\n|move|p2b: Garganacl|Salt Cure|p1a: Palafin\n|-activate|p1a: Palafin|move: Protect\n|move|p1b: Amoonguss|Pollen Puff|p2a: Wo-Chien\n|-supereffective|p2a: Wo-Chien\n|-damage|p2a: Wo-Chien|59\/100\n|\n|-heal|p2b: Garganacl|57\/100|[from] item: Leftovers\n|-damage|p1a: Palafin|75\/100 psn|[from] psn\n|upkeep\n|turn|9\n|\n|t:|1683261601\n|move|p1a: Palafin|Wave Crash|p2b: Garganacl\n|-damage|p2b: Garganacl|20\/100\n|-damage|p1a: Palafin|63\/100 psn|[from] Recoil\n|move|p2a: Wo-Chien|Ruination|p1a: Palafin\n|-damage|p1a: Palafin|32\/100 psn\n|move|p2b: Garganacl|Salt Cure|p1a: Palafin\n|-damage|p1a: Palafin|23\/100 psn\n|-start|p1a: Palafin|Salt Cure\n|move|p1b: Amoonguss|Pollen Puff|p2a: Wo-Chien\n|-supereffective|p2a: Wo-Chien\n|-damage|p2a: Wo-Chien|19\/100\n|\n|-heal|p2b: Garganacl|26\/100|[from] item: Leftovers\n|-damage|p1a: Palafin|11\/100 psn|[from] psn\n|-damage|p1a: Palafin|0 fnt|[from] Salt Cure\n|faint|p1a: Palafin\n|upkeep\n|turn|10\n|-message|b55b forfeited.\n|\n|win|NutritiousLemon\n|raw|b55b's rating: 1181 → 1154<\/strong> (-27 for losing)\n|raw|NutritiousLemon's rating: 1150 → 1177<\/strong> (+27 for winning)\n|l|\u2606b55b\n|c|\u2606NutritiousLemon|gg\n","uploadtime":1683261622,"views":5,"p1id":"b55b","p2id":"nutritiouslemon","formatid":"gen9vgc2023regulationc","rating":1154,"private":0,"password":""}