{"id":"gen9vgc2023regulationc-1861548388","p1":"Kefka2.02","p2":"IceGymDuoOus","format":"[Gen 9] VGC 2023 Regulation C","log":"|j|\u2606Kefka2.02\n|j|\u2606IceGymDuoOus\n|t:|1683771692\n|gametype|doubles\n|player|p1|Kefka2.02|266|1087\n|player|p2|IceGymDuoOus|265|1079\n|teamsize|p1|6\n|teamsize|p2|5\n|gen|9\n|tier|[Gen 9] VGC 2023 Regulation C\n|rated|\n|rule|Species Clause: Limit one of each Pok\u00e9mon\n|rule|Item Clause: Limit one of each item\n|clearpoke\n|poke|p1|Garganacl, L50, F|\n|poke|p1|Annihilape, L50, F|\n|poke|p1|Chien-Pao, L50|\n|poke|p1|Grafaiai, L50, F|\n|poke|p1|Riolu, L50, F|\n|poke|p1|Arcanine, L50, M|\n|poke|p2|Lycanroc-Midnight, L50, M|\n|poke|p2|Ceruledge, L50, F|\n|poke|p2|Amoonguss, L50, F|\n|poke|p2|Sylveon, L50, M|\n|poke|p2|Kingambit, L50, M|\n|teampreview|4\n|inactive|Battle timer is ON: inactive players will automatically lose when time's up. (requested by IceGymDuoOus)\nIceGymDuoOus rejected open team sheets.\n|\n|t:|1683771719\n|start\n|switch|p1a: Grafaiai|Grafaiai, L50, F|100\/100\n|switch|p1b: Chien-Pao|Chien-Pao, L50|100\/100\n|switch|p2a: Ceruledge|Ceruledge, L50, F, shiny|100\/100\n|switch|p2b: Lycanroc|Lycanroc-Midnight, L50, M, shiny|100\/100\n|-ability|p1b: Chien-Pao|Sword of Ruin\n|turn|1\n|inactive|Kefka2.02 has 30 seconds left.\n|\n|t:|1683771748\n|-terastallize|p1b: Chien-Pao|Ghost\n|-terastallize|p2a: Ceruledge|Psychic\n|move|p1b: Chien-Pao|Icy Wind|p2a: Ceruledge|[spread] p2a,p2b\n|-damage|p2a: Ceruledge|86\/100\n|-damage|p2b: Lycanroc|86\/100\n|-unboost|p2a: Ceruledge|spe|1\n|-unboost|p2b: Lycanroc|spe|1\n|move|p1a: Grafaiai|Fling|p2a: Ceruledge\n|-supereffective|p2a: Ceruledge\n|-damage|p2a: Ceruledge|54\/100\n|-ability|p2a: Ceruledge|Weak Armor|boost\n|-unboost|p2a: Ceruledge|def|1\n|-boost|p2a: Ceruledge|spe|2\n|-enditem|p2a: Ceruledge|Weakness Policy\n|-boost|p2a: Ceruledge|atk|2|[from] item: Weakness Policy\n|-boost|p2a: Ceruledge|spa|2|[from] item: Weakness Policy\n|-enditem|p1a: Grafaiai|King's Rock|[from] move: Fling\n|cant|p2a: Ceruledge|flinch\n|move|p2b: Lycanroc|Fling|p2a: Ceruledge\n|-supereffective|p2a: Ceruledge\n|-damage|p2a: Ceruledge|42\/100\n|-boost|p2a: Ceruledge|spd|2|[from] item: Starf Berry\n|-ability|p2a: Ceruledge|Weak Armor|boost\n|-unboost|p2a: Ceruledge|def|1\n|-boost|p2a: Ceruledge|spe|2\n|-enditem|p2b: Lycanroc|Starf Berry|[from] move: Fling\n|\n|upkeep\n|turn|2\n|inactive|Kefka2.02 has 30 seconds left.\n|inactive|IceGymDuoOus has 30 seconds left.\n|inactive|Kefka2.02 has 20 seconds left.\n|inactive|Kefka2.02 has 15 seconds left.\n|inactive|Kefka2.02 has 10 seconds left.\n|inactive|Kefka2.02 has 5 seconds left.\n|\n|t:|1683771801\n|switch|p2b: Amoonguss|Amoonguss, L50, F, shiny|100\/100\n|move|p2a: Ceruledge|Endure|p2a: Ceruledge\n|-singleturn|p2a: Ceruledge|move: Endure\n|move|p1a: Grafaiai|Gunk Shot|p2a: Ceruledge\n|-activate|p2a: Ceruledge|move: Endure\n|-damage|p2a: Ceruledge|1\/100\n|-ability|p2a: Ceruledge|Weak Armor|boost\n|-unboost|p2a: Ceruledge|def|1\n|-boost|p2a: Ceruledge|spe|2\n|move|p1b: Chien-Pao|Ice Spinner|p2b: Amoonguss\n|-supereffective|p2b: Amoonguss\n|-damage|p2b: Amoonguss|17\/100\n|-enditem|p2b: Amoonguss|Aguav Berry|[eat]\n|-heal|p2b: Amoonguss|50\/100|[from] item: Aguav Berry\n|\n|upkeep\n|turn|3\n|inactive|Kefka2.02 has 30 seconds left.\n|inactive|IceGymDuoOus has 30 seconds left.\n|\n|t:|1683771828\n|move|p2b: Amoonguss|Rage Powder|p2b: Amoonguss\n|-singleturn|p2b: Amoonguss|move: Rage Powder\n|move|p2a: Ceruledge|Stored Power|p1b: Chien-Pao\n|-damage|p1b: Chien-Pao|0 fnt\n|faint|p1b: Chien-Pao\n|move|p1a: Grafaiai|Gunk Shot|p2b: Amoonguss|[miss]\n|-miss|p1a: Grafaiai|p2b: Amoonguss\n|\n|upkeep\n|\n|t:|1683771839\n|switch|p1b: Garganacl|Garganacl, L50, F|100\/100\n|turn|4\n|\n|t:|1683771863\n|move|p1b: Garganacl|Protect|p1b: Garganacl\n|-singleturn|p1b: Garganacl|Protect\n|move|p2b: Amoonguss|Rage Powder|p2b: Amoonguss\n|-singleturn|p2b: Amoonguss|move: Rage Powder\n|move|p2a: Ceruledge|Stored Power|p1b: Garganacl\n|-activate|p1b: Garganacl|move: Protect\n|move|p1a: Grafaiai|Parting Shot|p2b: Amoonguss\n|-unboost|p2b: Amoonguss|atk|1\n|-unboost|p2b: Amoonguss|spa|1\n|\n|t:|1683771873\n|switch|p1a: Annihilape|Annihilape, L50, F|100\/100|[from] Parting Shot\n|\n|upkeep\n|turn|5\n|\n|t:|1683771885\n|move|p2b: Amoonguss|Rage Powder|p2b: Amoonguss\n|-singleturn|p2b: Amoonguss|move: Rage Powder\n|move|p2a: Ceruledge|Stored Power|p1b: Garganacl\n|-damage|p1b: Garganacl|0 fnt\n|faint|p1b: Garganacl\n|move|p1a: Annihilape|Rage Fist|p2b: Amoonguss\n|-damage|p2b: Amoonguss|27\/100\n|\n|upkeep\n|\n|t:|1683771893\n|switch|p1b: Grafaiai|Grafaiai, L50, F|100\/100\n|turn|6\n|\n|t:|1683771901\n|move|p2b: Amoonguss|Rage Powder|p2b: Amoonguss\n|-singleturn|p2b: Amoonguss|move: Rage Powder\n|move|p2a: Ceruledge|Stored Power|p1a: Annihilape\n|-supereffective|p1a: Annihilape\n|-damage|p1a: Annihilape|0 fnt\n|faint|p1a: Annihilape\n|move|p1b: Grafaiai|Gunk Shot|p2b: Amoonguss\n|-damage|p2b: Amoonguss|0 fnt\n|faint|p2b: Amoonguss\n|\n|upkeep\n|\n|t:|1683771910\n|switch|p2b: Sylveon|Sylveon, L50, M, shiny|100\/100\n|turn|7\n|\n|t:|1683771929\n|move|p2a: Ceruledge|Stored Power|p1b: Grafaiai\n|-supereffective|p1b: Grafaiai\n|-damage|p1b: Grafaiai|0 fnt\n|faint|p1b: Grafaiai\n|\n|win|IceGymDuoOus\n|raw|Kefka2.02's rating: 1087 → 1063<\/strong> (-24 for losing)\n|raw|IceGymDuoOus's rating: 1079 → 1108<\/strong> (+29 for winning)\n|l|\u2606Kefka2.02\n","uploadtime":1683771976,"views":20,"p1id":"kefka202","p2id":"icegymduoous","formatid":"gen9vgc2023regulationc","rating":1063,"private":0,"password":""}