{"id":"gen9vgc2023regulationc-1863079922","p1":"SneakRipp1","p2":"Gen Trololol","format":"[Gen 9] VGC 2023 Regulation C","log":"|j|\u2606SneakRipp1\n|j|\u2606Gen Trololol\n|t:|1683965711\n|gametype|doubles\n|player|p1|SneakRipp1|hilbert|1162\n|player|p2|Gen Trololol|fantina|1128\n|teamsize|p1|6\n|teamsize|p2|6\n|gen|9\n|tier|[Gen 9] VGC 2023 Regulation C\n|rated|\n|rule|Species Clause: Limit one of each Pok\u00e9mon\n|rule|Item Clause: Limit one of each item\n|clearpoke\n|poke|p1|Flutter Mane, L50|\n|poke|p1|Arcanine, L50, M|\n|poke|p1|Palafin, L50, F|\n|poke|p1|Amoonguss, L50, M|\n|poke|p1|Roaring Moon, L50|\n|poke|p1|Ting-Lu, L50|\n|poke|p2|Dondozo, L50, M|\n|poke|p2|Tatsugiri, L50, F|\n|poke|p2|Chi-Yu, L50|\n|poke|p2|Iron Bundle, L50|\n|poke|p2|Flutter Mane, L50|\n|poke|p2|Glimmora, L50, M|\n|teampreview|4\n|c|\u2606Gen Trololol|glhf\n|j| Harmonia_Shirona\n|c|\u2606SneakRipp1|glhf\n|\n|t:|1683965789\n|start\n|switch|p1a: Flutter Mane|Flutter Mane, L50|100\/100\n|switch|p1b: Palafin|Palafin, L50, F|100\/100\n|switch|p2a: Iron Bundle|Iron Bundle, L50, shiny|100\/100\n|switch|p2b: Glimmora|Glimmora, L50, M, shiny|100\/100\n|-enditem|p2a: Iron Bundle|Booster Energy\n|-activate|p2a: Iron Bundle|ability: Quark Drive|[fromitem]\n|-start|p2a: Iron Bundle|quarkdrivespe\n|turn|1\n|\n|t:|1683965813\n|move|p2a: Iron Bundle|Icy Wind|p1a: Flutter Mane|[spread] p1a,p1b\n|-resisted|p1b: Palafin\n|-damage|p1a: Flutter Mane|81\/100\n|-damage|p1b: Palafin|87\/100\n|-unboost|p1a: Flutter Mane|spe|1\n|-unboost|p1b: Palafin|spe|1\n|move|p1a: Flutter Mane|Thunderbolt|p2a: Iron Bundle\n|-supereffective|p2a: Iron Bundle\n|-damage|p2a: Iron Bundle|0 fnt\n|faint|p2a: Iron Bundle\n|-end|p2a: Iron Bundle|Quark Drive|[silent]\n|move|p2b: Glimmora|Mortal Spin|p1b: Palafin|[spread] p1a,p1b\n|-damage|p1a: Flutter Mane|74\/100\n|-damage|p1b: Palafin|82\/100\n|-status|p1a: Flutter Mane|psn\n|-status|p1b: Palafin|psn\n|move|p1b: Palafin|Wave Crash|p2b: Glimmora\n|-supereffective|p2b: Glimmora\n|-damage|p2b: Glimmora|15\/100\n|-activate|p2b: Glimmora|ability: Toxic Debris\n|-sidestart|p1: SneakRipp1|move: Toxic Spikes\n|-damage|p1b: Palafin|56\/100 psn|[from] Recoil\n|\n|-damage|p1a: Flutter Mane|61\/100 psn|[from] psn\n|-damage|p1b: Palafin|43\/100 psn|[from] psn\n|upkeep\n|l| Harmonia_Shirona\n|\n|t:|1683965840\n|switch|p2a: Chi-Yu|Chi-Yu, L50|100\/100\n|-ability|p2a: Chi-Yu|Beads of Ruin\n|turn|2\n|\n|t:|1683965873\n|move|p1b: Palafin|Jet Punch|p2a: Chi-Yu\n|-supereffective|p2a: Chi-Yu\n|-damage|p2a: Chi-Yu|9\/100\n|move|p2a: Chi-Yu|Overheat|p1a: Flutter Mane\n|-damage|p1a: Flutter Mane|0 fnt\n|-unboost|p2a: Chi-Yu|spa|2\n|faint|p1a: Flutter Mane\n|-end|p1a: Flutter Mane|Protosynthesis|[silent]\n|move|p2b: Glimmora|Energy Ball|p1b: Palafin\n|-supereffective|p1b: Palafin\n|-damage|p1b: Palafin|0 fnt\n|faint|p1b: Palafin\n|\n|upkeep\n|\n|t:|1683965886\n|switch|p1a: Amoonguss|Amoonguss, L50, M|100\/100\n|switch|p1b: Roaring Moon|Roaring Moon, L50|100\/100\n|-status|p1b: Roaring Moon|psn\n|-sideend|p1: SneakRipp1|move: Toxic Spikes|[of] p1a: Amoonguss\n|-enditem|p1b: Roaring Moon|Booster Energy\n|-activate|p1b: Roaring Moon|ability: Protosynthesis|[fromitem]\n|-start|p1b: Roaring Moon|protosynthesisatk\n|turn|3\n|\n|t:|1683965904\n|-terastallize|p1a: Amoonguss|Water\n|move|p2a: Chi-Yu|Protect|p2a: Chi-Yu\n|-singleturn|p2a: Chi-Yu|Protect\n|move|p1a: Amoonguss|Rage Powder|p1a: Amoonguss\n|-singleturn|p1a: Amoonguss|move: Rage Powder\n|move|p1b: Roaring Moon|Dragon Dance|p1b: Roaring Moon\n|-boost|p1b: Roaring Moon|atk|1\n|-boost|p1b: Roaring Moon|spe|1\n|move|p2b: Glimmora|Power Gem|p1a: Amoonguss\n|-damage|p1a: Amoonguss|62\/100\n|\n|-damage|p1b: Roaring Moon|88\/100 psn|[from] psn\n|upkeep\n|turn|4\n|\n|t:|1683965926\n|move|p1b: Roaring Moon|Throat Chop|p2a: Chi-Yu\n|-resisted|p2a: Chi-Yu\n|-crit|p2a: Chi-Yu\n|-damage|p2a: Chi-Yu|0 fnt\n|faint|p2a: Chi-Yu\n|move|p2b: Glimmora|Energy Ball|p1a: Amoonguss\n|-supereffective|p1a: Amoonguss\n|-damage|p1a: Amoonguss|19\/100\n|-enditem|p1a: Amoonguss|Sitrus Berry|[eat]\n|-heal|p1a: Amoonguss|43\/100|[from] item: Sitrus Berry\n|move|p1a: Amoonguss|Pollen Puff|p2b: Glimmora\n|-resisted|p2b: Glimmora\n|-damage|p2b: Glimmora|9\/100\n|\n|-damage|p1b: Roaring Moon|76\/100 psn|[from] psn\n|upkeep\n|\n|t:|1683965939\n|switch|p2a: Flutter Mane|Flutter Mane, L50, shiny|100\/100\n|turn|5\n|\n|t:|1683965950\n|-terastallize|p2a: Flutter Mane|Fairy\n|move|p1a: Amoonguss|Rage Powder|p1a: Amoonguss\n|-singleturn|p1a: Amoonguss|move: Rage Powder\n|move|p1b: Roaring Moon|Throat Chop|p2a: Flutter Mane\n|-resisted|p2a: Flutter Mane\n|-damage|p2a: Flutter Mane|27\/100\n|-start|p2a: Flutter Mane|Throat Chop|[silent]\n|move|p2a: Flutter Mane|Dazzling Gleam|p1b: Roaring Moon|[spread] p1a,p1b\n|-supereffective|p1b: Roaring Moon\n|-damage|p1a: Amoonguss|0 fnt\n|-damage|p1b: Roaring Moon|0 fnt\n|faint|p1a: Amoonguss\n|faint|p1b: Roaring Moon\n|-end|p1b: Roaring Moon|Protosynthesis|[silent]\n|\n|win|Gen Trololol\n|raw|SneakRipp1's rating: 1162 → 1135<\/strong> (-27 for losing)\n|raw|Gen Trololol's rating: 1128 → 1155<\/strong> (+27 for winning)\n|c|\u2606Gen Trololol|flutter mane is stupid\n|c|\u2606SneakRipp1|gg\n|l|\u2606SneakRipp1\n|c|\u2606Gen Trololol|also interesting that the toxic spikes went off before amoongus cleared them\n|c|\u2606Gen Trololol|is that a speed mechanic thing I wonder\n","uploadtime":1683965996,"views":8,"p1id":"sneakripp1","p2id":"gentrololol","formatid":"gen9vgc2023regulationc","rating":1135,"private":0,"password":""}