{"id":"gen9vgc2023regulationc-1844906806","p1":"cat vomiting","p2":"XinBluQAQ","format":"[Gen 9] VGC 2023 Regulation C","log":"|j|\u2606cat vomiting\n|j|\u2606XinBluQAQ\n|t:|1681662764\n|gametype|doubles\n|player|p1|cat vomiting|roxie|\n|player|p2|XinBluQAQ|shadowtriad|\n|teamsize|p1|6\n|teamsize|p2|6\n|gen|9\n|tier|[Gen 9] VGC 2023 Regulation C\n|rule|Species Clause: Limit one of each Pok\u00e9mon\n|rule|Item Clause: Limit one of each item\n|clearpoke\n|poke|p1|Iron Thorns, L50|\n|poke|p1|Scream Tail, L50|\n|poke|p1|Gyarados, L50, M|\n|poke|p1|Ting-Lu, L50|\n|poke|p1|Maushold, L50|\n|poke|p1|Amoonguss, L50, F|\n|poke|p2|Amoonguss, L50, F|\n|poke|p2|Arcanine, L50, F|\n|poke|p2|Palafin, L50, F|\n|poke|p2|Great Tusk, L50|\n|poke|p2|Kingambit, L50, F|\n|poke|p2|Flutter Mane, L50|\n|teampreview|4\ncat vomiting has agreed to open team sheets.\nXinBluQAQ has agreed to open team sheets.\n|inactive|Battle timer is ON: inactive players will automatically lose when time's up. (requested by cat vomiting)\n|\n|t:|1681662876\n|start\n|switch|p1a: Scream Tail|Scream Tail, L50|100\/100\n|switch|p1b: Maushold|Maushold, L50|100\/100\n|switch|p2a: Arcanine|Arcanine, L50, F, shiny|100\/100\n|switch|p2b: Kingambit|Kingambit, L50, F|100\/100\n|-ability|p2a: Arcanine|Intimidate|boost\n|-unboost|p1a: Scream Tail|atk|1\n|-unboost|p1b: Maushold|atk|1\n|-enditem|p1a: Scream Tail|Booster Energy\n|-activate|p1a: Scream Tail|ability: Protosynthesis|[fromitem]\n|-start|p1a: Scream Tail|protosynthesisspe\n|turn|1\n|inactive|cat vomiting has 30 seconds left.\n|inactive|XinBluQAQ has 30 seconds left.\n|inactive|XinBluQAQ has 20 seconds left.\n|inactive|XinBluQAQ has 15 seconds left.\n|\n|t:|1681662919\n|move|p1b: Maushold|Protect|p1b: Maushold\n|-singleturn|p1b: Maushold|Protect\n|move|p1a: Scream Tail|Howl|p1a: Scream Tail|[spread] p1a,p1b\n|-boost|p1a: Scream Tail|atk|1\n|-boost|p1b: Maushold|atk|1\n|move|p2a: Arcanine|Flare Blitz|p1a: Scream Tail\n|-crit|p1a: Scream Tail\n|-damage|p1a: Scream Tail|40\/100\n|-damage|p2a: Arcanine|77\/100|[from] Recoil\n|move|p2b: Kingambit|Kowtow Cleave|p1a: Scream Tail\n|-damage|p1a: Scream Tail|0 fnt\n|faint|p1a: Scream Tail\n|-end|p1a: Scream Tail|Protosynthesis|[silent]\n|\n|upkeep\n|\n|t:|1681662936\n|switch|p1a: Amoonguss|Amoonguss, L50, F|100\/100\n|turn|2\n|\n|t:|1681662959\n|-terastallize|p2b: Kingambit|Flying\n|move|p1b: Maushold|Population Bomb|p2a: Arcanine\n|-damage|p2a: Arcanine|63\/100\n|-damage|p2a: Arcanine|49\/100\n|-damage|p2a: Arcanine|36\/100\n|-damage|p2a: Arcanine|23\/100\n|-hitcount|p2a: Arcanine|4\n|move|p2a: Arcanine|Flare Blitz|p1a: Amoonguss\n|-supereffective|p1a: Amoonguss\n|-damage|p1a: Amoonguss|15\/100\n|-enditem|p1a: Amoonguss|Iapapa Berry|[eat]\n|-heal|p1a: Amoonguss|48\/100|[from] item: Iapapa Berry\n|-damage|p2a: Arcanine|0 fnt|[from] Recoil\n|faint|p2a: Arcanine\n|move|p2b: Kingambit|Tera Blast|p1a: Amoonguss\n|-supereffective|p1a: Amoonguss\n|-damage|p1a: Amoonguss|0 fnt\n|faint|p1a: Amoonguss\n|\n|upkeep\n|\n|t:|1681662980\n|switch|p2a: Flutter Mane|Flutter Mane, L50|100\/100\n|switch|p1a: Gyarados|Gyarados, L50, M, shiny|100\/100\n|-ability|p1a: Gyarados|Intimidate|boost\n|-unboost|p2a: Flutter Mane|atk|1\n|-unboost|p2b: Kingambit|atk|1\n|-ability|p2b: Kingambit|Defiant|boost\n|-boost|p2b: Kingambit|atk|2\n|turn|3\n|\n|t:|1681663005\n|move|p2a: Flutter Mane|Protect|p2a: Flutter Mane\n|-singleturn|p2a: Flutter Mane|Protect\n|move|p1b: Maushold|Protect|p1b: Maushold\n|-singleturn|p1b: Maushold|Protect\n|move|p1a: Gyarados|Waterfall|p2a: Flutter Mane\n|-activate|p2a: Flutter Mane|move: Protect\n|move|p2b: Kingambit|Kowtow Cleave|p1b: Maushold\n|-activate|p1b: Maushold|move: Protect\n|\n|upkeep\n|turn|4\n|inactive|XinBluQAQ has 30 seconds left.\n|\n|t:|1681663037\n|-terastallize|p1b: Maushold|Normal\n|move|p2a: Flutter Mane|Thunderbolt|p1a: Gyarados\n|-supereffective|p1a: Gyarados\n|-damage|p1a: Gyarados|0 fnt\n|faint|p1a: Gyarados\n|move|p1b: Maushold|Population Bomb|p2b: Kingambit\n|-damage|p2b: Kingambit|89\/100\n|-damage|p2b: Kingambit|77\/100\n|-damage|p2b: Kingambit|65\/100\n|-damage|p2b: Kingambit|53\/100\n|-damage|p2b: Kingambit|41\/100\n|-damage|p2b: Kingambit|29\/100\n|-damage|p2b: Kingambit|17\/100\n|-damage|p2b: Kingambit|5\/100\n|-damage|p2b: Kingambit|0 fnt\n|faint|p2b: Kingambit\n|-hitcount|p2: Kingambit|9\n|\n|upkeep\n|\n|t:|1681663054\n|switch|p2b: Great Tusk|Great Tusk, L50|100\/100\n|-enditem|p2b: Great Tusk|Booster Energy\n|-activate|p2b: Great Tusk|ability: Protosynthesis|[fromitem]\n|-start|p2b: Great Tusk|protosynthesisatk\n|turn|5\n|\n|t:|1681663068\n|move|p1b: Maushold|Protect|p1b: Maushold\n|-singleturn|p1b: Maushold|Protect\n|move|p2a: Flutter Mane|Dazzling Gleam|p1b: Maushold\n|-activate|p1b: Maushold|move: Protect\n|move|p2b: Great Tusk|Close Combat|p1b: Maushold\n|-activate|p1b: Maushold|move: Protect\n|\n|upkeep\n|turn|6\n|\n|t:|1681663079\n|move|p2a: Flutter Mane|Dazzling Gleam|p1b: Maushold\n|-damage|p1b: Maushold|42\/100\n|move|p1b: Maushold|Population Bomb|p2b: Great Tusk\n|-damage|p2b: Great Tusk|89\/100\n|-damage|p2b: Great Tusk|76\/100\n|-damage|p2b: Great Tusk|65\/100\n|-damage|p2b: Great Tusk|52\/100\n|-damage|p2b: Great Tusk|41\/100\n|-damage|p2b: Great Tusk|28\/100\n|-damage|p2b: Great Tusk|16\/100\n|-damage|p2b: Great Tusk|4\/100\n|-damage|p2b: Great Tusk|0 fnt\n|faint|p2b: Great Tusk\n|-end|p2b: Great Tusk|Protosynthesis|[silent]\n|-hitcount|p2: Great Tusk|9\n|\n|upkeep\n|turn|7\n|\n|t:|1681663097\n|move|p2a: Flutter Mane|Dazzling Gleam|p1b: Maushold\n|-damage|p1b: Maushold|0 fnt\n|faint|p1b: Maushold\n|\n|win|XinBluQAQ\n|l|\u2606cat vomiting\n","uploadtime":1681663611,"views":17,"p1id":"catvomiting","p2id":"xinbluqaq","formatid":"gen9vgc2023regulationc","rating":0,"private":0,"password":""}