{"id":"gen9vgc2023regulationc-1855719006","p1":"Kiriziomaro","p2":"Zapdos413","format":"[Gen 9] VGC 2023 Regulation C","log":"|j|\u2606Kiriziomaro\n|j|\u2606Zapdos413\n|t:|1682976463\n|gametype|doubles\n|player|p1|Kiriziomaro|lance|1139\n|player|p2|Zapdos413|2|1090\n|teamsize|p1|6\n|teamsize|p2|6\n|gen|9\n|tier|[Gen 9] VGC 2023 Regulation C\n|rated|\n|rule|Species Clause: Limit one of each Pok\u00e9mon\n|rule|Item Clause: Limit one of each item\n|clearpoke\n|poke|p1|Dondozo, L50, F|\n|poke|p1|Tatsugiri-Stretchy, L50, M|\n|poke|p1|Chi-Yu, L50|\n|poke|p1|Flutter Mane, L50|\n|poke|p1|Dragonite, L50, F|\n|poke|p1|Glimmora, L50, M|\n|poke|p2|Bruxish, L50, F|\n|poke|p2|Grimmsnarl, L50, M|\n|poke|p2|Azumarill, L50, F|\n|poke|p2|Hydreigon, L50, M|\n|poke|p2|Gastrodon, L50, F|\n|poke|p2|Lycanroc-Dusk, L50, M|\n|teampreview|4\n|inactive|Battle timer is ON: inactive players will automatically lose when time's up. (requested by Zapdos413)\n|\n|t:|1682976489\n|start\n|switch|p1a: Dondozo|Dondozo, L50, F|100\/100\n|switch|p1b: Glimmora|Glimmora, L50, M|100\/100\n|switch|p2a: Grimmsnarl|Grimmsnarl, L50, M|100\/100\n|switch|p2b: Azumarill|Azumarill, L50, F|100\/100\n|turn|1\n|\n|t:|1682976497\n|move|p2a: Grimmsnarl|Fake Out|p1b: Glimmora\n|-resisted|p1b: Glimmora\n|-damage|p1b: Glimmora|93\/100\n|-activate|p1b: Glimmora|ability: Toxic Debris\n|-sidestart|p2: Zapdos413|move: Toxic Spikes\n|cant|p1b: Glimmora|flinch\n|move|p2b: Azumarill|Belly Drum|p2b: Azumarill\n|-damage|p2b: Azumarill|51\/100\n|-setboost|p2b: Azumarill|atk|6|[from] move: Belly Drum\n|move|p1a: Dondozo|Yawn|p2b: Azumarill\n|-start|p2b: Azumarill|move: Yawn|[of] p1a: Dondozo\n|\n|upkeep\n|turn|2\n|\n|t:|1682976519\n|move|p1b: Glimmora|Spiky Shield|p1b: Glimmora\n|-singleturn|p1b: Glimmora|move: Protect\n|move|p1a: Dondozo|Protect|p1a: Dondozo\n|-singleturn|p1a: Dondozo|Protect\n|move|p2a: Grimmsnarl|Thunder Wave|p1a: Dondozo\n|-activate|p1a: Dondozo|move: Protect\n|move|p2b: Azumarill|Play Rough|p1a: Dondozo\n|-activate|p1a: Dondozo|move: Protect\n|\n|-end|p2b: Azumarill|move: Yawn|[silent]\n|-status|p2b: Azumarill|slp\n|upkeep\n|turn|3\n|\n|t:|1682976539\n|move|p2a: Grimmsnarl|Thunder Wave|p1a: Dondozo\n|-status|p1a: Dondozo|par\n|move|p1b: Glimmora|Toxic|p2a: Grimmsnarl\n|-status|p2a: Grimmsnarl|tox\n|cant|p2b: Azumarill|slp\n|move|p1a: Dondozo|Wave Crash|p2b: Azumarill\n|-resisted|p2b: Azumarill\n|-damage|p2b: Azumarill|30\/100 slp\n|-enditem|p2b: Azumarill|Sitrus Berry|[eat]\n|-heal|p2b: Azumarill|55\/100 slp|[from] item: Sitrus Berry\n|-damage|p1a: Dondozo|95\/100 par|[from] Recoil\n|\n|-damage|p2a: Grimmsnarl|95\/100 tox|[from] psn\n|upkeep\n|turn|4\n|inactive|Zapdos413 has 30 seconds left.\n|\n|t:|1682976568\n|move|p2a: Grimmsnarl|Parting Shot|p1a: Dondozo\n|-unboost|p1a: Dondozo|atk|1\n|-unboost|p1a: Dondozo|spa|1\n|\n|t:|1682976571\n|switch|p2a: Hydreigon|Hydreigon, L50, M|100\/100|[from] Parting Shot\n|move|p1b: Glimmora|Power Gem|p2b: Azumarill\n|-damage|p2b: Azumarill|8\/100 slp\n|cant|p2b: Azumarill|slp\n|cant|p1a: Dondozo|par\n|\n|upkeep\n|turn|5\n|\n|t:|1682976587\n|-curestatus|p2b: Azumarill|slp|[msg]\n|move|p2b: Azumarill|Aqua Jet|p1b: Glimmora\n|-supereffective|p1b: Glimmora\n|-damage|p1b: Glimmora|0 fnt\n|-activate|p1b: Glimmora|ability: Toxic Debris\n|-sidestart|p2: Zapdos413|move: Toxic Spikes\n|faint|p1b: Glimmora\n|move|p2a: Hydreigon|Dark Pulse|p1a: Dondozo\n|-damage|p1a: Dondozo|67\/100 par\n|move|p1a: Dondozo|Wave Crash|p2b: Azumarill\n|-resisted|p2b: Azumarill\n|-damage|p2b: Azumarill|0 fnt\n|faint|p2b: Azumarill\n|-damage|p1a: Dondozo|65\/100 par|[from] Recoil\n|\n|upkeep\n|\n|t:|1682976609\n|switch|p1b: Flutter Mane|Flutter Mane, L50|100\/100\n|switch|p2b: Gastrodon|Gastrodon, L50, F|100\/100\n|-status|p2b: Gastrodon|tox\n|-enditem|p1b: Flutter Mane|Booster Energy\n|-activate|p1b: Flutter Mane|ability: Protosynthesis|[fromitem]\n|-start|p1b: Flutter Mane|protosynthesisspe\n|turn|6\n|\n|t:|1682976618\n|-terastallize|p2a: Hydreigon|Poison\n|move|p1b: Flutter Mane|Protect|p1b: Flutter Mane\n|-singleturn|p1b: Flutter Mane|Protect\n|move|p2a: Hydreigon|Tera Blast|p1b: Flutter Mane\n|-activate|p1b: Flutter Mane|move: Protect\n|move|p2b: Gastrodon|Yawn||[still]\n|-fail|p2b: Gastrodon\n|move|p1a: Dondozo|Yawn|p2a: Hydreigon\n|-start|p2a: Hydreigon|move: Yawn|[of] p1a: Dondozo\n|\n|-damage|p2b: Gastrodon|95\/100 tox|[from] psn\n|upkeep\n|turn|7\n|\n|t:|1682976634\n|-terastallize|p1b: Flutter Mane|Steel\n|move|p1a: Dondozo|Protect|p1a: Dondozo\n|-singleturn|p1a: Dondozo|Protect\n|move|p1b: Flutter Mane|Substitute|p1b: Flutter Mane\n|-start|p1b: Flutter Mane|Substitute\n|-damage|p1b: Flutter Mane|76\/100\n|move|p2a: Hydreigon|Tera Blast|p1b: Flutter Mane\n|-immune|p1b: Flutter Mane\n|move|p2b: Gastrodon|Earth Power|p1b: Flutter Mane\n|-supereffective|p1b: Flutter Mane\n|-end|p1b: Flutter Mane|Substitute\n|\n|-heal|p2b: Gastrodon|100\/100 tox|[from] item: Leftovers\n|-damage|p2b: Gastrodon|89\/100 tox|[from] psn\n|-end|p2a: Hydreigon|move: Yawn|[silent]\n|-status|p2a: Hydreigon|slp\n|upkeep\n|turn|8\n|inactive|Kiriziomaro has 30 seconds left.\n|inactive|Kiriziomaro has 20 seconds left.\n|inactive|Kiriziomaro has 15 seconds left.\n|\n|t:|1682976675\n|switch|p1a: Tatsugiri|Tatsugiri-Stretchy, L50, M|100\/100\n|move|p1b: Flutter Mane|Hex|p2a: Hydreigon\n|-damage|p2a: Hydreigon|50\/100 slp\n|cant|p2a: Hydreigon|slp\n|move|p2b: Gastrodon|Earth Power|p1b: Flutter Mane\n|-supereffective|p1b: Flutter Mane\n|-damage|p1b: Flutter Mane|25\/100\n|\n|-heal|p2b: Gastrodon|95\/100 tox|[from] item: Leftovers\n|-damage|p2b: Gastrodon|77\/100 tox|[from] psn\n|upkeep\n|turn|9\n|\n|t:|1682976694\n|switch|p2a: Grimmsnarl|Grimmsnarl, L50, M|95\/100 tox\n|move|p1b: Flutter Mane|Hex|p2a: Grimmsnarl\n|-resisted|p2a: Grimmsnarl\n|-damage|p2a: Grimmsnarl|63\/100 tox\n|move|p1a: Tatsugiri|Draco Meteor|p2b: Gastrodon\n|-damage|p2b: Gastrodon|8\/100 tox\n|-unboost|p1a: Tatsugiri|spa|2\n|move|p2b: Gastrodon|Earth Power|p1b: Flutter Mane\n|-supereffective|p1b: Flutter Mane\n|-damage|p1b: Flutter Mane|0 fnt\n|faint|p1b: Flutter Mane\n|-end|p1b: Flutter Mane|Protosynthesis|[silent]\n|\n|-heal|p2b: Gastrodon|14\/100 tox|[from] item: Leftovers\n|-damage|p2a: Grimmsnarl|57\/100 tox|[from] psn\n|-damage|p2b: Gastrodon|0 fnt|[from] psn\n|faint|p2b: Gastrodon\n|upkeep\n|\n|t:|1682976714\n|switch|p1b: Dondozo|Dondozo, L50, F|65\/100 par\n|switch|p2b: Hydreigon|Hydreigon, L50, M, tera:Poison|50\/100 slp\n|turn|10\n|\n|t:|1682976728\n|move|p2a: Grimmsnarl|Thunder Wave|p1a: Tatsugiri\n|-status|p1a: Tatsugiri|par\n|cant|p2b: Hydreigon|slp\n|cant|p1a: Tatsugiri|par\n|move|p1b: Dondozo|Wave Crash|p1a: Tatsugiri\n|-activate|p1a: Tatsugiri|ability: Storm Drain\n|-ability|p1a: Tatsugiri|Storm Drain|boost\n|-boost|p1a: Tatsugiri|spa|1\n|\n|-damage|p2a: Grimmsnarl|46\/100 tox|[from] psn\n|upkeep\n|turn|11\n|\n|t:|1682976750\n|cant|p1b: Dondozo|par\n|cant|p2b: Hydreigon|slp\n|move|p2a: Grimmsnarl|Foul Play|p1b: Dondozo\n|-damage|p1b: Dondozo|45\/100 par\n|-enditem|p1b: Dondozo|Sitrus Berry|[eat]\n|-heal|p1b: Dondozo|70\/100 par|[from] item: Sitrus Berry\n|move|p1a: Tatsugiri|Draco Meteor|p2b: Hydreigon\n|-damage|p2b: Hydreigon|0 fnt\n|-unboost|p1a: Tatsugiri|spa|2\n|faint|p2b: Hydreigon\n|\n|-damage|p2a: Grimmsnarl|28\/100 tox|[from] psn\n|upkeep\n|turn|12\n|\n|t:|1682976772\n|move|p1b: Dondozo|Protect|p1b: Dondozo\n|-singleturn|p1b: Dondozo|Protect\n|move|p2a: Grimmsnarl|Foul Play|p1b: Dondozo\n|-activate|p1b: Dondozo|move: Protect\n|move|p1a: Tatsugiri|Draco Meteor|p2a: Grimmsnarl\n|-immune|p2a: Grimmsnarl\n|\n|-damage|p2a: Grimmsnarl|5\/100 tox|[from] psn\n|upkeep\n|turn|13\n|\n|t:|1682976789\n|move|p2a: Grimmsnarl|Parting Shot|p1b: Dondozo\n|-unboost|p1b: Dondozo|atk|1\n|-unboost|p1b: Dondozo|spa|1\n|move|p1a: Tatsugiri|Draco Meteor|p2a: Grimmsnarl\n|-immune|p2a: Grimmsnarl\n|move|p1b: Dondozo|Bulldoze|p2a: Grimmsnarl|[spread] p1a,p2a\n|-damage|p1a: Tatsugiri|90\/100 par\n|-damage|p2a: Grimmsnarl|0 fnt\n|-unboost|p1a: Tatsugiri|spe|1\n|faint|p2a: Grimmsnarl\n|\n|win|Kiriziomaro\n|raw|Kiriziomaro's rating: 1139 → 1160<\/strong> (+21 for winning)\n|raw|Zapdos413's rating: 1090 → 1070<\/strong> (-20 for losing)\n|l|\u2606Zapdos413\n","uploadtime":1682976798,"views":13,"p1id":"kiriziomaro","p2id":"zapdos413","formatid":"gen9vgc2023regulationc","rating":1070,"private":0,"password":""}