{"id":"gen9vgc2023regulationc-1859122936","p1":"Cold Brew VGC","p2":"BIGHAXORUSFAN147","format":"[Gen 9] VGC 2023 Regulation C","log":"|j|\u2606Cold Brew VGC\n|j|\u2606BIGHAXORUSFAN147\n|t:|1683407187\n|gametype|doubles\n|player|p1|Cold Brew VGC|silver-gen2kanto|1676\n|player|p2|BIGHAXORUSFAN147|grimsley-masters|1568\n|teamsize|p1|6\n|teamsize|p2|6\n|gen|9\n|tier|[Gen 9] VGC 2023 Regulation C\n|rated|\n|rule|Species Clause: Limit one of each Pok\u00e9mon\n|rule|Item Clause: Limit one of each item\n|clearpoke\n|poke|p1|Torkoal, L50, F|\n|poke|p1|Hatterene, L50, F|\n|poke|p1|Kingambit, L50, F|\n|poke|p1|Farigiraf, L50, F|\n|poke|p1|Brute Bonnet, L50|\n|poke|p1|Iron Hands, L50|\n|poke|p2|Kingambit, L50, M|\n|poke|p2|Dragonite, L50, M|\n|poke|p2|Palafin, L50, M|\n|poke|p2|Amoonguss, L50, M|\n|poke|p2|Arcanine, L50, M|\n|poke|p2|Flutter Mane, L50|\n|teampreview|4\n|inactive|Battle timer is ON: inactive players will automatically lose when time's up. (requested by Cold Brew VGC)\nCold Brew VGC has agreed to open team sheets.\nBIGHAXORUSFAN147 has agreed to open team sheets.\n|c|\u2606BIGHAXORUSFAN147|Wait I recognize your name from twitter\n|inactive|Cold Brew VGC has 60 seconds left.\n|inactive|BIGHAXORUSFAN147 has 60 seconds left.\n|c|\u2606Cold Brew VGC|Mine? My twitter account isnt the same as this account\n|c|\u2606Cold Brew VGC|i must have an imposter lol\n|inactive|Cold Brew VGC has 30 seconds left.\n|inactive|BIGHAXORUSFAN147 has 30 seconds left.\n|inactive|Cold Brew VGC has 20 seconds left.\n|inactive|BIGHAXORUSFAN147 has 20 seconds left.\n|inactive|Cold Brew VGC has 15 seconds left.\n|inactive|BIGHAXORUSFAN147 has 15 seconds left.\n|inactive|BIGHAXORUSFAN147 has 10 seconds left.\n|\n|t:|1683407270\n|start\n|switch|p1a: Iron Hands|Iron Hands, L50|100\/100\n|switch|p1b: Hatterene|Hatterene, L50, F|100\/100\n|switch|p2a: Mihawk|Kingambit, L50, M|100\/100\n|switch|p2b: Sakazuki|Arcanine, L50, M|100\/100\n|-ability|p2b: Sakazuki|Intimidate|boost\n|-unboost|p1a: Iron Hands|atk|1\n|-unboost|p1b: Hatterene|atk|1\n|turn|1\n|inactive|Cold Brew VGC has 30 seconds left.\n|inactive|BIGHAXORUSFAN147 has 30 seconds left.\n|\n|t:|1683407304\n|move|p2a: Mihawk|Protect|p2a: Mihawk\n|-singleturn|p2a: Mihawk|Protect\n|move|p1a: Iron Hands|Fake Out|p2a: Mihawk\n|-activate|p2a: Mihawk|move: Protect\n|move|p2b: Sakazuki|Will-O-Wisp|p1a: Iron Hands\n|-status|p1a: Iron Hands|brn\n|-enditem|p1a: Iron Hands|Lum Berry|[eat]\n|-curestatus|p1a: Iron Hands|brn|[msg]\n|move|p1b: Hatterene|Trick Room|p1b: Hatterene\n|-fieldstart|move: Trick Room|[of] p1b: Hatterene\n|\n|upkeep\n|turn|2\n|inactive|Cold Brew VGC has 30 seconds left.\n|\n|t:|1683407333\n|switch|p2a: Aramaki|Amoonguss, L50, M|100\/100\n|-terastallize|p1b: Hatterene|Fire\n|move|p1b: Hatterene|Psychic|p2b: Sakazuki\n|-damage|p2b: Sakazuki|39\/100\n|move|p1a: Iron Hands|Wild Charge|p2b: Sakazuki\n|-damage|p2b: Sakazuki|2\/100\n|-damage|p1a: Iron Hands|93\/100|[from] Recoil\n|move|p2b: Sakazuki|Will-O-Wisp|p1a: Iron Hands\n|-status|p1a: Iron Hands|brn\n|\n|-damage|p1a: Iron Hands|87\/100 brn|[from] brn\n|upkeep\n|turn|3\n|inactive|BIGHAXORUSFAN147 has 30 seconds left.\n|\n|t:|1683407366\n|move|p2a: Aramaki|Protect|p2a: Aramaki\n|-singleturn|p2a: Aramaki|Protect\n|move|p2b: Sakazuki|Extreme Speed|p1b: Hatterene\n|-damage|p1b: Hatterene|75\/100\n|move|p1b: Hatterene|Psychic|p2a: Aramaki\n|-activate|p2a: Aramaki|move: Protect\n|move|p1a: Iron Hands|Drain Punch|p2b: Sakazuki\n|-damage|p2b: Sakazuki|0 fnt\n|-heal|p1a: Iron Hands|87\/100 brn|[from] drain|[of] p2b: Sakazuki\n|faint|p2b: Sakazuki\n|\n|-damage|p1a: Iron Hands|81\/100 brn|[from] brn\n|upkeep\n|\n|t:|1683407376\n|switch|p2b: Mihawk|Kingambit, L50, M|100\/100\n|turn|4\n|\n|t:|1683407397\n|-terastallize|p2a: Aramaki|Water\n|move|p2a: Aramaki|Rage Powder|p2a: Aramaki\n|-singleturn|p2a: Aramaki|move: Rage Powder\n|move|p1b: Hatterene|Psychic|p2a: Aramaki\n|-damage|p2a: Aramaki|57\/100\n|move|p1a: Iron Hands|Drain Punch|p2a: Aramaki\n|-damage|p2a: Aramaki|45\/100\n|-heal|p1a: Iron Hands|87\/100 brn|[from] drain|[of] p2a: Aramaki\n|-enditem|p2a: Aramaki|Sitrus Berry|[eat]\n|-heal|p2a: Aramaki|70\/100|[from] item: Sitrus Berry\n|move|p2b: Mihawk|Swords Dance|p2b: Mihawk\n|-boost|p2b: Mihawk|atk|2\n|\n|-damage|p1a: Iron Hands|81\/100 brn|[from] brn\n|upkeep\n|turn|5\n|inactive|Cold Brew VGC has 30 seconds left.\n|inactive|BIGHAXORUSFAN147 has 30 seconds left.\n|\n|t:|1683407430\n|-end|p1a: Iron Hands|Quark Drive|[silent]\n|switch|p1a: Torkoal|Torkoal, L50, F|100\/100\n|-weather|SunnyDay|[from] ability: Drought|[of] p1a: Torkoal\n|move|p2a: Aramaki|Protect|p2a: Aramaki\n|-singleturn|p2a: Aramaki|Protect\n|move|p2b: Mihawk|Protect|p2b: Mihawk\n|-singleturn|p2b: Mihawk|Protect\n|move|p1b: Hatterene|Psychic|p2a: Aramaki\n|-activate|p2a: Aramaki|move: Protect\n|\n|-weather|SunnyDay|[upkeep]\n|-fieldend|move: Trick Room\n|upkeep\n|turn|6\n|inactive|BIGHAXORUSFAN147 has 30 seconds left.\n|\n|t:|1683407463\n|switch|p1a: Iron Hands|Iron Hands, L50|81\/100 brn\n|move|p1b: Hatterene|Protect|p1b: Hatterene\n|-singleturn|p1b: Hatterene|Protect\n|move|p2b: Mihawk|Kowtow Cleave|p1a: Iron Hands\n|-resisted|p1a: Iron Hands\n|-damage|p1a: Iron Hands|47\/100 brn\n|move|p2a: Aramaki|Pollen Puff|p1a: Iron Hands\n|-resisted|p1a: Iron Hands\n|-damage|p1a: Iron Hands|40\/100 brn\n|\n|-weather|SunnyDay|[upkeep]\n|-damage|p1a: Iron Hands|34\/100 brn|[from] brn\n|upkeep\n|turn|7\n|\n|t:|1683407481\n|move|p1a: Iron Hands|Fake Out|p2b: Mihawk\n|-resisted|p2b: Mihawk\n|-damage|p2b: Mihawk|97\/100\n|move|p2a: Aramaki|Rage Powder|p2a: Aramaki\n|-singleturn|p2a: Aramaki|move: Rage Powder\n|cant|p2b: Mihawk|flinch\n|move|p1b: Hatterene|Trick Room|p1b: Hatterene\n|-fieldstart|move: Trick Room|[of] p1b: Hatterene\n|\n|-weather|SunnyDay|[upkeep]\n|-damage|p1a: Iron Hands|28\/100 brn|[from] brn\n|upkeep\n|turn|8\n|inactive|BIGHAXORUSFAN147 has 30 seconds left.\n|\n|t:|1683407512\n|move|p2a: Aramaki|Rage Powder|p2a: Aramaki\n|-singleturn|p2a: Aramaki|move: Rage Powder\n|move|p1b: Hatterene|Dazzling Gleam|p2b: Mihawk|[spread] p2a,p2b\n|-damage|p2a: Aramaki|38\/100\n|-damage|p2b: Mihawk|64\/100\n|move|p1a: Iron Hands|Wild Charge|p2a: Aramaki\n|-supereffective|p2a: Aramaki\n|-damage|p2a: Aramaki|0 fnt\n|faint|p2a: Aramaki\n|-damage|p1a: Iron Hands|19\/100 brn|[from] Recoil\n|move|p2b: Mihawk|Kowtow Cleave|p1a: Iron Hands\n|-resisted|p1a: Iron Hands\n|-damage|p1a: Iron Hands|0 fnt\n|faint|p1a: Iron Hands\n|-end|p1a: Iron Hands|Quark Drive|[silent]\n|\n|-weather|SunnyDay|[upkeep]\n|upkeep\n|\n|t:|1683407532\n|switch|p2a: Perona|Flutter Mane, L50|100\/100\n|switch|p1a: Brute Bonnet|Brute Bonnet, L50|100\/100\n|-activate|p1a: Brute Bonnet|ability: Protosynthesis\n|-start|p1a: Brute Bonnet|protosynthesisatk\n|-activate|p2a: Perona|ability: Protosynthesis\n|-start|p2a: Perona|protosynthesisspa\n|turn|9\n|j| Notamy\n|inactive|BIGHAXORUSFAN147 has 30 seconds left.\n|\n|t:|1683407558\n|move|p2b: Mihawk|Sucker Punch|p1b: Hatterene\n|-damage|p1b: Hatterene|0 fnt\n|faint|p1b: Hatterene\n|move|p1a: Brute Bonnet|Bullet Seed|p2a: Perona\n|-crit|p2a: Perona\n|-damage|p2a: Perona|60\/100\n|-damage|p2a: Perona|34\/100\n|-damage|p2a: Perona|7\/100\n|-crit|p2a: Perona\n|-damage|p2a: Perona|0 fnt\n|faint|p2a: Perona\n|-end|p2a: Perona|Protosynthesis|[silent]\n|-hitcount|p2: Perona|4\n|\n|-weather|none\n|-end|p1a: Brute Bonnet|Protosynthesis\n|upkeep\n|\n|t:|1683407569\n|switch|p1b: Torkoal|Torkoal, L50, F|100\/100\n|-weather|SunnyDay|[from] ability: Drought|[of] p1b: Torkoal\n|-activate|p1a: Brute Bonnet|ability: Protosynthesis\n|-start|p1a: Brute Bonnet|protosynthesisatk\n|turn|10\n|inactive|BIGHAXORUSFAN147 has 30 seconds left.\n|\n|t:|1683407598\n|move|p2b: Mihawk|Sucker Punch|p1b: Torkoal\n|-damage|p1b: Torkoal|26\/100\n|move|p1b: Torkoal|Eruption|p2b: Mihawk\n|-supereffective|p2b: Mihawk\n|-damage|p2b: Mihawk|19\/100\n|move|p1a: Brute Bonnet|Spore|p2b: Mihawk\n|-status|p2b: Mihawk|slp|[from] move: Spore\n|-enditem|p2b: Mihawk|Lum Berry|[eat]\n|-curestatus|p2b: Mihawk|slp|[msg]\n|\n|-weather|SunnyDay|[upkeep]\n|upkeep\n|turn|11\n|\n|t:|1683407613\n|move|p1b: Torkoal|Protect|p1b: Torkoal\n|-singleturn|p1b: Torkoal|Protect\n|move|p2b: Mihawk|Protect|p2b: Mihawk\n|-singleturn|p2b: Mihawk|Protect\n|move|p1a: Brute Bonnet|Spore|p2b: Mihawk\n|-activate|p2b: Mihawk|move: Protect\n|\n|-weather|SunnyDay|[upkeep]\n|-fieldend|move: Trick Room\n|upkeep\n|turn|12\n|\n|t:|1683407621\n|move|p2b: Mihawk|Kowtow Cleave|p1b: Torkoal\n|-damage|p1b: Torkoal|0 fnt\n|faint|p1b: Torkoal\n|move|p1a: Brute Bonnet|Spore|p2b: Mihawk\n|-status|p2b: Mihawk|slp|[from] move: Spore\n|\n|-weather|SunnyDay|[upkeep]\n|upkeep\n|turn|13\n|c|\u2606BIGHAXORUSFAN147|gg\n|\n|t:|1683407629\n|cant|p2b: Mihawk|slp\n|move|p1a: Brute Bonnet|Bullet Seed|p2b: Mihawk\n|-resisted|p2b: Mihawk\n|-damage|p2b: Mihawk|12\/100 slp\n|-resisted|p2b: Mihawk\n|-damage|p2b: Mihawk|6\/100 slp\n|-resisted|p2b: Mihawk\n|-damage|p2b: Mihawk|0 fnt\n|faint|p2b: Mihawk\n|-hitcount|p2: Mihawk|3\n|\n|win|Cold Brew VGC\n|raw|Cold Brew VGC's rating: 1676 → 1690<\/strong> (+14 for winning)\n|raw|BIGHAXORUSFAN147's rating: 1568 → 1554<\/strong> (-14 for losing)\n|c|\u2606Cold Brew VGC|gg wp\n","uploadtime":1683407637,"views":15,"p1id":"coldbrewvgc","p2id":"bighaxorusfan147","formatid":"gen9vgc2023regulationc","rating":1554,"private":0,"password":""}