{"id":"gen9vgc2023regulationc-1856106296","p1":"Espada007","p2":"Insertable194","format":"[Gen 9] VGC 2023 Regulation C","log":"|j|\u2606Espada007\n|j|\u2606Insertable194\n|t:|1683030803\n|gametype|doubles\n|player|p1|Espada007|265|1491\n|player|p2|Insertable194|102|1435\n|teamsize|p1|6\n|teamsize|p2|6\n|gen|9\n|tier|[Gen 9] VGC 2023 Regulation C\n|rated|\n|rule|Species Clause: Limit one of each Pok\u00e9mon\n|rule|Item Clause: Limit one of each item\n|clearpoke\n|poke|p1|Abomasnow, L50, F|\n|poke|p1|Cetitan, L50, F|\n|poke|p1|Arcanine, L50, F|\n|poke|p1|Palafin, L50, M|\n|poke|p1|Flutter Mane, L50|\n|poke|p1|Ting-Lu, L50|\n|poke|p2|Iron Bundle, L50|\n|poke|p2|Great Tusk, L50|\n|poke|p2|Chien-Pao, L50|\n|poke|p2|Iron Hands, L50|\n|poke|p2|Arcanine, L50, F|\n|poke|p2|Gholdengo, L50|\n|teampreview|4\nInsertable194 has agreed to open team sheets.\n|inactive|Battle timer is ON: inactive players will automatically lose when time's up. (requested by Insertable194)\nEspada007 has agreed to open team sheets.\n|inactive|Espada007 has 60 seconds left.\n|inactive|Insertable194 has 60 seconds left.\n|inactive|Insertable194 has 30 seconds left.\n|\n|t:|1683030873\n|start\n|switch|p1a: Arcanine|Arcanine, L50, F|100\/100\n|switch|p1b: Abomasnow|Abomasnow, L50, F|100\/100\n|switch|p2a: Iron Hands|Iron Hands, L50|100\/100\n|switch|p2b: Gholdengo|Gholdengo, L50|100\/100\n|-ability|p1a: Arcanine|Intimidate|boost\n|-unboost|p2a: Iron Hands|atk|1\n|-unboost|p2b: Gholdengo|atk|1\n|-weather|Snow|[from] ability: Snow Warning|[of] p1b: Abomasnow\n|turn|1\n|\n|t:|1683030897\n|move|p1a: Arcanine|Protect|p1a: Arcanine\n|-singleturn|p1a: Arcanine|Protect\n|move|p1b: Abomasnow|Protect|p1b: Abomasnow\n|-singleturn|p1b: Abomasnow|Protect\n|move|p2a: Iron Hands|Fake Out|p1a: Arcanine\n|-activate|p1a: Arcanine|move: Protect\n|move|p2b: Gholdengo|Make It Rain|p1b: Abomasnow|[spread] \n|-activate|p1a: Arcanine|move: Protect\n|-activate|p1b: Abomasnow|move: Protect\n|\n|-weather|Snow|[upkeep]\n|upkeep\n|turn|2\n|inactive|Insertable194 has 30 seconds left.\n|\n|t:|1683030927\n|-terastallize|p2b: Gholdengo|Water\n|-terastallize|p1b: Abomasnow|Water\n|move|p2b: Gholdengo|Make It Rain|p1a: Arcanine|[spread] p1a,p1b\n|-resisted|p1a: Arcanine\n|-resisted|p1b: Abomasnow\n|-damage|p1a: Arcanine|69\/100\n|-damage|p1b: Abomasnow|61\/100\n|-unboost|p2b: Gholdengo|spa|1\n|move|p1a: Arcanine|Flare Blitz|p2b: Gholdengo\n|-resisted|p2b: Gholdengo\n|-damage|p2b: Gholdengo|74\/100\n|-damage|p1a: Arcanine|60\/100|[from] Recoil\n|move|p1b: Abomasnow|Aurora Veil|p1b: Abomasnow\n|-sidestart|p1: Espada007|move: Aurora Veil\n|move|p2a: Iron Hands|Volt Switch|p1b: Abomasnow\n|-supereffective|p1b: Abomasnow\n|-damage|p1b: Abomasnow|44\/100\n|\n|t:|1683030949\n|-end|p2a: Iron Hands|Quark Drive|[silent]\n|switch|p2a: Iron Bundle|Iron Bundle, L50|100\/100|[from] Volt Switch\n|-enditem|p2a: Iron Bundle|Booster Energy\n|-activate|p2a: Iron Bundle|ability: Quark Drive|[fromitem]\n|-start|p2a: Iron Bundle|quarkdrivespe\n|\n|-weather|Snow|[upkeep]\n|upkeep\n|turn|3\n|inactive|Insertable194 has 30 seconds left.\n|\n|t:|1683030979\n|switch|p2b: Iron Hands|Iron Hands, L50|100\/100\n|move|p1b: Abomasnow|Protect|p1b: Abomasnow\n|-singleturn|p1b: Abomasnow|Protect\n|move|p2a: Iron Bundle|Freeze-Dry|p1b: Abomasnow\n|-activate|p1b: Abomasnow|move: Protect\n|move|p1a: Arcanine|Flare Blitz|p2a: Iron Bundle\n|-damage|p2a: Iron Bundle|57\/100\n|-damage|p1a: Arcanine|50\/100|[from] Recoil\n|\n|-weather|Snow|[upkeep]\n|upkeep\n|turn|4\n|\n|t:|1683030995\n|switch|p1b: Flutter Mane|Flutter Mane, L50|100\/100\n|move|p1a: Arcanine|Protect|p1a: Arcanine\n|-singleturn|p1a: Arcanine|Protect\n|move|p2b: Iron Hands|Fake Out|p1b: Flutter Mane\n|-immune|p1b: Flutter Mane\n|move|p2a: Iron Bundle|Hydro Pump|p1a: Arcanine\n|-activate|p1a: Arcanine|move: Protect\n|\n|-weather|Snow|[upkeep]\n|upkeep\n|turn|5\n|inactive|Insertable194 has 30 seconds left.\n|inactive|Insertable194 has 20 seconds left.\n|inactive|Insertable194 has 15 seconds left.\n|inactive|Insertable194 has 10 seconds left.\n|\n|t:|1683031043\n|switch|p1a: Cetitan|Cetitan, L50, F|100\/100\n|move|p2a: Iron Bundle|Hydro Pump|p1a: Cetitan\n|-damage|p1a: Cetitan|65\/100\n|move|p1b: Flutter Mane|Dazzling Gleam|p2a: Iron Bundle|[spread] p2a,p2b\n|-supereffective|p2b: Iron Hands\n|-damage|p2a: Iron Bundle|0 fnt\n|-damage|p2b: Iron Hands|38\/100\n|faint|p2a: Iron Bundle\n|-end|p2a: Iron Bundle|Quark Drive|[silent]\n|move|p2b: Iron Hands|Volt Switch|p1b: Flutter Mane\n|-damage|p1b: Flutter Mane|92\/100\n|\n|t:|1683031055\n|-end|p2b: Iron Hands|Quark Drive|[silent]\n|switch|p2b: Gholdengo|Gholdengo, L50, tera:Water|74\/100|[from] Volt Switch\n|\n|-weather|none\n|upkeep\n|\n|t:|1683031063\n|switch|p2a: Great Tusk|Great Tusk, L50|100\/100\n|turn|6\n|inactive|Espada007 has 30 seconds left.\n|\n|t:|1683031094\n|-end|p1b: Flutter Mane|Protosynthesis|[silent]\n|switch|p1b: Abomasnow|Abomasnow, L50, F, tera:Water|44\/100\n|-weather|Snow|[from] ability: Snow Warning|[of] p1b: Abomasnow\n|move|p1a: Cetitan|Ice Spinner|p2a: Great Tusk\n|-supereffective|p2a: Great Tusk\n|-damage|p2a: Great Tusk|37\/100\n|move|p2a: Great Tusk|Headlong Rush|p1b: Abomasnow\n|-damage|p1b: Abomasnow|0 fnt\n|-unboost|p2a: Great Tusk|def|1\n|-unboost|p2a: Great Tusk|spd|1\n|faint|p1b: Abomasnow\n|move|p2b: Gholdengo|Make It Rain|p1a: Cetitan\n|-supereffective|p1a: Cetitan\n|-damage|p1a: Cetitan|0 fnt\n|-unboost|p2b: Gholdengo|spa|1\n|faint|p1a: Cetitan\n|\n|-weather|Snow|[upkeep]\n|upkeep\n|\n|t:|1683031100\n|switch|p1a: Arcanine|Arcanine, L50, F|50\/100\n|switch|p1b: Flutter Mane|Flutter Mane, L50|92\/100\n|-ability|p1a: Arcanine|Intimidate|boost\n|-unboost|p2a: Great Tusk|atk|1\n|-unboost|p2b: Gholdengo|atk|1\n|turn|7\n|inactive|Espada007 has 30 seconds left.\n|\n|t:|1683031126\n|switch|p2b: Iron Hands|Iron Hands, L50|38\/100\n|move|p1a: Arcanine|Extreme Speed|p2a: Great Tusk\n|-damage|p2a: Great Tusk|9\/100\n|move|p2a: Great Tusk|Headlong Rush|p1a: Arcanine\n|-supereffective|p1a: Arcanine\n|-damage|p1a: Arcanine|0 fnt\n|-unboost|p2a: Great Tusk|def|1\n|-unboost|p2a: Great Tusk|spd|1\n|faint|p1a: Arcanine\n|move|p1b: Flutter Mane|Dazzling Gleam|p2b: Iron Hands|[spread] p2a,p2b\n|-supereffective|p2a: Great Tusk\n|-supereffective|p2b: Iron Hands\n|-damage|p2a: Great Tusk|0 fnt\n|-damage|p2b: Iron Hands|0 fnt\n|faint|p2a: Great Tusk\n|-end|p2a: Great Tusk|Protosynthesis|[silent]\n|faint|p2b: Iron Hands\n|-end|p2b: Iron Hands|Quark Drive|[silent]\n|\n|-weather|Snow|[upkeep]\n|upkeep\n|\n|t:|1683031136\n|switch|p2b: Gholdengo|Gholdengo, L50, tera:Water|74\/100\n|turn|8\n|\n|t:|1683031138\n|move|p1b: Flutter Mane|Dazzling Gleam|p2b: Gholdengo\n|-damage|p2b: Gholdengo|15\/100\n|move|p2b: Gholdengo|Make It Rain|p1b: Flutter Mane\n|-supereffective|p1b: Flutter Mane\n|-damage|p1b: Flutter Mane|0 fnt\n|-unboost|p2b: Gholdengo|spa|1\n|faint|p1b: Flutter Mane\n|-end|p1b: Flutter Mane|Protosynthesis|[silent]\n|\n|win|Insertable194\n|raw|Espada007's rating: 1491 → 1468<\/strong> (-23 for losing)\n|raw|Insertable194's rating: 1435 → 1458<\/strong> (+23 for winning)\n","uploadtime":1683031142,"views":5,"p1id":"espada007","p2id":"insertable194","formatid":"gen9vgc2023regulationc","rating":1458,"private":0,"password":""}