{"id":"gen9vgc2023regulationc-1862706775","p1":"volcaronya","p2":"letlara","format":"[Gen 9] VGC 2023 Regulation C","log":"|j|\u2606volcaronya\n|j|\u2606letlara\n|t:|1683913951\n|gametype|doubles\n|player|p1|volcaronya|lusamine-masters|\n|player|p2|letlara|1|\n|teamsize|p1|6\n|teamsize|p2|6\n|gen|9\n|tier|[Gen 9] VGC 2023 Regulation C\n|rule|Tera Type Preview: Tera Types are shown at Team Preview\n|rule|Species Clause: Limit one of each Pok\u00e9mon\n|rule|Item Clause: Limit one of each item\n|clearpoke\n|poke|p1|Iron Hands, L50|\n|poke|p1|Kingambit, L50, M|\n|poke|p1|Dragonite, L50, M|\n|poke|p1|Maushold-Four, L50|\n|poke|p1|Rotom-Wash, L50|\n|poke|p1|Skeledirge, L50, F|\n|poke|p2|Dragonite, L50, M|\n|poke|p2|Palafin, L50, M|\n|poke|p2|Iron Valiant, L50|\n|poke|p2|Krookodile, L50, F|\n|poke|p2|Gengar, L50, F|\n|poke|p2|Lycanroc, L50, M|\n|teampreview|4\n|raw|volcaronya's Tera Types: \/ \/ \/ \/ \/ \n|raw|letlara's Tera Types: \/ \/ \/ \/ \/ \n|inactive|Battle timer is ON: inactive players will automatically lose when time's up. (requested by letlara)\n|inactiveoff|Battle timer is now OFF.\nvolcaronya rejected open team sheets.\n|c|\u2606volcaronya|\/log volcaronya made this room public.\n|\n|t:|1683914406\n|start\n|switch|p1a: Kingambit|Kingambit, L50, M|100\/100\n|switch|p1b: Dragonite|Dragonite, L50, M|100\/100\n|switch|p2a: Palafin|Palafin, L50, M|100\/100\n|switch|p2b: Lycanroc|Lycanroc, L50, M|100\/100\n|turn|1\n|\n|t:|1683914438\n|move|p2b: Lycanroc|Rock Slide|p1a: Kingambit|[spread] p1a,p1b\n|-resisted|p1a: Kingambit\n|-supereffective|p1b: Dragonite\n|-damage|p1a: Kingambit|91\/100\n|-damage|p1b: Dragonite|66\/100\n|move|p2a: Palafin|Flip Turn|p1a: Kingambit\n|-damage|p1a: Kingambit|70\/100\n|-damage|p2a: Palafin|91\/100|[from] item: Life Orb\n|\n|t:|1683914447\n|detailschange|p2a: Palafin|Palafin-Hero, L50, M\n|switch|p2a: Krookodile|Krookodile, L50, F|100\/100|[from] Flip Turn\n|move|p1b: Dragonite|Tailwind|p1b: Dragonite\n|-sidestart|p1: volcaronya|move: Tailwind\n|cant|p1a: Kingambit|flinch\n|\n|upkeep\n|turn|2\n|\n|t:|1683914463\n|move|p1b: Dragonite|Ice Spinner|p2a: Krookodile\n|-supereffective|p2a: Krookodile\n|-damage|p2a: Krookodile|24\/100\n|move|p2a: Krookodile|Rock Slide|p1a: Kingambit|[spread] p1a,p1b\n|-resisted|p1a: Kingambit\n|-supereffective|p1b: Dragonite\n|-crit|p1b: Dragonite\n|-damage|p1a: Kingambit|62\/100\n|-damage|p1b: Dragonite|0 fnt\n|faint|p1b: Dragonite\n|-ability|p2a: Krookodile|Moxie|boost\n|-boost|p2a: Krookodile|atk|1\n|move|p2b: Lycanroc|Rock Slide|p1a: Kingambit\n|-resisted|p1a: Kingambit\n|-damage|p1a: Kingambit|49\/100\n|-enditem|p1a: Kingambit|Sitrus Berry|[eat]\n|-heal|p1a: Kingambit|74\/100|[from] item: Sitrus Berry\n|cant|p1a: Kingambit|flinch\n|\n|upkeep\n|\n|t:|1683914474\n|switch|p1b: Rotom|Rotom-Wash, L50|100\/100\n|turn|3\n|\n|t:|1683914484\n|move|p2a: Krookodile|Rock Slide|p1b: Rotom|[spread] p1a\n|-miss|p2a: Krookodile|p1b: Rotom\n|-resisted|p1a: Kingambit\n|-damage|p1a: Kingambit|64\/100\n|move|p1b: Rotom|Hydro Pump|p2a: Krookodile\n|-supereffective|p2a: Krookodile\n|-damage|p2a: Krookodile|0 fnt\n|faint|p2a: Krookodile\n|move|p2b: Lycanroc|Rock Slide|p1a: Kingambit|[spread] p1a,p1b\n|-resisted|p1a: Kingambit\n|-damage|p1a: Kingambit|54\/100\n|-damage|p1b: Rotom|75\/100\n|cant|p1a: Kingambit|flinch\n|\n|-heal|p1b: Rotom|81\/100|[from] item: Leftovers\n|upkeep\n|c|\u2606volcaronya|bro wtf is this set\n|\n|t:|1683914500\n|switch|p2a: Gengar|Gengar, L50, F|100\/100\n|turn|4\n|\n|t:|1683914507\n|move|p1a: Kingambit|Sucker Punch|p2a: Gengar\n|-supereffective|p2a: Gengar\n|-damage|p2a: Gengar|0 fnt\n|-start|p1a: Kingambit|Disable|Sucker Punch|[from] ability: Cursed Body|[of] p2a: Gengar\n|faint|p2a: Gengar\n|move|p1b: Rotom|Hydro Pump|p2b: Lycanroc|[miss]\n|-miss|p1b: Rotom|p2b: Lycanroc\n|move|p2b: Lycanroc|Rock Slide|p1b: Rotom|[spread] p1a,p1b\n|-resisted|p1a: Kingambit\n|-damage|p1a: Kingambit|43\/100\n|-damage|p1b: Rotom|59\/100\n|\n|-heal|p1b: Rotom|65\/100|[from] item: Leftovers\n|-sideend|p1: volcaronya|move: Tailwind\n|upkeep\n|\n|t:|1683914519\n|switch|p2a: Palafin|Palafin-Hero, L50, M|91\/100\n|-activate|p2a: Palafin|ability: Zero to Hero\n|turn|5\n|\n|t:|1683914534\n|move|p2b: Lycanroc|Rock Slide|p1a: Kingambit|[spread] p1a,p1b\n|-resisted|p1a: Kingambit\n|-damage|p1a: Kingambit|33\/100\n|-damage|p1b: Rotom|43\/100\n|move|p2a: Palafin|Drain Punch|p1a: Kingambit\n|-supereffective|p1a: Kingambit\n|-damage|p1a: Kingambit|0 fnt\n|-heal|p2a: Palafin|100\/100|[from] drain|[of] p1a: Kingambit\n|faint|p1a: Kingambit\n|-damage|p2a: Palafin|91\/100|[from] item: Life Orb\n|move|p1b: Rotom|Will-O-Wisp|p2a: Palafin\n|-status|p2a: Palafin|brn\n|\n|-heal|p1b: Rotom|49\/100|[from] item: Leftovers\n|-damage|p2a: Palafin|85\/100 brn|[from] brn\n|upkeep\n|\n|t:|1683914542\n|switch|p1a: Iron Hands|Iron Hands, L50|100\/100\n|turn|6\n|\n|t:|1683914564\n|-terastallize|p2b: Lycanroc|Psychic\n|move|p2b: Lycanroc|Psychic Fangs|p1a: Iron Hands\n|-supereffective|p1a: Iron Hands\n|-damage|p1a: Iron Hands|48\/100\n|move|p2a: Palafin|Drain Punch|p1b: Rotom\n|-damage|p1b: Rotom|32\/100\n|-heal|p2a: Palafin|93\/100 brn|[from] drain|[of] p1b: Rotom\n|-damage|p2a: Palafin|83\/100 brn|[from] item: Life Orb\n|move|p1b: Rotom|Volt Switch|p2a: Palafin\n|-supereffective|p2a: Palafin\n|-damage|p2a: Palafin|20\/100 brn\n|move|p1a: Iron Hands|Drain Punch|p2b: Lycanroc\n|-resisted|p2b: Lycanroc\n|-damage|p2b: Lycanroc|61\/100\n|-heal|p1a: Iron Hands|61\/100|[from] drain|[of] p2b: Lycanroc\n|\n|-heal|p1b: Rotom|37\/100|[from] item: Leftovers\n|-damage|p2a: Palafin|15\/100 brn|[from] brn\n|upkeep\n|turn|7\n|\n|t:|1683914598\n|move|p2b: Lycanroc|Psychic Fangs|p1a: Iron Hands\n|-supereffective|p1a: Iron Hands\n|-damage|p1a: Iron Hands|13\/100\n|move|p2a: Palafin|Drain Punch|p1b: Rotom\n|-damage|p1b: Rotom|22\/100\n|-heal|p2a: Palafin|22\/100 brn|[from] drain|[of] p1b: Rotom\n|-damage|p2a: Palafin|12\/100 brn|[from] item: Life Orb\n|move|p1b: Rotom|Hydro Pump|p2b: Lycanroc\n|-damage|p2b: Lycanroc|0 fnt\n|faint|p2b: Lycanroc\n|move|p1a: Iron Hands|Thunder Punch|p2a: Palafin\n|-supereffective|p2a: Palafin\n|-damage|p2a: Palafin|0 fnt\n|faint|p2a: Palafin\n|\n|win|volcaronya\n|c|\u2606volcaronya|ggs\n|c|\u2606letlara|gg\n|c|\u2606letlara|i got atleat closer as last battle with sizzle\n|l|\u2606letlara\n|j| sejuntest\n|l| sejuntest\n|j| sejuntest\n","uploadtime":1683914775,"views":17,"p1id":"volcaronya","p2id":"letlara","formatid":"gen9vgc2023regulationc","rating":0,"private":0,"password":""}