{"id":"gen9vgc2023regulationc-1845939569","p1":"Keveloper","p2":"MinimanYT","format":"[Gen 9] VGC 2023 Regulation C","log":"|j|\u2606Keveloper\n|j|\u2606MinimanYT\n|t:|1681781637\n|gametype|doubles\n|player|p1|Keveloper|lucas|1546\n|player|p2|MinimanYT|iris|1590\n|teamsize|p1|6\n|teamsize|p2|6\n|gen|9\n|tier|[Gen 9] VGC 2023 Regulation C\n|rated|\n|rule|Species Clause: Limit one of each Pok\u00e9mon\n|rule|Item Clause: Limit one of each item\n|clearpoke\n|poke|p1|Orthworm, L50, M|\n|poke|p1|Dragonite, L50, M|\n|poke|p1|Ting-Lu, L50|\n|poke|p1|Gyarados, L50, F|\n|poke|p1|Flutter Mane, L50|\n|poke|p1|Chien-Pao, L50|\n|poke|p2|Great Tusk, L50|\n|poke|p2|Corviknight, L50, M|\n|poke|p2|Amoonguss, L50, F|\n|poke|p2|Chi-Yu, L50|\n|poke|p2|Iron Bundle, L50|\n|poke|p2|Flutter Mane, L50|\n|teampreview|4\n|\n|t:|1681781676\n|start\n|switch|p1a: Orthworm|Orthworm, L50, M|100\/100\n|switch|p1b: Ting-Lu|Ting-Lu, L50|100\/100\n|switch|p2a: Great Tusk|Great Tusk, L50|100\/100\n|switch|p2b: Corviknight|Corviknight, L50, M|100\/100\n|-ability|p1b: Ting-Lu|Vessel of Ruin\n|turn|1\n|j| Zzhagu\n|\n|t:|1681781713\n|switch|p1b: Gyarados|Gyarados, L50, F|100\/100\n|-ability|p1b: Gyarados|Intimidate|boost\n|-fail|p2a: Great Tusk|unboost|[from] item: Clear Amulet|[of] p2a: Great Tusk\n|-ability|p2b: Corviknight|Mirror Armor\n|-unboost|p1b: Gyarados|atk|1\n|move|p2a: Great Tusk|Close Combat|p1a: Orthworm\n|-supereffective|p1a: Orthworm\n|-damage|p1a: Orthworm|6\/100\n|-unboost|p2a: Great Tusk|def|1\n|-unboost|p2a: Great Tusk|spd|1\n|-enditem|p1a: Orthworm|Sitrus Berry|[eat]\n|-heal|p1a: Orthworm|31\/100|[from] item: Sitrus Berry\n|move|p2b: Corviknight|Sunny Day|p2b: Corviknight\n|-weather|SunnyDay\n|-activate|p2a: Great Tusk|ability: Protosynthesis\n|-start|p2a: Great Tusk|protosynthesisatk\n|move|p1a: Orthworm|Iron Defense|p1a: Orthworm\n|-boost|p1a: Orthworm|def|2\n|\n|-weather|SunnyDay|[upkeep]\n|upkeep\n|turn|2\n|\n|t:|1681781741\n|switch|p2b: Iron Bundle|Iron Bundle, L50|100\/100\n|-terastallize|p1a: Orthworm|Fire\n|move|p2a: Great Tusk|Protect|p2a: Great Tusk\n|-singleturn|p2a: Great Tusk|Protect\n|move|p1b: Gyarados|Bulldoze|p2a: Great Tusk|[spread] p2b\n|-activate|p2a: Great Tusk|move: Protect\n|-heal|p1a: Orthworm|56\/100|[from] ability: Earth Eater|[of] p1b: Gyarados\n|-damage|p2b: Iron Bundle|90\/100\n|-unboost|p2b: Iron Bundle|spe|1\n|move|p1a: Orthworm|Body Press|p2a: Great Tusk\n|-activate|p2a: Great Tusk|move: Protect\n|\n|-weather|SunnyDay|[upkeep]\n|upkeep\n|turn|3\n|\n|t:|1681781768\n|move|p2b: Iron Bundle|Freeze-Dry|p1b: Gyarados\n|-supereffective|p1b: Gyarados\n|-damage|p1b: Gyarados|0 fnt\n|faint|p1b: Gyarados\n|move|p2a: Great Tusk|Close Combat|p1a: Orthworm\n|-damage|p1a: Orthworm|28\/100\n|-unboost|p2a: Great Tusk|def|1\n|-unboost|p2a: Great Tusk|spd|1\n|move|p1a: Orthworm|Body Press|p2b: Iron Bundle\n|-supereffective|p2b: Iron Bundle\n|-damage|p2b: Iron Bundle|0 fnt\n|faint|p2b: Iron Bundle\n|-end|p2b: Iron Bundle|Quark Drive|[silent]\n|\n|-weather|SunnyDay|[upkeep]\n|upkeep\n|\n|t:|1681781785\n|switch|p2b: Chi-Yu|Chi-Yu, L50|100\/100\n|switch|p1b: Dragonite|Dragonite, L50, M|100\/100\n|-ability|p2b: Chi-Yu|Beads of Ruin\n|turn|4\n|\n|t:|1681781808\n|-terastallize|p2a: Great Tusk|Ground\n|move|p2b: Chi-Yu|Dark Pulse|p1a: Orthworm\n|-damage|p1a: Orthworm|0 fnt\n|faint|p1a: Orthworm\n|move|p1b: Dragonite|Earthquake|p2b: Chi-Yu|[spread] p2a,p2b\n|-supereffective|p2b: Chi-Yu\n|-damage|p2a: Great Tusk|69\/100\n|-damage|p2b: Chi-Yu|37\/100\n|move|p2a: Great Tusk|Ice Spinner|p1b: Dragonite\n|-supereffective|p1b: Dragonite\n|-damage|p1b: Dragonite|22\/100\n|\n|-weather|SunnyDay|[upkeep]\n|upkeep\n|\n|t:|1681781820\n|switch|p1a: Ting-Lu|Ting-Lu, L50|100\/100\n|-ability|p1a: Ting-Lu|Vessel of Ruin\n|turn|5\n|j| ScV Test\n|\n|t:|1681781846\n|-end|p2a: Great Tusk|Protosynthesis|[silent]\n|switch|p2a: Corviknight|Corviknight, L50, M|100\/100\n|move|p2b: Chi-Yu|Protect|p2b: Chi-Yu\n|-singleturn|p2b: Chi-Yu|Protect\n|move|p1b: Dragonite|Extreme Speed|p2b: Chi-Yu\n|-activate|p2b: Chi-Yu|move: Protect\n|move|p1a: Ting-Lu|Throat Chop|p2a: Corviknight\n|-damage|p2a: Corviknight|58\/100\n|-start|p2a: Corviknight|Throat Chop|[silent]\n|\n|-weather|none\n|upkeep\n|turn|6\n|\n|t:|1681781879\n|move|p1b: Dragonite|Extreme Speed|p2b: Chi-Yu\n|-damage|p2b: Chi-Yu|4\/100\n|move|p2b: Chi-Yu|Heat Wave|p1b: Dragonite|[spread] p1a,p1b\n|-resisted|p1b: Dragonite\n|-damage|p1a: Ting-Lu|75\/100\n|-damage|p1b: Dragonite|4\/100\n|move|p2a: Corviknight|Tailwind|p2a: Corviknight\n|-sidestart|p2: MinimanYT|move: Tailwind\n|move|p1a: Ting-Lu|Throat Chop|p2a: Corviknight\n|-damage|p2a: Corviknight|14\/100\n|\n|-end|p2a: Corviknight|Throat Chop|[silent]\n|upkeep\n|turn|7\n|\n|t:|1681781909\n|move|p1b: Dragonite|Extreme Speed|p2a: Corviknight\n|-resisted|p2a: Corviknight\n|-damage|p2a: Corviknight|3\/100\n|move|p2b: Chi-Yu|Heat Wave|p1b: Dragonite|[spread] p1b\n|-miss|p2b: Chi-Yu|p1a: Ting-Lu\n|-resisted|p1b: Dragonite\n|-damage|p1b: Dragonite|0 fnt\n|faint|p1b: Dragonite\n|move|p2a: Corviknight|Brave Bird|p1a: Ting-Lu\n|-damage|p1a: Ting-Lu|52\/100\n|-damage|p2a: Corviknight|0 fnt|[from] Recoil\n|faint|p2a: Corviknight\n|move|p1a: Ting-Lu|Throat Chop|p2b: Chi-Yu\n|-resisted|p2b: Chi-Yu\n|-damage|p2b: Chi-Yu|0 fnt\n|faint|p2b: Chi-Yu\n|\n|upkeep\n|\n|t:|1681781919\n|switch|p2b: Great Tusk|Great Tusk, L50, tera:Ground|69\/100\n|turn|8\n|\n|t:|1681781925\n|move|p2b: Great Tusk|Close Combat|p1a: Ting-Lu\n|-supereffective|p1a: Ting-Lu\n|-damage|p1a: Ting-Lu|0 fnt\n|-unboost|p2b: Great Tusk|def|1\n|-unboost|p2b: Great Tusk|spd|1\n|faint|p1a: Ting-Lu\n|\n|win|MinimanYT\n|raw|Keveloper's rating: 1546 → 1529<\/strong> (-17 for losing)\n|raw|MinimanYT's rating: 1590 → 1607<\/strong> (+17 for winning)\n","uploadtime":1681781929,"views":5,"p1id":"keveloper","p2id":"minimanyt","formatid":"gen9vgc2023regulationc","rating":1529,"private":0,"password":""}