{"id":"gen9vgc2023regulationc-1846053679","p1":"TrainerDylan24","p2":"scheer_torres","format":"[Gen 9] VGC 2023 Regulation C","log":"|j|\u2606TrainerDylan24\n|j|\u2606scheer_torres\n|t:|1681798376\n|gametype|doubles\n|player|p1|TrainerDylan24|swimmerf|1089\n|player|p2|scheer_torres|169|1117\n|teamsize|p1|6\n|teamsize|p2|6\n|gen|9\n|tier|[Gen 9] VGC 2023 Regulation C\n|rated|\n|rule|Species Clause: Limit one of each Pok\u00e9mon\n|rule|Item Clause: Limit one of each item\n|clearpoke\n|poke|p1|Annihilape, L50, F|\n|poke|p1|Armarouge, L50, M|\n|poke|p1|Indeedee-F, L50, F|\n|poke|p1|Bellibolt, L50, M|\n|poke|p1|Dondozo, L50, F|\n|poke|p1|Tatsugiri, L50, F|\n|poke|p2|Flutter Mane, L50|\n|poke|p2|Chien-Pao, L50|\n|poke|p2|Ting-Lu, L50|\n|poke|p2|Palafin, L50, M|\n|poke|p2|Maushold-Four, L50|\n|poke|p2|Chi-Yu, L50|\n|teampreview|4\n|inactive|Battle timer is ON: inactive players will automatically lose when time's up. (requested by scheer_torres)\n|inactive|scheer_torres has 60 seconds left.\n|\n|t:|1681798425\n|start\n|switch|p1a: Bellibolt|Bellibolt, L50, M|100\/100\n|switch|p1b: Annihilape|Annihilape, L50, F|100\/100\n|switch|p2a: Palafin|Palafin, L50, M, shiny|100\/100\n|switch|p2b: Maushold|Maushold-Four, L50|100\/100\n|turn|1\n|\n|t:|1681798444\n|detailschange|p2a: Palafin|Palafin-Hero, L50, M, shiny\n|switch|p2a: Ting-Lu|Ting-Lu, L50|100\/100\n|-ability|p2a: Ting-Lu|Vessel of Ruin\n|move|p1b: Annihilape|Bulk Up|p1b: Annihilape\n|-boost|p1b: Annihilape|atk|1\n|-boost|p1b: Annihilape|def|1\n|move|p2b: Maushold|Encore|p1b: Annihilape\n|-start|p1b: Annihilape|Encore\n|move|p1a: Bellibolt|Chilling Water|p2b: Maushold\n|-damage|p2b: Maushold|88\/100\n|-unboost|p2b: Maushold|atk|1\n|\n|upkeep\n|turn|2\n|\n|t:|1681798469\n|-terastallize|p2b: Maushold|Grass\n|move|p1b: Annihilape|Bulk Up|p1b: Annihilape\n|-boost|p1b: Annihilape|atk|1\n|-boost|p1b: Annihilape|def|1\n|move|p2b: Maushold|Population Bomb|p1a: Bellibolt\n|-damage|p1a: Bellibolt|97\/100\n|-start|p1a: Bellibolt|Charge|Population Bomb|[from] ability: Electromorphosis\n|-damage|p2b: Maushold|71\/100|[from] item: Rocky Helmet|[of] p1a: Bellibolt\n|-damage|p1a: Bellibolt|92\/100\n|-start|p1a: Bellibolt|Charge|Population Bomb|[from] ability: Electromorphosis\n|-damage|p2b: Maushold|55\/100|[from] item: Rocky Helmet|[of] p1a: Bellibolt\n|-damage|p1a: Bellibolt|88\/100\n|-start|p1a: Bellibolt|Charge|Population Bomb|[from] ability: Electromorphosis\n|-damage|p2b: Maushold|38\/100|[from] item: Rocky Helmet|[of] p1a: Bellibolt\n|-enditem|p2b: Maushold|Sitrus Berry|[eat]\n|-heal|p2b: Maushold|63\/100|[from] item: Sitrus Berry\n|-damage|p1a: Bellibolt|84\/100\n|-start|p1a: Bellibolt|Charge|Population Bomb|[from] ability: Electromorphosis\n|-damage|p2b: Maushold|46\/100|[from] item: Rocky Helmet|[of] p1a: Bellibolt\n|-hitcount|p1a: Bellibolt|4\n|move|p1a: Bellibolt|Muddy Water|p2b: Maushold|[spread] p2a,p2b\n|-supereffective|p2a: Ting-Lu\n|-resisted|p2b: Maushold\n|-damage|p2a: Ting-Lu|84\/100\n|-damage|p2b: Maushold|38\/100\n|-unboost|p2a: Ting-Lu|accuracy|1\n|move|p2a: Ting-Lu|Substitute|p2a: Ting-Lu\n|-start|p2a: Ting-Lu|Substitute\n|-damage|p2a: Ting-Lu|59\/100\n|\n|-heal|p2a: Ting-Lu|65\/100|[from] item: Leftovers\n|upkeep\n|turn|3\n|inactive|TrainerDylan24 has 30 seconds left.\n|inactive|scheer_torres has 30 seconds left.\n|\n|t:|1681798498\n|move|p2b: Maushold|Follow Me|p2b: Maushold\n|-singleturn|p2b: Maushold|move: Follow Me\n|move|p1b: Annihilape|Bulk Up|p1b: Annihilape\n|-boost|p1b: Annihilape|atk|1\n|-boost|p1b: Annihilape|def|1\n|move|p2a: Ting-Lu|Fissure|p1b: Annihilape|[miss]\n|-miss|p2a: Ting-Lu|p1b: Annihilape\n|move|p1a: Bellibolt|Muddy Water|p2b: Maushold|[spread] p2a,p2b\n|-supereffective|p2a: Ting-Lu\n|-activate|p2a: Ting-Lu|move: Substitute|[damage]\n|-resisted|p2b: Maushold\n|-damage|p2b: Maushold|30\/100\n|\n|-heal|p2a: Ting-Lu|72\/100|[from] item: Leftovers\n|upkeep\n|turn|4\n|\n|t:|1681798523\n|switch|p2b: Palafin|Palafin-Hero, L50, M, shiny|100\/100\n|-activate|p2b: Palafin|ability: Zero to Hero\n|move|p1b: Annihilape|Bulk Up|p1b: Annihilape\n|-boost|p1b: Annihilape|atk|1\n|-boost|p1b: Annihilape|def|1\n|move|p1a: Bellibolt|Muddy Water|p2b: Palafin|[spread] p2a,p2b\n|-supereffective|p2a: Ting-Lu\n|-end|p2a: Ting-Lu|Substitute\n|-resisted|p2b: Palafin\n|-damage|p2b: Palafin|93\/100\n|-unboost|p2b: Palafin|accuracy|1\n|move|p2a: Ting-Lu|Fissure|p1b: Annihilape|[miss]\n|-miss|p2a: Ting-Lu|p1b: Annihilape\n|\n|-heal|p2a: Ting-Lu|78\/100|[from] item: Leftovers\n|-end|p1b: Annihilape|Encore\n|upkeep\n|turn|5\n|inactive|TrainerDylan24 has 30 seconds left.\n|inactive|scheer_torres has 30 seconds left.\n|inactive|scheer_torres has 20 seconds left.\n|inactive|scheer_torres has 15 seconds left.\n|inactive|scheer_torres has 10 seconds left.\n|inactive|scheer_torres has 5 seconds left.\n|\n|t:|1681798578\n|-terastallize|p1b: Annihilape|Water\n|move|p2a: Ting-Lu|Protect|p2a: Ting-Lu\n|-singleturn|p2a: Ting-Lu|Protect\n|move|p1b: Annihilape|Drain Punch|p2a: Ting-Lu\n|-activate|p2a: Ting-Lu|move: Protect\n|move|p2b: Palafin|Agility|p2b: Palafin\n|-boost|p2b: Palafin|spe|2\n|move|p1a: Bellibolt|Thunderbolt|p2b: Palafin\n|-supereffective|p2b: Palafin\n|-damage|p2b: Palafin|0 fnt\n|faint|p2b: Palafin\n|-end|p1a: Bellibolt|Charge|[silent]\n|\n|-heal|p2a: Ting-Lu|84\/100|[from] item: Leftovers\n|upkeep\n|\n|t:|1681798583\n|switch|p2b: Maushold|Maushold-Four, L50, tera:Grass|30\/100\n|turn|6\n|\n|t:|1681798598\n|move|p2b: Maushold|Follow Me|p2b: Maushold\n|-singleturn|p2b: Maushold|move: Follow Me\n|move|p1b: Annihilape|Drain Punch|p2b: Maushold\n|-damage|p2b: Maushold|0 fnt\n|faint|p2b: Maushold\n|-damage|p1b: Annihilape|91\/100|[from] item: Life Orb\n|move|p1a: Bellibolt|Acid Spray|p2a: Ting-Lu\n|-resisted|p2a: Ting-Lu\n|-damage|p2a: Ting-Lu|80\/100\n|-unboost|p2a: Ting-Lu|spd|2\n|move|p2a: Ting-Lu|Fissure|p1b: Annihilape|[miss]\n|-miss|p2a: Ting-Lu|p1b: Annihilape\n|\n|-heal|p2a: Ting-Lu|86\/100|[from] item: Leftovers\n|upkeep\n|-message|scheer_torres forfeited.\n|\n|win|TrainerDylan24\n|raw|TrainerDylan24's rating: 1089 → 1118<\/strong> (+29 for winning)\n|raw|scheer_torres's rating: 1117 → 1090<\/strong> (-27 for losing)\n|l|\u2606scheer_torres\n","uploadtime":1681798617,"views":6,"p1id":"trainerdylan24","p2id":"scheertorres","formatid":"gen9vgc2023regulationc","rating":1090,"private":0,"password":""}