{"id":"gen9vgc2023regulationc-1847504231","p1":"TheEeveeAnimations","p2":"repeatt","format":"[Gen 9] VGC 2023 Regulation C","log":"|j|\u2606TheEeveeAnimations\n|j|\u2606repeatt\n|t:|1681963822\n|gametype|doubles\n|player|p1|TheEeveeAnimations|dahlia|\n|player|p2|repeatt|rosa|\n|teamsize|p1|6\n|teamsize|p2|6\n|gen|9\n|tier|[Gen 9] VGC 2023 Regulation C\n|rated|Tournament battle\n|rule|Species Clause: Limit one of each Pok\u00e9mon\n|rule|Item Clause: Limit one of each item\n|clearpoke\n|poke|p1|Gholdengo, L50|\n|poke|p1|Maushold-Four, L50|\n|poke|p1|Flutter Mane, L50|\n|poke|p1|Wo-Chien, L50|\n|poke|p1|Palafin, L50, M|\n|poke|p1|Arcanine, L50, F|\n|poke|p2|Scizor, L50, F|\n|poke|p2|Chien-Pao, L50|\n|poke|p2|Garchomp, L50, F|\n|poke|p2|Talonflame, L50, M|\n|poke|p2|Farigiraf, L50, M|\n|poke|p2|Dragonite, L50, M|\n|teampreview|4\n|raw| Open Team Sheet for TheEeveeAnimations<\/summary>Gholdengo @ Leftovers Ability: Good as Gold Level: 50 Tera Type: Water - Protect - Shadow Ball - Make It Rain - Nasty Plot Maushold (Maushold-Four) @ Safety Goggles Ability: Friend Guard Level: 50 Tera Type: Ghost - Follow Me - Protect - Super Fang - Baby-Doll Eyes Flutter Mane @ Booster Energy Ability: Protosynthesis Level: 50 Tera Type: Steel - Icy Wind - Fake Tears - Protect - Dazzling Gleam Wo-Chien @ Assault Vest Ability: Tablets of Ruin Level: 50 Tera Type: Water - Foul Play - Snarl - Giga Drain - Pollen Puff Palafin @ Mystic Water Ability: Zero to Hero Level: 50 Tera Type: Water - Protect - Jet Punch - Wave Crash - Drain Punch Arcanine @ Sitrus Berry Ability: Intimidate Level: 50 Tera Type: Grass - Protect - Flare Blitz - Extreme Speed - Will-O-Wisp <\/details><\/div> Open Team Sheet for repeatt<\/summary>Scizor @ Assault Vest Ability: Technician Level: 50 Tera Type: Fire - Bullet Punch - U-turn - Close Combat - Tera Blast Chien-Pao @ Focus Sash Ability: Sword of Ruin Level: 50 Tera Type: Flying - Ice Spinner - Sucker Punch - Protect - Haze Garchomp @ Clear Amulet Ability: Rough Skin Level: 50 Tera Type: Steel - Earthquake - Stomping Tantrum - Dragon Claw - Protect Talonflame @ Safety Goggles Ability: Gale Wings Level: 50 Tera Type: Ghost - Will-O-Wisp - Brave Bird - Tailwind - Protect Farigiraf @ Throat Spray Ability: Armor Tail Level: 50 Tera Type: Normal - Hyper Voice - Psychic - Trick Room - Protect Dragonite @ Lum Berry Ability: Multiscale Level: 50 Tera Type: Normal - Aerial Ace - Extreme Speed - Fire Punch - Dragon Dance <\/details><\/div>\n|c|\u2606repeatt|hf\n|c|\u2606TheEeveeAnimations|glhf\n|c|\u2606repeatt|no u\n|j|+crystalninetales\n|c|\u2606repeatt|av chien and fake tears flutter is mad\n|c|\u2606TheEeveeAnimations|yes.\n|c|\u2606repeatt|lol\n|\n|t:|1681963898\n|start\n|switch|p1a: Palafin|Palafin, L50, M|100\/100\n|switch|p1b: Wo-Chien|Wo-Chien, L50|100\/100\n|switch|p2a: Chien-Pao|Chien-Pao, L50|100\/100\n|switch|p2b: Garchomp|Garchomp, L50, F|100\/100\n|-ability|p2a: Chien-Pao|Sword of Ruin\n|-ability|p1b: Wo-Chien|Tablets of Ruin\n|turn|1\n|\n|t:|1681963917\n|detailschange|p1a: Palafin|Palafin-Hero, L50, M\n|switch|p1a: Maushold|Maushold-Four, L50|100\/100\n|move|p2a: Chien-Pao|Ice Spinner|p1b: Wo-Chien\n|-supereffective|p1b: Wo-Chien\n|-damage|p1b: Wo-Chien|59\/100\n|move|p2b: Garchomp|Earthquake|p1b: Wo-Chien|[spread] p2a,p1a,p1b\n|-resisted|p1b: Wo-Chien\n|-damage|p2a: Chien-Pao|58\/100\n|-damage|p1a: Maushold|59\/100\n|-damage|p1b: Wo-Chien|49\/100\n|move|p1b: Wo-Chien|Giga Drain|p2a: Chien-Pao\n|-damage|p2a: Chien-Pao|13\/100\n|-heal|p1b: Wo-Chien|68\/100|[from] drain|[of] p2a: Chien-Pao\n|\n|upkeep\n|turn|2\n|c|\u2606repeatt|forgot to tera\n|c|\u2606repeatt|oops lol\n|\n|t:|1681963946\n|move|p2a: Chien-Pao|Protect|p2a: Chien-Pao\n|-singleturn|p2a: Chien-Pao|Protect\n|move|p1a: Maushold|Baby-Doll Eyes|p2a: Chien-Pao\n|-activate|p2a: Chien-Pao|move: Protect\n|move|p2b: Garchomp|Earthquake|p1a: Maushold|[spread] p1a,p1b\n|-activate|p2a: Chien-Pao|move: Protect\n|-resisted|p1b: Wo-Chien\n|-crit|p1b: Wo-Chien\n|-damage|p1a: Maushold|15\/100\n|-damage|p1b: Wo-Chien|53\/100\n|move|p1b: Wo-Chien|Giga Drain|p2a: Chien-Pao\n|-activate|p2a: Chien-Pao|move: Protect\n|\n|upkeep\n|turn|3\n|j| WeirdPolyCouple\n|j|%Borghi\n|\n|t:|1681963975\n|move|p1a: Maushold|Baby-Doll Eyes|p2b: Garchomp\n|-fail|p2b: Garchomp|unboost|[from] item: Clear Amulet|[of] p2b: Garchomp\n|move|p2a: Chien-Pao|Ice Spinner|p1b: Wo-Chien\n|-supereffective|p1b: Wo-Chien\n|-damage|p1b: Wo-Chien|11\/100\n|move|p2b: Garchomp|Dragon Claw|p1b: Wo-Chien\n|-damage|p1b: Wo-Chien|0 fnt\n|faint|p1b: Wo-Chien\n|\n|upkeep\n|c|\u2606TheEeveeAnimations|i dont read\n|\n|t:|1681963989\n|switch|p1b: Palafin|Palafin-Hero, L50, M|100\/100\n|-activate|p1b: Palafin|ability: Zero to Hero\n|turn|4\n|c|\u2606repeatt|its ok i didnt tera lol\n|\n|t:|1681964006\n|switch|p2b: Farigiraf|Farigiraf, L50, M|100\/100\n|-terastallize|p1b: Palafin|Water\n|move|p1a: Maushold|Protect|p1a: Maushold\n|-singleturn|p1a: Maushold|Protect\n|move|p2a: Chien-Pao|Ice Spinner|p1a: Maushold\n|-activate|p1a: Maushold|move: Protect\n|move|p1b: Palafin|Wave Crash|p2b: Farigiraf\n|-damage|p2b: Farigiraf|0 fnt\n|faint|p2b: Farigiraf\n|-damage|p1b: Palafin|63\/100|[from] Recoil\n|\n|upkeep\n|\n|t:|1681964017\n|switch|p2b: Garchomp|Garchomp, L50, F|100\/100\n|turn|5\n|\n|t:|1681964063\n|move|p2b: Garchomp|Protect|p2b: Garchomp\n|-singleturn|p2b: Garchomp|Protect\n|move|p1a: Maushold|Protect|p1a: Maushold\n|-singleturn|p1a: Maushold|Protect\n|move|p2a: Chien-Pao|Ice Spinner|p1a: Maushold\n|-activate|p1a: Maushold|move: Protect\n|move|p1b: Palafin|Wave Crash|p2b: Garchomp\n|-activate|p2b: Garchomp|move: Protect\n|\n|upkeep\n|turn|6\n|c|\u2606repeatt|double damn\n|\n|t:|1681964078\n|-terastallize|p2a: Chien-Pao|Flying\n|move|p2a: Chien-Pao|Sucker Punch|p1b: Palafin\n|-damage|p1b: Palafin|33\/100\n|move|p1a: Maushold|Baby-Doll Eyes|p2a: Chien-Pao\n|-unboost|p2a: Chien-Pao|atk|1\n|move|p2b: Garchomp|Earthquake|p1b: Palafin|[spread] p1a,p1b\n|-immune|p2a: Chien-Pao\n|-damage|p1a: Maushold|0 fnt\n|-damage|p1b: Palafin|0 fnt\n|faint|p1a: Maushold\n|faint|p1b: Palafin\n|\n|upkeep\n|\n|t:|1681964087\n|switch|p1b: Gholdengo|Gholdengo, L50|100\/100\n|turn|7\n|c|\u2606TheEeveeAnimations|fuck\n|\n|t:|1681964099\n|move|p2b: Garchomp|Protect|p2b: Garchomp\n|-singleturn|p2b: Garchomp|Protect\n|move|p2a: Chien-Pao|Sucker Punch|p1b: Gholdengo\n|-supereffective|p1b: Gholdengo\n|-damage|p1b: Gholdengo|44\/100\n|move|p1b: Gholdengo|Make It Rain|p2b: Garchomp|[spread] p2a\n|-activate|p2b: Garchomp|move: Protect\n|-damage|p2a: Chien-Pao|0 fnt\n|-unboost|p1b: Gholdengo|spa|1\n|faint|p2a: Chien-Pao\n|\n|-heal|p1b: Gholdengo|50\/100|[from] item: Leftovers\n|upkeep\n|\n|t:|1681964101\n|switch|p2a: Scizor|Scizor, L50, F|100\/100\n|turn|8\n|\n|t:|1681964105\n|move|p2a: Scizor|Bullet Punch|p1b: Gholdengo\n|-resisted|p1b: Gholdengo\n|-damage|p1b: Gholdengo|34\/100\n|move|p2b: Garchomp|Stomping Tantrum|p1b: Gholdengo\n|-supereffective|p1b: Gholdengo\n|-damage|p1b: Gholdengo|0 fnt\n|faint|p1b: Gholdengo\n|\n|win|repeatt\n|n|\u2606TheEeveeAnimations|theeeveeanimations\n|n|\u2606repeatt|repeatt\n|n| crystalninetales|crystalninetales\n|n| WeirdPolyCouple|weirdpolycouple\n|n| Borghi|borghi\n|c|\u2606repeatt|gg\n|c|\u2606TheEeveeAnimations|u2\n","uploadtime":1681964122,"views":4,"p1id":"theeeveeanimations","p2id":"repeatt","formatid":"gen9vgc2023regulationc","rating":0,"private":0,"password":""}