{"id":"gen9vgc2023regulationc-1849799984","p1":"sspark","p2":"BlindMagneton","format":"[Gen 9] VGC 2023 Regulation C","log":"|j|\u2606sspark\n|j|\u2606BlindMagneton\n|t:|1682253658\n|gametype|doubles\n|player|p1|sspark|101|1409\n|player|p2|BlindMagneton|wattson|1364\n|teamsize|p1|6\n|teamsize|p2|6\n|gen|9\n|tier|[Gen 9] VGC 2023 Regulation C\n|rated|\n|rule|Species Clause: Limit one of each Pok\u00e9mon\n|rule|Item Clause: Limit one of each item\n|clearpoke\n|poke|p1|Riolu, L50, M|\n|poke|p1|Scizor, L50, F|\n|poke|p1|Palafin, L50, M|\n|poke|p1|Flutter Mane, L50|\n|poke|p1|Arcanine, L50, F|\n|poke|p1|Great Tusk, L50|\n|poke|p2|Scream Tail, L50|\n|poke|p2|Wo-Chien, L50|\n|poke|p2|Maushold, L50|\n|poke|p2|Grimmsnarl, L50, M|\n|poke|p2|Chien-Pao, L50|\n|poke|p2|Dragapult, L50, M|\n|teampreview|4\n|inactive|Battle timer is ON: inactive players will automatically lose when time's up. (requested by sspark)\n|inactive|BlindMagneton has 60 seconds left.\n|inactive|BlindMagneton has 30 seconds left.\n|inactive|BlindMagneton has 20 seconds left.\n|inactive|BlindMagneton has 15 seconds left.\n|inactive|BlindMagneton has 10 seconds left.\n|\n|t:|1682253760\n|start\n|switch|p1a: Scizor|Scizor, L50, F|100\/100\n|switch|p1b: Riolu|Riolu, L50, M|100\/100\n|switch|p2a: Maushold|Maushold, L50|100\/100\n|switch|p2b: Wo-Chien|Wo-Chien, L50|100\/100\n|-ability|p2b: Wo-Chien|Tablets of Ruin\n|turn|1\n|inactive|BlindMagneton has 30 seconds left.\n|inactive|BlindMagneton has 20 seconds left.\n|inactive|sspark has 30 seconds left.\n|inactive|BlindMagneton has 15 seconds left.\n|inactive|BlindMagneton has 10 seconds left.\n|inactive|sspark has 20 seconds left.\n|inactive|BlindMagneton has 5 seconds left.\n|\n|t:|1682253812\n|-terastallize|p1a: Scizor|Steel\n|move|p2b: Wo-Chien|Protect|p2b: Wo-Chien\n|-singleturn|p2b: Wo-Chien|Protect\n|move|p1b: Riolu|Vacuum Wave|p1a: Scizor\n|-supereffective|p1a: Scizor\n|-damage|p1a: Scizor|84\/100\n|-enditem|p1a: Scizor|Weakness Policy\n|-boost|p1a: Scizor|atk|2|[from] item: Weakness Policy\n|-boost|p1a: Scizor|spa|2|[from] item: Weakness Policy\n|move|p1a: Scizor|Bullet Punch|p2a: Maushold\n|-damage|p2a: Maushold|0 fnt\n|faint|p2a: Maushold\n|\n|upkeep\n|\n|t:|1682253827\n|switch|p2a: Grimmsnarl|Grimmsnarl, L50, M|100\/100\n|turn|2\n|\n|t:|1682253841\n|move|p2a: Grimmsnarl|Fake Out|p1a: Scizor\n|-resisted|p1a: Scizor\n|-damage|p1a: Scizor|78\/100\n|move|p1b: Riolu|Howl|p1b: Riolu|[spread] p1a,p1b\n|-boost|p1a: Scizor|atk|1\n|-boost|p1b: Riolu|atk|1\n|move|p2b: Wo-Chien|Foul Play|p1a: Scizor\n|-damage|p1a: Scizor|0 fnt\n|faint|p1a: Scizor\n|\n|upkeep\n|\n|t:|1682253853\n|switch|p1a: Flutter Mane|Flutter Mane, L50|100\/100\n|-enditem|p1a: Flutter Mane|Booster Energy\n|-activate|p1a: Flutter Mane|ability: Protosynthesis|[fromitem]\n|-start|p1a: Flutter Mane|protosynthesisspe\n|turn|3\n|inactive|BlindMagneton has 30 seconds left.\n|inactive|BlindMagneton has 20 seconds left.\n|\n|t:|1682253891\n|-terastallize|p2b: Wo-Chien|Fire\n|move|p1b: Riolu|Detect|p1b: Riolu\n|-singleturn|p1b: Riolu|Protect\n|move|p2a: Grimmsnarl|Thunder Wave|p1a: Flutter Mane\n|-status|p1a: Flutter Mane|par\n|move|p1a: Flutter Mane|Moonblast|p2a: Grimmsnarl\n|-supereffective|p2a: Grimmsnarl\n|-enditem|p2a: Grimmsnarl|Focus Sash\n|-damage|p2a: Grimmsnarl|1\/100\n|-unboost|p2a: Grimmsnarl|spa|1\n|move|p2b: Wo-Chien|Leech Seed|p1b: Riolu\n|-activate|p1b: Riolu|move: Protect\n|\n|upkeep\n|turn|4\n|\n|t:|1682253916\n|move|p1b: Riolu|Vacuum Wave|p2a: Grimmsnarl\n|-damage|p2a: Grimmsnarl|0 fnt\n|faint|p2a: Grimmsnarl\n|move|p1a: Flutter Mane|Shadow Ball|p2b: Wo-Chien\n|-damage|p2b: Wo-Chien|72\/100\n|-unboost|p2b: Wo-Chien|spd|1\n|move|p2b: Wo-Chien|Leech Seed|p1a: Flutter Mane\n|-start|p1a: Flutter Mane|move: Leech Seed\n|\n|-damage|p1a: Flutter Mane|88\/100 par|[from] Leech Seed|[of] p2b: Wo-Chien\n|-heal|p2b: Wo-Chien|83\/100|[silent]\n|upkeep\n|\n|t:|1682253926\n|switch|p2a: Dragapult|Dragapult, L50, M|100\/100\n|turn|5\n|inactive|BlindMagneton has 30 seconds left.\n|\n|t:|1682253954\n|move|p1b: Riolu|Vacuum Wave|p2b: Wo-Chien\n|-damage|p2b: Wo-Chien|78\/100\n|move|p2a: Dragapult|Phantom Force||[still]\n|-prepare|p2a: Dragapult|Phantom Force\n|move|p1a: Flutter Mane|Moonblast|p2a: Dragapult|[miss]\n|-miss|p1a: Flutter Mane|p2a: Dragapult\n|move|p2b: Wo-Chien|Leech Seed|p1b: Riolu\n|-start|p1b: Riolu|move: Leech Seed\n|\n|-damage|p1a: Flutter Mane|76\/100 par|[from] Leech Seed|[of] p2b: Wo-Chien\n|-heal|p2b: Wo-Chien|89\/100|[silent]\n|-damage|p1b: Riolu|88\/100|[from] Leech Seed|[of] p2b: Wo-Chien\n|-heal|p2b: Wo-Chien|100\/100|[silent]\n|upkeep\n|turn|6\n|j| ratbite\n|inactive|BlindMagneton has 30 seconds left.\n|\n|t:|1682253982\n|-end|p1a: Flutter Mane|Protosynthesis|[silent]\n|switch|p1a: Great Tusk|Great Tusk, L50|100\/100\n|move|p1b: Riolu|Howl|p1b: Riolu|[spread] p1a,p1b\n|-boost|p1a: Great Tusk|atk|1\n|-enditem|p2a: Dragapult|Mirror Herb\n|-boost|p2a: Dragapult|atk|1|[from] item: Mirror Herb\n|-boost|p1b: Riolu|atk|1\n|move|p2a: Dragapult|Phantom Force|p1a: Great Tusk|[from]lockedmove\n|-damage|p1a: Great Tusk|67\/100\n|move|p2b: Wo-Chien|Leech Seed|p1a: Great Tusk\n|-start|p1a: Great Tusk|move: Leech Seed\n|\n|-damage|p1a: Great Tusk|54\/100|[from] Leech Seed|[of] p2b: Wo-Chien\n|-damage|p1b: Riolu|76\/100|[from] Leech Seed|[of] p2b: Wo-Chien\n|upkeep\n|turn|7\n|inactive|BlindMagneton has 30 seconds left.\n|inactive|BlindMagneton has 20 seconds left.\n|\n|t:|1682254022\n|move|p1b: Riolu|Howl|p1b: Riolu|[spread] p1a,p1b\n|-boost|p1a: Great Tusk|atk|1\n|-boost|p1b: Riolu|atk|1\n|move|p2a: Dragapult|Acrobatics|p1a: Great Tusk\n|-supereffective|p1a: Great Tusk\n|-damage|p1a: Great Tusk|0 fnt\n|faint|p1a: Great Tusk\n|-end|p1a: Great Tusk|Protosynthesis|[silent]\n|move|p2b: Wo-Chien|Foul Play|p1b: Riolu\n|-resisted|p1b: Riolu\n|-damage|p1b: Riolu|19\/100\n|\n|-damage|p1b: Riolu|7\/100|[from] Leech Seed|[of] p2b: Wo-Chien\n|upkeep\n|\n|t:|1682254033\n|switch|p1a: Flutter Mane|Flutter Mane, L50|76\/100 par\n|turn|8\n|\n|t:|1682254050\n|move|p1b: Riolu|Vacuum Wave|p2b: Wo-Chien\n|-damage|p2b: Wo-Chien|95\/100\n|move|p2a: Dragapult|Phantom Force||[still]\n|-prepare|p2a: Dragapult|Phantom Force\n|cant|p1a: Flutter Mane|par\n|move|p2b: Wo-Chien|Foul Play|p1b: Riolu\n|-resisted|p1b: Riolu\n|-damage|p1b: Riolu|0 fnt\n|faint|p1b: Riolu\n|\n|upkeep\n|turn|9\n|\n|t:|1682254061\n|move|p2a: Dragapult|Phantom Force|p1a: Flutter Mane|[from]lockedmove\n|-supereffective|p1a: Flutter Mane\n|-damage|p1a: Flutter Mane|0 fnt\n|faint|p1a: Flutter Mane\n|-end|p1a: Flutter Mane|Protosynthesis|[silent]\n|\n|win|BlindMagneton\n|raw|sspark's rating: 1409 → 1386<\/strong> (-23 for losing)\n|raw|BlindMagneton's rating: 1364 → 1387<\/strong> (+23 for winning)\n","uploadtime":1682254070,"views":16,"p1id":"sspark","p2id":"blindmagneton","formatid":"gen9vgc2023regulationc","rating":1386,"private":0,"password":""}