{"id":"gen9vgc2023regulationc-1862499635","p1":"Poketata","p2":"Blastwalker","format":"[Gen 9] VGC 2023 Regulation C","log":"|j|\u2606Poketata\n|j|\u2606Blastwalker\n|t:|1683894690\n|gametype|doubles\n|player|p1|Poketata|266|1109\n|player|p2|Blastwalker|koga|1122\n|teamsize|p1|5\n|teamsize|p2|6\n|gen|9\n|tier|[Gen 9] VGC 2023 Regulation C\n|rated|\n|rule|Species Clause: Limit one of each Pok\u00e9mon\n|rule|Item Clause: Limit one of each item\n|clearpoke\n|poke|p1|Electrode, L50|\n|poke|p1|Cloyster, L50, F|\n|poke|p1|Corviknight, L50, F|\n|poke|p1|Garchomp, L50, M|\n|poke|p1|Iron Valiant, L50|\n|poke|p2|Heracross, L50, M|\n|poke|p2|Barraskewda, L50, F|\n|poke|p2|Armarouge, L50, M|\n|poke|p2|Indeedee-F, L50, F|\n|poke|p2|Pawmot, L50, M|\n|poke|p2|Gengar, L50, M|\n|teampreview|4\n|inactive|Battle timer is ON: inactive players will automatically lose when time's up. (requested by Poketata)\nPoketata rejected open team sheets.\n|inactive|Blastwalker has 60 seconds left.\n|\n|t:|1683894725\n|start\n|switch|p1a: Garchomp|Garchomp, L50, M, shiny|100\/100\n|switch|p1b: Electrode|Electrode, L50, shiny|100\/100\n|switch|p2a: Heracross|Heracross, L50, M, shiny|100\/100\n|switch|p2b: Indeedee|Indeedee-F, L50, F, shiny|100\/100\n|-fieldstart|move: Psychic Terrain|[from] ability: Psychic Surge|[of] p2b: Indeedee\n|turn|1\n|inactive|Blastwalker has 30 seconds left.\n|\n|t:|1683894757\n|move|p2b: Indeedee|Protect|p2b: Indeedee\n|-singleturn|p2b: Indeedee|Protect\n|move|p1b: Electrode|Taunt|p2b: Indeedee\n|-activate|p2b: Indeedee|move: Protect\n|move|p1a: Garchomp|Swords Dance|p1a: Garchomp\n|-boost|p1a: Garchomp|atk|2\n|move|p2a: Heracross|Megahorn|p1b: Electrode\n|-damage|p1b: Electrode|0 fnt\n|-status|p2a: Heracross|par|[from] ability: Static|[of] p1b: Electrode\n|faint|p1b: Electrode\n|\n|upkeep\n|\n|t:|1683894770\n|switch|p1b: Cloyster|Cloyster, L50, F, shiny|100\/100\n|turn|2\n|\n|t:|1683894792\n|-terastallize|p2a: Heracross|Normal\n|move|p2b: Indeedee|Follow Me|p2b: Indeedee\n|-singleturn|p2b: Indeedee|move: Follow Me\n|move|p1a: Garchomp|Dragon Claw|p2b: Indeedee\n|-damage|p2b: Indeedee|0 fnt\n|faint|p2b: Indeedee\n|-damage|p1a: Garchomp|91\/100|[from] item: Life Orb\n|move|p1b: Cloyster|Shell Smash|p1b: Cloyster\n|-unboost|p1b: Cloyster|def|1\n|-unboost|p1b: Cloyster|spd|1\n|-boost|p1b: Cloyster|atk|2\n|-boost|p1b: Cloyster|spa|2\n|-boost|p1b: Cloyster|spe|2\n|move|p2a: Heracross|Facade|p1b: Cloyster\n|-damage|p1b: Cloyster|0 fnt\n|faint|p1b: Cloyster\n|\n|upkeep\n|\n|t:|1683894815\n|switch|p1b: Iron Valiant|Iron Valiant, L50, shiny|100\/100\n|switch|p2b: Armarouge|Armarouge, L50, M, shiny|100\/100\n|-enditem|p1b: Iron Valiant|Booster Energy\n|-activate|p1b: Iron Valiant|ability: Quark Drive|[fromitem]\n|-start|p1b: Iron Valiant|quarkdriveatk\n|turn|3\n|\n|t:|1683894833\n|move|p1b: Iron Valiant|Protect|p1b: Iron Valiant\n|-singleturn|p1b: Iron Valiant|Protect\n|move|p1a: Garchomp|Earthquake|p2b: Armarouge|[spread] p2a,p2b\n|-activate|p1b: Iron Valiant|move: Protect\n|-crit|p2a: Heracross\n|-supereffective|p2b: Armarouge\n|-damage|p2a: Heracross|0 fnt\n|-damage|p2b: Armarouge|0 fnt\n|faint|p2a: Heracross\n|faint|p2b: Armarouge\n|-damage|p1a: Garchomp|81\/100|[from] item: Life Orb\n|\n|upkeep\n|\n|t:|1683894843\n|switch|p2b: Pawmot|Pawmot, L50, M, shiny|100\/100\n|turn|4\n|\n|t:|1683894851\n|move|p2b: Pawmot|Revival Blessing|p2b: Pawmot\n|-enditem|p2b: Pawmot|Leppa Berry|[eat]\n|-activate|p2b: Pawmot|item: Leppa Berry|Revival Blessing|[consumed]\n|\n|t:|1683894856\n|-heal|p2: Armarouge|50\/100|[from] move: Revival Blessing\n|move|p1b: Iron Valiant|Spirit Break|p2b: Pawmot\n|-supereffective|p2b: Pawmot\n|-damage|p2b: Pawmot|0 fnt\n|faint|p2b: Pawmot\n|move|p1a: Garchomp|Dragon Claw|p2: Heracross|[notarget]\n|-fail|p1a: Garchomp\n|\n|upkeep\n|\n|t:|1683894869\n|switch|p2b: Armarouge|Armarouge, L50, M, shiny|50\/100\n|turn|5\n|c|\u2606Poketata|gg\n|\n|t:|1683894876\n|move|p1b: Iron Valiant|Spirit Break|p2b: Armarouge\n|-resisted|p2b: Armarouge\n|-damage|p2b: Armarouge|23\/100\n|-unboost|p2b: Armarouge|spa|1\n|-ability|p2b: Armarouge|Weak Armor|boost\n|-unboost|p2b: Armarouge|def|1\n|-boost|p2b: Armarouge|spe|2\n|move|p2b: Armarouge|Expanding Force|p1b: Iron Valiant|[spread] p1a,p1b\n|-supereffective|p1b: Iron Valiant\n|-damage|p1a: Garchomp|38\/100\n|-damage|p1b: Iron Valiant|0 fnt\n|faint|p1b: Iron Valiant\n|-end|p1b: Iron Valiant|Quark Drive|[silent]\n|move|p1a: Garchomp|Dragon Claw|p2b: Armarouge\n|-damage|p2b: Armarouge|0 fnt\n|faint|p2b: Armarouge\n|-damage|p1a: Garchomp|28\/100|[from] item: Life Orb\n|\n|win|Poketata\n|raw|Poketata's rating: 1109 → 1135<\/strong> (+26 for winning)\n|raw|Blastwalker's rating: 1122 → 1096<\/strong> (-26 for losing)\n|l|\u2606Blastwalker\n","uploadtime":1683894898,"views":17,"p1id":"poketata","p2id":"blastwalker","formatid":"gen9vgc2023regulationc","rating":1096,"private":0,"password":""}