{"id":"gen9vgc2023regulationc-1845976927","p1":"linko9","p2":"FurretSucksVGC","format":"[Gen 9] VGC 2023 Regulation C","log":"|j|\u2606linko9\n|j|\u2606FurretSucksVGC\n|t:|1681786281\n|gametype|doubles\n|player|p1|linko9|170|1357\n|player|p2|FurretSucksVGC|hilbert|1456\n|teamsize|p1|6\n|teamsize|p2|6\n|gen|9\n|tier|[Gen 9] VGC 2023 Regulation C\n|rated|\n|rule|Species Clause: Limit one of each Pok\u00e9mon\n|rule|Item Clause: Limit one of each item\n|clearpoke\n|poke|p1|Dragonite, L50, F|\n|poke|p1|Lilligant, L50, F|\n|poke|p1|Chien-Pao, L50|\n|poke|p1|Flutter Mane, L50|\n|poke|p1|Torkoal, L50, M|\n|poke|p1|Great Tusk, L50|\n|poke|p2|Scizor, L50, M|\n|poke|p2|Glimmora, L50, M|\n|poke|p2|Annihilape, L50, F|\n|poke|p2|Tyranitar, L50, M|\n|poke|p2|Gastrodon, L50, M|\n|poke|p2|Maushold, L50|\n|teampreview|4\n|inactive|Battle timer is ON: inactive players will automatically lose when time's up. (requested by linko9)\nFurretSucksVGC has agreed to open team sheets.\nlinko9 has agreed to open team sheets.\n|inactive|linko9 has 60 seconds left.\n|inactive|FurretSucksVGC has 60 seconds left.\n|inactive|linko9 has 30 seconds left.\n|inactive|FurretSucksVGC has 30 seconds left.\n|inactive|FurretSucksVGC has 20 seconds left.\n|\n|t:|1681786358\n|start\n|switch|p1a: Lilligant|Lilligant, L50, F|100\/100\n|switch|p1b: Flutter Mane|Flutter Mane, L50|100\/100\n|switch|p2a: Glimmora|Glimmora, L50, M|100\/100\n|switch|p2b: Maushold|Maushold, L50|100\/100\n|turn|1\n|inactive|linko9 has 30 seconds left.\n|inactive|FurretSucksVGC has 30 seconds left.\n|inactive|FurretSucksVGC has 20 seconds left.\n|inactive|FurretSucksVGC has 15 seconds left.\n|inactive|FurretSucksVGC has 10 seconds left.\n|\n|t:|1681786403\n|-end|p1b: Flutter Mane|Protosynthesis|[silent]\n|switch|p1b: Torkoal|Torkoal, L50, M|100\/100\n|-weather|SunnyDay|[from] ability: Drought|[of] p1b: Torkoal\n|-terastallize|p1a: Lilligant|Ghost\n|move|p2b: Maushold|Follow Me|p2b: Maushold\n|-singleturn|p2b: Maushold|move: Follow Me\n|move|p1a: Lilligant|Sleep Powder|p2b: Maushold\n|-activate|p2b: Maushold|item: Safety Goggles|Sleep Powder\n|move|p2a: Glimmora|Sludge Bomb|p1b: Torkoal\n|-damage|p1b: Torkoal|39\/100\n|-enditem|p1b: Torkoal|Sitrus Berry|[eat]\n|-heal|p1b: Torkoal|64\/100|[from] item: Sitrus Berry\n|-damage|p2a: Glimmora|91\/100|[from] item: Life Orb\n|\n|-weather|SunnyDay|[upkeep]\n|upkeep\n|turn|2\n|\n|t:|1681786425\n|move|p2b: Maushold|Follow Me|p2b: Maushold\n|-singleturn|p2b: Maushold|move: Follow Me\n|move|p1a: Lilligant|After You||[still]\n|-fail|p1a: Lilligant\n|move|p2a: Glimmora|Power Gem|p1b: Torkoal\n|-supereffective|p1b: Torkoal\n|-damage|p1b: Torkoal|0 fnt\n|faint|p1b: Torkoal\n|-damage|p2a: Glimmora|82\/100|[from] item: Life Orb\n|\n|-weather|SunnyDay|[upkeep]\n|upkeep\n|\n|t:|1681786447\n|switch|p1b: Flutter Mane|Flutter Mane, L50|100\/100\n|-activate|p1b: Flutter Mane|ability: Protosynthesis\n|-start|p1b: Flutter Mane|protosynthesisspa\n|turn|3\n|inactive|FurretSucksVGC has 30 seconds left.\n|\n|t:|1681786478\n|move|p2b: Maushold|Follow Me|p2b: Maushold\n|-singleturn|p2b: Maushold|move: Follow Me\n|move|p1a: Lilligant|Leaf Storm|p2b: Maushold\n|-damage|p2b: Maushold|31\/100\n|-unboost|p1a: Lilligant|spa|2\n|move|p1b: Flutter Mane|Moonblast|p2b: Maushold\n|-damage|p2b: Maushold|0 fnt\n|faint|p2b: Maushold\n|move|p2a: Glimmora|Power Gem|p1a: Lilligant\n|-damage|p1a: Lilligant|9\/100\n|-damage|p2a: Glimmora|72\/100|[from] item: Life Orb\n|\n|-weather|SunnyDay|[upkeep]\n|upkeep\n|inactive|FurretSucksVGC has 30 seconds left.\n|\n|t:|1681786508\n|switch|p2b: Scizor|Scizor, L50, M|100\/100\n|turn|4\n|\n|t:|1681786520\n|switch|p2a: Tyranitar|Tyranitar, L50, M|100\/100\n|-weather|Sandstorm|[from] ability: Sand Stream|[of] p2a: Tyranitar\n|-end|p1b: Flutter Mane|Protosynthesis\n|move|p2b: Scizor|Bullet Punch|p1a: Lilligant\n|-damage|p1a: Lilligant|0 fnt\n|faint|p1a: Lilligant\n|move|p1b: Flutter Mane|Moonblast|p2b: Scizor\n|-resisted|p2b: Scizor\n|-damage|p2b: Scizor|56\/100\n|\n|-weather|Sandstorm|[upkeep]\n|-damage|p1b: Flutter Mane|95\/100|[from] Sandstorm\n|upkeep\n|\n|t:|1681786527\n|switch|p1a: Chien-Pao|Chien-Pao, L50|100\/100\n|-ability|p1a: Chien-Pao|Sword of Ruin\n|turn|5\n|inactive|FurretSucksVGC has 30 seconds left.\n|inactive|FurretSucksVGC has 20 seconds left.\n|inactive|FurretSucksVGC has 15 seconds left.\n|inactive|FurretSucksVGC has 10 seconds left.\n|\n|t:|1681786574\n|move|p2b: Scizor|Protect|p2b: Scizor\n|-singleturn|p2b: Scizor|Protect\n|move|p1a: Chien-Pao|Ice Spinner|p2a: Tyranitar\n|-damage|p2a: Tyranitar|56\/100\n|move|p1b: Flutter Mane|Moonblast|p2a: Tyranitar\n|-supereffective|p2a: Tyranitar\n|-damage|p2a: Tyranitar|0 fnt\n|faint|p2a: Tyranitar\n|\n|-weather|Sandstorm|[upkeep]\n|-damage|p1a: Chien-Pao|95\/100|[from] Sandstorm\n|-damage|p1b: Flutter Mane|89\/100|[from] Sandstorm\n|upkeep\n|\n|t:|1681786584\n|switch|p2a: Glimmora|Glimmora, L50, M|72\/100\n|turn|6\n|\n|t:|1681786608\n|move|p2b: Scizor|Bullet Punch|p1b: Flutter Mane\n|-supereffective|p1b: Flutter Mane\n|-damage|p1b: Flutter Mane|0 fnt\n|faint|p1b: Flutter Mane\n|-end|p1b: Flutter Mane|Protosynthesis|[silent]\n|move|p1a: Chien-Pao|Sacred Sword|p2b: Scizor\n|-damage|p2b: Scizor|19\/100\n|move|p2a: Glimmora|Power Gem|p1a: Chien-Pao\n|-supereffective|p1a: Chien-Pao\n|-damage|p1a: Chien-Pao|0 fnt\n|faint|p1a: Chien-Pao\n|-damage|p2a: Glimmora|63\/100|[from] item: Life Orb\n|\n|win|FurretSucksVGC\n|raw|linko9's rating: 1357 → 1343<\/strong> (-14 for losing)\n|raw|FurretSucksVGC's rating: 1456 → 1470<\/strong> (+14 for winning)\n|l|\u2606linko9\n","uploadtime":1681786632,"views":4,"p1id":"linko9","p2id":"furretsucksvgc","formatid":"gen9vgc2023regulationc","rating":1343,"private":0,"password":""}