{"id":"gen9vgc2023regulationc-1850257472","p1":"Piccolo Ruiz","p2":"OnHoldWithTheIRS","format":"[Gen 9] VGC 2023 Regulation C","log":"|j|\u2606Piccolo Ruiz\n|j|\u2606OnHoldWithTheIRS\n|t:|1682306782\n|gametype|doubles\n|player|p1|Piccolo Ruiz|valerie|1386\n|player|p2|OnHoldWithTheIRS|clerk|1376\n|teamsize|p1|6\n|teamsize|p2|6\n|gen|9\n|tier|[Gen 9] VGC 2023 Regulation C\n|rated|\n|rule|Species Clause: Limit one of each Pok\u00e9mon\n|rule|Item Clause: Limit one of each item\n|clearpoke\n|poke|p1|Flutter Mane, L50|\n|poke|p1|Amoonguss, L50, F|\n|poke|p1|Gyarados, L50, F|\n|poke|p1|Arcanine, L50, F|\n|poke|p1|Ting-Lu, L50|\n|poke|p1|Baxcalibur, L50, F|\n|poke|p2|Baxcalibur, L50, M|\n|poke|p2|Sandy Shocks, L50|\n|poke|p2|Klefki, L50, F|\n|poke|p2|Armarouge, L50, M|\n|poke|p2|Rotom-Wash, L50|\n|poke|p2|Meowscarada, L50, M|\n|teampreview|4\nOnHoldWithTheIRS has agreed to open team sheets.\n|inactive|Battle timer is ON: inactive players will automatically lose when time's up. (requested by Piccolo Ruiz)\n|inactive|OnHoldWithTheIRS has 60 seconds left.\n|inactive|OnHoldWithTheIRS has 30 seconds left.\n|inactive|OnHoldWithTheIRS has 20 seconds left.\n|\n|t:|1682306863\n|start\n|switch|p1a: Ting-Lu|Ting-Lu, L50|100\/100\n|switch|p1b: Raja|Arcanine, L50, F|100\/100\n|switch|p2a: Klefki|Klefki, L50, F|100\/100\n|switch|p2b: Sandy Shocks|Sandy Shocks, L50|100\/100\n|-ability|p1b: Raja|Intimidate|boost\n|-unboost|p2a: Klefki|atk|1\n|-unboost|p2b: Sandy Shocks|atk|1\n|-ability|p1a: Ting-Lu|Vessel of Ruin\n|turn|1\n|inactive|Piccolo Ruiz has 30 seconds left.\n|inactive|Piccolo Ruiz has 20 seconds left.\n|\n|t:|1682306902\n|move|p1b: Raja|Protect|p1b: Raja\n|-singleturn|p1b: Raja|Protect\n|move|p2a: Klefki|Reflect|p2a: Klefki\n|-sidestart|p2: OnHoldWithTheIRS|Reflect\n|move|p2b: Sandy Shocks|Volt Switch|p1b: Raja\n|-activate|p1b: Raja|move: Protect\n|move|p1a: Ting-Lu|Stomping Tantrum|p2b: Sandy Shocks\n|-supereffective|p2b: Sandy Shocks\n|-damage|p2b: Sandy Shocks|65\/100\n|\n|upkeep\n|turn|2\n|\n|t:|1682306923\n|move|p2a: Klefki|Thunder Wave|p1b: Raja\n|-status|p1b: Raja|par\n|move|p2b: Sandy Shocks|Volt Switch|p1b: Raja\n|-damage|p1b: Raja|76\/100 par\n|\n|t:|1682306937\n|-end|p2b: Sandy Shocks|Protosynthesis|[silent]\n|switch|p2b: Rotom|Rotom-Wash, L50|100\/100|[from] Volt Switch\n|move|p1a: Ting-Lu|Fissure|p2b: Rotom\n|-immune|p2b: Rotom|[from] ability: Levitate\n|move|p1b: Raja|Will-O-Wisp|p2a: Klefki|[miss]\n|-miss|p1b: Raja|p2a: Klefki\n|\n|upkeep\n|turn|3\n|\n|t:|1682306953\n|-terastallize|p1a: Ting-Lu|Grass\n|move|p2b: Rotom|Hydro Pump|p1a: Ting-Lu\n|-resisted|p1a: Ting-Lu\n|-damage|p1a: Ting-Lu|92\/100\n|move|p2a: Klefki|Dazzling Gleam|p1a: Ting-Lu|[spread] p1a,p1b\n|-resisted|p1b: Raja\n|-crit|p1b: Raja\n|-damage|p1a: Ting-Lu|86\/100\n|-damage|p1b: Raja|66\/100 par\n|move|p1a: Ting-Lu|Stomping Tantrum|p2a: Klefki\n|-supereffective|p2a: Klefki\n|-damage|p2a: Klefki|17\/100\n|move|p1b: Raja|Will-O-Wisp|p2a: Klefki\n|-status|p2a: Klefki|brn\n|\n|-damage|p2a: Klefki|11\/100 brn|[from] brn\n|upkeep\n|turn|4\n|\n|t:|1682306972\n|move|p2a: Klefki|Rest|p2a: Klefki\n|-status|p2a: Klefki|slp|[from] move: Rest\n|-heal|p2a: Klefki|100\/100 slp|[silent]\n|-enditem|p2a: Klefki|Chesto Berry|[eat]\n|-curestatus|p2a: Klefki|slp|[msg]\n|move|p2b: Rotom|Hydro Pump|p1b: Raja\n|-supereffective|p1b: Raja\n|-damage|p1b: Raja|0 fnt\n|faint|p1b: Raja\n|move|p1a: Ting-Lu|Ruination|p2b: Rotom\n|-damage|p2b: Rotom|50\/100\n|-enditem|p2b: Rotom|Sitrus Berry|[eat]\n|-heal|p2b: Rotom|75\/100|[from] item: Sitrus Berry\n|\n|upkeep\n|\n|t:|1682306984\n|switch|p1b: Sasha Colby|Flutter Mane, L50|100\/100\n|-enditem|p1b: Sasha Colby|Booster Energy\n|-activate|p1b: Sasha Colby|ability: Protosynthesis|[fromitem]\n|-start|p1b: Sasha Colby|protosynthesisspa\n|turn|5\n|\n|t:|1682307000\n|switch|p1a: Amoonguss|Amoonguss, L50, F, shiny|100\/100\n|move|p2a: Klefki|Thunder Wave|p1b: Sasha Colby\n|-status|p1b: Sasha Colby|par\n|move|p2b: Rotom|Will-O-Wisp|p1a: Amoonguss\n|-status|p1a: Amoonguss|brn\n|cant|p1b: Sasha Colby|par\n|\n|-damage|p1a: Amoonguss|95\/100 brn|[from] brn\n|-sideend|p2: OnHoldWithTheIRS|Reflect\n|upkeep\n|turn|6\n|inactive|OnHoldWithTheIRS has 30 seconds left.\n|\n|t:|1682307026\n|move|p2a: Klefki|Reflect|p2a: Klefki\n|-sidestart|p2: OnHoldWithTheIRS|Reflect\n|move|p2b: Rotom|Thunderbolt|p1b: Sasha Colby\n|-damage|p1b: Sasha Colby|68\/100 par\n|move|p1b: Sasha Colby|Shadow Ball|p2b: Rotom\n|-damage|p2b: Rotom|24\/100\n|-unboost|p2b: Rotom|spd|1\n|move|p1a: Amoonguss|Spore|p2b: Rotom\n|-status|p2b: Rotom|slp|[from] move: Spore\n|\n|-damage|p1a: Amoonguss|89\/100 brn|[from] brn\n|upkeep\n|turn|7\n|\n|t:|1682307041\n|cant|p2b: Rotom|slp\n|move|p2a: Klefki|Dazzling Gleam|p1b: Sasha Colby|[spread] p1a,p1b\n|-resisted|p1a: Amoonguss\n|-damage|p1a: Amoonguss|81\/100 brn\n|-damage|p1b: Sasha Colby|54\/100 par\n|move|p1b: Sasha Colby|Shadow Ball|p2a: Klefki\n|-crit|p2a: Klefki\n|-damage|p2a: Klefki|25\/100\n|move|p1a: Amoonguss|Spore|p2a: Klefki\n|-status|p2a: Klefki|slp|[from] move: Spore\n|\n|-damage|p1a: Amoonguss|75\/100 brn|[from] brn\n|upkeep\n|turn|8\n|\n|t:|1682307056\n|cant|p2b: Rotom|slp\n|cant|p2a: Klefki|slp\n|move|p1b: Sasha Colby|Moonblast|p2b: Rotom\n|-damage|p2b: Rotom|0 fnt\n|faint|p2b: Rotom\n|move|p1a: Amoonguss|Pollen Puff|p1b: Sasha Colby\n|-heal|p1b: Sasha Colby|100\/100 par\n|\n|-damage|p1a: Amoonguss|69\/100 brn|[from] brn\n|upkeep\n|\n|t:|1682307073\n|switch|p2b: Armarouge|Armarouge, L50, M|100\/100\n|turn|9\n|\n|t:|1682307086\n|-terastallize|p2b: Armarouge|Grass\n|move|p1a: Amoonguss|Protect|p1a: Amoonguss\n|-singleturn|p1a: Amoonguss|Protect\n|move|p2b: Armarouge|Calm Mind|p2b: Armarouge\n|-boost|p2b: Armarouge|spa|1\n|-boost|p2b: Armarouge|spd|1\n|-curestatus|p2a: Klefki|slp|[msg]\n|move|p2a: Klefki|Dazzling Gleam|p1a: Amoonguss|[spread] p1b\n|-activate|p1a: Amoonguss|move: Protect\n|-damage|p1b: Sasha Colby|85\/100 par\n|move|p1b: Sasha Colby|Shadow Ball|p2a: Klefki\n|-damage|p2a: Klefki|0 fnt\n|faint|p2a: Klefki\n|\n|-damage|p1a: Amoonguss|64\/100 brn|[from] brn\n|upkeep\n|\n|t:|1682307103\n|switch|p2a: Sandy Shocks|Sandy Shocks, L50|65\/100\n|turn|10\n|\n|t:|1682307120\n|move|p1a: Amoonguss|Rage Powder|p1a: Amoonguss\n|-singleturn|p1a: Amoonguss|move: Rage Powder\n|move|p2a: Sandy Shocks|Earth Power|p1a: Amoonguss\n|-damage|p1a: Amoonguss|27\/100 brn\n|move|p2b: Armarouge|Heat Wave|p1b: Sasha Colby|[spread] p1a,p1b\n|-supereffective|p1a: Amoonguss\n|-damage|p1a: Amoonguss|0 fnt\n|-damage|p1b: Sasha Colby|48\/100 par\n|faint|p1a: Amoonguss\n|move|p1b: Sasha Colby|Moonblast|p2a: Sandy Shocks\n|-damage|p2a: Sandy Shocks|23\/100\n|\n|-sideend|p2: OnHoldWithTheIRS|Reflect\n|upkeep\n|\n|t:|1682307131\n|switch|p1a: Ting-Lu|Ting-Lu, L50, tera:Grass|86\/100\n|-ability|p1a: Ting-Lu|Vessel of Ruin\n|turn|11\n|\n|t:|1682307152\n|move|p2a: Sandy Shocks|Tera Blast|p1a: Ting-Lu\n|-crit|p1a: Ting-Lu\n|-damage|p1a: Ting-Lu|71\/100\n|move|p2b: Armarouge|Heat Wave|p1a: Ting-Lu|[spread] p1a,p1b\n|-supereffective|p1a: Ting-Lu\n|-damage|p1a: Ting-Lu|34\/100\n|-damage|p1b: Sasha Colby|19\/100 par\n|move|p1b: Sasha Colby|Shadow Ball|p2a: Sandy Shocks\n|-damage|p2a: Sandy Shocks|0 fnt\n|faint|p2a: Sandy Shocks\n|-end|p2a: Sandy Shocks|Protosynthesis|[silent]\n|move|p1a: Ting-Lu|Ruination|p2b: Armarouge\n|-damage|p2b: Armarouge|50\/100\n|\n|-heal|p2b: Armarouge|57\/100|[from] item: Leftovers\n|upkeep\n|turn|12\n|inactive|Piccolo Ruiz has 30 seconds left.\n|\n|t:|1682307178\n|move|p2b: Armarouge|Heat Wave|p1b: Sasha Colby|[spread] p1b\n|-miss|p2b: Armarouge|p1a: Ting-Lu\n|-damage|p1b: Sasha Colby|0 fnt\n|faint|p1b: Sasha Colby\n|-end|p1b: Sasha Colby|Protosynthesis|[silent]\n|move|p1a: Ting-Lu|Heavy Slam|p2b: Armarouge\n|-damage|p2b: Armarouge|30\/100\n|\n|-heal|p2b: Armarouge|36\/100|[from] item: Leftovers\n|upkeep\n|turn|13\n|\n|t:|1682307188\n|move|p2b: Armarouge|Heat Wave|p1a: Ting-Lu\n|-supereffective|p1a: Ting-Lu\n|-damage|p1a: Ting-Lu|0 fnt\n|faint|p1a: Ting-Lu\n|\n|win|OnHoldWithTheIRS\n|raw|Piccolo Ruiz's rating: 1372 → 1352<\/strong> (-20 for losing)\n|raw|OnHoldWithTheIRS's rating: 1376 → 1396<\/strong> (+20 for winning)\n|c|\u2606Piccolo Ruiz|basura\n|c|\u2606OnHoldWithTheIRS|gg\n|c|\u2606Piccolo Ruiz|gg\n|c|\u2606Piccolo Ruiz|habalba d3e4l juego\n|l|\u2606Piccolo Ruiz\n|c|\u2606OnHoldWithTheIRS|no es necesario\n","uploadtime":1682307249,"views":28,"p1id":"piccoloruiz","p2id":"onholdwiththeirs","formatid":"gen9vgc2023regulationc","rating":1352,"private":0,"password":""}