{"id":"gen9vgc2023regulationc-1855697614","p1":"DanPB","p2":"sasavegeta","format":"[Gen 9] VGC 2023 Regulation C","log":"|j|\u2606DanPB\n|j|\u2606sasavegeta\n|t:|1682974288\n|gametype|doubles\n|player|p1|DanPB|266|1151\n|player|p2|sasavegeta|smasher|1191\n|teamsize|p1|6\n|teamsize|p2|6\n|gen|9\n|tier|[Gen 9] VGC 2023 Regulation C\n|rated|\n|rule|Species Clause: Limit one of each Pok\u00e9mon\n|rule|Item Clause: Limit one of each item\n|clearpoke\n|poke|p1|Barraskewda, L50, F|\n|poke|p1|Pelipper, L50, M|\n|poke|p1|Palafin, L50, F|\n|poke|p1|Chi-Yu, L50|\n|poke|p1|Flutter Mane, L50|\n|poke|p1|Armarouge, L50, F|\n|poke|p2|Iron Bundle, L50|\n|poke|p2|Flutter Mane, L50|\n|poke|p2|Ting-Lu, L50|\n|poke|p2|Arcanine, L50, F|\n|poke|p2|Amoonguss, L50, M|\n|poke|p2|Dragonite, L50, M|\n|teampreview|4\n|inactive|Battle timer is ON: inactive players will automatically lose when time's up. (requested by sasavegeta)\n|inactive|DanPB also wants the timer to be on.\n|inactive|DanPB has 60 seconds left.\n|inactive|sasavegeta has 60 seconds left.\n|inactive|DanPB has 30 seconds left.\n|inactive|sasavegeta has 30 seconds left.\n|inactive|DanPB has 20 seconds left.\n|inactive|sasavegeta has 20 seconds left.\n|inactive|sasavegeta has 15 seconds left.\n|inactive|sasavegeta has 10 seconds left.\n|inactive|sasavegeta has 5 seconds left.\n|\n|t:|1682974374\n|start\n|switch|p1a: Palafin|Palafin, L50, F|100\/100\n|switch|p1b: Armarouge|Armarouge, L50, F|100\/100\n|switch|p2a: Iron Bundle|Iron Bundle, L50|100\/100\n|switch|p2b: Ting-Lu|Ting-Lu, L50|100\/100\n|-ability|p2b: Ting-Lu|Vessel of Ruin\n|turn|1\n|inactive|DanPB has 30 seconds left.\n|inactive|sasavegeta has 30 seconds left.\n|inactive|DanPB has 20 seconds left.\n|inactive|sasavegeta has 20 seconds left.\n|inactive|DanPB has 15 seconds left.\n|inactive|sasavegeta has 15 seconds left.\n|inactive|DanPB has 10 seconds left.\n|\n|t:|1682974422\n|move|p2a: Iron Bundle|Protect|p2a: Iron Bundle\n|-singleturn|p2a: Iron Bundle|Protect\n|move|p1a: Palafin|Flip Turn|p1b: Armarouge\n|-supereffective|p1b: Armarouge\n|-damage|p1b: Armarouge|53\/100\n|-ability|p1b: Armarouge|Weak Armor|boost\n|-unboost|p1b: Armarouge|def|1\n|-boost|p1b: Armarouge|spe|2\n|-enditem|p1b: Armarouge|Weakness Policy\n|-boost|p1b: Armarouge|atk|2|[from] item: Weakness Policy\n|-boost|p1b: Armarouge|spa|2|[from] item: Weakness Policy\n|\n|t:|1682974432\n|detailschange|p1a: Palafin|Palafin-Hero, L50, F\n|switch|p1a: Chi-Yu|Chi-Yu, L50|100\/100|[from] Flip Turn\n|-ability|p1a: Chi-Yu|Beads of Ruin\n|move|p1b: Armarouge|Heat Wave|p2b: Ting-Lu|[spread] p2b\n|-activate|p2a: Iron Bundle|move: Protect\n|-damage|p2b: Ting-Lu|65\/100\n|move|p2b: Ting-Lu|Earthquake|p1b: Armarouge|[spread] p1a,p1b\n|-activate|p2a: Iron Bundle|move: Protect\n|-supereffective|p1a: Chi-Yu\n|-supereffective|p1b: Armarouge\n|-damage|p1a: Chi-Yu|10\/100\n|-damage|p1b: Armarouge|0 fnt\n|faint|p1b: Armarouge\n|\n|upkeep\n|inactive|DanPB has 30 seconds left.\n|inactive|DanPB has 20 seconds left.\n|inactive|DanPB has 15 seconds left.\n|\n|t:|1682974474\n|switch|p1b: Palafin|Palafin-Hero, L50, F|100\/100\n|-activate|p1b: Palafin|ability: Zero to Hero\n|turn|2\n|inactive|sasavegeta has 30 seconds left.\n|inactive|sasavegeta has 20 seconds left.\n|inactive|sasavegeta has 15 seconds left.\n|inactive|sasavegeta has 10 seconds left.\n|\n|t:|1682974522\n|-terastallize|p2b: Ting-Lu|Grass\n|move|p1a: Chi-Yu|Protect|p1a: Chi-Yu\n|-singleturn|p1a: Chi-Yu|Protect\n|move|p1b: Palafin|Close Combat|p2b: Ting-Lu\n|-damage|p2b: Ting-Lu|30\/100\n|-unboost|p1b: Palafin|def|1\n|-unboost|p1b: Palafin|spd|1\n|move|p2a: Iron Bundle|Freeze-Dry|p1a: Chi-Yu\n|-activate|p1a: Chi-Yu|move: Protect\n|move|p2b: Ting-Lu|Ruination|p1b: Palafin\n|-damage|p1b: Palafin|51\/100\n|\n|upkeep\n|turn|3\n|inactive|DanPB has 30 seconds left.\n|inactive|sasavegeta has 30 seconds left.\n|inactive|DanPB has 20 seconds left.\n|inactive|sasavegeta has 20 seconds left.\n|inactive|DanPB has 15 seconds left.\n|inactive|sasavegeta has 15 seconds left.\n|\n|t:|1682974564\n|switch|p2b: Dragonite|Dragonite, L50, M|100\/100\n|move|p1b: Palafin|Close Combat|p2a: Iron Bundle\n|-supereffective|p2a: Iron Bundle\n|-enditem|p2a: Iron Bundle|Focus Sash\n|-damage|p2a: Iron Bundle|1\/100\n|-unboost|p1b: Palafin|def|1\n|-unboost|p1b: Palafin|spd|1\n|move|p2a: Iron Bundle|Freeze-Dry|p1a: Chi-Yu\n|-resisted|p1a: Chi-Yu\n|-damage|p1a: Chi-Yu|0 fnt\n|faint|p1a: Chi-Yu\n|\n|upkeep\n|\n|t:|1682974574\n|switch|p1a: Flutter Mane|Flutter Mane, L50|100\/100\n|turn|4\n|inactive|DanPB has 30 seconds left.\n|\n|t:|1682974607\n|move|p2b: Dragonite|Extreme Speed|p1b: Palafin\n|-damage|p1b: Palafin|0 fnt\n|faint|p1b: Palafin\n|move|p2a: Iron Bundle|Freeze-Dry|p1a: Flutter Mane\n|-damage|p1a: Flutter Mane|70\/100\n|move|p1a: Flutter Mane|Moonblast|p2b: Dragonite\n|-supereffective|p2b: Dragonite\n|-damage|p2b: Dragonite|36\/100\n|\n|upkeep\n|turn|5\n|inactive|sasavegeta has 30 seconds left.\n|inactive|sasavegeta has 20 seconds left.\n|\n|t:|1682974647\n|switch|p2b: Amoonguss|Amoonguss, L50, M|100\/100\n|move|p2a: Iron Bundle|Hydro Pump|p1a: Flutter Mane|[miss]\n|-miss|p2a: Iron Bundle|p1a: Flutter Mane\n|move|p1a: Flutter Mane|Moonblast|p2b: Amoonguss\n|-resisted|p2b: Amoonguss\n|-damage|p2b: Amoonguss|74\/100\n|\n|upkeep\n|turn|6\n|-message|DanPB forfeited.\n|\n|win|sasavegeta\n|raw|DanPB's rating: 1131 → 1110<\/strong> (-21 for losing)\n|raw|sasavegeta's rating: 1191 → 1212<\/strong> (+21 for winning)\n|l|\u2606DanPB\n","uploadtime":1682974709,"views":12,"p1id":"danpb","p2id":"sasavegeta","formatid":"gen9vgc2023regulationc","rating":1110,"private":0,"password":""}