{"id":"gen9vgc2023regulationc-1856820743","p1":"Benson Dunwoody","p2":"Kangourou1234","format":"[Gen 9] VGC 2023 Regulation C","log":"|j|\u2606Benson Dunwoody\n|j|\u203dKangourou1234\n|t:|1683115890\n|gametype|doubles\n|player|p1|Benson Dunwoody|silver-gen2kanto|1692\n|player|p2|Kangourou1234|volo|1613\n|teamsize|p1|6\n|teamsize|p2|6\n|gen|9\n|tier|[Gen 9] VGC 2023 Regulation C\n|rated|\n|rule|Species Clause: Limit one of each Pok\u00e9mon\n|rule|Item Clause: Limit one of each item\n|clearpoke\n|poke|p1|Torkoal, L50, F|\n|poke|p1|Hatterene, L50, F|\n|poke|p1|Farigiraf, L50, F|\n|poke|p1|Clodsire, L50, M|\n|poke|p1|Brute Bonnet, L50|\n|poke|p1|Iron Hands, L50|\n|poke|p2|Torkoal, L50, M|\n|poke|p2|Kingambit, L50, F|\n|poke|p2|Chien-Pao, L50|\n|poke|p2|Great Tusk, L50|\n|poke|p2|Jumpluff, L50, F|\n|poke|p2|Flutter Mane, L50|\n|teampreview|4\n|inactive|Battle timer is ON: inactive players will automatically lose when time's up. (requested by Benson Dunwoody)\nKangourou1234 has agreed to open team sheets.\nBenson Dunwoody has agreed to open team sheets.\n|inactive|Benson Dunwoody has 60 seconds left.\n|inactive|Kangourou1234 has 60 seconds left.\n|inactive|Kangourou1234 has 30 seconds left.\n|inactive|Kangourou1234 has 20 seconds left.\n|inactive|Kangourou1234 has 15 seconds left.\n|inactive|Kangourou1234 has 10 seconds left.\n|inactive|Kangourou1234 has 5 seconds left.\n|\n|t:|1683115977\n|start\n|switch|p1a: Brute Bonnet|Brute Bonnet, L50|100\/100\n|switch|p1b: Hatterene|Hatterene, L50, F|100\/100\n|switch|p2a: Flutter Mane|Flutter Mane, L50, shiny|100\/100\n|switch|p2b: Great Tusk|Great Tusk, L50|100\/100\n|turn|1\n|inactive|Kangourou1234 has 30 seconds left.\n|inactive|Kangourou1234 has 20 seconds left.\n|inactive|Kangourou1234 has 15 seconds left.\n|inactive|Kangourou1234 has 10 seconds left.\n|inactive|Kangourou1234 has 5 seconds left.\n|\n|t:|1683116030\n|-terastallize|p1a: Brute Bonnet|Fire\n|move|p1b: Hatterene|Protect|p1b: Hatterene\n|-singleturn|p1b: Hatterene|Protect\n|move|p2b: Great Tusk|Headlong Rush|p1b: Hatterene\n|-activate|p1b: Hatterene|move: Protect\n|move|p2a: Flutter Mane|Dazzling Gleam|p1a: Brute Bonnet|[spread] p1a\n|-activate|p1b: Hatterene|move: Protect\n|-resisted|p1a: Brute Bonnet\n|-damage|p1a: Brute Bonnet|82\/100\n|move|p1a: Brute Bonnet|Spore|p2a: Flutter Mane\n|-status|p2a: Flutter Mane|slp|[from] move: Spore\n|\n|upkeep\n|turn|2\n|inactive|Kangourou1234 has 30 seconds left.\n|\n|t:|1683116057\n|move|p1a: Brute Bonnet|Protect|p1a: Brute Bonnet\n|-singleturn|p1a: Brute Bonnet|Protect\n|move|p2b: Great Tusk|Headlong Rush|p1a: Brute Bonnet\n|-activate|p1a: Brute Bonnet|move: Protect\n|cant|p2a: Flutter Mane|slp\n|move|p1b: Hatterene|Trick Room|p1b: Hatterene\n|-fieldstart|move: Trick Room|[of] p1b: Hatterene\n|\n|upkeep\n|turn|3\n|\n|t:|1683116079\n|-end|p2b: Great Tusk|Protosynthesis|[silent]\n|switch|p2b: Kingambit|Kingambit, L50, F|100\/100\n|move|p1b: Hatterene|Psychic|p2b: Kingambit\n|-immune|p2b: Kingambit\n|move|p1a: Brute Bonnet|Bullet Seed|p2a: Flutter Mane\n|-damage|p2a: Flutter Mane|76\/100 slp\n|-damage|p2a: Flutter Mane|54\/100 slp\n|-damage|p2a: Flutter Mane|30\/100 slp\n|-damage|p2a: Flutter Mane|7\/100 slp\n|-hitcount|p2a: Flutter Mane|4\n|cant|p2a: Flutter Mane|slp\n|\n|upkeep\n|turn|4\n|inactive|Kangourou1234 has 30 seconds left.\n|\n|t:|1683116104\n|move|p2b: Kingambit|Sucker Punch|p1b: Hatterene\n|-damage|p1b: Hatterene|53\/100\n|move|p1b: Hatterene|Dazzling Gleam|p2b: Kingambit|[spread] p2a,p2b\n|-damage|p2a: Flutter Mane|0 fnt\n|-damage|p2b: Kingambit|79\/100\n|faint|p2a: Flutter Mane\n|-end|p2a: Flutter Mane|Protosynthesis|[silent]\n|move|p1a: Brute Bonnet|Spore|p2b: Kingambit\n|-status|p2b: Kingambit|slp|[from] move: Spore\n|\n|upkeep\n|inactive|Kangourou1234 has 30 seconds left.\n|\n|t:|1683116132\n|switch|p2a: Chien-Pao|Chien-Pao, L50|100\/100\n|-ability|p2a: Chien-Pao|Sword of Ruin\n|turn|5\n|\n|t:|1683116144\n|move|p2a: Chien-Pao|Protect|p2a: Chien-Pao\n|-singleturn|p2a: Chien-Pao|Protect\n|move|p1b: Hatterene|Dazzling Gleam|p2a: Chien-Pao|[spread] p2b\n|-activate|p2a: Chien-Pao|move: Protect\n|-damage|p2b: Kingambit|56\/100 slp\n|move|p1a: Brute Bonnet|Spore|p2a: Chien-Pao\n|-activate|p2a: Chien-Pao|move: Protect\n|cant|p2b: Kingambit|slp\n|\n|upkeep\n|turn|6\n|\n|t:|1683116161\n|move|p2a: Chien-Pao|Sucker Punch|p1b: Hatterene\n|-damage|p1b: Hatterene|0 fnt\n|faint|p1b: Hatterene\n|move|p1a: Brute Bonnet|Bullet Seed|p2a: Chien-Pao\n|-damage|p2a: Chien-Pao|81\/100\n|-damage|p2a: Chien-Pao|61\/100\n|-damage|p2a: Chien-Pao|42\/100\n|-damage|p2a: Chien-Pao|24\/100\n|-hitcount|p2a: Chien-Pao|4\n|-curestatus|p2b: Kingambit|slp|[msg]\n|move|p2b: Kingambit|Kowtow Cleave|p1a: Brute Bonnet\n|-damage|p1a: Brute Bonnet|22\/100\n|\n|-fieldend|move: Trick Room\n|upkeep\n|\n|t:|1683116179\n|switch|p1b: Iron Hands|Iron Hands, L50|100\/100\n|turn|7\n|j| AnotherZen2k5\n|inactive|Kangourou1234 has 30 seconds left.\n|inactive|Kangourou1234 has 20 seconds left.\n|l| AnotherZen2k5\n|inactive|Kangourou1234 has 15 seconds left.\n|inactive|Kangourou1234 has 10 seconds left.\n|inactive|Kangourou1234 has 5 seconds left.\n|\n|t:|1683116231\n|-terastallize|p2b: Kingambit|Fire\n|move|p2a: Chien-Pao|Taunt|p1a: Brute Bonnet\n|-start|p1a: Brute Bonnet|move: Taunt\n|move|p2b: Kingambit|Tera Blast|p1b: Iron Hands\n|-damage|p1b: Iron Hands|60\/100\n|cant|p1a: Brute Bonnet|move: Taunt|Spore\n|move|p1b: Iron Hands|Drain Punch|p2b: Kingambit\n|-damage|p2b: Kingambit|10\/100\n|-heal|p1b: Iron Hands|81\/100|[from] drain|[of] p2b: Kingambit\n|\n|upkeep\n|turn|8\n|inactive|Kangourou1234 has 30 seconds left.\n|inactive|Kangourou1234 has 20 seconds left.\n|inactive|Kangourou1234 has 15 seconds left.\n|inactive|Kangourou1234 has 10 seconds left.\n|inactive|Kangourou1234 has 5 seconds left.\n|\n|t:|1683116286\n|move|p2a: Chien-Pao|Protect|p2a: Chien-Pao\n|-singleturn|p2a: Chien-Pao|Protect\n|move|p2b: Kingambit|Tera Blast|p1b: Iron Hands\n|-damage|p1b: Iron Hands|38\/100\n|move|p1a: Brute Bonnet|Bullet Seed|p2b: Kingambit\n|-resisted|p2b: Kingambit\n|-damage|p2b: Kingambit|2\/100\n|-resisted|p2b: Kingambit\n|-damage|p2b: Kingambit|0 fnt\n|faint|p2b: Kingambit\n|-hitcount|p2: Kingambit|2\n|move|p1b: Iron Hands|Drain Punch|p2a: Chien-Pao\n|-activate|p2a: Chien-Pao|move: Protect\n|\n|upkeep\n|\n|t:|1683116302\n|switch|p2b: Great Tusk|Great Tusk, L50|100\/100\n|turn|9\n|\n|t:|1683116314\n|move|p2b: Great Tusk|Headlong Rush|p1a: Brute Bonnet\n|-supereffective|p1a: Brute Bonnet\n|-damage|p1a: Brute Bonnet|0 fnt\n|-unboost|p2b: Great Tusk|def|1\n|-unboost|p2b: Great Tusk|spd|1\n|faint|p1a: Brute Bonnet\n|-end|p1a: Brute Bonnet|Protosynthesis|[silent]\n|move|p2a: Chien-Pao|Ice Spinner|p1b: Iron Hands\n|-damage|p1b: Iron Hands|0 fnt\n|faint|p1b: Iron Hands\n|-end|p1b: Iron Hands|Quark Drive|[silent]\n|\n|upkeep\n|\n|t:|1683116322\n|switch|p1b: Torkoal|Torkoal, L50, F|100\/100\n|-weather|SunnyDay|[from] ability: Drought|[of] p1b: Torkoal\n|-activate|p2b: Great Tusk|ability: Protosynthesis\n|-start|p2b: Great Tusk|protosynthesisatk\n|turn|10\n|c|\u2606Benson Dunwoody|Gg\n|\n|t:|1683116341\n|move|p2a: Chien-Pao|Sucker Punch|p1b: Torkoal\n|-damage|p1b: Torkoal|64\/100\n|move|p2b: Great Tusk|Headlong Rush|p1b: Torkoal\n|-supereffective|p1b: Torkoal\n|-damage|p1b: Torkoal|0 fnt\n|-unboost|p2b: Great Tusk|def|1\n|-unboost|p2b: Great Tusk|spd|1\n|faint|p1b: Torkoal\n|\n|win|Kangourou1234\n|raw|Benson Dunwoody's rating: 1692 → 1668<\/strong> (-24 for losing)\n|raw|Kangourou1234's rating: 1613 → 1637<\/strong> (+24 for winning)\n","uploadtime":1683116347,"views":11,"p1id":"bensondunwoody","p2id":"kangourou1234","formatid":"gen9vgc2023regulationc","rating":1637,"private":0,"password":""}