{"id":"gen9vgc2023regulationc-1854938765","p1":"NickC_VGC","p2":"miscul","format":"[Gen 9] VGC 2023 Regulation C","log":"|j|\u2606NickC_VGC\n|j|\u2606miscul\n|t:|1682882886\n|gametype|doubles\n|player|p1|NickC_VGC|101|1332\n|player|p2|miscul|iris|1248\n|teamsize|p1|6\n|teamsize|p2|6\n|gen|9\n|tier|[Gen 9] VGC 2023 Regulation C\n|rated|\n|rule|Species Clause: Limit one of each Pok\u00e9mon\n|rule|Item Clause: Limit one of each item\n|clearpoke\n|poke|p1|Corviknight, L50, M|\n|poke|p1|Iron Hands, L50|\n|poke|p1|Dragapult, L50, F|\n|poke|p1|Scream Tail, L50|\n|poke|p1|Kingambit, L50, F|\n|poke|p1|Arcanine, L50, M|\n|poke|p2|Jumpluff, L50, M|\n|poke|p2|Torkoal, L50, F|\n|poke|p2|Flutter Mane, L50|\n|poke|p2|Great Tusk, L50|\n|poke|p2|Chien-Pao, L50|\n|poke|p2|Kingambit, L50, F|\n|teampreview|4\n|\n|t:|1682882947\n|start\n|switch|p1a: Iron Hands|Iron Hands, L50|100\/100\n|switch|p1b: Arcanine|Arcanine, L50, M|100\/100\n|switch|p2a: Torkoal|Torkoal, L50, F|100\/100\n|switch|p2b: Jumpluff|Jumpluff, L50, M, shiny|100\/100\n|-ability|p1b: Arcanine|Intimidate|boost\n|-unboost|p2a: Torkoal|atk|1\n|-enditem|p2a: Torkoal|Eject Pack\n|-unboost|p2b: Jumpluff|atk|1\n|\n|t:|1682882965\n|switch|p2a: Great Tusk|Great Tusk, L50|100\/100\n|turn|1\n|\n|t:|1682882992\n|switch|p2b: Torkoal|Torkoal, L50, F|100\/100\n|-weather|SunnyDay|[from] ability: Drought|[of] p2b: Torkoal\n|-activate|p2a: Great Tusk|ability: Protosynthesis\n|-start|p2a: Great Tusk|protosynthesisatk\n|move|p1a: Iron Hands|Fake Out|p2a: Great Tusk\n|-damage|p2a: Great Tusk|89\/100\n|cant|p2a: Great Tusk|flinch\n|move|p1b: Arcanine|Flare Blitz|p2b: Torkoal\n|-resisted|p2b: Torkoal\n|-damage|p2b: Torkoal|71\/100\n|-damage|p1b: Arcanine|91\/100|[from] Recoil\n|\n|-weather|SunnyDay|[upkeep]\n|upkeep\n|turn|2\n|\n|t:|1682883029\n|move|p2b: Torkoal|Protect|p2b: Torkoal\n|-singleturn|p2b: Torkoal|Protect\n|move|p2a: Great Tusk|Earthquake|p1a: Iron Hands|[spread] p1a,p1b\n|-activate|p2b: Torkoal|move: Protect\n|-supereffective|p1a: Iron Hands\n|-supereffective|p1b: Arcanine\n|-damage|p1a: Iron Hands|31\/100\n|-damage|p1b: Arcanine|0 fnt\n|faint|p1b: Arcanine\n|move|p1a: Iron Hands|Drain Punch|p2b: Torkoal\n|-activate|p2b: Torkoal|move: Protect\n|\n|-weather|SunnyDay|[upkeep]\n|upkeep\n|\n|t:|1682883045\n|switch|p1b: Corviknight|Corviknight, L50, M|100\/100\n|turn|3\n|\n|t:|1682883071\n|-end|p2a: Great Tusk|Protosynthesis|[silent]\n|switch|p2a: Jumpluff|Jumpluff, L50, M, shiny|100\/100\n|-end|p1a: Iron Hands|Quark Drive|[silent]\n|switch|p1a: Dragapult|Dragapult, L50, F|100\/100\n|move|p1b: Corviknight|Brave Bird|p2b: Torkoal\n|-damage|p2b: Torkoal|40\/100\n|-damage|p1b: Corviknight|91\/100|[from] Recoil\n|move|p2b: Torkoal|Overheat|p1b: Corviknight|[miss]\n|-miss|p2b: Torkoal|p1b: Corviknight\n|\n|-weather|SunnyDay|[upkeep]\n|-heal|p1b: Corviknight|97\/100|[from] item: Leftovers\n|upkeep\n|turn|4\n|\n|t:|1682883164\n|-terastallize|p1b: Corviknight|Fire\n|move|p2a: Jumpluff|Tailwind|p2a: Jumpluff\n|-sidestart|p2: miscul|move: Tailwind\n|move|p1a: Dragapult|Dragon Darts|p2b: Torkoal\n|-damage|p2b: Torkoal|16\/100\n|-anim|p1a: Dragapult|Dragon Darts|p2a: Jumpluff\n|-damage|p2a: Jumpluff|59\/100\n|-damage|p1a: Dragapult|91\/100|[from] item: Life Orb\n|move|p1b: Corviknight|Bulk Up|p1b: Corviknight\n|-boost|p1b: Corviknight|atk|1\n|-boost|p1b: Corviknight|def|1\n|move|p2b: Torkoal|Overheat|p1b: Corviknight\n|-resisted|p1b: Corviknight\n|-damage|p1b: Corviknight|70\/100\n|-unboost|p2b: Torkoal|spa|2\n|\n|-weather|SunnyDay|[upkeep]\n|-heal|p1b: Corviknight|76\/100|[from] item: Leftovers\n|upkeep\n|turn|5\n|inactive|Battle timer is ON: inactive players will automatically lose when time's up. (requested by NickC_VGC)\n|inactive|miscul has 60 seconds left.\n|l|\u2606miscul\n|inactive|miscul disconnected and has a minute to reconnect!\n|player|p2|\n|inactive|miscul has 30 seconds to reconnect!\n|inactive|miscul has 20 seconds to reconnect!\n|inactive|miscul has 15 seconds to reconnect!\n|inactive|miscul has 10 seconds to reconnect!\n|inactive|miscul has 5 seconds to reconnect!\n|-message|miscul lost due to inactivity.\n|\n|win|NickC_VGC\n|raw|NickC_VGC's rating: 1332 → 1347<\/strong> (+15 for winning)\n|raw|miscul's rating: 1248 → 1229<\/strong> (-19 for losing)\n","uploadtime":1682883376,"views":10,"p1id":"nickcvgc","p2id":"miscul","formatid":"gen9vgc2023regulationc","rating":1229,"private":0,"password":""}