{"id":"gen9vgc2023regulationc-1857732536","p1":"Cosentino","p2":"itsamoongus","format":"[Gen 9] VGC 2023 Regulation C","log":"|j|\u2606Cosentino\n|j|\u2606itsamoongus\n|t:|1683226567\n|gametype|doubles\n|player|p1|Cosentino|169|1336\n|player|p2|itsamoongus|2|1319\n|teamsize|p1|6\n|teamsize|p2|6\n|gen|9\n|tier|[Gen 9] VGC 2023 Regulation C\n|rated|\n|rule|Species Clause: Limit one of each Pok\u00e9mon\n|rule|Item Clause: Limit one of each item\n|clearpoke\n|poke|p1|Sableye, L50, M|\n|poke|p1|Ceruledge, L50, M|\n|poke|p1|Flutter Mane, L50|\n|poke|p1|Amoonguss, L50, M|\n|poke|p1|Ting-Lu, L50|\n|poke|p1|Great Tusk, L50|\n|poke|p2|Lilligant, L50, F|\n|poke|p2|Torkoal, L50, M|\n|poke|p2|Flutter Mane, L50|\n|poke|p2|Chi-Yu, L50|\n|poke|p2|Kilowattrel, L50, F|\n|poke|p2|Indeedee-F, L50, F|\n|teampreview|4\n|inactive|Battle timer is ON: inactive players will automatically lose when time's up. (requested by itsamoongus)\n|inactive|Cosentino has 60 seconds left.\n|\n|t:|1683226601\n|start\n|switch|p1a: Ceruledge|Ceruledge, L50, M|100\/100\n|switch|p1b: Flutter Mane|Flutter Mane, L50|100\/100\n|switch|p2a: Lilligant|Lilligant, L50, F|100\/100\n|switch|p2b: Torkoal|Torkoal, L50, M|100\/100\n|-weather|SunnyDay|[from] ability: Drought|[of] p2b: Torkoal\n|-activate|p1b: Flutter Mane|ability: Protosynthesis\n|-start|p1b: Flutter Mane|protosynthesisspa\n|turn|1\n|inactive|itsamoongus has 30 seconds left.\n|\n|t:|1683226631\n|-terastallize|p1a: Ceruledge|Grass\n|move|p1b: Flutter Mane|Protect|p1b: Flutter Mane\n|-singleturn|p1b: Flutter Mane|Protect\n|move|p2a: Lilligant|Sleep Powder|p1b: Flutter Mane\n|-activate|p1b: Flutter Mane|move: Protect\n|move|p1a: Ceruledge|Bitter Blade|p2a: Lilligant\n|-supereffective|p2a: Lilligant\n|-enditem|p2a: Lilligant|Focus Sash\n|-damage|p2a: Lilligant|1\/100\n|move|p2b: Torkoal|Iron Defense|p2b: Torkoal\n|-boost|p2b: Torkoal|def|2\n|\n|-weather|SunnyDay|[upkeep]\n|upkeep\n|turn|2\n|inactive|Cosentino has 30 seconds left.\n|\n|t:|1683226657\n|-terastallize|p2b: Torkoal|Fighting\n|move|p1a: Ceruledge|Shadow Sneak|p2a: Lilligant\n|-damage|p2a: Lilligant|0 fnt\n|faint|p2a: Lilligant\n|move|p1b: Flutter Mane|Shadow Ball|p2b: Torkoal\n|-damage|p2b: Torkoal|27\/100\n|-unboost|p2b: Torkoal|spd|1\n|move|p2b: Torkoal|Body Press|p1a: Ceruledge\n|-damage|p1a: Ceruledge|2\/100\n|\n|-weather|SunnyDay|[upkeep]\n|-heal|p1a: Ceruledge|8\/100|[from] item: Leftovers\n|-heal|p2b: Torkoal|33\/100|[from] item: Leftovers\n|upkeep\n|\n|t:|1683226679\n|switch|p2a: Flutter Mane|Flutter Mane, L50|100\/100\n|-activate|p2a: Flutter Mane|ability: Protosynthesis\n|-start|p2a: Flutter Mane|protosynthesisspe\n|turn|3\n|\n|t:|1683226686\n|move|p1a: Ceruledge|Protect|p1a: Ceruledge\n|-singleturn|p1a: Ceruledge|Protect\n|move|p2b: Torkoal|Protect|p2b: Torkoal\n|-singleturn|p2b: Torkoal|Protect\n|move|p2a: Flutter Mane|Shadow Ball|p1b: Flutter Mane\n|-supereffective|p1b: Flutter Mane\n|-enditem|p1b: Flutter Mane|Focus Sash\n|-damage|p1b: Flutter Mane|1\/100\n|move|p1b: Flutter Mane|Dazzling Gleam|p2a: Flutter Mane|[spread] p2a\n|-activate|p2b: Torkoal|move: Protect\n|-damage|p2a: Flutter Mane|52\/100\n|\n|-weather|SunnyDay|[upkeep]\n|-heal|p1a: Ceruledge|14\/100|[from] item: Leftovers\n|-heal|p2b: Torkoal|39\/100|[from] item: Leftovers\n|upkeep\n|turn|4\n|inactive|itsamoongus has 30 seconds left.\n|\n|t:|1683226714\n|move|p1a: Ceruledge|Shadow Sneak|p2a: Flutter Mane\n|-supereffective|p2a: Flutter Mane\n|-damage|p2a: Flutter Mane|0 fnt\n|faint|p2a: Flutter Mane\n|-end|p2a: Flutter Mane|Protosynthesis|[silent]\n|move|p1b: Flutter Mane|Dazzling Gleam|p2b: Torkoal\n|-supereffective|p2b: Torkoal\n|-damage|p2b: Torkoal|0 fnt\n|faint|p2b: Torkoal\n|\n|-weather|SunnyDay|[upkeep]\n|-heal|p1a: Ceruledge|20\/100|[from] item: Leftovers\n|upkeep\n|inactive|itsamoongus has 30 seconds left.\n|inactive|itsamoongus has 20 seconds left.\n|inactive|itsamoongus has 15 seconds left.\n|inactive|itsamoongus has 10 seconds left.\n|inactive|itsamoongus has 5 seconds left.\n|\n|t:|1683226769\n|switch|p2a: Kilowattrel|Kilowattrel, L50, F|100\/100\n|turn|5\n|l|\u2606itsamoongus\n|inactive|itsamoongus disconnected and has a minute to reconnect!\n|player|p2|\n|inactive|Cosentino has 30 seconds left.\n|inactive|itsamoongus has 30 seconds left.\n|inactive|itsamoongus has 20 seconds left.\n|inactive|itsamoongus has 15 seconds left.\n|inactive|itsamoongus has 10 seconds left.\n|inactive|itsamoongus has 5 seconds left.\n|-message|itsamoongus lost due to inactivity.\n|\n|win|Cosentino\n|raw|Cosentino's rating: 1336 → 1354<\/strong> (+18 for winning)\n|raw|itsamoongus's rating: 1298 → 1276<\/strong> (-22 for losing)\n","uploadtime":1683226829,"views":10,"p1id":"cosentino","p2id":"itsamoongus","formatid":"gen9vgc2023regulationc","rating":1276,"private":0,"password":""}