{"id":"gen9vgc2023regulationc-1856602283","p1":"Truck Yacht","p2":"ZippleZapple","format":"[Gen 9] VGC 2023 Regulation C","log":"|j|\u2606Truck Yacht\n|j|\u2606ZippleZapple\n|t:|1683081083\n|gametype|doubles\n|player|p1|Truck Yacht|medium|1050\n|player|p2|ZippleZapple|harlequin|1045\n|teamsize|p1|6\n|teamsize|p2|6\n|gen|9\n|tier|[Gen 9] VGC 2023 Regulation C\n|rated|\n|rule|Species Clause: Limit one of each Pok\u00e9mon\n|rule|Item Clause: Limit one of each item\n|clearpoke\n|poke|p1|Raichu, L50, M|\n|poke|p1|Pelipper, L50, M|\n|poke|p1|Dragonite, L50, M|\n|poke|p1|Barraskewda, L50, M|\n|poke|p1|Sandy Shocks, L50|\n|poke|p1|Tropius, L50, F|\n|poke|p2|Kingambit, L50, M|\n|poke|p2|Dondozo, L50, M|\n|poke|p2|Dragalge, L50, M|\n|poke|p2|Bombirdier, L50, F|\n|poke|p2|Arboliva, L50, M|\n|poke|p2|Flutter Mane, L50|\n|teampreview|4\n|inactive|Battle timer is ON: inactive players will automatically lose when time's up. (requested by Truck Yacht)\n|\n|t:|1683081109\n|start\n|switch|p1a: Gorochu|Raichu, L50, M, shiny|100\/100\n|switch|p1b: Wooly Willy|Sandy Shocks, L50|100\/100\n|switch|p2a: Flutter Mane|Flutter Mane, L50|100\/100\n|switch|p2b: Arboliva|Arboliva, L50, M|100\/100\n|-enditem|p1b: Wooly Willy|Booster Energy\n|-activate|p1b: Wooly Willy|ability: Protosynthesis|[fromitem]\n|-start|p1b: Wooly Willy|protosynthesisspe\n|turn|1\n|inactive|ZippleZapple has 30 seconds left.\n|\n|t:|1683081137\n|move|p1b: Wooly Willy|Light Screen|p1b: Wooly Willy\n|-sidestart|p1: Truck Yacht|move: Light Screen\n|move|p1a: Gorochu|Substitute|p1a: Gorochu\n|-start|p1a: Gorochu|Substitute\n|-damage|p1a: Gorochu|76\/100\n|move|p2b: Arboliva|Hyper Voice|p1a: Gorochu|[spread] p1a,p1b\n|-crit|p1a: Gorochu\n|-damage|p1a: Gorochu|0 fnt\n|-damage|p1b: Wooly Willy|74\/100\n|faint|p1a: Gorochu\n|move|p2a: Flutter Mane|Trick Room|p2a: Flutter Mane\n|-fieldstart|move: Trick Room|[of] p2a: Flutter Mane\n|\n|upkeep\n|\n|t:|1683081148\n|switch|p1a: Nigel|Pelipper, L50, M, shiny|100\/100\n|-weather|RainDance|[from] ability: Drizzle|[of] p1a: Nigel\n|turn|2\n|\n|t:|1683081164\n|move|p2b: Arboliva|Hyper Voice|p1b: Wooly Willy|[spread] p1a,p1b\n|-damage|p1a: Nigel|71\/100\n|-damage|p1b: Wooly Willy|47\/100\n|move|p1a: Nigel|Hurricane|p2b: Arboliva\n|-supereffective|p2b: Arboliva\n|-damage|p2b: Arboliva|36\/100\n|-start|p2b: Arboliva|confusion\n|-fieldstart|move: Grassy Terrain|[from] ability: Seed Sower|[of] p2b: Arboliva\n|-enditem|p2b: Arboliva|Grassy Seed\n|-boost|p2b: Arboliva|def|1|[from] item: Grassy Seed\n|move|p2a: Flutter Mane|Dazzling Gleam|p1b: Wooly Willy|[spread] p1a,p1b\n|-damage|p1a: Nigel|46\/100\n|-damage|p1b: Wooly Willy|22\/100\n|move|p1b: Wooly Willy|Earth Power|p2a: Flutter Mane\n|-damage|p2a: Flutter Mane|72\/100\n|\n|-weather|RainDance|[upkeep]\n|-heal|p2b: Arboliva|42\/100|[from] Grassy Terrain\n|-heal|p2a: Flutter Mane|78\/100|[from] Grassy Terrain\n|-heal|p1b: Wooly Willy|29\/100|[from] Grassy Terrain\n|upkeep\n|turn|3\n|\n|t:|1683081188\n|-activate|p2b: Arboliva|confusion\n|move|p2b: Arboliva|Hyper Voice|p1b: Wooly Willy|[spread] p1a,p1b\n|-damage|p1a: Nigel|16\/100\n|-damage|p1b: Wooly Willy|0 fnt\n|faint|p1b: Wooly Willy\n|-end|p1b: Wooly Willy|Protosynthesis|[silent]\n|move|p1a: Nigel|Hurricane|p2b: Arboliva\n|-supereffective|p2b: Arboliva\n|-damage|p2b: Arboliva|0 fnt\n|faint|p2b: Arboliva\n|move|p2a: Flutter Mane|Dazzling Gleam|p1a: Nigel\n|-damage|p1a: Nigel|0 fnt\n|faint|p1a: Nigel\n|\n|-weather|RainDance|[upkeep]\n|-heal|p2a: Flutter Mane|84\/100|[from] Grassy Terrain\n|upkeep\n|\n|t:|1683081192\n|switch|p2b: Bombirdier|Bombirdier, L50, F|100\/100\n|switch|p1b: Puff|Dragonite, L50, M, shiny|100\/100\n|turn|4\n|\n|t:|1683081200\n|move|p1b: Puff|Thunder|p2a: Flutter Mane\n|-damage|p2a: Flutter Mane|54\/100\n|move|p2a: Flutter Mane|Dazzling Gleam|p1b: Puff\n|-supereffective|p1b: Puff\n|-damage|p1b: Puff|71\/100\n|-enditem|p1b: Puff|Weakness Policy\n|-boost|p1b: Puff|atk|2|[from] item: Weakness Policy\n|-boost|p1b: Puff|spa|2|[from] item: Weakness Policy\n|move|p2b: Bombirdier|Rock Blast|p1b: Puff\n|-supereffective|p1b: Puff\n|-damage|p1b: Puff|44\/100\n|-supereffective|p1b: Puff\n|-damage|p1b: Puff|17\/100\n|-hitcount|p1b: Puff|2\n|\n|-weather|RainDance|[upkeep]\n|-heal|p2a: Flutter Mane|60\/100|[from] Grassy Terrain\n|upkeep\n|turn|5\n|\n|t:|1683081216\n|move|p1b: Puff|Hydro Pump|p2a: Flutter Mane\n|-damage|p2a: Flutter Mane|0 fnt\n|faint|p2a: Flutter Mane\n|-end|p2a: Flutter Mane|Protosynthesis|[silent]\n|move|p2b: Bombirdier|Knock Off|p1b: Puff\n|-damage|p1b: Puff|0 fnt\n|faint|p1b: Puff\n|\n|win|ZippleZapple\n|raw|Truck Yacht's rating: 1050 → 1032<\/strong> (-18 for losing)\n|raw|ZippleZapple's rating: 1045 → 1079<\/strong> (+34 for winning)\n|c|\u2606ZippleZapple|gg\n|c|\u2606Truck Yacht|gg\n|l|\u2606Truck Yacht\n","uploadtime":1683081234,"views":10,"p1id":"truckyacht","p2id":"zipplezapple","formatid":"gen9vgc2023regulationc","rating":1032,"private":0,"password":""}