{"id":"gen9vgc2023regulationc-1850969006","p1":"toobadforalt","p2":"R2VGC","format":"[Gen 9] VGC 2023 Regulation C","log":"|j|\u2606toobadforalt\n|j|\u2606R2VGC\n|t:|1682388259\n|gametype|doubles\n|player|p1|toobadforalt|ninjaboy|1388\n|player|p2|R2VGC|170|1415\n|teamsize|p1|6\n|teamsize|p2|6\n|gen|9\n|tier|[Gen 9] VGC 2023 Regulation C\n|rated|\n|rule|Species Clause: Limit one of each Pok\u00e9mon\n|rule|Item Clause: Limit one of each item\n|clearpoke\n|poke|p1|Iron Treads, L50|\n|poke|p1|Talonflame, L50, F|\n|poke|p1|Tyranitar, L50, F|\n|poke|p1|Tsareena, L50, F|\n|poke|p1|Chi-Yu, L50|\n|poke|p1|Flutter Mane, L50|\n|poke|p2|Flutter Mane, L50|\n|poke|p2|Garganacl, L50, F|\n|poke|p2|Amoonguss, L50, M|\n|poke|p2|Palafin, L50, F|\n|poke|p2|Arcanine, L50, F|\n|poke|p2|Ting-Lu, L50|\n|teampreview|4\nR2VGC has agreed to open team sheets.\n|\n|t:|1682388297\n|start\n|switch|p1a: Talonflame|Talonflame, L50, F|100\/100\n|switch|p1b: Iron Treads|Iron Treads, L50|100\/100\n|switch|p2a: Palafin|Palafin, L50, F|100\/100\n|switch|p2b: Arcanine|Arcanine, L50, F|100\/100\n|-ability|p2b: Arcanine|Intimidate|boost\n|-unboost|p1a: Talonflame|atk|1\n|-unboost|p1b: Iron Treads|atk|1\n|-enditem|p1b: Iron Treads|Booster Energy\n|-activate|p1b: Iron Treads|ability: Quark Drive|[fromitem]\n|-start|p1b: Iron Treads|quarkdrivespe\n|turn|1\n|\n|t:|1682388326\n|switch|p1a: Tsareena|Tsareena, L50, F|100\/100\n|-terastallize|p1b: Iron Treads|Ground\n|-terastallize|p2a: Palafin|Water\n|move|p2b: Arcanine|Extreme Speed||[still]\n|cant|p1a: Tsareena|ability: Queenly Majesty|Extreme Speed|[of] p2b: Arcanine\n|move|p2a: Palafin|Jet Punch||[still]\n|cant|p1a: Tsareena|ability: Queenly Majesty|Jet Punch|[of] p2a: Palafin\n|move|p1b: Iron Treads|Earthquake|p2a: Palafin|[spread] p1a,p2a,p2b\n|-resisted|p1a: Tsareena\n|-supereffective|p2b: Arcanine\n|-damage|p1a: Tsareena|86\/100\n|-damage|p2a: Palafin|64\/100\n|-damage|p2b: Arcanine|44\/100\n|\n|upkeep\n|turn|2\n|\n|t:|1682388345\n|detailschange|p2a: Palafin|Palafin-Hero, L50, F, tera:Water\n|switch|p2a: Amoonguss|Amoonguss, L50, M|100\/100\n|move|p1a: Tsareena|Protect|p1a: Tsareena\n|-singleturn|p1a: Tsareena|Protect\n|move|p1b: Iron Treads|Earthquake|p2a: Amoonguss|[spread] p2a,p2b\n|-activate|p1a: Tsareena|move: Protect\n|-supereffective|p2b: Arcanine\n|-damage|p2a: Amoonguss|73\/100\n|-damage|p2b: Arcanine|0 fnt\n|faint|p2b: Arcanine\n|\n|upkeep\n|\n|t:|1682388356\n|switch|p2b: Palafin|Palafin-Hero, L50, F, tera:Water|64\/100\n|-activate|p2b: Palafin|ability: Zero to Hero\n|turn|3\n|\n|t:|1682388373\n|move|p1b: Iron Treads|Protect|p1b: Iron Treads\n|-singleturn|p1b: Iron Treads|Protect\n|move|p2b: Palafin|Drain Punch|p1a: Tsareena\n|-damage|p1a: Tsareena|50\/100\n|-heal|p2b: Palafin|80\/100|[from] drain|[of] p1a: Tsareena\n|-enditem|p1a: Tsareena|Sitrus Berry|[eat]\n|-heal|p1a: Tsareena|75\/100|[from] item: Sitrus Berry\n|move|p1a: Tsareena|Trop Kick|p2b: Palafin\n|-supereffective|p2b: Palafin\n|-damage|p2b: Palafin|26\/100\n|-unboost|p2b: Palafin|atk|1\n|move|p2a: Amoonguss|Pollen Puff|p2b: Palafin\n|-heal|p2b: Palafin|76\/100\n|\n|upkeep\n|turn|4\n|\n|t:|1682388408\n|-end|p1b: Iron Treads|Quark Drive|[silent]\n|switch|p1b: Talonflame|Talonflame, L50, F|100\/100\n|move|p2b: Palafin|Protect|p2b: Palafin\n|-singleturn|p2b: Palafin|Protect\n|move|p1a: Tsareena|Trop Kick|p2b: Palafin\n|-activate|p2b: Palafin|move: Protect\n|move|p2a: Amoonguss|Spore|p1b: Talonflame\n|-activate|p1b: Talonflame|item: Safety Goggles|Spore\n|\n|upkeep\n|turn|5\n|\n|t:|1682388431\n|switch|p2b: Flutter Mane|Flutter Mane, L50|100\/100\n|move|p2a: Amoonguss|Rage Powder|p2a: Amoonguss\n|-singleturn|p2a: Amoonguss|move: Rage Powder\n|move|p1b: Talonflame|Taunt|p2a: Amoonguss\n|-start|p2a: Amoonguss|move: Taunt\n|move|p1a: Tsareena|Trop Kick|p2b: Flutter Mane\n|-damage|p2b: Flutter Mane|39\/100\n|-unboost|p2b: Flutter Mane|atk|1\n|\n|upkeep\n|turn|6\n|\n|t:|1682388465\n|move|p1b: Talonflame|Tailwind|p1b: Talonflame\n|-sidestart|p1: toobadforalt|move: Tailwind\n|move|p1a: Tsareena|Trop Kick|p2a: Amoonguss\n|-resisted|p2a: Amoonguss\n|-damage|p2a: Amoonguss|67\/100\n|-unboost|p2a: Amoonguss|atk|1\n|-damage|p1a: Tsareena|58\/100|[from] item: Rocky Helmet|[of] p2a: Amoonguss\n|move|p2b: Flutter Mane|Dazzling Gleam|p1b: Talonflame|[spread] p1a,p1b\n|-resisted|p1b: Talonflame\n|-damage|p1a: Tsareena|9\/100\n|-damage|p1b: Talonflame|65\/100\n|move|p2a: Amoonguss|Pollen Puff|p1a: Tsareena\n|-supereffective|p1a: Tsareena\n|-damage|p1a: Tsareena|0 fnt\n|faint|p1a: Tsareena\n|\n|upkeep\n|\n|t:|1682388485\n|switch|p1a: Chi-Yu|Chi-Yu, L50|100\/100\n|-ability|p1a: Chi-Yu|Beads of Ruin\n|turn|7\n|\n|t:|1682388500\n|-end|p2b: Flutter Mane|Protosynthesis|[silent]\n|switch|p2b: Palafin|Palafin-Hero, L50, F, tera:Water|76\/100\n|move|p1b: Talonflame|Brave Bird|p2a: Amoonguss\n|-supereffective|p2a: Amoonguss\n|-damage|p2a: Amoonguss|0 fnt\n|-damage|p1b: Talonflame|49\/100|[from] item: Rocky Helmet|[of] p2a: Amoonguss\n|faint|p2a: Amoonguss\n|-damage|p1b: Talonflame|20\/100|[from] Recoil\n|move|p1a: Chi-Yu|Heat Wave|p2b: Palafin\n|-resisted|p2b: Palafin\n|-damage|p2b: Palafin|44\/100\n|\n|upkeep\n|\n|t:|1682388512\n|switch|p2a: Flutter Mane|Flutter Mane, L50|39\/100\n|turn|8\n|\n|t:|1682388533\n|move|p2b: Palafin|Protect|p2b: Palafin\n|-singleturn|p2b: Palafin|Protect\n|move|p1b: Talonflame|Brave Bird|p2b: Palafin\n|-activate|p2b: Palafin|move: Protect\n|move|p1a: Chi-Yu|Dark Pulse|p2b: Palafin\n|-activate|p2b: Palafin|move: Protect\n|move|p2a: Flutter Mane|Shadow Ball|p1b: Talonflame\n|-crit|p1b: Talonflame\n|-damage|p1b: Talonflame|0 fnt\n|faint|p1b: Talonflame\n|\n|upkeep\n|\n|t:|1682388544\n|switch|p1b: Iron Treads|Iron Treads, L50, tera:Ground|100\/100\n|turn|9\n|\n|t:|1682388578\n|move|p1b: Iron Treads|Protect|p1b: Iron Treads\n|-singleturn|p1b: Iron Treads|Protect\n|move|p1a: Chi-Yu|Dark Pulse|p2b: Palafin\n|-damage|p2b: Palafin|0 fnt\n|faint|p2b: Palafin\n|move|p2a: Flutter Mane|Shadow Ball|p1b: Iron Treads\n|-activate|p1b: Iron Treads|move: Protect\n|\n|-sideend|p1: toobadforalt|move: Tailwind\n|upkeep\n|turn|10\n|\n|t:|1682388589\n|move|p2a: Flutter Mane|Shadow Ball|p1b: Iron Treads\n|-damage|p1b: Iron Treads|0 fnt\n|faint|p1b: Iron Treads\n|-end|p1b: Iron Treads|Quark Drive|[silent]\n|move|p1a: Chi-Yu|Dark Pulse|p2a: Flutter Mane\n|-damage|p2a: Flutter Mane|0 fnt\n|faint|p2a: Flutter Mane\n|-end|p2a: Flutter Mane|Protosynthesis|[silent]\n|\n|win|toobadforalt\n|raw|toobadforalt's rating: 1388 → 1410<\/strong> (+22 for winning)\n|raw|R2VGC's rating: 1415 → 1393<\/strong> (-22 for losing)\n","uploadtime":1682388601,"views":11,"p1id":"toobadforalt","p2id":"r2vgc","formatid":"gen9vgc2023regulationc","rating":1393,"private":0,"password":""}