{"id":"gen9vgc2023regulationc-1855992285","p1":"gung hole","p2":"Sevrinn","format":"[Gen 9] VGC 2023 Regulation C","log":"|j|\u2606gung hole\n|j|\u2606Sevrinn\n|t:|1683013447\n|gametype|doubles\n|player|p1|gung hole|harlequin|1147\n|player|p2|Sevrinn|266|1137\n|teamsize|p1|6\n|teamsize|p2|6\n|gen|9\n|tier|[Gen 9] VGC 2023 Regulation C\n|rated|\n|rule|Species Clause: Limit one of each Pok\u00e9mon\n|rule|Item Clause: Limit one of each item\n|clearpoke\n|poke|p1|Chi-Yu, L50|\n|poke|p1|Torkoal, L50, F|\n|poke|p1|Slither Wing, L50|\n|poke|p1|Flutter Mane, L50|\n|poke|p1|Amoonguss, L50, M|\n|poke|p1|Chien-Pao, L50|\n|poke|p2|Gholdengo, L50|\n|poke|p2|Espathra, L50, M|\n|poke|p2|Murkrow, L50, M|\n|poke|p2|Wo-Chien, L50|\n|poke|p2|Great Tusk, L50|\n|poke|p2|Iron Moth, L50|\n|teampreview|4\n|\n|t:|1683013484\n|start\n|switch|p1a: Chi-Yu|Chi-Yu, L50|100\/100\n|switch|p1b: Torkoal|Torkoal, L50, F|100\/100\n|switch|p2a: Espathra|Espathra, L50, M|100\/100\n|switch|p2b: Iron Moth|Iron Moth, L50|100\/100\n|-ability|p1a: Chi-Yu|Beads of Ruin\n|-weather|SunnyDay|[from] ability: Drought|[of] p1b: Torkoal\n|-enditem|p2b: Iron Moth|Booster Energy\n|-activate|p2b: Iron Moth|ability: Quark Drive|[fromitem]\n|-start|p2b: Iron Moth|quarkdrivespa\n|turn|1\n|inactive|Battle timer is ON: inactive players will automatically lose when time's up. (requested by gung hole)\n|\n|t:|1683013503\n|-terastallize|p1a: Chi-Yu|Fire\n|move|p2a: Espathra|Protect|p2a: Espathra\n|-singleturn|p2a: Espathra|Protect\n|move|p1b: Torkoal|Protect|p1b: Torkoal\n|-singleturn|p1b: Torkoal|Protect\n|move|p1a: Chi-Yu|Heat Wave|p2b: Iron Moth|[spread] p2b\n|-activate|p2a: Espathra|move: Protect\n|-resisted|p2b: Iron Moth\n|-damage|p2b: Iron Moth|20\/100\n|move|p2b: Iron Moth|Sludge Wave|p1a: Chi-Yu|[spread] p1a\n|-activate|p2a: Espathra|move: Protect\n|-activate|p1b: Torkoal|move: Protect\n|-damage|p1a: Chi-Yu|38\/100\n|-status|p1a: Chi-Yu|psn\n|\n|-weather|SunnyDay|[upkeep]\n|-damage|p1a: Chi-Yu|26\/100 psn|[from] psn\n|-ability|p2a: Espathra|Speed Boost|boost\n|-boost|p2a: Espathra|spe|1\n|upkeep\n|turn|2\n|inactive|gung hole has 30 seconds left.\n|inactive|Sevrinn has 30 seconds left.\n|inactive|gung hole has 20 seconds left.\n|\n|t:|1683013538\n|move|p2a: Espathra|Lumina Crash|p1a: Chi-Yu\n|-damage|p1a: Chi-Yu|0 fnt\n|faint|p1a: Chi-Yu\n|move|p2b: Iron Moth|Air Slash|p1b: Torkoal\n|-damage|p1b: Torkoal|52\/100\n|move|p1b: Torkoal|Heat Wave|p2a: Espathra|[spread] p2a,p2b\n|-resisted|p2b: Iron Moth\n|-damage|p2a: Espathra|47\/100\n|-damage|p2b: Iron Moth|2\/100\n|\n|-weather|SunnyDay|[upkeep]\n|-ability|p2a: Espathra|Speed Boost|boost\n|-boost|p2a: Espathra|spe|1\n|upkeep\n|\n|t:|1683013544\n|switch|p1a: Flutter Mane|Flutter Mane, L50|100\/100\n|-activate|p1a: Flutter Mane|ability: Protosynthesis\n|-start|p1a: Flutter Mane|protosynthesisspe\n|turn|3\n|\n|t:|1683013565\n|move|p1b: Torkoal|Protect|p1b: Torkoal\n|-singleturn|p1b: Torkoal|Protect\n|move|p2a: Espathra|Lumina Crash|p1b: Torkoal\n|-activate|p1b: Torkoal|move: Protect\n|move|p1a: Flutter Mane|Dazzling Gleam|p2b: Iron Moth|[spread] p2a,p2b\n|-resisted|p2b: Iron Moth\n|-damage|p2a: Espathra|0 fnt\n|-damage|p2b: Iron Moth|0 fnt\n|faint|p2a: Espathra\n|faint|p2b: Iron Moth\n|-end|p2b: Iron Moth|Quark Drive|[silent]\n|-damage|p1a: Flutter Mane|90\/100|[from] item: Life Orb\n|\n|-weather|SunnyDay|[upkeep]\n|upkeep\n|\n|t:|1683013571\n|switch|p2b: Great Tusk|Great Tusk, L50|100\/100\n|switch|p2a: Gholdengo|Gholdengo, L50|100\/100\n|-activate|p2b: Great Tusk|ability: Protosynthesis\n|-start|p2b: Great Tusk|protosynthesisatk\n|turn|4\n|\n|t:|1683013594\n|-terastallize|p2b: Great Tusk|Grass\n|move|p2a: Gholdengo|Protect|p2a: Gholdengo\n|-singleturn|p2a: Gholdengo|Protect\n|move|p1a: Flutter Mane|Shadow Ball|p2a: Gholdengo\n|-activate|p2a: Gholdengo|move: Protect\n|move|p2b: Great Tusk|Earthquake|p1a: Flutter Mane|[spread] p1a,p1b\n|-activate|p2a: Gholdengo|move: Protect\n|-supereffective|p1b: Torkoal\n|-damage|p1a: Flutter Mane|0 fnt\n|-damage|p1b: Torkoal|0 fnt\n|faint|p1a: Flutter Mane\n|-end|p1a: Flutter Mane|Protosynthesis|[silent]\n|faint|p1b: Torkoal\n|\n|-weather|SunnyDay|[upkeep]\n|upkeep\n|\n|t:|1683013604\n|switch|p1b: Slither Wing|Slither Wing, L50|100\/100\n|-activate|p1b: Slither Wing|ability: Protosynthesis\n|-start|p1b: Slither Wing|protosynthesisatk\n|turn|5\n|\n|t:|1683013618\n|move|p1b: Slither Wing|Flare Blitz|p2a: Gholdengo\n|-supereffective|p2a: Gholdengo\n|-damage|p2a: Gholdengo|0 fnt\n|faint|p2a: Gholdengo\n|-damage|p1b: Slither Wing|62\/100|[from] Recoil\n|move|p2b: Great Tusk|Headlong Rush|p1b: Slither Wing\n|-resisted|p1b: Slither Wing\n|-damage|p1b: Slither Wing|7\/100\n|-unboost|p2b: Great Tusk|def|1\n|-unboost|p2b: Great Tusk|spd|1\n|\n|-weather|SunnyDay|[upkeep]\n|upkeep\n|turn|6\n|\n|t:|1683013631\n|move|p1b: Slither Wing|Flare Blitz|p2b: Great Tusk\n|-supereffective|p2b: Great Tusk\n|-damage|p2b: Great Tusk|0 fnt\n|faint|p2b: Great Tusk\n|-end|p2b: Great Tusk|Protosynthesis|[silent]\n|-damage|p1b: Slither Wing|0 fnt|[from] Recoil\n|faint|p1b: Slither Wing\n|-end|p1b: Slither Wing|Protosynthesis|[silent]\n|\n|win|gung hole\n|raw|gung hole's rating: 1147 → 1171<\/strong> (+24 for winning)\n|raw|Sevrinn's rating: 1137 → 1113<\/strong> (-24 for losing)\n|l|\u2606Sevrinn\n|c|\u2606gung hole|gg\n","uploadtime":1683013645,"views":19,"p1id":"gunghole","p2id":"sevrinn","formatid":"gen9vgc2023regulationc","rating":1113,"private":0,"password":""}