{"id":"gen9vgc2023regulationc-1859482703","p1":"The_Kamaster1278","p2":"Maractus garden","format":"[Gen 9] VGC 2023 Regulation C","log":"|j|\u2606The_Kamaster1278\n|j|\u2606Maractus garden\n|t:|1683474207\n|gametype|doubles\n|player|p1|The_Kamaster1278|brycenman|1136\n|player|p2|Maractus garden|cynthia|1236\n|teamsize|p1|6\n|teamsize|p2|6\n|gen|9\n|tier|[Gen 9] VGC 2023 Regulation C\n|rated|\n|rule|Species Clause: Limit one of each Pok\u00e9mon\n|rule|Item Clause: Limit one of each item\n|clearpoke\n|poke|p1|Scovillain, L50, M|\n|poke|p1|Torkoal, L50, M|\n|poke|p1|Dragapult, L50, M|\n|poke|p1|Great Tusk, L50|\n|poke|p1|Chien-Pao, L50|\n|poke|p1|Flutter Mane, L50|\n|poke|p2|Ting-Lu, L50|\n|poke|p2|Abomasnow, L50, F|\n|poke|p2|Flutter Mane, L50|\n|poke|p2|Iron Hands, L50|\n|poke|p2|Bronzong, L50|\n|poke|p2|Arcanine, L50, F|\n|teampreview|4\nMaractus garden rejected open team sheets.\n|\n|t:|1683474263\n|start\n|switch|p1a: Momma's Boy|Dragapult, L50, M|100\/100\n|switch|p1b: Sword Dog #2|Chien-Pao, L50|100\/100\n|switch|p2a: Iron Hands|Iron Hands, L50|100\/100\n|switch|p2b: Ting-Lu|Ting-Lu, L50|100\/100\n|-ability|p1b: Sword Dog #2|Sword of Ruin\n|-ability|p2b: Ting-Lu|Vessel of Ruin\n|turn|1\n|\n|t:|1683474292\n|move|p1a: Momma's Boy|Protect|p1a: Momma's Boy\n|-singleturn|p1a: Momma's Boy|Protect\n|move|p1b: Sword Dog #2|Protect|p1b: Sword Dog #2\n|-singleturn|p1b: Sword Dog #2|Protect\n|move|p2a: Iron Hands|Fake Out|p1b: Sword Dog #2\n|-activate|p1b: Sword Dog #2|move: Protect\n|move|p2b: Ting-Lu|Throat Chop|p1a: Momma's Boy\n|-activate|p1a: Momma's Boy|move: Protect\n|\n|upkeep\n|turn|2\n|\n|t:|1683474323\n|-end|p2a: Iron Hands|Quark Drive|[silent]\n|switch|p2a: Arcanine|Arcanine, L50, F|100\/100\n|-ability|p2a: Arcanine|Intimidate|boost\n|-fail|p1a: Momma's Boy|unboost|[from] ability: Clear Body|[of] p1a: Momma's Boy\n|-unboost|p1b: Sword Dog #2|atk|1\n|-terastallize|p1a: Momma's Boy|Steel\n|move|p1a: Momma's Boy|Dragon Darts|p2b: Ting-Lu\n|-damage|p2b: Ting-Lu|73\/100\n|-anim|p1a: Momma's Boy|Dragon Darts|p2a: Arcanine\n|-damage|p2a: Arcanine|53\/100\n|-damage|p1a: Momma's Boy|90\/100|[from] item: Life Orb\n|move|p1b: Sword Dog #2|Ice Spinner|p2b: Ting-Lu\n|-supereffective|p2b: Ting-Lu\n|-damage|p2b: Ting-Lu|33\/100\n|move|p2b: Ting-Lu|Throat Chop|p1a: Momma's Boy\n|-damage|p1a: Momma's Boy|0 fnt\n|faint|p1a: Momma's Boy\n|\n|upkeep\n|\n|t:|1683474342\n|switch|p1a: Flutter Mane|Flutter Mane, L50|100\/100\n|turn|3\n|\n|t:|1683474360\n|switch|p1b: 2 Headed Dog|Scovillain, L50, M|100\/100\n|switch|p2b: Bronzong|Bronzong, L50|100\/100\n|move|p2a: Arcanine|Protect|p2a: Arcanine\n|-singleturn|p2a: Arcanine|Protect\n|move|p1a: Flutter Mane|Moonblast|p2b: Bronzong\n|-resisted|p2b: Bronzong\n|-damage|p2b: Bronzong|71\/100\n|\n|upkeep\n|turn|4\n|\n|t:|1683474384\n|-end|p1a: Flutter Mane|Protosynthesis|[silent]\n|switch|p1a: Sword Dog #2|Chien-Pao, L50|100\/100\n|-ability|p1a: Sword Dog #2|Sword of Ruin\n|-terastallize|p2b: Bronzong|Fire\n|move|p1b: 2 Headed Dog|Rage Powder|p1b: 2 Headed Dog\n|-singleturn|p1b: 2 Headed Dog|move: Rage Powder\n|move|p2a: Arcanine|Flare Blitz|p1b: 2 Headed Dog\n|-damage|p1b: 2 Headed Dog|5\/100\n|-damage|p2a: Arcanine|24\/100|[from] Recoil\n|move|p2b: Bronzong|Trick Room|p2b: Bronzong\n|-fieldstart|move: Trick Room|[of] p2b: Bronzong\n|\n|upkeep\n|turn|5\n|\n|t:|1683474413\n|move|p1b: 2 Headed Dog|Rage Powder|p1b: 2 Headed Dog\n|-singleturn|p1b: 2 Headed Dog|move: Rage Powder\n|move|p2a: Arcanine|Extreme Speed|p1b: 2 Headed Dog\n|-damage|p1b: 2 Headed Dog|0 fnt\n|faint|p1b: 2 Headed Dog\n|move|p1a: Sword Dog #2|Sucker Punch|p2b: Bronzong\n|-damage|p2b: Bronzong|29\/100\n|move|p2b: Bronzong|Gyro Ball|p1a: Sword Dog #2\n|-supereffective|p1a: Sword Dog #2\n|-enditem|p1a: Sword Dog #2|Focus Sash\n|-damage|p1a: Sword Dog #2|1\/100\n|\n|upkeep\n|\n|t:|1683474423\n|switch|p1b: Flutter Mane|Flutter Mane, L50|100\/100\n|turn|6\n|\n|t:|1683474443\n|move|p2b: Bronzong|Protect|p2b: Bronzong\n|-singleturn|p2b: Bronzong|Protect\n|move|p1a: Sword Dog #2|Protect|p1a: Sword Dog #2\n|-singleturn|p1a: Sword Dog #2|Protect\n|move|p2a: Arcanine|Will-O-Wisp|p1a: Sword Dog #2\n|-activate|p1a: Sword Dog #2|move: Protect\n|move|p1b: Flutter Mane|Shadow Ball|p2b: Bronzong\n|-activate|p2b: Bronzong|move: Protect\n|\n|upkeep\n|turn|7\n|\n|t:|1683474473\n|move|p1a: Sword Dog #2|Sucker Punch|p2b: Bronzong\n|-damage|p2b: Bronzong|0 fnt\n|faint|p2b: Bronzong\n|move|p2a: Arcanine|Will-O-Wisp|p1a: Sword Dog #2\n|-status|p1a: Sword Dog #2|brn\n|move|p1b: Flutter Mane|Shadow Ball|p2a: Arcanine\n|-damage|p2a: Arcanine|0 fnt\n|faint|p2a: Arcanine\n|\n|-damage|p1a: Sword Dog #2|0 fnt|[from] brn\n|faint|p1a: Sword Dog #2\n|upkeep\n|\n|t:|1683474477\n|switch|p2b: Iron Hands|Iron Hands, L50|100\/100\n|switch|p2a: Ting-Lu|Ting-Lu, L50|33\/100\n|-ability|p2a: Ting-Lu|Vessel of Ruin\n|turn|8\n|-message|The_Kamaster1278 forfeited.\n|\n|win|Maractus garden\n|raw|The_Kamaster1278's rating: 1136 → 1118<\/strong> (-18 for losing)\n|raw|Maractus garden's rating: 1236 → 1254<\/strong> (+18 for winning)\n|l|\u2606The_Kamaster1278\n","uploadtime":1683474503,"views":11,"p1id":"thekamaster1278","p2id":"maractusgarden","formatid":"gen9vgc2023regulationc","rating":1118,"private":0,"password":""}