{"id":"gen9vgc2023regulationc-1863334814","p1":"SalcranVGC","p2":"SolCalibre","format":"[Gen 9] VGC 2023 Regulation C","log":"|j|\u2606SalcranVGC\n|j|\u2606SolCalibre\n|t:|1684003893\n|gametype|doubles\n|player|p1|SalcranVGC|1|\n|player|p2|SolCalibre|1|\n|teamsize|p1|6\n|teamsize|p2|6\n|gen|9\n|tier|[Gen 9] VGC 2023 Regulation C\n|rule|Species Clause: Limit one of each Pok\u00e9mon\n|rule|Item Clause: Limit one of each item\n|clearpoke\n|poke|p1|Arcanine, L50, M|\n|poke|p1|Palafin, L50, F|\n|poke|p1|Dragonite, L50, M|\n|poke|p1|Chien-Pao, L50|\n|poke|p1|Amoonguss, L50, M|\n|poke|p1|Iron Hands, L50|\n|poke|p2|Hatterene, L50, F|\n|poke|p2|Indeedee-F, L50, F|\n|poke|p2|Iron Hands, L50|\n|poke|p2|Armarouge, L50, M|\n|poke|p2|Torkoal, L50, F|\n|poke|p2|Lilligant, L50, F|\n|teampreview|4\nSolCalibre has agreed to open team sheets.\nSalcranVGC has agreed to open team sheets.\n|c|\u2606SalcranVGC|G3\n|c|\u2606SolCalibre|go\n|\n|t:|1684004751\n|start\n|switch|p1a: Palafin|Palafin, L50, F|100\/100\n|switch|p1b: Dragonite|Dragonite, L50, M|100\/100\n|switch|p2a: Miss Hat|Hatterene, L50, F|100\/100\n|switch|p2b: Indeed!|Indeedee-F, L50, F|100\/100\n|-fieldstart|move: Psychic Terrain|[from] ability: Psychic Surge|[of] p2b: Indeed!\n|turn|1\n|\n|t:|1684004786\n|detailschange|p1a: Palafin|Palafin-Hero, L50, F\n|switch|p1a: Chien-Pao|Chien-Pao, L50|100\/100\n|-ability|p1a: Chien-Pao|Sword of Ruin\n|move|p2a: Miss Hat|Protect|p2a: Miss Hat\n|-singleturn|p2a: Miss Hat|Protect\n|move|p1b: Dragonite|Outrage|p2a: Miss Hat\n|-activate|p2a: Miss Hat|move: Protect\n|move|p2b: Indeed!|Trick Room|p2b: Indeed!\n|-fieldstart|move: Trick Room|[of] p2b: Indeed!\n|\n|upkeep\n|turn|2\n|\n|t:|1684004816\n|switch|p1b: Arcanine|Arcanine, L50, M|100\/100\n|-ability|p1b: Arcanine|Intimidate|boost\n|-unboost|p2a: Miss Hat|atk|1\n|-unboost|p2b: Indeed!|atk|1\n|-terastallize|p2a: Miss Hat|Fairy\n|move|p2b: Indeed!|Follow Me|p2b: Indeed!\n|-singleturn|p2b: Indeed!|move: Follow Me\n|move|p2a: Miss Hat|Dazzling Gleam|p1a: Chien-Pao|[spread] p1a,p1b\n|-supereffective|p1a: Chien-Pao\n|-resisted|p1b: Arcanine\n|-enditem|p1a: Chien-Pao|Focus Sash\n|-damage|p1a: Chien-Pao|1\/100\n|-damage|p1b: Arcanine|72\/100\n|-damage|p2a: Miss Hat|91\/100|[from] item: Life Orb\n|move|p1a: Chien-Pao|Ice Spinner|p2b: Indeed!\n|-damage|p2b: Indeed!|47\/100\n|-fieldend|move: Psychic Terrain\n|\n|upkeep\n|turn|3\n|j| Orangex733\n|\n|t:|1684004849\n|switch|p1a: Palafin|Palafin-Hero, L50, F|100\/100\n|-activate|p1a: Palafin|ability: Zero to Hero\n|move|p2b: Indeed!|Follow Me|p2b: Indeed!\n|-singleturn|p2b: Indeed!|move: Follow Me\n|move|p2a: Miss Hat|Dazzling Gleam|p1a: Palafin|[spread] p1a,p1b\n|-resisted|p1b: Arcanine\n|-damage|p1a: Palafin|46\/100\n|-damage|p1b: Arcanine|46\/100\n|-damage|p2a: Miss Hat|81\/100|[from] item: Life Orb\n|move|p1b: Arcanine|Flare Blitz|p2b: Indeed!\n|-damage|p2b: Indeed!|0 fnt\n|faint|p2b: Indeed!\n|-damage|p1b: Arcanine|32\/100|[from] Recoil\n|\n|upkeep\n|\n|t:|1684004877\n|switch|p2b: Harlyama|Iron Hands, L50|100\/100\n|turn|4\n|\n|t:|1684004901\n|move|p1a: Palafin|Protect|p1a: Palafin\n|-singleturn|p1a: Palafin|Protect\n|move|p2b: Harlyama|Fake Out|p1a: Palafin\n|-activate|p1a: Palafin|move: Protect\n|move|p2a: Miss Hat|Dazzling Gleam|p1a: Palafin|[spread] p1b\n|-activate|p1a: Palafin|move: Protect\n|-resisted|p1b: Arcanine\n|-damage|p1b: Arcanine|4\/100\n|-damage|p2a: Miss Hat|71\/100|[from] item: Life Orb\n|move|p1b: Arcanine|Will-O-Wisp|p2b: Harlyama\n|-status|p2b: Harlyama|brn\n|\n|-damage|p2b: Harlyama|94\/100 brn|[from] brn\n|upkeep\n|turn|5\n|l| Orangex733\n|\n|t:|1684005071\n|move|p1b: Arcanine|Extreme Speed|p2a: Miss Hat\n|-damage|p2a: Miss Hat|46\/100\n|move|p1a: Palafin|Jet Punch|p2a: Miss Hat\n|-damage|p2a: Miss Hat|0 fnt\n|faint|p2a: Miss Hat\n|move|p2b: Harlyama|Thunder Punch|p1a: Palafin\n|-supereffective|p1a: Palafin\n|-damage|p1a: Palafin|4\/100\n|\n|-damage|p2b: Harlyama|88\/100 brn|[from] brn\n|-fieldend|move: Trick Room\n|upkeep\n|j| Orangex733\n|\n|t:|1684005082\n|switch|p2a: Le Rouge|Armarouge, L50, M, shiny|100\/100\n|turn|6\n|\n|t:|1684005126\n|move|p1a: Palafin|Protect|p1a: Palafin\n|-singleturn|p1a: Palafin|Protect\n|move|p2a: Le Rouge|Protect|p2a: Le Rouge\n|-singleturn|p2a: Le Rouge|Protect\n|move|p1b: Arcanine|Flare Blitz|p2b: Harlyama\n|-damage|p2b: Harlyama|56\/100 brn\n|-damage|p1b: Arcanine|0 fnt|[from] Recoil\n|faint|p1b: Arcanine\n|move|p2b: Harlyama|Drain Punch|p1a: Palafin\n|-activate|p1a: Palafin|move: Protect\n|\n|-damage|p2b: Harlyama|50\/100 brn|[from] brn\n|upkeep\n|\n|t:|1684005139\n|switch|p1b: Dragonite|Dragonite, L50, M|100\/100\n|turn|7\n|c|\u2606SolCalibre|dang\n|\n|t:|1684005172\n|-terastallize|p1a: Palafin|Water\n|move|p2a: Le Rouge|Protect||[still]\n|-fail|p2a: Le Rouge\n|move|p1a: Palafin|Jet Punch|p2a: Le Rouge\n|-supereffective|p2a: Le Rouge\n|-damage|p2a: Le Rouge|0 fnt\n|faint|p2a: Le Rouge\n|move|p1b: Dragonite|Outrage|p2b: Harlyama\n|-damage|p2b: Harlyama|0 fnt\n|faint|p2b: Harlyama\n|-end|p2b: Harlyama|Quark Drive|[silent]\n|\n|win|SalcranVGC\n|c|\u2606SalcranVGC|You played well\n|l| Orangex733\n|c|\u2606SolCalibre|game 2 i messed up so much\n|c|\u2606SalcranVGC|How do you mean?\n|c|\u2606SolCalibre|I didn't think extremespeed would ohko hat, and i didn't follow me\n|c|\u2606SolCalibre|so she just...dropped\n","uploadtime":1684005195,"views":17,"p1id":"salcranvgc","p2id":"solcalibre","formatid":"gen9vgc2023regulationc","rating":0,"private":0,"password":""}