{"id":"gen9vgc2023regulationc-1862296591","p1":"Zydroxequil","p2":"Mait27","format":"[Gen 9] VGC 2023 Regulation C","log":"|j|\u2606Zydroxequil\n|j|\u2606Mait27\n|t:|1683861373\n|gametype|doubles\n|player|p1|Zydroxequil|psychic-gen4|1276\n|player|p2|Mait27|2|1243\n|teamsize|p1|6\n|teamsize|p2|6\n|gen|9\n|tier|[Gen 9] VGC 2023 Regulation C\n|rated|\n|rule|Species Clause: Limit one of each Pok\u00e9mon\n|rule|Item Clause: Limit one of each item\n|clearpoke\n|poke|p1|Flutter Mane, L50|\n|poke|p1|Talonflame, L50, F|\n|poke|p1|Garchomp, L50, M|\n|poke|p1|Tyranitar, L50, F|\n|poke|p1|Glimmora, L50, F|\n|poke|p1|Klefki, L50, M|\n|poke|p2|Klawf, L50, M|\n|poke|p2|Arcanine, L50, F|\n|poke|p2|Wo-Chien, L50|\n|poke|p2|Iron Bundle, L50|\n|poke|p2|Garganacl, L50, M|\n|poke|p2|Gholdengo, L50|\n|teampreview|4\n|\n|t:|1683861399\n|start\n|switch|p1a: Garchomp|Garchomp, L50, M|100\/100\n|switch|p1b: Glimmora|Glimmora, L50, F, shiny|100\/100\n|switch|p2a: Iron Bundle|Iron Bundle, L50|100\/100\n|switch|p2b: Klawf|Klawf, L50, M|100\/100\n|-enditem|p2a: Iron Bundle|Booster Energy\n|-activate|p2a: Iron Bundle|ability: Quark Drive|[fromitem]\n|-start|p2a: Iron Bundle|quarkdrivespe\n|turn|1\n|\n|t:|1683861420\n|-terastallize|p1b: Glimmora|Grass\n|move|p1a: Garchomp|Protect|p1a: Garchomp\n|-singleturn|p1a: Garchomp|Protect\n|move|p2a: Iron Bundle|Icy Wind|p1a: Garchomp|[spread] p1b\n|-activate|p1a: Garchomp|move: Protect\n|-supereffective|p1b: Glimmora\n|-damage|p1b: Glimmora|69\/100\n|-unboost|p1b: Glimmora|spe|1\n|move|p2b: Klawf|Swords Dance|p2b: Klawf\n|-boost|p2b: Klawf|atk|2\n|move|p1b: Glimmora|Energy Ball|p2a: Iron Bundle\n|-supereffective|p2a: Iron Bundle\n|-damage|p2a: Iron Bundle|0 fnt\n|faint|p2a: Iron Bundle\n|-end|p2a: Iron Bundle|Quark Drive|[silent]\n|\n|upkeep\n|\n|t:|1683861441\n|switch|p2a: Arcanine|Arcanine, L50, F|100\/100\n|-ability|p2a: Arcanine|Intimidate|boost\n|-fail|p1a: Garchomp|unboost|[from] item: Clear Amulet|[of] p1a: Garchomp\n|-unboost|p1b: Glimmora|atk|1\n|turn|2\n|\n|t:|1683861460\n|-terastallize|p2b: Klawf|Water\n|move|p1a: Garchomp|Earthquake|p2a: Arcanine|[spread] p1b,p2a,p2b\n|-resisted|p1b: Glimmora\n|-supereffective|p2a: Arcanine\n|-damage|p1b: Glimmora|49\/100\n|-damage|p2a: Arcanine|12\/100\n|-damage|p2b: Klawf|57\/100\n|-activate|p1b: Glimmora|ability: Toxic Debris\n|-sidestart|p2: Mait27|move: Toxic Spikes\n|-enditem|p2a: Arcanine|Figy Berry|[eat]\n|-heal|p2a: Arcanine|45\/100|[from] item: Figy Berry\n|move|p2b: Klawf|Crabhammer|p1a: Garchomp\n|-damage|p1a: Garchomp|14\/100\n|move|p2a: Arcanine|Flare Blitz|p1b: Glimmora\n|-supereffective|p1b: Glimmora\n|-damage|p1b: Glimmora|0 fnt\n|-activate|p1b: Glimmora|ability: Toxic Debris\n|-sidestart|p2: Mait27|move: Toxic Spikes\n|faint|p1b: Glimmora\n|-damage|p2a: Arcanine|30\/100|[from] Recoil\n|\n|upkeep\n|\n|t:|1683861480\n|switch|p1b: Flutter Mane|Flutter Mane, L50|100\/100\n|turn|3\n|\n|t:|1683861499\n|switch|p1a: Tyranitar|Tyranitar, L50, F, shiny|100\/100\n|-weather|Sandstorm|[from] ability: Sand Stream|[of] p1a: Tyranitar\n|move|p2a: Arcanine|Extreme Speed|p2b: Klawf\n|-damage|p2b: Klawf|25\/100\n|-ability|p2b: Klawf|Anger Shell|boost\n|-boost|p2b: Klawf|atk|1\n|-boost|p2b: Klawf|spa|1\n|-boost|p2b: Klawf|spe|1\n|-unboost|p2b: Klawf|def|1\n|-unboost|p2b: Klawf|spd|1\n|move|p2b: Klawf|Rock Slide|p1a: Tyranitar|[spread] p1a,p1b\n|-damage|p1a: Tyranitar|54\/100\n|-damage|p1b: Flutter Mane|0 fnt\n|faint|p1b: Flutter Mane\n|-end|p1b: Flutter Mane|Protosynthesis|[silent]\n|\n|-weather|Sandstorm|[upkeep]\n|-damage|p2b: Klawf|19\/100|[from] Sandstorm\n|-damage|p2a: Arcanine|24\/100|[from] Sandstorm\n|upkeep\n|\n|t:|1683861514\n|switch|p1b: Garchomp|Garchomp, L50, M|14\/100\n|turn|4\n|\n|t:|1683861531\n|move|p2b: Klawf|Protect|p2b: Klawf\n|-singleturn|p2b: Klawf|Protect\n|move|p1b: Garchomp|Protect|p1b: Garchomp\n|-singleturn|p1b: Garchomp|Protect\n|move|p2a: Arcanine|Extreme Speed|p1b: Garchomp\n|-activate|p1b: Garchomp|move: Protect\n|move|p1a: Tyranitar|Rock Slide|p2a: Arcanine|[spread] p2a\n|-activate|p2b: Klawf|move: Protect\n|-supereffective|p2a: Arcanine\n|-damage|p2a: Arcanine|0 fnt\n|faint|p2a: Arcanine\n|\n|-weather|Sandstorm|[upkeep]\n|-damage|p2b: Klawf|13\/100|[from] Sandstorm\n|upkeep\n|\n|t:|1683861548\n|switch|p2a: Wo-Chien|Wo-Chien, L50|100\/100\n|-status|p2a: Wo-Chien|tox\n|-ability|p2a: Wo-Chien|Tablets of Ruin\n|turn|5\n|\n|t:|1683861570\n|move|p2b: Klawf|Rock Slide|p1b: Garchomp|[spread] p1a,p1b\n|-resisted|p1b: Garchomp\n|-damage|p1a: Tyranitar|20\/100\n|-damage|p1b: Garchomp|0 fnt\n|faint|p1b: Garchomp\n|move|p2a: Wo-Chien|Giga Drain|p1a: Tyranitar\n|-supereffective|p1a: Tyranitar\n|-damage|p1a: Tyranitar|0 fnt\n|faint|p1a: Tyranitar\n|\n|win|Mait27\n|raw|Zydroxequil's rating: 1276 → 1249<\/strong> (-27 for losing)\n|raw|Mait27's rating: 1243 → 1270<\/strong> (+27 for winning)\n|l|\u2606Zydroxequil\n","uploadtime":1683861601,"views":20,"p1id":"zydroxequil","p2id":"mait27","formatid":"gen9vgc2023regulationc","rating":1249,"private":0,"password":""}