{"id":"gen9vgc2023regulationc-1847221753","p1":"danthek84","p2":"2knight","format":"[Gen 9] VGC 2023 Regulation C","log":"|j|\u2606danthek84\n|j|\u26062knight\n|t:|1681929000\n|gametype|doubles\n|player|p1|danthek84|2|1119\n|player|p2|2knight|brock|1142\n|teamsize|p1|6\n|teamsize|p2|6\n|gen|9\n|tier|[Gen 9] VGC 2023 Regulation C\n|rated|\n|rule|Species Clause: Limit one of each Pok\u00e9mon\n|rule|Item Clause: Limit one of each item\n|clearpoke\n|poke|p1|Annihilape, L50, F|\n|poke|p1|Kingambit, L50, M|\n|poke|p1|Tsareena, L50, F|\n|poke|p1|Garchomp, L50, F|\n|poke|p1|Chien-Pao, L50|\n|poke|p1|Arcanine, L50, F|\n|poke|p2|Ditto, L50|\n|poke|p2|Iron Bundle, L50|\n|poke|p2|Grimmsnarl, L50, M|\n|poke|p2|Garganacl, L50, F|\n|poke|p2|Armarouge, L50, M|\n|poke|p2|Palafin, L50, M|\n|teampreview|4\n|inactive|Battle timer is ON: inactive players will automatically lose when time's up. (requested by 2knight)\n|inactive|danthek84 also wants the timer to be on.\n|inactive|danthek84 has 60 seconds left.\n|inactive|2knight has 60 seconds left.\n2knight has agreed to open team sheets.\n|inactive|2knight has 30 seconds left.\n|inactive|2knight has 20 seconds left.\n|inactive|2knight has 15 seconds left.\n|inactive|2knight has 10 seconds left.\n|\n|t:|1681929084\n|start\n|switch|p1a: Tsareena|Tsareena, L50, F|100\/100\n|switch|p1b: Garchomp|Garchomp, L50, F|100\/100\n|switch|p2a: Hobo Bird|Iron Bundle, L50|100\/100\n|switch|p2b: Tumor|Ditto, L50|100\/100\n|-transform|p2b: Tumor|p1a: Tsareena|[from] ability: Imposter\n|-enditem|p2a: Hobo Bird|Booster Energy\n|-activate|p2a: Hobo Bird|ability: Quark Drive|[fromitem]\n|-start|p2a: Hobo Bird|quarkdrivespe\n|turn|1\n|inactive|2knight has 30 seconds left.\n|\n|t:|1681929117\n|-terastallize|p2a: Hobo Bird|Ice\n|-terastallize|p1b: Garchomp|Steel\n|move|p2a: Hobo Bird|Icy Wind|p1a: Tsareena|[spread] p1a,p1b\n|-supereffective|p1a: Tsareena\n|-resisted|p1b: Garchomp\n|-damage|p1a: Tsareena|28\/100\n|-damage|p1b: Garchomp|84\/100\n|-unboost|p1a: Tsareena|spe|1\n|-unboost|p1b: Garchomp|spe|1\n|move|p2b: Tumor|High Jump Kick|p1b: Garchomp\n|-supereffective|p1b: Garchomp\n|-damage|p1b: Garchomp|0 fnt\n|-damage|p2b: Tumor|88\/100|[from] ability: Rough Skin|[of] p1b: Garchomp\n|faint|p1b: Garchomp\n|move|p1a: Tsareena|U-turn|p2b: Tumor\n|-supereffective|p2b: Tumor\n|-damage|p2b: Tumor|16\/100\n|\n|t:|1681929134\n|switch|p1a: Arcanine|Arcanine, L50, F|100\/100|[from] U-turn\n|-ability|p1a: Arcanine|Intimidate|boost\n|-unboost|p2a: Hobo Bird|atk|1\n|-unboost|p2b: Tumor|atk|1\n|\n|upkeep\n|\n|t:|1681929139\n|switch|p1b: Chien-Pao|Chien-Pao, L50|100\/100\n|-ability|p1b: Chien-Pao|Sword of Ruin\n|turn|2\n|inactive|2knight has 30 seconds left.\n|\n|t:|1681929171\n|-end|p2a: Hobo Bird|Quark Drive|[silent]\n|switch|p2a: Armarouge|Armarouge, L50, M|100\/100\n|move|p2b: Tumor|Protect|p2b: Tumor\n|-singleturn|p2b: Tumor|Protect\n|move|p1b: Chien-Pao|Sacred Sword|p2a: Armarouge\n|-resisted|p2a: Armarouge\n|-damage|p2a: Armarouge|77\/100\n|-ability|p2a: Armarouge|Weak Armor|boost\n|-unboost|p2a: Armarouge|def|1\n|-boost|p2a: Armarouge|spe|2\n|move|p1a: Arcanine|Flare Blitz|p2b: Tumor\n|-activate|p2b: Tumor|move: Protect\n|\n|upkeep\n|turn|3\n|inactive|danthek84 has 30 seconds left.\n|\n|t:|1681929198\n|move|p2a: Armarouge|Destiny Bond|p2a: Armarouge\n|-singlemove|p2a: Armarouge|Destiny Bond\n|move|p1b: Chien-Pao|Ice Spinner|p2a: Armarouge\n|-resisted|p2a: Armarouge\n|-crit|p2a: Armarouge\n|-damage|p2a: Armarouge|17\/100\n|-ability|p2a: Armarouge|Weak Armor|boost\n|-unboost|p2a: Armarouge|def|1\n|-boost|p2a: Armarouge|spe|2\n|move|p1a: Arcanine|Flare Blitz|p2b: Tumor\n|-supereffective|p2b: Tumor\n|-damage|p2b: Tumor|0 fnt\n|faint|p2b: Tumor\n|-damage|p1a: Arcanine|97\/100|[from] Recoil\n|\n|upkeep\n|\n|t:|1681929210\n|switch|p2b: The Thing|Garganacl, L50, F|100\/100\n|turn|4\n|\n|t:|1681929221\n|switch|p1a: Tsareena|Tsareena, L50, F|28\/100\n|move|p2a: Armarouge|Destiny Bond||[still]\n|-fail|p2a: Armarouge\n|move|p1b: Chien-Pao|Sacred Sword|p2b: The Thing\n|-supereffective|p2b: The Thing\n|-damage|p2b: The Thing|46\/100\n|move|p2b: The Thing|Curse|p2b: The Thing\n|-unboost|p2b: The Thing|spe|1\n|-boost|p2b: The Thing|atk|1\n|-boost|p2b: The Thing|def|1\n|\n|-heal|p2b: The Thing|52\/100|[from] item: Leftovers\n|upkeep\n|turn|5\n|\n|t:|1681929238\n|move|p2a: Armarouge|Armor Cannon|p1b: Chien-Pao\n|-supereffective|p1b: Chien-Pao\n|-enditem|p1b: Chien-Pao|Focus Sash\n|-damage|p1b: Chien-Pao|1\/100\n|-unboost|p2a: Armarouge|def|1\n|-unboost|p2a: Armarouge|spd|1\n|move|p1b: Chien-Pao|Sacred Sword|p2b: The Thing\n|-supereffective|p2b: The Thing\n|-damage|p2b: The Thing|0 fnt\n|faint|p2b: The Thing\n|move|p1a: Tsareena|Power Whip|p2a: Armarouge\n|-resisted|p2a: Armarouge\n|-damage|p2a: Armarouge|0 fnt\n|faint|p2a: Armarouge\n|\n|upkeep\n|\n|t:|1681929244\n|switch|p2b: Hobo Bird|Iron Bundle, L50, tera:Ice|100\/100\n|turn|6\n|\n|t:|1681929257\n|move|p1b: Chien-Pao|Sucker Punch|p2b: Hobo Bird\n|-damage|p2b: Hobo Bird|41\/100\n|move|p2b: Hobo Bird|Icy Wind|p1a: Tsareena|[spread] p1a,p1b\n|-supereffective|p1a: Tsareena\n|-resisted|p1b: Chien-Pao\n|-damage|p1a: Tsareena|0 fnt\n|-damage|p1b: Chien-Pao|0 fnt\n|faint|p1a: Tsareena\n|faint|p1b: Chien-Pao\n|\n|upkeep\n|\n|t:|1681929268\n|switch|p1b: Arcanine|Arcanine, L50, F|97\/100\n|-ability|p1b: Arcanine|Intimidate|boost\n|-unboost|p2b: Hobo Bird|atk|1\n|turn|7\n|\n|t:|1681929272\n|move|p1b: Arcanine|Extreme Speed|p2b: Hobo Bird\n|-damage|p2b: Hobo Bird|11\/100\n|move|p2b: Hobo Bird|Hydro Pump|p1b: Arcanine\n|-supereffective|p1b: Arcanine\n|-damage|p1b: Arcanine|0 fnt\n|faint|p1b: Arcanine\n|\n|win|2knight\n|raw|danthek84's rating: 1119 → 1096<\/strong> (-23 for losing)\n|raw|2knight's rating: 1142 → 1165<\/strong> (+23 for winning)\n|l|\u2606danthek84\n","uploadtime":1681929283,"views":11,"p1id":"danthek84","p2id":"2knight","formatid":"gen9vgc2023regulationc","rating":1096,"private":0,"password":""}