{"id":"gen9vgc2023regulationc-1856351082","p1":"hit my whip","p2":"Jacobnaut","format":"[Gen 9] VGC 2023 Regulation C","log":"|j|\u2606hit my whip\n|j|\u2606Jacobnaut\n|t:|1683053235\n|gametype|doubles\n|player|p1|hit my whip|acetrainerf-gen4dp|1320\n|player|p2|Jacobnaut|2|1286\n|teamsize|p1|6\n|teamsize|p2|6\n|gen|9\n|tier|[Gen 9] VGC 2023 Regulation C\n|rated|\n|rule|Species Clause: Limit one of each Pok\u00e9mon\n|rule|Item Clause: Limit one of each item\n|clearpoke\n|poke|p1|Pincurchin, L50, F|\n|poke|p1|Iron Jugulis, L50|\n|poke|p1|Iron Valiant, L50|\n|poke|p1|Gastrodon, L50, M|\n|poke|p1|Iron Hands, L50|\n|poke|p1|Flutter Mane, L50|\n|poke|p2|Lycanroc, L50, M|\n|poke|p2|Tyranitar, L50, M|\n|poke|p2|Garchomp, L50, M|\n|poke|p2|Talonflame, L50, F|\n|poke|p2|Gastrodon, L50, F|\n|poke|p2|Tatsugiri, L50, F|\n|teampreview|4\n|inactive|Battle timer is ON: inactive players will automatically lose when time's up. (requested by hit my whip)\n|inactive|Jacobnaut has 60 seconds left.\n|inactive|Jacobnaut has 30 seconds left.\n|\n|t:|1683053305\n|start\n|switch|p1a: Big Iron|Iron Hands, L50|100\/100\n|switch|p1b: Iron Jugulis|Iron Jugulis, L50|100\/100\n|switch|p2a: Talonflame|Talonflame, L50, F|100\/100\n|switch|p2b: Garchomp|Garchomp, L50, M|100\/100\n|turn|1\n|inactive|hit my whip has 30 seconds left.\n|inactive|Jacobnaut has 30 seconds left.\n|inactive|hit my whip has 20 seconds left.\n|inactive|hit my whip has 15 seconds left.\n|\n|t:|1683053347\n|move|p1a: Big Iron|Fake Out|p2b: Garchomp\n|-damage|p2b: Garchomp|86\/100\n|-damage|p1a: Big Iron|88\/100|[from] ability: Rough Skin|[of] p2b: Garchomp\n|move|p2a: Talonflame|Brave Bird|p1a: Big Iron\n|-damage|p1a: Big Iron|57\/100\n|-damage|p2a: Talonflame|84\/100|[from] Recoil\n|cant|p2b: Garchomp|flinch\n|move|p1b: Iron Jugulis|Tailwind|p1b: Iron Jugulis\n|-sidestart|p1: hit my whip|move: Tailwind\n|\n|upkeep\n|turn|2\n|\n|t:|1683053365\n|-end|p1a: Big Iron|Quark Drive|[silent]\n|switch|p1a: him|Pincurchin, L50, F|100\/100\n|-fieldstart|move: Electric Terrain|[from] ability: Electric Surge|[of] p1a: him\n|-activate|p1b: Iron Jugulis|ability: Quark Drive\n|-start|p1b: Iron Jugulis|quarkdrivespe\n|move|p2a: Talonflame|Protect|p2a: Talonflame\n|-singleturn|p2a: Talonflame|Protect\n|move|p1b: Iron Jugulis|Dark Pulse|p2a: Talonflame\n|-activate|p2a: Talonflame|move: Protect\n|move|p2b: Garchomp|Swords Dance|p2b: Garchomp\n|-boost|p2b: Garchomp|atk|2\n|\n|upkeep\n|turn|3\n|\n|t:|1683053390\n|move|p1a: him|Sucker Punch|p2b: Garchomp\n|-crit|p2b: Garchomp\n|-damage|p2b: Garchomp|53\/100\n|-damage|p1a: him|88\/100|[from] ability: Rough Skin|[of] p2b: Garchomp\n|move|p1b: Iron Jugulis|Dark Pulse|p2b: Garchomp\n|-damage|p2b: Garchomp|2\/100\n|-damage|p1b: Iron Jugulis|91\/100|[from] item: Life Orb\n|move|p2a: Talonflame|Tailwind|p2a: Talonflame\n|-sidestart|p2: Jacobnaut|move: Tailwind\n|cant|p2b: Garchomp|flinch\n|\n|upkeep\n|turn|4\n|inactive|Jacobnaut has 30 seconds left.\n|\n|t:|1683053416\n|move|p2b: Garchomp|Protect|p2b: Garchomp\n|-singleturn|p2b: Garchomp|Protect\n|move|p1a: him|Sucker Punch||[still]\n|-fail|p1a: him\n|move|p1b: Iron Jugulis|Dark Pulse|p2a: Talonflame\n|-damage|p2a: Talonflame|14\/100\n|-damage|p1b: Iron Jugulis|81\/100|[from] item: Life Orb\n|move|p2a: Talonflame|Flare Blitz|p1a: him\n|-damage|p1a: him|37\/100\n|-damage|p2a: Talonflame|0 fnt|[from] Recoil\n|faint|p2a: Talonflame\n|\n|-sideend|p1: hit my whip|move: Tailwind\n|upkeep\n|\n|t:|1683053438\n|switch|p2a: Tyranitar|Tyranitar, L50, M|100\/100\n|-weather|Sandstorm|[from] ability: Sand Stream|[of] p2a: Tyranitar\n|turn|5\n|\n|t:|1683053454\n|move|p1a: him|Sucker Punch||[still]\n|-fail|p1a: him\n|move|p2b: Garchomp|Swords Dance|p2b: Garchomp\n|-boost|p2b: Garchomp|atk|2\n|move|p1b: Iron Jugulis|Tailwind|p1b: Iron Jugulis\n|-sidestart|p1: hit my whip|move: Tailwind\n|move|p2a: Tyranitar|Rock Slide|p1b: Iron Jugulis|[spread] p1a,p1b\n|-supereffective|p1b: Iron Jugulis\n|-damage|p1a: him|0 fnt\n|-damage|p1b: Iron Jugulis|17\/100\n|faint|p1a: him\n|\n|-weather|Sandstorm|[upkeep]\n|-damage|p1b: Iron Jugulis|11\/100|[from] Sandstorm\n|upkeep\n|\n|t:|1683053458\n|switch|p1a: Big Iron|Iron Hands, L50|57\/100\n|-activate|p1a: Big Iron|ability: Quark Drive\n|-start|p1a: Big Iron|quarkdriveatk\n|turn|6\n|inactive|Jacobnaut has 30 seconds left.\n|\n|t:|1683053485\n|-terastallize|p2a: Tyranitar|Flying\n|move|p2b: Garchomp|Protect|p2b: Garchomp\n|-singleturn|p2b: Garchomp|Protect\n|move|p1b: Iron Jugulis|Dark Pulse|p2b: Garchomp\n|-activate|p2b: Garchomp|move: Protect\n|move|p2a: Tyranitar|Tera Blast|p1a: Big Iron\n|-damage|p1a: Big Iron|26\/100\n|move|p1a: Big Iron|Drain Punch|p2a: Tyranitar\n|-resisted|p2a: Tyranitar\n|-damage|p2a: Tyranitar|78\/100\n|-heal|p1a: Big Iron|36\/100|[from] drain|[of] p2a: Tyranitar\n|\n|-weather|Sandstorm|[upkeep]\n|-damage|p1b: Iron Jugulis|5\/100|[from] Sandstorm\n|-damage|p2a: Tyranitar|72\/100|[from] Sandstorm\n|-damage|p1a: Big Iron|29\/100|[from] Sandstorm\n|-sideend|p2: Jacobnaut|move: Tailwind\n|upkeep\n|turn|7\n|inactive|Jacobnaut has 30 seconds left.\n|inactive|Jacobnaut has 20 seconds left.\n|inactive|Jacobnaut has 15 seconds left.\n|inactive|Jacobnaut has 10 seconds left.\n|inactive|Jacobnaut has 5 seconds left.\n|\n|t:|1683053537\n|move|p1b: Iron Jugulis|Dark Pulse|p2b: Garchomp\n|-damage|p2b: Garchomp|0 fnt\n|faint|p2b: Garchomp\n|-damage|p1b: Iron Jugulis|0 fnt|[from] item: Life Orb\n|faint|p1b: Iron Jugulis\n|-end|p1b: Iron Jugulis|Quark Drive|[silent]\n|move|p1a: Big Iron|Wild Charge|p2a: Tyranitar\n|-supereffective|p2a: Tyranitar\n|-damage|p2a: Tyranitar|0 fnt\n|faint|p2a: Tyranitar\n|-damage|p1a: Big Iron|14\/100|[from] Recoil\n|\n|-weather|Sandstorm|[upkeep]\n|-damage|p1a: Big Iron|8\/100|[from] Sandstorm\n|upkeep\n|\n|t:|1683053547\n|switch|p2b: Lycanroc|Lycanroc, L50, M|100\/100\n|switch|p1b: Flutter Mane|Flutter Mane, L50|100\/100\n|-enditem|p1b: Flutter Mane|Booster Energy\n|-activate|p1b: Flutter Mane|ability: Protosynthesis|[fromitem]\n|-start|p1b: Flutter Mane|protosynthesisspe\n|turn|8\n|\n|t:|1683053556\n|-terastallize|p1b: Flutter Mane|Fairy\n|move|p2b: Lycanroc|Protect|p2b: Lycanroc\n|-singleturn|p2b: Lycanroc|Protect\n|move|p1b: Flutter Mane|Moonblast|p2b: Lycanroc\n|-activate|p2b: Lycanroc|move: Protect\n|move|p1a: Big Iron|Drain Punch|p2b: Lycanroc\n|-activate|p2b: Lycanroc|move: Protect\n|\n|-weather|Sandstorm|[upkeep]\n|-damage|p1b: Flutter Mane|94\/100|[from] Sandstorm\n|-damage|p1a: Big Iron|2\/100|[from] Sandstorm\n|-sideend|p1: hit my whip|move: Tailwind\n|upkeep\n|turn|9\n|\n|t:|1683053573\n|move|p1b: Flutter Mane|Protect|p1b: Flutter Mane\n|-singleturn|p1b: Flutter Mane|Protect\n|move|p2b: Lycanroc|Rock Slide|p1a: Big Iron|[spread] p1a\n|-activate|p1b: Flutter Mane|move: Protect\n|-resisted|p1a: Big Iron\n|-damage|p1a: Big Iron|0 fnt\n|faint|p1a: Big Iron\n|-end|p1a: Big Iron|Quark Drive|[silent]\n|\n|-weather|none\n|-fieldend|move: Electric Terrain\n|upkeep\n|turn|10\n|\n|t:|1683053584\n|move|p1b: Flutter Mane|Moonblast|p2b: Lycanroc\n|-crit|p2b: Lycanroc\n|-enditem|p2b: Lycanroc|Focus Sash\n|-damage|p2b: Lycanroc|1\/100\n|-unboost|p2b: Lycanroc|spa|1\n|move|p2b: Lycanroc|Endeavor|p1b: Flutter Mane\n|-damage|p1b: Flutter Mane|1\/100\n|\n|upkeep\n|turn|11\n|\n|t:|1683053594\n|move|p2b: Lycanroc|Accelerock|p1b: Flutter Mane\n|-damage|p1b: Flutter Mane|0 fnt\n|faint|p1b: Flutter Mane\n|-end|p1b: Flutter Mane|Protosynthesis|[silent]\n|\n|win|Jacobnaut\n|raw|hit my whip's rating: 1320 → 1298<\/strong> (-22 for losing)\n|raw|Jacobnaut's rating: 1286 → 1313<\/strong> (+27 for winning)\n|l|\u2606hit my whip\n","uploadtime":1683053614,"views":12,"p1id":"hitmywhip","p2id":"jacobnaut","formatid":"gen9vgc2023regulationc","rating":1298,"private":0,"password":""}