{"id":"gen9vgc2023regulationc-1849043392","p1":"leafyarrow","p2":"ILoveFurryOvO","format":"[Gen 9] VGC 2023 Regulation C","log":"|j|\u2606leafyarrow\n|j|\u2606ILoveFurryOvO\n|t:|1682144194\n|gametype|doubles\n|player|p1|leafyarrow|leaf-masters|\n|player|p2|ILoveFurryOvO|dawn-gen4pt|\n|teamsize|p1|6\n|teamsize|p2|6\n|gen|9\n|tier|[Gen 9] VGC 2023 Regulation C\n|rated|Tournament battle\n|rule|Species Clause: Limit one of each Pok\u00e9mon\n|rule|Item Clause: Limit one of each item\n|clearpoke\n|poke|p1|Flutter Mane, L50|\n|poke|p1|Palafin, L50, F|\n|poke|p1|Amoonguss, L50, M|\n|poke|p1|Ting-Lu, L50|\n|poke|p1|Arcanine, L50, F|\n|poke|p1|Jolteon, L50, F|\n|poke|p2|Wo-Chien, L50|\n|poke|p2|Glimmora, L50, F|\n|poke|p2|Ting-Lu, L50|\n|poke|p2|Arcanine, L50, F|\n|poke|p2|Grimmsnarl, L50, M|\n|poke|p2|Farigiraf, L50, F|\n|teampreview|4\n|raw| Open Team Sheet for leafyarrow<\/summary>Flutter Mane @ Choice Specs Ability: Protosynthesis Level: 50 Tera Type: Fairy - Moonblast - Dazzling Gleam - Shadow Ball - Power Gem Palafin @ Mystic Water Ability: Zero to Hero Level: 50 Tera Type: Water - Jet Punch - Wave Crash - Haze - Protect Amoonguss @ Sitrus Berry Ability: Regenerator Level: 50 Tera Type: Flying - Pollen Puff - Protect - Spore - Rage Powder Ting-Lu @ Assault Vest Ability: Vessel of Ruin Level: 50 Tera Type: Poison - Ruination - Stomping Tantrum - Heavy Slam - Earthquake Arcanine @ Safety Goggles Ability: Intimidate Level: 50 Tera Type: Grass - Flare Blitz - Will-O-Wisp - Protect - Extreme Speed Jolteon @ Focus Sash Ability: Volt Absorb Level: 50 Tera Type: Ghost - Thunderbolt - Shadow Ball - Baby-Doll Eyes - Fake Tears <\/details><\/div> Open Team Sheet for ILoveFurryOvO<\/summary>Wo-Chien @ Leftovers Ability: Tablets of Ruin Level: 50 Tera Type: Flying - Foul Play - Pollen Puff - Leech Seed - Protect Glimmora @ Focus Sash Ability: Toxic Debris Level: 50 Tera Type: Grass - Power Gem - Acid Armor - Mortal Spin - Protect Ting-Lu @ Assault Vest Ability: Vessel of Ruin Level: 50 Tera Type: Water - Snarl - Ruination - Heavy Slam - Sand Tomb Arcanine @ Wide Lens Ability: Intimidate Level: 50 Tera Type: Grass - Fire Spin - Will-O-Wisp - Morning Sun - Protect Grimmsnarl (M) @ Light Clay Ability: Prankster Level: 50 Tera Type: Steel - Spirit Break - Parting Shot - Reflect - Light Screen Farigiraf @ Sitrus Berry Ability: Armor Tail Level: 50 Tera Type: Normal - Night Shade - Mean Look - Wish - Future Sight <\/details><\/div>\n|\n|t:|1682144246\n|start\n|switch|p1a: Flutter Mane|Flutter Mane, L50|100\/100\n|switch|p1b: Jolteon|Jolteon, L50, F|100\/100\n|switch|p2a: Arcanine|Arcanine, L50, F|100\/100\n|switch|p2b: Grimmsnarl|Grimmsnarl, L50, M|100\/100\n|-ability|p2a: Arcanine|Intimidate|boost\n|-unboost|p1a: Flutter Mane|atk|1\n|-unboost|p1b: Jolteon|atk|1\n|turn|1\n|\n|t:|1682144290\n|-end|p1a: Flutter Mane|Protosynthesis|[silent]\n|switch|p1a: Palafin|Palafin, L50, F|100\/100\n|move|p1b: Jolteon|Baby-Doll Eyes|p2a: Arcanine\n|-unboost|p2a: Arcanine|atk|1\n|move|p2b: Grimmsnarl|Parting Shot|p1a: Palafin\n|-unboost|p1a: Palafin|atk|1\n|-unboost|p1a: Palafin|spa|1\n|\n|t:|1682144301\n|switch|p2b: Wo-Chien|Wo-Chien, L50|100\/100|[from] Parting Shot\n|-ability|p2b: Wo-Chien|Tablets of Ruin\n|move|p2a: Arcanine|Fire Spin|p1a: Palafin\n|-resisted|p1a: Palafin\n|-damage|p1a: Palafin|92\/100\n|-activate|p1a: Palafin|move: Fire Spin|[of] p2a: Arcanine\n|\n|-damage|p1a: Palafin|80\/100|[from] move: Fire Spin|[partiallytrapped]\n|upkeep\n|turn|2\n|\n|t:|1682144332\n|switch|p1b: Arcanine|Arcanine, L50, F|100\/100\n|-ability|p1b: Arcanine|Intimidate|boost\n|-unboost|p2a: Arcanine|atk|1\n|-unboost|p2b: Wo-Chien|atk|1\n|move|p1a: Palafin|Protect|p1a: Palafin\n|-singleturn|p1a: Palafin|Protect\n|move|p2a: Arcanine|Will-O-Wisp|p1a: Palafin\n|-activate|p1a: Palafin|move: Protect\n|move|p2b: Wo-Chien|Leech Seed|p1b: Arcanine\n|-start|p1b: Arcanine|move: Leech Seed\n|\n|-damage|p1b: Arcanine|88\/100|[from] Leech Seed|[of] p2b: Wo-Chien\n|-damage|p1a: Palafin|67\/100|[from] move: Fire Spin|[partiallytrapped]\n|upkeep\n|turn|3\n|\n|t:|1682144381\n|-terastallize|p1a: Palafin|Water\n|move|p1b: Arcanine|Extreme Speed|p2a: Arcanine\n|-damage|p2a: Arcanine|83\/100\n|move|p1a: Palafin|Wave Crash|p2a: Arcanine\n|-supereffective|p2a: Arcanine\n|-damage|p2a: Arcanine|0 fnt\n|faint|p2a: Arcanine\n|-damage|p1a: Palafin|41\/100|[from] Recoil\n|move|p2b: Wo-Chien|Leech Seed|p1a: Palafin\n|-start|p1a: Palafin|move: Leech Seed\n|\n|-damage|p1b: Arcanine|76\/100|[from] Leech Seed|[of] p2b: Wo-Chien\n|-damage|p1a: Palafin|28\/100|[from] Leech Seed|[of] p2b: Wo-Chien\n|-end|p1a: Palafin|Fire Spin|[partiallytrapped]|[silent]\n|upkeep\n|\n|t:|1682144400\n|switch|p2a: Grimmsnarl|Grimmsnarl, L50, M|100\/100\n|turn|4\n|\n|t:|1682144414\n|detailschange|p1a: Palafin|Palafin-Hero, L50, F, tera:Water\n|switch|p1a: Flutter Mane|Flutter Mane, L50|100\/100\n|move|p2a: Grimmsnarl|Reflect|p2a: Grimmsnarl\n|-sidestart|p2: ILoveFurryOvO|Reflect\n|move|p1b: Arcanine|Will-O-Wisp|p2a: Grimmsnarl\n|-status|p2a: Grimmsnarl|brn\n|move|p2b: Wo-Chien|Foul Play|p1b: Arcanine\n|-damage|p1b: Arcanine|40\/100\n|\n|-damage|p1b: Arcanine|28\/100|[from] Leech Seed|[of] p2b: Wo-Chien\n|-damage|p2a: Grimmsnarl|95\/100 brn|[from] brn\n|upkeep\n|turn|5\n|inactive|Battle timer is ON: inactive players will automatically lose when time's up. (requested by ILoveFurryOvO)\n|\n|t:|1682144465\n|-terastallize|p2b: Wo-Chien|Flying\n|move|p2a: Grimmsnarl|Parting Shot|p1a: Flutter Mane\n|-unboost|p1a: Flutter Mane|atk|1\n|-unboost|p1a: Flutter Mane|spa|1\n|\n|t:|1682144470\n|switch|p2a: Ting-Lu|Ting-Lu, L50|100\/100|[from] Parting Shot\n|-ability|p2a: Ting-Lu|Vessel of Ruin\n|move|p1a: Flutter Mane|Moonblast|p2a: Ting-Lu\n|-supereffective|p2a: Ting-Lu\n|-damage|p2a: Ting-Lu|68\/100\n|move|p1b: Arcanine|Flare Blitz|p2a: Ting-Lu\n|-damage|p2a: Ting-Lu|56\/100\n|-damage|p1b: Arcanine|23\/100|[from] Recoil\n|move|p2b: Wo-Chien|Leech Seed|p1a: Flutter Mane\n|-start|p1a: Flutter Mane|move: Leech Seed\n|\n|-damage|p1a: Flutter Mane|89\/100|[from] Leech Seed|[of] p2b: Wo-Chien\n|-damage|p1b: Arcanine|11\/100|[from] Leech Seed|[of] p2b: Wo-Chien\n|upkeep\n|turn|6\n|inactive|leafyarrow has 30 seconds left.\n|\n|t:|1682144499\n|-end|p1a: Flutter Mane|Protosynthesis|[silent]\n|switch|p1a: Jolteon|Jolteon, L50, F|100\/100\n|move|p1b: Arcanine|Will-O-Wisp|p2a: Ting-Lu\n|-status|p2a: Ting-Lu|brn\n|move|p2b: Wo-Chien|Pollen Puff|p2a: Ting-Lu\n|-heal|p2a: Ting-Lu|100\/100 brn\n|move|p2a: Ting-Lu|Sand Tomb|p1a: Jolteon\n|-supereffective|p1a: Jolteon\n|-damage|p1a: Jolteon|81\/100\n|-activate|p1a: Jolteon|move: Sand Tomb|[of] p2a: Ting-Lu\n|\n|-damage|p1b: Arcanine|0 fnt|[from] Leech Seed|[of] p2b: Wo-Chien\n|faint|p1b: Arcanine\n|-damage|p2a: Ting-Lu|94\/100 brn|[from] brn\n|-damage|p1a: Jolteon|69\/100|[from] move: Sand Tomb|[partiallytrapped]\n|upkeep\n|\n|t:|1682144517\n|switch|p1b: Palafin|Palafin-Hero, L50, F, tera:Water|28\/100\n|-activate|p1b: Palafin|ability: Zero to Hero\n|turn|7\n|inactive|leafyarrow has 30 seconds left.\n|\n|t:|1682144546\n|switch|p2a: Grimmsnarl|Grimmsnarl, L50, M|95\/100 brn\n|move|p1a: Jolteon|Fake Tears|p2b: Wo-Chien\n|-unboost|p2b: Wo-Chien|spd|2\n|move|p1b: Palafin|Wave Crash|p2a: Grimmsnarl\n|-damage|p2a: Grimmsnarl|19\/100 brn\n|-damage|p1b: Palafin|3\/100|[from] Recoil\n|move|p2b: Wo-Chien|Foul Play|p1b: Palafin\n|-damage|p1b: Palafin|0 fnt\n|faint|p1b: Palafin\n|\n|-damage|p2a: Grimmsnarl|13\/100 brn|[from] brn\n|-end|p1a: Jolteon|Sand Tomb|[partiallytrapped]|[silent]\n|upkeep\n|\n|t:|1682144557\n|switch|p1b: Flutter Mane|Flutter Mane, L50|89\/100\n|turn|8\n|inactive|leafyarrow has 30 seconds left.\n|\n|t:|1682144585\n|switch|p2b: Ting-Lu|Ting-Lu, L50|94\/100 brn\n|-ability|p2b: Ting-Lu|Vessel of Ruin\n|move|p2a: Grimmsnarl|Parting Shot|p1b: Flutter Mane\n|-unboost|p1b: Flutter Mane|atk|1\n|-unboost|p1b: Flutter Mane|spa|1\n|\n|t:|1682144592\n|switch|p2a: Wo-Chien|Wo-Chien, L50, tera:Flying|100\/100|[from] Parting Shot\n|-ability|p2a: Wo-Chien|Tablets of Ruin\n|move|p1a: Jolteon|Fake Tears|p2a: Wo-Chien\n|-unboost|p2a: Wo-Chien|spd|2\n|move|p1b: Flutter Mane|Moonblast|p2a: Wo-Chien\n|-damage|p2a: Wo-Chien|50\/100\n|\n|-heal|p2a: Wo-Chien|57\/100|[from] item: Leftovers\n|-damage|p2b: Ting-Lu|88\/100 brn|[from] brn\n|upkeep\n|turn|9\n|j| WeirdPolyCouple\n|inactive|ILoveFurryOvO has 30 seconds left.\n|\n|t:|1682144619\n|move|p1a: Jolteon|Fake Tears|p2b: Ting-Lu\n|-unboost|p2b: Ting-Lu|spd|2\n|move|p1b: Flutter Mane|Moonblast|p2b: Ting-Lu\n|-supereffective|p2b: Ting-Lu\n|-damage|p2b: Ting-Lu|28\/100 brn\n|move|p2a: Wo-Chien|Leech Seed|p1b: Flutter Mane\n|-start|p1b: Flutter Mane|move: Leech Seed\n|move|p2b: Ting-Lu|Heavy Slam|p1b: Flutter Mane\n|-supereffective|p1b: Flutter Mane\n|-damage|p1b: Flutter Mane|35\/100\n|\n|-heal|p2a: Wo-Chien|63\/100|[from] item: Leftovers\n|-damage|p1b: Flutter Mane|23\/100|[from] Leech Seed|[of] p2a: Wo-Chien\n|-heal|p2a: Wo-Chien|72\/100|[silent]\n|-damage|p2b: Ting-Lu|22\/100 brn|[from] brn\n|upkeep\n|turn|10\n|inactive|ILoveFurryOvO has 30 seconds left.\n|inactive|ILoveFurryOvO has 20 seconds left.\n|\n|t:|1682144659\n|switch|p2a: Grimmsnarl|Grimmsnarl, L50, M|13\/100 brn\n|move|p1a: Jolteon|Fake Tears|p2a: Grimmsnarl\n|-unboost|p2a: Grimmsnarl|spd|2\n|move|p1b: Flutter Mane|Moonblast|p2b: Ting-Lu\n|-supereffective|p2b: Ting-Lu\n|-damage|p2b: Ting-Lu|0 fnt\n|faint|p2b: Ting-Lu\n|\n|-damage|p1b: Flutter Mane|11\/100|[from] Leech Seed|[of] p2a: Grimmsnarl\n|-heal|p2a: Grimmsnarl|22\/100 brn|[silent]\n|-damage|p2a: Grimmsnarl|16\/100 brn|[from] brn\n|upkeep\n|\n|t:|1682144666\n|switch|p2b: Wo-Chien|Wo-Chien, L50, tera:Flying|72\/100\n|-ability|p2b: Wo-Chien|Tablets of Ruin\n|turn|11\n|\n|t:|1682144685\n|move|p2a: Grimmsnarl|Parting Shot|p1b: Flutter Mane\n|-unboost|p1b: Flutter Mane|atk|1\n|-unboost|p1b: Flutter Mane|spa|1\n|move|p1a: Jolteon|Fake Tears|p2b: Wo-Chien\n|-unboost|p2b: Wo-Chien|spd|2\n|move|p1b: Flutter Mane|Moonblast|p2a: Grimmsnarl\n|-supereffective|p2a: Grimmsnarl\n|-damage|p2a: Grimmsnarl|0 fnt\n|faint|p2a: Grimmsnarl\n|move|p2b: Wo-Chien|Foul Play|p1b: Flutter Mane\n|-damage|p1b: Flutter Mane|0 fnt\n|faint|p1b: Flutter Mane\n|-end|p1b: Flutter Mane|Protosynthesis|[silent]\n|\n|-heal|p2b: Wo-Chien|78\/100|[from] item: Leftovers\n|-sideend|p2: ILoveFurryOvO|Reflect\n|upkeep\n|turn|12\n|\n|t:|1682144706\n|move|p1a: Jolteon|Thunderbolt|p2b: Wo-Chien\n|-supereffective|p2b: Wo-Chien\n|-damage|p2b: Wo-Chien|0 fnt\n|faint|p2b: Wo-Chien\n|\n|win|leafyarrow\n|n|\u2606leafyarrow|leafyarrow\n|n|\u2606ILoveFurryOvO|ilovefurryovo\n|n| WeirdPolyCouple|weirdpolycouple\n","uploadtime":1682144711,"views":12,"p1id":"leafyarrow","p2id":"ilovefurryovo","formatid":"gen9vgc2023regulationc","rating":0,"private":0,"password":""}