{"id":"gen9vgc2023regulationc-1845869667","p1":"hash brown enjoyer","p2":"hancec","format":"[Gen 9] VGC 2023 Regulation C","log":"|j|\u2606hash brown enjoyer\n|j|\u2606hancec\n|t:|1681773475\n|gametype|doubles\n|player|p1|hash brown enjoyer|steven|1401\n|player|p2|hancec|gentleman-gen4dp|1435\n|teamsize|p1|6\n|teamsize|p2|6\n|gen|9\n|tier|[Gen 9] VGC 2023 Regulation C\n|rated|\n|rule|Species Clause: Limit one of each Pok\u00e9mon\n|rule|Item Clause: Limit one of each item\n|clearpoke\n|poke|p1|Ceruledge, L50, F|\n|poke|p1|Maushold, L50|\n|poke|p1|Amoonguss, L50, F|\n|poke|p1|Palafin, L50, M|\n|poke|p1|Kingambit, L50, M|\n|poke|p1|Chien-Pao, L50|\n|poke|p2|Murkrow, L50, F|\n|poke|p2|Iron Bundle, L50|\n|poke|p2|Chi-Yu, L50|\n|poke|p2|Gholdengo, L50|\n|poke|p2|Great Tusk, L50|\n|poke|p2|Farigiraf, L50, M|\n|teampreview|4\nhancec has agreed to open team sheets.\nhash brown enjoyer has agreed to open team sheets.\n|c|\u2606hancec|i also like hash browns a lot\n|c|\u2606hash brown enjoyer|thanks for supporting the movement\n|\n|t:|1681773517\n|start\n|switch|p1a: Ceruledge|Ceruledge, L50, F|100\/100\n|switch|p1b: Maushold|Maushold, L50|100\/100\n|switch|p2a: Murkrow|Murkrow, L50, F, shiny|100\/100\n|switch|p2b: Great Tusk|Great Tusk, L50|100\/100\n|turn|1\n|\n|t:|1681773549\n|-terastallize|p2b: Great Tusk|Ground\n|-terastallize|p1a: Ceruledge|Bug\n|move|p1b: Maushold|Follow Me|p1b: Maushold\n|-singleturn|p1b: Maushold|move: Follow Me\n|move|p2a: Murkrow|Sunny Day|p2a: Murkrow\n|-weather|SunnyDay\n|-activate|p2b: Great Tusk|ability: Protosynthesis\n|-start|p2b: Great Tusk|protosynthesisatk\n|move|p2b: Great Tusk|Earthquake|p1b: Maushold|[spread] p1a,p1b\n|-immune|p2a: Murkrow\n|-resisted|p1a: Ceruledge\n|-damage|p1a: Ceruledge|69\/100\n|-damage|p1b: Maushold|7\/100\n|move|p1a: Ceruledge|Bitter Blade|p2b: Great Tusk\n|-damage|p2b: Great Tusk|43\/100\n|-heal|p1a: Ceruledge|100\/100|[from] drain|[of] p2b: Great Tusk\n|\n|-weather|SunnyDay|[upkeep]\n|upkeep\n|turn|2\n|\n|t:|1681773608\n|-end|p2b: Great Tusk|Protosynthesis|[silent]\n|switch|p2b: Chi-Yu|Chi-Yu, L50|100\/100\n|-ability|p2b: Chi-Yu|Beads of Ruin\n|move|p1b: Maushold|Follow Me|p1b: Maushold\n|-singleturn|p1b: Maushold|move: Follow Me\n|move|p2a: Murkrow|Brave Bird|p1b: Maushold\n|-crit|p1b: Maushold\n|-damage|p1b: Maushold|0 fnt\n|faint|p1b: Maushold\n|-damage|p2a: Murkrow|98\/100|[from] Recoil\n|move|p1a: Ceruledge|Bitter Blade|p2b: Chi-Yu\n|-resisted|p2b: Chi-Yu\n|-damage|p2b: Chi-Yu|52\/100\n|\n|-weather|SunnyDay|[upkeep]\n|upkeep\n|\n|t:|1681773625\n|switch|p1b: Amoonguss|Amoonguss, L50, F|100\/100\n|turn|3\n|\n|t:|1681773644\n|move|p2b: Chi-Yu|Protect|p2b: Chi-Yu\n|-singleturn|p2b: Chi-Yu|Protect\n|move|p1b: Amoonguss|Protect|p1b: Amoonguss\n|-singleturn|p1b: Amoonguss|Protect\n|move|p2a: Murkrow|Tailwind|p2a: Murkrow\n|-sidestart|p2: hancec|move: Tailwind\n|move|p1a: Ceruledge|Bulk Up|p1a: Ceruledge\n|-boost|p1a: Ceruledge|atk|1\n|-boost|p1a: Ceruledge|def|1\n|\n|-weather|SunnyDay|[upkeep]\n|upkeep\n|turn|4\n|\n|t:|1681773675\n|move|p1b: Amoonguss|Rage Powder|p1b: Amoonguss\n|-singleturn|p1b: Amoonguss|move: Rage Powder\n|move|p2a: Murkrow|Haze|p2a: Murkrow\n|-clearallboost\n|move|p2b: Chi-Yu|Overheat|p1b: Amoonguss\n|-supereffective|p1b: Amoonguss\n|-damage|p1b: Amoonguss|0 fnt\n|-unboost|p2b: Chi-Yu|spa|2\n|faint|p1b: Amoonguss\n|move|p1a: Ceruledge|Bitter Blade|p2b: Chi-Yu\n|-resisted|p2b: Chi-Yu\n|-damage|p2b: Chi-Yu|6\/100\n|\n|-weather|SunnyDay|[upkeep]\n|upkeep\n|\n|t:|1681773687\n|switch|p1b: Kingambit|Kingambit, L50, M|100\/100\n|turn|5\n|\n|t:|1681773697\n|move|p2b: Chi-Yu|Protect|p2b: Chi-Yu\n|-singleturn|p2b: Chi-Yu|Protect\n|move|p1a: Ceruledge|Shadow Sneak|p2b: Chi-Yu\n|-activate|p2b: Chi-Yu|move: Protect\n|move|p2a: Murkrow|Brave Bird|p1a: Ceruledge\n|-supereffective|p1a: Ceruledge\n|-damage|p1a: Ceruledge|0 fnt\n|faint|p1a: Ceruledge\n|-damage|p2a: Murkrow|55\/100|[from] Recoil\n|move|p1b: Kingambit|Iron Head|p2a: Murkrow\n|-damage|p2a: Murkrow|0 fnt\n|faint|p2a: Murkrow\n|\n|-weather|none\n|upkeep\n|\n|t:|1681773705\n|switch|p2a: Great Tusk|Great Tusk, L50, tera:Ground|43\/100\n|turn|6\n|\n|t:|1681773717\n|switch|p2b: Gholdengo|Gholdengo, L50|100\/100\n|move|p2a: Great Tusk|Protect|p2a: Great Tusk\n|-singleturn|p2a: Great Tusk|Protect\n|move|p1b: Kingambit|Sucker Punch||[still]\n|-fail|p1b: Kingambit\n|\n|-sideend|p2: hancec|move: Tailwind\n|upkeep\n|turn|7\n|\n|t:|1681773730\n|move|p1b: Kingambit|Sucker Punch|p2a: Great Tusk\n|-crit|p2a: Great Tusk\n|-damage|p2a: Great Tusk|0 fnt\n|faint|p2a: Great Tusk\n|-end|p2a: Great Tusk|Protosynthesis|[silent]\n|move|p2b: Gholdengo|Trick|p1b: Kingambit\n|-activate|p2b: Gholdengo|move: Trick|[of] p1b: Kingambit\n|-item|p1b: Kingambit|Choice Specs|[from] move: Trick\n|-item|p2b: Gholdengo|Assault Vest|[from] move: Trick\n|\n|upkeep\n|\n|t:|1681773733\n|switch|p2a: Chi-Yu|Chi-Yu, L50|6\/100\n|-ability|p2a: Chi-Yu|Beads of Ruin\n|turn|8\n|\n|t:|1681773748\n|move|p2a: Chi-Yu|Protect|p2a: Chi-Yu\n|-singleturn|p2a: Chi-Yu|Protect\n|move|p1b: Kingambit|Sucker Punch||[still]\n|-fail|p1b: Kingambit\n|move|p2b: Gholdengo|Thunderbolt|p1b: Kingambit\n|-damage|p1b: Kingambit|56\/100\n|\n|upkeep\n|turn|9\n|\n|t:|1681773760\n|move|p1b: Kingambit|Sucker Punch|p2a: Chi-Yu\n|-resisted|p2a: Chi-Yu\n|-damage|p2a: Chi-Yu|0 fnt\n|faint|p2a: Chi-Yu\n|move|p2b: Gholdengo|Thunderbolt|p1b: Kingambit\n|-damage|p1b: Kingambit|22\/100\n|\n|upkeep\n|turn|10\n|\n|t:|1681773764\n|move|p1b: Kingambit|Sucker Punch|p2b: Gholdengo\n|-supereffective|p2b: Gholdengo\n|-damage|p2b: Gholdengo|7\/100\n|move|p2b: Gholdengo|Thunderbolt|p1b: Kingambit\n|-damage|p1b: Kingambit|0 fnt\n|faint|p1b: Kingambit\n|\n|win|hancec\n|raw|hash brown enjoyer's rating: 1401 → 1383<\/strong> (-18 for losing)\n|raw|hancec's rating: 1435 → 1453<\/strong> (+18 for winning)\n","uploadtime":1681773769,"views":7,"p1id":"hashbrownenjoyer","p2id":"hancec","formatid":"gen9vgc2023regulationc","rating":1383,"private":0,"password":""}