{"id":"gen9vgc2023regulationc-1854670696","p1":"AfuroVictini","p2":"guccijeff","format":"[Gen 9] VGC 2023 Regulation C","log":"|j|\u2606AfuroVictini\n|j|\u2606guccijeff\n|t:|1682847402\n|gametype|doubles\n|player|p1|AfuroVictini|lillie-masters2|\n|player|p2|guccijeff|poppy|\n|teamsize|p1|6\n|teamsize|p2|6\n|gen|9\n|tier|[Gen 9] VGC 2023 Regulation C\n|rule|Species Clause: Limit one of each Pok\u00e9mon\n|rule|Item Clause: Limit one of each item\n|clearpoke\n|poke|p1|Amoonguss, L50, F|\n|poke|p1|Chi-Yu, L50|\n|poke|p1|Azumarill, L50, M|\n|poke|p1|Volcarona, L50, M|\n|poke|p1|Dragapult, L50, M|\n|poke|p1|Flutter Mane, L50|\n|poke|p2|Annihilape, L50, M|\n|poke|p2|Chien-Pao, L50|\n|poke|p2|Great Tusk, L50|\n|poke|p2|Iron Hands, L50|\n|poke|p2|Amoonguss, L50, F|\n|poke|p2|Flutter Mane, L50|\n|teampreview|4\nguccijeff has agreed to open team sheets.\n|c|\u2606guccijeff|que comience la batalla de todos los tiempos\n|c|\u2606AfuroVictini|vamos\n|\n|t:|1682847519\n|start\n|switch|p1a: Yoimiya|Chi-Yu, L50|100\/100\n|switch|p1b: Flutter Mane|Flutter Mane, L50|100\/100\n|switch|p2a: Iron Thighs|Iron Hands, L50|100\/100\n|switch|p2b: Melenapadreo|Flutter Mane, L50|100\/100\n|-ability|p1a: Yoimiya|Beads of Ruin\n|-enditem|p2b: Melenapadreo|Booster Energy\n|-activate|p2b: Melenapadreo|ability: Protosynthesis|[fromitem]\n|-start|p2b: Melenapadreo|protosynthesisspe\n|-enditem|p1b: Flutter Mane|Booster Energy\n|-activate|p1b: Flutter Mane|ability: Protosynthesis|[fromitem]\n|-start|p1b: Flutter Mane|protosynthesisspe\n|turn|1\n|\n|t:|1682847561\n|-terastallize|p2b: Melenapadreo|Fairy\n|move|p2a: Iron Thighs|Fake Out|p1a: Yoimiya\n|-damage|p1a: Yoimiya|74\/100\n|move|p2b: Melenapadreo|Shadow Ball|p1b: Flutter Mane\n|-supereffective|p1b: Flutter Mane\n|-damage|p1b: Flutter Mane|0 fnt\n|faint|p1b: Flutter Mane\n|-end|p1b: Flutter Mane|Protosynthesis|[silent]\n|cant|p1a: Yoimiya|flinch\n|\n|upkeep\n|c|\u2606AfuroVictini|venga\n|c|\u2606AfuroVictini|he perdido en todo\n|\n|t:|1682847575\n|switch|p1b: Amoonguss|Amoonguss, L50, F|100\/100\n|turn|2\n|c|\u2606guccijeff|como\n|c|\u2606guccijeff|como es tu flutter mane mas lento\n|c|\u2606AfuroVictini|speed tie\n|c|\u2606AfuroVictini|lo has ganado xd\n|c|\u2606guccijeff|pero si el mio tiene menos evs de velocidad a posta\n|c|\u2606AfuroVictini|que\n|c|\u2606guccijeff|para tener m\u00e1s bulk\n|c|\u2606AfuroVictini|no puede ser\n|c|\u2606guccijeff|EVs: 124 HP \/ 252 SpA \/ 132 Spe\n|c|\u2606AfuroVictini|ni idea de que hice\n|c|\u2606guccijeff|revisa los evs por si acaso\n|c|\u2606AfuroVictini|...\n|c|\u2606AfuroVictini|12 spe\n|c|\u2606AfuroVictini|AJSDJAJDS\n|c|\u2606AfuroVictini|que me fume\n|\n|t:|1682847672\n|-terastallize|p1a: Yoimiya|Grass\n|move|p1b: Amoonguss|Rage Powder|p1b: Amoonguss\n|-singleturn|p1b: Amoonguss|move: Rage Powder\n|move|p2b: Melenapadreo|Shadow Ball|p1b: Amoonguss\n|-damage|p1b: Amoonguss|47\/100\n|move|p1a: Yoimiya|Tera Blast|p2b: Melenapadreo\n|-damage|p2b: Melenapadreo|39\/100\n|move|p2a: Iron Thighs|Drain Punch|p1b: Amoonguss\n|-resisted|p1b: Amoonguss\n|-damage|p1b: Amoonguss|28\/100\n|\n|-heal|p1b: Amoonguss|34\/100|[from] item: Black Sludge\n|upkeep\n|turn|3\n|c|\u2606AfuroVictini|le puse todo a bulk en ver de al reces\n|\n|t:|1682847697\n|move|p2b: Melenapadreo|Protect|p2b: Melenapadreo\n|-singleturn|p2b: Melenapadreo|Protect\n|move|p1b: Amoonguss|Rage Powder|p1b: Amoonguss\n|-singleturn|p1b: Amoonguss|move: Rage Powder\n|move|p1a: Yoimiya|Tera Blast|p2b: Melenapadreo\n|-activate|p2b: Melenapadreo|move: Protect\n|move|p2a: Iron Thighs|Volt Switch|p1b: Amoonguss\n|-resisted|p1b: Amoonguss\n|-damage|p1b: Amoonguss|26\/100\n|\n|t:|1682847710\n|-end|p2a: Iron Thighs|Quark Drive|[silent]\n|switch|p2a: violence \/pos|Chien-Pao, L50|100\/100|[from] Volt Switch\n|-ability|p2a: violence \/pos|Sword of Ruin\n|\n|-heal|p1b: Amoonguss|32\/100|[from] item: Black Sludge\n|upkeep\n|turn|4\n|\n|t:|1682847727\n|switch|p1a: Azumarill|Azumarill, L50, M|100\/100\n|move|p2b: Melenapadreo|Shadow Ball|p1a: Azumarill\n|-damage|p1a: Azumarill|72\/100\n|-unboost|p1a: Azumarill|spd|1\n|move|p2a: violence \/pos|Ice Spinner|p1b: Amoonguss\n|-supereffective|p1b: Amoonguss\n|-damage|p1b: Amoonguss|0 fnt\n|faint|p1b: Amoonguss\n|\n|upkeep\n|\n|t:|1682847729\n|switch|p1b: Yoimiya|Chi-Yu, L50, tera:Grass|74\/100\n|-ability|p1b: Yoimiya|Beads of Ruin\n|turn|5\n|\n|t:|1682847759\n|move|p2b: Melenapadreo|Protect|p2b: Melenapadreo\n|-singleturn|p2b: Melenapadreo|Protect\n|move|p2a: violence \/pos|Sucker Punch|p1b: Yoimiya\n|-damage|p1b: Yoimiya|0 fnt\n|faint|p1b: Yoimiya\n|move|p1a: Azumarill|Aqua Jet|p2b: Melenapadreo\n|-activate|p2b: Melenapadreo|move: Protect\n|\n|upkeep\n|turn|6\n|c|\u2606AfuroVictini|na tio\n|c|\u2606AfuroVictini|me rindo\n|-message|AfuroVictini forfeited.\n|\n|win|guccijeff\n|l|\u2606AfuroVictini\n","uploadtime":1682847781,"views":13,"p1id":"afurovictini","p2id":"guccijeff","formatid":"gen9vgc2023regulationc","rating":0,"private":0,"password":""}