{"id":"gen9vgc2023regulationc-1851767618","p1":"FriscoFrank98","p2":"metalgymleader","format":"[Gen 9] VGC 2023 Regulation C","log":"|j|\u2606FriscoFrank98\n|j|\u2606metalgymleader\n|t:|1682480451\n|gametype|doubles\n|player|p1|FriscoFrank98|cynthia-gen4|1037\n|player|p2|metalgymleader|266|1041\n|teamsize|p1|6\n|teamsize|p2|6\n|gen|9\n|tier|[Gen 9] VGC 2023 Regulation C\n|rated|\n|rule|Species Clause: Limit one of each Pok\u00e9mon\n|rule|Item Clause: Limit one of each item\n|clearpoke\n|poke|p1|Amoonguss, L50, F|\n|poke|p1|Gholdengo, L50|\n|poke|p1|Espathra, L50, M|\n|poke|p1|Ting-Lu, L50|\n|poke|p1|Kingambit, L50, M|\n|poke|p1|Indeedee, L50, M|\n|poke|p2|Murkrow, L50, M|\n|poke|p2|Rotom-Wash, L50|\n|poke|p2|Iron Bundle, L50|\n|poke|p2|Arcanine, L50, M|\n|poke|p2|Gastrodon, L50, F|\n|poke|p2|Iron Hands, L50|\n|teampreview|4\n|\n|t:|1682480484\n|start\n|switch|p1a: Indeedee|Indeedee, L50, M|100\/100\n|switch|p1b: Ting-Lu|Ting-Lu, L50|100\/100\n|switch|p2a: Arcanine|Arcanine, L50, M|100\/100\n|switch|p2b: Iron Bundle|Iron Bundle, L50|100\/100\n|-ability|p2a: Arcanine|Intimidate|boost\n|-unboost|p1a: Indeedee|atk|1\n|-unboost|p1b: Ting-Lu|atk|1\n|-fieldstart|move: Psychic Terrain|[from] ability: Psychic Surge|[of] p1a: Indeedee\n|-ability|p1b: Ting-Lu|Vessel of Ruin\n|turn|1\n|inactive|Battle timer is ON: inactive players will automatically lose when time's up. (requested by FriscoFrank98)\n|inactive|metalgymleader has 60 seconds left.\n|\n|t:|1682480527\n|-terastallize|p2a: Arcanine|Water\n|move|p2b: Iron Bundle|Flip Turn|p1b: Ting-Lu\n|-supereffective|p1b: Ting-Lu\n|-damage|p1b: Ting-Lu|78\/100\n|\n|t:|1682480535\n|-end|p2b: Iron Bundle|Quark Drive|[silent]\n|switch|p2b: Rotom|Rotom-Wash, L50|100\/100|[from] Flip Turn\n|move|p2a: Arcanine|Wild Charge|p1a: Indeedee\n|-damage|p1a: Indeedee|32\/100\n|-damage|p2a: Arcanine|89\/100|[from] Recoil\n|move|p1b: Ting-Lu|Rock Slide|p2a: Arcanine|[spread] p2a,p2b\n|-damage|p2a: Arcanine|78\/100\n|-damage|p2b: Rotom|87\/100\n|move|p1a: Indeedee|Trick Room|p1a: Indeedee\n|-fieldstart|move: Trick Room|[of] p1a: Indeedee\n|\n|upkeep\n|turn|2\n|inactive|FriscoFrank98 has 30 seconds left.\n|\n|t:|1682480568\n|move|p2a: Arcanine|Protect|p2a: Arcanine\n|-singleturn|p2a: Arcanine|Protect\n|move|p1b: Ting-Lu|Ruination|p2b: Rotom\n|-damage|p2b: Rotom|44\/100\n|move|p1a: Indeedee|Dazzling Gleam|p2b: Rotom|[spread] p2b\n|-activate|p2a: Arcanine|move: Protect\n|-damage|p2b: Rotom|26\/100\n|move|p2b: Rotom|Thunderbolt|p1a: Indeedee\n|-damage|p1a: Indeedee|0 fnt\n|faint|p1a: Indeedee\n|\n|upkeep\n|\n|t:|1682480583\n|switch|p1a: Espathra|Espathra, L50, M|100\/100\n|turn|3\n|inactive|FriscoFrank98 has 30 seconds left.\n|inactive|FriscoFrank98 has 20 seconds left.\n|inactive|FriscoFrank98 has 15 seconds left.\n|inactive|FriscoFrank98 has 10 seconds left.\n|\n|t:|1682480628\n|-terastallize|p1a: Espathra|Psychic\n|move|p1b: Ting-Lu|Ruination|p2a: Arcanine\n|-damage|p2a: Arcanine|40\/100\n|-enditem|p2a: Arcanine|Sitrus Berry|[eat]\n|-heal|p2a: Arcanine|64\/100|[from] item: Sitrus Berry\n|move|p2a: Arcanine|Flare Blitz|p1a: Espathra\n|-damage|p1a: Espathra|43\/100\n|-damage|p2a: Arcanine|46\/100|[from] Recoil\n|move|p1a: Espathra|Lumina Crash|p2a: Arcanine\n|-damage|p2a: Arcanine|6\/100\n|-unboost|p2a: Arcanine|spd|2\n|move|p2b: Rotom|Thunderbolt|p1a: Espathra\n|-damage|p1a: Espathra|0 fnt\n|faint|p1a: Espathra\n|\n|upkeep\n|\n|t:|1682480645\n|switch|p1a: Gholdengo|Gholdengo, L50|100\/100\n|turn|4\n|\n|t:|1682480659\n|move|p1b: Ting-Lu|Rock Slide|p2a: Arcanine|[spread] p2a,p2b\n|-crit|p2b: Rotom\n|-damage|p2a: Arcanine|0 fnt\n|-damage|p2b: Rotom|0 fnt\n|faint|p2a: Arcanine\n|faint|p2b: Rotom\n|move|p1a: Gholdengo|Make It Rain|p2: Arcanine|[notarget]\n|-fail|p1a: Gholdengo\n|\n|upkeep\n|\n|t:|1682480668\n|switch|p2a: Iron Bundle|Iron Bundle, L50|100\/100\n|switch|p2b: Iron Hands|Iron Hands, L50|100\/100\n|turn|5\n|inactive|FriscoFrank98 has 30 seconds left.\n|inactive|FriscoFrank98 has 20 seconds left.\n|inactive|FriscoFrank98 has 15 seconds left.\n|\n|t:|1682480710\n|move|p1b: Ting-Lu|Ruination|p2b: Iron Hands|[miss]\n|-miss|p1b: Ting-Lu|p2b: Iron Hands\n|move|p2b: Iron Hands|Drain Punch|p1b: Ting-Lu\n|-supereffective|p1b: Ting-Lu\n|-damage|p1b: Ting-Lu|22\/100\n|move|p1a: Gholdengo|Make It Rain|p2a: Iron Bundle|[spread] p2a,p2b\n|-resisted|p2b: Iron Hands\n|-damage|p2a: Iron Bundle|20\/100\n|-damage|p2b: Iron Hands|91\/100\n|-unboost|p1a: Gholdengo|spa|1\n|move|p2a: Iron Bundle|Flip Turn|p1b: Ting-Lu\n|-supereffective|p1b: Ting-Lu\n|-damage|p1b: Ting-Lu|0 fnt\n|faint|p1b: Ting-Lu\n|\n|-fieldend|move: Trick Room\n|-fieldend|move: Psychic Terrain\n|upkeep\n|turn|6\n|inactive|metalgymleader has 30 seconds left.\n|\n|t:|1682480737\n|move|p2a: Iron Bundle|Flip Turn|p1a: Gholdengo\n|-damage|p1a: Gholdengo|81\/100\n|move|p1a: Gholdengo|Make It Rain|p2a: Iron Bundle|[spread] p2a,p2b\n|-resisted|p2b: Iron Hands\n|-damage|p2a: Iron Bundle|0 fnt\n|-damage|p2b: Iron Hands|82\/100\n|-unboost|p1a: Gholdengo|spa|1\n|faint|p2a: Iron Bundle\n|-end|p2a: Iron Bundle|Quark Drive|[silent]\n|move|p2b: Iron Hands|Thunder Punch|p1a: Gholdengo\n|-damage|p1a: Gholdengo|34\/100\n|\n|upkeep\n|turn|7\n|\n|t:|1682480753\n|move|p1a: Gholdengo|Protect|p1a: Gholdengo\n|-singleturn|p1a: Gholdengo|Protect\n|move|p2b: Iron Hands|Thunder Punch|p1a: Gholdengo\n|-activate|p1a: Gholdengo|move: Protect\n|\n|upkeep\n|turn|8\n|-message|FriscoFrank98 forfeited.\n|\n|win|metalgymleader\n|raw|FriscoFrank98's rating: 1037 → 1022<\/strong> (-15 for losing)\n|raw|metalgymleader's rating: 1041 → 1074<\/strong> (+33 for winning)\n|l|\u2606FriscoFrank98\n","uploadtime":1682480860,"views":13,"p1id":"friscofrank98","p2id":"metalgymleader","formatid":"gen9vgc2023regulationc","rating":1022,"private":0,"password":""}