{"id":"gen9vgc2023regulationc-1859698604","p1":"tyo","p2":"TeamPlasmaSavior","format":"[Gen 9] VGC 2023 Regulation C","log":"|j|\u2606tyo\n|j|\u2606TeamPlasmaSavior\n|t:|1683557091\n|gametype|doubles\n|player|p1|tyo|#vgcwlzoruas|\n|player|p2|TeamPlasmaSavior|youngn|\n|teamsize|p1|6\n|teamsize|p2|6\n|gen|9\n|tier|[Gen 9] VGC 2023 Regulation C\n|rated|Tournament battle\n|rule|Species Clause: Limit one of each Pok\u00e9mon\n|rule|Item Clause: Limit one of each item\n|clearpoke\n|poke|p1|Palafin, L50, F|\n|poke|p1|Arcanine, L50, F|\n|poke|p1|Amoonguss, L50, M|\n|poke|p1|Ting-Lu, L50|\n|poke|p1|Baxcalibur, L50, F|\n|poke|p1|Flutter Mane, L50|\n|poke|p2|Chien-Pao, L50|\n|poke|p2|Chi-Yu, L50|\n|poke|p2|Dragapult, L50, F|\n|poke|p2|Flutter Mane, L50|\n|poke|p2|Talonflame, L50, M|\n|poke|p2|Great Tusk, L50|\n|teampreview|4\n|raw| Open Team Sheet for tyo<\/summary>Palafin @ Mystic Water Ability: Zero to Hero Level: 50 Tera Type: Water - Protect - Wave Crash - Taunt - Jet Punch Arcanine @ Safety Goggles Ability: Intimidate Level: 50 Tera Type: Flying - Extreme Speed - Flare Blitz - Howl - Will-O-Wisp Amoonguss @ Sitrus Berry Ability: Regenerator Level: 50 Tera Type: Water - Spore - Pollen Puff - Clear Smog - Rage Powder Ting-Lu @ Assault Vest Ability: Vessel of Ruin Level: 50 Tera Type: Fairy - Stomping Tantrum - Ruination - Heavy Slam - Sand Tomb Baxcalibur @ Clear Amulet Ability: Thermal Exchange Level: 50 Tera Type: Poison - Protect - Icicle Crash - Glaive Rush - Ice Shard Flutter Mane @ Choice Specs Ability: Protosynthesis Level: 50 Tera Type: Fairy - Dazzling Gleam - Shadow Ball - Moonblast - Thunderbolt <\/details><\/div> Open Team Sheet for TeamPlasmaSavior<\/summary>Chien-Pao @ Focus Sash Ability: Sword of Ruin Level: 50 Tera Type: Ghost - Ice Spinner - Sacred Sword - Sucker Punch - Protect Chi-Yu @ Choice Scarf Ability: Beads of Ruin Level: 50 Tera Type: Grass - Overheat - Heat Wave - Dark Pulse - Tera Blast Dragapult @ Choice Band Ability: Clear Body Level: 50 Tera Type: Dragon - Dragon Darts - Outrage - Phantom Force - U-turn Flutter Mane @ Choice Specs Ability: Protosynthesis Level: 50 Tera Type: Water - Shadow Ball - Dazzling Gleam - Tera Blast - Thunderbolt Talonflame @ Sitrus Berry Ability: Gale Wings Level: 50 Tera Type: Steel - Brave Bird - Tailwind - Sunny Day - Quick Guard Great Tusk @ Life Orb Ability: Protosynthesis Level: 50 Hidden Power: Fighting Tera Type: Ground - Headlong Rush - Earthquake - Close Combat - Protect <\/details><\/div>\n|inactive|Battle timer is ON: inactive players will automatically lose when time's up. (requested by tyo)\n|j| CyborgCrafter\n|\n|t:|1683557117\n|start\n|switch|p1a: Ting-Lu|Ting-Lu, L50|100\/100\n|switch|p1b: Palafin|Palafin, L50, F|100\/100\n|switch|p2a: Talonflame|Talonflame, L50, M|100\/100\n|switch|p2b: Great Tusk|Great Tusk, L50|100\/100\n|-ability|p1a: Ting-Lu|Vessel of Ruin\n|turn|1\n|inactive|tyo has 30 seconds left.\n|inactive|TeamPlasmaSavior has 30 seconds left.\n|\n|t:|1683557152\n|detailschange|p1b: Palafin|Palafin-Hero, L50, F\n|switch|p1b: Arcanine|Arcanine, L50, F|100\/100\n|-ability|p1b: Arcanine|Intimidate|boost\n|-unboost|p2a: Talonflame|atk|1\n|-unboost|p2b: Great Tusk|atk|1\n|-terastallize|p1a: Ting-Lu|Fairy\n|move|p2a: Talonflame|Sunny Day|p2a: Talonflame\n|-weather|SunnyDay\n|-activate|p2b: Great Tusk|ability: Protosynthesis\n|-start|p2b: Great Tusk|protosynthesisspe\n|move|p2b: Great Tusk|Close Combat|p1a: Ting-Lu\n|-resisted|p1a: Ting-Lu\n|-damage|p1a: Ting-Lu|84\/100\n|-unboost|p2b: Great Tusk|def|1\n|-unboost|p2b: Great Tusk|spd|1\n|-damage|p2b: Great Tusk|90\/100|[from] item: Life Orb\n|move|p1a: Ting-Lu|Sand Tomb|p2b: Great Tusk\n|-damage|p2b: Great Tusk|73\/100\n|-activate|p2b: Great Tusk|move: Sand Tomb|[of] p1a: Ting-Lu\n|\n|-weather|SunnyDay|[upkeep]\n|-damage|p2b: Great Tusk|61\/100|[from] move: Sand Tomb|[partiallytrapped]\n|upkeep\n|turn|2\n|j| No1OhioVGC\n|inactive|tyo has 30 seconds left.\n|inactive|tyo has 20 seconds left.\n|l| No1OhioVGC\n|inactive|tyo has 15 seconds left.\n|inactive|tyo has 10 seconds left.\n|\n|t:|1683557200\n|move|p1b: Arcanine|Extreme Speed|p2a: Talonflame\n|-damage|p2a: Talonflame|72\/100\n|move|p2b: Great Tusk|Headlong Rush|p1b: Arcanine\n|-supereffective|p1b: Arcanine\n|-damage|p1b: Arcanine|0 fnt\n|-unboost|p2b: Great Tusk|def|1\n|-unboost|p2b: Great Tusk|spd|1\n|faint|p1b: Arcanine\n|-damage|p2b: Great Tusk|51\/100|[from] item: Life Orb\n|move|p2a: Talonflame|Tailwind|p2a: Talonflame\n|-sidestart|p2: TeamPlasmaSavior|move: Tailwind\n|move|p1a: Ting-Lu|Ruination|p2b: Great Tusk\n|-damage|p2b: Great Tusk|26\/100\n|\n|-weather|SunnyDay|[upkeep]\n|-damage|p2b: Great Tusk|14\/100|[from] move: Sand Tomb|[partiallytrapped]\n|upkeep\n|\n|t:|1683557206\n|switch|p1b: Palafin|Palafin-Hero, L50, F|100\/100\n|-activate|p1b: Palafin|ability: Zero to Hero\n|turn|3\n|inactive|TeamPlasmaSavior has 30 seconds left.\n|inactive|TeamPlasmaSavior has 20 seconds left.\n|inactive|TeamPlasmaSavior has 15 seconds left.\n|\n|t:|1683557248\n|move|p1b: Palafin|Protect|p1b: Palafin\n|-singleturn|p1b: Palafin|Protect\n|move|p2a: Talonflame|Quick Guard|p2a: Talonflame\n|-singleturn|p2a: Talonflame|Quick Guard\n|move|p2b: Great Tusk|Close Combat|p1b: Palafin\n|-activate|p1b: Palafin|move: Protect\n|move|p1a: Ting-Lu|Stomping Tantrum|p2b: Great Tusk\n|-damage|p2b: Great Tusk|0 fnt\n|faint|p2b: Great Tusk\n|-end|p2b: Great Tusk|Protosynthesis|[silent]\n|\n|-weather|SunnyDay|[upkeep]\n|upkeep\n|\n|t:|1683557254\n|switch|p2b: Chi-Yu|Chi-Yu, L50|100\/100\n|-ability|p2b: Chi-Yu|Beads of Ruin\n|turn|4\n|\n|t:|1683557263\n|-terastallize|p2b: Chi-Yu|Grass\n|move|p2b: Chi-Yu|Tera Blast|p1b: Palafin\n|-supereffective|p1b: Palafin\n|-damage|p1b: Palafin|24\/100\n|move|p2a: Talonflame|Brave Bird|p1a: Ting-Lu\n|-damage|p1a: Ting-Lu|70\/100\n|-damage|p2a: Talonflame|66\/100|[from] Recoil\n|move|p1b: Palafin|Wave Crash|p2a: Talonflame\n|-supereffective|p2a: Talonflame\n|-damage|p2a: Talonflame|0 fnt\n|faint|p2a: Talonflame\n|-damage|p1b: Palafin|4\/100|[from] Recoil\n|move|p1a: Ting-Lu|Sand Tomb|p2b: Chi-Yu\n|-resisted|p2b: Chi-Yu\n|-damage|p2b: Chi-Yu|87\/100\n|-activate|p2b: Chi-Yu|move: Sand Tomb|[of] p1a: Ting-Lu\n|\n|-weather|SunnyDay|[upkeep]\n|-damage|p2b: Chi-Yu|74\/100|[from] move: Sand Tomb|[partiallytrapped]\n|upkeep\n|\n|t:|1683557269\n|switch|p2a: Flutter Mane|Flutter Mane, L50|100\/100\n|-activate|p2a: Flutter Mane|ability: Protosynthesis\n|-start|p2a: Flutter Mane|protosynthesisspe\n|turn|5\n|\n|t:|1683557273\n|move|p1b: Palafin|Protect|p1b: Palafin\n|-singleturn|p1b: Palafin|Protect\n|move|p2a: Flutter Mane|Dazzling Gleam|p1b: Palafin|[spread] p1a\n|-activate|p1b: Palafin|move: Protect\n|-damage|p1a: Ting-Lu|49\/100\n|move|p2b: Chi-Yu|Tera Blast|p1a: Ting-Lu\n|-damage|p1a: Ting-Lu|30\/100\n|move|p1a: Ting-Lu|Heavy Slam|p2a: Flutter Mane\n|-supereffective|p2a: Flutter Mane\n|-damage|p2a: Flutter Mane|0 fnt\n|faint|p2a: Flutter Mane\n|-end|p2a: Flutter Mane|Protosynthesis|[silent]\n|\n|-weather|none\n|-damage|p2b: Chi-Yu|62\/100|[from] move: Sand Tomb|[partiallytrapped]\n|-sideend|p2: TeamPlasmaSavior|move: Tailwind\n|upkeep\n|turn|6\n|c|\u2606TeamPlasmaSavior|gg\n|\n|t:|1683557282\n|move|p1b: Palafin|Jet Punch|p2b: Chi-Yu\n|-resisted|p2b: Chi-Yu\n|-damage|p2b: Chi-Yu|27\/100\n|move|p2b: Chi-Yu|Tera Blast|p1b: Palafin\n|-supereffective|p1b: Palafin\n|-damage|p1b: Palafin|0 fnt\n|faint|p1b: Palafin\n|move|p1a: Ting-Lu|Heavy Slam|p2b: Chi-Yu\n|-damage|p2b: Chi-Yu|0 fnt\n|faint|p2b: Chi-Yu\n|\n|win|tyo\n|n|\u2606tyo|tyo\n|n|\u2606TeamPlasmaSavior|teamplasmasavior\n|n| CyborgCrafter|cyborgcrafter\n","uploadtime":1683557283,"views":6,"p1id":"tyo","p2id":"teamplasmasavior","formatid":"gen9vgc2023regulationc","rating":0,"private":0,"password":""}