{"id":"gen9vgc2023regulationc-1846252709","p1":"ADKaori","p2":"MatRod","format":"[Gen 9] VGC 2023 Regulation C","log":"|j|\u2606ADKaori\n|j|\u2606MatRod\n|t:|1681825686\n|gametype|doubles\n|player|p1|ADKaori|elesa|1047\n|player|p2|MatRod|veteran|1033\n|teamsize|p1|6\n|teamsize|p2|6\n|gen|9\n|tier|[Gen 9] VGC 2023 Regulation C\n|rated|\n|rule|Species Clause: Limit one of each Pok\u00e9mon\n|rule|Item Clause: Limit one of each item\n|clearpoke\n|poke|p1|Grafaiai, L50, M|\n|poke|p1|Toedscruel, L50, M|\n|poke|p1|Orthworm, L50, F|\n|poke|p1|Bellibolt, L50, F|\n|poke|p1|Dudunsparce-*, L50, M|\n|poke|p1|Tsareena, L50, F|\n|poke|p2|Mimikyu, L50, F|\n|poke|p2|Ceruledge, L50, M|\n|poke|p2|Palafin, L50, F|\n|poke|p2|Amoonguss, L50, M|\n|poke|p2|Torkoal, L50, F|\n|poke|p2|Gallade, L50, M|\n|teampreview|4\n|inactive|Battle timer is ON: inactive players will automatically lose when time's up. (requested by ADKaori)\n|\n|t:|1681825746\n|start\n|switch|p1a: Dudunsparce|Dudunsparce-Three-Segment, L50, M|100\/100\n|switch|p1b: Grafaiai|Grafaiai, L50, M|100\/100\n|switch|p2a: Torkoal|Torkoal, L50, F|100\/100\n|switch|p2b: Palafin|Palafin, L50, F|100\/100\n|-weather|SunnyDay|[from] ability: Drought|[of] p2a: Torkoal\n|turn|1\n|inactive|MatRod has 30 seconds left.\n|\n|t:|1681825778\n|detailschange|p2b: Palafin|Palafin-Hero, L50, F\n|switch|p2b: Amoonguss|Amoonguss, L50, M, shiny|100\/100\n|move|p1b: Grafaiai|Parting Shot|p2a: Torkoal\n|-unboost|p2a: Torkoal|atk|1\n|-unboost|p2a: Torkoal|spa|1\n|\n|t:|1681825790\n|switch|p1b: Tsareena|Tsareena, L50, F|100\/100|[from] Parting Shot\n|move|p1a: Dudunsparce|Rock Slide|p2b: Amoonguss|[spread] p2a,p2b\n|-supereffective|p2a: Torkoal\n|-damage|p2a: Torkoal|76\/100\n|-damage|p2b: Amoonguss|84\/100\n|cant|p2a: Torkoal|flinch\n|\n|-weather|SunnyDay|[upkeep]\n|upkeep\n|turn|2\n|inactive|MatRod has 30 seconds left.\n|\n|t:|1681825816\n|move|p1a: Dudunsparce|Rock Slide|p2a: Torkoal|[spread] p2a,p2b\n|-supereffective|p2a: Torkoal\n|-damage|p2a: Torkoal|51\/100\n|-damage|p2b: Amoonguss|67\/100\n|move|p1b: Tsareena|Taunt|p2b: Amoonguss\n|-start|p2b: Amoonguss|move: Taunt\n|cant|p2b: Amoonguss|flinch\n|cant|p2a: Torkoal|flinch\n|\n|-weather|SunnyDay|[upkeep]\n|upkeep\n|turn|3\n|\n|t:|1681825834\n|move|p1a: Dudunsparce|Rock Slide|p2b: Amoonguss|[spread] p2a,p2b\n|-supereffective|p2a: Torkoal\n|-damage|p2a: Torkoal|29\/100\n|-damage|p2b: Amoonguss|53\/100\n|move|p1b: Tsareena|U-turn|p2b: Amoonguss\n|-damage|p2b: Amoonguss|27\/100\n|\n|t:|1681825846\n|switch|p1b: Grafaiai|Grafaiai, L50, M|100\/100|[from] U-turn\n|cant|p2b: Amoonguss|flinch\n|cant|p2a: Torkoal|flinch\n|\n|-weather|SunnyDay|[upkeep]\n|upkeep\n|turn|4\n|\n|t:|1681825856\n|move|p1b: Grafaiai|Copycat|p1b: Grafaiai\n|move|p1b: Grafaiai|U-turn|p2a: Torkoal|[from]move: Copycat\n|-resisted|p2a: Torkoal\n|-damage|p2a: Torkoal|24\/100\n|\n|t:|1681825860\n|switch|p1b: Tsareena|Tsareena, L50, F|100\/100|[from] U-turn\n|move|p1a: Dudunsparce|Rock Slide|p2b: Amoonguss|[spread] p2a,p2b\n|-supereffective|p2a: Torkoal\n|-damage|p2a: Torkoal|3\/100\n|-damage|p2b: Amoonguss|10\/100\n|-enditem|p2b: Amoonguss|Aguav Berry|[eat]\n|-heal|p2b: Amoonguss|43\/100|[from] item: Aguav Berry\n|move|p2b: Amoonguss|Foul Play|p1a: Dudunsparce\n|-damage|p1a: Dudunsparce|72\/100\n|cant|p2a: Torkoal|flinch\n|\n|-weather|SunnyDay|[upkeep]\n|-end|p2b: Amoonguss|move: Taunt\n|upkeep\n|turn|5\n|c|\u2606MatRod|Wtf\n|c|\u2606ADKaori|hm?\n|inactive|MatRod has 30 seconds left.\n|\n|t:|1681825895\n|switch|p2a: Gallade|Gallade, L50, M|100\/100\n|move|p1a: Dudunsparce|Rock Slide|p2a: Gallade|[spread] p2a,p2b\n|-resisted|p2a: Gallade\n|-damage|p2a: Gallade|87\/100\n|-damage|p2b: Amoonguss|27\/100\n|move|p1b: Tsareena|Taunt|p2b: Amoonguss\n|-start|p2b: Amoonguss|move: Taunt\n|cant|p2b: Amoonguss|move: Taunt|Spore\n|\n|-weather|none\n|upkeep\n|turn|6\n|\n|t:|1681825918\n|move|p1a: Dudunsparce|Rock Slide|p2a: Gallade|[spread] p2a,p2b\n|-resisted|p2a: Gallade\n|-damage|p2a: Gallade|73\/100\n|-damage|p2b: Amoonguss|11\/100\n|cant|p2a: Gallade|flinch\n|move|p1b: Tsareena|U-turn|p2a: Gallade\n|-damage|p2a: Gallade|31\/100\n|\n|t:|1681825926\n|switch|p1b: Grafaiai|Grafaiai, L50, M|100\/100|[from] U-turn\n|move|p2b: Amoonguss|Foul Play|p1a: Dudunsparce\n|-damage|p1a: Dudunsparce|41\/100\n|\n|upkeep\n|turn|7\n|\n|t:|1681825939\n|move|p1b: Grafaiai|Copycat|p1b: Grafaiai\n|move|p1b: Grafaiai|Foul Play|p2b: Amoonguss|[from]move: Copycat\n|-damage|p2b: Amoonguss|0 fnt\n|-status|p1b: Grafaiai|par|[from] ability: Effect Spore|[of] p2b: Amoonguss\n|faint|p2b: Amoonguss\n|move|p1a: Dudunsparce|Rock Slide|p2a: Gallade\n|-resisted|p2a: Gallade\n|-damage|p2a: Gallade|14\/100\n|cant|p2a: Gallade|flinch\n|\n|upkeep\n|c|\u2606MatRod|No way\n|\n|t:|1681825957\n|switch|p2b: Palafin|Palafin-Hero, L50, F|100\/100\n|-activate|p2b: Palafin|ability: Zero to Hero\n|turn|8\n|c|\u2606ADKaori|yeah this is silly\n|c|\u2606ADKaori|the luck has been unreal\n|\n|t:|1681825970\n|-terastallize|p2b: Palafin|Water\n|move|p1b: Grafaiai|Parting Shot|p2b: Palafin\n|-unboost|p2b: Palafin|atk|1\n|-unboost|p2b: Palafin|spa|1\n|\n|t:|1681825975\n|switch|p1b: Tsareena|Tsareena, L50, F|100\/100|[from] Parting Shot\n|move|p1a: Dudunsparce|Rock Slide|p2b: Palafin|[spread] p2a,p2b\n|-resisted|p2a: Gallade\n|-damage|p2a: Gallade|0 fnt\n|-damage|p2b: Palafin|83\/100\n|faint|p2a: Gallade\n|move|p2b: Palafin|Wave Crash|p1b: Tsareena\n|-resisted|p1b: Tsareena\n|-damage|p1b: Tsareena|68\/100\n|-damage|p2b: Palafin|72\/100|[from] Recoil\n|\n|upkeep\n|\n|t:|1681825987\n|switch|p2a: Torkoal|Torkoal, L50, F|3\/100\n|-weather|SunnyDay|[from] ability: Drought|[of] p2a: Torkoal\n|turn|9\n|\n|t:|1681825997\n|move|p1a: Dudunsparce|Rock Slide|p2a: Torkoal|[spread] p2a,p2b\n|-supereffective|p2a: Torkoal\n|-damage|p2a: Torkoal|0 fnt\n|-damage|p2b: Palafin|56\/100\n|faint|p2a: Torkoal\n|move|p2b: Palafin|Ice Punch|p1b: Tsareena\n|-supereffective|p1b: Tsareena\n|-damage|p1b: Tsareena|28\/100\n|move|p1b: Tsareena|Trop Kick|p2b: Palafin\n|-supereffective|p2b: Palafin\n|-damage|p2b: Palafin|0 fnt\n|faint|p2b: Palafin\n|\n|win|ADKaori\n|raw|ADKaori's rating: 1047 → 1079<\/strong> (+32 for winning)\n|raw|MatRod's rating: 1033 → 1019<\/strong> (-14 for losing)\n","uploadtime":1681826016,"views":10,"p1id":"adkaori","p2id":"matrod","formatid":"gen9vgc2023regulationc","rating":1019,"private":0,"password":""}