{"id":"gen9vgc2023regulationc-1849844718","p1":"stasiswisdom","p2":"Kenepa21","format":"[Gen 9] VGC 2023 Regulation C","log":"|j|\u2606stasiswisdom\n|j|\u2606Kenepa21\n|t:|1682259787\n|gametype|doubles\n|player|p1|stasiswisdom|1|1404\n|player|p2|Kenepa21|169|1384\n|teamsize|p1|6\n|teamsize|p2|6\n|gen|9\n|tier|[Gen 9] VGC 2023 Regulation C\n|rated|\n|rule|Species Clause: Limit one of each Pok\u00e9mon\n|rule|Item Clause: Limit one of each item\n|clearpoke\n|poke|p1|Abomasnow, L50, M|\n|poke|p1|Iron Bundle, L50|\n|poke|p1|Ting-Lu, L50|\n|poke|p1|Corviknight, L50, M|\n|poke|p1|Armarouge, L50, M|\n|poke|p1|Annihilape, L50, M|\n|poke|p2|Ceruledge, L50, M|\n|poke|p2|Flutter Mane, L50|\n|poke|p2|Maushold-Four, L50|\n|poke|p2|Iron Hands, L50|\n|poke|p2|Palafin, L50, F|\n|poke|p2|Iron Jugulis, L50|\n|teampreview|4\n|inactive|Battle timer is ON: inactive players will automatically lose when time's up. (requested by stasiswisdom)\n|j| ElQuePruebaTimsUwU\n|\n|t:|1682259813\n|start\n|switch|p1a: Ting-Lu|Ting-Lu, L50|100\/100\n|switch|p1b: Corviknight|Corviknight, L50, M|100\/100\n|switch|p2a: Palafin|Palafin, L50, F|100\/100\n|switch|p2b: Iron Hands|Iron Hands, L50|100\/100\n|-ability|p1a: Ting-Lu|Vessel of Ruin\n|turn|1\n|\n|t:|1682259823\n|detailschange|p2a: Palafin|Palafin-Hero, L50, F\n|switch|p2a: Ceruledge|Ceruledge, L50, M|100\/100\n|-terastallize|p1a: Ting-Lu|Ground\n|move|p2b: Iron Hands|Fake Out|p1a: Ting-Lu\n|-damage|p1a: Ting-Lu|90\/100\n|move|p1b: Corviknight|Tailwind|p1b: Corviknight\n|-sidestart|p1: stasiswisdom|move: Tailwind\n|cant|p1a: Ting-Lu|flinch\n|\n|upkeep\n|turn|2\n|\n|t:|1682259846\n|move|p2a: Ceruledge|Protect|p2a: Ceruledge\n|-singleturn|p2a: Ceruledge|Protect\n|move|p1b: Corviknight|Brave Bird|p2a: Ceruledge\n|-activate|p2a: Ceruledge|move: Protect\n|move|p1a: Ting-Lu|Earthquake|p2a: Ceruledge|[spread] p2b\n|-activate|p2a: Ceruledge|move: Protect\n|-immune|p1b: Corviknight\n|-supereffective|p2b: Iron Hands\n|-damage|p2b: Iron Hands|2\/100\n|move|p2b: Iron Hands|Wild Charge|p1b: Corviknight\n|-supereffective|p1b: Corviknight\n|-damage|p1b: Corviknight|13\/100\n|-damage|p2b: Iron Hands|0 fnt|[from] item: Rocky Helmet|[of] p1b: Corviknight\n|faint|p2b: Iron Hands\n|-end|p2b: Iron Hands|Quark Drive|[silent]\n|\n|upkeep\n|\n|t:|1682259861\n|switch|p2b: Palafin|Palafin-Hero, L50, F|100\/100\n|-activate|p2b: Palafin|ability: Zero to Hero\n|turn|3\n|\n|t:|1682259872\n|-terastallize|p2b: Palafin|Water\n|move|p2a: Ceruledge|Shadow Sneak|p1b: Corviknight\n|-damage|p1b: Corviknight|0 fnt\n|-damage|p2a: Ceruledge|84\/100|[from] item: Rocky Helmet|[of] p1b: Corviknight\n|faint|p1b: Corviknight\n|move|p1a: Ting-Lu|Earthquake|p2b: Palafin|[spread] p2a,p2b\n|-supereffective|p2a: Ceruledge\n|-damage|p2a: Ceruledge|0 fnt\n|-damage|p2b: Palafin|37\/100\n|faint|p2a: Ceruledge\n|move|p2b: Palafin|Wave Crash|p1a: Ting-Lu\n|-supereffective|p1a: Ting-Lu\n|-damage|p1a: Ting-Lu|0 fnt\n|faint|p1a: Ting-Lu\n|-damage|p2b: Palafin|2\/100|[from] Recoil\n|\n|upkeep\n|\n|t:|1682259887\n|switch|p2a: Flutter Mane|Flutter Mane, L50|100\/100\n|switch|p1b: Abomasnow|Abomasnow, L50, M|100\/100\n|switch|p1a: Iron Bundle|Iron Bundle, L50|100\/100\n|-weather|Snow|[from] ability: Snow Warning|[of] p1b: Abomasnow\n|-enditem|p1a: Iron Bundle|Booster Energy\n|-activate|p1a: Iron Bundle|ability: Quark Drive|[fromitem]\n|-start|p1a: Iron Bundle|quarkdrivespe\n|turn|4\n|\n|t:|1682259901\n|move|p2b: Palafin|Protect|p2b: Palafin\n|-singleturn|p2b: Palafin|Protect\n|move|p1a: Iron Bundle|Blizzard|p2b: Palafin|[spread] p2a\n|-activate|p2b: Palafin|move: Protect\n|-damage|p2a: Flutter Mane|67\/100\n|move|p1b: Abomasnow|Blizzard|p2b: Palafin|[spread] p2a\n|-activate|p2b: Palafin|move: Protect\n|-damage|p2a: Flutter Mane|28\/100\n|-damage|p1b: Abomasnow|91\/100|[from] item: Life Orb\n|move|p2a: Flutter Mane|Moonblast|p1a: Iron Bundle\n|-damage|p1a: Iron Bundle|0 fnt\n|faint|p1a: Iron Bundle\n|-end|p1a: Iron Bundle|Quark Drive|[silent]\n|\n|-weather|Snow|[upkeep]\n|-sideend|p1: stasiswisdom|move: Tailwind\n|upkeep\n|turn|5\n|inactive|Kenepa21 has 30 seconds left.\n|\n|t:|1682259927\n|move|p1b: Abomasnow|Ice Shard|p2a: Flutter Mane\n|-damage|p2a: Flutter Mane|0 fnt\n|faint|p2a: Flutter Mane\n|-end|p2a: Flutter Mane|Protosynthesis|[silent]\n|-damage|p1b: Abomasnow|81\/100|[from] item: Life Orb\n|move|p2b: Palafin|Wave Crash|p1b: Abomasnow\n|-resisted|p1b: Abomasnow\n|-damage|p1b: Abomasnow|26\/100\n|-damage|p2b: Palafin|0 fnt|[from] Recoil\n|faint|p2b: Palafin\n|\n|win|stasiswisdom\n|raw|stasiswisdom's rating: 1404 → 1423<\/strong> (+19 for winning)\n|raw|Kenepa21's rating: 1384 → 1365<\/strong> (-19 for losing)\n|l|\u2606stasiswisdom\n","uploadtime":1682259984,"views":9,"p1id":"stasiswisdom","p2id":"kenepa21","formatid":"gen9vgc2023regulationc","rating":1365,"private":0,"password":""}