{"id":"gen9vgc2023regulationc-1862266599","p1":"L0LZ4N0m4","p2":"charlotte060","format":"[Gen 9] VGC 2023 Regulation C","log":"|j|\u2606L0LZ4N0m4\n|j|\u2606charlotte060\n|t:|1683857225\n|gametype|doubles\n|player|p1|L0LZ4N0m4|aromalady|1289\n|player|p2|charlotte060|265|1264\n|teamsize|p1|6\n|teamsize|p2|6\n|gen|9\n|tier|[Gen 9] VGC 2023 Regulation C\n|rated|\n|rule|Species Clause: Limit one of each Pok\u00e9mon\n|rule|Item Clause: Limit one of each item\n|clearpoke\n|poke|p1|Tyranitar, L50, F|\n|poke|p1|Palafin, L50, F|\n|poke|p1|Kingambit, L50, M|\n|poke|p1|Flutter Mane, L50|\n|poke|p1|Arcanine, L50, F|\n|poke|p1|Amoonguss, L50, M|\n|poke|p2|Murkrow, L50, F|\n|poke|p2|Palafin, L50, F|\n|poke|p2|Glimmora, L50, M|\n|poke|p2|Chi-Yu, L50|\n|poke|p2|Great Tusk, L50|\n|poke|p2|Flutter Mane, L50|\n|teampreview|4\n|inactive|Battle timer is ON: inactive players will automatically lose when time's up. (requested by L0LZ4N0m4)\n|inactive|L0LZ4N0m4 has 60 seconds left.\n|inactive|charlotte060 has 60 seconds left.\n|\n|t:|1683857265\n|start\n|switch|p1a: Palafin|Palafin, L50, F|100\/100\n|switch|p1b: Tyranitar|Tyranitar, L50, F|100\/100\n|switch|p2a: Murkrow|Murkrow, L50, F, shiny|100\/100\n|switch|p2b: Palafin|Palafin, L50, F, shiny|100\/100\n|-weather|Sandstorm|[from] ability: Sand Stream|[of] p1b: Tyranitar\n|turn|1\n|\n|t:|1683857283\n|detailschange|p1a: Palafin|Palafin-Hero, L50, F\n|switch|p1a: Flutter Mane|Flutter Mane, L50|100\/100\n|-terastallize|p1b: Tyranitar|Grass\n|move|p2a: Murkrow|Tailwind|p2a: Murkrow\n|-sidestart|p2: charlotte060|move: Tailwind\n|move|p2b: Palafin|Flip Turn|p1b: Tyranitar\n|-resisted|p1b: Tyranitar\n|-damage|p1b: Tyranitar|90\/100\n|\n|t:|1683857297\n|detailschange|p2b: Palafin|Palafin-Hero, L50, F, shiny\n|switch|p2b: Chi-Yu|Chi-Yu, L50|100\/100|[from] Flip Turn\n|-ability|p2b: Chi-Yu|Beads of Ruin\n|move|p1b: Tyranitar|Rock Slide|p2a: Murkrow|[spread] p2a,p2b\n|-supereffective|p2a: Murkrow\n|-supereffective|p2b: Chi-Yu\n|-damage|p2a: Murkrow|38\/100\n|-damage|p2b: Chi-Yu|9\/100\n|\n|-weather|Sandstorm|[upkeep]\n|-damage|p2b: Chi-Yu|3\/100|[from] Sandstorm\n|-damage|p2a: Murkrow|32\/100|[from] Sandstorm\n|-damage|p1a: Flutter Mane|95\/100|[from] Sandstorm\n|-damage|p1b: Tyranitar|85\/100|[from] Sandstorm\n|upkeep\n|turn|2\n|\n|t:|1683857316\n|switch|p2a: Great Tusk|Great Tusk, L50|100\/100\n|move|p2b: Chi-Yu|Heat Wave|p1b: Tyranitar|[spread] p1b\n|-miss|p2b: Chi-Yu|p1a: Flutter Mane\n|-supereffective|p1b: Tyranitar\n|-damage|p1b: Tyranitar|14\/100\n|move|p1a: Flutter Mane|Dazzling Gleam|p2a: Great Tusk|[spread] p2a,p2b\n|-supereffective|p2a: Great Tusk\n|-damage|p2a: Great Tusk|0 fnt\n|-damage|p2b: Chi-Yu|0 fnt\n|faint|p2a: Great Tusk\n|-end|p2a: Great Tusk|Protosynthesis|[silent]\n|faint|p2b: Chi-Yu\n|move|p1b: Tyranitar|Rock Slide|p2: Great Tusk|[notarget]\n|-fail|p1b: Tyranitar\n|\n|-weather|Sandstorm|[upkeep]\n|-damage|p1a: Flutter Mane|89\/100|[from] Sandstorm\n|-damage|p1b: Tyranitar|8\/100|[from] Sandstorm\n|upkeep\n|\n|t:|1683857324\n|switch|p2b: Murkrow|Murkrow, L50, F, shiny|32\/100\n|switch|p2a: Palafin|Palafin-Hero, L50, F, shiny|100\/100\n|-activate|p2a: Palafin|ability: Zero to Hero\n|turn|3\n|\n|t:|1683857335\n|move|p2a: Palafin|Wave Crash|p1a: Flutter Mane\n|-damage|p1a: Flutter Mane|0 fnt\n|faint|p1a: Flutter Mane\n|-end|p1a: Flutter Mane|Protosynthesis|[silent]\n|-damage|p2a: Palafin|80\/100|[from] Recoil\n|move|p2b: Murkrow|Foul Play|p1b: Tyranitar\n|-damage|p1b: Tyranitar|0 fnt\n|faint|p1b: Tyranitar\n|\n|-weather|Sandstorm|[upkeep]\n|-damage|p2a: Palafin|74\/100|[from] Sandstorm\n|-damage|p2b: Murkrow|26\/100|[from] Sandstorm\n|upkeep\n|\n|t:|1683857343\n|switch|p1a: Palafin|Palafin-Hero, L50, F|100\/100\n|switch|p1b: Amoonguss|Amoonguss, L50, M|100\/100\n|-activate|p1a: Palafin|ability: Zero to Hero\n|turn|4\n|\n|t:|1683857364\n|move|p1a: Palafin|Protect|p1a: Palafin\n|-singleturn|p1a: Palafin|Protect\n|move|p2b: Murkrow|Taunt|p1b: Amoonguss\n|-start|p1b: Amoonguss|move: Taunt\n|move|p2a: Palafin|Wave Crash|p1a: Palafin\n|-activate|p1a: Palafin|move: Protect\n|cant|p1b: Amoonguss|move: Taunt|Spore\n|\n|-weather|Sandstorm|[upkeep]\n|-damage|p2a: Palafin|68\/100|[from] Sandstorm\n|-damage|p2b: Murkrow|20\/100|[from] Sandstorm\n|-damage|p1a: Palafin|95\/100|[from] Sandstorm\n|-damage|p1b: Amoonguss|95\/100|[from] Sandstorm\n|-sideend|p2: charlotte060|move: Tailwind\n|upkeep\n|turn|5\n|\n|t:|1683857380\n|move|p1a: Palafin|Wave Crash|p2a: Palafin\n|-resisted|p2a: Palafin\n|-damage|p2a: Palafin|24\/100\n|-damage|p1a: Palafin|81\/100|[from] Recoil\n|move|p2a: Palafin|Wave Crash|p1a: Palafin\n|-resisted|p1a: Palafin\n|-damage|p1a: Palafin|39\/100\n|-damage|p2a: Palafin|10\/100|[from] Recoil\n|move|p2b: Murkrow|Foul Play|p1a: Palafin\n|-damage|p1a: Palafin|0 fnt\n|faint|p1a: Palafin\n|move|p1b: Amoonguss|Pollen Puff|p1: Palafin|[notarget]\n|-fail|p1b: Amoonguss\n|\n|-weather|none\n|upkeep\n|turn|6\n|\n|t:|1683857401\n|move|p2a: Palafin|Protect|p2a: Palafin\n|-singleturn|p2a: Palafin|Protect\n|move|p2b: Murkrow|Foul Play|p1b: Amoonguss\n|-damage|p1b: Amoonguss|75\/100\n|move|p1b: Amoonguss|Pollen Puff|p2a: Palafin\n|-activate|p2a: Palafin|move: Protect\n|\n|-end|p1b: Amoonguss|move: Taunt\n|upkeep\n|turn|7\n|\n|t:|1683857412\n|-terastallize|p2a: Palafin|Water\n|move|p2b: Murkrow|Taunt|p1b: Amoonguss\n|-start|p1b: Amoonguss|move: Taunt\n|move|p2a: Palafin|Wave Crash|p1b: Amoonguss\n|-resisted|p1b: Amoonguss\n|-damage|p1b: Amoonguss|25\/100\n|-enditem|p1b: Amoonguss|Sitrus Berry|[eat]\n|-heal|p1b: Amoonguss|49\/100|[from] item: Sitrus Berry\n|-damage|p2a: Palafin|0 fnt|[from] Recoil\n|faint|p2a: Palafin\n|move|p1b: Amoonguss|Pollen Puff|p2b: Murkrow\n|-damage|p2b: Murkrow|2\/100\n|\n|upkeep\n|turn|8\n|\n|t:|1683857426\n|move|p2b: Murkrow|Foul Play|p1b: Amoonguss\n|-damage|p1b: Amoonguss|33\/100\n|move|p1b: Amoonguss|Pollen Puff|p2b: Murkrow\n|-crit|p2b: Murkrow\n|-damage|p2b: Murkrow|0 fnt\n|faint|p2b: Murkrow\n|\n|win|L0LZ4N0m4\n|raw|L0LZ4N0m4's rating: 1289 → 1312<\/strong> (+23 for winning)\n|raw|charlotte060's rating: 1264 → 1241<\/strong> (-23 for losing)\n|l|\u2606charlotte060\n","uploadtime":1683857438,"views":11,"p1id":"l0lz4n0m4","p2id":"charlotte060","formatid":"gen9vgc2023regulationc","rating":1241,"private":0,"password":""}