{"id":"gen9vgc2023regulationc-1862751441","p1":"Jeremysa78","p2":"IeroTenparansu","format":"[Gen 9] VGC 2023 Regulation C","log":"|j|\u2606Jeremysa78\n|j|\u2606IeroTenparansu\n|t:|1683918200\n|gametype|doubles\n|player|p1|Jeremysa78|101|1408\n|player|p2|IeroTenparansu|madame-gen4dp|1369\n|teamsize|p1|6\n|teamsize|p2|6\n|gen|9\n|tier|[Gen 9] VGC 2023 Regulation C\n|rated|\n|rule|Species Clause: Limit one of each Pok\u00e9mon\n|rule|Item Clause: Limit one of each item\n|clearpoke\n|poke|p1|Murkrow, L50, M|\n|poke|p1|Ceruledge, L50, M|\n|poke|p1|Flutter Mane, L50|\n|poke|p1|Garchomp, L50, M|\n|poke|p1|Annihilape, L50, M|\n|poke|p1|Scizor, L50, M|\n|poke|p2|Dondozo, L50, M|\n|poke|p2|Tatsugiri, L50, F|\n|poke|p2|Chi-Yu, L50|\n|poke|p2|Iron Bundle, L50|\n|poke|p2|Flutter Mane, L50|\n|poke|p2|Glimmora, L50, M|\n|teampreview|4\n|inactive|Battle timer is ON: inactive players will automatically lose when time's up. (requested by Jeremysa78)\n|inactive|IeroTenparansu has 60 seconds left.\n|inactive|IeroTenparansu has 30 seconds left.\n|\n|t:|1683918269\n|start\n|switch|p1a: Murkrow|Murkrow, L50, M, shiny|100\/100\n|switch|p1b: Garchomp|Garchomp, L50, M, shiny|100\/100\n|switch|p2a: Iron Bundle|Iron Bundle, L50, shiny|100\/100\n|switch|p2b: Glimmora|Glimmora, L50, M, shiny|100\/100\n|-enditem|p2a: Iron Bundle|Booster Energy\n|-activate|p2a: Iron Bundle|ability: Quark Drive|[fromitem]\n|-start|p2a: Iron Bundle|quarkdrivespe\n|turn|1\n|\n|t:|1683918288\n|-terastallize|p1b: Garchomp|Ground\n|-terastallize|p2b: Glimmora|Grass\n|move|p1a: Murkrow|Quash|p2a: Iron Bundle\n|-activate|p2a: Iron Bundle|move: Quash\n|move|p1b: Garchomp|Earthquake|p2b: Glimmora|[spread] p2a,p2b\n|-immune|p1a: Murkrow\n|-resisted|p2b: Glimmora\n|-damage|p2a: Iron Bundle|0 fnt\n|-damage|p2b: Glimmora|64\/100\n|-activate|p2b: Glimmora|ability: Toxic Debris\n|-sidestart|p1: Jeremysa78|move: Toxic Spikes\n|faint|p2a: Iron Bundle\n|-end|p2a: Iron Bundle|Quark Drive|[silent]\n|move|p2b: Glimmora|Power Gem|p1a: Murkrow\n|-supereffective|p1a: Murkrow\n|-enditem|p1a: Murkrow|Focus Sash\n|-damage|p1a: Murkrow|1\/100\n|\n|upkeep\n|\n|t:|1683918305\n|switch|p2a: Dondozo|Dondozo, L50, M|100\/100\n|turn|2\n|\n|t:|1683918321\n|move|p1a: Murkrow|Tailwind|p1a: Murkrow\n|-sidestart|p1: Jeremysa78|move: Tailwind\n|move|p1b: Garchomp|Earthquake|p2b: Glimmora|[spread] p2a,p2b\n|-immune|p1a: Murkrow\n|-resisted|p2b: Glimmora\n|-damage|p2a: Dondozo|39\/100\n|-damage|p2b: Glimmora|32\/100\n|-activate|p2b: Glimmora|ability: Toxic Debris\n|-sidestart|p1: Jeremysa78|move: Toxic Spikes\n|move|p2b: Glimmora|Mortal Spin|p1b: Garchomp|[spread] p1a,p1b\n|-resisted|p1b: Garchomp\n|-damage|p1a: Murkrow|0 fnt\n|-damage|p1b: Garchomp|98\/100\n|-status|p1b: Garchomp|psn\n|faint|p1a: Murkrow\n|move|p2a: Dondozo|Wave Crash|p1b: Garchomp\n|-supereffective|p1b: Garchomp\n|-damage|p1b: Garchomp|4\/100 psn\n|-damage|p2a: Dondozo|13\/100|[from] Recoil\n|\n|-heal|p2a: Dondozo|20\/100|[from] item: Leftovers\n|-damage|p1b: Garchomp|0 fnt|[from] psn\n|faint|p1b: Garchomp\n|upkeep\n|\n|t:|1683918338\n|switch|p1a: Annihilape|Annihilape, L50, M, shiny|100\/100\n|switch|p1b: Flutter Mane|Flutter Mane, L50|100\/100\n|-status|p1a: Annihilape|tox\n|-status|p1b: Flutter Mane|tox\n|-enditem|p1b: Flutter Mane|Booster Energy\n|-activate|p1b: Flutter Mane|ability: Protosynthesis|[fromitem]\n|-start|p1b: Flutter Mane|protosynthesisspa\n|turn|3\n|inactive|IeroTenparansu has 30 seconds left.\n|\n|t:|1683918364\n|move|p2a: Dondozo|Protect|p2a: Dondozo\n|-singleturn|p2a: Dondozo|Protect\n|move|p1a: Annihilape|Close Combat|p2b: Glimmora\n|-damage|p2b: Glimmora|0 fnt\n|-unboost|p1a: Annihilape|def|1\n|-unboost|p1a: Annihilape|spd|1\n|faint|p2b: Glimmora\n|move|p1b: Flutter Mane|Dazzling Gleam|p2a: Dondozo\n|-activate|p2a: Dondozo|move: Protect\n|\n|-heal|p2a: Dondozo|26\/100|[from] item: Leftovers\n|-damage|p1a: Annihilape|95\/100 tox|[from] psn\n|-damage|p1b: Flutter Mane|94\/100 tox|[from] psn\n|upkeep\n|\n|t:|1683918377\n|switch|p2b: Tatsugiri|Tatsugiri, L50, F|100\/100\n|-activate|p2b: Tatsugiri|ability: Commander|[of] p2a: Dondozo\n|-boost|p2a: Dondozo|atk|2\n|-boost|p2a: Dondozo|spa|2\n|-boost|p2a: Dondozo|spe|2\n|-boost|p2a: Dondozo|def|2\n|-boost|p2a: Dondozo|spd|2\n|turn|4\n|\n|t:|1683918396\n|move|p1a: Annihilape|Close Combat|p2a: Dondozo\n|-damage|p2a: Dondozo|7\/100\n|-unboost|p1a: Annihilape|def|1\n|-unboost|p1a: Annihilape|spd|1\n|move|p1b: Flutter Mane|Dazzling Gleam|p2a: Dondozo|[spread] p2a\n|-miss|p1b: Flutter Mane|p2b: Tatsugiri\n|-damage|p2a: Dondozo|0 fnt\n|faint|p2a: Dondozo\n|\n|-damage|p1a: Annihilape|83\/100 tox|[from] psn\n|-damage|p1b: Flutter Mane|82\/100 tox|[from] psn\n|upkeep\n|turn|5\n|\n|t:|1683918411\n|move|p1a: Annihilape|Close Combat|p2b: Tatsugiri\n|-damage|p2b: Tatsugiri|5\/100\n|-unboost|p1a: Annihilape|def|1\n|-unboost|p1a: Annihilape|spd|1\n|move|p1b: Flutter Mane|Dazzling Gleam|p2b: Tatsugiri\n|-supereffective|p2b: Tatsugiri\n|-damage|p2b: Tatsugiri|0 fnt\n|faint|p2b: Tatsugiri\n|\n|win|Jeremysa78\n|raw|Jeremysa78's rating: 1408 → 1426<\/strong> (+18 for winning)\n|raw|IeroTenparansu's rating: 1369 → 1351<\/strong> (-18 for losing)\n|l|\u2606Jeremysa78\n","uploadtime":1683918421,"views":6,"p1id":"jeremysa78","p2id":"ierotenparansu","formatid":"gen9vgc2023regulationc","rating":1351,"private":0,"password":""}