{"id":"gen9vgc2023regulationc-1852640889","p1":"CbuttyVGC","p2":"Kaitokid_91","format":"[Gen 9] VGC 2023 Regulation C","log":"|j|\u2606CbuttyVGC\n|j|\u2606Kaitokid_91\n|t:|1682589769\n|gametype|doubles\n|player|p1|CbuttyVGC|acetrainer-gen4dp|1429\n|player|p2|Kaitokid_91|barry|1404\n|teamsize|p1|6\n|teamsize|p2|6\n|gen|9\n|tier|[Gen 9] VGC 2023 Regulation C\n|rated|\n|rule|Species Clause: Limit one of each Pok\u00e9mon\n|rule|Item Clause: Limit one of each item\n|clearpoke\n|poke|p1|Bellibolt, L50, F|\n|poke|p1|Wo-Chien, L50|\n|poke|p1|Glimmora, L50, M|\n|poke|p1|Flutter Mane, L50|\n|poke|p1|Dondozo, L50, M|\n|poke|p1|Tatsugiri-Stretchy, L50, M|\n|poke|p2|Lilligant, L50, F|\n|poke|p2|Dragonite, L50, M|\n|poke|p2|Flutter Mane, L50|\n|poke|p2|Great Tusk, L50|\n|poke|p2|Torkoal, L50, F|\n|poke|p2|Kingambit, L50, F|\n|teampreview|4\n|inactive|Battle timer is ON: inactive players will automatically lose when time's up. (requested by Kaitokid_91)\n|inactive|CbuttyVGC also wants the timer to be on.\n|inactive|CbuttyVGC has 60 seconds left.\n|inactive|Kaitokid_91 has 60 seconds left.\n|\n|t:|1682589817\n|start\n|switch|p1a: Bellibolt|Bellibolt, L50, F|100\/100\n|switch|p1b: Wo-Chien|Wo-Chien, L50|100\/100\n|switch|p2a: Kingambit|Kingambit, L50, F|100\/100\n|switch|p2b: Great Tusk|Great Tusk, L50|100\/100\n|-ability|p1b: Wo-Chien|Tablets of Ruin\n|turn|1\n|\n|t:|1682589838\n|-terastallize|p2a: Kingambit|Fire\n|-terastallize|p1a: Bellibolt|Water\n|move|p2b: Great Tusk|Close Combat|p1b: Wo-Chien\n|-supereffective|p1b: Wo-Chien\n|-damage|p1b: Wo-Chien|28\/100\n|-unboost|p2b: Great Tusk|def|1\n|-unboost|p2b: Great Tusk|spd|1\n|-enditem|p1b: Wo-Chien|Sitrus Berry|[eat]\n|-heal|p1b: Wo-Chien|53\/100|[from] item: Sitrus Berry\n|move|p1b: Wo-Chien|Leech Seed|p2a: Kingambit\n|-start|p2a: Kingambit|move: Leech Seed\n|move|p2a: Kingambit|Tera Blast|p1b: Wo-Chien\n|-supereffective|p1b: Wo-Chien\n|-crit|p1b: Wo-Chien\n|-damage|p1b: Wo-Chien|0 fnt\n|faint|p1b: Wo-Chien\n|move|p1a: Bellibolt|Muddy Water|p2a: Kingambit|[spread] p2a,p2b\n|-supereffective|p2a: Kingambit\n|-supereffective|p2b: Great Tusk\n|-damage|p2a: Kingambit|63\/100\n|-damage|p2b: Great Tusk|0 fnt\n|faint|p2b: Great Tusk\n|-end|p2b: Great Tusk|Protosynthesis|[silent]\n|\n|upkeep\n|\n|t:|1682589860\n|switch|p2b: Lilligant|Lilligant, L50, F|100\/100\n|switch|p1b: Dondozo|Dondozo, L50, M|100\/100\n|turn|2\n|\n|t:|1682589873\n|switch|p2a: Torkoal|Torkoal, L50, F|100\/100\n|-weather|SunnyDay|[from] ability: Drought|[of] p2a: Torkoal\n|move|p1b: Dondozo|Protect|p1b: Dondozo\n|-singleturn|p1b: Dondozo|Protect\n|move|p2b: Lilligant|Sleep Powder|p1a: Bellibolt|[miss]\n|-miss|p2b: Lilligant|p1a: Bellibolt\n|move|p1a: Bellibolt|Thunderbolt|p2b: Lilligant\n|-resisted|p2b: Lilligant\n|-damage|p2b: Lilligant|68\/100\n|\n|-weather|SunnyDay|[upkeep]\n|upkeep\n|turn|3\n|inactive|Kaitokid_91 has 30 seconds left.\n|\n|t:|1682589902\n|switch|p1b: Tatsugiri|Tatsugiri-Stretchy, L50, M|100\/100\n|move|p2b: Lilligant|After You|p2a: Torkoal\n|-activate|p2a: Torkoal|move: After You\n|move|p2a: Torkoal|Eruption|p1b: Tatsugiri|[spread] p1a,p1b\n|-resisted|p1a: Bellibolt\n|-resisted|p1b: Tatsugiri\n|-damage|p1a: Bellibolt|72\/100\n|-damage|p1b: Tatsugiri|73\/100\n|-start|p1a: Bellibolt|Charge|Eruption|[from] ability: Electromorphosis\n|move|p1a: Bellibolt|Thunderbolt|p2a: Torkoal\n|-damage|p2a: Torkoal|0 fnt\n|faint|p2a: Torkoal\n|-end|p1a: Bellibolt|Charge|[silent]\n|\n|-weather|SunnyDay|[upkeep]\n|upkeep\n|\n|t:|1682589917\n|switch|p2a: Kingambit|Kingambit, L50, F, tera:Fire|63\/100\n|turn|4\n|\n|t:|1682589928\n|move|p2b: Lilligant|Sleep Powder|p1a: Bellibolt|[miss]\n|-miss|p2b: Lilligant|p1a: Bellibolt\n|move|p1b: Tatsugiri|Draco Meteor|p2b: Lilligant\n|-damage|p2b: Lilligant|0 fnt\n|-unboost|p1b: Tatsugiri|spa|2\n|faint|p2b: Lilligant\n|move|p2a: Kingambit|Kowtow Cleave|p1a: Bellibolt\n|-damage|p1a: Bellibolt|34\/100\n|-start|p1a: Bellibolt|Charge|Kowtow Cleave|[from] ability: Electromorphosis\n|move|p1a: Bellibolt|Thunderbolt|p2a: Kingambit\n|-damage|p2a: Kingambit|12\/100\n|-end|p1a: Bellibolt|Charge|[silent]\n|\n|-weather|SunnyDay|[upkeep]\n|upkeep\n|turn|5\n|\n|t:|1682589949\n|switch|p1b: Dondozo|Dondozo, L50, M|100\/100\n|move|p1a: Bellibolt|Sucker Punch|p2a: Kingambit\n|-damage|p2a: Kingambit|4\/100\n|move|p2a: Kingambit|Kowtow Cleave|p1a: Bellibolt\n|-damage|p1a: Bellibolt|0 fnt\n|faint|p1a: Bellibolt\n|\n|-weather|SunnyDay|[upkeep]\n|upkeep\n|\n|t:|1682589952\n|switch|p1a: Tatsugiri|Tatsugiri-Stretchy, L50, M|73\/100\n|-activate|p1a: Tatsugiri|ability: Commander|[of] p1b: Dondozo\n|-boost|p1b: Dondozo|atk|2\n|-boost|p1b: Dondozo|spa|2\n|-boost|p1b: Dondozo|spe|2\n|-boost|p1b: Dondozo|def|2\n|-boost|p1b: Dondozo|spd|2\n|turn|6\n|\n|t:|1682589959\n|move|p1b: Dondozo|Protect|p1b: Dondozo\n|-singleturn|p1b: Dondozo|Protect\n|move|p2a: Kingambit|Sucker Punch||[still]\n|-fail|p2a: Kingambit\n|\n|-weather|none\n|upkeep\n|turn|7\n|\n|t:|1682589963\n|move|p2a: Kingambit|Sucker Punch|p1b: Dondozo\n|-damage|p1b: Dondozo|87\/100\n|move|p1b: Dondozo|Wave Crash|p2a: Kingambit\n|-supereffective|p2a: Kingambit\n|-damage|p2a: Kingambit|0 fnt\n|faint|p2a: Kingambit\n|-damage|p1b: Dondozo|86\/100|[from] Recoil\n|\n|win|CbuttyVGC\n|raw|CbuttyVGC's rating: 1429 → 1448<\/strong> (+19 for winning)\n|raw|Kaitokid_91's rating: 1404 → 1385<\/strong> (-19 for losing)\n|l|\u2606Kaitokid_91\n","uploadtime":1682589970,"views":9,"p1id":"cbuttyvgc","p2id":"kaitokid91","formatid":"gen9vgc2023regulationc","rating":1385,"private":0,"password":""}