{"id":"gen9vgc2023regulationc-1850387106","p1":"Flytrapin","p2":"emaster2048","format":"[Gen 9] VGC 2023 Regulation C","log":"|j|\u2606Flytrapin\n|j|\u2606emaster2048\n|t:|1682329095\n|gametype|doubles\n|player|p1|Flytrapin|alder|1065\n|player|p2|emaster2048|266|1000\n|teamsize|p1|6\n|teamsize|p2|4\n|gen|9\n|tier|[Gen 9] VGC 2023 Regulation C\n|rated|\n|rule|Species Clause: Limit one of each Pok\u00e9mon\n|rule|Item Clause: Limit one of each item\n|clearpoke\n|poke|p1|Sableye, L50, F|\n|poke|p1|Toedscruel, L50, M|\n|poke|p1|Slaking, L50, F|\n|poke|p1|Masquerain, L50, F|\n|poke|p1|Chien-Pao, L50|\n|poke|p1|Tauros-Paldea-Blaze, L50, M|\n|poke|p2|Scream Tail, L50|\n|poke|p2|Gothitelle, L50, M|\n|poke|p2|Brute Bonnet, L50|\n|poke|p2|Palafin, L50, F|\n|teampreview|4\n|inactive|Battle timer is ON: inactive players will automatically lose when time's up. (requested by Flytrapin)\n|\n|t:|1682329119\n|start\n|switch|p1a: Sableye|Sableye, L50, F|100\/100\n|switch|p1b: Toedscruel|Toedscruel, L50, M|100\/100\n|switch|p2a: Palafin|Palafin, L50, F|100\/100\n|switch|p2b: Scream Tail|Scream Tail, L50|100\/100\n|turn|1\n|inactive|emaster2048 has 30 seconds left.\n|\n|t:|1682329150\n|move|p2b: Scream Tail|Protect|p2b: Scream Tail\n|-singleturn|p2b: Scream Tail|Protect\n|move|p1a: Sableye|Skill Swap|p1b: Toedscruel\n|-activate|p1a: Sableye|move: Skill Swap|||[of] p1b: Toedscruel\n|move|p1b: Toedscruel|Spore|p2b: Scream Tail\n|-activate|p2b: Scream Tail|move: Protect\n|move|p2a: Palafin|Flip Turn|p1b: Toedscruel\n|-damage|p1b: Toedscruel|68\/100\n|\n|t:|1682329162\n|detailschange|p2a: Palafin|Palafin-Hero, L50, F\n|switch|p2a: Brute Bonnet|Brute Bonnet, L50|100\/100|[from] Flip Turn\n|\n|upkeep\n|turn|2\n|\n|t:|1682329184\n|move|p1b: Toedscruel|Spore|p2b: Scream Tail\n|-status|p2b: Scream Tail|slp|[from] move: Spore\n|cant|p2b: Scream Tail|slp\n|move|p2a: Brute Bonnet|Pollen Puff|p1b: Toedscruel\n|-supereffective|p1b: Toedscruel\n|-damage|p1b: Toedscruel|10\/100\n|-damage|p2a: Brute Bonnet|91\/100|[from] item: Life Orb\n|move|p1a: Sableye|Will-O-Wisp|p2a: Brute Bonnet\n|-status|p2a: Brute Bonnet|brn\n|\n|-damage|p2a: Brute Bonnet|85\/100 brn|[from] brn\n|upkeep\n|turn|3\n|inactive|Flytrapin has 30 seconds left.\n|inactive|emaster2048 has 30 seconds left.\n|inactive|Flytrapin has 20 seconds left.\n|inactive|Flytrapin has 15 seconds left.\n|inactive|Flytrapin has 10 seconds left.\n|\n|t:|1682329229\n|move|p1b: Toedscruel|Protect|p1b: Toedscruel\n|-singleturn|p1b: Toedscruel|Protect\n|cant|p2b: Scream Tail|slp\n|move|p1a: Sableye|Snarl|p2a: Brute Bonnet|[spread] p2a,p2b\n|-resisted|p2a: Brute Bonnet\n|-damage|p2a: Brute Bonnet|81\/100 brn\n|-damage|p2b: Scream Tail|94\/100 slp\n|-unboost|p2a: Brute Bonnet|spa|1\n|-unboost|p2b: Scream Tail|spa|1\n|move|p2a: Brute Bonnet|Pollen Puff|p1b: Toedscruel\n|-activate|p1b: Toedscruel|move: Protect\n|\n|-damage|p2a: Brute Bonnet|75\/100 brn|[from] brn\n|upkeep\n|turn|4\n|inactive|emaster2048 has 30 seconds left.\n|\n|t:|1682329261\n|switch|p1b: Tauros|Tauros-Paldea-Blaze, L50, M|100\/100\n|switch|p1a: Chien-Pao|Chien-Pao, L50|100\/100\n|-ability|p1a: Chien-Pao|Sword of Ruin\n|cant|p2b: Scream Tail|slp\n|move|p2a: Brute Bonnet|Sucker Punch||[still]\n|-fail|p2a: Brute Bonnet\n|\n|-damage|p2a: Brute Bonnet|69\/100 brn|[from] brn\n|upkeep\n|turn|5\n|\n|t:|1682329278\n|-curestatus|p2b: Scream Tail|slp|[msg]\n|move|p2b: Scream Tail|Protect|p2b: Scream Tail\n|-singleturn|p2b: Scream Tail|Protect\n|move|p1a: Chien-Pao|Night Slash|p1b: Tauros\n|-resisted|p1b: Tauros\n|-crit|p1b: Tauros\n|-damage|p1b: Tauros|70\/100\n|-setboost|p1b: Tauros|atk|6|[from] ability: Anger Point\n|move|p1b: Tauros|Trailblaze|p2b: Scream Tail\n|-activate|p2b: Scream Tail|move: Protect\n|move|p2a: Brute Bonnet|Spore|p1b: Tauros\n|-status|p1b: Tauros|slp|[from] move: Spore\n|\n|-damage|p2a: Brute Bonnet|63\/100 brn|[from] brn\n|upkeep\n|turn|6\n|inactive|emaster2048 has 30 seconds left.\n|\n|t:|1682329306\n|-end|p2a: Brute Bonnet|Protosynthesis|[silent]\n|switch|p2a: Palafin|Palafin-Hero, L50, F|100\/100\n|-activate|p2a: Palafin|ability: Zero to Hero\n|move|p1a: Chien-Pao|Ice Spinner|p2a: Palafin\n|-resisted|p2a: Palafin\n|-damage|p2a: Palafin|75\/100\n|move|p2b: Scream Tail|Encore|p1a: Chien-Pao\n|-start|p1a: Chien-Pao|Encore\n|cant|p1b: Tauros|slp\n|\n|upkeep\n|turn|7\n|inactive|Flytrapin has 30 seconds left.\n|\n|t:|1682329336\n|switch|p1a: Sableye|Sableye, L50, F|100\/100\n|-terastallize|p1b: Tauros|Fighting\n|move|p2b: Scream Tail|Protect|p2b: Scream Tail\n|-singleturn|p2b: Scream Tail|Protect\n|move|p2a: Palafin|Jet Punch|p1b: Tauros\n|-damage|p1b: Tauros|22\/100 slp\n|cant|p1b: Tauros|slp\n|\n|upkeep\n|turn|8\n|inactive|emaster2048 has 30 seconds left.\n|\n|t:|1682329370\n|move|p2b: Scream Tail|Protect|p2b: Scream Tail\n|-singleturn|p2b: Scream Tail|Protect\n|move|p2a: Palafin|Jet Punch|p1b: Tauros\n|-damage|p1b: Tauros|0 fnt\n|faint|p1b: Tauros\n|move|p1a: Sableye|Will-O-Wisp|p2a: Palafin\n|-status|p2a: Palafin|brn\n|\n|-damage|p2a: Palafin|69\/100 brn|[from] brn\n|upkeep\n|\n|t:|1682329378\n|switch|p1b: Toedscruel|Toedscruel, L50, M|10\/100\n|turn|9\n|\n|t:|1682329394\n|switch|p1b: Chien-Pao|Chien-Pao, L50|100\/100\n|-ability|p1b: Chien-Pao|Sword of Ruin\n|move|p2a: Palafin|Jet Punch|p1b: Chien-Pao\n|-damage|p1b: Chien-Pao|66\/100\n|move|p1a: Sableye|Thunder Wave|p2b: Scream Tail\n|-status|p2b: Scream Tail|par\n|move|p2b: Scream Tail|Encore|p1a: Sableye\n|-start|p1a: Sableye|Encore\n|\n|-damage|p2a: Palafin|63\/100 brn|[from] brn\n|upkeep\n|turn|10\n|\n|t:|1682329416\n|switch|p2a: Gothitelle|Gothitelle, L50, M|100\/100\n|switch|p1a: Toedscruel|Toedscruel, L50, M|10\/100\n|move|p1b: Chien-Pao|Sucker Punch||[still]\n|-fail|p1b: Chien-Pao\n|move|p2b: Scream Tail|Perish Song|p2b: Scream Tail\n|-start|p1a: Toedscruel|perish3|[silent]\n|-start|p1b: Chien-Pao|perish3|[silent]\n|-start|p2a: Gothitelle|perish3|[silent]\n|-start|p2b: Scream Tail|perish3|[silent]\n|-fieldactivate|move: Perish Song\n|\n|-start|p1b: Chien-Pao|perish3\n|-start|p1a: Toedscruel|perish3\n|-start|p2b: Scream Tail|perish3\n|-start|p2a: Gothitelle|perish3\n|upkeep\n|turn|11\n|inactive|Flytrapin has 30 seconds left.\n|\n|t:|1682329442\n|cant|p2b: Scream Tail|par\n|move|p2a: Gothitelle|Fake Out|p1b: Chien-Pao\n|-damage|p1b: Chien-Pao|56\/100\n|cant|p1b: Chien-Pao|flinch\n|move|p1a: Toedscruel|Acid Spray|p2a: Gothitelle\n|-damage|p2a: Gothitelle|94\/100\n|-unboost|p2a: Gothitelle|spd|2\n|\n|-heal|p2a: Gothitelle|99\/100|[from] item: Leftovers\n|-start|p1b: Chien-Pao|perish2\n|-start|p1a: Toedscruel|perish2\n|-start|p2b: Scream Tail|perish2\n|-start|p2a: Gothitelle|perish2\n|upkeep\n|turn|12\n|\n|t:|1682329459\n|move|p2b: Scream Tail|Protect|p2b: Scream Tail\n|-singleturn|p2b: Scream Tail|Protect\n|move|p2a: Gothitelle|Protect|p2a: Gothitelle\n|-singleturn|p2a: Gothitelle|Protect\n|move|p1b: Chien-Pao|Night Slash|p2b: Scream Tail\n|-activate|p2b: Scream Tail|move: Protect\n|move|p1a: Toedscruel|Spore|p2a: Gothitelle\n|-activate|p2a: Gothitelle|move: Protect\n|\n|-heal|p2a: Gothitelle|100\/100|[from] item: Leftovers\n|-start|p1b: Chien-Pao|perish1\n|-start|p1a: Toedscruel|perish1\n|-start|p2b: Scream Tail|perish1\n|-start|p2a: Gothitelle|perish1\n|upkeep\n|turn|13\n|inactive|emaster2048 has 30 seconds left.\n|\n|t:|1682329489\n|move|p1b: Chien-Pao|Ice Spinner|p2b: Scream Tail\n|-damage|p2b: Scream Tail|49\/100 par\n|move|p2b: Scream Tail|Encore|p1a: Toedscruel\n|-start|p1a: Toedscruel|Encore\n|move|p2a: Gothitelle|Thunder Wave|p1b: Chien-Pao\n|-status|p1b: Chien-Pao|par\n|move|p1a: Toedscruel|Spore|p2a: Gothitelle\n|-status|p2a: Gothitelle|slp|[from] move: Spore\n|\n|-start|p1a: Toedscruel|perish0\n|-start|p1b: Chien-Pao|perish0\n|-start|p2b: Scream Tail|perish0\n|-start|p2a: Gothitelle|perish0\n|upkeep\n|faint|p1a: Toedscruel\n|faint|p1b: Chien-Pao\n|faint|p2b: Scream Tail\n|-end|p2b: Scream Tail|Protosynthesis|[silent]\n|faint|p2a: Gothitelle\n|\n|t:|1682329505\n|switch|p1b: Sableye|Sableye, L50, F|100\/100\n|switch|p2b: Palafin|Palafin-Hero, L50, F|63\/100 brn\n|switch|p2a: Brute Bonnet|Brute Bonnet, L50|63\/100 brn\n|turn|14\n|\n|t:|1682329522\n|move|p2b: Palafin|Jet Punch|p1b: Sableye\n|-damage|p1b: Sableye|71\/100\n|move|p1b: Sableye|Snarl|p2b: Palafin|[spread] p2a,p2b\n|-resisted|p2a: Brute Bonnet\n|-damage|p2a: Brute Bonnet|59\/100 brn\n|-damage|p2b: Palafin|51\/100 brn\n|-unboost|p2a: Brute Bonnet|spa|1\n|-unboost|p2b: Palafin|spa|1\n|move|p2a: Brute Bonnet|Spore|p1b: Sableye\n|-status|p1b: Sableye|slp|[from] move: Spore\n|\n|-damage|p2b: Palafin|46\/100 brn|[from] brn\n|-damage|p2a: Brute Bonnet|53\/100 brn|[from] brn\n|upkeep\n|turn|15\n|\n|t:|1682329542\n|move|p2b: Palafin|Jet Punch|p1b: Sableye\n|-damage|p1b: Sableye|42\/100 slp\n|cant|p1b: Sableye|slp\n|move|p2a: Brute Bonnet|Pollen Puff|p1b: Sableye\n|-crit|p1b: Sableye\n|-damage|p1b: Sableye|0 fnt\n|faint|p1b: Sableye\n|-damage|p2a: Brute Bonnet|43\/100 brn|[from] item: Life Orb\n|\n|win|emaster2048\n|raw|Flytrapin's rating: 1065 → 1042<\/strong> (-23 for losing)\n|raw|emaster2048's rating: 1000 → 1047<\/strong> (+47 for winning)\n|l|\u2606Flytrapin\n|c|\u2606emaster2048|gg\n","uploadtime":1682329567,"views":30,"p1id":"flytrapin","p2id":"emaster2048","formatid":"gen9vgc2023regulationc","rating":1042,"private":0,"password":""}