{"id":"gen9vgc2023regulationc-1845765096","p1":"KB1107","p2":"Jixo","format":"[Gen 9] VGC 2023 Regulation C","log":"|j|\u2606KB1107\n|j|\u2606Jixo\n|t:|1681762440\n|gametype|doubles\n|player|p1|KB1107|102|1124\n|player|p2|Jixo|veteran|1033\n|teamsize|p1|6\n|teamsize|p2|6\n|gen|9\n|tier|[Gen 9] VGC 2023 Regulation C\n|rated|\n|rule|Species Clause: Limit one of each Pok\u00e9mon\n|rule|Item Clause: Limit one of each item\n|clearpoke\n|poke|p1|Torkoal, L50, F|\n|poke|p1|Scizor, L50, M|\n|poke|p1|Scovillain, L50, M|\n|poke|p1|Tinkaton, L50, F|\n|poke|p1|Dragonite, L50, F|\n|poke|p1|Garchomp, L50, M|\n|poke|p2|Sylveon, L50, M|\n|poke|p2|Meowscarada, L50, F|\n|poke|p2|Dondozo, L50, F|\n|poke|p2|Flutter Mane, L50|\n|poke|p2|Tatsugiri-Stretchy, L50, M|\n|poke|p2|Gholdengo, L50|\n|teampreview|4\nJixo has agreed to open team sheets.\n|\n|t:|1681762489\n|start\n|switch|p1a: Garchomp|Garchomp, L50, M|100\/100\n|switch|p1b: Scizor|Scizor, L50, M|100\/100\n|switch|p2a: Dondozo|Dondozo, L50, F|100\/100\n|switch|p2b: Flutter Mane|Flutter Mane, L50|100\/100\n|-enditem|p2b: Flutter Mane|Booster Energy\n|-activate|p2b: Flutter Mane|ability: Protosynthesis|[fromitem]\n|-start|p2b: Flutter Mane|protosynthesisspe\n|turn|1\n|\n|t:|1681762520\n|-end|p2b: Flutter Mane|Protosynthesis|[silent]\n|switch|p2b: Tatsugiri|Tatsugiri-Stretchy, L50, M, shiny|100\/100\n|-activate|p2b: Tatsugiri|ability: Commander|[of] p2a: Dondozo\n|-boost|p2a: Dondozo|atk|2\n|-boost|p2a: Dondozo|spa|2\n|-boost|p2a: Dondozo|spe|2\n|-boost|p2a: Dondozo|def|2\n|-boost|p2a: Dondozo|spd|2\n|switch|p1b: Torkoal|Torkoal, L50, F|100\/100\n|-weather|SunnyDay|[from] ability: Drought|[of] p1b: Torkoal\n|-item|p1b: Torkoal|Air Balloon\n|move|p1a: Garchomp|Earthquake|p2b: Tatsugiri|[spread] p2a\n|-miss|p1a: Garchomp|p2b: Tatsugiri\n|-immune|p1b: Torkoal\n|-damage|p2a: Dondozo|90\/100\n|move|p2a: Dondozo|Substitute|p2a: Dondozo\n|-start|p2a: Dondozo|Substitute\n|-damage|p2a: Dondozo|65\/100\n|\n|-weather|SunnyDay|[upkeep]\n|-heal|p2a: Dondozo|71\/100|[from] item: Leftovers\n|upkeep\n|turn|2\n|\n|t:|1681762546\n|move|p2a: Dondozo|Protect|p2a: Dondozo\n|-singleturn|p2a: Dondozo|Protect\n|move|p1a: Garchomp|Earthquake|p2a: Dondozo|[spread] \n|-miss|p1a: Garchomp|p2b: Tatsugiri\n|-activate|p2a: Dondozo|move: Protect\n|-immune|p1b: Torkoal\n|move|p1b: Torkoal|Yawn|p2a: Dondozo\n|-activate|p2a: Dondozo|move: Protect\n|\n|-weather|SunnyDay|[upkeep]\n|-heal|p2a: Dondozo|78\/100|[from] item: Leftovers\n|upkeep\n|turn|3\n|\n|t:|1681762561\n|-terastallize|p2a: Dondozo|Dragon\n|move|p1a: Garchomp|Earthquake|p2b: Tatsugiri|[spread] p2a\n|-miss|p1a: Garchomp|p2b: Tatsugiri\n|-immune|p1b: Torkoal\n|-activate|p2a: Dondozo|move: Substitute|[damage]\n|move|p2a: Dondozo|Order Up|p1a: Garchomp\n|-supereffective|p1a: Garchomp\n|-crit|p1a: Garchomp\n|-damage|p1a: Garchomp|0 fnt\n|faint|p1a: Garchomp\n|-boost|p2a: Dondozo|spe|1\n|move|p1b: Torkoal|Yawn||[still]\n|-fail|p1b: Torkoal\n|\n|-weather|SunnyDay|[upkeep]\n|-heal|p2a: Dondozo|84\/100|[from] item: Leftovers\n|upkeep\n|\n|t:|1681762584\n|switch|p1a: Scovillain|Scovillain, L50, M|100\/100\n|turn|4\n|\n|t:|1681762592\n|move|p1a: Scovillain|Protect|p1a: Scovillain\n|-singleturn|p1a: Scovillain|Protect\n|move|p1b: Torkoal|Protect|p1b: Torkoal\n|-singleturn|p1b: Torkoal|Protect\n|move|p2a: Dondozo|Earthquake|p1a: Scovillain|[spread] \n|-miss|p2a: Dondozo|p2b: Tatsugiri\n|-activate|p1a: Scovillain|move: Protect\n|-activate|p1b: Torkoal|move: Protect\n|\n|-weather|SunnyDay|[upkeep]\n|-heal|p2a: Dondozo|90\/100|[from] item: Leftovers\n|upkeep\n|turn|5\n|inactive|Battle timer is ON: inactive players will automatically lose when time's up. (requested by Jixo)\n|\n|t:|1681762671\n|move|p1a: Scovillain|Solar Beam||[still]\n|-prepare|p1a: Scovillain|Solar Beam\n|-anim|p1a: Scovillain|Solar Beam|p2a: Dondozo\n|-resisted|p2a: Dondozo\n|-end|p2a: Dondozo|Substitute\n|-damage|p1a: Scovillain|90\/100|[from] item: Life Orb\n|move|p2a: Dondozo|Order Up|p1b: Torkoal\n|-damage|p1b: Torkoal|64\/100\n|-enditem|p1b: Torkoal|Air Balloon\n|-boost|p2a: Dondozo|spe|1\n|move|p1b: Torkoal|Eruption|p2a: Dondozo|[spread] p2a\n|-miss|p1b: Torkoal|p2b: Tatsugiri\n|-resisted|p2a: Dondozo\n|-damage|p2a: Dondozo|81\/100\n|\n|-weather|none\n|-heal|p2a: Dondozo|87\/100|[from] item: Leftovers\n|upkeep\n|turn|6\n|inactive|KB1107 has 30 seconds left.\n|inactive|KB1107 has 20 seconds left.\n|inactive|KB1107 has 15 seconds left.\n|inactive|KB1107 has 10 seconds left.\n|\n|t:|1681762719\n|-terastallize|p1a: Scovillain|Dark\n|move|p2a: Dondozo|Earthquake|p1b: Torkoal|[spread] p1a,p1b\n|-miss|p2a: Dondozo|p2b: Tatsugiri\n|-supereffective|p1b: Torkoal\n|-damage|p1a: Scovillain|33\/100\n|-damage|p1b: Torkoal|17\/100\n|move|p1a: Scovillain|Tera Blast|p2a: Dondozo\n|-damage|p2a: Dondozo|58\/100\n|-damage|p1a: Scovillain|23\/100|[from] item: Life Orb\n|move|p1b: Torkoal|Yawn|p2a: Dondozo\n|-start|p2a: Dondozo|move: Yawn|[of] p1b: Torkoal\n|\n|-heal|p2a: Dondozo|64\/100|[from] item: Leftovers\n|upkeep\n|turn|7\n|inactive|KB1107 has 30 seconds left.\n|\n|t:|1681762753\n|move|p1a: Scovillain|Protect|p1a: Scovillain\n|-singleturn|p1a: Scovillain|Protect\n|move|p1b: Torkoal|Protect|p1b: Torkoal\n|-singleturn|p1b: Torkoal|Protect\n|move|p2a: Dondozo|Earthquake|p1a: Scovillain|[spread] \n|-miss|p2a: Dondozo|p2b: Tatsugiri\n|-activate|p1a: Scovillain|move: Protect\n|-activate|p1b: Torkoal|move: Protect\n|\n|-heal|p2a: Dondozo|71\/100|[from] item: Leftovers\n|-end|p2a: Dondozo|move: Yawn|[silent]\n|-status|p2a: Dondozo|slp\n|upkeep\n|turn|8\n|\n|t:|1681762772\n|cant|p2a: Dondozo|slp\n|move|p1a: Scovillain|Tera Blast|p2a: Dondozo\n|-damage|p2a: Dondozo|45\/100 slp\n|-damage|p1a: Scovillain|13\/100|[from] item: Life Orb\n|move|p1b: Torkoal|Earth Power|p2a: Dondozo\n|-damage|p2a: Dondozo|35\/100 slp\n|\n|-heal|p2a: Dondozo|41\/100 slp|[from] item: Leftovers\n|upkeep\n|turn|9\n|\n|t:|1681762788\n|switch|p1b: Scizor|Scizor, L50, M|100\/100\n|move|p1a: Scovillain|Protect|p1a: Scovillain\n|-singleturn|p1a: Scovillain|Protect\n|cant|p2a: Dondozo|slp\n|\n|-heal|p2a: Dondozo|48\/100 slp|[from] item: Leftovers\n|upkeep\n|turn|10\n|\n|t:|1681762810\n|switch|p1a: Torkoal|Torkoal, L50, F|17\/100\n|-weather|SunnyDay|[from] ability: Drought|[of] p1a: Torkoal\n|cant|p2a: Dondozo|slp\n|move|p1b: Scizor|Swords Dance|p1b: Scizor\n|-boost|p1b: Scizor|atk|2\n|\n|-weather|SunnyDay|[upkeep]\n|-heal|p2a: Dondozo|54\/100 slp|[from] item: Leftovers\n|upkeep\n|turn|11\n|\n|t:|1681762825\n|move|p1a: Torkoal|Protect|p1a: Torkoal\n|-singleturn|p1a: Torkoal|Protect\n|move|p1b: Scizor|Bullet Punch|p2a: Dondozo\n|-damage|p2a: Dondozo|45\/100 slp\n|-curestatus|p2a: Dondozo|slp|[msg]\n|move|p2a: Dondozo|Earthquake|p1b: Scizor|[spread] p1b\n|-miss|p2a: Dondozo|p2b: Tatsugiri\n|-activate|p1a: Torkoal|move: Protect\n|-damage|p1b: Scizor|57\/100\n|\n|-weather|SunnyDay|[upkeep]\n|-heal|p2a: Dondozo|51\/100|[from] item: Leftovers\n|upkeep\n|turn|12\n|c|\u2606Jixo|unaware\n|inactive|KB1107 has 30 seconds left.\n|inactive|KB1107 has 20 seconds left.\n|inactive|KB1107 has 15 seconds left.\n|inactive|KB1107 has 10 seconds left.\n|\n|t:|1681762870\n|move|p1b: Scizor|Bullet Punch|p2a: Dondozo\n|-damage|p2a: Dondozo|43\/100\n|move|p2a: Dondozo|Earthquake|p1b: Scizor|[spread] p1a,p1b\n|-miss|p2a: Dondozo|p2b: Tatsugiri\n|-supereffective|p1a: Torkoal\n|-crit|p1b: Scizor\n|-damage|p1a: Torkoal|0 fnt\n|-damage|p1b: Scizor|0 fnt\n|faint|p1a: Torkoal\n|faint|p1b: Scizor\n|\n|-weather|SunnyDay|[upkeep]\n|-heal|p2a: Dondozo|49\/100|[from] item: Leftovers\n|upkeep\n|inactive|KB1107 has 30 seconds left.\n|\n|t:|1681762901\n|switch|p1b: Scovillain|Scovillain, L50, M, tera:Dark|13\/100\n|turn|13\n|\n|t:|1681762907\n|move|p1b: Scovillain|Flamethrower|p2a: Dondozo\n|-resisted|p2a: Dondozo\n|-damage|p2a: Dondozo|28\/100\n|-damage|p1b: Scovillain|3\/100|[from] item: Life Orb\n|move|p2a: Dondozo|Order Up|p1b: Scovillain\n|-damage|p1b: Scovillain|0 fnt\n|faint|p1b: Scovillain\n|\n|win|Jixo\n|raw|KB1107's rating: 1124 → 1093<\/strong> (-31 for losing)\n|raw|Jixo's rating: 1033 → 1077<\/strong> (+44 for winning)\n|l|\u2606Jixo\n","uploadtime":1681762961,"views":11,"p1id":"kb1107","p2id":"jixo","formatid":"gen9vgc2023regulationc","rating":1077,"private":0,"password":""}