{"id":"gen9vgc2023regulationc-1857384648","p1":"Bigdaddychaddy","p2":"ShadyTigers","format":"[Gen 9] VGC 2023 Regulation C","log":"|j|\u2606Bigdaddychaddy\n|j|\u2606ShadyTigers\n|t:|1683184277\n|gametype|doubles\n|player|p1|Bigdaddychaddy|lucas|1218\n|player|p2|ShadyTigers|170|1184\n|teamsize|p1|6\n|teamsize|p2|6\n|gen|9\n|tier|[Gen 9] VGC 2023 Regulation C\n|rated|\n|rule|Species Clause: Limit one of each Pok\u00e9mon\n|rule|Item Clause: Limit one of each item\n|clearpoke\n|poke|p1|Arcanine, L50, M|\n|poke|p1|Palafin, L50, F|\n|poke|p1|Arboliva, L50, F|\n|poke|p1|Pawmot, L50, F|\n|poke|p1|Flutter Mane, L50|\n|poke|p1|Farigiraf, L50, M|\n|poke|p2|Roaring Moon, L50|\n|poke|p2|Iron Bundle, L50|\n|poke|p2|Arcanine, L50, F|\n|poke|p2|Amoonguss, L50, F|\n|poke|p2|Tyranitar, L50, F|\n|poke|p2|Palafin, L50, F|\n|teampreview|4\n|inactive|Battle timer is ON: inactive players will automatically lose when time's up. (requested by ShadyTigers)\n|\n|t:|1683184317\n|start\n|switch|p1a: Palafin|Palafin, L50, F|100\/100\n|switch|p1b: Flutter Mane|Flutter Mane, L50|100\/100\n|switch|p2a: Arcanine|Arcanine, L50, F|100\/100\n|switch|p2b: Roaring Moon|Roaring Moon, L50|100\/100\n|-ability|p2a: Arcanine|Intimidate|boost\n|-unboost|p1a: Palafin|atk|1\n|-unboost|p1b: Flutter Mane|atk|1\n|-enditem|p2b: Roaring Moon|Booster Energy\n|-activate|p2b: Roaring Moon|ability: Protosynthesis|[fromitem]\n|-start|p2b: Roaring Moon|protosynthesisspe\n|turn|1\n|\n|t:|1683184337\n|detailschange|p1a: Palafin|Palafin-Hero, L50, F\n|switch|p1a: Pawmot|Pawmot, L50, F|100\/100\n|move|p2b: Roaring Moon|Protect|p2b: Roaring Moon\n|-singleturn|p2b: Roaring Moon|Protect\n|move|p1b: Flutter Mane|Dazzling Gleam|p2b: Roaring Moon|[spread] p2a\n|-activate|p2b: Roaring Moon|move: Protect\n|-resisted|p2a: Arcanine\n|-damage|p2a: Arcanine|84\/100\n|move|p2a: Arcanine|Howl|p2a: Arcanine|[spread] p2a,p2b\n|-boost|p2a: Arcanine|atk|1\n|-boost|p2b: Roaring Moon|atk|1\n|\n|upkeep\n|turn|2\n|inactive|Bigdaddychaddy has 30 seconds left.\n|inactive|ShadyTigers has 30 seconds left.\n|inactive|Bigdaddychaddy has 20 seconds left.\n|inactive|Bigdaddychaddy has 15 seconds left.\n|inactive|Bigdaddychaddy has 10 seconds left.\n|\n|t:|1683184383\n|-end|p2b: Roaring Moon|Protosynthesis|[silent]\n|switch|p2b: Tyranitar|Tyranitar, L50, F|100\/100\n|-weather|Sandstorm|[from] ability: Sand Stream|[of] p2b: Tyranitar\n|move|p1a: Pawmot|Fake Out|p2b: Tyranitar\n|-resisted|p2b: Tyranitar\n|-damage|p2b: Tyranitar|96\/100\n|move|p1b: Flutter Mane|Dazzling Gleam|p2a: Arcanine|[spread] p2a,p2b\n|-resisted|p2a: Arcanine\n|-supereffective|p2b: Tyranitar\n|-damage|p2a: Arcanine|65\/100\n|-damage|p2b: Tyranitar|70\/100\n|move|p2a: Arcanine|Flare Blitz|p1b: Flutter Mane\n|-enditem|p1b: Flutter Mane|Focus Sash\n|-damage|p1b: Flutter Mane|1\/100\n|-damage|p2a: Arcanine|43\/100|[from] Recoil\n|\n|-weather|Sandstorm|[upkeep]\n|-damage|p1b: Flutter Mane|0 fnt|[from] Sandstorm\n|-damage|p1a: Pawmot|94\/100|[from] Sandstorm\n|faint|p1b: Flutter Mane\n|-end|p1b: Flutter Mane|Protosynthesis|[silent]\n|upkeep\n|\n|t:|1683184388\n|switch|p1b: Palafin|Palafin-Hero, L50, F|100\/100\n|-activate|p1b: Palafin|ability: Zero to Hero\n|turn|3\n|\n|t:|1683184406\n|switch|p2b: Amoonguss|Amoonguss, L50, F|100\/100\n|move|p2a: Arcanine|Protect|p2a: Arcanine\n|-singleturn|p2a: Arcanine|Protect\n|move|p1b: Palafin|Jet Punch|p2a: Arcanine\n|-activate|p2a: Arcanine|move: Protect\n|move|p1a: Pawmot|Close Combat|p2b: Amoonguss\n|-resisted|p2b: Amoonguss\n|-crit|p2b: Amoonguss\n|-damage|p2b: Amoonguss|66\/100\n|-unboost|p1a: Pawmot|def|1\n|-unboost|p1a: Pawmot|spd|1\n|\n|-weather|Sandstorm|[upkeep]\n|-damage|p1a: Pawmot|88\/100|[from] Sandstorm\n|-damage|p1b: Palafin|95\/100|[from] Sandstorm\n|-damage|p2b: Amoonguss|60\/100|[from] Sandstorm\n|upkeep\n|turn|4\n|inactive|Bigdaddychaddy has 30 seconds left.\n|\n|t:|1683184440\n|switch|p1a: Arboliva|Arboliva, L50, F|100\/100\n|move|p2b: Amoonguss|Rage Powder|p2b: Amoonguss\n|-singleturn|p2b: Amoonguss|move: Rage Powder\n|move|p2a: Arcanine|Will-O-Wisp|p1b: Palafin|[miss]\n|-miss|p2a: Arcanine|p1b: Palafin\n|move|p1b: Palafin|Ice Punch|p2b: Amoonguss\n|-supereffective|p2b: Amoonguss\n|-damage|p2b: Amoonguss|3\/100\n|-enditem|p2b: Amoonguss|Sitrus Berry|[eat]\n|-heal|p2b: Amoonguss|27\/100|[from] item: Sitrus Berry\n|\n|-weather|Sandstorm|[upkeep]\n|-damage|p1b: Palafin|89\/100|[from] Sandstorm\n|-damage|p1a: Arboliva|95\/100|[from] Sandstorm\n|-damage|p2b: Amoonguss|22\/100|[from] Sandstorm\n|-heal|p1a: Arboliva|100\/100|[from] item: Leftovers\n|upkeep\n|turn|5\n|\n|t:|1683184459\n|switch|p2b: Roaring Moon|Roaring Moon, L50|100\/100\n|-terastallize|p2a: Arcanine|Water\n|move|p1a: Arboliva|Protect|p1a: Arboliva\n|-singleturn|p1a: Arboliva|Protect\n|move|p2a: Arcanine|Will-O-Wisp|p1b: Palafin\n|-status|p1b: Palafin|brn\n|-enditem|p1b: Palafin|Lum Berry|[eat]\n|-curestatus|p1b: Palafin|brn|[msg]\n|move|p1b: Palafin|Ice Punch|p2b: Roaring Moon\n|-supereffective|p2b: Roaring Moon\n|-damage|p2b: Roaring Moon|32\/100\n|\n|-weather|Sandstorm|[upkeep]\n|-damage|p2b: Roaring Moon|25\/100|[from] Sandstorm\n|-damage|p1b: Palafin|83\/100|[from] Sandstorm\n|-damage|p1a: Arboliva|95\/100|[from] Sandstorm\n|-heal|p1a: Arboliva|100\/100|[from] item: Leftovers\n|upkeep\n|turn|6\n|c|\u2606ShadyTigers|bro you ladder rats are so annoying stop running weird shit\n|-message|ShadyTigers forfeited.\n|\n|win|Bigdaddychaddy\n|raw|Bigdaddychaddy's rating: 1218 → 1241<\/strong> (+23 for winning)\n|raw|ShadyTigers's rating: 1184 → 1161<\/strong> (-23 for losing)\n","uploadtime":1683184477,"views":9,"p1id":"bigdaddychaddy","p2id":"shadytigers","formatid":"gen9vgc2023regulationc","rating":1161,"private":0,"password":""}