{"id":"gen9vgc2023regulationc-1856642148","p1":"potinki","p2":"19402u","format":"[Gen 9] VGC 2023 Regulation C","log":"|j|\u2606potinki\n|j|\u260619402u\n|t:|1683086771\n|gametype|doubles\n|player|p1|potinki|acerola|1419\n|player|p2|19402u|2|1459\n|teamsize|p1|6\n|teamsize|p2|6\n|gen|9\n|tier|[Gen 9] VGC 2023 Regulation C\n|rated|\n|rule|Species Clause: Limit one of each Pok\u00e9mon\n|rule|Item Clause: Limit one of each item\n|clearpoke\n|poke|p1|Kingambit, L50, M|\n|poke|p1|Dondozo, L50, F|\n|poke|p1|Torkoal, L50, F|\n|poke|p1|Tatsugiri, L50, M|\n|poke|p1|Indeedee-F, L50, F|\n|poke|p1|Hatterene, L50, F|\n|poke|p2|Dragonite, L50, M|\n|poke|p2|Iron Hands, L50|\n|poke|p2|Amoonguss, L50, F|\n|poke|p2|Ting-Lu, L50|\n|poke|p2|Chien-Pao, L50|\n|poke|p2|Flutter Mane, L50|\n|teampreview|4\n19402u has agreed to open team sheets.\n|inactive|Battle timer is ON: inactive players will automatically lose when time's up. (requested by potinki)\n|\n|t:|1683086802\n|start\n|switch|p1a: Dondozo|Dondozo, L50, F|100\/100\n|switch|p1b: Indeedee|Indeedee-F, L50, F, shiny|100\/100\n|switch|p2a: Flutter Mane|Flutter Mane, L50, shiny|100\/100\n|switch|p2b: Chien-Pao|Chien-Pao, L50|100\/100\n|-ability|p2b: Chien-Pao|Sword of Ruin\n|-fieldstart|move: Psychic Terrain|[from] ability: Psychic Surge|[of] p1b: Indeedee\n|-enditem|p1b: Indeedee|Psychic Seed\n|-boost|p1b: Indeedee|spd|1|[from] item: Psychic Seed\n|-enditem|p2a: Flutter Mane|Booster Energy\n|-activate|p2a: Flutter Mane|ability: Protosynthesis|[fromitem]\n|-start|p2a: Flutter Mane|protosynthesisspa\n|turn|1\n|\n|t:|1683086813\n|switch|p1b: Tatsugiri|Tatsugiri, L50, M|100\/100\n|-activate|p1b: Tatsugiri|ability: Commander|[of] p1a: Dondozo\n|-boost|p1a: Dondozo|atk|2\n|-boost|p1a: Dondozo|spa|2\n|-boost|p1a: Dondozo|spe|2\n|-boost|p1a: Dondozo|def|2\n|-boost|p1a: Dondozo|spd|2\n|move|p2b: Chien-Pao|Ice Spinner|p1b: Tatsugiri|[miss]\n|-miss|p2b: Chien-Pao|p1b: Tatsugiri\n|move|p2a: Flutter Mane|Substitute|p2a: Flutter Mane\n|-start|p2a: Flutter Mane|Substitute\n|-damage|p2a: Flutter Mane|76\/100\n|move|p1a: Dondozo|Wave Crash|p2a: Flutter Mane\n|-crit|p2a: Flutter Mane\n|-end|p2a: Flutter Mane|Substitute\n|-damage|p1a: Dondozo|96\/100|[from] Recoil|[of] p2a: Flutter Mane\n|\n|upkeep\n|turn|2\n|inactive|19402u has 30 seconds left.\n|\n|t:|1683086842\n|switch|p2b: Amoonguss|Amoonguss, L50, F, shiny|100\/100\n|move|p2a: Flutter Mane|Protect|p2a: Flutter Mane\n|-singleturn|p2a: Flutter Mane|Protect\n|move|p1a: Dondozo|Wave Crash|p2b: Amoonguss\n|-resisted|p2b: Amoonguss\n|-damage|p2b: Amoonguss|32\/100\n|-enditem|p2b: Amoonguss|Sitrus Berry|[eat]\n|-heal|p2b: Amoonguss|57\/100|[from] item: Sitrus Berry\n|-damage|p1a: Dondozo|74\/100|[from] Recoil\n|\n|upkeep\n|turn|3\n|\n|t:|1683086856\n|move|p2a: Flutter Mane|Substitute|p2a: Flutter Mane\n|-start|p2a: Flutter Mane|Substitute\n|-damage|p2a: Flutter Mane|52\/100\n|move|p1a: Dondozo|Wave Crash|p2b: Amoonguss\n|-resisted|p2b: Amoonguss\n|-damage|p2b: Amoonguss|0 fnt\n|faint|p2b: Amoonguss\n|-damage|p1a: Dondozo|56\/100|[from] Recoil\n|\n|upkeep\n|\n|t:|1683086873\n|switch|p2b: Chien-Pao|Chien-Pao, L50|100\/100\n|-ability|p2b: Chien-Pao|Sword of Ruin\n|turn|4\n|\n|t:|1683086883\n|move|p2b: Chien-Pao|Protect|p2b: Chien-Pao\n|-singleturn|p2b: Chien-Pao|Protect\n|move|p2a: Flutter Mane|Moonblast|p1a: Dondozo\n|-damage|p1a: Dondozo|31\/100\n|move|p1a: Dondozo|Wave Crash|p2b: Chien-Pao\n|-activate|p2b: Chien-Pao|move: Protect\n|\n|upkeep\n|turn|5\n|\n|t:|1683086892\n|move|p2b: Chien-Pao|Sacred Sword|p1a: Dondozo\n|-damage|p1a: Dondozo|3\/100\n|move|p2a: Flutter Mane|Moonblast|p1a: Dondozo\n|-crit|p1a: Dondozo\n|-damage|p1a: Dondozo|0 fnt\n|faint|p1a: Dondozo\n|\n|-fieldend|move: Psychic Terrain\n|upkeep\n|\n|t:|1683086899\n|switch|p1a: Indeedee|Indeedee-F, L50, F, shiny|100\/100\n|-fieldstart|move: Psychic Terrain|[from] ability: Psychic Surge|[of] p1a: Indeedee\n|turn|6\n|\n|t:|1683086905\n|move|p1b: Tatsugiri|Muddy Water|p2a: Flutter Mane|[spread] p2a,p2b\n|-end|p2a: Flutter Mane|Substitute\n|-damage|p2b: Chien-Pao|43\/100\n|move|p2b: Chien-Pao|Ice Spinner|p1b: Tatsugiri\n|-damage|p1b: Tatsugiri|4\/100\n|-fieldend|move: Psychic Terrain\n|move|p2a: Flutter Mane|Moonblast|p1b: Tatsugiri\n|-supereffective|p1b: Tatsugiri\n|-damage|p1b: Tatsugiri|0 fnt\n|faint|p1b: Tatsugiri\n|move|p1a: Indeedee|Trick Room|p1a: Indeedee\n|-fieldstart|move: Trick Room|[of] p1a: Indeedee\n|\n|upkeep\n|\n|t:|1683086915\n|switch|p1b: Hatterene|Hatterene, L50, F|100\/100\n|turn|7\n|\n|t:|1683086934\n|-terastallize|p1b: Hatterene|Fire\n|move|p2a: Flutter Mane|Protect|p2a: Flutter Mane\n|-singleturn|p2a: Flutter Mane|Protect\n|move|p1a: Indeedee|Follow Me|p1a: Indeedee\n|-singleturn|p1a: Indeedee|move: Follow Me\n|move|p2b: Chien-Pao|Sucker Punch||[still]\n|-fail|p2b: Chien-Pao\n|move|p1b: Hatterene|Dazzling Gleam|p2b: Chien-Pao|[spread] p2b\n|-activate|p2a: Flutter Mane|move: Protect\n|-supereffective|p2b: Chien-Pao\n|-damage|p2b: Chien-Pao|0 fnt\n|faint|p2b: Chien-Pao\n|-damage|p1b: Hatterene|91\/100|[from] item: Life Orb\n|\n|upkeep\n|\n|t:|1683086940\n|switch|p2b: Iron Hands|Iron Hands, L50, shiny|100\/100\n|turn|8\n|inactive|19402u has 30 seconds left.\n|inactive|potinki has 30 seconds left.\n|inactive|19402u has 20 seconds left.\n|\n|t:|1683086981\n|-terastallize|p2b: Iron Hands|Grass\n|move|p2b: Iron Hands|Fake Out|p1b: Hatterene\n|-damage|p1b: Hatterene|73\/100\n|cant|p1b: Hatterene|flinch\n|move|p1a: Indeedee|Psychic|p2a: Flutter Mane\n|-damage|p2a: Flutter Mane|21\/100\n|move|p2a: Flutter Mane|Moonblast|p1b: Hatterene\n|-resisted|p1b: Hatterene\n|-damage|p1b: Hatterene|41\/100\n|\n|upkeep\n|turn|9\n|\n|t:|1683086995\n|move|p1a: Indeedee|Helping Hand|p1b: Hatterene\n|-singleturn|p1b: Hatterene|Helping Hand|[of] p1a: Indeedee\n|move|p2a: Flutter Mane|Protect|p2a: Flutter Mane\n|-singleturn|p2a: Flutter Mane|Protect\n|move|p1b: Hatterene|Dazzling Gleam|p2a: Flutter Mane|[spread] p2b\n|-activate|p2a: Flutter Mane|move: Protect\n|-damage|p2b: Iron Hands|65\/100\n|-damage|p1b: Hatterene|32\/100|[from] item: Life Orb\n|move|p2b: Iron Hands|Drain Punch|p1b: Hatterene\n|-damage|p1b: Hatterene|0 fnt\n|-heal|p2b: Iron Hands|75\/100|[from] drain|[of] p1b: Hatterene\n|faint|p1b: Hatterene\n|\n|upkeep\n|turn|10\n|\n|t:|1683087010\n|move|p2b: Iron Hands|Drain Punch|p1a: Indeedee\n|-damage|p1a: Indeedee|42\/100\n|-heal|p2b: Iron Hands|96\/100|[from] drain|[of] p1a: Indeedee\n|move|p1a: Indeedee|Psychic|p2a: Flutter Mane\n|-damage|p2a: Flutter Mane|0 fnt\n|faint|p2a: Flutter Mane\n|-end|p2a: Flutter Mane|Protosynthesis|[silent]\n|\n|-fieldend|move: Trick Room\n|upkeep\n|turn|11\n|-message|potinki forfeited.\n|\n|win|19402u\n|raw|potinki's rating: 1419 → 1401<\/strong> (-18 for losing)\n|raw|19402u's rating: 1459 → 1477<\/strong> (+18 for winning)\n|l|\u2606potinki\n","uploadtime":1683087023,"views":5,"p1id":"potinki","p2id":"19402u","formatid":"gen9vgc2023regulationc","rating":1401,"private":0,"password":""}