{"id":"gen9vgc2023regulationc-1851170689","p1":"kaizerfattah","p2":"Yash Nair","format":"[Gen 9] VGC 2023 Regulation C","log":"|j|\u2606kaizerfattah\n|j|\u2606Yash Nair\n|t:|1682420413\n|gametype|doubles\n|player|p1|kaizerfattah|hilda-wonderlauncher|1513\n|player|p2|Yash Nair|rocketexecutive-gen2|1560\n|teamsize|p1|6\n|teamsize|p2|6\n|gen|9\n|tier|[Gen 9] VGC 2023 Regulation C\n|rated|\n|rule|Species Clause: Limit one of each Pok\u00e9mon\n|rule|Item Clause: Limit one of each item\n|clearpoke\n|poke|p1|Dachsbun, L50, M|\n|poke|p1|Flutter Mane, L50|\n|poke|p1|Baxcalibur, L50, M|\n|poke|p1|Chi-Yu, L50|\n|poke|p1|Azumarill, L50, M|\n|poke|p1|Iron Hands, L50|\n|poke|p2|Gastrodon, L50, F|\n|poke|p2|Iron Hands, L50|\n|poke|p2|Flutter Mane, L50|\n|poke|p2|Chi-Yu, L50|\n|poke|p2|Corviknight, L50, F|\n|poke|p2|Baxcalibur, L50, M|\n|teampreview|4\n|inactive|Battle timer is ON: inactive players will automatically lose when time's up. (requested by kaizerfattah)\n|inactive|kaizerfattah has 60 seconds left.\n|inactive|Yash Nair has 60 seconds left.\n|inactive|Yash Nair has 30 seconds left.\n|l|\u2606kaizerfattah\n|inactive|kaizerfattah disconnected and has a minute to reconnect!\n|player|p1|\n|inactive|Yash Nair has 20 seconds left.\n|inactive|Yash Nair has 15 seconds left.\n|\n|t:|1682420500\n|start\n|switch|p1a: Ghost pepper|Flutter Mane, L50|100\/100\n|switch|p1b: Mustard|Iron Hands, L50|100\/100\n|switch|p2a: Iron Hands|Iron Hands, L50|100\/100\n|switch|p2b: Corviknight|Corviknight, L50, F, shiny|100\/100\n|-enditem|p1a: Ghost pepper|Booster Energy\n|-activate|p1a: Ghost pepper|ability: Protosynthesis|[fromitem]\n|-start|p1a: Ghost pepper|protosynthesisspe\n|turn|1\n|j|\u2606kaizerfattah\n|inactive|kaizerfattah reconnected and has 55 seconds left.\n|player|p1|kaizerfattah|hilda-wonderlauncher\n|\n|t:|1682420523\n|move|p1a: Ghost pepper|Protect|p1a: Ghost pepper\n|-singleturn|p1a: Ghost pepper|Protect\n|move|p2a: Iron Hands|Fake Out|p1b: Mustard\n|-damage|p1b: Mustard|90\/100\n|move|p2b: Corviknight|Iron Head|p1a: Ghost pepper\n|-activate|p1a: Ghost pepper|move: Protect\n|cant|p1b: Mustard|flinch\n|\n|upkeep\n|turn|2\n|\n|t:|1682420545\n|-end|p1a: Ghost pepper|Protosynthesis|[silent]\n|switch|p1a: Smoked fillet|Chi-Yu, L50|100\/100\n|-ability|p1a: Smoked fillet|Beads of Ruin\n|move|p2b: Corviknight|Iron Head|p1a: Smoked fillet\n|-resisted|p1a: Smoked fillet\n|-damage|p1a: Smoked fillet|77\/100\n|move|p2a: Iron Hands|Volt Switch|p1a: Smoked fillet\n|-damage|p1a: Smoked fillet|60\/100\n|\n|t:|1682420567\n|-end|p2a: Iron Hands|Quark Drive|[silent]\n|switch|p2a: Baxcalibur|Baxcalibur, L50, M|100\/100|[from] Volt Switch\n|move|p1b: Mustard|Wild Charge|p2b: Corviknight\n|-supereffective|p2b: Corviknight\n|-damage|p2b: Corviknight|13\/100\n|-enditem|p2b: Corviknight|Sitrus Berry|[eat]\n|-heal|p2b: Corviknight|38\/100|[from] item: Sitrus Berry\n|-damage|p1b: Mustard|71\/100|[from] Recoil\n|\n|upkeep\n|turn|3\n|inactive|kaizerfattah has 30 seconds left.\n|inactive|Yash Nair has 30 seconds left.\n|inactive|kaizerfattah has 20 seconds left.\n|inactive|Yash Nair has 20 seconds left.\n|\n|t:|1682420603\n|switch|p2b: Iron Hands|Iron Hands, L50|100\/100\n|move|p2a: Baxcalibur|Protect|p2a: Baxcalibur\n|-singleturn|p2a: Baxcalibur|Protect\n|move|p1a: Smoked fillet|Overheat|p2b: Iron Hands\n|-damage|p2b: Iron Hands|39\/100\n|-unboost|p1a: Smoked fillet|spa|2\n|move|p1b: Mustard|Drain Punch|p2a: Baxcalibur\n|-activate|p2a: Baxcalibur|move: Protect\n|\n|upkeep\n|turn|4\n|inactive|Yash Nair has 30 seconds left.\n|\n|t:|1682420630\n|switch|p1a: Ghost pepper|Flutter Mane, L50|100\/100\n|move|p2b: Iron Hands|Fake Out|p1b: Mustard\n|-damage|p1b: Mustard|61\/100\n|move|p2a: Baxcalibur|Glaive Rush|p1b: Mustard\n|-damage|p1b: Mustard|13\/100\n|-singlemove|p2a: Baxcalibur|Glaive Rush|[silent]\n|cant|p1b: Mustard|flinch\n|\n|upkeep\n|turn|5\n|inactive|kaizerfattah has 30 seconds left.\n|\n|t:|1682420658\n|-end|p2b: Iron Hands|Quark Drive|[silent]\n|switch|p2b: Corviknight|Corviknight, L50, F, shiny|38\/100\n|-end|p1b: Mustard|Quark Drive|[silent]\n|switch|p1b: Smoked fillet|Chi-Yu, L50|60\/100\n|-ability|p1b: Smoked fillet|Beads of Ruin\n|move|p2a: Baxcalibur|Protect|p2a: Baxcalibur\n|-singleturn|p2a: Baxcalibur|Protect\n|move|p1a: Ghost pepper|Dazzling Gleam|p2b: Corviknight|[spread] p2b\n|-activate|p2a: Baxcalibur|move: Protect\n|-resisted|p2b: Corviknight\n|-damage|p2b: Corviknight|18\/100\n|\n|upkeep\n|turn|6\n|inactive|kaizerfattah has 30 seconds left.\n|inactive|Yash Nair has 30 seconds left.\n|\n|t:|1682420685\n|-terastallize|p2a: Baxcalibur|Poison\n|move|p1b: Smoked fillet|Dark Pulse|p2a: Baxcalibur\n|-damage|p2a: Baxcalibur|42\/100\n|move|p1a: Ghost pepper|Dazzling Gleam|p2a: Baxcalibur|[spread] p2a,p2b\n|-resisted|p2a: Baxcalibur\n|-resisted|p2b: Corviknight\n|-damage|p2a: Baxcalibur|22\/100\n|-damage|p2b: Corviknight|0 fnt\n|faint|p2b: Corviknight\n|move|p2a: Baxcalibur|Glaive Rush|p1b: Smoked fillet\n|-damage|p1b: Smoked fillet|0 fnt\n|-singlemove|p2a: Baxcalibur|Glaive Rush|[silent]\n|faint|p1b: Smoked fillet\n|\n|upkeep\n|\n|t:|1682420709\n|switch|p1b: Popsicle|Baxcalibur, L50, M|100\/100\n|switch|p2b: Flutter Mane|Flutter Mane, L50|100\/100\n|turn|7\n|\n|t:|1682420727\n|-terastallize|p1b: Popsicle|Water\n|move|p2b: Flutter Mane|Protect|p2b: Flutter Mane\n|-singleturn|p2b: Flutter Mane|Protect\n|move|p1a: Ghost pepper|Protect|p1a: Ghost pepper\n|-singleturn|p1a: Ghost pepper|Protect\n|move|p2a: Baxcalibur|Protect|p2a: Baxcalibur\n|-singleturn|p2a: Baxcalibur|Protect\n|move|p1b: Popsicle|Icicle Spear|p2b: Flutter Mane\n|-activate|p2b: Flutter Mane|move: Protect\n|\n|upkeep\n|turn|8\n|inactive|Yash Nair has 30 seconds left.\n|\n|t:|1682420753\n|move|p2a: Baxcalibur|Ice Shard|p1a: Ghost pepper\n|-damage|p1a: Ghost pepper|54\/100\n|move|p1b: Popsicle|Ice Shard|p2a: Baxcalibur\n|-damage|p2a: Baxcalibur|0 fnt\n|faint|p2a: Baxcalibur\n|move|p2b: Flutter Mane|Shadow Ball|p1a: Ghost pepper\n|-supereffective|p1a: Ghost pepper\n|-crit|p1a: Ghost pepper\n|-damage|p1a: Ghost pepper|0 fnt\n|faint|p1a: Ghost pepper\n|-end|p1a: Ghost pepper|Protosynthesis|[silent]\n|\n|upkeep\n|\n|t:|1682420766\n|switch|p1a: Mustard|Iron Hands, L50|13\/100\n|switch|p2a: Iron Hands|Iron Hands, L50|39\/100\n|turn|9\n|j| Jarzy1\n|j| OVERBUS42\n|\n|t:|1682420786\n|move|p2a: Iron Hands|Fake Out|p1a: Mustard\n|-damage|p1a: Mustard|2\/100\n|move|p2b: Flutter Mane|Dazzling Gleam|p1b: Popsicle|[spread] p1a,p1b\n|-supereffective|p1a: Mustard\n|-damage|p1a: Mustard|0 fnt\n|-damage|p1b: Popsicle|74\/100\n|faint|p1a: Mustard\n|-end|p1a: Mustard|Quark Drive|[silent]\n|move|p1b: Popsicle|Icicle Spear|p2b: Flutter Mane\n|-damage|p2b: Flutter Mane|68\/100\n|-damage|p2b: Flutter Mane|36\/100\n|-damage|p2b: Flutter Mane|1\/100\n|-damage|p2b: Flutter Mane|0 fnt\n|faint|p2b: Flutter Mane\n|-end|p2b: Flutter Mane|Protosynthesis|[silent]\n|-hitcount|p2: Flutter Mane|4\n|\n|upkeep\n|turn|10\n|\n|t:|1682420809\n|move|p1b: Popsicle|Protect|p1b: Popsicle\n|-singleturn|p1b: Popsicle|Protect\n|move|p2a: Iron Hands|Wild Charge|p1b: Popsicle\n|-activate|p1b: Popsicle|move: Protect\n|\n|upkeep\n|turn|11\n|\n|t:|1682420816\n|move|p1b: Popsicle|Glaive Rush|p2a: Iron Hands\n|-damage|p2a: Iron Hands|0 fnt\n|-singlemove|p1b: Popsicle|Glaive Rush|[silent]\n|faint|p2a: Iron Hands\n|-end|p2a: Iron Hands|Quark Drive|[silent]\n|\n|win|kaizerfattah\n|raw|kaizerfattah's rating: 1513 → 1536<\/strong> (+23 for winning)\n|raw|Yash Nair's rating: 1560 → 1537<\/strong> (-23 for losing)\n|l|\u2606Yash Nair\n|l| Jarzy1\n","uploadtime":1682421003,"views":14,"p1id":"kaizerfattah","p2id":"yashnair","formatid":"gen9vgc2023regulationc","rating":1536,"private":0,"password":""}