{"id":"gen9vgc2023regulationc-1862840960","p1":"T0pAz777","p2":"Arcacagne","format":"[Gen 9] VGC 2023 Regulation C","log":"|j|\u2606T0pAz777\n|j|\u2606Arcacagne\n|t:|1683927992\n|gametype|doubles\n|player|p1|T0pAz777|169|1129\n|player|p2|Arcacagne|169|1212\n|teamsize|p1|6\n|teamsize|p2|6\n|gen|9\n|tier|[Gen 9] VGC 2023 Regulation C\n|rated|\n|rule|Species Clause: Limit one of each Pok\u00e9mon\n|rule|Item Clause: Limit one of each item\n|clearpoke\n|poke|p1|Chien-Pao, L50|\n|poke|p1|Flutter Mane, L50|\n|poke|p1|Iron Hands, L50|\n|poke|p1|Arcanine, L50, F|\n|poke|p1|Dondozo, L50, M|\n|poke|p1|Tatsugiri, L50, F|\n|poke|p2|Chi-Yu, L50|\n|poke|p2|Flutter Mane, L50|\n|poke|p2|Amoonguss, L50, M|\n|poke|p2|Ting-Lu, L50|\n|poke|p2|Iron Hands, L50|\n|poke|p2|Gyarados, L50, M|\n|teampreview|4\n|inactive|Battle timer is ON: inactive players will automatically lose when time's up. (requested by Arcacagne)\n|\n|t:|1683928039\n|start\n|switch|p1a: Iron Hands|Iron Hands, L50, shiny|100\/100\n|switch|p1b: Arcanine|Arcanine, L50, F, shiny|100\/100\n|switch|p2a: Ting-Lu|Ting-Lu, L50|100\/100\n|switch|p2b: Iron Hands|Iron Hands, L50|100\/100\n|-ability|p1b: Arcanine|Intimidate|boost\n|-unboost|p2a: Ting-Lu|atk|1\n|-unboost|p2b: Iron Hands|atk|1\n|-ability|p2a: Ting-Lu|Vessel of Ruin\n|turn|1\n|inactive|T0pAz777 has 30 seconds left.\n|inactive|Arcacagne has 30 seconds left.\n|inactive|Arcacagne has 20 seconds left.\n|inactive|Arcacagne has 15 seconds left.\n|\n|t:|1683928081\n|switch|p2a: Gyarados|Gyarados, L50, M|100\/100\n|-ability|p2a: Gyarados|Intimidate|boost\n|-unboost|p1a: Iron Hands|atk|1\n|-unboost|p1b: Arcanine|atk|1\n|move|p1a: Iron Hands|Detect|p1a: Iron Hands\n|-singleturn|p1a: Iron Hands|Protect\n|move|p1b: Arcanine|Will-O-Wisp|p2b: Iron Hands\n|-status|p2b: Iron Hands|brn\n|-enditem|p2b: Iron Hands|Lum Berry|[eat]\n|-curestatus|p2b: Iron Hands|brn|[msg]\n|move|p2b: Iron Hands|Swords Dance|p2b: Iron Hands\n|-boost|p2b: Iron Hands|atk|2\n|\n|upkeep\n|turn|2\n|inactive|T0pAz777 has 30 seconds left.\n|inactive|Arcacagne has 30 seconds left.\n|inactive|Arcacagne has 20 seconds left.\n|\n|t:|1683928117\n|switch|p2a: Ting-Lu|Ting-Lu, L50|100\/100\n|-ability|p2a: Ting-Lu|Vessel of Ruin\n|move|p1b: Arcanine|Will-O-Wisp|p2b: Iron Hands\n|-status|p2b: Iron Hands|brn\n|move|p1a: Iron Hands|Swords Dance|p1a: Iron Hands\n|-boost|p1a: Iron Hands|atk|2\n|move|p2b: Iron Hands|Swords Dance|p2b: Iron Hands\n|-boost|p2b: Iron Hands|atk|2\n|\n|-damage|p2b: Iron Hands|95\/100 brn|[from] brn\n|upkeep\n|turn|3\n|inactive|Arcacagne has 30 seconds left.\n|\n|t:|1683928151\n|-terastallize|p2a: Ting-Lu|Poison\n|move|p1b: Arcanine|Will-O-Wisp|p2a: Ting-Lu|[miss]\n|-miss|p1b: Arcanine|p2a: Ting-Lu\n|move|p2a: Ting-Lu|Stomping Tantrum|p1b: Arcanine\n|-supereffective|p1b: Arcanine\n|-damage|p1b: Arcanine|0 fnt\n|faint|p1b: Arcanine\n|move|p1a: Iron Hands|Swords Dance|p1a: Iron Hands\n|-boost|p1a: Iron Hands|atk|2\n|move|p2b: Iron Hands|Drain Punch|p1a: Iron Hands\n|-damage|p1a: Iron Hands|74\/100\n|-heal|p2b: Iron Hands|100\/100 brn|[from] drain|[of] p1a: Iron Hands\n|\n|-damage|p2b: Iron Hands|95\/100 brn|[from] brn\n|upkeep\n|\n|t:|1683928174\n|switch|p1b: Chien-Pao|Chien-Pao, L50|100\/100\n|-ability|p1b: Chien-Pao|Sword of Ruin\n|turn|4\n|inactive|T0pAz777 has 30 seconds left.\n|inactive|T0pAz777 has 20 seconds left.\n|\n|t:|1683928212\n|move|p1b: Chien-Pao|Ice Spinner|p2b: Iron Hands\n|-damage|p2b: Iron Hands|59\/100 brn\n|move|p2a: Ting-Lu|Stomping Tantrum|p1a: Iron Hands\n|-supereffective|p1a: Iron Hands\n|-damage|p1a: Iron Hands|0 fnt\n|faint|p1a: Iron Hands\n|-end|p1a: Iron Hands|Quark Drive|[silent]\n|move|p2b: Iron Hands|Swords Dance|p2b: Iron Hands\n|-boost|p2b: Iron Hands|atk|2\n|\n|-damage|p2b: Iron Hands|53\/100 brn|[from] brn\n|upkeep\n|\n|t:|1683928225\n|switch|p1a: Flutter Mane|Flutter Mane, L50, shiny|100\/100\n|turn|5\n|inactive|T0pAz777 has 30 seconds left.\n|\n|t:|1683928251\n|switch|p2a: Gyarados|Gyarados, L50, M|100\/100\n|-ability|p2a: Gyarados|Intimidate|boost\n|-unboost|p1a: Flutter Mane|atk|1\n|-unboost|p1b: Chien-Pao|atk|1\n|move|p1b: Chien-Pao|Haze|p1b: Chien-Pao\n|-clearallboost\n|move|p1a: Flutter Mane|Shadow Ball|p2a: Gyarados\n|-damage|p2a: Gyarados|50\/100\n|-unboost|p2a: Gyarados|spd|1\n|move|p2b: Iron Hands|Drain Punch|p1b: Chien-Pao\n|-supereffective|p1b: Chien-Pao\n|-damage|p1b: Chien-Pao|3\/100\n|-heal|p2b: Iron Hands|84\/100 brn|[from] drain|[of] p1b: Chien-Pao\n|\n|-damage|p2b: Iron Hands|78\/100 brn|[from] brn\n|upkeep\n|turn|6\n|\n|t:|1683928275\n|move|p2a: Gyarados|Protect|p2a: Gyarados\n|-singleturn|p2a: Gyarados|Protect\n|move|p1b: Chien-Pao|Ice Spinner|p2b: Iron Hands\n|-damage|p2b: Iron Hands|43\/100 brn\n|move|p1a: Flutter Mane|Shadow Ball|p2a: Gyarados\n|-activate|p2a: Gyarados|move: Protect\n|move|p2b: Iron Hands|Drain Punch|p1b: Chien-Pao\n|-supereffective|p1b: Chien-Pao\n|-damage|p1b: Chien-Pao|0 fnt\n|-heal|p2b: Iron Hands|44\/100 brn|[from] drain|[of] p1b: Chien-Pao\n|faint|p1b: Chien-Pao\n|\n|-damage|p2b: Iron Hands|38\/100 brn|[from] brn\n|upkeep\n|turn|7\n|\n|t:|1683928298\n|switch|p2a: Amoonguss|Amoonguss, L50, M|100\/100\n|move|p1a: Flutter Mane|Shadow Ball|p2a: Amoonguss\n|-damage|p2a: Amoonguss|38\/100\n|-enditem|p2a: Amoonguss|Sitrus Berry|[eat]\n|-heal|p2a: Amoonguss|63\/100|[from] item: Sitrus Berry\n|move|p2b: Iron Hands|Thunder Punch|p1a: Flutter Mane\n|-damage|p1a: Flutter Mane|71\/100\n|\n|-damage|p2b: Iron Hands|32\/100 brn|[from] brn\n|upkeep\n|turn|8\n|inactive|Arcacagne has 30 seconds left.\n|\n|t:|1683928328\n|move|p1a: Flutter Mane|Shadow Ball|p2a: Amoonguss\n|-damage|p2a: Amoonguss|7\/100\n|-unboost|p2a: Amoonguss|spd|1\n|move|p2b: Iron Hands|Thunder Punch|p1a: Flutter Mane\n|-damage|p1a: Flutter Mane|40\/100\n|-status|p1a: Flutter Mane|par\n|move|p2a: Amoonguss|Spore||[still]\n|-fail|p2a: Amoonguss\n|\n|-damage|p2b: Iron Hands|26\/100 brn|[from] brn\n|upkeep\n|turn|9\n|\n|t:|1683928349\n|move|p1a: Flutter Mane|Shadow Ball|p2b: Iron Hands\n|-damage|p2b: Iron Hands|0 fnt\n|faint|p2b: Iron Hands\n|-end|p2b: Iron Hands|Quark Drive|[silent]\n|move|p2a: Amoonguss|Pollen Puff|p2: Iron Hands|[notarget]\n|-fail|p2a: Amoonguss\n|\n|upkeep\n|\n|t:|1683928359\n|switch|p2b: Gyarados|Gyarados, L50, M|50\/100\n|-ability|p2b: Gyarados|Intimidate|boost\n|-unboost|p1a: Flutter Mane|atk|1\n|turn|10\n|\n|t:|1683928370\n|move|p2a: Amoonguss|Rage Powder|p2a: Amoonguss\n|-singleturn|p2a: Amoonguss|move: Rage Powder\n|move|p2b: Gyarados|Waterfall|p1a: Flutter Mane\n|-damage|p1a: Flutter Mane|0 fnt\n|faint|p1a: Flutter Mane\n|-end|p1a: Flutter Mane|Protosynthesis|[silent]\n|\n|win|Arcacagne\n|raw|T0pAz777's rating: 1129 → 1110<\/strong> (-19 for losing)\n|raw|Arcacagne's rating: 1212 → 1231<\/strong> (+19 for winning)\n|l|\u2606T0pAz777\n","uploadtime":1683928381,"views":13,"p1id":"t0paz777","p2id":"arcacagne","formatid":"gen9vgc2023regulationc","rating":1110,"private":0,"password":""}