{"id":"gen9vgc2023regulationc-1849631403","p1":"Kirizioros","p2":"hugs1986","format":"[Gen 9] VGC 2023 Regulation C","log":"|j|\u2606Kirizioros\n|j|\u2606hugs1986\n|t:|1682222842\n|gametype|doubles\n|player|p1|Kirizioros|lance|1045\n|player|p2|hugs1986|101|1122\n|teamsize|p1|6\n|teamsize|p2|6\n|gen|9\n|tier|[Gen 9] VGC 2023 Regulation C\n|rated|\n|rule|Species Clause: Limit one of each Pok\u00e9mon\n|rule|Item Clause: Limit one of each item\n|clearpoke\n|poke|p1|Dondozo, L50, F|\n|poke|p1|Tatsugiri-Stretchy, L50, M|\n|poke|p1|Chi-Yu, L50|\n|poke|p1|Flutter Mane, L50|\n|poke|p1|Dragonite, L50, F|\n|poke|p1|Glimmora, L50, F|\n|poke|p2|Iron Valiant, L50|\n|poke|p2|Baxcalibur, L50, M|\n|poke|p2|Kilowattrel, L50, F|\n|poke|p2|Bellibolt, L50, M|\n|poke|p2|Iron Treads, L50|\n|poke|p2|Pincurchin, L50, F|\n|teampreview|4\n|\n|t:|1682222878\n|start\n|switch|p1a: Glimmora|Glimmora, L50, F|100\/100\n|switch|p1b: Dondozo|Dondozo, L50, F|100\/100\n|switch|p2a: Pincurchin|Pincurchin, L50, F|100\/100\n|switch|p2b: Bellibolt|Bellibolt, L50, M|100\/100\n|-fieldstart|move: Electric Terrain|[from] ability: Electric Surge|[of] p2a: Pincurchin\n|-enditem|p2b: Bellibolt|Electric Seed\n|-boost|p2b: Bellibolt|def|1|[from] item: Electric Seed\n|turn|1\n|\n|t:|1682222897\n|move|p2b: Bellibolt|Protect|p2b: Bellibolt\n|-singleturn|p2b: Bellibolt|Protect\n|move|p1b: Dondozo|Protect|p1b: Dondozo\n|-singleturn|p1b: Dondozo|Protect\n|move|p2a: Pincurchin|Protect|p2a: Pincurchin\n|-singleturn|p2a: Pincurchin|Protect\n|move|p1a: Glimmora|Toxic|p2b: Bellibolt\n|-activate|p2b: Bellibolt|move: Protect\n|\n|upkeep\n|turn|2\n|\n|t:|1682222919\n|switch|p2b: Iron Treads|Iron Treads, L50|100\/100\n|-activate|p2b: Iron Treads|ability: Quark Drive\n|-start|p2b: Iron Treads|quarkdrivedef\n|move|p1a: Glimmora|Earth Power|p2b: Iron Treads\n|-supereffective|p2b: Iron Treads\n|-damage|p2b: Iron Treads|47\/100\n|move|p1b: Dondozo|Bulldoze|p2a: Pincurchin|[spread] p1a,p2a,p2b\n|-supereffective|p1a: Glimmora\n|-supereffective|p2a: Pincurchin\n|-supereffective|p2b: Iron Treads\n|-damage|p1a: Glimmora|53\/100\n|-damage|p2a: Pincurchin|81\/100\n|-damage|p2b: Iron Treads|36\/100\n|-unboost|p1a: Glimmora|spe|1\n|-unboost|p2a: Pincurchin|spe|1\n|-unboost|p2b: Iron Treads|spe|1\n|-activate|p1a: Glimmora|ability: Toxic Debris\n|-sidestart|p2: hugs1986|move: Toxic Spikes\n|move|p2a: Pincurchin|Memento|p1b: Dondozo\n|-unboost|p1b: Dondozo|atk|2\n|-unboost|p1b: Dondozo|spa|2\n|faint|p2a: Pincurchin\n|\n|upkeep\n|\n|t:|1682222939\n|switch|p2a: Bellibolt|Bellibolt, L50, M|100\/100\n|-status|p2a: Bellibolt|psn\n|turn|3\n|\n|t:|1682222969\n|move|p1a: Glimmora|Spiky Shield|p1a: Glimmora\n|-singleturn|p1a: Glimmora|move: Protect\n|move|p2a: Bellibolt|Protect|p2a: Bellibolt\n|-singleturn|p2a: Bellibolt|Protect\n|move|p2b: Iron Treads|Earthquake|p1b: Dondozo|[spread] p1b\n|-activate|p2a: Bellibolt|move: Protect\n|-activate|p1a: Glimmora|move: Protect\n|-damage|p1b: Dondozo|80\/100\n|move|p1b: Dondozo|Bulldoze|p2b: Iron Treads|[spread] p2b\n|-activate|p1a: Glimmora|move: Protect\n|-activate|p2a: Bellibolt|move: Protect\n|-supereffective|p2b: Iron Treads\n|-damage|p2b: Iron Treads|30\/100\n|-unboost|p2b: Iron Treads|spe|1\n|\n|-damage|p2a: Bellibolt|88\/100 psn|[from] psn\n|upkeep\n|turn|4\n|\n|t:|1682222993\n|-terastallize|p2a: Bellibolt|Water\n|move|p1a: Glimmora|Earth Power|p2b: Iron Treads\n|-supereffective|p2b: Iron Treads\n|-damage|p2b: Iron Treads|0 fnt\n|faint|p2b: Iron Treads\n|-end|p2b: Iron Treads|Quark Drive|[silent]\n|move|p2a: Bellibolt|Parabolic Charge|p1b: Dondozo|[spread] p1a,p1b\n|-supereffective|p1b: Dondozo\n|-damage|p1a: Glimmora|15\/100\n|-heal|p2a: Bellibolt|100\/100 psn|[from] drain|[of] p1a: Glimmora\n|-damage|p1b: Dondozo|42\/100\n|-enditem|p1b: Dondozo|Sitrus Berry|[eat]\n|-heal|p1b: Dondozo|67\/100|[from] item: Sitrus Berry\n|move|p1b: Dondozo|Wave Crash|p2a: Bellibolt\n|-resisted|p2a: Bellibolt\n|-damage|p2a: Bellibolt|92\/100 psn\n|-start|p2a: Bellibolt|Charge|Wave Crash|[from] ability: Electromorphosis\n|-damage|p1b: Dondozo|65\/100|[from] Recoil\n|\n|-damage|p2a: Bellibolt|80\/100 psn|[from] psn\n|upkeep\n|\n|t:|1682223014\n|switch|p2b: Iron Valiant|Iron Valiant, L50|100\/100\n|-status|p2b: Iron Valiant|psn\n|-activate|p2b: Iron Valiant|ability: Quark Drive\n|-start|p2b: Iron Valiant|quarkdrivespe\n|turn|5\n|\n|t:|1682223037\n|move|p1a: Glimmora|Spiky Shield|p1a: Glimmora\n|-singleturn|p1a: Glimmora|move: Protect\n|move|p1b: Dondozo|Protect|p1b: Dondozo\n|-singleturn|p1b: Dondozo|Protect\n|move|p2b: Iron Valiant|Drain Punch|p1b: Dondozo\n|-activate|p1b: Dondozo|move: Protect\n|move|p2a: Bellibolt|Parabolic Charge|p1b: Dondozo|[spread] p2b\n|-activate|p1a: Glimmora|move: Protect\n|-activate|p1b: Dondozo|move: Protect\n|-damage|p2b: Iron Valiant|0 fnt\n|-heal|p2a: Bellibolt|100\/100 psn|[from] drain|[of] p2b: Iron Valiant\n|faint|p2b: Iron Valiant\n|-end|p2b: Iron Valiant|Quark Drive|[silent]\n|-end|p2a: Bellibolt|Charge|[silent]\n|\n|-damage|p2a: Bellibolt|88\/100 psn|[from] psn\n|upkeep\n|turn|6\n|-message|hugs1986 forfeited.\n|\n|win|Kirizioros\n|raw|Kirizioros's rating: 1045 → 1086<\/strong> (+41 for winning)\n|raw|hugs1986's rating: 1122 → 1092<\/strong> (-30 for losing)\n|l|\u2606hugs1986\n","uploadtime":1682223056,"views":18,"p1id":"kirizioros","p2id":"hugs1986","formatid":"gen9vgc2023regulationc","rating":1086,"private":0,"password":""}