{"id":"gen9vgc2023regulationc-1857156383","p1":"NicoHaxVGC","p2":"Daiji256","format":"[Gen 9] VGC 2023 Regulation C","log":"|j|\u2606NicoHaxVGC\n|j|\u2606Daiji256\n|t:|1683151837\n|gametype|doubles\n|player|p1|NicoHaxVGC|red|1329\n|player|p2|Daiji256|supernerd|1341\n|teamsize|p1|6\n|teamsize|p2|6\n|gen|9\n|tier|[Gen 9] VGC 2023 Regulation C\n|rated|\n|rule|Species Clause: Limit one of each Pok\u00e9mon\n|rule|Item Clause: Limit one of each item\n|clearpoke\n|poke|p1|Corviknight, L50, F|\n|poke|p1|Ting-Lu, L50|\n|poke|p1|Annihilape, L50, M|\n|poke|p1|Maushold, L50|\n|poke|p1|Iron Bundle, L50|\n|poke|p1|Flutter Mane, L50|\n|poke|p2|Glimmora, L50, F|\n|poke|p2|Dragonite, L50, F|\n|poke|p2|Dondozo, L50, F|\n|poke|p2|Tatsugiri, L50, F|\n|poke|p2|Flutter Mane, L50|\n|poke|p2|Chi-Yu, L50|\n|teampreview|4\n|inactive|Battle timer is ON: inactive players will automatically lose when time's up. (requested by Daiji256)\n|inactive|NicoHaxVGC also wants the timer to be on.\n|inactive|NicoHaxVGC has 60 seconds left.\n|\n|t:|1683151881\n|start\n|switch|p1a: Cyborg|Iron Bundle, L50|100\/100\n|switch|p1b: Star fire|Flutter Mane, L50|100\/100\n|switch|p2a: Glimmora|Glimmora, L50, F|100\/100\n|switch|p2b: Dondozo|Dondozo, L50, F|100\/100\n|-enditem|p1a: Cyborg|Booster Energy\n|-activate|p1a: Cyborg|ability: Quark Drive|[fromitem]\n|-start|p1a: Cyborg|quarkdrivespe\n|turn|1\n|\n|t:|1683151906\n|move|p1a: Cyborg|Hydro Pump|p2a: Glimmora\n|-supereffective|p2a: Glimmora\n|-crit|p2a: Glimmora\n|-damage|p2a: Glimmora|0 fnt\n|faint|p2a: Glimmora\n|move|p1b: Star fire|Thunderbolt|p2b: Dondozo\n|-supereffective|p2b: Dondozo\n|-damage|p2b: Dondozo|41\/100\n|move|p2b: Dondozo|Yawn|p1a: Cyborg\n|-start|p1a: Cyborg|move: Yawn|[of] p2b: Dondozo\n|\n|-heal|p2b: Dondozo|47\/100|[from] item: Leftovers\n|upkeep\n|\n|t:|1683151919\n|switch|p2a: Chi-Yu|Chi-Yu, L50|100\/100\n|-ability|p2a: Chi-Yu|Beads of Ruin\n|turn|2\n|inactive|Daiji256 has 30 seconds left.\n|inactive|Daiji256 has 20 seconds left.\n|\n|t:|1683151957\n|move|p2b: Dondozo|Protect|p2b: Dondozo\n|-singleturn|p2b: Dondozo|Protect\n|move|p1a: Cyborg|Hydro Pump|p2a: Chi-Yu\n|-supereffective|p2a: Chi-Yu\n|-enditem|p2a: Chi-Yu|Focus Sash\n|-damage|p2a: Chi-Yu|1\/100\n|move|p1b: Star fire|Thunderbolt|p2b: Dondozo\n|-activate|p2b: Dondozo|move: Protect\n|move|p2a: Chi-Yu|Flamethrower|p1b: Star fire\n|-damage|p1b: Star fire|41\/100\n|\n|-heal|p2b: Dondozo|54\/100|[from] item: Leftovers\n|-end|p1a: Cyborg|move: Yawn|[silent]\n|-status|p1a: Cyborg|slp\n|upkeep\n|turn|3\n|inactive|NicoHaxVGC has 30 seconds left.\n|\n|t:|1683151983\n|-terastallize|p2b: Dondozo|Grass\n|move|p2a: Chi-Yu|Protect|p2a: Chi-Yu\n|-singleturn|p2a: Chi-Yu|Protect\n|cant|p1a: Cyborg|slp\n|move|p1b: Star fire|Thunderbolt|p2b: Dondozo\n|-resisted|p2b: Dondozo\n|-damage|p2b: Dondozo|35\/100\n|move|p2b: Dondozo|Bulldoze|p1b: Star fire|[spread] p1a,p1b\n|-activate|p2a: Chi-Yu|move: Protect\n|-damage|p1a: Cyborg|89\/100 slp\n|-damage|p1b: Star fire|24\/100\n|-unboost|p1a: Cyborg|spe|1\n|-unboost|p1b: Star fire|spe|1\n|\n|-heal|p2b: Dondozo|42\/100|[from] item: Leftovers\n|upkeep\n|turn|4\n|inactive|NicoHaxVGC has 30 seconds left.\n|inactive|Daiji256 has 30 seconds left.\n|\n|t:|1683152014\n|switch|p2b: Flutter Mane|Flutter Mane, L50|100\/100\n|-enditem|p2b: Flutter Mane|Booster Energy\n|-activate|p2b: Flutter Mane|ability: Protosynthesis|[fromitem]\n|-start|p2b: Flutter Mane|protosynthesisspe\n|cant|p1a: Cyborg|slp\n|move|p2a: Chi-Yu|Flamethrower|p1b: Star fire\n|-damage|p1b: Star fire|0 fnt\n|faint|p1b: Star fire\n|-end|p1b: Star fire|Protosynthesis|[silent]\n|\n|upkeep\n|\n|t:|1683152031\n|switch|p1b: Robin|Annihilape, L50, M|100\/100\n|turn|5\n|\n|t:|1683152049\n|-terastallize|p1b: Robin|Water\n|move|p2b: Flutter Mane|Hex|p1a: Cyborg\n|-damage|p1a: Cyborg|0 fnt\n|faint|p1a: Cyborg\n|-end|p1a: Cyborg|Quark Drive|[silent]\n|move|p2a: Chi-Yu|Dark Pulse|p1b: Robin\n|-damage|p1b: Robin|44\/100\n|move|p1b: Robin|Rage Fist|p2b: Flutter Mane\n|-supereffective|p2b: Flutter Mane\n|-damage|p2b: Flutter Mane|0 fnt\n|faint|p2b: Flutter Mane\n|-end|p2b: Flutter Mane|Protosynthesis|[silent]\n|\n|-heal|p1b: Robin|50\/100|[from] item: Leftovers\n|upkeep\n|\n|t:|1683152061\n|switch|p1a: Maushold|Maushold, L50|100\/100\n|switch|p2b: Dondozo|Dondozo, L50, F, tera:Grass|42\/100\n|turn|6\n|\n|t:|1683152075\n|move|p2a: Chi-Yu|Protect|p2a: Chi-Yu\n|-singleturn|p2a: Chi-Yu|Protect\n|move|p1a: Maushold|Follow Me|p1a: Maushold\n|-singleturn|p1a: Maushold|move: Follow Me\n|move|p1b: Robin|Rage Fist|p2b: Dondozo\n|-damage|p2b: Dondozo|16\/100\n|move|p2b: Dondozo|Bulldoze|p1b: Robin|[spread] p1a,p1b\n|-activate|p2a: Chi-Yu|move: Protect\n|-damage|p1a: Maushold|88\/100\n|-damage|p1b: Robin|43\/100\n|-unboost|p1a: Maushold|spe|1\n|-unboost|p1b: Robin|spe|1\n|-ability|p1b: Robin|Defiant|boost\n|-boost|p1b: Robin|atk|2\n|\n|-heal|p1b: Robin|49\/100|[from] item: Leftovers\n|-heal|p2b: Dondozo|22\/100|[from] item: Leftovers\n|upkeep\n|turn|7\n|\n|t:|1683152094\n|move|p1a: Maushold|Follow Me|p1a: Maushold\n|-singleturn|p1a: Maushold|move: Follow Me\n|move|p2a: Chi-Yu|Dark Pulse|p1a: Maushold\n|-damage|p1a: Maushold|28\/100\n|move|p1b: Robin|Drain Punch|p2a: Chi-Yu\n|-supereffective|p2a: Chi-Yu\n|-damage|p2a: Chi-Yu|0 fnt\n|-heal|p1b: Robin|50\/100|[from] drain|[of] p2a: Chi-Yu\n|faint|p2a: Chi-Yu\n|move|p2b: Dondozo|Wave Crash|p1a: Maushold\n|-crit|p1a: Maushold\n|-damage|p1a: Maushold|0 fnt\n|faint|p1a: Maushold\n|-damage|p2b: Dondozo|16\/100|[from] Recoil\n|\n|-heal|p1b: Robin|56\/100|[from] item: Leftovers\n|-heal|p2b: Dondozo|22\/100|[from] item: Leftovers\n|upkeep\n|turn|8\n|-message|Daiji256 forfeited.\n|\n|win|NicoHaxVGC\n|raw|NicoHaxVGC's rating: 1329 → 1350<\/strong> (+21 for winning)\n|raw|Daiji256's rating: 1341 → 1320<\/strong> (-21 for losing)\n|l|\u2606Daiji256\n","uploadtime":1683152111,"views":9,"p1id":"nicohaxvgc","p2id":"daiji256","formatid":"gen9vgc2023regulationc","rating":1320,"private":0,"password":""}