{"id":"gen9vgc2023regulationc-1847318817","p1":"Zec05","p2":"Alexis_student","format":"[Gen 9] VGC 2023 Regulation C","log":"|j|\u2606Zec05\n|j|\u2606Alexis_student\n|t:|1681937973\n|gametype|doubles\n|player|p1|Zec05|emmet|1230\n|player|p2|Alexis_student|169|1127\n|teamsize|p1|6\n|teamsize|p2|6\n|gen|9\n|tier|[Gen 9] VGC 2023 Regulation C\n|rated|\n|rule|Species Clause: Limit one of each Pok\u00e9mon\n|rule|Item Clause: Limit one of each item\n|clearpoke\n|poke|p1|Orthworm, L50, M|\n|poke|p1|Dragonite, L50, M|\n|poke|p1|Ting-Lu, L50|\n|poke|p1|Gyarados, L50, M|\n|poke|p1|Flutter Mane, L50|\n|poke|p1|Chien-Pao, L50|\n|poke|p2|Amoonguss, L50, F|\n|poke|p2|Palafin, L50, F|\n|poke|p2|Arcanine, L50, F|\n|poke|p2|Flutter Mane, L50|\n|poke|p2|Roaring Moon, L50|\n|poke|p2|Ting-Lu, L50|\n|teampreview|4\nZec05 has agreed to open team sheets.\n|\n|t:|1681938016\n|start\n|switch|p1a: Orthworm|Orthworm, L50, M, shiny|100\/100\n|switch|p1b: Gyarados|Gyarados, L50, M, shiny|100\/100\n|switch|p2a: Roaring Moon|Roaring Moon, L50|100\/100\n|switch|p2b: Amoonguss|Amoonguss, L50, F|100\/100\n|-ability|p1b: Gyarados|Intimidate|boost\n|-unboost|p2a: Roaring Moon|atk|1\n|-unboost|p2b: Amoonguss|atk|1\n|-enditem|p2a: Roaring Moon|Booster Energy\n|-activate|p2a: Roaring Moon|ability: Protosynthesis|[fromitem]\n|-start|p2a: Roaring Moon|protosynthesisatk\n|turn|1\n|\n|t:|1681938033\n|move|p2a: Roaring Moon|Protect|p2a: Roaring Moon\n|-singleturn|p2a: Roaring Moon|Protect\n|move|p1b: Gyarados|Taunt|p2b: Amoonguss\n|-start|p2b: Amoonguss|move: Taunt\n|move|p1a: Orthworm|Iron Defense|p1a: Orthworm\n|-boost|p1a: Orthworm|def|2\n|cant|p2b: Amoonguss|move: Taunt|Spore\n|\n|upkeep\n|turn|2\n|\n|t:|1681938058\n|-end|p2a: Roaring Moon|Protosynthesis|[silent]\n|switch|p2a: Arcanine|Arcanine, L50, F|100\/100\n|-ability|p2a: Arcanine|Intimidate|boost\n|-unboost|p1a: Orthworm|atk|1\n|-unboost|p1b: Gyarados|atk|1\n|move|p1b: Gyarados|Bulldoze|p2b: Amoonguss|[spread] p2a,p2b\n|-immune|p1a: Orthworm|[from] ability: Earth Eater\n|-supereffective|p2a: Arcanine\n|-damage|p2a: Arcanine|83\/100\n|-damage|p2b: Amoonguss|94\/100\n|-unboost|p2a: Arcanine|spe|1\n|-unboost|p2b: Amoonguss|spe|1\n|move|p1a: Orthworm|Body Press|p2a: Arcanine\n|-damage|p2a: Arcanine|32\/100\n|move|p2b: Amoonguss|Pollen Puff|p1a: Orthworm\n|-resisted|p1a: Orthworm\n|-damage|p1a: Orthworm|89\/100\n|\n|upkeep\n|turn|3\n|\n|t:|1681938086\n|switch|p2b: Flutter Mane|Flutter Mane, L50|100\/100\n|move|p1b: Gyarados|Bulldoze|p2b: Flutter Mane|[spread] p2a,p2b\n|-heal|p1a: Orthworm|100\/100|[from] ability: Earth Eater|[of] p1b: Gyarados\n|-supereffective|p2a: Arcanine\n|-damage|p2a: Arcanine|14\/100\n|-damage|p2b: Flutter Mane|87\/100\n|-unboost|p2a: Arcanine|spe|1\n|-unboost|p2b: Flutter Mane|spe|1\n|move|p1a: Orthworm|Body Press|p2a: Arcanine\n|-damage|p2a: Arcanine|0 fnt\n|faint|p2a: Arcanine\n|\n|upkeep\n|\n|t:|1681938101\n|switch|p2a: Roaring Moon|Roaring Moon, L50|100\/100\n|turn|4\n|\n|t:|1681938119\n|-terastallize|p2a: Roaring Moon|Flying\n|move|p2a: Roaring Moon|Acrobatics|p1b: Gyarados\n|-damage|p1b: Gyarados|31\/100\n|move|p1b: Gyarados|Bulldoze|p2a: Roaring Moon|[spread] p2b\n|-immune|p1a: Orthworm|[from] ability: Earth Eater\n|-immune|p2a: Roaring Moon\n|-crit|p2b: Flutter Mane\n|-damage|p2b: Flutter Mane|54\/100\n|-unboost|p2b: Flutter Mane|spe|1\n|move|p2b: Flutter Mane|Shadow Ball|p1a: Orthworm\n|-damage|p1a: Orthworm|20\/100\n|-enditem|p1a: Orthworm|Sitrus Berry|[eat]\n|-heal|p1a: Orthworm|45\/100|[from] item: Sitrus Berry\n|move|p1a: Orthworm|Heavy Slam|p2b: Flutter Mane\n|-supereffective|p2b: Flutter Mane\n|-damage|p2b: Flutter Mane|0 fnt\n|faint|p2b: Flutter Mane\n|-end|p2b: Flutter Mane|Protosynthesis|[silent]\n|\n|upkeep\n|\n|t:|1681938140\n|switch|p2b: Amoonguss|Amoonguss, L50, F|100\/100\n|turn|5\n|\n|t:|1681938148\n|switch|p1b: Dragonite|Dragonite, L50, M, shiny|100\/100\n|move|p2a: Roaring Moon|Acrobatics|p1b: Dragonite\n|-damage|p1b: Dragonite|67\/100\n|move|p1a: Orthworm|Shed Tail|p1a: Orthworm\n|-fail|p1a: Orthworm|move: Shed Tail|[weak]\n|move|p2b: Amoonguss|Spore|p1a: Orthworm\n|-status|p1a: Orthworm|slp|[from] move: Spore\n|\n|upkeep\n|turn|6\n|\n|t:|1681938170\n|switch|p1a: Gyarados|Gyarados, L50, M, shiny|31\/100\n|-ability|p1a: Gyarados|Intimidate|boost\n|-unboost|p2a: Roaring Moon|atk|1\n|-unboost|p2b: Amoonguss|atk|1\n|-terastallize|p1b: Dragonite|Flying\n|move|p2b: Amoonguss|Rage Powder|p2b: Amoonguss\n|-singleturn|p2b: Amoonguss|move: Rage Powder\n|move|p1b: Dragonite|Tera Blast|p2b: Amoonguss\n|-supereffective|p2b: Amoonguss\n|-damage|p2b: Amoonguss|9\/100\n|-enditem|p2b: Amoonguss|Sitrus Berry|[eat]\n|-heal|p2b: Amoonguss|34\/100|[from] item: Sitrus Berry\n|move|p2a: Roaring Moon|Dragon Dance|p2a: Roaring Moon\n|-boost|p2a: Roaring Moon|atk|1\n|-boost|p2a: Roaring Moon|spe|1\n|\n|upkeep\n|turn|7\n|\n|t:|1681938200\n|move|p2b: Amoonguss|Rage Powder|p2b: Amoonguss\n|-singleturn|p2b: Amoonguss|move: Rage Powder\n|move|p2a: Roaring Moon|Acrobatics|p1b: Dragonite\n|-damage|p1b: Dragonite|0 fnt\n|faint|p1b: Dragonite\n|move|p1a: Gyarados|Thunder Wave|p2a: Roaring Moon|[miss]\n|-miss|p1a: Gyarados|p2a: Roaring Moon\n|\n|upkeep\n|\n|t:|1681938206\n|switch|p1b: Ting-Lu|Ting-Lu, L50|100\/100\n|-ability|p1b: Ting-Lu|Vessel of Ruin\n|turn|8\n|\n|t:|1681938224\n|move|p2a: Roaring Moon|Acrobatics|p1a: Gyarados\n|-damage|p1a: Gyarados|0 fnt\n|faint|p1a: Gyarados\n|move|p1b: Ting-Lu|Rock Slide|p2b: Amoonguss|[spread] p2a,p2b\n|-supereffective|p2a: Roaring Moon\n|-damage|p2a: Roaring Moon|62\/100\n|-damage|p2b: Amoonguss|20\/100\n|move|p2b: Amoonguss|Spore|p1b: Ting-Lu\n|-status|p1b: Ting-Lu|slp|[from] move: Spore\n|\n|upkeep\n|\n|t:|1681938230\n|switch|p1a: Orthworm|Orthworm, L50, M, shiny|45\/100 slp\n|turn|9\n|\n|t:|1681938241\n|move|p2a: Roaring Moon|Dragon Dance|p2a: Roaring Moon\n|-boost|p2a: Roaring Moon|atk|1\n|-boost|p2a: Roaring Moon|spe|1\n|cant|p1b: Ting-Lu|slp\n|cant|p1a: Orthworm|slp\n|move|p2b: Amoonguss|Pollen Puff|p2a: Roaring Moon\n|-heal|p2a: Roaring Moon|100\/100\n|\n|upkeep\n|turn|10\n|\n|t:|1681938261\n|move|p2a: Roaring Moon|Throat Chop|p1b: Ting-Lu\n|-resisted|p1b: Ting-Lu\n|-damage|p1b: Ting-Lu|78\/100 slp\n|-start|p1b: Ting-Lu|Throat Chop|[silent]\n|cant|p1b: Ting-Lu|slp\n|cant|p1a: Orthworm|slp\n|move|p2b: Amoonguss|Pollen Puff|p1a: Orthworm\n|-resisted|p1a: Orthworm\n|-damage|p1a: Orthworm|38\/100 slp\n|\n|upkeep\n|turn|11\n|\n|t:|1681938281\n|move|p2a: Roaring Moon|Acrobatics|p1b: Ting-Lu\n|-damage|p1b: Ting-Lu|11\/100 slp\n|cant|p1b: Ting-Lu|slp\n|-curestatus|p1a: Orthworm|slp|[msg]\n|move|p1a: Orthworm|Heavy Slam|p2b: Amoonguss\n|-damage|p2b: Amoonguss|0 fnt\n|faint|p2b: Amoonguss\n|\n|-end|p1b: Ting-Lu|Throat Chop|[silent]\n|upkeep\n|turn|12\n|\n|t:|1681938295\n|move|p2a: Roaring Moon|Acrobatics|p1a: Orthworm\n|-resisted|p1a: Orthworm\n|-damage|p1a: Orthworm|5\/100\n|-curestatus|p1b: Ting-Lu|slp|[msg]\n|move|p1b: Ting-Lu|Rock Slide|p2a: Roaring Moon\n|-supereffective|p2a: Roaring Moon\n|-damage|p2a: Roaring Moon|50\/100\n|move|p1a: Orthworm|Body Press|p2a: Roaring Moon\n|-resisted|p2a: Roaring Moon\n|-damage|p2a: Roaring Moon|35\/100\n|\n|upkeep\n|turn|13\n|\n|t:|1681938308\n|move|p2a: Roaring Moon|Acrobatics|p1b: Ting-Lu\n|-damage|p1b: Ting-Lu|0 fnt\n|faint|p1b: Ting-Lu\n|move|p1a: Orthworm|Body Press|p2a: Roaring Moon\n|-resisted|p2a: Roaring Moon\n|-damage|p2a: Roaring Moon|20\/100\n|\n|upkeep\n|turn|14\n|\n|t:|1681938317\n|move|p2a: Roaring Moon|Acrobatics|p1a: Orthworm\n|-resisted|p1a: Orthworm\n|-damage|p1a: Orthworm|0 fnt\n|faint|p1a: Orthworm\n|\n|win|Alexis_student\n|raw|Zec05's rating: 1230 → 1198<\/strong> (-32 for losing)\n|raw|Alexis_student's rating: 1127 → 1159<\/strong> (+32 for winning)\n|l|\u2606Zec05\n","uploadtime":1681938510,"views":6,"p1id":"zec05","p2id":"alexisstudent","formatid":"gen9vgc2023regulationc","rating":1159,"private":0,"password":""}