{"id":"gen9vgc2023regulationc-1847120337","p1":"RitmanTesting1","p2":"360pk","format":"[Gen 9] VGC 2023 Regulation C","log":"|j|\u2606RitmanTesting1\n|j|\u2606360pk\n|t:|1681920745\n|gametype|doubles\n|player|p1|RitmanTesting1|byron|1373\n|player|p2|360pk|1|1465\n|teamsize|p1|6\n|teamsize|p2|6\n|gen|9\n|tier|[Gen 9] VGC 2023 Regulation C\n|rated|\n|rule|Species Clause: Limit one of each Pok\u00e9mon\n|rule|Item Clause: Limit one of each item\n|clearpoke\n|poke|p1|Flutter Mane, L50|\n|poke|p1|Arcanine, L50, F|\n|poke|p1|Chi-Yu, L50|\n|poke|p1|Brute Bonnet, L50|\n|poke|p1|Glimmora, L50, M|\n|poke|p1|Baxcalibur, L50, F|\n|poke|p2|Palafin, L50, M|\n|poke|p2|Ting-Lu, L50|\n|poke|p2|Kingambit, L50, F|\n|poke|p2|Amoonguss, L50, F|\n|poke|p2|Arcanine, L50, M|\n|poke|p2|Flutter Mane, L50|\n|teampreview|4\n|inactive|Battle timer is ON: inactive players will automatically lose when time's up. (requested by RitmanTesting1)\nRitmanTesting1 has agreed to open team sheets.\n360pk has agreed to open team sheets.\n|inactive|360pk has 60 seconds left.\n|\n|t:|1681920782\n|start\n|switch|p1a: Baxcalibur|Baxcalibur, L50, F|100\/100\n|switch|p1b: Arcanine|Arcanine, L50, F|100\/100\n|switch|p2a: ChiYu|Arcanine, L50, M|100\/100\n|switch|p2b: Dozo|Palafin, L50, M|100\/100\n|-ability|p1b: Arcanine|Intimidate|boost\n|-unboost|p2a: ChiYu|atk|1\n|-unboost|p2b: Dozo|atk|1\n|-ability|p2a: ChiYu|Intimidate|boost\n|-unboost|p1a: Baxcalibur|atk|1\n|-unboost|p1b: Arcanine|atk|1\n|turn|1\n|\n|t:|1681920802\n|switch|p2a: Kingambit|Kingambit, L50, F|100\/100\n|detailschange|p2b: Dozo|Palafin-Hero, L50, M\n|switch|p2b: Ting-Lu|Ting-Lu, L50|100\/100\n|-ability|p2b: Ting-Lu|Vessel of Ruin\n|move|p1b: Arcanine|Howl|p1b: Arcanine|[spread] p1a,p1b\n|-boost|p1a: Baxcalibur|atk|1\n|-boost|p1b: Arcanine|atk|1\n|move|p1a: Baxcalibur|Brick Break|p2a: Kingambit\n|-supereffective|p2a: Kingambit\n|-damage|p2a: Kingambit|14\/100\n|\n|upkeep\n|turn|2\n|\n|t:|1681920824\n|switch|p2b: ChiYu|Arcanine, L50, M|100\/100\n|-ability|p2b: ChiYu|Intimidate|boost\n|-unboost|p1a: Baxcalibur|atk|1\n|-unboost|p1b: Arcanine|atk|1\n|move|p1a: Baxcalibur|Protect|p1a: Baxcalibur\n|-singleturn|p1a: Baxcalibur|Protect\n|move|p1b: Arcanine|Extreme Speed|p2a: Kingambit\n|-resisted|p2a: Kingambit\n|-damage|p2a: Kingambit|9\/100\n|move|p2a: Kingambit|Kowtow Cleave|p1b: Arcanine\n|-damage|p1b: Arcanine|40\/100\n|\n|upkeep\n|turn|3\n|inactive|360pk has 30 seconds left.\n|\n|t:|1681920850\n|switch|p2b: Dozo|Palafin-Hero, L50, M|100\/100\n|-activate|p2b: Dozo|ability: Zero to Hero\n|move|p1b: Arcanine|Protect|p1b: Arcanine\n|-singleturn|p1b: Arcanine|Protect\n|move|p1a: Baxcalibur|Brick Break|p2a: Kingambit\n|-supereffective|p2a: Kingambit\n|-damage|p2a: Kingambit|0 fnt\n|faint|p2a: Kingambit\n|\n|upkeep\n|\n|t:|1681920860\n|switch|p2a: ChiYu|Arcanine, L50, M|100\/100\n|-ability|p2a: ChiYu|Intimidate|boost\n|-unboost|p1a: Baxcalibur|atk|1\n|-unboost|p1b: Arcanine|atk|1\n|turn|4\n|\n|t:|1681920872\n|switch|p1b: Brute Bonnet|Brute Bonnet, L50|100\/100\n|-terastallize|p2b: Dozo|Water\n|move|p1a: Baxcalibur|Protect|p1a: Baxcalibur\n|-singleturn|p1a: Baxcalibur|Protect\n|move|p2a: ChiYu|Will-O-Wisp|p1b: Brute Bonnet\n|-status|p1b: Brute Bonnet|brn\n|move|p2b: Dozo|Wave Crash|p1a: Baxcalibur\n|-activate|p1a: Baxcalibur|move: Protect\n|\n|-damage|p1b: Brute Bonnet|94\/100 brn|[from] brn\n|upkeep\n|turn|5\n|\n|t:|1681920893\n|switch|p2b: Ting-Lu|Ting-Lu, L50|100\/100\n|-ability|p2b: Ting-Lu|Vessel of Ruin\n|switch|p1a: Arcanine|Arcanine, L50, F|40\/100\n|-ability|p1a: Arcanine|Intimidate|boost\n|-unboost|p2a: ChiYu|atk|1\n|-unboost|p2b: Ting-Lu|atk|1\n|move|p2a: ChiYu|Howl|p2a: ChiYu|[spread] p2a,p2b\n|-boost|p2a: ChiYu|atk|1\n|-boost|p2b: Ting-Lu|atk|1\n|move|p1b: Brute Bonnet|Spore|p2b: Ting-Lu\n|-status|p2b: Ting-Lu|slp|[from] move: Spore\n|\n|-damage|p1b: Brute Bonnet|88\/100 brn|[from] brn\n|upkeep\n|turn|6\n|inactive|RitmanTesting1 has 30 seconds left.\n|\n|t:|1681920919\n|-end|p1b: Brute Bonnet|Protosynthesis|[silent]\n|switch|p1b: Baxcalibur|Baxcalibur, L50, F|100\/100\n|move|p2a: ChiYu|Extreme Speed|p1a: Arcanine\n|-damage|p1a: Arcanine|16\/100\n|move|p1a: Arcanine|Howl|p1a: Arcanine|[spread] p1a,p1b\n|-boost|p1a: Arcanine|atk|1\n|-boost|p1b: Baxcalibur|atk|1\n|cant|p2b: Ting-Lu|slp\n|\n|upkeep\n|turn|7\n|\n|t:|1681920937\n|switch|p1a: Brute Bonnet|Brute Bonnet, L50|88\/100 brn\n|move|p2a: ChiYu|Extreme Speed|p1a: Brute Bonnet\n|-damage|p1a: Brute Bonnet|73\/100 brn\n|move|p1b: Baxcalibur|Icicle Spear|p2b: Ting-Lu\n|-supereffective|p2b: Ting-Lu\n|-damage|p2b: Ting-Lu|75\/100 slp\n|-supereffective|p2b: Ting-Lu\n|-damage|p2b: Ting-Lu|49\/100 slp\n|-supereffective|p2b: Ting-Lu\n|-damage|p2b: Ting-Lu|21\/100 slp\n|-supereffective|p2b: Ting-Lu\n|-damage|p2b: Ting-Lu|0 fnt\n|faint|p2b: Ting-Lu\n|-hitcount|p2: Ting-Lu|4\n|\n|-damage|p1a: Brute Bonnet|67\/100 brn|[from] brn\n|upkeep\n|-message|360pk forfeited.\n|\n|win|RitmanTesting1\n|raw|RitmanTesting1's rating: 1373 → 1398<\/strong> (+25 for winning)\n|raw|360pk's rating: 1465 → 1440<\/strong> (-25 for losing)\n|l|\u2606360pk\n","uploadtime":1681920966,"views":4,"p1id":"ritmantesting1","p2id":"360pk","formatid":"gen9vgc2023regulationc","rating":1398,"private":0,"password":""}