{"id":"gen9vgc2023regulationc-1849001417","p1":"kinohara","p2":"leafyarrow","format":"[Gen 9] VGC 2023 Regulation C","log":"|j|\u2606kinohara\n|j|\u2606leafyarrow\n|t:|1682137114\n|gametype|doubles\n|player|p1|kinohara|acetrainerf|\n|player|p2|leafyarrow|leaf-masters|\n|teamsize|p1|6\n|teamsize|p2|6\n|gen|9\n|tier|[Gen 9] VGC 2023 Regulation C\n|rule|Species Clause: Limit one of each Pok\u00e9mon\n|rule|Item Clause: Limit one of each item\n|clearpoke\n|poke|p1|Iron Hands, L50|\n|poke|p1|Amoonguss, L50, F|\n|poke|p1|Pelipper, L50, F|\n|poke|p1|Palafin, L50, F|\n|poke|p1|Baxcalibur, L50, F|\n|poke|p1|Dragonite, L50, F|\n|poke|p2|Flutter Mane, L50|\n|poke|p2|Palafin, L50, F|\n|poke|p2|Amoonguss, L50, M|\n|poke|p2|Ting-Lu, L50|\n|poke|p2|Arcanine, L50, M|\n|poke|p2|Roaring Moon, L50|\n|teampreview|4\nleafyarrow has agreed to open team sheets.\nkinohara has agreed to open team sheets.\n|\n|t:|1682137159\n|start\n|switch|p1a: Maradona|Iron Hands, L50, shiny|100\/100\n|switch|p1b: Torqoise|Palafin, L50, F|100\/100\n|switch|p2a: Amoonguss|Amoonguss, L50, M|100\/100\n|switch|p2b: Palafin|Palafin, L50, F|100\/100\n|turn|1\n|\n|t:|1682137184\n|detailschange|p2b: Palafin|Palafin-Hero, L50, F\n|switch|p2b: Roaring Moon|Roaring Moon, L50|100\/100\n|-enditem|p2b: Roaring Moon|Booster Energy\n|-activate|p2b: Roaring Moon|ability: Protosynthesis|[fromitem]\n|-start|p2b: Roaring Moon|protosynthesisspe\n|-terastallize|p1b: Torqoise|Water\n|move|p1a: Maradona|Fake Out|p2a: Amoonguss\n|-damage|p2a: Amoonguss|88\/100\n|move|p1b: Torqoise|Wave Crash|p2b: Roaring Moon\n|-resisted|p2b: Roaring Moon\n|-damage|p2b: Roaring Moon|52\/100\n|-damage|p1b: Torqoise|86\/100|[from] Recoil\n|cant|p2a: Amoonguss|flinch\n|\n|upkeep\n|turn|2\n|\n|t:|1682137212\n|detailschange|p1b: Torqoise|Palafin-Hero, L50, F, tera:Water\n|switch|p1b: Beaker|Pelipper, L50, F|100\/100\n|-weather|RainDance|[from] ability: Drizzle|[of] p1b: Beaker\n|move|p2b: Roaring Moon|Protect|p2b: Roaring Moon\n|-singleturn|p2b: Roaring Moon|Protect\n|move|p1a: Maradona|Wild Charge|p2b: Roaring Moon\n|-activate|p2b: Roaring Moon|move: Protect\n|move|p2a: Amoonguss|Spore|p1a: Maradona\n|-status|p1a: Maradona|slp|[from] move: Spore\n|\n|-weather|RainDance|[upkeep]\n|upkeep\n|turn|3\n|\n|t:|1682137234\n|move|p2b: Roaring Moon|Acrobatics|p1a: Maradona\n|-damage|p1a: Maradona|73\/100 slp\n|move|p1b: Beaker|Hurricane|p2a: Amoonguss\n|-supereffective|p2a: Amoonguss\n|-damage|p2a: Amoonguss|0 fnt\n|faint|p2a: Amoonguss\n|cant|p1a: Maradona|slp\n|\n|-weather|RainDance|[upkeep]\n|upkeep\n|\n|t:|1682137244\n|switch|p2a: Palafin|Palafin-Hero, L50, F|100\/100\n|-activate|p2a: Palafin|ability: Zero to Hero\n|turn|4\n|\n|t:|1682137263\n|-end|p1a: Maradona|Quark Drive|[silent]\n|switch|p1a: ShiningArmor|Dragonite, L50, F|100\/100\n|-terastallize|p2a: Palafin|Water\n|move|p2b: Roaring Moon|Acrobatics|p1b: Beaker\n|-damage|p1b: Beaker|52\/100\n|move|p2a: Palafin|Wave Crash|p1a: ShiningArmor\n|-resisted|p1a: ShiningArmor\n|-damage|p1a: ShiningArmor|57\/100\n|-damage|p2a: Palafin|87\/100|[from] Recoil\n|move|p1b: Beaker|Tailwind|p1b: Beaker\n|-sidestart|p1: kinohara|move: Tailwind\n|\n|-weather|RainDance|[upkeep]\n|upkeep\n|turn|5\n|\n|t:|1682137303\n|move|p2b: Roaring Moon|Protect|p2b: Roaring Moon\n|-singleturn|p2b: Roaring Moon|Protect\n|move|p1b: Beaker|Protect|p1b: Beaker\n|-singleturn|p1b: Beaker|Protect\n|move|p1a: ShiningArmor|Protect|p1a: ShiningArmor\n|-singleturn|p1a: ShiningArmor|Protect\n|move|p2a: Palafin|Protect||[still]\n|-fail|p2a: Palafin\n|\n|-weather|RainDance|[upkeep]\n|upkeep\n|turn|6\n|\n|t:|1682137327\n|move|p1a: ShiningArmor|Extreme Speed|p2b: Roaring Moon\n|-damage|p2b: Roaring Moon|15\/100\n|move|p2a: Palafin|Jet Punch|p1a: ShiningArmor\n|-resisted|p1a: ShiningArmor\n|-damage|p1a: ShiningArmor|10\/100\n|move|p2b: Roaring Moon|Throat Chop|p1a: ShiningArmor\n|-damage|p1a: ShiningArmor|0 fnt\n|faint|p1a: ShiningArmor\n|move|p1b: Beaker|Hurricane|p2a: Palafin\n|-damage|p2a: Palafin|38\/100\n|\n|-weather|none\n|upkeep\n|\n|t:|1682137348\n|switch|p1a: Torqoise|Palafin-Hero, L50, F, tera:Water|86\/100\n|-activate|p1a: Torqoise|ability: Zero to Hero\n|turn|7\n|\n|t:|1682137367\n|switch|p1b: Maradona|Iron Hands, L50, shiny|73\/100 slp\n|move|p2b: Roaring Moon|Protect|p2b: Roaring Moon\n|-singleturn|p2b: Roaring Moon|Protect\n|move|p1a: Torqoise|Wave Crash|p2a: Palafin\n|-resisted|p2a: Palafin\n|-damage|p2a: Palafin|0 fnt\n|faint|p2a: Palafin\n|-damage|p1a: Torqoise|74\/100|[from] Recoil\n|\n|-sideend|p1: kinohara|move: Tailwind\n|upkeep\n|\n|t:|1682137377\n|switch|p2a: Flutter Mane|Flutter Mane, L50|100\/100\n|turn|8\n|\n|t:|1682137394\n|-end|p1b: Maradona|Quark Drive|[silent]\n|switch|p1b: Beaker|Pelipper, L50, F|52\/100\n|-weather|RainDance|[from] ability: Drizzle|[of] p1b: Beaker\n|move|p2b: Roaring Moon|Protect||[still]\n|-fail|p2b: Roaring Moon\n|move|p1a: Torqoise|Protect|p1a: Torqoise\n|-singleturn|p1a: Torqoise|Protect\n|move|p2a: Flutter Mane|Moonblast|p1a: Torqoise\n|-activate|p1a: Torqoise|move: Protect\n|\n|-weather|RainDance|[upkeep]\n|upkeep\n|turn|9\n|\n|t:|1682137413\n|move|p1a: Torqoise|Jet Punch|p2a: Flutter Mane\n|-damage|p2a: Flutter Mane|0 fnt\n|faint|p2a: Flutter Mane\n|-end|p2a: Flutter Mane|Protosynthesis|[silent]\n|move|p2b: Roaring Moon|Throat Chop|p1b: Beaker\n|-damage|p1b: Beaker|0 fnt\n|faint|p1b: Beaker\n|\n|-weather|RainDance|[upkeep]\n|upkeep\n|\n|t:|1682137419\n|switch|p1b: Maradona|Iron Hands, L50, shiny|73\/100 slp\n|turn|10\n|-message|leafyarrow forfeited.\n|\n|win|kinohara\n|l|\u2606leafyarrow\n","uploadtime":1682137427,"views":15,"p1id":"kinohara","p2id":"leafyarrow","formatid":"gen9vgc2023regulationc","rating":0,"private":0,"password":""}