{"id":"gen9vgc2023regulationc-1853237930","p1":"Snowmuse","p2":"Amar115","format":"[Gen 9] VGC 2023 Regulation C","log":"|j|\u2606Snowmuse\n|j|\u2606Amar115\n|t:|1682652962\n|gametype|doubles\n|player|p1|Snowmuse|cheryl|\n|player|p2|Amar115|170|\n|teamsize|p1|6\n|teamsize|p2|6\n|gen|9\n|tier|[Gen 9] VGC 2023 Regulation C\n|rule|Species Clause: Limit one of each Pok\u00e9mon\n|rule|Item Clause: Limit one of each item\n|clearpoke\n|poke|p1|Glimmora, L50, F|\n|poke|p1|Ceruledge, L50, F|\n|poke|p1|Weavile, L50, M|\n|poke|p1|Gyarados, L50, F|\n|poke|p1|Florges, L50, F|\n|poke|p1|Naclstack, L50, M|\n|poke|p2|Flutter Mane, L50|\n|poke|p2|Hydreigon, L50, F|\n|poke|p2|Chi-Yu, L50|\n|poke|p2|Vaporeon, L50, F|\n|poke|p2|Eelektross, L50, F|\n|poke|p2|Flamigo, L50, F|\n|teampreview|4\n|inactive|Battle timer is ON: inactive players will automatically lose when time's up. (requested by Amar115)\nAmar115 rejected open team sheets.\n|inactiveoff|Battle timer is now OFF.\n|\n|t:|1682653047\n|start\n|switch|p1a: Modred|Weavile, L50, M|100\/100\n|switch|p1b: Gwenivere|Florges, L50, F, shiny|100\/100\n|switch|p2a: Hydreigon|Hydreigon, L50, F|100\/100\n|switch|p2b: Chi-Yu|Chi-Yu, L50|100\/100\n|-ability|p1a: Modred|Pressure\n|-ability|p2b: Chi-Yu|Beads of Ruin\n|turn|1\n|\n|t:|1682653075\n|switch|p2a: Eelektross|Eelektross, L50, F|100\/100\n|move|p1a: Modred|Fake Out|p2a: Eelektross\n|-damage|p2a: Eelektross|85\/100\n|move|p2b: Chi-Yu|Heat Wave|p1b: Gwenivere|[spread] p1a,p1b\n|-supereffective|p1a: Modred\n|-enditem|p1a: Modred|Focus Sash\n|-activate|p1b: Gwenivere|ability: Symbiosis|Leftovers|[of] p1a: Modred\n|-damage|p1a: Modred|1\/100\n|-damage|p1b: Gwenivere|64\/100\n|-status|p1a: Modred|brn\n|-status|p1b: Gwenivere|brn\n|move|p1b: Gwenivere|Moonblast|p2b: Chi-Yu\n|-damage|p2b: Chi-Yu|40\/100\n|\n|-heal|p1a: Modred|7\/100 brn|[from] item: Leftovers\n|-damage|p1a: Modred|1\/100 brn|[from] brn\n|-damage|p1b: Gwenivere|58\/100 brn|[from] brn\n|upkeep\n|turn|2\n|\n|t:|1682653119\n|move|p2b: Chi-Yu|Protect|p2b: Chi-Yu\n|-singleturn|p2b: Chi-Yu|Protect\n|move|p1b: Gwenivere|Protect|p1b: Gwenivere\n|-singleturn|p1b: Gwenivere|Protect\n|move|p1a: Modred|Ice Spinner|p2a: Eelektross\n|-damage|p2a: Eelektross|64\/100\n|move|p2a: Eelektross|U-turn|p1a: Modred\n|-supereffective|p1a: Modred\n|-crit|p1a: Modred\n|-damage|p1a: Modred|0 fnt\n|faint|p1a: Modred\n|\n|t:|1682653131\n|switch|p2a: Hydreigon|Hydreigon, L50, F|100\/100|[from] U-turn\n|\n|-damage|p1b: Gwenivere|52\/100 brn|[from] brn\n|upkeep\n|\n|t:|1682653141\n|switch|p1a: Galahad|Ceruledge, L50, F|100\/100\n|turn|3\n|\n|t:|1682653175\n|-terastallize|p2a: Hydreigon|Ground\n|-terastallize|p1a: Galahad|Fairy\n|move|p1b: Gwenivere|Protect||[still]\n|-fail|p1b: Gwenivere\n|move|p2b: Chi-Yu|Dark Pulse|p1b: Gwenivere\n|-resisted|p1b: Gwenivere\n|-damage|p1b: Gwenivere|31\/100 brn\n|move|p2a: Hydreigon|Flash Cannon|p1b: Gwenivere\n|-supereffective|p1b: Gwenivere\n|-damage|p1b: Gwenivere|0 fnt\n|faint|p1b: Gwenivere\n|move|p1a: Galahad|Bitter Blade|p2b: Chi-Yu\n|-resisted|p2b: Chi-Yu\n|-damage|p2b: Chi-Yu|4\/100\n|\n|upkeep\n|\n|t:|1682653190\n|switch|p1b: Gaheris|Glimmora, L50, F|100\/100\n|turn|4\n|\n|t:|1682653202\n|move|p2b: Chi-Yu|Protect|p2b: Chi-Yu\n|-singleturn|p2b: Chi-Yu|Protect\n|move|p2a: Hydreigon|Earth Power|p1b: Gaheris\n|-supereffective|p1b: Gaheris\n|-damage|p1b: Gaheris|0 fnt\n|faint|p1b: Gaheris\n|move|p1a: Galahad|Bitter Blade|p2a: Hydreigon\n|-damage|p2a: Hydreigon|50\/100\n|\n|upkeep\n|turn|5\n|\n|t:|1682653216\n|move|p2b: Chi-Yu|Dark Pulse|p1a: Galahad\n|-resisted|p1a: Galahad\n|-damage|p1a: Galahad|77\/100\n|move|p2a: Hydreigon|Focus Energy|p2a: Hydreigon\n|-start|p2a: Hydreigon|move: Focus Energy\n|move|p1a: Galahad|Bitter Blade|p2a: Hydreigon\n|-damage|p2a: Hydreigon|0 fnt\n|-heal|p1a: Galahad|99\/100|[from] drain|[of] p2a: Hydreigon\n|faint|p2a: Hydreigon\n|\n|upkeep\n|\n|t:|1682653229\n|switch|p2a: Vaporeon|Vaporeon, L50, F|100\/100\n|turn|6\n|\n|t:|1682653242\n|move|p2b: Chi-Yu|Protect|p2b: Chi-Yu\n|-singleturn|p2b: Chi-Yu|Protect\n|move|p1a: Galahad|Shadow Sneak|p2b: Chi-Yu\n|-activate|p2b: Chi-Yu|move: Protect\n|move|p2a: Vaporeon|Yawn|p1a: Galahad\n|-start|p1a: Galahad|move: Yawn|[of] p2a: Vaporeon\n|\n|upkeep\n|turn|7\n|\n|t:|1682653257\n|switch|p2b: Eelektross|Eelektross, L50, F|64\/100\n|move|p1a: Galahad|Shadow Sneak|p2b: Eelektross\n|-damage|p2b: Eelektross|45\/100\n|move|p2a: Vaporeon|Chilling Water|p1a: Galahad\n|-damage|p1a: Galahad|76\/100\n|-unboost|p1a: Galahad|atk|1\n|\n|-end|p1a: Galahad|move: Yawn|[silent]\n|-status|p1a: Galahad|slp\n|upkeep\n|turn|8\n|\n|t:|1682653272\n|move|p2b: Eelektross|Thunder Punch|p1a: Galahad\n|-damage|p1a: Galahad|43\/100 slp\n|-enditem|p1a: Galahad|Sitrus Berry|[eat]\n|-heal|p1a: Galahad|68\/100 slp|[from] item: Sitrus Berry\n|cant|p1a: Galahad|slp\n|move|p2a: Vaporeon|Muddy Water|p1a: Galahad|[miss]\n|-miss|p2a: Vaporeon|p1a: Galahad\n|\n|upkeep\n|turn|9\n|\n|t:|1682653285\n|move|p2b: Eelektross|Thunder Punch|p1a: Galahad\n|-damage|p1a: Galahad|32\/100 slp\n|cant|p1a: Galahad|slp\n|move|p2a: Vaporeon|Chilling Water|p1a: Galahad\n|-damage|p1a: Galahad|10\/100 slp\n|-unboost|p1a: Galahad|atk|1\n|\n|upkeep\n|turn|10\n|\n|t:|1682653297\n|move|p2b: Eelektross|Thunder Punch|p1a: Galahad\n|-damage|p1a: Galahad|0 fnt\n|faint|p1a: Galahad\n|\n|win|Amar115\n","uploadtime":1682653306,"views":13,"p1id":"snowmuse","p2id":"amar115","formatid":"gen9vgc2023regulationc","rating":0,"private":0,"password":""}