{"id":"gen9vgc2023regulationc-1847988068","p1":"TNTBlowzUp","p2":"Nano95","format":"[Gen 9] VGC 2023 Regulation C","log":"|j|\u2606TNTBlowzUp\n|j|\u2606Nano95\n|t:|1682018392\n|gametype|doubles\n|player|p1|TNTBlowzUp|harlequin|1164\n|player|p2|Nano95|2|1234\n|teamsize|p1|6\n|teamsize|p2|6\n|gen|9\n|tier|[Gen 9] VGC 2023 Regulation C\n|rated|\n|rule|Species Clause: Limit one of each Pok\u00e9mon\n|rule|Item Clause: Limit one of each item\n|clearpoke\n|poke|p1|Electrode, L50|\n|poke|p1|Iron Bundle, L50|\n|poke|p1|Armarouge, L50, M|\n|poke|p1|Palafin, L50, M|\n|poke|p1|Amoonguss, L50, F|\n|poke|p1|Dragonite, L50, M|\n|poke|p2|Bronzong, L50|\n|poke|p2|Ting-Lu, L50|\n|poke|p2|Arcanine, L50, M|\n|poke|p2|Amoonguss, L50, M|\n|poke|p2|Palafin, L50, M|\n|poke|p2|Flutter Mane, L50|\n|teampreview|4\n|\n|t:|1682018453\n|start\n|switch|p1a: Electrode|Electrode, L50, shiny|100\/100\n|switch|p1b: Palafin|Palafin, L50, M, shiny|100\/100\n|switch|p2a: Arcanine|Arcanine, L50, M|100\/100\n|switch|p2b: Ting-Lu|Ting-Lu, L50|100\/100\n|-ability|p2a: Arcanine|Intimidate|boost\n|-unboost|p1a: Electrode|atk|1\n|-unboost|p1b: Palafin|atk|1\n|-ability|p2b: Ting-Lu|Vessel of Ruin\n|turn|1\n|\n|t:|1682018473\n|detailschange|p1b: Palafin|Palafin-Hero, L50, M, shiny\n|switch|p1b: Amoonguss|Amoonguss, L50, F, shiny|100\/100\n|-terastallize|p2a: Arcanine|Flying\n|move|p1a: Electrode|Volt Switch|p2a: Arcanine\n|-supereffective|p2a: Arcanine\n|-damage|p2a: Arcanine|54\/100\n|\n|t:|1682018480\n|switch|p1a: Palafin|Palafin-Hero, L50, M, shiny|100\/100|[from] Volt Switch\n|-activate|p1a: Palafin|ability: Zero to Hero\n|move|p2a: Arcanine|Howl|p2a: Arcanine|[spread] p2a,p2b\n|-boost|p2a: Arcanine|atk|1\n|-boost|p2b: Ting-Lu|atk|1\n|move|p2b: Ting-Lu|Earthquake|p1a: Palafin|[spread] p1a,p1b\n|-immune|p2a: Arcanine\n|-damage|p1a: Palafin|38\/100\n|-damage|p1b: Amoonguss|57\/100\n|\n|upkeep\n|turn|2\n|\n|t:|1682018504\n|move|p1a: Palafin|Protect|p1a: Palafin\n|-singleturn|p1a: Palafin|Protect\n|move|p2a: Arcanine|Protect|p2a: Arcanine\n|-singleturn|p2a: Arcanine|Protect\n|move|p2b: Ting-Lu|Earthquake|p1a: Palafin|[spread] p1b\n|-activate|p2a: Arcanine|move: Protect\n|-activate|p1a: Palafin|move: Protect\n|-damage|p1b: Amoonguss|11\/100\n|move|p1b: Amoonguss|Spore|p2b: Ting-Lu\n|-status|p2b: Ting-Lu|slp|[from] move: Spore\n|\n|upkeep\n|turn|3\n|\n|t:|1682018528\n|switch|p2b: Palafin|Palafin, L50, M|100\/100\n|-terastallize|p1a: Palafin|Water\n|move|p1a: Palafin|Jet Punch|p2a: Arcanine\n|-damage|p2a: Arcanine|0 fnt\n|faint|p2a: Arcanine\n|move|p1b: Amoonguss|Pollen Puff|p1a: Palafin\n|-heal|p1a: Palafin|88\/100\n|\n|upkeep\n|\n|t:|1682018540\n|switch|p2a: Flutter Mane|Flutter Mane, L50|100\/100\n|-enditem|p2a: Flutter Mane|Booster Energy\n|-activate|p2a: Flutter Mane|ability: Protosynthesis|[fromitem]\n|-start|p2a: Flutter Mane|protosynthesisspe\n|turn|4\n|\n|t:|1682018558\n|detailschange|p2b: Palafin|Palafin-Hero, L50, M\n|switch|p2b: Ting-Lu|Ting-Lu, L50|100\/100 slp\n|-ability|p2b: Ting-Lu|Vessel of Ruin\n|switch|p1b: Electrode|Electrode, L50, shiny|100\/100\n|move|p1a: Palafin|Jet Punch|p2a: Flutter Mane\n|-damage|p2a: Flutter Mane|0 fnt\n|faint|p2a: Flutter Mane\n|-end|p2a: Flutter Mane|Protosynthesis|[silent]\n|\n|upkeep\n|\n|t:|1682018567\n|switch|p2a: Palafin|Palafin-Hero, L50, M|100\/100\n|-activate|p2a: Palafin|ability: Zero to Hero\n|turn|5\n|-message|Nano95 forfeited.\n|\n|win|TNTBlowzUp\n|raw|TNTBlowzUp's rating: 1164 → 1194<\/strong> (+30 for winning)\n|raw|Nano95's rating: 1234 → 1204<\/strong> (-30 for losing)\n|l|\u2606Nano95\n","uploadtime":1682018576,"views":13,"p1id":"tntblowzup","p2id":"nano95","formatid":"gen9vgc2023regulationc","rating":1194,"private":0,"password":""}