{"id":"gen9vgc2023regulationc-1858604768","p1":"Determewnation","p2":"Yassooooo","format":"[Gen 9] VGC 2023 Regulation C","log":"|j|\u2606Determewnation\n|j|\u2606Yassooooo\n|t:|1683331125\n|gametype|doubles\n|player|p1|Determewnation|akari-isekai|1428\n|player|p2|Yassooooo|265|1389\n|teamsize|p1|6\n|teamsize|p2|6\n|gen|9\n|tier|[Gen 9] VGC 2023 Regulation C\n|rated|\n|rule|Species Clause: Limit one of each Pok\u00e9mon\n|rule|Item Clause: Limit one of each item\n|clearpoke\n|poke|p1|Goodra, L50, F|\n|poke|p1|Murkrow, L50, M|\n|poke|p1|Meowscarada, L50, F|\n|poke|p1|Gholdengo, L50|\n|poke|p1|Indeedee-F, L50, F|\n|poke|p1|Iron Treads, L50|\n|poke|p2|Dondozo, L50, M|\n|poke|p2|Tatsugiri-Stretchy, L50, F|\n|poke|p2|Flamigo, L50, F|\n|poke|p2|Dragapult, L50, F|\n|poke|p2|Coalossal, L50, F|\n|poke|p2|Chi-Yu, L50|\n|teampreview|4\n|\n|t:|1683331162\n|start\n|switch|p1a: Iron Treads|Iron Treads, L50|100\/100\n|switch|p1b: Goodra|Goodra, L50, F, shiny|100\/100\n|switch|p2a: Chi-Yu|Chi-Yu, L50|100\/100\n|switch|p2b: Coalossal|Coalossal, L50, F, shiny|100\/100\n|-ability|p2a: Chi-Yu|Beads of Ruin\n|turn|1\n|\n|t:|1683331181\n|move|p1a: Iron Treads|Protect|p1a: Iron Treads\n|-singleturn|p1a: Iron Treads|Protect\n|move|p2a: Chi-Yu|Lava Plume|p1b: Goodra|[spread] p2b,p1b\n|-activate|p1a: Iron Treads|move: Protect\n|-resisted|p2b: Coalossal\n|-resisted|p1b: Goodra\n|-damage|p2b: Coalossal|88\/100\n|-damage|p1b: Goodra|89\/100\n|-status|p1b: Goodra|brn\n|-ability|p2b: Coalossal|Steam Engine|boost\n|-boost|p2b: Coalossal|spe|6\n|move|p2b: Coalossal|Heat Wave|p1a: Iron Treads|[spread] p1b\n|-activate|p1a: Iron Treads|move: Protect\n|-resisted|p1b: Goodra\n|-damage|p1b: Goodra|80\/100 brn\n|move|p1b: Goodra|Draco Meteor|p2b: Coalossal\n|-damage|p2b: Coalossal|11\/100\n|-unboost|p1b: Goodra|spa|2\n|\n|-damage|p1b: Goodra|74\/100 brn|[from] brn\n|upkeep\n|turn|2\n|\n|t:|1683331206\n|-end|p1a: Iron Treads|Quark Drive|[silent]\n|switch|p1a: Murkrow|Murkrow, L50, M|100\/100\n|move|p2b: Coalossal|Protect|p2b: Coalossal\n|-singleturn|p2b: Coalossal|Protect\n|move|p2a: Chi-Yu|Lava Plume|p1a: Murkrow|[spread] p1a,p1b\n|-activate|p2b: Coalossal|move: Protect\n|-resisted|p1b: Goodra\n|-damage|p1a: Murkrow|46\/100\n|-damage|p1b: Goodra|61\/100 brn\n|move|p1b: Goodra|Thunderbolt|p2b: Coalossal\n|-activate|p2b: Coalossal|move: Protect\n|\n|-damage|p1b: Goodra|55\/100 brn|[from] brn\n|upkeep\n|turn|3\n|\n|t:|1683331222\n|-terastallize|p1a: Murkrow|Fire\n|move|p1a: Murkrow|Haze|p1a: Murkrow\n|-clearallboost\n|move|p2a: Chi-Yu|Lava Plume|p1a: Murkrow|[spread] p2b,p1a,p1b\n|-resisted|p2b: Coalossal\n|-resisted|p1a: Murkrow\n|-resisted|p1b: Goodra\n|-damage|p2b: Coalossal|0 fnt\n|-damage|p1a: Murkrow|21\/100\n|-damage|p1b: Goodra|43\/100 brn\n|faint|p2b: Coalossal\n|move|p1b: Goodra|Thunderbolt|p2a: Chi-Yu\n|-damage|p2a: Chi-Yu|68\/100\n|\n|-damage|p1b: Goodra|37\/100 brn|[from] brn\n|upkeep\n|\n|t:|1683331233\n|switch|p2b: Tatsugiri|Tatsugiri-Stretchy, L50, F|100\/100\n|turn|4\n|\n|t:|1683331254\n|switch|p2a: Flamigo|Flamigo, L50, F|100\/100\n|-copyboost|p2a: Flamigo|p2b: Tatsugiri|[from] ability: Costar\n|move|p1a: Murkrow|Haze|p1a: Murkrow\n|-clearallboost\n|move|p2b: Tatsugiri|Surf|p1a: Murkrow|[spread] p2a,p1a,p1b\n|-supereffective|p1a: Murkrow\n|-resisted|p1b: Goodra\n|-damage|p2a: Flamigo|31\/100\n|-damage|p1a: Murkrow|0 fnt\n|-damage|p1b: Goodra|25\/100 brn\n|faint|p1a: Murkrow\n|move|p1b: Goodra|Thunderbolt|p2a: Flamigo\n|-supereffective|p2a: Flamigo\n|-damage|p2a: Flamigo|0 fnt\n|faint|p2a: Flamigo\n|\n|-damage|p1b: Goodra|19\/100 brn|[from] brn\n|upkeep\n|\n|t:|1683331267\n|switch|p2a: Chi-Yu|Chi-Yu, L50|68\/100\n|switch|p1a: Meowscarada|Meowscarada, L50, F|100\/100\n|-ability|p2a: Chi-Yu|Beads of Ruin\n|turn|5\n|\n|t:|1683331292\n|move|p2a: Chi-Yu|Heat Wave|p1a: Meowscarada|[spread] p1a,p1b\n|-supereffective|p1a: Meowscarada\n|-resisted|p1b: Goodra\n|-damage|p1a: Meowscarada|0 fnt\n|-damage|p1b: Goodra|4\/100 brn\n|faint|p1a: Meowscarada\n|move|p2b: Tatsugiri|Surf|p1b: Goodra|[spread] p2a,p1b\n|-supereffective|p2a: Chi-Yu\n|-resisted|p1b: Goodra\n|-damage|p2a: Chi-Yu|0 fnt\n|-damage|p1b: Goodra|0 fnt\n|faint|p2a: Chi-Yu\n|faint|p1b: Goodra\n|\n|upkeep\n|\n|t:|1683331302\n|switch|p1a: Iron Treads|Iron Treads, L50|100\/100\n|turn|6\n|\n|t:|1683331307\n|move|p1a: Iron Treads|Earthquake|p2b: Tatsugiri\n|-crit|p2b: Tatsugiri\n|-damage|p2b: Tatsugiri|0 fnt\n|faint|p2b: Tatsugiri\n|\n|win|Determewnation\n|raw|Determewnation's rating: 1428 → 1446<\/strong> (+18 for winning)\n|raw|Yassooooo's rating: 1389 → 1371<\/strong> (-18 for losing)\n|l|\u2606Yassooooo\n","uploadtime":1683331416,"views":8,"p1id":"determewnation","p2id":"yassooooo","formatid":"gen9vgc2023regulationc","rating":1371,"private":0,"password":""}