{"id":"gen9vgc2023regulationc-1848834639","p1":"Millie Jean","p2":"hsjsnsnsbxbbs","format":"[Gen 9] VGC 2023 Regulation C","log":"|j|\u2606Millie Jean\n|j|\u2606hsjsnsnsbxbbs\n|t:|1682115524\n|gametype|doubles\n|player|p1|Millie Jean|whitney|1142\n|player|p2|hsjsnsnsbxbbs|giovanni|1240\n|teamsize|p1|6\n|teamsize|p2|6\n|gen|9\n|tier|[Gen 9] VGC 2023 Regulation C\n|rated|\n|rule|Species Clause: Limit one of each Pok\u00e9mon\n|rule|Item Clause: Limit one of each item\n|clearpoke\n|poke|p1|Wo-Chien, L50|\n|poke|p1|Glimmora, L50, F|\n|poke|p1|Dondozo, L50, F|\n|poke|p1|Tatsugiri, L50, M|\n|poke|p1|Arcanine, L50, M|\n|poke|p1|Flutter Mane, L50|\n|poke|p2|Orthworm, L50, M|\n|poke|p2|Ting-Lu, L50|\n|poke|p2|Arcanine, L50, F|\n|poke|p2|Amoonguss, L50, M|\n|poke|p2|Palafin, L50, F|\n|poke|p2|Dragonite, L50, M|\n|teampreview|4\n|inactive|Battle timer is ON: inactive players will automatically lose when time's up. (requested by Millie Jean)\nMillie Jean has agreed to open team sheets.\n|inactive|Millie Jean has 60 seconds left.\n|inactive|hsjsnsnsbxbbs has 60 seconds left.\n|\n|t:|1682115580\n|start\n|switch|p1a: Wo-Chien|Wo-Chien, L50|100\/100\n|switch|p1b: Glimmora|Glimmora, L50, F|100\/100\n|switch|p2a: Palafin|Palafin, L50, F|100\/100\n|switch|p2b: Ting-Lu|Ting-Lu, L50|100\/100\n|-ability|p1a: Wo-Chien|Tablets of Ruin\n|-ability|p2b: Ting-Lu|Vessel of Ruin\n|turn|1\n|inactive|Millie Jean has 30 seconds left.\n|inactive|hsjsnsnsbxbbs has 30 seconds left.\n|inactive|hsjsnsnsbxbbs has 20 seconds left.\n|\n|t:|1682115616\n|detailschange|p2a: Palafin|Palafin-Hero, L50, F\n|switch|p2a: Orthworm|Orthworm, L50, M, shiny|100\/100\n|move|p1b: Glimmora|Mortal Spin|p2a: Orthworm|[spread] p2b\n|-immune|p2a: Orthworm\n|-resisted|p2b: Ting-Lu\n|-damage|p2b: Ting-Lu|99\/100\n|-status|p2b: Ting-Lu|psn\n|move|p1a: Wo-Chien|Leech Seed|p2b: Ting-Lu\n|-start|p2b: Ting-Lu|move: Leech Seed\n|move|p2b: Ting-Lu|Earthquake|p1a: Wo-Chien|[spread] p1a,p1b\n|-immune|p2a: Orthworm|[from] ability: Earth Eater\n|-resisted|p1a: Wo-Chien\n|-supereffective|p1b: Glimmora\n|-damage|p1a: Wo-Chien|90\/100\n|-damage|p1b: Glimmora|10\/100\n|-activate|p1b: Glimmora|ability: Toxic Debris\n|-sidestart|p2: hsjsnsnsbxbbs|move: Toxic Spikes\n|\n|-damage|p2b: Ting-Lu|87\/100 psn|[from] Leech Seed|[of] p1a: Wo-Chien\n|-heal|p1a: Wo-Chien|100\/100|[silent]\n|-damage|p2b: Ting-Lu|75\/100 psn|[from] psn\n|upkeep\n|turn|2\n|inactive|Millie Jean has 30 seconds left.\n|inactive|hsjsnsnsbxbbs has 30 seconds left.\n|inactive|Millie Jean has 20 seconds left.\n|inactive|hsjsnsnsbxbbs has 20 seconds left.\n|inactive|Millie Jean has 15 seconds left.\n|inactive|hsjsnsnsbxbbs has 15 seconds left.\n|inactive|Millie Jean has 10 seconds left.\n|inactive|hsjsnsnsbxbbs has 10 seconds left.\n|inactive|Millie Jean has 5 seconds left.\n|\n|t:|1682115667\n|move|p1b: Glimmora|Venoshock|p2b: Ting-Lu\n|-resisted|p2b: Ting-Lu\n|-damage|p2b: Ting-Lu|62\/100 psn\n|move|p1a: Wo-Chien|Leech Seed|p2a: Orthworm\n|-start|p2a: Orthworm|move: Leech Seed\n|move|p2a: Orthworm|Iron Defense|p2a: Orthworm\n|-boost|p2a: Orthworm|def|2\n|move|p2b: Ting-Lu|Earthquake|p1b: Glimmora|[spread] p1a,p1b\n|-immune|p2a: Orthworm|[from] ability: Earth Eater\n|-resisted|p1a: Wo-Chien\n|-crit|p1a: Wo-Chien\n|-supereffective|p1b: Glimmora\n|-damage|p1a: Wo-Chien|85\/100\n|-damage|p1b: Glimmora|0 fnt\n|-activate|p1b: Glimmora|ability: Toxic Debris\n|-sidestart|p2: hsjsnsnsbxbbs|move: Toxic Spikes\n|faint|p1b: Glimmora\n|\n|-damage|p2a: Orthworm|88\/100|[from] Leech Seed|[of] p1a: Wo-Chien\n|-heal|p1a: Wo-Chien|97\/100|[silent]\n|-damage|p2b: Ting-Lu|50\/100 psn|[from] Leech Seed|[of] p1a: Wo-Chien\n|-heal|p1a: Wo-Chien|100\/100|[silent]\n|-damage|p2b: Ting-Lu|38\/100 psn|[from] psn\n|upkeep\n|inactive|Millie Jean has 30 seconds left.\n|\n|t:|1682115693\n|switch|p1b: Tatsugiri|Tatsugiri, L50, M|100\/100\n|turn|3\n|\n|t:|1682115714\n|switch|p1a: Dondozo|Dondozo, L50, F|100\/100\n|-activate|p1b: Tatsugiri|ability: Commander|[of] p1a: Dondozo\n|-boost|p1a: Dondozo|atk|2\n|-boost|p1a: Dondozo|spa|2\n|-boost|p1a: Dondozo|spe|2\n|-boost|p1a: Dondozo|def|2\n|-boost|p1a: Dondozo|spd|2\n|switch|p2b: Arcanine|Arcanine, L50, F|100\/100\n|-status|p2b: Arcanine|tox\n|-ability|p2b: Arcanine|Intimidate|boost\n|-unboost|p1a: Dondozo|atk|1\n|-unboost|p1b: Tatsugiri|atk|1\n|move|p2a: Orthworm|Iron Defense|p2a: Orthworm\n|-boost|p2a: Orthworm|def|2\n|\n|-damage|p2a: Orthworm|76\/100|[from] Leech Seed|[of] p1a: Dondozo\n|-damage|p2b: Arcanine|94\/100 tox|[from] psn\n|upkeep\n|turn|4\n|inactive|hsjsnsnsbxbbs has 30 seconds left.\n|inactive|hsjsnsnsbxbbs has 20 seconds left.\n|\n|t:|1682115752\n|-terastallize|p1a: Dondozo|Fire\n|move|p1a: Dondozo|Order Up|p2b: Arcanine\n|-damage|p2b: Arcanine|62\/100 tox\n|-boost|p1a: Dondozo|atk|1\n|move|p2b: Arcanine|Will-O-Wisp|p1a: Dondozo\n|-immune|p1a: Dondozo\n|move|p2a: Orthworm|Shed Tail|p2a: Orthworm\n|-start|p2a: Orthworm|Substitute|[from] move: Shed Tail\n|-damage|p2a: Orthworm|25\/100\n|-enditem|p2a: Orthworm|Sitrus Berry|[eat]\n|-heal|p2a: Orthworm|50\/100|[from] item: Sitrus Berry\n|\n|t:|1682115765\n|switch|p2a: Palafin|Palafin-Hero, L50, F|100\/100|[from] Shed Tail\n|-status|p2a: Palafin|tox\n|-activate|p2a: Palafin|ability: Zero to Hero\n|\n|-damage|p2b: Arcanine|49\/100 tox|[from] psn\n|-damage|p2a: Palafin|95\/100 tox|[from] psn\n|upkeep\n|turn|5\n|\n|t:|1682115787\n|-terastallize|p2a: Palafin|Water\n|move|p1a: Dondozo|Earthquake|p2b: Arcanine|[spread] p2a,p2b\n|-miss|p1a: Dondozo|p1b: Tatsugiri\n|-end|p2a: Palafin|Substitute\n|-supereffective|p2b: Arcanine\n|-damage|p2b: Arcanine|0 fnt\n|faint|p2b: Arcanine\n|move|p2a: Palafin|Haze|p2a: Palafin\n|-clearallboost\n|\n|-damage|p2a: Palafin|83\/100 tox|[from] psn\n|upkeep\n|\n|t:|1682115804\n|switch|p2b: Orthworm|Orthworm, L50, M, shiny|50\/100\n|turn|6\n|\n|t:|1682115818\n|move|p2a: Palafin|Jet Punch|p1a: Dondozo\n|-supereffective|p1a: Dondozo\n|-damage|p1a: Dondozo|18\/100\n|move|p2b: Orthworm|Iron Defense|p2b: Orthworm\n|-boost|p2b: Orthworm|def|2\n|move|p1a: Dondozo|Order Up|p2b: Orthworm\n|-resisted|p2b: Orthworm\n|-damage|p2b: Orthworm|43\/100\n|-boost|p1a: Dondozo|atk|1\n|\n|-heal|p1a: Dondozo|24\/100|[from] item: Leftovers\n|-damage|p2a: Palafin|65\/100 tox|[from] psn\n|upkeep\n|turn|7\n|inactive|Millie Jean has 30 seconds left.\n|inactive|hsjsnsnsbxbbs has 30 seconds left.\n|inactive|hsjsnsnsbxbbs has 20 seconds left.\n|inactive|hsjsnsnsbxbbs has 15 seconds left.\n|\n|t:|1682115859\n|move|p2a: Palafin|Jet Punch|p1a: Dondozo\n|-supereffective|p1a: Dondozo\n|-damage|p1a: Dondozo|0 fnt\n|faint|p1a: Dondozo\n|move|p2b: Orthworm|Iron Defense|p2b: Orthworm\n|-boost|p2b: Orthworm|def|2\n|\n|-damage|p2a: Palafin|42\/100 tox|[from] psn\n|upkeep\n|\n|t:|1682115878\n|switch|p1a: Wo-Chien|Wo-Chien, L50|100\/100\n|-ability|p1a: Wo-Chien|Tablets of Ruin\n|turn|8\n|\n|t:|1682115900\n|move|p2a: Palafin|Jet Punch|p1b: Tatsugiri\n|-resisted|p1b: Tatsugiri\n|-damage|p1b: Tatsugiri|80\/100\n|move|p1b: Tatsugiri|Muddy Water|p2b: Orthworm|[spread] p2a,p2b\n|-resisted|p2a: Palafin\n|-damage|p2a: Palafin|24\/100 tox\n|-damage|p2b: Orthworm|6\/100\n|-unboost|p2a: Palafin|accuracy|1\n|-unboost|p2b: Orthworm|accuracy|1\n|move|p1a: Wo-Chien|Leech Seed|p2b: Orthworm|[miss]\n|-miss|p1a: Wo-Chien|p2b: Orthworm\n|move|p2b: Orthworm|Body Press|p1a: Wo-Chien\n|-supereffective|p1a: Wo-Chien\n|-damage|p1a: Wo-Chien|17\/100\n|-enditem|p1a: Wo-Chien|Sitrus Berry|[eat]\n|-heal|p1a: Wo-Chien|42\/100|[from] item: Sitrus Berry\n|\n|-damage|p2a: Palafin|0 fnt|[from] psn\n|faint|p2a: Palafin\n|upkeep\n|\n|t:|1682115919\n|switch|p2a: Ting-Lu|Ting-Lu, L50|38\/100 psn\n|-ability|p2a: Ting-Lu|Vessel of Ruin\n|turn|9\n|\n|t:|1682115928\n|move|p1a: Wo-Chien|Protect|p1a: Wo-Chien\n|-singleturn|p1a: Wo-Chien|Protect\n|move|p1b: Tatsugiri|Muddy Water|p2a: Ting-Lu|[spread] p2a,p2b\n|-supereffective|p2a: Ting-Lu\n|-damage|p2a: Ting-Lu|8\/100 psn\n|-damage|p2b: Orthworm|0 fnt\n|faint|p2b: Orthworm\n|move|p2a: Ting-Lu|Earthquake|p1b: Tatsugiri|[spread] p1b\n|-activate|p1a: Wo-Chien|move: Protect\n|-damage|p1b: Tatsugiri|29\/100\n|\n|-damage|p2a: Ting-Lu|0 fnt|[from] psn\n|faint|p2a: Ting-Lu\n|\n|win|Millie Jean\n|upkeep\n|raw|Millie Jean's rating: 1142 → 1174<\/strong> (+32 for winning)\n|raw|hsjsnsnsbxbbs's rating: 1240 → 1208<\/strong> (-32 for losing)\n|c|\u2606Millie Jean|gg wp\n","uploadtime":1682115943,"views":8,"p1id":"milliejean","p2id":"hsjsnsnsbxbbs","formatid":"gen9vgc2023regulationc","rating":1174,"private":0,"password":""}