{"id":"gen9vgc2023regulationc-1845057662","p1":"SilverMKW","p2":"dasdasdas","format":"[Gen 9] VGC 2023 Regulation C","log":"|j|\u2606SilverMKW\n|j|\u2606dasdasdas\n|t:|1681678720\n|gametype|doubles\n|player|p1|SilverMKW|bellelba|1155\n|player|p2|dasdasdas|rocketgrunt|1110\n|teamsize|p1|6\n|teamsize|p2|6\n|gen|9\n|tier|[Gen 9] VGC 2023 Regulation C\n|rated|\n|rule|Species Clause: Limit one of each Pok\u00e9mon\n|rule|Item Clause: Limit one of each item\n|clearpoke\n|poke|p1|Flutter Mane, L50|\n|poke|p1|Lycanroc, L50, F|\n|poke|p1|Tyranitar, L50, M|\n|poke|p1|Indeedee-F, L50, F|\n|poke|p1|Iron Bundle, L50|\n|poke|p1|Chi-Yu, L50|\n|poke|p2|Flutter Mane, L50|\n|poke|p2|Dragapult, L50, M|\n|poke|p2|Talonflame, L50, F|\n|poke|p2|Ting-Lu, L50|\n|poke|p2|Palafin, L50, F|\n|poke|p2|Amoonguss, L50, M|\n|teampreview|4\n|inactive|Battle timer is ON: inactive players will automatically lose when time's up. (requested by dasdasdas)\ndasdasdas rejected open team sheets.\n|\n|t:|1681678743\n|start\n|switch|p1a: Tyranitar|Tyranitar, L50, M, shiny|100\/100\n|switch|p1b: Lycanroc|Lycanroc, L50, F, shiny|100\/100\n|switch|p2a: Palafin|Palafin, L50, F|100\/100\n|switch|p2b: Ting-Lu|Ting-Lu, L50|100\/100\n|-weather|Sandstorm|[from] ability: Sand Stream|[of] p1a: Tyranitar\n|-ability|p2b: Ting-Lu|Vessel of Ruin\n|turn|1\n|inactive|SilverMKW has 30 seconds left.\n|\n|t:|1681678769\n|move|p2a: Palafin|Protect|p2a: Palafin\n|-singleturn|p2a: Palafin|Protect\n|move|p1b: Lycanroc|Rock Slide|p2b: Ting-Lu|[spread] p2b\n|-activate|p2a: Palafin|move: Protect\n|-resisted|p2b: Ting-Lu\n|-damage|p2b: Ting-Lu|93\/100\n|move|p1a: Tyranitar|Low Kick|p2b: Ting-Lu\n|-supereffective|p2b: Ting-Lu\n|-damage|p2b: Ting-Lu|46\/100\n|move|p2b: Ting-Lu|Ruination|p1b: Lycanroc\n|-damage|p1b: Lycanroc|51\/100\n|\n|-weather|Sandstorm|[upkeep]\n|-damage|p2a: Palafin|95\/100|[from] Sandstorm\n|upkeep\n|turn|2\n|inactive|SilverMKW has 30 seconds left.\n|\n|t:|1681678801\n|switch|p2b: Flutter Mane|Flutter Mane, L50|100\/100\n|-terastallize|p2a: Palafin|Water\n|move|p2a: Palafin|Jet Punch|p1b: Lycanroc\n|-supereffective|p1b: Lycanroc\n|-damage|p1b: Lycanroc|0 fnt\n|faint|p1b: Lycanroc\n|move|p1a: Tyranitar|Rock Slide|p2b: Flutter Mane|[spread] p2a,p2b\n|-damage|p2a: Palafin|60\/100\n|-damage|p2b: Flutter Mane|50\/100\n|\n|-weather|Sandstorm|[upkeep]\n|-damage|p2b: Flutter Mane|44\/100|[from] Sandstorm\n|-damage|p2a: Palafin|54\/100|[from] Sandstorm\n|upkeep\n|\n|t:|1681678815\n|switch|p1b: Iron Bundle|Iron Bundle, L50|100\/100\n|-enditem|p1b: Iron Bundle|Booster Energy\n|-activate|p1b: Iron Bundle|ability: Quark Drive|[fromitem]\n|-start|p1b: Iron Bundle|quarkdrivespe\n|turn|3\n|inactive|dasdasdas has 30 seconds left.\n|\n|t:|1681678845\n|detailschange|p2a: Palafin|Palafin-Hero, L50, F, tera:Water\n|switch|p2a: Ting-Lu|Ting-Lu, L50|46\/100\n|-ability|p2a: Ting-Lu|Vessel of Ruin\n|-terastallize|p1a: Tyranitar|Flying\n|move|p1b: Iron Bundle|Freeze-Dry|p2a: Ting-Lu\n|-supereffective|p2a: Ting-Lu\n|-damage|p2a: Ting-Lu|26\/100\n|move|p2b: Flutter Mane|Power Gem|p1b: Iron Bundle\n|-supereffective|p1b: Iron Bundle\n|-damage|p1b: Iron Bundle|0 fnt\n|faint|p1b: Iron Bundle\n|-end|p1b: Iron Bundle|Quark Drive|[silent]\n|move|p1a: Tyranitar|Rock Slide|p2b: Flutter Mane|[spread] p2a,p2b\n|-resisted|p2a: Ting-Lu\n|-damage|p2a: Ting-Lu|18\/100\n|-damage|p2b: Flutter Mane|0 fnt\n|faint|p2b: Flutter Mane\n|-end|p2b: Flutter Mane|Protosynthesis|[silent]\n|\n|-weather|Sandstorm|[upkeep]\n|-damage|p1a: Tyranitar|95\/100|[from] Sandstorm\n|upkeep\n|\n|t:|1681678863\n|switch|p1b: Flutter Mane|Flutter Mane, L50|100\/100\n|switch|p2b: Talonflame|Talonflame, L50, F|100\/100\n|turn|4\n|inactive|dasdasdas has 30 seconds left.\n|\n|t:|1681678891\n|move|p2b: Talonflame|Tailwind|p2b: Talonflame\n|-sidestart|p2: dasdasdas|move: Tailwind\n|move|p1b: Flutter Mane|Dazzling Gleam|p2a: Ting-Lu|[spread] p2a,p2b\n|-supereffective|p2a: Ting-Lu\n|-resisted|p2b: Talonflame\n|-damage|p2a: Ting-Lu|0 fnt\n|-damage|p2b: Talonflame|77\/100\n|faint|p2a: Ting-Lu\n|move|p1a: Tyranitar|Rock Slide|p2b: Talonflame\n|-supereffective|p2b: Talonflame\n|-damage|p2b: Talonflame|0 fnt\n|faint|p2b: Talonflame\n|\n|-weather|Sandstorm|[upkeep]\n|-damage|p1b: Flutter Mane|95\/100|[from] Sandstorm\n|-damage|p1a: Tyranitar|89\/100|[from] Sandstorm\n|upkeep\n|\n|t:|1681678894\n|switch|p2b: Palafin|Palafin-Hero, L50, F, tera:Water|54\/100\n|-activate|p2b: Palafin|ability: Zero to Hero\n|turn|5\n|\n|t:|1681678918\n|move|p2b: Palafin|Jet Punch|p1b: Flutter Mane\n|-damage|p1b: Flutter Mane|0 fnt\n|faint|p1b: Flutter Mane\n|-end|p1b: Flutter Mane|Protosynthesis|[silent]\n|move|p1a: Tyranitar|Crunch|p2b: Palafin\n|-damage|p2b: Palafin|10\/100\n|\n|-weather|none\n|upkeep\n|turn|6\n|\n|t:|1681678927\n|move|p2b: Palafin|Wave Crash|p1a: Tyranitar\n|-damage|p1a: Tyranitar|0 fnt\n|faint|p1a: Tyranitar\n|-damage|p2b: Palafin|0 fnt|[from] Recoil\n|faint|p2b: Palafin\n|\n|win|dasdasdas\n|raw|SilverMKW's rating: 1155 → 1127<\/strong> (-28 for losing)\n|raw|dasdasdas's rating: 1110 → 1138<\/strong> (+28 for winning)\n|l|\u2606dasdasdas\n","uploadtime":1681678935,"views":11,"p1id":"silvermkw","p2id":"dasdasdas","formatid":"gen9vgc2023regulationc","rating":1127,"private":0,"password":""}