{"id":"gen9vgc2023regulationc-1859658730","p1":"Quiddsy","p2":"weggbert 3000","format":"[Gen 9] VGC 2023 Regulation C","log":"|j|\u2606Quiddsy\n|j|\u2606weggbert 3000\n|t:|1683553533\n|gametype|doubles\n|player|p1|Quiddsy|266|1096\n|player|p2|weggbert 3000|pokemaniac|1000\n|teamsize|p1|6\n|teamsize|p2|6\n|gen|9\n|tier|[Gen 9] VGC 2023 Regulation C\n|rated|\n|rule|Species Clause: Limit one of each Pok\u00e9mon\n|rule|Item Clause: Limit one of each item\n|clearpoke\n|poke|p1|Dragapult, L50, F|\n|poke|p1|Abomasnow, L50, M|\n|poke|p1|Iron Bundle, L50|\n|poke|p1|Krookodile, L50, F|\n|poke|p1|Chien-Pao, L50|\n|poke|p1|Vivillon-Fancy, L50, M|\n|poke|p2|Garganacl, L50, F|\n|poke|p2|Flutter Mane, L50|\n|poke|p2|Ting-Lu, L50|\n|poke|p2|Espathra, L50, F|\n|poke|p2|Amoonguss, L50, F|\n|poke|p2|Maushold-Four, L50|\n|teampreview|4\n|\n|t:|1683553568\n|start\n|switch|p1a: Dragapult|Dragapult, L50, F, shiny|100\/100\n|switch|p1b: Abomasnow|Abomasnow, L50, M, shiny|100\/100\n|switch|p2a: Flutter Mane|Flutter Mane, L50|100\/100\n|switch|p2b: Ting-Lu|Ting-Lu, L50|100\/100\n|-weather|Snow|[from] ability: Snow Warning|[of] p1b: Abomasnow\n|-ability|p2b: Ting-Lu|Vessel of Ruin\n|turn|1\n|\n|t:|1683553617\n|move|p1a: Dragapult|Phantom Force||[still]\n|-prepare|p1a: Dragapult|Phantom Force\n|move|p1b: Abomasnow|Energy Ball|p2b: Ting-Lu\n|-supereffective|p2b: Ting-Lu\n|-damage|p2b: Ting-Lu|47\/100\n|move|p2b: Ting-Lu|Fissure|p1b: Abomasnow|[miss]\n|-miss|p2b: Ting-Lu|p1b: Abomasnow\n|move|p2a: Flutter Mane|Trick Room|p2a: Flutter Mane\n|-fieldstart|move: Trick Room|[of] p2a: Flutter Mane\n|\n|-weather|Snow|[upkeep]\n|upkeep\n|turn|2\n|\n|t:|1683553662\n|move|p2b: Ting-Lu|Fissure|p1a: Dragapult|[miss]\n|-miss|p2b: Ting-Lu|p1a: Dragapult\n|move|p1b: Abomasnow|Blizzard|p2b: Ting-Lu|[spread] p2a,p2b\n|-supereffective|p2b: Ting-Lu\n|-damage|p2a: Flutter Mane|78\/100\n|-damage|p2b: Ting-Lu|1\/100\n|move|p2a: Flutter Mane|Mystical Fire|p1b: Abomasnow\n|-supereffective|p1b: Abomasnow\n|-damage|p1b: Abomasnow|9\/100\n|-unboost|p1b: Abomasnow|spa|1\n|move|p1a: Dragapult|Phantom Force|p2a: Flutter Mane|[from]lockedmove\n|-supereffective|p2a: Flutter Mane\n|-damage|p2a: Flutter Mane|0 fnt\n|-damage|p1a: Dragapult|84\/100|[from] item: Rocky Helmet|[of] p2a: Flutter Mane\n|faint|p2a: Flutter Mane\n|-end|p2a: Flutter Mane|Protosynthesis|[silent]\n|\n|-weather|Snow|[upkeep]\n|upkeep\n|\n|t:|1683553682\n|switch|p2a: Among us|Amoonguss, L50, F|100\/100\n|turn|3\n|\n|t:|1683553696\n|switch|p1a: Krookodile|Krookodile, L50, F, shiny|100\/100\n|-ability|p1a: Krookodile|Intimidate|boost\n|-unboost|p2a: Among us|atk|1\n|-unboost|p2b: Ting-Lu|atk|1\n|move|p1b: Abomasnow|Ice Shard|p2b: Ting-Lu\n|-supereffective|p2b: Ting-Lu\n|-damage|p2b: Ting-Lu|0 fnt\n|faint|p2b: Ting-Lu\n|move|p2a: Among us|Pollen Puff|p2: Ting-Lu|[notarget]\n|-fail|p2a: Among us\n|\n|-weather|Snow|[upkeep]\n|upkeep\n|\n|t:|1683553712\n|switch|p2b: Espathra|Espathra, L50, F|100\/100\n|turn|4\n|\n|t:|1683553741\n|switch|p1b: Iron Bundle|Iron Bundle, L50|100\/100\n|-enditem|p1b: Iron Bundle|Booster Energy\n|-activate|p1b: Iron Bundle|ability: Quark Drive|[fromitem]\n|-start|p1b: Iron Bundle|quarkdrivespe\n|move|p2a: Among us|Spore|p1a: Krookodile\n|-status|p1a: Krookodile|slp|[from] move: Spore\n|cant|p1a: Krookodile|slp\n|move|p2b: Espathra|Lumina Crash|p1b: Iron Bundle\n|-damage|p1b: Iron Bundle|25\/100\n|-unboost|p1b: Iron Bundle|spd|2\n|\n|-weather|Snow|[upkeep]\n|-ability|p2b: Espathra|Speed Boost|boost\n|-boost|p2b: Espathra|spe|1\n|upkeep\n|turn|5\n|\n|t:|1683553795\n|cant|p1a: Krookodile|slp\n|move|p2a: Among us|Stun Spore|p1b: Iron Bundle\n|-status|p1b: Iron Bundle|par\n|move|p1b: Iron Bundle|Blizzard|p2b: Espathra|[spread] p2a,p2b\n|-supereffective|p2a: Among us\n|-damage|p2a: Among us|23\/100\n|-damage|p2b: Espathra|35\/100\n|-enditem|p2a: Among us|Iapapa Berry|[eat]\n|-heal|p2a: Among us|56\/100|[from] item: Iapapa Berry\n|move|p2b: Espathra|Lumina Crash|p1a: Krookodile\n|-immune|p1a: Krookodile\n|\n|-weather|none\n|-fieldend|move: Trick Room\n|-ability|p2b: Espathra|Speed Boost|boost\n|-boost|p2b: Espathra|spe|1\n|upkeep\n|turn|6\n|l|\u2606weggbert 3000\n|player|p2|\n|j|\u2606weggbert 3000\n|player|p2|weggbert 3000|pokemaniac\n|l|\u2606weggbert 3000\n|player|p2|\n|j|\u2606weggbert 3000\n|player|p2|weggbert 3000|pokemaniac\n|\n|t:|1683553925\n|switch|p1a: Abomasnow|Abomasnow, L50, M, shiny|9\/100\n|-weather|Snow|[from] ability: Snow Warning|[of] p1a: Abomasnow\n|move|p1b: Iron Bundle|Protect|p1b: Iron Bundle\n|-singleturn|p1b: Iron Bundle|Protect\n|move|p2b: Espathra|Lumina Crash|p1b: Iron Bundle\n|-activate|p1b: Iron Bundle|move: Protect\n|move|p2a: Among us|Pollen Puff|p2b: Espathra\n|-heal|p2b: Espathra|85\/100\n|\n|-weather|Snow|[upkeep]\n|-ability|p2b: Espathra|Speed Boost|boost\n|-boost|p2b: Espathra|spe|1\n|upkeep\n|turn|7\n|\n|t:|1683553966\n|move|p2b: Espathra|Lumina Crash|p1a: Abomasnow\n|-damage|p1a: Abomasnow|0 fnt\n|faint|p1a: Abomasnow\n|move|p1b: Iron Bundle|Blizzard|p2a: Among us|[spread] p2a,p2b\n|-supereffective|p2a: Among us\n|-damage|p2a: Among us|0 fnt\n|-damage|p2b: Espathra|25\/100\n|faint|p2a: Among us\n|\n|-weather|Snow|[upkeep]\n|-ability|p2b: Espathra|Speed Boost|boost\n|-boost|p2b: Espathra|spe|1\n|upkeep\n|\n|t:|1683553980\n|switch|p1a: Krookodile|Krookodile, L50, F, shiny|100\/100 slp\n|-ability|p1a: Krookodile|Intimidate|boost\n|-unboost|p2b: Espathra|atk|1\n|turn|8\n|\n|t:|1683553988\n|move|p1b: Iron Bundle|Protect|p1b: Iron Bundle\n|-singleturn|p1b: Iron Bundle|Protect\n|move|p2b: Espathra|Lumina Crash|p1b: Iron Bundle\n|-activate|p1b: Iron Bundle|move: Protect\n|cant|p1a: Krookodile|slp\n|\n|-weather|Snow|[upkeep]\n|-ability|p2b: Espathra|Speed Boost|boost\n|-boost|p2b: Espathra|spe|1\n|upkeep\n|turn|9\n|\n|t:|1683554006\n|move|p2b: Espathra|Lumina Crash|p1b: Iron Bundle\n|-damage|p1b: Iron Bundle|0 fnt\n|faint|p1b: Iron Bundle\n|-end|p1b: Iron Bundle|Quark Drive|[silent]\n|-curestatus|p1a: Krookodile|slp|[msg]\n|move|p1a: Krookodile|Crunch|p2b: Espathra\n|-supereffective|p2b: Espathra\n|-crit|p2b: Espathra\n|-damage|p2b: Espathra|0 fnt\n|faint|p2b: Espathra\n|-damage|p1a: Krookodile|91\/100|[from] item: Life Orb\n|\n|win|Quiddsy\n|raw|Quiddsy's rating: 1096 → 1115<\/strong> (+19 for winning)\n|raw|weggbert 3000's rating: 1000 → 1000<\/strong> (+0 for losing)\n|l|\u2606weggbert 3000\n","uploadtime":1683554069,"views":6,"p1id":"quiddsy","p2id":"weggbert3000","formatid":"gen9vgc2023regulationc","rating":1000,"private":0,"password":""}