{"id":"gen9vgc2023regulationc-1847051790","p1":"HitFissureThenLose","p2":"bgtc","format":"[Gen 9] VGC 2023 Regulation C","log":"|j|\u2606HitFissureThenLose\n|j|\u2606bgtc\n|t:|1681915030\n|gametype|doubles\n|player|p1|HitFissureThenLose|red|1679\n|player|p2|bgtc|170|1629\n|teamsize|p1|6\n|teamsize|p2|6\n|gen|9\n|tier|[Gen 9] VGC 2023 Regulation C\n|rated|\n|rule|Species Clause: Limit one of each Pok\u00e9mon\n|rule|Item Clause: Limit one of each item\n|clearpoke\n|poke|p1|Toxapex, L50, F|\n|poke|p1|Ting-Lu, L50|\n|poke|p1|Grimmsnarl, L50, M|\n|poke|p1|Chi-Yu, L50|\n|poke|p1|Wo-Chien, L50|\n|poke|p1|Azumarill, L50, M|\n|poke|p2|Dragonite, L50, F|\n|poke|p2|Ting-Lu, L50|\n|poke|p2|Annihilape, L50, F|\n|poke|p2|Amoonguss, L50, F|\n|poke|p2|Flutter Mane, L50|\n|poke|p2|Arcanine, L50, M|\n|teampreview|4\nHitFissureThenLose has agreed to open team sheets.\n|inactive|Battle timer is ON: inactive players will automatically lose when time's up. (requested by HitFissureThenLose)\n|inactive|HitFissureThenLose has 60 seconds left.\n|inactive|bgtc has 60 seconds left.\n|inactive|bgtc has 30 seconds left.\n|\n|t:|1681915094\n|start\n|switch|p1a: Grimmsnarl|Grimmsnarl, L50, M|100\/100\n|switch|p1b: Toxapex|Toxapex, L50, F|100\/100\n|switch|p2a: Dragonite|Dragonite, L50, F|100\/100\n|switch|p2b: Ting-Lu|Ting-Lu, L50|100\/100\n|-ability|p2b: Ting-Lu|Vessel of Ruin\n|turn|1\n|inactive|HitFissureThenLose has 30 seconds left.\n|\n|t:|1681915120\n|-terastallize|p2a: Dragonite|Flying\n|-terastallize|p1b: Toxapex|Flying\n|move|p1a: Grimmsnarl|Reflect|p1a: Grimmsnarl\n|-sidestart|p1: HitFissureThenLose|Reflect\n|move|p2a: Dragonite|Tera Blast|p1b: Toxapex\n|-damage|p1b: Toxapex|72\/100\n|move|p2b: Ting-Lu|Earthquake|p1a: Grimmsnarl|[spread] p1a\n|-immune|p2a: Dragonite\n|-immune|p1b: Toxapex\n|-damage|p1a: Grimmsnarl|77\/100\n|move|p1b: Toxapex|Infestation|p2b: Ting-Lu\n|-supereffective|p2b: Ting-Lu\n|-damage|p2b: Ting-Lu|98\/100\n|-activate|p2b: Ting-Lu|move: Infestation|[of] p1b: Toxapex\n|\n|-heal|p1b: Toxapex|78\/100|[from] item: Leftovers\n|-damage|p2b: Ting-Lu|86\/100|[from] move: Infestation|[partiallytrapped]\n|upkeep\n|turn|2\n|inactive|bgtc has 30 seconds left.\n|inactive|bgtc has 20 seconds left.\n|inactive|bgtc has 15 seconds left.\n|inactive|bgtc has 10 seconds left.\n|inactive|bgtc has 5 seconds left.\n|\n|t:|1681915170\n|move|p2a: Dragonite|Tera Blast|p1b: Toxapex\n|-damage|p1b: Toxapex|50\/100\n|move|p1a: Grimmsnarl|Spirit Break|p2a: Dragonite\n|-damage|p2a: Dragonite|67\/100\n|-unboost|p2a: Dragonite|spa|1\n|move|p2b: Ting-Lu|Rock Slide|p1a: Grimmsnarl|[spread] p1a,p1b\n|-supereffective|p1b: Toxapex\n|-damage|p1a: Grimmsnarl|63\/100\n|-damage|p1b: Toxapex|30\/100\n|move|p1b: Toxapex|Toxic|p2a: Dragonite\n|-status|p2a: Dragonite|tox\n|-enditem|p2a: Dragonite|Lum Berry|[eat]\n|-curestatus|p2a: Dragonite|tox|[msg]\n|\n|-heal|p1b: Toxapex|36\/100|[from] item: Leftovers\n|-damage|p2b: Ting-Lu|74\/100|[from] move: Infestation|[partiallytrapped]\n|upkeep\n|turn|3\n|j| EstoyFuerisimaVGC\n|inactive|HitFissureThenLose has 30 seconds left.\n|inactive|bgtc has 30 seconds left.\n|\n|t:|1681915203\n|move|p2a: Dragonite|Protect|p2a: Dragonite\n|-singleturn|p2a: Dragonite|Protect\n|move|p1b: Toxapex|Baneful Bunker|p1b: Toxapex\n|-singleturn|p1b: Toxapex|move: Protect\n|move|p1a: Grimmsnarl|Spirit Break|p2a: Dragonite\n|-activate|p2a: Dragonite|move: Protect\n|move|p2b: Ting-Lu|Rock Slide|p1a: Grimmsnarl|[spread] p1a\n|-activate|p1b: Toxapex|move: Protect\n|-damage|p1a: Grimmsnarl|51\/100\n|\n|-heal|p1b: Toxapex|42\/100|[from] item: Leftovers\n|-damage|p2b: Ting-Lu|62\/100|[from] move: Infestation|[partiallytrapped]\n|upkeep\n|turn|4\n|inactive|bgtc has 30 seconds left.\n|\n|t:|1681915231\n|switch|p1b: Wo-Chien|Wo-Chien, L50|100\/100\n|-ability|p1b: Wo-Chien|Tablets of Ruin\n|move|p2a: Dragonite|Tera Blast|p1b: Wo-Chien\n|-supereffective|p1b: Wo-Chien\n|-damage|p1b: Wo-Chien|40\/100\n|-enditem|p1b: Wo-Chien|Sitrus Berry|[eat]\n|-heal|p1b: Wo-Chien|65\/100|[from] item: Sitrus Berry\n|move|p1a: Grimmsnarl|Spirit Break|p2b: Ting-Lu\n|-supereffective|p2b: Ting-Lu\n|-damage|p2b: Ting-Lu|32\/100\n|-unboost|p2b: Ting-Lu|spa|1\n|move|p2b: Ting-Lu|Rock Slide|p1b: Wo-Chien|[spread] p1b\n|-miss|p2b: Ting-Lu|p1a: Grimmsnarl\n|-damage|p1b: Wo-Chien|56\/100\n|\n|-end|p2b: Ting-Lu|Infestation|[partiallytrapped]|[silent]\n|upkeep\n|turn|5\n|inactive|HitFissureThenLose has 30 seconds left.\n|inactive|bgtc has 30 seconds left.\n|\n|t:|1681915264\n|switch|p2b: Arcanine|Arcanine, L50, M|100\/100\n|-ability|p2b: Arcanine|Intimidate|boost\n|-unboost|p1a: Grimmsnarl|atk|1\n|-unboost|p1b: Wo-Chien|atk|1\n|move|p2a: Dragonite|Tera Blast|p1b: Wo-Chien\n|-supereffective|p1b: Wo-Chien\n|-damage|p1b: Wo-Chien|2\/100\n|move|p1b: Wo-Chien|Foul Play|p2a: Dragonite\n|-damage|p2a: Dragonite|9\/100\n|move|p1a: Grimmsnarl|Spirit Break|p2b: Arcanine\n|-resisted|p2b: Arcanine\n|-damage|p2b: Arcanine|94\/100\n|-unboost|p2b: Arcanine|spa|1\n|\n|upkeep\n|turn|6\n|inactive|bgtc has 30 seconds left.\n|inactive|bgtc has 20 seconds left.\n|inactive|bgtc has 15 seconds left.\n|inactive|bgtc has 10 seconds left.\n|inactive|bgtc has 5 seconds left.\n|\n|t:|1681915316\n|switch|p1b: Toxapex|Toxapex, L50, F, tera:Flying|75\/100\n|move|p2a: Dragonite|Protect|p2a: Dragonite\n|-singleturn|p2a: Dragonite|Protect\n|move|p2b: Arcanine|Flare Blitz|p1b: Toxapex\n|-damage|p1b: Toxapex|50\/100\n|-status|p1b: Toxapex|brn\n|-damage|p2b: Arcanine|87\/100|[from] Recoil\n|move|p1a: Grimmsnarl|Spirit Break|p2a: Dragonite\n|-activate|p2a: Dragonite|move: Protect\n|\n|-heal|p1b: Toxapex|55\/100 brn|[from] item: Leftovers\n|-damage|p1b: Toxapex|50\/100 brn|[from] brn\n|upkeep\n|turn|7\n|inactive|bgtc has 30 seconds left.\n|inactive|bgtc has 20 seconds left.\n|inactive|bgtc has 15 seconds left.\n|l| EstoyFuerisimaVGC\n|\n|t:|1681915360\n|switch|p2a: Amoonguss|Amoonguss, L50, F|100\/100\n|move|p2b: Arcanine|Will-O-Wisp|p1a: Grimmsnarl\n|-status|p1a: Grimmsnarl|brn\n|move|p1a: Grimmsnarl|Spirit Break|p2a: Amoonguss\n|-resisted|p2a: Amoonguss\n|-damage|p2a: Amoonguss|96\/100\n|-unboost|p2a: Amoonguss|spa|1\n|move|p1b: Toxapex|Recover|p1b: Toxapex\n|-heal|p1b: Toxapex|99\/100 brn\n|\n|-heal|p1b: Toxapex|100\/100 brn|[from] item: Leftovers\n|-damage|p1a: Grimmsnarl|45\/100 brn|[from] brn\n|-damage|p1b: Toxapex|95\/100 brn|[from] brn\n|upkeep\n|turn|8\n|\n|t:|1681915384\n|switch|p2b: Ting-Lu|Ting-Lu, L50|32\/100\n|-ability|p2b: Ting-Lu|Vessel of Ruin\n|switch|p1a: Azumarill|Azumarill, L50, M|100\/100\n|move|p1b: Toxapex|Infestation|p2a: Amoonguss\n|-damage|p2a: Amoonguss|94\/100\n|-activate|p2a: Amoonguss|move: Infestation|[of] p1b: Toxapex\n|move|p2a: Amoonguss|Pollen Puff|p2b: Ting-Lu\n|-heal|p2b: Ting-Lu|82\/100\n|\n|-heal|p1b: Toxapex|100\/100 brn|[from] item: Leftovers\n|-damage|p1b: Toxapex|95\/100 brn|[from] brn\n|-damage|p2a: Amoonguss|82\/100|[from] move: Infestation|[partiallytrapped]\n|-sideend|p1: HitFissureThenLose|Reflect\n|upkeep\n|turn|9\n|inactive|bgtc has 30 seconds left.\n|inactive|bgtc has 20 seconds left.\n|\n|t:|1681915423\n|move|p1a: Azumarill|Perish Song|p1a: Azumarill\n|-start|p1a: Azumarill|perish3|[silent]\n|-start|p1b: Toxapex|perish3|[silent]\n|-start|p2a: Amoonguss|perish3|[silent]\n|-start|p2b: Ting-Lu|perish3|[silent]\n|-fieldactivate|move: Perish Song\n|move|p2b: Ting-Lu|Heavy Slam|p1a: Azumarill\n|-damage|p1a: Azumarill|58\/100\n|move|p1b: Toxapex|Infestation|p2b: Ting-Lu\n|-supereffective|p2b: Ting-Lu\n|-damage|p2b: Ting-Lu|80\/100\n|-activate|p2b: Ting-Lu|move: Infestation|[of] p1b: Toxapex\n|move|p2a: Amoonguss|Spore|p1a: Azumarill\n|-activate|p1a: Azumarill|item: Safety Goggles|Spore\n|\n|-heal|p1b: Toxapex|100\/100 brn|[from] item: Leftovers\n|-damage|p1b: Toxapex|95\/100 brn|[from] brn\n|-damage|p2b: Ting-Lu|68\/100|[from] move: Infestation|[partiallytrapped]\n|-damage|p2a: Amoonguss|70\/100|[from] move: Infestation|[partiallytrapped]\n|-start|p1a: Azumarill|perish3\n|-start|p2b: Ting-Lu|perish3\n|-start|p1b: Toxapex|perish3\n|-start|p2a: Amoonguss|perish3\n|upkeep\n|turn|10\n|j| SerseCosmiVGC\n|inactive|bgtc has 30 seconds left.\n|j| polkilox\n|inactive|HitFissureThenLose has 30 seconds left.\n|inactive|bgtc has 20 seconds left.\n|inactive|bgtc has 15 seconds left.\n|\n|t:|1681915465\n|move|p1a: Azumarill|Protect|p1a: Azumarill\n|-singleturn|p1a: Azumarill|Protect\n|move|p2b: Ting-Lu|Heavy Slam|p1a: Azumarill\n|-activate|p1a: Azumarill|move: Protect\n|move|p1b: Toxapex|Recover|p1b: Toxapex\n|-heal|p1b: Toxapex|100\/100 brn\n|move|p2a: Amoonguss|Clear Smog|p1a: Azumarill\n|-activate|p1a: Azumarill|move: Protect\n|\n|-damage|p1b: Toxapex|95\/100 brn|[from] brn\n|-damage|p2b: Ting-Lu|56\/100|[from] move: Infestation|[partiallytrapped]\n|-damage|p2a: Amoonguss|57\/100|[from] move: Infestation|[partiallytrapped]\n|-start|p1a: Azumarill|perish2\n|-start|p2b: Ting-Lu|perish2\n|-start|p1b: Toxapex|perish2\n|-start|p2a: Amoonguss|perish2\n|upkeep\n|turn|11\n|inactive|HitFissureThenLose has 30 seconds left.\n|inactive|bgtc has 30 seconds left.\n|\n|t:|1681915498\n|switch|p1a: Wo-Chien|Wo-Chien, L50|2\/100\n|-ability|p1a: Wo-Chien|Tablets of Ruin\n|move|p2b: Ting-Lu|Rock Slide|p1b: Toxapex|[spread] p1a,p1b\n|-supereffective|p1b: Toxapex\n|-damage|p1a: Wo-Chien|0 fnt\n|-damage|p1b: Toxapex|76\/100 brn\n|faint|p1a: Wo-Chien\n|move|p1b: Toxapex|Recover|p1b: Toxapex\n|-heal|p1b: Toxapex|100\/100 brn\n|move|p2a: Amoonguss|Clear Smog|p1b: Toxapex\n|-crit|p1b: Toxapex\n|-damage|p1b: Toxapex|88\/100 brn\n|-clearboost|p1b: Toxapex\n|\n|-heal|p1b: Toxapex|94\/100 brn|[from] item: Leftovers\n|-damage|p1b: Toxapex|88\/100 brn|[from] brn\n|-damage|p2b: Ting-Lu|43\/100|[from] move: Infestation|[partiallytrapped]\n|-damage|p2a: Amoonguss|45\/100|[from] move: Infestation|[partiallytrapped]\n|-start|p2b: Ting-Lu|perish1\n|-start|p1b: Toxapex|perish1\n|-start|p2a: Amoonguss|perish1\n|upkeep\n|-enditem|p2a: Amoonguss|Sitrus Berry|[eat]\n|-heal|p2a: Amoonguss|70\/100|[from] item: Sitrus Berry\n|\n|t:|1681915523\n|switch|p1a: Grimmsnarl|Grimmsnarl, L50, M|45\/100 brn\n|turn|12\n|\n|t:|1681915534\n|switch|p1b: Azumarill|Azumarill, L50, M|58\/100\n|move|p1a: Grimmsnarl|Reflect|p1a: Grimmsnarl\n|-sidestart|p1: HitFissureThenLose|Reflect\n|move|p2b: Ting-Lu|Heavy Slam|p1a: Grimmsnarl\n|-supereffective|p1a: Grimmsnarl\n|-damage|p1a: Grimmsnarl|0 fnt\n|faint|p1a: Grimmsnarl\n|move|p2a: Amoonguss|Clear Smog|p1b: Azumarill\n|-supereffective|p1b: Azumarill\n|-damage|p1b: Azumarill|40\/100\n|-clearboost|p1b: Azumarill\n|\n|-end|p2b: Ting-Lu|Infestation|[partiallytrapped]|[silent]\n|-end|p2a: Amoonguss|Infestation|[partiallytrapped]\n|-start|p2b: Ting-Lu|perish0\n|-start|p2a: Amoonguss|perish0\n|faint|p2b: Ting-Lu\n|faint|p2a: Amoonguss\n|upkeep\n|j| EstoyFuerisimaVGC\n|\n|t:|1681915548\n|switch|p1a: Toxapex|Toxapex, L50, F, tera:Flying|100\/100 brn\n|switch|p2b: Arcanine|Arcanine, L50, M|87\/100\n|switch|p2a: Dragonite|Dragonite, L50, F, tera:Flying|9\/100\n|-ability|p2b: Arcanine|Intimidate|boost\n|-unboost|p1a: Toxapex|atk|1\n|-unboost|p1b: Azumarill|atk|1\n|turn|13\n|inactive|bgtc has 30 seconds left.\n|l| polkilox\n|inactive|bgtc has 20 seconds left.\n|inactive|bgtc has 15 seconds left.\n|inactive|bgtc has 10 seconds left.\n|\n|t:|1681915577\n|move|p1b: Azumarill|Aqua Jet|p2a: Dragonite\n|-damage|p2a: Dragonite|0 fnt\n|faint|p2a: Dragonite\n|move|p2b: Arcanine|Howl|p2b: Arcanine\n|-boost|p2b: Arcanine|atk|1\n|move|p1a: Toxapex|Toxic|p2b: Arcanine\n|-status|p2b: Arcanine|tox\n|\n|-damage|p2b: Arcanine|81\/100 tox|[from] psn\n|-damage|p1a: Toxapex|95\/100 brn|[from] brn\n|upkeep\n|turn|14\n|inactive|bgtc has 10 seconds left this turn.\n|inactive|bgtc has 5 seconds left.\n|-message|bgtc forfeited.\n|\n|win|HitFissureThenLose\n|inactive|bgtc has 5 seconds left this turn.\n|raw|HitFissureThenLose's rating: 1679 → 1696<\/strong> (+17 for winning)\n|raw|bgtc's rating: 1629 → 1612<\/strong> (-17 for losing)\n|l|\u2606bgtc\n","uploadtime":1681915593,"views":7,"p1id":"hitfissurethenlose","p2id":"bgtc","formatid":"gen9vgc2023regulationc","rating":1612,"private":0,"password":""}