{"id":"gen9vgc2023regulationc-1845675329","p1":"muddyswamppert","p2":"jeffman323","format":"[Gen 9] VGC 2023 Regulation C","log":"|j|\u2606muddyswamppert\n|j|\u2606jeffman323\n|t:|1681754604\n|gametype|doubles\n|player|p1|muddyswamppert|cynthia-gen4|\n|player|p2|jeffman323|steven|\n|teamsize|p1|6\n|teamsize|p2|6\n|gen|9\n|tier|[Gen 9] VGC 2023 Regulation C\n|rule|Species Clause: Limit one of each Pok\u00e9mon\n|rule|Item Clause: Limit one of each item\n|clearpoke\n|poke|p1|Palafin, L50, F|\n|poke|p1|Chien-Pao, L50|\n|poke|p1|Arcanine, L50, F|\n|poke|p1|Dragonite, L50, F|\n|poke|p1|Gholdengo, L50|\n|poke|p1|Iron Valiant, L50|\n|poke|p2|Hatterene, L50, F|\n|poke|p2|Indeedee-F, L50, F|\n|poke|p2|Torkoal, L50, M|\n|poke|p2|Kingambit, L50, M|\n|poke|p2|Iron Hands, L50|\n|poke|p2|Brute Bonnet, L50|\n|teampreview|4\n|inactive|Battle timer is ON: inactive players will automatically lose when time's up. (requested by muddyswamppert)\njeffman323 has agreed to open team sheets.\n|c|\u2606muddyswamppert|glhf\nmuddyswamppert has agreed to open team sheets.\n|c|\u2606muddyswamppert|oh god trickroom\n|inactive|jeffman323 has 60 seconds left.\n|c|\u2606muddyswamppert|im scared for my life\n|inactive|jeffman323 has 30 seconds left.\n|j| Keveloper\n|inactive|jeffman323 has 20 seconds left.\n|inactive|jeffman323 has 15 seconds left.\n|\n|t:|1681754682\n|start\n|switch|p1a: Gholdengo|Gholdengo, L50|100\/100\n|switch|p1b: Iron Valiant|Iron Valiant, L50|100\/100\n|switch|p2a: Iron Hands|Iron Hands, L50|100\/100\n|switch|p2b: Hatterene|Hatterene, L50, F|100\/100\n|-enditem|p1b: Iron Valiant|Booster Energy\n|-activate|p1b: Iron Valiant|ability: Quark Drive|[fromitem]\n|-start|p1b: Iron Valiant|quarkdrivespe\n|turn|1\n|c|\u2606muddyswamppert|bruh whole discord about to see me be swept\n|inactive|jeffman323 has 30 seconds left.\n|\n|t:|1681754712\n|move|p2a: Iron Hands|Fake Out|p1b: Iron Valiant\n|-damage|p1b: Iron Valiant|79\/100\n|cant|p1b: Iron Valiant|flinch\n|move|p1a: Gholdengo|Make It Rain|p2a: Iron Hands|[spread] p2a,p2b\n|-resisted|p2a: Iron Hands\n|-supereffective|p2b: Hatterene\n|-damage|p2a: Iron Hands|81\/100\n|-enditem|p2b: Hatterene|Focus Sash\n|-damage|p2b: Hatterene|1\/100\n|-unboost|p1a: Gholdengo|spa|1\n|-damage|p1a: Gholdengo|91\/100|[from] item: Life Orb\n|move|p2b: Hatterene|Trick Room|p2b: Hatterene\n|-fieldstart|move: Trick Room|[of] p2b: Hatterene\n|\n|upkeep\n|turn|2\n|inactive|jeffman323 has 30 seconds left.\n|inactive|jeffman323 has 20 seconds left.\n|inactive|jeffman323 has 15 seconds left.\n|inactive|jeffman323 has 10 seconds left.\n|inactive|jeffman323 has 5 seconds left.\n|\n|t:|1681754764\n|move|p1a: Gholdengo|Protect|p1a: Gholdengo\n|-singleturn|p1a: Gholdengo|Protect\n|move|p1b: Iron Valiant|Protect|p1b: Iron Valiant\n|-singleturn|p1b: Iron Valiant|Protect\n|move|p2b: Hatterene|Dazzling Gleam|p1b: Iron Valiant|[spread] \n|-activate|p1a: Gholdengo|move: Protect\n|-activate|p1b: Iron Valiant|move: Protect\n|move|p2a: Iron Hands|Thunder Punch|p1a: Gholdengo\n|-activate|p1a: Gholdengo|move: Protect\n|\n|upkeep\n|turn|3\n|\n|t:|1681754779\n|move|p2b: Hatterene|Dazzling Gleam|p1b: Iron Valiant|[spread] p1a,p1b\n|-resisted|p1a: Gholdengo\n|-supereffective|p1b: Iron Valiant\n|-damage|p1a: Gholdengo|68\/100\n|-damage|p1b: Iron Valiant|0 fnt\n|faint|p1b: Iron Valiant\n|-end|p1b: Iron Valiant|Quark Drive|[silent]\n|move|p2a: Iron Hands|Earthquake|p1a: Gholdengo|[spread] p2b,p1a\n|-supereffective|p1a: Gholdengo\n|-damage|p2b: Hatterene|0 fnt\n|-damage|p1a: Gholdengo|3\/100\n|faint|p2b: Hatterene\n|move|p1a: Gholdengo|Shadow Ball|p2a: Iron Hands\n|-damage|p2a: Iron Hands|57\/100\n|-damage|p1a: Gholdengo|0 fnt|[from] item: Life Orb\n|faint|p1a: Gholdengo\n|\n|upkeep\n|\n|t:|1681754793\n|switch|p2b: Torkoal|Torkoal, L50, M|100\/100\n|switch|p1a: Chien-Pao|Chien-Pao, L50|100\/100\n|switch|p1b: Arcanine|Arcanine, L50, F|100\/100\n|-weather|SunnyDay|[from] ability: Drought|[of] p2b: Torkoal\n|-ability|p1b: Arcanine|Intimidate|boost\n|-unboost|p2a: Iron Hands|atk|1\n|-unboost|p2b: Torkoal|atk|1\n|-ability|p1a: Chien-Pao|Sword of Ruin\n|turn|4\n|c|\u2606muddyswamppert|bruh i hate trickroom\n|inactive|jeffman323 has 30 seconds left.\n|inactive|jeffman323 has 20 seconds left.\n|inactive|jeffman323 has 15 seconds left.\n|\n|t:|1681754837\n|move|p1a: Chien-Pao|Protect|p1a: Chien-Pao\n|-singleturn|p1a: Chien-Pao|Protect\n|move|p2b: Torkoal|Eruption|p1a: Chien-Pao|[spread] p1b\n|-activate|p1a: Chien-Pao|move: Protect\n|-resisted|p1b: Arcanine\n|-damage|p1b: Arcanine|59\/100\n|move|p2a: Iron Hands|Thunder Punch|p1b: Arcanine\n|-damage|p1b: Arcanine|15\/100\n|-enditem|p1b: Arcanine|Sitrus Berry|[eat]\n|-heal|p1b: Arcanine|40\/100|[from] item: Sitrus Berry\n|move|p1b: Arcanine|Snarl|p2b: Torkoal|[spread] p2a,p2b\n|-resisted|p2a: Iron Hands\n|-damage|p2a: Iron Hands|55\/100\n|-damage|p2b: Torkoal|89\/100\n|-unboost|p2a: Iron Hands|spa|1\n|-unboost|p2b: Torkoal|spa|1\n|\n|-weather|SunnyDay|[upkeep]\n|upkeep\n|turn|5\n|c|\u2606muddyswamppert|the only teams i cant beat\n|\n|t:|1681754860\n|move|p2b: Torkoal|Eruption|p1a: Chien-Pao|[spread] p1a,p1b\n|-supereffective|p1a: Chien-Pao\n|-resisted|p1b: Arcanine\n|-enditem|p1a: Chien-Pao|Focus Sash\n|-damage|p1a: Chien-Pao|1\/100\n|-damage|p1b: Arcanine|16\/100\n|move|p2a: Iron Hands|Thunder Punch|p1a: Chien-Pao\n|-damage|p1a: Chien-Pao|0 fnt\n|faint|p1a: Chien-Pao\n|move|p1b: Arcanine|Flare Blitz|p2a: Iron Hands\n|-damage|p2a: Iron Hands|9\/100\n|-damage|p1b: Arcanine|0 fnt|[from] Recoil\n|faint|p1b: Arcanine\n|\n|win|jeffman323\n|c|\u2606muddyswamppert|gg\n","uploadtime":1681754873,"views":5,"p1id":"muddyswamppert","p2id":"jeffman323","formatid":"gen9vgc2023regulationc","rating":0,"private":0,"password":""}