{"id":"gen9vgc2023regulationc-1850467535","p1":"Brody2005","p2":"ArtoriasOTA","format":"[Gen 9] VGC 2023 Regulation C","log":"|j|\u2606Brody2005\n|j|\u2606ArtoriasOTA\n|t:|1682340095\n|gametype|doubles\n|player|p1|Brody2005|265|1003\n|player|p2|ArtoriasOTA|psychic-gen4|1067\n|teamsize|p1|6\n|teamsize|p2|6\n|gen|9\n|tier|[Gen 9] VGC 2023 Regulation C\n|rated|\n|rule|Species Clause: Limit one of each Pok\u00e9mon\n|rule|Item Clause: Limit one of each item\n|clearpoke\n|poke|p1|Breloom, L50, F|\n|poke|p1|Slowbro, L50, F|\n|poke|p1|Sylveon, L50, M|\n|poke|p1|Gastrodon, L50, F|\n|poke|p1|Kilowattrel, L50, M|\n|poke|p1|Grimmsnarl, L50, M|\n|poke|p2|Ting-Lu, L50|\n|poke|p2|Arcanine, L50, M|\n|poke|p2|Salamence, L50, F|\n|poke|p2|Gengar, L50, F|\n|poke|p2|Garchomp, L50, M|\n|poke|p2|Kingambit, L50, M|\n|teampreview|4\n|inactive|Battle timer is ON: inactive players will automatically lose when time's up. (requested by ArtoriasOTA)\n|\n|t:|1682340120\n|start\n|switch|p1a: Slowbro|Slowbro, L50, F|100\/100\n|switch|p1b: Grimmsnarl|Grimmsnarl, L50, M|100\/100\n|switch|p2a: Gengar|Gengar, L50, F|100\/100\n|switch|p2b: Garchomp|Garchomp, L50, M|100\/100\n|turn|1\n|inactive|Brody2005 has 30 seconds left.\n|inactive|ArtoriasOTA has 30 seconds left.\n|\n|t:|1682340153\n|move|p1a: Slowbro|Protect|p1a: Slowbro\n|-singleturn|p1a: Slowbro|Protect\n|move|p1b: Grimmsnarl|Trick|p2b: Garchomp\n|-activate|p1b: Grimmsnarl|move: Trick|[of] p2b: Garchomp\n|-item|p2b: Garchomp|Lagging Tail|[from] move: Trick\n|-item|p1b: Grimmsnarl|Life Orb|[from] move: Trick\n|move|p2a: Gengar|Sludge Bomb|p1b: Grimmsnarl\n|-supereffective|p1b: Grimmsnarl\n|-damage|p1b: Grimmsnarl|0 fnt\n|faint|p1b: Grimmsnarl\n|move|p2b: Garchomp|Dragon Claw|p1a: Slowbro\n|-activate|p1a: Slowbro|move: Protect\n|\n|upkeep\n|\n|t:|1682340169\n|switch|p1b: Sylveon|Sylveon, L50, M|100\/100\n|turn|2\n|\n|t:|1682340182\n|switch|p2b: Ting-Lu|Ting-Lu, L50|100\/100\n|-ability|p2b: Ting-Lu|Vessel of Ruin\n|-terastallize|p2a: Gengar|Water\n|move|p1b: Sylveon|Protect|p1b: Sylveon\n|-singleturn|p1b: Sylveon|Protect\n|move|p2a: Gengar|Sludge Bomb|p1a: Slowbro\n|-damage|p1a: Slowbro|68\/100\n|move|p1a: Slowbro|Trick Room|p1a: Slowbro\n|-fieldstart|move: Trick Room|[of] p1a: Slowbro\n|\n|upkeep\n|turn|3\n|inactive|Brody2005 has 30 seconds left.\n|inactive|Brody2005 has 20 seconds left.\n|inactive|Brody2005 has 15 seconds left.\n|\n|t:|1682340224\n|-terastallize|p1b: Sylveon|Fire\n|move|p1a: Slowbro|Yawn|p2b: Ting-Lu\n|-start|p2b: Ting-Lu|move: Yawn|[of] p1a: Slowbro\n|move|p2b: Ting-Lu|Heavy Slam|p1b: Sylveon\n|-resisted|p1b: Sylveon\n|-damage|p1b: Sylveon|82\/100\n|move|p1b: Sylveon|Hyper Voice|p2b: Ting-Lu|[spread] p2a,p2b\n|-supereffective|p2b: Ting-Lu\n|-damage|p2a: Gengar|49\/100\n|-damage|p2b: Ting-Lu|75\/100\n|-enditem|p1b: Sylveon|Throat Spray\n|-boost|p1b: Sylveon|spa|1|[from] item: Throat Spray\n|move|p2a: Gengar|Sludge Bomb|p1b: Sylveon\n|-damage|p1b: Sylveon|55\/100\n|-status|p1b: Sylveon|psn\n|\n|-damage|p1b: Sylveon|43\/100 psn|[from] psn\n|upkeep\n|turn|4\n|inactive|ArtoriasOTA has 30 seconds left.\n|\n|t:|1682340250\n|switch|p2a: Arcanine|Arcanine, L50, M|100\/100\n|-ability|p2a: Arcanine|Intimidate|boost\n|-unboost|p1a: Slowbro|atk|1\n|-unboost|p1b: Sylveon|atk|1\n|move|p1a: Slowbro|Heal Pulse|p1b: Sylveon\n|-heal|p1b: Sylveon|93\/100 psn\n|move|p2b: Ting-Lu|Stomping Tantrum|p1b: Sylveon\n|-supereffective|p1b: Sylveon\n|-damage|p1b: Sylveon|18\/100 psn\n|move|p1b: Sylveon|Hyper Voice|p2b: Ting-Lu|[spread] p2a,p2b\n|-resisted|p2a: Arcanine\n|-supereffective|p2b: Ting-Lu\n|-damage|p2a: Arcanine|84\/100\n|-damage|p2b: Ting-Lu|39\/100\n|\n|-damage|p1b: Sylveon|5\/100 psn|[from] psn\n|-end|p2b: Ting-Lu|move: Yawn|[silent]\n|-status|p2b: Ting-Lu|slp\n|upkeep\n|turn|5\n|\n|t:|1682340270\n|move|p1a: Slowbro|Heal Pulse|p1b: Sylveon\n|-heal|p1b: Sylveon|55\/100 psn\n|cant|p2b: Ting-Lu|slp\n|move|p1b: Sylveon|Hyper Voice|p2b: Ting-Lu|[spread] p2a,p2b\n|-resisted|p2a: Arcanine\n|-supereffective|p2b: Ting-Lu\n|-damage|p2a: Arcanine|66\/100\n|-damage|p2b: Ting-Lu|2\/100 slp\n|move|p2a: Arcanine|Flare Blitz|p1b: Sylveon\n|-resisted|p1b: Sylveon\n|-damage|p1b: Sylveon|25\/100 psn\n|-damage|p2a: Arcanine|56\/100|[from] Recoil\n|\n|-damage|p1b: Sylveon|12\/100 psn|[from] psn\n|upkeep\n|turn|6\n|\n|t:|1682340287\n|move|p2a: Arcanine|Protect|p2a: Arcanine\n|-singleturn|p2a: Arcanine|Protect\n|move|p1a: Slowbro|Heal Pulse|p1b: Sylveon\n|-heal|p1b: Sylveon|62\/100 psn\n|cant|p2b: Ting-Lu|slp\n|move|p1b: Sylveon|Hyper Voice|p2a: Arcanine|[spread] p2b\n|-activate|p2a: Arcanine|move: Protect\n|-supereffective|p2b: Ting-Lu\n|-damage|p2b: Ting-Lu|0 fnt\n|faint|p2b: Ting-Lu\n|\n|-damage|p1b: Sylveon|50\/100 psn|[from] psn\n|-fieldend|move: Trick Room\n|upkeep\n|\n|t:|1682340297\n|switch|p2b: Gengar|Gengar, L50, F, tera:Water|49\/100\n|turn|7\n|\n|t:|1682340309\n|move|p1b: Sylveon|Protect|p1b: Sylveon\n|-singleturn|p1b: Sylveon|Protect\n|move|p2b: Gengar|Shadow Ball|p1a: Slowbro\n|-supereffective|p1a: Slowbro\n|-damage|p1a: Slowbro|0 fnt\n|faint|p1a: Slowbro\n|move|p2a: Arcanine|Snarl|p1b: Sylveon\n|-activate|p1b: Sylveon|move: Protect\n|\n|-damage|p1b: Sylveon|38\/100 psn|[from] psn\n|upkeep\n|\n|t:|1682340321\n|switch|p1a: Breloom|Breloom, L50, F|100\/100\n|turn|8\n|inactive|Brody2005 has 30 seconds left.\n|\n|t:|1682340359\n|move|p2a: Arcanine|Protect|p2a: Arcanine\n|-singleturn|p2a: Arcanine|Protect\n|move|p1b: Sylveon|Protect|p1b: Sylveon\n|-singleturn|p1b: Sylveon|Protect\n|move|p2b: Gengar|Shadow Ball|p1b: Sylveon\n|-activate|p1b: Sylveon|move: Protect\n|move|p1a: Breloom|Bullet Seed|p2b: Gengar\n|-supereffective|p2b: Gengar\n|-damage|p2b: Gengar|0 fnt\n|faint|p2b: Gengar\n|-hitcount|p2: Gengar|1\n|\n|-damage|p1b: Sylveon|25\/100 psn|[from] psn\n|upkeep\n|\n|t:|1682340368\n|switch|p2b: Garchomp|Garchomp, L50, M|100\/100\n|turn|9\n|\n|t:|1682340385\n|move|p1a: Breloom|Mach Punch|p2a: Arcanine\n|-damage|p2a: Arcanine|15\/100\n|-enditem|p2a: Arcanine|Sitrus Berry|[eat]\n|-heal|p2a: Arcanine|40\/100|[from] item: Sitrus Berry\n|move|p2a: Arcanine|Flare Blitz|p1a: Breloom\n|-supereffective|p1a: Breloom\n|-damage|p1a: Breloom|0 fnt\n|faint|p1a: Breloom\n|-damage|p2a: Arcanine|12\/100|[from] Recoil\n|move|p1b: Sylveon|Hyper Voice|p2b: Garchomp|[spread] p2a,p2b\n|-resisted|p2a: Arcanine\n|-supereffective|p2b: Garchomp\n|-damage|p2a: Arcanine|0 fnt\n|-damage|p2b: Garchomp|0 fnt\n|faint|p2a: Arcanine\n|faint|p2b: Garchomp\n|\n|win|Brody2005\n|raw|Brody2005's rating: 1003 → 1050<\/strong> (+47 for winning)\n|raw|ArtoriasOTA's rating: 1067 → 1043<\/strong> (-24 for losing)\n|l|\u2606ArtoriasOTA\n","uploadtime":1682340405,"views":22,"p1id":"brody2005","p2id":"artoriasota","formatid":"gen9vgc2023regulationc","rating":1043,"private":0,"password":""}