{"id":"gen9vgc2023regulationc-1863747974","p1":"TStorm","p2":"Almond Milk Girl","format":"[Gen 9] VGC 2023 Regulation C","log":"|j|\u2606TStorm\n|j|\u2606Almond Milk Girl\n|t:|1684071438\n|gametype|doubles\n|player|p1|TStorm|265|\n|player|p2|Almond Milk Girl|may-masters|\n|teamsize|p1|6\n|teamsize|p2|6\n|gen|9\n|tier|[Gen 9] VGC 2023 Regulation C\n|rated|Tournament battle\n|rule|Species Clause: Limit one of each Pok\u00e9mon\n|rule|Item Clause: Limit one of each item\n|clearpoke\n|poke|p1|Ting-Lu, L50|\n|poke|p1|Arcanine, L50, F|\n|poke|p1|Palafin, L50, F|\n|poke|p1|Amoonguss, L50, M|\n|poke|p1|Flutter Mane, L50|\n|poke|p1|Baxcalibur, L50, F|\n|poke|p2|Corviknight, L50, M|\n|poke|p2|Dragapult, L50, M|\n|poke|p2|Flutter Mane, L50|\n|poke|p2|Chi-Yu, L50|\n|poke|p2|Dachsbun, L50, M|\n|poke|p2|Baxcalibur, L50, M|\n|teampreview|4\n|raw| Open Team Sheet for TStorm<\/summary>Ting-Lu @ Assault Vest Ability: Vessel of Ruin Level: 50 Tera Type: Poison - Stomping Tantrum - Heavy Slam - Stone Edge - Ruination Arcanine (F) @ Safety Goggles Ability: Intimidate Level: 50 Tera Type: Flying - Flare Blitz - Will-O-Wisp - Howl - Protect Palafin (F) @ Mystic Water Ability: Zero to Hero Level: 50 Tera Type: Water - Wave Crash - Jet Punch - Haze - Protect Amoonguss (M) @ Sitrus Berry Ability: Regenerator Level: 50 Tera Type: Water - Pollen Puff - Rage Powder - Spore - Clear Smog Flutter Mane @ Choice Specs Ability: Protosynthesis Level: 50 Tera Type: Fairy - Moonblast - Shadow Ball - Dazzling Gleam - Thunderbolt Baxcalibur @ Clear Amulet Ability: Thermal Exchange Level: 50 Tera Type: Poison - Glaive Rush - Ice Shard - Protect - Dragon Dance <\/details><\/div> Open Team Sheet for Almond Milk Girl<\/summary>Corviknight @ Safety Goggles Ability: Mirror Armor Level: 50 Tera Type: Dragon - Iron Head - Brave Bird - Tailwind - Roost Dragapult @ Life Orb Ability: Clear Body Level: 50 Tera Type: Steel - Dragon Darts - Phantom Force - Will-O-Wisp - Protect Flutter Mane @ Booster Energy Ability: Protosynthesis Level: 50 Tera Type: Fairy - Shadow Ball - Moonblast - Dazzling Gleam - Protect Chi-Yu @ Charcoal Ability: Beads of Ruin Level: 50 Tera Type: Grass - Lava Plume - Heat Wave - Dark Pulse - Protect Dachsbun @ Leftovers Ability: Well-Baked Body Level: 50 Tera Type: Steel - Body Press - Play Rough - Yawn - Protect Baxcalibur @ Clear Amulet Ability: Thermal Exchange Level: 50 Tera Type: Fire - Glaive Rush - Icicle Crash - Ice Shard - Protect <\/details><\/div>\n|j| 9winsformepls\n|l| 9winsformepls\n|j| Rixhthug\n|\n|t:|1684071499\n|start\n|switch|p1a: Flutter Mane|Flutter Mane, L50|100\/100\n|switch|p1b: Palafin|Palafin, L50, F|100\/100\n|switch|p2a: Flutter Mane|Flutter Mane, L50|100\/100\n|switch|p2b: Dragapult|Dragapult, L50, M|100\/100\n|-enditem|p2a: Flutter Mane|Booster Energy\n|-activate|p2a: Flutter Mane|ability: Protosynthesis|[fromitem]\n|-start|p2a: Flutter Mane|protosynthesisspe\n|turn|1\n|\n|t:|1684071531\n|detailschange|p1b: Palafin|Palafin-Hero, L50, F\n|switch|p1b: Ting-Lu|Ting-Lu, L50|100\/100\n|-ability|p1b: Ting-Lu|Vessel of Ruin\n|-terastallize|p2b: Dragapult|Steel\n|-terastallize|p1a: Flutter Mane|Fairy\n|move|p2a: Flutter Mane|Dazzling Gleam|p1b: Ting-Lu|[spread] p1a,p1b\n|-supereffective|p1b: Ting-Lu\n|-damage|p1a: Flutter Mane|75\/100\n|-damage|p1b: Ting-Lu|83\/100\n|move|p2b: Dragapult|Phantom Force||[still]\n|-prepare|p2b: Dragapult|Phantom Force\n|move|p1a: Flutter Mane|Shadow Ball|p2b: Dragapult|[miss]\n|-miss|p1a: Flutter Mane|p2b: Dragapult\n|\n|upkeep\n|turn|2\n|\n|t:|1684071570\n|move|p2a: Flutter Mane|Protect|p2a: Flutter Mane\n|-singleturn|p2a: Flutter Mane|Protect\n|move|p2b: Dragapult|Phantom Force|p1a: Flutter Mane|[from]lockedmove\n|-damage|p1a: Flutter Mane|0 fnt\n|faint|p1a: Flutter Mane\n|-end|p1a: Flutter Mane|Protosynthesis|[silent]\n|-damage|p2b: Dragapult|91\/100|[from] item: Life Orb\n|move|p1b: Ting-Lu|Stomping Tantrum|p2b: Dragapult\n|-supereffective|p2b: Dragapult\n|-damage|p2b: Dragapult|2\/100\n|\n|upkeep\n|\n|t:|1684071583\n|switch|p1a: Palafin|Palafin-Hero, L50, F|100\/100\n|-activate|p1a: Palafin|ability: Zero to Hero\n|turn|3\n|\n|t:|1684071602\n|move|p2b: Dragapult|Protect|p2b: Dragapult\n|-singleturn|p2b: Dragapult|Protect\n|move|p1a: Palafin|Protect|p1a: Palafin\n|-singleturn|p1a: Palafin|Protect\n|move|p2a: Flutter Mane|Moonblast|p1b: Ting-Lu\n|-supereffective|p1b: Ting-Lu\n|-damage|p1b: Ting-Lu|52\/100\n|move|p1b: Ting-Lu|Heavy Slam|p2a: Flutter Mane\n|-supereffective|p2a: Flutter Mane\n|-damage|p2a: Flutter Mane|0 fnt\n|faint|p2a: Flutter Mane\n|-end|p2a: Flutter Mane|Protosynthesis|[silent]\n|\n|upkeep\n|\n|t:|1684071611\n|switch|p2a: Dachsbun|Dachsbun, L50, M|100\/100\n|turn|4\n|\n|t:|1684071619\n|move|p2b: Dragapult|Protect|p2b: Dragapult\n|-singleturn|p2b: Dragapult|Protect\n|move|p1a: Palafin|Jet Punch|p2b: Dragapult\n|-activate|p2b: Dragapult|move: Protect\n|move|p2a: Dachsbun|Yawn|p1a: Palafin\n|-start|p1a: Palafin|move: Yawn|[of] p2a: Dachsbun\n|move|p1b: Ting-Lu|Heavy Slam|p2a: Dachsbun\n|-supereffective|p2a: Dachsbun\n|-damage|p2a: Dachsbun|48\/100\n|\n|-heal|p2a: Dachsbun|54\/100|[from] item: Leftovers\n|upkeep\n|turn|5\n|\n|t:|1684071649\n|switch|p1a: Baxcalibur|Baxcalibur, L50, F|100\/100\n|move|p2a: Dachsbun|Protect|p2a: Dachsbun\n|-singleturn|p2a: Dachsbun|Protect\n|move|p2b: Dragapult|Will-O-Wisp|p1b: Ting-Lu\n|-status|p1b: Ting-Lu|brn\n|move|p1b: Ting-Lu|Heavy Slam|p2a: Dachsbun\n|-activate|p2a: Dachsbun|move: Protect\n|\n|-heal|p2a: Dachsbun|60\/100|[from] item: Leftovers\n|-damage|p1b: Ting-Lu|45\/100 brn|[from] brn\n|upkeep\n|turn|6\n|\n|t:|1684071676\n|move|p2b: Dragapult|Dragon Darts|p1a: Baxcalibur\n|-supereffective|p1a: Baxcalibur\n|-damage|p1a: Baxcalibur|47\/100\n|-anim|p2b: Dragapult|Dragon Darts|p1b: Ting-Lu\n|-damage|p1b: Ting-Lu|27\/100 brn\n|-damage|p2b: Dragapult|0 fnt|[from] item: Life Orb\n|faint|p2b: Dragapult\n|move|p2a: Dachsbun|Body Press|p1a: Baxcalibur\n|-supereffective|p1a: Baxcalibur\n|-damage|p1a: Baxcalibur|0 fnt\n|faint|p1a: Baxcalibur\n|move|p1b: Ting-Lu|Heavy Slam|p2a: Dachsbun\n|-supereffective|p2a: Dachsbun\n|-damage|p2a: Dachsbun|35\/100\n|\n|-heal|p2a: Dachsbun|42\/100|[from] item: Leftovers\n|-damage|p1b: Ting-Lu|21\/100 brn|[from] brn\n|upkeep\n|\n|t:|1684071687\n|switch|p2b: Chi-Yu|Chi-Yu, L50|100\/100\n|switch|p1a: Palafin|Palafin-Hero, L50, F|100\/100\n|-ability|p2b: Chi-Yu|Beads of Ruin\n|turn|7\n|\n|t:|1684071703\n|move|p2b: Chi-Yu|Lava Plume|p1b: Ting-Lu|[spread] p1a,p1b\n|-ability|p2a: Dachsbun|Well-Baked Body|boost\n|-boost|p2a: Dachsbun|def|2\n|-resisted|p1a: Palafin\n|-damage|p1a: Palafin|85\/100\n|-damage|p1b: Ting-Lu|6\/100 brn\n|move|p1a: Palafin|Wave Crash|p2a: Dachsbun\n|-damage|p2a: Dachsbun|5\/100\n|-damage|p1a: Palafin|75\/100|[from] Recoil\n|move|p2a: Dachsbun|Body Press|p1a: Palafin\n|-damage|p1a: Palafin|29\/100\n|move|p1b: Ting-Lu|Ruination|p2b: Chi-Yu\n|-damage|p2b: Chi-Yu|50\/100\n|\n|-heal|p2a: Dachsbun|12\/100|[from] item: Leftovers\n|-damage|p1b: Ting-Lu|0 fnt|[from] brn\n|faint|p1b: Ting-Lu\n|upkeep\n|turn|8\n|\n|t:|1684071725\n|move|p1a: Palafin|Jet Punch|p2a: Dachsbun\n|-damage|p2a: Dachsbun|0 fnt\n|faint|p2a: Dachsbun\n|move|p2b: Chi-Yu|Lava Plume|p1a: Palafin\n|-resisted|p1a: Palafin\n|-damage|p1a: Palafin|0 fnt\n|faint|p1a: Palafin\n|\n|win|Almond Milk Girl\n|n|\u2606TStorm|tstorm\n|n|\u2606Almond Milk Girl|almondmilkgirl\n|n| Rixhthug|rixhthug\n","uploadtime":1684071734,"views":12,"p1id":"tstorm","p2id":"almondmilkgirl","formatid":"gen9vgc2023regulationc","rating":0,"private":0,"password":""}