{"id":"gen9vgc2023regulationc-1860993228","p1":"aizoubot","p2":"leoroop","format":"[Gen 9] VGC 2023 Regulation C","log":"|j|\u2606aizoubot\n|j|\u2606leoroop\n|t:|1683710344\n|gametype|doubles\n|player|p1|aizoubot|unknown|1451\n|player|p2|leoroop|backpacker|1439\n|teamsize|p1|6\n|teamsize|p2|6\n|gen|9\n|tier|[Gen 9] VGC 2023 Regulation C\n|rated|\n|rule|Species Clause: Limit one of each Pok\u00e9mon\n|rule|Item Clause: Limit one of each item\n|clearpoke\n|poke|p1|Orthworm, L50, F|\n|poke|p1|Garchomp, L50, M|\n|poke|p1|Chien-Pao, L50|\n|poke|p1|Dragonite, L50, F|\n|poke|p1|Flutter Mane, L50|\n|poke|p1|Glimmora, L50, F|\n|poke|p2|Gyarados, L50, M|\n|poke|p2|Amoonguss, L50, M|\n|poke|p2|Kingambit, L50, M|\n|poke|p2|Flutter Mane, L50|\n|poke|p2|Chi-Yu, L50|\n|poke|p2|Baxcalibur, L50, M|\n|teampreview|4\n|inactive|Battle timer is ON: inactive players will automatically lose when time's up. (requested by aizoubot)\n|inactive|leoroop has 60 seconds left.\n|\n|t:|1683710389\n|start\n|switch|p1a: Garchomp|Garchomp, L50, M|100\/100\n|switch|p1b: Chien-Pao|Chien-Pao, L50|100\/100\n|switch|p2a: Gyarados|Gyarados, L50, M|100\/100\n|switch|p2b: Chi-Yu|Chi-Yu, L50|100\/100\n|-ability|p2b: Chi-Yu|Beads of Ruin\n|-ability|p1b: Chien-Pao|Sword of Ruin\n|-ability|p2a: Gyarados|Intimidate|boost\n|-unboost|p1a: Garchomp|atk|1\n|-unboost|p1b: Chien-Pao|atk|1\n|turn|1\n|inactive|leoroop has 30 seconds left.\n|\n|t:|1683710416\n|move|p1a: Garchomp|Stomping Tantrum|p2b: Chi-Yu\n|-supereffective|p2b: Chi-Yu\n|-damage|p2b: Chi-Yu|0 fnt\n|faint|p2b: Chi-Yu\n|move|p1b: Chien-Pao|Ice Spinner|p2a: Gyarados\n|-damage|p2a: Gyarados|66\/100\n|move|p2a: Gyarados|Waterfall|p1b: Chien-Pao\n|-damage|p1b: Chien-Pao|54\/100\n|\n|upkeep\n|\n|t:|1683710425\n|switch|p2b: Baxcalibur|Baxcalibur, L50, M|100\/100\n|turn|2\n|\n|t:|1683710444\n|switch|p1a: Orthworm|Orthworm, L50, F, shiny|100\/100\n|move|p2b: Baxcalibur|Protect|p2b: Baxcalibur\n|-singleturn|p2b: Baxcalibur|Protect\n|move|p1b: Chien-Pao|Sacred Sword|p2b: Baxcalibur\n|-activate|p2b: Baxcalibur|move: Protect\n|move|p2a: Gyarados|Waterfall|p1b: Chien-Pao\n|-damage|p1b: Chien-Pao|0 fnt\n|faint|p1b: Chien-Pao\n|\n|upkeep\n|j| THUNDERSND77\n|\n|t:|1683710458\n|switch|p1b: Dragonite|Dragonite, L50, F|100\/100\n|turn|3\n|\n|t:|1683710474\n|-terastallize|p2b: Baxcalibur|Poison\n|move|p1b: Dragonite|Protect|p1b: Dragonite\n|-singleturn|p1b: Dragonite|Protect\n|move|p2a: Gyarados|Taunt|p1a: Orthworm\n|-start|p1a: Orthworm|move: Taunt\n|move|p2b: Baxcalibur|Icicle Crash|p1b: Dragonite\n|-activate|p1b: Dragonite|move: Protect\n|move|p1a: Orthworm|Body Press|p2b: Baxcalibur\n|-resisted|p2b: Baxcalibur\n|-damage|p2b: Baxcalibur|88\/100\n|\n|upkeep\n|turn|4\n|inactive|aizoubot has 30 seconds left.\n|\n|t:|1683710507\n|move|p2a: Gyarados|Waterfall|p1b: Dragonite\n|-resisted|p1b: Dragonite\n|-damage|p1b: Dragonite|91\/100\n|move|p1b: Dragonite|Earthquake|p2b: Baxcalibur|[spread] p2b\n|-immune|p1a: Orthworm|[from] ability: Earth Eater\n|-immune|p2a: Gyarados\n|-supereffective|p2b: Baxcalibur\n|-damage|p2b: Baxcalibur|38\/100\n|move|p2b: Baxcalibur|Icicle Crash|p1b: Dragonite\n|-supereffective|p1b: Dragonite\n|-damage|p1b: Dragonite|0 fnt\n|faint|p1b: Dragonite\n|move|p1a: Orthworm|Body Press|p2a: Gyarados\n|-resisted|p2a: Gyarados\n|-damage|p2a: Gyarados|52\/100\n|\n|upkeep\n|\n|t:|1683710518\n|switch|p1b: Garchomp|Garchomp, L50, M|100\/100\n|turn|5\n|\n|t:|1683710530\n|switch|p2b: Amoonguss|Amoonguss, L50, M|100\/100\n|move|p1b: Garchomp|Earthquake|p2b: Amoonguss|[spread] p2b\n|-immune|p1a: Orthworm|[from] ability: Earth Eater\n|-immune|p2a: Gyarados\n|-damage|p2b: Amoonguss|67\/100\n|move|p2a: Gyarados|Thunder Wave|p1b: Garchomp\n|-immune|p1b: Garchomp\n|move|p1a: Orthworm|Body Press|p2a: Gyarados\n|-resisted|p2a: Gyarados\n|-damage|p2a: Gyarados|37\/100\n|\n|-end|p1a: Orthworm|move: Taunt\n|upkeep\n|turn|6\n|inactive|aizoubot has 30 seconds left.\n|\n|t:|1683710556\n|move|p1b: Garchomp|Earthquake|p2a: Gyarados|[spread] p2b\n|-immune|p1a: Orthworm|[from] ability: Earth Eater\n|-immune|p2a: Gyarados\n|-damage|p2b: Amoonguss|34\/100\n|-enditem|p2b: Amoonguss|Sitrus Berry|[eat]\n|-heal|p2b: Amoonguss|59\/100|[from] item: Sitrus Berry\n|move|p2a: Gyarados|Taunt|p1a: Orthworm\n|-start|p1a: Orthworm|move: Taunt\n|move|p1a: Orthworm|Body Press|p2b: Amoonguss\n|-resisted|p2b: Amoonguss\n|-damage|p2b: Amoonguss|47\/100\n|move|p2b: Amoonguss|Spore|p1b: Garchomp\n|-status|p1b: Garchomp|slp|[from] move: Spore\n|\n|upkeep\n|turn|7\n|\n|t:|1683710575\n|switch|p2a: Baxcalibur|Baxcalibur, L50, M, tera:Poison|38\/100\n|cant|p1b: Garchomp|slp\n|move|p1a: Orthworm|Body Press|p2b: Amoonguss\n|-resisted|p2b: Amoonguss\n|-damage|p2b: Amoonguss|36\/100\n|move|p2b: Amoonguss|Pollen Puff|p2a: Baxcalibur\n|-heal|p2a: Baxcalibur|88\/100\n|\n|upkeep\n|turn|8\n|j| elboyc\n|\n|t:|1683710592\n|switch|p2b: Gyarados|Gyarados, L50, M|37\/100\n|-ability|p2b: Gyarados|Intimidate|boost\n|-unboost|p1a: Orthworm|atk|1\n|-unboost|p1b: Garchomp|atk|1\n|cant|p1b: Garchomp|slp\n|move|p2a: Baxcalibur|Icicle Crash|p1b: Garchomp\n|-supereffective|p1b: Garchomp\n|-crit|p1b: Garchomp\n|-damage|p1b: Garchomp|0 fnt\n|faint|p1b: Garchomp\n|move|p1a: Orthworm|Body Press|p2b: Gyarados\n|-resisted|p2b: Gyarados\n|-damage|p2b: Gyarados|23\/100\n|\n|-end|p1a: Orthworm|move: Taunt\n|upkeep\n|turn|9\n|-message|aizoubot forfeited.\n|\n|win|leoroop\n|raw|aizoubot's rating: 1451 → 1430<\/strong> (-21 for losing)\n|raw|leoroop's rating: 1439 → 1460<\/strong> (+21 for winning)\n|l|\u2606aizoubot\n","uploadtime":1683710610,"views":27,"p1id":"aizoubot","p2id":"leoroop","formatid":"gen9vgc2023regulationc","rating":1430,"private":0,"password":""}