{"id":"gen9vgc2023regulationc-1848256095","p1":"JayMcG1010","p2":"matthewssandslash","format":"[Gen 9] VGC 2023 Regulation C","log":"|j|\u2606JayMcG1010\n|j|\u2606matthewssandslash\n|t:|1682048929\n|gametype|doubles\n|player|p1|JayMcG1010|266|\n|player|p2|matthewssandslash|265|\n|teamsize|p1|6\n|teamsize|p2|6\n|gen|9\n|tier|[Gen 9] VGC 2023 Regulation C\n|rule|Species Clause: Limit one of each Pok\u00e9mon\n|rule|Item Clause: Limit one of each item\n|clearpoke\n|poke|p1|Alomomola, L50, M|\n|poke|p1|Tandemaus, L50|\n|poke|p1|Arctibax, L50, M|\n|poke|p1|Rufflet, L50, M|\n|poke|p1|Swalot, L50, F|\n|poke|p1|Numel, L50, M|\n|poke|p2|Eiscue, L50, M|\n|poke|p2|Slowpoke, L50, M|\n|poke|p2|Capsakid, L50, M|\n|poke|p2|Sunflora, L50, M|\n|poke|p2|Corvisquire, L50, F|\n|poke|p2|Houndour, L50, M|\n|teampreview|4\n|c|\u2606matthewssandslash|g2\n|c|\u2606JayMcG1010|g2\nJayMcG1010 rejected open team sheets.\n|c|\u2606matthewssandslash|this is why I love playing pokemon\n|c|\u2606matthewssandslash|have a strategy the other guy doesn't see coming AT ALL\n|c|\u2606matthewssandslash|play it perfectly\n|c|\u2606matthewssandslash|sky attack misses\n|c|\u2606JayMcG1010|that was really fun\n|c|\u2606matthewssandslash|bro I had you\n|c|\u2606JayMcG1010|tons of rng\n|c|\u2606matthewssandslash|I know lmao\n|c|\u2606matthewssandslash|I noticed that HP miss you had\n|c|\u2606matthewssandslash|very fun idea\n|c|\u2606matthewssandslash|honestly tho not sarcastically at all, this was brilliant\n|c|\u2606matthewssandslash|so much fun\n|\n|t:|1682049323\n|start\n|switch|p1a: 4|Tandemaus, L50|100\/100\n|switch|p1b: 6|Swalot, L50, F, shiny|100\/100\n|switch|p2a: Corvisquire|Corvisquire, L50, F|100\/100\n|switch|p2b: Slowpoke|Slowpoke, L50, M|100\/100\n|turn|1\n|\n|t:|1682049341\n|move|p1a: 4|Baby-Doll Eyes|p2a: Corvisquire\n|-unboost|p2a: Corvisquire|atk|1\n|move|p2a: Corvisquire|Sunny Day|p2a: Corvisquire\n|-weather|SunnyDay\n|move|p1b: 6|Acid Armor|p1b: 6\n|-boost|p1b: 6|def|2\n|move|p2b: Slowpoke|Trick Room|p2b: Slowpoke\n|-fieldstart|move: Trick Room|[of] p2b: Slowpoke\n|\n|-weather|SunnyDay|[upkeep]\n|upkeep\n|turn|2\n|\n|t:|1682049360\n|move|p2b: Slowpoke|Yawn|p1a: 4\n|-start|p1a: 4|move: Yawn|[of] p2b: Slowpoke\n|move|p1b: 6|Toxic|p2b: Slowpoke\n|-status|p2b: Slowpoke|tox\n|move|p1a: 4|Super Fang|p2b: Slowpoke\n|-damage|p2b: Slowpoke|51\/100 tox\n|move|p2a: Corvisquire|U-turn|p1b: 6\n|-resisted|p1b: 6\n|-damage|p1b: 6|99\/100\n|\n|t:|1682049370\n|switch|p2a: Sunflora|Sunflora, L50, M|100\/100|[from] U-turn\n|\n|-weather|SunnyDay|[upkeep]\n|-damage|p2a: Sunflora|89\/100|[from] ability: Solar Power|[of] p2a: Sunflora\n|-damage|p2b: Slowpoke|45\/100 tox|[from] psn\n|upkeep\n|turn|3\n|\n|t:|1682049381\n|-terastallize|p2a: Sunflora|Fire\n|move|p2b: Slowpoke|Slack Off|p2b: Slowpoke\n|-heal|p2b: Slowpoke|95\/100 tox\n|move|p2a: Sunflora|Tera Blast|p1b: 6\n|-damage|p1b: 6|0 fnt\n|faint|p1b: 6\n|-damage|p2a: Sunflora|79\/100|[from] item: Life Orb\n|move|p1a: 4|Population Bomb|p2a: Sunflora\n|-damage|p2a: Sunflora|70\/100\n|-damage|p2a: Sunflora|62\/100\n|-damage|p2a: Sunflora|53\/100\n|-damage|p2a: Sunflora|45\/100\n|-damage|p2a: Sunflora|36\/100\n|-damage|p2a: Sunflora|28\/100\n|-crit|p2a: Sunflora\n|-damage|p2a: Sunflora|14\/100\n|-damage|p2a: Sunflora|5\/100\n|-damage|p2a: Sunflora|0 fnt\n|faint|p2a: Sunflora\n|-hitcount|p2: Sunflora|9\n|\n|-weather|SunnyDay|[upkeep]\n|-damage|p2b: Slowpoke|83\/100 tox|[from] psn\n|-end|p1a: 4|move: Yawn|[silent]\n|-status|p1a: 4|slp\n|upkeep\n|c|\u2606matthewssandslash|well\n|c|\u2606matthewssandslash|dang\n|c|\u2606JayMcG1010|lets go maus!\n|c|\u2606matthewssandslash|I just sacked two pokemon to set that up\n|\n|t:|1682049416\n|switch|p2a: Capsakid|Capsakid, L50, M|100\/100\n|switch|p1b: 5|Alomomola, L50, M, shiny|100\/100\n|turn|4\n|\n|t:|1682049428\n|switch|p2b: Corvisquire|Corvisquire, L50, F|100\/100\n|-terastallize|p1b: 5|Steel\n|move|p1b: 5|Calm Mind|p1b: 5\n|-boost|p1b: 5|spa|1\n|-boost|p1b: 5|spd|1\n|cant|p1a: 4|slp\n|move|p2a: Capsakid|Energy Ball|p1b: 5\n|-resisted|p1b: 5\n|-damage|p1b: 5|94\/100\n|-unboost|p1b: 5|spd|1\n|\n|-weather|SunnyDay|[upkeep]\n|-heal|p1b: 5|99\/100|[from] item: Leftovers\n|upkeep\n|turn|5\n|\n|t:|1682049475\n|move|p2a: Capsakid|Helping Hand|p2b: Corvisquire\n|-singleturn|p2b: Corvisquire|Helping Hand|[of] p2a: Capsakid\n|cant|p1a: 4|slp\n|move|p1b: 5|Calm Mind|p1b: 5\n|-boost|p1b: 5|spa|1\n|-boost|p1b: 5|spd|1\n|move|p2b: Corvisquire|Sky Attack||[still]\n|-prepare|p2b: Corvisquire|Sky Attack\n|-enditem|p2b: Corvisquire|Power Herb\n|-anim|p2b: Corvisquire|Sky Attack|p1b: 5|[miss]\n|-miss|p2b: Corvisquire|p1b: 5\n|\n|-weather|none\n|-heal|p1b: 5|100\/100|[from] item: Leftovers\n|-fieldend|move: Trick Room\n|upkeep\n|turn|6\n|c|\u2606matthewssandslash|bRUH\n|c|\u2606JayMcG1010|oof\n|c|\u2606matthewssandslash|bruh\n|c|\u2606matthewssandslash|ggs\n|c|\u2606JayMcG1010|sky attack is not your friend\n|c|\u2606matthewssandslash|like literally, see you g3 lol\n|c|\u2606matthewssandslash|I have nothing here\n|c|\u2606matthewssandslash|gg\n|-message|matthewssandslash forfeited.\n|\n|win|JayMcG1010\n|l|\u2606matthewssandslash\n|c|\u2606JayMcG1010|ggs\n|j|\u2606matthewssandslash\n|player|p2|matthewssandslash|265\n","uploadtime":1682049520,"views":14,"p1id":"jaymcg1010","p2id":"matthewssandslash","formatid":"gen9vgc2023regulationc","rating":0,"private":0,"password":""}