{"id":"gen9vgc2023regulationc-1845202826","p1":"Galahad Excalibur","p2":"Darkskin gawd","format":"[Gen 9] VGC 2023 Regulation C","log":"|j|\u2606Galahad Excalibur\n|j|\u2606Darkskin gawd\n|t:|1681695874\n|gametype|doubles\n|player|p1|Galahad Excalibur|richboy-gen4|\n|player|p2|Darkskin gawd|169|\n|teamsize|p1|6\n|teamsize|p2|6\n|gen|9\n|tier|[Gen 9] VGC 2023 Regulation C\n|rule|Species Clause: Limit one of each Pok\u00e9mon\n|rule|Item Clause: Limit one of each item\n|clearpoke\n|poke|p1|Farigiraf, L50, M|\n|poke|p1|Ting-Lu, L50|\n|poke|p1|Scizor, L50, M|\n|poke|p1|Spiritomb, L50, M|\n|poke|p1|Iron Hands, L50|\n|poke|p1|Pincurchin, L50, F|\n|poke|p2|Iron Hands, L50|\n|poke|p2|Dragonite, L50, F|\n|poke|p2|Iron Bundle, L50|\n|poke|p2|Ting-Lu, L50|\n|poke|p2|Maushold-Four, L50|\n|poke|p2|Dragapult, L50, F|\n|teampreview|4\n|inactive|Battle timer is ON: inactive players will automatically lose when time's up. (requested by Galahad Excalibur)\n|\n|t:|1681695900\n|start\n|switch|p1a: Spiritomb|Spiritomb, L50, M|100\/100\n|switch|p1b: Pincurchin|Pincurchin, L50, F|100\/100\n|switch|p2a: Ting-Lu|Ting-Lu, L50|100\/100\n|switch|p2b: Maushold|Maushold-Four, L50|100\/100\n|-ability|p2a: Ting-Lu|Vessel of Ruin\n|-fieldstart|move: Electric Terrain|[from] ability: Electric Surge|[of] p1b: Pincurchin\n|turn|1\n|\n|t:|1681695919\n|move|p1b: Pincurchin|Protect|p1b: Pincurchin\n|-singleturn|p1b: Pincurchin|Protect\n|move|p2b: Maushold|Thunder Wave|p1a: Spiritomb\n|-status|p1a: Spiritomb|par\n|move|p2a: Ting-Lu|Fissure|p1a: Spiritomb|[miss]\n|-miss|p2a: Ting-Lu|p1a: Spiritomb\n|move|p1a: Spiritomb|Trick Room|p1a: Spiritomb\n|-fieldstart|move: Trick Room|[of] p1a: Spiritomb\n|\n|upkeep\n|turn|2\n|\n|t:|1681695940\n|move|p2b: Maushold|Follow Me|p2b: Maushold\n|-singleturn|p2b: Maushold|move: Follow Me\n|move|p1b: Pincurchin|Toxic Spikes|p2b: Maushold\n|-sidestart|p2: Darkskin gawd|move: Toxic Spikes\n|move|p1a: Spiritomb|Will-O-Wisp|p2b: Maushold|[miss]\n|-miss|p1a: Spiritomb|p2b: Maushold\n|move|p2a: Ting-Lu|Stomping Tantrum|p1b: Pincurchin\n|-supereffective|p1b: Pincurchin\n|-crit|p1b: Pincurchin\n|-damage|p1b: Pincurchin|0 fnt\n|faint|p1b: Pincurchin\n|\n|upkeep\n|\n|t:|1681695953\n|switch|p1b: Iron Hands|Iron Hands, L50|100\/100\n|-activate|p1b: Iron Hands|ability: Quark Drive\n|-start|p1b: Iron Hands|quarkdriveatk\n|turn|3\n|inactive|Darkskin gawd has 30 seconds left.\n|\n|t:|1681695985\n|move|p1a: Spiritomb|Will-O-Wisp|p2a: Ting-Lu|[miss]\n|-miss|p1a: Spiritomb|p2a: Ting-Lu\n|move|p1b: Iron Hands|Drain Punch|p2b: Maushold\n|-supereffective|p2b: Maushold\n|-enditem|p2b: Maushold|Focus Sash\n|-damage|p2b: Maushold|1\/100\n|move|p2a: Ting-Lu|Fissure|p1b: Iron Hands|[miss]\n|-miss|p2a: Ting-Lu|p1b: Iron Hands\n|move|p2b: Maushold|Thunder Wave|p1b: Iron Hands\n|-immune|p1b: Iron Hands\n|\n|upkeep\n|turn|4\n|inactive|Galahad Excalibur has 30 seconds left.\n|inactive|Darkskin gawd has 30 seconds left.\n|\n|t:|1681696015\n|move|p2b: Maushold|Protect|p2b: Maushold\n|-singleturn|p2b: Maushold|Protect\n|cant|p1a: Spiritomb|par\n|move|p1b: Iron Hands|Drain Punch|p2a: Ting-Lu\n|-supereffective|p2a: Ting-Lu\n|-damage|p2a: Ting-Lu|47\/100\n|move|p2a: Ting-Lu|Stomping Tantrum|p1b: Iron Hands\n|-supereffective|p1b: Iron Hands\n|-damage|p1b: Iron Hands|0 fnt\n|faint|p1b: Iron Hands\n|-end|p1b: Iron Hands|Quark Drive|[silent]\n|\n|upkeep\n|\n|t:|1681696028\n|switch|p1b: Scizor|Scizor, L50, M|100\/100\n|turn|5\n|inactive|Galahad Excalibur has 30 seconds left.\n|inactive|Darkskin gawd has 30 seconds left.\n|inactive|Darkskin gawd has 20 seconds left.\n|inactive|Darkskin gawd has 15 seconds left.\n|\n|t:|1681696071\n|move|p1b: Scizor|Bullet Punch|p2a: Ting-Lu\n|-damage|p2a: Ting-Lu|26\/100\n|move|p1a: Spiritomb|Snarl|p2b: Maushold|[spread] p2a,p2b\n|-resisted|p2a: Ting-Lu\n|-damage|p2a: Ting-Lu|23\/100\n|-damage|p2b: Maushold|0 fnt\n|-unboost|p2a: Ting-Lu|spa|1\n|faint|p2b: Maushold\n|move|p2a: Ting-Lu|Fissure|p1a: Spiritomb|[miss]\n|-miss|p2a: Ting-Lu|p1a: Spiritomb\n|\n|-fieldend|move: Trick Room\n|-fieldend|move: Electric Terrain\n|upkeep\n|inactive|Darkskin gawd has 30 seconds left.\n|inactive|Darkskin gawd has 20 seconds left.\n|\n|t:|1681696108\n|switch|p2b: Iron Hands|Iron Hands, L50|100\/100\n|-status|p2b: Iron Hands|psn\n|turn|6\n|inactive|Darkskin gawd has 30 seconds left.\n|\n|t:|1681696143\n|move|p2b: Iron Hands|Fake Out|p1b: Scizor\n|-resisted|p1b: Scizor\n|-damage|p1b: Scizor|93\/100\n|cant|p1b: Scizor|flinch\n|move|p2a: Ting-Lu|Stomping Tantrum|p1a: Spiritomb\n|-damage|p1a: Spiritomb|18\/100 par\n|move|p1a: Spiritomb|Will-O-Wisp|p2b: Iron Hands|[miss]\n|-miss|p1a: Spiritomb|p2b: Iron Hands\n|\n|-damage|p2b: Iron Hands|88\/100 psn|[from] psn\n|upkeep\n|turn|7\n|inactive|Darkskin gawd has 30 seconds left.\n|inactive|Darkskin gawd has 20 seconds left.\n|inactive|Darkskin gawd has 15 seconds left.\n|\n|t:|1681696186\n|move|p1b: Scizor|Bullet Punch|p2a: Ting-Lu\n|-damage|p2a: Ting-Lu|0 fnt\n|faint|p2a: Ting-Lu\n|move|p2b: Iron Hands|Thunder Punch|p1a: Spiritomb\n|-damage|p1a: Spiritomb|0 fnt\n|faint|p1a: Spiritomb\n|\n|-damage|p2b: Iron Hands|76\/100 psn|[from] psn\n|upkeep\n|\n|t:|1681696196\n|switch|p2a: Dragonite|Dragonite, L50, F|100\/100\n|turn|8\n|\n|t:|1681696218\n|move|p1b: Scizor|Bullet Punch|p2a: Dragonite\n|-damage|p2a: Dragonite|76\/100\n|move|p2a: Dragonite|Waterfall|p1b: Scizor\n|-damage|p1b: Scizor|61\/100\n|move|p2b: Iron Hands|Drain Punch|p1b: Scizor\n|-damage|p1b: Scizor|19\/100\n|-heal|p2b: Iron Hands|91\/100 psn|[from] drain|[of] p1b: Scizor\n|\n|-damage|p2b: Iron Hands|78\/100 psn|[from] psn\n|upkeep\n|turn|9\n|\n|t:|1681696231\n|move|p1b: Scizor|Bullet Punch|p2a: Dragonite\n|-damage|p2a: Dragonite|25\/100\n|move|p2a: Dragonite|Waterfall|p1b: Scizor\n|-damage|p1b: Scizor|0 fnt\n|faint|p1b: Scizor\n|\n|win|Darkskin gawd\n","uploadtime":1681696239,"views":12,"p1id":"galahadexcalibur","p2id":"darkskingawd","formatid":"gen9vgc2023regulationc","rating":0,"private":0,"password":""}