{"id":"gen9vgc2023regulationc-1859762004","p1":"TortuguitaconQueso","p2":"Sonictheheadgehog","format":"[Gen 9] VGC 2023 Regulation C","log":"|j|\u2606TortuguitaconQueso\n|j|\u2606Sonictheheadgehog\n|t:|1683562442\n|gametype|doubles\n|player|p1|TortuguitaconQueso|valerie|1100\n|player|p2|Sonictheheadgehog|266|1000\n|teamsize|p1|6\n|teamsize|p2|6\n|gen|9\n|tier|[Gen 9] VGC 2023 Regulation C\n|rated|\n|rule|Species Clause: Limit one of each Pok\u00e9mon\n|rule|Item Clause: Limit one of each item\n|clearpoke\n|poke|p1|Flutter Mane, L50|\n|poke|p1|Amoonguss, L50, F|\n|poke|p1|Gyarados, L50, F|\n|poke|p1|Chi-Yu, L50|\n|poke|p1|Ting-Lu, L50|\n|poke|p1|Baxcalibur, L50, F|\n|poke|p2|Lucario, L50, M|\n|poke|p2|Gyarados, L50, M|\n|poke|p2|Palafin, L50, M|\n|poke|p2|Flutter Mane, L50|\n|poke|p2|Armarouge, L50, M|\n|poke|p2|Dachsbun, L50, F|\n|teampreview|4\n|inactive|Battle timer is ON: inactive players will automatically lose when time's up. (requested by TortuguitaconQueso)\nTortuguitaconQueso rejected open team sheets.\n|inactive|TortuguitaconQueso has 60 seconds left.\n|\n|t:|1683562481\n|start\n|switch|p1a: Amoonguss|Amoonguss, L50, F, shiny|100\/100\n|switch|p1b: Ting-Lu|Ting-Lu, L50|100\/100\n|switch|p2a: Lucario|Lucario, L50, M, shiny|100\/100\n|switch|p2b: Armarouge|Armarouge, L50, M|100\/100\n|-ability|p1b: Ting-Lu|Vessel of Ruin\n|turn|1\n|\n|t:|1683562497\n|switch|p2a: Gyarados|Gyarados, L50, M, shiny|100\/100\n|-ability|p2a: Gyarados|Intimidate|boost\n|-unboost|p1a: Amoonguss|atk|1\n|-unboost|p1b: Ting-Lu|atk|1\n|move|p2b: Armarouge|Wide Guard|p2b: Armarouge\n|-singleturn|p2b: Armarouge|Wide Guard\n|move|p1b: Ting-Lu|Stomping Tantrum|p2b: Armarouge\n|-supereffective|p2b: Armarouge\n|-damage|p2b: Armarouge|64\/100\n|move|p1a: Amoonguss|Spore|p2a: Gyarados\n|-status|p2a: Gyarados|slp|[from] move: Spore\n|\n|upkeep\n|turn|2\n|inactive|Sonictheheadgehog has 30 seconds left.\n|\n|t:|1683562524\n|switch|p2a: Dachsbun|Dachsbun, L50, F|100\/100\n|switch|p1a: Bianca|Gyarados, L50, F, shiny|100\/100\n|-ability|p1a: Bianca|Intimidate|boost\n|-unboost|p2a: Dachsbun|atk|1\n|-unboost|p2b: Armarouge|atk|1\n|move|p2b: Armarouge|Lava Plume|p1a: Bianca|[spread] p1a,p1b\n|-ability|p2a: Dachsbun|Well-Baked Body|boost\n|-boost|p2a: Dachsbun|def|2\n|-resisted|p1a: Bianca\n|-damage|p1a: Bianca|89\/100\n|-damage|p1b: Ting-Lu|86\/100\n|-status|p1b: Ting-Lu|brn\n|-damage|p2b: Armarouge|54\/100|[from] item: Life Orb\n|move|p1b: Ting-Lu|Ruination|p2a: Dachsbun\n|-damage|p2a: Dachsbun|51\/100\n|\n|-damage|p1b: Ting-Lu|80\/100 brn|[from] brn\n|upkeep\n|turn|3\n|inactive|TortuguitaconQueso has 30 seconds left.\n|inactive|Sonictheheadgehog has 30 seconds left.\n|\n|t:|1683562557\n|switch|p2b: Gyarados|Gyarados, L50, M, shiny|100\/100 slp\n|-ability|p2b: Gyarados|Intimidate|boost\n|-unboost|p1a: Bianca|atk|1\n|-unboost|p1b: Ting-Lu|atk|1\n|move|p2a: Dachsbun|Yawn|p1a: Bianca\n|-start|p1a: Bianca|move: Yawn|[of] p2a: Dachsbun\n|move|p1a: Bianca|Waterfall|p2b: Gyarados\n|-resisted|p2b: Gyarados\n|-damage|p2b: Gyarados|88\/100 slp\n|move|p1b: Ting-Lu|Heavy Slam|p2a: Dachsbun\n|-supereffective|p2a: Dachsbun\n|-crit|p2a: Dachsbun\n|-damage|p2a: Dachsbun|11\/100\n|-enditem|p2a: Dachsbun|Aguav Berry|[eat]\n|-heal|p2a: Dachsbun|44\/100|[from] item: Aguav Berry\n|\n|-damage|p1b: Ting-Lu|74\/100 brn|[from] brn\n|upkeep\n|turn|4\n|inactive|Sonictheheadgehog has 30 seconds left.\n|\n|t:|1683562589\n|switch|p1a: Amoonguss|Amoonguss, L50, F, shiny|100\/100\n|move|p2a: Dachsbun|Body Press|p1b: Ting-Lu\n|-supereffective|p1b: Ting-Lu\n|-damage|p1b: Ting-Lu|9\/100 brn\n|cant|p2b: Gyarados|slp\n|move|p1b: Ting-Lu|Heavy Slam|p2a: Dachsbun\n|-supereffective|p2a: Dachsbun\n|-damage|p2a: Dachsbun|37\/100\n|\n|-damage|p1b: Ting-Lu|3\/100 brn|[from] brn\n|upkeep\n|turn|5\n|\n|t:|1683562612\n|move|p2a: Dachsbun|Yawn|p1a: Amoonguss\n|-start|p1a: Amoonguss|move: Yawn|[of] p2a: Dachsbun\n|cant|p2b: Gyarados|slp\n|move|p1b: Ting-Lu|Ruination|p2b: Gyarados\n|-damage|p2b: Gyarados|44\/100 slp\n|-enditem|p2b: Gyarados|Sitrus Berry|[eat]\n|-heal|p2b: Gyarados|69\/100 slp|[from] item: Sitrus Berry\n|move|p1a: Amoonguss|Spore|p2a: Dachsbun\n|-status|p2a: Dachsbun|slp|[from] move: Spore\n|\n|-damage|p1b: Ting-Lu|0 fnt|[from] brn\n|faint|p1b: Ting-Lu\n|upkeep\n|\n|t:|1683562625\n|switch|p1b: Bianca|Gyarados, L50, F, shiny|89\/100\n|-ability|p1b: Bianca|Intimidate|boost\n|-unboost|p2a: Dachsbun|atk|1\n|-unboost|p2b: Gyarados|atk|1\n|turn|6\n|inactive|Sonictheheadgehog has 30 seconds left.\n|\n|t:|1683562660\n|switch|p1a: Sasha Colby|Flutter Mane, L50|100\/100\n|-enditem|p1a: Sasha Colby|Booster Energy\n|-activate|p1a: Sasha Colby|ability: Protosynthesis|[fromitem]\n|-start|p1a: Sasha Colby|protosynthesisspa\n|cant|p2a: Dachsbun|slp\n|move|p1b: Bianca|Taunt|p2b: Gyarados\n|-start|p2b: Gyarados|move: Taunt\n|-curestatus|p2b: Gyarados|slp|[msg]\n|cant|p2b: Gyarados|move: Taunt|Taunt\n|\n|upkeep\n|turn|7\n|\n|t:|1683562678\n|switch|p1b: Amoonguss|Amoonguss, L50, F, shiny|100\/100\n|move|p1a: Sasha Colby|Shadow Ball|p2a: Dachsbun\n|-damage|p2a: Dachsbun|0 fnt\n|faint|p2a: Dachsbun\n|move|p2b: Gyarados|Iron Head|p1a: Sasha Colby\n|-supereffective|p1a: Sasha Colby\n|-damage|p1a: Sasha Colby|31\/100\n|\n|upkeep\n|\n|t:|1683562687\n|switch|p2a: Lucario|Lucario, L50, M, shiny|100\/100\n|turn|8\n|\n|t:|1683562703\n|-terastallize|p1a: Sasha Colby|Fairy\n|-terastallize|p2a: Lucario|Fire\n|move|p1b: Amoonguss|Rage Powder|p1b: Amoonguss\n|-singleturn|p1b: Amoonguss|move: Rage Powder\n|move|p2a: Lucario|Bullet Punch|p1b: Amoonguss\n|-damage|p1b: Amoonguss|89\/100\n|move|p1a: Sasha Colby|Dazzling Gleam|p2a: Lucario|[spread] p2a,p2b\n|-resisted|p2a: Lucario\n|-damage|p2a: Lucario|73\/100\n|-damage|p2b: Gyarados|25\/100\n|move|p2b: Gyarados|Iron Head|p1b: Amoonguss\n|-damage|p1b: Amoonguss|73\/100\n|\n|-end|p2b: Gyarados|move: Taunt\n|upkeep\n|turn|9\n|\n|t:|1683562726\n|switch|p2a: Armarouge|Armarouge, L50, M|54\/100\n|move|p1b: Amoonguss|Rage Powder|p1b: Amoonguss\n|-singleturn|p1b: Amoonguss|move: Rage Powder\n|move|p1a: Sasha Colby|Shadow Ball|p2b: Gyarados\n|-damage|p2b: Gyarados|0 fnt\n|faint|p2b: Gyarados\n|\n|upkeep\n|\n|t:|1683562734\n|switch|p2b: Lucario|Lucario, L50, M, shiny, tera:Fire|73\/100\n|turn|10\n|\n|t:|1683562742\n|move|p1b: Amoonguss|Rage Powder|p1b: Amoonguss\n|-singleturn|p1b: Amoonguss|move: Rage Powder\n|move|p2b: Lucario|Bullet Punch|p1b: Amoonguss\n|-damage|p1b: Amoonguss|62\/100\n|move|p1a: Sasha Colby|Shadow Ball|p2a: Armarouge\n|-supereffective|p2a: Armarouge\n|-damage|p2a: Armarouge|0 fnt\n|faint|p2a: Armarouge\n|\n|upkeep\n|turn|11\n|\n|t:|1683562761\n|move|p1a: Sasha Colby|Protect|p1a: Sasha Colby\n|-singleturn|p1a: Sasha Colby|Protect\n|move|p2b: Lucario|Flash Cannon|p1b: Amoonguss\n|-damage|p1b: Amoonguss|27\/100\n|-enditem|p1b: Amoonguss|Sitrus Berry|[eat]\n|-heal|p1b: Amoonguss|52\/100|[from] item: Sitrus Berry\n|move|p1b: Amoonguss|Spore|p2b: Lucario\n|-status|p2b: Lucario|slp|[from] move: Spore\n|\n|upkeep\n|turn|12\n|\n|t:|1683562774\n|move|p1a: Sasha Colby|Moonblast|p2b: Lucario\n|-resisted|p2b: Lucario\n|-damage|p2b: Lucario|33\/100 slp\n|cant|p2b: Lucario|slp\n|move|p1b: Amoonguss|Pollen Puff|p1a: Sasha Colby\n|-heal|p1a: Sasha Colby|81\/100\n|\n|upkeep\n|turn|13\n|\n|t:|1683562786\n|move|p1b: Amoonguss|Rage Powder|p1b: Amoonguss\n|-singleturn|p1b: Amoonguss|move: Rage Powder\n|move|p1a: Sasha Colby|Moonblast|p2b: Lucario\n|-resisted|p2b: Lucario\n|-damage|p2b: Lucario|0 fnt\n|faint|p2b: Lucario\n|\n|win|TortuguitaconQueso\n|raw|TortuguitaconQueso's rating: 1073 → 1096<\/strong> (+23 for winning)\n|raw|Sonictheheadgehog's rating: 1000 → 1000<\/strong> (+0 for losing)\n|l|\u2606Sonictheheadgehog\n|c|\u2606TortuguitaconQueso|Gg\n","uploadtime":1683562798,"views":9,"p1id":"tortuguitaconqueso","p2id":"sonictheheadgehog","formatid":"gen9vgc2023regulationc","rating":1000,"private":0,"password":""}