{"id":"gen9vgc2023regulationc-1859378583","p1":"Hitohiko","p2":"Arcacagne","format":"[Gen 9] VGC 2023 Regulation C","log":"|j|\u2606Hitohiko\n|j|\u2606Arcacagne\n|t:|1683451784\n|gametype|doubles\n|player|p1|Hitohiko|lucas-gen4pt|1251\n|player|p2|Arcacagne|2|1173\n|teamsize|p1|6\n|teamsize|p2|6\n|gen|9\n|tier|[Gen 9] VGC 2023 Regulation C\n|rated|\n|rule|Species Clause: Limit one of each Pok\u00e9mon\n|rule|Item Clause: Limit one of each item\n|clearpoke\n|poke|p1|Dondozo, L50, M|\n|poke|p1|Tatsugiri-Stretchy, L50, F|\n|poke|p1|Chi-Yu, L50|\n|poke|p1|Flutter Mane, L50|\n|poke|p1|Dragonite, L50, M|\n|poke|p1|Glimmora, L50, F|\n|poke|p2|Chi-Yu, L50|\n|poke|p2|Flutter Mane, L50|\n|poke|p2|Amoonguss, L50, F|\n|poke|p2|Palafin, L50, F|\n|poke|p2|Kingambit, L50, M|\n|poke|p2|Arcanine, L50, M|\n|teampreview|4\n|inactive|Battle timer is ON: inactive players will automatically lose when time's up. (requested by Hitohiko)\n|n|\u2606Hitohiko|hitohiko\n|inactive|Arcacagne has 60 seconds left.\n|\n|t:|1683451829\n|start\n|switch|p1a: Dragonite|Dragonite, L50, M|100\/100\n|switch|p1b: Glimmora|Glimmora, L50, F|100\/100\n|switch|p2a: Kingambit|Kingambit, L50, M|100\/100\n|switch|p2b: Palafin|Palafin, L50, F|100\/100\n|turn|1\n|inactive|Arcacagne has 30 seconds left.\n|\n|t:|1683451856\n|move|p1a: Dragonite|Extreme Speed|p1b: Glimmora\n|-resisted|p1b: Glimmora\n|-damage|p1b: Glimmora|77\/100\n|-activate|p1b: Glimmora|ability: Toxic Debris\n|-sidestart|p2: Arcacagne|move: Toxic Spikes\n|move|p2b: Palafin|Jet Punch|p1b: Glimmora\n|-supereffective|p1b: Glimmora\n|-damage|p1b: Glimmora|18\/100\n|-activate|p1b: Glimmora|ability: Toxic Debris\n|-sidestart|p2: Arcacagne|move: Toxic Spikes\n|move|p1b: Glimmora|Mortal Spin|p2b: Palafin|[spread] p2b\n|-immune|p2a: Kingambit\n|-damage|p2b: Palafin|94\/100\n|-status|p2b: Palafin|psn\n|move|p2a: Kingambit|Iron Head|p1b: Glimmora\n|-supereffective|p1b: Glimmora\n|-crit|p1b: Glimmora\n|-damage|p1b: Glimmora|0 fnt\n|faint|p1b: Glimmora\n|\n|-damage|p2b: Palafin|81\/100 psn|[from] psn\n|upkeep\n|inactive|Hitohiko has 30 seconds left.\n|\n|t:|1683451881\n|switch|p1b: Dondozo|Dondozo, L50, M|100\/100\n|turn|2\n|\n|t:|1683451889\n|detailschange|p2b: Palafin|Palafin-Hero, L50, F\n|switch|p2b: Amoonguss|Amoonguss, L50, F|100\/100\n|-sideend|p2: Arcacagne|move: Toxic Spikes|[of] p2b: Amoonguss\n|-terastallize|p2a: Kingambit|Water\n|move|p1a: Dragonite|Extreme Speed|p2b: Amoonguss\n|-damage|p2b: Amoonguss|62\/100\n|move|p2a: Kingambit|Swords Dance|p2a: Kingambit\n|-boost|p2a: Kingambit|atk|2\n|move|p1b: Dondozo|Body Press|p2a: Kingambit\n|-damage|p2a: Kingambit|81\/100\n|\n|upkeep\n|turn|3\n|\n|t:|1683451913\n|switch|p1b: Chi-Yu|Chi-Yu, L50|100\/100\n|-ability|p1b: Chi-Yu|Beads of Ruin\n|-terastallize|p1a: Dragonite|Normal\n|move|p1a: Dragonite|Extreme Speed|p2a: Kingambit\n|-damage|p2a: Kingambit|28\/100\n|move|p2a: Kingambit|Kowtow Cleave|p1b: Chi-Yu\n|-resisted|p1b: Chi-Yu\n|-damage|p1b: Chi-Yu|30\/100\n|move|p2b: Amoonguss|Spore|p1a: Dragonite\n|-status|p1a: Dragonite|slp|[from] move: Spore\n|\n|upkeep\n|turn|4\n|inactive|Arcacagne has 30 seconds left.\n|\n|t:|1683451940\n|switch|p2b: Flutter Mane|Flutter Mane, L50|100\/100\n|-enditem|p2b: Flutter Mane|Booster Energy\n|-activate|p2b: Flutter Mane|ability: Protosynthesis|[fromitem]\n|-start|p2b: Flutter Mane|protosynthesisspa\n|move|p1b: Chi-Yu|Protect|p1b: Chi-Yu\n|-singleturn|p1b: Chi-Yu|Protect\n|cant|p1a: Dragonite|slp\n|move|p2a: Kingambit|Sucker Punch||[still]\n|-fail|p2a: Kingambit\n|\n|upkeep\n|turn|5\n|\n|t:|1683451957\n|switch|p1b: Dondozo|Dondozo, L50, M|100\/100\n|-curestatus|p1a: Dragonite|slp|[msg]\n|move|p1a: Dragonite|Extreme Speed|p2a: Kingambit\n|-damage|p2a: Kingambit|0 fnt\n|faint|p2a: Kingambit\n|move|p2b: Flutter Mane|Substitute|p2b: Flutter Mane\n|-start|p2b: Flutter Mane|Substitute\n|-damage|p2b: Flutter Mane|76\/100\n|\n|upkeep\n|\n|t:|1683451966\n|switch|p2a: Palafin|Palafin-Hero, L50, F|81\/100 psn\n|-activate|p2a: Palafin|ability: Zero to Hero\n|turn|6\n|\n|t:|1683451976\n|switch|p1a: Chi-Yu|Chi-Yu, L50|30\/100\n|-ability|p1a: Chi-Yu|Beads of Ruin\n|move|p2a: Palafin|Protect|p2a: Palafin\n|-singleturn|p2a: Palafin|Protect\n|move|p2b: Flutter Mane|Moonblast|p1b: Dondozo\n|-damage|p1b: Dondozo|38\/100\n|-unboost|p1b: Dondozo|spa|1\n|move|p1b: Dondozo|Wave Crash|p2b: Flutter Mane\n|-end|p2b: Flutter Mane|Substitute\n|-damage|p1b: Dondozo|33\/100|[from] Recoil|[of] p2b: Flutter Mane\n|\n|-heal|p1b: Dondozo|39\/100|[from] item: Leftovers\n|-damage|p2a: Palafin|69\/100 psn|[from] psn\n|upkeep\n|turn|7\n|inactive|Hitohiko has 30 seconds left.\n|inactive|Hitohiko has 20 seconds left.\n|inactive|Hitohiko has 15 seconds left.\n|\n|t:|1683452018\n|move|p1b: Dondozo|Protect|p1b: Dondozo\n|-singleturn|p1b: Dondozo|Protect\n|move|p2a: Palafin|Jet Punch|p1a: Chi-Yu\n|-supereffective|p1a: Chi-Yu\n|-crit|p1a: Chi-Yu\n|-damage|p1a: Chi-Yu|0 fnt\n|faint|p1a: Chi-Yu\n|move|p2b: Flutter Mane|Moonblast|p1b: Dondozo\n|-activate|p1b: Dondozo|move: Protect\n|\n|-heal|p1b: Dondozo|45\/100|[from] item: Leftovers\n|-damage|p2a: Palafin|56\/100 psn|[from] psn\n|upkeep\n|\n|t:|1683452031\n|switch|p1a: Dragonite|Dragonite, L50, M, tera:Normal|100\/100\n|turn|8\n|\n|t:|1683452041\n|switch|p2a: Amoonguss|Amoonguss, L50, F|96\/100\n|move|p1b: Dondozo|Protect|p1b: Dondozo\n|-singleturn|p1b: Dondozo|Protect\n|move|p2b: Flutter Mane|Moonblast|p1b: Dondozo\n|-activate|p1b: Dondozo|move: Protect\n|move|p1a: Dragonite|Earthquake|p2b: Flutter Mane|[spread] p2a,p2b\n|-activate|p1b: Dondozo|move: Protect\n|-crit|p2b: Flutter Mane\n|-damage|p2a: Amoonguss|61\/100\n|-damage|p2b: Flutter Mane|0 fnt\n|faint|p2b: Flutter Mane\n|-end|p2b: Flutter Mane|Protosynthesis|[silent]\n|\n|-heal|p1b: Dondozo|50\/100|[from] item: Leftovers\n|upkeep\n|c|\u2606Arcacagne|douple protect + crit\n|c|\u2606Arcacagne|SKILL\n|\n|t:|1683452061\n|switch|p2b: Palafin|Palafin-Hero, L50, F|56\/100 psn\n|turn|9\n|\n|t:|1683452069\n|move|p2b: Palafin|Wave Crash|p1b: Dondozo\n|-resisted|p1b: Dondozo\n|-damage|p1b: Dondozo|23\/100\n|-damage|p2b: Palafin|44\/100 psn|[from] Recoil\n|move|p1a: Dragonite|Earthquake|p2a: Amoonguss|[spread] p1b,p2a,p2b\n|-crit|p1b: Dondozo\n|-damage|p1b: Dondozo|0 fnt\n|-damage|p2a: Amoonguss|25\/100\n|-damage|p2b: Palafin|0 fnt\n|-enditem|p2a: Amoonguss|Sitrus Berry|[eat]\n|-heal|p2a: Amoonguss|50\/100|[from] item: Sitrus Berry\n|faint|p1b: Dondozo\n|faint|p2b: Palafin\n|move|p2a: Amoonguss|Spore|p1a: Dragonite\n|-status|p1a: Dragonite|slp|[from] move: Spore\n|\n|upkeep\n|turn|10\n|\n|t:|1683452085\n|cant|p1a: Dragonite|slp\n|move|p2a: Amoonguss|Spore|p1a: Dragonite\n|-fail|p1a: Dragonite|slp\n|\n|upkeep\n|turn|11\n|\n|t:|1683452092\n|cant|p1a: Dragonite|slp\n|move|p2a: Amoonguss|Pollen Puff|p1a: Dragonite\n|-crit|p1a: Dragonite\n|-damage|p1a: Dragonite|89\/100 slp\n|\n|upkeep\n|turn|12\n|c|\u2606Arcacagne|these are my crit\n|\n|t:|1683452111\n|cant|p1a: Dragonite|slp\n|move|p2a: Amoonguss|Spore|p1a: Dragonite\n|-fail|p1a: Dragonite|slp\n|\n|upkeep\n|turn|13\n|\n|t:|1683452117\n|-curestatus|p1a: Dragonite|slp|[msg]\n|move|p1a: Dragonite|Earthquake|p2a: Amoonguss\n|-damage|p2a: Amoonguss|4\/100\n|move|p2a: Amoonguss|Spore|p1a: Dragonite\n|-status|p1a: Dragonite|slp|[from] move: Spore\n|\n|upkeep\n|turn|14\n|\n|t:|1683452127\n|cant|p1a: Dragonite|slp\n|move|p2a: Amoonguss|Pollen Puff|p1a: Dragonite\n|-damage|p1a: Dragonite|71\/100 slp\n|\n|upkeep\n|turn|15\n|\n|t:|1683452135\n|cant|p1a: Dragonite|slp\n|move|p2a: Amoonguss|Pollen Puff|p1a: Dragonite\n|-damage|p1a: Dragonite|55\/100 slp\n|\n|upkeep\n|turn|16\n|\n|t:|1683452142\n|move|p2a: Amoonguss|Protect|p2a: Amoonguss\n|-singleturn|p2a: Amoonguss|Protect\n|cant|p1a: Dragonite|slp\n|\n|upkeep\n|turn|17\n|\n|t:|1683452148\n|-curestatus|p1a: Dragonite|slp|[msg]\n|move|p1a: Dragonite|Earthquake|p2a: Amoonguss\n|-crit|p2a: Amoonguss\n|-damage|p2a: Amoonguss|0 fnt\n|faint|p2a: Amoonguss\n|\n|win|Hitohiko\n|raw|Hitohiko's rating: 1251 → 1270<\/strong> (+19 for winning)\n|raw|Arcacagne's rating: 1173 → 1154<\/strong> (-19 for losing)\n","uploadtime":1683452156,"views":17,"p1id":"hitohiko","p2id":"arcacagne","formatid":"gen9vgc2023regulationc","rating":1154,"private":0,"password":""}