{"id":"gen9vgc2023regulationc-1860792362","p1":"DarkDenk","p2":"TheFranDa","format":"[Gen 9] VGC 2023 Regulation C","log":"|j|\u2606DarkDenk\n|j|\u2606TheFranDa\n|t:|1683678482\n|gametype|doubles\n|player|p1|DarkDenk|101|1116\n|player|p2|TheFranDa|darach-caitlin|1105\n|teamsize|p1|6\n|teamsize|p2|6\n|gen|9\n|tier|[Gen 9] VGC 2023 Regulation C\n|rated|\n|rule|Species Clause: Limit one of each Pok\u00e9mon\n|rule|Item Clause: Limit one of each item\n|clearpoke\n|poke|p1|Iron Jugulis, L50|\n|poke|p1|Cyclizar, L50, M|\n|poke|p1|Ceruledge, L50, M|\n|poke|p1|Azumarill, L50, F|\n|poke|p1|Dragonite, L50, F|\n|poke|p1|Grafaiai, L50, F|\n|poke|p2|Garchomp, L50, M|\n|poke|p2|Ting-Lu, L50|\n|poke|p2|Talonflame, L50, M|\n|poke|p2|Baxcalibur, L50, M|\n|poke|p2|Flutter Mane, L50|\n|poke|p2|Amoonguss, L50, M|\n|teampreview|4\n|inactive|Battle timer is ON: inactive players will automatically lose when time's up. (requested by TheFranDa)\n|\n|t:|1683678529\n|start\n|switch|p1a: Ceruledge|Ceruledge, L50, M|100\/100\n|switch|p1b: Grafaiai|Grafaiai, L50, F|100\/100\n|switch|p2a: Poya|Talonflame, L50, M|100\/100\n|switch|p2b: Nagatoro|Flutter Mane, L50|100\/100\n|-enditem|p2b: Nagatoro|Booster Energy\n|-activate|p2b: Nagatoro|ability: Protosynthesis|[fromitem]\n|-start|p2b: Nagatoro|protosynthesisspa\n|turn|1\n|inactive|DarkDenk has 30 seconds left.\n|\n|t:|1683678557\n|-terastallize|p1a: Ceruledge|Grass\n|move|p1b: Grafaiai|Taunt|p2a: Poya\n|-start|p2a: Poya|move: Taunt\n|move|p1a: Ceruledge|Shadow Sneak|p2b: Nagatoro\n|-supereffective|p2b: Nagatoro\n|-damage|p2b: Nagatoro|14\/100\n|cant|p2a: Poya|move: Taunt|Taunt\n|move|p2b: Nagatoro|Shadow Ball|p1a: Ceruledge\n|-damage|p1a: Ceruledge|30\/100\n|\n|upkeep\n|turn|2\n|inactive|DarkDenk has 30 seconds left.\n|inactive|DarkDenk has 20 seconds left.\n|inactive|DarkDenk has 15 seconds left.\n|inactive|DarkDenk has 10 seconds left.\n|\n|t:|1683678606\n|move|p1b: Grafaiai|Protect|p1b: Grafaiai\n|-singleturn|p1b: Grafaiai|Protect\n|move|p2b: Nagatoro|Protect|p2b: Nagatoro\n|-singleturn|p2b: Nagatoro|Protect\n|move|p2a: Poya|Brave Bird|p1a: Ceruledge\n|-supereffective|p1a: Ceruledge\n|-damage|p1a: Ceruledge|0 fnt\n|faint|p1a: Ceruledge\n|-damage|p2a: Poya|92\/100|[from] Recoil\n|\n|upkeep\n|\n|t:|1683678622\n|switch|p1a: Azumarill|Azumarill, L50, F, shiny|100\/100\n|turn|3\n|\n|t:|1683678646\n|move|p2a: Poya|Brave Bird|p1b: Grafaiai\n|-damage|p1b: Grafaiai|52\/100\n|-damage|p2a: Poya|77\/100|[from] Recoil\n|move|p2b: Nagatoro|Thunderbolt|p1a: Azumarill\n|-supereffective|p1a: Azumarill\n|-damage|p1a: Azumarill|53\/100\n|move|p1b: Grafaiai|Gunk Shot|p2b: Nagatoro\n|-damage|p2b: Nagatoro|0 fnt\n|faint|p2b: Nagatoro\n|-end|p2b: Nagatoro|Protosynthesis|[silent]\n|move|p1a: Azumarill|Liquidation|p2a: Poya\n|-supereffective|p2a: Poya\n|-damage|p2a: Poya|0 fnt\n|faint|p2a: Poya\n|\n|upkeep\n|\n|t:|1683678659\n|switch|p2a: Papacito|Baxcalibur, L50, M|100\/100\n|switch|p2b: Papirriqui|Garchomp, L50, M|100\/100\n|turn|4\n|inactive|DarkDenk has 30 seconds left.\n|inactive|DarkDenk has 20 seconds left.\n|inactive|DarkDenk has 15 seconds left.\n|\n|t:|1683678702\n|switch|p1a: Dragonite|Dragonite, L50, F, shiny|100\/100\n|-terastallize|p2b: Papirriqui|Fire\n|move|p2a: Papacito|Protect|p2a: Papacito\n|-singleturn|p2a: Papacito|Protect\n|move|p1b: Grafaiai|Parting Shot|p2a: Papacito\n|-activate|p2a: Papacito|move: Protect\n|move|p2b: Papirriqui|Earthquake|p1b: Grafaiai|[spread] p1b\n|-activate|p2a: Papacito|move: Protect\n|-immune|p1a: Dragonite\n|-supereffective|p1b: Grafaiai\n|-damage|p1b: Grafaiai|0 fnt\n|faint|p1b: Grafaiai\n|\n|upkeep\n|\n|t:|1683678715\n|switch|p1b: Azumarill|Azumarill, L50, F, shiny|53\/100\n|turn|5\n|inactive|DarkDenk has 30 seconds left.\n|\n|t:|1683678742\n|move|p2b: Papirriqui|Rock Slide|p1a: Dragonite|[spread] p1a,p1b\n|-supereffective|p1a: Dragonite\n|-damage|p1a: Dragonite|82\/100\n|-damage|p1b: Azumarill|32\/100\n|move|p2a: Papacito|Icicle Spear|p1a: Dragonite\n|-supereffective|p1a: Dragonite\n|-damage|p1a: Dragonite|18\/100\n|-supereffective|p1a: Dragonite\n|-damage|p1a: Dragonite|0 fnt\n|faint|p1a: Dragonite\n|-hitcount|p1: Dragonite|2\n|move|p1b: Azumarill|Play Rough|p2a: Papacito\n|-supereffective|p2a: Papacito\n|-damage|p2a: Papacito|1\/100\n|\n|upkeep\n|turn|6\n|inactive|TheFranDa has 30 seconds left.\n|\n|t:|1683678769\n|move|p2a: Papacito|Protect|p2a: Papacito\n|-singleturn|p2a: Papacito|Protect\n|move|p1b: Azumarill|Aqua Jet|p2b: Papirriqui\n|-supereffective|p2b: Papirriqui\n|-damage|p2b: Papirriqui|52\/100\n|-damage|p1b: Azumarill|20\/100|[from] ability: Rough Skin|[of] p2b: Papirriqui\n|move|p2b: Papirriqui|Earthquake|p1b: Azumarill|[spread] p1b\n|-activate|p2a: Papacito|move: Protect\n|-damage|p1b: Azumarill|0 fnt\n|faint|p1b: Azumarill\n|\n|win|TheFranDa\n|raw|DarkDenk's rating: 1116 → 1090<\/strong> (-26 for losing)\n|raw|TheFranDa's rating: 1105 → 1131<\/strong> (+26 for winning)\n","uploadtime":1683678791,"views":14,"p1id":"darkdenk","p2id":"thefranda","formatid":"gen9vgc2023regulationc","rating":1090,"private":0,"password":""}