{"id":"gen9vgc2023regulationc-1847419567","p1":"Aotn091","p2":"Azurqhart","format":"[Gen 9] VGC 2023 Regulation C","log":"|j|\u2606Aotn091\n|j|\u2606Azurqhart\n|t:|1681952918\n|gametype|doubles\n|player|p1|Aotn091|1|1122\n|player|p2|Azurqhart|265|1086\n|teamsize|p1|6\n|teamsize|p2|6\n|gen|9\n|tier|[Gen 9] VGC 2023 Regulation C\n|rated|\n|rule|Species Clause: Limit one of each Pok\u00e9mon\n|rule|Item Clause: Limit one of each item\n|clearpoke\n|poke|p1|Ting-Lu, L50|\n|poke|p1|Amoonguss, L50, M|\n|poke|p1|Roaring Moon, L50|\n|poke|p1|Arcanine, L50, F|\n|poke|p1|Palafin, L50, F|\n|poke|p1|Flutter Mane, L50|\n|poke|p2|Glimmora, L50, M|\n|poke|p2|Mimikyu, L50, F|\n|poke|p2|Gholdengo, L50|\n|poke|p2|Breloom, L50, F|\n|poke|p2|Talonflame, L50, F|\n|poke|p2|Brute Bonnet, L50|\n|teampreview|4\n|\n|t:|1681952936\n|start\n|switch|p1a: Ting-Lu|Ting-Lu, L50|100\/100\n|switch|p1b: Palafin|Palafin, L50, F, shiny|100\/100\n|switch|p2a: Falco chicquera|Talonflame, L50, F|100\/100\n|switch|p2b: Glimmora|Glimmora, L50, M|100\/100\n|-ability|p1a: Ting-Lu|Vessel of Ruin\n|turn|1\n|\n|t:|1681952951\n|detailschange|p1b: Palafin|Palafin-Hero, L50, F, shiny\n|switch|p1b: Arcanine|Arcanine, L50, F|100\/100\n|-ability|p1b: Arcanine|Intimidate|boost\n|-unboost|p2a: Falco chicquera|atk|1\n|-unboost|p2b: Glimmora|atk|1\n|move|p2a: Falco chicquera|Tailwind|p2a: Falco chicquera\n|-sidestart|p2: Azurqhart|move: Tailwind\n|move|p2b: Glimmora|Mortal Spin|p1b: Arcanine|[spread] p1a,p1b\n|-resisted|p1a: Ting-Lu\n|-damage|p1a: Ting-Lu|99\/100\n|-damage|p1b: Arcanine|94\/100\n|-status|p1a: Ting-Lu|psn\n|-status|p1b: Arcanine|psn\n|move|p1a: Ting-Lu|Fissure|p2b: Glimmora|[miss]\n|-miss|p1a: Ting-Lu|p2b: Glimmora\n|\n|-damage|p1b: Arcanine|82\/100 psn|[from] psn\n|-damage|p1a: Ting-Lu|87\/100 psn|[from] psn\n|upkeep\n|turn|2\n|\n|t:|1681952989\n|move|p2a: Falco chicquera|Protect|p2a: Falco chicquera\n|-singleturn|p2a: Falco chicquera|Protect\n|move|p1b: Arcanine|Protect|p1b: Arcanine\n|-singleturn|p1b: Arcanine|Protect\n|move|p2b: Glimmora|Rock Slide|p1b: Arcanine|[spread] p1a\n|-activate|p1b: Arcanine|move: Protect\n|-resisted|p1a: Ting-Lu\n|-damage|p1a: Ting-Lu|83\/100 psn\n|move|p1a: Ting-Lu|Stomping Tantrum|p2b: Glimmora\n|-supereffective|p2b: Glimmora\n|-damage|p2b: Glimmora|0 fnt\n|-activate|p2b: Glimmora|ability: Toxic Debris\n|-sidestart|p1: Aotn091|move: Toxic Spikes\n|faint|p2b: Glimmora\n|\n|-damage|p1b: Arcanine|70\/100 psn|[from] psn\n|-damage|p1a: Ting-Lu|71\/100 psn|[from] psn\n|upkeep\n|\n|t:|1681953009\n|switch|p2b: Brute Bonnet|Brute Bonnet, L50|100\/100\n|-enditem|p2b: Brute Bonnet|Booster Energy\n|-activate|p2b: Brute Bonnet|ability: Protosynthesis|[fromitem]\n|-start|p2b: Brute Bonnet|protosynthesisatk\n|turn|3\n|\n|t:|1681953045\n|-terastallize|p2b: Brute Bonnet|Dark\n|move|p2b: Brute Bonnet|Sucker Punch|p1b: Arcanine\n|-damage|p1b: Arcanine|0 fnt\n|faint|p1b: Arcanine\n|move|p2a: Falco chicquera|U-turn|p1a: Ting-Lu\n|-supereffective|p1a: Ting-Lu\n|-damage|p1a: Ting-Lu|58\/100 psn\n|\n|t:|1681953052\n|switch|p2a: Breloom|Breloom, L50, F|100\/100|[from] U-turn\n|move|p1a: Ting-Lu|Fissure|p2b: Brute Bonnet\n|-damage|p2b: Brute Bonnet|0 fnt\n|faint|p2b: Brute Bonnet\n|-end|p2b: Brute Bonnet|Protosynthesis|[silent]\n|-ohko\n|\n|-damage|p1a: Ting-Lu|46\/100 psn|[from] psn\n|upkeep\n|\n|t:|1681953062\n|switch|p1b: Flutter Mane|Flutter Mane, L50|100\/100\n|switch|p2b: Falco chicquera|Talonflame, L50, F|100\/100\n|-status|p1b: Flutter Mane|psn\n|turn|4\n|\n|t:|1681953085\n|-terastallize|p1a: Ting-Lu|Grass\n|move|p2b: Falco chicquera|U-turn|p1a: Ting-Lu\n|-supereffective|p1a: Ting-Lu\n|-damage|p1a: Ting-Lu|29\/100 psn\n|move|p2a: Breloom|Bullet Seed|p1b: Flutter Mane\n|-damage|p1b: Flutter Mane|59\/100 psn\n|-damage|p1b: Flutter Mane|22\/100 psn\n|-damage|p1b: Flutter Mane|0 fnt\n|faint|p1b: Flutter Mane\n|-end|p1b: Flutter Mane|Protosynthesis|[silent]\n|-hitcount|p1: Flutter Mane|3\n|move|p1a: Ting-Lu|Fissure|p2a: Breloom\n|-damage|p2a: Breloom|0 fnt\n|faint|p2a: Breloom\n|-ohko\n|\n|-damage|p1a: Ting-Lu|17\/100 psn|[from] psn\n|-sideend|p2: Azurqhart|move: Tailwind\n|upkeep\n|\n|t:|1681953099\n|switch|p1b: Palafin|Palafin-Hero, L50, F, shiny|100\/100\n|-status|p1b: Palafin|psn\n|-activate|p1b: Palafin|ability: Zero to Hero\n|turn|5\n|\n|t:|1681953114\n|move|p2b: Falco chicquera|Protect|p2b: Falco chicquera\n|-singleturn|p2b: Falco chicquera|Protect\n|move|p1b: Palafin|Jet Punch|p2b: Falco chicquera\n|-activate|p2b: Falco chicquera|move: Protect\n|move|p1a: Ting-Lu|Heavy Slam|p2b: Falco chicquera\n|-activate|p2b: Falco chicquera|move: Protect\n|\n|-damage|p1b: Palafin|88\/100 psn|[from] psn\n|-damage|p1a: Ting-Lu|5\/100 psn|[from] psn\n|upkeep\n|turn|6\n|\n|t:|1681953128\n|move|p1b: Palafin|Jet Punch|p2b: Falco chicquera\n|-supereffective|p2b: Falco chicquera\n|-enditem|p2b: Falco chicquera|Focus Sash\n|-damage|p2b: Falco chicquera|1\/100\n|move|p2b: Falco chicquera|U-turn|p1b: Palafin\n|-damage|p1b: Palafin|75\/100 psn\n|move|p1a: Ting-Lu|Heavy Slam|p2b: Falco chicquera\n|-resisted|p2b: Falco chicquera\n|-damage|p2b: Falco chicquera|0 fnt\n|faint|p2b: Falco chicquera\n|\n|win|Aotn091\n|raw|Aotn091's rating: 1122 → 1144<\/strong> (+22 for winning)\n|raw|Azurqhart's rating: 1086 → 1065<\/strong> (-21 for losing)\n","uploadtime":1681953141,"views":5,"p1id":"aotn091","p2id":"azurqhart","formatid":"gen9vgc2023regulationc","rating":1065,"private":0,"password":""}