{"id":"gen9vgc2023regulationc-1864011078","p1":"ScraggypantsYT","p2":"Pokemonster28","format":"[Gen 9] VGC 2023 Regulation C","log":"|j|\u2606ScraggypantsYT\n|j|\u2606Pokemonster28\n|t:|1684104947\n|gametype|doubles\n|player|p1|ScraggypantsYT|plasmagrunt|\n|player|p2|Pokemonster28|cynthia-gen4|\n|teamsize|p1|6\n|teamsize|p2|6\n|gen|9\n|tier|[Gen 9] VGC 2023 Regulation C\n|rule|Species Clause: Limit one of each Pok\u00e9mon\n|rule|Item Clause: Limit one of each item\n|clearpoke\n|poke|p1|Pelipper, L50, F|\n|poke|p1|Barraskewda, L50, M|\n|poke|p1|Magneton, L50|\n|poke|p1|Houndstone, L50, M|\n|poke|p1|Palafin, L50, F|\n|poke|p1|Toxapex, L50, F|\n|poke|p2|Iron Bundle, L50|\n|poke|p2|Iron Valiant, L50|\n|poke|p2|Lurantis, L50, M|\n|poke|p2|Weavile, L50, M|\n|poke|p2|Krookodile, L50, M|\n|poke|p2|Gothitelle, L50, M|\n|teampreview|4\n|inactive|Battle timer is ON: inactive players will automatically lose when time's up. (requested by Pokemonster28)\n|c|\u2606ScraggypantsYT|glhf\n|inactive|ScraggypantsYT has 60 seconds left.\n|inactive|Pokemonster28 has 60 seconds left.\n|\n|t:|1684104989\n|start\n|switch|p1a: Final Gambit|Barraskewda, L50, M|100\/100\n|switch|p1b: Palafin|Palafin, L50, F|100\/100\n|switch|p2a: Weavile|Weavile, L50, M|100\/100\n|switch|p2b: Iron Valiant|Iron Valiant, L50|100\/100\n|-enditem|p2b: Iron Valiant|Booster Energy\n|-activate|p2b: Iron Valiant|ability: Quark Drive|[fromitem]\n|-start|p2b: Iron Valiant|quarkdrivespe\n|turn|1\n|\n|t:|1684105010\n|detailschange|p1b: Palafin|Palafin-Hero, L50, F\n|switch|p1b: Toxic Tammy|Toxapex, L50, F|100\/100\n|move|p1a: Final Gambit|Protect|p1a: Final Gambit\n|-singleturn|p1a: Final Gambit|Protect\n|move|p2a: Weavile|Fake Out|p1b: Toxic Tammy\n|-damage|p1b: Toxic Tammy|92\/100\n|move|p2b: Iron Valiant|Thunderbolt|p1b: Toxic Tammy\n|-supereffective|p1b: Toxic Tammy\n|-damage|p1b: Toxic Tammy|41\/100\n|\n|-heal|p1b: Toxic Tammy|47\/100|[from] item: Black Sludge\n|upkeep\n|turn|2\n|inactive|ScraggypantsYT has 30 seconds left.\n|\n|t:|1684105043\n|-terastallize|p2a: Weavile|Grass\n|move|p1b: Toxic Tammy|Baneful Bunker|p1b: Toxic Tammy\n|-singleturn|p1b: Toxic Tammy|move: Protect\n|move|p2b: Iron Valiant|Thunderbolt|p1b: Toxic Tammy\n|-activate|p1b: Toxic Tammy|move: Protect\n|move|p2a: Weavile|Trailblaze|p1a: Final Gambit\n|-supereffective|p1a: Final Gambit\n|-enditem|p1a: Final Gambit|Focus Sash\n|-damage|p1a: Final Gambit|1\/100\n|-boost|p2a: Weavile|spe|1\n|move|p1a: Final Gambit|Close Combat|p2a: Weavile\n|-damage|p2a: Weavile|30\/100\n|-unboost|p1a: Final Gambit|def|1\n|-unboost|p1a: Final Gambit|spd|1\n|\n|-heal|p1b: Toxic Tammy|53\/100|[from] item: Black Sludge\n|upkeep\n|turn|3\n|inactive|ScraggypantsYT has 30 seconds left.\n|\n|t:|1684105069\n|move|p1a: Final Gambit|Protect|p1a: Final Gambit\n|-singleturn|p1a: Final Gambit|Protect\n|move|p2a: Weavile|Trailblaze|p1a: Final Gambit\n|-activate|p1a: Final Gambit|move: Protect\n|move|p2b: Iron Valiant|Thunderbolt|p1b: Toxic Tammy\n|-supereffective|p1b: Toxic Tammy\n|-damage|p1b: Toxic Tammy|2\/100\n|move|p1b: Toxic Tammy|Haze|p1b: Toxic Tammy\n|-clearallboost\n|\n|-heal|p1b: Toxic Tammy|8\/100|[from] item: Black Sludge\n|upkeep\n|turn|4\n|inactive|ScraggypantsYT has 30 seconds left.\n|inactive|Pokemonster28 has 30 seconds left.\n|\n|t:|1684105115\n|move|p2b: Iron Valiant|Thunderbolt|p1b: Toxic Tammy\n|-supereffective|p1b: Toxic Tammy\n|-damage|p1b: Toxic Tammy|0 fnt\n|faint|p1b: Toxic Tammy\n|move|p2a: Weavile|Trailblaze|p1a: Final Gambit\n|-supereffective|p1a: Final Gambit\n|-damage|p1a: Final Gambit|0 fnt\n|-boost|p2a: Weavile|spe|1\n|faint|p1a: Final Gambit\n|\n|upkeep\n|\n|t:|1684105125\n|switch|p1a: Make It Rain|Pelipper, L50, F|100\/100\n|switch|p1b: Palafin|Palafin-Hero, L50, F|100\/100\n|-activate|p1b: Palafin|ability: Zero to Hero\n|-weather|RainDance|[from] ability: Drizzle|[of] p1a: Make It Rain\n|turn|5\n|inactive|ScraggypantsYT has 30 seconds left.\n|inactive|ScraggypantsYT has 20 seconds left.\n|inactive|ScraggypantsYT has 15 seconds left.\n|inactive|ScraggypantsYT has 10 seconds left.\n|\n|t:|1684105175\n|switch|p2a: Krookodile|Krookodile, L50, M|100\/100\n|-ability|p2a: Krookodile|Intimidate|boost\n|-unboost|p1a: Make It Rain|atk|1\n|-unboost|p1b: Palafin|atk|1\n|-terastallize|p1a: Make It Rain|Ground\n|move|p1b: Palafin|Jet Punch|p2a: Krookodile\n|-supereffective|p2a: Krookodile\n|-damage|p2a: Krookodile|8\/100\n|-enditem|p2a: Krookodile|Sitrus Berry|[eat]\n|-heal|p2a: Krookodile|33\/100|[from] item: Sitrus Berry\n|move|p2b: Iron Valiant|Thunderbolt|p1a: Make It Rain\n|-immune|p1a: Make It Rain\n|move|p1a: Make It Rain|Hurricane|p2b: Iron Valiant\n|-supereffective|p2b: Iron Valiant\n|-damage|p2b: Iron Valiant|0 fnt\n|faint|p2b: Iron Valiant\n|-end|p2b: Iron Valiant|Quark Drive|[silent]\n|\n|-weather|RainDance|[upkeep]\n|upkeep\n|\n|t:|1684105193\n|switch|p2b: Iron Bundle|Iron Bundle, L50|100\/100\n|turn|6\n|\n|t:|1684105225\n|switch|p2a: Weavile|Weavile, L50, M, tera:Grass|30\/100\n|move|p1b: Palafin|Jet Punch|p2a: Weavile\n|-resisted|p2a: Weavile\n|-damage|p2a: Weavile|0 fnt\n|faint|p2a: Weavile\n|move|p2b: Iron Bundle|Freeze-Dry|p1b: Palafin\n|-supereffective|p1b: Palafin\n|-damage|p1b: Palafin|21\/100\n|-status|p1b: Palafin|frz\n|move|p1a: Make It Rain|Tailwind|p1a: Make It Rain\n|-sidestart|p1: ScraggypantsYT|move: Tailwind\n|\n|-weather|RainDance|[upkeep]\n|upkeep\n|j| CrazyFox\n|\n|t:|1684105236\n|switch|p2a: Krookodile|Krookodile, L50, M|33\/100\n|-ability|p2a: Krookodile|Intimidate|boost\n|-unboost|p1a: Make It Rain|atk|1\n|-unboost|p1b: Palafin|atk|1\n|turn|7\n|\n|t:|1684105246\n|cant|p1b: Palafin|frz\n|move|p2b: Iron Bundle|Freeze-Dry|p1a: Make It Rain\n|-supereffective|p1a: Make It Rain\n|-damage|p1a: Make It Rain|17\/100\n|move|p1a: Make It Rain|Hurricane|p2b: Iron Bundle\n|-damage|p2b: Iron Bundle|23\/100\n|-start|p2b: Iron Bundle|confusion\n|move|p2a: Krookodile|Close Combat|p1a: Make It Rain\n|-crit|p1a: Make It Rain\n|-damage|p1a: Make It Rain|0 fnt\n|-unboost|p2a: Krookodile|def|1\n|-unboost|p2a: Krookodile|spd|1\n|faint|p1a: Make It Rain\n|\n|-weather|RainDance|[upkeep]\n|upkeep\n|turn|8\n|c| CrazyFox|This game 2?\n|c|\u2606ScraggypantsYT|yes\n|\n|t:|1684105265\n|cant|p1b: Palafin|frz\n|-activate|p2b: Iron Bundle|confusion\n|-damage|p2b: Iron Bundle|13\/100|[from] confusion\n|move|p2a: Krookodile|Close Combat|p1b: Palafin\n|-damage|p1b: Palafin|0 fnt\n|-unboost|p2a: Krookodile|def|1\n|-unboost|p2a: Krookodile|spd|1\n|faint|p1b: Palafin\n|\n|win|Pokemonster28\n|c|\u2606ScraggypantsYT|GGs\n|l| CrazyFox\n|l|\u2606Pokemonster28\n","uploadtime":1684105272,"views":5,"p1id":"scraggypantsyt","p2id":"pokemonster28","formatid":"gen9vgc2023regulationc","rating":0,"private":0,"password":""}