{"id":"gen9vgc2023regulationc-1851424849","p1":"Speed_Aqua","p2":"Bout It 27","format":"[Gen 9] VGC 2023 Regulation C","log":"|j|\u2606Speed_Aqua\n|j|\u2606Bout It 27\n|t:|1682444049\n|gametype|doubles\n|player|p1|Speed_Aqua|morty-masters|1137\n|player|p2|Bout It 27|265|1180\n|teamsize|p1|6\n|teamsize|p2|6\n|gen|9\n|tier|[Gen 9] VGC 2023 Regulation C\n|rated|\n|rule|Species Clause: Limit one of each Pok\u00e9mon\n|rule|Item Clause: Limit one of each item\n|clearpoke\n|poke|p1|Amoonguss, L50, F|\n|poke|p1|Palafin, L50, M|\n|poke|p1|Arcanine, L50, F|\n|poke|p1|Flutter Mane, L50|\n|poke|p1|Ting-Lu, L50|\n|poke|p1|Kingambit, L50, F|\n|poke|p2|Torkoal, L50, M|\n|poke|p2|Lilligant, L50, F|\n|poke|p2|Hatterene, L50, F|\n|poke|p2|Indeedee-F, L50, F|\n|poke|p2|Great Tusk, L50|\n|poke|p2|Chi-Yu, L50|\n|teampreview|4\n|inactive|Battle timer is ON: inactive players will automatically lose when time's up. (requested by Speed_Aqua)\nSpeed_Aqua has agreed to open team sheets.\n|inactive|Speed_Aqua has 60 seconds left.\n|\n|t:|1682444094\n|start\n|switch|p1a: Misdravus|Flutter Mane, L50|100\/100\n|switch|p1b: King's Gambit|Kingambit, L50, F|100\/100\n|switch|p2a: Great Tusk|Great Tusk, L50|100\/100\n|switch|p2b: Hatterene|Hatterene, L50, F|100\/100\n|-enditem|p1a: Misdravus|Booster Energy\n|-activate|p1a: Misdravus|ability: Protosynthesis|[fromitem]\n|-start|p1a: Misdravus|protosynthesisspe\n|turn|1\n|inactive|Bout It 27 has 30 seconds left.\n|\n|t:|1682444120\n|switch|p1b: Arcinine|Arcanine, L50, F|100\/100\n|-ability|p1b: Arcinine|Intimidate|boost\n|-unboost|p2a: Great Tusk|atk|1\n|-unboost|p2b: Hatterene|atk|1\n|move|p1a: Misdravus|Protect|p1a: Misdravus\n|-singleturn|p1a: Misdravus|Protect\n|move|p2a: Great Tusk|Headlong Rush|p1b: Arcinine\n|-supereffective|p1b: Arcinine\n|-damage|p1b: Arcinine|0 fnt\n|-unboost|p2a: Great Tusk|def|1\n|-unboost|p2a: Great Tusk|spd|1\n|faint|p1b: Arcinine\n|-damage|p2a: Great Tusk|91\/100|[from] item: Life Orb\n|move|p2b: Hatterene|Trick Room|p2b: Hatterene\n|-fieldstart|move: Trick Room|[of] p2b: Hatterene\n|-enditem|p2b: Hatterene|Room Service\n|-unboost|p2b: Hatterene|spe|1|[from] item: Room Service\n|\n|upkeep\n|\n|t:|1682444135\n|switch|p1b: Palifin|Palafin, L50, M|100\/100\n|turn|2\n|\n|t:|1682444159\n|-terastallize|p1b: Palifin|Water\n|move|p1b: Palifin|Jet Punch|p2a: Great Tusk\n|-supereffective|p2a: Great Tusk\n|-damage|p2a: Great Tusk|18\/100\n|-damage|p1b: Palifin|91\/100|[from] item: Life Orb\n|move|p2b: Hatterene|Psychic|p1a: Misdravus\n|-damage|p1a: Misdravus|43\/100\n|move|p2a: Great Tusk|Close Combat|p1b: Palifin\n|-damage|p1b: Palifin|15\/100\n|-unboost|p2a: Great Tusk|def|1\n|-unboost|p2a: Great Tusk|spd|1\n|-damage|p2a: Great Tusk|8\/100|[from] item: Life Orb\n|move|p1a: Misdravus|Shadow Ball|p2b: Hatterene\n|-supereffective|p2b: Hatterene\n|-damage|p2b: Hatterene|16\/100\n|\n|upkeep\n|turn|3\n|inactive|Speed_Aqua has 30 seconds left.\n|inactive|Bout It 27 has 30 seconds left.\n|\n|t:|1682444186\n|detailschange|p1b: Palifin|Palafin-Hero, L50, M, tera:Water\n|switch|p1b: King's Gambit|Kingambit, L50, F|100\/100\n|move|p1a: Misdravus|Protect|p1a: Misdravus\n|-singleturn|p1a: Misdravus|Protect\n|move|p2b: Hatterene|Dazzling Gleam|p1b: King's Gambit|[spread] p1b\n|-activate|p1a: Misdravus|move: Protect\n|-damage|p1b: King's Gambit|64\/100\n|move|p2a: Great Tusk|Rock Slide|p1a: Misdravus|[spread] p1b\n|-activate|p1a: Misdravus|move: Protect\n|-resisted|p1b: King's Gambit\n|-damage|p1b: King's Gambit|57\/100\n|-damage|p2a: Great Tusk|0 fnt|[from] item: Life Orb\n|faint|p2a: Great Tusk\n|-end|p2a: Great Tusk|Protosynthesis|[silent]\n|\n|upkeep\n|\n|t:|1682444203\n|switch|p2a: Torkoal|Torkoal, L50, M|100\/100\n|-weather|SunnyDay|[from] ability: Drought|[of] p2a: Torkoal\n|turn|4\n|\n|t:|1682444227\n|-terastallize|p2a: Torkoal|Fire\n|move|p1a: Misdravus|Protect||[still]\n|-fail|p1a: Misdravus\n|move|p1b: King's Gambit|Sucker Punch|p2b: Hatterene\n|-damage|p2b: Hatterene|0 fnt\n|faint|p2b: Hatterene\n|move|p2a: Torkoal|Eruption|p1b: King's Gambit|[spread] p1a,p1b\n|-supereffective|p1b: King's Gambit\n|-damage|p1a: Misdravus|0 fnt\n|-damage|p1b: King's Gambit|0 fnt\n|faint|p1a: Misdravus\n|-end|p1a: Misdravus|Protosynthesis|[silent]\n|faint|p1b: King's Gambit\n|\n|-weather|SunnyDay|[upkeep]\n|upkeep\n|\n|t:|1682444243\n|switch|p2b: Indeedee|Indeedee-F, L50, F|100\/100\n|switch|p1a: Palifin|Palafin-Hero, L50, M, tera:Water|15\/100\n|-fieldstart|move: Psychic Terrain|[from] ability: Psychic Surge|[of] p2b: Indeedee\n|-activate|p1a: Palifin|ability: Zero to Hero\n|turn|5\n|\n|t:|1682444256\n|move|p1a: Palifin|Protect|p1a: Palifin\n|-singleturn|p1a: Palifin|Protect\n|move|p2a: Torkoal|Eruption|p1a: Palifin\n|-activate|p1a: Palifin|move: Protect\n|move|p2b: Indeedee|Psychic|p1a: Palifin\n|-activate|p1a: Palifin|move: Protect\n|\n|-weather|SunnyDay|[upkeep]\n|-fieldend|move: Trick Room\n|upkeep\n|turn|6\n|\n|t:|1682444271\n|move|p2b: Indeedee|Follow Me|p2b: Indeedee\n|-singleturn|p2b: Indeedee|move: Follow Me\n|move|p1a: Palifin|Wave Crash|p2b: Indeedee\n|-damage|p2b: Indeedee|37\/100\n|-damage|p1a: Palifin|0 fnt|[from] Recoil\n|faint|p1a: Palifin\n|\n|win|Bout It 27\n|raw|Speed_Aqua's rating: 1137 → 1115<\/strong> (-22 for losing)\n|raw|Bout It 27's rating: 1180 → 1202<\/strong> (+22 for winning)\n|l|\u2606Speed_Aqua\n","uploadtime":1682444296,"views":7,"p1id":"speedaqua","p2id":"boutit27","formatid":"gen9vgc2023regulationc","rating":1115,"private":0,"password":""}