{"id":"gen9vgc2023regulationc-1852328949","p1":"Aperol Spinda","p2":"Bricclow","format":"[Gen 9] VGC 2023 Regulation C","log":"|j|\u2606Aperol Spinda\n|j|\u2606Bricclow\n|t:|1682544588\n|gametype|doubles\n|player|p1|Aperol Spinda|clair|1156\n|player|p2|Bricclow|2|1182\n|teamsize|p1|6\n|teamsize|p2|6\n|gen|9\n|tier|[Gen 9] VGC 2023 Regulation C\n|rated|\n|rule|Species Clause: Limit one of each Pok\u00e9mon\n|rule|Item Clause: Limit one of each item\n|clearpoke\n|poke|p1|Fletchling, L50, M|\n|poke|p1|Noivern, L50, F|\n|poke|p1|Chi-Yu, L50|\n|poke|p1|Flutter Mane, L50|\n|poke|p1|Toxapex, L50, F|\n|poke|p1|Sawsbuck-Autumn, L50, M|\n|poke|p2|Espathra, L50, M|\n|poke|p2|Sandy Shocks, L50|\n|poke|p2|Roaring Moon, L50|\n|poke|p2|Chi-Yu, L50|\n|poke|p2|Flutter Mane, L50|\n|poke|p2|Kingambit, L50, F|\n|teampreview|4\n|inactive|Battle timer is ON: inactive players will automatically lose when time's up. (requested by Bricclow)\n|\n|t:|1682544616\n|start\n|switch|p1a: Fletchling|Fletchling, L50, M, shiny|100\/100\n|switch|p1b: Noivern|Noivern, L50, F|100\/100\n|switch|p2a: Flutter Mane|Flutter Mane, L50|100\/100\n|switch|p2b: Chi-Yu|Chi-Yu, L50|100\/100\n|-ability|p2b: Chi-Yu|Beads of Ruin\n|turn|1\n|inactive|Aperol Spinda has 30 seconds left.\n|\n|t:|1682544647\n|move|p1a: Fletchling|Tailwind|p1a: Fletchling\n|-sidestart|p1: Aperol Spinda|move: Tailwind\n|move|p1b: Noivern|Hurricane|p2a: Flutter Mane|[miss]\n|-miss|p1b: Noivern|p2a: Flutter Mane\n|move|p2a: Flutter Mane|Dazzling Gleam|p1b: Noivern|[spread] p1a,p1b\n|-supereffective|p1b: Noivern\n|-enditem|p1a: Fletchling|Focus Sash\n|-damage|p1a: Fletchling|1\/100\n|-damage|p1b: Noivern|0 fnt\n|faint|p1b: Noivern\n|move|p2b: Chi-Yu|Heat Wave|p1a: Fletchling|[miss]\n|-miss|p2b: Chi-Yu|p1a: Fletchling\n|\n|upkeep\n|\n|t:|1682544660\n|switch|p1b: Chi-Yu|Chi-Yu, L50|100\/100\n|-ability|p1b: Chi-Yu|Beads of Ruin\n|turn|2\n|\n|t:|1682544670\n|-terastallize|p2b: Chi-Yu|Fire\n|move|p1b: Chi-Yu|Heat Wave|p2b: Chi-Yu|[spread] p2a,p2b\n|-resisted|p2b: Chi-Yu\n|-damage|p2a: Flutter Mane|47\/100\n|-damage|p2b: Chi-Yu|77\/100\n|move|p1a: Fletchling|Brave Bird|p2a: Flutter Mane\n|-damage|p2a: Flutter Mane|0 fnt\n|faint|p2a: Flutter Mane\n|-end|p2a: Flutter Mane|Protosynthesis|[silent]\n|-damage|p1a: Fletchling|0 fnt|[from] Recoil\n|faint|p1a: Fletchling\n|move|p2b: Chi-Yu|Heat Wave|p1b: Chi-Yu\n|-resisted|p1b: Chi-Yu\n|-damage|p1b: Chi-Yu|52\/100\n|-damage|p2b: Chi-Yu|67\/100|[from] item: Life Orb\n|\n|upkeep\n|\n|t:|1682544685\n|switch|p2a: Espathra|Espathra, L50, M, shiny|100\/100\n|switch|p1a: Toxapex|Toxapex, L50, F|100\/100\n|turn|3\n|\n|t:|1682544696\n|move|p1b: Chi-Yu|Protect|p1b: Chi-Yu\n|-singleturn|p1b: Chi-Yu|Protect\n|move|p2a: Espathra|Protect|p2a: Espathra\n|-singleturn|p2a: Espathra|Protect\n|move|p2b: Chi-Yu|Heat Wave|p1b: Chi-Yu|[spread] p1a\n|-activate|p1b: Chi-Yu|move: Protect\n|-resisted|p1a: Toxapex\n|-damage|p1a: Toxapex|67\/100\n|-damage|p2b: Chi-Yu|57\/100|[from] item: Life Orb\n|move|p1a: Toxapex|Liquidation|p2b: Chi-Yu\n|-supereffective|p2b: Chi-Yu\n|-damage|p2b: Chi-Yu|0 fnt\n|faint|p2b: Chi-Yu\n|\n|-ability|p2a: Espathra|Speed Boost|boost\n|-boost|p2a: Espathra|spe|1\n|upkeep\n|\n|t:|1682544709\n|switch|p2b: Sandy Shocks|Sandy Shocks, L50, shiny|100\/100\n|-enditem|p2b: Sandy Shocks|Booster Energy\n|-activate|p2b: Sandy Shocks|ability: Protosynthesis|[fromitem]\n|-start|p2b: Sandy Shocks|protosynthesisspe\n|turn|4\n|\n|t:|1682544725\n|-terastallize|p1a: Toxapex|Grass\n|move|p2b: Sandy Shocks|Protect|p2b: Sandy Shocks\n|-singleturn|p2b: Sandy Shocks|Protect\n|move|p1b: Chi-Yu|Dark Pulse|p2a: Espathra\n|-supereffective|p2a: Espathra\n|-damage|p2a: Espathra|0 fnt\n|faint|p2a: Espathra\n|move|p1a: Toxapex|Infestation|p2b: Sandy Shocks\n|-activate|p2b: Sandy Shocks|move: Protect\n|\n|-sideend|p1: Aperol Spinda|move: Tailwind\n|upkeep\n|turn|5\n|\n|t:|1682544741\n|move|p2b: Sandy Shocks|Earth Power|p1b: Chi-Yu\n|-supereffective|p1b: Chi-Yu\n|-damage|p1b: Chi-Yu|0 fnt\n|faint|p1b: Chi-Yu\n|move|p1a: Toxapex|Infestation|p2b: Sandy Shocks\n|-damage|p2b: Sandy Shocks|97\/100\n|-activate|p2b: Sandy Shocks|move: Infestation|[of] p1a: Toxapex\n|\n|-damage|p2b: Sandy Shocks|85\/100|[from] move: Infestation|[partiallytrapped]\n|upkeep\n|turn|6\n|\n|t:|1682544748\n|move|p1a: Toxapex|Baneful Bunker|p1a: Toxapex\n|-singleturn|p1a: Toxapex|move: Protect\n|move|p2b: Sandy Shocks|Earth Power|p1a: Toxapex\n|-activate|p1a: Toxapex|move: Protect\n|\n|-damage|p2b: Sandy Shocks|72\/100|[from] move: Infestation|[partiallytrapped]\n|upkeep\n|turn|7\n|\n|t:|1682544755\n|move|p2b: Sandy Shocks|Earth Power|p1a: Toxapex\n|-resisted|p1a: Toxapex\n|-damage|p1a: Toxapex|53\/100\n|move|p1a: Toxapex|Liquidation|p2b: Sandy Shocks\n|-supereffective|p2b: Sandy Shocks\n|-damage|p2b: Sandy Shocks|23\/100\n|\n|-damage|p2b: Sandy Shocks|11\/100|[from] move: Infestation|[partiallytrapped]\n|upkeep\n|turn|8\n|-message|Bricclow forfeited.\n|\n|win|Aperol Spinda\n|raw|Aperol Spinda's rating: 1156 → 1183<\/strong> (+27 for winning)\n|raw|Bricclow's rating: 1182 → 1155<\/strong> (-27 for losing)\n|l|\u2606Bricclow\n","uploadtime":1682544768,"views":11,"p1id":"aperolspinda","p2id":"bricclow","formatid":"gen9vgc2023regulationc","rating":1155,"private":0,"password":""}