{"id":"gen9vgc2023regulationc-1845845906","p1":"dfsadrgdfg","p2":"metalskarmory","format":"[Gen 9] VGC 2023 Regulation C","log":"|j|\u2606dfsadrgdfg\n|j|\u2606metalskarmory\n|t:|1681770729\n|gametype|doubles\n|player|p1|dfsadrgdfg|101|1076\n|player|p2|metalskarmory|169|1127\n|teamsize|p1|6\n|teamsize|p2|6\n|gen|9\n|tier|[Gen 9] VGC 2023 Regulation C\n|rated|\n|rule|Species Clause: Limit one of each Pok\u00e9mon\n|rule|Item Clause: Limit one of each item\n|clearpoke\n|poke|p1|Torkoal, L50, M|\n|poke|p1|Chi-Yu, L50|\n|poke|p1|Bronzong, L50|\n|poke|p1|Gastrodon, L50, F|\n|poke|p1|Grimmsnarl, L50, M|\n|poke|p1|Skeledirge, L50, F|\n|poke|p2|Ceruledge, L50, M|\n|poke|p2|Maushold, L50|\n|poke|p2|Annihilape, L50, F|\n|poke|p2|Iron Jugulis, L50|\n|poke|p2|Mudsdale, L50, M|\n|poke|p2|Wo-Chien, L50|\n|teampreview|4\n|\n|t:|1681770746\n|start\n|switch|p1a: Grimmsnarl|Grimmsnarl, L50, M|100\/100\n|switch|p1b: Chi-Yu|Chi-Yu, L50|100\/100\n|switch|p2a: Iron Jugulis|Iron Jugulis, L50|100\/100\n|switch|p2b: Mudsdale|Mudsdale, L50, M|100\/100\n|-ability|p1b: Chi-Yu|Beads of Ruin\n|-enditem|p2a: Iron Jugulis|Booster Energy\n|-activate|p2a: Iron Jugulis|ability: Quark Drive|[fromitem]\n|-start|p2a: Iron Jugulis|quarkdrivespe\n|turn|1\n|inactive|Battle timer is ON: inactive players will automatically lose when time's up. (requested by dfsadrgdfg)\n|inactive|dfsadrgdfg has 60 seconds left.\n|\n|t:|1681770778\n|move|p1b: Chi-Yu|Protect|p1b: Chi-Yu\n|-singleturn|p1b: Chi-Yu|Protect\n|move|p2a: Iron Jugulis|Taunt|p1a: Grimmsnarl\n|-start|p1a: Grimmsnarl|move: Taunt\n|move|p2b: Mudsdale|Earthquake|p1b: Chi-Yu|[spread] p1a\n|-activate|p1b: Chi-Yu|move: Protect\n|-immune|p2a: Iron Jugulis\n|-damage|p1a: Grimmsnarl|63\/100\n|move|p1a: Grimmsnarl|Spirit Break|p2a: Iron Jugulis\n|-supereffective|p2a: Iron Jugulis\n|-damage|p2a: Iron Jugulis|12\/100\n|-unboost|p2a: Iron Jugulis|spa|1\n|\n|upkeep\n|turn|2\n|\n|t:|1681770793\n|switch|p1b: Bronzong|Bronzong, L50|100\/100\n|move|p1a: Grimmsnarl|Sucker Punch||[still]\n|-fail|p1a: Grimmsnarl\n|move|p2a: Iron Jugulis|Tailwind|p2a: Iron Jugulis\n|-sidestart|p2: metalskarmory|move: Tailwind\n|move|p2b: Mudsdale|Earthquake|p1b: Bronzong|[spread] p1a\n|-immune|p2a: Iron Jugulis\n|-immune|p1b: Bronzong|[from] ability: Levitate\n|-damage|p1a: Grimmsnarl|29\/100\n|\n|upkeep\n|turn|3\n|\n|t:|1681770813\n|-end|p2a: Iron Jugulis|Quark Drive|[silent]\n|switch|p2a: Ceruledge|Ceruledge, L50, M|100\/100\n|move|p1a: Grimmsnarl|Sucker Punch||[still]\n|-fail|p1a: Grimmsnarl\n|move|p2b: Mudsdale|Earthquake|p1b: Bronzong|[spread] p2a,p1a\n|-immune|p1b: Bronzong|[from] ability: Levitate\n|-supereffective|p2a: Ceruledge\n|-damage|p2a: Ceruledge|31\/100\n|-damage|p1a: Grimmsnarl|0 fnt\n|faint|p1a: Grimmsnarl\n|move|p1b: Bronzong|Body Press|p2a: Ceruledge\n|-immune|p2a: Ceruledge\n|\n|upkeep\n|inactive|dfsadrgdfg has 30 seconds left.\n|\n|t:|1681770845\n|switch|p1a: Skeledirge|Skeledirge, L50, F|100\/100\n|turn|4\n|\n|t:|1681770857\n|-terastallize|p1b: Bronzong|Fighting\n|move|p1a: Skeledirge|Protect|p1a: Skeledirge\n|-singleturn|p1a: Skeledirge|Protect\n|move|p2a: Ceruledge|Bitter Blade|p1b: Bronzong\n|-damage|p1b: Bronzong|69\/100\n|-heal|p2a: Ceruledge|46\/100|[from] drain|[of] p1b: Bronzong\n|move|p2b: Mudsdale|Rock Slide|p1a: Skeledirge|[spread] \n|-activate|p1a: Skeledirge|move: Protect\n|-miss|p2b: Mudsdale|p1b: Bronzong\n|move|p1b: Bronzong|Trick Room|p1b: Bronzong\n|-fieldstart|move: Trick Room|[of] p1b: Bronzong\n|\n|upkeep\n|turn|5\n|\n|t:|1681770891\n|-terastallize|p2a: Ceruledge|Grass\n|move|p2a: Ceruledge|Shadow Sneak|p1a: Skeledirge\n|-supereffective|p1a: Skeledirge\n|-damage|p1a: Skeledirge|62\/100\n|move|p1b: Bronzong|Stomping Tantrum|p2a: Ceruledge\n|-resisted|p2a: Ceruledge\n|-damage|p2a: Ceruledge|37\/100\n|move|p1a: Skeledirge|Encore|p2b: Mudsdale\n|-start|p2b: Mudsdale|Encore\n|move|p2b: Mudsdale|Rock Slide|p1b: Bronzong|[spread] p1a,p1b\n|-supereffective|p1a: Skeledirge\n|-resisted|p1b: Bronzong\n|-damage|p1a: Skeledirge|37\/100\n|-damage|p1b: Bronzong|64\/100\n|\n|-heal|p1a: Skeledirge|43\/100|[from] item: Leftovers\n|-sideend|p2: metalskarmory|move: Tailwind\n|upkeep\n|turn|6\n|inactive|metalskarmory has 30 seconds left.\n|\n|t:|1681770921\n|switch|p2a: Maushold|Maushold, L50|100\/100\n|move|p1a: Skeledirge|Protect|p1a: Skeledirge\n|-singleturn|p1a: Skeledirge|Protect\n|move|p1b: Bronzong|Body Press|p2a: Maushold\n|-supereffective|p2a: Maushold\n|-damage|p2a: Maushold|0 fnt\n|faint|p2a: Maushold\n|move|p2b: Mudsdale|Rock Slide|p1a: Skeledirge|[spread] p1b\n|-activate|p1a: Skeledirge|move: Protect\n|-resisted|p1b: Bronzong\n|-damage|p1b: Bronzong|58\/100\n|\n|-heal|p1a: Skeledirge|48\/100|[from] item: Leftovers\n|upkeep\n|\n|t:|1681770936\n|switch|p2a: Ceruledge|Ceruledge, L50, M, tera:Grass|37\/100\n|turn|7\n|\n|t:|1681770946\n|switch|p1a: Chi-Yu|Chi-Yu, L50|100\/100\n|-ability|p1a: Chi-Yu|Beads of Ruin\n|move|p2a: Ceruledge|Shadow Sneak|p1a: Chi-Yu\n|-resisted|p1a: Chi-Yu\n|-damage|p1a: Chi-Yu|85\/100\n|move|p1b: Bronzong|Body Press|p2a: Ceruledge\n|-damage|p2a: Ceruledge|0 fnt\n|faint|p2a: Ceruledge\n|move|p2b: Mudsdale|Rock Slide|p1a: Chi-Yu|[spread] p1a\n|-miss|p2b: Mudsdale|p1b: Bronzong\n|-supereffective|p1a: Chi-Yu\n|-damage|p1a: Chi-Yu|41\/100\n|\n|-end|p2b: Mudsdale|Encore\n|upkeep\n|\n|t:|1681770961\n|switch|p2a: Iron Jugulis|Iron Jugulis, L50|12\/100\n|turn|8\n|\n|t:|1681770971\n|move|p1a: Chi-Yu|Protect|p1a: Chi-Yu\n|-singleturn|p1a: Chi-Yu|Protect\n|move|p1b: Bronzong|Body Press|p2a: Iron Jugulis\n|-damage|p2a: Iron Jugulis|0 fnt\n|faint|p2a: Iron Jugulis\n|-end|p2a: Iron Jugulis|Quark Drive|[silent]\n|move|p2b: Mudsdale|Earthquake|p1a: Chi-Yu|[spread] \n|-activate|p1a: Chi-Yu|move: Protect\n|-immune|p1b: Bronzong|[from] ability: Levitate\n|\n|-fieldend|move: Trick Room\n|upkeep\n|turn|9\n|\n|t:|1681770989\n|move|p1a: Chi-Yu|Substitute|p1a: Chi-Yu\n|-start|p1a: Chi-Yu|Substitute\n|-damage|p1a: Chi-Yu|16\/100\n|-enditem|p1a: Chi-Yu|Wiki Berry|[eat]\n|-heal|p1a: Chi-Yu|50\/100|[from] item: Wiki Berry\n|move|p2b: Mudsdale|Body Press|p1a: Chi-Yu\n|-supereffective|p1a: Chi-Yu\n|-crit|p1a: Chi-Yu\n|-end|p1a: Chi-Yu|Substitute\n|move|p1b: Bronzong|Body Press|p2b: Mudsdale\n|-damage|p2b: Mudsdale|63\/100\n|-ability|p2b: Mudsdale|Stamina|boost\n|-boost|p2b: Mudsdale|def|1\n|\n|upkeep\n|turn|10\n|\n|t:|1681771004\n|move|p1a: Chi-Yu|Protect|p1a: Chi-Yu\n|-singleturn|p1a: Chi-Yu|Protect\n|move|p2b: Mudsdale|Body Press|p1a: Chi-Yu\n|-activate|p1a: Chi-Yu|move: Protect\n|move|p1b: Bronzong|Body Press|p2b: Mudsdale\n|-damage|p2b: Mudsdale|40\/100\n|-ability|p2b: Mudsdale|Stamina|boost\n|-boost|p2b: Mudsdale|def|1\n|\n|upkeep\n|turn|11\n|\n|t:|1681771016\n|move|p1a: Chi-Yu|Substitute|p1a: Chi-Yu\n|-start|p1a: Chi-Yu|Substitute\n|-damage|p1a: Chi-Yu|25\/100\n|move|p2b: Mudsdale|Body Press|p1a: Chi-Yu\n|-supereffective|p1a: Chi-Yu\n|-end|p1a: Chi-Yu|Substitute\n|move|p1b: Bronzong|Body Press|p2b: Mudsdale\n|-damage|p2b: Mudsdale|21\/100\n|-ability|p2b: Mudsdale|Stamina|boost\n|-boost|p2b: Mudsdale|def|1\n|\n|upkeep\n|turn|12\n|\n|t:|1681771025\n|move|p1a: Chi-Yu|Protect|p1a: Chi-Yu\n|-singleturn|p1a: Chi-Yu|Protect\n|move|p2b: Mudsdale|Rest|p2b: Mudsdale\n|-status|p2b: Mudsdale|slp|[from] move: Rest\n|-heal|p2b: Mudsdale|100\/100 slp|[silent]\n|-enditem|p2b: Mudsdale|Chesto Berry|[eat]\n|-curestatus|p2b: Mudsdale|slp|[msg]\n|move|p1b: Bronzong|Body Press|p2b: Mudsdale\n|-damage|p2b: Mudsdale|85\/100\n|-ability|p2b: Mudsdale|Stamina|boost\n|-boost|p2b: Mudsdale|def|1\n|\n|upkeep\n|turn|13\n|\n|t:|1681771044\n|move|p1a: Chi-Yu|Snarl|p2b: Mudsdale\n|-damage|p2b: Mudsdale|61\/100\n|-unboost|p2b: Mudsdale|spa|1\n|-ability|p2b: Mudsdale|Stamina|boost\n|-boost|p2b: Mudsdale|def|1\n|move|p2b: Mudsdale|Body Press|p1a: Chi-Yu\n|-supereffective|p1a: Chi-Yu\n|-damage|p1a: Chi-Yu|0 fnt\n|faint|p1a: Chi-Yu\n|move|p1b: Bronzong|Body Press|p2b: Mudsdale\n|-damage|p2b: Mudsdale|51\/100\n|-ability|p2b: Mudsdale|Stamina|boost\n|-boost|p2b: Mudsdale|def|1\n|\n|upkeep\n|\n|t:|1681771047\n|switch|p1a: Skeledirge|Skeledirge, L50, F|48\/100\n|turn|14\n|\n|t:|1681771068\n|move|p1a: Skeledirge|Encore|p2b: Mudsdale\n|-start|p2b: Mudsdale|Encore\n|move|p2b: Mudsdale|Body Press|p1a: Skeledirge\n|-immune|p1a: Skeledirge\n|move|p1b: Bronzong|Body Press|p2b: Mudsdale\n|-damage|p2b: Mudsdale|42\/100\n|\n|-heal|p1a: Skeledirge|54\/100|[from] item: Leftovers\n|upkeep\n|turn|15\n|\n|t:|1681771077\n|move|p1a: Skeledirge|Torch Song|p2b: Mudsdale\n|-damage|p2b: Mudsdale|14\/100\n|-boost|p1a: Skeledirge|spa|1\n|move|p2b: Mudsdale|Body Press|p1b: Bronzong\n|-damage|p1b: Bronzong|9\/100\n|move|p1b: Bronzong|Body Press|p2b: Mudsdale\n|-damage|p2b: Mudsdale|4\/100\n|\n|-heal|p1a: Skeledirge|60\/100|[from] item: Leftovers\n|upkeep\n|turn|16\n|\n|t:|1681771088\n|move|p1a: Skeledirge|Torch Song|p2b: Mudsdale\n|-damage|p2b: Mudsdale|0 fnt\n|-boost|p1a: Skeledirge|spa|1\n|faint|p2b: Mudsdale\n|\n|win|dfsadrgdfg\n|raw|dfsadrgdfg's rating: 1102 → 1129<\/strong> (+27 for winning)\n|raw|metalskarmory's rating: 1127 → 1100<\/strong> (-27 for losing)\n|l|\u2606metalskarmory\n","uploadtime":1681771091,"views":4,"p1id":"dfsadrgdfg","p2id":"metalskarmory","formatid":"gen9vgc2023regulationc","rating":1100,"private":0,"password":""}