{"id":"gen9vgc2023regulationc-1850681380","p1":"kitsuneInk","p2":"sonniko","format":"[Gen 9] VGC 2023 Regulation C","log":"|j|\u2606kitsuneInk\n|j|\u2606sonniko\n|t:|1682358673\n|gametype|doubles\n|player|p1|kitsuneInk|n-masters3|\n|player|p2|sonniko|sailor|\n|teamsize|p1|6\n|teamsize|p2|6\n|gen|9\n|tier|[Gen 9] VGC 2023 Regulation C\n|rated|Tournament battle\n|rule|Species Clause: Limit one of each Pok\u00e9mon\n|rule|Item Clause: Limit one of each item\n|clearpoke\n|poke|p1|Dondozo, L50, M|\n|poke|p1|Tatsugiri, L50, F|\n|poke|p1|Annihilape, L50, M|\n|poke|p1|Flamigo, L50, M|\n|poke|p1|Armarouge, L50, M|\n|poke|p1|Indeedee-F, L50, F|\n|poke|p2|Tatsugiri, L50, M|\n|poke|p2|Chien-Pao, L50|\n|poke|p2|Dragonite, L50, M|\n|poke|p2|Maushold, L50|\n|poke|p2|Dondozo, L50, F|\n|poke|p2|Glimmora, L50, M|\n|teampreview|4\n|raw| Open Team Sheet for kitsuneInk<\/summary>Dondozo @ Leftovers Ability: Unaware Level: 50 Tera Type: Grass - Earthquake - Order Up - Rest - Sleep Talk Tatsugiri @ Toxic Orb Ability: Commander Level: 50 Tera Type: Dragon - Endure - Draco Meteor - Rapid Spin - Icy Wind Annihilape @ Choice Scarf Ability: Defiant Level: 50 Tera Type: Dragon - Final Gambit - Close Combat - Outrage - U-turn Flamigo @ Focus Sash Ability: Costar Level: 50 Tera Type: Flying - Detect - Close Combat - Brave Bird - Roost Armarouge @ Weakness Policy Ability: Weak Armor Level: 50 Tera Type: Psychic - Expanding Force - Armor Cannon - Aura Sphere - Flash Cannon Indeedee (Indeedee-F) (F) @ Psychic Seed Ability: Psychic Surge Level: 50 Tera Type: Fairy - Helping Hand - Heal Pulse - Draining Kiss - Follow Me <\/details><\/div> Open Team Sheet for sonniko<\/summary>Tatsugiri @ Choice Scarf Ability: Commander Level: 50 Tera Type: Rock - Muddy Water - Dragon Pulse - Icy Wind - Helping Hand Chien-Pao @ Focus Sash Ability: Sword of Ruin Level: 50 Tera Type: Ghost - Ice Spinner - Haze - Sacred Sword - Sucker Punch Dragonite @ Choice Band Ability: Inner Focus Level: 50 Tera Type: Normal - Extreme Speed - Fire Punch - Iron Head - Facade Maushold @ Safety Goggles Ability: Friend Guard Level: 50 Tera Type: Ghost - Super Fang - Follow Me - Feint - Protect Dondozo @ Leftovers Ability: Unaware Level: 50 Tera Type: Flying - Order Up - Substitute - Earthquake - Protect Glimmora @ Assault Vest Ability: Toxic Debris Level: 50 Tera Type: Grass - Mortal Spin - Sludge Bomb - Power Gem - Earth Power <\/details><\/div>\n|inactive|Battle timer is ON: inactive players will automatically lose when time's up. (requested by kitsuneInk)\n|inactive|sonniko has 60 seconds left.\n|\n|t:|1682358744\n|start\n|switch|p1a: Annihilape|Annihilape, L50, M|100\/100\n|switch|p1b: Tatsugiri|Tatsugiri, L50, F|100\/100\n|switch|p2a: Glimmora|Glimmora, L50, M|100\/100\n|switch|p2b: Chien-Pao|Chien-Pao, L50|100\/100\n|-ability|p2b: Chien-Pao|Sword of Ruin\n|turn|1\n|inactive|sonniko has 30 seconds left.\n|inactive|sonniko has 20 seconds left.\n|inactive|sonniko has 15 seconds left.\n|\n|t:|1682358785\n|move|p1b: Tatsugiri|Endure|p1b: Tatsugiri\n|-singleturn|p1b: Tatsugiri|move: Endure\n|move|p2b: Chien-Pao|Sucker Punch|p1a: Annihilape\n|-damage|p1a: Annihilape|57\/100\n|move|p1a: Annihilape|Final Gambit|p1b: Tatsugiri\n|-damage|p1b: Tatsugiri|14\/100\n|faint|p1a: Annihilape\n|move|p2a: Glimmora|Mortal Spin|p1b: Tatsugiri\n|-activate|p1b: Tatsugiri|move: Endure\n|-damage|p1b: Tatsugiri|1\/100\n|-status|p1b: Tatsugiri|psn\n|\n|-damage|p1b: Tatsugiri|0 fnt|[from] psn\n|faint|p1b: Tatsugiri\n|upkeep\n|\n|t:|1682358794\n|switch|p1a: Dondozo|Dondozo, L50, M|100\/100\n|switch|p1b: Flamigo|Flamigo, L50, M|100\/100\n|-copyboost|p1b: Flamigo|p1a: Dondozo|[from] ability: Costar\n|turn|2\n|c|\u2606sonniko|wtf\n|c|\u2606kitsuneInk|what?\n|inactive|sonniko has 30 seconds left.\n|\n|t:|1682358825\n|move|p2b: Chien-Pao|Ice Spinner|p1b: Flamigo\n|-supereffective|p1b: Flamigo\n|-enditem|p1b: Flamigo|Focus Sash\n|-damage|p1b: Flamigo|1\/100\n|move|p1b: Flamigo|Close Combat|p2b: Chien-Pao\n|-supereffective|p2b: Chien-Pao\n|-enditem|p2b: Chien-Pao|Focus Sash\n|-damage|p2b: Chien-Pao|1\/100\n|-unboost|p1b: Flamigo|def|1\n|-unboost|p1b: Flamigo|spd|1\n|move|p2a: Glimmora|Mortal Spin|p1b: Flamigo|[spread] p1a,p1b\n|-damage|p1a: Dondozo|97\/100\n|-damage|p1b: Flamigo|0 fnt\n|-status|p1a: Dondozo|psn\n|faint|p1b: Flamigo\n|move|p1a: Dondozo|Earthquake|p2a: Glimmora|[spread] p2a,p2b\n|-supereffective|p2a: Glimmora\n|-damage|p2a: Glimmora|0 fnt\n|-damage|p2b: Chien-Pao|0 fnt\n|-activate|p2a: Glimmora|ability: Toxic Debris\n|-sidestart|p1: kitsuneInk|move: Toxic Spikes\n|faint|p2a: Glimmora\n|faint|p2b: Chien-Pao\n|\n|-heal|p1a: Dondozo|100\/100 psn|[from] item: Leftovers\n|-damage|p1a: Dondozo|88\/100 psn|[from] psn\n|upkeep\n|\n|t:|1682358847\n|switch|p2b: Tatsugiri|Tatsugiri, L50, M|100\/100\n|switch|p2a: Dondozo|Dondozo, L50, F|100\/100\n|-activate|p2b: Tatsugiri|ability: Commander|[of] p2a: Dondozo\n|-boost|p2a: Dondozo|atk|2\n|-boost|p2a: Dondozo|spa|2\n|-boost|p2a: Dondozo|spe|2\n|-boost|p2a: Dondozo|def|2\n|-boost|p2a: Dondozo|spd|2\n|turn|3\n|\n|t:|1682358861\n|-terastallize|p1a: Dondozo|Grass\n|move|p2a: Dondozo|Order Up|p1a: Dondozo\n|-damage|p1a: Dondozo|75\/100 psn\n|-boost|p2a: Dondozo|atk|1\n|move|p1a: Dondozo|Order Up|p2a: Dondozo\n|-crit|p2a: Dondozo\n|-damage|p2a: Dondozo|76\/100\n|\n|-heal|p2a: Dondozo|82\/100|[from] item: Leftovers\n|-heal|p1a: Dondozo|81\/100 psn|[from] item: Leftovers\n|-damage|p1a: Dondozo|69\/100 psn|[from] psn\n|upkeep\n|turn|4\n|\n|t:|1682358874\n|move|p2a: Dondozo|Order Up|p1a: Dondozo\n|-crit|p1a: Dondozo\n|-damage|p1a: Dondozo|48\/100 psn\n|-boost|p2a: Dondozo|atk|1\n|move|p1a: Dondozo|Order Up|p2a: Dondozo\n|-damage|p2a: Dondozo|66\/100\n|\n|-heal|p2a: Dondozo|72\/100|[from] item: Leftovers\n|-heal|p1a: Dondozo|55\/100 psn|[from] item: Leftovers\n|-damage|p1a: Dondozo|42\/100 psn|[from] psn\n|upkeep\n|turn|5\n|\n|t:|1682358885\n|move|p2a: Dondozo|Order Up|p1a: Dondozo\n|-damage|p1a: Dondozo|27\/100 psn\n|-boost|p2a: Dondozo|atk|1\n|move|p1a: Dondozo|Rest|p1a: Dondozo\n|-status|p1a: Dondozo|slp|[from] move: Rest\n|-heal|p1a: Dondozo|100\/100 slp|[silent]\n|\n|-heal|p2a: Dondozo|78\/100|[from] item: Leftovers\n|upkeep\n|turn|6\n|\n|t:|1682358895\n|move|p2a: Dondozo|Order Up|p1a: Dondozo\n|-damage|p1a: Dondozo|86\/100 slp\n|-boost|p2a: Dondozo|atk|1\n|cant|p1a: Dondozo|slp\n|move|p1a: Dondozo|Sleep Talk|p1a: Dondozo\n|move|p1a: Dondozo|Order Up|p2a: Dondozo|[from]move: Sleep Talk\n|-damage|p2a: Dondozo|62\/100\n|\n|-heal|p2a: Dondozo|68\/100|[from] item: Leftovers\n|-heal|p1a: Dondozo|92\/100 slp|[from] item: Leftovers\n|upkeep\n|turn|7\n|\n|t:|1682358913\n|move|p2a: Dondozo|Earthquake|p1a: Dondozo|[spread] p1a\n|-miss|p2a: Dondozo|p2b: Tatsugiri\n|-resisted|p1a: Dondozo\n|-damage|p1a: Dondozo|85\/100 slp\n|cant|p1a: Dondozo|slp\n|move|p1a: Dondozo|Sleep Talk|p1a: Dondozo\n|move|p1a: Dondozo|Rest||[from]move: Sleep Talk|[still]\n|-fail|p1a: Dondozo\n|\n|-heal|p2a: Dondozo|74\/100|[from] item: Leftovers\n|-heal|p1a: Dondozo|92\/100 slp|[from] item: Leftovers\n|upkeep\n|turn|8\n|\n|t:|1682358928\n|move|p2a: Dondozo|Order Up|p1a: Dondozo\n|-damage|p1a: Dondozo|77\/100 slp\n|-boost|p2a: Dondozo|atk|0\n|-curestatus|p1a: Dondozo|slp|[msg]\n|move|p1a: Dondozo|Order Up|p2a: Dondozo\n|-damage|p2a: Dondozo|59\/100\n|\n|-heal|p2a: Dondozo|65\/100|[from] item: Leftovers\n|-heal|p1a: Dondozo|83\/100|[from] item: Leftovers\n|upkeep\n|turn|9\n|j| spectacled eider\n|\n|t:|1682358945\n|move|p2a: Dondozo|Protect|p2a: Dondozo\n|-singleturn|p2a: Dondozo|Protect\n|move|p1a: Dondozo|Order Up|p2a: Dondozo\n|-activate|p2a: Dondozo|move: Protect\n|\n|-heal|p2a: Dondozo|71\/100|[from] item: Leftovers\n|-heal|p1a: Dondozo|89\/100|[from] item: Leftovers\n|upkeep\n|turn|10\n|l| spectacled eider\n|\n|t:|1682358955\n|move|p2a: Dondozo|Order Up|p1a: Dondozo\n|-damage|p1a: Dondozo|75\/100\n|-boost|p2a: Dondozo|atk|0\n|move|p1a: Dondozo|Order Up|p2a: Dondozo\n|-damage|p2a: Dondozo|54\/100\n|\n|-heal|p2a: Dondozo|60\/100|[from] item: Leftovers\n|-heal|p1a: Dondozo|81\/100|[from] item: Leftovers\n|upkeep\n|turn|11\n|\n|t:|1682358970\n|move|p2a: Dondozo|Order Up|p1a: Dondozo\n|-damage|p1a: Dondozo|67\/100\n|-boost|p2a: Dondozo|atk|0\n|move|p1a: Dondozo|Order Up|p2a: Dondozo\n|-damage|p2a: Dondozo|46\/100\n|\n|-heal|p2a: Dondozo|52\/100|[from] item: Leftovers\n|-heal|p1a: Dondozo|74\/100|[from] item: Leftovers\n|upkeep\n|turn|12\n|\n|t:|1682358984\n|move|p2a: Dondozo|Protect|p2a: Dondozo\n|-singleturn|p2a: Dondozo|Protect\n|move|p1a: Dondozo|Earthquake|p2b: Tatsugiri|[spread] \n|-miss|p1a: Dondozo|p2b: Tatsugiri\n|-activate|p2a: Dondozo|move: Protect\n|\n|-heal|p2a: Dondozo|58\/100|[from] item: Leftovers\n|-heal|p1a: Dondozo|80\/100|[from] item: Leftovers\n|upkeep\n|turn|13\n|\n|t:|1682359006\n|-terastallize|p2a: Dondozo|Flying\n|move|p2a: Dondozo|Order Up|p1a: Dondozo\n|-damage|p1a: Dondozo|66\/100\n|-boost|p2a: Dondozo|atk|0\n|move|p1a: Dondozo|Earthquake|p2a: Dondozo|[spread] \n|-miss|p1a: Dondozo|p2b: Tatsugiri\n|-immune|p2a: Dondozo\n|\n|-heal|p2a: Dondozo|64\/100|[from] item: Leftovers\n|-heal|p1a: Dondozo|72\/100|[from] item: Leftovers\n|upkeep\n|turn|14\n|\n|t:|1682359024\n|move|p2a: Dondozo|Order Up|p1a: Dondozo\n|-damage|p1a: Dondozo|59\/100\n|-boost|p2a: Dondozo|atk|0\n|move|p1a: Dondozo|Order Up|p2a: Dondozo\n|-damage|p2a: Dondozo|47\/100\n|\n|-heal|p2a: Dondozo|53\/100|[from] item: Leftovers\n|-heal|p1a: Dondozo|65\/100|[from] item: Leftovers\n|upkeep\n|turn|15\n|\n|t:|1682359040\n|move|p2a: Dondozo|Order Up|p1a: Dondozo\n|-damage|p1a: Dondozo|52\/100\n|-boost|p2a: Dondozo|atk|0\n|move|p1a: Dondozo|Order Up|p2a: Dondozo\n|-damage|p2a: Dondozo|38\/100\n|\n|-heal|p2a: Dondozo|44\/100|[from] item: Leftovers\n|-heal|p1a: Dondozo|58\/100|[from] item: Leftovers\n|upkeep\n|turn|16\n|c|\u2606sonniko|how am i losing\n|c|\u2606sonniko|im at +4 attack\n|\n|t:|1682359059\n|move|p2a: Dondozo|Order Up|p1a: Dondozo\n|-damage|p1a: Dondozo|45\/100\n|-boost|p2a: Dondozo|atk|0\n|move|p1a: Dondozo|Order Up|p2a: Dondozo\n|-damage|p2a: Dondozo|28\/100\n|\n|-heal|p2a: Dondozo|34\/100|[from] item: Leftovers\n|-heal|p1a: Dondozo|51\/100|[from] item: Leftovers\n|upkeep\n|turn|17\n|c|\u2606sonniko|unware\n|c|\u2606sonniko|ah\n|c|\u2606kitsuneInk|yep\n|\n|t:|1682359072\n|move|p2a: Dondozo|Protect|p2a: Dondozo\n|-singleturn|p2a: Dondozo|Protect\n|move|p1a: Dondozo|Order Up|p2a: Dondozo\n|-activate|p2a: Dondozo|move: Protect\n|\n|-heal|p2a: Dondozo|40\/100|[from] item: Leftovers\n|-heal|p1a: Dondozo|57\/100|[from] item: Leftovers\n|upkeep\n|turn|18\n|c|\u2606kitsuneInk|rest and sleep talk help too\n|\n|t:|1682359082\n|move|p2a: Dondozo|Order Up|p1a: Dondozo\n|-damage|p1a: Dondozo|43\/100\n|-boost|p2a: Dondozo|atk|0\n|move|p1a: Dondozo|Rest|p1a: Dondozo\n|-status|p1a: Dondozo|slp|[from] move: Rest\n|-heal|p1a: Dondozo|100\/100 slp|[silent]\n|\n|-heal|p2a: Dondozo|46\/100|[from] item: Leftovers\n|upkeep\n|turn|19\n|\n|t:|1682359093\n|move|p2a: Dondozo|Order Up|p1a: Dondozo\n|-damage|p1a: Dondozo|86\/100 slp\n|-boost|p2a: Dondozo|atk|0\n|cant|p1a: Dondozo|slp\n|move|p1a: Dondozo|Sleep Talk|p1a: Dondozo\n|move|p1a: Dondozo|Rest||[from]move: Sleep Talk|[still]\n|-fail|p1a: Dondozo\n|\n|-heal|p2a: Dondozo|52\/100|[from] item: Leftovers\n|-heal|p1a: Dondozo|93\/100 slp|[from] item: Leftovers\n|upkeep\n|turn|20\n|\n|t:|1682359104\n|move|p2a: Dondozo|Order Up|p1a: Dondozo\n|-damage|p1a: Dondozo|78\/100 slp\n|-boost|p2a: Dondozo|atk|0\n|cant|p1a: Dondozo|slp\n|move|p1a: Dondozo|Sleep Talk|p1a: Dondozo\n|move|p1a: Dondozo|Order Up|p2b: Tatsugiri|[from]move: Sleep Talk|[miss]\n|-miss|p1a: Dondozo|p2b: Tatsugiri\n|\n|-heal|p2a: Dondozo|58\/100|[from] item: Leftovers\n|-heal|p1a: Dondozo|85\/100 slp|[from] item: Leftovers\n|upkeep\n|turn|21\n|\n|t:|1682359116\n|move|p2a: Dondozo|Order Up|p1a: Dondozo\n|-damage|p1a: Dondozo|72\/100 slp\n|-boost|p2a: Dondozo|atk|0\n|-curestatus|p1a: Dondozo|slp|[msg]\n|move|p1a: Dondozo|Order Up|p2a: Dondozo\n|-damage|p2a: Dondozo|42\/100\n|\n|-heal|p2a: Dondozo|48\/100|[from] item: Leftovers\n|-heal|p1a: Dondozo|78\/100|[from] item: Leftovers\n|upkeep\n|turn|22\n|\n|t:|1682359127\n|move|p2a: Dondozo|Protect|p2a: Dondozo\n|-singleturn|p2a: Dondozo|Protect\n|move|p1a: Dondozo|Order Up|p2a: Dondozo\n|-activate|p2a: Dondozo|move: Protect\n|\n|-heal|p2a: Dondozo|54\/100|[from] item: Leftovers\n|-heal|p1a: Dondozo|84\/100|[from] item: Leftovers\n|upkeep\n|turn|23\n|\n|t:|1682359136\n|move|p2a: Dondozo|Substitute|p2a: Dondozo\n|-start|p2a: Dondozo|Substitute\n|-damage|p2a: Dondozo|29\/100\n|move|p1a: Dondozo|Order Up|p2a: Dondozo\n|-activate|p2a: Dondozo|move: Substitute|[damage]\n|\n|-heal|p2a: Dondozo|35\/100|[from] item: Leftovers\n|-heal|p1a: Dondozo|90\/100|[from] item: Leftovers\n|upkeep\n|turn|24\n|\n|t:|1682359147\n|move|p2a: Dondozo|Protect|p2a: Dondozo\n|-singleturn|p2a: Dondozo|Protect\n|move|p1a: Dondozo|Order Up|p2a: Dondozo\n|-activate|p2a: Dondozo|move: Protect\n|\n|-heal|p2a: Dondozo|41\/100|[from] item: Leftovers\n|-heal|p1a: Dondozo|97\/100|[from] item: Leftovers\n|upkeep\n|turn|25\n|\n|t:|1682359156\n|move|p2a: Dondozo|Order Up|p1a: Dondozo\n|-damage|p1a: Dondozo|83\/100\n|-boost|p2a: Dondozo|atk|0\n|move|p1a: Dondozo|Order Up|p2a: Dondozo\n|-end|p2a: Dondozo|Substitute\n|\n|-heal|p2a: Dondozo|47\/100|[from] item: Leftovers\n|-heal|p1a: Dondozo|89\/100|[from] item: Leftovers\n|upkeep\n|turn|26\n|c|\u2606sonniko|well this i going to take a while\n|inactive|kitsuneInk has 30 seconds left.\n|\n|t:|1682359181\n|move|p2a: Dondozo|Protect|p2a: Dondozo\n|-singleturn|p2a: Dondozo|Protect\n|move|p1a: Dondozo|Rest|p1a: Dondozo\n|-status|p1a: Dondozo|slp|[from] move: Rest\n|-heal|p1a: Dondozo|100\/100 slp|[silent]\n|\n|-heal|p2a: Dondozo|53\/100|[from] item: Leftovers\n|upkeep\n|turn|27\n|\n|t:|1682359193\n|move|p2a: Dondozo|Earthquake|p1a: Dondozo|[spread] p1a\n|-miss|p2a: Dondozo|p2b: Tatsugiri\n|-resisted|p1a: Dondozo\n|-damage|p1a: Dondozo|93\/100 slp\n|cant|p1a: Dondozo|slp\n|move|p1a: Dondozo|Sleep Talk|p1a: Dondozo\n|move|p1a: Dondozo|Earthquake|p2a: Dondozo|[from]move: Sleep Talk|[spread] \n|-miss|p1a: Dondozo|p2b: Tatsugiri\n|-immune|p2a: Dondozo\n|\n|-heal|p2a: Dondozo|59\/100|[from] item: Leftovers\n|-heal|p1a: Dondozo|99\/100 slp|[from] item: Leftovers\n|upkeep\n|turn|28\n|\n|t:|1682359205\n|move|p2a: Dondozo|Protect|p2a: Dondozo\n|-singleturn|p2a: Dondozo|Protect\n|cant|p1a: Dondozo|slp\n|move|p1a: Dondozo|Sleep Talk|p1a: Dondozo\n|move|p1a: Dondozo|Rest||[from]move: Sleep Talk|[still]\n|-fail|p1a: Dondozo\n|\n|-heal|p2a: Dondozo|65\/100|[from] item: Leftovers\n|-heal|p1a: Dondozo|100\/100 slp|[from] item: Leftovers\n|upkeep\n|turn|29\n|\n|t:|1682359226\n|move|p2a: Dondozo|Earthquake|p1a: Dondozo|[spread] p1a\n|-miss|p2a: Dondozo|p2b: Tatsugiri\n|-resisted|p1a: Dondozo\n|-damage|p1a: Dondozo|94\/100 slp\n|-curestatus|p1a: Dondozo|slp|[msg]\n|move|p1a: Dondozo|Earthquake|p2b: Tatsugiri|[spread] \n|-miss|p1a: Dondozo|p2b: Tatsugiri\n|-immune|p2a: Dondozo\n|\n|-heal|p2a: Dondozo|71\/100|[from] item: Leftovers\n|-heal|p1a: Dondozo|99\/100|[from] item: Leftovers\n|upkeep\n|turn|30\n|\n|t:|1682359237\n|move|p2a: Dondozo|Protect|p2a: Dondozo\n|-singleturn|p2a: Dondozo|Protect\n|move|p1a: Dondozo|Order Up|p2a: Dondozo\n|-activate|p2a: Dondozo|move: Protect\n|\n|-heal|p2a: Dondozo|77\/100|[from] item: Leftovers\n|-heal|p1a: Dondozo|100\/100|[from] item: Leftovers\n|upkeep\n|turn|31\n|\n|t:|1682359248\n|move|p2a: Dondozo|Protect|p2a: Dondozo\n|-singleturn|p2a: Dondozo|Protect\n|move|p1a: Dondozo|Earthquake|p2a: Dondozo|[spread] \n|-miss|p1a: Dondozo|p2b: Tatsugiri\n|-activate|p2a: Dondozo|move: Protect\n|\n|-heal|p2a: Dondozo|83\/100|[from] item: Leftovers\n|upkeep\n|turn|32\n|\n|t:|1682359257\n|move|p2a: Dondozo|Earthquake|p1a: Dondozo|[spread] p1a\n|-miss|p2a: Dondozo|p2b: Tatsugiri\n|-resisted|p1a: Dondozo\n|-damage|p1a: Dondozo|93\/100\n|move|p1a: Dondozo|Earthquake|p2a: Dondozo|[spread] \n|-miss|p1a: Dondozo|p2b: Tatsugiri\n|-immune|p2a: Dondozo\n|\n|-heal|p2a: Dondozo|89\/100|[from] item: Leftovers\n|-heal|p1a: Dondozo|99\/100|[from] item: Leftovers\n|upkeep\n|turn|33\n|\n|t:|1682359268\n|move|p2a: Dondozo|Earthquake|p1a: Dondozo|[spread] p1a\n|-miss|p2a: Dondozo|p2b: Tatsugiri\n|-resisted|p1a: Dondozo\n|-damage|p1a: Dondozo|93\/100\n|move|p1a: Dondozo|Earthquake|p2a: Dondozo|[spread] \n|-miss|p1a: Dondozo|p2b: Tatsugiri\n|-immune|p2a: Dondozo\n|\n|-heal|p2a: Dondozo|95\/100|[from] item: Leftovers\n|-heal|p1a: Dondozo|99\/100|[from] item: Leftovers\n|upkeep\n|turn|34\n|j| spectacled eider\n|\n|t:|1682359278\n|move|p2a: Dondozo|Earthquake|p1a: Dondozo|[spread] p1a\n|-miss|p2a: Dondozo|p2b: Tatsugiri\n|-resisted|p1a: Dondozo\n|-damage|p1a: Dondozo|93\/100\n|move|p1a: Dondozo|Earthquake|p2b: Tatsugiri|[spread] \n|-miss|p1a: Dondozo|p2b: Tatsugiri\n|-immune|p2a: Dondozo\n|\n|-heal|p2a: Dondozo|100\/100|[from] item: Leftovers\n|-heal|p1a: Dondozo|99\/100|[from] item: Leftovers\n|upkeep\n|turn|35\n|inactive|sonniko has 30 seconds left.\n|\n|t:|1682359293\n|move|p2a: Dondozo|Protect|p2a: Dondozo\n|-singleturn|p2a: Dondozo|Protect\n|move|p1a: Dondozo|Earthquake|p2b: Tatsugiri|[spread] \n|-miss|p1a: Dondozo|p2b: Tatsugiri\n|-activate|p2a: Dondozo|move: Protect\n|\n|-heal|p1a: Dondozo|100\/100|[from] item: Leftovers\n|upkeep\n|turn|36\n|inactive|sonniko has 25 seconds left this turn.\n|inactive|sonniko has 20 seconds left.\n|\n|t:|1682359302\n|move|p2a: Dondozo|Protect|p2a: Dondozo\n|-singleturn|p2a: Dondozo|Protect\n|move|p1a: Dondozo|Earthquake|p2b: Tatsugiri|[spread] \n|-miss|p1a: Dondozo|p2b: Tatsugiri\n|-activate|p2a: Dondozo|move: Protect\n|\n|upkeep\n|turn|37\n|inactive|sonniko has 20 seconds left this turn.\n|inactive|sonniko has 15 seconds left.\n|\n|t:|1682359310\n|move|p2a: Dondozo|Protect||[still]\n|-fail|p2a: Dondozo\n|move|p1a: Dondozo|Earthquake|p2b: Tatsugiri|[spread] \n|-miss|p1a: Dondozo|p2b: Tatsugiri\n|-immune|p2a: Dondozo\n|\n|upkeep\n|turn|38\n|inactive|sonniko has 15 seconds left this turn.\n|inactive|sonniko has 10 seconds left.\n|\n|t:|1682359318\n|move|p2a: Dondozo|Protect|p2a: Dondozo\n|-singleturn|p2a: Dondozo|Protect\n|move|p1a: Dondozo|Earthquake|p2a: Dondozo|[spread] \n|-miss|p1a: Dondozo|p2b: Tatsugiri\n|-activate|p2a: Dondozo|move: Protect\n|\n|upkeep\n|turn|39\n|inactive|sonniko has 10 seconds left this turn.\n|inactive|sonniko has 5 seconds left.\n|\n|t:|1682359324\n|move|p2a: Dondozo|Protect||[still]\n|-fail|p2a: Dondozo\n|move|p1a: Dondozo|Earthquake|p2b: Tatsugiri|[spread] \n|-miss|p1a: Dondozo|p2b: Tatsugiri\n|-immune|p2a: Dondozo\n|\n|upkeep\n|turn|40\n|inactive|sonniko has 5 seconds left this turn.\n|-message|sonniko lost due to inactivity.\n|\n|win|kitsuneInk\n|n|\u2606kitsuneInk|kitsuneink\n|n|\u2606sonniko|sonniko\n|n| spectacled eider|spectacledeider\n|l|\u2606kitsuneInk\n","uploadtime":1682359343,"views":12,"p1id":"kitsuneink","p2id":"sonniko","formatid":"gen9vgc2023regulationc","rating":0,"private":0,"password":""}