{"id":"gen9vgc2023regulationc-1859094324","p1":"QuoiseSSBM","p2":"jayballester","format":"[Gen 9] VGC 2023 Regulation C","log":"|j|\u2606QuoiseSSBM\n|j|\u2606jayballester\n|t:|1683403720\n|gametype|doubles\n|player|p1|QuoiseSSBM|cynthia|\n|player|p2|jayballester|riley|\n|teamsize|p1|6\n|teamsize|p2|6\n|gen|9\n|tier|[Gen 9] VGC 2023 Regulation C\n|rule|Species Clause: Limit one of each Pok\u00e9mon\n|rule|Item Clause: Limit one of each item\n|clearpoke\n|poke|p1|Dragonite, L50, F|\n|poke|p1|Wo-Chien, L50|\n|poke|p1|Dondozo, L50, F|\n|poke|p1|Tatsugiri-Droopy, L50, F|\n|poke|p1|Glimmora, L50, F|\n|poke|p1|Tinkaton, L50, F|\n|poke|p2|Great Tusk, L50|\n|poke|p2|Volcarona, L50, F|\n|poke|p2|Salamence, L50, M|\n|poke|p2|Oranguru, L50, F|\n|poke|p2|Murkrow, L50, F|\n|poke|p2|Sylveon, L50, M|\n|teampreview|4\n|inactive|Battle timer is ON: inactive players will automatically lose when time's up. (requested by QuoiseSSBM)\n|inactiveoff|Battle timer is now OFF.\n|j| F3athers\n|c|\u2606jayballester|glhf\n|j| Jstardude\n|\n|t:|1683403816\n|start\n|switch|p1a: king geedorah|Dragonite, L50, F, shiny|100\/100\n|switch|p1b: rock n roll star|Glimmora, L50, F|100\/100\n|switch|p2a: I Support|Oranguru, L50, F|100\/100\n|switch|p2b: Trans Wrongs|Sylveon, L50, M|100\/100\n|turn|1\n|\n|t:|1683403847\n|move|p2b: Trans Wrongs|Detect|p2b: Trans Wrongs\n|-singleturn|p2b: Trans Wrongs|Protect\n|move|p1a: king geedorah|Extreme Speed|p2b: Trans Wrongs\n|-activate|p2b: Trans Wrongs|move: Protect\n|move|p1b: rock n roll star|Sludge Bomb|p2b: Trans Wrongs\n|-activate|p2b: Trans Wrongs|move: Protect\n|move|p2a: I Support|Trick Room|p2a: I Support\n|-fieldstart|move: Trick Room|[of] p2a: I Support\n|\n|upkeep\n|turn|2\n|\n|t:|1683403864\n|-terastallize|p2b: Trans Wrongs|Ground\n|move|p1a: king geedorah|Extreme Speed|p2b: Trans Wrongs\n|-damage|p2b: Trans Wrongs|42\/100\n|move|p2b: Trans Wrongs|Hyper Voice|p1b: rock n roll star|[spread] p1a,p1b\n|-supereffective|p1a: king geedorah\n|-resisted|p1b: rock n roll star\n|-damage|p1a: king geedorah|64\/100\n|-damage|p1b: rock n roll star|84\/100\n|-enditem|p2b: Trans Wrongs|Throat Spray\n|-boost|p2b: Trans Wrongs|spa|1|[from] item: Throat Spray\n|move|p2a: I Support|Instruct|p2b: Trans Wrongs\n|-singleturn|p2b: Trans Wrongs|move: Instruct|[of] p2a: I Support\n|move|p2b: Trans Wrongs|Hyper Voice|p1b: rock n roll star|[spread] p1a,p1b\n|-supereffective|p1a: king geedorah\n|-resisted|p1b: rock n roll star\n|-damage|p1a: king geedorah|0 fnt\n|-damage|p1b: rock n roll star|55\/100\n|faint|p1a: king geedorah\n|move|p1b: rock n roll star|Mortal Spin|p2b: Trans Wrongs|[spread] p2a,p2b\n|-resisted|p2b: Trans Wrongs\n|-damage|p2a: I Support|97\/100\n|-damage|p2b: Trans Wrongs|39\/100\n|-status|p2a: I Support|psn\n|-status|p2b: Trans Wrongs|psn\n|\n|-damage|p2b: Trans Wrongs|27\/100 psn|[from] psn\n|-damage|p2a: I Support|85\/100 psn|[from] psn\n|upkeep\n|\n|t:|1683403885\n|switch|p1a: these walls|Dondozo, L50, F|100\/100\n|turn|3\n|\n|t:|1683403909\n|move|p2b: Trans Wrongs|Hyper Voice|p1a: these walls|[spread] p1a,p1b\n|-resisted|p1b: rock n roll star\n|-damage|p1a: these walls|55\/100\n|-damage|p1b: rock n roll star|28\/100\n|move|p2a: I Support|Instruct|p2b: Trans Wrongs\n|-singleturn|p2b: Trans Wrongs|move: Instruct|[of] p2a: I Support\n|move|p2b: Trans Wrongs|Hyper Voice|p1b: rock n roll star|[spread] p1a,p1b\n|-resisted|p1b: rock n roll star\n|-damage|p1a: these walls|12\/100\n|-damage|p1b: rock n roll star|0 fnt\n|faint|p1b: rock n roll star\n|move|p1a: these walls|Wave Crash|p2b: Trans Wrongs\n|-supereffective|p2b: Trans Wrongs\n|-damage|p2b: Trans Wrongs|0 fnt\n|faint|p2b: Trans Wrongs\n|-damage|p1a: these walls|4\/100|[from] Recoil\n|\n|-damage|p2a: I Support|73\/100 psn|[from] psn\n|upkeep\n|c| F3athers|fast dondozo\n|\n|t:|1683403926\n|switch|p2b: The Donfather|Great Tusk, L50|100\/100\n|switch|p1b: eat men eat|Tatsugiri-Droopy, L50, F, shiny|100\/100\n|-activate|p1b: eat men eat|ability: Commander|[of] p1a: these walls\n|-boost|p1a: these walls|atk|2\n|-boost|p1a: these walls|spa|2\n|-boost|p1a: these walls|spe|2\n|-boost|p1a: these walls|def|2\n|-boost|p1a: these walls|spd|2\n|turn|4\n|\n|t:|1683403938\n|move|p2a: I Support|Tera Blast|p1a: these walls\n|-damage|p1a: these walls|0 fnt\n|faint|p1a: these walls\n|move|p2b: The Donfather|Earthquake|p1b: eat men eat|[spread] p1b\n|-activate|p2a: I Support|ability: Telepathy\n|-damage|p1b: eat men eat|29\/100\n|\n|-damage|p2a: I Support|60\/100 psn|[from] psn\n|upkeep\n|turn|5\n|\n|t:|1683403950\n|move|p2a: I Support|Instruct|p2b: The Donfather\n|-singleturn|p2b: The Donfather|move: Instruct|[of] p2a: I Support\n|move|p2b: The Donfather|Earthquake|p1b: eat men eat|[spread] p1b\n|-activate|p2a: I Support|ability: Telepathy\n|-damage|p1b: eat men eat|0 fnt\n|faint|p1b: eat men eat\n|\n|win|jayballester\n|c|\u2606jayballester|ggs\n|l|\u2606QuoiseSSBM\n|l| F3athers\n","uploadtime":1683403964,"views":24,"p1id":"quoisessbm","p2id":"jayballester","formatid":"gen9vgc2023regulationc","rating":0,"private":0,"password":""}