{"id":"gen9vgc2023regulationc-1854333388","p1":"Modern2","p2":"FunneeMonkee","format":"[Gen 9] VGC 2023 Regulation C","log":"|j|\u2606Modern2\n|j|\u2606FunneeMonkee\n|t:|1682798141\n|gametype|doubles\n|player|p1|Modern2|101|\n|player|p2|FunneeMonkee|lisia|\n|teamsize|p1|6\n|teamsize|p2|6\n|gen|9\n|tier|[Gen 9] VGC 2023 Regulation C\n|rated|Tournament battle\n|rule|Species Clause: Limit one of each Pok\u00e9mon\n|rule|Item Clause: Limit one of each item\n|clearpoke\n|poke|p1|Dondozo, L50, M|\n|poke|p1|Tatsugiri-Stretchy, L50, M|\n|poke|p1|Glimmora, L50, M|\n|poke|p1|Iron Bundle, L50|\n|poke|p1|Chi-Yu, L50|\n|poke|p1|Pelipper, L50, M|\n|poke|p2|Maushold, L50|\n|poke|p2|Annihilape, L50, F|\n|poke|p2|Glimmora, L50, F|\n|poke|p2|Flutter Mane, L50|\n|poke|p2|Wo-Chien, L50|\n|poke|p2|Iron Bundle, L50|\n|teampreview|4\n|raw| Open Team Sheet for Modern2<\/summary>Dondozo @ Life Orb Ability: Unaware Level: 50 Shiny: Yes Tera Type: Water - Surf - Wave Crash - Sleep Talk - Protect Tatsugiri (Tatsugiri-Stretchy) @ Choice Scarf Ability: Commander Level: 50 Tera Type: Steel - Muddy Water - Draco Meteor - Icy Wind - Sleep Talk Glimmora @ Assault Vest Ability: Corrosion Level: 50 Tera Type: Grass - Sludge Bomb - Earth Power - Energy Ball - Mortal Spin Iron Bundle @ Booster Energy Ability: Quark Drive Level: 50 Shiny: Yes Tera Type: Steel - Freeze-Dry - Icy Wind - Hydro Pump - Protect Chi-Yu @ Choice Specs Ability: Beads of Ruin Level: 50 Tera Type: Grass - Heat Wave - Overheat - Dark Pulse - Tera Blast Pelipper @ Focus Sash Ability: Drizzle Level: 50 Shiny: Yes Tera Type: Ghost - Hurricane - Quick Attack - Tailwind - Protect <\/details><\/div> Open Team Sheet for FunneeMonkee<\/summary>Maushold @ Safety Goggles Ability: Friend Guard Level: 50 Shiny: Yes Tera Type: Ghost - Follow Me - Beat Up - Super Fang - Protect Annihilape @ Sitrus Berry Ability: Defiant Level: 50 Shiny: Yes Tera Type: Fire - Drain Punch - Rage Fist - Bulk Up - Protect birb (Glimmora) @ Assault Vest Ability: Toxic Debris Level: 50 Tera Type: Grass - Mortal Spin - Power Gem - Earth Power - Sludge Bomb The (Flutter Mane) @ Choice Specs Ability: Protosynthesis Level: 50 Shiny: Yes Tera Type: Water - Dazzling Gleam - Moonblast - Shadow Ball - Thunderbolt Wo-Chien @ Leftovers Ability: Tablets of Ruin Level: 50 Tera Type: Poison - Ruination - Pollen Puff - Leech Seed - Protect Iron Bundle @ Booster Energy Ability: Quark Drive Level: 50 Shiny: Yes Tera Type: Ghost - Hydro Pump - Freeze-Dry - Icy Wind - Protect <\/details><\/div>\n|\n|t:|1682798179\n|start\n|switch|p1a: Dondozo|Dondozo, L50, M, shiny|100\/100\n|switch|p1b: Glimmora|Glimmora, L50, M|100\/100\n|switch|p2a: Annihilape|Annihilape, L50, F, shiny|100\/100\n|switch|p2b: Maushold|Maushold, L50, shiny|100\/100\n|turn|1\n|\n|t:|1682798207\n|switch|p1b: Tatsugiri|Tatsugiri-Stretchy, L50, M|100\/100\n|-activate|p1b: Tatsugiri|ability: Commander|[of] p1a: Dondozo\n|-boost|p1a: Dondozo|atk|2\n|-boost|p1a: Dondozo|spa|2\n|-boost|p1a: Dondozo|spe|2\n|-boost|p1a: Dondozo|def|2\n|-boost|p1a: Dondozo|spd|2\n|move|p2b: Maushold|Protect|p2b: Maushold\n|-singleturn|p2b: Maushold|Protect\n|move|p2a: Annihilape|Protect|p2a: Annihilape\n|-singleturn|p2a: Annihilape|Protect\n|move|p1a: Dondozo|Surf|p2b: Maushold|[spread] \n|-miss|p1a: Dondozo|p1b: Tatsugiri\n|-activate|p2a: Annihilape|move: Protect\n|-activate|p2b: Maushold|move: Protect\n|\n|upkeep\n|turn|2\n|\n|t:|1682798227\n|move|p1a: Dondozo|Wave Crash|p2b: Maushold\n|-damage|p2b: Maushold|0 fnt\n|faint|p2b: Maushold\n|-damage|p1a: Dondozo|74\/100|[from] Recoil\n|-damage|p1a: Dondozo|64\/100|[from] item: Life Orb\n|move|p2a: Annihilape|Drain Punch|p1a: Dondozo\n|-damage|p1a: Dondozo|49\/100\n|\n|upkeep\n|\n|t:|1682798236\n|switch|p2b: Wo-Chien|Wo-Chien, L50|100\/100\n|-ability|p2b: Wo-Chien|Tablets of Ruin\n|turn|3\n|\n|t:|1682798244\n|move|p2a: Annihilape|Protect|p2a: Annihilape\n|-singleturn|p2a: Annihilape|Protect\n|move|p1a: Dondozo|Wave Crash|p2a: Annihilape\n|-activate|p2a: Annihilape|move: Protect\n|move|p2b: Wo-Chien|Leech Seed|p1a: Dondozo\n|-start|p1a: Dondozo|move: Leech Seed\n|\n|-damage|p1a: Dondozo|37\/100|[from] Leech Seed|[of] p2b: Wo-Chien\n|upkeep\n|turn|4\n|\n|t:|1682798255\n|move|p1a: Dondozo|Wave Crash|p2a: Annihilape\n|-damage|p2a: Annihilape|11\/100\n|-enditem|p2a: Annihilape|Sitrus Berry|[eat]\n|-heal|p2a: Annihilape|36\/100|[from] item: Sitrus Berry\n|-damage|p1a: Dondozo|12\/100|[from] Recoil\n|-damage|p1a: Dondozo|2\/100|[from] item: Life Orb\n|move|p2a: Annihilape|Drain Punch|p1a: Dondozo\n|-damage|p1a: Dondozo|0 fnt\n|-heal|p2a: Annihilape|37\/100|[from] drain|[of] p1a: Dondozo\n|faint|p1a: Dondozo\n|move|p2b: Wo-Chien|Pollen Puff|p2a: Annihilape\n|-heal|p2a: Annihilape|87\/100\n|\n|upkeep\n|j| mourad57\n|\n|t:|1682798267\n|switch|p1a: Chi-Yu|Chi-Yu, L50|100\/100\n|-ability|p1a: Chi-Yu|Beads of Ruin\n|turn|5\n|\n|t:|1682798306\n|switch|p1b: Glimmora|Glimmora, L50, M|100\/100\n|-terastallize|p2b: Wo-Chien|Poison\n|move|p1a: Chi-Yu|Overheat|p2a: Annihilape\n|-damage|p2a: Annihilape|0 fnt\n|-unboost|p1a: Chi-Yu|spa|2\n|faint|p2a: Annihilape\n|move|p2b: Wo-Chien|Leech Seed|p1a: Chi-Yu\n|-start|p1a: Chi-Yu|move: Leech Seed\n|\n|-damage|p1a: Chi-Yu|88\/100|[from] Leech Seed|[of] p2b: Wo-Chien\n|upkeep\n|j| Low Ladder Skills\n|\n|t:|1682798317\n|switch|p2a: Iron Bundle|Iron Bundle, L50, shiny|100\/100\n|-enditem|p2a: Iron Bundle|Booster Energy\n|-activate|p2a: Iron Bundle|ability: Quark Drive|[fromitem]\n|-start|p2a: Iron Bundle|quarkdrivespe\n|turn|6\n|\n|t:|1682798327\n|switch|p1a: Tatsugiri|Tatsugiri-Stretchy, L50, M|100\/100\n|move|p2a: Iron Bundle|Protect|p2a: Iron Bundle\n|-singleturn|p2a: Iron Bundle|Protect\n|move|p1b: Glimmora|Mortal Spin|p2a: Iron Bundle|[spread] p2b\n|-activate|p2a: Iron Bundle|move: Protect\n|-resisted|p2b: Wo-Chien\n|-damage|p2b: Wo-Chien|99\/100\n|-status|p2b: Wo-Chien|psn\n|move|p2b: Wo-Chien|Ruination|p1a: Tatsugiri\n|-damage|p1a: Tatsugiri|51\/100\n|\n|-heal|p2b: Wo-Chien|100\/100 psn|[from] item: Leftovers\n|-damage|p2b: Wo-Chien|88\/100 psn|[from] psn\n|upkeep\n|turn|7\n|\n|t:|1682798361\n|-terastallize|p1b: Glimmora|Grass\n|move|p2a: Iron Bundle|Freeze-Dry|p1a: Tatsugiri\n|-supereffective|p1a: Tatsugiri\n|-damage|p1a: Tatsugiri|0 fnt\n|faint|p1a: Tatsugiri\n|move|p1b: Glimmora|Energy Ball|p2a: Iron Bundle\n|-supereffective|p2a: Iron Bundle\n|-damage|p2a: Iron Bundle|0 fnt\n|faint|p2a: Iron Bundle\n|-end|p2a: Iron Bundle|Quark Drive|[silent]\n|move|p2b: Wo-Chien|Leech Seed|p1b: Glimmora\n|-immune|p1b: Glimmora\n|\n|-heal|p2b: Wo-Chien|94\/100 psn|[from] item: Leftovers\n|-damage|p2b: Wo-Chien|82\/100 psn|[from] psn\n|upkeep\n|\n|t:|1682798364\n|switch|p1a: Chi-Yu|Chi-Yu, L50|88\/100\n|-ability|p1a: Chi-Yu|Beads of Ruin\n|turn|8\n|\n|t:|1682798372\n|move|p1a: Chi-Yu|Dark Pulse|p2b: Wo-Chien\n|-damage|p2b: Wo-Chien|37\/100 psn\n|move|p1b: Glimmora|Earth Power|p2b: Wo-Chien\n|-supereffective|p2b: Wo-Chien\n|-damage|p2b: Wo-Chien|0 fnt\n|faint|p2b: Wo-Chien\n|\n|win|Modern2\n|n|\u2606Modern2|modern2\n|n|\u2606FunneeMonkee|funneemonkee\n|n| mourad57|mourad57\n|n| Low Ladder Skills|lowladderskills\n","uploadtime":1682798373,"views":15,"p1id":"modern2","p2id":"funneemonkee","formatid":"gen9vgc2023regulationc","rating":0,"private":0,"password":""}