{"id":"gen9vgc2023regulationc-1857979110","p1":"milessmith111","p2":"GodIAmSoSorry","format":"[Gen 9] VGC 2023 Regulation C","log":"|j|\u2606milessmith111\n|j|\u2606GodIAmSoSorry\n|t:|1683255137\n|gametype|doubles\n|player|p1|milessmith111|palmer|1273\n|player|p2|GodIAmSoSorry|may-masters2|1345\n|teamsize|p1|6\n|teamsize|p2|6\n|gen|9\n|tier|[Gen 9] VGC 2023 Regulation C\n|rated|\n|rule|Species Clause: Limit one of each Pok\u00e9mon\n|rule|Item Clause: Limit one of each item\n|clearpoke\n|poke|p1|Hatterene, L50, F|\n|poke|p1|Armarouge, L50, F|\n|poke|p1|Indeedee-F, L50, F|\n|poke|p1|Garchomp, L50, F|\n|poke|p1|Scizor, L50, F|\n|poke|p1|Tyranitar, L50, M|\n|poke|p2|Flutter Mane, L50|\n|poke|p2|Iron Hands, L50|\n|poke|p2|Ting-Lu, L50|\n|poke|p2|Corviknight, L50, F|\n|poke|p2|Wo-Chien, L50|\n|poke|p2|Glimmora, L50, M|\n|teampreview|4\nGodIAmSoSorry has agreed to open team sheets.\n|inactive|Battle timer is ON: inactive players will automatically lose when time's up. (requested by GodIAmSoSorry)\n|inactive|milessmith111 has 60 seconds left.\n|\n|t:|1683255224\n|start\n|switch|p1a: Hatterene|Hatterene, L50, F|100\/100\n|switch|p1b: Indeedee|Indeedee-F, L50, F|100\/100\n|switch|p2a: Ting-Lu|Ting-Lu, L50|100\/100\n|switch|p2b: Glimmora|Glimmora, L50, M|100\/100\n|-fieldstart|move: Psychic Terrain|[from] ability: Psychic Surge|[of] p1b: Indeedee\n|-enditem|p1b: Indeedee|Psychic Seed\n|-boost|p1b: Indeedee|spd|1|[from] item: Psychic Seed\n|-ability|p2a: Ting-Lu|Vessel of Ruin\n|turn|1\n|inactive|milessmith111 has 30 seconds left.\n|\n|t:|1683255253\n|-terastallize|p1a: Hatterene|Fairy\n|move|p2b: Glimmora|Mortal Spin|p1b: Indeedee|[spread] p1a,p1b\n|-supereffective|p1a: Hatterene\n|-damage|p1a: Hatterene|90\/100\n|-damage|p1b: Indeedee|95\/100\n|-status|p1b: Indeedee|psn\n|move|p2a: Ting-Lu|Fissure|p1b: Indeedee\n|-damage|p1b: Indeedee|0 fnt\n|faint|p1b: Indeedee\n|-ohko\n|move|p1a: Hatterene|Dazzling Gleam|p2b: Glimmora|[spread] p2a,p2b\n|-supereffective|p2a: Ting-Lu\n|-resisted|p2b: Glimmora\n|-damage|p2a: Ting-Lu|62\/100\n|-damage|p2b: Glimmora|85\/100\n|\n|upkeep\n|\n|t:|1683255268\n|switch|p1b: Armarouge|Armarouge, L50, F|100\/100\n|turn|2\n|\n|t:|1683255280\n|move|p2b: Glimmora|Power Gem|p1b: Armarouge\n|-supereffective|p1b: Armarouge\n|-damage|p1b: Armarouge|38\/100\n|move|p1b: Armarouge|Aura Sphere|p2a: Ting-Lu\n|-supereffective|p2a: Ting-Lu\n|-damage|p2a: Ting-Lu|28\/100\n|-damage|p1b: Armarouge|28\/100|[from] item: Life Orb\n|move|p2a: Ting-Lu|Stomping Tantrum|p1b: Armarouge\n|-supereffective|p1b: Armarouge\n|-damage|p1b: Armarouge|0 fnt\n|faint|p1b: Armarouge\n|move|p1a: Hatterene|Dazzling Gleam|p2b: Glimmora|[spread] p2a,p2b\n|-supereffective|p2a: Ting-Lu\n|-resisted|p2b: Glimmora\n|-damage|p2a: Ting-Lu|0 fnt\n|-damage|p2b: Glimmora|68\/100\n|faint|p2a: Ting-Lu\n|\n|upkeep\n|\n|t:|1683255294\n|switch|p1b: Scizor|Scizor, L50, F|100\/100\n|switch|p2a: Corviknight|Corviknight, L50, F|100\/100\n|turn|3\n|\n|t:|1683255308\n|move|p2b: Glimmora|Power Gem|p1a: Hatterene\n|-damage|p1a: Hatterene|49\/100\n|move|p2a: Corviknight|Bulk Up|p2a: Corviknight\n|-boost|p2a: Corviknight|atk|1\n|-boost|p2a: Corviknight|def|1\n|move|p1b: Scizor|Brick Break|p2b: Glimmora\n|-damage|p2b: Glimmora|40\/100\n|-damage|p1b: Scizor|84\/100|[from] item: Rocky Helmet|[of] p2b: Glimmora\n|move|p1a: Hatterene|Mystical Fire|p2a: Corviknight\n|-supereffective|p2a: Corviknight\n|-damage|p2a: Corviknight|48\/100\n|-ability|p2a: Corviknight|Mirror Armor\n|-unboost|p1a: Hatterene|spa|1\n|\n|upkeep\n|turn|4\n|inactive|milessmith111 has 30 seconds left.\n|\n|t:|1683255335\n|-terastallize|p2a: Corviknight|Fire\n|move|p2b: Glimmora|Spiky Shield|p2b: Glimmora\n|-singleturn|p2b: Glimmora|move: Protect\n|move|p2a: Corviknight|Roost|p2a: Corviknight\n|-heal|p2a: Corviknight|98\/100\n|move|p1b: Scizor|Brick Break|p2a: Corviknight\n|-damage|p2a: Corviknight|81\/100\n|move|p1a: Hatterene|Mystical Fire|p2a: Corviknight\n|-resisted|p2a: Corviknight\n|-damage|p2a: Corviknight|72\/100\n|-ability|p2a: Corviknight|Mirror Armor\n|-unboost|p1a: Hatterene|spa|1\n|\n|upkeep\n|turn|5\n|\n|t:|1683255357\n|move|p2b: Glimmora|Power Gem|p1b: Scizor\n|-damage|p1b: Scizor|36\/100\n|move|p2a: Corviknight|Iron Head|p1a: Hatterene\n|-supereffective|p1a: Hatterene\n|-damage|p1a: Hatterene|0 fnt\n|faint|p1a: Hatterene\n|move|p1b: Scizor|Brick Break|p2a: Corviknight\n|-damage|p2a: Corviknight|54\/100\n|\n|-fieldend|move: Psychic Terrain\n|upkeep\n|turn|6\n|\n|t:|1683255368\n|move|p1b: Scizor|Bullet Punch|p2b: Glimmora\n|-supereffective|p2b: Glimmora\n|-damage|p2b: Glimmora|0 fnt\n|-damage|p1b: Scizor|20\/100|[from] item: Rocky Helmet|[of] p2b: Glimmora\n|faint|p2b: Glimmora\n|move|p2a: Corviknight|Brave Bird|p1b: Scizor\n|-damage|p1b: Scizor|0 fnt\n|faint|p1b: Scizor\n|-damage|p2a: Corviknight|49\/100|[from] Recoil\n|\n|win|GodIAmSoSorry\n|raw|milessmith111's rating: 1273 → 1253<\/strong> (-20 for losing)\n|raw|GodIAmSoSorry's rating: 1345 → 1361<\/strong> (+16 for winning)\n|c|\u2606GodIAmSoSorry|gg\n|c|\u2606milessmith111|gg\n|l|\u2606milessmith111\n","uploadtime":1683255494,"views":12,"p1id":"milessmith111","p2id":"godiamsosorry","formatid":"gen9vgc2023regulationc","rating":1253,"private":0,"password":""}