{"id":"gen9vgc2023regulationc-1861926043","p1":"revocolombia","p2":"cyruno","format":"[Gen 9] VGC 2023 Regulation C","log":"|j|\u2606revocolombia\n|j|\u2606cyruno\n|t:|1683821355\n|gametype|doubles\n|player|p1|revocolombia|pokemonranger-gen4|1317\n|player|p2|cyruno|blue|1417\n|teamsize|p1|6\n|teamsize|p2|6\n|gen|9\n|tier|[Gen 9] VGC 2023 Regulation C\n|rated|\n|rule|Species Clause: Limit one of each Pok\u00e9mon\n|rule|Item Clause: Limit one of each item\n|clearpoke\n|poke|p1|Flutter Mane, L50|\n|poke|p1|Great Tusk, L50|\n|poke|p1|Gholdengo, L50|\n|poke|p1|Chien-Pao, L50|\n|poke|p1|Murkrow, L50, M|\n|poke|p1|Annihilape, L50, F|\n|poke|p2|Scizor, L50, M|\n|poke|p2|Gholdengo, L50|\n|poke|p2|Chien-Pao, L50|\n|poke|p2|Arcanine, L50, F|\n|poke|p2|Azumarill, L50, F|\n|poke|p2|Amoonguss, L50, F|\n|teampreview|4\n|\n|t:|1683821397\n|start\n|switch|p1a: Great Tusk|Great Tusk, L50|100\/100\n|switch|p1b: Murkrow|Murkrow, L50, M|100\/100\n|switch|p2a: Ice Weasel|Chien-Pao, L50|100\/100\n|switch|p2b: Jessica|Azumarill, L50, F|100\/100\n|-ability|p2a: Ice Weasel|Sword of Ruin\n|turn|1\n|\n|t:|1683821420\n|-terastallize|p1a: Great Tusk|Fire\n|move|p1b: Murkrow|Sunny Day|p1b: Murkrow\n|-weather|SunnyDay\n|-activate|p1a: Great Tusk|ability: Protosynthesis\n|-start|p1a: Great Tusk|protosynthesisatk\n|move|p2a: Ice Weasel|Ice Spinner|p1a: Great Tusk\n|-resisted|p1a: Great Tusk\n|-damage|p1a: Great Tusk|82\/100\n|move|p1a: Great Tusk|Earthquake|p2b: Jessica|[spread] p2a,p2b\n|-immune|p1b: Murkrow\n|-damage|p2a: Ice Weasel|24\/100\n|-damage|p2b: Jessica|20\/100\n|move|p2b: Jessica|Liquidation|p1a: Great Tusk\n|-supereffective|p1a: Great Tusk\n|-damage|p1a: Great Tusk|37\/100\n|\n|-weather|SunnyDay|[upkeep]\n|upkeep\n|turn|2\n|\n|t:|1683821440\n|move|p2a: Ice Weasel|Sucker Punch|p1a: Great Tusk\n|-damage|p1a: Great Tusk|5\/100\n|move|p1b: Murkrow|Tailwind|p1b: Murkrow\n|-sidestart|p1: revocolombia|move: Tailwind\n|move|p2b: Jessica|Aqua Jet|p1a: Great Tusk\n|-supereffective|p1a: Great Tusk\n|-damage|p1a: Great Tusk|0 fnt\n|faint|p1a: Great Tusk\n|-end|p1a: Great Tusk|Protosynthesis|[silent]\n|\n|-weather|SunnyDay|[upkeep]\n|upkeep\n|\n|t:|1683821454\n|switch|p1a: Annihilape|Annihilape, L50, F|100\/100\n|turn|3\n|\n|t:|1683821465\n|switch|p1b: Gholdengo|Gholdengo, L50|100\/100\n|move|p1a: Annihilape|Bulk Up|p1a: Annihilape\n|-boost|p1a: Annihilape|atk|1\n|-boost|p1a: Annihilape|def|1\n|move|p2a: Ice Weasel|Ice Spinner|p1b: Gholdengo\n|-resisted|p1b: Gholdengo\n|-damage|p1b: Gholdengo|67\/100\n|move|p2b: Jessica|Play Rough|p1a: Annihilape\n|-supereffective|p1a: Annihilape\n|-damage|p1a: Annihilape|0 fnt\n|faint|p1a: Annihilape\n|\n|-weather|SunnyDay|[upkeep]\n|upkeep\n|\n|t:|1683821481\n|switch|p1a: Murkrow|Murkrow, L50, M|100\/100\n|turn|4\n|\n|t:|1683821488\n|move|p2a: Ice Weasel|Protect|p2a: Ice Weasel\n|-singleturn|p2a: Ice Weasel|Protect\n|move|p1a: Murkrow|Taunt|p2b: Jessica\n|-start|p2b: Jessica|move: Taunt\n|move|p2b: Jessica|Aqua Jet|p1a: Murkrow\n|-damage|p1a: Murkrow|82\/100\n|move|p1b: Gholdengo|Make It Rain|p2a: Ice Weasel|[spread] p2b\n|-activate|p2a: Ice Weasel|move: Protect\n|-damage|p2b: Jessica|0 fnt\n|-unboost|p1b: Gholdengo|spa|1\n|faint|p2b: Jessica\n|\n|-weather|SunnyDay|[upkeep]\n|upkeep\n|\n|t:|1683821497\n|switch|p2b: Fido|Arcanine, L50, F|100\/100\n|-ability|p2b: Fido|Intimidate|boost\n|-unboost|p1a: Murkrow|atk|1\n|-unboost|p1b: Gholdengo|atk|1\n|turn|5\n|\n|t:|1683821511\n|move|p1a: Murkrow|Haze|p1a: Murkrow\n|-clearallboost\n|move|p2a: Ice Weasel|Sucker Punch|p1b: Gholdengo\n|-supereffective|p1b: Gholdengo\n|-damage|p1b: Gholdengo|0 fnt\n|faint|p1b: Gholdengo\n|move|p2b: Fido|Flare Blitz|p1a: Murkrow\n|-damage|p1a: Murkrow|0 fnt\n|faint|p1a: Murkrow\n|-damage|p2b: Fido|77\/100|[from] Recoil\n|\n|win|cyruno\n|raw|revocolombia's rating: 1317 → 1303<\/strong> (-14 for losing)\n|raw|cyruno's rating: 1417 → 1431<\/strong> (+14 for winning)\n|l|\u2606cyruno\n","uploadtime":1683821525,"views":5,"p1id":"revocolombia","p2id":"cyruno","formatid":"gen9vgc2023regulationc","rating":1303,"private":0,"password":""}