{"id":"gen9vgc2023regulationc-1847213150","p1":"Taels48","p2":"nightmrep4nda","format":"[Gen 9] VGC 2023 Regulation C","log":"|j|\u2606Taels48\n|j|\u2606nightmrep4nda\n|t:|1681928292\n|gametype|doubles\n|player|p1|Taels48|nate|1169\n|player|p2|nightmrep4nda|266|1084\n|teamsize|p1|6\n|teamsize|p2|6\n|gen|9\n|tier|[Gen 9] VGC 2023 Regulation C\n|rated|\n|rule|Species Clause: Limit one of each Pok\u00e9mon\n|rule|Item Clause: Limit one of each item\n|clearpoke\n|poke|p1|Annihilape, L50, M|\n|poke|p1|Amoonguss, L50, F|\n|poke|p1|Kingambit, L50, M|\n|poke|p1|Ting-Lu, L50|\n|poke|p1|Flutter Mane, L50|\n|poke|p1|Dragonite, L50, M|\n|poke|p2|Jumpluff, L50, M|\n|poke|p2|Talonflame, L50, F|\n|poke|p2|Iron Bundle, L50|\n|poke|p2|Gardevoir, L50, M|\n|poke|p2|Orthworm, L50, F|\n|poke|p2|Flutter Mane, L50|\n|teampreview|4\n|\n|t:|1681928323\n|start\n|switch|p1a: Mexicano Comun|Annihilape, L50, M|100\/100\n|switch|p1b: Melenaleteo|Flutter Mane, L50|100\/100\n|switch|p2a: Flutter Mane|Flutter Mane, L50|100\/100\n|switch|p2b: Jumpluff|Jumpluff, L50, M, shiny|100\/100\n|turn|1\n|\n|t:|1681928355\n|move|p2a: Flutter Mane|Shadow Ball|p1b: Melenaleteo\n|-supereffective|p1b: Melenaleteo\n|-damage|p1b: Melenaleteo|0 fnt\n|faint|p1b: Melenaleteo\n|-end|p1b: Melenaleteo|Protosynthesis|[silent]\n|move|p2b: Jumpluff|Sleep Powder|p1a: Mexicano Comun\n|-status|p1a: Mexicano Comun|slp|[from] move: Sleep Powder\n|cant|p1a: Mexicano Comun|slp\n|\n|upkeep\n|\n|t:|1681928370\n|switch|p1b: GAMBITS|Kingambit, L50, M, shiny|100\/100\n|turn|2\n|\n|t:|1681928383\n|-terastallize|p2a: Flutter Mane|Grass\n|move|p1b: GAMBITS|Sucker Punch|p2a: Flutter Mane\n|-damage|p2a: Flutter Mane|22\/100\n|move|p2a: Flutter Mane|Shadow Ball|p1a: Mexicano Comun\n|-supereffective|p1a: Mexicano Comun\n|-damage|p1a: Mexicano Comun|0 fnt\n|faint|p1a: Mexicano Comun\n|move|p2b: Jumpluff|Sleep Powder|p1b: GAMBITS|[miss]\n|-miss|p2b: Jumpluff|p1b: GAMBITS\n|\n|upkeep\n|\n|t:|1681928393\n|switch|p1a: TILIN|Ting-Lu, L50|100\/100\n|-ability|p1a: TILIN|Vessel of Ruin\n|turn|3\n|\n|t:|1681928406\n|-end|p2a: Flutter Mane|Protosynthesis|[silent]\n|switch|p2a: Iron Bundle|Iron Bundle, L50|100\/100\n|-enditem|p2a: Iron Bundle|Booster Energy\n|-activate|p2a: Iron Bundle|ability: Quark Drive|[fromitem]\n|-start|p2a: Iron Bundle|quarkdrivespe\n|move|p1b: GAMBITS|Sucker Punch||[still]\n|-fail|p1b: GAMBITS\n|move|p2b: Jumpluff|Sunny Day|p2b: Jumpluff\n|-weather|SunnyDay\n|move|p1a: TILIN|Taunt|p2b: Jumpluff\n|-start|p2b: Jumpluff|move: Taunt\n|\n|-weather|SunnyDay|[upkeep]\n|upkeep\n|turn|4\n|\n|t:|1681928428\n|switch|p2b: Talonflame|Talonflame, L50, F|100\/100\n|-terastallize|p1b: GAMBITS|Flying\n|move|p2a: Iron Bundle|Protect|p2a: Iron Bundle\n|-singleturn|p2a: Iron Bundle|Protect\n|move|p1b: GAMBITS|Tera Blast|p2b: Talonflame\n|-damage|p2b: Talonflame|53\/100\n|move|p1a: TILIN|Ruination|p2a: Iron Bundle\n|-activate|p2a: Iron Bundle|move: Protect\n|\n|-weather|SunnyDay|[upkeep]\n|upkeep\n|turn|5\n|\n|t:|1681928462\n|move|p1b: GAMBITS|Sucker Punch||[still]\n|-fail|p1b: GAMBITS\n|move|p2a: Iron Bundle|Freeze-Dry|p1b: GAMBITS\n|-supereffective|p1b: GAMBITS\n|-damage|p1b: GAMBITS|66\/100\n|move|p2b: Talonflame|Tailwind|p2b: Talonflame\n|-sidestart|p2: nightmrep4nda|move: Tailwind\n|move|p1a: TILIN|Ruination|p2a: Iron Bundle\n|-damage|p2a: Iron Bundle|51\/100\n|\n|-weather|SunnyDay|[upkeep]\n|upkeep\n|turn|6\n|\n|t:|1681928478\n|move|p2a: Iron Bundle|Protect|p2a: Iron Bundle\n|-singleturn|p2a: Iron Bundle|Protect\n|move|p1a: TILIN|Protect|p1a: TILIN\n|-singleturn|p1a: TILIN|Protect\n|move|p1b: GAMBITS|Sucker Punch||[still]\n|-fail|p1b: GAMBITS\n|move|p2b: Talonflame|Taunt|p1a: TILIN\n|-activate|p1a: TILIN|move: Protect\n|\n|-weather|SunnyDay|[upkeep]\n|upkeep\n|turn|7\n|\n|t:|1681928496\n|switch|p2b: Jumpluff|Jumpluff, L50, M, shiny|100\/100\n|move|p1b: GAMBITS|Sucker Punch|p2a: Iron Bundle\n|-damage|p2a: Iron Bundle|4\/100\n|move|p2a: Iron Bundle|Freeze-Dry|p1b: GAMBITS\n|-supereffective|p1b: GAMBITS\n|-damage|p1b: GAMBITS|30\/100\n|move|p1a: TILIN|Ruination|p2b: Jumpluff|[miss]\n|-miss|p1a: TILIN|p2b: Jumpluff\n|\n|-weather|none\n|upkeep\n|turn|8\n|\n|t:|1681928522\n|move|p2a: Iron Bundle|Protect|p2a: Iron Bundle\n|-singleturn|p2a: Iron Bundle|Protect\n|move|p1a: TILIN|Protect|p1a: TILIN\n|-singleturn|p1a: TILIN|Protect\n|move|p2b: Jumpluff|Sleep Powder|p1a: TILIN\n|-activate|p1a: TILIN|move: Protect\n|move|p1b: GAMBITS|Tera Blast|p2b: Jumpluff\n|-supereffective|p2b: Jumpluff\n|-damage|p2b: Jumpluff|0 fnt\n|faint|p2b: Jumpluff\n|\n|-sideend|p2: nightmrep4nda|move: Tailwind\n|upkeep\n|\n|t:|1681928537\n|switch|p2b: Flutter Mane|Flutter Mane, L50, tera:Grass|22\/100\n|turn|9\n|\n|t:|1681928547\n|move|p1b: GAMBITS|Sucker Punch|p2b: Flutter Mane\n|-damage|p2b: Flutter Mane|0 fnt\n|faint|p2b: Flutter Mane\n|-end|p2b: Flutter Mane|Protosynthesis|[silent]\n|move|p2a: Iron Bundle|Freeze-Dry|p1b: GAMBITS\n|-supereffective|p1b: GAMBITS\n|-damage|p1b: GAMBITS|0 fnt\n|faint|p1b: GAMBITS\n|move|p1a: TILIN|Bulldoze|p2a: Iron Bundle\n|-damage|p2a: Iron Bundle|0 fnt\n|faint|p2a: Iron Bundle\n|-end|p2a: Iron Bundle|Quark Drive|[silent]\n|\n|upkeep\n|\n|t:|1681928564\n|switch|p2b: Talonflame|Talonflame, L50, F|53\/100\n|turn|10\n|\n|t:|1681928576\n|move|p2b: Talonflame|Brave Bird|p1a: TILIN\n|-damage|p1a: TILIN|84\/100\n|-damage|p2b: Talonflame|46\/100|[from] Recoil\n|move|p1a: TILIN|Ruination|p2b: Talonflame|[miss]\n|-miss|p1a: TILIN|p2b: Talonflame\n|\n|upkeep\n|turn|11\n|\n|t:|1681928586\n|move|p2b: Talonflame|Heat Wave|p1a: TILIN\n|-damage|p1a: TILIN|68\/100\n|move|p1a: TILIN|Ruination|p2b: Talonflame\n|-damage|p2b: Talonflame|23\/100\n|\n|upkeep\n|turn|12\n|\n|t:|1681928595\n|move|p2b: Talonflame|Heat Wave|p1a: TILIN|[miss]\n|-miss|p2b: Talonflame|p1a: TILIN\n|move|p1a: TILIN|Ruination|p2b: Talonflame\n|-damage|p2b: Talonflame|12\/100\n|\n|upkeep\n|turn|13\n|\n|t:|1681928602\n|move|p2b: Talonflame|Heat Wave|p1a: TILIN\n|-damage|p1a: TILIN|54\/100\n|move|p1a: TILIN|Ruination|p2b: Talonflame\n|-damage|p2b: Talonflame|6\/100\n|\n|upkeep\n|turn|14\n|\n|t:|1681928610\n|move|p2b: Talonflame|Heat Wave|p1a: TILIN\n|-damage|p1a: TILIN|37\/100\n|-enditem|p1a: TILIN|Sitrus Berry|[eat]\n|-heal|p1a: TILIN|62\/100|[from] item: Sitrus Berry\n|move|p1a: TILIN|Ruination|p2b: Talonflame\n|-damage|p2b: Talonflame|4\/100\n|\n|upkeep\n|turn|15\n|\n|t:|1681928619\n|move|p2b: Talonflame|Heat Wave|p1a: TILIN\n|-damage|p1a: TILIN|47\/100\n|move|p1a: TILIN|Ruination|p2b: Talonflame|[miss]\n|-miss|p1a: TILIN|p2b: Talonflame\n|\n|upkeep\n|turn|16\n|\n|t:|1681928628\n|move|p2b: Talonflame|Heat Wave|p1a: TILIN\n|-damage|p1a: TILIN|31\/100\n|move|p1a: TILIN|Ruination|p2b: Talonflame\n|-damage|p2b: Talonflame|2\/100\n|\n|upkeep\n|turn|17\n|\n|t:|1681928636\n|move|p2b: Talonflame|Heat Wave|p1a: TILIN\n|-damage|p1a: TILIN|14\/100\n|move|p1a: TILIN|Ruination|p2b: Talonflame\n|-damage|p2b: Talonflame|2\/100\n|\n|upkeep\n|turn|18\n|\n|t:|1681928646\n|move|p2b: Talonflame|Brave Bird|p1a: TILIN\n|-damage|p1a: TILIN|0 fnt\n|faint|p1a: TILIN\n|-damage|p2b: Talonflame|0 fnt|[from] Recoil\n|faint|p2b: Talonflame\n|\n|win|nightmrep4nda\n|raw|Taels48's rating: 1169 → 1138<\/strong> (-31 for losing)\n|raw|nightmrep4nda's rating: 1084 → 1118<\/strong> (+34 for winning)\n|l|\u2606Taels48\n|c|\u2606nightmrep4nda|Gg\n","uploadtime":1681928715,"views":10,"p1id":"taels48","p2id":"nightmrep4nda","formatid":"gen9vgc2023regulationc","rating":1118,"private":0,"password":""}