{"id":"gen9vgc2023regulationc-1854584106","p1":"Terran Weeds","p2":"BikkuBoi","format":"[Gen 9] VGC 2023 Regulation C","log":"|j|\u2606Terran Weeds\n|j|\u2606BikkuBoi\n|t:|1682830856\n|gametype|doubles\n|player|p1|Terran Weeds|bellelba|1183\n|player|p2|BikkuBoi|265|1146\n|teamsize|p1|6\n|teamsize|p2|6\n|gen|9\n|tier|[Gen 9] VGC 2023 Regulation C\n|rated|\n|rule|Species Clause: Limit one of each Pok\u00e9mon\n|rule|Item Clause: Limit one of each item\n|clearpoke\n|poke|p1|Tropius, L50, M|\n|poke|p1|Torkoal, L50, M|\n|poke|p1|Flutter Mane, L50|\n|poke|p1|Great Tusk, L50|\n|poke|p1|Chi-Yu, L50|\n|poke|p1|Iron Hands, L50|\n|poke|p2|Maushold, L50|\n|poke|p2|Annihilape, L50, M|\n|poke|p2|Gyarados, L50, F|\n|poke|p2|Garchomp, L50, M|\n|poke|p2|Pawmot, L50, F|\n|poke|p2|Volcarona, L50, M|\n|teampreview|4\n|inactive|Battle timer is ON: inactive players will automatically lose when time's up. (requested by BikkuBoi)\n|inactive|Terran Weeds has 60 seconds left.\n|inactive|BikkuBoi has 60 seconds left.\nBikkuBoi rejected open team sheets.\n|\n|t:|1682830893\n|start\n|switch|p1a: Torkoal|Torkoal, L50, M|100\/100\n|switch|p1b: Great Tusk|Great Tusk, L50|100\/100\n|switch|p2a: Maushold|Maushold, L50|100\/100\n|switch|p2b: Annihilape|Annihilape, L50, M|100\/100\n|-weather|SunnyDay|[from] ability: Drought|[of] p1a: Torkoal\n|-activate|p1b: Great Tusk|ability: Protosynthesis\n|-start|p1b: Great Tusk|protosynthesisatk\n|turn|1\n|inactive|Terran Weeds has 30 seconds left.\n|inactive|BikkuBoi has 30 seconds left.\n|inactive|Terran Weeds has 20 seconds left.\n|\n|t:|1682830929\n|-terastallize|p1b: Great Tusk|Ground\n|move|p1b: Great Tusk|Headlong Rush|p2a: Maushold\n|-damage|p2a: Maushold|0 fnt\n|-unboost|p1b: Great Tusk|def|1\n|-unboost|p1b: Great Tusk|spd|1\n|faint|p2a: Maushold\n|move|p2b: Annihilape|Rage Fist|p1b: Great Tusk\n|-damage|p1b: Great Tusk|77\/100\n|move|p1a: Torkoal|Overheat|p2b: Annihilape\n|-damage|p2b: Annihilape|37\/100\n|-unboost|p1a: Torkoal|spa|2\n|-enditem|p1a: Torkoal|Eject Pack\n|\n|t:|1682830944\n|switch|p1a: Tropius|Tropius, L50, M, shiny|100\/100\n|\n|-weather|SunnyDay|[upkeep]\n|-heal|p2b: Annihilape|44\/100|[from] item: Leftovers\n|upkeep\n|\n|t:|1682830952\n|switch|p2a: Pawmot|Pawmot, L50, F|100\/100\n|turn|2\n|inactive|Terran Weeds has 30 seconds left.\n|\n|t:|1682830985\n|move|p2a: Pawmot|Fake Out|p1b: Great Tusk\n|-crit|p1b: Great Tusk\n|-damage|p1b: Great Tusk|53\/100\n|cant|p1b: Great Tusk|flinch\n|move|p2b: Annihilape|Drain Punch|p1b: Great Tusk\n|-damage|p1b: Great Tusk|13\/100\n|-heal|p2b: Annihilape|62\/100|[from] drain|[of] p1b: Great Tusk\n|move|p1a: Tropius|Air Slash|p2a: Pawmot\n|-damage|p2a: Pawmot|65\/100\n|\n|-weather|SunnyDay|[upkeep]\n|-heal|p2b: Annihilape|68\/100|[from] item: Leftovers\n|upkeep\n|turn|3\n|inactive|Terran Weeds has 30 seconds left.\n|inactive|BikkuBoi has 30 seconds left.\n|inactive|BikkuBoi has 20 seconds left.\n|inactive|BikkuBoi has 15 seconds left.\n|\n|t:|1682831026\n|switch|p2a: Gyarados|Gyarados, L50, F, shiny|100\/100\n|-ability|p2a: Gyarados|Intimidate|boost\n|-unboost|p1a: Tropius|atk|1\n|-unboost|p1b: Great Tusk|atk|1\n|move|p1b: Great Tusk|Headlong Rush|p2b: Annihilape\n|-damage|p2b: Annihilape|0 fnt\n|-unboost|p1b: Great Tusk|def|1\n|-unboost|p1b: Great Tusk|spd|1\n|faint|p2b: Annihilape\n|move|p1a: Tropius|Leech Seed|p2a: Gyarados\n|-start|p2a: Gyarados|move: Leech Seed\n|\n|-weather|SunnyDay|[upkeep]\n|-damage|p2a: Gyarados|88\/100|[from] Leech Seed|[of] p1a: Tropius\n|upkeep\n|\n|t:|1682831039\n|switch|p2b: Pawmot|Pawmot, L50, F|65\/100\n|turn|4\n|\n|t:|1682831057\n|move|p2b: Pawmot|Fake Out|p1b: Great Tusk\n|-damage|p1b: Great Tusk|0 fnt\n|faint|p1b: Great Tusk\n|-end|p1b: Great Tusk|Protosynthesis|[silent]\n|move|p2a: Gyarados|Taunt|p1a: Tropius\n|-start|p1a: Tropius|move: Taunt\n|cant|p1a: Tropius|move: Taunt|Tailwind\n|\n|-weather|SunnyDay|[upkeep]\n|-damage|p2a: Gyarados|76\/100|[from] Leech Seed|[of] p1a: Tropius\n|upkeep\n|\n|t:|1682831063\n|switch|p1b: Flutter Mane|Flutter Mane, L50|100\/100\n|-activate|p1b: Flutter Mane|ability: Protosynthesis\n|-start|p1b: Flutter Mane|protosynthesisspa\n|turn|5\n|inactive|Terran Weeds has 30 seconds left.\n|\n|t:|1682831089\n|move|p2b: Pawmot|Revival Blessing|p2b: Pawmot\n|\n|t:|1682831091\n|-heal|p2: Annihilape|50\/100|[from] move: Revival Blessing\n|move|p1b: Flutter Mane|Dazzling Gleam|p2b: Pawmot|[spread] p2a,p2b\n|-supereffective|p2b: Pawmot\n|-damage|p2a: Gyarados|17\/100\n|-damage|p2b: Pawmot|0 fnt\n|faint|p2b: Pawmot\n|move|p2a: Gyarados|Thunder Wave|p1b: Flutter Mane\n|-status|p1b: Flutter Mane|par\n|move|p1a: Tropius|Air Slash|p2a: Gyarados\n|-damage|p2a: Gyarados|0 fnt\n|faint|p2a: Gyarados\n|\n|-weather|none\n|-end|p1b: Flutter Mane|Protosynthesis\n|upkeep\n|\n|t:|1682831105\n|switch|p2b: Annihilape|Annihilape, L50, M|50\/100\n|turn|6\n|inactive|Terran Weeds has 30 seconds left.\n|inactive|Terran Weeds has 20 seconds left.\n|inactive|Terran Weeds has 15 seconds left.\n|inactive|Terran Weeds has 10 seconds left.\n|\n|t:|1682831153\n|-terastallize|p2b: Annihilape|Fire\n|move|p2b: Annihilape|Rage Fist|p1b: Flutter Mane\n|-supereffective|p1b: Flutter Mane\n|-damage|p1b: Flutter Mane|0 fnt\n|faint|p1b: Flutter Mane\n|-end|p1b: Flutter Mane|Protosynthesis|[silent]\n|move|p1a: Tropius|Air Slash|p2b: Annihilape\n|-damage|p2b: Annihilape|35\/100\n|\n|-heal|p2b: Annihilape|42\/100|[from] item: Leftovers\n|-end|p1a: Tropius|move: Taunt\n|upkeep\n|\n|t:|1682831157\n|switch|p1b: Torkoal|Torkoal, L50, M|100\/100\n|-weather|SunnyDay|[from] ability: Drought|[of] p1b: Torkoal\n|turn|7\n|\n|t:|1682831178\n|move|p2b: Annihilape|Rage Fist|p1b: Torkoal\n|-damage|p1b: Torkoal|26\/100\n|move|p1a: Tropius|Air Slash|p2b: Annihilape\n|-damage|p2b: Annihilape|27\/100\n|move|p1b: Torkoal|Earth Power|p2b: Annihilape\n|-supereffective|p2b: Annihilape\n|-damage|p2b: Annihilape|0 fnt\n|faint|p2b: Annihilape\n|\n|win|Terran Weeds\n|raw|Terran Weeds's rating: 1183 → 1205<\/strong> (+22 for winning)\n|raw|BikkuBoi's rating: 1146 → 1124<\/strong> (-22 for losing)\n","uploadtime":1682831194,"views":11,"p1id":"terranweeds","p2id":"bikkuboi","formatid":"gen9vgc2023regulationc","rating":1124,"private":0,"password":""}