{"id":"gen9vgc2023regulationc-1845579791","p1":"gemifi","p2":"Mauvellous","format":"[Gen 9] VGC 2023 Regulation C","log":"|j|\u2606gemifi\n|j|\u2606Mauvellous\n|t:|1681746695\n|gametype|doubles\n|player|p1|gemifi|aromalady|1094\n|player|p2|Mauvellous|hilda-wonderlauncher|1173\n|teamsize|p1|6\n|teamsize|p2|6\n|gen|9\n|tier|[Gen 9] VGC 2023 Regulation C\n|rated|\n|rule|Species Clause: Limit one of each Pok\u00e9mon\n|rule|Item Clause: Limit one of each item\n|clearpoke\n|poke|p1|Chien-Pao, L50|\n|poke|p1|Mudsdale, L50, F|\n|poke|p1|Maushold-Four, L50|\n|poke|p1|Tyranitar, L50, F|\n|poke|p1|Flutter Mane, L50|\n|poke|p1|Amoonguss, L50, M|\n|poke|p2|Talonflame, L50, M|\n|poke|p2|Scream Tail, L50|\n|poke|p2|Palafin, L50, M|\n|poke|p2|Garchomp, L50, F|\n|poke|p2|Flutter Mane, L50|\n|poke|p2|Glimmora, L50, F|\n|teampreview|4\n|\n|t:|1681746715\n|start\n|switch|p1a: Arthur Morgan|Mudsdale, L50, F|100\/100\n|switch|p1b: Tyranitar|Tyranitar, L50, F|100\/100\n|switch|p2a: Talonflame|Talonflame, L50, M, shiny|100\/100\n|switch|p2b: Palafin|Palafin, L50, M, shiny|100\/100\n|-weather|Sandstorm|[from] ability: Sand Stream|[of] p1b: Tyranitar\n|turn|1\n|\n|t:|1681746731\n|-terastallize|p1a: Arthur Morgan|Rock\n|move|p2b: Palafin|Protect|p2b: Palafin\n|-singleturn|p2b: Palafin|Protect\n|move|p2a: Talonflame|Will-O-Wisp|p1b: Tyranitar\n|-status|p1b: Tyranitar|brn\n|move|p1b: Tyranitar|Rock Blast|p1a: Arthur Morgan\n|-damage|p1a: Arthur Morgan|96\/100\n|-ability|p1a: Arthur Morgan|Stamina|boost\n|-boost|p1a: Arthur Morgan|def|1\n|-damage|p1a: Arthur Morgan|93\/100\n|-ability|p1a: Arthur Morgan|Stamina|boost\n|-boost|p1a: Arthur Morgan|def|1\n|-hitcount|p1a: Arthur Morgan|2\n|move|p1a: Arthur Morgan|Body Press|p2b: Palafin\n|-activate|p2b: Palafin|move: Protect\n|\n|-weather|Sandstorm|[upkeep]\n|-damage|p2a: Talonflame|94\/100|[from] Sandstorm\n|-damage|p2b: Palafin|95\/100|[from] Sandstorm\n|-heal|p1a: Arthur Morgan|99\/100|[from] item: Leftovers\n|-damage|p1b: Tyranitar|95\/100 brn|[from] brn\n|upkeep\n|turn|2\n|\n|t:|1681746756\n|detailschange|p2b: Palafin|Palafin-Hero, L50, M, shiny\n|switch|p2b: Glimmora|Glimmora, L50, F, shiny|100\/100\n|move|p2a: Talonflame|Will-O-Wisp|p1a: Arthur Morgan\n|-status|p1a: Arthur Morgan|brn\n|move|p1b: Tyranitar|Rock Blast|p1a: Arthur Morgan\n|-damage|p1a: Arthur Morgan|97\/100 brn\n|-ability|p1a: Arthur Morgan|Stamina|boost\n|-boost|p1a: Arthur Morgan|def|1\n|-damage|p1a: Arthur Morgan|95\/100 brn\n|-ability|p1a: Arthur Morgan|Stamina|boost\n|-boost|p1a: Arthur Morgan|def|1\n|-hitcount|p1a: Arthur Morgan|2\n|move|p1a: Arthur Morgan|Body Press|p2b: Glimmora\n|-damage|p2b: Glimmora|67\/100\n|-activate|p2b: Glimmora|ability: Toxic Debris\n|-sidestart|p1: gemifi|move: Toxic Spikes\n|\n|-weather|Sandstorm|[upkeep]\n|-damage|p2a: Talonflame|88\/100|[from] Sandstorm\n|-heal|p1a: Arthur Morgan|100\/100 brn|[from] item: Leftovers\n|-damage|p1b: Tyranitar|89\/100 brn|[from] brn\n|-damage|p1a: Arthur Morgan|95\/100 brn|[from] brn\n|upkeep\n|turn|3\n|\n|t:|1681746786\n|move|p2a: Talonflame|Tailwind|p2a: Talonflame\n|-sidestart|p2: Mauvellous|move: Tailwind\n|move|p2b: Glimmora|Energy Ball|p1a: Arthur Morgan\n|-supereffective|p1a: Arthur Morgan\n|-damage|p1a: Arthur Morgan|58\/100 brn\n|-ability|p1a: Arthur Morgan|Stamina|boost\n|-boost|p1a: Arthur Morgan|def|1\n|move|p1b: Tyranitar|Rock Blast|p2a: Talonflame\n|-supereffective|p2a: Talonflame\n|-damage|p2a: Talonflame|50\/100\n|-supereffective|p2a: Talonflame\n|-damage|p2a: Talonflame|8\/100\n|-hitcount|p2a: Talonflame|2\n|move|p1a: Arthur Morgan|Heavy Slam|p2b: Glimmora\n|-supereffective|p2b: Glimmora\n|-damage|p2b: Glimmora|34\/100\n|-activate|p2b: Glimmora|ability: Toxic Debris\n|-sidestart|p1: gemifi|move: Toxic Spikes\n|\n|-weather|Sandstorm|[upkeep]\n|-damage|p2a: Talonflame|2\/100|[from] Sandstorm\n|-heal|p1a: Arthur Morgan|64\/100 brn|[from] item: Leftovers\n|-damage|p1b: Tyranitar|83\/100 brn|[from] brn\n|-damage|p1a: Arthur Morgan|58\/100 brn|[from] brn\n|upkeep\n|turn|4\n|\n|t:|1681746815\n|move|p1a: Arthur Morgan|Protect|p1a: Arthur Morgan\n|-singleturn|p1a: Arthur Morgan|Protect\n|move|p2a: Talonflame|Brave Bird|p1a: Arthur Morgan\n|-activate|p1a: Arthur Morgan|move: Protect\n|move|p2b: Glimmora|Earth Power|p1b: Tyranitar\n|-supereffective|p1b: Tyranitar\n|-damage|p1b: Tyranitar|61\/100 brn\n|move|p1b: Tyranitar|Rock Blast|p2a: Talonflame\n|-supereffective|p2a: Talonflame\n|-damage|p2a: Talonflame|0 fnt\n|faint|p2a: Talonflame\n|-hitcount|p2: Talonflame|1\n|\n|-weather|Sandstorm|[upkeep]\n|-heal|p1a: Arthur Morgan|64\/100 brn|[from] item: Leftovers\n|-damage|p1b: Tyranitar|55\/100 brn|[from] brn\n|-damage|p1a: Arthur Morgan|58\/100 brn|[from] brn\n|upkeep\n|\n|t:|1681746834\n|switch|p2a: Scream Tail|Scream Tail, L50|100\/100\n|-enditem|p2a: Scream Tail|Booster Energy\n|-activate|p2a: Scream Tail|ability: Protosynthesis|[fromitem]\n|-start|p2a: Scream Tail|protosynthesisspe\n|turn|5\n|\n|t:|1681746848\n|move|p2a: Scream Tail|Reflect|p2a: Scream Tail\n|-sidestart|p2: Mauvellous|Reflect\n|move|p2b: Glimmora|Energy Ball|p1b: Tyranitar\n|-supereffective|p1b: Tyranitar\n|-damage|p1b: Tyranitar|31\/100 brn\n|move|p1b: Tyranitar|Rock Blast|p2b: Glimmora\n|-damage|p2b: Glimmora|29\/100\n|-damage|p2b: Glimmora|24\/100\n|-hitcount|p2b: Glimmora|2\n|move|p1a: Arthur Morgan|Heavy Slam|p2a: Scream Tail\n|-supereffective|p2a: Scream Tail\n|-damage|p2a: Scream Tail|84\/100\n|\n|-weather|none\n|-heal|p1a: Arthur Morgan|64\/100 brn|[from] item: Leftovers\n|-damage|p1b: Tyranitar|25\/100 brn|[from] brn\n|-damage|p1a: Arthur Morgan|58\/100 brn|[from] brn\n|upkeep\n|turn|6\n|\n|t:|1681746878\n|move|p2a: Scream Tail|Howl|p2a: Scream Tail|[spread] p2a,p2b\n|-boost|p2a: Scream Tail|atk|1\n|-boost|p2b: Glimmora|atk|1\n|move|p2b: Glimmora|Energy Ball|p1a: Arthur Morgan\n|-supereffective|p1a: Arthur Morgan\n|-crit|p1a: Arthur Morgan\n|-damage|p1a: Arthur Morgan|0 fnt\n|faint|p1a: Arthur Morgan\n|move|p1b: Tyranitar|Shadow Claw|p2a: Scream Tail\n|-supereffective|p2a: Scream Tail\n|-damage|p2a: Scream Tail|70\/100\n|\n|-damage|p1b: Tyranitar|19\/100 brn|[from] brn\n|-sideend|p2: Mauvellous|move: Tailwind\n|upkeep\n|\n|t:|1681746891\n|switch|p1a: Ness|Flutter Mane, L50|100\/100\n|-status|p1a: Ness|tox\n|-enditem|p1a: Ness|Booster Energy\n|-activate|p1a: Ness|ability: Protosynthesis|[fromitem]\n|-start|p1a: Ness|protosynthesisspe\n|turn|7\n|\n|t:|1681746907\n|move|p1a: Ness|Shadow Ball|p2b: Glimmora\n|-damage|p2b: Glimmora|0 fnt\n|faint|p2b: Glimmora\n|move|p2a: Scream Tail|Light Screen|p2a: Scream Tail\n|-sidestart|p2: Mauvellous|move: Light Screen\n|move|p1b: Tyranitar|Avalanche|p2a: Scream Tail\n|-damage|p2a: Scream Tail|65\/100\n|\n|-damage|p1a: Ness|94\/100 tox|[from] psn\n|-damage|p1b: Tyranitar|14\/100 brn|[from] brn\n|upkeep\n|\n|t:|1681746920\n|switch|p2b: Palafin|Palafin-Hero, L50, M, shiny|95\/100\n|-activate|p2b: Palafin|ability: Zero to Hero\n|turn|8\n|\n|t:|1681746934\n|switch|p1b: Imposter|Amoonguss, L50, M|100\/100\n|-sideend|p1: gemifi|move: Toxic Spikes|[of] p1b: Imposter\n|move|p1a: Ness|Shadow Ball|p2b: Palafin\n|-damage|p2b: Palafin|64\/100\n|-unboost|p2b: Palafin|spd|1\n|move|p2a: Scream Tail|Howl|p2a: Scream Tail|[spread] p2a,p2b\n|-boost|p2a: Scream Tail|atk|1\n|-boost|p2b: Palafin|atk|1\n|move|p2b: Palafin|Focus Energy|p2b: Palafin\n|-start|p2b: Palafin|move: Focus Energy\n|\n|-damage|p1a: Ness|82\/100 tox|[from] psn\n|upkeep\n|turn|9\n|\n|t:|1681746953\n|move|p1a: Ness|Protect|p1a: Ness\n|-singleturn|p1a: Ness|Protect\n|move|p2b: Palafin|Protect|p2b: Palafin\n|-singleturn|p2b: Palafin|Protect\n|move|p2a: Scream Tail|Howl|p2a: Scream Tail|[spread] p2a,p2b\n|-boost|p2a: Scream Tail|atk|1\n|-boost|p2b: Palafin|atk|1\n|move|p1b: Imposter|Spore|p2b: Palafin\n|-activate|p2b: Palafin|move: Protect\n|\n|-damage|p1a: Ness|64\/100 tox|[from] psn\n|-sideend|p2: Mauvellous|Reflect\n|upkeep\n|turn|10\n|\n|t:|1681746974\n|move|p1a: Ness|Protect||[still]\n|-fail|p1a: Ness\n|move|p2b: Palafin|Jet Punch|p1a: Ness\n|-crit|p1a: Ness\n|-damage|p1a: Ness|0 fnt\n|faint|p1a: Ness\n|-end|p1a: Ness|Protosynthesis|[silent]\n|move|p2a: Scream Tail|Reflect|p2a: Scream Tail\n|-sidestart|p2: Mauvellous|Reflect\n|move|p1b: Imposter|Spore|p2b: Palafin\n|-status|p2b: Palafin|slp|[from] move: Spore\n|\n|upkeep\n|\n|t:|1681746983\n|switch|p1a: Tyranitar|Tyranitar, L50, F|14\/100 brn\n|-weather|Sandstorm|[from] ability: Sand Stream|[of] p1a: Tyranitar\n|turn|11\n|\n|t:|1681746997\n|cant|p2b: Palafin|slp\n|move|p2a: Scream Tail|Play Rough|p1a: Tyranitar\n|-supereffective|p1a: Tyranitar\n|-damage|p1a: Tyranitar|0 fnt\n|faint|p1a: Tyranitar\n|move|p1b: Imposter|Clear Smog|p2b: Palafin\n|-crit|p2b: Palafin\n|-damage|p2b: Palafin|13\/100 slp\n|-clearboost|p2b: Palafin\n|\n|-weather|Sandstorm|[upkeep]\n|-damage|p2a: Scream Tail|59\/100|[from] Sandstorm\n|-damage|p2b: Palafin|7\/100 slp|[from] Sandstorm\n|-damage|p1b: Imposter|95\/100|[from] Sandstorm\n|-sideend|p2: Mauvellous|move: Light Screen\n|upkeep\n|turn|12\n|\n|t:|1681747017\n|-terastallize|p2b: Palafin|Water\n|move|p2a: Scream Tail|Howl|p2a: Scream Tail|[spread] p2a,p2b\n|-boost|p2a: Scream Tail|atk|1\n|-boost|p2b: Palafin|atk|1\n|-curestatus|p2b: Palafin|slp|[msg]\n|move|p2b: Palafin|Wave Crash|p1b: Imposter\n|-resisted|p1b: Imposter\n|-crit|p1b: Imposter\n|-damage|p1b: Imposter|0 fnt\n|faint|p1b: Imposter\n|-damage|p2b: Palafin|0 fnt|[from] Recoil\n|faint|p2b: Palafin\n|\n|win|Mauvellous\n|raw|gemifi's rating: 1094 → 1075<\/strong> (-19 for losing)\n|raw|Mauvellous's rating: 1173 → 1192<\/strong> (+19 for winning)\n|l|\u2606gemifi\n","uploadtime":1681747034,"views":19,"p1id":"gemifi","p2id":"mauvellous","formatid":"gen9vgc2023regulationc","rating":1075,"private":0,"password":""}