{"id":"gen9vgc2023regulationc-1847683462","p1":"LameLiarLeo","p2":"moth.o","format":"[Gen 9] VGC 2023 Regulation C","log":"|j|\u2606LameLiarLeo\n|j|\u2606moth.o\n|t:|1681992016\n|gametype|doubles\n|player|p1|LameLiarLeo|170|1375\n|player|p2|moth.o|roxie|1354\n|teamsize|p1|6\n|teamsize|p2|6\n|gen|9\n|tier|[Gen 9] VGC 2023 Regulation C\n|rated|\n|rule|Species Clause: Limit one of each Pok\u00e9mon\n|rule|Item Clause: Limit one of each item\n|clearpoke\n|poke|p1|Kingambit, L50, M|\n|poke|p1|Iron Bundle, L50|\n|poke|p1|Arcanine, L50, M|\n|poke|p1|Great Tusk, L50|\n|poke|p1|Flutter Mane, L50|\n|poke|p1|Amoonguss, L50, F|\n|poke|p2|Chi-Yu, L50|\n|poke|p2|Iron Jugulis, L50|\n|poke|p2|Palafin, L50, F|\n|poke|p2|Great Tusk, L50|\n|poke|p2|Gholdengo, L50|\n|poke|p2|Glimmora, L50, F|\n|teampreview|4\n|inactive|Battle timer is ON: inactive players will automatically lose when time's up. (requested by LameLiarLeo)\nLameLiarLeo has agreed to open team sheets.\n|inactive|LameLiarLeo has 60 seconds left.\n|inactive|moth.o has 60 seconds left.\n|\n|t:|1681992064\n|start\n|switch|p1a: Iron Bundle|Iron Bundle, L50|100\/100\n|switch|p1b: Flutter Mane|Flutter Mane, L50|100\/100\n|switch|p2a: Hydr\u00e1ulica|Iron Jugulis, L50|100\/100\n|switch|p2b: Perniciosa|Glimmora, L50, F, shiny|100\/100\n|-enditem|p1a: Iron Bundle|Booster Energy\n|-activate|p1a: Iron Bundle|ability: Quark Drive|[fromitem]\n|-start|p1a: Iron Bundle|quarkdrivespe\n|-enditem|p2a: Hydr\u00e1ulica|Booster Energy\n|-activate|p2a: Hydr\u00e1ulica|ability: Quark Drive|[fromitem]\n|-start|p2a: Hydr\u00e1ulica|quarkdrivespe\n|turn|1\n|inactive|LameLiarLeo has 30 seconds left.\n|\n|t:|1681992093\n|-terastallize|p1b: Flutter Mane|Steel\n|move|p2a: Hydr\u00e1ulica|Protect|p2a: Hydr\u00e1ulica\n|-singleturn|p2a: Hydr\u00e1ulica|Protect\n|move|p1a: Iron Bundle|Icy Wind|p2b: Perniciosa|[spread] p2b\n|-activate|p2a: Hydr\u00e1ulica|move: Protect\n|-damage|p2b: Perniciosa|78\/100\n|-unboost|p2b: Perniciosa|spe|1\n|move|p1b: Flutter Mane|Dazzling Gleam|p2a: Hydr\u00e1ulica|[spread] p2b\n|-activate|p2a: Hydr\u00e1ulica|move: Protect\n|-resisted|p2b: Perniciosa\n|-damage|p2b: Perniciosa|54\/100\n|move|p2b: Perniciosa|Power Gem|p1a: Iron Bundle\n|-supereffective|p1a: Iron Bundle\n|-damage|p1a: Iron Bundle|0 fnt\n|faint|p1a: Iron Bundle\n|-end|p1a: Iron Bundle|Quark Drive|[silent]\n|-damage|p2b: Perniciosa|44\/100|[from] item: Life Orb\n|\n|upkeep\n|\n|t:|1681992116\n|switch|p1a: Kingambit|Kingambit, L50, M|100\/100\n|turn|2\n|\n|t:|1681992133\n|move|p2b: Perniciosa|Spiky Shield|p2b: Perniciosa\n|-singleturn|p2b: Perniciosa|move: Protect\n|move|p2a: Hydr\u00e1ulica|Tailwind|p2a: Hydr\u00e1ulica\n|-sidestart|p2: moth.o|move: Tailwind\n|move|p1b: Flutter Mane|Dazzling Gleam|p2b: Perniciosa|[spread] p2a\n|-activate|p2b: Perniciosa|move: Protect\n|-supereffective|p2a: Hydr\u00e1ulica\n|-damage|p2a: Hydr\u00e1ulica|0 fnt\n|faint|p2a: Hydr\u00e1ulica\n|-end|p2a: Hydr\u00e1ulica|Quark Drive|[silent]\n|move|p1a: Kingambit|Iron Head|p2b: Perniciosa\n|-activate|p2b: Perniciosa|move: Protect\n|-damage|p1a: Kingambit|88\/100|[from] Spiky Shield|[of] p2b: Perniciosa\n|\n|upkeep\n|\n|t:|1681992148\n|switch|p2a: Colmillote|Great Tusk, L50|100\/100\n|turn|3\n|inactive|moth.o has 30 seconds left.\n|\n|t:|1681992177\n|-terastallize|p2b: Perniciosa|Grass\n|move|p1a: Kingambit|Sucker Punch|p2a: Colmillote\n|-resisted|p2a: Colmillote\n|-damage|p2a: Colmillote|88\/100\n|move|p2a: Colmillote|Earthquake|p1a: Kingambit|[spread] p2b,p1a,p1b\n|-resisted|p2b: Perniciosa\n|-supereffective|p1a: Kingambit\n|-supereffective|p1b: Flutter Mane\n|-crit|p1b: Flutter Mane\n|-damage|p2b: Perniciosa|23\/100\n|-damage|p1a: Kingambit|27\/100\n|-damage|p1b: Flutter Mane|0 fnt\n|-activate|p2b: Perniciosa|ability: Toxic Debris\n|-sidestart|p1: LameLiarLeo|move: Toxic Spikes\n|faint|p1b: Flutter Mane\n|-end|p1b: Flutter Mane|Protosynthesis|[silent]\n|move|p2b: Perniciosa|Power Gem|p1a: Kingambit\n|-resisted|p1a: Kingambit\n|-damage|p1a: Kingambit|10\/100\n|-damage|p2b: Perniciosa|13\/100|[from] item: Life Orb\n|\n|upkeep\n|\n|t:|1681992193\n|switch|p1b: Arcanine|Arcanine, L50, M|100\/100\n|-status|p1b: Arcanine|psn\n|-ability|p1b: Arcanine|Intimidate|boost\n|-unboost|p2a: Colmillote|atk|1\n|-unboost|p2b: Perniciosa|atk|1\n|turn|4\n|\n|t:|1681992211\n|-end|p2a: Colmillote|Protosynthesis|[silent]\n|switch|p2a: Ganga|Gholdengo, L50|100\/100\n|move|p1b: Arcanine|Protect|p1b: Arcanine\n|-singleturn|p1b: Arcanine|Protect\n|move|p1a: Kingambit|Sucker Punch|p2b: Perniciosa\n|-damage|p2b: Perniciosa|0 fnt\n|-activate|p2b: Perniciosa|ability: Toxic Debris\n|-sidestart|p1: LameLiarLeo|move: Toxic Spikes\n|faint|p2b: Perniciosa\n|\n|-damage|p1b: Arcanine|88\/100 psn|[from] psn\n|upkeep\n|\n|t:|1681992224\n|switch|p2b: Colmillote|Great Tusk, L50|88\/100\n|turn|5\n|\n|t:|1681992241\n|move|p1a: Kingambit|Sucker Punch||[still]\n|-fail|p1a: Kingambit\n|move|p2a: Ganga|Nasty Plot|p2a: Ganga\n|-boost|p2a: Ganga|spa|2\n|move|p2b: Colmillote|Headlong Rush|p1b: Arcanine\n|-supereffective|p1b: Arcanine\n|-damage|p1b: Arcanine|0 fnt\n|-unboost|p2b: Colmillote|def|1\n|-unboost|p2b: Colmillote|spd|1\n|faint|p1b: Arcanine\n|\n|-sideend|p2: moth.o|move: Tailwind\n|upkeep\n|turn|6\n|c|\u2606LameLiarLeo|gg\n|\n|t:|1681992259\n|move|p2a: Ganga|Shadow Ball|p1a: Kingambit\n|-resisted|p1a: Kingambit\n|-damage|p1a: Kingambit|0 fnt\n|faint|p1a: Kingambit\n|\n|win|moth.o\n|raw|LameLiarLeo's rating: 1375 → 1354<\/strong> (-21 for losing)\n|raw|moth.o's rating: 1354 → 1375<\/strong> (+21 for winning)\n","uploadtime":1681992269,"views":14,"p1id":"lameliarleo","p2id":"motho","formatid":"gen9vgc2023regulationc","rating":1354,"private":0,"password":""}