{"id":"gen9vgc2023regulationc-1857818329","p1":"Mafijoka","p2":"Pookie Prince D","format":"[Gen 9] VGC 2023 Regulation C","log":"|j|\u2606Mafijoka\n|j|\u2606Pookie Prince D\n|t:|1683235016\n|gametype|doubles\n|player|p1|Mafijoka|rood|1061\n|player|p2|Pookie Prince D|lance|1063\n|teamsize|p1|6\n|teamsize|p2|6\n|gen|9\n|tier|[Gen 9] VGC 2023 Regulation C\n|rated|\n|rule|Species Clause: Limit one of each Pok\u00e9mon\n|rule|Item Clause: Limit one of each item\n|clearpoke\n|poke|p1|Dugtrio, L50, M|\n|poke|p1|Toedscruel, L50, F|\n|poke|p1|Grimmsnarl, L50, M|\n|poke|p1|Dragapult, L50, M|\n|poke|p1|Garganacl, L50, M|\n|poke|p1|Iron Bundle, L50|\n|poke|p2|Flutter Mane, L50|\n|poke|p2|Murkrow, L50, F|\n|poke|p2|Toxapex, L50, F|\n|poke|p2|Primeape, L50, M|\n|poke|p2|Eelektross, L50, M|\n|poke|p2|Oranguru, L50, F|\n|teampreview|4\nPookie Prince D rejected open team sheets.\n|\n|t:|1683235059\n|start\n|switch|p1a: Grimmsnarl|Grimmsnarl, L50, M|100\/100\n|switch|p1b: Dugtrio|Dugtrio, L50, M|100\/100\n|switch|p2a: Eelektross|Eelektross, L50, M, shiny|100\/100\n|switch|p2b: Oranguru|Oranguru, L50, F, shiny|100\/100\n|turn|1\n|c|\u2606Mafijoka|Ah ha\u261d\ufe0f confused right\n|c|\u2606Pookie Prince D|yo im sorry\n|\n|t:|1683235206\n|move|p2b: Oranguru|Protect|p2b: Oranguru\n|-singleturn|p2b: Oranguru|Protect\n|move|p1a: Grimmsnarl|Fake Out|p2a: Eelektross\n|-damage|p2a: Eelektross|88\/100\n|move|p1b: Dugtrio|Rock Blast|p2a: Eelektross\n|-damage|p2a: Eelektross|78\/100\n|-damage|p2a: Eelektross|68\/100\n|-damage|p2a: Eelektross|59\/100\n|-damage|p2a: Eelektross|49\/100\n|-damage|p2a: Eelektross|39\/100\n|-hitcount|p2a: Eelektross|5\n|cant|p2a: Eelektross|flinch\n|\n|upkeep\n|turn|2\n|\n|t:|1683235247\n|switch|p2a: Flutter Mane|Flutter Mane, L50, shiny|100\/100\n|-enditem|p2a: Flutter Mane|Booster Energy\n|-activate|p2a: Flutter Mane|ability: Protosynthesis|[fromitem]\n|-start|p2a: Flutter Mane|protosynthesisspa\n|move|p1a: Grimmsnarl|Sucker Punch||[still]\n|-fail|p1a: Grimmsnarl\n|move|p1b: Dugtrio|Rock Blast|p2a: Flutter Mane\n|-damage|p2a: Flutter Mane|82\/100\n|-damage|p2a: Flutter Mane|62\/100\n|-damage|p2a: Flutter Mane|44\/100\n|-damage|p2a: Flutter Mane|26\/100\n|-hitcount|p2a: Flutter Mane|4\n|move|p2b: Oranguru|Psyshock|p1b: Dugtrio\n|-damage|p1b: Dugtrio|26\/100\n|\n|upkeep\n|turn|3\n|\n|t:|1683235293\n|-end|p2a: Flutter Mane|Protosynthesis|[silent]\n|switch|p2a: Primeape|Primeape, L50, M, shiny|100\/100\n|move|p1b: Dugtrio|Protect|p1b: Dugtrio\n|-singleturn|p1b: Dugtrio|Protect\n|move|p1a: Grimmsnarl|Light Screen|p1a: Grimmsnarl\n|-sidestart|p1: Mafijoka|move: Light Screen\n|move|p2b: Oranguru|Psyshock|p1b: Dugtrio\n|-activate|p1b: Dugtrio|move: Protect\n|\n|upkeep\n|turn|4\n|\n|t:|1683235313\n|switch|p1b: Toedscruel|Toedscruel, L50, F|100\/100\n|move|p1a: Grimmsnarl|Reflect|p1a: Grimmsnarl\n|-sidestart|p1: Mafijoka|Reflect\n|move|p2a: Primeape|Bulk Up|p2a: Primeape\n|-boost|p2a: Primeape|atk|1\n|-boost|p2a: Primeape|def|1\n|move|p2b: Oranguru|Imprison|p2b: Oranguru\n|-start|p2b: Oranguru|move: Imprison\n|\n|upkeep\n|turn|5\n|c|\u2606Mafijoka|No trick room\n|\n|t:|1683235401\n|move|p1a: Grimmsnarl|Sucker Punch||[still]\n|-fail|p1a: Grimmsnarl\n|move|p2a: Primeape|Bulk Up|p2a: Primeape\n|-boost|p2a: Primeape|atk|1\n|-boost|p2a: Primeape|def|1\n|move|p1b: Toedscruel|Leech Seed|p2a: Primeape\n|-start|p2a: Primeape|move: Leech Seed\n|move|p2b: Oranguru|Trick Room|p2b: Oranguru\n|-fieldstart|move: Trick Room|[of] p2b: Oranguru\n|\n|-damage|p2a: Primeape|88\/100|[from] Leech Seed|[of] p1b: Toedscruel\n|upkeep\n|turn|6\n|\n|t:|1683235438\n|switch|p1a: Dugtrio|Dugtrio, L50, M|26\/100\n|move|p2b: Oranguru|Psyshock|p1b: Toedscruel\n|-damage|p1b: Toedscruel|83\/100\n|move|p2a: Primeape|Drain Punch|p1a: Dugtrio\n|-damage|p1a: Dugtrio|0 fnt\n|-heal|p2a: Primeape|96\/100|[from] drain|[of] p1a: Dugtrio\n|faint|p1a: Dugtrio\n|move|p1b: Toedscruel|Wrap|p2a: Primeape\n|-damage|p2a: Primeape|95\/100\n|-activate|p2a: Primeape|move: Wrap|[of] p1b: Toedscruel\n|\n|-damage|p2a: Primeape|82\/100|[from] Leech Seed|[of] p1b: Toedscruel\n|-heal|p1b: Toedscruel|95\/100|[silent]\n|-damage|p2a: Primeape|70\/100|[from] move: Wrap|[partiallytrapped]\n|upkeep\n|\n|t:|1683235458\n|switch|p1a: Grimmsnarl|Grimmsnarl, L50, M|100\/100\n|turn|7\n|\n|t:|1683235478\n|move|p1a: Grimmsnarl|Fake Out|p2b: Oranguru\n|-damage|p2b: Oranguru|89\/100\n|move|p2b: Oranguru|Psyshock|p1b: Toedscruel\n|-damage|p1b: Toedscruel|79\/100\n|move|p2a: Primeape|Drain Punch|p1a: Grimmsnarl\n|-damage|p1a: Grimmsnarl|61\/100\n|-heal|p2a: Primeape|93\/100|[from] drain|[of] p1a: Grimmsnarl\n|move|p1b: Toedscruel|Wrap|p2b: Oranguru\n|-damage|p2b: Oranguru|86\/100\n|-activate|p2b: Oranguru|move: Wrap|[of] p1b: Toedscruel\n|\n|-damage|p2a: Primeape|81\/100|[from] Leech Seed|[of] p1b: Toedscruel\n|-heal|p1b: Toedscruel|90\/100|[silent]\n|-damage|p2b: Oranguru|74\/100|[from] move: Wrap|[partiallytrapped]\n|-damage|p2a: Primeape|69\/100|[from] move: Wrap|[partiallytrapped]\n|upkeep\n|turn|8\n|\n|t:|1683235519\n|move|p1a: Grimmsnarl|Sucker Punch||[still]\n|-fail|p1a: Grimmsnarl\n|move|p2b: Oranguru|Psyshock|p1b: Toedscruel\n|-damage|p1b: Toedscruel|74\/100\n|move|p2a: Primeape|Bulk Up|p2a: Primeape\n|-boost|p2a: Primeape|atk|1\n|-boost|p2a: Primeape|def|1\n|move|p1b: Toedscruel|Leech Seed|p2b: Oranguru\n|-start|p2b: Oranguru|move: Leech Seed\n|\n|-damage|p2b: Oranguru|62\/100|[from] Leech Seed|[of] p1b: Toedscruel\n|-heal|p1b: Toedscruel|87\/100|[silent]\n|-damage|p2a: Primeape|56\/100|[from] Leech Seed|[of] p1b: Toedscruel\n|-heal|p1b: Toedscruel|98\/100|[silent]\n|-damage|p2b: Oranguru|50\/100|[from] move: Wrap|[partiallytrapped]\n|-damage|p2a: Primeape|44\/100|[from] move: Wrap|[partiallytrapped]\n|upkeep\n|-enditem|p2b: Oranguru|Sitrus Berry|[eat]\n|-heal|p2b: Oranguru|75\/100|[from] item: Sitrus Berry\n|turn|9\n|\n|t:|1683235547\n|switch|p1a: Garganacl|Garganacl, L50, M|100\/100\n|move|p2b: Oranguru|Protect|p2b: Oranguru\n|-singleturn|p2b: Oranguru|Protect\n|move|p2a: Primeape|Drain Punch|p1a: Garganacl\n|-supereffective|p1a: Garganacl\n|-damage|p1a: Garganacl|29\/100\n|-heal|p2a: Primeape|87\/100|[from] drain|[of] p1a: Garganacl\n|move|p1b: Toedscruel|Spore|p2b: Oranguru\n|-activate|p2b: Oranguru|move: Protect\n|\n|-heal|p1a: Garganacl|35\/100|[from] item: Leftovers\n|-damage|p2b: Oranguru|62\/100|[from] Leech Seed|[of] p1b: Toedscruel\n|-heal|p1b: Toedscruel|100\/100|[silent]\n|-damage|p2a: Primeape|75\/100|[from] Leech Seed|[of] p1b: Toedscruel\n|-damage|p2b: Oranguru|50\/100|[from] move: Wrap|[partiallytrapped]\n|-damage|p2a: Primeape|63\/100|[from] move: Wrap|[partiallytrapped]\n|-fieldend|move: Trick Room\n|upkeep\n|turn|10\n|\n|t:|1683235580\n|-terastallize|p1a: Garganacl|Ghost\n|move|p2a: Primeape|Drain Punch|p1a: Garganacl\n|-immune|p1a: Garganacl\n|move|p2b: Oranguru|Psyshock|p1b: Toedscruel\n|-damage|p1b: Toedscruel|84\/100\n|move|p1a: Garganacl|Recover|p1a: Garganacl\n|-heal|p1a: Garganacl|85\/100\n|move|p1b: Toedscruel|Spore|p2a: Primeape\n|-status|p2a: Primeape|slp|[from] move: Spore\n|\n|-heal|p1a: Garganacl|91\/100|[from] item: Leftovers\n|-damage|p2a: Primeape|50\/100 slp|[from] Leech Seed|[of] p1b: Toedscruel\n|-heal|p1b: Toedscruel|95\/100|[silent]\n|-damage|p2b: Oranguru|38\/100|[from] Leech Seed|[of] p1b: Toedscruel\n|-heal|p1b: Toedscruel|100\/100|[silent]\n|-end|p2a: Primeape|Wrap|[partiallytrapped]\n|-damage|p2b: Oranguru|26\/100|[from] move: Wrap|[partiallytrapped]\n|-sideend|p1: Mafijoka|move: Light Screen\n|upkeep\n|turn|11\n|c|\u2606Pookie Prince D|this match is crazy\n|\n|t:|1683235626\n|cant|p2a: Primeape|slp\n|move|p2b: Oranguru|Psyshock|p1b: Toedscruel\n|-damage|p1b: Toedscruel|78\/100\n|move|p1a: Garganacl|Salt Cure|p2a: Primeape\n|-resisted|p2a: Primeape\n|-damage|p2a: Primeape|48\/100 slp\n|-start|p2a: Primeape|Salt Cure\n|move|p1b: Toedscruel|Spore|p2b: Oranguru\n|-status|p2b: Oranguru|slp|[from] move: Spore\n|\n|-heal|p1a: Garganacl|97\/100|[from] item: Leftovers\n|-damage|p2a: Primeape|35\/100 slp|[from] Leech Seed|[of] p1b: Toedscruel\n|-heal|p1b: Toedscruel|89\/100|[silent]\n|-damage|p2b: Oranguru|14\/100 slp|[from] Leech Seed|[of] p1b: Toedscruel\n|-heal|p1b: Toedscruel|100\/100|[silent]\n|-damage|p2a: Primeape|23\/100 slp|[from] Salt Cure\n|-damage|p2b: Oranguru|2\/100 slp|[from] move: Wrap|[partiallytrapped]\n|-sideend|p1: Mafijoka|Reflect\n|upkeep\n|turn|12\n|\n|t:|1683235671\n|move|p1b: Toedscruel|Wrap|p2a: Primeape\n|-damage|p2a: Primeape|22\/100 slp\n|-activate|p2a: Primeape|move: Wrap|[of] p1b: Toedscruel\n|cant|p2a: Primeape|slp\n|cant|p2b: Oranguru|slp\n|move|p1a: Garganacl|Salt Cure|p2b: Oranguru\n|-damage|p2b: Oranguru|0 fnt\n|faint|p2b: Oranguru\n|\n|-heal|p1a: Garganacl|100\/100|[from] item: Leftovers\n|-damage|p2a: Primeape|10\/100 slp|[from] Leech Seed|[of] p1b: Toedscruel\n|-damage|p2a: Primeape|0 fnt|[from] move: Wrap|[partiallytrapped]\n|faint|p2a: Primeape\n|upkeep\n|\n|t:|1683235677\n|switch|p2a: Flutter Mane|Flutter Mane, L50, shiny|26\/100\n|switch|p2b: Eelektross|Eelektross, L50, M, shiny|39\/100\n|turn|13\n|c|\u2606Pookie Prince D|gg!\n|c|\u2606Mafijoka|Been working on this for 2 months\n|c|\u2606Pookie Prince D|lol nice\n|c|\u2606Pookie Prince D|this is my finals team of a tourney\n|\n|t:|1683235722\n|-terastallize|p2a: Flutter Mane|Steel\n|move|p1a: Garganacl|Protect|p1a: Garganacl\n|-singleturn|p1a: Garganacl|Protect\n|move|p2a: Flutter Mane|Dazzling Gleam|p1b: Toedscruel|[spread] p1b\n|-activate|p1a: Garganacl|move: Protect\n|-damage|p1b: Toedscruel|73\/100\n|move|p2b: Eelektross|Acid Spray|p1b: Toedscruel\n|-damage|p1b: Toedscruel|61\/100\n|-unboost|p1b: Toedscruel|spd|2\n|move|p1b: Toedscruel|Spore|p2a: Flutter Mane\n|-status|p2a: Flutter Mane|slp|[from] move: Spore\n|\n|upkeep\n|turn|14\n|c|\u2606Pookie Prince D|i play on sunday\n|\n|t:|1683235743\n|cant|p2a: Flutter Mane|slp\n|move|p2b: Eelektross|Acid Spray|p1a: Garganacl\n|-resisted|p1a: Garganacl\n|-damage|p1a: Garganacl|96\/100\n|-unboost|p1a: Garganacl|spd|2\n|move|p1a: Garganacl|Salt Cure|p2a: Flutter Mane\n|-resisted|p2a: Flutter Mane\n|-damage|p2a: Flutter Mane|9\/100 slp\n|-start|p2a: Flutter Mane|Salt Cure\n|move|p1b: Toedscruel|Leech Seed|p2b: Eelektross\n|-start|p2b: Eelektross|move: Leech Seed\n|\n|-heal|p1a: Garganacl|100\/100|[from] item: Leftovers\n|-damage|p2b: Eelektross|27\/100|[from] Leech Seed|[of] p1b: Toedscruel\n|-heal|p1b: Toedscruel|74\/100|[silent]\n|-damage|p2a: Flutter Mane|0 fnt|[from] Salt Cure\n|faint|p2a: Flutter Mane\n|-end|p2a: Flutter Mane|Protosynthesis|[silent]\n|upkeep\n|turn|15\n|c|\u2606Mafijoka|Gg\n|\n|t:|1683235798\n|move|p1b: Toedscruel|Wrap|p2b: Eelektross\n|-damage|p2b: Eelektross|23\/100\n|-activate|p2b: Eelektross|move: Wrap|[of] p1b: Toedscruel\n|move|p2b: Eelektross|Giga Drain|p1b: Toedscruel\n|-damage|p1b: Toedscruel|34\/100\n|-heal|p2b: Eelektross|43\/100|[from] drain|[of] p1b: Toedscruel\n|move|p1a: Garganacl|Salt Cure|p2b: Eelektross\n|-damage|p2b: Eelektross|26\/100\n|-start|p2b: Eelektross|Salt Cure\n|\n|-damage|p2b: Eelektross|14\/100|[from] Leech Seed|[of] p1b: Toedscruel\n|-heal|p1b: Toedscruel|46\/100|[silent]\n|-damage|p2b: Eelektross|1\/100|[from] move: Wrap|[partiallytrapped]\n|-damage|p2b: Eelektross|0 fnt|[from] Salt Cure\n|faint|p2b: Eelektross\n|\n|win|Mafijoka\n|upkeep\n|raw|Mafijoka's rating: 1061 → 1092<\/strong> (+31 for winning)\n|raw|Pookie Prince D's rating: 1063 → 1043<\/strong> (-20 for losing)\n|c|\u2606Mafijoka|Add me\n","uploadtime":1683235818,"views":10,"p1id":"mafijoka","p2id":"pookieprinced","formatid":"gen9vgc2023regulationc","rating":1043,"private":0,"password":""}