{"id":"gen9vgc2023regulationc-1854441904","p1":"Terry kloak","p2":"HazeOneTrick","format":"[Gen 9] VGC 2023 Regulation C","log":"|j|\u2606Terry kloak\n|j|\u2606HazeOneTrick\n|t:|1682811381\n|gametype|doubles\n|player|p1|Terry kloak|gentleman-gen4|1464\n|player|p2|HazeOneTrick|acetrainer-gen6xy|1390\n|teamsize|p1|6\n|teamsize|p2|6\n|gen|9\n|tier|[Gen 9] VGC 2023 Regulation C\n|rated|\n|rule|Species Clause: Limit one of each Pok\u00e9mon\n|rule|Item Clause: Limit one of each item\n|clearpoke\n|poke|p1|Ceruledge, L50, F|\n|poke|p1|Orthworm, L50, F|\n|poke|p1|Ting-Lu, L50|\n|poke|p1|Dragonite, L50, M|\n|poke|p1|Iron Bundle, L50|\n|poke|p1|Gothitelle, L50, F|\n|poke|p2|Iron Hands, L50|\n|poke|p2|Flutter Mane, L50|\n|poke|p2|Chi-Yu, L50|\n|poke|p2|Amoonguss, L50, M|\n|poke|p2|Bronzong, L50|\n|poke|p2|Gyarados, L50, M|\n|teampreview|4\nHazeOneTrick has agreed to open team sheets.\nTerry kloak has agreed to open team sheets.\n|\n|t:|1682811517\n|start\n|switch|p1a: Dragonite|Dragonite, L50, M|100\/100\n|switch|p1b: Gothitelle|Gothitelle, L50, F|100\/100\n|switch|p2a: Gyarados|Gyarados, L50, M|100\/100\n|switch|p2b: Bronzong|Bronzong, L50|100\/100\n|-ability|p2a: Gyarados|Intimidate|boost\n|-unboost|p1a: Dragonite|atk|1\n|-unboost|p1b: Gothitelle|atk|1\n|turn|1\n|inactive|Battle timer is ON: inactive players will automatically lose when time's up. (requested by Terry kloak)\n|inactive|Terry kloak has 60 seconds left.\n|inactive|HazeOneTrick has 60 seconds left.\n|\n|t:|1682811560\n|switch|p1a: Iron Bundle|Iron Bundle, L50|100\/100\n|-enditem|p1a: Iron Bundle|Booster Energy\n|-activate|p1a: Iron Bundle|ability: Quark Drive|[fromitem]\n|-start|p1a: Iron Bundle|quarkdrivespe\n|move|p2a: Gyarados|Thunder Wave|p1b: Gothitelle|[miss]\n|-miss|p2a: Gyarados|p1b: Gothitelle\n|move|p1b: Gothitelle|Taunt|p2b: Bronzong\n|-start|p2b: Bronzong|move: Taunt\n|cant|p2b: Bronzong|move: Taunt|Iron Defense\n|\n|upkeep\n|turn|2\n|inactive|Terry kloak has 30 seconds left.\n|inactive|HazeOneTrick has 30 seconds left.\n|inactive|HazeOneTrick has 20 seconds left.\n|inactive|HazeOneTrick has 15 seconds left.\n|inactive|Terry kloak has 20 seconds left.\n|inactive|HazeOneTrick has 10 seconds left.\n|inactive|HazeOneTrick has 5 seconds left.\n|\n|t:|1682811612\n|-terastallize|p2a: Gyarados|Poison\n|move|p1a: Iron Bundle|Encore||[still]\n|-fail|p1a: Iron Bundle\n|move|p2a: Gyarados|Thunder Wave|p1a: Iron Bundle\n|-status|p1a: Iron Bundle|par\n|move|p1b: Gothitelle|Taunt|p2a: Gyarados\n|-start|p2a: Gyarados|move: Taunt\n|move|p2b: Bronzong|Body Press|p1a: Iron Bundle\n|-supereffective|p1a: Iron Bundle\n|-damage|p1a: Iron Bundle|36\/100 par\n|\n|upkeep\n|turn|3\n|inactive|Terry kloak has 30 seconds left.\n|\n|t:|1682811637\n|-end|p1a: Iron Bundle|Quark Drive|[silent]\n|switch|p1a: Ceruledge|Ceruledge, L50, F|100\/100\n|move|p2a: Gyarados|Waterfall|p1b: Gothitelle\n|-damage|p1b: Gothitelle|68\/100\n|move|p1b: Gothitelle|Psychic|p2a: Gyarados\n|-supereffective|p2a: Gyarados\n|-damage|p2a: Gyarados|59\/100\n|move|p2b: Bronzong|Body Press|p1a: Ceruledge\n|-immune|p1a: Ceruledge\n|\n|-end|p2b: Bronzong|move: Taunt\n|upkeep\n|turn|4\n|inactive|HazeOneTrick has 30 seconds left.\n|inactive|HazeOneTrick has 20 seconds left.\n|inactive|HazeOneTrick has 15 seconds left.\n|\n|t:|1682811682\n|move|p1a: Ceruledge|Bulk Up|p1a: Ceruledge\n|-boost|p1a: Ceruledge|atk|1\n|-boost|p1a: Ceruledge|def|1\n|move|p2a: Gyarados|Waterfall|p1a: Ceruledge\n|-supereffective|p1a: Ceruledge\n|-damage|p1a: Ceruledge|47\/100\n|move|p1b: Gothitelle|Taunt|p2b: Bronzong\n|-start|p2b: Bronzong|move: Taunt\n|move|p2b: Bronzong|Heavy Slam|p1a: Ceruledge\n|-resisted|p1a: Ceruledge\n|-damage|p1a: Ceruledge|36\/100\n|\n|-heal|p1a: Ceruledge|42\/100|[from] item: Leftovers\n|upkeep\n|turn|5\n|inactive|HazeOneTrick has 30 seconds left.\n|inactive|HazeOneTrick has 20 seconds left.\n|inactive|HazeOneTrick has 15 seconds left.\n|inactive|HazeOneTrick has 10 seconds left.\n|\n|t:|1682811729\n|move|p1a: Ceruledge|Bitter Blade|p2b: Bronzong\n|-supereffective|p2b: Bronzong\n|-damage|p2b: Bronzong|0 fnt\n|-heal|p1a: Ceruledge|94\/100|[from] drain|[of] p2b: Bronzong\n|faint|p2b: Bronzong\n|move|p2a: Gyarados|Waterfall|p1a: Ceruledge\n|-supereffective|p1a: Ceruledge\n|-damage|p1a: Ceruledge|44\/100\n|move|p1b: Gothitelle|Psychic|p2a: Gyarados\n|-supereffective|p2a: Gyarados\n|-damage|p2a: Gyarados|16\/100\n|-unboost|p2a: Gyarados|spd|1\n|-enditem|p2a: Gyarados|Figy Berry|[eat]\n|-heal|p2a: Gyarados|50\/100|[from] item: Figy Berry\n|\n|-heal|p1a: Ceruledge|50\/100|[from] item: Leftovers\n|-end|p2a: Gyarados|move: Taunt\n|upkeep\n|\n|t:|1682811742\n|switch|p2b: Flutter Mane|Flutter Mane, L50|100\/100\n|turn|6\n|inactive|Terry kloak has 30 seconds left.\n|inactive|HazeOneTrick has 30 seconds left.\n|inactive|Terry kloak has 20 seconds left.\n|\n|t:|1682811778\n|move|p1a: Ceruledge|Protect|p1a: Ceruledge\n|-singleturn|p1a: Ceruledge|Protect\n|move|p1b: Gothitelle|Protect|p1b: Gothitelle\n|-singleturn|p1b: Gothitelle|Protect\n|move|p2b: Flutter Mane|Shadow Ball|p1b: Gothitelle\n|-activate|p1b: Gothitelle|move: Protect\n|move|p2a: Gyarados|Waterfall|p1a: Ceruledge\n|-activate|p1a: Ceruledge|move: Protect\n|\n|-heal|p1a: Ceruledge|56\/100|[from] item: Leftovers\n|upkeep\n|turn|7\n|\n|t:|1682811802\n|-terastallize|p1a: Ceruledge|Grass\n|move|p1a: Ceruledge|Shadow Sneak|p2b: Flutter Mane\n|-supereffective|p2b: Flutter Mane\n|-damage|p2b: Flutter Mane|0 fnt\n|faint|p2b: Flutter Mane\n|-end|p2b: Flutter Mane|Protosynthesis|[silent]\n|move|p2a: Gyarados|Thunder Wave|p1b: Gothitelle\n|-status|p1b: Gothitelle|par\n|move|p1b: Gothitelle|Psychic|p2a: Gyarados\n|-supereffective|p2a: Gyarados\n|-damage|p2a: Gyarados|0 fnt\n|faint|p2a: Gyarados\n|\n|-heal|p1a: Ceruledge|62\/100|[from] item: Leftovers\n|upkeep\n|-message|HazeOneTrick forfeited.\n|\n|win|Terry kloak\n|raw|Terry kloak's rating: 1464 → 1480<\/strong> (+16 for winning)\n|raw|HazeOneTrick's rating: 1390 → 1374<\/strong> (-16 for losing)\n","uploadtime":1682811816,"views":53,"p1id":"terrykloak","p2id":"hazeonetrick","formatid":"gen9vgc2023regulationc","rating":1374,"private":0,"password":""}