{"id":"gen9vgc2023regulationc-1861258068","p1":"Piccius","p2":"Laramoney","format":"[Gen 9] VGC 2023 Regulation C","log":"|j|\u2606Piccius\n|j|\u2606Laramoney\n|t:|1683740167\n|gametype|doubles\n|player|p1|Piccius|hiker-gen4|1296\n|player|p2|Laramoney|265|1289\n|teamsize|p1|6\n|teamsize|p2|6\n|gen|9\n|tier|[Gen 9] VGC 2023 Regulation C\n|rated|\n|rule|Species Clause: Limit one of each Pok\u00e9mon\n|rule|Item Clause: Limit one of each item\n|clearpoke\n|poke|p1|Garchomp, L50, M|\n|poke|p1|Iron Hands, L50|\n|poke|p1|Flutter Mane, L50|\n|poke|p1|Murkrow, L50, F|\n|poke|p1|Arcanine, L50, M|\n|poke|p1|Chien-Pao, L50|\n|poke|p2|Grimmsnarl, L50, M|\n|poke|p2|Roaring Moon, L50|\n|poke|p2|Iron Bundle, L50|\n|poke|p2|Scizor, L50, M|\n|poke|p2|Tyranitar, L50, F|\n|poke|p2|Garchomp, L50, M|\n|teampreview|4\n|inactive|Battle timer is ON: inactive players will automatically lose when time's up. (requested by Laramoney)\n|inactive|Piccius has 60 seconds left.\n|\n|t:|1683740230\n|start\n|switch|p1a: Iron Hands|Iron Hands, L50|100\/100\n|switch|p1b: Arcanine|Arcanine, L50, M|100\/100\n|switch|p2a: Tyranitar|Tyranitar, L50, F|100\/100\n|switch|p2b: Roaring Moon|Roaring Moon, L50|100\/100\n|-ability|p1b: Arcanine|Intimidate|boost\n|-unboost|p2a: Tyranitar|atk|1\n|-unboost|p2b: Roaring Moon|atk|1\n|-weather|Sandstorm|[from] ability: Sand Stream|[of] p2a: Tyranitar\n|-enditem|p2b: Roaring Moon|Booster Energy\n|-activate|p2b: Roaring Moon|ability: Protosynthesis|[fromitem]\n|-start|p2b: Roaring Moon|protosynthesisatk\n|turn|1\n|\n|t:|1683740247\n|-end|p2b: Roaring Moon|Protosynthesis|[silent]\n|switch|p2b: Garchomp|Garchomp, L50, M|100\/100\n|switch|p2a: Iron Bundle|Iron Bundle, L50|100\/100\n|move|p1a: Iron Hands|Fake Out|p2b: Garchomp\n|-damage|p2b: Garchomp|89\/100\n|move|p1b: Arcanine|Will-O-Wisp|p2a: Iron Bundle|[miss]\n|-miss|p1b: Arcanine|p2a: Iron Bundle\n|\n|-weather|Sandstorm|[upkeep]\n|-damage|p2a: Iron Bundle|94\/100|[from] Sandstorm\n|-damage|p1a: Iron Hands|94\/100|[from] Sandstorm\n|upkeep\n|turn|2\n|inactive|Piccius has 30 seconds left.\n|\n|t:|1683740281\n|-terastallize|p1a: Iron Hands|Grass\n|move|p2a: Iron Bundle|Encore|p1a: Iron Hands\n|-start|p1a: Iron Hands|Encore\n|move|p1b: Arcanine|Will-O-Wisp|p2b: Garchomp\n|-status|p2b: Garchomp|brn\n|move|p2b: Garchomp|Swords Dance|p2b: Garchomp\n|-boost|p2b: Garchomp|atk|2\n|move|p1a: Iron Hands|Fake Out||[still]\n|-hint|Fake Out only works on your first turn out.\n|-fail|p1a: Iron Hands\n|\n|-weather|Sandstorm|[upkeep]\n|-damage|p2a: Iron Bundle|88\/100|[from] Sandstorm\n|-damage|p1a: Iron Hands|88\/100|[from] Sandstorm\n|-damage|p2b: Garchomp|83\/100 brn|[from] brn\n|upkeep\n|turn|3\n|inactive|Piccius has 30 seconds left.\n|\n|t:|1683740309\n|switch|p1b: Chien-Pao|Chien-Pao, L50|100\/100\n|-ability|p1b: Chien-Pao|Sword of Ruin\n|-end|p1a: Iron Hands|Quark Drive|[silent]\n|switch|p1a: Garchomp|Garchomp, L50, M|100\/100\n|move|p2a: Iron Bundle|Encore||[still]\n|-fail|p2a: Iron Bundle\n|move|p2b: Garchomp|Swords Dance|p2b: Garchomp\n|-boost|p2b: Garchomp|atk|2\n|\n|-weather|Sandstorm|[upkeep]\n|-damage|p2a: Iron Bundle|82\/100|[from] Sandstorm\n|-damage|p1b: Chien-Pao|95\/100|[from] Sandstorm\n|-damage|p2b: Garchomp|77\/100 brn|[from] brn\n|upkeep\n|turn|4\n|inactive|Piccius has 30 seconds left.\n|\n|t:|1683740341\n|move|p2b: Garchomp|Protect|p2b: Garchomp\n|-singleturn|p2b: Garchomp|Protect\n|move|p2a: Iron Bundle|Icy Wind|p1a: Garchomp|[spread] p1b\n|-miss|p2a: Iron Bundle|p1a: Garchomp\n|-resisted|p1b: Chien-Pao\n|-damage|p1b: Chien-Pao|78\/100\n|-unboost|p1b: Chien-Pao|spe|1\n|move|p1a: Garchomp|Dragon Claw|p2b: Garchomp\n|-activate|p2b: Garchomp|move: Protect\n|move|p1b: Chien-Pao|Sacred Sword|p2a: Iron Bundle\n|-supereffective|p2a: Iron Bundle\n|-damage|p2a: Iron Bundle|0 fnt\n|faint|p2a: Iron Bundle\n|-end|p2a: Iron Bundle|Quark Drive|[silent]\n|\n|-weather|Sandstorm|[upkeep]\n|-damage|p1b: Chien-Pao|72\/100|[from] Sandstorm\n|-damage|p2b: Garchomp|71\/100 brn|[from] brn\n|upkeep\n|\n|t:|1683740356\n|switch|p2a: Roaring Moon|Roaring Moon, L50|100\/100\n|turn|5\n|\n|t:|1683740371\n|-terastallize|p2a: Roaring Moon|Rock\n|move|p1a: Garchomp|Dragon Claw|p2a: Roaring Moon\n|-damage|p2a: Roaring Moon|43\/100\n|move|p2a: Roaring Moon|Rock Slide|p1a: Garchomp|[spread] p1a,p1b\n|-resisted|p1a: Garchomp\n|-supereffective|p1b: Chien-Pao\n|-damage|p1a: Garchomp|79\/100\n|-damage|p1b: Chien-Pao|0 fnt\n|faint|p1b: Chien-Pao\n|move|p2b: Garchomp|Rock Slide|p1a: Garchomp\n|-resisted|p1a: Garchomp\n|-damage|p1a: Garchomp|57\/100\n|\n|-weather|none\n|-damage|p2b: Garchomp|65\/100 brn|[from] brn\n|upkeep\n|\n|t:|1683740384\n|switch|p1b: Arcanine|Arcanine, L50, M|100\/100\n|-ability|p1b: Arcanine|Intimidate|boost\n|-unboost|p2a: Roaring Moon|atk|1\n|-unboost|p2b: Garchomp|atk|1\n|turn|6\n|\n|t:|1683740402\n|move|p1a: Garchomp|Iron Head|p2a: Roaring Moon\n|-supereffective|p2a: Roaring Moon\n|-crit|p2a: Roaring Moon\n|-damage|p2a: Roaring Moon|0 fnt\n|faint|p2a: Roaring Moon\n|-end|p2a: Roaring Moon|Protosynthesis|[silent]\n|move|p1b: Arcanine|Howl|p1b: Arcanine|[spread] p1a,p1b\n|-boost|p1a: Garchomp|atk|1\n|-enditem|p2b: Garchomp|Mirror Herb\n|-boost|p2b: Garchomp|atk|1|[from] item: Mirror Herb\n|-boost|p1b: Arcanine|atk|1\n|move|p2b: Garchomp|Rock Slide|p1b: Arcanine|[spread] p1a,p1b\n|-resisted|p1a: Garchomp\n|-supereffective|p1b: Arcanine\n|-damage|p1a: Garchomp|41\/100\n|-damage|p1b: Arcanine|36\/100\n|\n|-damage|p2b: Garchomp|59\/100 brn|[from] brn\n|upkeep\n|\n|t:|1683740409\n|switch|p2a: Tyranitar|Tyranitar, L50, F|100\/100\n|-weather|Sandstorm|[from] ability: Sand Stream|[of] p2a: Tyranitar\n|turn|7\n|\n|t:|1683740429\n|move|p1a: Garchomp|Dragon Claw|p2b: Garchomp\n|-supereffective|p2b: Garchomp\n|-damage|p2b: Garchomp|0 fnt\n|faint|p2b: Garchomp\n|move|p1b: Arcanine|Will-O-Wisp|p2a: Tyranitar\n|-status|p2a: Tyranitar|brn\n|move|p2a: Tyranitar|Rock Slide|p1a: Garchomp|[spread] p1a,p1b\n|-resisted|p1a: Garchomp\n|-supereffective|p1b: Arcanine\n|-damage|p1a: Garchomp|33\/100\n|-damage|p1b: Arcanine|3\/100\n|\n|-weather|Sandstorm|[upkeep]\n|-damage|p2a: Tyranitar|95\/100 brn|[from] brn\n|upkeep\n|turn|8\n|\n|t:|1683740443\n|move|p1a: Garchomp|Iron Head|p2a: Tyranitar\n|-supereffective|p2a: Tyranitar\n|-damage|p2a: Tyranitar|22\/100 brn\n|-enditem|p2a: Tyranitar|Weakness Policy\n|-boost|p2a: Tyranitar|atk|2|[from] item: Weakness Policy\n|-boost|p2a: Tyranitar|spa|2|[from] item: Weakness Policy\n|move|p1b: Arcanine|Flare Blitz|p2a: Tyranitar\n|-resisted|p2a: Tyranitar\n|-damage|p2a: Tyranitar|0 fnt\n|faint|p2a: Tyranitar\n|-damage|p1b: Arcanine|0 fnt|[from] Recoil\n|faint|p1b: Arcanine\n|\n|win|Piccius\n|raw|Piccius's rating: 1296 → 1320<\/strong> (+24 for winning)\n|raw|Laramoney's rating: 1289 → 1265<\/strong> (-24 for losing)\n|l|\u2606Laramoney\n","uploadtime":1683740454,"views":14,"p1id":"piccius","p2id":"laramoney","formatid":"gen9vgc2023regulationc","rating":1265,"private":0,"password":""}