{"id":"gen9vgc2023regulationc-1850759902","p1":"babiwi bewey\u2714\ufe0f","p2":"lateralvs","format":"[Gen 9] VGC 2023 Regulation C","log":"|j|\u2606babiwi bewey\u2714\ufe0f\n|j|\u2606lateralvs\n|t:|1682365319\n|gametype|doubles\n|player|p1|babiwi bewey\u2714\ufe0f|elesa-masters|1570\n|player|p2|lateralvs|giovanni|1629\n|teamsize|p1|6\n|teamsize|p2|6\n|gen|9\n|tier|[Gen 9] VGC 2023 Regulation C\n|rated|\n|rule|Species Clause: Limit one of each Pok\u00e9mon\n|rule|Item Clause: Limit one of each item\n|clearpoke\n|poke|p1|Roaring Moon, L50|\n|poke|p1|Gholdengo, L50|\n|poke|p1|Flutter Mane, L50|\n|poke|p1|Iron Bundle, L50|\n|poke|p1|Amoonguss, L50, F|\n|poke|p1|Arcanine, L50, M|\n|poke|p2|Iron Jugulis, L50|\n|poke|p2|Garchomp, L50, M|\n|poke|p2|Gyarados, L50, M|\n|poke|p2|Gholdengo, L50|\n|poke|p2|Iron Hands, L50|\n|poke|p2|Amoonguss, L50, M|\n|teampreview|4\nlateralvs has agreed to open team sheets.\nbabiwi bewey\u2714\ufe0f has agreed to open team sheets.\n|\n|t:|1682365424\n|start\n|switch|p1a: Roaring Moon|Roaring Moon, L50|100\/100\n|switch|p1b: Arcanine|Arcanine, L50, M|100\/100\n|switch|p2a: Marchisio 2-1|Iron Hands, L50|100\/100\n|switch|p2b: Ronaldo 2-1|Amoonguss, L50, M|100\/100\n|-ability|p1b: Arcanine|Intimidate|boost\n|-unboost|p2a: Marchisio 2-1|atk|1\n|-unboost|p2b: Ronaldo 2-1|atk|1\n|-enditem|p1a: Roaring Moon|Booster Energy\n|-activate|p1a: Roaring Moon|ability: Protosynthesis|[fromitem]\n|-start|p1a: Roaring Moon|protosynthesisspe\n|turn|1\n|\n|t:|1682365478\n|move|p1a: Roaring Moon|Protect|p1a: Roaring Moon\n|-singleturn|p1a: Roaring Moon|Protect\n|move|p2a: Marchisio 2-1|Fake Out|p1b: Arcanine\n|-damage|p1b: Arcanine|91\/100\n|cant|p1b: Arcanine|flinch\n|move|p2b: Ronaldo 2-1|Spore|p1a: Roaring Moon\n|-activate|p1a: Roaring Moon|move: Protect\n|\n|upkeep\n|turn|2\n|\n|t:|1682365532\n|-terastallize|p1a: Roaring Moon|Flying\n|-terastallize|p2b: Ronaldo 2-1|Water\n|move|p1a: Roaring Moon|Acrobatics|p2a: Marchisio 2-1\n|-damage|p2a: Marchisio 2-1|63\/100\n|move|p1b: Arcanine|Play Rough|p2a: Marchisio 2-1\n|-supereffective|p2a: Marchisio 2-1\n|-damage|p2a: Marchisio 2-1|26\/100\n|move|p2a: Marchisio 2-1|Drain Punch|p1a: Roaring Moon\n|-resisted|p1a: Roaring Moon\n|-damage|p1a: Roaring Moon|81\/100\n|-heal|p2a: Marchisio 2-1|33\/100|[from] drain|[of] p1a: Roaring Moon\n|move|p2b: Ronaldo 2-1|Spore|p1b: Arcanine\n|-status|p1b: Arcanine|slp|[from] move: Spore\n|\n|upkeep\n|turn|3\n|\n|t:|1682365566\n|-end|p2a: Marchisio 2-1|Quark Drive|[silent]\n|switch|p2a: Cuadrado 3-2|Gyarados, L50, M|100\/100\n|-ability|p2a: Cuadrado 3-2|Intimidate|boost\n|-unboost|p1a: Roaring Moon|atk|1\n|-unboost|p1b: Arcanine|atk|1\n|move|p1a: Roaring Moon|Protect|p1a: Roaring Moon\n|-singleturn|p1a: Roaring Moon|Protect\n|cant|p1b: Arcanine|slp\n|move|p2b: Ronaldo 2-1|Spore|p1a: Roaring Moon\n|-activate|p1a: Roaring Moon|move: Protect\n|\n|upkeep\n|turn|4\n|\n|t:|1682365597\n|move|p1a: Roaring Moon|Throat Chop|p2b: Ronaldo 2-1\n|-damage|p2b: Ronaldo 2-1|79\/100\n|-start|p2b: Ronaldo 2-1|Throat Chop|[silent]\n|-curestatus|p1b: Arcanine|slp|[msg]\n|move|p1b: Arcanine|Play Rough|p2b: Ronaldo 2-1\n|-damage|p2b: Ronaldo 2-1|64\/100\n|move|p2a: Cuadrado 3-2|Waterfall|p1b: Arcanine\n|-supereffective|p1b: Arcanine\n|-damage|p1b: Arcanine|28\/100\n|move|p2b: Ronaldo 2-1|Spore|p1a: Roaring Moon\n|-status|p1a: Roaring Moon|slp|[from] move: Spore\n|\n|upkeep\n|turn|5\n|j| dscdswqcds\n|l| dscdswqcds\n|j| dscdswqcds\n|\n|t:|1682365622\n|cant|p1a: Roaring Moon|slp\n|move|p1b: Arcanine|Play Rough|p2a: Cuadrado 3-2\n|-damage|p2a: Cuadrado 3-2|83\/100\n|move|p2a: Cuadrado 3-2|Waterfall|p1a: Roaring Moon\n|-damage|p1a: Roaring Moon|41\/100 slp\n|move|p2b: Ronaldo 2-1|Spore|p1b: Arcanine\n|-status|p1b: Arcanine|slp|[from] move: Spore\n|\n|-end|p2b: Ronaldo 2-1|Throat Chop|[silent]\n|upkeep\n|turn|6\n|\n|t:|1682365642\n|switch|p2a: Marchisio 2-1|Iron Hands, L50|33\/100\n|-curestatus|p1a: Roaring Moon|slp|[msg]\n|move|p1a: Roaring Moon|Protect|p1a: Roaring Moon\n|-singleturn|p1a: Roaring Moon|Protect\n|cant|p1b: Arcanine|slp\n|move|p2b: Ronaldo 2-1|Pollen Puff|p2a: Marchisio 2-1\n|-heal|p2a: Marchisio 2-1|83\/100\n|\n|upkeep\n|turn|7\n|\n|t:|1682365716\n|move|p1a: Roaring Moon|Acrobatics|p2b: Ronaldo 2-1\n|-crit|p2b: Ronaldo 2-1\n|-damage|p2b: Ronaldo 2-1|0 fnt\n|faint|p2b: Ronaldo 2-1\n|-curestatus|p1b: Arcanine|slp|[msg]\n|move|p1b: Arcanine|Play Rough|p2a: Marchisio 2-1\n|-supereffective|p2a: Marchisio 2-1\n|-damage|p2a: Marchisio 2-1|56\/100\n|move|p2a: Marchisio 2-1|Drain Punch|p1b: Arcanine\n|-damage|p1b: Arcanine|0 fnt\n|-heal|p2a: Marchisio 2-1|66\/100|[from] drain|[of] p1b: Arcanine\n|faint|p1b: Arcanine\n|\n|upkeep\n|inactive|Battle timer is ON: inactive players will automatically lose when time's up. (requested by lateralvs)\n|\n|t:|1682365731\n|switch|p1b: Flutter Mane|Flutter Mane, L50|100\/100\n|switch|p2b: Cuadrado 3-2|Gyarados, L50, M|83\/100\n|-ability|p2b: Cuadrado 3-2|Intimidate|boost\n|-unboost|p1a: Roaring Moon|atk|1\n|-unboost|p1b: Flutter Mane|atk|1\n|turn|8\n|n| efrgfwfeqf|dscdswqcds\n|l| efrgfwfeqf\n|\n|t:|1682365745\n|move|p1a: Roaring Moon|Acrobatics|p2b: Cuadrado 3-2\n|-damage|p2b: Cuadrado 3-2|58\/100\n|move|p1b: Flutter Mane|Moonblast|p2b: Cuadrado 3-2\n|-damage|p2b: Cuadrado 3-2|0 fnt\n|faint|p2b: Cuadrado 3-2\n|move|p2a: Marchisio 2-1|Heavy Slam|p1b: Flutter Mane\n|-supereffective|p1b: Flutter Mane\n|-crit|p1b: Flutter Mane\n|-damage|p1b: Flutter Mane|0 fnt\n|faint|p1b: Flutter Mane\n|-end|p1b: Flutter Mane|Protosynthesis|[silent]\n|\n|upkeep\n|\n|t:|1682365753\n|switch|p1b: Iron Bundle|Iron Bundle, L50|100\/100\n|switch|p2b: Fagioli 2-0|Garchomp, L50, M|100\/100\n|turn|9\n|inactive|lateralvs has 30 seconds left.\n|\n|t:|1682365780\n|move|p1a: Roaring Moon|Acrobatics|p2a: Marchisio 2-1\n|-damage|p2a: Marchisio 2-1|46\/100\n|move|p1b: Iron Bundle|Hydro Pump|p2a: Marchisio 2-1\n|-damage|p2a: Marchisio 2-1|20\/100\n|move|p2b: Fagioli 2-0|Rock Slide|p1b: Iron Bundle|[spread] p1a,p1b\n|-supereffective|p1a: Roaring Moon\n|-supereffective|p1b: Iron Bundle\n|-damage|p1a: Roaring Moon|0 fnt\n|-damage|p1b: Iron Bundle|41\/100\n|faint|p1a: Roaring Moon\n|-end|p1a: Roaring Moon|Protosynthesis|[silent]\n|-damage|p2b: Fagioli 2-0|91\/100|[from] item: Life Orb\n|move|p2a: Marchisio 2-1|Drain Punch|p1b: Iron Bundle\n|-supereffective|p1b: Iron Bundle\n|-damage|p1b: Iron Bundle|0 fnt\n|-heal|p2a: Marchisio 2-1|31\/100|[from] drain|[of] p1b: Iron Bundle\n|faint|p1b: Iron Bundle\n|-end|p1b: Iron Bundle|Quark Drive|[silent]\n|\n|win|lateralvs\n|raw|babiwi bewey\u2714\ufe0f's rating: 1570 → 1553<\/strong> (-17 for losing)\n|raw|lateralvs's rating: 1629 → 1646<\/strong> (+17 for winning)\n|l|\u2606babiwi bewey\u2714\ufe0f\n","uploadtime":1682365807,"views":17,"p1id":"babiwibewey","p2id":"lateralvs","formatid":"gen9vgc2023regulationc","rating":1553,"private":0,"password":""}