{"id":"gen9vgc2023regulationc-1845907234","p1":"Tenseigt","p2":"knight8512","format":"[Gen 9] VGC 2023 Regulation C","log":"|j|\u2606Tenseigt\n|j|\u2606knight8512\n|t:|1681777877\n|gametype|doubles\n|player|p1|Tenseigt|scientist|1121\n|player|p2|knight8512|boarder|1122\n|teamsize|p1|6\n|teamsize|p2|6\n|gen|9\n|tier|[Gen 9] VGC 2023 Regulation C\n|rated|\n|rule|Species Clause: Limit one of each Pok\u00e9mon\n|rule|Item Clause: Limit one of each item\n|clearpoke\n|poke|p1|Indeedee-F, L50, F|\n|poke|p1|Iron Hands, L50|\n|poke|p1|Corviknight, L50, F|\n|poke|p1|Gyarados, L50, F|\n|poke|p1|Flutter Mane, L50|\n|poke|p1|Amoonguss, L50, M|\n|poke|p2|Talonflame, L50, M|\n|poke|p2|Garchomp, L50, M|\n|poke|p2|Gyarados, L50, M|\n|poke|p2|Kingambit, L50, F|\n|poke|p2|Flutter Mane, L50|\n|poke|p2|Arboliva, L50, M|\n|teampreview|4\n|inactive|Battle timer is ON: inactive players will automatically lose when time's up. (requested by Tenseigt)\nTenseigt has agreed to open team sheets.\n|inactive|Tenseigt has 60 seconds left.\n|inactive|knight8512 has 60 seconds left.\n|\n|t:|1681777941\n|start\n|switch|p1a: Indeedee|Indeedee-F, L50, F, shiny|100\/100\n|switch|p1b: Iron Hands|Iron Hands, L50|100\/100\n|switch|p2a: Talonflame|Talonflame, L50, M|100\/100\n|switch|p2b: Garchomp|Garchomp, L50, M|100\/100\n|-fieldstart|move: Psychic Terrain|[from] ability: Psychic Surge|[of] p1a: Indeedee\n|turn|1\n|inactive|knight8512 has 30 seconds left.\n|\n|t:|1681777976\n|move|p2b: Garchomp|Protect|p2b: Garchomp\n|-singleturn|p2b: Garchomp|Protect\n|move|p1b: Iron Hands|Fake Out|p2b: Garchomp\n|-activate|p2b: Garchomp|move: Psychic Terrain\n|move|p2a: Talonflame|Taunt|p1a: Indeedee\n|-start|p1a: Indeedee|move: Taunt\n|cant|p1a: Indeedee|move: Taunt|Trick Room\n|\n|upkeep\n|turn|2\n|\n|t:|1681777992\n|move|p2a: Talonflame|Tailwind|p2a: Talonflame\n|-sidestart|p2: knight8512|move: Tailwind\n|move|p2b: Garchomp|Earthquake|p1a: Indeedee|[spread] p1a,p1b\n|-immune|p2a: Talonflame\n|-supereffective|p1b: Iron Hands\n|-crit|p1b: Iron Hands\n|-damage|p1a: Indeedee|45\/100\n|-damage|p1b: Iron Hands|0 fnt\n|-enditem|p1a: Indeedee|Sitrus Berry|[eat]\n|-heal|p1a: Indeedee|69\/100|[from] item: Sitrus Berry\n|faint|p1b: Iron Hands\n|-end|p1b: Iron Hands|Quark Drive|[silent]\n|-damage|p2b: Garchomp|91\/100|[from] item: Life Orb\n|move|p1a: Indeedee|Psychic|p2a: Talonflame\n|-damage|p2a: Talonflame|36\/100\n|\n|upkeep\n|\n|t:|1681778005\n|switch|p1b: Corviknight|Corviknight, L50, F|100\/100\n|turn|3\n|\n|t:|1681778021\n|move|p2a: Talonflame|Will-O-Wisp|p1b: Corviknight\n|-status|p1b: Corviknight|brn\n|move|p2b: Garchomp|Stomping Tantrum|p1a: Indeedee\n|-damage|p1a: Indeedee|15\/100\n|-damage|p2b: Garchomp|81\/100|[from] item: Life Orb\n|move|p1a: Indeedee|Psychic|p2a: Talonflame\n|-damage|p2a: Talonflame|0 fnt\n|faint|p2a: Talonflame\n|move|p1b: Corviknight|Bulk Up|p1b: Corviknight\n|-boost|p1b: Corviknight|atk|1\n|-boost|p1b: Corviknight|def|1\n|\n|-damage|p1b: Corviknight|95\/100 brn|[from] brn\n|-end|p1a: Indeedee|move: Taunt\n|upkeep\n|\n|t:|1681778045\n|switch|p2a: Flutter Mane|Flutter Mane, L50|100\/100\n|turn|4\n|\n|t:|1681778061\n|move|p2a: Flutter Mane|Thunderbolt|p1b: Corviknight\n|-supereffective|p1b: Corviknight\n|-damage|p1b: Corviknight|23\/100 brn\n|move|p2b: Garchomp|Earthquake|p1a: Indeedee|[spread] p2a,p1a\n|-immune|p1b: Corviknight\n|-damage|p2a: Flutter Mane|19\/100\n|-damage|p1a: Indeedee|0 fnt\n|faint|p1a: Indeedee\n|-damage|p2b: Garchomp|72\/100|[from] item: Life Orb\n|move|p1b: Corviknight|Iron Head|p2a: Flutter Mane\n|-supereffective|p2a: Flutter Mane\n|-damage|p2a: Flutter Mane|0 fnt\n|faint|p2a: Flutter Mane\n|-end|p2a: Flutter Mane|Protosynthesis|[silent]\n|\n|-damage|p1b: Corviknight|18\/100 brn|[from] brn\n|upkeep\n|\n|t:|1681778077\n|switch|p2a: Arboliva|Arboliva, L50, M|100\/100\n|switch|p1a: Amoonguss|Amoonguss, L50, M|100\/100\n|turn|5\n|\n|t:|1681778094\n|move|p2b: Garchomp|Protect|p2b: Garchomp\n|-singleturn|p2b: Garchomp|Protect\n|move|p2a: Arboliva|Leech Seed|p1b: Corviknight\n|-start|p1b: Corviknight|move: Leech Seed\n|move|p1b: Corviknight|Brave Bird|p2a: Arboliva\n|-supereffective|p2a: Arboliva\n|-damage|p2a: Arboliva|42\/100\n|-fieldstart|move: Grassy Terrain|[from] ability: Seed Sower|[of] p2a: Arboliva\n|-enditem|p2a: Arboliva|Grassy Seed\n|-boost|p2a: Arboliva|def|1|[from] item: Grassy Seed\n|-damage|p1b: Corviknight|0 fnt|[from] Recoil\n|faint|p1b: Corviknight\n|move|p1a: Amoonguss|Spore|p2b: Garchomp\n|-activate|p2b: Garchomp|move: Protect\n|\n|-heal|p2b: Garchomp|78\/100|[from] Grassy Terrain\n|-heal|p2a: Arboliva|48\/100|[from] Grassy Terrain\n|-sideend|p2: knight8512|move: Tailwind\n|upkeep\n|turn|6\n|inactive|knight8512 has 30 seconds left.\n|inactive|Tenseigt has 30 seconds left.\n|\n|t:|1681778128\n|-terastallize|p1a: Amoonguss|Water\n|move|p2b: Garchomp|Dragon Claw|p1a: Amoonguss\n|-damage|p1a: Amoonguss|52\/100\n|-damage|p2b: Garchomp|68\/100|[from] item: Life Orb\n|move|p2a: Arboliva|Strength Sap|p1a: Amoonguss\n|-unboost|p1a: Amoonguss|atk|1\n|-heal|p2a: Arboliva|92\/100\n|move|p1a: Amoonguss|Pollen Puff|p2a: Arboliva\n|-supereffective|p2a: Arboliva\n|-damage|p2a: Arboliva|64\/100\n|\n|-heal|p2b: Garchomp|74\/100|[from] Grassy Terrain\n|-heal|p2a: Arboliva|70\/100|[from] Grassy Terrain\n|-heal|p1a: Amoonguss|58\/100|[from] Grassy Terrain\n|upkeep\n|turn|7\n|-message|Tenseigt forfeited.\n|\n|win|knight8512\n|raw|Tenseigt's rating: 1121 → 1096<\/strong> (-25 for losing)\n|raw|knight8512's rating: 1122 → 1147<\/strong> (+25 for winning)\n|l|\u2606Tenseigt\n","uploadtime":1681778164,"views":19,"p1id":"tenseigt","p2id":"knight8512","formatid":"gen9vgc2023regulationc","rating":1096,"private":0,"password":""}