{"id":"gen9vgc2023regulationc-1861806165","p1":"AllahVGC","p2":"fsufan45","format":"[Gen 9] VGC 2023 Regulation C","log":"|j|\u2606AllahVGC\n|j|\u2606fsufan45\n|t:|1683810597\n|gametype|doubles\n|player|p1|AllahVGC|colress|1716\n|player|p2|fsufan45|102|1595\n|teamsize|p1|6\n|teamsize|p2|6\n|gen|9\n|tier|[Gen 9] VGC 2023 Regulation C\n|rated|\n|rule|Species Clause: Limit one of each Pok\u00e9mon\n|rule|Item Clause: Limit one of each item\n|clearpoke\n|poke|p1|Chien-Pao, L50|\n|poke|p1|Dragapult, L50, M|\n|poke|p1|Garchomp, L50, M|\n|poke|p1|Scizor, L50, F|\n|poke|p1|Murkrow, L50, M|\n|poke|p1|Iron Hands, L50|\n|poke|p2|Gyarados, L50, F|\n|poke|p2|Chi-Yu, L50|\n|poke|p2|Iron Hands, L50|\n|poke|p2|Flutter Mane, L50|\n|poke|p2|Amoonguss, L50, M|\n|poke|p2|Roaring Moon, L50|\n|teampreview|4\n|inactive|Battle timer is ON: inactive players will automatically lose when time's up. (requested by AllahVGC)\nAllahVGC has agreed to open team sheets.\nfsufan45 has agreed to open team sheets.\n|inactive|fsufan45 has 60 seconds left.\n|j| merahmerona\n|inactive|AllahVGC has 60 seconds left.\n|\n|t:|1683810656\n|start\n|switch|p1a: Iron Hands|Iron Hands, L50|100\/100\n|switch|p1b: Murkrow|Murkrow, L50, M|100\/100\n|switch|p2a: Gyarados|Gyarados, L50, F|100\/100\n|switch|p2b: Flutter Mane|Flutter Mane, L50|100\/100\n|-ability|p2a: Gyarados|Intimidate|boost\n|-unboost|p1a: Iron Hands|atk|1\n|-unboost|p1b: Murkrow|atk|1\n|turn|1\n|\n|t:|1683810674\n|switch|p2a: Amoonguss|Amoonguss, L50, M|100\/100\n|move|p1b: Murkrow|Tailwind|p1b: Murkrow\n|-sidestart|p1: AllahVGC|move: Tailwind\n|move|p2b: Flutter Mane|Dazzling Gleam|p1b: Murkrow|[spread] p1a,p1b\n|-supereffective|p1a: Iron Hands\n|-supereffective|p1b: Murkrow\n|-damage|p1a: Iron Hands|69\/100\n|-enditem|p1b: Murkrow|Focus Sash\n|-damage|p1b: Murkrow|1\/100\n|move|p1a: Iron Hands|Volt Switch|p2a: Amoonguss\n|-resisted|p2a: Amoonguss\n|-damage|p2a: Amoonguss|95\/100\n|\n|t:|1683810682\n|-end|p1a: Iron Hands|Quark Drive|[silent]\n|switch|p1a: Chien-Pao|Chien-Pao, L50|100\/100|[from] Volt Switch\n|-ability|p1a: Chien-Pao|Sword of Ruin\n|\n|upkeep\n|turn|2\n|\n|t:|1683810700\n|switch|p2a: Gyarados|Gyarados, L50, F|100\/100\n|-ability|p2a: Gyarados|Intimidate|boost\n|-unboost|p1a: Chien-Pao|atk|1\n|-unboost|p1b: Murkrow|atk|1\n|move|p1a: Chien-Pao|Protect|p1a: Chien-Pao\n|-singleturn|p1a: Chien-Pao|Protect\n|move|p2b: Flutter Mane|Protect|p2b: Flutter Mane\n|-singleturn|p2b: Flutter Mane|Protect\n|move|p1b: Murkrow|Taunt|p2a: Gyarados\n|-start|p2a: Gyarados|move: Taunt\n|\n|upkeep\n|turn|3\n|\n|t:|1683810716\n|move|p1b: Murkrow|Haze|p1b: Murkrow\n|-clearallboost\n|move|p1a: Chien-Pao|Ice Spinner|p2b: Flutter Mane\n|-damage|p2b: Flutter Mane|1\/100\n|-enditem|p2b: Flutter Mane|Wiki Berry|[eat]\n|-heal|p2b: Flutter Mane|34\/100|[from] item: Wiki Berry\n|-damage|p1a: Chien-Pao|91\/100|[from] item: Life Orb\n|move|p2b: Flutter Mane|Dazzling Gleam|p1a: Chien-Pao|[spread] p1a,p1b\n|-supereffective|p1a: Chien-Pao\n|-supereffective|p1b: Murkrow\n|-damage|p1a: Chien-Pao|0 fnt\n|-damage|p1b: Murkrow|0 fnt\n|faint|p1a: Chien-Pao\n|faint|p1b: Murkrow\n|move|p2a: Gyarados|Waterfall|p1: Chien-Pao|[notarget]\n|-fail|p2a: Gyarados\n|\n|upkeep\n|\n|t:|1683810723\n|switch|p1a: Garchomp|Garchomp, L50, M|100\/100\n|switch|p1b: Iron Hands|Iron Hands, L50|69\/100\n|turn|4\n|\n|t:|1683810735\n|switch|p2a: Amoonguss|Amoonguss, L50, M|100\/100\n|move|p2b: Flutter Mane|Protect|p2b: Flutter Mane\n|-singleturn|p2b: Flutter Mane|Protect\n|move|p1a: Garchomp|Stomping Tantrum|p2b: Flutter Mane\n|-activate|p2b: Flutter Mane|move: Protect\n|move|p1b: Iron Hands|Wild Charge|p2a: Amoonguss\n|-resisted|p2a: Amoonguss\n|-damage|p2a: Amoonguss|80\/100\n|-damage|p1b: Iron Hands|64\/100|[from] Recoil\n|\n|-sideend|p1: AllahVGC|move: Tailwind\n|upkeep\n|turn|5\n|inactive|fsufan45 has 30 seconds left.\n|\n|t:|1683810762\n|-end|p2b: Flutter Mane|Protosynthesis|[silent]\n|switch|p2b: Gyarados|Gyarados, L50, F|100\/100\n|-ability|p2b: Gyarados|Intimidate|boost\n|-fail|p1a: Garchomp|unboost|[from] item: Clear Amulet|[of] p1a: Garchomp\n|-unboost|p1b: Iron Hands|atk|1\n|-terastallize|p1b: Iron Hands|Grass\n|move|p1a: Garchomp|Earthquake|p2a: Amoonguss|[spread] p1b,p2a\n|-immune|p2b: Gyarados\n|-resisted|p1b: Iron Hands\n|-damage|p1b: Iron Hands|52\/100\n|-damage|p2a: Amoonguss|44\/100\n|-enditem|p2a: Amoonguss|Sitrus Berry|[eat]\n|-heal|p2a: Amoonguss|69\/100|[from] item: Sitrus Berry\n|move|p1b: Iron Hands|Wild Charge|p2a: Amoonguss\n|-resisted|p2a: Amoonguss\n|-damage|p2a: Amoonguss|53\/100\n|-damage|p1b: Iron Hands|49\/100|[from] Recoil\n|move|p2a: Amoonguss|Spore|p1a: Garchomp\n|-status|p1a: Garchomp|slp|[from] move: Spore\n|\n|upkeep\n|turn|6\n|inactive|fsufan45 has 30 seconds left.\n|\n|t:|1683810788\n|cant|p1a: Garchomp|slp\n|move|p2b: Gyarados|Waterfall|p1b: Iron Hands\n|-resisted|p1b: Iron Hands\n|-damage|p1b: Iron Hands|37\/100\n|move|p1b: Iron Hands|Drain Punch|p2b: Gyarados\n|-resisted|p2b: Gyarados\n|-damage|p2b: Gyarados|87\/100\n|-heal|p1b: Iron Hands|43\/100|[from] drain|[of] p2b: Gyarados\n|move|p2a: Amoonguss|Pollen Puff|p1b: Iron Hands\n|-supereffective|p1b: Iron Hands\n|-damage|p1b: Iron Hands|23\/100\n|\n|upkeep\n|turn|7\n|-message|AllahVGC forfeited.\n|\n|win|fsufan45\n|raw|AllahVGC's rating: 1716 → 1689<\/strong> (-27 for losing)\n|raw|fsufan45's rating: 1595 → 1622<\/strong> (+27 for winning)\n|l|\u2606AllahVGC\n|l|\u2606fsufan45\n|l| merahmerona\n","uploadtime":1683811314,"views":9,"p1id":"allahvgc","p2id":"fsufan45","formatid":"gen9vgc2023regulationc","rating":1622,"private":0,"password":""}