{"id":"gen9vgc2023regulationc-1856404558","p1":"haha you rage quit","p2":"Rarity1987","format":"[Gen 9] VGC 2023 Regulation C","log":"|j|\u2606haha you rage quit\n|j|\u2606Rarity1987\n|t:|1683058204\n|gametype|doubles\n|player|p1|haha you rage quit|pokemaniac|1175\n|player|p2|Rarity1987|clair|1245\n|teamsize|p1|6\n|teamsize|p2|6\n|gen|9\n|tier|[Gen 9] VGC 2023 Regulation C\n|rated|\n|rule|Species Clause: Limit one of each Pok\u00e9mon\n|rule|Item Clause: Limit one of each item\n|clearpoke\n|poke|p1|Flutter Mane, L50|\n|poke|p1|Chi-Yu, L50|\n|poke|p1|Great Tusk, L50|\n|poke|p1|Gholdengo, L50|\n|poke|p1|Murkrow, L50, M|\n|poke|p1|Talonflame, L50, M|\n|poke|p2|Glimmora, L50, F|\n|poke|p2|Dondozo, L50, M|\n|poke|p2|Wo-Chien, L50|\n|poke|p2|Flutter Mane, L50|\n|poke|p2|Sylveon, L50, F|\n|poke|p2|Tatsugiri, L50, M|\n|teampreview|4\n|inactive|Battle timer is ON: inactive players will automatically lose when time's up. (requested by Rarity1987)\n|l|\u2606Rarity1987\n|inactive|Rarity1987 disconnected and has a minute to reconnect!\n|player|p2|\n|inactive|haha you rage quit has 60 seconds left.\n|\n|t:|1683058257\n|start\n|switch|p1a: Gholdengo|Gholdengo, L50|100\/100\n|switch|p1b: Murkrow|Murkrow, L50, M|100\/100\n|switch|p2a: Germe Haine|Glimmora, L50, F, shiny|100\/100\n|switch|p2b: Isoruko|Tatsugiri, L50, M, shiny|100\/100\n|turn|1\n|j|\u2606Rarity1987\n|inactive|Rarity1987 reconnected and has 55 seconds left.\n|player|p2|Rarity1987|clair\n|\n|t:|1683058276\n|move|p1b: Murkrow|Tailwind|p1b: Murkrow\n|-sidestart|p1: haha you rage quit|move: Tailwind\n|move|p1a: Gholdengo|Make It Rain|p2a: Germe Haine|[spread] p2a,p2b\n|-supereffective|p2a: Germe Haine\n|-resisted|p2b: Isoruko\n|-damage|p2a: Germe Haine|39\/100\n|-damage|p2b: Isoruko|64\/100\n|-unboost|p1a: Gholdengo|spa|1\n|move|p2b: Isoruko|Taunt|p1b: Murkrow\n|-start|p1b: Murkrow|move: Taunt\n|move|p2a: Germe Haine|Power Gem|p1b: Murkrow\n|-supereffective|p1b: Murkrow\n|-enditem|p1b: Murkrow|Focus Sash\n|-damage|p1b: Murkrow|1\/100\n|\n|upkeep\n|turn|2\n|\n|t:|1683058301\n|move|p1b: Murkrow|Icy Wind|p2b: Isoruko|[spread] p2a,p2b\n|-damage|p2a: Germe Haine|35\/100\n|-damage|p2b: Isoruko|53\/100\n|-unboost|p2a: Germe Haine|spe|1\n|-unboost|p2b: Isoruko|spe|1\n|move|p1a: Gholdengo|Make It Rain|p2b: Isoruko|[spread] p2a,p2b\n|-supereffective|p2a: Germe Haine\n|-resisted|p2b: Isoruko\n|-damage|p2a: Germe Haine|0 fnt\n|-damage|p2b: Isoruko|28\/100\n|-unboost|p1a: Gholdengo|spa|1\n|faint|p2a: Germe Haine\n|move|p2b: Isoruko|Muddy Water|p1a: Gholdengo|[spread] p1a,p1b\n|-damage|p1a: Gholdengo|66\/100\n|-damage|p1b: Murkrow|0 fnt\n|-unboost|p1a: Gholdengo|accuracy|1\n|faint|p1b: Murkrow\n|\n|upkeep\n|\n|t:|1683058326\n|switch|p1b: Great Tusk|Great Tusk, L50, shiny|100\/100\n|switch|p2a: Moussu|Wo-Chien, L50|100\/100\n|-ability|p2a: Moussu|Tablets of Ruin\n|turn|3\n|\n|t:|1683058346\n|move|p2b: Isoruko|Protect|p2b: Isoruko\n|-singleturn|p2b: Isoruko|Protect\n|move|p1b: Great Tusk|Close Combat|p2a: Moussu\n|-supereffective|p2a: Moussu\n|-damage|p2a: Moussu|0 fnt\n|-unboost|p1b: Great Tusk|def|1\n|-unboost|p1b: Great Tusk|spd|1\n|faint|p2a: Moussu\n|move|p1a: Gholdengo|Make It Rain|p2b: Isoruko\n|-activate|p2b: Isoruko|move: Protect\n|\n|upkeep\n|\n|t:|1683058359\n|switch|p2a: Flutter Mane|Flutter Mane, L50|100\/100\n|-enditem|p2a: Flutter Mane|Booster Energy\n|-activate|p2a: Flutter Mane|ability: Protosynthesis|[fromitem]\n|-start|p2a: Flutter Mane|protosynthesisspe\n|turn|4\n|\n|t:|1683058384\n|-terastallize|p1a: Gholdengo|Flying\n|move|p2a: Flutter Mane|Moonblast|p1b: Great Tusk\n|-supereffective|p1b: Great Tusk\n|-damage|p1b: Great Tusk|0 fnt\n|faint|p1b: Great Tusk\n|-end|p1b: Great Tusk|Protosynthesis|[silent]\n|move|p1a: Gholdengo|Make It Rain|p2a: Flutter Mane|[spread] p2b\n|-miss|p1a: Gholdengo|p2a: Flutter Mane\n|-resisted|p2b: Isoruko\n|-damage|p2b: Isoruko|10\/100\n|-unboost|p1a: Gholdengo|spa|1\n|move|p2b: Isoruko|Muddy Water|p1a: Gholdengo\n|-damage|p1a: Gholdengo|21\/100\n|\n|-sideend|p1: haha you rage quit|move: Tailwind\n|upkeep\n|\n|t:|1683058401\n|switch|p1b: Talonflame|Talonflame, L50, M|100\/100\n|turn|5\n|inactive|haha you rage quit has 30 seconds left.\n|\n|t:|1683058427\n|-terastallize|p2a: Flutter Mane|Steel\n|move|p1b: Talonflame|Brave Bird|p2a: Flutter Mane\n|-resisted|p2a: Flutter Mane\n|-damage|p2a: Flutter Mane|59\/100\n|-damage|p1b: Talonflame|91\/100|[from] Recoil\n|move|p2a: Flutter Mane|Shadow Ball|p1b: Talonflame\n|-damage|p1b: Talonflame|32\/100\n|-enditem|p1b: Talonflame|Sitrus Berry|[eat]\n|-heal|p1b: Talonflame|57\/100|[from] item: Sitrus Berry\n|move|p1a: Gholdengo|Make It Rain|p2a: Flutter Mane|[spread] p2a,p2b\n|-resisted|p2a: Flutter Mane\n|-crit|p2a: Flutter Mane\n|-resisted|p2b: Isoruko\n|-damage|p2a: Flutter Mane|16\/100\n|-damage|p2b: Isoruko|0 fnt\n|-unboost|p1a: Gholdengo|spa|1\n|faint|p2b: Isoruko\n|\n|upkeep\n|turn|6\n|inactive|Rarity1987 has 30 seconds left.\n|\n|t:|1683058455\n|move|p2a: Flutter Mane|Shadow Ball|p1b: Talonflame\n|-damage|p1b: Talonflame|0 fnt\n|faint|p1b: Talonflame\n|move|p1a: Gholdengo|Shadow Ball|p2a: Flutter Mane\n|-damage|p2a: Flutter Mane|0 fnt\n|faint|p2a: Flutter Mane\n|-end|p2a: Flutter Mane|Protosynthesis|[silent]\n|\n|win|haha you rage quit\n|raw|haha you rage quit's rating: 1175 → 1205<\/strong> (+30 for winning)\n|raw|Rarity1987's rating: 1245 → 1215<\/strong> (-30 for losing)\n|l|\u2606Rarity1987\n","uploadtime":1683058469,"views":6,"p1id":"hahayouragequit","p2id":"rarity1987","formatid":"gen9vgc2023regulationc","rating":1205,"private":0,"password":""}