{"id":"gen9vgc2023regulationc-1846561367","p1":"BlackSam88","p2":"eldelpoliwhirl","format":"[Gen 9] VGC 2023 Regulation C","log":"|j|\u2606BlackSam88\n|j|\u2606eldelpoliwhirl\n|t:|1681851824\n|gametype|doubles\n|player|p1|BlackSam88|266|1040\n|player|p2|eldelpoliwhirl|grusha|1072\n|teamsize|p1|6\n|teamsize|p2|6\n|gen|9\n|tier|[Gen 9] VGC 2023 Regulation C\n|rated|\n|rule|Species Clause: Limit one of each Pok\u00e9mon\n|rule|Item Clause: Limit one of each item\n|clearpoke\n|poke|p1|Toxapex, L50, M|\n|poke|p1|Chansey, L50, F|\n|poke|p1|Dragonite, L50, M|\n|poke|p1|Corviknight, L50, F|\n|poke|p1|Kingambit, L50, M|\n|poke|p1|Gyarados, L50, M|\n|poke|p2|Ting-Lu, L50|\n|poke|p2|Amoonguss, L50, M|\n|poke|p2|Arcanine, L50, M|\n|poke|p2|Flutter Mane, L50|\n|poke|p2|Palafin, L50, M|\n|poke|p2|Baxcalibur, L50, M|\n|teampreview|4\n|inactive|Battle timer is ON: inactive players will automatically lose when time's up. (requested by eldelpoliwhirl)\n|inactive|eldelpoliwhirl has 60 seconds left.\n|\n|t:|1681851870\n|start\n|switch|p1a: Toxapex|Toxapex, L50, M|100\/100\n|switch|p1b: Corviknight|Corviknight, L50, F|100\/100\n|switch|p2a: Ting-Lu|Ting-Lu, L50|100\/100\n|switch|p2b: Flutter Mane|Flutter Mane, L50|100\/100\n|-ability|p1b: Corviknight|Pressure\n|-ability|p2a: Ting-Lu|Vessel of Ruin\n|-enditem|p2b: Flutter Mane|Booster Energy\n|-activate|p2b: Flutter Mane|ability: Protosynthesis|[fromitem]\n|-start|p2b: Flutter Mane|protosynthesisspa\n|turn|1\n|inactive|eldelpoliwhirl has 30 seconds left.\n|inactive|eldelpoliwhirl has 20 seconds left.\n|\n|t:|1681851909\n|-terastallize|p2b: Flutter Mane|Water\n|move|p2b: Flutter Mane|Substitute|p2b: Flutter Mane\n|-start|p2b: Flutter Mane|Substitute\n|-damage|p2b: Flutter Mane|76\/100\n|move|p1b: Corviknight|Flash Cannon|p2b: Flutter Mane\n|-resisted|p2b: Flutter Mane\n|-activate|p2b: Flutter Mane|move: Substitute|[damage]\n|move|p2a: Ting-Lu|Fissure|p1a: Toxapex|[miss]\n|-miss|p2a: Ting-Lu|p1a: Toxapex\n|move|p1a: Toxapex|Toxic Spikes|p2a: Ting-Lu\n|-sidestart|p2: eldelpoliwhirl|move: Toxic Spikes\n|\n|upkeep\n|turn|2\n|inactive|BlackSam88 has 30 seconds left.\n|\n|t:|1681851935\n|move|p2b: Flutter Mane|Shadow Ball|p1b: Corviknight\n|-damage|p1b: Corviknight|74\/100\n|move|p1b: Corviknight|U-turn|p2b: Flutter Mane\n|-end|p2b: Flutter Mane|Substitute\n|\n|t:|1681851942\n|switch|p1b: Gyarados|Gyarados, L50, M|100\/100|[from] U-turn\n|-ability|p1b: Gyarados|Intimidate|boost\n|-unboost|p2a: Ting-Lu|atk|1\n|-unboost|p2b: Flutter Mane|atk|1\n|move|p2a: Ting-Lu|Ruination|p1b: Gyarados\n|-damage|p1b: Gyarados|50\/100\n|move|p1a: Toxapex|Substitute|p1a: Toxapex\n|-start|p1a: Toxapex|Substitute\n|-damage|p1a: Toxapex|76\/100\n|\n|-heal|p1a: Toxapex|81\/100|[from] item: Black Sludge\n|upkeep\n|turn|3\n|\n|t:|1681851966\n|move|p2b: Flutter Mane|Shadow Ball|p1a: Toxapex\n|-end|p1a: Toxapex|Substitute\n|move|p1b: Gyarados|Waterfall|p2a: Ting-Lu\n|-supereffective|p2a: Ting-Lu\n|-damage|p2a: Ting-Lu|50\/100\n|cant|p2a: Ting-Lu|flinch\n|move|p1a: Toxapex|Toxic Spikes|p2b: Flutter Mane\n|-sidestart|p2: eldelpoliwhirl|move: Toxic Spikes\n|\n|-heal|p1a: Toxapex|87\/100|[from] item: Black Sludge\n|upkeep\n|turn|4\n|\n|t:|1681851984\n|switch|p2a: Amoonguss|Amoonguss, L50, M|100\/100\n|-sideend|p2: eldelpoliwhirl|move: Toxic Spikes|[of] p2a: Amoonguss\n|move|p2b: Flutter Mane|Protect|p2b: Flutter Mane\n|-singleturn|p2b: Flutter Mane|Protect\n|move|p1b: Gyarados|Waterfall|p2a: Amoonguss\n|-resisted|p2a: Amoonguss\n|-crit|p2a: Amoonguss\n|-damage|p2a: Amoonguss|73\/100\n|move|p1a: Toxapex|Substitute|p1a: Toxapex\n|-start|p1a: Toxapex|Substitute\n|-damage|p1a: Toxapex|62\/100\n|\n|-heal|p1a: Toxapex|68\/100|[from] item: Black Sludge\n|upkeep\n|turn|5\n|\n|t:|1681852008\n|move|p2b: Flutter Mane|Shadow Ball|p1a: Toxapex\n|-end|p1a: Toxapex|Substitute\n|move|p1b: Gyarados|Ice Beam|p2a: Amoonguss\n|-supereffective|p2a: Amoonguss\n|-crit|p2a: Amoonguss\n|-damage|p2a: Amoonguss|38\/100\n|-enditem|p2a: Amoonguss|Sitrus Berry|[eat]\n|-heal|p2a: Amoonguss|63\/100|[from] item: Sitrus Berry\n|move|p1a: Toxapex|Toxic Spikes|p2b: Flutter Mane\n|-sidestart|p2: eldelpoliwhirl|move: Toxic Spikes\n|move|p2a: Amoonguss|Pollen Puff|p2b: Flutter Mane\n|-heal|p2b: Flutter Mane|100\/100\n|\n|-heal|p1a: Toxapex|74\/100|[from] item: Black Sludge\n|upkeep\n|turn|6\n|inactive|eldelpoliwhirl has 30 seconds left.\n|inactive|eldelpoliwhirl has 20 seconds left.\n|\n|t:|1681852046\n|move|p2b: Flutter Mane|Shadow Ball|p1a: Toxapex\n|-damage|p1a: Toxapex|32\/100\n|move|p1b: Gyarados|Ice Beam|p2a: Amoonguss\n|-supereffective|p2a: Amoonguss\n|-damage|p2a: Amoonguss|41\/100\n|move|p1a: Toxapex|Substitute|p1a: Toxapex\n|-start|p1a: Toxapex|Substitute\n|-damage|p1a: Toxapex|7\/100\n|move|p2a: Amoonguss|Spore|p1b: Gyarados\n|-status|p1b: Gyarados|slp|[from] move: Spore\n|\n|-heal|p1a: Toxapex|13\/100|[from] item: Black Sludge\n|upkeep\n|turn|7\n|\n|t:|1681852065\n|switch|p2a: Ting-Lu|Ting-Lu, L50|50\/100\n|-status|p2a: Ting-Lu|psn\n|-ability|p2a: Ting-Lu|Vessel of Ruin\n|move|p2b: Flutter Mane|Shadow Ball|p1a: Toxapex\n|-end|p1a: Toxapex|Substitute\n|cant|p1b: Gyarados|slp\n|move|p1a: Toxapex|Recover|p1a: Toxapex\n|-heal|p1a: Toxapex|63\/100\n|\n|-heal|p1a: Toxapex|69\/100|[from] item: Black Sludge\n|-damage|p2a: Ting-Lu|38\/100 psn|[from] psn\n|upkeep\n|turn|8\n|\n|t:|1681852087\n|move|p2b: Flutter Mane|Shadow Ball|p1a: Toxapex\n|-damage|p1a: Toxapex|38\/100\n|-unboost|p1a: Toxapex|spd|1\n|cant|p1b: Gyarados|slp\n|move|p2a: Ting-Lu|Ruination|p1b: Gyarados\n|-damage|p1b: Gyarados|26\/100 slp\n|move|p1a: Toxapex|Substitute|p1a: Toxapex\n|-start|p1a: Toxapex|Substitute\n|-damage|p1a: Toxapex|13\/100\n|\n|-heal|p1a: Toxapex|19\/100|[from] item: Black Sludge\n|-damage|p2a: Ting-Lu|26\/100 psn|[from] psn\n|upkeep\n|turn|9\n|\n|t:|1681852105\n|move|p2b: Flutter Mane|Shadow Ball|p1a: Toxapex\n|-end|p1a: Toxapex|Substitute\n|-curestatus|p1b: Gyarados|slp|[msg]\n|move|p1b: Gyarados|Waterfall|p2a: Ting-Lu\n|-supereffective|p2a: Ting-Lu\n|-damage|p2a: Ting-Lu|0 fnt\n|faint|p2a: Ting-Lu\n|move|p1a: Toxapex|Recover|p1a: Toxapex\n|-heal|p1a: Toxapex|69\/100\n|\n|-heal|p1a: Toxapex|75\/100|[from] item: Black Sludge\n|upkeep\n|\n|t:|1681852118\n|switch|p2a: Amoonguss|Amoonguss, L50, M|74\/100\n|-sideend|p2: eldelpoliwhirl|move: Toxic Spikes|[of] p2a: Amoonguss\n|turn|10\n|\n|t:|1681852129\n|move|p2b: Flutter Mane|Shadow Ball|p1a: Toxapex\n|-damage|p1a: Toxapex|20\/100\n|move|p1b: Gyarados|Thunderbolt|p2b: Flutter Mane\n|-supereffective|p2b: Flutter Mane\n|-damage|p2b: Flutter Mane|75\/100\n|move|p1a: Toxapex|Substitute|p1a: Toxapex\n|-fail|p1a: Toxapex|move: Substitute|[weak]\n|move|p2a: Amoonguss|Spore|p1b: Gyarados\n|-status|p1b: Gyarados|slp|[from] move: Spore\n|\n|-heal|p1a: Toxapex|25\/100|[from] item: Black Sludge\n|upkeep\n|turn|11\n|\n|t:|1681852153\n|move|p2b: Flutter Mane|Shadow Ball|p1a: Toxapex\n|-damage|p1a: Toxapex|0 fnt\n|faint|p1a: Toxapex\n|cant|p1b: Gyarados|slp\n|move|p2a: Amoonguss|Pollen Puff|p2b: Flutter Mane\n|-heal|p2b: Flutter Mane|100\/100\n|\n|upkeep\n|\n|t:|1681852169\n|switch|p1a: Chansey|Chansey, L50, F|100\/100\n|turn|12\n|\n|t:|1681852180\n|move|p2b: Flutter Mane|Moonblast|p1b: Gyarados\n|-damage|p1b: Gyarados|0 fnt\n|faint|p1b: Gyarados\n|move|p1a: Chansey|Flamethrower|p2a: Amoonguss\n|-supereffective|p2a: Amoonguss\n|-damage|p2a: Amoonguss|56\/100\n|move|p2a: Amoonguss|Spore|p1a: Chansey\n|-status|p1a: Chansey|slp|[from] move: Spore\n|\n|upkeep\n|\n|t:|1681852191\n|switch|p1b: Corviknight|Corviknight, L50, F|74\/100\n|-ability|p1b: Corviknight|Pressure\n|turn|13\n|\n|t:|1681852214\n|switch|p2a: Baxcalibur|Baxcalibur, L50, M, shiny|100\/100\n|move|p2b: Flutter Mane|Shadow Ball|p1b: Corviknight\n|-damage|p1b: Corviknight|34\/100\n|move|p1b: Corviknight|Flash Cannon|p2a: Baxcalibur\n|-supereffective|p2a: Baxcalibur\n|-damage|p2a: Baxcalibur|70\/100\n|cant|p1a: Chansey|slp\n|\n|-heal|p1b: Corviknight|40\/100|[from] item: Leftovers\n|upkeep\n|turn|14\n|\n|t:|1681852232\n|move|p2b: Flutter Mane|Shadow Ball|p1b: Corviknight\n|-damage|p1b: Corviknight|0 fnt\n|faint|p1b: Corviknight\n|move|p2a: Baxcalibur|Icicle Spear|p1a: Chansey\n|-damage|p1a: Chansey|90\/100 slp\n|-damage|p1a: Chansey|78\/100 slp\n|-damage|p1a: Chansey|67\/100 slp\n|-damage|p1a: Chansey|55\/100 slp\n|-hitcount|p1a: Chansey|4\n|cant|p1a: Chansey|slp\n|\n|upkeep\n|turn|15\n|c|\u2606eldelpoliwhirl|Nice team, wp\n|inactive|eldelpoliwhirl has 30 seconds left.\n|\n|t:|1681852260\n|move|p2b: Flutter Mane|Moonblast|p1a: Chansey\n|-damage|p1a: Chansey|35\/100 slp\n|move|p2a: Baxcalibur|Glaive Rush|p1a: Chansey\n|-damage|p1a: Chansey|0 fnt\n|-singlemove|p2a: Baxcalibur|Glaive Rush|[silent]\n|faint|p1a: Chansey\n|\n|win|eldelpoliwhirl\n|raw|BlackSam88's rating: 1040 → 1025<\/strong> (-15 for losing)\n|raw|eldelpoliwhirl's rating: 1072 → 1099<\/strong> (+27 for winning)\n|l|\u2606BlackSam88\n","uploadtime":1681852287,"views":14,"p1id":"blacksam88","p2id":"eldelpoliwhirl","formatid":"gen9vgc2023regulationc","rating":1025,"private":0,"password":""}