{"id":"gen9vgc2023regulationc-1863182182","p1":"L0LZ4N0m4","p2":"IeroTenparansu","format":"[Gen 9] VGC 2023 Regulation C","log":"|j|\u2606L0LZ4N0m4\n|j|\u2606IeroTenparansu\n|t:|1683984914\n|gametype|doubles\n|player|p1|L0LZ4N0m4|aromalady|1289\n|player|p2|IeroTenparansu|madame-gen4dp|1357\n|teamsize|p1|6\n|teamsize|p2|6\n|gen|9\n|tier|[Gen 9] VGC 2023 Regulation C\n|rated|\n|rule|Species Clause: Limit one of each Pok\u00e9mon\n|rule|Item Clause: Limit one of each item\n|clearpoke\n|poke|p1|Tyranitar, L50, M|\n|poke|p1|Palafin, L50, F|\n|poke|p1|Kingambit, L50, M|\n|poke|p1|Flutter Mane, L50|\n|poke|p1|Arcanine, L50, M|\n|poke|p1|Amoonguss, L50, M|\n|poke|p2|Dondozo, L50, M|\n|poke|p2|Tatsugiri, L50, F|\n|poke|p2|Chi-Yu, L50|\n|poke|p2|Iron Bundle, L50|\n|poke|p2|Glimmora, L50, M|\n|poke|p2|Dragonite, L50, F|\n|teampreview|4\n|inactive|Battle timer is ON: inactive players will automatically lose when time's up. (requested by L0LZ4N0m4)\n|inactive|L0LZ4N0m4 has 60 seconds left.\n|inactive|IeroTenparansu has 60 seconds left.\n|inactive|IeroTenparansu has 30 seconds left.\n|inactive|IeroTenparansu has 20 seconds left.\n|\n|t:|1683984989\n|start\n|switch|p1a: Palafin|Palafin, L50, F|100\/100\n|switch|p1b: Tyranitar|Tyranitar, L50, M|100\/100\n|switch|p2a: Iron Bundle|Iron Bundle, L50, shiny|100\/100\n|switch|p2b: Glimmora|Glimmora, L50, M, shiny|100\/100\n|-weather|Sandstorm|[from] ability: Sand Stream|[of] p1b: Tyranitar\n|-enditem|p2a: Iron Bundle|Booster Energy\n|-activate|p2a: Iron Bundle|ability: Quark Drive|[fromitem]\n|-start|p2a: Iron Bundle|quarkdrivespe\n|turn|1\n|inactive|L0LZ4N0m4 has 30 seconds left.\n|\n|t:|1683985015\n|detailschange|p1a: Palafin|Palafin-Hero, L50, F\n|switch|p1a: Kingambit|Kingambit, L50, M|100\/100\n|-terastallize|p1b: Tyranitar|Grass\n|move|p2a: Iron Bundle|Icy Wind|p1a: Kingambit|[spread] p1a,p1b\n|-resisted|p1a: Kingambit\n|-supereffective|p1b: Tyranitar\n|-damage|p1a: Kingambit|90\/100\n|-damage|p1b: Tyranitar|83\/100\n|-unboost|p1a: Kingambit|spe|1\n|-ability|p1a: Kingambit|Defiant|boost\n|-boost|p1a: Kingambit|atk|2\n|-unboost|p1b: Tyranitar|spe|1\n|move|p2b: Glimmora|Mortal Spin|p1b: Tyranitar|[spread] p1b\n|-immune|p1a: Kingambit\n|-supereffective|p1b: Tyranitar\n|-damage|p1b: Tyranitar|76\/100\n|-status|p1b: Tyranitar|psn\n|move|p1b: Tyranitar|Tera Blast|p2a: Iron Bundle\n|-supereffective|p2a: Iron Bundle\n|-damage|p2a: Iron Bundle|14\/100\n|\n|-weather|Sandstorm|[upkeep]\n|-damage|p2a: Iron Bundle|8\/100|[from] Sandstorm\n|-damage|p1b: Tyranitar|71\/100 psn|[from] Sandstorm\n|-damage|p1b: Tyranitar|58\/100 psn|[from] psn\n|upkeep\n|turn|2\n|inactive|IeroTenparansu has 30 seconds left.\n|inactive|IeroTenparansu has 20 seconds left.\n|inactive|IeroTenparansu has 15 seconds left.\n|inactive|IeroTenparansu has 10 seconds left.\n|\n|t:|1683985063\n|move|p2a: Iron Bundle|Protect|p2a: Iron Bundle\n|-singleturn|p2a: Iron Bundle|Protect\n|move|p1a: Kingambit|Sucker Punch||[still]\n|-fail|p1a: Kingambit\n|move|p2b: Glimmora|Earth Power|p1a: Kingambit\n|-supereffective|p1a: Kingambit\n|-damage|p1a: Kingambit|43\/100\n|move|p1b: Tyranitar|Crunch|p2b: Glimmora\n|-damage|p2b: Glimmora|74\/100\n|-unboost|p2b: Glimmora|def|1\n|-activate|p2b: Glimmora|ability: Toxic Debris\n|-sidestart|p1: L0LZ4N0m4|move: Toxic Spikes\n|\n|-weather|Sandstorm|[upkeep]\n|-damage|p2a: Iron Bundle|2\/100|[from] Sandstorm\n|-damage|p1b: Tyranitar|53\/100 psn|[from] Sandstorm\n|-damage|p1b: Tyranitar|41\/100 psn|[from] psn\n|upkeep\n|turn|3\n|inactive|IeroTenparansu has 30 seconds left.\n|\n|t:|1683985088\n|move|p1a: Kingambit|Sucker Punch|p2a: Iron Bundle\n|-damage|p2a: Iron Bundle|0 fnt\n|faint|p2a: Iron Bundle\n|-end|p2a: Iron Bundle|Quark Drive|[silent]\n|move|p2b: Glimmora|Earth Power|p1a: Kingambit\n|-supereffective|p1a: Kingambit\n|-damage|p1a: Kingambit|0 fnt\n|faint|p1a: Kingambit\n|move|p1b: Tyranitar|Crunch|p2b: Glimmora\n|-damage|p2b: Glimmora|34\/100\n|-activate|p2b: Glimmora|ability: Toxic Debris\n|-sidestart|p1: L0LZ4N0m4|move: Toxic Spikes\n|\n|-weather|Sandstorm|[upkeep]\n|-damage|p1b: Tyranitar|35\/100 psn|[from] Sandstorm\n|-damage|p1b: Tyranitar|23\/100 psn|[from] psn\n|upkeep\n|\n|t:|1683985104\n|switch|p2a: Dondozo|Dondozo, L50, M|100\/100\n|switch|p1a: Amoonguss|Amoonguss, L50, M|100\/100\n|-sideend|p1: L0LZ4N0m4|move: Toxic Spikes|[of] p1a: Amoonguss\n|turn|4\n|\n|t:|1683985127\n|switch|p2b: Tatsugiri|Tatsugiri, L50, F|100\/100\n|-activate|p2b: Tatsugiri|ability: Commander|[of] p2a: Dondozo\n|-boost|p2a: Dondozo|atk|2\n|-boost|p2a: Dondozo|spa|2\n|-boost|p2a: Dondozo|spe|2\n|-boost|p2a: Dondozo|def|2\n|-boost|p2a: Dondozo|spd|2\n|-terastallize|p2a: Dondozo|Grass\n|move|p1a: Amoonguss|Rage Powder|p1a: Amoonguss\n|-singleturn|p1a: Amoonguss|move: Rage Powder\n|move|p2a: Dondozo|Earthquake|p1a: Amoonguss|[spread] p1a,p1b\n|-miss|p2a: Dondozo|p2b: Tatsugiri\n|-resisted|p1b: Tyranitar\n|-damage|p1a: Amoonguss|63\/100\n|-damage|p1b: Tyranitar|7\/100 psn\n|move|p1b: Tyranitar|Tera Blast|p2a: Dondozo\n|-resisted|p2a: Dondozo\n|-damage|p2a: Dondozo|94\/100\n|\n|-weather|Sandstorm|[upkeep]\n|-damage|p2b: Tatsugiri|95\/100|[from] Sandstorm\n|-damage|p2a: Dondozo|88\/100|[from] Sandstorm\n|-damage|p1b: Tyranitar|1\/100 psn|[from] Sandstorm\n|-damage|p1a: Amoonguss|57\/100|[from] Sandstorm\n|-heal|p2a: Dondozo|94\/100|[from] item: Leftovers\n|-damage|p1b: Tyranitar|0 fnt|[from] psn\n|faint|p1b: Tyranitar\n|upkeep\n|\n|t:|1683985131\n|switch|p1b: Palafin|Palafin-Hero, L50, F|100\/100\n|-activate|p1b: Palafin|ability: Zero to Hero\n|turn|5\n|\n|t:|1683985155\n|move|p1a: Amoonguss|Rage Powder|p1a: Amoonguss\n|-singleturn|p1a: Amoonguss|move: Rage Powder\n|move|p2a: Dondozo|Tera Blast|p1b: Palafin\n|-supereffective|p1b: Palafin\n|-damage|p1b: Palafin|0 fnt\n|faint|p1b: Palafin\n|\n|-weather|none\n|-heal|p2a: Dondozo|100\/100|[from] item: Leftovers\n|upkeep\n|turn|6\n|inactive|L0LZ4N0m4 has 30 seconds left.\n|-message|L0LZ4N0m4 forfeited.\n|\n|win|IeroTenparansu\n|raw|L0LZ4N0m4's rating: 1289 → 1269<\/strong> (-20 for losing)\n|raw|IeroTenparansu's rating: 1357 → 1373<\/strong> (+16 for winning)\n|l|\u2606IeroTenparansu\n","uploadtime":1683985203,"views":12,"p1id":"l0lz4n0m4","p2id":"ierotenparansu","formatid":"gen9vgc2023regulationc","rating":1269,"private":0,"password":""}