{"id":"gen9vgc2023regulationc-1863772152","p1":"Vanikura","p2":"IcejjKech","format":"[Gen 9] VGC 2023 Regulation C","log":"|j|\u2606Vanikura\n|j|\u2606IcejjKech\n|t:|1684074749\n|gametype|doubles\n|player|p1|Vanikura|lady|\n|player|p2|IcejjKech|swimmerf-gen4|\n|teamsize|p1|6\n|teamsize|p2|6\n|gen|9\n|tier|[Gen 9] VGC 2023 Regulation C\n|rule|Species Clause: Limit one of each Pok\u00e9mon\n|rule|Item Clause: Limit one of each item\n|clearpoke\n|poke|p1|Chien-Pao, L50|\n|poke|p1|Annihilape, L50, M|\n|poke|p1|Garganacl, L50, M|\n|poke|p1|Staraptor, L50, M|\n|poke|p1|Indeedee, L50, M|\n|poke|p1|Rotom-Mow, L50|\n|poke|p2|Ting-Lu, L50|\n|poke|p2|Meowscarada, L50, F|\n|poke|p2|Gyarados, L50, M|\n|poke|p2|Klefki, L50, F|\n|poke|p2|Flamigo, L50, F|\n|poke|p2|Glimmora, L50, M|\n|teampreview|4\nIcejjKech has agreed to open team sheets.\nVanikura has agreed to open team sheets.\n|\n|t:|1684075403\n|start\n|switch|p1a: Rotom|Rotom-Mow, L50|100\/100\n|switch|p1b: Staraptor|Staraptor, L50, M|100\/100\n|switch|p2a: Bidiza|Ting-Lu, L50|100\/100\n|switch|p2b: Schl\u00fcssli|Klefki, L50, F|100\/100\n|-ability|p1b: Staraptor|Intimidate|boost\n|-unboost|p2a: Bidiza|atk|1\n|-unboost|p2b: Schl\u00fcssli|atk|1\n|-ability|p2a: Bidiza|Vessel of Ruin\n|turn|1\n|j| Lifelink9000\n|\n|t:|1684075502\n|move|p1a: Rotom|Protect|p1a: Rotom\n|-singleturn|p1a: Rotom|Protect\n|move|p2a: Bidiza|Protect|p2a: Bidiza\n|-singleturn|p2a: Bidiza|Protect\n|move|p2b: Schl\u00fcssli|Reflect|p2b: Schl\u00fcssli\n|-sidestart|p2: IcejjKech|Reflect\n|move|p1b: Staraptor|U-turn|p2b: Schl\u00fcssli\n|-resisted|p2b: Schl\u00fcssli\n|-damage|p2b: Schl\u00fcssli|96\/100\n|\n|t:|1684075512\n|switch|p1b: Garganacl|Garganacl, L50, M|100\/100|[from] U-turn\n|\n|upkeep\n|turn|2\n|\n|t:|1684075551\n|-terastallize|p2a: Bidiza|Fairy\n|move|p1b: Garganacl|Protect|p1b: Garganacl\n|-singleturn|p1b: Garganacl|Protect\n|move|p2b: Schl\u00fcssli|Light Screen|p2b: Schl\u00fcssli\n|-sidestart|p2: IcejjKech|move: Light Screen\n|move|p1a: Rotom|Leaf Storm|p2a: Bidiza\n|-damage|p2a: Bidiza|83\/100\n|-unboost|p1a: Rotom|spa|2\n|move|p2a: Bidiza|Fissure|p1b: Garganacl\n|-activate|p1b: Garganacl|move: Protect\n|\n|-heal|p2a: Bidiza|89\/100|[from] item: Leftovers\n|upkeep\n|turn|3\n|\n|t:|1684075594\n|-terastallize|p1b: Garganacl|Fairy\n|move|p1a: Rotom|Protect|p1a: Rotom\n|-singleturn|p1a: Rotom|Protect\n|move|p2b: Schl\u00fcssli|Dazzling Gleam|p1b: Garganacl|[spread] p1b\n|-activate|p1a: Rotom|move: Protect\n|-damage|p1b: Garganacl|88\/100\n|move|p2a: Bidiza|Body Press|p1b: Garganacl\n|-resisted|p1b: Garganacl\n|-damage|p1b: Garganacl|82\/100\n|-damage|p2a: Bidiza|73\/100|[from] item: Rocky Helmet|[of] p1b: Garganacl\n|move|p1b: Garganacl|Salt Cure|p2b: Schl\u00fcssli\n|-resisted|p2b: Schl\u00fcssli\n|-damage|p2b: Schl\u00fcssli|91\/100\n|-start|p2b: Schl\u00fcssli|Salt Cure\n|\n|-heal|p2a: Bidiza|79\/100|[from] item: Leftovers\n|-damage|p2b: Schl\u00fcssli|66\/100|[from] Salt Cure\n|upkeep\n|turn|4\n|\n|t:|1684075638\n|switch|p2b: Glimmora|Glimmora, L50, M|100\/100\n|move|p2a: Bidiza|Protect|p2a: Bidiza\n|-singleturn|p2a: Bidiza|Protect\n|move|p1b: Garganacl|Protect|p1b: Garganacl\n|-singleturn|p1b: Garganacl|Protect\n|move|p1a: Rotom|Volt Switch|p2a: Bidiza\n|-activate|p2a: Bidiza|move: Protect\n|\n|-heal|p2a: Bidiza|84\/100|[from] item: Leftovers\n|upkeep\n|turn|5\n|\n|t:|1684075660\n|move|p2b: Glimmora|Mortal Spin|p1a: Rotom|[spread] p1a,p1b\n|-supereffective|p1a: Rotom\n|-supereffective|p1b: Garganacl\n|-damage|p1a: Rotom|92\/100\n|-damage|p1b: Garganacl|78\/100\n|-status|p1a: Rotom|psn\n|-damage|p2b: Glimmora|84\/100|[from] item: Rocky Helmet|[of] p1b: Garganacl\n|move|p1a: Rotom|Volt Switch|p2a: Bidiza\n|-damage|p2a: Bidiza|79\/100\n|\n|t:|1684075672\n|switch|p1a: Staraptor|Staraptor, L50, M|100\/100|[from] Volt Switch\n|-ability|p1a: Staraptor|Intimidate|boost\n|-unboost|p2a: Bidiza|atk|1\n|-unboost|p2b: Glimmora|atk|1\n|move|p2a: Bidiza|Body Press|p1a: Staraptor\n|-damage|p1a: Staraptor|63\/100\n|move|p1b: Garganacl|Salt Cure|p2a: Bidiza\n|-crit|p2a: Bidiza\n|-damage|p2a: Bidiza|68\/100\n|-start|p2a: Bidiza|Salt Cure\n|\n|-heal|p2a: Bidiza|74\/100|[from] item: Leftovers\n|-damage|p2a: Bidiza|62\/100|[from] Salt Cure\n|upkeep\n|turn|6\n|\n|t:|1684075723\n|move|p2a: Bidiza|Protect|p2a: Bidiza\n|-singleturn|p2a: Bidiza|Protect\n|move|p1a: Staraptor|Facade|p2a: Bidiza\n|-activate|p2a: Bidiza|move: Protect\n|move|p2b: Glimmora|Power Gem|p1a: Staraptor\n|-supereffective|p1a: Staraptor\n|-damage|p1a: Staraptor|0 fnt\n|faint|p1a: Staraptor\n|move|p1b: Garganacl|Recover|p1b: Garganacl\n|-heal|p1b: Garganacl|100\/100\n|\n|-heal|p2a: Bidiza|68\/100|[from] item: Leftovers\n|-damage|p2a: Bidiza|56\/100|[from] Salt Cure\n|upkeep\n|\n|t:|1684075731\n|switch|p1a: Annihilape|Annihilape, L50, M|100\/100\n|turn|7\n|\n|t:|1684075759\n|move|p1a: Annihilape|Protect|p1a: Annihilape\n|-singleturn|p1a: Annihilape|Protect\n|move|p2b: Glimmora|Dazzling Gleam|p1a: Annihilape|[spread] p1b\n|-activate|p1a: Annihilape|move: Protect\n|-damage|p1b: Garganacl|84\/100\n|move|p2a: Bidiza|Ruination|p1a: Annihilape\n|-activate|p1a: Annihilape|move: Protect\n|move|p1b: Garganacl|Body Press|p2b: Glimmora\n|-damage|p2b: Glimmora|63\/100\n|-damage|p1b: Garganacl|67\/100|[from] item: Rocky Helmet|[of] p2b: Glimmora\n|-activate|p2b: Glimmora|ability: Toxic Debris\n|-sidestart|p1: Vanikura|move: Toxic Spikes\n|\n|-heal|p2a: Bidiza|62\/100|[from] item: Leftovers\n|-damage|p2a: Bidiza|50\/100|[from] Salt Cure\n|upkeep\n|turn|8\n|\n|t:|1684075797\n|move|p2a: Bidiza|Protect|p2a: Bidiza\n|-singleturn|p2a: Bidiza|Protect\n|move|p2b: Glimmora|Mortal Spin|p1a: Annihilape|[spread] p1a,p1b\n|-resisted|p1a: Annihilape\n|-crit|p1a: Annihilape\n|-supereffective|p1b: Garganacl\n|-damage|p1a: Annihilape|98\/100\n|-damage|p1b: Garganacl|64\/100\n|-status|p1a: Annihilape|psn\n|-damage|p2b: Glimmora|47\/100|[from] item: Rocky Helmet|[of] p1b: Garganacl\n|move|p1a: Annihilape|Rage Fist|p2a: Bidiza\n|-activate|p2a: Bidiza|move: Protect\n|move|p1b: Garganacl|Salt Cure|p2b: Glimmora\n|-damage|p2b: Glimmora|35\/100\n|-start|p2b: Glimmora|Salt Cure\n|-activate|p2b: Glimmora|ability: Toxic Debris\n|-sidestart|p1: Vanikura|move: Toxic Spikes\n|\n|-heal|p1a: Annihilape|100\/100 psn|[from] item: Leftovers\n|-heal|p2a: Bidiza|55\/100|[from] item: Leftovers\n|-damage|p1a: Annihilape|88\/100 psn|[from] psn\n|-damage|p2b: Glimmora|23\/100|[from] Salt Cure\n|-damage|p2a: Bidiza|43\/100|[from] Salt Cure\n|-sideend|p2: IcejjKech|Reflect\n|upkeep\n|turn|9\n|\n|t:|1684075828\n|move|p2b: Glimmora|Spiky Shield|p2b: Glimmora\n|-singleturn|p2b: Glimmora|move: Protect\n|move|p1a: Annihilape|Protect|p1a: Annihilape\n|-singleturn|p1a: Annihilape|Protect\n|move|p2a: Bidiza|Ruination|p1a: Annihilape\n|-activate|p1a: Annihilape|move: Protect\n|move|p1b: Garganacl|Recover|p1b: Garganacl\n|-heal|p1b: Garganacl|100\/100\n|\n|-heal|p1a: Annihilape|94\/100 psn|[from] item: Leftovers\n|-heal|p2a: Bidiza|49\/100|[from] item: Leftovers\n|-damage|p1a: Annihilape|82\/100 psn|[from] psn\n|-damage|p2b: Glimmora|11\/100|[from] Salt Cure\n|-damage|p2a: Bidiza|37\/100|[from] Salt Cure\n|-sideend|p2: IcejjKech|move: Light Screen\n|upkeep\n|turn|10\n|\n|t:|1684075862\n|switch|p1a: Rotom|Rotom-Mow, L50|92\/100 psn\n|move|p2a: Bidiza|Protect|p2a: Bidiza\n|-singleturn|p2a: Bidiza|Protect\n|move|p1b: Garganacl|Protect|p1b: Garganacl\n|-singleturn|p1b: Garganacl|Protect\n|move|p2b: Glimmora|Dazzling Gleam|p1a: Rotom|[spread] p1a\n|-activate|p1b: Garganacl|move: Protect\n|-damage|p1a: Rotom|76\/100 psn\n|\n|-heal|p2a: Bidiza|43\/100|[from] item: Leftovers\n|-damage|p1a: Rotom|64\/100 psn|[from] psn\n|-damage|p2b: Glimmora|0 fnt|[from] Salt Cure\n|faint|p2b: Glimmora\n|-damage|p2a: Bidiza|31\/100|[from] Salt Cure\n|upkeep\n|\n|t:|1684075888\n|switch|p2b: Schl\u00fcssli|Klefki, L50, F|66\/100\n|turn|11\n|\n|t:|1684075914\n|move|p2b: Schl\u00fcssli|Reflect|p2b: Schl\u00fcssli\n|-sidestart|p2: IcejjKech|Reflect\n|move|p1a: Rotom|Thunderbolt|p2a: Bidiza\n|-damage|p2a: Bidiza|13\/100\n|move|p2a: Bidiza|Ruination|p1b: Garganacl\n|-damage|p1b: Garganacl|51\/100\n|move|p1b: Garganacl|Salt Cure|p2b: Schl\u00fcssli\n|-resisted|p2b: Schl\u00fcssli\n|-crit|p2b: Schl\u00fcssli\n|-damage|p2b: Schl\u00fcssli|55\/100\n|-start|p2b: Schl\u00fcssli|Salt Cure\n|\n|-heal|p2a: Bidiza|19\/100|[from] item: Leftovers\n|-damage|p1a: Rotom|51\/100 psn|[from] psn\n|-damage|p2b: Schl\u00fcssli|30\/100|[from] Salt Cure\n|-damage|p2a: Bidiza|7\/100|[from] Salt Cure\n|upkeep\n|turn|12\n|\n|t:|1684075949\n|move|p2a: Bidiza|Protect|p2a: Bidiza\n|-singleturn|p2a: Bidiza|Protect\n|move|p2b: Schl\u00fcssli|Light Screen|p2b: Schl\u00fcssli\n|-sidestart|p2: IcejjKech|move: Light Screen\n|move|p1a: Rotom|Volt Switch|p2b: Schl\u00fcssli\n|-damage|p2b: Schl\u00fcssli|18\/100\n|\n|t:|1684075959\n|switch|p1a: Annihilape|Annihilape, L50, M|82\/100 psn|[from] Volt Switch\n|move|p1b: Garganacl|Recover|p1b: Garganacl\n|-heal|p1b: Garganacl|100\/100\n|\n|-heal|p1a: Annihilape|88\/100 psn|[from] item: Leftovers\n|-heal|p2a: Bidiza|13\/100|[from] item: Leftovers\n|-damage|p1a: Annihilape|75\/100 psn|[from] psn\n|-damage|p2b: Schl\u00fcssli|0 fnt|[from] Salt Cure\n|faint|p2b: Schl\u00fcssli\n|-damage|p2a: Bidiza|0 fnt|[from] Salt Cure\n|faint|p2a: Bidiza\n|upkeep\n|\n|t:|1684075980\n|switch|p2b: Peter|Gyarados, L50, M|100\/100\n|-ability|p2b: Peter|Intimidate|boost\n|-fail|p1a: Annihilape|unboost|Attack|[from] ability: Inner Focus|[of] p1a: Annihilape\n|-unboost|p1b: Garganacl|atk|1\n|turn|13\n|\n|t:|1684076012\n|move|p2b: Peter|Waterfall|p1a: Annihilape\n|-damage|p1a: Annihilape|38\/100 psn\n|move|p1a: Annihilape|Rage Fist|p2b: Peter\n|-crit|p2b: Peter\n|-damage|p2b: Peter|0 fnt\n|faint|p2b: Peter\n|\n|win|Vanikura\n|c|\u2606Vanikura|Garganacl du geiler! Lebst einfach alles\n|c|\u2606IcejjKech|grrganacle\n|l| Lifelink9000\n|l|\u2606IcejjKech\n","uploadtime":1684077188,"views":16,"p1id":"vanikura","p2id":"icejjkech","formatid":"gen9vgc2023regulationc","rating":0,"private":0,"password":""}