{"id":"gen9vgc2023regulationc-1855243128","p1":"jakevw19","p2":"stuby522","format":"[Gen 9] VGC 2023 Regulation C","log":"|j|\u2606jakevw19\n|j|\u2606stuby522\n|t:|1682921480\n|gametype|doubles\n|player|p1|jakevw19|depotagent|1255\n|player|p2|stuby522|rocketgruntf|1211\n|teamsize|p1|6\n|teamsize|p2|6\n|gen|9\n|tier|[Gen 9] VGC 2023 Regulation C\n|rated|\n|rule|Species Clause: Limit one of each Pok\u00e9mon\n|rule|Item Clause: Limit one of each item\n|clearpoke\n|poke|p1|Garganacl, L50, F|\n|poke|p1|Glimmora, L50, M|\n|poke|p1|Palafin, L50, M|\n|poke|p1|Rotom-Heat, L50|\n|poke|p1|Mimikyu, L50, F|\n|poke|p1|Ting-Lu, L50|\n|poke|p2|Iron Treads, L50|\n|poke|p2|Flutter Mane, L50|\n|poke|p2|Murkrow, L50, M|\n|poke|p2|Braviary, L50, M|\n|poke|p2|Hydreigon, L50, F|\n|poke|p2|Gyarados, L50, F|\n|teampreview|4\n|\n|t:|1682921542\n|start\n|switch|p1a: The Oven|Rotom-Heat, L50|100\/100\n|switch|p1b: The Devil (FTB)|Glimmora, L50, M|100\/100\n|switch|p2a: Panzerkampf|Iron Treads, L50|100\/100\n|switch|p2b: Hydreigon|Hydreigon, L50, F|100\/100\n|-enditem|p2a: Panzerkampf|Booster Energy\n|-activate|p2a: Panzerkampf|ability: Quark Drive|[fromitem]\n|-start|p2a: Panzerkampf|quarkdrivespe\n|turn|1\n|inactive|Battle timer is ON: inactive players will automatically lose when time's up. (requested by jakevw19)\n|c|\u2606jakevw19|badass name\n|inactive|jakevw19 has 60 seconds left.\n|inactive|stuby522 has 60 seconds left.\n|\n|t:|1682921577\n|move|p1b: The Devil (FTB)|Spiky Shield|p1b: The Devil (FTB)\n|-singleturn|p1b: The Devil (FTB)|move: Protect\n|move|p2a: Panzerkampf|Earthquake|p1a: The Oven|[spread] \n|-activate|p1b: The Devil (FTB)|move: Protect\n|-immune|p2b: Hydreigon|[from] ability: Levitate\n|-immune|p1a: The Oven|[from] ability: Levitate\n|move|p1a: The Oven|Overheat|p2a: Panzerkampf\n|-supereffective|p2a: Panzerkampf\n|-damage|p2a: Panzerkampf|0 fnt\n|-unboost|p1a: The Oven|spa|2\n|faint|p2a: Panzerkampf\n|-end|p2a: Panzerkampf|Quark Drive|[silent]\n|move|p2b: Hydreigon|Snarl|p1b: The Devil (FTB)|[spread] p1a\n|-activate|p1b: The Devil (FTB)|move: Protect\n|-damage|p1a: The Oven|72\/100\n|-unboost|p1a: The Oven|spa|1\n|\n|upkeep\n|\n|t:|1682921585\n|switch|p2a: Bismarck|Gyarados, L50, F|100\/100\n|-ability|p2a: Bismarck|Intimidate|boost\n|-unboost|p1a: The Oven|atk|1\n|-unboost|p1b: The Devil (FTB)|atk|1\n|turn|2\n|inactive|jakevw19 has 30 seconds left.\n|\n|t:|1682921611\n|move|p1b: The Devil (FTB)|Mortal Spin|p2b: Hydreigon|[spread] p2a,p2b\n|-damage|p2a: Bismarck|97\/100\n|-damage|p2b: Hydreigon|97\/100\n|-status|p2a: Bismarck|psn\n|-status|p2b: Hydreigon|psn\n|move|p1a: The Oven|Overheat|p2a: Bismarck\n|-resisted|p2a: Bismarck\n|-damage|p2a: Bismarck|82\/100 psn\n|-unboost|p1a: The Oven|spa|2\n|move|p2b: Hydreigon|Focus Energy|p2b: Hydreigon\n|-start|p2b: Hydreigon|move: Focus Energy\n|move|p2a: Bismarck|Earthquake|p1a: The Oven|[spread] p1b\n|-immune|p2b: Hydreigon|[from] ability: Levitate\n|-immune|p1a: The Oven|[from] ability: Levitate\n|-supereffective|p1b: The Devil (FTB)\n|-enditem|p1b: The Devil (FTB)|Focus Sash\n|-damage|p1b: The Devil (FTB)|1\/100\n|-activate|p1b: The Devil (FTB)|ability: Toxic Debris\n|-sidestart|p2: stuby522|move: Toxic Spikes\n|-damage|p2a: Bismarck|72\/100 psn|[from] item: Life Orb\n|\n|-damage|p2b: Hydreigon|85\/100 psn|[from] psn\n|-damage|p2a: Bismarck|60\/100 psn|[from] psn\n|upkeep\n|turn|3\n|inactive|jakevw19 has 30 seconds left.\n|inactive|stuby522 has 30 seconds left.\n|inactive|jakevw19 has 20 seconds left.\n|inactive|stuby522 has 20 seconds left.\n|inactive|jakevw19 has 15 seconds left.\n|inactive|stuby522 has 15 seconds left.\n|\n|t:|1682921655\n|switch|p1a: Gargachad|Garganacl, L50, F|100\/100\n|move|p1b: The Devil (FTB)|Spiky Shield|p1b: The Devil (FTB)\n|-singleturn|p1b: The Devil (FTB)|move: Protect\n|move|p2b: Hydreigon|Snarl|p1b: The Devil (FTB)|[spread] \n|-activate|p1b: The Devil (FTB)|move: Protect\n|-miss|p2b: Hydreigon|p1a: Gargachad\n|move|p2a: Bismarck|Waterfall|p1a: Gargachad\n|-supereffective|p1a: Gargachad\n|-damage|p1a: Gargachad|33\/100\n|-damage|p2a: Bismarck|50\/100 psn|[from] item: Life Orb\n|\n|-heal|p1a: Gargachad|38\/100|[from] item: Leftovers\n|-damage|p2b: Hydreigon|73\/100 psn|[from] psn\n|-damage|p2a: Bismarck|38\/100 psn|[from] psn\n|upkeep\n|turn|4\n|\n|t:|1682921676\n|move|p1a: Gargachad|Protect|p1a: Gargachad\n|-singleturn|p1a: Gargachad|Protect\n|move|p1b: The Devil (FTB)|Sludge Bomb|p2a: Bismarck\n|-damage|p2a: Bismarck|0 fnt\n|faint|p2a: Bismarck\n|move|p2b: Hydreigon|Flash Cannon|p1b: The Devil (FTB)\n|-supereffective|p1b: The Devil (FTB)\n|-crit|p1b: The Devil (FTB)\n|-damage|p1b: The Devil (FTB)|0 fnt\n|faint|p1b: The Devil (FTB)\n|\n|-heal|p1a: Gargachad|44\/100|[from] item: Leftovers\n|-damage|p2b: Hydreigon|61\/100 psn|[from] psn\n|upkeep\n|\n|t:|1682921690\n|switch|p1b: The Oven|Rotom-Heat, L50|72\/100\n|switch|p2a: Braviary|Braviary, L50, M|100\/100\n|turn|5\n|\n|t:|1682921709\n|-terastallize|p2a: Braviary|Fighting\n|move|p1b: The Oven|Thunderbolt|p2a: Braviary\n|-damage|p2a: Braviary|29\/100\n|-enditem|p2a: Braviary|Sitrus Berry|[eat]\n|-heal|p2a: Braviary|54\/100|[from] item: Sitrus Berry\n|move|p2b: Hydreigon|Draco Meteor|p1b: The Oven\n|-crit|p1b: The Oven\n|-damage|p1b: The Oven|0 fnt\n|-unboost|p2b: Hydreigon|spa|2\n|faint|p1b: The Oven\n|move|p2a: Braviary|Close Combat|p1a: Gargachad\n|-supereffective|p1a: Gargachad\n|-damage|p1a: Gargachad|0 fnt\n|-unboost|p2a: Braviary|def|1\n|-unboost|p2a: Braviary|spd|1\n|faint|p1a: Gargachad\n|\n|-damage|p2b: Hydreigon|49\/100 psn|[from] psn\n|upkeep\n|\n|t:|1682921729\n|switch|p1a: The Creature|Mimikyu, L50, F|100\/100\n|turn|6\n|\n|t:|1682921738\n|move|p1a: The Creature|Protect|p1a: The Creature\n|-singleturn|p1a: The Creature|Protect\n|move|p2b: Hydreigon|Flash Cannon|p1a: The Creature\n|-activate|p1a: The Creature|move: Protect\n|move|p2a: Braviary|Tailwind|p2a: Braviary\n|-sidestart|p2: stuby522|move: Tailwind\n|\n|-damage|p2b: Hydreigon|37\/100 psn|[from] psn\n|upkeep\n|turn|7\n|\n|t:|1682921751\n|-terastallize|p1a: The Creature|Fairy\n|move|p2b: Hydreigon|Flash Cannon|p1a: The Creature\n|-activate|p1a: The Creature|ability: Disguise\n|-damage|p1a: The Creature|100\/100\n|detailschange|p1a: The Creature|Mimikyu-Busted, L50, F, tera:Fairy\n|-damage|p1a: The Creature|88\/100|[from] pokemon: Mimikyu-Busted\n|move|p2a: Braviary|Brave Bird|p1a: The Creature\n|-damage|p1a: The Creature|0 fnt\n|faint|p1a: The Creature\n|-damage|p2a: Braviary|36\/100|[from] Recoil\n|\n|win|stuby522\n|raw|jakevw19's rating: 1255 → 1227<\/strong> (-28 for losing)\n|raw|stuby522's rating: 1211 → 1239<\/strong> (+28 for winning)\n|l|\u2606stuby522\n","uploadtime":1682921764,"views":20,"p1id":"jakevw19","p2id":"stuby522","formatid":"gen9vgc2023regulationc","rating":1227,"private":0,"password":""}