{"id":"gen9vgc2023regulationc-1852505672","p1":"MatRod","p2":"CallMeMrMoo","format":"[Gen 9] VGC 2023 Regulation C","log":"|j|\u2606MatRod\n|j|\u2606CallMeMrMoo\n|t:|1682566669\n|gametype|doubles\n|player|p1|MatRod|steven|1142\n|player|p2|CallMeMrMoo|rancher|1117\n|teamsize|p1|6\n|teamsize|p2|6\n|gen|9\n|tier|[Gen 9] VGC 2023 Regulation C\n|rated|\n|rule|Species Clause: Limit one of each Pok\u00e9mon\n|rule|Item Clause: Limit one of each item\n|clearpoke\n|poke|p1|Espathra, L50, F|\n|poke|p1|Indeedee-F, L50, F|\n|poke|p1|Armarouge, L50, F|\n|poke|p1|Sandy Shocks, L50|\n|poke|p1|Flutter Mane, L50|\n|poke|p1|Maushold-Four, L50|\n|poke|p2|Ting-Lu, L50|\n|poke|p2|Maushold-Four, L50|\n|poke|p2|Annihilape, L50, M|\n|poke|p2|Dragonite, L50, F|\n|poke|p2|Chien-Pao, L50|\n|poke|p2|Flutter Mane, L50|\n|teampreview|4\n|\n|t:|1682566723\n|start\n|switch|p1a: Indeedee|Indeedee-F, L50, F, shiny|100\/100\n|switch|p1b: Flutter Mane|Flutter Mane, L50|100\/100\n|switch|p2a: Maushold|Maushold-Four, L50|100\/100\n|switch|p2b: Annihilape|Annihilape, L50, M|100\/100\n|-fieldstart|move: Psychic Terrain|[from] ability: Psychic Surge|[of] p1a: Indeedee\n|turn|1\n|\n|t:|1682566752\n|-terastallize|p2b: Annihilape|Fire\n|move|p2a: Maushold|Follow Me|p2a: Maushold\n|-singleturn|p2a: Maushold|move: Follow Me\n|move|p1a: Indeedee|Follow Me|p1a: Indeedee\n|-singleturn|p1a: Indeedee|move: Follow Me\n|move|p1b: Flutter Mane|Moonblast|p2a: Maushold\n|-damage|p2a: Maushold|27\/100\n|-unboost|p2a: Maushold|spa|1\n|-damage|p1b: Flutter Mane|90\/100|[from] item: Life Orb\n|move|p2b: Annihilape|Bulk Up|p2b: Annihilape\n|-boost|p2b: Annihilape|atk|1\n|-boost|p2b: Annihilape|def|1\n|\n|upkeep\n|turn|2\n|\n|t:|1682566795\n|move|p1b: Flutter Mane|Moonblast|p2a: Maushold\n|-damage|p2a: Maushold|0 fnt\n|faint|p2a: Maushold\n|-damage|p1b: Flutter Mane|80\/100|[from] item: Life Orb\n|move|p2b: Annihilape|Rage Fist|p1b: Flutter Mane\n|-supereffective|p1b: Flutter Mane\n|-damage|p1b: Flutter Mane|0 fnt\n|faint|p1b: Flutter Mane\n|-end|p1b: Flutter Mane|Protosynthesis|[silent]\n|move|p1a: Indeedee|Hyper Voice|p2b: Annihilape\n|-damage|p2b: Annihilape|79\/100\n|\n|-heal|p2b: Annihilape|85\/100|[from] item: Leftovers\n|upkeep\n|\n|t:|1682566837\n|switch|p1b: Armarouge|Armarouge, L50, F|100\/100\n|switch|p2a: Ting-Lu|Ting-Lu, L50|100\/100\n|-ability|p2a: Ting-Lu|Vessel of Ruin\n|turn|3\n|\n|t:|1682566850\n|-terastallize|p1b: Armarouge|Grass\n|move|p1a: Indeedee|Helping Hand|p1b: Armarouge\n|-singleturn|p1b: Armarouge|Helping Hand|[of] p1a: Indeedee\n|move|p2b: Annihilape|Drain Punch|p1a: Indeedee\n|-damage|p1a: Indeedee|54\/100\n|-heal|p2b: Annihilape|100\/100|[from] drain|[of] p1a: Indeedee\n|move|p1b: Armarouge|Expanding Force|p2b: Annihilape|[spread] p2b\n|-immune|p2a: Ting-Lu\n|-damage|p2b: Annihilape|47\/100\n|move|p2a: Ting-Lu|Throat Chop|p1b: Armarouge\n|-damage|p1b: Armarouge|65\/100\n|-start|p1b: Armarouge|Throat Chop|[silent]\n|-ability|p1b: Armarouge|Weak Armor|boost\n|-unboost|p1b: Armarouge|def|1\n|-boost|p1b: Armarouge|spe|2\n|\n|-heal|p2b: Annihilape|53\/100|[from] item: Leftovers\n|upkeep\n|turn|4\n|\n|t:|1682566881\n|move|p2b: Annihilape|Protect|p2b: Annihilape\n|-singleturn|p2b: Annihilape|Protect\n|move|p1b: Armarouge|Expanding Force|p2b: Annihilape|[spread] \n|-activate|p2b: Annihilape|move: Protect\n|-immune|p2a: Ting-Lu\n|move|p1a: Indeedee|Heal Pulse|p1b: Armarouge\n|-heal|p1b: Armarouge|100\/100\n|move|p2a: Ting-Lu|Throat Chop|p1b: Armarouge\n|-damage|p1b: Armarouge|48\/100\n|-ability|p1b: Armarouge|Weak Armor|boost\n|-unboost|p1b: Armarouge|def|1\n|-boost|p1b: Armarouge|spe|2\n|\n|-heal|p2b: Annihilape|59\/100|[from] item: Leftovers\n|-end|p1b: Armarouge|Throat Chop|[silent]\n|upkeep\n|turn|5\n|\n|t:|1682566936\n|move|p1b: Armarouge|Expanding Force|p2b: Annihilape|[spread] p2b\n|-immune|p2a: Ting-Lu\n|-damage|p2b: Annihilape|21\/100\n|move|p2b: Annihilape|Drain Punch|p1a: Indeedee\n|-damage|p1a: Indeedee|4\/100\n|-heal|p2b: Annihilape|42\/100|[from] drain|[of] p1a: Indeedee\n|move|p1a: Indeedee|Heal Pulse|p1b: Armarouge\n|-heal|p1b: Armarouge|98\/100\n|move|p2a: Ting-Lu|Throat Chop|p1b: Armarouge\n|-damage|p1b: Armarouge|29\/100\n|-start|p1b: Armarouge|Throat Chop|[silent]\n|-ability|p1b: Armarouge|Weak Armor|boost\n|-unboost|p1b: Armarouge|def|1\n|-boost|p1b: Armarouge|spe|2\n|\n|-heal|p2b: Annihilape|49\/100|[from] item: Leftovers\n|-fieldend|move: Psychic Terrain\n|upkeep\n|turn|6\n|\n|t:|1682567006\n|move|p1a: Indeedee|Helping Hand|p1b: Armarouge\n|-singleturn|p1b: Armarouge|Helping Hand|[of] p1a: Indeedee\n|move|p2b: Annihilape|Protect|p2b: Annihilape\n|-singleturn|p2b: Annihilape|Protect\n|move|p1b: Armarouge|Energy Ball|p2a: Ting-Lu\n|-supereffective|p2a: Ting-Lu\n|-damage|p2a: Ting-Lu|27\/100\n|move|p2a: Ting-Lu|Throat Chop|p1b: Armarouge\n|-damage|p1b: Armarouge|0 fnt\n|faint|p1b: Armarouge\n|\n|-heal|p2b: Annihilape|55\/100|[from] item: Leftovers\n|upkeep\n|\n|t:|1682567018\n|switch|p1b: Maushold|Maushold-Four, L50|100\/100\n|turn|7\n|\n|t:|1682567046\n|move|p1a: Indeedee|Helping Hand|p1b: Maushold\n|-singleturn|p1b: Maushold|Helping Hand|[of] p1a: Indeedee\n|move|p1b: Maushold|Population Bomb|p2b: Annihilape\n|-damage|p2b: Annihilape|40\/100\n|-damage|p2b: Annihilape|25\/100\n|-damage|p2b: Annihilape|7\/100\n|-damage|p2b: Annihilape|0 fnt\n|faint|p2b: Annihilape\n|-hitcount|p2: Annihilape|4\n|move|p2a: Ting-Lu|Throat Chop|p1a: Indeedee\n|-supereffective|p1a: Indeedee\n|-damage|p1a: Indeedee|0 fnt\n|faint|p1a: Indeedee\n|\n|upkeep\n|\n|t:|1682567059\n|switch|p2b: Flutter Mane|Flutter Mane, L50|100\/100\n|-enditem|p2b: Flutter Mane|Booster Energy\n|-activate|p2b: Flutter Mane|ability: Protosynthesis|[fromitem]\n|-start|p2b: Flutter Mane|protosynthesisspa\n|turn|8\n|\n|t:|1682567072\n|move|p1b: Maushold|Population Bomb|p2a: Ting-Lu\n|-damage|p2a: Ting-Lu|18\/100\n|-damage|p2a: Ting-Lu|9\/100\n|-damage|p2a: Ting-Lu|0 fnt\n|faint|p2a: Ting-Lu\n|-hitcount|p2: Ting-Lu|3\n|move|p2b: Flutter Mane|Moonblast|p1b: Maushold\n|-damage|p1b: Maushold|15\/100\n|\n|upkeep\n|turn|9\n|\n|t:|1682567084\n|move|p1b: Maushold|Population Bomb|p2b: Flutter Mane\n|-immune|p2b: Flutter Mane\n|move|p2b: Flutter Mane|Moonblast|p1b: Maushold\n|-damage|p1b: Maushold|0 fnt\n|faint|p1b: Maushold\n|\n|win|CallMeMrMoo\n|raw|MatRod's rating: 1142 → 1115<\/strong> (-27 for losing)\n|raw|CallMeMrMoo's rating: 1117 → 1144<\/strong> (+27 for winning)\n|l|\u2606MatRod\n","uploadtime":1682567107,"views":9,"p1id":"matrod","p2id":"callmemrmoo","formatid":"gen9vgc2023regulationc","rating":1115,"private":0,"password":""}