{"id":"gen9vgc2023regulationc-1848726005","p1":"asrytert123","p2":"superseriousboi","format":"[Gen 9] VGC 2023 Regulation C","log":"|j|\u2606asrytert123\n|j|\u2606superseriousboi\n|t:|1682104329\n|gametype|doubles\n|player|p1|asrytert123|102|1063\n|player|p2|superseriousboi|266|1115\n|teamsize|p1|6\n|teamsize|p2|6\n|gen|9\n|tier|[Gen 9] VGC 2023 Regulation C\n|rated|\n|rule|Species Clause: Limit one of each Pok\u00e9mon\n|rule|Item Clause: Limit one of each item\n|clearpoke\n|poke|p1|Great Tusk, L50|\n|poke|p1|Murkrow, L50, F|\n|poke|p1|Flutter Mane, L50|\n|poke|p1|Chi-Yu, L50|\n|poke|p1|Dragonite, L50, M|\n|poke|p1|Chien-Pao, L50|\n|poke|p2|Klefki, L50, F|\n|poke|p2|Flutter Mane, L50|\n|poke|p2|Clawitzer, L50, F|\n|poke|p2|Chi-Yu, L50|\n|poke|p2|Garganacl, L50, M|\n|poke|p2|Arboliva, L50, M|\n|teampreview|4\n|inactive|Battle timer is ON: inactive players will automatically lose when time's up. (requested by asrytert123)\nasrytert123 rejected open team sheets.\n|inactive|superseriousboi has 60 seconds left.\n|inactive|superseriousboi has 30 seconds left.\n|inactive|superseriousboi has 20 seconds left.\n|\n|t:|1682104481\n|start\n|switch|p1a: Murkrow|Murkrow, L50, F|100\/100\n|switch|p1b: Great Tusk|Great Tusk, L50|100\/100\n|switch|p2a: Klefki|Klefki, L50, F|100\/100\n|switch|p2b: Garganacl|Garganacl, L50, M|100\/100\n|turn|1\n|inactive|asrytert123 has 30 seconds left.\n|inactive|superseriousboi has 30 seconds left.\n|inactive|asrytert123 has 20 seconds left.\n|inactive|asrytert123 has 15 seconds left.\n|inactive|asrytert123 has 10 seconds left.\n|inactive|asrytert123 has 5 seconds left.\n|\n|t:|1682104536\n|-terastallize|p2b: Garganacl|Flying\n|move|p1b: Great Tusk|Earthquake|p2b: Garganacl|[spread] p2a\n|-immune|p1a: Murkrow\n|-immune|p2b: Garganacl\n|-supereffective|p2a: Klefki\n|-damage|p2a: Klefki|24\/100\n|move|p1a: Murkrow|Foul Play|p2a: Klefki\n|-resisted|p2a: Klefki\n|-damage|p2a: Klefki|13\/100\n|move|p2b: Garganacl|Salt Cure|p1a: Murkrow\n|-supereffective|p1a: Murkrow\n|-damage|p1a: Murkrow|68\/100\n|-start|p1a: Murkrow|Salt Cure\n|move|p2a: Klefki|Trick Room|p2a: Klefki\n|-fieldstart|move: Trick Room|[of] p2a: Klefki\n|\n|-damage|p1a: Murkrow|56\/100|[from] Salt Cure\n|upkeep\n|turn|2\n|inactive|asrytert123 has 30 seconds left.\n|inactive|superseriousboi has 30 seconds left.\n|inactive|asrytert123 has 20 seconds left.\n|inactive|asrytert123 has 15 seconds left.\n|\n|t:|1682104576\n|move|p2a: Klefki|Reflect|p2a: Klefki\n|-sidestart|p2: superseriousboi|Reflect\n|move|p1a: Murkrow|Tailwind|p1a: Murkrow\n|-sidestart|p1: asrytert123|move: Tailwind\n|move|p2b: Garganacl|Salt Cure|p1b: Great Tusk\n|-resisted|p1b: Great Tusk\n|-damage|p1b: Great Tusk|98\/100\n|-start|p1b: Great Tusk|Salt Cure\n|move|p1b: Great Tusk|Earthquake|p2a: Klefki|[spread] p2a\n|-immune|p1a: Murkrow\n|-immune|p2b: Garganacl\n|-supereffective|p2a: Klefki\n|-damage|p2a: Klefki|0 fnt\n|faint|p2a: Klefki\n|\n|-damage|p1a: Murkrow|44\/100|[from] Salt Cure\n|-damage|p1b: Great Tusk|86\/100|[from] Salt Cure\n|upkeep\n|inactive|superseriousboi has 30 seconds left.\n|\n|t:|1682104603\n|switch|p2a: Flutter Mane|Flutter Mane, L50|100\/100\n|turn|3\n|\n|t:|1682104617\n|-end|p1b: Great Tusk|Protosynthesis|[silent]\n|switch|p1b: Dragonite|Dragonite, L50, M|100\/100\n|move|p2b: Garganacl|Helping Hand|p2a: Flutter Mane\n|-singleturn|p2a: Flutter Mane|Helping Hand|[of] p2b: Garganacl\n|move|p2a: Flutter Mane|Dazzling Gleam|p1a: Murkrow|[spread] p1a,p1b\n|-supereffective|p1a: Murkrow\n|-supereffective|p1b: Dragonite\n|-damage|p1a: Murkrow|0 fnt\n|-damage|p1b: Dragonite|9\/100\n|faint|p1a: Murkrow\n|\n|upkeep\n|\n|t:|1682104633\n|switch|p1a: Great Tusk|Great Tusk, L50|86\/100\n|turn|4\n|\n|t:|1682104642\n|-terastallize|p1a: Great Tusk|Steel\n|move|p2b: Garganacl|Helping Hand|p2a: Flutter Mane\n|-singleturn|p2a: Flutter Mane|Helping Hand|[of] p2b: Garganacl\n|move|p1b: Dragonite|Extreme Speed|p2b: Garganacl\n|-damage|p2b: Garganacl|78\/100\n|move|p2a: Flutter Mane|Dazzling Gleam|p1b: Dragonite|[spread] p1a,p1b\n|-resisted|p1a: Great Tusk\n|-supereffective|p1b: Dragonite\n|-damage|p1a: Great Tusk|43\/100\n|-damage|p1b: Dragonite|0 fnt\n|faint|p1b: Dragonite\n|move|p1a: Great Tusk|Rock Slide|p2b: Garganacl|[spread] p2a,p2b\n|-supereffective|p2b: Garganacl\n|-damage|p2a: Flutter Mane|79\/100\n|-damage|p2b: Garganacl|61\/100\n|\n|-heal|p2b: Garganacl|67\/100|[from] item: Leftovers\n|upkeep\n|\n|t:|1682104657\n|switch|p1b: Chi-Yu|Chi-Yu, L50|100\/100\n|-ability|p1b: Chi-Yu|Beads of Ruin\n|turn|5\n|inactive|asrytert123 has 30 seconds left.\n|inactive|asrytert123 has 20 seconds left.\n|inactive|asrytert123 has 15 seconds left.\n|inactive|asrytert123 has 10 seconds left.\n|inactive|asrytert123 has 5 seconds left.\n|\n|t:|1682104712\n|move|p1b: Chi-Yu|Protect|p1b: Chi-Yu\n|-singleturn|p1b: Chi-Yu|Protect\n|move|p2b: Garganacl|Salt Cure|p1b: Chi-Yu\n|-activate|p1b: Chi-Yu|move: Protect\n|move|p2a: Flutter Mane|Mystical Fire|p1a: Great Tusk\n|-supereffective|p1a: Great Tusk\n|-damage|p1a: Great Tusk|0 fnt\n|faint|p1a: Great Tusk\n|-end|p1a: Great Tusk|Protosynthesis|[silent]\n|\n|-heal|p2b: Garganacl|73\/100|[from] item: Leftovers\n|-sideend|p1: asrytert123|move: Tailwind\n|-fieldend|move: Trick Room\n|upkeep\n|turn|6\n|\n|t:|1682104730\n|move|p1b: Chi-Yu|Dark Pulse|p2a: Flutter Mane\n|-damage|p2a: Flutter Mane|23\/100\n|-damage|p1b: Chi-Yu|91\/100|[from] item: Life Orb\n|move|p2b: Garganacl|Salt Cure|p1b: Chi-Yu\n|-supereffective|p1b: Chi-Yu\n|-damage|p1b: Chi-Yu|51\/100\n|-start|p1b: Chi-Yu|Salt Cure\n|move|p2a: Flutter Mane|Trick Room|p2a: Flutter Mane\n|-fieldstart|move: Trick Room|[of] p2a: Flutter Mane\n|\n|-heal|p2b: Garganacl|79\/100|[from] item: Leftovers\n|-damage|p1b: Chi-Yu|39\/100|[from] Salt Cure\n|-sideend|p2: superseriousboi|Reflect\n|upkeep\n|turn|7\n|-message|asrytert123 forfeited.\n|\n|win|superseriousboi\n|raw|asrytert123's rating: 1063 → 1046<\/strong> (-17 for losing)\n|raw|superseriousboi's rating: 1115 → 1136<\/strong> (+21 for winning)\n|l|\u2606asrytert123\n","uploadtime":1682104747,"views":11,"p1id":"asrytert123","p2id":"superseriousboi","formatid":"gen9vgc2023regulationc","rating":1046,"private":0,"password":""}