{"id":"gen9vgc2023regulationc-1853109093","p1":"mathtass","p2":"RealTomatoSoup","format":"[Gen 9] VGC 2023 Regulation C","log":"|j|\u2606mathtass\n|j|\u2606RealTomatoSoup\n|t:|1682636242\n|gametype|doubles\n|player|p1|mathtass|101|1318\n|player|p2|RealTomatoSoup|drayden|1272\n|teamsize|p1|6\n|teamsize|p2|6\n|gen|9\n|tier|[Gen 9] VGC 2023 Regulation C\n|rated|\n|rule|Species Clause: Limit one of each Pok\u00e9mon\n|rule|Item Clause: Limit one of each item\n|clearpoke\n|poke|p1|Amoonguss, L50, F|\n|poke|p1|Chi-Yu, L50|\n|poke|p1|Arcanine, L50, M|\n|poke|p1|Dragonite, L50, F|\n|poke|p1|Flutter Mane, L50|\n|poke|p1|Iron Hands, L50|\n|poke|p2|Slither Wing, L50|\n|poke|p2|Flutter Mane, L50|\n|poke|p2|Palafin, L50, F|\n|poke|p2|Amoonguss, L50, M|\n|poke|p2|Arcanine, L50, M|\n|poke|p2|Annihilape, L50, M|\n|teampreview|4\nmathtass has agreed to open team sheets.\n|inactive|Battle timer is ON: inactive players will automatically lose when time's up. (requested by RealTomatoSoup)\n|\n|t:|1682636288\n|start\n|switch|p1a: Arcanine|Arcanine, L50, M|100\/100\n|switch|p1b: Dragonite|Dragonite, L50, F|100\/100\n|switch|p2a: Slither Wing|Slither Wing, L50|100\/100\n|switch|p2b: Palafin|Palafin, L50, F|100\/100\n|-ability|p1a: Arcanine|Intimidate|boost\n|-unboost|p2a: Slither Wing|atk|1\n|-unboost|p2b: Palafin|atk|1\n|turn|1\n|inactive|RealTomatoSoup has 30 seconds left.\n|\n|t:|1682636322\n|-terastallize|p1b: Dragonite|Flying\n|move|p2b: Palafin|Protect|p2b: Palafin\n|-singleturn|p2b: Palafin|Protect\n|move|p2a: Slither Wing|First Impression|p1b: Dragonite\n|-resisted|p1b: Dragonite\n|-damage|p1b: Dragonite|91\/100\n|move|p1a: Arcanine|Howl|p1a: Arcanine|[spread] p1a,p1b\n|-boost|p1a: Arcanine|atk|1\n|-boost|p1b: Dragonite|atk|1\n|move|p1b: Dragonite|Tera Blast|p2a: Slither Wing\n|-supereffective|p2a: Slither Wing\n|-damage|p2a: Slither Wing|0 fnt\n|faint|p2a: Slither Wing\n|-end|p2a: Slither Wing|Protosynthesis|[silent]\n|\n|upkeep\n|\n|t:|1682636341\n|switch|p2a: Flutter Mane|Flutter Mane, L50|100\/100\n|turn|2\n|\n|t:|1682636352\n|detailschange|p2b: Palafin|Palafin-Hero, L50, F\n|switch|p2b: Annihilape|Annihilape, L50, M|100\/100\n|move|p2a: Flutter Mane|Thunderbolt|p1b: Dragonite\n|-supereffective|p1b: Dragonite\n|-damage|p1b: Dragonite|0 fnt\n|faint|p1b: Dragonite\n|move|p1a: Arcanine|Flare Blitz|p2a: Flutter Mane\n|-damage|p2a: Flutter Mane|0 fnt\n|faint|p2a: Flutter Mane\n|-end|p2a: Flutter Mane|Protosynthesis|[silent]\n|-damage|p1a: Arcanine|79\/100|[from] Recoil\n|\n|upkeep\n|\n|t:|1682636367\n|switch|p2a: Palafin|Palafin-Hero, L50, F|100\/100\n|switch|p1b: Amoonguss|Amoonguss, L50, F, shiny|100\/100\n|-activate|p2a: Palafin|ability: Zero to Hero\n|turn|3\n|\n|t:|1682636377\n|-terastallize|p2a: Palafin|Water\n|move|p2a: Palafin|Jet Punch|p1a: Arcanine\n|-supereffective|p1a: Arcanine\n|-damage|p1a: Arcanine|0 fnt\n|faint|p1a: Arcanine\n|move|p2b: Annihilape|Bulk Up|p2b: Annihilape\n|-boost|p2b: Annihilape|atk|1\n|-boost|p2b: Annihilape|def|1\n|move|p1b: Amoonguss|Spore|p2a: Palafin\n|-status|p2a: Palafin|slp|[from] move: Spore\n|\n|upkeep\n|\n|t:|1682636381\n|switch|p1a: Iron Hands|Iron Hands, L50, shiny|100\/100\n|turn|4\n|\n|t:|1682636401\n|cant|p2a: Palafin|slp\n|move|p2b: Annihilape|Bulk Up|p2b: Annihilape\n|-boost|p2b: Annihilape|atk|1\n|-boost|p2b: Annihilape|def|1\n|move|p1a: Iron Hands|Wild Charge|p2a: Palafin\n|-supereffective|p2a: Palafin\n|-damage|p2a: Palafin|10\/100 slp\n|-damage|p1a: Iron Hands|81\/100|[from] Recoil\n|move|p1b: Amoonguss|Spore|p2b: Annihilape\n|-status|p2b: Annihilape|slp|[from] move: Spore\n|\n|upkeep\n|turn|5\n|\n|t:|1682636423\n|cant|p2a: Palafin|slp\n|cant|p2b: Annihilape|slp\n|move|p1a: Iron Hands|Wild Charge|p2a: Palafin\n|-supereffective|p2a: Palafin\n|-damage|p2a: Palafin|0 fnt\n|faint|p2a: Palafin\n|-damage|p1a: Iron Hands|79\/100|[from] Recoil\n|move|p1b: Amoonguss|Clear Smog|p2b: Annihilape\n|-resisted|p2b: Annihilape\n|-damage|p2b: Annihilape|93\/100 slp\n|-clearboost|p2b: Annihilape\n|\n|-heal|p2b: Annihilape|99\/100 slp|[from] item: Leftovers\n|upkeep\n|turn|6\n|\n|t:|1682636444\n|cant|p2b: Annihilape|slp\n|move|p1a: Iron Hands|Swords Dance|p1a: Iron Hands\n|-boost|p1a: Iron Hands|atk|2\n|move|p1b: Amoonguss|Pollen Puff|p1a: Iron Hands\n|-heal|p1a: Iron Hands|100\/100\n|\n|-heal|p2b: Annihilape|100\/100 slp|[from] item: Leftovers\n|upkeep\n|turn|7\n|\n|t:|1682636464\n|-curestatus|p2b: Annihilape|slp|[msg]\n|move|p2b: Annihilape|Rage Fist|p1a: Iron Hands\n|-damage|p1a: Iron Hands|73\/100\n|move|p1a: Iron Hands|Wild Charge|p2b: Annihilape\n|-damage|p2b: Annihilape|17\/100\n|-damage|p1a: Iron Hands|54\/100|[from] Recoil\n|move|p1b: Amoonguss|Spore|p2b: Annihilape\n|-status|p2b: Annihilape|slp|[from] move: Spore\n|\n|-heal|p2b: Annihilape|23\/100 slp|[from] item: Leftovers\n|upkeep\n|turn|8\n|c|\u2606mathtass|gg\n|-message|RealTomatoSoup forfeited.\n|\n|win|mathtass\n|raw|mathtass's rating: 1318 → 1335<\/strong> (+17 for winning)\n|raw|RealTomatoSoup's rating: 1272 → 1250<\/strong> (-22 for losing)\n|l|\u2606RealTomatoSoup\n","uploadtime":1682636480,"views":7,"p1id":"mathtass","p2id":"realtomatosoup","formatid":"gen9vgc2023regulationc","rating":1250,"private":0,"password":""}