{"id":"gen9vgc2023regulationc-1857119128","p1":"jelly jars","p2":"poison collision","format":"[Gen 9] VGC 2023 Regulation C","log":"|j|\u2606jelly jars\n|j|\u2606poison collision\n|t:|1683147702\n|gametype|doubles\n|player|p1|jelly jars|170|1050\n|player|p2|poison collision|1|1000\n|teamsize|p1|6\n|teamsize|p2|6\n|gen|9\n|tier|[Gen 9] VGC 2023 Regulation C\n|rated|\n|rule|Species Clause: Limit one of each Pok\u00e9mon\n|rule|Item Clause: Limit one of each item\n|clearpoke\n|poke|p1|Crabominable, L50, F|\n|poke|p1|Farigiraf, L50, F|\n|poke|p1|Skeledirge, L50, F|\n|poke|p1|Bisharp, L50, F|\n|poke|p1|Gastrodon, L50, F|\n|poke|p1|Sableye, L50, F|\n|poke|p2|Tinkaton, L50, F|\n|poke|p2|Iron Hands, L50|\n|poke|p2|Iron Bundle, L50|\n|poke|p2|Gholdengo, L50|\n|poke|p2|Arcanine, L50, M|\n|poke|p2|Roaring Moon, L50|\n|teampreview|4\n|inactive|Battle timer is ON: inactive players will automatically lose when time's up. (requested by jelly jars)\n|\n|t:|1683147728\n|start\n|switch|p1a: Skeledirge|Skeledirge, L50, F|100\/100\n|switch|p1b: Farigiraf|Farigiraf, L50, F|100\/100\n|switch|p2a: Tinkaton|Tinkaton, L50, F|100\/100\n|switch|p2b: Iron Hands|Iron Hands, L50|100\/100\n|-ability|p2a: Tinkaton|Mold Breaker\n|turn|1\n|\n|t:|1683147752\n|move|p2b: Iron Hands|Detect|p2b: Iron Hands\n|-singleturn|p2b: Iron Hands|Protect\n|move|p2a: Tinkaton|Fake Out|p1b: Farigiraf\n|-damage|p1b: Farigiraf|93\/100\n|move|p1a: Skeledirge|Torch Song|p2a: Tinkaton\n|-supereffective|p2a: Tinkaton\n|-damage|p2a: Tinkaton|57\/100\n|-boost|p1a: Skeledirge|spa|1\n|cant|p1b: Farigiraf|flinch\n|\n|upkeep\n|turn|2\n|\n|t:|1683147771\n|switch|p2a: Arcanine|Arcanine, L50, M|100\/100\n|-ability|p2a: Arcanine|Intimidate|boost\n|-unboost|p1a: Skeledirge|atk|1\n|-unboost|p1b: Farigiraf|atk|1\n|move|p1a: Skeledirge|Torch Song|p2a: Arcanine\n|-resisted|p2a: Arcanine\n|-crit|p2a: Arcanine\n|-damage|p2a: Arcanine|69\/100\n|-boost|p1a: Skeledirge|spa|1\n|move|p1b: Farigiraf|Psyshock|p2b: Iron Hands\n|-supereffective|p2b: Iron Hands\n|-damage|p2b: Iron Hands|47\/100\n|move|p2b: Iron Hands|Swords Dance|p2b: Iron Hands\n|-boost|p2b: Iron Hands|atk|2\n|\n|-heal|p2b: Iron Hands|54\/100|[from] item: Leftovers\n|upkeep\n|turn|3\n|inactive|poison collision has 30 seconds left.\n|inactive|poison collision has 20 seconds left.\n|\n|t:|1683147809\n|-terastallize|p2b: Iron Hands|Grass\n|move|p2a: Arcanine|Snarl|p1a: Skeledirge|[spread] p1a,p1b\n|-supereffective|p1a: Skeledirge\n|-supereffective|p1b: Farigiraf\n|-enditem|p1b: Farigiraf|Colbur Berry|[eat]\n|-enditem|p1b: Farigiraf|Colbur Berry|[weaken]\n|-damage|p1a: Skeledirge|88\/100\n|-damage|p1b: Farigiraf|85\/100\n|-unboost|p1a: Skeledirge|spa|1\n|-unboost|p1b: Farigiraf|spa|1\n|move|p1a: Skeledirge|Will-O-Wisp|p2b: Iron Hands\n|-status|p2b: Iron Hands|brn\n|move|p1b: Farigiraf|Hyper Voice|p2b: Iron Hands|[spread] p2a,p2b\n|-damage|p2a: Arcanine|49\/100\n|-damage|p2b: Iron Hands|39\/100 brn\n|move|p2b: Iron Hands|Swords Dance|p2b: Iron Hands\n|-boost|p2b: Iron Hands|atk|2\n|\n|-heal|p1a: Skeledirge|94\/100|[from] item: Leftovers\n|-heal|p2b: Iron Hands|45\/100 brn|[from] item: Leftovers\n|-damage|p2b: Iron Hands|39\/100 brn|[from] brn\n|upkeep\n|turn|4\n|inactive|jelly jars has 30 seconds left.\n|inactive|poison collision has 30 seconds left.\n|\n|t:|1683147838\n|move|p2a: Arcanine|Snarl|p1b: Farigiraf|[spread] p1a,p1b\n|-supereffective|p1a: Skeledirge\n|-supereffective|p1b: Farigiraf\n|-damage|p1a: Skeledirge|81\/100\n|-damage|p1b: Farigiraf|71\/100\n|-unboost|p1a: Skeledirge|spa|1\n|-unboost|p1b: Farigiraf|spa|1\n|move|p1a: Skeledirge|Torch Song|p2b: Iron Hands\n|-supereffective|p2b: Iron Hands\n|-damage|p2b: Iron Hands|0 fnt\n|-boost|p1a: Skeledirge|spa|1\n|faint|p2b: Iron Hands\n|-end|p2b: Iron Hands|Quark Drive|[silent]\n|move|p1b: Farigiraf|Psyshock|p2a: Arcanine\n|-crit|p2a: Arcanine\n|-damage|p2a: Arcanine|0 fnt\n|faint|p2a: Arcanine\n|\n|-heal|p1a: Skeledirge|87\/100|[from] item: Leftovers\n|upkeep\n|\n|t:|1683147858\n|switch|p2a: Tinkaton|Tinkaton, L50, F|57\/100\n|switch|p2b: Iron Bundle|Iron Bundle, L50|100\/100\n|-ability|p2a: Tinkaton|Mold Breaker\n|turn|5\n|inactive|poison collision has 30 seconds left.\n|\n|t:|1683147888\n|move|p1b: Farigiraf|Helping Hand|p1a: Skeledirge\n|-singleturn|p1a: Skeledirge|Helping Hand|[of] p1b: Farigiraf\n|move|p2b: Iron Bundle|Hydro Pump|p1a: Skeledirge\n|-supereffective|p1a: Skeledirge\n|-damage|p1a: Skeledirge|8\/100\n|move|p2a: Tinkaton|Thunder Wave|p1a: Skeledirge\n|-status|p1a: Skeledirge|par\n|move|p1a: Skeledirge|Torch Song|p2a: Tinkaton\n|-supereffective|p2a: Tinkaton\n|-damage|p2a: Tinkaton|0 fnt\n|-boost|p1a: Skeledirge|spa|1\n|faint|p2a: Tinkaton\n|\n|-heal|p1a: Skeledirge|14\/100 par|[from] item: Leftovers\n|upkeep\n|turn|6\n|\n|t:|1683147907\n|move|p2b: Iron Bundle|Hydro Pump|p1a: Skeledirge\n|-supereffective|p1a: Skeledirge\n|-damage|p1a: Skeledirge|0 fnt\n|faint|p1a: Skeledirge\n|move|p1b: Farigiraf|Psyshock|p2b: Iron Bundle\n|-damage|p2b: Iron Bundle|79\/100\n|\n|upkeep\n|\n|t:|1683147910\n|switch|p1a: Gastrodon|Gastrodon, L50, F|100\/100\n|turn|7\n|\n|t:|1683147919\n|-terastallize|p1a: Gastrodon|Poison\n|move|p2b: Iron Bundle|Freeze-Dry|p1a: Gastrodon\n|-damage|p1a: Gastrodon|70\/100\n|move|p1b: Farigiraf|Psyshock|p2b: Iron Bundle\n|-damage|p2b: Iron Bundle|58\/100\n|move|p1a: Gastrodon|Sludge Bomb|p2b: Iron Bundle\n|-damage|p2b: Iron Bundle|0 fnt\n|faint|p2b: Iron Bundle\n|-end|p2b: Iron Bundle|Quark Drive|[silent]\n|\n|win|jelly jars\n|raw|jelly jars's rating: 1050 → 1078<\/strong> (+28 for winning)\n|raw|poison collision's rating: 1000 → 1000<\/strong> (+0 for losing)\n","uploadtime":1683147924,"views":8,"p1id":"jellyjars","p2id":"poisoncollision","formatid":"gen9vgc2023regulationc","rating":1000,"private":0,"password":""}