{"id":"gen9vgc2023regulationc-1854793611","p1":"spaccas","p2":"KinimaP","format":"[Gen 9] VGC 2023 Regulation C","log":"|j|\u2606spaccas\n|j|\u2606KinimaP\n|t:|1682866753\n|gametype|doubles\n|player|p1|spaccas|170|1445\n|player|p2|KinimaP|cameraman|1428\n|teamsize|p1|6\n|teamsize|p2|6\n|gen|9\n|tier|[Gen 9] VGC 2023 Regulation C\n|rated|\n|rule|Species Clause: Limit one of each Pok\u00e9mon\n|rule|Item Clause: Limit one of each item\n|clearpoke\n|poke|p1|Dondozo, L50, F|\n|poke|p1|Tatsugiri, L50, M|\n|poke|p1|Glimmora, L50, F|\n|poke|p1|Chi-Yu, L50|\n|poke|p1|Dragonite, L50, F|\n|poke|p1|Iron Bundle, L50|\n|poke|p2|Vivillon-Fancy, L50, M|\n|poke|p2|Ting-Lu, L50|\n|poke|p2|Chi-Yu, L50|\n|poke|p2|Flutter Mane, L50|\n|poke|p2|Amoonguss, L50, F|\n|poke|p2|Dondozo, L50, F|\n|teampreview|4\n|inactive|Battle timer is ON: inactive players will automatically lose when time's up. (requested by spaccas)\n|\n|t:|1682866780\n|start\n|switch|p1a: Glimmora|Glimmora, L50, F|100\/100\n|switch|p1b: Iron Bundle|Iron Bundle, L50|100\/100\n|switch|p2a: Vivillon|Vivillon-Fancy, L50, M|100\/100\n|switch|p2b: Ting-Lu|Ting-Lu, L50|100\/100\n|-ability|p2b: Ting-Lu|Vessel of Ruin\n|-enditem|p1b: Iron Bundle|Booster Energy\n|-activate|p1b: Iron Bundle|ability: Quark Drive|[fromitem]\n|-start|p1b: Iron Bundle|quarkdrivespe\n|turn|1\n|inactive|spaccas has 30 seconds left.\n|inactive|spaccas has 20 seconds left.\n|inactive|spaccas has 15 seconds left.\n|\n|t:|1682866821\n|move|p2a: Vivillon|Protect|p2a: Vivillon\n|-singleturn|p2a: Vivillon|Protect\n|move|p1b: Iron Bundle|Icy Wind|p2b: Ting-Lu|[spread] p2b\n|-activate|p2a: Vivillon|move: Protect\n|-supereffective|p2b: Ting-Lu\n|-damage|p2b: Ting-Lu|87\/100\n|-unboost|p2b: Ting-Lu|spe|1\n|move|p1a: Glimmora|Power Gem|p2a: Vivillon\n|-activate|p2a: Vivillon|move: Protect\n|move|p2b: Ting-Lu|Earthquake|p1a: Glimmora|[spread] p1a,p1b\n|-activate|p2a: Vivillon|move: Protect\n|-supereffective|p1a: Glimmora\n|-damage|p1a: Glimmora|0 fnt\n|-damage|p1b: Iron Bundle|50\/100\n|-activate|p1a: Glimmora|ability: Toxic Debris\n|-sidestart|p2: KinimaP|move: Toxic Spikes\n|faint|p1a: Glimmora\n|\n|upkeep\n|j| Buddymayhem\n|\n|t:|1682866828\n|switch|p1a: Dondozo|Dondozo, L50, F|100\/100\n|turn|2\n|\n|t:|1682866853\n|-end|p1b: Iron Bundle|Quark Drive|[silent]\n|switch|p1b: Tatsugiri|Tatsugiri, L50, M|100\/100\n|-activate|p1b: Tatsugiri|ability: Commander|[of] p1a: Dondozo\n|-boost|p1a: Dondozo|atk|2\n|-boost|p1a: Dondozo|spa|2\n|-boost|p1a: Dondozo|spe|2\n|-boost|p1a: Dondozo|def|2\n|-boost|p1a: Dondozo|spd|2\n|-terastallize|p1a: Dondozo|Grass\n|move|p1a: Dondozo|Wave Crash|p2b: Ting-Lu\n|-supereffective|p2b: Ting-Lu\n|-damage|p2b: Ting-Lu|0 fnt\n|faint|p2b: Ting-Lu\n|-damage|p1a: Dondozo|67\/100|[from] Recoil\n|move|p2a: Vivillon|Safeguard|p2a: Vivillon\n|-sidestart|p2: KinimaP|Safeguard\n|\n|-heal|p1a: Dondozo|74\/100|[from] item: Leftovers\n|upkeep\n|\n|t:|1682866875\n|switch|p2b: Dondozo|Dondozo, L50, F|100\/100\n|turn|3\n|\n|t:|1682866890\n|move|p2a: Vivillon|Protect|p2a: Vivillon\n|-singleturn|p2a: Vivillon|Protect\n|move|p1a: Dondozo|Tera Blast|p2b: Dondozo\n|-supereffective|p2b: Dondozo\n|-damage|p2b: Dondozo|70\/100\n|move|p2b: Dondozo|Yawn|p1a: Dondozo\n|-start|p1a: Dondozo|move: Yawn|[of] p2b: Dondozo\n|\n|-heal|p1a: Dondozo|80\/100|[from] item: Leftovers\n|-heal|p2b: Dondozo|76\/100|[from] item: Leftovers\n|upkeep\n|turn|4\n|\n|t:|1682866908\n|move|p1a: Dondozo|Wave Crash|p2a: Vivillon\n|-enditem|p2a: Vivillon|Focus Sash\n|-damage|p2a: Vivillon|1\/100\n|-damage|p1a: Dondozo|57\/100|[from] Recoil\n|move|p2a: Vivillon|Pollen Puff|p1a: Dondozo\n|-supereffective|p1a: Dondozo\n|-damage|p1a: Dondozo|23\/100\n|move|p2b: Dondozo|Bulldoze|p1a: Dondozo|[spread] p1a\n|-miss|p2b: Dondozo|p1b: Tatsugiri\n|-immune|p2a: Vivillon\n|-resisted|p1a: Dondozo\n|-damage|p1a: Dondozo|19\/100\n|-unboost|p1a: Dondozo|spe|1\n|\n|-heal|p1a: Dondozo|25\/100|[from] item: Leftovers\n|-heal|p2b: Dondozo|83\/100|[from] item: Leftovers\n|-end|p1a: Dondozo|move: Yawn|[silent]\n|-status|p1a: Dondozo|slp\n|upkeep\n|turn|5\n|inactive|KinimaP has 30 seconds left.\n|\n|t:|1682866937\n|move|p2a: Vivillon|Pollen Puff|p1a: Dondozo\n|-supereffective|p1a: Dondozo\n|-damage|p1a: Dondozo|0 fnt\n|faint|p1a: Dondozo\n|move|p2b: Dondozo|Yawn|p1b: Tatsugiri\n|-start|p1b: Tatsugiri|move: Yawn|[of] p2b: Dondozo\n|\n|-heal|p2b: Dondozo|89\/100|[from] item: Leftovers\n|upkeep\n|\n|t:|1682866941\n|switch|p1a: Iron Bundle|Iron Bundle, L50|50\/100\n|turn|6\n|\n|t:|1682866954\n|move|p1a: Iron Bundle|Protect|p1a: Iron Bundle\n|-singleturn|p1a: Iron Bundle|Protect\n|move|p2a: Vivillon|Protect|p2a: Vivillon\n|-singleturn|p2a: Vivillon|Protect\n|move|p2b: Dondozo|Protect|p2b: Dondozo\n|-singleturn|p2b: Dondozo|Protect\n|move|p1b: Tatsugiri|Sleep Talk||[still]\n|-fail|p1b: Tatsugiri\n|\n|-heal|p2b: Dondozo|95\/100|[from] item: Leftovers\n|-end|p1b: Tatsugiri|move: Yawn|[silent]\n|-status|p1b: Tatsugiri|slp\n|-sideend|p2: KinimaP|Safeguard\n|upkeep\n|turn|7\n|inactive|KinimaP has 30 seconds left.\n|\n|t:|1682866982\n|cant|p1b: Tatsugiri|slp\n|move|p1b: Tatsugiri|Sleep Talk|p1b: Tatsugiri\n|move|p1b: Tatsugiri|Icy Wind|p2b: Dondozo|[from]move: Sleep Talk|[spread] p2a,p2b\n|-supereffective|p2a: Vivillon\n|-resisted|p2b: Dondozo\n|-damage|p2a: Vivillon|0 fnt\n|-damage|p2b: Dondozo|92\/100\n|-unboost|p2b: Dondozo|spe|1\n|faint|p2a: Vivillon\n|move|p1a: Iron Bundle|Freeze-Dry|p2b: Dondozo\n|-supereffective|p2b: Dondozo\n|-damage|p2b: Dondozo|48\/100\n|move|p2b: Dondozo|Bulldoze|p1a: Iron Bundle|[spread] p1a,p1b\n|-damage|p1a: Iron Bundle|37\/100\n|-damage|p1b: Tatsugiri|80\/100 slp\n|-unboost|p1a: Iron Bundle|spe|1\n|-unboost|p1b: Tatsugiri|spe|1\n|\n|-heal|p2b: Dondozo|54\/100|[from] item: Leftovers\n|upkeep\n|\n|t:|1682867001\n|switch|p2a: Flutter Mane|Flutter Mane, L50|100\/100\n|-status|p2a: Flutter Mane|psn\n|-enditem|p2a: Flutter Mane|Booster Energy\n|-activate|p2a: Flutter Mane|ability: Protosynthesis|[fromitem]\n|-start|p2a: Flutter Mane|protosynthesisspa\n|turn|8\n|\n|t:|1682867011\n|move|p2a: Flutter Mane|Protect|p2a: Flutter Mane\n|-singleturn|p2a: Flutter Mane|Protect\n|move|p1a: Iron Bundle|Protect|p1a: Iron Bundle\n|-singleturn|p1a: Iron Bundle|Protect\n|cant|p1b: Tatsugiri|slp\n|move|p1b: Tatsugiri|Sleep Talk|p1b: Tatsugiri\n|move|p1b: Tatsugiri|Icy Wind|p2b: Dondozo|[from]move: Sleep Talk|[spread] p2b\n|-activate|p2a: Flutter Mane|move: Protect\n|-resisted|p2b: Dondozo\n|-damage|p2b: Dondozo|50\/100\n|-unboost|p2b: Dondozo|spe|1\n|move|p2b: Dondozo|Bulldoze|p1a: Iron Bundle|[spread] p1b\n|-activate|p2a: Flutter Mane|move: Protect\n|-activate|p1a: Iron Bundle|move: Protect\n|-damage|p1b: Tatsugiri|59\/100 slp\n|-unboost|p1b: Tatsugiri|spe|1\n|\n|-heal|p2b: Dondozo|56\/100|[from] item: Leftovers\n|-damage|p2a: Flutter Mane|88\/100 psn|[from] psn\n|upkeep\n|turn|9\n|inactive|KinimaP has 30 seconds left.\n|\n|t:|1682867036\n|move|p2a: Flutter Mane|Moonblast|p1b: Tatsugiri\n|-supereffective|p1b: Tatsugiri\n|-damage|p1b: Tatsugiri|0 fnt\n|faint|p1b: Tatsugiri\n|move|p1a: Iron Bundle|Encore|p2a: Flutter Mane\n|-start|p2a: Flutter Mane|Encore\n|move|p2b: Dondozo|Yawn|p1a: Iron Bundle\n|-start|p1a: Iron Bundle|move: Yawn|[of] p2b: Dondozo\n|\n|-heal|p2b: Dondozo|62\/100|[from] item: Leftovers\n|-damage|p2a: Flutter Mane|76\/100 psn|[from] psn\n|upkeep\n|turn|10\n|-message|spaccas forfeited.\n|\n|win|KinimaP\n|raw|spaccas's rating: 1445 → 1424<\/strong> (-21 for losing)\n|raw|KinimaP's rating: 1428 → 1449<\/strong> (+21 for winning)\n|l|\u2606spaccas\n","uploadtime":1682867058,"views":13,"p1id":"spaccas","p2id":"kinimap","formatid":"gen9vgc2023regulationc","rating":1424,"private":0,"password":""}