{"id":"gen9vgc2023regulationc-1853543504","p1":"tsupman","p2":"thrillowisp","format":"[Gen 9] VGC 2023 Regulation C","log":"|j|\u2606tsupman\n|j|\u2606thrillowisp\n|t:|1682694940\n|gametype|doubles\n|player|p1|tsupman|dragontamer|1454\n|player|p2|thrillowisp|red-masters2|1359\n|teamsize|p1|6\n|teamsize|p2|6\n|gen|9\n|tier|[Gen 9] VGC 2023 Regulation C\n|rated|\n|rule|Species Clause: Limit one of each Pok\u00e9mon\n|rule|Item Clause: Limit one of each item\n|clearpoke\n|poke|p1|Ting-Lu, L50|\n|poke|p1|Wo-Chien, L50|\n|poke|p1|Toxapex, L50, F|\n|poke|p1|Ceruledge, L50, F|\n|poke|p1|Glimmora, L50, F|\n|poke|p1|Gothitelle, L50, M|\n|poke|p2|Arcanine, L50, F|\n|poke|p2|Amoonguss, L50, M|\n|poke|p2|Kingambit, L50, F|\n|poke|p2|Flutter Mane, L50|\n|poke|p2|Ting-Lu, L50|\n|poke|p2|Palafin, L50, M|\n|teampreview|4\n|inactive|Battle timer is ON: inactive players will automatically lose when time's up. (requested by tsupman)\n|j| Kinopippo\n|l| Kinopippo\nthrillowisp has agreed to open team sheets.\n|inactive|tsupman has 60 seconds left.\n|inactive|thrillowisp has 60 seconds left.\ntsupman has agreed to open team sheets.\n|inactive|tsupman has 30 seconds left.\n|inactive|thrillowisp has 30 seconds left.\n|inactive|tsupman has 20 seconds left.\n|inactive|thrillowisp has 20 seconds left.\n|inactive|tsupman has 15 seconds left.\n|inactive|thrillowisp has 15 seconds left.\n|inactive|tsupman has 10 seconds left.\n|inactive|thrillowisp has 10 seconds left.\n|inactive|thrillowisp has 5 seconds left.\n|\n|t:|1682695027\n|start\n|switch|p1a: Toxapex|Toxapex, L50, F|100\/100\n|switch|p1b: Glimmora|Glimmora, L50, F|100\/100\n|switch|p2a: Kingambit|Kingambit, L50, F|100\/100\n|switch|p2b: Flutter Mane|Flutter Mane, L50|100\/100\n|turn|1\n|inactive|thrillowisp has 30 seconds left.\n|\n|t:|1682695062\n|move|p2a: Kingambit|Protect|p2a: Kingambit\n|-singleturn|p2a: Kingambit|Protect\n|move|p2b: Flutter Mane|Shadow Ball|p1b: Glimmora\n|-damage|p1b: Glimmora|47\/100\n|move|p1b: Glimmora|Toxic|p2a: Kingambit\n|-activate|p2a: Kingambit|move: Protect\n|move|p1a: Toxapex|Haze|p1a: Toxapex\n|-clearallboost\n|\n|upkeep\n|turn|2\n|\n|t:|1682695078\n|switch|p1b: Ting-Lu|Ting-Lu, L50|100\/100\n|-ability|p1b: Ting-Lu|Vessel of Ruin\n|move|p2b: Flutter Mane|Shadow Ball|p1b: Ting-Lu\n|-resisted|p1b: Ting-Lu\n|-damage|p1b: Ting-Lu|91\/100\n|move|p2a: Kingambit|Swords Dance|p2a: Kingambit\n|-boost|p2a: Kingambit|atk|2\n|move|p1a: Toxapex|Infestation|p2b: Flutter Mane\n|-resisted|p2b: Flutter Mane\n|-damage|p2b: Flutter Mane|99\/100\n|-activate|p2b: Flutter Mane|move: Infestation|[of] p1a: Toxapex\n|\n|-damage|p2b: Flutter Mane|87\/100|[from] move: Infestation|[partiallytrapped]\n|upkeep\n|turn|3\n|j| raityangontyan\n|inactive|thrillowisp has 30 seconds left.\n|inactive|thrillowisp has 20 seconds left.\n|inactive|thrillowisp has 15 seconds left.\n|\n|t:|1682695118\n|move|p1a: Toxapex|Baneful Bunker|p1a: Toxapex\n|-singleturn|p1a: Toxapex|move: Protect\n|move|p2b: Flutter Mane|Shadow Ball|p1a: Toxapex\n|-activate|p1a: Toxapex|move: Protect\n|move|p2a: Kingambit|Kowtow Cleave|p1a: Toxapex\n|-activate|p1a: Toxapex|move: Protect\n|move|p1b: Ting-Lu|Heavy Slam|p2b: Flutter Mane\n|-supereffective|p2b: Flutter Mane\n|-damage|p2b: Flutter Mane|0 fnt\n|faint|p2b: Flutter Mane\n|-end|p2b: Flutter Mane|Protosynthesis|[silent]\n|\n|upkeep\n|\n|t:|1682695135\n|switch|p2b: Arcanine|Arcanine, L50, F|100\/100\n|-ability|p2b: Arcanine|Intimidate|boost\n|-unboost|p1a: Toxapex|atk|1\n|-unboost|p1b: Ting-Lu|atk|1\n|turn|4\n|\n|t:|1682695157\n|-terastallize|p2a: Kingambit|Dark\n|move|p2b: Arcanine|Howl|p2b: Arcanine|[spread] p2a,p2b\n|-boost|p2a: Kingambit|atk|1\n|-boost|p2b: Arcanine|atk|1\n|move|p2a: Kingambit|Kowtow Cleave|p1a: Toxapex\n|-damage|p1a: Toxapex|0 fnt\n|faint|p1a: Toxapex\n|move|p1b: Ting-Lu|Sand Tomb|p2b: Arcanine|[miss]\n|-miss|p1b: Ting-Lu|p2b: Arcanine\n|\n|upkeep\n|\n|t:|1682695164\n|switch|p1a: Wo-Chien|Wo-Chien, L50|100\/100\n|-ability|p1a: Wo-Chien|Tablets of Ruin\n|turn|5\n|\n|t:|1682695189\n|move|p1a: Wo-Chien|Protect|p1a: Wo-Chien\n|-singleturn|p1a: Wo-Chien|Protect\n|move|p2b: Arcanine|Flare Blitz|p1a: Wo-Chien\n|-activate|p1a: Wo-Chien|move: Protect\n|move|p2a: Kingambit|Kowtow Cleave|p1a: Wo-Chien\n|-activate|p1a: Wo-Chien|move: Protect\n|move|p1b: Ting-Lu|Sand Tomb|p2a: Kingambit\n|-damage|p2a: Kingambit|96\/100\n|-activate|p2a: Kingambit|move: Sand Tomb|[of] p1b: Ting-Lu\n|\n|-damage|p2a: Kingambit|84\/100|[from] move: Sand Tomb|[partiallytrapped]\n|upkeep\n|turn|6\n|\n|t:|1682695205\n|switch|p1a: Glimmora|Glimmora, L50, F|47\/100\n|move|p2b: Arcanine|Flare Blitz|p1a: Glimmora\n|-resisted|p1a: Glimmora\n|-damage|p1a: Glimmora|12\/100\n|-status|p1a: Glimmora|brn\n|-damage|p2b: Arcanine|89\/100|[from] Recoil\n|move|p2a: Kingambit|Kowtow Cleave|p1a: Glimmora\n|-damage|p1a: Glimmora|0 fnt\n|faint|p1a: Glimmora\n|move|p1b: Ting-Lu|Heavy Slam|p2a: Kingambit\n|-damage|p2a: Kingambit|69\/100\n|\n|-damage|p2a: Kingambit|57\/100|[from] move: Sand Tomb|[partiallytrapped]\n|upkeep\n|\n|t:|1682695219\n|switch|p1a: Wo-Chien|Wo-Chien, L50|100\/100\n|-ability|p1a: Wo-Chien|Tablets of Ruin\n|turn|7\n|\n|t:|1682695233\n|move|p1a: Wo-Chien|Protect|p1a: Wo-Chien\n|-singleturn|p1a: Wo-Chien|Protect\n|move|p2a: Kingambit|Protect|p2a: Kingambit\n|-singleturn|p2a: Kingambit|Protect\n|move|p2b: Arcanine|Howl|p2b: Arcanine|[spread] p2a,p2b\n|-boost|p2a: Kingambit|atk|1\n|-boost|p2b: Arcanine|atk|1\n|move|p1b: Ting-Lu|Heavy Slam|p2a: Kingambit\n|-activate|p2a: Kingambit|move: Protect\n|\n|-damage|p2a: Kingambit|44\/100|[from] move: Sand Tomb|[partiallytrapped]\n|upkeep\n|turn|8\n|inactive|tsupman has 30 seconds left.\n|\n|t:|1682695264\n|-terastallize|p1a: Wo-Chien|Poison\n|move|p2b: Arcanine|Flare Blitz|p1a: Wo-Chien\n|-damage|p1a: Wo-Chien|44\/100\n|-enditem|p1a: Wo-Chien|Sitrus Berry|[eat]\n|-heal|p1a: Wo-Chien|69\/100|[from] item: Sitrus Berry\n|-damage|p2b: Arcanine|71\/100|[from] Recoil\n|move|p1a: Wo-Chien|Leech Seed|p2b: Arcanine\n|-start|p2b: Arcanine|move: Leech Seed\n|move|p2a: Kingambit|Kowtow Cleave|p1a: Wo-Chien\n|-damage|p1a: Wo-Chien|0 fnt\n|faint|p1a: Wo-Chien\n|move|p1b: Ting-Lu|Heavy Slam|p2a: Kingambit\n|-damage|p2a: Kingambit|31\/100\n|\n|-damage|p2a: Kingambit|19\/100|[from] move: Sand Tomb|[partiallytrapped]\n|upkeep\n|turn|9\n|-message|tsupman forfeited.\n|\n|win|thrillowisp\n|raw|tsupman's rating: 1454 → 1429<\/strong> (-25 for losing)\n|raw|thrillowisp's rating: 1359 → 1384<\/strong> (+25 for winning)\n|l|\u2606tsupman\n|c|\u2606thrillowisp|gg\n","uploadtime":1682695287,"views":5,"p1id":"tsupman","p2id":"thrillowisp","formatid":"gen9vgc2023regulationc","rating":1384,"private":0,"password":""}