{"id":"gen9vgc2023regulationc-1851479625","p1":"Hadrian1917","p2":"AghastArcanine","format":"[Gen 9] VGC 2023 Regulation C","log":"|j|\u2606Hadrian1917\n|j|\u2606AghastArcanine\n|t:|1682448518\n|gametype|doubles\n|player|p1|Hadrian1917|brock|1136\n|player|p2|AghastArcanine|acetrainerf|1182\n|teamsize|p1|6\n|teamsize|p2|6\n|gen|9\n|tier|[Gen 9] VGC 2023 Regulation C\n|rated|\n|rule|Species Clause: Limit one of each Pok\u00e9mon\n|rule|Item Clause: Limit one of each item\n|clearpoke\n|poke|p1|Flutter Mane, L50|\n|poke|p1|Arcanine, L50, M|\n|poke|p1|Baxcalibur, L50, F|\n|poke|p1|Ting-Lu, L50|\n|poke|p1|Gyarados, L50, M|\n|poke|p1|Amoonguss, L50, F|\n|poke|p2|Dragonite, L50, M|\n|poke|p2|Gengar, L50, M|\n|poke|p2|Lucario, L50, M|\n|poke|p2|Talonflame, L50, M|\n|poke|p2|Goodra, L50, F|\n|poke|p2|Donphan, L50, M|\n|teampreview|4\n|inactive|Battle timer is ON: inactive players will automatically lose when time's up. (requested by AghastArcanine)\n|inactive|AghastArcanine has 60 seconds left.\n|\n|t:|1682448566\n|start\n|switch|p1a: Arcanine|Arcanine, L50, M|100\/100\n|switch|p1b: Baxcalibur|Baxcalibur, L50, F|100\/100\n|switch|p2a: Talonflame|Talonflame, L50, M|100\/100\n|switch|p2b: Dragonite|Dragonite, L50, M|100\/100\n|-ability|p1a: Arcanine|Intimidate|boost\n|-unboost|p2a: Talonflame|atk|1\n|-unboost|p2b: Dragonite|atk|1\n|turn|1\n|inactive|Hadrian1917 has 30 seconds left.\n|inactive|Hadrian1917 has 20 seconds left.\n|\n|t:|1682448601\n|-terastallize|p1a: Arcanine|Flying\n|move|p2a: Talonflame|Protect|p2a: Talonflame\n|-singleturn|p2a: Talonflame|Protect\n|move|p2b: Dragonite|Protect|p2b: Dragonite\n|-singleturn|p2b: Dragonite|Protect\n|move|p1a: Arcanine|Howl|p1a: Arcanine|[spread] p1a,p1b\n|-boost|p1a: Arcanine|atk|1\n|-boost|p1b: Baxcalibur|atk|1\n|move|p1b: Baxcalibur|Icicle Crash|p2b: Dragonite\n|-activate|p2b: Dragonite|move: Protect\n|\n|upkeep\n|turn|2\n|inactive|AghastArcanine has 30 seconds left.\n|\n|t:|1682448635\n|switch|p2b: Lucario|Lucario, L50, M|100\/100\n|move|p1a: Arcanine|Extreme Speed|p2a: Talonflame\n|-damage|p2a: Talonflame|53\/100\n|move|p1b: Baxcalibur|Ice Shard|p2a: Talonflame\n|-damage|p2a: Talonflame|1\/100\n|move|p2a: Talonflame|Taunt|p1a: Arcanine\n|-start|p1a: Arcanine|move: Taunt\n|\n|upkeep\n|turn|3\n|inactive|AghastArcanine has 30 seconds left.\n|inactive|Hadrian1917 has 30 seconds left.\n|inactive|AghastArcanine has 20 seconds left.\n|\n|t:|1682448674\n|-terastallize|p2b: Lucario|Steel\n|move|p1b: Baxcalibur|Protect|p1b: Baxcalibur\n|-singleturn|p1b: Baxcalibur|Protect\n|move|p2b: Lucario|Bullet Punch|p1b: Baxcalibur\n|-activate|p1b: Baxcalibur|move: Protect\n|move|p2a: Talonflame|Brave Bird|p1b: Baxcalibur\n|-activate|p1b: Baxcalibur|move: Protect\n|move|p1a: Arcanine|Flare Blitz|p2b: Lucario\n|-supereffective|p2b: Lucario\n|-damage|p2b: Lucario|0 fnt\n|faint|p2b: Lucario\n|-damage|p1a: Arcanine|76\/100|[from] Recoil\n|\n|upkeep\n|\n|t:|1682448688\n|switch|p2b: Goodra|Goodra, L50, F|100\/100\n|turn|4\n|\n|t:|1682448708\n|move|p1a: Arcanine|Extreme Speed|p2a: Talonflame\n|-crit|p2a: Talonflame\n|-damage|p2a: Talonflame|0 fnt\n|faint|p2a: Talonflame\n|move|p1b: Baxcalibur|Glaive Rush|p2b: Goodra\n|-supereffective|p2b: Goodra\n|-damage|p2b: Goodra|0 fnt\n|-singlemove|p1b: Baxcalibur|Glaive Rush|[silent]\n|faint|p2b: Goodra\n|\n|upkeep\n|\n|t:|1682448717\n|switch|p2b: Dragonite|Dragonite, L50, M|100\/100\n|turn|5\n|c|\u2606Hadrian1917|XD\n|c|\u2606AghastArcanine|Got rekt lol\n|-message|AghastArcanine forfeited.\n|\n|win|Hadrian1917\n|raw|Hadrian1917's rating: 1136 → 1164<\/strong> (+28 for winning)\n|raw|AghastArcanine's rating: 1182 → 1154<\/strong> (-28 for losing)\n|l|\u2606AghastArcanine\n","uploadtime":1682448836,"views":10,"p1id":"hadrian1917","p2id":"aghastarcanine","formatid":"gen9vgc2023regulationc","rating":1154,"private":0,"password":""}