{"id":"gen9vgc2023regulationc-1847827133","p1":"Vereiosy","p2":"Seok_x","format":"[Gen 9] VGC 2023 Regulation C","log":"|j|\u2606Vereiosy\n|j|\u2606Seok_x\n|t:|1682005210\n|gametype|doubles\n|player|p1|Vereiosy|maid-gen4|1031\n|player|p2|Seok_x|ghetsis|1083\n|teamsize|p1|6\n|teamsize|p2|6\n|gen|9\n|tier|[Gen 9] VGC 2023 Regulation C\n|rated|\n|rule|Species Clause: Limit one of each Pok\u00e9mon\n|rule|Item Clause: Limit one of each item\n|clearpoke\n|poke|p1|Annihilape, L50, F|\n|poke|p1|Breloom, L50, M|\n|poke|p1|Garchomp, L50, F|\n|poke|p1|Meowscarada, L50, M|\n|poke|p1|Dondozo, L50, M|\n|poke|p1|Tatsugiri, L50, F|\n|poke|p2|Ceruledge, L50, M|\n|poke|p2|Iron Bundle, L50|\n|poke|p2|Amoonguss, L50, F|\n|poke|p2|Dondozo, L50, F|\n|poke|p2|Tatsugiri-Droopy, L50, F|\n|poke|p2|Ting-Lu, L50|\n|teampreview|4\nVereiosy has agreed to open team sheets.\n|inactive|Battle timer is ON: inactive players will automatically lose when time's up. (requested by Seok_x)\n|\n|t:|1682005241\n|start\n|switch|p1a: Annihilape|Annihilape, L50, F|100\/100\n|switch|p1b: Breloom|Breloom, L50, M|100\/100\n|switch|p2a: Ceruledge|Ceruledge, L50, M|100\/100\n|switch|p2b: Alfredo|Iron Bundle, L50, shiny|100\/100\n|-enditem|p2b: Alfredo|Booster Energy\n|-activate|p2b: Alfredo|ability: Quark Drive|[fromitem]\n|-start|p2b: Alfredo|quarkdrivespe\n|turn|1\n|\n|t:|1682005254\n|-terastallize|p2a: Ceruledge|Grass\n|move|p2b: Alfredo|U-turn|p2a: Ceruledge\n|-supereffective|p2a: Ceruledge\n|-damage|p2a: Ceruledge|64\/100\n|-enditem|p2a: Ceruledge|Weakness Policy\n|-boost|p2a: Ceruledge|atk|2|[from] item: Weakness Policy\n|-boost|p2a: Ceruledge|spa|2|[from] item: Weakness Policy\n|\n|t:|1682005261\n|-end|p2b: Alfredo|Quark Drive|[silent]\n|switch|p2b: Ting-Lu|Ting-Lu, L50|100\/100|[from] U-turn\n|-ability|p2b: Ting-Lu|Vessel of Ruin\n|move|p2a: Ceruledge|Bitter Blade|p1b: Breloom\n|-supereffective|p1b: Breloom\n|-enditem|p1b: Breloom|Focus Sash\n|-damage|p1b: Breloom|1\/100\n|-heal|p2a: Ceruledge|100\/100|[from] drain|[of] p1b: Breloom\n|move|p1b: Breloom|Spore|p2b: Ting-Lu\n|-status|p2b: Ting-Lu|slp|[from] move: Spore\n|move|p1a: Annihilape|Rage Fist|p2a: Ceruledge\n|-damage|p2a: Ceruledge|66\/100\n|\n|upkeep\n|turn|2\n|inactive|Seok_x has 30 seconds left.\n|inactive|Seok_x has 20 seconds left.\n|\n|t:|1682005299\n|move|p2a: Ceruledge|Shadow Sneak|p1b: Breloom\n|-damage|p1b: Breloom|0 fnt\n|faint|p1b: Breloom\n|move|p1a: Annihilape|Bulk Up|p1a: Annihilape\n|-boost|p1a: Annihilape|atk|1\n|-boost|p1a: Annihilape|def|1\n|cant|p2b: Ting-Lu|slp\n|\n|upkeep\n|\n|t:|1682005309\n|switch|p1b: Garchomp|Garchomp, L50, F|100\/100\n|turn|3\n|\n|t:|1682005327\n|move|p1b: Garchomp|Fire Blast|p2a: Ceruledge\n|-start|p2a: Ceruledge|ability: Flash Fire\n|move|p2a: Ceruledge|Night Slash|p1a: Annihilape\n|-damage|p1a: Annihilape|68\/100\n|move|p1a: Annihilape|Drain Punch|p2b: Ting-Lu\n|-supereffective|p2b: Ting-Lu\n|-damage|p2b: Ting-Lu|47\/100 slp\n|-heal|p1a: Annihilape|100\/100|[from] drain|[of] p2b: Ting-Lu\n|-curestatus|p2b: Ting-Lu|slp|[msg]\n|move|p2b: Ting-Lu|Ruination|p1b: Garchomp\n|-damage|p1b: Garchomp|51\/100\n|\n|upkeep\n|turn|4\n|inactive|Seok_x has 30 seconds left.\n|\n|t:|1682005360\n|move|p1b: Garchomp|Draco Meteor|p2a: Ceruledge|[miss]\n|-miss|p1b: Garchomp|p2a: Ceruledge\n|move|p2a: Ceruledge|Bitter Blade|p1b: Garchomp\n|-resisted|p1b: Garchomp\n|-damage|p1b: Garchomp|0 fnt\n|-heal|p2a: Ceruledge|96\/100|[from] drain|[of] p1b: Garchomp\n|-damage|p2a: Ceruledge|84\/100|[from] ability: Rough Skin|[of] p1b: Garchomp\n|faint|p1b: Garchomp\n|move|p1a: Annihilape|Drain Punch|p2b: Ting-Lu\n|-supereffective|p2b: Ting-Lu\n|-damage|p2b: Ting-Lu|0 fnt\n|faint|p2b: Ting-Lu\n|\n|upkeep\n|\n|t:|1682005376\n|switch|p1b: Meowscarada|Meowscarada, L50, M|100\/100\n|switch|p2b: Amogus|Amoonguss, L50, F, shiny|100\/100\n|turn|5\n|\n|t:|1682005394\n|move|p2b: Amogus|Rage Powder|p2b: Amogus\n|-singleturn|p2b: Amogus|move: Rage Powder\n|move|p1b: Meowscarada|U-turn|p2a: Ceruledge\n|-start|p1b: Meowscarada|typechange|Bug|[from] ability: Protean\n|-supereffective|p2a: Ceruledge\n|-damage|p2a: Ceruledge|0 fnt\n|faint|p2a: Ceruledge\n|move|p1a: Annihilape|Bulk Up|p1a: Annihilape\n|-boost|p1a: Annihilape|atk|1\n|-boost|p1a: Annihilape|def|1\n|\n|upkeep\n|\n|t:|1682005405\n|switch|p2a: Alfredo|Iron Bundle, L50, shiny|100\/100\n|turn|6\n|\n|t:|1682005418\n|move|p2a: Alfredo|Freeze-Dry|p1b: Meowscarada\n|-damage|p1b: Meowscarada|63\/100\n|-status|p1b: Meowscarada|frz\n|cant|p1b: Meowscarada|frz\n|move|p1a: Annihilape|Rage Fist|p2b: Amogus\n|-damage|p2b: Amogus|25\/100\n|-enditem|p2b: Amogus|Sitrus Berry|[eat]\n|-heal|p2b: Amogus|50\/100|[from] item: Sitrus Berry\n|move|p2b: Amogus|Spore|p1a: Annihilape\n|-status|p1a: Annihilape|slp|[from] move: Spore\n|\n|upkeep\n|turn|7\n|\n|t:|1682005438\n|move|p2a: Alfredo|Freeze-Dry|p1b: Meowscarada\n|-damage|p1b: Meowscarada|28\/100 frz\n|cant|p1b: Meowscarada|frz\n|cant|p1a: Annihilape|slp\n|move|p2b: Amogus|Leaf Storm|p1a: Annihilape\n|-damage|p1a: Annihilape|73\/100 slp\n|-unboost|p2b: Amogus|spa|2\n|\n|-heal|p1a: Annihilape|79\/100 slp|[from] item: Leftovers\n|upkeep\n|turn|8\n|\n|t:|1682005457\n|move|p2a: Alfredo|Freeze-Dry|p1b: Meowscarada\n|-damage|p1b: Meowscarada|0 fnt\n|faint|p1b: Meowscarada\n|-curestatus|p1a: Annihilape|slp|[msg]\n|move|p1a: Annihilape|Rage Fist|p2b: Amogus\n|-damage|p2b: Amogus|0 fnt\n|faint|p2b: Amogus\n|\n|-heal|p1a: Annihilape|85\/100|[from] item: Leftovers\n|upkeep\n|turn|9\n|\n|t:|1682005468\n|move|p2a: Alfredo|Freeze-Dry|p1a: Annihilape\n|-damage|p1a: Annihilape|62\/100\n|-status|p1a: Annihilape|frz\n|cant|p1a: Annihilape|frz\n|\n|-heal|p1a: Annihilape|68\/100 frz|[from] item: Leftovers\n|upkeep\n|turn|10\n|\n|t:|1682005473\n|move|p2a: Alfredo|Hydro Pump|p1a: Annihilape\n|-damage|p1a: Annihilape|29\/100 frz\n|-curestatus|p1a: Annihilape|frz|[msg]\n|move|p1a: Annihilape|Drain Punch|p2a: Alfredo\n|-supereffective|p2a: Alfredo\n|-damage|p2a: Alfredo|0 fnt\n|-heal|p1a: Annihilape|60\/100|[from] drain|[of] p2a: Alfredo\n|faint|p2a: Alfredo\n|-end|p2a: Alfredo|Quark Drive|[silent]\n|\n|win|Vereiosy\n|raw|Vereiosy's rating: 1031 → 1072<\/strong> (+41 for winning)\n|raw|Seok_x's rating: 1083 → 1057<\/strong> (-26 for losing)\n|l|\u2606Seok_x\n|c|\u2606Vereiosy|Gg\n","uploadtime":1682005483,"views":7,"p1id":"vereiosy","p2id":"seokx","formatid":"gen9vgc2023regulationc","rating":1057,"private":0,"password":""}