{"id":"gen9vgc2023regulationc-1853434828","p1":"Frozen_ATM","p2":"kevsmoreno","format":"[Gen 9] VGC 2023 Regulation C","log":"|j|\u2606Frozen_ATM\n|j|\u2606kevsmoreno\n|t:|1682684752\n|gametype|doubles\n|player|p1|Frozen_ATM|boarder|\n|player|p2|kevsmoreno|dragontamer|\n|teamsize|p1|6\n|teamsize|p2|6\n|gen|9\n|tier|[Gen 9] VGC 2023 Regulation C\n|rule|Species Clause: Limit one of each Pok\u00e9mon\n|rule|Item Clause: Limit one of each item\n|clearpoke\n|poke|p1|Slowpoke, L50, F|\n|poke|p1|Wigglytuff, L50, F|\n|poke|p1|Bellibolt, L50, M|\n|poke|p1|Iron Bundle, L50|\n|poke|p1|Pyroar, L50, F|\n|poke|p1|Sableye, L50, F|\n|poke|p2|Chien-Pao, L50|\n|poke|p2|Dragapult, L50, M|\n|poke|p2|Rotom-Mow, L50|\n|poke|p2|Donphan, L50, M|\n|poke|p2|Persian, L50, M|\n|poke|p2|Bisharp, L50, M|\n|teampreview|4\n|c|\u2606Frozen_ATM|g1\n|j| WaffleMoo\n|j| Toronto 6ix\n|c| WaffleMoo|Got 50cents on frozen winning\n|c|\u2606kevsmoreno|Glhf, someone save replays for thanks\n|c|\u2606kevsmoreno|Fuck you moo\n|c|\u2606Frozen_ATM|Moo, I'm easily Losing\n|c| WaffleMoo|Fuck you kevs\n|j| GuardianofL1ght\n|\n|t:|1682684953\n|start\n|switch|p1a: Slowpoke|Slowpoke, L50, F|100\/100\n|switch|p1b: Bellibolt|Bellibolt, L50, M|100\/100\n|switch|p2a: Persian|Persian, L50, M|100\/100\n|switch|p2b: Rotom|Rotom-Mow, L50|100\/100\n|turn|1\n|c| GuardianofL1ght|I got replays, no worries\n|\n|t:|1682684986\n|move|p2a: Persian|Fake Out|p1a: Slowpoke\n|-damage|p1a: Slowpoke|88\/100\n|move|p2b: Rotom|Leaf Storm|p1a: Slowpoke\n|-supereffective|p1a: Slowpoke\n|-damage|p1a: Slowpoke|0 fnt\n|-unboost|p2b: Rotom|spa|2\n|faint|p1a: Slowpoke\n|move|p1b: Bellibolt|Thunderbolt|p2a: Persian\n|-damage|p2a: Persian|49\/100\n|\n|upkeep\n|c|\u2606kevsmoreno|Thanks\n|c|\u2606Frozen_ATM|rude\n|\n|t:|1682685005\n|switch|p1a: Iron Bundle|Iron Bundle, L50|100\/100\n|turn|2\n|\n|t:|1682685028\n|-terastallize|p1a: Iron Bundle|Ice\n|move|p2b: Rotom|Protect|p2b: Rotom\n|-singleturn|p2b: Rotom|Protect\n|move|p1a: Iron Bundle|Icy Wind|p2a: Persian|[spread] p2a\n|-activate|p2b: Rotom|move: Protect\n|-damage|p2a: Persian|15\/100\n|-unboost|p2a: Persian|spe|1\n|move|p2a: Persian|Icy Wind|p1a: Iron Bundle|[spread] p1a,p1b\n|-resisted|p1a: Iron Bundle\n|-damage|p1a: Iron Bundle|94\/100\n|-damage|p1b: Bellibolt|94\/100\n|-unboost|p1a: Iron Bundle|spe|1\n|-unboost|p1b: Bellibolt|spe|1\n|-start|p1b: Bellibolt|Charge|Icy Wind|[from] ability: Electromorphosis\n|move|p1b: Bellibolt|Thunderbolt|p2a: Persian\n|-damage|p2a: Persian|0 fnt\n|faint|p2a: Persian\n|-end|p1b: Bellibolt|Charge|[silent]\n|\n|upkeep\n|\n|t:|1682685049\n|switch|p2a: Chien-Pao|Chien-Pao, L50|100\/100\n|-ability|p2a: Chien-Pao|Sword of Ruin\n|turn|3\n|\n|t:|1682685085\n|move|p2a: Chien-Pao|Brick Break|p1a: Iron Bundle\n|-supereffective|p1a: Iron Bundle\n|-damage|p1a: Iron Bundle|5\/100\n|-enditem|p1a: Iron Bundle|Sitrus Berry|[eat]\n|-heal|p1a: Iron Bundle|30\/100|[from] item: Sitrus Berry\n|move|p2b: Rotom|Will-O-Wisp|p1b: Bellibolt\n|-status|p1b: Bellibolt|brn\n|move|p1a: Iron Bundle|Icy Wind|p2b: Rotom|[spread] p2a,p2b\n|-resisted|p2a: Chien-Pao\n|-supereffective|p2b: Rotom\n|-damage|p2a: Chien-Pao|74\/100\n|-damage|p2b: Rotom|20\/100\n|-unboost|p2a: Chien-Pao|spe|1\n|move|p1b: Bellibolt|Thunderbolt|p2a: Chien-Pao\n|-damage|p2a: Chien-Pao|8\/100\n|\n|-damage|p1b: Bellibolt|87\/100 brn|[from] brn\n|upkeep\n|turn|4\n|c|\u2606Frozen_ATM|whats the name of the item that stops secondary effects?\n|c|\u2606Frozen_ATM|just for my own future builds\n|c|\u2606Frozen_ATM|because I see Rotom has it\n|c| GuardianofL1ght|Covert Cloak\n|c|\u2606Frozen_ATM|gotcha\n|\n|t:|1682685152\n|switch|p2b: Donphan|Donphan, L50, M|100\/100\n|move|p1a: Iron Bundle|Protect|p1a: Iron Bundle\n|-singleturn|p1a: Iron Bundle|Protect\n|move|p2a: Chien-Pao|Brick Break|p1a: Iron Bundle\n|-activate|p1a: Iron Bundle|move: Protect\n|move|p1b: Bellibolt|Discharge|p2b: Donphan|[spread] p2a\n|-activate|p1a: Iron Bundle|move: Protect\n|-immune|p2b: Donphan\n|-damage|p2a: Chien-Pao|0 fnt\n|faint|p2a: Chien-Pao\n|\n|-damage|p1b: Bellibolt|81\/100 brn|[from] brn\n|upkeep\n|\n|t:|1682685169\n|switch|p2a: Rotom|Rotom-Mow, L50|20\/100\n|turn|5\n|\n|t:|1682685220\n|-end|p1a: Iron Bundle|Quark Drive|[silent]\n|switch|p1a: Pyroar|Pyroar, L50, F|100\/100\n|-ability|p1a: Pyroar|Unnerve\n|move|p2a: Rotom|Leaf Storm|p1b: Bellibolt\n|-damage|p1b: Bellibolt|36\/100 brn\n|-unboost|p2a: Rotom|spa|2\n|-start|p1b: Bellibolt|Charge|Leaf Storm|[from] ability: Electromorphosis\n|move|p2b: Donphan|Earthquake|p1a: Pyroar|[spread] p1a,p1b\n|-immune|p2a: Rotom|[from] ability: Levitate\n|-supereffective|p1a: Pyroar\n|-supereffective|p1b: Bellibolt\n|-damage|p1a: Pyroar|0 fnt\n|-damage|p1b: Bellibolt|0 fnt\n|faint|p1a: Pyroar\n|faint|p1b: Bellibolt\n|\n|upkeep\n|\n|t:|1682685230\n|switch|p1a: Iron Bundle|Iron Bundle, L50, tera:Ice|30\/100\n|turn|6\n|c| WaffleMoo|Oof\n|c|\u2606Frozen_ATM|gg\n|\n|t:|1682685246\n|move|p1a: Iron Bundle|Icy Wind|p2a: Rotom|[spread] p2a,p2b\n|-supereffective|p2a: Rotom\n|-crit|p2a: Rotom\n|-supereffective|p2b: Donphan\n|-damage|p2a: Rotom|0 fnt\n|-damage|p2b: Donphan|25\/100\n|-unboost|p2b: Donphan|spe|1\n|faint|p2a: Rotom\n|move|p2b: Donphan|Earthquake|p1a: Iron Bundle\n|-damage|p1a: Iron Bundle|0 fnt\n|faint|p1a: Iron Bundle\n|-end|p1a: Iron Bundle|Quark Drive|[silent]\n|\n|win|kevsmoreno\n|c|\u2606kevsmoreno|Gg\n|l| Toronto 6ix\n|l| WaffleMoo\n","uploadtime":1682685259,"views":21,"p1id":"frozenatm","p2id":"kevsmoreno","formatid":"gen9vgc2023regulationc","rating":0,"private":0,"password":""}