{"id":"gen9vgc2023regulationc-1852371123","p1":"Axel316","p2":"dwalk2196","format":"[Gen 9] VGC 2023 Regulation C","log":"|j|\u2606Axel316\n|j|\u2606dwalk2196\n|t:|1682549387\n|gametype|doubles\n|player|p1|Axel316|265|\n|player|p2|dwalk2196|265|\n|teamsize|p1|6\n|teamsize|p2|6\n|gen|9\n|tier|[Gen 9] VGC 2023 Regulation C\n|rule|Species Clause: Limit one of each Pok\u00e9mon\n|rule|Item Clause: Limit one of each item\n|clearpoke\n|poke|p1|Drednaw, L50, F|\n|poke|p1|Pelipper, L50, F|\n|poke|p1|Medicham, L50, F|\n|poke|p1|Palafin, L50, M|\n|poke|p1|Salamence, L50, M|\n|poke|p1|Espeon, L50, F|\n|poke|p2|Chi-Yu, L50|\n|poke|p2|Eiscue, L50, F|\n|poke|p2|Primeape, L50, F|\n|poke|p2|Gyarados, L50, F|\n|poke|p2|Maushold, L50|\n|poke|p2|Murkrow, L50, F|\n|teampreview|4\n|\n|t:|1682549425\n|start\n|switch|p1a: Drednaw|Drednaw, L50, F|100\/100\n|switch|p1b: Medicham|Medicham, L50, F|100\/100\n|switch|p2a: Primeape|Primeape, L50, F|100\/100\n|switch|p2b: Maushold|Maushold, L50|100\/100\n|turn|1\n|\n|t:|1682549448\n|switch|p1a: Pelipper|Pelipper, L50, F, shiny|100\/100\n|-weather|RainDance|[from] ability: Drizzle|[of] p1a: Pelipper\n|move|p2b: Maushold|Protect|p2b: Maushold\n|-singleturn|p2b: Maushold|Protect\n|move|p1b: Medicham|Zen Headbutt|p2a: Primeape\n|-supereffective|p2a: Primeape\n|-damage|p2a: Primeape|26\/100\n|move|p2a: Primeape|Bulk Up|p2a: Primeape\n|-boost|p2a: Primeape|atk|1\n|-boost|p2a: Primeape|def|1\n|\n|-weather|RainDance|[upkeep]\n|upkeep\n|turn|2\n|\n|t:|1682549482\n|move|p2b: Maushold|Follow Me|p2b: Maushold\n|-singleturn|p2b: Maushold|move: Follow Me\n|move|p1b: Medicham|Zen Headbutt|p2b: Maushold\n|-damage|p2b: Maushold|34\/100\n|move|p2a: Primeape|Rage Fist|p1b: Medicham\n|-supereffective|p1b: Medicham\n|-enditem|p1b: Medicham|Focus Sash\n|-damage|p1b: Medicham|1\/100\n|move|p1a: Pelipper|Surf|p2b: Maushold|[spread] p1b,p2a,p2b\n|-damage|p1b: Medicham|0 fnt\n|-damage|p2a: Primeape|0 fnt\n|-damage|p2b: Maushold|0 fnt\n|faint|p1b: Medicham\n|faint|p2a: Primeape\n|faint|p2b: Maushold\n|\n|-weather|RainDance|[upkeep]\n|upkeep\n|\n|t:|1682549498\n|switch|p2b: Chi-Yu|Chi-Yu, L50|100\/100\n|switch|p1b: Salamence|Salamence, L50, M|100\/100\n|switch|p2a: Gyarados|Gyarados, L50, F|100\/100\n|-ability|p2b: Chi-Yu|Beads of Ruin\n|-ability|p2a: Gyarados|Intimidate|boost\n|-unboost|p1a: Pelipper|atk|1\n|-unboost|p1b: Salamence|atk|1\n|turn|3\n|\n|t:|1682549526\n|-terastallize|p2b: Chi-Yu|Grass\n|move|p2b: Chi-Yu|Dark Pulse|p1a: Pelipper\n|-damage|p1a: Pelipper|0 fnt\n|faint|p1a: Pelipper\n|move|p2a: Gyarados|Outrage|p1b: Salamence\n|-supereffective|p1b: Salamence\n|-damage|p1b: Salamence|29\/100\n|move|p1b: Salamence|Draco Meteor|p2a: Gyarados\n|-damage|p2a: Gyarados|33\/100\n|-unboost|p1b: Salamence|spa|2\n|\n|-weather|RainDance|[upkeep]\n|upkeep\n|\n|t:|1682549541\n|switch|p1a: Drednaw|Drednaw, L50, F|100\/100\n|turn|4\n|\n|t:|1682549565\n|move|p1a: Drednaw|Rock Slide|p2b: Chi-Yu|[spread] p2a,p2b\n|-supereffective|p2a: Gyarados\n|-damage|p2a: Gyarados|0 fnt\n|-damage|p2b: Chi-Yu|58\/100\n|faint|p2a: Gyarados\n|move|p2b: Chi-Yu|Dark Pulse|p1a: Drednaw\n|-damage|p1a: Drednaw|0 fnt\n|faint|p1a: Drednaw\n|move|p1b: Salamence|Air Slash|p2b: Chi-Yu\n|-supereffective|p2b: Chi-Yu\n|-damage|p2b: Chi-Yu|12\/100\n|\n|-weather|RainDance|[upkeep]\n|upkeep\n|turn|5\n|\n|t:|1682549578\n|move|p2b: Chi-Yu|Dark Pulse|p1b: Salamence\n|-damage|p1b: Salamence|0 fnt\n|faint|p1b: Salamence\n|\n|win|dwalk2196\n|l|\u2606Axel316\n","uploadtime":1682549585,"views":18,"p1id":"axel316","p2id":"dwalk2196","formatid":"gen9vgc2023regulationc","rating":0,"private":0,"password":""}