{"id":"gen9vgc2023regulationc-1847791742","p1":"DorkNova","p2":"Humanberrito 2.0","format":"[Gen 9] VGC 2023 Regulation C","log":"|j|\u2606DorkNova\n|j|\u2606Humanberrito 2.0\n|t:|1682002325\n|gametype|doubles\n|player|p1|DorkNova|cynthia|\n|player|p2|Humanberrito 2.0|unknown|\n|teamsize|p1|6\n|teamsize|p2|6\n|gen|9\n|tier|[Gen 9] VGC 2023 Regulation C\n|rated|Tournament battle\n|rule|Species Clause: Limit one of each Pok\u00e9mon\n|rule|Item Clause: Limit one of each item\n|clearpoke\n|poke|p1|Chien-Pao, L50|\n|poke|p1|Dragonite, L50, M|\n|poke|p1|Ceruledge, L50, F|\n|poke|p1|Scizor, L50, M|\n|poke|p1|Flutter Mane, L50|\n|poke|p1|Rotom-Wash, L50|\n|poke|p2|Flutter Mane, L50|\n|poke|p2|Ting-Lu, L50|\n|poke|p2|Arcanine, L50, F|\n|poke|p2|Palafin, L50, M|\n|poke|p2|Chien-Pao, L50|\n|poke|p2|Pelipper, L50, M|\n|teampreview|4\n|raw| Open Team Sheet for DorkNova<\/summary>Chien-Pao @ Focus Sash Ability: Sword of Ruin Level: 50 Tera Type: Dark - Ice Spinner - Sucker Punch - Sacred Sword - Protect Dragonite (M) @ Choice Band Ability: Inner Focus Level: 50 Tera Type: Normal - Facade - Ice Spinner - Stomping Tantrum - Extreme Speed Ceruledge (F) @ Covert Cloak Ability: Flash Fire Level: 50 Tera Type: Grass - Bitter Blade - Shadow Sneak - Bulk Up - Protect Scizor (M) @ Life Orb Ability: Technician Level: 50 Tera Type: Steel - Bullet Punch - Close Combat - U-turn - Protect Flutter Mane @ Choice Specs Ability: Protosynthesis Level: 50 Tera Type: Fairy - Moonblast - Shadow Ball - Power Gem - Dazzling Gleam Rotom (Rotom-Wash) @ Sitrus Berry Ability: Levitate Level: 50 Tera Type: Electric - Thunderbolt - Hydro Pump - Helping Hand - Protect <\/details><\/div> Open Team Sheet for Humanberrito 2.0<\/summary>Flutter Mane @ Choice Specs Ability: Protosynthesis Level: 50 Tera Type: Fairy - Moonblast - Shadow Ball - Dazzling Gleam - Power Gem Ting-Lu @ Assault Vest Ability: Vessel of Ruin Level: 50 Tera Type: Steel - Fissure - Stomping Tantrum - Body Press - Mud-Slap Arcanine @ Safety Goggles Ability: Intimidate Level: 50 Tera Type: Ghost - Flare Blitz - Will-O-Wisp - Snarl - Protect Palafin @ Mystic Water Ability: Zero to Hero Level: 50 Tera Type: Water - Jet Punch - Wave Crash - Haze - Protect Chien-Pao @ Focus Sash Ability: Sword of Ruin Level: 50 Tera Type: Ghost - Ice Spinner - Sucker Punch - Sacred Sword - Protect Pelipper @ Damp Rock Ability: Drizzle Level: 50 Tera Type: Water - Tailwind - Wide Guard - Helping Hand - Hurricane <\/details><\/div>\n|\n|t:|1682002402\n|start\n|switch|p1a: Ceruledge|Ceruledge, L50, F|100\/100\n|switch|p1b: Rotom|Rotom-Wash, L50|100\/100\n|switch|p2a: Chien-Pao|Chien-Pao, L50|100\/100\n|switch|p2b: Arcanine|Arcanine, L50, F|100\/100\n|-ability|p2a: Chien-Pao|Sword of Ruin\n|-ability|p2b: Arcanine|Intimidate|boost\n|-unboost|p1a: Ceruledge|atk|1\n|-unboost|p1b: Rotom|atk|1\n|turn|1\n|\n|t:|1682002467\n|-terastallize|p1a: Ceruledge|Grass\n|move|p2a: Chien-Pao|Protect|p2a: Chien-Pao\n|-singleturn|p2a: Chien-Pao|Protect\n|move|p2b: Arcanine|Protect|p2b: Arcanine\n|-singleturn|p2b: Arcanine|Protect\n|move|p1b: Rotom|Hydro Pump|p2b: Arcanine\n|-activate|p2b: Arcanine|move: Protect\n|move|p1a: Ceruledge|Bitter Blade|p2a: Chien-Pao\n|-activate|p2a: Chien-Pao|move: Protect\n|\n|upkeep\n|turn|2\n|\n|t:|1682002484\n|switch|p2b: Flutter Mane|Flutter Mane, L50|100\/100\n|move|p1a: Ceruledge|Protect|p1a: Ceruledge\n|-singleturn|p1a: Ceruledge|Protect\n|move|p2a: Chien-Pao|Ice Spinner|p1a: Ceruledge\n|-activate|p1a: Ceruledge|move: Protect\n|move|p1b: Rotom|Thunderbolt|p2a: Chien-Pao\n|-damage|p2a: Chien-Pao|31\/100\n|\n|upkeep\n|turn|3\n|\n|t:|1682002513\n|switch|p2a: Arcanine|Arcanine, L50, F|100\/100\n|-ability|p2a: Arcanine|Intimidate|boost\n|-unboost|p1a: Ceruledge|atk|1\n|-unboost|p1b: Rotom|atk|1\n|move|p1a: Ceruledge|Shadow Sneak|p2b: Flutter Mane\n|-supereffective|p2b: Flutter Mane\n|-damage|p2b: Flutter Mane|66\/100\n|move|p2b: Flutter Mane|Dazzling Gleam|p1b: Rotom|[spread] p1a,p1b\n|-damage|p1a: Ceruledge|56\/100\n|-damage|p1b: Rotom|58\/100\n|move|p1b: Rotom|Thunderbolt|p2a: Arcanine\n|-damage|p2a: Arcanine|65\/100\n|\n|upkeep\n|turn|4\n|\n|t:|1682002535\n|move|p2b: Flutter Mane|Dazzling Gleam|p1a: Ceruledge|[spread] p1a,p1b\n|-damage|p1a: Ceruledge|9\/100\n|-damage|p1b: Rotom|16\/100\n|-enditem|p1b: Rotom|Sitrus Berry|[eat]\n|-heal|p1b: Rotom|41\/100|[from] item: Sitrus Berry\n|move|p2a: Arcanine|Snarl|p1a: Ceruledge|[spread] p1a,p1b\n|-damage|p1a: Ceruledge|2\/100\n|-damage|p1b: Rotom|31\/100\n|-unboost|p1b: Rotom|spa|1\n|move|p1b: Rotom|Hydro Pump|p2a: Arcanine\n|-supereffective|p2a: Arcanine\n|-damage|p2a: Arcanine|12\/100\n|move|p1a: Ceruledge|Bitter Blade|p2b: Flutter Mane\n|-damage|p2b: Flutter Mane|25\/100\n|-heal|p1a: Ceruledge|18\/100|[from] drain|[of] p2b: Flutter Mane\n|\n|upkeep\n|turn|5\n|\n|t:|1682002564\n|-end|p2b: Flutter Mane|Protosynthesis|[silent]\n|switch|p2b: Chien-Pao|Chien-Pao, L50|31\/100\n|-ability|p2b: Chien-Pao|Sword of Ruin\n|switch|p2a: Ting-Lu|Ting-Lu, L50|100\/100\n|-ability|p2a: Ting-Lu|Vessel of Ruin\n|move|p1b: Rotom|Helping Hand|p1a: Ceruledge\n|-singleturn|p1a: Ceruledge|Helping Hand|[of] p1b: Rotom\n|move|p1a: Ceruledge|Shadow Sneak|p2b: Chien-Pao\n|-resisted|p2b: Chien-Pao\n|-damage|p2b: Chien-Pao|18\/100\n|\n|upkeep\n|turn|6\n|\n|t:|1682002611\n|switch|p1a: Dragonite|Dragonite, L50, M|100\/100\n|switch|p2a: Flutter Mane|Flutter Mane, L50|25\/100\n|move|p1b: Rotom|Protect|p1b: Rotom\n|-singleturn|p1b: Rotom|Protect\n|move|p2b: Chien-Pao|Sucker Punch||[still]\n|-fail|p2b: Chien-Pao\n|\n|upkeep\n|turn|7\n|\n|t:|1682002628\n|-terastallize|p2b: Chien-Pao|Ghost\n|move|p1a: Dragonite|Extreme Speed|p2b: Chien-Pao\n|-immune|p2b: Chien-Pao\n|move|p2b: Chien-Pao|Ice Spinner|p1a: Dragonite\n|-supereffective|p1a: Dragonite\n|-damage|p1a: Dragonite|0 fnt\n|faint|p1a: Dragonite\n|move|p2a: Flutter Mane|Dazzling Gleam|p1b: Rotom\n|-damage|p1b: Rotom|0 fnt\n|faint|p1b: Rotom\n|\n|upkeep\n|\n|t:|1682002640\n|switch|p1a: Chien-Pao|Chien-Pao, L50|100\/100\n|switch|p1b: Ceruledge|Ceruledge, L50, F, tera:Grass|18\/100\n|-ability|p1a: Chien-Pao|Sword of Ruin\n|turn|8\n|\n|t:|1682002668\n|-end|p2a: Flutter Mane|Protosynthesis|[silent]\n|switch|p2a: Arcanine|Arcanine, L50, F|12\/100\n|-ability|p2a: Arcanine|Intimidate|boost\n|-unboost|p1a: Chien-Pao|atk|1\n|-unboost|p1b: Ceruledge|atk|1\n|move|p2b: Chien-Pao|Protect|p2b: Chien-Pao\n|-singleturn|p2b: Chien-Pao|Protect\n|move|p1b: Ceruledge|Protect|p1b: Ceruledge\n|-singleturn|p1b: Ceruledge|Protect\n|move|p1a: Chien-Pao|Sucker Punch||[still]\n|-fail|p1a: Chien-Pao\n|\n|upkeep\n|turn|9\n|\n|t:|1682002691\n|move|p2b: Chien-Pao|Sucker Punch|p1b: Ceruledge\n|-damage|p1b: Ceruledge|0 fnt\n|faint|p1b: Ceruledge\n|move|p1a: Chien-Pao|Sucker Punch||[still]\n|-fail|p1a: Chien-Pao\n|move|p2a: Arcanine|Will-O-Wisp|p1a: Chien-Pao|[miss]\n|-miss|p2a: Arcanine|p1a: Chien-Pao\n|\n|upkeep\n|turn|10\n|\n|t:|1682002710\n|move|p1a: Chien-Pao|Sacred Sword|p2a: Arcanine\n|-damage|p2a: Arcanine|0 fnt\n|faint|p2a: Arcanine\n|move|p2b: Chien-Pao|Sacred Sword|p1a: Chien-Pao\n|-supereffective|p1a: Chien-Pao\n|-enditem|p1a: Chien-Pao|Focus Sash\n|-damage|p1a: Chien-Pao|1\/100\n|\n|upkeep\n|-message|DorkNova forfeited.\n|\n|win|Humanberrito 2.0\n|n|\u2606DorkNova|dorknova\n|n|\u2606Humanberrito 2.0|humanberrito20\n|l|\u2606DorkNova\n","uploadtime":1682002728,"views":5,"p1id":"dorknova","p2id":"humanberrito20","formatid":"gen9vgc2023regulationc","rating":0,"private":0,"password":""}