{"id":"gen9vgc2023regulationc-1849180306","p1":"BlindMagneton","p2":"zamparo","format":"[Gen 9] VGC 2023 Regulation C","log":"|j|\u2606BlindMagneton\n|j|\u2606zamparo\n|t:|1682169225\n|gametype|doubles\n|player|p1|BlindMagneton|wattson|1344\n|player|p2|zamparo|lance|1338\n|teamsize|p1|6\n|teamsize|p2|6\n|gen|9\n|tier|[Gen 9] VGC 2023 Regulation C\n|rated|\n|rule|Species Clause: Limit one of each Pok\u00e9mon\n|rule|Item Clause: Limit one of each item\n|clearpoke\n|poke|p1|Tinkaton, L50, F|\n|poke|p1|Wo-Chien, L50|\n|poke|p1|Ceruledge, L50, M|\n|poke|p1|Grimmsnarl, L50, M|\n|poke|p1|Chien-Pao, L50|\n|poke|p1|Dragapult, L50, F|\n|poke|p2|Dondozo, L50, M|\n|poke|p2|Tatsugiri, L50, M|\n|poke|p2|Talonflame, L50, M|\n|poke|p2|Scizor, L50, M|\n|poke|p2|Gholdengo, L50|\n|poke|p2|Great Tusk, L50|\n|teampreview|4\n|inactive|Battle timer is ON: inactive players will automatically lose when time's up. (requested by zamparo)\n|j| chacaad\n|inactive|BlindMagneton has 60 seconds left.\n|\n|t:|1682169293\n|start\n|switch|p1a: Grimmsnarl|Grimmsnarl, L50, M|100\/100\n|switch|p1b: Dragapult|Dragapult, L50, F|100\/100\n|switch|p2a: Gholdengo|Gholdengo, L50|100\/100\n|switch|p2b: Talonflame|Talonflame, L50, M|100\/100\n|turn|1\n|inactive|BlindMagneton has 30 seconds left.\n|\n|t:|1682169321\n|move|p2b: Talonflame|Protect|p2b: Talonflame\n|-singleturn|p2b: Talonflame|Protect\n|move|p2a: Gholdengo|Protect|p2a: Gholdengo\n|-singleturn|p2a: Gholdengo|Protect\n|move|p1a: Grimmsnarl|Fake Out|p2b: Talonflame\n|-activate|p2b: Talonflame|move: Protect\n|move|p1b: Dragapult|Phantom Force||[still]\n|-prepare|p1b: Dragapult|Phantom Force\n|\n|upkeep\n|turn|2\n|\n|t:|1682169336\n|move|p2b: Talonflame|Tailwind|p2b: Talonflame\n|-sidestart|p2: zamparo|move: Tailwind\n|move|p1a: Grimmsnarl|Swagger|p2b: Talonflame\n|-boost|p2b: Talonflame|atk|2\n|-enditem|p1b: Dragapult|Mirror Herb\n|-boost|p1b: Dragapult|atk|2|[from] item: Mirror Herb\n|-start|p2b: Talonflame|confusion\n|move|p2a: Gholdengo|Make It Rain|p1a: Grimmsnarl|[spread] p1a\n|-miss|p2a: Gholdengo|p1b: Dragapult\n|-supereffective|p1a: Grimmsnarl\n|-enditem|p1a: Grimmsnarl|Focus Sash\n|-damage|p1a: Grimmsnarl|1\/100\n|-unboost|p2a: Gholdengo|spa|1\n|-enditem|p2a: Gholdengo|White Herb\n|-clearnegativeboost|p2a: Gholdengo|[silent]\n|move|p1b: Dragapult|Phantom Force|p2a: Gholdengo|[from]lockedmove\n|-supereffective|p2a: Gholdengo\n|-damage|p2a: Gholdengo|0 fnt\n|faint|p2a: Gholdengo\n|\n|upkeep\n|\n|t:|1682169356\n|switch|p2a: Scizor|Scizor, L50, M|100\/100\n|turn|3\n|\n|t:|1682169374\n|switch|p2b: Great Tusk|Great Tusk, L50|100\/100\n|-enditem|p2b: Great Tusk|Booster Energy\n|-activate|p2b: Great Tusk|ability: Protosynthesis|[fromitem]\n|-start|p2b: Great Tusk|protosynthesisatk\n|move|p2a: Scizor|Bullet Punch|p1a: Grimmsnarl\n|-supereffective|p1a: Grimmsnarl\n|-damage|p1a: Grimmsnarl|0 fnt\n|faint|p1a: Grimmsnarl\n|move|p1b: Dragapult|Will-O-Wisp|p2a: Scizor\n|-status|p2a: Scizor|brn\n|\n|-damage|p2a: Scizor|94\/100 brn|[from] brn\n|upkeep\n|\n|t:|1682169395\n|switch|p1a: Ceruledge|Ceruledge, L50, M|100\/100\n|turn|4\n|inactive|BlindMagneton has 30 seconds left.\n|inactive|zamparo has 30 seconds left.\n|\n|t:|1682169429\n|-terastallize|p1a: Ceruledge|Grass\n|move|p2a: Scizor|Bullet Punch|p1b: Dragapult\n|-damage|p1b: Dragapult|78\/100\n|move|p2b: Great Tusk|Earthquake|p1a: Ceruledge|[spread] p2a,p1a,p1b\n|-resisted|p1a: Ceruledge\n|-damage|p2a: Scizor|40\/100 brn\n|-damage|p1a: Ceruledge|71\/100\n|-damage|p1b: Dragapult|2\/100\n|move|p1b: Dragapult|Acrobatics|p2b: Great Tusk\n|-supereffective|p2b: Great Tusk\n|-damage|p2b: Great Tusk|1\/100\n|move|p1a: Ceruledge|Bitter Blade|p2a: Scizor\n|-supereffective|p2a: Scizor\n|-damage|p2a: Scizor|0 fnt\n|-heal|p1a: Ceruledge|90\/100|[from] drain|[of] p2a: Scizor\n|faint|p2a: Scizor\n|\n|upkeep\n|\n|t:|1682169443\n|switch|p2a: Talonflame|Talonflame, L50, M|100\/100\n|turn|5\n|inactive|BlindMagneton has 30 seconds left.\n|\n|t:|1682169477\n|move|p2a: Talonflame|Brave Bird|p1b: Dragapult\n|-damage|p1b: Dragapult|0 fnt\n|faint|p1b: Dragapult\n|-damage|p2a: Talonflame|99\/100|[from] Recoil\n|move|p1a: Ceruledge|Shadow Sneak|p2b: Great Tusk\n|-damage|p2b: Great Tusk|0 fnt\n|faint|p2b: Great Tusk\n|-end|p2b: Great Tusk|Protosynthesis|[silent]\n|\n|-sideend|p2: zamparo|move: Tailwind\n|upkeep\n|\n|t:|1682169486\n|switch|p1b: Chien-Pao|Chien-Pao, L50|100\/100\n|-ability|p1b: Chien-Pao|Sword of Ruin\n|turn|6\n|inactive|BlindMagneton has 30 seconds left.\n|\n|t:|1682169513\n|move|p2a: Talonflame|Protect|p2a: Talonflame\n|-singleturn|p2a: Talonflame|Protect\n|move|p1a: Ceruledge|Shadow Sneak|p2a: Talonflame\n|-activate|p2a: Talonflame|move: Protect\n|move|p1b: Chien-Pao|Ice Spinner|p2a: Talonflame\n|-activate|p2a: Talonflame|move: Protect\n|\n|upkeep\n|turn|7\n|\n|t:|1682169525\n|move|p1b: Chien-Pao|Ice Spinner|p2a: Talonflame\n|-damage|p2a: Talonflame|0 fnt\n|faint|p2a: Talonflame\n|-damage|p1b: Chien-Pao|91\/100|[from] item: Life Orb\n|\n|win|BlindMagneton\n|raw|BlindMagneton's rating: 1344 → 1364<\/strong> (+20 for winning)\n|raw|zamparo's rating: 1338 → 1318<\/strong> (-20 for losing)\n|l|\u2606zamparo\n","uploadtime":1682169534,"views":13,"p1id":"blindmagneton","p2id":"zamparo","formatid":"gen9vgc2023regulationc","rating":1318,"private":0,"password":""}