{"id":"gen9vgc2023regulationc-1857620277","p1":"Budgettfrog","p2":"Ytterby","format":"[Gen 9] VGC 2023 Regulation C","log":"|j|\u2606Budgettfrog\n|j|\u2606Ytterby\n|t:|1683213639\n|gametype|doubles\n|player|p1|Budgettfrog|colress|1080\n|player|p2|Ytterby|brycenman|1156\n|teamsize|p1|5\n|teamsize|p2|6\n|gen|9\n|tier|[Gen 9] VGC 2023 Regulation C\n|rated|\n|rule|Species Clause: Limit one of each Pok\u00e9mon\n|rule|Item Clause: Limit one of each item\n|clearpoke\n|poke|p1|Scovillain, L50, M|\n|poke|p1|Great Tusk, L50|\n|poke|p1|Torkoal, L50, F|\n|poke|p1|Dondozo, L50, M|\n|poke|p1|Lilligant, L50, F|\n|poke|p2|Flutter Mane, L50|\n|poke|p2|Arcanine, L50, F|\n|poke|p2|Torkoal, L50, M|\n|poke|p2|Chi-Yu, L50|\n|poke|p2|Murkrow, L50, M|\n|poke|p2|Great Tusk, L50|\n|teampreview|4\n|inactive|Battle timer is ON: inactive players will automatically lose when time's up. (requested by Budgettfrog)\n|inactive|Ytterby has 60 seconds left.\n|inactive|Ytterby has 30 seconds left.\n|\n|t:|1683213710\n|start\n|switch|p1a: Torkoal|Torkoal, L50, F|100\/100\n|switch|p1b: Scovillain|Scovillain, L50, M|100\/100\n|switch|p2a: Murkrow|Murkrow, L50, M|100\/100\n|switch|p2b: Chi-Yu|Chi-Yu, L50|100\/100\n|-ability|p2b: Chi-Yu|Beads of Ruin\n|-weather|SunnyDay|[from] ability: Drought|[of] p1a: Torkoal\n|turn|1\n|inactive|Ytterby has 30 seconds left.\n|\n|t:|1683213739\n|move|p2a: Murkrow|Tailwind|p2a: Murkrow\n|-sidestart|p2: Ytterby|move: Tailwind\n|move|p2b: Chi-Yu|Heat Wave|p1b: Scovillain|[spread] p1a,p1b\n|-resisted|p1a: Torkoal\n|-damage|p1a: Torkoal|45\/100\n|-damage|p1b: Scovillain|0 fnt\n|faint|p1b: Scovillain\n|move|p1a: Torkoal|Eruption|p2a: Murkrow|[spread] p2a,p2b\n|-resisted|p2b: Chi-Yu\n|-damage|p2a: Murkrow|62\/100\n|-damage|p2b: Chi-Yu|85\/100\n|\n|-weather|SunnyDay|[upkeep]\n|-heal|p1a: Torkoal|51\/100|[from] item: Leftovers\n|upkeep\n|\n|t:|1683213748\n|switch|p1b: Great Tusk|Great Tusk, L50|100\/100\n|-activate|p1b: Great Tusk|ability: Protosynthesis\n|-start|p1b: Great Tusk|protosynthesisatk\n|turn|2\n|\n|t:|1683213756\n|move|p1a: Torkoal|Helping Hand|p1b: Great Tusk\n|-singleturn|p1b: Great Tusk|Helping Hand|[of] p1a: Torkoal\n|move|p2b: Chi-Yu|Heat Wave|p1a: Torkoal|[spread] p1a,p1b\n|-resisted|p1a: Torkoal\n|-damage|p1a: Torkoal|0 fnt\n|-damage|p1b: Great Tusk|0 fnt\n|faint|p1a: Torkoal\n|faint|p1b: Great Tusk\n|-end|p1b: Great Tusk|Protosynthesis|[silent]\n|move|p2a: Murkrow|Icy Wind|p1: Torkoal|[notarget]\n|-fail|p2a: Murkrow\n|\n|-weather|SunnyDay|[upkeep]\n|upkeep\n|\n|t:|1683213765\n|switch|p1b: Dondozo|Dondozo, L50, M|100\/100\n|turn|3\n|\n|t:|1683213773\n|move|p1b: Dondozo|Protect|p1b: Dondozo\n|-singleturn|p1b: Dondozo|Protect\n|move|p2a: Murkrow|Thunder Wave|p1b: Dondozo\n|-activate|p1b: Dondozo|move: Protect\n|move|p2b: Chi-Yu|Heat Wave|p1b: Dondozo\n|-activate|p1b: Dondozo|move: Protect\n|\n|-weather|SunnyDay|[upkeep]\n|upkeep\n|turn|4\n|\n|t:|1683213787\n|move|p2a: Murkrow|Thunder Wave|p1b: Dondozo\n|-status|p1b: Dondozo|par\n|move|p2b: Chi-Yu|Heat Wave|p1b: Dondozo\n|-resisted|p1b: Dondozo\n|-damage|p1b: Dondozo|48\/100 par\n|cant|p1b: Dondozo|par\n|\n|-weather|SunnyDay|[upkeep]\n|-sideend|p2: Ytterby|move: Tailwind\n|upkeep\n|turn|5\n|\n|t:|1683213800\n|switch|p2a: AN|Arcanine, L50, F|100\/100\n|-ability|p2a: AN|Intimidate|boost\n|-unboost|p1b: Dondozo|atk|1\n|move|p2b: Chi-Yu|Heat Wave|p1b: Dondozo\n|-resisted|p1b: Dondozo\n|-damage|p1b: Dondozo|0 fnt\n|faint|p1b: Dondozo\n|\n|win|Ytterby\n|raw|Budgettfrog's rating: 1080 → 1063<\/strong> (-17 for losing)\n|raw|Ytterby's rating: 1156 → 1176<\/strong> (+20 for winning)\n","uploadtime":1683213805,"views":15,"p1id":"budgettfrog","p2id":"ytterby","formatid":"gen9vgc2023regulationc","rating":1063,"private":0,"password":""}