{"id":"gen9vgc2023regulationc-1855460086","p1":"NicoHaxVGC","p2":"ThiccestAppletun","format":"[Gen 9] VGC 2023 Regulation C","log":"|j|\u2606NicoHaxVGC\n|j|\u2606ThiccestAppletun\n|t:|1682953474\n|gametype|doubles\n|player|p1|NicoHaxVGC|red|1406\n|player|p2|ThiccestAppletun|266|1444\n|teamsize|p1|6\n|teamsize|p2|6\n|gen|9\n|tier|[Gen 9] VGC 2023 Regulation C\n|rated|\n|rule|Species Clause: Limit one of each Pok\u00e9mon\n|rule|Item Clause: Limit one of each item\n|clearpoke\n|poke|p1|Corviknight, L50, F|\n|poke|p1|Ting-Lu, L50|\n|poke|p1|Annihilape, L50, M|\n|poke|p1|Amoonguss, L50, F|\n|poke|p1|Iron Bundle, L50|\n|poke|p1|Flutter Mane, L50|\n|poke|p2|Amoonguss, L50, M|\n|poke|p2|Arcanine, L50, M|\n|poke|p2|Flutter Mane, L50|\n|poke|p2|Ting-Lu, L50|\n|poke|p2|Palafin, L50, M|\n|poke|p2|Baxcalibur, L50, F|\n|teampreview|4\n|inactive|Battle timer is ON: inactive players will automatically lose when time's up. (requested by NicoHaxVGC)\nNicoHaxVGC has agreed to open team sheets.\nThiccestAppletun has agreed to open team sheets.\n|inactive|NicoHaxVGC has 60 seconds left.\n|inactive|ThiccestAppletun has 60 seconds left.\n|inactive|ThiccestAppletun has 30 seconds left.\n|\n|t:|1682953539\n|start\n|switch|p1a: Cyborg|Iron Bundle, L50|100\/100\n|switch|p1b: Star fire|Flutter Mane, L50|100\/100\n|switch|p2a: Flutter Mane|Flutter Mane, L50|100\/100\n|switch|p2b: Palafin|Palafin, L50, M|100\/100\n|-enditem|p1a: Cyborg|Booster Energy\n|-activate|p1a: Cyborg|ability: Quark Drive|[fromitem]\n|-start|p1a: Cyborg|quarkdrivespe\n|-enditem|p2a: Flutter Mane|Booster Energy\n|-activate|p2a: Flutter Mane|ability: Protosynthesis|[fromitem]\n|-start|p2a: Flutter Mane|protosynthesisspa\n|turn|1\n|\n|t:|1682953559\n|detailschange|p2b: Palafin|Palafin-Hero, L50, M\n|switch|p2b: Amoonguss|Amoonguss, L50, M|100\/100\n|-terastallize|p2a: Flutter Mane|Fairy\n|-terastallize|p1b: Star fire|Fairy\n|move|p1a: Cyborg|Icy Wind|p2b: Amoonguss|[spread] p2a,p2b\n|-supereffective|p2b: Amoonguss\n|-damage|p2a: Flutter Mane|82\/100\n|-damage|p2b: Amoonguss|71\/100\n|-unboost|p2a: Flutter Mane|spe|1\n|-unboost|p2b: Amoonguss|spe|1\n|move|p1b: Star fire|Dazzling Gleam|p2a: Flutter Mane|[spread] p2a,p2b\n|-resisted|p2b: Amoonguss\n|-damage|p2a: Flutter Mane|25\/100\n|-damage|p2b: Amoonguss|44\/100\n|-enditem|p2b: Amoonguss|Sitrus Berry|[eat]\n|-heal|p2b: Amoonguss|69\/100|[from] item: Sitrus Berry\n|move|p2a: Flutter Mane|Moonblast|p1a: Cyborg\n|-damage|p1a: Cyborg|0 fnt\n|faint|p1a: Cyborg\n|-end|p1a: Cyborg|Quark Drive|[silent]\n|\n|upkeep\n|\n|t:|1682953579\n|switch|p1a: Raven|Corviknight, L50, F|100\/100\n|turn|2\n|\n|t:|1682953593\n|move|p2a: Flutter Mane|Protect|p2a: Flutter Mane\n|-singleturn|p2a: Flutter Mane|Protect\n|move|p1b: Star fire|Dazzling Gleam|p2a: Flutter Mane|[spread] p2b\n|-activate|p2a: Flutter Mane|move: Protect\n|-resisted|p2b: Amoonguss\n|-damage|p2b: Amoonguss|44\/100\n|move|p1a: Raven|Brave Bird|p2b: Amoonguss\n|-supereffective|p2b: Amoonguss\n|-damage|p2b: Amoonguss|0 fnt\n|faint|p2b: Amoonguss\n|-damage|p1a: Raven|85\/100|[from] Recoil\n|\n|upkeep\n|\n|t:|1682953602\n|switch|p2b: Palafin|Palafin-Hero, L50, M|100\/100\n|-activate|p2b: Palafin|ability: Zero to Hero\n|turn|3\n|inactive|NicoHaxVGC has 30 seconds left.\n|\n|t:|1682953628\n|move|p2b: Palafin|Jet Punch|p1b: Star fire\n|-damage|p1b: Star fire|17\/100\n|move|p1b: Star fire|Dazzling Gleam|p2b: Palafin|[spread] p2a,p2b\n|-damage|p2a: Flutter Mane|0 fnt\n|-damage|p2b: Palafin|41\/100\n|faint|p2a: Flutter Mane\n|-end|p2a: Flutter Mane|Protosynthesis|[silent]\n|move|p1a: Raven|Brave Bird|p2b: Palafin\n|-damage|p2b: Palafin|0 fnt\n|faint|p2b: Palafin\n|-damage|p1a: Raven|71\/100|[from] Recoil\n|\n|upkeep\n|\n|t:|1682953634\n|switch|p2b: Baxcalibur|Baxcalibur, L50, F|100\/100\n|turn|4\n|\n|t:|1682953652\n|-end|p1b: Star fire|Protosynthesis|[silent]\n|switch|p1b: Robin|Annihilape, L50, M|100\/100\n|move|p2b: Baxcalibur|Ice Shard|p1b: Robin\n|-damage|p1b: Robin|77\/100\n|move|p1a: Raven|Iron Head|p2b: Baxcalibur\n|-supereffective|p2b: Baxcalibur\n|-damage|p2b: Baxcalibur|52\/100\n|\n|-heal|p1b: Robin|83\/100|[from] item: Leftovers\n|upkeep\n|turn|5\n|-message|ThiccestAppletun forfeited.\n|\n|win|NicoHaxVGC\n|raw|NicoHaxVGC's rating: 1406 → 1428<\/strong> (+22 for winning)\n|raw|ThiccestAppletun's rating: 1444 → 1422<\/strong> (-22 for losing)\n","uploadtime":1682953662,"views":26,"p1id":"nicohaxvgc","p2id":"thiccestappletun","formatid":"gen9vgc2023regulationc","rating":1422,"private":0,"password":""}