{"id":"gen9vgc2023regulationc-1863402005","p1":"obo29","p2":"not mishmesh","format":"[Gen 9] VGC 2023 Regulation C","log":"|j|\u2606obo29\n|j|\u2606not mishmesh\n|t:|1684012394\n|gametype|doubles\n|player|p1|obo29|harlequin|\n|player|p2|not mishmesh|ninjaboy|\n|teamsize|p1|6\n|teamsize|p2|6\n|gen|9\n|tier|[Gen 9] VGC 2023 Regulation C\n|rule|Tera Type Preview: Tera Types are shown at Team Preview\n|rule|Species Clause: Limit one of each Pok\u00e9mon\n|rule|Item Clause: Limit one of each item\n|clearpoke\n|poke|p1|Ting-Lu, L50|\n|poke|p1|Amoonguss, L50, M|\n|poke|p1|Dondozo, L50, M|\n|poke|p1|Tatsugiri, L50, F|\n|poke|p1|Baxcalibur, L50, M|\n|poke|p1|Tauros-Paldea-Blaze, L50, M|\n|poke|p2|Vaporeon, L50, M|\n|poke|p2|Roaring Moon, L50|\n|poke|p2|Chi-Yu, L50|\n|poke|p2|Gholdengo, L50|\n|poke|p2|Breloom, L50, F|\n|poke|p2|Glimmora, L50, F|\n|teampreview|4\n|raw|obo29's Tera Types: \/ \/ \/ \/ \/ \n|raw|not mishmesh's Tera Types: \/ \/ \/ \/ \/ \n|c|\u2606not mishmesh|game 3\n|c|\u2606not mishmesh|gl\n|c|\u2606obo29|glhf\n|inactive|Battle timer is ON: inactive players will automatically lose when time's up. (requested by obo29)\n|\n|t:|1684012787\n|start\n|switch|p1a: Baxcalibur|Baxcalibur, L50, M|100\/100\n|switch|p1b: Tauros|Tauros-Paldea-Blaze, L50, M|100\/100\n|switch|p2a: Chi-Yu|Chi-Yu, L50|100\/100\n|switch|p2b: Breloom|Breloom, L50, F|100\/100\n|-ability|p2a: Chi-Yu|Beads of Ruin\n|-ability|p1b: Tauros|Intimidate|boost\n|-unboost|p2a: Chi-Yu|atk|1\n|-unboost|p2b: Breloom|atk|1\n|turn|1\n|inactive|obo29 has 30 seconds left.\n|inactive|obo29 has 20 seconds left.\n|inactive|not mishmesh has 30 seconds left.\n|inactive|obo29 has 15 seconds left.\n|inactive|obo29 has 10 seconds left.\n|\n|t:|1684012832\n|-terastallize|p2a: Chi-Yu|Fairy\n|move|p1b: Tauros|Protect|p1b: Tauros\n|-singleturn|p1b: Tauros|Protect\n|move|p2a: Chi-Yu|Tera Blast|p1a: Baxcalibur\n|-supereffective|p1a: Baxcalibur\n|-damage|p1a: Baxcalibur|0 fnt\n|faint|p1a: Baxcalibur\n|move|p2b: Breloom|Spore|p1b: Tauros\n|-activate|p1b: Tauros|move: Protect\n|\n|upkeep\n|c|\u2606obo29|w a tera psn\n|c|\u2606obo29|bax\n|c|\u2606obo29|wild\n|\n|t:|1684012851\n|switch|p1a: Amoonguss|Amoonguss, L50, M|100\/100\n|turn|2\n|\n|t:|1684012874\n|switch|p1b: Ting-Lu|Ting-Lu, L50|100\/100\n|-ability|p1b: Ting-Lu|Vessel of Ruin\n|-terastallize|p1a: Amoonguss|Fire\n|move|p2a: Chi-Yu|Heat Wave|p1a: Amoonguss|[spread] p1a,p1b\n|-resisted|p1a: Amoonguss\n|-damage|p1a: Amoonguss|81\/100\n|-damage|p1b: Ting-Lu|81\/100\n|-status|p1b: Ting-Lu|brn\n|move|p2b: Breloom|Spore||[still]\n|-fail|p2b: Breloom\n|move|p1a: Amoonguss|Sludge Bomb|p2a: Chi-Yu\n|-supereffective|p2a: Chi-Yu\n|-damage|p2a: Chi-Yu|30\/100\n|\n|-damage|p1b: Ting-Lu|75\/100 brn|[from] brn\n|upkeep\n|turn|3\n|c|\u2606not mishmesh|kinda read u reading me\n|j| revengers assemble\n|\n|t:|1684012899\n|move|p2a: Chi-Yu|Protect|p2a: Chi-Yu\n|-singleturn|p2a: Chi-Yu|Protect\n|move|p2b: Breloom|Spore|p1a: Amoonguss\n|-status|p1a: Amoonguss|slp|[from] move: Spore\n|move|p1b: Ting-Lu|Fissure|p2b: Breloom|[miss]\n|-miss|p1b: Ting-Lu|p2b: Breloom\n|cant|p1a: Amoonguss|slp\n|\n|-damage|p1b: Ting-Lu|69\/100 brn|[from] brn\n|upkeep\n|turn|4\n|\n|t:|1684012922\n|switch|p2b: Vaporeon|Vaporeon, L50, M|100\/100\n|move|p2a: Chi-Yu|Tera Blast|p1b: Ting-Lu\n|-supereffective|p1b: Ting-Lu\n|-damage|p1b: Ting-Lu|20\/100 brn\n|move|p1b: Ting-Lu|Fissure|p2a: Chi-Yu|[miss]\n|-miss|p1b: Ting-Lu|p2a: Chi-Yu\n|cant|p1a: Amoonguss|slp\n|\n|-damage|p1b: Ting-Lu|14\/100 brn|[from] brn\n|upkeep\n|turn|5\n|\n|t:|1684012945\n|move|p2a: Chi-Yu|Tera Blast|p1b: Ting-Lu\n|-supereffective|p1b: Ting-Lu\n|-damage|p1b: Ting-Lu|0 fnt\n|faint|p1b: Ting-Lu\n|move|p2b: Vaporeon|Muddy Water|p1a: Amoonguss\n|-supereffective|p1a: Amoonguss\n|-damage|p1a: Amoonguss|0 fnt\n|faint|p1a: Amoonguss\n|\n|upkeep\n|\n|t:|1684012955\n|switch|p1a: Tauros|Tauros-Paldea-Blaze, L50, M|100\/100\n|-ability|p1a: Tauros|Intimidate|boost\n|-unboost|p2a: Chi-Yu|atk|1\n|-unboost|p2b: Vaporeon|atk|1\n|turn|6\n|c|\u2606obo29|u got replays g\n|\n|t:|1684012964\n|move|p2a: Chi-Yu|Tera Blast|p1a: Tauros\n|-damage|p1a: Tauros|47\/100\n|move|p1a: Tauros|Close Combat|p2a: Chi-Yu\n|-resisted|p2a: Chi-Yu\n|-damage|p2a: Chi-Yu|0 fnt\n|-unboost|p1a: Tauros|def|1\n|-unboost|p1a: Tauros|spd|1\n|faint|p2a: Chi-Yu\n|move|p2b: Vaporeon|Muddy Water|p1a: Tauros\n|-supereffective|p1a: Tauros\n|-damage|p1a: Tauros|0 fnt\n|faint|p1a: Tauros\n|\n|win|not mishmesh\n|c|\u2606not mishmesh|yea bro\n|c|\u2606obo29|ggs\n|c|\u2606not mishmesh|gg\n|l|\u2606obo29\n|c|\u2606not mishmesh|this were fun\n","uploadtime":1684013068,"views":12,"p1id":"obo29","p2id":"notmishmesh","formatid":"gen9vgc2023regulationc","rating":0,"private":0,"password":""}