{"id":"gen9vgc2023regulationc-1849320517","p1":"Dragonfly424","p2":"Monachrome","format":"[Gen 9] VGC 2023 Regulation C","log":"|j|\u2606Dragonfly424\n|j|\u2606Monachrome\n|t:|1682185551\n|gametype|doubles\n|player|p1|Dragonfly424|roxie|1326\n|player|p2|Monachrome|ingo|1349\n|teamsize|p1|6\n|teamsize|p2|6\n|gen|9\n|tier|[Gen 9] VGC 2023 Regulation C\n|rated|\n|rule|Species Clause: Limit one of each Pok\u00e9mon\n|rule|Item Clause: Limit one of each item\n|clearpoke\n|poke|p1|Talonflame, L50, F|\n|poke|p1|Garchomp, L50, F|\n|poke|p1|Amoonguss, L50, F|\n|poke|p1|Gholdengo, L50|\n|poke|p1|Chien-Pao, L50|\n|poke|p1|Flutter Mane, L50|\n|poke|p2|Torkoal, L50, M|\n|poke|p2|Lilligant, L50, F|\n|poke|p2|Great Tusk, L50|\n|poke|p2|Murkrow, L50, F|\n|poke|p2|Flutter Mane, L50|\n|poke|p2|Chi-Yu, L50|\n|teampreview|4\nMonachrome has agreed to open team sheets.\n|j| christianfinity\nDragonfly424 rejected open team sheets.\n|inactive|Battle timer is ON: inactive players will automatically lose when time's up. (requested by Monachrome)\n|\n|t:|1682185605\n|start\n|switch|p1a: Talonflame|Talonflame, L50, F|100\/100\n|switch|p1b: Garchomp|Garchomp, L50, F|100\/100\n|switch|p2a: The bad doctor|Murkrow, L50, F|100\/100\n|switch|p2b: Mutter Flane|Flutter Mane, L50|100\/100\n|turn|1\n|inactive|Dragonfly424 has 30 seconds left.\n|inactive|Dragonfly424 has 20 seconds left.\n|inactive|Dragonfly424 has 15 seconds left.\n|\n|t:|1682185646\n|-terastallize|p1b: Garchomp|Ground\n|move|p1a: Talonflame|Brave Bird|p2b: Mutter Flane\n|-damage|p2b: Mutter Flane|24\/100\n|-damage|p1a: Talonflame|82\/100|[from] Recoil\n|move|p2a: The bad doctor|Tailwind|p2a: The bad doctor\n|-sidestart|p2: Monachrome|move: Tailwind\n|move|p2b: Mutter Flane|Icy Wind|p1b: Garchomp|[spread] p1a,p1b\n|-supereffective|p1b: Garchomp\n|-damage|p1a: Talonflame|60\/100\n|-damage|p1b: Garchomp|63\/100\n|-unboost|p1b: Garchomp|spe|1\n|move|p1b: Garchomp|Earthquake|p2b: Mutter Flane|[spread] p2b\n|-immune|p1a: Talonflame\n|-immune|p2a: The bad doctor\n|-damage|p2b: Mutter Flane|0 fnt\n|faint|p2b: Mutter Flane\n|-end|p2b: Mutter Flane|Protosynthesis|[silent]\n|-damage|p1b: Garchomp|53\/100|[from] item: Life Orb\n|\n|upkeep\n|\n|t:|1682185656\n|switch|p2b: Snackfish|Chi-Yu, L50|100\/100\n|-ability|p2b: Snackfish|Beads of Ruin\n|turn|2\n|\n|t:|1682185674\n|-terastallize|p2b: Snackfish|Fire\n|move|p1b: Garchomp|Protect|p1b: Garchomp\n|-singleturn|p1b: Garchomp|Protect\n|move|p2a: The bad doctor|Sunny Day|p2a: The bad doctor\n|-weather|SunnyDay\n|move|p2b: Snackfish|Heat Wave|p1b: Garchomp|[spread] p1a\n|-activate|p1b: Garchomp|move: Protect\n|-resisted|p1a: Talonflame\n|-damage|p1a: Talonflame|0 fnt\n|faint|p1a: Talonflame\n|\n|-weather|SunnyDay|[upkeep]\n|upkeep\n|inactive|Dragonfly424 has 30 seconds left.\n|inactive|Dragonfly424 has 20 seconds left.\n|\n|t:|1682185713\n|switch|p1a: Chien-Pao|Chien-Pao, L50|100\/100\n|-ability|p1a: Chien-Pao|Sword of Ruin\n|turn|3\n|\n|t:|1682185727\n|switch|p2a: Manny|Great Tusk, L50|100\/100\n|-activate|p2a: Manny|ability: Protosynthesis\n|-start|p2a: Manny|protosynthesisatk\n|move|p1a: Chien-Pao|Sucker Punch|p2b: Snackfish\n|-damage|p2b: Snackfish|26\/100\n|move|p2b: Snackfish|Heat Wave|p1b: Garchomp|[spread] p1a,p1b\n|-supereffective|p1a: Chien-Pao\n|-enditem|p1a: Chien-Pao|Focus Sash\n|-damage|p1a: Chien-Pao|1\/100\n|-damage|p1b: Garchomp|0 fnt\n|faint|p1b: Garchomp\n|\n|-weather|SunnyDay|[upkeep]\n|upkeep\n|\n|t:|1682185738\n|switch|p1b: Amoonguss|Amoonguss, L50, F|100\/100\n|turn|4\n|\n|t:|1682185750\n|switch|p2b: The bad doctor|Murkrow, L50, F|100\/100\n|move|p1a: Chien-Pao|Protect|p1a: Chien-Pao\n|-singleturn|p1a: Chien-Pao|Protect\n|move|p2a: Manny|Earthquake|p1a: Chien-Pao|[spread] p1b\n|-activate|p1a: Chien-Pao|move: Protect\n|-immune|p2b: The bad doctor\n|-damage|p1b: Amoonguss|39\/100\n|move|p1b: Amoonguss|Spore|p2a: Manny\n|-status|p2a: Manny|slp|[from] move: Spore\n|\n|-weather|SunnyDay|[upkeep]\n|-sideend|p2: Monachrome|move: Tailwind\n|upkeep\n|turn|5\n|inactive|Dragonfly424 has 30 seconds left.\n|inactive|Dragonfly424 has 20 seconds left.\n|inactive|Dragonfly424 has 15 seconds left.\n|inactive|Dragonfly424 has 10 seconds left.\n|\n|t:|1682185796\n|move|p2b: The bad doctor|Tailwind|p2b: The bad doctor\n|-sidestart|p2: Monachrome|move: Tailwind\n|cant|p2a: Manny|slp\n|move|p1a: Chien-Pao|Ice Spinner|p2b: The bad doctor\n|-supereffective|p2b: The bad doctor\n|-damage|p2b: The bad doctor|0 fnt\n|faint|p2b: The bad doctor\n|move|p1b: Amoonguss|Pollen Puff|p1a: Chien-Pao\n|-heal|p1a: Chien-Pao|51\/100\n|\n|-weather|SunnyDay|[upkeep]\n|upkeep\n|\n|t:|1682185804\n|switch|p2b: Snackfish|Chi-Yu, L50, tera:Fire|26\/100\n|-ability|p2b: Snackfish|Beads of Ruin\n|turn|6\n|inactive|Dragonfly424 has 30 seconds left.\n|\n|t:|1682185831\n|move|p1a: Chien-Pao|Sucker Punch|p2b: Snackfish\n|-damage|p2b: Snackfish|0 fnt\n|faint|p2b: Snackfish\n|cant|p2a: Manny|slp\n|move|p1b: Amoonguss|Pollen Puff|p1a: Chien-Pao\n|-heal|p1a: Chien-Pao|100\/100\n|\n|-weather|none\n|-end|p2a: Manny|Protosynthesis\n|upkeep\n|turn|7\n|\n|t:|1682185846\n|-curestatus|p2a: Manny|slp|[msg]\n|move|p2a: Manny|Earthquake|p1a: Chien-Pao|[spread] p1a,p1b\n|-damage|p1a: Chien-Pao|45\/100\n|-damage|p1b: Amoonguss|0 fnt\n|faint|p1b: Amoonguss\n|move|p1a: Chien-Pao|Ice Spinner|p2a: Manny\n|-supereffective|p2a: Manny\n|-damage|p2a: Manny|33\/100\n|\n|upkeep\n|turn|8\n|\n|t:|1682185855\n|move|p1a: Chien-Pao|Protect|p1a: Chien-Pao\n|-singleturn|p1a: Chien-Pao|Protect\n|move|p2a: Manny|Earthquake|p1a: Chien-Pao\n|-activate|p1a: Chien-Pao|move: Protect\n|\n|-sideend|p2: Monachrome|move: Tailwind\n|upkeep\n|turn|9\n|\n|t:|1682185862\n|move|p1a: Chien-Pao|Ice Spinner|p2a: Manny\n|-supereffective|p2a: Manny\n|-damage|p2a: Manny|0 fnt\n|faint|p2a: Manny\n|-end|p2a: Manny|Protosynthesis|[silent]\n|\n|win|Dragonfly424\n|raw|Dragonfly424's rating: 1326 → 1347<\/strong> (+21 for winning)\n|raw|Monachrome's rating: 1349 → 1328<\/strong> (-21 for losing)\n|c|\u2606Dragonfly424|gg\n|c|\u2606Monachrome|gg\n|l|\u2606Monachrome\n","uploadtime":1682185879,"views":7,"p1id":"dragonfly424","p2id":"monachrome","formatid":"gen9vgc2023regulationc","rating":1328,"private":0,"password":""}