{"id":"gen9vgc2023regulationc-1846826947","p1":"haha u rage quit","p2":"FeerAAAJ","format":"[Gen 9] VGC 2023 Regulation C","log":"|j|\u2606haha u rage quit\n|j|\u2606FeerAAAJ\n|t:|1681886346\n|gametype|doubles\n|player|p1|haha u rage quit|pokemaniac|1077\n|player|p2|FeerAAAJ|266|1022\n|teamsize|p1|6\n|teamsize|p2|6\n|gen|9\n|tier|[Gen 9] VGC 2023 Regulation C\n|rated|\n|rule|Species Clause: Limit one of each Pok\u00e9mon\n|rule|Item Clause: Limit one of each item\n|clearpoke\n|poke|p1|Amoonguss, L50, M|\n|poke|p1|Flutter Mane, L50|\n|poke|p1|Arcanine, L50, M|\n|poke|p1|Iron Bundle, L50|\n|poke|p1|Baxcalibur, L50, M|\n|poke|p1|Palafin, L50, M|\n|poke|p2|Amoonguss, L50, F|\n|poke|p2|Tyranitar, L50, F|\n|poke|p2|Corviknight, L50, M|\n|poke|p2|Dragonite, L50, F|\n|poke|p2|Gastrodon, L50, M|\n|poke|p2|Raichu, L50, M|\n|teampreview|4\nFeerAAAJ has agreed to open team sheets.\n|\n|t:|1681886392\n|start\n|switch|p1a: Arcanine|Arcanine, L50, M|100\/100\n|switch|p1b: Baxcalibur|Baxcalibur, L50, M|100\/100\n|switch|p2a: Corviknight|Corviknight, L50, M|100\/100\n|switch|p2b: Tyranitar|Tyranitar, L50, F|100\/100\n|-ability|p1a: Arcanine|Intimidate|boost\n|-unboost|p2a: Corviknight|atk|1\n|-unboost|p2b: Tyranitar|atk|1\n|-weather|Sandstorm|[from] ability: Sand Stream|[of] p2b: Tyranitar\n|-ability|p2a: Corviknight|Pressure\n|turn|1\n|\n|t:|1681886416\n|-terastallize|p1b: Baxcalibur|Grass\n|move|p1a: Arcanine|Flare Blitz|p2a: Corviknight\n|-supereffective|p2a: Corviknight\n|-damage|p2a: Corviknight|20\/100\n|-damage|p1a: Arcanine|71\/100|[from] Recoil\n|move|p1b: Baxcalibur|Icicle Spear|p2a: Corviknight\n|-crit|p2a: Corviknight\n|-damage|p2a: Corviknight|2\/100\n|-damage|p2a: Corviknight|0 fnt\n|faint|p2a: Corviknight\n|-hitcount|p2: Corviknight|2\n|move|p2b: Tyranitar|Earthquake|p1b: Baxcalibur|[spread] p1a,p1b\n|-supereffective|p1a: Arcanine\n|-resisted|p1b: Baxcalibur\n|-damage|p1a: Arcanine|18\/100\n|-damage|p1b: Baxcalibur|92\/100\n|-enditem|p1a: Arcanine|Aguav Berry|[eat]\n|-heal|p1a: Arcanine|51\/100|[from] item: Aguav Berry\n|\n|-weather|Sandstorm|[upkeep]\n|-damage|p1a: Arcanine|45\/100|[from] Sandstorm\n|-damage|p1b: Baxcalibur|86\/100|[from] Sandstorm\n|upkeep\n|\n|t:|1681886435\n|switch|p2a: Dragonite|Dragonite, L50, F|100\/100\n|turn|2\n|\n|t:|1681886445\n|move|p1b: Baxcalibur|Protect|p1b: Baxcalibur\n|-singleturn|p1b: Baxcalibur|Protect\n|move|p1a: Arcanine|Extreme Speed|p2a: Dragonite\n|-damage|p2a: Dragonite|88\/100\n|move|p2a: Dragonite|Dragon Dance|p2a: Dragonite\n|-boost|p2a: Dragonite|atk|1\n|-boost|p2a: Dragonite|spe|1\n|move|p2b: Tyranitar|Earthquake|p1b: Baxcalibur|[spread] p1a\n|-activate|p1b: Baxcalibur|move: Protect\n|-immune|p2a: Dragonite\n|-supereffective|p1a: Arcanine\n|-damage|p1a: Arcanine|0 fnt\n|faint|p1a: Arcanine\n|\n|-weather|Sandstorm|[upkeep]\n|-damage|p2a: Dragonite|82\/100|[from] Sandstorm\n|-damage|p1b: Baxcalibur|80\/100|[from] Sandstorm\n|upkeep\n|\n|t:|1681886463\n|switch|p1a: Iron Bundle|Iron Bundle, L50, shiny|100\/100\n|turn|3\n|\n|t:|1681886483\n|move|p2a: Dragonite|Extreme Speed|p1a: Iron Bundle\n|-damage|p1a: Iron Bundle|41\/100\n|move|p1a: Iron Bundle|Icy Wind|p2a: Dragonite|[spread] p2a,p2b\n|-supereffective|p2a: Dragonite\n|-damage|p2a: Dragonite|0 fnt\n|-damage|p2b: Tyranitar|91\/100\n|-unboost|p2b: Tyranitar|spe|1\n|faint|p2a: Dragonite\n|move|p1b: Baxcalibur|Icicle Spear|p2b: Tyranitar\n|-damage|p2b: Tyranitar|77\/100\n|-damage|p2b: Tyranitar|63\/100\n|-hitcount|p2b: Tyranitar|2\n|move|p2b: Tyranitar|Earthquake|p1b: Baxcalibur|[spread] p1a,p1b\n|-resisted|p1b: Baxcalibur\n|-damage|p1a: Iron Bundle|19\/100\n|-damage|p1b: Baxcalibur|73\/100\n|\n|-weather|Sandstorm|[upkeep]\n|-damage|p1a: Iron Bundle|13\/100|[from] Sandstorm\n|-damage|p1b: Baxcalibur|67\/100|[from] Sandstorm\n|upkeep\n|\n|t:|1681886500\n|switch|p2a: Raichu|Raichu, L50, M, shiny|100\/100\n|turn|4\n|\n|t:|1681886522\n|-terastallize|p2a: Raichu|Flying\n|move|p1a: Iron Bundle|Protect|p1a: Iron Bundle\n|-singleturn|p1a: Iron Bundle|Protect\n|move|p1b: Baxcalibur|Protect|p1b: Baxcalibur\n|-singleturn|p1b: Baxcalibur|Protect\n|move|p2a: Raichu|Fake Out|p1a: Iron Bundle\n|-activate|p1a: Iron Bundle|move: Protect\n|move|p2b: Tyranitar|Earthquake|p1a: Iron Bundle|[spread] \n|-activate|p1a: Iron Bundle|move: Protect\n|-activate|p1b: Baxcalibur|move: Protect\n|-immune|p2a: Raichu\n|\n|-weather|Sandstorm|[upkeep]\n|-damage|p1a: Iron Bundle|7\/100|[from] Sandstorm\n|-damage|p2a: Raichu|95\/100|[from] Sandstorm\n|-damage|p1b: Baxcalibur|61\/100|[from] Sandstorm\n|upkeep\n|turn|5\n|\n|t:|1681886547\n|move|p1a: Iron Bundle|Icy Wind|p2b: Tyranitar|[spread] p2a,p2b\n|-supereffective|p2a: Raichu\n|-damage|p2a: Raichu|37\/100\n|-damage|p2b: Tyranitar|54\/100\n|-unboost|p2a: Raichu|spe|1\n|-unboost|p2b: Tyranitar|spe|1\n|-enditem|p2a: Raichu|Red Card|[of] p1a: Iron Bundle\n|-end|p1a: Iron Bundle|Quark Drive|[silent]\n|drag|p1a: Flutter Mane|Flutter Mane, L50|100\/100\n|-enditem|p1a: Flutter Mane|Booster Energy\n|-activate|p1a: Flutter Mane|ability: Protosynthesis|[fromitem]\n|-start|p1a: Flutter Mane|protosynthesisspe\n|move|p1b: Baxcalibur|Icicle Spear|p2a: Raichu\n|-supereffective|p2a: Raichu\n|-damage|p2a: Raichu|0 fnt\n|faint|p2a: Raichu\n|-hitcount|p2: Raichu|1\n|move|p2b: Tyranitar|Earthquake|p1a: Flutter Mane|[spread] p1a,p1b\n|-resisted|p1b: Baxcalibur\n|-damage|p1a: Flutter Mane|62\/100\n|-damage|p1b: Baxcalibur|53\/100\n|\n|-weather|none\n|upkeep\n|turn|6\n|\n|t:|1681886564\n|move|p1a: Flutter Mane|Moonblast|p2b: Tyranitar\n|-supereffective|p2b: Tyranitar\n|-damage|p2b: Tyranitar|0 fnt\n|faint|p2b: Tyranitar\n|\n|win|haha u rage quit\n|raw|haha u rage quit's rating: 1077 → 1101<\/strong> (+24 for winning)\n|raw|FeerAAAJ's rating: 1022 → 1011<\/strong> (-11 for losing)\n|l|\u2606FeerAAAJ\n","uploadtime":1681886619,"views":11,"p1id":"hahauragequit","p2id":"feeraaaj","formatid":"gen9vgc2023regulationc","rating":1011,"private":0,"password":""}