{"id":"gen9vgc2023regulationc-1860027721","p1":"vbxsvbxsd","p2":"vvegs","format":"[Gen 9] VGC 2023 Regulation C","log":"|j|\u2606vbxsvbxsd\n|j|\u2606vvegs\n|t:|1683586753\n|gametype|doubles\n|player|p1|vbxsvbxsd|lucas|1000\n|player|p2|vvegs|hiker-gen4|1000\n|teamsize|p1|5\n|teamsize|p2|6\n|gen|9\n|tier|[Gen 9] VGC 2023 Regulation C\n|rated|\n|rule|Species Clause: Limit one of each Pok\u00e9mon\n|rule|Item Clause: Limit one of each item\n|clearpoke\n|poke|p1|Wo-Chien, L50|\n|poke|p1|Slither Wing, L50|\n|poke|p1|Crocalor, L50, F|\n|poke|p1|Dragalge, L50, M|\n|poke|p1|Clodsire, L50, F|\n|poke|p2|Klefki, L50, F|\n|poke|p2|Gastrodon-East, L50, M|\n|poke|p2|Raichu, L50, M|\n|poke|p2|Mismagius, L50, F|\n|poke|p2|Flapple, L50, M|\n|poke|p2|Rotom-Wash, L50|\n|teampreview|4\n|inactive|Battle timer is ON: inactive players will automatically lose when time's up. (requested by vvegs)\n|\n|t:|1683586776\n|start\n|switch|p1a: Slither Wing|Slither Wing, L50|100\/100\n|switch|p1b: Dragalge|Dragalge, L50, M|100\/100\n|switch|p2a: Raichu|Raichu, L50, M, shiny|100\/100\n|switch|p2b: Gastrodon|Gastrodon-East, L50, M, shiny|100\/100\n|turn|1\n|\n|t:|1683586800\n|move|p2a: Raichu|Fake Out|p1a: Slither Wing\n|-damage|p1a: Slither Wing|84\/100\n|cant|p1a: Slither Wing|flinch\n|move|p1b: Dragalge|Double Team|p1b: Dragalge\n|-boost|p1b: Dragalge|evasion|1\n|move|p2b: Gastrodon|Yawn|p1b: Dragalge\n|-start|p1b: Dragalge|move: Yawn|[of] p2b: Gastrodon\n|\n|upkeep\n|turn|2\n|\n|t:|1683586817\n|move|p1a: Slither Wing|U-turn|p2a: Raichu\n|-damage|p2a: Raichu|15\/100\n|\n|t:|1683586824\n|-end|p1a: Slither Wing|Protosynthesis|[silent]\n|switch|p1a: Wo-Chien|Wo-Chien, L50|100\/100|[from] U-turn\n|-ability|p1a: Wo-Chien|Tablets of Ruin\n|move|p2a: Raichu|Nuzzle|p1a: Wo-Chien\n|-resisted|p1a: Wo-Chien\n|-damage|p1a: Wo-Chien|97\/100\n|-status|p1a: Wo-Chien|par\n|move|p1b: Dragalge|Double Team|p1b: Dragalge\n|-boost|p1b: Dragalge|evasion|1\n|move|p2b: Gastrodon|Earth Power|p1b: Dragalge|[miss]\n|-miss|p2b: Gastrodon|p1b: Dragalge\n|\n|-heal|p1a: Wo-Chien|100\/100 par|[from] item: Leftovers\n|-end|p1b: Dragalge|move: Yawn|[silent]\n|-status|p1b: Dragalge|slp\n|upkeep\n|turn|3\n|inactive|vbxsvbxsd has 30 seconds left.\n|\n|t:|1683586849\n|-terastallize|p2b: Gastrodon|Poison\n|move|p2a: Raichu|Fake Tears|p1a: Wo-Chien\n|-unboost|p1a: Wo-Chien|spd|2\n|cant|p1b: Dragalge|slp\n|move|p2b: Gastrodon|Sludge Bomb|p1a: Wo-Chien\n|-supereffective|p1a: Wo-Chien\n|-damage|p1a: Wo-Chien|35\/100 par\n|cant|p1a: Wo-Chien|par\n|\n|-heal|p1a: Wo-Chien|41\/100 par|[from] item: Leftovers\n|upkeep\n|turn|4\n|\n|t:|1683586864\n|-terastallize|p1a: Wo-Chien|Water\n|move|p2a: Raichu|Fake Tears|p1b: Dragalge|[miss]\n|-miss|p2a: Raichu|p1b: Dragalge\n|cant|p1b: Dragalge|slp\n|move|p2b: Gastrodon|Sludge Bomb|p1a: Wo-Chien\n|-damage|p1a: Wo-Chien|9\/100 par\n|move|p1a: Wo-Chien|Leech Seed|p2b: Gastrodon\n|-start|p2b: Gastrodon|move: Leech Seed\n|\n|-heal|p1a: Wo-Chien|16\/100 par|[from] item: Leftovers\n|-damage|p2b: Gastrodon|88\/100|[from] Leech Seed|[of] p1a: Wo-Chien\n|-heal|p1a: Wo-Chien|30\/100 par|[silent]\n|upkeep\n|turn|5\n|\n|t:|1683586878\n|switch|p2b: Isaac|Flapple, L50, M, shiny|100\/100\n|move|p1a: Wo-Chien|Protect|p1a: Wo-Chien\n|-singleturn|p1a: Wo-Chien|Protect\n|move|p2a: Raichu|Thunderbolt|p1a: Wo-Chien\n|-activate|p1a: Wo-Chien|move: Protect\n|-curestatus|p1b: Dragalge|slp|[msg]\n|move|p1b: Dragalge|Double Team|p1b: Dragalge\n|-boost|p1b: Dragalge|evasion|1\n|\n|-heal|p1a: Wo-Chien|36\/100 par|[from] item: Leftovers\n|upkeep\n|turn|6\n|\n|t:|1683586901\n|switch|p1a: Crocalor|Crocalor, L50, F|100\/100\n|move|p2b: Isaac|Dragon Rush|p1b: Dragalge|[miss]\n|-miss|p2b: Isaac|p1b: Dragalge\n|move|p2a: Raichu|Thunderbolt|p1a: Crocalor\n|-damage|p1a: Crocalor|78\/100\n|-status|p1a: Crocalor|par\n|move|p1b: Dragalge|Sludge Bomb|p2b: Isaac\n|-supereffective|p2b: Isaac\n|-damage|p2b: Isaac|0 fnt\n|faint|p2b: Isaac\n|\n|upkeep\n|\n|t:|1683586915\n|switch|p2b: Gastrodon|Gastrodon-East, L50, M, shiny, tera:Poison|88\/100\n|turn|7\n|\n|t:|1683586929\n|move|p1b: Dragalge|Protect|p1b: Dragalge\n|-singleturn|p1b: Dragalge|Protect\n|move|p2a: Raichu|Fake Tears|p1b: Dragalge\n|-activate|p1b: Dragalge|move: Protect\n|move|p2b: Gastrodon|Earth Power|p1b: Dragalge\n|-activate|p1b: Dragalge|move: Protect\n|cant|p1a: Crocalor|par\n|\n|upkeep\n|turn|8\n|\n|t:|1683586947\n|move|p2a: Raichu|Fake Tears|p1a: Crocalor\n|-unboost|p1a: Crocalor|spd|2\n|move|p1b: Dragalge|Double Team|p1b: Dragalge\n|-boost|p1b: Dragalge|evasion|1\n|move|p2b: Gastrodon|Earth Power|p1a: Crocalor\n|-supereffective|p1a: Crocalor\n|-damage|p1a: Crocalor|2\/100 par\n|move|p1a: Crocalor|Flamethrower|p2a: Raichu\n|-damage|p2a: Raichu|0 fnt\n|faint|p2a: Raichu\n|\n|upkeep\n|\n|t:|1683586957\n|switch|p2a: Mismagius|Mismagius, L50, F|100\/100\n|turn|9\n|\n|t:|1683586966\n|move|p1a: Crocalor|Helping Hand|p1b: Dragalge\n|-singleturn|p1b: Dragalge|Helping Hand|[of] p1a: Crocalor\n|move|p2a: Mismagius|Dazzling Gleam|p1a: Crocalor|[spread] p1a\n|-miss|p2a: Mismagius|p1b: Dragalge\n|-resisted|p1a: Crocalor\n|-damage|p1a: Crocalor|0 fnt\n|faint|p1a: Crocalor\n|move|p1b: Dragalge|Sludge Bomb|p2a: Mismagius\n|-resisted|p2a: Mismagius\n|-damage|p2a: Mismagius|72\/100\n|move|p2b: Gastrodon|Earth Power|p1b: Dragalge\n|-supereffective|p1b: Dragalge\n|-crit|p1b: Dragalge\n|-damage|p1b: Dragalge|37\/100\n|\n|upkeep\n|\n|t:|1683586979\n|switch|p1a: Slither Wing|Slither Wing, L50|84\/100\n|turn|10\n|inactive|vbxsvbxsd has 30 seconds left.\n|\n|t:|1683587008\n|move|p1a: Slither Wing|Leech Life|p2a: Mismagius\n|-resisted|p2a: Mismagius\n|-damage|p2a: Mismagius|29\/100\n|-heal|p1a: Slither Wing|100\/100|[from] drain|[of] p2a: Mismagius\n|move|p2a: Mismagius|Dazzling Gleam|p1a: Slither Wing|[spread] p1a\n|-miss|p2a: Mismagius|p1b: Dragalge\n|-supereffective|p1a: Slither Wing\n|-damage|p1a: Slither Wing|63\/100\n|move|p1b: Dragalge|Sludge Bomb|p2a: Mismagius\n|-resisted|p2a: Mismagius\n|-damage|p2a: Mismagius|12\/100\n|move|p2b: Gastrodon|Earth Power|p1b: Dragalge\n|-supereffective|p1b: Dragalge\n|-damage|p1b: Dragalge|0 fnt\n|faint|p1b: Dragalge\n|\n|upkeep\n|\n|t:|1683587020\n|switch|p1b: Wo-Chien|Wo-Chien, L50, tera:Water|36\/100 par\n|-ability|p1b: Wo-Chien|Tablets of Ruin\n|turn|11\n|\n|t:|1683587030\n|move|p1b: Wo-Chien|Protect|p1b: Wo-Chien\n|-singleturn|p1b: Wo-Chien|Protect\n|move|p1a: Slither Wing|Leech Life|p2a: Mismagius\n|-resisted|p2a: Mismagius\n|-damage|p2a: Mismagius|0 fnt\n|-heal|p1a: Slither Wing|68\/100|[from] drain|[of] p2a: Mismagius\n|faint|p2a: Mismagius\n|move|p2b: Gastrodon|Yawn|p1a: Slither Wing\n|-start|p1a: Slither Wing|move: Yawn|[of] p2b: Gastrodon\n|\n|-heal|p1b: Wo-Chien|42\/100 par|[from] item: Leftovers\n|upkeep\n|turn|12\n|\n|t:|1683587043\n|move|p2b: Gastrodon|Protect|p2b: Gastrodon\n|-singleturn|p2b: Gastrodon|Protect\n|move|p1a: Slither Wing|Leech Life|p2b: Gastrodon\n|-activate|p2b: Gastrodon|move: Protect\n|cant|p1b: Wo-Chien|par\n|\n|-heal|p1b: Wo-Chien|48\/100 par|[from] item: Leftovers\n|-end|p1a: Slither Wing|move: Yawn|[silent]\n|-status|p1a: Slither Wing|slp\n|upkeep\n|turn|13\n|\n|t:|1683587057\n|cant|p1a: Slither Wing|slp\n|move|p2b: Gastrodon|Earth Power|p1b: Wo-Chien\n|-damage|p1b: Wo-Chien|34\/100 par\n|-unboost|p1b: Wo-Chien|spd|1\n|move|p1b: Wo-Chien|Leech Seed|p2b: Gastrodon\n|-start|p2b: Gastrodon|move: Leech Seed\n|\n|-heal|p1b: Wo-Chien|40\/100 par|[from] item: Leftovers\n|-damage|p2b: Gastrodon|76\/100|[from] Leech Seed|[of] p1b: Wo-Chien\n|-heal|p1b: Wo-Chien|54\/100 par|[silent]\n|upkeep\n|turn|14\n|\n|t:|1683587071\n|-curestatus|p1a: Slither Wing|slp|[msg]\n|move|p1a: Slither Wing|Leech Life|p2b: Gastrodon\n|-resisted|p2b: Gastrodon\n|-damage|p2b: Gastrodon|59\/100\n|-heal|p1a: Slither Wing|79\/100|[from] drain|[of] p2b: Gastrodon\n|move|p2b: Gastrodon|Sludge Bomb|p1a: Slither Wing\n|-damage|p1a: Slither Wing|45\/100\n|cant|p1b: Wo-Chien|par\n|\n|-heal|p1b: Wo-Chien|60\/100 par|[from] item: Leftovers\n|-damage|p2b: Gastrodon|47\/100|[from] Leech Seed|[of] p1b: Wo-Chien\n|-heal|p1b: Wo-Chien|74\/100 par|[silent]\n|upkeep\n|-enditem|p2b: Gastrodon|Sitrus Berry|[eat]\n|-heal|p2b: Gastrodon|72\/100|[from] item: Sitrus Berry\n|turn|15\n|\n|t:|1683587086\n|move|p1a: Slither Wing|Leech Life|p2b: Gastrodon\n|-resisted|p2b: Gastrodon\n|-damage|p2b: Gastrodon|52\/100\n|-heal|p1a: Slither Wing|59\/100|[from] drain|[of] p2b: Gastrodon\n|move|p2b: Gastrodon|Sludge Bomb|p1a: Slither Wing\n|-damage|p1a: Slither Wing|29\/100\n|move|p1b: Wo-Chien|Pollen Puff|p1a: Slither Wing\n|-heal|p1a: Slither Wing|79\/100\n|\n|-heal|p1b: Wo-Chien|81\/100 par|[from] item: Leftovers\n|-damage|p2b: Gastrodon|40\/100|[from] Leech Seed|[of] p1b: Wo-Chien\n|-heal|p1b: Wo-Chien|95\/100 par|[silent]\n|upkeep\n|turn|16\n|-message|vvegs forfeited.\n|\n|win|vbxsvbxsd\n|raw|vbxsvbxsd's rating: 1000 → 1040<\/strong> (+40 for winning)\n|raw|vvegs's rating: 1000 → 1000<\/strong> (+0 for losing)\n|l|\u2606vvegs\n","uploadtime":1683587101,"views":11,"p1id":"vbxsvbxsd","p2id":"vvegs","formatid":"gen9vgc2023regulationc","rating":1000,"private":0,"password":""}