{"id":"gen9vgc2023regulationc-1854747465","p1":"ARUTANO","p2":"JogadorZero","format":"[Gen 9] VGC 2023 Regulation C","log":"|j|\u2606ARUTANO\n|j|\u2606JogadorZero\n|t:|1682860736\n|gametype|doubles\n|player|p1|ARUTANO|giovanni|1135\n|player|p2|JogadorZero|veteran-gen6|1187\n|teamsize|p1|6\n|teamsize|p2|6\n|gen|9\n|tier|[Gen 9] VGC 2023 Regulation C\n|rated|\n|rule|Species Clause: Limit one of each Pok\u00e9mon\n|rule|Item Clause: Limit one of each item\n|clearpoke\n|poke|p1|Vigoroth, L50, M|\n|poke|p1|Palafin, L50, M|\n|poke|p1|Iron Hands, L50|\n|poke|p1|Grimmsnarl, L50, M|\n|poke|p1|Arcanine, L50, F|\n|poke|p1|Garganacl, L50, F|\n|poke|p2|Amoonguss, L50, M|\n|poke|p2|Flutter Mane, L50|\n|poke|p2|Chi-Yu, L50|\n|poke|p2|Dragonite, L50, M|\n|poke|p2|Gholdengo, L50|\n|poke|p2|Talonflame, L50, M|\n|teampreview|4\n|inactive|Battle timer is ON: inactive players will automatically lose when time's up. (requested by ARUTANO)\n|inactive|JogadorZero has 60 seconds left.\n|inactive|JogadorZero has 30 seconds left.\n|inactive|JogadorZero has 20 seconds left.\n|inactive|JogadorZero has 15 seconds left.\n|inactive|JogadorZero has 10 seconds left.\n|\n|t:|1682860841\n|start\n|switch|p1a: THE DOLFIN ZIO|Palafin, L50, M|100\/100\n|switch|p1b: Grimmsnarl|Grimmsnarl, L50, M|100\/100\n|switch|p2a: Flutter Mane|Flutter Mane, L50|100\/100\n|switch|p2b: Chi-Yu|Chi-Yu, L50|100\/100\n|-ability|p2b: Chi-Yu|Beads of Ruin\n|turn|1\n|\n|t:|1682860862\n|detailschange|p1a: THE DOLFIN ZIO|Palafin-Hero, L50, M\n|switch|p1a: Arcanine|Arcanine, L50, F|100\/100\n|-ability|p1a: Arcanine|Intimidate|boost\n|-unboost|p2a: Flutter Mane|atk|1\n|-unboost|p2b: Chi-Yu|atk|1\n|move|p2b: Chi-Yu|Protect|p2b: Chi-Yu\n|-singleturn|p2b: Chi-Yu|Protect\n|move|p1b: Grimmsnarl|Light Screen|p1b: Grimmsnarl\n|-sidestart|p1: ARUTANO|move: Light Screen\n|move|p2a: Flutter Mane|Thunderbolt|p1a: Arcanine\n|-damage|p1a: Arcanine|70\/100\n|\n|upkeep\n|turn|2\n|\n|t:|1682860885\n|move|p1b: Grimmsnarl|Parting Shot|p2b: Chi-Yu\n|-hint|Since gen 7, Dark is immune to Prankster moves.\n|-immune|p2b: Chi-Yu\n|move|p2a: Flutter Mane|Dazzling Gleam|p1b: Grimmsnarl|[spread] p1a,p1b\n|-resisted|p1a: Arcanine\n|-supereffective|p1b: Grimmsnarl\n|-crit|p1b: Grimmsnarl\n|-damage|p1a: Arcanine|55\/100\n|-damage|p1b: Grimmsnarl|0 fnt\n|faint|p1b: Grimmsnarl\n|move|p2b: Chi-Yu|Dark Pulse|p1a: Arcanine\n|-damage|p1a: Arcanine|2\/100\n|-damage|p2b: Chi-Yu|90\/100|[from] item: Life Orb\n|move|p1a: Arcanine|Flare Blitz|p2a: Flutter Mane\n|-enditem|p2a: Flutter Mane|Focus Sash\n|-damage|p2a: Flutter Mane|1\/100\n|-damage|p1a: Arcanine|0 fnt|[from] Recoil\n|faint|p1a: Arcanine\n|\n|upkeep\n|\n|t:|1682860898\n|switch|p1a: THE DOLFIN ZIO|Palafin-Hero, L50, M|100\/100\n|switch|p1b: Garganacl|Garganacl, L50, F|100\/100\n|-activate|p1a: THE DOLFIN ZIO|ability: Zero to Hero\n|turn|3\n|\n|t:|1682860920\n|-terastallize|p2b: Chi-Yu|Grass\n|move|p1a: THE DOLFIN ZIO|Jet Punch|p2a: Flutter Mane\n|-damage|p2a: Flutter Mane|0 fnt\n|faint|p2a: Flutter Mane\n|-end|p2a: Flutter Mane|Protosynthesis|[silent]\n|move|p2b: Chi-Yu|Dark Pulse|p1a: THE DOLFIN ZIO\n|-damage|p1a: THE DOLFIN ZIO|68\/100\n|-damage|p2b: Chi-Yu|80\/100|[from] item: Life Orb\n|move|p1b: Garganacl|Salt Cure|p2b: Chi-Yu\n|-damage|p2b: Chi-Yu|55\/100\n|-start|p2b: Chi-Yu|Salt Cure\n|\n|-damage|p2b: Chi-Yu|43\/100|[from] Salt Cure\n|upkeep\n|\n|t:|1682860929\n|switch|p2a: Talonflame|Talonflame, L50, M|100\/100\n|turn|4\n|\n|t:|1682860949\n|-terastallize|p1a: THE DOLFIN ZIO|Water\n|move|p1a: THE DOLFIN ZIO|Jet Punch|p2a: Talonflame\n|-supereffective|p2a: Talonflame\n|-damage|p2a: Talonflame|0 fnt\n|faint|p2a: Talonflame\n|move|p2b: Chi-Yu|Dark Pulse|p1a: THE DOLFIN ZIO\n|-damage|p1a: THE DOLFIN ZIO|37\/100\n|-damage|p2b: Chi-Yu|33\/100|[from] item: Life Orb\n|move|p1b: Garganacl|Salt Cure|p2b: Chi-Yu\n|-damage|p2b: Chi-Yu|9\/100\n|\n|-damage|p2b: Chi-Yu|0 fnt|[from] Salt Cure\n|faint|p2b: Chi-Yu\n|upkeep\n|\n|t:|1682860963\n|switch|p2b: Gholdengo|Gholdengo, L50|100\/100\n|turn|5\n|\n|t:|1682860978\n|move|p2b: Gholdengo|Make It Rain|p1b: Garganacl|[spread] p1a,p1b\n|-resisted|p1a: THE DOLFIN ZIO\n|-supereffective|p1b: Garganacl\n|-damage|p1a: THE DOLFIN ZIO|23\/100\n|-damage|p1b: Garganacl|33\/100\n|-unboost|p2b: Gholdengo|spa|1\n|move|p1a: THE DOLFIN ZIO|Wave Crash|p2b: Gholdengo\n|-damage|p2b: Gholdengo|0 fnt\n|faint|p2b: Gholdengo\n|-damage|p1a: THE DOLFIN ZIO|0 fnt|[from] Recoil\n|faint|p1a: THE DOLFIN ZIO\n|\n|win|ARUTANO\n|raw|ARUTANO's rating: 1135 → 1165<\/strong> (+30 for winning)\n|raw|JogadorZero's rating: 1209 → 1179<\/strong> (-30 for losing)\n|l|\u2606ARUTANO\n","uploadtime":1682861415,"views":13,"p1id":"arutano","p2id":"jogadorzero","formatid":"gen9vgc2023regulationc","rating":1165,"private":0,"password":""}