{"id":"gen9vgc2023regulationc-1854739143","p1":"Rey9vgc","p2":"DisneyLando","format":"[Gen 9] VGC 2023 Regulation C","log":"|j|\u2606Rey9vgc\n|j|\u2606DisneyLando\n|t:|1682859500\n|gametype|doubles\n|player|p1|Rey9vgc|266|\n|player|p2|DisneyLando|265|\n|teamsize|p1|6\n|teamsize|p2|6\n|gen|9\n|tier|[Gen 9] VGC 2023 Regulation C\n|rule|Species Clause: Limit one of each Pok\u00e9mon\n|rule|Item Clause: Limit one of each item\n|clearpoke\n|poke|p1|Murkrow, L50, F|\n|poke|p1|Gholdengo, L50|\n|poke|p1|Brute Bonnet, L50|\n|poke|p1|Great Tusk, L50|\n|poke|p1|Chi-Yu, L50|\n|poke|p1|Iron Bundle, L50|\n|poke|p2|Arcanine, L50, M|\n|poke|p2|Gholdengo, L50|\n|poke|p2|Amoonguss, L50, F|\n|poke|p2|Chien-Pao, L50|\n|poke|p2|Palafin, L50, F|\n|poke|p2|Dragonite, L50, F|\n|teampreview|4\n|c|\u2606DisneyLando|g1\n|j| tyo\n|j| baaaaat_\nRey9vgc has agreed to open team sheets.\nDisneyLando has agreed to open team sheets.\n|c|\u2606Rey9vgc|Glhf\n|c|\u2606DisneyLando|glhf\n|j| snow-pokepoke\n|j| TamtamNi\n|j| duckpond\n|j| SvenVGC\n|j| rkd272\n|j| Bloom*iz\n|\n|t:|1682859641\n|start\n|switch|p1a: Iron Bundle|Iron Bundle, L50|100\/100\n|switch|p1b: Chi-Yu|Chi-Yu, L50|100\/100\n|switch|p2a: Chien-Pao|Chien-Pao, L50|100\/100\n|switch|p2b: Dragonite|Dragonite, L50, F|100\/100\n|-ability|p2a: Chien-Pao|Sword of Ruin\n|-ability|p1b: Chi-Yu|Beads of Ruin\n|-enditem|p1a: Iron Bundle|Booster Energy\n|-activate|p1a: Iron Bundle|ability: Quark Drive|[fromitem]\n|-start|p1a: Iron Bundle|quarkdrivespe\n|turn|1\n|j| Orangex337\n|l| baaaaat_\n|j| baaaaat_\n|j| OgyZintheCorner\n|j| ApronVGC\n|j| Tatsu and friends\n|\n|t:|1682859755\n|move|p2b: Dragonite|Extreme Speed|p1a: Iron Bundle\n|-damage|p1a: Iron Bundle|49\/100\n|move|p2a: Chien-Pao|Sucker Punch|p1a: Iron Bundle\n|-damage|p1a: Iron Bundle|0 fnt\n|faint|p1a: Iron Bundle\n|-end|p1a: Iron Bundle|Quark Drive|[silent]\n|move|p1b: Chi-Yu|Heat Wave|p2b: Dragonite|[spread] p2a,p2b\n|-supereffective|p2a: Chien-Pao\n|-resisted|p2b: Dragonite\n|-enditem|p2a: Chien-Pao|Focus Sash\n|-damage|p2a: Chien-Pao|1\/100\n|-damage|p2b: Dragonite|86\/100\n|\n|upkeep\n|\n|t:|1682859780\n|switch|p1a: Gholdengo|Gholdengo, L50|100\/100\n|turn|2\n|\n|t:|1682859848\n|switch|p2b: Gholdengo|Gholdengo, L50|100\/100\n|-terastallize|p1a: Gholdengo|Steel\n|move|p1b: Chi-Yu|Protect|p1b: Chi-Yu\n|-singleturn|p1b: Chi-Yu|Protect\n|move|p2a: Chien-Pao|Sacred Sword|p1b: Chi-Yu\n|-activate|p1b: Chi-Yu|move: Protect\n|move|p1a: Gholdengo|Make It Rain|p2a: Chien-Pao|[spread] p2a,p2b\n|-supereffective|p2a: Chien-Pao\n|-resisted|p2b: Gholdengo\n|-damage|p2a: Chien-Pao|0 fnt\n|-damage|p2b: Gholdengo|36\/100\n|-unboost|p1a: Gholdengo|spa|1\n|faint|p2a: Chien-Pao\n|\n|-heal|p2b: Gholdengo|41\/100|[from] item: Leftovers\n|upkeep\n|\n|t:|1682859859\n|switch|p2a: Arcanine|Arcanine, L50, M|100\/100\n|-ability|p2a: Arcanine|Intimidate|boost\n|-unboost|p1a: Gholdengo|atk|1\n|-unboost|p1b: Chi-Yu|atk|1\n|turn|3\n|\n|t:|1682859928\n|switch|p1a: Great Tusk|Great Tusk, L50|100\/100\n|move|p1b: Chi-Yu|Dark Pulse|p2a: Arcanine\n|-damage|p2a: Arcanine|44\/100\n|cant|p2a: Arcanine|flinch\n|move|p2b: Gholdengo|Shadow Ball|p1a: Great Tusk\n|-damage|p1a: Great Tusk|16\/100\n|\n|-heal|p2b: Gholdengo|47\/100|[from] item: Leftovers\n|upkeep\n|turn|4\n|j| RandomWP\n|j| potion greninja\n|\n|t:|1682859981\n|switch|p2b: Dragonite|Dragonite, L50, F|86\/100\n|move|p1a: Great Tusk|Protect|p1a: Great Tusk\n|-singleturn|p1a: Great Tusk|Protect\n|move|p2a: Arcanine|Protect|p2a: Arcanine\n|-singleturn|p2a: Arcanine|Protect\n|move|p1b: Chi-Yu|Dark Pulse|p2a: Arcanine\n|-activate|p2a: Arcanine|move: Protect\n|\n|upkeep\n|turn|5\n|j| desuvgc\n|j| frostvg\n|l| frostvg\n|\n|t:|1682860049\n|move|p2a: Arcanine|Extreme Speed|p1a: Great Tusk\n|-damage|p1a: Great Tusk|0 fnt\n|faint|p1a: Great Tusk\n|-end|p1a: Great Tusk|Protosynthesis|[silent]\n|move|p1b: Chi-Yu|Dark Pulse|p2a: Arcanine\n|-damage|p2a: Arcanine|0 fnt\n|faint|p2a: Arcanine\n|move|p2b: Dragonite|Tailwind|p2b: Dragonite\n|-sidestart|p2: DisneyLando|move: Tailwind\n|\n|upkeep\n|\n|t:|1682860057\n|switch|p1a: Gholdengo|Gholdengo, L50, tera:Steel|100\/100\n|switch|p2a: Gholdengo|Gholdengo, L50|47\/100\n|turn|6\n|j| gmax wave crash\n|j| potion greninja\n|\n|t:|1682860150\n|move|p2a: Gholdengo|Make It Rain|p1b: Chi-Yu|[spread] p1a,p1b\n|-resisted|p1a: Gholdengo\n|-resisted|p1b: Chi-Yu\n|-damage|p1a: Gholdengo|69\/100\n|-damage|p1b: Chi-Yu|75\/100\n|-unboost|p2a: Gholdengo|spa|1\n|move|p2b: Dragonite|Stomping Tantrum|p1a: Gholdengo\n|-supereffective|p1a: Gholdengo\n|-damage|p1a: Gholdengo|8\/100\n|move|p1b: Chi-Yu|Heat Wave|p2b: Dragonite|[spread] p2a,p2b\n|-supereffective|p2a: Gholdengo\n|-resisted|p2b: Dragonite\n|-damage|p2a: Gholdengo|0 fnt\n|-damage|p2b: Dragonite|57\/100\n|faint|p2a: Gholdengo\n|move|p1a: Gholdengo|Make It Rain|p2b: Dragonite\n|-damage|p2b: Dragonite|0 fnt\n|-unboost|p1a: Gholdengo|spa|1\n|faint|p2b: Dragonite\n|\n|win|Rey9vgc\n|c|\u2606Rey9vgc|Gg\n|l| ApronVGC\n|l| desuvgc\n|l| OgyZintheCorner\n|j| random rain\n|l| Orangex337\n|l| random rain\n|l| gmax wave crash\n|j| Drlawyer\n|l| RandomWP\n|l| Drlawyer\n|l| baaaaat_\n|l|\u2606DisneyLando\n|j| Finabas\n","uploadtime":1682860160,"views":35,"p1id":"rey9vgc","p2id":"disneylando","formatid":"gen9vgc2023regulationc","rating":0,"private":0,"password":""}