{"id":"gen9vgc2023regulationc-1857096086","p1":"caiobarbalho","p2":"EvDawg14","format":"[Gen 9] VGC 2023 Regulation C","log":"|j|\u2606caiobarbalho\n|j|\u2606EvDawg14\n|t:|1683145366\n|gametype|doubles\n|player|p1|caiobarbalho|rosa|1149\n|player|p2|EvDawg14|265|1095\n|teamsize|p1|6\n|teamsize|p2|6\n|gen|9\n|tier|[Gen 9] VGC 2023 Regulation C\n|rated|\n|rule|Species Clause: Limit one of each Pok\u00e9mon\n|rule|Item Clause: Limit one of each item\n|clearpoke\n|poke|p1|Palafin, L50, M|\n|poke|p1|Flutter Mane, L50|\n|poke|p1|Arcanine, L50, F|\n|poke|p1|Amoonguss, L50, F|\n|poke|p1|Corviknight, L50, F|\n|poke|p1|Baxcalibur, L50, F|\n|poke|p2|Ceruledge, L50, M|\n|poke|p2|Maushold, L50|\n|poke|p2|Talonflame, L50, F|\n|poke|p2|Hydreigon, L50, M|\n|poke|p2|Toxtricity, L50, M|\n|poke|p2|Garganacl, L50, M|\n|teampreview|4\n|inactive|Battle timer is ON: inactive players will automatically lose when time's up. (requested by EvDawg14)\n|inactive|caiobarbalho also wants the timer to be on.\n|inactive|caiobarbalho has 60 seconds left.\n|inactive|EvDawg14 has 60 seconds left.\n|\n|t:|1683145419\n|start\n|switch|p1a: Palafin|Palafin, L50, M|100\/100\n|switch|p1b: Corviknight|Corviknight, L50, F, shiny|100\/100\n|switch|p2a: Toxtricity|Toxtricity, L50, M, shiny|100\/100\n|switch|p2b: Talonflame|Talonflame, L50, F|100\/100\n|turn|1\n|inactive|caiobarbalho has 30 seconds left.\n|inactive|caiobarbalho has 20 seconds left.\n|\n|t:|1683145456\n|detailschange|p1a: Palafin|Palafin-Hero, L50, M\n|switch|p1a: Amoonguss|Amoonguss, L50, F|100\/100\n|-terastallize|p1b: Corviknight|Fire\n|move|p2b: Talonflame|Tailwind|p2b: Talonflame\n|-sidestart|p2: EvDawg14|move: Tailwind\n|move|p2a: Toxtricity|Overdrive|p1b: Corviknight|[spread] p1a,p1b\n|-resisted|p1a: Amoonguss\n|-damage|p1a: Amoonguss|82\/100\n|-damage|p1b: Corviknight|62\/100\n|move|p1b: Corviknight|U-turn|p2a: Toxtricity\n|-resisted|p2a: Toxtricity\n|-damage|p2a: Toxtricity|75\/100\n|\n|t:|1683145470\n|switch|p1b: Palafin|Palafin-Hero, L50, M|100\/100|[from] U-turn\n|-activate|p1b: Palafin|ability: Zero to Hero\n|\n|-heal|p1a: Amoonguss|88\/100|[from] item: Leftovers\n|upkeep\n|turn|2\n|inactive|caiobarbalho has 30 seconds left.\n|inactive|caiobarbalho has 20 seconds left.\n|inactive|caiobarbalho has 15 seconds left.\n|inactive|caiobarbalho has 10 seconds left.\n|\n|t:|1683145516\n|move|p2b: Talonflame|Brave Bird|p1a: Amoonguss\n|-supereffective|p1a: Amoonguss\n|-damage|p1a: Amoonguss|20\/100\n|-damage|p2b: Talonflame|68\/100|[from] Recoil\n|move|p1b: Palafin|Jet Punch|p2a: Toxtricity\n|-damage|p2a: Toxtricity|10\/100\n|move|p2a: Toxtricity|Nuzzle|p1b: Palafin\n|-supereffective|p1b: Palafin\n|-damage|p1b: Palafin|89\/100\n|-status|p1b: Palafin|par\n|move|p1a: Amoonguss|Pollen Puff|p1b: Palafin\n|-heal|p1b: Palafin|100\/100 par\n|\n|-heal|p1a: Amoonguss|25\/100|[from] item: Leftovers\n|upkeep\n|turn|3\n|\n|t:|1683145539\n|switch|p2a: Maushold|Maushold, L50|100\/100\n|switch|p1a: Corviknight|Corviknight, L50, F, shiny, tera:Fire|62\/100\n|cant|p1b: Palafin|par\n|move|p2b: Talonflame|Brave Bird|p1a: Corviknight\n|-damage|p1a: Corviknight|26\/100\n|-damage|p2b: Talonflame|52\/100|[from] Recoil\n|\n|upkeep\n|turn|4\n|\n|t:|1683145555\n|switch|p1a: Arcanine|Arcanine, L50, F|100\/100\n|-ability|p1a: Arcanine|Intimidate|boost\n|-unboost|p2a: Maushold|atk|1\n|-unboost|p2b: Talonflame|atk|1\n|move|p1b: Palafin|Protect|p1b: Palafin\n|-singleturn|p1b: Palafin|Protect\n|move|p2b: Talonflame|Brave Bird|p1a: Arcanine\n|-damage|p1a: Arcanine|68\/100\n|-damage|p2b: Talonflame|38\/100|[from] Recoil\n|move|p2a: Maushold|Population Bomb|p1b: Palafin\n|-activate|p1b: Palafin|move: Protect\n|\n|-sideend|p2: EvDawg14|move: Tailwind\n|upkeep\n|turn|5\n|\n|t:|1683145575\n|move|p1a: Arcanine|Extreme Speed|p2a: Maushold\n|-damage|p2a: Maushold|60\/100\n|move|p1b: Palafin|Jet Punch|p2a: Maushold\n|-damage|p2a: Maushold|0 fnt\n|faint|p2a: Maushold\n|move|p2b: Talonflame|Tailwind|p2b: Talonflame\n|-sidestart|p2: EvDawg14|move: Tailwind\n|\n|upkeep\n|\n|t:|1683145584\n|switch|p2a: Ceruledge|Ceruledge, L50, M|100\/100\n|turn|6\n|\n|t:|1683145595\n|-terastallize|p2a: Ceruledge|Grass\n|move|p1b: Palafin|Protect|p1b: Palafin\n|-singleturn|p1b: Palafin|Protect\n|move|p1a: Arcanine|Extreme Speed|p2b: Talonflame\n|-damage|p2b: Talonflame|0 fnt\n|faint|p2b: Talonflame\n|move|p2a: Ceruledge|Tera Blast|p1b: Palafin\n|-activate|p1b: Palafin|move: Protect\n|\n|upkeep\n|\n|t:|1683145605\n|switch|p2b: Toxtricity|Toxtricity, L50, M, shiny|10\/100\n|turn|7\n|\n|t:|1683145614\n|switch|p1b: Amoonguss|Amoonguss, L50, F|58\/100\n|move|p1a: Arcanine|Extreme Speed|p2b: Toxtricity\n|-crit|p2b: Toxtricity\n|-damage|p2b: Toxtricity|0 fnt\n|faint|p2b: Toxtricity\n|move|p2a: Ceruledge|Tera Blast|p1b: Amoonguss\n|-resisted|p1b: Amoonguss\n|-damage|p1b: Amoonguss|48\/100\n|-damage|p2a: Ceruledge|91\/100|[from] item: Life Orb\n|\n|-heal|p1b: Amoonguss|54\/100|[from] item: Leftovers\n|upkeep\n|turn|8\n|c|\u2606EvDawg14|you're one of the smarter swithcers ive played against\n|\n|t:|1683145636\n|switch|p1b: Corviknight|Corviknight, L50, F, shiny, tera:Fire|26\/100\n|move|p2a: Ceruledge|Bitter Blade|p1b: Corviknight\n|-resisted|p1b: Corviknight\n|-damage|p1b: Corviknight|0 fnt\n|-heal|p2a: Ceruledge|100\/100|[from] drain|[of] p1b: Corviknight\n|faint|p1b: Corviknight\n|-damage|p2a: Ceruledge|91\/100|[from] item: Life Orb\n|move|p1a: Arcanine|Howl|p1a: Arcanine\n|-boost|p1a: Arcanine|atk|1\n|\n|-sideend|p2: EvDawg14|move: Tailwind\n|upkeep\n|c|\u2606caiobarbalho|man, half of that is luck kkkk\n|\n|t:|1683145657\n|switch|p1b: Amoonguss|Amoonguss, L50, F|87\/100\n|turn|9\n|\n|t:|1683145677\n|switch|p1b: Palafin|Palafin-Hero, L50, M|100\/100 par\n|move|p2a: Ceruledge|Bitter Blade|p1b: Palafin\n|-resisted|p1b: Palafin\n|-damage|p1b: Palafin|76\/100 par\n|-heal|p2a: Ceruledge|100\/100|[from] drain|[of] p1b: Palafin\n|-damage|p2a: Ceruledge|91\/100|[from] item: Life Orb\n|move|p1a: Arcanine|Howl|p1a: Arcanine|[spread] p1a,p1b\n|-boost|p1a: Arcanine|atk|1\n|-boost|p1b: Palafin|atk|1\n|\n|upkeep\n|turn|10\n|c|\u2606EvDawg14|i almost called that one but backed out last second lol\n|\n|t:|1683145693\n|move|p1a: Arcanine|Extreme Speed|p2a: Ceruledge\n|-damage|p2a: Ceruledge|14\/100\n|move|p1b: Palafin|Jet Punch|p2a: Ceruledge\n|-resisted|p2a: Ceruledge\n|-damage|p2a: Ceruledge|0 fnt\n|faint|p2a: Ceruledge\n|\n|win|caiobarbalho\n|raw|caiobarbalho's rating: 1149 → 1170<\/strong> (+21 for winning)\n|raw|EvDawg14's rating: 1095 → 1074<\/strong> (-21 for losing)\n|c|\u2606caiobarbalho|them mind games\n|c|\u2606EvDawg14|gg\n|c|\u2606caiobarbalho|wp\n|l|\u2606EvDawg14\n","uploadtime":1683145712,"views":12,"p1id":"caiobarbalho","p2id":"evdawg14","formatid":"gen9vgc2023regulationc","rating":1074,"private":0,"password":""}