{"id":"gen9vgc2023regulationc-1845835194","p1":"UltravioletVGC","p2":"DerpinGoose","format":"[Gen 9] VGC 2023 Regulation C","log":"|j|\u2606UltravioletVGC\n|j|\u2606DerpinGoose\n|t:|1681769515\n|gametype|doubles\n|player|p1|UltravioletVGC|101|1064\n|player|p2|DerpinGoose|fisherman|1047\n|teamsize|p1|6\n|teamsize|p2|6\n|gen|9\n|tier|[Gen 9] VGC 2023 Regulation C\n|rated|\n|rule|Species Clause: Limit one of each Pok\u00e9mon\n|rule|Item Clause: Limit one of each item\n|clearpoke\n|poke|p1|Dragapult, L50, M|\n|poke|p1|Flutter Mane, L50|\n|poke|p1|Chi-Yu, L50|\n|poke|p1|Amoonguss, L50, F|\n|poke|p1|Palafin, L50, F|\n|poke|p1|Corviknight, L50, M|\n|poke|p2|Sandy Shocks, L50|\n|poke|p2|Iron Bundle, L50|\n|poke|p2|Scream Tail, L50|\n|poke|p2|Wo-Chien, L50|\n|poke|p2|Arcanine, L50, F|\n|poke|p2|Flutter Mane, L50|\n|teampreview|4\n|inactive|Battle timer is ON: inactive players will automatically lose when time's up. (requested by DerpinGoose)\n|inactive|UltravioletVGC has 60 seconds left.\n|inactive|UltravioletVGC has 30 seconds left.\n|\n|t:|1681769583\n|start\n|switch|p1a: Palafin|Palafin, L50, F|100\/100\n|switch|p1b: Amoonguss|Amoonguss, L50, F|100\/100\n|switch|p2a: Wo-Chien|Wo-Chien, L50|100\/100\n|switch|p2b: Arcanine|Arcanine, L50, F|100\/100\n|-ability|p2b: Arcanine|Intimidate|boost\n|-unboost|p1a: Palafin|atk|1\n|-unboost|p1b: Amoonguss|atk|1\n|-ability|p2a: Wo-Chien|Tablets of Ruin\n|turn|1\n|inactive|UltravioletVGC has 30 seconds left.\n|inactive|DerpinGoose has 30 seconds left.\n|inactive|UltravioletVGC has 20 seconds left.\n|inactive|DerpinGoose has 20 seconds left.\n|inactive|DerpinGoose has 15 seconds left.\n|inactive|UltravioletVGC has 15 seconds left.\n|inactive|DerpinGoose has 10 seconds left.\n|\n|t:|1681769632\n|move|p1a: Palafin|Protect|p1a: Palafin\n|-singleturn|p1a: Palafin|Protect\n|move|p1b: Amoonguss|Protect|p1b: Amoonguss\n|-singleturn|p1b: Amoonguss|Protect\n|move|p2b: Arcanine|Snarl|p1a: Palafin|[spread] \n|-activate|p1a: Palafin|move: Protect\n|-activate|p1b: Amoonguss|move: Protect\n|move|p2a: Wo-Chien|Leech Seed|p1a: Palafin\n|-activate|p1a: Palafin|move: Protect\n|\n|upkeep\n|turn|2\n|inactive|UltravioletVGC has 30 seconds left.\n|inactive|UltravioletVGC has 20 seconds left.\n|inactive|UltravioletVGC has 15 seconds left.\n|inactive|UltravioletVGC has 10 seconds left.\n|\n|t:|1681769679\n|detailschange|p1a: Palafin|Palafin-Hero, L50, F\n|switch|p1a: Corviknight|Corviknight, L50, M|100\/100\n|-ability|p1a: Corviknight|Pressure\n|move|p2b: Arcanine|Flare Blitz|p1b: Amoonguss\n|-supereffective|p1b: Amoonguss\n|-damage|p1b: Amoonguss|31\/100\n|-damage|p2b: Arcanine|70\/100|[from] Recoil\n|move|p2a: Wo-Chien|Leech Seed|p1a: Corviknight\n|-start|p1a: Corviknight|move: Leech Seed\n|move|p1b: Amoonguss|Spore|p2b: Arcanine\n|-status|p2b: Arcanine|slp|[from] move: Spore\n|\n|-damage|p1a: Corviknight|88\/100|[from] Leech Seed|[of] p2a: Wo-Chien\n|upkeep\n|turn|3\n|inactive|DerpinGoose has 30 seconds left.\n|inactive|DerpinGoose has 20 seconds left.\n|inactive|DerpinGoose has 15 seconds left.\n|\n|t:|1681769719\n|switch|p1b: Flutter Mane|Flutter Mane, L50|100\/100\n|-enditem|p1b: Flutter Mane|Booster Energy\n|-activate|p1b: Flutter Mane|ability: Protosynthesis|[fromitem]\n|-start|p1b: Flutter Mane|protosynthesisspe\n|cant|p2b: Arcanine|slp\n|move|p1a: Corviknight|Taunt|p2a: Wo-Chien\n|-start|p2a: Wo-Chien|move: Taunt\n|move|p2a: Wo-Chien|Ruination|p1a: Corviknight\n|-damage|p1a: Corviknight|45\/100\n|-enditem|p1a: Corviknight|Sitrus Berry|[eat]\n|-heal|p1a: Corviknight|70\/100|[from] item: Sitrus Berry\n|\n|-damage|p1a: Corviknight|57\/100|[from] Leech Seed|[of] p2a: Wo-Chien\n|upkeep\n|turn|4\n|inactive|UltravioletVGC has 30 seconds left.\n|\n|t:|1681769747\n|move|p1b: Flutter Mane|Shadow Ball|p2b: Arcanine\n|-damage|p2b: Arcanine|32\/100 slp\n|-curestatus|p2b: Arcanine|slp|[msg]\n|move|p2b: Arcanine|Snarl|p1b: Flutter Mane|[spread] p1a,p1b\n|-damage|p1a: Corviknight|50\/100\n|-damage|p1b: Flutter Mane|91\/100\n|-unboost|p1a: Corviknight|spa|1\n|-unboost|p1b: Flutter Mane|spa|1\n|move|p1a: Corviknight|Brave Bird|p2b: Arcanine\n|-damage|p2b: Arcanine|0 fnt\n|faint|p2b: Arcanine\n|-damage|p1a: Corviknight|42\/100|[from] Recoil\n|move|p2a: Wo-Chien|Snarl|p1b: Flutter Mane|[spread] p1a,p1b\n|-damage|p1a: Corviknight|31\/100\n|-damage|p1b: Flutter Mane|77\/100\n|-unboost|p1a: Corviknight|spa|1\n|-unboost|p1b: Flutter Mane|spa|1\n|\n|-damage|p1a: Corviknight|19\/100|[from] Leech Seed|[of] p2a: Wo-Chien\n|upkeep\n|inactive|DerpinGoose has 30 seconds left.\n|\n|t:|1681769782\n|switch|p2b: Flutter Mane|Flutter Mane, L50|100\/100\n|turn|5\n|inactive|UltravioletVGC has 30 seconds left.\n|\n|t:|1681769809\n|switch|p1a: Amoonguss|Amoonguss, L50, F|65\/100\n|move|p1b: Flutter Mane|Imprison|p1b: Flutter Mane\n|-start|p1b: Flutter Mane|move: Imprison\n|cant|p2b: Flutter Mane|move: Imprison|Shadow Ball\n|move|p2a: Wo-Chien|Snarl|p1b: Flutter Mane|[spread] p1a,p1b\n|-damage|p1a: Amoonguss|53\/100\n|-damage|p1b: Flutter Mane|63\/100\n|-unboost|p1b: Flutter Mane|spa|1\n|\n|-end|p2a: Wo-Chien|move: Taunt\n|upkeep\n|turn|6\n|inactive|UltravioletVGC has 30 seconds left.\n|inactive|DerpinGoose has 30 seconds left.\n|\n|t:|1681769843\n|-end|p2b: Flutter Mane|Protosynthesis|[silent]\n|switch|p2b: Iron Bundle|Iron Bundle, L50|100\/100\n|move|p1b: Flutter Mane|Protect|p1b: Flutter Mane\n|-singleturn|p1b: Flutter Mane|Protect\n|move|p2a: Wo-Chien|Leech Seed|p1b: Flutter Mane\n|-activate|p1b: Flutter Mane|move: Protect\n|move|p1a: Amoonguss|Spore|p2b: Iron Bundle\n|-status|p2b: Iron Bundle|slp|[from] move: Spore\n|\n|upkeep\n|turn|7\n|inactive|UltravioletVGC has 30 seconds left.\n|\n|t:|1681769872\n|-end|p1b: Flutter Mane|Protosynthesis|[silent]\n|switch|p1b: Palafin|Palafin-Hero, L50, F|100\/100\n|-activate|p1b: Palafin|ability: Zero to Hero\n|cant|p2b: Iron Bundle|slp\n|move|p2a: Wo-Chien|Leech Seed|p1b: Palafin\n|-start|p1b: Palafin|move: Leech Seed\n|move|p1a: Amoonguss|Pollen Puff|p2a: Wo-Chien\n|-supereffective|p2a: Wo-Chien\n|-damage|p2a: Wo-Chien|61\/100\n|\n|-heal|p2a: Wo-Chien|67\/100|[from] item: Leftovers\n|-damage|p1b: Palafin|88\/100|[from] Leech Seed|[of] p2a: Wo-Chien\n|-heal|p2a: Wo-Chien|80\/100|[silent]\n|upkeep\n|turn|8\n|inactive|UltravioletVGC has 30 seconds left.\n|inactive|DerpinGoose has 30 seconds left.\n|inactive|UltravioletVGC has 20 seconds left.\n|\n|t:|1681769907\n|-terastallize|p1b: Palafin|Water\n|move|p2a: Wo-Chien|Protect|p2a: Wo-Chien\n|-singleturn|p2a: Wo-Chien|Protect\n|cant|p2b: Iron Bundle|slp\n|move|p1b: Palafin|Wave Crash|p2b: Iron Bundle\n|-resisted|p2b: Iron Bundle\n|-crit|p2b: Iron Bundle\n|-damage|p2b: Iron Bundle|27\/100 slp\n|-damage|p1b: Palafin|73\/100|[from] Recoil\n|move|p1a: Amoonguss|Pollen Puff|p1b: Palafin\n|-heal|p1b: Palafin|100\/100\n|\n|-heal|p2a: Wo-Chien|86\/100|[from] item: Leftovers\n|-damage|p1b: Palafin|88\/100|[from] Leech Seed|[of] p2a: Wo-Chien\n|-heal|p2a: Wo-Chien|99\/100|[silent]\n|upkeep\n|turn|9\n|inactive|UltravioletVGC has 30 seconds left.\n|inactive|DerpinGoose has 30 seconds left.\n|inactive|UltravioletVGC has 20 seconds left.\n|inactive|DerpinGoose has 20 seconds left.\n|inactive|DerpinGoose has 15 seconds left.\n|inactive|DerpinGoose has 10 seconds left.\n|inactive|DerpinGoose has 5 seconds left.\n|\n|t:|1681769962\n|move|p2a: Wo-Chien|Protect||[still]\n|-fail|p2a: Wo-Chien\n|move|p1b: Palafin|Jet Punch|p2b: Iron Bundle\n|-resisted|p2b: Iron Bundle\n|-damage|p2b: Iron Bundle|4\/100 slp\n|-curestatus|p2b: Iron Bundle|slp|[msg]\n|move|p2b: Iron Bundle|Blizzard|p1b: Palafin|[spread] p1a,p1b\n|-supereffective|p1a: Amoonguss\n|-resisted|p1b: Palafin\n|-damage|p1a: Amoonguss|0 fnt\n|-damage|p1b: Palafin|56\/100\n|faint|p1a: Amoonguss\n|\n|-heal|p2a: Wo-Chien|100\/100|[from] item: Leftovers\n|-damage|p1b: Palafin|44\/100|[from] Leech Seed|[of] p2a: Wo-Chien\n|upkeep\n|\n|t:|1681769979\n|switch|p1a: Flutter Mane|Flutter Mane, L50|63\/100\n|turn|10\n|\n|t:|1681769992\n|switch|p1b: Corviknight|Corviknight, L50, M|19\/100\n|-ability|p1b: Corviknight|Pressure\n|-terastallize|p2a: Wo-Chien|Poison\n|move|p2b: Iron Bundle|Blizzard|p1b: Corviknight|[spread] p1a\n|-miss|p2b: Iron Bundle|p1b: Corviknight\n|-damage|p1a: Flutter Mane|0 fnt\n|faint|p1a: Flutter Mane\n|-end|p1a: Flutter Mane|Protosynthesis|[silent]\n|move|p2a: Wo-Chien|Leech Seed|p1b: Corviknight\n|-start|p1b: Corviknight|move: Leech Seed\n|\n|-damage|p1b: Corviknight|7\/100|[from] Leech Seed|[of] p2a: Wo-Chien\n|upkeep\n|\n|t:|1681770003\n|switch|p1a: Palafin|Palafin-Hero, L50, F, tera:Water|44\/100\n|turn|11\n|\n|t:|1681770011\n|move|p1a: Palafin|Jet Punch|p2b: Iron Bundle\n|-resisted|p2b: Iron Bundle\n|-crit|p2b: Iron Bundle\n|-damage|p2b: Iron Bundle|0 fnt\n|faint|p2b: Iron Bundle\n|-end|p2b: Iron Bundle|Quark Drive|[silent]\n|move|p1b: Corviknight|Taunt|p2a: Wo-Chien\n|-start|p2a: Wo-Chien|move: Taunt\n|cant|p2a: Wo-Chien|move: Taunt|Leech Seed\n|\n|-damage|p1b: Corviknight|0 fnt|[from] Leech Seed|[of] p2a: Wo-Chien\n|faint|p1b: Corviknight\n|upkeep\n|\n|t:|1681770020\n|switch|p2b: Flutter Mane|Flutter Mane, L50|100\/100\n|turn|12\n|\n|t:|1681770026\n|move|p1a: Palafin|Jet Punch|p2b: Flutter Mane\n|-crit|p2b: Flutter Mane\n|-enditem|p2b: Flutter Mane|Focus Sash\n|-damage|p2b: Flutter Mane|1\/100\n|move|p2b: Flutter Mane|Moonblast|p1a: Palafin\n|-crit|p1a: Palafin\n|-damage|p1a: Palafin|0 fnt\n|faint|p1a: Palafin\n|\n|win|DerpinGoose\n|raw|UltravioletVGC's rating: 1064 → 1043<\/strong> (-21 for losing)\n|raw|DerpinGoose's rating: 1047 → 1082<\/strong> (+35 for winning)\n","uploadtime":1681770030,"views":6,"p1id":"ultravioletvgc","p2id":"derpingoose","formatid":"gen9vgc2023regulationc","rating":1043,"private":0,"password":""}