{"id":"gen9vgc2023regulationc-1861371450","p1":"Ytterby","p2":"LoveThyEnemy","format":"[Gen 9] VGC 2023 Regulation C","log":"|j|\u2606Ytterby\n|j|\u2606LoveThyEnemy\n|t:|1683750569\n|gametype|doubles\n|player|p1|Ytterby|brycenman|1264\n|player|p2|LoveThyEnemy|265|1227\n|teamsize|p1|6\n|teamsize|p2|6\n|gen|9\n|tier|[Gen 9] VGC 2023 Regulation C\n|rated|\n|rule|Species Clause: Limit one of each Pok\u00e9mon\n|rule|Item Clause: Limit one of each item\n|clearpoke\n|poke|p1|Palafin, L50, F|\n|poke|p1|Pelipper, L50, F|\n|poke|p1|Farigiraf, L50, F|\n|poke|p1|Gholdengo, L50|\n|poke|p1|Gastrodon, L50, M|\n|poke|p1|Forretress, L50, F|\n|poke|p2|Bronzong, L50|\n|poke|p2|Iron Hands, L50|\n|poke|p2|Ting-Lu, L50|\n|poke|p2|Flutter Mane, L50|\n|poke|p2|Chi-Yu, L50|\n|poke|p2|Palafin, L50, M|\n|teampreview|4\nYtterby has agreed to open team sheets.\n|inactive|Battle timer is ON: inactive players will automatically lose when time's up. (requested by LoveThyEnemy)\nLoveThyEnemy has agreed to open team sheets.\n|\n|t:|1683750629\n|start\n|switch|p1a: Forretress|Forretress, L50, F, shiny|100\/100\n|switch|p1b: Palafin|Palafin, L50, F|100\/100\n|switch|p2a: Bronzong|Bronzong, L50|100\/100\n|switch|p2b: Palafin|Palafin, L50, M|100\/100\n|turn|1\n|inactive|Ytterby has 30 seconds left.\n|inactive|LoveThyEnemy has 30 seconds left.\n|inactive|LoveThyEnemy has 20 seconds left.\n|inactive|LoveThyEnemy has 15 seconds left.\n|inactive|LoveThyEnemy has 10 seconds left.\n|\n|t:|1683750677\n|detailschange|p2b: Palafin|Palafin-Hero, L50, M\n|switch|p2b: Chi-Yu|Chi-Yu, L50|100\/100\n|-ability|p2b: Chi-Yu|Beads of Ruin\n|-terastallize|p1b: Palafin|Water\n|move|p1b: Palafin|Wave Crash|p2a: Bronzong\n|-damage|p2a: Bronzong|55\/100\n|-damage|p1b: Palafin|87\/100|[from] Recoil\n|move|p1a: Forretress|Stealth Rock|p2b: Chi-Yu\n|-sidestart|p2: LoveThyEnemy|move: Stealth Rock\n|move|p2a: Bronzong|Body Press|p1b: Palafin\n|-damage|p1b: Palafin|54\/100\n|\n|upkeep\n|turn|2\n|\n|t:|1683750702\n|switch|p1a: Pelipper|Pelipper, L50, F, shiny|100\/100\n|-weather|RainDance|[from] ability: Drizzle|[of] p1a: Pelipper\n|-terastallize|p2b: Chi-Yu|Water\n|move|p1b: Palafin|Jet Punch|p2b: Chi-Yu\n|-resisted|p2b: Chi-Yu\n|-damage|p2b: Chi-Yu|75\/100\n|move|p2b: Chi-Yu|Dark Pulse|p1b: Palafin\n|-damage|p1b: Palafin|0 fnt\n|faint|p1b: Palafin\n|move|p2a: Bronzong|Body Press|p1a: Pelipper\n|-resisted|p1a: Pelipper\n|-damage|p1a: Pelipper|84\/100\n|\n|-weather|RainDance|[upkeep]\n|upkeep\n|\n|t:|1683750722\n|switch|p1b: Forretress|Forretress, L50, F, shiny|100\/100\n|turn|3\n|\n|t:|1683750739\n|switch|p1b: Gastrodon|Gastrodon, L50, M|100\/100\n|move|p2b: Chi-Yu|Dark Pulse|p1a: Pelipper\n|-damage|p1a: Pelipper|0 fnt\n|faint|p1a: Pelipper\n|move|p2a: Bronzong|Trick Room|p2a: Bronzong\n|-fieldstart|move: Trick Room|[of] p2a: Bronzong\n|\n|-weather|RainDance|[upkeep]\n|upkeep\n|\n|t:|1683750746\n|switch|p1a: Forretress|Forretress, L50, F, shiny|100\/100\n|turn|4\n|\n|t:|1683750760\n|move|p1b: Gastrodon|Muddy Water|p2a: Bronzong|[spread] p2a\n|-miss|p1b: Gastrodon|p2b: Chi-Yu\n|-damage|p2a: Bronzong|3\/100\n|-unboost|p2a: Bronzong|accuracy|1\n|-enditem|p2a: Bronzong|Sitrus Berry|[eat]\n|-heal|p2a: Bronzong|28\/100|[from] item: Sitrus Berry\n|move|p1a: Forretress|Iron Defense|p1a: Forretress\n|-boost|p1a: Forretress|def|2\n|move|p2b: Chi-Yu|Dark Pulse|p1a: Forretress\n|-damage|p1a: Forretress|3\/100\n|move|p2a: Bronzong|Trick Room|p2a: Bronzong\n|-fieldend|move: Trick Room\n|\n|-weather|RainDance|[upkeep]\n|-heal|p1a: Forretress|10\/100|[from] item: Leftovers\n|upkeep\n|turn|5\n|\n|t:|1683750780\n|move|p2b: Chi-Yu|Dark Pulse|p1a: Forretress\n|-damage|p1a: Forretress|0 fnt\n|faint|p1a: Forretress\n|move|p1b: Gastrodon|Muddy Water|p2b: Chi-Yu|[spread] p2a,p2b\n|-resisted|p2b: Chi-Yu\n|-damage|p2a: Bronzong|0 fnt\n|-damage|p2b: Chi-Yu|53\/100\n|-unboost|p2b: Chi-Yu|accuracy|1\n|faint|p2a: Bronzong\n|\n|-weather|RainDance|[upkeep]\n|upkeep\n|\n|t:|1683750797\n|switch|p2a: Iron Hands|Iron Hands, L50|100\/100\n|-damage|p2a: Iron Hands|95\/100|[from] Stealth Rock\n|turn|6\n|\n|t:|1683750813\n|move|p2b: Chi-Yu|Dark Pulse|p1b: Gastrodon\n|-damage|p1b: Gastrodon|25\/100\n|move|p2a: Iron Hands|Close Combat|p1b: Gastrodon\n|-damage|p1b: Gastrodon|0 fnt\n|-unboost|p2a: Iron Hands|def|1\n|-unboost|p2a: Iron Hands|spd|1\n|faint|p1b: Gastrodon\n|\n|win|LoveThyEnemy\n|raw|Ytterby's rating: 1264 → 1236<\/strong> (-28 for losing)\n|raw|LoveThyEnemy's rating: 1227 → 1255<\/strong> (+28 for winning)\n","uploadtime":1683750820,"views":4,"p1id":"ytterby","p2id":"lovethyenemy","formatid":"gen9vgc2023regulationc","rating":1236,"private":0,"password":""}