{"id":"gen9vgc2023regulationc-1855205991","p1":"CityMan16","p2":"Cjpremo","format":"[Gen 9] VGC 2023 Regulation C","log":"|j|\u2606CityMan16\n|j|\u2606Cjpremo\n|t:|1682914976\n|gametype|doubles\n|player|p1|CityMan16|marlon|1122\n|player|p2|Cjpremo|266|1094\n|teamsize|p1|6\n|teamsize|p2|6\n|gen|9\n|tier|[Gen 9] VGC 2023 Regulation C\n|rated|\n|rule|Species Clause: Limit one of each Pok\u00e9mon\n|rule|Item Clause: Limit one of each item\n|clearpoke\n|poke|p1|Ting-Lu, L50|\n|poke|p1|Vivillon, L50, M|\n|poke|p1|Iron Bundle, L50|\n|poke|p1|Abomasnow, L50, M|\n|poke|p1|Annihilape, L50, M|\n|poke|p1|Chien-Pao, L50|\n|poke|p2|Lycanroc, L50, F|\n|poke|p2|Tyranitar, L50, F|\n|poke|p2|Annihilape, L50, M|\n|poke|p2|Ting-Lu, L50|\n|poke|p2|Armarouge, L50, F|\n|poke|p2|Indeedee-F, L50, F|\n|teampreview|4\n|\n|t:|1682915026\n|start\n|switch|p1a: Abomasnow|Abomasnow, L50, M|100\/100\n|switch|p1b: Iron Bundle|Iron Bundle, L50|100\/100\n|switch|p2a: Armarouge|Armarouge, L50, F|100\/100\n|switch|p2b: Lycanroc|Lycanroc, L50, F|100\/100\n|-weather|Snow|[from] ability: Snow Warning|[of] p1a: Abomasnow\n|-enditem|p1b: Iron Bundle|Booster Energy\n|-activate|p1b: Iron Bundle|ability: Quark Drive|[fromitem]\n|-start|p1b: Iron Bundle|quarkdrivespe\n|turn|1\n|\n|t:|1682915089\n|switch|p2b: Indeedee|Indeedee-F, L50, F|100\/100\n|-fieldstart|move: Psychic Terrain|[from] ability: Psychic Surge|[of] p2b: Indeedee\n|-terastallize|p2a: Armarouge|Grass\n|-terastallize|p1a: Abomasnow|Water\n|move|p1b: Iron Bundle|Protect|p1b: Iron Bundle\n|-singleturn|p1b: Iron Bundle|Protect\n|move|p2a: Armarouge|Expanding Force|p1a: Abomasnow|[spread] p1a\n|-activate|p1b: Iron Bundle|move: Protect\n|-damage|p1a: Abomasnow|33\/100\n|move|p1a: Abomasnow|Energy Ball|p2a: Armarouge\n|-resisted|p2a: Armarouge\n|-damage|p2a: Armarouge|73\/100\n|-damage|p1a: Abomasnow|24\/100|[from] item: Life Orb\n|\n|-weather|Snow|[upkeep]\n|upkeep\n|turn|2\n|\n|t:|1682915127\n|move|p1a: Abomasnow|Helping Hand|p1b: Iron Bundle\n|-singleturn|p1b: Iron Bundle|Helping Hand|[of] p1a: Abomasnow\n|move|p2a: Armarouge|Protect|p2a: Armarouge\n|-singleturn|p2a: Armarouge|Protect\n|move|p1b: Iron Bundle|Blizzard|p2b: Indeedee|[spread] p2b\n|-activate|p2a: Armarouge|move: Protect\n|-damage|p2b: Indeedee|46\/100\n|move|p2b: Indeedee|Psychic|p1a: Abomasnow\n|-damage|p1a: Abomasnow|0 fnt\n|faint|p1a: Abomasnow\n|\n|-weather|Snow|[upkeep]\n|upkeep\n|\n|t:|1682915143\n|switch|p1a: Chien-Pao|Chien-Pao, L50|100\/100\n|-ability|p1a: Chien-Pao|Sword of Ruin\n|turn|3\n|\n|t:|1682915172\n|switch|p2a: Ting-Lu|Ting-Lu, L50|100\/100\n|-ability|p2a: Ting-Lu|Vessel of Ruin\n|move|p1b: Iron Bundle|Blizzard|p2a: Ting-Lu|[spread] p2a,p2b\n|-supereffective|p2a: Ting-Lu\n|-damage|p2a: Ting-Lu|75\/100\n|-damage|p2b: Indeedee|19\/100\n|move|p1a: Chien-Pao|Sacred Sword|p2b: Indeedee\n|-damage|p2b: Indeedee|0 fnt\n|faint|p2b: Indeedee\n|\n|-weather|Snow|[upkeep]\n|upkeep\n|\n|t:|1682915204\n|switch|p2b: Lycanroc|Lycanroc, L50, F|100\/100\n|turn|4\n|\n|t:|1682915224\n|move|p1b: Iron Bundle|Aurora Veil|p1b: Iron Bundle\n|-sidestart|p1: CityMan16|move: Aurora Veil\n|move|p1a: Chien-Pao|Sacred Sword|p2b: Lycanroc\n|-supereffective|p2b: Lycanroc\n|-enditem|p2b: Lycanroc|Focus Sash\n|-damage|p2b: Lycanroc|1\/100\n|move|p2b: Lycanroc|Bulldoze|p1a: Chien-Pao|[spread] p2a,p1a,p1b\n|-damage|p2a: Ting-Lu|65\/100\n|-damage|p1a: Chien-Pao|93\/100\n|-damage|p1b: Iron Bundle|90\/100\n|-unboost|p2a: Ting-Lu|spe|1\n|-unboost|p1a: Chien-Pao|spe|1\n|-unboost|p1b: Iron Bundle|spe|1\n|move|p2a: Ting-Lu|Heavy Slam|p1b: Iron Bundle\n|-damage|p1b: Iron Bundle|70\/100\n|\n|-weather|Snow|[upkeep]\n|upkeep\n|turn|5\n|\n|t:|1682915269\n|move|p1b: Iron Bundle|Blizzard|p2b: Lycanroc|[spread] p2a,p2b\n|-supereffective|p2a: Ting-Lu\n|-damage|p2a: Ting-Lu|37\/100\n|-damage|p2b: Lycanroc|0 fnt\n|-status|p2a: Ting-Lu|frz\n|faint|p2b: Lycanroc\n|move|p1a: Chien-Pao|Haze|p1a: Chien-Pao\n|-clearallboost\n|cant|p2a: Ting-Lu|frz\n|\n|-weather|none\n|-fieldend|move: Psychic Terrain\n|upkeep\n|\n|t:|1682915272\n|switch|p2b: Armarouge|Armarouge, L50, F, tera:Grass|73\/100\n|turn|6\n|\n|t:|1682915298\n|move|p1b: Iron Bundle|Blizzard|p2b: Armarouge|[spread] p2a,p2b\n|-supereffective|p2a: Ting-Lu\n|-supereffective|p2b: Armarouge\n|-damage|p2a: Ting-Lu|10\/100 frz\n|-damage|p2b: Armarouge|0 fnt\n|faint|p2b: Armarouge\n|move|p1a: Chien-Pao|Ice Spinner|p2a: Ting-Lu\n|-supereffective|p2a: Ting-Lu\n|-damage|p2a: Ting-Lu|0 fnt\n|faint|p2a: Ting-Lu\n|\n|win|CityMan16\n|raw|CityMan16's rating: 1122 → 1145<\/strong> (+23 for winning)\n|raw|Cjpremo's rating: 1094 → 1072<\/strong> (-22 for losing)\n|l|\u2606Cjpremo\n","uploadtime":1682915313,"views":13,"p1id":"cityman16","p2id":"cjpremo","formatid":"gen9vgc2023regulationc","rating":1072,"private":0,"password":""}