{"id":"gen9vgc2023regulationc-1847929984","p1":"TNTBlowzUp","p2":"Dww0057","format":"[Gen 9] VGC 2023 Regulation C","log":"|j|\u2606TNTBlowzUp\n|j|\u2606Dww0057\n|t:|1682013556\n|gametype|doubles\n|player|p1|TNTBlowzUp|harlequin|1000\n|player|p2|Dww0057|266|1009\n|teamsize|p1|6\n|teamsize|p2|6\n|gen|9\n|tier|[Gen 9] VGC 2023 Regulation C\n|rated|\n|rule|Species Clause: Limit one of each Pok\u00e9mon\n|rule|Item Clause: Limit one of each item\n|clearpoke\n|poke|p1|Electrode, L50|\n|poke|p1|Iron Bundle, L50|\n|poke|p1|Armarouge, L50, M|\n|poke|p1|Palafin, L50, M|\n|poke|p1|Amoonguss, L50, M|\n|poke|p1|Dragonite, L50, F|\n|poke|p2|Iron Hands, L50|\n|poke|p2|Blissey, L50, F|\n|poke|p2|Umbreon, L50, M|\n|poke|p2|Tauros-Paldea-Blaze, L50, M|\n|poke|p2|Corviknight, L50, M|\n|poke|p2|Flutter Mane, L50|\n|teampreview|4\n|\n|t:|1682013610\n|start\n|switch|p1a: Electrode|Electrode, L50, shiny|100\/100\n|switch|p1b: Palafin|Palafin, L50, M, shiny|100\/100\n|switch|p2a: Blissey|Blissey, L50, F|100\/100\n|switch|p2b: Corviknight|Corviknight, L50, M|100\/100\n|turn|1\n|\n|t:|1682013640\n|move|p1b: Palafin|Protect|p1b: Palafin\n|-singleturn|p1b: Palafin|Protect\n|move|p2a: Blissey|Protect|p2a: Blissey\n|-singleturn|p2a: Blissey|Protect\n|move|p1a: Electrode|Discharge|p2a: Blissey|[spread] p2b\n|-activate|p1b: Palafin|move: Protect\n|-activate|p2a: Blissey|move: Protect\n|-supereffective|p2b: Corviknight\n|-damage|p2b: Corviknight|61\/100\n|-status|p2b: Corviknight|par\n|move|p2b: Corviknight|Bulk Up|p2b: Corviknight\n|-boost|p2b: Corviknight|atk|1\n|-boost|p2b: Corviknight|def|1\n|\n|upkeep\n|turn|2\n|\n|t:|1682013659\n|detailschange|p1b: Palafin|Palafin-Hero, L50, M, shiny\n|switch|p1b: Amoonguss|Amoonguss, L50, M, shiny|100\/100\n|move|p1a: Electrode|Volt Switch|p2b: Corviknight\n|-supereffective|p2b: Corviknight\n|-damage|p2b: Corviknight|22\/100 par\n|\n|t:|1682013665\n|switch|p1a: Palafin|Palafin-Hero, L50, M, shiny|100\/100|[from] Volt Switch\n|-activate|p1a: Palafin|ability: Zero to Hero\n|move|p2a: Blissey|Icy Wind|p1b: Amoonguss|[spread] p1a,p1b\n|-resisted|p1a: Palafin\n|-supereffective|p1b: Amoonguss\n|-damage|p1a: Palafin|96\/100\n|-damage|p1b: Amoonguss|88\/100\n|-unboost|p1a: Palafin|spe|1\n|move|p2b: Corviknight|Roost|p2b: Corviknight\n|-heal|p2b: Corviknight|72\/100 par\n|-singleturn|p2b: Corviknight|move: Roost\n|\n|upkeep\n|turn|3\n|\n|t:|1682013698\n|switch|p1b: Electrode|Electrode, L50, shiny|100\/100\n|move|p1a: Palafin|Haze|p1a: Palafin\n|-clearallboost\n|move|p2a: Blissey|Icy Wind|p1b: Electrode|[spread] p1a,p1b\n|-resisted|p1a: Palafin\n|-damage|p1a: Palafin|92\/100\n|-damage|p1b: Electrode|89\/100\n|-unboost|p1a: Palafin|spe|1\n|-unboost|p1b: Electrode|spe|1\n|cant|p2b: Corviknight|par\n|\n|upkeep\n|turn|4\n|\n|t:|1682013718\n|move|p1a: Palafin|Protect|p1a: Palafin\n|-singleturn|p1a: Palafin|Protect\n|move|p1b: Electrode|Discharge|p2b: Corviknight|[spread] p2a,p2b\n|-activate|p1a: Palafin|move: Protect\n|-supereffective|p2b: Corviknight\n|-damage|p2a: Blissey|91\/100\n|-damage|p2b: Corviknight|36\/100 par\n|-status|p2a: Blissey|par\n|move|p2b: Corviknight|Roost|p2b: Corviknight\n|-heal|p2b: Corviknight|86\/100 par\n|-singleturn|p2b: Corviknight|move: Roost\n|move|p2a: Blissey|Icy Wind|p1a: Palafin|[spread] p1b\n|-activate|p1a: Palafin|move: Protect\n|-damage|p1b: Electrode|77\/100\n|-unboost|p1b: Electrode|spe|1\n|\n|-heal|p2a: Blissey|97\/100 par|[from] item: Leftovers\n|upkeep\n|turn|5\n|\n|t:|1682013754\n|move|p1a: Palafin|Wave Crash|p2b: Corviknight\n|-damage|p2b: Corviknight|18\/100 par\n|-damage|p1a: Palafin|76\/100|[from] item: Rocky Helmet|[of] p2b: Corviknight\n|-damage|p1a: Palafin|50\/100|[from] Recoil\n|move|p1b: Electrode|Volt Switch|p2b: Corviknight\n|-supereffective|p2b: Corviknight\n|-damage|p2b: Corviknight|0 fnt\n|faint|p2b: Corviknight\n|\n|t:|1682013765\n|switch|p1b: Amoonguss|Amoonguss, L50, M, shiny|100\/100|[from] Volt Switch\n|move|p2a: Blissey|Icy Wind|p1a: Palafin|[spread] p1a,p1b\n|-resisted|p1a: Palafin\n|-supereffective|p1b: Amoonguss\n|-damage|p1a: Palafin|45\/100\n|-damage|p1b: Amoonguss|87\/100\n|-unboost|p1a: Palafin|spe|1\n|\n|-heal|p2a: Blissey|100\/100 par|[from] item: Leftovers\n|upkeep\n|\n|t:|1682013783\n|switch|p2b: Tauros|Tauros-Paldea-Blaze, L50, M|100\/100\n|-ability|p2b: Tauros|Intimidate|boost\n|-unboost|p1a: Palafin|atk|1\n|-unboost|p1b: Amoonguss|atk|1\n|turn|6\n|\n|t:|1682013820\n|move|p1b: Amoonguss|Rage Powder|p1b: Amoonguss\n|-singleturn|p1b: Amoonguss|move: Rage Powder\n|move|p2b: Tauros|Raging Bull|p1b: Amoonguss\n|-supereffective|p1b: Amoonguss\n|-damage|p1b: Amoonguss|24\/100\n|move|p1a: Palafin|Haze|p1a: Palafin\n|-clearallboost\n|move|p2a: Blissey|Seismic Toss|p1b: Amoonguss\n|-damage|p1b: Amoonguss|1\/100\n|\n|upkeep\n|turn|7\n|\n|t:|1682013843\n|move|p2b: Tauros|Protect|p2b: Tauros\n|-singleturn|p2b: Tauros|Protect\n|move|p1a: Palafin|Wave Crash|p2b: Tauros\n|-activate|p2b: Tauros|move: Protect\n|move|p1b: Amoonguss|Pollen Puff|p1a: Palafin\n|-heal|p1a: Palafin|95\/100\n|cant|p2a: Blissey|par\n|\n|upkeep\n|turn|8\n|\n|t:|1682013870\n|switch|p1b: Dragonite|Dragonite, L50, F|100\/100\n|move|p2b: Tauros|Close Combat|p1a: Palafin\n|-damage|p1a: Palafin|40\/100\n|-unboost|p2b: Tauros|def|1\n|-unboost|p2b: Tauros|spd|1\n|move|p1a: Palafin|Wave Crash|p2b: Tauros\n|-supereffective|p2b: Tauros\n|-damage|p2b: Tauros|0 fnt\n|faint|p2b: Tauros\n|-damage|p1a: Palafin|11\/100|[from] Recoil\n|move|p2a: Blissey|Icy Wind|p1b: Dragonite|[spread] p1a,p1b\n|-resisted|p1a: Palafin\n|-supereffective|p1b: Dragonite\n|-damage|p1a: Palafin|7\/100\n|-damage|p1b: Dragonite|74\/100\n|-unboost|p1a: Palafin|spe|1\n|-unboost|p1b: Dragonite|spe|1\n|\n|upkeep\n|\n|t:|1682013889\n|switch|p2b: Flutter Mane|Flutter Mane, L50|100\/100\n|turn|9\n|\n|t:|1682013907\n|move|p1a: Palafin|Protect|p1a: Palafin\n|-singleturn|p1a: Palafin|Protect\n|move|p2b: Flutter Mane|Dazzling Gleam|p1a: Palafin|[spread] p1b\n|-activate|p1a: Palafin|move: Protect\n|-supereffective|p1b: Dragonite\n|-damage|p1b: Dragonite|0 fnt\n|faint|p1b: Dragonite\n|cant|p2a: Blissey|par\n|\n|upkeep\n|\n|t:|1682013921\n|switch|p1b: Electrode|Electrode, L50, shiny|77\/100\n|turn|10\n|\n|t:|1682013935\n|switch|p1a: Amoonguss|Amoonguss, L50, M, shiny|34\/100\n|move|p2b: Flutter Mane|Dazzling Gleam|p1b: Electrode|[spread] p1a,p1b\n|-resisted|p1a: Amoonguss\n|-damage|p1a: Amoonguss|14\/100\n|-damage|p1b: Electrode|4\/100\n|move|p1b: Electrode|Volt Switch|p2b: Flutter Mane\n|-damage|p2b: Flutter Mane|66\/100\n|\n|t:|1682013938\n|switch|p1b: Palafin|Palafin-Hero, L50, M, shiny|7\/100|[from] Volt Switch\n|cant|p2a: Blissey|par\n|\n|upkeep\n|turn|11\n|\n|t:|1682013972\n|-terastallize|p1b: Palafin|Water\n|move|p1a: Amoonguss|Rage Powder|p1a: Amoonguss\n|-singleturn|p1a: Amoonguss|move: Rage Powder\n|move|p1b: Palafin|Jet Punch|p2b: Flutter Mane\n|-damage|p2b: Flutter Mane|0 fnt\n|faint|p2b: Flutter Mane\n|-end|p2b: Flutter Mane|Protosynthesis|[silent]\n|cant|p2a: Blissey|par\n|\n|upkeep\n|turn|12\n|\n|t:|1682013986\n|move|p1b: Palafin|Jet Punch|p2a: Blissey\n|-damage|p2a: Blissey|48\/100 par\n|move|p1a: Amoonguss|Pollen Puff|p1b: Palafin\n|-heal|p1b: Palafin|57\/100\n|move|p2a: Blissey|Icy Wind|p1a: Amoonguss|[spread] p1b\n|-miss|p2a: Blissey|p1a: Amoonguss\n|-resisted|p1b: Palafin\n|-damage|p1b: Palafin|53\/100\n|-unboost|p1b: Palafin|spe|1\n|\n|-heal|p2a: Blissey|54\/100 par|[from] item: Leftovers\n|upkeep\n|turn|13\n|\n|t:|1682014005\n|switch|p1a: Electrode|Electrode, L50, shiny|4\/100\n|move|p1b: Palafin|Jet Punch|p2a: Blissey\n|-damage|p2a: Blissey|7\/100 par\n|move|p2a: Blissey|Icy Wind|p1a: Electrode|[spread] p1a,p1b\n|-resisted|p1b: Palafin\n|-damage|p1a: Electrode|0 fnt\n|-damage|p1b: Palafin|49\/100\n|-unboost|p1b: Palafin|spe|1\n|faint|p1a: Electrode\n|\n|-heal|p2a: Blissey|13\/100 par|[from] item: Leftovers\n|upkeep\n|\n|t:|1682014007\n|switch|p1a: Amoonguss|Amoonguss, L50, M, shiny|47\/100\n|turn|14\n|\n|t:|1682014023\n|move|p1b: Palafin|Jet Punch|p2a: Blissey\n|-crit|p2a: Blissey\n|-damage|p2a: Blissey|0 fnt\n|faint|p2a: Blissey\n|\n|win|TNTBlowzUp\n|raw|TNTBlowzUp's rating: 1000 → 1041<\/strong> (+41 for winning)\n|raw|Dww0057's rating: 1009 → 1000<\/strong> (-9 for losing)\n|l|\u2606Dww0057\n","uploadtime":1682014036,"views":13,"p1id":"tntblowzup","p2id":"dww0057","formatid":"gen9vgc2023regulationc","rating":1000,"private":0,"password":""}