{"id":"gen9vgc2023regulationc-1850754311","p1":"4Azzy","p2":"r3gCt3st","format":"[Gen 9] VGC 2023 Regulation C","log":"|j|\u26064Azzy\n|j|\u2606r3gCt3st\n|t:|1682364833\n|gametype|doubles\n|player|p1|4Azzy|will|1201\n|player|p2|r3gCt3st|unknown|1190\n|teamsize|p1|6\n|teamsize|p2|4\n|gen|9\n|tier|[Gen 9] VGC 2023 Regulation C\n|rated|\n|rule|Species Clause: Limit one of each Pok\u00e9mon\n|rule|Item Clause: Limit one of each item\n|clearpoke\n|poke|p1|Kingambit, L50, F|\n|poke|p1|Dragonite, L50, F|\n|poke|p1|Amoonguss, L50, F|\n|poke|p1|Flutter Mane, L50|\n|poke|p1|Roaring Moon, L50|\n|poke|p1|Gyarados, L50, F|\n|poke|p2|Armarouge, L50, M|\n|poke|p2|Indeedee-F, L50, F|\n|poke|p2|Maushold-Four, L50|\n|poke|p2|Annihilape, L50, F|\n|teampreview|4\n|inactive|Battle timer is ON: inactive players will automatically lose when time's up. (requested by 4Azzy)\n4Azzy has agreed to open team sheets.\n|inactive|4Azzy has 60 seconds left.\n|inactive|4Azzy has 30 seconds left.\n|inactive|4Azzy has 20 seconds left.\n|inactive|4Azzy has 15 seconds left.\n|inactive|4Azzy has 10 seconds left.\n|\n|t:|1682364915\n|start\n|switch|p1a: AAAAAAAAAA|Gyarados, L50, F|100\/100\n|switch|p1b: *vineboom*|Amoonguss, L50, F|100\/100\n|switch|p2a: Armarouge|Armarouge, L50, M|100\/100\n|switch|p2b: Maushold|Maushold-Four, L50|100\/100\n|-ability|p1a: AAAAAAAAAA|Intimidate|boost\n|-unboost|p2a: Armarouge|atk|1\n|-unboost|p2b: Maushold|atk|1\n|turn|1\n|inactive|4Azzy has 30 seconds left.\n|\n|t:|1682364949\n|-terastallize|p2a: Armarouge|Grass\n|move|p2b: Maushold|Beat Up|p2a: Armarouge\n|-damage|p2a: Armarouge|99\/100\n|-ability|p2a: Armarouge|Weak Armor|boost\n|-unboost|p2a: Armarouge|def|1\n|-boost|p2a: Armarouge|spe|2\n|-damage|p2a: Armarouge|98\/100\n|-ability|p2a: Armarouge|Weak Armor|boost\n|-unboost|p2a: Armarouge|def|1\n|-boost|p2a: Armarouge|spe|2\n|-damage|p2a: Armarouge|97\/100\n|-ability|p2a: Armarouge|Weak Armor|boost\n|-unboost|p2a: Armarouge|def|1\n|-boost|p2a: Armarouge|spe|2\n|-damage|p2a: Armarouge|94\/100\n|-ability|p2a: Armarouge|Weak Armor|boost\n|-unboost|p2a: Armarouge|def|1\n|-hitcount|p2a: Armarouge|4\n|move|p2a: Armarouge|Expanding Force|p1b: *vineboom*\n|-supereffective|p1b: *vineboom*\n|-damage|p1b: *vineboom*|5\/100\n|-damage|p2a: Armarouge|84\/100|[from] item: Life Orb\n|move|p1a: AAAAAAAAAA|Taunt|p2a: Armarouge\n|-start|p2a: Armarouge|move: Taunt\n|move|p1b: *vineboom*|Spore|p2b: Maushold\n|-activate|p2b: Maushold|item: Safety Goggles|Spore\n|\n|-heal|p1b: *vineboom*|11\/100|[from] item: Leftovers\n|upkeep\n|turn|2\n|\n|t:|1682364967\n|switch|p2b: Indeedee|Indeedee-F, L50, F|100\/100\n|-fieldstart|move: Psychic Terrain|[from] ability: Psychic Surge|[of] p2b: Indeedee\n|-enditem|p2b: Indeedee|Psychic Seed\n|-boost|p2b: Indeedee|spd|1|[from] item: Psychic Seed\n|move|p1b: *vineboom*|Protect|p1b: *vineboom*\n|-singleturn|p1b: *vineboom*|Protect\n|move|p2a: Armarouge|Expanding Force|p1b: *vineboom*|[spread] p1a\n|-activate|p1b: *vineboom*|move: Protect\n|-damage|p1a: AAAAAAAAAA|37\/100\n|-damage|p2a: Armarouge|74\/100|[from] item: Life Orb\n|move|p1a: AAAAAAAAAA|Thunder Wave|p2a: Armarouge\n|-status|p2a: Armarouge|par\n|\n|-heal|p1b: *vineboom*|17\/100|[from] item: Leftovers\n|upkeep\n|turn|3\n|inactive|4Azzy has 30 seconds left.\n|inactive|4Azzy has 20 seconds left.\n|\n|t:|1682365002\n|move|p1a: AAAAAAAAAA|Protect|p1a: AAAAAAAAAA\n|-singleturn|p1a: AAAAAAAAAA|Protect\n|move|p2b: Indeedee|Follow Me|p2b: Indeedee\n|-singleturn|p2b: Indeedee|move: Follow Me\n|cant|p2a: Armarouge|par\n|move|p1b: *vineboom*|Spore|p2b: Indeedee\n|-status|p2b: Indeedee|slp|[from] move: Spore\n|\n|-heal|p1b: *vineboom*|23\/100|[from] item: Leftovers\n|upkeep\n|turn|4\n|\n|t:|1682365023\n|switch|p1b: Silvally Flying|Dragonite, L50, F|100\/100\n|cant|p2b: Indeedee|slp\n|move|p2a: Armarouge|Expanding Force|p1a: AAAAAAAAAA|[spread] p1a,p1b\n|-damage|p1a: AAAAAAAAAA|0 fnt\n|-damage|p1b: Silvally Flying|58\/100\n|faint|p1a: AAAAAAAAAA\n|-damage|p2a: Armarouge|65\/100 par|[from] item: Life Orb\n|\n|-end|p2a: Armarouge|move: Taunt\n|upkeep\n|\n|t:|1682365028\n|switch|p1a: MR HALO\u00ae|Kingambit, L50, F, shiny|100\/100\n|turn|5\n|\n|t:|1682365038\n|cant|p2b: Indeedee|slp\n|move|p2a: Armarouge|Armor Cannon|p1a: MR HALO\u00ae\n|-supereffective|p1a: MR HALO\u00ae\n|-damage|p1a: MR HALO\u00ae|0 fnt\n|-unboost|p2a: Armarouge|def|1\n|-unboost|p2a: Armarouge|spd|1\n|faint|p1a: MR HALO\u00ae\n|-damage|p2a: Armarouge|55\/100 par|[from] item: Life Orb\n|move|p1b: Silvally Flying|Ice Spinner|p2a: Armarouge\n|-supereffective|p2a: Armarouge\n|-damage|p2a: Armarouge|0 fnt\n|-fieldend|move: Psychic Terrain\n|faint|p2a: Armarouge\n|\n|upkeep\n|\n|t:|1682365045\n|switch|p2a: Annihilape|Annihilape, L50, F|100\/100\n|switch|p1a: *vineboom*|Amoonguss, L50, F|56\/100\n|turn|6\n|\n|t:|1682365064\n|move|p2a: Annihilape|U-turn|p1a: *vineboom*\n|-damage|p1a: *vineboom*|35\/100\n|\n|t:|1682365067\n|switch|p2a: Maushold|Maushold-Four, L50|100\/100|[from] U-turn\n|move|p1b: Silvally Flying|Ice Spinner|p2a: Maushold\n|-damage|p2a: Maushold|36\/100\n|cant|p2b: Indeedee|slp\n|move|p1a: *vineboom*|Spore|p2a: Maushold\n|-activate|p2a: Maushold|item: Safety Goggles|Spore\n|\n|-heal|p1a: *vineboom*|41\/100|[from] item: Leftovers\n|upkeep\n|turn|7\n|\n|t:|1682365088\n|move|p1a: *vineboom*|Protect|p1a: *vineboom*\n|-singleturn|p1a: *vineboom*|Protect\n|move|p2a: Maushold|Super Fang|p1b: Silvally Flying\n|-damage|p1b: Silvally Flying|29\/100\n|move|p1b: Silvally Flying|Ice Spinner|p2a: Maushold\n|-damage|p2a: Maushold|0 fnt\n|faint|p2a: Maushold\n|-curestatus|p2b: Indeedee|slp|[msg]\n|move|p2b: Indeedee|Dazzling Gleam|p1a: *vineboom*|[spread] p1b\n|-activate|p1a: *vineboom*|move: Protect\n|-supereffective|p1b: Silvally Flying\n|-damage|p1b: Silvally Flying|4\/100\n|\n|-heal|p1a: *vineboom*|47\/100|[from] item: Leftovers\n|upkeep\n|\n|t:|1682365096\n|switch|p2a: Annihilape|Annihilape, L50, F|100\/100\n|turn|8\n|\n|t:|1682365108\n|move|p2a: Annihilape|Phantom Force||[still]\n|-prepare|p2a: Annihilape|Phantom Force\n|move|p1b: Silvally Flying|Ice Spinner|p2b: Indeedee\n|-damage|p2b: Indeedee|52\/100\n|move|p2b: Indeedee|Dazzling Gleam|p1a: *vineboom*|[spread] p1a,p1b\n|-resisted|p1a: *vineboom*\n|-supereffective|p1b: Silvally Flying\n|-damage|p1a: *vineboom*|42\/100\n|-damage|p1b: Silvally Flying|0 fnt\n|faint|p1b: Silvally Flying\n|move|p1a: *vineboom*|Spore|p2a: Annihilape|[miss]\n|-miss|p1a: *vineboom*|p2a: Annihilape\n|\n|-heal|p1a: *vineboom*|48\/100|[from] item: Leftovers\n|upkeep\n|turn|9\n|\n|t:|1682365119\n|-terastallize|p1a: *vineboom*|Dark\n|move|p2b: Indeedee|Helping Hand|p2a: Annihilape\n|-singleturn|p2a: Annihilape|Helping Hand|[of] p2b: Indeedee\n|move|p2a: Annihilape|Phantom Force|p1a: *vineboom*|[from]lockedmove\n|-resisted|p1a: *vineboom*\n|-damage|p1a: *vineboom*|18\/100\n|move|p1a: *vineboom*|Spore|p2a: Annihilape\n|-status|p2a: Annihilape|slp|[from] move: Spore\n|\n|-heal|p1a: *vineboom*|24\/100|[from] item: Leftovers\n|upkeep\n|turn|10\n|inactive|4Azzy has 30 seconds left.\n|inactive|4Azzy has 20 seconds left.\n|\n|t:|1682365157\n|move|p1a: *vineboom*|Protect|p1a: *vineboom*\n|-singleturn|p1a: *vineboom*|Protect\n|cant|p2a: Annihilape|slp\n|move|p2b: Indeedee|Dazzling Gleam|p1a: *vineboom*\n|-activate|p1a: *vineboom*|move: Protect\n|\n|-heal|p1a: *vineboom*|29\/100|[from] item: Leftovers\n|upkeep\n|turn|11\n|\n|t:|1682365166\n|cant|p2a: Annihilape|slp\n|move|p2b: Indeedee|Dazzling Gleam|p1a: *vineboom*\n|-supereffective|p1a: *vineboom*\n|-damage|p1a: *vineboom*|0 fnt\n|faint|p1a: *vineboom*\n|\n|win|r3gCt3st\n|raw|4Azzy's rating: 1201 → 1175<\/strong> (-26 for losing)\n|raw|r3gCt3st's rating: 1190 → 1216<\/strong> (+26 for winning)\n|l|\u26064Azzy\n","uploadtime":1682365181,"views":15,"p1id":"4azzy","p2id":"r3gct3st","formatid":"gen9vgc2023regulationc","rating":1175,"private":0,"password":""}