{"id":"gen9vgc2023regulationc-1858346401","p1":"SbradyB","p2":"yamaguronekuro","format":"[Gen 9] VGC 2023 Regulation C","log":"|j|\u2606SbradyB\n|j|\u2606yamaguronekuro\n|t:|1683304001\n|gametype|doubles\n|player|p1|SbradyB|102|1410\n|player|p2|yamaguronekuro|2|1447\n|teamsize|p1|6\n|teamsize|p2|6\n|gen|9\n|tier|[Gen 9] VGC 2023 Regulation C\n|rated|\n|rule|Species Clause: Limit one of each Pok\u00e9mon\n|rule|Item Clause: Limit one of each item\n|clearpoke\n|poke|p1|Chi-Yu, L50|\n|poke|p1|Gyarados, L50, M|\n|poke|p1|Wo-Chien, L50|\n|poke|p1|Dragonite, L50, F|\n|poke|p1|Glimmora, L50, M|\n|poke|p1|Flutter Mane, L50|\n|poke|p2|Rotom-Wash, L50|\n|poke|p2|Ting-Lu, L50|\n|poke|p2|Gholdengo, L50|\n|poke|p2|Annihilape, L50, M|\n|poke|p2|Maushold-Four, L50|\n|poke|p2|Gyarados, L50, M|\n|teampreview|4\n|inactive|Battle timer is ON: inactive players will automatically lose when time's up. (requested by SbradyB)\n|j| bean_0408\n|inactive|SbradyB has 60 seconds left.\n|inactive|yamaguronekuro has 60 seconds left.\n|\n|t:|1683304056\n|start\n|switch|p1a: Flutter Mane|Flutter Mane, L50|100\/100\n|switch|p1b: DebrisLarson|Glimmora, L50, M|100\/100\n|switch|p2a: Annihilape|Annihilape, L50, M|100\/100\n|switch|p2b: Ting-Lu|Ting-Lu, L50|100\/100\n|-ability|p2b: Ting-Lu|Vessel of Ruin\n|turn|1\n|inactive|SbradyB has 30 seconds left.\n|\n|t:|1683304089\n|-end|p1a: Flutter Mane|Protosynthesis|[silent]\n|switch|p1a: Wo-Chien|Wo-Chien, L50|100\/100\n|-ability|p1a: Wo-Chien|Tablets of Ruin\n|move|p2a: Annihilape|Protect|p2a: Annihilape\n|-singleturn|p2a: Annihilape|Protect\n|move|p1b: DebrisLarson|Toxic|p2a: Annihilape\n|-activate|p2a: Annihilape|move: Protect\n|move|p2b: Ting-Lu|Earthquake|p1a: Wo-Chien|[spread] p1a,p1b\n|-activate|p2a: Annihilape|move: Protect\n|-resisted|p1a: Wo-Chien\n|-supereffective|p1b: DebrisLarson\n|-damage|p1a: Wo-Chien|84\/100\n|-enditem|p1b: DebrisLarson|Focus Sash\n|-damage|p1b: DebrisLarson|1\/100\n|\n|upkeep\n|turn|2\n|inactive|SbradyB has 30 seconds left.\n|inactive|yamaguronekuro has 30 seconds left.\n|inactive|SbradyB has 20 seconds left.\n|inactive|yamaguronekuro has 20 seconds left.\n|inactive|yamaguronekuro has 15 seconds left.\n|inactive|yamaguronekuro has 10 seconds left.\n|inactive|yamaguronekuro has 5 seconds left.\n|\n|t:|1683304142\n|switch|p2b: Gyarados|Gyarados, L50, M|100\/100\n|-ability|p2b: Gyarados|Intimidate|boost\n|-unboost|p1a: Wo-Chien|atk|1\n|-unboost|p1b: DebrisLarson|atk|1\n|-terastallize|p1a: Wo-Chien|Water\n|move|p1b: DebrisLarson|Toxic|p2a: Annihilape\n|-status|p2a: Annihilape|tox\n|move|p2a: Annihilape|Drain Punch|p1b: DebrisLarson\n|-damage|p1b: DebrisLarson|0 fnt\n|faint|p1b: DebrisLarson\n|move|p1a: Wo-Chien|Giga Drain|p2b: Gyarados\n|-damage|p2b: Gyarados|84\/100\n|-heal|p1a: Wo-Chien|93\/100|[from] drain|[of] p2b: Gyarados\n|\n|-damage|p2a: Annihilape|94\/100 tox|[from] psn\n|upkeep\n|\n|t:|1683304162\n|switch|p1b: Flutter Mane|Flutter Mane, L50|100\/100\n|turn|3\n|inactive|yamaguronekuro has 30 seconds left.\n|\n|t:|1683304191\n|move|p1b: Flutter Mane|Thunderbolt|p2b: Gyarados\n|-supereffective|p2b: Gyarados\n|-damage|p2b: Gyarados|0 fnt\n|faint|p2b: Gyarados\n|move|p2a: Annihilape|Rage Fist|p1b: Flutter Mane\n|-supereffective|p1b: Flutter Mane\n|-damage|p1b: Flutter Mane|44\/100\n|move|p1a: Wo-Chien|Ruination|p2a: Annihilape\n|-damage|p2a: Annihilape|48\/100 tox\n|\n|-heal|p2a: Annihilape|54\/100 tox|[from] item: Leftovers\n|-damage|p2a: Annihilape|41\/100 tox|[from] psn\n|upkeep\n|\n|t:|1683304206\n|switch|p2b: Gholdengo|Gholdengo, L50|100\/100\n|turn|4\n|\n|t:|1683304229\n|-end|p1b: Flutter Mane|Protosynthesis|[silent]\n|switch|p1b: Chi-Yu|Chi-Yu, L50|100\/100\n|-ability|p1b: Chi-Yu|Beads of Ruin\n|move|p2b: Gholdengo|Shadow Ball|p1b: Chi-Yu\n|-resisted|p1b: Chi-Yu\n|-damage|p1b: Chi-Yu|82\/100\n|-unboost|p1b: Chi-Yu|spd|1\n|move|p2a: Annihilape|Drain Punch|p1a: Wo-Chien\n|-damage|p1a: Wo-Chien|75\/100\n|-heal|p2a: Annihilape|50\/100 tox|[from] drain|[of] p1a: Wo-Chien\n|move|p1a: Wo-Chien|Snarl|p2b: Gholdengo|[spread] p2a,p2b\n|-supereffective|p2b: Gholdengo\n|-damage|p2a: Annihilape|37\/100 tox\n|-damage|p2b: Gholdengo|58\/100\n|-unboost|p2a: Annihilape|spa|1\n|-ability|p2a: Annihilape|Defiant|boost\n|-boost|p2a: Annihilape|atk|2\n|-unboost|p2b: Gholdengo|spa|1\n|\n|-heal|p1b: Chi-Yu|88\/100|[from] item: Leftovers\n|-heal|p2a: Annihilape|43\/100 tox|[from] item: Leftovers\n|-damage|p2a: Annihilape|24\/100 tox|[from] psn\n|upkeep\n|turn|5\n|inactive|SbradyB has 30 seconds left.\n|inactive|yamaguronekuro has 30 seconds left.\n|inactive|SbradyB has 20 seconds left.\n|\n|t:|1683304267\n|switch|p2b: Ting-Lu|Ting-Lu, L50|100\/100\n|-ability|p2b: Ting-Lu|Vessel of Ruin\n|-terastallize|p2a: Annihilape|Fire\n|move|p1b: Chi-Yu|Protect|p1b: Chi-Yu\n|-singleturn|p1b: Chi-Yu|Protect\n|move|p2a: Annihilape|Drain Punch|p1b: Chi-Yu\n|-activate|p1b: Chi-Yu|move: Protect\n|move|p1a: Wo-Chien|Snarl|p2b: Ting-Lu|[spread] p2a\n|-miss|p1a: Wo-Chien|p2b: Ting-Lu\n|-damage|p2a: Annihilape|14\/100 tox\n|-unboost|p2a: Annihilape|spa|1\n|-ability|p2a: Annihilape|Defiant|boost\n|-boost|p2a: Annihilape|atk|2\n|\n|-heal|p1b: Chi-Yu|94\/100|[from] item: Leftovers\n|-heal|p2a: Annihilape|20\/100 tox|[from] item: Leftovers\n|-damage|p2a: Annihilape|0 fnt|[from] psn\n|faint|p2a: Annihilape\n|upkeep\n|\n|t:|1683304277\n|switch|p2a: Gholdengo|Gholdengo, L50|58\/100\n|turn|6\n|inactive|SbradyB has 30 seconds left.\n|\n|t:|1683304302\n|move|p2a: Gholdengo|Shadow Ball|p1a: Wo-Chien\n|-damage|p1a: Wo-Chien|57\/100\n|move|p1b: Chi-Yu|Heat Wave|p2b: Ting-Lu|[spread] p2a,p2b\n|-supereffective|p2a: Gholdengo\n|-damage|p2a: Gholdengo|0 fnt\n|-damage|p2b: Ting-Lu|74\/100\n|faint|p2a: Gholdengo\n|move|p1a: Wo-Chien|Giga Drain|p2b: Ting-Lu\n|-supereffective|p2b: Ting-Lu\n|-damage|p2b: Ting-Lu|32\/100\n|-heal|p1a: Wo-Chien|85\/100|[from] drain|[of] p2b: Ting-Lu\n|move|p2b: Ting-Lu|Earthquake|p1a: Wo-Chien|[spread] p1a,p1b\n|-supereffective|p1b: Chi-Yu\n|-damage|p1a: Wo-Chien|49\/100\n|-damage|p1b: Chi-Yu|7\/100\n|\n|-heal|p1b: Chi-Yu|13\/100|[from] item: Leftovers\n|upkeep\n|turn|7\n|-message|yamaguronekuro forfeited.\n|\n|win|SbradyB\n|raw|SbradyB's rating: 1410 → 1432<\/strong> (+22 for winning)\n|raw|yamaguronekuro's rating: 1447 → 1425<\/strong> (-22 for losing)\n","uploadtime":1683304340,"views":13,"p1id":"sbradyb","p2id":"yamaguronekuro","formatid":"gen9vgc2023regulationc","rating":1425,"private":0,"password":""}