{"id":"gen9vgc2023regulationc-1846310034","p1":"KoramTrainer","p2":"Vampirestarfish","format":"[Gen 9] VGC 2023 Regulation C","log":"|j|\u2606KoramTrainer\n|j|\u2606Vampirestarfish\n|t:|1681830535\n|gametype|doubles\n|player|p1|KoramTrainer|hilbert|1267\n|player|p2|Vampirestarfish|unknownf|1208\n|teamsize|p1|6\n|teamsize|p2|6\n|gen|9\n|tier|[Gen 9] VGC 2023 Regulation C\n|rated|\n|rule|Species Clause: Limit one of each Pok\u00e9mon\n|rule|Item Clause: Limit one of each item\n|clearpoke\n|poke|p1|Corviknight, L50, F|\n|poke|p1|Rotom-Wash, L50|\n|poke|p1|Ting-Lu, L50|\n|poke|p1|Flutter Mane, L50|\n|poke|p1|Tatsugiri, L50, M|\n|poke|p1|Dondozo, L50, M|\n|poke|p2|Amoonguss, L50, M|\n|poke|p2|Chi-Yu, L50|\n|poke|p2|Dachsbun, L50, M|\n|poke|p2|Torkoal, L50, F|\n|poke|p2|Revavroom, L50, F|\n|poke|p2|Flutter Mane, L50|\n|teampreview|4\n|inactive|Battle timer is ON: inactive players will automatically lose when time's up. (requested by KoramTrainer)\n|inactive|KoramTrainer has 60 seconds left.\n|inactive|Vampirestarfish has 60 seconds left.\nVampirestarfish has agreed to open team sheets.\n|inactive|KoramTrainer has 30 seconds left.\n|inactive|KoramTrainer has 20 seconds left.\n|\n|t:|1681830608\n|start\n|switch|p1a: Rotom|Rotom-Wash, L50|100\/100\n|switch|p1b: Ting-Lu|Ting-Lu, L50|100\/100\n|switch|p2a: Chi-Yu|Chi-Yu, L50|100\/100\n|switch|p2b: Dachsbun|Dachsbun, L50, M|100\/100\n|-ability|p2a: Chi-Yu|Beads of Ruin\n|-ability|p1b: Ting-Lu|Vessel of Ruin\n|turn|1\n|inactive|KoramTrainer has 30 seconds left.\n|inactive|KoramTrainer has 20 seconds left.\n|inactive|KoramTrainer has 15 seconds left.\n|\n|t:|1681830650\n|-terastallize|p2a: Chi-Yu|Flying\n|move|p2a: Chi-Yu|Lava Plume|p1b: Ting-Lu|[spread] p1a,p1b\n|-ability|p2b: Dachsbun|Well-Baked Body|boost\n|-boost|p2b: Dachsbun|def|2\n|-resisted|p1a: Rotom\n|-damage|p1a: Rotom|88\/100\n|-damage|p1b: Ting-Lu|89\/100\n|move|p2b: Dachsbun|Body Press|p1b: Ting-Lu\n|-supereffective|p1b: Ting-Lu\n|-damage|p1b: Ting-Lu|36\/100\n|move|p1a: Rotom|Reflect|p1a: Rotom\n|-sidestart|p1: KoramTrainer|Reflect\n|move|p1b: Ting-Lu|Stomping Tantrum|p2a: Chi-Yu\n|-immune|p2a: Chi-Yu\n|\n|upkeep\n|turn|2\n|inactive|KoramTrainer has 30 seconds left.\n|\n|t:|1681830683\n|move|p2a: Chi-Yu|Lava Plume|p1b: Ting-Lu|[spread] p1a,p1b\n|-ability|p2b: Dachsbun|Well-Baked Body|boost\n|-boost|p2b: Dachsbun|def|2\n|-resisted|p1a: Rotom\n|-damage|p1a: Rotom|74\/100\n|-damage|p1b: Ting-Lu|24\/100\n|move|p2b: Dachsbun|Body Press|p1b: Ting-Lu\n|-supereffective|p1b: Ting-Lu\n|-damage|p1b: Ting-Lu|0 fnt\n|faint|p1b: Ting-Lu\n|move|p1a: Rotom|Light Screen|p1a: Rotom\n|-sidestart|p1: KoramTrainer|move: Light Screen\n|\n|upkeep\n|\n|t:|1681830699\n|switch|p1b: Tatsugiri|Tatsugiri, L50, M|100\/100\n|turn|3\n|inactive|KoramTrainer has 30 seconds left.\n|inactive|Vampirestarfish has 30 seconds left.\n|inactive|Vampirestarfish has 20 seconds left.\n|inactive|Vampirestarfish has 15 seconds left.\n|inactive|Vampirestarfish has 10 seconds left.\n|\n|t:|1681830745\n|switch|p2a: Flutter Mane|Flutter Mane, L50|100\/100\n|switch|p1a: Dondozo|Dondozo, L50, M|100\/100\n|-activate|p1b: Tatsugiri|ability: Commander|[of] p1a: Dondozo\n|-boost|p1a: Dondozo|atk|2\n|-boost|p1a: Dondozo|spa|2\n|-boost|p1a: Dondozo|spe|2\n|-boost|p1a: Dondozo|def|2\n|-boost|p1a: Dondozo|spd|2\n|move|p2b: Dachsbun|Body Press|p1a: Dondozo\n|-damage|p1a: Dondozo|95\/100\n|\n|upkeep\n|turn|4\n|\n|t:|1681830767\n|move|p2b: Dachsbun|Protect|p2b: Dachsbun\n|-singleturn|p2b: Dachsbun|Protect\n|move|p2a: Flutter Mane|Perish Song|p2a: Flutter Mane\n|-start|p1a: Dondozo|perish3|[silent]\n|-miss|p2a: Flutter Mane|p1b: Tatsugiri\n|-start|p2a: Flutter Mane|perish3|[silent]\n|-start|p2b: Dachsbun|perish3|[silent]\n|-fieldactivate|move: Perish Song\n|move|p1a: Dondozo|Earthquake|p2b: Dachsbun|[spread] p2a\n|-miss|p1a: Dondozo|p1b: Tatsugiri\n|-activate|p2b: Dachsbun|move: Protect\n|-damage|p2a: Flutter Mane|16\/100\n|\n|-start|p2a: Flutter Mane|perish3\n|-start|p1a: Dondozo|perish3\n|-start|p2b: Dachsbun|perish3\n|upkeep\n|turn|5\n|inactive|KoramTrainer has 30 seconds left.\n|\n|t:|1681830806\n|move|p2a: Flutter Mane|Protect|p2a: Flutter Mane\n|-singleturn|p2a: Flutter Mane|Protect\n|move|p2b: Dachsbun|Protect||[still]\n|-fail|p2b: Dachsbun\n|move|p1a: Dondozo|Wave Crash|p2a: Flutter Mane\n|-activate|p2a: Flutter Mane|move: Protect\n|\n|-start|p2a: Flutter Mane|perish2\n|-start|p1a: Dondozo|perish2\n|-start|p2b: Dachsbun|perish2\n|upkeep\n|turn|6\n|\n|t:|1681830821\n|move|p2a: Flutter Mane|Protect|p2a: Flutter Mane\n|-singleturn|p2a: Flutter Mane|Protect\n|move|p2b: Dachsbun|Protect|p2b: Dachsbun\n|-singleturn|p2b: Dachsbun|Protect\n|move|p1a: Dondozo|Earthquake|p2a: Flutter Mane|[spread] \n|-miss|p1a: Dondozo|p1b: Tatsugiri\n|-activate|p2a: Flutter Mane|move: Protect\n|-activate|p2b: Dachsbun|move: Protect\n|\n|-start|p2a: Flutter Mane|perish1\n|-start|p1a: Dondozo|perish1\n|-start|p2b: Dachsbun|perish1\n|upkeep\n|turn|7\n|inactive|Vampirestarfish has 30 seconds left.\n|inactive|Vampirestarfish has 20 seconds left.\n|inactive|Vampirestarfish has 15 seconds left.\n|inactive|Vampirestarfish has 10 seconds left.\n|inactive|Vampirestarfish has 5 seconds left.\n|\n|t:|1681830876\n|move|p2a: Flutter Mane|Dazzling Gleam|p1a: Dondozo|[spread] p1a\n|-miss|p2a: Flutter Mane|p1b: Tatsugiri\n|-damage|p1a: Dondozo|85\/100\n|move|p1a: Dondozo|Earthquake|p2b: Dachsbun|[spread] p2a,p2b\n|-miss|p1a: Dondozo|p1b: Tatsugiri\n|-damage|p2a: Flutter Mane|0 fnt\n|-damage|p2b: Dachsbun|63\/100\n|faint|p2a: Flutter Mane\n|-end|p2a: Flutter Mane|Protosynthesis|[silent]\n|move|p2b: Dachsbun|Body Press|p1b: Tatsugiri|[miss]\n|-miss|p2b: Dachsbun|p1b: Tatsugiri\n|\n|-heal|p2b: Dachsbun|69\/100|[from] item: Leftovers\n|-start|p1a: Dondozo|perish0\n|-start|p2b: Dachsbun|perish0\n|faint|p1a: Dondozo\n|faint|p2b: Dachsbun\n|upkeep\n|inactive|Vampirestarfish has 30 seconds left.\n|inactive|Vampirestarfish has 20 seconds left.\n|inactive|Vampirestarfish has 15 seconds left.\n|inactive|Vampirestarfish has 10 seconds left.\n|inactive|Vampirestarfish has 5 seconds left.\n|\n|t:|1681830931\n|switch|p2a: Chi-Yu|Chi-Yu, L50, tera:Flying|100\/100\n|switch|p2b: Amoonguss|Amoonguss, L50, M|100\/100\n|switch|p1a: Rotom|Rotom-Wash, L50|74\/100\n|-ability|p2a: Chi-Yu|Beads of Ruin\n|turn|8\n|inactive|KoramTrainer has 30 seconds left.\n|inactive|Vampirestarfish has 30 seconds left.\n|inactive|KoramTrainer has 20 seconds left.\n|inactive|Vampirestarfish has 20 seconds left.\n|inactive|Vampirestarfish has 15 seconds left.\n|inactive|Vampirestarfish has 10 seconds left.\n|inactive|Vampirestarfish has 5 seconds left.\n|\n|t:|1681830986\n|move|p2a: Chi-Yu|Lava Plume|p1a: Rotom|[spread] p2b,p1a,p1b\n|-supereffective|p2b: Amoonguss\n|-resisted|p1a: Rotom\n|-resisted|p1b: Tatsugiri\n|-damage|p2b: Amoonguss|43\/100\n|-damage|p1a: Rotom|61\/100\n|-damage|p1b: Tatsugiri|93\/100\n|-status|p1a: Rotom|brn\n|move|p1b: Tatsugiri|Icy Wind|p2b: Amoonguss|[spread] p2a,p2b\n|-supereffective|p2a: Chi-Yu\n|-crit|p2a: Chi-Yu\n|-supereffective|p2b: Amoonguss\n|-crit|p2b: Amoonguss\n|-damage|p2a: Chi-Yu|50\/100\n|-damage|p2b: Amoonguss|0 fnt\n|-unboost|p2a: Chi-Yu|spe|1\n|faint|p2b: Amoonguss\n|move|p1a: Rotom|Thunderbolt|p2a: Chi-Yu\n|-supereffective|p2a: Chi-Yu\n|-damage|p2a: Chi-Yu|0 fnt\n|faint|p2a: Chi-Yu\n|\n|win|KoramTrainer\n|raw|KoramTrainer's rating: 1267 → 1288<\/strong> (+21 for winning)\n|raw|Vampirestarfish's rating: 1208 → 1187<\/strong> (-21 for losing)\n|l|\u2606Vampirestarfish\n","uploadtime":1681831048,"views":7,"p1id":"koramtrainer","p2id":"vampirestarfish","formatid":"gen9vgc2023regulationc","rating":1187,"private":0,"password":""}