{"id":"gen9vgc2023regulationc-1854216397","p1":"XD VIRGO","p2":"Tiplaf","format":"[Gen 9] VGC 2023 Regulation C","log":"|j|\u2606XD VIRGO\n|j|\u2606Tiplaf\n|t:|1682784698\n|gametype|doubles\n|player|p1|XD VIRGO|depotagent|\n|player|p2|Tiplaf|volkner|\n|teamsize|p1|6\n|teamsize|p2|6\n|gen|9\n|tier|[Gen 9] VGC 2023 Regulation C\n|rated|Tournament battle\n|rule|Species Clause: Limit one of each Pok\u00e9mon\n|rule|Item Clause: Limit one of each item\n|clearpoke\n|poke|p1|Annihilape, L50, M|\n|poke|p1|Ting-Lu, L50|\n|poke|p1|Iron Bundle, L50|\n|poke|p1|Abomasnow, L50, M|\n|poke|p1|Vivillon-Fancy, L50, F|\n|poke|p1|Muk, L50, M|\n|poke|p2|Roaring Moon, L50|\n|poke|p2|Gholdengo, L50|\n|poke|p2|Iron Bundle, L50|\n|poke|p2|Iron Hands, L50|\n|poke|p2|Maushold-Four, L50|\n|poke|p2|Arcanine, L50, F|\n|teampreview|4\n|raw| Open Team Sheet for XD VIRGO<\/summary>Annihilape (M) @ Roseli Berry Ability: Defiant Level: 50 Tera Type: Fire - Rage Fist - Taunt - Close Combat - Protect Ting-Lu @ Choice Band Ability: Vessel of Ruin Level: 50 Tera Type: Ground - Earthquake - Rock Slide - Throat Chop - Stomping Tantrum Iron Bundle @ Booster Energy Ability: Quark Drive Level: 50 Tera Type: Ice - Blizzard - Hydro Pump - Aurora Veil - Protect Abomasnow (M) @ Life Orb Ability: Snow Warning Level: 50 Shiny: Yes Tera Type: Water - Blizzard - Energy Ball - Earth Power - Ice Shard Vivillon (Vivillon-Fancy) (F) @ Focus Sash Ability: Friend Guard Level: 50 Shiny: Yes Tera Type: Ghost - Pollen Puff - Safeguard - Rage Powder - Protect Muk (M) @ Black Sludge Ability: Poison Touch Level: 50 Shiny: Yes Tera Type: Water - Poison Jab - Hex - Helping Hand - Protect <\/details><\/div> Open Team Sheet for Tiplaf<\/summary>Roaring Moon @ Booster Energy Ability: Protosynthesis Level: 50 Tera Type: Flying - Acrobatics - Dragon Dance - Jaw Lock - Roost Gholdengo @ Covert Cloak Ability: Good as Gold Level: 50 Tera Type: Water - Make It Rain - Nasty Plot - Shadow Ball - Protect Iron Bundle @ Focus Sash Ability: Quark Drive Level: 50 Tera Type: Ghost - Hydro Pump - Freeze-Dry - Icy Wind - Protect Iron Hands @ Assault Vest Ability: Quark Drive Level: 50 Tera Type: Grass - Fake Out - Close Combat - Wild Charge - Iron Head Maushold (Maushold-Four) @ Safety Goggles Ability: Friend Guard Level: 50 Tera Type: Ghost - Super Fang - Follow Me - Baby-Doll Eyes - Protect Arcanine (F) @ Sitrus Berry Ability: Intimidate Level: 50 Tera Type: Grass - Flare Blitz - Will-O-Wisp - Snarl - Extreme Speed <\/details><\/div>\n|j| TJRaynes\n|c|\u2606XD VIRGO|glhf\n|j| Tempest brute\n|inactive|Battle timer is ON: inactive players will automatically lose when time's up. (requested by Tiplaf)\n|j| AtomX7VGC\n|\n|t:|1682784752\n|start\n|switch|p1a: Ting-Lu|Ting-Lu, L50|100\/100\n|switch|p1b: Abomasnow|Abomasnow, L50, M, shiny|100\/100\n|switch|p2a: Iron Hands|Iron Hands, L50|100\/100\n|switch|p2b: Arcanine|Arcanine, L50, F|100\/100\n|-ability|p2b: Arcanine|Intimidate|boost\n|-unboost|p1a: Ting-Lu|atk|1\n|-unboost|p1b: Abomasnow|atk|1\n|-weather|Snow|[from] ability: Snow Warning|[of] p1b: Abomasnow\n|-ability|p1a: Ting-Lu|Vessel of Ruin\n|turn|1\n|j| Beyontle\n|c|\u2606Tiplaf|glhf\n|inactive|XD VIRGO has 30 seconds left.\n|inactive|Tiplaf has 30 seconds left.\n|inactive|Tiplaf has 20 seconds left.\n|\n|t:|1682784788\n|switch|p1b: Annihilape|Annihilape, L50, M|100\/100\n|-terastallize|p1a: Ting-Lu|Ground\n|move|p2a: Iron Hands|Fake Out|p1b: Annihilape\n|-immune|p1b: Annihilape\n|move|p2b: Arcanine|Will-O-Wisp|p1a: Ting-Lu|[miss]\n|-miss|p2b: Arcanine|p1a: Ting-Lu\n|move|p1a: Ting-Lu|Stomping Tantrum|p2a: Iron Hands\n|-supereffective|p2a: Iron Hands\n|-damage|p2a: Iron Hands|42\/100\n|\n|-weather|Snow|[upkeep]\n|upkeep\n|turn|2\n|\n|t:|1682784810\n|-terastallize|p2a: Iron Hands|Grass\n|move|p2b: Arcanine|Will-O-Wisp|p1a: Ting-Lu|[miss]\n|-miss|p2b: Arcanine|p1a: Ting-Lu\n|move|p1b: Annihilape|Taunt|p2b: Arcanine\n|-start|p2b: Arcanine|move: Taunt\n|move|p2a: Iron Hands|Close Combat|p1a: Ting-Lu\n|-damage|p1a: Ting-Lu|70\/100\n|-unboost|p2a: Iron Hands|def|1\n|-unboost|p2a: Iron Hands|spd|1\n|move|p1a: Ting-Lu|Stomping Tantrum|p2a: Iron Hands\n|-resisted|p2a: Iron Hands\n|-damage|p2a: Iron Hands|19\/100\n|\n|-weather|Snow|[upkeep]\n|upkeep\n|turn|3\n|inactive|XD VIRGO has 30 seconds left.\n|inactive|Tiplaf has 30 seconds left.\n|j|+TheEeveeAnimations\n|inactive|Tiplaf has 20 seconds left.\n|inactive|Tiplaf has 15 seconds left.\n|l|+TheEeveeAnimations\n|inactive|Tiplaf has 10 seconds left.\n|\n|t:|1682784859\n|switch|p2b: Gholdengo|Gholdengo, L50|100\/100\n|move|p1b: Annihilape|Rage Fist|p2a: Iron Hands\n|-damage|p2a: Iron Hands|0 fnt\n|faint|p2a: Iron Hands\n|-end|p2a: Iron Hands|Quark Drive|[silent]\n|move|p1a: Ting-Lu|Stomping Tantrum|p2b: Gholdengo\n|-supereffective|p2b: Gholdengo\n|-damage|p2b: Gholdengo|24\/100\n|\n|-weather|Snow|[upkeep]\n|upkeep\n|l|\u2606XD VIRGO\n|inactive|XD VIRGO disconnected and has a minute to reconnect!\n|player|p1|\n|j| FunneeMonkee\n|j|\u2606XD VIRGO\n|inactive|XD VIRGO reconnected.\n|player|p1|XD VIRGO|depotagent\n|\n|t:|1682784883\n|switch|p2a: Iron Bundle|Iron Bundle, L50|100\/100\n|turn|4\n|inactive|XD VIRGO has 30 seconds left.\n|\n|t:|1682784910\n|switch|p1a: Abomasnow|Abomasnow, L50, M, shiny|100\/100\n|move|p2a: Iron Bundle|Icy Wind|p1a: Abomasnow|[spread] p1a,p1b\n|-crit|p1a: Abomasnow\n|-damage|p1a: Abomasnow|70\/100\n|-damage|p1b: Annihilape|84\/100\n|-unboost|p1a: Abomasnow|spe|1\n|-unboost|p1b: Annihilape|spe|1\n|-ability|p1b: Annihilape|Defiant|boost\n|-boost|p1b: Annihilape|atk|2\n|move|p2b: Gholdengo|Make It Rain|p1a: Abomasnow|[spread] p1a,p1b\n|-supereffective|p1a: Abomasnow\n|-damage|p1a: Abomasnow|0 fnt\n|-damage|p1b: Annihilape|43\/100\n|-unboost|p2b: Gholdengo|spa|1\n|faint|p1a: Abomasnow\n|move|p1b: Annihilape|Rage Fist|p2b: Gholdengo\n|-supereffective|p2b: Gholdengo\n|-damage|p2b: Gholdengo|0 fnt\n|faint|p2b: Gholdengo\n|\n|-weather|Snow|[upkeep]\n|upkeep\n|\n|t:|1682784926\n|switch|p2b: Arcanine|Arcanine, L50, F|100\/100\n|switch|p1a: Iron Bundle|Iron Bundle, L50|100\/100\n|-ability|p2b: Arcanine|Intimidate|boost\n|-unboost|p1a: Iron Bundle|atk|1\n|-unboost|p1b: Annihilape|atk|1\n|-ability|p1b: Annihilape|Defiant|boost\n|-boost|p1b: Annihilape|atk|2\n|-enditem|p1a: Iron Bundle|Booster Energy\n|-activate|p1a: Iron Bundle|ability: Quark Drive|[fromitem]\n|-start|p1a: Iron Bundle|quarkdrivespe\n|turn|5\n|inactive|Tiplaf has 30 seconds left.\n|inactive|Tiplaf has 20 seconds left.\n|inactive|Tiplaf has 15 seconds left.\n|\n|t:|1682784969\n|move|p1a: Iron Bundle|Protect|p1a: Iron Bundle\n|-singleturn|p1a: Iron Bundle|Protect\n|move|p2a: Iron Bundle|Icy Wind|p1a: Iron Bundle|[spread] p1b\n|-activate|p1a: Iron Bundle|move: Protect\n|-damage|p1b: Annihilape|25\/100\n|-unboost|p1b: Annihilape|spe|1\n|-ability|p1b: Annihilape|Defiant|boost\n|-boost|p1b: Annihilape|atk|2\n|move|p2b: Arcanine|Flare Blitz|p1b: Annihilape\n|-damage|p1b: Annihilape|0 fnt\n|faint|p1b: Annihilape\n|-damage|p2b: Arcanine|91\/100|[from] Recoil\n|\n|-weather|none\n|upkeep\n|\n|t:|1682784984\n|switch|p1b: Ting-Lu|Ting-Lu, L50, tera:Ground|70\/100\n|-ability|p1b: Ting-Lu|Vessel of Ruin\n|turn|6\n|\n|t:|1682785005\n|move|p2b: Arcanine|Extreme Speed|p1a: Iron Bundle\n|-damage|p1a: Iron Bundle|76\/100\n|move|p1a: Iron Bundle|Hydro Pump|p2b: Arcanine\n|-supereffective|p2b: Arcanine\n|-damage|p2b: Arcanine|24\/100\n|-enditem|p2b: Arcanine|Sitrus Berry|[eat]\n|-heal|p2b: Arcanine|49\/100|[from] item: Sitrus Berry\n|move|p2a: Iron Bundle|Freeze-Dry|p1a: Iron Bundle\n|-damage|p1a: Iron Bundle|34\/100\n|move|p1b: Ting-Lu|Rock Slide|p2b: Arcanine|[spread] p2a,p2b\n|-supereffective|p2a: Iron Bundle\n|-supereffective|p2b: Arcanine\n|-damage|p2a: Iron Bundle|39\/100\n|-damage|p2b: Arcanine|0 fnt\n|faint|p2b: Arcanine\n|\n|upkeep\n|turn|7\n|\n|t:|1682785027\n|move|p2a: Iron Bundle|Protect|p2a: Iron Bundle\n|-singleturn|p2a: Iron Bundle|Protect\n|move|p1a: Iron Bundle|Hydro Pump|p2a: Iron Bundle\n|-activate|p2a: Iron Bundle|move: Protect\n|move|p1b: Ting-Lu|Rock Slide|p2a: Iron Bundle\n|-activate|p2a: Iron Bundle|move: Protect\n|\n|upkeep\n|turn|8\n|\n|t:|1682785036\n|move|p1a: Iron Bundle|Hydro Pump|p2a: Iron Bundle\n|-resisted|p2a: Iron Bundle\n|-damage|p2a: Iron Bundle|0 fnt\n|faint|p2a: Iron Bundle\n|-end|p2a: Iron Bundle|Quark Drive|[silent]\n|\n|win|XD VIRGO\n|n|\u2606Tiplaf|tiplaf\n|n| TJRaynes|tjraynes\n|n| Tempest brute|tempestbrute\n|n| AtomX7VGC|atomx7vgc\n|n| Beyontle|beyontle\n|n| FunneeMonkee|funneemonkee\n|n|\u2606XD VIRGO|xdvirgo\n","uploadtime":1682785037,"views":17,"p1id":"xdvirgo","p2id":"tiplaf","formatid":"gen9vgc2023regulationc","rating":0,"private":0,"password":""}