{"id":"gen9vgc2023regulationc-1846358041","p1":"The ting goes BRRR","p2":"jeffman323","format":"[Gen 9] VGC 2023 Regulation C","log":"|j|\u2606The ting goes BRRR\n|j|\u2606jeffman323\n|t:|1681834422\n|gametype|doubles\n|player|p1|The ting goes BRRR|medium|1663\n|player|p2|jeffman323|steven|1638\n|teamsize|p1|6\n|teamsize|p2|6\n|gen|9\n|tier|[Gen 9] VGC 2023 Regulation C\n|rated|\n|rule|Species Clause: Limit one of each Pok\u00e9mon\n|rule|Item Clause: Limit one of each item\n|clearpoke\n|poke|p1|Maushold-Four, L50|\n|poke|p1|Annihilape, L50, F|\n|poke|p1|Chien-Pao, L50|\n|poke|p1|Pelipper, L50, F|\n|poke|p1|Drednaw, L50, F|\n|poke|p1|Scizor, L50, F|\n|poke|p2|Hatterene, L50, F|\n|poke|p2|Indeedee-F, L50, F|\n|poke|p2|Torkoal, L50, F|\n|poke|p2|Kingambit, L50, F|\n|poke|p2|Iron Hands, L50|\n|poke|p2|Brute Bonnet, L50|\n|teampreview|4\njeffman323 has agreed to open team sheets.\nThe ting goes BRRR has agreed to open team sheets.\n|inactive|Battle timer is ON: inactive players will automatically lose when time's up. (requested by The ting goes BRRR)\n|inactive|jeffman323 has 60 seconds left.\n|\n|t:|1681834467\n|start\n|switch|p1a: Chien-Pao|Chien-Pao, L50|100\/100\n|switch|p1b: Drednaw|Drednaw, L50, F, shiny|100\/100\n|switch|p2a: Iron Hands|Iron Hands, L50|100\/100\n|switch|p2b: Hatterene|Hatterene, L50, F|100\/100\n|-ability|p1a: Chien-Pao|Sword of Ruin\n|turn|1\n|inactive|The ting goes BRRR has 30 seconds left.\n|inactive|The ting goes BRRR has 20 seconds left.\n|inactive|The ting goes BRRR has 15 seconds left.\n|c|\u2606The ting goes BRRR|so you auto loose if i bring mausape\n|inactive|The ting goes BRRR has 10 seconds left.\n|inactive|The ting goes BRRR has 5 seconds left.\n|\n|t:|1681834519\n|-terastallize|p1a: Chien-Pao|Ghost\n|move|p2a: Iron Hands|Fake Out|p1b: Drednaw\n|-resisted|p1b: Drednaw\n|-damage|p1b: Drednaw|88\/100\n|move|p1a: Chien-Pao|Ice Spinner|p2b: Hatterene\n|-damage|p2b: Hatterene|46\/100\n|cant|p1b: Drednaw|flinch\n|move|p2b: Hatterene|Trick Room|p2b: Hatterene\n|-fieldstart|move: Trick Room|[of] p2b: Hatterene\n|\n|upkeep\n|turn|2\n|\n|t:|1681834536\n|move|p1a: Chien-Pao|Protect|p1a: Chien-Pao\n|-singleturn|p1a: Chien-Pao|Protect\n|move|p2b: Hatterene|Dazzling Gleam|p1a: Chien-Pao|[spread] p1b\n|-activate|p1a: Chien-Pao|move: Protect\n|-damage|p1b: Drednaw|45\/100\n|move|p2a: Iron Hands|Thunder Punch|p1b: Drednaw\n|-supereffective|p1b: Drednaw\n|-damage|p1b: Drednaw|0 fnt\n|faint|p1b: Drednaw\n|\n|upkeep\n|j| wrgedwa\n|\n|t:|1681834546\n|switch|p1b: Scizor|Scizor, L50, F|100\/100\n|turn|3\n|\n|t:|1681834554\n|move|p1a: Chien-Pao|Sucker Punch|p2b: Hatterene\n|-damage|p2b: Hatterene|0 fnt\n|faint|p2b: Hatterene\n|move|p2a: Iron Hands|Earthquake|p1a: Chien-Pao|[spread] p1a,p1b\n|-damage|p1a: Chien-Pao|60\/100\n|-damage|p1b: Scizor|62\/100\n|move|p1b: Scizor|Pounce|p2a: Iron Hands\n|-resisted|p2a: Iron Hands\n|-damage|p2a: Iron Hands|81\/100\n|-unboost|p2a: Iron Hands|spe|1\n|\n|upkeep\n|\n|t:|1681834562\n|switch|p2b: Torkoal|Torkoal, L50, F|100\/100\n|-weather|SunnyDay|[from] ability: Drought|[of] p2b: Torkoal\n|turn|4\n|\n|t:|1681834584\n|switch|p1b: Pelipper|Pelipper, L50, F, shiny|100\/100\n|-weather|RainDance|[from] ability: Drizzle|[of] p1b: Pelipper\n|move|p1a: Chien-Pao|Protect|p1a: Chien-Pao\n|-singleturn|p1a: Chien-Pao|Protect\n|move|p2b: Torkoal|Eruption|p1a: Chien-Pao|[spread] p1b\n|-activate|p1a: Chien-Pao|move: Protect\n|-resisted|p1b: Pelipper\n|-damage|p1b: Pelipper|83\/100\n|move|p2a: Iron Hands|Thunder Punch|p1b: Pelipper\n|-supereffective|p1b: Pelipper\n|-damage|p1b: Pelipper|0 fnt\n|faint|p1b: Pelipper\n|\n|-weather|RainDance|[upkeep]\n|upkeep\n|\n|t:|1681834591\n|switch|p1b: Scizor|Scizor, L50, F|62\/100\n|turn|5\n|\n|t:|1681834605\n|-terastallize|p2b: Torkoal|Fire\n|move|p1b: Scizor|Protect|p1b: Scizor\n|-singleturn|p1b: Scizor|Protect\n|move|p1a: Chien-Pao|Sucker Punch|p2b: Torkoal\n|-damage|p2b: Torkoal|62\/100\n|move|p2b: Torkoal|Eruption|p1b: Scizor|[spread] p1a\n|-activate|p1b: Scizor|move: Protect\n|-damage|p1a: Chien-Pao|20\/100\n|move|p2a: Iron Hands|Earthquake|p1b: Scizor|[spread] p2b,p1a\n|-activate|p1b: Scizor|move: Protect\n|-supereffective|p2b: Torkoal\n|-damage|p2b: Torkoal|0 fnt\n|-damage|p1a: Chien-Pao|0 fnt\n|faint|p2b: Torkoal\n|faint|p1a: Chien-Pao\n|\n|-weather|RainDance|[upkeep]\n|-fieldend|move: Trick Room\n|upkeep\n|\n|t:|1681834614\n|switch|p2b: Brute Bonnet|Brute Bonnet, L50|100\/100\n|turn|6\n|\n|t:|1681834626\n|move|p2b: Brute Bonnet|Protect|p2b: Brute Bonnet\n|-singleturn|p2b: Brute Bonnet|Protect\n|move|p1b: Scizor|Pounce|p2b: Brute Bonnet\n|-activate|p2b: Brute Bonnet|move: Protect\n|move|p2a: Iron Hands|Drain Punch|p1b: Scizor\n|-damage|p1b: Scizor|17\/100\n|-heal|p2a: Iron Hands|97\/100|[from] drain|[of] p1b: Scizor\n|\n|-weather|RainDance|[upkeep]\n|upkeep\n|turn|7\n|-message|The ting goes BRRR forfeited.\n|\n|win|jeffman323\n|raw|The ting goes BRRR's rating: 1663 → 1642<\/strong> (-21 for losing)\n|raw|jeffman323's rating: 1638 → 1659<\/strong> (+21 for winning)\n|l|\u2606The ting goes BRRR\n","uploadtime":1681834768,"views":12,"p1id":"thetinggoesbrrr","p2id":"jeffman323","formatid":"gen9vgc2023regulationc","rating":1642,"private":0,"password":""}