{"id":"gen9vgc2023regulationc-1855953803","p1":"MetroVGC","p2":"decok","format":"[Gen 9] VGC 2023 Regulation C","log":"|j|\u2606MetroVGC\n|j|\u2606decok\n|t:|1683006421\n|gametype|doubles\n|player|p1|MetroVGC|2|\n|player|p2|decok|depotagent|\n|teamsize|p1|6\n|teamsize|p2|6\n|gen|9\n|tier|[Gen 9] VGC 2023 Regulation C\n|rated|Tournament battle\n|rule|Species Clause: Limit one of each Pok\u00e9mon\n|rule|Item Clause: Limit one of each item\n|clearpoke\n|poke|p1|Scream Tail, L50|\n|poke|p1|Gyarados, L50, M|\n|poke|p1|Ceruledge, L50, F|\n|poke|p1|Ting-Lu, L50|\n|poke|p1|Oranguru, L50, F|\n|poke|p1|Abomasnow, L50, M|\n|poke|p2|Chi-Yu, L50|\n|poke|p2|Flutter Mane, L50|\n|poke|p2|Gastrodon, L50, M|\n|poke|p2|Garganacl, L50, M|\n|poke|p2|Murkrow, L50, F|\n|poke|p2|Abomasnow, L50, M|\n|teampreview|4\n|raw| Open Team Sheet for MetroVGC<\/summary>Scream Tail @ Booster Energy Ability: Protosynthesis Level: 50 Tera Type: Steel - Play Rough - Howl - Thunder Wave - Protect Gyarados (M) @ Sitrus Berry Ability: Intimidate Level: 50 Tera Type: Steel - Waterfall - Iron Head - Thunder Wave - Taunt Ceruledge @ Assault Vest Ability: Flash Fire Level: 50 Tera Type: Grass - Bitter Blade - Shadow Sneak - Tera Blast - Close Combat Ting-Lu @ Choice Band Ability: Vessel of Ruin Level: 50 Tera Type: Poison - Earthquake - Stomping Tantrum - Rock Slide - Throat Chop Oranguru @ Mental Herb Ability: Telepathy Level: 50 Tera Type: Steel - Foul Play - Instruct - Taunt - Trick Room Abomasnow @ Light Clay Ability: Snow Warning Level: 50 Tera Type: Water - Blizzard - Giga Drain - Aurora Veil - Protect <\/details><\/div> Open Team Sheet for decok<\/summary>Chi-Yu @ Expert Belt Ability: Beads of Ruin Level: 50 Tera Type: Fire - Protect - Heat Wave - Dark Pulse - Psychic Flutter Mane @ Booster Energy Ability: Protosynthesis Level: 50 Tera Type: Fairy - Protect - Dazzling Gleam - Shadow Ball - Icy Wind Gastrodon @ Covert Cloak Ability: Storm Drain Level: 50 Tera Type: Fire - Earth Power - Muddy Water - Recover - Yawn Garganacl @ Leftovers Ability: Purifying Salt Level: 50 Tera Type: Ghost - Salt Cure - Recover - Curse - Protect Murkrow @ Eviolite Ability: Prankster Level: 50 Tera Type: Ghost - Brave Bird - Tailwind - Haze - Protect Abomasnow @ Light Clay Ability: Snow Warning Level: 50 Shiny: Yes Tera Type: Ground - Energy Ball - Blizzard - Aurora Veil - Earth Power <\/details><\/div>\n|inactive|Battle timer is ON: inactive players will automatically lose when time's up. (requested by MetroVGC)\n|c|\u2606decok|glhf\n|inactive|MetroVGC has 60 seconds left.\n|j| WeirdPolyCouple\n|j| lattewave\n|inactive|MetroVGC has 30 seconds left.\n|\n|t:|1683006488\n|start\n|switch|p1a: Abomasnow|Abomasnow, L50, M|100\/100\n|switch|p1b: Ceruledge|Ceruledge, L50, F|100\/100\n|switch|p2a: Gastrodon|Gastrodon, L50, M|100\/100\n|switch|p2b: Garganacl|Garganacl, L50, M|100\/100\n|-weather|Snow|[from] ability: Snow Warning|[of] p1a: Abomasnow\n|turn|1\n|inactive|MetroVGC has 30 seconds left.\n|inactive|decok has 30 seconds left.\n|\n|t:|1683006516\n|-terastallize|p1b: Ceruledge|Grass\n|move|p1b: Ceruledge|Tera Blast|p2b: Garganacl\n|-supereffective|p2b: Garganacl\n|-crit|p2b: Garganacl\n|-damage|p2b: Garganacl|43\/100\n|move|p1a: Abomasnow|Aurora Veil|p1a: Abomasnow\n|-sidestart|p1: MetroVGC|move: Aurora Veil\n|move|p2a: Gastrodon|Muddy Water|p1a: Abomasnow|[spread] p1a,p1b\n|-resisted|p1a: Abomasnow\n|-resisted|p1b: Ceruledge\n|-damage|p1a: Abomasnow|92\/100\n|-damage|p1b: Ceruledge|96\/100\n|move|p2b: Garganacl|Curse|p2b: Garganacl\n|-unboost|p2b: Garganacl|spe|1\n|-boost|p2b: Garganacl|atk|1\n|-boost|p2b: Garganacl|def|1\n|\n|-weather|Snow|[upkeep]\n|-heal|p2b: Garganacl|48\/100|[from] item: Leftovers\n|upkeep\n|turn|2\n|\n|t:|1683006540\n|-terastallize|p2b: Garganacl|Ghost\n|move|p1b: Ceruledge|Tera Blast|p2a: Gastrodon\n|-supereffective|p2a: Gastrodon\n|-damage|p2a: Gastrodon|0 fnt\n|faint|p2a: Gastrodon\n|move|p1a: Abomasnow|Giga Drain|p2b: Garganacl\n|-damage|p2b: Garganacl|29\/100\n|-heal|p1a: Abomasnow|100\/100|[from] drain|[of] p2b: Garganacl\n|move|p2b: Garganacl|Recover|p2b: Garganacl\n|-heal|p2b: Garganacl|80\/100\n|\n|-weather|Snow|[upkeep]\n|-heal|p2b: Garganacl|86\/100|[from] item: Leftovers\n|upkeep\n|\n|t:|1683006545\n|switch|p2a: Chi-Yu|Chi-Yu, L50|100\/100\n|-ability|p2a: Chi-Yu|Beads of Ruin\n|turn|3\n|\n|t:|1683006554\n|switch|p1a: Ting-Lu|Ting-Lu, L50|100\/100\n|-ability|p1a: Ting-Lu|Vessel of Ruin\n|move|p2a: Chi-Yu|Dark Pulse|p1b: Ceruledge\n|-damage|p1b: Ceruledge|77\/100\n|move|p1b: Ceruledge|Close Combat|p2a: Chi-Yu\n|-supereffective|p2a: Chi-Yu\n|-damage|p2a: Chi-Yu|0 fnt\n|-unboost|p1b: Ceruledge|def|1\n|-unboost|p1b: Ceruledge|spd|1\n|faint|p2a: Chi-Yu\n|move|p2b: Garganacl|Salt Cure|p1a: Ting-Lu\n|-resisted|p1a: Ting-Lu\n|-damage|p1a: Ting-Lu|97\/100\n|-start|p1a: Ting-Lu|Salt Cure\n|\n|-weather|Snow|[upkeep]\n|-heal|p2b: Garganacl|91\/100|[from] item: Leftovers\n|-damage|p1a: Ting-Lu|84\/100|[from] Salt Cure\n|upkeep\n|\n|t:|1683006557\n|switch|p2a: Flutter Mane|Flutter Mane, L50|100\/100\n|-enditem|p2a: Flutter Mane|Booster Energy\n|-activate|p2a: Flutter Mane|ability: Protosynthesis|[fromitem]\n|-start|p2a: Flutter Mane|protosynthesisspe\n|turn|4\n|\n|t:|1683006578\n|switch|p1b: Gyarados|Gyarados, L50, M|100\/100\n|-ability|p1b: Gyarados|Intimidate|boost\n|-unboost|p2a: Flutter Mane|atk|1\n|-unboost|p2b: Garganacl|atk|1\n|move|p2a: Flutter Mane|Protect|p2a: Flutter Mane\n|-singleturn|p2a: Flutter Mane|Protect\n|move|p1a: Ting-Lu|Throat Chop|p2b: Garganacl\n|-supereffective|p2b: Garganacl\n|-damage|p2b: Garganacl|44\/100\n|-start|p2b: Garganacl|Throat Chop|[silent]\n|move|p2b: Garganacl|Curse|p1a: Ting-Lu\n|-start|p1a: Ting-Lu|Curse|[of] p2b: Garganacl\n|-damage|p2b: Garganacl|0 fnt\n|faint|p2b: Garganacl\n|\n|-weather|Snow|[upkeep]\n|-damage|p1a: Ting-Lu|59\/100|[from] Curse\n|-damage|p1a: Ting-Lu|47\/100|[from] Salt Cure\n|upkeep\n|turn|5\n|\n|t:|1683006589\n|move|p2a: Flutter Mane|Shadow Ball|p1b: Gyarados\n|-damage|p1b: Gyarados|84\/100\n|move|p1b: Gyarados|Thunder Wave|p2a: Flutter Mane\n|-status|p2a: Flutter Mane|par\n|move|p1a: Ting-Lu|Throat Chop|p2a: Flutter Mane\n|-crit|p2a: Flutter Mane\n|-damage|p2a: Flutter Mane|0 fnt\n|faint|p2a: Flutter Mane\n|-end|p2a: Flutter Mane|Protosynthesis|[silent]\n|\n|win|MetroVGC\n|n|\u2606MetroVGC|metrovgc\n|n|\u2606decok|decok\n|n| WeirdPolyCouple|weirdpolycouple\n|n| lattewave|lattewave\n|j| j3ff3rson\n|c|\u2606decok|gg\n|l| WeirdPolyCouple\n|l|\u2606decok\n","uploadtime":1683006612,"views":15,"p1id":"metrovgc","p2id":"decok","formatid":"gen9vgc2023regulationc","rating":0,"private":0,"password":""}