{"id":"gen9vgc2023regulationc-1844893714","p1":"tobothehobo","p2":"Razor90","format":"[Gen 9] VGC 2023 Regulation C","log":"|j|\u2606tobothehobo\n|j|\u2606Razor90\n|t:|1681661309\n|gametype|doubles\n|player|p1|tobothehobo|rika|1308\n|player|p2|Razor90|colress|1349\n|teamsize|p1|6\n|teamsize|p2|6\n|gen|9\n|tier|[Gen 9] VGC 2023 Regulation C\n|rated|\n|rule|Species Clause: Limit one of each Pok\u00e9mon\n|rule|Item Clause: Limit one of each item\n|clearpoke\n|poke|p1|Amoonguss, L50, M|\n|poke|p1|Arcanine, L50, M|\n|poke|p1|Palafin, L50, M|\n|poke|p1|Flutter Mane, L50|\n|poke|p1|Chien-Pao, L50|\n|poke|p1|Baxcalibur, L50, F|\n|poke|p2|Tauros-Paldea-Aqua, L50, M|\n|poke|p2|Baxcalibur, L50, M|\n|poke|p2|Flutter Mane, L50|\n|poke|p2|Amoonguss, L50, F|\n|poke|p2|Corviknight, L50, M|\n|poke|p2|Chi-Yu, L50|\n|teampreview|4\n|\n|t:|1681661333\n|start\n|switch|p1a: Palafin|Palafin, L50, M|100\/100\n|switch|p1b: Baxcalibur|Baxcalibur, L50, F|100\/100\n|switch|p2a: Tauros|Tauros-Paldea-Aqua, L50, M|100\/100\n|switch|p2b: Baxcalibur|Baxcalibur, L50, M|100\/100\n|-ability|p2a: Tauros|Intimidate|boost\n|-unboost|p1a: Palafin|atk|1\n|-fail|p1b: Baxcalibur|unboost|[from] item: Clear Amulet|[of] p1b: Baxcalibur\n|turn|1\n|inactive|Battle timer is ON: inactive players will automatically lose when time's up. (requested by tobothehobo)\n|\n|t:|1681661352\n|detailschange|p1a: Palafin|Palafin-Hero, L50, M\n|switch|p1a: Amoonguss|Amoonguss, L50, M|100\/100\n|switch|p2b: Corviknight|Corviknight, L50, M|100\/100\n|move|p2a: Tauros|Close Combat|p1b: Baxcalibur\n|-supereffective|p1b: Baxcalibur\n|-damage|p1b: Baxcalibur|0 fnt\n|-unboost|p2a: Tauros|def|1\n|-unboost|p2a: Tauros|spd|1\n|faint|p1b: Baxcalibur\n|\n|upkeep\n|\n|t:|1681661362\n|switch|p1b: Palafin|Palafin-Hero, L50, M|100\/100\n|-activate|p1b: Palafin|ability: Zero to Hero\n|turn|2\n|\n|t:|1681661372\n|switch|p2a: Baxcalibur|Baxcalibur, L50, M|100\/100\n|-terastallize|p1b: Palafin|Water\n|move|p1b: Palafin|Jet Punch|p2a: Baxcalibur\n|-resisted|p2a: Baxcalibur\n|-damage|p2a: Baxcalibur|75\/100\n|move|p2b: Corviknight|Taunt|p1a: Amoonguss\n|-start|p1a: Amoonguss|move: Taunt\n|cant|p1a: Amoonguss|move: Taunt|Spore\n|\n|upkeep\n|turn|3\n|inactive|Razor90 has 30 seconds left.\n|\n|t:|1681661399\n|switch|p1a: Flutter Mane|Flutter Mane, L50|100\/100\n|-enditem|p1a: Flutter Mane|Booster Energy\n|-activate|p1a: Flutter Mane|ability: Protosynthesis|[fromitem]\n|-start|p1a: Flutter Mane|protosynthesisspa\n|move|p1b: Palafin|Drain Punch|p2a: Baxcalibur\n|-supereffective|p2a: Baxcalibur\n|-damage|p2a: Baxcalibur|20\/100\n|move|p2a: Baxcalibur|Swords Dance|p2a: Baxcalibur\n|-boost|p2a: Baxcalibur|atk|2\n|move|p2b: Corviknight|Taunt|p1b: Palafin\n|-start|p1b: Palafin|move: Taunt\n|\n|upkeep\n|turn|4\n|\n|t:|1681661417\n|move|p1a: Flutter Mane|Protect|p1a: Flutter Mane\n|-singleturn|p1a: Flutter Mane|Protect\n|move|p2a: Baxcalibur|Protect|p2a: Baxcalibur\n|-singleturn|p2a: Baxcalibur|Protect\n|move|p1b: Palafin|Jet Punch|p2a: Baxcalibur\n|-activate|p2a: Baxcalibur|move: Protect\n|move|p2b: Corviknight|Tailwind|p2b: Corviknight\n|-sidestart|p2: Razor90|move: Tailwind\n|\n|upkeep\n|turn|5\n|\n|t:|1681661428\n|switch|p2b: Tauros|Tauros-Paldea-Aqua, L50, M|100\/100\n|-ability|p2b: Tauros|Intimidate|boost\n|-unboost|p1a: Flutter Mane|atk|1\n|-unboost|p1b: Palafin|atk|1\n|move|p1a: Flutter Mane|Protect|p1a: Flutter Mane\n|-singleturn|p1a: Flutter Mane|Protect\n|move|p2a: Baxcalibur|Ice Shard|p1a: Flutter Mane\n|-activate|p1a: Flutter Mane|move: Protect\n|move|p1b: Palafin|Jet Punch|p2a: Baxcalibur\n|-resisted|p2a: Baxcalibur\n|-damage|p2a: Baxcalibur|2\/100\n|\n|upkeep\n|turn|6\n|inactive|Razor90 has 30 seconds left.\n|inactive|Razor90 has 20 seconds left.\n|inactive|Razor90 has 15 seconds left.\n|inactive|Razor90 has 10 seconds left.\n|\n|t:|1681661474\n|switch|p1b: Amoonguss|Amoonguss, L50, M|100\/100\n|-terastallize|p2b: Tauros|Fire\n|move|p2a: Baxcalibur|Protect|p2a: Baxcalibur\n|-singleturn|p2a: Baxcalibur|Protect\n|move|p2b: Tauros|Tera Blast|p1a: Flutter Mane\n|-damage|p1a: Flutter Mane|46\/100\n|move|p1a: Flutter Mane|Dazzling Gleam|p2b: Tauros|[spread] p2b\n|-activate|p2a: Baxcalibur|move: Protect\n|-resisted|p2b: Tauros\n|-damage|p2b: Tauros|85\/100\n|\n|upkeep\n|turn|7\n|\n|t:|1681661490\n|switch|p1b: Palafin|Palafin-Hero, L50, M, tera:Water|100\/100\n|move|p1a: Flutter Mane|Protect|p1a: Flutter Mane\n|-singleturn|p1a: Flutter Mane|Protect\n|move|p2a: Baxcalibur|Ice Shard|p1b: Palafin\n|-resisted|p1b: Palafin\n|-damage|p1b: Palafin|78\/100\n|move|p2b: Tauros|Tera Blast|p1a: Flutter Mane\n|-activate|p1a: Flutter Mane|move: Protect\n|\n|-sideend|p2: Razor90|move: Tailwind\n|upkeep\n|turn|8\n|\n|t:|1681661507\n|move|p2b: Tauros|Aqua Jet|p1a: Flutter Mane\n|-damage|p1a: Flutter Mane|14\/100\n|move|p1b: Palafin|Jet Punch|p2b: Tauros\n|-supereffective|p2b: Tauros\n|-damage|p2b: Tauros|0 fnt\n|faint|p2b: Tauros\n|move|p2a: Baxcalibur|Ice Shard|p1a: Flutter Mane\n|-damage|p1a: Flutter Mane|0 fnt\n|faint|p1a: Flutter Mane\n|-end|p1a: Flutter Mane|Protosynthesis|[silent]\n|\n|upkeep\n|\n|t:|1681661512\n|switch|p1a: Amoonguss|Amoonguss, L50, M|100\/100\n|switch|p2b: Corviknight|Corviknight, L50, M|100\/100\n|turn|9\n|inactive|tobothehobo has 30 seconds left.\n|\n|t:|1681661544\n|move|p2a: Baxcalibur|Protect|p2a: Baxcalibur\n|-singleturn|p2a: Baxcalibur|Protect\n|move|p1b: Palafin|Wave Crash|p2b: Corviknight\n|-damage|p2b: Corviknight|0 fnt\n|faint|p2b: Corviknight\n|-damage|p1b: Palafin|45\/100|[from] Recoil\n|move|p1a: Amoonguss|Pollen Puff|p1b: Palafin\n|-heal|p1b: Palafin|95\/100\n|\n|upkeep\n|inactive|Razor90 has 30 seconds left.\n|\n|t:|1681661573\n|switch|p2b: Flutter Mane|Flutter Mane, L50|100\/100\n|-enditem|p2b: Flutter Mane|Booster Energy\n|-activate|p2b: Flutter Mane|ability: Protosynthesis|[fromitem]\n|-start|p2b: Flutter Mane|protosynthesisspa\n|turn|10\n|\n|t:|1681661594\n|move|p1b: Palafin|Jet Punch|p2a: Baxcalibur\n|-resisted|p2a: Baxcalibur\n|-damage|p2a: Baxcalibur|0 fnt\n|faint|p2a: Baxcalibur\n|move|p2b: Flutter Mane|Moonblast|p1a: Amoonguss\n|-resisted|p1a: Amoonguss\n|-damage|p1a: Amoonguss|74\/100\n|move|p1a: Amoonguss|Spore|p2b: Flutter Mane\n|-status|p2b: Flutter Mane|slp|[from] move: Spore\n|\n|upkeep\n|turn|11\n|-message|Razor90 forfeited.\n|\n|win|tobothehobo\n|raw|tobothehobo's rating: 1308 → 1330<\/strong> (+22 for winning)\n|raw|Razor90's rating: 1349 → 1327<\/strong> (-22 for losing)\n|l|\u2606Razor90\n|l|\u2606tobothehobo\n|j|\u2606Razor90\n|player|p2|Razor90|colress\n","uploadtime":1681661897,"views":18,"p1id":"tobothehobo","p2id":"razor90","formatid":"gen9vgc2023regulationc","rating":1327,"private":0,"password":""}