{"id":"gen9vgc2023regulationc-1846693551","p1":"dekukraken","p2":"R2VGC","format":"[Gen 9] VGC 2023 Regulation C","log":"|j|\u2606dekukraken\n|j|\u2606R2VGC\n|t:|1681866674\n|gametype|doubles\n|player|p1|dekukraken|burglar|\n|player|p2|R2VGC|265|\n|teamsize|p1|6\n|teamsize|p2|6\n|gen|9\n|tier|[Gen 9] VGC 2023 Regulation C\n|rule|Species Clause: Limit one of each Pok\u00e9mon\n|rule|Item Clause: Limit one of each item\n|clearpoke\n|poke|p1|Glimmora, L50, M|\n|poke|p1|Iron Bundle, L50|\n|poke|p1|Dondozo, L50, F|\n|poke|p1|Dragonite, L50, F|\n|poke|p1|Tatsugiri-Droopy, L50, F|\n|poke|p1|Chi-Yu, L50|\n|poke|p2|Maushold-Four, L50|\n|poke|p2|Gholdengo, L50|\n|poke|p2|Annihilape, L50, F|\n|poke|p2|Roaring Moon, L50|\n|poke|p2|Iron Bundle, L50|\n|poke|p2|Arcanine, L50, F|\n|teampreview|4\nR2VGC has agreed to open team sheets.\ndekukraken has agreed to open team sheets.\n|c|\u2606dekukraken|glhf!\n|c|\u2606R2VGC|u 2\n|\n|t:|1681866736\n|start\n|switch|p1a: Iron Bundle|Iron Bundle, L50, shiny|100\/100\n|switch|p1b: Chi-Yu|Chi-Yu, L50|100\/100\n|switch|p2a: Natters|Maushold-Four, L50|100\/100\n|switch|p2b: Panda|Annihilape, L50, F|100\/100\n|-ability|p1b: Chi-Yu|Beads of Ruin\n|-enditem|p1a: Iron Bundle|Booster Energy\n|-activate|p1a: Iron Bundle|ability: Quark Drive|[fromitem]\n|-start|p1a: Iron Bundle|quarkdrivespe\n|turn|1\n|\n|t:|1681866772\n|-terastallize|p2b: Panda|Fire\n|move|p1a: Iron Bundle|Protect|p1a: Iron Bundle\n|-singleturn|p1a: Iron Bundle|Protect\n|move|p1b: Chi-Yu|Protect|p1b: Chi-Yu\n|-singleturn|p1b: Chi-Yu|Protect\n|move|p2a: Natters|Follow Me|p2a: Natters\n|-singleturn|p2a: Natters|move: Follow Me\n|move|p2b: Panda|Rage Fist|p1a: Iron Bundle\n|-activate|p1a: Iron Bundle|move: Protect\n|\n|upkeep\n|turn|2\n|\n|t:|1681866806\n|-terastallize|p1b: Chi-Yu|Ghost\n|move|p2b: Panda|Protect|p2b: Panda\n|-singleturn|p2b: Panda|Protect\n|move|p1a: Iron Bundle|Hydro Pump|p2b: Panda\n|-activate|p2b: Panda|move: Protect\n|move|p2a: Natters|Super Fang|p1a: Iron Bundle\n|-damage|p1a: Iron Bundle|50\/100\n|move|p1b: Chi-Yu|Dark Pulse|p2a: Natters\n|-damage|p2a: Natters|30\/100\n|\n|upkeep\n|turn|3\n|j| Cilan123\n|\n|t:|1681866847\n|move|p2a: Natters|Follow Me|p2a: Natters\n|-singleturn|p2a: Natters|move: Follow Me\n|move|p1a: Iron Bundle|Hydro Pump|p2a: Natters\n|-damage|p2a: Natters|0 fnt\n|faint|p2a: Natters\n|move|p1b: Chi-Yu|Dark Pulse|p2b: Panda\n|-damage|p2b: Panda|57\/100\n|move|p2b: Panda|Drain Punch|p1a: Iron Bundle\n|-supereffective|p1a: Iron Bundle\n|-damage|p1a: Iron Bundle|0 fnt\n|-heal|p2b: Panda|73\/100|[from] drain|[of] p1a: Iron Bundle\n|faint|p1a: Iron Bundle\n|-end|p1a: Iron Bundle|Quark Drive|[silent]\n|\n|upkeep\n|\n|t:|1681866868\n|switch|p1a: Dondozo|Dondozo, L50, F|100\/100\n|switch|p2a: Iron Bundle|Iron Bundle, L50|100\/100\n|turn|4\n|l| Cilan123\n|\n|t:|1681866904\n|-end|p2a: Iron Bundle|Quark Drive|[silent]\n|switch|p2a: Arcanine|Arcanine, L50, F|100\/100\n|-ability|p2a: Arcanine|Intimidate|boost\n|-unboost|p1a: Dondozo|atk|1\n|-unboost|p1b: Chi-Yu|atk|1\n|switch|p1b: Tatsugiri|Tatsugiri-Droopy, L50, F, shiny|100\/100\n|-activate|p1b: Tatsugiri|ability: Commander|[of] p1a: Dondozo\n|-boost|p1a: Dondozo|atk|2\n|-boost|p1a: Dondozo|spa|2\n|-boost|p1a: Dondozo|spe|2\n|-boost|p1a: Dondozo|def|2\n|-boost|p1a: Dondozo|spd|2\n|move|p1a: Dondozo|Earthquake|p2a: Arcanine|[spread] p2a,p2b\n|-miss|p1a: Dondozo|p1b: Tatsugiri\n|-supereffective|p2a: Arcanine\n|-supereffective|p2b: Panda\n|-damage|p2a: Arcanine|29\/100\n|-damage|p2b: Panda|13\/100\n|-enditem|p2b: Panda|Sitrus Berry|[eat]\n|-heal|p2b: Panda|38\/100|[from] item: Sitrus Berry\n|move|p2b: Panda|Bulk Up|p2b: Panda\n|-boost|p2b: Panda|atk|1\n|-boost|p2b: Panda|def|1\n|\n|upkeep\n|turn|5\n|\n|t:|1681866933\n|switch|p2a: Iron Bundle|Iron Bundle, L50|100\/100\n|move|p2b: Panda|Protect|p2b: Panda\n|-singleturn|p2b: Panda|Protect\n|move|p1a: Dondozo|Earthquake|p2a: Iron Bundle|[spread] p2a\n|-miss|p1a: Dondozo|p1b: Tatsugiri\n|-activate|p2b: Panda|move: Protect\n|-crit|p2a: Iron Bundle\n|-damage|p2a: Iron Bundle|41\/100\n|\n|upkeep\n|turn|6\n|\n|t:|1681866958\n|switch|p2b: Arcanine|Arcanine, L50, F|29\/100\n|-ability|p2b: Arcanine|Intimidate|boost\n|-unboost|p1a: Dondozo|atk|1\n|-unboost|p1b: Tatsugiri|atk|1\n|move|p2a: Iron Bundle|Icy Wind|p1b: Tatsugiri|[spread] p1a\n|-miss|p2a: Iron Bundle|p1b: Tatsugiri\n|-resisted|p1a: Dondozo\n|-damage|p1a: Dondozo|97\/100\n|-unboost|p1a: Dondozo|spe|1\n|move|p1a: Dondozo|Earthquake|p2b: Arcanine|[spread] p2a,p2b\n|-miss|p1a: Dondozo|p1b: Tatsugiri\n|-supereffective|p2b: Arcanine\n|-damage|p2a: Iron Bundle|15\/100\n|-damage|p2b: Arcanine|0 fnt\n|faint|p2b: Arcanine\n|\n|-heal|p1a: Dondozo|100\/100|[from] item: Leftovers\n|upkeep\n|\n|t:|1681866973\n|switch|p2b: Panda|Annihilape, L50, F, tera:Fire|38\/100\n|turn|7\n|\n|t:|1681866988\n|move|p2a: Iron Bundle|Freeze-Dry|p1a: Dondozo\n|-supereffective|p1a: Dondozo\n|-damage|p1a: Dondozo|69\/100\n|move|p1a: Dondozo|Earthquake|p2b: Panda|[spread] p2a,p2b\n|-miss|p1a: Dondozo|p1b: Tatsugiri\n|-supereffective|p2b: Panda\n|-damage|p2a: Iron Bundle|0 fnt\n|-damage|p2b: Panda|0 fnt\n|faint|p2a: Iron Bundle\n|-end|p2a: Iron Bundle|Quark Drive|[silent]\n|faint|p2b: Panda\n|\n|win|dekukraken\n|c|\u2606dekukraken|gg\n|c|\u2606R2VGC|gg\n|l|\u2606R2VGC\n","uploadtime":1681867007,"views":16,"p1id":"dekukraken","p2id":"r2vgc","formatid":"gen9vgc2023regulationc","rating":0,"private":0,"password":""}