{"id":"gen9vgc2023regulationc-1852477377","p1":"Feral_Gatrz","p2":"coolkhiid","format":"[Gen 9] VGC 2023 Regulation C","log":"|j|\u2606Feral_Gatrz\n|j|\u2606coolkhiid\n|t:|1682562613\n|gametype|doubles\n|player|p1|Feral_Gatrz|1|1382\n|player|p2|coolkhiid|1|1382\n|teamsize|p1|6\n|teamsize|p2|6\n|gen|9\n|tier|[Gen 9] VGC 2023 Regulation C\n|rated|\n|rule|Species Clause: Limit one of each Pok\u00e9mon\n|rule|Item Clause: Limit one of each item\n|clearpoke\n|poke|p1|Oranguru, L50, F|\n|poke|p1|Amoonguss, L50, M|\n|poke|p1|Iron Hands, L50|\n|poke|p1|Palafin, L50, M|\n|poke|p1|Kingambit, L50, F|\n|poke|p1|Chien-Pao, L50|\n|poke|p2|Ting-Lu, L50|\n|poke|p2|Abomasnow, L50, M|\n|poke|p2|Iron Bundle, L50|\n|poke|p2|Gyarados, L50, F|\n|poke|p2|Gholdengo, L50|\n|poke|p2|Iron Moth, L50|\n|teampreview|4\n|inactive|Battle timer is ON: inactive players will automatically lose when time's up. (requested by coolkhiid)\n|\n|t:|1682562641\n|start\n|switch|p1a: Oranguru|Oranguru, L50, F|100\/100\n|switch|p1b: Palafin|Palafin, L50, M|100\/100\n|switch|p2a: Ting-Lu|Ting-Lu, L50|100\/100\n|switch|p2b: Abomasnow|Abomasnow, L50, M|100\/100\n|-weather|Snow|[from] ability: Snow Warning|[of] p2b: Abomasnow\n|-ability|p2a: Ting-Lu|Vessel of Ruin\n|turn|1\n|inactive|coolkhiid has 30 seconds left.\n|\n|t:|1682562668\n|move|p1b: Palafin|Flip Turn|p2b: Abomasnow\n|-resisted|p2b: Abomasnow\n|-damage|p2b: Abomasnow|91\/100\n|\n|t:|1682562672\n|detailschange|p1b: Palafin|Palafin-Hero, L50, M\n|switch|p1b: Iron Hands|Iron Hands, L50|100\/100|[from] Flip Turn\n|-enditem|p1b: Iron Hands|Booster Energy\n|-activate|p1a: Oranguru|ability: Symbiosis|Life Orb|[of] p1b: Iron Hands\n|-activate|p1b: Iron Hands|ability: Quark Drive|[fromitem]\n|-start|p1b: Iron Hands|quarkdriveatk\n|move|p2b: Abomasnow|Aurora Veil|p2b: Abomasnow\n|-sidestart|p2: coolkhiid|move: Aurora Veil\n|move|p2a: Ting-Lu|Ruination|p1a: Oranguru\n|-damage|p1a: Oranguru|51\/100\n|move|p1a: Oranguru|Trick Room|p1a: Oranguru\n|-fieldstart|move: Trick Room|[of] p1a: Oranguru\n|\n|-weather|Snow|[upkeep]\n|upkeep\n|turn|2\n|\n|t:|1682562694\n|-terastallize|p2a: Ting-Lu|Ground\n|move|p1b: Iron Hands|Drain Punch|p2a: Ting-Lu\n|-damage|p2a: Ting-Lu|72\/100\n|-damage|p1b: Iron Hands|91\/100|[from] item: Life Orb\n|move|p1a: Oranguru|Instruct|p1b: Iron Hands\n|-singleturn|p1b: Iron Hands|move: Instruct|[of] p1a: Oranguru\n|move|p1b: Iron Hands|Drain Punch|p2a: Ting-Lu\n|-damage|p2a: Ting-Lu|40\/100\n|-heal|p1b: Iron Hands|100\/100|[from] drain|[of] p2a: Ting-Lu\n|-damage|p1b: Iron Hands|91\/100|[from] item: Life Orb\n|move|p2a: Ting-Lu|Earthquake|p1b: Iron Hands|[spread] p2b,p1a,p1b\n|-resisted|p2b: Abomasnow\n|-supereffective|p1b: Iron Hands\n|-damage|p2b: Abomasnow|79\/100\n|-damage|p1a: Oranguru|1\/100\n|-damage|p1b: Iron Hands|31\/100\n|move|p2b: Abomasnow|Blizzard|p1b: Iron Hands|[spread] p1a,p1b\n|-damage|p1a: Oranguru|0 fnt\n|-damage|p1b: Iron Hands|5\/100\n|faint|p1a: Oranguru\n|\n|-weather|Snow|[upkeep]\n|upkeep\n|\n|t:|1682562701\n|switch|p1a: Palafin|Palafin-Hero, L50, M|100\/100\n|-activate|p1a: Palafin|ability: Zero to Hero\n|turn|3\n|inactive|coolkhiid has 30 seconds left.\n|\n|t:|1682562740\n|-terastallize|p1a: Palafin|Water\n|move|p1a: Palafin|Jet Punch|p2a: Ting-Lu\n|-supereffective|p2a: Ting-Lu\n|-damage|p2a: Ting-Lu|0 fnt\n|faint|p2a: Ting-Lu\n|move|p1b: Iron Hands|Drain Punch|p2b: Abomasnow\n|-supereffective|p2b: Abomasnow\n|-damage|p2b: Abomasnow|12\/100\n|-heal|p1b: Iron Hands|31\/100|[from] drain|[of] p2b: Abomasnow\n|-damage|p1b: Iron Hands|21\/100|[from] item: Life Orb\n|move|p2b: Abomasnow|Giga Drain|p1a: Palafin\n|-supereffective|p1a: Palafin\n|-damage|p1a: Palafin|32\/100\n|-heal|p2b: Abomasnow|43\/100|[from] drain|[of] p1a: Palafin\n|\n|-weather|Snow|[upkeep]\n|upkeep\n|\n|t:|1682562759\n|switch|p2a: Iron Bundle|Iron Bundle, L50|100\/100\n|turn|4\n|\n|t:|1682562769\n|switch|p1a: Kingambit|Kingambit, L50, F|100\/100\n|move|p1b: Iron Hands|Drain Punch|p2b: Abomasnow\n|-supereffective|p2b: Abomasnow\n|-damage|p2b: Abomasnow|0 fnt\n|-heal|p1b: Iron Hands|37\/100|[from] drain|[of] p2b: Abomasnow\n|faint|p2b: Abomasnow\n|-damage|p1b: Iron Hands|27\/100|[from] item: Life Orb\n|move|p2a: Iron Bundle|Blizzard|p1b: Iron Hands|[spread] p1a,p1b\n|-resisted|p1a: Kingambit\n|-damage|p1a: Kingambit|77\/100\n|-damage|p1b: Iron Hands|0 fnt\n|faint|p1b: Iron Hands\n|-end|p1b: Iron Hands|Quark Drive|[silent]\n|-damage|p2a: Iron Bundle|91\/100|[from] item: Life Orb\n|\n|-weather|Snow|[upkeep]\n|upkeep\n|\n|t:|1682562783\n|switch|p1b: Palafin|Palafin-Hero, L50, M, tera:Water|32\/100\n|switch|p2b: Iron Moth|Iron Moth, L50|100\/100\n|-enditem|p2b: Iron Moth|Booster Energy\n|-activate|p2b: Iron Moth|ability: Quark Drive|[fromitem]\n|-start|p2b: Iron Moth|quarkdrivespe\n|turn|5\n|\n|t:|1682562800\n|move|p2a: Iron Bundle|Protect|p2a: Iron Bundle\n|-singleturn|p2a: Iron Bundle|Protect\n|move|p2b: Iron Moth|Protect|p2b: Iron Moth\n|-singleturn|p2b: Iron Moth|Protect\n|move|p1b: Palafin|Jet Punch|p2b: Iron Moth\n|-activate|p2b: Iron Moth|move: Protect\n|move|p1a: Kingambit|Iron Head|p2a: Iron Bundle\n|-activate|p2a: Iron Bundle|move: Protect\n|\n|-weather|none\n|-fieldend|move: Trick Room\n|upkeep\n|turn|6\n|inactive|coolkhiid has 30 seconds left.\n|\n|t:|1682562829\n|move|p1b: Palafin|Jet Punch|p2b: Iron Moth\n|-supereffective|p2b: Iron Moth\n|-damage|p2b: Iron Moth|0 fnt\n|faint|p2b: Iron Moth\n|-end|p2b: Iron Moth|Quark Drive|[silent]\n|move|p2a: Iron Bundle|Hydro Pump|p1b: Palafin\n|-resisted|p1b: Palafin\n|-damage|p1b: Palafin|0 fnt\n|faint|p1b: Palafin\n|-damage|p2a: Iron Bundle|82\/100|[from] item: Life Orb\n|move|p1a: Kingambit|Iron Head|p2a: Iron Bundle\n|-damage|p2a: Iron Bundle|47\/100\n|\n|upkeep\n|turn|7\n|\n|t:|1682562843\n|move|p1a: Kingambit|Sucker Punch|p2a: Iron Bundle\n|-damage|p2a: Iron Bundle|13\/100\n|move|p2a: Iron Bundle|Hydro Pump|p1a: Kingambit\n|-damage|p1a: Kingambit|7\/100\n|-damage|p2a: Iron Bundle|4\/100|[from] item: Life Orb\n|\n|upkeep\n|turn|8\n|\n|t:|1682562852\n|move|p1a: Kingambit|Sucker Punch|p2a: Iron Bundle\n|-damage|p2a: Iron Bundle|0 fnt\n|faint|p2a: Iron Bundle\n|-end|p2a: Iron Bundle|Quark Drive|[silent]\n|\n|win|Feral_Gatrz\n|raw|Feral_Gatrz's rating: 1382 → 1402<\/strong> (+20 for winning)\n|raw|coolkhiid's rating: 1382 → 1362<\/strong> (-20 for losing)\n|l|\u2606Feral_Gatrz\n","uploadtime":1682562860,"views":11,"p1id":"feralgatrz","p2id":"coolkhiid","formatid":"gen9vgc2023regulationc","rating":1362,"private":0,"password":""}