{"id":"gen9vgc2023regulationc-1845119602","p1":"fonzee3000","p2":"Seabassmcchop","format":"[Gen 9] VGC 2023 Regulation C","log":"|j|\u2606fonzee3000\n|j|\u2606Seabassmcchop\n|t:|1681685827\n|gametype|doubles\n|player|p1|fonzee3000|brycenman|1156\n|player|p2|Seabassmcchop|1|1146\n|teamsize|p1|6\n|teamsize|p2|6\n|gen|9\n|tier|[Gen 9] VGC 2023 Regulation C\n|rated|\n|rule|Species Clause: Limit one of each Pok\u00e9mon\n|rule|Item Clause: Limit one of each item\n|clearpoke\n|poke|p1|Farigiraf, L50, F|\n|poke|p1|Iron Hands, L50|\n|poke|p1|Flutter Mane, L50|\n|poke|p1|Dragonite, L50, M|\n|poke|p1|Torkoal, L50, M|\n|poke|p1|Chien-Pao, L50|\n|poke|p2|Amoonguss, L50, F|\n|poke|p2|Palafin, L50, M|\n|poke|p2|Flutter Mane, L50|\n|poke|p2|Arcanine, L50, F|\n|poke|p2|Chi-Yu, L50|\n|poke|p2|Ditto, L50|\n|teampreview|4\nfonzee3000 has agreed to open team sheets.\n|inactive|Battle timer is ON: inactive players will automatically lose when time's up. (requested by fonzee3000)\n|inactive|fonzee3000 has 60 seconds left.\n|\n|t:|1681685867\n|start\n|switch|p1a: Farigiraf|Farigiraf, L50, F, shiny|100\/100\n|switch|p1b: Iron Hands|Iron Hands, L50|100\/100\n|switch|p2a: Ditto|Ditto, L50|100\/100\n|switch|p2b: Palafin|Palafin, L50, M|100\/100\n|-transform|p2a: Ditto|p1b: Iron Hands|[from] ability: Imposter\n|turn|1\n|\n|t:|1681685891\n|detailschange|p2b: Palafin|Palafin-Hero, L50, M\n|switch|p2b: Amoonguss|Amoonguss, L50, F|100\/100\n|move|p1b: Iron Hands|Fake Out|p2a: Ditto\n|-damage|p2a: Ditto|86\/100\n|cant|p2a: Ditto|flinch\n|move|p1a: Farigiraf|Trick Room|p1a: Farigiraf\n|-fieldstart|move: Trick Room|[of] p1a: Farigiraf\n|\n|upkeep\n|turn|2\n|inactive|fonzee3000 has 30 seconds left.\n|\n|t:|1681685920\n|-end|p1b: Iron Hands|Quark Drive|[silent]\n|switch|p1b: Torkoal|Torkoal, L50, M, shiny|100\/100\n|-weather|SunnyDay|[from] ability: Drought|[of] p1b: Torkoal\n|move|p2b: Amoonguss|Spore|p1a: Farigiraf\n|-status|p1a: Farigiraf|slp|[from] move: Spore\n|cant|p1a: Farigiraf|slp\n|move|p2a: Ditto|Drain Punch|p1a: Farigiraf\n|-damage|p1a: Farigiraf|67\/100 slp\n|-heal|p2a: Ditto|100\/100|[from] drain|[of] p1a: Farigiraf\n|\n|-weather|SunnyDay|[upkeep]\n|upkeep\n|turn|3\n|inactive|Seabassmcchop has 30 seconds left.\n|\n|t:|1681685947\n|-terastallize|p1b: Torkoal|Fire\n|-terastallize|p2b: Amoonguss|Normal\n|move|p1b: Torkoal|Eruption|p2b: Amoonguss|[spread] p2a,p2b\n|-enditem|p2a: Ditto|Focus Sash\n|-damage|p2a: Ditto|1\/100\n|-damage|p2b: Amoonguss|7\/100\n|-enditem|p2b: Amoonguss|Sitrus Berry|[eat]\n|-heal|p2b: Amoonguss|32\/100|[from] item: Sitrus Berry\n|move|p2b: Amoonguss|Spore|p1b: Torkoal\n|-status|p1b: Torkoal|slp|[from] move: Spore\n|cant|p1a: Farigiraf|slp\n|move|p2a: Ditto|Close Combat|p1b: Torkoal\n|-damage|p1b: Torkoal|51\/100 slp\n|-unboost|p2a: Ditto|def|1\n|-unboost|p2a: Ditto|spd|1\n|\n|-weather|SunnyDay|[upkeep]\n|upkeep\n|turn|4\n|\n|t:|1681685970\n|cant|p1b: Torkoal|slp\n|move|p2b: Amoonguss|Pollen Puff|p2a: Ditto\n|-heal|p2a: Ditto|51\/100\n|cant|p1a: Farigiraf|slp\n|move|p2a: Ditto|Drain Punch|p1b: Torkoal\n|-damage|p1b: Torkoal|21\/100 slp\n|-heal|p2a: Ditto|68\/100|[from] drain|[of] p1b: Torkoal\n|\n|-weather|SunnyDay|[upkeep]\n|upkeep\n|turn|5\n|\n|t:|1681685994\n|move|p2b: Amoonguss|Rage Powder|p2b: Amoonguss\n|-singleturn|p2b: Amoonguss|move: Rage Powder\n|-curestatus|p1b: Torkoal|slp|[msg]\n|move|p1b: Torkoal|Heat Wave|p2a: Ditto|[spread] p2a\n|-miss|p1b: Torkoal|p2b: Amoonguss\n|-damage|p2a: Ditto|0 fnt\n|faint|p2a: Ditto\n|-end|p2a: Ditto|Quark Drive|[silent]\n|-curestatus|p1a: Farigiraf|slp|[msg]\n|move|p1a: Farigiraf|Hyper Voice|p2b: Amoonguss\n|-damage|p2b: Amoonguss|4\/100\n|\n|-weather|SunnyDay|[upkeep]\n|-fieldend|move: Trick Room\n|upkeep\n|\n|t:|1681686002\n|switch|p2a: Palafin|Palafin-Hero, L50, M|100\/100\n|-activate|p2a: Palafin|ability: Zero to Hero\n|turn|6\n|\n|t:|1681686015\n|move|p1b: Torkoal|Protect|p1b: Torkoal\n|-singleturn|p1b: Torkoal|Protect\n|move|p2a: Palafin|Wave Crash|p1b: Torkoal\n|-activate|p1b: Torkoal|move: Protect\n|move|p2b: Amoonguss|Spore|p1a: Farigiraf\n|-status|p1a: Farigiraf|slp|[from] move: Spore\n|cant|p1a: Farigiraf|slp\n|\n|-weather|none\n|upkeep\n|turn|7\n|inactive|Seabassmcchop has 30 seconds left.\n|\n|t:|1681686043\n|move|p2a: Palafin|Focus Energy|p2a: Palafin\n|-start|p2a: Palafin|move: Focus Energy\n|cant|p1a: Farigiraf|slp\n|move|p2b: Amoonguss|Giga Drain|p1a: Farigiraf\n|-damage|p1a: Farigiraf|48\/100 slp\n|-heal|p2b: Amoonguss|13\/100|[from] drain|[of] p1a: Farigiraf\n|move|p1b: Torkoal|Heat Wave|p2a: Palafin|[spread] p2a,p2b\n|-resisted|p2a: Palafin\n|-damage|p2a: Palafin|81\/100\n|-damage|p2b: Amoonguss|0 fnt\n|faint|p2b: Amoonguss\n|\n|upkeep\n|\n|t:|1681686052\n|switch|p2b: Arcanine|Arcanine, L50, F|100\/100\n|-ability|p2b: Arcanine|Intimidate|boost\n|-unboost|p1a: Farigiraf|atk|1\n|-unboost|p1b: Torkoal|atk|1\n|turn|8\n|\n|t:|1681686063\n|move|p1b: Torkoal|Protect|p1b: Torkoal\n|-singleturn|p1b: Torkoal|Protect\n|move|p2b: Arcanine|Extreme Speed||[still]\n|cant|p1a: Farigiraf|ability: Armor Tail|Extreme Speed|[of] p2b: Arcanine\n|move|p2a: Palafin|Jet Punch||[still]\n|cant|p1a: Farigiraf|ability: Armor Tail|Jet Punch|[of] p2a: Palafin\n|-curestatus|p1a: Farigiraf|slp|[msg]\n|move|p1a: Farigiraf|Trick Room|p1a: Farigiraf\n|-fieldstart|move: Trick Room|[of] p1a: Farigiraf\n|\n|upkeep\n|turn|9\n|-message|Seabassmcchop forfeited.\n|\n|win|fonzee3000\n|raw|fonzee3000's rating: 1156 → 1180<\/strong> (+24 for winning)\n|raw|Seabassmcchop's rating: 1146 → 1122<\/strong> (-24 for losing)\n|l|\u2606Seabassmcchop\n","uploadtime":1681686101,"views":17,"p1id":"fonzee3000","p2id":"seabassmcchop","formatid":"gen9vgc2023regulationc","rating":1122,"private":0,"password":""}