{"id":"gen9vgc2023regulationc-1845577117","p1":"cammmmy","p2":"RitmanTesting1","format":"[Gen 9] VGC 2023 Regulation C","log":"|j|\u2606cammmmy\n|j|\u2606RitmanTesting1\n|t:|1681746466\n|gametype|doubles\n|player|p1|cammmmy|265|1268\n|player|p2|RitmanTesting1|byron|1344\n|teamsize|p1|6\n|teamsize|p2|6\n|gen|9\n|tier|[Gen 9] VGC 2023 Regulation C\n|rated|\n|rule|Species Clause: Limit one of each Pok\u00e9mon\n|rule|Item Clause: Limit one of each item\n|clearpoke\n|poke|p1|Abomasnow, L50, M|\n|poke|p1|Ting-Lu, L50|\n|poke|p1|Slowking, L50, F|\n|poke|p1|Beartic, L50, M|\n|poke|p1|Glaceon, L50, M|\n|poke|p1|Crabominable, L50, M|\n|poke|p2|Wo-Chien, L50|\n|poke|p2|Glimmora, L50, F|\n|poke|p2|Baxcalibur, L50, M|\n|poke|p2|Flutter Mane, L50|\n|poke|p2|Arcanine, L50, M|\n|poke|p2|Roaring Moon, L50|\n|teampreview|4\nRitmanTesting1 has agreed to open team sheets.\n|inactive|Battle timer is ON: inactive players will automatically lose when time's up. (requested by RitmanTesting1)\n|inactive|RitmanTesting1 has 60 seconds left.\n|inactive|RitmanTesting1 has 30 seconds left.\n|inactive|RitmanTesting1 has 20 seconds left.\n|\n|t:|1681746545\n|start\n|switch|p1a: Abomasnow|Abomasnow, L50, M|100\/100\n|switch|p1b: Slowking|Slowking, L50, F|100\/100\n|switch|p2a: Flutter Mane|Flutter Mane, L50|100\/100\n|switch|p2b: Baxcalibur|Baxcalibur, L50, M|100\/100\n|-weather|Snow|[from] ability: Snow Warning|[of] p1a: Abomasnow\n|turn|1\n|\n|t:|1681746567\n|-terastallize|p1b: Slowking|Steel\n|move|p2a: Flutter Mane|Shadow Ball|p1b: Slowking\n|-damage|p1b: Slowking|54\/100\n|move|p2b: Baxcalibur|Glaive Rush|p1b: Slowking\n|-resisted|p1b: Slowking\n|-damage|p1b: Slowking|29\/100\n|-singlemove|p2b: Baxcalibur|Glaive Rush|[silent]\n|move|p1a: Abomasnow|Aurora Veil|p1a: Abomasnow\n|-sidestart|p1: cammmmy|move: Aurora Veil\n|move|p1b: Slowking|Trick Room|p1b: Slowking\n|-fieldstart|move: Trick Room|[of] p1b: Slowking\n|\n|-weather|Snow|[upkeep]\n|upkeep\n|turn|2\n|\n|t:|1681746587\n|switch|p1b: Glaceon|Glaceon, L50, M|100\/100\n|move|p2b: Baxcalibur|Protect|p2b: Baxcalibur\n|-singleturn|p2b: Baxcalibur|Protect\n|move|p1a: Abomasnow|Wood Hammer|p2a: Flutter Mane\n|-damage|p2a: Flutter Mane|44\/100\n|-damage|p1a: Abomasnow|85\/100|[from] Recoil\n|move|p2a: Flutter Mane|Shadow Ball|p1b: Glaceon\n|-damage|p1b: Glaceon|67\/100\n|\n|-weather|Snow|[upkeep]\n|-heal|p1b: Glaceon|73\/100|[from] ability: Ice Body\n|-heal|p1b: Glaceon|78\/100|[from] item: Leftovers\n|upkeep\n|turn|3\n|inactive|RitmanTesting1 has 30 seconds left.\n|\n|t:|1681746614\n|move|p1b: Glaceon|Helping Hand|p1a: Abomasnow\n|-singleturn|p1a: Abomasnow|Helping Hand|[of] p1b: Glaceon\n|move|p1a: Abomasnow|Rock Slide|p2a: Flutter Mane|[spread] p2a,p2b\n|-supereffective|p2b: Baxcalibur\n|-damage|p2a: Flutter Mane|19\/100\n|-damage|p2b: Baxcalibur|78\/100\n|move|p2b: Baxcalibur|Icicle Spear|p1a: Abomasnow\n|-damage|p1a: Abomasnow|80\/100\n|-damage|p1a: Abomasnow|73\/100\n|-damage|p1a: Abomasnow|66\/100\n|-crit|p1a: Abomasnow\n|-damage|p1a: Abomasnow|53\/100\n|-damage|p1a: Abomasnow|46\/100\n|-hitcount|p1a: Abomasnow|5\n|move|p2a: Flutter Mane|Shadow Ball|p1b: Glaceon\n|-damage|p1b: Glaceon|45\/100\n|\n|-weather|Snow|[upkeep]\n|-heal|p1b: Glaceon|51\/100|[from] ability: Ice Body\n|-heal|p1b: Glaceon|57\/100|[from] item: Leftovers\n|upkeep\n|turn|4\n|\n|t:|1681746639\n|switch|p1a: Slowking|Slowking, L50, F, tera:Steel|29\/100\n|move|p2b: Baxcalibur|Protect|p2b: Baxcalibur\n|-singleturn|p2b: Baxcalibur|Protect\n|move|p1b: Glaceon|Blizzard|p2a: Flutter Mane|[spread] p2a\n|-activate|p2b: Baxcalibur|move: Protect\n|-damage|p2a: Flutter Mane|0 fnt\n|faint|p2a: Flutter Mane\n|-end|p2a: Flutter Mane|Protosynthesis|[silent]\n|\n|-weather|Snow|[upkeep]\n|-heal|p1b: Glaceon|63\/100|[from] ability: Ice Body\n|-heal|p1b: Glaceon|69\/100|[from] item: Leftovers\n|upkeep\n|\n|t:|1681746642\n|switch|p2a: Glimmora|Glimmora, L50, F|100\/100\n|turn|5\n|\n|t:|1681746663\n|move|p1b: Glaceon|Helping Hand|p1a: Slowking\n|-singleturn|p1a: Slowking|Helping Hand|[of] p1b: Glaceon\n|move|p1a: Slowking|Hydro Pump|p2a: Glimmora\n|-supereffective|p2a: Glimmora\n|-damage|p2a: Glimmora|17\/100\n|move|p2a: Glimmora|Power Gem|p1b: Glaceon\n|-supereffective|p1b: Glaceon\n|-damage|p1b: Glaceon|22\/100\n|move|p2b: Baxcalibur|Icicle Spear|p1a: Slowking\n|-resisted|p1a: Slowking\n|-damage|p1a: Slowking|25\/100\n|-resisted|p1a: Slowking\n|-damage|p1a: Slowking|22\/100\n|-resisted|p1a: Slowking\n|-damage|p1a: Slowking|18\/100\n|-resisted|p1a: Slowking\n|-damage|p1a: Slowking|15\/100\n|-resisted|p1a: Slowking\n|-damage|p1a: Slowking|11\/100\n|-hitcount|p1a: Slowking|5\n|\n|-weather|none\n|-heal|p1b: Glaceon|28\/100|[from] item: Leftovers\n|-fieldend|move: Trick Room\n|upkeep\n|turn|6\n|inactive|RitmanTesting1 has 30 seconds left.\n|\n|t:|1681746690\n|move|p2b: Baxcalibur|Glaive Rush|p1a: Slowking\n|-resisted|p1a: Slowking\n|-damage|p1a: Slowking|0 fnt\n|-singlemove|p2b: Baxcalibur|Glaive Rush|[silent]\n|faint|p1a: Slowking\n|move|p2a: Glimmora|Power Gem|p1b: Glaceon\n|-supereffective|p1b: Glaceon\n|-damage|p1b: Glaceon|0 fnt\n|faint|p1b: Glaceon\n|\n|upkeep\n|\n|t:|1681746696\n|switch|p1b: Beartic|Beartic, L50, M|100\/100\n|switch|p1a: Abomasnow|Abomasnow, L50, M|46\/100\n|-weather|Snow|[from] ability: Snow Warning|[of] p1a: Abomasnow\n|turn|7\n|\n|t:|1681746714\n|switch|p2a: Arcanine|Arcanine, L50, M|100\/100\n|-ability|p2a: Arcanine|Intimidate|boost\n|-unboost|p1a: Abomasnow|atk|1\n|-unboost|p1b: Beartic|atk|1\n|move|p2b: Baxcalibur|Protect|p2b: Baxcalibur\n|-singleturn|p2b: Baxcalibur|Protect\n|move|p1b: Beartic|Close Combat|p2b: Baxcalibur\n|-activate|p2b: Baxcalibur|move: Protect\n|move|p1a: Abomasnow|Wood Hammer|p2a: Arcanine\n|-resisted|p2a: Arcanine\n|-damage|p2a: Arcanine|85\/100\n|-damage|p1a: Abomasnow|41\/100|[from] Recoil\n|\n|-weather|Snow|[upkeep]\n|upkeep\n|turn|8\n|\n|t:|1681746737\n|-terastallize|p2b: Baxcalibur|Poison\n|move|p1b: Beartic|Close Combat|p2b: Baxcalibur\n|-resisted|p2b: Baxcalibur\n|-crit|p2b: Baxcalibur\n|-damage|p2b: Baxcalibur|42\/100\n|-unboost|p1b: Beartic|def|1\n|-unboost|p1b: Beartic|spd|1\n|move|p2a: Arcanine|Flare Blitz|p1b: Beartic\n|-supereffective|p1b: Beartic\n|-damage|p1b: Beartic|20\/100\n|-status|p1b: Beartic|brn\n|-damage|p2a: Arcanine|60\/100|[from] Recoil\n|move|p2b: Baxcalibur|Glaive Rush|p1b: Beartic\n|-damage|p1b: Beartic|0 fnt\n|-singlemove|p2b: Baxcalibur|Glaive Rush|[silent]\n|faint|p1b: Beartic\n|move|p1a: Abomasnow|Rock Slide|p2b: Baxcalibur|[spread] p2a,p2b\n|-supereffective|p2a: Arcanine\n|-damage|p2a: Arcanine|38\/100\n|-damage|p2b: Baxcalibur|26\/100\n|\n|-weather|Snow|[upkeep]\n|-sideend|p1: cammmmy|move: Aurora Veil\n|upkeep\n|turn|9\n|-message|cammmmy forfeited.\n|\n|win|RitmanTesting1\n|raw|cammmmy's rating: 1268 → 1248<\/strong> (-20 for losing)\n|raw|RitmanTesting1's rating: 1344 → 1360<\/strong> (+16 for winning)\n|l|\u2606cammmmy\n","uploadtime":1681746809,"views":6,"p1id":"cammmmy","p2id":"ritmantesting1","formatid":"gen9vgc2023regulationc","rating":1248,"private":0,"password":""}