{"id":"gen9vgc2023regulationc-1851760582","p1":"FIGHT ON STARMAN","p2":"GuiVallin","format":"[Gen 9] VGC 2023 Regulation C","log":"|j|\u2606FIGHT ON STARMAN\n|j|\u2606GuiVallin\n|t:|1682479430\n|gametype|doubles\n|player|p1|FIGHT ON STARMAN|may-masters|1257\n|player|p2|GuiVallin|riley|1205\n|teamsize|p1|6\n|teamsize|p2|6\n|gen|9\n|tier|[Gen 9] VGC 2023 Regulation C\n|rated|\n|rule|Species Clause: Limit one of each Pok\u00e9mon\n|rule|Item Clause: Limit one of each item\n|clearpoke\n|poke|p1|Pincurchin, L50, M|\n|poke|p1|Iron Hands, L50|\n|poke|p1|Palafin, L50, F|\n|poke|p1|Ting-Lu, L50|\n|poke|p1|Amoonguss, L50, M|\n|poke|p1|Flutter Mane, L50|\n|poke|p2|Palafin, L50, M|\n|poke|p2|Baxcalibur, L50, F|\n|poke|p2|Flutter Mane, L50|\n|poke|p2|Arcanine, L50, M|\n|poke|p2|Amoonguss, L50, F|\n|poke|p2|Ceruledge, L50, M|\n|teampreview|4\nFIGHT ON STARMAN has agreed to open team sheets.\n|\n|t:|1682479481\n|start\n|switch|p1a: STARMAN|Iron Hands, L50, shiny|100\/100\n|switch|p1b: BLAST|Palafin, L50, F, shiny|100\/100\n|switch|p2a: All Might|Palafin, L50, M, shiny|100\/100\n|switch|p2b: Flutter Mane|Flutter Mane, L50, shiny|100\/100\n|-enditem|p2b: Flutter Mane|Booster Energy\n|-activate|p2b: Flutter Mane|ability: Protosynthesis|[fromitem]\n|-start|p2b: Flutter Mane|protosynthesisspd\n|turn|1\n|\n|t:|1682479519\n|detailschange|p1b: BLAST|Palafin-Hero, L50, F, shiny\n|switch|p1b: CHU|Pincurchin, L50, M, shiny|100\/100\n|-fieldstart|move: Electric Terrain|[from] ability: Electric Surge|[of] p1b: CHU\n|-activate|p1a: STARMAN|ability: Quark Drive\n|-start|p1a: STARMAN|quarkdriveatk\n|detailschange|p2a: All Might|Palafin-Hero, L50, M, shiny\n|switch|p2a: Amoonguss|Amoonguss, L50, F|100\/100\n|-terastallize|p1a: STARMAN|Water\n|move|p2b: Flutter Mane|Moonblast|p1a: STARMAN\n|-damage|p1a: STARMAN|71\/100\n|move|p1a: STARMAN|Wild Charge|p2a: Amoonguss\n|-resisted|p2a: Amoonguss\n|-damage|p2a: Amoonguss|63\/100\n|-damage|p1a: STARMAN|64\/100|[from] Recoil\n|\n|upkeep\n|turn|2\n|\n|t:|1682479575\n|switch|p1b: MISTRESS|Flutter Mane, L50, shiny|100\/100\n|move|p2a: Amoonguss|Rage Powder|p2a: Amoonguss\n|-singleturn|p2a: Amoonguss|move: Rage Powder\n|move|p2b: Flutter Mane|Energy Ball|p1a: STARMAN\n|-supereffective|p1a: STARMAN\n|-damage|p1a: STARMAN|22\/100\n|-unboost|p1a: STARMAN|spd|1\n|move|p1a: STARMAN|Heavy Slam|p2a: Amoonguss\n|-damage|p2a: Amoonguss|9\/100\n|-enditem|p2a: Amoonguss|Sitrus Berry|[eat]\n|-heal|p2a: Amoonguss|34\/100|[from] item: Sitrus Berry\n|\n|upkeep\n|turn|3\n|\n|t:|1682479614\n|-end|p1a: STARMAN|Quark Drive|[silent]\n|switch|p1a: CHU|Pincurchin, L50, M, shiny|100\/100\n|-terastallize|p2b: Flutter Mane|Fairy\n|move|p2a: Amoonguss|Rage Powder|p2a: Amoonguss\n|-singleturn|p2a: Amoonguss|move: Rage Powder\n|move|p1b: MISTRESS|Shadow Ball|p2a: Amoonguss\n|-damage|p2a: Amoonguss|0 fnt\n|faint|p2a: Amoonguss\n|move|p2b: Flutter Mane|Energy Ball|p1a: CHU\n|-damage|p1a: CHU|60\/100\n|\n|upkeep\n|\n|t:|1682479633\n|switch|p2a: Ceruledge|Ceruledge, L50, M|100\/100\n|turn|4\n|\n|t:|1682479651\n|move|p2a: Ceruledge|Shadow Sneak|p1b: MISTRESS\n|-supereffective|p1b: MISTRESS\n|-damage|p1b: MISTRESS|7\/100\n|move|p1b: MISTRESS|Shadow Ball|p2a: Ceruledge\n|-supereffective|p2a: Ceruledge\n|-enditem|p2a: Ceruledge|Focus Sash\n|-damage|p2a: Ceruledge|1\/100\n|move|p2b: Flutter Mane|Shadow Ball|p1b: MISTRESS\n|-supereffective|p1b: MISTRESS\n|-damage|p1b: MISTRESS|0 fnt\n|faint|p1b: MISTRESS\n|-end|p1b: MISTRESS|Protosynthesis|[silent]\n|move|p1a: CHU|Thunder Wave|p2b: Flutter Mane\n|-status|p2b: Flutter Mane|par\n|\n|upkeep\n|\n|t:|1682479675\n|switch|p1b: BLAST|Palafin-Hero, L50, F, shiny|100\/100\n|-activate|p1b: BLAST|ability: Zero to Hero\n|turn|5\n|\n|t:|1682479690\n|move|p2a: Ceruledge|Shadow Sneak|p1b: BLAST\n|-damage|p1b: BLAST|80\/100\n|move|p1a: CHU|Sucker Punch||[still]\n|-fail|p1a: CHU\n|move|p1b: BLAST|Wave Crash|p2b: Flutter Mane\n|-damage|p2b: Flutter Mane|0 fnt\n|faint|p2b: Flutter Mane\n|-end|p2b: Flutter Mane|Protosynthesis|[silent]\n|-damage|p1b: BLAST|57\/100|[from] Recoil\n|\n|upkeep\n|\n|t:|1682479701\n|switch|p2b: All Might|Palafin-Hero, L50, M, shiny|100\/100\n|-activate|p2b: All Might|ability: Zero to Hero\n|turn|6\n|\n|t:|1682479726\n|move|p1b: BLAST|Jet Punch|p2a: Ceruledge\n|-supereffective|p2a: Ceruledge\n|-damage|p2a: Ceruledge|0 fnt\n|faint|p2a: Ceruledge\n|move|p2b: All Might|Wave Crash|p1b: BLAST\n|-resisted|p1b: BLAST\n|-damage|p1b: BLAST|6\/100\n|-damage|p2b: All Might|83\/100|[from] Recoil\n|move|p1a: CHU|Thunder Wave|p2b: All Might\n|-status|p2b: All Might|par\n|\n|upkeep\n|turn|7\n|\n|t:|1682479741\n|move|p1b: BLAST|Protect|p1b: BLAST\n|-singleturn|p1b: BLAST|Protect\n|move|p2b: All Might|Jet Punch|p1b: BLAST\n|-activate|p1b: BLAST|move: Protect\n|move|p1a: CHU|Zing Zap|p2b: All Might\n|-supereffective|p2b: All Might\n|-damage|p2b: All Might|17\/100 par\n|\n|upkeep\n|turn|8\n|\n|t:|1682479752\n|move|p1b: BLAST|Jet Punch|p2b: All Might\n|-resisted|p2b: All Might\n|-damage|p2b: All Might|0 fnt\n|faint|p2b: All Might\n|\n|win|FIGHT ON STARMAN\n|raw|FIGHT ON STARMAN's rating: 1257 → 1278<\/strong> (+21 for winning)\n|raw|GuiVallin's rating: 1205 → 1184<\/strong> (-21 for losing)\n|l|\u2606GuiVallin\n","uploadtime":1682479759,"views":9,"p1id":"fightonstarman","p2id":"guivallin","formatid":"gen9vgc2023regulationc","rating":1184,"private":0,"password":""}