{"id":"gen9vgc2023regulationc-1846631090","p1":"LordSno","p2":"GngrSnapz","format":"[Gen 9] VGC 2023 Regulation C","log":"|j|\u2606LordSno\n|j|\u2606GngrSnapz\n|t:|1681859318\n|gametype|doubles\n|player|p1|LordSno|steven|1216\n|player|p2|GngrSnapz|gentleman-gen4|1149\n|teamsize|p1|6\n|teamsize|p2|6\n|gen|9\n|tier|[Gen 9] VGC 2023 Regulation C\n|rated|\n|rule|Species Clause: Limit one of each Pok\u00e9mon\n|rule|Item Clause: Limit one of each item\n|clearpoke\n|poke|p1|Chi-Yu, L50|\n|poke|p1|Flutter Mane, L50|\n|poke|p1|Torkoal, L50, F|\n|poke|p1|Jumpluff, L50, M|\n|poke|p1|Great Tusk, L50|\n|poke|p1|Wo-Chien, L50|\n|poke|p2|Lilligant, L50, F|\n|poke|p2|Torkoal, L50, M|\n|poke|p2|Frosmoth, L50, M|\n|poke|p2|Dragonite, L50, M|\n|poke|p2|Great Tusk, L50|\n|poke|p2|Annihilape, L50, M|\n|teampreview|4\n|inactive|Battle timer is ON: inactive players will automatically lose when time's up. (requested by GngrSnapz)\n|l|\u2606GngrSnapz\n|inactive|GngrSnapz disconnected and has a minute to reconnect!\n|player|p2|\n|j|\u2606GngrSnapz\n|inactive|GngrSnapz reconnected and has 75 seconds left.\n|player|p2|GngrSnapz|gentleman-gen4\n|inactive|LordSno has 60 seconds left.\n|inactive|GngrSnapz has 60 seconds left.\n|\n|t:|1681859364\n|start\n|switch|p1a: Jumpluff|Jumpluff, L50, M|100\/100\n|switch|p1b: Wo-Chien|Wo-Chien, L50|100\/100\n|switch|p2a: Lilligant|Lilligant, L50, F|100\/100\n|switch|p2b: Torkoal|Torkoal, L50, M|100\/100\n|-ability|p1b: Wo-Chien|Tablets of Ruin\n|-weather|SunnyDay|[from] ability: Drought|[of] p2b: Torkoal\n|turn|1\n|\n|t:|1681859387\n|-terastallize|p2b: Torkoal|Fire\n|move|p1a: Jumpluff|Sleep Powder|p2b: Torkoal\n|-status|p2b: Torkoal|slp|[from] move: Sleep Powder\n|move|p2a: Lilligant|After You|p2b: Torkoal\n|-activate|p2b: Torkoal|move: After You\n|cant|p2b: Torkoal|slp\n|move|p1b: Wo-Chien|Leech Seed|p2b: Torkoal\n|-start|p2b: Torkoal|move: Leech Seed\n|\n|-weather|SunnyDay|[upkeep]\n|-damage|p2b: Torkoal|88\/100 slp|[from] Leech Seed|[of] p1b: Wo-Chien\n|upkeep\n|turn|2\n|inactive|GngrSnapz has 30 seconds left.\n|inactive|GngrSnapz has 20 seconds left.\n|inactive|GngrSnapz has 15 seconds left.\n|inactive|GngrSnapz has 10 seconds left.\n|\n|t:|1681859434\n|switch|p1a: Torkoal|Torkoal, L50, F|100\/100\n|move|p2a: Lilligant|Protect|p2a: Lilligant\n|-singleturn|p2a: Lilligant|Protect\n|move|p1b: Wo-Chien|Dark Pulse|p2b: Torkoal\n|-damage|p2b: Torkoal|51\/100 slp\n|cant|p2b: Torkoal|slp\n|\n|-weather|SunnyDay|[upkeep]\n|-damage|p2b: Torkoal|38\/100 slp|[from] Leech Seed|[of] p1b: Wo-Chien\n|upkeep\n|turn|3\n|inactive|LordSno has 30 seconds left.\n|\n|t:|1681859468\n|-terastallize|p1a: Torkoal|Grass\n|move|p2a: Lilligant|Sleep Powder|p1a: Torkoal\n|-immune|p1a: Torkoal\n|move|p1b: Wo-Chien|Dark Pulse|p2b: Torkoal\n|-damage|p2b: Torkoal|4\/100 slp\n|move|p1a: Torkoal|Heat Wave|p2a: Lilligant|[spread] p2b\n|-miss|p1a: Torkoal|p2a: Lilligant\n|-resisted|p2b: Torkoal\n|-damage|p2b: Torkoal|0 fnt\n|faint|p2b: Torkoal\n|\n|-weather|SunnyDay|[upkeep]\n|upkeep\n|\n|t:|1681859485\n|switch|p2b: Frosmoth|Frosmoth, L50, M|100\/100\n|turn|4\n|\n|t:|1681859504\n|move|p2a: Lilligant|After You|p2b: Frosmoth\n|-activate|p2b: Frosmoth|move: After You\n|move|p2b: Frosmoth|Bug Buzz|p1b: Wo-Chien\n|-supereffective|p1b: Wo-Chien\n|-damage|p1b: Wo-Chien|13\/100\n|move|p1b: Wo-Chien|Solar Beam||[still]\n|-prepare|p1b: Wo-Chien|Solar Beam\n|-anim|p1b: Wo-Chien|Solar Beam|p2b: Frosmoth\n|-resisted|p2b: Frosmoth\n|-damage|p2b: Frosmoth|95\/100\n|move|p1a: Torkoal|Heat Wave|p2a: Lilligant|[spread] p2a,p2b\n|-supereffective|p2a: Lilligant\n|-supereffective|p2b: Frosmoth\n|-enditem|p2a: Lilligant|Focus Sash\n|-damage|p2a: Lilligant|1\/100\n|-damage|p2b: Frosmoth|48\/100\n|\n|-weather|SunnyDay|[upkeep]\n|-heal|p1b: Wo-Chien|19\/100|[from] item: Leftovers\n|upkeep\n|turn|5\n|\n|t:|1681859525\n|move|p1b: Wo-Chien|Protect|p1b: Wo-Chien\n|-singleturn|p1b: Wo-Chien|Protect\n|move|p2a: Lilligant|After You|p2b: Frosmoth\n|-activate|p2b: Frosmoth|move: After You\n|move|p2b: Frosmoth|Bug Buzz|p1b: Wo-Chien\n|-activate|p1b: Wo-Chien|move: Protect\n|move|p1a: Torkoal|Heat Wave|p2a: Lilligant|[spread] p2a,p2b\n|-supereffective|p2a: Lilligant\n|-supereffective|p2b: Frosmoth\n|-damage|p2a: Lilligant|0 fnt\n|-damage|p2b: Frosmoth|0 fnt\n|faint|p2a: Lilligant\n|faint|p2b: Frosmoth\n|\n|-weather|none\n|-heal|p1b: Wo-Chien|25\/100|[from] item: Leftovers\n|upkeep\n|\n|t:|1681859541\n|switch|p2b: Annihilape|Annihilape, L50, M|100\/100\n|turn|6\n|\n|t:|1681859549\n|move|p2b: Annihilape|Drain Punch|p1b: Wo-Chien\n|-supereffective|p1b: Wo-Chien\n|-damage|p1b: Wo-Chien|0 fnt\n|faint|p1b: Wo-Chien\n|move|p1a: Torkoal|Will-O-Wisp|p2b: Annihilape\n|-status|p2b: Annihilape|brn\n|-enditem|p2b: Annihilape|Rawst Berry|[eat]\n|-curestatus|p2b: Annihilape|brn|[msg]\n|\n|upkeep\n|\n|t:|1681859555\n|switch|p1b: Flutter Mane|Flutter Mane, L50|100\/100\n|turn|7\n|\n|t:|1681859569\n|move|p1b: Flutter Mane|Dazzling Gleam|p2b: Annihilape\n|-supereffective|p2b: Annihilape\n|-damage|p2b: Annihilape|13\/100\n|move|p2b: Annihilape|Rage Fist|p1b: Flutter Mane\n|-supereffective|p1b: Flutter Mane\n|-enditem|p1b: Flutter Mane|Focus Sash\n|-damage|p1b: Flutter Mane|1\/100\n|move|p1a: Torkoal|Earth Power|p2b: Annihilape\n|-damage|p2b: Annihilape|0 fnt\n|faint|p2b: Annihilape\n|\n|win|LordSno\n|raw|LordSno's rating: 1216 → 1236<\/strong> (+20 for winning)\n|raw|GngrSnapz's rating: 1149 → 1129<\/strong> (-20 for losing)\n","uploadtime":1681859584,"views":13,"p1id":"lordsno","p2id":"gngrsnapz","formatid":"gen9vgc2023regulationc","rating":1129,"private":0,"password":""}