{"id":"gen9vgc2023regulationc-1861297951","p1":"Draxolotl","p2":"Topperlecat","format":"[Gen 9] VGC 2023 Regulation C","log":"|j|\u2606Draxolotl\n|j|\u2606Topperlecat\n|t:|1683743601\n|gametype|doubles\n|player|p1|Draxolotl|iris-gen5bw2|\n|player|p2|Topperlecat|n|\n|teamsize|p1|6\n|teamsize|p2|6\n|gen|9\n|tier|[Gen 9] VGC 2023 Regulation C\n|rule|Species Clause: Limit one of each Pok\u00e9mon\n|rule|Item Clause: Limit one of each item\n|clearpoke\n|poke|p1|Gyarados, L50, F|\n|poke|p1|Talonflame, L50, F|\n|poke|p1|Amoonguss, L50, F|\n|poke|p1|Baxcalibur, L50, M|\n|poke|p1|Kingambit, L50, M|\n|poke|p1|Chien-Pao, L50|\n|poke|p2|Corviknight, L50, M|\n|poke|p2|Garchomp, L50, M|\n|poke|p2|Mimikyu, L50, M|\n|poke|p2|Maushold, L50|\n|poke|p2|Chien-Pao, L50|\n|poke|p2|Tyranitar, L50, M|\n|teampreview|4\n|inactive|Battle timer is ON: inactive players will automatically lose when time's up. (requested by Draxolotl)\nTopperlecat has agreed to open team sheets.\nDraxolotl has agreed to open team sheets.\n|c|\u2606Topperlecat|Glhf\n|c|\u2606Draxolotl|u2\n|inactive|Draxolotl has 60 seconds left.\n|inactive|Topperlecat has 60 seconds left.\n|\n|t:|1683743641\n|start\n|switch|p1a: Kingambit|Kingambit, L50, M|100\/100\n|switch|p1b: Talonflame|Talonflame, L50, F|100\/100\n|switch|p2a: Mimikyu|Mimikyu, L50, M|100\/100\n|switch|p2b: no.|Maushold, L50|100\/100\n|turn|1\n|\n|t:|1683743657\n|move|p2b: no.|Follow Me|p2b: no.\n|-singleturn|p2b: no.|move: Follow Me\n|move|p1b: Talonflame|Tailwind|p1b: Talonflame\n|-sidestart|p1: Draxolotl|move: Tailwind\n|move|p1a: Kingambit|Iron Head|p2b: no.\n|-damage|p2b: no.|42\/100\n|move|p2a: Mimikyu|Swords Dance|p2a: Mimikyu\n|-boost|p2a: Mimikyu|atk|2\n|\n|upkeep\n|turn|2\n|\n|t:|1683743668\n|move|p2b: no.|Follow Me|p2b: no.\n|-singleturn|p2b: no.|move: Follow Me\n|move|p1b: Talonflame|Brave Bird|p2b: no.\n|-damage|p2b: no.|0 fnt\n|faint|p2b: no.\n|-damage|p1b: Talonflame|87\/100|[from] Recoil\n|move|p1a: Kingambit|Kowtow Cleave|p2a: Mimikyu\n|-activate|p2a: Mimikyu|ability: Disguise\n|-damage|p2a: Mimikyu|100\/100\n|detailschange|p2a: Mimikyu|Mimikyu-Busted, L50, M\n|-damage|p2a: Mimikyu|88\/100|[from] pokemon: Mimikyu-Busted\n|move|p2a: Mimikyu|Drain Punch|p1a: Kingambit\n|-supereffective|p1a: Kingambit\n|-damage|p1a: Kingambit|0 fnt\n|-heal|p2a: Mimikyu|100\/100|[from] drain|[of] p1a: Kingambit\n|faint|p1a: Kingambit\n|\n|upkeep\n|\n|t:|1683743690\n|switch|p2b: bob|Tyranitar, L50, M|100\/100\n|switch|p1a: Gyarados|Gyarados, L50, F|100\/100\n|-ability|p1a: Gyarados|Intimidate|boost\n|-unboost|p2a: Mimikyu|atk|1\n|-unboost|p2b: bob|atk|1\n|-weather|Sandstorm|[from] ability: Sand Stream|[of] p2b: bob\n|turn|3\n|inactive|Topperlecat has 30 seconds left.\n|inactive|Draxolotl has 30 seconds left.\n|\n|t:|1683743723\n|-terastallize|p2b: bob|Flying\n|move|p2a: Mimikyu|Shadow Sneak|p1a: Gyarados\n|-damage|p1a: Gyarados|75\/100\n|move|p1b: Talonflame|Will-O-Wisp|p2a: Mimikyu\n|-status|p2a: Mimikyu|brn\n|move|p1a: Gyarados|Waterfall|p2b: bob\n|-damage|p2b: bob|75\/100\n|cant|p2b: bob|flinch\n|\n|-weather|Sandstorm|[upkeep]\n|-damage|p1a: Gyarados|69\/100|[from] Sandstorm\n|-damage|p2a: Mimikyu|94\/100 brn|[from] Sandstorm\n|-damage|p2b: bob|69\/100|[from] Sandstorm\n|-damage|p2a: Mimikyu|88\/100 brn|[from] brn\n|upkeep\n|turn|4\n|c|\u2606Draxolotl|the luck changes\n|c|\u2606Topperlecat|Damn\n|inactive|Draxolotl has 30 seconds left.\n|inactive|Topperlecat has 30 seconds left.\n|\n|t:|1683743753\n|switch|p2b: the biggest bird|Corviknight, L50, M|100\/100\n|move|p1b: Talonflame|Brave Bird|p2a: Mimikyu\n|-damage|p2a: Mimikyu|38\/100 brn\n|-enditem|p2a: Mimikyu|Sitrus Berry|[eat]\n|-heal|p2a: Mimikyu|62\/100 brn|[from] item: Sitrus Berry\n|-damage|p1b: Talonflame|71\/100|[from] Recoil\n|move|p1a: Gyarados|Thunder Wave|p2b: the biggest bird\n|-status|p2b: the biggest bird|par\n|-enditem|p2b: the biggest bird|Lum Berry|[eat]\n|-curestatus|p2b: the biggest bird|par|[msg]\n|move|p2a: Mimikyu|Curse|p1a: Gyarados\n|-start|p1a: Gyarados|Curse|[of] p2a: Mimikyu\n|-damage|p2a: Mimikyu|12\/100 brn\n|\n|-weather|Sandstorm|[upkeep]\n|-damage|p1a: Gyarados|63\/100|[from] Sandstorm\n|-damage|p2a: Mimikyu|6\/100 brn|[from] Sandstorm\n|-damage|p2a: Mimikyu|0 fnt|[from] brn\n|faint|p2a: Mimikyu\n|-damage|p1a: Gyarados|38\/100|[from] Curse\n|-sideend|p1: Draxolotl|move: Tailwind\n|upkeep\n|\n|t:|1683743769\n|switch|p2a: bob|Tyranitar, L50, M, tera:Flying|69\/100\n|turn|5\n|\n|t:|1683743785\n|move|p1b: Talonflame|Will-O-Wisp|p2a: bob\n|-status|p2a: bob|brn\n|move|p1a: Gyarados|Thunder Wave|p2b: the biggest bird|[miss]\n|-miss|p1a: Gyarados|p2b: the biggest bird\n|move|p2b: the biggest bird|Taunt|p1b: Talonflame\n|-start|p1b: Talonflame|move: Taunt\n|move|p2a: bob|Rock Slide|p1b: Talonflame|[spread] p1a,p1b\n|-supereffective|p1a: Gyarados\n|-supereffective|p1b: Talonflame\n|-damage|p1a: Gyarados|7\/100\n|-damage|p1b: Talonflame|0 fnt\n|faint|p1b: Talonflame\n|\n|-weather|Sandstorm|[upkeep]\n|-damage|p1a: Gyarados|0 fnt|[from] Sandstorm\n|-damage|p2a: bob|63\/100 brn|[from] Sandstorm\n|faint|p1a: Gyarados\n|-damage|p2a: bob|56\/100 brn|[from] brn\n|upkeep\n|\n|t:|1683743802\n|switch|p1a: Chien-Pao|Chien-Pao, L50|100\/100\n|-ability|p1a: Chien-Pao|Sword of Ruin\n|turn|6\n|\n|t:|1683743816\n|-terastallize|p1a: Chien-Pao|Ghost\n|move|p1a: Chien-Pao|Ice Spinner|p2a: bob\n|-supereffective|p2a: bob\n|-damage|p2a: bob|0 fnt\n|faint|p2a: bob\n|move|p2b: the biggest bird|Taunt|p1a: Chien-Pao\n|-start|p1a: Chien-Pao|move: Taunt\n|\n|-weather|Sandstorm|[upkeep]\n|-damage|p1a: Chien-Pao|95\/100|[from] Sandstorm\n|upkeep\n|turn|7\n|\n|t:|1683743826\n|move|p1a: Chien-Pao|Ice Spinner|p2b: the biggest bird\n|-damage|p2b: the biggest bird|64\/100\n|move|p2b: the biggest bird|Brave Bird|p1a: Chien-Pao\n|-damage|p1a: Chien-Pao|39\/100\n|-damage|p2b: the biggest bird|50\/100|[from] Recoil\n|\n|-weather|none\n|upkeep\n|turn|8\n|\n|t:|1683743834\n|move|p1a: Chien-Pao|Ice Spinner|p2b: the biggest bird\n|-damage|p2b: the biggest bird|16\/100\n|move|p2b: the biggest bird|Brave Bird|p1a: Chien-Pao\n|-damage|p1a: Chien-Pao|0 fnt\n|faint|p1a: Chien-Pao\n|-damage|p2b: the biggest bird|7\/100|[from] Recoil\n|\n|win|Topperlecat\n|c|\u2606Draxolotl|gg wp\n|c|\u2606Topperlecat|gg\n|c|\u2606Topperlecat|wp\n|c|\u2606Draxolotl|closw\n|c|\u2606Draxolotl|close\n|c|\u2606Topperlecat|i feel better ab this team now lol\n|c|\u2606Topperlecat|Ye\n|c|\u2606Draxolotl|this team needs some tweaks\n|c|\u2606Draxolotl|like bax\n|c|\u2606Draxolotl|i might put flutter or smth\n|c|\u2606Topperlecat|i decided to mix up the leads and it kinda worked?\n|c|\u2606Topperlecat|also\n|c|\u2606Topperlecat|i was expecting a switch for king t1 and when u didnt i was like\n|c|\u2606Topperlecat|ah\n|c|\u2606Draxolotl|king was in turn one though\n|c|\u2606Topperlecat|yeh\n|c|\u2606Topperlecat|I thought u were gonna switch out\n|c|\u2606Draxolotl|oh lol misread\n|c|\u2606Topperlecat|Cause of drain punch\n|c|\u2606Draxolotl|i forgot it had drain punch\n|c|\u2606Topperlecat|lol makes sense\n|c|\u2606Topperlecat|Its a niche pick\n|c|\u2606Draxolotl|i will now have to use mold breaker gigaton hammer\n|c|\u2606Topperlecat|lol\n|l|\u2606Draxolotl\n","uploadtime":1683744001,"views":11,"p1id":"draxolotl","p2id":"topperlecat","formatid":"gen9vgc2023regulationc","rating":0,"private":0,"password":""}