{"id":"gen9vgc2023regulationc-1845525187","p1":"XinBluQAQ","p2":"Iono_1118","format":"[Gen 9] VGC 2023 Regulation C","log":"|j|\u2606XinBluQAQ\n|j|\u2606Iono_1118\n|t:|1681742046\n|gametype|doubles\n|player|p1|XinBluQAQ|shadowtriad|\n|player|p2|Iono_1118|iono|\n|teamsize|p1|6\n|teamsize|p2|6\n|gen|9\n|tier|[Gen 9] VGC 2023 Regulation C\n|rule|Species Clause: Limit one of each Pok\u00e9mon\n|rule|Item Clause: Limit one of each item\n|clearpoke\n|poke|p1|Talonflame, L50, F|\n|poke|p1|Iron Bundle, L50|\n|poke|p1|Iron Hands, L50|\n|poke|p1|Garchomp, L50, M|\n|poke|p1|Chien-Pao, L50|\n|poke|p1|Flutter Mane, L50|\n|poke|p2|Bellibolt, L50, M|\n|poke|p2|Bronzong, L50|\n|poke|p2|Amoonguss, L50, M|\n|poke|p2|Hatterene, L50, F|\n|poke|p2|Indeedee-F, L50, F|\n|poke|p2|Wo-Chien, L50|\n|teampreview|4\nIono_1118 has agreed to open team sheets.\nXinBluQAQ has agreed to open team sheets.\n|\n|t:|1681742131\n|start\n|switch|p1a: Iron Hands|Iron Hands, L50, shiny|100\/100\n|switch|p1b: Garchomp|Garchomp, L50, M|100\/100\n|switch|p2a: Bronzong|Bronzong, L50, shiny|100\/100\n|switch|p2b: Amoonguss|Amoonguss, L50, M, shiny|100\/100\n|turn|1\n|\n|t:|1681742202\n|move|p2b: Amoonguss|Protect|p2b: Amoonguss\n|-singleturn|p2b: Amoonguss|Protect\n|move|p1b: Garchomp|Liquidation|p2a: Bronzong\n|-damage|p2a: Bronzong|75\/100\n|move|p1a: Iron Hands|Close Combat|p2a: Bronzong\n|-damage|p2a: Bronzong|16\/100\n|-unboost|p1a: Iron Hands|def|1\n|-unboost|p1a: Iron Hands|spd|1\n|move|p2a: Bronzong|Iron Defense|p2a: Bronzong\n|-boost|p2a: Bronzong|def|2\n|\n|upkeep\n|turn|2\n|\n|t:|1681742232\n|-terastallize|p1a: Iron Hands|Grass\n|move|p1b: Garchomp|Protect|p1b: Garchomp\n|-singleturn|p1b: Garchomp|Protect\n|move|p2b: Amoonguss|Rage Powder|p2b: Amoonguss\n|-singleturn|p2b: Amoonguss|move: Rage Powder\n|move|p1a: Iron Hands|Close Combat|p2a: Bronzong\n|-damage|p2a: Bronzong|0 fnt\n|-unboost|p1a: Iron Hands|def|1\n|-unboost|p1a: Iron Hands|spd|1\n|faint|p2a: Bronzong\n|\n|upkeep\n|\n|t:|1681742242\n|switch|p2a: Indeedee|Indeedee-F, L50, F, shiny|100\/100\n|-fieldstart|move: Psychic Terrain|[from] ability: Psychic Surge|[of] p2a: Indeedee\n|-enditem|p2a: Indeedee|Psychic Seed\n|-boost|p2a: Indeedee|spd|1|[from] item: Psychic Seed\n|turn|3\n|\n|t:|1681742283\n|move|p1b: Garchomp|Iron Head|p2b: Amoonguss\n|-damage|p2b: Amoonguss|78\/100\n|-enditem|p2b: Amoonguss|Eject Button\n|\n|t:|1681742288\n|switch|p2b: Bellibolt|Bellibolt, L50, M, shiny|100\/100\n|move|p1a: Iron Hands|Close Combat|p2a: Indeedee\n|-damage|p2a: Indeedee|41\/100\n|-unboost|p1a: Iron Hands|def|1\n|-unboost|p1a: Iron Hands|spd|1\n|move|p2a: Indeedee|Trick Room|p2a: Indeedee\n|-fieldstart|move: Trick Room|[of] p2a: Indeedee\n|\n|upkeep\n|turn|4\n|\n|t:|1681742320\n|-terastallize|p2b: Bellibolt|Water\n|move|p2b: Bellibolt|Muddy Water|p1b: Garchomp|[spread] p1a,p1b\n|-resisted|p1a: Iron Hands\n|-damage|p1a: Iron Hands|82\/100\n|-damage|p1b: Garchomp|62\/100\n|-unboost|p1a: Iron Hands|accuracy|1\n|move|p1a: Iron Hands|Close Combat|p2b: Bellibolt\n|-damage|p2b: Bellibolt|39\/100\n|-unboost|p1a: Iron Hands|def|1\n|-unboost|p1a: Iron Hands|spd|1\n|-start|p2b: Bellibolt|Charge|Close Combat|[from] ability: Electromorphosis\n|move|p2a: Indeedee|Healing Wish|p2a: Indeedee\n|faint|p2a: Indeedee\n|move|p1b: Garchomp|Earthquake|p2b: Bellibolt|[spread] p1a,p2b\n|-resisted|p1a: Iron Hands\n|-damage|p1a: Iron Hands|41\/100\n|-damage|p2b: Bellibolt|4\/100\n|-start|p2b: Bellibolt|Charge|Earthquake|[from] ability: Electromorphosis\n|\n|upkeep\n|\n|t:|1681742348\n|switch|p2a: Amoonguss|Amoonguss, L50, M, shiny|100\/100\n|turn|5\n|\n|t:|1681742369\n|move|p1b: Garchomp|Protect|p1b: Garchomp\n|-singleturn|p1b: Garchomp|Protect\n|move|p2b: Bellibolt|Thunderbolt|p1a: Iron Hands\n|-resisted|p1a: Iron Hands\n|-damage|p1a: Iron Hands|0 fnt\n|faint|p1a: Iron Hands\n|-end|p1a: Iron Hands|Quark Drive|[silent]\n|-end|p2b: Bellibolt|Charge|[silent]\n|move|p2a: Amoonguss|Pollen Puff|p2b: Bellibolt\n|-heal|p2b: Bellibolt|54\/100\n|\n|upkeep\n|\n|t:|1681742379\n|switch|p1a: Iron Bundle|Iron Bundle, L50|100\/100\n|-enditem|p1a: Iron Bundle|Booster Energy\n|-activate|p1a: Iron Bundle|ability: Quark Drive|[fromitem]\n|-start|p1a: Iron Bundle|quarkdrivespe\n|turn|6\n|\n|t:|1681742400\n|move|p1a: Iron Bundle|Protect|p1a: Iron Bundle\n|-singleturn|p1a: Iron Bundle|Protect\n|move|p2a: Amoonguss|Pollen Puff|p2b: Bellibolt\n|-heal|p2b: Bellibolt|100\/100\n|move|p2b: Bellibolt|Parabolic Charge|p1a: Iron Bundle|[spread] p2a\n|-activate|p1a: Iron Bundle|move: Protect\n|-immune|p1b: Garchomp\n|-resisted|p2a: Amoonguss\n|-damage|p2a: Amoonguss|90\/100\n|move|p1b: Garchomp|Earthquake|p2b: Bellibolt|[spread] p2a,p2b\n|-activate|p1a: Iron Bundle|move: Protect\n|-damage|p2a: Amoonguss|62\/100\n|-damage|p2b: Bellibolt|67\/100\n|-start|p2b: Bellibolt|Charge|Earthquake|[from] ability: Electromorphosis\n|\n|upkeep\n|turn|7\n|\n|t:|1681742428\n|-end|p1a: Iron Bundle|Quark Drive|[silent]\n|switch|p1a: Chien-Pao|Chien-Pao, L50|100\/100\n|-ability|p1a: Chien-Pao|Sword of Ruin\n|move|p2a: Amoonguss|Protect|p2a: Amoonguss\n|-singleturn|p2a: Amoonguss|Protect\n|move|p1b: Garchomp|Protect|p1b: Garchomp\n|-singleturn|p1b: Garchomp|Protect\n|move|p2b: Bellibolt|Parabolic Charge|p1b: Garchomp|[spread] p1a\n|-activate|p2a: Amoonguss|move: Protect\n|-activate|p1b: Garchomp|move: Protect\n|-damage|p1a: Chien-Pao|24\/100\n|-heal|p2b: Bellibolt|95\/100|[from] drain|[of] p1a: Chien-Pao\n|-end|p2b: Bellibolt|Charge|[silent]\n|\n|-fieldend|move: Trick Room\n|-fieldend|move: Psychic Terrain\n|upkeep\n|turn|8\n|\n|t:|1681742457\n|move|p1a: Chien-Pao|Ice Spinner|p2a: Amoonguss\n|-supereffective|p2a: Amoonguss\n|-damage|p2a: Amoonguss|0 fnt\n|faint|p2a: Amoonguss\n|move|p1b: Garchomp|Earthquake|p2b: Bellibolt|[spread] p1a,p2b\n|-damage|p1a: Chien-Pao|0 fnt\n|-damage|p2b: Bellibolt|52\/100\n|-start|p2b: Bellibolt|Charge|Earthquake|[from] ability: Electromorphosis\n|faint|p1a: Chien-Pao\n|move|p2b: Bellibolt|Muddy Water|p1b: Garchomp\n|-crit|p1b: Garchomp\n|-damage|p1b: Garchomp|0 fnt\n|faint|p1b: Garchomp\n|\n|upkeep\n|\n|t:|1681742470\n|switch|p1a: Iron Bundle|Iron Bundle, L50|100\/100\n|turn|9\n|\n|t:|1681742475\n|move|p1a: Iron Bundle|Freeze-Dry|p2b: Bellibolt\n|-supereffective|p2b: Bellibolt\n|-damage|p2b: Bellibolt|0 fnt\n|faint|p2b: Bellibolt\n|\n|win|XinBluQAQ\n","uploadtime":1681742524,"views":9,"p1id":"xinbluqaq","p2id":"iono1118","formatid":"gen9vgc2023regulationc","rating":0,"private":0,"password":""}