{"id":"gen9vgc2023regulationc-1847328930","p1":"N8zaGr8","p2":"Emiker","format":"[Gen 9] VGC 2023 Regulation C","log":"|j|\u2606N8zaGr8\n|j|\u2606Emiker\n|t:|1681939009\n|gametype|doubles\n|player|p1|N8zaGr8|cynthia-gen4|1381\n|player|p2|Emiker|red|1343\n|teamsize|p1|6\n|teamsize|p2|6\n|gen|9\n|tier|[Gen 9] VGC 2023 Regulation C\n|rated|\n|rule|Species Clause: Limit one of each Pok\u00e9mon\n|rule|Item Clause: Limit one of each item\n|clearpoke\n|poke|p1|Gyarados, L50, M|\n|poke|p1|Ting-Lu, L50|\n|poke|p1|Amoonguss, L50, M|\n|poke|p1|Flutter Mane, L50|\n|poke|p1|Bronzong, L50|\n|poke|p1|Staraptor, L50, M|\n|poke|p2|Flutter Mane, L50|\n|poke|p2|Palafin, L50, M|\n|poke|p2|Amoonguss, L50, M|\n|poke|p2|Arcanine, L50, F|\n|poke|p2|Ting-Lu, L50|\n|poke|p2|Dragapult, L50, M|\n|teampreview|4\n|\n|t:|1681939051\n|start\n|switch|p1a: GO BIRD|Staraptor, L50, M|100\/100\n|switch|p1b: dong|Bronzong, L50|100\/100\n|switch|p2a: Dragapult|Dragapult, L50, M, shiny|100\/100\n|switch|p2b: Flutter Mane|Flutter Mane, L50|100\/100\n|-enditem|p2b: Flutter Mane|Booster Energy\n|-activate|p2b: Flutter Mane|ability: Protosynthesis|[fromitem]\n|-start|p2b: Flutter Mane|protosynthesisspa\n|turn|1\n|\n|t:|1681939071\n|-terastallize|p1b: dong|Water\n|move|p1a: GO BIRD|Brave Bird|p2a: Dragapult\n|-damage|p2a: Dragapult|5\/100\n|-damage|p1a: GO BIRD|69\/100|[from] Recoil\n|move|p2a: Dragapult|U-turn|p1b: dong\n|-damage|p1b: dong|73\/100\n|\n|t:|1681939085\n|switch|p2a: Arcanine|Arcanine, L50, F, shiny|100\/100|[from] U-turn\n|-ability|p2a: Arcanine|Intimidate|boost\n|-unboost|p1a: GO BIRD|atk|1\n|-unboost|p1b: dong|atk|1\n|move|p2b: Flutter Mane|Shadow Ball|p1b: dong\n|-damage|p1b: dong|35\/100\n|move|p1b: dong|Heavy Slam|p2b: Flutter Mane\n|-supereffective|p2b: Flutter Mane\n|-damage|p2b: Flutter Mane|17\/100\n|\n|upkeep\n|turn|2\n|\n|t:|1681939130\n|move|p2b: Flutter Mane|Protect|p2b: Flutter Mane\n|-singleturn|p2b: Flutter Mane|Protect\n|move|p1a: GO BIRD|Brave Bird|p2b: Flutter Mane\n|-activate|p2b: Flutter Mane|move: Protect\n|move|p2a: Arcanine|Will-O-Wisp|p1a: GO BIRD\n|-status|p1a: GO BIRD|brn\n|move|p1b: dong|Trick Room|p1b: dong\n|-fieldstart|move: Trick Room|[of] p1b: dong\n|\n|-damage|p1a: GO BIRD|63\/100 brn|[from] brn\n|upkeep\n|turn|3\n|inactive|Battle timer is ON: inactive players will automatically lose when time's up. (requested by N8zaGr8)\n|\n|t:|1681939155\n|-end|p2b: Flutter Mane|Protosynthesis|[silent]\n|switch|p2b: Amoonguss|Amoonguss, L50, M|100\/100\n|switch|p1a: Father Help|Ting-Lu, L50|100\/100\n|-ability|p1a: Father Help|Vessel of Ruin\n|move|p1b: dong|Heavy Slam|p2b: Amoonguss\n|-damage|p2b: Amoonguss|82\/100\n|move|p2a: Arcanine|Flare Blitz|p1a: Father Help\n|-damage|p1a: Father Help|68\/100\n|-damage|p2a: Arcanine|88\/100|[from] Recoil\n|\n|upkeep\n|turn|4\n|inactive|Emiker has 30 seconds left.\n|\n|t:|1681939180\n|switch|p1a: Friend|Amoonguss, L50, M|100\/100\n|switch|p2a: Dragapult|Dragapult, L50, M, shiny|5\/100\n|move|p1b: dong|Body Press|p2a: Dragapult\n|-immune|p2a: Dragapult\n|move|p2b: Amoonguss|Pollen Puff|p2a: Dragapult\n|-heal|p2a: Dragapult|55\/100\n|\n|upkeep\n|turn|5\n|\n|t:|1681939199\n|switch|p2a: Arcanine|Arcanine, L50, F, shiny|88\/100\n|-ability|p2a: Arcanine|Intimidate|boost\n|-unboost|p1a: Friend|atk|1\n|-unboost|p1b: dong|atk|1\n|move|p1a: Friend|Spore|p2a: Arcanine\n|-activate|p2a: Arcanine|item: Safety Goggles|Spore\n|move|p1b: dong|Iron Defense|p1b: dong\n|-boost|p1b: dong|def|2\n|move|p2b: Amoonguss|Spore|p1b: dong\n|-activate|p1b: dong|item: Safety Goggles|Spore\n|\n|upkeep\n|turn|6\n|inactive|N8zaGr8 has 30 seconds left.\n|inactive|Emiker has 30 seconds left.\n|\n|t:|1681939233\n|move|p1a: Friend|Pollen Puff|p1b: dong\n|-heal|p1b: dong|85\/100\n|move|p1b: dong|Body Press|p2b: Amoonguss\n|-resisted|p2b: Amoonguss\n|-damage|p2b: Amoonguss|65\/100\n|move|p2b: Amoonguss|Pollen Puff|p1a: Friend\n|-damage|p1a: Friend|84\/100\n|move|p2a: Arcanine|Flare Blitz|p1a: Friend\n|-supereffective|p1a: Friend\n|-damage|p1a: Friend|5\/100\n|-damage|p2a: Arcanine|60\/100|[from] Recoil\n|\n|-heal|p1a: Friend|11\/100|[from] item: Leftovers\n|-fieldend|move: Trick Room\n|upkeep\n|turn|7\n|inactive|Emiker has 30 seconds left.\n|\n|t:|1681939261\n|switch|p1a: GO BIRD|Staraptor, L50, M|63\/100 brn\n|move|p2a: Arcanine|Will-O-Wisp|p1b: dong\n|-status|p1b: dong|brn\n|move|p2b: Amoonguss|Spore||[still]\n|-fail|p2b: Amoonguss\n|move|p1b: dong|Body Press|p2a: Arcanine\n|-damage|p2a: Arcanine|32\/100\n|\n|-damage|p1a: GO BIRD|58\/100 brn|[from] brn\n|-damage|p1b: dong|79\/100 brn|[from] brn\n|upkeep\n|turn|8\n|inactive|Emiker has 30 seconds left.\n|\n|t:|1681939292\n|move|p2a: Arcanine|Extreme Speed|p1a: GO BIRD\n|-damage|p1a: GO BIRD|23\/100 brn\n|move|p1a: GO BIRD|Brave Bird|p2b: Amoonguss\n|-supereffective|p2b: Amoonguss\n|-damage|p2b: Amoonguss|3\/100\n|-enditem|p2b: Amoonguss|Sitrus Berry|[eat]\n|-heal|p2b: Amoonguss|28\/100|[from] item: Sitrus Berry\n|-damage|p1a: GO BIRD|0 fnt|[from] Recoil\n|faint|p1a: GO BIRD\n|move|p2b: Amoonguss|Pollen Puff|p2a: Arcanine\n|-heal|p2a: Arcanine|82\/100\n|move|p1b: dong|Trick Room|p1b: dong\n|-fieldstart|move: Trick Room|[of] p1b: dong\n|\n|-damage|p1b: dong|73\/100 brn|[from] brn\n|upkeep\n|\n|t:|1681939308\n|switch|p1a: Friend|Amoonguss, L50, M|44\/100\n|turn|9\n|\n|t:|1681939321\n|move|p1a: Friend|Protect|p1a: Friend\n|-singleturn|p1a: Friend|Protect\n|move|p2b: Amoonguss|Protect|p2b: Amoonguss\n|-singleturn|p2b: Amoonguss|Protect\n|move|p1b: dong|Iron Defense|p1b: dong\n|-boost|p1b: dong|def|2\n|move|p2a: Arcanine|Flare Blitz|p1a: Friend\n|-activate|p1a: Friend|move: Protect\n|\n|-heal|p1a: Friend|50\/100|[from] item: Leftovers\n|-damage|p1b: dong|68\/100 brn|[from] brn\n|upkeep\n|turn|10\n|\n|t:|1681939342\n|move|p1a: Friend|Pollen Puff|p1b: dong\n|-heal|p1b: dong|100\/100 brn\n|move|p1b: dong|Body Press|p2b: Amoonguss\n|-resisted|p2b: Amoonguss\n|-damage|p2b: Amoonguss|15\/100\n|move|p2b: Amoonguss|Pollen Puff|p2a: Arcanine\n|-heal|p2a: Arcanine|100\/100\n|move|p2a: Arcanine|Flare Blitz|p1a: Friend\n|-supereffective|p1a: Friend\n|-damage|p1a: Friend|0 fnt\n|faint|p1a: Friend\n|-damage|p2a: Arcanine|83\/100|[from] Recoil\n|\n|-damage|p1b: dong|95\/100 brn|[from] brn\n|upkeep\n|\n|t:|1681939348\n|switch|p1a: Father Help|Ting-Lu, L50|68\/100\n|-ability|p1a: Father Help|Vessel of Ruin\n|turn|11\n|\n|t:|1681939367\n|move|p2b: Amoonguss|Protect|p2b: Amoonguss\n|-singleturn|p2b: Amoonguss|Protect\n|move|p1b: dong|Body Press|p2b: Amoonguss\n|-activate|p2b: Amoonguss|move: Protect\n|move|p1a: Father Help|Earthquake|p2b: Amoonguss|[spread] p2a\n|-activate|p2b: Amoonguss|move: Protect\n|-immune|p1b: dong|[from] ability: Levitate\n|-supereffective|p2a: Arcanine\n|-damage|p2a: Arcanine|0 fnt\n|faint|p2a: Arcanine\n|\n|-damage|p1b: dong|89\/100 brn|[from] brn\n|upkeep\n|\n|t:|1681939386\n|switch|p2a: Flutter Mane|Flutter Mane, L50|17\/100\n|turn|12\n|\n|t:|1681939401\n|move|p2a: Flutter Mane|Protect|p2a: Flutter Mane\n|-singleturn|p2a: Flutter Mane|Protect\n|move|p1b: dong|Body Press|p2b: Amoonguss\n|-resisted|p2b: Amoonguss\n|-damage|p2b: Amoonguss|3\/100\n|move|p2b: Amoonguss|Spore|p1a: Father Help\n|-status|p1a: Father Help|slp|[from] move: Spore\n|cant|p1a: Father Help|slp\n|\n|-damage|p1b: dong|83\/100 brn|[from] brn\n|-fieldend|move: Trick Room\n|upkeep\n|turn|13\n|\n|t:|1681939419\n|-end|p2a: Flutter Mane|Protosynthesis|[silent]\n|switch|p2a: Dragapult|Dragapult, L50, M, shiny|55\/100\n|move|p2b: Amoonguss|Protect|p2b: Amoonguss\n|-singleturn|p2b: Amoonguss|Protect\n|cant|p1a: Father Help|slp\n|move|p1b: dong|Heavy Slam|p2a: Dragapult\n|-damage|p2a: Dragapult|47\/100\n|\n|-damage|p1b: dong|78\/100 brn|[from] brn\n|upkeep\n|turn|14\n|\n|t:|1681939438\n|switch|p2b: Flutter Mane|Flutter Mane, L50|17\/100\n|move|p2a: Dragapult|U-turn|p1a: Father Help\n|-supereffective|p1a: Father Help\n|-damage|p1a: Father Help|25\/100 slp\n|\n|t:|1681939444\n|switch|p2a: Amoonguss|Amoonguss, L50, M|36\/100|[from] U-turn\n|cant|p1a: Father Help|slp\n|move|p1b: dong|Body Press|p2b: Flutter Mane\n|-immune|p2b: Flutter Mane\n|\n|-damage|p1b: dong|72\/100 brn|[from] brn\n|upkeep\n|turn|15\n|inactive|Emiker has 30 seconds left.\n|inactive|Emiker has 20 seconds left.\n|inactive|Emiker has 15 seconds left.\n|\n|t:|1681939484\n|-terastallize|p2b: Flutter Mane|Fairy\n|move|p2b: Flutter Mane|Dazzling Gleam|p1b: dong|[spread] p1a,p1b\n|-supereffective|p1a: Father Help\n|-damage|p1a: Father Help|0 fnt\n|-damage|p1b: dong|49\/100 brn\n|faint|p1a: Father Help\n|move|p2a: Amoonguss|Pollen Puff|p2b: Flutter Mane\n|-heal|p2b: Flutter Mane|67\/100\n|move|p1b: dong|Heavy Slam|p2b: Flutter Mane\n|-supereffective|p2b: Flutter Mane\n|-damage|p2b: Flutter Mane|33\/100\n|\n|-damage|p1b: dong|43\/100 brn|[from] brn\n|upkeep\n|turn|16\n|-message|N8zaGr8 forfeited.\n|\n|win|Emiker\n|raw|N8zaGr8's rating: 1381 → 1359<\/strong> (-22 for losing)\n|raw|Emiker's rating: 1343 → 1365<\/strong> (+22 for winning)\n|l|\u2606N8zaGr8\n","uploadtime":1681939506,"views":9,"p1id":"n8zagr8","p2id":"emiker","formatid":"gen9vgc2023regulationc","rating":1359,"private":0,"password":""}