{"id":"gen9vgc2023regulationc-1860316552","p1":"pokehugov","p2":"bpinela","format":"[Gen 9] VGC 2023 Regulation C","log":"|j|\u2606pokehugov\n|j|\u2606bpinela\n|t:|1683631715\n|gametype|doubles\n|player|p1|pokehugov|2|1305\n|player|p2|bpinela|kimonogirl|1220\n|teamsize|p1|6\n|teamsize|p2|6\n|gen|9\n|tier|[Gen 9] VGC 2023 Regulation C\n|rated|\n|rule|Species Clause: Limit one of each Pok\u00e9mon\n|rule|Item Clause: Limit one of each item\n|clearpoke\n|poke|p1|Abomasnow, L50, M|\n|poke|p1|Iron Bundle, L50|\n|poke|p1|Chi-Yu, L50|\n|poke|p1|Flutter Mane, L50|\n|poke|p1|Murkrow, L50, M|\n|poke|p1|Sandy Shocks, L50|\n|poke|p2|Pincurchin, L50, F|\n|poke|p2|Iron Treads, L50|\n|poke|p2|Iron Bundle, L50|\n|poke|p2|Gothitelle, L50, F|\n|poke|p2|Brute Bonnet, L50|\n|poke|p2|Arcanine, L50, M|\n|teampreview|4\n|\n|t:|1683631784\n|start\n|switch|p1a: Murkrow|Murkrow, L50, M|100\/100\n|switch|p1b: Abomasnow|Abomasnow, L50, M|100\/100\n|switch|p2a: Gothitelle|Gothitelle, L50, F|100\/100\n|switch|p2b: Arcanine|Arcanine, L50, M|100\/100\n|-ability|p2b: Arcanine|Intimidate|boost\n|-unboost|p1a: Murkrow|atk|1\n|-unboost|p1b: Abomasnow|atk|1\n|-weather|Snow|[from] ability: Snow Warning|[of] p1b: Abomasnow\n|turn|1\n|\n|t:|1683631811\n|move|p2a: Gothitelle|Fake Out|p1b: Abomasnow\n|-damage|p1b: Abomasnow|96\/100\n|move|p1a: Murkrow|Taunt|p2a: Gothitelle\n|-start|p2a: Gothitelle|move: Taunt\n|move|p2b: Arcanine|Flare Blitz|p1b: Abomasnow\n|-supereffective|p1b: Abomasnow\n|-damage|p1b: Abomasnow|0 fnt\n|faint|p1b: Abomasnow\n|-damage|p2b: Arcanine|74\/100|[from] Recoil\n|\n|-weather|Snow|[upkeep]\n|upkeep\n|\n|t:|1683631826\n|switch|p1b: Chi-Yu|Chi-Yu, L50|100\/100\n|-ability|p1b: Chi-Yu|Beads of Ruin\n|turn|2\n|inactive|Battle timer is ON: inactive players will automatically lose when time's up. (requested by pokehugov)\n|inactive|bpinela has 60 seconds left.\n|inactive|bpinela has 30 seconds left.\n|\n|t:|1683631918\n|switch|p2a: Pincurchin|Pincurchin, L50, F|100\/100\n|-fieldstart|move: Electric Terrain|[from] ability: Electric Surge|[of] p2a: Pincurchin\n|move|p1a: Murkrow|Sunny Day|p1a: Murkrow\n|-weather|SunnyDay\n|move|p1b: Chi-Yu|Heat Wave|p2b: Arcanine|[spread] p2a,p2b\n|-resisted|p2b: Arcanine\n|-damage|p2a: Pincurchin|0 fnt\n|-damage|p2b: Arcanine|28\/100\n|faint|p2a: Pincurchin\n|move|p2b: Arcanine|Flare Blitz|p1a: Murkrow\n|-damage|p1a: Murkrow|2\/100\n|-damage|p2b: Arcanine|1\/100|[from] Recoil\n|\n|-weather|SunnyDay|[upkeep]\n|upkeep\n|\n|t:|1683631934\n|switch|p2a: Gothitelle|Gothitelle, L50, F|100\/100\n|turn|3\n|\n|t:|1683631948\n|move|p2a: Gothitelle|Fake Out|p1a: Murkrow\n|-damage|p1a: Murkrow|0 fnt\n|faint|p1a: Murkrow\n|move|p1b: Chi-Yu|Heat Wave|p2b: Arcanine|[spread] p2a,p2b\n|-resisted|p2b: Arcanine\n|-damage|p2a: Gothitelle|39\/100\n|-damage|p2b: Arcanine|0 fnt\n|faint|p2b: Arcanine\n|\n|-weather|SunnyDay|[upkeep]\n|upkeep\n|\n|t:|1683631958\n|switch|p2b: Brute Bonnet|Brute Bonnet, L50|100\/100\n|switch|p1a: Flutter Mane|Flutter Mane, L50|100\/100\n|-activate|p1a: Flutter Mane|ability: Protosynthesis\n|-start|p1a: Flutter Mane|protosynthesisspe\n|-activate|p2b: Brute Bonnet|ability: Protosynthesis\n|-start|p2b: Brute Bonnet|protosynthesisatk\n|turn|4\n|inactive|bpinela has 30 seconds left.\n|\n|t:|1683631987\n|-terastallize|p1a: Flutter Mane|Fairy\n|-terastallize|p2b: Brute Bonnet|Fire\n|move|p1a: Flutter Mane|Dazzling Gleam|p2b: Brute Bonnet|[spread] p2a,p2b\n|-resisted|p2b: Brute Bonnet\n|-damage|p2a: Gothitelle|0 fnt\n|-damage|p2b: Brute Bonnet|78\/100\n|faint|p2a: Gothitelle\n|move|p1b: Chi-Yu|Heat Wave|p2b: Brute Bonnet\n|-resisted|p2b: Brute Bonnet\n|-damage|p2b: Brute Bonnet|45\/100\n|move|p2b: Brute Bonnet|Close Combat|p1b: Chi-Yu\n|-supereffective|p1b: Chi-Yu\n|-damage|p1b: Chi-Yu|0 fnt\n|-unboost|p2b: Brute Bonnet|def|1\n|-unboost|p2b: Brute Bonnet|spd|1\n|faint|p1b: Chi-Yu\n|\n|-weather|SunnyDay|[upkeep]\n|upkeep\n|turn|5\n|\n|t:|1683632005\n|move|p1a: Flutter Mane|Dazzling Gleam|p2b: Brute Bonnet\n|-resisted|p2b: Brute Bonnet\n|-damage|p2b: Brute Bonnet|11\/100\n|move|p2b: Brute Bonnet|Seed Bomb|p1a: Flutter Mane\n|-damage|p1a: Flutter Mane|0 fnt\n|faint|p1a: Flutter Mane\n|-end|p1a: Flutter Mane|Protosynthesis|[silent]\n|\n|win|bpinela\n|raw|pokehugov's rating: 1305 → 1280<\/strong> (-25 for losing)\n|raw|bpinela's rating: 1220 → 1251<\/strong> (+31 for winning)\n","uploadtime":1683632020,"views":11,"p1id":"pokehugov","p2id":"bpinela","formatid":"gen9vgc2023regulationc","rating":1251,"private":0,"password":""}