{"id":"gen9vgc2023regulationc-1855049801","p1":"stinkypoops","p2":"Felipe.Miller.V","format":"[Gen 9] VGC 2023 Regulation C","log":"|j|\u2606stinkypoops\n|j|\u2606Felipe.Miller.V\n|t:|1682895204\n|gametype|doubles\n|player|p1|stinkypoops|klara|1237\n|player|p2|Felipe.Miller.V|1|1170\n|teamsize|p1|6\n|teamsize|p2|6\n|gen|9\n|tier|[Gen 9] VGC 2023 Regulation C\n|rated|\n|rule|Species Clause: Limit one of each Pok\u00e9mon\n|rule|Item Clause: Limit one of each item\n|clearpoke\n|poke|p1|Torkoal, L50, M|\n|poke|p1|Jumpluff, L50, M|\n|poke|p1|Great Tusk, L50|\n|poke|p1|Kingambit, L50, F|\n|poke|p1|Flutter Mane, L50|\n|poke|p1|Chien-Pao, L50|\n|poke|p2|Azumarill, L50, F|\n|poke|p2|Copperajah, L50, M|\n|poke|p2|Sylveon, L50, F|\n|poke|p2|Hatterene, L50, F|\n|poke|p2|Heracross, L50, M|\n|poke|p2|Oranguru, L50, M|\n|teampreview|4\nstinkypoops rejected open team sheets.\n|inactive|Battle timer is ON: inactive players will automatically lose when time's up. (requested by stinkypoops)\n|\n|t:|1682895279\n|start\n|switch|p1a: Torkoal|Torkoal, L50, M|100\/100\n|switch|p1b: Great Tusk|Great Tusk, L50|100\/100\n|switch|p2a: Hatterene|Hatterene, L50, F, shiny|100\/100\n|switch|p2b: Oranguru|Oranguru, L50, M, shiny|100\/100\n|-weather|SunnyDay|[from] ability: Drought|[of] p1a: Torkoal\n|-activate|p1b: Great Tusk|ability: Protosynthesis\n|-start|p1b: Great Tusk|protosynthesisatk\n|turn|1\n|inactive|stinkypoops has 30 seconds left.\n|inactive|Felipe.Miller.V has 30 seconds left.\n|inactive|Felipe.Miller.V has 20 seconds left.\n|inactive|Felipe.Miller.V has 15 seconds left.\n|\n|t:|1682895329\n|move|p1a: Torkoal|Helping Hand|p1b: Great Tusk\n|-singleturn|p1b: Great Tusk|Helping Hand|[of] p1a: Torkoal\n|move|p1b: Great Tusk|Rock Slide|p2a: Hatterene|[spread] p2a,p2b\n|-damage|p2a: Hatterene|54\/100\n|-damage|p2b: Oranguru|70\/100\n|move|p2a: Hatterene|Psychic|p1b: Great Tusk\n|-supereffective|p1b: Great Tusk\n|-crit|p1b: Great Tusk\n|-damage|p1b: Great Tusk|0 fnt\n|faint|p1b: Great Tusk\n|-end|p1b: Great Tusk|Protosynthesis|[silent]\n|move|p2b: Oranguru|Trick Room|p2b: Oranguru\n|-fieldstart|move: Trick Room|[of] p2b: Oranguru\n|\n|-weather|SunnyDay|[upkeep]\n|upkeep\n|\n|t:|1682895341\n|switch|p1b: Kingambit|Kingambit, L50, F|100\/100\n|turn|2\n|\n|t:|1682895359\n|move|p2a: Hatterene|Dazzling Gleam|p1a: Torkoal|[spread] p1a,p1b\n|-resisted|p1a: Torkoal\n|-damage|p1a: Torkoal|80\/100\n|-damage|p1b: Kingambit|75\/100\n|move|p1a: Torkoal|Overheat|p2b: Oranguru|[miss]\n|-miss|p1a: Torkoal|p2b: Oranguru\n|move|p1b: Kingambit|Iron Head|p2a: Hatterene\n|-supereffective|p2a: Hatterene\n|-damage|p2a: Hatterene|0 fnt\n|faint|p2a: Hatterene\n|move|p2b: Oranguru|Instruct|p2: Hatterene|[notarget]\n|-fail|p2b: Oranguru\n|\n|-weather|SunnyDay|[upkeep]\n|upkeep\n|\n|t:|1682895378\n|switch|p2a: Copperajah|Copperajah, L50, M|100\/100\n|turn|3\n|inactive|Felipe.Miller.V has 30 seconds left.\n|\n|t:|1682895403\n|switch|p2b: Heracross|Heracross, L50, M, shiny|100\/100\n|-terastallize|p2a: Copperajah|Dragon\n|move|p2a: Copperajah|Curse|p2a: Copperajah\n|-unboost|p2a: Copperajah|spe|1\n|-boost|p2a: Copperajah|atk|1\n|-boost|p2a: Copperajah|def|1\n|move|p1a: Torkoal|Overheat|p2a: Copperajah\n|-resisted|p2a: Copperajah\n|-damage|p2a: Copperajah|70\/100\n|-unboost|p1a: Torkoal|spa|2\n|-enditem|p1a: Torkoal|Eject Pack\n|\n|t:|1682895425\n|switch|p1a: Flutter Mane|Flutter Mane, L50|100\/100\n|-activate|p1a: Flutter Mane|ability: Protosynthesis\n|-start|p1a: Flutter Mane|protosynthesisspe\n|move|p1b: Kingambit|Kowtow Cleave|p2b: Heracross\n|-resisted|p2b: Heracross\n|-damage|p2b: Heracross|72\/100\n|\n|-weather|SunnyDay|[upkeep]\n|upkeep\n|turn|4\n|inactive|stinkypoops has 30 seconds left.\n|inactive|Felipe.Miller.V has 30 seconds left.\n|inactive|stinkypoops has 20 seconds left.\n|inactive|Felipe.Miller.V has 20 seconds left.\n|inactive|stinkypoops has 15 seconds left.\n|\n|t:|1682895466\n|-end|p1a: Flutter Mane|Protosynthesis|[silent]\n|switch|p1a: Torkoal|Torkoal, L50, M|80\/100\n|-terastallize|p1b: Kingambit|Fire\n|move|p2a: Copperajah|Rock Slide|p1a: Torkoal|[spread] p1a,p1b\n|-supereffective|p1a: Torkoal\n|-supereffective|p1b: Kingambit\n|-damage|p1a: Torkoal|0 fnt\n|-damage|p1b: Kingambit|0 fnt\n|faint|p1a: Torkoal\n|faint|p1b: Kingambit\n|move|p2b: Heracross|Bullet Seed|p1: Torkoal|[notarget]\n|-fail|p2b: Heracross\n|\n|-weather|SunnyDay|[upkeep]\n|upkeep\n|\n|t:|1682895480\n|switch|p1b: Flutter Mane|Flutter Mane, L50|100\/100\n|-activate|p1b: Flutter Mane|ability: Protosynthesis\n|-start|p1b: Flutter Mane|protosynthesisspe\n|turn|5\n|inactive|Felipe.Miller.V has 30 seconds left.\n|inactive|Felipe.Miller.V has 20 seconds left.\n|\n|t:|1682895517\n|move|p2a: Copperajah|Iron Head|p1b: Flutter Mane\n|-supereffective|p1b: Flutter Mane\n|-damage|p1b: Flutter Mane|0 fnt\n|faint|p1b: Flutter Mane\n|-end|p1b: Flutter Mane|Protosynthesis|[silent]\n|\n|win|Felipe.Miller.V\n|raw|stinkypoops's rating: 1237 → 1207<\/strong> (-30 for losing)\n|raw|Felipe.Miller.V's rating: 1170 → 1200<\/strong> (+30 for winning)\n|c|\u2606stinkypoops|gg\n|l|\u2606stinkypoops\n|c|\u2606Felipe.Miller.V|g\n|c|\u2606Felipe.Miller.V|gg*\n","uploadtime":1682895549,"views":16,"p1id":"stinkypoops","p2id":"felipemillerv","formatid":"gen9vgc2023regulationc","rating":1200,"private":0,"password":""}