{"id":"gen9vgc2023regulationc-1848108894","p1":"DaRayquazaKingdom","p2":"BigBusted","format":"[Gen 9] VGC 2023 Regulation C","log":"|j|\u2606DaRayquazaKingdom\n|j|\u2606BigBusted\n|t:|1682030695\n|gametype|doubles\n|player|p1|DaRayquazaKingdom|skyla|1156\n|player|p2|BigBusted|unknown|1240\n|teamsize|p1|6\n|teamsize|p2|6\n|gen|9\n|tier|[Gen 9] VGC 2023 Regulation C\n|rated|\n|rule|Species Clause: Limit one of each Pok\u00e9mon\n|rule|Item Clause: Limit one of each item\n|clearpoke\n|poke|p1|Palafin, L50, M|\n|poke|p1|Arcanine, L50, M|\n|poke|p1|Amoonguss, L50, M|\n|poke|p1|Kingambit, L50, M|\n|poke|p1|Flutter Mane, L50|\n|poke|p1|Dragonite, L50, F|\n|poke|p2|Talonflame, L50, F|\n|poke|p2|Garchomp, L50, F|\n|poke|p2|Pachirisu, L50, F|\n|poke|p2|Rotom-Wash, L50|\n|poke|p2|Great Tusk, L50|\n|poke|p2|Corviknight, L50, F|\n|teampreview|4\n|inactive|Battle timer is ON: inactive players will automatically lose when time's up. (requested by BigBusted)\n|inactive|DaRayquazaKingdom has 60 seconds left.\n|\n|t:|1682030747\n|start\n|switch|p1a: Auggie|Arcanine, L50, M, shiny|100\/100\n|switch|p1b: NovemberRain|Palafin, L50, M, shiny|100\/100\n|switch|p2a: Pachirisu|Pachirisu, L50, F|100\/100\n|switch|p2b: Rotom|Rotom-Wash, L50|100\/100\n|-ability|p1a: Auggie|Intimidate|boost\n|-unboost|p2a: Pachirisu|atk|1\n|-unboost|p2b: Rotom|atk|1\n|turn|1\n|\n|t:|1682030771\n|detailschange|p1b: NovemberRain|Palafin-Hero, L50, M, shiny\n|switch|p1b: Dragona|Dragonite, L50, F, shiny|100\/100\n|-terastallize|p1a: Auggie|Grass\n|move|p1a: Auggie|Howl|p1a: Auggie|[spread] p1a,p1b\n|-boost|p1a: Auggie|atk|1\n|-boost|p1b: Dragona|atk|1\n|move|p2a: Pachirisu|Nuzzle|p1a: Auggie\n|-resisted|p1a: Auggie\n|-damage|p1a: Auggie|99\/100\n|-status|p1a: Auggie|par\n|move|p2b: Rotom|Discharge|p1a: Auggie|[spread] p1a,p1b\n|-immune|p2a: Pachirisu|[from] ability: Volt Absorb\n|-resisted|p1a: Auggie\n|-crit|p1b: Dragona\n|-damage|p1a: Auggie|85\/100 par\n|-damage|p1b: Dragona|89\/100\n|-status|p1b: Dragona|par\n|\n|upkeep\n|turn|2\n|c|\u2606DaRayquazaKingdom|the para on the switch\n|inactive|DaRayquazaKingdom has 30 seconds left.\n|inactive|BigBusted has 30 seconds left.\n|inactive|DaRayquazaKingdom has 20 seconds left.\n|inactive|DaRayquazaKingdom has 15 seconds left.\n|inactive|BigBusted has 20 seconds left.\n|\n|t:|1682030815\n|switch|p2a: Garchomp|Garchomp, L50, F|100\/100\n|move|p2b: Rotom|Discharge|p1b: Dragona|[spread] p1a,p1b\n|-immune|p2a: Garchomp\n|-resisted|p1a: Auggie\n|-damage|p1a: Auggie|70\/100 par\n|-damage|p1b: Dragona|72\/100 par\n|cant|p1a: Auggie|par\n|move|p1b: Dragona|Stomping Tantrum|p2a: Garchomp\n|-damage|p2a: Garchomp|61\/100\n|-damage|p1b: Dragona|60\/100 par|[from] ability: Rough Skin|[of] p2a: Garchomp\n|\n|upkeep\n|turn|3\n|\n|t:|1682030835\n|switch|p2b: Talonflame|Talonflame, L50, F|100\/100\n|move|p2a: Garchomp|Protect|p2a: Garchomp\n|-singleturn|p2a: Garchomp|Protect\n|move|p1b: Dragona|Extreme Speed|p2b: Talonflame\n|-damage|p2b: Talonflame|28\/100\n|move|p1a: Auggie|Will-O-Wisp|p2a: Garchomp\n|-activate|p2a: Garchomp|move: Protect\n|\n|upkeep\n|turn|4\n|\n|t:|1682030859\n|switch|p2b: Rotom|Rotom-Wash, L50|100\/100\n|-terastallize|p2a: Garchomp|Fire\n|move|p1a: Auggie|Extreme Speed|p2b: Rotom\n|-damage|p2b: Rotom|69\/100\n|cant|p1b: Dragona|par\n|move|p2a: Garchomp|Swords Dance|p2a: Garchomp\n|-boost|p2a: Garchomp|atk|2\n|\n|upkeep\n|turn|5\n|\n|t:|1682030881\n|move|p2a: Garchomp|Protect|p2a: Garchomp\n|-singleturn|p2a: Garchomp|Protect\n|move|p1a: Auggie|Extreme Speed|p2a: Garchomp\n|-activate|p2a: Garchomp|move: Protect\n|move|p1b: Dragona|Extreme Speed|p2a: Garchomp\n|-activate|p2a: Garchomp|move: Protect\n|move|p2b: Rotom|Discharge|p1a: Auggie|[spread] p1a,p1b\n|-activate|p2a: Garchomp|move: Protect\n|-resisted|p1a: Auggie\n|-damage|p1a: Auggie|56\/100 par\n|-damage|p1b: Dragona|44\/100 par\n|\n|upkeep\n|turn|6\n|inactive|DaRayquazaKingdom has 30 seconds left.\n|\n|t:|1682030915\n|move|p2b: Rotom|Protect|p2b: Rotom\n|-singleturn|p2b: Rotom|Protect\n|move|p1a: Auggie|Extreme Speed|p2b: Rotom\n|-activate|p2b: Rotom|move: Protect\n|move|p1b: Dragona|Extreme Speed|p2b: Rotom\n|-activate|p2b: Rotom|move: Protect\n|move|p2a: Garchomp|Dragon Claw|p1b: Dragona\n|-supereffective|p1b: Dragona\n|-damage|p1b: Dragona|0 fnt\n|faint|p1b: Dragona\n|\n|upkeep\n|\n|t:|1682030927\n|switch|p1b: NovemberRain|Palafin-Hero, L50, M, shiny|100\/100\n|-activate|p1b: NovemberRain|ability: Zero to Hero\n|turn|7\n|\n|t:|1682030943\n|move|p2a: Garchomp|Protect|p2a: Garchomp\n|-singleturn|p2a: Garchomp|Protect\n|move|p1b: NovemberRain|Jet Punch|p2a: Garchomp\n|-activate|p2a: Garchomp|move: Protect\n|move|p2b: Rotom|Discharge|p1a: Auggie|[spread] p1a,p1b\n|-activate|p2a: Garchomp|move: Protect\n|-resisted|p1a: Auggie\n|-supereffective|p1b: NovemberRain\n|-damage|p1a: Auggie|44\/100 par\n|-damage|p1b: NovemberRain|47\/100\n|move|p1a: Auggie|Howl|p1a: Auggie|[spread] p1a,p1b\n|-boost|p1a: Auggie|atk|1\n|-boost|p1b: NovemberRain|atk|1\n|\n|upkeep\n|turn|8\n|\n|t:|1682030962\n|switch|p2a: Pachirisu|Pachirisu, L50, F|100\/100\n|move|p1a: Auggie|Extreme Speed|p2a: Pachirisu\n|-crit|p2a: Pachirisu\n|-damage|p2a: Pachirisu|0 fnt\n|faint|p2a: Pachirisu\n|move|p1b: NovemberRain|Jet Punch|p2b: Rotom\n|-resisted|p2b: Rotom\n|-damage|p2b: Rotom|34\/100\n|-enditem|p2b: Rotom|Sitrus Berry|[eat]\n|-heal|p2b: Rotom|59\/100|[from] item: Sitrus Berry\n|move|p2b: Rotom|Discharge|p1a: Auggie|[spread] p1a,p1b\n|-resisted|p1a: Auggie\n|-supereffective|p1b: NovemberRain\n|-crit|p1b: NovemberRain\n|-damage|p1a: Auggie|31\/100 par\n|-damage|p1b: NovemberRain|0 fnt\n|faint|p1b: NovemberRain\n|\n|upkeep\n|\n|t:|1682030978\n|switch|p1b: amogus|Amoonguss, L50, M|100\/100\n|switch|p2a: Talonflame|Talonflame, L50, F|28\/100\n|turn|9\n|inactive|BigBusted has 30 seconds left.\n|\n|t:|1682031007\n|switch|p2b: Garchomp|Garchomp, L50, F, tera:Fire|61\/100\n|move|p1a: Auggie|Extreme Speed|p2a: Talonflame\n|-damage|p2a: Talonflame|0 fnt\n|faint|p2a: Talonflame\n|move|p1b: amogus|Pollen Puff|p1a: Auggie\n|-heal|p1a: Auggie|81\/100 par\n|\n|upkeep\n|\n|t:|1682031016\n|switch|p2a: Rotom|Rotom-Wash, L50|59\/100\n|turn|10\n|\n|t:|1682031040\n|move|p2a: Rotom|Protect|p2a: Rotom\n|-singleturn|p2a: Rotom|Protect\n|cant|p1a: Auggie|par\n|move|p2b: Garchomp|Swords Dance|p2b: Garchomp\n|-boost|p2b: Garchomp|atk|2\n|move|p1b: amogus|Spore|p2b: Garchomp\n|-status|p2b: Garchomp|slp|[from] move: Spore\n|-enditem|p2b: Garchomp|Lum Berry|[eat]\n|-curestatus|p2b: Garchomp|slp|[msg]\n|\n|upkeep\n|turn|11\n|inactive|DaRayquazaKingdom has 30 seconds left.\n|\n|t:|1682031065\n|move|p2b: Garchomp|Protect|p2b: Garchomp\n|-singleturn|p2b: Garchomp|Protect\n|move|p1a: Auggie|Extreme Speed|p2a: Rotom\n|-damage|p2a: Rotom|17\/100\n|move|p1b: amogus|Rage Powder|p1b: amogus\n|-singleturn|p1b: amogus|move: Rage Powder\n|move|p2a: Rotom|Discharge|p1b: amogus|[spread] p1a,p1b\n|-activate|p2b: Garchomp|move: Protect\n|-resisted|p1a: Auggie\n|-resisted|p1b: amogus\n|-damage|p1a: Auggie|67\/100 par\n|-damage|p1b: amogus|90\/100\n|\n|upkeep\n|turn|12\n|\n|t:|1682031086\n|move|p1a: Auggie|Extreme Speed|p2b: Garchomp\n|-damage|p2b: Garchomp|21\/100\n|-damage|p1a: Auggie|55\/100 par|[from] ability: Rough Skin|[of] p2b: Garchomp\n|move|p2b: Garchomp|Earthquake|p1b: amogus|[spread] p1a,p1b\n|-immune|p2a: Rotom|[from] ability: Levitate\n|-resisted|p1a: Auggie\n|-damage|p1a: Auggie|15\/100 par\n|-damage|p1b: amogus|11\/100\n|-enditem|p1b: amogus|Sitrus Berry|[eat]\n|-heal|p1b: amogus|36\/100|[from] item: Sitrus Berry\n|move|p2a: Rotom|Hydro Pump|p1a: Auggie\n|-resisted|p1a: Auggie\n|-damage|p1a: Auggie|0 fnt\n|faint|p1a: Auggie\n|move|p1b: amogus|Pollen Puff|p1: Auggie|[notarget]\n|-fail|p1b: amogus\n|\n|upkeep\n|turn|13\n|c|\u2606DaRayquazaKingdom|ggwp\n|-message|DaRayquazaKingdom forfeited.\n|\n|win|BigBusted\n|raw|DaRayquazaKingdom's rating: 1156 → 1137<\/strong> (-19 for losing)\n|raw|BigBusted's rating: 1240 → 1259<\/strong> (+19 for winning)\n|l|\u2606BigBusted\n","uploadtime":1682031115,"views":5,"p1id":"darayquazakingdom","p2id":"bigbusted","formatid":"gen9vgc2023regulationc","rating":1137,"private":0,"password":""}