{"id":"gen9vgc2023regulationc-1852968281","p1":"arcanathefool","p2":"Adobe Acromegaly","format":"[Gen 9] VGC 2023 Regulation C","log":"|j|\u2606arcanathefool\n|j|\u2606Adobe Acromegaly\n|t:|1682621476\n|gametype|doubles\n|player|p1|arcanathefool|clerk|1094\n|player|p2|Adobe Acromegaly|may-masters|1138\n|teamsize|p1|6\n|teamsize|p2|6\n|gen|9\n|tier|[Gen 9] VGC 2023 Regulation C\n|rated|\n|rule|Species Clause: Limit one of each Pok\u00e9mon\n|rule|Item Clause: Limit one of each item\n|clearpoke\n|poke|p1|Tyranitar, L50, M|\n|poke|p1|Scizor, L50, M|\n|poke|p1|Grumpig, L50, M|\n|poke|p1|Gastrodon, L50, M|\n|poke|p1|Lycanroc, L50, M|\n|poke|p1|Palossand, L50, M|\n|poke|p2|Lurantis, L50, M|\n|poke|p2|Roaring Moon, L50|\n|poke|p2|Maushold-Four, L50|\n|poke|p2|Ting-Lu, L50|\n|poke|p2|Glimmora, L50, F|\n|poke|p2|Gholdengo, L50|\n|teampreview|4\n|\n|t:|1682621524\n|start\n|switch|p1a: Tyranitar|Tyranitar, L50, M|100\/100\n|switch|p1b: Lycanroc|Lycanroc, L50, M|100\/100\n|switch|p2a: Maushold|Maushold-Four, L50, shiny|100\/100\n|switch|p2b: Gholdengo|Gholdengo, L50|100\/100\n|-weather|Sandstorm|[from] ability: Sand Stream|[of] p1a: Tyranitar\n|turn|1\n|\n|t:|1682621551\n|switch|p1b: Palossand|Palossand, L50, M|100\/100\n|-terastallize|p1a: Tyranitar|Steel\n|move|p2a: Maushold|Follow Me|p2a: Maushold\n|-singleturn|p2a: Maushold|move: Follow Me\n|move|p2b: Gholdengo|Make It Rain|p1a: Tyranitar|[spread] p1a,p1b\n|-resisted|p1a: Tyranitar\n|-damage|p1a: Tyranitar|90\/100\n|-damage|p1b: Palossand|51\/100\n|-unboost|p2b: Gholdengo|spa|1\n|move|p1a: Tyranitar|Crunch|p2a: Maushold\n|-damage|p2a: Maushold|49\/100\n|\n|-weather|Sandstorm|[upkeep]\n|-damage|p2a: Maushold|42\/100|[from] Sandstorm\n|upkeep\n|turn|2\n|\n|t:|1682621583\n|move|p2a: Maushold|Baby-Doll Eyes|p1a: Tyranitar\n|-unboost|p1a: Tyranitar|atk|1\n|move|p2b: Gholdengo|Nasty Plot|p2b: Gholdengo\n|-boost|p2b: Gholdengo|spa|2\n|move|p1a: Tyranitar|Crunch|p2b: Gholdengo\n|-supereffective|p2b: Gholdengo\n|-damage|p2b: Gholdengo|63\/100\n|move|p1b: Palossand|Shore Up|p1b: Palossand\n|-heal|p1b: Palossand|100\/100\n|\n|-weather|Sandstorm|[upkeep]\n|-damage|p2a: Maushold|36\/100|[from] Sandstorm\n|-heal|p2b: Gholdengo|70\/100|[from] item: Leftovers\n|upkeep\n|turn|3\n|\n|t:|1682621605\n|move|p2a: Maushold|Baby-Doll Eyes|p1a: Tyranitar\n|-unboost|p1a: Tyranitar|atk|1\n|move|p2b: Gholdengo|Shadow Ball|p1b: Palossand\n|-supereffective|p1b: Palossand\n|-damage|p1b: Palossand|0 fnt\n|faint|p1b: Palossand\n|move|p1a: Tyranitar|Rock Slide|p2a: Maushold|[spread] p2a,p2b\n|-resisted|p2b: Gholdengo\n|-damage|p2a: Maushold|19\/100\n|-damage|p2b: Gholdengo|64\/100\n|\n|-weather|Sandstorm|[upkeep]\n|-damage|p2a: Maushold|13\/100|[from] Sandstorm\n|-heal|p2b: Gholdengo|71\/100|[from] item: Leftovers\n|upkeep\n|\n|t:|1682621619\n|switch|p1b: Lycanroc|Lycanroc, L50, M|100\/100\n|turn|4\n|\n|t:|1682621635\n|switch|p1a: Grumpig|Grumpig, L50, M|100\/100\n|move|p2a: Maushold|Protect|p2a: Maushold\n|-singleturn|p2a: Maushold|Protect\n|move|p2b: Gholdengo|Protect|p2b: Gholdengo\n|-singleturn|p2b: Gholdengo|Protect\n|move|p1b: Lycanroc|Rock Slide|p2a: Maushold|[spread] \n|-activate|p2a: Maushold|move: Protect\n|-activate|p2b: Gholdengo|move: Protect\n|\n|-weather|Sandstorm|[upkeep]\n|-damage|p2a: Maushold|7\/100|[from] Sandstorm\n|-heal|p2b: Gholdengo|77\/100|[from] item: Leftovers\n|upkeep\n|turn|5\n|\n|t:|1682621666\n|switch|p2a: Ting-Lu|Ting-Lu, L50|100\/100\n|-ability|p2a: Ting-Lu|Vessel of Ruin\n|move|p1b: Lycanroc|Protect|p1b: Lycanroc\n|-singleturn|p1b: Lycanroc|Protect\n|move|p2b: Gholdengo|Shadow Ball|p1a: Grumpig\n|-supereffective|p1a: Grumpig\n|-damage|p1a: Grumpig|29\/100\n|move|p1a: Grumpig|Whirlwind|p2b: Gholdengo\n|-immune|p2b: Gholdengo|[from] ability: Good as Gold\n|\n|-weather|none\n|-heal|p2b: Gholdengo|83\/100|[from] item: Leftovers\n|upkeep\n|turn|6\n|\n|t:|1682621695\n|switch|p1a: Tyranitar|Tyranitar, L50, M, tera:Steel|90\/100\n|-weather|Sandstorm|[from] ability: Sand Stream|[of] p1a: Tyranitar\n|move|p1b: Lycanroc|Play Rough|p2a: Ting-Lu\n|-supereffective|p2a: Ting-Lu\n|-crit|p2a: Ting-Lu\n|-damage|p2a: Ting-Lu|48\/100\n|move|p2b: Gholdengo|Make It Rain|p1b: Lycanroc|[spread] p1a,p1b\n|-resisted|p1a: Tyranitar\n|-supereffective|p1b: Lycanroc\n|-damage|p1a: Tyranitar|78\/100\n|-damage|p1b: Lycanroc|3\/100\n|-unboost|p2b: Gholdengo|spa|1\n|move|p2a: Ting-Lu|Stomping Tantrum|p1b: Lycanroc\n|-supereffective|p1b: Lycanroc\n|-damage|p1b: Lycanroc|0 fnt\n|faint|p1b: Lycanroc\n|\n|-weather|Sandstorm|[upkeep]\n|-heal|p2b: Gholdengo|89\/100|[from] item: Leftovers\n|upkeep\n|\n|t:|1682621713\n|switch|p1b: Grumpig|Grumpig, L50, M|29\/100\n|turn|7\n|\n|t:|1682621725\n|move|p2b: Gholdengo|Shadow Ball|p1b: Grumpig\n|-supereffective|p1b: Grumpig\n|-damage|p1b: Grumpig|0 fnt\n|faint|p1b: Grumpig\n|move|p1a: Tyranitar|Crunch|p2b: Gholdengo\n|-supereffective|p2b: Gholdengo\n|-damage|p2b: Gholdengo|14\/100\n|move|p2a: Ting-Lu|Stomping Tantrum|p1a: Tyranitar\n|-supereffective|p1a: Tyranitar\n|-damage|p1a: Tyranitar|26\/100\n|\n|-weather|Sandstorm|[upkeep]\n|-heal|p2b: Gholdengo|20\/100|[from] item: Leftovers\n|upkeep\n|turn|8\n|-message|arcanathefool forfeited.\n|\n|win|Adobe Acromegaly\n|raw|arcanathefool's rating: 1094 → 1073<\/strong> (-21 for losing)\n|raw|Adobe Acromegaly's rating: 1138 → 1160<\/strong> (+22 for winning)\n|l|\u2606arcanathefool\n","uploadtime":1682621741,"views":8,"p1id":"arcanathefool","p2id":"adobeacromegaly","formatid":"gen9vgc2023regulationc","rating":1073,"private":0,"password":""}