{"id":"gen9vgc2023regulationc-1849933057","p1":"Tehspap","p2":"Saberlix","format":"[Gen 9] VGC 2023 Regulation C","log":"|j|\u2606Tehspap\n|j|\u2606Saberlix\n|t:|1682269565\n|gametype|doubles\n|player|p1|Tehspap|crasherwake|1107\n|player|p2|Saberlix|2|1089\n|teamsize|p1|6\n|teamsize|p2|6\n|gen|9\n|tier|[Gen 9] VGC 2023 Regulation C\n|rated|\n|rule|Species Clause: Limit one of each Pok\u00e9mon\n|rule|Item Clause: Limit one of each item\n|clearpoke\n|poke|p1|Bruxish, L50, F|\n|poke|p1|Palossand, L50, F|\n|poke|p1|Amoonguss, L50, M|\n|poke|p1|Cyclizar, L50, M|\n|poke|p1|Scizor, L50, F|\n|poke|p1|Palafin, L50, M|\n|poke|p2|Baxcalibur, L50, F|\n|poke|p2|Azumarill, L50, M|\n|poke|p2|Chi-Yu, L50|\n|poke|p2|Lycanroc-Midnight, L50, F|\n|poke|p2|Amoonguss, L50, M|\n|poke|p2|Hatterene, L50, F|\n|teampreview|4\n|c|\u2606Tehspap|Hf\n|inactive|Battle timer is ON: inactive players will automatically lose when time's up. (requested by Tehspap)\n|\n|t:|1682269605\n|start\n|switch|p1a: Bruxish|Bruxish, L50, F, shiny|100\/100\n|switch|p1b: Palossand|Palossand, L50, F, shiny|100\/100\n|switch|p2a: Baxcalibur|Baxcalibur, L50, F|100\/100\n|switch|p2b: Chi-Yu|Chi-Yu, L50|100\/100\n|-ability|p2b: Chi-Yu|Beads of Ruin\n|turn|1\n|\n|t:|1682269621\n|move|p2b: Chi-Yu|Protect|p2b: Chi-Yu\n|-singleturn|p2b: Chi-Yu|Protect\n|move|p1b: Palossand|Protect|p1b: Palossand\n|-singleturn|p1b: Palossand|Protect\n|move|p2a: Baxcalibur|Breaking Swipe|p1b: Palossand|[spread] p1a\n|-activate|p1b: Palossand|move: Protect\n|-damage|p1a: Bruxish|70\/100\n|-unboost|p1a: Bruxish|atk|1\n|move|p1a: Bruxish|Trick Room|p1a: Bruxish\n|-fieldstart|move: Trick Room|[of] p1a: Bruxish\n|\n|upkeep\n|turn|2\n|inactive|Saberlix has 30 seconds left.\n|inactive|Saberlix has 20 seconds left.\n|inactive|Saberlix has 15 seconds left.\n|inactive|Saberlix has 10 seconds left.\n|\n|t:|1682269667\n|move|p1a: Bruxish|Aqua Jet|p1b: Palossand\n|-supereffective|p1b: Palossand\n|-damage|p1b: Palossand|87\/100\n|-ability|p1b: Palossand|Water Compaction|boost\n|-boost|p1b: Palossand|def|2\n|-enditem|p1b: Palossand|Weakness Policy\n|-boost|p1b: Palossand|atk|2|[from] item: Weakness Policy\n|-boost|p1b: Palossand|spa|2|[from] item: Weakness Policy\n|move|p1b: Palossand|Earth Power|p2b: Chi-Yu\n|-supereffective|p2b: Chi-Yu\n|-damage|p2b: Chi-Yu|0 fnt\n|faint|p2b: Chi-Yu\n|move|p2a: Baxcalibur|Breaking Swipe|p1b: Palossand|[spread] p1a,p1b\n|-damage|p1a: Bruxish|39\/100\n|-damage|p1b: Palossand|79\/100\n|-unboost|p1a: Bruxish|atk|1\n|-unboost|p1b: Palossand|atk|1\n|\n|upkeep\n|\n|t:|1682269689\n|switch|p2b: Hatterene|Hatterene, L50, F|100\/100\n|turn|3\n|\n|t:|1682269704\n|move|p2b: Hatterene|Psychic|p1b: Palossand\n|-damage|p1b: Palossand|17\/100\n|-unboost|p1b: Palossand|spd|1\n|move|p1b: Palossand|Shadow Ball|p2b: Hatterene\n|-supereffective|p2b: Hatterene\n|-enditem|p2b: Hatterene|Focus Sash\n|-damage|p2b: Hatterene|1\/100\n|move|p1a: Bruxish|Chilling Water|p2a: Baxcalibur\n|-resisted|p2a: Baxcalibur\n|-damage|p2a: Baxcalibur|94\/100\n|-unboost|p2a: Baxcalibur|atk|1\n|move|p2a: Baxcalibur|Glaive Rush|p1a: Bruxish\n|-damage|p1a: Bruxish|0 fnt\n|-singlemove|p2a: Baxcalibur|Glaive Rush|[silent]\n|faint|p1a: Bruxish\n|\n|upkeep\n|\n|t:|1682269722\n|switch|p1a: Scizor|Scizor, L50, F|100\/100\n|turn|4\n|\n|t:|1682269739\n|move|p1a: Scizor|Bullet Punch|p2b: Hatterene\n|-supereffective|p2b: Hatterene\n|-damage|p2b: Hatterene|0 fnt\n|faint|p2b: Hatterene\n|move|p1b: Palossand|Shadow Ball|p2a: Baxcalibur\n|-damage|p2a: Baxcalibur|0 fnt\n|faint|p2a: Baxcalibur\n|\n|upkeep\n|\n|t:|1682269747\n|switch|p2b: Azumarill|Azumarill, L50, M|100\/100\n|turn|5\n|\n|t:|1682269761\n|move|p1a: Scizor|Bullet Punch|p2b: Azumarill\n|-damage|p2b: Azumarill|51\/100\n|move|p1b: Palossand|Energy Ball|p2b: Azumarill\n|-supereffective|p2b: Azumarill\n|-damage|p2b: Azumarill|0 fnt\n|faint|p2b: Azumarill\n|\n|win|Tehspap\n|raw|Tehspap's rating: 1107 → 1131<\/strong> (+24 for winning)\n|raw|Saberlix's rating: 1089 → 1067<\/strong> (-22 for losing)\n|l|\u2606Saberlix\n|c|\u2606Tehspap|Gg\n","uploadtime":1682269772,"views":4,"p1id":"tehspap","p2id":"saberlix","formatid":"gen9vgc2023regulationc","rating":1067,"private":0,"password":""}