{"id":"gen9vgc2023regulationc-1856786426","p1":"SurpriseAttacks","p2":"Awesome Person III","format":"[Gen 9] VGC 2023 Regulation C","log":"|j|\u2606SurpriseAttacks\n|j|\u2606Awesome Person III\n|t:|1683111287\n|gametype|doubles\n|player|p1|SurpriseAttacks|gentleman-gen4|\n|player|p2|Awesome Person III|fisherman-gen4|\n|teamsize|p1|6\n|teamsize|p2|6\n|gen|9\n|tier|[Gen 9] VGC 2023 Regulation C\n|rated|Tournament battle\n|rule|Species Clause: Limit one of each Pok\u00e9mon\n|rule|Item Clause: Limit one of each item\n|clearpoke\n|poke|p1|Baxcalibur, L50, M|\n|poke|p1|Brute Bonnet, L50|\n|poke|p1|Gyarados, L50, M|\n|poke|p1|Flutter Mane, L50|\n|poke|p1|Rotom-Heat, L50|\n|poke|p1|Garganacl, L50, F|\n|poke|p2|Ceruledge, L50, F|\n|poke|p2|Gyarados, L50, M|\n|poke|p2|Ting-Lu, L50|\n|poke|p2|Arcanine, L50, F|\n|poke|p2|Brute Bonnet, L50|\n|poke|p2|Flutter Mane, L50|\n|teampreview|4\n|inactive|Battle timer is ON: inactive players will automatically lose when time's up. (requested by Awesome Person III)\nSurpriseAttacks has agreed to open team sheets.\n|inactive|Awesome Person III has 60 seconds left.\n|inactive|Awesome Person III has 30 seconds left.\n|\n|t:|1683111352\n|start\n|switch|p1a: Gyarados|Gyarados, L50, M|100\/100\n|switch|p1b: Flutter Mane|Flutter Mane, L50|100\/100\n|switch|p2a: Chop Sticks|Ceruledge, L50, F|100\/100\n|switch|p2b: Amaterasu|Arcanine, L50, F|100\/100\n|-ability|p2b: Amaterasu|Intimidate|boost\n|-unboost|p1a: Gyarados|atk|1\n|-unboost|p1b: Flutter Mane|atk|1\n|-ability|p1a: Gyarados|Intimidate|boost\n|-fail|p2a: Chop Sticks|unboost|[from] item: Clear Amulet|[of] p2a: Chop Sticks\n|-unboost|p2b: Amaterasu|atk|1\n|-enditem|p1b: Flutter Mane|Booster Energy\n|-activate|p1b: Flutter Mane|ability: Protosynthesis|[fromitem]\n|-start|p1b: Flutter Mane|protosynthesisspa\n|turn|1\n|\n|t:|1683111366\n|move|p1b: Flutter Mane|Protect|p1b: Flutter Mane\n|-singleturn|p1b: Flutter Mane|Protect\n|move|p2a: Chop Sticks|Protect|p2a: Chop Sticks\n|-singleturn|p2a: Chop Sticks|Protect\n|move|p2b: Amaterasu|Will-O-Wisp|p1a: Gyarados|[miss]\n|-miss|p2b: Amaterasu|p1a: Gyarados\n|move|p1a: Gyarados|Thunder Wave|p2a: Chop Sticks\n|-activate|p2a: Chop Sticks|move: Protect\n|\n|upkeep\n|turn|2\n|\n|t:|1683111385\n|switch|p2a: Ungamoonguss|Brute Bonnet, L50|100\/100\n|move|p1b: Flutter Mane|Substitute|p1b: Flutter Mane\n|-start|p1b: Flutter Mane|Substitute\n|-damage|p1b: Flutter Mane|76\/100\n|move|p2b: Amaterasu|Flare Blitz|p1b: Flutter Mane\n|-end|p1b: Flutter Mane|Substitute\n|-damage|p2b: Amaterasu|95\/100|[from] Recoil|[of] p1b: Flutter Mane\n|move|p1a: Gyarados|Thunder Wave|p2a: Ungamoonguss\n|-status|p2a: Ungamoonguss|par\n|\n|upkeep\n|turn|3\n|\n|t:|1683111407\n|-end|p1b: Flutter Mane|Protosynthesis|[silent]\n|switch|p1b: Rotom|Rotom-Heat, L50|100\/100\n|-terastallize|p2a: Ungamoonguss|Fire\n|move|p2b: Amaterasu|Will-O-Wisp|p1a: Gyarados\n|-status|p1a: Gyarados|brn\n|move|p1a: Gyarados|Thunder Wave|p2b: Amaterasu\n|-status|p2b: Amaterasu|par\n|cant|p2a: Ungamoonguss|par\n|\n|-damage|p1a: Gyarados|95\/100 brn|[from] brn\n|upkeep\n|turn|4\n|\n|t:|1683111427\n|move|p1b: Rotom|Nasty Plot|p1b: Rotom\n|-boost|p1b: Rotom|spa|2\n|move|p1a: Gyarados|Waterfall|p2a: Ungamoonguss\n|-supereffective|p2a: Ungamoonguss\n|-damage|p2a: Ungamoonguss|79\/100 par\n|cant|p2b: Amaterasu|par\n|cant|p2a: Ungamoonguss|flinch\n|\n|-damage|p1a: Gyarados|89\/100 brn|[from] brn\n|upkeep\n|turn|5\n|\n|t:|1683111443\n|move|p1b: Rotom|Thunderbolt|p2b: Amaterasu\n|-damage|p2b: Amaterasu|1\/100 par\n|move|p1a: Gyarados|Waterfall|p2a: Ungamoonguss\n|-supereffective|p2a: Ungamoonguss\n|-damage|p2a: Ungamoonguss|57\/100 par\n|cant|p2b: Amaterasu|par\n|cant|p2a: Ungamoonguss|par\n|\n|-damage|p1a: Gyarados|83\/100 brn|[from] brn\n|upkeep\n|turn|6\n|-message|Awesome Person III forfeited.\n|\n|win|SurpriseAttacks\n|n|\u2606SurpriseAttacks|surpriseattacks\n|n|\u2606Awesome Person III|awesomepersoniii\n","uploadtime":1683111732,"views":9,"p1id":"surpriseattacks","p2id":"awesomepersoniii","formatid":"gen9vgc2023regulationc","rating":0,"private":0,"password":""}