{"id":"gen9vgc2023regulationc-1845196691","p1":"Galahad Excalibur","p2":"Darkskin gawd","format":"[Gen 9] VGC 2023 Regulation C","log":"|j|\u2606Galahad Excalibur\n|j|\u2606Darkskin gawd\n|t:|1681695131\n|gametype|doubles\n|player|p1|Galahad Excalibur|richboy-gen4|\n|player|p2|Darkskin gawd|169|\n|teamsize|p1|6\n|teamsize|p2|6\n|gen|9\n|tier|[Gen 9] VGC 2023 Regulation C\n|rule|Species Clause: Limit one of each Pok\u00e9mon\n|rule|Item Clause: Limit one of each item\n|clearpoke\n|poke|p1|Farigiraf, L50, M|\n|poke|p1|Ting-Lu, L50|\n|poke|p1|Scizor, L50, M|\n|poke|p1|Spiritomb, L50, M|\n|poke|p1|Iron Hands, L50|\n|poke|p1|Pincurchin, L50, F|\n|poke|p2|Iron Hands, L50|\n|poke|p2|Dragonite, L50, M|\n|poke|p2|Iron Bundle, L50|\n|poke|p2|Ting-Lu, L50|\n|poke|p2|Maushold-Four, L50|\n|poke|p2|Dragapult, L50, M|\n|teampreview|4\n|inactive|Battle timer is ON: inactive players will automatically lose when time's up. (requested by Galahad Excalibur)\n|inactive|Darkskin gawd has 60 seconds left.\n|\n|t:|1681695172\n|start\n|switch|p1a: Farigiraf|Farigiraf, L50, M|100\/100\n|switch|p1b: Pincurchin|Pincurchin, L50, F|100\/100\n|switch|p2a: Ting-Lu|Ting-Lu, L50|100\/100\n|switch|p2b: Maushold|Maushold-Four, L50|100\/100\n|-ability|p2a: Ting-Lu|Vessel of Ruin\n|-fieldstart|move: Electric Terrain|[from] ability: Electric Surge|[of] p1b: Pincurchin\n|turn|1\n|inactive|Galahad Excalibur has 30 seconds left.\n|inactive|Darkskin gawd has 30 seconds left.\n|\n|t:|1681695204\n|-terastallize|p1a: Farigiraf|Fairy\n|move|p2b: Maushold|Thunder Wave|p1a: Farigiraf\n|-status|p1a: Farigiraf|par\n|move|p2a: Ting-Lu|Stomping Tantrum|p1b: Pincurchin\n|-supereffective|p1b: Pincurchin\n|-damage|p1b: Pincurchin|11\/100\n|-enditem|p1b: Pincurchin|Eject Button\n|\n|t:|1681695213\n|switch|p1b: Iron Hands|Iron Hands, L50|100\/100\n|-activate|p1b: Iron Hands|ability: Quark Drive\n|-start|p1b: Iron Hands|quarkdriveatk\n|move|p1a: Farigiraf|Trick Room|p1a: Farigiraf\n|-fieldstart|move: Trick Room|[of] p1a: Farigiraf\n|\n|upkeep\n|turn|2\n|inactive|Darkskin gawd has 30 seconds left.\n|\n|t:|1681695241\n|move|p1a: Farigiraf|Dazzling Gleam|p2b: Maushold|[spread] p2a,p2b\n|-supereffective|p2a: Ting-Lu\n|-damage|p2a: Ting-Lu|84\/100\n|-damage|p2b: Maushold|77\/100\n|move|p1b: Iron Hands|Belly Drum|p1b: Iron Hands\n|-damage|p1b: Iron Hands|51\/100\n|-setboost|p1b: Iron Hands|atk|6|[from] move: Belly Drum\n|move|p2a: Ting-Lu|Fissure|p1b: Iron Hands|[miss]\n|-miss|p2a: Ting-Lu|p1b: Iron Hands\n|move|p2b: Maushold|Super Fang|p1b: Iron Hands\n|-damage|p1b: Iron Hands|26\/100\n|-enditem|p1b: Iron Hands|Sitrus Berry|[eat]\n|-heal|p1b: Iron Hands|51\/100|[from] item: Sitrus Berry\n|\n|upkeep\n|turn|3\n|\n|t:|1681695266\n|move|p2b: Maushold|Follow Me|p2b: Maushold\n|-singleturn|p2b: Maushold|move: Follow Me\n|cant|p1a: Farigiraf|par\n|move|p1b: Iron Hands|Drain Punch|p2b: Maushold\n|-supereffective|p2b: Maushold\n|-damage|p2b: Maushold|0 fnt\n|-heal|p1b: Iron Hands|77\/100|[from] drain|[of] p2b: Maushold\n|faint|p2b: Maushold\n|move|p2a: Ting-Lu|Stomping Tantrum|p1b: Iron Hands\n|-supereffective|p1b: Iron Hands\n|-damage|p1b: Iron Hands|0 fnt\n|faint|p1b: Iron Hands\n|-end|p1b: Iron Hands|Quark Drive|[silent]\n|\n|upkeep\n|\n|t:|1681695281\n|switch|p1b: Ting-Lu|Ting-Lu, L50|100\/100\n|switch|p2b: Iron Hands|Iron Hands, L50|100\/100\n|-ability|p1b: Ting-Lu|Vessel of Ruin\n|-activate|p2b: Iron Hands|ability: Quark Drive\n|-start|p2b: Iron Hands|quarkdriveatk\n|turn|4\n|inactive|Galahad Excalibur has 30 seconds left.\n|inactive|Darkskin gawd has 30 seconds left.\n|\n|t:|1681695313\n|switch|p1a: Pincurchin|Pincurchin, L50, F|11\/100\n|move|p2b: Iron Hands|Fake Out|p1b: Ting-Lu\n|-damage|p1b: Ting-Lu|89\/100\n|cant|p1b: Ting-Lu|flinch\n|move|p2a: Ting-Lu|Fissure|p1a: Pincurchin|[miss]\n|-miss|p2a: Ting-Lu|p1a: Pincurchin\n|\n|upkeep\n|turn|5\n|inactive|Galahad Excalibur has 30 seconds left.\n|inactive|Darkskin gawd has 30 seconds left.\n|\n|t:|1681695345\n|move|p1a: Pincurchin|Toxic Spikes|p2a: Ting-Lu\n|-sidestart|p2: Darkskin gawd|move: Toxic Spikes\n|move|p1b: Ting-Lu|Ruination|p2b: Iron Hands\n|-damage|p2b: Iron Hands|51\/100\n|move|p2a: Ting-Lu|Stomping Tantrum|p1a: Pincurchin\n|-supereffective|p1a: Pincurchin\n|-damage|p1a: Pincurchin|0 fnt\n|faint|p1a: Pincurchin\n|move|p2b: Iron Hands|Swords Dance|p2b: Iron Hands\n|-boost|p2b: Iron Hands|atk|2\n|\n|-fieldend|move: Trick Room\n|-fieldend|move: Electric Terrain\n|-end|p2b: Iron Hands|Quark Drive\n|upkeep\n|\n|t:|1681695358\n|switch|p1a: Farigiraf|Farigiraf, L50, M, tera:Fairy|100\/100 par\n|turn|6\n|inactive|Darkskin gawd has 30 seconds left.\n|inactive|Darkskin gawd has 20 seconds left.\n|inactive|Darkskin gawd has 15 seconds left.\n|\n|t:|1681695401\n|move|p2b: Iron Hands|Drain Punch|p1b: Ting-Lu\n|-supereffective|p1b: Ting-Lu\n|-damage|p1b: Ting-Lu|0 fnt\n|-heal|p2b: Iron Hands|95\/100|[from] drain|[of] p1b: Ting-Lu\n|faint|p1b: Ting-Lu\n|move|p2a: Ting-Lu|Stomping Tantrum|p1a: Farigiraf\n|-damage|p1a: Farigiraf|66\/100 par\n|move|p1a: Farigiraf|Trick Room|p1a: Farigiraf\n|-fieldstart|move: Trick Room|[of] p1a: Farigiraf\n|\n|upkeep\n|turn|7\n|inactive|Darkskin gawd has 30 seconds left.\n|inactive|Darkskin gawd has 20 seconds left.\n|\n|t:|1681695436\n|-terastallize|p2a: Ting-Lu|Fairy\n|move|p1a: Farigiraf|Dazzling Gleam|p2a: Ting-Lu|[spread] p2a,p2b\n|-supereffective|p2b: Iron Hands\n|-damage|p2a: Ting-Lu|74\/100\n|-damage|p2b: Iron Hands|61\/100\n|move|p2a: Ting-Lu|Stomping Tantrum|p1a: Farigiraf\n|-damage|p1a: Farigiraf|28\/100 par\n|move|p2b: Iron Hands|Thunder Punch|p1a: Farigiraf\n|-damage|p1a: Farigiraf|0 fnt\n|faint|p1a: Farigiraf\n|\n|win|Darkskin gawd\n","uploadtime":1681695449,"views":6,"p1id":"galahadexcalibur","p2id":"darkskingawd","formatid":"gen9vgc2023regulationc","rating":0,"private":0,"password":""}