{"id":"gen9vgc2023regulationc-1849324188","p1":"antoniop02","p2":"croc56","format":"[Gen 9] VGC 2023 Regulation C","log":"|j|\u2606antoniop02\n|j|\u2606croc56\n|t:|1682185954\n|gametype|doubles\n|player|p1|antoniop02|proton|1083\n|player|p2|croc56|lucas|1040\n|teamsize|p1|6\n|teamsize|p2|6\n|gen|9\n|tier|[Gen 9] VGC 2023 Regulation C\n|rated|\n|rule|Species Clause: Limit one of each Pok\u00e9mon\n|rule|Item Clause: Limit one of each item\n|clearpoke\n|poke|p1|Espathra, L50, M|\n|poke|p1|Gyarados, L50, M|\n|poke|p1|Flutter Mane, L50|\n|poke|p1|Ceruledge, L50, F|\n|poke|p1|Tinkaton, L50, F|\n|poke|p1|Sandy Shocks, L50|\n|poke|p2|Arcanine, L50, F|\n|poke|p2|Tinkaton, L50, F|\n|poke|p2|Iron Thorns, L50|\n|poke|p2|Amoonguss, L50, M|\n|poke|p2|Iron Jugulis, L50|\n|poke|p2|Ting-Lu, L50|\n|teampreview|4\n|inactive|Battle timer is ON: inactive players will automatically lose when time's up. (requested by antoniop02)\n|\n|t:|1682185981\n|start\n|switch|p1a: Gyarados|Gyarados, L50, M|100\/100\n|switch|p1b: Ceruledge|Ceruledge, L50, F|100\/100\n|switch|p2a: Iron Thorns|Iron Thorns, L50|100\/100\n|switch|p2b: Arcanine|Arcanine, L50, F|100\/100\n|-ability|p2b: Arcanine|Intimidate|boost\n|-unboost|p1a: Gyarados|atk|1\n|-unboost|p1b: Ceruledge|atk|1\n|-ability|p1a: Gyarados|Intimidate|boost\n|-unboost|p2a: Iron Thorns|atk|1\n|-unboost|p2b: Arcanine|atk|1\n|turn|1\n|inactive|antoniop02 has 30 seconds left.\n|inactive|antoniop02 has 20 seconds left.\n|inactive|antoniop02 has 15 seconds left.\n|inactive|antoniop02 has 10 seconds left.\n|\n|t:|1682186028\n|switch|p1a: Sandy Shocks|Sandy Shocks, L50|100\/100\n|-enditem|p1a: Sandy Shocks|Booster Energy\n|-activate|p1a: Sandy Shocks|ability: Protosynthesis|[fromitem]\n|-start|p1a: Sandy Shocks|protosynthesisspa\n|switch|p1b: Espathra|Espathra, L50, M|100\/100\n|move|p2a: Iron Thorns|Thunder Punch|p1a: Sandy Shocks\n|-immune|p1a: Sandy Shocks\n|move|p2b: Arcanine|Snarl|p1b: Espathra|[spread] p1a,p1b\n|-supereffective|p1b: Espathra\n|-damage|p1a: Sandy Shocks|90\/100\n|-damage|p1b: Espathra|79\/100\n|-unboost|p1a: Sandy Shocks|spa|1\n|-unboost|p1b: Espathra|spa|1\n|\n|upkeep\n|turn|2\n|inactive|croc56 has 30 seconds left.\n|inactive|croc56 has 20 seconds left.\n|\n|t:|1682186064\n|move|p1b: Espathra|Protect|p1b: Espathra\n|-singleturn|p1b: Espathra|Protect\n|move|p2a: Iron Thorns|Thunder Punch|p1b: Espathra\n|-activate|p1b: Espathra|move: Protect\n|move|p1a: Sandy Shocks|Gravity|p1a: Sandy Shocks\n|-fieldstart|move: Gravity\n|move|p2b: Arcanine|Snarl|p1a: Sandy Shocks|[spread] p1a\n|-activate|p1b: Espathra|move: Protect\n|-damage|p1a: Sandy Shocks|79\/100\n|-unboost|p1a: Sandy Shocks|spa|1\n|\n|-ability|p1b: Espathra|Speed Boost|boost\n|-boost|p1b: Espathra|spe|1\n|upkeep\n|turn|3\n|inactive|croc56 has 30 seconds left.\n|\n|t:|1682186090\n|-end|p2a: Iron Thorns|Quark Drive|[silent]\n|switch|p2a: Ting-Lu|Ting-Lu, L50|100\/100\n|-ability|p2a: Ting-Lu|Vessel of Ruin\n|move|p1b: Espathra|Lumina Crash|p2b: Arcanine\n|-damage|p2b: Arcanine|82\/100\n|-unboost|p2b: Arcanine|spd|2\n|move|p1a: Sandy Shocks|Earth Power|p2b: Arcanine\n|-supereffective|p2b: Arcanine\n|-damage|p2b: Arcanine|0 fnt\n|faint|p2b: Arcanine\n|\n|-ability|p1b: Espathra|Speed Boost|boost\n|-boost|p1b: Espathra|spe|1\n|upkeep\n|\n|t:|1682186105\n|switch|p2b: Iron Jugulis|Iron Jugulis, L50|100\/100\n|-enditem|p2b: Iron Jugulis|Booster Energy\n|-activate|p2b: Iron Jugulis|ability: Quark Drive|[fromitem]\n|-start|p2b: Iron Jugulis|quarkdrivespe\n|turn|4\n|inactive|antoniop02 has 30 seconds left.\n|inactive|antoniop02 has 20 seconds left.\n|\n|t:|1682186142\n|move|p1b: Espathra|Protect|p1b: Espathra\n|-singleturn|p1b: Espathra|Protect\n|move|p2b: Iron Jugulis|Dark Pulse|p1b: Espathra\n|-activate|p1b: Espathra|move: Protect\n|move|p1a: Sandy Shocks|Thunderbolt|p2b: Iron Jugulis\n|-supereffective|p2b: Iron Jugulis\n|-damage|p2b: Iron Jugulis|50\/100\n|move|p2a: Ting-Lu|Stomping Tantrum|p1a: Sandy Shocks\n|-supereffective|p1a: Sandy Shocks\n|-damage|p1a: Sandy Shocks|11\/100\n|\n|-ability|p1b: Espathra|Speed Boost|boost\n|-boost|p1b: Espathra|spe|1\n|upkeep\n|turn|5\n|inactive|croc56 has 30 seconds left.\n|\n|t:|1682186167\n|-end|p2b: Iron Jugulis|Quark Drive|[silent]\n|switch|p2b: Iron Thorns|Iron Thorns, L50|100\/100\n|move|p1b: Espathra|Low Kick|p2b: Iron Thorns\n|-supereffective|p2b: Iron Thorns\n|-damage|p2b: Iron Thorns|66\/100\n|move|p1a: Sandy Shocks|Thunderbolt|p2b: Iron Thorns\n|-resisted|p2b: Iron Thorns\n|-damage|p2b: Iron Thorns|54\/100\n|move|p2a: Ting-Lu|Stomping Tantrum|p1a: Sandy Shocks\n|-supereffective|p1a: Sandy Shocks\n|-damage|p1a: Sandy Shocks|0 fnt\n|faint|p1a: Sandy Shocks\n|-end|p1a: Sandy Shocks|Protosynthesis|[silent]\n|\n|-ability|p1b: Espathra|Speed Boost|boost\n|-boost|p1b: Espathra|spe|1\n|upkeep\n|\n|t:|1682186181\n|switch|p1a: Gyarados|Gyarados, L50, M|100\/100\n|-ability|p1a: Gyarados|Intimidate|boost\n|-unboost|p2a: Ting-Lu|atk|1\n|-unboost|p2b: Iron Thorns|atk|1\n|turn|6\n|\n|t:|1682186195\n|move|p1a: Gyarados|Protect|p1a: Gyarados\n|-singleturn|p1a: Gyarados|Protect\n|move|p1b: Espathra|Hypnosis|p2b: Iron Thorns\n|-status|p2b: Iron Thorns|slp|[from] move: Hypnosis\n|cant|p2b: Iron Thorns|slp\n|move|p2a: Ting-Lu|Fissure|p1b: Espathra|[miss]\n|-miss|p2a: Ting-Lu|p1b: Espathra\n|\n|-fieldend|move: Gravity\n|-ability|p1b: Espathra|Speed Boost|boost\n|-boost|p1b: Espathra|spe|1\n|upkeep\n|turn|7\n|\n|t:|1682186212\n|move|p1b: Espathra|Low Kick|p2b: Iron Thorns\n|-supereffective|p2b: Iron Thorns\n|-damage|p2b: Iron Thorns|20\/100 slp\n|cant|p2b: Iron Thorns|slp\n|move|p1a: Gyarados|Dragon Dance|p1a: Gyarados\n|-boost|p1a: Gyarados|atk|1\n|-boost|p1a: Gyarados|spe|1\n|move|p2a: Ting-Lu|Stomping Tantrum|p1b: Espathra\n|-damage|p1b: Espathra|22\/100\n|\n|-ability|p1b: Espathra|Speed Boost|boost\n|-boost|p1b: Espathra|spe|1\n|upkeep\n|turn|8\n|inactive|croc56 has 30 seconds left.\n|\n|t:|1682186238\n|move|p1b: Espathra|Low Kick|p2b: Iron Thorns\n|-supereffective|p2b: Iron Thorns\n|-crit|p2b: Iron Thorns\n|-damage|p2b: Iron Thorns|0 fnt\n|faint|p2b: Iron Thorns\n|-end|p2b: Iron Thorns|Quark Drive|[silent]\n|move|p1a: Gyarados|Dragon Dance|p1a: Gyarados\n|-boost|p1a: Gyarados|atk|1\n|-boost|p1a: Gyarados|spe|1\n|move|p2a: Ting-Lu|Stomping Tantrum|p1b: Espathra\n|-damage|p1b: Espathra|0 fnt\n|faint|p1b: Espathra\n|\n|upkeep\n|\n|t:|1682186250\n|switch|p1b: Ceruledge|Ceruledge, L50, F|100\/100\n|switch|p2b: Iron Jugulis|Iron Jugulis, L50|50\/100\n|turn|9\n|\n|t:|1682186264\n|-terastallize|p1a: Gyarados|Water\n|move|p2b: Iron Jugulis|Protect|p2b: Iron Jugulis\n|-singleturn|p2b: Iron Jugulis|Protect\n|move|p1a: Gyarados|Waterfall|p2a: Ting-Lu\n|-supereffective|p2a: Ting-Lu\n|-damage|p2a: Ting-Lu|0 fnt\n|faint|p2a: Ting-Lu\n|move|p1b: Ceruledge|Bitter Blade|p2b: Iron Jugulis\n|-activate|p2b: Iron Jugulis|move: Protect\n|\n|upkeep\n|turn|10\n|-message|croc56 forfeited.\n|\n|win|antoniop02\n|raw|antoniop02's rating: 1083 → 1107<\/strong> (+24 for winning)\n|raw|croc56's rating: 1040 → 1026<\/strong> (-14 for losing)\n|l|\u2606croc56\n","uploadtime":1682186282,"views":5,"p1id":"antoniop02","p2id":"croc56","formatid":"gen9vgc2023regulationc","rating":1026,"private":0,"password":""}