{"id":"gen9vgc2023regulationc-1853100681","p1":"PerenniumFalcon","p2":"SweetSerenityGrace","format":"[Gen 9] VGC 2023 Regulation C","log":"|j|\u2606PerenniumFalcon\n|j|\u2606SweetSerenityGrace\n|t:|1682635197\n|gametype|doubles\n|player|p1|PerenniumFalcon|266|1342\n|player|p2|SweetSerenityGrace|iris-gen5bw2|1267\n|teamsize|p1|6\n|teamsize|p2|6\n|gen|9\n|tier|[Gen 9] VGC 2023 Regulation C\n|rated|\n|rule|Species Clause: Limit one of each Pok\u00e9mon\n|rule|Item Clause: Limit one of each item\n|clearpoke\n|poke|p1|Chi-Yu, L50|\n|poke|p1|Orthworm, L50, F|\n|poke|p1|Garchomp, L50, M|\n|poke|p1|Talonflame, L50, M|\n|poke|p1|Amoonguss, L50, M|\n|poke|p1|Gholdengo, L50|\n|poke|p2|Flutter Mane, L50|\n|poke|p2|Chi-Yu, L50|\n|poke|p2|Chien-Pao, L50|\n|poke|p2|Dragonite, L50, F|\n|poke|p2|Iron Hands, L50|\n|poke|p2|Amoonguss, L50, F|\n|teampreview|4\nPerenniumFalcon has agreed to open team sheets.\nSweetSerenityGrace rejected open team sheets.\n|\n|t:|1682635260\n|start\n|switch|p1a: Talonflame|Talonflame, L50, M|100\/100\n|switch|p1b: Garchomp|Garchomp, L50, M|100\/100\n|switch|p2a: Iron Hands|Iron Hands, L50|100\/100\n|switch|p2b: Big Missy|Flutter Mane, L50|100\/100\n|-enditem|p2b: Big Missy|Booster Energy\n|-activate|p2b: Big Missy|ability: Protosynthesis|[fromitem]\n|-start|p2b: Big Missy|protosynthesisspe\n|turn|1\n|\n|t:|1682635281\n|-terastallize|p1b: Garchomp|Fire\n|move|p2b: Big Missy|Protect|p2b: Big Missy\n|-singleturn|p2b: Big Missy|Protect\n|move|p1a: Talonflame|Tailwind|p1a: Talonflame\n|-sidestart|p1: PerenniumFalcon|move: Tailwind\n|move|p1b: Garchomp|Swords Dance|p1b: Garchomp\n|-boost|p1b: Garchomp|atk|2\n|move|p2a: Iron Hands|Wild Charge|p1a: Talonflame\n|-supereffective|p1a: Talonflame\n|-damage|p1a: Talonflame|0 fnt\n|faint|p1a: Talonflame\n|-damage|p2a: Iron Hands|80\/100|[from] Recoil\n|\n|upkeep\n|\n|t:|1682635312\n|switch|p1a: Chi-Yu|Chi-Yu, L50|100\/100\n|-ability|p1a: Chi-Yu|Beads of Ruin\n|turn|2\n|\n|t:|1682635330\n|-end|p2b: Big Missy|Protosynthesis|[silent]\n|switch|p2b: Shroomie|Amoonguss, L50, F|100\/100\n|move|p1a: Chi-Yu|Protect|p1a: Chi-Yu\n|-singleturn|p1a: Chi-Yu|Protect\n|move|p1b: Garchomp|Earthquake|p2b: Shroomie|[spread] p2a,p2b\n|-activate|p1a: Chi-Yu|move: Protect\n|-supereffective|p2a: Iron Hands\n|-damage|p2a: Iron Hands|0 fnt\n|-damage|p2b: Shroomie|41\/100\n|faint|p2a: Iron Hands\n|-end|p2a: Iron Hands|Quark Drive|[silent]\n|\n|upkeep\n|\n|t:|1682635344\n|switch|p2a: Dragonite|Dragonite, L50, F|100\/100\n|turn|3\n|\n|t:|1682635354\n|move|p2b: Shroomie|Rage Powder|p2b: Shroomie\n|-singleturn|p2b: Shroomie|move: Rage Powder\n|move|p1b: Garchomp|Rock Slide|p2a: Dragonite|[spread] p2a,p2b\n|-supereffective|p2a: Dragonite\n|-damage|p2a: Dragonite|69\/100\n|-damage|p2b: Shroomie|11\/100\n|move|p1a: Chi-Yu|Heat Wave|p2b: Shroomie|[spread] p2a,p2b\n|-resisted|p2a: Dragonite\n|-crit|p2a: Dragonite\n|-supereffective|p2b: Shroomie\n|-damage|p2a: Dragonite|36\/100\n|-damage|p2b: Shroomie|0 fnt\n|faint|p2b: Shroomie\n|move|p2a: Dragonite|Dragon Dance|p2a: Dragonite\n|-boost|p2a: Dragonite|atk|1\n|-boost|p2a: Dragonite|spe|1\n|\n|upkeep\n|\n|t:|1682635366\n|switch|p2b: Big Missy|Flutter Mane, L50|100\/100\n|turn|4\n|\n|t:|1682635387\n|move|p2a: Dragonite|Extreme Speed|p1b: Garchomp\n|-damage|p1b: Garchomp|61\/100\n|-damage|p2a: Dragonite|24\/100|[from] ability: Rough Skin|[of] p1b: Garchomp\n|move|p1b: Garchomp|Rock Slide|p2a: Dragonite|[spread] p2a,p2b\n|-supereffective|p2a: Dragonite\n|-damage|p2a: Dragonite|0 fnt\n|-damage|p2b: Big Missy|26\/100\n|faint|p2a: Dragonite\n|move|p1a: Chi-Yu|Nasty Plot|p1a: Chi-Yu\n|-boost|p1a: Chi-Yu|spa|2\n|move|p2b: Big Missy|Shadow Ball|p1b: Garchomp\n|-damage|p1b: Garchomp|8\/100\n|\n|-sideend|p1: PerenniumFalcon|move: Tailwind\n|upkeep\n|turn|5\n|\n|t:|1682635406\n|move|p2b: Big Missy|Shadow Ball|p1b: Garchomp\n|-crit|p1b: Garchomp\n|-damage|p1b: Garchomp|0 fnt\n|faint|p1b: Garchomp\n|move|p1a: Chi-Yu|Dark Pulse|p2b: Big Missy\n|-damage|p2b: Big Missy|0 fnt\n|faint|p2b: Big Missy\n|-end|p2b: Big Missy|Protosynthesis|[silent]\n|\n|win|PerenniumFalcon\n|raw|PerenniumFalcon's rating: 1342 → 1358<\/strong> (+16 for winning)\n|raw|SweetSerenityGrace's rating: 1267 → 1247<\/strong> (-20 for losing)\n","uploadtime":1682635420,"views":10,"p1id":"perenniumfalcon","p2id":"sweetserenitygrace","formatid":"gen9vgc2023regulationc","rating":1247,"private":0,"password":""}