{"id":"gen9vgc2023regulationc-1853421201","p1":"hisanory","p2":"AnimeRedneck","format":"[Gen 9] VGC 2023 Regulation C","log":"|j|\u2606hisanory\n|j|\u2606AnimeRedneck\n|t:|1682683104\n|gametype|doubles\n|player|p1|hisanory|169|1051\n|player|p2|AnimeRedneck|pryce|1067\n|teamsize|p1|6\n|teamsize|p2|6\n|gen|9\n|tier|[Gen 9] VGC 2023 Regulation C\n|rated|\n|rule|Species Clause: Limit one of each Pok\u00e9mon\n|rule|Item Clause: Limit one of each item\n|clearpoke\n|poke|p1|Ting-Lu, L50|\n|poke|p1|Rotom-Wash, L50|\n|poke|p1|Amoonguss, L50, F|\n|poke|p1|Arcanine, L50, F|\n|poke|p1|Flutter Mane, L50|\n|poke|p1|Chien-Pao, L50|\n|poke|p2|Blissey, L50, F|\n|poke|p2|Corviknight, L50, M|\n|poke|p2|Dondozo, L50, M|\n|poke|p2|Tatsugiri-Stretchy, L50, F|\n|poke|p2|Chi-Yu, L50|\n|poke|p2|Pawmot, L50, M|\n|teampreview|4\nAnimeRedneck rejected open team sheets.\n|\n|t:|1682683141\n|start\n|switch|p1a: Rotom|Rotom-Wash, L50|100\/100\n|switch|p1b: Ting-Lu|Ting-Lu, L50|100\/100\n|switch|p2a: Cheerwine|Blissey, L50, F, shiny|100\/100\n|switch|p2b: Barq\u2019s|Dondozo, L50, M|100\/100\n|-ability|p1b: Ting-Lu|Vessel of Ruin\n|turn|1\n|\n|t:|1682683167\n|-terastallize|p2b: Barq\u2019s|Grass\n|move|p1a: Rotom|Thunderbolt|p2b: Barq\u2019s\n|-resisted|p2b: Barq\u2019s\n|-damage|p2b: Barq\u2019s|87\/100\n|move|p2b: Barq\u2019s|Waterfall|p1b: Ting-Lu\n|-supereffective|p1b: Ting-Lu\n|-damage|p1b: Ting-Lu|67\/100\n|move|p2a: Cheerwine|Skill Swap|p2b: Barq\u2019s\n|-activate|p2a: Cheerwine|move: Skill Swap|||[of] p2b: Barq\u2019s\n|move|p1b: Ting-Lu|Tera Blast|p2b: Barq\u2019s\n|-damage|p2b: Barq\u2019s|77\/100\n|\n|upkeep\n|turn|2\n|\n|t:|1682683200\n|switch|p1a: Arcanine|Arcanine, L50, F|100\/100\n|-ability|p1a: Arcanine|Intimidate|boost\n|-unboost|p2a: Cheerwine|atk|1\n|-unboost|p2b: Barq\u2019s|atk|1\n|switch|p1b: Amoonguss|Amoonguss, L50, F|100\/100\n|move|p2b: Barq\u2019s|Rock Slide|p1a: Arcanine|[spread] p1a,p1b\n|-supereffective|p1a: Arcanine\n|-damage|p1a: Arcanine|84\/100\n|-damage|p1b: Amoonguss|93\/100\n|move|p2a: Cheerwine|Thunder Wave|p1b: Amoonguss\n|-status|p1b: Amoonguss|par\n|\n|upkeep\n|turn|3\n|l|\u2606hisanory\n|player|p1|\n|inactive|Battle timer is ON: inactive players will automatically lose when time's up. (requested by AnimeRedneck)\n|inactive|hisanory has 30 seconds to reconnect!\n|j|\u2606hisanory\n|inactive|hisanory reconnected and has 55 seconds left.\n|player|p1|hisanory|169\n|\n|t:|1682683340\n|move|p2b: Barq\u2019s|Protect|p2b: Barq\u2019s\n|-singleturn|p2b: Barq\u2019s|Protect\n|move|p1a: Arcanine|Flare Blitz|p2b: Barq\u2019s\n|-activate|p2b: Barq\u2019s|move: Protect\n|move|p2a: Cheerwine|Thunder Wave|p1a: Arcanine\n|-status|p1a: Arcanine|par\n|move|p1b: Amoonguss|Spore|p2a: Cheerwine\n|-status|p2a: Cheerwine|slp|[from] move: Spore\n|\n|upkeep\n|turn|4\n|\n|t:|1682683358\n|switch|p2a: Sprite|Tatsugiri-Stretchy, L50, F|100\/100\n|-activate|p2a: Sprite|ability: Commander|[of] p2b: Barq\u2019s\n|-boost|p2b: Barq\u2019s|atk|2\n|-boost|p2b: Barq\u2019s|spa|2\n|-boost|p2b: Barq\u2019s|spe|2\n|-boost|p2b: Barq\u2019s|def|2\n|-boost|p2b: Barq\u2019s|spd|2\n|move|p2b: Barq\u2019s|Waterfall|p1a: Arcanine\n|-supereffective|p1a: Arcanine\n|-damage|p1a: Arcanine|7\/100 par\n|-enditem|p1a: Arcanine|Sitrus Berry|[eat]\n|-heal|p1a: Arcanine|32\/100 par|[from] item: Sitrus Berry\n|move|p1a: Arcanine|Flare Blitz|p2b: Barq\u2019s\n|-supereffective|p2b: Barq\u2019s\n|-damage|p2b: Barq\u2019s|45\/100\n|-damage|p1a: Arcanine|20\/100 par|[from] Recoil\n|move|p1b: Amoonguss|Spore|p2b: Barq\u2019s\n|-immune|p2b: Barq\u2019s\n|\n|upkeep\n|turn|5\n|inactive|hisanory has 30 seconds left.\n|inactive|hisanory has 20 seconds left.\n|\n|t:|1682683394\n|move|p1b: Amoonguss|Rage Powder|p1b: Amoonguss\n|-singleturn|p1b: Amoonguss|move: Rage Powder\n|move|p2b: Barq\u2019s|Rock Slide|p1b: Amoonguss|[spread] p1a,p1b\n|-supereffective|p1a: Arcanine\n|-damage|p1a: Arcanine|0 fnt\n|-damage|p1b: Amoonguss|76\/100 par\n|faint|p1a: Arcanine\n|\n|upkeep\n|\n|t:|1682683412\n|switch|p1a: Rotom|Rotom-Wash, L50|100\/100\n|turn|6\n|\n|t:|1682683427\n|move|p1a: Rotom|Protect|p1a: Rotom\n|-singleturn|p1a: Rotom|Protect\n|move|p2b: Barq\u2019s|Rock Slide|p1b: Amoonguss|[spread] \n|-activate|p1a: Rotom|move: Protect\n|-miss|p2b: Barq\u2019s|p1b: Amoonguss\n|cant|p1b: Amoonguss|par\n|\n|upkeep\n|turn|7\n|inactive|hisanory has 30 seconds left.\n|\n|t:|1682683456\n|switch|p1b: Ting-Lu|Ting-Lu, L50|67\/100\n|-ability|p1b: Ting-Lu|Vessel of Ruin\n|move|p2b: Barq\u2019s|Rock Slide|p1a: Rotom|[spread] p1a,p1b\n|-resisted|p1b: Ting-Lu\n|-damage|p1a: Rotom|82\/100\n|-damage|p1b: Ting-Lu|61\/100\n|cant|p1a: Rotom|flinch\n|\n|upkeep\n|turn|8\n|inactive|hisanory has 30 seconds left.\n|\n|t:|1682683484\n|move|p1a: Rotom|Helping Hand|p1b: Ting-Lu\n|-singleturn|p1b: Ting-Lu|Helping Hand|[of] p1a: Rotom\n|move|p2b: Barq\u2019s|Waterfall|p1b: Ting-Lu\n|-supereffective|p1b: Ting-Lu\n|-damage|p1b: Ting-Lu|8\/100\n|move|p1b: Ting-Lu|Stomping Tantrum|p2b: Barq\u2019s\n|-resisted|p2b: Barq\u2019s\n|-damage|p2b: Barq\u2019s|30\/100\n|\n|upkeep\n|turn|9\n|inactive|hisanory has 30 seconds left.\n|\n|t:|1682683510\n|move|p2b: Barq\u2019s|Rock Slide|p1a: Rotom|[spread] p1a,p1b\n|-resisted|p1b: Ting-Lu\n|-damage|p1a: Rotom|64\/100\n|-damage|p1b: Ting-Lu|2\/100\n|cant|p1a: Rotom|flinch\n|cant|p1b: Ting-Lu|flinch\n|\n|upkeep\n|turn|10\n|\n|t:|1682683526\n|switch|p1b: Amoonguss|Amoonguss, L50, F|100\/100 par\n|move|p2b: Barq\u2019s|Rock Slide|p1a: Rotom|[spread] p1a,p1b\n|-crit|p1a: Rotom\n|-damage|p1a: Rotom|33\/100\n|-damage|p1b: Amoonguss|85\/100 par\n|move|p1a: Rotom|Thunderbolt|p2b: Barq\u2019s\n|-resisted|p2b: Barq\u2019s\n|-damage|p2b: Barq\u2019s|22\/100\n|-status|p2b: Barq\u2019s|par\n|-enditem|p2b: Barq\u2019s|Lum Berry|[eat]\n|-curestatus|p2b: Barq\u2019s|par|[msg]\n|\n|upkeep\n|turn|11\n|\n|t:|1682683544\n|move|p1a: Rotom|Helping Hand|p1b: Amoonguss\n|-singleturn|p1b: Amoonguss|Helping Hand|[of] p1a: Rotom\n|move|p2b: Barq\u2019s|Rock Slide|p1a: Rotom|[spread] p1a,p1b\n|-damage|p1a: Rotom|13\/100\n|-damage|p1b: Amoonguss|69\/100 par\n|move|p1b: Amoonguss|Pollen Puff|p2b: Barq\u2019s\n|-supereffective|p2b: Barq\u2019s\n|-damage|p2b: Barq\u2019s|0 fnt\n|faint|p2b: Barq\u2019s\n|\n|upkeep\n|\n|t:|1682683565\n|switch|p2b: Pawmot|Pawmot, L50, M|100\/100\n|turn|12\n|inactive|hisanory has 30 seconds left.\n|\n|t:|1682683600\n|move|p2a: Sprite|Icy Wind|p1a: Rotom|[spread] p1a,p1b\n|-resisted|p1a: Rotom\n|-supereffective|p1b: Amoonguss\n|-damage|p1a: Rotom|7\/100\n|-damage|p1b: Amoonguss|47\/100 par\n|-unboost|p1a: Rotom|spe|1\n|-unboost|p1b: Amoonguss|spe|1\n|move|p2b: Pawmot|Revival Blessing|p2b: Pawmot\n|\n|t:|1682683610\n|-heal|p2: Barq\u2019s|50\/100|[from] move: Revival Blessing\n|move|p1a: Rotom|Thunderbolt|p2a: Sprite\n|-damage|p2a: Sprite|54\/100\n|move|p1b: Amoonguss|Pollen Puff|p1a: Rotom\n|-heal|p1a: Rotom|57\/100\n|\n|upkeep\n|turn|13\n|\n|t:|1682683625\n|move|p2a: Sprite|Icy Wind|p1a: Rotom|[spread] p1a,p1b\n|-resisted|p1a: Rotom\n|-supereffective|p1b: Amoonguss\n|-damage|p1a: Rotom|50\/100\n|-damage|p1b: Amoonguss|24\/100 par\n|-unboost|p1a: Rotom|spe|1\n|-unboost|p1b: Amoonguss|spe|1\n|move|p2b: Pawmot|Double Shock|p1a: Rotom\n|-damage|p1a: Rotom|0 fnt\n|-start|p2b: Pawmot|typechange|???\/Fighting|[from] move: Double Shock\n|faint|p1a: Rotom\n|move|p1b: Amoonguss|Pollen Puff|p1: Rotom|[notarget]\n|-fail|p1b: Amoonguss\n|\n|upkeep\n|\n|t:|1682683635\n|switch|p1a: Ting-Lu|Ting-Lu, L50|2\/100\n|-ability|p1a: Ting-Lu|Vessel of Ruin\n|turn|14\n|\n|t:|1682683647\n|cant|p1b: Amoonguss|par\n|move|p2a: Sprite|Icy Wind|p1b: Amoonguss|[spread] p1a,p1b\n|-supereffective|p1a: Ting-Lu\n|-supereffective|p1b: Amoonguss\n|-damage|p1a: Ting-Lu|0 fnt\n|-damage|p1b: Amoonguss|5\/100 par\n|-unboost|p1b: Amoonguss|spe|1\n|faint|p1a: Ting-Lu\n|move|p2b: Pawmot|Close Combat|p1b: Amoonguss\n|-resisted|p1b: Amoonguss\n|-damage|p1b: Amoonguss|0 fnt\n|-unboost|p2b: Pawmot|def|1\n|-unboost|p2b: Pawmot|spd|1\n|-damage|p2b: Pawmot|84\/100|[from] item: Rocky Helmet|[of] p1b: Amoonguss\n|faint|p1b: Amoonguss\n|\n|win|AnimeRedneck\n|raw|hisanory's rating: 1051 → 1033<\/strong> (-18 for losing)\n|raw|AnimeRedneck's rating: 1052 → 1084<\/strong> (+32 for winning)\n|l|\u2606hisanory\n","uploadtime":1682683660,"views":11,"p1id":"hisanory","p2id":"animeredneck","formatid":"gen9vgc2023regulationc","rating":1033,"private":0,"password":""}