{"id":"gen9vgc2023regulationc-1857574648","p1":"Shnipe_Cizy","p2":"Taunt Heracross","format":"[Gen 9] VGC 2023 Regulation C","log":"|j|\u2606Shnipe_Cizy\n|j|\u2606Taunt Heracross\n|t:|1683209624\n|gametype|doubles\n|player|p1|Shnipe_Cizy|ghetsis|1230\n|player|p2|Taunt Heracross|266|1314\n|teamsize|p1|6\n|teamsize|p2|6\n|gen|9\n|tier|[Gen 9] VGC 2023 Regulation C\n|rated|\n|rule|Species Clause: Limit one of each Pok\u00e9mon\n|rule|Item Clause: Limit one of each item\n|clearpoke\n|poke|p1|Palafin, L50, M|\n|poke|p1|Arcanine, L50, M|\n|poke|p1|Baxcalibur, L50, F|\n|poke|p1|Ting-Lu, L50|\n|poke|p1|Amoonguss, L50, F|\n|poke|p1|Flutter Mane, L50|\n|poke|p2|Amoonguss, L50, F|\n|poke|p2|Palafin, L50, M|\n|poke|p2|Arcanine, L50, F|\n|poke|p2|Flutter Mane, L50|\n|poke|p2|Ting-Lu, L50|\n|poke|p2|Baxcalibur, L50, F|\n|teampreview|4\n|\n|t:|1683209656\n|start\n|switch|p1a: Palafin|Palafin, L50, M|100\/100\n|switch|p1b: Ting-Lu|Ting-Lu, L50|100\/100\n|switch|p2a: Palafin|Palafin, L50, M|100\/100\n|switch|p2b: Baxcalibur|Baxcalibur, L50, F|100\/100\n|-ability|p1b: Ting-Lu|Vessel of Ruin\n|turn|1\n|\n|t:|1683209671\n|detailschange|p2a: Palafin|Palafin-Hero, L50, M\n|switch|p2a: Arcanine|Arcanine, L50, F|100\/100\n|-ability|p2a: Arcanine|Intimidate|boost\n|-unboost|p1a: Palafin|atk|1\n|-unboost|p1b: Ting-Lu|atk|1\n|detailschange|p1a: Palafin|Palafin-Hero, L50, M\n|switch|p1a: Baxcalibur|Baxcalibur, L50, F|100\/100\n|-terastallize|p1b: Ting-Lu|Water\n|move|p2b: Baxcalibur|Icicle Crash|p1b: Ting-Lu\n|-resisted|p1b: Ting-Lu\n|-damage|p1b: Ting-Lu|86\/100\n|move|p1b: Ting-Lu|Ruination|p2b: Baxcalibur|[miss]\n|-miss|p1b: Ting-Lu|p2b: Baxcalibur\n|\n|upkeep\n|turn|2\n|\n|t:|1683209698\n|-terastallize|p2b: Baxcalibur|Poison\n|move|p1a: Baxcalibur|Icicle Crash|p2b: Baxcalibur\n|-damage|p2b: Baxcalibur|58\/100\n|move|p2a: Arcanine|Howl|p2a: Arcanine|[spread] p2a,p2b\n|-boost|p2a: Arcanine|atk|1\n|-boost|p2b: Baxcalibur|atk|1\n|move|p2b: Baxcalibur|Glaive Rush|p1a: Baxcalibur\n|-supereffective|p1a: Baxcalibur\n|-damage|p1a: Baxcalibur|0 fnt\n|-singlemove|p2b: Baxcalibur|Glaive Rush|[silent]\n|faint|p1a: Baxcalibur\n|move|p1b: Ting-Lu|Heavy Slam|p2b: Baxcalibur\n|-damage|p2b: Baxcalibur|29\/100\n|\n|upkeep\n|\n|t:|1683209714\n|switch|p1a: Palafin|Palafin-Hero, L50, M|100\/100\n|-activate|p1a: Palafin|ability: Zero to Hero\n|turn|3\n|\n|t:|1683209721\n|move|p1a: Palafin|Protect|p1a: Palafin\n|-singleturn|p1a: Palafin|Protect\n|move|p2b: Baxcalibur|Protect|p2b: Baxcalibur\n|-singleturn|p2b: Baxcalibur|Protect\n|move|p2a: Arcanine|Will-O-Wisp|p1a: Palafin\n|-activate|p1a: Palafin|move: Protect\n|move|p1b: Ting-Lu|Taunt|p2a: Arcanine\n|-start|p2a: Arcanine|move: Taunt\n|\n|upkeep\n|turn|4\n|\n|t:|1683209744\n|switch|p2a: Palafin|Palafin-Hero, L50, M|100\/100\n|-activate|p2a: Palafin|ability: Zero to Hero\n|move|p1a: Palafin|Jet Punch|p2b: Baxcalibur\n|-damage|p2b: Baxcalibur|0 fnt\n|faint|p2b: Baxcalibur\n|move|p1b: Ting-Lu|Ruination|p2a: Palafin\n|-damage|p2a: Palafin|50\/100\n|\n|upkeep\n|\n|t:|1683209754\n|switch|p2b: Flutter Mane|Flutter Mane, L50|100\/100\n|turn|5\n|\n|t:|1683209768\n|move|p1a: Palafin|Protect|p1a: Palafin\n|-singleturn|p1a: Palafin|Protect\n|move|p2b: Flutter Mane|Moonblast|p1a: Palafin\n|-activate|p1a: Palafin|move: Protect\n|move|p2a: Palafin|Wave Crash|p1b: Ting-Lu\n|-resisted|p1b: Ting-Lu\n|-damage|p1b: Ting-Lu|59\/100\n|-damage|p2a: Palafin|39\/100|[from] Recoil\n|move|p1b: Ting-Lu|Heavy Slam|p2b: Flutter Mane\n|-supereffective|p2b: Flutter Mane\n|-damage|p2b: Flutter Mane|21\/100\n|\n|upkeep\n|turn|6\n|\n|t:|1683209786\n|move|p1a: Palafin|Jet Punch|p2b: Flutter Mane\n|-damage|p2b: Flutter Mane|0 fnt\n|faint|p2b: Flutter Mane\n|-end|p2b: Flutter Mane|Protosynthesis|[silent]\n|move|p2a: Palafin|Wave Crash|p1b: Ting-Lu\n|-resisted|p1b: Ting-Lu\n|-damage|p1b: Ting-Lu|30\/100\n|-damage|p2a: Palafin|27\/100|[from] Recoil\n|move|p1b: Ting-Lu|Stomping Tantrum|p2a: Palafin\n|-damage|p2a: Palafin|5\/100\n|\n|upkeep\n|-message|Taunt Heracross forfeited.\n|\n|win|Shnipe_Cizy\n|raw|Shnipe_Cizy's rating: 1230 → 1261<\/strong> (+31 for winning)\n|raw|Taunt Heracross's rating: 1314 → 1289<\/strong> (-25 for losing)\n|l|\u2606Taunt Heracross\n","uploadtime":1683209811,"views":13,"p1id":"shnipecizy","p2id":"tauntheracross","formatid":"gen9vgc2023regulationc","rating":1261,"private":0,"password":""}