{"id":"gen9vgc2023regulationc-1855866963","p1":"Jacobnaut","p2":"awitaHoH","format":"[Gen 9] VGC 2023 Regulation C","log":"|j|\u2606Jacobnaut\n|j|\u2606awitaHoH\n|t:|1682993685\n|gametype|doubles\n|player|p1|Jacobnaut|2|1220\n|player|p2|awitaHoH|workerice|1151\n|teamsize|p1|6\n|teamsize|p2|6\n|gen|9\n|tier|[Gen 9] VGC 2023 Regulation C\n|rated|\n|rule|Species Clause: Limit one of each Pok\u00e9mon\n|rule|Item Clause: Limit one of each item\n|clearpoke\n|poke|p1|Lycanroc, L50, M|\n|poke|p1|Tyranitar, L50, M|\n|poke|p1|Garchomp, L50, M|\n|poke|p1|Talonflame, L50, F|\n|poke|p1|Gastrodon, L50, F|\n|poke|p1|Dragapult, L50, M|\n|poke|p2|Gholdengo, L50|\n|poke|p2|Amoonguss, L50, M|\n|poke|p2|Arcanine, L50, M|\n|poke|p2|Palafin, L50, M|\n|poke|p2|Pelipper, L50, M|\n|poke|p2|Flutter Mane, L50|\n|teampreview|4\n|\n|t:|1682993749\n|start\n|switch|p1a: Lycanroc|Lycanroc, L50, M|100\/100\n|switch|p1b: Talonflame|Talonflame, L50, F|100\/100\n|switch|p2a: El Bicho|Gholdengo, L50|100\/100\n|switch|p2b: ArcaTen|Arcanine, L50, M|100\/100\n|-ability|p2b: ArcaTen|Intimidate|boost\n|-unboost|p1a: Lycanroc|atk|1\n|-unboost|p1b: Talonflame|atk|1\n|turn|1\n|\n|t:|1682993778\n|switch|p1a: Gastrodon|Gastrodon, L50, F|100\/100\n|switch|p2b: Messi|Amoonguss, L50, M|100\/100\n|move|p1b: Talonflame|Tailwind|p1b: Talonflame\n|-sidestart|p1: Jacobnaut|move: Tailwind\n|move|p2a: El Bicho|Nasty Plot|p2a: El Bicho\n|-boost|p2a: El Bicho|spa|2\n|\n|upkeep\n|turn|2\n|\n|t:|1682993818\n|switch|p1b: Tyranitar|Tyranitar, L50, M|100\/100\n|-weather|Sandstorm|[from] ability: Sand Stream|[of] p1b: Tyranitar\n|-terastallize|p1a: Gastrodon|Fire\n|move|p2b: Messi|Protect|p2b: Messi\n|-singleturn|p2b: Messi|Protect\n|move|p1a: Gastrodon|Earth Power|p2a: El Bicho\n|-supereffective|p2a: El Bicho\n|-damage|p2a: El Bicho|41\/100\n|move|p2a: El Bicho|Shadow Ball|p1b: Tyranitar\n|-resisted|p1b: Tyranitar\n|-crit|p1b: Tyranitar\n|-damage|p1b: Tyranitar|76\/100\n|\n|-weather|Sandstorm|[upkeep]\n|-damage|p1a: Gastrodon|94\/100|[from] Sandstorm\n|-damage|p2b: Messi|95\/100|[from] Sandstorm\n|-heal|p1a: Gastrodon|100\/100|[from] item: Leftovers\n|-heal|p2a: El Bicho|47\/100|[from] item: Leftovers\n|upkeep\n|turn|3\n|\n|t:|1682993850\n|move|p2a: El Bicho|Protect|p2a: El Bicho\n|-singleturn|p2a: El Bicho|Protect\n|move|p1b: Tyranitar|Crunch|p2a: El Bicho\n|-activate|p2a: El Bicho|move: Protect\n|move|p1a: Gastrodon|Yawn|p2b: Messi\n|-start|p2b: Messi|move: Yawn|[of] p1a: Gastrodon\n|move|p2b: Messi|Spore|p1b: Tyranitar\n|-status|p1b: Tyranitar|slp|[from] move: Spore\n|\n|-weather|Sandstorm|[upkeep]\n|-damage|p1a: Gastrodon|94\/100|[from] Sandstorm\n|-damage|p2b: Messi|89\/100|[from] Sandstorm\n|-heal|p1a: Gastrodon|100\/100|[from] item: Leftovers\n|-heal|p2a: El Bicho|54\/100|[from] item: Leftovers\n|upkeep\n|turn|4\n|\n|t:|1682993878\n|switch|p2b: Pelipper|Pelipper, L50, M|100\/100\n|-weather|RainDance|[from] ability: Drizzle|[of] p2b: Pelipper\n|-terastallize|p2a: El Bicho|Water\n|move|p1a: Gastrodon|Earth Power|p2a: El Bicho\n|-damage|p2a: El Bicho|23\/100\n|move|p2a: El Bicho|Shadow Ball|p1a: Gastrodon\n|-damage|p1a: Gastrodon|43\/100\n|cant|p1b: Tyranitar|slp\n|\n|-weather|RainDance|[upkeep]\n|-heal|p1a: Gastrodon|49\/100|[from] item: Leftovers\n|-heal|p2a: El Bicho|30\/100|[from] item: Leftovers\n|-sideend|p1: Jacobnaut|move: Tailwind\n|upkeep\n|turn|5\n|\n|t:|1682993917\n|switch|p1b: Talonflame|Talonflame, L50, F|100\/100\n|move|p2a: El Bicho|Protect|p2a: El Bicho\n|-singleturn|p2a: El Bicho|Protect\n|move|p2b: Pelipper|Hurricane|p1a: Gastrodon\n|-damage|p1a: Gastrodon|11\/100\n|move|p1a: Gastrodon|Recover|p1a: Gastrodon\n|-heal|p1a: Gastrodon|61\/100\n|\n|-weather|RainDance|[upkeep]\n|-heal|p2a: El Bicho|36\/100|[from] item: Leftovers\n|-heal|p1a: Gastrodon|67\/100|[from] item: Leftovers\n|upkeep\n|turn|6\n|\n|t:|1682993946\n|move|p2a: El Bicho|Protect||[still]\n|-fail|p2a: El Bicho\n|move|p1b: Talonflame|Brave Bird|p2a: El Bicho\n|-damage|p2a: El Bicho|0 fnt\n|faint|p2a: El Bicho\n|-damage|p1b: Talonflame|86\/100|[from] Recoil\n|move|p2b: Pelipper|Hurricane|p1b: Talonflame\n|-damage|p1b: Talonflame|12\/100\n|move|p1a: Gastrodon|Recover|p1a: Gastrodon\n|-heal|p1a: Gastrodon|100\/100\n|\n|-weather|RainDance|[upkeep]\n|upkeep\n|\n|t:|1682993960\n|switch|p2a: Messi|Amoonguss, L50, M|100\/100\n|turn|7\n|\n|t:|1682993972\n|move|p1b: Talonflame|Tailwind|p1b: Talonflame\n|-sidestart|p1: Jacobnaut|move: Tailwind\n|move|p1a: Gastrodon|Yawn|p2a: Messi\n|-start|p2a: Messi|move: Yawn|[of] p1a: Gastrodon\n|move|p2b: Pelipper|Hurricane|p1b: Talonflame\n|-damage|p1b: Talonflame|0 fnt\n|faint|p1b: Talonflame\n|move|p2a: Messi|Spore|p1a: Gastrodon\n|-status|p1a: Gastrodon|slp|[from] move: Spore\n|\n|-weather|RainDance|[upkeep]\n|upkeep\n|\n|t:|1682993986\n|switch|p1b: Tyranitar|Tyranitar, L50, M|76\/100 slp\n|-weather|Sandstorm|[from] ability: Sand Stream|[of] p1b: Tyranitar\n|turn|8\n|\n|t:|1682994002\n|switch|p2a: ArcaTen|Arcanine, L50, M|100\/100\n|-ability|p2a: ArcaTen|Intimidate|boost\n|-unboost|p1a: Gastrodon|atk|1\n|-unboost|p1b: Tyranitar|atk|1\n|cant|p1a: Gastrodon|slp\n|move|p2b: Pelipper|Tailwind|p2b: Pelipper\n|-sidestart|p2: awitaHoH|move: Tailwind\n|cant|p1b: Tyranitar|slp\n|\n|-weather|Sandstorm|[upkeep]\n|-damage|p2b: Pelipper|95\/100|[from] Sandstorm\n|-damage|p1a: Gastrodon|94\/100 slp|[from] Sandstorm\n|-heal|p1a: Gastrodon|100\/100 slp|[from] item: Leftovers\n|upkeep\n|turn|9\n|\n|t:|1682994018\n|switch|p2b: Messi|Amoonguss, L50, M|100\/100\n|move|p2a: ArcaTen|Snarl|p1b: Tyranitar|[spread] p1a,p1b\n|-resisted|p1b: Tyranitar\n|-damage|p1a: Gastrodon|95\/100 slp\n|-damage|p1b: Tyranitar|74\/100 slp\n|-unboost|p1a: Gastrodon|spa|1\n|-unboost|p1b: Tyranitar|spa|1\n|-curestatus|p1b: Tyranitar|slp|[msg]\n|move|p1b: Tyranitar|Rock Slide|p2a: ArcaTen|[spread] p2a,p2b\n|-supereffective|p2a: ArcaTen\n|-damage|p2a: ArcaTen|60\/100\n|-damage|p2b: Messi|84\/100\n|cant|p1a: Gastrodon|slp\n|\n|-weather|Sandstorm|[upkeep]\n|-damage|p1a: Gastrodon|89\/100 slp|[from] Sandstorm\n|-damage|p2b: Messi|78\/100|[from] Sandstorm\n|-heal|p1a: Gastrodon|95\/100 slp|[from] item: Leftovers\n|upkeep\n|turn|10\n|\n|t:|1682994042\n|move|p2a: ArcaTen|Protect|p2a: ArcaTen\n|-singleturn|p2a: ArcaTen|Protect\n|move|p1b: Tyranitar|Rock Slide|p2b: Messi|[spread] \n|-activate|p2a: ArcaTen|move: Protect\n|-miss|p1b: Tyranitar|p2b: Messi\n|-curestatus|p1a: Gastrodon|slp|[msg]\n|move|p1a: Gastrodon|Muddy Water|p2b: Messi|[spread] \n|-activate|p2a: ArcaTen|move: Protect\n|-miss|p1a: Gastrodon|p2b: Messi\n|move|p2b: Messi|Spore|p1b: Tyranitar\n|-status|p1b: Tyranitar|slp|[from] move: Spore\n|\n|-weather|Sandstorm|[upkeep]\n|-damage|p1a: Gastrodon|89\/100|[from] Sandstorm\n|-damage|p2b: Messi|72\/100|[from] Sandstorm\n|-heal|p1a: Gastrodon|95\/100|[from] item: Leftovers\n|-sideend|p1: Jacobnaut|move: Tailwind\n|upkeep\n|turn|11\n|\n|t:|1682994082\n|switch|p2a: Pelipper|Pelipper, L50, M|95\/100\n|-weather|RainDance|[from] ability: Drizzle|[of] p2a: Pelipper\n|switch|p1b: Lycanroc|Lycanroc, L50, M|100\/100\n|move|p2b: Messi|Spore|p1a: Gastrodon\n|-status|p1a: Gastrodon|slp|[from] move: Spore\n|cant|p1a: Gastrodon|slp\n|\n|-weather|RainDance|[upkeep]\n|-heal|p1a: Gastrodon|100\/100 slp|[from] item: Leftovers\n|-sideend|p2: awitaHoH|move: Tailwind\n|upkeep\n|turn|12\n|\n|t:|1682994107\n|switch|p2a: ArcaTen|Arcanine, L50, M|60\/100\n|-ability|p2a: ArcaTen|Intimidate|boost\n|-unboost|p1a: Gastrodon|atk|1\n|-unboost|p1b: Lycanroc|atk|1\n|switch|p1a: Tyranitar|Tyranitar, L50, M|74\/100 slp\n|-weather|Sandstorm|[from] ability: Sand Stream|[of] p1a: Tyranitar\n|move|p1b: Lycanroc|Rock Slide|p2a: ArcaTen|[spread] p2a,p2b\n|-supereffective|p2a: ArcaTen\n|-damage|p2a: ArcaTen|23\/100\n|-damage|p2b: Messi|57\/100\n|move|p2b: Messi|Spore|p1b: Lycanroc\n|-status|p1b: Lycanroc|slp|[from] move: Spore\n|\n|-weather|Sandstorm|[upkeep]\n|-damage|p2b: Messi|51\/100|[from] Sandstorm\n|upkeep\n|turn|13\n|\n|t:|1682994134\n|cant|p1b: Lycanroc|slp\n|move|p2a: ArcaTen|Flare Blitz|p1b: Lycanroc\n|-resisted|p1b: Lycanroc\n|-crit|p1b: Lycanroc\n|-damage|p1b: Lycanroc|46\/100 slp\n|-damage|p2a: ArcaTen|8\/100|[from] Recoil\n|move|p2b: Messi|Pollen Puff|p2a: ArcaTen\n|-heal|p2a: ArcaTen|58\/100\n|cant|p1a: Tyranitar|slp\n|\n|-weather|Sandstorm|[upkeep]\n|-damage|p2b: Messi|45\/100|[from] Sandstorm\n|-enditem|p2b: Messi|Sitrus Berry|[eat]\n|-heal|p2b: Messi|70\/100|[from] item: Sitrus Berry\n|upkeep\n|turn|14\n|\n|t:|1682994162\n|switch|p2a: Pelipper|Pelipper, L50, M|95\/100\n|-weather|RainDance|[from] ability: Drizzle|[of] p2a: Pelipper\n|cant|p1b: Lycanroc|slp\n|cant|p1a: Tyranitar|slp\n|move|p2b: Messi|Pollen Puff|p2a: Pelipper\n|-heal|p2a: Pelipper|100\/100\n|\n|-weather|RainDance|[upkeep]\n|upkeep\n|turn|15\n|\n|t:|1682994185\n|switch|p1a: Gastrodon|Gastrodon, L50, F, tera:Fire|100\/100 slp\n|switch|p2b: ArcaTen|Arcanine, L50, M|58\/100\n|-ability|p2b: ArcaTen|Intimidate|boost\n|-unboost|p1a: Gastrodon|atk|1\n|-unboost|p1b: Lycanroc|atk|1\n|-curestatus|p1b: Lycanroc|slp|[msg]\n|move|p1b: Lycanroc|Protect|p1b: Lycanroc\n|-singleturn|p1b: Lycanroc|Protect\n|move|p2a: Pelipper|Hurricane|p1b: Lycanroc\n|-activate|p1b: Lycanroc|move: Protect\n|\n|-weather|RainDance|[upkeep]\n|upkeep\n|turn|16\n|\n|t:|1682994225\n|switch|p2a: Messi|Amoonguss, L50, M|100\/100\n|move|p2b: ArcaTen|Protect|p2b: ArcaTen\n|-singleturn|p2b: ArcaTen|Protect\n|move|p1b: Lycanroc|Rock Slide|p2b: ArcaTen|[spread] \n|-activate|p2b: ArcaTen|move: Protect\n|-miss|p1b: Lycanroc|p2a: Messi\n|cant|p1a: Gastrodon|slp\n|\n|-weather|RainDance|[upkeep]\n|upkeep\n|turn|17\n|\n|t:|1682994248\n|switch|p1b: Tyranitar|Tyranitar, L50, M|74\/100 slp\n|-weather|Sandstorm|[from] ability: Sand Stream|[of] p1b: Tyranitar\n|switch|p2b: Pelipper|Pelipper, L50, M|100\/100\n|-weather|RainDance|[from] ability: Drizzle|[of] p2b: Pelipper\n|-curestatus|p1a: Gastrodon|slp|[msg]\n|move|p1a: Gastrodon|Muddy Water|p2a: Messi|[spread] p2b\n|-miss|p1a: Gastrodon|p2a: Messi\n|-resisted|p2b: Pelipper\n|-damage|p2b: Pelipper|70\/100\n|move|p2a: Messi|Spore|p1b: Tyranitar\n|-fail|p1b: Tyranitar|slp\n|\n|-weather|RainDance|[upkeep]\n|upkeep\n|turn|18\n|\n|t:|1682994292\n|move|p2b: Pelipper|Protect|p2b: Pelipper\n|-singleturn|p2b: Pelipper|Protect\n|move|p1a: Gastrodon|Muddy Water|p2a: Messi|[spread] p2a\n|-activate|p2b: Pelipper|move: Protect\n|-resisted|p2a: Messi\n|-damage|p2a: Messi|86\/100\n|move|p2a: Messi|Spore|p1b: Tyranitar\n|-fail|p1b: Tyranitar|slp\n|-curestatus|p1b: Tyranitar|slp|[msg]\n|move|p1b: Tyranitar|Avalanche|p2a: Messi\n|-supereffective|p2a: Messi\n|-damage|p2a: Messi|46\/100\n|\n|-weather|RainDance|[upkeep]\n|upkeep\n|turn|19\n|\n|t:|1682994315\n|switch|p2a: ArcaTen|Arcanine, L50, M|58\/100\n|-ability|p2a: ArcaTen|Intimidate|boost\n|-unboost|p1a: Gastrodon|atk|1\n|-unboost|p1b: Tyranitar|atk|1\n|move|p2b: Pelipper|Hurricane|p1b: Tyranitar\n|-resisted|p1b: Tyranitar\n|-damage|p1b: Tyranitar|59\/100\n|move|p1b: Tyranitar|Rock Slide|p2a: ArcaTen|[spread] p2b\n|-miss|p1b: Tyranitar|p2a: ArcaTen\n|-supereffective|p2b: Pelipper\n|-damage|p2b: Pelipper|6\/100\n|move|p1a: Gastrodon|Muddy Water|p2b: Pelipper|[spread] p2b\n|-miss|p1a: Gastrodon|p2a: ArcaTen\n|-resisted|p2b: Pelipper\n|-damage|p2b: Pelipper|0 fnt\n|faint|p2b: Pelipper\n|\n|-weather|RainDance|[upkeep]\n|upkeep\n|-message|awitaHoH forfeited.\n|\n|win|Jacobnaut\n|raw|Jacobnaut's rating: 1220 → 1240<\/strong> (+20 for winning)\n|raw|awitaHoH's rating: 1151 → 1131<\/strong> (-20 for losing)\n|l|\u2606awitaHoH\n|l|\u2606Jacobnaut\n|j|\u2606Jacobnaut\n|player|p1|Jacobnaut|2\n","uploadtime":1682994364,"views":19,"p1id":"jacobnaut","p2id":"awitahoh","formatid":"gen9vgc2023regulationc","rating":1131,"private":0,"password":""}