{"id":"gen9vgc2023regulationc-1852281772","p1":"r3gCt3st","p2":"Pink_SSB","format":"[Gen 9] VGC 2023 Regulation C","log":"|j|\u2606r3gCt3st\n|j|\u2606Pink_SSB\n|t:|1682539747\n|gametype|doubles\n|player|p1|r3gCt3st|unknown|1217\n|player|p2|Pink_SSB|169|1211\n|teamsize|p1|6\n|teamsize|p2|6\n|gen|9\n|tier|[Gen 9] VGC 2023 Regulation C\n|rated|\n|rule|Species Clause: Limit one of each Pok\u00e9mon\n|rule|Item Clause: Limit one of each item\n|clearpoke\n|poke|p1|Gyarados, L50, F|\n|poke|p1|Annihilape, L50, F|\n|poke|p1|Ting-Lu, L50|\n|poke|p1|Flutter Mane, L50|\n|poke|p1|Amoonguss, L50, F|\n|poke|p1|Grimmsnarl, L50, M|\n|poke|p2|Palafin, L50, M|\n|poke|p2|Amoonguss, L50, F|\n|poke|p2|Arcanine, L50, M|\n|poke|p2|Ting-Lu, L50|\n|poke|p2|Flutter Mane, L50|\n|poke|p2|Baxcalibur, L50, M|\n|teampreview|4\n|\n|t:|1682539767\n|start\n|switch|p1a: Annihilape|Annihilape, L50, F|100\/100\n|switch|p1b: Grimmsnarl|Grimmsnarl, L50, M|100\/100\n|switch|p2a: Flutter Mane|Flutter Mane, L50|100\/100\n|switch|p2b: Palafin|Palafin, L50, M|100\/100\n|-enditem|p2a: Flutter Mane|Booster Energy\n|-activate|p2a: Flutter Mane|ability: Protosynthesis|[fromitem]\n|-start|p2a: Flutter Mane|protosynthesisspe\n|turn|1\n|\n|t:|1682539780\n|detailschange|p2b: Palafin|Palafin-Hero, L50, M\n|switch|p2b: Amoonguss|Amoonguss, L50, F|100\/100\n|-terastallize|p2a: Flutter Mane|Fairy\n|move|p1a: Annihilape|Protect|p1a: Annihilape\n|-singleturn|p1a: Annihilape|Protect\n|move|p1b: Grimmsnarl|Light Screen|p1b: Grimmsnarl\n|-sidestart|p1: r3gCt3st|move: Light Screen\n|move|p2a: Flutter Mane|Moonblast|p1b: Grimmsnarl\n|-supereffective|p1b: Grimmsnarl\n|-damage|p1b: Grimmsnarl|19\/100\n|\n|upkeep\n|turn|2\n|\n|t:|1682539800\n|-terastallize|p1a: Annihilape|Fire\n|move|p1b: Grimmsnarl|Reflect|p1b: Grimmsnarl\n|-sidestart|p1: r3gCt3st|Reflect\n|move|p2a: Flutter Mane|Moonblast|p1b: Grimmsnarl\n|-supereffective|p1b: Grimmsnarl\n|-damage|p1b: Grimmsnarl|0 fnt\n|faint|p1b: Grimmsnarl\n|move|p1a: Annihilape|Bulk Up|p1a: Annihilape\n|-boost|p1a: Annihilape|atk|1\n|-boost|p1a: Annihilape|def|1\n|move|p2b: Amoonguss|Pollen Puff|p2a: Flutter Mane\n|-immune|p2a: Flutter Mane\n|\n|upkeep\n|\n|t:|1682539807\n|switch|p1b: Amoonguss|Amoonguss, L50, F|100\/100\n|turn|3\n|\n|t:|1682539813\n|move|p2a: Flutter Mane|Protect|p2a: Flutter Mane\n|-singleturn|p2a: Flutter Mane|Protect\n|move|p1a: Annihilape|Bulk Up|p1a: Annihilape\n|-boost|p1a: Annihilape|atk|1\n|-boost|p1a: Annihilape|def|1\n|move|p1b: Amoonguss|Spore|p2a: Flutter Mane\n|-activate|p2a: Flutter Mane|move: Protect\n|move|p2b: Amoonguss|Spore|p1a: Annihilape\n|-immune|p1a: Annihilape|[from] ability: Vital Spirit\n|\n|upkeep\n|turn|4\n|\n|t:|1682539834\n|switch|p2b: Palafin|Palafin-Hero, L50, M|100\/100\n|-activate|p2b: Palafin|ability: Zero to Hero\n|move|p2a: Flutter Mane|Shadow Ball|p1b: Amoonguss\n|-damage|p1b: Amoonguss|75\/100\n|-unboost|p1b: Amoonguss|spd|1\n|move|p1a: Annihilape|Rage Fist|p2a: Flutter Mane\n|-damage|p2a: Flutter Mane|28\/100\n|move|p1b: Amoonguss|Spore|p2b: Palafin\n|-status|p2b: Palafin|slp|[from] move: Spore\n|\n|upkeep\n|turn|5\n|\n|t:|1682539851\n|switch|p1b: Gyarados|Gyarados, L50, F|100\/100\n|-ability|p1b: Gyarados|Intimidate|boost\n|-unboost|p2a: Flutter Mane|atk|1\n|-unboost|p2b: Palafin|atk|1\n|cant|p2b: Palafin|slp\n|move|p2a: Flutter Mane|Shadow Ball|p1b: Gyarados\n|-damage|p1b: Gyarados|76\/100\n|move|p1a: Annihilape|Drain Punch|p2b: Palafin\n|-damage|p2b: Palafin|52\/100 slp\n|\n|upkeep\n|turn|6\n|\n|t:|1682539869\n|switch|p2b: Amoonguss|Amoonguss, L50, F|100\/100\n|move|p2a: Flutter Mane|Icy Wind|p1a: Annihilape|[spread] p1a,p1b\n|-resisted|p1a: Annihilape\n|-damage|p1a: Annihilape|97\/100\n|-damage|p1b: Gyarados|68\/100\n|-unboost|p1a: Annihilape|spe|1\n|-unboost|p1b: Gyarados|spe|1\n|move|p1a: Annihilape|Drain Punch|p2b: Amoonguss\n|-resisted|p2b: Amoonguss\n|-damage|p2b: Amoonguss|71\/100\n|-heal|p1a: Annihilape|100\/100|[from] drain|[of] p2b: Amoonguss\n|move|p1b: Gyarados|Waterfall|p2b: Amoonguss\n|-resisted|p2b: Amoonguss\n|-damage|p2b: Amoonguss|55\/100\n|\n|upkeep\n|turn|7\n|\n|t:|1682539890\n|switch|p1b: Amoonguss|Amoonguss, L50, F|100\/100\n|move|p2a: Flutter Mane|Moonblast|p1b: Amoonguss\n|-resisted|p1b: Amoonguss\n|-damage|p1b: Amoonguss|81\/100\n|move|p1a: Annihilape|Rage Fist|p2b: Amoonguss\n|-damage|p2b: Amoonguss|0 fnt\n|faint|p2b: Amoonguss\n|\n|upkeep\n|\n|t:|1682539899\n|switch|p2b: Palafin|Palafin-Hero, L50, M|52\/100 slp\n|turn|8\n|\n|t:|1682539904\n|switch|p1b: Gyarados|Gyarados, L50, F|68\/100\n|-ability|p1b: Gyarados|Intimidate|boost\n|-unboost|p2a: Flutter Mane|atk|1\n|-unboost|p2b: Palafin|atk|1\n|move|p2a: Flutter Mane|Shadow Ball|p1b: Gyarados\n|-damage|p1b: Gyarados|43\/100\n|cant|p2b: Palafin|slp\n|move|p1a: Annihilape|Rage Fist|p2b: Palafin\n|-damage|p2b: Palafin|0 fnt\n|faint|p2b: Palafin\n|\n|-sideend|p1: r3gCt3st|move: Light Screen\n|upkeep\n|-message|Pink_SSB forfeited.\n|\n|win|r3gCt3st\n|raw|r3gCt3st's rating: 1217 → 1242<\/strong> (+25 for winning)\n|raw|Pink_SSB's rating: 1211 → 1186<\/strong> (-25 for losing)\n|l|\u2606Pink_SSB\n","uploadtime":1682539921,"views":8,"p1id":"r3gct3st","p2id":"pinkssb","formatid":"gen9vgc2023regulationc","rating":1186,"private":0,"password":""}