{"id":"gen9vgc2023regulationc-1852685997","p1":"AnAggressiveTurtle","p2":"amoave","format":"[Gen 9] VGC 2023 Regulation C","log":"|j|\u2606AnAggressiveTurtle\n|j|\u2606amoave\n|t:|1682596257\n|gametype|doubles\n|player|p1|AnAggressiveTurtle|lady|1300\n|player|p2|amoave|2|1360\n|teamsize|p1|6\n|teamsize|p2|6\n|gen|9\n|tier|[Gen 9] VGC 2023 Regulation C\n|rated|\n|rule|Species Clause: Limit one of each Pok\u00e9mon\n|rule|Item Clause: Limit one of each item\n|clearpoke\n|poke|p1|Murkrow, L50, M|\n|poke|p1|Chi-Yu, L50|\n|poke|p1|Flutter Mane, L50|\n|poke|p1|Great Tusk, L50|\n|poke|p1|Brute Bonnet, L50|\n|poke|p1|Corviknight, L50, M|\n|poke|p2|Volcarona, L50, F|\n|poke|p2|Wo-Chien, L50|\n|poke|p2|Chi-Yu, L50|\n|poke|p2|Flutter Mane, L50|\n|poke|p2|Azumarill, L50, M|\n|poke|p2|Sandy Shocks, L50|\n|teampreview|4\n|inactive|Battle timer is ON: inactive players will automatically lose when time's up. (requested by amoave)\namoave has agreed to open team sheets.\nAnAggressiveTurtle rejected open team sheets.\n|inactive|AnAggressiveTurtle has 60 seconds left.\n|inactive|amoave has 60 seconds left.\n|\n|t:|1682596312\n|start\n|switch|p1a: Murkrow|Murkrow, L50, M, shiny|100\/100\n|switch|p1b: Great Tusk|Great Tusk, L50|100\/100\n|switch|p2a: Sandy Shocks|Sandy Shocks, L50|100\/100\n|switch|p2b: Azumarill|Azumarill, L50, M, shiny|100\/100\n|turn|1\n|\n|t:|1682596329\n|move|p1a: Murkrow|Sunny Day|p1a: Murkrow\n|-weather|SunnyDay\n|-activate|p1b: Great Tusk|ability: Protosynthesis\n|-start|p1b: Great Tusk|protosynthesisatk\n|-activate|p2a: Sandy Shocks|ability: Protosynthesis\n|-start|p2a: Sandy Shocks|protosynthesisspa\n|move|p2b: Azumarill|Aqua Jet|p1a: Murkrow\n|-damage|p1a: Murkrow|81\/100\n|move|p1b: Great Tusk|Earthquake|p2a: Sandy Shocks|[spread] p2a,p2b\n|-immune|p1a: Murkrow\n|-supereffective|p2a: Sandy Shocks\n|-enditem|p2a: Sandy Shocks|Focus Sash\n|-damage|p2a: Sandy Shocks|1\/100\n|-damage|p2b: Azumarill|45\/100\n|move|p2a: Sandy Shocks|Thunderbolt|p1a: Murkrow\n|-supereffective|p1a: Murkrow\n|-crit|p1a: Murkrow\n|-damage|p1a: Murkrow|0 fnt\n|faint|p1a: Murkrow\n|\n|-weather|SunnyDay|[upkeep]\n|upkeep\n|\n|t:|1682596350\n|switch|p1a: Flutter Mane|Flutter Mane, L50|100\/100\n|-activate|p1a: Flutter Mane|ability: Protosynthesis\n|-start|p1a: Flutter Mane|protosynthesisspa\n|turn|2\n|\n|t:|1682596367\n|-end|p1b: Great Tusk|Protosynthesis|[silent]\n|switch|p1b: Chi-Yu|Chi-Yu, L50|100\/100\n|-ability|p1b: Chi-Yu|Beads of Ruin\n|move|p2a: Sandy Shocks|Protect|p2a: Sandy Shocks\n|-singleturn|p2a: Sandy Shocks|Protect\n|move|p2b: Azumarill|Aqua Jet|p1b: Chi-Yu\n|-supereffective|p1b: Chi-Yu\n|-damage|p1b: Chi-Yu|39\/100\n|move|p1a: Flutter Mane|Dazzling Gleam|p2a: Sandy Shocks|[spread] p2b\n|-activate|p2a: Sandy Shocks|move: Protect\n|-damage|p2b: Azumarill|0 fnt\n|faint|p2b: Azumarill\n|\n|-weather|SunnyDay|[upkeep]\n|upkeep\n|\n|t:|1682596384\n|switch|p2b: Chi-Yu|Chi-Yu, L50|100\/100\n|-ability|p2b: Chi-Yu|Beads of Ruin\n|turn|3\n|\n|t:|1682596402\n|move|p2b: Chi-Yu|Overheat|p1a: Flutter Mane\n|-damage|p1a: Flutter Mane|0 fnt\n|-unboost|p2b: Chi-Yu|spa|2\n|faint|p1a: Flutter Mane\n|-end|p1a: Flutter Mane|Protosynthesis|[silent]\n|move|p1b: Chi-Yu|Heat Wave|p2a: Sandy Shocks|[spread] p2a,p2b\n|-resisted|p2b: Chi-Yu\n|-damage|p2a: Sandy Shocks|0 fnt\n|-damage|p2b: Chi-Yu|65\/100\n|faint|p2a: Sandy Shocks\n|-end|p2a: Sandy Shocks|Protosynthesis|[silent]\n|-damage|p1b: Chi-Yu|29\/100|[from] item: Life Orb\n|\n|-weather|SunnyDay|[upkeep]\n|upkeep\n|\n|t:|1682596413\n|switch|p1a: Great Tusk|Great Tusk, L50|100\/100\n|switch|p2a: Wo-Chien|Wo-Chien, L50|100\/100\n|-activate|p1a: Great Tusk|ability: Protosynthesis\n|-start|p1a: Great Tusk|protosynthesisatk\n|-ability|p2a: Wo-Chien|Tablets of Ruin\n|turn|4\n|inactive|AnAggressiveTurtle has 30 seconds left.\n|inactive|amoave has 30 seconds left.\n|\n|t:|1682596442\n|-terastallize|p2b: Chi-Yu|Fire\n|move|p2b: Chi-Yu|Overheat|p1b: Chi-Yu\n|-resisted|p1b: Chi-Yu\n|-damage|p1b: Chi-Yu|0 fnt\n|-unboost|p2b: Chi-Yu|spa|2\n|faint|p1b: Chi-Yu\n|move|p1a: Great Tusk|Close Combat|p2a: Wo-Chien\n|-supereffective|p2a: Wo-Chien\n|-damage|p2a: Wo-Chien|0 fnt\n|-unboost|p1a: Great Tusk|def|1\n|-unboost|p1a: Great Tusk|spd|1\n|faint|p2a: Wo-Chien\n|\n|-weather|SunnyDay|[upkeep]\n|upkeep\n|turn|5\n|\n|t:|1682596456\n|move|p2b: Chi-Yu|Overheat|p1a: Great Tusk\n|-damage|p1a: Great Tusk|0 fnt\n|-unboost|p2b: Chi-Yu|spa|2\n|faint|p1a: Great Tusk\n|-end|p1a: Great Tusk|Protosynthesis|[silent]\n|\n|win|amoave\n|raw|AnAggressiveTurtle's rating: 1300 → 1279<\/strong> (-21 for losing)\n|raw|amoave's rating: 1360 → 1377<\/strong> (+17 for winning)\n|l|\u2606AnAggressiveTurtle\n|l|\u2606amoave\n|j|\u2606amoave\n|player|p2|amoave|2\n","uploadtime":1682596485,"views":12,"p1id":"anaggressiveturtle","p2id":"amoave","formatid":"gen9vgc2023regulationc","rating":1279,"private":0,"password":""}