{"id":"gen9vgc2023regulationc-1849644875","p1":"temerence","p2":"Justacasualbattler","format":"[Gen 9] VGC 2023 Regulation C","log":"|j|\u2606temerence\n|j|\u2606Justacasualbattler\n|t:|1682224874\n|gametype|doubles\n|player|p1|temerence|hilbert|1057\n|player|p2|Justacasualbattler|jogger|1000\n|teamsize|p1|6\n|teamsize|p2|6\n|gen|9\n|tier|[Gen 9] VGC 2023 Regulation C\n|rated|\n|rule|Species Clause: Limit one of each Pok\u00e9mon\n|rule|Item Clause: Limit one of each item\n|clearpoke\n|poke|p1|Flutter Mane, L50|\n|poke|p1|Amoonguss, L50, M|\n|poke|p1|Palafin, L50, F|\n|poke|p1|Chien-Pao, L50|\n|poke|p1|Arcanine, L50, M|\n|poke|p1|Dragapult, L50, M|\n|poke|p2|Brute Bonnet, L50|\n|poke|p2|Annihilape, L50, M|\n|poke|p2|Abomasnow, L50, F|\n|poke|p2|Iron Hands, L50|\n|poke|p2|Alomomola, L50, M|\n|poke|p2|Slaking, L50, M|\n|teampreview|4\n|\n|t:|1682224899\n|start\n|switch|p1a: Chien-Pao|Chien-Pao, L50|100\/100\n|switch|p1b: Amoonguss|Amoonguss, L50, M|100\/100\n|switch|p2a: Annoying Piece of-|Brute Bonnet, L50, shiny|100\/100\n|switch|p2b: Dead Black Man|Annihilape, L50, M|100\/100\n|-ability|p1a: Chien-Pao|Sword of Ruin\n|turn|1\n|\n|t:|1682224920\n|-terastallize|p2b: Dead Black Man|Fighting\n|move|p2a: Annoying Piece of-|Rage Powder|p2a: Annoying Piece of-\n|-singleturn|p2a: Annoying Piece of-|move: Rage Powder\n|move|p1b: Amoonguss|Rage Powder|p1b: Amoonguss\n|-singleturn|p1b: Amoonguss|move: Rage Powder\n|move|p1a: Chien-Pao|Sacred Sword|p2a: Annoying Piece of-\n|-supereffective|p2a: Annoying Piece of-\n|-damage|p2a: Annoying Piece of-|43\/100\n|-damage|p1a: Chien-Pao|84\/100|[from] item: Rocky Helmet|[of] p2a: Annoying Piece of-\n|move|p2b: Dead Black Man|Close Combat|p1b: Amoonguss\n|-resisted|p1b: Amoonguss\n|-damage|p1b: Amoonguss|14\/100\n|-unboost|p2b: Dead Black Man|def|1\n|-unboost|p2b: Dead Black Man|spd|1\n|-enditem|p1b: Amoonguss|Sitrus Berry|[eat]\n|-heal|p1b: Amoonguss|39\/100|[from] item: Sitrus Berry\n|\n|upkeep\n|turn|2\n|\n|t:|1682224959\n|move|p1a: Chien-Pao|Protect|p1a: Chien-Pao\n|-singleturn|p1a: Chien-Pao|Protect\n|move|p2a: Annoying Piece of-|Rage Powder|p2a: Annoying Piece of-\n|-singleturn|p2a: Annoying Piece of-|move: Rage Powder\n|move|p2b: Dead Black Man|Close Combat|p1a: Chien-Pao\n|-activate|p1a: Chien-Pao|move: Protect\n|move|p1b: Amoonguss|Pollen Puff|p2b: Dead Black Man\n|-resisted|p2b: Dead Black Man\n|-damage|p2b: Dead Black Man|87\/100\n|\n|upkeep\n|turn|3\n|\n|t:|1682224982\n|move|p1b: Amoonguss|Rage Powder|p1b: Amoonguss\n|-singleturn|p1b: Amoonguss|move: Rage Powder\n|move|p1a: Chien-Pao|Sacred Sword|p2a: Annoying Piece of-\n|-supereffective|p2a: Annoying Piece of-\n|-damage|p2a: Annoying Piece of-|0 fnt\n|-damage|p1a: Chien-Pao|68\/100|[from] item: Rocky Helmet|[of] p2a: Annoying Piece of-\n|faint|p2a: Annoying Piece of-\n|-end|p2a: Annoying Piece of-|Protosynthesis|[silent]\n|move|p2b: Dead Black Man|Close Combat|p1b: Amoonguss\n|-resisted|p1b: Amoonguss\n|-damage|p1b: Amoonguss|0 fnt\n|-unboost|p2b: Dead Black Man|def|1\n|-unboost|p2b: Dead Black Man|spd|1\n|faint|p1b: Amoonguss\n|\n|upkeep\n|\n|t:|1682224996\n|switch|p2a: overweight|Iron Hands, L50, shiny|100\/100\n|switch|p1b: Dragapult|Dragapult, L50, M|100\/100\n|-enditem|p2a: overweight|Booster Energy\n|-activate|p2a: overweight|ability: Quark Drive|[fromitem]\n|-start|p2a: overweight|quarkdriveatk\n|turn|4\n|\n|t:|1682225020\n|switch|p2b: US president|Abomasnow, L50, F, shiny|100\/100\n|-weather|Snow|[from] ability: Snow Warning|[of] p2b: US president\n|move|p1b: Dragapult|U-turn|p2a: overweight\n|-resisted|p2a: overweight\n|-damage|p2a: overweight|85\/100\n|\n|t:|1682225027\n|switch|p1b: Palafin|Palafin, L50, F|100\/100|[from] U-turn\n|move|p1a: Chien-Pao|Ice Spinner|p2b: US president\n|-damage|p2b: US president|58\/100\n|move|p2a: overweight|Ice Punch|p1b: Palafin\n|-resisted|p1b: Palafin\n|-damage|p1b: Palafin|67\/100\n|\n|-weather|Snow|[upkeep]\n|upkeep\n|turn|5\n|\n|t:|1682225048\n|detailschange|p1b: Palafin|Palafin-Hero, L50, F\n|switch|p1b: Dragapult|Dragapult, L50, M|100\/100\n|move|p1a: Chien-Pao|Protect|p1a: Chien-Pao\n|-singleturn|p1a: Chien-Pao|Protect\n|move|p2b: US president|Earth Power|p1b: Dragapult\n|-damage|p1b: Dragapult|65\/100\n|move|p2a: overweight|Drain Punch|p1a: Chien-Pao\n|-activate|p1a: Chien-Pao|move: Protect\n|\n|-weather|Snow|[upkeep]\n|upkeep\n|turn|6\n|\n|t:|1682225079\n|switch|p2b: Dead Black Man|Annihilape, L50, M, tera:Fighting|87\/100\n|-terastallize|p1b: Dragapult|Steel\n|move|p1a: Chien-Pao|Sucker Punch||[still]\n|-fail|p1a: Chien-Pao\n|move|p1b: Dragapult|Phantom Force||[still]\n|-prepare|p1b: Dragapult|Phantom Force\n|move|p2a: overweight|Thunder Punch|p1b: Dragapult|[miss]\n|-miss|p2a: overweight|p1b: Dragapult\n|\n|-weather|Snow|[upkeep]\n|upkeep\n|turn|7\n|\n|t:|1682225100\n|move|p1b: Dragapult|Phantom Force|p2a: overweight|[from]lockedmove\n|-damage|p2a: overweight|29\/100\n|move|p1a: Chien-Pao|Ice Spinner|p2b: Dead Black Man\n|-damage|p2b: Dead Black Man|22\/100\n|move|p2b: Dead Black Man|Drain Punch|p1a: Chien-Pao\n|-supereffective|p1a: Chien-Pao\n|-damage|p1a: Chien-Pao|0 fnt\n|-heal|p2b: Dead Black Man|50\/100|[from] drain|[of] p1a: Chien-Pao\n|faint|p1a: Chien-Pao\n|move|p2a: overweight|Ice Punch|p1b: Dragapult\n|-resisted|p1b: Dragapult\n|-damage|p1b: Dragapult|37\/100\n|-status|p1b: Dragapult|frz\n|\n|-weather|Snow|[upkeep]\n|upkeep\n|\n|t:|1682225115\n|switch|p1a: Palafin|Palafin-Hero, L50, F|67\/100\n|-activate|p1a: Palafin|ability: Zero to Hero\n|turn|8\n|\n|t:|1682225135\n|move|p1a: Palafin|Jet Punch|p2a: overweight\n|-damage|p2a: overweight|0 fnt\n|faint|p2a: overweight\n|-end|p2a: overweight|Quark Drive|[silent]\n|-curestatus|p1b: Dragapult|frz|[msg]\n|move|p1b: Dragapult|Phantom Force||[still]\n|-prepare|p1b: Dragapult|Phantom Force\n|move|p2b: Dead Black Man|Drain Punch|p1a: Palafin\n|-crit|p1a: Palafin\n|-damage|p1a: Palafin|0 fnt\n|-heal|p2b: Dead Black Man|82\/100|[from] drain|[of] p1a: Palafin\n|faint|p1a: Palafin\n|\n|-weather|none\n|upkeep\n|\n|t:|1682225147\n|switch|p2a: US president|Abomasnow, L50, F, shiny|58\/100\n|-weather|Snow|[from] ability: Snow Warning|[of] p2a: US president\n|turn|9\n|\n|t:|1682225154\n|move|p1b: Dragapult|Phantom Force|p2b: Dead Black Man|[from]lockedmove\n|-damage|p2b: Dead Black Man|5\/100\n|move|p2b: Dead Black Man|Drain Punch|p1b: Dragapult\n|-supereffective|p1b: Dragapult\n|-damage|p1b: Dragapult|0 fnt\n|-heal|p2b: Dead Black Man|21\/100|[from] drain|[of] p1b: Dragapult\n|faint|p1b: Dragapult\n|\n|win|Justacasualbattler\n|raw|temerence's rating: 1057 → 1035<\/strong> (-22 for losing)\n|raw|Justacasualbattler's rating: 1000 → 1047<\/strong> (+47 for winning)\n|c|\u2606temerence|gg\n|c|\u2606Justacasualbattler|gg\n|l|\u2606Justacasualbattler\n","uploadtime":1682225172,"views":17,"p1id":"temerence","p2id":"justacasualbattler","formatid":"gen9vgc2023regulationc","rating":1035,"private":0,"password":""}