{"id":"gen9vgc2023regulationc-1856424113","p1":"yabaika","p2":"martinlzrs","format":"[Gen 9] VGC 2023 Regulation C","log":"|j|\u2606yabaika\n|j|\u2606martinlzrs\n|t:|1683060142\n|gametype|doubles\n|player|p1|yabaika|ethan|1111\n|player|p2|martinlzrs|101|1034\n|teamsize|p1|6\n|teamsize|p2|6\n|gen|9\n|tier|[Gen 9] VGC 2023 Regulation C\n|rated|\n|rule|Species Clause: Limit one of each Pok\u00e9mon\n|rule|Item Clause: Limit one of each item\n|clearpoke\n|poke|p1|Torkoal, L50, F|\n|poke|p1|Jumpluff, L50, M|\n|poke|p1|Flutter Mane, L50|\n|poke|p1|Great Tusk, L50|\n|poke|p1|Chien-Pao, L50|\n|poke|p1|Kingambit, L50, M|\n|poke|p2|Lilligant, L50, F|\n|poke|p2|Torkoal, L50, F|\n|poke|p2|Flutter Mane, L50|\n|poke|p2|Kingambit, L50, F|\n|poke|p2|Dragonite, L50, F|\n|poke|p2|Great Tusk, L50|\n|teampreview|4\n|inactive|Battle timer is ON: inactive players will automatically lose when time's up. (requested by yabaika)\n|\n|t:|1683060175\n|start\n|switch|p1a: Great Tusk|Great Tusk, L50|100\/100\n|switch|p1b: Chien-Pao|Chien-Pao, L50|100\/100\n|switch|p2a: TT|Lilligant, L50, F, shiny|100\/100\n|switch|p2b: HOT|Kingambit, L50, F, shiny|100\/100\n|-ability|p1b: Chien-Pao|Sword of Ruin\n|turn|1\n|inactive|martinlzrs has 30 seconds left.\n|\n|t:|1683060208\n|move|p2a: TT|Protect|p2a: TT\n|-singleturn|p2a: TT|Protect\n|move|p1a: Great Tusk|Rock Slide|p2a: TT|[spread] p2b\n|-activate|p2a: TT|move: Protect\n|-resisted|p2b: HOT\n|-damage|p2b: HOT|91\/100\n|move|p1b: Chien-Pao|Ice Spinner|p2a: TT\n|-activate|p2a: TT|move: Protect\n|move|p2b: HOT|Iron Head|p1b: Chien-Pao\n|-supereffective|p1b: Chien-Pao\n|-enditem|p1b: Chien-Pao|Focus Sash\n|-damage|p1b: Chien-Pao|1\/100\n|\n|upkeep\n|turn|2\n|inactive|martinlzrs has 30 seconds left.\n|inactive|martinlzrs has 20 seconds left.\n|inactive|martinlzrs has 15 seconds left.\n|\n|t:|1683060253\n|-end|p1a: Great Tusk|Protosynthesis|[silent]\n|switch|p1a: Torkoal|Torkoal, L50, F|100\/100\n|-weather|SunnyDay|[from] ability: Drought|[of] p1a: Torkoal\n|switch|p2a: Trouble|Great Tusk, L50, shiny|100\/100\n|-activate|p2a: Trouble|ability: Protosynthesis\n|-start|p2a: Trouble|protosynthesisatk\n|move|p1b: Chien-Pao|Protect|p1b: Chien-Pao\n|-singleturn|p1b: Chien-Pao|Protect\n|move|p2b: HOT|Sucker Punch||[still]\n|-fail|p2b: HOT\n|\n|-weather|SunnyDay|[upkeep]\n|upkeep\n|turn|3\n|inactive|yabaika has 30 seconds left.\n|inactive|martinlzrs has 30 seconds left.\n|inactive|martinlzrs has 20 seconds left.\n|inactive|martinlzrs has 15 seconds left.\n|\n|t:|1683060296\n|-terastallize|p2b: HOT|Fire\n|-terastallize|p1a: Torkoal|Flying\n|move|p1b: Chien-Pao|Sucker Punch|p2a: Trouble\n|-resisted|p2a: Trouble\n|-damage|p2a: Trouble|85\/100\n|move|p2b: HOT|Sucker Punch||[still]\n|-fail|p2b: HOT\n|move|p2a: Trouble|Headlong Rush|p1a: Torkoal\n|-immune|p1a: Torkoal\n|move|p1a: Torkoal|Overheat|p2b: HOT\n|-resisted|p2b: HOT\n|-damage|p2b: HOT|72\/100\n|-unboost|p1a: Torkoal|spa|2\n|-enditem|p1a: Torkoal|Eject Pack\n|\n|t:|1683060313\n|switch|p1a: Flutter Mane|Flutter Mane, L50|100\/100\n|-activate|p1a: Flutter Mane|ability: Protosynthesis\n|-start|p1a: Flutter Mane|protosynthesisspe\n|\n|-weather|SunnyDay|[upkeep]\n|upkeep\n|turn|4\n|\n|t:|1683060338\n|switch|p2b: TT|Lilligant, L50, F, shiny|100\/100\n|move|p1b: Chien-Pao|Sucker Punch||[still]\n|-fail|p1b: Chien-Pao\n|move|p1a: Flutter Mane|Moonblast|p2a: Trouble\n|-supereffective|p2a: Trouble\n|-damage|p2a: Trouble|0 fnt\n|faint|p2a: Trouble\n|-end|p2a: Trouble|Protosynthesis|[silent]\n|\n|-weather|SunnyDay|[upkeep]\n|upkeep\n|\n|t:|1683060353\n|switch|p2a: FANCY|Flutter Mane, L50, shiny|100\/100\n|-activate|p2a: FANCY|ability: Protosynthesis\n|-start|p2a: FANCY|protosynthesisspa\n|turn|5\n|\n|t:|1683060370\n|move|p1b: Chien-Pao|Sucker Punch|p2a: FANCY\n|-damage|p2a: FANCY|8\/100\n|move|p2b: TT|After You|p2a: FANCY\n|-activate|p2a: FANCY|move: After You\n|move|p2a: FANCY|Dazzling Gleam|p1b: Chien-Pao|[spread] p1a,p1b\n|-supereffective|p1b: Chien-Pao\n|-damage|p1a: Flutter Mane|36\/100\n|-damage|p1b: Chien-Pao|0 fnt\n|faint|p1b: Chien-Pao\n|move|p1a: Flutter Mane|Moonblast|p2a: FANCY\n|-damage|p2a: FANCY|0 fnt\n|faint|p2a: FANCY\n|-end|p2a: FANCY|Protosynthesis|[silent]\n|\n|-weather|SunnyDay|[upkeep]\n|upkeep\n|\n|t:|1683060393\n|switch|p1b: Torkoal|Torkoal, L50, F, tera:Flying|100\/100\n|switch|p2a: HOT|Kingambit, L50, F, shiny, tera:Fire|72\/100\n|turn|6\n|inactive|martinlzrs has 30 seconds left.\n|\n|t:|1683060424\n|-end|p1a: Flutter Mane|Protosynthesis|[silent]\n|switch|p1a: Great Tusk|Great Tusk, L50|100\/100\n|-activate|p1a: Great Tusk|ability: Protosynthesis\n|-start|p1a: Great Tusk|protosynthesisatk\n|move|p2a: HOT|Sucker Punch||[still]\n|-fail|p2a: HOT\n|move|p2b: TT|Sleep Powder|p1b: Torkoal|[miss]\n|-miss|p2b: TT|p1b: Torkoal\n|move|p1b: Torkoal|Overheat|p2b: TT\n|-supereffective|p2b: TT\n|-enditem|p2b: TT|Focus Sash\n|-damage|p2b: TT|1\/100\n|-unboost|p1b: Torkoal|spa|2\n|\n|-weather|none\n|-end|p1a: Great Tusk|Protosynthesis\n|upkeep\n|turn|7\n|-message|martinlzrs forfeited.\n|\n|win|yabaika\n|raw|yabaika's rating: 1111 → 1131<\/strong> (+20 for winning)\n|raw|martinlzrs's rating: 1034 → 1022<\/strong> (-12 for losing)\n|l|\u2606martinlzrs\n","uploadtime":1683060456,"views":8,"p1id":"yabaika","p2id":"martinlzrs","formatid":"gen9vgc2023regulationc","rating":1022,"private":0,"password":""}