{"id":"gen9vgc2023regulationc-1860887226","p1":"LouisTrainerO","p2":"FBomb09","format":"[Gen 9] VGC 2023 Regulation C","log":"|j|\u2606LouisTrainerO\n|j|\u2606FBomb09\n|t:|1683690681\n|gametype|doubles\n|player|p1|LouisTrainerO|bellelba|1207\n|player|p2|FBomb09|101|1211\n|teamsize|p1|6\n|teamsize|p2|6\n|gen|9\n|tier|[Gen 9] VGC 2023 Regulation C\n|rated|\n|rule|Species Clause: Limit one of each Pok\u00e9mon\n|rule|Item Clause: Limit one of each item\n|clearpoke\n|poke|p1|Hydreigon, L50, M|\n|poke|p1|Hippowdon, L50, M|\n|poke|p1|Gengar, L50, M|\n|poke|p1|Tsareena, L50, F|\n|poke|p1|Maushold, L50|\n|poke|p1|Armarouge, L50, M|\n|poke|p2|Armarouge, L50, M|\n|poke|p2|Garchomp, L50, F|\n|poke|p2|Eelektrik, L50, M|\n|poke|p2|Indeedee-F, L50, F|\n|poke|p2|Murkrow, L50, F|\n|poke|p2|Chi-Yu, L50|\n|teampreview|4\nLouisTrainerO rejected open team sheets.\n|\n|t:|1683690802\n|start\n|switch|p1a: Hydreigon|Hydreigon, L50, M|100\/100\n|switch|p1b: Maushold|Maushold, L50|100\/100\n|switch|p2a: Indeedee|Indeedee-F, L50, F|100\/100\n|switch|p2b: Murkrow|Murkrow, L50, F|100\/100\n|-fieldstart|move: Psychic Terrain|[from] ability: Psychic Surge|[of] p2a: Indeedee\n|turn|1\n|\n|t:|1683690826\n|-terastallize|p2a: Indeedee|Fairy\n|move|p1a: Hydreigon|Protect|p1a: Hydreigon\n|-singleturn|p1a: Hydreigon|Protect\n|move|p2b: Murkrow|Tailwind|p2b: Murkrow\n|-sidestart|p2: FBomb09|move: Tailwind\n|move|p2a: Indeedee|Dazzling Gleam|p1a: Hydreigon|[spread] p1b\n|-activate|p1a: Hydreigon|move: Protect\n|-damage|p1b: Maushold|78\/100\n|move|p1b: Maushold|Super Fang|p2b: Murkrow\n|-damage|p2b: Murkrow|51\/100\n|\n|upkeep\n|turn|2\n|\n|t:|1683690855\n|switch|p1a: Gengar|Gengar, L50, M|100\/100\n|move|p2b: Murkrow|Brave Bird|p1b: Maushold\n|-damage|p1b: Maushold|24\/100\n|-damage|p2b: Murkrow|27\/100|[from] Recoil\n|move|p2a: Indeedee|Dazzling Gleam|p1a: Gengar|[spread] p1a,p1b\n|-resisted|p1a: Gengar\n|-damage|p1a: Gengar|89\/100\n|-damage|p1b: Maushold|0 fnt\n|faint|p1b: Maushold\n|\n|upkeep\n|\n|t:|1683690866\n|switch|p1b: Hippowdon|Hippowdon, L50, M|100\/100\n|-weather|Sandstorm|[from] ability: Sand Stream|[of] p1b: Hippowdon\n|turn|3\n|\n|t:|1683690885\n|move|p2a: Indeedee|Protect|p2a: Indeedee\n|-singleturn|p2a: Indeedee|Protect\n|move|p1a: Gengar|Protect|p1a: Gengar\n|-singleturn|p1a: Gengar|Protect\n|move|p2b: Murkrow|Brave Bird|p1a: Gengar\n|-activate|p1a: Gengar|move: Protect\n|move|p1b: Hippowdon|Heavy Slam|p2a: Indeedee\n|-activate|p2a: Indeedee|move: Protect\n|\n|-weather|Sandstorm|[upkeep]\n|-damage|p2b: Murkrow|21\/100|[from] Sandstorm\n|-damage|p1a: Gengar|83\/100|[from] Sandstorm\n|upkeep\n|turn|4\n|\n|t:|1683690906\n|switch|p2a: Armarouge|Armarouge, L50, M|100\/100\n|move|p2b: Murkrow|Brave Bird|p1a: Gengar\n|-damage|p1a: Gengar|0 fnt\n|faint|p1a: Gengar\n|-damage|p2b: Murkrow|0 fnt|[from] Recoil\n|faint|p2b: Murkrow\n|move|p1b: Hippowdon|Rock Slide|p2a: Armarouge\n|-supereffective|p2a: Armarouge\n|-damage|p2a: Armarouge|58\/100\n|\n|-weather|Sandstorm|[upkeep]\n|-damage|p2a: Armarouge|52\/100|[from] Sandstorm\n|-sideend|p2: FBomb09|move: Tailwind\n|upkeep\n|\n|t:|1683690931\n|switch|p1a: Hydreigon|Hydreigon, L50, M|100\/100\n|switch|p2b: Indeedee|Indeedee-F, L50, F, tera:Fairy|100\/100\n|turn|5\n|\n|t:|1683690956\n|move|p1a: Hydreigon|Protect|p1a: Hydreigon\n|-singleturn|p1a: Hydreigon|Protect\n|move|p2b: Indeedee|Protect|p2b: Indeedee\n|-singleturn|p2b: Indeedee|Protect\n|move|p2a: Armarouge|Energy Ball|p1b: Hippowdon\n|-supereffective|p1b: Hippowdon\n|-damage|p1b: Hippowdon|43\/100\n|-damage|p2a: Armarouge|42\/100|[from] item: Life Orb\n|move|p1b: Hippowdon|Earthquake|p2b: Indeedee|[spread] p2a\n|-activate|p1a: Hydreigon|move: Protect\n|-activate|p2b: Indeedee|move: Protect\n|-supereffective|p2a: Armarouge\n|-damage|p2a: Armarouge|0 fnt\n|faint|p2a: Armarouge\n|\n|-weather|Sandstorm|[upkeep]\n|-damage|p1a: Hydreigon|94\/100|[from] Sandstorm\n|-fieldend|move: Psychic Terrain\n|upkeep\n|\n|t:|1683690975\n|switch|p2a: Chi-Yu|Chi-Yu, L50|100\/100\n|-ability|p2a: Chi-Yu|Beads of Ruin\n|turn|6\n|\n|t:|1683690995\n|-terastallize|p1a: Hydreigon|Water\n|move|p2a: Chi-Yu|Overheat|p1b: Hippowdon\n|-damage|p1b: Hippowdon|0 fnt\n|-unboost|p2a: Chi-Yu|spa|2\n|faint|p1b: Hippowdon\n|move|p1a: Hydreigon|Hydro Pump|p2a: Chi-Yu\n|-supereffective|p2a: Chi-Yu\n|-damage|p2a: Chi-Yu|0 fnt\n|faint|p2a: Chi-Yu\n|-damage|p1a: Hydreigon|85\/100|[from] item: Life Orb\n|move|p2b: Indeedee|Dazzling Gleam|p1a: Hydreigon\n|-damage|p1a: Hydreigon|58\/100\n|\n|-weather|Sandstorm|[upkeep]\n|-damage|p1a: Hydreigon|52\/100|[from] Sandstorm\n|upkeep\n|turn|7\n|\n|t:|1683691017\n|move|p1a: Hydreigon|Hydro Pump|p2b: Indeedee\n|-damage|p2b: Indeedee|51\/100\n|-damage|p1a: Hydreigon|42\/100|[from] item: Life Orb\n|move|p2b: Indeedee|Dazzling Gleam|p1a: Hydreigon\n|-damage|p1a: Hydreigon|11\/100\n|\n|-weather|none\n|upkeep\n|turn|8\n|\n|t:|1683691027\n|move|p2b: Indeedee|Protect|p2b: Indeedee\n|-singleturn|p2b: Indeedee|Protect\n|move|p1a: Hydreigon|Hydro Pump|p2b: Indeedee\n|-activate|p2b: Indeedee|move: Protect\n|\n|upkeep\n|turn|9\n|\n|t:|1683691035\n|move|p1a: Hydreigon|Hydro Pump|p2b: Indeedee|[miss]\n|-miss|p1a: Hydreigon|p2b: Indeedee\n|move|p2b: Indeedee|Dazzling Gleam|p1a: Hydreigon\n|-damage|p1a: Hydreigon|0 fnt\n|faint|p1a: Hydreigon\n|\n|win|FBomb09\n|raw|LouisTrainerO's rating: 1207 → 1182<\/strong> (-25 for losing)\n|raw|FBomb09's rating: 1211 → 1236<\/strong> (+25 for winning)\n|l|\u2606LouisTrainerO\n","uploadtime":1683691208,"views":19,"p1id":"louistrainero","p2id":"fbomb09","formatid":"gen9vgc2023regulationc","rating":1182,"private":0,"password":""}