{"id":"gen9vgc2023regulationc-1859243729","p1":"Charlisito","p2":"RawgDawg69420","format":"[Gen 9] VGC 2023 Regulation C","log":"|j|\u2606Charlisito\n|j|\u2606RawgDawg69420\n|t:|1683422966\n|gametype|doubles\n|player|p1|Charlisito|101|1457\n|player|p2|RawgDawg69420|swimmerf-gen4|1371\n|teamsize|p1|6\n|teamsize|p2|6\n|gen|9\n|tier|[Gen 9] VGC 2023 Regulation C\n|rated|\n|rule|Species Clause: Limit one of each Pok\u00e9mon\n|rule|Item Clause: Limit one of each item\n|clearpoke\n|poke|p1|Bellibolt, L50, F|\n|poke|p1|Palafin, L50, M|\n|poke|p1|Arcanine, L50, M|\n|poke|p1|Amoonguss, L50, M|\n|poke|p1|Flutter Mane, L50|\n|poke|p1|Ting-Lu, L50|\n|poke|p2|Iron Bundle, L50|\n|poke|p2|Amoonguss, L50, M|\n|poke|p2|Abomasnow, L50, M|\n|poke|p2|Chi-Yu, L50|\n|poke|p2|Iron Hands, L50|\n|poke|p2|Dachsbun, L50, M|\n|teampreview|4\nCharlisito has agreed to open team sheets.\n|\n|t:|1683422989\n|start\n|switch|p1a: Bellibolt|Bellibolt, L50, F|100\/100\n|switch|p1b: Palafin|Palafin, L50, M|100\/100\n|switch|p2a: Iron Bundle|Iron Bundle, L50, shiny|100\/100\n|switch|p2b: Abomasnow|Abomasnow, L50, M, shiny|100\/100\n|-weather|Snow|[from] ability: Snow Warning|[of] p2b: Abomasnow\n|turn|1\n|\n|t:|1683423012\n|-terastallize|p2a: Iron Bundle|Ice\n|move|p2b: Abomasnow|Helping Hand|p2a: Iron Bundle\n|-singleturn|p2a: Iron Bundle|Helping Hand|[of] p2b: Abomasnow\n|move|p1b: Palafin|Protect|p1b: Palafin\n|-singleturn|p1b: Palafin|Protect\n|move|p2a: Iron Bundle|Blizzard|p1b: Palafin|[spread] p1a\n|-activate|p1b: Palafin|move: Protect\n|-crit|p1a: Bellibolt\n|-damage|p1a: Bellibolt|0 fnt\n|faint|p1a: Bellibolt\n|\n|-weather|Snow|[upkeep]\n|upkeep\n|\n|t:|1683423017\n|switch|p1a: Arcanine|Arcanine, L50, M|100\/100\n|-ability|p1a: Arcanine|Intimidate|boost\n|-unboost|p2a: Iron Bundle|atk|1\n|-unboost|p2b: Abomasnow|atk|1\n|turn|2\n|\n|t:|1683423057\n|detailschange|p1b: Palafin|Palafin-Hero, L50, M\n|switch|p1b: Flutter Mane|Flutter Mane, L50|100\/100\n|-enditem|p1b: Flutter Mane|Booster Energy\n|-activate|p1b: Flutter Mane|ability: Protosynthesis|[fromitem]\n|-start|p1b: Flutter Mane|protosynthesisspa\n|switch|p2b: Dachsbun|Dachsbun, L50, M, shiny|100\/100\n|move|p2a: Iron Bundle|Blizzard|p1a: Arcanine|[spread] p1a,p1b\n|-resisted|p1a: Arcanine\n|-damage|p1a: Arcanine|56\/100\n|-damage|p1b: Flutter Mane|19\/100\n|-status|p1b: Flutter Mane|frz\n|move|p1a: Arcanine|Flare Blitz|p2a: Iron Bundle\n|-supereffective|p2a: Iron Bundle\n|-damage|p2a: Iron Bundle|18\/100\n|-damage|p1a: Arcanine|38\/100|[from] Recoil\n|\n|-weather|Snow|[upkeep]\n|upkeep\n|turn|3\n|\n|t:|1683423095\n|-end|p2a: Iron Bundle|Quark Drive|[silent]\n|switch|p2a: Chi-Yu|Chi-Yu, L50|100\/100\n|-ability|p2a: Chi-Yu|Beads of Ruin\n|move|p1a: Arcanine|Extreme Speed|p2a: Chi-Yu\n|-damage|p2a: Chi-Yu|75\/100\n|cant|p1b: Flutter Mane|frz\n|move|p2b: Dachsbun|Crunch|p1b: Flutter Mane\n|-damage|p1b: Flutter Mane|0 fnt\n|faint|p1b: Flutter Mane\n|-end|p1b: Flutter Mane|Protosynthesis|[silent]\n|\n|-weather|Snow|[upkeep]\n|upkeep\n|\n|t:|1683423097\n|switch|p1b: Palafin|Palafin-Hero, L50, M|100\/100\n|-activate|p1b: Palafin|ability: Zero to Hero\n|turn|4\n|\n|t:|1683423118\n|move|p1a: Arcanine|Protect|p1a: Arcanine\n|-singleturn|p1a: Arcanine|Protect\n|move|p2a: Chi-Yu|Protect|p2a: Chi-Yu\n|-singleturn|p2a: Chi-Yu|Protect\n|move|p1b: Palafin|Wave Crash|p2b: Dachsbun\n|-damage|p2b: Dachsbun|5\/100\n|-damage|p1b: Palafin|75\/100|[from] Recoil\n|move|p2b: Dachsbun|Body Press|p1a: Arcanine\n|-activate|p1a: Arcanine|move: Protect\n|\n|-weather|Snow|[upkeep]\n|-heal|p2b: Dachsbun|11\/100|[from] item: Leftovers\n|upkeep\n|turn|5\n|inactive|Battle timer is ON: inactive players will automatically lose when time's up. (requested by RawgDawg69420)\n|inactive|Charlisito has 60 seconds left.\n|\n|t:|1683423200\n|switch|p2a: Abomasnow|Abomasnow, L50, M, shiny|100\/100\n|move|p2b: Dachsbun|Protect|p2b: Dachsbun\n|-singleturn|p2b: Dachsbun|Protect\n|move|p1a: Arcanine|Extreme Speed|p2b: Dachsbun\n|-activate|p2b: Dachsbun|move: Protect\n|move|p1b: Palafin|Jet Punch|p2a: Abomasnow\n|-resisted|p2a: Abomasnow\n|-damage|p2a: Abomasnow|84\/100\n|\n|-weather|none\n|-heal|p2b: Dachsbun|18\/100|[from] item: Leftovers\n|upkeep\n|turn|6\n|inactive|RawgDawg69420 has 30 seconds left.\n|inactive|RawgDawg69420 has 20 seconds left.\n|inactive|RawgDawg69420 has 15 seconds left.\n|inactive|RawgDawg69420 has 10 seconds left.\n|inactive|RawgDawg69420 has 5 seconds left.\n|\n|t:|1683423251\n|switch|p2a: Chi-Yu|Chi-Yu, L50|75\/100\n|-ability|p2a: Chi-Yu|Beads of Ruin\n|move|p1b: Palafin|Jet Punch|p2b: Dachsbun\n|-damage|p2b: Dachsbun|0 fnt\n|faint|p2b: Dachsbun\n|move|p1a: Arcanine|Flare Blitz|p2a: Chi-Yu\n|-resisted|p2a: Chi-Yu\n|-damage|p2a: Chi-Yu|46\/100\n|-damage|p1a: Arcanine|32\/100|[from] Recoil\n|\n|upkeep\n|\n|t:|1683423264\n|switch|p2b: Abomasnow|Abomasnow, L50, M, shiny|84\/100\n|-weather|Snow|[from] ability: Snow Warning|[of] p2b: Abomasnow\n|turn|7\n|inactive|RawgDawg69420 has 30 seconds left.\n|\n|t:|1683423291\n|move|p2b: Abomasnow|Helping Hand|p2a: Chi-Yu\n|-singleturn|p2a: Chi-Yu|Helping Hand|[of] p2b: Abomasnow\n|move|p1a: Arcanine|Protect|p1a: Arcanine\n|-singleturn|p1a: Arcanine|Protect\n|move|p1b: Palafin|Substitute|p1b: Palafin\n|-start|p1b: Palafin|Substitute\n|-damage|p1b: Palafin|50\/100\n|move|p2a: Chi-Yu|Dark Pulse|p1b: Palafin\n|-end|p1b: Palafin|Substitute\n|-damage|p2a: Chi-Yu|36\/100|[from] item: Life Orb\n|\n|-weather|Snow|[upkeep]\n|upkeep\n|turn|8\n|inactive|RawgDawg69420 has 30 seconds left.\n|\n|t:|1683423325\n|move|p2a: Chi-Yu|Protect|p2a: Chi-Yu\n|-singleturn|p2a: Chi-Yu|Protect\n|move|p1b: Palafin|Jet Punch|p2a: Chi-Yu\n|-activate|p2a: Chi-Yu|move: Protect\n|move|p1a: Arcanine|Flare Blitz|p2b: Abomasnow\n|-supereffective|p2b: Abomasnow\n|-damage|p2b: Abomasnow|0 fnt\n|faint|p2b: Abomasnow\n|-damage|p1a: Arcanine|8\/100|[from] Recoil\n|\n|-weather|Snow|[upkeep]\n|upkeep\n|\n|t:|1683423337\n|switch|p2b: Iron Bundle|Iron Bundle, L50, shiny, tera:Ice|18\/100\n|turn|9\n|inactive|RawgDawg69420 has 30 seconds left.\n|inactive|RawgDawg69420 has 20 seconds left.\n|inactive|RawgDawg69420 has 15 seconds left.\n|inactive|RawgDawg69420 has 10 seconds left.\n|\n|t:|1683423386\n|move|p1a: Arcanine|Extreme Speed|p2b: Iron Bundle\n|-damage|p2b: Iron Bundle|0 fnt\n|faint|p2b: Iron Bundle\n|-end|p2b: Iron Bundle|Quark Drive|[silent]\n|move|p1b: Palafin|Jet Punch|p2a: Chi-Yu\n|-supereffective|p2a: Chi-Yu\n|-crit|p2a: Chi-Yu\n|-damage|p2a: Chi-Yu|0 fnt\n|faint|p2a: Chi-Yu\n|\n|win|Charlisito\n|raw|Charlisito's rating: 1457 → 1472<\/strong> (+15 for winning)\n|raw|RawgDawg69420's rating: 1371 → 1356<\/strong> (-15 for losing)\n|l|\u2606RawgDawg69420\n","uploadtime":1683425247,"views":9,"p1id":"charlisito","p2id":"rawgdawg69420","formatid":"gen9vgc2023regulationc","rating":1356,"private":0,"password":""}