{"id":"gen9vgc2023regulationc-1850790754","p1":"PeligrosVGC","p2":"r3gCt3st","format":"[Gen 9] VGC 2023 Regulation C","log":"|j|\u2606PeligrosVGC\n|j|\u2606r3gCt3st\n|t:|1682368113\n|gametype|doubles\n|player|p1|PeligrosVGC|102|1240\n|player|p2|r3gCt3st|unknown|1262\n|teamsize|p1|6\n|teamsize|p2|4\n|gen|9\n|tier|[Gen 9] VGC 2023 Regulation C\n|rated|\n|rule|Species Clause: Limit one of each Pok\u00e9mon\n|rule|Item Clause: Limit one of each item\n|clearpoke\n|poke|p1|Flutter Mane, L50|\n|poke|p1|Palafin, L50, F|\n|poke|p1|Iron Hands, L50|\n|poke|p1|Maushold-Four, L50|\n|poke|p1|Garganacl, L50, F|\n|poke|p1|Arcanine, L50, F|\n|poke|p2|Glimmora, L50, F|\n|poke|p2|Tyranitar, L50, M|\n|poke|p2|Amoonguss, L50, F|\n|poke|p2|Ting-Lu, L50|\n|teampreview|4\n|\n|t:|1682368144\n|start\n|switch|p1a: Flutter Mane|Flutter Mane, L50|100\/100\n|switch|p1b: Maushold|Maushold-Four, L50|100\/100\n|switch|p2a: Glimmora|Glimmora, L50, F|100\/100\n|switch|p2b: Tyranitar|Tyranitar, L50, M|100\/100\n|-weather|Sandstorm|[from] ability: Sand Stream|[of] p2b: Tyranitar\n|-enditem|p1a: Flutter Mane|Booster Energy\n|-activate|p1a: Flutter Mane|ability: Protosynthesis|[fromitem]\n|-start|p1a: Flutter Mane|protosynthesisspa\n|turn|1\n|\n|t:|1682368165\n|move|p1b: Maushold|Helping Hand|p1a: Flutter Mane\n|-singleturn|p1a: Flutter Mane|Helping Hand|[of] p1b: Maushold\n|move|p1a: Flutter Mane|Energy Ball|p2a: Glimmora\n|-damage|p2a: Glimmora|71\/100\n|move|p2b: Tyranitar|Dragon Dance|p2b: Tyranitar\n|-boost|p2b: Tyranitar|atk|1\n|-boost|p2b: Tyranitar|spe|1\n|move|p2a: Glimmora|Mortal Spin|p1b: Maushold|[spread] p1a,p1b\n|-damage|p1a: Flutter Mane|96\/100\n|-damage|p1b: Maushold|94\/100\n|-status|p1a: Flutter Mane|psn\n|-status|p1b: Maushold|psn\n|\n|-weather|Sandstorm|[upkeep]\n|-damage|p1a: Flutter Mane|90\/100 psn|[from] Sandstorm\n|-damage|p1a: Flutter Mane|78\/100 psn|[from] psn\n|-damage|p1b: Maushold|82\/100 psn|[from] psn\n|upkeep\n|turn|2\n|\n|t:|1682368187\n|move|p1b: Maushold|Follow Me|p1b: Maushold\n|-singleturn|p1b: Maushold|move: Follow Me\n|move|p2b: Tyranitar|Rock Slide|p1b: Maushold|[spread] p1b\n|-miss|p2b: Tyranitar|p1a: Flutter Mane\n|-damage|p1b: Maushold|33\/100 psn\n|move|p1a: Flutter Mane|Dazzling Gleam|p2b: Tyranitar|[spread] p2a,p2b\n|-resisted|p2a: Glimmora\n|-supereffective|p2b: Tyranitar\n|-damage|p2a: Glimmora|62\/100\n|-damage|p2b: Tyranitar|57\/100\n|-enditem|p2b: Tyranitar|Weakness Policy\n|-boost|p2b: Tyranitar|atk|2|[from] item: Weakness Policy\n|-boost|p2b: Tyranitar|spa|2|[from] item: Weakness Policy\n|move|p2a: Glimmora|Venoshock|p1b: Maushold\n|-damage|p1b: Maushold|0 fnt\n|faint|p1b: Maushold\n|\n|-weather|Sandstorm|[upkeep]\n|-damage|p1a: Flutter Mane|72\/100 psn|[from] Sandstorm\n|-damage|p1a: Flutter Mane|60\/100 psn|[from] psn\n|upkeep\n|\n|t:|1682368206\n|switch|p1b: Iron Hands|Iron Hands, L50|100\/100\n|turn|3\n|\n|t:|1682368241\n|-terastallize|p2b: Tyranitar|Flying\n|-terastallize|p1b: Iron Hands|Grass\n|move|p2b: Tyranitar|Rock Slide|p1a: Flutter Mane|[spread] p1a,p1b\n|-damage|p1a: Flutter Mane|0 fnt\n|-damage|p1b: Iron Hands|62\/100\n|faint|p1a: Flutter Mane\n|-end|p1a: Flutter Mane|Protosynthesis|[silent]\n|move|p2a: Glimmora|Venoshock|p1b: Iron Hands\n|-supereffective|p1b: Iron Hands\n|-damage|p1b: Iron Hands|0 fnt\n|faint|p1b: Iron Hands\n|-end|p1b: Iron Hands|Quark Drive|[silent]\n|\n|-weather|Sandstorm|[upkeep]\n|-damage|p2b: Tyranitar|51\/100|[from] Sandstorm\n|upkeep\n|\n|t:|1682368254\n|switch|p1b: Garganacl|Garganacl, L50, F|100\/100\n|turn|4\n|\n|t:|1682368261\n|move|p2b: Tyranitar|Crunch|p1b: Garganacl\n|-damage|p1b: Garganacl|47\/100\n|move|p2a: Glimmora|Energy Ball|p1b: Garganacl\n|-supereffective|p1b: Garganacl\n|-damage|p1b: Garganacl|8\/100\n|-enditem|p1b: Garganacl|Figy Berry|[eat]\n|-heal|p1b: Garganacl|42\/100|[from] item: Figy Berry\n|move|p1b: Garganacl|Salt Cure|p2b: Tyranitar\n|-supereffective|p2b: Tyranitar\n|-damage|p2b: Tyranitar|28\/100\n|-start|p2b: Tyranitar|Salt Cure\n|\n|-weather|Sandstorm|[upkeep]\n|-damage|p2b: Tyranitar|22\/100|[from] Sandstorm\n|-damage|p2b: Tyranitar|10\/100|[from] Salt Cure\n|upkeep\n|turn|5\n|-message|PeligrosVGC forfeited.\n|\n|win|r3gCt3st\n|raw|PeligrosVGC's rating: 1240 → 1217<\/strong> (-23 for losing)\n|raw|r3gCt3st's rating: 1262 → 1285<\/strong> (+23 for winning)\n|l|\u2606PeligrosVGC\n","uploadtime":1682368272,"views":19,"p1id":"peligrosvgc","p2id":"r3gct3st","formatid":"gen9vgc2023regulationc","rating":1217,"private":0,"password":""}