{"id":"gen9vgc2023regulationc-1861871515","p1":"BMKing1212","p2":"Asd4321","format":"[Gen 9] VGC 2023 Regulation C","log":"|j|\u2606BMKing1212\n|j|\u2606Asd4321\n|t:|1683816678\n|gametype|doubles\n|player|p1|BMKing1212|266|1317\n|player|p2|Asd4321|supernerd|1240\n|teamsize|p1|6\n|teamsize|p2|6\n|gen|9\n|tier|[Gen 9] VGC 2023 Regulation C\n|rated|\n|rule|Species Clause: Limit one of each Pok\u00e9mon\n|rule|Item Clause: Limit one of each item\n|clearpoke\n|poke|p1|Flutter Mane, L50|\n|poke|p1|Amoonguss, L50, M|\n|poke|p1|Baxcalibur, L50, F|\n|poke|p1|Palafin, L50, M|\n|poke|p1|Tauros-Paldea-Blaze, L50, M|\n|poke|p1|Iron Bundle, L50|\n|poke|p2|Chi-Yu, L50|\n|poke|p2|Flutter Mane, L50|\n|poke|p2|Great Tusk, L50|\n|poke|p2|Corviknight, L50, F|\n|poke|p2|Palafin, L50, F|\n|poke|p2|Amoonguss, L50, M|\n|teampreview|4\n|l|\u2606BMKing1212\n|player|p1|\n|j|\u2606BMKing1212\n|player|p1|BMKing1212|266\n|\n|t:|1683816722\n|start\n|switch|p1a: Flutter Mane|Flutter Mane, L50|100\/100\n|switch|p1b: Iron Bundle|Iron Bundle, L50|100\/100\n|switch|p2a: Corviknight|Corviknight, L50, F|100\/100\n|switch|p2b: Flutter Mane|Flutter Mane, L50|100\/100\n|-enditem|p1b: Iron Bundle|Booster Energy\n|-activate|p1b: Iron Bundle|ability: Quark Drive|[fromitem]\n|-start|p1b: Iron Bundle|quarkdrivespe\n|turn|1\n|\n|t:|1683816734\n|move|p2b: Flutter Mane|Protect|p2b: Flutter Mane\n|-singleturn|p2b: Flutter Mane|Protect\n|move|p1b: Iron Bundle|Hydro Pump|p2a: Corviknight\n|-damage|p2a: Corviknight|57\/100\n|move|p1a: Flutter Mane|Thunderbolt|p2a: Corviknight\n|-supereffective|p2a: Corviknight\n|-damage|p2a: Corviknight|0 fnt\n|faint|p2a: Corviknight\n|\n|upkeep\n|\n|t:|1683816742\n|switch|p2a: Chi-Yu|Chi-Yu, L50|100\/100\n|-ability|p2a: Chi-Yu|Beads of Ruin\n|turn|2\n|\n|t:|1683816750\n|-end|p1a: Flutter Mane|Protosynthesis|[silent]\n|switch|p1a: Amoonguss|Amoonguss, L50, M|100\/100\n|-terastallize|p2b: Flutter Mane|Fairy\n|move|p1b: Iron Bundle|Protect|p1b: Iron Bundle\n|-singleturn|p1b: Iron Bundle|Protect\n|move|p2a: Chi-Yu|Heat Wave|p1b: Iron Bundle|[spread] p1a\n|-activate|p1b: Iron Bundle|move: Protect\n|-supereffective|p1a: Amoonguss\n|-damage|p1a: Amoonguss|19\/100\n|-status|p1a: Amoonguss|brn\n|-enditem|p1a: Amoonguss|Sitrus Berry|[eat]\n|-heal|p1a: Amoonguss|44\/100 brn|[from] item: Sitrus Berry\n|move|p2b: Flutter Mane|Dazzling Gleam|p1a: Amoonguss|[spread] p1a\n|-activate|p1b: Iron Bundle|move: Protect\n|-resisted|p1a: Amoonguss\n|-damage|p1a: Amoonguss|13\/100 brn\n|-damage|p2b: Flutter Mane|91\/100|[from] item: Life Orb\n|\n|-damage|p1a: Amoonguss|7\/100 brn|[from] brn\n|upkeep\n|turn|3\n|\n|t:|1683816778\n|move|p1b: Iron Bundle|Hydro Pump|p2a: Chi-Yu|[miss]\n|-miss|p1b: Iron Bundle|p2a: Chi-Yu\n|move|p2a: Chi-Yu|Heat Wave|p1b: Iron Bundle|[spread] p1a,p1b\n|-supereffective|p1a: Amoonguss\n|-damage|p1a: Amoonguss|0 fnt\n|-damage|p1b: Iron Bundle|0 fnt\n|faint|p1a: Amoonguss\n|faint|p1b: Iron Bundle\n|-end|p1b: Iron Bundle|Quark Drive|[silent]\n|move|p2b: Flutter Mane|Moonblast|p1: Amoonguss|[notarget]\n|-fail|p2b: Flutter Mane\n|\n|upkeep\n|\n|t:|1683816788\n|switch|p1b: Baxcalibur|Baxcalibur, L50, F|100\/100\n|switch|p1a: Flutter Mane|Flutter Mane, L50|100\/100\n|turn|4\n|\n|t:|1683816805\n|-terastallize|p1b: Baxcalibur|Fire\n|move|p2a: Chi-Yu|Heat Wave|p1a: Flutter Mane|[spread] p1a,p1b\n|-resisted|p1b: Baxcalibur\n|-damage|p1a: Flutter Mane|47\/100\n|-damage|p1b: Baxcalibur|83\/100\n|-ability|p1b: Baxcalibur|Thermal Exchange|boost\n|-boost|p1b: Baxcalibur|atk|1\n|move|p1a: Flutter Mane|Dazzling Gleam|p2a: Chi-Yu|[spread] p2a,p2b\n|-damage|p2a: Chi-Yu|45\/100\n|-damage|p2b: Flutter Mane|29\/100\n|move|p2b: Flutter Mane|Dazzling Gleam|p1a: Flutter Mane|[spread] p1a,p1b\n|-resisted|p1b: Baxcalibur\n|-damage|p1a: Flutter Mane|0 fnt\n|-damage|p1b: Baxcalibur|54\/100\n|faint|p1a: Flutter Mane\n|-end|p1a: Flutter Mane|Protosynthesis|[silent]\n|-damage|p2b: Flutter Mane|19\/100|[from] item: Life Orb\n|move|p1b: Baxcalibur|Icicle Crash|p2b: Flutter Mane\n|-damage|p2b: Flutter Mane|0 fnt\n|faint|p2b: Flutter Mane\n|-end|p2b: Flutter Mane|Protosynthesis|[silent]\n|\n|upkeep\n|\n|t:|1683816810\n|switch|p2b: Palafin|Palafin, L50, F|100\/100\n|turn|5\n|\n|t:|1683816830\n|move|p2b: Palafin|Jet Punch|p1b: Baxcalibur\n|-supereffective|p1b: Baxcalibur\n|-damage|p1b: Baxcalibur|5\/100\n|move|p2a: Chi-Yu|Heat Wave|p1b: Baxcalibur\n|-resisted|p1b: Baxcalibur\n|-damage|p1b: Baxcalibur|0 fnt\n|faint|p1b: Baxcalibur\n|\n|win|Asd4321\n|raw|BMKing1212's rating: 1317 → 1293<\/strong> (-24 for losing)\n|raw|Asd4321's rating: 1240 → 1270<\/strong> (+30 for winning)\n|l|\u2606BMKing1212\n|c|\u2606Asd4321|ggs\n","uploadtime":1683816843,"views":9,"p1id":"bmking1212","p2id":"asd4321","formatid":"gen9vgc2023regulationc","rating":1270,"private":0,"password":""}