{"id":"gen9vgc2023regulationc-1851732731","p1":"Silralisk","p2":"MLGmushroom","format":"[Gen 9] VGC 2023 Regulation C","log":"|j|\u2606Silralisk\n|j|\u2606MLGmushroom\n|t:|1682475624\n|gametype|doubles\n|player|p1|Silralisk|101|1239\n|player|p2|MLGmushroom|blue|1286\n|teamsize|p1|6\n|teamsize|p2|6\n|gen|9\n|tier|[Gen 9] VGC 2023 Regulation C\n|rated|\n|rule|Species Clause: Limit one of each Pok\u00e9mon\n|rule|Item Clause: Limit one of each item\n|clearpoke\n|poke|p1|Garganacl, L50, F|\n|poke|p1|Iron Bundle, L50|\n|poke|p1|Wo-Chien, L50|\n|poke|p1|Scream Tail, L50|\n|poke|p1|Ting-Lu, L50|\n|poke|p1|Glimmora, L50, F|\n|poke|p2|Chien-Pao, L50|\n|poke|p2|Roaring Moon, L50|\n|poke|p2|Flutter Mane, L50|\n|poke|p2|Amoonguss, L50, F|\n|poke|p2|Gyarados, L50, F|\n|poke|p2|Scizor, L50, F|\n|teampreview|4\n|\n|t:|1682475664\n|start\n|switch|p1a: Glimmora|Glimmora, L50, F, shiny|100\/100\n|switch|p1b: Scream Tail|Scream Tail, L50|100\/100\n|switch|p2a: Scizor|Scizor, L50, F|100\/100\n|switch|p2b: Chien-Pao|Chien-Pao, L50|100\/100\n|-ability|p2b: Chien-Pao|Sword of Ruin\n|-item|p1a: Glimmora|Air Balloon\n|-enditem|p1b: Scream Tail|Booster Energy\n|-activate|p1b: Scream Tail|ability: Protosynthesis|[fromitem]\n|-start|p1b: Scream Tail|protosynthesisspe\n|turn|1\n|\n|t:|1682475680\n|move|p1a: Glimmora|Spiky Shield|p1a: Glimmora\n|-singleturn|p1a: Glimmora|move: Protect\n|move|p2a: Scizor|Bullet Punch|p1b: Scream Tail\n|-supereffective|p1b: Scream Tail\n|-damage|p1b: Scream Tail|55\/100\n|move|p1b: Scream Tail|Stealth Rock|p2b: Chien-Pao\n|-sidestart|p2: MLGmushroom|move: Stealth Rock\n|move|p2b: Chien-Pao|Sacred Sword|p1a: Glimmora\n|-activate|p1a: Glimmora|move: Protect\n|-damage|p2b: Chien-Pao|88\/100|[from] Spiky Shield|[of] p1a: Glimmora\n|\n|upkeep\n|turn|2\n|\n|t:|1682475712\n|-end|p1b: Scream Tail|Protosynthesis|[silent]\n|switch|p1b: Wo-Chien|Wo-Chien, L50|100\/100\n|-ability|p1b: Wo-Chien|Tablets of Ruin\n|move|p2b: Chien-Pao|Protect|p2b: Chien-Pao\n|-singleturn|p2b: Chien-Pao|Protect\n|move|p2a: Scizor|Bullet Punch|p1b: Wo-Chien\n|-damage|p1b: Wo-Chien|83\/100\n|move|p1a: Glimmora|Mortal Spin|p2b: Chien-Pao|[spread] \n|-activate|p2b: Chien-Pao|move: Protect\n|-immune|p2a: Scizor\n|\n|upkeep\n|turn|3\n|\n|t:|1682475737\n|move|p2b: Chien-Pao|Sacred Sword|p1a: Glimmora\n|-damage|p1a: Glimmora|72\/100\n|-enditem|p1a: Glimmora|Air Balloon\n|move|p1a: Glimmora|Earth Power|p2b: Chien-Pao\n|-damage|p2b: Chien-Pao|49\/100\n|move|p1b: Wo-Chien|Leech Seed|p2a: Scizor\n|-start|p2a: Scizor|move: Leech Seed\n|move|p2a: Scizor|U-turn|p1b: Wo-Chien\n|-supereffective|p1b: Wo-Chien\n|-damage|p1b: Wo-Chien|0 fnt\n|faint|p1b: Wo-Chien\n|\n|t:|1682475748\n|switch|p2a: Gyarados|Gyarados, L50, F|100\/100|[from] U-turn\n|-damage|p2a: Gyarados|76\/100|[from] Stealth Rock\n|-ability|p2a: Gyarados|Intimidate|boost\n|-unboost|p1a: Glimmora|atk|1\n|\n|upkeep\n|\n|t:|1682475756\n|switch|p1b: Scream Tail|Scream Tail, L50|55\/100\n|turn|4\n|\n|t:|1682475770\n|move|p2b: Chien-Pao|Protect|p2b: Chien-Pao\n|-singleturn|p2b: Chien-Pao|Protect\n|move|p1b: Scream Tail|Play Rough|p2a: Gyarados\n|-damage|p2a: Gyarados|43\/100\n|move|p1a: Glimmora|Mortal Spin|p2a: Gyarados|[spread] p2a\n|-activate|p2b: Chien-Pao|move: Protect\n|-damage|p2a: Gyarados|39\/100\n|-status|p2a: Gyarados|psn\n|-enditem|p2a: Gyarados|Lum Berry|[eat]\n|-curestatus|p2a: Gyarados|psn|[msg]\n|move|p2a: Gyarados|Thunder Wave|p1b: Scream Tail\n|-status|p1b: Scream Tail|par\n|\n|upkeep\n|turn|5\n|\n|t:|1682475790\n|move|p2b: Chien-Pao|Sacred Sword|p1a: Glimmora\n|-damage|p1a: Glimmora|26\/100\n|move|p1a: Glimmora|Mortal Spin|p2a: Gyarados|[spread] p2a,p2b\n|-damage|p2a: Gyarados|34\/100\n|-damage|p2b: Chien-Pao|45\/100\n|-status|p2a: Gyarados|psn\n|-status|p2b: Chien-Pao|psn\n|move|p2a: Gyarados|Waterfall|p1a: Glimmora\n|-supereffective|p1a: Glimmora\n|-damage|p1a: Glimmora|0 fnt\n|faint|p1a: Glimmora\n|move|p1b: Scream Tail|Disable|p2a: Gyarados\n|-start|p2a: Gyarados|Disable|Waterfall\n|\n|-damage|p2b: Chien-Pao|33\/100 psn|[from] psn\n|-damage|p2a: Gyarados|22\/100 psn|[from] psn\n|upkeep\n|\n|t:|1682475808\n|switch|p1a: Garganacl|Garganacl, L50, F|100\/100\n|turn|6\n|\n|t:|1682475834\n|-terastallize|p1a: Garganacl|Ghost\n|move|p2b: Chien-Pao|Sucker Punch|p1b: Scream Tail\n|-damage|p1b: Scream Tail|14\/100 par\n|move|p2a: Gyarados|Taunt|p1a: Garganacl\n|-start|p1a: Garganacl|move: Taunt\n|cant|p1b: Scream Tail|par\n|move|p1a: Garganacl|Salt Cure|p2b: Chien-Pao\n|-supereffective|p2b: Chien-Pao\n|-damage|p2b: Chien-Pao|0 fnt\n|faint|p2b: Chien-Pao\n|\n|-damage|p2a: Gyarados|9\/100 psn|[from] psn\n|upkeep\n|\n|t:|1682475846\n|switch|p2b: Flutter Mane|Flutter Mane, L50|100\/100\n|-damage|p2b: Flutter Mane|88\/100|[from] Stealth Rock\n|turn|7\n|\n|t:|1682475855\n|move|p2b: Flutter Mane|Shadow Ball|p1a: Garganacl\n|-supereffective|p1a: Garganacl\n|-damage|p1a: Garganacl|59\/100\n|-damage|p2b: Flutter Mane|79\/100|[from] item: Life Orb\n|move|p2a: Gyarados|Iron Head|p1b: Scream Tail\n|-supereffective|p1b: Scream Tail\n|-damage|p1b: Scream Tail|0 fnt\n|faint|p1b: Scream Tail\n|-end|p1b: Scream Tail|Protosynthesis|[silent]\n|move|p1a: Garganacl|Salt Cure|p2b: Flutter Mane\n|-damage|p2b: Flutter Mane|54\/100\n|-start|p2b: Flutter Mane|Salt Cure\n|\n|-heal|p1a: Garganacl|65\/100|[from] item: Leftovers\n|-damage|p2a: Gyarados|0 fnt|[from] psn\n|faint|p2a: Gyarados\n|-damage|p2b: Flutter Mane|42\/100|[from] Salt Cure\n|upkeep\n|\n|t:|1682475861\n|switch|p2a: Scizor|Scizor, L50, F|100\/100\n|-damage|p2a: Scizor|88\/100|[from] Stealth Rock\n|turn|8\n|\n|t:|1682475877\n|move|p2a: Scizor|Bullet Punch|p1a: Garganacl\n|-damage|p1a: Garganacl|51\/100\n|move|p2b: Flutter Mane|Shadow Ball|p1a: Garganacl\n|-supereffective|p1a: Garganacl\n|-damage|p1a: Garganacl|6\/100\n|-unboost|p1a: Garganacl|spd|1\n|-damage|p2b: Flutter Mane|33\/100|[from] item: Life Orb\n|move|p1a: Garganacl|Salt Cure|p2a: Scizor\n|-damage|p2a: Scizor|74\/100\n|-start|p2a: Scizor|Salt Cure\n|\n|-heal|p1a: Garganacl|12\/100|[from] item: Leftovers\n|-damage|p2b: Flutter Mane|21\/100|[from] Salt Cure\n|-damage|p2a: Scizor|49\/100|[from] Salt Cure\n|-end|p1a: Garganacl|move: Taunt\n|upkeep\n|turn|9\n|\n|t:|1682475896\n|move|p1a: Garganacl|Protect|p1a: Garganacl\n|-singleturn|p1a: Garganacl|Protect\n|move|p2a: Scizor|Bullet Punch|p1a: Garganacl\n|-activate|p1a: Garganacl|move: Protect\n|move|p2b: Flutter Mane|Shadow Ball|p1a: Garganacl\n|-activate|p1a: Garganacl|move: Protect\n|\n|-heal|p1a: Garganacl|17\/100|[from] item: Leftovers\n|-damage|p2b: Flutter Mane|8\/100|[from] Salt Cure\n|-damage|p2a: Scizor|24\/100|[from] Salt Cure\n|upkeep\n|turn|10\n|\n|t:|1682475908\n|move|p2a: Scizor|Bullet Punch|p1a: Garganacl\n|-crit|p1a: Garganacl\n|-damage|p1a: Garganacl|0 fnt\n|faint|p1a: Garganacl\n|\n|win|MLGmushroom\n|raw|Silralisk's rating: 1239 → 1217<\/strong> (-22 for losing)\n|raw|MLGmushroom's rating: 1286 → 1308<\/strong> (+22 for winning)\n|l|\u2606Silralisk\n","uploadtime":1682475910,"views":8,"p1id":"silralisk","p2id":"mlgmushroom","formatid":"gen9vgc2023regulationc","rating":1217,"private":0,"password":""}