{"id":"gen9vgc2023regulationc-1846626724","p1":"Maiikon","p2":"suffyrin","format":"[Gen 9] VGC 2023 Regulation C","log":"|j|\u2606Maiikon\n|j|\u2606suffyrin\n|t:|1681858822\n|gametype|doubles\n|player|p1|Maiikon|marshal|\n|player|p2|suffyrin|102|\n|teamsize|p1|6\n|teamsize|p2|6\n|gen|9\n|tier|[Gen 9] VGC 2023 Regulation C\n|rule|Species Clause: Limit one of each Pok\u00e9mon\n|rule|Item Clause: Limit one of each item\n|clearpoke\n|poke|p1|Garchomp, L50, M|\n|poke|p1|Flutter Mane, L50|\n|poke|p1|Chien-Pao, L50|\n|poke|p1|Arcanine, L50, F|\n|poke|p1|Amoonguss, L50, M|\n|poke|p1|Palafin, L50, M|\n|poke|p2|Ting-Lu, L50|\n|poke|p2|Baxcalibur, L50, M|\n|poke|p2|Amoonguss, L50, F|\n|poke|p2|Flutter Mane, L50|\n|poke|p2|Gyarados, L50, F|\n|poke|p2|Chi-Yu, L50|\n|teampreview|4\n|c|\u2606suffyrin|opa bora\n|c|\u2606suffyrin|gl\n|c|\u2606Maiikon|g1\nMaiikon has agreed to open team sheets.\nsuffyrin has agreed to open team sheets.\n|c|\u2606Maiikon|vou chamar as 3 blz?\n|c|\u2606suffyrin|fmz\n|c|\u2606Maiikon|boa man\n|c|\u2606Maiikon|bom jogo pa nois\n|c|\u2606suffyrin|gl mano\n|\n|t:|1681858944\n|start\n|switch|p1a: Flutter Mane|Flutter Mane, L50|100\/100\n|switch|p1b: Palafin|Palafin, L50, M|100\/100\n|switch|p2a: Ting-Lu|Ting-Lu, L50|100\/100\n|switch|p2b: Amoonguss|Amoonguss, L50, F|100\/100\n|-ability|p2a: Ting-Lu|Vessel of Ruin\n|turn|1\n|\n|t:|1681858980\n|-end|p1a: Flutter Mane|Protosynthesis|[silent]\n|switch|p1a: Charlotte|Arcanine, L50, F, shiny|100\/100\n|-ability|p1a: Charlotte|Intimidate|boost\n|-unboost|p2a: Ting-Lu|atk|1\n|-unboost|p2b: Amoonguss|atk|1\n|detailschange|p1b: Palafin|Palafin-Hero, L50, M\n|switch|p1b: Amoonguss|Amoonguss, L50, M|100\/100\n|move|p2a: Ting-Lu|Heavy Slam|p1a: Charlotte\n|-resisted|p1a: Charlotte\n|-damage|p1a: Charlotte|88\/100\n|move|p2b: Amoonguss|Spore|p1b: Amoonguss\n|-immune|p1b: Amoonguss\n|\n|upkeep\n|turn|2\n|\n|t:|1681859010\n|switch|p1a: Flutter Mane|Flutter Mane, L50|100\/100\n|switch|p2b: Gyarados|Gyarados, L50, F|100\/100\n|-ability|p2b: Gyarados|Intimidate|boost\n|-unboost|p1a: Flutter Mane|atk|1\n|-unboost|p1b: Amoonguss|atk|1\n|move|p2a: Ting-Lu|Stomping Tantrum|p1a: Flutter Mane\n|-damage|p1a: Flutter Mane|44\/100\n|move|p1b: Amoonguss|Spore|p2a: Ting-Lu\n|-status|p2a: Ting-Lu|slp|[from] move: Spore\n|\n|upkeep\n|turn|3\n|\n|t:|1681859027\n|move|p1a: Flutter Mane|Thunderbolt|p2b: Gyarados\n|-supereffective|p2b: Gyarados\n|-damage|p2b: Gyarados|1\/100\n|move|p2b: Gyarados|Waterfall|p1a: Flutter Mane\n|-damage|p1a: Flutter Mane|0 fnt\n|faint|p1a: Flutter Mane\n|-end|p1a: Flutter Mane|Protosynthesis|[silent]\n|cant|p2a: Ting-Lu|slp\n|move|p1b: Amoonguss|Pollen Puff|p1: Flutter Mane|[notarget]\n|-fail|p1b: Amoonguss\n|\n|upkeep\n|\n|t:|1681859041\n|switch|p1a: Palafin|Palafin-Hero, L50, M|100\/100\n|-activate|p1a: Palafin|ability: Zero to Hero\n|turn|4\n|\n|t:|1681859065\n|switch|p2b: Amoonguss|Amoonguss, L50, F|100\/100\n|-terastallize|p1a: Palafin|Water\n|move|p1a: Palafin|Wave Crash|p2a: Ting-Lu\n|-supereffective|p2a: Ting-Lu\n|-damage|p2a: Ting-Lu|0 fnt\n|faint|p2a: Ting-Lu\n|-damage|p1a: Palafin|60\/100|[from] Recoil\n|move|p1b: Amoonguss|Pollen Puff|p2b: Amoonguss\n|-damage|p2b: Amoonguss|85\/100\n|\n|upkeep\n|\n|t:|1681859091\n|switch|p2a: Baxcalibur|Baxcalibur, L50, M|100\/100\n|turn|5\n|\n|t:|1681859120\n|switch|p1a: Charlotte|Arcanine, L50, F, shiny|88\/100\n|-ability|p1a: Charlotte|Intimidate|boost\n|-unboost|p2a: Baxcalibur|atk|1\n|-unboost|p2b: Amoonguss|atk|1\n|move|p2a: Baxcalibur|Protect|p2a: Baxcalibur\n|-singleturn|p2a: Baxcalibur|Protect\n|move|p1b: Amoonguss|Spore|p2a: Baxcalibur\n|-activate|p2a: Baxcalibur|move: Protect\n|move|p2b: Amoonguss|Spore|p1a: Charlotte\n|-activate|p1a: Charlotte|item: Safety Goggles|Spore\n|\n|upkeep\n|turn|6\n|\n|t:|1681859143\n|switch|p2a: Gyarados|Gyarados, L50, F|1\/100\n|-ability|p2a: Gyarados|Intimidate|boost\n|-unboost|p1a: Charlotte|atk|1\n|-unboost|p1b: Amoonguss|atk|1\n|move|p1a: Charlotte|Howl|p1a: Charlotte|[spread] p1a,p1b\n|-boost|p1a: Charlotte|atk|1\n|-boost|p1b: Amoonguss|atk|1\n|move|p1b: Amoonguss|Spore|p2a: Gyarados\n|-status|p2a: Gyarados|slp|[from] move: Spore\n|-enditem|p2a: Gyarados|Lum Berry|[eat]\n|-curestatus|p2a: Gyarados|slp|[msg]\n|move|p2b: Amoonguss|Pollen Puff|p2a: Gyarados\n|-heal|p2a: Gyarados|51\/100\n|\n|upkeep\n|turn|7\n|\n|t:|1681859171\n|switch|p1a: Palafin|Palafin-Hero, L50, M, tera:Water|60\/100\n|move|p2a: Gyarados|Waterfall|p1a: Palafin\n|-resisted|p1a: Palafin\n|-damage|p1a: Palafin|46\/100\n|move|p1b: Amoonguss|Spore|p2a: Gyarados\n|-status|p2a: Gyarados|slp|[from] move: Spore\n|move|p2b: Amoonguss|Spore|p1a: Palafin\n|-status|p1a: Palafin|slp|[from] move: Spore\n|\n|upkeep\n|turn|8\n|\n|t:|1681859207\n|switch|p1b: Charlotte|Arcanine, L50, F, shiny|88\/100\n|-ability|p1b: Charlotte|Intimidate|boost\n|-unboost|p2a: Gyarados|atk|1\n|-unboost|p2b: Amoonguss|atk|1\n|switch|p2b: Baxcalibur|Baxcalibur, L50, M|100\/100\n|cant|p1a: Palafin|slp\n|cant|p2a: Gyarados|slp\n|\n|upkeep\n|turn|9\n|\n|t:|1681859224\n|switch|p2a: Amoonguss|Amoonguss, L50, F|100\/100\n|-curestatus|p1a: Palafin|slp|[msg]\n|move|p1a: Palafin|Protect|p1a: Palafin\n|-singleturn|p1a: Palafin|Protect\n|move|p1b: Charlotte|Howl|p1b: Charlotte|[spread] p1a,p1b\n|-boost|p1a: Palafin|atk|1\n|-boost|p1b: Charlotte|atk|1\n|move|p2b: Baxcalibur|Glaive Rush|p1a: Palafin\n|-activate|p1a: Palafin|move: Protect\n|\n|upkeep\n|turn|10\n|\n|t:|1681859257\n|-terastallize|p2a: Amoonguss|Water\n|move|p2a: Amoonguss|Rage Powder|p2a: Amoonguss\n|-singleturn|p2a: Amoonguss|move: Rage Powder\n|move|p1a: Palafin|Wave Crash|p2a: Amoonguss\n|-resisted|p2a: Amoonguss\n|-damage|p2a: Amoonguss|29\/100\n|-enditem|p2a: Amoonguss|Sitrus Berry|[eat]\n|-heal|p2a: Amoonguss|53\/100|[from] item: Sitrus Berry\n|-damage|p1a: Palafin|21\/100|[from] Recoil\n|move|p1b: Charlotte|Flare Blitz|p2a: Amoonguss\n|-resisted|p2a: Amoonguss\n|-damage|p2a: Amoonguss|23\/100\n|-damage|p1b: Charlotte|77\/100|[from] Recoil\n|move|p2b: Baxcalibur|Glaive Rush|p1a: Palafin\n|-damage|p1a: Palafin|0 fnt\n|-singlemove|p2b: Baxcalibur|Glaive Rush|[silent]\n|faint|p1a: Palafin\n|\n|upkeep\n|\n|t:|1681859273\n|switch|p1a: Amoonguss|Amoonguss, L50, M|100\/100\n|turn|11\n|\n|t:|1681859282\n|switch|p2a: Gyarados|Gyarados, L50, F|51\/100 slp\n|-ability|p2a: Gyarados|Intimidate|boost\n|-unboost|p1a: Amoonguss|atk|1\n|-unboost|p1b: Charlotte|atk|1\n|move|p1b: Charlotte|Howl|p1b: Charlotte|[spread] p1a,p1b\n|-boost|p1a: Amoonguss|atk|1\n|-boost|p1b: Charlotte|atk|1\n|move|p2b: Baxcalibur|Icicle Spear|p1a: Amoonguss\n|-supereffective|p1a: Amoonguss\n|-damage|p1a: Amoonguss|70\/100\n|-supereffective|p1a: Amoonguss\n|-damage|p1a: Amoonguss|36\/100\n|-enditem|p1a: Amoonguss|Sitrus Berry|[eat]\n|-heal|p1a: Amoonguss|61\/100|[from] item: Sitrus Berry\n|-supereffective|p1a: Amoonguss\n|-damage|p1a: Amoonguss|25\/100\n|-supereffective|p1a: Amoonguss\n|-damage|p1a: Amoonguss|0 fnt\n|faint|p1a: Amoonguss\n|-hitcount|p1: Amoonguss|4\n|\n|upkeep\n|turn|12\n|\n|t:|1681859303\n|switch|p2a: Amoonguss|Amoonguss, L50, F, tera:Water|56\/100\n|move|p2b: Baxcalibur|Protect|p2b: Baxcalibur\n|-singleturn|p2b: Baxcalibur|Protect\n|move|p1b: Charlotte|Extreme Speed|p2a: Amoonguss\n|-damage|p2a: Amoonguss|28\/100\n|\n|upkeep\n|turn|13\n|\n|t:|1681859314\n|switch|p2a: Gyarados|Gyarados, L50, F|51\/100 slp\n|-ability|p2a: Gyarados|Intimidate|boost\n|-unboost|p1b: Charlotte|atk|1\n|move|p1b: Charlotte|Extreme Speed|p2a: Gyarados\n|-damage|p2a: Gyarados|26\/100 slp\n|move|p2b: Baxcalibur|Glaive Rush|p1b: Charlotte\n|-damage|p1b: Charlotte|4\/100\n|-singlemove|p2b: Baxcalibur|Glaive Rush|[silent]\n|\n|upkeep\n|turn|14\n|\n|t:|1681859326\n|move|p1b: Charlotte|Extreme Speed|p2a: Gyarados\n|-damage|p2a: Gyarados|0 fnt\n|faint|p2a: Gyarados\n|move|p2b: Baxcalibur|Ice Shard|p1b: Charlotte\n|-resisted|p1b: Charlotte\n|-damage|p1b: Charlotte|0 fnt\n|faint|p1b: Charlotte\n|\n|win|suffyrin\n|c|\u2606suffyrin|gg\n","uploadtime":1681859336,"views":15,"p1id":"maiikon","p2id":"suffyrin","formatid":"gen9vgc2023regulationc","rating":0,"private":0,"password":""}