{"id":"gen9vgc2023regulationc-1860953422","p1":"Jackblast421","p2":"TrainerDylan24","format":"[Gen 9] VGC 2023 Regulation C","log":"|j|\u2606Jackblast421\n|j|\u2606TrainerDylan24\n|t:|1683702211\n|gametype|doubles\n|player|p1|Jackblast421|1|1091\n|player|p2|TrainerDylan24|swimmerf|1078\n|teamsize|p1|6\n|teamsize|p2|6\n|gen|9\n|tier|[Gen 9] VGC 2023 Regulation C\n|rated|\n|rule|Species Clause: Limit one of each Pok\u00e9mon\n|rule|Item Clause: Limit one of each item\n|clearpoke\n|poke|p1|Ting-Lu, L50|\n|poke|p1|Indeedee-F, L50, F|\n|poke|p1|Armarouge, L50, M|\n|poke|p1|Grimmsnarl, L50, M|\n|poke|p1|Iron Hands, L50|\n|poke|p1|Iron Bundle, L50|\n|poke|p2|Annihilape, L50, F|\n|poke|p2|Bellibolt, L50, F|\n|poke|p2|Dondozo, L50, M|\n|poke|p2|Tatsugiri, L50, M|\n|poke|p2|Iron Hands, L50|\n|poke|p2|Kingambit, L50, M|\n|teampreview|4\n|inactive|Battle timer is ON: inactive players will automatically lose when time's up. (requested by Jackblast421)\n|\n|t:|1683702239\n|start\n|switch|p1a: Ting-Lu|Ting-Lu, L50|100\/100\n|switch|p1b: Iron Hands|Iron Hands, L50|100\/100\n|switch|p2a: Kingambit|Kingambit, L50, M|100\/100\n|switch|p2b: Iron Hands|Iron Hands, L50|100\/100\n|-ability|p1a: Ting-Lu|Vessel of Ruin\n|turn|1\n|\n|t:|1683702258\n|-end|p2b: Iron Hands|Quark Drive|[silent]\n|switch|p2b: Tatsugiri|Tatsugiri, L50, M|100\/100\n|switch|p2a: Dondozo|Dondozo, L50, M|100\/100\n|-activate|p2b: Tatsugiri|ability: Commander|[of] p2a: Dondozo\n|-boost|p2a: Dondozo|atk|2\n|-boost|p2a: Dondozo|spa|2\n|-boost|p2a: Dondozo|spe|2\n|-boost|p2a: Dondozo|def|2\n|-boost|p2a: Dondozo|spd|2\n|move|p1b: Iron Hands|Fake Out|p2a: Dondozo\n|-damage|p2a: Dondozo|95\/100\n|move|p1a: Ting-Lu|Stomping Tantrum|p2b: Tatsugiri|[miss]\n|-miss|p1a: Ting-Lu|p2b: Tatsugiri\n|\n|-heal|p2a: Dondozo|100\/100|[from] item: Leftovers\n|upkeep\n|turn|2\n|\n|t:|1683702278\n|move|p2a: Dondozo|Waterfall|p1a: Ting-Lu\n|-supereffective|p1a: Ting-Lu\n|-damage|p1a: Ting-Lu|9\/100\n|move|p1b: Iron Hands|Swords Dance|p1b: Iron Hands\n|-boost|p1b: Iron Hands|atk|2\n|move|p1a: Ting-Lu|Ruination|p2a: Dondozo\n|-damage|p2a: Dondozo|50\/100\n|\n|-heal|p2a: Dondozo|57\/100|[from] item: Leftovers\n|upkeep\n|turn|3\n|\n|t:|1683702293\n|-terastallize|p1b: Iron Hands|Grass\n|move|p2a: Dondozo|Waterfall|p1b: Iron Hands\n|-resisted|p1b: Iron Hands\n|-damage|p1b: Iron Hands|74\/100\n|cant|p1b: Iron Hands|flinch\n|move|p1a: Ting-Lu|Stomping Tantrum|p2a: Dondozo\n|-damage|p2a: Dondozo|44\/100\n|\n|-heal|p2a: Dondozo|50\/100|[from] item: Leftovers\n|upkeep\n|turn|4\n|\n|t:|1683702314\n|move|p2a: Dondozo|Ice Fang|p1b: Iron Hands\n|-supereffective|p1b: Iron Hands\n|-damage|p1b: Iron Hands|17\/100\n|move|p1b: Iron Hands|Wild Charge|p2a: Dondozo\n|-supereffective|p2a: Dondozo\n|-damage|p2a: Dondozo|13\/100\n|-damage|p1b: Iron Hands|8\/100|[from] Recoil\n|move|p1a: Ting-Lu|Earthquake|p2b: Tatsugiri|[spread] p1b,p2a\n|-miss|p1a: Ting-Lu|p2b: Tatsugiri\n|-resisted|p1b: Iron Hands\n|-damage|p1b: Iron Hands|0 fnt\n|-damage|p2a: Dondozo|2\/100\n|faint|p1b: Iron Hands\n|-end|p1b: Iron Hands|Quark Drive|[silent]\n|\n|-heal|p2a: Dondozo|8\/100|[from] item: Leftovers\n|upkeep\n|\n|t:|1683702328\n|switch|p1b: Iron Bundle|Iron Bundle, L50|100\/100\n|-enditem|p1b: Iron Bundle|Booster Energy\n|-activate|p1b: Iron Bundle|ability: Quark Drive|[fromitem]\n|-start|p1b: Iron Bundle|quarkdrivespe\n|turn|5\n|\n|t:|1683702340\n|move|p1b: Iron Bundle|Freeze-Dry|p2a: Dondozo\n|-supereffective|p2a: Dondozo\n|-damage|p2a: Dondozo|0 fnt\n|faint|p2a: Dondozo\n|move|p1a: Ting-Lu|Stomping Tantrum|p2b: Tatsugiri\n|-damage|p2b: Tatsugiri|36\/100\n|\n|upkeep\n|\n|t:|1683702354\n|switch|p2a: Kingambit|Kingambit, L50, M|100\/100\n|turn|6\n|-activate|p2a: Kingambit|item: Quick Claw\n|\n|t:|1683702367\n|move|p2a: Kingambit|Iron Head|p1b: Iron Bundle\n|-damage|p1b: Iron Bundle|41\/100\n|move|p1b: Iron Bundle|Hydro Pump|p2a: Kingambit|[miss]\n|-miss|p1b: Iron Bundle|p2a: Kingambit\n|move|p2b: Tatsugiri|Muddy Water|p1b: Iron Bundle|[spread] p1a,p1b\n|-supereffective|p1a: Ting-Lu\n|-resisted|p1b: Iron Bundle\n|-damage|p1a: Ting-Lu|0 fnt\n|-damage|p1b: Iron Bundle|19\/100\n|faint|p1a: Ting-Lu\n|\n|upkeep\n|\n|t:|1683702379\n|switch|p1a: Grimmsnarl|Grimmsnarl, L50, M|100\/100\n|turn|7\n|\n|t:|1683702392\n|move|p1a: Grimmsnarl|Thunder Wave|p2a: Kingambit\n|-hint|Since gen 7, Dark is immune to Prankster moves.\n|-immune|p2a: Kingambit\n|move|p2a: Kingambit|Sucker Punch|p1b: Iron Bundle\n|-damage|p1b: Iron Bundle|0 fnt\n|faint|p1b: Iron Bundle\n|-end|p1b: Iron Bundle|Quark Drive|[silent]\n|move|p2b: Tatsugiri|Icy Wind|p1a: Grimmsnarl\n|-damage|p1a: Grimmsnarl|83\/100\n|-unboost|p1a: Grimmsnarl|spe|1\n|\n|upkeep\n|turn|8\n|-message|Jackblast421 forfeited.\n|\n|win|TrainerDylan24\n|raw|Jackblast421's rating: 1091 → 1066<\/strong> (-25 for losing)\n|raw|TrainerDylan24's rating: 1078 → 1107<\/strong> (+29 for winning)\n|l|\u2606Jackblast421\n","uploadtime":1683702409,"views":13,"p1id":"jackblast421","p2id":"trainerdylan24","formatid":"gen9vgc2023regulationc","rating":1066,"private":0,"password":""}