{"id":"gen9vgc2023regulationc-1846968330","p1":"mr. woolwide","p2":"NaughtyGirl-chan","format":"[Gen 9] VGC 2023 Regulation C","log":"|j|\u2606mr. woolwide\n|j|\u2606NaughtyGirl-chan\n|t:|1681907227\n|gametype|doubles\n|player|p1|mr. woolwide|crasherwake|1396\n|player|p2|NaughtyGirl-chan|iono|1470\n|teamsize|p1|6\n|teamsize|p2|6\n|gen|9\n|tier|[Gen 9] VGC 2023 Regulation C\n|rated|\n|rule|Species Clause: Limit one of each Pok\u00e9mon\n|rule|Item Clause: Limit one of each item\n|clearpoke\n|poke|p1|Rotom-Heat, L50|\n|poke|p1|Amoonguss, L50, M|\n|poke|p1|Gyarados, L50, F|\n|poke|p1|Scizor, L50, M|\n|poke|p1|Flutter Mane, L50|\n|poke|p1|Chien-Pao, L50|\n|poke|p2|Dondozo, L50, F|\n|poke|p2|Tatsugiri-Stretchy, L50, M|\n|poke|p2|Pelipper, L50, M|\n|poke|p2|Drednaw, L50, M|\n|poke|p2|Dragonite, L50, F|\n|poke|p2|Chien-Pao, L50|\n|teampreview|4\n|inactive|Battle timer is ON: inactive players will automatically lose when time's up. (requested by NaughtyGirl-chan)\n|inactive|mr. woolwide has 60 seconds left.\n|\n|t:|1681907270\n|start\n|switch|p1a: Rotom|Rotom-Heat, L50|100\/100\n|switch|p1b: Gyarados|Gyarados, L50, F|100\/100\n|switch|p2a: Dondozo|Dondozo, L50, F|100\/100\n|switch|p2b: Pelipper|Pelipper, L50, M|100\/100\n|-ability|p1b: Gyarados|Intimidate|boost\n|-unboost|p2a: Dondozo|atk|1\n|-unboost|p2b: Pelipper|atk|1\n|-weather|RainDance|[from] ability: Drizzle|[of] p2b: Pelipper\n|turn|1\n|\n|t:|1681907293\n|move|p1a: Rotom|Protect|p1a: Rotom\n|-singleturn|p1a: Rotom|Protect\n|move|p2a: Dondozo|Protect|p2a: Dondozo\n|-singleturn|p2a: Dondozo|Protect\n|move|p1b: Gyarados|Thunder Wave|p2a: Dondozo\n|-activate|p2a: Dondozo|move: Protect\n|move|p2b: Pelipper|Hurricane|p1a: Rotom\n|-activate|p1a: Rotom|move: Protect\n|\n|-weather|RainDance|[upkeep]\n|upkeep\n|turn|2\n|\n|t:|1681907309\n|switch|p2b: Tatsugiri|Tatsugiri-Stretchy, L50, M, shiny|100\/100\n|-activate|p2b: Tatsugiri|ability: Commander|[of] p2a: Dondozo\n|-boost|p2a: Dondozo|atk|2\n|-boost|p2a: Dondozo|spa|2\n|-boost|p2a: Dondozo|spe|2\n|-boost|p2a: Dondozo|def|2\n|-boost|p2a: Dondozo|spd|2\n|-terastallize|p1a: Rotom|Water\n|-terastallize|p2a: Dondozo|Water\n|move|p2a: Dondozo|Surf|p1b: Gyarados|[spread] p1a,p1b\n|-miss|p2a: Dondozo|p2b: Tatsugiri\n|-resisted|p1a: Rotom\n|-resisted|p1b: Gyarados\n|-damage|p1a: Rotom|38\/100\n|-damage|p1b: Gyarados|53\/100\n|-damage|p2a: Dondozo|91\/100|[from] item: Life Orb\n|move|p1a: Rotom|Thunderbolt|p2b: Tatsugiri|[miss]\n|-miss|p1a: Rotom|p2b: Tatsugiri\n|move|p1b: Gyarados|Thunder Wave|p2a: Dondozo\n|-status|p2a: Dondozo|par\n|\n|-weather|RainDance|[upkeep]\n|upkeep\n|turn|3\n|\n|t:|1681907332\n|move|p1a: Rotom|Protect|p1a: Rotom\n|-singleturn|p1a: Rotom|Protect\n|move|p1b: Gyarados|Taunt|p2a: Dondozo\n|-start|p2a: Dondozo|move: Taunt\n|move|p2a: Dondozo|Surf|p1b: Gyarados|[spread] p1b\n|-miss|p2a: Dondozo|p2b: Tatsugiri\n|-activate|p1a: Rotom|move: Protect\n|-resisted|p1b: Gyarados\n|-damage|p1b: Gyarados|5\/100\n|-enditem|p1b: Gyarados|Figy Berry|[eat]\n|-heal|p1b: Gyarados|38\/100|[from] item: Figy Berry\n|-damage|p2a: Dondozo|81\/100 par|[from] item: Life Orb\n|\n|-weather|RainDance|[upkeep]\n|upkeep\n|turn|4\n|\n|t:|1681907346\n|switch|p1b: Amoonguss|Amoonguss, L50, M|100\/100\n|move|p1a: Rotom|Thunderbolt|p2a: Dondozo\n|-supereffective|p2a: Dondozo\n|-damage|p2a: Dondozo|43\/100 par\n|move|p2a: Dondozo|Surf|p1a: Rotom|[spread] p1a,p1b\n|-miss|p2a: Dondozo|p2b: Tatsugiri\n|-resisted|p1a: Rotom\n|-resisted|p1b: Amoonguss\n|-damage|p1a: Rotom|0 fnt\n|-damage|p1b: Amoonguss|48\/100\n|-enditem|p1b: Amoonguss|Sitrus Berry|[eat]\n|-heal|p1b: Amoonguss|72\/100|[from] item: Sitrus Berry\n|faint|p1a: Rotom\n|-damage|p2a: Dondozo|33\/100 par|[from] item: Life Orb\n|\n|-weather|RainDance|[upkeep]\n|upkeep\n|\n|t:|1681907350\n|switch|p1a: Flutter Mane|Flutter Mane, L50|100\/100\n|turn|5\n|\n|t:|1681907370\n|move|p1a: Flutter Mane|Moonblast|p2a: Dondozo\n|-damage|p2a: Dondozo|0 fnt\n|faint|p2a: Dondozo\n|move|p1b: Amoonguss|Spore|p2b: Tatsugiri\n|-status|p2b: Tatsugiri|slp|[from] move: Spore\n|\n|-weather|RainDance|[upkeep]\n|upkeep\n|\n|t:|1681907374\n|switch|p2a: Drednaw|Drednaw, L50, M|100\/100\n|turn|6\n|j| THUNDERSND77\n|\n|t:|1681907388\n|-end|p1a: Flutter Mane|Protosynthesis|[silent]\n|switch|p1a: Gyarados|Gyarados, L50, F|38\/100\n|-ability|p1a: Gyarados|Intimidate|boost\n|-unboost|p2a: Drednaw|atk|1\n|-unboost|p2b: Tatsugiri|atk|1\n|move|p2a: Drednaw|Rock Slide|p1b: Amoonguss|[spread] p1a,p1b\n|-supereffective|p1a: Gyarados\n|-damage|p1a: Gyarados|0 fnt\n|-damage|p1b: Amoonguss|50\/100\n|faint|p1a: Gyarados\n|cant|p2b: Tatsugiri|slp\n|move|p1b: Amoonguss|Spore|p2a: Drednaw\n|-status|p2a: Drednaw|slp|[from] move: Spore\n|\n|-weather|RainDance|[upkeep]\n|upkeep\n|\n|t:|1681907391\n|switch|p1a: Flutter Mane|Flutter Mane, L50|100\/100\n|turn|7\n|\n|t:|1681907405\n|cant|p2a: Drednaw|slp\n|cant|p2b: Tatsugiri|slp\n|move|p1a: Flutter Mane|Moonblast|p2b: Tatsugiri\n|-supereffective|p2b: Tatsugiri\n|-damage|p2b: Tatsugiri|0 fnt\n|faint|p2b: Tatsugiri\n|move|p1b: Amoonguss|Pollen Puff|p2a: Drednaw\n|-damage|p2a: Drednaw|74\/100 slp\n|\n|-weather|RainDance|[upkeep]\n|upkeep\n|\n|t:|1681907413\n|switch|p2b: Pelipper|Pelipper, L50, M|100\/100\n|turn|8\n|\n|t:|1681907426\n|move|p1b: Amoonguss|Rage Powder|p1b: Amoonguss\n|-singleturn|p1b: Amoonguss|move: Rage Powder\n|cant|p2a: Drednaw|slp\n|move|p1a: Flutter Mane|Moonblast|p2a: Drednaw\n|-damage|p2a: Drednaw|0 fnt\n|faint|p2a: Drednaw\n|move|p2b: Pelipper|Hurricane|p1b: Amoonguss\n|-supereffective|p1b: Amoonguss\n|-damage|p1b: Amoonguss|0 fnt\n|faint|p1b: Amoonguss\n|\n|-weather|none\n|upkeep\n|turn|9\n|j| Sauromon\n|\n|t:|1681907438\n|move|p1a: Flutter Mane|Moonblast|p2b: Pelipper\n|-damage|p2b: Pelipper|6\/100\n|move|p2b: Pelipper|Hydro Pump|p1a: Flutter Mane\n|-damage|p1a: Flutter Mane|54\/100\n|\n|upkeep\n|turn|10\n|-message|NaughtyGirl-chan forfeited.\n|\n|win|mr. woolwide\n|raw|mr. woolwide's rating: 1396 → 1420<\/strong> (+24 for winning)\n|raw|NaughtyGirl-chan's rating: 1470 → 1446<\/strong> (-24 for losing)\n|l|\u2606NaughtyGirl-chan\n","uploadtime":1681907455,"views":54,"p1id":"mrwoolwide","p2id":"naughtygirlchan","formatid":"gen9vgc2023regulationc","rating":1420,"private":0,"password":""}