{"id":"gen9vgc2023regulationc-1859427517","p1":"WBG Angel","p2":"Blaziken Blazers","format":"[Gen 9] VGC 2023 Regulation C","log":"|j|\u2606WBG Angel\n|j|\u2606Blaziken Blazers\n|t:|1683465508\n|gametype|doubles\n|player|p1|WBG Angel|dahlia|\n|player|p2|Blaziken Blazers|hooligans|\n|teamsize|p1|6\n|teamsize|p2|6\n|gen|9\n|tier|[Gen 9] VGC 2023 Regulation C\n|rule|Species Clause: Limit one of each Pok\u00e9mon\n|rule|Item Clause: Limit one of each item\n|clearpoke\n|poke|p1|Talonflame, L50, M|\n|poke|p1|Rotom-Wash, L50|\n|poke|p1|Flutter Mane, L50|\n|poke|p1|Krookodile, L50, F|\n|poke|p1|Tinkatuff, L50, F|\n|poke|p1|Breloom, L50, M|\n|poke|p2|Roaring Moon, L50|\n|poke|p2|Gholdengo, L50|\n|poke|p2|Sylveon, L50, M|\n|poke|p2|Mudsdale, L50, F|\n|poke|p2|Tauros-Paldea-Aqua, L50, M|\n|poke|p2|Vivillon-Monsoon, L50, F|\n|teampreview|4\nWBG Angel rejected open team sheets.\n|c|\u2606WBG Angel|G2\n|c|\u2606Blaziken Blazers|glhf\n|c|\u2606WBG Angel|Gl hf\n|\n|t:|1683465834\n|start\n|switch|p1a: Breloom|Breloom, L50, M|100\/100\n|switch|p1b: Talonflame|Talonflame, L50, M|100\/100\n|switch|p2a: QT 22\/7|Sylveon, L50, M, shiny|100\/100\n|switch|p2b: Gadha|Mudsdale, L50, F, shiny|100\/100\n|turn|1\n|\n|t:|1683465854\n|-terastallize|p2b: Gadha|Fire\n|move|p1a: Breloom|Spore|p2a: QT 22\/7\n|-status|p2a: QT 22\/7|slp|[from] move: Spore\n|move|p1b: Talonflame|Will-O-Wisp|p2b: Gadha\n|-immune|p2b: Gadha\n|cant|p2a: QT 22\/7|slp\n|move|p2b: Gadha|Rock Slide|p1b: Talonflame|[spread] p1a,p1b\n|-resisted|p1a: Breloom\n|-supereffective|p1b: Talonflame\n|-damage|p1a: Breloom|85\/100\n|-damage|p1b: Talonflame|6\/100\n|\n|upkeep\n|turn|2\n|\n|t:|1683465882\n|switch|p2b: Subway Surfer|Gholdengo, L50|100\/100\n|move|p1a: Breloom|Spore|p2b: Subway Surfer\n|-immune|p2b: Subway Surfer|[from] ability: Good as Gold\n|move|p1b: Talonflame|Tailwind|p1b: Talonflame\n|-sidestart|p1: WBG Angel|move: Tailwind\n|cant|p2a: QT 22\/7|slp\n|\n|upkeep\n|turn|3\n|\n|t:|1683465901\n|switch|p1a: Rotom|Rotom-Wash, L50|100\/100\n|move|p2b: Subway Surfer|Protect|p2b: Subway Surfer\n|-singleturn|p2b: Subway Surfer|Protect\n|move|p1b: Talonflame|Overheat|p2b: Subway Surfer\n|-activate|p2b: Subway Surfer|move: Protect\n|-curestatus|p2a: QT 22\/7|slp|[msg]\n|move|p2a: QT 22\/7|Hyper Voice|p1a: Rotom|[spread] p1a,p1b\n|-resisted|p1b: Talonflame\n|-damage|p1a: Rotom|48\/100\n|-damage|p1b: Talonflame|0 fnt\n|faint|p1b: Talonflame\n|-enditem|p2a: QT 22\/7|Throat Spray\n|-boost|p2a: QT 22\/7|spa|1|[from] item: Throat Spray\n|\n|upkeep\n|\n|t:|1683465925\n|switch|p1b: Breloom|Breloom, L50, M|85\/100\n|turn|4\n|\n|t:|1683465987\n|-terastallize|p1a: Rotom|Electric\n|move|p2a: QT 22\/7|Protect|p2a: QT 22\/7\n|-singleturn|p2a: QT 22\/7|Protect\n|move|p1b: Breloom|Spore|p2a: QT 22\/7\n|-activate|p2a: QT 22\/7|move: Protect\n|move|p1a: Rotom|Thunderbolt|p2b: Subway Surfer\n|-damage|p2b: Subway Surfer|25\/100\n|-damage|p1a: Rotom|39\/100|[from] item: Life Orb\n|move|p2b: Subway Surfer|Shadow Ball|p1b: Breloom\n|-damage|p1b: Breloom|0 fnt\n|faint|p1b: Breloom\n|-damage|p2b: Subway Surfer|15\/100|[from] item: Life Orb\n|\n|upkeep\n|\n|t:|1683466005\n|switch|p1b: Flutter Mane|Flutter Mane, L50|100\/100\n|turn|5\n|\n|t:|1683466032\n|move|p1b: Flutter Mane|Mystical Fire|p2a: QT 22\/7\n|-damage|p2a: QT 22\/7|81\/100\n|-unboost|p2a: QT 22\/7|spa|1\n|move|p1a: Rotom|Thunderbolt|p2b: Subway Surfer\n|-damage|p2b: Subway Surfer|0 fnt\n|faint|p2b: Subway Surfer\n|-damage|p1a: Rotom|29\/100|[from] item: Life Orb\n|move|p2a: QT 22\/7|Hyper Voice|p1b: Flutter Mane|[spread] p1a,p1b\n|-damage|p1a: Rotom|0 fnt\n|-damage|p1b: Flutter Mane|60\/100\n|faint|p1a: Rotom\n|\n|-sideend|p1: WBG Angel|move: Tailwind\n|upkeep\n|\n|t:|1683466046\n|switch|p2b: Gadha|Mudsdale, L50, F, shiny, tera:Fire|100\/100\n|turn|6\n|\n|t:|1683466066\n|move|p1b: Flutter Mane|Shadow Ball|p2b: Gadha\n|-damage|p2b: Gadha|73\/100\n|move|p2a: QT 22\/7|Shadow Ball|p1b: Flutter Mane\n|-supereffective|p1b: Flutter Mane\n|-damage|p1b: Flutter Mane|5\/100\n|move|p2b: Gadha|High Horsepower|p1b: Flutter Mane\n|-damage|p1b: Flutter Mane|0 fnt\n|faint|p1b: Flutter Mane\n|-end|p1b: Flutter Mane|Protosynthesis|[silent]\n|\n|win|Blaziken Blazers\n|c|\u2606Blaziken Blazers|ggs\n|c|\u2606WBG Angel|Gg\n|l|\u2606WBG Angel\n|c|\u2606Blaziken Blazers|Your team was scary\n","uploadtime":1683466139,"views":6,"p1id":"wbgangel","p2id":"blazikenblazers","formatid":"gen9vgc2023regulationc","rating":0,"private":0,"password":""}