{"id":"gen9vgc2023regulationc-1845977319","p1":"Hd70","p2":"WDMichael","format":"[Gen 9] VGC 2023 Regulation C","log":"|j|\u2606Hd70\n|j|\u2606WDMichael\n|t:|1681786332\n|gametype|doubles\n|player|p1|Hd70|101|1332\n|player|p2|WDMichael|265|1300\n|teamsize|p1|6\n|teamsize|p2|6\n|gen|9\n|tier|[Gen 9] VGC 2023 Regulation C\n|rated|\n|rule|Species Clause: Limit one of each Pok\u00e9mon\n|rule|Item Clause: Limit one of each item\n|clearpoke\n|poke|p1|Flutter Mane, L50|\n|poke|p1|Scream Tail, L50|\n|poke|p1|Gothitelle, L50, F|\n|poke|p1|Great Tusk, L50|\n|poke|p1|Amoonguss, L50, F|\n|poke|p1|Corviknight, L50, M|\n|poke|p2|Ting-Lu, L50|\n|poke|p2|Abomasnow, L50, M|\n|poke|p2|Beartic, L50, M|\n|poke|p2|Cryogonal, L50|\n|poke|p2|Garganacl, L50, M|\n|poke|p2|Kingambit, L50, F|\n|teampreview|4\n|\n|t:|1681786359\n|start\n|switch|p1a: Scream Tail|Scream Tail, L50|100\/100\n|switch|p1b: Corviknight|Corviknight, L50, M|100\/100\n|switch|p2a: Abomasnow|Abomasnow, L50, M, shiny|100\/100\n|switch|p2b: Beartic|Beartic, L50, M, shiny|100\/100\n|-weather|Snow|[from] ability: Snow Warning|[of] p2a: Abomasnow\n|turn|1\n|\n|t:|1681786412\n|-terastallize|p1a: Scream Tail|Steel\n|move|p2b: Beartic|Sheer Cold|p1b: Corviknight|[miss]\n|-miss|p2b: Beartic|p1b: Corviknight\n|move|p1a: Scream Tail|Perish Song|p1a: Scream Tail\n|-start|p1a: Scream Tail|perish3|[silent]\n|-start|p1b: Corviknight|perish3|[silent]\n|-start|p2a: Abomasnow|perish3|[silent]\n|-start|p2b: Beartic|perish3|[silent]\n|-fieldactivate|move: Perish Song\n|move|p1b: Corviknight|U-turn|p2a: Abomasnow\n|-supereffective|p2a: Abomasnow\n|-damage|p2a: Abomasnow|85\/100\n|\n|t:|1681786421\n|switch|p1b: Gothitelle|Gothitelle, L50, F|100\/100|[from] U-turn\n|move|p2a: Abomasnow|Aurora Veil|p2a: Abomasnow\n|-sidestart|p2: WDMichael|move: Aurora Veil\n|\n|-weather|Snow|[upkeep]\n|-start|p2b: Beartic|perish3\n|-start|p1a: Scream Tail|perish3\n|-start|p2a: Abomasnow|perish3\n|upkeep\n|turn|2\n|\n|t:|1681786440\n|move|p1b: Gothitelle|Fake Out|p2b: Beartic\n|-damage|p2b: Beartic|98\/100\n|cant|p2b: Beartic|flinch\n|move|p1a: Scream Tail|Disable|p2b: Beartic\n|-start|p2b: Beartic|Disable|Sheer Cold\n|move|p2a: Abomasnow|Sheer Cold|p1a: Scream Tail\n|-damage|p1a: Scream Tail|0 fnt\n|faint|p1a: Scream Tail\n|-end|p1a: Scream Tail|Protosynthesis|[silent]\n|-ohko\n|\n|-weather|Snow|[upkeep]\n|-start|p2b: Beartic|perish2\n|-start|p2a: Abomasnow|perish2\n|upkeep\n|\n|t:|1681786455\n|switch|p1a: Corviknight|Corviknight, L50, M|100\/100\n|turn|3\n|\n|t:|1681786480\n|move|p1a: Corviknight|Protect|p1a: Corviknight\n|-singleturn|p1a: Corviknight|Protect\n|move|p1b: Gothitelle|Protect|p1b: Gothitelle\n|-singleturn|p1b: Gothitelle|Protect\n|move|p2b: Beartic|Encore|p1a: Corviknight\n|-activate|p1a: Corviknight|move: Protect\n|move|p2a: Abomasnow|Sheer Cold|p1b: Gothitelle\n|-activate|p1b: Gothitelle|move: Protect\n|\n|-weather|Snow|[upkeep]\n|-start|p2b: Beartic|perish1\n|-start|p2a: Abomasnow|perish1\n|upkeep\n|turn|4\n|\n|t:|1681786507\n|move|p2b: Beartic|Encore|p1a: Corviknight\n|-start|p1a: Corviknight|Encore\n|move|p1a: Corviknight|Protect||[still]\n|-fail|p1a: Corviknight\n|move|p2a: Abomasnow|Sheer Cold|p1b: Gothitelle|[miss]\n|-miss|p2a: Abomasnow|p1b: Gothitelle\n|move|p1b: Gothitelle|Thunder Wave|p2b: Beartic\n|-status|p2b: Beartic|par\n|\n|-weather|Snow|[upkeep]\n|-start|p2b: Beartic|perish0\n|-start|p2a: Abomasnow|perish0\n|faint|p2b: Beartic\n|faint|p2a: Abomasnow\n|upkeep\n|\n|t:|1681786522\n|switch|p2b: Kingambit|Kingambit, L50, F, shiny|100\/100\n|switch|p2a: Cryogonal|Cryogonal, L50, shiny|100\/100\n|turn|5\n|\n|t:|1681786540\n|move|p1a: Corviknight|Protect|p1a: Corviknight\n|-singleturn|p1a: Corviknight|Protect\n|move|p2a: Cryogonal|Sheer Cold|p1a: Corviknight\n|-activate|p1a: Corviknight|move: Protect\n|move|p1b: Gothitelle|Psychic|p2a: Cryogonal\n|-damage|p2a: Cryogonal|86\/100\n|-unboost|p2a: Cryogonal|spd|1\n|move|p2b: Kingambit|Guillotine|p1b: Gothitelle|[miss]\n|-miss|p2b: Kingambit|p1b: Gothitelle\n|\n|-weather|none\n|upkeep\n|turn|6\n|\n|t:|1681786557\n|move|p1a: Corviknight|Protect||[still]\n|-fail|p1a: Corviknight\n|move|p2a: Cryogonal|Sheer Cold|p1a: Corviknight\n|-damage|p1a: Corviknight|0 fnt\n|faint|p1a: Corviknight\n|-ohko\n|move|p1b: Gothitelle|Psychic|p2a: Cryogonal\n|-damage|p2a: Cryogonal|64\/100\n|move|p2b: Kingambit|Guillotine|p1b: Gothitelle|[miss]\n|-miss|p2b: Kingambit|p1b: Gothitelle\n|\n|upkeep\n|\n|t:|1681786567\n|switch|p1a: Great Tusk|Great Tusk, L50|100\/100\n|-enditem|p1a: Great Tusk|Booster Energy\n|-activate|p1a: Great Tusk|ability: Protosynthesis|[fromitem]\n|-start|p1a: Great Tusk|protosynthesisatk\n|turn|7\n|\n|t:|1681786587\n|-terastallize|p2b: Kingambit|Flying\n|move|p1a: Great Tusk|Close Combat|p2b: Kingambit\n|-resisted|p2b: Kingambit\n|-damage|p2b: Kingambit|79\/100\n|-unboost|p1a: Great Tusk|def|1\n|-unboost|p1a: Great Tusk|spd|1\n|move|p2a: Cryogonal|Sheer Cold|p1a: Great Tusk|[miss]\n|-miss|p2a: Cryogonal|p1a: Great Tusk\n|move|p1b: Gothitelle|Psychic|p2a: Cryogonal\n|-damage|p2a: Cryogonal|43\/100\n|move|p2b: Kingambit|Guillotine|p1a: Great Tusk\n|-damage|p1a: Great Tusk|0 fnt\n|faint|p1a: Great Tusk\n|-end|p1a: Great Tusk|Protosynthesis|[silent]\n|-ohko\n|\n|upkeep\n|turn|8\n|-message|Hd70 forfeited.\n|\n|win|WDMichael\n|raw|Hd70's rating: 1332 → 1310<\/strong> (-22 for losing)\n|raw|WDMichael's rating: 1300 → 1327<\/strong> (+27 for winning)\n|l|\u2606Hd70\n","uploadtime":1681786611,"views":4,"p1id":"hd70","p2id":"wdmichael","formatid":"gen9vgc2023regulationc","rating":1310,"private":0,"password":""}