{"id":"gen9vgc2023regulationc-1859986264","p1":"Dremtrin","p2":"WHITEWOLF081","format":"[Gen 9] VGC 2023 Regulation C","log":"|j|\u2606Dremtrin\n|j|\u2606WHITEWOLF081\n|t:|1683582160\n|gametype|doubles\n|player|p1|Dremtrin|170|1245\n|player|p2|WHITEWOLF081|169|1157\n|teamsize|p1|6\n|teamsize|p2|6\n|gen|9\n|tier|[Gen 9] VGC 2023 Regulation C\n|rated|\n|rule|Species Clause: Limit one of each Pok\u00e9mon\n|rule|Item Clause: Limit one of each item\n|clearpoke\n|poke|p1|Arcanine, L50, F|\n|poke|p1|Flutter Mane, L50|\n|poke|p1|Azumarill, L50, M|\n|poke|p1|Dragonite, L50, F|\n|poke|p1|Grimmsnarl, L50, M|\n|poke|p1|Chien-Pao, L50|\n|poke|p2|Torkoal, L50, F|\n|poke|p2|Grimmsnarl, L50, M|\n|poke|p2|Flutter Mane, L50|\n|poke|p2|Arcanine, L50, M|\n|poke|p2|Lilligant, L50, F|\n|poke|p2|Ting-Lu, L50|\n|teampreview|4\nWHITEWOLF081 has agreed to open team sheets.\n|\n|t:|1683582186\n|start\n|switch|p1a: Arcanine|Arcanine, L50, F|100\/100\n|switch|p1b: Grimmsnarl|Grimmsnarl, L50, M|100\/100\n|switch|p2a: Arcanine|Arcanine, L50, M|100\/100\n|switch|p2b: Grimmsnarl|Grimmsnarl, L50, M, shiny|100\/100\n|-ability|p2a: Arcanine|Intimidate|boost\n|-unboost|p1a: Arcanine|atk|1\n|-unboost|p1b: Grimmsnarl|atk|1\n|-ability|p1a: Arcanine|Intimidate|boost\n|-unboost|p2a: Arcanine|atk|1\n|-unboost|p2b: Grimmsnarl|atk|1\n|turn|1\n|\n|t:|1683582213\n|move|p1b: Grimmsnarl|Reflect|p1b: Grimmsnarl\n|-sidestart|p1: Dremtrin|Reflect\n|move|p2b: Grimmsnarl|Reflect|p2b: Grimmsnarl\n|-sidestart|p2: WHITEWOLF081|Reflect\n|move|p2a: Arcanine|Will-O-Wisp|p1b: Grimmsnarl\n|-status|p1b: Grimmsnarl|brn\n|move|p1a: Arcanine|Will-O-Wisp|p2b: Grimmsnarl\n|-status|p2b: Grimmsnarl|brn\n|\n|-damage|p1b: Grimmsnarl|95\/100 brn|[from] brn\n|-damage|p2b: Grimmsnarl|95\/100 brn|[from] brn\n|upkeep\n|turn|2\n|c|\u2606WHITEWOLF081|Good play\n|c|\u2606WHITEWOLF081|Pls don\u2019t timer. One sec\n|\n|t:|1683582281\n|switch|p2a: Flutter Mane|Flutter Mane, L50|100\/100\n|switch|p1a: Dragonite|Dragonite, L50, F|100\/100\n|switch|p1b: Azumarill|Azumarill, L50, M|100\/100\n|move|p2b: Grimmsnarl|Parting Shot|p1a: Dragonite\n|-unboost|p1a: Dragonite|atk|1\n|-unboost|p1a: Dragonite|spa|1\n|\n|t:|1683582302\n|switch|p2b: Arcanine|Arcanine, L50, M|100\/100|[from] Parting Shot\n|-ability|p2b: Arcanine|Intimidate|boost\n|-unboost|p1a: Dragonite|atk|1\n|-unboost|p1b: Azumarill|atk|1\n|\n|upkeep\n|turn|3\n|c|\u2606WHITEWOLF081|Thx sorr\n|\n|t:|1683582378\n|-end|p2a: Flutter Mane|Protosynthesis|[silent]\n|switch|p2a: Grimmsnarl|Grimmsnarl, L50, M, shiny|95\/100 brn\n|switch|p1a: Grimmsnarl|Grimmsnarl, L50, M|95\/100 brn\n|move|p1b: Azumarill|Protect|p1b: Azumarill\n|-singleturn|p1b: Azumarill|Protect\n|move|p2b: Arcanine|Sunny Day|p2b: Arcanine\n|-weather|SunnyDay\n|\n|-weather|SunnyDay|[upkeep]\n|-damage|p1a: Grimmsnarl|89\/100 brn|[from] brn\n|-damage|p2a: Grimmsnarl|89\/100 brn|[from] brn\n|upkeep\n|turn|4\n|\n|t:|1683582412\n|switch|p1b: Arcanine|Arcanine, L50, F|100\/100\n|-ability|p1b: Arcanine|Intimidate|boost\n|-unboost|p2a: Grimmsnarl|atk|1\n|-unboost|p2b: Arcanine|atk|1\n|move|p1a: Grimmsnarl|Thunder Wave|p2b: Arcanine|[miss]\n|-miss|p1a: Grimmsnarl|p2b: Arcanine\n|move|p2a: Grimmsnarl|Parting Shot|p1b: Arcanine\n|-unboost|p1b: Arcanine|atk|1\n|-unboost|p1b: Arcanine|spa|1\n|\n|t:|1683582424\n|switch|p2a: Flutter Mane|Flutter Mane, L50|100\/100|[from] Parting Shot\n|-activate|p2a: Flutter Mane|ability: Protosynthesis\n|-start|p2a: Flutter Mane|protosynthesisspe\n|move|p2b: Arcanine|Will-O-Wisp|p1b: Arcanine\n|-immune|p1b: Arcanine\n|\n|-weather|SunnyDay|[upkeep]\n|-damage|p1a: Grimmsnarl|83\/100 brn|[from] brn\n|upkeep\n|turn|5\n|\n|t:|1683582461\n|move|p2b: Arcanine|Extreme Speed|p1b: Arcanine\n|-damage|p1b: Arcanine|87\/100\n|-damage|p2b: Arcanine|84\/100|[from] item: Rocky Helmet|[of] p1b: Arcanine\n|move|p1a: Grimmsnarl|Thunder Wave|p2b: Arcanine\n|-status|p2b: Arcanine|par\n|move|p2a: Flutter Mane|Shadow Ball|p1b: Arcanine\n|-damage|p1b: Arcanine|15\/100\n|move|p1b: Arcanine|Snarl|p2a: Flutter Mane|[spread] p2a,p2b\n|-damage|p2a: Flutter Mane|93\/100\n|-damage|p2b: Arcanine|76\/100 par\n|-unboost|p2a: Flutter Mane|spa|1\n|-unboost|p2b: Arcanine|spa|1\n|\n|-weather|SunnyDay|[upkeep]\n|-damage|p1a: Grimmsnarl|77\/100 brn|[from] brn\n|upkeep\n|turn|6\n|\n|t:|1683582506\n|-end|p2a: Flutter Mane|Protosynthesis|[silent]\n|switch|p2a: Grimmsnarl|Grimmsnarl, L50, M, shiny|89\/100 brn\n|move|p1a: Grimmsnarl|Thunder Wave|p2a: Grimmsnarl\n|-hint|Since gen 7, Dark is immune to Prankster moves.\n|-immune|p2a: Grimmsnarl\n|move|p1b: Arcanine|Flare Blitz|p2a: Grimmsnarl\n|-damage|p2a: Grimmsnarl|49\/100 brn\n|-damage|p1b: Arcanine|0 fnt|[from] Recoil\n|faint|p1b: Arcanine\n|cant|p2b: Arcanine|par\n|\n|-weather|SunnyDay|[upkeep]\n|-damage|p1a: Grimmsnarl|71\/100 brn|[from] brn\n|-damage|p2a: Grimmsnarl|43\/100 brn|[from] brn\n|upkeep\n|\n|t:|1683582520\n|switch|p1b: Dragonite|Dragonite, L50, F|100\/100\n|turn|7\n|\n|t:|1683582540\n|move|p1a: Grimmsnarl|Light Screen|p1a: Grimmsnarl\n|-sidestart|p1: Dremtrin|move: Light Screen\n|move|p1b: Dragonite|Safeguard|p1b: Dragonite\n|-sidestart|p1: Dremtrin|Safeguard\n|move|p2a: Grimmsnarl|Spirit Break|p1b: Dragonite\n|-supereffective|p1b: Dragonite\n|-damage|p1b: Dragonite|90\/100\n|-unboost|p1b: Dragonite|spa|1\n|move|p2b: Arcanine|Will-O-Wisp|p1b: Dragonite\n|-activate|p1b: Dragonite|move: Safeguard\n|\n|-weather|none\n|-heal|p1b: Dragonite|97\/100|[from] item: Leftovers\n|-damage|p1a: Grimmsnarl|65\/100 brn|[from] brn\n|-damage|p2a: Grimmsnarl|37\/100 brn|[from] brn\n|upkeep\n|turn|8\n|\n|t:|1683582639\n|switch|p2b: Flutter Mane|Flutter Mane, L50|93\/100\n|move|p2a: Grimmsnarl|Parting Shot|p1b: Dragonite\n|-unboost|p1b: Dragonite|atk|1\n|-unboost|p1b: Dragonite|spa|1\n|\n|t:|1683582645\n|switch|p2a: Arcanine|Arcanine, L50, M|76\/100 par|[from] Parting Shot\n|-ability|p2a: Arcanine|Intimidate|boost\n|-unboost|p1a: Grimmsnarl|atk|1\n|-unboost|p1b: Dragonite|atk|1\n|move|p1b: Dragonite|Iron Head|p2a: Arcanine\n|-resisted|p2a: Arcanine\n|-damage|p2a: Arcanine|70\/100 par\n|move|p1a: Grimmsnarl|Play Rough|p2a: Arcanine\n|-resisted|p2a: Arcanine\n|-damage|p2a: Arcanine|63\/100 par\n|\n|-heal|p1b: Dragonite|100\/100|[from] item: Leftovers\n|-damage|p1a: Grimmsnarl|59\/100 brn|[from] brn\n|-sideend|p2: WHITEWOLF081|Reflect\n|-sideend|p1: Dremtrin|Reflect\n|upkeep\n|turn|9\n|\n|t:|1683582689\n|-terastallize|p2b: Flutter Mane|Fairy\n|move|p2a: Arcanine|Extreme Speed|p1b: Dragonite\n|-damage|p1b: Dragonite|88\/100\n|move|p1a: Grimmsnarl|Reflect|p1a: Grimmsnarl\n|-sidestart|p1: Dremtrin|Reflect\n|move|p2b: Flutter Mane|Dazzling Gleam|p1b: Dragonite|[spread] p1a,p1b\n|-supereffective|p1a: Grimmsnarl\n|-supereffective|p1b: Dragonite\n|-damage|p1a: Grimmsnarl|0 fnt\n|-damage|p1b: Dragonite|14\/100\n|faint|p1a: Grimmsnarl\n|move|p1b: Dragonite|Iron Head|p2b: Flutter Mane\n|-supereffective|p2b: Flutter Mane\n|-damage|p2b: Flutter Mane|27\/100\n|\n|-heal|p1b: Dragonite|20\/100|[from] item: Leftovers\n|upkeep\n|\n|t:|1683582703\n|switch|p1a: Azumarill|Azumarill, L50, M|100\/100\n|turn|10\n|\n|t:|1683582715\n|-end|p2b: Flutter Mane|Protosynthesis|[silent]\n|switch|p2b: Grimmsnarl|Grimmsnarl, L50, M, shiny|37\/100 brn\n|-terastallize|p1b: Dragonite|Normal\n|move|p1b: Dragonite|Extreme Speed|p2b: Grimmsnarl\n|-damage|p2b: Grimmsnarl|5\/100 brn\n|move|p2a: Arcanine|Sunny Day|p2a: Arcanine\n|-weather|SunnyDay\n|move|p1a: Azumarill|Belly Drum|p1a: Azumarill\n|-damage|p1a: Azumarill|51\/100\n|-setboost|p1a: Azumarill|atk|6|[from] move: Belly Drum\n|\n|-weather|SunnyDay|[upkeep]\n|-heal|p1b: Dragonite|26\/100|[from] item: Leftovers\n|-damage|p2b: Grimmsnarl|0 fnt|[from] brn\n|faint|p2b: Grimmsnarl\n|upkeep\n|\n|t:|1683582732\n|switch|p2b: Lilligant|Lilligant, L50, F|100\/100\n|turn|11\n|inactive|Battle timer is ON: inactive players will automatically lose when time's up. (requested by Dremtrin)\n|inactive|WHITEWOLF081 has 60 seconds left.\n|\n|t:|1683582866\n|move|p1a: Azumarill|Protect|p1a: Azumarill\n|-singleturn|p1a: Azumarill|Protect\n|move|p1b: Dragonite|Extreme Speed|p2b: Lilligant\n|-damage|p2b: Lilligant|70\/100\n|move|p2a: Arcanine|Extreme Speed|p1b: Dragonite\n|-damage|p1b: Dragonite|7\/100\n|move|p2b: Lilligant|Giga Drain|p1a: Azumarill\n|-activate|p1a: Azumarill|move: Protect\n|\n|-weather|SunnyDay|[upkeep]\n|-heal|p2b: Lilligant|76\/100|[from] item: Leftovers\n|-heal|p1b: Dragonite|13\/100|[from] item: Leftovers\n|-sideend|p1: Dremtrin|Safeguard\n|upkeep\n|turn|12\n|inactive|WHITEWOLF081 has 30 seconds left.\n|inactive|WHITEWOLF081 has 20 seconds left.\n|inactive|WHITEWOLF081 has 15 seconds left.\n|inactive|WHITEWOLF081 has 10 seconds left.\n|inactive|WHITEWOLF081 has 5 seconds left.\n|\n|t:|1683582921\n|move|p1b: Dragonite|Extreme Speed|p2b: Lilligant\n|-damage|p2b: Lilligant|47\/100\n|move|p1a: Azumarill|Aqua Jet|p2b: Lilligant\n|-resisted|p2b: Lilligant\n|-damage|p2b: Lilligant|13\/100\n|move|p2b: Lilligant|Giga Drain|p1b: Dragonite\n|-damage|p1b: Dragonite|0 fnt\n|-heal|p2b: Lilligant|20\/100|[from] drain|[of] p1b: Dragonite\n|faint|p1b: Dragonite\n|move|p2a: Arcanine|Flare Blitz|p1a: Azumarill\n|-resisted|p1a: Azumarill\n|-damage|p1a: Azumarill|21\/100\n|-enditem|p1a: Azumarill|Sitrus Berry|[eat]\n|-heal|p1a: Azumarill|45\/100|[from] item: Sitrus Berry\n|-damage|p2a: Arcanine|51\/100 par|[from] Recoil\n|\n|-weather|SunnyDay|[upkeep]\n|-heal|p2b: Lilligant|26\/100|[from] item: Leftovers\n|upkeep\n|turn|13\n|inactive|WHITEWOLF081 has 30 seconds left.\n|\n|t:|1683582953\n|move|p1a: Azumarill|Aqua Jet|p2b: Lilligant\n|-resisted|p2b: Lilligant\n|-damage|p2b: Lilligant|0 fnt\n|faint|p2b: Lilligant\n|move|p2a: Arcanine|Flare Blitz|p1a: Azumarill\n|-resisted|p1a: Azumarill\n|-damage|p1a: Azumarill|15\/100\n|-status|p1a: Azumarill|brn\n|-damage|p2a: Arcanine|39\/100 par|[from] Recoil\n|\n|-weather|SunnyDay|[upkeep]\n|-damage|p1a: Azumarill|9\/100 brn|[from] brn\n|upkeep\n|\n|t:|1683582965\n|switch|p2b: Flutter Mane|Flutter Mane, L50, tera:Fairy|27\/100\n|-activate|p2b: Flutter Mane|ability: Protosynthesis\n|-start|p2b: Flutter Mane|protosynthesisspe\n|turn|14\n|\n|t:|1683582978\n|move|p2a: Arcanine|Extreme Speed|p1a: Azumarill\n|-damage|p1a: Azumarill|0 fnt\n|faint|p1a: Azumarill\n|\n|win|WHITEWOLF081\n|raw|Dremtrin's rating: 1245 → 1214<\/strong> (-31 for losing)\n|raw|WHITEWOLF081's rating: 1157 → 1188<\/strong> (+31 for winning)\n|l|\u2606Dremtrin\n","uploadtime":1683582988,"views":5,"p1id":"dremtrin","p2id":"whitewolf081","formatid":"gen9vgc2023regulationc","rating":1188,"private":0,"password":""}