{"id":"gen9vgc2023regulationc-1860853454","p1":"calidom","p2":"Alexis_student","format":"[Gen 9] VGC 2023 Regulation C","log":"|j|\u2606calidom\n|j|\u2606Alexis_student\n|t:|1683686007\n|gametype|doubles\n|player|p1|calidom|102|1093\n|player|p2|Alexis_student|265|1198\n|teamsize|p1|6\n|teamsize|p2|6\n|gen|9\n|tier|[Gen 9] VGC 2023 Regulation C\n|rated|\n|rule|Species Clause: Limit one of each Pok\u00e9mon\n|rule|Item Clause: Limit one of each item\n|clearpoke\n|poke|p1|Iron Hands, L50|\n|poke|p1|Pelipper, L50, M|\n|poke|p1|Ceruledge, L50, F|\n|poke|p1|Palafin, L50, M|\n|poke|p1|Garganacl, L50, F|\n|poke|p1|Amoonguss, L50, F|\n|poke|p2|Chi-Yu, L50|\n|poke|p2|Flutter Mane, L50|\n|poke|p2|Palafin, L50, M|\n|poke|p2|Iron Hands, L50|\n|poke|p2|Dragonite, L50, F|\n|poke|p2|Amoonguss, L50, M|\n|teampreview|4\n|inactive|Battle timer is ON: inactive players will automatically lose when time's up. (requested by calidom)\n|inactive|calidom has 60 seconds left.\n|\n|t:|1683686050\n|start\n|switch|p1a: Amoonguss|Amoonguss, L50, F|100\/100\n|switch|p1b: Iron Hands|Iron Hands, L50|100\/100\n|switch|p2a: Iron Hands|Iron Hands, L50|100\/100\n|switch|p2b: Amoonguss|Amoonguss, L50, M|100\/100\n|-enditem|p1b: Iron Hands|Booster Energy\n|-activate|p1b: Iron Hands|ability: Quark Drive|[fromitem]\n|-start|p1b: Iron Hands|quarkdriveatk\n|turn|1\n|inactive|calidom has 30 seconds left.\n|\n|t:|1683686085\n|move|p2a: Iron Hands|Fake Out|p1a: Amoonguss\n|-damage|p1a: Amoonguss|88\/100\n|cant|p1a: Amoonguss|flinch\n|move|p1b: Iron Hands|Drain Punch|p2a: Iron Hands\n|-damage|p2a: Iron Hands|60\/100\n|move|p2b: Amoonguss|Spore|p1b: Iron Hands\n|-status|p1b: Iron Hands|slp|[from] move: Spore\n|\n|upkeep\n|turn|2\n|\n|t:|1683686108\n|-end|p1b: Iron Hands|Quark Drive|[silent]\n|switch|p1b: Pelipper|Pelipper, L50, M|100\/100\n|-weather|RainDance|[from] ability: Drizzle|[of] p1b: Pelipper\n|move|p2a: Iron Hands|Volt Switch|p1a: Amoonguss\n|-resisted|p1a: Amoonguss\n|-damage|p1a: Amoonguss|83\/100\n|\n|t:|1683686116\n|-end|p2a: Iron Hands|Quark Drive|[silent]\n|switch|p2a: Chi-Yu|Chi-Yu, L50|100\/100|[from] Volt Switch\n|-ability|p2a: Chi-Yu|Beads of Ruin\n|move|p1a: Amoonguss|Spore|p2a: Chi-Yu\n|-activate|p2a: Chi-Yu|item: Safety Goggles|Spore\n|move|p2b: Amoonguss|Pollen Puff|p1a: Amoonguss\n|-crit|p1a: Amoonguss\n|-damage|p1a: Amoonguss|51\/100\n|\n|-weather|RainDance|[upkeep]\n|upkeep\n|turn|3\n|\n|t:|1683686137\n|-terastallize|p2a: Chi-Yu|Water\n|move|p1a: Amoonguss|Protect|p1a: Amoonguss\n|-singleturn|p1a: Amoonguss|Protect\n|move|p2a: Chi-Yu|Nasty Plot|p2a: Chi-Yu\n|-boost|p2a: Chi-Yu|spa|2\n|move|p1b: Pelipper|Hurricane|p2b: Amoonguss\n|-supereffective|p2b: Amoonguss\n|-damage|p2b: Amoonguss|0 fnt\n|faint|p2b: Amoonguss\n|\n|-weather|RainDance|[upkeep]\n|upkeep\n|\n|t:|1683686150\n|switch|p2b: Iron Hands|Iron Hands, L50|60\/100\n|turn|4\n|\n|t:|1683686162\n|move|p2a: Chi-Yu|Dark Pulse|p1a: Amoonguss\n|-damage|p1a: Amoonguss|0 fnt\n|faint|p1a: Amoonguss\n|move|p1b: Pelipper|Hurricane|p2a: Chi-Yu\n|-damage|p2a: Chi-Yu|51\/100\n|-start|p2a: Chi-Yu|confusion\n|move|p2b: Iron Hands|Wild Charge|p1b: Pelipper\n|-supereffective|p1b: Pelipper\n|-crit|p1b: Pelipper\n|-enditem|p1b: Pelipper|Focus Sash\n|-damage|p1b: Pelipper|1\/100\n|-damage|p2b: Iron Hands|46\/100|[from] Recoil\n|\n|-weather|RainDance|[upkeep]\n|upkeep\n|\n|t:|1683686177\n|switch|p1a: Palafin|Palafin, L50, M|100\/100\n|turn|5\n|\n|t:|1683686199\n|detailschange|p1a: Palafin|Palafin-Hero, L50, M\n|switch|p1a: Iron Hands|Iron Hands, L50|100\/100 slp\n|-activate|p2a: Chi-Yu|confusion\n|move|p2a: Chi-Yu|Dark Pulse|p1b: Pelipper\n|-damage|p1b: Pelipper|0 fnt\n|faint|p1b: Pelipper\n|move|p2b: Iron Hands|Wild Charge|p1a: Iron Hands\n|-resisted|p1a: Iron Hands\n|-crit|p1a: Iron Hands\n|-damage|p1a: Iron Hands|75\/100 slp\n|-damage|p2b: Iron Hands|39\/100|[from] Recoil\n|\n|-weather|RainDance|[upkeep]\n|upkeep\n|\n|t:|1683686210\n|switch|p1b: Palafin|Palafin-Hero, L50, M|100\/100\n|-activate|p1b: Palafin|ability: Zero to Hero\n|turn|6\n|inactive|calidom has 30 seconds left.\n|\n|t:|1683686240\n|cant|p1a: Iron Hands|slp\n|move|p1b: Palafin|Jet Punch|p2a: Chi-Yu\n|-resisted|p2a: Chi-Yu\n|-damage|p2a: Chi-Yu|14\/100\n|-activate|p2a: Chi-Yu|confusion\n|move|p2a: Chi-Yu|Dark Pulse|p1b: Palafin\n|-damage|p1b: Palafin|0 fnt\n|faint|p1b: Palafin\n|move|p2b: Iron Hands|Drain Punch|p1a: Iron Hands\n|-damage|p1a: Iron Hands|51\/100 slp\n|-heal|p2b: Iron Hands|53\/100|[from] drain|[of] p1a: Iron Hands\n|\n|-weather|none\n|upkeep\n|turn|7\n|\n|t:|1683686259\n|-activate|p2a: Chi-Yu|confusion\n|-damage|p2a: Chi-Yu|6\/100|[from] confusion\n|move|p2b: Iron Hands|Drain Punch|p1a: Iron Hands\n|-damage|p1a: Iron Hands|27\/100 slp\n|-heal|p2b: Iron Hands|66\/100|[from] drain|[of] p1a: Iron Hands\n|-curestatus|p1a: Iron Hands|slp|[msg]\n|move|p1a: Iron Hands|Drain Punch|p2a: Chi-Yu\n|-crit|p2a: Chi-Yu\n|-damage|p2a: Chi-Yu|0 fnt\n|-heal|p1a: Iron Hands|29\/100|[from] drain|[of] p2a: Chi-Yu\n|faint|p2a: Chi-Yu\n|\n|upkeep\n|l|\u2606calidom\n|inactive|calidom disconnected and has a minute to reconnect!\n|player|p1|\n|\n|t:|1683686272\n|switch|p2a: Flutter Mane|Flutter Mane, L50|100\/100\n|turn|8\n|inactive|calidom has 30 seconds left.\n|inactive|calidom has 20 seconds left.\n|inactive|calidom has 15 seconds left.\n|inactive|calidom has 10 seconds left.\n|inactive|calidom has 5 seconds left.\n|-message|calidom lost due to inactivity.\n|\n|win|Alexis_student\n|raw|calidom's rating: 1093 → 1076<\/strong> (-17 for losing)\n|raw|Alexis_student's rating: 1198 → 1216<\/strong> (+18 for winning)\n","uploadtime":1683686332,"views":15,"p1id":"calidom","p2id":"alexisstudent","formatid":"gen9vgc2023regulationc","rating":1076,"private":0,"password":""}