{"id":"gen9vgc2023regulationc-1857271951","p1":"Atiko0928","p2":"1 not 2","format":"[Gen 9] VGC 2023 Regulation C","log":"|j|\u2606Atiko0928\n|j|\u26061 not 2\n|t:|1683166137\n|gametype|doubles\n|player|p1|Atiko0928|dawn-gen4pt|1111\n|player|p2|1 not 2|265|1081\n|teamsize|p1|6\n|teamsize|p2|6\n|gen|9\n|tier|[Gen 9] VGC 2023 Regulation C\n|rated|\n|rule|Species Clause: Limit one of each Pok\u00e9mon\n|rule|Item Clause: Limit one of each item\n|clearpoke\n|poke|p1|Tsareena, L50, F|\n|poke|p1|Talonflame, L50, F|\n|poke|p1|Garchomp, L50, F|\n|poke|p1|Flutter Mane, L50|\n|poke|p1|Chien-Pao, L50|\n|poke|p1|Iron Hands, L50|\n|poke|p2|Torkoal, L50, M|\n|poke|p2|Flutter Mane, L50|\n|poke|p2|Iron Hands, L50|\n|poke|p2|Palafin, L50, M|\n|poke|p2|Revavroom, L50, F|\n|poke|p2|Dragonite, L50, F|\n|teampreview|4\n|\n|t:|1683166161\n|start\n|switch|p1a: Taka|Talonflame, L50, F|100\/100\n|switch|p1b: Goomba|Garchomp, L50, F|100\/100\n|switch|p2a: Palafin|Palafin, L50, M|100\/100\n|switch|p2b: Iron Hands|Iron Hands, L50|100\/100\n|turn|1\n|\n|t:|1683166194\n|detailschange|p2a: Palafin|Palafin-Hero, L50, M\n|switch|p2a: Torkoal|Torkoal, L50, M|100\/100\n|-weather|SunnyDay|[from] ability: Drought|[of] p2a: Torkoal\n|move|p1b: Goomba|Protect|p1b: Goomba\n|-singleturn|p1b: Goomba|Protect\n|move|p2b: Iron Hands|Fake Out|p1a: Taka\n|-damage|p1a: Taka|79\/100\n|move|p1a: Taka|Tailwind|p1a: Taka\n|-sidestart|p1: Atiko0928|move: Tailwind\n|\n|-weather|SunnyDay|[upkeep]\n|upkeep\n|turn|2\n|\n|t:|1683166231\n|move|p1a: Taka|Brave Bird|p2a: Torkoal\n|-damage|p2a: Torkoal|73\/100\n|-damage|p1a: Taka|63\/100|[from] item: Rocky Helmet|[of] p2a: Torkoal\n|-damage|p1a: Taka|54\/100|[from] Recoil\n|move|p1b: Goomba|Earthquake|p2b: Iron Hands|[spread] p2a,p2b\n|-immune|p1a: Taka\n|-supereffective|p2a: Torkoal\n|-supereffective|p2b: Iron Hands\n|-damage|p2a: Torkoal|17\/100\n|-damage|p2b: Iron Hands|54\/100\n|move|p2b: Iron Hands|Wild Charge|p1a: Taka\n|-supereffective|p1a: Taka\n|-damage|p1a: Taka|0 fnt\n|faint|p1a: Taka\n|-damage|p2b: Iron Hands|45\/100|[from] Recoil\n|move|p2a: Torkoal|Will-O-Wisp|p1b: Goomba\n|-status|p1b: Goomba|brn\n|\n|-weather|SunnyDay|[upkeep]\n|-damage|p1b: Goomba|95\/100 brn|[from] brn\n|upkeep\n|\n|t:|1683166257\n|switch|p1a: Tyson|Iron Hands, L50|100\/100\n|turn|3\n|\n|t:|1683166286\n|move|p1a: Tyson|Fake Out|p2b: Iron Hands\n|-damage|p2b: Iron Hands|33\/100\n|move|p1b: Goomba|Earthquake|p2b: Iron Hands|[spread] p1a,p2a,p2b\n|-supereffective|p1a: Tyson\n|-supereffective|p2a: Torkoal\n|-supereffective|p2b: Iron Hands\n|-damage|p1a: Tyson|78\/100\n|-damage|p2a: Torkoal|0 fnt\n|-damage|p2b: Iron Hands|9\/100\n|faint|p2a: Torkoal\n|cant|p2b: Iron Hands|flinch\n|\n|-weather|SunnyDay|[upkeep]\n|-damage|p1b: Goomba|89\/100 brn|[from] brn\n|upkeep\n|\n|t:|1683166300\n|switch|p2a: Palafin|Palafin-Hero, L50, M|100\/100\n|-activate|p2a: Palafin|ability: Zero to Hero\n|turn|4\n|\n|t:|1683166319\n|switch|p1b: My Queen|Tsareena, L50, F|100\/100\n|-terastallize|p2a: Palafin|Water\n|move|p2a: Palafin|Jet Punch||[still]\n|cant|p1b: My Queen|ability: Queenly Majesty|Jet Punch|[of] p2a: Palafin\n|move|p1a: Tyson|Thunder Punch|p2a: Palafin\n|-supereffective|p2a: Palafin\n|-damage|p2a: Palafin|21\/100\n|-status|p2a: Palafin|par\n|move|p2b: Iron Hands|Drain Punch|p1a: Tyson\n|-damage|p1a: Tyson|51\/100\n|-heal|p2b: Iron Hands|22\/100|[from] drain|[of] p1a: Tyson\n|\n|-weather|SunnyDay|[upkeep]\n|-sideend|p1: Atiko0928|move: Tailwind\n|upkeep\n|turn|5\n|\n|t:|1683166350\n|switch|p2a: Revavroom|Revavroom, L50, F, shiny|100\/100\n|move|p1b: My Queen|Trop Kick|p2a: Revavroom\n|-resisted|p2a: Revavroom\n|-damage|p2a: Revavroom|91\/100\n|-unboost|p2a: Revavroom|atk|1\n|move|p1a: Tyson|Drain Punch|p2b: Iron Hands\n|-damage|p2b: Iron Hands|0 fnt\n|-heal|p1a: Tyson|63\/100|[from] drain|[of] p2b: Iron Hands\n|faint|p2b: Iron Hands\n|-end|p2b: Iron Hands|Quark Drive|[silent]\n|\n|-weather|none\n|upkeep\n|\n|t:|1683166361\n|switch|p2b: Palafin|Palafin-Hero, L50, M, tera:Water|21\/100 par\n|turn|6\n|\n|t:|1683166386\n|-terastallize|p1a: Tyson|Fire\n|move|p2a: Revavroom|Spin Out|p1b: My Queen\n|-damage|p1b: My Queen|50\/100\n|-unboost|p2a: Revavroom|spe|2\n|-enditem|p1b: My Queen|Sitrus Berry|[eat]\n|-heal|p1b: My Queen|75\/100|[from] item: Sitrus Berry\n|-damage|p2a: Revavroom|81\/100|[from] item: Life Orb\n|move|p1b: My Queen|Trop Kick|p2b: Palafin\n|-supereffective|p2b: Palafin\n|-damage|p2b: Palafin|0 fnt\n|faint|p2b: Palafin\n|move|p1a: Tyson|Fire Punch|p2a: Revavroom\n|-supereffective|p2a: Revavroom\n|-damage|p2a: Revavroom|0 fnt\n|faint|p2a: Revavroom\n|\n|win|Atiko0928\n|raw|Atiko0928's rating: 1111 → 1134<\/strong> (+23 for winning)\n|raw|1 not 2's rating: 1081 → 1061<\/strong> (-20 for losing)\n|l|\u26061 not 2\n","uploadtime":1683166556,"views":9,"p1id":"atiko0928","p2id":"1not2","formatid":"gen9vgc2023regulationc","rating":1061,"private":0,"password":""}