{"id":"gen9vgc2023regulationc-1856065893","p1":"Keikeip","p2":"spidopssweep","format":"[Gen 9] VGC 2023 Regulation C","log":"|j|\u2606Keikeip\n|j|\u2606spidopssweep\n|t:|1683025646\n|gametype|doubles\n|player|p1|Keikeip|lyra|1329\n|player|p2|spidopssweep|iris-gen5bw2|1327\n|teamsize|p1|6\n|teamsize|p2|6\n|gen|9\n|tier|[Gen 9] VGC 2023 Regulation C\n|rated|\n|rule|Species Clause: Limit one of each Pok\u00e9mon\n|rule|Item Clause: Limit one of each item\n|clearpoke\n|poke|p1|Chi-Yu, L50|\n|poke|p1|Palafin, L50, F|\n|poke|p1|Flutter Mane, L50|\n|poke|p1|Arcanine, L50, F|\n|poke|p1|Iron Bundle, L50|\n|poke|p1|Amoonguss, L50, M|\n|poke|p2|Flutter Mane, L50|\n|poke|p2|Orthworm, L50, F|\n|poke|p2|Ting-Lu, L50|\n|poke|p2|Dragonite, L50, F|\n|poke|p2|Arcanine, L50, F|\n|poke|p2|Chien-Pao, L50|\n|teampreview|4\nspidopssweep has agreed to open team sheets.\n|\n|t:|1683025712\n|start\n|switch|p1a: Iron Bundle|Iron Bundle, L50|100\/100\n|switch|p1b: Chi-Yu|Chi-Yu, L50|100\/100\n|switch|p2a: Orthworm|Orthworm, L50, F|100\/100\n|switch|p2b: Ting-Lu|Ting-Lu, L50|100\/100\n|-ability|p1b: Chi-Yu|Beads of Ruin\n|-ability|p2b: Ting-Lu|Vessel of Ruin\n|turn|1\n|\n|t:|1683025755\n|-terastallize|p1b: Chi-Yu|Water\n|-terastallize|p2a: Orthworm|Fire\n|move|p1a: Iron Bundle|Hydro Pump|p2b: Ting-Lu\n|-supereffective|p2b: Ting-Lu\n|-damage|p2b: Ting-Lu|46\/100\n|move|p1b: Chi-Yu|Tera Blast|p2b: Ting-Lu\n|-supereffective|p2b: Ting-Lu\n|-damage|p2b: Ting-Lu|0 fnt\n|faint|p2b: Ting-Lu\n|move|p2a: Orthworm|Shed Tail|p2a: Orthworm\n|-start|p2a: Orthworm|Substitute|[from] move: Shed Tail\n|-damage|p2a: Orthworm|50\/100\n|-enditem|p2a: Orthworm|Sitrus Berry|[eat]\n|-heal|p2a: Orthworm|75\/100|[from] item: Sitrus Berry\n|\n|t:|1683025771\n|switch|p2a: Flutter Mane|Flutter Mane, L50, shiny|100\/100|[from] Shed Tail\n|-enditem|p2a: Flutter Mane|Booster Energy\n|-activate|p2a: Flutter Mane|ability: Protosynthesis|[fromitem]\n|-start|p2a: Flutter Mane|protosynthesisspa\n|\n|upkeep\n|\n|t:|1683025778\n|switch|p2b: Orthworm|Orthworm, L50, F, tera:Fire|75\/100\n|turn|2\n|\n|t:|1683025804\n|switch|p2b: Dragonite|Dragonite, L50, F|100\/100\n|move|p1a: Iron Bundle|Hydro Pump|p2b: Dragonite\n|-resisted|p2b: Dragonite\n|-damage|p2b: Dragonite|66\/100\n|move|p2a: Flutter Mane|Moonblast|p1a: Iron Bundle\n|-enditem|p1a: Iron Bundle|Focus Sash\n|-damage|p1a: Iron Bundle|1\/100\n|-unboost|p1a: Iron Bundle|spa|1\n|move|p1b: Chi-Yu|Tera Blast|p2a: Flutter Mane\n|-end|p2a: Flutter Mane|Substitute\n|\n|upkeep\n|turn|3\n|inactive|Battle timer is ON: inactive players will automatically lose when time's up. (requested by spidopssweep)\n|\n|t:|1683025872\n|move|p2b: Dragonite|Extreme Speed|p1a: Iron Bundle\n|-damage|p1a: Iron Bundle|0 fnt\n|faint|p1a: Iron Bundle\n|-end|p1a: Iron Bundle|Quark Drive|[silent]\n|move|p2a: Flutter Mane|Moonblast|p1b: Chi-Yu\n|-damage|p1b: Chi-Yu|42\/100\n|-unboost|p1b: Chi-Yu|spa|1\n|move|p1b: Chi-Yu|Tera Blast|p2b: Dragonite\n|-resisted|p2b: Dragonite\n|-damage|p2b: Dragonite|42\/100\n|\n|upkeep\n|\n|t:|1683025886\n|switch|p1a: Flutter Mane|Flutter Mane, L50|100\/100\n|-enditem|p1a: Flutter Mane|Booster Energy\n|-activate|p1a: Flutter Mane|ability: Protosynthesis|[fromitem]\n|-start|p1a: Flutter Mane|protosynthesisspe\n|turn|4\n|inactive|Keikeip has 30 seconds left.\n|inactive|spidopssweep has 30 seconds left.\n|\n|t:|1683025913\n|switch|p2b: Orthworm|Orthworm, L50, F, tera:Fire|75\/100\n|move|p1a: Flutter Mane|Dazzling Gleam|p2b: Orthworm|[spread] p2a,p2b\n|-resisted|p2b: Orthworm\n|-damage|p2a: Flutter Mane|68\/100\n|-damage|p2b: Orthworm|55\/100\n|move|p2a: Flutter Mane|Shadow Ball|p1a: Flutter Mane\n|-supereffective|p1a: Flutter Mane\n|-damage|p1a: Flutter Mane|0 fnt\n|faint|p1a: Flutter Mane\n|-end|p1a: Flutter Mane|Protosynthesis|[silent]\n|move|p1b: Chi-Yu|Tera Blast|p2a: Flutter Mane\n|-damage|p2a: Flutter Mane|22\/100\n|\n|upkeep\n|\n|t:|1683025927\n|switch|p1a: Arcanine|Arcanine, L50, F|100\/100\n|-ability|p1a: Arcanine|Intimidate|boost\n|-unboost|p2a: Flutter Mane|atk|1\n|-unboost|p2b: Orthworm|atk|1\n|turn|5\n|-message|Keikeip forfeited.\n|\n|win|spidopssweep\n|raw|Keikeip's rating: 1329 → 1309<\/strong> (-20 for losing)\n|raw|spidopssweep's rating: 1327 → 1347<\/strong> (+20 for winning)\n|l|\u2606Keikeip\n|j|\u2606Keikeip\n|player|p1|Keikeip|lyra\n","uploadtime":1683025942,"views":6,"p1id":"keikeip","p2id":"spidopssweep","formatid":"gen9vgc2023regulationc","rating":1309,"private":0,"password":""}