{"id":"gen9vgc2023regulationc-1861796622","p1":"Jadedragon61","p2":"DeltaPhoenixY","format":"[Gen 9] VGC 2023 Regulation C","log":"|j|\u2606Jadedragon61\n|j|\u2606DeltaPhoenixY\n|t:|1683809590\n|gametype|doubles\n|player|p1|Jadedragon61|colress-gen7|1305\n|player|p2|DeltaPhoenixY|265|1410\n|teamsize|p1|6\n|teamsize|p2|6\n|gen|9\n|tier|[Gen 9] VGC 2023 Regulation C\n|rated|\n|rule|Species Clause: Limit one of each Pok\u00e9mon\n|rule|Item Clause: Limit one of each item\n|clearpoke\n|poke|p1|Flutter Mane, L50|\n|poke|p1|Tyranitar, L50, M|\n|poke|p1|Gyarados, L50, F|\n|poke|p1|Amoonguss, L50, F|\n|poke|p1|Chi-Yu, L50|\n|poke|p1|Palafin, L50, M|\n|poke|p2|Dondozo, L50, M|\n|poke|p2|Tatsugiri, L50, M|\n|poke|p2|Flutter Mane, L50|\n|poke|p2|Chi-Yu, L50|\n|poke|p2|Dragonite, L50, M|\n|poke|p2|Glimmora, L50, F|\n|teampreview|4\n|\n|t:|1683809608\n|start\n|switch|p1a: evil purp|Palafin, L50, M, shiny|100\/100\n|switch|p1b: Bros a rock|Tyranitar, L50, M, shiny|100\/100\n|switch|p2a: Chi-Yu|Chi-Yu, L50|100\/100\n|switch|p2b: Flutter Mane|Flutter Mane, L50, shiny|100\/100\n|-ability|p2a: Chi-Yu|Beads of Ruin\n|-weather|Sandstorm|[from] ability: Sand Stream|[of] p1b: Bros a rock\n|turn|1\n|inactive|Battle timer is ON: inactive players will automatically lose when time's up. (requested by DeltaPhoenixY)\n|\n|t:|1683809639\n|-terastallize|p2a: Chi-Yu|Grass\n|-terastallize|p1b: Bros a rock|Flying\n|move|p1a: evil purp|Protect|p1a: evil purp\n|-singleturn|p1a: evil purp|Protect\n|move|p2a: Chi-Yu|Tera Blast|p1b: Bros a rock\n|-resisted|p1b: Bros a rock\n|-damage|p1b: Bros a rock|78\/100\n|move|p2b: Flutter Mane|Dazzling Gleam|p1b: Bros a rock|[spread] p1b\n|-activate|p1a: evil purp|move: Protect\n|-damage|p1b: Bros a rock|42\/100\n|move|p1b: Bros a rock|Rock Blast|p2a: Chi-Yu\n|-crit|p2a: Chi-Yu\n|-damage|p2a: Chi-Yu|61\/100\n|-damage|p2a: Chi-Yu|37\/100\n|-damage|p2a: Chi-Yu|12\/100\n|-damage|p2a: Chi-Yu|0 fnt\n|faint|p2a: Chi-Yu\n|-hitcount|p2: Chi-Yu|4\n|\n|-weather|Sandstorm|[upkeep]\n|-damage|p2b: Flutter Mane|94\/100|[from] Sandstorm\n|-damage|p1a: evil purp|95\/100|[from] Sandstorm\n|-damage|p1b: Bros a rock|36\/100|[from] Sandstorm\n|upkeep\n|\n|t:|1683809664\n|switch|p2a: Dondozo|Dondozo, L50, M, shiny|100\/100\n|turn|2\n|\n|t:|1683809675\n|detailschange|p1a: evil purp|Palafin-Hero, L50, M, shiny\n|switch|p1a: SIO|Amoonguss, L50, F, shiny|100\/100\n|move|p2b: Flutter Mane|Energy Ball|p1a: SIO\n|-resisted|p1a: SIO\n|-damage|p1a: SIO|95\/100\n|move|p2a: Dondozo|Wave Crash|p1b: Bros a rock\n|-damage|p1b: Bros a rock|0 fnt\n|faint|p1b: Bros a rock\n|-damage|p2a: Dondozo|90\/100|[from] Recoil\n|\n|-weather|Sandstorm|[upkeep]\n|-damage|p2b: Flutter Mane|88\/100|[from] Sandstorm\n|-damage|p2a: Dondozo|84\/100|[from] Sandstorm\n|-damage|p1a: SIO|89\/100|[from] Sandstorm\n|-heal|p2a: Dondozo|90\/100|[from] item: Leftovers\n|upkeep\n|\n|t:|1683809687\n|switch|p1b: evil purp|Palafin-Hero, L50, M, shiny|95\/100\n|-activate|p1b: evil purp|ability: Zero to Hero\n|turn|3\n|\n|t:|1683809701\n|move|p2a: Dondozo|Protect|p2a: Dondozo\n|-singleturn|p2a: Dondozo|Protect\n|move|p1b: evil purp|Jet Punch|p2b: Flutter Mane\n|-damage|p2b: Flutter Mane|0 fnt\n|faint|p2b: Flutter Mane\n|-end|p2b: Flutter Mane|Protosynthesis|[silent]\n|move|p1a: SIO|Spore|p2a: Dondozo\n|-activate|p2a: Dondozo|move: Protect\n|\n|-weather|Sandstorm|[upkeep]\n|-damage|p1b: evil purp|89\/100|[from] Sandstorm\n|-damage|p2a: Dondozo|84\/100|[from] Sandstorm\n|-damage|p1a: SIO|83\/100|[from] Sandstorm\n|-heal|p2a: Dondozo|90\/100|[from] item: Leftovers\n|upkeep\n|\n|t:|1683809710\n|switch|p2b: Tatsugiri|Tatsugiri, L50, M, shiny|100\/100\n|-activate|p2b: Tatsugiri|ability: Commander|[of] p2a: Dondozo\n|-boost|p2a: Dondozo|atk|2\n|-boost|p2a: Dondozo|spa|2\n|-boost|p2a: Dondozo|spe|2\n|-boost|p2a: Dondozo|def|2\n|-boost|p2a: Dondozo|spd|2\n|turn|4\n|\n|t:|1683809718\n|move|p1a: SIO|Protect|p1a: SIO\n|-singleturn|p1a: SIO|Protect\n|move|p2a: Dondozo|Earthquake|p1b: evil purp|[spread] p1b\n|-miss|p2a: Dondozo|p2b: Tatsugiri\n|-activate|p1a: SIO|move: Protect\n|-damage|p1b: evil purp|54\/100\n|move|p1b: evil purp|Haze|p1b: evil purp\n|-clearallboost\n|\n|-weather|Sandstorm|[upkeep]\n|-damage|p2b: Tatsugiri|95\/100|[from] Sandstorm\n|-damage|p1b: evil purp|48\/100|[from] Sandstorm\n|-damage|p2a: Dondozo|84\/100|[from] Sandstorm\n|-damage|p1a: SIO|77\/100|[from] Sandstorm\n|-heal|p2a: Dondozo|90\/100|[from] item: Leftovers\n|upkeep\n|turn|5\n|\n|t:|1683809733\n|move|p1b: evil purp|Protect|p1b: evil purp\n|-singleturn|p1b: evil purp|Protect\n|move|p2a: Dondozo|Earthquake|p1a: SIO|[spread] p1a\n|-miss|p2a: Dondozo|p2b: Tatsugiri\n|-activate|p1b: evil purp|move: Protect\n|-damage|p1a: SIO|55\/100\n|move|p1a: SIO|Spore|p2a: Dondozo\n|-status|p2a: Dondozo|slp|[from] move: Spore\n|\n|-weather|none\n|-heal|p2a: Dondozo|96\/100 slp|[from] item: Leftovers\n|upkeep\n|turn|6\n|-message|DeltaPhoenixY forfeited.\n|\n|win|Jadedragon61\n|raw|Jadedragon61's rating: 1305 → 1331<\/strong> (+26 for winning)\n|raw|DeltaPhoenixY's rating: 1410 → 1384<\/strong> (-26 for losing)\n|l|\u2606DeltaPhoenixY\n","uploadtime":1683809758,"views":16,"p1id":"jadedragon61","p2id":"deltaphoenixy","formatid":"gen9vgc2023regulationc","rating":1331,"private":0,"password":""}