{"id":"gen9vgc2023regulationc-1863452278","p1":"NRG_SRI","p2":"JamStunna","format":"[Gen 9] VGC 2023 Regulation C","log":"|j|\u2606NRG_SRI\n|j|\u2606JamStunna\n|t:|1684019130\n|gametype|doubles\n|player|p1|NRG_SRI|2|1409\n|player|p2|JamStunna|102|1372\n|teamsize|p1|6\n|teamsize|p2|6\n|gen|9\n|tier|[Gen 9] VGC 2023 Regulation C\n|rated|\n|rule|Species Clause: Limit one of each Pok\u00e9mon\n|rule|Item Clause: Limit one of each item\n|clearpoke\n|poke|p1|Gothitelle, L50, M|\n|poke|p1|Iron Hands, L50|\n|poke|p1|Chi-Yu, L50|\n|poke|p1|Gyarados, L50, M|\n|poke|p1|Amoonguss, L50, F|\n|poke|p1|Flutter Mane, L50|\n|poke|p2|Gothitelle, L50, F|\n|poke|p2|Sylveon, L50, M|\n|poke|p2|Roaring Moon, L50|\n|poke|p2|Gengar, L50, M|\n|poke|p2|Azumarill, L50, F|\n|poke|p2|Gothorita, L50, F|\n|teampreview|4\n|inactive|Battle timer is ON: inactive players will automatically lose when time's up. (requested by NRG_SRI)\nNRG_SRI has agreed to open team sheets.\nJamStunna has agreed to open team sheets.\n|inactive|NRG_SRI has 60 seconds left.\n|\n|t:|1684019169\n|start\n|switch|p1a: Flutter Mane|Flutter Mane, L50|100\/100\n|switch|p1b: Chi-Yu|Chi-Yu, L50|100\/100\n|switch|p2a: Roaring Moon|Roaring Moon, L50|100\/100\n|switch|p2b: Gengar|Gengar, L50, M|100\/100\n|-ability|p1b: Chi-Yu|Beads of Ruin\n|-enditem|p1a: Flutter Mane|Booster Energy\n|-activate|p1a: Flutter Mane|ability: Protosynthesis|[fromitem]\n|-start|p1a: Flutter Mane|protosynthesisspe\n|-enditem|p2a: Roaring Moon|Booster Energy\n|-activate|p2a: Roaring Moon|ability: Protosynthesis|[fromitem]\n|-start|p2a: Roaring Moon|protosynthesisatk\n|turn|1\n|\n|t:|1684019188\n|-terastallize|p2a: Roaring Moon|Flying\n|move|p1a: Flutter Mane|Moonblast|p2a: Roaring Moon\n|-damage|p2a: Roaring Moon|40\/100\n|-unboost|p2a: Roaring Moon|spa|1\n|move|p2a: Roaring Moon|Acrobatics|p1b: Chi-Yu\n|-damage|p1b: Chi-Yu|0 fnt\n|faint|p1b: Chi-Yu\n|move|p2b: Gengar|Shadow Ball|p1a: Flutter Mane\n|-supereffective|p1a: Flutter Mane\n|-damage|p1a: Flutter Mane|8\/100\n|\n|upkeep\n|\n|t:|1684019207\n|switch|p1b: Iron Hands|Iron Hands, L50|100\/100\n|turn|2\n|\n|t:|1684019220\n|move|p1a: Flutter Mane|Protect|p1a: Flutter Mane\n|-singleturn|p1a: Flutter Mane|Protect\n|move|p2a: Roaring Moon|Protect|p2a: Roaring Moon\n|-singleturn|p2a: Roaring Moon|Protect\n|move|p2b: Gengar|Sludge Bomb|p1a: Flutter Mane\n|-activate|p1a: Flutter Mane|move: Protect\n|move|p1b: Iron Hands|Wild Charge|p2b: Gengar\n|-damage|p2b: Gengar|5\/100\n|-damage|p1b: Iron Hands|87\/100|[from] Recoil\n|\n|upkeep\n|turn|3\n|\n|t:|1684019240\n|-end|p1a: Flutter Mane|Protosynthesis|[silent]\n|switch|p1a: Gyarados|Gyarados, L50, M|100\/100\n|-ability|p1a: Gyarados|Intimidate|boost\n|-unboost|p2a: Roaring Moon|atk|1\n|-unboost|p2b: Gengar|atk|1\n|move|p2a: Roaring Moon|Acrobatics|p1a: Gyarados\n|-damage|p1a: Gyarados|51\/100\n|move|p2b: Gengar|Sludge Bomb|p1b: Iron Hands\n|-damage|p1b: Iron Hands|64\/100\n|-status|p1b: Iron Hands|psn\n|move|p1b: Iron Hands|Wild Charge|p2a: Roaring Moon\n|-supereffective|p2a: Roaring Moon\n|-damage|p2a: Roaring Moon|0 fnt\n|faint|p2a: Roaring Moon\n|-end|p2a: Roaring Moon|Protosynthesis|[silent]\n|-damage|p1b: Iron Hands|57\/100 psn|[from] Recoil\n|\n|-damage|p1b: Iron Hands|45\/100 psn|[from] psn\n|upkeep\n|\n|t:|1684019255\n|switch|p2a: Sylveon|Sylveon, L50, M|100\/100\n|turn|4\n|\n|t:|1684019275\n|-terastallize|p1b: Iron Hands|Fire\n|move|p2b: Gengar|Sludge Bomb|p1a: Gyarados\n|-damage|p1a: Gyarados|15\/100\n|move|p1a: Gyarados|Waterfall|p2b: Gengar\n|-damage|p2b: Gengar|0 fnt\n|faint|p2b: Gengar\n|move|p2a: Sylveon|Hyper Voice|p1a: Gyarados|[spread] p1a,p1b\n|-resisted|p1b: Iron Hands\n|-damage|p1a: Gyarados|0 fnt\n|-damage|p1b: Iron Hands|35\/100 psn\n|faint|p1a: Gyarados\n|-enditem|p2a: Sylveon|Throat Spray\n|-boost|p2a: Sylveon|spa|1|[from] item: Throat Spray\n|move|p1b: Iron Hands|Heavy Slam|p2a: Sylveon\n|-supereffective|p2a: Sylveon\n|-damage|p2a: Sylveon|0 fnt\n|faint|p2a: Sylveon\n|\n|-damage|p1b: Iron Hands|23\/100 psn|[from] psn\n|upkeep\n|\n|t:|1684019296\n|switch|p1a: Flutter Mane|Flutter Mane, L50|8\/100\n|switch|p2a: Azumarill|Azumarill, L50, F|100\/100\n|turn|5\n|\n|t:|1684019314\n|move|p2a: Azumarill|Aqua Jet|p1b: Iron Hands\n|-supereffective|p1b: Iron Hands\n|-damage|p1b: Iron Hands|0 fnt\n|faint|p1b: Iron Hands\n|-end|p1b: Iron Hands|Quark Drive|[silent]\n|-damage|p2a: Azumarill|91\/100|[from] item: Life Orb\n|move|p1a: Flutter Mane|Moonblast|p2a: Azumarill\n|-damage|p2a: Azumarill|39\/100\n|-unboost|p2a: Azumarill|spa|1\n|\n|upkeep\n|turn|6\n|\n|t:|1684019323\n|move|p2a: Azumarill|Aqua Jet|p1a: Flutter Mane\n|-damage|p1a: Flutter Mane|0 fnt\n|faint|p1a: Flutter Mane\n|-end|p1a: Flutter Mane|Protosynthesis|[silent]\n|-damage|p2a: Azumarill|29\/100|[from] item: Life Orb\n|\n|win|JamStunna\n|raw|NRG_SRI's rating: 1409 → 1387<\/strong> (-22 for losing)\n|raw|JamStunna's rating: 1372 → 1394<\/strong> (+22 for winning)\n","uploadtime":1684019327,"views":7,"p1id":"nrgsri","p2id":"jamstunna","formatid":"gen9vgc2023regulationc","rating":1387,"private":0,"password":""}