{"id":"gen9vgc2023regulationc-1847391027","p1":"uhoh I poopd","p2":"yiqcc","format":"[Gen 9] VGC 2023 Regulation C","log":"|j|\u2606uhoh I poopd\n|j|\u2606yiqcc\n|t:|1681949596\n|gametype|doubles\n|player|p1|uhoh I poopd|colress|1341\n|player|p2|yiqcc|dawn|1285\n|teamsize|p1|6\n|teamsize|p2|6\n|gen|9\n|tier|[Gen 9] VGC 2023 Regulation C\n|rated|\n|rule|Species Clause: Limit one of each Pok\u00e9mon\n|rule|Item Clause: Limit one of each item\n|clearpoke\n|poke|p1|Masquerain, L50, F|\n|poke|p1|Coalossal, L50, M|\n|poke|p1|Amoonguss, L50, F|\n|poke|p1|Arcanine, L50, M|\n|poke|p1|Palafin, L50, M|\n|poke|p1|Annihilape, L50, M|\n|poke|p2|Palafin, L50, F|\n|poke|p2|Chien-Pao, L50|\n|poke|p2|Dragapult, L50, M|\n|poke|p2|Amoonguss, L50, F|\n|poke|p2|Arcanine, L50, F|\n|poke|p2|Flutter Mane, L50|\n|teampreview|4\n|inactive|Battle timer is ON: inactive players will automatically lose when time's up. (requested by yiqcc)\n|inactive|yiqcc has 60 seconds left.\n|\n|t:|1681949646\n|start\n|switch|p1a: de Havilland|Masquerain, L50, F|100\/100\n|switch|p1b: Armavee|Coalossal, L50, M|100\/100\n|switch|p2a: Mimi|Flutter Mane, L50|100\/100\n|switch|p2b: Dozo|Palafin, L50, F|100\/100\n|-ability|p1a: de Havilland|Intimidate|boost\n|-unboost|p2a: Mimi|atk|1\n|-unboost|p2b: Dozo|atk|1\n|-enditem|p2a: Mimi|Booster Energy\n|-activate|p2a: Mimi|ability: Protosynthesis|[fromitem]\n|-start|p2a: Mimi|protosynthesisspa\n|turn|1\n|inactive|yiqcc has 30 seconds left.\n|\n|t:|1681949673\n|detailschange|p2b: Dozo|Palafin-Hero, L50, F\n|switch|p2b: WoChien|Amoonguss, L50, F|100\/100\n|move|p1a: de Havilland|Aqua Jet|p1b: Armavee\n|-supereffective|p1b: Armavee\n|-damage|p1b: Armavee|83\/100\n|-ability|p1b: Armavee|Steam Engine|boost\n|-boost|p1b: Armavee|spe|6\n|-enditem|p1b: Armavee|Weakness Policy\n|-boost|p1b: Armavee|atk|2|[from] item: Weakness Policy\n|-boost|p1b: Armavee|spa|2|[from] item: Weakness Policy\n|move|p1b: Armavee|Power Gem|p2b: WoChien\n|-damage|p2b: WoChien|51\/100\n|move|p2a: Mimi|Moonblast|p1b: Armavee\n|-resisted|p1b: Armavee\n|-damage|p1b: Armavee|51\/100\n|-unboost|p1b: Armavee|spa|1\n|\n|upkeep\n|turn|2\n|inactive|uhoh I poopd has 30 seconds left.\n|inactive|yiqcc has 30 seconds left.\n|inactive|yiqcc has 20 seconds left.\n|\n|t:|1681949712\n|-terastallize|p2b: WoChien|Water\n|move|p1b: Armavee|Protect|p1b: Armavee\n|-singleturn|p1b: Armavee|Protect\n|move|p2a: Mimi|Moonblast|p1a: de Havilland\n|-damage|p1a: de Havilland|31\/100\n|move|p1a: de Havilland|Struggle Bug|p2b: WoChien|[spread] p2a,p2b\n|-resisted|p2a: Mimi\n|-damage|p2a: Mimi|98\/100\n|-damage|p2b: WoChien|41\/100\n|-unboost|p2a: Mimi|spa|1\n|-unboost|p2b: WoChien|spa|1\n|-enditem|p2b: WoChien|Sitrus Berry|[eat]\n|-heal|p2b: WoChien|66\/100|[from] item: Sitrus Berry\n|move|p2b: WoChien|Spore|p1b: Armavee\n|-activate|p1b: Armavee|move: Protect\n|\n|upkeep\n|turn|3\n|inactive|yiqcc has 30 seconds left.\n|\n|t:|1681949745\n|-terastallize|p1b: Armavee|Grass\n|move|p1b: Armavee|Power Gem|p2a: Mimi\n|-damage|p2a: Mimi|56\/100\n|move|p2a: Mimi|Moonblast|p1a: de Havilland\n|-damage|p1a: de Havilland|0 fnt\n|faint|p1a: de Havilland\n|move|p2b: WoChien|Spore|p1b: Armavee\n|-immune|p1b: Armavee\n|\n|upkeep\n|\n|t:|1681949753\n|switch|p1a: Palafin|Palafin, L50, M|100\/100\n|turn|4\n|\n|t:|1681949770\n|detailschange|p1a: Palafin|Palafin-Hero, L50, M\n|switch|p1a: Toad|Amoonguss, L50, F|100\/100\n|move|p1b: Armavee|Power Gem|p2a: Mimi\n|-damage|p2a: Mimi|9\/100\n|move|p2a: Mimi|Moonblast|p1b: Armavee\n|-damage|p1b: Armavee|9\/100\n|move|p2b: WoChien|Spore|p1a: Toad\n|-immune|p1a: Toad\n|\n|upkeep\n|turn|5\n|\n|t:|1681949782\n|switch|p2b: ChiYu|Arcanine, L50, F|100\/100\n|-ability|p2b: ChiYu|Intimidate|boost\n|-unboost|p1a: Toad|atk|1\n|-unboost|p1b: Armavee|atk|1\n|move|p1b: Armavee|Heat Wave|p2a: Mimi|[spread] p2a,p2b\n|-resisted|p2b: ChiYu\n|-damage|p2a: Mimi|0 fnt\n|-damage|p2b: ChiYu|77\/100\n|faint|p2a: Mimi\n|-end|p2a: Mimi|Protosynthesis|[silent]\n|move|p1a: Toad|Pollen Puff|p1b: Armavee\n|-heal|p1b: Armavee|59\/100\n|\n|upkeep\n|\n|t:|1681949797\n|switch|p2a: Dozo|Palafin-Hero, L50, F|100\/100\n|-activate|p2a: Dozo|ability: Zero to Hero\n|turn|6\n|\n|t:|1681949821\n|move|p2a: Dozo|Protect|p2a: Dozo\n|-singleturn|p2a: Dozo|Protect\n|move|p1a: Toad|Rage Powder|p1a: Toad\n|-singleturn|p1a: Toad|move: Rage Powder\n|move|p1b: Armavee|Power Gem|p2b: ChiYu\n|-supereffective|p2b: ChiYu\n|-damage|p2b: ChiYu|0 fnt\n|faint|p2b: ChiYu\n|\n|upkeep\n|-message|yiqcc forfeited.\n|\n|win|uhoh I poopd\n|raw|uhoh I poopd's rating: 1341 → 1358<\/strong> (+17 for winning)\n|raw|yiqcc's rating: 1285 → 1264<\/strong> (-21 for losing)\n|l|\u2606yiqcc\n","uploadtime":1681949837,"views":7,"p1id":"uhohipoopd","p2id":"yiqcc","formatid":"gen9vgc2023regulationc","rating":1264,"private":0,"password":""}