{"id":"gen9vgc2023regulationc-1860791896","p1":"JoeCastro33","p2":"VforValaritas","format":"[Gen 9] VGC 2023 Regulation C","log":"|j|\u2606JoeCastro33\n|j|\u2606VforValaritas\n|t:|1683678428\n|gametype|doubles\n|player|p1|JoeCastro33|ghetsis-gen5bw|\n|player|p2|VforValaritas|266|\n|teamsize|p1|6\n|teamsize|p2|6\n|gen|9\n|tier|[Gen 9] VGC 2023 Regulation C\n|rule|Species Clause: Limit one of each Pok\u00e9mon\n|rule|Item Clause: Limit one of each item\n|clearpoke\n|poke|p1|Flutter Mane, L50|\n|poke|p1|Dondozo, L50, F|\n|poke|p1|Tatsugiri, L50, F|\n|poke|p1|Clodsire, L50, F|\n|poke|p1|Mimikyu, L50, M|\n|poke|p1|Gallade, L50, M|\n|poke|p2|Arcanine, L50, M|\n|poke|p2|Brute Bonnet, L50|\n|poke|p2|Gholdengo, L50|\n|poke|p2|Espathra, L50, M|\n|poke|p2|Sylveon, L50, M|\n|poke|p2|Pawmot, L50, F|\n|teampreview|4\nVforValaritas rejected open team sheets.\n|\n|t:|1683678459\n|start\n|switch|p1a: Tatsugiri|Tatsugiri, L50, F|100\/100\n|switch|p1b: Clodsire|Clodsire, L50, F|100\/100\n|switch|p2a: Brute Bonnet|Brute Bonnet, L50|100\/100\n|switch|p2b: Pawmot|Pawmot, L50, F|100\/100\n|-enditem|p2a: Brute Bonnet|Booster Energy\n|-activate|p2a: Brute Bonnet|ability: Protosynthesis|[fromitem]\n|-start|p2a: Brute Bonnet|protosynthesisatk\n|turn|1\n|\n|t:|1683678523\n|move|p2b: Pawmot|Fake Out|p1a: Tatsugiri\n|-damage|p1a: Tatsugiri|78\/100\n|cant|p1a: Tatsugiri|flinch\n|move|p2a: Brute Bonnet|Spore|p1b: Clodsire\n|-status|p1b: Clodsire|slp|[from] move: Spore\n|cant|p1b: Clodsire|slp\n|\n|upkeep\n|turn|2\n|\n|t:|1683678543\n|move|p2b: Pawmot|Double Shock|p1a: Tatsugiri\n|-damage|p1a: Tatsugiri|0 fnt\n|-start|p2b: Pawmot|typechange|???\/Fighting|[from] move: Double Shock\n|faint|p1a: Tatsugiri\n|move|p2a: Brute Bonnet|Seed Bomb|p1b: Clodsire\n|-damage|p1b: Clodsire|42\/100 slp\n|-curestatus|p1b: Clodsire|slp|[msg]\n|move|p1b: Clodsire|Curse|p1b: Clodsire\n|-unboost|p1b: Clodsire|spe|1\n|-boost|p1b: Clodsire|atk|1\n|-boost|p1b: Clodsire|def|1\n|\n|-heal|p1b: Clodsire|48\/100|[from] item: Black Sludge\n|upkeep\n|\n|t:|1683678557\n|switch|p1a: Mimikyu|Mimikyu, L50, M|100\/100\n|turn|3\n|\n|t:|1683678583\n|switch|p2b: Arcanine|Arcanine, L50, M|100\/100\n|-ability|p2b: Arcanine|Intimidate|boost\n|-unboost|p1a: Mimikyu|atk|1\n|-unboost|p1b: Clodsire|atk|1\n|move|p2a: Brute Bonnet|Sucker Punch||[still]\n|-fail|p2a: Brute Bonnet\n|move|p1b: Clodsire|Megahorn|p2a: Brute Bonnet|[miss]\n|-miss|p1b: Clodsire|p2a: Brute Bonnet\n|move|p1a: Mimikyu|Trick Room|p1a: Mimikyu\n|-fieldstart|move: Trick Room|[of] p1a: Mimikyu\n|\n|-heal|p1b: Clodsire|54\/100|[from] item: Black Sludge\n|upkeep\n|turn|4\n|\n|t:|1683678615\n|-terastallize|p2b: Arcanine|Water\n|move|p1b: Clodsire|Stomping Tantrum|p2b: Arcanine\n|-damage|p2b: Arcanine|54\/100\n|move|p2a: Brute Bonnet|Spore|p1a: Mimikyu\n|-status|p1a: Mimikyu|slp|[from] move: Spore\n|cant|p1a: Mimikyu|slp\n|move|p2b: Arcanine|Tera Blast|p1b: Clodsire\n|-heal|p1b: Clodsire|79\/100|[from] ability: Water Absorb|[of] p2b: Arcanine\n|\n|-heal|p1b: Clodsire|84\/100|[from] item: Black Sludge\n|upkeep\n|turn|5\n|\n|t:|1683678639\n|move|p1b: Clodsire|Megahorn|p2a: Brute Bonnet\n|-supereffective|p2a: Brute Bonnet\n|-damage|p2a: Brute Bonnet|25\/100\n|move|p2a: Brute Bonnet|Seed Bomb|p1b: Clodsire\n|-damage|p1b: Clodsire|46\/100\n|cant|p1a: Mimikyu|slp\n|move|p2b: Arcanine|Will-O-Wisp|p1b: Clodsire\n|-status|p1b: Clodsire|brn\n|\n|-heal|p1b: Clodsire|52\/100 brn|[from] item: Black Sludge\n|-damage|p1b: Clodsire|46\/100 brn|[from] brn\n|upkeep\n|turn|6\n|\n|t:|1683678672\n|move|p2a: Brute Bonnet|Sucker Punch|p1b: Clodsire\n|-damage|p1b: Clodsire|12\/100 brn\n|move|p1b: Clodsire|Megahorn|p2a: Brute Bonnet\n|-supereffective|p2a: Brute Bonnet\n|-damage|p2a: Brute Bonnet|0 fnt\n|faint|p2a: Brute Bonnet\n|-end|p2a: Brute Bonnet|Protosynthesis|[silent]\n|-curestatus|p1a: Mimikyu|slp|[msg]\n|move|p1a: Mimikyu|Shadow Claw|p2b: Arcanine\n|-crit|p2b: Arcanine\n|-damage|p2b: Arcanine|0 fnt\n|faint|p2b: Arcanine\n|-damage|p1a: Mimikyu|91\/100|[from] item: Life Orb\n|\n|-heal|p1b: Clodsire|18\/100 brn|[from] item: Black Sludge\n|-damage|p1b: Clodsire|12\/100 brn|[from] brn\n|upkeep\n|\n|t:|1683678688\n|switch|p2a: Pawmot|Pawmot, L50, F|100\/100\n|switch|p2b: Gholdengo|Gholdengo, L50|100\/100\n|turn|7\n|\n|t:|1683678710\n|move|p2a: Pawmot|Fake Out|p1b: Clodsire\n|-damage|p1b: Clodsire|2\/100 brn\n|cant|p1b: Clodsire|flinch\n|move|p1a: Mimikyu|Shadow Claw|p2b: Gholdengo\n|-supereffective|p2b: Gholdengo\n|-damage|p2b: Gholdengo|45\/100\n|-enditem|p2b: Gholdengo|Sitrus Berry|[eat]\n|-heal|p2b: Gholdengo|70\/100|[from] item: Sitrus Berry\n|-damage|p1a: Mimikyu|81\/100|[from] item: Life Orb\n|move|p2b: Gholdengo|Nasty Plot|p2b: Gholdengo\n|-boost|p2b: Gholdengo|spa|2\n|\n|-heal|p1b: Clodsire|8\/100 brn|[from] item: Black Sludge\n|-damage|p1b: Clodsire|2\/100 brn|[from] brn\n|-fieldend|move: Trick Room\n|upkeep\n|turn|8\n|\n|t:|1683678748\n|move|p2a: Pawmot|Double Shock|p1a: Mimikyu\n|-activate|p1a: Mimikyu|ability: Disguise\n|-damage|p1a: Mimikyu|81\/100\n|-start|p2a: Pawmot|typechange|???\/Fighting|[from] move: Double Shock\n|detailschange|p1a: Mimikyu|Mimikyu-Busted, L50, M\n|-damage|p1a: Mimikyu|68\/100|[from] pokemon: Mimikyu-Busted\n|move|p2b: Gholdengo|Make It Rain|p1a: Mimikyu|[spread] p1a,p1b\n|-supereffective|p1a: Mimikyu\n|-damage|p1a: Mimikyu|0 fnt\n|-damage|p1b: Clodsire|0 fnt\n|-unboost|p2b: Gholdengo|spa|1\n|faint|p1a: Mimikyu\n|faint|p1b: Clodsire\n|\n|upkeep\n|\n|t:|1683678777\n|switch|p1a: Gallade|Gallade, L50, M|100\/100\n|turn|9\n|\n|t:|1683678804\n|move|p2a: Pawmot|Revival Blessing|p2a: Pawmot\n|\n|t:|1683678806\n|-heal|p2: Brute Bonnet|50\/100|[from] move: Revival Blessing\n|move|p2b: Gholdengo|Make It Rain|p1a: Gallade\n|-damage|p1a: Gallade|21\/100\n|-unboost|p2b: Gholdengo|spa|1\n|move|p1a: Gallade|Fire Punch|p2b: Gholdengo\n|-supereffective|p2b: Gholdengo\n|-damage|p2b: Gholdengo|11\/100\n|\n|upkeep\n|turn|10\n|\n|t:|1683678824\n|move|p2a: Pawmot|Close Combat|p1a: Gallade\n|-resisted|p1a: Gallade\n|-damage|p1a: Gallade|0 fnt\n|-unboost|p2a: Pawmot|def|1\n|-unboost|p2a: Pawmot|spd|1\n|faint|p1a: Gallade\n|\n|win|VforValaritas\n","uploadtime":1683678837,"views":18,"p1id":"joecastro33","p2id":"vforvalaritas","formatid":"gen9vgc2023regulationc","rating":0,"private":0,"password":""}