{"id":"gen9vgc2023regulationc-1859298219","p1":"Nomadik","p2":"marcelobg","format":"[Gen 9] VGC 2023 Regulation C","log":"|j|\u2606Nomadik\n|j|\u2606marcelobg\n|t:|1683430524\n|gametype|doubles\n|player|p1|Nomadik|battlegirl|1163\n|player|p2|marcelobg|2|1314\n|teamsize|p1|6\n|teamsize|p2|6\n|gen|9\n|tier|[Gen 9] VGC 2023 Regulation C\n|rated|\n|rule|Species Clause: Limit one of each Pok\u00e9mon\n|rule|Item Clause: Limit one of each item\n|clearpoke\n|poke|p1|Ceruledge, L50, F|\n|poke|p1|Arcanine, L50, F|\n|poke|p1|Ting-Lu, L50|\n|poke|p1|Tauros-Paldea-Aqua, L50, M|\n|poke|p1|Flutter Mane, L50|\n|poke|p1|Chien-Pao, L50|\n|poke|p2|Great Tusk, L50|\n|poke|p2|Iron Bundle, L50|\n|poke|p2|Amoonguss, L50, F|\n|poke|p2|Talonflame, L50, F|\n|poke|p2|Flutter Mane, L50|\n|poke|p2|Iron Hands, L50|\n|teampreview|4\n|inactive|Battle timer is ON: inactive players will automatically lose when time's up. (requested by marcelobg)\n|inactive|Nomadik has 60 seconds left.\n|inactive|marcelobg has 60 seconds left.\n|inactive|Nomadik has 30 seconds left.\n|inactive|Nomadik has 20 seconds left.\n|\n|t:|1683430606\n|start\n|switch|p1a: Tauros|Tauros-Paldea-Aqua, L50, M|100\/100\n|switch|p1b: Chien-Pao|Chien-Pao, L50|100\/100\n|switch|p2a: Talonflame|Talonflame, L50, F|100\/100\n|switch|p2b: Great Tusk|Great Tusk, L50|100\/100\n|-ability|p1b: Chien-Pao|Sword of Ruin\n|-ability|p1a: Tauros|Intimidate|boost\n|-unboost|p2a: Talonflame|atk|1\n|-unboost|p2b: Great Tusk|atk|1\n|turn|1\n|inactive|Nomadik has 30 seconds left.\n|inactive|Nomadik has 20 seconds left.\n|\n|t:|1683430644\n|move|p2b: Great Tusk|Protect|p2b: Great Tusk\n|-singleturn|p2b: Great Tusk|Protect\n|move|p2a: Talonflame|Tailwind|p2a: Talonflame\n|-sidestart|p2: marcelobg|move: Tailwind\n|move|p1b: Chien-Pao|Icicle Crash|p2b: Great Tusk\n|-activate|p2b: Great Tusk|move: Protect\n|move|p1a: Tauros|Raging Bull|p2a: Talonflame\n|-supereffective|p2a: Talonflame\n|-damage|p2a: Talonflame|0 fnt\n|faint|p2a: Talonflame\n|\n|upkeep\n|\n|t:|1683430655\n|switch|p2a: Iron Bundle|Iron Bundle, L50|100\/100\n|-enditem|p2a: Iron Bundle|Booster Energy\n|-activate|p2a: Iron Bundle|ability: Quark Drive|[fromitem]\n|-start|p2a: Iron Bundle|quarkdrivespe\n|turn|2\n|inactive|marcelobg has 30 seconds left.\n|inactive|marcelobg has 20 seconds left.\n|inactive|marcelobg has 15 seconds left.\n|inactive|marcelobg has 10 seconds left.\n|inactive|marcelobg has 5 seconds left.\n|\n|t:|1683430707\n|move|p2a: Iron Bundle|Freeze-Dry|p1a: Tauros\n|-supereffective|p1a: Tauros\n|-damage|p1a: Tauros|8\/100\n|move|p2b: Great Tusk|Close Combat|p1a: Tauros\n|-damage|p1a: Tauros|0 fnt\n|-unboost|p2b: Great Tusk|def|1\n|-unboost|p2b: Great Tusk|spd|1\n|faint|p1a: Tauros\n|move|p1b: Chien-Pao|Icicle Crash|p2b: Great Tusk\n|-supereffective|p2b: Great Tusk\n|-enditem|p2b: Great Tusk|Focus Sash\n|-damage|p2b: Great Tusk|1\/100\n|\n|upkeep\n|\n|t:|1683430719\n|switch|p1a: Flutter Mane|Flutter Mane, L50|100\/100\n|turn|3\n|\n|t:|1683430738\n|switch|p1b: Ceruledge|Ceruledge, L50, F|100\/100\n|move|p2a: Iron Bundle|Freeze-Dry|p1b: Ceruledge\n|-resisted|p1b: Ceruledge\n|-damage|p1b: Ceruledge|82\/100\n|move|p2b: Great Tusk|Headlong Rush|p1a: Flutter Mane\n|-damage|p1a: Flutter Mane|4\/100\n|-unboost|p2b: Great Tusk|def|1\n|-unboost|p2b: Great Tusk|spd|1\n|move|p1a: Flutter Mane|Moonblast|p2b: Great Tusk\n|-supereffective|p2b: Great Tusk\n|-damage|p2b: Great Tusk|0 fnt\n|faint|p2b: Great Tusk\n|-end|p2b: Great Tusk|Protosynthesis|[silent]\n|\n|upkeep\n|\n|t:|1683430752\n|switch|p2b: Flutter Mane|Flutter Mane, L50|100\/100\n|turn|4\n|\n|t:|1683430773\n|-terastallize|p2b: Flutter Mane|Fairy\n|-terastallize|p1b: Ceruledge|Grass\n|move|p2a: Iron Bundle|Hydro Pump|p1b: Ceruledge\n|-resisted|p1b: Ceruledge\n|-damage|p1b: Ceruledge|54\/100\n|move|p2b: Flutter Mane|Dazzling Gleam|p1a: Flutter Mane|[spread] p1a,p1b\n|-damage|p1a: Flutter Mane|0 fnt\n|-damage|p1b: Ceruledge|3\/100\n|faint|p1a: Flutter Mane\n|-end|p1a: Flutter Mane|Protosynthesis|[silent]\n|-damage|p2b: Flutter Mane|91\/100|[from] item: Life Orb\n|move|p1b: Ceruledge|Bulk Up|p1b: Ceruledge\n|-boost|p1b: Ceruledge|atk|1\n|-boost|p1b: Ceruledge|def|1\n|\n|-sideend|p2: marcelobg|move: Tailwind\n|upkeep\n|\n|t:|1683430787\n|switch|p1a: Chien-Pao|Chien-Pao, L50|100\/100\n|-ability|p1a: Chien-Pao|Sword of Ruin\n|turn|5\n|inactive|Nomadik has 30 seconds left.\n|\n|t:|1683430812\n|move|p2b: Flutter Mane|Protect|p2b: Flutter Mane\n|-singleturn|p2b: Flutter Mane|Protect\n|move|p1b: Ceruledge|Shadow Sneak|p2b: Flutter Mane\n|-activate|p2b: Flutter Mane|move: Protect\n|move|p2a: Iron Bundle|Icy Wind|p1b: Ceruledge|[spread] p1a,p1b\n|-resisted|p1a: Chien-Pao\n|-supereffective|p1b: Ceruledge\n|-crit|p1b: Ceruledge\n|-damage|p1a: Chien-Pao|85\/100\n|-damage|p1b: Ceruledge|0 fnt\n|-unboost|p1a: Chien-Pao|spe|1\n|faint|p1b: Ceruledge\n|move|p1a: Chien-Pao|Sacred Sword|p2a: Iron Bundle\n|-supereffective|p2a: Iron Bundle\n|-damage|p2a: Iron Bundle|0 fnt\n|faint|p2a: Iron Bundle\n|-end|p2a: Iron Bundle|Quark Drive|[silent]\n|\n|upkeep\n|turn|6\n|c|\u2606Nomadik|gg\n|\n|t:|1683430827\n|move|p2b: Flutter Mane|Moonblast|p1a: Chien-Pao\n|-supereffective|p1a: Chien-Pao\n|-crit|p1a: Chien-Pao\n|-damage|p1a: Chien-Pao|0 fnt\n|faint|p1a: Chien-Pao\n|-damage|p2b: Flutter Mane|81\/100|[from] item: Life Orb\n|\n|win|marcelobg\n|raw|Nomadik's rating: 1163 → 1148<\/strong> (-15 for losing)\n|raw|marcelobg's rating: 1314 → 1326<\/strong> (+12 for winning)\n|l|\u2606Nomadik\n|c|\u2606marcelobg|gg\n","uploadtime":1683430924,"views":7,"p1id":"nomadik","p2id":"marcelobg","formatid":"gen9vgc2023regulationc","rating":1148,"private":0,"password":""}