{"id":"gen9vgc2023regulationc-1849001306","p1":"penny my beloved","p2":"Striden26","format":"[Gen 9] VGC 2023 Regulation C","log":"|j|\u2606penny my beloved\n|j|\u2606Striden26\n|t:|1682137098\n|gametype|doubles\n|player|p1|penny my beloved|penny|1206\n|player|p2|Striden26|skier|1095\n|teamsize|p1|6\n|teamsize|p2|6\n|gen|9\n|tier|[Gen 9] VGC 2023 Regulation C\n|rated|\n|rule|Species Clause: Limit one of each Pok\u00e9mon\n|rule|Item Clause: Limit one of each item\n|clearpoke\n|poke|p1|Palafin, L50, M|\n|poke|p1|Amoonguss, L50, M|\n|poke|p1|Arcanine, L50, F|\n|poke|p1|Flutter Mane, L50|\n|poke|p1|Dragapult, L50, M|\n|poke|p1|Ting-Lu, L50|\n|poke|p2|Iron Moth, L50|\n|poke|p2|Dondozo, L50, M|\n|poke|p2|Tatsugiri, L50, F|\n|poke|p2|Kingambit, L50, F|\n|poke|p2|Iron Hands, L50|\n|poke|p2|Amoonguss, L50, M|\n|teampreview|4\nStriden26 has agreed to open team sheets.\n|\n|t:|1682137138\n|start\n|switch|p1a: Palafin|Palafin, L50, M|100\/100\n|switch|p1b: Dragapult|Dragapult, L50, M, shiny|100\/100\n|switch|p2a: Dondozo|Dondozo, L50, M|100\/100\n|switch|p2b: Tatsugiri|Tatsugiri, L50, F|100\/100\n|-activate|p2b: Tatsugiri|ability: Commander|[of] p2a: Dondozo\n|-boost|p2a: Dondozo|atk|2\n|-boost|p2a: Dondozo|spa|2\n|-boost|p2a: Dondozo|spe|2\n|-boost|p2a: Dondozo|def|2\n|-boost|p2a: Dondozo|spd|2\n|turn|1\n|\n|t:|1682137162\n|move|p1b: Dragapult|U-turn|p2a: Dondozo\n|-damage|p2a: Dondozo|90\/100\n|-damage|p1b: Dragapult|91\/100|[from] item: Life Orb\n|\n|t:|1682137165\n|switch|p1b: Amoonguss|Amoonguss, L50, M|100\/100|[from] U-turn\n|move|p2a: Dondozo|Order Up|p1b: Amoonguss\n|-damage|p1b: Amoonguss|56\/100\n|-boost|p2a: Dondozo|atk|1\n|move|p1a: Palafin|Haze|p1a: Palafin\n|-clearallboost\n|\n|-heal|p2a: Dondozo|97\/100|[from] item: Leftovers\n|upkeep\n|turn|2\n|\n|t:|1682137186\n|detailschange|p1a: Palafin|Palafin-Hero, L50, M\n|switch|p1a: Flutter Mane|Flutter Mane, L50, shiny|100\/100\n|-enditem|p1a: Flutter Mane|Booster Energy\n|-activate|p1a: Flutter Mane|ability: Protosynthesis|[fromitem]\n|-start|p1a: Flutter Mane|protosynthesisspa\n|-terastallize|p2a: Dondozo|Steel\n|move|p2a: Dondozo|Earthquake|p1a: Flutter Mane|[spread] p1a,p1b\n|-miss|p2a: Dondozo|p2b: Tatsugiri\n|-damage|p1a: Flutter Mane|52\/100\n|-damage|p1b: Amoonguss|37\/100\n|move|p1b: Amoonguss|Spore|p2a: Dondozo\n|-status|p2a: Dondozo|slp|[from] move: Spore\n|\n|-heal|p2a: Dondozo|100\/100 slp|[from] item: Leftovers\n|upkeep\n|turn|3\n|\n|t:|1682137207\n|move|p1a: Flutter Mane|Shadow Ball|p2a: Dondozo\n|-damage|p2a: Dondozo|39\/100 slp\n|cant|p2a: Dondozo|slp\n|move|p1b: Amoonguss|Pollen Puff|p1a: Flutter Mane\n|-heal|p1a: Flutter Mane|100\/100\n|\n|-heal|p2a: Dondozo|46\/100 slp|[from] item: Leftovers\n|upkeep\n|turn|4\n|\n|t:|1682137225\n|move|p1a: Flutter Mane|Shadow Ball|p2a: Dondozo\n|-damage|p2a: Dondozo|0 fnt\n|faint|p2a: Dondozo\n|move|p1b: Amoonguss|Spore|p2b: Tatsugiri\n|-status|p2b: Tatsugiri|slp|[from] move: Spore\n|\n|upkeep\n|\n|t:|1682137240\n|switch|p2a: Iron Moth|Iron Moth, L50|100\/100\n|-enditem|p2a: Iron Moth|Booster Energy\n|-activate|p2a: Iron Moth|ability: Quark Drive|[fromitem]\n|-start|p2a: Iron Moth|quarkdrivespe\n|turn|5\n|\n|t:|1682137282\n|-terastallize|p1b: Amoonguss|Water\n|move|p2a: Iron Moth|Fiery Dance|p1b: Amoonguss\n|-resisted|p1b: Amoonguss\n|-crit|p1b: Amoonguss\n|-damage|p1b: Amoonguss|12\/100\n|-boost|p2a: Iron Moth|spa|1\n|cant|p2b: Tatsugiri|slp\n|move|p1a: Flutter Mane|Moonblast|p2b: Tatsugiri\n|-supereffective|p2b: Tatsugiri\n|-damage|p2b: Tatsugiri|0 fnt\n|faint|p2b: Tatsugiri\n|move|p1b: Amoonguss|Pollen Puff|p2a: Iron Moth\n|-resisted|p2a: Iron Moth\n|-damage|p2a: Iron Moth|96\/100\n|\n|upkeep\n|\n|t:|1682137298\n|switch|p2b: Iron Hands|Iron Hands, L50|100\/100\n|turn|6\n|\n|t:|1682137334\n|move|p1b: Amoonguss|Protect|p1b: Amoonguss\n|-singleturn|p1b: Amoonguss|Protect\n|move|p2b: Iron Hands|Fake Out|p1b: Amoonguss\n|-activate|p1b: Amoonguss|move: Protect\n|move|p2a: Iron Moth|Fiery Dance|p1a: Flutter Mane\n|-damage|p1a: Flutter Mane|38\/100\n|-boost|p2a: Iron Moth|spa|1\n|move|p1a: Flutter Mane|Moonblast|p2b: Iron Hands\n|-supereffective|p2b: Iron Hands\n|-damage|p2b: Iron Hands|0 fnt\n|faint|p2b: Iron Hands\n|-end|p2b: Iron Hands|Quark Drive|[silent]\n|\n|upkeep\n|turn|7\n|\n|t:|1682137359\n|move|p1b: Amoonguss|Rage Powder|p1b: Amoonguss\n|-singleturn|p1b: Amoonguss|move: Rage Powder\n|move|p2a: Iron Moth|Sludge Wave|p1a: Flutter Mane|[spread] p1a,p1b\n|-damage|p1a: Flutter Mane|0 fnt\n|-damage|p1b: Amoonguss|0 fnt\n|faint|p1a: Flutter Mane\n|-end|p1a: Flutter Mane|Protosynthesis|[silent]\n|faint|p1b: Amoonguss\n|\n|upkeep\n|\n|t:|1682137365\n|switch|p1a: Dragapult|Dragapult, L50, M, shiny|91\/100\n|switch|p1b: Palafin|Palafin-Hero, L50, M|100\/100\n|-activate|p1b: Palafin|ability: Zero to Hero\n|turn|8\n|\n|t:|1682137379\n|move|p1b: Palafin|Jet Punch|p2a: Iron Moth\n|-supereffective|p2a: Iron Moth\n|-damage|p2a: Iron Moth|0 fnt\n|faint|p2a: Iron Moth\n|-end|p2a: Iron Moth|Quark Drive|[silent]\n|\n|win|penny my beloved\n|raw|penny my beloved's rating: 1206 → 1223<\/strong> (+17 for winning)\n|raw|Striden26's rating: 1095 → 1078<\/strong> (-17 for losing)\n","uploadtime":1682137388,"views":15,"p1id":"pennymybeloved","p2id":"striden26","formatid":"gen9vgc2023regulationc","rating":1078,"private":0,"password":""}