{"id":"gen9vgc2023regulationc-1857723801","p1":"DarkPine60","p2":"supaflytnt","format":"[Gen 9] VGC 2023 Regulation C","log":"|j|\u2606DarkPine60\n|j|\u2606supaflytnt\n|t:|1683225796\n|gametype|doubles\n|player|p1|DarkPine60|drayden|1445\n|player|p2|supaflytnt|266|1391\n|teamsize|p1|6\n|teamsize|p2|6\n|gen|9\n|tier|[Gen 9] VGC 2023 Regulation C\n|rated|\n|rule|Species Clause: Limit one of each Pok\u00e9mon\n|rule|Item Clause: Limit one of each item\n|clearpoke\n|poke|p1|Chien-Pao, L50|\n|poke|p1|Palafin, L50, F|\n|poke|p1|Corviknight, L50, F|\n|poke|p1|Volcarona, L50, F|\n|poke|p1|Gothitelle, L50, M|\n|poke|p1|Iron Hands, L50|\n|poke|p2|Toxtricity, L50, F|\n|poke|p2|Palafin, L50, M|\n|poke|p2|Flutter Mane, L50|\n|poke|p2|Orthworm, L50, F|\n|poke|p2|Hydreigon, L50, F|\n|poke|p2|Torkoal, L50, M|\n|teampreview|4\n|inactive|Battle timer is ON: inactive players will automatically lose when time's up. (requested by DarkPine60)\nDarkPine60 has agreed to open team sheets.\n|inactive|DarkPine60 has 60 seconds left.\n|inactive|supaflytnt has 60 seconds left.\n|\n|t:|1683225845\n|start\n|switch|p1a: Palafin|Palafin, L50, F, shiny|100\/100\n|switch|p1b: Chien-Pao|Chien-Pao, L50|100\/100\n|switch|p2a: Gucci Mane|Flutter Mane, L50, shiny|100\/100\n|switch|p2b: Earthworm Jim|Orthworm, L50, F|100\/100\n|-ability|p1b: Chien-Pao|Sword of Ruin\n|turn|1\n|inactive|DarkPine60 has 30 seconds left.\n|inactive|DarkPine60 has 20 seconds left.\n|\n|t:|1683225884\n|-terastallize|p2b: Earthworm Jim|Fire\n|move|p1a: Palafin|Jet Punch|p2a: Gucci Mane\n|-damage|p2a: Gucci Mane|55\/100\n|move|p1b: Chien-Pao|Ice Spinner|p2a: Gucci Mane\n|-damage|p2a: Gucci Mane|0 fnt\n|faint|p2a: Gucci Mane\n|-end|p2a: Gucci Mane|Protosynthesis|[silent]\n|move|p2b: Earthworm Jim|Shed Tail|p2b: Earthworm Jim\n|-start|p2b: Earthworm Jim|Substitute|[from] move: Shed Tail\n|-damage|p2b: Earthworm Jim|50\/100\n|-enditem|p2b: Earthworm Jim|Sitrus Berry|[eat]\n|-heal|p2b: Earthworm Jim|75\/100|[from] item: Sitrus Berry\n|\n|t:|1683225906\n|switch|p2b: Vesuvius|Torkoal, L50, M|100\/100|[from] Shed Tail\n|-weather|SunnyDay|[from] ability: Drought|[of] p2b: Vesuvius\n|\n|-weather|SunnyDay|[upkeep]\n|upkeep\n|\n|t:|1683225916\n|switch|p2a: Earthworm Jim|Orthworm, L50, F, tera:Fire|75\/100\n|turn|2\n|\n|t:|1683225927\n|move|p1b: Chien-Pao|Protect|p1b: Chien-Pao\n|-singleturn|p1b: Chien-Pao|Protect\n|move|p1a: Palafin|Protect|p1a: Palafin\n|-singleturn|p1a: Palafin|Protect\n|move|p2a: Earthworm Jim|Protect|p2a: Earthworm Jim\n|-singleturn|p2a: Earthworm Jim|Protect\n|move|p2b: Vesuvius|Heat Wave|p1b: Chien-Pao|[spread] \n|-activate|p1a: Palafin|move: Protect\n|-activate|p1b: Chien-Pao|move: Protect\n|\n|-weather|SunnyDay|[upkeep]\n|upkeep\n|turn|3\n|\n|t:|1683225952\n|move|p1b: Chien-Pao|Sacred Sword|p2b: Vesuvius\n|-end|p2b: Vesuvius|Substitute\n|move|p1a: Palafin|Wave Crash|p2b: Vesuvius\n|-supereffective|p2b: Vesuvius\n|-damage|p2b: Vesuvius|46\/100\n|-damage|p1a: Palafin|85\/100|[from] Recoil\n|move|p2a: Earthworm Jim|Shed Tail|p2a: Earthworm Jim\n|-start|p2a: Earthworm Jim|Substitute|[from] move: Shed Tail\n|-damage|p2a: Earthworm Jim|25\/100\n|\n|t:|1683225961\n|switch|p2a: Led Zeppelin|Toxtricity, L50, F|100\/100|[from] Shed Tail\n|move|p2b: Vesuvius|Heat Wave|p1a: Palafin|[spread] p1b\n|-miss|p2b: Vesuvius|p1a: Palafin\n|-supereffective|p1b: Chien-Pao\n|-enditem|p1b: Chien-Pao|Focus Sash\n|-damage|p1b: Chien-Pao|1\/100\n|\n|-weather|SunnyDay|[upkeep]\n|upkeep\n|turn|4\n|inactive|DarkPine60 has 30 seconds left.\n|inactive|supaflytnt has 30 seconds left.\n|inactive|supaflytnt has 20 seconds left.\n|\n|t:|1683225998\n|switch|p2b: Earthworm Jim|Orthworm, L50, F, tera:Fire|25\/100\n|move|p1b: Chien-Pao|Protect|p1b: Chien-Pao\n|-singleturn|p1b: Chien-Pao|Protect\n|move|p1a: Palafin|Protect|p1a: Palafin\n|-singleturn|p1a: Palafin|Protect\n|move|p2a: Led Zeppelin|Overdrive|p1b: Chien-Pao|[spread] \n|-activate|p1a: Palafin|move: Protect\n|-activate|p1b: Chien-Pao|move: Protect\n|\n|-weather|SunnyDay|[upkeep]\n|upkeep\n|turn|5\n|inactive|DarkPine60 has 30 seconds left.\n|inactive|supaflytnt has 30 seconds left.\n|\n|t:|1683226033\n|detailschange|p1a: Palafin|Palafin-Hero, L50, F, shiny\n|switch|p1a: Iron Hands|Iron Hands, L50|100\/100\n|move|p2b: Earthworm Jim|Protect|p2b: Earthworm Jim\n|-singleturn|p2b: Earthworm Jim|Protect\n|move|p1b: Chien-Pao|Ice Spinner|p2a: Led Zeppelin\n|-end|p2a: Led Zeppelin|Substitute\n|move|p2a: Led Zeppelin|Overdrive|p1b: Chien-Pao|[spread] p1a,p1b\n|-resisted|p1a: Iron Hands\n|-damage|p1a: Iron Hands|91\/100\n|-damage|p1b: Chien-Pao|0 fnt\n|faint|p1b: Chien-Pao\n|-enditem|p2a: Led Zeppelin|Throat Spray\n|-boost|p2a: Led Zeppelin|spa|1|[from] item: Throat Spray\n|\n|-weather|none\n|upkeep\n|\n|t:|1683226048\n|switch|p1b: Gothitelle|Gothitelle, L50, M|100\/100\n|turn|6\n|\n|t:|1683226065\n|move|p2a: Led Zeppelin|Overdrive|p1b: Gothitelle|[spread] p1a,p1b\n|-resisted|p1a: Iron Hands\n|-damage|p1a: Iron Hands|75\/100\n|-damage|p1b: Gothitelle|56\/100\n|move|p2b: Earthworm Jim|Body Press|p1a: Iron Hands\n|-damage|p1a: Iron Hands|55\/100\n|move|p1b: Gothitelle|Psychic|p2b: Earthworm Jim\n|-damage|p2b: Earthworm Jim|0 fnt\n|faint|p2b: Earthworm Jim\n|move|p1a: Iron Hands|Wild Charge|p2a: Led Zeppelin\n|-resisted|p2a: Led Zeppelin\n|-damage|p2a: Led Zeppelin|68\/100\n|-damage|p1a: Iron Hands|49\/100|[from] Recoil\n|\n|upkeep\n|\n|t:|1683226077\n|switch|p2b: Vesuvius|Torkoal, L50, M|46\/100\n|-weather|SunnyDay|[from] ability: Drought|[of] p2b: Vesuvius\n|turn|7\n|inactive|supaflytnt has 30 seconds left.\n|\n|t:|1683226109\n|move|p2a: Led Zeppelin|Overdrive|p1a: Iron Hands|[spread] p1a,p1b\n|-resisted|p1a: Iron Hands\n|-damage|p1a: Iron Hands|35\/100\n|-damage|p1b: Gothitelle|10\/100\n|-enditem|p1b: Gothitelle|Sitrus Berry|[eat]\n|-heal|p1b: Gothitelle|35\/100|[from] item: Sitrus Berry\n|move|p1b: Gothitelle|Psychic|p2a: Led Zeppelin\n|-supereffective|p2a: Led Zeppelin\n|-damage|p2a: Led Zeppelin|0 fnt\n|faint|p2a: Led Zeppelin\n|move|p1a: Iron Hands|Drain Punch|p2b: Vesuvius\n|-damage|p2b: Vesuvius|14\/100\n|-heal|p1a: Iron Hands|47\/100|[from] drain|[of] p2b: Vesuvius\n|move|p2b: Vesuvius|Heat Wave|p1b: Gothitelle|[spread] p1a,p1b\n|-damage|p1a: Iron Hands|15\/100\n|-damage|p1b: Gothitelle|0 fnt\n|faint|p1b: Gothitelle\n|\n|-weather|SunnyDay|[upkeep]\n|upkeep\n|-message|supaflytnt forfeited.\n|\n|win|DarkPine60\n|raw|DarkPine60's rating: 1445 → 1462<\/strong> (+17 for winning)\n|raw|supaflytnt's rating: 1391 → 1374<\/strong> (-17 for losing)\n","uploadtime":1683226127,"views":15,"p1id":"darkpine60","p2id":"supaflytnt","formatid":"gen9vgc2023regulationc","rating":1374,"private":0,"password":""}