{"id":"gen9vgc2023regulationc-1847461439","p1":"kukukachui","p2":"Ru7887","format":"[Gen 9] VGC 2023 Regulation C","log":"|j|\u2606kukukachui\n|j|\u2606Ru7887\n|t:|1681957965\n|gametype|doubles\n|player|p1|kukukachui|266|1234\n|player|p2|Ru7887|lance|1144\n|teamsize|p1|6\n|teamsize|p2|6\n|gen|9\n|tier|[Gen 9] VGC 2023 Regulation C\n|rated|\n|rule|Species Clause: Limit one of each Pok\u00e9mon\n|rule|Item Clause: Limit one of each item\n|clearpoke\n|poke|p1|Arcanine, L50, F|\n|poke|p1|Ting-Lu, L50|\n|poke|p1|Amoonguss, L50, F|\n|poke|p1|Flutter Mane, L50|\n|poke|p1|Kingambit, L50, M|\n|poke|p1|Palafin, L50, F|\n|poke|p2|Amoonguss, L50, F|\n|poke|p2|Sylveon, L50, M|\n|poke|p2|Iron Hands, L50|\n|poke|p2|Kingambit, L50, F|\n|poke|p2|Garchomp, L50, M|\n|poke|p2|Talonflame, L50, M|\n|teampreview|4\n|inactive|Battle timer is ON: inactive players will automatically lose when time's up. (requested by Ru7887)\n|inactive|kukukachui has 60 seconds left.\n|\n|t:|1681958002\n|start\n|switch|p1a: Sweet Dee|Flutter Mane, L50|100\/100\n|switch|p1b: Mac|Palafin, L50, F|100\/100\n|switch|p2a: Amoonguss|Amoonguss, L50, F, shiny|100\/100\n|switch|p2b: Talonflame|Talonflame, L50, M|100\/100\n|turn|1\n|\n|t:|1681958026\n|move|p1b: Mac|Protect|p1b: Mac\n|-singleturn|p1b: Mac|Protect\n|move|p2b: Talonflame|Tailwind|p2b: Talonflame\n|-sidestart|p2: Ru7887|move: Tailwind\n|move|p1a: Sweet Dee|Thunderbolt|p2b: Talonflame\n|-supereffective|p2b: Talonflame\n|-enditem|p2b: Talonflame|Focus Sash\n|-damage|p2b: Talonflame|1\/100\n|-damage|p1a: Sweet Dee|91\/100|[from] item: Life Orb\n|move|p2a: Amoonguss|Spore|p1a: Sweet Dee\n|-status|p1a: Sweet Dee|slp|[from] move: Spore\n|\n|upkeep\n|turn|2\n|inactive|kukukachui has 30 seconds left.\n|\n|t:|1681958058\n|detailschange|p1b: Mac|Palafin-Hero, L50, F\n|switch|p1b: Charlie|Arcanine, L50, F|100\/100\n|-ability|p1b: Charlie|Intimidate|boost\n|-unboost|p2a: Amoonguss|atk|1\n|-unboost|p2b: Talonflame|atk|1\n|cant|p1a: Sweet Dee|slp\n|move|p2b: Talonflame|Brave Bird|p1a: Sweet Dee\n|-damage|p1a: Sweet Dee|41\/100 slp\n|-damage|p2b: Talonflame|0 fnt|[from] Recoil\n|faint|p2b: Talonflame\n|move|p2a: Amoonguss|Spore|p1b: Charlie\n|-activate|p1b: Charlie|item: Safety Goggles|Spore\n|\n|upkeep\n|\n|t:|1681958066\n|switch|p2b: Sylveon|Sylveon, L50, M, shiny|100\/100\n|turn|3\n|\n|t:|1681958091\n|-terastallize|p2b: Sylveon|Water\n|cant|p1a: Sweet Dee|slp\n|move|p2b: Sylveon|Tera Blast|p1b: Charlie\n|-supereffective|p1b: Charlie\n|-damage|p1b: Charlie|38\/100\n|move|p1b: Charlie|Flare Blitz|p2a: Amoonguss\n|-supereffective|p2a: Amoonguss\n|-damage|p2a: Amoonguss|0 fnt\n|faint|p2a: Amoonguss\n|-damage|p1b: Charlie|0 fnt|[from] Recoil\n|faint|p1b: Charlie\n|\n|upkeep\n|\n|t:|1681958104\n|switch|p1b: Frank|Amoonguss, L50, F|100\/100\n|switch|p2a: Iron Hands|Iron Hands, L50, shiny|100\/100\n|-enditem|p2a: Iron Hands|Booster Energy\n|-activate|p2a: Iron Hands|ability: Quark Drive|[fromitem]\n|-start|p2a: Iron Hands|quarkdriveatk\n|turn|4\n|\n|t:|1681958114\n|move|p2a: Iron Hands|Fake Out|p1b: Frank\n|-damage|p1b: Frank|81\/100\n|cant|p1b: Frank|flinch\n|cant|p1a: Sweet Dee|slp\n|move|p2b: Sylveon|Hyper Voice|p1a: Sweet Dee|[spread] p1a,p1b\n|-resisted|p1b: Frank\n|-damage|p1a: Sweet Dee|14\/100 slp\n|-damage|p1b: Frank|70\/100\n|\n|-sideend|p2: Ru7887|move: Tailwind\n|upkeep\n|turn|5\n|\n|t:|1681958128\n|move|p1b: Frank|Rage Powder|p1b: Frank\n|-singleturn|p1b: Frank|move: Rage Powder\n|-curestatus|p1a: Sweet Dee|slp|[msg]\n|move|p1a: Sweet Dee|Thunderbolt|p2b: Sylveon\n|-supereffective|p2b: Sylveon\n|-damage|p2b: Sylveon|54\/100\n|-damage|p1a: Sweet Dee|5\/100|[from] item: Life Orb\n|move|p2b: Sylveon|Hyper Voice|p1a: Sweet Dee|[spread] p1a,p1b\n|-resisted|p1b: Frank\n|-damage|p1a: Sweet Dee|0 fnt\n|-damage|p1b: Frank|57\/100\n|faint|p1a: Sweet Dee\n|-end|p1a: Sweet Dee|Protosynthesis|[silent]\n|move|p2a: Iron Hands|Wild Charge|p1b: Frank\n|-resisted|p1b: Frank\n|-damage|p1b: Frank|25\/100\n|-enditem|p1b: Frank|Sitrus Berry|[eat]\n|-heal|p1b: Frank|50\/100|[from] item: Sitrus Berry\n|-damage|p2a: Iron Hands|94\/100|[from] Recoil\n|\n|-heal|p2b: Sylveon|60\/100|[from] item: Leftovers\n|upkeep\n|\n|t:|1681958149\n|switch|p1a: Mac|Palafin-Hero, L50, F|100\/100\n|-activate|p1a: Mac|ability: Zero to Hero\n|turn|6\n|\n|t:|1681958167\n|move|p1a: Mac|Protect|p1a: Mac\n|-singleturn|p1a: Mac|Protect\n|move|p2b: Sylveon|Hyper Voice|p1a: Mac|[spread] p1b\n|-activate|p1a: Mac|move: Protect\n|-resisted|p1b: Frank\n|-damage|p1b: Frank|38\/100\n|move|p2a: Iron Hands|Wild Charge|p1a: Mac\n|-activate|p1a: Mac|move: Protect\n|move|p1b: Frank|Spore|p2a: Iron Hands\n|-status|p2a: Iron Hands|slp|[from] move: Spore\n|\n|-heal|p2b: Sylveon|66\/100|[from] item: Leftovers\n|upkeep\n|turn|7\n|\n|t:|1681958188\n|-terastallize|p1a: Mac|Water\n|move|p1a: Mac|Wave Crash|p2b: Sylveon\n|-resisted|p2b: Sylveon\n|-damage|p2b: Sylveon|0 fnt\n|faint|p2b: Sylveon\n|-damage|p1a: Mac|79\/100|[from] Recoil\n|cant|p2a: Iron Hands|slp\n|move|p1b: Frank|Pollen Puff|p1a: Mac\n|-heal|p1a: Mac|100\/100\n|\n|upkeep\n|turn|8\n|\n|t:|1681958203\n|move|p1b: Frank|Rage Powder|p1b: Frank\n|-singleturn|p1b: Frank|move: Rage Powder\n|move|p1a: Mac|Wave Crash|p2a: Iron Hands\n|-damage|p2a: Iron Hands|6\/100 slp\n|-damage|p1a: Mac|63\/100|[from] Recoil\n|-curestatus|p2a: Iron Hands|slp|[msg]\n|move|p2a: Iron Hands|Wild Charge|p1b: Frank\n|-resisted|p1b: Frank\n|-damage|p1b: Frank|7\/100\n|-damage|p2a: Iron Hands|0 fnt|[from] Recoil\n|faint|p2a: Iron Hands\n|-end|p2a: Iron Hands|Quark Drive|[silent]\n|\n|win|kukukachui\n|raw|kukukachui's rating: 1234 → 1253<\/strong> (+19 for winning)\n|raw|Ru7887's rating: 1144 → 1125<\/strong> (-19 for losing)\n|l|\u2606Ru7887\n","uploadtime":1681958445,"views":3,"p1id":"kukukachui","p2id":"ru7887","formatid":"gen9vgc2023regulationc","rating":1125,"private":0,"password":""}