{"id":"gen9vgc2023regulationc-1858321192","p1":"elitepoke13","p2":"Broskander","format":"[Gen 9] VGC 2023 Regulation C","log":"|j|\u2606elitepoke13\n|j|\u2606Broskander\n|t:|1683301749\n|gametype|doubles\n|player|p1|elitepoke13|266|1128\n|player|p2|Broskander|2|1239\n|teamsize|p1|6\n|teamsize|p2|6\n|gen|9\n|tier|[Gen 9] VGC 2023 Regulation C\n|rated|\n|rule|Species Clause: Limit one of each Pok\u00e9mon\n|rule|Item Clause: Limit one of each item\n|clearpoke\n|poke|p1|Arcanine, L50, F|\n|poke|p1|Amoonguss, L50, M|\n|poke|p1|Dragonite, L50, F|\n|poke|p1|Chien-Pao, L50|\n|poke|p1|Flutter Mane, L50|\n|poke|p1|Palafin, L50, F|\n|poke|p2|Amoonguss, L50, M|\n|poke|p2|Palafin, L50, F|\n|poke|p2|Ting-Lu, L50|\n|poke|p2|Arcanine, L50, M|\n|poke|p2|Flutter Mane, L50|\n|poke|p2|Roaring Moon, L50|\n|teampreview|4\n|inactive|Battle timer is ON: inactive players will automatically lose when time's up. (requested by Broskander)\n|\n|t:|1683301779\n|start\n|switch|p1a: Nazz|Flutter Mane, L50, shiny|100\/100\n|switch|p1b: Ed|Dragonite, L50, F, shiny|100\/100\n|switch|p2a: Arcanine|Arcanine, L50, M|100\/100\n|switch|p2b: Palafin|Palafin, L50, F|100\/100\n|-ability|p2a: Arcanine|Intimidate|boost\n|-unboost|p1a: Nazz|atk|1\n|-fail|p1b: Ed|unboost|Attack|[from] ability: Inner Focus|[of] p1b: Ed\n|-enditem|p1a: Nazz|Booster Energy\n|-activate|p1a: Nazz|ability: Protosynthesis|[fromitem]\n|-start|p1a: Nazz|protosynthesisspa\n|turn|1\n|\n|t:|1683301800\n|detailschange|p2b: Palafin|Palafin-Hero, L50, F\n|switch|p2b: Ting-Lu|Ting-Lu, L50|100\/100\n|-ability|p2b: Ting-Lu|Vessel of Ruin\n|move|p1a: Nazz|Shadow Ball|p2a: Arcanine\n|-damage|p2a: Arcanine|56\/100\n|move|p2a: Arcanine|Will-O-Wisp|p1b: Ed\n|-status|p1b: Ed|brn\n|move|p1b: Ed|Low Kick|p2b: Ting-Lu\n|-supereffective|p2b: Ting-Lu\n|-damage|p2b: Ting-Lu|70\/100\n|\n|-damage|p1b: Ed|94\/100 brn|[from] brn\n|upkeep\n|turn|2\n|\n|t:|1683301824\n|switch|p2a: Palafin|Palafin-Hero, L50, F|100\/100\n|-activate|p2a: Palafin|ability: Zero to Hero\n|-terastallize|p2b: Ting-Lu|Poison\n|move|p1a: Nazz|Moonblast|p2b: Ting-Lu\n|-resisted|p2b: Ting-Lu\n|-damage|p2b: Ting-Lu|59\/100\n|-unboost|p2b: Ting-Lu|spa|1\n|move|p1b: Ed|Stomping Tantrum|p2a: Palafin\n|-damage|p2a: Palafin|87\/100\n|move|p2b: Ting-Lu|Heavy Slam|p1a: Nazz\n|-supereffective|p1a: Nazz\n|-damage|p1a: Nazz|0 fnt\n|faint|p1a: Nazz\n|-end|p1a: Nazz|Protosynthesis|[silent]\n|\n|-damage|p1b: Ed|88\/100 brn|[from] brn\n|upkeep\n|inactive|elitepoke13 has 30 seconds left.\n|\n|t:|1683301851\n|switch|p1a: Rolf|Chien-Pao, L50|100\/100\n|-ability|p1a: Rolf|Sword of Ruin\n|turn|3\n|\n|t:|1683301865\n|switch|p2b: Arcanine|Arcanine, L50, M|56\/100\n|-ability|p2b: Arcanine|Intimidate|boost\n|-unboost|p1a: Rolf|atk|1\n|-fail|p1b: Ed|unboost|Attack|[from] ability: Inner Focus|[of] p1b: Ed\n|-terastallize|p1b: Ed|Flying\n|move|p1a: Rolf|Sucker Punch||[still]\n|-fail|p1a: Rolf\n|move|p2a: Palafin|Substitute|p2a: Palafin\n|-start|p2a: Palafin|Substitute\n|-damage|p2a: Palafin|62\/100\n|move|p1b: Ed|Tera Blast|p2b: Arcanine\n|-damage|p2b: Arcanine|7\/100\n|\n|-damage|p1b: Ed|82\/100 brn|[from] brn\n|upkeep\n|turn|4\n|inactive|Broskander has 30 seconds left.\n|\n|t:|1683301892\n|move|p1a: Rolf|Ice Spinner|p2b: Arcanine\n|-resisted|p2b: Arcanine\n|-damage|p2b: Arcanine|0 fnt\n|faint|p2b: Arcanine\n|move|p2a: Palafin|Wave Crash|p1b: Ed\n|-damage|p1b: Ed|0 fnt\n|faint|p1b: Ed\n|-damage|p2a: Palafin|37\/100|[from] Recoil\n|\n|upkeep\n|\n|t:|1683301904\n|switch|p2b: Roaring Moon|Roaring Moon, L50|100\/100\n|switch|p1b: Plank|Arcanine, L50, F, shiny|100\/100\n|-ability|p1b: Plank|Intimidate|boost\n|-immune|p2a: Palafin\n|-unboost|p2b: Roaring Moon|atk|1\n|-enditem|p2b: Roaring Moon|Booster Energy\n|-activate|p2b: Roaring Moon|ability: Protosynthesis|[fromitem]\n|-start|p2b: Roaring Moon|protosynthesisatk\n|turn|5\n|\n|t:|1683301922\n|-end|p2b: Roaring Moon|Protosynthesis|[silent]\n|switch|p2b: Ting-Lu|Ting-Lu, L50, tera:Poison|59\/100\n|-ability|p2b: Ting-Lu|Vessel of Ruin\n|move|p1a: Rolf|Ice Spinner|p2b: Ting-Lu\n|-damage|p2b: Ting-Lu|38\/100\n|move|p1b: Plank|Flare Blitz|p2a: Palafin\n|-resisted|p2a: Palafin\n|-end|p2a: Palafin|Substitute\n|-damage|p1b: Plank|92\/100|[from] Recoil|[of] p2a: Palafin\n|move|p2a: Palafin|Wave Crash|p1b: Plank\n|-supereffective|p1b: Plank\n|-damage|p1b: Plank|0 fnt\n|faint|p1b: Plank\n|-damage|p2a: Palafin|7\/100|[from] Recoil\n|\n|upkeep\n|turn|6\n|\n|t:|1683301943\n|move|p1a: Rolf|Ice Spinner|p2b: Ting-Lu\n|-damage|p2b: Ting-Lu|17\/100\n|move|p2a: Palafin|Close Combat|p1a: Rolf\n|-supereffective|p1a: Rolf\n|-crit|p1a: Rolf\n|-enditem|p1a: Rolf|Focus Sash\n|-damage|p1a: Rolf|1\/100\n|-unboost|p2a: Palafin|def|1\n|-unboost|p2a: Palafin|spd|1\n|move|p2b: Ting-Lu|Heavy Slam|p1a: Rolf\n|-supereffective|p1a: Rolf\n|-crit|p1a: Rolf\n|-damage|p1a: Rolf|0 fnt\n|faint|p1a: Rolf\n|\n|win|Broskander\n|raw|elitepoke13's rating: 1128 → 1111<\/strong> (-17 for losing)\n|raw|Broskander's rating: 1239 → 1256<\/strong> (+17 for winning)\n|c|\u2606Broskander|Gg\n|l|\u2606elitepoke13\n","uploadtime":1683301964,"views":7,"p1id":"elitepoke13","p2id":"broskander","formatid":"gen9vgc2023regulationc","rating":1111,"private":0,"password":""}