{"id":"gen9vgc2023regulationc-1847862952","p1":"Bimbodd","p2":"makapaka04","format":"[Gen 9] VGC 2023 Regulation C","log":"|j|\u2606Bimbodd\n|j|\u2606makapaka04\n|t:|1682008124\n|gametype|doubles\n|player|p1|Bimbodd|volkner|1123\n|player|p2|makapaka04|1|1183\n|teamsize|p1|6\n|teamsize|p2|6\n|gen|9\n|tier|[Gen 9] VGC 2023 Regulation C\n|rated|\n|rule|Species Clause: Limit one of each Pok\u00e9mon\n|rule|Item Clause: Limit one of each item\n|clearpoke\n|poke|p1|Ceruledge, L50, M|\n|poke|p1|Torkoal, L50, F|\n|poke|p1|Lilligant, L50, F|\n|poke|p1|Flutter Mane, L50|\n|poke|p1|Roaring Moon, L50|\n|poke|p1|Pachirisu, L50, M|\n|poke|p2|Amoonguss, L50, F|\n|poke|p2|Hatterene, L50, F|\n|poke|p2|Kingambit, L50, M|\n|poke|p2|Torkoal, L50, M|\n|poke|p2|Hariyama, L50, M|\n|poke|p2|Oranguru, L50, M|\n|teampreview|4\n|inactive|Battle timer is ON: inactive players will automatically lose when time's up. (requested by Bimbodd)\n|inactive|Bimbodd has 60 seconds left.\n|inactive|makapaka04 has 60 seconds left.\nmakapaka04 rejected open team sheets.\n|inactive|Bimbodd has 30 seconds left.\n|inactive|Bimbodd has 20 seconds left.\n|\n|t:|1682008197\n|start\n|switch|p1a: Ceruledge|Ceruledge, L50, M|100\/100\n|switch|p1b: Flutter Mane|Flutter Mane, L50|100\/100\n|switch|p2a: Oranguru|Oranguru, L50, M|100\/100\n|switch|p2b: Hariyama|Hariyama, L50, M|100\/100\n|turn|1\n|inactive|Bimbodd has 30 seconds left.\n|inactive|makapaka04 has 30 seconds left.\n|\n|t:|1682008226\n|move|p2b: Hariyama|Detect|p2b: Hariyama\n|-singleturn|p2b: Hariyama|Protect\n|move|p1a: Ceruledge|Flare Blitz|p2a: Oranguru\n|-damage|p2a: Oranguru|32\/100\n|-damage|p1a: Ceruledge|73\/100|[from] Recoil\n|move|p1b: Flutter Mane|Dazzling Gleam|p2a: Oranguru|[spread] p2a\n|-activate|p2b: Hariyama|move: Protect\n|-damage|p2a: Oranguru|11\/100\n|move|p2a: Oranguru|Trick Room|p2a: Oranguru\n|-fieldstart|move: Trick Room|[of] p2a: Oranguru\n|\n|-status|p2b: Hariyama|brn|[from] item: Flame Orb\n|upkeep\n|turn|2\n|inactive|Bimbodd has 30 seconds left.\n|\n|t:|1682008257\n|move|p2b: Hariyama|Headlong Rush|p1a: Ceruledge\n|-supereffective|p1a: Ceruledge\n|-damage|p1a: Ceruledge|0 fnt\n|-unboost|p2b: Hariyama|def|1\n|-unboost|p2b: Hariyama|spd|1\n|faint|p1a: Ceruledge\n|move|p2a: Oranguru|Instruct|p2b: Hariyama\n|-singleturn|p2b: Hariyama|move: Instruct|[of] p2a: Oranguru\n|move|p2b: Hariyama|Headlong Rush|p1b: Flutter Mane\n|-enditem|p1b: Flutter Mane|Focus Sash\n|-damage|p1b: Flutter Mane|1\/100\n|-unboost|p2b: Hariyama|def|1\n|-unboost|p2b: Hariyama|spd|1\n|move|p1b: Flutter Mane|Dazzling Gleam|p2b: Hariyama|[spread] p2a,p2b\n|-supereffective|p2b: Hariyama\n|-damage|p2a: Oranguru|0 fnt\n|-damage|p2b: Hariyama|0 fnt\n|faint|p2a: Oranguru\n|faint|p2b: Hariyama\n|\n|upkeep\n|\n|t:|1682008278\n|switch|p2b: Kingambit|Kingambit, L50, M|100\/100\n|switch|p2a: Torkoal|Torkoal, L50, M|100\/100\n|switch|p1a: Torkoal|Torkoal, L50, F|100\/100\n|-weather|SunnyDay|[from] ability: Drought|[of] p2a: Torkoal\n|-activate|p1b: Flutter Mane|ability: Protosynthesis\n|-start|p1b: Flutter Mane|protosynthesisspa\n|turn|3\n|\n|t:|1682008300\n|-terastallize|p2b: Kingambit|Dark\n|move|p1b: Flutter Mane|Protect|p1b: Flutter Mane\n|-singleturn|p1b: Flutter Mane|Protect\n|move|p1a: Torkoal|Yawn|p2b: Kingambit\n|-start|p2b: Kingambit|move: Yawn|[of] p1a: Torkoal\n|move|p2a: Torkoal|Eruption|p1b: Flutter Mane|[spread] p1a\n|-activate|p1b: Flutter Mane|move: Protect\n|-resisted|p1a: Torkoal\n|-damage|p1a: Torkoal|47\/100\n|move|p2b: Kingambit|Swords Dance|p2b: Kingambit\n|-boost|p2b: Kingambit|atk|2\n|\n|-weather|SunnyDay|[upkeep]\n|upkeep\n|turn|4\n|inactive|Bimbodd has 30 seconds left.\n|inactive|Bimbodd has 20 seconds left.\n|\n|t:|1682008336\n|-end|p1b: Flutter Mane|Protosynthesis|[silent]\n|switch|p1b: Roaring Moon|Roaring Moon, L50|100\/100\n|-activate|p1b: Roaring Moon|ability: Protosynthesis\n|-start|p1b: Roaring Moon|protosynthesisatk\n|move|p2b: Kingambit|Sucker Punch||[still]\n|-fail|p2b: Kingambit\n|move|p1a: Torkoal|Will-O-Wisp|p2b: Kingambit|[miss]\n|-miss|p1a: Torkoal|p2b: Kingambit\n|move|p2a: Torkoal|Eruption|p1a: Torkoal|[spread] p1a,p1b\n|-resisted|p1a: Torkoal\n|-crit|p1a: Torkoal\n|-resisted|p1b: Roaring Moon\n|-damage|p1a: Torkoal|0 fnt\n|-damage|p1b: Roaring Moon|56\/100\n|faint|p1a: Torkoal\n|\n|-weather|SunnyDay|[upkeep]\n|-end|p2b: Kingambit|move: Yawn|[silent]\n|-status|p2b: Kingambit|slp\n|upkeep\n|\n|t:|1682008350\n|switch|p1a: Flutter Mane|Flutter Mane, L50|1\/100\n|-activate|p1a: Flutter Mane|ability: Protosynthesis\n|-start|p1a: Flutter Mane|protosynthesisspa\n|turn|5\n|\n|t:|1682008364\n|move|p1a: Flutter Mane|Protect|p1a: Flutter Mane\n|-singleturn|p1a: Flutter Mane|Protect\n|move|p2a: Torkoal|Eruption|p1b: Roaring Moon|[spread] p1b\n|-activate|p1a: Flutter Mane|move: Protect\n|-resisted|p1b: Roaring Moon\n|-damage|p1b: Roaring Moon|16\/100\n|cant|p2b: Kingambit|slp\n|move|p1b: Roaring Moon|Earthquake|p2a: Torkoal|[spread] p2a,p2b\n|-activate|p1a: Flutter Mane|move: Protect\n|-supereffective|p2a: Torkoal\n|-crit|p2a: Torkoal\n|-damage|p2a: Torkoal|0 fnt\n|-damage|p2b: Kingambit|61\/100 slp\n|faint|p2a: Torkoal\n|-damage|p1b: Roaring Moon|6\/100|[from] item: Life Orb\n|\n|-weather|SunnyDay|[upkeep]\n|-fieldend|move: Trick Room\n|upkeep\n|turn|6\n|\n|t:|1682008386\n|-curestatus|p2b: Kingambit|slp|[msg]\n|move|p2b: Kingambit|Sucker Punch|p1a: Flutter Mane\n|-damage|p1a: Flutter Mane|0 fnt\n|faint|p1a: Flutter Mane\n|-end|p1a: Flutter Mane|Protosynthesis|[silent]\n|move|p1b: Roaring Moon|Throat Chop|p2b: Kingambit\n|-resisted|p2b: Kingambit\n|-damage|p2b: Kingambit|31\/100\n|-start|p2b: Kingambit|Throat Chop|[silent]\n|-damage|p1b: Roaring Moon|0 fnt|[from] item: Life Orb\n|faint|p1b: Roaring Moon\n|-end|p1b: Roaring Moon|Protosynthesis|[silent]\n|\n|win|makapaka04\n|raw|Bimbodd's rating: 1123 → 1102<\/strong> (-21 for losing)\n|raw|makapaka04's rating: 1183 → 1204<\/strong> (+21 for winning)\n|l|\u2606makapaka04\n","uploadtime":1682008412,"views":9,"p1id":"bimbodd","p2id":"makapaka04","formatid":"gen9vgc2023regulationc","rating":1102,"private":0,"password":""}