{"id":"gen9vgc2023regulationc-1848952093","p1":"BeegYoshi83","p2":"Sa7tia","format":"[Gen 9] VGC 2023 Regulation C","log":"|j|\u2606BeegYoshi83\n|j|\u2606Sa7tia\n|t:|1682130339\n|gametype|doubles\n|player|p1|BeegYoshi83|hiker-gen4|1138\n|player|p2|Sa7tia|pokemonranger-gen4|1117\n|teamsize|p1|6\n|teamsize|p2|6\n|gen|9\n|tier|[Gen 9] VGC 2023 Regulation C\n|rated|\n|rule|Species Clause: Limit one of each Pok\u00e9mon\n|rule|Item Clause: Limit one of each item\n|clearpoke\n|poke|p1|Flutter Mane, L50|\n|poke|p1|Torkoal, L50, M|\n|poke|p1|Annihilape, L50, F|\n|poke|p1|Amoonguss, L50, M|\n|poke|p1|Chi-Yu, L50|\n|poke|p1|Palafin, L50, F|\n|poke|p2|Scream Tail, L50|\n|poke|p2|Arcanine, L50, F|\n|poke|p2|Roaring Moon, L50|\n|poke|p2|Azumarill, L50, M|\n|poke|p2|Sableye, L50, M|\n|poke|p2|Chi-Yu, L50|\n|teampreview|4\n|inactive|Battle timer is ON: inactive players will automatically lose when time's up. (requested by Sa7tia)\n|inactive|BeegYoshi83 also wants the timer to be on.\nBeegYoshi83 rejected open team sheets.\n|inactive|Sa7tia has 60 seconds left.\n|\n|t:|1682130374\n|start\n|switch|p1a: Annihilape|Annihilape, L50, F|100\/100\n|switch|p1b: Amoonguss|Amoonguss, L50, M|100\/100\n|switch|p2a: Scream Tail|Scream Tail, L50|100\/100\n|switch|p2b: Sableye|Sableye, L50, M|100\/100\n|turn|1\n|\n|t:|1682130395\n|move|p2b: Sableye|Fake Out|p1b: Amoonguss\n|-damage|p1b: Amoonguss|95\/100\n|cant|p1b: Amoonguss|flinch\n|move|p1a: Annihilape|Bulk Up|p1a: Annihilape\n|-boost|p1a: Annihilape|atk|1\n|-boost|p1a: Annihilape|def|1\n|move|p2a: Scream Tail|Howl|p2a: Scream Tail|[spread] p2a,p2b\n|-boost|p2a: Scream Tail|atk|1\n|-boost|p2b: Sableye|atk|1\n|\n|upkeep\n|turn|2\n|\n|t:|1682130416\n|move|p1b: Amoonguss|Rage Powder|p1b: Amoonguss\n|-singleturn|p1b: Amoonguss|move: Rage Powder\n|move|p1a: Annihilape|Rage Fist|p2b: Sableye\n|-damage|p2b: Sableye|60\/100\n|move|p2b: Sableye|Encore|p1b: Amoonguss\n|-start|p1b: Amoonguss|Encore\n|move|p2a: Scream Tail|Howl|p2a: Scream Tail|[spread] p2a,p2b\n|-boost|p2a: Scream Tail|atk|1\n|-boost|p2b: Sableye|atk|1\n|\n|upkeep\n|turn|3\n|\n|t:|1682130431\n|move|p1b: Amoonguss|Rage Powder|p1b: Amoonguss\n|-singleturn|p1b: Amoonguss|move: Rage Powder\n|move|p1a: Annihilape|Rage Fist|p2a: Scream Tail\n|-supereffective|p2a: Scream Tail\n|-damage|p2a: Scream Tail|52\/100\n|move|p2b: Sableye|Reflect|p2b: Sableye\n|-sidestart|p2: Sa7tia|Reflect\n|move|p2a: Scream Tail|Howl|p2a: Scream Tail|[spread] p2a,p2b\n|-boost|p2a: Scream Tail|atk|1\n|-boost|p2b: Sableye|atk|1\n|\n|upkeep\n|turn|4\n|\n|t:|1682130448\n|move|p1b: Amoonguss|Rage Powder|p1b: Amoonguss\n|-singleturn|p1b: Amoonguss|move: Rage Powder\n|move|p1a: Annihilape|Bulk Up|p1a: Annihilape\n|-boost|p1a: Annihilape|atk|1\n|-boost|p1a: Annihilape|def|1\n|move|p2b: Sableye|Light Screen|p2b: Sableye\n|-sidestart|p2: Sa7tia|move: Light Screen\n|move|p2a: Scream Tail|Baton Pass|p2a: Scream Tail\n|\n|t:|1682130465\n|-end|p2a: Scream Tail|Protosynthesis|[silent]\n|switch|p2a: Roaring Moon|Roaring Moon, L50|100\/100|[from] Baton Pass\n|-enditem|p2a: Roaring Moon|Booster Energy\n|-activate|p2a: Roaring Moon|ability: Protosynthesis|[fromitem]\n|-start|p2a: Roaring Moon|protosynthesisatk\n|\n|upkeep\n|turn|5\n|\n|t:|1682130480\n|-terastallize|p2a: Roaring Moon|Flying\n|move|p1b: Amoonguss|Rage Powder|p1b: Amoonguss\n|-singleturn|p1b: Amoonguss|move: Rage Powder\n|move|p2a: Roaring Moon|Acrobatics|p1b: Amoonguss\n|-supereffective|p1b: Amoonguss\n|-damage|p1b: Amoonguss|0 fnt\n|faint|p1b: Amoonguss\n|move|p1a: Annihilape|Drain Punch|p2a: Roaring Moon\n|-resisted|p2a: Roaring Moon\n|-damage|p2a: Roaring Moon|67\/100\n|move|p2b: Sableye|Encore|p1a: Annihilape\n|-start|p1a: Annihilape|Encore\n|\n|upkeep\n|\n|t:|1682130499\n|switch|p1b: Flutter Mane|Flutter Mane, L50|100\/100\n|turn|6\n|\n|t:|1682130513\n|switch|p2b: Scream Tail|Scream Tail, L50|52\/100\n|-terastallize|p1b: Flutter Mane|Fairy\n|move|p1b: Flutter Mane|Dazzling Gleam|p2b: Scream Tail|[spread] p2a,p2b\n|-damage|p2a: Roaring Moon|28\/100\n|-damage|p2b: Scream Tail|25\/100\n|move|p2a: Roaring Moon|Iron Head|p1b: Flutter Mane\n|-supereffective|p1b: Flutter Mane\n|-damage|p1b: Flutter Mane|0 fnt\n|faint|p1b: Flutter Mane\n|-end|p1b: Flutter Mane|Protosynthesis|[silent]\n|move|p1a: Annihilape|Drain Punch|p2a: Roaring Moon\n|-resisted|p2a: Roaring Moon\n|-damage|p2a: Roaring Moon|0 fnt\n|faint|p2a: Roaring Moon\n|-end|p2a: Roaring Moon|Protosynthesis|[silent]\n|\n|upkeep\n|\n|t:|1682130526\n|switch|p1b: Chi-Yu|Chi-Yu, L50|100\/100\n|switch|p2a: Azumarill|Azumarill, L50, M|100\/100\n|-ability|p1b: Chi-Yu|Beads of Ruin\n|turn|7\n|\n|t:|1682130537\n|move|p1b: Chi-Yu|Heat Wave|p2b: Scream Tail|[spread] p2a,p2b\n|-resisted|p2a: Azumarill\n|-damage|p2a: Azumarill|89\/100\n|-damage|p2b: Scream Tail|0 fnt\n|faint|p2b: Scream Tail\n|-end|p2b: Scream Tail|Protosynthesis|[silent]\n|move|p1a: Annihilape|Drain Punch|p2a: Azumarill\n|-resisted|p2a: Azumarill\n|-crit|p2a: Azumarill\n|-damage|p2a: Azumarill|32\/100\n|move|p2a: Azumarill|Play Rough|p1a: Annihilape\n|-supereffective|p1a: Annihilape\n|-damage|p1a: Annihilape|42\/100\n|\n|-heal|p1a: Annihilape|48\/100|[from] item: Leftovers\n|upkeep\n|\n|t:|1682130540\n|switch|p2b: Sableye|Sableye, L50, M|60\/100\n|turn|8\n|\n|t:|1682130552\n|move|p2b: Sableye|Fake Out|p1b: Chi-Yu\n|-damage|p1b: Chi-Yu|88\/100\n|cant|p1b: Chi-Yu|flinch\n|move|p1a: Annihilape|Drain Punch|p2a: Azumarill\n|-resisted|p2a: Azumarill\n|-damage|p2a: Azumarill|5\/100\n|-heal|p1a: Annihilape|61\/100|[from] drain|[of] p2a: Azumarill\n|move|p2a: Azumarill|Play Rough|p1a: Annihilape\n|-supereffective|p1a: Annihilape\n|-damage|p1a: Annihilape|0 fnt\n|faint|p1a: Annihilape\n|\n|upkeep\n|turn|9\n|\n|t:|1682130575\n|move|p2a: Azumarill|Aqua Jet|p1b: Chi-Yu\n|-supereffective|p1b: Chi-Yu\n|-damage|p1b: Chi-Yu|9\/100\n|move|p1b: Chi-Yu|Heat Wave|p2a: Azumarill|[spread] p2a,p2b\n|-resisted|p2a: Azumarill\n|-damage|p2a: Azumarill|0 fnt\n|-damage|p2b: Sableye|0 fnt\n|faint|p2a: Azumarill\n|faint|p2b: Sableye\n|\n|win|BeegYoshi83\n|raw|BeegYoshi83's rating: 1138 → 1161<\/strong> (+23 for winning)\n|raw|Sa7tia's rating: 1117 → 1094<\/strong> (-23 for losing)\n|l|\u2606Sa7tia\n","uploadtime":1682130585,"views":18,"p1id":"beegyoshi83","p2id":"sa7tia","formatid":"gen9vgc2023regulationc","rating":1094,"private":0,"password":""}