{"id":"gen9vgc2023regulationc-1860625210","p1":"Chickenmdjw","p2":"Protecties","format":"[Gen 9] VGC 2023 Regulation C","log":"|j|\u2606Chickenmdjw\n|j|\u2606Protecties\n|t:|1683660186\n|gametype|doubles\n|player|p1|Chickenmdjw|266|1098\n|player|p2|Protecties|bugcatcher-gen4dp|1085\n|teamsize|p1|6\n|teamsize|p2|6\n|gen|9\n|tier|[Gen 9] VGC 2023 Regulation C\n|rated|\n|rule|Species Clause: Limit one of each Pok\u00e9mon\n|rule|Item Clause: Limit one of each item\n|clearpoke\n|poke|p1|Dragonite, L50, F|\n|poke|p1|Flutter Mane, L50|\n|poke|p1|Ting-Lu, L50|\n|poke|p1|Tyranitar, L50, M|\n|poke|p1|Bronzong, L50|\n|poke|p1|Iron Hands, L50|\n|poke|p2|Talonflame, L50, M|\n|poke|p2|Maushold-Four, L50|\n|poke|p2|Palafin, L50, M|\n|poke|p2|Kilowattrel, L50, M|\n|poke|p2|Brambleghast, L50, M|\n|poke|p2|Gholdengo, L50|\n|teampreview|4\n|inactive|Battle timer is ON: inactive players will automatically lose when time's up. (requested by Protecties)\n|inactive|Chickenmdjw has 60 seconds left.\n|\n|t:|1683660225\n|start\n|switch|p1a: Dragonite|Dragonite, L50, F, shiny|100\/100\n|switch|p1b: Ting-Lu|Ting-Lu, L50|100\/100\n|switch|p2a: Talonflame|Talonflame, L50, M|100\/100\n|switch|p2b: Kilowattrel|Kilowattrel, L50, M|100\/100\n|-ability|p1b: Ting-Lu|Vessel of Ruin\n|turn|1\n|\n|t:|1683660244\n|-terastallize|p1a: Dragonite|Normal\n|move|p1a: Dragonite|Extreme Speed|p2a: Talonflame\n|-damage|p2a: Talonflame|2\/100\n|move|p2a: Talonflame|Tailwind|p2a: Talonflame\n|-sidestart|p2: Protecties|move: Tailwind\n|-start|p2b: Kilowattrel|Charge|Tailwind|[from] ability: Wind Power\n|move|p2b: Kilowattrel|Volt Switch|p1a: Dragonite\n|-damage|p1a: Dragonite|41\/100\n|-end|p2b: Kilowattrel|Charge|[silent]\n|\n|t:|1683660256\n|switch|p2b: Brambleghast|Brambleghast, L50, M|100\/100|[from] Volt Switch\n|-ability|p2b: Brambleghast|Wind Rider|boost\n|-boost|p2b: Brambleghast|atk|1\n|move|p1b: Ting-Lu|Rock Slide|p2a: Talonflame|[spread] p2a,p2b\n|-supereffective|p2a: Talonflame\n|-damage|p2a: Talonflame|0 fnt\n|-damage|p2b: Brambleghast|71\/100\n|faint|p2a: Talonflame\n|\n|upkeep\n|\n|t:|1683660269\n|switch|p2a: Gholdengo|Gholdengo, L50|100\/100\n|turn|2\n|inactive|Chickenmdjw has 30 seconds left.\n|\n|t:|1683660295\n|switch|p1a: Bronzong|Bronzong, L50, shiny|100\/100\n|move|p1b: Ting-Lu|Protect|p1b: Ting-Lu\n|-singleturn|p1b: Ting-Lu|Protect\n|move|p2b: Brambleghast|Power Whip|p1b: Ting-Lu\n|-activate|p1b: Ting-Lu|move: Protect\n|move|p2a: Gholdengo|Make It Rain|p1a: Bronzong|[spread] p1a\n|-activate|p1b: Ting-Lu|move: Protect\n|-resisted|p1a: Bronzong\n|-damage|p1a: Bronzong|79\/100\n|-unboost|p2a: Gholdengo|spa|1\n|-damage|p2a: Gholdengo|91\/100|[from] item: Life Orb\n|\n|upkeep\n|turn|3\n|inactive|Chickenmdjw has 30 seconds left.\n|inactive|Protecties has 30 seconds left.\n|inactive|Chickenmdjw has 20 seconds left.\n|inactive|Chickenmdjw has 15 seconds left.\n|\n|t:|1683660335\n|move|p2b: Brambleghast|Power Whip|p1b: Ting-Lu\n|-supereffective|p1b: Ting-Lu\n|-damage|p1b: Ting-Lu|0 fnt\n|faint|p1b: Ting-Lu\n|move|p2a: Gholdengo|Nasty Plot|p2a: Gholdengo\n|-boost|p2a: Gholdengo|spa|2\n|move|p1a: Bronzong|Trick Room|p1a: Bronzong\n|-fieldstart|move: Trick Room|[of] p1a: Bronzong\n|\n|upkeep\n|\n|t:|1683660344\n|switch|p1b: Iron Hands|Iron Hands, L50|100\/100\n|turn|4\n|\n|t:|1683660356\n|move|p2a: Gholdengo|Protect|p2a: Gholdengo\n|-singleturn|p2a: Gholdengo|Protect\n|move|p2b: Brambleghast|Protect|p2b: Brambleghast\n|-singleturn|p2b: Brambleghast|Protect\n|move|p1a: Bronzong|Body Press|p2a: Gholdengo\n|-activate|p2a: Gholdengo|move: Protect\n|move|p1b: Iron Hands|Close Combat|p2a: Gholdengo\n|-activate|p2a: Gholdengo|move: Protect\n|\n|-sideend|p2: Protecties|move: Tailwind\n|upkeep\n|turn|5\n|inactive|Chickenmdjw has 30 seconds left.\n|inactive|Protecties has 30 seconds left.\n|\n|t:|1683660387\n|-terastallize|p2b: Brambleghast|Fairy\n|move|p1a: Bronzong|Gyro Ball|p2b: Brambleghast\n|-supereffective|p2b: Brambleghast\n|-damage|p2b: Brambleghast|0 fnt\n|faint|p2b: Brambleghast\n|move|p1b: Iron Hands|Close Combat|p2a: Gholdengo\n|-immune|p2a: Gholdengo\n|move|p2a: Gholdengo|Shadow Ball|p1a: Bronzong\n|-supereffective|p1a: Bronzong\n|-damage|p1a: Bronzong|0 fnt\n|faint|p1a: Bronzong\n|-damage|p2a: Gholdengo|81\/100|[from] item: Life Orb\n|\n|upkeep\n|\n|t:|1683660401\n|switch|p1a: Dragonite|Dragonite, L50, F, shiny, tera:Normal|41\/100\n|switch|p2b: Kilowattrel|Kilowattrel, L50, M|100\/100\n|turn|6\n|\n|t:|1683660420\n|move|p2a: Gholdengo|Protect|p2a: Gholdengo\n|-singleturn|p2a: Gholdengo|Protect\n|move|p1a: Dragonite|Extreme Speed|p2b: Kilowattrel\n|-damage|p2b: Kilowattrel|0 fnt\n|faint|p2b: Kilowattrel\n|move|p1b: Iron Hands|Wild Charge|p2a: Gholdengo\n|-activate|p2a: Gholdengo|move: Protect\n|\n|upkeep\n|turn|7\n|\n|t:|1683660434\n|move|p2a: Gholdengo|Protect||[still]\n|-fail|p2a: Gholdengo\n|move|p1a: Dragonite|Extreme Speed|p2a: Gholdengo\n|-immune|p2a: Gholdengo\n|move|p1b: Iron Hands|Wild Charge|p2a: Gholdengo\n|-damage|p2a: Gholdengo|24\/100\n|-damage|p1b: Iron Hands|91\/100|[from] Recoil\n|\n|-fieldend|move: Trick Room\n|upkeep\n|turn|8\n|\n|t:|1683660452\n|move|p1a: Dragonite|Extreme Speed|p2a: Gholdengo\n|-immune|p2a: Gholdengo\n|move|p2a: Gholdengo|Shadow Ball|p1b: Iron Hands\n|-damage|p1b: Iron Hands|21\/100\n|-damage|p2a: Gholdengo|14\/100|[from] item: Life Orb\n|move|p1b: Iron Hands|Wild Charge|p2a: Gholdengo\n|-damage|p2a: Gholdengo|0 fnt\n|faint|p2a: Gholdengo\n|-damage|p1b: Iron Hands|18\/100|[from] Recoil\n|\n|win|Chickenmdjw\n|raw|Chickenmdjw's rating: 1098 → 1122<\/strong> (+24 for winning)\n|raw|Protecties's rating: 1085 → 1063<\/strong> (-22 for losing)\n|l|\u2606Protecties\n","uploadtime":1683660472,"views":12,"p1id":"chickenmdjw","p2id":"protecties","formatid":"gen9vgc2023regulationc","rating":1063,"private":0,"password":""}