{"id":"gen9vgc2023regulationc-1853136007","p1":"mathtass","p2":"applesauce400","format":"[Gen 9] VGC 2023 Regulation C","log":"|j|\u2606mathtass\n|j|\u2606applesauce400\n|t:|1682639539\n|gametype|doubles\n|player|p1|mathtass|101|1410\n|player|p2|applesauce400|1|1356\n|teamsize|p1|6\n|teamsize|p2|6\n|gen|9\n|tier|[Gen 9] VGC 2023 Regulation C\n|rated|\n|rule|Species Clause: Limit one of each Pok\u00e9mon\n|rule|Item Clause: Limit one of each item\n|clearpoke\n|poke|p1|Amoonguss, L50, F|\n|poke|p1|Chi-Yu, L50|\n|poke|p1|Arcanine, L50, F|\n|poke|p1|Dragonite, L50, M|\n|poke|p1|Flutter Mane, L50|\n|poke|p1|Iron Hands, L50|\n|poke|p2|Great Tusk, L50|\n|poke|p2|Dondozo, L50, F|\n|poke|p2|Tatsugiri, L50, M|\n|poke|p2|Arcanine, L50, F|\n|poke|p2|Murkrow, L50, M|\n|poke|p2|Iron Bundle, L50|\n|teampreview|4\nmathtass has agreed to open team sheets.\napplesauce400 rejected open team sheets.\n|inactive|Battle timer is ON: inactive players will automatically lose when time's up. (requested by applesauce400)\n|\n|t:|1682639576\n|start\n|switch|p1a: Arcanine|Arcanine, L50, F|100\/100\n|switch|p1b: Dragonite|Dragonite, L50, M|100\/100\n|switch|p2a: Arcanine|Arcanine, L50, F|100\/100\n|switch|p2b: Dondozo|Dondozo, L50, F|100\/100\n|-ability|p1a: Arcanine|Intimidate|boost\n|-unboost|p2a: Arcanine|atk|1\n|-unboost|p2b: Dondozo|atk|1\n|-ability|p2a: Arcanine|Intimidate|boost\n|-unboost|p1a: Arcanine|atk|1\n|-unboost|p1b: Dragonite|atk|1\n|turn|1\n|\n|t:|1682639593\n|switch|p1b: Amoonguss|Amoonguss, L50, F, shiny|100\/100\n|move|p2b: Dondozo|Protect|p2b: Dondozo\n|-singleturn|p2b: Dondozo|Protect\n|move|p1a: Arcanine|Howl|p1a: Arcanine|[spread] p1a,p1b\n|-boost|p1a: Arcanine|atk|1\n|-boost|p1b: Amoonguss|atk|1\n|move|p2a: Arcanine|Snarl|p1b: Amoonguss|[spread] p1a,p1b\n|-damage|p1a: Arcanine|90\/100\n|-damage|p1b: Amoonguss|90\/100\n|-unboost|p1a: Arcanine|spa|1\n|-unboost|p1b: Amoonguss|spa|1\n|\n|-heal|p1b: Amoonguss|96\/100|[from] item: Leftovers\n|upkeep\n|turn|2\n|\n|t:|1682639614\n|switch|p1a: Dragonite|Dragonite, L50, M|100\/100\n|switch|p2b: Tatsugiri|Tatsugiri, L50, M|100\/100\n|move|p2a: Arcanine|Flamethrower|p1b: Amoonguss\n|-supereffective|p1b: Amoonguss\n|-damage|p1b: Amoonguss|33\/100\n|move|p1b: Amoonguss|Spore|p2b: Tatsugiri\n|-status|p2b: Tatsugiri|slp|[from] move: Spore\n|\n|-heal|p1b: Amoonguss|39\/100|[from] item: Leftovers\n|upkeep\n|turn|3\n|\n|t:|1682639628\n|switch|p2b: Iron Bundle|Iron Bundle, L50, shiny|100\/100\n|-enditem|p2b: Iron Bundle|Booster Energy\n|-activate|p2b: Iron Bundle|ability: Quark Drive|[fromitem]\n|-start|p2b: Iron Bundle|quarkdrivespa\n|switch|p1b: Arcanine|Arcanine, L50, F|90\/100\n|-ability|p1b: Arcanine|Intimidate|boost\n|-unboost|p2a: Arcanine|atk|1\n|-unboost|p2b: Iron Bundle|atk|1\n|-terastallize|p1a: Dragonite|Flying\n|move|p2a: Arcanine|Flamethrower|p1b: Arcanine\n|-resisted|p1b: Arcanine\n|-damage|p1b: Arcanine|72\/100\n|move|p1a: Dragonite|Tera Blast|p2a: Arcanine\n|-damage|p2a: Arcanine|26\/100\n|\n|upkeep\n|turn|4\n|inactive|applesauce400 has 30 seconds left.\n|\n|t:|1682639661\n|move|p2a: Arcanine|Extreme Speed|p1a: Dragonite\n|-damage|p1a: Dragonite|96\/100\n|move|p1a: Dragonite|Extreme Speed|p2a: Arcanine\n|-damage|p2a: Arcanine|0 fnt\n|faint|p2a: Arcanine\n|move|p2b: Iron Bundle|Freeze-Dry|p1a: Dragonite\n|-supereffective|p1a: Dragonite\n|-damage|p1a: Dragonite|11\/100\n|move|p1b: Arcanine|Flare Blitz|p2b: Iron Bundle\n|-damage|p2b: Iron Bundle|37\/100\n|-damage|p1b: Arcanine|57\/100|[from] Recoil\n|\n|upkeep\n|\n|t:|1682639673\n|switch|p2a: Dondozo|Dondozo, L50, F|100\/100\n|turn|5\n|\n|t:|1682639684\n|-end|p2b: Iron Bundle|Quark Drive|[silent]\n|switch|p2b: Tatsugiri|Tatsugiri, L50, M|100\/100 slp\n|-activate|p2b: Tatsugiri|ability: Commander|[of] p2a: Dondozo\n|-boost|p2a: Dondozo|atk|2\n|-boost|p2a: Dondozo|spa|2\n|-boost|p2a: Dondozo|spe|2\n|-boost|p2a: Dondozo|def|2\n|-boost|p2a: Dondozo|spd|2\n|move|p1a: Dragonite|Extreme Speed|p2b: Tatsugiri|[miss]\n|-miss|p1a: Dragonite|p2b: Tatsugiri\n|move|p2a: Dondozo|Order Up|p1a: Dragonite\n|-damage|p1a: Dragonite|0 fnt\n|faint|p1a: Dragonite\n|-boost|p2a: Dondozo|atk|1\n|move|p1b: Arcanine|Will-O-Wisp|p2a: Dondozo\n|-status|p2a: Dondozo|brn\n|\n|-damage|p2a: Dondozo|94\/100 brn|[from] brn\n|upkeep\n|\n|t:|1682639694\n|switch|p1a: Amoonguss|Amoonguss, L50, F, shiny|72\/100\n|turn|6\n|\n|t:|1682639713\n|move|p1b: Arcanine|Protect|p1b: Arcanine\n|-singleturn|p1b: Arcanine|Protect\n|move|p2a: Dondozo|Wave Crash|p1b: Arcanine\n|-activate|p1b: Arcanine|move: Protect\n|move|p1a: Amoonguss|Clear Smog|p2a: Dondozo\n|-damage|p2a: Dondozo|82\/100 brn\n|-clearboost|p2a: Dondozo\n|\n|-heal|p2a: Dondozo|88\/100 brn|[from] item: Leftovers\n|-heal|p1a: Amoonguss|78\/100|[from] item: Leftovers\n|-damage|p2a: Dondozo|82\/100 brn|[from] brn\n|upkeep\n|turn|7\n|\n|t:|1682639738\n|move|p1a: Amoonguss|Rage Powder|p1a: Amoonguss\n|-singleturn|p1a: Amoonguss|move: Rage Powder\n|move|p1b: Arcanine|Howl|p1b: Arcanine|[spread] p1a,p1b\n|-boost|p1a: Amoonguss|atk|1\n|-boost|p1b: Arcanine|atk|1\n|move|p2a: Dondozo|Order Up|p1a: Amoonguss\n|-damage|p1a: Amoonguss|65\/100\n|-boost|p2a: Dondozo|atk|1\n|\n|-heal|p2a: Dondozo|88\/100 brn|[from] item: Leftovers\n|-heal|p1a: Amoonguss|71\/100|[from] item: Leftovers\n|-damage|p2a: Dondozo|82\/100 brn|[from] brn\n|upkeep\n|turn|8\n|\n|t:|1682639750\n|switch|p1b: Flutter Mane|Flutter Mane, L50|100\/100\n|move|p2a: Dondozo|Order Up|p1b: Flutter Mane\n|-immune|p1b: Flutter Mane\n|move|p1a: Amoonguss|Clear Smog|p2a: Dondozo\n|-damage|p2a: Dondozo|59\/100 brn\n|-clearboost|p2a: Dondozo\n|\n|-heal|p2a: Dondozo|65\/100 brn|[from] item: Leftovers\n|-heal|p1a: Amoonguss|77\/100|[from] item: Leftovers\n|-damage|p2a: Dondozo|59\/100 brn|[from] brn\n|upkeep\n|turn|9\n|\n|t:|1682639766\n|move|p1a: Amoonguss|Rage Powder|p1a: Amoonguss\n|-singleturn|p1a: Amoonguss|move: Rage Powder\n|move|p1b: Flutter Mane|Moonblast|p2a: Dondozo\n|-damage|p2a: Dondozo|6\/100 brn\n|move|p2a: Dondozo|Wave Crash|p1a: Amoonguss\n|-resisted|p1a: Amoonguss\n|-damage|p1a: Amoonguss|62\/100\n|-damage|p2a: Dondozo|1\/100 brn|[from] Recoil\n|\n|-heal|p2a: Dondozo|7\/100 brn|[from] item: Leftovers\n|-heal|p1a: Amoonguss|67\/100|[from] item: Leftovers\n|-damage|p2a: Dondozo|1\/100 brn|[from] brn\n|upkeep\n|turn|10\n|-message|applesauce400 forfeited.\n|\n|win|mathtass\n|raw|mathtass's rating: 1410 → 1427<\/strong> (+17 for winning)\n|raw|applesauce400's rating: 1356 → 1339<\/strong> (-17 for losing)\n|l|\u2606applesauce400\n","uploadtime":1682639778,"views":7,"p1id":"mathtass","p2id":"applesauce400","formatid":"gen9vgc2023regulationc","rating":1339,"private":0,"password":""}