{"id":"gen9vgc2023regulationc-1858707800","p1":"MightyMudsdale","p2":"tydmnd","format":"[Gen 9] VGC 2023 Regulation C","log":"|j|\u2606MightyMudsdale\n|j|\u2606tydmnd\n|t:|1683345784\n|gametype|doubles\n|player|p1|MightyMudsdale|nessa-masters|1183\n|player|p2|tydmnd|2|1182\n|teamsize|p1|6\n|teamsize|p2|6\n|gen|9\n|tier|[Gen 9] VGC 2023 Regulation C\n|rated|\n|rule|Species Clause: Limit one of each Pok\u00e9mon\n|rule|Item Clause: Limit one of each item\n|clearpoke\n|poke|p1|Dudunsparce-*, L50, M|\n|poke|p1|Toedscool, L50, M|\n|poke|p1|Lokix, L50, M|\n|poke|p1|Brambleghast, L50, M|\n|poke|p1|Orthworm, L50, M|\n|poke|p1|Revavroom, L50, M|\n|poke|p2|Dragonite, L50, F|\n|poke|p2|Orthworm, L50, M|\n|poke|p2|Ting-Lu, L50|\n|poke|p2|Arcanine, L50, F|\n|poke|p2|Amoonguss, L50, M|\n|poke|p2|Salamence, L50, F|\n|teampreview|4\nMightyMudsdale has agreed to open team sheets.\n|c|\u2606MightyMudsdale|gl hf\n|\n|t:|1683345817\n|start\n|switch|p1a: Abundunce|Dudunsparce-Three-Segment, L50, M, shiny|100\/100\n|switch|p1b: Shes Tail|Orthworm, L50, M|100\/100\n|switch|p2a: Orthworm|Orthworm, L50, M, shiny|100\/100\n|switch|p2b: Ting-Lu|Ting-Lu, L50|100\/100\n|-ability|p2b: Ting-Lu|Vessel of Ruin\n|turn|1\n|inactive|Battle timer is ON: inactive players will automatically lose when time's up. (requested by MightyMudsdale)\n|\n|t:|1683345883\n|move|p1a: Abundunce|Tailwind|p1a: Abundunce\n|-sidestart|p1: MightyMudsdale|move: Tailwind\n|move|p1b: Shes Tail|Shed Tail|p1b: Shes Tail\n|-start|p1b: Shes Tail|Substitute|[from] move: Shed Tail\n|-damage|p1b: Shes Tail|50\/100\n|-enditem|p1b: Shes Tail|Sitrus Berry|[eat]\n|-heal|p1b: Shes Tail|75\/100|[from] item: Sitrus Berry\n|\n|t:|1683345893\n|switch|p1b: TUMBLR|Brambleghast, L50, M|100\/100|[from] Shed Tail\n|-ability|p1b: TUMBLR|Wind Rider|boost\n|-boost|p1b: TUMBLR|atk|1\n|move|p2a: Orthworm|Iron Defense|p2a: Orthworm\n|-boost|p2a: Orthworm|def|2\n|move|p2b: Ting-Lu|Earthquake|p1a: Abundunce|[spread] p1a,p1b\n|-immune|p2a: Orthworm|[from] ability: Earth Eater\n|-resisted|p1b: TUMBLR\n|-end|p1b: TUMBLR|Substitute\n|-damage|p1a: Abundunce|47\/100\n|\n|-heal|p1a: Abundunce|53\/100|[from] item: Leftovers\n|upkeep\n|turn|2\n|\n|t:|1683345916\n|move|p1b: TUMBLR|Bullet Seed|p2b: Ting-Lu\n|-supereffective|p2b: Ting-Lu\n|-damage|p2b: Ting-Lu|70\/100\n|-supereffective|p2b: Ting-Lu\n|-damage|p2b: Ting-Lu|40\/100\n|-hitcount|p2b: Ting-Lu|2\n|-damage|p1b: TUMBLR|90\/100|[from] item: Life Orb\n|move|p1a: Abundunce|Rock Slide|p2b: Ting-Lu|[spread] p2a,p2b\n|-resisted|p2a: Orthworm\n|-resisted|p2b: Ting-Lu\n|-damage|p2a: Orthworm|98\/100\n|-damage|p2b: Ting-Lu|36\/100\n|move|p2a: Orthworm|Heavy Slam|p1b: TUMBLR\n|-damage|p1b: TUMBLR|30\/100\n|cant|p2b: Ting-Lu|flinch\n|\n|-heal|p1a: Abundunce|58\/100|[from] item: Leftovers\n|upkeep\n|turn|3\n|inactive|MightyMudsdale has 30 seconds left.\n|\n|t:|1683345949\n|switch|p2b: Arcanine|Arcanine, L50, F|100\/100\n|-ability|p2b: Arcanine|Intimidate|boost\n|-unboost|p1a: Abundunce|atk|1\n|-unboost|p1b: TUMBLR|atk|1\n|-terastallize|p1b: TUMBLR|Ghost\n|move|p1b: TUMBLR|Tera Blast|p2a: Orthworm\n|-damage|p2a: Orthworm|74\/100\n|-damage|p1b: TUMBLR|20\/100|[from] item: Life Orb\n|move|p1a: Abundunce|Rock Slide|p2b: Arcanine|[spread] p2b\n|-miss|p1a: Abundunce|p2a: Orthworm\n|-supereffective|p2b: Arcanine\n|-damage|p2b: Arcanine|77\/100\n|move|p2a: Orthworm|Iron Defense|p2a: Orthworm\n|-boost|p2a: Orthworm|def|2\n|\n|-heal|p1a: Abundunce|64\/100|[from] item: Leftovers\n|upkeep\n|turn|4\n|inactive|tydmnd has 30 seconds left.\n|\n|t:|1683345976\n|switch|p1b: GAS GAS GAS|Revavroom, L50, M|100\/100\n|move|p1a: Abundunce|Rock Slide|p2a: Orthworm|[spread] p2a,p2b\n|-resisted|p2a: Orthworm\n|-supereffective|p2b: Arcanine\n|-damage|p2a: Orthworm|74\/100\n|-damage|p2b: Arcanine|56\/100\n|move|p2b: Arcanine|Flare Blitz|p1b: GAS GAS GAS\n|-supereffective|p1b: GAS GAS GAS\n|-damage|p1b: GAS GAS GAS|0 fnt\n|faint|p1b: GAS GAS GAS\n|-damage|p2b: Arcanine|25\/100|[from] Recoil\n|cant|p2a: Orthworm|flinch\n|\n|-heal|p1a: Abundunce|70\/100|[from] item: Leftovers\n|-sideend|p1: MightyMudsdale|move: Tailwind\n|upkeep\n|\n|t:|1683345989\n|switch|p1b: Shes Tail|Orthworm, L50, M|75\/100\n|turn|5\n|\n|t:|1683346012\n|move|p2b: Arcanine|Protect|p2b: Arcanine\n|-singleturn|p2b: Arcanine|Protect\n|move|p1a: Abundunce|Tailwind|p1a: Abundunce\n|-sidestart|p1: MightyMudsdale|move: Tailwind\n|move|p1b: Shes Tail|Shed Tail|p1b: Shes Tail\n|-start|p1b: Shes Tail|Substitute|[from] move: Shed Tail\n|-damage|p1b: Shes Tail|25\/100\n|\n|t:|1683346020\n|switch|p1b: TUMBLR|Brambleghast, L50, M, tera:Ghost|20\/100|[from] Shed Tail\n|-ability|p1b: TUMBLR|Wind Rider|boost\n|-boost|p1b: TUMBLR|atk|1\n|move|p2a: Orthworm|Body Press|p1b: TUMBLR\n|-immune|p1b: TUMBLR\n|\n|-heal|p1a: Abundunce|76\/100|[from] item: Leftovers\n|upkeep\n|turn|6\n|inactive|tydmnd has 30 seconds left.\n|inactive|tydmnd has 20 seconds left.\n|inactive|tydmnd has 15 seconds left.\n|\n|t:|1683346060\n|switch|p2b: Ting-Lu|Ting-Lu, L50|36\/100\n|-ability|p2b: Ting-Lu|Vessel of Ruin\n|move|p1b: TUMBLR|Tera Blast|p2a: Orthworm\n|-crit|p2a: Orthworm\n|-damage|p2a: Orthworm|0 fnt\n|faint|p2a: Orthworm\n|-damage|p1b: TUMBLR|10\/100|[from] item: Life Orb\n|move|p1a: Abundunce|Rock Slide|p2b: Ting-Lu\n|-resisted|p2b: Ting-Lu\n|-damage|p2b: Ting-Lu|33\/100\n|\n|-heal|p1a: Abundunce|82\/100|[from] item: Leftovers\n|upkeep\n|\n|t:|1683346082\n|switch|p2a: Dragonite|Dragonite, L50, F|100\/100\n|turn|7\n|inactive|tydmnd has 30 seconds left.\n|inactive|tydmnd has 20 seconds left.\n|inactive|tydmnd has 15 seconds left.\n|inactive|tydmnd has 10 seconds left.\n|\n|t:|1683346130\n|switch|p2b: Arcanine|Arcanine, L50, F|25\/100\n|-ability|p2b: Arcanine|Intimidate|boost\n|-unboost|p1a: Abundunce|atk|1\n|-immune|p1b: TUMBLR\n|move|p1b: TUMBLR|Tera Blast|p2a: Dragonite\n|-damage|p2a: Dragonite|28\/100\n|-damage|p1b: TUMBLR|0 fnt|[from] item: Life Orb\n|faint|p1b: TUMBLR\n|move|p1a: Abundunce|Rock Slide|p2a: Dragonite|[spread] p2a,p2b\n|-supereffective|p2a: Dragonite\n|-supereffective|p2b: Arcanine\n|-damage|p2a: Dragonite|10\/100\n|-damage|p2b: Arcanine|8\/100\n|cant|p2a: Dragonite|flinch\n|\n|-heal|p1a: Abundunce|88\/100|[from] item: Leftovers\n|upkeep\n|\n|t:|1683346135\n|switch|p1b: Shes Tail|Orthworm, L50, M|25\/100\n|turn|8\n|inactive|tydmnd has 30 seconds left.\n|inactive|tydmnd has 20 seconds left.\n|\n|t:|1683346172\n|switch|p2a: Ting-Lu|Ting-Lu, L50|33\/100\n|-ability|p2a: Ting-Lu|Vessel of Ruin\n|move|p2b: Arcanine|Protect|p2b: Arcanine\n|-singleturn|p2b: Arcanine|Protect\n|move|p1a: Abundunce|Rock Slide|p2a: Ting-Lu|[spread] p2a\n|-activate|p2b: Arcanine|move: Protect\n|-resisted|p2a: Ting-Lu\n|-crit|p2a: Ting-Lu\n|-damage|p2a: Ting-Lu|28\/100\n|move|p1b: Shes Tail|Body Press|p2b: Arcanine\n|-activate|p2b: Arcanine|move: Protect\n|\n|-heal|p1a: Abundunce|94\/100|[from] item: Leftovers\n|-sideend|p1: MightyMudsdale|move: Tailwind\n|upkeep\n|turn|9\n|\n|t:|1683346193\n|move|p1b: Shes Tail|Protect|p1b: Shes Tail\n|-singleturn|p1b: Shes Tail|Protect\n|move|p2b: Arcanine|Flare Blitz|p1b: Shes Tail\n|-activate|p1b: Shes Tail|move: Protect\n|move|p1a: Abundunce|Tailwind|p1a: Abundunce\n|-sidestart|p1: MightyMudsdale|move: Tailwind\n|move|p2a: Ting-Lu|Earthquake|p1b: Shes Tail|[spread] p2b,p1a\n|-activate|p1b: Shes Tail|move: Protect\n|-supereffective|p2b: Arcanine\n|-damage|p2b: Arcanine|0 fnt\n|-damage|p1a: Abundunce|45\/100\n|faint|p2b: Arcanine\n|\n|-heal|p1a: Abundunce|51\/100|[from] item: Leftovers\n|upkeep\n|\n|t:|1683346201\n|switch|p2b: Dragonite|Dragonite, L50, F|10\/100\n|turn|10\n|inactive|tydmnd has 30 seconds left.\n|inactive|tydmnd has 20 seconds left.\n|inactive|tydmnd has 15 seconds left.\n|\n|t:|1683346245\n|-terastallize|p2b: Dragonite|Flying\n|move|p1a: Abundunce|Rock Slide|p2a: Ting-Lu|[spread] p2a,p2b\n|-resisted|p2a: Ting-Lu\n|-supereffective|p2b: Dragonite\n|-damage|p2a: Ting-Lu|26\/100\n|-damage|p2b: Dragonite|0 fnt\n|faint|p2b: Dragonite\n|move|p1b: Shes Tail|Body Press|p2a: Ting-Lu\n|-supereffective|p2a: Ting-Lu\n|-damage|p2a: Ting-Lu|0 fnt\n|faint|p2a: Ting-Lu\n|\n|win|MightyMudsdale\n|raw|MightyMudsdale's rating: 1183 → 1208<\/strong> (+25 for winning)\n|raw|tydmnd's rating: 1182 → 1157<\/strong> (-25 for losing)\n","uploadtime":1683346251,"views":17,"p1id":"mightymudsdale","p2id":"tydmnd","formatid":"gen9vgc2023regulationc","rating":1157,"private":0,"password":""}