{"id":"gen9vgc2023regulationc-1857218705","p1":"War Crams","p2":"2PlatNoFeats","format":"[Gen 9] VGC 2023 Regulation C","log":"|j|\u2606War Crams\n|j|\u26062PlatNoFeats\n|t:|1683159436\n|gametype|doubles\n|player|p1|War Crams|burgh|1064\n|player|p2|2PlatNoFeats|170|1009\n|teamsize|p1|6\n|teamsize|p2|6\n|gen|9\n|tier|[Gen 9] VGC 2023 Regulation C\n|rated|\n|rule|Species Clause: Limit one of each Pok\u00e9mon\n|rule|Item Clause: Limit one of each item\n|clearpoke\n|poke|p1|Slither Wing, L50|\n|poke|p1|Torkoal, L50, F|\n|poke|p1|Toedscool, L50, M|\n|poke|p1|Ting-Lu, L50|\n|poke|p1|Wo-Chien, L50|\n|poke|p1|Rotom-Wash, L50|\n|poke|p2|Tyranitar, L50, F|\n|poke|p2|Azumarill, L50, M|\n|poke|p2|Scizor, L50, F|\n|poke|p2|Lucario, L50, M|\n|poke|p2|Chi-Yu, L50|\n|poke|p2|Sandy Shocks, L50|\n|teampreview|4\n|inactive|Battle timer is ON: inactive players will automatically lose when time's up. (requested by 2PlatNoFeats)\n|inactive|2PlatNoFeats has 60 seconds left.\n|\n|t:|1683159475\n|start\n|switch|p1a: Iron Wall|Ting-Lu, L50|100\/100\n|switch|p1b: Best ruin design|Wo-Chien, L50|100\/100\n|switch|p2a: Tyranitar|Tyranitar, L50, F, shiny|100\/100\n|switch|p2b: Chi-Yu|Chi-Yu, L50|100\/100\n|-ability|p2b: Chi-Yu|Beads of Ruin\n|-ability|p1b: Best ruin design|Tablets of Ruin\n|-weather|Sandstorm|[from] ability: Sand Stream|[of] p2a: Tyranitar\n|-ability|p1a: Iron Wall|Vessel of Ruin\n|turn|1\n|inactive|War Crams has 30 seconds left.\n|\n|t:|1683159502\n|switch|p1b: Wash yo self|Rotom-Wash, L50|100\/100\n|-terastallize|p2a: Tyranitar|Fire\n|-terastallize|p1a: Iron Wall|Ground\n|move|p2b: Chi-Yu|Lava Plume|p1b: Wash yo self|[spread] p2a,p1a,p1b\n|-resisted|p2a: Tyranitar\n|-resisted|p1b: Wash yo self\n|-damage|p2a: Tyranitar|86\/100\n|-damage|p1a: Iron Wall|76\/100\n|-damage|p1b: Wash yo self|83\/100\n|-status|p1a: Iron Wall|brn\n|move|p2a: Tyranitar|Fire Punch|p1b: Wash yo self\n|-resisted|p1b: Wash yo self\n|-damage|p1b: Wash yo self|67\/100\n|move|p1a: Iron Wall|Earthquake|p2b: Chi-Yu|[spread] p2a,p2b\n|-immune|p1b: Wash yo self|[from] ability: Levitate\n|-supereffective|p2a: Tyranitar\n|-supereffective|p2b: Chi-Yu\n|-damage|p2a: Tyranitar|15\/100\n|-enditem|p2b: Chi-Yu|Focus Sash\n|-damage|p2b: Chi-Yu|1\/100\n|\n|-weather|Sandstorm|[upkeep]\n|-damage|p2b: Chi-Yu|0 fnt|[from] Sandstorm\n|-damage|p1b: Wash yo self|62\/100|[from] Sandstorm\n|-damage|p2a: Tyranitar|9\/100|[from] Sandstorm\n|faint|p2b: Chi-Yu\n|-damage|p1a: Iron Wall|70\/100 brn|[from] brn\n|upkeep\n|inactive|2PlatNoFeats has 30 seconds left.\n|\n|t:|1683159529\n|switch|p2b: Azumarill|Azumarill, L50, M, shiny|100\/100\n|turn|2\n|inactive|2PlatNoFeats has 30 seconds left.\n|\n|t:|1683159555\n|move|p2b: Azumarill|Protect|p2b: Azumarill\n|-singleturn|p2b: Azumarill|Protect\n|move|p1b: Wash yo self|Will-O-Wisp|p2b: Azumarill\n|-activate|p2b: Azumarill|move: Protect\n|move|p2a: Tyranitar|Thunder Punch|p1b: Wash yo self\n|-damage|p1b: Wash yo self|39\/100\n|-enditem|p1b: Wash yo self|Sitrus Berry|[eat]\n|-heal|p1b: Wash yo self|64\/100|[from] item: Sitrus Berry\n|move|p1a: Iron Wall|Earthquake|p2a: Tyranitar|[spread] p2a\n|-activate|p2b: Azumarill|move: Protect\n|-immune|p1b: Wash yo self|[from] ability: Levitate\n|-supereffective|p2a: Tyranitar\n|-damage|p2a: Tyranitar|0 fnt\n|faint|p2a: Tyranitar\n|\n|-weather|Sandstorm|[upkeep]\n|-damage|p1b: Wash yo self|58\/100|[from] Sandstorm\n|-damage|p2b: Azumarill|94\/100|[from] Sandstorm\n|-damage|p1a: Iron Wall|64\/100 brn|[from] brn\n|upkeep\n|\n|t:|1683159572\n|switch|p2a: Sandy Shocks|Sandy Shocks, L50|100\/100\n|turn|3\n|\n|t:|1683159587\n|move|p2a: Sandy Shocks|Protect|p2a: Sandy Shocks\n|-singleturn|p2a: Sandy Shocks|Protect\n|move|p2b: Azumarill|Aqua Jet|p1a: Iron Wall\n|-supereffective|p1a: Iron Wall\n|-damage|p1a: Iron Wall|40\/100 brn\n|-heal|p2b: Azumarill|98\/100|[from] item: Shell Bell|[of] p1a: Iron Wall\n|move|p1b: Wash yo self|Thunderbolt|p2b: Azumarill\n|-supereffective|p2b: Azumarill\n|-damage|p2b: Azumarill|50\/100\n|-status|p2b: Azumarill|par\n|move|p1a: Iron Wall|Earthquake|p2b: Azumarill|[spread] p2b\n|-activate|p2a: Sandy Shocks|move: Protect\n|-immune|p1b: Wash yo self|[from] ability: Levitate\n|-damage|p2b: Azumarill|14\/100 par\n|\n|-weather|Sandstorm|[upkeep]\n|-damage|p1b: Wash yo self|53\/100|[from] Sandstorm\n|-damage|p2b: Azumarill|8\/100 par|[from] Sandstorm\n|-damage|p1a: Iron Wall|34\/100 brn|[from] brn\n|upkeep\n|turn|4\n|inactive|War Crams has 30 seconds left.\n|inactive|2PlatNoFeats has 30 seconds left.\n|\n|t:|1683159621\n|move|p2a: Sandy Shocks|Protect||[still]\n|-fail|p2a: Sandy Shocks\n|move|p1b: Wash yo self|Hydro Pump|p2a: Sandy Shocks|[miss]\n|-miss|p1b: Wash yo self|p2a: Sandy Shocks\n|move|p1a: Iron Wall|Earthquake|p2b: Azumarill|[spread] p2a,p2b\n|-immune|p1b: Wash yo self|[from] ability: Levitate\n|-supereffective|p2a: Sandy Shocks\n|-damage|p2a: Sandy Shocks|13\/100\n|-damage|p2b: Azumarill|0 fnt\n|faint|p2b: Azumarill\n|\n|-weather|Sandstorm|[upkeep]\n|-damage|p1b: Wash yo self|47\/100|[from] Sandstorm\n|-damage|p1a: Iron Wall|28\/100 brn|[from] brn\n|upkeep\n|turn|5\n|\n|t:|1683159638\n|move|p2a: Sandy Shocks|Protect|p2a: Sandy Shocks\n|-singleturn|p2a: Sandy Shocks|Protect\n|move|p1b: Wash yo self|Hydro Pump|p2a: Sandy Shocks\n|-activate|p2a: Sandy Shocks|move: Protect\n|move|p1a: Iron Wall|Earthquake|p2a: Sandy Shocks|[spread] \n|-activate|p2a: Sandy Shocks|move: Protect\n|-immune|p1b: Wash yo self|[from] ability: Levitate\n|\n|-weather|none\n|-damage|p1a: Iron Wall|22\/100 brn|[from] brn\n|upkeep\n|turn|6\n|\n|t:|1683159651\n|move|p2a: Sandy Shocks|Protect|p2a: Sandy Shocks\n|-singleturn|p2a: Sandy Shocks|Protect\n|move|p1b: Wash yo self|Hydro Pump|p2a: Sandy Shocks\n|-activate|p2a: Sandy Shocks|move: Protect\n|move|p1a: Iron Wall|Earthquake|p2a: Sandy Shocks|[spread] \n|-activate|p2a: Sandy Shocks|move: Protect\n|-immune|p1b: Wash yo self|[from] ability: Levitate\n|\n|-damage|p1a: Iron Wall|16\/100 brn|[from] brn\n|upkeep\n|turn|7\n|\n|t:|1683159662\n|move|p2a: Sandy Shocks|Protect||[still]\n|-fail|p2a: Sandy Shocks\n|move|p1b: Wash yo self|Hydro Pump|p2a: Sandy Shocks|[miss]\n|-miss|p1b: Wash yo self|p2a: Sandy Shocks\n|move|p1a: Iron Wall|Earthquake|p2a: Sandy Shocks|[spread] p2a\n|-immune|p1b: Wash yo self|[from] ability: Levitate\n|-supereffective|p2a: Sandy Shocks\n|-damage|p2a: Sandy Shocks|0 fnt\n|faint|p2a: Sandy Shocks\n|-end|p2a: Sandy Shocks|Protosynthesis|[silent]\n|\n|win|War Crams\n|raw|War Crams's rating: 1064 → 1090<\/strong> (+26 for winning)\n|raw|2PlatNoFeats's rating: 1009 → 1000<\/strong> (-9 for losing)\n|l|\u26062PlatNoFeats\n","uploadtime":1683159674,"views":15,"p1id":"warcrams","p2id":"2platnofeats","formatid":"gen9vgc2023regulationc","rating":1000,"private":0,"password":""}