{"id":"gen9vgc2023regulationc-1845888718","p1":"Xenizen","p2":"Disobedient_vgc","format":"[Gen 9] VGC 2023 Regulation C","log":"|j|\u2606Xenizen\n|j|\u2606Disobedient_vgc\n|t:|1681775691\n|gametype|doubles\n|player|p1|Xenizen|bruno|1115\n|player|p2|Disobedient_vgc|palmer|1107\n|teamsize|p1|6\n|teamsize|p2|6\n|gen|9\n|tier|[Gen 9] VGC 2023 Regulation C\n|rated|\n|rule|Species Clause: Limit one of each Pok\u00e9mon\n|rule|Item Clause: Limit one of each item\n|clearpoke\n|poke|p1|Flutter Mane, L50|\n|poke|p1|Amoonguss, L50, M|\n|poke|p1|Chi-Yu, L50|\n|poke|p1|Palafin, L50, F|\n|poke|p1|Tauros-Paldea-Aqua, L50, M|\n|poke|p1|Ting-Lu, L50|\n|poke|p2|Haxorus, L50, M|\n|poke|p2|Ting-Lu, L50|\n|poke|p2|Palafin, L50, F|\n|poke|p2|Amoonguss, L50, F|\n|poke|p2|Arcanine, L50, M|\n|poke|p2|Flutter Mane, L50|\n|teampreview|4\n|\n|t:|1681775734\n|start\n|switch|p1a: Tauros|Tauros-Paldea-Aqua, L50, M|100\/100\n|switch|p1b: Flutter Mane|Flutter Mane, L50|100\/100\n|switch|p2a: Haxorus|Haxorus, L50, M, shiny|100\/100\n|switch|p2b: Palafin|Palafin, L50, F, shiny|100\/100\n|-ability|p1a: Tauros|Intimidate|boost\n|-unboost|p2a: Haxorus|atk|1\n|-unboost|p2b: Palafin|atk|1\n|-ability|p2a: Haxorus|Mold Breaker\n|-enditem|p1b: Flutter Mane|Booster Energy\n|-activate|p1b: Flutter Mane|ability: Protosynthesis|[fromitem]\n|-start|p1b: Flutter Mane|protosynthesisspe\n|turn|1\n|c|\u2606Disobedient_vgc|i challenge you\n|\n|t:|1681775757\n|switch|p2a: Ting-Lu|Ting-Lu, L50|100\/100\n|-ability|p2a: Ting-Lu|Vessel of Ruin\n|move|p1b: Flutter Mane|Dazzling Gleam|p2a: Ting-Lu|[spread] p2a,p2b\n|-supereffective|p2a: Ting-Lu\n|-damage|p2a: Ting-Lu|73\/100\n|-damage|p2b: Palafin|66\/100\n|move|p2b: Palafin|Flip Turn|p1b: Flutter Mane\n|-damage|p1b: Flutter Mane|58\/100\n|\n|t:|1681775766\n|detailschange|p2b: Palafin|Palafin-Hero, L50, F, shiny\n|switch|p2b: Haxorus|Haxorus, L50, M, shiny|100\/100|[from] Flip Turn\n|-ability|p2b: Haxorus|Mold Breaker\n|move|p1a: Tauros|Raging Bull|p2a: Ting-Lu\n|-supereffective|p2a: Ting-Lu\n|-damage|p2a: Ting-Lu|24\/100\n|\n|upkeep\n|turn|2\n|\n|t:|1681775781\n|move|p1b: Flutter Mane|Moonblast|p2b: Haxorus\n|-supereffective|p2b: Haxorus\n|-damage|p2b: Haxorus|0 fnt\n|faint|p2b: Haxorus\n|move|p1a: Tauros|Raging Bull|p2a: Ting-Lu\n|-supereffective|p2a: Ting-Lu\n|-damage|p2a: Ting-Lu|0 fnt\n|faint|p2a: Ting-Lu\n|\n|upkeep\n|\n|t:|1681775789\n|switch|p2b: Flutter Mane|Flutter Mane, L50, shiny|100\/100\n|switch|p2a: Palafin|Palafin-Hero, L50, F, shiny|66\/100\n|-activate|p2a: Palafin|ability: Zero to Hero\n|turn|3\n|\n|t:|1681775811\n|-end|p1b: Flutter Mane|Protosynthesis|[silent]\n|switch|p1b: Amoonguss|Amoonguss, L50, M|100\/100\n|-terastallize|p2b: Flutter Mane|Fairy\n|move|p2a: Palafin|Jet Punch|p1b: Amoonguss\n|-resisted|p1b: Amoonguss\n|-damage|p1b: Amoonguss|80\/100\n|move|p1a: Tauros|Aqua Jet|p2b: Flutter Mane\n|-damage|p2b: Flutter Mane|61\/100\n|move|p2b: Flutter Mane|Moonblast|p1a: Tauros\n|-supereffective|p1a: Tauros\n|-damage|p1a: Tauros|0 fnt\n|faint|p1a: Tauros\n|\n|-heal|p1b: Amoonguss|85\/100|[from] item: Black Sludge\n|upkeep\n|\n|t:|1681775825\n|switch|p1a: Chi-Yu|Chi-Yu, L50|100\/100\n|-ability|p1a: Chi-Yu|Beads of Ruin\n|turn|4\n|\n|t:|1681775834\n|move|p1b: Amoonguss|Rage Powder|p1b: Amoonguss\n|-singleturn|p1b: Amoonguss|move: Rage Powder\n|move|p2a: Palafin|Jet Punch|p1b: Amoonguss\n|-resisted|p1b: Amoonguss\n|-damage|p1b: Amoonguss|65\/100\n|move|p2b: Flutter Mane|Shadow Ball|p1b: Amoonguss\n|-damage|p1b: Amoonguss|17\/100\n|move|p1a: Chi-Yu|Dark Pulse|p2a: Palafin\n|-damage|p2a: Palafin|0 fnt\n|faint|p2a: Palafin\n|-damage|p1a: Chi-Yu|90\/100|[from] item: Life Orb\n|\n|-heal|p1b: Amoonguss|23\/100|[from] item: Black Sludge\n|upkeep\n|turn|5\n|\n|t:|1681775850\n|move|p1b: Amoonguss|Rage Powder|p1b: Amoonguss\n|-singleturn|p1b: Amoonguss|move: Rage Powder\n|move|p2b: Flutter Mane|Dazzling Gleam|p1b: Amoonguss|[spread] p1a,p1b\n|-resisted|p1b: Amoonguss\n|-damage|p1a: Chi-Yu|35\/100\n|-damage|p1b: Amoonguss|0 fnt\n|faint|p1b: Amoonguss\n|move|p1a: Chi-Yu|Overheat|p2b: Flutter Mane\n|-damage|p2b: Flutter Mane|0 fnt\n|-unboost|p1a: Chi-Yu|spa|2\n|faint|p2b: Flutter Mane\n|-end|p2b: Flutter Mane|Protosynthesis|[silent]\n|-damage|p1a: Chi-Yu|25\/100|[from] item: Life Orb\n|\n|win|Xenizen\n|raw|Xenizen's rating: 1115 → 1139<\/strong> (+24 for winning)\n|raw|Disobedient_vgc's rating: 1107 → 1083<\/strong> (-24 for losing)\n","uploadtime":1681775861,"views":18,"p1id":"xenizen","p2id":"disobedientvgc","formatid":"gen9vgc2023regulationc","rating":1083,"private":0,"password":""}