{"id":"gen9vgc2023regulationc-1846882952","p1":"Bugin","p2":"supaflytnt","format":"[Gen 9] VGC 2023 Regulation C","log":"|j|\u2606Bugin\n|j|\u2606supaflytnt\n|t:|1681895483\n|gametype|doubles\n|player|p1|Bugin|266|1256\n|player|p2|supaflytnt|2|1260\n|teamsize|p1|6\n|teamsize|p2|6\n|gen|9\n|tier|[Gen 9] VGC 2023 Regulation C\n|rated|\n|rule|Species Clause: Limit one of each Pok\u00e9mon\n|rule|Item Clause: Limit one of each item\n|clearpoke\n|poke|p1|Annihilape, L50, M|\n|poke|p1|Gyarados, L50, F|\n|poke|p1|Ting-Lu, L50|\n|poke|p1|Maushold, L50|\n|poke|p1|Flutter Mane, L50|\n|poke|p1|Amoonguss, L50, F|\n|poke|p2|Flutter Mane, L50|\n|poke|p2|Arcanine, L50, F|\n|poke|p2|Baxcalibur, L50, F|\n|poke|p2|Palafin, L50, M|\n|poke|p2|Amoonguss, L50, F|\n|poke|p2|Kingambit, L50, F|\n|teampreview|4\n|inactive|Battle timer is ON: inactive players will automatically lose when time's up. (requested by Bugin)\n|inactive|Bugin has 60 seconds left.\n|inactive|supaflytnt has 60 seconds left.\n|\n|t:|1681895540\n|start\n|switch|p1a: Ting-Lu|Ting-Lu, L50|100\/100\n|switch|p1b: Maushold|Maushold, L50|100\/100\n|switch|p2a: Your boy|Palafin, L50, M|100\/100\n|switch|p2b: Gucci Mane|Flutter Mane, L50, shiny|100\/100\n|-ability|p1a: Ting-Lu|Vessel of Ruin\n|turn|1\n|\n|t:|1681895558\n|switch|p1b: Amoonguss|Amoonguss, L50, F|100\/100\n|detailschange|p2a: Your boy|Palafin-Hero, L50, M\n|switch|p2a: Among who?|Amoonguss, L50, F|100\/100\n|move|p2b: Gucci Mane|Moonblast|p1a: Ting-Lu\n|-supereffective|p1a: Ting-Lu\n|-damage|p1a: Ting-Lu|51\/100\n|move|p1a: Ting-Lu|Heavy Slam|p2b: Gucci Mane\n|-supereffective|p2b: Gucci Mane\n|-damage|p2b: Gucci Mane|0 fnt\n|faint|p2b: Gucci Mane\n|-end|p2b: Gucci Mane|Protosynthesis|[silent]\n|\n|upkeep\n|\n|t:|1681895573\n|switch|p2b: Your boy|Palafin-Hero, L50, M|100\/100\n|-activate|p2b: Your boy|ability: Zero to Hero\n|turn|2\n|\n|t:|1681895592\n|switch|p1a: Maushold|Maushold, L50|100\/100\n|move|p2b: Your boy|Substitute|p2b: Your boy\n|-start|p2b: Your boy|Substitute\n|-damage|p2b: Your boy|76\/100\n|move|p1b: Amoonguss|Spore||[still]\n|-fail|p1b: Amoonguss\n|move|p2a: Among who?|Spore|p1a: Maushold\n|-activate|p1a: Maushold|item: Safety Goggles|Spore\n|\n|upkeep\n|turn|3\n|inactive|supaflytnt has 30 seconds left.\n|\n|t:|1681895620\n|switch|p1b: Annihilape|Annihilape, L50, M|100\/100\n|-terastallize|p2b: Your boy|Water\n|move|p1a: Maushold|Beat Up|p1b: Annihilape\n|-damage|p1b: Annihilape|99\/100\n|-damage|p1b: Annihilape|97\/100\n|-damage|p1b: Annihilape|95\/100\n|-damage|p1b: Annihilape|94\/100\n|-hitcount|p1b: Annihilape|4\n|move|p2b: Your boy|Wave Crash|p1a: Maushold\n|-damage|p1a: Maushold|0 fnt\n|faint|p1a: Maushold\n|-damage|p2b: Your boy|47\/100|[from] Recoil\n|move|p2a: Among who?|Pollen Puff|p2b: Your boy\n|-heal|p2b: Your boy|97\/100\n|\n|upkeep\n|inactive|Bugin has 30 seconds left.\n|\n|t:|1681895649\n|switch|p1a: Amoonguss|Amoonguss, L50, F|100\/100\n|turn|4\n|\n|t:|1681895669\n|move|p2a: Among who?|Protect|p2a: Among who?\n|-singleturn|p2a: Among who?|Protect\n|move|p1a: Amoonguss|Rage Powder|p1a: Amoonguss\n|-singleturn|p1a: Amoonguss|move: Rage Powder\n|move|p1b: Annihilape|Bulk Up|p1b: Annihilape\n|-boost|p1b: Annihilape|atk|1\n|-boost|p1b: Annihilape|def|1\n|move|p2b: Your boy|Wave Crash|p1a: Amoonguss\n|-resisted|p1a: Amoonguss\n|-damage|p1a: Amoonguss|55\/100\n|-damage|p2b: Your boy|81\/100|[from] Recoil\n|\n|-heal|p1a: Amoonguss|61\/100|[from] item: Leftovers\n|upkeep\n|turn|5\n|\n|t:|1681895688\n|move|p1a: Amoonguss|Rage Powder|p1a: Amoonguss\n|-singleturn|p1a: Amoonguss|move: Rage Powder\n|move|p1b: Annihilape|Rage Fist|p2a: Among who?\n|-damage|p2a: Among who?|0 fnt\n|faint|p2a: Among who?\n|move|p2b: Your boy|Wave Crash|p1a: Amoonguss\n|-resisted|p1a: Amoonguss\n|-crit|p1a: Amoonguss\n|-damage|p1a: Amoonguss|0 fnt\n|faint|p1a: Amoonguss\n|-damage|p2b: Your boy|59\/100|[from] Recoil\n|\n|upkeep\n|\n|t:|1681895703\n|switch|p1a: Ting-Lu|Ting-Lu, L50|51\/100\n|switch|p2a: Kingambit|Kingambit, L50, F|100\/100\n|-ability|p1a: Ting-Lu|Vessel of Ruin\n|turn|6\n|\n|t:|1681895722\n|move|p2a: Kingambit|Protect|p2a: Kingambit\n|-singleturn|p2a: Kingambit|Protect\n|move|p1b: Annihilape|Drain Punch|p2a: Kingambit\n|-activate|p2a: Kingambit|move: Protect\n|move|p2b: Your boy|Wave Crash|p1b: Annihilape\n|-damage|p1b: Annihilape|8\/100\n|-enditem|p1b: Annihilape|Sitrus Berry|[eat]\n|-heal|p1b: Annihilape|33\/100|[from] item: Sitrus Berry\n|-damage|p2b: Your boy|30\/100|[from] Recoil\n|move|p1a: Ting-Lu|Earthquake|p2a: Kingambit|[spread] p1b,p2b\n|-activate|p2a: Kingambit|move: Protect\n|-end|p2b: Your boy|Substitute\n|-damage|p1b: Annihilape|13\/100\n|\n|upkeep\n|turn|7\n|\n|t:|1681895747\n|move|p2b: Your boy|Jet Punch|p1b: Annihilape\n|-damage|p1b: Annihilape|0 fnt\n|faint|p1b: Annihilape\n|move|p2a: Kingambit|Iron Head|p1a: Ting-Lu\n|-damage|p1a: Ting-Lu|26\/100\n|move|p1a: Ting-Lu|Earthquake|p2b: Your boy|[spread] p2a,p2b\n|-supereffective|p2a: Kingambit\n|-crit|p2a: Kingambit\n|-damage|p2a: Kingambit|26\/100\n|-damage|p2b: Your boy|2\/100\n|\n|upkeep\n|turn|8\n|-message|Bugin forfeited.\n|\n|win|supaflytnt\n|raw|Bugin's rating: 1256 → 1231<\/strong> (-25 for losing)\n|raw|supaflytnt's rating: 1260 → 1285<\/strong> (+25 for winning)\n|l|\u2606Bugin\n","uploadtime":1681895836,"views":14,"p1id":"bugin","p2id":"supaflytnt","formatid":"gen9vgc2023regulationc","rating":1231,"private":0,"password":""}