{"id":"gen9vgc2023regulationc-1850844630","p1":"jayballester","p2":"tuxmux","format":"[Gen 9] VGC 2023 Regulation C","log":"|j|\u2606jayballester\n|j|\u2606tuxmux\n|t:|1682373603\n|gametype|doubles\n|player|p1|jayballester|riley|\n|player|p2|tuxmux|2|\n|teamsize|p1|6\n|teamsize|p2|6\n|gen|9\n|tier|[Gen 9] VGC 2023 Regulation C\n|rule|Species Clause: Limit one of each Pok\u00e9mon\n|rule|Item Clause: Limit one of each item\n|clearpoke\n|poke|p1|Tyranitar, L50, F|\n|poke|p1|Palafin, L50, M|\n|poke|p1|Toedscool, L50, F|\n|poke|p1|Garganacl, L50, M|\n|poke|p1|Salazzle, L50, F|\n|poke|p1|Breloom, L50, M|\n|poke|p2|Talonflame, L50, F|\n|poke|p2|Hydreigon, L50, M|\n|poke|p2|Tinkaton, L50, F|\n|poke|p2|Azumarill, L50, F|\n|poke|p2|Lucario, L50, F|\n|poke|p2|Toxapex, L50, F|\n|teampreview|4\n|\n|t:|1682373633\n|start\n|switch|p1a: Palafin|Palafin, L50, M|100\/100\n|switch|p1b: Tyranitar|Tyranitar, L50, F|100\/100\n|switch|p2a: Specs Hex Pex|Toxapex, L50, F|100\/100\n|switch|p2b: good pick (not)|Hydreigon, L50, M|100\/100\n|-weather|Sandstorm|[from] ability: Sand Stream|[of] p1b: Tyranitar\n|turn|1\n|\n|t:|1682373649\n|move|p1a: Palafin|Protect|p1a: Palafin\n|-singleturn|p1a: Palafin|Protect\n|move|p2b: good pick (not)|Draco Meteor|p1a: Palafin\n|-activate|p1a: Palafin|move: Protect\n|move|p1b: Tyranitar|Rock Slide|p2a: Specs Hex Pex|[spread] p2a,p2b\n|-damage|p2a: Specs Hex Pex|75\/100\n|-damage|p2b: good pick (not)|64\/100\n|cant|p2a: Specs Hex Pex|flinch\n|\n|-weather|Sandstorm|[upkeep]\n|-damage|p2b: good pick (not)|58\/100|[from] Sandstorm\n|-damage|p1a: Palafin|94\/100|[from] Sandstorm\n|-damage|p2a: Specs Hex Pex|69\/100|[from] Sandstorm\n|-heal|p2a: Specs Hex Pex|75\/100|[from] item: Leftovers\n|upkeep\n|turn|2\n|\n|t:|1682373672\n|detailschange|p1a: Palafin|Palafin-Hero, L50, M\n|switch|p1a: Garganacl|Garganacl, L50, M|100\/100\n|move|p2b: good pick (not)|Draco Meteor|p1a: Garganacl\n|-damage|p1a: Garganacl|51\/100\n|-unboost|p2b: good pick (not)|spa|2\n|move|p1b: Tyranitar|Rock Slide|p2b: good pick (not)|[spread] p2b\n|-miss|p1b: Tyranitar|p2a: Specs Hex Pex\n|-damage|p2b: good pick (not)|18\/100\n|move|p2a: Specs Hex Pex|Toxic Spikes|p1b: Tyranitar\n|-sidestart|p1: jayballester|move: Toxic Spikes\n|\n|-weather|Sandstorm|[upkeep]\n|-damage|p2b: good pick (not)|12\/100|[from] Sandstorm\n|-damage|p2a: Specs Hex Pex|69\/100|[from] Sandstorm\n|-heal|p2a: Specs Hex Pex|75\/100|[from] item: Leftovers\n|-heal|p1a: Garganacl|57\/100|[from] item: Leftovers\n|upkeep\n|turn|3\n|c|\u2606tuxmux|flinch smh\n|\n|t:|1682373698\n|-terastallize|p1a: Garganacl|Poison\n|move|p2a: Specs Hex Pex|Baneful Bunker|p2a: Specs Hex Pex\n|-singleturn|p2a: Specs Hex Pex|move: Protect\n|move|p2b: good pick (not)|Draco Meteor|p1a: Garganacl\n|-damage|p1a: Garganacl|19\/100\n|-unboost|p2b: good pick (not)|spa|2\n|move|p1b: Tyranitar|Rock Slide|p2b: good pick (not)|[spread] p2b\n|-activate|p2a: Specs Hex Pex|move: Protect\n|-damage|p2b: good pick (not)|0 fnt\n|faint|p2b: good pick (not)\n|move|p1a: Garganacl|Recover|p1a: Garganacl\n|-heal|p1a: Garganacl|69\/100\n|\n|-weather|Sandstorm|[upkeep]\n|-damage|p2a: Specs Hex Pex|69\/100|[from] Sandstorm\n|-damage|p1a: Garganacl|63\/100|[from] Sandstorm\n|-heal|p2a: Specs Hex Pex|75\/100|[from] item: Leftovers\n|-heal|p1a: Garganacl|69\/100|[from] item: Leftovers\n|upkeep\n|\n|t:|1682373708\n|switch|p2b: gen 4\/6 staple|Lucario, L50, F|100\/100\n|turn|4\n|\n|t:|1682373736\n|move|p2b: gen 4\/6 staple|Flash Cannon|p1b: Tyranitar\n|-supereffective|p1b: Tyranitar\n|-damage|p1b: Tyranitar|69\/100\n|move|p1b: Tyranitar|Rock Slide|p2b: gen 4\/6 staple|[spread] p2b\n|-miss|p1b: Tyranitar|p2a: Specs Hex Pex\n|-resisted|p2b: gen 4\/6 staple\n|-damage|p2b: gen 4\/6 staple|87\/100\n|move|p2a: Specs Hex Pex|Sludge Bomb|p1a: Garganacl\n|-resisted|p1a: Garganacl\n|-damage|p1a: Garganacl|62\/100\n|move|p1a: Garganacl|Body Press|p2b: gen 4\/6 staple\n|-supereffective|p2b: gen 4\/6 staple\n|-damage|p2b: gen 4\/6 staple|13\/100\n|\n|-weather|Sandstorm|[upkeep]\n|-damage|p2a: Specs Hex Pex|69\/100|[from] Sandstorm\n|-damage|p1a: Garganacl|56\/100|[from] Sandstorm\n|-heal|p2a: Specs Hex Pex|75\/100|[from] item: Leftovers\n|-heal|p1a: Garganacl|62\/100|[from] item: Leftovers\n|upkeep\n|turn|5\n|\n|t:|1682373758\n|-terastallize|p2b: gen 4\/6 staple|Normal\n|move|p2b: gen 4\/6 staple|Hyper Beam|p1a: Garganacl\n|-damage|p1a: Garganacl|12\/100\n|-mustrecharge|p2b: gen 4\/6 staple\n|move|p1b: Tyranitar|Stomping Tantrum|p2b: gen 4\/6 staple\n|-damage|p2b: gen 4\/6 staple|0 fnt\n|faint|p2b: gen 4\/6 staple\n|move|p2a: Specs Hex Pex|Sludge Bomb|p1a: Garganacl\n|-resisted|p1a: Garganacl\n|-damage|p1a: Garganacl|5\/100\n|move|p1a: Garganacl|Salt Cure|p2a: Specs Hex Pex\n|-damage|p2a: Specs Hex Pex|63\/100\n|-start|p2a: Specs Hex Pex|Salt Cure\n|\n|-weather|none\n|-heal|p2a: Specs Hex Pex|69\/100|[from] item: Leftovers\n|-heal|p1a: Garganacl|11\/100|[from] item: Leftovers\n|-damage|p2a: Specs Hex Pex|44\/100|[from] Salt Cure\n|upkeep\n|\n|t:|1682373771\n|switch|p2b: who tf uses this|Talonflame, L50, F|100\/100\n|turn|6\n|\n|t:|1682373784\n|move|p2b: who tf uses this|Brave Bird|p1a: Garganacl\n|-damage|p1a: Garganacl|0 fnt\n|faint|p1a: Garganacl\n|-damage|p2b: who tf uses this|97\/100|[from] Recoil\n|-damage|p2b: who tf uses this|87\/100|[from] item: Life Orb\n|move|p1b: Tyranitar|Rock Slide|p2b: who tf uses this|[spread] p2a,p2b\n|-supereffective|p2b: who tf uses this\n|-damage|p2a: Specs Hex Pex|17\/100\n|-damage|p2b: who tf uses this|0 fnt\n|faint|p2b: who tf uses this\n|cant|p2a: Specs Hex Pex|flinch\n|\n|-heal|p2a: Specs Hex Pex|23\/100|[from] item: Leftovers\n|-damage|p2a: Specs Hex Pex|0 fnt|[from] Salt Cure\n|faint|p2a: Specs Hex Pex\n|\n|win|jayballester\n|upkeep\n|c|\u2606jayballester|gg\n","uploadtime":1682373799,"views":7,"p1id":"jayballester","p2id":"tuxmux","formatid":"gen9vgc2023regulationc","rating":0,"private":0,"password":""}