{"id":"gen9vgc2023regulationc-1860850866","p1":"Henry80825","p2":"jfjf","format":"[Gen 9] VGC 2023 Regulation C","log":"|j|\u2606Henry80825\n|j|\u2606jfjf\n|t:|1683685676\n|gametype|doubles\n|player|p1|Henry80825|266|1292\n|player|p2|jfjf|169|1232\n|teamsize|p1|6\n|teamsize|p2|6\n|gen|9\n|tier|[Gen 9] VGC 2023 Regulation C\n|rated|\n|rule|Species Clause: Limit one of each Pok\u00e9mon\n|rule|Item Clause: Limit one of each item\n|clearpoke\n|poke|p1|Arcanine, L50, M|\n|poke|p1|Kingambit, L50, F|\n|poke|p1|Flutter Mane, L50|\n|poke|p1|Amoonguss, L50, M|\n|poke|p1|Ting-Lu, L50|\n|poke|p1|Palafin, L50, F|\n|poke|p2|Ceruledge, L50, M|\n|poke|p2|Gyarados, L50, F|\n|poke|p2|Amoonguss, L50, F|\n|poke|p2|Flutter Mane, L50|\n|poke|p2|Murkrow, L50, F|\n|poke|p2|Great Tusk, L50|\n|teampreview|4\n|\n|t:|1683685702\n|start\n|switch|p1a: Kingambit|Kingambit, L50, F|100\/100\n|switch|p1b: Ting-Lu|Ting-Lu, L50|100\/100\n|switch|p2a: Ceruledge|Ceruledge, L50, M|100\/100\n|switch|p2b: Gyarados|Gyarados, L50, F|100\/100\n|-ability|p2b: Gyarados|Intimidate|boost\n|-unboost|p1a: Kingambit|atk|1\n|-ability|p1a: Kingambit|Defiant|boost\n|-boost|p1a: Kingambit|atk|2\n|-unboost|p1b: Ting-Lu|atk|1\n|-ability|p1b: Ting-Lu|Vessel of Ruin\n|turn|1\n|\n|t:|1683685728\n|switch|p1b: Arcanine|Arcanine, L50, M|100\/100\n|-ability|p1b: Arcanine|Intimidate|boost\n|-fail|p2a: Ceruledge|unboost|[from] item: Clear Amulet|[of] p2a: Ceruledge\n|-unboost|p2b: Gyarados|atk|1\n|-terastallize|p2a: Ceruledge|Grass\n|-terastallize|p1a: Kingambit|Dark\n|move|p2b: Gyarados|Waterfall|p1b: Arcanine\n|-supereffective|p1b: Arcanine\n|-damage|p1b: Arcanine|43\/100\n|move|p2a: Ceruledge|Bitter Blade|p1a: Kingambit\n|-damage|p1a: Kingambit|70\/100\n|move|p1a: Kingambit|Swords Dance|p1a: Kingambit\n|-boost|p1a: Kingambit|atk|2\n|\n|upkeep\n|turn|2\n|\n|t:|1683685761\n|switch|p1b: Flutter Mane|Flutter Mane, L50|100\/100\n|move|p2b: Gyarados|Waterfall|p1b: Flutter Mane\n|-damage|p1b: Flutter Mane|52\/100\n|move|p2a: Ceruledge|Will-O-Wisp|p1a: Kingambit|[miss]\n|-miss|p2a: Ceruledge|p1a: Kingambit\n|move|p1a: Kingambit|Kowtow Cleave|p2a: Ceruledge\n|-damage|p2a: Ceruledge|0 fnt\n|faint|p2a: Ceruledge\n|\n|upkeep\n|\n|t:|1683685775\n|switch|p2a: Flutter Mane|Flutter Mane, L50|100\/100\n|turn|3\n|\n|t:|1683685803\n|-end|p1b: Flutter Mane|Protosynthesis|[silent]\n|switch|p1b: Ting-Lu|Ting-Lu, L50|100\/100\n|-ability|p1b: Ting-Lu|Vessel of Ruin\n|switch|p2b: Amoonguss|Amoonguss, L50, F|100\/100\n|move|p1a: Kingambit|Sucker Punch|p2a: Flutter Mane\n|-damage|p2a: Flutter Mane|0 fnt\n|faint|p2a: Flutter Mane\n|-end|p2a: Flutter Mane|Protosynthesis|[silent]\n|\n|upkeep\n|\n|t:|1683685815\n|switch|p2a: Gyarados|Gyarados, L50, F|100\/100\n|-ability|p2a: Gyarados|Intimidate|boost\n|-unboost|p1a: Kingambit|atk|1\n|-ability|p1a: Kingambit|Defiant|boost\n|-boost|p1a: Kingambit|atk|2\n|-unboost|p1b: Ting-Lu|atk|1\n|turn|4\n|\n|t:|1683685834\n|switch|p1b: Arcanine|Arcanine, L50, M|43\/100\n|-ability|p1b: Arcanine|Intimidate|boost\n|-unboost|p2a: Gyarados|atk|1\n|-unboost|p2b: Amoonguss|atk|1\n|move|p2a: Gyarados|Waterfall|p1b: Arcanine\n|-supereffective|p1b: Arcanine\n|-damage|p1b: Arcanine|0 fnt\n|faint|p1b: Arcanine\n|move|p1a: Kingambit|Kowtow Cleave|p2a: Gyarados\n|-damage|p2a: Gyarados|0 fnt\n|faint|p2a: Gyarados\n|move|p2b: Amoonguss|Spore|p1a: Kingambit\n|-status|p1a: Kingambit|slp|[from] move: Spore\n|-enditem|p1a: Kingambit|Lum Berry|[eat]\n|-curestatus|p1a: Kingambit|slp|[msg]\n|\n|upkeep\n|\n|t:|1683685850\n|switch|p1b: Flutter Mane|Flutter Mane, L50|52\/100\n|turn|5\n|\n|t:|1683685858\n|move|p1b: Flutter Mane|Shadow Ball|p2b: Amoonguss\n|-damage|p2b: Amoonguss|57\/100\n|move|p1a: Kingambit|Kowtow Cleave|p2b: Amoonguss\n|-damage|p2b: Amoonguss|0 fnt\n|faint|p2b: Amoonguss\n|\n|win|Henry80825\n|raw|Henry80825's rating: 1292 → 1313<\/strong> (+21 for winning)\n|raw|jfjf's rating: 1232 → 1211<\/strong> (-21 for losing)\n","uploadtime":1683685870,"views":16,"p1id":"henry80825","p2id":"jfjf","formatid":"gen9vgc2023regulationc","rating":1211,"private":0,"password":""}