{"id":"gen9vgc2023regulationc-1850992187","p1":"AvrosKyargath","p2":"HJX2","format":"[Gen 9] VGC 2023 Regulation C","log":"|j|\u2606AvrosKyargath\n|j|\u2606HJX2\n|t:|1682391193\n|gametype|doubles\n|player|p1|AvrosKyargath|gambler|1189\n|player|p2|HJX2|265|1088\n|teamsize|p1|6\n|teamsize|p2|6\n|gen|9\n|tier|[Gen 9] VGC 2023 Regulation C\n|rated|\n|rule|Species Clause: Limit one of each Pok\u00e9mon\n|rule|Item Clause: Limit one of each item\n|clearpoke\n|poke|p1|Flutter Mane, L50|\n|poke|p1|Amoonguss, L50, M|\n|poke|p1|Arcanine, L50, M|\n|poke|p1|Palafin, L50, M|\n|poke|p1|Dragapult, L50, M|\n|poke|p1|Iron Hands, L50|\n|poke|p2|Sylveon, L50, F|\n|poke|p2|Chien-Pao, L50|\n|poke|p2|Amoonguss, L50, F|\n|poke|p2|Gyarados, L50, M|\n|poke|p2|Dragapult, L50, F|\n|poke|p2|Iron Treads, L50|\n|teampreview|4\n|\n|t:|1682391213\n|start\n|switch|p1a: Flutter Mane|Flutter Mane, L50, shiny|100\/100\n|switch|p1b: Palafin|Palafin, L50, M|100\/100\n|switch|p2a: Garry|Gyarados, L50, M, shiny|100\/100\n|switch|p2b: Sylveon|Sylveon, L50, F, shiny|100\/100\n|-ability|p2a: Garry|Intimidate|boost\n|-unboost|p1a: Flutter Mane|atk|1\n|-unboost|p1b: Palafin|atk|1\n|-enditem|p1a: Flutter Mane|Booster Energy\n|-activate|p1a: Flutter Mane|ability: Protosynthesis|[fromitem]\n|-start|p1a: Flutter Mane|protosynthesisspa\n|turn|1\n|\n|t:|1682391227\n|detailschange|p1b: Palafin|Palafin-Hero, L50, M\n|switch|p1b: Amoonguss|Amoonguss, L50, M|100\/100\n|move|p1a: Flutter Mane|Thunderbolt|p2a: Garry\n|-supereffective|p2a: Garry\n|-damage|p2a: Garry|0 fnt\n|faint|p2a: Garry\n|move|p2b: Sylveon|Hyper Voice|p1a: Flutter Mane|[spread] p1a,p1b\n|-resisted|p1b: Amoonguss\n|-damage|p1a: Flutter Mane|66\/100\n|-damage|p1b: Amoonguss|82\/100\n|-enditem|p2b: Sylveon|Throat Spray\n|-boost|p2b: Sylveon|spa|1|[from] item: Throat Spray\n|\n|upkeep\n|\n|t:|1682391238\n|switch|p2a: Chien-Pao|Chien-Pao, L50|100\/100\n|-ability|p2a: Chien-Pao|Sword of Ruin\n|turn|2\n|\n|t:|1682391247\n|-terastallize|p2b: Sylveon|Fire\n|move|p1a: Flutter Mane|Protect|p1a: Flutter Mane\n|-singleturn|p1a: Flutter Mane|Protect\n|move|p2a: Chien-Pao|Throat Chop|p1a: Flutter Mane\n|-activate|p1a: Flutter Mane|move: Protect\n|move|p2b: Sylveon|Tera Blast|p1b: Amoonguss\n|-supereffective|p1b: Amoonguss\n|-damage|p1b: Amoonguss|0 fnt\n|faint|p1b: Amoonguss\n|\n|upkeep\n|\n|t:|1682391258\n|switch|p1b: Arcanine|Arcanine, L50, M, shiny|100\/100\n|-ability|p1b: Arcanine|Intimidate|boost\n|-unboost|p2a: Chien-Pao|atk|1\n|-unboost|p2b: Sylveon|atk|1\n|turn|3\n|\n|t:|1682391273\n|switch|p2a: Iron Treads|Iron Treads, L50|100\/100\n|-terastallize|p1a: Flutter Mane|Steel\n|move|p1b: Arcanine|Extreme Speed|p2a: Iron Treads\n|-resisted|p2a: Iron Treads\n|-damage|p2a: Iron Treads|88\/100\n|move|p1a: Flutter Mane|Moonblast|p2a: Iron Treads\n|-resisted|p2a: Iron Treads\n|-damage|p2a: Iron Treads|59\/100\n|-unboost|p2a: Iron Treads|spa|1\n|move|p2b: Sylveon|Psychic|p1a: Flutter Mane\n|-resisted|p1a: Flutter Mane\n|-damage|p1a: Flutter Mane|47\/100\n|\n|upkeep\n|turn|4\n|\n|t:|1682391296\n|move|p1a: Flutter Mane|Protect|p1a: Flutter Mane\n|-singleturn|p1a: Flutter Mane|Protect\n|move|p2a: Iron Treads|Stomping Tantrum|p1b: Arcanine\n|-supereffective|p1b: Arcanine\n|-damage|p1b: Arcanine|32\/100\n|move|p1b: Arcanine|Will-O-Wisp|p2a: Iron Treads|[miss]\n|-miss|p1b: Arcanine|p2a: Iron Treads\n|move|p2b: Sylveon|Tera Blast|p1a: Flutter Mane\n|-activate|p1a: Flutter Mane|move: Protect\n|\n|upkeep\n|turn|5\n|\n|t:|1682391315\n|move|p1b: Arcanine|Extreme Speed|p2b: Sylveon\n|-damage|p2b: Sylveon|71\/100\n|move|p2a: Iron Treads|Stomping Tantrum|p1b: Arcanine\n|-supereffective|p1b: Arcanine\n|-damage|p1b: Arcanine|0 fnt\n|faint|p1b: Arcanine\n|move|p1a: Flutter Mane|Shadow Ball|p2a: Iron Treads\n|-damage|p2a: Iron Treads|11\/100\n|move|p2b: Sylveon|Tera Blast|p1a: Flutter Mane\n|-supereffective|p1a: Flutter Mane\n|-damage|p1a: Flutter Mane|0 fnt\n|faint|p1a: Flutter Mane\n|-end|p1a: Flutter Mane|Protosynthesis|[silent]\n|\n|upkeep\n|\n|t:|1682391336\n|switch|p1a: Palafin|Palafin-Hero, L50, M|100\/100\n|-activate|p1a: Palafin|ability: Zero to Hero\n|turn|6\n|\n|t:|1682391349\n|-end|p2a: Iron Treads|Quark Drive|[silent]\n|switch|p2a: Chien-Pao|Chien-Pao, L50|100\/100\n|-ability|p2a: Chien-Pao|Sword of Ruin\n|move|p2b: Sylveon|Protect|p2b: Sylveon\n|-singleturn|p2b: Sylveon|Protect\n|move|p1a: Palafin|Jet Punch|p2b: Sylveon\n|-activate|p2b: Sylveon|move: Protect\n|\n|upkeep\n|turn|7\n|\n|t:|1682391374\n|move|p1a: Palafin|Jet Punch|p2a: Chien-Pao\n|-damage|p2a: Chien-Pao|34\/100\n|move|p2a: Chien-Pao|Throat Chop|p1a: Palafin\n|-damage|p1a: Palafin|57\/100\n|-start|p1a: Palafin|Throat Chop|[silent]\n|move|p2b: Sylveon|Psychic|p1a: Palafin\n|-damage|p1a: Palafin|14\/100\n|\n|upkeep\n|turn|8\n|\n|t:|1682391385\n|move|p1a: Palafin|Jet Punch|p2a: Chien-Pao\n|-damage|p2a: Chien-Pao|0 fnt\n|faint|p2a: Chien-Pao\n|move|p2b: Sylveon|Psychic|p1a: Palafin\n|-damage|p1a: Palafin|0 fnt\n|faint|p1a: Palafin\n|\n|win|HJX2\n|raw|AvrosKyargath's rating: 1189 → 1157<\/strong> (-32 for losing)\n|raw|HJX2's rating: 1088 → 1122<\/strong> (+34 for winning)\n","uploadtime":1682391407,"views":8,"p1id":"avroskyargath","p2id":"hjx2","formatid":"gen9vgc2023regulationc","rating":1122,"private":0,"password":""}