{"id":"gen9vgc2023regulationc-1853003647","p1":"onlytestaccount","p2":"Jbenn","format":"[Gen 9] VGC 2023 Regulation C","log":"|j|\u2606onlytestaccount\n|j|\u2606Jbenn\n|t:|1682624756\n|gametype|doubles\n|player|p1|onlytestaccount|169|1395\n|player|p2|Jbenn|steven|1526\n|teamsize|p1|6\n|teamsize|p2|6\n|gen|9\n|tier|[Gen 9] VGC 2023 Regulation C\n|rated|\n|rule|Species Clause: Limit one of each Pok\u00e9mon\n|rule|Item Clause: Limit one of each item\n|clearpoke\n|poke|p1|Dondozo, L50, M|\n|poke|p1|Tatsugiri, L50, M|\n|poke|p1|Glimmora, L50, F|\n|poke|p1|Talonflame, L50, F|\n|poke|p1|Ceruledge, L50, F|\n|poke|p1|Meowscarada, L50, F|\n|poke|p2|Roaring Moon, L50|\n|poke|p2|Great Tusk, L50|\n|poke|p2|Gholdengo, L50|\n|poke|p2|Hariyama, L50, F|\n|poke|p2|Mimikyu, L50, F|\n|poke|p2|Gyarados, L50, M|\n|teampreview|4\nJbenn has agreed to open team sheets.\nonlytestaccount has agreed to open team sheets.\n|\n|t:|1682624837\n|start\n|switch|p1a: Talonflame|Talonflame, L50, F|100\/100\n|switch|p1b: Ceruledge|Ceruledge, L50, F|100\/100\n|switch|p2a: Smaug|Roaring Moon, L50|100\/100\n|switch|p2b: Haku|Gyarados, L50, M, shiny|100\/100\n|-ability|p2b: Haku|Intimidate|boost\n|-unboost|p1a: Talonflame|atk|1\n|-fail|p1b: Ceruledge|unboost|[from] item: Clear Amulet|[of] p1b: Ceruledge\n|-enditem|p2a: Smaug|Booster Energy\n|-activate|p2a: Smaug|ability: Protosynthesis|[fromitem]\n|-start|p2a: Smaug|protosynthesisspe\n|turn|1\n|inactive|Battle timer is ON: inactive players will automatically lose when time's up. (requested by onlytestaccount)\n|\n|t:|1682624921\n|-terastallize|p1b: Ceruledge|Grass\n|move|p2a: Smaug|Jaw Lock|p1b: Ceruledge\n|-damage|p1b: Ceruledge|49\/100\n|-activate|p2a: Smaug|trapped\n|-activate|p1b: Ceruledge|trapped\n|move|p1a: Talonflame|Will-O-Wisp|p2a: Smaug\n|-status|p2a: Smaug|brn\n|move|p2b: Haku|Waterfall|p1a: Talonflame\n|-supereffective|p1a: Talonflame\n|-damage|p1a: Talonflame|0 fnt\n|faint|p1a: Talonflame\n|move|p1b: Ceruledge|Tera Blast|p2b: Haku\n|-damage|p2b: Haku|57\/100\n|\n|-damage|p2a: Smaug|94\/100 brn|[from] brn\n|upkeep\n|\n|t:|1682624933\n|switch|p1a: Meowscarada|Meowscarada, L50, F|100\/100\n|turn|2\n|inactive|Jbenn has 30 seconds left.\n|inactive|onlytestaccount has 30 seconds left.\n|inactive|Jbenn has 20 seconds left.\n|inactive|Jbenn has 15 seconds left.\n|\n|t:|1682624974\n|-terastallize|p2b: Haku|Flying\n|move|p2a: Smaug|Acrobatics|p1b: Ceruledge\n|-supereffective|p1b: Ceruledge\n|-damage|p1b: Ceruledge|3\/100\n|move|p1a: Meowscarada|Flower Trick|p2b: Haku\n|-resisted|p2b: Haku\n|-crit|p2b: Haku\n|-damage|p2b: Haku|34\/100\n|move|p2b: Haku|Tera Blast|p1a: Meowscarada\n|-supereffective|p1a: Meowscarada\n|-enditem|p1a: Meowscarada|Focus Sash\n|-damage|p1a: Meowscarada|1\/100\n|move|p1b: Ceruledge|Bitter Blade|p2a: Smaug\n|-resisted|p2a: Smaug\n|-damage|p2a: Smaug|65\/100 brn\n|-heal|p1b: Ceruledge|17\/100|[from] drain|[of] p2a: Smaug\n|\n|-damage|p2a: Smaug|59\/100 brn|[from] brn\n|upkeep\n|turn|3\n|\n|t:|1682624993\n|move|p1a: Meowscarada|Sucker Punch|p2b: Haku\n|-damage|p2b: Haku|0 fnt\n|faint|p2b: Haku\n|move|p1b: Ceruledge|Shadow Sneak|p2a: Smaug\n|-resisted|p2a: Smaug\n|-damage|p2a: Smaug|46\/100 brn\n|move|p2a: Smaug|Acrobatics|p1a: Meowscarada\n|-supereffective|p1a: Meowscarada\n|-damage|p1a: Meowscarada|0 fnt\n|faint|p1a: Meowscarada\n|\n|-damage|p2a: Smaug|40\/100 brn|[from] brn\n|upkeep\n|\n|t:|1682625004\n|switch|p1a: Glimmora|Glimmora, L50, F|100\/100\n|switch|p2b: Casper|Mimikyu, L50, F|100\/100\n|turn|4\n|\n|t:|1682625014\n|move|p2a: Smaug|Protect|p2a: Smaug\n|-singleturn|p2a: Smaug|Protect\n|move|p1b: Ceruledge|Protect|p1b: Ceruledge\n|-singleturn|p1b: Ceruledge|Protect\n|move|p2b: Casper|Play Rough|p1b: Ceruledge\n|-activate|p1b: Ceruledge|move: Protect\n|move|p1a: Glimmora|Sludge Bomb|p2b: Casper\n|-activate|p2b: Casper|ability: Disguise\n|-damage|p2b: Casper|100\/100\n|detailschange|p2b: Casper|Mimikyu-Busted, L50, F\n|-damage|p2b: Casper|88\/100|[from] pokemon: Mimikyu-Busted\n|\n|-damage|p2a: Smaug|34\/100 brn|[from] brn\n|upkeep\n|turn|5\n|\n|t:|1682625039\n|move|p1b: Ceruledge|Shadow Sneak|p2a: Smaug\n|-resisted|p2a: Smaug\n|-damage|p2a: Smaug|20\/100 brn\n|move|p2a: Smaug|Acrobatics|p1b: Ceruledge\n|-supereffective|p1b: Ceruledge\n|-damage|p1b: Ceruledge|0 fnt\n|faint|p1b: Ceruledge\n|move|p1a: Glimmora|Sludge Bomb|p2b: Casper\n|-damage|p2b: Casper|39\/100\n|-enditem|p2b: Casper|Sitrus Berry|[eat]\n|-heal|p2b: Casper|64\/100|[from] item: Sitrus Berry\n|move|p2b: Casper|Trick Room|p2b: Casper\n|-fieldstart|move: Trick Room|[of] p2b: Casper\n|\n|-damage|p2a: Smaug|14\/100 brn|[from] brn\n|upkeep\n|turn|6\n|\n|t:|1682625059\n|move|p1a: Glimmora|Sludge Bomb|p2b: Casper\n|-damage|p2b: Casper|15\/100\n|move|p2b: Casper|Curse|p1a: Glimmora\n|-start|p1a: Glimmora|Curse|[of] p2b: Casper\n|-damage|p2b: Casper|0 fnt\n|faint|p2b: Casper\n|move|p2a: Smaug|Jaw Lock|p1a: Glimmora\n|-damage|p1a: Glimmora|80\/100\n|-activate|p2a: Smaug|trapped\n|-activate|p1a: Glimmora|trapped\n|-activate|p1a: Glimmora|ability: Toxic Debris\n|-sidestart|p2: Jbenn|move: Toxic Spikes\n|\n|-damage|p2a: Smaug|8\/100 brn|[from] brn\n|-damage|p1a: Glimmora|56\/100|[from] Curse\n|upkeep\n|c|\u2606Jbenn|gg\n|\n|t:|1682625070\n|switch|p2b: 50 Cent|Gholdengo, L50|100\/100\n|turn|7\n|c|\u2606onlytestaccount|gg\n|-message|onlytestaccount forfeited.\n|\n|win|Jbenn\n|raw|onlytestaccount's rating: 1395 → 1382<\/strong> (-13 for losing)\n|raw|Jbenn's rating: 1526 → 1539<\/strong> (+13 for winning)\n|l|\u2606onlytestaccount\n","uploadtime":1682625082,"views":14,"p1id":"onlytestaccount","p2id":"jbenn","formatid":"gen9vgc2023regulationc","rating":1382,"private":0,"password":""}