{"id":"gen9vgc2023regulationc-1863436144","p1":"Rack VGC","p2":"JoyBoy869","format":"[Gen 9] VGC 2023 Regulation C","log":"|j|\u2606Rack VGC\n|j|\u2606JoyBoy869\n|t:|1684016894\n|gametype|doubles\n|player|p1|Rack VGC|101|1215\n|player|p2|JoyBoy869|bugcatcher-gen4dp|1175\n|teamsize|p1|6\n|teamsize|p2|6\n|gen|9\n|tier|[Gen 9] VGC 2023 Regulation C\n|rated|\n|rule|Species Clause: Limit one of each Pok\u00e9mon\n|rule|Item Clause: Limit one of each item\n|clearpoke\n|poke|p1|Ceruledge, L50, F|\n|poke|p1|Flutter Mane, L50|\n|poke|p1|Iron Hands, L50|\n|poke|p1|Amoonguss, L50, F|\n|poke|p1|Chien-Pao, L50|\n|poke|p1|Gyarados, L50, M|\n|poke|p2|Annihilape, L50, M|\n|poke|p2|Tyranitar, L50, F|\n|poke|p2|Indeedee-F, L50, F|\n|poke|p2|Hatterene, L50, F|\n|poke|p2|Brute Bonnet, L50|\n|poke|p2|Torkoal, L50, M|\n|teampreview|4\n|inactive|Battle timer is ON: inactive players will automatically lose when time's up. (requested by Rack VGC)\n|inactive|Rack VGC has 60 seconds left.\n|inactive|JoyBoy869 has 60 seconds left.\n|inactive|Rack VGC has 30 seconds left.\n|inactive|Rack VGC has 20 seconds left.\n|inactive|Rack VGC has 15 seconds left.\n|inactive|Rack VGC has 10 seconds left.\n|\n|t:|1684016979\n|start\n|switch|p1a: Chien-Pao|Chien-Pao, L50|100\/100\n|switch|p1b: Amoonguss|Amoonguss, L50, F|100\/100\n|switch|p2a: Hatterene|Hatterene, L50, F|100\/100\n|switch|p2b: Torkoal|Torkoal, L50, M|100\/100\n|-ability|p1a: Chien-Pao|Sword of Ruin\n|-weather|SunnyDay|[from] ability: Drought|[of] p2b: Torkoal\n|turn|1\n|inactive|Rack VGC has 30 seconds left.\n|\n|t:|1684017012\n|move|p2b: Torkoal|Protect|p2b: Torkoal\n|-singleturn|p2b: Torkoal|Protect\n|move|p1a: Chien-Pao|Ice Spinner|p2a: Hatterene\n|-damage|p2a: Hatterene|47\/100\n|move|p1b: Amoonguss|Spore|p2b: Torkoal\n|-activate|p2b: Torkoal|move: Protect\n|move|p2a: Hatterene|Trick Room|p2a: Hatterene\n|-fieldstart|move: Trick Room|[of] p2a: Hatterene\n|\n|-weather|SunnyDay|[upkeep]\n|upkeep\n|turn|2\n|inactive|Rack VGC has 30 seconds left.\n|\n|t:|1684017046\n|-terastallize|p1b: Amoonguss|Water\n|move|p1a: Chien-Pao|Protect|p1a: Chien-Pao\n|-singleturn|p1a: Chien-Pao|Protect\n|move|p2b: Torkoal|Eruption|p1b: Amoonguss|[spread] p1b\n|-activate|p1a: Chien-Pao|move: Protect\n|-resisted|p1b: Amoonguss\n|-damage|p1b: Amoonguss|73\/100\n|move|p2a: Hatterene|Giga Drain|p1b: Amoonguss\n|-supereffective|p1b: Amoonguss\n|-damage|p1b: Amoonguss|14\/100\n|-heal|p2a: Hatterene|87\/100|[from] drain|[of] p1b: Amoonguss\n|-damage|p2a: Hatterene|77\/100|[from] item: Life Orb\n|move|p1b: Amoonguss|Spore|p2b: Torkoal\n|-status|p2b: Torkoal|slp|[from] move: Spore\n|\n|-weather|SunnyDay|[upkeep]\n|upkeep\n|turn|3\n|inactive|Rack VGC has 30 seconds left.\n|inactive|JoyBoy869 has 30 seconds left.\n|inactive|JoyBoy869 has 20 seconds left.\n|inactive|JoyBoy869 has 15 seconds left.\n|\n|t:|1684017086\n|switch|p2b: Brute Bonnet|Brute Bonnet, L50|100\/100\n|-activate|p2b: Brute Bonnet|ability: Protosynthesis\n|-start|p2b: Brute Bonnet|protosynthesisatk\n|switch|p1b: Iron Hands|Iron Hands, L50|100\/100\n|move|p2a: Hatterene|Dazzling Gleam|p1b: Iron Hands|[spread] p1a,p1b\n|-supereffective|p1a: Chien-Pao\n|-supereffective|p1b: Iron Hands\n|-enditem|p1a: Chien-Pao|Focus Sash\n|-damage|p1a: Chien-Pao|1\/100\n|-damage|p1b: Iron Hands|55\/100\n|-damage|p2a: Hatterene|68\/100|[from] item: Life Orb\n|move|p1a: Chien-Pao|Sacred Sword|p2b: Brute Bonnet\n|-supereffective|p2b: Brute Bonnet\n|-damage|p2b: Brute Bonnet|33\/100\n|\n|-weather|SunnyDay|[upkeep]\n|upkeep\n|turn|4\n|inactive|Rack VGC has 30 seconds left.\n|inactive|JoyBoy869 has 30 seconds left.\n|\n|t:|1684017121\n|move|p1a: Chien-Pao|Protect|p1a: Chien-Pao\n|-singleturn|p1a: Chien-Pao|Protect\n|move|p2a: Hatterene|Dazzling Gleam|p1b: Iron Hands|[spread] p1b\n|-activate|p1a: Chien-Pao|move: Protect\n|-supereffective|p1b: Iron Hands\n|-damage|p1b: Iron Hands|11\/100\n|-damage|p2a: Hatterene|58\/100|[from] item: Life Orb\n|move|p2b: Brute Bonnet|Bullet Seed|p1a: Chien-Pao\n|-activate|p1a: Chien-Pao|move: Protect\n|move|p1b: Iron Hands|Heavy Slam|p2a: Hatterene\n|-supereffective|p2a: Hatterene\n|-damage|p2a: Hatterene|0 fnt\n|faint|p2a: Hatterene\n|\n|-weather|SunnyDay|[upkeep]\n|upkeep\n|\n|t:|1684017140\n|switch|p2a: MankeyDLuffy|Annihilape, L50, M|100\/100\n|turn|5\n|inactive|Rack VGC has 30 seconds left.\n|inactive|Rack VGC has 20 seconds left.\n|\n|t:|1684017176\n|-terastallize|p2a: MankeyDLuffy|Fire\n|move|p1a: Chien-Pao|Sucker Punch|p2a: MankeyDLuffy\n|-damage|p2a: MankeyDLuffy|57\/100\n|move|p2b: Brute Bonnet|Bullet Seed|p1a: Chien-Pao\n|-damage|p1a: Chien-Pao|0 fnt\n|faint|p1a: Chien-Pao\n|-hitcount|p1: Chien-Pao|1\n|move|p1b: Iron Hands|Drain Punch|p2b: Brute Bonnet\n|-supereffective|p2b: Brute Bonnet\n|-damage|p2b: Brute Bonnet|0 fnt\n|-heal|p1b: Iron Hands|26\/100|[from] drain|[of] p2b: Brute Bonnet\n|faint|p2b: Brute Bonnet\n|-end|p2b: Brute Bonnet|Protosynthesis|[silent]\n|move|p2a: MankeyDLuffy|Rage Fist|p1b: Iron Hands\n|-damage|p1b: Iron Hands|0 fnt\n|faint|p1b: Iron Hands\n|-end|p1b: Iron Hands|Quark Drive|[silent]\n|\n|-weather|SunnyDay|[upkeep]\n|-heal|p2a: MankeyDLuffy|63\/100|[from] item: Leftovers\n|-fieldend|move: Trick Room\n|upkeep\n|\n|t:|1684017194\n|switch|p1a: Amoonguss|Amoonguss, L50, F, tera:Water|47\/100\n|switch|p1b: Flutter Mane|Flutter Mane, L50|100\/100\n|switch|p2b: Torkoal|Torkoal, L50, M|100\/100 slp\n|-activate|p1b: Flutter Mane|ability: Protosynthesis\n|-start|p1b: Flutter Mane|protosynthesisspe\n|turn|6\n|\n|t:|1684017219\n|move|p2a: MankeyDLuffy|Protect|p2a: MankeyDLuffy\n|-singleturn|p2a: MankeyDLuffy|Protect\n|move|p1a: Amoonguss|Rage Powder|p1a: Amoonguss\n|-singleturn|p1a: Amoonguss|move: Rage Powder\n|move|p1b: Flutter Mane|Shadow Ball|p2a: MankeyDLuffy\n|-activate|p2a: MankeyDLuffy|move: Protect\n|cant|p2b: Torkoal|slp\n|\n|-weather|SunnyDay|[upkeep]\n|-heal|p2a: MankeyDLuffy|69\/100|[from] item: Leftovers\n|upkeep\n|turn|7\n|inactive|Rack VGC has 30 seconds left.\n|\n|t:|1684017245\n|move|p1a: Amoonguss|Rage Powder|p1a: Amoonguss\n|-singleturn|p1a: Amoonguss|move: Rage Powder\n|move|p1b: Flutter Mane|Shadow Ball|p2a: MankeyDLuffy\n|-damage|p2a: MankeyDLuffy|27\/100\n|-damage|p1b: Flutter Mane|91\/100|[from] item: Life Orb\n|move|p2a: MankeyDLuffy|Rage Fist|p1a: Amoonguss\n|-damage|p1a: Amoonguss|0 fnt\n|-damage|p2a: MankeyDLuffy|11\/100|[from] item: Rocky Helmet|[of] p1a: Amoonguss\n|faint|p1a: Amoonguss\n|cant|p2b: Torkoal|slp\n|\n|-weather|SunnyDay|[upkeep]\n|-heal|p2a: MankeyDLuffy|17\/100|[from] item: Leftovers\n|upkeep\n|turn|8\n|\n|t:|1684017263\n|move|p2a: MankeyDLuffy|Protect|p2a: MankeyDLuffy\n|-singleturn|p2a: MankeyDLuffy|Protect\n|move|p1b: Flutter Mane|Dazzling Gleam|p2a: MankeyDLuffy|[spread] p2b\n|-activate|p2a: MankeyDLuffy|move: Protect\n|-resisted|p2b: Torkoal\n|-damage|p2b: Torkoal|76\/100 slp\n|-damage|p1b: Flutter Mane|81\/100|[from] item: Life Orb\n|cant|p2b: Torkoal|slp\n|\n|-weather|none\n|-end|p1b: Flutter Mane|Protosynthesis\n|-heal|p2a: MankeyDLuffy|24\/100|[from] item: Leftovers\n|upkeep\n|turn|9\n|\n|t:|1684017285\n|move|p1b: Flutter Mane|Dazzling Gleam|p2a: MankeyDLuffy|[spread] p2a,p2b\n|-resisted|p2a: MankeyDLuffy\n|-resisted|p2b: Torkoal\n|-damage|p2a: MankeyDLuffy|7\/100\n|-damage|p2b: Torkoal|51\/100 slp\n|-damage|p1b: Flutter Mane|71\/100|[from] item: Life Orb\n|move|p2a: MankeyDLuffy|Rage Fist|p1b: Flutter Mane\n|-supereffective|p1b: Flutter Mane\n|-damage|p1b: Flutter Mane|0 fnt\n|faint|p1b: Flutter Mane\n|-end|p1b: Flutter Mane|Protosynthesis|[silent]\n|\n|win|JoyBoy869\n|raw|Rack VGC's rating: 1215 → 1187<\/strong> (-28 for losing)\n|raw|JoyBoy869's rating: 1175 → 1203<\/strong> (+28 for winning)\n|l|\u2606Rack VGC\n","uploadtime":1684017299,"views":9,"p1id":"rackvgc","p2id":"joyboy869","formatid":"gen9vgc2023regulationc","rating":1187,"private":0,"password":""}