{"id":"gen9vgc2023regulationc-1860572318","p1":"zippLapZapper","p2":"sgarli74","format":"[Gen 9] VGC 2023 Regulation C","log":"|j|\u2606zippLapZapper\n|j|\u2606sgarli74\n|t:|1683655562\n|gametype|doubles\n|player|p1|zippLapZapper|hilbert-wonderlauncher|\n|player|p2|sgarli74|265|\n|teamsize|p1|6\n|teamsize|p2|6\n|gen|9\n|tier|[Gen 9] VGC 2023 Regulation C\n|rule|Species Clause: Limit one of each Pok\u00e9mon\n|rule|Item Clause: Limit one of each item\n|clearpoke\n|poke|p1|Garchomp, L50, F|\n|poke|p1|Talonflame, L50, F|\n|poke|p1|Flutter Mane, L50|\n|poke|p1|Iron Bundle, L50|\n|poke|p1|Chien-Pao, L50|\n|poke|p1|Tyranitar, L50, M|\n|poke|p2|Talonflame, L50, M|\n|poke|p2|Chi-Yu, L50|\n|poke|p2|Flutter Mane, L50|\n|poke|p2|Rotom-Wash, L50|\n|poke|p2|Baxcalibur, L50, M|\n|poke|p2|Iron Bundle, L50|\n|teampreview|4\nzippLapZapper has agreed to open team sheets.\n|c|\u2606sgarli74|g2\nsgarli74 has agreed to open team sheets.\n|inactive|Battle timer is ON: inactive players will automatically lose when time's up. (requested by zippLapZapper)\n|c|\u2606zippLapZapper|glhf\n|\n|t:|1683655601\n|start\n|switch|p1a: Talonflame|Talonflame, L50, F|100\/100\n|switch|p1b: Tyranitar|Tyranitar, L50, M|100\/100\n|switch|p2a: Rotom|Rotom-Wash, L50|100\/100\n|switch|p2b: Talonflame|Talonflame, L50, M|100\/100\n|-weather|Sandstorm|[from] ability: Sand Stream|[of] p1b: Tyranitar\n|turn|1\n|inactive|zippLapZapper has 30 seconds left.\n|\n|t:|1683655628\n|move|p2b: Talonflame|Tailwind|p2b: Talonflame\n|-sidestart|p2: sgarli74|move: Tailwind\n|move|p1a: Talonflame|Tailwind|p1a: Talonflame\n|-sidestart|p1: zippLapZapper|move: Tailwind\n|move|p2a: Rotom|Nasty Plot|p2a: Rotom\n|-boost|p2a: Rotom|spa|2\n|move|p1b: Tyranitar|Rock Slide|p2b: Talonflame|[spread] p2a,p2b\n|-supereffective|p2b: Talonflame\n|-damage|p2a: Rotom|69\/100\n|-damage|p2b: Talonflame|0 fnt\n|faint|p2b: Talonflame\n|\n|-weather|Sandstorm|[upkeep]\n|upkeep\n|\n|t:|1683655646\n|switch|p2b: Chi-Yu|Chi-Yu, L50|100\/100\n|-ability|p2b: Chi-Yu|Beads of Ruin\n|turn|2\n|inactive|zippLapZapper has 30 seconds left.\n|inactive|sgarli74 has 30 seconds left.\n|inactive|sgarli74 has 20 seconds left.\n|\n|t:|1683655682\n|-terastallize|p1b: Tyranitar|Grass\n|move|p1a: Talonflame|Brave Bird|p2b: Chi-Yu\n|-damage|p2b: Chi-Yu|54\/100\n|-damage|p1a: Talonflame|87\/100|[from] Recoil\n|move|p2b: Chi-Yu|Heat Wave|p1b: Tyranitar|[spread] p1a,p1b\n|-resisted|p1a: Talonflame\n|-supereffective|p1b: Tyranitar\n|-damage|p1a: Talonflame|31\/100\n|-damage|p1b: Tyranitar|0 fnt\n|faint|p1b: Tyranitar\n|move|p2a: Rotom|Hydro Pump|p1a: Talonflame\n|-supereffective|p1a: Talonflame\n|-damage|p1a: Talonflame|0 fnt\n|faint|p1a: Talonflame\n|\n|-weather|Sandstorm|[upkeep]\n|-damage|p2b: Chi-Yu|48\/100|[from] Sandstorm\n|upkeep\n|\n|t:|1683655692\n|switch|p1a: Chien-Pao|Chien-Pao, L50|100\/100\n|switch|p1b: Iron Bundle|Iron Bundle, L50|100\/100\n|-ability|p1a: Chien-Pao|Sword of Ruin\n|-enditem|p1b: Iron Bundle|Booster Energy\n|-activate|p1b: Iron Bundle|ability: Quark Drive|[fromitem]\n|-start|p1b: Iron Bundle|quarkdrivespe\n|turn|3\n|\n|t:|1683655705\n|-terastallize|p2a: Rotom|Electric\n|move|p1b: Iron Bundle|Freeze-Dry|p2a: Rotom\n|-damage|p2a: Rotom|27\/100\n|move|p1a: Chien-Pao|Sacred Sword|p2b: Chi-Yu\n|-supereffective|p2b: Chi-Yu\n|-damage|p2b: Chi-Yu|0 fnt\n|faint|p2b: Chi-Yu\n|move|p2a: Rotom|Thunderbolt|p1b: Iron Bundle\n|-supereffective|p1b: Iron Bundle\n|-damage|p1b: Iron Bundle|0 fnt\n|faint|p1b: Iron Bundle\n|-end|p1b: Iron Bundle|Quark Drive|[silent]\n|\n|-weather|Sandstorm|[upkeep]\n|-damage|p1a: Chien-Pao|95\/100|[from] Sandstorm\n|upkeep\n|\n|t:|1683655712\n|switch|p2b: Flutter Mane|Flutter Mane, L50|100\/100\n|turn|4\n|\n|t:|1683655722\n|move|p1a: Chien-Pao|Protect|p1a: Chien-Pao\n|-singleturn|p1a: Chien-Pao|Protect\n|move|p2b: Flutter Mane|Moonblast|p1a: Chien-Pao\n|-activate|p1a: Chien-Pao|move: Protect\n|move|p2a: Rotom|Thunderbolt|p1a: Chien-Pao\n|-activate|p1a: Chien-Pao|move: Protect\n|\n|-weather|Sandstorm|[upkeep]\n|-damage|p1a: Chien-Pao|89\/100|[from] Sandstorm\n|-damage|p2b: Flutter Mane|94\/100|[from] Sandstorm\n|-sideend|p1: zippLapZapper|move: Tailwind\n|-sideend|p2: sgarli74|move: Tailwind\n|upkeep\n|turn|5\n|\n|t:|1683655749\n|move|p1a: Chien-Pao|Ice Spinner|p2b: Flutter Mane\n|-damage|p2b: Flutter Mane|0 fnt\n|faint|p2b: Flutter Mane\n|-end|p2b: Flutter Mane|Protosynthesis|[silent]\n|move|p2a: Rotom|Thunderbolt|p1a: Chien-Pao\n|-damage|p1a: Chien-Pao|0 fnt\n|faint|p1a: Chien-Pao\n|\n|win|sgarli74\n|c|\u2606zippLapZapper|ggs\n|c|\u2606sgarli74|gg\n","uploadtime":1683655755,"views":20,"p1id":"zipplapzapper","p2id":"sgarli74","formatid":"gen9vgc2023regulationc","rating":0,"private":0,"password":""}