{"id":"gen9vgc2023regulationc-1854212381","p1":"BleachyBoi_426","p2":"jahecla","format":"[Gen 9] VGC 2023 Regulation C","log":"|j|\u2606BleachyBoi_426\n|j|\u2606jahecla\n|t:|1682784236\n|gametype|doubles\n|player|p1|BleachyBoi_426|102|\n|player|p2|jahecla|101|\n|teamsize|p1|6\n|teamsize|p2|6\n|gen|9\n|tier|[Gen 9] VGC 2023 Regulation C\n|rule|Species Clause: Limit one of each Pok\u00e9mon\n|rule|Item Clause: Limit one of each item\n|clearpoke\n|poke|p1|Iron Moth, L50|\n|poke|p1|Pincurchin, L50, F|\n|poke|p1|Iron Valiant, L50|\n|poke|p1|Luxray, L50, F|\n|poke|p1|Fletchling, L50, M|\n|poke|p1|Arboliva, L50, F|\n|poke|p2|Annihilape, L50, F|\n|poke|p2|Maushold-Four, L50|\n|poke|p2|Ting-Lu, L50|\n|poke|p2|Scream Tail, L50|\n|poke|p2|Kilowattrel, L50, F|\n|poke|p2|Glimmora, L50, F|\n|teampreview|4\n|l|\u2606BleachyBoi_426\n|player|p1|\n|j|\u2606BleachyBoi_426\n|player|p1|BleachyBoi_426|102\n|c|\u2606BleachyBoi_426|glhf\n|j| jayballester\n|\n|t:|1682785178\n|start\n|switch|p1a: Larry|Pincurchin, L50, F|100\/100\n|switch|p1b: Uncanny|Iron Valiant, L50|100\/100\n|switch|p2a: Kilowattrel|Kilowattrel, L50, F|100\/100\n|switch|p2b: Glimmora|Glimmora, L50, F|100\/100\n|-fieldstart|move: Electric Terrain|[from] ability: Electric Surge|[of] p1a: Larry\n|-activate|p1b: Uncanny|ability: Quark Drive\n|-start|p1b: Uncanny|quarkdriveatk\n|-item|p1a: Larry|Air Balloon\n|turn|1\n|j| Jstardude\n|\n|t:|1682785223\n|move|p1b: Uncanny|Protect|p1b: Uncanny\n|-singleturn|p1b: Uncanny|Protect\n|move|p2a: Kilowattrel|Tailwind|p2a: Kilowattrel\n|-sidestart|p2: jahecla|move: Tailwind\n|move|p2b: Glimmora|Sludge Bomb|p1b: Uncanny\n|-activate|p1b: Uncanny|move: Protect\n|move|p1a: Larry|Thunder Wave|p2b: Glimmora\n|-status|p2b: Glimmora|par\n|\n|upkeep\n|turn|2\n|\n|t:|1682785273\n|-end|p1b: Uncanny|Quark Drive|[silent]\n|switch|p1b: Deathbody|Luxray, L50, F|100\/100\n|move|p1a: Larry|Sucker Punch|p2b: Glimmora\n|-damage|p2b: Glimmora|73\/100 par\n|-activate|p2b: Glimmora|ability: Toxic Debris\n|-sidestart|p1: BleachyBoi_426|move: Toxic Spikes\n|move|p2a: Kilowattrel|Air Slash|p1b: Deathbody\n|-resisted|p1b: Deathbody\n|-damage|p1b: Deathbody|80\/100\n|move|p2b: Glimmora|Sludge Bomb|p1b: Deathbody\n|-crit|p1b: Deathbody\n|-damage|p1b: Deathbody|0 fnt\n|faint|p1b: Deathbody\n|\n|upkeep\n|c| jayballester|that glimmora doing some work\n|c|\u2606BleachyBoi_426|crit\n|c|\u2606BleachyBoi_426|: (\n|\n|t:|1682785307\n|switch|p1b: Aura|Iron Moth, L50|100\/100\n|-sideend|p1: BleachyBoi_426|move: Toxic Spikes|[of] p1b: Aura\n|-activate|p1b: Aura|ability: Quark Drive\n|-start|p1b: Aura|quarkdrivespa\n|turn|3\n|\n|t:|1682785354\n|-terastallize|p1b: Aura|Bug\n|move|p1a: Larry|Sucker Punch|p2a: Kilowattrel\n|-damage|p2a: Kilowattrel|56\/100\n|move|p2a: Kilowattrel|Thunderbolt|p1b: Aura\n|-damage|p1b: Aura|53\/100\n|move|p1b: Aura|Fiery Dance|p2a: Kilowattrel\n|-damage|p2a: Kilowattrel|0 fnt\n|faint|p2a: Kilowattrel\n|-damage|p1b: Aura|44\/100|[from] item: Life Orb\n|move|p2b: Glimmora|Sludge Bomb|p1a: Larry\n|-crit|p1a: Larry\n|-damage|p1a: Larry|0 fnt\n|-enditem|p1a: Larry|Air Balloon\n|faint|p1a: Larry\n|\n|upkeep\n|c| jayballester|wow\n|c| Jstardude|tera bug now???\n|c|\u2606BleachyBoi_426|double crit\n|c|\u2606BleachyBoi_426|fr\n|\n|t:|1682785379\n|switch|p2a: Annihilape|Annihilape, L50, F|100\/100\n|switch|p1a: Uncanny|Iron Valiant, L50|100\/100\n|-activate|p1a: Uncanny|ability: Quark Drive\n|-start|p1a: Uncanny|quarkdriveatk\n|turn|4\n|\n|t:|1682785398\n|move|p1a: Uncanny|Protect|p1a: Uncanny\n|-singleturn|p1a: Uncanny|Protect\n|move|p1b: Aura|Protect|p1b: Aura\n|-singleturn|p1b: Aura|Protect\n|move|p2a: Annihilape|Rage Fist|p1b: Aura\n|-activate|p1b: Aura|move: Protect\n|move|p2b: Glimmora|Sludge Bomb|p1a: Uncanny\n|-activate|p1a: Uncanny|move: Protect\n|\n|-sideend|p2: jahecla|move: Tailwind\n|upkeep\n|turn|5\n|\n|t:|1682785439\n|move|p1a: Uncanny|Close Combat|p2b: Glimmora\n|-damage|p2b: Glimmora|0 fnt\n|-unboost|p1a: Uncanny|def|1\n|-unboost|p1a: Uncanny|spd|1\n|-activate|p2b: Glimmora|ability: Toxic Debris\n|-sidestart|p1: BleachyBoi_426|move: Toxic Spikes\n|faint|p2b: Glimmora\n|move|p1b: Aura|Psychic|p2a: Annihilape\n|-supereffective|p2a: Annihilape\n|-damage|p2a: Annihilape|0 fnt\n|faint|p2a: Annihilape\n|-damage|p1b: Aura|34\/100|[from] item: Life Orb\n|\n|-fieldend|move: Electric Terrain\n|-end|p1a: Uncanny|Quark Drive\n|-end|p1b: Aura|Quark Drive\n|upkeep\n|c| jayballester|got the roll\n|c|\u2606jahecla|man nice job\n|\n|t:|1682785461\n|switch|p2a: Maushold|Maushold-Four, L50|100\/100\n|turn|6\n|c|\u2606jahecla|just the maus in the haus\n|c| jayballester|haouse is going down fr\n|c| jayballester|house*\n|c|\u2606jahecla|lemme win\n|c| jayballester|click ice punch\n|c|\u2606jahecla|dew it\n|c|\u2606BleachyBoi_426|heres the thing\n|c|\u2606BleachyBoi_426|I'm debating in my head on wether or not something kills\n|c|\u2606BleachyBoi_426|i wanna run the calc\n|\n|t:|1682785624\n|-terastallize|p2a: Maushold|Normal\n|move|p1a: Uncanny|Close Combat|p2a: Maushold\n|-supereffective|p2a: Maushold\n|-damage|p2a: Maushold|0 fnt\n|-unboost|p1a: Uncanny|def|1\n|-unboost|p1a: Uncanny|spd|1\n|faint|p2a: Maushold\n|\n|win|BleachyBoi_426\n|c|\u2606jahecla|rip\n|c|\u2606BleachyBoi_426|oh thank god\n|c|\u2606jahecla|good job stalling tailwind out\n|c| jayballester|no tera ghost rip\n|c|\u2606BleachyBoi_426|i was horrified of tera ghost there\n|c|\u2606BleachyBoi_426|gg wp\n","uploadtime":1682785665,"views":25,"p1id":"bleachyboi426","p2id":"jahecla","formatid":"gen9vgc2023regulationc","rating":0,"private":0,"password":""}