{"id":"gen9vgc2023regulationc-1857448381","p1":"gorilnx","p2":"Karajony","format":"[Gen 9] VGC 2023 Regulation C","log":"|j|\u2606gorilnx\n|j|\u2606Karajony\n|t:|1683194843\n|gametype|doubles\n|player|p1|gorilnx|dawn-gen4pt|1301\n|player|p2|Karajony|worker-gen4|1249\n|teamsize|p1|6\n|teamsize|p2|6\n|gen|9\n|tier|[Gen 9] VGC 2023 Regulation C\n|rated|\n|rule|Species Clause: Limit one of each Pok\u00e9mon\n|rule|Item Clause: Limit one of each item\n|clearpoke\n|poke|p1|Palafin, L50, M|\n|poke|p1|Amoonguss, L50, F|\n|poke|p1|Flutter Mane, L50|\n|poke|p1|Arcanine, L50, M|\n|poke|p1|Ting-Lu, L50|\n|poke|p1|Baxcalibur, L50, F|\n|poke|p2|Flutter Mane, L50|\n|poke|p2|Iron Hands, L50|\n|poke|p2|Baxcalibur, L50, F|\n|poke|p2|Scream Tail, L50|\n|poke|p2|Arcanine, L50, F|\n|poke|p2|Kingambit, L50, F|\n|teampreview|4\n|inactive|Battle timer is ON: inactive players will automatically lose when time's up. (requested by Karajony)\n|inactive|gorilnx has 60 seconds left.\n|inactive|Karajony has 60 seconds left.\n|\n|t:|1683194888\n|start\n|switch|p1a: Palafin|Palafin, L50, M|100\/100\n|switch|p1b: Ting-Lu|Ting-Lu, L50|100\/100\n|switch|p2a: Iron Hands|Iron Hands, L50|100\/100\n|switch|p2b: Scream Tail|Scream Tail, L50|100\/100\n|-ability|p1b: Ting-Lu|Vessel of Ruin\n|turn|1\n|\n|t:|1683194898\n|detailschange|p1a: Palafin|Palafin-Hero, L50, M\n|switch|p1a: Amoonguss|Amoonguss, L50, F|100\/100\n|move|p2b: Scream Tail|Stealth Rock|p1a: Amoonguss\n|-sidestart|p1: gorilnx|move: Stealth Rock\n|move|p2a: Iron Hands|Swords Dance|p2a: Iron Hands\n|-boost|p2a: Iron Hands|atk|2\n|move|p1b: Ting-Lu|Heavy Slam|p2b: Scream Tail\n|-supereffective|p2b: Scream Tail\n|-damage|p2b: Scream Tail|51\/100\n|\n|upkeep\n|turn|2\n|inactive|Karajony has 30 seconds left.\n|\n|t:|1683194932\n|-terastallize|p2a: Iron Hands|Grass\n|move|p1a: Amoonguss|Rage Powder|p1a: Amoonguss\n|-singleturn|p1a: Amoonguss|move: Rage Powder\n|move|p2b: Scream Tail|Disable|p1b: Ting-Lu\n|-start|p1b: Ting-Lu|Disable|Heavy Slam\n|move|p2a: Iron Hands|Drain Punch|p1b: Ting-Lu\n|-supereffective|p1b: Ting-Lu\n|-damage|p1b: Ting-Lu|0 fnt\n|faint|p1b: Ting-Lu\n|\n|upkeep\n|\n|t:|1683194945\n|switch|p1b: Flutter Mane|Flutter Mane, L50|100\/100\n|-damage|p1b: Flutter Mane|88\/100|[from] Stealth Rock\n|turn|3\n|\n|t:|1683194967\n|-end|p2b: Scream Tail|Protosynthesis|[silent]\n|switch|p2b: Kingambit|Kingambit, L50, F|100\/100\n|move|p1b: Flutter Mane|Dazzling Gleam|p2a: Iron Hands|[spread] p2a,p2b\n|-damage|p2a: Iron Hands|66\/100\n|-damage|p2b: Kingambit|71\/100\n|move|p2a: Iron Hands|Wild Charge|p1b: Flutter Mane\n|-damage|p1b: Flutter Mane|0 fnt\n|faint|p1b: Flutter Mane\n|-end|p1b: Flutter Mane|Protosynthesis|[silent]\n|-damage|p2a: Iron Hands|54\/100|[from] Recoil\n|move|p1a: Amoonguss|Spore|p2b: Kingambit\n|-status|p2b: Kingambit|slp|[from] move: Spore\n|\n|upkeep\n|\n|t:|1683194982\n|switch|p1b: Palafin|Palafin-Hero, L50, M|100\/100\n|-damage|p1b: Palafin|88\/100|[from] Stealth Rock\n|-activate|p1b: Palafin|ability: Zero to Hero\n|turn|4\n|inactive|Karajony has 30 seconds left.\n|\n|t:|1683195010\n|-terastallize|p1b: Palafin|Water\n|move|p2a: Iron Hands|Detect|p2a: Iron Hands\n|-singleturn|p2a: Iron Hands|Protect\n|cant|p2b: Kingambit|slp\n|move|p1b: Palafin|Wave Crash|p2a: Iron Hands\n|-activate|p2a: Iron Hands|move: Protect\n|move|p1a: Amoonguss|Pollen Puff|p2a: Iron Hands\n|-activate|p2a: Iron Hands|move: Protect\n|\n|upkeep\n|turn|5\n|\n|t:|1683195034\n|switch|p2b: Arcanine|Arcanine, L50, F|100\/100\n|-ability|p2b: Arcanine|Intimidate|boost\n|-unboost|p1a: Amoonguss|atk|1\n|-unboost|p1b: Palafin|atk|1\n|move|p1b: Palafin|Wave Crash|p2a: Iron Hands\n|-resisted|p2a: Iron Hands\n|-damage|p2a: Iron Hands|28\/100\n|-damage|p1b: Palafin|79\/100|[from] Recoil\n|move|p2a: Iron Hands|Wild Charge|p1b: Palafin\n|-supereffective|p1b: Palafin\n|-damage|p1b: Palafin|0 fnt\n|faint|p1b: Palafin\n|-damage|p2a: Iron Hands|11\/100|[from] Recoil\n|move|p1a: Amoonguss|Pollen Puff|p2a: Iron Hands\n|-supereffective|p2a: Iron Hands\n|-damage|p2a: Iron Hands|0 fnt\n|faint|p2a: Iron Hands\n|-end|p2a: Iron Hands|Quark Drive|[silent]\n|\n|upkeep\n|\n|t:|1683195053\n|switch|p2a: Scream Tail|Scream Tail, L50|51\/100\n|turn|6\n|-message|gorilnx forfeited.\n|\n|win|Karajony\n|raw|gorilnx's rating: 1301 → 1278<\/strong> (-23 for losing)\n|raw|Karajony's rating: 1249 → 1278<\/strong> (+29 for winning)\n|l|\u2606gorilnx\n","uploadtime":1683195061,"views":17,"p1id":"gorilnx","p2id":"karajony","formatid":"gen9vgc2023regulationc","rating":1278,"private":0,"password":""}