{"id":"gen9vgc2023regulationc-1852254587","p1":"TheAvatar77","p2":"mugiwaraLux","format":"[Gen 9] VGC 2023 Regulation C","log":"|j|\u2606TheAvatar77\n|j|\u2606mugiwaraLux\n|t:|1682537131\n|gametype|doubles\n|player|p1|TheAvatar77|winona|1355\n|player|p2|mugiwaraLux|265|1327\n|teamsize|p1|6\n|teamsize|p2|6\n|gen|9\n|tier|[Gen 9] VGC 2023 Regulation C\n|rated|\n|rule|Species Clause: Limit one of each Pok\u00e9mon\n|rule|Item Clause: Limit one of each item\n|clearpoke\n|poke|p1|Wo-Chien, L50|\n|poke|p1|Annihilape, L50, F|\n|poke|p1|Amoonguss, L50, M|\n|poke|p1|Arcanine, L50, F|\n|poke|p1|Dondozo, L50, M|\n|poke|p1|Tatsugiri, L50, F|\n|poke|p2|Palafin, L50, F|\n|poke|p2|Amoonguss, L50, F|\n|poke|p2|Flutter Mane, L50|\n|poke|p2|Arcanine, L50, M|\n|poke|p2|Roaring Moon, L50|\n|poke|p2|Chien-Pao, L50|\n|teampreview|4\n|inactive|Battle timer is ON: inactive players will automatically lose when time's up. (requested by mugiwaraLux)\n|inactive|TheAvatar77 has 60 seconds left.\n|inactive|mugiwaraLux has 60 seconds left.\nmugiwaraLux has agreed to open team sheets.\n|\n|t:|1682537191\n|start\n|switch|p1a: Wo-Chien|Wo-Chien, L50|100\/100\n|switch|p1b: Annihilape|Annihilape, L50, F|100\/100\n|switch|p2a: Palafin|Palafin, L50, F|100\/100\n|switch|p2b: Amoonguss|Amoonguss, L50, F|100\/100\n|-ability|p1a: Wo-Chien|Tablets of Ruin\n|turn|1\n|inactive|mugiwaraLux has 30 seconds left.\n|inactive|mugiwaraLux has 20 seconds left.\n|inactive|mugiwaraLux has 15 seconds left.\n|\n|t:|1682537236\n|move|p2a: Palafin|Protect|p2a: Palafin\n|-singleturn|p2a: Palafin|Protect\n|move|p1b: Annihilape|Rage Fist|p2a: Palafin\n|-activate|p2a: Palafin|move: Protect\n|move|p1a: Wo-Chien|Ruination|p2b: Amoonguss\n|-damage|p2b: Amoonguss|51\/100\n|move|p2b: Amoonguss|Spore|p1b: Annihilape\n|-status|p1b: Annihilape|slp|[from] move: Spore\n|\n|upkeep\n|turn|2\n|\n|t:|1682537254\n|detailschange|p2a: Palafin|Palafin-Hero, L50, F\n|switch|p2a: Roaring Moon|Roaring Moon, L50|100\/100\n|-enditem|p2a: Roaring Moon|Booster Energy\n|-activate|p2a: Roaring Moon|ability: Protosynthesis|[fromitem]\n|-start|p2a: Roaring Moon|protosynthesisatk\n|switch|p2b: Mimi|Flutter Mane, L50|100\/100\n|cant|p1b: Annihilape|slp\n|move|p1a: Wo-Chien|Leech Seed|p2a: Roaring Moon\n|-start|p2a: Roaring Moon|move: Leech Seed\n|\n|-damage|p2a: Roaring Moon|88\/100|[from] Leech Seed|[of] p1a: Wo-Chien\n|upkeep\n|turn|3\n|inactive|TheAvatar77 has 30 seconds left.\n|\n|t:|1682537286\n|-terastallize|p2b: Mimi|Fairy\n|-terastallize|p1b: Annihilape|Dark\n|move|p1a: Wo-Chien|Protect|p1a: Wo-Chien\n|-singleturn|p1a: Wo-Chien|Protect\n|move|p2b: Mimi|Dazzling Gleam|p1b: Annihilape|[spread] p1b\n|-activate|p1a: Wo-Chien|move: Protect\n|-supereffective|p1b: Annihilape\n|-damage|p1b: Annihilape|32\/100 slp\n|move|p2a: Roaring Moon|Dragon Dance|p2a: Roaring Moon\n|-boost|p2a: Roaring Moon|atk|1\n|-boost|p2a: Roaring Moon|spe|1\n|-curestatus|p1b: Annihilape|slp|[msg]\n|move|p1b: Annihilape|Rage Fist|p2b: Mimi\n|-damage|p2b: Mimi|30\/100\n|\n|-damage|p2a: Roaring Moon|75\/100|[from] Leech Seed|[of] p1a: Wo-Chien\n|upkeep\n|turn|4\n|inactive|TheAvatar77 has 30 seconds left.\n|\n|t:|1682537318\n|switch|p1a: Amoonguss|Amoonguss, L50, M|100\/100\n|move|p2a: Roaring Moon|Acrobatics|p1a: Amoonguss\n|-supereffective|p1a: Amoonguss\n|-damage|p1a: Amoonguss|0 fnt\n|faint|p1a: Amoonguss\n|move|p2b: Mimi|Dazzling Gleam|p1b: Annihilape\n|-supereffective|p1b: Annihilape\n|-damage|p1b: Annihilape|0 fnt\n|faint|p1b: Annihilape\n|\n|upkeep\n|\n|t:|1682537323\n|switch|p1b: Wo-Chien|Wo-Chien, L50|100\/100\n|switch|p1a: Arcanine|Arcanine, L50, F|100\/100\n|-ability|p1a: Arcanine|Intimidate|boost\n|-unboost|p2a: Roaring Moon|atk|1\n|-unboost|p2b: Mimi|atk|1\n|-ability|p1b: Wo-Chien|Tablets of Ruin\n|turn|5\n|\n|t:|1682537341\n|-end|p2b: Mimi|Protosynthesis|[silent]\n|switch|p2b: Palafin|Palafin-Hero, L50, F|100\/100\n|-activate|p2b: Palafin|ability: Zero to Hero\n|move|p1b: Wo-Chien|Protect|p1b: Wo-Chien\n|-singleturn|p1b: Wo-Chien|Protect\n|move|p1a: Arcanine|Extreme Speed|p2b: Palafin\n|-damage|p2b: Palafin|77\/100\n|-damage|p1a: Arcanine|91\/100|[from] item: Life Orb\n|move|p2a: Roaring Moon|Acrobatics|p1a: Arcanine\n|-damage|p1a: Arcanine|35\/100\n|\n|-damage|p2a: Roaring Moon|63\/100|[from] Leech Seed|[of] p1a: Arcanine\n|-heal|p1a: Arcanine|49\/100|[silent]\n|upkeep\n|turn|6\n|\n|t:|1682537352\n|move|p2a: Roaring Moon|Acrobatics|p1b: Wo-Chien\n|-supereffective|p1b: Wo-Chien\n|-damage|p1b: Wo-Chien|21\/100\n|-enditem|p1b: Wo-Chien|Sitrus Berry|[eat]\n|-heal|p1b: Wo-Chien|46\/100|[from] item: Sitrus Berry\n|move|p1a: Arcanine|Close Combat|p2a: Roaring Moon\n|-supereffective|p2a: Roaring Moon\n|-damage|p2a: Roaring Moon|0 fnt\n|-unboost|p1a: Arcanine|def|1\n|-unboost|p1a: Arcanine|spd|1\n|faint|p2a: Roaring Moon\n|-end|p2a: Roaring Moon|Protosynthesis|[silent]\n|-damage|p1a: Arcanine|39\/100|[from] item: Life Orb\n|move|p2b: Palafin|Wave Crash|p1a: Arcanine\n|-supereffective|p1a: Arcanine\n|-damage|p1a: Arcanine|0 fnt\n|faint|p1a: Arcanine\n|-damage|p2b: Palafin|66\/100|[from] Recoil\n|move|p1b: Wo-Chien|Leech Seed|p2b: Palafin\n|-start|p2b: Palafin|move: Leech Seed\n|\n|-damage|p2b: Palafin|53\/100|[from] Leech Seed|[of] p1b: Wo-Chien\n|-heal|p1b: Wo-Chien|58\/100|[silent]\n|upkeep\n|\n|t:|1682537355\n|switch|p2a: Mimi|Flutter Mane, L50, tera:Fairy|30\/100\n|turn|7\n|\n|t:|1682537363\n|switch|p2b: Amoonguss|Amoonguss, L50, F|84\/100\n|move|p1b: Wo-Chien|Protect|p1b: Wo-Chien\n|-singleturn|p1b: Wo-Chien|Protect\n|move|p2a: Mimi|Moonblast|p1b: Wo-Chien\n|-activate|p1b: Wo-Chien|move: Protect\n|\n|upkeep\n|turn|8\n|\n|t:|1682537370\n|move|p2a: Mimi|Moonblast|p1b: Wo-Chien\n|-supereffective|p1b: Wo-Chien\n|-damage|p1b: Wo-Chien|0 fnt\n|faint|p1b: Wo-Chien\n|\n|win|mugiwaraLux\n|raw|TheAvatar77's rating: 1355 → 1333<\/strong> (-22 for losing)\n|raw|mugiwaraLux's rating: 1327 → 1349<\/strong> (+22 for winning)\n|l|\u2606TheAvatar77\n","uploadtime":1682537374,"views":11,"p1id":"theavatar77","p2id":"mugiwaralux","formatid":"gen9vgc2023regulationc","rating":1333,"private":0,"password":""}