{"id":"gen9vgc2023regulationc-1847493802","p1":"gabomedinaz","p2":"Raquar","format":"[Gen 9] VGC 2023 Regulation C","log":"|j|\u2606gabomedinaz\n|j|\u2606Raquar\n|t:|1681962253\n|gametype|doubles\n|player|p1|gabomedinaz|ethan|1291\n|player|p2|Raquar|101|1367\n|teamsize|p1|6\n|teamsize|p2|6\n|gen|9\n|tier|[Gen 9] VGC 2023 Regulation C\n|rated|\n|rule|Species Clause: Limit one of each Pok\u00e9mon\n|rule|Item Clause: Limit one of each item\n|clearpoke\n|poke|p1|Ting-Lu, L50|\n|poke|p1|Kingambit, L50, M|\n|poke|p1|Iron Bundle, L50|\n|poke|p1|Amoonguss, L50, M|\n|poke|p1|Arcanine, L50, M|\n|poke|p1|Flutter Mane, L50|\n|poke|p2|Farigiraf, L50, M|\n|poke|p2|Tyranitar, L50, F|\n|poke|p2|Amoonguss, L50, F|\n|poke|p2|Rotom-Wash, L50|\n|poke|p2|Iron Thorns, L50|\n|poke|p2|Ting-Lu, L50|\n|teampreview|4\n|inactive|Battle timer is ON: inactive players will automatically lose when time's up. (requested by Raquar)\n|inactive|gabomedinaz has 60 seconds left.\n|\n|t:|1681962313\n|start\n|switch|p1a: Ting-Lu|Ting-Lu, L50|100\/100\n|switch|p1b: Kingambit|Kingambit, L50, M|100\/100\n|switch|p2a: Amoonguss|Amoonguss, L50, F|100\/100\n|switch|p2b: Tyranitar|Tyranitar, L50, F|100\/100\n|-ability|p1a: Ting-Lu|Vessel of Ruin\n|-weather|Sandstorm|[from] ability: Sand Stream|[of] p2b: Tyranitar\n|turn|1\n|inactive|gabomedinaz has 30 seconds left.\n|\n|t:|1681962339\n|-terastallize|p2b: Tyranitar|Flying\n|move|p1b: Kingambit|Swords Dance|p1b: Kingambit\n|-boost|p1b: Kingambit|atk|2\n|move|p1a: Ting-Lu|Stomping Tantrum|p2a: Amoonguss\n|-damage|p2a: Amoonguss|76\/100\n|-damage|p1a: Ting-Lu|84\/100|[from] item: Rocky Helmet|[of] p2a: Amoonguss\n|move|p2b: Tyranitar|Low Kick|p1b: Kingambit\n|-supereffective|p1b: Kingambit\n|-damage|p1b: Kingambit|0 fnt\n|faint|p1b: Kingambit\n|move|p2a: Amoonguss|Spore|p1a: Ting-Lu\n|-status|p1a: Ting-Lu|slp|[from] move: Spore\n|\n|-weather|Sandstorm|[upkeep]\n|-damage|p2b: Tyranitar|95\/100|[from] Sandstorm\n|-damage|p2a: Amoonguss|70\/100|[from] Sandstorm\n|upkeep\n|\n|t:|1681962354\n|switch|p1b: Arcanine|Arcanine, L50, M|100\/100\n|-ability|p1b: Arcanine|Intimidate|boost\n|-unboost|p2a: Amoonguss|atk|1\n|-unboost|p2b: Tyranitar|atk|1\n|turn|2\n|inactive|gabomedinaz has 30 seconds left.\n|inactive|Raquar has 30 seconds left.\n|\n|t:|1681962390\n|switch|p2a: Rotom|Rotom-Wash, L50|100\/100\n|move|p1b: Arcanine|Flare Blitz|p2a: Rotom\n|-resisted|p2a: Rotom\n|-damage|p2a: Rotom|79\/100\n|-status|p2a: Rotom|brn\n|-damage|p1b: Arcanine|95\/100|[from] Recoil\n|cant|p1a: Ting-Lu|slp\n|move|p2b: Tyranitar|Rock Slide|p1b: Arcanine|[spread] p1a,p1b\n|-resisted|p1a: Ting-Lu\n|-supereffective|p1b: Arcanine\n|-damage|p1a: Ting-Lu|78\/100 slp\n|-damage|p1b: Arcanine|54\/100\n|\n|-weather|Sandstorm|[upkeep]\n|-damage|p2a: Rotom|74\/100 brn|[from] Sandstorm\n|-damage|p2b: Tyranitar|89\/100|[from] Sandstorm\n|-damage|p2a: Rotom|68\/100 brn|[from] brn\n|upkeep\n|turn|3\n|\n|t:|1681962414\n|switch|p2b: Farigiraf|Farigiraf, L50, M|100\/100\n|-terastallize|p1b: Arcanine|Grass\n|move|p1b: Arcanine|Will-O-Wisp|p2b: Farigiraf\n|-status|p2b: Farigiraf|brn\n|move|p2a: Rotom|Hydro Pump|p1b: Arcanine\n|-resisted|p1b: Arcanine\n|-damage|p1b: Arcanine|39\/100\n|cant|p1a: Ting-Lu|slp\n|\n|-weather|Sandstorm|[upkeep]\n|-damage|p2a: Rotom|62\/100 brn|[from] Sandstorm\n|-damage|p2a: Rotom|57\/100 brn|[from] brn\n|-damage|p2b: Farigiraf|94\/100 brn|[from] brn\n|upkeep\n|turn|4\n|\n|t:|1681962438\n|move|p1b: Arcanine|Protect|p1b: Arcanine\n|-singleturn|p1b: Arcanine|Protect\n|move|p2a: Rotom|Protect|p2a: Rotom\n|-singleturn|p2a: Rotom|Protect\n|-curestatus|p1a: Ting-Lu|slp|[msg]\n|move|p1a: Ting-Lu|Heavy Slam|p2b: Farigiraf\n|-damage|p2b: Farigiraf|67\/100 brn\n|move|p2b: Farigiraf|Psychic|p1b: Arcanine\n|-activate|p1b: Arcanine|move: Protect\n|\n|-weather|Sandstorm|[upkeep]\n|-damage|p2a: Rotom|51\/100 brn|[from] Sandstorm\n|-damage|p2a: Rotom|45\/100 brn|[from] brn\n|-damage|p2b: Farigiraf|61\/100 brn|[from] brn\n|upkeep\n|-enditem|p2a: Rotom|Sitrus Berry|[eat]\n|-heal|p2a: Rotom|70\/100 brn|[from] item: Sitrus Berry\n|turn|5\n|inactive|gabomedinaz has 30 seconds left.\n|inactive|gabomedinaz has 20 seconds left.\n|inactive|Raquar has 30 seconds left.\n|\n|t:|1681962477\n|switch|p2b: Tyranitar|Tyranitar, L50, F, tera:Flying|89\/100\n|move|p1b: Arcanine|Flare Blitz|p2b: Tyranitar\n|-damage|p2b: Tyranitar|50\/100\n|-damage|p1b: Arcanine|25\/100|[from] Recoil\n|move|p2a: Rotom|Will-O-Wisp|p1a: Ting-Lu\n|-status|p1a: Ting-Lu|brn\n|move|p1a: Ting-Lu|Heavy Slam|p2a: Rotom\n|-resisted|p2a: Rotom\n|-damage|p2a: Rotom|67\/100 brn\n|\n|-weather|none\n|-damage|p2a: Rotom|61\/100 brn|[from] brn\n|-damage|p1a: Ting-Lu|72\/100 brn|[from] brn\n|upkeep\n|turn|6\n|inactive|gabomedinaz has 30 seconds left.\n|inactive|Raquar has 30 seconds left.\n|inactive|gabomedinaz has 20 seconds left.\n|\n|t:|1681962515\n|switch|p1a: Amoonguss|Amoonguss, L50, M|100\/100\n|move|p1b: Arcanine|Will-O-Wisp|p2b: Tyranitar\n|-status|p2b: Tyranitar|brn\n|move|p2a: Rotom|Will-O-Wisp|p1b: Arcanine\n|-status|p1b: Arcanine|brn\n|move|p2b: Tyranitar|Low Kick|p1a: Amoonguss\n|-resisted|p1a: Amoonguss\n|-damage|p1a: Amoonguss|97\/100\n|\n|-damage|p1b: Arcanine|19\/100 brn|[from] brn\n|-damage|p2a: Rotom|55\/100 brn|[from] brn\n|-damage|p2b: Tyranitar|44\/100 brn|[from] brn\n|upkeep\n|turn|7\n|\n|t:|1681962534\n|move|p1b: Arcanine|Extreme Speed|p2b: Tyranitar\n|-damage|p2b: Tyranitar|36\/100 brn\n|move|p2a: Rotom|Will-O-Wisp|p1a: Amoonguss\n|-status|p1a: Amoonguss|brn\n|move|p2b: Tyranitar|Tera Blast|p1a: Amoonguss\n|-supereffective|p1a: Amoonguss\n|-damage|p1a: Amoonguss|59\/100 brn\n|move|p1a: Amoonguss|Pollen Puff|p1b: Arcanine\n|-heal|p1b: Arcanine|69\/100 brn\n|\n|-damage|p1b: Arcanine|63\/100 brn|[from] brn\n|-damage|p2a: Rotom|50\/100 brn|[from] brn\n|-damage|p2b: Tyranitar|30\/100 brn|[from] brn\n|-damage|p1a: Amoonguss|53\/100 brn|[from] brn\n|upkeep\n|turn|8\n|\n|t:|1681962556\n|switch|p2a: Farigiraf|Farigiraf, L50, M|61\/100 brn\n|move|p1a: Amoonguss|Protect|p1a: Amoonguss\n|-singleturn|p1a: Amoonguss|Protect\n|move|p1b: Arcanine|Flare Blitz|p2b: Tyranitar\n|-damage|p2b: Tyranitar|11\/100 brn\n|-damage|p1b: Arcanine|56\/100 brn|[from] Recoil\n|move|p2b: Tyranitar|Tera Blast|p1b: Arcanine\n|-supereffective|p1b: Arcanine\n|-damage|p1b: Arcanine|12\/100 brn\n|\n|-damage|p1b: Arcanine|6\/100 brn|[from] brn\n|-damage|p2b: Tyranitar|5\/100 brn|[from] brn\n|-damage|p2a: Farigiraf|55\/100 brn|[from] brn\n|-damage|p1a: Amoonguss|48\/100 brn|[from] brn\n|upkeep\n|-enditem|p1a: Amoonguss|Sitrus Berry|[eat]\n|-heal|p1a: Amoonguss|72\/100 brn|[from] item: Sitrus Berry\n|turn|9\n|\n|t:|1681962577\n|switch|p1a: Ting-Lu|Ting-Lu, L50|72\/100 brn\n|-ability|p1a: Ting-Lu|Vessel of Ruin\n|move|p1b: Arcanine|Flare Blitz|p2a: Farigiraf\n|-damage|p2a: Farigiraf|29\/100 brn\n|-damage|p1b: Arcanine|0 fnt|[from] Recoil\n|faint|p1b: Arcanine\n|move|p2b: Tyranitar|Tera Blast|p1a: Ting-Lu\n|-damage|p1a: Ting-Lu|59\/100 brn\n|move|p2a: Farigiraf|Psychic|p1a: Ting-Lu\n|-immune|p1a: Ting-Lu\n|\n|-damage|p1a: Ting-Lu|52\/100 brn|[from] brn\n|-damage|p2b: Tyranitar|0 fnt|[from] brn\n|faint|p2b: Tyranitar\n|-damage|p2a: Farigiraf|23\/100 brn|[from] brn\n|upkeep\n|\n|t:|1681962592\n|switch|p1b: Amoonguss|Amoonguss, L50, M|100\/100 brn\n|switch|p2b: Amoonguss|Amoonguss, L50, F|100\/100\n|turn|10\n|\n|t:|1681962611\n|switch|p2a: Rotom|Rotom-Wash, L50|50\/100 brn\n|move|p1a: Ting-Lu|Fissure|p2b: Amoonguss\n|-damage|p2b: Amoonguss|0 fnt\n|faint|p2b: Amoonguss\n|-ohko\n|move|p1b: Amoonguss|Pollen Puff|p2a: Rotom\n|-damage|p2a: Rotom|36\/100 brn\n|\n|-damage|p2a: Rotom|30\/100 brn|[from] brn\n|-damage|p1a: Ting-Lu|46\/100 brn|[from] brn\n|-damage|p1b: Amoonguss|95\/100 brn|[from] brn\n|upkeep\n|\n|t:|1681962622\n|switch|p2b: Farigiraf|Farigiraf, L50, M|23\/100 brn\n|turn|11\n|\n|t:|1681962636\n|move|p1b: Amoonguss|Protect|p1b: Amoonguss\n|-singleturn|p1b: Amoonguss|Protect\n|move|p2a: Rotom|Hydro Pump|p1a: Ting-Lu|[miss]\n|-miss|p2a: Rotom|p1a: Ting-Lu\n|move|p1a: Ting-Lu|Stomping Tantrum|p2b: Farigiraf\n|-damage|p2b: Farigiraf|6\/100 brn\n|move|p2b: Farigiraf|Psychic|p1b: Amoonguss\n|-activate|p1b: Amoonguss|move: Protect\n|\n|-damage|p2a: Rotom|25\/100 brn|[from] brn\n|-damage|p1a: Ting-Lu|40\/100 brn|[from] brn\n|-damage|p2b: Farigiraf|0 fnt|[from] brn\n|faint|p2b: Farigiraf\n|-damage|p1b: Amoonguss|89\/100 brn|[from] brn\n|upkeep\n|turn|12\n|-message|Raquar forfeited.\n|\n|win|gabomedinaz\n|raw|gabomedinaz's rating: 1291 → 1321<\/strong> (+30 for winning)\n|raw|Raquar's rating: 1367 → 1343<\/strong> (-24 for losing)\n|l|\u2606Raquar\n","uploadtime":1681962653,"views":9,"p1id":"gabomedinaz","p2id":"raquar","formatid":"gen9vgc2023regulationc","rating":1321,"private":0,"password":""}