{"id":"gen9vgc2023regulationc-1852970397","p1":"icedragonkid105","p2":"TrueSunSeal","format":"[Gen 9] VGC 2023 Regulation C","log":"|j|\u2606icedragonkid105\n|j|\u2606TrueSunSeal\n|t:|1682621665\n|gametype|doubles\n|player|p1|icedragonkid105|1|1235\n|player|p2|TrueSunSeal|red-gen2|1150\n|teamsize|p1|6\n|teamsize|p2|6\n|gen|9\n|tier|[Gen 9] VGC 2023 Regulation C\n|rated|\n|rule|Species Clause: Limit one of each Pok\u00e9mon\n|rule|Item Clause: Limit one of each item\n|clearpoke\n|poke|p1|Baxcalibur, L50, M|\n|poke|p1|Flutter Mane, L50|\n|poke|p1|Chi-Yu, L50|\n|poke|p1|Iron Hands, L50|\n|poke|p1|Iron Bundle, L50|\n|poke|p1|Arcanine, L50, M|\n|poke|p2|Tyranitar, L50, M|\n|poke|p2|Gyarados, L50, M|\n|poke|p2|Garchomp, L50, M|\n|poke|p2|Talonflame, L50, F|\n|poke|p2|Gholdengo, L50|\n|poke|p2|Iron Bundle, L50|\n|teampreview|4\n|\n|t:|1682621695\n|start\n|switch|p1a: Glacius|Baxcalibur, L50, M|100\/100\n|switch|p1b: K-9|Arcanine, L50, M|100\/100\n|switch|p2a: Talonflame|Talonflame, L50, F|100\/100\n|switch|p2b: Gholdengo|Gholdengo, L50|100\/100\n|-ability|p1b: K-9|Intimidate|boost\n|-unboost|p2a: Talonflame|atk|1\n|-unboost|p2b: Gholdengo|atk|1\n|turn|1\n|\n|t:|1682621716\n|-terastallize|p2b: Gholdengo|Water\n|-terastallize|p1a: Glacius|Poison\n|move|p2a: Talonflame|Tailwind|p2a: Talonflame\n|-sidestart|p2: TrueSunSeal|move: Tailwind\n|move|p1a: Glacius|Ice Shard|p2a: Talonflame\n|-crit|p2a: Talonflame\n|-damage|p2a: Talonflame|50\/100\n|move|p2b: Gholdengo|Nasty Plot|p2b: Gholdengo\n|-boost|p2b: Gholdengo|spa|2\n|move|p1b: K-9|Flare Blitz|p2b: Gholdengo\n|-resisted|p2b: Gholdengo\n|-crit|p2b: Gholdengo\n|-damage|p2b: Gholdengo|61\/100\n|-damage|p1b: K-9|86\/100|[from] Recoil\n|\n|-heal|p2b: Gholdengo|67\/100|[from] item: Leftovers\n|upkeep\n|turn|2\n|\n|t:|1682621755\n|switch|p1b: Dom|Iron Hands, L50|100\/100\n|move|p2a: Talonflame|Brave Bird|p1a: Glacius\n|-damage|p1a: Glacius|74\/100\n|-damage|p2a: Talonflame|40\/100|[from] Recoil\n|move|p2b: Gholdengo|Shadow Ball|p1a: Glacius\n|-damage|p1a: Glacius|1\/100\n|move|p1a: Glacius|Glaive Rush|p2b: Gholdengo\n|-damage|p2b: Gholdengo|2\/100\n|-singlemove|p1a: Glacius|Glaive Rush|[silent]\n|\n|-heal|p2b: Gholdengo|8\/100|[from] item: Leftovers\n|upkeep\n|turn|3\n|\n|t:|1682621791\n|move|p2a: Talonflame|Quick Guard|p2a: Talonflame\n|-singleturn|p2a: Talonflame|Quick Guard\n|move|p1b: Dom|Fake Out|p2b: Gholdengo\n|-activate|p2b: Gholdengo|move: Quick Guard\n|move|p1a: Glacius|Ice Shard|p2a: Talonflame\n|-activate|p2a: Talonflame|move: Quick Guard\n|move|p2b: Gholdengo|Make It Rain|p1a: Glacius|[spread] p1a,p1b\n|-resisted|p1b: Dom\n|-crit|p1b: Dom\n|-damage|p1a: Glacius|0 fnt\n|-damage|p1b: Dom|59\/100\n|-unboost|p2b: Gholdengo|spa|1\n|faint|p1a: Glacius\n|\n|-heal|p2b: Gholdengo|14\/100|[from] item: Leftovers\n|upkeep\n|\n|t:|1682621810\n|switch|p1a: Glitch|Iron Bundle, L50, shiny|100\/100\n|turn|4\n|inactive|Battle timer is ON: inactive players will automatically lose when time's up. (requested by icedragonkid105)\n|\n|t:|1682621851\n|move|p1a: Glitch|Protect|p1a: Glitch\n|-singleturn|p1a: Glitch|Protect\n|move|p2a: Talonflame|Brave Bird|p1b: Dom\n|-damage|p1b: Dom|38\/100\n|-damage|p2a: Talonflame|30\/100|[from] Recoil\n|move|p2b: Gholdengo|Shadow Ball|p1b: Dom\n|-damage|p1b: Dom|0 fnt\n|faint|p1b: Dom\n|-end|p1b: Dom|Quark Drive|[silent]\n|\n|-heal|p2b: Gholdengo|20\/100|[from] item: Leftovers\n|-sideend|p2: TrueSunSeal|move: Tailwind\n|upkeep\n|\n|t:|1682621866\n|switch|p1b: K-9|Arcanine, L50, M|86\/100\n|-ability|p1b: K-9|Intimidate|boost\n|-unboost|p2a: Talonflame|atk|1\n|-unboost|p2b: Gholdengo|atk|1\n|turn|5\n|\n|t:|1682621885\n|move|p1a: Glitch|Freeze-Dry|p2b: Gholdengo\n|-supereffective|p2b: Gholdengo\n|-damage|p2b: Gholdengo|0 fnt\n|faint|p2b: Gholdengo\n|move|p2a: Talonflame|Tailwind|p2a: Talonflame\n|-sidestart|p2: TrueSunSeal|move: Tailwind\n|move|p1b: K-9|Flare Blitz|p2a: Talonflame\n|-resisted|p2a: Talonflame\n|-damage|p2a: Talonflame|0 fnt\n|faint|p2a: Talonflame\n|-damage|p1b: K-9|76\/100|[from] Recoil\n|\n|upkeep\n|\n|t:|1682621893\n|switch|p2a: Tyranitar|Tyranitar, L50, M|100\/100\n|switch|p2b: Garchomp|Garchomp, L50, M|100\/100\n|-weather|Sandstorm|[from] ability: Sand Stream|[of] p2a: Tyranitar\n|turn|6\n|inactive|TrueSunSeal has 30 seconds left.\n|\n|t:|1682621922\n|move|p2b: Garchomp|Dragon Claw|p1b: K-9\n|-damage|p1b: K-9|15\/100\n|-damage|p2b: Garchomp|91\/100|[from] item: Life Orb\n|move|p2a: Tyranitar|Rock Slide|p1a: Glitch|[spread] p1a,p1b\n|-supereffective|p1a: Glitch\n|-supereffective|p1b: K-9\n|-damage|p1a: Glitch|26\/100\n|-damage|p1b: K-9|0 fnt\n|faint|p1b: K-9\n|move|p1a: Glitch|Freeze-Dry|p2b: Garchomp\n|-supereffective|p2b: Garchomp\n|-damage|p2b: Garchomp|0 fnt\n|faint|p2b: Garchomp\n|\n|-weather|Sandstorm|[upkeep]\n|-damage|p1a: Glitch|20\/100|[from] Sandstorm\n|upkeep\n|turn|7\n|\n|t:|1682621940\n|move|p2a: Tyranitar|Crunch|p1a: Glitch\n|-damage|p1a: Glitch|0 fnt\n|faint|p1a: Glitch\n|-end|p1a: Glitch|Quark Drive|[silent]\n|\n|win|TrueSunSeal\n|raw|icedragonkid105's rating: 1235 → 1204<\/strong> (-31 for losing)\n|raw|TrueSunSeal's rating: 1150 → 1181<\/strong> (+31 for winning)\n|l|\u2606icedragonkid105\n","uploadtime":1682621956,"views":11,"p1id":"icedragonkid105","p2id":"truesunseal","formatid":"gen9vgc2023regulationc","rating":1181,"private":0,"password":""}