{"id":"gen9vgc2023regulationc-1848488563","p1":"Audiomedix","p2":"MarioOnPS4","format":"[Gen 9] VGC 2023 Regulation C","log":"|j|\u2606Audiomedix\n|j|\u2606MarioOnPS4\n|t:|1682083728\n|gametype|doubles\n|player|p1|Audiomedix|265|1321\n|player|p2|MarioOnPS4|102|1312\n|teamsize|p1|6\n|teamsize|p2|6\n|gen|9\n|tier|[Gen 9] VGC 2023 Regulation C\n|rated|\n|rule|Species Clause: Limit one of each Pok\u00e9mon\n|rule|Item Clause: Limit one of each item\n|clearpoke\n|poke|p1|Iron Hands, L50|\n|poke|p1|Amoonguss, L50, M|\n|poke|p1|Gyarados, L50, M|\n|poke|p1|Flutter Mane, L50|\n|poke|p1|Chi-Yu, L50|\n|poke|p1|Roaring Moon, L50|\n|poke|p2|Ting-Lu, L50|\n|poke|p2|Orthworm, L50, M|\n|poke|p2|Palafin, L50, M|\n|poke|p2|Iron Hands, L50|\n|poke|p2|Arcanine, L50, M|\n|poke|p2|Gothitelle, L50, F|\n|teampreview|4\n|inactive|Battle timer is ON: inactive players will automatically lose when time's up. (requested by MarioOnPS4)\n|inactive|Audiomedix has 60 seconds left.\n|inactive|MarioOnPS4 has 60 seconds left.\n|\n|t:|1682083781\n|start\n|switch|p1a: Flutter Mane|Flutter Mane, L50|100\/100\n|switch|p1b: Chi-Yu|Chi-Yu, L50|100\/100\n|switch|p2a: Orthworm|Orthworm, L50, M|100\/100\n|switch|p2b: Gothitelle|Gothitelle, L50, F|100\/100\n|-ability|p1b: Chi-Yu|Beads of Ruin\n|turn|1\n|inactive|Audiomedix has 30 seconds left.\n|\n|t:|1682083815\n|move|p2b: Gothitelle|Fake Out|p1b: Chi-Yu\n|-damage|p1b: Chi-Yu|94\/100\n|move|p1a: Flutter Mane|Shadow Ball|p2b: Gothitelle\n|-supereffective|p2b: Gothitelle\n|-damage|p2b: Gothitelle|0 fnt\n|faint|p2b: Gothitelle\n|cant|p1b: Chi-Yu|flinch\n|move|p2a: Orthworm|Heavy Slam|p1a: Flutter Mane\n|-supereffective|p1a: Flutter Mane\n|-damage|p1a: Flutter Mane|0 fnt\n|faint|p1a: Flutter Mane\n|-end|p1a: Flutter Mane|Protosynthesis|[silent]\n|\n|upkeep\n|\n|t:|1682083834\n|switch|p1a: Gyarados|Gyarados, L50, M|100\/100\n|switch|p2b: Iron Hands|Iron Hands, L50|100\/100\n|-ability|p1a: Gyarados|Intimidate|boost\n|-unboost|p2a: Orthworm|atk|1\n|-unboost|p2b: Iron Hands|atk|1\n|turn|2\n|inactive|Audiomedix has 30 seconds left.\n|inactive|MarioOnPS4 has 30 seconds left.\n|inactive|Audiomedix has 20 seconds left.\n|inactive|MarioOnPS4 has 20 seconds left.\n|inactive|Audiomedix has 15 seconds left.\n|inactive|Audiomedix has 10 seconds left.\n|\n|t:|1682083881\n|switch|p1a: Amoonguss|Amoonguss, L50, M|100\/100\n|switch|p2a: Arcanine|Arcanine, L50, M|100\/100\n|-ability|p2a: Arcanine|Intimidate|boost\n|-unboost|p1a: Amoonguss|atk|1\n|-unboost|p1b: Chi-Yu|atk|1\n|-terastallize|p1b: Chi-Yu|Water\n|move|p1b: Chi-Yu|Nasty Plot|p1b: Chi-Yu\n|-boost|p1b: Chi-Yu|spa|2\n|move|p2b: Iron Hands|Drain Punch|p1b: Chi-Yu\n|-damage|p1b: Chi-Yu|64\/100\n|\n|upkeep\n|turn|3\n|inactive|Audiomedix has 30 seconds left.\n|inactive|MarioOnPS4 has 30 seconds left.\n|\n|t:|1682083916\n|move|p2b: Iron Hands|Protect|p2b: Iron Hands\n|-singleturn|p2b: Iron Hands|Protect\n|move|p1a: Amoonguss|Rage Powder|p1a: Amoonguss\n|-singleturn|p1a: Amoonguss|move: Rage Powder\n|move|p1b: Chi-Yu|Dark Pulse|p2a: Arcanine\n|-damage|p2a: Arcanine|0 fnt\n|faint|p2a: Arcanine\n|\n|upkeep\n|\n|t:|1682083930\n|switch|p2a: Orthworm|Orthworm, L50, M|100\/100\n|turn|4\n|inactive|MarioOnPS4 has 30 seconds left.\n|\n|t:|1682083957\n|-terastallize|p2b: Iron Hands|Fire\n|move|p2a: Orthworm|Protect|p2a: Orthworm\n|-singleturn|p2a: Orthworm|Protect\n|move|p1b: Chi-Yu|Flamethrower|p2a: Orthworm\n|-activate|p2a: Orthworm|move: Protect\n|move|p2b: Iron Hands|Swords Dance|p2b: Iron Hands\n|-boost|p2b: Iron Hands|atk|2\n|move|p1a: Amoonguss|Spore|p2b: Iron Hands\n|-status|p2b: Iron Hands|slp|[from] move: Spore\n|\n|upkeep\n|turn|5\n|inactive|MarioOnPS4 has 30 seconds left.\n|\n|t:|1682083984\n|move|p2a: Orthworm|Protect||[still]\n|-fail|p2a: Orthworm\n|move|p1b: Chi-Yu|Flamethrower|p2a: Orthworm\n|-supereffective|p2a: Orthworm\n|-damage|p2a: Orthworm|0 fnt\n|faint|p2a: Orthworm\n|cant|p2b: Iron Hands|slp\n|move|p1a: Amoonguss|Clear Smog|p2b: Iron Hands\n|-damage|p2b: Iron Hands|87\/100 slp\n|-clearboost|p2b: Iron Hands\n|\n|-heal|p2b: Iron Hands|93\/100 slp|[from] item: Leftovers\n|upkeep\n|turn|6\n|-message|MarioOnPS4 forfeited.\n|\n|win|Audiomedix\n|raw|Audiomedix's rating: 1321 → 1340<\/strong> (+19 for winning)\n|raw|MarioOnPS4's rating: 1312 → 1293<\/strong> (-19 for losing)\n|l|\u2606MarioOnPS4\n|l|\u2606Audiomedix\n|j|\u2606MarioOnPS4\n|player|p2|MarioOnPS4|102\n","uploadtime":1682084137,"views":5,"p1id":"audiomedix","p2id":"marioonps4","formatid":"gen9vgc2023regulationc","rating":1293,"private":0,"password":""}