{"id":"gen9vgc2023regulationc-1863849928","p1":"Determewnation","p2":"MrMaro","format":"[Gen 9] VGC 2023 Regulation C","log":"|j|\u2606Determewnation\n|j|\u2606MrMaro\n|t:|1684085229\n|gametype|doubles\n|player|p1|Determewnation|akari-isekai|1451\n|player|p2|MrMaro|1|1386\n|teamsize|p1|6\n|teamsize|p2|6\n|gen|9\n|tier|[Gen 9] VGC 2023 Regulation C\n|rated|\n|rule|Species Clause: Limit one of each Pok\u00e9mon\n|rule|Item Clause: Limit one of each item\n|clearpoke\n|poke|p1|Goodra, L50, F|\n|poke|p1|Murkrow, L50, F|\n|poke|p1|Meowscarada, L50, F|\n|poke|p1|Gholdengo, L50|\n|poke|p1|Indeedee-F, L50, F|\n|poke|p1|Iron Treads, L50|\n|poke|p2|Dondozo, L50, M|\n|poke|p2|Flutter Mane, L50|\n|poke|p2|Torkoal, L50, F|\n|poke|p2|Jumpluff, L50, F|\n|poke|p2|Tatsugiri-Stretchy, L50, M|\n|poke|p2|Sandy Shocks, L50|\n|teampreview|4\n|inactive|Battle timer is ON: inactive players will automatically lose when time's up. (requested by MrMaro)\nMrMaro rejected open team sheets.\n|\n|t:|1684085269\n|start\n|switch|p1a: Murkrow|Murkrow, L50, F|100\/100\n|switch|p1b: Goodra|Goodra, L50, F, shiny|100\/100\n|switch|p2a: Dondozo|Dondozo, L50, M|100\/100\n|switch|p2b: Sandy Shocks|Sandy Shocks, L50|100\/100\n|turn|1\n|inactive|MrMaro has 30 seconds left.\n|inactive|MrMaro has 20 seconds left.\n|inactive|MrMaro has 15 seconds left.\n|\n|t:|1684085312\n|switch|p1a: Indeedee|Indeedee-F, L50, F|100\/100\n|-fieldstart|move: Psychic Terrain|[from] ability: Psychic Surge|[of] p1a: Indeedee\n|-enditem|p1a: Indeedee|Psychic Seed\n|-boost|p1a: Indeedee|spd|1|[from] item: Psychic Seed\n|move|p2b: Sandy Shocks|Volt Switch|p1a: Indeedee\n|-damage|p1a: Indeedee|77\/100\n|\n|t:|1684085325\n|-end|p2b: Sandy Shocks|Protosynthesis|[silent]\n|switch|p2b: Torkoal|Torkoal, L50, F|100\/100|[from] Volt Switch\n|-weather|SunnyDay|[from] ability: Drought|[of] p2b: Torkoal\n|move|p1b: Goodra|Thunderbolt|p2a: Dondozo\n|-supereffective|p2a: Dondozo\n|-damage|p2a: Dondozo|52\/100\n|move|p2a: Dondozo|Order Up|p1b: Goodra\n|-supereffective|p1b: Goodra\n|-damage|p1b: Goodra|56\/100\n|\n|-weather|SunnyDay|[upkeep]\n|upkeep\n|turn|2\n|\n|t:|1684085345\n|switch|p2a: Sandy Shocks|Sandy Shocks, L50|100\/100\n|-activate|p2a: Sandy Shocks|ability: Protosynthesis\n|-start|p2a: Sandy Shocks|protosynthesisspa\n|move|p1a: Indeedee|Helping Hand|p1b: Goodra\n|-singleturn|p1b: Goodra|Helping Hand|[of] p1a: Indeedee\n|move|p1b: Goodra|Draco Meteor|p2b: Torkoal\n|-crit|p2b: Torkoal\n|-damage|p2b: Torkoal|0 fnt\n|-unboost|p1b: Goodra|spa|2\n|faint|p2b: Torkoal\n|\n|-weather|SunnyDay|[upkeep]\n|upkeep\n|\n|t:|1684085360\n|switch|p2b: Tatsugiri|Tatsugiri-Stretchy, L50, M|100\/100\n|turn|3\n|\n|t:|1684085382\n|move|p2b: Tatsugiri|Protect|p2b: Tatsugiri\n|-singleturn|p2b: Tatsugiri|Protect\n|move|p1a: Indeedee|Protect|p1a: Indeedee\n|-singleturn|p1a: Indeedee|Protect\n|move|p2a: Sandy Shocks|Thunderbolt|p1a: Indeedee\n|-activate|p1a: Indeedee|move: Protect\n|move|p1b: Goodra|Flamethrower|p2a: Sandy Shocks\n|-damage|p2a: Sandy Shocks|74\/100\n|\n|-weather|SunnyDay|[upkeep]\n|upkeep\n|turn|4\n|\n|t:|1684085405\n|switch|p1a: Iron Treads|Iron Treads, L50|100\/100\n|move|p2a: Sandy Shocks|Thunderbolt|p1a: Iron Treads\n|-immune|p1a: Iron Treads\n|move|p2b: Tatsugiri|Icy Wind|p1b: Goodra|[spread] p1a,p1b\n|-supereffective|p1b: Goodra\n|-crit|p1b: Goodra\n|-damage|p1a: Iron Treads|82\/100\n|-damage|p1b: Goodra|35\/100\n|-unboost|p1a: Iron Treads|spe|1\n|-unboost|p1b: Goodra|spe|1\n|move|p1b: Goodra|Draco Meteor|p2b: Tatsugiri\n|-supereffective|p2b: Tatsugiri\n|-damage|p2b: Tatsugiri|21\/100\n|-unboost|p1b: Goodra|spa|2\n|\n|-weather|SunnyDay|[upkeep]\n|upkeep\n|turn|5\n|inactive|Determewnation has 30 seconds left.\n|inactive|MrMaro has 30 seconds left.\n|\n|t:|1684085440\n|-end|p2a: Sandy Shocks|Protosynthesis|[silent]\n|switch|p2a: Dondozo|Dondozo, L50, M|52\/100\n|-activate|p2b: Tatsugiri|ability: Commander|[of] p2a: Dondozo\n|-boost|p2a: Dondozo|atk|2\n|-boost|p2a: Dondozo|spa|2\n|-boost|p2a: Dondozo|spe|2\n|-boost|p2a: Dondozo|def|2\n|-boost|p2a: Dondozo|spd|2\n|move|p1a: Iron Treads|Protect|p1a: Iron Treads\n|-singleturn|p1a: Iron Treads|Protect\n|move|p1b: Goodra|Flamethrower|p2a: Dondozo\n|-resisted|p2a: Dondozo\n|-damage|p2a: Dondozo|43\/100\n|\n|-weather|none\n|-fieldend|move: Psychic Terrain\n|upkeep\n|turn|6\n|inactive|Determewnation has 30 seconds left.\n|\n|t:|1684085467\n|-end|p1a: Iron Treads|Quark Drive|[silent]\n|switch|p1a: Indeedee|Indeedee-F, L50, F|77\/100\n|-fieldstart|move: Psychic Terrain|[from] ability: Psychic Surge|[of] p1a: Indeedee\n|move|p2a: Dondozo|Order Up|p1b: Goodra\n|-supereffective|p1b: Goodra\n|-damage|p1b: Goodra|0 fnt\n|faint|p1b: Goodra\n|-boost|p2a: Dondozo|spe|1\n|\n|upkeep\n|\n|t:|1684085471\n|switch|p1b: Murkrow|Murkrow, L50, F|100\/100\n|turn|7\n|\n|t:|1684085493\n|move|p1b: Murkrow|Haze|p1b: Murkrow\n|-clearallboost\n|move|p1a: Indeedee|Psychic|p2a: Dondozo\n|-damage|p2a: Dondozo|9\/100\n|move|p2a: Dondozo|Wave Crash|p1b: Murkrow\n|-damage|p1b: Murkrow|53\/100\n|-damage|p2a: Dondozo|0 fnt|[from] Recoil\n|faint|p2a: Dondozo\n|\n|upkeep\n|\n|t:|1684085505\n|switch|p2a: Sandy Shocks|Sandy Shocks, L50|74\/100\n|turn|8\n|\n|t:|1684085529\n|move|p1b: Murkrow|Tailwind|p1b: Murkrow\n|-sidestart|p1: Determewnation|move: Tailwind\n|move|p2a: Sandy Shocks|Thunderbolt|p1a: Indeedee\n|-damage|p1a: Indeedee|36\/100\n|move|p1a: Indeedee|Psychic|p2a: Sandy Shocks\n|-damage|p2a: Sandy Shocks|26\/100\n|-unboost|p2a: Sandy Shocks|spd|1\n|move|p2b: Tatsugiri|Draco Meteor|p1a: Indeedee\n|-damage|p1a: Indeedee|0 fnt\n|-unboost|p2b: Tatsugiri|spa|2\n|faint|p1a: Indeedee\n|\n|upkeep\n|\n|t:|1684085534\n|switch|p1a: Iron Treads|Iron Treads, L50|82\/100\n|turn|9\n|inactive|MrMaro has 30 seconds left.\n|\n|t:|1684085563\n|-terastallize|p2a: Sandy Shocks|Grass\n|move|p1a: Iron Treads|Earthquake|p2b: Tatsugiri|[spread] p2a,p2b\n|-immune|p1b: Murkrow\n|-resisted|p2a: Sandy Shocks\n|-damage|p2a: Sandy Shocks|5\/100\n|-damage|p2b: Tatsugiri|0 fnt\n|faint|p2b: Tatsugiri\n|move|p2a: Sandy Shocks|Thunderbolt|p1b: Murkrow\n|-supereffective|p1b: Murkrow\n|-damage|p1b: Murkrow|0 fnt\n|faint|p1b: Murkrow\n|\n|upkeep\n|turn|10\n|\n|t:|1684085576\n|move|p1a: Iron Treads|Earthquake|p2a: Sandy Shocks\n|-resisted|p2a: Sandy Shocks\n|-damage|p2a: Sandy Shocks|0 fnt\n|faint|p2a: Sandy Shocks\n|-end|p2a: Sandy Shocks|Protosynthesis|[silent]\n|\n|win|Determewnation\n|raw|Determewnation's rating: 1451 → 1467<\/strong> (+16 for winning)\n|raw|MrMaro's rating: 1386 → 1370<\/strong> (-16 for losing)\n|l|\u2606MrMaro\n|l|\u2606Determewnation\n|j|\u2606Determewnation\n|player|p1|Determewnation|akari-isekai\n","uploadtime":1684085618,"views":9,"p1id":"determewnation","p2id":"mrmaro","formatid":"gen9vgc2023regulationc","rating":1370,"private":0,"password":""}