{"id":"gen9vgc2023regulationc-1861138873","p1":"MarcyNoDay","p2":"po8gen","format":"[Gen 9] VGC 2023 Regulation C","log":"|j|\u2606MarcyNoDay\n|j|\u2606po8gen\n|t:|1683729982\n|gametype|doubles\n|player|p1|MarcyNoDay|rocketgruntf|1229\n|player|p2|po8gen|1|1332\n|teamsize|p1|6\n|teamsize|p2|6\n|gen|9\n|tier|[Gen 9] VGC 2023 Regulation C\n|rated|\n|rule|Species Clause: Limit one of each Pok\u00e9mon\n|rule|Item Clause: Limit one of each item\n|clearpoke\n|poke|p1|Chien-Pao, L50|\n|poke|p1|Great Tusk, L50|\n|poke|p1|Flutter Mane, L50|\n|poke|p1|Arcanine, L50, F|\n|poke|p1|Iron Bundle, L50|\n|poke|p1|Amoonguss, L50, M|\n|poke|p2|Torkoal, L50, F|\n|poke|p2|Flutter Mane, L50|\n|poke|p2|Great Tusk, L50|\n|poke|p2|Jumpluff, L50, F|\n|poke|p2|Garganacl, L50, M|\n|poke|p2|Iron Bundle, L50|\n|teampreview|4\n|inactive|Battle timer is ON: inactive players will automatically lose when time's up. (requested by MarcyNoDay)\n|inactive|MarcyNoDay has 60 seconds left.\n|\n|t:|1683730029\n|start\n|switch|p1a: Arcanine|Arcanine, L50, F|100\/100\n|switch|p1b: Iron Bundle|Iron Bundle, L50|100\/100\n|switch|p2a: Flutter Mane|Flutter Mane, L50|100\/100\n|switch|p2b: Iron Bundle|Iron Bundle, L50|100\/100\n|-ability|p1a: Arcanine|Intimidate|boost\n|-unboost|p2a: Flutter Mane|atk|1\n|-unboost|p2b: Iron Bundle|atk|1\n|-enditem|p1b: Iron Bundle|Booster Energy\n|-activate|p1b: Iron Bundle|ability: Quark Drive|[fromitem]\n|-start|p1b: Iron Bundle|quarkdrivespe\n|turn|1\n|\n|t:|1683730050\n|-end|p2b: Iron Bundle|Quark Drive|[silent]\n|switch|p2b: Torkoal|Torkoal, L50, F|100\/100\n|-weather|SunnyDay|[from] ability: Drought|[of] p2b: Torkoal\n|-activate|p2a: Flutter Mane|ability: Protosynthesis\n|-start|p2a: Flutter Mane|protosynthesisspa\n|-terastallize|p2a: Flutter Mane|Water\n|move|p1b: Iron Bundle|Icy Wind|p2a: Flutter Mane|[spread] p2b\n|-miss|p1b: Iron Bundle|p2a: Flutter Mane\n|-resisted|p2b: Torkoal\n|-damage|p2b: Torkoal|88\/100\n|-unboost|p2b: Torkoal|spe|1\n|-enditem|p2b: Torkoal|Eject Pack\n|\n|t:|1683730062\n|switch|p2b: Iron Bundle|Iron Bundle, L50|100\/100\n|move|p2a: Flutter Mane|Power Gem|p1a: Arcanine\n|-supereffective|p1a: Arcanine\n|-damage|p1a: Arcanine|0 fnt\n|faint|p1a: Arcanine\n|\n|-weather|SunnyDay|[upkeep]\n|upkeep\n|\n|t:|1683730072\n|switch|p1a: Flutter Mane|Flutter Mane, L50|100\/100\n|-activate|p1a: Flutter Mane|ability: Protosynthesis\n|-start|p1a: Flutter Mane|protosynthesisspe\n|turn|2\n|\n|t:|1683730082\n|-end|p2a: Flutter Mane|Protosynthesis|[silent]\n|switch|p2a: Garganacl|Garganacl, L50, M|100\/100\n|move|p2b: Iron Bundle|Protect|p2b: Iron Bundle\n|-singleturn|p2b: Iron Bundle|Protect\n|move|p1b: Iron Bundle|Freeze-Dry|p2a: Garganacl\n|-damage|p2a: Garganacl|74\/100\n|move|p1a: Flutter Mane|Thunderbolt|p2b: Iron Bundle\n|-activate|p2b: Iron Bundle|move: Protect\n|\n|-weather|SunnyDay|[upkeep]\n|-heal|p2a: Garganacl|80\/100|[from] item: Leftovers\n|upkeep\n|turn|3\n|\n|t:|1683730105\n|-end|p2b: Iron Bundle|Quark Drive|[silent]\n|switch|p2b: Torkoal|Torkoal, L50, F|88\/100\n|move|p1b: Iron Bundle|Hydro Pump|p2a: Garganacl|[miss]\n|-miss|p1b: Iron Bundle|p2a: Garganacl\n|move|p1a: Flutter Mane|Thunderbolt|p2b: Torkoal\n|-damage|p2b: Torkoal|32\/100\n|move|p2a: Garganacl|Salt Cure|p1b: Iron Bundle\n|-supereffective|p1b: Iron Bundle\n|-damage|p1b: Iron Bundle|64\/100\n|-start|p1b: Iron Bundle|Salt Cure\n|\n|-weather|SunnyDay|[upkeep]\n|-heal|p2a: Garganacl|86\/100|[from] item: Leftovers\n|-damage|p1b: Iron Bundle|40\/100|[from] Salt Cure\n|upkeep\n|turn|4\n|inactive|po8gen has 30 seconds left.\n|\n|t:|1683730135\n|-end|p1a: Flutter Mane|Protosynthesis|[silent]\n|switch|p1a: Great Tusk|Great Tusk, L50|100\/100\n|-activate|p1a: Great Tusk|ability: Protosynthesis\n|-start|p1a: Great Tusk|protosynthesisatk\n|switch|p2b: Flutter Mane|Flutter Mane, L50, tera:Water|100\/100\n|-activate|p2b: Flutter Mane|ability: Protosynthesis\n|-start|p2b: Flutter Mane|protosynthesisspa\n|move|p1b: Iron Bundle|Hydro Pump|p2b: Flutter Mane\n|-resisted|p2b: Flutter Mane\n|-damage|p2b: Flutter Mane|88\/100\n|move|p2a: Garganacl|Salt Cure|p1a: Great Tusk\n|-resisted|p1a: Great Tusk\n|-damage|p1a: Great Tusk|98\/100\n|-start|p1a: Great Tusk|Salt Cure\n|\n|-weather|SunnyDay|[upkeep]\n|-heal|p2a: Garganacl|92\/100|[from] item: Leftovers\n|-damage|p1b: Iron Bundle|15\/100|[from] Salt Cure\n|-damage|p1a: Great Tusk|86\/100|[from] Salt Cure\n|upkeep\n|turn|5\n|inactive|MarcyNoDay has 30 seconds left.\n|inactive|po8gen has 30 seconds left.\n|\n|t:|1683730168\n|-end|p2b: Flutter Mane|Protosynthesis|[silent]\n|switch|p2b: Iron Bundle|Iron Bundle, L50|100\/100\n|move|p2a: Garganacl|Protect|p2a: Garganacl\n|-singleturn|p2a: Garganacl|Protect\n|move|p1b: Iron Bundle|Freeze-Dry|p2b: Iron Bundle\n|-damage|p2b: Iron Bundle|47\/100\n|move|p1a: Great Tusk|Headlong Rush|p2a: Garganacl\n|-activate|p2a: Garganacl|move: Protect\n|\n|-weather|none\n|-end|p1a: Great Tusk|Protosynthesis\n|-heal|p2a: Garganacl|98\/100|[from] item: Leftovers\n|-damage|p1b: Iron Bundle|0 fnt|[from] Salt Cure\n|faint|p1b: Iron Bundle\n|-end|p1b: Iron Bundle|Quark Drive|[silent]\n|-damage|p1a: Great Tusk|74\/100|[from] Salt Cure\n|upkeep\n|\n|t:|1683730183\n|switch|p1b: Flutter Mane|Flutter Mane, L50|100\/100\n|turn|6\n|\n|t:|1683730206\n|move|p2a: Garganacl|Wide Guard|p2a: Garganacl\n|-singleturn|p2a: Garganacl|Wide Guard\n|move|p1a: Great Tusk|Headlong Rush|p2a: Garganacl\n|-supereffective|p2a: Garganacl\n|-damage|p2a: Garganacl|7\/100\n|-unboost|p1a: Great Tusk|def|1\n|-unboost|p1a: Great Tusk|spd|1\n|move|p2b: Iron Bundle|Icy Wind|p1b: Flutter Mane|[spread] p1a,p1b\n|-supereffective|p1a: Great Tusk\n|-damage|p1a: Great Tusk|0 fnt\n|-damage|p1b: Flutter Mane|86\/100\n|-unboost|p1b: Flutter Mane|spe|1\n|faint|p1a: Great Tusk\n|-end|p1a: Great Tusk|Protosynthesis|[silent]\n|move|p1b: Flutter Mane|Shadow Ball|p2b: Iron Bundle\n|-damage|p2b: Iron Bundle|0 fnt\n|faint|p2b: Iron Bundle\n|-end|p2b: Iron Bundle|Quark Drive|[silent]\n|\n|-heal|p2a: Garganacl|13\/100|[from] item: Leftovers\n|upkeep\n|\n|t:|1683730222\n|switch|p2b: Flutter Mane|Flutter Mane, L50, tera:Water|88\/100\n|turn|7\n|\n|t:|1683730229\n|move|p2b: Flutter Mane|Shadow Ball|p1b: Flutter Mane\n|-supereffective|p1b: Flutter Mane\n|-damage|p1b: Flutter Mane|0 fnt\n|faint|p1b: Flutter Mane\n|-end|p1b: Flutter Mane|Protosynthesis|[silent]\n|\n|win|po8gen\n|raw|MarcyNoDay's rating: 1229 → 1211<\/strong> (-18 for losing)\n|raw|po8gen's rating: 1332 → 1346<\/strong> (+14 for winning)\n|l|\u2606po8gen\n","uploadtime":1683730401,"views":21,"p1id":"marcynoday","p2id":"po8gen","formatid":"gen9vgc2023regulationc","rating":1211,"private":0,"password":""}