{"id":"gen9vgc2023regulationc-1851734660","p1":"Supersuperhero","p2":"jeffman323","format":"[Gen 9] VGC 2023 Regulation C","log":"|j|\u2606Supersuperhero\n|j|\u2606jeffman323\n|t:|1682475871\n|gametype|doubles\n|player|p1|Supersuperhero|101|1487\n|player|p2|jeffman323|steven|1619\n|teamsize|p1|6\n|teamsize|p2|6\n|gen|9\n|tier|[Gen 9] VGC 2023 Regulation C\n|rated|\n|rule|Species Clause: Limit one of each Pok\u00e9mon\n|rule|Item Clause: Limit one of each item\n|clearpoke\n|poke|p1|Garchomp, L50, F|\n|poke|p1|Talonflame, L50, F|\n|poke|p1|Farigiraf, L50, F|\n|poke|p1|Iron Hands, L50|\n|poke|p1|Flutter Mane, L50|\n|poke|p1|Amoonguss, L50, F|\n|poke|p2|Hatterene, L50, F|\n|poke|p2|Azumarill, L50, M|\n|poke|p2|Torkoal, L50, M|\n|poke|p2|Kingambit, L50, M|\n|poke|p2|Iron Hands, L50|\n|poke|p2|Stantler, L50, F|\n|teampreview|4\njeffman323 has agreed to open team sheets.\nSupersuperhero has agreed to open team sheets.\n|\n|t:|1682475917\n|start\n|switch|p1a: Flutter Mane|Flutter Mane, L50|100\/100\n|switch|p1b: Garchomp|Garchomp, L50, F|100\/100\n|switch|p2a: Kingambit|Kingambit, L50, M|100\/100\n|switch|p2b: Stantler|Stantler, L50, F|100\/100\n|-ability|p2b: Stantler|Intimidate|boost\n|-unboost|p1a: Flutter Mane|atk|1\n|-fail|p1b: Garchomp|unboost|[from] item: Clear Amulet|[of] p1b: Garchomp\n|turn|1\n|\n|t:|1682475953\n|move|p2a: Kingambit|Sucker Punch|p1a: Flutter Mane\n|-damage|p1a: Flutter Mane|20\/100\n|move|p1a: Flutter Mane|Dazzling Gleam|p2a: Kingambit|[spread] p2a,p2b\n|-damage|p2a: Kingambit|56\/100\n|-damage|p2b: Stantler|70\/100\n|move|p1b: Garchomp|Stomping Tantrum|p2b: Stantler\n|-damage|p2b: Stantler|30\/100\n|move|p2b: Stantler|Trick Room|p2b: Stantler\n|-fieldstart|move: Trick Room|[of] p2b: Stantler\n|\n|upkeep\n|turn|2\n|\n|t:|1682475977\n|move|p2a: Kingambit|Kowtow Cleave|p1a: Flutter Mane\n|-damage|p1a: Flutter Mane|0 fnt\n|faint|p1a: Flutter Mane\n|-end|p1a: Flutter Mane|Protosynthesis|[silent]\n|move|p2b: Stantler|Reflect|p2b: Stantler\n|-sidestart|p2: jeffman323|Reflect\n|move|p1b: Garchomp|Earthquake|p2a: Kingambit|[spread] p2a,p2b\n|-supereffective|p2a: Kingambit\n|-damage|p2a: Kingambit|16\/100\n|-damage|p2b: Stantler|4\/100\n|\n|upkeep\n|\n|t:|1682475987\n|switch|p1a: Iron Hands|Iron Hands, L50|100\/100\n|turn|3\n|\n|t:|1682476022\n|-terastallize|p1a: Iron Hands|Grass\n|move|p2b: Stantler|Helping Hand|p2a: Kingambit\n|-singleturn|p2a: Kingambit|Helping Hand|[of] p2b: Stantler\n|move|p2a: Kingambit|Kowtow Cleave|p1b: Garchomp\n|-damage|p1b: Garchomp|39\/100\n|-damage|p2a: Kingambit|4\/100|[from] ability: Rough Skin|[of] p1b: Garchomp\n|move|p1a: Iron Hands|Swords Dance|p1a: Iron Hands\n|-boost|p1a: Iron Hands|atk|2\n|move|p1b: Garchomp|Stomping Tantrum|p2a: Kingambit\n|-supereffective|p2a: Kingambit\n|-damage|p2a: Kingambit|0 fnt\n|faint|p2a: Kingambit\n|\n|upkeep\n|\n|t:|1682476035\n|switch|p2a: Hatterene|Hatterene, L50, F|100\/100\n|turn|4\n|\n|t:|1682476046\n|move|p2b: Stantler|Helping Hand|p2a: Hatterene\n|-singleturn|p2a: Hatterene|Helping Hand|[of] p2b: Stantler\n|move|p2a: Hatterene|Dazzling Gleam|p1b: Garchomp|[spread] p1a,p1b\n|-supereffective|p1b: Garchomp\n|-damage|p1a: Iron Hands|59\/100\n|-damage|p1b: Garchomp|0 fnt\n|faint|p1b: Garchomp\n|move|p1a: Iron Hands|Wild Charge|p2a: Hatterene\n|-damage|p2a: Hatterene|30\/100\n|-damage|p1a: Iron Hands|47\/100|[from] Recoil\n|\n|upkeep\n|\n|t:|1682476055\n|switch|p1b: Farigiraf|Farigiraf, L50, F|100\/100\n|turn|5\n|\n|t:|1682476065\n|move|p2b: Stantler|Helping Hand|p2a: Hatterene\n|-singleturn|p2a: Hatterene|Helping Hand|[of] p2b: Stantler\n|move|p2a: Hatterene|Psychic|p1a: Iron Hands\n|-damage|p1a: Iron Hands|0 fnt\n|faint|p1a: Iron Hands\n|-end|p1a: Iron Hands|Quark Drive|[silent]\n|move|p1b: Farigiraf|Hyper Voice|p2a: Hatterene|[spread] p2a,p2b\n|-damage|p2a: Hatterene|0 fnt\n|-damage|p2b: Stantler|0 fnt\n|faint|p2a: Hatterene\n|faint|p2b: Stantler\n|-enditem|p1b: Farigiraf|Throat Spray\n|-boost|p1b: Farigiraf|spa|1|[from] item: Throat Spray\n|\n|-fieldend|move: Trick Room\n|upkeep\n|\n|t:|1682476073\n|switch|p2b: Azumarill|Azumarill, L50, M|100\/100\n|turn|6\n|\n|t:|1682476081\n|-terastallize|p2b: Azumarill|Water\n|move|p1b: Farigiraf|Psychic|p2b: Azumarill\n|-damage|p2b: Azumarill|31\/100\n|move|p2b: Azumarill|Liquidation|p1b: Farigiraf\n|-damage|p1b: Farigiraf|39\/100\n|\n|-sideend|p2: jeffman323|Reflect\n|upkeep\n|turn|7\n|\n|t:|1682476089\n|move|p2b: Azumarill|Aqua Jet||[still]\n|cant|p1b: Farigiraf|ability: Armor Tail|Aqua Jet|[of] p2b: Azumarill\n|move|p1b: Farigiraf|Psychic|p2b: Azumarill\n|-damage|p2b: Azumarill|0 fnt\n|faint|p2b: Azumarill\n|\n|win|Supersuperhero\n|raw|Supersuperhero's rating: 1487 → 1514<\/strong> (+27 for winning)\n|raw|jeffman323's rating: 1619 → 1592<\/strong> (-27 for losing)\n","uploadtime":1682476093,"views":8,"p1id":"supersuperhero","p2id":"jeffman323","formatid":"gen9vgc2023regulationc","rating":1514,"private":0,"password":""}