{"id":"gen9vgc2023regulationc-1851308137","p1":"ThebigHerp","p2":"BMKing1212","format":"[Gen 9] VGC 2023 Regulation C","log":"|j|\u2606ThebigHerp\n|j|\u2606BMKing1212\n|t:|1682434544\n|gametype|doubles\n|player|p1|ThebigHerp|sabrina|1236\n|player|p2|BMKing1212|266|1214\n|teamsize|p1|6\n|teamsize|p2|6\n|gen|9\n|tier|[Gen 9] VGC 2023 Regulation C\n|rated|\n|rule|Species Clause: Limit one of each Pok\u00e9mon\n|rule|Item Clause: Limit one of each item\n|clearpoke\n|poke|p1|Ting-Lu, L50|\n|poke|p1|Tauros-Paldea-Blaze, L50, M|\n|poke|p1|Amoonguss, L50, F|\n|poke|p1|Flutter Mane, L50|\n|poke|p1|Baxcalibur, L50, M|\n|poke|p1|Palafin, L50, M|\n|poke|p2|Flutter Mane, L50|\n|poke|p2|Amoonguss, L50, M|\n|poke|p2|Baxcalibur, L50, M|\n|poke|p2|Palafin, L50, F|\n|poke|p2|Tauros-Paldea-Blaze, L50, M|\n|poke|p2|Iron Bundle, L50|\n|teampreview|4\n|c|\u2606BMKing1212|I was running that same team a minute ago\n|c|\u2606ThebigHerp|very nice. Is Bundle better than Ting?\n|c|\u2606BMKing1212|Im just now testing it! Bundle is just so big for Speed tiers\nBMKing1212 has agreed to open team sheets.\n|c|\u2606BMKing1212|Ill accept\nThebigHerp has agreed to open team sheets.\n|c|\u2606BMKing1212|I want to see if you ran the same sets as my version\n|c|\u2606BMKing1212|I like the Tauros build would have never though of wild charge\n|\n|t:|1682434735\n|start\n|switch|p1a: Flutter Mane|Flutter Mane, L50|100\/100\n|switch|p1b: Baxcalibur|Baxcalibur, L50, M|100\/100\n|switch|p2a: Palafin|Palafin, L50, F|100\/100\n|switch|p2b: Baxcalibur|Baxcalibur, L50, M|100\/100\n|turn|1\n|\n|t:|1682434771\n|detailschange|p2a: Palafin|Palafin-Hero, L50, F\n|switch|p2a: Amoonguss|Amoonguss, L50, M|100\/100\n|-terastallize|p1b: Baxcalibur|Water\n|-terastallize|p2b: Baxcalibur|Poison\n|move|p1a: Flutter Mane|Dazzling Gleam|p2b: Baxcalibur|[spread] p2a,p2b\n|-resisted|p2a: Amoonguss\n|-resisted|p2b: Baxcalibur\n|-damage|p2a: Amoonguss|88\/100\n|-damage|p2b: Baxcalibur|87\/100\n|move|p1b: Baxcalibur|Glaive Rush|p2b: Baxcalibur\n|-damage|p2b: Baxcalibur|25\/100\n|-singlemove|p1b: Baxcalibur|Glaive Rush|[silent]\n|move|p2b: Baxcalibur|Dragon Dance|p2b: Baxcalibur\n|-boost|p2b: Baxcalibur|atk|1\n|-boost|p2b: Baxcalibur|spe|1\n|\n|upkeep\n|turn|2\n|\n|t:|1682434805\n|move|p1a: Flutter Mane|Protect|p1a: Flutter Mane\n|-singleturn|p1a: Flutter Mane|Protect\n|move|p2b: Baxcalibur|Protect|p2b: Baxcalibur\n|-singleturn|p2b: Baxcalibur|Protect\n|move|p1b: Baxcalibur|Protect|p1b: Baxcalibur\n|-singleturn|p1b: Baxcalibur|Protect\n|move|p2a: Amoonguss|Spore|p1a: Flutter Mane\n|-activate|p1a: Flutter Mane|move: Protect\n|\n|upkeep\n|turn|3\n|c|\u2606ThebigHerp|Wild Charge has been pretty useful into Gyrados.\n|\n|t:|1682434820\n|move|p2a: Amoonguss|Rage Powder|p2a: Amoonguss\n|-singleturn|p2a: Amoonguss|move: Rage Powder\n|move|p1a: Flutter Mane|Shadow Ball|p2a: Amoonguss\n|-damage|p2a: Amoonguss|50\/100\n|-unboost|p2a: Amoonguss|spd|1\n|-enditem|p2a: Amoonguss|Sitrus Berry|[eat]\n|-heal|p2a: Amoonguss|75\/100|[from] item: Sitrus Berry\n|move|p2b: Baxcalibur|Glaive Rush|p1b: Baxcalibur\n|-damage|p1b: Baxcalibur|3\/100\n|-singlemove|p2b: Baxcalibur|Glaive Rush|[silent]\n|move|p1b: Baxcalibur|Icicle Spear|p2a: Amoonguss\n|-supereffective|p2a: Amoonguss\n|-damage|p2a: Amoonguss|51\/100\n|-supereffective|p2a: Amoonguss\n|-damage|p2a: Amoonguss|21\/100\n|-supereffective|p2a: Amoonguss\n|-crit|p2a: Amoonguss\n|-damage|p2a: Amoonguss|0 fnt\n|faint|p2a: Amoonguss\n|-hitcount|p2: Amoonguss|3\n|\n|upkeep\n|\n|t:|1682434840\n|switch|p2a: Palafin|Palafin-Hero, L50, F|100\/100\n|-activate|p2a: Palafin|ability: Zero to Hero\n|turn|4\n|\n|t:|1682434850\n|move|p2b: Baxcalibur|Protect|p2b: Baxcalibur\n|-singleturn|p2b: Baxcalibur|Protect\n|move|p1b: Baxcalibur|Protect|p1b: Baxcalibur\n|-singleturn|p1b: Baxcalibur|Protect\n|move|p2a: Palafin|Jet Punch|p1a: Flutter Mane\n|-enditem|p1a: Flutter Mane|Focus Sash\n|-damage|p1a: Flutter Mane|1\/100\n|move|p1a: Flutter Mane|Shadow Ball|p2b: Baxcalibur\n|-activate|p2b: Baxcalibur|move: Protect\n|\n|upkeep\n|turn|5\n|\n|t:|1682434874\n|-end|p1a: Flutter Mane|Protosynthesis|[silent]\n|switch|p1a: Tauros|Tauros-Paldea-Blaze, L50, M|100\/100\n|-ability|p1a: Tauros|Intimidate|boost\n|-unboost|p2a: Palafin|atk|1\n|-fail|p2b: Baxcalibur|unboost|[from] item: Clear Amulet|[of] p2b: Baxcalibur\n|move|p2b: Baxcalibur|Ice Shard|p1a: Tauros\n|-resisted|p1a: Tauros\n|-damage|p1a: Tauros|83\/100\n|move|p2a: Palafin|Jet Punch|p1b: Baxcalibur\n|-resisted|p1b: Baxcalibur\n|-damage|p1b: Baxcalibur|0 fnt\n|faint|p1b: Baxcalibur\n|\n|upkeep\n|\n|t:|1682434887\n|switch|p1b: Ting-Lu|Ting-Lu, L50|100\/100\n|-ability|p1b: Ting-Lu|Vessel of Ruin\n|turn|6\n|c|\u2606BMKing1212|Yeah that makes sense\n|\n|t:|1682434915\n|move|p2b: Baxcalibur|Protect|p2b: Baxcalibur\n|-singleturn|p2b: Baxcalibur|Protect\n|move|p2a: Palafin|Protect|p2a: Palafin\n|-singleturn|p2a: Palafin|Protect\n|move|p1a: Tauros|Wild Charge|p2a: Palafin\n|-activate|p2a: Palafin|move: Protect\n|move|p1b: Ting-Lu|Stomping Tantrum|p2b: Baxcalibur\n|-activate|p2b: Baxcalibur|move: Protect\n|\n|upkeep\n|turn|7\n|\n|t:|1682434950\n|move|p2b: Baxcalibur|Glaive Rush|p1b: Ting-Lu\n|-crit|p1b: Ting-Lu\n|-damage|p1b: Ting-Lu|21\/100\n|-singlemove|p2b: Baxcalibur|Glaive Rush|[silent]\n|move|p1a: Tauros|Wild Charge|p2a: Palafin\n|-supereffective|p2a: Palafin\n|-damage|p2a: Palafin|41\/100\n|-damage|p1a: Tauros|65\/100|[from] Recoil\n|move|p2a: Palafin|Wave Crash|p1b: Ting-Lu\n|-supereffective|p1b: Ting-Lu\n|-damage|p1b: Ting-Lu|0 fnt\n|faint|p1b: Ting-Lu\n|-damage|p2a: Palafin|32\/100|[from] Recoil\n|\n|upkeep\n|\n|t:|1682434962\n|switch|p1b: Flutter Mane|Flutter Mane, L50|1\/100\n|turn|8\n|\n|t:|1682434972\n|move|p1b: Flutter Mane|Protect|p1b: Flutter Mane\n|-singleturn|p1b: Flutter Mane|Protect\n|move|p2b: Baxcalibur|Ice Shard|p1b: Flutter Mane\n|-activate|p1b: Flutter Mane|move: Protect\n|move|p2a: Palafin|Jet Punch|p1a: Tauros\n|-supereffective|p1a: Tauros\n|-damage|p1a: Tauros|0 fnt\n|faint|p1a: Tauros\n|\n|upkeep\n|turn|9\n|\n|t:|1682434985\n|move|p2b: Baxcalibur|Ice Shard|p1b: Flutter Mane\n|-damage|p1b: Flutter Mane|0 fnt\n|faint|p1b: Flutter Mane\n|-end|p1b: Flutter Mane|Protosynthesis|[silent]\n|\n|win|BMKing1212\n|raw|ThebigHerp's rating: 1236 → 1209<\/strong> (-27 for losing)\n|raw|BMKing1212's rating: 1214 → 1241<\/strong> (+27 for winning)\n|c|\u2606BMKing1212|gg\n|c|\u2606ThebigHerp|gg\n|c|\u2606BMKing1212|You play a lot?\n|l|\u2606ThebigHerp\n","uploadtime":1682435004,"views":20,"p1id":"thebigherp","p2id":"bmking1212","formatid":"gen9vgc2023regulationc","rating":1209,"private":0,"password":""}