{"id":"gen9vgc2023regulationc-1863359798","p1":"SenjiLuvYou","p2":"immgonnabeatu","format":"[Gen 9] VGC 2023 Regulation C","log":"|j|\u2606SenjiLuvYou\n|j|\u2606immgonnabeatu\n|t:|1684007000\n|gametype|doubles\n|player|p1|SenjiLuvYou|flannery|1005\n|player|p2|immgonnabeatu|harlequin|1022\n|teamsize|p1|6\n|teamsize|p2|4\n|gen|9\n|tier|[Gen 9] VGC 2023 Regulation C\n|rated|\n|rule|Species Clause: Limit one of each Pok\u00e9mon\n|rule|Item Clause: Limit one of each item\n|clearpoke\n|poke|p1|Meowscarada, L50, M|\n|poke|p1|Dondozo, L50, F|\n|poke|p1|Tatsugiri-Droopy, L50, F|\n|poke|p1|Gholdengo, L50|\n|poke|p1|Abomasnow, L50, M|\n|poke|p1|Ceruledge, L50, F|\n|poke|p2|Armarouge, L50, F|\n|poke|p2|Meowscarada, L50, F|\n|poke|p2|Indeedee-F, L50, F|\n|poke|p2|Flamigo, L50, F|\n|teampreview|4\nimmgonnabeatu has agreed to open team sheets.\n|\n|t:|1684007024\n|start\n|switch|p1a: Abomasnow|Abomasnow, L50, M|100\/100\n|switch|p1b: Ceruledge|Ceruledge, L50, F|100\/100\n|switch|p2a: Armarouge|Armarouge, L50, F|100\/100\n|switch|p2b: Meowscarada|Meowscarada, L50, F, shiny|100\/100\n|turn|1\n|\n|t:|1684007040\n|move|p1b: Ceruledge|Swords Dance|p1b: Ceruledge\n|-boost|p1b: Ceruledge|atk|2\n|move|p2b: Meowscarada|Knock Off|p2a: Armarouge\n|-supereffective|p2a: Armarouge\n|-damage|p2a: Armarouge|25\/100\n|-ability|p2a: Armarouge|Weak Armor|boost\n|-unboost|p2a: Armarouge|def|1\n|-boost|p2a: Armarouge|spe|2\n|-enditem|p2a: Armarouge|Weakness Policy\n|-boost|p2a: Armarouge|atk|2|[from] item: Weakness Policy\n|-boost|p2a: Armarouge|spa|2|[from] item: Weakness Policy\n|move|p2a: Armarouge|Expanding Force|p1b: Ceruledge\n|-damage|p1b: Ceruledge|4\/100\n|move|p1a: Abomasnow|Aurora Veil||[still]\n|-fail|p1a: Abomasnow\n|\n|upkeep\n|turn|2\n|\n|t:|1684007064\n|switch|p2b: Indeedee|Indeedee-F, L50, F|100\/100\n|-fieldstart|move: Psychic Terrain|[from] ability: Psychic Surge|[of] p2b: Indeedee\n|move|p1a: Abomasnow|Helping Hand|p1b: Ceruledge\n|-singleturn|p1b: Ceruledge|Helping Hand|[of] p1a: Abomasnow\n|move|p2a: Armarouge|Expanding Force|p1b: Ceruledge|[spread] p1a,p1b\n|-damage|p1a: Abomasnow|12\/100\n|-damage|p1b: Ceruledge|0 fnt\n|faint|p1b: Ceruledge\n|\n|upkeep\n|\n|t:|1684007074\n|switch|p1b: Tatsugiri|Tatsugiri-Droopy, L50, F|100\/100\n|turn|3\n|\n|t:|1684007093\n|move|p2a: Armarouge|Expanding Force|p1b: Tatsugiri|[spread] p1a,p1b\n|-damage|p1a: Abomasnow|0 fnt\n|-damage|p1b: Tatsugiri|0 fnt\n|faint|p1a: Abomasnow\n|faint|p1b: Tatsugiri\n|move|p2b: Indeedee|Psych Up|p2a: Armarouge\n|-copyboost|p2b: Indeedee|p2a: Armarouge|[from] move: Psych Up\n|\n|upkeep\n|\n|t:|1684007105\n|switch|p1b: Dondozo|Dondozo, L50, F|100\/100\n|turn|4\n|\n|t:|1684007119\n|-terastallize|p1b: Dondozo|Steel\n|move|p2b: Indeedee|Psychic|p1b: Dondozo\n|-resisted|p1b: Dondozo\n|-damage|p1b: Dondozo|81\/100\n|move|p2a: Armarouge|Expanding Force|p1b: Dondozo\n|-resisted|p1b: Dondozo\n|-damage|p1b: Dondozo|41\/100\n|move|p1b: Dondozo|Earthquake|p2b: Indeedee|[spread] p2a,p2b\n|-supereffective|p2a: Armarouge\n|-damage|p2a: Armarouge|0 fnt\n|-damage|p2b: Indeedee|69\/100\n|faint|p2a: Armarouge\n|\n|-heal|p1b: Dondozo|47\/100|[from] item: Leftovers\n|upkeep\n|\n|t:|1684007133\n|switch|p2a: Flamigo|Flamigo, L50, F|100\/100\n|-copyboost|p2a: Flamigo|p2b: Indeedee|[from] ability: Costar\n|turn|5\n|c|\u2606immgonnabeatu|!weak steel\n|c| immgonnabeatu|\/raw Steel: Weaknesses<\/span>: Fighting, Fire, Ground Resistances<\/span>: Bug, Dragon, Fairy, Flying, Grass, Ice, Normal, Psychic, Rock, Steel Immunities<\/span>: Poison, Sandstorm damage, Toxic<\/div>\n|\n|t:|1684007163\n|move|p1b: Dondozo|Protect|p1b: Dondozo\n|-singleturn|p1b: Dondozo|Protect\n|move|p2b: Indeedee|Hyper Voice|p1b: Dondozo\n|-activate|p1b: Dondozo|move: Protect\n|move|p2a: Flamigo|Chilling Water|p1b: Dondozo\n|-activate|p1b: Dondozo|move: Protect\n|\n|-heal|p1b: Dondozo|53\/100|[from] item: Leftovers\n|upkeep\n|turn|6\n|\n|t:|1684007176\n|move|p2b: Indeedee|Hyper Voice|p1b: Dondozo\n|-resisted|p1b: Dondozo\n|-damage|p1b: Dondozo|35\/100\n|move|p2a: Flamigo|Chilling Water|p1b: Dondozo\n|-damage|p1b: Dondozo|25\/100\n|-unboost|p1b: Dondozo|atk|1\n|-damage|p2a: Flamigo|91\/100|[from] item: Life Orb\n|move|p1b: Dondozo|Order Up|p2a: Flamigo\n|-damage|p2a: Flamigo|74\/100\n|\n|-heal|p1b: Dondozo|31\/100|[from] item: Leftovers\n|upkeep\n|turn|7\n|-message|SenjiLuvYou forfeited.\n|\n|win|immgonnabeatu\n|raw|SenjiLuvYou's rating: 1005 → 1000<\/strong> (-5 for losing)\n|raw|immgonnabeatu's rating: 1022 → 1057<\/strong> (+35 for winning)\n|l|\u2606SenjiLuvYou\n","uploadtime":1684007193,"views":14,"p1id":"senjiluvyou","p2id":"immgonnabeatu","formatid":"gen9vgc2023regulationc","rating":1000,"private":0,"password":""}