{"id":"gen9vgc2023regulationc-1852845899","p1":"coolkhiid","p2":"Insertable194","format":"[Gen 9] VGC 2023 Regulation C","log":"|j|\u2606coolkhiid\n|j|\u2606Insertable194\n|t:|1682611152\n|gametype|doubles\n|player|p1|coolkhiid|170|1362\n|player|p2|Insertable194|hilbert-wonderlauncher|1477\n|teamsize|p1|6\n|teamsize|p2|6\n|gen|9\n|tier|[Gen 9] VGC 2023 Regulation C\n|rated|\n|rule|Species Clause: Limit one of each Pok\u00e9mon\n|rule|Item Clause: Limit one of each item\n|clearpoke\n|poke|p1|Ting-Lu, L50|\n|poke|p1|Abomasnow, L50, F|\n|poke|p1|Iron Bundle, L50|\n|poke|p1|Gyarados, L50, F|\n|poke|p1|Gholdengo, L50|\n|poke|p1|Iron Moth, L50|\n|poke|p2|Wo-Chien, L50|\n|poke|p2|Ting-Lu, L50|\n|poke|p2|Flutter Mane, L50|\n|poke|p2|Arcanine, L50, M|\n|poke|p2|Scream Tail, L50|\n|poke|p2|Garganacl, L50, M|\n|teampreview|4\n|c|\u2606Insertable194|glhf\nInsertable194 has agreed to open team sheets.\n|inactive|Battle timer is ON: inactive players will automatically lose when time's up. (requested by coolkhiid)\n|inactive|Insertable194 has 60 seconds left.\n|inactive|Insertable194 has 30 seconds left.\n|\n|t:|1682611221\n|start\n|switch|p1a: Ting-Lu|Ting-Lu, L50|100\/100\n|switch|p1b: Abomasnow|Abomasnow, L50, F|100\/100\n|switch|p2a: Garganacl|Garganacl, L50, M|100\/100\n|switch|p2b: Scream Tail|Scream Tail, L50|100\/100\n|-weather|Snow|[from] ability: Snow Warning|[of] p1b: Abomasnow\n|-ability|p1a: Ting-Lu|Vessel of Ruin\n|-enditem|p2b: Scream Tail|Booster Energy\n|-activate|p2b: Scream Tail|ability: Protosynthesis|[fromitem]\n|-start|p2b: Scream Tail|protosynthesisspe\n|turn|1\n|\n|t:|1682611242\n|move|p2b: Scream Tail|Protect|p2b: Scream Tail\n|-singleturn|p2b: Scream Tail|Protect\n|move|p1b: Abomasnow|Aurora Veil|p1b: Abomasnow\n|-sidestart|p1: coolkhiid|move: Aurora Veil\n|move|p1a: Ting-Lu|Earthquake|p2b: Scream Tail|[spread] p1b,p2a\n|-activate|p2b: Scream Tail|move: Protect\n|-resisted|p1b: Abomasnow\n|-crit|p1b: Abomasnow\n|-supereffective|p2a: Garganacl\n|-damage|p1b: Abomasnow|81\/100\n|-damage|p2a: Garganacl|53\/100\n|move|p2a: Garganacl|Salt Cure|p1b: Abomasnow\n|-supereffective|p1b: Abomasnow\n|-damage|p1b: Abomasnow|69\/100\n|-start|p1b: Abomasnow|Salt Cure\n|\n|-weather|Snow|[upkeep]\n|-damage|p1b: Abomasnow|56\/100|[from] Salt Cure\n|upkeep\n|turn|2\n|inactive|Insertable194 has 30 seconds left.\n|\n|t:|1682611267\n|move|p2b: Scream Tail|Encore|p1b: Abomasnow\n|-start|p1b: Abomasnow|Encore\n|move|p1b: Abomasnow|Aurora Veil||[still]\n|-fail|p1b: Abomasnow\n|move|p1a: Ting-Lu|Heavy Slam|p2b: Scream Tail\n|-supereffective|p2b: Scream Tail\n|-crit|p2b: Scream Tail\n|-damage|p2b: Scream Tail|19\/100\n|move|p2a: Garganacl|Recover|p2a: Garganacl\n|-heal|p2a: Garganacl|100\/100\n|\n|-weather|Snow|[upkeep]\n|-damage|p1b: Abomasnow|44\/100|[from] Salt Cure\n|upkeep\n|turn|3\n|inactive|coolkhiid has 30 seconds left.\n|inactive|Insertable194 has 30 seconds left.\n|inactive|coolkhiid has 20 seconds left.\n|inactive|coolkhiid has 15 seconds left.\n|inactive|coolkhiid has 10 seconds left.\n|\n|t:|1682611315\n|-end|p2b: Scream Tail|Protosynthesis|[silent]\n|switch|p2b: Arcanine|Arcanine, L50, M|100\/100\n|-ability|p2b: Arcanine|Intimidate|boost\n|-unboost|p1a: Ting-Lu|atk|1\n|-unboost|p1b: Abomasnow|atk|1\n|switch|p1b: Iron Bundle|Iron Bundle, L50|100\/100\n|move|p1a: Ting-Lu|Heavy Slam|p2b: Arcanine\n|-resisted|p2b: Arcanine\n|-damage|p2b: Arcanine|89\/100\n|move|p2a: Garganacl|Salt Cure|p1a: Ting-Lu\n|-resisted|p1a: Ting-Lu\n|-damage|p1a: Ting-Lu|98\/100\n|-start|p1a: Ting-Lu|Salt Cure\n|\n|-weather|Snow|[upkeep]\n|-damage|p1a: Ting-Lu|85\/100|[from] Salt Cure\n|upkeep\n|turn|4\n|inactive|coolkhiid has 30 seconds left.\n|inactive|Insertable194 has 30 seconds left.\n|inactive|coolkhiid has 20 seconds left.\n|inactive|Insertable194 has 20 seconds left.\n|\n|t:|1682611352\n|switch|p1a: Abomasnow|Abomasnow, L50, F|44\/100\n|-terastallize|p2a: Garganacl|Poison\n|move|p2b: Arcanine|Protect|p2b: Arcanine\n|-singleturn|p2b: Arcanine|Protect\n|move|p1b: Iron Bundle|Hydro Pump|p2b: Arcanine\n|-activate|p2b: Arcanine|move: Protect\n|move|p2a: Garganacl|Salt Cure|p1b: Iron Bundle\n|-supereffective|p1b: Iron Bundle\n|-damage|p1b: Iron Bundle|85\/100\n|-start|p1b: Iron Bundle|Salt Cure\n|\n|-weather|Snow|[upkeep]\n|-damage|p1b: Iron Bundle|61\/100|[from] Salt Cure\n|upkeep\n|turn|5\n|inactive|Insertable194 has 30 seconds left.\n|\n|t:|1682611386\n|switch|p2a: Ting-Lu|Ting-Lu, L50|100\/100\n|-ability|p2a: Ting-Lu|Vessel of Ruin\n|-terastallize|p1b: Iron Bundle|Ice\n|move|p1b: Iron Bundle|Blizzard|p2b: Arcanine|[spread] p2a,p2b\n|-supereffective|p2a: Ting-Lu\n|-resisted|p2b: Arcanine\n|-damage|p2a: Ting-Lu|48\/100\n|-damage|p2b: Arcanine|62\/100\n|-damage|p1b: Iron Bundle|52\/100|[from] item: Life Orb\n|move|p2b: Arcanine|Flare Blitz|p1a: Abomasnow\n|-supereffective|p1a: Abomasnow\n|-damage|p1a: Abomasnow|0 fnt\n|faint|p1a: Abomasnow\n|-damage|p2b: Arcanine|48\/100|[from] Recoil\n|\n|-weather|none\n|-damage|p1b: Iron Bundle|39\/100|[from] Salt Cure\n|upkeep\n|\n|t:|1682611407\n|switch|p1a: Ting-Lu|Ting-Lu, L50|85\/100\n|-ability|p1a: Ting-Lu|Vessel of Ruin\n|turn|6\n|inactive|Insertable194 has 30 seconds left.\n|inactive|Insertable194 has 20 seconds left.\n|\n|t:|1682611445\n|switch|p2b: Scream Tail|Scream Tail, L50|19\/100\n|move|p1b: Iron Bundle|Protect|p1b: Iron Bundle\n|-singleturn|p1b: Iron Bundle|Protect\n|move|p1a: Ting-Lu|Earthquake|p2a: Ting-Lu|[spread] p2a,p2b\n|-activate|p1b: Iron Bundle|move: Protect\n|-damage|p2a: Ting-Lu|28\/100\n|-damage|p2b: Scream Tail|0 fnt\n|faint|p2b: Scream Tail\n|-end|p2b: Scream Tail|Protosynthesis|[silent]\n|move|p2a: Ting-Lu|Heavy Slam|p1b: Iron Bundle\n|-activate|p1b: Iron Bundle|move: Protect\n|\n|-damage|p1b: Iron Bundle|27\/100|[from] Salt Cure\n|upkeep\n|\n|t:|1682611459\n|switch|p2b: Garganacl|Garganacl, L50, M, tera:Poison|100\/100\n|turn|7\n|\n|t:|1682611483\n|switch|p2a: Arcanine|Arcanine, L50, M|48\/100\n|-ability|p2a: Arcanine|Intimidate|boost\n|-unboost|p1a: Ting-Lu|atk|1\n|-unboost|p1b: Iron Bundle|atk|1\n|move|p1b: Iron Bundle|Hydro Pump|p2a: Arcanine\n|-supereffective|p2a: Arcanine\n|-damage|p2a: Arcanine|0 fnt\n|faint|p2a: Arcanine\n|-damage|p1b: Iron Bundle|18\/100|[from] item: Life Orb\n|move|p1a: Ting-Lu|Stomping Tantrum|p2b: Garganacl\n|-supereffective|p2b: Garganacl\n|-damage|p2b: Garganacl|63\/100\n|move|p2b: Garganacl|Salt Cure|p1a: Ting-Lu\n|-resisted|p1a: Ting-Lu\n|-damage|p1a: Ting-Lu|82\/100\n|-start|p1a: Ting-Lu|Salt Cure\n|\n|-damage|p1b: Iron Bundle|6\/100|[from] Salt Cure\n|-damage|p1a: Ting-Lu|70\/100|[from] Salt Cure\n|upkeep\n|\n|t:|1682611490\n|switch|p2a: Ting-Lu|Ting-Lu, L50|28\/100\n|-ability|p2a: Ting-Lu|Vessel of Ruin\n|turn|8\n|inactive|coolkhiid has 30 seconds left.\n|inactive|Insertable194 has 30 seconds left.\n|\n|t:|1682611518\n|switch|p1a: Iron Moth|Iron Moth, L50|100\/100\n|-enditem|p1a: Iron Moth|Booster Energy\n|-activate|p1a: Iron Moth|ability: Quark Drive|[fromitem]\n|-start|p1a: Iron Moth|quarkdrivespe\n|move|p1b: Iron Bundle|Hydro Pump|p2a: Ting-Lu\n|-supereffective|p2a: Ting-Lu\n|-damage|p2a: Ting-Lu|0 fnt\n|faint|p2a: Ting-Lu\n|-damage|p1b: Iron Bundle|0 fnt|[from] item: Life Orb\n|faint|p1b: Iron Bundle\n|-end|p1b: Iron Bundle|Quark Drive|[silent]\n|move|p2b: Garganacl|Stealth Rock|p1a: Iron Moth\n|-sidestart|p1: coolkhiid|move: Stealth Rock\n|\n|-sideend|p1: coolkhiid|move: Aurora Veil\n|upkeep\n|\n|t:|1682611530\n|switch|p1b: Ting-Lu|Ting-Lu, L50|70\/100\n|-damage|p1b: Ting-Lu|64\/100|[from] Stealth Rock\n|-ability|p1b: Ting-Lu|Vessel of Ruin\n|turn|9\n|\n|t:|1682611547\n|move|p2b: Garganacl|Protect|p2b: Garganacl\n|-singleturn|p2b: Garganacl|Protect\n|move|p1a: Iron Moth|Heat Wave|p2b: Garganacl\n|-activate|p2b: Garganacl|move: Protect\n|move|p1b: Ting-Lu|Stomping Tantrum|p2b: Garganacl\n|-activate|p2b: Garganacl|move: Protect\n|\n|upkeep\n|turn|10\n|\n|t:|1682611559\n|move|p1a: Iron Moth|Heat Wave|p2b: Garganacl\n|-damage|p2b: Garganacl|38\/100\n|move|p1b: Ting-Lu|Stomping Tantrum|p2b: Garganacl\n|-supereffective|p2b: Garganacl\n|-damage|p2b: Garganacl|0 fnt\n|faint|p2b: Garganacl\n|\n|win|coolkhiid\n|raw|coolkhiid's rating: 1362 → 1388<\/strong> (+26 for winning)\n|raw|Insertable194's rating: 1477 → 1451<\/strong> (-26 for losing)\n|l|\u2606Insertable194\n","uploadtime":1682611567,"views":5,"p1id":"coolkhiid","p2id":"insertable194","formatid":"gen9vgc2023regulationc","rating":1388,"private":0,"password":""}