{"id":"gen9vgc2023regulationc-1851727681","p1":"Tarkus474","p2":"lemonademaker","format":"[Gen 9] VGC 2023 Regulation C","log":"|j|\u2606Tarkus474\n|j|\u2606lemonademaker\n|t:|1682474963\n|gametype|doubles\n|player|p1|Tarkus474|chuck|1061\n|player|p2|lemonademaker|caitlin|1099\n|teamsize|p1|6\n|teamsize|p2|6\n|gen|9\n|tier|[Gen 9] VGC 2023 Regulation C\n|rated|\n|rule|Species Clause: Limit one of each Pok\u00e9mon\n|rule|Item Clause: Limit one of each item\n|clearpoke\n|poke|p1|Klefki, L50, F|\n|poke|p1|Chi-Yu, L50|\n|poke|p1|Baxcalibur, L50, F|\n|poke|p1|Torkoal, L50, F|\n|poke|p1|Iron Bundle, L50|\n|poke|p1|Ting-Lu, L50|\n|poke|p2|Dondozo, L50, M|\n|poke|p2|Tatsugiri, L50, F|\n|poke|p2|Drifblim, L50, M|\n|poke|p2|Meowscarada, L50, F|\n|poke|p2|Flamigo, L50, M|\n|poke|p2|Flutter Mane, L50|\n|teampreview|4\nTarkus474 rejected open team sheets.\n|l|\u2606Tarkus474\n|player|p1|\n|inactive|Battle timer is ON: inactive players will automatically lose when time's up. (requested by lemonademaker)\n|c|\u2606lemonademaker|bye bye\n|j|\u2606Tarkus474\n|inactive|Tarkus474 reconnected and has 85 seconds left.\n|player|p1|Tarkus474|chuck\n|\n|t:|1682475015\n|start\n|switch|p1a: Klefki|Klefki, L50, F|100\/100\n|switch|p1b: Baxcalibur|Baxcalibur, L50, F|100\/100\n|switch|p2a: Pop!|Drifblim, L50, M|100\/100\n|switch|p2b: LemonSherbert|Tatsugiri, L50, F|100\/100\n|turn|1\n|\n|t:|1682475033\n|move|p2b: LemonSherbert|Endure|p2b: LemonSherbert\n|-singleturn|p2b: LemonSherbert|move: Endure\n|move|p1a: Klefki|Light Screen|p1a: Klefki\n|-sidestart|p1: Tarkus474|move: Light Screen\n|move|p2a: Pop!|Explosion|p1a: Klefki|[spread] p2b,p1a,p1b\n|-resisted|p1a: Klefki\n|-activate|p2b: LemonSherbert|move: Endure\n|-damage|p2b: LemonSherbert|1\/100\n|-damage|p1a: Klefki|72\/100\n|-damage|p1b: Baxcalibur|51\/100\n|faint|p2a: Pop!\n|move|p1b: Baxcalibur|Dragon Dance|p1b: Baxcalibur\n|-boost|p1b: Baxcalibur|atk|1\n|-boost|p1b: Baxcalibur|spe|1\n|\n|-heal|p1a: Klefki|79\/100|[from] item: Leftovers\n|-status|p2b: LemonSherbert|tox|[from] item: Toxic Orb\n|upkeep\n|\n|t:|1682475046\n|switch|p2a: V0re|Dondozo, L50, M|100\/100\n|-activate|p2b: LemonSherbert|ability: Commander|[of] p2a: V0re\n|-boost|p2a: V0re|atk|2\n|-boost|p2a: V0re|spa|2\n|-boost|p2a: V0re|spe|2\n|-boost|p2a: V0re|def|2\n|-boost|p2a: V0re|spd|2\n|turn|2\n|\n|t:|1682475063\n|move|p1a: Klefki|Thunder Wave|p2a: V0re\n|-status|p2a: V0re|par\n|move|p1b: Baxcalibur|Glaive Rush|p2a: V0re\n|-damage|p2a: V0re|78\/100 par\n|-singlemove|p1b: Baxcalibur|Glaive Rush|[silent]\n|move|p2a: V0re|Order Up|p1b: Baxcalibur\n|-supereffective|p1b: Baxcalibur\n|-damage|p1b: Baxcalibur|0 fnt\n|faint|p1b: Baxcalibur\n|-boost|p2a: V0re|atk|1\n|\n|-heal|p1a: Klefki|85\/100|[from] item: Leftovers\n|-damage|p2b: LemonSherbert|0 fnt|[from] psn\n|faint|p2b: LemonSherbert\n|upkeep\n|\n|t:|1682475079\n|switch|p2b: Pink boi|Flamigo, L50, M|100\/100\n|switch|p1b: Iron Bundle|Iron Bundle, L50|100\/100\n|-copyboost|p2b: Pink boi|p2a: V0re|[from] ability: Costar\n|turn|3\n|\n|t:|1682475096\n|move|p1a: Klefki|Thunder Wave|p2b: Pink boi\n|-status|p2b: Pink boi|par\n|move|p1b: Iron Bundle|Freeze-Dry|p2b: Pink boi\n|-supereffective|p2b: Pink boi\n|-damage|p2b: Pink boi|47\/100 par\n|-enditem|p2b: Pink boi|Sitrus Berry|[eat]\n|-heal|p2b: Pink boi|72\/100 par|[from] item: Sitrus Berry\n|move|p2b: Pink boi|Close Combat|p1b: Iron Bundle\n|-supereffective|p1b: Iron Bundle\n|-enditem|p1b: Iron Bundle|Focus Sash\n|-damage|p1b: Iron Bundle|1\/100\n|-unboost|p2b: Pink boi|def|1\n|-unboost|p2b: Pink boi|spd|1\n|move|p2a: V0re|Stomping Tantrum|p1a: Klefki\n|-supereffective|p1a: Klefki\n|-damage|p1a: Klefki|0 fnt\n|faint|p1a: Klefki\n|\n|upkeep\n|\n|t:|1682475112\n|switch|p1a: Torkoal|Torkoal, L50, F|100\/100\n|-weather|SunnyDay|[from] ability: Drought|[of] p1a: Torkoal\n|turn|4\n|\n|t:|1682475132\n|move|p1b: Iron Bundle|Freeze-Dry|p2b: Pink boi\n|-supereffective|p2b: Pink boi\n|-damage|p2b: Pink boi|0 fnt\n|faint|p2b: Pink boi\n|cant|p2a: V0re|par\n|move|p1a: Torkoal|Solar Beam||[still]\n|-prepare|p1a: Torkoal|Solar Beam\n|-anim|p1a: Torkoal|Solar Beam|p2a: V0re\n|-supereffective|p2a: V0re\n|-damage|p2a: V0re|54\/100 par\n|\n|-weather|SunnyDay|[upkeep]\n|upkeep\n|turn|5\n|\n|t:|1682475151\n|-terastallize|p2a: V0re|Steel\n|move|p1b: Iron Bundle|Freeze-Dry|p2a: V0re\n|-resisted|p2a: V0re\n|-damage|p2a: V0re|45\/100 par\n|move|p2a: V0re|Rest|p2a: V0re\n|-status|p2a: V0re|slp|[from] move: Rest\n|-heal|p2a: V0re|100\/100 slp|[silent]\n|-enditem|p2a: V0re|Chesto Berry|[eat]\n|-curestatus|p2a: V0re|slp|[msg]\n|move|p1a: Torkoal|Solar Beam||[still]\n|-prepare|p1a: Torkoal|Solar Beam\n|-anim|p1a: Torkoal|Solar Beam|p2a: V0re\n|-resisted|p2a: V0re\n|-damage|p2a: V0re|94\/100\n|\n|-weather|SunnyDay|[upkeep]\n|-sideend|p1: Tarkus474|move: Light Screen\n|upkeep\n|turn|6\n|\n|t:|1682475171\n|-terastallize|p1b: Iron Bundle|Fighting\n|move|p1b: Iron Bundle|Tera Blast|p2a: V0re\n|-supereffective|p2a: V0re\n|-damage|p2a: V0re|53\/100\n|move|p2a: V0re|Stomping Tantrum|p1b: Iron Bundle\n|-damage|p1b: Iron Bundle|0 fnt\n|faint|p1b: Iron Bundle\n|-end|p1b: Iron Bundle|Quark Drive|[silent]\n|move|p1a: Torkoal|Flamethrower|p2a: V0re\n|-supereffective|p2a: V0re\n|-damage|p2a: V0re|6\/100\n|-status|p2a: V0re|brn\n|\n|-weather|SunnyDay|[upkeep]\n|-damage|p2a: V0re|0 fnt|[from] brn\n|faint|p2a: V0re\n|\n|win|Tarkus474\n|upkeep\n|raw|Tarkus474's rating: 1061 → 1095<\/strong> (+34 for winning)\n|raw|lemonademaker's rating: 1099 → 1071<\/strong> (-28 for losing)\n|l|\u2606lemonademaker\n|c|\u2606Tarkus474|gg\n","uploadtime":1682475191,"views":9,"p1id":"tarkus474","p2id":"lemonademaker","formatid":"gen9vgc2023regulationc","rating":1071,"private":0,"password":""}