{"id":"gen9vgc2023regulationc-1850737422","p1":"Chest","p2":"kirbbles","format":"[Gen 9] VGC 2023 Regulation C","log":"|j|\u2606Chest\n|j|\u2606kirbbles\n|t:|1682363358\n|gametype|doubles\n|player|p1|Chest|102|1416\n|player|p2|kirbbles|101|1356\n|teamsize|p1|6\n|teamsize|p2|6\n|gen|9\n|tier|[Gen 9] VGC 2023 Regulation C\n|rated|\n|rule|Species Clause: Limit one of each Pok\u00e9mon\n|rule|Item Clause: Limit one of each item\n|clearpoke\n|poke|p1|Gyarados, L50, F|\n|poke|p1|Ceruledge, L50, F|\n|poke|p1|Amoonguss, L50, M|\n|poke|p1|Ting-Lu, L50|\n|poke|p1|Flutter Mane, L50|\n|poke|p1|Iron Hands, L50|\n|poke|p2|Dragapult, L50, F|\n|poke|p2|Chien-Pao, L50|\n|poke|p2|Talonflame, L50, M|\n|poke|p2|Great Tusk, L50|\n|poke|p2|Amoonguss, L50, M|\n|poke|p2|Azumarill, L50, M|\n|teampreview|4\n|inactive|Battle timer is ON: inactive players will automatically lose when time's up. (requested by kirbbles)\nkirbbles rejected open team sheets.\n|inactive|Chest has 60 seconds left.\n|\n|t:|1682363393\n|start\n|switch|p1a: DonSopapo|Iron Hands, L50|100\/100\n|switch|p1b: Ceruledge|Ceruledge, L50, F|100\/100\n|switch|p2a: Dragapult|Dragapult, L50, F|100\/100\n|switch|p2b: Chien-Pao|Chien-Pao, L50|100\/100\n|-ability|p2b: Chien-Pao|Sword of Ruin\n|turn|1\n|inactive|kirbbles has 30 seconds left.\n|\n|t:|1682363420\n|switch|p1b: La Gamba|Gyarados, L50, F, shiny|100\/100\n|-ability|p1b: La Gamba|Intimidate|boost\n|-fail|p2a: Dragapult|unboost|[from] ability: Clear Body|[of] p2a: Dragapult\n|-unboost|p2b: Chien-Pao|atk|1\n|-terastallize|p2a: Dragapult|Fire\n|move|p2b: Chien-Pao|Protect|p2b: Chien-Pao\n|-singleturn|p2b: Chien-Pao|Protect\n|move|p2a: Dragapult|Dragon Darts|p1b: La Gamba\n|-damage|p1b: La Gamba|53\/100\n|-anim|p2a: Dragapult|Dragon Darts|p1a: DonSopapo\n|-damage|p1a: DonSopapo|69\/100\n|move|p1a: DonSopapo|Swords Dance|p1a: DonSopapo\n|-boost|p1a: DonSopapo|atk|2\n|\n|upkeep\n|turn|2\n|\n|t:|1682363443\n|move|p1b: La Gamba|Protect|p1b: La Gamba\n|-singleturn|p1b: La Gamba|Protect\n|move|p2a: Dragapult|Dragon Darts|p1a: DonSopapo\n|-damage|p1a: DonSopapo|34\/100\n|-anim|p2a: Dragapult|Dragon Darts|p1a: DonSopapo\n|-damage|p1a: DonSopapo|3\/100\n|move|p2b: Chien-Pao|Ice Spinner|p1b: La Gamba\n|-activate|p1b: La Gamba|move: Protect\n|move|p1a: DonSopapo|Drain Punch|p2a: Dragapult\n|-damage|p2a: Dragapult|0 fnt\n|-heal|p1a: DonSopapo|38\/100|[from] drain|[of] p2a: Dragapult\n|faint|p2a: Dragapult\n|\n|upkeep\n|\n|t:|1682363460\n|switch|p2a: Great Tusk|Great Tusk, L50|100\/100\n|turn|3\n|\n|t:|1682363469\n|move|p1a: DonSopapo|Detect|p1a: DonSopapo\n|-singleturn|p1a: DonSopapo|Protect\n|move|p2b: Chien-Pao|Sucker Punch||[still]\n|-fail|p2b: Chien-Pao\n|move|p2a: Great Tusk|Rock Slide|p1a: DonSopapo|[spread] p1b\n|-activate|p1a: DonSopapo|move: Protect\n|-supereffective|p1b: La Gamba\n|-damage|p1b: La Gamba|4\/100\n|-enditem|p1b: La Gamba|Aguav Berry|[eat]\n|-heal|p1b: La Gamba|37\/100|[from] item: Aguav Berry\n|move|p1b: La Gamba|Thunder Wave|p2b: Chien-Pao|[miss]\n|-miss|p1b: La Gamba|p2b: Chien-Pao\n|\n|upkeep\n|turn|4\n|c|\u2606kirbbles|man\n|c|\u2606kirbbles|some crazy luck on those rolls\n|inactive|Chest has 30 seconds left.\n|\n|t:|1682363496\n|move|p2b: Chien-Pao|Sucker Punch|p1a: DonSopapo\n|-resisted|p1a: DonSopapo\n|-damage|p1a: DonSopapo|29\/100\n|move|p2a: Great Tusk|Rock Slide|p1a: DonSopapo|[spread] p1a,p1b\n|-resisted|p1a: DonSopapo\n|-supereffective|p1b: La Gamba\n|-damage|p1a: DonSopapo|19\/100\n|-damage|p1b: La Gamba|0 fnt\n|faint|p1b: La Gamba\n|move|p1a: DonSopapo|Drain Punch|p2b: Chien-Pao\n|-supereffective|p2b: Chien-Pao\n|-enditem|p2b: Chien-Pao|Focus Sash\n|-damage|p2b: Chien-Pao|1\/100\n|-heal|p1a: DonSopapo|52\/100|[from] drain|[of] p2b: Chien-Pao\n|\n|upkeep\n|c|\u2606kirbbles|unfortunate miss on the para though\n|\n|t:|1682363514\n|switch|p1b: Ceruledge|Ceruledge, L50, F|100\/100\n|turn|5\n|\n|t:|1682363522\n|-end|p2a: Great Tusk|Protosynthesis|[silent]\n|switch|p2a: Azumarill|Azumarill, L50, M|100\/100\n|-terastallize|p1b: Ceruledge|Grass\n|move|p1b: Ceruledge|Shadow Sneak|p2b: Chien-Pao\n|-resisted|p2b: Chien-Pao\n|-damage|p2b: Chien-Pao|0 fnt\n|faint|p2b: Chien-Pao\n|move|p1a: DonSopapo|Drain Punch|p2a: Azumarill\n|-resisted|p2a: Azumarill\n|-damage|p2a: Azumarill|56\/100\n|-heal|p1a: DonSopapo|71\/100|[from] drain|[of] p2a: Azumarill\n|\n|upkeep\n|\n|t:|1682363533\n|switch|p2b: Great Tusk|Great Tusk, L50|100\/100\n|turn|6\n|\n|t:|1682363545\n|move|p2b: Great Tusk|Close Combat|p1b: Ceruledge\n|-damage|p1b: Ceruledge|26\/100\n|-unboost|p2b: Great Tusk|def|1\n|-unboost|p2b: Great Tusk|spd|1\n|move|p1b: Ceruledge|Bulk Up|p1b: Ceruledge\n|-boost|p1b: Ceruledge|atk|1\n|-boost|p1b: Ceruledge|def|1\n|move|p1a: DonSopapo|Thunder Punch|p2a: Azumarill\n|-supereffective|p2a: Azumarill\n|-damage|p2a: Azumarill|0 fnt\n|faint|p2a: Azumarill\n|\n|upkeep\n|turn|7\n|\n|t:|1682363559\n|move|p1b: Ceruledge|Protect|p1b: Ceruledge\n|-singleturn|p1b: Ceruledge|Protect\n|move|p2b: Great Tusk|Close Combat|p1a: DonSopapo\n|-damage|p1a: DonSopapo|31\/100\n|-unboost|p2b: Great Tusk|def|1\n|-unboost|p2b: Great Tusk|spd|1\n|move|p1a: DonSopapo|Drain Punch|p2b: Great Tusk\n|-damage|p2b: Great Tusk|0 fnt\n|-heal|p1a: DonSopapo|71\/100|[from] drain|[of] p2b: Great Tusk\n|faint|p2b: Great Tusk\n|-end|p2b: Great Tusk|Protosynthesis|[silent]\n|\n|win|Chest\n|raw|Chest's rating: 1416 → 1433<\/strong> (+17 for winning)\n|raw|kirbbles's rating: 1356 → 1339<\/strong> (-17 for losing)\n|l|\u2606kirbbles\n","uploadtime":1682363575,"views":17,"p1id":"chest","p2id":"kirbbles","formatid":"gen9vgc2023regulationc","rating":1339,"private":0,"password":""}