{"id":"gen9vgc2023regulationc-1858689521","p1":"supaflytnt","p2":"karmacut105","format":"[Gen 9] VGC 2023 Regulation C","log":"|j|\u2606supaflytnt\n|j|\u2606karmacut105\n|t:|1683342912\n|gametype|doubles\n|player|p1|supaflytnt|102|1140\n|player|p2|karmacut105|169|1068\n|teamsize|p1|6\n|teamsize|p2|6\n|gen|9\n|tier|[Gen 9] VGC 2023 Regulation C\n|rated|\n|rule|Species Clause: Limit one of each Pok\u00e9mon\n|rule|Item Clause: Limit one of each item\n|clearpoke\n|poke|p1|Chi-Yu, L50|\n|poke|p1|Annihilape, L50, F|\n|poke|p1|Flutter Mane, L50|\n|poke|p1|Hydreigon, L50, M|\n|poke|p1|Orthworm, L50, M|\n|poke|p1|Torkoal, L50, M|\n|poke|p2|Tyranitar, L50, F|\n|poke|p2|Iron Bundle, L50|\n|poke|p2|Meowscarada, L50, M|\n|poke|p2|Talonflame, L50, F|\n|poke|p2|Grimmsnarl, L50, M|\n|poke|p2|Flutter Mane, L50|\n|teampreview|4\n|j| Freder_zen\nkarmacut105 has agreed to open team sheets.\nsupaflytnt has agreed to open team sheets.\n|l| Freder_zen\n|inactive|Battle timer is ON: inactive players will automatically lose when time's up. (requested by karmacut105)\n|inactive|supaflytnt has 60 seconds left.\n|inactive|supaflytnt has 30 seconds left.\n|\n|t:|1683343035\n|start\n|switch|p1a: Phyuuuck-Yu|Chi-Yu, L50|100\/100\n|switch|p1b: BathingApe|Annihilape, L50, F|100\/100\n|switch|p2a: Talonflame|Talonflame, L50, F, shiny|100\/100\n|switch|p2b: Tyranitar|Tyranitar, L50, F|100\/100\n|-ability|p1a: Phyuuuck-Yu|Beads of Ruin\n|-weather|Sandstorm|[from] ability: Sand Stream|[of] p2b: Tyranitar\n|turn|1\n|inactive|karmacut105 has 30 seconds left.\n|inactive|karmacut105 has 20 seconds left.\n|inactive|karmacut105 has 15 seconds left.\n|inactive|karmacut105 has 10 seconds left.\n|inactive|supaflytnt has 30 seconds left.\n|inactive|karmacut105 has 5 seconds left.\n|inactive|supaflytnt has 20 seconds left.\n|\n|t:|1683343096\n|-terastallize|p1a: Phyuuuck-Yu|Water\n|-terastallize|p2b: Tyranitar|Ground\n|move|p1b: BathingApe|Protect|p1b: BathingApe\n|-singleturn|p1b: BathingApe|Protect\n|move|p2a: Talonflame|Tailwind|p2a: Talonflame\n|-sidestart|p2: karmacut105|move: Tailwind\n|move|p2b: Tyranitar|Earthquake|p1b: BathingApe|[spread] p1a\n|-activate|p1b: BathingApe|move: Protect\n|-immune|p2a: Talonflame\n|-damage|p1a: Phyuuuck-Yu|37\/100\n|move|p1a: Phyuuuck-Yu|Lava Plume|p2b: Tyranitar|[spread] p2a,p2b\n|-activate|p1b: BathingApe|move: Protect\n|-resisted|p2a: Talonflame\n|-damage|p2a: Talonflame|56\/100\n|-damage|p2b: Tyranitar|64\/100\n|-damage|p1a: Phyuuuck-Yu|28\/100|[from] item: Life Orb\n|\n|-weather|Sandstorm|[upkeep]\n|-damage|p1a: Phyuuuck-Yu|21\/100|[from] Sandstorm\n|-damage|p1b: BathingApe|94\/100|[from] Sandstorm\n|upkeep\n|turn|2\n|inactive|supaflytnt has 30 seconds left.\n|inactive|karmacut105 has 30 seconds left.\n|inactive|supaflytnt has 20 seconds left.\n|inactive|karmacut105 has 20 seconds left.\n|\n|t:|1683343135\n|move|p2a: Talonflame|Brave Bird|p1b: BathingApe\n|-supereffective|p1b: BathingApe\n|-damage|p1b: BathingApe|29\/100\n|-damage|p2a: Talonflame|29\/100|[from] Recoil\n|move|p2b: Tyranitar|Crunch|p1a: Phyuuuck-Yu\n|-damage|p1a: Phyuuuck-Yu|0 fnt\n|faint|p1a: Phyuuuck-Yu\n|move|p1b: BathingApe|Drain Punch|p2b: Tyranitar\n|-damage|p2b: Tyranitar|32\/100\n|-heal|p1b: BathingApe|43\/100|[from] drain|[of] p2b: Tyranitar\n|\n|-weather|Sandstorm|[upkeep]\n|-damage|p1b: BathingApe|37\/100|[from] Sandstorm\n|upkeep\n|\n|t:|1683343148\n|switch|p1a: Gucci Mane|Flutter Mane, L50, shiny|100\/100\n|turn|3\n|inactive|karmacut105 has 30 seconds left.\n|inactive|karmacut105 has 20 seconds left.\n|\n|t:|1683343183\n|move|p1b: BathingApe|Protect|p1b: BathingApe\n|-singleturn|p1b: BathingApe|Protect\n|move|p2a: Talonflame|Brave Bird|p1b: BathingApe\n|-activate|p1b: BathingApe|move: Protect\n|move|p2b: Tyranitar|Heavy Slam|p1a: Gucci Mane\n|-supereffective|p1a: Gucci Mane\n|-damage|p1a: Gucci Mane|4\/100\n|move|p1a: Gucci Mane|Trick Room|p1a: Gucci Mane\n|-fieldstart|move: Trick Room|[of] p1a: Gucci Mane\n|\n|-weather|Sandstorm|[upkeep]\n|-damage|p1a: Gucci Mane|0 fnt|[from] Sandstorm\n|-damage|p1b: BathingApe|30\/100|[from] Sandstorm\n|faint|p1a: Gucci Mane\n|-end|p1a: Gucci Mane|Protosynthesis|[silent]\n|upkeep\n|\n|t:|1683343198\n|switch|p1a: Raphael|Torkoal, L50, M|100\/100\n|-weather|SunnyDay|[from] ability: Drought|[of] p1a: Raphael\n|turn|4\n|\n|t:|1683343219\n|switch|p2b: Iron Bundle|Iron Bundle, L50, shiny|100\/100\n|-enditem|p2b: Iron Bundle|Booster Energy\n|-activate|p2b: Iron Bundle|ability: Quark Drive|[fromitem]\n|-start|p2b: Iron Bundle|quarkdrivespe\n|move|p1a: Raphael|Heat Wave|p2a: Talonflame|[spread] p2a,p2b\n|-resisted|p2a: Talonflame\n|-damage|p2a: Talonflame|0 fnt\n|-damage|p2b: Iron Bundle|0 fnt\n|faint|p2a: Talonflame\n|faint|p2b: Iron Bundle\n|-end|p2b: Iron Bundle|Quark Drive|[silent]\n|move|p1b: BathingApe|Rage Fist|p2: Talonflame|[notarget]\n|-fail|p1b: BathingApe\n|\n|-weather|SunnyDay|[upkeep]\n|-sideend|p2: karmacut105|move: Tailwind\n|upkeep\n|\n|t:|1683343232\n|switch|p2b: Tyranitar|Tyranitar, L50, F, tera:Ground|32\/100\n|switch|p2a: Flutter Mane|Flutter Mane, L50|100\/100\n|-weather|Sandstorm|[from] ability: Sand Stream|[of] p2b: Tyranitar\n|turn|5\n|\n|t:|1683343253\n|move|p1a: Raphael|Heat Wave|p2b: Tyranitar|[spread] p2a,p2b\n|-damage|p2a: Flutter Mane|58\/100\n|-damage|p2b: Tyranitar|3\/100\n|move|p2b: Tyranitar|Low Kick|p1a: Raphael\n|-damage|p1a: Raphael|78\/100\n|move|p1b: BathingApe|Rage Fist|p2a: Flutter Mane\n|-supereffective|p2a: Flutter Mane\n|-damage|p2a: Flutter Mane|0 fnt\n|faint|p2a: Flutter Mane\n|-end|p2a: Flutter Mane|Protosynthesis|[silent]\n|\n|-weather|Sandstorm|[upkeep]\n|-damage|p1a: Raphael|72\/100|[from] Sandstorm\n|-damage|p1b: BathingApe|24\/100|[from] Sandstorm\n|upkeep\n|turn|6\n|\n|t:|1683343268\n|move|p1a: Raphael|Heat Wave|p2b: Tyranitar\n|-damage|p2b: Tyranitar|0 fnt\n|faint|p2b: Tyranitar\n|\n|win|supaflytnt\n|raw|supaflytnt's rating: 1140 → 1160<\/strong> (+20 for winning)\n|raw|karmacut105's rating: 1068 → 1052<\/strong> (-16 for losing)\n|c|\u2606supaflytnt|gg\n|c|\u2606karmacut105|gg\n|l|\u2606karmacut105\n","uploadtime":1683343318,"views":14,"p1id":"supaflytnt","p2id":"karmacut105","formatid":"gen9vgc2023regulationc","rating":1052,"private":0,"password":""}