{"id":"gen9vgc2023regulationc-1857872774","p1":"supaflytnt","p2":"KinGanon","format":"[Gen 9] VGC 2023 Regulation C","log":"|j|\u2606supaflytnt\n|j|\u2606KinGanon\n|t:|1683241447\n|gametype|doubles\n|player|p1|supaflytnt|266|1337\n|player|p2|KinGanon|ingo|1316\n|teamsize|p1|6\n|teamsize|p2|6\n|gen|9\n|tier|[Gen 9] VGC 2023 Regulation C\n|rated|\n|rule|Species Clause: Limit one of each Pok\u00e9mon\n|rule|Item Clause: Limit one of each item\n|clearpoke\n|poke|p1|Palafin, L50, F|\n|poke|p1|Hydreigon, L50, F|\n|poke|p1|Flutter Mane, L50|\n|poke|p1|Arcanine, L50, M|\n|poke|p1|Orthworm, L50, F|\n|poke|p1|Torkoal, L50, F|\n|poke|p2|Slowking, L50, F|\n|poke|p2|Bellibolt, L50, F|\n|poke|p2|Abomasnow, L50, M|\n|poke|p2|Cetitan, L50, M|\n|poke|p2|Annihilape, L50, F|\n|poke|p2|Maushold, L50|\n|teampreview|4\n|inactive|Battle timer is ON: inactive players will automatically lose when time's up. (requested by KinGanon)\n|inactive|supaflytnt has 60 seconds left.\n|inactive|KinGanon has 60 seconds left.\n|\n|t:|1683241487\n|start\n|switch|p1a: Gucci Mane|Flutter Mane, L50, shiny|100\/100\n|switch|p1b: Earthworm Jim|Orthworm, L50, F|100\/100\n|switch|p2a: Slowking|Slowking, L50, F|100\/100\n|switch|p2b: Annihilape|Annihilape, L50, F|100\/100\n|turn|1\n|inactive|supaflytnt has 30 seconds left.\n|\n|t:|1683241514\n|move|p2b: Annihilape|Protect|p2b: Annihilape\n|-singleturn|p2b: Annihilape|Protect\n|move|p1b: Earthworm Jim|Shed Tail|p1b: Earthworm Jim\n|-start|p1b: Earthworm Jim|Substitute|[from] move: Shed Tail\n|-damage|p1b: Earthworm Jim|50\/100\n|-enditem|p1b: Earthworm Jim|Sitrus Berry|[eat]\n|-heal|p1b: Earthworm Jim|75\/100|[from] item: Sitrus Berry\n|\n|t:|1683241525\n|switch|p1b: Ed Edd Eddy|Hydreigon, L50, F|100\/100|[from] Shed Tail\n|move|p2a: Slowking|Bulldoze|p1b: Ed Edd Eddy|[spread] p1a\n|-activate|p2b: Annihilape|move: Protect\n|-immune|p1b: Ed Edd Eddy|[from] ability: Levitate\n|-damage|p1a: Gucci Mane|92\/100\n|-unboost|p1a: Gucci Mane|spe|1\n|move|p1a: Gucci Mane|Trick Room|p1a: Gucci Mane\n|-fieldstart|move: Trick Room|[of] p1a: Gucci Mane\n|\n|upkeep\n|turn|2\n|\n|t:|1683241549\n|-terastallize|p2b: Annihilape|Fire\n|move|p1a: Gucci Mane|Substitute|p1a: Gucci Mane\n|-start|p1a: Gucci Mane|Substitute\n|-damage|p1a: Gucci Mane|67\/100\n|move|p1b: Ed Edd Eddy|Focus Energy|p1b: Ed Edd Eddy\n|-start|p1b: Ed Edd Eddy|move: Focus Energy\n|move|p2b: Annihilape|Rage Fist|p1a: Gucci Mane\n|-supereffective|p1a: Gucci Mane\n|-end|p1a: Gucci Mane|Substitute\n|move|p2a: Slowking|Trick Room|p2a: Slowking\n|-fieldend|move: Trick Room\n|\n|upkeep\n|turn|3\n|inactive|supaflytnt has 30 seconds left.\n|\n|t:|1683241576\n|-end|p1a: Gucci Mane|Protosynthesis|[silent]\n|switch|p1a: Earthworm Jim|Orthworm, L50, F|75\/100\n|move|p2b: Annihilape|Rage Fist|p1a: Earthworm Jim\n|-damage|p1a: Earthworm Jim|58\/100\n|move|p1b: Ed Edd Eddy|Draco Meteor|p2b: Annihilape\n|-crit|p2b: Annihilape\n|-damage|p2b: Annihilape|15\/100\n|-unboost|p1b: Ed Edd Eddy|spa|2\n|move|p2a: Slowking|Bulldoze|p1b: Ed Edd Eddy|[spread] p2b\n|-heal|p1a: Earthworm Jim|83\/100|[from] ability: Earth Eater|[of] p2a: Slowking\n|-immune|p1b: Ed Edd Eddy|[from] ability: Levitate\n|-supereffective|p2b: Annihilape\n|-damage|p2b: Annihilape|0 fnt\n|faint|p2b: Annihilape\n|\n|upkeep\n|\n|t:|1683241586\n|switch|p2b: Cetitan|Cetitan, L50, M|100\/100\n|turn|4\n|\n|t:|1683241606\n|move|p1b: Ed Edd Eddy|Draco Meteor|p2b: Cetitan\n|-crit|p2b: Cetitan\n|-damage|p2b: Cetitan|0 fnt\n|-unboost|p1b: Ed Edd Eddy|spa|2\n|faint|p2b: Cetitan\n|move|p1a: Earthworm Jim|Body Press|p2a: Slowking\n|-resisted|p2a: Slowking\n|-damage|p2a: Slowking|88\/100\n|move|p2a: Slowking|Chilly Reception|p2a: Slowking\n|-weather|Snow\n|\n|t:|1683241610\n|switch|p2a: Maushold|Maushold, L50|100\/100|[from] Chilly Reception\n|\n|-weather|Snow|[upkeep]\n|upkeep\n|\n|t:|1683241614\n|switch|p2b: Slowking|Slowking, L50, F|88\/100\n|turn|5\n|\n|t:|1683241630\n|move|p2a: Maushold|Beat Up|p1a: Earthworm Jim\n|-damage|p1a: Earthworm Jim|81\/100\n|-damage|p1a: Earthworm Jim|80\/100\n|-hitcount|p1a: Earthworm Jim|2\n|move|p1b: Ed Edd Eddy|Draco Meteor|p2b: Slowking\n|-crit|p2b: Slowking\n|-damage|p2b: Slowking|40\/100\n|-unboost|p1b: Ed Edd Eddy|spa|2\n|move|p1a: Earthworm Jim|Body Press|p2a: Maushold\n|-supereffective|p2a: Maushold\n|-damage|p2a: Maushold|38\/100\n|move|p2b: Slowking|Psychic|p1a: Earthworm Jim\n|-resisted|p1a: Earthworm Jim\n|-damage|p1a: Earthworm Jim|60\/100\n|\n|-weather|Snow|[upkeep]\n|upkeep\n|turn|6\n|\n|t:|1683241647\n|move|p2a: Maushold|Taunt|p1a: Earthworm Jim\n|-start|p1a: Earthworm Jim|move: Taunt\n|move|p1b: Ed Edd Eddy|Draco Meteor|p2b: Slowking\n|-crit|p2b: Slowking\n|-damage|p2b: Slowking|0 fnt\n|faint|p2b: Slowking\n|move|p1a: Earthworm Jim|Body Press|p2a: Maushold\n|-supereffective|p2a: Maushold\n|-damage|p2a: Maushold|0 fnt\n|faint|p2a: Maushold\n|\n|win|supaflytnt\n|raw|supaflytnt's rating: 1337 → 1356<\/strong> (+19 for winning)\n|raw|KinGanon's rating: 1316 → 1297<\/strong> (-19 for losing)\n|l|\u2606KinGanon\n","uploadtime":1683241747,"views":10,"p1id":"supaflytnt","p2id":"kinganon","formatid":"gen9vgc2023regulationc","rating":1297,"private":0,"password":""}