{"id":"gen9vgc2023regulationc-1847861574","p1":"TharoksVGC","p2":"ff4t","format":"[Gen 9] VGC 2023 Regulation C","log":"|j|\u2606TharoksVGC\n|j|\u2606ff4t\n|t:|1682008014\n|gametype|doubles\n|player|p1|TharoksVGC|hoopster|1061\n|player|p2|ff4t|170|1031\n|teamsize|p1|6\n|teamsize|p2|6\n|gen|9\n|tier|[Gen 9] VGC 2023 Regulation C\n|rated|\n|rule|Species Clause: Limit one of each Pok\u00e9mon\n|rule|Item Clause: Limit one of each item\n|clearpoke\n|poke|p1|Forretress, L50, F|\n|poke|p1|Chien-Pao, L50|\n|poke|p1|Gastrodon-East, L50, F|\n|poke|p1|Ting-Lu, L50|\n|poke|p1|Talonflame, L50, F|\n|poke|p1|Arcanine, L50, M|\n|poke|p2|Palafin, L50, F|\n|poke|p2|Flutter Mane, L50|\n|poke|p2|Arcanine, L50, F|\n|poke|p2|Amoonguss, L50, M|\n|poke|p2|Ting-Lu, L50|\n|poke|p2|Roaring Moon, L50|\n|teampreview|4\n|inactive|Battle timer is ON: inactive players will automatically lose when time's up. (requested by ff4t)\n|\n|t:|1682008069\n|start\n|switch|p1a: Gastrodon|Gastrodon-East, L50, F|100\/100\n|switch|p1b: Talonflame|Talonflame, L50, F|100\/100\n|switch|p2a: Arcanine|Arcanine, L50, F|100\/100\n|switch|p2b: Flutter Mane|Flutter Mane, L50|100\/100\n|-ability|p2a: Arcanine|Intimidate|boost\n|-unboost|p1a: Gastrodon|atk|1\n|-unboost|p1b: Talonflame|atk|1\n|turn|1\n|\n|t:|1682008091\n|move|p1b: Talonflame|Tailwind|p1b: Talonflame\n|-sidestart|p1: TharoksVGC|move: Tailwind\n|move|p2b: Flutter Mane|Thunderbolt|p1b: Talonflame\n|-supereffective|p1b: Talonflame\n|-damage|p1b: Talonflame|0 fnt\n|faint|p1b: Talonflame\n|move|p1a: Gastrodon|Muddy Water|p2b: Flutter Mane|[spread] p2a,p2b\n|-supereffective|p2a: Arcanine\n|-damage|p2a: Arcanine|41\/100\n|-damage|p2b: Flutter Mane|67\/100\n|move|p2a: Arcanine|Will-O-Wisp|p1a: Gastrodon|[miss]\n|-miss|p2a: Arcanine|p1a: Gastrodon\n|\n|upkeep\n|\n|t:|1682008116\n|switch|p1b: Chien-Pao|Chien-Pao, L50|100\/100\n|-ability|p1b: Chien-Pao|Sword of Ruin\n|turn|2\n|\n|t:|1682008128\n|-end|p2b: Flutter Mane|Protosynthesis|[silent]\n|switch|p2b: Ting-Lu|Ting-Lu, L50|100\/100\n|-ability|p2b: Ting-Lu|Vessel of Ruin\n|move|p1b: Chien-Pao|Protect|p1b: Chien-Pao\n|-singleturn|p1b: Chien-Pao|Protect\n|move|p2a: Arcanine|Protect|p2a: Arcanine\n|-singleturn|p2a: Arcanine|Protect\n|move|p1a: Gastrodon|Muddy Water|p2a: Arcanine|[spread] p2b\n|-activate|p2a: Arcanine|move: Protect\n|-supereffective|p2b: Ting-Lu\n|-damage|p2b: Ting-Lu|65\/100\n|-unboost|p2b: Ting-Lu|accuracy|1\n|\n|upkeep\n|turn|3\n|inactive|ff4t has 30 seconds left.\n|inactive|ff4t has 20 seconds left.\n|inactive|ff4t has 15 seconds left.\n|inactive|ff4t has 10 seconds left.\n|inactive|TharoksVGC has 30 seconds left.\n|\n|t:|1682008181\n|move|p1b: Chien-Pao|Throat Chop|p2a: Arcanine\n|-damage|p2a: Arcanine|0 fnt\n|faint|p2a: Arcanine\n|move|p1a: Gastrodon|Muddy Water|p2b: Ting-Lu\n|-supereffective|p2b: Ting-Lu\n|-damage|p2b: Ting-Lu|17\/100\n|-enditem|p2b: Ting-Lu|Aguav Berry|[eat]\n|-heal|p2b: Ting-Lu|50\/100|[from] item: Aguav Berry\n|move|p2b: Ting-Lu|Heavy Slam|p1b: Chien-Pao\n|-supereffective|p1b: Chien-Pao\n|-damage|p1b: Chien-Pao|8\/100\n|\n|upkeep\n|\n|t:|1682008199\n|switch|p2a: Flutter Mane|Flutter Mane, L50|67\/100\n|turn|4\n|\n|t:|1682008218\n|-terastallize|p2a: Flutter Mane|Fairy\n|move|p1b: Chien-Pao|Ice Spinner|p2b: Ting-Lu\n|-supereffective|p2b: Ting-Lu\n|-damage|p2b: Ting-Lu|0 fnt\n|faint|p2b: Ting-Lu\n|move|p2a: Flutter Mane|Dazzling Gleam|p1b: Chien-Pao|[spread] p1a,p1b\n|-supereffective|p1b: Chien-Pao\n|-damage|p1a: Gastrodon|34\/100\n|-damage|p1b: Chien-Pao|0 fnt\n|faint|p1b: Chien-Pao\n|move|p1a: Gastrodon|Muddy Water|p2a: Flutter Mane\n|-damage|p2a: Flutter Mane|27\/100\n|\n|-sideend|p1: TharoksVGC|move: Tailwind\n|upkeep\n|\n|t:|1682008233\n|switch|p1b: Forretress|Forretress, L50, F|100\/100\n|switch|p2b: Roaring Moon|Roaring Moon, L50|100\/100\n|-enditem|p2b: Roaring Moon|Booster Energy\n|-activate|p2b: Roaring Moon|ability: Protosynthesis|[fromitem]\n|-start|p2b: Roaring Moon|protosynthesisatk\n|turn|5\n|inactive|TharoksVGC has 30 seconds left.\n|\n|t:|1682008264\n|-terastallize|p1a: Gastrodon|Poison\n|move|p2a: Flutter Mane|Dazzling Gleam|p1a: Gastrodon|[spread] p1a,p1b\n|-resisted|p1a: Gastrodon\n|-resisted|p1b: Forretress\n|-damage|p1a: Gastrodon|1\/100\n|-damage|p1b: Forretress|57\/100\n|move|p2b: Roaring Moon|Dragon Dance|p2b: Roaring Moon\n|-boost|p2b: Roaring Moon|atk|1\n|-boost|p2b: Roaring Moon|spe|1\n|move|p1b: Forretress|Pin Missile|p2b: Roaring Moon\n|-supereffective|p2b: Roaring Moon\n|-damage|p2b: Roaring Moon|70\/100\n|-supereffective|p2b: Roaring Moon\n|-damage|p2b: Roaring Moon|39\/100\n|-supereffective|p2b: Roaring Moon\n|-damage|p2b: Roaring Moon|8\/100\n|-supereffective|p2b: Roaring Moon\n|-damage|p2b: Roaring Moon|0 fnt\n|faint|p2b: Roaring Moon\n|-end|p2b: Roaring Moon|Protosynthesis|[silent]\n|-hitcount|p2: Roaring Moon|4\n|move|p1a: Gastrodon|Muddy Water|p2a: Flutter Mane\n|-damage|p2a: Flutter Mane|0 fnt\n|faint|p2a: Flutter Mane\n|-end|p2a: Flutter Mane|Protosynthesis|[silent]\n|\n|win|TharoksVGC\n|raw|TharoksVGC's rating: 1061 → 1089<\/strong> (+28 for winning)\n|raw|ff4t's rating: 1031 → 1018<\/strong> (-13 for losing)\n|c|\u2606TharoksVGC|gg\n|l|\u2606ff4t\n","uploadtime":1682008287,"views":10,"p1id":"tharoksvgc","p2id":"ff4t","formatid":"gen9vgc2023regulationc","rating":1018,"private":0,"password":""}