{"id":"gen9vgc2023regulationc-1850875471","p1":"Jesus Bug","p2":"CatCookie01","format":"[Gen 9] VGC 2023 Regulation C","log":"|j|\u2606Jesus Bug\n|j|\u2606CatCookie01\n|t:|1682377095\n|gametype|doubles\n|player|p1|Jesus Bug|li|1184\n|player|p2|CatCookie01|pokekid|1204\n|teamsize|p1|6\n|teamsize|p2|6\n|gen|9\n|tier|[Gen 9] VGC 2023 Regulation C\n|rated|\n|rule|Species Clause: Limit one of each Pok\u00e9mon\n|rule|Item Clause: Limit one of each item\n|clearpoke\n|poke|p1|Rabsca, L50, M|\n|poke|p1|Ting-Lu, L50|\n|poke|p1|Iron Bundle, L50|\n|poke|p1|Gholdengo, L50|\n|poke|p1|Iron Hands, L50|\n|poke|p1|Grimmsnarl, L50, M|\n|poke|p2|Chi-Yu, L50|\n|poke|p2|Ting-Lu, L50|\n|poke|p2|Espathra, L50, F|\n|poke|p2|Great Tusk, L50|\n|poke|p2|Gholdengo, L50|\n|poke|p2|Iron Bundle, L50|\n|teampreview|4\n|inactive|Battle timer is ON: inactive players will automatically lose when time's up. (requested by CatCookie01)\n|c|\u2606Jesus Bug|hf\n|c|\u2606CatCookie01|u2\n|inactive|CatCookie01 has 60 seconds left.\n|\n|t:|1682377132\n|start\n|switch|p1a: Iron Bundle|Iron Bundle, L50|100\/100\n|switch|p1b: Ting-Lu|Ting-Lu, L50|100\/100\n|switch|p2a: Gholdengo|Gholdengo, L50|100\/100\n|switch|p2b: Espathra|Espathra, L50, F|100\/100\n|-ability|p1b: Ting-Lu|Vessel of Ruin\n|turn|1\n|inactive|Jesus Bug has 30 seconds left.\n|inactive|CatCookie01 has 30 seconds left.\n|\n|t:|1682377161\n|-end|p1a: Iron Bundle|Quark Drive|[silent]\n|switch|p1a: Iron Hands|Iron Hands, L50|100\/100\n|-terastallize|p2a: Gholdengo|Fairy\n|move|p2b: Espathra|Helping Hand|p2a: Gholdengo\n|-immune|p2a: Gholdengo|[from] ability: Good as Gold\n|move|p2a: Gholdengo|Dazzling Gleam|p1a: Iron Hands|[spread] p1a,p1b\n|-supereffective|p1a: Iron Hands\n|-supereffective|p1b: Ting-Lu\n|-damage|p1a: Iron Hands|56\/100\n|-damage|p1b: Ting-Lu|54\/100\n|move|p1b: Ting-Lu|Stomping Tantrum|p2a: Gholdengo\n|-damage|p2a: Gholdengo|71\/100\n|\n|-heal|p1b: Ting-Lu|60\/100|[from] item: Leftovers\n|-ability|p2b: Espathra|Speed Boost|boost\n|-boost|p2b: Espathra|spe|1\n|upkeep\n|turn|2\n|\n|t:|1682377182\n|move|p1a: Iron Hands|Fake Out|p2a: Gholdengo\n|-damage|p2a: Gholdengo|55\/100\n|move|p2b: Espathra|Lumina Crash|p1a: Iron Hands\n|-supereffective|p1a: Iron Hands\n|-damage|p1a: Iron Hands|30\/100\n|-unboost|p1a: Iron Hands|spd|2\n|cant|p2a: Gholdengo|flinch\n|move|p1b: Ting-Lu|Heavy Slam|p2a: Gholdengo\n|-supereffective|p2a: Gholdengo\n|-damage|p2a: Gholdengo|0 fnt\n|faint|p2a: Gholdengo\n|\n|-heal|p1b: Ting-Lu|67\/100|[from] item: Leftovers\n|-ability|p2b: Espathra|Speed Boost|boost\n|-boost|p2b: Espathra|spe|1\n|upkeep\n|l|\u2606Jesus Bug\n|inactive|Jesus Bug disconnected and has a minute to reconnect!\n|player|p1|\n|\n|t:|1682377206\n|switch|p2a: Ting-Lu|Ting-Lu, L50|100\/100\n|-ability|p2a: Ting-Lu|Vessel of Ruin\n|turn|3\n|inactive|Jesus Bug has 30 seconds left.\n|inactive|Jesus Bug has 20 seconds left.\n|j|\u2606Jesus Bug\n|inactive|Jesus Bug reconnected and has 20 seconds left.\n|player|p1|Jesus Bug|li\n|n|\u2606Jesus Bug|jesusbug\n|inactive|Jesus Bug has 15 seconds left.\n|inactive|Jesus Bug has 10 seconds left.\n|\n|t:|1682377255\n|-end|p1a: Iron Hands|Quark Drive|[silent]\n|switch|p1a: Rabsca|Rabsca, L50, M|100\/100\n|move|p1b: Ting-Lu|Protect|p1b: Ting-Lu\n|-singleturn|p1b: Ting-Lu|Protect\n|move|p2b: Espathra|Lumina Crash|p1a: Rabsca\n|-resisted|p1a: Rabsca\n|-damage|p1a: Rabsca|89\/100\n|-unboost|p1a: Rabsca|spd|2\n|move|p2a: Ting-Lu|Fissure|p1b: Ting-Lu\n|-activate|p1b: Ting-Lu|move: Protect\n|\n|-heal|p1b: Ting-Lu|73\/100|[from] item: Leftovers\n|-ability|p2b: Espathra|Speed Boost|boost\n|-boost|p2b: Espathra|spe|1\n|upkeep\n|turn|4\n|inactive|Jesus Bug has 30 seconds left.\n|\n|t:|1682377285\n|move|p2b: Espathra|Lumina Crash|p1a: Rabsca\n|-resisted|p1a: Rabsca\n|-damage|p1a: Rabsca|69\/100\n|-unboost|p1a: Rabsca|spd|2\n|move|p1b: Ting-Lu|Stomping Tantrum|p2b: Espathra\n|-damage|p2b: Espathra|65\/100\n|move|p2a: Ting-Lu|Fissure|p1b: Ting-Lu|[miss]\n|-miss|p2a: Ting-Lu|p1b: Ting-Lu\n|move|p1a: Rabsca|Bug Buzz|p2b: Espathra\n|-supereffective|p2b: Espathra\n|-damage|p2b: Espathra|0 fnt\n|faint|p2b: Espathra\n|\n|-heal|p1b: Ting-Lu|79\/100|[from] item: Leftovers\n|upkeep\n|\n|t:|1682377294\n|switch|p2b: Chi-Yu|Chi-Yu, L50|100\/100\n|-ability|p2b: Chi-Yu|Beads of Ruin\n|turn|5\n|\n|t:|1682377307\n|move|p1a: Rabsca|Protect|p1a: Rabsca\n|-singleturn|p1a: Rabsca|Protect\n|move|p2b: Chi-Yu|Heat Wave|p1b: Ting-Lu|[spread] p1b\n|-activate|p1a: Rabsca|move: Protect\n|-damage|p1b: Ting-Lu|56\/100\n|move|p1b: Ting-Lu|Stomping Tantrum|p2b: Chi-Yu\n|-supereffective|p2b: Chi-Yu\n|-damage|p2b: Chi-Yu|7\/100\n|move|p2a: Ting-Lu|Fissure|p1b: Ting-Lu|[miss]\n|-miss|p2a: Ting-Lu|p1b: Ting-Lu\n|\n|-heal|p1b: Ting-Lu|63\/100|[from] item: Leftovers\n|upkeep\n|turn|6\n|\n|t:|1682377322\n|switch|p1a: Iron Hands|Iron Hands, L50|30\/100\n|move|p2b: Chi-Yu|Heat Wave|p1a: Iron Hands|[spread] p1a,p1b\n|-damage|p1a: Iron Hands|9\/100\n|-damage|p1b: Ting-Lu|41\/100\n|-status|p1a: Iron Hands|brn\n|move|p1b: Ting-Lu|Stomping Tantrum|p2b: Chi-Yu\n|-supereffective|p2b: Chi-Yu\n|-damage|p2b: Chi-Yu|0 fnt\n|faint|p2b: Chi-Yu\n|move|p2a: Ting-Lu|Fissure|p1b: Ting-Lu|[miss]\n|-miss|p2a: Ting-Lu|p1b: Ting-Lu\n|\n|-heal|p1b: Ting-Lu|48\/100|[from] item: Leftovers\n|-damage|p1a: Iron Hands|3\/100 brn|[from] brn\n|upkeep\n|turn|7\n|\n|t:|1682377337\n|switch|p1b: Rabsca|Rabsca, L50, M|69\/100\n|move|p1a: Iron Hands|Drain Punch|p2a: Ting-Lu\n|-supereffective|p2a: Ting-Lu\n|-damage|p2a: Ting-Lu|74\/100\n|-heal|p1a: Iron Hands|17\/100 brn|[from] drain|[of] p2a: Ting-Lu\n|move|p2a: Ting-Lu|Fissure|p1b: Rabsca|[miss]\n|-miss|p2a: Ting-Lu|p1b: Rabsca\n|\n|-heal|p2a: Ting-Lu|80\/100|[from] item: Leftovers\n|-damage|p1a: Iron Hands|11\/100 brn|[from] brn\n|upkeep\n|turn|8\n|\n|t:|1682377359\n|move|p1a: Iron Hands|Drain Punch|p2a: Ting-Lu\n|-supereffective|p2a: Ting-Lu\n|-damage|p2a: Ting-Lu|50\/100\n|-heal|p1a: Iron Hands|26\/100 brn|[from] drain|[of] p2a: Ting-Lu\n|move|p2a: Ting-Lu|Fissure|p1a: Iron Hands|[miss]\n|-miss|p2a: Ting-Lu|p1a: Iron Hands\n|move|p1b: Rabsca|Bug Buzz|p2a: Ting-Lu\n|-supereffective|p2a: Ting-Lu\n|-damage|p2a: Ting-Lu|0 fnt\n|faint|p2a: Ting-Lu\n|\n|win|Jesus Bug\n|raw|Jesus Bug's rating: 1184 → 1210<\/strong> (+26 for winning)\n|raw|CatCookie01's rating: 1204 → 1178<\/strong> (-26 for losing)\n","uploadtime":1682377376,"views":11,"p1id":"jesusbug","p2id":"catcookie01","formatid":"gen9vgc2023regulationc","rating":1178,"private":0,"password":""}