{"id":"gen9vgc2023regulationc-1846483823","p1":"200 routes","p2":"infinitygroudon","format":"[Gen 9] VGC 2023 Regulation C","log":"|j|\u2606200 routes\n|j|\u2606infinitygroudon\n|t:|1681844665\n|gametype|doubles\n|player|p1|200 routes|170|1417\n|player|p2|infinitygroudon|101|1521\n|teamsize|p1|6\n|teamsize|p2|6\n|gen|9\n|tier|[Gen 9] VGC 2023 Regulation C\n|rated|\n|rule|Species Clause: Limit one of each Pok\u00e9mon\n|rule|Item Clause: Limit one of each item\n|clearpoke\n|poke|p1|Scizor, L50, M|\n|poke|p1|Iron Bundle, L50|\n|poke|p1|Iron Hands, L50|\n|poke|p1|Baxcalibur, L50, F|\n|poke|p1|Amoonguss, L50, M|\n|poke|p1|Flutter Mane, L50|\n|poke|p2|Ting-Lu, L50|\n|poke|p2|Amoonguss, L50, F|\n|poke|p2|Corviknight, L50, F|\n|poke|p2|Palafin, L50, F|\n|poke|p2|Farigiraf, L50, M|\n|poke|p2|Chi-Yu, L50|\n|teampreview|4\ninfinitygroudon has agreed to open team sheets.\n200 routes has agreed to open team sheets.\n|inactive|Battle timer is ON: inactive players will automatically lose when time's up. (requested by 200 routes)\n|inactive|200 routes has 60 seconds left.\n|\n|t:|1681844714\n|start\n|switch|p1a: Iron Hands|Iron Hands, L50|100\/100\n|switch|p1b: Baxcalibur|Baxcalibur, L50, F|100\/100\n|switch|p2a: Farigiraf|Farigiraf, L50, M|100\/100\n|switch|p2b: Chi-Yu|Chi-Yu, L50|100\/100\n|-ability|p2b: Chi-Yu|Beads of Ruin\n|turn|1\n|inactive|200 routes has 30 seconds left.\n|\n|t:|1681844747\n|move|p2b: Chi-Yu|Protect|p2b: Chi-Yu\n|-singleturn|p2b: Chi-Yu|Protect\n|move|p1b: Baxcalibur|Glaive Rush|p2a: Farigiraf\n|-crit|p2a: Farigiraf\n|-damage|p2a: Farigiraf|3\/100\n|-singlemove|p1b: Baxcalibur|Glaive Rush|[silent]\n|-enditem|p2a: Farigiraf|Sitrus Berry|[eat]\n|-heal|p2a: Farigiraf|28\/100|[from] item: Sitrus Berry\n|move|p2a: Farigiraf|Psychic|p1a: Iron Hands\n|-supereffective|p1a: Iron Hands\n|-damage|p1a: Iron Hands|50\/100\n|move|p1a: Iron Hands|Drain Punch|p2b: Chi-Yu\n|-activate|p2b: Chi-Yu|move: Protect\n|\n|upkeep\n|turn|2\n|inactive|200 routes has 30 seconds left.\n|inactive|infinitygroudon has 30 seconds left.\n|\n|t:|1681844777\n|move|p2a: Farigiraf|Protect|p2a: Farigiraf\n|-singleturn|p2a: Farigiraf|Protect\n|move|p2b: Chi-Yu|Heat Wave|p1b: Baxcalibur|[spread] p1b\n|-miss|p2b: Chi-Yu|p1a: Iron Hands\n|-damage|p1b: Baxcalibur|0 fnt\n|faint|p1b: Baxcalibur\n|-damage|p2b: Chi-Yu|90\/100|[from] item: Life Orb\n|move|p1a: Iron Hands|Drain Punch|p2b: Chi-Yu\n|-supereffective|p2b: Chi-Yu\n|-damage|p2b: Chi-Yu|0 fnt\n|-heal|p1a: Iron Hands|73\/100|[from] drain|[of] p2b: Chi-Yu\n|faint|p2b: Chi-Yu\n|\n|upkeep\n|\n|t:|1681844790\n|switch|p2b: Ting-Lu|Ting-Lu, L50|100\/100\n|switch|p1b: Iron Bundle|Iron Bundle, L50|100\/100\n|-ability|p2b: Ting-Lu|Vessel of Ruin\n|-enditem|p1b: Iron Bundle|Booster Energy\n|-activate|p1b: Iron Bundle|ability: Quark Drive|[fromitem]\n|-start|p1b: Iron Bundle|quarkdrivespe\n|turn|3\n|inactive|infinitygroudon has 30 seconds left.\n|\n|t:|1681844817\n|switch|p2a: Corviknight|Corviknight, L50, F|100\/100\n|-terastallize|p2b: Ting-Lu|Water\n|move|p1b: Iron Bundle|Freeze-Dry|p2a: Corviknight\n|-damage|p2a: Corviknight|81\/100\n|move|p1a: Iron Hands|Drain Punch|p2b: Ting-Lu\n|-damage|p2b: Ting-Lu|83\/100\n|-heal|p1a: Iron Hands|81\/100|[from] drain|[of] p2b: Ting-Lu\n|move|p2b: Ting-Lu|Substitute|p2b: Ting-Lu\n|-start|p2b: Ting-Lu|Substitute\n|-damage|p2b: Ting-Lu|58\/100\n|\n|-heal|p2b: Ting-Lu|64\/100|[from] item: Leftovers\n|upkeep\n|turn|4\n|inactive|200 routes has 30 seconds left.\n|inactive|200 routes has 20 seconds left.\n|inactive|200 routes has 15 seconds left.\n|\n|t:|1681844859\n|-terastallize|p1a: Iron Hands|Grass\n|move|p1b: Iron Bundle|Hydro Pump|p2a: Corviknight|[miss]\n|-miss|p1b: Iron Bundle|p2a: Corviknight\n|move|p2a: Corviknight|Roost|p2a: Corviknight\n|-heal|p2a: Corviknight|100\/100\n|-singleturn|p2a: Corviknight|move: Roost\n|move|p1a: Iron Hands|Wild Charge|p2a: Corviknight\n|-damage|p2a: Corviknight|60\/100\n|-damage|p1a: Iron Hands|65\/100|[from] item: Rocky Helmet|[of] p2a: Corviknight\n|-damage|p1a: Iron Hands|57\/100|[from] Recoil\n|move|p2b: Ting-Lu|Stomping Tantrum|p1a: Iron Hands\n|-resisted|p1a: Iron Hands\n|-damage|p1a: Iron Hands|48\/100\n|\n|-heal|p2b: Ting-Lu|71\/100|[from] item: Leftovers\n|upkeep\n|turn|5\n|\n|t:|1681844883\n|move|p1b: Iron Bundle|Hydro Pump|p2a: Corviknight\n|-damage|p2a: Corviknight|28\/100\n|move|p2a: Corviknight|Brave Bird|p1a: Iron Hands\n|-supereffective|p1a: Iron Hands\n|-damage|p1a: Iron Hands|2\/100\n|-damage|p2a: Corviknight|8\/100|[from] Recoil\n|move|p1a: Iron Hands|Drain Punch|p2a: Corviknight\n|-damage|p2a: Corviknight|0 fnt\n|-heal|p1a: Iron Hands|4\/100|[from] drain|[of] p2a: Corviknight\n|-damage|p1a: Iron Hands|0 fnt|[from] item: Rocky Helmet|[of] p2a: Corviknight\n|faint|p2a: Corviknight\n|faint|p1a: Iron Hands\n|-end|p1a: Iron Hands|Quark Drive|[silent]\n|move|p2b: Ting-Lu|Ruination|p1b: Iron Bundle\n|-damage|p1b: Iron Bundle|51\/100\n|\n|-heal|p2b: Ting-Lu|77\/100|[from] item: Leftovers\n|upkeep\n|\n|t:|1681844900\n|switch|p2a: Farigiraf|Farigiraf, L50, M|28\/100\n|switch|p1a: Scizor|Scizor, L50, M|100\/100\n|turn|6\n|\n|t:|1681844917\n|move|p2a: Farigiraf|Protect|p2a: Farigiraf\n|-singleturn|p2a: Farigiraf|Protect\n|move|p1b: Iron Bundle|Freeze-Dry|p2b: Ting-Lu\n|-supereffective|p2b: Ting-Lu\n|-end|p2b: Ting-Lu|Substitute\n|move|p1a: Scizor|Trailblaze|p2b: Ting-Lu\n|-supereffective|p2b: Ting-Lu\n|-damage|p2b: Ting-Lu|50\/100\n|-boost|p1a: Scizor|spe|1\n|move|p2b: Ting-Lu|Stomping Tantrum|p1b: Iron Bundle\n|-damage|p1b: Iron Bundle|23\/100\n|\n|-heal|p2b: Ting-Lu|56\/100|[from] item: Leftovers\n|upkeep\n|turn|7\n|\n|t:|1681844939\n|move|p1b: Iron Bundle|Freeze-Dry|p2a: Farigiraf\n|-damage|p2a: Farigiraf|3\/100\n|move|p1a: Scizor|Trailblaze|p2b: Ting-Lu\n|-supereffective|p2b: Ting-Lu\n|-damage|p2b: Ting-Lu|28\/100\n|-boost|p1a: Scizor|spe|1\n|move|p2a: Farigiraf|Hyper Voice|p1b: Iron Bundle|[spread] p1a,p1b\n|-resisted|p1a: Scizor\n|-damage|p1a: Scizor|87\/100\n|-damage|p1b: Iron Bundle|0 fnt\n|faint|p1b: Iron Bundle\n|-end|p1b: Iron Bundle|Quark Drive|[silent]\n|move|p2b: Ting-Lu|Ruination|p1a: Scizor\n|-damage|p1a: Scizor|44\/100\n|\n|-heal|p2b: Ting-Lu|34\/100|[from] item: Leftovers\n|upkeep\n|turn|8\n|\n|t:|1681844960\n|move|p1a: Scizor|Trailblaze|p2b: Ting-Lu\n|-supereffective|p2b: Ting-Lu\n|-damage|p2b: Ting-Lu|5\/100\n|-boost|p1a: Scizor|spe|1\n|move|p2a: Farigiraf|Psychic|p1a: Scizor\n|-resisted|p1a: Scizor\n|-damage|p1a: Scizor|25\/100\n|move|p2b: Ting-Lu|Stomping Tantrum|p1a: Scizor\n|-damage|p1a: Scizor|0 fnt\n|faint|p1a: Scizor\n|\n|win|infinitygroudon\n|raw|200 routes's rating: 1417 → 1403<\/strong> (-14 for losing)\n|raw|infinitygroudon's rating: 1521 → 1535<\/strong> (+14 for winning)\n|l|\u2606infinitygroudon\n","uploadtime":1681844973,"views":8,"p1id":"200routes","p2id":"infinitygroudon","formatid":"gen9vgc2023regulationc","rating":1403,"private":0,"password":""}