{"id":"gen9vgc2023regulationc-1857092476","p1":"TrainerDylan24","p2":"PotatoFoe11","format":"[Gen 9] VGC 2023 Regulation C","log":"|j|\u2606TrainerDylan24\n|j|\u2606PotatoFoe11\n|t:|1683145005\n|gametype|doubles\n|player|p1|TrainerDylan24|grimsley|1102\n|player|p2|PotatoFoe11|infielder|1103\n|teamsize|p1|6\n|teamsize|p2|6\n|gen|9\n|tier|[Gen 9] VGC 2023 Regulation C\n|rated|\n|rule|Species Clause: Limit one of each Pok\u00e9mon\n|rule|Item Clause: Limit one of each item\n|clearpoke\n|poke|p1|Pincurchin, L50, M|\n|poke|p1|Iron Moth, L50|\n|poke|p1|Rotom-Wash, L50|\n|poke|p1|Baxcalibur, L50, F|\n|poke|p1|Wo-Chien, L50|\n|poke|p1|Iron Treads, L50|\n|poke|p2|Rotom-Heat, L50|\n|poke|p2|Wo-Chien, L50|\n|poke|p2|Glimmora, L50, F|\n|poke|p2|Dondozo, L50, M|\n|poke|p2|Tatsugiri, L50, M|\n|poke|p2|Gholdengo, L50|\n|teampreview|4\nPotatoFoe11 has agreed to open team sheets.\n|c|\u2606PotatoFoe11|It\u2019s rotom vs rotom\n|inactive|Battle timer is ON: inactive players will automatically lose when time's up. (requested by PotatoFoe11)\n|\n|t:|1683145045\n|start\n|switch|p1a: Iron Treads|Iron Treads, L50|100\/100\n|switch|p1b: Baxcalibur|Baxcalibur, L50, F|100\/100\n|switch|p2a: Dondozo|Dondozo, L50, M|100\/100\n|switch|p2b: Gholdengo|Gholdengo, L50|100\/100\n|-enditem|p1a: Iron Treads|Booster Energy\n|-activate|p1a: Iron Treads|ability: Quark Drive|[fromitem]\n|-start|p1a: Iron Treads|quarkdrivespe\n|turn|1\n|inactive|PotatoFoe11 has 30 seconds left.\n|\n|t:|1683145080\n|move|p2b: Gholdengo|Protect|p2b: Gholdengo\n|-singleturn|p2b: Gholdengo|Protect\n|move|p1a: Iron Treads|Stomping Tantrum|p2b: Gholdengo\n|-activate|p2b: Gholdengo|move: Protect\n|move|p1b: Baxcalibur|Stomping Tantrum|p2b: Gholdengo\n|-activate|p2b: Gholdengo|move: Protect\n|move|p2a: Dondozo|Earthquake|p1b: Baxcalibur|[spread] p1a,p1b\n|-activate|p2b: Gholdengo|move: Protect\n|-supereffective|p1a: Iron Treads\n|-damage|p1a: Iron Treads|59\/100\n|-damage|p1b: Baxcalibur|82\/100\n|\n|upkeep\n|turn|2\n|\n|t:|1683145104\n|move|p1a: Iron Treads|Stomping Tantrum|p2b: Gholdengo\n|-supereffective|p2b: Gholdengo\n|-crit|p2b: Gholdengo\n|-damage|p2b: Gholdengo|0 fnt\n|faint|p2b: Gholdengo\n|move|p1b: Baxcalibur|Dragon Dance|p1b: Baxcalibur\n|-boost|p1b: Baxcalibur|atk|1\n|-boost|p1b: Baxcalibur|spe|1\n|move|p2a: Dondozo|Wave Crash|p1a: Iron Treads\n|-supereffective|p1a: Iron Treads\n|-damage|p1a: Iron Treads|0 fnt\n|faint|p1a: Iron Treads\n|-end|p1a: Iron Treads|Quark Drive|[silent]\n|-damage|p2a: Dondozo|87\/100|[from] Recoil\n|\n|-heal|p2a: Dondozo|94\/100|[from] item: Leftovers\n|upkeep\n|\n|t:|1683145115\n|switch|p1a: Rotom|Rotom-Wash, L50|100\/100\n|switch|p2b: Tatsugiri|Tatsugiri, L50, M|100\/100\n|-activate|p2b: Tatsugiri|ability: Commander|[of] p2a: Dondozo\n|-boost|p2a: Dondozo|atk|2\n|-boost|p2a: Dondozo|spa|2\n|-boost|p2a: Dondozo|spe|2\n|-boost|p2a: Dondozo|def|2\n|-boost|p2a: Dondozo|spd|2\n|turn|3\n|\n|t:|1683145135\n|move|p1b: Baxcalibur|Glaive Rush|p2a: Dondozo\n|-damage|p2a: Dondozo|70\/100\n|-singlemove|p1b: Baxcalibur|Glaive Rush|[silent]\n|move|p1a: Rotom|Will-O-Wisp|p2a: Dondozo\n|-status|p2a: Dondozo|brn\n|move|p2a: Dondozo|Wave Crash|p1b: Baxcalibur\n|-resisted|p1b: Baxcalibur\n|-damage|p1b: Baxcalibur|37\/100\n|-damage|p2a: Dondozo|59\/100 brn|[from] Recoil\n|\n|-heal|p2a: Dondozo|65\/100 brn|[from] item: Leftovers\n|-damage|p2a: Dondozo|59\/100 brn|[from] brn\n|upkeep\n|turn|4\n|\n|t:|1683145149\n|move|p1b: Baxcalibur|Dragon Dance|p1b: Baxcalibur\n|-boost|p1b: Baxcalibur|atk|1\n|-boost|p1b: Baxcalibur|spe|1\n|move|p1a: Rotom|Thunderbolt|p2a: Dondozo\n|-supereffective|p2a: Dondozo\n|-damage|p2a: Dondozo|13\/100 brn\n|-damage|p1a: Rotom|91\/100|[from] item: Life Orb\n|move|p2a: Dondozo|Wave Crash|p1a: Rotom\n|-resisted|p1a: Rotom\n|-damage|p1a: Rotom|59\/100\n|-damage|p2a: Dondozo|8\/100 brn|[from] Recoil\n|\n|-heal|p2a: Dondozo|14\/100 brn|[from] item: Leftovers\n|-damage|p2a: Dondozo|8\/100 brn|[from] brn\n|upkeep\n|turn|5\n|\n|t:|1683145170\n|move|p1b: Baxcalibur|Dragon Dance|p1b: Baxcalibur\n|-boost|p1b: Baxcalibur|atk|1\n|-boost|p1b: Baxcalibur|spe|1\n|move|p1a: Rotom|Volt Switch|p2a: Dondozo\n|-supereffective|p2a: Dondozo\n|-damage|p2a: Dondozo|0 fnt\n|faint|p2a: Dondozo\n|-damage|p1a: Rotom|50\/100|[from] item: Life Orb\n|\n|t:|1683145175\n|switch|p1a: Pincurchin|Pincurchin, L50, M|100\/100|[from] Volt Switch\n|-fieldstart|move: Electric Terrain|[from] ability: Electric Surge|[of] p1a: Pincurchin\n|-enditem|p1a: Pincurchin|Electric Seed\n|-boost|p1a: Pincurchin|def|1|[from] item: Electric Seed\n|\n|upkeep\n|\n|t:|1683145177\n|switch|p2a: Rotom|Rotom-Heat, L50, shiny|100\/100\n|turn|6\n|\n|t:|1683145190\n|move|p1b: Baxcalibur|Glaive Rush|p2a: Rotom\n|-damage|p2a: Rotom|0 fnt\n|-singlemove|p1b: Baxcalibur|Glaive Rush|[silent]\n|faint|p2a: Rotom\n|move|p2b: Tatsugiri|Dragon Pulse|p1b: Baxcalibur\n|-supereffective|p1b: Baxcalibur\n|-damage|p1b: Baxcalibur|0 fnt\n|faint|p1b: Baxcalibur\n|move|p1a: Pincurchin|Zing Zap|p2b: Tatsugiri\n|-damage|p2b: Tatsugiri|6\/100\n|\n|upkeep\n|\n|t:|1683145199\n|switch|p1b: Rotom|Rotom-Wash, L50|50\/100\n|turn|7\n|\n|t:|1683145207\n|-terastallize|p1b: Rotom|Water\n|move|p1a: Pincurchin|Sucker Punch|p2b: Tatsugiri\n|-damage|p2b: Tatsugiri|0 fnt\n|faint|p2b: Tatsugiri\n|\n|win|TrainerDylan24\n|raw|TrainerDylan24's rating: 1102 → 1127<\/strong> (+25 for winning)\n|raw|PotatoFoe11's rating: 1103 → 1078<\/strong> (-25 for losing)\n|c|\u2606PotatoFoe11|Gg\n|l|\u2606PotatoFoe11\n","uploadtime":1683145214,"views":7,"p1id":"trainerdylan24","p2id":"potatofoe11","formatid":"gen9vgc2023regulationc","rating":1078,"private":0,"password":""}