{"id":"gen9vgc2023regulationc-1847208043","p1":"emu11","p2":"tang justin","format":"[Gen 9] VGC 2023 Regulation C","log":"|j|\u2606emu11\n|j|\u2606tang justin\n|t:|1681927888\n|gametype|doubles\n|player|p1|emu11|170|1678\n|player|p2|tang justin|169|1776\n|teamsize|p1|6\n|teamsize|p2|6\n|gen|9\n|tier|[Gen 9] VGC 2023 Regulation C\n|rated|\n|rule|Species Clause: Limit one of each Pok\u00e9mon\n|rule|Item Clause: Limit one of each item\n|clearpoke\n|poke|p1|Farigiraf, L50, F|\n|poke|p1|Iron Hands, L50|\n|poke|p1|Sylveon, L50, M|\n|poke|p1|Staraptor, L50, M|\n|poke|p1|Annihilape, L50, F|\n|poke|p1|Blissey, L50, F|\n|poke|p2|Iron Hands, L50|\n|poke|p2|Amoonguss, L50, F|\n|poke|p2|Gyarados, L50, M|\n|poke|p2|Flutter Mane, L50|\n|poke|p2|Chi-Yu, L50|\n|poke|p2|Roaring Moon, L50|\n|teampreview|4\n|\n|t:|1681927926\n|start\n|switch|p1a: Farigiraf|Farigiraf, L50, F|100\/100\n|switch|p1b: Staraptor|Staraptor, L50, M|100\/100\n|switch|p2a: Amoonguss|Amoonguss, L50, F|100\/100\n|switch|p2b: Roaring Moon|Roaring Moon, L50|100\/100\n|-enditem|p2b: Roaring Moon|Booster Energy\n|-activate|p2b: Roaring Moon|ability: Protosynthesis|[fromitem]\n|-start|p2b: Roaring Moon|protosynthesisatk\n|turn|1\n|\n|t:|1681927948\n|-terastallize|p1a: Farigiraf|Fire\n|move|p2a: Amoonguss|Rage Powder|p2a: Amoonguss\n|-singleturn|p2a: Amoonguss|move: Rage Powder\n|move|p1b: Staraptor|Final Gambit|p2a: Amoonguss\n|-damage|p2a: Amoonguss|13\/100\n|-enditem|p2a: Amoonguss|Sitrus Berry|[eat]\n|-heal|p2a: Amoonguss|38\/100|[from] item: Sitrus Berry\n|faint|p1b: Staraptor\n|move|p2b: Roaring Moon|Throat Chop|p1a: Farigiraf\n|-damage|p1a: Farigiraf|50\/100\n|-start|p1a: Farigiraf|Throat Chop|[silent]\n|move|p1a: Farigiraf|Trick Room|p1a: Farigiraf\n|-fieldstart|move: Trick Room|[of] p1a: Farigiraf\n|\n|upkeep\n|\n|t:|1681927961\n|switch|p1b: Annihilape|Annihilape, L50, F|100\/100\n|turn|2\n|\n|t:|1681927968\n|-terastallize|p2b: Roaring Moon|Flying\n|move|p2a: Amoonguss|Spore|p1a: Farigiraf\n|-ability|p1a: Farigiraf|Sap Sipper|boost\n|-boost|p1a: Farigiraf|atk|1\n|move|p1a: Farigiraf|Beat Up|p1b: Annihilape\n|-damage|p1b: Annihilape|96\/100\n|-damage|p1b: Annihilape|91\/100\n|-damage|p1b: Annihilape|85\/100\n|-hitcount|p1b: Annihilape|3\n|move|p1b: Annihilape|Rage Fist|p2b: Roaring Moon\n|-damage|p2b: Roaring Moon|0 fnt\n|faint|p2b: Roaring Moon\n|-end|p2b: Roaring Moon|Protosynthesis|[silent]\n|\n|-end|p1a: Farigiraf|Throat Chop|[silent]\n|upkeep\n|\n|t:|1681927979\n|switch|p2b: Iron Hands|Iron Hands, L50|100\/100\n|turn|3\n|\n|t:|1681927995\n|move|p2a: Amoonguss|Spore|p1b: Annihilape\n|-activate|p1b: Annihilape|item: Safety Goggles|Spore\n|move|p1a: Farigiraf|Beat Up|p1b: Annihilape\n|-damage|p1b: Annihilape|80\/100\n|-damage|p1b: Annihilape|75\/100\n|-damage|p1b: Annihilape|69\/100\n|-hitcount|p1b: Annihilape|3\n|move|p2b: Iron Hands|Drain Punch|p1a: Farigiraf\n|-damage|p1a: Farigiraf|19\/100\n|move|p1b: Annihilape|Rage Fist|p2b: Iron Hands\n|-damage|p2b: Iron Hands|0 fnt\n|faint|p2b: Iron Hands\n|-end|p2b: Iron Hands|Quark Drive|[silent]\n|\n|upkeep\n|\n|t:|1681928002\n|switch|p2b: Flutter Mane|Flutter Mane, L50|100\/100\n|turn|4\n|\n|t:|1681928023\n|move|p2a: Amoonguss|Rage Powder|p2a: Amoonguss\n|-singleturn|p2a: Amoonguss|move: Rage Powder\n|move|p1a: Farigiraf|Earthquake|p2a: Amoonguss|[spread] p1b,p2a,p2b\n|-damage|p1b: Annihilape|46\/100\n|-damage|p2a: Amoonguss|20\/100\n|-damage|p2b: Flutter Mane|62\/100\n|move|p1b: Annihilape|Bulk Up|p1b: Annihilape\n|-boost|p1b: Annihilape|atk|1\n|-boost|p1b: Annihilape|def|1\n|move|p2b: Flutter Mane|Dazzling Gleam|p1b: Annihilape|[spread] p1a,p1b\n|-resisted|p1a: Farigiraf\n|-supereffective|p1b: Annihilape\n|-damage|p1a: Farigiraf|0 fnt\n|-damage|p1b: Annihilape|0 fnt\n|faint|p1a: Farigiraf\n|faint|p1b: Annihilape\n|\n|upkeep\n|\n|t:|1681928039\n|switch|p1b: Iron Hands|Iron Hands, L50|100\/100\n|turn|5\n|-message|emu11 forfeited.\n|\n|win|tang justin\n|raw|emu11's rating: 1678 → 1663<\/strong> (-15 for losing)\n|raw|tang justin's rating: 1776 → 1791<\/strong> (+15 for winning)\n|l|\u2606emu11\n","uploadtime":1681928050,"views":44,"p1id":"emu11","p2id":"tangjustin","formatid":"gen9vgc2023regulationc","rating":1663,"private":0,"password":""}