{"id":"gen9vgc2023regulationc-1854330218","p1":"Shiningalvantula","p2":"Tayekc","format":"[Gen 9] VGC 2023 Regulation C","log":"|j|\u2606Shiningalvantula\n|j|\u2606Tayekc\n|t:|1682797776\n|gametype|doubles\n|player|p1|Shiningalvantula|101|1132\n|player|p2|Tayekc|hilbert|1105\n|teamsize|p1|6\n|teamsize|p2|6\n|gen|9\n|tier|[Gen 9] VGC 2023 Regulation C\n|rated|\n|rule|Species Clause: Limit one of each Pok\u00e9mon\n|rule|Item Clause: Limit one of each item\n|clearpoke\n|poke|p1|Annihilape, L50, F|\n|poke|p1|Ting-Lu, L50|\n|poke|p1|Palafin, L50, M|\n|poke|p1|Breloom, L50, F|\n|poke|p1|Skeledirge, L50, F|\n|poke|p1|Grimmsnarl, L50, M|\n|poke|p2|Chien-Pao, L50|\n|poke|p2|Dragapult, L50, M|\n|poke|p2|Scizor, L50, M|\n|poke|p2|Flutter Mane, L50|\n|poke|p2|Chi-Yu, L50|\n|poke|p2|Iron Bundle, L50|\n|teampreview|4\n|inactive|Battle timer is ON: inactive players will automatically lose when time's up. (requested by Shiningalvantula)\n|\n|t:|1682797815\n|start\n|switch|p1a: Grimmsnarl|Grimmsnarl, L50, M|100\/100\n|switch|p1b: Palafin|Palafin, L50, M|100\/100\n|switch|p2a: Iron Bundle|Iron Bundle, L50, shiny|100\/100\n|switch|p2b: Dragapult|Dragapult, L50, M, shiny|100\/100\n|-enditem|p2a: Iron Bundle|Booster Energy\n|-activate|p2a: Iron Bundle|ability: Quark Drive|[fromitem]\n|-start|p2a: Iron Bundle|quarkdrivespe\n|turn|1\n|\n|t:|1682797838\n|detailschange|p1b: Palafin|Palafin-Hero, L50, M\n|switch|p1b: Ting-Lu|Ting-Lu, L50|100\/100\n|-ability|p1b: Ting-Lu|Vessel of Ruin\n|move|p1a: Grimmsnarl|Reflect|p1a: Grimmsnarl\n|-sidestart|p1: Shiningalvantula|Reflect\n|move|p2a: Iron Bundle|Freeze-Dry|p1b: Ting-Lu\n|-supereffective|p1b: Ting-Lu\n|-damage|p1b: Ting-Lu|70\/100\n|move|p2b: Dragapult|U-turn|p1b: Ting-Lu\n|-supereffective|p1b: Ting-Lu\n|-damage|p1b: Ting-Lu|42\/100\n|\n|t:|1682797852\n|switch|p2b: Flutter Mane|Flutter Mane, L50|100\/100|[from] U-turn\n|\n|upkeep\n|turn|2\n|\n|t:|1682797874\n|move|p1a: Grimmsnarl|Light Screen|p1a: Grimmsnarl\n|-sidestart|p1: Shiningalvantula|move: Light Screen\n|move|p2a: Iron Bundle|Freeze-Dry|p1b: Ting-Lu\n|-supereffective|p1b: Ting-Lu\n|-damage|p1b: Ting-Lu|24\/100\n|move|p2b: Flutter Mane|Dazzling Gleam|p1a: Grimmsnarl|[spread] p1a,p1b\n|-supereffective|p1a: Grimmsnarl\n|-supereffective|p1b: Ting-Lu\n|-damage|p1a: Grimmsnarl|76\/100\n|-damage|p1b: Ting-Lu|7\/100\n|move|p1b: Ting-Lu|Heavy Slam|p2b: Flutter Mane\n|-supereffective|p2b: Flutter Mane\n|-damage|p2b: Flutter Mane|0 fnt\n|faint|p2b: Flutter Mane\n|-end|p2b: Flutter Mane|Protosynthesis|[silent]\n|\n|upkeep\n|\n|t:|1682797894\n|switch|p2b: Chien-Pao|Chien-Pao, L50|100\/100\n|-ability|p2b: Chien-Pao|Sword of Ruin\n|turn|3\n|\n|t:|1682797904\n|move|p2a: Iron Bundle|Icy Wind|p1a: Grimmsnarl|[spread] p1a,p1b\n|-supereffective|p1b: Ting-Lu\n|-damage|p1a: Grimmsnarl|68\/100\n|-damage|p1b: Ting-Lu|0 fnt\n|-unboost|p1a: Grimmsnarl|spe|1\n|faint|p1b: Ting-Lu\n|move|p2b: Chien-Pao|Ice Spinner|p1a: Grimmsnarl\n|-damage|p1a: Grimmsnarl|27\/100\n|move|p1a: Grimmsnarl|Spirit Break|p2b: Chien-Pao\n|-supereffective|p2b: Chien-Pao\n|-damage|p2b: Chien-Pao|19\/100\n|-unboost|p2b: Chien-Pao|spa|1\n|\n|upkeep\n|\n|t:|1682797920\n|switch|p1b: Breloom|Breloom, L50, F|100\/100\n|turn|4\n|\n|t:|1682797932\n|move|p2b: Chien-Pao|Protect|p2b: Chien-Pao\n|-singleturn|p2b: Chien-Pao|Protect\n|move|p1b: Breloom|Mach Punch|p2b: Chien-Pao\n|-activate|p2b: Chien-Pao|move: Protect\n|move|p1a: Grimmsnarl|Parting Shot|p2a: Iron Bundle\n|-unboost|p2a: Iron Bundle|atk|1\n|-unboost|p2a: Iron Bundle|spa|1\n|\n|t:|1682797939\n|switch|p1a: Palafin|Palafin-Hero, L50, M|100\/100|[from] Parting Shot\n|-activate|p1a: Palafin|ability: Zero to Hero\n|move|p2a: Iron Bundle|Freeze-Dry|p1b: Breloom\n|-supereffective|p1b: Breloom\n|-damage|p1b: Breloom|39\/100\n|\n|upkeep\n|turn|5\n|\n|t:|1682797959\n|switch|p2b: Dragapult|Dragapult, L50, M, shiny|100\/100\n|move|p2a: Iron Bundle|Freeze-Dry|p1b: Breloom\n|-supereffective|p1b: Breloom\n|-damage|p1b: Breloom|0 fnt\n|faint|p1b: Breloom\n|move|p1a: Palafin|Wave Crash|p2b: Dragapult\n|-resisted|p2b: Dragapult\n|-damage|p2b: Dragapult|35\/100\n|-damage|p1a: Palafin|80\/100|[from] Recoil\n|\n|upkeep\n|\n|t:|1682797969\n|switch|p1b: Grimmsnarl|Grimmsnarl, L50, M|27\/100\n|turn|6\n|inactive|Tayekc has 30 seconds left.\n|\n|t:|1682798003\n|move|p1a: Palafin|Jet Punch|p2b: Dragapult\n|-resisted|p2b: Dragapult\n|-damage|p2b: Dragapult|5\/100\n|move|p1b: Grimmsnarl|Parting Shot|p2a: Iron Bundle\n|-unboost|p2a: Iron Bundle|atk|1\n|-unboost|p2a: Iron Bundle|spa|1\n|move|p2a: Iron Bundle|Freeze-Dry|p1a: Palafin\n|-supereffective|p1a: Palafin\n|-damage|p1a: Palafin|55\/100\n|move|p2b: Dragapult|Tera Blast|p1b: Grimmsnarl\n|-damage|p1b: Grimmsnarl|18\/100\n|\n|upkeep\n|turn|7\n|\n|t:|1682798027\n|-end|p2a: Iron Bundle|Quark Drive|[silent]\n|switch|p2a: Chien-Pao|Chien-Pao, L50|19\/100\n|-ability|p2a: Chien-Pao|Sword of Ruin\n|-terastallize|p2b: Dragapult|Steel\n|move|p1a: Palafin|Jet Punch|p2b: Dragapult\n|-damage|p2b: Dragapult|0 fnt\n|faint|p2b: Dragapult\n|move|p1b: Grimmsnarl|Parting Shot|p2a: Chien-Pao\n|-hint|Since gen 7, Dark is immune to Prankster moves.\n|-immune|p2a: Chien-Pao\n|\n|upkeep\n|\n|t:|1682798041\n|switch|p2b: Iron Bundle|Iron Bundle, L50, shiny|100\/100\n|turn|8\n|\n|t:|1682798055\n|move|p2b: Iron Bundle|Protect|p2b: Iron Bundle\n|-singleturn|p2b: Iron Bundle|Protect\n|move|p2a: Chien-Pao|Ice Spinner|p1b: Grimmsnarl\n|-damage|p1b: Grimmsnarl|0 fnt\n|faint|p1b: Grimmsnarl\n|move|p1a: Palafin|Close Combat|p2b: Iron Bundle\n|-activate|p2b: Iron Bundle|move: Protect\n|\n|-sideend|p1: Shiningalvantula|Reflect\n|upkeep\n|turn|9\n|\n|t:|1682798077\n|move|p2a: Chien-Pao|Sucker Punch|p1a: Palafin\n|-crit|p1a: Palafin\n|-damage|p1a: Palafin|0 fnt\n|faint|p1a: Palafin\n|\n|win|Tayekc\n|raw|Shiningalvantula's rating: 1132 → 1105<\/strong> (-27 for losing)\n|raw|Tayekc's rating: 1105 → 1132<\/strong> (+27 for winning)\n|l|\u2606Shiningalvantula\n","uploadtime":1682798086,"views":15,"p1id":"shiningalvantula","p2id":"tayekc","formatid":"gen9vgc2023regulationc","rating":1105,"private":0,"password":""}