{"id":"gen9vgc2023regulationc-1856197085","p1":"vrumvrumnatal","p2":"Vengeful potato","format":"[Gen 9] VGC 2023 Regulation C","log":"|j|\u2606vrumvrumnatal\n|j|\u2606Vengeful potato\n|t:|1683039770\n|gametype|doubles\n|player|p1|vrumvrumnatal|102|1310\n|player|p2|Vengeful potato|swimmer-gen4|1296\n|teamsize|p1|6\n|teamsize|p2|6\n|gen|9\n|tier|[Gen 9] VGC 2023 Regulation C\n|rated|\n|rule|Species Clause: Limit one of each Pok\u00e9mon\n|rule|Item Clause: Limit one of each item\n|clearpoke\n|poke|p1|Chien-Pao, L50|\n|poke|p1|Dragonite, L50, F|\n|poke|p1|Kingambit, L50, F|\n|poke|p1|Gyarados, L50, F|\n|poke|p1|Great Tusk, L50|\n|poke|p1|Flutter Mane, L50|\n|poke|p2|Dudunsparce-*, L50, M|\n|poke|p2|Hariyama, L50, M|\n|poke|p2|Gholdengo, L50|\n|poke|p2|Salamence, L50, F|\n|poke|p2|Toedscruel, L50, F|\n|poke|p2|Rotom-Wash, L50|\n|teampreview|4\n|\n|t:|1683039826\n|start\n|switch|p1a: Chien-Pao|Chien-Pao, L50|100\/100\n|switch|p1b: Dragonite|Dragonite, L50, F|100\/100\n|switch|p2a: Double Down|Dudunsparce, L50, M|100\/100\n|switch|p2b: THICC|Hariyama, L50, M, shiny|100\/100\n|-ability|p1a: Chien-Pao|Sword of Ruin\n|turn|1\n|inactive|Battle timer is ON: inactive players will automatically lose when time's up. (requested by vrumvrumnatal)\n|\n|t:|1683039845\n|move|p1a: Chien-Pao|Protect|p1a: Chien-Pao\n|-singleturn|p1a: Chien-Pao|Protect\n|move|p1b: Dragonite|Protect|p1b: Dragonite\n|-singleturn|p1b: Dragonite|Protect\n|move|p2b: THICC|Fake Out|p1a: Chien-Pao\n|-activate|p1a: Chien-Pao|move: Protect\n|move|p2a: Double Down|Glare|p1b: Dragonite\n|-activate|p1b: Dragonite|move: Protect\n|\n|upkeep\n|turn|2\n|\n|t:|1683039863\n|move|p1b: Dragonite|Extreme Speed|p2a: Double Down\n|-damage|p2a: Double Down|68\/100\n|move|p1a: Chien-Pao|Sacred Sword|p2a: Double Down\n|-supereffective|p2a: Double Down\n|-damage|p2a: Double Down|2\/100\n|-enditem|p2a: Double Down|Sitrus Berry|[eat]\n|-heal|p2a: Double Down|27\/100|[from] item: Sitrus Berry\n|move|p2a: Double Down|Rock Slide|p1b: Dragonite|[spread] p1a,p1b\n|-supereffective|p1a: Chien-Pao\n|-supereffective|p1b: Dragonite\n|-damage|p1a: Chien-Pao|66\/100\n|-damage|p1b: Dragonite|84\/100\n|move|p2b: THICC|Drain Punch|p1a: Chien-Pao\n|-supereffective|p1a: Chien-Pao\n|-damage|p1a: Chien-Pao|0 fnt\n|faint|p1a: Chien-Pao\n|\n|upkeep\n|\n|t:|1683039879\n|switch|p1a: Flutter Mane|Flutter Mane, L50|100\/100\n|-enditem|p1a: Flutter Mane|Booster Energy\n|-activate|p1a: Flutter Mane|ability: Protosynthesis|[fromitem]\n|-start|p1a: Flutter Mane|protosynthesisspa\n|turn|3\n|\n|t:|1683039893\n|switch|p2a: Big Stonks|Gholdengo, L50|100\/100\n|-terastallize|p2b: THICC|Steel\n|move|p2b: THICC|Bullet Punch|p1a: Flutter Mane\n|-supereffective|p1a: Flutter Mane\n|-damage|p1a: Flutter Mane|33\/100\n|move|p1a: Flutter Mane|Dazzling Gleam|p2b: THICC|[spread] p2a,p2b\n|-resisted|p2a: Big Stonks\n|-resisted|p2b: THICC\n|-damage|p2a: Big Stonks|79\/100\n|-damage|p2b: THICC|84\/100\n|move|p1b: Dragonite|Tailwind|p1b: Dragonite\n|-sidestart|p1: vrumvrumnatal|move: Tailwind\n|\n|upkeep\n|turn|4\n|\n|t:|1683039917\n|move|p1a: Flutter Mane|Protect|p1a: Flutter Mane\n|-singleturn|p1a: Flutter Mane|Protect\n|move|p2b: THICC|Wide Guard|p2b: THICC\n|-singleturn|p2b: THICC|Wide Guard\n|move|p1b: Dragonite|Tera Blast|p2a: Big Stonks\n|-immune|p2a: Big Stonks\n|move|p2a: Big Stonks|Dazzling Gleam|p1a: Flutter Mane|[spread] p1b\n|-activate|p1a: Flutter Mane|move: Protect\n|-supereffective|p1b: Dragonite\n|-damage|p1b: Dragonite|14\/100\n|\n|upkeep\n|turn|5\n|-message|vrumvrumnatal forfeited.\n|\n|win|Vengeful potato\n|raw|vrumvrumnatal's rating: 1310 → 1289<\/strong> (-21 for losing)\n|raw|Vengeful potato's rating: 1296 → 1322<\/strong> (+26 for winning)\n|l|\u2606vrumvrumnatal\n|c|\u2606Vengeful potato|Ggs\n","uploadtime":1683039937,"views":7,"p1id":"vrumvrumnatal","p2id":"vengefulpotato","formatid":"gen9vgc2023regulationc","rating":1289,"private":0,"password":""}