{"id":"gen9vgc2023regulationc-1858723687","p1":"gabomedinaz","p2":"FlockOfDeagles","format":"[Gen 9] VGC 2023 Regulation C","log":"|j|\u2606gabomedinaz\n|j|\u2606FlockOfDeagles\n|t:|1683348523\n|gametype|doubles\n|player|p1|gabomedinaz|ethan|1214\n|player|p2|FlockOfDeagles|chuck|1118\n|teamsize|p1|6\n|teamsize|p2|6\n|gen|9\n|tier|[Gen 9] VGC 2023 Regulation C\n|rated|\n|rule|Species Clause: Limit one of each Pok\u00e9mon\n|rule|Item Clause: Limit one of each item\n|clearpoke\n|poke|p1|Ceruledge, L50, M|\n|poke|p1|Iron Hands, L50|\n|poke|p1|Ting-Lu, L50|\n|poke|p1|Amoonguss, L50, F|\n|poke|p1|Iron Bundle, L50|\n|poke|p1|Gholdengo, L50|\n|poke|p2|Abomasnow, L50, M|\n|poke|p2|Iron Bundle, L50|\n|poke|p2|Chi-Yu, L50|\n|poke|p2|Flutter Mane, L50|\n|poke|p2|Gyarados, L50, M|\n|poke|p2|Garchomp, L50, M|\n|teampreview|4\n|inactive|Battle timer is ON: inactive players will automatically lose when time's up. (requested by FlockOfDeagles)\n|inactive|gabomedinaz has 60 seconds left.\n|\n|t:|1683348561\n|start\n|switch|p1a: Ting-Lu|Ting-Lu, L50|100\/100\n|switch|p1b: Ceruledge|Ceruledge, L50, M|100\/100\n|switch|p2a: Gyarados|Gyarados, L50, M|100\/100\n|switch|p2b: Garchomp|Garchomp, L50, M|100\/100\n|-ability|p2a: Gyarados|Intimidate|boost\n|-unboost|p1a: Ting-Lu|atk|1\n|-fail|p1b: Ceruledge|unboost|[from] item: Clear Amulet|[of] p1b: Ceruledge\n|-ability|p1a: Ting-Lu|Vessel of Ruin\n|turn|1\n|inactive|FlockOfDeagles has 30 seconds left.\n|inactive|FlockOfDeagles has 20 seconds left.\n|\n|t:|1683348597\n|-terastallize|p1b: Ceruledge|Grass\n|move|p2a: Gyarados|Helping Hand|p2b: Garchomp\n|-singleturn|p2b: Garchomp|Helping Hand|[of] p2a: Gyarados\n|move|p2b: Garchomp|Earthquake|p1b: Ceruledge|[spread] p1a,p1b\n|-immune|p2a: Gyarados\n|-resisted|p1b: Ceruledge\n|-damage|p1a: Ting-Lu|71\/100\n|-damage|p1b: Ceruledge|67\/100\n|move|p1b: Ceruledge|Bulk Up|p1b: Ceruledge\n|-boost|p1b: Ceruledge|atk|1\n|-boost|p1b: Ceruledge|def|1\n|move|p1a: Ting-Lu|Rock Slide|p2b: Garchomp|[spread] p2a,p2b\n|-supereffective|p2a: Gyarados\n|-resisted|p2b: Garchomp\n|-damage|p2a: Gyarados|81\/100\n|-damage|p2b: Garchomp|96\/100\n|\n|upkeep\n|turn|2\n|inactive|FlockOfDeagles has 30 seconds left.\n|inactive|FlockOfDeagles has 20 seconds left.\n|inactive|FlockOfDeagles has 15 seconds left.\n|\n|t:|1683348638\n|move|p1b: Ceruledge|Shadow Sneak|p2b: Garchomp\n|-damage|p2b: Garchomp|74\/100\n|-damage|p1b: Ceruledge|55\/100|[from] ability: Rough Skin|[of] p2b: Garchomp\n|move|p2b: Garchomp|Rock Slide|p1b: Ceruledge|[spread] p1a,p1b\n|-resisted|p1a: Ting-Lu\n|-damage|p1a: Ting-Lu|66\/100\n|-damage|p1b: Ceruledge|41\/100\n|move|p2a: Gyarados|Thunder Wave|p1b: Ceruledge\n|-status|p1b: Ceruledge|par\n|cant|p1a: Ting-Lu|flinch\n|\n|upkeep\n|turn|3\n|inactive|FlockOfDeagles has 30 seconds left.\n|\n|t:|1683348663\n|move|p2b: Garchomp|Swords Dance|p2b: Garchomp\n|-boost|p2b: Garchomp|atk|2\n|move|p2a: Gyarados|Waterfall|p1a: Ting-Lu\n|-supereffective|p1a: Ting-Lu\n|-damage|p1a: Ting-Lu|25\/100\n|move|p1b: Ceruledge|Bitter Blade|p2a: Gyarados\n|-resisted|p2a: Gyarados\n|-damage|p2a: Gyarados|53\/100\n|-heal|p1b: Ceruledge|59\/100 par|[from] drain|[of] p2a: Gyarados\n|move|p1a: Ting-Lu|Ruination|p2b: Garchomp\n|-damage|p2b: Garchomp|37\/100\n|\n|upkeep\n|turn|4\n|inactive|gabomedinaz has 30 seconds left.\n|\n|t:|1683348691\n|move|p1b: Ceruledge|Shadow Sneak|p2b: Garchomp\n|-damage|p2b: Garchomp|13\/100\n|-damage|p1b: Ceruledge|46\/100 par|[from] ability: Rough Skin|[of] p2b: Garchomp\n|move|p2b: Garchomp|Rock Slide|p1b: Ceruledge|[spread] p1b\n|-miss|p2b: Garchomp|p1a: Ting-Lu\n|-damage|p1b: Ceruledge|16\/100 par\n|move|p2a: Gyarados|Waterfall|p1a: Ting-Lu\n|-supereffective|p1a: Ting-Lu\n|-damage|p1a: Ting-Lu|0 fnt\n|faint|p1a: Ting-Lu\n|\n|upkeep\n|\n|t:|1683348703\n|switch|p1a: Iron Bundle|Iron Bundle, L50|100\/100\n|-enditem|p1a: Iron Bundle|Booster Energy\n|-activate|p1a: Iron Bundle|ability: Quark Drive|[fromitem]\n|-start|p1a: Iron Bundle|quarkdrivespe\n|turn|5\n|\n|t:|1683348716\n|switch|p2b: MyBallsCold|Iron Bundle, L50|100\/100\n|-enditem|p2b: MyBallsCold|Booster Energy\n|-activate|p2b: MyBallsCold|ability: Quark Drive|[fromitem]\n|-start|p2b: MyBallsCold|quarkdrivespe\n|move|p1b: Ceruledge|Shadow Sneak|p2b: MyBallsCold\n|-damage|p2b: MyBallsCold|72\/100\n|move|p1a: Iron Bundle|Freeze-Dry|p2a: Gyarados\n|-supereffective|p2a: Gyarados\n|-damage|p2a: Gyarados|0 fnt\n|faint|p2a: Gyarados\n|\n|upkeep\n|\n|t:|1683348727\n|switch|p2a: Got In My Eyes|Chi-Yu, L50|100\/100\n|-ability|p2a: Got In My Eyes|Beads of Ruin\n|turn|6\n|inactive|gabomedinaz has 30 seconds left.\n|\n|t:|1683348755\n|-terastallize|p2a: Got In My Eyes|Grass\n|move|p1a: Iron Bundle|Freeze-Dry|p2b: MyBallsCold\n|-damage|p2b: MyBallsCold|0 fnt\n|faint|p2b: MyBallsCold\n|-end|p2b: MyBallsCold|Quark Drive|[silent]\n|move|p2a: Got In My Eyes|Tera Blast|p1a: Iron Bundle\n|-supereffective|p1a: Iron Bundle\n|-damage|p1a: Iron Bundle|0 fnt\n|faint|p1a: Iron Bundle\n|-end|p1a: Iron Bundle|Quark Drive|[silent]\n|move|p1b: Ceruledge|Bitter Blade|p2a: Got In My Eyes\n|-supereffective|p2a: Got In My Eyes\n|-damage|p2a: Got In My Eyes|0 fnt\n|-heal|p1b: Ceruledge|60\/100 par|[from] drain|[of] p2a: Got In My Eyes\n|faint|p2a: Got In My Eyes\n|\n|upkeep\n|inactive|FlockOfDeagles has 30 seconds left.\n|c|\u2606FlockOfDeagles|I misplayed the shit out of this\n|\n|t:|1683348784\n|switch|p2b: Garchomp|Garchomp, L50, M|13\/100\n|switch|p1a: Iron Hands|Iron Hands, L50|100\/100\n|turn|7\n|c|\u2606FlockOfDeagles|gg\n|\n|t:|1683348798\n|move|p1a: Iron Hands|Protect|p1a: Iron Hands\n|-singleturn|p1a: Iron Hands|Protect\n|move|p2b: Garchomp|Earthquake|p1b: Ceruledge|[spread] p1b\n|-activate|p1a: Iron Hands|move: Protect\n|-resisted|p1b: Ceruledge\n|-damage|p1b: Ceruledge|46\/100 par\n|move|p1b: Ceruledge|Bitter Blade|p2b: Garchomp\n|-resisted|p2b: Garchomp\n|-damage|p2b: Garchomp|0 fnt\n|-heal|p1b: Ceruledge|53\/100 par|[from] drain|[of] p2b: Garchomp\n|-damage|p1b: Ceruledge|41\/100 par|[from] ability: Rough Skin|[of] p2b: Garchomp\n|faint|p2b: Garchomp\n|\n|win|gabomedinaz\n|raw|gabomedinaz's rating: 1214 → 1232<\/strong> (+18 for winning)\n|raw|FlockOfDeagles's rating: 1118 → 1100<\/strong> (-18 for losing)\n|c|\u2606gabomedinaz|gg\n|l|\u2606FlockOfDeagles\n","uploadtime":1683348837,"views":11,"p1id":"gabomedinaz","p2id":"flockofdeagles","formatid":"gen9vgc2023regulationc","rating":1100,"private":0,"password":""}