{"id":"gen9vgc2023regulationc-1856336424","p1":"Conkledonk","p2":"GiovanniLor","format":"[Gen 9] VGC 2023 Regulation C","log":"|j|\u2606Conkledonk\n|j|\u2606GiovanniLor\n|t:|1683051958\n|gametype|doubles\n|player|p1|Conkledonk|hiker-gen4|\n|player|p2|GiovanniLor|102|\n|teamsize|p1|6\n|teamsize|p2|6\n|gen|9\n|tier|[Gen 9] VGC 2023 Regulation C\n|rule|Species Clause: Limit one of each Pok\u00e9mon\n|rule|Item Clause: Limit one of each item\n|clearpoke\n|poke|p1|Dondozo, L50, F|\n|poke|p1|Tatsugiri-Stretchy, L50, F|\n|poke|p1|Glimmora, L50, F|\n|poke|p1|Pawmot, L50, F|\n|poke|p1|Talonflame, L50, F|\n|poke|p1|Gholdengo, L50|\n|poke|p2|Dragapult, L50, F|\n|poke|p2|Chien-Pao, L50|\n|poke|p2|Gholdengo, L50|\n|poke|p2|Amoonguss, L50, M|\n|poke|p2|Ting-Lu, L50|\n|poke|p2|Palafin, L50, M|\n|teampreview|4\nConkledonk has agreed to open team sheets.\n|c|\u2606Conkledonk|g2\nGiovanniLor has agreed to open team sheets.\n|c|\u2606Conkledonk|glhf\n|c|\u2606GiovanniLor|Glhf\n|\n|t:|1683052395\n|start\n|switch|p1a: Pawmot|Pawmot, L50, F|100\/100\n|switch|p1b: Gholdengo|Gholdengo, L50|100\/100\n|switch|p2a: Dragapult|Dragapult, L50, F, shiny|100\/100\n|switch|p2b: Chien-Pao|Chien-Pao, L50|100\/100\n|-ability|p2b: Chien-Pao|Sword of Ruin\n|turn|1\n|\n|t:|1683052412\n|switch|p2b: Gholdengo|Gholdengo, L50|100\/100\n|move|p1a: Pawmot|Fake Out|p2b: Gholdengo\n|-immune|p2b: Gholdengo\n|move|p2a: Dragapult|Phantom Force||[still]\n|-prepare|p2a: Dragapult|Phantom Force\n|move|p1b: Gholdengo|Nasty Plot|p1b: Gholdengo\n|-boost|p1b: Gholdengo|spa|2\n|\n|upkeep\n|turn|2\n|\n|t:|1683052433\n|-terastallize|p1b: Gholdengo|Water\n|move|p2b: Gholdengo|Protect|p2b: Gholdengo\n|-singleturn|p2b: Gholdengo|Protect\n|move|p2a: Dragapult|Phantom Force|p1b: Gholdengo|[from]lockedmove\n|-damage|p1b: Gholdengo|30\/100\n|-enditem|p1b: Gholdengo|Sitrus Berry|[eat]\n|-heal|p1b: Gholdengo|55\/100|[from] item: Sitrus Berry\n|move|p1a: Pawmot|Double Shock|p2b: Gholdengo\n|-activate|p2b: Gholdengo|move: Protect\n|move|p1b: Gholdengo|Make It Rain|p2a: Dragapult|[spread] p2a\n|-activate|p2b: Gholdengo|move: Protect\n|-damage|p2a: Dragapult|0 fnt\n|-unboost|p1b: Gholdengo|spa|1\n|faint|p2a: Dragapult\n|\n|upkeep\n|\n|t:|1683052455\n|switch|p2a: Amoonguss|Amoonguss, L50, M|100\/100\n|turn|3\n|\n|t:|1683052485\n|-terastallize|p2b: Gholdengo|Water\n|move|p1a: Pawmot|Double Shock|p2a: Amoonguss\n|-resisted|p2a: Amoonguss\n|-damage|p2a: Amoonguss|79\/100\n|-start|p1a: Pawmot|typechange|???\/Fighting|[from] move: Double Shock\n|move|p1b: Gholdengo|Make It Rain|p2a: Amoonguss|[spread] p2a,p2b\n|-resisted|p2b: Gholdengo\n|-damage|p2a: Amoonguss|17\/100\n|-damage|p2b: Gholdengo|65\/100\n|-unboost|p1b: Gholdengo|spa|1\n|-enditem|p2a: Amoonguss|Sitrus Berry|[eat]\n|-heal|p2a: Amoonguss|42\/100|[from] item: Sitrus Berry\n|move|p2b: Gholdengo|Nasty Plot|p2b: Gholdengo\n|-boost|p2b: Gholdengo|spa|2\n|move|p2a: Amoonguss|Spore|p1a: Pawmot\n|-status|p1a: Pawmot|slp|[from] move: Spore\n|\n|-heal|p2b: Gholdengo|71\/100|[from] item: Leftovers\n|upkeep\n|turn|4\n|\n|t:|1683052506\n|-curestatus|p1a: Pawmot|slp|[from] ability: Natural Cure\n|switch|p1a: Talonflame|Talonflame, L50, F|100\/100\n|switch|p2a: Chien-Pao|Chien-Pao, L50|100\/100\n|-ability|p2a: Chien-Pao|Sword of Ruin\n|move|p1b: Gholdengo|Make It Rain|p2a: Chien-Pao|[spread] p2a,p2b\n|-supereffective|p2a: Chien-Pao\n|-resisted|p2b: Gholdengo\n|-enditem|p2a: Chien-Pao|Focus Sash\n|-damage|p2a: Chien-Pao|1\/100\n|-damage|p2b: Gholdengo|48\/100\n|-unboost|p1b: Gholdengo|spa|1\n|move|p2b: Gholdengo|Thunderbolt|p1b: Gholdengo\n|-supereffective|p1b: Gholdengo\n|-damage|p1b: Gholdengo|0 fnt\n|faint|p1b: Gholdengo\n|\n|-heal|p2b: Gholdengo|54\/100|[from] item: Leftovers\n|upkeep\n|\n|t:|1683052519\n|switch|p1b: Pawmot|Pawmot, L50, F|100\/100\n|turn|5\n|\n|t:|1683052530\n|move|p2b: Gholdengo|Protect|p2b: Gholdengo\n|-singleturn|p2b: Gholdengo|Protect\n|move|p2a: Chien-Pao|Ice Shard|p1a: Talonflame\n|-damage|p1a: Talonflame|61\/100\n|move|p1a: Talonflame|Brave Bird|p2a: Chien-Pao\n|-damage|p2a: Chien-Pao|0 fnt\n|faint|p2a: Chien-Pao\n|-damage|p1a: Talonflame|61\/100|[from] Recoil\n|move|p1b: Pawmot|Double Shock|p2b: Gholdengo\n|-activate|p2b: Gholdengo|move: Protect\n|\n|-heal|p2b: Gholdengo|60\/100|[from] item: Leftovers\n|upkeep\n|\n|t:|1683052542\n|switch|p2a: Amoonguss|Amoonguss, L50, M|75\/100\n|turn|6\n|\n|t:|1683052553\n|move|p2a: Amoonguss|Rage Powder|p2a: Amoonguss\n|-singleturn|p2a: Amoonguss|move: Rage Powder\n|move|p1a: Talonflame|Brave Bird|p2a: Amoonguss\n|-supereffective|p2a: Amoonguss\n|-damage|p2a: Amoonguss|0 fnt\n|faint|p2a: Amoonguss\n|-damage|p1a: Talonflame|25\/100|[from] Recoil\n|move|p1b: Pawmot|Close Combat|p2b: Gholdengo\n|-damage|p2b: Gholdengo|10\/100\n|-unboost|p1b: Pawmot|def|1\n|-unboost|p1b: Pawmot|spd|1\n|move|p2b: Gholdengo|Make It Rain|p1b: Pawmot|[spread] p1a,p1b\n|-resisted|p1a: Talonflame\n|-resisted|p1b: Pawmot\n|-damage|p1a: Talonflame|0 fnt\n|-enditem|p1b: Pawmot|Focus Sash\n|-damage|p1b: Pawmot|1\/100\n|-unboost|p2b: Gholdengo|spa|1\n|faint|p1a: Talonflame\n|\n|-heal|p2b: Gholdengo|17\/100|[from] item: Leftovers\n|upkeep\n|\n|t:|1683052556\n|switch|p1a: Tatsugiri|Tatsugiri-Stretchy, L50, F|100\/100\n|turn|7\n|c|\u2606Conkledonk|ggs\n|\n|t:|1683052570\n|move|p1a: Tatsugiri|Draco Meteor|p2b: Gholdengo\n|-damage|p2b: Gholdengo|0 fnt\n|-unboost|p1a: Tatsugiri|spa|2\n|faint|p2b: Gholdengo\n|\n|win|Conkledonk\n|c|\u2606GiovanniLor|gg\n","uploadtime":1683052594,"views":8,"p1id":"conkledonk","p2id":"giovannilor","formatid":"gen9vgc2023regulationc","rating":0,"private":0,"password":""}