{"id":"gen9vgc2023regulationc-1847567222","p1":"Markingdra","p2":"benels","format":"[Gen 9] VGC 2023 Regulation C","log":"|j|\u2606Markingdra\n|j|\u2606benels\n|t:|1681974740\n|gametype|doubles\n|player|p1|Markingdra|rocketgrunt|1372\n|player|p2|benels|lady|1372\n|teamsize|p1|6\n|teamsize|p2|6\n|gen|9\n|tier|[Gen 9] VGC 2023 Regulation C\n|rated|\n|rule|Species Clause: Limit one of each Pok\u00e9mon\n|rule|Item Clause: Limit one of each item\n|clearpoke\n|poke|p1|Flutter Mane, L50|\n|poke|p1|Amoonguss, L50, F|\n|poke|p1|Pelipper, L50, F|\n|poke|p1|Palafin, L50, F|\n|poke|p1|Chien-Pao, L50|\n|poke|p1|Iron Hands, L50|\n|poke|p2|Orthworm, L50, M|\n|poke|p2|Dragonite, L50, F|\n|poke|p2|Ting-Lu, L50|\n|poke|p2|Gyarados, L50, M|\n|poke|p2|Flutter Mane, L50|\n|poke|p2|Chien-Pao, L50|\n|teampreview|4\nMarkingdra has agreed to open team sheets.\nbenels has agreed to open team sheets.\n|\n|t:|1681974812\n|start\n|switch|p1a: Palafin|Palafin, L50, F, shiny|100\/100\n|switch|p1b: Chien-Pao|Chien-Pao, L50|100\/100\n|switch|p2a: Ting-Lu|Ting-Lu, L50|100\/100\n|switch|p2b: Flutter Mane|Flutter Mane, L50|100\/100\n|-ability|p1b: Chien-Pao|Sword of Ruin\n|-ability|p2a: Ting-Lu|Vessel of Ruin\n|turn|1\n|\n|t:|1681974876\n|switch|p1b: Iron Hands|Iron Hands, L50, shiny|100\/100\n|-terastallize|p2b: Flutter Mane|Fairy\n|-terastallize|p1a: Palafin|Water\n|move|p2b: Flutter Mane|Dazzling Gleam|p1a: Palafin|[spread] p1a,p1b\n|-supereffective|p1b: Iron Hands\n|-damage|p1a: Palafin|49\/100\n|-damage|p1b: Iron Hands|57\/100\n|move|p1a: Palafin|Wave Crash|p2b: Flutter Mane\n|-damage|p2b: Flutter Mane|7\/100\n|-damage|p1a: Palafin|27\/100|[from] Recoil\n|move|p2a: Ting-Lu|Rock Slide|p1a: Palafin|[spread] p1a,p1b\n|-resisted|p1b: Iron Hands\n|-damage|p1a: Palafin|1\/100\n|-damage|p1b: Iron Hands|49\/100\n|\n|-heal|p1a: Palafin|7\/100|[from] item: Leftovers\n|upkeep\n|turn|2\n|\n|t:|1681974906\n|-end|p2b: Flutter Mane|Protosynthesis|[silent]\n|switch|p2b: Gyarados|Gyarados, L50, M|100\/100\n|-ability|p2b: Gyarados|Intimidate|boost\n|-unboost|p1a: Palafin|atk|1\n|-unboost|p1b: Iron Hands|atk|1\n|move|p1a: Palafin|Jet Punch|p2b: Gyarados\n|-resisted|p2b: Gyarados\n|-damage|p2b: Gyarados|89\/100\n|move|p2a: Ting-Lu|Rock Slide|p1a: Palafin|[spread] p1a,p1b\n|-resisted|p1b: Iron Hands\n|-damage|p1a: Palafin|0 fnt\n|-damage|p1b: Iron Hands|39\/100\n|faint|p1a: Palafin\n|cant|p1b: Iron Hands|flinch\n|\n|upkeep\n|\n|t:|1681974918\n|switch|p1a: Chien-Pao|Chien-Pao, L50|100\/100\n|-ability|p1a: Chien-Pao|Sword of Ruin\n|turn|3\n|\n|t:|1681974944\n|move|p1a: Chien-Pao|Ice Spinner|p2a: Ting-Lu\n|-supereffective|p2a: Ting-Lu\n|-damage|p2a: Ting-Lu|0 fnt\n|faint|p2a: Ting-Lu\n|move|p2b: Gyarados|Thunder Wave|p1a: Chien-Pao\n|-status|p1a: Chien-Pao|par\n|move|p1b: Iron Hands|Thunder Punch|p2b: Gyarados\n|-supereffective|p2b: Gyarados\n|-damage|p2b: Gyarados|0 fnt\n|faint|p2b: Gyarados\n|\n|upkeep\n|\n|t:|1681974955\n|switch|p2b: Chien-Pao|Chien-Pao, L50|100\/100\n|switch|p2a: Flutter Mane|Flutter Mane, L50, tera:Fairy|7\/100\n|-ability|p2b: Chien-Pao|Sword of Ruin\n|turn|4\n|\n|t:|1681974983\n|-end|p1b: Iron Hands|Quark Drive|[silent]\n|switch|p1b: Flutter Mane|Flutter Mane, L50|100\/100\n|-enditem|p1b: Flutter Mane|Booster Energy\n|-activate|p1b: Flutter Mane|ability: Protosynthesis|[fromitem]\n|-start|p1b: Flutter Mane|protosynthesisspe\n|move|p2b: Chien-Pao|Ice Spinner|p1a: Chien-Pao\n|-resisted|p1a: Chien-Pao\n|-damage|p1a: Chien-Pao|71\/100 par\n|move|p2a: Flutter Mane|Dazzling Gleam|p1a: Chien-Pao|[spread] p1a,p1b\n|-supereffective|p1a: Chien-Pao\n|-damage|p1a: Chien-Pao|0 fnt\n|-damage|p1b: Flutter Mane|40\/100\n|faint|p1a: Chien-Pao\n|\n|upkeep\n|\n|t:|1681974993\n|switch|p1a: Iron Hands|Iron Hands, L50, shiny|39\/100\n|turn|5\n|\n|t:|1681975001\n|move|p1a: Iron Hands|Fake Out|p2b: Chien-Pao\n|-damage|p2b: Chien-Pao|81\/100\n|cant|p2b: Chien-Pao|flinch\n|move|p1b: Flutter Mane|Dazzling Gleam|p2a: Flutter Mane|[spread] p2a,p2b\n|-supereffective|p2b: Chien-Pao\n|-damage|p2a: Flutter Mane|0 fnt\n|-damage|p2b: Chien-Pao|0 fnt\n|faint|p2a: Flutter Mane\n|-end|p2a: Flutter Mane|Protosynthesis|[silent]\n|faint|p2b: Chien-Pao\n|\n|win|Markingdra\n|raw|Markingdra's rating: 1372 → 1392<\/strong> (+20 for winning)\n|raw|benels's rating: 1372 → 1352<\/strong> (-20 for losing)\n|l|\u2606benels\n","uploadtime":1681975014,"views":5,"p1id":"markingdra","p2id":"benels","formatid":"gen9vgc2023regulationc","rating":1352,"private":0,"password":""}