{"id":"gen9vgc2023regulationc-1852101740","p1":"XxThe17thLimexx","p2":"jeffman323","format":"[Gen 9] VGC 2023 Regulation C","log":"|j|\u2606XxThe17thLimexx\n|j|\u2606jeffman323\n|t:|1682524250\n|gametype|doubles\n|player|p1|XxThe17thLimexx|hiker-gen4|1477\n|player|p2|jeffman323|steven|1588\n|teamsize|p1|6\n|teamsize|p2|6\n|gen|9\n|tier|[Gen 9] VGC 2023 Regulation C\n|rated|\n|rule|Species Clause: Limit one of each Pok\u00e9mon\n|rule|Item Clause: Limit one of each item\n|clearpoke\n|poke|p1|Salamence, L50, M|\n|poke|p1|Murkrow, L50, M|\n|poke|p1|Gholdengo, L50|\n|poke|p1|Iron Hands, L50|\n|poke|p1|Iron Bundle, L50|\n|poke|p1|Maushold-Four, L50|\n|poke|p2|Hatterene, L50, F|\n|poke|p2|Azumarill, L50, M|\n|poke|p2|Torkoal, L50, M|\n|poke|p2|Kingambit, L50, M|\n|poke|p2|Iron Hands, L50|\n|poke|p2|Stantler, L50, F|\n|teampreview|4\njeffman323 has agreed to open team sheets.\nXxThe17thLimexx has agreed to open team sheets.\n|\n|t:|1682524319\n|start\n|switch|p1a: Salamence|Salamence, L50, M|100\/100\n|switch|p1b: Murkrow|Murkrow, L50, M|100\/100\n|switch|p2a: Iron Hands|Iron Hands, L50|100\/100\n|switch|p2b: Stantler|Stantler, L50, F|100\/100\n|-ability|p1a: Salamence|Intimidate|boost\n|-unboost|p2a: Iron Hands|atk|1\n|-unboost|p2b: Stantler|atk|1\n|-ability|p2b: Stantler|Intimidate|boost\n|-unboost|p1a: Salamence|atk|1\n|-unboost|p1b: Murkrow|atk|1\n|turn|1\n|\n|t:|1682524343\n|move|p2a: Iron Hands|Fake Out|p1a: Salamence\n|-damage|p1a: Salamence|88\/100\n|cant|p1a: Salamence|flinch\n|move|p1b: Murkrow|Foul Play|p2b: Stantler\n|-damage|p2b: Stantler|82\/100\n|move|p2b: Stantler|Trick Room|p2b: Stantler\n|-fieldstart|move: Trick Room|[of] p2b: Stantler\n|\n|upkeep\n|turn|2\n|\n|t:|1682524368\n|-terastallize|p1a: Salamence|Ground\n|move|p1b: Murkrow|Quash|p2a: Iron Hands\n|-activate|p2a: Iron Hands|move: Quash\n|move|p2b: Stantler|Reflect|p2b: Stantler\n|-sidestart|p2: jeffman323|Reflect\n|move|p1a: Salamence|Earthquake|p2a: Iron Hands|[spread] p2a,p2b\n|-immune|p1b: Murkrow\n|-supereffective|p2a: Iron Hands\n|-damage|p2a: Iron Hands|76\/100\n|-damage|p2b: Stantler|67\/100\n|move|p2a: Iron Hands|Thunder Punch|p1b: Murkrow\n|-supereffective|p1b: Murkrow\n|-enditem|p1b: Murkrow|Focus Sash\n|-damage|p1b: Murkrow|1\/100\n|\n|upkeep\n|turn|3\n|\n|t:|1682524392\n|move|p2b: Stantler|Helping Hand|p2a: Iron Hands\n|-singleturn|p2a: Iron Hands|Helping Hand|[of] p2b: Stantler\n|move|p1b: Murkrow|Quash|p2a: Iron Hands\n|-activate|p2a: Iron Hands|move: Quash\n|move|p1a: Salamence|Earthquake|p2a: Iron Hands|[spread] p2a,p2b\n|-immune|p1b: Murkrow\n|-supereffective|p2a: Iron Hands\n|-damage|p2a: Iron Hands|51\/100\n|-damage|p2b: Stantler|50\/100\n|move|p2a: Iron Hands|Drain Punch|p1a: Salamence\n|-damage|p1a: Salamence|30\/100\n|-heal|p2a: Iron Hands|70\/100|[from] drain|[of] p1a: Salamence\n|\n|upkeep\n|turn|4\n|\n|t:|1682524413\n|move|p1b: Murkrow|Quash|p2a: Iron Hands\n|-activate|p2a: Iron Hands|move: Quash\n|move|p2b: Stantler|Light Screen|p2b: Stantler\n|-sidestart|p2: jeffman323|move: Light Screen\n|move|p1a: Salamence|Earthquake|p2b: Stantler|[spread] p2a,p2b\n|-immune|p1b: Murkrow\n|-supereffective|p2a: Iron Hands\n|-damage|p2a: Iron Hands|47\/100\n|-damage|p2b: Stantler|33\/100\n|move|p2a: Iron Hands|Drain Punch|p1a: Salamence\n|-damage|p1a: Salamence|0 fnt\n|-heal|p2a: Iron Hands|57\/100|[from] drain|[of] p1a: Salamence\n|faint|p1a: Salamence\n|\n|upkeep\n|\n|t:|1682524427\n|switch|p1a: Iron Hands|Iron Hands, L50|100\/100\n|turn|5\n|\n|t:|1682524455\n|-end|p2a: Iron Hands|Quark Drive|[silent]\n|switch|p2a: Kingambit|Kingambit, L50, M|100\/100\n|switch|p2b: Torkoal|Torkoal, L50, M|100\/100\n|-weather|SunnyDay|[from] ability: Drought|[of] p2b: Torkoal\n|move|p1a: Iron Hands|Drain Punch|p2b: Torkoal\n|-damage|p2b: Torkoal|78\/100\n|move|p1b: Murkrow|Foul Play|p2b: Torkoal\n|-damage|p2b: Torkoal|64\/100\n|\n|-weather|SunnyDay|[upkeep]\n|-fieldend|move: Trick Room\n|upkeep\n|turn|6\n|\n|t:|1682524482\n|-terastallize|p2a: Kingambit|Flying\n|move|p1b: Murkrow|Foul Play|p2b: Torkoal\n|-damage|p2b: Torkoal|52\/100\n|move|p1a: Iron Hands|Drain Punch|p2b: Torkoal\n|-damage|p2b: Torkoal|30\/100\n|move|p2a: Kingambit|Tera Blast|p1a: Iron Hands\n|-damage|p1a: Iron Hands|67\/100\n|move|p2b: Torkoal|Heat Wave|p1a: Iron Hands|[spread] p1b\n|-miss|p2b: Torkoal|p1a: Iron Hands\n|-damage|p1b: Murkrow|0 fnt\n|faint|p1b: Murkrow\n|\n|-weather|SunnyDay|[upkeep]\n|-sideend|p2: jeffman323|Reflect\n|upkeep\n|\n|t:|1682524499\n|switch|p1b: Gholdengo|Gholdengo, L50|100\/100\n|turn|7\n|\n|t:|1682524519\n|move|p1b: Gholdengo|Make It Rain|p2a: Kingambit|[spread] p2a,p2b\n|-resisted|p2b: Torkoal\n|-damage|p2a: Kingambit|52\/100\n|-damage|p2b: Torkoal|0 fnt\n|-unboost|p1b: Gholdengo|spa|1\n|faint|p2b: Torkoal\n|-damage|p1b: Gholdengo|91\/100|[from] item: Life Orb\n|move|p1a: Iron Hands|Wild Charge|p2a: Kingambit\n|-supereffective|p2a: Kingambit\n|-damage|p2a: Kingambit|0 fnt\n|faint|p2a: Kingambit\n|-damage|p1a: Iron Hands|56\/100|[from] Recoil\n|\n|-weather|SunnyDay|[upkeep]\n|upkeep\n|\n|t:|1682524529\n|switch|p2a: Stantler|Stantler, L50, F|33\/100\n|switch|p2b: Iron Hands|Iron Hands, L50|57\/100\n|-ability|p2a: Stantler|Intimidate|boost\n|-unboost|p1a: Iron Hands|atk|1\n|-unboost|p1b: Gholdengo|atk|1\n|turn|8\n|\n|t:|1682524544\n|move|p2b: Iron Hands|Fake Out|p1a: Iron Hands\n|-damage|p1a: Iron Hands|46\/100\n|move|p1b: Gholdengo|Make It Rain|p2b: Iron Hands|[spread] p2a,p2b\n|-resisted|p2b: Iron Hands\n|-damage|p2a: Stantler|14\/100\n|-damage|p2b: Iron Hands|48\/100\n|-unboost|p1b: Gholdengo|spa|1\n|-damage|p1b: Gholdengo|81\/100|[from] item: Life Orb\n|cant|p1a: Iron Hands|flinch\n|move|p2a: Stantler|Trick Room|p2a: Stantler\n|-fieldstart|move: Trick Room|[of] p2a: Stantler\n|\n|-weather|SunnyDay|[upkeep]\n|-sideend|p2: jeffman323|move: Light Screen\n|upkeep\n|turn|9\n|\n|t:|1682524577\n|move|p2a: Stantler|Helping Hand|p2b: Iron Hands\n|-singleturn|p2b: Iron Hands|Helping Hand|[of] p2a: Stantler\n|move|p2b: Iron Hands|Earthquake|p1b: Gholdengo|[spread] p2a,p1a,p1b\n|-supereffective|p1a: Iron Hands\n|-supereffective|p1b: Gholdengo\n|-damage|p2a: Stantler|0 fnt\n|-damage|p1a: Iron Hands|0 fnt\n|-damage|p1b: Gholdengo|0 fnt\n|faint|p2a: Stantler\n|faint|p1a: Iron Hands\n|-end|p1a: Iron Hands|Quark Drive|[silent]\n|faint|p1b: Gholdengo\n|\n|win|jeffman323\n|raw|XxThe17thLimexx's rating: 1477 → 1463<\/strong> (-14 for losing)\n|raw|jeffman323's rating: 1588 → 1602<\/strong> (+14 for winning)\n","uploadtime":1682524586,"views":15,"p1id":"xxthe17thlimexx","p2id":"jeffman323","formatid":"gen9vgc2023regulationc","rating":1463,"private":0,"password":""}