{"id":"gen9vgc2023regulationc-1861430297","p1":"wackomarko","p2":"LaxRanger","format":"[Gen 9] VGC 2023 Regulation C","log":"|j|\u2606wackomarko\n|j|\u2606LaxRanger\n|t:|1683756952\n|gametype|doubles\n|player|p1|wackomarko|hiker-gen4|1000\n|player|p2|LaxRanger|benga|1046\n|teamsize|p1|6\n|teamsize|p2|6\n|gen|9\n|tier|[Gen 9] VGC 2023 Regulation C\n|rated|\n|rule|Species Clause: Limit one of each Pok\u00e9mon\n|rule|Item Clause: Limit one of each item\n|clearpoke\n|poke|p1|Talonflame, L50, F|\n|poke|p1|Amoonguss, L50, M|\n|poke|p1|Flutter Mane, L50|\n|poke|p1|Chien-Pao, L50|\n|poke|p1|Gyarados, L50, M|\n|poke|p1|Dragapult, L50, F|\n|poke|p2|Maushold-Four, L50|\n|poke|p2|Flutter Mane, L50|\n|poke|p2|Iron Hands, L50|\n|poke|p2|Amoonguss, L50, M|\n|poke|p2|Garchomp, L50, M|\n|poke|p2|Chien-Pao, L50|\n|teampreview|4\nwackomarko has agreed to open team sheets.\nLaxRanger has agreed to open team sheets.\n|\n|t:|1683757038\n|start\n|switch|p1a: Talonflame|Talonflame, L50, F, shiny|100\/100\n|switch|p1b: Flutter Mane|Flutter Mane, L50, shiny|100\/100\n|switch|p2a: Maushold|Maushold-Four, L50, shiny|100\/100\n|switch|p2b: Iron Hands|Iron Hands, L50, shiny|100\/100\n|turn|1\n|\n|t:|1683757058\n|move|p2b: Iron Hands|Fake Out|p1a: Talonflame\n|-damage|p1a: Talonflame|83\/100\n|move|p1a: Talonflame|Tailwind|p1a: Talonflame\n|-sidestart|p1: wackomarko|move: Tailwind\n|move|p1b: Flutter Mane|Substitute|p1b: Flutter Mane\n|-start|p1b: Flutter Mane|Substitute\n|-damage|p1b: Flutter Mane|76\/100\n|move|p2a: Maushold|Thunder Wave||[still]\n|-fail|p2a: Maushold\n|\n|upkeep\n|turn|2\n|inactive|Battle timer is ON: inactive players will automatically lose when time's up. (requested by LaxRanger)\n|\n|t:|1683757097\n|-terastallize|p1b: Flutter Mane|Fairy\n|move|p1a: Talonflame|Will-O-Wisp|p2a: Maushold\n|-status|p2a: Maushold|brn\n|-enditem|p2a: Maushold|Lum Berry|[eat]\n|-curestatus|p2a: Maushold|brn|[msg]\n|move|p1b: Flutter Mane|Dazzling Gleam|p2a: Maushold|[spread] p2a,p2b\n|-supereffective|p2b: Iron Hands\n|-damage|p2a: Maushold|32\/100\n|-damage|p2b: Iron Hands|58\/100\n|-damage|p1b: Flutter Mane|66\/100|[from] item: Life Orb\n|move|p2a: Maushold|Thunder Wave|p1a: Talonflame\n|-status|p1a: Talonflame|par\n|move|p2b: Iron Hands|Volt Switch|p1a: Talonflame\n|-supereffective|p1a: Talonflame\n|-damage|p1a: Talonflame|48\/100 par\n|\n|t:|1683757121\n|-end|p2b: Iron Hands|Quark Drive|[silent]\n|switch|p2b: Flutter Mane|Flutter Mane, L50|100\/100|[from] Volt Switch\n|\n|upkeep\n|turn|3\n|inactive|wackomarko has 30 seconds left.\n|inactive|LaxRanger has 30 seconds left.\n|inactive|wackomarko has 20 seconds left.\n|\n|t:|1683757158\n|switch|p2a: Chien-Pao|Chien-Pao, L50|100\/100\n|-ability|p2a: Chien-Pao|Sword of Ruin\n|move|p1b: Flutter Mane|Dazzling Gleam|p2a: Chien-Pao|[spread] p2a,p2b\n|-supereffective|p2a: Chien-Pao\n|-crit|p2a: Chien-Pao\n|-enditem|p2a: Chien-Pao|Focus Sash\n|-damage|p2a: Chien-Pao|1\/100\n|-damage|p2b: Flutter Mane|47\/100\n|-damage|p1b: Flutter Mane|57\/100|[from] item: Life Orb\n|move|p2b: Flutter Mane|Dazzling Gleam|p1a: Talonflame|[spread] p1a,p1b\n|-end|p1b: Flutter Mane|Substitute\n|-resisted|p1a: Talonflame\n|-damage|p1a: Talonflame|22\/100 par\n|-damage|p2b: Flutter Mane|37\/100|[from] item: Life Orb\n|move|p1a: Talonflame|Will-O-Wisp|p2b: Flutter Mane\n|-status|p2b: Flutter Mane|brn\n|\n|-damage|p2b: Flutter Mane|31\/100 brn|[from] brn\n|upkeep\n|turn|4\n|inactive|wackomarko has 30 seconds left.\n|inactive|LaxRanger has 30 seconds left.\n|inactive|wackomarko has 20 seconds left.\n|inactive|wackomarko has 15 seconds left.\n|\n|t:|1683757201\n|switch|p1a: Chien-Pao|Chien-Pao, L50|100\/100\n|-ability|p1a: Chien-Pao|Sword of Ruin\n|move|p2a: Chien-Pao|Ice Shard|p1b: Flutter Mane\n|-damage|p1b: Flutter Mane|0 fnt\n|faint|p1b: Flutter Mane\n|-end|p1b: Flutter Mane|Protosynthesis|[silent]\n|move|p2b: Flutter Mane|Hex|p1a: Chien-Pao\n|-resisted|p1a: Chien-Pao\n|-damage|p1a: Chien-Pao|70\/100\n|-damage|p2b: Flutter Mane|21\/100 brn|[from] item: Life Orb\n|\n|-damage|p2b: Flutter Mane|15\/100 brn|[from] brn\n|-sideend|p1: wackomarko|move: Tailwind\n|upkeep\n|\n|t:|1683757214\n|switch|p1b: Dragapult|Dragapult, L50, F, shiny|100\/100\n|turn|5\n|\n|t:|1683757225\n|move|p1a: Chien-Pao|Sucker Punch|p2b: Flutter Mane\n|-damage|p2b: Flutter Mane|0 fnt\n|faint|p2b: Flutter Mane\n|-end|p2b: Flutter Mane|Protosynthesis|[silent]\n|move|p2a: Chien-Pao|Ice Shard|p1b: Dragapult\n|-supereffective|p1b: Dragapult\n|-damage|p1b: Dragapult|16\/100\n|move|p1b: Dragapult|Dragon Darts|p2a: Chien-Pao\n|-damage|p2a: Chien-Pao|0 fnt\n|faint|p2a: Chien-Pao\n|\n|upkeep\n|\n|t:|1683757236\n|switch|p2b: Iron Hands|Iron Hands, L50, shiny|58\/100\n|switch|p2a: Maushold|Maushold-Four, L50, shiny|32\/100\n|turn|6\n|\n|t:|1683757255\n|move|p2b: Iron Hands|Fake Out|p1a: Chien-Pao\n|-crit|p1a: Chien-Pao\n|-damage|p1a: Chien-Pao|37\/100\n|cant|p1a: Chien-Pao|flinch\n|move|p1b: Dragapult|Dragon Darts|p2a: Maushold\n|-damage|p2a: Maushold|0 fnt\n|-anim|p1b: Dragapult|Dragon Darts|p2b: Iron Hands\n|-damage|p2b: Iron Hands|25\/100\n|faint|p2a: Maushold\n|\n|upkeep\n|turn|7\n|\n|t:|1683757269\n|move|p1a: Chien-Pao|Ice Shard|p2b: Iron Hands\n|-damage|p2b: Iron Hands|7\/100\n|move|p1b: Dragapult|Dragon Darts|p2b: Iron Hands\n|-damage|p2b: Iron Hands|0 fnt\n|faint|p2b: Iron Hands\n|-end|p2b: Iron Hands|Quark Drive|[silent]\n|\n|win|wackomarko\n|raw|wackomarko's rating: 1000 → 1045<\/strong> (+45 for winning)\n|raw|LaxRanger's rating: 1046 → 1027<\/strong> (-19 for losing)\n","uploadtime":1683757278,"views":4,"p1id":"wackomarko","p2id":"laxranger","formatid":"gen9vgc2023regulationc","rating":1027,"private":0,"password":""}