{"id":"gen9vgc2023regulationc-1863447665","p1":"Gamwer","p2":"TrainerDylan24","format":"[Gen 9] VGC 2023 Regulation C","log":"|j|\u2606Gamwer\n|j|\u2606TrainerDylan24\n|t:|1684018479\n|gametype|doubles\n|player|p1|Gamwer|sage|1060\n|player|p2|TrainerDylan24|grimsley|1054\n|teamsize|p1|6\n|teamsize|p2|6\n|gen|9\n|tier|[Gen 9] VGC 2023 Regulation C\n|rated|\n|rule|Species Clause: Limit one of each Pok\u00e9mon\n|rule|Item Clause: Limit one of each item\n|clearpoke\n|poke|p1|Great Tusk, L50|\n|poke|p1|Dragonite, L50, M|\n|poke|p1|Iron Bundle, L50|\n|poke|p1|Abomasnow, L50, F|\n|poke|p1|Flutter Mane, L50|\n|poke|p1|Kingambit, L50, M|\n|poke|p2|Annihilape, L50, M|\n|poke|p2|Bellibolt, L50, M|\n|poke|p2|Kingambit, L50, M|\n|poke|p2|Iron Hands, L50|\n|poke|p2|Dondozo, L50, M|\n|poke|p2|Tatsugiri, L50, M|\n|teampreview|4\n|inactive|Battle timer is ON: inactive players will automatically lose when time's up. (requested by Gamwer)\n|\n|t:|1684018508\n|start\n|switch|p1a: Iron Bundle|Iron Bundle, L50|100\/100\n|switch|p1b: Abomasnow|Abomasnow, L50, F|100\/100\n|switch|p2a: Iron Hands|Iron Hands, L50|100\/100\n|switch|p2b: Bellibolt|Bellibolt, L50, M|100\/100\n|-weather|Snow|[from] ability: Snow Warning|[of] p1b: Abomasnow\n|turn|1\n|\n|t:|1684018526\n|-terastallize|p1a: Iron Bundle|Ice\n|move|p1a: Iron Bundle|Freeze-Dry|p2b: Bellibolt\n|-damage|p2b: Bellibolt|32\/100\n|-start|p2b: Bellibolt|Charge|Freeze-Dry|[from] ability: Electromorphosis\n|move|p1b: Abomasnow|Aurora Veil|p1b: Abomasnow\n|-sidestart|p1: Gamwer|move: Aurora Veil\n|move|p2a: Iron Hands|Fire Punch|p1b: Abomasnow\n|-supereffective|p1b: Abomasnow\n|-damage|p1b: Abomasnow|46\/100\n|move|p2b: Bellibolt|Thunderbolt|p1a: Iron Bundle\n|-damage|p1a: Iron Bundle|0 fnt\n|faint|p1a: Iron Bundle\n|-end|p1a: Iron Bundle|Quark Drive|[silent]\n|-end|p2b: Bellibolt|Charge|[silent]\n|\n|-weather|Snow|[upkeep]\n|upkeep\n|\n|t:|1684018540\n|switch|p1a: Flutter Mane|Flutter Mane, L50|100\/100\n|-enditem|p1a: Flutter Mane|Booster Energy\n|-activate|p1a: Flutter Mane|ability: Protosynthesis|[fromitem]\n|-start|p1a: Flutter Mane|protosynthesisspe\n|turn|2\n|\n|t:|1684018554\n|move|p1b: Abomasnow|Helping Hand|p1a: Flutter Mane\n|-singleturn|p1a: Flutter Mane|Helping Hand|[of] p1b: Abomasnow\n|move|p1a: Flutter Mane|Dazzling Gleam|p2a: Iron Hands|[spread] p2a,p2b\n|-supereffective|p2a: Iron Hands\n|-damage|p2a: Iron Hands|26\/100\n|-damage|p2b: Bellibolt|0 fnt\n|faint|p2b: Bellibolt\n|move|p2a: Iron Hands|Thunder Punch|p1a: Flutter Mane\n|-damage|p1a: Flutter Mane|44\/100\n|\n|-weather|Snow|[upkeep]\n|upkeep\n|\n|t:|1684018560\n|switch|p2b: Tatsugiri|Tatsugiri, L50, M|100\/100\n|turn|3\n|\n|t:|1684018576\n|move|p1a: Flutter Mane|Protect|p1a: Flutter Mane\n|-singleturn|p1a: Flutter Mane|Protect\n|move|p2b: Tatsugiri|Protect|p2b: Tatsugiri\n|-singleturn|p2b: Tatsugiri|Protect\n|move|p1b: Abomasnow|Blizzard|p2b: Tatsugiri|[spread] p2a\n|-activate|p2b: Tatsugiri|move: Protect\n|-damage|p2a: Iron Hands|0 fnt\n|faint|p2a: Iron Hands\n|-end|p2a: Iron Hands|Quark Drive|[silent]\n|\n|-weather|Snow|[upkeep]\n|upkeep\n|\n|t:|1684018580\n|switch|p2a: Dondozo|Dondozo, L50, M|100\/100\n|-activate|p2b: Tatsugiri|ability: Commander|[of] p2a: Dondozo\n|-boost|p2a: Dondozo|atk|2\n|-boost|p2a: Dondozo|spa|2\n|-boost|p2a: Dondozo|spe|2\n|-boost|p2a: Dondozo|def|2\n|-boost|p2a: Dondozo|spd|2\n|turn|4\n|inactive|Gamwer has 30 seconds left.\n|inactive|Gamwer has 20 seconds left.\n|inactive|Gamwer has 15 seconds left.\n|\n|t:|1684018624\n|-terastallize|p2a: Dondozo|Water\n|move|p1a: Flutter Mane|Moonblast|p2a: Dondozo\n|-crit|p2a: Dondozo\n|-damage|p2a: Dondozo|47\/100\n|move|p2a: Dondozo|Waterfall|p1a: Flutter Mane\n|-damage|p1a: Flutter Mane|0 fnt\n|faint|p1a: Flutter Mane\n|-end|p1a: Flutter Mane|Protosynthesis|[silent]\n|move|p1b: Abomasnow|Leaf Storm|p2a: Dondozo\n|-supereffective|p2a: Dondozo\n|-damage|p2a: Dondozo|5\/100\n|-unboost|p1b: Abomasnow|spa|2\n|\n|-weather|Snow|[upkeep]\n|-heal|p2a: Dondozo|11\/100|[from] item: Leftovers\n|upkeep\n|\n|t:|1684018635\n|switch|p1a: Great Tusk|Great Tusk, L50|100\/100\n|turn|5\n|\n|t:|1684018648\n|move|p1a: Great Tusk|Rock Slide|p2a: Dondozo|[spread] p2a\n|-miss|p1a: Great Tusk|p2b: Tatsugiri\n|-damage|p2a: Dondozo|4\/100\n|move|p2a: Dondozo|Waterfall|p1a: Great Tusk\n|-supereffective|p1a: Great Tusk\n|-damage|p1a: Great Tusk|0 fnt\n|faint|p1a: Great Tusk\n|-end|p1a: Great Tusk|Protosynthesis|[silent]\n|move|p1b: Abomasnow|Blizzard|p2a: Dondozo|[spread] p2a\n|-miss|p1b: Abomasnow|p2b: Tatsugiri\n|-resisted|p2a: Dondozo\n|-damage|p2a: Dondozo|0 fnt\n|faint|p2a: Dondozo\n|\n|-weather|none\n|-sideend|p1: Gamwer|move: Aurora Veil\n|upkeep\n|turn|6\n|\n|t:|1684018659\n|move|p2b: Tatsugiri|Dragon Pulse|p1b: Abomasnow\n|-damage|p1b: Abomasnow|5\/100\n|move|p1b: Abomasnow|Blizzard|p2b: Tatsugiri|[miss]\n|-miss|p1b: Abomasnow|p2b: Tatsugiri\n|\n|upkeep\n|turn|7\n|\n|t:|1684018667\n|move|p2b: Tatsugiri|Dragon Pulse|p1b: Abomasnow\n|-damage|p1b: Abomasnow|0 fnt\n|faint|p1b: Abomasnow\n|\n|win|TrainerDylan24\n|raw|Gamwer's rating: 1060 → 1041<\/strong> (-19 for losing)\n|raw|TrainerDylan24's rating: 1054 → 1086<\/strong> (+32 for winning)\n|l|\u2606Gamwer\n","uploadtime":1684018673,"views":5,"p1id":"gamwer","p2id":"trainerdylan24","formatid":"gen9vgc2023regulationc","rating":1041,"private":0,"password":""}