{"id":"gen9vgc2023regulationc-1855566812","p1":"ToyDollRC","p2":"A. Lockheart","format":"[Gen 9] VGC 2023 Regulation C","log":"|j|\u2606ToyDollRC\n|j|\u2606A. Lockheart\n|t:|1682962632\n|gametype|doubles\n|player|p1|ToyDollRC|palmer|1278\n|player|p2|A. Lockheart|gambler|1354\n|teamsize|p1|6\n|teamsize|p2|6\n|gen|9\n|tier|[Gen 9] VGC 2023 Regulation C\n|rated|\n|rule|Species Clause: Limit one of each Pok\u00e9mon\n|rule|Item Clause: Limit one of each item\n|clearpoke\n|poke|p1|Wo-Chien, L50|\n|poke|p1|Ting-Lu, L50|\n|poke|p1|Gastrodon, L50, F|\n|poke|p1|Glimmora, L50, F|\n|poke|p1|Garganacl, L50, M|\n|poke|p1|Scream Tail, L50|\n|poke|p2|Flutter Mane, L50|\n|poke|p2|Chi-Yu, L50|\n|poke|p2|Chien-Pao, L50|\n|poke|p2|Dragonite, L50, F|\n|poke|p2|Sandy Shocks, L50|\n|poke|p2|Indeedee-F, L50, F|\n|teampreview|4\n|inactive|Battle timer is ON: inactive players will automatically lose when time's up. (requested by A. Lockheart)\n|\n|t:|1682962660\n|start\n|switch|p1a: Glimmora|Glimmora, L50, F|100\/100\n|switch|p1b: Ting-Lu|Ting-Lu, L50|100\/100\n|switch|p2a: Tabitha|Flutter Mane, L50|100\/100\n|switch|p2b: Marcel|Chi-Yu, L50|100\/100\n|-ability|p2b: Marcel|Beads of Ruin\n|-ability|p1b: Ting-Lu|Vessel of Ruin\n|turn|1\n|\n|t:|1682962676\n|-terastallize|p1b: Ting-Lu|Water\n|move|p1a: Glimmora|Spiky Shield|p1a: Glimmora\n|-singleturn|p1a: Glimmora|move: Protect\n|move|p2b: Marcel|Psychic|p1a: Glimmora\n|-activate|p1a: Glimmora|move: Protect\n|move|p2a: Tabitha|Dazzling Gleam|p1a: Glimmora|[spread] p1b\n|-activate|p1a: Glimmora|move: Protect\n|-damage|p1b: Ting-Lu|81\/100\n|move|p1b: Ting-Lu|Snarl|p2b: Marcel|[spread] p2a,p2b\n|-resisted|p2b: Marcel\n|-damage|p2a: Tabitha|88\/100\n|-damage|p2b: Marcel|96\/100\n|-unboost|p2a: Tabitha|spa|1\n|-unboost|p2b: Marcel|spa|1\n|\n|upkeep\n|turn|2\n|\n|t:|1682962692\n|move|p2b: Marcel|Psychic|p1a: Glimmora\n|-supereffective|p1a: Glimmora\n|-damage|p1a: Glimmora|53\/100\n|move|p2a: Tabitha|Dazzling Gleam|p1a: Glimmora|[spread] p1a,p1b\n|-resisted|p1a: Glimmora\n|-damage|p1a: Glimmora|38\/100\n|-damage|p1b: Ting-Lu|68\/100\n|move|p1a: Glimmora|Mortal Spin|p2a: Tabitha|[spread] p2a,p2b\n|-damage|p2a: Tabitha|78\/100\n|-damage|p2b: Marcel|89\/100\n|-status|p2a: Tabitha|psn\n|-status|p2b: Marcel|psn\n|move|p1b: Ting-Lu|Snarl|p2b: Marcel|[spread] p2a,p2b\n|-resisted|p2b: Marcel\n|-damage|p2a: Tabitha|67\/100 psn\n|-damage|p2b: Marcel|84\/100 psn\n|-unboost|p2a: Tabitha|spa|1\n|-unboost|p2b: Marcel|spa|1\n|\n|-damage|p2b: Marcel|72\/100 psn|[from] psn\n|-damage|p2a: Tabitha|55\/100 psn|[from] psn\n|upkeep\n|turn|3\n|\n|t:|1682962703\n|move|p1a: Glimmora|Spiky Shield|p1a: Glimmora\n|-singleturn|p1a: Glimmora|move: Protect\n|move|p2b: Marcel|Psychic|p1a: Glimmora\n|-activate|p1a: Glimmora|move: Protect\n|move|p2a: Tabitha|Dazzling Gleam|p1a: Glimmora|[spread] p1b\n|-activate|p1a: Glimmora|move: Protect\n|-crit|p1b: Ting-Lu\n|-damage|p1b: Ting-Lu|39\/100\n|move|p1b: Ting-Lu|Heavy Slam|p2a: Tabitha\n|-supereffective|p2a: Tabitha\n|-damage|p2a: Tabitha|0 fnt\n|faint|p2a: Tabitha\n|-end|p2a: Tabitha|Protosynthesis|[silent]\n|\n|-damage|p2b: Marcel|60\/100 psn|[from] psn\n|upkeep\n|\n|t:|1682962706\n|switch|p2a: Gerald|Dragonite, L50, F|100\/100\n|turn|4\n|\n|t:|1682962718\n|switch|p2b: Steve|Chien-Pao, L50|100\/100\n|-ability|p2b: Steve|Sword of Ruin\n|-terastallize|p2a: Gerald|Normal\n|move|p2a: Gerald|Extreme Speed|p1b: Ting-Lu\n|-damage|p1b: Ting-Lu|0 fnt\n|faint|p1b: Ting-Lu\n|move|p1a: Glimmora|Mortal Spin|p2b: Steve|[spread] p2a,p2b\n|-damage|p2a: Gerald|94\/100\n|-damage|p2b: Steve|95\/100\n|-status|p2a: Gerald|psn\n|-status|p2b: Steve|psn\n|\n|-damage|p2b: Steve|83\/100 psn|[from] psn\n|-damage|p2a: Gerald|82\/100 psn|[from] psn\n|upkeep\n|\n|t:|1682962733\n|switch|p1b: Garganacl|Garganacl, L50, M|100\/100\n|turn|5\n|\n|t:|1682962744\n|move|p1a: Glimmora|Spiky Shield|p1a: Glimmora\n|-singleturn|p1a: Glimmora|move: Protect\n|move|p2a: Gerald|Extreme Speed|p1a: Glimmora\n|-activate|p1a: Glimmora|move: Protect\n|-damage|p2a: Gerald|70\/100 psn|[from] Spiky Shield|[of] p1a: Glimmora\n|move|p2b: Steve|Sacred Sword|p1b: Garganacl\n|-supereffective|p1b: Garganacl\n|-damage|p1b: Garganacl|57\/100\n|move|p1b: Garganacl|Salt Cure|p2b: Steve\n|-supereffective|p2b: Steve\n|-damage|p2b: Steve|39\/100 psn\n|-start|p2b: Steve|Salt Cure\n|\n|-damage|p2b: Steve|27\/100 psn|[from] psn\n|-damage|p2a: Gerald|58\/100 psn|[from] psn\n|-damage|p2b: Steve|15\/100 psn|[from] Salt Cure\n|upkeep\n|turn|6\n|\n|t:|1682962761\n|move|p1b: Garganacl|Protect|p1b: Garganacl\n|-singleturn|p1b: Garganacl|Protect\n|move|p2a: Gerald|Extreme Speed|p1a: Glimmora\n|-resisted|p1a: Glimmora\n|-damage|p1a: Glimmora|0 fnt\n|faint|p1a: Glimmora\n|move|p2b: Steve|Sacred Sword|p1b: Garganacl\n|-activate|p1b: Garganacl|move: Protect\n|\n|-damage|p2b: Steve|2\/100 psn|[from] psn\n|-damage|p2a: Gerald|46\/100 psn|[from] psn\n|-damage|p2b: Steve|0 fnt|[from] Salt Cure\n|faint|p2b: Steve\n|upkeep\n|\n|t:|1682962776\n|switch|p2b: Marcel|Chi-Yu, L50|60\/100 psn\n|switch|p1a: Wo-Chien|Wo-Chien, L50|100\/100\n|-ability|p2b: Marcel|Beads of Ruin\n|-ability|p1a: Wo-Chien|Tablets of Ruin\n|turn|7\n|\n|t:|1682962795\n|move|p1a: Wo-Chien|Protect|p1a: Wo-Chien\n|-singleturn|p1a: Wo-Chien|Protect\n|move|p2a: Gerald|Extreme Speed|p1a: Wo-Chien\n|-activate|p1a: Wo-Chien|move: Protect\n|move|p2b: Marcel|Dark Pulse|p1b: Garganacl\n|-damage|p1b: Garganacl|6\/100\n|-enditem|p1b: Garganacl|Sitrus Berry|[eat]\n|-heal|p1b: Garganacl|31\/100|[from] item: Sitrus Berry\n|cant|p1b: Garganacl|flinch\n|\n|-damage|p2b: Marcel|48\/100 psn|[from] psn\n|-damage|p2a: Gerald|34\/100 psn|[from] psn\n|upkeep\n|turn|8\n|\n|t:|1682962810\n|move|p2a: Gerald|Extreme Speed|p1a: Wo-Chien\n|-crit|p1a: Wo-Chien\n|-damage|p1a: Wo-Chien|35\/100\n|move|p2b: Marcel|Dark Pulse|p1b: Garganacl\n|-damage|p1b: Garganacl|0 fnt\n|faint|p1b: Garganacl\n|move|p1a: Wo-Chien|Leech Seed|p2b: Marcel\n|-start|p2b: Marcel|move: Leech Seed\n|\n|-heal|p1a: Wo-Chien|41\/100|[from] item: Leftovers\n|-damage|p2b: Marcel|36\/100 psn|[from] Leech Seed|[of] p1a: Wo-Chien\n|-heal|p1a: Wo-Chien|49\/100|[silent]\n|-damage|p2b: Marcel|23\/100 psn|[from] psn\n|-damage|p2a: Gerald|22\/100 psn|[from] psn\n|upkeep\n|turn|9\n|\n|t:|1682962821\n|move|p1a: Wo-Chien|Protect|p1a: Wo-Chien\n|-singleturn|p1a: Wo-Chien|Protect\n|move|p2a: Gerald|Extreme Speed|p1a: Wo-Chien\n|-activate|p1a: Wo-Chien|move: Protect\n|move|p2b: Marcel|Dark Pulse|p1a: Wo-Chien\n|-activate|p1a: Wo-Chien|move: Protect\n|\n|-heal|p1a: Wo-Chien|55\/100|[from] item: Leftovers\n|-damage|p2b: Marcel|11\/100 psn|[from] Leech Seed|[of] p1a: Wo-Chien\n|-heal|p1a: Wo-Chien|64\/100|[silent]\n|-damage|p2b: Marcel|0 fnt|[from] psn\n|faint|p2b: Marcel\n|-damage|p2a: Gerald|10\/100 psn|[from] psn\n|upkeep\n|turn|10\n|\n|t:|1682962829\n|move|p1a: Wo-Chien|Protect||[still]\n|-fail|p1a: Wo-Chien\n|move|p2a: Gerald|Extreme Speed|p1a: Wo-Chien\n|-damage|p1a: Wo-Chien|28\/100\n|\n|-heal|p1a: Wo-Chien|34\/100|[from] item: Leftovers\n|-damage|p2a: Gerald|0 fnt|[from] psn\n|faint|p2a: Gerald\n|\n|win|ToyDollRC\n|upkeep\n|raw|ToyDollRC's rating: 1278 → 1308<\/strong> (+30 for winning)\n|raw|A. Lockheart's rating: 1354 → 1330<\/strong> (-24 for losing)\n","uploadtime":1682962841,"views":15,"p1id":"toydollrc","p2id":"alockheart","formatid":"gen9vgc2023regulationc","rating":1308,"private":0,"password":""}