{"id":"gen9vgc2023regulationc-1846780327","p1":"Daiji256","p2":"Bolsa_25","format":"[Gen 9] VGC 2023 Regulation C","log":"|j|\u2606Daiji256\n|j|\u2606Bolsa_25\n|t:|1681878137\n|gametype|doubles\n|player|p1|Daiji256|supernerd|1448\n|player|p2|Bolsa_25|tate|1397\n|teamsize|p1|6\n|teamsize|p2|6\n|gen|9\n|tier|[Gen 9] VGC 2023 Regulation C\n|rated|\n|rule|Species Clause: Limit one of each Pok\u00e9mon\n|rule|Item Clause: Limit one of each item\n|clearpoke\n|poke|p1|Glimmora, L50, F|\n|poke|p1|Dragonite, L50, M|\n|poke|p1|Dondozo, L50, M|\n|poke|p1|Tatsugiri-Stretchy, L50, M|\n|poke|p1|Flutter Mane, L50|\n|poke|p1|Chi-Yu, L50|\n|poke|p2|Ting-Lu, L50|\n|poke|p2|Grimmsnarl, L50, M|\n|poke|p2|Gastrodon, L50, F|\n|poke|p2|Annihilape, L50, M|\n|poke|p2|Indeedee-F, L50, F|\n|poke|p2|Wo-Chien, L50|\n|teampreview|4\n|inactive|Battle timer is ON: inactive players will automatically lose when time's up. (requested by Daiji256)\n|inactive|Daiji256 has 60 seconds left.\n|inactive|Bolsa_25 has 60 seconds left.\n|inactive|Daiji256 has 30 seconds left.\n|\n|t:|1681878205\n|start\n|switch|p1a: Glimmora|Glimmora, L50, F|100\/100\n|switch|p1b: Flutter Mane|Flutter Mane, L50|100\/100\n|switch|p2a: Ting-Lu|Ting-Lu, L50|100\/100\n|switch|p2b: Grimmsnarl|Grimmsnarl, L50, M|100\/100\n|-ability|p2a: Ting-Lu|Vessel of Ruin\n|-enditem|p1b: Flutter Mane|Booster Energy\n|-activate|p1b: Flutter Mane|ability: Protosynthesis|[fromitem]\n|-start|p1b: Flutter Mane|protosynthesisspe\n|turn|1\n|inactive|Bolsa_25 has 30 seconds left.\n|\n|t:|1681878232\n|-terastallize|p2a: Ting-Lu|Poison\n|move|p2b: Grimmsnarl|Parting Shot|p1b: Flutter Mane\n|-unboost|p1b: Flutter Mane|atk|1\n|-unboost|p1b: Flutter Mane|spa|1\n|\n|t:|1681878235\n|switch|p2b: Gastrodon|Gastrodon, L50, F|100\/100|[from] Parting Shot\n|move|p1b: Flutter Mane|Moonblast|p2b: Gastrodon\n|-damage|p2b: Gastrodon|78\/100\n|move|p1a: Glimmora|Mortal Spin|p2a: Ting-Lu|[spread] p2a,p2b\n|-resisted|p2a: Ting-Lu\n|-resisted|p2b: Gastrodon\n|-damage|p2a: Ting-Lu|99\/100\n|-damage|p2b: Gastrodon|76\/100\n|move|p2a: Ting-Lu|Earthquake|p1a: Glimmora|[spread] p2b,p1a,p1b\n|-supereffective|p1a: Glimmora\n|-enditem|p1a: Glimmora|Shuca Berry|[eat]\n|-enditem|p1a: Glimmora|Shuca Berry|[weaken]\n|-damage|p2b: Gastrodon|46\/100\n|-damage|p1a: Glimmora|34\/100\n|-damage|p1b: Flutter Mane|56\/100\n|-activate|p1a: Glimmora|ability: Toxic Debris\n|-sidestart|p2: Bolsa_25|move: Toxic Spikes\n|\n|upkeep\n|turn|2\n|inactive|Daiji256 has 30 seconds left.\n|\n|t:|1681878266\n|-end|p1b: Flutter Mane|Protosynthesis|[silent]\n|switch|p1b: Dondozo|Dondozo, L50, M|100\/100\n|move|p2b: Gastrodon|Protect|p2b: Gastrodon\n|-singleturn|p2b: Gastrodon|Protect\n|move|p1a: Glimmora|Energy Ball|p2b: Gastrodon\n|-activate|p2b: Gastrodon|move: Protect\n|move|p2a: Ting-Lu|Earthquake|p1a: Glimmora|[spread] p1a,p1b\n|-activate|p2b: Gastrodon|move: Protect\n|-supereffective|p1a: Glimmora\n|-damage|p1a: Glimmora|0 fnt\n|-damage|p1b: Dondozo|79\/100\n|-activate|p1a: Glimmora|ability: Toxic Debris\n|-sidestart|p2: Bolsa_25|move: Toxic Spikes\n|faint|p1a: Glimmora\n|\n|-heal|p1b: Dondozo|86\/100|[from] item: Leftovers\n|upkeep\n|inactive|Daiji256 has 30 seconds left.\n|inactive|Daiji256 has 20 seconds left.\n|\n|t:|1681878303\n|switch|p1a: Flutter Mane|Flutter Mane, L50|56\/100\n|turn|3\n|inactive|Bolsa_25 has 30 seconds left.\n|inactive|Daiji256 has 30 seconds left.\n|inactive|Bolsa_25 has 20 seconds left.\n|inactive|Bolsa_25 has 15 seconds left.\n|\n|t:|1681878349\n|-end|p1a: Flutter Mane|Protosynthesis|[silent]\n|switch|p1a: Tatsugiri|Tatsugiri-Stretchy, L50, M|100\/100\n|-activate|p1a: Tatsugiri|ability: Commander|[of] p1b: Dondozo\n|-boost|p1b: Dondozo|atk|2\n|-boost|p1b: Dondozo|spa|2\n|-boost|p1b: Dondozo|spe|2\n|-boost|p1b: Dondozo|def|2\n|-boost|p1b: Dondozo|spd|2\n|switch|p2a: Grimmsnarl|Grimmsnarl, L50, M|100\/100\n|-status|p2a: Grimmsnarl|tox\n|-terastallize|p1b: Dondozo|Grass\n|move|p1b: Dondozo|Tera Blast|p2b: Gastrodon\n|-supereffective|p2b: Gastrodon\n|-damage|p2b: Gastrodon|0 fnt\n|faint|p2b: Gastrodon\n|\n|-heal|p1b: Dondozo|92\/100|[from] item: Leftovers\n|-damage|p2a: Grimmsnarl|95\/100 tox|[from] psn\n|upkeep\n|\n|t:|1681878352\n|switch|p2b: Ting-Lu|Ting-Lu, L50, tera:Poison|99\/100\n|-sideend|p2: Bolsa_25|move: Toxic Spikes|[of] p2b: Ting-Lu\n|-ability|p2b: Ting-Lu|Vessel of Ruin\n|turn|4\n|\n|t:|1681878375\n|switch|p2b: Wo-Chien|Wo-Chien, L50|100\/100\n|-ability|p2b: Wo-Chien|Tablets of Ruin\n|move|p1b: Dondozo|Protect|p1b: Dondozo\n|-singleturn|p1b: Dondozo|Protect\n|move|p2a: Grimmsnarl|Reflect|p2a: Grimmsnarl\n|-sidestart|p2: Bolsa_25|Reflect\n|\n|-heal|p1b: Dondozo|98\/100|[from] item: Leftovers\n|-damage|p2a: Grimmsnarl|83\/100 tox|[from] psn\n|upkeep\n|turn|5\n|inactive|Daiji256 has 30 seconds left.\n|\n|t:|1681878404\n|move|p2a: Grimmsnarl|Parting Shot|p1b: Dondozo\n|-unboost|p1b: Dondozo|atk|1\n|-unboost|p1b: Dondozo|spa|1\n|\n|t:|1681878407\n|switch|p2a: Ting-Lu|Ting-Lu, L50, tera:Poison|99\/100|[from] Parting Shot\n|-ability|p2a: Ting-Lu|Vessel of Ruin\n|move|p1b: Dondozo|Earthquake|p2b: Wo-Chien|[spread] p2a,p2b\n|-miss|p1b: Dondozo|p1a: Tatsugiri\n|-supereffective|p2a: Ting-Lu\n|-crit|p2a: Ting-Lu\n|-resisted|p2b: Wo-Chien\n|-damage|p2a: Ting-Lu|61\/100\n|-damage|p2b: Wo-Chien|95\/100\n|-enditem|p2a: Ting-Lu|Weakness Policy\n|-boost|p2a: Ting-Lu|atk|2|[from] item: Weakness Policy\n|-boost|p2a: Ting-Lu|spa|2|[from] item: Weakness Policy\n|move|p2b: Wo-Chien|Pollen Puff|p1b: Dondozo\n|-supereffective|p1b: Dondozo\n|-damage|p1b: Dondozo|86\/100\n|\n|-heal|p1b: Dondozo|92\/100|[from] item: Leftovers\n|-heal|p2b: Wo-Chien|100\/100|[from] item: Leftovers\n|upkeep\n|turn|6\n|\n|t:|1681878432\n|move|p2a: Ting-Lu|Protect|p2a: Ting-Lu\n|-singleturn|p2a: Ting-Lu|Protect\n|move|p1b: Dondozo|Wave Crash|p2a: Ting-Lu\n|-activate|p2a: Ting-Lu|move: Protect\n|move|p2b: Wo-Chien|Pollen Puff|p1b: Dondozo\n|-supereffective|p1b: Dondozo\n|-damage|p1b: Dondozo|78\/100\n|\n|-heal|p1b: Dondozo|84\/100|[from] item: Leftovers\n|upkeep\n|turn|7\n|\n|t:|1681878445\n|switch|p2a: Grimmsnarl|Grimmsnarl, L50, M|83\/100 tox\n|move|p1b: Dondozo|Wave Crash|p2a: Grimmsnarl\n|-crit|p2a: Grimmsnarl\n|-damage|p2a: Grimmsnarl|0 fnt\n|faint|p2a: Grimmsnarl\n|-damage|p1b: Dondozo|61\/100|[from] Recoil\n|move|p2b: Wo-Chien|Pollen Puff|p1b: Dondozo\n|-supereffective|p1b: Dondozo\n|-damage|p1b: Dondozo|45\/100\n|\n|-heal|p1b: Dondozo|52\/100|[from] item: Leftovers\n|upkeep\n|\n|t:|1681878447\n|switch|p2a: Ting-Lu|Ting-Lu, L50, tera:Poison|61\/100\n|-ability|p2a: Ting-Lu|Vessel of Ruin\n|turn|8\n|\n|t:|1681878461\n|move|p1b: Dondozo|Wave Crash|p2a: Ting-Lu\n|-damage|p2a: Ting-Lu|40\/100\n|-damage|p1b: Dondozo|44\/100|[from] Recoil\n|move|p2b: Wo-Chien|Pollen Puff|p1b: Dondozo\n|-supereffective|p1b: Dondozo\n|-damage|p1b: Dondozo|32\/100\n|move|p2a: Ting-Lu|Rock Tomb|p1b: Dondozo\n|-damage|p1b: Dondozo|27\/100\n|-unboost|p1b: Dondozo|spe|1\n|\n|-heal|p1b: Dondozo|34\/100|[from] item: Leftovers\n|upkeep\n|turn|9\n|\n|t:|1681878484\n|move|p1b: Dondozo|Earthquake|p2a: Ting-Lu|[spread] p2a,p2b\n|-miss|p1b: Dondozo|p1a: Tatsugiri\n|-supereffective|p2a: Ting-Lu\n|-resisted|p2b: Wo-Chien\n|-damage|p2a: Ting-Lu|20\/100\n|-damage|p2b: Wo-Chien|94\/100\n|move|p2b: Wo-Chien|Pollen Puff|p2a: Ting-Lu\n|-heal|p2a: Ting-Lu|70\/100\n|move|p2a: Ting-Lu|Rock Tomb|p1b: Dondozo\n|-damage|p1b: Dondozo|29\/100\n|-unboost|p1b: Dondozo|spe|1\n|\n|-heal|p2b: Wo-Chien|100\/100|[from] item: Leftovers\n|-heal|p1b: Dondozo|35\/100|[from] item: Leftovers\n|upkeep\n|turn|10\n|\n|t:|1681878499\n|move|p1b: Dondozo|Protect|p1b: Dondozo\n|-singleturn|p1b: Dondozo|Protect\n|move|p2b: Wo-Chien|Pollen Puff|p1b: Dondozo\n|-activate|p1b: Dondozo|move: Protect\n|move|p2a: Ting-Lu|Rock Tomb|p1b: Dondozo\n|-activate|p1b: Dondozo|move: Protect\n|\n|-heal|p1b: Dondozo|41\/100|[from] item: Leftovers\n|upkeep\n|turn|11\n|\n|t:|1681878517\n|move|p2b: Wo-Chien|Pollen Puff|p1b: Dondozo\n|-supereffective|p1b: Dondozo\n|-damage|p1b: Dondozo|28\/100\n|move|p1b: Dondozo|Earthquake|p2b: Wo-Chien|[spread] p2a,p2b\n|-miss|p1b: Dondozo|p1a: Tatsugiri\n|-supereffective|p2a: Ting-Lu\n|-resisted|p2b: Wo-Chien\n|-damage|p2a: Ting-Lu|51\/100\n|-damage|p2b: Wo-Chien|94\/100\n|move|p2a: Ting-Lu|Rock Tomb|p1b: Dondozo\n|-damage|p1b: Dondozo|24\/100\n|-unboost|p1b: Dondozo|spe|1\n|\n|-heal|p2b: Wo-Chien|100\/100|[from] item: Leftovers\n|-heal|p1b: Dondozo|30\/100|[from] item: Leftovers\n|-sideend|p2: Bolsa_25|Reflect\n|upkeep\n|turn|12\n|inactive|Daiji256 has 30 seconds left.\n|inactive|Daiji256 has 20 seconds left.\n|\n|t:|1681878555\n|move|p1b: Dondozo|Protect|p1b: Dondozo\n|-singleturn|p1b: Dondozo|Protect\n|move|p2b: Wo-Chien|Pollen Puff|p2a: Ting-Lu\n|-heal|p2a: Ting-Lu|100\/100\n|move|p2a: Ting-Lu|Rock Tomb|p1b: Dondozo\n|-activate|p1b: Dondozo|move: Protect\n|\n|-heal|p1b: Dondozo|36\/100|[from] item: Leftovers\n|upkeep\n|turn|13\n|\n|t:|1681878566\n|move|p2b: Wo-Chien|Pollen Puff|p1b: Dondozo\n|-supereffective|p1b: Dondozo\n|-damage|p1b: Dondozo|22\/100\n|move|p2a: Ting-Lu|Rock Tomb|p1b: Dondozo\n|-damage|p1b: Dondozo|18\/100\n|-unboost|p1b: Dondozo|spe|1\n|move|p1b: Dondozo|Earthquake|p2b: Wo-Chien|[spread] p2a,p2b\n|-miss|p1b: Dondozo|p1a: Tatsugiri\n|-supereffective|p2a: Ting-Lu\n|-resisted|p2b: Wo-Chien\n|-damage|p2a: Ting-Lu|74\/100\n|-damage|p2b: Wo-Chien|92\/100\n|\n|-heal|p2b: Wo-Chien|98\/100|[from] item: Leftovers\n|-heal|p1b: Dondozo|24\/100|[from] item: Leftovers\n|upkeep\n|turn|14\n|\n|t:|1681878583\n|move|p2b: Wo-Chien|Pollen Puff|p1b: Dondozo\n|-supereffective|p1b: Dondozo\n|-damage|p1b: Dondozo|10\/100\n|move|p2a: Ting-Lu|Heavy Slam|p1b: Dondozo\n|-damage|p1b: Dondozo|4\/100\n|move|p1b: Dondozo|Earthquake|p2a: Ting-Lu|[spread] p2a,p2b\n|-miss|p1b: Dondozo|p1a: Tatsugiri\n|-supereffective|p2a: Ting-Lu\n|-resisted|p2b: Wo-Chien\n|-damage|p2a: Ting-Lu|45\/100\n|-damage|p2b: Wo-Chien|90\/100\n|\n|-heal|p2b: Wo-Chien|96\/100|[from] item: Leftovers\n|-heal|p1b: Dondozo|10\/100|[from] item: Leftovers\n|upkeep\n|turn|15\n|\n|t:|1681878602\n|move|p2b: Wo-Chien|Pollen Puff|p2a: Ting-Lu\n|-heal|p2a: Ting-Lu|95\/100\n|move|p2a: Ting-Lu|Heavy Slam|p1b: Dondozo\n|-damage|p1b: Dondozo|5\/100\n|move|p1b: Dondozo|Earthquake|p2b: Wo-Chien|[spread] p2a,p2b\n|-miss|p1b: Dondozo|p1a: Tatsugiri\n|-supereffective|p2a: Ting-Lu\n|-resisted|p2b: Wo-Chien\n|-damage|p2a: Ting-Lu|66\/100\n|-damage|p2b: Wo-Chien|87\/100\n|\n|-heal|p2b: Wo-Chien|94\/100|[from] item: Leftovers\n|-heal|p1b: Dondozo|11\/100|[from] item: Leftovers\n|upkeep\n|turn|16\n|\n|t:|1681878616\n|move|p2a: Ting-Lu|Protect|p2a: Ting-Lu\n|-singleturn|p2a: Ting-Lu|Protect\n|move|p1b: Dondozo|Protect|p1b: Dondozo\n|-singleturn|p1b: Dondozo|Protect\n|move|p2b: Wo-Chien|Pollen Puff|p1b: Dondozo\n|-activate|p1b: Dondozo|move: Protect\n|\n|-heal|p2b: Wo-Chien|99\/100|[from] item: Leftovers\n|-heal|p1b: Dondozo|18\/100|[from] item: Leftovers\n|upkeep\n|turn|17\n|\n|t:|1681878627\n|move|p2b: Wo-Chien|Pollen Puff|p1b: Dondozo\n|-supereffective|p1b: Dondozo\n|-damage|p1b: Dondozo|3\/100\n|move|p2a: Ting-Lu|Heavy Slam|p1b: Dondozo\n|-damage|p1b: Dondozo|0 fnt\n|faint|p1b: Dondozo\n|\n|-heal|p2b: Wo-Chien|100\/100|[from] item: Leftovers\n|upkeep\n|\n|t:|1681878636\n|switch|p1b: Flutter Mane|Flutter Mane, L50|56\/100\n|turn|18\n|\n|t:|1681878648\n|move|p1b: Flutter Mane|Moonblast|p2b: Wo-Chien\n|-supereffective|p2b: Wo-Chien\n|-damage|p2b: Wo-Chien|52\/100\n|move|p1a: Tatsugiri|Muddy Water|p2a: Ting-Lu|[spread] p2b\n|-miss|p1a: Tatsugiri|p2a: Ting-Lu\n|-resisted|p2b: Wo-Chien\n|-crit|p2b: Wo-Chien\n|-damage|p2b: Wo-Chien|38\/100\n|move|p2b: Wo-Chien|Pollen Puff|p2a: Ting-Lu\n|-heal|p2a: Ting-Lu|100\/100\n|move|p2a: Ting-Lu|Heavy Slam|p1b: Flutter Mane\n|-supereffective|p1b: Flutter Mane\n|-damage|p1b: Flutter Mane|0 fnt\n|faint|p1b: Flutter Mane\n|-end|p1b: Flutter Mane|Protosynthesis|[silent]\n|\n|-heal|p2b: Wo-Chien|44\/100|[from] item: Leftovers\n|upkeep\n|turn|19\n|\n|t:|1681878664\n|move|p2b: Wo-Chien|Protect|p2b: Wo-Chien\n|-singleturn|p2b: Wo-Chien|Protect\n|move|p1a: Tatsugiri|Muddy Water|p2a: Ting-Lu|[spread] p2a\n|-activate|p2b: Wo-Chien|move: Protect\n|-damage|p2a: Ting-Lu|86\/100\n|move|p2a: Ting-Lu|Earthquake|p1a: Tatsugiri|[spread] p1a\n|-activate|p2b: Wo-Chien|move: Protect\n|-damage|p1a: Tatsugiri|72\/100\n|\n|-heal|p2b: Wo-Chien|50\/100|[from] item: Leftovers\n|upkeep\n|turn|20\n|\n|t:|1681878674\n|move|p1a: Tatsugiri|Muddy Water|p2a: Ting-Lu|[spread] p2a,p2b\n|-resisted|p2b: Wo-Chien\n|-damage|p2a: Ting-Lu|71\/100\n|-damage|p2b: Wo-Chien|42\/100\n|-unboost|p2b: Wo-Chien|accuracy|1\n|move|p2b: Wo-Chien|Giga Drain|p1a: Tatsugiri\n|-damage|p1a: Tatsugiri|50\/100\n|-heal|p2b: Wo-Chien|53\/100|[from] drain|[of] p1a: Tatsugiri\n|move|p2a: Ting-Lu|Rock Tomb|p1a: Tatsugiri\n|-damage|p1a: Tatsugiri|36\/100\n|-unboost|p1a: Tatsugiri|spe|1\n|\n|-heal|p2b: Wo-Chien|60\/100|[from] item: Leftovers\n|upkeep\n|turn|21\n|inactive|Daiji256 has 30 seconds left.\n|\n|t:|1681878687\n|move|p2b: Wo-Chien|Leech Seed|p1a: Tatsugiri\n|-start|p1a: Tatsugiri|move: Leech Seed\n|move|p1a: Tatsugiri|Muddy Water|p2b: Wo-Chien|[spread] p2a,p2b\n|-resisted|p2b: Wo-Chien\n|-damage|p2a: Ting-Lu|57\/100\n|-damage|p2b: Wo-Chien|51\/100\n|-unboost|p2a: Ting-Lu|accuracy|1\n|move|p2a: Ting-Lu|Rock Tomb|p1a: Tatsugiri\n|-damage|p1a: Tatsugiri|22\/100\n|-unboost|p1a: Tatsugiri|spe|1\n|\n|-heal|p2b: Wo-Chien|57\/100|[from] item: Leftovers\n|-damage|p1a: Tatsugiri|10\/100|[from] Leech Seed|[of] p2b: Wo-Chien\n|-heal|p2b: Wo-Chien|69\/100|[silent]\n|upkeep\n|turn|22\n|inactive|Daiji256 has 30 seconds left this turn.\n|c|\u2606Bolsa_25|gg\n|-message|Daiji256 forfeited.\n|\n|win|Bolsa_25\n|inactive|Daiji256 has 25 seconds left this turn.\n|raw|Daiji256's rating: 1448 → 1425<\/strong> (-23 for losing)\n|raw|Bolsa_25's rating: 1397 → 1420<\/strong> (+23 for winning)\n|l|\u2606Daiji256\n","uploadtime":1681878701,"views":11,"p1id":"daiji256","p2id":"bolsa25","formatid":"gen9vgc2023regulationc","rating":1420,"private":0,"password":""}