{"id":"gen9vgc2023regulationc-1848623035","p1":"TuP1cha","p2":"LeafeonLou12","format":"[Gen 9] VGC 2023 Regulation C","log":"|j|\u2606TuP1cha\n|j|\u2606LeafeonLou12\n|t:|1682095350\n|gametype|doubles\n|player|p1|TuP1cha|silver|1177\n|player|p2|LeafeonLou12|2|1125\n|teamsize|p1|6\n|teamsize|p2|6\n|gen|9\n|tier|[Gen 9] VGC 2023 Regulation C\n|rated|\n|rule|Species Clause: Limit one of each Pok\u00e9mon\n|rule|Item Clause: Limit one of each item\n|clearpoke\n|poke|p1|Annihilape, L50, M|\n|poke|p1|Amoonguss, L50, F|\n|poke|p1|Chi-Yu, L50|\n|poke|p1|Gyarados, L50, M|\n|poke|p1|Flutter Mane, L50|\n|poke|p1|Kingambit, L50, M|\n|poke|p2|Rotom-Fan, L50|\n|poke|p2|Torkoal, L50, M|\n|poke|p2|Indeedee, L50, M|\n|poke|p2|Drifblim, L50, M|\n|poke|p2|Chi-Yu, L50|\n|poke|p2|Great Tusk, L50|\n|teampreview|4\n|inactive|Battle timer is ON: inactive players will automatically lose when time's up. (requested by LeafeonLou12)\n|inactive|TuP1cha has 60 seconds left.\n|\n|t:|1682095423\n|start\n|switch|p1a: Chi-Yu|Chi-Yu, L50|100\/100\n|switch|p1b: Gyarados|Gyarados, L50, M, shiny|100\/100\n|switch|p2a: Drifblim|Drifblim, L50, M|100\/100\n|switch|p2b: Indeedee|Indeedee, L50, M|100\/100\n|-fieldstart|move: Psychic Terrain|[from] ability: Psychic Surge|[of] p2b: Indeedee\n|-enditem|p2a: Drifblim|Psychic Seed\n|-boost|p2a: Drifblim|spd|1|[from] item: Psychic Seed\n|-ability|p1a: Chi-Yu|Beads of Ruin\n|-ability|p1b: Gyarados|Intimidate|boost\n|-unboost|p2a: Drifblim|atk|1\n|-unboost|p2b: Indeedee|atk|1\n|turn|1\n|inactive|TuP1cha has 30 seconds left.\n|inactive|LeafeonLou12 has 30 seconds left.\n|\n|t:|1682095453\n|move|p2a: Drifblim|Tailwind|p2a: Drifblim\n|-sidestart|p2: LeafeonLou12|move: Tailwind\n|move|p2b: Indeedee|Trick|p1a: Chi-Yu\n|-activate|p2b: Indeedee|move: Trick|[of] p1a: Chi-Yu\n|-item|p1a: Chi-Yu|Choice Scarf|[from] move: Trick\n|-item|p2b: Indeedee|Choice Scarf|[from] move: Trick\n|move|p1a: Chi-Yu|Snarl|p2b: Indeedee|[spread] p2a,p2b\n|-supereffective|p2a: Drifblim\n|-supereffective|p2b: Indeedee\n|-damage|p2a: Drifblim|49\/100\n|-damage|p2b: Indeedee|11\/100\n|-unboost|p2a: Drifblim|spa|1\n|-unboost|p2b: Indeedee|spa|1\n|move|p1b: Gyarados|Taunt|p2b: Indeedee\n|-start|p2b: Indeedee|move: Taunt\n|\n|upkeep\n|turn|2\n|\n|t:|1682095475\n|move|p2a: Drifblim|Acrobatics|p1a: Chi-Yu\n|-damage|p1a: Chi-Yu|55\/100\n|move|p2b: Indeedee|Dazzling Gleam|p1a: Chi-Yu|[spread] p1a,p1b\n|-damage|p1a: Chi-Yu|41\/100\n|-damage|p1b: Gyarados|89\/100\n|move|p1a: Chi-Yu|Snarl|p2b: Indeedee|[spread] p2a,p2b\n|-supereffective|p2a: Drifblim\n|-supereffective|p2b: Indeedee\n|-damage|p2a: Drifblim|0 fnt\n|-damage|p2b: Indeedee|0 fnt\n|faint|p2a: Drifblim\n|faint|p2b: Indeedee\n|move|p1b: Gyarados|Icy Wind|p2: Drifblim|[notarget]\n|-fail|p1b: Gyarados\n|\n|upkeep\n|\n|t:|1682095487\n|switch|p2b: Rotom|Rotom-Fan, L50|100\/100\n|switch|p2a: Chi-Yu|Chi-Yu, L50|100\/100\n|-ability|p2a: Chi-Yu|Beads of Ruin\n|turn|3\n|inactive|TuP1cha has 30 seconds left.\n|\n|t:|1682095513\n|switch|p1b: Amoonguss|Amoonguss, L50, F|100\/100\n|-terastallize|p2a: Chi-Yu|Ground\n|move|p2a: Chi-Yu|Tera Blast|p1a: Chi-Yu\n|-supereffective|p1a: Chi-Yu\n|-damage|p1a: Chi-Yu|0 fnt\n|faint|p1a: Chi-Yu\n|move|p2b: Rotom|Discharge|p1b: Amoonguss|[spread] p1b\n|-immune|p2a: Chi-Yu\n|-resisted|p1b: Amoonguss\n|-damage|p1b: Amoonguss|87\/100\n|\n|upkeep\n|\n|t:|1682095527\n|switch|p1a: Gyarados|Gyarados, L50, M, shiny|89\/100\n|-ability|p1a: Gyarados|Intimidate|boost\n|-unboost|p2a: Chi-Yu|atk|1\n|-unboost|p2b: Rotom|atk|1\n|turn|4\n|\n|t:|1682095550\n|-terastallize|p1a: Gyarados|Steel\n|move|p2a: Chi-Yu|Heat Wave|p1b: Amoonguss|[spread] p1a,p1b\n|-supereffective|p1a: Gyarados\n|-supereffective|p1b: Amoonguss\n|-damage|p1a: Gyarados|16\/100\n|-damage|p1b: Amoonguss|16\/100\n|-enditem|p1b: Amoonguss|Aguav Berry|[eat]\n|-heal|p1b: Amoonguss|49\/100|[from] item: Aguav Berry\n|move|p2b: Rotom|Discharge|p1a: Gyarados|[spread] p1a,p1b\n|-immune|p2a: Chi-Yu\n|-resisted|p1b: Amoonguss\n|-damage|p1a: Gyarados|0 fnt\n|-damage|p1b: Amoonguss|36\/100\n|faint|p1a: Gyarados\n|move|p1b: Amoonguss|Pollen Puff|p2a: Chi-Yu\n|-damage|p2a: Chi-Yu|80\/100\n|\n|-sideend|p2: LeafeonLou12|move: Tailwind\n|upkeep\n|\n|t:|1682095566\n|switch|p1a: Annihilape|Annihilape, L50, M|100\/100\n|turn|5\n|inactive|TuP1cha has 30 seconds left.\n|\n|t:|1682095598\n|move|p2a: Chi-Yu|Heat Wave|p1b: Amoonguss|[spread] p1b\n|-miss|p2a: Chi-Yu|p1a: Annihilape\n|-supereffective|p1b: Amoonguss\n|-crit|p1b: Amoonguss\n|-damage|p1b: Amoonguss|0 fnt\n|faint|p1b: Amoonguss\n|move|p1a: Annihilape|Rage Fist|p2b: Rotom\n|-damage|p2b: Rotom|75\/100\n|move|p2b: Rotom|Air Slash|p1a: Annihilape\n|-supereffective|p1a: Annihilape\n|-damage|p1a: Annihilape|19\/100\n|\n|-heal|p1a: Annihilape|25\/100|[from] item: Leftovers\n|-fieldend|move: Psychic Terrain\n|upkeep\n|turn|6\n|inactive|TuP1cha has 30 seconds left.\n|\n|t:|1682095626\n|move|p1a: Annihilape|Protect|p1a: Annihilape\n|-singleturn|p1a: Annihilape|Protect\n|move|p2a: Chi-Yu|Tera Blast|p1a: Annihilape\n|-activate|p1a: Annihilape|move: Protect\n|move|p2b: Rotom|Discharge|p1a: Annihilape|[spread] \n|-activate|p1a: Annihilape|move: Protect\n|-immune|p2a: Chi-Yu\n|\n|-heal|p1a: Annihilape|31\/100|[from] item: Leftovers\n|upkeep\n|turn|7\n|\n|t:|1682095638\n|move|p2a: Chi-Yu|Tera Blast|p1a: Annihilape\n|-damage|p1a: Annihilape|0 fnt\n|faint|p1a: Annihilape\n|\n|win|LeafeonLou12\n|raw|TuP1cha's rating: 1177 → 1148<\/strong> (-29 for losing)\n|raw|LeafeonLou12's rating: 1125 → 1154<\/strong> (+29 for winning)\n","uploadtime":1682095645,"views":8,"p1id":"tup1cha","p2id":"leafeonlou12","formatid":"gen9vgc2023regulationc","rating":1148,"private":0,"password":""}