{"id":"gen9vgc2023regulationc-1857139161","p1":"Yute","p2":"haha you rage quit","format":"[Gen 9] VGC 2023 Regulation C","log":"|j|\u2606Yute\n|j|\u2606haha you rage quit\n|t:|1683149860\n|gametype|doubles\n|player|p1|Yute|brock|1186\n|player|p2|haha you rage quit|pokemaniac|1219\n|teamsize|p1|6\n|teamsize|p2|6\n|gen|9\n|tier|[Gen 9] VGC 2023 Regulation C\n|rated|\n|rule|Species Clause: Limit one of each Pok\u00e9mon\n|rule|Item Clause: Limit one of each item\n|clearpoke\n|poke|p1|Pincurchin, L50, M|\n|poke|p1|Iron Bundle, L50|\n|poke|p1|Iron Moth, L50|\n|poke|p1|Iron Hands, L50|\n|poke|p1|Chien-Pao, L50|\n|poke|p1|Iron Treads, L50|\n|poke|p2|Flutter Mane, L50|\n|poke|p2|Chi-Yu, L50|\n|poke|p2|Donphan, L50, M|\n|poke|p2|Gholdengo, L50|\n|poke|p2|Talonflame, L50, M|\n|poke|p2|Murkrow, L50, M|\n|teampreview|4\n|\n|t:|1683149897\n|start\n|switch|p1a: Iron Treads|Iron Treads, L50|100\/100\n|switch|p1b: Iron Hands|Iron Hands, L50|100\/100\n|switch|p2a: Murkrow|Murkrow, L50, M|100\/100\n|switch|p2b: Donphan|Donphan, L50, M|100\/100\n|turn|1\n|\n|t:|1683149929\n|switch|p2b: Gholdengo|Gholdengo, L50|100\/100\n|-terastallize|p2a: Murkrow|Ghost\n|move|p1b: Iron Hands|Fake Out|p2a: Murkrow\n|-immune|p2a: Murkrow\n|move|p2a: Murkrow|Tailwind|p2a: Murkrow\n|-sidestart|p2: haha you rage quit|move: Tailwind\n|move|p1a: Iron Treads|Rock Slide|p2b: Gholdengo|[spread] p2b\n|-miss|p1a: Iron Treads|p2a: Murkrow\n|-resisted|p2b: Gholdengo\n|-damage|p2b: Gholdengo|93\/100\n|\n|upkeep\n|turn|2\n|\n|t:|1683149961\n|-end|p1a: Iron Treads|Quark Drive|[silent]\n|switch|p1a: Pincurchin|Pincurchin, L50, M|100\/100\n|-fieldstart|move: Electric Terrain|[from] ability: Electric Surge|[of] p1a: Pincurchin\n|-activate|p1b: Iron Hands|ability: Quark Drive\n|-start|p1b: Iron Hands|quarkdriveatk\n|switch|p2a: Flutter Mane|Flutter Mane, L50, shiny|100\/100\n|-enditem|p2a: Flutter Mane|Booster Energy\n|-activate|p2a: Flutter Mane|ability: Protosynthesis|[fromitem]\n|-start|p2a: Flutter Mane|protosynthesisspe\n|switch|p2b: Donphan|Donphan, L50, M|100\/100\n|move|p1b: Iron Hands|Wild Charge|p2a: Flutter Mane\n|-damage|p2a: Flutter Mane|0 fnt\n|faint|p2a: Flutter Mane\n|-end|p2a: Flutter Mane|Protosynthesis|[silent]\n|-damage|p1b: Iron Hands|88\/100|[from] Recoil\n|\n|upkeep\n|\n|t:|1683149982\n|switch|p2a: Gholdengo|Gholdengo, L50|93\/100\n|turn|3\n|\n|t:|1683150002\n|move|p2a: Gholdengo|Protect|p2a: Gholdengo\n|-singleturn|p2a: Gholdengo|Protect\n|move|p2b: Donphan|Earthquake|p1a: Pincurchin|[spread] p1a,p1b\n|-activate|p2a: Gholdengo|move: Protect\n|-supereffective|p1a: Pincurchin\n|-supereffective|p1b: Iron Hands\n|-damage|p1a: Pincurchin|14\/100\n|-damage|p1b: Iron Hands|11\/100\n|move|p1b: Iron Hands|Wild Charge|p2a: Gholdengo\n|-activate|p2a: Gholdengo|move: Protect\n|move|p1a: Pincurchin|Hex|p2a: Gholdengo\n|-activate|p2a: Gholdengo|move: Protect\n|\n|-heal|p1a: Pincurchin|20\/100|[from] item: Leftovers\n|upkeep\n|turn|4\n|\n|t:|1683150030\n|switch|p2b: Murkrow|Murkrow, L50, M, tera:Ghost|100\/100\n|-terastallize|p1a: Pincurchin|Flying\n|move|p2a: Gholdengo|Make It Rain|p1b: Iron Hands|[spread] p1a,p1b\n|-resisted|p1b: Iron Hands\n|-damage|p1a: Pincurchin|0 fnt\n|-damage|p1b: Iron Hands|0 fnt\n|-unboost|p2a: Gholdengo|spa|1\n|faint|p1a: Pincurchin\n|faint|p1b: Iron Hands\n|-end|p1b: Iron Hands|Quark Drive|[silent]\n|\n|-sideend|p2: haha you rage quit|move: Tailwind\n|upkeep\n|\n|t:|1683150046\n|switch|p1b: Iron Bundle|Iron Bundle, L50|100\/100\n|switch|p1a: Iron Treads|Iron Treads, L50|100\/100\n|-activate|p1a: Iron Treads|ability: Quark Drive\n|-start|p1a: Iron Treads|quarkdrivespe\n|-activate|p1b: Iron Bundle|ability: Quark Drive\n|-start|p1b: Iron Bundle|quarkdrivespe\n|turn|5\n|\n|t:|1683150093\n|move|p1b: Iron Bundle|Protect|p1b: Iron Bundle\n|-singleturn|p1b: Iron Bundle|Protect\n|move|p2a: Gholdengo|Protect|p2a: Gholdengo\n|-singleturn|p2a: Gholdengo|Protect\n|move|p2b: Murkrow|Haze|p2b: Murkrow\n|-clearallboost\n|move|p1a: Iron Treads|Earthquake|p2b: Murkrow|[spread] p2b\n|-activate|p1b: Iron Bundle|move: Protect\n|-activate|p2a: Gholdengo|move: Protect\n|-damage|p2b: Murkrow|21\/100\n|\n|upkeep\n|turn|6\n|\n|t:|1683150130\n|move|p2b: Murkrow|Quash|p1a: Iron Treads\n|-activate|p1a: Iron Treads|move: Quash\n|move|p1b: Iron Bundle|Hydro Pump|p2a: Gholdengo\n|-damage|p2a: Gholdengo|36\/100\n|move|p2a: Gholdengo|Make It Rain|p1a: Iron Treads|[spread] p1a,p1b\n|-resisted|p1a: Iron Treads\n|-damage|p1a: Iron Treads|65\/100\n|-damage|p1b: Iron Bundle|2\/100\n|-unboost|p2a: Gholdengo|spa|1\n|move|p1a: Iron Treads|Earthquake|p2b: Murkrow|[spread] p1b,p2a,p2b\n|-supereffective|p2a: Gholdengo\n|-damage|p1b: Iron Bundle|0 fnt\n|-damage|p2a: Gholdengo|0 fnt\n|-damage|p2b: Murkrow|0 fnt\n|faint|p1b: Iron Bundle\n|-end|p1b: Iron Bundle|Quark Drive|[silent]\n|faint|p2a: Gholdengo\n|faint|p2b: Murkrow\n|\n|-fieldend|move: Electric Terrain\n|-end|p1a: Iron Treads|Quark Drive\n|upkeep\n|\n|t:|1683150144\n|switch|p2a: Donphan|Donphan, L50, M|100\/100\n|turn|7\n|\n|t:|1683150159\n|move|p1a: Iron Treads|Earthquake|p2a: Donphan\n|-damage|p2a: Donphan|58\/100\n|move|p2a: Donphan|High Horsepower|p1a: Iron Treads\n|-supereffective|p1a: Iron Treads\n|-damage|p1a: Iron Treads|0 fnt\n|faint|p1a: Iron Treads\n|-end|p1a: Iron Treads|Quark Drive|[silent]\n|\n|win|haha you rage quit\n|raw|Yute's rating: 1186 → 1163<\/strong> (-23 for losing)\n|raw|haha you rage quit's rating: 1219 → 1242<\/strong> (+23 for winning)\n|c|\u2606Yute|Gg\n","uploadtime":1683150175,"views":7,"p1id":"yute","p2id":"hahayouragequit","formatid":"gen9vgc2023regulationc","rating":1163,"private":0,"password":""}