{"id":"gen9vgc2023regulationc-1861508239","p1":"saul malenio","p2":"phononmode","format":"[Gen 9] VGC 2023 Regulation C","log":"|j|\u2606saul malenio\n|j|\u2606phononmode\n|t:|1683766533\n|gametype|doubles\n|player|p1|saul malenio|cynthia-gen4|1603\n|player|p2|phononmode|red|1663\n|teamsize|p1|6\n|teamsize|p2|6\n|gen|9\n|tier|[Gen 9] VGC 2023 Regulation C\n|rated|\n|rule|Species Clause: Limit one of each Pok\u00e9mon\n|rule|Item Clause: Limit one of each item\n|clearpoke\n|poke|p1|Flutter Mane, L50|\n|poke|p1|Great Tusk, L50|\n|poke|p1|Chien-Pao, L50|\n|poke|p1|Murkrow, L50, M|\n|poke|p1|Corviknight, L50, M|\n|poke|p1|Scream Tail, L50|\n|poke|p2|Toxapex, L50, F|\n|poke|p2|Ting-Lu, L50|\n|poke|p2|Grimmsnarl, L50, M|\n|poke|p2|Corviknight, L50, M|\n|poke|p2|Chi-Yu, L50|\n|poke|p2|Wo-Chien, L50|\n|teampreview|4\nsaul malenio has agreed to open team sheets.\nphononmode has agreed to open team sheets.\n|inactive|Battle timer is ON: inactive players will automatically lose when time's up. (requested by phononmode)\n|inactive|saul malenio has 60 seconds left.\n|\n|t:|1683766598\n|start\n|switch|p1a: Great Tusk|Great Tusk, L50|100\/100\n|switch|p1b: Chien-Pao|Chien-Pao, L50|100\/100\n|switch|p2a: Grimmsnarl|Grimmsnarl, L50, M|100\/100\n|switch|p2b: Toxapex|Toxapex, L50, F|100\/100\n|-ability|p1b: Chien-Pao|Sword of Ruin\n|turn|1\n|inactive|saul malenio has 30 seconds left.\n|inactive|saul malenio has 20 seconds left.\n|\n|t:|1683766636\n|-terastallize|p1b: Chien-Pao|Flying\n|move|p2b: Toxapex|Baneful Bunker|p2b: Toxapex\n|-singleturn|p2b: Toxapex|move: Protect\n|move|p2a: Grimmsnarl|Reflect|p2a: Grimmsnarl\n|-sidestart|p2: phononmode|Reflect\n|move|p1a: Great Tusk|Earthquake|p2a: Grimmsnarl|[spread] p2a\n|-activate|p2b: Toxapex|move: Protect\n|-immune|p1b: Chien-Pao\n|-damage|p2a: Grimmsnarl|56\/100\n|move|p1b: Chien-Pao|Sacred Sword|p2a: Grimmsnarl\n|-damage|p2a: Grimmsnarl|25\/100\n|\n|upkeep\n|turn|2\n|\n|t:|1683766656\n|switch|p2a: Corviknight|Corviknight, L50, M|100\/100\n|move|p1a: Great Tusk|Earthquake|p2a: Corviknight|[spread] p2b\n|-immune|p1b: Chien-Pao\n|-immune|p2a: Corviknight\n|-supereffective|p2b: Toxapex\n|-crit|p2b: Toxapex\n|-damage|p2b: Toxapex|0 fnt\n|faint|p2b: Toxapex\n|move|p1b: Chien-Pao|Ice Spinner|p2a: Corviknight\n|-damage|p2a: Corviknight|69\/100\n|\n|upkeep\n|\n|t:|1683766667\n|switch|p2b: Chi-Yu|Chi-Yu, L50|100\/100\n|-ability|p2b: Chi-Yu|Beads of Ruin\n|turn|3\n|inactive|saul malenio has 30 seconds left.\n|inactive|saul malenio has 20 seconds left.\n|inactive|saul malenio has 15 seconds left.\n|\n|t:|1683766711\n|-terastallize|p2b: Chi-Yu|Fire\n|move|p2b: Chi-Yu|Heat Wave|p1b: Chien-Pao|[spread] p1a,p1b\n|-damage|p1a: Great Tusk|0 fnt\n|-enditem|p1b: Chien-Pao|Focus Sash\n|-damage|p1b: Chien-Pao|1\/100\n|faint|p1a: Great Tusk\n|-end|p1a: Great Tusk|Protosynthesis|[silent]\n|move|p1b: Chien-Pao|Sacred Sword|p2b: Chi-Yu\n|-damage|p2b: Chi-Yu|56\/100\n|move|p2a: Corviknight|Iron Head|p1b: Chien-Pao\n|-damage|p1b: Chien-Pao|0 fnt\n|faint|p1b: Chien-Pao\n|\n|upkeep\n|\n|t:|1683766726\n|switch|p1b: Flutter Mane|Flutter Mane, L50|100\/100\n|switch|p1a: Scream Tail|Scream Tail, L50|100\/100\n|-enditem|p1a: Scream Tail|Booster Energy\n|-activate|p1a: Scream Tail|ability: Protosynthesis|[fromitem]\n|-start|p1a: Scream Tail|protosynthesisspe\n|turn|4\n|j| maverickweavile2\n|inactive|phononmode has 30 seconds left.\n|\n|t:|1683766757\n|switch|p2b: Grimmsnarl|Grimmsnarl, L50, M|25\/100\n|move|p1a: Scream Tail|Disable||[still]\n|-fail|p1a: Scream Tail\n|move|p1b: Flutter Mane|Thunderbolt|p2a: Corviknight\n|-supereffective|p2a: Corviknight\n|-damage|p2a: Corviknight|0 fnt\n|faint|p2a: Corviknight\n|\n|upkeep\n|\n|t:|1683766763\n|switch|p2a: Chi-Yu|Chi-Yu, L50, tera:Fire|56\/100\n|-ability|p2a: Chi-Yu|Beads of Ruin\n|turn|5\n|inactive|saul malenio has 30 seconds left.\n|\n|t:|1683766790\n|move|p2b: Grimmsnarl|Light Screen|p2b: Grimmsnarl\n|-sidestart|p2: phononmode|move: Light Screen\n|move|p1a: Scream Tail|Dazzling Gleam|p2a: Chi-Yu|[spread] p2a,p2b\n|-resisted|p2a: Chi-Yu\n|-supereffective|p2b: Grimmsnarl\n|-damage|p2a: Chi-Yu|49\/100\n|-damage|p2b: Grimmsnarl|5\/100\n|move|p2a: Chi-Yu|Overheat|p1b: Flutter Mane\n|-damage|p1b: Flutter Mane|0 fnt\n|-unboost|p2a: Chi-Yu|spa|2\n|faint|p1b: Flutter Mane\n|-end|p1b: Flutter Mane|Protosynthesis|[silent]\n|\n|upkeep\n|turn|6\n|\n|t:|1683766814\n|move|p2b: Grimmsnarl|Taunt|p1a: Scream Tail\n|-start|p1a: Scream Tail|move: Taunt\n|move|p1a: Scream Tail|Dazzling Gleam|p2a: Chi-Yu|[spread] p2a,p2b\n|-resisted|p2a: Chi-Yu\n|-supereffective|p2b: Grimmsnarl\n|-crit|p2b: Grimmsnarl\n|-damage|p2a: Chi-Yu|43\/100\n|-damage|p2b: Grimmsnarl|0 fnt\n|faint|p2b: Grimmsnarl\n|move|p2a: Chi-Yu|Overheat|p1a: Scream Tail\n|-damage|p1a: Scream Tail|50\/100\n|-unboost|p2a: Chi-Yu|spa|2\n|\n|upkeep\n|turn|7\n|j| merah merona\n|\n|t:|1683766826\n|move|p1a: Scream Tail|Dazzling Gleam|p2a: Chi-Yu\n|-resisted|p2a: Chi-Yu\n|-damage|p2a: Chi-Yu|35\/100\n|move|p2a: Chi-Yu|Overheat|p1a: Scream Tail\n|-damage|p1a: Scream Tail|22\/100\n|-unboost|p2a: Chi-Yu|spa|2\n|\n|upkeep\n|turn|8\n|\n|t:|1683766835\n|move|p1a: Scream Tail|Dazzling Gleam|p2a: Chi-Yu\n|-resisted|p2a: Chi-Yu\n|-damage|p2a: Chi-Yu|27\/100\n|move|p2a: Chi-Yu|Overheat|p1a: Scream Tail\n|-damage|p1a: Scream Tail|0 fnt\n|faint|p1a: Scream Tail\n|-end|p1a: Scream Tail|Protosynthesis|[silent]\n|\n|win|phononmode\n|raw|saul malenio's rating: 1603 → 1586<\/strong> (-17 for losing)\n|raw|phononmode's rating: 1663 → 1680<\/strong> (+17 for winning)\n|c|\u2606phononmode|gg\n|c|\u2606saul malenio|gg\n|l|\u2606saul malenio\n|l|\u2606phononmode\n","uploadtime":1683767175,"views":11,"p1id":"saulmalenio","p2id":"phononmode","formatid":"gen9vgc2023regulationc","rating":1586,"private":0,"password":""}