{"id":"gen9vgc2023regulationc-1847189091","p1":"tukeydukey","p2":"ThatFosterKid123","format":"[Gen 9] VGC 2023 Regulation C","log":"|j|\u2606tukeydukey\n|j|\u2606ThatFosterKid123\n|t:|1681926355\n|gametype|doubles\n|player|p1|tukeydukey|elesa|1097\n|player|p2|ThatFosterKid123|red|1000\n|teamsize|p1|6\n|teamsize|p2|6\n|gen|9\n|tier|[Gen 9] VGC 2023 Regulation C\n|rated|\n|rule|Species Clause: Limit one of each Pok\u00e9mon\n|rule|Item Clause: Limit one of each item\n|clearpoke\n|poke|p1|Pelipper, L50, M|\n|poke|p1|Palafin, L50, M|\n|poke|p1|Glimmora, L50, F|\n|poke|p1|Wo-Chien, L50|\n|poke|p1|Flutter Mane, L50|\n|poke|p1|Iron Hands, L50|\n|poke|p2|Rotom-Wash, L50|\n|poke|p2|Arcanine, L50, F|\n|poke|p2|Garchomp, L50, M|\n|poke|p2|Amoonguss, L50, M|\n|poke|p2|Gholdengo, L50|\n|poke|p2|Maushold-Four, L50|\n|teampreview|4\n|inactive|Battle timer is ON: inactive players will automatically lose when time's up. (requested by tukeydukey)\n|inactive|ThatFosterKid123 has 60 seconds left.\n|\n|t:|1681926396\n|start\n|switch|p1a: Palafin|Palafin, L50, M|100\/100\n|switch|p1b: Flutter Mane|Flutter Mane, L50|100\/100\n|switch|p2a: Rotom|Rotom-Wash, L50|100\/100\n|switch|p2b: Maushold|Maushold-Four, L50|100\/100\n|-enditem|p1b: Flutter Mane|Booster Energy\n|-activate|p1b: Flutter Mane|ability: Protosynthesis|[fromitem]\n|-start|p1b: Flutter Mane|protosynthesisspe\n|turn|1\n|inactive|tukeydukey has 30 seconds left.\n|inactive|tukeydukey has 20 seconds left.\n|\n|t:|1681926432\n|detailschange|p1a: Palafin|Palafin-Hero, L50, M\n|switch|p1a: Wo-Chien|Wo-Chien, L50|100\/100\n|-ability|p1a: Wo-Chien|Tablets of Ruin\n|move|p1b: Flutter Mane|Moonblast|p2a: Rotom\n|-damage|p2a: Rotom|43\/100\n|move|p2b: Maushold|Population Bomb|p1a: Wo-Chien\n|-damage|p1a: Wo-Chien|97\/100\n|-hitcount|p1a: Wo-Chien|1\n|move|p2a: Rotom|Nasty Plot|p2a: Rotom\n|-boost|p2a: Rotom|spa|2\n|\n|-heal|p1a: Wo-Chien|100\/100|[from] item: Leftovers\n|upkeep\n|turn|2\n|inactive|ThatFosterKid123 has 30 seconds left.\n|inactive|ThatFosterKid123 has 20 seconds left.\n|inactive|ThatFosterKid123 has 15 seconds left.\n|inactive|ThatFosterKid123 has 10 seconds left.\n|inactive|ThatFosterKid123 has 5 seconds left.\n|\n|t:|1681926485\n|move|p2b: Maushold|Helping Hand|p2a: Rotom\n|-singleturn|p2a: Rotom|Helping Hand|[of] p2b: Maushold\n|move|p1b: Flutter Mane|Moonblast|p2a: Rotom\n|-damage|p2a: Rotom|0 fnt\n|faint|p2a: Rotom\n|move|p1a: Wo-Chien|Foul Play|p2b: Maushold\n|-damage|p2b: Maushold|63\/100\n|\n|upkeep\n|\n|t:|1681926495\n|switch|p2a: Arcanine|Arcanine, L50, F|100\/100\n|-ability|p2a: Arcanine|Intimidate|boost\n|-unboost|p1a: Wo-Chien|atk|1\n|-unboost|p1b: Flutter Mane|atk|1\n|turn|3\n|\n|t:|1681926515\n|move|p2b: Maushold|Protect|p2b: Maushold\n|-singleturn|p2b: Maushold|Protect\n|move|p1b: Flutter Mane|Moonblast|p2b: Maushold\n|-activate|p2b: Maushold|move: Protect\n|move|p2a: Arcanine|Flare Blitz|p1a: Wo-Chien\n|-supereffective|p1a: Wo-Chien\n|-damage|p1a: Wo-Chien|54\/100\n|-damage|p2a: Arcanine|85\/100|[from] Recoil\n|move|p1a: Wo-Chien|Leech Seed|p2a: Arcanine\n|-start|p2a: Arcanine|move: Leech Seed\n|\n|-heal|p1a: Wo-Chien|60\/100|[from] item: Leftovers\n|-damage|p2a: Arcanine|73\/100|[from] Leech Seed|[of] p1a: Wo-Chien\n|-heal|p1a: Wo-Chien|72\/100|[silent]\n|upkeep\n|turn|4\n|inactive|ThatFosterKid123 has 30 seconds left.\n|inactive|ThatFosterKid123 has 20 seconds left.\n|\n|t:|1681926553\n|move|p1a: Wo-Chien|Protect|p1a: Wo-Chien\n|-singleturn|p1a: Wo-Chien|Protect\n|move|p1b: Flutter Mane|Moonblast|p2b: Maushold\n|-damage|p2b: Maushold|5\/100\n|move|p2b: Maushold|Population Bomb|p1a: Wo-Chien\n|-activate|p1a: Wo-Chien|move: Protect\n|move|p2a: Arcanine|Will-O-Wisp|p1b: Flutter Mane\n|-status|p1b: Flutter Mane|brn\n|\n|-heal|p1a: Wo-Chien|79\/100|[from] item: Leftovers\n|-damage|p2a: Arcanine|61\/100|[from] Leech Seed|[of] p1a: Wo-Chien\n|-heal|p1a: Wo-Chien|91\/100|[silent]\n|-damage|p1b: Flutter Mane|95\/100 brn|[from] brn\n|upkeep\n|turn|5\n|inactive|ThatFosterKid123 has 30 seconds left.\n|inactive|ThatFosterKid123 has 20 seconds left.\n|inactive|ThatFosterKid123 has 15 seconds left.\n|\n|t:|1681926595\n|switch|p2a: Gholdengo|Gholdengo, L50|100\/100\n|move|p2b: Maushold|Protect|p2b: Maushold\n|-singleturn|p2b: Maushold|Protect\n|move|p1b: Flutter Mane|Icy Wind|p2a: Gholdengo|[spread] p2a\n|-activate|p2b: Maushold|move: Protect\n|-resisted|p2a: Gholdengo\n|-crit|p2a: Gholdengo\n|-damage|p2a: Gholdengo|89\/100\n|-unboost|p2a: Gholdengo|spe|1\n|move|p1a: Wo-Chien|Foul Play|p2a: Gholdengo\n|-supereffective|p2a: Gholdengo\n|-damage|p2a: Gholdengo|50\/100\n|\n|-heal|p1a: Wo-Chien|97\/100|[from] item: Leftovers\n|-damage|p1b: Flutter Mane|89\/100 brn|[from] brn\n|upkeep\n|turn|6\n|inactive|ThatFosterKid123 has 30 seconds left.\n|\n|t:|1681926626\n|move|p2b: Maushold|Helping Hand|p2a: Gholdengo\n|-immune|p2a: Gholdengo|[from] ability: Good as Gold\n|move|p1b: Flutter Mane|Icy Wind|p2b: Maushold|[spread] p2a,p2b\n|-resisted|p2a: Gholdengo\n|-damage|p2a: Gholdengo|42\/100\n|-damage|p2b: Maushold|0 fnt\n|-unboost|p2a: Gholdengo|spe|1\n|faint|p2b: Maushold\n|move|p1a: Wo-Chien|Foul Play|p2a: Gholdengo\n|-supereffective|p2a: Gholdengo\n|-damage|p2a: Gholdengo|2\/100\n|-enditem|p2a: Gholdengo|Wiki Berry|[eat]\n|-heal|p2a: Gholdengo|35\/100|[from] item: Wiki Berry\n|move|p2a: Gholdengo|Make It Rain|p1a: Wo-Chien|[spread] p1a,p1b\n|-supereffective|p1b: Flutter Mane\n|-damage|p1a: Wo-Chien|66\/100\n|-damage|p1b: Flutter Mane|0 fnt\n|-unboost|p2a: Gholdengo|spa|1\n|faint|p1b: Flutter Mane\n|-end|p1b: Flutter Mane|Protosynthesis|[silent]\n|\n|-heal|p1a: Wo-Chien|72\/100|[from] item: Leftovers\n|upkeep\n|\n|t:|1681926648\n|switch|p1b: Palafin|Palafin-Hero, L50, M|100\/100\n|switch|p2b: Arcanine|Arcanine, L50, F|61\/100\n|-activate|p1b: Palafin|ability: Zero to Hero\n|-ability|p2b: Arcanine|Intimidate|boost\n|-unboost|p1a: Wo-Chien|atk|1\n|-unboost|p1b: Palafin|atk|1\n|turn|7\n|\n|t:|1681926665\n|switch|p1a: Pelipper|Pelipper, L50, M|100\/100\n|-weather|RainDance|[from] ability: Drizzle|[of] p1a: Pelipper\n|-terastallize|p1b: Palafin|Water\n|move|p2a: Gholdengo|Protect|p2a: Gholdengo\n|-singleturn|p2a: Gholdengo|Protect\n|move|p1b: Palafin|Jet Punch|p2a: Gholdengo\n|-activate|p2a: Gholdengo|move: Protect\n|move|p2b: Arcanine|Flare Blitz|p1a: Pelipper\n|-resisted|p1a: Pelipper\n|-damage|p1a: Pelipper|85\/100\n|-damage|p2b: Arcanine|57\/100|[from] Recoil\n|\n|-weather|RainDance|[upkeep]\n|upkeep\n|turn|8\n|\n|t:|1681926688\n|move|p2b: Arcanine|Extreme Speed|p1b: Palafin\n|-damage|p1b: Palafin|83\/100\n|move|p1b: Palafin|Jet Punch|p2a: Gholdengo\n|-damage|p2a: Gholdengo|0 fnt\n|faint|p2a: Gholdengo\n|move|p1a: Pelipper|Hydro Pump|p2b: Arcanine|[miss]\n|-miss|p1a: Pelipper|p2b: Arcanine\n|\n|-weather|RainDance|[upkeep]\n|upkeep\n|turn|9\n|-message|ThatFosterKid123 forfeited.\n|\n|win|tukeydukey\n|raw|tukeydukey's rating: 1097 → 1116<\/strong> (+19 for winning)\n|raw|ThatFosterKid123's rating: 1000 → 1000<\/strong> (+0 for losing)\n|l|\u2606ThatFosterKid123\n","uploadtime":1681926699,"views":15,"p1id":"tukeydukey","p2id":"thatfosterkid123","formatid":"gen9vgc2023regulationc","rating":1000,"private":0,"password":""}