{"id":"gen9vgc2023regulationc-1848054508","p1":"z0gre","p2":"pls be kind to me","format":"[Gen 9] VGC 2023 Regulation C","log":"|j|\u2606z0gre\n|j|\u2606pls be kind to me\n|t:|1682024676\n|gametype|doubles\n|player|p1|z0gre|lucas|1238\n|player|p2|pls be kind to me|flannery|1156\n|teamsize|p1|6\n|teamsize|p2|6\n|gen|9\n|tier|[Gen 9] VGC 2023 Regulation C\n|rated|\n|rule|Species Clause: Limit one of each Pok\u00e9mon\n|rule|Item Clause: Limit one of each item\n|clearpoke\n|poke|p1|Hippowdon, L50, M|\n|poke|p1|Lycanroc, L50, F|\n|poke|p1|Indeedee-F, L50, F|\n|poke|p1|Hawlucha, L50, M|\n|poke|p1|Palossand, L50, M|\n|poke|p1|Houndstone, L50, F|\n|poke|p2|Chi-Yu, L50|\n|poke|p2|Flutter Mane, L50|\n|poke|p2|Corviknight, L50, M|\n|poke|p2|Baxcalibur, L50, M|\n|poke|p2|Scream Tail, L50|\n|poke|p2|Dachsbun, L50, M|\n|teampreview|4\n|inactive|Battle timer is ON: inactive players will automatically lose when time's up. (requested by z0gre)\npls be kind to me has agreed to open team sheets.\n|inactive|pls be kind to me has 60 seconds left.\nz0gre rejected open team sheets.\n|inactive|pls be kind to me has 30 seconds left.\n|inactive|pls be kind to me has 20 seconds left.\n|inactive|pls be kind to me has 15 seconds left.\n|inactive|pls be kind to me has 10 seconds left.\n|\n|t:|1682024762\n|start\n|switch|p1a: Hippowdon|Hippowdon, L50, M, shiny|100\/100\n|switch|p1b: Palossand|Palossand, L50, M, shiny|100\/100\n|switch|p2a: Corviknight|Corviknight, L50, M, shiny|100\/100\n|switch|p2b: Scream Tail|Scream Tail, L50|100\/100\n|-weather|Sandstorm|[from] ability: Sand Stream|[of] p1a: Hippowdon\n|-enditem|p2b: Scream Tail|Booster Energy\n|-activate|p2b: Scream Tail|ability: Protosynthesis|[fromitem]\n|-start|p2b: Scream Tail|protosynthesisspe\n|turn|1\n|\n|t:|1682024784\n|move|p2b: Scream Tail|Dazzling Gleam|p1a: Hippowdon|[spread] p1a,p1b\n|-damage|p1a: Hippowdon|90\/100\n|-damage|p1b: Palossand|89\/100\n|move|p2a: Corviknight|Tailwind|p2a: Corviknight\n|-sidestart|p2: pls be kind to me|move: Tailwind\n|move|p1a: Hippowdon|Fissure|p2b: Scream Tail|[miss]\n|-miss|p1a: Hippowdon|p2b: Scream Tail\n|move|p1b: Palossand|Chilling Water|p2a: Corviknight\n|-damage|p2a: Corviknight|91\/100\n|-ability|p2a: Corviknight|Mirror Armor\n|-unboost|p1b: Palossand|atk|1\n|\n|-weather|Sandstorm|[upkeep]\n|-damage|p2b: Scream Tail|95\/100|[from] Sandstorm\n|upkeep\n|turn|2\n|\n|t:|1682024797\n|move|p2b: Scream Tail|Disable|p1a: Hippowdon\n|-start|p1a: Hippowdon|Disable|Fissure\n|move|p2a: Corviknight|Brave Bird|p1a: Hippowdon\n|-damage|p1a: Hippowdon|62\/100\n|-damage|p2a: Corviknight|81\/100|[from] Recoil\n|move|p1a: Hippowdon|Yawn|p2b: Scream Tail\n|-start|p2b: Scream Tail|move: Yawn|[of] p1a: Hippowdon\n|move|p1b: Palossand|Stockpile|p1b: Palossand\n|-start|p1b: Palossand|stockpile1\n|-boost|p1b: Palossand|def|1\n|-boost|p1b: Palossand|spd|1\n|\n|-weather|Sandstorm|[upkeep]\n|-damage|p2b: Scream Tail|89\/100|[from] Sandstorm\n|upkeep\n|turn|3\n|\n|t:|1682024819\n|move|p2b: Scream Tail|Encore|p1b: Palossand|[miss]\n|-miss|p2b: Scream Tail|p1b: Palossand\n|move|p2a: Corviknight|Brave Bird|p1a: Hippowdon\n|-damage|p1a: Hippowdon|34\/100\n|-damage|p2a: Corviknight|72\/100|[from] Recoil\n|move|p1a: Hippowdon|Stockpile|p1a: Hippowdon\n|-start|p1a: Hippowdon|stockpile1\n|-boost|p1a: Hippowdon|def|1\n|-boost|p1a: Hippowdon|spd|1\n|move|p1b: Palossand|Stockpile|p1b: Palossand\n|-start|p1b: Palossand|stockpile2\n|-boost|p1b: Palossand|def|1\n|-boost|p1b: Palossand|spd|1\n|\n|-weather|Sandstorm|[upkeep]\n|-damage|p2b: Scream Tail|83\/100|[from] Sandstorm\n|-end|p2b: Scream Tail|move: Yawn|[silent]\n|-status|p2b: Scream Tail|slp\n|upkeep\n|turn|4\n|\n|t:|1682024830\n|cant|p2b: Scream Tail|slp\n|move|p2a: Corviknight|Iron Head|p1a: Hippowdon\n|-damage|p1a: Hippowdon|20\/100\n|cant|p1a: Hippowdon|flinch\n|move|p1b: Palossand|Stockpile|p1b: Palossand\n|-start|p1b: Palossand|stockpile3\n|-boost|p1b: Palossand|def|1\n|-boost|p1b: Palossand|spd|1\n|\n|-weather|Sandstorm|[upkeep]\n|-damage|p2b: Scream Tail|77\/100 slp|[from] Sandstorm\n|-sideend|p2: pls be kind to me|move: Tailwind\n|upkeep\n|turn|5\n|\n|t:|1682024853\n|cant|p2b: Scream Tail|slp\n|move|p2a: Corviknight|Brave Bird|p1a: Hippowdon\n|-damage|p1a: Hippowdon|3\/100\n|-damage|p2a: Corviknight|66\/100|[from] Recoil\n|move|p1a: Hippowdon|Slack Off|p1a: Hippowdon\n|-heal|p1a: Hippowdon|54\/100\n|move|p1b: Palossand|Chilling Water|p2b: Scream Tail\n|-damage|p2b: Scream Tail|69\/100 slp\n|-unboost|p2b: Scream Tail|atk|1\n|\n|-weather|Sandstorm|[upkeep]\n|-damage|p2b: Scream Tail|64\/100 slp|[from] Sandstorm\n|-end|p1a: Hippowdon|Disable\n|upkeep\n|turn|6\n|inactive|pls be kind to me has 30 seconds left.\n|\n|t:|1682024880\n|-curestatus|p2b: Scream Tail|slp|[msg]\n|move|p2b: Scream Tail|Encore|p1a: Hippowdon\n|-start|p1a: Hippowdon|Encore\n|move|p2a: Corviknight|Iron Head|p1a: Hippowdon\n|-damage|p1a: Hippowdon|41\/100\n|move|p1a: Hippowdon|Slack Off|p1a: Hippowdon\n|-heal|p1a: Hippowdon|91\/100\n|move|p1b: Palossand|Chilling Water|p2b: Scream Tail\n|-damage|p2b: Scream Tail|55\/100\n|-unboost|p2b: Scream Tail|atk|1\n|\n|-weather|Sandstorm|[upkeep]\n|-damage|p2b: Scream Tail|49\/100|[from] Sandstorm\n|upkeep\n|turn|7\n|inactive|pls be kind to me has 30 seconds left.\n|\n|t:|1682024912\n|move|p2b: Scream Tail|Dazzling Gleam|p1a: Hippowdon|[spread] p1a,p1b\n|-damage|p1a: Hippowdon|84\/100\n|-damage|p1b: Palossand|84\/100\n|move|p2a: Corviknight|Roost|p2a: Corviknight\n|-heal|p2a: Corviknight|100\/100\n|-singleturn|p2a: Corviknight|move: Roost\n|move|p1a: Hippowdon|Slack Off|p1a: Hippowdon\n|-heal|p1a: Hippowdon|100\/100\n|move|p1b: Palossand|Chilling Water|p2b: Scream Tail\n|-damage|p2b: Scream Tail|41\/100\n|-unboost|p2b: Scream Tail|atk|1\n|\n|-weather|Sandstorm|[upkeep]\n|-damage|p2b: Scream Tail|35\/100|[from] Sandstorm\n|upkeep\n|turn|8\n|inactive|pls be kind to me has 30 seconds left.\n|\n|t:|1682024939\n|-end|p2b: Scream Tail|Protosynthesis|[silent]\n|switch|p2b: Chi-Yu|Chi-Yu, L50|100\/100\n|-ability|p2b: Chi-Yu|Beads of Ruin\n|switch|p1a: Indeedee|Indeedee-F, L50, F, shiny|100\/100\n|-fieldstart|move: Psychic Terrain|[from] ability: Psychic Surge|[of] p1a: Indeedee\n|move|p2a: Corviknight|Iron Head|p1b: Palossand\n|-damage|p1b: Palossand|76\/100\n|move|p1b: Palossand|Chilling Water|p2b: Chi-Yu\n|-supereffective|p2b: Chi-Yu\n|-damage|p2b: Chi-Yu|78\/100\n|-unboost|p2b: Chi-Yu|atk|1\n|\n|-weather|none\n|upkeep\n|turn|9\n|inactive|z0gre has 30 seconds left.\n|inactive|pls be kind to me has 30 seconds left.\n|\n|t:|1682024970\n|switch|p2a: Baxcalibur|Baxcalibur, L50, M|100\/100\n|move|p2b: Chi-Yu|Lava Plume|p1a: Indeedee|[spread] p2a,p1a,p1b\n|-damage|p2a: Baxcalibur|68\/100\n|-damage|p1a: Indeedee|63\/100\n|-damage|p1b: Palossand|64\/100\n|-status|p1a: Indeedee|brn\n|-ability|p2a: Baxcalibur|Thermal Exchange|boost\n|-boost|p2a: Baxcalibur|atk|1\n|move|p1a: Indeedee|Light Screen|p1a: Indeedee\n|-sidestart|p1: z0gre|move: Light Screen\n|move|p1b: Palossand|Sandstorm|p1b: Palossand\n|-weather|Sandstorm\n|\n|-weather|Sandstorm|[upkeep]\n|-damage|p2b: Chi-Yu|72\/100|[from] Sandstorm\n|-damage|p2a: Baxcalibur|62\/100|[from] Sandstorm\n|-damage|p1a: Indeedee|56\/100 brn|[from] Sandstorm\n|-damage|p1a: Indeedee|50\/100 brn|[from] brn\n|upkeep\n|turn|10\n|inactive|pls be kind to me has 30 seconds left.\n|inactive|z0gre has 30 seconds left.\n|\n|t:|1682025005\n|move|p2a: Baxcalibur|Protect|p2a: Baxcalibur\n|-singleturn|p2a: Baxcalibur|Protect\n|move|p2b: Chi-Yu|Lava Plume|p1a: Indeedee|[spread] p1a,p1b\n|-activate|p2a: Baxcalibur|move: Protect\n|-damage|p1a: Indeedee|25\/100 brn\n|-damage|p1b: Palossand|54\/100\n|move|p1a: Indeedee|Reflect|p1a: Indeedee\n|-sidestart|p1: z0gre|Reflect\n|move|p1b: Palossand|Shore Up|p1b: Palossand\n|-heal|p1b: Palossand|100\/100\n|\n|-weather|Sandstorm|[upkeep]\n|-damage|p2b: Chi-Yu|66\/100|[from] Sandstorm\n|-damage|p2a: Baxcalibur|56\/100|[from] Sandstorm\n|-damage|p1a: Indeedee|19\/100 brn|[from] Sandstorm\n|-damage|p1a: Indeedee|12\/100 brn|[from] brn\n|upkeep\n|turn|11\n|\n|t:|1682025026\n|switch|p2b: Corviknight|Corviknight, L50, M, shiny|100\/100\n|move|p2a: Baxcalibur|Icicle Spear|p1b: Palossand\n|-supereffective|p1b: Palossand\n|-damage|p1b: Palossand|88\/100\n|-supereffective|p1b: Palossand\n|-damage|p1b: Palossand|77\/100\n|-supereffective|p1b: Palossand\n|-damage|p1b: Palossand|66\/100\n|-supereffective|p1b: Palossand\n|-damage|p1b: Palossand|55\/100\n|-supereffective|p1b: Palossand\n|-crit|p1b: Palossand\n|-damage|p1b: Palossand|0 fnt\n|faint|p1b: Palossand\n|-hitcount|p1: Palossand|5\n|move|p1a: Indeedee|Draining Kiss|p2b: Corviknight\n|-resisted|p2b: Corviknight\n|-crit|p2b: Corviknight\n|-damage|p2b: Corviknight|95\/100\n|-heal|p1a: Indeedee|17\/100 brn|[from] drain|[of] p2b: Corviknight\n|\n|-weather|Sandstorm|[upkeep]\n|-damage|p2a: Baxcalibur|50\/100|[from] Sandstorm\n|-damage|p1a: Indeedee|11\/100 brn|[from] Sandstorm\n|-damage|p1a: Indeedee|5\/100 brn|[from] brn\n|upkeep\n|\n|t:|1682025046\n|switch|p1b: Lycanroc|Lycanroc, L50, F, shiny|100\/100\n|turn|12\n|\n|t:|1682025056\n|-terastallize|p1b: Lycanroc|Rock\n|move|p2a: Baxcalibur|Protect|p2a: Baxcalibur\n|-singleturn|p2a: Baxcalibur|Protect\n|move|p1a: Indeedee|Follow Me|p1a: Indeedee\n|-singleturn|p1a: Indeedee|move: Follow Me\n|move|p1b: Lycanroc|Rock Slide|p2a: Baxcalibur|[spread] p2b\n|-activate|p2a: Baxcalibur|move: Protect\n|-damage|p2b: Corviknight|64\/100\n|cant|p2b: Corviknight|flinch\n|\n|-weather|Sandstorm|[upkeep]\n|-damage|p2a: Baxcalibur|45\/100|[from] Sandstorm\n|-damage|p1a: Indeedee|0 fnt|[from] Sandstorm\n|faint|p1a: Indeedee\n|-fieldend|move: Psychic Terrain\n|upkeep\n|\n|t:|1682025061\n|switch|p1a: Hippowdon|Hippowdon, L50, M, shiny|100\/100\n|turn|13\n|\n|t:|1682025075\n|move|p2a: Baxcalibur|Ice Shard|p1b: Lycanroc\n|-damage|p1b: Lycanroc|58\/100\n|move|p1b: Lycanroc|Rock Slide|p2b: Corviknight|[spread] p2a,p2b\n|-supereffective|p2a: Baxcalibur\n|-damage|p2a: Baxcalibur|0 fnt\n|-damage|p2b: Corviknight|34\/100\n|faint|p2a: Baxcalibur\n|cant|p2b: Corviknight|flinch\n|move|p1a: Hippowdon|Yawn|p2b: Corviknight\n|-start|p2b: Corviknight|move: Yawn|[of] p1a: Hippowdon\n|\n|-weather|none\n|upkeep\n|\n|t:|1682025087\n|switch|p2a: Chi-Yu|Chi-Yu, L50|66\/100\n|-ability|p2a: Chi-Yu|Beads of Ruin\n|turn|14\n|\n|t:|1682025097\n|switch|p2b: Scream Tail|Scream Tail, L50|35\/100\n|move|p2a: Chi-Yu|Dark Pulse|p1b: Lycanroc\n|-damage|p1b: Lycanroc|2\/100\n|move|p1b: Lycanroc|Rock Slide|p2a: Chi-Yu|[spread] p2a,p2b\n|-supereffective|p2a: Chi-Yu\n|-damage|p2a: Chi-Yu|0 fnt\n|-damage|p2b: Scream Tail|1\/100\n|faint|p2a: Chi-Yu\n|move|p1a: Hippowdon|Yawn|p2b: Scream Tail\n|-start|p2b: Scream Tail|move: Yawn|[of] p1a: Hippowdon\n|\n|upkeep\n|\n|t:|1682025103\n|switch|p2a: Corviknight|Corviknight, L50, M, shiny|34\/100\n|turn|15\n|\n|t:|1682025119\n|move|p2b: Scream Tail|Dazzling Gleam|p1a: Hippowdon|[spread] p1a,p1b\n|-damage|p1a: Hippowdon|93\/100\n|-damage|p1b: Lycanroc|0 fnt\n|faint|p1b: Lycanroc\n|move|p2a: Corviknight|Roost|p2a: Corviknight\n|-heal|p2a: Corviknight|84\/100\n|-singleturn|p2a: Corviknight|move: Roost\n|move|p1a: Hippowdon|Yawn|p2a: Corviknight\n|-start|p2a: Corviknight|move: Yawn|[of] p1a: Hippowdon\n|\n|-end|p2b: Scream Tail|move: Yawn|[silent]\n|-status|p2b: Scream Tail|slp\n|upkeep\n|turn|16\n|\n|t:|1682025138\n|cant|p2b: Scream Tail|slp\n|move|p2a: Corviknight|Iron Head|p1a: Hippowdon\n|-damage|p1a: Hippowdon|81\/100\n|move|p1a: Hippowdon|Stockpile|p1a: Hippowdon\n|-start|p1a: Hippowdon|stockpile1\n|-boost|p1a: Hippowdon|def|1\n|-boost|p1a: Hippowdon|spd|1\n|\n|-end|p2a: Corviknight|move: Yawn|[silent]\n|-status|p2a: Corviknight|slp\n|-sideend|p1: z0gre|move: Light Screen\n|upkeep\n|turn|17\n|\n|t:|1682025152\n|cant|p2b: Scream Tail|slp\n|cant|p2a: Corviknight|slp\n|move|p1a: Hippowdon|Stockpile|p1a: Hippowdon\n|-start|p1a: Hippowdon|stockpile2\n|-boost|p1a: Hippowdon|def|1\n|-boost|p1a: Hippowdon|spd|1\n|\n|-sideend|p1: z0gre|Reflect\n|upkeep\n|turn|18\n|\n|t:|1682025163\n|cant|p2b: Scream Tail|slp\n|cant|p2a: Corviknight|slp\n|move|p1a: Hippowdon|Stockpile|p1a: Hippowdon\n|-start|p1a: Hippowdon|stockpile3\n|-boost|p1a: Hippowdon|def|1\n|-boost|p1a: Hippowdon|spd|1\n|\n|upkeep\n|turn|19\n|\n|t:|1682025175\n|-curestatus|p2b: Scream Tail|slp|[msg]\n|move|p2b: Scream Tail|Dazzling Gleam|p1a: Hippowdon\n|-damage|p1a: Hippowdon|75\/100\n|-curestatus|p2a: Corviknight|slp|[msg]\n|move|p2a: Corviknight|Iron Head|p1a: Hippowdon\n|-damage|p1a: Hippowdon|68\/100\n|move|p1a: Hippowdon|Fissure|p2b: Scream Tail|[miss]\n|-miss|p1a: Hippowdon|p2b: Scream Tail\n|\n|upkeep\n|turn|20\n|\n|t:|1682025189\n|move|p2b: Scream Tail|Disable|p1a: Hippowdon\n|-start|p1a: Hippowdon|Disable|Fissure\n|move|p2a: Corviknight|Iron Head|p1a: Hippowdon\n|-damage|p1a: Hippowdon|61\/100\n|cant|p1a: Hippowdon|flinch\n|\n|upkeep\n|turn|21\n|\n|t:|1682025201\n|move|p2b: Scream Tail|Encore|p1a: Hippowdon\n|-start|p1a: Hippowdon|Encore\n|move|p2a: Corviknight|Iron Head|p1a: Hippowdon\n|-damage|p1a: Hippowdon|53\/100\n|cant|p1a: Hippowdon|Disable|Fissure\n|\n|upkeep\n|turn|22\n|\n|t:|1682025211\n|move|p2b: Scream Tail|Dazzling Gleam|p1a: Hippowdon\n|-damage|p1a: Hippowdon|47\/100\n|move|p2a: Corviknight|Brave Bird|p1a: Hippowdon\n|-damage|p1a: Hippowdon|36\/100\n|-damage|p2a: Corviknight|80\/100|[from] Recoil\n|-activate|p1a: Hippowdon|move: Struggle\n|move|p1a: Hippowdon|Struggle|p2a: Corviknight\n|-damage|p2a: Corviknight|73\/100\n|-damage|p1a: Hippowdon|11\/100|[from] recoil\n|\n|upkeep\n|turn|23\n|-message|z0gre forfeited.\n|\n|win|pls be kind to me\n|raw|z0gre's rating: 1238 → 1207<\/strong> (-31 for losing)\n|raw|pls be kind to me's rating: 1156 → 1187<\/strong> (+31 for winning)\n|l|\u2606z0gre\n","uploadtime":1682025221,"views":5,"p1id":"z0gre","p2id":"plsbekindtome","formatid":"gen9vgc2023regulationc","rating":1187,"private":0,"password":""}