{"id":"gen9vgc2023regulationc-1852276560","p1":"marcelotoise","p2":"r3gCt3st","format":"[Gen 9] VGC 2023 Regulation C","log":"|j|\u2606marcelotoise\n|j|\u2606r3gCt3st\n|t:|1682539242\n|gametype|doubles\n|player|p1|marcelotoise|169|1192\n|player|p2|r3gCt3st|unknown|1192\n|teamsize|p1|6\n|teamsize|p2|6\n|gen|9\n|tier|[Gen 9] VGC 2023 Regulation C\n|rated|\n|rule|Species Clause: Limit one of each Pok\u00e9mon\n|rule|Item Clause: Limit one of each item\n|clearpoke\n|poke|p1|Ting-Lu, L50|\n|poke|p1|Wo-Chien, L50|\n|poke|p1|Glimmora, L50, M|\n|poke|p1|Kingambit, L50, M|\n|poke|p1|Palafin, L50, M|\n|poke|p1|Iron Bundle, L50|\n|poke|p2|Gyarados, L50, F|\n|poke|p2|Annihilape, L50, M|\n|poke|p2|Ting-Lu, L50|\n|poke|p2|Flutter Mane, L50|\n|poke|p2|Amoonguss, L50, F|\n|poke|p2|Grimmsnarl, L50, M|\n|teampreview|4\n|inactive|Battle timer is ON: inactive players will automatically lose when time's up. (requested by marcelotoise)\n|\n|t:|1682539288\n|start\n|switch|p1a: Glimmora|Glimmora, L50, M|100\/100\n|switch|p1b: Kingambit|Kingambit, L50, M|100\/100\n|switch|p2a: Grimmsnarl|Grimmsnarl, L50, M|100\/100\n|switch|p2b: Annihilape|Annihilape, L50, M|100\/100\n|turn|1\n|\n|t:|1682539312\n|move|p2a: Grimmsnarl|Reflect|p2a: Grimmsnarl\n|-sidestart|p2: r3gCt3st|Reflect\n|move|p1b: Kingambit|Sucker Punch||[still]\n|-fail|p1b: Kingambit\n|move|p2b: Annihilape|Bulk Up|p2b: Annihilape\n|-boost|p2b: Annihilape|atk|1\n|-boost|p2b: Annihilape|def|1\n|move|p1a: Glimmora|Mortal Spin|p2b: Annihilape|[spread] p2a,p2b\n|-supereffective|p2a: Grimmsnarl\n|-resisted|p2b: Annihilape\n|-damage|p2a: Grimmsnarl|94\/100\n|-damage|p2b: Annihilape|99\/100\n|-status|p2a: Grimmsnarl|psn\n|-status|p2b: Annihilape|psn\n|\n|-heal|p2b: Annihilape|100\/100 psn|[from] item: Leftovers\n|-damage|p2b: Annihilape|88\/100 psn|[from] psn\n|-damage|p2a: Grimmsnarl|82\/100 psn|[from] psn\n|upkeep\n|turn|2\n|\n|t:|1682539330\n|move|p1b: Kingambit|Protect|p1b: Kingambit\n|-singleturn|p1b: Kingambit|Protect\n|move|p2b: Annihilape|Drain Punch|p1b: Kingambit\n|-activate|p1b: Kingambit|move: Protect\n|move|p1a: Glimmora|Power Gem|p2b: Annihilape\n|-resisted|p2b: Annihilape\n|-damage|p2b: Annihilape|76\/100 psn\n|move|p2a: Grimmsnarl|Spirit Break|p1a: Glimmora\n|-resisted|p1a: Glimmora\n|-damage|p1a: Glimmora|84\/100\n|-unboost|p1a: Glimmora|spa|1\n|-activate|p1a: Glimmora|ability: Toxic Debris\n|-sidestart|p2: r3gCt3st|move: Toxic Spikes\n|\n|-heal|p2b: Annihilape|83\/100 psn|[from] item: Leftovers\n|-damage|p2b: Annihilape|70\/100 psn|[from] psn\n|-damage|p2a: Grimmsnarl|69\/100 psn|[from] psn\n|upkeep\n|turn|3\n|\n|t:|1682539354\n|move|p2b: Annihilape|Protect|p2b: Annihilape\n|-singleturn|p2b: Annihilape|Protect\n|move|p2a: Grimmsnarl|Light Screen|p2a: Grimmsnarl\n|-sidestart|p2: r3gCt3st|move: Light Screen\n|move|p1b: Kingambit|Sucker Punch||[still]\n|-fail|p1b: Kingambit\n|move|p1a: Glimmora|Power Gem|p2b: Annihilape\n|-activate|p2b: Annihilape|move: Protect\n|\n|-heal|p2b: Annihilape|76\/100 psn|[from] item: Leftovers\n|-damage|p2b: Annihilape|64\/100 psn|[from] psn\n|-damage|p2a: Grimmsnarl|57\/100 psn|[from] psn\n|upkeep\n|turn|4\n|\n|t:|1682539368\n|-terastallize|p2b: Annihilape|Fire\n|move|p1a: Glimmora|Protect|p1a: Glimmora\n|-singleturn|p1a: Glimmora|Protect\n|move|p1b: Kingambit|Protect|p1b: Kingambit\n|-singleturn|p1b: Kingambit|Protect\n|move|p2b: Annihilape|Drain Punch|p1b: Kingambit\n|-activate|p1b: Kingambit|move: Protect\n|move|p2a: Grimmsnarl|Spirit Break|p1a: Glimmora\n|-activate|p1a: Glimmora|move: Protect\n|\n|-heal|p2b: Annihilape|70\/100 psn|[from] item: Leftovers\n|-damage|p2b: Annihilape|58\/100 psn|[from] psn\n|-damage|p2a: Grimmsnarl|45\/100 psn|[from] psn\n|upkeep\n|turn|5\n|\n|t:|1682539397\n|switch|p1b: Wo-Chien|Wo-Chien, L50|100\/100\n|-ability|p1b: Wo-Chien|Tablets of Ruin\n|move|p2a: Grimmsnarl|Sucker Punch||[still]\n|-fail|p2a: Grimmsnarl\n|move|p2b: Annihilape|Rage Fist|p1a: Glimmora\n|-damage|p1a: Glimmora|17\/100\n|-activate|p1a: Glimmora|ability: Toxic Debris\n|-sidestart|p2: r3gCt3st|move: Toxic Spikes\n|move|p1a: Glimmora|Power Gem|p2b: Annihilape\n|-supereffective|p2b: Annihilape\n|-damage|p2b: Annihilape|37\/100 psn\n|\n|-heal|p2b: Annihilape|43\/100 psn|[from] item: Leftovers\n|-damage|p2b: Annihilape|30\/100 psn|[from] psn\n|-damage|p2a: Grimmsnarl|32\/100 psn|[from] psn\n|upkeep\n|turn|6\n|\n|t:|1682539414\n|move|p1a: Glimmora|Protect|p1a: Glimmora\n|-singleturn|p1a: Glimmora|Protect\n|move|p1b: Wo-Chien|Protect|p1b: Wo-Chien\n|-singleturn|p1b: Wo-Chien|Protect\n|move|p2a: Grimmsnarl|Sucker Punch||[still]\n|-fail|p2a: Grimmsnarl\n|move|p2b: Annihilape|Drain Punch|p1b: Wo-Chien\n|-activate|p1b: Wo-Chien|move: Protect\n|\n|-heal|p2b: Annihilape|37\/100 psn|[from] item: Leftovers\n|-damage|p2b: Annihilape|24\/100 psn|[from] psn\n|-damage|p2a: Grimmsnarl|20\/100 psn|[from] psn\n|upkeep\n|turn|7\n|inactive|marcelotoise has 30 seconds left.\n|\n|t:|1682539440\n|-terastallize|p1b: Wo-Chien|Fairy\n|move|p2a: Grimmsnarl|Sucker Punch|p1a: Glimmora\n|-damage|p1a: Glimmora|0 fnt\n|faint|p1a: Glimmora\n|move|p2b: Annihilape|Drain Punch|p1b: Wo-Chien\n|-resisted|p1b: Wo-Chien\n|-damage|p1b: Wo-Chien|84\/100\n|-heal|p2b: Annihilape|32\/100 psn|[from] drain|[of] p1b: Wo-Chien\n|move|p1b: Wo-Chien|Leech Seed|p2b: Annihilape\n|-start|p2b: Annihilape|move: Leech Seed\n|\n|-heal|p2b: Annihilape|38\/100 psn|[from] item: Leftovers\n|-heal|p1b: Wo-Chien|90\/100|[from] item: Leftovers\n|-damage|p2b: Annihilape|25\/100 psn|[from] Leech Seed|[of] p1b: Wo-Chien\n|-heal|p1b: Wo-Chien|100\/100|[silent]\n|-damage|p2b: Annihilape|13\/100 psn|[from] psn\n|-damage|p2a: Grimmsnarl|7\/100 psn|[from] psn\n|upkeep\n|\n|t:|1682539457\n|switch|p1a: Kingambit|Kingambit, L50, M|100\/100\n|turn|8\n|\n|t:|1682539465\n|switch|p2b: Amoonguss|Amoonguss, L50, F|100\/100\n|-sideend|p2: r3gCt3st|move: Toxic Spikes|[of] p2b: Amoonguss\n|move|p1b: Wo-Chien|Protect|p1b: Wo-Chien\n|-singleturn|p1b: Wo-Chien|Protect\n|move|p1a: Kingambit|Protect|p1a: Kingambit\n|-singleturn|p1a: Kingambit|Protect\n|move|p2a: Grimmsnarl|Spirit Break|p1b: Wo-Chien\n|-activate|p1b: Wo-Chien|move: Protect\n|\n|-damage|p2a: Grimmsnarl|0 fnt|[from] psn\n|faint|p2a: Grimmsnarl\n|-sideend|p2: r3gCt3st|Reflect\n|upkeep\n|\n|t:|1682539477\n|switch|p2a: Annihilape|Annihilape, L50, M, tera:Fire|13\/100 psn\n|turn|9\n|\n|t:|1682539495\n|move|p2a: Annihilape|Protect|p2a: Annihilape\n|-singleturn|p2a: Annihilape|Protect\n|move|p1a: Kingambit|Sucker Punch||[still]\n|-fail|p1a: Kingambit\n|move|p1b: Wo-Chien|Substitute|p1b: Wo-Chien\n|-start|p1b: Wo-Chien|Substitute\n|-damage|p1b: Wo-Chien|75\/100\n|move|p2b: Amoonguss|Spore|p1a: Kingambit\n|-activate|p1a: Kingambit|item: Safety Goggles|Spore\n|\n|-heal|p2a: Annihilape|19\/100 psn|[from] item: Leftovers\n|-heal|p1b: Wo-Chien|82\/100|[from] item: Leftovers\n|-damage|p2a: Annihilape|7\/100 psn|[from] psn\n|upkeep\n|turn|10\n|\n|t:|1682539512\n|move|p1a: Kingambit|Protect|p1a: Kingambit\n|-singleturn|p1a: Kingambit|Protect\n|move|p2a: Annihilape|Bulk Up|p2a: Annihilape\n|-boost|p2a: Annihilape|atk|1\n|-boost|p2a: Annihilape|def|1\n|move|p1b: Wo-Chien|Leech Seed|p2a: Annihilape\n|-start|p2a: Annihilape|move: Leech Seed\n|move|p2b: Amoonguss|Pollen Puff|p2a: Annihilape\n|-heal|p2a: Annihilape|57\/100 psn\n|\n|-heal|p2a: Annihilape|63\/100 psn|[from] item: Leftovers\n|-heal|p1b: Wo-Chien|88\/100|[from] item: Leftovers\n|-damage|p2a: Annihilape|50\/100 psn|[from] Leech Seed|[of] p1b: Wo-Chien\n|-heal|p1b: Wo-Chien|100\/100|[silent]\n|-damage|p2a: Annihilape|38\/100 psn|[from] psn\n|-sideend|p2: r3gCt3st|move: Light Screen\n|upkeep\n|turn|11\n|\n|t:|1682539533\n|move|p2b: Amoonguss|Rage Powder|p2b: Amoonguss\n|-singleturn|p2b: Amoonguss|move: Rage Powder\n|move|p2a: Annihilape|Drain Punch|p1a: Kingambit\n|-supereffective|p1a: Kingambit\n|-damage|p1a: Kingambit|6\/100\n|-heal|p2a: Annihilape|85\/100 psn|[from] drain|[of] p1a: Kingambit\n|move|p1b: Wo-Chien|Pollen Puff|p2b: Amoonguss\n|-damage|p2b: Amoonguss|81\/100\n|move|p1a: Kingambit|Low Kick|p2a: Annihilape\n|-damage|p2a: Annihilape|72\/100 psn\n|\n|-heal|p2a: Annihilape|78\/100 psn|[from] item: Leftovers\n|-damage|p2a: Annihilape|65\/100 psn|[from] Leech Seed|[of] p1b: Wo-Chien\n|-damage|p2a: Annihilape|53\/100 psn|[from] psn\n|upkeep\n|turn|12\n|\n|t:|1682539557\n|move|p1a: Kingambit|Protect|p1a: Kingambit\n|-singleturn|p1a: Kingambit|Protect\n|move|p2b: Amoonguss|Rage Powder|p2b: Amoonguss\n|-singleturn|p2b: Amoonguss|move: Rage Powder\n|move|p2a: Annihilape|Rage Fist|p1b: Wo-Chien\n|-end|p1b: Wo-Chien|Substitute\n|move|p1b: Wo-Chien|Pollen Puff|p2b: Amoonguss\n|-damage|p2b: Amoonguss|64\/100\n|\n|-heal|p2a: Annihilape|59\/100 psn|[from] item: Leftovers\n|-damage|p2a: Annihilape|47\/100 psn|[from] Leech Seed|[of] p1b: Wo-Chien\n|-damage|p2a: Annihilape|34\/100 psn|[from] psn\n|upkeep\n|turn|13\n|\n|t:|1682539582\n|move|p2a: Annihilape|Rage Fist|p1a: Kingambit\n|-resisted|p1a: Kingambit\n|-crit|p1a: Kingambit\n|-damage|p1a: Kingambit|0 fnt\n|faint|p1a: Kingambit\n|move|p1b: Wo-Chien|Pollen Puff|p2b: Amoonguss\n|-damage|p2b: Amoonguss|44\/100\n|move|p2b: Amoonguss|Pollen Puff|p2a: Annihilape\n|-heal|p2a: Annihilape|84\/100 psn\n|\n|-heal|p2a: Annihilape|90\/100 psn|[from] item: Leftovers\n|-damage|p2a: Annihilape|78\/100 psn|[from] Leech Seed|[of] p1b: Wo-Chien\n|-damage|p2a: Annihilape|65\/100 psn|[from] psn\n|upkeep\n|\n|t:|1682539596\n|switch|p1a: Iron Bundle|Iron Bundle, L50|100\/100\n|-enditem|p1a: Iron Bundle|Booster Energy\n|-activate|p1a: Iron Bundle|ability: Quark Drive|[fromitem]\n|-start|p1a: Iron Bundle|quarkdrivespe\n|turn|14\n|\n|t:|1682539610\n|move|p1a: Iron Bundle|Protect|p1a: Iron Bundle\n|-singleturn|p1a: Iron Bundle|Protect\n|move|p2a: Annihilape|Protect|p2a: Annihilape\n|-singleturn|p2a: Annihilape|Protect\n|move|p1b: Wo-Chien|Protect|p1b: Wo-Chien\n|-singleturn|p1b: Wo-Chien|Protect\n|move|p2b: Amoonguss|Protect||[still]\n|-fail|p2b: Amoonguss\n|\n|-heal|p2a: Annihilape|72\/100 psn|[from] item: Leftovers\n|-damage|p2a: Annihilape|59\/100 psn|[from] Leech Seed|[of] p1b: Wo-Chien\n|-damage|p2a: Annihilape|47\/100 psn|[from] psn\n|upkeep\n|turn|15\n|\n|t:|1682539630\n|move|p2b: Amoonguss|Rage Powder|p2b: Amoonguss\n|-singleturn|p2b: Amoonguss|move: Rage Powder\n|move|p1a: Iron Bundle|Taunt|p2b: Amoonguss\n|-start|p2b: Amoonguss|move: Taunt\n|move|p2a: Annihilape|Drain Punch|p1a: Iron Bundle\n|-supereffective|p1a: Iron Bundle\n|-damage|p1a: Iron Bundle|18\/100\n|-heal|p2a: Annihilape|73\/100 psn|[from] drain|[of] p1a: Iron Bundle\n|move|p1b: Wo-Chien|Pollen Puff|p2b: Amoonguss\n|-damage|p2b: Amoonguss|26\/100\n|\n|-heal|p2a: Annihilape|79\/100 psn|[from] item: Leftovers\n|-damage|p2a: Annihilape|66\/100 psn|[from] Leech Seed|[of] p1b: Wo-Chien\n|-damage|p2a: Annihilape|54\/100 psn|[from] psn\n|upkeep\n|turn|16\n|inactive|marcelotoise has 30 seconds left.\n|\n|t:|1682539655\n|move|p2a: Annihilape|Protect|p2a: Annihilape\n|-singleturn|p2a: Annihilape|Protect\n|move|p1a: Iron Bundle|Hydro Pump|p2a: Annihilape\n|-activate|p2a: Annihilape|move: Protect\n|move|p1b: Wo-Chien|Pollen Puff|p1a: Iron Bundle\n|-heal|p1a: Iron Bundle|68\/100\n|move|p2b: Amoonguss|Pollen Puff|p1a: Iron Bundle\n|-damage|p1a: Iron Bundle|29\/100\n|\n|-heal|p2a: Annihilape|60\/100 psn|[from] item: Leftovers\n|-damage|p2a: Annihilape|48\/100 psn|[from] Leech Seed|[of] p1b: Wo-Chien\n|-damage|p2a: Annihilape|35\/100 psn|[from] psn\n|upkeep\n|turn|17\n|\n|t:|1682539675\n|switch|p2a: Flutter Mane|Flutter Mane, L50|100\/100\n|-enditem|p2a: Flutter Mane|Booster Energy\n|-activate|p2a: Flutter Mane|ability: Protosynthesis|[fromitem]\n|-start|p2a: Flutter Mane|protosynthesisspe\n|move|p1a: Iron Bundle|Hydro Pump|p2a: Flutter Mane|[miss]\n|-miss|p1a: Iron Bundle|p2a: Flutter Mane\n|move|p1b: Wo-Chien|Pollen Puff|p1a: Iron Bundle\n|-heal|p1a: Iron Bundle|78\/100\n|move|p2b: Amoonguss|Pollen Puff|p2a: Flutter Mane\n|-immune|p2a: Flutter Mane\n|\n|upkeep\n|turn|18\n|inactive|marcelotoise has 30 seconds left.\n|\n|t:|1682539702\n|switch|p2b: Annihilape|Annihilape, L50, M, tera:Fire|35\/100 psn\n|move|p1a: Iron Bundle|Protect|p1a: Iron Bundle\n|-singleturn|p1a: Iron Bundle|Protect\n|move|p2a: Flutter Mane|Protect|p2a: Flutter Mane\n|-singleturn|p2a: Flutter Mane|Protect\n|move|p1b: Wo-Chien|Leech Seed|p2a: Flutter Mane\n|-activate|p2a: Flutter Mane|move: Protect\n|\n|-heal|p2b: Annihilape|41\/100 psn|[from] item: Leftovers\n|-damage|p2b: Annihilape|29\/100 psn|[from] psn\n|upkeep\n|turn|19\n|\n|t:|1682539716\n|move|p1a: Iron Bundle|Freeze-Dry|p2b: Annihilape\n|-resisted|p2b: Annihilape\n|-damage|p2b: Annihilape|16\/100 psn\n|move|p2a: Flutter Mane|Moonblast|p1a: Iron Bundle\n|-damage|p1a: Iron Bundle|0 fnt\n|faint|p1a: Iron Bundle\n|-end|p1a: Iron Bundle|Quark Drive|[silent]\n|move|p2b: Annihilape|Rage Fist|p1b: Wo-Chien\n|-damage|p1b: Wo-Chien|17\/100\n|move|p1b: Wo-Chien|Leech Seed|p2a: Flutter Mane\n|-start|p2a: Flutter Mane|move: Leech Seed\n|\n|-heal|p2b: Annihilape|22\/100 psn|[from] item: Leftovers\n|-heal|p1b: Wo-Chien|23\/100|[from] item: Leftovers\n|-damage|p2a: Flutter Mane|88\/100|[from] Leech Seed|[of] p1b: Wo-Chien\n|-heal|p1b: Wo-Chien|32\/100|[silent]\n|-damage|p2b: Annihilape|10\/100 psn|[from] psn\n|upkeep\n|turn|20\n|-message|marcelotoise forfeited.\n|\n|win|r3gCt3st\n|raw|marcelotoise's rating: 1192 → 1167<\/strong> (-25 for losing)\n|raw|r3gCt3st's rating: 1192 → 1217<\/strong> (+25 for winning)\n|l|\u2606marcelotoise\n","uploadtime":1682539729,"views":10,"p1id":"marcelotoise","p2id":"r3gct3st","formatid":"gen9vgc2023regulationc","rating":1167,"private":0,"password":""}