{"id":"gen9vgc2023regulationc-1847177944","p1":"Open Teamsheet","p2":"Cemposer","format":"[Gen 9] VGC 2023 Regulation C","log":"|j|\u2606Open Teamsheet\n|j|\u2606Cemposer\n|t:|1681925458\n|gametype|doubles\n|player|p1|Open Teamsheet|bertha|1452\n|player|p2|Cemposer|grimsley|1394\n|teamsize|p1|6\n|teamsize|p2|6\n|gen|9\n|tier|[Gen 9] VGC 2023 Regulation C\n|rated|\n|rule|Species Clause: Limit one of each Pok\u00e9mon\n|rule|Item Clause: Limit one of each item\n|clearpoke\n|poke|p1|Torkoal, L50, M|\n|poke|p1|Lilligant, L50, F|\n|poke|p1|Farigiraf, L50, F|\n|poke|p1|Great Tusk, L50|\n|poke|p1|Flutter Mane, L50|\n|poke|p1|Iron Bundle, L50|\n|poke|p2|Palafin, L50, M|\n|poke|p2|Chien-Pao, L50|\n|poke|p2|Dragapult, L50, M|\n|poke|p2|Amoonguss, L50, F|\n|poke|p2|Arcanine, L50, F|\n|poke|p2|Flutter Mane, L50|\n|teampreview|4\nOpen Teamsheet has agreed to open team sheets.\nCemposer has agreed to open team sheets.\n|inactive|Battle timer is ON: inactive players will automatically lose when time's up. (requested by Open Teamsheet)\n|inactive|Cemposer has 60 seconds left.\n|\n|t:|1681925591\n|start\n|switch|p1a: Lilligant|Lilligant, L50, F|100\/100\n|switch|p1b: Iron Bundle|Iron Bundle, L50|100\/100\n|switch|p2a: Chien-Pao|Chien-Pao, L50|100\/100\n|switch|p2b: Dragapult|Dragapult, L50, M|100\/100\n|-ability|p2a: Chien-Pao|Sword of Ruin\n|-enditem|p1b: Iron Bundle|Booster Energy\n|-activate|p1b: Iron Bundle|ability: Quark Drive|[fromitem]\n|-start|p1b: Iron Bundle|quarkdrivespe\n|turn|1\n|inactive|Open Teamsheet has 30 seconds left.\n|inactive|Cemposer has 30 seconds left.\n|inactive|Cemposer has 20 seconds left.\n|\n|t:|1681925630\n|-end|p1b: Iron Bundle|Quark Drive|[silent]\n|switch|p1b: Torkoal|Torkoal, L50, M|100\/100\n|-weather|SunnyDay|[from] ability: Drought|[of] p1b: Torkoal\n|-terastallize|p2b: Dragapult|Steel\n|move|p1a: Lilligant|Sleep Powder|p2a: Chien-Pao|[miss]\n|-miss|p1a: Lilligant|p2a: Chien-Pao\n|move|p2b: Dragapult|Phantom Force||[still]\n|-prepare|p2b: Dragapult|Phantom Force\n|move|p2a: Chien-Pao|Ice Spinner|p1a: Lilligant\n|-supereffective|p1a: Lilligant\n|-damage|p1a: Lilligant|0 fnt\n|faint|p1a: Lilligant\n|\n|-weather|SunnyDay|[upkeep]\n|upkeep\n|\n|t:|1681925643\n|switch|p1a: Iron Bundle|Iron Bundle, L50|100\/100\n|turn|2\n|\n|t:|1681925666\n|move|p2b: Dragapult|Phantom Force|p1b: Torkoal|[from]lockedmove\n|-crit|p1b: Torkoal\n|-damage|p1b: Torkoal|7\/100\n|move|p1a: Iron Bundle|Icy Wind|p2a: Chien-Pao|[spread] p2a,p2b\n|-resisted|p2a: Chien-Pao\n|-resisted|p2b: Dragapult\n|-damage|p2a: Chien-Pao|83\/100\n|-damage|p2b: Dragapult|88\/100\n|-unboost|p2a: Chien-Pao|spe|1\n|move|p2a: Chien-Pao|Sacred Sword|p1a: Iron Bundle\n|-supereffective|p1a: Iron Bundle\n|-damage|p1a: Iron Bundle|9\/100\n|move|p1b: Torkoal|Heat Wave|p2b: Dragapult|[spread] p2a,p2b\n|-supereffective|p2a: Chien-Pao\n|-supereffective|p2b: Dragapult\n|-damage|p2a: Chien-Pao|0 fnt\n|-damage|p2b: Dragapult|0 fnt\n|faint|p2a: Chien-Pao\n|faint|p2b: Dragapult\n|\n|-weather|SunnyDay|[upkeep]\n|upkeep\n|\n|t:|1681925682\n|switch|p2b: Arcanine|Arcanine, L50, F|100\/100\n|switch|p2a: Amoonguss|Amoonguss, L50, F|100\/100\n|-ability|p2b: Arcanine|Intimidate|boost\n|-unboost|p1a: Iron Bundle|atk|1\n|-unboost|p1b: Torkoal|atk|1\n|turn|3\n|inactive|Cemposer has 30 seconds left.\n|inactive|Cemposer has 20 seconds left.\n|inactive|Cemposer has 15 seconds left.\n|\n|t:|1681925725\n|move|p1a: Iron Bundle|Protect|p1a: Iron Bundle\n|-singleturn|p1a: Iron Bundle|Protect\n|move|p2b: Arcanine|Flare Blitz|p1a: Iron Bundle\n|-activate|p1a: Iron Bundle|move: Protect\n|move|p2a: Amoonguss|Spore|p1b: Torkoal\n|-status|p1b: Torkoal|slp|[from] move: Spore\n|cant|p1b: Torkoal|slp\n|\n|-weather|SunnyDay|[upkeep]\n|upkeep\n|turn|4\n|inactive|Open Teamsheet has 30 seconds left.\n|\n|t:|1681925751\n|move|p2a: Amoonguss|Protect|p2a: Amoonguss\n|-singleturn|p2a: Amoonguss|Protect\n|move|p2b: Arcanine|Extreme Speed|p1a: Iron Bundle\n|-damage|p1a: Iron Bundle|0 fnt\n|faint|p1a: Iron Bundle\n|-end|p1a: Iron Bundle|Quark Drive|[silent]\n|cant|p1b: Torkoal|slp\n|\n|-weather|SunnyDay|[upkeep]\n|upkeep\n|\n|t:|1681925756\n|switch|p1a: Great Tusk|Great Tusk, L50|100\/100\n|-activate|p1a: Great Tusk|ability: Protosynthesis\n|-start|p1a: Great Tusk|protosynthesisatk\n|turn|5\n|inactive|Cemposer has 30 seconds left.\n|inactive|Open Teamsheet has 30 seconds left.\n|inactive|Cemposer has 20 seconds left.\n|inactive|Cemposer has 15 seconds left.\n|inactive|Open Teamsheet has 20 seconds left.\n|inactive|Cemposer has 10 seconds left.\n|\n|t:|1681925802\n|-terastallize|p1a: Great Tusk|Ground\n|move|p2b: Arcanine|Protect|p2b: Arcanine\n|-singleturn|p2b: Arcanine|Protect\n|move|p1a: Great Tusk|Headlong Rush|p2b: Arcanine\n|-activate|p2b: Arcanine|move: Protect\n|move|p2a: Amoonguss|Spore|p1a: Great Tusk\n|-status|p1a: Great Tusk|slp|[from] move: Spore\n|-curestatus|p1b: Torkoal|slp|[msg]\n|move|p1b: Torkoal|Heat Wave|p2a: Amoonguss|[spread] p2a\n|-activate|p2b: Arcanine|move: Protect\n|-supereffective|p2a: Amoonguss\n|-damage|p2a: Amoonguss|7\/100\n|-enditem|p2a: Amoonguss|Sitrus Berry|[eat]\n|-heal|p2a: Amoonguss|32\/100|[from] item: Sitrus Berry\n|\n|-weather|none\n|-end|p1a: Great Tusk|Protosynthesis\n|upkeep\n|turn|6\n|inactive|Cemposer has 30 seconds left.\n|\n|t:|1681925832\n|move|p2b: Arcanine|Flare Blitz|p1a: Great Tusk\n|-damage|p1a: Great Tusk|67\/100 slp\n|-damage|p2b: Arcanine|90\/100|[from] Recoil\n|cant|p1a: Great Tusk|slp\n|move|p2a: Amoonguss|Spore|p1b: Torkoal\n|-status|p1b: Torkoal|slp|[from] move: Spore\n|cant|p1b: Torkoal|slp\n|\n|upkeep\n|turn|7\n|c|\u2606Open Teamsheet|How tf did that not kill\n|c|\u2606Open Teamsheet|It was heat wave in the sun\n|inactive|Cemposer has 30 seconds left.\n|\n|t:|1681925861\n|move|p2b: Arcanine|Extreme Speed|p1b: Torkoal\n|-damage|p1b: Torkoal|0 fnt\n|faint|p1b: Torkoal\n|move|p2a: Amoonguss|Rage Powder|p2a: Amoonguss\n|-singleturn|p2a: Amoonguss|move: Rage Powder\n|-curestatus|p1a: Great Tusk|slp|[msg]\n|move|p1a: Great Tusk|Headlong Rush|p2a: Amoonguss\n|-damage|p2a: Amoonguss|0 fnt\n|-unboost|p1a: Great Tusk|def|1\n|-unboost|p1a: Great Tusk|spd|1\n|faint|p2a: Amoonguss\n|\n|upkeep\n|turn|8\n|\n|t:|1681925884\n|move|p2b: Arcanine|Flare Blitz|p1a: Great Tusk\n|-damage|p1a: Great Tusk|13\/100\n|-damage|p2b: Arcanine|72\/100|[from] Recoil\n|move|p1a: Great Tusk|Headlong Rush|p2b: Arcanine\n|-supereffective|p2b: Arcanine\n|-damage|p2b: Arcanine|0 fnt\n|-unboost|p1a: Great Tusk|def|1\n|-unboost|p1a: Great Tusk|spd|1\n|faint|p2b: Arcanine\n|\n|win|Open Teamsheet\n|raw|Open Teamsheet's rating: 1452 → 1469<\/strong> (+17 for winning)\n|raw|Cemposer's rating: 1394 → 1377<\/strong> (-17 for losing)\n","uploadtime":1681925893,"views":12,"p1id":"openteamsheet","p2id":"cemposer","formatid":"gen9vgc2023regulationc","rating":1377,"private":0,"password":""}