{"id":"gen9vgc2023regulationc-1863325954","p1":"ZenAku10","p2":"Cosentino","format":"[Gen 9] VGC 2023 Regulation C","log":"|j|\u2606ZenAku10\n|j|\u2606Cosentino\n|t:|1684002800\n|gametype|doubles\n|player|p1|ZenAku10|169|1424\n|player|p2|Cosentino|102|1328\n|teamsize|p1|6\n|teamsize|p2|6\n|gen|9\n|tier|[Gen 9] VGC 2023 Regulation C\n|rated|\n|rule|Species Clause: Limit one of each Pok\u00e9mon\n|rule|Item Clause: Limit one of each item\n|clearpoke\n|poke|p1|Hawlucha, L50, M|\n|poke|p1|Indeedee-F, L50, F|\n|poke|p1|Armarouge, L50, M|\n|poke|p1|Palafin, L50, F|\n|poke|p1|Sandy Shocks, L50|\n|poke|p1|Chien-Pao, L50|\n|poke|p2|Flutter Mane, L50|\n|poke|p2|Iron Thorns, L50|\n|poke|p2|Talonflame, L50, F|\n|poke|p2|Gyarados, L50, F|\n|poke|p2|Amoonguss, L50, M|\n|poke|p2|Baxcalibur, L50, M|\n|teampreview|4\nCosentino has agreed to open team sheets.\n|c|\u2606Cosentino|Cybertron\n|c|\u2606ZenAku10|hahaha\n|c|\u2606ZenAku10|yes\n|c|\u2606ZenAku10|xd\n|c|\u2606ZenAku10|me no but team yes\n|c|\u2606Cosentino|Lol\n|inactive|Battle timer is ON: inactive players will automatically lose when time's up. (requested by Cosentino)\n|\n|t:|1684002869\n|start\n|switch|p1a: C. Falcon|Hawlucha, L50, M, shiny|100\/100\n|switch|p1b: Isabelle|Indeedee-F, L50, F|100\/100\n|switch|p2a: Gyarados|Gyarados, L50, F|100\/100\n|switch|p2b: Iron Thorns|Iron Thorns, L50|100\/100\n|-ability|p2a: Gyarados|Intimidate|boost\n|-unboost|p1a: C. Falcon|atk|1\n|-unboost|p1b: Isabelle|atk|1\n|-fieldstart|move: Psychic Terrain|[from] ability: Psychic Surge|[of] p1b: Isabelle\n|-enditem|p1a: C. Falcon|Psychic Seed\n|-boost|p1a: C. Falcon|spd|1|[from] item: Psychic Seed\n|-enditem|p2b: Iron Thorns|Booster Energy\n|-activate|p2b: Iron Thorns|ability: Quark Drive|[fromitem]\n|-start|p2b: Iron Thorns|quarkdriveatk\n|turn|1\n|c|\u2606Cosentino|It is a good team I won\u2019t lie\n|inactive|Cosentino has 30 seconds left.\n|\n|t:|1684002899\n|move|p2b: Iron Thorns|Protect|p2b: Iron Thorns\n|-singleturn|p2b: Iron Thorns|Protect\n|move|p1b: Isabelle|Follow Me|p1b: Isabelle\n|-singleturn|p1b: Isabelle|move: Follow Me\n|move|p1a: C. Falcon|Swords Dance|p1a: C. Falcon\n|-boost|p1a: C. Falcon|atk|2\n|move|p2a: Gyarados|Dragon Dance|p2a: Gyarados\n|-boost|p2a: Gyarados|atk|1\n|-boost|p2a: Gyarados|spe|1\n|\n|upkeep\n|turn|2\n|\n|t:|1684002921\n|-terastallize|p1a: C. Falcon|Steel\n|-terastallize|p2b: Iron Thorns|Grass\n|move|p1a: C. Falcon|Acrobatics|p2a: Gyarados\n|-damage|p2a: Gyarados|23\/100\n|-enditem|p2a: Gyarados|Sitrus Berry|[eat]\n|-heal|p2a: Gyarados|48\/100|[from] item: Sitrus Berry\n|move|p2a: Gyarados|Earthquake|p1b: Isabelle|[spread] p2b,p1a,p1b\n|-resisted|p2b: Iron Thorns\n|-supereffective|p1a: C. Falcon\n|-damage|p2b: Iron Thorns|85\/100\n|-damage|p1a: C. Falcon|0 fnt\n|-damage|p1b: Isabelle|62\/100\n|faint|p1a: C. Falcon\n|move|p1b: Isabelle|Heal Pulse|p1: C. Falcon|[notarget]\n|-fail|p1b: Isabelle\n|move|p2b: Iron Thorns|Rock Slide|p1b: Isabelle\n|-damage|p1b: Isabelle|13\/100\n|\n|upkeep\n|\n|t:|1684002939\n|switch|p1a: R.O.B.|Sandy Shocks, L50, shiny|100\/100\n|-enditem|p1a: R.O.B.|Booster Energy\n|-activate|p1a: R.O.B.|ability: Protosynthesis|[fromitem]\n|-start|p1a: R.O.B.|protosynthesisspe\n|turn|3\n|\n|t:|1684002951\n|move|p2a: Gyarados|Protect|p2a: Gyarados\n|-singleturn|p2a: Gyarados|Protect\n|move|p1b: Isabelle|Follow Me|p1b: Isabelle\n|-singleturn|p1b: Isabelle|move: Follow Me\n|move|p1a: R.O.B.|Thunderbolt|p2a: Gyarados\n|-activate|p2a: Gyarados|move: Protect\n|move|p2b: Iron Thorns|Earthquake|p1a: R.O.B.|[spread] p1a,p1b\n|-activate|p2a: Gyarados|move: Protect\n|-supereffective|p1a: R.O.B.\n|-damage|p1a: R.O.B.|17\/100\n|-damage|p1b: Isabelle|0 fnt\n|faint|p1b: Isabelle\n|\n|upkeep\n|\n|t:|1684002962\n|switch|p1b: Mega Man|Armarouge, L50, M|100\/100\n|turn|4\n|inactive|Cosentino has 30 seconds left.\n|\n|t:|1684002997\n|move|p1b: Mega Man|Wide Guard|p1b: Mega Man\n|-singleturn|p1b: Mega Man|Wide Guard\n|move|p1a: R.O.B.|Thunderbolt|p2a: Gyarados\n|-supereffective|p2a: Gyarados\n|-damage|p2a: Gyarados|0 fnt\n|faint|p2a: Gyarados\n|move|p2b: Iron Thorns|Earthquake|p1b: Mega Man|[spread] \n|-activate|p1a: R.O.B.|move: Wide Guard\n|-activate|p1b: Mega Man|move: Wide Guard\n|\n|upkeep\n|\n|t:|1684003007\n|switch|p2a: Amoonguss|Amoonguss, L50, M|100\/100\n|turn|5\n|\n|t:|1684003017\n|move|p2b: Iron Thorns|Protect|p2b: Iron Thorns\n|-singleturn|p2b: Iron Thorns|Protect\n|move|p2a: Amoonguss|Protect|p2a: Amoonguss\n|-singleturn|p2a: Amoonguss|Protect\n|move|p1a: R.O.B.|Earth Power|p2a: Amoonguss\n|-activate|p2a: Amoonguss|move: Protect\n|move|p1b: Mega Man|Expanding Force|p2a: Amoonguss|[spread] \n|-activate|p2a: Amoonguss|move: Protect\n|-activate|p2b: Iron Thorns|move: Protect\n|\n|-fieldend|move: Psychic Terrain\n|upkeep\n|turn|6\n|\n|t:|1684003039\n|move|p1a: R.O.B.|Thunderbolt|p2b: Iron Thorns\n|-resisted|p2b: Iron Thorns\n|-damage|p2b: Iron Thorns|62\/100\n|move|p1b: Mega Man|Expanding Force|p2b: Iron Thorns\n|-damage|p2b: Iron Thorns|9\/100\n|-damage|p1b: Mega Man|91\/100|[from] item: Life Orb\n|move|p2b: Iron Thorns|Earthquake|p1a: R.O.B.|[spread] p2a,p1a,p1b\n|-supereffective|p1a: R.O.B.\n|-supereffective|p1b: Mega Man\n|-damage|p2a: Amoonguss|68\/100\n|-damage|p1a: R.O.B.|0 fnt\n|-damage|p1b: Mega Man|27\/100\n|faint|p1a: R.O.B.\n|-end|p1a: R.O.B.|Protosynthesis|[silent]\n|move|p2a: Amoonguss|Spore|p1b: Mega Man\n|-status|p1b: Mega Man|slp|[from] move: Spore\n|\n|upkeep\n|turn|7\n|-message|ZenAku10 forfeited.\n|\n|win|Cosentino\n|raw|ZenAku10's rating: 1424 → 1399<\/strong> (-25 for losing)\n|raw|Cosentino's rating: 1328 → 1353<\/strong> (+25 for winning)\n|c|\u2606Cosentino|Gg\n|l|\u2606ZenAku10\n","uploadtime":1684003066,"views":8,"p1id":"zenaku10","p2id":"cosentino","formatid":"gen9vgc2023regulationc","rating":1353,"private":0,"password":""}