{"id":"gen9vgc2023regulationc-1849111132","p1":"Devinlovesroxi","p2":"obamastwin","format":"[Gen 9] VGC 2023 Regulation C","log":"|j|\u2606Devinlovesroxi\n|j|\u2606obamastwin\n|t:|1682157412\n|gametype|doubles\n|player|p1|Devinlovesroxi|darach-caitlin|1059\n|player|p2|obamastwin|102|1071\n|teamsize|p1|6\n|teamsize|p2|6\n|gen|9\n|tier|[Gen 9] VGC 2023 Regulation C\n|rated|\n|rule|Species Clause: Limit one of each Pok\u00e9mon\n|rule|Item Clause: Limit one of each item\n|clearpoke\n|poke|p1|Ting-Lu, L50|\n|poke|p1|Amoonguss, L50, F|\n|poke|p1|Garganacl, L50, F|\n|poke|p1|Arcanine, L50, M|\n|poke|p1|Roaring Moon, L50|\n|poke|p1|Iron Bundle, L50|\n|poke|p2|Amoonguss, L50, F|\n|poke|p2|Arcanine, L50, F|\n|poke|p2|Flutter Mane, L50|\n|poke|p2|Roaring Moon, L50|\n|poke|p2|Iron Bundle, L50|\n|poke|p2|Iron Hands, L50|\n|teampreview|4\n|inactive|Battle timer is ON: inactive players will automatically lose when time's up. (requested by obamastwin)\n|\n|t:|1682157488\n|start\n|switch|p1a: Garganacl|Garganacl, L50, F|100\/100\n|switch|p1b: Iron Bundle|Iron Bundle, L50|100\/100\n|switch|p2a: Iron Hands|Iron Hands, L50, shiny|100\/100\n|switch|p2b: Arcanine|Arcanine, L50, F, shiny|100\/100\n|-ability|p2b: Arcanine|Intimidate|boost\n|-unboost|p1a: Garganacl|atk|1\n|-unboost|p1b: Iron Bundle|atk|1\n|turn|1\n|\n|t:|1682157507\n|-terastallize|p1a: Garganacl|Ghost\n|move|p1b: Iron Bundle|Protect|p1b: Iron Bundle\n|-singleturn|p1b: Iron Bundle|Protect\n|move|p2a: Iron Hands|Fake Out|p1b: Iron Bundle\n|-activate|p1b: Iron Bundle|move: Protect\n|move|p2b: Arcanine|Will-O-Wisp|p1a: Garganacl\n|-immune|p1a: Garganacl|[from] ability: Purifying Salt\n|move|p1a: Garganacl|Salt Cure|p2a: Iron Hands\n|-resisted|p2a: Iron Hands\n|-damage|p2a: Iron Hands|97\/100\n|-start|p2a: Iron Hands|Salt Cure\n|\n|-damage|p2a: Iron Hands|85\/100|[from] Salt Cure\n|upkeep\n|turn|2\n|\n|t:|1682157527\n|move|p1b: Iron Bundle|Encore|p2a: Iron Hands\n|-start|p2a: Iron Hands|Encore\n|move|p2b: Arcanine|Snarl|p1a: Garganacl|[spread] p1a,p1b\n|-supereffective|p1a: Garganacl\n|-damage|p1a: Garganacl|89\/100\n|-damage|p1b: Iron Bundle|82\/100\n|-unboost|p1a: Garganacl|spa|1\n|-unboost|p1b: Iron Bundle|spa|1\n|move|p2a: Iron Hands|Fake Out||[still]\n|-hint|Fake Out only works on your first turn out.\n|-fail|p2a: Iron Hands\n|move|p1a: Garganacl|Salt Cure|p2b: Arcanine\n|-supereffective|p2b: Arcanine\n|-damage|p2b: Arcanine|79\/100\n|-start|p2b: Arcanine|Salt Cure\n|\n|-heal|p1a: Garganacl|95\/100|[from] item: Leftovers\n|-damage|p2b: Arcanine|67\/100|[from] Salt Cure\n|-damage|p2a: Iron Hands|73\/100|[from] Salt Cure\n|upkeep\n|turn|3\n|\n|t:|1682157542\n|-end|p2a: Iron Hands|Quark Drive|[silent]\n|switch|p2a: Flutter Mane|Flutter Mane, L50, shiny|100\/100\n|move|p2b: Arcanine|Protect|p2b: Arcanine\n|-singleturn|p2b: Arcanine|Protect\n|move|p1b: Iron Bundle|Hydro Pump|p2b: Arcanine\n|-activate|p2b: Arcanine|move: Protect\n|move|p1a: Garganacl|Stealth Rock|p2b: Arcanine\n|-sidestart|p2: obamastwin|move: Stealth Rock\n|\n|-heal|p1a: Garganacl|100\/100|[from] item: Leftovers\n|-damage|p2b: Arcanine|55\/100|[from] Salt Cure\n|upkeep\n|turn|4\n|\n|t:|1682157562\n|switch|p1a: Ting-Lu|Ting-Lu, L50|100\/100\n|-ability|p1a: Ting-Lu|Vessel of Ruin\n|move|p1b: Iron Bundle|Encore|p2b: Arcanine\n|-start|p2b: Arcanine|Encore\n|move|p2a: Flutter Mane|Shadow Ball|p1a: Ting-Lu\n|-resisted|p1a: Ting-Lu\n|-damage|p1a: Ting-Lu|89\/100\n|move|p2b: Arcanine|Protect||[still]\n|-fail|p2b: Arcanine\n|\n|-damage|p2b: Arcanine|43\/100|[from] Salt Cure\n|upkeep\n|turn|5\n|\n|t:|1682157581\n|switch|p2b: Amoonguss|Amoonguss, L50, F, shiny|100\/100\n|-damage|p2b: Amoonguss|88\/100|[from] Stealth Rock\n|move|p1b: Iron Bundle|Protect|p1b: Iron Bundle\n|-singleturn|p1b: Iron Bundle|Protect\n|move|p2a: Flutter Mane|Shadow Ball|p1b: Iron Bundle\n|-activate|p1b: Iron Bundle|move: Protect\n|move|p1a: Ting-Lu|Stomping Tantrum|p2a: Flutter Mane\n|-damage|p2a: Flutter Mane|22\/100\n|\n|upkeep\n|turn|6\n|\n|t:|1682157601\n|-end|p1b: Iron Bundle|Quark Drive|[silent]\n|switch|p1b: Amoonguss|Amoonguss, L50, F|100\/100\n|move|p2b: Amoonguss|Rage Powder|p2b: Amoonguss\n|-singleturn|p2b: Amoonguss|move: Rage Powder\n|move|p2a: Flutter Mane|Shadow Ball|p1b: Amoonguss\n|-damage|p1b: Amoonguss|52\/100\n|move|p1a: Ting-Lu|Sand Tomb|p2b: Amoonguss\n|-damage|p2b: Amoonguss|73\/100\n|-activate|p2b: Amoonguss|move: Sand Tomb|[of] p1a: Ting-Lu\n|\n|-damage|p2b: Amoonguss|60\/100|[from] move: Sand Tomb|[partiallytrapped]\n|upkeep\n|turn|7\n|inactive|Devinlovesroxi has 30 seconds left.\n|inactive|obamastwin has 30 seconds left.\n|inactive|Devinlovesroxi has 20 seconds left.\n|inactive|Devinlovesroxi has 15 seconds left.\n|inactive|Devinlovesroxi has 10 seconds left.\n|inactive|Devinlovesroxi has 5 seconds left.\n|\n|t:|1682157652\n|-end|p2a: Flutter Mane|Protosynthesis|[silent]\n|switch|p2a: Arcanine|Arcanine, L50, F, shiny|43\/100\n|-damage|p2a: Arcanine|18\/100|[from] Stealth Rock\n|-ability|p2a: Arcanine|Intimidate|boost\n|-unboost|p1a: Ting-Lu|atk|1\n|-unboost|p1b: Amoonguss|atk|1\n|move|p2b: Amoonguss|Protect|p2b: Amoonguss\n|-singleturn|p2b: Amoonguss|Protect\n|move|p1a: Ting-Lu|Ruination|p2b: Amoonguss\n|-activate|p2b: Amoonguss|move: Protect\n|move|p1b: Amoonguss|Pollen Puff|p2b: Amoonguss\n|-activate|p2b: Amoonguss|move: Protect\n|\n|-damage|p2b: Amoonguss|48\/100|[from] move: Sand Tomb|[partiallytrapped]\n|upkeep\n|turn|8\n|\n|t:|1682157674\n|move|p1b: Amoonguss|Protect|p1b: Amoonguss\n|-singleturn|p1b: Amoonguss|Protect\n|move|p2b: Amoonguss|Rage Powder|p2b: Amoonguss\n|-singleturn|p2b: Amoonguss|move: Rage Powder\n|move|p2a: Arcanine|Flare Blitz|p1b: Amoonguss\n|-activate|p1b: Amoonguss|move: Protect\n|move|p1a: Ting-Lu|Stomping Tantrum|p2b: Amoonguss\n|-damage|p2b: Amoonguss|27\/100\n|-damage|p1a: Ting-Lu|72\/100|[from] item: Rocky Helmet|[of] p2b: Amoonguss\n|\n|-damage|p2b: Amoonguss|15\/100|[from] move: Sand Tomb|[partiallytrapped]\n|upkeep\n|turn|9\n|\n|t:|1682157702\n|switch|p1b: Garganacl|Garganacl, L50, F, tera:Ghost|100\/100\n|move|p2b: Amoonguss|Rage Powder|p2b: Amoonguss\n|-singleturn|p2b: Amoonguss|move: Rage Powder\n|move|p2a: Arcanine|Flare Blitz|p1b: Garganacl\n|-damage|p1b: Garganacl|70\/100\n|-damage|p2a: Arcanine|7\/100|[from] Recoil\n|move|p1a: Ting-Lu|Stomping Tantrum|p2b: Amoonguss\n|-damage|p2b: Amoonguss|0 fnt\n|-damage|p1a: Ting-Lu|56\/100|[from] item: Rocky Helmet|[of] p2b: Amoonguss\n|faint|p2b: Amoonguss\n|\n|-heal|p1b: Garganacl|76\/100|[from] item: Leftovers\n|upkeep\n|\n|t:|1682157713\n|switch|p2b: Flutter Mane|Flutter Mane, L50, shiny|22\/100\n|-damage|p2b: Flutter Mane|10\/100|[from] Stealth Rock\n|turn|10\n|\n|t:|1682157728\n|-terastallize|p2b: Flutter Mane|Fairy\n|move|p1b: Garganacl|Protect|p1b: Garganacl\n|-singleturn|p1b: Garganacl|Protect\n|move|p2b: Flutter Mane|Dazzling Gleam|p1b: Garganacl|[spread] p1a\n|-activate|p1b: Garganacl|move: Protect\n|-supereffective|p1a: Ting-Lu\n|-damage|p1a: Ting-Lu|13\/100\n|move|p2a: Arcanine|Flare Blitz|p1b: Garganacl\n|-activate|p1b: Garganacl|move: Protect\n|move|p1a: Ting-Lu|Stomping Tantrum|p2b: Flutter Mane\n|-damage|p2b: Flutter Mane|0 fnt\n|faint|p2b: Flutter Mane\n|-end|p2b: Flutter Mane|Protosynthesis|[silent]\n|\n|-heal|p1b: Garganacl|82\/100|[from] item: Leftovers\n|upkeep\n|\n|t:|1682157733\n|switch|p2b: Iron Hands|Iron Hands, L50, shiny|73\/100\n|-damage|p2b: Iron Hands|67\/100|[from] Stealth Rock\n|turn|11\n|\n|t:|1682157750\n|move|p2a: Arcanine|Snarl|p1b: Garganacl|[spread] p1a,p1b\n|-resisted|p1a: Ting-Lu\n|-supereffective|p1b: Garganacl\n|-damage|p1a: Ting-Lu|11\/100\n|-damage|p1b: Garganacl|74\/100\n|-unboost|p1a: Ting-Lu|spa|1\n|-unboost|p1b: Garganacl|spa|1\n|move|p2b: Iron Hands|Drain Punch|p1a: Ting-Lu\n|-supereffective|p1a: Ting-Lu\n|-damage|p1a: Ting-Lu|0 fnt\n|-heal|p2b: Iron Hands|73\/100|[from] drain|[of] p1a: Ting-Lu\n|faint|p1a: Ting-Lu\n|move|p1b: Garganacl|Salt Cure|p2b: Iron Hands\n|-resisted|p2b: Iron Hands\n|-damage|p2b: Iron Hands|68\/100\n|-start|p2b: Iron Hands|Salt Cure\n|\n|-heal|p1b: Garganacl|80\/100|[from] item: Leftovers\n|-damage|p2b: Iron Hands|56\/100|[from] Salt Cure\n|upkeep\n|\n|t:|1682157765\n|switch|p1a: Amoonguss|Amoonguss, L50, F|85\/100\n|turn|12\n|\n|t:|1682157774\n|move|p1a: Amoonguss|Protect|p1a: Amoonguss\n|-singleturn|p1a: Amoonguss|Protect\n|move|p2a: Arcanine|Flare Blitz|p1a: Amoonguss\n|-activate|p1a: Amoonguss|move: Protect\n|move|p2b: Iron Hands|Wild Charge|p1b: Garganacl\n|-damage|p1b: Garganacl|41\/100\n|-damage|p2b: Iron Hands|47\/100|[from] Recoil\n|move|p1b: Garganacl|Salt Cure|p2a: Arcanine\n|-supereffective|p2a: Arcanine\n|-crit|p2a: Arcanine\n|-damage|p2a: Arcanine|0 fnt\n|faint|p2a: Arcanine\n|\n|-heal|p1b: Garganacl|46\/100|[from] item: Leftovers\n|-damage|p2b: Iron Hands|35\/100|[from] Salt Cure\n|upkeep\n|turn|13\n|\n|t:|1682157791\n|move|p2b: Iron Hands|Wild Charge|p1b: Garganacl\n|-damage|p1b: Garganacl|6\/100\n|-damage|p2b: Iron Hands|27\/100|[from] Recoil\n|move|p1b: Garganacl|Salt Cure|p2b: Iron Hands\n|-resisted|p2b: Iron Hands\n|-damage|p2b: Iron Hands|22\/100\n|move|p1a: Amoonguss|Pollen Puff|p1b: Garganacl\n|-heal|p1b: Garganacl|56\/100\n|\n|-heal|p1b: Garganacl|61\/100|[from] item: Leftovers\n|-damage|p2b: Iron Hands|10\/100|[from] Salt Cure\n|upkeep\n|turn|14\n|-message|obamastwin forfeited.\n|\n|win|Devinlovesroxi\n|raw|Devinlovesroxi's rating: 1059 → 1091<\/strong> (+32 for winning)\n|raw|obamastwin's rating: 1071 → 1050<\/strong> (-21 for losing)\n|l|\u2606obamastwin\n","uploadtime":1682157824,"views":7,"p1id":"devinlovesroxi","p2id":"obamastwin","formatid":"gen9vgc2023regulationc","rating":1050,"private":0,"password":""}