{"id":"gen9vgc2023regulationc-1863870289","p1":"TGH_sr","p2":"AmericanHussar","format":"[Gen 9] VGC 2023 Regulation C","log":"|j|\u2606TGH_sr\n|j|\u2606AmericanHussar\n|t:|1684087609\n|gametype|doubles\n|player|p1|TGH_sr|steven|1121\n|player|p2|AmericanHussar|lance|1220\n|teamsize|p1|6\n|teamsize|p2|6\n|gen|9\n|tier|[Gen 9] VGC 2023 Regulation C\n|rated|\n|rule|Species Clause: Limit one of each Pok\u00e9mon\n|rule|Item Clause: Limit one of each item\n|clearpoke\n|poke|p1|Ting-Lu, L50|\n|poke|p1|Arcanine, L50, M|\n|poke|p1|Kingambit, L50, M|\n|poke|p1|Amoonguss, L50, F|\n|poke|p1|Palafin, L50, M|\n|poke|p1|Flutter Mane, L50|\n|poke|p2|Lycanroc, L50, F|\n|poke|p2|Corviknight, L50, M|\n|poke|p2|Iron Bundle, L50|\n|poke|p2|Tyranitar, L50, F|\n|poke|p2|Garchomp, L50, M|\n|poke|p2|Flutter Mane, L50|\n|teampreview|4\nTGH_sr has agreed to open team sheets.\nAmericanHussar has agreed to open team sheets.\n|\n|t:|1684087674\n|start\n|switch|p1a: Palafin|Palafin, L50, M|100\/100\n|switch|p1b: Arcanine|Arcanine, L50, M|100\/100\n|switch|p2a: Corviknight|Corviknight, L50, M|100\/100\n|switch|p2b: Garchomp|Garchomp, L50, M|100\/100\n|-ability|p1b: Arcanine|Intimidate|boost\n|-ability|p2a: Corviknight|Mirror Armor\n|-unboost|p1b: Arcanine|atk|1\n|-unboost|p2b: Garchomp|atk|1\n|turn|1\n|\n|t:|1684087725\n|detailschange|p1a: Palafin|Palafin-Hero, L50, M\n|switch|p1a: Amoonguss|Amoonguss, L50, F|100\/100\n|switch|p2a: Iron Bundle|Iron Bundle, L50|100\/100\n|-enditem|p2a: Iron Bundle|Booster Energy\n|-activate|p2a: Iron Bundle|ability: Quark Drive|[fromitem]\n|-start|p2a: Iron Bundle|quarkdrivespe\n|move|p2b: Garchomp|Earthquake|p1b: Arcanine|[spread] p2a,p1a,p1b\n|-supereffective|p1b: Arcanine\n|-damage|p2a: Iron Bundle|71\/100\n|-damage|p1a: Amoonguss|80\/100\n|-damage|p1b: Arcanine|51\/100\n|move|p1b: Arcanine|Will-O-Wisp|p2b: Garchomp|[miss]\n|-miss|p1b: Arcanine|p2b: Garchomp\n|\n|upkeep\n|turn|2\n|\n|t:|1684087787\n|move|p2b: Garchomp|Protect|p2b: Garchomp\n|-singleturn|p2b: Garchomp|Protect\n|move|p2a: Iron Bundle|Hydro Pump|p1b: Arcanine\n|-supereffective|p1b: Arcanine\n|-damage|p1b: Arcanine|0 fnt\n|faint|p1b: Arcanine\n|move|p1a: Amoonguss|Spore|p2a: Iron Bundle\n|-status|p2a: Iron Bundle|slp|[from] move: Spore\n|\n|upkeep\n|\n|t:|1684087797\n|switch|p1b: Palafin|Palafin-Hero, L50, M|100\/100\n|-activate|p1b: Palafin|ability: Zero to Hero\n|turn|3\n|\n|t:|1684087817\n|-end|p2a: Iron Bundle|Quark Drive|[silent]\n|switch|p2a: Corviknight|Corviknight, L50, M|100\/100\n|switch|p1a: Ting-Lu|Ting-Lu, L50|100\/100\n|-ability|p1a: Ting-Lu|Vessel of Ruin\n|-terastallize|p1b: Palafin|Water\n|move|p2b: Garchomp|Earthquake|p1a: Ting-Lu|[spread] p1a,p1b\n|-immune|p2a: Corviknight\n|-damage|p1a: Ting-Lu|84\/100\n|-damage|p1b: Palafin|78\/100\n|move|p1b: Palafin|Wave Crash|p2a: Corviknight\n|-damage|p2a: Corviknight|22\/100\n|-enditem|p2a: Corviknight|Sitrus Berry|[eat]\n|-heal|p2a: Corviknight|47\/100|[from] item: Sitrus Berry\n|-damage|p1b: Palafin|52\/100|[from] Recoil\n|\n|upkeep\n|turn|4\n|\n|t:|1684087877\n|move|p1b: Palafin|Protect|p1b: Palafin\n|-singleturn|p1b: Palafin|Protect\n|move|p2b: Garchomp|Earthquake|p1a: Ting-Lu|[spread] p1a\n|-activate|p1b: Palafin|move: Protect\n|-immune|p2a: Corviknight\n|-damage|p1a: Ting-Lu|67\/100\n|move|p2a: Corviknight|Body Press|p1a: Ting-Lu\n|-supereffective|p1a: Ting-Lu\n|-damage|p1a: Ting-Lu|37\/100\n|move|p1a: Ting-Lu|Ruination|p2b: Garchomp|[miss]\n|-miss|p1a: Ting-Lu|p2b: Garchomp\n|\n|upkeep\n|turn|5\n|\n|t:|1684087911\n|switch|p1a: Amoonguss|Amoonguss, L50, F|100\/100\n|move|p2b: Garchomp|Earthquake|p1b: Palafin|[spread] p1a,p1b\n|-immune|p2a: Corviknight\n|-damage|p1a: Amoonguss|77\/100\n|-damage|p1b: Palafin|29\/100\n|move|p1b: Palafin|Wave Crash|p2a: Corviknight\n|-damage|p2a: Corviknight|0 fnt\n|faint|p2a: Corviknight\n|-damage|p1b: Palafin|14\/100|[from] Recoil\n|\n|upkeep\n|\n|t:|1684087932\n|switch|p2a: Flutter Mane|Flutter Mane, L50|100\/100\n|turn|6\n|\n|t:|1684087956\n|move|p1a: Amoonguss|Rage Powder|p1a: Amoonguss\n|-singleturn|p1a: Amoonguss|move: Rage Powder\n|move|p1b: Palafin|Jet Punch|p2a: Flutter Mane\n|-damage|p2a: Flutter Mane|0 fnt\n|faint|p2a: Flutter Mane\n|-end|p2a: Flutter Mane|Protosynthesis|[silent]\n|move|p2b: Garchomp|Dragon Claw|p1a: Amoonguss\n|-damage|p1a: Amoonguss|54\/100\n|\n|upkeep\n|\n|t:|1684087967\n|switch|p2a: Iron Bundle|Iron Bundle, L50|71\/100 slp\n|turn|7\n|\n|t:|1684088018\n|-terastallize|p2a: Iron Bundle|Flying\n|move|p1b: Palafin|Protect|p1b: Palafin\n|-singleturn|p1b: Palafin|Protect\n|cant|p2a: Iron Bundle|slp\n|move|p2b: Garchomp|Earthquake|p1b: Palafin|[spread] p1a\n|-activate|p1b: Palafin|move: Protect\n|-immune|p2a: Iron Bundle\n|-damage|p1a: Amoonguss|32\/100\n|-enditem|p1a: Amoonguss|Sitrus Berry|[eat]\n|-heal|p1a: Amoonguss|57\/100|[from] item: Sitrus Berry\n|move|p1a: Amoonguss|Spore|p2b: Garchomp\n|-status|p2b: Garchomp|slp|[from] move: Spore\n|\n|upkeep\n|turn|8\n|\n|t:|1684088047\n|move|p1a: Amoonguss|Rage Powder|p1a: Amoonguss\n|-singleturn|p1a: Amoonguss|move: Rage Powder\n|move|p1b: Palafin|Jet Punch|p2a: Iron Bundle\n|-damage|p2a: Iron Bundle|0 fnt\n|faint|p2a: Iron Bundle\n|-end|p2a: Iron Bundle|Quark Drive|[silent]\n|cant|p2b: Garchomp|slp\n|\n|upkeep\n|turn|9\n|-message|AmericanHussar forfeited.\n|\n|win|TGH_sr\n|raw|TGH_sr's rating: 1121 → 1153<\/strong> (+32 for winning)\n|raw|AmericanHussar's rating: 1220 → 1188<\/strong> (-32 for losing)\n|l|\u2606AmericanHussar\n","uploadtime":1684088064,"views":18,"p1id":"tghsr","p2id":"americanhussar","formatid":"gen9vgc2023regulationc","rating":1153,"private":0,"password":""}