{"id":"gen9vgc2023regulationc-1857873987","p1":"Hadrian1917","p2":"fashodat","format":"[Gen 9] VGC 2023 Regulation C","log":"|j|\u2606Hadrian1917\n|j|\u2606fashodat\n|t:|1683241600\n|gametype|doubles\n|player|p1|Hadrian1917|brock|1166\n|player|p2|fashodat|hiker-gen4|1144\n|teamsize|p1|6\n|teamsize|p2|6\n|gen|9\n|tier|[Gen 9] VGC 2023 Regulation C\n|rated|\n|rule|Species Clause: Limit one of each Pok\u00e9mon\n|rule|Item Clause: Limit one of each item\n|clearpoke\n|poke|p1|Flutter Mane, L50|\n|poke|p1|Chi-Yu, L50|\n|poke|p1|Iron Hands, L50|\n|poke|p1|Ting-Lu, L50|\n|poke|p1|Gyarados, L50, M|\n|poke|p1|Amoonguss, L50, F|\n|poke|p2|Scizor, L50, F|\n|poke|p2|Grimmsnarl, L50, M|\n|poke|p2|Chi-Yu, L50|\n|poke|p2|Iron Bundle, L50|\n|poke|p2|Dragonite, L50, M|\n|poke|p2|Amoonguss, L50, F|\n|teampreview|4\n|j| Rhyv\n|\n|t:|1683241627\n|start\n|switch|p1a: Iron Hands|Iron Hands, L50|100\/100\n|switch|p1b: Amoonguss|Amoonguss, L50, F|100\/100\n|switch|p2a: Grimmsnarl|Grimmsnarl, L50, M|100\/100\n|switch|p2b: Dragonite|Dragonite, L50, M|100\/100\n|turn|1\n|inactive|Battle timer is ON: inactive players will automatically lose when time's up. (requested by Hadrian1917)\n|\n|t:|1683241648\n|-terastallize|p1b: Amoonguss|Water\n|move|p1a: Iron Hands|Fake Out|p2a: Grimmsnarl\n|-damage|p2a: Grimmsnarl|82\/100\n|cant|p2a: Grimmsnarl|flinch\n|move|p2b: Dragonite|Earthquake|p1b: Amoonguss|[spread] p2a,p1a,p1b\n|-supereffective|p1a: Iron Hands\n|-damage|p2a: Grimmsnarl|48\/100\n|-damage|p1a: Iron Hands|62\/100\n|-damage|p1b: Amoonguss|76\/100\n|move|p1b: Amoonguss|Spore|p2a: Grimmsnarl\n|-status|p2a: Grimmsnarl|slp|[from] move: Spore\n|\n|upkeep\n|turn|2\n|inactive|fashodat has 30 seconds left.\n|inactive|fashodat has 20 seconds left.\n|\n|t:|1683241684\n|switch|p2a: Chi-Yu|Chi-Yu, L50|100\/100\n|-ability|p2a: Chi-Yu|Beads of Ruin\n|-end|p1a: Iron Hands|Quark Drive|[silent]\n|switch|p1a: Gyarados|Gyarados, L50, M|100\/100\n|-ability|p1a: Gyarados|Intimidate|boost\n|-unboost|p2a: Chi-Yu|atk|1\n|-unboost|p2b: Dragonite|atk|1\n|move|p2b: Dragonite|Dragon Claw|p1a: Gyarados\n|-damage|p1a: Gyarados|74\/100\n|move|p1b: Amoonguss|Spore|p2b: Dragonite\n|-status|p2b: Dragonite|slp|[from] move: Spore\n|-enditem|p2b: Dragonite|Lum Berry|[eat]\n|-curestatus|p2b: Dragonite|slp|[msg]\n|\n|upkeep\n|turn|3\n|inactive|fashodat has 30 seconds left.\n|inactive|fashodat has 20 seconds left.\n|\n|t:|1683241721\n|move|p2a: Chi-Yu|Heat Wave|p1a: Gyarados|[spread] p1a,p1b\n|-resisted|p1a: Gyarados\n|-resisted|p1b: Amoonguss\n|-damage|p1a: Gyarados|56\/100\n|-damage|p1b: Amoonguss|57\/100\n|move|p1a: Gyarados|Thunder Wave|p2a: Chi-Yu\n|-status|p2a: Chi-Yu|par\n|move|p2b: Dragonite|Dragon Claw|p1a: Gyarados\n|-damage|p1a: Gyarados|26\/100\n|move|p1b: Amoonguss|Spore|p2b: Dragonite\n|-status|p2b: Dragonite|slp|[from] move: Spore\n|\n|upkeep\n|turn|4\n|\n|t:|1683241739\n|cant|p2b: Dragonite|slp\n|move|p2a: Chi-Yu|Heat Wave|p1b: Amoonguss|[spread] p1a,p1b\n|-resisted|p1a: Gyarados\n|-resisted|p1b: Amoonguss\n|-damage|p1a: Gyarados|8\/100\n|-damage|p1b: Amoonguss|35\/100\n|-enditem|p1a: Gyarados|Aguav Berry|[eat]\n|-heal|p1a: Gyarados|40\/100|[from] item: Aguav Berry\n|-enditem|p1b: Amoonguss|Sitrus Berry|[eat]\n|-heal|p1b: Amoonguss|60\/100|[from] item: Sitrus Berry\n|move|p1a: Gyarados|Waterfall|p2a: Chi-Yu\n|-supereffective|p2a: Chi-Yu\n|-damage|p2a: Chi-Yu|0 fnt\n|faint|p2a: Chi-Yu\n|move|p1b: Amoonguss|Pollen Puff|p1a: Gyarados\n|-heal|p1a: Gyarados|90\/100\n|\n|upkeep\n|l| Rhyv\n|\n|t:|1683241754\n|switch|p2a: Iron Bundle|Iron Bundle, L50|100\/100\n|-enditem|p2a: Iron Bundle|Booster Energy\n|-activate|p2a: Iron Bundle|ability: Quark Drive|[fromitem]\n|-start|p2a: Iron Bundle|quarkdrivespe\n|turn|5\n|\n|t:|1683241767\n|cant|p2b: Dragonite|slp\n|move|p1b: Amoonguss|Rage Powder|p1b: Amoonguss\n|-singleturn|p1b: Amoonguss|move: Rage Powder\n|move|p2a: Iron Bundle|Freeze-Dry|p1b: Amoonguss\n|-supereffective|p1b: Amoonguss\n|-damage|p1b: Amoonguss|0 fnt\n|faint|p1b: Amoonguss\n|move|p1a: Gyarados|Thunder Wave|p2a: Iron Bundle\n|-status|p2a: Iron Bundle|par\n|\n|upkeep\n|\n|t:|1683241788\n|switch|p1b: Flutter Mane|Flutter Mane, L50|100\/100\n|-enditem|p1b: Flutter Mane|Booster Energy\n|-activate|p1b: Flutter Mane|ability: Protosynthesis|[fromitem]\n|-start|p1b: Flutter Mane|protosynthesisspa\n|turn|6\n|inactive|Hadrian1917 has 30 seconds left.\n|\n|t:|1683241816\n|switch|p1a: Iron Hands|Iron Hands, L50|62\/100\n|move|p2a: Iron Bundle|Protect|p2a: Iron Bundle\n|-singleturn|p2a: Iron Bundle|Protect\n|cant|p2b: Dragonite|slp\n|move|p1b: Flutter Mane|Moonblast|p2a: Iron Bundle\n|-activate|p2a: Iron Bundle|move: Protect\n|\n|upkeep\n|turn|7\n|\n|t:|1683241841\n|move|p1a: Iron Hands|Fake Out|p2b: Dragonite\n|-damage|p2b: Dragonite|93\/100 slp\n|-curestatus|p2b: Dragonite|slp|[msg]\n|cant|p2b: Dragonite|flinch\n|move|p1b: Flutter Mane|Moonblast|p2b: Dragonite\n|-supereffective|p2b: Dragonite\n|-damage|p2b: Dragonite|0 fnt\n|faint|p2b: Dragonite\n|move|p2a: Iron Bundle|Hydro Pump|p1b: Flutter Mane|[miss]\n|-miss|p2a: Iron Bundle|p1b: Flutter Mane\n|\n|upkeep\n|\n|t:|1683241853\n|switch|p2b: Grimmsnarl|Grimmsnarl, L50, M|48\/100 slp\n|turn|8\n|\n|t:|1683241862\n|cant|p2b: Grimmsnarl|slp\n|move|p1b: Flutter Mane|Moonblast|p2b: Grimmsnarl\n|-supereffective|p2b: Grimmsnarl\n|-damage|p2b: Grimmsnarl|0 fnt\n|faint|p2b: Grimmsnarl\n|move|p2a: Iron Bundle|Hydro Pump|p1b: Flutter Mane\n|-damage|p1b: Flutter Mane|36\/100\n|move|p1a: Iron Hands|Drain Punch|p2a: Iron Bundle\n|-supereffective|p2a: Iron Bundle\n|-damage|p2a: Iron Bundle|0 fnt\n|-heal|p1a: Iron Hands|90\/100|[from] drain|[of] p2a: Iron Bundle\n|faint|p2a: Iron Bundle\n|-end|p2a: Iron Bundle|Quark Drive|[silent]\n|\n|win|Hadrian1917\n|raw|Hadrian1917's rating: 1166 → 1189<\/strong> (+23 for winning)\n|raw|fashodat's rating: 1144 → 1121<\/strong> (-23 for losing)\n|l|\u2606fashodat\n","uploadtime":1683241879,"views":7,"p1id":"hadrian1917","p2id":"fashodat","formatid":"gen9vgc2023regulationc","rating":1121,"private":0,"password":""}