{"id":"gen9vgc2023regulationc-1847172660","p1":"gohan92","p2":"Cemposer","format":"[Gen 9] VGC 2023 Regulation C","log":"|j|\u2606gohan92\n|j|\u2606Cemposer\n|t:|1681925025\n|gametype|doubles\n|player|p1|gohan92|169|1509\n|player|p2|Cemposer|grimsley|1408\n|teamsize|p1|6\n|teamsize|p2|6\n|gen|9\n|tier|[Gen 9] VGC 2023 Regulation C\n|rated|\n|rule|Species Clause: Limit one of each Pok\u00e9mon\n|rule|Item Clause: Limit one of each item\n|clearpoke\n|poke|p1|Palafin, L50, M|\n|poke|p1|Chi-Yu, L50|\n|poke|p1|Flutter Mane, L50|\n|poke|p1|Iron Bundle, L50|\n|poke|p1|Arcanine, L50, F|\n|poke|p1|Amoonguss, L50, F|\n|poke|p2|Palafin, L50, F|\n|poke|p2|Chien-Pao, L50|\n|poke|p2|Dragapult, L50, F|\n|poke|p2|Amoonguss, L50, F|\n|poke|p2|Arcanine, L50, F|\n|poke|p2|Flutter Mane, L50|\n|teampreview|4\n|inactive|Battle timer is ON: inactive players will automatically lose when time's up. (requested by gohan92)\n|\n|t:|1681925099\n|start\n|switch|p1a: Chi-Yu|Chi-Yu, L50|100\/100\n|switch|p1b: Iron Bundle|Iron Bundle, L50|100\/100\n|switch|p2a: Palafin|Palafin, L50, F|100\/100\n|switch|p2b: Chien-Pao|Chien-Pao, L50|100\/100\n|-ability|p2b: Chien-Pao|Sword of Ruin\n|-ability|p1a: Chi-Yu|Beads of Ruin\n|turn|1\n|inactive|gohan92 has 30 seconds left.\n|inactive|Cemposer has 30 seconds left.\n|inactive|Cemposer has 20 seconds left.\n|\n|t:|1681925139\n|-terastallize|p1a: Chi-Yu|Water\n|move|p2b: Chien-Pao|Protect|p2b: Chien-Pao\n|-singleturn|p2b: Chien-Pao|Protect\n|move|p2a: Palafin|Protect|p2a: Palafin\n|-singleturn|p2a: Palafin|Protect\n|move|p1b: Iron Bundle|Icy Wind|p2b: Chien-Pao|[spread] \n|-activate|p2a: Palafin|move: Protect\n|-activate|p2b: Chien-Pao|move: Protect\n|move|p1a: Chi-Yu|Heat Wave|p2b: Chien-Pao|[spread] \n|-activate|p2a: Palafin|move: Protect\n|-activate|p2b: Chien-Pao|move: Protect\n|\n|upkeep\n|turn|2\n|inactive|gohan92 has 30 seconds left.\n|inactive|Cemposer has 30 seconds left.\n|\n|t:|1681925174\n|detailschange|p2a: Palafin|Palafin-Hero, L50, F\n|switch|p2a: Arcanine|Arcanine, L50, F|100\/100\n|-ability|p2a: Arcanine|Intimidate|boost\n|-unboost|p1a: Chi-Yu|atk|1\n|-unboost|p1b: Iron Bundle|atk|1\n|move|p2b: Chien-Pao|Sucker Punch|p1a: Chi-Yu\n|-damage|p1a: Chi-Yu|48\/100\n|move|p1b: Iron Bundle|Hydro Pump|p2b: Chien-Pao\n|-enditem|p2b: Chien-Pao|Focus Sash\n|-damage|p2b: Chien-Pao|1\/100\n|move|p1a: Chi-Yu|Heat Wave|p2a: Arcanine|[spread] p2a,p2b\n|-resisted|p2a: Arcanine\n|-supereffective|p2b: Chien-Pao\n|-crit|p2b: Chien-Pao\n|-damage|p2a: Arcanine|60\/100\n|-damage|p2b: Chien-Pao|0 fnt\n|faint|p2b: Chien-Pao\n|\n|upkeep\n|\n|t:|1681925191\n|switch|p2b: Dragapult|Dragapult, L50, F|100\/100\n|turn|3\n|inactive|gohan92 has 30 seconds left.\n|inactive|Cemposer has 30 seconds left.\n|inactive|gohan92 has 20 seconds left.\n|inactive|gohan92 has 15 seconds left.\n|inactive|Cemposer has 20 seconds left.\n|inactive|gohan92 has 10 seconds left.\n|inactive|Cemposer has 15 seconds left.\n|inactive|gohan92 has 5 seconds left.\n|inactive|Cemposer has 10 seconds left.\n|\n|t:|1681925243\n|switch|p1a: Flutter Mane|Flutter Mane, L50|100\/100\n|-enditem|p1a: Flutter Mane|Booster Energy\n|-activate|p1a: Flutter Mane|ability: Protosynthesis|[fromitem]\n|-start|p1a: Flutter Mane|protosynthesisspa\n|move|p1b: Iron Bundle|Protect|p1b: Iron Bundle\n|-singleturn|p1b: Iron Bundle|Protect\n|move|p2a: Arcanine|Protect|p2a: Arcanine\n|-singleturn|p2a: Arcanine|Protect\n|move|p2b: Dragapult|Phantom Force||[still]\n|-prepare|p2b: Dragapult|Phantom Force\n|\n|upkeep\n|turn|4\n|inactive|gohan92 has 30 seconds left.\n|inactive|Cemposer has 30 seconds left.\n|inactive|gohan92 has 20 seconds left.\n|\n|t:|1681925283\n|-end|p1a: Flutter Mane|Protosynthesis|[silent]\n|switch|p1a: Arcanine|Arcanine, L50, F|100\/100\n|-ability|p1a: Arcanine|Intimidate|boost\n|-unboost|p2a: Arcanine|atk|1\n|-fail|p2b: Dragapult|unboost|[from] ability: Clear Body|[of] p2b: Dragapult\n|move|p2b: Dragapult|Phantom Force|p1b: Iron Bundle|[from]lockedmove\n|-damage|p1b: Iron Bundle|22\/100\n|move|p1b: Iron Bundle|Freeze-Dry|p2b: Dragapult\n|-supereffective|p2b: Dragapult\n|-damage|p2b: Dragapult|0 fnt\n|faint|p2b: Dragapult\n|move|p2a: Arcanine|Flare Blitz|p1a: Arcanine\n|-resisted|p1a: Arcanine\n|-damage|p1a: Arcanine|83\/100\n|-damage|p2a: Arcanine|54\/100|[from] Recoil\n|\n|upkeep\n|\n|t:|1681925294\n|switch|p2b: Palafin|Palafin-Hero, L50, F|100\/100\n|-activate|p2b: Palafin|ability: Zero to Hero\n|turn|5\n|inactive|gohan92 has 30 seconds left.\n|inactive|Cemposer has 30 seconds left.\n|\n|t:|1681925325\n|switch|p1a: Chi-Yu|Chi-Yu, L50, tera:Water|48\/100\n|-ability|p1a: Chi-Yu|Beads of Ruin\n|move|p1b: Iron Bundle|Protect|p1b: Iron Bundle\n|-singleturn|p1b: Iron Bundle|Protect\n|move|p2b: Palafin|Protect|p2b: Palafin\n|-singleturn|p2b: Palafin|Protect\n|move|p2a: Arcanine|Flare Blitz|p1b: Iron Bundle\n|-activate|p1b: Iron Bundle|move: Protect\n|\n|upkeep\n|turn|6\n|\n|t:|1681925348\n|-end|p1b: Iron Bundle|Quark Drive|[silent]\n|switch|p1b: Arcanine|Arcanine, L50, F|83\/100\n|-ability|p1b: Arcanine|Intimidate|boost\n|-unboost|p2a: Arcanine|atk|1\n|-unboost|p2b: Palafin|atk|1\n|-terastallize|p2b: Palafin|Water\n|move|p2a: Arcanine|Extreme Speed|p1b: Arcanine\n|-damage|p1b: Arcanine|70\/100\n|move|p2b: Palafin|Jet Punch|p1a: Chi-Yu\n|-resisted|p1a: Chi-Yu\n|-damage|p1a: Chi-Yu|22\/100\n|move|p1a: Chi-Yu|Dark Pulse|p2b: Palafin\n|-damage|p2b: Palafin|29\/100\n|\n|upkeep\n|turn|7\n|inactive|gohan92 has 30 seconds left.\n|inactive|Cemposer has 30 seconds left.\n|inactive|gohan92 has 20 seconds left.\n|inactive|gohan92 has 15 seconds left.\n|\n|t:|1681925392\n|move|p1b: Arcanine|Protect|p1b: Arcanine\n|-singleturn|p1b: Arcanine|Protect\n|move|p2a: Arcanine|Extreme Speed|p1a: Chi-Yu\n|-damage|p1a: Chi-Yu|7\/100\n|move|p2b: Palafin|Jet Punch|p1b: Arcanine\n|-activate|p1b: Arcanine|move: Protect\n|move|p1a: Chi-Yu|Dark Pulse|p2a: Arcanine\n|-damage|p2a: Arcanine|0 fnt\n|faint|p2a: Arcanine\n|\n|upkeep\n|turn|8\n|\n|t:|1681925408\n|switch|p1b: Iron Bundle|Iron Bundle, L50|22\/100\n|move|p2b: Palafin|Jet Punch|p1a: Chi-Yu\n|-resisted|p1a: Chi-Yu\n|-damage|p1a: Chi-Yu|0 fnt\n|faint|p1a: Chi-Yu\n|\n|upkeep\n|\n|t:|1681925416\n|switch|p1a: Arcanine|Arcanine, L50, F|70\/100\n|-ability|p1a: Arcanine|Intimidate|boost\n|-unboost|p2b: Palafin|atk|1\n|turn|9\n|\n|t:|1681925425\n|move|p1a: Arcanine|Extreme Speed|p2b: Palafin\n|-damage|p2b: Palafin|11\/100\n|move|p2b: Palafin|Jet Punch|p1b: Iron Bundle\n|-resisted|p1b: Iron Bundle\n|-damage|p1b: Iron Bundle|3\/100\n|move|p1b: Iron Bundle|Freeze-Dry|p2b: Palafin\n|-supereffective|p2b: Palafin\n|-damage|p2b: Palafin|0 fnt\n|faint|p2b: Palafin\n|\n|win|gohan92\n|raw|gohan92's rating: 1509 → 1523<\/strong> (+14 for winning)\n|raw|Cemposer's rating: 1408 → 1394<\/strong> (-14 for losing)\n|l|\u2606Cemposer\n","uploadtime":1681925434,"views":15,"p1id":"gohan92","p2id":"cemposer","formatid":"gen9vgc2023regulationc","rating":1394,"private":0,"password":""}