{"id":"gen9vgc2023regulationc-1859289959","p1":"AndrwApple","p2":"crowlersar24","format":"[Gen 9] VGC 2023 Regulation C","log":"|j|\u2606AndrwApple\n|j|\u2606crowlersar24\n|t:|1683429329\n|gametype|doubles\n|player|p1|AndrwApple|1|\n|player|p2|crowlersar24|colress|\n|teamsize|p1|6\n|teamsize|p2|6\n|gen|9\n|tier|[Gen 9] VGC 2023 Regulation C\n|rule|Species Clause: Limit one of each Pok\u00e9mon\n|rule|Item Clause: Limit one of each item\n|clearpoke\n|poke|p1|Arcanine, L50, M|\n|poke|p1|Amoonguss, L50, F|\n|poke|p1|Garganacl, L50, M|\n|poke|p1|Palafin, L50, M|\n|poke|p1|Chien-Pao, L50|\n|poke|p1|Dragonite, L50, M|\n|poke|p2|Chien-Pao, L50|\n|poke|p2|Dragonite, L50, M|\n|poke|p2|Flutter Mane, L50|\n|poke|p2|Great Tusk, L50|\n|poke|p2|Lilligant, L50, F|\n|poke|p2|Torkoal, L50, F|\n|teampreview|4\n|c|\u2606crowlersar24|Gl\ncrowlersar24 has agreed to open team sheets.\nAndrwApple has agreed to open team sheets.\n|c|\u2606AndrwApple|Gl\n|\n|t:|1683429417\n|start\n|switch|p1a: Menzart|Dragonite, L50, M|100\/100\n|switch|p1b: Arcanine|Arcanine, L50, M|100\/100\n|switch|p2a: Torkoal|Torkoal, L50, F|100\/100\n|switch|p2b: Lilligant|Lilligant, L50, F|100\/100\n|-ability|p1b: Arcanine|Intimidate|boost\n|-unboost|p2a: Torkoal|atk|1\n|-unboost|p2b: Lilligant|atk|1\n|-weather|SunnyDay|[from] ability: Drought|[of] p2a: Torkoal\n|turn|1\n|\n|t:|1683429452\n|switch|p1a: Garganacl|Garganacl, L50, M|100\/100\n|-terastallize|p2a: Torkoal|Fire\n|move|p2b: Lilligant|Protect|p2b: Lilligant\n|-singleturn|p2b: Lilligant|Protect\n|move|p1b: Arcanine|Flare Blitz|p2b: Lilligant\n|-activate|p2b: Lilligant|move: Protect\n|move|p2a: Torkoal|Heat Wave|p1b: Arcanine|[spread] p1a,p1b\n|-resisted|p1a: Garganacl\n|-crit|p1a: Garganacl\n|-resisted|p1b: Arcanine\n|-damage|p1a: Garganacl|62\/100\n|-damage|p1b: Arcanine|62\/100\n|\n|-weather|SunnyDay|[upkeep]\n|upkeep\n|turn|2\n|\n|t:|1683429485\n|switch|p2b: Great Tusk|Great Tusk, L50|100\/100\n|-activate|p2b: Great Tusk|ability: Protosynthesis\n|-start|p2b: Great Tusk|protosynthesisatk\n|move|p1a: Garganacl|Protect|p1a: Garganacl\n|-singleturn|p1a: Garganacl|Protect\n|move|p1b: Arcanine|Flare Blitz|p2b: Great Tusk\n|-damage|p2b: Great Tusk|39\/100\n|-damage|p1b: Arcanine|43\/100|[from] Recoil\n|move|p2a: Torkoal|Earth Power|p1b: Arcanine\n|-supereffective|p1b: Arcanine\n|-damage|p1b: Arcanine|0 fnt\n|faint|p1b: Arcanine\n|\n|-weather|SunnyDay|[upkeep]\n|upkeep\n|\n|t:|1683429491\n|switch|p1b: Chien-Pao|Chien-Pao, L50|100\/100\n|-ability|p1b: Chien-Pao|Sword of Ruin\n|turn|3\n|\n|t:|1683429526\n|switch|p1a: Menzart|Dragonite, L50, M|100\/100\n|move|p1b: Chien-Pao|Protect|p1b: Chien-Pao\n|-singleturn|p1b: Chien-Pao|Protect\n|move|p2b: Great Tusk|Close Combat|p1a: Menzart\n|-resisted|p1a: Menzart\n|-damage|p1a: Menzart|71\/100\n|-unboost|p2b: Great Tusk|def|1\n|-unboost|p2b: Great Tusk|spd|1\n|move|p2a: Torkoal|Heat Wave|p1a: Menzart|[spread] p1a\n|-activate|p1b: Chien-Pao|move: Protect\n|-resisted|p1a: Menzart\n|-damage|p1a: Menzart|49\/100\n|\n|-weather|SunnyDay|[upkeep]\n|upkeep\n|turn|4\n|\n|t:|1683429544\n|-terastallize|p1a: Menzart|Flying\n|move|p2b: Great Tusk|Close Combat|p1b: Chien-Pao\n|-supereffective|p1b: Chien-Pao\n|-crit|p1b: Chien-Pao\n|-enditem|p1b: Chien-Pao|Focus Sash\n|-damage|p1b: Chien-Pao|1\/100\n|-unboost|p2b: Great Tusk|def|1\n|-unboost|p2b: Great Tusk|spd|1\n|move|p1b: Chien-Pao|Throat Chop|p2a: Torkoal\n|-damage|p2a: Torkoal|58\/100\n|-start|p2a: Torkoal|Throat Chop|[silent]\n|move|p1a: Menzart|Tera Blast|p2a: Torkoal\n|-damage|p2a: Torkoal|0 fnt\n|faint|p2a: Torkoal\n|\n|-weather|SunnyDay|[upkeep]\n|upkeep\n|\n|t:|1683429565\n|switch|p2a: Chien-Pao|Chien-Pao, L50|100\/100\n|-ability|p2a: Chien-Pao|Sword of Ruin\n|turn|5\n|\n|t:|1683429586\n|move|p1a: Menzart|Extreme Speed|p2b: Great Tusk\n|-damage|p2b: Great Tusk|0 fnt\n|faint|p2b: Great Tusk\n|-end|p2b: Great Tusk|Protosynthesis|[silent]\n|move|p2a: Chien-Pao|Sucker Punch||[still]\n|-fail|p2a: Chien-Pao\n|move|p1b: Chien-Pao|Ice Spinner|p2a: Chien-Pao\n|-resisted|p2a: Chien-Pao\n|-damage|p2a: Chien-Pao|73\/100\n|\n|-weather|none\n|upkeep\n|\n|t:|1683429596\n|switch|p2b: Lilligant|Lilligant, L50, F|100\/100\n|turn|6\n|\n|t:|1683429620\n|move|p1a: Menzart|Extreme Speed|p2a: Chien-Pao\n|-damage|p2a: Chien-Pao|32\/100\n|move|p1b: Chien-Pao|Sucker Punch|p2a: Chien-Pao\n|-resisted|p2a: Chien-Pao\n|-damage|p2a: Chien-Pao|6\/100\n|move|p2a: Chien-Pao|Sucker Punch||[still]\n|-fail|p2a: Chien-Pao\n|move|p2b: Lilligant|Sleep Powder|p1a: Menzart\n|-status|p1a: Menzart|slp|[from] move: Sleep Powder\n|\n|upkeep\n|turn|7\n|\n|t:|1683429641\n|switch|p1a: Garganacl|Garganacl, L50, M|62\/100\n|move|p1b: Chien-Pao|Protect|p1b: Chien-Pao\n|-singleturn|p1b: Chien-Pao|Protect\n|move|p2a: Chien-Pao|Sucker Punch||[still]\n|-fail|p2a: Chien-Pao\n|move|p2b: Lilligant|Leaf Storm|p1b: Chien-Pao\n|-activate|p1b: Chien-Pao|move: Protect\n|\n|upkeep\n|turn|8\n|\n|t:|1683429654\n|move|p1b: Chien-Pao|Sucker Punch|p2a: Chien-Pao\n|-resisted|p2a: Chien-Pao\n|-damage|p2a: Chien-Pao|0 fnt\n|faint|p2a: Chien-Pao\n|move|p2b: Lilligant|Leaf Storm|p1a: Garganacl\n|-supereffective|p1a: Garganacl\n|-damage|p1a: Garganacl|0 fnt\n|-unboost|p2b: Lilligant|spa|2\n|faint|p1a: Garganacl\n|\n|upkeep\n|\n|t:|1683429658\n|switch|p1a: Menzart|Dragonite, L50, M, tera:Flying|49\/100 slp\n|turn|9\n|c|\u2606AndrwApple|gg\n|\n|t:|1683429667\n|move|p1b: Chien-Pao|Ice Spinner|p2b: Lilligant\n|-supereffective|p2b: Lilligant\n|-damage|p2b: Lilligant|0 fnt\n|faint|p2b: Lilligant\n|\n|win|AndrwApple\n","uploadtime":1683429672,"views":14,"p1id":"andrwapple","p2id":"crowlersar24","formatid":"gen9vgc2023regulationc","rating":0,"private":0,"password":""}