{"id":"gen9vgc2023regulationc-1859966804","p1":"PikaTROD","p2":"beckybug","format":"[Gen 9] VGC 2023 Regulation C","log":"|j|\u2606PikaTROD\n|j|\u2606beckybug\n|t:|1683580204\n|gametype|doubles\n|player|p1|PikaTROD|102|1622\n|player|p2|beckybug|rosa|1762\n|teamsize|p1|6\n|teamsize|p2|6\n|gen|9\n|tier|[Gen 9] VGC 2023 Regulation C\n|rated|\n|rule|Species Clause: Limit one of each Pok\u00e9mon\n|rule|Item Clause: Limit one of each item\n|clearpoke\n|poke|p1|Torkoal, L50, F|\n|poke|p1|Lilligant, L50, F|\n|poke|p1|Chien-Pao, L50|\n|poke|p1|Dragonite, L50, M|\n|poke|p1|Flutter Mane, L50|\n|poke|p1|Kingambit, L50, F|\n|poke|p2|Iron Bundle, L50|\n|poke|p2|Chi-Yu, L50|\n|poke|p2|Lycanroc, L50, F|\n|poke|p2|Tyranitar, L50, M|\n|poke|p2|Indeedee-F, L50, F|\n|poke|p2|Armarouge, L50, M|\n|teampreview|4\nPikaTROD has agreed to open team sheets.\nbeckybug has agreed to open team sheets.\n|c|\u2606PikaTROD|bo3?\n|c|\u2606beckybug|sure\n|c|\u2606PikaTROD|great!\n|c|\u2606PikaTROD|hf\n|\n|t:|1683580279\n|start\n|switch|p1a: Kingambit|Kingambit, L50, F|100\/100\n|switch|p1b: Dragonite|Dragonite, L50, M|100\/100\n|switch|p2a: Indeedee|Indeedee-F, L50, F|100\/100\n|switch|p2b: Armarouge|Armarouge, L50, M|100\/100\n|-fieldstart|move: Psychic Terrain|[from] ability: Psychic Surge|[of] p2a: Indeedee\n|-enditem|p2a: Indeedee|Psychic Seed\n|-boost|p2a: Indeedee|spd|1|[from] item: Psychic Seed\n|turn|1\n|\n|t:|1683580314\n|-terastallize|p1a: Kingambit|Fire\n|move|p2a: Indeedee|Follow Me|p2a: Indeedee\n|-singleturn|p2a: Indeedee|move: Follow Me\n|move|p2b: Armarouge|Expanding Force|p1b: Dragonite|[spread] p1a,p1b\n|-damage|p1a: Kingambit|19\/100\n|-damage|p1b: Dragonite|64\/100\n|-damage|p2b: Armarouge|91\/100|[from] item: Life Orb\n|move|p1b: Dragonite|Rock Slide|p2b: Armarouge|[spread] p2a,p2b\n|-supereffective|p2b: Armarouge\n|-crit|p2b: Armarouge\n|-damage|p2a: Indeedee|80\/100\n|-damage|p2b: Armarouge|26\/100\n|move|p1a: Kingambit|Kowtow Cleave|p2a: Indeedee\n|-supereffective|p2a: Indeedee\n|-damage|p2a: Indeedee|0 fnt\n|faint|p2a: Indeedee\n|\n|upkeep\n|\n|t:|1683580330\n|switch|p2a: Lycanroc|Lycanroc, L50, F|100\/100\n|turn|2\n|\n|t:|1683580348\n|move|p1a: Kingambit|Protect|p1a: Kingambit\n|-singleturn|p1a: Kingambit|Protect\n|move|p2a: Lycanroc|Rock Slide|p1b: Dragonite|[spread] p1b\n|-activate|p1a: Kingambit|move: Protect\n|-supereffective|p1b: Dragonite\n|-damage|p1b: Dragonite|10\/100\n|move|p2b: Armarouge|Expanding Force|p1b: Dragonite|[spread] p1b\n|-activate|p1a: Kingambit|move: Protect\n|-damage|p1b: Dragonite|0 fnt\n|faint|p1b: Dragonite\n|-damage|p2b: Armarouge|17\/100|[from] item: Life Orb\n|\n|upkeep\n|\n|t:|1683580357\n|switch|p1b: Flutter Mane|Flutter Mane, L50|100\/100\n|turn|3\n|\n|t:|1683580373\n|switch|p2b: Tyranitar|Tyranitar, L50, M|100\/100\n|-weather|Sandstorm|[from] ability: Sand Stream|[of] p2b: Tyranitar\n|move|p2a: Lycanroc|Rock Slide|p1a: Kingambit|[spread] p1a,p1b\n|-supereffective|p1a: Kingambit\n|-damage|p1a: Kingambit|0 fnt\n|-damage|p1b: Flutter Mane|51\/100\n|faint|p1a: Kingambit\n|move|p1b: Flutter Mane|Dazzling Gleam|p2b: Tyranitar|[spread] p2a,p2b\n|-supereffective|p2b: Tyranitar\n|-damage|p2a: Lycanroc|41\/100\n|-damage|p2b: Tyranitar|62\/100\n|\n|-weather|Sandstorm|[upkeep]\n|-damage|p1b: Flutter Mane|45\/100|[from] Sandstorm\n|upkeep\n|\n|t:|1683580379\n|switch|p1a: Torkoal|Torkoal, L50, F|100\/100\n|-weather|SunnyDay|[from] ability: Drought|[of] p1a: Torkoal\n|-activate|p1b: Flutter Mane|ability: Protosynthesis\n|-start|p1b: Flutter Mane|protosynthesisspa\n|turn|4\n|\n|t:|1683580394\n|switch|p2b: Armarouge|Armarouge, L50, M|17\/100\n|move|p2a: Lycanroc|Endure|p2a: Lycanroc\n|-singleturn|p2a: Lycanroc|move: Endure\n|move|p1b: Flutter Mane|Dazzling Gleam|p2a: Lycanroc|[spread] p2a,p2b\n|-resisted|p2b: Armarouge\n|-activate|p2a: Lycanroc|move: Endure\n|-damage|p2a: Lycanroc|1\/100\n|-damage|p2b: Armarouge|0 fnt\n|faint|p2b: Armarouge\n|move|p1a: Torkoal|Earth Power|p2a: Lycanroc\n|-supereffective|p2a: Lycanroc\n|-crit|p2a: Lycanroc\n|-activate|p2a: Lycanroc|move: Endure\n|-damage|p2a: Lycanroc|1\/100\n|\n|-weather|SunnyDay|[upkeep]\n|upkeep\n|c|\u2606PikaTROD|gg\n|\n|t:|1683580407\n|switch|p2b: Tyranitar|Tyranitar, L50, M|62\/100\n|-weather|Sandstorm|[from] ability: Sand Stream|[of] p2b: Tyranitar\n|-end|p1b: Flutter Mane|Protosynthesis\n|turn|5\n|\n|t:|1683580425\n|-terastallize|p2b: Tyranitar|Flying\n|move|p2a: Lycanroc|Rock Slide|p1a: Torkoal|[spread] p1a,p1b\n|-supereffective|p1a: Torkoal\n|-damage|p1a: Torkoal|56\/100\n|-damage|p1b: Flutter Mane|0 fnt\n|faint|p1b: Flutter Mane\n|-end|p1b: Flutter Mane|Protosynthesis|[silent]\n|move|p2b: Tyranitar|Assurance|p1a: Torkoal\n|-damage|p1a: Torkoal|3\/100\n|move|p1a: Torkoal|Earth Power|p2a: Lycanroc\n|-supereffective|p2a: Lycanroc\n|-damage|p2a: Lycanroc|0 fnt\n|faint|p2a: Lycanroc\n|\n|-weather|Sandstorm|[upkeep]\n|-damage|p2b: Tyranitar|56\/100|[from] Sandstorm\n|-damage|p1a: Torkoal|0 fnt|[from] Sandstorm\n|faint|p1a: Torkoal\n|\n|win|beckybug\n|upkeep\n|raw|PikaTROD's rating: 1622 → 1610<\/strong> (-12 for losing)\n|raw|beckybug's rating: 1762 → 1774<\/strong> (+12 for winning)\n|l|\u2606PikaTROD\n|l|\u2606beckybug\n|j|\u2606beckybug\n|player|p2|beckybug|rosa\n","uploadtime":1683580843,"views":12,"p1id":"pikatrod","p2id":"beckybug","formatid":"gen9vgc2023regulationc","rating":1610,"private":0,"password":""}