{"id":"gen9vgc2023regulationc-1848031623","p1":"Zak-001","p2":"Candy (Arcanine)","format":"[Gen 9] VGC 2023 Regulation C","log":"|j|\u2606Zak-001\n|j|\u2606Candy (Arcanine)\n|t:|1682022412\n|gametype|doubles\n|player|p1|Zak-001|101|1060\n|player|p2|Candy (Arcanine)|twins|1000\n|teamsize|p1|6\n|teamsize|p2|6\n|gen|9\n|tier|[Gen 9] VGC 2023 Regulation C\n|rated|\n|rule|Species Clause: Limit one of each Pok\u00e9mon\n|rule|Item Clause: Limit one of each item\n|clearpoke\n|poke|p1|Chi-Yu, L50|\n|poke|p1|Frosmoth, L50, M|\n|poke|p1|Flutter Mane, L50|\n|poke|p1|Wo-Chien, L50|\n|poke|p1|Roaring Moon, L50|\n|poke|p1|Gastrodon, L50, M|\n|poke|p2|Kingambit, L50, M|\n|poke|p2|Sylveon, L50, M|\n|poke|p2|Volcarona, L50, M|\n|poke|p2|Toxicroak, L50, F|\n|poke|p2|Hydreigon, L50, F|\n|poke|p2|Ting-Lu, L50|\n|teampreview|4\n|inactive|Battle timer is ON: inactive players will automatically lose when time's up. (requested by Zak-001)\n|inactive|Candy (Arcanine) has 60 seconds left.\n|\n|t:|1682022463\n|start\n|switch|p1a: Chi-Yu|Chi-Yu, L50|100\/100\n|switch|p1b: Flutter Mane|Flutter Mane, L50|100\/100\n|switch|p2a: Toxicroak|Toxicroak, L50, F|100\/100\n|switch|p2b: Volcarona|Volcarona, L50, M|100\/100\n|-ability|p1a: Chi-Yu|Beads of Ruin\n|turn|1\n|\n|t:|1682022482\n|move|p2a: Toxicroak|Fake Out|p1a: Chi-Yu\n|-damage|p1a: Chi-Yu|78\/100\n|-damage|p2a: Toxicroak|91\/100|[from] item: Life Orb\n|move|p1b: Flutter Mane|Shadow Ball|p2b: Volcarona\n|-damage|p2b: Volcarona|49\/100\n|-enditem|p2b: Volcarona|Sitrus Berry|[eat]\n|-heal|p2b: Volcarona|74\/100|[from] item: Sitrus Berry\n|cant|p1a: Chi-Yu|flinch\n|move|p2b: Volcarona|Tailwind|p2b: Volcarona\n|-sidestart|p2: Candy (Arcanine)|move: Tailwind\n|\n|upkeep\n|turn|2\n|\n|t:|1682022503\n|move|p2a: Toxicroak|Close Combat|p1a: Chi-Yu\n|-supereffective|p1a: Chi-Yu\n|-damage|p1a: Chi-Yu|0 fnt\n|-unboost|p2a: Toxicroak|def|1\n|-unboost|p2a: Toxicroak|spd|1\n|faint|p1a: Chi-Yu\n|-damage|p2a: Toxicroak|82\/100|[from] item: Life Orb\n|move|p2b: Volcarona|Struggle Bug|p1b: Flutter Mane\n|-resisted|p1b: Flutter Mane\n|-damage|p1b: Flutter Mane|94\/100\n|-unboost|p1b: Flutter Mane|spa|1\n|move|p1b: Flutter Mane|Shadow Ball|p2b: Volcarona\n|-damage|p2b: Volcarona|47\/100\n|\n|upkeep\n|\n|t:|1682022517\n|switch|p1a: Gastrodon|Gastrodon, L50, M|100\/100\n|turn|3\n|\n|t:|1682022527\n|move|p2b: Volcarona|Rage Powder|p2b: Volcarona\n|-singleturn|p2b: Volcarona|move: Rage Powder\n|move|p2a: Toxicroak|Gunk Shot|p1b: Flutter Mane\n|-damage|p1b: Flutter Mane|0 fnt\n|faint|p1b: Flutter Mane\n|-end|p1b: Flutter Mane|Protosynthesis|[silent]\n|-damage|p2a: Toxicroak|72\/100|[from] item: Life Orb\n|move|p1a: Gastrodon|Earth Power|p2b: Volcarona\n|-damage|p2b: Volcarona|9\/100\n|\n|upkeep\n|\n|t:|1682022536\n|switch|p1b: Frosmoth|Frosmoth, L50, M|100\/100\n|turn|4\n|\n|t:|1682022561\n|switch|p2b: Sylveon|Sylveon, L50, M|100\/100\n|-terastallize|p1b: Frosmoth|Fire\n|move|p2a: Toxicroak|Close Combat|p1b: Frosmoth\n|-damage|p1b: Frosmoth|19\/100\n|-unboost|p2a: Toxicroak|def|1\n|-unboost|p2a: Toxicroak|spd|1\n|-enditem|p1b: Frosmoth|Aguav Berry|[eat]\n|-heal|p1b: Frosmoth|52\/100|[from] item: Aguav Berry\n|-damage|p2a: Toxicroak|63\/100|[from] item: Life Orb\n|move|p1b: Frosmoth|Quiver Dance|p1b: Frosmoth\n|-boost|p1b: Frosmoth|spa|1\n|-boost|p1b: Frosmoth|spd|1\n|-boost|p1b: Frosmoth|spe|1\n|move|p1a: Gastrodon|Earth Power|p2b: Sylveon\n|-damage|p2b: Sylveon|65\/100\n|\n|-sideend|p2: Candy (Arcanine)|move: Tailwind\n|upkeep\n|turn|5\n|inactive|Zak-001 has 30 seconds left.\n|inactive|Candy (Arcanine) has 30 seconds left.\n|inactive|Candy (Arcanine) has 20 seconds left.\n|inactive|Candy (Arcanine) has 15 seconds left.\n|\n|t:|1682022602\n|switch|p2a: Volcarona|Volcarona, L50, M|9\/100\n|move|p1b: Frosmoth|Ice Beam|p2b: Sylveon\n|-damage|p2b: Sylveon|14\/100\n|move|p2b: Sylveon|Calm Mind|p2b: Sylveon\n|-boost|p2b: Sylveon|spa|1\n|-boost|p2b: Sylveon|spd|1\n|move|p1a: Gastrodon|Earth Power|p2a: Volcarona\n|-damage|p2a: Volcarona|0 fnt\n|faint|p2a: Volcarona\n|\n|upkeep\n|\n|t:|1682022606\n|switch|p2a: Toxicroak|Toxicroak, L50, F|63\/100\n|turn|6\n|\n|t:|1682022620\n|move|p2a: Toxicroak|Fake Out|p1b: Frosmoth\n|-damage|p1b: Frosmoth|35\/100\n|-damage|p2a: Toxicroak|53\/100|[from] item: Life Orb\n|cant|p1b: Frosmoth|flinch\n|move|p2b: Sylveon|Hyper Voice|p1b: Frosmoth|[spread] p1a,p1b\n|-resisted|p1b: Frosmoth\n|-damage|p1a: Gastrodon|39\/100\n|-damage|p1b: Frosmoth|25\/100\n|-enditem|p2b: Sylveon|Throat Spray\n|-boost|p2b: Sylveon|spa|1|[from] item: Throat Spray\n|move|p1a: Gastrodon|Yawn|p2a: Toxicroak\n|-start|p2a: Toxicroak|move: Yawn|[of] p1a: Gastrodon\n|\n|upkeep\n|turn|7\n|inactive|Candy (Arcanine) has 30 seconds left.\n|\n|t:|1682022648\n|switch|p2a: Wickie moment|Ting-Lu, L50|100\/100\n|-ability|p2a: Wickie moment|Vessel of Ruin\n|move|p2b: Sylveon|Protect|p2b: Sylveon\n|-singleturn|p2b: Sylveon|Protect\n|move|p1b: Frosmoth|Ice Beam|p2b: Sylveon\n|-activate|p2b: Sylveon|move: Protect\n|move|p1a: Gastrodon|Earth Power|p2a: Wickie moment\n|-damage|p2a: Wickie moment|76\/100\n|\n|-heal|p2a: Wickie moment|82\/100|[from] item: Leftovers\n|upkeep\n|turn|8\n|\n|t:|1682022667\n|move|p1b: Frosmoth|Ice Beam|p2a: Wickie moment\n|-supereffective|p2a: Wickie moment\n|-damage|p2a: Wickie moment|9\/100\n|move|p2b: Sylveon|Hyper Voice|p1b: Frosmoth|[spread] p1a,p1b\n|-resisted|p1b: Frosmoth\n|-damage|p1a: Gastrodon|0 fnt\n|-damage|p1b: Frosmoth|15\/100\n|faint|p1a: Gastrodon\n|move|p2a: Wickie moment|Stomping Tantrum|p1b: Frosmoth\n|-supereffective|p1b: Frosmoth\n|-damage|p1b: Frosmoth|0 fnt\n|faint|p1b: Frosmoth\n|\n|win|Candy (Arcanine)\n|raw|Zak-001's rating: 1060 → 1038<\/strong> (-22 for losing)\n|raw|Candy (Arcanine)'s rating: 1000 → 1047<\/strong> (+47 for winning)\n","uploadtime":1682022672,"views":13,"p1id":"zak001","p2id":"candyarcanine","formatid":"gen9vgc2023regulationc","rating":1038,"private":0,"password":""}