{"id":"gen9vgc2023regulationc-1850042050","p1":"eshe0","p2":"Mr. Darwin","format":"[Gen 9] VGC 2023 Regulation C","log":"|j|\u2606eshe0\n|j|\u2606Mr. Darwin\n|t:|1682280937\n|gametype|doubles\n|player|p1|eshe0|101|\n|player|p2|Mr. Darwin|266|\n|teamsize|p1|6\n|teamsize|p2|6\n|gen|9\n|tier|[Gen 9] VGC 2023 Regulation C\n|rule|Species Clause: Limit one of each Pok\u00e9mon\n|rule|Item Clause: Limit one of each item\n|clearpoke\n|poke|p1|Dachsbun, L50, F|\n|poke|p1|Kingambit, L50, M|\n|poke|p1|Iron Valiant, L50|\n|poke|p1|Pawmot, L50, M|\n|poke|p1|Stantler, L50, M|\n|poke|p1|Krokorok, L50, M|\n|poke|p2|Iron Moth, L50|\n|poke|p2|Gogoat, L50, M|\n|poke|p2|Houndstone, L50, F|\n|poke|p2|Grimmsnarl, L50, M|\n|poke|p2|Tyranitar, L50, F|\n|poke|p2|Gastrodon-East, L50, F|\n|teampreview|4\n|j| judevgc\n|j| exstraspaceDND\n|c| judevgc|gastro changed coast?\n|\n|t:|1682280992\n|start\n|switch|p1a: Pawmot|Pawmot, L50, M|100\/100\n|switch|p1b: Stantler|Stantler, L50, M|100\/100\n|switch|p2a: Iron Moth|Iron Moth, L50|100\/100\n|switch|p2b: Gastrodon|Gastrodon-East, L50, F, shiny|100\/100\n|-ability|p1b: Stantler|Intimidate|boost\n|-unboost|p2a: Iron Moth|atk|1\n|-unboost|p2b: Gastrodon|atk|1\n|-enditem|p2a: Iron Moth|Booster Energy\n|-activate|p2a: Iron Moth|ability: Quark Drive|[fromitem]\n|-start|p2a: Iron Moth|quarkdrivespe\n|turn|1\n|c|\u2606Mr. Darwin|yeah that my bad if you dont mind i had a diiferent set\n|c|\u2606Mr. Darwin|I can change out if an issue\n|c|\u2606Mr. Darwin|just lmk\n|c|\u2606eshe0|wdym?\n|c|\u2606eshe0|it's fine, let's just play i\n|c|\u2606Mr. Darwin|ok word\n|\n|t:|1682281044\n|move|p1a: Pawmot|Fake Out|p2a: Iron Moth\n|-damage|p2a: Iron Moth|78\/100\n|cant|p2a: Iron Moth|flinch\n|move|p1b: Stantler|Bulldoze|p2b: Gastrodon|[spread] p1a,p2a,p2b\n|-supereffective|p1a: Pawmot\n|-enditem|p1a: Pawmot|Shuca Berry|[eat]\n|-enditem|p1a: Pawmot|Shuca Berry|[weaken]\n|-supereffective|p2a: Iron Moth\n|-damage|p1a: Pawmot|89\/100\n|-damage|p2a: Iron Moth|22\/100\n|-damage|p2b: Gastrodon|91\/100\n|-unboost|p1a: Pawmot|spe|1\n|-unboost|p2a: Iron Moth|spe|1\n|-unboost|p2b: Gastrodon|spe|1\n|move|p2b: Gastrodon|Earth Power|p1a: Pawmot\n|-supereffective|p1a: Pawmot\n|-damage|p1a: Pawmot|0 fnt\n|faint|p1a: Pawmot\n|\n|upkeep\n|\n|t:|1682281063\n|switch|p1a: Iron Valiant|Iron Valiant, L50|100\/100\n|turn|2\n|c| exstraspaceDND|the creature of iron is upon us\n|\n|t:|1682281103\n|-end|p2a: Iron Moth|Quark Drive|[silent]\n|switch|p2a: Tyranitar|Tyranitar, L50, F, shiny|100\/100\n|-weather|Sandstorm|[from] ability: Sand Stream|[of] p2a: Tyranitar\n|move|p1a: Iron Valiant|Drain Punch|p2a: Tyranitar\n|-supereffective|p2a: Tyranitar\n|-damage|p2a: Tyranitar|8\/100\n|-enditem|p2a: Tyranitar|Figy Berry|[eat]\n|-heal|p2a: Tyranitar|41\/100|[from] item: Figy Berry\n|move|p1b: Stantler|Skill Swap|p2b: Gastrodon\n|-activate|p1b: Stantler|move: Skill Swap|Storm Drain|Intimidate|[of] p2b: Gastrodon\n|-ability|p2b: Gastrodon|Intimidate|boost\n|-fail|p1a: Iron Valiant|unboost|[from] item: Clear Amulet|[of] p1a: Iron Valiant\n|-unboost|p1b: Stantler|atk|1\n|move|p2b: Gastrodon|Muddy Water|p1b: Stantler|[spread] p1a\n|-ability|p1b: Stantler|Storm Drain|boost\n|-boost|p1b: Stantler|spa|1\n|-damage|p1a: Iron Valiant|63\/100\n|\n|-weather|Sandstorm|[upkeep]\n|-damage|p1a: Iron Valiant|57\/100|[from] Sandstorm\n|-damage|p1b: Stantler|94\/100|[from] Sandstorm\n|upkeep\n|turn|3\n|c| exstraspaceDND|ohh\n|c| exstraspaceDND|thats funky\n|c|\u2606Mr. Darwin|did not see that coming\n|\n|t:|1682281134\n|switch|p2b: Iron Moth|Iron Moth, L50|22\/100\n|move|p2a: Tyranitar|Protect|p2a: Tyranitar\n|-singleturn|p2a: Tyranitar|Protect\n|move|p1a: Iron Valiant|Drain Punch|p2a: Tyranitar\n|-activate|p2a: Tyranitar|move: Protect\n|move|p1b: Stantler|Skill Swap||[still]\n|-fail|p1b: Stantler\n|\n|-weather|Sandstorm|[upkeep]\n|-damage|p1a: Iron Valiant|51\/100|[from] Sandstorm\n|-damage|p2b: Iron Moth|16\/100|[from] Sandstorm\n|-damage|p1b: Stantler|88\/100|[from] Sandstorm\n|upkeep\n|turn|4\n|\n|t:|1682281169\n|switch|p1b: Kingambit|Kingambit, L50, M|100\/100\n|switch|p2a: Houndstone|Houndstone, L50, F|100\/100\n|move|p1a: Iron Valiant|Drain Punch|p2b: Iron Moth\n|-resisted|p2b: Iron Moth\n|-damage|p2b: Iron Moth|0 fnt\n|-heal|p1a: Iron Valiant|60\/100|[from] drain|[of] p2b: Iron Moth\n|faint|p2b: Iron Moth\n|-end|p2b: Iron Moth|Quark Drive|[silent]\n|\n|-weather|Sandstorm|[upkeep]\n|-damage|p1a: Iron Valiant|54\/100|[from] Sandstorm\n|upkeep\n|\n|t:|1682281178\n|switch|p2b: Gastrodon|Gastrodon-East, L50, F, shiny|91\/100\n|turn|5\n|\n|t:|1682281204\n|-end|p1a: Iron Valiant|Quark Drive|[silent]\n|switch|p1a: Stantler|Stantler, L50, M|88\/100\n|-ability|p1a: Stantler|Intimidate|boost\n|-unboost|p2a: Houndstone|atk|1\n|-unboost|p2b: Gastrodon|atk|1\n|move|p2a: Houndstone|Play Rough|p1a: Stantler\n|-damage|p1a: Stantler|68\/100\n|-damage|p2a: Houndstone|91\/100|[from] item: Life Orb\n|move|p1b: Kingambit|Kowtow Cleave|p2a: Houndstone\n|-supereffective|p2a: Houndstone\n|-damage|p2a: Houndstone|0 fnt\n|faint|p2a: Houndstone\n|move|p2b: Gastrodon|Earth Power|p1b: Kingambit\n|-supereffective|p1b: Kingambit\n|-damage|p1b: Kingambit|47\/100\n|-enditem|p1b: Kingambit|Weakness Policy\n|-boost|p1b: Kingambit|atk|2|[from] item: Weakness Policy\n|-boost|p1b: Kingambit|spa|2|[from] item: Weakness Policy\n|\n|-weather|Sandstorm|[upkeep]\n|-damage|p1a: Stantler|62\/100|[from] Sandstorm\n|upkeep\n|\n|t:|1682281214\n|switch|p2a: Tyranitar|Tyranitar, L50, F, shiny|41\/100\n|turn|6\n|c| exstraspaceDND|god dam\n|c| exstraspaceDND|he is the king\n|\n|t:|1682281240\n|-terastallize|p1b: Kingambit|Fighting\n|move|p2b: Gastrodon|Protect|p2b: Gastrodon\n|-singleturn|p2b: Gastrodon|Protect\n|move|p1a: Stantler|Skill Swap|p2b: Gastrodon\n|-activate|p2b: Gastrodon|move: Protect\n|move|p2a: Tyranitar|Earthquake|p1a: Stantler|[spread] p1a,p1b\n|-activate|p2b: Gastrodon|move: Protect\n|-crit|p1a: Stantler\n|-damage|p1a: Stantler|28\/100\n|-damage|p1b: Kingambit|25\/100\n|move|p1b: Kingambit|Iron Head|p2a: Tyranitar\n|-supereffective|p2a: Tyranitar\n|-damage|p2a: Tyranitar|0 fnt\n|faint|p2a: Tyranitar\n|\n|-weather|none\n|upkeep\n|turn|7\n|\n|t:|1682281259\n|-terastallize|p2b: Gastrodon|Grass\n|move|p1a: Stantler|Skill Swap|p2b: Gastrodon\n|-activate|p1a: Stantler|move: Skill Swap|Storm Drain|Intimidate|[of] p2b: Gastrodon\n|-ability|p2b: Gastrodon|Intimidate|boost\n|-unboost|p1a: Stantler|atk|1\n|-unboost|p1b: Kingambit|atk|1\n|-ability|p1b: Kingambit|Defiant|boost\n|-boost|p1b: Kingambit|atk|2\n|move|p1b: Kingambit|Kowtow Cleave|p2b: Gastrodon\n|-damage|p2b: Gastrodon|0 fnt\n|faint|p2b: Gastrodon\n|\n|win|eshe0\n|c|\u2606eshe0|gg\n|c|\u2606Mr. Darwin|gg\n|c|\u2606Mr. Darwin|that stanler is crazyt\n|l|\u2606Mr. Darwin\n|c|\u2606eshe0|ikr\n|c|\u2606eshe0|https:\/\/play.pokemonshowdown.com\/battle-gen9vgc2023regulationc-1850045477\n|l| exstraspaceDND\n|l| judevgc\n","uploadtime":1682281709,"views":7,"p1id":"eshe0","p2id":"mrdarwin","formatid":"gen9vgc2023regulationc","rating":0,"private":0,"password":""}