{"id":"gen9vgc2023regulationc-1854591311","p1":"KinimaP","p2":"Pyte 17","format":"[Gen 9] VGC 2023 Regulation C","log":"|j|\u2606KinimaP\n|j|\u2606Pyte 17\n|t:|1682832082\n|gametype|doubles\n|player|p1|KinimaP|cameraman|1614\n|player|p2|Pyte 17|265|1619\n|teamsize|p1|6\n|teamsize|p2|6\n|gen|9\n|tier|[Gen 9] VGC 2023 Regulation C\n|rated|\n|rule|Species Clause: Limit one of each Pok\u00e9mon\n|rule|Item Clause: Limit one of each item\n|clearpoke\n|poke|p1|Vivillon-Fancy, L50, F|\n|poke|p1|Chi-Yu, L50|\n|poke|p1|Abomasnow, L50, M|\n|poke|p1|Iron Bundle, L50|\n|poke|p1|Scizor, L50, F|\n|poke|p1|Brute Bonnet, L50|\n|poke|p2|Talonflame, L50, M|\n|poke|p2|Corviknight, L50, M|\n|poke|p2|Azumarill, L50, M|\n|poke|p2|Iron Hands, L50|\n|poke|p2|Scream Tail, L50|\n|poke|p2|Amoonguss, L50, F|\n|teampreview|4\n|\n|t:|1682832124\n|start\n|switch|p1a: Vivillon|Vivillon-Fancy, L50, F|100\/100\n|switch|p1b: Chi-Yu|Chi-Yu, L50|100\/100\n|switch|p2a: Talonflame|Talonflame, L50, M|100\/100\n|switch|p2b: Corviknight|Corviknight, L50, M|100\/100\n|-ability|p1b: Chi-Yu|Beads of Ruin\n|turn|1\n|\n|t:|1682832139\n|-terastallize|p1b: Chi-Yu|Water\n|-terastallize|p2b: Corviknight|Fire\n|move|p2a: Talonflame|Tailwind|p2a: Talonflame\n|-sidestart|p2: Pyte 17|move: Tailwind\n|move|p2b: Corviknight|Brave Bird|p1a: Vivillon\n|-supereffective|p1a: Vivillon\n|-enditem|p1a: Vivillon|Focus Sash\n|-damage|p1a: Vivillon|1\/100\n|-damage|p2b: Corviknight|74\/100|[from] Recoil\n|move|p1a: Vivillon|Tailwind|p1a: Vivillon\n|-sidestart|p1: KinimaP|move: Tailwind\n|move|p1b: Chi-Yu|Tera Blast|p2a: Talonflame\n|-supereffective|p2a: Talonflame\n|-damage|p2a: Talonflame|0 fnt\n|faint|p2a: Talonflame\n|\n|upkeep\n|\n|t:|1682832163\n|switch|p2a: Scream Tail|Scream Tail, L50|100\/100\n|-enditem|p2a: Scream Tail|Booster Energy\n|-activate|p2a: Scream Tail|ability: Protosynthesis|[fromitem]\n|-start|p2a: Scream Tail|protosynthesisspe\n|turn|2\n|\n|t:|1682832186\n|move|p2b: Corviknight|Protect|p2b: Corviknight\n|-singleturn|p2b: Corviknight|Protect\n|move|p1a: Vivillon|Rage Powder|p1a: Vivillon\n|-singleturn|p1a: Vivillon|move: Rage Powder\n|move|p2a: Scream Tail|Dazzling Gleam|p1b: Chi-Yu|[spread] p1a,p1b\n|-damage|p1a: Vivillon|0 fnt\n|-damage|p1b: Chi-Yu|88\/100\n|faint|p1a: Vivillon\n|move|p1b: Chi-Yu|Tera Blast|p2b: Corviknight\n|-activate|p2b: Corviknight|move: Protect\n|\n|upkeep\n|\n|t:|1682832200\n|switch|p1a: Iron Bundle|Iron Bundle, L50|100\/100\n|-enditem|p1a: Iron Bundle|Booster Energy\n|-activate|p1a: Iron Bundle|ability: Quark Drive|[fromitem]\n|-start|p1a: Iron Bundle|quarkdrivespe\n|turn|3\n|\n|t:|1682832220\n|move|p1a: Iron Bundle|Icy Wind|p2a: Scream Tail|[spread] p2a,p2b\n|-resisted|p2b: Corviknight\n|-crit|p2b: Corviknight\n|-damage|p2a: Scream Tail|81\/100\n|-damage|p2b: Corviknight|54\/100\n|-unboost|p2a: Scream Tail|spe|1\n|-ability|p2b: Corviknight|Mirror Armor\n|-unboost|p1a: Iron Bundle|spe|1\n|move|p2a: Scream Tail|Disable|p1b: Chi-Yu\n|-start|p1b: Chi-Yu|Disable|Tera Blast\n|cant|p1b: Chi-Yu|Disable|Tera Blast\n|move|p2b: Corviknight|Brave Bird|p1a: Iron Bundle\n|-damage|p1a: Iron Bundle|41\/100\n|-damage|p2b: Corviknight|40\/100|[from] Recoil\n|-enditem|p2b: Corviknight|Sitrus Berry|[eat]\n|-heal|p2b: Corviknight|65\/100|[from] item: Sitrus Berry\n|\n|upkeep\n|turn|4\n|\n|t:|1682832261\n|move|p2b: Corviknight|Protect|p2b: Corviknight\n|-singleturn|p2b: Corviknight|Protect\n|move|p1a: Iron Bundle|Icy Wind|p2b: Corviknight|[spread] p2a\n|-activate|p2b: Corviknight|move: Protect\n|-damage|p2a: Scream Tail|62\/100\n|-unboost|p2a: Scream Tail|spe|1\n|move|p1b: Chi-Yu|Heat Wave|p2a: Scream Tail|[spread] p2a\n|-activate|p2b: Corviknight|move: Protect\n|-damage|p2a: Scream Tail|21\/100\n|move|p2a: Scream Tail|Encore|p1b: Chi-Yu\n|-start|p1b: Chi-Yu|Encore\n|\n|-sideend|p2: Pyte 17|move: Tailwind\n|-sideend|p1: KinimaP|move: Tailwind\n|upkeep\n|turn|5\n|\n|t:|1682832281\n|switch|p1b: Abomasnow|Abomasnow, L50, M|100\/100\n|-weather|Snow|[from] ability: Snow Warning|[of] p1b: Abomasnow\n|move|p2a: Scream Tail|Protect|p2a: Scream Tail\n|-singleturn|p2a: Scream Tail|Protect\n|move|p1a: Iron Bundle|Blizzard|p2b: Corviknight|[spread] p2b\n|-activate|p2a: Scream Tail|move: Protect\n|-resisted|p2b: Corviknight\n|-damage|p2b: Corviknight|46\/100\n|move|p2b: Corviknight|Brave Bird|p1a: Iron Bundle\n|-damage|p1a: Iron Bundle|0 fnt\n|faint|p1a: Iron Bundle\n|-end|p1a: Iron Bundle|Quark Drive|[silent]\n|-damage|p2b: Corviknight|37\/100|[from] Recoil\n|\n|-weather|Snow|[upkeep]\n|upkeep\n|\n|t:|1682832299\n|switch|p1a: Chi-Yu|Chi-Yu, L50, tera:Water|88\/100\n|-ability|p1a: Chi-Yu|Beads of Ruin\n|turn|6\n|\n|t:|1682832318\n|-end|p2a: Scream Tail|Protosynthesis|[silent]\n|switch|p2a: Iron Hands|Iron Hands, L50|100\/100\n|move|p2b: Corviknight|Protect|p2b: Corviknight\n|-singleturn|p2b: Corviknight|Protect\n|move|p1a: Chi-Yu|Tera Blast|p2b: Corviknight\n|-activate|p2b: Corviknight|move: Protect\n|move|p1b: Abomasnow|Blizzard|p2b: Corviknight|[spread] p2a\n|-activate|p2b: Corviknight|move: Protect\n|-damage|p2a: Iron Hands|48\/100\n|-damage|p1b: Abomasnow|91\/100|[from] item: Life Orb\n|\n|-weather|Snow|[upkeep]\n|upkeep\n|turn|7\n|\n|t:|1682832346\n|move|p1b: Abomasnow|Helping Hand|p1a: Chi-Yu\n|-singleturn|p1a: Chi-Yu|Helping Hand|[of] p1b: Abomasnow\n|move|p1a: Chi-Yu|Heat Wave|p2a: Iron Hands|[spread] p2a,p2b\n|-resisted|p2b: Corviknight\n|-damage|p2a: Iron Hands|0 fnt\n|-damage|p2b: Corviknight|0 fnt\n|faint|p2a: Iron Hands\n|-end|p2a: Iron Hands|Quark Drive|[silent]\n|faint|p2b: Corviknight\n|\n|-weather|Snow|[upkeep]\n|upkeep\n|\n|t:|1682832352\n|switch|p2b: Scream Tail|Scream Tail, L50|21\/100\n|turn|8\n|-message|Pyte 17 forfeited.\n|\n|win|KinimaP\n|raw|KinimaP's rating: 1614 → 1634<\/strong> (+20 for winning)\n|raw|Pyte 17's rating: 1619 → 1599<\/strong> (-20 for losing)\n|l|\u2606Pyte 17\n","uploadtime":1682832376,"views":18,"p1id":"kinimap","p2id":"pyte17","formatid":"gen9vgc2023regulationc","rating":1599,"private":0,"password":""}