{"id":"gen9vgc2023regulationc-1862321887","p1":"Deadhead Omega 2","p2":"STE lulu","format":"[Gen 9] VGC 2023 Regulation C","log":"|j|\u2606Deadhead Omega 2\n|j|\u2606STE lulu\n|t:|1683865460\n|gametype|doubles\n|player|p1|Deadhead Omega 2|veteran-gen4|1423\n|player|p2|STE lulu|266|1448\n|teamsize|p1|6\n|teamsize|p2|6\n|gen|9\n|tier|[Gen 9] VGC 2023 Regulation C\n|rated|\n|rule|Species Clause: Limit one of each Pok\u00e9mon\n|rule|Item Clause: Limit one of each item\n|clearpoke\n|poke|p1|Iron Bundle, L50|\n|poke|p1|Abomasnow, L50, F|\n|poke|p1|Chi-Yu, L50|\n|poke|p1|Flutter Mane, L50|\n|poke|p1|Dragonite, L50, F|\n|poke|p1|Kingambit, L50, F|\n|poke|p2|Gastrodon-East, L50, F|\n|poke|p2|Tyranitar, L50, F|\n|poke|p2|Indeedee-F, L50, F|\n|poke|p2|Houndstone, L50, M|\n|poke|p2|Corviknight, L50, M|\n|poke|p2|Dragapult, L50, M|\n|teampreview|4\nSTE lulu has agreed to open team sheets.\n|inactive|Battle timer is ON: inactive players will automatically lose when time's up. (requested by Deadhead Omega 2)\n|\n|t:|1683865534\n|start\n|switch|p1a: Dragonite|Dragonite, L50, F|100\/100\n|switch|p1b: Kingambit|Kingambit, L50, F|100\/100\n|switch|p2a: Corviknight|Corviknight, L50, M|100\/100\n|switch|p2b: Dragapult|Dragapult, L50, M|100\/100\n|turn|1\n|inactive|Deadhead Omega 2 has 30 seconds left.\n|\n|t:|1683865565\n|switch|p2b: Tyranitar|Tyranitar, L50, F|100\/100\n|-weather|Sandstorm|[from] ability: Sand Stream|[of] p2b: Tyranitar\n|switch|p1a: Abomasnow|Abomasnow, L50, F|100\/100\n|-weather|Snow|[from] ability: Snow Warning|[of] p1a: Abomasnow\n|move|p2a: Corviknight|Tailwind|p2a: Corviknight\n|-sidestart|p2: STE lulu|move: Tailwind\n|move|p1b: Kingambit|Swords Dance|p1b: Kingambit\n|-boost|p1b: Kingambit|atk|2\n|\n|-weather|Snow|[upkeep]\n|upkeep\n|turn|2\n|inactive|Deadhead Omega 2 has 30 seconds left.\n|inactive|STE lulu has 30 seconds left.\n|\n|t:|1683865596\n|move|p1b: Kingambit|Protect|p1b: Kingambit\n|-singleturn|p1b: Kingambit|Protect\n|move|p2b: Tyranitar|Low Kick|p1b: Kingambit\n|-activate|p1b: Kingambit|move: Protect\n|move|p2a: Corviknight|Brave Bird|p1b: Kingambit\n|-activate|p1b: Kingambit|move: Protect\n|move|p1a: Abomasnow|Aurora Veil|p1a: Abomasnow\n|-sidestart|p1: Deadhead Omega 2|move: Aurora Veil\n|\n|-weather|Snow|[upkeep]\n|upkeep\n|turn|3\n|inactive|Deadhead Omega 2 has 30 seconds left.\n|inactive|Deadhead Omega 2 has 20 seconds left.\n|\n|t:|1683865635\n|-terastallize|p1b: Kingambit|Dark\n|move|p1b: Kingambit|Sucker Punch|p2b: Tyranitar\n|-resisted|p2b: Tyranitar\n|-damage|p2b: Tyranitar|57\/100\n|move|p2b: Tyranitar|Rock Slide|p1a: Abomasnow|[spread] p1a,p1b\n|-supereffective|p1a: Abomasnow\n|-damage|p1a: Abomasnow|72\/100\n|-damage|p1b: Kingambit|86\/100\n|move|p2a: Corviknight|Iron Head|p1b: Kingambit\n|-damage|p1b: Kingambit|73\/100\n|cant|p1a: Abomasnow|flinch\n|\n|-weather|Snow|[upkeep]\n|upkeep\n|turn|4\n|inactive|Deadhead Omega 2 has 30 seconds left.\n|inactive|Deadhead Omega 2 has 20 seconds left.\n|\n|t:|1683865670\n|move|p1b: Kingambit|Protect|p1b: Kingambit\n|-singleturn|p1b: Kingambit|Protect\n|move|p2b: Tyranitar|Rock Slide|p1b: Kingambit|[spread] p1a\n|-activate|p1b: Kingambit|move: Protect\n|-supereffective|p1a: Abomasnow\n|-damage|p1a: Abomasnow|46\/100\n|move|p2a: Corviknight|Brave Bird|p1a: Abomasnow\n|-supereffective|p1a: Abomasnow\n|-damage|p1a: Abomasnow|5\/100\n|-damage|p2a: Corviknight|87\/100|[from] Recoil\n|move|p1a: Abomasnow|Blizzard|p2b: Tyranitar|[spread] p2a,p2b\n|-damage|p2a: Corviknight|52\/100\n|-damage|p2b: Tyranitar|38\/100\n|\n|-weather|Snow|[upkeep]\n|-heal|p2a: Corviknight|58\/100|[from] item: Leftovers\n|-sideend|p2: STE lulu|move: Tailwind\n|upkeep\n|turn|5\n|inactive|Deadhead Omega 2 has 30 seconds left.\n|\n|t:|1683865705\n|switch|p2a: Indeedee|Indeedee-F, L50, F|100\/100\n|-fieldstart|move: Psychic Terrain|[from] ability: Psychic Surge|[of] p2a: Indeedee\n|move|p2b: Tyranitar|Rock Slide|p1b: Kingambit|[spread] p1a,p1b\n|-supereffective|p1a: Abomasnow\n|-damage|p1a: Abomasnow|0 fnt\n|-damage|p1b: Kingambit|59\/100\n|faint|p1a: Abomasnow\n|cant|p1b: Kingambit|flinch\n|\n|-weather|none\n|upkeep\n|\n|t:|1683865719\n|switch|p1a: Iron Bundle|Iron Bundle, L50|100\/100\n|turn|6\n|inactive|STE lulu has 30 seconds left.\n|inactive|STE lulu has 20 seconds left.\n|inactive|STE lulu has 15 seconds left.\n|\n|t:|1683865763\n|move|p1a: Iron Bundle|Icy Wind|p2a: Indeedee|[spread] p2a,p2b\n|-damage|p2a: Indeedee|71\/100\n|-damage|p2b: Tyranitar|19\/100\n|-unboost|p2a: Indeedee|spe|1\n|-unboost|p2b: Tyranitar|spe|1\n|move|p1b: Kingambit|Kowtow Cleave|p2a: Indeedee\n|-supereffective|p2a: Indeedee\n|-damage|p2a: Indeedee|0 fnt\n|faint|p2a: Indeedee\n|move|p2b: Tyranitar|Rock Slide|p1a: Iron Bundle|[spread] p1a,p1b\n|-supereffective|p1a: Iron Bundle\n|-damage|p1a: Iron Bundle|54\/100\n|-damage|p1b: Kingambit|46\/100\n|\n|-sideend|p1: Deadhead Omega 2|move: Aurora Veil\n|upkeep\n|\n|t:|1683865778\n|switch|p2a: Dragapult|Dragapult, L50, M|100\/100\n|turn|7\n|inactive|STE lulu has 30 seconds left.\n|inactive|STE lulu has 20 seconds left.\n|inactive|STE lulu has 15 seconds left.\n|\n|t:|1683865822\n|-terastallize|p2a: Dragapult|Steel\n|move|p2a: Dragapult|Thunderbolt|p1b: Kingambit\n|-damage|p1b: Kingambit|10\/100\n|move|p1a: Iron Bundle|Icy Wind|p2a: Dragapult|[spread] p2a,p2b\n|-resisted|p2a: Dragapult\n|-damage|p2a: Dragapult|80\/100\n|-damage|p2b: Tyranitar|2\/100\n|-unboost|p2b: Tyranitar|spe|1\n|move|p1b: Kingambit|Kowtow Cleave|p2a: Dragapult\n|-damage|p2a: Dragapult|0 fnt\n|faint|p2a: Dragapult\n|move|p2b: Tyranitar|Rock Slide|p1b: Kingambit|[spread] p1a,p1b\n|-supereffective|p1a: Iron Bundle\n|-damage|p1a: Iron Bundle|0 fnt\n|-damage|p1b: Kingambit|0 fnt\n|faint|p1a: Iron Bundle\n|-end|p1a: Iron Bundle|Quark Drive|[silent]\n|faint|p1b: Kingambit\n|\n|upkeep\n|\n|t:|1683865839\n|switch|p2a: Corviknight|Corviknight, L50, M|58\/100\n|switch|p1a: Dragonite|Dragonite, L50, F|100\/100\n|turn|8\n|\n|t:|1683865856\n|move|p1a: Dragonite|Stomping Tantrum|p2b: Tyranitar\n|-supereffective|p2b: Tyranitar\n|-damage|p2b: Tyranitar|0 fnt\n|faint|p2b: Tyranitar\n|move|p2a: Corviknight|Tailwind|p2a: Corviknight\n|-sidestart|p2: STE lulu|move: Tailwind\n|\n|-heal|p2a: Corviknight|64\/100|[from] item: Leftovers\n|upkeep\n|turn|9\n|\n|t:|1683865871\n|move|p2a: Corviknight|Protect|p2a: Corviknight\n|-singleturn|p2a: Corviknight|Protect\n|move|p1a: Dragonite|Low Kick|p2a: Corviknight\n|-activate|p2a: Corviknight|move: Protect\n|\n|-heal|p2a: Corviknight|70\/100|[from] item: Leftovers\n|-fieldend|move: Psychic Terrain\n|upkeep\n|turn|10\n|\n|t:|1683865877\n|move|p2a: Corviknight|Iron Head|p1a: Dragonite\n|-damage|p1a: Dragonite|86\/100\n|move|p1a: Dragonite|Low Kick|p2a: Corviknight\n|-damage|p2a: Corviknight|45\/100\n|\n|-heal|p2a: Corviknight|51\/100|[from] item: Leftovers\n|upkeep\n|turn|11\n|\n|t:|1683865884\n|move|p2a: Corviknight|Protect|p2a: Corviknight\n|-singleturn|p2a: Corviknight|Protect\n|move|p1a: Dragonite|Low Kick|p2a: Corviknight\n|-activate|p2a: Corviknight|move: Protect\n|\n|-heal|p2a: Corviknight|57\/100|[from] item: Leftovers\n|-sideend|p2: STE lulu|move: Tailwind\n|upkeep\n|turn|12\n|\n|t:|1683865900\n|move|p1a: Dragonite|Low Kick|p2a: Corviknight\n|-damage|p2a: Corviknight|33\/100\n|move|p2a: Corviknight|Tailwind|p2a: Corviknight\n|-sidestart|p2: STE lulu|move: Tailwind\n|\n|-heal|p2a: Corviknight|39\/100|[from] item: Leftovers\n|upkeep\n|turn|13\n|\n|t:|1683865904\n|move|p2a: Corviknight|Protect|p2a: Corviknight\n|-singleturn|p2a: Corviknight|Protect\n|move|p1a: Dragonite|Low Kick|p2a: Corviknight\n|-activate|p2a: Corviknight|move: Protect\n|\n|-heal|p2a: Corviknight|44\/100|[from] item: Leftovers\n|upkeep\n|turn|14\n|\n|t:|1683865907\n|move|p2a: Corviknight|Iron Head|p1a: Dragonite\n|-damage|p1a: Dragonite|57\/100\n|move|p1a: Dragonite|Low Kick|p2a: Corviknight\n|-damage|p2a: Corviknight|22\/100\n|\n|-heal|p2a: Corviknight|28\/100|[from] item: Leftovers\n|upkeep\n|turn|15\n|inactive|STE lulu has 30 seconds left.\n|\n|t:|1683865932\n|move|p2a: Corviknight|Protect|p2a: Corviknight\n|-singleturn|p2a: Corviknight|Protect\n|move|p1a: Dragonite|Low Kick|p2a: Corviknight\n|-activate|p2a: Corviknight|move: Protect\n|\n|-heal|p2a: Corviknight|34\/100|[from] item: Leftovers\n|-sideend|p2: STE lulu|move: Tailwind\n|upkeep\n|turn|16\n|\n|t:|1683865935\n|move|p1a: Dragonite|Low Kick|p2a: Corviknight\n|-damage|p2a: Corviknight|11\/100\n|move|p2a: Corviknight|Tailwind|p2a: Corviknight\n|-sidestart|p2: STE lulu|move: Tailwind\n|\n|-heal|p2a: Corviknight|17\/100|[from] item: Leftovers\n|upkeep\n|turn|17\n|\n|t:|1683865940\n|move|p2a: Corviknight|Protect|p2a: Corviknight\n|-singleturn|p2a: Corviknight|Protect\n|move|p1a: Dragonite|Low Kick|p2a: Corviknight\n|-activate|p2a: Corviknight|move: Protect\n|\n|-heal|p2a: Corviknight|22\/100|[from] item: Leftovers\n|upkeep\n|turn|18\n|\n|t:|1683865943\n|move|p2a: Corviknight|Iron Head|p1a: Dragonite\n|-damage|p1a: Dragonite|24\/100\n|cant|p1a: Dragonite|flinch\n|\n|-heal|p2a: Corviknight|28\/100|[from] item: Leftovers\n|upkeep\n|turn|19\n|\n|t:|1683865948\n|move|p2a: Corviknight|Brave Bird|p1a: Dragonite\n|-damage|p1a: Dragonite|0 fnt\n|faint|p1a: Dragonite\n|-damage|p2a: Corviknight|22\/100|[from] Recoil\n|\n|win|STE lulu\n|raw|Deadhead Omega 2's rating: 1423 → 1404<\/strong> (-19 for losing)\n|raw|STE lulu's rating: 1448 → 1467<\/strong> (+19 for winning)\n|l|\u2606Deadhead Omega 2\n","uploadtime":1683865959,"views":11,"p1id":"deadheadomega2","p2id":"stelulu","formatid":"gen9vgc2023regulationc","rating":1404,"private":0,"password":""}