{"id":"gen9vgc2023regulationc-1858412418","p1":"LeafeonLou12","p2":"OznerolVGC","format":"[Gen 9] VGC 2023 Regulation C","log":"|j|\u2606LeafeonLou12\n|j|\u2606OznerolVGC\n|t:|1683309906\n|gametype|doubles\n|player|p1|LeafeonLou12|2|1229\n|player|p2|OznerolVGC|170|1234\n|teamsize|p1|6\n|teamsize|p2|6\n|gen|9\n|tier|[Gen 9] VGC 2023 Regulation C\n|rated|\n|rule|Species Clause: Limit one of each Pok\u00e9mon\n|rule|Item Clause: Limit one of each item\n|clearpoke\n|poke|p1|Rotom-Fan, L50|\n|poke|p1|Torkoal, L50, F|\n|poke|p1|Indeedee, L50, M|\n|poke|p1|Drifblim, L50, M|\n|poke|p1|Chi-Yu, L50|\n|poke|p1|Great Tusk, L50|\n|poke|p2|Orthworm, L50, F|\n|poke|p2|Dragonite, L50, F|\n|poke|p2|Ting-Lu, L50|\n|poke|p2|Flutter Mane, L50|\n|poke|p2|Chi-Yu, L50|\n|poke|p2|Gyarados, L50, F|\n|teampreview|4\nLeafeonLou12 has agreed to open team sheets.\n|inactive|Battle timer is ON: inactive players will automatically lose when time's up. (requested by OznerolVGC)\n|\n|t:|1683309949\n|start\n|switch|p1a: Drifblim|Drifblim, L50, M|100\/100\n|switch|p1b: Indeedee|Indeedee, L50, M|100\/100\n|switch|p2a: Orthworm|Orthworm, L50, F|100\/100\n|switch|p2b: Ting-Lu|Ting-Lu, L50|100\/100\n|-fieldstart|move: Psychic Terrain|[from] ability: Psychic Surge|[of] p1b: Indeedee\n|-enditem|p1a: Drifblim|Psychic Seed\n|-boost|p1a: Drifblim|spd|1|[from] item: Psychic Seed\n|-ability|p2b: Ting-Lu|Vessel of Ruin\n|turn|1\n|\n|t:|1683309961\n|move|p1a: Drifblim|Acrobatics|p2b: Ting-Lu\n|-damage|p2b: Ting-Lu|78\/100\n|move|p1b: Indeedee|Trick|p2b: Ting-Lu\n|-activate|p1b: Indeedee|move: Trick|[of] p2b: Ting-Lu\n|-item|p2b: Ting-Lu|Choice Scarf|[from] move: Trick\n|-item|p1b: Indeedee|Choice Band|[from] move: Trick\n|move|p2b: Ting-Lu|Earthquake|p1b: Indeedee|[spread] p1b\n|-immune|p2a: Orthworm|[from] ability: Earth Eater\n|-immune|p1a: Drifblim\n|-damage|p1b: Indeedee|21\/100\n|move|p2a: Orthworm|Shed Tail|p2a: Orthworm\n|-start|p2a: Orthworm|Substitute|[from] move: Shed Tail\n|-damage|p2a: Orthworm|50\/100\n|-enditem|p2a: Orthworm|Sitrus Berry|[eat]\n|-heal|p2a: Orthworm|75\/100|[from] item: Sitrus Berry\n|\n|t:|1683309976\n|switch|p2a: Dragonite|Dragonite, L50, F|100\/100|[from] Shed Tail\n|\n|upkeep\n|turn|2\n|j| Lucrezia_Sgr\n|\n|t:|1683309989\n|-terastallize|p1a: Drifblim|Normal\n|move|p1a: Drifblim|Acrobatics|p2a: Dragonite\n|-activate|p2a: Dragonite|move: Substitute|[damage]\n|move|p1b: Indeedee|Psychic|p2a: Dragonite\n|-end|p2a: Dragonite|Substitute\n|move|p2a: Dragonite|Dragon Dance|p2a: Dragonite\n|-boost|p2a: Dragonite|atk|1\n|-boost|p2a: Dragonite|spe|1\n|move|p2b: Ting-Lu|Earthquake|p1a: Drifblim|[spread] p1a,p1b\n|-immune|p2a: Dragonite\n|-damage|p1a: Drifblim|40\/100\n|-damage|p1b: Indeedee|0 fnt\n|faint|p1b: Indeedee\n|\n|upkeep\n|\n|t:|1683310005\n|switch|p1b: Rotom|Rotom-Fan, L50|100\/100\n|turn|3\n|\n|t:|1683310024\n|switch|p2b: Orthworm|Orthworm, L50, F|75\/100\n|move|p2a: Dragonite|Extreme Speed|p1a: Drifblim\n|-activate|p1a: Drifblim|move: Psychic Terrain\n|move|p1a: Drifblim|Tailwind|p1a: Drifblim\n|-sidestart|p1: LeafeonLou12|move: Tailwind\n|move|p1b: Rotom|Volt Switch|p2a: Dragonite\n|-damage|p2a: Dragonite|83\/100\n|\n|t:|1683310031\n|switch|p1b: Great Tusk|Great Tusk, L50|100\/100|[from] Volt Switch\n|\n|upkeep\n|turn|4\n|\n|t:|1683310047\n|-terastallize|p2a: Dragonite|Flying\n|move|p1a: Drifblim|Acrobatics|p2b: Orthworm\n|-resisted|p2b: Orthworm\n|-damage|p2b: Orthworm|59\/100\n|move|p1b: Great Tusk|Ice Spinner|p2a: Dragonite\n|-supereffective|p2a: Dragonite\n|-damage|p2a: Dragonite|19\/100\n|-fieldend|move: Psychic Terrain\n|move|p2a: Dragonite|Tera Blast|p1a: Drifblim\n|-damage|p1a: Drifblim|0 fnt\n|faint|p1a: Drifblim\n|move|p2b: Orthworm|Shed Tail|p2b: Orthworm\n|-start|p2b: Orthworm|Substitute|[from] move: Shed Tail\n|-damage|p2b: Orthworm|9\/100\n|\n|t:|1683310060\n|switch|p2b: Chi-Yu|Chi-Yu, L50|100\/100|[from] Shed Tail\n|-ability|p2b: Chi-Yu|Beads of Ruin\n|\n|upkeep\n|\n|t:|1683310063\n|switch|p1a: Rotom|Rotom-Fan, L50|100\/100\n|turn|5\n|\n|t:|1683310087\n|move|p2a: Dragonite|Extreme Speed|p1a: Rotom\n|-damage|p1a: Rotom|57\/100\n|move|p1a: Rotom|Discharge|p2a: Dragonite|[spread] p2a,p2b\n|-immune|p1b: Great Tusk\n|-end|p2b: Chi-Yu|Substitute\n|-supereffective|p2a: Dragonite\n|-damage|p2a: Dragonite|0 fnt\n|faint|p2a: Dragonite\n|move|p1b: Great Tusk|Earthquake|p2b: Chi-Yu|[spread] p2b\n|-immune|p1a: Rotom\n|-supereffective|p2b: Chi-Yu\n|-damage|p2b: Chi-Yu|0 fnt\n|faint|p2b: Chi-Yu\n|\n|upkeep\n|\n|t:|1683310100\n|switch|p2b: Orthworm|Orthworm, L50, F|9\/100\n|switch|p2a: Ting-Lu|Ting-Lu, L50|78\/100\n|-ability|p2a: Ting-Lu|Vessel of Ruin\n|turn|6\n|\n|t:|1683310110\n|move|p2b: Orthworm|Helping Hand|p2a: Ting-Lu\n|-singleturn|p2a: Ting-Lu|Helping Hand|[of] p2b: Orthworm\n|move|p1a: Rotom|Protect|p1a: Rotom\n|-singleturn|p1a: Rotom|Protect\n|move|p1b: Great Tusk|Iron Head|p2b: Orthworm\n|-resisted|p2b: Orthworm\n|-damage|p2b: Orthworm|0 fnt\n|faint|p2b: Orthworm\n|move|p2a: Ting-Lu|Payback|p1a: Rotom\n|-activate|p1a: Rotom|move: Protect\n|\n|-sideend|p1: LeafeonLou12|move: Tailwind\n|upkeep\n|turn|7\n|\n|t:|1683310122\n|move|p1a: Rotom|Air Slash|p2a: Ting-Lu\n|-damage|p2a: Ting-Lu|55\/100\n|move|p1b: Great Tusk|Close Combat|p2a: Ting-Lu\n|-supereffective|p2a: Ting-Lu\n|-damage|p2a: Ting-Lu|0 fnt\n|-unboost|p1b: Great Tusk|def|1\n|-unboost|p1b: Great Tusk|spd|1\n|faint|p2a: Ting-Lu\n|\n|win|LeafeonLou12\n|raw|LeafeonLou12's rating: 1229 → 1254<\/strong> (+25 for winning)\n|raw|OznerolVGC's rating: 1234 → 1209<\/strong> (-25 for losing)\n|l| Lucrezia_Sgr\n","uploadtime":1683310133,"views":7,"p1id":"leafeonlou12","p2id":"oznerolvgc","formatid":"gen9vgc2023regulationc","rating":1209,"private":0,"password":""}