{"id":"gen9vgc2023regulationc-1849446683","p1":"gooseiq","p2":"Henry80825","format":"[Gen 9] VGC 2023 Regulation C","log":"|j|\u2606gooseiq\n|j|\u2606Henry80825\n|t:|1682199450\n|gametype|doubles\n|player|p1|gooseiq|harlequin|1148\n|player|p2|Henry80825|169|1213\n|teamsize|p1|6\n|teamsize|p2|6\n|gen|9\n|tier|[Gen 9] VGC 2023 Regulation C\n|rated|\n|rule|Species Clause: Limit one of each Pok\u00e9mon\n|rule|Item Clause: Limit one of each item\n|clearpoke\n|poke|p1|Amoonguss, L50, F|\n|poke|p1|Flutter Mane, L50|\n|poke|p1|Murkrow, L50, F|\n|poke|p1|Glimmora, L50, M|\n|poke|p1|Baxcalibur, L50, F|\n|poke|p1|Great Tusk, L50|\n|poke|p2|Arcanine, L50, M|\n|poke|p2|Baxcalibur, L50, M|\n|poke|p2|Flutter Mane, L50|\n|poke|p2|Amoonguss, L50, M|\n|poke|p2|Ting-Lu, L50|\n|poke|p2|Palafin, L50, M|\n|teampreview|4\n|inactive|Battle timer is ON: inactive players will automatically lose when time's up. (requested by gooseiq)\ngooseiq has agreed to open team sheets.\n|\n|t:|1682199473\n|start\n|switch|p1a: Murkrow|Murkrow, L50, F|100\/100\n|switch|p1b: Glimmora|Glimmora, L50, M|100\/100\n|switch|p2a: Flutter Mane|Flutter Mane, L50|100\/100\n|switch|p2b: Palafin|Palafin, L50, M|100\/100\n|turn|1\n|\n|t:|1682199487\n|-terastallize|p1b: Glimmora|Grass\n|move|p1a: Murkrow|Tailwind|p1a: Murkrow\n|-sidestart|p1: gooseiq|move: Tailwind\n|move|p1b: Glimmora|Mortal Spin|p2b: Palafin|[spread] p2a,p2b\n|-damage|p2a: Flutter Mane|92\/100\n|-damage|p2b: Palafin|96\/100\n|-status|p2a: Flutter Mane|psn\n|-status|p2b: Palafin|psn\n|move|p2a: Flutter Mane|Dazzling Gleam|p1b: Glimmora|[spread] p1a,p1b\n|-supereffective|p1a: Murkrow\n|-damage|p1a: Murkrow|0 fnt\n|-damage|p1b: Glimmora|72\/100\n|faint|p1a: Murkrow\n|move|p2b: Palafin|Wave Crash|p1b: Glimmora\n|-resisted|p1b: Glimmora\n|-damage|p1b: Glimmora|48\/100\n|-activate|p1b: Glimmora|ability: Toxic Debris\n|-sidestart|p2: Henry80825|move: Toxic Spikes\n|-damage|p2b: Palafin|88\/100 psn|[from] Recoil\n|\n|-damage|p2a: Flutter Mane|80\/100 psn|[from] psn\n|-damage|p2b: Palafin|76\/100 psn|[from] psn\n|upkeep\n|\n|t:|1682199511\n|switch|p1a: Baxcalibur|Baxcalibur, L50, F|100\/100\n|turn|2\n|\n|t:|1682199533\n|detailschange|p2b: Palafin|Palafin-Hero, L50, M\n|switch|p2b: Amoonguss|Amoonguss, L50, M|100\/100\n|-sideend|p2: Henry80825|move: Toxic Spikes|[of] p2b: Amoonguss\n|move|p1a: Baxcalibur|Protect|p1a: Baxcalibur\n|-singleturn|p1a: Baxcalibur|Protect\n|move|p1b: Glimmora|Earth Power|p2a: Flutter Mane\n|-damage|p2a: Flutter Mane|50\/100 psn\n|move|p2a: Flutter Mane|Dazzling Gleam|p1a: Baxcalibur|[spread] p1b\n|-activate|p1a: Baxcalibur|move: Protect\n|-damage|p1b: Glimmora|16\/100\n|\n|-damage|p2a: Flutter Mane|38\/100 psn|[from] psn\n|upkeep\n|turn|3\n|inactive|gooseiq has 30 seconds left.\n|inactive|gooseiq has 20 seconds left.\n|\n|t:|1682199568\n|-terastallize|p2b: Amoonguss|Water\n|move|p2b: Amoonguss|Rage Powder|p2b: Amoonguss\n|-singleturn|p2b: Amoonguss|move: Rage Powder\n|move|p1b: Glimmora|Sludge Bomb|p2a: Flutter Mane\n|-damage|p2a: Flutter Mane|0 fnt\n|faint|p2a: Flutter Mane\n|-end|p2a: Flutter Mane|Protosynthesis|[silent]\n|move|p1a: Baxcalibur|Icicle Crash|p2b: Amoonguss\n|-resisted|p2b: Amoonguss\n|-damage|p2b: Amoonguss|79\/100\n|\n|upkeep\n|\n|t:|1682199582\n|switch|p2a: Arcanine|Arcanine, L50, M|100\/100\n|-ability|p2a: Arcanine|Intimidate|boost\n|-fail|p1a: Baxcalibur|unboost|[from] item: Clear Amulet|[of] p1a: Baxcalibur\n|-unboost|p1b: Glimmora|atk|1\n|turn|4\n|\n|t:|1682199592\n|switch|p2b: Palafin|Palafin-Hero, L50, M|76\/100 psn\n|-activate|p2b: Palafin|ability: Zero to Hero\n|move|p1a: Baxcalibur|Protect|p1a: Baxcalibur\n|-singleturn|p1a: Baxcalibur|Protect\n|move|p1b: Glimmora|Mortal Spin|p2b: Palafin|[spread] p2a,p2b\n|-damage|p2a: Arcanine|97\/100\n|-damage|p2b: Palafin|74\/100 psn\n|-status|p2a: Arcanine|psn\n|move|p2a: Arcanine|Howl|p2a: Arcanine|[spread] p2a,p2b\n|-boost|p2a: Arcanine|atk|1\n|-boost|p2b: Palafin|atk|1\n|\n|-damage|p2a: Arcanine|85\/100 psn|[from] psn\n|-damage|p2b: Palafin|62\/100 psn|[from] psn\n|-sideend|p1: gooseiq|move: Tailwind\n|upkeep\n|turn|5\n|\n|t:|1682199614\n|move|p2b: Palafin|Protect|p2b: Palafin\n|-singleturn|p2b: Palafin|Protect\n|move|p2a: Arcanine|Howl|p2a: Arcanine|[spread] p2a,p2b\n|-boost|p2a: Arcanine|atk|1\n|-boost|p2b: Palafin|atk|1\n|move|p1b: Glimmora|Earth Power|p2b: Palafin\n|-activate|p2b: Palafin|move: Protect\n|move|p1a: Baxcalibur|Glaive Rush|p2b: Palafin\n|-activate|p2b: Palafin|move: Protect\n|\n|-damage|p2a: Arcanine|73\/100 psn|[from] psn\n|-damage|p2b: Palafin|50\/100 psn|[from] psn\n|upkeep\n|turn|6\n|\n|t:|1682199633\n|move|p1a: Baxcalibur|Protect|p1a: Baxcalibur\n|-singleturn|p1a: Baxcalibur|Protect\n|move|p2b: Palafin|Jet Punch|p1a: Baxcalibur\n|-activate|p1a: Baxcalibur|move: Protect\n|move|p2a: Arcanine|Flare Blitz|p1a: Baxcalibur\n|-activate|p1a: Baxcalibur|move: Protect\n|move|p1b: Glimmora|Earth Power|p2b: Palafin\n|-damage|p2b: Palafin|20\/100 psn\n|\n|-damage|p2a: Arcanine|61\/100 psn|[from] psn\n|-damage|p2b: Palafin|8\/100 psn|[from] psn\n|upkeep\n|turn|7\n|\n|t:|1682199654\n|move|p2b: Palafin|Jet Punch|p1a: Baxcalibur\n|-resisted|p1a: Baxcalibur\n|-damage|p1a: Baxcalibur|61\/100\n|move|p1a: Baxcalibur|Ice Shard|p2b: Palafin\n|-resisted|p2b: Palafin\n|-damage|p2b: Palafin|0 fnt\n|faint|p2b: Palafin\n|move|p2a: Arcanine|Flare Blitz|p1a: Baxcalibur\n|-damage|p1a: Baxcalibur|0 fnt\n|faint|p1a: Baxcalibur\n|-damage|p2a: Arcanine|36\/100 psn|[from] Recoil\n|move|p1b: Glimmora|Earth Power|p2a: Arcanine\n|-supereffective|p2a: Arcanine\n|-damage|p2a: Arcanine|0 fnt\n|faint|p2a: Arcanine\n|\n|upkeep\n|\n|t:|1682199671\n|switch|p2b: Amoonguss|Amoonguss, L50, M, tera:Water|100\/100\n|switch|p1a: Great Tusk|Great Tusk, L50, shiny|100\/100\n|turn|8\n|inactive|gooseiq has 30 seconds left.\n|\n|t:|1682199705\n|move|p1a: Great Tusk|Headlong Rush|p2b: Amoonguss\n|-damage|p2b: Amoonguss|36\/100\n|-unboost|p1a: Great Tusk|def|1\n|-unboost|p1a: Great Tusk|spd|1\n|-enditem|p2b: Amoonguss|Sitrus Berry|[eat]\n|-heal|p2b: Amoonguss|61\/100|[from] item: Sitrus Berry\n|-damage|p1a: Great Tusk|91\/100|[from] item: Life Orb\n|move|p1b: Glimmora|Power Gem|p2b: Amoonguss\n|-damage|p2b: Amoonguss|25\/100\n|move|p2b: Amoonguss|Pollen Puff|p1b: Glimmora\n|-supereffective|p1b: Glimmora\n|-damage|p1b: Glimmora|0 fnt\n|faint|p1b: Glimmora\n|\n|upkeep\n|turn|9\n|\n|t:|1682199720\n|move|p1a: Great Tusk|Earthquake|p2b: Amoonguss\n|-damage|p2b: Amoonguss|0 fnt\n|faint|p2b: Amoonguss\n|-damage|p1a: Great Tusk|81\/100|[from] item: Life Orb\n|\n|win|gooseiq\n|raw|gooseiq's rating: 1148 → 1178<\/strong> (+30 for winning)\n|raw|Henry80825's rating: 1213 → 1183<\/strong> (-30 for losing)\n|l|\u2606Henry80825\n|l|\u2606gooseiq\n|j|\u2606gooseiq\n|player|p1|gooseiq|harlequin\n","uploadtime":1682199733,"views":13,"p1id":"gooseiq","p2id":"henry80825","formatid":"gen9vgc2023regulationc","rating":1178,"private":0,"password":""}