{"id":"gen9vgc2023regulationc-1854977743","p1":"DankestDad","p2":"CopaVGC","format":"[Gen 9] VGC 2023 Regulation C","log":"|j|\u2606DankestDad\n|j|\u2606CopaVGC\n|t:|1682887057\n|gametype|doubles\n|player|p1|DankestDad|170|\n|player|p2|CopaVGC|boarder|\n|teamsize|p1|6\n|teamsize|p2|6\n|gen|9\n|tier|[Gen 9] VGC 2023 Regulation C\n|rule|Species Clause: Limit one of each Pok\u00e9mon\n|rule|Item Clause: Limit one of each item\n|clearpoke\n|poke|p1|Baxcalibur, L50, M|\n|poke|p1|Chi-Yu, L50|\n|poke|p1|Ting-Lu, L50|\n|poke|p1|Flutter Mane, L50|\n|poke|p1|Gyarados, L50, F|\n|poke|p1|Amoonguss, L50, M|\n|poke|p2|Drednaw, L50, F|\n|poke|p2|Dragonite, L50, M|\n|poke|p2|Tatsugiri, L50, M|\n|poke|p2|Dondozo, L50, F|\n|poke|p2|Pelipper, L50, F|\n|poke|p2|Chien-Pao, L50|\n|teampreview|4\nCopaVGC has agreed to open team sheets.\n|j| gimmelamp\n|j| danthem\nDankestDad has agreed to open team sheets.\n|c|\u2606DankestDad|gl hf\n|c|\u2606CopaVGC|glhf!\n|\n|t:|1682887174\n|start\n|switch|p1a: Flutter Mane|Flutter Mane, L50|100\/100\n|switch|p1b: Gyarados|Gyarados, L50, F|100\/100\n|switch|p2a: Dondozo|Dondozo, L50, F|100\/100\n|switch|p2b: Pelipper|Pelipper, L50, F|100\/100\n|-ability|p1b: Gyarados|Intimidate|boost\n|-unboost|p2a: Dondozo|atk|1\n|-unboost|p2b: Pelipper|atk|1\n|-weather|RainDance|[from] ability: Drizzle|[of] p2b: Pelipper\n|-enditem|p1a: Flutter Mane|Booster Energy\n|-activate|p1a: Flutter Mane|ability: Protosynthesis|[fromitem]\n|-start|p1a: Flutter Mane|protosynthesisspe\n|turn|1\n|inactive|Battle timer is ON: inactive players will automatically lose when time's up. (requested by DankestDad)\n|inactive|DankestDad has 60 seconds left.\n|inactive|CopaVGC has 60 seconds left.\n|\n|t:|1682887225\n|switch|p2b: Tatsugiri|Tatsugiri, L50, M|100\/100\n|-activate|p2b: Tatsugiri|ability: Commander|[of] p2a: Dondozo\n|-boost|p2a: Dondozo|atk|2\n|-boost|p2a: Dondozo|spa|2\n|-boost|p2a: Dondozo|spe|2\n|-boost|p2a: Dondozo|def|2\n|-boost|p2a: Dondozo|spd|2\n|move|p1a: Flutter Mane|Moonblast|p2a: Dondozo\n|-damage|p2a: Dondozo|76\/100\n|-unboost|p2a: Dondozo|spa|1\n|move|p1b: Gyarados|Thunder Wave|p2a: Dondozo\n|-status|p2a: Dondozo|par\n|move|p2a: Dondozo|Surf|p1b: Gyarados|[spread] p1a,p1b\n|-miss|p2a: Dondozo|p2b: Tatsugiri\n|-resisted|p1b: Gyarados\n|-damage|p1a: Flutter Mane|54\/100\n|-damage|p1b: Gyarados|82\/100\n|-damage|p2a: Dondozo|66\/100 par|[from] item: Life Orb\n|\n|-weather|RainDance|[upkeep]\n|upkeep\n|turn|2\n|inactive|DankestDad has 30 seconds left.\n|inactive|CopaVGC has 30 seconds left.\n|inactive|CopaVGC has 20 seconds left.\n|\n|t:|1682887262\n|move|p1a: Flutter Mane|Protect|p1a: Flutter Mane\n|-singleturn|p1a: Flutter Mane|Protect\n|move|p2a: Dondozo|Protect|p2a: Dondozo\n|-singleturn|p2a: Dondozo|Protect\n|move|p1b: Gyarados|Taunt|p2a: Dondozo\n|-activate|p2a: Dondozo|move: Protect\n|\n|-weather|RainDance|[upkeep]\n|upkeep\n|turn|3\n|\n|t:|1682887279\n|-end|p1a: Flutter Mane|Protosynthesis|[silent]\n|switch|p1a: Amoonguss|Amoonguss, L50, M|100\/100\n|move|p1b: Gyarados|Taunt|p2a: Dondozo\n|-start|p2a: Dondozo|move: Taunt\n|cant|p2a: Dondozo|par\n|\n|-weather|RainDance|[upkeep]\n|upkeep\n|turn|4\n|inactive|DankestDad has 30 seconds left.\n|inactive|CopaVGC has 30 seconds left.\n|inactive|CopaVGC has 20 seconds left.\n|inactive|CopaVGC has 15 seconds left.\n|inactive|CopaVGC has 10 seconds left.\n|\n|t:|1682887329\n|move|p1b: Gyarados|Waterfall|p2a: Dondozo\n|-resisted|p2a: Dondozo\n|-damage|p2a: Dondozo|60\/100 par\n|cant|p2a: Dondozo|flinch\n|move|p1a: Amoonguss|Pollen Puff|p1b: Gyarados\n|-heal|p1b: Gyarados|100\/100\n|\n|-weather|RainDance|[upkeep]\n|upkeep\n|turn|5\n|\n|t:|1682887343\n|-terastallize|p2a: Dondozo|Water\n|move|p1b: Gyarados|Waterfall|p2a: Dondozo\n|-resisted|p2a: Dondozo\n|-damage|p2a: Dondozo|54\/100 par\n|move|p2a: Dondozo|Surf|p1a: Amoonguss|[spread] p1a,p1b\n|-miss|p2a: Dondozo|p2b: Tatsugiri\n|-resisted|p1a: Amoonguss\n|-resisted|p1b: Gyarados\n|-damage|p1a: Amoonguss|73\/100\n|-damage|p1b: Gyarados|74\/100\n|-damage|p2a: Dondozo|44\/100 par|[from] item: Life Orb\n|move|p1a: Amoonguss|Pollen Puff|p2a: Dondozo\n|-damage|p2a: Dondozo|36\/100 par\n|\n|-weather|RainDance|[upkeep]\n|-end|p2a: Dondozo|move: Taunt\n|upkeep\n|turn|6\n|inactive|DankestDad has 30 seconds left.\n|inactive|CopaVGC has 30 seconds left.\n|\n|t:|1682887368\n|move|p1b: Gyarados|Waterfall|p2a: Dondozo\n|-resisted|p2a: Dondozo\n|-damage|p2a: Dondozo|29\/100 par\n|move|p2a: Dondozo|Surf|p1b: Gyarados|[spread] p1a,p1b\n|-miss|p2a: Dondozo|p2b: Tatsugiri\n|-resisted|p1a: Amoonguss\n|-resisted|p1b: Gyarados\n|-damage|p1a: Amoonguss|46\/100\n|-damage|p1b: Gyarados|51\/100\n|-enditem|p1a: Amoonguss|Sitrus Berry|[eat]\n|-heal|p1a: Amoonguss|70\/100|[from] item: Sitrus Berry\n|-damage|p2a: Dondozo|20\/100 par|[from] item: Life Orb\n|move|p1a: Amoonguss|Pollen Puff|p1b: Gyarados\n|-heal|p1b: Gyarados|100\/100\n|\n|-weather|RainDance|[upkeep]\n|upkeep\n|turn|7\n|\n|t:|1682887387\n|move|p1a: Amoonguss|Protect|p1a: Amoonguss\n|-singleturn|p1a: Amoonguss|Protect\n|move|p1b: Gyarados|Waterfall|p2a: Dondozo\n|-resisted|p2a: Dondozo\n|-damage|p2a: Dondozo|14\/100 par\n|cant|p2a: Dondozo|par\n|\n|-weather|RainDance|[upkeep]\n|upkeep\n|turn|8\n|\n|t:|1682887417\n|move|p1a: Amoonguss|Protect||[still]\n|-fail|p1a: Amoonguss\n|move|p1b: Gyarados|Waterfall|p2a: Dondozo\n|-resisted|p2a: Dondozo\n|-damage|p2a: Dondozo|7\/100 par\n|cant|p2a: Dondozo|par\n|\n|-weather|none\n|upkeep\n|turn|9\n|inactive|DankestDad has 30 seconds left.\n|\n|t:|1682887443\n|cant|p2a: Dondozo|par\n|move|p1b: Gyarados|Waterfall|p2a: Dondozo\n|-resisted|p2a: Dondozo\n|-damage|p2a: Dondozo|3\/100 par\n|move|p1a: Amoonguss|Pollen Puff|p1b: Gyarados\n|-immune|p1b: Gyarados\n|\n|upkeep\n|turn|10\n|\n|t:|1682887457\n|move|p1b: Gyarados|Waterfall|p2a: Dondozo\n|-resisted|p2a: Dondozo\n|-damage|p2a: Dondozo|0 fnt\n|faint|p2a: Dondozo\n|move|p1a: Amoonguss|Spore|p2b: Tatsugiri\n|-status|p2b: Tatsugiri|slp|[from] move: Spore\n|\n|upkeep\n|\n|t:|1682887464\n|switch|p2a: Pelipper|Pelipper, L50, F|100\/100\n|-weather|RainDance|[from] ability: Drizzle|[of] p2a: Pelipper\n|turn|11\n|inactive|DankestDad has 30 seconds left.\n|inactive|CopaVGC has 30 seconds left.\n|inactive|DankestDad has 20 seconds left.\n|inactive|CopaVGC has 20 seconds left.\n|inactive|DankestDad has 15 seconds left.\n|inactive|CopaVGC has 15 seconds left.\n|inactive|DankestDad has 10 seconds left.\n|\n|t:|1682887510\n|switch|p1a: Ting-Lu|Ting-Lu, L50|100\/100\n|-ability|p1a: Ting-Lu|Vessel of Ruin\n|move|p2a: Pelipper|Protect|p2a: Pelipper\n|-singleturn|p2a: Pelipper|Protect\n|cant|p2b: Tatsugiri|slp\n|move|p1b: Gyarados|Thunder Wave|p2a: Pelipper\n|-activate|p2a: Pelipper|move: Protect\n|\n|-weather|RainDance|[upkeep]\n|upkeep\n|turn|12\n|inactive|CopaVGC has 30 seconds left.\n|\n|t:|1682887544\n|-terastallize|p1a: Ting-Lu|Water\n|cant|p2b: Tatsugiri|slp\n|move|p1b: Gyarados|Thunder Wave|p2a: Pelipper\n|-status|p2a: Pelipper|par\n|move|p1a: Ting-Lu|Ruination|p2b: Tatsugiri\n|-damage|p2b: Tatsugiri|51\/100 slp\n|move|p2a: Pelipper|Hydro Pump|p1a: Ting-Lu\n|-resisted|p1a: Ting-Lu\n|-damage|p1a: Ting-Lu|91\/100\n|\n|-weather|RainDance|[upkeep]\n|upkeep\n|turn|13\n|c|\u2606CopaVGC|Bedge\n|inactive|DankestDad has 30 seconds left.\n|inactive|CopaVGC has 30 seconds left.\n|inactive|CopaVGC has 20 seconds left.\n|\n|t:|1682887588\n|switch|p2b: Dragonite|Dragonite, L50, M|100\/100\n|cant|p2a: Pelipper|par\n|move|p1b: Gyarados|Taunt|p2a: Pelipper\n|-start|p2a: Pelipper|move: Taunt\n|move|p1a: Ting-Lu|Stomping Tantrum|p2b: Dragonite\n|-immune|p2b: Dragonite\n|\n|-weather|RainDance|[upkeep]\n|upkeep\n|turn|14\n|inactive|DankestDad has 30 seconds left.\n|inactive|CopaVGC has 30 seconds left.\n|inactive|CopaVGC has 20 seconds left.\n|inactive|CopaVGC has 15 seconds left.\n|\n|t:|1682887632\n|move|p2b: Dragonite|Thunder Punch|p1a: Ting-Lu\n|-supereffective|p1a: Ting-Lu\n|-damage|p1a: Ting-Lu|58\/100\n|move|p1b: Gyarados|Thunder Wave|p2b: Dragonite\n|-status|p2b: Dragonite|par\n|-enditem|p2b: Dragonite|Lum Berry|[eat]\n|-curestatus|p2b: Dragonite|par|[msg]\n|move|p1a: Ting-Lu|Ruination|p2b: Dragonite\n|-damage|p2b: Dragonite|50\/100\n|move|p2a: Pelipper|Hurricane|p1a: Ting-Lu\n|-damage|p1a: Ting-Lu|46\/100\n|\n|-weather|RainDance|[upkeep]\n|upkeep\n|turn|15\n|inactive|CopaVGC has 30 seconds left.\n|inactive|CopaVGC has 20 seconds left.\n|inactive|CopaVGC has 15 seconds left.\n|\n|t:|1682887673\n|switch|p1a: Amoonguss|Amoonguss, L50, M|70\/100\n|move|p2b: Dragonite|Thunder Punch|p1a: Amoonguss\n|-resisted|p1a: Amoonguss\n|-damage|p1a: Amoonguss|60\/100\n|move|p1b: Gyarados|Thunder Wave|p2b: Dragonite\n|-status|p2b: Dragonite|par\n|move|p2a: Pelipper|Hurricane|p1b: Gyarados\n|-damage|p1b: Gyarados|72\/100\n|\n|-weather|RainDance|[upkeep]\n|upkeep\n|turn|16\n|inactive|CopaVGC has 30 seconds left.\n|inactive|DankestDad has 30 seconds left.\n|inactive|CopaVGC has 20 seconds left.\n|\n|t:|1682887701\n|switch|p1b: Flutter Mane|Flutter Mane, L50|54\/100\n|move|p1a: Amoonguss|Rage Powder|p1a: Amoonguss\n|-singleturn|p1a: Amoonguss|move: Rage Powder\n|move|p2b: Dragonite|Thunder Punch|p1a: Amoonguss\n|-resisted|p1a: Amoonguss\n|-damage|p1a: Amoonguss|49\/100\n|move|p2a: Pelipper|Hurricane|p1a: Amoonguss\n|-supereffective|p1a: Amoonguss\n|-crit|p1a: Amoonguss\n|-damage|p1a: Amoonguss|0 fnt\n|faint|p1a: Amoonguss\n|\n|-weather|RainDance|[upkeep]\n|-end|p2a: Pelipper|move: Taunt\n|upkeep\n|inactive|CopaVGC has 20 seconds left this turn.\n|\n|t:|1682887713\n|switch|p1a: Gyarados|Gyarados, L50, F|72\/100\n|-ability|p1a: Gyarados|Intimidate|boost\n|-unboost|p2a: Pelipper|atk|1\n|-fail|p2b: Dragonite|unboost|Attack|[from] ability: Inner Focus|[of] p2b: Dragonite\n|turn|17\n|inactive|CopaVGC has 20 seconds left this turn.\n|inactive|CopaVGC has 15 seconds left.\n|inactive|CopaVGC has 10 seconds left.\n|inactive|CopaVGC has 5 seconds left.\n|-message|CopaVGC lost due to inactivity.\n|\n|win|DankestDad\n|c|\u2606DankestDad|gg\n","uploadtime":1682887738,"views":7,"p1id":"dankestdad","p2id":"copavgc","formatid":"gen9vgc2023regulationc","rating":0,"private":0,"password":""}