{"id":"gen9vgc2023regulationc-1861508395","p1":"pokeway96","p2":"DaGreedent+","format":"[Gen 9] VGC 2023 Regulation C","log":"|j|\u2606pokeway96\n|j|\u2606DaGreedent+\n|t:|1683766553\n|gametype|doubles\n|player|p1|pokeway96|leon-masters|\n|player|p2|DaGreedent+|hilbert|\n|teamsize|p1|6\n|teamsize|p2|6\n|gen|9\n|tier|[Gen 9] VGC 2023 Regulation C\n|rated|Tournament battle\n|rule|Species Clause: Limit one of each Pok\u00e9mon\n|rule|Item Clause: Limit one of each item\n|clearpoke\n|poke|p1|Flutter Mane, L50|\n|poke|p1|Chi-Yu, L50|\n|poke|p1|Gyarados, L50, M|\n|poke|p1|Ting-Lu, L50|\n|poke|p1|Iron Hands, L50|\n|poke|p1|Amoonguss, L50, M|\n|poke|p2|Glimmora, L50, F|\n|poke|p2|Annihilape, L50, M|\n|poke|p2|Dondozo, L50, F|\n|poke|p2|Ting-Lu, L50|\n|poke|p2|Tatsugiri, L50, M|\n|poke|p2|Skwovet, L50, M|\n|teampreview|4\n|raw| Open Team Sheet for pokeway96<\/summary>Flutter Mane @ Booster Energy Ability: Protosynthesis Level: 50 Tera Type: Fairy - Moonblast - Shadow Ball - Substitute - Protect Chi-Yu @ Safety Goggles Ability: Beads of Ruin Level: 50 Tera Type: Water - Heat Wave - Dark Pulse - Nasty Plot - Protect Gyarados (M) @ Aguav Berry Ability: Intimidate Level: 50 Shiny: Yes Tera Type: Fairy - Waterfall - Thunder Wave - Taunt - Protect Ting-Lu @ Leftovers Ability: Vessel of Ruin Level: 50 Tera Type: Water - Stomping Tantrum - Ruination - Heavy Slam - Protect Iron Hands @ Assault Vest Ability: Quark Drive Level: 50 Tera Type: Grass - Drain Punch - Wild Charge - Volt Switch - Fake Out Amoonguss (M) @ Sitrus Berry Ability: Regenerator Level: 50 Shiny: Yes Tera Type: Water - Pollen Puff - Rage Powder - Spore - Clear Smog <\/details><\/div> Open Team Sheet for DaGreedent+<\/summary>Glimmora @ Focus Sash Ability: Toxic Debris Level: 50 Tera Type: Flying - Mortal Spin - Sludge Bomb - Power Gem - Spiky Shield Annihilape @ Choice Scarf Ability: Defiant Level: 50 Tera Type: Fire - Final Gambit - Shadow Claw - Close Combat - Fire Punch Dondozo @ Chesto Berry Ability: Unaware Level: 50 Shiny: Yes Tera Type: Steel - Rest - Earthquake - Order Up - Sleep Talk ARGHHHHHH (Ting-Lu) @ Assault Vest Ability: Vessel of Ruin Level: 50 Tera Type: Poison - Heavy Slam - Rock Slide - Stomping Tantrum - Fissure Tatsugiri @ Choice Specs Ability: Commander Level: 50 Shiny: Yes Tera Type: Ghost - Draco Meteor - Muddy Water - Tera Blast - Icy Wind Bestest Boy (Skwovet) (M) @ Eviolite Ability: Cheek Pouch Level: 50 Shiny: Yes Tera Type: Flying - Substitute - Protect - Mud Shot - Super Fang <\/details><\/div>\n|inactive|Battle timer is ON: inactive players will automatically lose when time's up. (requested by DaGreedent+)\n|j| Tsutox\n|j| OxidisedBoron\n|\n|t:|1683766574\n|start\n|switch|p1a: Amoonguss|Amoonguss, L50, M, shiny|100\/100\n|switch|p1b: Flutter Mane|Flutter Mane, L50|100\/100\n|switch|p2a: Glimmora|Glimmora, L50, F|100\/100\n|switch|p2b: Annihilape|Annihilape, L50, M|100\/100\n|-enditem|p1b: Flutter Mane|Booster Energy\n|-activate|p1b: Flutter Mane|ability: Protosynthesis|[fromitem]\n|-start|p1b: Flutter Mane|protosynthesisspa\n|turn|1\n|j| jf168\n|j| Radio Free C-Side\n|inactive|DaGreedent+ has 30 seconds left.\n|j| CyborgCrafter\n|inactive|DaGreedent+ has 20 seconds left.\n|c| CyborgCrafter|skwovet???\n|j| Lynarto\n|inactive|DaGreedent+ has 15 seconds left.\n|inactive|DaGreedent+ has 10 seconds left.\n|inactive|DaGreedent+ has 5 seconds left.\n|\n|t:|1683766628\n|move|p2a: Glimmora|Spiky Shield|p2a: Glimmora\n|-singleturn|p2a: Glimmora|move: Protect\n|move|p1a: Amoonguss|Rage Powder|p1a: Amoonguss\n|-singleturn|p1a: Amoonguss|move: Rage Powder\n|move|p2b: Annihilape|Shadow Claw|p1a: Amoonguss\n|-damage|p1a: Amoonguss|79\/100\n|move|p1b: Flutter Mane|Substitute|p1b: Flutter Mane\n|-start|p1b: Flutter Mane|Substitute\n|-damage|p1b: Flutter Mane|76\/100\n|\n|upkeep\n|turn|2\n|c| CyborgCrafter|shadow claw :O\n|\n|t:|1683766639\n|move|p1b: Flutter Mane|Protect|p1b: Flutter Mane\n|-singleturn|p1b: Flutter Mane|Protect\n|move|p2b: Annihilape|Shadow Claw|p1b: Flutter Mane\n|-activate|p1b: Flutter Mane|move: Protect\n|move|p2a: Glimmora|Sludge Bomb|p1b: Flutter Mane\n|-activate|p1b: Flutter Mane|move: Protect\n|move|p1a: Amoonguss|Spore|p2a: Glimmora\n|-status|p2a: Glimmora|slp|[from] move: Spore\n|\n|upkeep\n|turn|3\n|c| OxidisedBoron|skwovet!!\n|\n|t:|1683766651\n|move|p1a: Amoonguss|Rage Powder|p1a: Amoonguss\n|-singleturn|p1a: Amoonguss|move: Rage Powder\n|move|p2b: Annihilape|Shadow Claw|p1a: Amoonguss\n|-damage|p1a: Amoonguss|56\/100\n|move|p1b: Flutter Mane|Moonblast|p2b: Annihilape\n|-supereffective|p2b: Annihilape\n|-damage|p2b: Annihilape|0 fnt\n|faint|p2b: Annihilape\n|cant|p2a: Glimmora|slp\n|\n|upkeep\n|c| CyborgCrafter|nooooo\n|\n|t:|1683766659\n|switch|p2b: Dondozo|Dondozo, L50, F, shiny|100\/100\n|turn|4\n|c| CyborgCrafter|one of my fav bois\n|\n|t:|1683766667\n|switch|p2a: Tatsugiri|Tatsugiri, L50, M, shiny|100\/100\n|-activate|p2a: Tatsugiri|ability: Commander|[of] p2b: Dondozo\n|-boost|p2b: Dondozo|atk|2\n|-boost|p2b: Dondozo|spa|2\n|-boost|p2b: Dondozo|spe|2\n|-boost|p2b: Dondozo|def|2\n|-boost|p2b: Dondozo|spd|2\n|switch|p1a: Gyarados|Gyarados, L50, M, shiny|100\/100\n|-ability|p1a: Gyarados|Intimidate|boost\n|-unboost|p2a: Tatsugiri|atk|1\n|-unboost|p2b: Dondozo|atk|1\n|-terastallize|p2b: Dondozo|Steel\n|move|p1b: Flutter Mane|Moonblast|p2b: Dondozo\n|-resisted|p2b: Dondozo\n|-damage|p2b: Dondozo|85\/100\n|-unboost|p2b: Dondozo|spa|1\n|move|p2b: Dondozo|Earthquake|p1a: Gyarados|[spread] p1b\n|-miss|p2b: Dondozo|p2a: Tatsugiri\n|-immune|p1a: Gyarados\n|-end|p1b: Flutter Mane|Substitute\n|\n|upkeep\n|turn|5\n|c| CyborgCrafter|dozo\n|c| CyborgCrafter|unleash the feesh\n|\n|t:|1683766689\n|move|p1b: Flutter Mane|Substitute|p1b: Flutter Mane\n|-start|p1b: Flutter Mane|Substitute\n|-damage|p1b: Flutter Mane|52\/100\n|move|p2b: Dondozo|Order Up|p1a: Gyarados\n|-damage|p1a: Gyarados|59\/100\n|-boost|p2b: Dondozo|atk|1\n|move|p1a: Gyarados|Thunder Wave|p2b: Dondozo\n|-status|p2b: Dondozo|par\n|\n|upkeep\n|turn|6\n|\n|t:|1683766696\n|move|p1b: Flutter Mane|Shadow Ball|p2b: Dondozo\n|-damage|p2b: Dondozo|58\/100 par\n|move|p1a: Gyarados|Waterfall|p2b: Dondozo\n|-damage|p2b: Dondozo|46\/100 par\n|move|p2b: Dondozo|Order Up|p1a: Gyarados\n|-damage|p1a: Gyarados|5\/100\n|-enditem|p1a: Gyarados|Aguav Berry|[eat]\n|-heal|p1a: Gyarados|39\/100|[from] item: Aguav Berry\n|-boost|p2b: Dondozo|atk|1\n|\n|upkeep\n|turn|7\n|\n|t:|1683766706\n|move|p1b: Flutter Mane|Shadow Ball|p2b: Dondozo\n|-damage|p2b: Dondozo|17\/100 par\n|move|p1a: Gyarados|Waterfall|p2b: Dondozo\n|-crit|p2b: Dondozo\n|-damage|p2b: Dondozo|0 fnt\n|faint|p2b: Dondozo\n|\n|upkeep\n|\n|t:|1683766714\n|switch|p2b: Glimmora|Glimmora, L50, F|100\/100 slp\n|turn|8\n|\n|t:|1683766735\n|move|p1a: Gyarados|Protect|p1a: Gyarados\n|-singleturn|p1a: Gyarados|Protect\n|move|p1b: Flutter Mane|Moonblast|p2a: Tatsugiri\n|-supereffective|p2a: Tatsugiri\n|-damage|p2a: Tatsugiri|0 fnt\n|faint|p2a: Tatsugiri\n|-curestatus|p2b: Glimmora|slp|[msg]\n|move|p2b: Glimmora|Power Gem|p1b: Flutter Mane\n|-end|p1b: Flutter Mane|Substitute\n|\n|upkeep\n|turn|9\n|\n|t:|1683766746\n|move|p2b: Glimmora|Spiky Shield|p2b: Glimmora\n|-singleturn|p2b: Glimmora|move: Protect\n|move|p1b: Flutter Mane|Shadow Ball|p2b: Glimmora\n|-activate|p2b: Glimmora|move: Protect\n|move|p1a: Gyarados|Waterfall|p2b: Glimmora\n|-activate|p2b: Glimmora|move: Protect\n|-damage|p1a: Gyarados|26\/100|[from] Spiky Shield|[of] p2b: Glimmora\n|\n|upkeep\n|turn|10\n|\n|t:|1683766758\n|move|p1b: Flutter Mane|Shadow Ball|p2b: Glimmora\n|-damage|p2b: Glimmora|9\/100\n|-unboost|p2b: Glimmora|spd|1\n|move|p2b: Glimmora|Power Gem|p1b: Flutter Mane\n|-damage|p1b: Flutter Mane|6\/100\n|move|p1a: Gyarados|Waterfall|p2b: Glimmora\n|-supereffective|p2b: Glimmora\n|-damage|p2b: Glimmora|0 fnt\n|-activate|p2b: Glimmora|ability: Toxic Debris\n|-sidestart|p1: pokeway96|move: Toxic Spikes\n|faint|p2b: Glimmora\n|\n|win|pokeway96\n|n|\u2606pokeway96|pokeway96\n|n|\u2606DaGreedent+|dagreedent\n|n| Tsutox|tsutox\n|n| OxidisedBoron|oxidisedboron\n|n| jf168|jf168\n|n| Radio Free C-Side|radiofreecside\n|n| CyborgCrafter|cyborgcrafter\n|n| Lynarto|lynarto\n","uploadtime":1683766760,"views":12,"p1id":"pokeway96","p2id":"dagreedent","formatid":"gen9vgc2023regulationc","rating":0,"private":0,"password":""}