{"id":"gen9vgc2023regulationc-1862948320","p1":"SuperToad916","p2":"Star_Dragon44","format":"[Gen 9] VGC 2023 Regulation C","log":"|j|\u2606SuperToad916\n|j|\u2606Star_Dragon44\n|t:|1683942476\n|gametype|doubles\n|player|p1|SuperToad916|1|\n|player|p2|Star_Dragon44|hilda-wonderlauncher|\n|teamsize|p1|6\n|teamsize|p2|6\n|gen|9\n|tier|[Gen 9] VGC 2023 Regulation C\n|rule|Species Clause: Limit one of each Pok\u00e9mon\n|rule|Item Clause: Limit one of each item\n|clearpoke\n|poke|p1|Dragonite, L50, M|\n|poke|p1|Toedscruel, L50, F|\n|poke|p1|Torkoal, L50, M|\n|poke|p1|Sylveon, L50, M|\n|poke|p1|Lilligant, L50, F|\n|poke|p1|Kingambit, L50, M|\n|poke|p2|Gyarados, L50, M|\n|poke|p2|Sandy Shocks, L50|\n|poke|p2|Great Tusk, L50|\n|poke|p2|Goodra, L50, F|\n|poke|p2|Scream Tail, L50|\n|poke|p2|Haxorus, L50, F|\n|teampreview|4\n|j| lethalpilot\n|j| CluelessGamer18\nSuperToad916 rejected open team sheets.\n|\n|t:|1683942519\n|start\n|switch|p1a: Torkoal|Torkoal, L50, M|100\/100\n|switch|p1b: Toedscruel|Toedscruel, L50, F|100\/100\n|switch|p2a: Goodra|Goodra, L50, F|100\/100\n|switch|p2b: Great Tusk|Great Tusk, L50|100\/100\n|-weather|SunnyDay|[from] ability: Drought|[of] p1a: Torkoal\n|-activate|p2b: Great Tusk|ability: Protosynthesis\n|-start|p2b: Great Tusk|protosynthesisatk\n|turn|1\n|j| tomciv20\n|\n|t:|1683942595\n|move|p1a: Torkoal|Protect|p1a: Torkoal\n|-singleturn|p1a: Torkoal|Protect\n|move|p2b: Great Tusk|Close Combat|p1a: Torkoal\n|-activate|p1a: Torkoal|move: Protect\n|move|p2a: Goodra|Ice Beam|p1b: Toedscruel\n|-supereffective|p1b: Toedscruel\n|-damage|p1b: Toedscruel|26\/100\n|-enditem|p1b: Toedscruel|Red Card|[of] p2a: Goodra\n|drag|p2a: Gyarados|Gyarados, L50, M|100\/100\n|-ability|p2a: Gyarados|Intimidate|boost\n|-unboost|p1a: Torkoal|atk|1\n|-unboost|p1b: Toedscruel|atk|1\n|move|p1b: Toedscruel|Trick Room|p1b: Toedscruel\n|-fieldstart|move: Trick Room|[of] p1b: Toedscruel\n|\n|-weather|SunnyDay|[upkeep]\n|upkeep\n|turn|2\n|c| lethalpilot|do something\n|\n|t:|1683942640\n|move|p1a: Torkoal|Eruption|p2b: Great Tusk|[spread] p2a,p2b\n|-resisted|p2a: Gyarados\n|-damage|p2a: Gyarados|61\/100\n|-damage|p2b: Great Tusk|0 fnt\n|faint|p2b: Great Tusk\n|-end|p2b: Great Tusk|Protosynthesis|[silent]\n|move|p2a: Gyarados|Icy Wind|p1b: Toedscruel|[spread] p1a,p1b\n|-resisted|p1a: Torkoal\n|-supereffective|p1b: Toedscruel\n|-damage|p1a: Torkoal|97\/100\n|-damage|p1b: Toedscruel|9\/100\n|-unboost|p1a: Torkoal|spe|1\n|-unboost|p1b: Toedscruel|spe|1\n|move|p1b: Toedscruel|Spore|p2a: Gyarados\n|-status|p2a: Gyarados|slp|[from] move: Spore\n|\n|-weather|SunnyDay|[upkeep]\n|upkeep\n|\n|t:|1683942686\n|switch|p2b: Haxorus|Haxorus, L50, F|100\/100\n|-ability|p2b: Haxorus|Mold Breaker\n|turn|3\n|\n|t:|1683942733\n|move|p1a: Torkoal|Protect|p1a: Torkoal\n|-singleturn|p1a: Torkoal|Protect\n|move|p2b: Haxorus|First Impression|p1b: Toedscruel\n|-supereffective|p1b: Toedscruel\n|-damage|p1b: Toedscruel|0 fnt\n|faint|p1b: Toedscruel\n|cant|p2a: Gyarados|slp\n|\n|-weather|SunnyDay|[upkeep]\n|upkeep\n|\n|t:|1683942746\n|switch|p1b: Sylveon|Sylveon, L50, M|100\/100\n|turn|4\n|\n|t:|1683942791\n|-terastallize|p1b: Sylveon|Fairy\n|move|p1a: Torkoal|Eruption|p2a: Gyarados|[spread] p2a,p2b\n|-resisted|p2a: Gyarados\n|-resisted|p2b: Haxorus\n|-damage|p2a: Gyarados|29\/100 slp\n|-damage|p2b: Haxorus|37\/100\n|move|p1b: Sylveon|Hyper Voice|p2a: Gyarados|[spread] p2a,p2b\n|-supereffective|p2b: Haxorus\n|-damage|p2a: Gyarados|0 fnt\n|-damage|p2b: Haxorus|0 fnt\n|faint|p2a: Gyarados\n|faint|p2b: Haxorus\n|-enditem|p1b: Sylveon|Throat Spray\n|-boost|p1b: Sylveon|spa|1|[from] item: Throat Spray\n|\n|-weather|SunnyDay|[upkeep]\n|upkeep\n|\n|t:|1683942808\n|switch|p2a: Goodra|Goodra, L50, F|100\/100\n|turn|5\n|\n|t:|1683942835\n|move|p1a: Torkoal|Eruption|p2a: Goodra\n|-resisted|p2a: Goodra\n|-damage|p2a: Goodra|79\/100\n|move|p1b: Sylveon|Hyper Voice|p2a: Goodra\n|-supereffective|p2a: Goodra\n|-damage|p2a: Goodra|20\/100\n|move|p2a: Goodra|Thunderbolt|p1a: Torkoal\n|-damage|p1a: Torkoal|67\/100\n|\n|-weather|none\n|-fieldend|move: Trick Room\n|upkeep\n|turn|6\n|\n|t:|1683942890\n|move|p2a: Goodra|Ice Beam|p1a: Torkoal\n|-resisted|p1a: Torkoal\n|-damage|p1a: Torkoal|53\/100\n|move|p1b: Sylveon|Sunny Day|p1b: Sylveon\n|-weather|SunnyDay\n|move|p1a: Torkoal|Eruption|p2a: Goodra\n|-resisted|p2a: Goodra\n|-damage|p2a: Goodra|7\/100\n|\n|-weather|SunnyDay|[upkeep]\n|upkeep\n|turn|7\n|\n|t:|1683942907\n|move|p2a: Goodra|Thunderbolt|p1a: Torkoal\n|-damage|p1a: Torkoal|23\/100\n|move|p1b: Sylveon|Hyper Voice|p2a: Goodra\n|-supereffective|p2a: Goodra\n|-damage|p2a: Goodra|0 fnt\n|faint|p2a: Goodra\n|\n|win|SuperToad916\n","uploadtime":1683942922,"views":20,"p1id":"supertoad916","p2id":"stardragon44","formatid":"gen9vgc2023regulationc","rating":0,"private":0,"password":""}