{"id":"gen9vgc2023regulationc-1845175714","p1":"topper31148","p2":"mad skwovet","format":"[Gen 9] VGC 2023 Regulation C","log":"|j|\u2606topper31148\n|j|\u2606mad skwovet\n|t:|1681692607\n|gametype|doubles\n|player|p1|topper31148|2|1258\n|player|p2|mad skwovet|pokemaniac|1320\n|teamsize|p1|6\n|teamsize|p2|6\n|gen|9\n|tier|[Gen 9] VGC 2023 Regulation C\n|rated|\n|rule|Species Clause: Limit one of each Pok\u00e9mon\n|rule|Item Clause: Limit one of each item\n|clearpoke\n|poke|p1|Quaquaval, L50, M|\n|poke|p1|Amoonguss, L50, F|\n|poke|p1|Farigiraf, L50, F|\n|poke|p1|Ting-Lu, L50|\n|poke|p1|Flutter Mane, L50|\n|poke|p1|Gyarados, L50, F|\n|poke|p2|Talonflame, L50, F|\n|poke|p2|Amoonguss, L50, F|\n|poke|p2|Gyarados, L50, F|\n|poke|p2|Tinkaton, L50, F|\n|poke|p2|Great Tusk, L50|\n|poke|p2|Flutter Mane, L50|\n|teampreview|4\ntopper31148 rejected open team sheets.\n|\n|t:|1681692662\n|start\n|switch|p1a: Quaquaval|Quaquaval, L50, M, shiny|100\/100\n|switch|p1b: Amoonguss|Amoonguss, L50, F, shiny|100\/100\n|switch|p2a: Amoonguss|Amoonguss, L50, F|100\/100\n|switch|p2b: Gyarados|Gyarados, L50, F|100\/100\n|-ability|p2b: Gyarados|Intimidate|boost\n|-unboost|p1a: Quaquaval|atk|1\n|-unboost|p1b: Amoonguss|atk|1\n|turn|1\n|\n|t:|1681692706\n|switch|p1a: Flutter Mane|Flutter Mane, L50, shiny|100\/100\n|move|p1b: Amoonguss|Rage Powder|p1b: Amoonguss\n|-singleturn|p1b: Amoonguss|move: Rage Powder\n|move|p2b: Gyarados|Taunt|p1b: Amoonguss\n|-start|p1b: Amoonguss|move: Taunt\n|move|p2a: Amoonguss|Spore|p1a: Flutter Mane\n|-status|p1a: Flutter Mane|slp|[from] move: Spore\n|\n|upkeep\n|turn|2\n|\n|t:|1681692742\n|-end|p1a: Flutter Mane|Protosynthesis|[silent]\n|switch|p1a: Gyarados|Gyarados, L50, F, shiny|100\/100\n|-ability|p1a: Gyarados|Intimidate|boost\n|-unboost|p2a: Amoonguss|atk|1\n|-unboost|p2b: Gyarados|atk|1\n|switch|p2a: Great Tusk|Great Tusk, L50|100\/100\n|move|p2b: Gyarados|Dragon Dance|p2b: Gyarados\n|-boost|p2b: Gyarados|atk|1\n|-boost|p2b: Gyarados|spe|1\n|move|p1b: Amoonguss|Pollen Puff|p1a: Gyarados\n|-immune|p1a: Gyarados\n|\n|upkeep\n|turn|3\n|\n|t:|1681692784\n|move|p2b: Gyarados|Dragon Dance|p2b: Gyarados\n|-boost|p2b: Gyarados|atk|1\n|-boost|p2b: Gyarados|spe|1\n|move|p2a: Great Tusk|Ice Spinner|p1b: Amoonguss\n|-supereffective|p1b: Amoonguss\n|-damage|p1b: Amoonguss|53\/100\n|move|p1a: Gyarados|Thunder Wave|p2b: Gyarados\n|-status|p2b: Gyarados|par\n|move|p1b: Amoonguss|Pollen Puff|p1a: Gyarados\n|-immune|p1a: Gyarados\n|\n|upkeep\n|turn|4\n|\n|t:|1681692817\n|move|p2a: Great Tusk|Earthquake|p1b: Amoonguss|[spread] p1b\n|-immune|p2b: Gyarados\n|-immune|p1a: Gyarados\n|-damage|p1b: Amoonguss|15\/100\n|-enditem|p1b: Amoonguss|Sitrus Berry|[eat]\n|-heal|p1b: Amoonguss|40\/100|[from] item: Sitrus Berry\n|move|p1a: Gyarados|Waterfall|p2b: Gyarados\n|-resisted|p2b: Gyarados\n|-damage|p2b: Gyarados|84\/100 par\n|cant|p2b: Gyarados|par\n|move|p1b: Amoonguss|Pollen Puff|p2a: Great Tusk\n|-resisted|p2a: Great Tusk\n|-damage|p2a: Great Tusk|88\/100\n|\n|-end|p1b: Amoonguss|move: Taunt\n|upkeep\n|turn|5\n|\n|t:|1681692850\n|move|p2a: Great Tusk|Protect|p2a: Great Tusk\n|-singleturn|p2a: Great Tusk|Protect\n|move|p1a: Gyarados|Waterfall|p2b: Gyarados\n|-resisted|p2b: Gyarados\n|-damage|p2b: Gyarados|65\/100 par\n|move|p2b: Gyarados|Taunt|p1b: Amoonguss\n|-start|p1b: Amoonguss|move: Taunt\n|cant|p1b: Amoonguss|move: Taunt|Spore\n|\n|upkeep\n|turn|6\n|\n|t:|1681692872\n|switch|p2b: Amoonguss|Amoonguss, L50, F|100\/100\n|switch|p1b: Flutter Mane|Flutter Mane, L50, shiny|100\/100 slp\n|move|p2a: Great Tusk|Earthquake|p1b: Flutter Mane|[spread] p2b,p1b\n|-immune|p1a: Gyarados\n|-damage|p2b: Amoonguss|72\/100\n|-damage|p1b: Flutter Mane|42\/100 slp\n|move|p1a: Gyarados|Waterfall|p2a: Great Tusk\n|-supereffective|p2a: Great Tusk\n|-damage|p2a: Great Tusk|41\/100\n|\n|upkeep\n|turn|7\n|\n|t:|1681692891\n|move|p2b: Amoonguss|Rage Powder|p2b: Amoonguss\n|-singleturn|p2b: Amoonguss|move: Rage Powder\n|cant|p1b: Flutter Mane|slp\n|move|p2a: Great Tusk|Ice Spinner|p1b: Flutter Mane\n|-damage|p1b: Flutter Mane|0 fnt\n|faint|p1b: Flutter Mane\n|-end|p1b: Flutter Mane|Protosynthesis|[silent]\n|move|p1a: Gyarados|Taunt|p2b: Amoonguss\n|-start|p2b: Amoonguss|move: Taunt\n|\n|upkeep\n|\n|t:|1681692901\n|switch|p1b: Quaquaval|Quaquaval, L50, M, shiny|100\/100\n|turn|8\n|\n|t:|1681692923\n|-end|p2a: Great Tusk|Protosynthesis|[silent]\n|switch|p2a: Gyarados|Gyarados, L50, F|65\/100 par\n|-ability|p2a: Gyarados|Intimidate|boost\n|-unboost|p1a: Gyarados|atk|1\n|-unboost|p1b: Quaquaval|atk|1\n|move|p1b: Quaquaval|Aqua Step|p2a: Gyarados\n|-resisted|p2a: Gyarados\n|-damage|p2a: Gyarados|43\/100 par\n|-boost|p1b: Quaquaval|spe|1\n|-enditem|p2a: Gyarados|Sitrus Berry|[eat]\n|-heal|p2a: Gyarados|68\/100 par|[from] item: Sitrus Berry\n|move|p1a: Gyarados|Waterfall|p2b: Amoonguss\n|-resisted|p2b: Amoonguss\n|-damage|p2b: Amoonguss|63\/100\n|-damage|p1a: Gyarados|84\/100|[from] item: Rocky Helmet|[of] p2b: Amoonguss\n|move|p2b: Amoonguss|Pollen Puff|p2a: Gyarados\n|-heal|p2a: Gyarados|100\/100 par\n|\n|-heal|p1a: Gyarados|90\/100|[from] item: Leftovers\n|upkeep\n|turn|9\n|\n|t:|1681692976\n|switch|p2a: Flutter Mane|Flutter Mane, L50|100\/100\n|-enditem|p2a: Flutter Mane|Booster Energy\n|-activate|p2a: Flutter Mane|ability: Protosynthesis|[fromitem]\n|-start|p2a: Flutter Mane|protosynthesisspa\n|-terastallize|p1b: Quaquaval|Water\n|move|p1b: Quaquaval|Aqua Step|p2a: Flutter Mane\n|-damage|p2a: Flutter Mane|32\/100\n|-boost|p1b: Quaquaval|spe|1\n|move|p1a: Gyarados|Waterfall|p2a: Flutter Mane\n|-damage|p2a: Flutter Mane|4\/100\n|move|p2b: Amoonguss|Pollen Puff|p2a: Flutter Mane\n|-heal|p2a: Flutter Mane|54\/100\n|\n|-heal|p1a: Gyarados|96\/100|[from] item: Leftovers\n|upkeep\n|turn|10\n|inactive|Battle timer is ON: inactive players will automatically lose when time's up. (requested by topper31148)\n|\n|t:|1681693031\n|switch|p2b: Gyarados|Gyarados, L50, F|100\/100 par\n|-ability|p2b: Gyarados|Intimidate|boost\n|-unboost|p1a: Gyarados|atk|1\n|-unboost|p1b: Quaquaval|atk|1\n|-terastallize|p2a: Flutter Mane|Fairy\n|move|p1b: Quaquaval|Aqua Step|p2a: Flutter Mane\n|-damage|p2a: Flutter Mane|4\/100\n|-boost|p1b: Quaquaval|spe|1\n|move|p2a: Flutter Mane|Dazzling Gleam|p1a: Gyarados|[spread] p1a,p1b\n|-damage|p1a: Gyarados|61\/100\n|-damage|p1b: Quaquaval|26\/100\n|move|p1a: Gyarados|Thunder Wave|p2a: Flutter Mane\n|-status|p2a: Flutter Mane|par\n|\n|-heal|p1a: Gyarados|67\/100|[from] item: Leftovers\n|upkeep\n|turn|11\n|inactive|topper31148 has 30 seconds left.\n|\n|t:|1681693057\n|switch|p1b: Amoonguss|Amoonguss, L50, F, shiny|73\/100\n|move|p2a: Flutter Mane|Protect|p2a: Flutter Mane\n|-singleturn|p2a: Flutter Mane|Protect\n|move|p1a: Gyarados|Waterfall|p2a: Flutter Mane\n|-activate|p2a: Flutter Mane|move: Protect\n|move|p2b: Gyarados|Waterfall|p1b: Amoonguss\n|-resisted|p1b: Amoonguss\n|-damage|p1b: Amoonguss|53\/100\n|\n|-heal|p1a: Gyarados|73\/100|[from] item: Leftovers\n|upkeep\n|turn|12\n|\n|t:|1681693074\n|-end|p2a: Flutter Mane|Protosynthesis|[silent]\n|switch|p2a: Amoonguss|Amoonguss, L50, F|96\/100\n|move|p1b: Amoonguss|Protect|p1b: Amoonguss\n|-singleturn|p1b: Amoonguss|Protect\n|move|p1a: Gyarados|Waterfall|p2a: Amoonguss\n|-resisted|p2a: Amoonguss\n|-damage|p2a: Amoonguss|89\/100\n|-damage|p1a: Gyarados|57\/100|[from] item: Rocky Helmet|[of] p2a: Amoonguss\n|move|p2b: Gyarados|Taunt|p1b: Amoonguss\n|-activate|p1b: Amoonguss|move: Protect\n|\n|-heal|p1a: Gyarados|63\/100|[from] item: Leftovers\n|upkeep\n|turn|13\n|inactive|mad skwovet has 30 seconds left.\n|\n|t:|1681693100\n|switch|p1b: Quaquaval|Quaquaval, L50, M, shiny, tera:Water|26\/100\n|move|p1a: Gyarados|Taunt|p2a: Amoonguss\n|-start|p2a: Amoonguss|move: Taunt\n|cant|p2b: Gyarados|par\n|cant|p2a: Amoonguss|move: Taunt|Spore\n|\n|-heal|p1a: Gyarados|69\/100|[from] item: Leftovers\n|upkeep\n|turn|14\n|\n|t:|1681693122\n|switch|p2b: Flutter Mane|Flutter Mane, L50, tera:Fairy|4\/100 par\n|move|p1b: Quaquaval|Aqua Step|p2b: Flutter Mane\n|-damage|p2b: Flutter Mane|0 fnt\n|-boost|p1b: Quaquaval|spe|1\n|faint|p2b: Flutter Mane\n|-end|p2b: Flutter Mane|Protosynthesis|[silent]\n|-ability|p1b: Quaquaval|Moxie|boost\n|-boost|p1b: Quaquaval|atk|1\n|move|p1a: Gyarados|Waterfall|p2a: Amoonguss\n|-resisted|p2a: Amoonguss\n|-crit|p2a: Amoonguss\n|-damage|p2a: Amoonguss|67\/100\n|-damage|p1a: Gyarados|52\/100|[from] item: Rocky Helmet|[of] p2a: Amoonguss\n|move|p2a: Amoonguss|Pollen Puff|p1b: Quaquaval\n|-damage|p1b: Quaquaval|0 fnt\n|faint|p1b: Quaquaval\n|\n|-heal|p1a: Gyarados|58\/100|[from] item: Leftovers\n|upkeep\n|\n|t:|1681693144\n|switch|p2b: Gyarados|Gyarados, L50, F|100\/100 par\n|switch|p1b: Amoonguss|Amoonguss, L50, F, shiny|86\/100\n|-ability|p2b: Gyarados|Intimidate|boost\n|-unboost|p1a: Gyarados|atk|1\n|-unboost|p1b: Amoonguss|atk|1\n|turn|15\n|\n|t:|1681693164\n|move|p1a: Gyarados|Waterfall|p2b: Gyarados\n|-resisted|p2b: Gyarados\n|-damage|p2b: Gyarados|94\/100 par\n|cant|p2b: Gyarados|par\n|move|p2a: Amoonguss|Pollen Puff|p1a: Gyarados\n|-resisted|p1a: Gyarados\n|-damage|p1a: Gyarados|51\/100\n|move|p1b: Amoonguss|Pollen Puff|p1a: Gyarados\n|-heal|p1a: Gyarados|100\/100\n|\n|-end|p2a: Amoonguss|move: Taunt\n|upkeep\n|turn|16\n|\n|t:|1681693184\n|move|p2a: Amoonguss|Protect|p2a: Amoonguss\n|-singleturn|p2a: Amoonguss|Protect\n|move|p1a: Gyarados|Taunt|p2a: Amoonguss\n|-activate|p2a: Amoonguss|move: Protect\n|cant|p2b: Gyarados|par\n|move|p1b: Amoonguss|Spore||[still]\n|-fail|p1b: Amoonguss\n|\n|upkeep\n|turn|17\n|inactive|mad skwovet has 30 seconds left.\n|\n|t:|1681693216\n|move|p2a: Amoonguss|Rage Powder|p2a: Amoonguss\n|-singleturn|p2a: Amoonguss|move: Rage Powder\n|move|p1a: Gyarados|Taunt|p2a: Amoonguss\n|-start|p2a: Amoonguss|move: Taunt\n|move|p2b: Gyarados|Taunt|p1b: Amoonguss\n|-start|p1b: Amoonguss|move: Taunt\n|move|p1b: Amoonguss|Pollen Puff|p2a: Amoonguss\n|-damage|p2a: Amoonguss|53\/100\n|\n|upkeep\n|turn|18\n|\n|t:|1681693234\n|switch|p2b: Great Tusk|Great Tusk, L50|41\/100\n|move|p1a: Gyarados|Waterfall|p2b: Great Tusk\n|-supereffective|p2b: Great Tusk\n|-damage|p2b: Great Tusk|22\/100\n|move|p2a: Amoonguss|Pollen Puff|p2b: Great Tusk\n|-heal|p2b: Great Tusk|72\/100\n|move|p1b: Amoonguss|Pollen Puff|p2a: Amoonguss\n|-damage|p2a: Amoonguss|37\/100\n|\n|upkeep\n|turn|19\n|inactive|mad skwovet has 30 seconds left.\n|\n|t:|1681693265\n|switch|p2a: Gyarados|Gyarados, L50, F|94\/100 par\n|-ability|p2a: Gyarados|Intimidate|boost\n|-unboost|p1a: Gyarados|atk|1\n|-unboost|p1b: Amoonguss|atk|1\n|move|p2b: Great Tusk|Ice Spinner|p1b: Amoonguss\n|-supereffective|p1b: Amoonguss\n|-damage|p1b: Amoonguss|34\/100\n|move|p1a: Gyarados|Waterfall|p2a: Gyarados\n|-resisted|p2a: Gyarados\n|-damage|p2a: Gyarados|88\/100 par\n|move|p1b: Amoonguss|Pollen Puff|p2a: Gyarados\n|-resisted|p2a: Gyarados\n|-damage|p2a: Gyarados|80\/100 par\n|\n|-end|p1b: Amoonguss|move: Taunt\n|upkeep\n|turn|20\n|inactive|topper31148 has 30 seconds left.\n|inactive|mad skwovet has 30 seconds left.\n|\n|t:|1681693295\n|-end|p2b: Great Tusk|Protosynthesis|[silent]\n|switch|p2b: Amoonguss|Amoonguss, L50, F|70\/100\n|move|p1b: Amoonguss|Protect|p1b: Amoonguss\n|-singleturn|p1b: Amoonguss|Protect\n|move|p1a: Gyarados|Waterfall|p2b: Amoonguss\n|-resisted|p2b: Amoonguss\n|-damage|p2b: Amoonguss|65\/100\n|-damage|p1a: Gyarados|84\/100|[from] item: Rocky Helmet|[of] p2b: Amoonguss\n|move|p2a: Gyarados|Taunt|p1a: Gyarados\n|-start|p1a: Gyarados|move: Taunt\n|\n|-heal|p1a: Gyarados|90\/100|[from] item: Leftovers\n|upkeep\n|turn|21\n|\n|t:|1681693319\n|move|p1a: Gyarados|Waterfall|p2b: Amoonguss\n|-resisted|p2b: Amoonguss\n|-damage|p2b: Amoonguss|61\/100\n|-damage|p1a: Gyarados|74\/100|[from] item: Rocky Helmet|[of] p2b: Amoonguss\n|move|p2a: Gyarados|Taunt|p1b: Amoonguss\n|-start|p1b: Amoonguss|move: Taunt\n|move|p2b: Amoonguss|Spore|p1a: Gyarados\n|-status|p1a: Gyarados|slp|[from] move: Spore\n|move|p1b: Amoonguss|Pollen Puff|p2b: Amoonguss\n|-damage|p2b: Amoonguss|45\/100\n|\n|-heal|p1a: Gyarados|80\/100 slp|[from] item: Leftovers\n|upkeep\n|turn|22\n|\n|t:|1681693344\n|switch|p2a: Great Tusk|Great Tusk, L50|72\/100\n|cant|p1a: Gyarados|slp\n|move|p2b: Amoonguss|Pollen Puff|p2a: Great Tusk\n|-heal|p2a: Great Tusk|100\/100\n|move|p1b: Amoonguss|Pollen Puff|p1a: Gyarados\n|-heal|p1a: Gyarados|100\/100 slp\n|\n|upkeep\n|turn|23\n|\n|t:|1681693365\n|switch|p2b: Gyarados|Gyarados, L50, F|80\/100 par\n|-ability|p2b: Gyarados|Intimidate|boost\n|-unboost|p1a: Gyarados|atk|1\n|-unboost|p1b: Amoonguss|atk|1\n|move|p2a: Great Tusk|Ice Spinner|p1b: Amoonguss\n|-supereffective|p1b: Amoonguss\n|-damage|p1b: Amoonguss|0 fnt\n|faint|p1b: Amoonguss\n|-curestatus|p1a: Gyarados|slp|[msg]\n|move|p1a: Gyarados|Waterfall|p2b: Gyarados\n|-resisted|p2b: Gyarados\n|-damage|p2b: Gyarados|75\/100 par\n|\n|-end|p1a: Gyarados|move: Taunt\n|upkeep\n|turn|24\n|\n|t:|1681693388\n|move|p2a: Great Tusk|Ice Spinner|p1a: Gyarados\n|-damage|p1a: Gyarados|69\/100\n|move|p1a: Gyarados|Taunt|p2b: Gyarados\n|-start|p2b: Gyarados|move: Taunt\n|cant|p2b: Gyarados|par\n|\n|-heal|p1a: Gyarados|75\/100|[from] item: Leftovers\n|upkeep\n|turn|25\n|\n|t:|1681693399\n|move|p2a: Great Tusk|Ice Spinner|p1a: Gyarados\n|-damage|p1a: Gyarados|46\/100\n|move|p1a: Gyarados|Waterfall|p2a: Great Tusk\n|-supereffective|p2a: Great Tusk\n|-damage|p2a: Great Tusk|85\/100\n|move|p2b: Gyarados|Waterfall|p1a: Gyarados\n|-resisted|p1a: Gyarados\n|-damage|p1a: Gyarados|22\/100\n|\n|-heal|p1a: Gyarados|28\/100|[from] item: Leftovers\n|upkeep\n|turn|26\n|-message|topper31148 forfeited.\n|\n|win|mad skwovet\n|raw|topper31148's rating: 1258 → 1237<\/strong> (-21 for losing)\n|raw|mad skwovet's rating: 1320 → 1336<\/strong> (+16 for winning)\n|l|\u2606topper31148\n","uploadtime":1681693437,"views":13,"p1id":"topper31148","p2id":"madskwovet","formatid":"gen9vgc2023regulationc","rating":1237,"private":0,"password":""}