{"id":"gen9vgc2023regulationc-1852544109","p1":"GigaChad_Hammer","p2":"fo50","format":"[Gen 9] VGC 2023 Regulation C","log":"|j|\u2606GigaChad_Hammer\n|j|\u2606fo50\n|t:|1682573198\n|gametype|doubles\n|player|p1|GigaChad_Hammer|hiker-gen4|1138\n|player|p2|fo50|170|1123\n|teamsize|p1|6\n|teamsize|p2|6\n|gen|9\n|tier|[Gen 9] VGC 2023 Regulation C\n|rated|\n|rule|Species Clause: Limit one of each Pok\u00e9mon\n|rule|Item Clause: Limit one of each item\n|clearpoke\n|poke|p1|Flutter Mane, L50|\n|poke|p1|Amoonguss, L50, F|\n|poke|p1|Palafin, L50, M|\n|poke|p1|Arcanine, L50, F|\n|poke|p1|Iron Hands, L50|\n|poke|p1|Roaring Moon, L50|\n|poke|p2|Scovillain, L50, F|\n|poke|p2|Dragonite, L50, F|\n|poke|p2|Tinkaton, L50, F|\n|poke|p2|Garchomp, L50, M|\n|poke|p2|Torkoal, L50, M|\n|poke|p2|Scizor, L50, F|\n|teampreview|4\n|inactive|Battle timer is ON: inactive players will automatically lose when time's up. (requested by fo50)\n|\n|t:|1682573220\n|start\n|switch|p1a: Dinomence|Roaring Moon, L50|100\/100\n|switch|p1b: All-Might|Palafin, L50, M|100\/100\n|switch|p2a: Garchomp|Garchomp, L50, M|100\/100\n|switch|p2b: Scizor|Scizor, L50, F|100\/100\n|-enditem|p1a: Dinomence|Booster Energy\n|-activate|p1a: Dinomence|ability: Protosynthesis|[fromitem]\n|-start|p1a: Dinomence|protosynthesisatk\n|turn|1\n|inactive|fo50 has 30 seconds left.\n|\n|t:|1682573249\n|-terastallize|p1a: Dinomence|Flying\n|move|p1b: All-Might|Protect|p1b: All-Might\n|-singleturn|p1b: All-Might|Protect\n|move|p1a: Dinomence|Tailwind|p1a: Dinomence\n|-sidestart|p1: GigaChad_Hammer|move: Tailwind\n|move|p2a: Garchomp|Dragon Claw|p1a: Dinomence\n|-damage|p1a: Dinomence|44\/100\n|move|p2b: Scizor|Trailblaze|p1b: All-Might\n|-activate|p1b: All-Might|move: Protect\n|\n|upkeep\n|turn|2\n|\n|t:|1682573268\n|detailschange|p1b: All-Might|Palafin-Hero, L50, M\n|switch|p1b: Good Girl|Arcanine, L50, F, shiny|100\/100\n|-ability|p1b: Good Girl|Intimidate|boost\n|-unboost|p2a: Garchomp|atk|1\n|-unboost|p2b: Scizor|atk|1\n|move|p2b: Scizor|Bullet Punch|p1a: Dinomence\n|-damage|p1a: Dinomence|15\/100\n|move|p1a: Dinomence|Acrobatics|p2b: Scizor\n|-damage|p2b: Scizor|31\/100\n|-enditem|p2b: Scizor|Sitrus Berry|[eat]\n|-heal|p2b: Scizor|55\/100|[from] item: Sitrus Berry\n|move|p2a: Garchomp|Dragon Claw|p1b: Good Girl\n|-damage|p1b: Good Girl|68\/100\n|\n|upkeep\n|turn|3\n|\n|t:|1682573292\n|move|p1a: Dinomence|Protect|p1a: Dinomence\n|-singleturn|p1a: Dinomence|Protect\n|move|p2b: Scizor|Bullet Punch|p1a: Dinomence\n|-activate|p1a: Dinomence|move: Protect\n|move|p1b: Good Girl|Flare Blitz|p2b: Scizor\n|-supereffective|p2b: Scizor\n|-damage|p2b: Scizor|0 fnt\n|faint|p2b: Scizor\n|-damage|p1b: Good Girl|55\/100|[from] Recoil\n|move|p2a: Garchomp|Earthquake|p1b: Good Girl|[spread] p1b\n|-activate|p1a: Dinomence|move: Protect\n|-supereffective|p1b: Good Girl\n|-damage|p1b: Good Girl|0 fnt\n|faint|p1b: Good Girl\n|\n|upkeep\n|\n|t:|1682573310\n|switch|p1b: All-Might|Palafin-Hero, L50, M|100\/100\n|switch|p2b: Tinkaton|Tinkaton, L50, F|100\/100\n|-activate|p1b: All-Might|ability: Zero to Hero\n|turn|4\n|\n|t:|1682573329\n|move|p2b: Tinkaton|Fake Out|p1b: All-Might\n|-damage|p1b: All-Might|92\/100\n|move|p1a: Dinomence|Outrage|p2b: Tinkaton\n|-immune|p2b: Tinkaton\n|cant|p1b: All-Might|flinch\n|move|p2a: Garchomp|Dragon Claw|p1a: Dinomence\n|-damage|p1a: Dinomence|0 fnt\n|faint|p1a: Dinomence\n|-end|p1a: Dinomence|Protosynthesis|[silent]\n|\n|-sideend|p1: GigaChad_Hammer|move: Tailwind\n|upkeep\n|\n|t:|1682573339\n|switch|p1a: Suave|Flutter Mane, L50|100\/100\n|turn|5\n|\n|t:|1682573359\n|move|p1b: All-Might|Wave Crash|p2a: Garchomp\n|-damage|p2a: Garchomp|7\/100\n|-damage|p1b: All-Might|80\/100|[from] ability: Rough Skin|[of] p2a: Garchomp\n|-damage|p1b: All-Might|47\/100|[from] Recoil\n|move|p1a: Suave|Shadow Ball|p2b: Tinkaton\n|-damage|p2b: Tinkaton|61\/100\n|move|p2a: Garchomp|Dragon Claw|p1b: All-Might\n|-damage|p1b: All-Might|16\/100\n|move|p2b: Tinkaton|Gigaton Hammer|p1a: Suave\n|-supereffective|p1a: Suave\n|-damage|p1a: Suave|0 fnt\n|faint|p1a: Suave\n|-end|p1a: Suave|Protosynthesis|[silent]\n|\n|-heal|p2b: Tinkaton|68\/100|[from] item: Leftovers\n|upkeep\n|turn|6\n|-message|GigaChad_Hammer forfeited.\n|\n|win|fo50\n|raw|GigaChad_Hammer's rating: 1138 → 1112<\/strong> (-26 for losing)\n|raw|fo50's rating: 1123 → 1149<\/strong> (+26 for winning)\n|l|\u2606GigaChad_Hammer\n","uploadtime":1682573435,"views":13,"p1id":"gigachadhammer","p2id":"fo50","formatid":"gen9vgc2023regulationc","rating":1112,"private":0,"password":""}