{"id":"gen9vgc2023regulationc-1858708993","p1":"ocfrey","p2":"sejuntest","format":"[Gen 9] VGC 2023 Regulation C","log":"|j|\u2606ocfrey\n|j|\u203dsejuntest\n|t:|1683345979\n|gametype|doubles\n|player|p1|ocfrey|169|\n|player|p2|sejuntest|1|\n|teamsize|p1|6\n|teamsize|p2|6\n|gen|9\n|tier|[Gen 9] VGC 2023 Regulation C\n|rule|Tera Type Preview: Tera Types are shown at Team Preview\n|rule|Species Clause: Limit one of each Pok\u00e9mon\n|rule|Item Clause: Limit one of each item\n|clearpoke\n|poke|p1|Indeedee-F, L50, F|\n|poke|p1|Dragapult, L50, M|\n|poke|p1|Donphan, L50, F|\n|poke|p1|Skeledirge, L50, F|\n|poke|p1|Bronzong, L50|\n|poke|p1|Iron Hands, L50|\n|poke|p2|Iron Hands, L50|\n|poke|p2|Volcarona, L50, M|\n|poke|p2|Dragapult, L50, M|\n|poke|p2|Palafin, L50, F|\n|poke|p2|Bisharp, L50, M|\n|poke|p2|Scream Tail, L50|\n|teampreview|4\n|raw|ocfrey's Tera Types: \/ \/ \/ \/ \/ \n|raw|sejuntest's Tera Types: \/ \/ \/ \/ \/ \nsejuntest rejected open team sheets.\n|j| Ace98121212\n|\n|t:|1683346023\n|start\n|switch|p1a: Indeedee|Indeedee-F, L50, F|100\/100\n|switch|p1b: Dragapult|Dragapult, L50, M|100\/100\n|switch|p2a: Scream Tail|Scream Tail, L50|100\/100\n|switch|p2b: Bisharp|Bisharp, L50, M|100\/100\n|-fieldstart|move: Psychic Terrain|[from] ability: Psychic Surge|[of] p1a: Indeedee\n|turn|1\n|\n|t:|1683346056\n|-terastallize|p2b: Bisharp|Fairy\n|move|p1a: Indeedee|Follow Me|p1a: Indeedee\n|-singleturn|p1a: Indeedee|move: Follow Me\n|move|p1b: Dragapult|Dragon Dance|p1b: Dragapult\n|-boost|p1b: Dragapult|atk|1\n|-boost|p1b: Dragapult|spe|1\n|move|p2a: Scream Tail|Imprison|p2a: Scream Tail\n|-start|p2a: Scream Tail|move: Imprison\n|move|p2b: Bisharp|Swords Dance|p2b: Bisharp\n|-boost|p2b: Bisharp|atk|2\n|\n|upkeep\n|turn|2\n|\n|t:|1683346082\n|move|p1a: Indeedee|Protect|p1a: Indeedee\n|-singleturn|p1a: Indeedee|Protect\n|move|p1b: Dragapult|Phantom Force||[still]\n|-prepare|p1b: Dragapult|Phantom Force\n|move|p2a: Scream Tail|Misty Terrain|p2a: Scream Tail\n|-fieldstart|move: Misty Terrain\n|move|p2b: Bisharp|Iron Head|p1a: Indeedee\n|-activate|p1a: Indeedee|move: Protect\n|\n|upkeep\n|turn|3\n|\n|t:|1683346102\n|move|p1a: Indeedee|Follow Me|p1a: Indeedee\n|-singleturn|p1a: Indeedee|move: Follow Me\n|move|p1b: Dragapult|Phantom Force|p2a: Scream Tail|[from]lockedmove\n|-supereffective|p2a: Scream Tail\n|-damage|p2a: Scream Tail|0 fnt\n|faint|p2a: Scream Tail\n|-end|p2a: Scream Tail|Protosynthesis|[silent]\n|move|p2b: Bisharp|Iron Head|p1a: Indeedee\n|-enditem|p1a: Indeedee|Focus Sash\n|-damage|p1a: Indeedee|1\/100\n|\n|upkeep\n|\n|t:|1683346113\n|switch|p2a: Iron Hands|Iron Hands, L50|100\/100\n|turn|4\n|\n|t:|1683346131\n|move|p1a: Indeedee|Protect|p1a: Indeedee\n|-singleturn|p1a: Indeedee|Protect\n|move|p2b: Bisharp|Sucker Punch|p1b: Dragapult\n|-supereffective|p1b: Dragapult\n|-damage|p1b: Dragapult|0 fnt\n|faint|p1b: Dragapult\n|move|p2a: Iron Hands|Play Rough|p1a: Indeedee\n|-activate|p1a: Indeedee|move: Protect\n|\n|upkeep\n|\n|t:|1683346137\n|switch|p1b: Iron Hands|Iron Hands, L50|100\/100\n|turn|5\n|c| Ace98121212|Now who's using phantom force\n|\n|t:|1683346166\n|move|p1a: Indeedee|Follow Me|p1a: Indeedee\n|-singleturn|p1a: Indeedee|move: Follow Me\n|move|p2b: Bisharp|Iron Head|p1a: Indeedee\n|-damage|p1a: Indeedee|0 fnt\n|faint|p1a: Indeedee\n|move|p2a: Iron Hands|Play Rough|p1b: Iron Hands\n|-supereffective|p1b: Iron Hands\n|-damage|p1b: Iron Hands|28\/100\n|move|p1b: Iron Hands|Swords Dance|p1b: Iron Hands\n|-boost|p1b: Iron Hands|atk|2\n|\n|-heal|p1b: Iron Hands|35\/100|[from] item: Leftovers\n|upkeep\n|\n|t:|1683346173\n|switch|p1a: Skeledirge|Skeledirge, L50, F|100\/100\n|turn|6\n|\n|t:|1683346183\n|move|p2b: Bisharp|Sucker Punch||[still]\n|-fail|p2b: Bisharp\n|move|p2a: Iron Hands|Play Rough|p1b: Iron Hands\n|-supereffective|p1b: Iron Hands\n|-damage|p1b: Iron Hands|0 fnt\n|faint|p1b: Iron Hands\n|-end|p1b: Iron Hands|Quark Drive|[silent]\n|move|p1a: Skeledirge|Will-O-Wisp|p2a: Iron Hands\n|-activate|p2a: Iron Hands|move: Misty Terrain\n|\n|-fieldend|Misty Terrain\n|upkeep\n|turn|7\n|c|\u2606ocfrey|oh no fast hands\n|c|\u2606ocfrey|and i am dumb\n|\n|t:|1683346200\n|-terastallize|p1a: Skeledirge|Water\n|move|p2b: Bisharp|Iron Head|p1a: Skeledirge\n|-resisted|p1a: Skeledirge\n|-damage|p1a: Skeledirge|81\/100\n|move|p2a: Iron Hands|Play Rough|p1a: Skeledirge\n|-damage|p1a: Skeledirge|33\/100\n|-unboost|p1a: Skeledirge|atk|1\n|-enditem|p1a: Skeledirge|Sitrus Berry|[eat]\n|-heal|p1a: Skeledirge|58\/100|[from] item: Sitrus Berry\n|move|p1a: Skeledirge|Torch Song|p2b: Bisharp\n|-damage|p2b: Bisharp|60\/100\n|-boost|p1a: Skeledirge|spa|1\n|\n|upkeep\n|turn|8\n|\n|t:|1683346213\n|move|p2b: Bisharp|Tera Blast|p1a: Skeledirge\n|-damage|p1a: Skeledirge|23\/100\n|move|p2a: Iron Hands|Play Rough|p1a: Skeledirge\n|-damage|p1a: Skeledirge|0 fnt\n|faint|p1a: Skeledirge\n|\n|win|sejuntest\n|c| Ace98121212|Gg whom\n|l|\u2606ocfrey\n|c| Ace98121212|Gg snom *\n|j|\u2606ocfrey\n|player|p1|ocfrey|169\n|l| Ace98121212\n|l|\u2606ocfrey\n|player|p1|\n","uploadtime":1683346732,"views":11,"p1id":"ocfrey","p2id":"sejuntest","formatid":"gen9vgc2023regulationc","rating":0,"private":0,"password":""}