{"id":"gen9vgc2023regulationc-1860996020","p1":"D-scNSe","p2":"brutalandathebozz","format":"[Gen 9] VGC 2023 Regulation C","log":"|j|\u2606D-scNSe\n|j|\u2606brutalandathebozz\n|t:|1683710858\n|gametype|doubles\n|player|p1|D-scNSe|169|1287\n|player|p2|brutalandathebozz|266|1346\n|teamsize|p1|6\n|teamsize|p2|6\n|gen|9\n|tier|[Gen 9] VGC 2023 Regulation C\n|rated|\n|rule|Species Clause: Limit one of each Pok\u00e9mon\n|rule|Item Clause: Limit one of each item\n|clearpoke\n|poke|p1|Flutter Mane, L50|\n|poke|p1|Ting-Lu, L50|\n|poke|p1|Maushold-Four, L50|\n|poke|p1|Annihilape, L50, F|\n|poke|p1|Iron Bundle, L50|\n|poke|p1|Arcanine, L50, F|\n|poke|p2|Roaring Moon, L50|\n|poke|p2|Gholdengo, L50|\n|poke|p2|Iron Bundle, L50|\n|poke|p2|Arcanine, L50, F|\n|poke|p2|Amoonguss, L50, M|\n|poke|p2|Iron Hands, L50|\n|teampreview|4\n|inactive|Battle timer is ON: inactive players will automatically lose when time's up. (requested by brutalandathebozz)\nbrutalandathebozz has agreed to open team sheets.\n|inactive|D-scNSe has 60 seconds left.\n|inactive|brutalandathebozz has 60 seconds left.\n|\n|t:|1683710916\n|start\n|switch|p1a: Annihilape|Annihilape, L50, F|100\/100\n|switch|p1b: Arcanine|Arcanine, L50, F|100\/100\n|switch|p2a: Gholdengo|Gholdengo, L50|100\/100\n|switch|p2b: Amoonguss|Amoonguss, L50, M|100\/100\n|-ability|p1b: Arcanine|Intimidate|boost\n|-unboost|p2a: Gholdengo|atk|1\n|-unboost|p2b: Amoonguss|atk|1\n|turn|1\n|inactive|D-scNSe has 30 seconds left.\n|\n|t:|1683710943\n|switch|p1a: Ting-Lu|Ting-Lu, L50|100\/100\n|-ability|p1a: Ting-Lu|Vessel of Ruin\n|-terastallize|p2a: Gholdengo|Water\n|move|p2a: Gholdengo|Nasty Plot|p2a: Gholdengo\n|-boost|p2a: Gholdengo|spa|2\n|move|p1b: Arcanine|Flare Blitz|p2a: Gholdengo\n|-resisted|p2a: Gholdengo\n|-damage|p2a: Gholdengo|71\/100\n|-damage|p1b: Arcanine|92\/100|[from] Recoil\n|move|p2b: Amoonguss|Spore|p1a: Ting-Lu\n|-status|p1a: Ting-Lu|slp|[from] move: Spore\n|\n|upkeep\n|turn|2\n|\n|t:|1683710964\n|move|p2a: Gholdengo|Nasty Plot|p2a: Gholdengo\n|-boost|p2a: Gholdengo|spa|2\n|move|p1b: Arcanine|Flare Blitz|p2b: Amoonguss\n|-supereffective|p2b: Amoonguss\n|-damage|p2b: Amoonguss|22\/100\n|-enditem|p2b: Amoonguss|Sitrus Berry|[eat]\n|-heal|p2b: Amoonguss|47\/100|[from] item: Sitrus Berry\n|-damage|p1b: Arcanine|62\/100|[from] Recoil\n|cant|p1a: Ting-Lu|slp\n|move|p2b: Amoonguss|Pollen Puff|p2a: Gholdengo\n|-heal|p2a: Gholdengo|100\/100\n|\n|upkeep\n|turn|3\n|\n|t:|1683710988\n|switch|p2b: Iron Hands|Iron Hands, L50|100\/100\n|-terastallize|p1a: Ting-Lu|Poison\n|move|p2a: Gholdengo|Make It Rain|p1b: Arcanine|[spread] p1a,p1b\n|-resisted|p1b: Arcanine\n|-damage|p1a: Ting-Lu|17\/100 slp\n|-damage|p1b: Arcanine|0 fnt\n|-unboost|p2a: Gholdengo|spa|1\n|faint|p1b: Arcanine\n|-damage|p2a: Gholdengo|91\/100|[from] item: Life Orb\n|cant|p1a: Ting-Lu|slp\n|\n|upkeep\n|\n|t:|1683711002\n|switch|p1b: Flutter Mane|Flutter Mane, L50|100\/100\n|-enditem|p1b: Flutter Mane|Booster Energy\n|-activate|p1b: Flutter Mane|ability: Protosynthesis|[fromitem]\n|-start|p1b: Flutter Mane|protosynthesisspe\n|turn|4\n|\n|t:|1683711017\n|-end|p2b: Iron Hands|Quark Drive|[silent]\n|switch|p2b: Amoonguss|Amoonguss, L50, M|80\/100\n|move|p1b: Flutter Mane|Thunderbolt|p2a: Gholdengo\n|-supereffective|p2a: Gholdengo\n|-damage|p2a: Gholdengo|42\/100\n|move|p2a: Gholdengo|Make It Rain|p1a: Ting-Lu|[spread] p1a,p1b\n|-supereffective|p1b: Flutter Mane\n|-damage|p1a: Ting-Lu|0 fnt\n|-damage|p1b: Flutter Mane|0 fnt\n|-unboost|p2a: Gholdengo|spa|1\n|faint|p1a: Ting-Lu\n|faint|p1b: Flutter Mane\n|-end|p1b: Flutter Mane|Protosynthesis|[silent]\n|-damage|p2a: Gholdengo|32\/100|[from] item: Life Orb\n|\n|upkeep\n|\n|t:|1683711028\n|switch|p1a: Annihilape|Annihilape, L50, F|100\/100\n|turn|5\n|\n|t:|1683711038\n|move|p2b: Amoonguss|Rage Powder|p2b: Amoonguss\n|-singleturn|p2b: Amoonguss|move: Rage Powder\n|move|p2a: Gholdengo|Shadow Ball|p1a: Annihilape\n|-supereffective|p1a: Annihilape\n|-damage|p1a: Annihilape|0 fnt\n|faint|p1a: Annihilape\n|-damage|p2a: Gholdengo|23\/100|[from] item: Life Orb\n|\n|win|brutalandathebozz\n|raw|D-scNSe's rating: 1287 → 1266<\/strong> (-21 for losing)\n|raw|brutalandathebozz's rating: 1346 → 1363<\/strong> (+17 for winning)\n|l|\u2606brutalandathebozz\n","uploadtime":1683711044,"views":15,"p1id":"dscnse","p2id":"brutalandathebozz","formatid":"gen9vgc2023regulationc","rating":1266,"private":0,"password":""}