{"id":"gen9vgc2023regulationc-1848732904","p1":"Reuselation","p2":"MeltrozoVGC","format":"[Gen 9] VGC 2023 Regulation C","log":"|j|\u2606Reuselation\n|j|\u2606MeltrozoVGC\n|t:|1682104985\n|gametype|doubles\n|player|p1|Reuselation|red|1114\n|player|p2|MeltrozoVGC|acetrainersnow|1205\n|teamsize|p1|6\n|teamsize|p2|6\n|gen|9\n|tier|[Gen 9] VGC 2023 Regulation C\n|rated|\n|rule|Species Clause: Limit one of each Pok\u00e9mon\n|rule|Item Clause: Limit one of each item\n|clearpoke\n|poke|p1|Pelipper, L50, F|\n|poke|p1|Palafin, L50, F|\n|poke|p1|Amoonguss, L50, M|\n|poke|p1|Iron Hands, L50|\n|poke|p1|Salamence, L50, M|\n|poke|p1|Chien-Pao, L50|\n|poke|p2|Iron Bundle, L50|\n|poke|p2|Chien-Pao, L50|\n|poke|p2|Great Tusk, L50|\n|poke|p2|Brute Bonnet, L50|\n|poke|p2|Dragapult, L50, M|\n|poke|p2|Arcanine, L50, M|\n|teampreview|4\n|\n|t:|1682105058\n|start\n|switch|p1a: Iron Hands|Iron Hands, L50|100\/100\n|switch|p1b: Amoonguss|Amoonguss, L50, M|100\/100\n|switch|p2a: Iron Bundle|Iron Bundle, L50|100\/100\n|switch|p2b: Arcanine|Arcanine, L50, M|100\/100\n|-ability|p2b: Arcanine|Intimidate|boost\n|-unboost|p1a: Iron Hands|atk|1\n|-unboost|p1b: Amoonguss|atk|1\n|-enditem|p2a: Iron Bundle|Booster Energy\n|-activate|p2a: Iron Bundle|ability: Quark Drive|[fromitem]\n|-start|p2a: Iron Bundle|quarkdrivespe\n|turn|1\n|\n|t:|1682105087\n|-terastallize|p2b: Arcanine|Grass\n|-terastallize|p1b: Amoonguss|Dark\n|move|p2a: Iron Bundle|Protect|p2a: Iron Bundle\n|-singleturn|p2a: Iron Bundle|Protect\n|move|p1a: Iron Hands|Fake Out|p2b: Arcanine\n|-damage|p2b: Arcanine|88\/100\n|cant|p2b: Arcanine|flinch\n|move|p1b: Amoonguss|Spore|p2a: Iron Bundle\n|-activate|p2a: Iron Bundle|move: Protect\n|\n|upkeep\n|turn|2\n|\n|t:|1682105114\n|move|p2a: Iron Bundle|Hydro Pump|p1b: Amoonguss\n|-damage|p1b: Amoonguss|56\/100\n|move|p2b: Arcanine|Flare Blitz|p1b: Amoonguss\n|-damage|p1b: Amoonguss|3\/100\n|-enditem|p1b: Amoonguss|Sitrus Berry|[eat]\n|-heal|p1b: Amoonguss|28\/100|[from] item: Sitrus Berry\n|-damage|p2b: Arcanine|66\/100|[from] Recoil\n|move|p1a: Iron Hands|Wild Charge|p2a: Iron Bundle\n|-supereffective|p2a: Iron Bundle\n|-damage|p2a: Iron Bundle|10\/100\n|-damage|p1a: Iron Hands|88\/100|[from] Recoil\n|move|p1b: Amoonguss|Pollen Puff|p2b: Arcanine\n|-supereffective|p2b: Arcanine\n|-damage|p2b: Arcanine|21\/100\n|-enditem|p2b: Arcanine|Aguav Berry|[eat]\n|-heal|p2b: Arcanine|54\/100|[from] item: Aguav Berry\n|\n|upkeep\n|turn|3\n|\n|t:|1682105144\n|switch|p1b: Salamence|Salamence, L50, M|100\/100\n|-ability|p1b: Salamence|Intimidate|boost\n|-unboost|p2a: Iron Bundle|atk|1\n|-unboost|p2b: Arcanine|atk|1\n|move|p2a: Iron Bundle|Freeze-Dry|p1b: Salamence\n|-supereffective|p1b: Salamence\n|-damage|p1b: Salamence|0 fnt\n|faint|p1b: Salamence\n|move|p2b: Arcanine|Will-O-Wisp|p1a: Iron Hands\n|-status|p1a: Iron Hands|brn\n|move|p1a: Iron Hands|Volt Switch|p2a: Iron Bundle\n|-supereffective|p2a: Iron Bundle\n|-damage|p2a: Iron Bundle|0 fnt\n|faint|p2a: Iron Bundle\n|-end|p2a: Iron Bundle|Quark Drive|[silent]\n|\n|t:|1682105162\n|-end|p1a: Iron Hands|Quark Drive|[silent]\n|switch|p1a: Chien-Pao|Chien-Pao, L50|100\/100|[from] Volt Switch\n|-ability|p1a: Chien-Pao|Sword of Ruin\n|\n|upkeep\n|\n|t:|1682105223\n|switch|p2a: Dragapult|Dragapult, L50, M|100\/100\n|switch|p1b: Amoonguss|Amoonguss, L50, M, tera:Dark|61\/100\n|turn|4\n|\n|t:|1682105243\n|move|p2a: Dragapult|Dragon Darts|p1a: Chien-Pao\n|-damage|p1a: Chien-Pao|66\/100\n|-anim|p2a: Dragapult|Dragon Darts|p1b: Amoonguss\n|-damage|p1b: Amoonguss|33\/100\n|move|p1a: Chien-Pao|Ice Spinner|p2b: Arcanine\n|-supereffective|p2b: Arcanine\n|-damage|p2b: Arcanine|0 fnt\n|faint|p2b: Arcanine\n|move|p1b: Amoonguss|Spore|p2a: Dragapult\n|-status|p2a: Dragapult|slp|[from] move: Spore\n|-enditem|p2a: Dragapult|Lum Berry|[eat]\n|-curestatus|p2a: Dragapult|slp|[msg]\n|\n|upkeep\n|\n|t:|1682105249\n|switch|p2b: Great Tusk|Great Tusk, L50|100\/100\n|turn|5\n|\n|t:|1682105268\n|move|p2b: Great Tusk|Protect|p2b: Great Tusk\n|-singleturn|p2b: Great Tusk|Protect\n|move|p2a: Dragapult|Dragon Darts|p1a: Chien-Pao\n|-damage|p1a: Chien-Pao|34\/100\n|-anim|p2a: Dragapult|Dragon Darts|p1b: Amoonguss\n|-damage|p1b: Amoonguss|5\/100\n|move|p1a: Chien-Pao|Ice Spinner|p2b: Great Tusk\n|-activate|p2b: Great Tusk|move: Protect\n|move|p1b: Amoonguss|Spore|p2a: Dragapult\n|-status|p2a: Dragapult|slp|[from] move: Spore\n|\n|upkeep\n|turn|6\n|\n|t:|1682105296\n|move|p1a: Chien-Pao|Protect|p1a: Chien-Pao\n|-singleturn|p1a: Chien-Pao|Protect\n|cant|p2a: Dragapult|slp\n|move|p2b: Great Tusk|Earthquake|p1a: Chien-Pao|[spread] p2a,p1b\n|-activate|p1a: Chien-Pao|move: Protect\n|-damage|p2a: Dragapult|9\/100 slp\n|-damage|p1b: Amoonguss|0 fnt\n|faint|p1b: Amoonguss\n|-damage|p2b: Great Tusk|91\/100|[from] item: Life Orb\n|\n|upkeep\n|\n|t:|1682105308\n|switch|p1b: Iron Hands|Iron Hands, L50|88\/100 brn\n|turn|7\n|\n|t:|1682105318\n|-curestatus|p2a: Dragapult|slp|[msg]\n|move|p2a: Dragapult|Protect|p2a: Dragapult\n|-singleturn|p2a: Dragapult|Protect\n|move|p2b: Great Tusk|Protect|p2b: Great Tusk\n|-singleturn|p2b: Great Tusk|Protect\n|move|p1a: Chien-Pao|Ice Spinner|p2b: Great Tusk\n|-activate|p2b: Great Tusk|move: Protect\n|move|p1b: Iron Hands|Volt Switch|p2a: Dragapult\n|-activate|p2a: Dragapult|move: Protect\n|\n|-damage|p1b: Iron Hands|82\/100 brn|[from] brn\n|upkeep\n|turn|8\n|\n|t:|1682105337\n|move|p2a: Dragapult|Dragon Darts|p1a: Chien-Pao\n|-damage|p1a: Chien-Pao|1\/100\n|-anim|p2a: Dragapult|Dragon Darts|p1b: Iron Hands\n|-damage|p1b: Iron Hands|58\/100 brn\n|move|p1a: Chien-Pao|Ice Spinner|p2b: Great Tusk\n|-supereffective|p2b: Great Tusk\n|-damage|p2b: Great Tusk|5\/100\n|move|p2b: Great Tusk|Headlong Rush|p1b: Iron Hands\n|-supereffective|p1b: Iron Hands\n|-damage|p1b: Iron Hands|0 fnt\n|-unboost|p2b: Great Tusk|def|1\n|-unboost|p2b: Great Tusk|spd|1\n|faint|p1b: Iron Hands\n|-end|p1b: Iron Hands|Quark Drive|[silent]\n|-damage|p2b: Great Tusk|0 fnt|[from] item: Life Orb\n|faint|p2b: Great Tusk\n|-end|p2b: Great Tusk|Protosynthesis|[silent]\n|\n|upkeep\n|turn|9\n|\n|t:|1682105357\n|move|p1a: Chien-Pao|Sucker Punch|p2a: Dragapult\n|-supereffective|p2a: Dragapult\n|-damage|p2a: Dragapult|0 fnt\n|faint|p2a: Dragapult\n|\n|win|Reuselation\n|raw|Reuselation's rating: 1114 → 1145<\/strong> (+31 for winning)\n|raw|MeltrozoVGC's rating: 1205 → 1174<\/strong> (-31 for losing)\n|c|\u2606MeltrozoVGC|sleep em all its a really bad gameplan bro\n|c|\u2606MeltrozoVGC|gg anyways\n|l|\u2606MeltrozoVGC\n","uploadtime":1682105364,"views":12,"p1id":"reuselation","p2id":"meltrozovgc","formatid":"gen9vgc2023regulationc","rating":1145,"private":0,"password":""}