{"id":"gen9vgc2023regulationc-1856966748","p1":"GTheDon","p2":"darrybest","format":"[Gen 9] VGC 2023 Regulation C","log":"|j|\u2606GTheDon\n|j|\u2606darrybest\n|t:|1683131467\n|gametype|doubles\n|player|p1|GTheDon|psychic|1196\n|player|p2|darrybest|1|1115\n|teamsize|p1|6\n|teamsize|p2|6\n|gen|9\n|tier|[Gen 9] VGC 2023 Regulation C\n|rated|\n|rule|Species Clause: Limit one of each Pok\u00e9mon\n|rule|Item Clause: Limit one of each item\n|clearpoke\n|poke|p1|Espathra, L50, M|\n|poke|p1|Grimmsnarl, L50, M|\n|poke|p1|Coalossal, L50, M|\n|poke|p1|Dragapult, L50, F|\n|poke|p1|Arcanine, L50, F|\n|poke|p1|Cyclizar, L50, F|\n|poke|p2|Wo-Chien, L50|\n|poke|p2|Annihilape, L50, F|\n|poke|p2|Corviknight, L50, F|\n|poke|p2|Iron Moth, L50|\n|poke|p2|Grimmsnarl, L50, M|\n|poke|p2|Glimmora, L50, M|\n|teampreview|4\n|\n|t:|1683131483\n|start\n|switch|p1a: Espathra|Espathra, L50, M|100\/100\n|switch|p1b: Grimmsnarl|Grimmsnarl, L50, M|100\/100\n|switch|p2a: Glimmora|Glimmora, L50, M|100\/100\n|switch|p2b: Grimmsnarl|Grimmsnarl, L50, M, shiny|100\/100\n|turn|1\n|inactive|Battle timer is ON: inactive players will automatically lose when time's up. (requested by GTheDon)\n|\n|t:|1683131498\n|move|p2b: Grimmsnarl|Thunder Wave|p1a: Espathra\n|-status|p1a: Espathra|par\n|move|p1b: Grimmsnarl|Light Screen|p1b: Grimmsnarl\n|-sidestart|p1: GTheDon|move: Light Screen\n|move|p2a: Glimmora|Stealth Rock|p1a: Espathra\n|-sidestart|p1: GTheDon|move: Stealth Rock\n|move|p1a: Espathra|Lumina Crash|p2a: Glimmora\n|-supereffective|p2a: Glimmora\n|-damage|p2a: Glimmora|48\/100\n|-unboost|p2a: Glimmora|spd|2\n|\n|-ability|p1a: Espathra|Speed Boost|boost\n|-boost|p1a: Espathra|spe|1\n|upkeep\n|turn|2\n|inactive|GTheDon has 30 seconds left.\n|\n|t:|1683131529\n|move|p1a: Espathra|Protect|p1a: Espathra\n|-singleturn|p1a: Espathra|Protect\n|move|p2b: Grimmsnarl|Light Screen|p2b: Grimmsnarl\n|-sidestart|p2: darrybest|move: Light Screen\n|move|p1b: Grimmsnarl|Reflect|p1b: Grimmsnarl\n|-sidestart|p1: GTheDon|Reflect\n|move|p2a: Glimmora|Sludge Bomb|p1b: Grimmsnarl\n|-supereffective|p1b: Grimmsnarl\n|-damage|p1b: Grimmsnarl|57\/100\n|\n|-ability|p1a: Espathra|Speed Boost|boost\n|-boost|p1a: Espathra|spe|1\n|upkeep\n|turn|3\n|\n|t:|1683131545\n|move|p1a: Espathra|Lumina Crash|p2a: Glimmora\n|-supereffective|p2a: Glimmora\n|-damage|p2a: Glimmora|0 fnt\n|faint|p2a: Glimmora\n|move|p2b: Grimmsnarl|Spirit Break|p1a: Espathra\n|-damage|p1a: Espathra|80\/100 par\n|-unboost|p1a: Espathra|spa|1\n|move|p1b: Grimmsnarl|Chilling Water|p2b: Grimmsnarl\n|-damage|p2b: Grimmsnarl|94\/100\n|-unboost|p2b: Grimmsnarl|atk|1\n|\n|-heal|p1a: Espathra|86\/100 par|[from] item: Leftovers\n|-ability|p1a: Espathra|Speed Boost|boost\n|-boost|p1a: Espathra|spe|1\n|upkeep\n|\n|t:|1683131555\n|switch|p2a: Wo-Chien|Wo-Chien, L50|100\/100\n|-ability|p2a: Wo-Chien|Tablets of Ruin\n|turn|4\n|\n|t:|1683131568\n|move|p1a: Espathra|Calm Mind|p1a: Espathra\n|-boost|p1a: Espathra|spa|1\n|-boost|p1a: Espathra|spd|1\n|move|p2a: Wo-Chien|Leech Seed|p1a: Espathra\n|-start|p1a: Espathra|move: Leech Seed\n|move|p2b: Grimmsnarl|Spirit Break|p1b: Grimmsnarl\n|-supereffective|p1b: Grimmsnarl\n|-damage|p1b: Grimmsnarl|35\/100\n|-unboost|p1b: Grimmsnarl|spa|1\n|move|p1b: Grimmsnarl|Spirit Break|p2a: Wo-Chien\n|-supereffective|p2a: Wo-Chien\n|-damage|p2a: Wo-Chien|63\/100\n|-unboost|p2a: Wo-Chien|spa|1\n|\n|-heal|p1a: Espathra|92\/100 par|[from] item: Leftovers\n|-damage|p1a: Espathra|80\/100 par|[from] Leech Seed|[of] p2a: Wo-Chien\n|-heal|p2a: Wo-Chien|80\/100|[silent]\n|-ability|p1a: Espathra|Speed Boost|boost\n|-boost|p1a: Espathra|spe|1\n|upkeep\n|turn|5\n|inactive|darrybest has 30 seconds left.\n|\n|t:|1683131598\n|move|p2b: Grimmsnarl|Reflect|p2b: Grimmsnarl\n|-sidestart|p2: darrybest|Reflect\n|cant|p1a: Espathra|par\n|move|p2a: Wo-Chien|Leech Seed|p1b: Grimmsnarl\n|-start|p1b: Grimmsnarl|move: Leech Seed\n|move|p1b: Grimmsnarl|Spirit Break|p2b: Grimmsnarl\n|-supereffective|p2b: Grimmsnarl\n|-damage|p2b: Grimmsnarl|60\/100\n|-unboost|p2b: Grimmsnarl|spa|1\n|\n|-heal|p1a: Espathra|86\/100 par|[from] item: Leftovers\n|-damage|p1a: Espathra|73\/100 par|[from] Leech Seed|[of] p2a: Wo-Chien\n|-heal|p2a: Wo-Chien|98\/100|[silent]\n|-damage|p1b: Grimmsnarl|22\/100|[from] Leech Seed|[of] p2a: Wo-Chien\n|-heal|p2a: Wo-Chien|100\/100|[silent]\n|-ability|p1a: Espathra|Speed Boost|boost\n|-boost|p1a: Espathra|spe|1\n|upkeep\n|turn|6\n|\n|t:|1683131612\n|move|p1a: Espathra|Dazzling Gleam|p2b: Grimmsnarl|[spread] p2a,p2b\n|-supereffective|p2a: Wo-Chien\n|-supereffective|p2b: Grimmsnarl\n|-damage|p2a: Wo-Chien|89\/100\n|-damage|p2b: Grimmsnarl|44\/100\n|move|p2a: Wo-Chien|Knock Off|p1a: Espathra\n|-supereffective|p1a: Espathra\n|-damage|p1a: Espathra|33\/100 par\n|-enditem|p1a: Espathra|Leftovers|[from] move: Knock Off|[of] p2a: Wo-Chien\n|move|p2b: Grimmsnarl|Spirit Break|p1b: Grimmsnarl\n|-supereffective|p1b: Grimmsnarl\n|-damage|p1b: Grimmsnarl|0 fnt\n|faint|p1b: Grimmsnarl\n|\n|-damage|p1a: Espathra|21\/100 par|[from] Leech Seed|[of] p2a: Wo-Chien\n|-heal|p2a: Wo-Chien|100\/100|[silent]\n|-ability|p1a: Espathra|Speed Boost|boost\n|-boost|p1a: Espathra|spe|1\n|upkeep\n|\n|t:|1683131623\n|switch|p1b: Coalossal|Coalossal, L50, M|100\/100\n|-damage|p1b: Coalossal|76\/100|[from] Stealth Rock\n|turn|7\n|\n|t:|1683131633\n|switch|p1a: Dragapult|Dragapult, L50, F|100\/100\n|-damage|p1a: Dragapult|89\/100|[from] Stealth Rock\n|-terastallize|p2a: Wo-Chien|Fire\n|-terastallize|p1b: Coalossal|Grass\n|move|p2a: Wo-Chien|Leech Seed|p1b: Coalossal\n|-immune|p1b: Coalossal\n|move|p2b: Grimmsnarl|Spirit Break|p1b: Coalossal\n|-damage|p1b: Coalossal|68\/100\n|-unboost|p1b: Coalossal|spa|1\n|move|p1b: Coalossal|Heat Wave|p2b: Grimmsnarl|[spread] p2a,p2b\n|-resisted|p2a: Wo-Chien\n|-damage|p2a: Wo-Chien|97\/100\n|-damage|p2b: Grimmsnarl|34\/100\n|-status|p2b: Grimmsnarl|brn\n|\n|-damage|p2b: Grimmsnarl|28\/100 brn|[from] brn\n|upkeep\n|turn|8\n|\n|t:|1683131656\n|move|p2b: Grimmsnarl|Thunder Wave|p1b: Coalossal|[miss]\n|-miss|p2b: Grimmsnarl|p1b: Coalossal\n|move|p1a: Dragapult|Surf|p2a: Wo-Chien|[spread] p1b,p2a,p2b\n|-resisted|p1b: Coalossal\n|-supereffective|p2a: Wo-Chien\n|-damage|p1b: Coalossal|63\/100\n|-damage|p2a: Wo-Chien|86\/100\n|-damage|p2b: Grimmsnarl|20\/100 brn\n|-ability|p1b: Coalossal|Steam Engine|boost\n|-boost|p1b: Coalossal|spe|6\n|-enditem|p1b: Coalossal|Absorb Bulb\n|-boost|p1b: Coalossal|spa|1|[from] item: Absorb Bulb\n|move|p1b: Coalossal|Power Gem|p2a: Wo-Chien\n|-supereffective|p2a: Wo-Chien\n|-damage|p2a: Wo-Chien|57\/100\n|move|p2a: Wo-Chien|Leech Seed|p1a: Dragapult\n|-start|p1a: Dragapult|move: Leech Seed\n|\n|-damage|p1a: Dragapult|77\/100|[from] Leech Seed|[of] p2a: Wo-Chien\n|-heal|p2a: Wo-Chien|71\/100|[silent]\n|-damage|p2b: Grimmsnarl|14\/100 brn|[from] brn\n|-sideend|p1: GTheDon|move: Light Screen\n|upkeep\n|turn|9\n|inactive|darrybest has 30 seconds left.\n|\n|t:|1683131685\n|move|p2b: Grimmsnarl|Thunder Wave|p1b: Coalossal\n|-status|p1b: Coalossal|par\n|move|p1a: Dragapult|Phantom Force||[still]\n|-prepare|p1a: Dragapult|Phantom Force\n|move|p1b: Coalossal|Power Gem|p2a: Wo-Chien\n|-supereffective|p2a: Wo-Chien\n|-damage|p2a: Wo-Chien|42\/100\n|move|p2a: Wo-Chien|Knock Off|p1a: Dragapult|[miss]\n|-miss|p2a: Wo-Chien|p1a: Dragapult\n|\n|-damage|p1a: Dragapult|65\/100|[from] Leech Seed|[of] p2a: Wo-Chien\n|-heal|p2a: Wo-Chien|56\/100|[silent]\n|-damage|p2b: Grimmsnarl|8\/100 brn|[from] brn\n|-sideend|p1: GTheDon|Reflect\n|-sideend|p2: darrybest|move: Light Screen\n|upkeep\n|turn|10\n|\n|t:|1683131702\n|move|p2b: Grimmsnarl|Light Screen|p2b: Grimmsnarl\n|-sidestart|p2: darrybest|move: Light Screen\n|move|p1a: Dragapult|Phantom Force|p2b: Grimmsnarl|[from]lockedmove\n|-resisted|p2b: Grimmsnarl\n|-damage|p2b: Grimmsnarl|0 fnt\n|faint|p2b: Grimmsnarl\n|move|p1b: Coalossal|Power Gem|p2a: Wo-Chien\n|-supereffective|p2a: Wo-Chien\n|-damage|p2a: Wo-Chien|29\/100\n|move|p2a: Wo-Chien|Leech Seed|p1b: Coalossal\n|-immune|p1b: Coalossal\n|\n|-damage|p1a: Dragapult|53\/100|[from] Leech Seed|[of] p2a: Wo-Chien\n|-heal|p2a: Wo-Chien|43\/100|[silent]\n|upkeep\n|\n|t:|1683131714\n|switch|p2b: Corviknight|Corviknight, L50, F, shiny|100\/100\n|turn|11\n|\n|t:|1683131722\n|move|p2a: Wo-Chien|Protect|p2a: Wo-Chien\n|-singleturn|p2a: Wo-Chien|Protect\n|move|p1a: Dragapult|Dragon Darts|p2b: Corviknight\n|-resisted|p2b: Corviknight\n|-damage|p2b: Corviknight|96\/100\n|-anim|p1a: Dragapult|Dragon Darts|p2b: Corviknight\n|-resisted|p2b: Corviknight\n|-damage|p2b: Corviknight|91\/100\n|move|p1b: Coalossal|Heat Wave|p2a: Wo-Chien|[spread] p2b\n|-activate|p2a: Wo-Chien|move: Protect\n|-supereffective|p2b: Corviknight\n|-damage|p2b: Corviknight|57\/100\n|move|p2b: Corviknight|Brave Bird|p1b: Coalossal\n|-supereffective|p1b: Coalossal\n|-damage|p1b: Coalossal|24\/100 par\n|-damage|p2b: Corviknight|44\/100|[from] Recoil\n|\n|-damage|p1a: Dragapult|41\/100|[from] Leech Seed|[of] p2a: Wo-Chien\n|-heal|p2a: Wo-Chien|58\/100|[silent]\n|upkeep\n|turn|12\n|\n|t:|1683131744\n|move|p1a: Dragapult|Dragon Darts|p2b: Corviknight\n|-resisted|p2b: Corviknight\n|-damage|p2b: Corviknight|39\/100\n|-anim|p1a: Dragapult|Dragon Darts|p2a: Wo-Chien\n|-damage|p2a: Wo-Chien|47\/100\n|move|p1b: Coalossal|Power Gem|p2a: Wo-Chien\n|-supereffective|p2a: Wo-Chien\n|-damage|p2a: Wo-Chien|19\/100\n|move|p2b: Corviknight|Tailwind|p2b: Corviknight\n|-sidestart|p2: darrybest|move: Tailwind\n|move|p2a: Wo-Chien|Knock Off|p1b: Coalossal\n|-damage|p1b: Coalossal|11\/100 par\n|\n|-damage|p1a: Dragapult|29\/100|[from] Leech Seed|[of] p2a: Wo-Chien\n|-heal|p2a: Wo-Chien|34\/100|[silent]\n|-sideend|p2: darrybest|Reflect\n|upkeep\n|turn|13\n|\n|t:|1683131760\n|move|p2a: Wo-Chien|Protect|p2a: Wo-Chien\n|-singleturn|p2a: Wo-Chien|Protect\n|move|p1a: Dragapult|Dragon Darts|p2b: Corviknight\n|-resisted|p2b: Corviknight\n|-damage|p2b: Corviknight|31\/100\n|-anim|p1a: Dragapult|Dragon Darts|p2b: Corviknight\n|-resisted|p2b: Corviknight\n|-damage|p2b: Corviknight|24\/100\n|-enditem|p2b: Corviknight|Figy Berry|[eat]\n|-heal|p2b: Corviknight|57\/100|[from] item: Figy Berry\n|move|p2b: Corviknight|Roost|p2b: Corviknight\n|-heal|p2b: Corviknight|100\/100\n|-singleturn|p2b: Corviknight|move: Roost\n|move|p1b: Coalossal|Power Gem|p2a: Wo-Chien\n|-activate|p2a: Wo-Chien|move: Protect\n|\n|-damage|p1a: Dragapult|17\/100|[from] Leech Seed|[of] p2a: Wo-Chien\n|-heal|p2a: Wo-Chien|48\/100|[silent]\n|upkeep\n|turn|14\n|\n|t:|1683131781\n|move|p1a: Dragapult|Dragon Darts|p2b: Corviknight\n|-resisted|p2b: Corviknight\n|-damage|p2b: Corviknight|93\/100\n|-anim|p1a: Dragapult|Dragon Darts|p2a: Wo-Chien\n|-damage|p2a: Wo-Chien|33\/100\n|move|p2b: Corviknight|Brave Bird|p1a: Dragapult\n|-damage|p1a: Dragapult|0 fnt\n|faint|p1a: Dragapult\n|-damage|p2b: Corviknight|88\/100|[from] Recoil\n|move|p2a: Wo-Chien|Knock Off|p1b: Coalossal\n|-damage|p1b: Coalossal|0 fnt\n|faint|p1b: Coalossal\n|\n|upkeep\n|\n|t:|1683131790\n|switch|p1a: Espathra|Espathra, L50, M|21\/100 par\n|-damage|p1a: Espathra|8\/100 par|[from] Stealth Rock\n|turn|15\n|\n|t:|1683131797\n|move|p1a: Espathra|Protect|p1a: Espathra\n|-singleturn|p1a: Espathra|Protect\n|move|p2b: Corviknight|Roost|p2b: Corviknight\n|-heal|p2b: Corviknight|100\/100\n|-singleturn|p2b: Corviknight|move: Roost\n|move|p2a: Wo-Chien|Leech Seed|p1a: Espathra\n|-activate|p1a: Espathra|move: Protect\n|\n|-sideend|p2: darrybest|move: Tailwind\n|-ability|p1a: Espathra|Speed Boost|boost\n|-boost|p1a: Espathra|spe|1\n|upkeep\n|turn|16\n|\n|t:|1683131812\n|move|p2b: Corviknight|Tailwind|p2b: Corviknight\n|-sidestart|p2: darrybest|move: Tailwind\n|move|p2a: Wo-Chien|Leech Seed|p1a: Espathra\n|-start|p1a: Espathra|move: Leech Seed\n|cant|p1a: Espathra|par\n|\n|-damage|p1a: Espathra|0 fnt|[from] Leech Seed|[of] p2a: Wo-Chien\n|-heal|p2a: Wo-Chien|45\/100|[silent]\n|faint|p1a: Espathra\n|\n|win|darrybest\n|upkeep\n|raw|GTheDon's rating: 1196 → 1165<\/strong> (-31 for losing)\n|raw|darrybest's rating: 1115 → 1146<\/strong> (+31 for winning)\n|l|\u2606GTheDon\n","uploadtime":1683131827,"views":15,"p1id":"gthedon","p2id":"darrybest","formatid":"gen9vgc2023regulationc","rating":1146,"private":0,"password":""}