{"id":"gen9vgc2023regulationc-1855973663","p1":"BrinaMorningstar","p2":"Abith gamertv","format":"[Gen 9] VGC 2023 Regulation C","log":"|j|\u2606BrinaMorningstar\n|j|\u2606Abith gamertv\n|t:|1683010101\n|gametype|doubles\n|player|p1|BrinaMorningstar|2|1142\n|player|p2|Abith gamertv|266|1089\n|teamsize|p1|6\n|teamsize|p2|6\n|gen|9\n|tier|[Gen 9] VGC 2023 Regulation C\n|rated|\n|rule|Species Clause: Limit one of each Pok\u00e9mon\n|rule|Item Clause: Limit one of each item\n|clearpoke\n|poke|p1|Glaceon, L50, F|\n|poke|p1|Abomasnow, L50, F|\n|poke|p1|Iron Bundle, L50|\n|poke|p1|Ting-Lu, L50|\n|poke|p1|Tyranitar, L50, M|\n|poke|p1|Vivillon, L50, F|\n|poke|p2|Flutter Mane, L50|\n|poke|p2|Scream Tail, L50|\n|poke|p2|Gothitelle, L50, F|\n|poke|p2|Arcanine, L50, F|\n|poke|p2|Palafin, L50, M|\n|poke|p2|Amoonguss, L50, F|\n|teampreview|4\nAbith gamertv has agreed to open team sheets.\n|inactive|Battle timer is ON: inactive players will automatically lose when time's up. (requested by Abith gamertv)\n|inactive|Abith gamertv has 60 seconds left.\n|\n|t:|1683010141\n|start\n|switch|p1a: Abomasnow|Abomasnow, L50, F, shiny|100\/100\n|switch|p1b: Iron Bundle|Iron Bundle, L50, shiny|100\/100\n|switch|p2a: Scream Tail|Scream Tail, L50|100\/100\n|switch|p2b: Arcanine|Arcanine, L50, F|100\/100\n|-ability|p2b: Arcanine|Intimidate|boost\n|-unboost|p1a: Abomasnow|atk|1\n|-unboost|p1b: Iron Bundle|atk|1\n|-weather|Snow|[from] ability: Snow Warning|[of] p1a: Abomasnow\n|-enditem|p1b: Iron Bundle|Booster Energy\n|-activate|p1b: Iron Bundle|ability: Quark Drive|[fromitem]\n|-start|p1b: Iron Bundle|quarkdrivespe\n|-enditem|p2a: Scream Tail|Booster Energy\n|-activate|p2a: Scream Tail|ability: Protosynthesis|[fromitem]\n|-start|p2a: Scream Tail|protosynthesisspe\n|turn|1\n|inactive|BrinaMorningstar has 30 seconds left.\n|\n|t:|1683010167\n|move|p2a: Scream Tail|Protect|p2a: Scream Tail\n|-singleturn|p2a: Scream Tail|Protect\n|move|p1b: Iron Bundle|Aurora Veil|p1b: Iron Bundle\n|-sidestart|p1: BrinaMorningstar|move: Aurora Veil\n|move|p2b: Arcanine|Flare Blitz|p1a: Abomasnow\n|-supereffective|p1a: Abomasnow\n|-damage|p1a: Abomasnow|0 fnt\n|faint|p1a: Abomasnow\n|-damage|p2b: Arcanine|66\/100|[from] Recoil\n|\n|-weather|Snow|[upkeep]\n|upkeep\n|\n|t:|1683010177\n|switch|p1a: Vivillon|Vivillon, L50, F|100\/100\n|turn|2\n|\n|t:|1683010195\n|-terastallize|p1a: Vivillon|Fire\n|move|p1b: Iron Bundle|Hydro Pump|p2b: Arcanine\n|-supereffective|p2b: Arcanine\n|-damage|p2b: Arcanine|0 fnt\n|faint|p2b: Arcanine\n|move|p2a: Scream Tail|Play Rough|p1b: Iron Bundle\n|-damage|p1b: Iron Bundle|90\/100\n|move|p1a: Vivillon|Tailwind|p1a: Vivillon\n|-sidestart|p1: BrinaMorningstar|move: Tailwind\n|\n|-weather|Snow|[upkeep]\n|upkeep\n|\n|t:|1683010204\n|switch|p2b: Gothitelle|Gothitelle, L50, F|100\/100\n|turn|3\n|\n|t:|1683010212\n|move|p2b: Gothitelle|Fake Out|p1b: Iron Bundle\n|-damage|p1b: Iron Bundle|88\/100\n|move|p1a: Vivillon|Rage Powder|p1a: Vivillon\n|-singleturn|p1a: Vivillon|move: Rage Powder\n|cant|p1b: Iron Bundle|flinch\n|move|p2a: Scream Tail|Perish Song|p2a: Scream Tail\n|-start|p1a: Vivillon|perish3|[silent]\n|-start|p1b: Iron Bundle|perish3|[silent]\n|-start|p2a: Scream Tail|perish3|[silent]\n|-start|p2b: Gothitelle|perish3|[silent]\n|-fieldactivate|move: Perish Song\n|\n|-weather|Snow|[upkeep]\n|-start|p1b: Iron Bundle|perish3\n|-start|p1a: Vivillon|perish3\n|-start|p2a: Scream Tail|perish3\n|-start|p2b: Gothitelle|perish3\n|upkeep\n|turn|4\n|inactive|Abith gamertv has 30 seconds left.\n|inactive|Abith gamertv has 20 seconds left.\n|\n|t:|1683010253\n|move|p1a: Vivillon|Rage Powder|p1a: Vivillon\n|-singleturn|p1a: Vivillon|move: Rage Powder\n|move|p1b: Iron Bundle|Blizzard|p2a: Scream Tail|[spread] p2a,p2b\n|-damage|p2a: Scream Tail|73\/100\n|-damage|p2b: Gothitelle|68\/100\n|move|p2a: Scream Tail|Disable|p1a: Vivillon\n|-start|p1a: Vivillon|Disable|Rage Powder\n|move|p2b: Gothitelle|Psychic|p1a: Vivillon\n|-damage|p1a: Vivillon|68\/100\n|\n|-weather|Snow|[upkeep]\n|-start|p1b: Iron Bundle|perish2\n|-start|p1a: Vivillon|perish2\n|-start|p2a: Scream Tail|perish2\n|-start|p2b: Gothitelle|perish2\n|upkeep\n|turn|5\n|n|!BrinaMorningstar|brinamorningstar\n|inactive|BrinaMorningstar has 30 seconds left.\n|inactive|BrinaMorningstar has 20 seconds left.\n|inactive|BrinaMorningstar has 15 seconds left.\n|-message|BrinaMorningstar forfeited.\n|\n|win|Abith gamertv\n|raw|BrinaMorningstar's rating: 1142 → 1113<\/strong> (-29 for losing)\n|raw|Abith gamertv's rating: 1089 → 1120<\/strong> (+31 for winning)\n|l|!BrinaMorningstar\n","uploadtime":1683010275,"views":16,"p1id":"brinamorningstar","p2id":"abithgamertv","formatid":"gen9vgc2023regulationc","rating":1113,"private":0,"password":""}