{"id":"gen9vgc2023regulationc-1846658575","p1":"kushsmoker68","p2":"OhmMyCod","format":"[Gen 9] VGC 2023 Regulation C","log":"|j|\u2606kushsmoker68\n|j|\u2606OhmMyCod\n|t:|1681862555\n|gametype|doubles\n|player|p1|kushsmoker68|clerkf|1112\n|player|p2|OhmMyCod|265|1155\n|teamsize|p1|6\n|teamsize|p2|6\n|gen|9\n|tier|[Gen 9] VGC 2023 Regulation C\n|rated|\n|rule|Species Clause: Limit one of each Pok\u00e9mon\n|rule|Item Clause: Limit one of each item\n|clearpoke\n|poke|p1|Tatsugiri, L50, M|\n|poke|p1|Dondozo, L50, F|\n|poke|p1|Flutter Mane, L50|\n|poke|p1|Flamigo, L50, M|\n|poke|p1|Ceruledge, L50, F|\n|poke|p1|Maushold, L50|\n|poke|p2|Corviknight, L50, F|\n|poke|p2|Maushold, L50|\n|poke|p2|Annihilape, L50, M|\n|poke|p2|Scream Tail, L50|\n|poke|p2|Iron Bundle, L50|\n|poke|p2|Ceruledge, L50, F|\n|teampreview|4\nkushsmoker68 has agreed to open team sheets.\nOhmMyCod has agreed to open team sheets.\n|\n|t:|1681862602\n|start\n|switch|p1a: SUSHI!|Tatsugiri, L50, M|100\/100\n|switch|p1b: Lil Flutty Mane|Flutter Mane, L50|100\/100\n|switch|p2a: Maushold|Maushold, L50|100\/100\n|switch|p2b: Annihilape|Annihilape, L50, M|100\/100\n|-enditem|p1b: Lil Flutty Mane|Booster Energy\n|-activate|p1b: Lil Flutty Mane|ability: Protosynthesis|[fromitem]\n|-start|p1b: Lil Flutty Mane|protosynthesisspe\n|turn|1\n|c|\u2606kushsmoker68|heh, nice ceruledge\n|c|\u2606kushsmoker68|and the based maushold pick\n|\n|t:|1681862636\n|move|p1b: Lil Flutty Mane|Protect|p1b: Lil Flutty Mane\n|-singleturn|p1b: Lil Flutty Mane|Protect\n|move|p1a: SUSHI!|Protect|p1a: SUSHI!\n|-singleturn|p1a: SUSHI!|Protect\n|move|p2a: Maushold|Follow Me|p2a: Maushold\n|-singleturn|p2a: Maushold|move: Follow Me\n|move|p2b: Annihilape|Rage Fist|p1b: Lil Flutty Mane\n|-activate|p1b: Lil Flutty Mane|move: Protect\n|\n|upkeep\n|turn|2\n|\n|t:|1681862648\n|-terastallize|p2b: Annihilape|Water\n|move|p1b: Lil Flutty Mane|Perish Song|p1b: Lil Flutty Mane\n|-start|p1a: SUSHI!|perish3|[silent]\n|-start|p1b: Lil Flutty Mane|perish3|[silent]\n|-start|p2a: Maushold|perish3|[silent]\n|-start|p2b: Annihilape|perish3|[silent]\n|-fieldactivate|move: Perish Song\n|move|p2a: Maushold|Beat Up|p2b: Annihilape\n|-damage|p2b: Annihilape|95\/100\n|-damage|p2b: Annihilape|87\/100\n|-damage|p2b: Annihilape|82\/100\n|-damage|p2b: Annihilape|77\/100\n|-hitcount|p2b: Annihilape|4\n|move|p2b: Annihilape|Rage Fist|p1b: Lil Flutty Mane\n|-supereffective|p1b: Lil Flutty Mane\n|-damage|p1b: Lil Flutty Mane|0 fnt\n|faint|p1b: Lil Flutty Mane\n|-end|p1b: Lil Flutty Mane|Protosynthesis|[silent]\n|move|p1a: SUSHI!|Draco Meteor|p2b: Annihilape\n|-damage|p2b: Annihilape|13\/100\n|-unboost|p1a: SUSHI!|spa|2\n|-enditem|p2b: Annihilape|Sitrus Berry|[eat]\n|-heal|p2b: Annihilape|38\/100|[from] item: Sitrus Berry\n|\n|-start|p2a: Maushold|perish3\n|-start|p2b: Annihilape|perish3\n|-start|p1a: SUSHI!|perish3\n|upkeep\n|\n|t:|1681862670\n|switch|p1b: Donny D|Dondozo, L50, F|100\/100\n|-activate|p1a: SUSHI!|ability: Commander|[of] p1b: Donny D\n|-boost|p1b: Donny D|atk|2\n|-boost|p1b: Donny D|spa|2\n|-boost|p1b: Donny D|spe|2\n|-boost|p1b: Donny D|def|2\n|-boost|p1b: Donny D|spd|2\n|turn|3\n|\n|t:|1681862685\n|switch|p2b: Scream Tail|Scream Tail, L50|100\/100\n|move|p2a: Maushold|Population Bomb|p1b: Donny D\n|-crit|p1b: Donny D\n|-damage|p1b: Donny D|87\/100\n|-damage|p1b: Donny D|83\/100\n|-damage|p1b: Donny D|78\/100\n|-damage|p1b: Donny D|74\/100\n|-damage|p1b: Donny D|69\/100\n|-damage|p1b: Donny D|64\/100\n|-damage|p1b: Donny D|60\/100\n|-damage|p1b: Donny D|56\/100\n|-damage|p1b: Donny D|52\/100\n|-damage|p1b: Donny D|48\/100\n|-hitcount|p1b: Donny D|10\n|move|p1b: Donny D|Earthquake|p2a: Maushold|[spread] p2a,p2b\n|-miss|p1b: Donny D|p1a: SUSHI!\n|-damage|p2a: Maushold|38\/100\n|-damage|p2b: Scream Tail|66\/100\n|\n|-heal|p1b: Donny D|54\/100|[from] item: Leftovers\n|-start|p2a: Maushold|perish2\n|-start|p1a: SUSHI!|perish2\n|upkeep\n|turn|4\n|\n|t:|1681862740\n|switch|p2a: Iron Bundle|Iron Bundle, L50|100\/100\n|-enditem|p2a: Iron Bundle|Booster Energy\n|-activate|p2a: Iron Bundle|ability: Quark Drive|[fromitem]\n|-start|p2a: Iron Bundle|quarkdrivespe\n|move|p2b: Scream Tail|Disable|p1b: Donny D\n|-start|p1b: Donny D|Disable|Earthquake\n|move|p1b: Donny D|Substitute|p1b: Donny D\n|-start|p1b: Donny D|Substitute\n|-damage|p1b: Donny D|30\/100\n|\n|-heal|p1b: Donny D|36\/100|[from] item: Leftovers\n|-start|p1a: SUSHI!|perish1\n|upkeep\n|turn|5\n|\n|t:|1681862772\n|move|p2a: Iron Bundle|Freeze-Dry|p1b: Donny D\n|-supereffective|p1b: Donny D\n|-crit|p1b: Donny D\n|-end|p1b: Donny D|Substitute\n|move|p2b: Scream Tail|Encore|p1b: Donny D\n|-start|p1b: Donny D|Encore\n|move|p1b: Donny D|Substitute|p1b: Donny D\n|-start|p1b: Donny D|Substitute\n|-damage|p1b: Donny D|11\/100\n|\n|-heal|p1b: Donny D|17\/100|[from] item: Leftovers\n|-start|p1a: SUSHI!|perish0\n|upkeep\n|faint|p1a: SUSHI!\n|\n|t:|1681862783\n|switch|p1a: Samba De Flamigo|Flamigo, L50, M|100\/100\n|-copyboost|p1a: Samba De Flamigo|p1b: Donny D|[from] ability: Costar\n|turn|6\n|\n|t:|1681862807\n|-terastallize|p1a: Samba De Flamigo|Flying\n|move|p1a: Samba De Flamigo|Brave Bird|p2a: Iron Bundle\n|-damage|p2a: Iron Bundle|0 fnt\n|faint|p2a: Iron Bundle\n|-end|p2a: Iron Bundle|Quark Drive|[silent]\n|-damage|p1a: Samba De Flamigo|73\/100|[from] Recoil\n|move|p2b: Scream Tail|Disable|p1a: Samba De Flamigo\n|-start|p1a: Samba De Flamigo|Disable|Brave Bird\n|move|p1b: Donny D|Substitute|p1b: Donny D\n|-fail|p1b: Donny D|move: Substitute\n|\n|-heal|p1b: Donny D|24\/100|[from] item: Leftovers\n|upkeep\n|\n|t:|1681862819\n|switch|p2a: Maushold|Maushold, L50|38\/100\n|turn|7\n|\n|t:|1681862826\n|-activate|p1a: Samba De Flamigo|move: Struggle\n|move|p1a: Samba De Flamigo|Struggle|p2b: Scream Tail\n|-damage|p2b: Scream Tail|37\/100\n|-damage|p1a: Samba De Flamigo|48\/100|[from] recoil\n|move|p2a: Maushold|Population Bomb|p1a: Samba De Flamigo\n|-damage|p1a: Samba De Flamigo|40\/100\n|-damage|p1a: Samba De Flamigo|32\/100\n|-damage|p1a: Samba De Flamigo|23\/100\n|-damage|p1a: Samba De Flamigo|14\/100\n|-damage|p1a: Samba De Flamigo|6\/100\n|-damage|p1a: Samba De Flamigo|0 fnt\n|faint|p1a: Samba De Flamigo\n|-hitcount|p1: Samba De Flamigo|6\n|move|p2b: Scream Tail|Play Rough|p1b: Donny D\n|-activate|p1b: Donny D|move: Substitute|[damage]\n|move|p1b: Donny D|Substitute|p1b: Donny D\n|-fail|p1b: Donny D|move: Substitute\n|\n|-heal|p1b: Donny D|30\/100|[from] item: Leftovers\n|-end|p1b: Donny D|Encore\n|-end|p1b: Donny D|Disable\n|upkeep\n|turn|8\n|\n|t:|1681862854\n|move|p2b: Scream Tail|Encore|p1b: Donny D\n|-start|p1b: Donny D|Encore\n|move|p2a: Maushold|Population Bomb|p1b: Donny D\n|-activate|p1b: Donny D|move: Substitute|[damage]\n|-activate|p1b: Donny D|move: Substitute|[damage]\n|-activate|p1b: Donny D|move: Substitute|[damage]\n|-activate|p1b: Donny D|move: Substitute|[damage]\n|-end|p1b: Donny D|Substitute\n|-damage|p1b: Donny D|25\/100\n|-damage|p1b: Donny D|21\/100\n|-damage|p1b: Donny D|16\/100\n|-damage|p1b: Donny D|12\/100\n|-damage|p1b: Donny D|8\/100\n|-hitcount|p1b: Donny D|10\n|move|p1b: Donny D|Substitute|p1b: Donny D\n|-fail|p1b: Donny D|move: Substitute|[weak]\n|\n|-heal|p1b: Donny D|14\/100|[from] item: Leftovers\n|upkeep\n|turn|9\n|\n|t:|1681862885\n|move|p2b: Scream Tail|Disable|p1b: Donny D\n|-start|p1b: Donny D|Disable|Substitute\n|move|p2a: Maushold|Population Bomb|p1b: Donny D\n|-damage|p1b: Donny D|10\/100\n|-crit|p1b: Donny D\n|-damage|p1b: Donny D|0 fnt\n|faint|p1b: Donny D\n|-hitcount|p1: Donny D|2\n|\n|win|OhmMyCod\n|raw|kushsmoker68's rating: 1112 → 1090<\/strong> (-22 for losing)\n|raw|OhmMyCod's rating: 1155 → 1177<\/strong> (+22 for winning)\n|l|\u2606OhmMyCod\n","uploadtime":1681862898,"views":11,"p1id":"kushsmoker68","p2id":"ohmmycod","formatid":"gen9vgc2023regulationc","rating":1090,"private":0,"password":""}