{"id":"gen9vgc2023regulationc-1854114795","p1":"Thffhggj","p2":"Alaskan_fisher","format":"[Gen 9] VGC 2023 Regulation C","log":"|j|\u2606Thffhggj\n|j|\u2606Alaskan_fisher\n|t:|1682771627\n|gametype|doubles\n|player|p1|Thffhggj|2|1383\n|player|p2|Alaskan_fisher|fisherman-gen4|1370\n|teamsize|p1|6\n|teamsize|p2|6\n|gen|9\n|tier|[Gen 9] VGC 2023 Regulation C\n|rated|\n|rule|Species Clause: Limit one of each Pok\u00e9mon\n|rule|Item Clause: Limit one of each item\n|clearpoke\n|poke|p1|Sableye, L50, F|\n|poke|p1|Amoonguss, L50, F|\n|poke|p1|Palafin, L50, M|\n|poke|p1|Arcanine, L50, F|\n|poke|p1|Flutter Mane, L50|\n|poke|p1|Lycanroc-Dusk, L50, F|\n|poke|p2|Iron Hands, L50|\n|poke|p2|Palafin, L50, F|\n|poke|p2|Arcanine, L50, M|\n|poke|p2|Flutter Mane, L50|\n|poke|p2|Chi-Yu, L50|\n|poke|p2|Amoonguss, L50, F|\n|teampreview|4\n|inactive|Battle timer is ON: inactive players will automatically lose when time's up. (requested by Thffhggj)\nAlaskan_fisher has agreed to open team sheets.\n|inactive|Alaskan_fisher has 60 seconds left.\nThffhggj has agreed to open team sheets.\n|\n|t:|1682771677\n|start\n|switch|p1a: Arcanine|Arcanine, L50, F|100\/100\n|switch|p1b: Sableye|Sableye, L50, F|100\/100\n|switch|p2a: Iron Hands|Iron Hands, L50|100\/100\n|switch|p2b: Palafin|Palafin, L50, F|100\/100\n|-ability|p1a: Arcanine|Intimidate|boost\n|-unboost|p2a: Iron Hands|atk|1\n|-unboost|p2b: Palafin|atk|1\n|turn|1\n|\n|t:|1682771712\n|detailschange|p2b: Palafin|Palafin-Hero, L50, F\n|switch|p2b: Flutter Mane|Flutter Mane, L50|100\/100\n|-terastallize|p2a: Iron Hands|Fire\n|move|p1b: Sableye|Thunder Wave|p2b: Flutter Mane\n|-status|p2b: Flutter Mane|par\n|move|p1a: Arcanine|Will-O-Wisp|p2a: Iron Hands\n|-immune|p2a: Iron Hands\n|move|p2a: Iron Hands|Wild Charge|p1b: Sableye\n|-damage|p1b: Sableye|51\/100\n|-damage|p2a: Iron Hands|92\/100|[from] Recoil\n|-enditem|p1b: Sableye|Eject Button\n|\n|t:|1682771719\n|switch|p1b: Lycanroc|Lycanroc-Dusk, L50, F|100\/100\n|\n|upkeep\n|turn|2\n|\n|t:|1682771734\n|move|p1b: Lycanroc|Protect|p1b: Lycanroc\n|-singleturn|p1b: Lycanroc|Protect\n|move|p2a: Iron Hands|Protect|p2a: Iron Hands\n|-singleturn|p2a: Iron Hands|Protect\n|move|p1a: Arcanine|Howl|p1a: Arcanine|[spread] p1a,p1b\n|-boost|p1a: Arcanine|atk|1\n|-boost|p1b: Lycanroc|atk|1\n|move|p2b: Flutter Mane|Dazzling Gleam|p1b: Lycanroc|[spread] p1a\n|-activate|p1b: Lycanroc|move: Protect\n|-resisted|p1a: Arcanine\n|-damage|p1a: Arcanine|82\/100\n|\n|upkeep\n|turn|3\n|inactive|Alaskan_fisher has 30 seconds left.\n|inactive|Alaskan_fisher has 20 seconds left.\n|\n|t:|1682771772\n|-end|p2a: Iron Hands|Quark Drive|[silent]\n|switch|p2a: Palafin|Palafin-Hero, L50, F|100\/100\n|-activate|p2a: Palafin|ability: Zero to Hero\n|-terastallize|p1b: Lycanroc|Rock\n|move|p1b: Lycanroc|Rock Slide|p2b: Flutter Mane|[spread] p2a,p2b\n|-damage|p2a: Palafin|31\/100\n|-damage|p2b: Flutter Mane|0 fnt\n|faint|p2b: Flutter Mane\n|-end|p2b: Flutter Mane|Protosynthesis|[silent]\n|-damage|p1b: Lycanroc|91\/100|[from] item: Life Orb\n|move|p1a: Arcanine|Howl|p1a: Arcanine|[spread] p1a,p1b\n|-boost|p1a: Arcanine|atk|1\n|-boost|p1b: Lycanroc|atk|1\n|\n|upkeep\n|\n|t:|1682771786\n|switch|p2b: Amoonguss|Amoonguss, L50, F|100\/100\n|turn|4\n|inactive|Alaskan_fisher has 30 seconds left.\n|\n|t:|1682771814\n|move|p1b: Lycanroc|Protect|p1b: Lycanroc\n|-singleturn|p1b: Lycanroc|Protect\n|move|p2b: Amoonguss|Rage Powder|p2b: Amoonguss\n|-singleturn|p2b: Amoonguss|move: Rage Powder\n|move|p2a: Palafin|Jet Punch|p1a: Arcanine\n|-supereffective|p1a: Arcanine\n|-damage|p1a: Arcanine|0 fnt\n|faint|p1a: Arcanine\n|\n|upkeep\n|\n|t:|1682771823\n|switch|p1a: Palafin|Palafin, L50, M|100\/100\n|turn|5\n|inactive|Alaskan_fisher has 30 seconds left.\n|\n|t:|1682771866\n|detailschange|p1a: Palafin|Palafin-Hero, L50, M\n|switch|p1a: Sableye|Sableye, L50, F|51\/100\n|move|p2b: Amoonguss|Rage Powder|p2b: Amoonguss\n|-singleturn|p2b: Amoonguss|move: Rage Powder\n|move|p1b: Lycanroc|Accelerock|p2b: Amoonguss\n|-damage|p2b: Amoonguss|29\/100\n|-enditem|p2b: Amoonguss|Sitrus Berry|[eat]\n|-heal|p2b: Amoonguss|53\/100|[from] item: Sitrus Berry\n|-damage|p1b: Lycanroc|81\/100|[from] item: Life Orb\n|move|p2a: Palafin|Jet Punch|p1b: Lycanroc\n|-supereffective|p1b: Lycanroc\n|-damage|p1b: Lycanroc|0 fnt\n|faint|p1b: Lycanroc\n|\n|upkeep\n|\n|t:|1682771870\n|switch|p1b: Palafin|Palafin-Hero, L50, M|100\/100\n|-activate|p1b: Palafin|ability: Zero to Hero\n|turn|6\n|inactive|Alaskan_fisher has 30 seconds left.\n|inactive|Alaskan_fisher has 20 seconds left.\n|\n|t:|1682771908\n|move|p2a: Palafin|Jet Punch|p1a: Sableye\n|-damage|p1a: Sableye|0 fnt\n|faint|p1a: Sableye\n|move|p1b: Palafin|Wave Crash|p2a: Palafin\n|-resisted|p2a: Palafin\n|-damage|p2a: Palafin|0 fnt\n|faint|p2a: Palafin\n|-damage|p1b: Palafin|90\/100|[from] Recoil\n|move|p2b: Amoonguss|Spore|p1b: Palafin\n|-status|p1b: Palafin|slp|[from] move: Spore\n|\n|upkeep\n|-message|Thffhggj forfeited.\n|\n|win|Alaskan_fisher\n|raw|Thffhggj's rating: 1383 → 1362<\/strong> (-21 for losing)\n|raw|Alaskan_fisher's rating: 1370 → 1391<\/strong> (+21 for winning)\n|l|\u2606Thffhggj\n","uploadtime":1682772065,"views":21,"p1id":"thffhggj","p2id":"alaskanfisher","formatid":"gen9vgc2023regulationc","rating":1362,"private":0,"password":""}