{"id":"gen9vgc2023regulationc-1849415832","p1":"fonzee3000","p2":"gatomandarina1","format":"[Gen 9] VGC 2023 Regulation C","log":"|j|\u2606fonzee3000\n|j|\u2606gatomandarina1\n|t:|1682195980\n|gametype|doubles\n|player|p1|fonzee3000|steven|1249\n|player|p2|gatomandarina1|266|1156\n|teamsize|p1|6\n|teamsize|p2|6\n|gen|9\n|tier|[Gen 9] VGC 2023 Regulation C\n|rated|\n|rule|Species Clause: Limit one of each Pok\u00e9mon\n|rule|Item Clause: Limit one of each item\n|clearpoke\n|poke|p1|Farigiraf, L50, M|\n|poke|p1|Iron Hands, L50|\n|poke|p1|Garchomp, L50, F|\n|poke|p1|Talonflame, L50, M|\n|poke|p1|Flutter Mane, L50|\n|poke|p1|Amoonguss, L50, F|\n|poke|p2|Hydreigon, L50, M|\n|poke|p2|Iron Bundle, L50|\n|poke|p2|Talonflame, L50, F|\n|poke|p2|Gyarados, L50, M|\n|poke|p2|Amoonguss, L50, F|\n|poke|p2|Great Tusk, L50|\n|teampreview|4\n|inactive|Battle timer is ON: inactive players will automatically lose when time's up. (requested by fonzee3000)\n|inactive|fonzee3000 has 60 seconds left.\n|inactive|gatomandarina1 has 60 seconds left.\n|\n|t:|1682196035\n|start\n|switch|p1a: Farigiraf|Farigiraf, L50, M|100\/100\n|switch|p1b: Talonflame|Talonflame, L50, M, shiny|100\/100\n|switch|p2a: Hydreigon|Hydreigon, L50, M|100\/100\n|switch|p2b: Amoonguss|Amoonguss, L50, F|100\/100\n|turn|1\n|\n|t:|1682196059\n|-terastallize|p1a: Farigiraf|Fairy\n|move|p1b: Talonflame|Tailwind|p1b: Talonflame\n|-sidestart|p1: fonzee3000|move: Tailwind\n|move|p1a: Farigiraf|Psychic|p2b: Amoonguss\n|-supereffective|p2b: Amoonguss\n|-damage|p2b: Amoonguss|7\/100\n|-unboost|p2b: Amoonguss|spd|1\n|-enditem|p2b: Amoonguss|Sitrus Berry|[eat]\n|-heal|p2b: Amoonguss|32\/100|[from] item: Sitrus Berry\n|move|p2a: Hydreigon|Focus Energy|p2a: Hydreigon\n|-start|p2a: Hydreigon|move: Focus Energy\n|move|p2b: Amoonguss|Spore|p1a: Farigiraf\n|-status|p1a: Farigiraf|slp|[from] move: Spore\n|\n|upkeep\n|turn|2\n|\n|t:|1682196084\n|switch|p2b: Gyarados|Gyarados, L50, M|100\/100\n|-ability|p2b: Gyarados|Intimidate|boost\n|-unboost|p1a: Farigiraf|atk|1\n|-unboost|p1b: Talonflame|atk|1\n|move|p1b: Talonflame|Brave Bird|p2a: Hydreigon\n|-damage|p2a: Hydreigon|73\/100\n|-damage|p1b: Talonflame|92\/100|[from] Recoil\n|cant|p1a: Farigiraf|slp\n|move|p2a: Hydreigon|Flash Cannon|p1a: Farigiraf\n|-supereffective|p1a: Farigiraf\n|-crit|p1a: Farigiraf\n|-damage|p1a: Farigiraf|14\/100 slp\n|\n|upkeep\n|turn|3\n|\n|t:|1682196108\n|move|p2a: Hydreigon|Protect|p2a: Hydreigon\n|-singleturn|p2a: Hydreigon|Protect\n|move|p1b: Talonflame|Will-O-Wisp|p2b: Gyarados\n|-status|p2b: Gyarados|brn\n|cant|p1a: Farigiraf|slp\n|move|p2b: Gyarados|Waterfall|p1a: Farigiraf\n|-damage|p1a: Farigiraf|0 fnt\n|faint|p1a: Farigiraf\n|\n|-damage|p2b: Gyarados|95\/100 brn|[from] brn\n|upkeep\n|\n|t:|1682196120\n|switch|p1a: Iron Hands|Iron Hands, L50|100\/100\n|turn|4\n|\n|t:|1682196132\n|switch|p1b: Flutter Mane|Flutter Mane, L50|100\/100\n|-enditem|p1b: Flutter Mane|Booster Energy\n|-activate|p1b: Flutter Mane|ability: Protosynthesis|[fromitem]\n|-start|p1b: Flutter Mane|protosynthesisspa\n|switch|p2b: Amoonguss|Amoonguss, L50, F|65\/100\n|move|p1a: Iron Hands|Fake Out|p2a: Hydreigon\n|-damage|p2a: Hydreigon|54\/100\n|cant|p2a: Hydreigon|flinch\n|\n|-sideend|p1: fonzee3000|move: Tailwind\n|upkeep\n|turn|5\n|\n|t:|1682196155\n|-terastallize|p2a: Hydreigon|Poison\n|move|p1b: Flutter Mane|Protect|p1b: Flutter Mane\n|-singleturn|p1b: Flutter Mane|Protect\n|move|p2a: Hydreigon|Flash Cannon|p1b: Flutter Mane\n|-activate|p1b: Flutter Mane|move: Protect\n|move|p1a: Iron Hands|Drain Punch|p2a: Hydreigon\n|-resisted|p2a: Hydreigon\n|-damage|p2a: Hydreigon|30\/100\n|move|p2b: Amoonguss|Spore|p1a: Iron Hands\n|-status|p1a: Iron Hands|slp|[from] move: Spore\n|\n|upkeep\n|turn|6\n|inactive|fonzee3000 has 30 seconds left.\n|inactive|fonzee3000 has 20 seconds left.\n|\n|t:|1682196192\n|move|p2b: Amoonguss|Rage Powder|p2b: Amoonguss\n|-singleturn|p2b: Amoonguss|move: Rage Powder\n|move|p1b: Flutter Mane|Shadow Ball|p2b: Amoonguss\n|-crit|p2b: Amoonguss\n|-damage|p2b: Amoonguss|0 fnt\n|faint|p2b: Amoonguss\n|move|p2a: Hydreigon|Flash Cannon|p1b: Flutter Mane\n|-supereffective|p1b: Flutter Mane\n|-crit|p1b: Flutter Mane\n|-damage|p1b: Flutter Mane|22\/100\n|-unboost|p1b: Flutter Mane|spd|1\n|cant|p1a: Iron Hands|slp\n|\n|upkeep\n|\n|t:|1682196205\n|switch|p2b: Talonflame|Talonflame, L50, F|100\/100\n|turn|7\n|\n|t:|1682196215\n|move|p2b: Talonflame|Brave Bird|p1b: Flutter Mane\n|-damage|p1b: Flutter Mane|0 fnt\n|faint|p1b: Flutter Mane\n|-end|p1b: Flutter Mane|Protosynthesis|[silent]\n|-damage|p2b: Talonflame|94\/100|[from] Recoil\n|move|p2a: Hydreigon|Draco Meteor|p1a: Iron Hands\n|-crit|p1a: Iron Hands\n|-damage|p1a: Iron Hands|45\/100 slp\n|-unboost|p2a: Hydreigon|spa|2\n|-curestatus|p1a: Iron Hands|slp|[msg]\n|move|p1a: Iron Hands|Wild Charge|p2b: Talonflame\n|-supereffective|p2b: Talonflame\n|-damage|p2b: Talonflame|0 fnt\n|faint|p2b: Talonflame\n|-damage|p1a: Iron Hands|29\/100|[from] Recoil\n|\n|upkeep\n|\n|t:|1682196229\n|switch|p1b: Talonflame|Talonflame, L50, M, shiny|92\/100\n|switch|p2b: Gyarados|Gyarados, L50, M|95\/100 brn\n|-ability|p2b: Gyarados|Intimidate|boost\n|-unboost|p1a: Iron Hands|atk|1\n|-unboost|p1b: Talonflame|atk|1\n|turn|8\n|inactive|fonzee3000 has 30 seconds left.\n|\n|t:|1682196263\n|move|p1b: Talonflame|Brave Bird|p2a: Hydreigon\n|-damage|p2a: Hydreigon|2\/100\n|-damage|p1b: Talonflame|83\/100|[from] Recoil\n|move|p2a: Hydreigon|Draco Meteor|p1a: Iron Hands|[miss]\n|-miss|p2a: Hydreigon|p1a: Iron Hands\n|move|p2b: Gyarados|Waterfall|p1b: Talonflame\n|-supereffective|p1b: Talonflame\n|-damage|p1b: Talonflame|26\/100\n|move|p1a: Iron Hands|Wild Charge|p2b: Gyarados\n|-supereffective|p2b: Gyarados\n|-damage|p2b: Gyarados|0 fnt\n|faint|p2b: Gyarados\n|-damage|p1a: Iron Hands|8\/100|[from] Recoil\n|\n|upkeep\n|turn|9\n|\n|t:|1682196280\n|move|p1b: Talonflame|Brave Bird|p2a: Hydreigon\n|-damage|p2a: Hydreigon|0 fnt\n|faint|p2a: Hydreigon\n|-damage|p1b: Talonflame|25\/100|[from] Recoil\n|\n|win|fonzee3000\n|raw|fonzee3000's rating: 1249 → 1267<\/strong> (+18 for winning)\n|raw|gatomandarina1's rating: 1156 → 1138<\/strong> (-18 for losing)\n|l|\u2606gatomandarina1\n|c|\u2606fonzee3000|gg\n","uploadtime":1682196292,"views":11,"p1id":"fonzee3000","p2id":"gatomandarina1","formatid":"gen9vgc2023regulationc","rating":1138,"private":0,"password":""}