{"id":"gen9vgc2023regulationc-1847577319","p1":"Babarattata","p2":"Gildren","format":"[Gen 9] VGC 2023 Regulation C","log":"|j|\u2606Babarattata\n|j|\u2606Gildren\n|t:|1681976376\n|gametype|doubles\n|player|p1|Babarattata|265|1382\n|player|p2|Gildren|102|1466\n|teamsize|p1|6\n|teamsize|p2|6\n|gen|9\n|tier|[Gen 9] VGC 2023 Regulation C\n|rated|\n|rule|Species Clause: Limit one of each Pok\u00e9mon\n|rule|Item Clause: Limit one of each item\n|clearpoke\n|poke|p1|Scizor, L50, M|\n|poke|p1|Farigiraf, L50, M|\n|poke|p1|Iron Hands, L50|\n|poke|p1|Palafin, L50, M|\n|poke|p1|Chi-Yu, L50|\n|poke|p1|Flutter Mane, L50|\n|poke|p2|Orthworm, L50, M|\n|poke|p2|Dragonite, L50, F|\n|poke|p2|Ting-Lu, L50|\n|poke|p2|Gyarados, L50, F|\n|poke|p2|Flutter Mane, L50|\n|poke|p2|Chien-Pao, L50|\n|teampreview|4\n|inactive|Battle timer is ON: inactive players will automatically lose when time's up. (requested by Gildren)\n|\n|t:|1681976408\n|start\n|switch|p1a: Farigiraf|Farigiraf, L50, M|100\/100\n|switch|p1b: Iron Hands|Iron Hands, L50|100\/100\n|switch|p2a: Gyarados|Gyarados, L50, F, shiny|100\/100\n|switch|p2b: Ting-Lu|Ting-Lu, L50|100\/100\n|-ability|p2a: Gyarados|Intimidate|boost\n|-unboost|p1a: Farigiraf|atk|1\n|-unboost|p1b: Iron Hands|atk|1\n|-ability|p2b: Ting-Lu|Vessel of Ruin\n|turn|1\n|\n|t:|1681976428\n|-terastallize|p1b: Iron Hands|Grass\n|move|p1b: Iron Hands|Fake Out|p2a: Gyarados\n|-damage|p2a: Gyarados|89\/100\n|cant|p2a: Gyarados|flinch\n|move|p2b: Ting-Lu|Earthquake|p1a: Farigiraf|[spread] p1a,p1b\n|-immune|p2a: Gyarados\n|-resisted|p1b: Iron Hands\n|-damage|p1a: Farigiraf|56\/100\n|-damage|p1b: Iron Hands|83\/100\n|move|p1a: Farigiraf|Trick Room|p1a: Farigiraf\n|-fieldstart|move: Trick Room|[of] p1a: Farigiraf\n|\n|upkeep\n|turn|2\n|inactive|Gildren has 30 seconds left.\n|\n|t:|1681976453\n|move|p1b: Iron Hands|Drain Punch|p2b: Ting-Lu\n|-supereffective|p2b: Ting-Lu\n|-damage|p2b: Ting-Lu|64\/100\n|-heal|p1b: Iron Hands|100\/100|[from] drain|[of] p2b: Ting-Lu\n|move|p1a: Farigiraf|Hyper Voice|p2b: Ting-Lu|[spread] p2a,p2b\n|-damage|p2a: Gyarados|71\/100\n|-damage|p2b: Ting-Lu|47\/100\n|-enditem|p1a: Farigiraf|Throat Spray\n|-boost|p1a: Farigiraf|spa|1|[from] item: Throat Spray\n|move|p2b: Ting-Lu|Earthquake|p1a: Farigiraf|[spread] p1a,p1b\n|-immune|p2a: Gyarados\n|-resisted|p1b: Iron Hands\n|-damage|p1a: Farigiraf|11\/100\n|-damage|p1b: Iron Hands|82\/100\n|move|p2a: Gyarados|Thunder Wave|p1b: Iron Hands\n|-status|p1b: Iron Hands|par\n|\n|upkeep\n|turn|3\n|inactive|Gildren has 30 seconds left.\n|\n|t:|1681976487\n|switch|p2b: Flutter Mane|Flutter Mane, L50|100\/100\n|move|p1b: Iron Hands|Drain Punch|p2b: Flutter Mane\n|-immune|p2b: Flutter Mane\n|move|p1a: Farigiraf|Hyper Voice|p2a: Gyarados|[spread] p2a\n|-immune|p2b: Flutter Mane\n|-damage|p2a: Gyarados|34\/100\n|move|p2a: Gyarados|Waterfall|p1a: Farigiraf\n|-damage|p1a: Farigiraf|0 fnt\n|faint|p1a: Farigiraf\n|\n|upkeep\n|\n|t:|1681976504\n|switch|p1a: Scizor|Scizor, L50, M|100\/100\n|turn|4\n|\n|t:|1681976516\n|switch|p2a: Ting-Lu|Ting-Lu, L50|47\/100\n|-ability|p2a: Ting-Lu|Vessel of Ruin\n|-end|p2b: Flutter Mane|Protosynthesis|[silent]\n|switch|p2b: Orthworm|Orthworm, L50, M, shiny|100\/100\n|move|p1a: Scizor|Bullet Punch|p2b: Orthworm\n|-resisted|p2b: Orthworm\n|-damage|p2b: Orthworm|87\/100\n|-damage|p1a: Scizor|91\/100|[from] item: Life Orb\n|move|p1b: Iron Hands|Wild Charge|p2a: Ting-Lu\n|-immune|p2a: Ting-Lu\n|\n|upkeep\n|turn|5\n|inactive|Babarattata has 30 seconds left.\n|\n|t:|1681976550\n|switch|p2a: Gyarados|Gyarados, L50, F, shiny|34\/100\n|-ability|p2a: Gyarados|Intimidate|boost\n|-unboost|p1a: Scizor|atk|1\n|-unboost|p1b: Iron Hands|atk|1\n|move|p1b: Iron Hands|Drain Punch|p2b: Orthworm\n|-supereffective|p2b: Orthworm\n|-damage|p2b: Orthworm|55\/100\n|-heal|p1b: Iron Hands|94\/100 par|[from] drain|[of] p2b: Orthworm\n|move|p2b: Orthworm|Iron Defense|p2b: Orthworm\n|-boost|p2b: Orthworm|def|2\n|move|p1a: Scizor|Close Combat|p2a: Gyarados\n|-resisted|p2a: Gyarados\n|-damage|p2a: Gyarados|17\/100\n|-unboost|p1a: Scizor|def|1\n|-unboost|p1a: Scizor|spd|1\n|-damage|p1a: Scizor|81\/100|[from] item: Life Orb\n|\n|-fieldend|move: Trick Room\n|upkeep\n|turn|6\n|inactive|Babarattata has 30 seconds left.\n|\n|t:|1681976579\n|-end|p1b: Iron Hands|Quark Drive|[silent]\n|switch|p1b: Flutter Mane|Flutter Mane, L50|100\/100\n|-enditem|p1b: Flutter Mane|Booster Energy\n|-activate|p1b: Flutter Mane|ability: Protosynthesis|[fromitem]\n|-start|p1b: Flutter Mane|protosynthesisspa\n|move|p1a: Scizor|Protect|p1a: Scizor\n|-singleturn|p1a: Scizor|Protect\n|move|p2a: Gyarados|Thunder Wave|p1a: Scizor\n|-activate|p1a: Scizor|move: Protect\n|move|p2b: Orthworm|Body Press|p1b: Flutter Mane\n|-immune|p1b: Flutter Mane\n|\n|upkeep\n|turn|7\n|\n|t:|1681976603\n|switch|p1a: Iron Hands|Iron Hands, L50, tera:Grass|94\/100 par\n|move|p1b: Flutter Mane|Shadow Ball|p2a: Gyarados\n|-damage|p2a: Gyarados|0 fnt\n|faint|p2a: Gyarados\n|move|p2b: Orthworm|Heavy Slam|p1b: Flutter Mane\n|-supereffective|p1b: Flutter Mane\n|-damage|p1b: Flutter Mane|0 fnt\n|faint|p1b: Flutter Mane\n|-end|p1b: Flutter Mane|Protosynthesis|[silent]\n|\n|upkeep\n|\n|t:|1681976618\n|switch|p1b: Scizor|Scizor, L50, M|81\/100\n|switch|p2a: Ting-Lu|Ting-Lu, L50|47\/100\n|-ability|p2a: Ting-Lu|Vessel of Ruin\n|turn|8\n|\n|t:|1681976636\n|-terastallize|p2a: Ting-Lu|Water\n|move|p1a: Iron Hands|Fake Out|p2a: Ting-Lu\n|-damage|p2a: Ting-Lu|37\/100\n|cant|p2a: Ting-Lu|flinch\n|move|p1b: Scizor|Close Combat|p2b: Orthworm\n|-supereffective|p2b: Orthworm\n|-damage|p2b: Orthworm|15\/100\n|-unboost|p1b: Scizor|def|1\n|-unboost|p1b: Scizor|spd|1\n|-enditem|p2b: Orthworm|Sitrus Berry|[eat]\n|-heal|p2b: Orthworm|40\/100|[from] item: Sitrus Berry\n|-damage|p1b: Scizor|72\/100|[from] item: Life Orb\n|move|p2b: Orthworm|Iron Defense|p2b: Orthworm\n|-boost|p2b: Orthworm|def|2\n|\n|upkeep\n|turn|9\n|\n|t:|1681976659\n|move|p1b: Scizor|Protect|p1b: Scizor\n|-singleturn|p1b: Scizor|Protect\n|move|p2a: Ting-Lu|Earthquake|p1a: Iron Hands|[spread] p1a\n|-activate|p1b: Scizor|move: Protect\n|-heal|p2b: Orthworm|65\/100|[from] ability: Earth Eater|[of] p2a: Ting-Lu\n|-resisted|p1a: Iron Hands\n|-damage|p1a: Iron Hands|76\/100 par\n|move|p2b: Orthworm|Body Press|p1b: Scizor\n|-activate|p1b: Scizor|move: Protect\n|move|p1a: Iron Hands|Wild Charge|p2a: Ting-Lu\n|-supereffective|p2a: Ting-Lu\n|-damage|p2a: Ting-Lu|0 fnt\n|faint|p2a: Ting-Lu\n|-damage|p1a: Iron Hands|67\/100 par|[from] Recoil\n|\n|upkeep\n|\n|t:|1681976668\n|switch|p2a: Flutter Mane|Flutter Mane, L50|100\/100\n|turn|10\n|\n|t:|1681976686\n|move|p1b: Scizor|Bullet Punch|p2a: Flutter Mane\n|-supereffective|p2a: Flutter Mane\n|-damage|p2a: Flutter Mane|0 fnt\n|faint|p2a: Flutter Mane\n|-end|p2a: Flutter Mane|Protosynthesis|[silent]\n|-damage|p1b: Scizor|62\/100|[from] item: Life Orb\n|move|p2b: Orthworm|Body Press|p1b: Scizor\n|-crit|p1b: Scizor\n|-damage|p1b: Scizor|0 fnt\n|faint|p1b: Scizor\n|move|p1a: Iron Hands|Drain Punch|p2b: Orthworm\n|-supereffective|p2b: Orthworm\n|-damage|p2b: Orthworm|43\/100\n|-heal|p1a: Iron Hands|75\/100 par|[from] drain|[of] p2b: Orthworm\n|\n|upkeep\n|turn|11\n|\n|t:|1681976701\n|move|p2b: Orthworm|Body Press|p1a: Iron Hands\n|-damage|p1a: Iron Hands|16\/100 par\n|move|p1a: Iron Hands|Drain Punch|p2b: Orthworm\n|-supereffective|p2b: Orthworm\n|-damage|p2b: Orthworm|22\/100\n|-heal|p1a: Iron Hands|24\/100 par|[from] drain|[of] p2b: Orthworm\n|\n|upkeep\n|turn|12\n|\n|t:|1681976710\n|move|p2b: Orthworm|Body Press|p1a: Iron Hands\n|-crit|p1a: Iron Hands\n|-damage|p1a: Iron Hands|0 fnt\n|faint|p1a: Iron Hands\n|-end|p1a: Iron Hands|Quark Drive|[silent]\n|\n|win|Gildren\n|raw|Babarattata's rating: 1382 → 1367<\/strong> (-15 for losing)\n|raw|Gildren's rating: 1466 → 1481<\/strong> (+15 for winning)\n","uploadtime":1681976720,"views":12,"p1id":"babarattata","p2id":"gildren","formatid":"gen9vgc2023regulationc","rating":1367,"private":0,"password":""}