{"id":"gen9vgc2023regulationc-1854359181","p1":"TheWokeMob","p2":"Balucaio","format":"[Gen 9] VGC 2023 Regulation C","log":"|j|\u2606TheWokeMob\n|j|\u2606Balucaio\n|t:|1682801145\n|gametype|doubles\n|player|p1|TheWokeMob|janitor|1109\n|player|p2|Balucaio|roughneck|1107\n|teamsize|p1|6\n|teamsize|p2|6\n|gen|9\n|tier|[Gen 9] VGC 2023 Regulation C\n|rated|\n|rule|Species Clause: Limit one of each Pok\u00e9mon\n|rule|Item Clause: Limit one of each item\n|clearpoke\n|poke|p1|Ting-Lu, L50|\n|poke|p1|Amoonguss, L50, M|\n|poke|p1|Arcanine, L50, M|\n|poke|p1|Palafin, L50, F|\n|poke|p1|Gothitelle, L50, M|\n|poke|p1|Flutter Mane, L50|\n|poke|p2|Orthworm, L50, M|\n|poke|p2|Ting-Lu, L50|\n|poke|p2|Chien-Pao, L50|\n|poke|p2|Dragonite, L50, M|\n|poke|p2|Gyarados, L50, M|\n|poke|p2|Flutter Mane, L50|\n|teampreview|4\n|inactive|Battle timer is ON: inactive players will automatically lose when time's up. (requested by TheWokeMob)\n|inactive|TheWokeMob has 60 seconds left.\n|\n|t:|1682801192\n|start\n|switch|p1a: Ting-Lu|Ting-Lu, L50|100\/100\n|switch|p1b: Arcanine|Arcanine, L50, M, shiny|100\/100\n|switch|p2a: Orthworm|Orthworm, L50, M|100\/100\n|switch|p2b: Ting-Lu|Ting-Lu, L50|100\/100\n|-ability|p1b: Arcanine|Intimidate|boost\n|-unboost|p2a: Orthworm|atk|1\n|-unboost|p2b: Ting-Lu|atk|1\n|-ability|p2b: Ting-Lu|Vessel of Ruin\n|-ability|p1a: Ting-Lu|Vessel of Ruin\n|turn|1\n|inactive|Balucaio has 30 seconds left.\n|\n|t:|1682801223\n|-terastallize|p2a: Orthworm|Fire\n|move|p1b: Arcanine|Protect|p1b: Arcanine\n|-singleturn|p1b: Arcanine|Protect\n|move|p2a: Orthworm|Body Press|p1a: Ting-Lu\n|-supereffective|p1a: Ting-Lu\n|-damage|p1a: Ting-Lu|75\/100\n|move|p1a: Ting-Lu|Body Press|p2a: Orthworm\n|-damage|p2a: Orthworm|80\/100\n|move|p2b: Ting-Lu|Earthquake|p1a: Ting-Lu|[spread] p1a\n|-activate|p1b: Arcanine|move: Protect\n|-heal|p2a: Orthworm|100\/100|[from] ability: Earth Eater|[of] p2b: Ting-Lu\n|-damage|p1a: Ting-Lu|63\/100\n|\n|upkeep\n|turn|2\n|inactive|Balucaio has 30 seconds left.\n|\n|t:|1682801250\n|-terastallize|p1b: Arcanine|Water\n|move|p1b: Arcanine|Will-O-Wisp|p2b: Ting-Lu\n|-status|p2b: Ting-Lu|brn\n|move|p2a: Orthworm|Iron Defense|p2a: Orthworm\n|-boost|p2a: Orthworm|def|2\n|move|p2b: Ting-Lu|Earthquake|p1a: Ting-Lu|[spread] p1a,p1b\n|-immune|p2a: Orthworm|[from] ability: Earth Eater\n|-crit|p1b: Arcanine\n|-damage|p1a: Ting-Lu|56\/100\n|-damage|p1b: Arcanine|65\/100\n|move|p1a: Ting-Lu|Fissure|p2b: Ting-Lu|[miss]\n|-miss|p1a: Ting-Lu|p2b: Ting-Lu\n|\n|-damage|p2b: Ting-Lu|94\/100 brn|[from] brn\n|upkeep\n|turn|3\n|inactive|TheWokeMob has 30 seconds left.\n|inactive|Balucaio has 30 seconds left.\n|\n|t:|1682801282\n|switch|p1b: Flutter Mane|Flutter Mane, L50, shiny|100\/100\n|move|p2a: Orthworm|Iron Defense|p2a: Orthworm\n|-boost|p2a: Orthworm|def|2\n|move|p2b: Ting-Lu|Earthquake|p1b: Flutter Mane|[spread] p1a,p1b\n|-immune|p2a: Orthworm|[from] ability: Earth Eater\n|-damage|p1a: Ting-Lu|50\/100\n|-damage|p1b: Flutter Mane|69\/100\n|move|p1a: Ting-Lu|Fissure|p2b: Ting-Lu|[miss]\n|-miss|p1a: Ting-Lu|p2b: Ting-Lu\n|\n|-heal|p1b: Flutter Mane|75\/100|[from] item: Leftovers\n|-damage|p2b: Ting-Lu|88\/100 brn|[from] brn\n|upkeep\n|turn|4\n|\n|t:|1682801307\n|move|p1b: Flutter Mane|Protect|p1b: Flutter Mane\n|-singleturn|p1b: Flutter Mane|Protect\n|move|p2a: Orthworm|Heavy Slam|p1b: Flutter Mane\n|-activate|p1b: Flutter Mane|move: Protect\n|move|p2b: Ting-Lu|Earthquake|p1b: Flutter Mane|[spread] p1a\n|-activate|p1b: Flutter Mane|move: Protect\n|-immune|p2a: Orthworm|[from] ability: Earth Eater\n|-damage|p1a: Ting-Lu|43\/100\n|move|p1a: Ting-Lu|Fissure|p2a: Orthworm\n|-immune|p2a: Orthworm|[from] ability: Earth Eater\n|\n|-heal|p1b: Flutter Mane|81\/100|[from] item: Leftovers\n|-damage|p2b: Ting-Lu|82\/100 brn|[from] brn\n|upkeep\n|turn|5\n|\n|t:|1682801328\n|switch|p1a: Arcanine|Arcanine, L50, M, shiny, tera:Water|65\/100\n|-ability|p1a: Arcanine|Intimidate|boost\n|-unboost|p2a: Orthworm|atk|1\n|-unboost|p2b: Ting-Lu|atk|1\n|move|p1b: Flutter Mane|Substitute|p1b: Flutter Mane\n|-start|p1b: Flutter Mane|Substitute\n|-damage|p1b: Flutter Mane|57\/100\n|move|p2a: Orthworm|Heavy Slam|p1b: Flutter Mane\n|-supereffective|p1b: Flutter Mane\n|-end|p1b: Flutter Mane|Substitute\n|move|p2b: Ting-Lu|Earthquake|p1b: Flutter Mane|[spread] p1a,p1b\n|-immune|p2a: Orthworm|[from] ability: Earth Eater\n|-crit|p1b: Flutter Mane\n|-damage|p1a: Arcanine|54\/100\n|-damage|p1b: Flutter Mane|0 fnt\n|faint|p1b: Flutter Mane\n|-end|p1b: Flutter Mane|Protosynthesis|[silent]\n|\n|-damage|p2b: Ting-Lu|76\/100 brn|[from] brn\n|upkeep\n|\n|t:|1682801343\n|switch|p1b: Ting-Lu|Ting-Lu, L50|43\/100\n|-ability|p1b: Ting-Lu|Vessel of Ruin\n|turn|6\n|\n|t:|1682801362\n|switch|p1a: Gothitelle|Gothitelle, L50, M, shiny|100\/100\n|move|p2a: Orthworm|Body Press|p1b: Ting-Lu\n|-supereffective|p1b: Ting-Lu\n|-damage|p1b: Ting-Lu|0 fnt\n|faint|p1b: Ting-Lu\n|move|p2b: Ting-Lu|Earthquake|p1a: Gothitelle|[spread] p1a\n|-immune|p2a: Orthworm|[from] ability: Earth Eater\n|-damage|p1a: Gothitelle|89\/100\n|\n|-damage|p2b: Ting-Lu|70\/100 brn|[from] brn\n|upkeep\n|-message|TheWokeMob forfeited.\n|\n|win|Balucaio\n|raw|TheWokeMob's rating: 1109 → 1084<\/strong> (-25 for losing)\n|raw|Balucaio's rating: 1107 → 1132<\/strong> (+25 for winning)\n|l|\u2606TheWokeMob\n","uploadtime":1682801376,"views":11,"p1id":"thewokemob","p2id":"balucaio","formatid":"gen9vgc2023regulationc","rating":1084,"private":0,"password":""}