{"id":"gen9vgc2023regulationc-1851554084","p1":"BroDontFuckWithMe","p2":"UnluckyTogekissZ","format":"[Gen 9] VGC 2023 Regulation C","log":"|j|\u2606BroDontFuckWithMe\n|j|\u2606UnluckyTogekissZ\n|t:|1682455168\n|gametype|doubles\n|player|p1|BroDontFuckWithMe|265|1636\n|player|p2|UnluckyTogekissZ|265|1650\n|teamsize|p1|6\n|teamsize|p2|6\n|gen|9\n|tier|[Gen 9] VGC 2023 Regulation C\n|rated|\n|rule|Species Clause: Limit one of each Pok\u00e9mon\n|rule|Item Clause: Limit one of each item\n|clearpoke\n|poke|p1|Great Tusk, L50|\n|poke|p1|Amoonguss, L50, F|\n|poke|p1|Tyranitar, L50, M|\n|poke|p1|Iron Bundle, L50|\n|poke|p1|Talonflame, L50, F|\n|poke|p1|Gholdengo, L50|\n|poke|p2|Dragonite, L50, F|\n|poke|p2|Chien-Pao, L50|\n|poke|p2|Flutter Mane, L50|\n|poke|p2|Chi-Yu, L50|\n|poke|p2|Dondozo, L50, M|\n|poke|p2|Tatsugiri, L50, M|\n|teampreview|4\n|j| Kital\n|inactive|Battle timer is ON: inactive players will automatically lose when time's up. (requested by BroDontFuckWithMe)\n|\n|t:|1682455191\n|start\n|switch|p1a: Iron Bundle|Iron Bundle, L50|100\/100\n|switch|p1b: Great Tusk|Great Tusk, L50|100\/100\n|switch|p2a: Dragonite|Dragonite, L50, F|100\/100\n|switch|p2b: Chien-Pao|Chien-Pao, L50|100\/100\n|-ability|p2b: Chien-Pao|Sword of Ruin\n|-enditem|p1a: Iron Bundle|Booster Energy\n|-activate|p1a: Iron Bundle|ability: Quark Drive|[fromitem]\n|-start|p1a: Iron Bundle|quarkdrivespe\n|turn|1\n|inactive|BroDontFuckWithMe has 30 seconds left.\n|inactive|UnluckyTogekissZ has 30 seconds left.\n|\n|t:|1682455218\n|-terastallize|p1b: Great Tusk|Steel\n|-terastallize|p2a: Dragonite|Normal\n|move|p2a: Dragonite|Extreme Speed|p1b: Great Tusk\n|-resisted|p1b: Great Tusk\n|-damage|p1b: Great Tusk|64\/100\n|move|p1a: Iron Bundle|Icy Wind|p2a: Dragonite|[spread] p2a,p2b\n|-resisted|p2b: Chien-Pao\n|-damage|p2a: Dragonite|81\/100\n|-damage|p2b: Chien-Pao|85\/100\n|-unboost|p2a: Dragonite|spe|1\n|-unboost|p2b: Chien-Pao|spe|1\n|move|p1b: Great Tusk|Rock Slide|p2b: Chien-Pao|[spread] p2a,p2b\n|-supereffective|p2b: Chien-Pao\n|-damage|p2a: Dragonite|55\/100\n|-damage|p2b: Chien-Pao|24\/100\n|cant|p2b: Chien-Pao|flinch\n|\n|upkeep\n|turn|2\n|c|\u2606UnluckyTogekissZ|i clicked sacred sword\n|c|\u2606UnluckyTogekissZ|i knew it\n|inactive|BroDontFuckWithMe has 30 seconds left.\n|\n|t:|1682455245\n|-end|p1b: Great Tusk|Protosynthesis|[silent]\n|switch|p1b: Gholdengo|Gholdengo, L50|100\/100\n|move|p2b: Chien-Pao|Protect|p2b: Chien-Pao\n|-singleturn|p2b: Chien-Pao|Protect\n|move|p2a: Dragonite|Extreme Speed|p1a: Iron Bundle\n|-damage|p1a: Iron Bundle|0 fnt\n|faint|p1a: Iron Bundle\n|-end|p1a: Iron Bundle|Quark Drive|[silent]\n|\n|upkeep\n|\n|t:|1682455264\n|switch|p1a: Amoonguss|Amoonguss, L50, F|100\/100\n|turn|3\n|j| wrgedwa\n|\n|t:|1682455280\n|switch|p1a: Great Tusk|Great Tusk, L50, tera:Steel|64\/100\n|move|p2a: Dragonite|Extreme Speed|p1a: Great Tusk\n|-resisted|p1a: Great Tusk\n|-damage|p1a: Great Tusk|29\/100\n|move|p2b: Chien-Pao|Ice Spinner|p1a: Great Tusk\n|-resisted|p1a: Great Tusk\n|-damage|p1a: Great Tusk|10\/100\n|move|p1b: Gholdengo|Make It Rain|p2b: Chien-Pao|[spread] p2a,p2b\n|-supereffective|p2b: Chien-Pao\n|-damage|p2a: Dragonite|7\/100\n|-damage|p2b: Chien-Pao|0 fnt\n|-unboost|p1b: Gholdengo|spa|1\n|faint|p2b: Chien-Pao\n|\n|upkeep\n|\n|t:|1682455293\n|switch|p2b: Tatsugiri|Tatsugiri, L50, M|100\/100\n|turn|4\n|inactive|BroDontFuckWithMe has 30 seconds left.\n|\n|t:|1682455320\n|-end|p1a: Great Tusk|Protosynthesis|[silent]\n|switch|p1a: Amoonguss|Amoonguss, L50, F|100\/100\n|switch|p2a: Dondozo|Dondozo, L50, M|100\/100\n|-activate|p2b: Tatsugiri|ability: Commander|[of] p2a: Dondozo\n|-boost|p2a: Dondozo|atk|2\n|-boost|p2a: Dondozo|spa|2\n|-boost|p2a: Dondozo|spe|2\n|-boost|p2a: Dondozo|def|2\n|-boost|p2a: Dondozo|spd|2\n|move|p1b: Gholdengo|Make It Rain|p2b: Tatsugiri|[spread] p2a\n|-miss|p1b: Gholdengo|p2b: Tatsugiri\n|-resisted|p2a: Dondozo\n|-damage|p2a: Dondozo|86\/100\n|-unboost|p1b: Gholdengo|spa|1\n|\n|-heal|p2a: Dondozo|92\/100|[from] item: Leftovers\n|upkeep\n|turn|5\n|\n|t:|1682455330\n|move|p1b: Gholdengo|Protect|p1b: Gholdengo\n|-singleturn|p1b: Gholdengo|Protect\n|move|p2a: Dondozo|Earthquake|p1a: Amoonguss|[spread] p1a\n|-miss|p2a: Dondozo|p2b: Tatsugiri\n|-activate|p1b: Gholdengo|move: Protect\n|-damage|p1a: Amoonguss|66\/100\n|move|p1a: Amoonguss|Clear Smog|p2a: Dondozo\n|-damage|p2a: Dondozo|84\/100\n|-clearboost|p2a: Dondozo\n|\n|-heal|p2a: Dondozo|90\/100|[from] item: Leftovers\n|upkeep\n|turn|6\n|l| Kital\n|\n|t:|1682455346\n|move|p1b: Gholdengo|Nasty Plot|p1b: Gholdengo\n|-boost|p1b: Gholdengo|spa|2\n|move|p2a: Dondozo|Earthquake|p1b: Gholdengo|[spread] p1a,p1b\n|-miss|p2a: Dondozo|p2b: Tatsugiri\n|-supereffective|p1b: Gholdengo\n|-damage|p1a: Amoonguss|49\/100\n|-damage|p1b: Gholdengo|58\/100\n|-enditem|p1a: Amoonguss|Sitrus Berry|[eat]\n|-heal|p1a: Amoonguss|74\/100|[from] item: Sitrus Berry\n|move|p1a: Amoonguss|Spore|p2a: Dondozo\n|-status|p2a: Dondozo|slp|[from] move: Spore\n|\n|-heal|p1b: Gholdengo|64\/100|[from] item: Leftovers\n|-heal|p2a: Dondozo|97\/100 slp|[from] item: Leftovers\n|upkeep\n|turn|7\n|\n|t:|1682455354\n|move|p1b: Gholdengo|Nasty Plot|p1b: Gholdengo\n|-boost|p1b: Gholdengo|spa|2\n|cant|p2a: Dondozo|slp\n|move|p1a: Amoonguss|Pollen Puff|p1b: Gholdengo\n|-heal|p1b: Gholdengo|100\/100\n|\n|-heal|p2a: Dondozo|100\/100 slp|[from] item: Leftovers\n|upkeep\n|turn|8\n|\n|t:|1682455363\n|move|p1b: Gholdengo|Shadow Ball|p2a: Dondozo\n|-damage|p2a: Dondozo|43\/100 slp\n|-unboost|p2a: Dondozo|spd|1\n|cant|p2a: Dondozo|slp\n|move|p1a: Amoonguss|Spore|p2a: Dondozo\n|-fail|p2a: Dondozo|slp\n|\n|-heal|p2a: Dondozo|50\/100 slp|[from] item: Leftovers\n|upkeep\n|turn|9\n|-message|UnluckyTogekissZ forfeited.\n|\n|win|BroDontFuckWithMe\n|raw|BroDontFuckWithMe's rating: 1636 → 1657<\/strong> (+21 for winning)\n|raw|UnluckyTogekissZ's rating: 1650 → 1629<\/strong> (-21 for losing)\n|l|\u2606UnluckyTogekissZ\n","uploadtime":1682455375,"views":21,"p1id":"brodontfuckwithme","p2id":"unluckytogekissz","formatid":"gen9vgc2023regulationc","rating":1629,"private":0,"password":""}