{"id":"gen9vgc2023regulationc-1864202560","p1":"anshar_training","p2":"bearboeloe","format":"[Gen 9] VGC 2023 Regulation C","log":"|j|\u2606anshar_training\n|j|\u2606bearboeloe\n|t:|1684135751\n|gametype|doubles\n|player|p1|anshar_training|colress|1301\n|player|p2|bearboeloe|169|1216\n|teamsize|p1|6\n|teamsize|p2|6\n|gen|9\n|tier|[Gen 9] VGC 2023 Regulation C\n|rated|\n|rule|Species Clause: Limit one of each Pok\u00e9mon\n|rule|Item Clause: Limit one of each item\n|clearpoke\n|poke|p1|Gyarados, L50, M|\n|poke|p1|Flutter Mane, L50|\n|poke|p1|Chi-Yu, L50|\n|poke|p1|Amoonguss, L50, M|\n|poke|p1|Garchomp, L50, M|\n|poke|p1|Kingambit, L50, F|\n|poke|p2|Annihilape, L50, M|\n|poke|p2|Iron Bundle, L50|\n|poke|p2|Grimmsnarl, L50, M|\n|poke|p2|Gholdengo, L50|\n|poke|p2|Palafin, L50, F|\n|poke|p2|Arcanine, L50, M|\n|teampreview|4\n|inactive|Battle timer is ON: inactive players will automatically lose when time's up. (requested by anshar_training)\n|inactive|anshar_training has 60 seconds left.\n|inactive|anshar_training has 30 seconds left.\n|\n|t:|1684135817\n|start\n|switch|p1a: Flutter Mane|Flutter Mane, L50|100\/100\n|switch|p1b: Amoonguss|Amoonguss, L50, M|100\/100\n|switch|p2a: Grimmsnarl|Grimmsnarl, L50, M|100\/100\n|switch|p2b: Aap|Annihilape, L50, M|100\/100\n|-enditem|p1a: Flutter Mane|Booster Energy\n|-activate|p1a: Flutter Mane|ability: Protosynthesis|[fromitem]\n|-start|p1a: Flutter Mane|protosynthesisspa\n|turn|1\n|\n|t:|1684135835\n|move|p1b: Amoonguss|Rage Powder|p1b: Amoonguss\n|-singleturn|p1b: Amoonguss|move: Rage Powder\n|move|p2a: Grimmsnarl|Light Screen|p2a: Grimmsnarl\n|-sidestart|p2: bearboeloe|move: Light Screen\n|move|p1a: Flutter Mane|Dazzling Gleam|p2a: Grimmsnarl|[spread] p2a,p2b\n|-supereffective|p2a: Grimmsnarl\n|-supereffective|p2b: Aap\n|-damage|p2a: Grimmsnarl|48\/100\n|-damage|p2b: Aap|64\/100\n|move|p2b: Aap|Rage Fist|p1b: Amoonguss\n|-damage|p1b: Amoonguss|71\/100\n|\n|-heal|p2b: Aap|70\/100|[from] item: Leftovers\n|upkeep\n|turn|2\n|\n|t:|1684135860\n|move|p1b: Amoonguss|Rage Powder|p1b: Amoonguss\n|-singleturn|p1b: Amoonguss|move: Rage Powder\n|move|p2a: Grimmsnarl|Reflect|p2a: Grimmsnarl\n|-sidestart|p2: bearboeloe|Reflect\n|move|p1a: Flutter Mane|Shadow Ball|p2b: Aap\n|-supereffective|p2b: Aap\n|-damage|p2b: Aap|22\/100\n|move|p2b: Aap|Rage Fist|p1b: Amoonguss\n|-damage|p1b: Amoonguss|26\/100\n|-enditem|p1b: Amoonguss|Sitrus Berry|[eat]\n|-heal|p1b: Amoonguss|51\/100|[from] item: Sitrus Berry\n|\n|-heal|p2b: Aap|28\/100|[from] item: Leftovers\n|upkeep\n|turn|3\n|\n|t:|1684135884\n|switch|p1b: Gyarados|Gyarados, L50, M|100\/100\n|-ability|p1b: Gyarados|Intimidate|boost\n|-unboost|p2a: Grimmsnarl|atk|1\n|-unboost|p2b: Aap|atk|1\n|-ability|p2b: Aap|Defiant|boost\n|-boost|p2b: Aap|atk|2\n|move|p2b: Aap|Protect|p2b: Aap\n|-singleturn|p2b: Aap|Protect\n|move|p2a: Grimmsnarl|Parting Shot|p1a: Flutter Mane\n|-unboost|p1a: Flutter Mane|atk|1\n|-unboost|p1a: Flutter Mane|spa|1\n|\n|t:|1684135902\n|switch|p2a: Wurm|Gholdengo, L50|100\/100|[from] Parting Shot\n|-item|p2a: Wurm|Air Balloon\n|move|p1a: Flutter Mane|Shadow Ball|p2b: Aap\n|-activate|p2b: Aap|move: Protect\n|\n|-heal|p2b: Aap|34\/100|[from] item: Leftovers\n|upkeep\n|turn|4\n|inactive|anshar_training has 30 seconds left.\n|\n|t:|1684135932\n|move|p1a: Flutter Mane|Shadow Ball|p2a: Wurm\n|-supereffective|p2a: Wurm\n|-damage|p2a: Wurm|44\/100\n|-enditem|p2a: Wurm|Air Balloon\n|move|p2a: Wurm|Shadow Ball|p1a: Flutter Mane\n|-supereffective|p1a: Flutter Mane\n|-damage|p1a: Flutter Mane|0 fnt\n|faint|p1a: Flutter Mane\n|-end|p1a: Flutter Mane|Protosynthesis|[silent]\n|move|p1b: Gyarados|Thunder Wave|p2b: Aap\n|-status|p2b: Aap|par\n|move|p2b: Aap|Rage Fist|p1b: Gyarados\n|-damage|p1b: Gyarados|11\/100\n|-enditem|p1b: Gyarados|Aguav Berry|[eat]\n|-heal|p1b: Gyarados|44\/100|[from] item: Aguav Berry\n|\n|-heal|p2b: Aap|40\/100 par|[from] item: Leftovers\n|upkeep\n|\n|t:|1684135952\n|switch|p1a: Chi-Yu|Chi-Yu, L50|100\/100\n|-ability|p1a: Chi-Yu|Beads of Ruin\n|turn|5\n|inactive|bearboeloe has 30 seconds left.\n|\n|t:|1684135980\n|move|p1b: Gyarados|Helping Hand|p1a: Chi-Yu\n|-singleturn|p1a: Chi-Yu|Helping Hand|[of] p1b: Gyarados\n|move|p2a: Wurm|Protect|p2a: Wurm\n|-singleturn|p2a: Wurm|Protect\n|move|p1a: Chi-Yu|Heat Wave|p2a: Wurm|[spread] p2b\n|-activate|p2a: Wurm|move: Protect\n|-damage|p2b: Aap|10\/100 par\n|cant|p2b: Aap|par\n|\n|-heal|p2b: Aap|16\/100 par|[from] item: Leftovers\n|upkeep\n|turn|6\n|\n|t:|1684136003\n|move|p1b: Gyarados|Helping Hand|p1a: Chi-Yu\n|-singleturn|p1a: Chi-Yu|Helping Hand|[of] p1b: Gyarados\n|move|p1a: Chi-Yu|Heat Wave|p2b: Aap|[spread] \n|-miss|p1a: Chi-Yu|p2a: Wurm\n|-miss|p1a: Chi-Yu|p2b: Aap\n|move|p2a: Wurm|Make It Rain|p1a: Chi-Yu|[spread] p1a,p1b\n|-resisted|p1a: Chi-Yu\n|-crit|p1a: Chi-Yu\n|-resisted|p1b: Gyarados\n|-damage|p1a: Chi-Yu|64\/100\n|-damage|p1b: Gyarados|16\/100\n|-unboost|p2a: Wurm|spa|1\n|move|p2b: Aap|Drain Punch|p1a: Chi-Yu\n|-supereffective|p1a: Chi-Yu\n|-damage|p1a: Chi-Yu|0 fnt\n|-heal|p2b: Aap|37\/100 par|[from] drain|[of] p1a: Chi-Yu\n|faint|p1a: Chi-Yu\n|\n|-heal|p2b: Aap|43\/100 par|[from] item: Leftovers\n|upkeep\n|inactive|anshar_training has 30 seconds left.\n|\n|t:|1684136029\n|switch|p1a: Amoonguss|Amoonguss, L50, M|84\/100\n|turn|7\n|\n|t:|1684136053\n|-terastallize|p1a: Amoonguss|Water\n|move|p1a: Amoonguss|Rage Powder|p1a: Amoonguss\n|-singleturn|p1a: Amoonguss|move: Rage Powder\n|move|p2a: Wurm|Make It Rain|p1b: Gyarados|[spread] p1a,p1b\n|-resisted|p1a: Amoonguss\n|-crit|p1a: Amoonguss\n|-resisted|p1b: Gyarados\n|-damage|p1a: Amoonguss|50\/100\n|-damage|p1b: Gyarados|4\/100\n|-unboost|p2a: Wurm|spa|1\n|move|p1b: Gyarados|Waterfall|p2a: Wurm\n|-damage|p2a: Wurm|17\/100\n|move|p2b: Aap|Rage Fist|p1a: Amoonguss\n|-damage|p1a: Amoonguss|0 fnt\n|faint|p1a: Amoonguss\n|\n|-heal|p2b: Aap|49\/100 par|[from] item: Leftovers\n|upkeep\n|turn|8\n|-message|anshar_training forfeited.\n|\n|win|bearboeloe\n|raw|anshar_training's rating: 1301 → 1276<\/strong> (-25 for losing)\n|raw|bearboeloe's rating: 1216 → 1247<\/strong> (+31 for winning)\n","uploadtime":1684136076,"views":10,"p1id":"anshartraining","p2id":"bearboeloe","formatid":"gen9vgc2023regulationc","rating":1247,"private":0,"password":""}