{"id":"gen9vgc2023regulationc-1848424727","p1":"No heart no dream","p2":"Kaibar","format":"[Gen 9] VGC 2023 Regulation C","log":"|j|\u2606No heart no dream\n|j|\u2606Kaibar\n|t:|1682076337\n|gametype|doubles\n|player|p1|No heart no dream|marnie-masters3|1087\n|player|p2|Kaibar|blackbelt-gen4dp|1162\n|teamsize|p1|6\n|teamsize|p2|6\n|gen|9\n|tier|[Gen 9] VGC 2023 Regulation C\n|rated|\n|rule|Species Clause: Limit one of each Pok\u00e9mon\n|rule|Item Clause: Limit one of each item\n|clearpoke\n|poke|p1|Amoonguss, L50, F|\n|poke|p1|Arcanine, L50, M|\n|poke|p1|Flutter Mane, L50|\n|poke|p1|Scream Tail, L50|\n|poke|p1|Gothitelle, L50, F|\n|poke|p1|Palafin, L50, M|\n|poke|p2|Arcanine, L50, M|\n|poke|p2|Amoonguss, L50, F|\n|poke|p2|Kingambit, L50, M|\n|poke|p2|Flutter Mane, L50|\n|poke|p2|Dragonite, L50, M|\n|poke|p2|Palafin, L50, F|\n|teampreview|4\n|inactive|Battle timer is ON: inactive players will automatically lose when time's up. (requested by No heart no dream)\nKaibar has agreed to open team sheets.\n|inactive|No heart no dream has 60 seconds left.\n|\n|t:|1682076370\n|start\n|switch|p1a: Amoonguss|Amoonguss, L50, F|100\/100\n|switch|p1b: Flutter Mane|Flutter Mane, L50|100\/100\n|switch|p2a: Windy|Arcanine, L50, M, shiny|100\/100\n|switch|p2b: Kingambit|Kingambit, L50, M|100\/100\n|-ability|p2a: Windy|Intimidate|boost\n|-unboost|p1a: Amoonguss|atk|1\n|-unboost|p1b: Flutter Mane|atk|1\n|turn|1\n|inactive|Kaibar has 30 seconds left.\n|\n|t:|1682076401\n|-terastallize|p2b: Kingambit|Dark\n|-terastallize|p1a: Amoonguss|Dark\n|move|p1b: Flutter Mane|Protect|p1b: Flutter Mane\n|-singleturn|p1b: Flutter Mane|Protect\n|move|p2b: Kingambit|Sucker Punch||[still]\n|-fail|p2b: Kingambit\n|move|p2a: Windy|Flare Blitz|p1a: Amoonguss\n|-damage|p1a: Amoonguss|57\/100\n|-status|p1a: Amoonguss|brn\n|-damage|p2a: Windy|85\/100|[from] Recoil\n|move|p1a: Amoonguss|Spore|p2b: Kingambit\n|-status|p2b: Kingambit|slp|[from] move: Spore\n|-enditem|p2b: Kingambit|Lum Berry|[eat]\n|-curestatus|p2b: Kingambit|slp|[msg]\n|\n|-damage|p1a: Amoonguss|51\/100 brn|[from] brn\n|upkeep\n|turn|2\n|\n|t:|1682076426\n|switch|p1a: Gothitelle|Gothitelle, L50, F|100\/100\n|move|p2b: Kingambit|Sucker Punch||[still]\n|-fail|p2b: Kingambit\n|move|p1b: Flutter Mane|Perish Song|p1b: Flutter Mane\n|-start|p1a: Gothitelle|perish3|[silent]\n|-start|p1b: Flutter Mane|perish3|[silent]\n|-start|p2a: Windy|perish3|[silent]\n|-start|p2b: Kingambit|perish3|[silent]\n|-fieldactivate|move: Perish Song\n|move|p2a: Windy|Flare Blitz|p1a: Gothitelle\n|-damage|p1a: Gothitelle|58\/100\n|-damage|p2a: Windy|72\/100|[from] Recoil\n|\n|-start|p1b: Flutter Mane|perish3\n|-start|p2a: Windy|perish3\n|-start|p1a: Gothitelle|perish3\n|-start|p2b: Kingambit|perish3\n|upkeep\n|turn|3\n|\n|t:|1682076450\n|move|p1b: Flutter Mane|Protect|p1b: Flutter Mane\n|-singleturn|p1b: Flutter Mane|Protect\n|move|p1a: Gothitelle|Fake Out|p2b: Kingambit\n|-damage|p2b: Kingambit|96\/100\n|move|p2a: Windy|Flare Blitz|p1a: Gothitelle\n|-damage|p1a: Gothitelle|12\/100\n|-status|p1a: Gothitelle|brn\n|-enditem|p1a: Gothitelle|Sitrus Berry|[eat]\n|-heal|p1a: Gothitelle|37\/100 brn|[from] item: Sitrus Berry\n|-damage|p2a: Windy|58\/100|[from] Recoil\n|cant|p2b: Kingambit|flinch\n|\n|-damage|p1a: Gothitelle|30\/100 brn|[from] brn\n|-start|p1b: Flutter Mane|perish2\n|-start|p2a: Windy|perish2\n|-start|p1a: Gothitelle|perish2\n|-start|p2b: Kingambit|perish2\n|upkeep\n|turn|4\n|inactive|No heart no dream has 30 seconds left.\n|\n|t:|1682076479\n|-end|p1b: Flutter Mane|Protosynthesis|[silent]\n|switch|p1b: Amoonguss|Amoonguss, L50, F, tera:Dark|84\/100 brn\n|move|p1a: Gothitelle|Protect|p1a: Gothitelle\n|-singleturn|p1a: Gothitelle|Protect\n|move|p2a: Windy|Flare Blitz|p1a: Gothitelle\n|-activate|p1a: Gothitelle|move: Protect\n|move|p2b: Kingambit|Kowtow Cleave|p1b: Amoonguss\n|-resisted|p1b: Amoonguss\n|-damage|p1b: Amoonguss|57\/100 brn\n|\n|-damage|p1a: Gothitelle|24\/100 brn|[from] brn\n|-damage|p1b: Amoonguss|51\/100 brn|[from] brn\n|-start|p2a: Windy|perish1\n|-start|p1a: Gothitelle|perish1\n|-start|p2b: Kingambit|perish1\n|upkeep\n|turn|5\n|inactive|Kaibar has 30 seconds left.\n|inactive|Kaibar has 20 seconds left.\n|\n|t:|1682076518\n|switch|p1a: Flutter Mane|Flutter Mane, L50|100\/100\n|move|p1b: Amoonguss|Protect|p1b: Amoonguss\n|-singleturn|p1b: Amoonguss|Protect\n|move|p2a: Windy|Flare Blitz|p1b: Amoonguss\n|-activate|p1b: Amoonguss|move: Protect\n|move|p2b: Kingambit|Kowtow Cleave|p1a: Flutter Mane\n|-enditem|p1a: Flutter Mane|Focus Sash\n|-damage|p1a: Flutter Mane|1\/100\n|\n|-damage|p1b: Amoonguss|45\/100 brn|[from] brn\n|-start|p2a: Windy|perish0\n|-start|p2b: Kingambit|perish0\n|faint|p2a: Windy\n|faint|p2b: Kingambit\n|upkeep\n|\n|t:|1682076533\n|switch|p2a: Amoonguss|Amoonguss, L50, F|100\/100\n|switch|p2b: Dragonite|Dragonite, L50, M|100\/100\n|turn|6\n|\n|t:|1682076555\n|move|p2a: Amoonguss|Rage Powder|p2a: Amoonguss\n|-singleturn|p2a: Amoonguss|move: Rage Powder\n|move|p1a: Flutter Mane|Perish Song|p1a: Flutter Mane\n|-start|p1a: Flutter Mane|perish3|[silent]\n|-start|p1b: Amoonguss|perish3|[silent]\n|-start|p2a: Amoonguss|perish3|[silent]\n|-start|p2b: Dragonite|perish3|[silent]\n|-fieldactivate|move: Perish Song\n|move|p2b: Dragonite|Earthquake|p1a: Flutter Mane|[spread] p2a,p1a,p1b\n|-damage|p2a: Amoonguss|55\/100\n|-damage|p1a: Flutter Mane|0 fnt\n|-damage|p1b: Amoonguss|7\/100 brn\n|faint|p1a: Flutter Mane\n|-end|p1a: Flutter Mane|Protosynthesis|[silent]\n|move|p1b: Amoonguss|Spore|p2a: Amoonguss\n|-immune|p2a: Amoonguss\n|\n|-damage|p1b: Amoonguss|1\/100 brn|[from] brn\n|-start|p2b: Dragonite|perish3\n|-start|p2a: Amoonguss|perish3\n|-start|p1b: Amoonguss|perish3\n|upkeep\n|\n|t:|1682076559\n|switch|p1a: Scream Tail|Scream Tail, L50, shiny|100\/100\n|-enditem|p1a: Scream Tail|Booster Energy\n|-activate|p1a: Scream Tail|ability: Protosynthesis|[fromitem]\n|-start|p1a: Scream Tail|protosynthesisspe\n|turn|7\n|\n|t:|1682076578\n|move|p1a: Scream Tail|Protect|p1a: Scream Tail\n|-singleturn|p1a: Scream Tail|Protect\n|move|p1b: Amoonguss|Protect|p1b: Amoonguss\n|-singleturn|p1b: Amoonguss|Protect\n|move|p2b: Dragonite|Earthquake|p1b: Amoonguss|[spread] p2a\n|-activate|p1a: Scream Tail|move: Protect\n|-activate|p1b: Amoonguss|move: Protect\n|-damage|p2a: Amoonguss|14\/100\n|-enditem|p2a: Amoonguss|Sitrus Berry|[eat]\n|-heal|p2a: Amoonguss|39\/100|[from] item: Sitrus Berry\n|move|p2a: Amoonguss|Spore|p1a: Scream Tail\n|-activate|p1a: Scream Tail|move: Protect\n|\n|-damage|p1b: Amoonguss|0 fnt|[from] brn\n|faint|p1b: Amoonguss\n|-start|p2b: Dragonite|perish2\n|-start|p2a: Amoonguss|perish2\n|upkeep\n|inactive|No heart no dream has 30 seconds left.\n|\n|t:|1682076603\n|switch|p1b: Gothitelle|Gothitelle, L50, F|24\/100 brn\n|turn|8\n|\n|t:|1682076613\n|move|p1b: Gothitelle|Protect|p1b: Gothitelle\n|-singleturn|p1b: Gothitelle|Protect\n|move|p1a: Scream Tail|Disable|p2b: Dragonite\n|-start|p2b: Dragonite|Disable|Earthquake\n|cant|p2b: Dragonite|Disable|Earthquake\n|move|p2a: Amoonguss|Spore|p1a: Scream Tail\n|-status|p1a: Scream Tail|slp|[from] move: Spore\n|\n|-damage|p1b: Gothitelle|18\/100 brn|[from] brn\n|-start|p2b: Dragonite|perish1\n|-start|p2a: Amoonguss|perish1\n|upkeep\n|turn|9\n|c|\u2606No heart no dream|gg\n|\n|t:|1682076630\n|cant|p1a: Scream Tail|slp\n|move|p1b: Gothitelle|Protect||[still]\n|-fail|p1b: Gothitelle\n|-activate|p2b: Dragonite|move: Struggle\n|move|p2b: Dragonite|Struggle|p1b: Gothitelle\n|-damage|p1b: Gothitelle|0 fnt\n|faint|p1b: Gothitelle\n|-damage|p2b: Dragonite|75\/100|[from] recoil\n|move|p2a: Amoonguss|Pollen Puff|p1a: Scream Tail\n|-damage|p1a: Scream Tail|87\/100 slp\n|\n|-start|p2b: Dragonite|perish0\n|-start|p2a: Amoonguss|perish0\n|upkeep\n|faint|p2b: Dragonite\n|faint|p2a: Amoonguss\n|\n|win|No heart no dream\n|raw|No heart no dream's rating: 1087 → 1120<\/strong> (+33 for winning)\n|raw|Kaibar's rating: 1162 → 1132<\/strong> (-30 for losing)\n","uploadtime":1682076637,"views":14,"p1id":"noheartnodream","p2id":"kaibar","formatid":"gen9vgc2023regulationc","rating":1120,"private":0,"password":""}