{"id":"gen9vgc2023regulationc-1850927916","p1":"sspark","p2":"Uhhncertain","format":"[Gen 9] VGC 2023 Regulation C","log":"|j|\u2606sspark\n|j|\u2606Uhhncertain\n|t:|1682383302\n|gametype|doubles\n|player|p1|sspark|169|1316\n|player|p2|Uhhncertain|n-masters2|1380\n|teamsize|p1|6\n|teamsize|p2|6\n|gen|9\n|tier|[Gen 9] VGC 2023 Regulation C\n|rated|\n|rule|Species Clause: Limit one of each Pok\u00e9mon\n|rule|Item Clause: Limit one of each item\n|clearpoke\n|poke|p1|Flutter Mane, L50|\n|poke|p1|Riolu, L50, F|\n|poke|p1|Maushold, L50|\n|poke|p1|Great Tusk, L50|\n|poke|p1|Gyarados, L50, M|\n|poke|p1|Chi-Yu, L50|\n|poke|p2|Great Tusk, L50|\n|poke|p2|Dondozo, L50, M|\n|poke|p2|Tatsugiri-Stretchy, L50, M|\n|poke|p2|Flutter Mane, L50|\n|poke|p2|Iron Bundle, L50|\n|poke|p2|Corviknight, L50, F|\n|teampreview|4\n|inactive|Battle timer is ON: inactive players will automatically lose when time's up. (requested by Uhhncertain)\n|\n|t:|1682383351\n|start\n|switch|p1a: Flutter Mane|Flutter Mane, L50|100\/100\n|switch|p1b: Riolu|Riolu, L50, F|100\/100\n|switch|p2a: Faust|Iron Bundle, L50|100\/100\n|switch|p2b: Rodya|Flutter Mane, L50|100\/100\n|-enditem|p2a: Faust|Booster Energy\n|-activate|p2a: Faust|ability: Quark Drive|[fromitem]\n|-start|p2a: Faust|quarkdrivespe\n|turn|1\n|inactive|sspark has 30 seconds left.\n|inactive|sspark has 20 seconds left.\n|inactive|sspark has 15 seconds left.\n|inactive|sspark has 10 seconds left.\n|\n|t:|1682383398\n|-terastallize|p2b: Rodya|Steel\n|move|p1b: Riolu|Bullet Punch|p1a: Flutter Mane\n|-supereffective|p1a: Flutter Mane\n|-damage|p1a: Flutter Mane|79\/100\n|-enditem|p1a: Flutter Mane|Weakness Policy\n|-boost|p1a: Flutter Mane|atk|2|[from] item: Weakness Policy\n|-boost|p1a: Flutter Mane|spa|2|[from] item: Weakness Policy\n|move|p2a: Faust|Icy Wind|p1a: Flutter Mane|[spread] p1a,p1b\n|-damage|p1a: Flutter Mane|61\/100\n|-damage|p1b: Riolu|55\/100\n|-unboost|p1a: Flutter Mane|spe|1\n|-unboost|p1b: Riolu|spe|1\n|move|p2b: Rodya|Dazzling Gleam|p1a: Flutter Mane|[spread] p1a,p1b\n|-supereffective|p1b: Riolu\n|-damage|p1a: Flutter Mane|13\/100\n|-damage|p1b: Riolu|0 fnt\n|faint|p1b: Riolu\n|move|p1a: Flutter Mane|Dazzling Gleam|p2a: Faust|[spread] p2a,p2b\n|-crit|p2a: Faust\n|-resisted|p2b: Rodya\n|-damage|p2a: Faust|0 fnt\n|-damage|p2b: Rodya|74\/100\n|faint|p2a: Faust\n|-end|p2a: Faust|Quark Drive|[silent]\n|\n|upkeep\n|inactive|sspark has 30 seconds left.\n|\n|t:|1682383425\n|switch|p2a: Ishmael|Dondozo, L50, M|100\/100\n|switch|p1b: Great Tusk|Great Tusk, L50|100\/100\n|turn|2\n|\n|t:|1682383441\n|move|p1b: Great Tusk|Headlong Rush|p2b: Rodya\n|-supereffective|p2b: Rodya\n|-damage|p2b: Rodya|0 fnt\n|-unboost|p1b: Great Tusk|def|1\n|-unboost|p1b: Great Tusk|spd|1\n|faint|p2b: Rodya\n|-end|p2b: Rodya|Protosynthesis|[silent]\n|move|p1a: Flutter Mane|Thunderbolt|p2a: Ishmael\n|-supereffective|p2a: Ishmael\n|-damage|p2a: Ishmael|35\/100\n|move|p2a: Ishmael|Wave Crash|p1b: Great Tusk\n|-supereffective|p1b: Great Tusk\n|-damage|p1b: Great Tusk|24\/100\n|-damage|p2a: Ishmael|15\/100|[from] Recoil\n|\n|-heal|p2a: Ishmael|21\/100|[from] item: Leftovers\n|upkeep\n|\n|t:|1682383451\n|switch|p2b: Sinclair|Tatsugiri-Stretchy, L50, M, shiny|100\/100\n|-activate|p2b: Sinclair|ability: Commander|[of] p2a: Ishmael\n|-boost|p2a: Ishmael|atk|2\n|-boost|p2a: Ishmael|spa|2\n|-boost|p2a: Ishmael|spe|2\n|-boost|p2a: Ishmael|def|2\n|-boost|p2a: Ishmael|spd|2\n|turn|3\n|\n|t:|1682383472\n|move|p1a: Flutter Mane|Protect|p1a: Flutter Mane\n|-singleturn|p1a: Flutter Mane|Protect\n|move|p1b: Great Tusk|Headlong Rush|p2a: Ishmael\n|-damage|p2a: Ishmael|0 fnt\n|-unboost|p1b: Great Tusk|def|1\n|-unboost|p1b: Great Tusk|spd|1\n|faint|p2a: Ishmael\n|\n|upkeep\n|turn|4\n|\n|t:|1682383482\n|move|p2b: Sinclair|Muddy Water|p1a: Flutter Mane|[spread] p1a,p1b\n|-supereffective|p1b: Great Tusk\n|-damage|p1a: Flutter Mane|0 fnt\n|-damage|p1b: Great Tusk|0 fnt\n|faint|p1a: Flutter Mane\n|-end|p1a: Flutter Mane|Protosynthesis|[silent]\n|faint|p1b: Great Tusk\n|-end|p1b: Great Tusk|Protosynthesis|[silent]\n|\n|upkeep\n|\n|t:|1682383486\n|switch|p1a: Chi-Yu|Chi-Yu, L50|100\/100\n|-ability|p1a: Chi-Yu|Beads of Ruin\n|turn|5\n|\n|t:|1682383493\n|-terastallize|p1a: Chi-Yu|Grass\n|move|p2b: Sinclair|Muddy Water|p1a: Chi-Yu\n|-resisted|p1a: Chi-Yu\n|-damage|p1a: Chi-Yu|77\/100\n|-unboost|p1a: Chi-Yu|accuracy|1\n|move|p1a: Chi-Yu|Tera Blast|p2b: Sinclair|[miss]\n|-miss|p1a: Chi-Yu|p2b: Sinclair\n|\n|upkeep\n|turn|6\n|\n|t:|1682383501\n|move|p2b: Sinclair|Muddy Water|p1a: Chi-Yu\n|-resisted|p1a: Chi-Yu\n|-damage|p1a: Chi-Yu|51\/100\n|move|p1a: Chi-Yu|Tera Blast|p2b: Sinclair\n|-damage|p2b: Sinclair|5\/100\n|-damage|p1a: Chi-Yu|42\/100|[from] item: Life Orb\n|\n|upkeep\n|turn|7\n|c|\u2606Uhhncertain|ok buddy\n|c|\u2606Uhhncertain|just a few more\n|\n|t:|1682383509\n|move|p2b: Sinclair|Muddy Water|p1a: Chi-Yu\n|-resisted|p1a: Chi-Yu\n|-damage|p1a: Chi-Yu|18\/100\n|move|p1a: Chi-Yu|Tera Blast|p2b: Sinclair\n|-damage|p2b: Sinclair|0 fnt\n|faint|p2b: Sinclair\n|-damage|p1a: Chi-Yu|9\/100|[from] item: Life Orb\n|\n|win|sspark\n|raw|sspark's rating: 1316 → 1340<\/strong> (+24 for winning)\n|raw|Uhhncertain's rating: 1380 → 1356<\/strong> (-24 for losing)\n|c|\u2606Uhhncertain|LMAO\n|c|\u2606Uhhncertain|gg\n|c|\u2606sspark|gg\n","uploadtime":1682384195,"views":9,"p1id":"sspark","p2id":"uhhncertain","formatid":"gen9vgc2023regulationc","rating":1340,"private":0,"password":""}