{"id":"gen9vgc2023regulationc-1859763356","p1":"Terry kloak","p2":"DanielAcorn","format":"[Gen 9] VGC 2023 Regulation C","log":"|j|\u2606Terry kloak\n|j|\u2606DanielAcorn\n|t:|1683562555\n|gametype|doubles\n|player|p1|Terry kloak|gentleman-gen4|1659\n|player|p2|DanielAcorn|102|1687\n|teamsize|p1|6\n|teamsize|p2|6\n|gen|9\n|tier|[Gen 9] VGC 2023 Regulation C\n|rated|\n|rule|Species Clause: Limit one of each Pok\u00e9mon\n|rule|Item Clause: Limit one of each item\n|clearpoke\n|poke|p1|Ceruledge, L50, M|\n|poke|p1|Orthworm, L50, F|\n|poke|p1|Ting-Lu, L50|\n|poke|p1|Dragonite, L50, M|\n|poke|p1|Iron Bundle, L50|\n|poke|p1|Gothitelle, L50, F|\n|poke|p2|Amoonguss, L50, F|\n|poke|p2|Chi-Yu, L50|\n|poke|p2|Kingambit, L50, M|\n|poke|p2|Iron Bundle, L50|\n|poke|p2|Chien-Pao, L50|\n|poke|p2|Flutter Mane, L50|\n|teampreview|4\n|inactive|Battle timer is ON: inactive players will automatically lose when time's up. (requested by Terry kloak)\nTerry kloak has agreed to open team sheets.\n|\n|t:|1683562591\n|start\n|switch|p1a: Ting-Lu|Ting-Lu, L50|100\/100\n|switch|p1b: Orthworm|Orthworm, L50, F|100\/100\n|switch|p2a: Chien-Pao|Chien-Pao, L50|100\/100\n|switch|p2b: Iron Bundle|Iron Bundle, L50|100\/100\n|-ability|p2a: Chien-Pao|Sword of Ruin\n|-ability|p1a: Ting-Lu|Vessel of Ruin\n|-enditem|p2b: Iron Bundle|Booster Energy\n|-activate|p2b: Iron Bundle|ability: Quark Drive|[fromitem]\n|-start|p2b: Iron Bundle|quarkdrivespe\n|turn|1\n|\n|t:|1683562610\n|-terastallize|p1a: Ting-Lu|Poison\n|move|p2b: Iron Bundle|Hydro Pump|p1b: Orthworm|[miss]\n|-miss|p2b: Iron Bundle|p1b: Orthworm\n|move|p2a: Chien-Pao|Sacred Sword|p1b: Orthworm\n|-supereffective|p1b: Orthworm\n|-damage|p1b: Orthworm|51\/100\n|move|p1a: Ting-Lu|Earthquake|p2a: Chien-Pao|[spread] p2a,p2b\n|-heal|p1b: Orthworm|76\/100|[from] ability: Earth Eater|[of] p1a: Ting-Lu\n|-crit|p2b: Iron Bundle\n|-damage|p2a: Chien-Pao|54\/100\n|-damage|p2b: Iron Bundle|20\/100\n|move|p1b: Orthworm|Body Press|p1a: Ting-Lu\n|-resisted|p1a: Ting-Lu\n|-damage|p1a: Ting-Lu|89\/100\n|\n|upkeep\n|turn|2\n|inactive|DanielAcorn has 30 seconds left.\n|inactive|DanielAcorn has 20 seconds left.\n|\n|t:|1683562645\n|move|p2b: Iron Bundle|Hydro Pump|p1a: Ting-Lu\n|-damage|p1a: Ting-Lu|66\/100\n|move|p2a: Chien-Pao|Ice Spinner|p1a: Ting-Lu\n|-damage|p1a: Ting-Lu|38\/100\n|move|p1a: Ting-Lu|Earthquake|p2b: Iron Bundle|[spread] p2a,p2b\n|-heal|p1b: Orthworm|100\/100|[from] ability: Earth Eater|[of] p1a: Ting-Lu\n|-damage|p2a: Chien-Pao|6\/100\n|-damage|p2b: Iron Bundle|0 fnt\n|faint|p2b: Iron Bundle\n|-end|p2b: Iron Bundle|Quark Drive|[silent]\n|move|p1b: Orthworm|Shed Tail|p1b: Orthworm\n|-start|p1b: Orthworm|Substitute|[from] move: Shed Tail\n|-damage|p1b: Orthworm|50\/100\n|-enditem|p1b: Orthworm|Sitrus Berry|[eat]\n|-heal|p1b: Orthworm|75\/100|[from] item: Sitrus Berry\n|\n|t:|1683562660\n|switch|p1b: Ceruledge|Ceruledge, L50, M|100\/100|[from] Shed Tail\n|\n|upkeep\n|\n|t:|1683562665\n|switch|p2b: Chi-Yu|Chi-Yu, L50|100\/100\n|-ability|p2b: Chi-Yu|Beads of Ruin\n|turn|3\n|\n|t:|1683562686\n|move|p2a: Chien-Pao|Sucker Punch|p1a: Ting-Lu\n|-damage|p1a: Ting-Lu|10\/100\n|move|p2b: Chi-Yu|Dark Pulse|p1a: Ting-Lu\n|-damage|p1a: Ting-Lu|0 fnt\n|faint|p1a: Ting-Lu\n|-damage|p2b: Chi-Yu|91\/100|[from] item: Life Orb\n|move|p1b: Ceruledge|Bulk Up|p1b: Ceruledge\n|-boost|p1b: Ceruledge|atk|1\n|-boost|p1b: Ceruledge|def|1\n|\n|upkeep\n|\n|t:|1683562698\n|switch|p1a: Dragonite|Dragonite, L50, M|100\/100\n|turn|4\n|\n|t:|1683562717\n|move|p1b: Ceruledge|Shadow Sneak|p2a: Chien-Pao\n|-resisted|p2a: Chien-Pao\n|-damage|p2a: Chien-Pao|0 fnt\n|faint|p2a: Chien-Pao\n|move|p2b: Chi-Yu|Dark Pulse|p1b: Ceruledge\n|-supereffective|p1b: Ceruledge\n|-end|p1b: Ceruledge|Substitute\n|-damage|p2b: Chi-Yu|81\/100|[from] item: Life Orb\n|move|p1a: Dragonite|Dragon Dance|p1a: Dragonite\n|-boost|p1a: Dragonite|atk|1\n|-boost|p1a: Dragonite|spe|1\n|\n|upkeep\n|\n|t:|1683562729\n|switch|p2a: Flutter Mane|Flutter Mane, L50|100\/100\n|turn|5\n|\n|t:|1683562736\n|-terastallize|p2a: Flutter Mane|Fairy\n|move|p1b: Ceruledge|Protect|p1b: Ceruledge\n|-singleturn|p1b: Ceruledge|Protect\n|move|p1a: Dragonite|Earthquake|p2a: Flutter Mane|[spread] p2a,p2b\n|-activate|p1b: Ceruledge|move: Protect\n|-supereffective|p2b: Chi-Yu\n|-damage|p2a: Flutter Mane|17\/100\n|-damage|p2b: Chi-Yu|0 fnt\n|faint|p2b: Chi-Yu\n|move|p2a: Flutter Mane|Moonblast|p1a: Dragonite\n|-supereffective|p1a: Dragonite\n|-damage|p1a: Dragonite|0 fnt\n|faint|p1a: Dragonite\n|\n|upkeep\n|-message|DanielAcorn forfeited.\n|\n|win|Terry kloak\n|raw|Terry kloak's rating: 1659 → 1681<\/strong> (+22 for winning)\n|raw|DanielAcorn's rating: 1687 → 1665<\/strong> (-22 for losing)\n|l|\u2606DanielAcorn\n|l|\u2606Terry kloak\n","uploadtime":1683562913,"views":13,"p1id":"terrykloak","p2id":"danielacorn","formatid":"gen9vgc2023regulationc","rating":1665,"private":0,"password":""}