{"id":"gen9vgc2023regulationc-1845674247","p1":"actuary97","p2":"aave","format":"[Gen 9] VGC 2023 Regulation C","log":"|j|\u2606actuary97\n|j|\u2606aave\n|t:|1681754514\n|gametype|doubles\n|player|p1|actuary97|sabrina-lgpe|1546\n|player|p2|aave|170|1629\n|teamsize|p1|6\n|teamsize|p2|6\n|gen|9\n|tier|[Gen 9] VGC 2023 Regulation C\n|rated|\n|rule|Species Clause: Limit one of each Pok\u00e9mon\n|rule|Item Clause: Limit one of each item\n|clearpoke\n|poke|p1|Tauros-Paldea-Blaze, L50, M|\n|poke|p1|Kingambit, L50, M|\n|poke|p1|Armarouge, L50, M|\n|poke|p1|Gallade, L50, M|\n|poke|p1|Indeedee, L50, M|\n|poke|p1|Drifblim, L50, M|\n|poke|p2|Wo-Chien, L50|\n|poke|p2|Flutter Mane, L50|\n|poke|p2|Glimmora, L50, F|\n|poke|p2|Arcanine, L50, F|\n|poke|p2|Dondozo, L50, F|\n|poke|p2|Tatsugiri, L50, M|\n|teampreview|4\naave has agreed to open team sheets.\n|j| WeirdPolyCouple\nactuary97 rejected open team sheets.\n|c|\u2606aave|:(\n|c|\u2606actuary97|sorry no sheet for the dozo\n|c|\u2606actuary97|I promise I don't have weakness policy or any cheese like that\n|\n|t:|1681754606\n|start\n|switch|p1a: Indeedee|Indeedee, L50, M, shiny|100\/100\n|switch|p1b: Balloon Boi|Drifblim, L50, M, shiny|100\/100\n|switch|p2a: Arcanine|Arcanine, L50, F|100\/100\n|switch|p2b: Dondozo|Dondozo, L50, F|100\/100\n|-fieldstart|move: Psychic Terrain|[from] ability: Psychic Surge|[of] p1a: Indeedee\n|-enditem|p1b: Balloon Boi|Psychic Seed\n|-boost|p1b: Balloon Boi|spd|1|[from] item: Psychic Seed\n|-ability|p2a: Arcanine|Intimidate|boost\n|-unboost|p1a: Indeedee|atk|1\n|-unboost|p1b: Balloon Boi|atk|1\n|turn|1\n|\n|t:|1681754634\n|move|p2b: Dondozo|Protect|p2b: Dondozo\n|-singleturn|p2b: Dondozo|Protect\n|move|p1b: Balloon Boi|Tailwind|p1b: Balloon Boi\n|-sidestart|p1: actuary97|move: Tailwind\n|move|p1a: Indeedee|Psychic|p2a: Arcanine\n|-damage|p2a: Arcanine|6\/100\n|-enditem|p2a: Arcanine|Sitrus Berry|[eat]\n|-heal|p2a: Arcanine|31\/100|[from] item: Sitrus Berry\n|move|p2a: Arcanine|Snarl|p1a: Indeedee|[spread] p1a,p1b\n|-supereffective|p1a: Indeedee\n|-supereffective|p1b: Balloon Boi\n|-crit|p1b: Balloon Boi\n|-damage|p1a: Indeedee|78\/100\n|-damage|p1b: Balloon Boi|68\/100\n|-unboost|p1a: Indeedee|spa|1\n|-unboost|p1b: Balloon Boi|spa|1\n|\n|upkeep\n|turn|2\n|\n|t:|1681754655\n|switch|p2a: Tatsugiri|Tatsugiri, L50, M|100\/100\n|-activate|p2a: Tatsugiri|ability: Commander|[of] p2b: Dondozo\n|-boost|p2b: Dondozo|atk|2\n|-boost|p2b: Dondozo|spa|2\n|-boost|p2b: Dondozo|spe|2\n|-boost|p2b: Dondozo|def|2\n|-boost|p2b: Dondozo|spd|2\n|move|p1b: Balloon Boi|Strength Sap|p2b: Dondozo\n|-unboost|p2b: Dondozo|atk|1\n|-heal|p1b: Balloon Boi|100\/100\n|move|p1a: Indeedee|Psychic|p2b: Dondozo\n|-damage|p2b: Dondozo|76\/100\n|move|p2b: Dondozo|Wave Crash|p1a: Indeedee\n|-damage|p1a: Indeedee|0 fnt\n|faint|p1a: Indeedee\n|-damage|p2b: Dondozo|61\/100|[from] Recoil\n|\n|upkeep\n|\n|t:|1681754674\n|switch|p1a: King|Gallade, L50, M, shiny|100\/100\n|turn|3\n|\n|t:|1681754680\n|-terastallize|p1a: King|Water\n|move|p2b: Dondozo|Protect|p2b: Dondozo\n|-singleturn|p2b: Dondozo|Protect\n|move|p1b: Balloon Boi|Strength Sap|p2b: Dondozo\n|-activate|p2b: Dondozo|move: Protect\n|move|p1a: King|Psycho Cut|p2b: Dondozo\n|-activate|p2b: Dondozo|move: Protect\n|\n|upkeep\n|turn|4\n|\n|t:|1681754692\n|-terastallize|p2b: Dondozo|Grass\n|move|p1b: Balloon Boi|Strength Sap|p2b: Dondozo\n|-unboost|p2b: Dondozo|atk|1\n|move|p1a: King|Psycho Cut|p2b: Dondozo\n|-damage|p2b: Dondozo|32\/100\n|move|p2b: Dondozo|Tera Blast|p1a: King\n|-supereffective|p1a: King\n|-damage|p1a: King|25\/100\n|\n|-sideend|p1: actuary97|move: Tailwind\n|upkeep\n|turn|5\n|\n|t:|1681754712\n|move|p1a: King|Protect|p1a: King\n|-singleturn|p1a: King|Protect\n|move|p1b: Balloon Boi|Tailwind|p1b: Balloon Boi\n|-sidestart|p1: actuary97|move: Tailwind\n|move|p2b: Dondozo|Tera Blast|p1a: King\n|-activate|p1a: King|move: Protect\n|\n|-fieldend|move: Psychic Terrain\n|upkeep\n|turn|6\n|\n|t:|1681754725\n|move|p2b: Dondozo|Protect|p2b: Dondozo\n|-singleturn|p2b: Dondozo|Protect\n|move|p1b: Balloon Boi|Acrobatics|p2b: Dondozo\n|-activate|p2b: Dondozo|move: Protect\n|move|p1a: King|Psycho Cut|p2b: Dondozo\n|-activate|p2b: Dondozo|move: Protect\n|\n|upkeep\n|turn|7\n|\n|t:|1681754736\n|move|p1b: Balloon Boi|Acrobatics|p2b: Dondozo\n|-supereffective|p2b: Dondozo\n|-damage|p2b: Dondozo|16\/100\n|move|p1a: King|Psycho Cut|p2b: Dondozo\n|-damage|p2b: Dondozo|0 fnt\n|faint|p2b: Dondozo\n|\n|upkeep\n|j| ZacianLoveMe\n|\n|t:|1681754748\n|switch|p2b: Arcanine|Arcanine, L50, F|31\/100\n|-ability|p2b: Arcanine|Intimidate|boost\n|-unboost|p1a: King|atk|1\n|-unboost|p1b: Balloon Boi|atk|1\n|turn|8\n|inactive|Battle timer is ON: inactive players will automatically lose when time's up. (requested by aave)\n|\n|t:|1681754767\n|switch|p1a: Armarouge|Armarouge, L50, M, shiny|100\/100\n|move|p1b: Balloon Boi|Acrobatics|p2b: Arcanine\n|-damage|p2b: Arcanine|15\/100\n|move|p2a: Tatsugiri|Taunt|p1b: Balloon Boi\n|-start|p1b: Balloon Boi|move: Taunt\n|move|p2b: Arcanine|Flare Blitz|p1b: Balloon Boi\n|-damage|p1b: Balloon Boi|47\/100\n|-damage|p2b: Arcanine|0 fnt|[from] Recoil\n|faint|p2b: Arcanine\n|\n|-sideend|p1: actuary97|move: Tailwind\n|upkeep\n|\n|t:|1681754774\n|switch|p2b: Flutter Mane|Flutter Mane, L50|100\/100\n|-enditem|p2b: Flutter Mane|Booster Energy\n|-activate|p2b: Flutter Mane|ability: Protosynthesis|[fromitem]\n|-start|p2b: Flutter Mane|protosynthesisspe\n|turn|9\n|\n|t:|1681754799\n|move|p1b: Balloon Boi|Acrobatics|p2b: Flutter Mane\n|-damage|p2b: Flutter Mane|79\/100\n|move|p2b: Flutter Mane|Hex|p1b: Balloon Boi\n|-supereffective|p1b: Balloon Boi\n|-damage|p1b: Balloon Boi|0 fnt\n|faint|p1b: Balloon Boi\n|move|p2a: Tatsugiri|Muddy Water|p1a: Armarouge\n|-supereffective|p1a: Armarouge\n|-damage|p1a: Armarouge|6\/100\n|move|p1a: Armarouge|Trick Room|p1a: Armarouge\n|-fieldstart|move: Trick Room|[of] p1a: Armarouge\n|\n|upkeep\n|\n|t:|1681754810\n|switch|p1b: King|Gallade, L50, M, shiny, tera:Water|25\/100\n|turn|10\n|inactive|aave has 30 seconds left.\n|\n|t:|1681754836\n|move|p1b: King|Protect|p1b: King\n|-singleturn|p1b: King|Protect\n|move|p1a: Armarouge|Expanding Force|p2a: Tatsugiri\n|-damage|p2a: Tatsugiri|19\/100\n|-damage|p1a: Armarouge|0 fnt|[from] item: Life Orb\n|faint|p1a: Armarouge\n|move|p2a: Tatsugiri|Muddy Water|p1b: King\n|-activate|p1b: King|move: Protect\n|move|p2b: Flutter Mane|Hex|p1b: King\n|-activate|p1b: King|move: Protect\n|\n|upkeep\n|turn|11\n|c|\u2606aave|gg\n|\n|t:|1681754854\n|move|p2a: Tatsugiri|Protect|p2a: Tatsugiri\n|-singleturn|p2a: Tatsugiri|Protect\n|move|p2b: Flutter Mane|Protect|p2b: Flutter Mane\n|-singleturn|p2b: Flutter Mane|Protect\n|move|p1b: King|Psycho Cut|p2b: Flutter Mane\n|-activate|p2b: Flutter Mane|move: Protect\n|\n|upkeep\n|turn|12\n|\n|t:|1681754863\n|move|p1b: King|Psycho Cut|p2b: Flutter Mane\n|-damage|p2b: Flutter Mane|5\/100\n|move|p2a: Tatsugiri|Draco Meteor|p1b: King\n|-damage|p1b: King|0 fnt\n|-unboost|p2a: Tatsugiri|spa|2\n|faint|p1b: King\n|\n|win|aave\n|raw|actuary97's rating: 1546 → 1531<\/strong> (-15 for losing)\n|raw|aave's rating: 1629 → 1644<\/strong> (+15 for winning)\n|c|\u2606actuary97|gg\n|l|\u2606aave\n","uploadtime":1681754892,"views":7,"p1id":"actuary97","p2id":"aave","formatid":"gen9vgc2023regulationc","rating":1531,"private":0,"password":""}