{"id":"gen9vgc2023regulationc-1850289117","p1":"Nickrarri","p2":"Xalvadore","format":"[Gen 9] VGC 2023 Regulation C","log":"|j|\u2606Nickrarri\n|j|\u2606Xalvadore\n|t:|1682311740\n|gametype|doubles\n|player|p1|Nickrarri|266|1161\n|player|p2|Xalvadore|marnie|1195\n|teamsize|p1|6\n|teamsize|p2|6\n|gen|9\n|tier|[Gen 9] VGC 2023 Regulation C\n|rated|\n|rule|Species Clause: Limit one of each Pok\u00e9mon\n|rule|Item Clause: Limit one of each item\n|clearpoke\n|poke|p1|Flutter Mane, L50|\n|poke|p1|Pincurchin, L50, F|\n|poke|p1|Iron Bundle, L50|\n|poke|p1|Dondozo, L50, M|\n|poke|p1|Tatsugiri, L50, M|\n|poke|p1|Abomasnow, L50, M|\n|poke|p2|Dragonite, L50, M|\n|poke|p2|Tyranitar, L50, F|\n|poke|p2|Gastrodon, L50, M|\n|poke|p2|Arcanine, L50, F|\n|poke|p2|Meowscarada, L50, F|\n|poke|p2|Corviknight, L50, F|\n|teampreview|4\n|\n|t:|1682311771\n|start\n|switch|p1a: Pincurchin|Pincurchin, L50, F|100\/100\n|switch|p1b: Iron Bundle|Iron Bundle, L50|100\/100\n|switch|p2a: Arcanine|Arcanine, L50, F|100\/100\n|switch|p2b: Corviknight|Corviknight, L50, F|100\/100\n|-ability|p2a: Arcanine|Intimidate|boost\n|-unboost|p1a: Pincurchin|atk|1\n|-unboost|p1b: Iron Bundle|atk|1\n|-fieldstart|move: Electric Terrain|[from] ability: Electric Surge|[of] p1a: Pincurchin\n|-activate|p1b: Iron Bundle|ability: Quark Drive\n|-start|p1b: Iron Bundle|quarkdrivespe\n|turn|1\n|\n|t:|1682311814\n|switch|p2b: Gastrodon|Gastrodon, L50, M|100\/100\n|move|p1b: Iron Bundle|Hydro Pump|p2b: Gastrodon\n|-activate|p2b: Gastrodon|ability: Storm Drain\n|-ability|p2b: Gastrodon|Storm Drain|boost\n|-boost|p2b: Gastrodon|spa|1\n|move|p2a: Arcanine|Flare Blitz|p1b: Iron Bundle\n|-damage|p1b: Iron Bundle|54\/100\n|-damage|p2a: Arcanine|88\/100|[from] Recoil\n|move|p1a: Pincurchin|Toxic Spikes|p2a: Arcanine\n|-sidestart|p2: Xalvadore|move: Toxic Spikes\n|\n|upkeep\n|turn|2\n|\n|t:|1682311854\n|-terastallize|p2b: Gastrodon|Fairy\n|move|p2a: Arcanine|Protect|p2a: Arcanine\n|-singleturn|p2a: Arcanine|Protect\n|move|p1b: Iron Bundle|Freeze-Dry|p2b: Gastrodon\n|-damage|p2b: Gastrodon|72\/100\n|-status|p2b: Gastrodon|frz\n|move|p1a: Pincurchin|Toxic Spikes|p2b: Gastrodon\n|-sidestart|p2: Xalvadore|move: Toxic Spikes\n|cant|p2b: Gastrodon|frz\n|\n|upkeep\n|turn|3\n|\n|t:|1682311888\n|move|p1b: Iron Bundle|Freeze-Dry|p2b: Gastrodon\n|-damage|p2b: Gastrodon|44\/100 frz\n|-enditem|p2b: Gastrodon|Sitrus Berry|[eat]\n|-heal|p2b: Gastrodon|69\/100 frz|[from] item: Sitrus Berry\n|move|p2a: Arcanine|Flare Blitz|p1b: Iron Bundle\n|-damage|p1b: Iron Bundle|11\/100\n|-damage|p2a: Arcanine|76\/100|[from] Recoil\n|move|p1a: Pincurchin|Rain Dance|p1a: Pincurchin\n|-weather|RainDance\n|cant|p2b: Gastrodon|frz\n|\n|-weather|RainDance|[upkeep]\n|upkeep\n|turn|4\n|\n|t:|1682311911\n|move|p1b: Iron Bundle|Freeze-Dry|p2b: Gastrodon\n|-damage|p2b: Gastrodon|41\/100 frz\n|move|p2a: Arcanine|Flare Blitz|p1b: Iron Bundle\n|-damage|p1b: Iron Bundle|0 fnt\n|faint|p1b: Iron Bundle\n|-end|p1b: Iron Bundle|Quark Drive|[silent]\n|-damage|p2a: Arcanine|73\/100|[from] Recoil\n|move|p1a: Pincurchin|Memento|p2a: Arcanine\n|-unboost|p2a: Arcanine|atk|2\n|-unboost|p2a: Arcanine|spa|2\n|faint|p1a: Pincurchin\n|cant|p2b: Gastrodon|frz\n|\n|-weather|RainDance|[upkeep]\n|upkeep\n|\n|t:|1682311917\n|switch|p1b: Tatsugiri|Tatsugiri, L50, M|100\/100\n|switch|p1a: Dondozo|Dondozo, L50, M|100\/100\n|-activate|p1b: Tatsugiri|ability: Commander|[of] p1a: Dondozo\n|-boost|p1a: Dondozo|atk|2\n|-boost|p1a: Dondozo|spa|2\n|-boost|p1a: Dondozo|spe|2\n|-boost|p1a: Dondozo|def|2\n|-boost|p1a: Dondozo|spd|2\n|turn|5\n|\n|t:|1682311943\n|switch|p2a: Tyranitar|Tyranitar, L50, F|100\/100\n|-status|p2a: Tyranitar|tox\n|-weather|Sandstorm|[from] ability: Sand Stream|[of] p2a: Tyranitar\n|-terastallize|p1a: Dondozo|Water\n|move|p1a: Dondozo|Surf|p2a: Tyranitar|[spread] p2a\n|-miss|p1a: Dondozo|p1b: Tatsugiri\n|-ability|p2b: Gastrodon|Storm Drain|boost\n|-boost|p2b: Gastrodon|spa|1\n|-supereffective|p2a: Tyranitar\n|-damage|p2a: Tyranitar|8\/100 tox\n|-damage|p1a: Dondozo|91\/100|[from] item: Life Orb\n|cant|p2b: Gastrodon|frz\n|\n|-weather|Sandstorm|[upkeep]\n|-damage|p1b: Tatsugiri|94\/100|[from] Sandstorm\n|-damage|p1a: Dondozo|84\/100|[from] Sandstorm\n|-damage|p2b: Gastrodon|35\/100 frz|[from] Sandstorm\n|-damage|p2a: Tyranitar|2\/100 tox|[from] psn\n|-fieldend|move: Electric Terrain\n|upkeep\n|turn|6\n|\n|t:|1682311965\n|move|p1a: Dondozo|Body Press|p2b: Gastrodon\n|-resisted|p2b: Gastrodon\n|-damage|p2b: Gastrodon|11\/100 frz\n|-damage|p1a: Dondozo|75\/100|[from] item: Life Orb\n|move|p2a: Tyranitar|Dark Pulse|p1a: Dondozo\n|-damage|p1a: Dondozo|41\/100\n|cant|p2b: Gastrodon|frz\n|\n|-weather|Sandstorm|[upkeep]\n|-damage|p1b: Tatsugiri|88\/100|[from] Sandstorm\n|-damage|p1a: Dondozo|35\/100|[from] Sandstorm\n|-damage|p2b: Gastrodon|5\/100 frz|[from] Sandstorm\n|-damage|p2a: Tyranitar|0 fnt|[from] psn\n|faint|p2a: Tyranitar\n|upkeep\n|\n|t:|1682311977\n|switch|p2a: Corviknight|Corviknight, L50, F|100\/100\n|turn|7\n|\n|t:|1682311987\n|move|p1a: Dondozo|Body Press|p2b: Gastrodon\n|-resisted|p2b: Gastrodon\n|-damage|p2b: Gastrodon|0 fnt\n|faint|p2b: Gastrodon\n|-damage|p1a: Dondozo|25\/100|[from] item: Life Orb\n|move|p2a: Corviknight|Body Press|p1a: Dondozo\n|-damage|p1a: Dondozo|17\/100\n|\n|-weather|Sandstorm|[upkeep]\n|-damage|p1b: Tatsugiri|82\/100|[from] Sandstorm\n|-damage|p1a: Dondozo|11\/100|[from] Sandstorm\n|upkeep\n|\n|t:|1682311998\n|switch|p2b: Arcanine|Arcanine, L50, F|73\/100\n|-status|p2b: Arcanine|tox\n|-ability|p2b: Arcanine|Intimidate|boost\n|-fail|p1a: Dondozo|unboost|Attack|[from] ability: Oblivious|[of] p1a: Dondozo\n|-unboost|p1b: Tatsugiri|atk|1\n|turn|8\n|\n|t:|1682312009\n|move|p2b: Arcanine|Protect|p2b: Arcanine\n|-singleturn|p2b: Arcanine|Protect\n|move|p1a: Dondozo|Surf|p2a: Corviknight|[spread] p2a\n|-miss|p1a: Dondozo|p1b: Tatsugiri\n|-activate|p2b: Arcanine|move: Protect\n|-damage|p2a: Corviknight|24\/100\n|-damage|p1a: Dondozo|1\/100|[from] item: Life Orb\n|move|p2a: Corviknight|Body Press|p1a: Dondozo\n|-damage|p1a: Dondozo|0 fnt\n|faint|p1a: Dondozo\n|\n|-weather|Sandstorm|[upkeep]\n|-damage|p1b: Tatsugiri|75\/100|[from] Sandstorm\n|-damage|p2b: Arcanine|67\/100 tox|[from] psn\n|upkeep\n|turn|9\n|\n|t:|1682312027\n|move|p1b: Tatsugiri|Hydro Pump|p2a: Corviknight|[miss]\n|-miss|p1b: Tatsugiri|p2a: Corviknight\n|move|p2b: Arcanine|Will-O-Wisp|p1b: Tatsugiri\n|-status|p1b: Tatsugiri|brn\n|move|p2a: Corviknight|Roost|p2a: Corviknight\n|-heal|p2a: Corviknight|75\/100\n|-singleturn|p2a: Corviknight|move: Roost\n|\n|-weather|none\n|-damage|p2b: Arcanine|55\/100 tox|[from] psn\n|-damage|p1b: Tatsugiri|69\/100 brn|[from] brn\n|upkeep\n|turn|10\n|\n|t:|1682312044\n|move|p1b: Tatsugiri|Hydro Pump|p2a: Corviknight\n|-damage|p2a: Corviknight|26\/100\n|move|p2b: Arcanine|Snarl|p1b: Tatsugiri\n|-damage|p1b: Tatsugiri|54\/100 brn\n|-unboost|p1b: Tatsugiri|spa|1\n|move|p2a: Corviknight|Body Press|p1b: Tatsugiri\n|-damage|p1b: Tatsugiri|10\/100 brn\n|\n|-damage|p2b: Arcanine|36\/100 tox|[from] psn\n|-damage|p1b: Tatsugiri|4\/100 brn|[from] brn\n|upkeep\n|turn|11\n|-message|Nickrarri forfeited.\n|\n|win|Xalvadore\n|raw|Nickrarri's rating: 1161 → 1138<\/strong> (-23 for losing)\n|raw|Xalvadore's rating: 1195 → 1218<\/strong> (+23 for winning)\n|l|\u2606Nickrarri\n|c|\u2606Xalvadore|gg\n","uploadtime":1682312059,"views":39,"p1id":"nickrarri","p2id":"xalvadore","formatid":"gen9vgc2023regulationc","rating":1138,"private":0,"password":""}