{"id":"gen9vgc2023regulationc-1846273254","p1":"Polon10","p2":"Sk1tt3n","format":"[Gen 9] VGC 2023 Regulation C","log":"|j|\u2606Polon10\n|j|\u2606Sk1tt3n\n|t:|1681827462\n|gametype|doubles\n|player|p1|Polon10|1|1322\n|player|p2|Sk1tt3n|hexmaniac-gen6|1294\n|teamsize|p1|6\n|teamsize|p2|6\n|gen|9\n|tier|[Gen 9] VGC 2023 Regulation C\n|rated|\n|rule|Species Clause: Limit one of each Pok\u00e9mon\n|rule|Item Clause: Limit one of each item\n|clearpoke\n|poke|p1|Chi-Yu, L50|\n|poke|p1|Flutter Mane, L50|\n|poke|p1|Brute Bonnet, L50|\n|poke|p1|Dragonite, L50, M|\n|poke|p1|Iron Bundle, L50|\n|poke|p1|Great Tusk, L50|\n|poke|p2|Iron Hands, L50|\n|poke|p2|Bronzong, L50|\n|poke|p2|Arboliva, L50, M|\n|poke|p2|Farigiraf, L50, F|\n|poke|p2|Flutter Mane, L50|\n|poke|p2|Ting-Lu, L50|\n|teampreview|4\n|inactive|Battle timer is ON: inactive players will automatically lose when time's up. (requested by Polon10)\n|inactive|Polon10 has 60 seconds left.\n|inactive|Sk1tt3n has 60 seconds left.\n|\n|t:|1681827522\n|start\n|switch|p1a: Flutter Mane|Flutter Mane, L50|100\/100\n|switch|p1b: Chi-Yu|Chi-Yu, L50|100\/100\n|switch|p2a: Iron Hands|Iron Hands, L50|100\/100\n|switch|p2b: Farigiraf|Farigiraf, L50, F|100\/100\n|-ability|p1b: Chi-Yu|Beads of Ruin\n|turn|1\n|inactive|Polon10 has 30 seconds left.\n|inactive|Polon10 has 20 seconds left.\n|inactive|Polon10 has 15 seconds left.\n|inactive|Polon10 has 10 seconds left.\n|inactive|Polon10 has 5 seconds left.\n|\n|t:|1681827574\n|-terastallize|p2b: Farigiraf|Fairy\n|move|p2a: Iron Hands|Protect|p2a: Iron Hands\n|-singleturn|p2a: Iron Hands|Protect\n|move|p1b: Chi-Yu|Heat Wave|p2b: Farigiraf|[spread] p2b\n|-activate|p2a: Iron Hands|move: Protect\n|-damage|p2b: Farigiraf|60\/100\n|move|p1a: Flutter Mane|Dazzling Gleam|p2a: Iron Hands|[spread] p2b\n|-activate|p2a: Iron Hands|move: Protect\n|-damage|p2b: Farigiraf|26\/100\n|move|p2b: Farigiraf|Trick Room|p2b: Farigiraf\n|-fieldstart|move: Trick Room|[of] p2b: Farigiraf\n|\n|upkeep\n|turn|2\n|inactive|Polon10 has 30 seconds left.\n|inactive|Polon10 has 20 seconds left.\n|inactive|Polon10 has 15 seconds left.\n|inactive|Polon10 has 10 seconds left.\n|\n|t:|1681827622\n|switch|p2b: Ting-Lu|Ting-Lu, L50|100\/100\n|-ability|p2b: Ting-Lu|Vessel of Ruin\n|move|p2a: Iron Hands|Drain Punch|p1b: Chi-Yu\n|-supereffective|p1b: Chi-Yu\n|-damage|p1b: Chi-Yu|0 fnt\n|faint|p1b: Chi-Yu\n|move|p1a: Flutter Mane|Dazzling Gleam|p2b: Ting-Lu|[spread] p2a,p2b\n|-supereffective|p2a: Iron Hands\n|-supereffective|p2b: Ting-Lu\n|-crit|p2b: Ting-Lu\n|-damage|p2a: Iron Hands|61\/100\n|-damage|p2b: Ting-Lu|68\/100\n|\n|-heal|p2a: Iron Hands|67\/100|[from] item: Leftovers\n|upkeep\n|inactive|Polon10 has 30 seconds left.\n|\n|t:|1681827649\n|switch|p1b: Brute Bonnet|Brute Bonnet, L50|100\/100\n|turn|3\n|inactive|Polon10 has 30 seconds left.\n|inactive|Sk1tt3n has 30 seconds left.\n|inactive|Polon10 has 20 seconds left.\n|\n|t:|1681827684\n|move|p2b: Ting-Lu|Heavy Slam|p1a: Flutter Mane\n|-supereffective|p1a: Flutter Mane\n|-enditem|p1a: Flutter Mane|Babiri Berry|[eat]\n|-enditem|p1a: Flutter Mane|Babiri Berry|[weaken]\n|-damage|p1a: Flutter Mane|36\/100\n|move|p2a: Iron Hands|Drain Punch|p1b: Brute Bonnet\n|-supereffective|p1b: Brute Bonnet\n|-damage|p1b: Brute Bonnet|28\/100\n|-heal|p2a: Iron Hands|100\/100|[from] drain|[of] p1b: Brute Bonnet\n|move|p1b: Brute Bonnet|Spore|p2b: Ting-Lu\n|-status|p2b: Ting-Lu|slp|[from] move: Spore\n|move|p1a: Flutter Mane|Moonblast|p2a: Iron Hands\n|-supereffective|p2a: Iron Hands\n|-damage|p2a: Iron Hands|37\/100\n|\n|-heal|p2a: Iron Hands|43\/100|[from] item: Leftovers\n|upkeep\n|turn|4\n|inactive|Polon10 has 30 seconds left.\n|inactive|Polon10 has 20 seconds left.\n|inactive|Polon10 has 15 seconds left.\n|inactive|Polon10 has 10 seconds left.\n|inactive|Polon10 has 5 seconds left.\n|\n|t:|1681827737\n|-end|p2a: Iron Hands|Quark Drive|[silent]\n|switch|p2a: Arboliva|Arboliva, L50, M|100\/100\n|cant|p2b: Ting-Lu|slp\n|move|p1b: Brute Bonnet|Spore|p2a: Arboliva\n|-immune|p2a: Arboliva\n|move|p1a: Flutter Mane|Moonblast|p2a: Arboliva\n|-damage|p2a: Arboliva|62\/100\n|\n|upkeep\n|turn|5\n|inactive|Polon10 has 30 seconds left.\n|\n|t:|1681827770\n|move|p1a: Flutter Mane|Protect|p1a: Flutter Mane\n|-singleturn|p1a: Flutter Mane|Protect\n|move|p2a: Arboliva|Tera Blast|p1b: Brute Bonnet\n|-damage|p1b: Brute Bonnet|3\/100\n|cant|p2b: Ting-Lu|slp\n|move|p1b: Brute Bonnet|Bullet Seed|p2b: Ting-Lu\n|-supereffective|p2b: Ting-Lu\n|-damage|p2b: Ting-Lu|54\/100 slp\n|-supereffective|p2b: Ting-Lu\n|-damage|p2b: Ting-Lu|37\/100 slp\n|-supereffective|p2b: Ting-Lu\n|-damage|p2b: Ting-Lu|21\/100 slp\n|-supereffective|p2b: Ting-Lu\n|-damage|p2b: Ting-Lu|7\/100 slp\n|-hitcount|p2b: Ting-Lu|4\n|\n|-fieldend|move: Trick Room\n|upkeep\n|turn|6\n|inactive|Polon10 has 30 seconds left.\n|inactive|Sk1tt3n has 30 seconds left.\n|inactive|Polon10 has 20 seconds left.\n|inactive|Polon10 has 15 seconds left.\n|\n|t:|1681827814\n|move|p1a: Flutter Mane|Moonblast|p2a: Arboliva\n|-damage|p2a: Arboliva|26\/100\n|-unboost|p2a: Arboliva|spa|1\n|-enditem|p2a: Arboliva|Sitrus Berry|[eat]\n|-heal|p2a: Arboliva|51\/100|[from] item: Sitrus Berry\n|move|p1b: Brute Bonnet|Bullet Seed|p2b: Ting-Lu\n|-supereffective|p2b: Ting-Lu\n|-damage|p2b: Ting-Lu|0 fnt\n|faint|p2b: Ting-Lu\n|-hitcount|p2: Ting-Lu|1\n|move|p2a: Arboliva|Energy Ball|p1a: Flutter Mane\n|-damage|p1a: Flutter Mane|4\/100\n|-unboost|p1a: Flutter Mane|spd|1\n|\n|upkeep\n|inactive|Sk1tt3n has 30 seconds left.\n|\n|t:|1681827841\n|switch|p2b: Farigiraf|Farigiraf, L50, F, tera:Fairy|26\/100\n|turn|7\n|\n|t:|1681827864\n|move|p1a: Flutter Mane|Dazzling Gleam|p2a: Arboliva|[spread] p2a,p2b\n|-damage|p2a: Arboliva|17\/100\n|-damage|p2b: Farigiraf|3\/100\n|-enditem|p2b: Farigiraf|Aguav Berry|[eat]\n|-heal|p2b: Farigiraf|36\/100|[from] item: Aguav Berry\n|move|p2b: Farigiraf|Dazzling Gleam|p1b: Brute Bonnet|[spread] p1a,p1b\n|-supereffective|p1b: Brute Bonnet\n|-damage|p1a: Flutter Mane|0 fnt\n|-damage|p1b: Brute Bonnet|0 fnt\n|faint|p1a: Flutter Mane\n|-end|p1a: Flutter Mane|Protosynthesis|[silent]\n|faint|p1b: Brute Bonnet\n|-end|p1b: Brute Bonnet|Protosynthesis|[silent]\n|move|p2a: Arboliva|Energy Ball|p1: Flutter Mane|[notarget]\n|-fail|p2a: Arboliva\n|\n|upkeep\n|\n|t:|1681827878\n|switch|p1b: Great Tusk|Great Tusk, L50|100\/100\n|turn|8\n|inactive|Polon10 has 30 seconds left.\n|inactive|Polon10 has 20 seconds left.\n|inactive|Polon10 has 15 seconds left.\n|inactive|Polon10 has 10 seconds left.\n|inactive|Polon10 has 5 seconds left.\n|\n|t:|1681827929\n|move|p1b: Great Tusk|Ice Spinner|p2b: Farigiraf\n|-damage|p2b: Farigiraf|6\/100\n|move|p2a: Arboliva|Energy Ball|p1b: Great Tusk\n|-supereffective|p1b: Great Tusk\n|-enditem|p1b: Great Tusk|Focus Sash\n|-damage|p1b: Great Tusk|1\/100\n|move|p2b: Farigiraf|Trick Room|p2b: Farigiraf\n|-fieldstart|move: Trick Room|[of] p2b: Farigiraf\n|\n|-item|p2a: Arboliva|Sitrus Berry|[from] ability: Harvest\n|upkeep\n|-enditem|p2a: Arboliva|Sitrus Berry|[eat]\n|-heal|p2a: Arboliva|42\/100|[from] item: Sitrus Berry\n|turn|9\n|-message|Polon10 forfeited.\n|\n|win|Sk1tt3n\n|raw|Polon10's rating: 1322 → 1300<\/strong> (-22 for losing)\n|raw|Sk1tt3n's rating: 1294 → 1321<\/strong> (+27 for winning)\n|l|\u2606Polon10\n","uploadtime":1681827947,"views":9,"p1id":"polon10","p2id":"sk1tt3n","formatid":"gen9vgc2023regulationc","rating":1300,"private":0,"password":""}