{"id":"gen9vgc2023regulationc-1845683170","p1":"5wamp","p2":"Blueaquajet3","format":"[Gen 9] VGC 2023 Regulation C","log":"|j|\u26065wamp\n|j|\u2606Blueaquajet3\n|t:|1681755262\n|gametype|doubles\n|player|p1|5wamp|boarder|1335\n|player|p2|Blueaquajet3|1|1296\n|teamsize|p1|6\n|teamsize|p2|6\n|gen|9\n|tier|[Gen 9] VGC 2023 Regulation C\n|rated|\n|rule|Species Clause: Limit one of each Pok\u00e9mon\n|rule|Item Clause: Limit one of each item\n|clearpoke\n|poke|p1|Hawlucha, L50, M|\n|poke|p1|Indeedee-F, L50, F|\n|poke|p1|Flutter Mane, L50|\n|poke|p1|Iron Bundle, L50|\n|poke|p1|Dondozo, L50, M|\n|poke|p1|Tatsugiri, L50, M|\n|poke|p2|Forretress, L50, M|\n|poke|p2|Braviary, L50, M|\n|poke|p2|Sandy Shocks, L50|\n|poke|p2|Flutter Mane, L50|\n|poke|p2|Arcanine, L50, M|\n|poke|p2|Tauros-Paldea-Aqua, L50, M|\n|teampreview|4\n|inactive|Battle timer is ON: inactive players will automatically lose when time's up. (requested by Blueaquajet3)\n5wamp rejected open team sheets.\n|c|\u26065wamp|glhg\n|c|\u26065wamp|glhf\n|\n|t:|1681755281\n|start\n|switch|p1a: I Will|Flutter Mane, L50|100\/100\n|switch|p1b: Not be|Iron Bundle, L50|100\/100\n|switch|p2a: Golden Nut|Forretress, L50, M, shiny|100\/100\n|switch|p2b: It's Just A Phase|Flutter Mane, L50|100\/100\n|-enditem|p1b: Not be|Booster Energy\n|-activate|p1b: Not be|ability: Quark Drive|[fromitem]\n|-start|p1b: Not be|quarkdrivespe\n|turn|1\n|inactive|Blueaquajet3 has 30 seconds left.\n|inactive|5wamp has 30 seconds left.\n|inactive|5wamp has 20 seconds left.\n|\n|t:|1681755325\n|-terastallize|p2b: It's Just A Phase|Steel\n|-terastallize|p1a: I Will|Fairy\n|move|p1b: Not be|Freeze-Dry|p2a: Golden Nut\n|-resisted|p2a: Golden Nut\n|-damage|p2a: Golden Nut|83\/100\n|move|p2b: It's Just A Phase|Moonblast|p1b: Not be\n|-damage|p1b: Not be|0 fnt\n|faint|p1b: Not be\n|-end|p1b: Not be|Quark Drive|[silent]\n|move|p1a: I Will|Dazzling Gleam|p2b: It's Just A Phase|[spread] p2a,p2b\n|-resisted|p2a: Golden Nut\n|-resisted|p2b: It's Just A Phase\n|-damage|p2a: Golden Nut|47\/100\n|-damage|p2b: It's Just A Phase|65\/100\n|move|p2a: Golden Nut|Gyro Ball|p1a: I Will\n|-supereffective|p1a: I Will\n|-damage|p1a: I Will|0 fnt\n|faint|p1a: I Will\n|-end|p1a: I Will|Protosynthesis|[silent]\n|\n|-heal|p2a: Golden Nut|53\/100|[from] item: Leftovers\n|upkeep\n|\n|t:|1681755337\n|switch|p1b: OTS|Tatsugiri, L50, M|100\/100\n|switch|p1a: Accepting|Dondozo, L50, M|100\/100\n|-activate|p1b: OTS|ability: Commander|[of] p1a: Accepting\n|-boost|p1a: Accepting|atk|2\n|-boost|p1a: Accepting|spa|2\n|-boost|p1a: Accepting|spe|2\n|-boost|p1a: Accepting|def|2\n|-boost|p1a: Accepting|spd|2\n|turn|2\n|\n|t:|1681755349\n|switch|p2a: Mymuttdog|Arcanine, L50, M|100\/100\n|-ability|p2a: Mymuttdog|Intimidate|boost\n|-fail|p1a: Accepting|unboost|Attack|[from] ability: Oblivious|[of] p1a: Accepting\n|-unboost|p1b: OTS|atk|1\n|move|p2b: It's Just A Phase|Moonblast|p1a: Accepting\n|-damage|p1a: Accepting|65\/100\n|move|p1a: Accepting|Earthquake|p2b: It's Just A Phase|[spread] p2a,p2b\n|-miss|p1a: Accepting|p1b: OTS\n|-supereffective|p2a: Mymuttdog\n|-supereffective|p2b: It's Just A Phase\n|-damage|p2a: Mymuttdog|2\/100\n|-damage|p2b: It's Just A Phase|0 fnt\n|faint|p2b: It's Just A Phase\n|-end|p2b: It's Just A Phase|Protosynthesis|[silent]\n|\n|upkeep\n|\n|t:|1681755368\n|switch|p2b: Mike Hawk|Sandy Shocks, L50, shiny|100\/100\n|turn|3\n|c|\u26065wamp|oblivious dozo best dozo\n|\n|t:|1681755380\n|move|p2a: Mymuttdog|Protect|p2a: Mymuttdog\n|-singleturn|p2a: Mymuttdog|Protect\n|move|p2b: Mike Hawk|Protect|p2b: Mike Hawk\n|-singleturn|p2b: Mike Hawk|Protect\n|move|p1a: Accepting|Earthquake|p2b: Mike Hawk|[spread] \n|-miss|p1a: Accepting|p1b: OTS\n|-activate|p2a: Mymuttdog|move: Protect\n|-activate|p2b: Mike Hawk|move: Protect\n|\n|upkeep\n|turn|4\n|\n|t:|1681755414\n|move|p1a: Accepting|Wave Crash|p2b: Mike Hawk\n|-supereffective|p2b: Mike Hawk\n|-damage|p2b: Mike Hawk|0 fnt\n|faint|p2b: Mike Hawk\n|-end|p2b: Mike Hawk|Protosynthesis|[silent]\n|-damage|p1a: Accepting|38\/100|[from] Recoil\n|move|p2a: Mymuttdog|Will-O-Wisp|p1a: Accepting\n|-status|p1a: Accepting|brn\n|\n|-damage|p1a: Accepting|31\/100 brn|[from] brn\n|upkeep\n|\n|t:|1681755418\n|switch|p2b: Golden Nut|Forretress, L50, M, shiny|53\/100\n|turn|5\n|\n|t:|1681755442\n|move|p1a: Accepting|Rest|p1a: Accepting\n|-status|p1a: Accepting|slp|[from] move: Rest\n|-heal|p1a: Accepting|100\/100 slp|[silent]\n|-enditem|p1a: Accepting|Chesto Berry|[eat]\n|-curestatus|p1a: Accepting|slp|[msg]\n|move|p2a: Mymuttdog|Flare Blitz|p1a: Accepting\n|-resisted|p1a: Accepting\n|-damage|p1a: Accepting|91\/100\n|-damage|p2a: Mymuttdog|0 fnt|[from] Recoil\n|faint|p2a: Mymuttdog\n|move|p2b: Golden Nut|Body Press|p1a: Accepting\n|-damage|p1a: Accepting|80\/100\n|\n|-heal|p2b: Golden Nut|59\/100|[from] item: Leftovers\n|upkeep\n|turn|6\n|-message|Blueaquajet3 forfeited.\n|\n|win|5wamp\n|raw|5wamp's rating: 1335 → 1353<\/strong> (+18 for winning)\n|raw|Blueaquajet3's rating: 1296 → 1274<\/strong> (-22 for losing)\n|l|\u2606Blueaquajet3\n","uploadtime":1681755455,"views":11,"p1id":"5wamp","p2id":"blueaquajet3","formatid":"gen9vgc2023regulationc","rating":1274,"private":0,"password":""}