{"id":"gen9vgc2023regulationc-1862177290","p1":"maverick8","p2":"foiledfeline","format":"[Gen 9] VGC 2023 Regulation C","log":"|j|\u2606maverick8\n|j|\u2606foiledfeline\n|t:|1683845711\n|gametype|doubles\n|player|p1|maverick8|plasmagrunt|1278\n|player|p2|foiledfeline|1|1246\n|teamsize|p1|6\n|teamsize|p2|6\n|gen|9\n|tier|[Gen 9] VGC 2023 Regulation C\n|rated|\n|rule|Species Clause: Limit one of each Pok\u00e9mon\n|rule|Item Clause: Limit one of each item\n|clearpoke\n|poke|p1|Azumarill, L50, F|\n|poke|p1|Arcanine, L50, M|\n|poke|p1|Amoonguss, L50, F|\n|poke|p1|Dragonite, L50, M|\n|poke|p1|Chien-Pao, L50|\n|poke|p1|Flutter Mane, L50|\n|poke|p2|Talonflame, L50, M|\n|poke|p2|Gyarados, L50, M|\n|poke|p2|Breloom, L50, F|\n|poke|p2|Chi-Yu, L50|\n|poke|p2|Garchomp, L50, M|\n|poke|p2|Flutter Mane, L50|\n|teampreview|4\nmaverick8 has agreed to open team sheets.\n|inactive|Battle timer is ON: inactive players will automatically lose when time's up. (requested by maverick8)\n|inactive|maverick8 has 60 seconds left.\n|inactive|foiledfeline has 60 seconds left.\n|\n|t:|1683845767\n|start\n|switch|p1a: Azumarill|Azumarill, L50, F|100\/100\n|switch|p1b: Amoonguss|Amoonguss, L50, F, shiny|100\/100\n|switch|p2a: Talonflame|Talonflame, L50, M|100\/100\n|switch|p2b: Gyarados|Gyarados, L50, M|100\/100\n|-ability|p2b: Gyarados|Intimidate|boost\n|-unboost|p1a: Azumarill|atk|1\n|-unboost|p1b: Amoonguss|atk|1\n|turn|1\n|\n|t:|1683845782\n|-terastallize|p1b: Amoonguss|Water\n|move|p1b: Amoonguss|Rage Powder|p1b: Amoonguss\n|-singleturn|p1b: Amoonguss|move: Rage Powder\n|move|p2a: Talonflame|Brave Bird|p1b: Amoonguss\n|-damage|p1b: Amoonguss|49\/100\n|-damage|p2a: Talonflame|76\/100|[from] Recoil\n|-damage|p2a: Talonflame|67\/100|[from] item: Life Orb\n|move|p2b: Gyarados|Taunt|p1b: Amoonguss\n|-start|p1b: Amoonguss|move: Taunt\n|move|p1a: Azumarill|Belly Drum|p1a: Azumarill\n|-damage|p1a: Azumarill|50\/100\n|-setboost|p1a: Azumarill|atk|6|[from] move: Belly Drum\n|-enditem|p1a: Azumarill|Sitrus Berry|[eat]\n|-heal|p1a: Azumarill|75\/100|[from] item: Sitrus Berry\n|\n|upkeep\n|turn|2\n|\n|t:|1683845805\n|move|p1a: Azumarill|Aqua Jet|p2a: Talonflame\n|-supereffective|p2a: Talonflame\n|-damage|p2a: Talonflame|0 fnt\n|faint|p2a: Talonflame\n|move|p2b: Gyarados|Thunder Wave|p1a: Azumarill\n|-status|p1a: Azumarill|par\n|move|p1b: Amoonguss|Pollen Puff|p1a: Azumarill\n|-heal|p1a: Azumarill|100\/100 par\n|\n|upkeep\n|\n|t:|1683845815\n|switch|p2a: Breloom|Breloom, L50, F|100\/100\n|turn|3\n|\n|t:|1683845836\n|switch|p1b: Arcanine|Arcanine, L50, M|100\/100\n|-ability|p1b: Arcanine|Intimidate|boost\n|-unboost|p2a: Breloom|atk|1\n|-unboost|p2b: Gyarados|atk|1\n|move|p2a: Breloom|Bullet Seed|p1a: Azumarill\n|-supereffective|p1a: Azumarill\n|-damage|p1a: Azumarill|73\/100 par\n|-supereffective|p1a: Azumarill\n|-damage|p1a: Azumarill|47\/100 par\n|-supereffective|p1a: Azumarill\n|-damage|p1a: Azumarill|17\/100 par\n|-supereffective|p1a: Azumarill\n|-damage|p1a: Azumarill|0 fnt\n|faint|p1a: Azumarill\n|-hitcount|p1: Azumarill|4\n|move|p2b: Gyarados|Waterfall|p1b: Arcanine\n|-supereffective|p1b: Arcanine\n|-damage|p1b: Arcanine|51\/100\n|\n|upkeep\n|\n|t:|1683845850\n|switch|p1a: Chien-Pao|Chien-Pao, L50|100\/100\n|-ability|p1a: Chien-Pao|Sword of Ruin\n|turn|4\n|\n|t:|1683845863\n|move|p2a: Breloom|Mach Punch|p1a: Chien-Pao\n|-supereffective|p1a: Chien-Pao\n|-enditem|p1a: Chien-Pao|Focus Sash\n|-damage|p1a: Chien-Pao|1\/100\n|move|p1a: Chien-Pao|Ice Spinner|p2a: Breloom\n|-supereffective|p2a: Breloom\n|-enditem|p2a: Breloom|Focus Sash\n|-damage|p2a: Breloom|1\/100\n|move|p1b: Arcanine|Will-O-Wisp|p2b: Gyarados\n|-status|p2b: Gyarados|brn\n|move|p2b: Gyarados|Waterfall|p1b: Arcanine\n|-supereffective|p1b: Arcanine\n|-damage|p1b: Arcanine|16\/100\n|\n|-damage|p2b: Gyarados|95\/100 brn|[from] brn\n|upkeep\n|turn|5\n|inactive|foiledfeline has 30 seconds left.\n|\n|t:|1683845896\n|switch|p1a: Amoonguss|Amoonguss, L50, F, shiny, tera:Water|82\/100\n|move|p1b: Arcanine|Extreme Speed|p2a: Breloom\n|-damage|p2a: Breloom|0 fnt\n|faint|p2a: Breloom\n|move|p2b: Gyarados|Waterfall|p1b: Arcanine\n|-supereffective|p1b: Arcanine\n|-damage|p1b: Arcanine|0 fnt\n|faint|p1b: Arcanine\n|\n|-damage|p2b: Gyarados|89\/100 brn|[from] brn\n|upkeep\n|\n|t:|1683845909\n|switch|p1b: Chien-Pao|Chien-Pao, L50|1\/100\n|switch|p2a: Flutter Mane|Flutter Mane, L50|100\/100\n|-ability|p1b: Chien-Pao|Sword of Ruin\n|-enditem|p2a: Flutter Mane|Booster Energy\n|-activate|p2a: Flutter Mane|ability: Protosynthesis|[fromitem]\n|-start|p2a: Flutter Mane|protosynthesisspa\n|turn|6\n|\n|t:|1683845919\n|-terastallize|p2a: Flutter Mane|Fairy\n|move|p1b: Chien-Pao|Protect|p1b: Chien-Pao\n|-singleturn|p1b: Chien-Pao|Protect\n|move|p2a: Flutter Mane|Dazzling Gleam|p1b: Chien-Pao|[spread] p1a\n|-activate|p1b: Chien-Pao|move: Protect\n|-damage|p1a: Amoonguss|35\/100\n|move|p2b: Gyarados|Taunt|p1a: Amoonguss\n|-start|p1a: Amoonguss|move: Taunt\n|cant|p1a: Amoonguss|move: Taunt|Spore\n|\n|-damage|p2b: Gyarados|83\/100 brn|[from] brn\n|upkeep\n|turn|7\n|\n|t:|1683845937\n|move|p1b: Chien-Pao|Ice Spinner|p2a: Flutter Mane\n|-damage|p2a: Flutter Mane|24\/100\n|move|p2a: Flutter Mane|Dazzling Gleam|p1a: Amoonguss|[spread] p1a,p1b\n|-supereffective|p1b: Chien-Pao\n|-damage|p1a: Amoonguss|0 fnt\n|-damage|p1b: Chien-Pao|0 fnt\n|faint|p1a: Amoonguss\n|faint|p1b: Chien-Pao\n|\n|win|foiledfeline\n|raw|maverick8's rating: 1278 → 1251<\/strong> (-27 for losing)\n|raw|foiledfeline's rating: 1246 → 1273<\/strong> (+27 for winning)\n|l|\u2606maverick8\n","uploadtime":1683845948,"views":12,"p1id":"maverick8","p2id":"foiledfeline","formatid":"gen9vgc2023regulationc","rating":1251,"private":0,"password":""}