{"id":"gen9vgc2023regulationc-1857797044","p1":"WOUNDERLAND","p2":"McDubbieEnthusiast","format":"[Gen 9] VGC 2023 Regulation C","log":"|j|\u2606WOUNDERLAND\n|j|\u2606McDubbieEnthusiast\n|t:|1683232725\n|gametype|doubles\n|player|p1|WOUNDERLAND|1|1303\n|player|p2|McDubbieEnthusiast|waiter-gen4|1379\n|teamsize|p1|6\n|teamsize|p2|6\n|gen|9\n|tier|[Gen 9] VGC 2023 Regulation C\n|rated|\n|rule|Species Clause: Limit one of each Pok\u00e9mon\n|rule|Item Clause: Limit one of each item\n|clearpoke\n|poke|p1|Mimikyu, L50, F|\n|poke|p1|Sableye, L50, F|\n|poke|p1|Annihilape, L50, M|\n|poke|p1|Ceruledge, L50, M|\n|poke|p1|Flutter Mane, L50|\n|poke|p1|Gholdengo, L50|\n|poke|p2|Tyranitar, L50, M|\n|poke|p2|Garchomp, L50, M|\n|poke|p2|Scream Tail, L50|\n|poke|p2|Corviknight, L50, F|\n|poke|p2|Gholdengo, L50|\n|poke|p2|Dragonite, L50, F|\n|teampreview|4\n|inactive|Battle timer is ON: inactive players will automatically lose when time's up. (requested by McDubbieEnthusiast)\n|c|\u2606McDubbieEnthusiast|Spoopy\n|inactive|WOUNDERLAND has 60 seconds left.\n|inactive|McDubbieEnthusiast has 60 seconds left.\n|\n|t:|1683232775\n|start\n|switch|p1a: Rug Doctor|Annihilape, L50, M|100\/100\n|switch|p1b: Exuberents|Flutter Mane, L50|100\/100\n|switch|p2a: Tarrasque|Tyranitar, L50, M, shiny|100\/100\n|switch|p2b: Mogaru|Garchomp, L50, M|100\/100\n|-weather|Sandstorm|[from] ability: Sand Stream|[of] p2a: Tarrasque\n|-enditem|p1b: Exuberents|Booster Energy\n|-activate|p1b: Exuberents|ability: Protosynthesis|[fromitem]\n|-start|p1b: Exuberents|protosynthesisspa\n|turn|1\n|inactive|McDubbieEnthusiast has 30 seconds left.\n|inactive|WOUNDERLAND has 30 seconds left.\n|inactive|McDubbieEnthusiast has 20 seconds left.\n|\n|t:|1683232817\n|-terastallize|p2b: Mogaru|Rock\n|move|p2a: Tarrasque|Protect|p2a: Tarrasque\n|-singleturn|p2a: Tarrasque|Protect\n|move|p1a: Rug Doctor|Shadow Claw|p2a: Tarrasque\n|-activate|p2a: Tarrasque|move: Protect\n|move|p1b: Exuberents|Dazzling Gleam|p2a: Tarrasque|[spread] p2b\n|-activate|p2a: Tarrasque|move: Protect\n|-damage|p2b: Mogaru|68\/100\n|move|p2b: Mogaru|Earthquake|p1a: Rug Doctor|[spread] p1a,p1b\n|-activate|p2a: Tarrasque|move: Protect\n|-damage|p1a: Rug Doctor|61\/100\n|-damage|p1b: Exuberents|16\/100\n|\n|-weather|Sandstorm|[upkeep]\n|-damage|p1a: Rug Doctor|55\/100|[from] Sandstorm\n|-damage|p1b: Exuberents|10\/100|[from] Sandstorm\n|upkeep\n|turn|2\n|inactive|WOUNDERLAND has 30 seconds left.\n|inactive|McDubbieEnthusiast has 30 seconds left.\n|inactive|McDubbieEnthusiast has 20 seconds left.\n|\n|t:|1683232854\n|switch|p2a: Roc|Corviknight, L50, F|100\/100\n|move|p2b: Mogaru|Protect|p2b: Mogaru\n|-singleturn|p2b: Mogaru|Protect\n|move|p1a: Rug Doctor|Shadow Claw|p2b: Mogaru\n|-activate|p2b: Mogaru|move: Protect\n|move|p1b: Exuberents|Energy Ball|p2b: Mogaru\n|-activate|p2b: Mogaru|move: Protect\n|\n|-weather|Sandstorm|[upkeep]\n|-damage|p1a: Rug Doctor|49\/100|[from] Sandstorm\n|-damage|p1b: Exuberents|4\/100|[from] Sandstorm\n|upkeep\n|turn|3\n|inactive|McDubbieEnthusiast has 30 seconds left.\n|inactive|McDubbieEnthusiast has 20 seconds left.\n|inactive|McDubbieEnthusiast has 15 seconds left.\n|inactive|McDubbieEnthusiast has 10 seconds left.\n|\n|t:|1683232900\n|switch|p1a: Violins|Ceruledge, L50, M|100\/100\n|move|p1b: Exuberents|Energy Ball|p2b: Mogaru|[miss]\n|-miss|p1b: Exuberents|p2b: Mogaru\n|move|p2b: Mogaru|Earthquake|p1a: Violins|[spread] p1a,p1b\n|-immune|p2a: Roc\n|-supereffective|p1a: Violins\n|-damage|p1a: Violins|18\/100\n|-damage|p1b: Exuberents|0 fnt\n|faint|p1b: Exuberents\n|-end|p1b: Exuberents|Protosynthesis|[silent]\n|move|p2a: Roc|Bulk Up|p2a: Roc\n|-boost|p2a: Roc|atk|1\n|-boost|p2a: Roc|def|1\n|\n|-weather|Sandstorm|[upkeep]\n|-damage|p1a: Violins|12\/100|[from] Sandstorm\n|-heal|p1a: Violins|18\/100|[from] item: Leftovers\n|upkeep\n|\n|t:|1683232914\n|switch|p1b: Rug Doctor|Annihilape, L50, M|49\/100\n|turn|4\n|\n|t:|1683232930\n|move|p1a: Violins|Protect|p1a: Violins\n|-singleturn|p1a: Violins|Protect\n|move|p1b: Rug Doctor|Drain Punch|p2b: Mogaru\n|-supereffective|p2b: Mogaru\n|-damage|p2b: Mogaru|0 fnt\n|-heal|p1b: Rug Doctor|84\/100|[from] drain|[of] p2b: Mogaru\n|faint|p2b: Mogaru\n|move|p2a: Roc|Brave Bird|p1b: Rug Doctor\n|-supereffective|p1b: Rug Doctor\n|-damage|p1b: Rug Doctor|0 fnt\n|faint|p1b: Rug Doctor\n|-damage|p2a: Roc|76\/100|[from] Recoil\n|\n|-weather|Sandstorm|[upkeep]\n|-damage|p1a: Violins|12\/100|[from] Sandstorm\n|-heal|p1a: Violins|18\/100|[from] item: Leftovers\n|upkeep\n|\n|t:|1683232945\n|switch|p2b: Mimic|Gholdengo, L50|100\/100\n|switch|p1b: Morgorre|Mimikyu, L50, F|100\/100\n|turn|5\n|\n|t:|1683232958\n|switch|p2b: Tarrasque|Tyranitar, L50, M, shiny|100\/100\n|move|p1a: Violins|Bitter Blade|p2b: Tarrasque\n|-resisted|p2b: Tarrasque\n|-damage|p2b: Tarrasque|82\/100\n|-heal|p1a: Violins|27\/100|[from] drain|[of] p2b: Tarrasque\n|move|p2a: Roc|Iron Head|p1b: Morgorre|[miss]\n|-miss|p2a: Roc|p1b: Morgorre\n|move|p1b: Morgorre|Trick Room|p1b: Morgorre\n|-fieldstart|move: Trick Room|[of] p1b: Morgorre\n|\n|-weather|none\n|-heal|p1a: Violins|33\/100|[from] item: Leftovers\n|upkeep\n|turn|6\n|inactive|McDubbieEnthusiast has 30 seconds left.\n|inactive|WOUNDERLAND has 30 seconds left.\n|\n|t:|1683232991\n|-terastallize|p1a: Violins|Steel\n|move|p2a: Roc|Brave Bird|p1a: Violins\n|-resisted|p1a: Violins\n|-damage|p1a: Violins|0 fnt\n|faint|p1a: Violins\n|-damage|p2a: Roc|66\/100|[from] Recoil\n|move|p2b: Tarrasque|Rock Slide|p1b: Morgorre|[miss]\n|-miss|p2b: Tarrasque|p1b: Morgorre\n|move|p1b: Morgorre|Swords Dance|p1b: Morgorre\n|-boost|p1b: Morgorre|atk|2\n|\n|upkeep\n|turn|7\n|\n|t:|1683233006\n|move|p2a: Roc|Roost|p2a: Roc\n|-heal|p2a: Roc|100\/100\n|-singleturn|p2a: Roc|move: Roost\n|move|p2b: Tarrasque|Rock Slide|p1b: Morgorre|[miss]\n|-miss|p2b: Tarrasque|p1b: Morgorre\n|move|p1b: Morgorre|Shadow Claw|p2a: Roc\n|-damage|p2a: Roc|67\/100\n|\n|upkeep\n|turn|8\n|\n|t:|1683233017\n|move|p2a: Roc|Iron Head|p1b: Morgorre\n|-activate|p1b: Morgorre|ability: Disguise\n|-damage|p1b: Morgorre|100\/100\n|detailschange|p1b: Morgorre|Mimikyu-Busted, L50, F\n|-damage|p1b: Morgorre|88\/100|[from] pokemon: Mimikyu-Busted\n|move|p2b: Tarrasque|Rock Slide|p1b: Morgorre\n|-damage|p1b: Morgorre|24\/100\n|cant|p1b: Morgorre|flinch\n|\n|upkeep\n|turn|9\n|\n|t:|1683233029\n|move|p2a: Roc|Iron Head|p1b: Morgorre\n|-supereffective|p1b: Morgorre\n|-damage|p1b: Morgorre|0 fnt\n|faint|p1b: Morgorre\n|\n|win|McDubbieEnthusiast\n|raw|WOUNDERLAND's rating: 1303 → 1287<\/strong> (-16 for losing)\n|raw|McDubbieEnthusiast's rating: 1379 → 1395<\/strong> (+16 for winning)\n","uploadtime":1683233038,"views":5,"p1id":"wounderland","p2id":"mcdubbieenthusiast","formatid":"gen9vgc2023regulationc","rating":1287,"private":0,"password":""}