{"id":"gen9vgc2023regulationc-1848313104","p1":"123www123","p2":"snaelstorm","format":"[Gen 9] VGC 2023 Regulation C","log":"|j|\u2606123www123\n|j|\u2606snaelstorm\n|t:|1682058636\n|gametype|doubles\n|player|p1|123www123|1|1244\n|player|p2|snaelstorm|dahlia|1326\n|teamsize|p1|6\n|teamsize|p2|6\n|gen|9\n|tier|[Gen 9] VGC 2023 Regulation C\n|rated|\n|rule|Species Clause: Limit one of each Pok\u00e9mon\n|rule|Item Clause: Limit one of each item\n|clearpoke\n|poke|p1|Tinkaton, L50, F|\n|poke|p1|Scream Tail, L50|\n|poke|p1|Flutter Mane, L50|\n|poke|p1|Great Tusk, L50|\n|poke|p1|Jumpluff, L50, F|\n|poke|p1|Torkoal, L50, F|\n|poke|p2|Wo-Chien, L50|\n|poke|p2|Glimmora, L50, F|\n|poke|p2|Gyarados, L50, M|\n|poke|p2|Flutter Mane, L50|\n|poke|p2|Ceruledge, L50, M|\n|poke|p2|Ting-Lu, L50|\n|teampreview|4\n|inactive|Battle timer is ON: inactive players will automatically lose when time's up. (requested by 123www123)\nsnaelstorm has agreed to open team sheets.\n123www123 has agreed to open team sheets.\n|inactive|snaelstorm has 60 seconds left.\n|inactive|snaelstorm has 30 seconds left.\n|inactive|snaelstorm has 20 seconds left.\n|\n|t:|1682058708\n|start\n|switch|p1a: Flutter Mane|Flutter Mane, L50|100\/100\n|switch|p1b: Great Tusk|Great Tusk, L50|100\/100\n|switch|p2a: Ceruledge|Ceruledge, L50, M|100\/100\n|switch|p2b: Gyarados|Gyarados, L50, M|100\/100\n|-ability|p2b: Gyarados|Intimidate|boost\n|-unboost|p1a: Flutter Mane|atk|1\n|-unboost|p1b: Great Tusk|atk|1\n|turn|1\n|inactive|snaelstorm has 30 seconds left.\n|inactive|snaelstorm has 20 seconds left.\n|inactive|snaelstorm has 15 seconds left.\n|inactive|snaelstorm has 10 seconds left.\n|\n|t:|1682058755\n|-end|p1a: Flutter Mane|Protosynthesis|[silent]\n|switch|p1a: Torkoal|Torkoal, L50, F|100\/100\n|-weather|SunnyDay|[from] ability: Drought|[of] p1a: Torkoal\n|-activate|p1b: Great Tusk|ability: Protosynthesis\n|-start|p1b: Great Tusk|protosynthesisdef\n|move|p2a: Ceruledge|Protect|p2a: Ceruledge\n|-singleturn|p2a: Ceruledge|Protect\n|move|p1b: Great Tusk|Headlong Rush|p2a: Ceruledge\n|-activate|p2a: Ceruledge|move: Protect\n|move|p2b: Gyarados|Waterfall|p1a: Torkoal\n|-supereffective|p1a: Torkoal\n|-damage|p1a: Torkoal|76\/100\n|\n|-weather|SunnyDay|[upkeep]\n|upkeep\n|turn|2\n|inactive|snaelstorm has 30 seconds left.\n|inactive|123www123 has 30 seconds left.\n|inactive|snaelstorm has 20 seconds left.\n|\n|t:|1682058791\n|switch|p2b: Glimmora|Glimmora, L50, F|100\/100\n|-terastallize|p2a: Ceruledge|Grass\n|move|p1b: Great Tusk|Headlong Rush|p2a: Ceruledge\n|-resisted|p2a: Ceruledge\n|-damage|p2a: Ceruledge|74\/100\n|-unboost|p1b: Great Tusk|def|1\n|-unboost|p1b: Great Tusk|spd|1\n|move|p2a: Ceruledge|Bulk Up|p2a: Ceruledge\n|-boost|p2a: Ceruledge|atk|1\n|-boost|p2a: Ceruledge|def|1\n|move|p1a: Torkoal|Flamethrower|p2b: Glimmora\n|-resisted|p2b: Glimmora\n|-damage|p2b: Glimmora|84\/100\n|\n|-weather|SunnyDay|[upkeep]\n|upkeep\n|turn|3\n|\n|t:|1682058807\n|-end|p1b: Great Tusk|Protosynthesis|[silent]\n|switch|p1b: Tinkaton|Tinkaton, L50, F|100\/100\n|switch|p2b: Gyarados|Gyarados, L50, M|100\/100\n|-ability|p2b: Gyarados|Intimidate|boost\n|-unboost|p1a: Torkoal|atk|1\n|-fail|p1b: Tinkaton|unboost|Attack|[from] ability: Own Tempo|[of] p1b: Tinkaton\n|move|p2a: Ceruledge|Bitter Blade|p1b: Tinkaton\n|-supereffective|p1b: Tinkaton\n|-damage|p1b: Tinkaton|0 fnt\n|-heal|p2a: Ceruledge|100\/100|[from] drain|[of] p1b: Tinkaton\n|faint|p1b: Tinkaton\n|-damage|p2a: Ceruledge|91\/100|[from] item: Life Orb\n|move|p1a: Torkoal|Earth Power|p2b: Gyarados\n|-immune|p2b: Gyarados\n|\n|-weather|SunnyDay|[upkeep]\n|upkeep\n|\n|t:|1682058814\n|switch|p1b: Flutter Mane|Flutter Mane, L50|100\/100\n|-activate|p1b: Flutter Mane|ability: Protosynthesis\n|-start|p1b: Flutter Mane|protosynthesisspe\n|turn|4\n|\n|t:|1682058835\n|-terastallize|p1b: Flutter Mane|Fairy\n|move|p2a: Ceruledge|Protect|p2a: Ceruledge\n|-singleturn|p2a: Ceruledge|Protect\n|move|p1b: Flutter Mane|Moonblast|p2a: Ceruledge\n|-activate|p2a: Ceruledge|move: Protect\n|move|p2b: Gyarados|Waterfall|p1b: Flutter Mane\n|-damage|p1b: Flutter Mane|67\/100\n|move|p1a: Torkoal|Earth Power|p2a: Ceruledge\n|-activate|p2a: Ceruledge|move: Protect\n|\n|-weather|SunnyDay|[upkeep]\n|upkeep\n|turn|5\n|\n|t:|1682058845\n|switch|p1a: Great Tusk|Great Tusk, L50|100\/100\n|-activate|p1a: Great Tusk|ability: Protosynthesis\n|-start|p1a: Great Tusk|protosynthesisatk\n|move|p2a: Ceruledge|Shadow Sneak|p1b: Flutter Mane\n|-damage|p1b: Flutter Mane|0 fnt\n|faint|p1b: Flutter Mane\n|-end|p1b: Flutter Mane|Protosynthesis|[silent]\n|-damage|p2a: Ceruledge|82\/100|[from] item: Life Orb\n|move|p2b: Gyarados|Whirlpool|p1a: Great Tusk\n|-supereffective|p1a: Great Tusk\n|-damage|p1a: Great Tusk|91\/100\n|-activate|p1a: Great Tusk|move: Whirlpool|[of] p2b: Gyarados\n|\n|-weather|none\n|-end|p1a: Great Tusk|Protosynthesis\n|-damage|p1a: Great Tusk|78\/100|[from] move: Whirlpool|[partiallytrapped]\n|upkeep\n|-message|123www123 forfeited.\n|\n|win|snaelstorm\n|raw|123www123's rating: 1244 → 1225<\/strong> (-19 for losing)\n|raw|snaelstorm's rating: 1326 → 1341<\/strong> (+15 for winning)\n|l|\u2606123www123\n","uploadtime":1682058859,"views":8,"p1id":"123www123","p2id":"snaelstorm","formatid":"gen9vgc2023regulationc","rating":1225,"private":0,"password":""}