{"id":"gen9vgc2023regulationc-1861641822","p1":"radiasian","p2":"haha you rage quit","format":"[Gen 9] VGC 2023 Regulation C","log":"|j|\u2606radiasian\n|j|\u2606haha you rage quit\n|t:|1683786787\n|gametype|doubles\n|player|p1|radiasian|bellelba|1129\n|player|p2|haha you rage quit|pokemaniac|1160\n|teamsize|p1|6\n|teamsize|p2|6\n|gen|9\n|tier|[Gen 9] VGC 2023 Regulation C\n|rated|\n|rule|Species Clause: Limit one of each Pok\u00e9mon\n|rule|Item Clause: Limit one of each item\n|clearpoke\n|poke|p1|Tauros-Paldea-Blaze, L50, M|\n|poke|p1|Froslass, L50, F|\n|poke|p1|Kilowattrel, L50, M|\n|poke|p1|Abomasnow, L50, F|\n|poke|p1|Cetitan, L50, M|\n|poke|p1|Amoonguss, L50, M|\n|poke|p2|Murkrow, L50, M|\n|poke|p2|Great Tusk, L50|\n|poke|p2|Flutter Mane, L50|\n|poke|p2|Jumpluff, L50, M|\n|poke|p2|Torkoal, L50, M|\n|poke|p2|Kingambit, L50, M|\n|teampreview|4\n|\n|t:|1683786822\n|start\n|switch|p1a: Froslass|Froslass, L50, F|100\/100\n|switch|p1b: Tauros|Tauros-Paldea-Blaze, L50, M|100\/100\n|switch|p2a: Torkoal|Torkoal, L50, M|100\/100\n|switch|p2b: Jumpluff|Jumpluff, L50, M|100\/100\n|-item|p1a: Froslass|Air Balloon\n|-weather|SunnyDay|[from] ability: Drought|[of] p2a: Torkoal\n|turn|1\n|\n|t:|1683786847\n|-terastallize|p2b: Jumpluff|Water\n|move|p1b: Tauros|Protect|p1b: Tauros\n|-singleturn|p1b: Tauros|Protect\n|move|p2b: Jumpluff|Sleep Powder|p1b: Tauros\n|-activate|p1b: Tauros|move: Protect\n|move|p1a: Froslass|Icy Wind|p2a: Torkoal|[spread] p2a,p2b\n|-resisted|p2a: Torkoal\n|-resisted|p2b: Jumpluff\n|-damage|p2a: Torkoal|94\/100\n|-damage|p2b: Jumpluff|96\/100\n|-unboost|p2a: Torkoal|spe|1\n|-enditem|p2a: Torkoal|Eject Pack\n|\n|t:|1683786872\n|switch|p2a: Great Tusk|Great Tusk, L50, shiny|100\/100\n|-activate|p2a: Great Tusk|ability: Protosynthesis\n|-start|p2a: Great Tusk|protosynthesisatk\n|\n|-weather|SunnyDay|[upkeep]\n|upkeep\n|turn|2\n|\n|t:|1683786907\n|move|p2b: Jumpluff|Tailwind|p2b: Jumpluff\n|-sidestart|p2: haha you rage quit|move: Tailwind\n|move|p2a: Great Tusk|Headlong Rush|p1b: Tauros\n|-supereffective|p1b: Tauros\n|-damage|p1b: Tauros|0 fnt\n|-unboost|p2a: Great Tusk|def|1\n|-unboost|p2a: Great Tusk|spd|1\n|faint|p1b: Tauros\n|move|p1a: Froslass|Will-O-Wisp|p2a: Great Tusk\n|-status|p2a: Great Tusk|brn\n|\n|-weather|SunnyDay|[upkeep]\n|-damage|p2a: Great Tusk|95\/100 brn|[from] brn\n|upkeep\n|\n|t:|1683786925\n|switch|p1b: Abomasnow|Abomasnow, L50, F|100\/100\n|-weather|Snow|[from] ability: Snow Warning|[of] p1b: Abomasnow\n|-end|p2a: Great Tusk|Protosynthesis\n|turn|3\n|\n|t:|1683786943\n|move|p2b: Jumpluff|Encore|p1a: Froslass\n|-start|p1a: Froslass|Encore\n|move|p2a: Great Tusk|Close Combat|p1b: Abomasnow\n|-supereffective|p1b: Abomasnow\n|-damage|p1b: Abomasnow|47\/100\n|-unboost|p2a: Great Tusk|def|1\n|-unboost|p2a: Great Tusk|spd|1\n|move|p1a: Froslass|Will-O-Wisp|p2b: Jumpluff\n|-status|p2b: Jumpluff|brn\n|move|p1b: Abomasnow|Aurora Veil|p1b: Abomasnow\n|-sidestart|p1: radiasian|move: Aurora Veil\n|\n|-weather|Snow|[upkeep]\n|-damage|p2b: Jumpluff|90\/100 brn|[from] brn\n|-damage|p2a: Great Tusk|89\/100 brn|[from] brn\n|upkeep\n|turn|4\n|\n|t:|1683786962\n|switch|p1a: Amoonguss|Amoonguss, L50, M|100\/100\n|move|p2b: Jumpluff|Encore|p1b: Abomasnow\n|-start|p1b: Abomasnow|Encore\n|move|p2a: Great Tusk|Close Combat|p1b: Abomasnow\n|-supereffective|p1b: Abomasnow\n|-damage|p1b: Abomasnow|13\/100\n|-unboost|p2a: Great Tusk|def|1\n|-unboost|p2a: Great Tusk|spd|1\n|move|p1b: Abomasnow|Aurora Veil||[still]\n|-fail|p1b: Abomasnow\n|\n|-weather|Snow|[upkeep]\n|-damage|p2b: Jumpluff|84\/100 brn|[from] brn\n|-damage|p2a: Great Tusk|83\/100 brn|[from] brn\n|upkeep\n|turn|5\n|\n|t:|1683786984\n|switch|p1b: Froslass|Froslass, L50, F|100\/100\n|-item|p1b: Froslass|Air Balloon\n|move|p2b: Jumpluff|Strength Sap|p1a: Amoonguss\n|-unboost|p1a: Amoonguss|atk|1\n|-heal|p2b: Jumpluff|100\/100 brn\n|move|p2a: Great Tusk|Close Combat|p1b: Froslass\n|-immune|p1b: Froslass\n|move|p1a: Amoonguss|Pollen Puff|p2b: Jumpluff\n|-damage|p2b: Jumpluff|85\/100 brn\n|\n|-weather|Snow|[upkeep]\n|-damage|p2b: Jumpluff|79\/100 brn|[from] brn\n|-damage|p2a: Great Tusk|77\/100 brn|[from] brn\n|-sideend|p2: haha you rage quit|move: Tailwind\n|upkeep\n|turn|6\n|\n|t:|1683787007\n|move|p2a: Great Tusk|Protect|p2a: Great Tusk\n|-singleturn|p2a: Great Tusk|Protect\n|move|p1b: Froslass|Icy Wind|p2a: Great Tusk|[spread] p2b\n|-activate|p2a: Great Tusk|move: Protect\n|-resisted|p2b: Jumpluff\n|-damage|p2b: Jumpluff|75\/100 brn\n|move|p2b: Jumpluff|Tailwind|p2b: Jumpluff\n|-sidestart|p2: haha you rage quit|move: Tailwind\n|move|p1a: Amoonguss|Spore|p2a: Great Tusk\n|-activate|p2a: Great Tusk|move: Protect\n|\n|-weather|Snow|[upkeep]\n|-damage|p2b: Jumpluff|69\/100 brn|[from] brn\n|-damage|p2a: Great Tusk|72\/100 brn|[from] brn\n|upkeep\n|turn|7\n|\n|t:|1683787029\n|move|p2b: Jumpluff|Encore|p1a: Amoonguss\n|-start|p1a: Amoonguss|Encore\n|move|p2a: Great Tusk|Headlong Rush|p1b: Froslass\n|-immune|p1b: Froslass\n|move|p1b: Froslass|Frost Breath|p2b: Jumpluff\n|-resisted|p2b: Jumpluff\n|-crit|p2b: Jumpluff\n|-damage|p2b: Jumpluff|60\/100 brn\n|move|p1a: Amoonguss|Spore||[still]\n|-fail|p1a: Amoonguss\n|\n|-weather|Snow|[upkeep]\n|-damage|p2b: Jumpluff|54\/100 brn|[from] brn\n|-damage|p2a: Great Tusk|66\/100 brn|[from] brn\n|-sideend|p1: radiasian|move: Aurora Veil\n|upkeep\n|turn|8\n|\n|t:|1683787047\n|switch|p1a: Abomasnow|Abomasnow, L50, F|13\/100\n|move|p2b: Jumpluff|Sleep Powder|p1b: Froslass\n|-status|p1b: Froslass|slp|[from] move: Sleep Powder\n|move|p2a: Great Tusk|Rock Slide|p1b: Froslass|[spread] p1a\n|-miss|p2a: Great Tusk|p1b: Froslass\n|-supereffective|p1a: Abomasnow\n|-damage|p1a: Abomasnow|0 fnt\n|faint|p1a: Abomasnow\n|cant|p1b: Froslass|slp\n|\n|-weather|Snow|[upkeep]\n|-damage|p2b: Jumpluff|48\/100 brn|[from] brn\n|-damage|p2a: Great Tusk|60\/100 brn|[from] brn\n|upkeep\n|-message|radiasian forfeited.\n|\n|win|haha you rage quit\n|raw|radiasian's rating: 1129 → 1106<\/strong> (-23 for losing)\n|raw|haha you rage quit's rating: 1160 → 1183<\/strong> (+23 for winning)\n|l|\u2606radiasian\n","uploadtime":1683787077,"views":15,"p1id":"radiasian","p2id":"hahayouragequit","formatid":"gen9vgc2023regulationc","rating":1106,"private":0,"password":""}