{"id":"gen9vgc2023regulationc-1849383523","p1":"headphoness","p2":"Mono fire 2","format":"[Gen 9] VGC 2023 Regulation C","log":"|j|\u2606headphoness\n|j|\u2606Mono fire 2\n|t:|1682192395\n|gametype|doubles\n|player|p1|headphoness|101|1050\n|player|p2|Mono fire 2|169|1031\n|teamsize|p1|6\n|teamsize|p2|6\n|gen|9\n|tier|[Gen 9] VGC 2023 Regulation C\n|rated|\n|rule|Species Clause: Limit one of each Pok\u00e9mon\n|rule|Item Clause: Limit one of each item\n|clearpoke\n|poke|p1|Ting-Lu, L50|\n|poke|p1|Iron Hands, L50|\n|poke|p1|Bronzong, L50|\n|poke|p1|Annihilape, L50, F|\n|poke|p1|Kingambit, L50, F|\n|poke|p1|Amoonguss, L50, M|\n|poke|p2|Armarouge, L50, F|\n|poke|p2|Torkoal, L50, M|\n|poke|p2|Scovillain, L50, F|\n|poke|p2|Talonflame, L50, F|\n|poke|p2|Chi-Yu, L50|\n|poke|p2|Iron Moth, L50|\n|teampreview|4\n|\n|t:|1682192421\n|start\n|switch|p1a: Annihilape|Annihilape, L50, F|100\/100\n|switch|p1b: Iron Hands|Iron Hands, L50|100\/100\n|switch|p2a: Torkoal|Torkoal, L50, M|100\/100\n|switch|p2b: Scovillain|Scovillain, L50, F|100\/100\n|-weather|SunnyDay|[from] ability: Drought|[of] p2a: Torkoal\n|turn|1\n|\n|t:|1682192456\n|switch|p2a: Armarouge|Armarouge, L50, F, shiny|100\/100\n|move|p2b: Scovillain|Protect|p2b: Scovillain\n|-singleturn|p2b: Scovillain|Protect\n|move|p1a: Annihilape|Close Combat|p2a: Armarouge\n|-resisted|p2a: Armarouge\n|-damage|p2a: Armarouge|78\/100\n|-unboost|p1a: Annihilape|def|1\n|-unboost|p1a: Annihilape|spd|1\n|-ability|p2a: Armarouge|Weak Armor|boost\n|-unboost|p2a: Armarouge|def|1\n|-boost|p2a: Armarouge|spe|2\n|move|p1b: Iron Hands|Drain Punch|p2b: Scovillain\n|-activate|p2b: Scovillain|move: Protect\n|\n|-weather|SunnyDay|[upkeep]\n|upkeep\n|turn|2\n|\n|t:|1682192489\n|-terastallize|p1a: Annihilape|Water\n|move|p1a: Annihilape|Close Combat|p2b: Scovillain\n|-damage|p2b: Scovillain|31\/100\n|-unboost|p1a: Annihilape|def|1\n|-unboost|p1a: Annihilape|spd|1\n|move|p2b: Scovillain|Solar Beam||[still]\n|-prepare|p2b: Scovillain|Solar Beam\n|-anim|p2b: Scovillain|Solar Beam|p1a: Annihilape\n|-supereffective|p1a: Annihilape\n|-damage|p1a: Annihilape|0 fnt\n|faint|p1a: Annihilape\n|-damage|p2b: Scovillain|22\/100|[from] item: Life Orb\n|move|p2a: Armarouge|Psychic|p1b: Iron Hands\n|-supereffective|p1b: Iron Hands\n|-damage|p1b: Iron Hands|51\/100\n|move|p1b: Iron Hands|Drain Punch|p2a: Armarouge\n|-resisted|p2a: Armarouge\n|-damage|p2a: Armarouge|48\/100\n|-heal|p1b: Iron Hands|64\/100|[from] drain|[of] p2a: Armarouge\n|-ability|p2a: Armarouge|Weak Armor|boost\n|-unboost|p2a: Armarouge|def|1\n|-boost|p2a: Armarouge|spe|2\n|\n|-weather|SunnyDay|[upkeep]\n|upkeep\n|\n|t:|1682192513\n|switch|p1a: Bronzong|Bronzong, L50|100\/100\n|turn|3\n|\n|t:|1682192555\n|move|p2a: Armarouge|Armor Cannon|p1a: Bronzong\n|-supereffective|p1a: Bronzong\n|-damage|p1a: Bronzong|0 fnt\n|-unboost|p2a: Armarouge|def|1\n|-unboost|p2a: Armarouge|spd|1\n|faint|p1a: Bronzong\n|move|p2b: Scovillain|Solar Beam||[still]\n|-prepare|p2b: Scovillain|Solar Beam\n|-anim|p2b: Scovillain|Solar Beam|p1b: Iron Hands\n|-damage|p1b: Iron Hands|24\/100\n|-damage|p2b: Scovillain|12\/100|[from] item: Life Orb\n|move|p1b: Iron Hands|Wild Charge|p2a: Armarouge\n|-damage|p2a: Armarouge|0 fnt\n|faint|p2a: Armarouge\n|-damage|p1b: Iron Hands|14\/100|[from] Recoil\n|\n|-weather|SunnyDay|[upkeep]\n|upkeep\n|\n|t:|1682192574\n|switch|p2a: Talonflame|Talonflame, L50, F|100\/100\n|switch|p1a: Ting-Lu|Ting-Lu, L50|100\/100\n|-ability|p1a: Ting-Lu|Vessel of Ruin\n|turn|4\n|\n|t:|1682192596\n|-terastallize|p2b: Scovillain|Grass\n|move|p2a: Talonflame|Brave Bird|p1b: Iron Hands\n|-damage|p1b: Iron Hands|0 fnt\n|faint|p1b: Iron Hands\n|-end|p1b: Iron Hands|Quark Drive|[silent]\n|-damage|p2a: Talonflame|95\/100|[from] Recoil\n|move|p2b: Scovillain|Giga Drain|p1a: Ting-Lu\n|-supereffective|p1a: Ting-Lu\n|-damage|p1a: Ting-Lu|30\/100\n|-heal|p2b: Scovillain|65\/100|[from] drain|[of] p1a: Ting-Lu\n|-enditem|p1a: Ting-Lu|Weakness Policy\n|-boost|p1a: Ting-Lu|atk|2|[from] item: Weakness Policy\n|-boost|p1a: Ting-Lu|spa|2|[from] item: Weakness Policy\n|-damage|p2b: Scovillain|56\/100|[from] item: Life Orb\n|move|p1a: Ting-Lu|Throat Chop|p2a: Talonflame\n|-damage|p2a: Talonflame|0 fnt\n|faint|p2a: Talonflame\n|\n|-weather|SunnyDay|[upkeep]\n|upkeep\n|\n|t:|1682192619\n|switch|p2a: Torkoal|Torkoal, L50, M|100\/100\n|turn|5\n|\n|t:|1682192639\n|move|p2b: Scovillain|Solar Beam||[still]\n|-prepare|p2b: Scovillain|Solar Beam\n|-anim|p2b: Scovillain|Solar Beam|p1a: Ting-Lu\n|-supereffective|p1a: Ting-Lu\n|-damage|p1a: Ting-Lu|0 fnt\n|faint|p1a: Ting-Lu\n|-damage|p2b: Scovillain|46\/100|[from] item: Life Orb\n|\n|win|Mono fire 2\n|raw|headphoness's rating: 1050 → 1032<\/strong> (-18 for losing)\n|raw|Mono fire 2's rating: 1031 → 1068<\/strong> (+37 for winning)\n","uploadtime":1682192653,"views":7,"p1id":"headphoness","p2id":"monofire2","formatid":"gen9vgc2023regulationc","rating":1032,"private":0,"password":""}