{"id":"gen9vgc2023regulationc-1861959435","p1":"FallenTurtlle","p2":"clamps1","format":"[Gen 9] VGC 2023 Regulation C","log":"|j|\u2606FallenTurtlle\n|j|\u2606clamps1\n|t:|1683824210\n|gametype|doubles\n|player|p1|FallenTurtlle|janitor|1119\n|player|p2|clamps1|1|1068\n|teamsize|p1|6\n|teamsize|p2|6\n|gen|9\n|tier|[Gen 9] VGC 2023 Regulation C\n|rated|\n|rule|Species Clause: Limit one of each Pok\u00e9mon\n|rule|Item Clause: Limit one of each item\n|clearpoke\n|poke|p1|Iron Valiant, L50|\n|poke|p1|Skeledirge, L50, M|\n|poke|p1|Meowscarada, L50, M|\n|poke|p1|Clodsire, L50, F|\n|poke|p1|Dragonite, L50, F|\n|poke|p1|Eevee, L50, M|\n|poke|p2|Iron Bundle, L50|\n|poke|p2|Gyarados, L50, M|\n|poke|p2|Bronzong, L50|\n|poke|p2|Flutter Mane, L50|\n|poke|p2|Abomasnow, L50, M|\n|poke|p2|Iron Hands, L50|\n|teampreview|4\n|\n|t:|1683824236\n|start\n|switch|p1a: Iron Valiant|Iron Valiant, L50|100\/100\n|switch|p1b: Skeledirge|Skeledirge, L50, M|100\/100\n|switch|p2a: Iron Bundle|Iron Bundle, L50|100\/100\n|switch|p2b: Abomasnow|Abomasnow, L50, M|100\/100\n|-weather|Snow|[from] ability: Snow Warning|[of] p2b: Abomasnow\n|-enditem|p2a: Iron Bundle|Booster Energy\n|-activate|p2a: Iron Bundle|ability: Quark Drive|[fromitem]\n|-start|p2a: Iron Bundle|quarkdrivespe\n|turn|1\n|inactive|Battle timer is ON: inactive players will automatically lose when time's up. (requested by FallenTurtlle)\n|\n|t:|1683824305\n|-terastallize|p1b: Skeledirge|Grass\n|-terastallize|p2b: Abomasnow|Water\n|move|p2a: Iron Bundle|Aurora Veil|p2a: Iron Bundle\n|-sidestart|p2: clamps1|move: Aurora Veil\n|move|p1a: Iron Valiant|Close Combat|p2a: Iron Bundle\n|-supereffective|p2a: Iron Bundle\n|-damage|p2a: Iron Bundle|39\/100\n|-unboost|p1a: Iron Valiant|def|1\n|-unboost|p1a: Iron Valiant|spd|1\n|move|p1b: Skeledirge|Torch Song|p2b: Abomasnow\n|-resisted|p2b: Abomasnow\n|-damage|p2b: Abomasnow|91\/100\n|-boost|p1b: Skeledirge|spa|1\n|move|p2b: Abomasnow|Weather Ball|p1b: Skeledirge\n|-supereffective|p1b: Skeledirge\n|-damage|p1b: Skeledirge|11\/100\n|-enditem|p1b: Skeledirge|Weakness Policy\n|-boost|p1b: Skeledirge|atk|2|[from] item: Weakness Policy\n|-boost|p1b: Skeledirge|spa|2|[from] item: Weakness Policy\n|\n|-weather|Snow|[upkeep]\n|upkeep\n|turn|2\n|inactive|FallenTurtlle has 30 seconds left.\n|inactive|FallenTurtlle has 20 seconds left.\n|\n|t:|1683824340\n|move|p2a: Iron Bundle|Blizzard|p1a: Iron Valiant|[spread] p1a,p1b\n|-supereffective|p1b: Skeledirge\n|-damage|p1a: Iron Valiant|23\/100\n|-damage|p1b: Skeledirge|0 fnt\n|-status|p1a: Iron Valiant|frz\n|faint|p1b: Skeledirge\n|cant|p1a: Iron Valiant|frz\n|move|p2b: Abomasnow|Blizzard|p1a: Iron Valiant\n|-damage|p1a: Iron Valiant|0 fnt\n|faint|p1a: Iron Valiant\n|-end|p1a: Iron Valiant|Quark Drive|[silent]\n|\n|-weather|Snow|[upkeep]\n|upkeep\n|\n|t:|1683824351\n|switch|p1a: Dragonite|Dragonite, L50, F|100\/100\n|switch|p1b: Clodsire|Clodsire, L50, F|100\/100\n|turn|3\n|\n|t:|1683824362\n|move|p2a: Iron Bundle|Blizzard|p1b: Clodsire|[spread] p1a,p1b\n|-supereffective|p1a: Dragonite\n|-supereffective|p1b: Clodsire\n|-damage|p1a: Dragonite|22\/100\n|-damage|p1b: Clodsire|35\/100\n|-status|p1b: Clodsire|frz\n|move|p1a: Dragonite|Surf|p2a: Iron Bundle|[spread] p2a,p2b\n|-heal|p1b: Clodsire|60\/100 frz|[from] ability: Water Absorb|[of] p1a: Dragonite\n|-resisted|p2a: Iron Bundle\n|-resisted|p2b: Abomasnow\n|-damage|p2a: Iron Bundle|26\/100\n|-damage|p2b: Abomasnow|84\/100\n|move|p2b: Abomasnow|Weather Ball|p1b: Clodsire\n|-supereffective|p1b: Clodsire\n|-damage|p1b: Clodsire|0 fnt\n|faint|p1b: Clodsire\n|\n|-weather|Snow|[upkeep]\n|upkeep\n|turn|4\n|inactive|clamps1 has 30 seconds left.\n|inactive|clamps1 has 20 seconds left.\n|inactive|clamps1 has 15 seconds left.\n|inactive|clamps1 has 10 seconds left.\n|inactive|clamps1 has 5 seconds left.\n|\n|t:|1683824417\n|move|p1a: Dragonite|Protect|p1a: Dragonite\n|-singleturn|p1a: Dragonite|Protect\n|move|p2b: Abomasnow|Protect|p2b: Abomasnow\n|-singleturn|p2b: Abomasnow|Protect\n|move|p2a: Iron Bundle|Aurora Veil||[still]\n|-fail|p2a: Iron Bundle\n|\n|-weather|Snow|[upkeep]\n|upkeep\n|turn|5\n|inactive|clamps1 has 30 seconds left.\n|inactive|clamps1 has 20 seconds left.\n|inactive|clamps1 has 15 seconds left.\n|inactive|clamps1 has 10 seconds left.\n|l|\u2606clamps1\n|inactive|clamps1 disconnected and has a minute to reconnect!\n|player|p2|\n|inactive|clamps1 has 5 seconds left.\n|-message|clamps1 lost due to inactivity.\n|\n|win|FallenTurtlle\n|raw|FallenTurtlle's rating: 1119 → 1140<\/strong> (+21 for winning)\n|raw|clamps1's rating: 1068 → 1051<\/strong> (-17 for losing)\n","uploadtime":1683824481,"views":8,"p1id":"fallenturtlle","p2id":"clamps1","formatid":"gen9vgc2023regulationc","rating":1051,"private":0,"password":""}