{"id":"gen9vgc2023regulationc-1853163949","p1":"thrillowisp","p2":"Ziggymon12","format":"[Gen 9] VGC 2023 Regulation C","log":"|j|\u2606thrillowisp\n|j|\u2606Ziggymon12\n|t:|1682643003\n|gametype|doubles\n|player|p1|thrillowisp|red-masters2|1400\n|player|p2|Ziggymon12|red|1396\n|teamsize|p1|6\n|teamsize|p2|6\n|gen|9\n|tier|[Gen 9] VGC 2023 Regulation C\n|rated|\n|rule|Species Clause: Limit one of each Pok\u00e9mon\n|rule|Item Clause: Limit one of each item\n|clearpoke\n|poke|p1|Arcanine, L50, F|\n|poke|p1|Amoonguss, L50, F|\n|poke|p1|Kingambit, L50, F|\n|poke|p1|Flutter Mane, L50|\n|poke|p1|Dragonite, L50, F|\n|poke|p1|Palafin, L50, M|\n|poke|p2|Gyarados, L50, F|\n|poke|p2|Amoonguss, L50, M|\n|poke|p2|Ting-Lu, L50|\n|poke|p2|Ceruledge, L50, M|\n|poke|p2|Iron Hands, L50|\n|poke|p2|Farigiraf, L50, F|\n|teampreview|4\nZiggymon12 has agreed to open team sheets.\n|inactive|Battle timer is ON: inactive players will automatically lose when time's up. (requested by Ziggymon12)\nthrillowisp has agreed to open team sheets.\n|c|\u2606Ziggymon12|gl hf\n|c|\u2606thrillowisp|glhf\n|inactive|thrillowisp has 60 seconds left.\n|inactive|Ziggymon12 has 60 seconds left.\n|inactive|thrillowisp has 30 seconds left.\n|inactive|thrillowisp has 20 seconds left.\n|inactive|thrillowisp has 15 seconds left.\n|inactive|thrillowisp has 10 seconds left.\n|inactive|thrillowisp has 5 seconds left.\n|\n|t:|1682643094\n|start\n|switch|p1a: Arcanine|Arcanine, L50, F|100\/100\n|switch|p1b: Dragonite|Dragonite, L50, F|100\/100\n|switch|p2a: Ceruledge|Ceruledge, L50, M|100\/100\n|switch|p2b: Amoonguss|Amoonguss, L50, M|100\/100\n|-ability|p1a: Arcanine|Intimidate|boost\n|-fail|p2a: Ceruledge|unboost|[from] item: Clear Amulet|[of] p2a: Ceruledge\n|-unboost|p2b: Amoonguss|atk|1\n|turn|1\n|inactive|thrillowisp has 30 seconds left.\n|inactive|Ziggymon12 has 30 seconds left.\n|inactive|thrillowisp has 20 seconds left.\n|inactive|Ziggymon12 has 20 seconds left.\n|\n|t:|1682643137\n|-terastallize|p1b: Dragonite|Flying\n|move|p2b: Amoonguss|Rage Powder|p2b: Amoonguss\n|-singleturn|p2b: Amoonguss|move: Rage Powder\n|move|p1a: Arcanine|Howl|p1a: Arcanine|[spread] p1a,p1b\n|-boost|p1a: Arcanine|atk|1\n|-boost|p1b: Dragonite|atk|1\n|move|p1b: Dragonite|Tera Blast|p2b: Amoonguss\n|-supereffective|p2b: Amoonguss\n|-damage|p2b: Amoonguss|0 fnt\n|faint|p2b: Amoonguss\n|move|p2a: Ceruledge|Bulk Up|p2a: Ceruledge\n|-boost|p2a: Ceruledge|atk|1\n|-boost|p2a: Ceruledge|def|1\n|\n|upkeep\n|\n|t:|1682643144\n|switch|p2b: Iron Hands|Iron Hands, L50|100\/100\n|turn|2\n|inactive|thrillowisp has 30 seconds left.\n|inactive|Ziggymon12 has 30 seconds left.\n|inactive|thrillowisp has 20 seconds left.\n|inactive|thrillowisp has 15 seconds left.\n|inactive|thrillowisp has 10 seconds left.\n|\n|t:|1682643190\n|switch|p1b: Amoonguss|Amoonguss, L50, F|100\/100\n|-terastallize|p2b: Iron Hands|Fire\n|move|p2b: Iron Hands|Fake Out|p1b: Amoonguss\n|-damage|p1b: Amoonguss|88\/100\n|move|p1a: Arcanine|Will-O-Wisp|p2b: Iron Hands\n|-immune|p2b: Iron Hands\n|move|p2a: Ceruledge|Bulk Up|p2a: Ceruledge\n|-boost|p2a: Ceruledge|atk|1\n|-boost|p2a: Ceruledge|def|1\n|\n|upkeep\n|turn|3\n|inactive|thrillowisp has 30 seconds left.\n|inactive|thrillowisp has 20 seconds left.\n|inactive|thrillowisp has 15 seconds left.\n|inactive|thrillowisp has 10 seconds left.\n|\n|t:|1682643239\n|switch|p1a: Dragonite|Dragonite, L50, F, tera:Flying|100\/100\n|move|p1b: Amoonguss|Protect|p1b: Amoonguss\n|-singleturn|p1b: Amoonguss|Protect\n|move|p2a: Ceruledge|Bitter Blade|p1b: Amoonguss\n|-activate|p1b: Amoonguss|move: Protect\n|move|p2b: Iron Hands|Swords Dance|p2b: Iron Hands\n|-boost|p2b: Iron Hands|atk|2\n|\n|upkeep\n|turn|4\n|inactive|thrillowisp has 30 seconds left.\n|\n|t:|1682643264\n|switch|p1b: Arcanine|Arcanine, L50, F|100\/100\n|-ability|p1b: Arcanine|Intimidate|boost\n|-fail|p2a: Ceruledge|unboost|[from] item: Clear Amulet|[of] p2a: Ceruledge\n|-unboost|p2b: Iron Hands|atk|1\n|move|p1a: Dragonite|Tera Blast|p2b: Iron Hands\n|-damage|p2b: Iron Hands|51\/100\n|move|p2a: Ceruledge|Bitter Blade|p1b: Arcanine\n|-resisted|p1b: Arcanine\n|-damage|p1b: Arcanine|62\/100\n|move|p2b: Iron Hands|Thunder Punch|p1a: Dragonite\n|-supereffective|p1a: Dragonite\n|-damage|p1a: Dragonite|30\/100\n|\n|upkeep\n|turn|5\n|inactive|thrillowisp has 30 seconds left.\n|inactive|thrillowisp has 20 seconds left.\n|inactive|thrillowisp has 15 seconds left.\n|inactive|thrillowisp has 10 seconds left.\n|\n|t:|1682643310\n|move|p1a: Dragonite|Extreme Speed|p2b: Iron Hands\n|-damage|p2b: Iron Hands|28\/100\n|move|p2a: Ceruledge|Shadow Sneak|p1a: Dragonite\n|-damage|p1a: Dragonite|0 fnt\n|faint|p1a: Dragonite\n|move|p1b: Arcanine|Flare Blitz|p2b: Iron Hands\n|-resisted|p2b: Iron Hands\n|-damage|p2b: Iron Hands|12\/100\n|-damage|p1b: Arcanine|56\/100|[from] Recoil\n|move|p2b: Iron Hands|Drain Punch|p1b: Arcanine\n|-crit|p1b: Arcanine\n|-damage|p1b: Arcanine|0 fnt\n|-heal|p2b: Iron Hands|36\/100|[from] drain|[of] p1b: Arcanine\n|faint|p1b: Arcanine\n|\n|upkeep\n|\n|t:|1682643327\n|switch|p1b: Flutter Mane|Flutter Mane, L50|100\/100\n|switch|p1a: Amoonguss|Amoonguss, L50, F|100\/100\n|turn|6\n|inactive|Ziggymon12 has 30 seconds left.\n|\n|t:|1682643359\n|move|p2a: Ceruledge|Protect|p2a: Ceruledge\n|-singleturn|p2a: Ceruledge|Protect\n|move|p1a: Amoonguss|Rage Powder|p1a: Amoonguss\n|-singleturn|p1a: Amoonguss|move: Rage Powder\n|move|p1b: Flutter Mane|Shadow Ball|p2a: Ceruledge\n|-activate|p2a: Ceruledge|move: Protect\n|move|p2b: Iron Hands|Thunder Punch|p1b: Flutter Mane\n|-damage|p1b: Flutter Mane|0 fnt\n|faint|p1b: Flutter Mane\n|-end|p1b: Flutter Mane|Protosynthesis|[silent]\n|\n|upkeep\n|turn|7\n|c|\u2606thrillowisp|gg\n|c|\u2606Ziggymon12|gg\n|-message|thrillowisp forfeited.\n|\n|win|Ziggymon12\n|raw|thrillowisp's rating: 1400 → 1380<\/strong> (-20 for losing)\n|raw|Ziggymon12's rating: 1396 → 1416<\/strong> (+20 for winning)\n","uploadtime":1682643387,"views":10,"p1id":"thrillowisp","p2id":"ziggymon12","formatid":"gen9vgc2023regulationc","rating":1380,"private":0,"password":""}