{"id":"gen9vgc2023regulationc-1850087869","p1":"megaprawn","p2":"q3s","format":"[Gen 9] VGC 2023 Regulation C","log":"|j|\u2606megaprawn\n|j|\u2606q3s\n|t:|1682285844\n|gametype|doubles\n|player|p1|megaprawn|brycen|1040\n|player|p2|q3s|supernerd|1017\n|teamsize|p1|6\n|teamsize|p2|6\n|gen|9\n|tier|[Gen 9] VGC 2023 Regulation C\n|rated|\n|rule|Species Clause: Limit one of each Pok\u00e9mon\n|rule|Item Clause: Limit one of each item\n|clearpoke\n|poke|p1|Armarouge, L50, M|\n|poke|p1|Great Tusk, L50|\n|poke|p1|Talonflame, L50, M|\n|poke|p1|Indeedee-F, L50, F|\n|poke|p1|Gyarados, L50, M|\n|poke|p1|Flutter Mane, L50|\n|poke|p2|Fidough, L50, M|\n|poke|p2|Espathra, L50, F|\n|poke|p2|Flutter Mane, L50|\n|poke|p2|Amoonguss, L50, M|\n|poke|p2|Ting-Lu, L50|\n|poke|p2|Chi-Yu, L50|\n|teampreview|4\n|inactive|Battle timer is ON: inactive players will automatically lose when time's up. (requested by q3s)\nmegaprawn has agreed to open team sheets.\n|inactive|megaprawn has 60 seconds left.\n|inactive|q3s has 60 seconds left.\n|\n|t:|1682285899\n|start\n|switch|p1a: Armarouge|Armarouge, L50, M|100\/100\n|switch|p1b: Talonflame|Talonflame, L50, M|100\/100\n|switch|p2a: Ting-Lu|Ting-Lu, L50|100\/100\n|switch|p2b: Flutter Mane|Flutter Mane, L50|100\/100\n|-ability|p2a: Ting-Lu|Vessel of Ruin\n|-enditem|p2b: Flutter Mane|Booster Energy\n|-activate|p2b: Flutter Mane|ability: Protosynthesis|[fromitem]\n|-start|p2b: Flutter Mane|protosynthesisspa\n|turn|1\n|inactive|q3s has 30 seconds left.\n|inactive|megaprawn has 30 seconds left.\n|inactive|megaprawn has 20 seconds left.\n|inactive|megaprawn has 15 seconds left.\n|inactive|megaprawn has 10 seconds left.\n|\n|t:|1682285951\n|move|p1b: Talonflame|Tailwind|p1b: Talonflame\n|-sidestart|p1: megaprawn|move: Tailwind\n|move|p1a: Armarouge|Heat Wave|p2a: Ting-Lu|[spread] p2a\n|-miss|p1a: Armarouge|p2b: Flutter Mane\n|-damage|p2a: Ting-Lu|87\/100\n|move|p2b: Flutter Mane|Shadow Ball|p1a: Armarouge\n|-supereffective|p1a: Armarouge\n|-damage|p1a: Armarouge|0 fnt\n|faint|p1a: Armarouge\n|move|p2a: Ting-Lu|Fissure|p1b: Talonflame\n|-immune|p1b: Talonflame\n|\n|upkeep\n|\n|t:|1682285970\n|switch|p1a: Great Tusk|Great Tusk, L50|100\/100\n|turn|2\n|inactive|q3s has 30 seconds left.\n|\n|t:|1682285998\n|move|p1a: Great Tusk|Headlong Rush|p2b: Flutter Mane\n|-damage|p2b: Flutter Mane|0 fnt\n|-unboost|p1a: Great Tusk|def|1\n|-unboost|p1a: Great Tusk|spd|1\n|faint|p2b: Flutter Mane\n|-end|p2b: Flutter Mane|Protosynthesis|[silent]\n|move|p1b: Talonflame|Will-O-Wisp|p2a: Ting-Lu\n|-status|p2a: Ting-Lu|brn\n|move|p2a: Ting-Lu|Heavy Slam|p1b: Talonflame\n|-resisted|p1b: Talonflame\n|-damage|p1b: Talonflame|90\/100\n|\n|-damage|p2a: Ting-Lu|81\/100 brn|[from] brn\n|upkeep\n|\n|t:|1682286015\n|switch|p2b: Amoonguss|Amoonguss, L50, M|100\/100\n|turn|3\n|\n|t:|1682286030\n|move|p2b: Amoonguss|Rage Powder|p2b: Amoonguss\n|-singleturn|p2b: Amoonguss|move: Rage Powder\n|move|p1a: Great Tusk|Headlong Rush|p2b: Amoonguss\n|-damage|p2b: Amoonguss|51\/100\n|-unboost|p1a: Great Tusk|def|1\n|-unboost|p1a: Great Tusk|spd|1\n|move|p1b: Talonflame|Brave Bird|p2b: Amoonguss\n|-supereffective|p2b: Amoonguss\n|-damage|p2b: Amoonguss|0 fnt\n|faint|p2b: Amoonguss\n|-damage|p1b: Talonflame|71\/100|[from] Recoil\n|move|p2a: Ting-Lu|Ruination|p1a: Great Tusk\n|-damage|p1a: Great Tusk|51\/100\n|\n|-damage|p2a: Ting-Lu|75\/100 brn|[from] brn\n|upkeep\n|\n|t:|1682286046\n|switch|p2b: Chi-Yu|Chi-Yu, L50|100\/100\n|-ability|p2b: Chi-Yu|Beads of Ruin\n|turn|4\n|inactive|megaprawn has 30 seconds left.\n|\n|t:|1682286072\n|-terastallize|p2b: Chi-Yu|Water\n|move|p1a: Great Tusk|Headlong Rush|p2b: Chi-Yu\n|-damage|p2b: Chi-Yu|1\/100\n|-unboost|p1a: Great Tusk|def|1\n|-unboost|p1a: Great Tusk|spd|1\n|move|p1b: Talonflame|U-turn|p2b: Chi-Yu\n|-damage|p2b: Chi-Yu|0 fnt\n|faint|p2b: Chi-Yu\n|\n|t:|1682286076\n|switch|p1b: Indeedee|Indeedee-F, L50, F|100\/100|[from] U-turn\n|-fieldstart|move: Psychic Terrain|[from] ability: Psychic Surge|[of] p1b: Indeedee\n|move|p2a: Ting-Lu|Fissure|p1a: Great Tusk|[miss]\n|-miss|p2a: Ting-Lu|p1a: Great Tusk\n|\n|-damage|p2a: Ting-Lu|69\/100 brn|[from] brn\n|-sideend|p1: megaprawn|move: Tailwind\n|upkeep\n|turn|5\n|\n|t:|1682286090\n|move|p1a: Great Tusk|Headlong Rush|p2a: Ting-Lu\n|-damage|p2a: Ting-Lu|29\/100 brn\n|-unboost|p1a: Great Tusk|def|1\n|-unboost|p1a: Great Tusk|spd|1\n|move|p1b: Indeedee|Dazzling Gleam|p2a: Ting-Lu\n|-supereffective|p2a: Ting-Lu\n|-damage|p2a: Ting-Lu|18\/100 brn\n|move|p2a: Ting-Lu|Stomping Tantrum|p1a: Great Tusk\n|-damage|p1a: Great Tusk|0 fnt\n|faint|p1a: Great Tusk\n|-end|p1a: Great Tusk|Protosynthesis|[silent]\n|\n|-damage|p2a: Ting-Lu|12\/100 brn|[from] brn\n|upkeep\n|\n|t:|1682286099\n|switch|p1a: Talonflame|Talonflame, L50, M|71\/100\n|turn|6\n|\n|t:|1682286112\n|move|p1a: Talonflame|U-turn|p2a: Ting-Lu\n|-supereffective|p2a: Ting-Lu\n|-crit|p2a: Ting-Lu\n|-damage|p2a: Ting-Lu|0 fnt\n|faint|p2a: Ting-Lu\n|\n|win|megaprawn\n|raw|megaprawn's rating: 1040 → 1072<\/strong> (+32 for winning)\n|raw|q3s's rating: 1017 → 1005<\/strong> (-12 for losing)\n|l|\u2606q3s\n|l|\u2606megaprawn\n|j|\u2606megaprawn\n|player|p1|megaprawn|brycen\n","uploadtime":1682286160,"views":10,"p1id":"megaprawn","p2id":"q3s","formatid":"gen9vgc2023regulationc","rating":1005,"private":0,"password":""}