{"id":"gen9vgc2023regulationc-1850935192","p1":"deathdragon25o","p2":"fatw","format":"[Gen 9] VGC 2023 Regulation C","log":"|j|\u2606deathdragon25o\n|j|\u2606fatw\n|t:|1682384162\n|gametype|doubles\n|player|p1|deathdragon25o|cress|\n|player|p2|fatw|riley|\n|teamsize|p1|6\n|teamsize|p2|6\n|gen|9\n|tier|[Gen 9] VGC 2023 Regulation C\n|rule|Species Clause: Limit one of each Pok\u00e9mon\n|rule|Item Clause: Limit one of each item\n|clearpoke\n|poke|p1|Dondozo, L50, F|\n|poke|p1|Tatsugiri, L50, F|\n|poke|p1|Palossand, L50, F|\n|poke|p1|Toxicroak, L50, F|\n|poke|p1|Brute Bonnet, L50|\n|poke|p1|Sandy Shocks, L50|\n|poke|p2|Ting-Lu, L50|\n|poke|p2|Lucario, L50, F|\n|poke|p2|Meowscarada, L50, M|\n|poke|p2|Dragapult, L50, F|\n|poke|p2|Raichu, L50, F|\n|poke|p2|Gyarados, L50, M|\n|teampreview|4\n|inactive|Battle timer is ON: inactive players will automatically lose when time's up. (requested by deathdragon25o)\n|inactiveoff|Battle timer is now OFF.\nfatw rejected open team sheets.\n|\n|t:|1682384179\n|start\n|switch|p1a: Toxicroak|Toxicroak, L50, F, shiny|100\/100\n|switch|p1b: Sandy Shocks|Sandy Shocks, L50|100\/100\n|switch|p2a: Ting-Lu|Ting-Lu, L50|100\/100\n|switch|p2b: Meowscarada|Meowscarada, L50, M|100\/100\n|-ability|p2a: Ting-Lu|Vessel of Ruin\n|-enditem|p1b: Sandy Shocks|Booster Energy\n|-activate|p1b: Sandy Shocks|ability: Protosynthesis|[fromitem]\n|-start|p1b: Sandy Shocks|protosynthesisspa\n|turn|1\n|\n|t:|1682384217\n|-terastallize|p1b: Sandy Shocks|Flying\n|move|p1a: Toxicroak|Fake Out|p2a: Ting-Lu\n|-damage|p2a: Ting-Lu|94\/100\n|move|p2b: Meowscarada|Play Rough|p1b: Sandy Shocks\n|-start|p2b: Meowscarada|typechange|Fairy|[from] ability: Protean\n|-damage|p1b: Sandy Shocks|29\/100\n|move|p1b: Sandy Shocks|Flash Cannon|p2b: Meowscarada\n|-supereffective|p2b: Meowscarada\n|-damage|p2b: Meowscarada|24\/100\n|cant|p2a: Ting-Lu|flinch\n|\n|upkeep\n|turn|2\n|\n|t:|1682384247\n|switch|p2b: Gyarados|Gyarados, L50, M, shiny|100\/100\n|-ability|p2b: Gyarados|Intimidate|boost\n|-unboost|p1a: Toxicroak|atk|1\n|-unboost|p1b: Sandy Shocks|atk|1\n|-terastallize|p2a: Ting-Lu|Dragon\n|move|p1b: Sandy Shocks|Flash Cannon|p2b: Gyarados\n|-resisted|p2b: Gyarados\n|-damage|p2b: Gyarados|90\/100\n|move|p1a: Toxicroak|Drain Punch|p2a: Ting-Lu\n|-damage|p2a: Ting-Lu|81\/100\n|-status|p2a: Ting-Lu|psn|[from] ability: Poison Touch|[of] p1a: Toxicroak\n|move|p2a: Ting-Lu|Heavy Slam|p1b: Sandy Shocks\n|-damage|p1b: Sandy Shocks|0 fnt\n|faint|p1b: Sandy Shocks\n|-end|p1b: Sandy Shocks|Protosynthesis|[silent]\n|\n|-damage|p2a: Ting-Lu|69\/100 psn|[from] psn\n|upkeep\n|\n|t:|1682384266\n|switch|p1b: Tatsugiri|Tatsugiri, L50, F|100\/100\n|turn|3\n|\n|t:|1682384300\n|move|p1a: Toxicroak|Poison Jab|p2b: Gyarados\n|-crit|p2b: Gyarados\n|-damage|p2b: Gyarados|35\/100\n|-status|p2b: Gyarados|psn\n|move|p1b: Tatsugiri|Draco Meteor|p2a: Ting-Lu\n|-supereffective|p2a: Ting-Lu\n|-damage|p2a: Ting-Lu|4\/100 psn\n|-unboost|p1b: Tatsugiri|spa|2\n|move|p2b: Gyarados|Tera Blast|p1a: Toxicroak\n|-damage|p1a: Toxicroak|92\/100\n|move|p2a: Ting-Lu|Fissure|p1b: Tatsugiri\n|-damage|p1b: Tatsugiri|0 fnt\n|faint|p1b: Tatsugiri\n|-ohko\n|\n|-damage|p2b: Gyarados|22\/100 psn|[from] psn\n|-damage|p2a: Ting-Lu|0 fnt|[from] psn\n|faint|p2a: Ting-Lu\n|upkeep\n|\n|t:|1682384317\n|switch|p1b: Dondozo|Dondozo, L50, F|100\/100\n|switch|p2a: Dragapult|Dragapult, L50, F, shiny|100\/100\n|turn|4\n|\n|t:|1682384333\n|move|p2b: Gyarados|Protect|p2b: Gyarados\n|-singleturn|p2b: Gyarados|Protect\n|move|p1a: Toxicroak|Sucker Punch||[still]\n|-fail|p1a: Toxicroak\n|move|p2a: Dragapult|Will-O-Wisp|p1a: Toxicroak\n|-status|p1a: Toxicroak|brn\n|move|p1b: Dondozo|Ice Fang|p2a: Dragapult\n|-supereffective|p2a: Dragapult\n|-damage|p2a: Dragapult|51\/100\n|\n|-damage|p2b: Gyarados|10\/100 psn|[from] psn\n|-damage|p1a: Toxicroak|87\/100 brn|[from] brn\n|upkeep\n|turn|5\n|\n|t:|1682384370\n|move|p1a: Toxicroak|Sucker Punch|p2b: Gyarados\n|-damage|p2b: Gyarados|2\/100 psn\n|move|p2a: Dragapult|Reflect|p2a: Dragapult\n|-sidestart|p2: fatw|Reflect\n|move|p2b: Gyarados|Tera Blast|p1a: Toxicroak\n|-damage|p1a: Toxicroak|75\/100 brn\n|move|p1b: Dondozo|Ice Fang|p2a: Dragapult\n|-supereffective|p2a: Dragapult\n|-damage|p2a: Dragapult|20\/100\n|-enditem|p2a: Dragapult|Sitrus Berry|[eat]\n|-heal|p2a: Dragapult|45\/100|[from] item: Sitrus Berry\n|\n|-damage|p2b: Gyarados|0 fnt|[from] psn\n|faint|p2b: Gyarados\n|-damage|p1a: Toxicroak|69\/100 brn|[from] brn\n|upkeep\n|\n|t:|1682384378\n|switch|p2b: Meowscarada|Meowscarada, L50, M|24\/100\n|turn|6\n|\n|t:|1682384398\n|move|p1a: Toxicroak|Sucker Punch|p2b: Meowscarada\n|-resisted|p2b: Meowscarada\n|-damage|p2b: Meowscarada|21\/100\n|move|p2a: Dragapult|Dragon Darts|p1a: Toxicroak\n|-damage|p1a: Toxicroak|38\/100 brn\n|-anim|p2a: Dragapult|Dragon Darts|p1b: Dondozo\n|-damage|p1b: Dondozo|88\/100\n|move|p2b: Meowscarada|Flower Trick|p1b: Dondozo\n|-start|p2b: Meowscarada|typechange|Grass|[from] ability: Protean\n|-supereffective|p1b: Dondozo\n|-crit|p1b: Dondozo\n|-damage|p1b: Dondozo|2\/100\n|move|p1b: Dondozo|Ice Fang|p2a: Dragapult\n|-supereffective|p2a: Dragapult\n|-damage|p2a: Dragapult|11\/100\n|\n|-heal|p1b: Dondozo|8\/100|[from] item: Leftovers\n|-damage|p1a: Toxicroak|33\/100 brn|[from] brn\n|upkeep\n|turn|7\n|\n|t:|1682384419\n|move|p2a: Dragapult|Protect|p2a: Dragapult\n|-singleturn|p2a: Dragapult|Protect\n|move|p1a: Toxicroak|Sucker Punch||[still]\n|-fail|p1a: Toxicroak\n|move|p2b: Meowscarada|Flower Trick|p1b: Dondozo\n|-supereffective|p1b: Dondozo\n|-crit|p1b: Dondozo\n|-damage|p1b: Dondozo|0 fnt\n|faint|p1b: Dondozo\n|\n|-damage|p1a: Toxicroak|27\/100 brn|[from] brn\n|upkeep\n|turn|8\n|\n|t:|1682384434\n|move|p1a: Toxicroak|Sucker Punch|p2b: Meowscarada\n|-crit|p2b: Meowscarada\n|-damage|p2b: Meowscarada|0 fnt\n|faint|p2b: Meowscarada\n|move|p2a: Dragapult|Dragon Darts|p1a: Toxicroak\n|-damage|p1a: Toxicroak|0 fnt\n|faint|p1a: Toxicroak\n|\n|win|fatw\n","uploadtime":1682384442,"views":22,"p1id":"deathdragon25o","p2id":"fatw","formatid":"gen9vgc2023regulationc","rating":0,"private":0,"password":""}