{"id":"gen9vgc2023regulationc-1864151397","p1":"LunarRemnant","p2":"Smwq1","format":"[Gen 9] VGC 2023 Regulation C","log":"|j|\u2606LunarRemnant\n|j|\u2606Smwq1\n|t:|1684125563\n|gametype|doubles\n|player|p1|LunarRemnant|dawn|1156\n|player|p2|Smwq1|1|1126\n|teamsize|p1|6\n|teamsize|p2|6\n|gen|9\n|tier|[Gen 9] VGC 2023 Regulation C\n|rated|\n|rule|Species Clause: Limit one of each Pok\u00e9mon\n|rule|Item Clause: Limit one of each item\n|clearpoke\n|poke|p1|Corviknight, L50, F|\n|poke|p1|Garchomp, L50, M|\n|poke|p1|Talonflame, L50, M|\n|poke|p1|Tyranitar, L50, F|\n|poke|p1|Flutter Mane, L50|\n|poke|p1|Lycanroc, L50, F|\n|poke|p2|Wo-Chien, L50|\n|poke|p2|Baxcalibur, L50, M|\n|poke|p2|Dragalge, L50, F|\n|poke|p2|Dragapult, L50, M|\n|poke|p2|Pelipper, L50, M|\n|poke|p2|Indeedee-F, L50, F|\n|teampreview|4\n|inactive|Battle timer is ON: inactive players will automatically lose when time's up. (requested by Smwq1)\n|inactive|LunarRemnant has 60 seconds left.\n|inactive|Smwq1 has 60 seconds left.\n|\n|t:|1684125606\n|start\n|switch|p1a: Tyranitar|Tyranitar, L50, F|100\/100\n|switch|p1b: Lycanroc|Lycanroc, L50, F|100\/100\n|switch|p2a: Dragapult|Dragapult, L50, M|100\/100\n|switch|p2b: Baxcalibur|Baxcalibur, L50, M|100\/100\n|-weather|Sandstorm|[from] ability: Sand Stream|[of] p1a: Tyranitar\n|turn|1\n|\n|t:|1684125621\n|switch|p2b: Pelipper|Pelipper, L50, M|100\/100\n|-weather|RainDance|[from] ability: Drizzle|[of] p2b: Pelipper\n|move|p2a: Dragapult|Reflect|p2a: Dragapult\n|-sidestart|p2: Smwq1|Reflect\n|move|p1b: Lycanroc|Rock Slide|p2a: Dragapult|[spread] p2a,p2b\n|-supereffective|p2b: Pelipper\n|-enditem|p2b: Pelipper|Charti Berry|[eat]\n|-enditem|p2b: Pelipper|Charti Berry|[weaken]\n|-damage|p2a: Dragapult|79\/100\n|-damage|p2b: Pelipper|78\/100\n|move|p1a: Tyranitar|Assurance|p2a: Dragapult\n|-supereffective|p2a: Dragapult\n|-damage|p2a: Dragapult|0 fnt\n|faint|p2a: Dragapult\n|\n|-weather|RainDance|[upkeep]\n|upkeep\n|inactive|Smwq1 has 30 seconds left.\n|\n|t:|1684125651\n|switch|p2a: Baxcalibur|Baxcalibur, L50, M|100\/100\n|turn|2\n|\n|t:|1684125670\n|-terastallize|p2a: Baxcalibur|Dragon\n|move|p2b: Pelipper|Wide Guard|p2b: Pelipper\n|-singleturn|p2b: Pelipper|Wide Guard\n|move|p1b: Lycanroc|Rock Slide|p2a: Baxcalibur|[spread] \n|-activate|p2a: Baxcalibur|move: Wide Guard\n|-activate|p2b: Pelipper|move: Wide Guard\n|move|p2a: Baxcalibur|Dragon Dance|p2a: Baxcalibur\n|-boost|p2a: Baxcalibur|atk|1\n|-boost|p2a: Baxcalibur|spe|1\n|move|p1a: Tyranitar|Rock Slide|p2b: Pelipper|[spread] \n|-activate|p2a: Baxcalibur|move: Wide Guard\n|-activate|p2b: Pelipper|move: Wide Guard\n|\n|-weather|RainDance|[upkeep]\n|upkeep\n|turn|3\n|inactive|Smwq1 has 30 seconds left.\n|\n|t:|1684125700\n|switch|p1b: Flutter Mane|Flutter Mane, L50|100\/100\n|-enditem|p1b: Flutter Mane|Booster Energy\n|-activate|p1b: Flutter Mane|ability: Protosynthesis|[fromitem]\n|-start|p1b: Flutter Mane|protosynthesisspe\n|switch|p1a: Corviknight|Corviknight, L50, F|100\/100\n|move|p2a: Baxcalibur|Icicle Spear|p1b: Flutter Mane\n|-damage|p1b: Flutter Mane|49\/100\n|-damage|p1b: Flutter Mane|0 fnt\n|faint|p1b: Flutter Mane\n|-end|p1b: Flutter Mane|Protosynthesis|[silent]\n|-hitcount|p1: Flutter Mane|2\n|move|p2b: Pelipper|U-turn|p1a: Corviknight\n|-resisted|p1a: Corviknight\n|-damage|p1a: Corviknight|99\/100\n|\n|t:|1684125715\n|switch|p2b: Dragalge|Dragalge, L50, F|100\/100|[from] U-turn\n|\n|-weather|RainDance|[upkeep]\n|upkeep\n|\n|t:|1684125720\n|switch|p1b: Tyranitar|Tyranitar, L50, F|100\/100\n|-weather|Sandstorm|[from] ability: Sand Stream|[of] p1b: Tyranitar\n|turn|4\n|\n|t:|1684125743\n|switch|p2b: Pelipper|Pelipper, L50, M|78\/100\n|-weather|RainDance|[from] ability: Drizzle|[of] p2b: Pelipper\n|move|p2a: Baxcalibur|Icicle Spear|p1b: Tyranitar\n|-damage|p1b: Tyranitar|81\/100\n|-damage|p1b: Tyranitar|64\/100\n|-damage|p1b: Tyranitar|44\/100\n|-damage|p1b: Tyranitar|25\/100\n|-hitcount|p1b: Tyranitar|4\n|move|p1a: Corviknight|Brave Bird|p2b: Pelipper\n|-damage|p2b: Pelipper|47\/100\n|-damage|p1a: Corviknight|90\/100|[from] Recoil\n|move|p1b: Tyranitar|Rock Slide|p2a: Baxcalibur|[spread] p2a,p2b\n|-supereffective|p2b: Pelipper\n|-damage|p2a: Baxcalibur|79\/100\n|-damage|p2b: Pelipper|0 fnt\n|faint|p2b: Pelipper\n|\n|-weather|RainDance|[upkeep]\n|upkeep\n|\n|t:|1684125764\n|switch|p2b: Dragalge|Dragalge, L50, F|100\/100\n|turn|5\n|\n|t:|1684125779\n|switch|p1b: Lycanroc|Lycanroc, L50, F|100\/100\n|move|p2a: Baxcalibur|Icicle Spear|p1b: Lycanroc\n|-damage|p1b: Lycanroc|58\/100\n|-damage|p1b: Lycanroc|22\/100\n|-damage|p1b: Lycanroc|0 fnt\n|faint|p1b: Lycanroc\n|-hitcount|p1: Lycanroc|3\n|move|p1a: Corviknight|Bulk Up|p1a: Corviknight\n|-boost|p1a: Corviknight|atk|1\n|-boost|p1a: Corviknight|def|1\n|move|p2b: Dragalge|Thunder|p1a: Corviknight\n|-supereffective|p1a: Corviknight\n|-damage|p1a: Corviknight|27\/100\n|-status|p1a: Corviknight|par\n|-enditem|p1a: Corviknight|Sitrus Berry|[eat]\n|-heal|p1a: Corviknight|52\/100 par|[from] item: Sitrus Berry\n|\n|-weather|RainDance|[upkeep]\n|upkeep\n|\n|t:|1684125795\n|switch|p1b: Tyranitar|Tyranitar, L50, F|25\/100\n|-weather|Sandstorm|[from] ability: Sand Stream|[of] p1b: Tyranitar\n|turn|6\n|\n|t:|1684125814\n|move|p2a: Baxcalibur|Icicle Spear|p1b: Tyranitar\n|-damage|p1b: Tyranitar|4\/100\n|-damage|p1b: Tyranitar|0 fnt\n|faint|p1b: Tyranitar\n|-hitcount|p1: Tyranitar|2\n|move|p2b: Dragalge|Dragon Pulse|p1a: Corviknight\n|-resisted|p1a: Corviknight\n|-damage|p1a: Corviknight|30\/100 par\n|move|p1a: Corviknight|Brave Bird|p2b: Dragalge\n|-damage|p2b: Dragalge|49\/100\n|-damage|p1a: Corviknight|16\/100 par|[from] Recoil\n|\n|-weather|Sandstorm|[upkeep]\n|-damage|p2a: Baxcalibur|74\/100|[from] Sandstorm\n|-damage|p2b: Dragalge|43\/100|[from] Sandstorm\n|upkeep\n|turn|7\n|-message|LunarRemnant forfeited.\n|\n|win|Smwq1\n|raw|LunarRemnant's rating: 1156 → 1129<\/strong> (-27 for losing)\n|raw|Smwq1's rating: 1126 → 1153<\/strong> (+27 for winning)\n|l|\u2606LunarRemnant\n","uploadtime":1684125849,"views":7,"p1id":"lunarremnant","p2id":"smwq1","formatid":"gen9vgc2023regulationc","rating":1129,"private":0,"password":""}