{"id":"gen9vgc2023regulationc-1860320370","p1":"XinBluQAQ","p2":"peedrojt","format":"[Gen 9] VGC 2023 Regulation C","log":"|j|\u2606XinBluQAQ\n|j|\u2606peedrojt\n|t:|1683632265\n|gametype|doubles\n|player|p1|XinBluQAQ|shadowtriad|1378\n|player|p2|peedrojt|lucas|1462\n|teamsize|p1|6\n|teamsize|p2|6\n|gen|9\n|tier|[Gen 9] VGC 2023 Regulation C\n|rated|\n|rule|Species Clause: Limit one of each Pok\u00e9mon\n|rule|Item Clause: Limit one of each item\n|clearpoke\n|poke|p1|Iron Bundle, L50|\n|poke|p1|Dondozo, L50, M|\n|poke|p1|Tatsugiri, L50, F|\n|poke|p1|Glimmora, L50, F|\n|poke|p1|Dragonite, L50, M|\n|poke|p1|Chi-Yu, L50|\n|poke|p2|Murkrow, L50, F|\n|poke|p2|Iron Hands, L50|\n|poke|p2|Flutter Mane, L50|\n|poke|p2|Arcanine, L50, M|\n|poke|p2|Abomasnow, L50, F|\n|poke|p2|Iron Bundle, L50|\n|teampreview|4\n|inactive|Battle timer is ON: inactive players will automatically lose when time's up. (requested by peedrojt)\n|inactive|XinBluQAQ has 60 seconds left.\n|inactive|peedrojt has 60 seconds left.\n|\n|t:|1683632323\n|start\n|switch|p1a: Dondozo|Dondozo, L50, M|100\/100\n|switch|p1b: Glimmora|Glimmora, L50, F|100\/100\n|switch|p2a: Flutter Mane|Flutter Mane, L50, shiny|100\/100\n|switch|p2b: Iron Hands|Iron Hands, L50|100\/100\n|turn|1\n|inactive|peedrojt has 30 seconds left.\n|\n|t:|1683632348\n|move|p1a: Dondozo|Protect|p1a: Dondozo\n|-singleturn|p1a: Dondozo|Protect\n|move|p2a: Flutter Mane|Psyshock|p1b: Glimmora\n|-supereffective|p1b: Glimmora\n|-damage|p1b: Glimmora|10\/100\n|move|p1b: Glimmora|Mortal Spin|p2b: Iron Hands|[spread] p2a,p2b\n|-damage|p2a: Flutter Mane|94\/100\n|-damage|p2b: Iron Hands|98\/100\n|-status|p2a: Flutter Mane|psn\n|-status|p2b: Iron Hands|psn\n|move|p2b: Iron Hands|Wild Charge|p1a: Dondozo\n|-activate|p1a: Dondozo|move: Protect\n|\n|-damage|p2a: Flutter Mane|82\/100 psn|[from] psn\n|-damage|p2b: Iron Hands|85\/100 psn|[from] psn\n|upkeep\n|turn|2\n|inactive|XinBluQAQ has 30 seconds left.\n|inactive|XinBluQAQ has 20 seconds left.\n|inactive|XinBluQAQ has 15 seconds left.\n|inactive|XinBluQAQ has 10 seconds left.\n|inactive|XinBluQAQ has 5 seconds left.\n|\n|t:|1683632399\n|switch|p1b: Tatsugiri|Tatsugiri, L50, F|100\/100\n|-activate|p1b: Tatsugiri|ability: Commander|[of] p1a: Dondozo\n|-boost|p1a: Dondozo|atk|2\n|-boost|p1a: Dondozo|spa|2\n|-boost|p1a: Dondozo|spe|2\n|-boost|p1a: Dondozo|def|2\n|-boost|p1a: Dondozo|spd|2\n|-terastallize|p2b: Iron Hands|Fighting\n|-terastallize|p1a: Dondozo|Grass\n|move|p2a: Flutter Mane|Psyshock|p1b: Tatsugiri|[miss]\n|-miss|p2a: Flutter Mane|p1b: Tatsugiri\n|move|p1a: Dondozo|Wave Crash|p2a: Flutter Mane\n|-damage|p2a: Flutter Mane|0 fnt\n|faint|p2a: Flutter Mane\n|-end|p2a: Flutter Mane|Protosynthesis|[silent]\n|-damage|p1a: Dondozo|83\/100|[from] Recoil\n|move|p2b: Iron Hands|Wild Charge|p1a: Dondozo\n|-resisted|p1a: Dondozo\n|-damage|p1a: Dondozo|74\/100\n|-damage|p2b: Iron Hands|83\/100 psn|[from] Recoil\n|\n|-heal|p1a: Dondozo|80\/100|[from] item: Leftovers\n|-damage|p2b: Iron Hands|71\/100 psn|[from] psn\n|upkeep\n|\n|t:|1683632409\n|switch|p2a: Murkrow|Murkrow, L50, F|100\/100\n|turn|3\n|inactive|XinBluQAQ has 30 seconds left.\n|\n|t:|1683632437\n|-end|p2b: Iron Hands|Quark Drive|[silent]\n|switch|p2b: Abomasnow|Abomasnow, L50, F|100\/100\n|-weather|Snow|[from] ability: Snow Warning|[of] p2b: Abomasnow\n|move|p2a: Murkrow|Haze|p2a: Murkrow\n|-clearallboost\n|move|p1a: Dondozo|Wave Crash|p2a: Murkrow\n|-damage|p2a: Murkrow|41\/100\n|-damage|p1a: Dondozo|65\/100|[from] Recoil\n|\n|-weather|Snow|[upkeep]\n|-heal|p1a: Dondozo|72\/100|[from] item: Leftovers\n|upkeep\n|turn|4\n|inactive|peedrojt has 30 seconds left.\n|inactive|peedrojt has 20 seconds left.\n|\n|t:|1683632477\n|move|p2a: Murkrow|Tailwind|p2a: Murkrow\n|-sidestart|p2: peedrojt|move: Tailwind\n|move|p2b: Abomasnow|Blizzard|p1b: Tatsugiri|[spread] p1a\n|-miss|p2b: Abomasnow|p1b: Tatsugiri\n|-supereffective|p1a: Dondozo\n|-crit|p1a: Dondozo\n|-damage|p1a: Dondozo|0 fnt\n|faint|p1a: Dondozo\n|\n|-weather|Snow|[upkeep]\n|upkeep\n|\n|t:|1683632483\n|switch|p1a: Chi-Yu|Chi-Yu, L50|100\/100\n|-ability|p1a: Chi-Yu|Beads of Ruin\n|turn|5\n|\n|t:|1683632499\n|switch|p2b: Iron Hands|Iron Hands, L50, tera:Fighting|71\/100 psn\n|move|p2a: Murkrow|Brave Bird|p1a: Chi-Yu\n|-damage|p1a: Chi-Yu|39\/100\n|-damage|p2a: Murkrow|25\/100|[from] Recoil\n|move|p1b: Tatsugiri|Icy Wind|p2a: Murkrow|[spread] p2a,p2b\n|-supereffective|p2a: Murkrow\n|-damage|p2a: Murkrow|0 fnt\n|-damage|p2b: Iron Hands|62\/100 psn\n|-unboost|p2b: Iron Hands|spe|1\n|faint|p2a: Murkrow\n|move|p1a: Chi-Yu|Heat Wave|p2b: Iron Hands\n|-damage|p2b: Iron Hands|29\/100 psn\n|\n|-weather|Snow|[upkeep]\n|-damage|p2b: Iron Hands|16\/100 psn|[from] psn\n|upkeep\n|\n|t:|1683632516\n|switch|p2a: Abomasnow|Abomasnow, L50, F|100\/100\n|turn|6\n|\n|t:|1683632536\n|move|p1a: Chi-Yu|Protect|p1a: Chi-Yu\n|-singleturn|p1a: Chi-Yu|Protect\n|move|p2b: Iron Hands|Fake Out|p1a: Chi-Yu\n|-activate|p1a: Chi-Yu|move: Protect\n|move|p1b: Tatsugiri|Icy Wind|p2b: Iron Hands|[spread] p2a,p2b\n|-damage|p2a: Abomasnow|83\/100\n|-damage|p2b: Iron Hands|6\/100 psn\n|-unboost|p2a: Abomasnow|spe|1\n|-unboost|p2b: Iron Hands|spe|1\n|move|p2a: Abomasnow|Blizzard|p1b: Tatsugiri|[spread] p1b\n|-activate|p1a: Chi-Yu|move: Protect\n|-damage|p1b: Tatsugiri|39\/100\n|\n|-weather|Snow|[upkeep]\n|-damage|p2b: Iron Hands|0 fnt|[from] psn\n|faint|p2b: Iron Hands\n|-end|p2b: Iron Hands|Quark Drive|[silent]\n|upkeep\n|turn|7\n|\n|t:|1683632549\n|move|p1b: Tatsugiri|Icy Wind|p2a: Abomasnow\n|-damage|p2a: Abomasnow|59\/100\n|-unboost|p2a: Abomasnow|spe|1\n|move|p1a: Chi-Yu|Overheat|p2a: Abomasnow\n|-supereffective|p2a: Abomasnow\n|-damage|p2a: Abomasnow|0 fnt\n|-unboost|p1a: Chi-Yu|spa|2\n|faint|p2a: Abomasnow\n|\n|win|XinBluQAQ\n|raw|XinBluQAQ's rating: 1378 → 1403<\/strong> (+25 for winning)\n|raw|peedrojt's rating: 1462 → 1437<\/strong> (-25 for losing)\n|l|\u2606peedrojt\n","uploadtime":1683632596,"views":18,"p1id":"xinbluqaq","p2id":"peedrojt","formatid":"gen9vgc2023regulationc","rating":1403,"private":0,"password":""}