{"id":"gen9vgc2023regulationc-1857049755","p1":"MLJP","p2":"Jjenkinsp","format":"[Gen 9] VGC 2023 Regulation C","log":"|j|\u2606MLJP\n|j|\u2606Jjenkinsp\n|t:|1683140804\n|gametype|doubles\n|player|p1|MLJP|dawn|1127\n|player|p2|Jjenkinsp|flannery|1153\n|teamsize|p1|6\n|teamsize|p2|6\n|gen|9\n|tier|[Gen 9] VGC 2023 Regulation C\n|rated|\n|rule|Species Clause: Limit one of each Pok\u00e9mon\n|rule|Item Clause: Limit one of each item\n|clearpoke\n|poke|p1|Glimmora, L50, M|\n|poke|p1|Dondozo, L50, M|\n|poke|p1|Tatsugiri, L50, F|\n|poke|p1|Chi-Yu, L50|\n|poke|p1|Iron Bundle, L50|\n|poke|p1|Scizor, L50, M|\n|poke|p2|Flutter Mane, L50|\n|poke|p2|Chi-Yu, L50|\n|poke|p2|Chien-Pao, L50|\n|poke|p2|Dragonite, L50, F|\n|poke|p2|Iron Bundle, L50|\n|poke|p2|Torkoal, L50, F|\n|teampreview|4\n|inactive|Battle timer is ON: inactive players will automatically lose when time's up. (requested by MLJP)\n|\n|t:|1683140838\n|start\n|switch|p1a: Glimmora|Glimmora, L50, M, shiny|100\/100\n|switch|p1b: Scizor|Scizor, L50, M|100\/100\n|switch|p2a: Torkoal|Torkoal, L50, F|100\/100\n|switch|p2b: Chi-Yu|Chi-Yu, L50|100\/100\n|-ability|p2b: Chi-Yu|Beads of Ruin\n|-weather|SunnyDay|[from] ability: Drought|[of] p2a: Torkoal\n|turn|1\n|inactive|MLJP has 30 seconds left.\n|\n|t:|1683140867\n|-terastallize|p1b: Scizor|Water\n|move|p2b: Chi-Yu|Dark Pulse|p1a: Glimmora\n|-damage|p1a: Glimmora|58\/100\n|cant|p1a: Glimmora|flinch\n|move|p1b: Scizor|Tailwind|p1b: Scizor\n|-sidestart|p1: MLJP|move: Tailwind\n|move|p2a: Torkoal|Heat Wave|p1b: Scizor|[spread] p1a\n|-miss|p2a: Torkoal|p1b: Scizor\n|-resisted|p1a: Glimmora\n|-damage|p1a: Glimmora|35\/100\n|\n|-weather|SunnyDay|[upkeep]\n|upkeep\n|turn|2\n|\n|t:|1683140888\n|move|p2a: Torkoal|Protect|p2a: Torkoal\n|-singleturn|p2a: Torkoal|Protect\n|move|p1a: Glimmora|Mortal Spin|p2b: Chi-Yu|[spread] p2b\n|-activate|p2a: Torkoal|move: Protect\n|-damage|p2b: Chi-Yu|94\/100\n|-status|p2b: Chi-Yu|psn\n|move|p2b: Chi-Yu|Dark Pulse|p1a: Glimmora\n|-damage|p1a: Glimmora|0 fnt\n|faint|p1a: Glimmora\n|move|p1b: Scizor|Pounce|p2b: Chi-Yu\n|-damage|p2b: Chi-Yu|28\/100 psn\n|-unboost|p2b: Chi-Yu|spe|1\n|\n|-weather|SunnyDay|[upkeep]\n|-damage|p2b: Chi-Yu|16\/100 psn|[from] psn\n|upkeep\n|\n|t:|1683140903\n|switch|p1a: Dondozo|Dondozo, L50, M|100\/100\n|turn|3\n|\n|t:|1683140922\n|switch|p1b: Tatsugiri|Tatsugiri, L50, F|100\/100\n|-activate|p1b: Tatsugiri|ability: Commander|[of] p1a: Dondozo\n|-boost|p1a: Dondozo|atk|2\n|-boost|p1a: Dondozo|spa|2\n|-boost|p1a: Dondozo|spe|2\n|-boost|p1a: Dondozo|def|2\n|-boost|p1a: Dondozo|spd|2\n|move|p1a: Dondozo|Earthquake|p2a: Torkoal|[spread] p2a,p2b\n|-miss|p1a: Dondozo|p1b: Tatsugiri\n|-supereffective|p2a: Torkoal\n|-supereffective|p2b: Chi-Yu\n|-damage|p2a: Torkoal|41\/100\n|-damage|p2b: Chi-Yu|0 fnt\n|faint|p2b: Chi-Yu\n|move|p2a: Torkoal|Eruption|p1b: Tatsugiri|[spread] p1a\n|-miss|p2a: Torkoal|p1b: Tatsugiri\n|-resisted|p1a: Dondozo\n|-damage|p1a: Dondozo|93\/100\n|\n|-weather|SunnyDay|[upkeep]\n|-heal|p1a: Dondozo|99\/100|[from] item: Leftovers\n|upkeep\n|\n|t:|1683140941\n|switch|p2b: Dragonite|Dragonite, L50, F|100\/100\n|turn|4\n|\n|t:|1683140952\n|move|p1a: Dondozo|Earthquake|p2b: Dragonite|[spread] p2a\n|-miss|p1a: Dondozo|p1b: Tatsugiri\n|-immune|p2b: Dragonite\n|-supereffective|p2a: Torkoal\n|-damage|p2a: Torkoal|0 fnt\n|faint|p2a: Torkoal\n|move|p2b: Dragonite|Thunder Punch|p1a: Dondozo\n|-supereffective|p1a: Dondozo\n|-damage|p1a: Dondozo|65\/100\n|\n|-weather|SunnyDay|[upkeep]\n|-heal|p1a: Dondozo|71\/100|[from] item: Leftovers\n|-sideend|p1: MLJP|move: Tailwind\n|upkeep\n|\n|t:|1683140964\n|switch|p2a: Chien-Pao|Chien-Pao, L50|100\/100\n|-ability|p2a: Chien-Pao|Sword of Ruin\n|turn|5\n|\n|t:|1683140975\n|move|p2a: Chien-Pao|Sacred Sword|p1a: Dondozo\n|-damage|p1a: Dondozo|42\/100\n|move|p1a: Dondozo|Wave Crash|p2a: Chien-Pao\n|-damage|p2a: Chien-Pao|29\/100\n|-damage|p1a: Dondozo|25\/100|[from] Recoil\n|move|p2b: Dragonite|Thunder Punch|p1a: Dondozo\n|-supereffective|p1a: Dondozo\n|-damage|p1a: Dondozo|0 fnt\n|faint|p1a: Dondozo\n|\n|-weather|none\n|upkeep\n|\n|t:|1683140985\n|switch|p1a: Scizor|Scizor, L50, M, tera:Water|100\/100\n|turn|6\n|\n|t:|1683141000\n|move|p2a: Chien-Pao|Sucker Punch|p1b: Tatsugiri\n|-damage|p1b: Tatsugiri|21\/100\n|move|p1a: Scizor|Bullet Punch|p2a: Chien-Pao\n|-supereffective|p2a: Chien-Pao\n|-damage|p2a: Chien-Pao|0 fnt\n|faint|p2a: Chien-Pao\n|move|p1b: Tatsugiri|Draco Meteor|p2b: Dragonite|[miss]\n|-miss|p1b: Tatsugiri|p2b: Dragonite\n|move|p2b: Dragonite|Thunder Punch|p1b: Tatsugiri\n|-damage|p1b: Tatsugiri|0 fnt\n|faint|p1b: Tatsugiri\n|\n|upkeep\n|turn|7\n|\n|t:|1683141017\n|move|p1a: Scizor|Bullet Punch|p2b: Dragonite\n|-crit|p2b: Dragonite\n|-damage|p2b: Dragonite|42\/100\n|move|p2b: Dragonite|Thunder Punch|p1a: Scizor\n|-supereffective|p1a: Scizor\n|-damage|p1a: Scizor|10\/100\n|\n|upkeep\n|turn|8\n|\n|t:|1683141026\n|move|p1a: Scizor|Bullet Punch|p2b: Dragonite\n|-damage|p2b: Dragonite|4\/100\n|move|p2b: Dragonite|Thunder Punch|p1a: Scizor\n|-supereffective|p1a: Scizor\n|-damage|p1a: Scizor|0 fnt\n|faint|p1a: Scizor\n|\n|win|Jjenkinsp\n|raw|MLJP's rating: 1127 → 1104<\/strong> (-23 for losing)\n|raw|Jjenkinsp's rating: 1153 → 1176<\/strong> (+23 for winning)\n|l|\u2606MLJP\n","uploadtime":1683141040,"views":8,"p1id":"mljp","p2id":"jjenkinsp","formatid":"gen9vgc2023regulationc","rating":1104,"private":0,"password":""}