{"id":"gen9vgc2023regulationc-1856883724","p1":"hyija0910","p2":"eurisgb","format":"[Gen 9] VGC 2023 Regulation C","log":"|j|\u2606hyija0910\n|j|\u2606eurisgb\n|t:|1683122560\n|gametype|doubles\n|player|p1|hyija0910|265|1106\n|player|p2|eurisgb|170|1140\n|teamsize|p1|6\n|teamsize|p2|6\n|gen|9\n|tier|[Gen 9] VGC 2023 Regulation C\n|rated|\n|rule|Species Clause: Limit one of each Pok\u00e9mon\n|rule|Item Clause: Limit one of each item\n|clearpoke\n|poke|p1|Flutter Mane, L50|\n|poke|p1|Gyarados, L50, F|\n|poke|p1|Amoonguss, L50, M|\n|poke|p1|Palafin, L50, M|\n|poke|p1|Ting-Lu, L50|\n|poke|p1|Tsareena, L50, F|\n|poke|p2|Flutter Mane, L50|\n|poke|p2|Chi-Yu, L50|\n|poke|p2|Roaring Moon, L50|\n|poke|p2|Jumpluff, L50, M|\n|poke|p2|Wo-Chien, L50|\n|poke|p2|Torkoal, L50, M|\n|teampreview|4\n|inactive|Battle timer is ON: inactive players will automatically lose when time's up. (requested by hyija0910)\n|\n|t:|1683122581\n|start\n|switch|p1a: Carry|Palafin, L50, M|100\/100\n|switch|p1b: Luck = Skill|Ting-Lu, L50|100\/100\n|switch|p2a: Roaring Moon|Roaring Moon, L50|100\/100\n|switch|p2b: Torkoal|Torkoal, L50, M|100\/100\n|-ability|p1b: Luck = Skill|Vessel of Ruin\n|-weather|SunnyDay|[from] ability: Drought|[of] p2b: Torkoal\n|-activate|p2a: Roaring Moon|ability: Protosynthesis\n|-start|p2a: Roaring Moon|protosynthesisatk\n|turn|1\n|inactive|hyija0910 has 30 seconds left.\n|inactive|eurisgb has 30 seconds left.\n|\n|t:|1683122609\n|detailschange|p1a: Carry|Palafin-Hero, L50, M\n|switch|p1a: Gyarados|Gyarados, L50, F|100\/100\n|-ability|p1a: Gyarados|Intimidate|boost\n|-unboost|p2a: Roaring Moon|atk|1\n|-unboost|p2b: Torkoal|atk|1\n|switch|p2b: Jumpluff|Jumpluff, L50, M|100\/100\n|move|p2a: Roaring Moon|Protect|p2a: Roaring Moon\n|-singleturn|p2a: Roaring Moon|Protect\n|move|p1b: Luck = Skill|Ruination|p2a: Roaring Moon\n|-activate|p2a: Roaring Moon|move: Protect\n|\n|-weather|SunnyDay|[upkeep]\n|upkeep\n|turn|2\n|\n|t:|1683122634\n|-terastallize|p2a: Roaring Moon|Ground\n|move|p2b: Jumpluff|Absorb|p2a: Roaring Moon\n|-supereffective|p2a: Roaring Moon\n|-damage|p2a: Roaring Moon|93\/100\n|-enditem|p2a: Roaring Moon|Weakness Policy\n|-boost|p2a: Roaring Moon|atk|2|[from] item: Weakness Policy\n|-boost|p2a: Roaring Moon|spa|2|[from] item: Weakness Policy\n|move|p2a: Roaring Moon|Rock Slide|p1b: Luck = Skill|[spread] p1a,p1b\n|-supereffective|p1a: Gyarados\n|-resisted|p1b: Luck = Skill\n|-damage|p1a: Gyarados|14\/100\n|-damage|p1b: Luck = Skill|89\/100\n|-enditem|p1a: Gyarados|Sitrus Berry|[eat]\n|-heal|p1a: Gyarados|39\/100|[from] item: Sitrus Berry\n|move|p1a: Gyarados|Taunt|p2b: Jumpluff\n|-start|p2b: Jumpluff|move: Taunt\n|cant|p1b: Luck = Skill|flinch\n|\n|-weather|SunnyDay|[upkeep]\n|upkeep\n|turn|3\n|inactive|hyija0910 has 30 seconds left.\n|inactive|hyija0910 has 20 seconds left.\n|\n|t:|1683122671\n|switch|p2b: Chi-Yu|Chi-Yu, L50|100\/100\n|-ability|p2b: Chi-Yu|Beads of Ruin\n|move|p1a: Gyarados|Protect|p1a: Gyarados\n|-singleturn|p1a: Gyarados|Protect\n|move|p2a: Roaring Moon|Rock Slide|p1a: Gyarados|[spread] p1b\n|-activate|p1a: Gyarados|move: Protect\n|-resisted|p1b: Luck = Skill\n|-damage|p1b: Luck = Skill|78\/100\n|move|p1b: Luck = Skill|Stomping Tantrum|p2a: Roaring Moon\n|-damage|p2a: Roaring Moon|24\/100\n|\n|-weather|SunnyDay|[upkeep]\n|upkeep\n|turn|4\n|inactive|eurisgb has 30 seconds left.\n|inactive|eurisgb has 20 seconds left.\n|\n|t:|1683122711\n|move|p2a: Roaring Moon|Protect|p2a: Roaring Moon\n|-singleturn|p2a: Roaring Moon|Protect\n|move|p2b: Chi-Yu|Dark Pulse|p1a: Gyarados\n|-damage|p1a: Gyarados|9\/100\n|cant|p1a: Gyarados|flinch\n|move|p1b: Luck = Skill|Ruination|p2b: Chi-Yu\n|-damage|p2b: Chi-Yu|51\/100\n|\n|-weather|SunnyDay|[upkeep]\n|upkeep\n|turn|5\n|inactive|hyija0910 has 30 seconds left.\n|\n|t:|1683122745\n|switch|p2b: Jumpluff|Jumpluff, L50, M|100\/100\n|switch|p1a: Overused|Flutter Mane, L50, shiny|100\/100\n|-activate|p1a: Overused|ability: Protosynthesis\n|-start|p1a: Overused|protosynthesisspe\n|move|p2a: Roaring Moon|Earthquake|p1a: Overused|[spread] p1a,p1b\n|-immune|p2b: Jumpluff\n|-damage|p1a: Overused|0 fnt\n|-damage|p1b: Luck = Skill|36\/100\n|faint|p1a: Overused\n|-end|p1a: Overused|Protosynthesis|[silent]\n|move|p1b: Luck = Skill|Heavy Slam|p2b: Jumpluff\n|-damage|p2b: Jumpluff|66\/100\n|\n|-weather|none\n|-end|p2a: Roaring Moon|Protosynthesis\n|upkeep\n|\n|t:|1683122763\n|switch|p1a: Carry|Palafin-Hero, L50, M|100\/100\n|-activate|p1a: Carry|ability: Zero to Hero\n|turn|6\n|\n|t:|1683122781\n|move|p2b: Jumpluff|Rage Powder|p2b: Jumpluff\n|-singleturn|p2b: Jumpluff|move: Rage Powder\n|move|p1a: Carry|Jet Punch|p2b: Jumpluff\n|-resisted|p2b: Jumpluff\n|-damage|p2b: Jumpluff|40\/100\n|move|p2a: Roaring Moon|Earthquake|p1b: Luck = Skill|[spread] p1a,p1b\n|-immune|p2b: Jumpluff\n|-damage|p1a: Carry|41\/100\n|-damage|p1b: Luck = Skill|4\/100\n|move|p1b: Luck = Skill|Heavy Slam|p2b: Jumpluff\n|-crit|p2b: Jumpluff\n|-damage|p2b: Jumpluff|0 fnt\n|faint|p2b: Jumpluff\n|\n|upkeep\n|\n|t:|1683122794\n|switch|p2b: Torkoal|Torkoal, L50, M|100\/100\n|-weather|SunnyDay|[from] ability: Drought|[of] p2b: Torkoal\n|-activate|p2a: Roaring Moon|ability: Protosynthesis\n|-start|p2a: Roaring Moon|protosynthesisatk\n|turn|7\n|\n|t:|1683122804\n|-terastallize|p1a: Carry|Water\n|move|p2a: Roaring Moon|Protect|p2a: Roaring Moon\n|-singleturn|p2a: Roaring Moon|Protect\n|move|p1a: Carry|Jet Punch|p2a: Roaring Moon\n|-activate|p2a: Roaring Moon|move: Protect\n|move|p1b: Luck = Skill|Fissure|p2b: Torkoal|[miss]\n|-miss|p1b: Luck = Skill|p2b: Torkoal\n|move|p2b: Torkoal|Heat Wave|p1a: Carry|[spread] p1a,p1b\n|-resisted|p1a: Carry\n|-damage|p1a: Carry|17\/100\n|-damage|p1b: Luck = Skill|0 fnt\n|faint|p1b: Luck = Skill\n|\n|-weather|SunnyDay|[upkeep]\n|upkeep\n|\n|t:|1683122814\n|switch|p1b: Gyarados|Gyarados, L50, F|9\/100\n|-ability|p1b: Gyarados|Intimidate|boost\n|-unboost|p2a: Roaring Moon|atk|1\n|-unboost|p2b: Torkoal|atk|1\n|turn|8\n|\n|t:|1683122825\n|move|p1a: Carry|Jet Punch|p2a: Roaring Moon\n|-supereffective|p2a: Roaring Moon\n|-damage|p2a: Roaring Moon|0 fnt\n|faint|p2a: Roaring Moon\n|-end|p2a: Roaring Moon|Protosynthesis|[silent]\n|move|p1b: Gyarados|Waterfall|p2b: Torkoal\n|-supereffective|p2b: Torkoal\n|-damage|p2b: Torkoal|73\/100\n|cant|p2b: Torkoal|flinch\n|\n|-weather|SunnyDay|[upkeep]\n|upkeep\n|\n|t:|1683122833\n|switch|p2a: Chi-Yu|Chi-Yu, L50|51\/100\n|-ability|p2a: Chi-Yu|Beads of Ruin\n|turn|9\n|\n|t:|1683122849\n|move|p1a: Carry|Jet Punch|p2a: Chi-Yu\n|-supereffective|p2a: Chi-Yu\n|-damage|p2a: Chi-Yu|0 fnt\n|faint|p2a: Chi-Yu\n|move|p1b: Gyarados|Waterfall|p2b: Torkoal\n|-supereffective|p2b: Torkoal\n|-damage|p2b: Torkoal|45\/100\n|move|p2b: Torkoal|Heat Wave|p1a: Carry|[spread] p1a\n|-miss|p2b: Torkoal|p1b: Gyarados\n|-resisted|p1a: Carry\n|-damage|p1a: Carry|0 fnt\n|faint|p1a: Carry\n|\n|-weather|SunnyDay|[upkeep]\n|upkeep\n|turn|10\n|\n|t:|1683122871\n|move|p1b: Gyarados|Thunder Wave|p2b: Torkoal\n|-status|p2b: Torkoal|par\n|cant|p2b: Torkoal|par\n|\n|-weather|SunnyDay|[upkeep]\n|upkeep\n|turn|11\n|-message|eurisgb forfeited.\n|\n|win|hyija0910\n|raw|hyija0910's rating: 1106 → 1133<\/strong> (+27 for winning)\n|raw|eurisgb's rating: 1140 → 1113<\/strong> (-27 for losing)\n|l|\u2606eurisgb\n","uploadtime":1683122884,"views":5,"p1id":"hyija0910","p2id":"eurisgb","formatid":"gen9vgc2023regulationc","rating":1113,"private":0,"password":""}