{"id":"gen9vgc2023regulationc-1851003566","p1":"sandrin16","p2":"Bruneiiiii","format":"[Gen 9] VGC 2023 Regulation C","log":"|j|\u2606sandrin16\n|j|\u2606Bruneiiiii\n|t:|1682392689\n|gametype|doubles\n|player|p1|sandrin16|pokemaniac|\n|player|p2|Bruneiiiii|veteran|\n|teamsize|p1|6\n|teamsize|p2|6\n|gen|9\n|tier|[Gen 9] VGC 2023 Regulation C\n|rule|Species Clause: Limit one of each Pok\u00e9mon\n|rule|Item Clause: Limit one of each item\n|clearpoke\n|poke|p1|Haxorus, L50, F|\n|poke|p1|Flutter Mane, L50|\n|poke|p1|Corviknight, L50, M|\n|poke|p1|Dondozo, L50, F|\n|poke|p1|Scovillain, L50, M|\n|poke|p1|Tatsugiri-Droopy, L50, M|\n|poke|p2|Armarouge, L50, F|\n|poke|p2|Garganacl, L50, M|\n|poke|p2|Tropius, L50, F|\n|poke|p2|Sandy Shocks, L50|\n|poke|p2|Maushold, L50|\n|poke|p2|Wo-Chien, L50|\n|teampreview|4\n|j| frankeke\n|\n|t:|1682392723\n|start\n|switch|p1a: Flutter Mane|Flutter Mane, L50|100\/100\n|switch|p1b: Scovillain|Scovillain, L50, M|100\/100\n|switch|p2a: Armarouge|Armarouge, L50, F, shiny|100\/100\n|switch|p2b: Garganacl|Garganacl, L50, M, shiny|100\/100\n|-enditem|p1a: Flutter Mane|Booster Energy\n|-activate|p1a: Flutter Mane|ability: Protosynthesis|[fromitem]\n|-start|p1a: Flutter Mane|protosynthesisspa\n|turn|1\n|\n|t:|1682392776\n|-terastallize|p2a: Armarouge|Grass\n|move|p1a: Flutter Mane|Shadow Ball|p2a: Armarouge\n|-damage|p2a: Armarouge|33\/100\n|-unboost|p2a: Armarouge|spd|1\n|move|p2a: Armarouge|Energy Ball|p1a: Flutter Mane\n|-damage|p1a: Flutter Mane|54\/100\n|move|p1b: Scovillain|Leaf Storm|p2b: Garganacl\n|-supereffective|p2b: Garganacl\n|-damage|p2b: Garganacl|21\/100\n|-unboost|p1b: Scovillain|spa|2\n|move|p2b: Garganacl|Salt Cure|p1b: Scovillain\n|-supereffective|p1b: Scovillain\n|-crit|p1b: Scovillain\n|-damage|p1b: Scovillain|57\/100\n|-start|p1b: Scovillain|Salt Cure\n|\n|-damage|p1b: Scovillain|45\/100|[from] Salt Cure\n|-ability|p1b: Scovillain|Moody|boost\n|-boost|p1b: Scovillain|spd|2\n|-unboost|p1b: Scovillain|atk|1\n|upkeep\n|turn|2\n|\n|t:|1682392822\n|move|p1b: Scovillain|Protect|p1b: Scovillain\n|-singleturn|p1b: Scovillain|Protect\n|move|p1a: Flutter Mane|Shadow Ball|p2a: Armarouge\n|-damage|p2a: Armarouge|0 fnt\n|faint|p2a: Armarouge\n|move|p2b: Garganacl|Recover|p2b: Garganacl\n|-heal|p2b: Garganacl|72\/100\n|\n|-damage|p1b: Scovillain|33\/100|[from] Salt Cure\n|-ability|p1b: Scovillain|Moody|boost\n|-boost|p1b: Scovillain|atk|2\n|-unboost|p1b: Scovillain|spe|1\n|upkeep\n|\n|t:|1682392844\n|switch|p2a: Tropius|Tropius, L50, F, shiny|100\/100\n|turn|3\n|\n|t:|1682392874\n|switch|p1b: Tatsugiri|Tatsugiri-Droopy, L50, M|100\/100\n|move|p1a: Flutter Mane|Mystical Fire|p2a: Tropius\n|-supereffective|p2a: Tropius\n|-damage|p2a: Tropius|28\/100\n|-unboost|p2a: Tropius|spa|1\n|-enditem|p2a: Tropius|Sitrus Berry|[eat]\n|-heal|p2a: Tropius|53\/100|[from] item: Sitrus Berry\n|move|p2a: Tropius|Substitute|p2a: Tropius\n|-start|p2a: Tropius|Substitute\n|-damage|p2a: Tropius|28\/100\n|move|p2b: Garganacl|Salt Cure|p1b: Tatsugiri\n|-damage|p1b: Tatsugiri|75\/100\n|-start|p1b: Tatsugiri|Salt Cure\n|\n|-damage|p1b: Tatsugiri|50\/100|[from] Salt Cure\n|-item|p2a: Tropius|Sitrus Berry|[from] ability: Harvest\n|upkeep\n|-enditem|p2a: Tropius|Sitrus Berry|[eat]\n|-heal|p2a: Tropius|53\/100|[from] item: Sitrus Berry\n|turn|4\n|\n|t:|1682392910\n|move|p2b: Garganacl|Protect|p2b: Garganacl\n|-singleturn|p2b: Garganacl|Protect\n|move|p1a: Flutter Mane|Mystical Fire|p2a: Tropius\n|-supereffective|p2a: Tropius\n|-end|p2a: Tropius|Substitute\n|move|p1b: Tatsugiri|Draco Meteor|p2a: Tropius\n|-damage|p2a: Tropius|0 fnt\n|-unboost|p1b: Tatsugiri|spa|2\n|faint|p2a: Tropius\n|\n|-damage|p1b: Tatsugiri|26\/100|[from] Salt Cure\n|upkeep\n|\n|t:|1682392921\n|switch|p2a: Wo-Chien|Wo-Chien, L50|100\/100\n|-ability|p2a: Wo-Chien|Tablets of Ruin\n|turn|5\n|\n|t:|1682392964\n|-end|p1a: Flutter Mane|Protosynthesis|[silent]\n|switch|p1a: Dondozo|Dondozo, L50, F|100\/100\n|-activate|p1b: Tatsugiri|ability: Commander|[of] p1a: Dondozo\n|-boost|p1a: Dondozo|atk|2\n|-boost|p1a: Dondozo|spa|2\n|-boost|p1a: Dondozo|spe|2\n|-boost|p1a: Dondozo|def|2\n|-boost|p1a: Dondozo|spd|2\n|move|p2a: Wo-Chien|Leech Seed|p1b: Tatsugiri|[miss]\n|-miss|p2a: Wo-Chien|p1b: Tatsugiri\n|move|p2b: Garganacl|Salt Cure|p1a: Dondozo\n|-damage|p1a: Dondozo|98\/100\n|-start|p1a: Dondozo|Salt Cure\n|\n|-heal|p1a: Dondozo|100\/100|[from] item: Leftovers\n|-damage|p1b: Tatsugiri|1\/100|[from] Salt Cure\n|-damage|p1a: Dondozo|76\/100|[from] Salt Cure\n|upkeep\n|turn|6\n|\n|t:|1682392999\n|move|p2b: Garganacl|Protect|p2b: Garganacl\n|-singleturn|p2b: Garganacl|Protect\n|move|p1a: Dondozo|Liquidation|p2b: Garganacl\n|-activate|p2b: Garganacl|move: Protect\n|move|p2a: Wo-Chien|Leech Seed|p1a: Dondozo\n|-start|p1a: Dondozo|move: Leech Seed\n|\n|-heal|p1a: Dondozo|82\/100|[from] item: Leftovers\n|-damage|p1a: Dondozo|69\/100|[from] Leech Seed|[of] p2a: Wo-Chien\n|-damage|p1b: Tatsugiri|0 fnt|[from] Salt Cure\n|faint|p1b: Tatsugiri\n|-damage|p1a: Dondozo|44\/100|[from] Salt Cure\n|upkeep\n|\n|t:|1682393014\n|switch|p1b: Scovillain|Scovillain, L50, M|33\/100\n|turn|7\n|\n|t:|1682393050\n|move|p2a: Wo-Chien|Protect|p2a: Wo-Chien\n|-singleturn|p2a: Wo-Chien|Protect\n|move|p1a: Dondozo|Liquidation|p2b: Garganacl\n|-supereffective|p2b: Garganacl\n|-damage|p2b: Garganacl|14\/100\n|-unboost|p2b: Garganacl|def|1\n|move|p1b: Scovillain|Overheat|p2a: Wo-Chien\n|-activate|p2a: Wo-Chien|move: Protect\n|move|p2b: Garganacl|Recover|p2b: Garganacl\n|-heal|p2b: Garganacl|64\/100\n|\n|-heal|p1a: Dondozo|51\/100|[from] item: Leftovers\n|-damage|p1a: Dondozo|38\/100|[from] Leech Seed|[of] p2a: Wo-Chien\n|-damage|p1a: Dondozo|13\/100|[from] Salt Cure\n|-ability|p1b: Scovillain|Moody|boost\n|-boost|p1b: Scovillain|spa|2\n|-unboost|p1b: Scovillain|spe|1\n|upkeep\n|turn|8\n|\n|t:|1682393103\n|move|p2b: Garganacl|Protect|p2b: Garganacl\n|-singleturn|p2b: Garganacl|Protect\n|move|p1a: Dondozo|Liquidation|p2b: Garganacl\n|-activate|p2b: Garganacl|move: Protect\n|move|p2a: Wo-Chien|Foul Play|p1b: Scovillain\n|-damage|p1b: Scovillain|3\/100\n|move|p1b: Scovillain|Overheat|p2a: Wo-Chien\n|-supereffective|p2a: Wo-Chien\n|-damage|p2a: Wo-Chien|4\/100\n|-unboost|p1b: Scovillain|spa|2\n|\n|-heal|p1a: Dondozo|20\/100|[from] item: Leftovers\n|-heal|p2a: Wo-Chien|10\/100|[from] item: Leftovers\n|-damage|p1a: Dondozo|7\/100|[from] Leech Seed|[of] p2a: Wo-Chien\n|-heal|p2a: Wo-Chien|27\/100|[silent]\n|-damage|p1a: Dondozo|0 fnt|[from] Salt Cure\n|faint|p1a: Dondozo\n|-ability|p1b: Scovillain|Moody|boost\n|-boost|p1b: Scovillain|spa|2\n|-unboost|p1b: Scovillain|atk|1\n|upkeep\n|\n|t:|1682393122\n|switch|p1a: Flutter Mane|Flutter Mane, L50|54\/100\n|turn|9\n|\n|t:|1682393138\n|move|p1a: Flutter Mane|Mystical Fire|p2a: Wo-Chien\n|-supereffective|p2a: Wo-Chien\n|-damage|p2a: Wo-Chien|0 fnt\n|faint|p2a: Wo-Chien\n|move|p1b: Scovillain|Leaf Storm|p2b: Garganacl\n|-supereffective|p2b: Garganacl\n|-damage|p2b: Garganacl|0 fnt\n|-unboost|p1b: Scovillain|spa|2\n|faint|p2b: Garganacl\n|\n|win|sandrin16\n|l| frankeke\n","uploadtime":1682393171,"views":7,"p1id":"sandrin16","p2id":"bruneiiiii","formatid":"gen9vgc2023regulationc","rating":0,"private":0,"password":""}