{"id":"gen9vgc2023regulationc-1861535527","p1":"WHITEWOLF081","p2":"Carno777","format":"[Gen 9] VGC 2023 Regulation C","log":"|j|\u2606WHITEWOLF081\n|j|\u2606Carno777\n|t:|1683770026\n|gametype|doubles\n|player|p1|WHITEWOLF081|101|1167\n|player|p2|Carno777|lance|1092\n|teamsize|p1|6\n|teamsize|p2|6\n|gen|9\n|tier|[Gen 9] VGC 2023 Regulation C\n|rated|\n|rule|Species Clause: Limit one of each Pok\u00e9mon\n|rule|Item Clause: Limit one of each item\n|clearpoke\n|poke|p1|Torkoal, L50, M|\n|poke|p1|Grimmsnarl, L50, M|\n|poke|p1|Flutter Mane, L50|\n|poke|p1|Arcanine, L50, F|\n|poke|p1|Lilligant, L50, F|\n|poke|p1|Ting-Lu, L50|\n|poke|p2|Dragapult, L50, F|\n|poke|p2|Noivern, L50, F|\n|poke|p2|Eelektross, L50, F|\n|poke|p2|Great Tusk, L50|\n|poke|p2|Iron Bundle, L50|\n|poke|p2|Crocalor, L50, M|\n|teampreview|4\n|inactive|Battle timer is ON: inactive players will automatically lose when time's up. (requested by Carno777)\n|inactive|Carno777 has 60 seconds left.\n|\n|t:|1683770056\n|start\n|switch|p1a: Arcanine|Arcanine, L50, F|100\/100\n|switch|p1b: Grimmsnarl|Grimmsnarl, L50, M, shiny|100\/100\n|switch|p2a: Dragapult|Dragapult, L50, F|100\/100\n|switch|p2b: Noivern|Noivern, L50, F|100\/100\n|-ability|p1a: Arcanine|Intimidate|boost\n|-fail|p2a: Dragapult|unboost|[from] ability: Clear Body|[of] p2a: Dragapult\n|-unboost|p2b: Noivern|atk|1\n|turn|1\n|inactive|WHITEWOLF081 has 30 seconds left.\n|inactive|WHITEWOLF081 has 20 seconds left.\n|inactive|WHITEWOLF081 has 15 seconds left.\n|\n|t:|1683770099\n|-terastallize|p2b: Noivern|Normal\n|move|p1a: Arcanine|Extreme Speed|p2b: Noivern\n|-damage|p2b: Noivern|61\/100\n|move|p1b: Grimmsnarl|Reflect|p1b: Grimmsnarl\n|-sidestart|p1: WHITEWOLF081|Reflect\n|move|p2a: Dragapult|Dragon Darts|p1a: Arcanine\n|-damage|p1a: Arcanine|74\/100\n|-anim|p2a: Dragapult|Dragon Darts|p1a: Arcanine\n|-damage|p1a: Arcanine|47\/100\n|move|p2b: Noivern|Boomburst|p1a: Arcanine|[spread] p1a,p1b\n|-immune|p2a: Dragapult\n|-damage|p1a: Arcanine|0 fnt\n|-damage|p1b: Grimmsnarl|65\/100\n|faint|p1a: Arcanine\n|-enditem|p2b: Noivern|Throat Spray\n|-boost|p2b: Noivern|spa|1|[from] item: Throat Spray\n|\n|upkeep\n|\n|t:|1683770113\n|switch|p1a: Flutter Mane|Flutter Mane, L50|100\/100\n|turn|2\n|\n|t:|1683770127\n|-terastallize|p1a: Flutter Mane|Fairy\n|move|p1b: Grimmsnarl|Light Screen|p1b: Grimmsnarl\n|-sidestart|p1: WHITEWOLF081|move: Light Screen\n|move|p2a: Dragapult|Phantom Force||[still]\n|-prepare|p2a: Dragapult|Phantom Force\n|move|p1a: Flutter Mane|Dazzling Gleam|p2a: Dragapult|[spread] p2b\n|-miss|p1a: Flutter Mane|p2a: Dragapult\n|-damage|p2b: Noivern|0 fnt\n|faint|p2b: Noivern\n|-damage|p1a: Flutter Mane|91\/100|[from] item: Life Orb\n|\n|upkeep\n|\n|t:|1683770137\n|switch|p2b: Eelektross|Eelektross, L50, F|100\/100\n|turn|3\n|\n|t:|1683770144\n|move|p1a: Flutter Mane|Protect|p1a: Flutter Mane\n|-singleturn|p1a: Flutter Mane|Protect\n|move|p2a: Dragapult|Phantom Force|p1a: Flutter Mane|[from]lockedmove\n|-activate|p1a: Flutter Mane|move: Phantom Force|[broken]\n|-damage|p1a: Flutter Mane|31\/100\n|move|p1b: Grimmsnarl|Spirit Break|p2a: Dragapult\n|-supereffective|p2a: Dragapult\n|-damage|p2a: Dragapult|22\/100\n|move|p2b: Eelektross|Flash Cannon|p1a: Flutter Mane\n|-supereffective|p1a: Flutter Mane\n|-damage|p1a: Flutter Mane|0 fnt\n|faint|p1a: Flutter Mane\n|-end|p1a: Flutter Mane|Protosynthesis|[silent]\n|\n|upkeep\n|\n|t:|1683770155\n|switch|p1a: Lilligant|Lilligant, L50, F|100\/100\n|turn|4\n|\n|t:|1683770169\n|move|p2a: Dragapult|U-turn|p1a: Lilligant\n|-supereffective|p1a: Lilligant\n|-damage|p1a: Lilligant|64\/100\n|\n|t:|1683770175\n|switch|p2a: Great Tusk|Great Tusk, L50|100\/100|[from] U-turn\n|move|p1a: Lilligant|Quiver Dance|p1a: Lilligant\n|-boost|p1a: Lilligant|spa|1\n|-boost|p1a: Lilligant|spd|1\n|-boost|p1a: Lilligant|spe|1\n|move|p1b: Grimmsnarl|Spirit Break|p2b: Eelektross\n|-damage|p2b: Eelektross|63\/100\n|-unboost|p2b: Eelektross|spa|1\n|move|p2b: Eelektross|Flash Cannon|p1b: Grimmsnarl\n|-supereffective|p1b: Grimmsnarl\n|-damage|p1b: Grimmsnarl|39\/100\n|\n|-heal|p1a: Lilligant|70\/100|[from] item: Leftovers\n|upkeep\n|turn|5\n|\n|t:|1683770194\n|move|p1b: Grimmsnarl|Parting Shot|p2b: Eelektross\n|-unboost|p2b: Eelektross|atk|1\n|-unboost|p2b: Eelektross|spa|1\n|move|p1a: Lilligant|Giga Drain|p2a: Great Tusk\n|-supereffective|p2a: Great Tusk\n|-damage|p2a: Great Tusk|0 fnt\n|-heal|p1a: Lilligant|100\/100|[from] drain|[of] p2a: Great Tusk\n|faint|p2a: Great Tusk\n|-end|p2a: Great Tusk|Protosynthesis|[silent]\n|move|p2b: Eelektross|Flash Cannon|p1b: Grimmsnarl\n|-supereffective|p1b: Grimmsnarl\n|-damage|p1b: Grimmsnarl|17\/100\n|\n|upkeep\n|\n|t:|1683770201\n|switch|p2a: Dragapult|Dragapult, L50, F|22\/100\n|turn|6\n|inactive|WHITEWOLF081 has 30 seconds left.\n|inactive|Carno777 has 30 seconds left.\n|inactive|WHITEWOLF081 has 20 seconds left.\n|inactive|Carno777 has 20 seconds left.\n|inactive|Carno777 has 15 seconds left.\n|\n|t:|1683770243\n|move|p1b: Grimmsnarl|Parting Shot|p2a: Dragapult\n|-fail|p2a: Dragapult|unboost|[from] ability: Clear Body|[of] p2a: Dragapult\n|move|p2a: Dragapult|Dragon Darts|p1a: Lilligant\n|-damage|p1a: Lilligant|75\/100\n|-anim|p2a: Dragapult|Dragon Darts|p1a: Lilligant\n|-damage|p1a: Lilligant|48\/100\n|move|p1a: Lilligant|Giga Drain|p2b: Eelektross\n|-damage|p2b: Eelektross|3\/100\n|-heal|p1a: Lilligant|81\/100|[from] drain|[of] p2b: Eelektross\n|move|p2b: Eelektross|Flash Cannon|p1b: Grimmsnarl\n|-supereffective|p1b: Grimmsnarl\n|-damage|p1b: Grimmsnarl|0 fnt\n|faint|p1b: Grimmsnarl\n|\n|-heal|p1a: Lilligant|87\/100|[from] item: Leftovers\n|upkeep\n|turn|7\n|\n|t:|1683770268\n|move|p2a: Dragapult|Phantom Force||[still]\n|-prepare|p2a: Dragapult|Phantom Force\n|move|p1a: Lilligant|Giga Drain|p2a: Dragapult|[miss]\n|-miss|p1a: Lilligant|p2a: Dragapult\n|move|p2b: Eelektross|Flash Cannon|p1a: Lilligant\n|-damage|p1a: Lilligant|75\/100\n|\n|-heal|p1a: Lilligant|81\/100|[from] item: Leftovers\n|upkeep\n|turn|8\n|\n|t:|1683770276\n|move|p2a: Dragapult|Phantom Force|p1a: Lilligant|[from]lockedmove\n|-damage|p1a: Lilligant|46\/100\n|move|p1a: Lilligant|Giga Drain|p2b: Eelektross\n|-damage|p2b: Eelektross|0 fnt\n|-heal|p1a: Lilligant|47\/100|[from] drain|[of] p2b: Eelektross\n|faint|p2b: Eelektross\n|\n|-heal|p1a: Lilligant|53\/100|[from] item: Leftovers\n|-sideend|p1: WHITEWOLF081|Reflect\n|upkeep\n|turn|9\n|\n|t:|1683770305\n|move|p2a: Dragapult|Dragon Darts|p1a: Lilligant\n|-damage|p1a: Lilligant|13\/100\n|-anim|p2a: Dragapult|Dragon Darts|p1a: Lilligant\n|-damage|p1a: Lilligant|0 fnt\n|faint|p1a: Lilligant\n|\n|win|Carno777\n|raw|WHITEWOLF081's rating: 1167 → 1137<\/strong> (-30 for losing)\n|raw|Carno777's rating: 1092 → 1124<\/strong> (+32 for winning)\n|l|\u2606WHITEWOLF081\n","uploadtime":1683770338,"views":14,"p1id":"whitewolf081","p2id":"carno777","formatid":"gen9vgc2023regulationc","rating":1124,"private":0,"password":""}