{"id":"gen9vgc2023regulationc-1855606981","p1":"FuratBang","p2":"thejordanvgc","format":"[Gen 9] VGC 2023 Regulation C","log":"|j|\u2606FuratBang\n|j|\u2606thejordanvgc\n|t:|1682966025\n|gametype|doubles\n|player|p1|FuratBang|crasherwake|\n|player|p2|thejordanvgc|2|\n|teamsize|p1|6\n|teamsize|p2|6\n|gen|9\n|tier|[Gen 9] VGC 2023 Regulation C\n|rule|Species Clause: Limit one of each Pok\u00e9mon\n|rule|Item Clause: Limit one of each item\n|clearpoke\n|poke|p1|Iron Hands, L50|\n|poke|p1|Tauros-Paldea-Blaze, L50, M|\n|poke|p1|Rotom-Wash, L50|\n|poke|p1|Mimikyu, L50, M|\n|poke|p1|Goodra, L50, M|\n|poke|p1|Amoonguss, L50, M|\n|poke|p2|Floatzel, L50, M|\n|poke|p2|Garchomp, L50, F|\n|poke|p2|Toxicroak, L50, F|\n|poke|p2|Grumpig, L50, F|\n|poke|p2|Florges, L50, F|\n|poke|p2|Klefki, L50, M|\n|teampreview|4\nFuratBang rejected open team sheets.\n|c|\u2606FuratBang|glhf\n|c|\u2606thejordanvgc|gl hf!\n|inactive|Battle timer is ON: inactive players will automatically lose when time's up. (requested by thejordanvgc)\n|inactive|FuratBang has 60 seconds left.\n|\n|t:|1682966159\n|start\n|switch|p1a: Amoonguss|Amoonguss, L50, M|100\/100\n|switch|p1b: Mimikyu|Mimikyu, L50, M|100\/100\n|switch|p2a: Palafin's Cousin|Floatzel, L50, M|100\/100\n|switch|p2b: Better Hands|Toxicroak, L50, F|100\/100\n|turn|1\n|inactive|FuratBang has 30 seconds left.\n|inactive|thejordanvgc has 30 seconds left.\n|inactive|FuratBang has 20 seconds left.\n|inactive|FuratBang has 15 seconds left.\n|\n|t:|1682966203\n|move|p2b: Better Hands|Fake Out|p1a: Amoonguss\n|-damage|p1a: Amoonguss|86\/100\n|cant|p1a: Amoonguss|flinch\n|move|p2a: Palafin's Cousin|Taunt|p1b: Mimikyu\n|-start|p1b: Mimikyu|move: Taunt\n|-enditem|p1b: Mimikyu|Mental Herb\n|-end|p1b: Mimikyu|move: Taunt\n|move|p1b: Mimikyu|Trick Room|p1b: Mimikyu\n|-fieldstart|move: Trick Room|[of] p1b: Mimikyu\n|\n|upkeep\n|turn|2\n|inactive|FuratBang has 30 seconds left.\n|inactive|thejordanvgc has 30 seconds left.\n|inactive|FuratBang has 20 seconds left.\n|inactive|thejordanvgc has 20 seconds left.\n|inactive|FuratBang has 15 seconds left.\n|inactive|thejordanvgc has 15 seconds left.\n|inactive|FuratBang has 10 seconds left.\n|inactive|thejordanvgc has 10 seconds left.\n|\n|t:|1682966250\n|move|p1a: Amoonguss|Spore|p2b: Better Hands\n|-status|p2b: Better Hands|slp|[from] move: Spore\n|cant|p2b: Better Hands|slp\n|move|p1b: Mimikyu|Swords Dance|p1b: Mimikyu\n|-boost|p1b: Mimikyu|atk|2\n|-enditem|p2b: Better Hands|Mirror Herb\n|-boost|p2b: Better Hands|atk|2|[from] item: Mirror Herb\n|move|p2a: Palafin's Cousin|Ice Spinner|p1a: Amoonguss\n|-supereffective|p1a: Amoonguss\n|-crit|p1a: Amoonguss\n|-damage|p1a: Amoonguss|20\/100\n|\n|upkeep\n|turn|3\n|inactive|FuratBang has 30 seconds left.\n|inactive|thejordanvgc has 30 seconds left.\n|inactive|FuratBang has 20 seconds left.\n|\n|t:|1682966287\n|switch|p1a: Iron Hands|Iron Hands, L50|100\/100\n|move|p1b: Mimikyu|Play Rough|p2a: Palafin's Cousin\n|-damage|p2a: Palafin's Cousin|0 fnt\n|faint|p2a: Palafin's Cousin\n|cant|p2b: Better Hands|slp\n|\n|upkeep\n|\n|t:|1682966300\n|switch|p2a: Great Chomp|Garchomp, L50, F|100\/100\n|turn|4\n|inactive|FuratBang has 30 seconds left.\n|\n|t:|1682966329\n|move|p2a: Great Chomp|Protect|p2a: Great Chomp\n|-singleturn|p2a: Great Chomp|Protect\n|move|p1a: Iron Hands|Wild Charge|p2b: Better Hands\n|-damage|p2b: Better Hands|24\/100 slp\n|-damage|p1a: Iron Hands|88\/100|[from] Recoil\n|cant|p2b: Better Hands|slp\n|move|p1b: Mimikyu|Play Rough|p2a: Great Chomp\n|-activate|p2a: Great Chomp|move: Protect\n|\n|upkeep\n|turn|5\n|inactive|thejordanvgc has 30 seconds left.\n|inactive|thejordanvgc has 20 seconds left.\n|\n|t:|1682966367\n|-terastallize|p2a: Great Chomp|Fire\n|move|p1a: Iron Hands|Wild Charge|p2b: Better Hands\n|-damage|p2b: Better Hands|0 fnt\n|faint|p2b: Better Hands\n|-damage|p1a: Iron Hands|84\/100|[from] Recoil\n|move|p1b: Mimikyu|Play Rough|p2a: Great Chomp\n|-resisted|p2a: Great Chomp\n|-damage|p2a: Great Chomp|63\/100\n|-damage|p1b: Mimikyu|88\/100|[from] ability: Rough Skin|[of] p2a: Great Chomp\n|move|p2a: Great Chomp|Stomping Tantrum|p1b: Mimikyu\n|-activate|p1b: Mimikyu|ability: Disguise\n|-damage|p1b: Mimikyu|88\/100\n|detailschange|p1b: Mimikyu|Mimikyu-Busted, L50, M\n|-damage|p1b: Mimikyu|76\/100|[from] pokemon: Mimikyu-Busted\n|\n|-fieldend|move: Trick Room\n|upkeep\n|\n|t:|1682966379\n|switch|p2b: Flizzy J|Florges, L50, F|100\/100\n|turn|6\n|inactive|FuratBang has 30 seconds left.\n|inactive|FuratBang has 20 seconds left.\n|inactive|FuratBang has 15 seconds left.\n|inactive|thejordanvgc has 30 seconds left.\n|inactive|FuratBang has 10 seconds left.\n|inactive|FuratBang has 5 seconds left.\n|\n|t:|1682966433\n|move|p1b: Mimikyu|Shadow Sneak|p2a: Great Chomp\n|-damage|p2a: Great Chomp|33\/100\n|-damage|p1b: Mimikyu|63\/100|[from] ability: Rough Skin|[of] p2a: Great Chomp\n|move|p2a: Great Chomp|Stomping Tantrum|p1b: Mimikyu\n|-damage|p1b: Mimikyu|4\/100\n|move|p2b: Flizzy J|Dazzling Gleam|p1b: Mimikyu|[spread] p1a,p1b\n|-supereffective|p1a: Iron Hands\n|-damage|p1a: Iron Hands|40\/100\n|-damage|p1b: Mimikyu|0 fnt\n|faint|p1b: Mimikyu\n|-damage|p2b: Flizzy J|91\/100|[from] item: Life Orb\n|move|p1a: Iron Hands|Wild Charge|p2a: Great Chomp\n|-damage|p2a: Great Chomp|0 fnt\n|-damage|p1a: Iron Hands|27\/100|[from] ability: Rough Skin|[of] p2a: Great Chomp\n|faint|p2a: Great Chomp\n|-damage|p1a: Iron Hands|22\/100|[from] Recoil\n|\n|upkeep\n|inactive|FuratBang has 30 seconds left.\n|inactive|FuratBang has 20 seconds left.\n|\n|t:|1682966470\n|switch|p1b: Amoonguss|Amoonguss, L50, M|53\/100\n|turn|7\n|\n|t:|1682966492\n|-end|p1a: Iron Hands|Quark Drive|[silent]\n|switch|p1a: Rotom|Rotom-Wash, L50|100\/100\n|move|p2b: Flizzy J|Psychic|p1b: Amoonguss\n|-supereffective|p1b: Amoonguss\n|-damage|p1b: Amoonguss|0 fnt\n|faint|p1b: Amoonguss\n|-damage|p2b: Flizzy J|81\/100|[from] item: Life Orb\n|\n|upkeep\n|\n|t:|1682966499\n|switch|p1b: Iron Hands|Iron Hands, L50|22\/100\n|turn|8\n|\n|t:|1682966512\n|move|p2b: Flizzy J|Protect|p2b: Flizzy J\n|-singleturn|p2b: Flizzy J|Protect\n|move|p1b: Iron Hands|Fake Out|p2b: Flizzy J\n|-activate|p2b: Flizzy J|move: Protect\n|move|p1a: Rotom|Hydro Pump|p2b: Flizzy J\n|-activate|p2b: Flizzy J|move: Protect\n|\n|upkeep\n|turn|9\n|\n|t:|1682966528\n|move|p2b: Flizzy J|Dazzling Gleam|p1b: Iron Hands|[spread] p1a,p1b\n|-supereffective|p1b: Iron Hands\n|-damage|p1a: Rotom|60\/100\n|-damage|p1b: Iron Hands|0 fnt\n|faint|p1b: Iron Hands\n|-end|p1b: Iron Hands|Quark Drive|[silent]\n|-damage|p2b: Flizzy J|72\/100|[from] item: Life Orb\n|move|p1a: Rotom|Hydro Pump|p2b: Flizzy J\n|-damage|p2b: Flizzy J|30\/100\n|\n|upkeep\n|turn|10\n|inactive|FuratBang has 30 seconds left.\n|\n|t:|1682966554\n|-terastallize|p1a: Rotom|Electric\n|move|p2b: Flizzy J|Moonblast|p1a: Rotom\n|-damage|p1a: Rotom|0 fnt\n|faint|p1a: Rotom\n|-damage|p2b: Flizzy J|20\/100|[from] item: Life Orb\n|\n|win|thejordanvgc\n|c|\u2606thejordanvgc|gg\n|c|\u2606FuratBang|gg\n|c|\u2606FuratBang|i throw hard :\/\n","uploadtime":1682966563,"views":20,"p1id":"furatbang","p2id":"thejordanvgc","formatid":"gen9vgc2023regulationc","rating":0,"private":0,"password":""}