{"id":"gen9vgc2023regulationc-1852498802","p1":"Sablewile","p2":"PkmnTrainerJaavy","format":"[Gen 9] VGC 2023 Regulation C","log":"|j|\u2606Sablewile\n|j|\u2606PkmnTrainerJaavy\n|t:|1682565647\n|gametype|doubles\n|player|p1|Sablewile|2|1715\n|player|p2|PkmnTrainerJaavy|dawn|1613\n|teamsize|p1|6\n|teamsize|p2|6\n|gen|9\n|tier|[Gen 9] VGC 2023 Regulation C\n|rated|\n|rule|Species Clause: Limit one of each Pok\u00e9mon\n|rule|Item Clause: Limit one of each item\n|clearpoke\n|poke|p1|Gyarados, L50, F|\n|poke|p1|Ting-Lu, L50|\n|poke|p1|Dragonite, L50, M|\n|poke|p1|Amoonguss, L50, M|\n|poke|p1|Iron Treads, L50|\n|poke|p1|Flutter Mane, L50|\n|poke|p2|Abomasnow, L50, M|\n|poke|p2|Iron Bundle, L50|\n|poke|p2|Chi-Yu, L50|\n|poke|p2|Annihilape, L50, M|\n|poke|p2|Vivillon-Icy Snow, L50, F|\n|poke|p2|Ting-Lu, L50|\n|teampreview|4\n|\n|t:|1682565687\n|start\n|switch|p1a: Ting-Lu|Ting-Lu, L50|100\/100\n|switch|p1b: Iron Treads|Iron Treads, L50|100\/100\n|switch|p2a: Vivillon|Vivillon-Icy Snow, L50, F|100\/100\n|switch|p2b: Ting-Lu|Ting-Lu, L50|100\/100\n|-ability|p2b: Ting-Lu|Vessel of Ruin\n|-ability|p1a: Ting-Lu|Vessel of Ruin\n|turn|1\n|\n|t:|1682565711\n|move|p2a: Vivillon|Protect|p2a: Vivillon\n|-singleturn|p2a: Vivillon|Protect\n|move|p1b: Iron Treads|Volt Switch|p2a: Vivillon\n|-activate|p2a: Vivillon|move: Protect\n|move|p2b: Ting-Lu|Earthquake|p1b: Iron Treads|[spread] p1a,p1b\n|-activate|p2a: Vivillon|move: Protect\n|-supereffective|p1b: Iron Treads\n|-damage|p1a: Ting-Lu|78\/100\n|-damage|p1b: Iron Treads|27\/100\n|move|p1a: Ting-Lu|Rock Slide|p2a: Vivillon|[spread] p2b\n|-activate|p2a: Vivillon|move: Protect\n|-resisted|p2b: Ting-Lu\n|-damage|p2b: Ting-Lu|96\/100\n|\n|upkeep\n|turn|2\n|\n|t:|1682565739\n|move|p1b: Iron Treads|Volt Switch|p2a: Vivillon\n|-supereffective|p2a: Vivillon\n|-damage|p2a: Vivillon|67\/100\n|\n|t:|1682565742\n|-end|p1b: Iron Treads|Quark Drive|[silent]\n|switch|p1b: Dragonite|Dragonite, L50, M|100\/100|[from] Volt Switch\n|move|p2a: Vivillon|Tailwind|p2a: Vivillon\n|-sidestart|p2: PkmnTrainerJaavy|move: Tailwind\n|move|p2b: Ting-Lu|Earthquake|p1b: Dragonite|[spread] p1a\n|-immune|p2a: Vivillon\n|-immune|p1b: Dragonite\n|-damage|p1a: Ting-Lu|55\/100\n|move|p1a: Ting-Lu|Rock Slide|p2a: Vivillon|[spread] p2a,p2b\n|-supereffective|p2a: Vivillon\n|-resisted|p2b: Ting-Lu\n|-damage|p2a: Vivillon|0 fnt\n|-damage|p2b: Ting-Lu|92\/100\n|faint|p2a: Vivillon\n|\n|upkeep\n|\n|t:|1682565750\n|switch|p2a: Iron Bundle|Iron Bundle, L50, shiny|100\/100\n|-enditem|p2a: Iron Bundle|Booster Energy\n|-activate|p2a: Iron Bundle|ability: Quark Drive|[fromitem]\n|-start|p2a: Iron Bundle|quarkdrivespe\n|turn|3\n|j| akalenVCG\n|\n|t:|1682565793\n|-terastallize|p1b: Dragonite|Normal\n|move|p2a: Iron Bundle|Freeze-Dry|p1b: Dragonite\n|-damage|p1b: Dragonite|88\/100\n|move|p2b: Ting-Lu|Rock Slide|p1a: Ting-Lu|[spread] p1a,p1b\n|-resisted|p1a: Ting-Lu\n|-damage|p1a: Ting-Lu|50\/100\n|-damage|p1b: Dragonite|72\/100\n|move|p1b: Dragonite|Outrage|p2a: Iron Bundle\n|-damage|p2a: Iron Bundle|0 fnt\n|faint|p2a: Iron Bundle\n|-end|p2a: Iron Bundle|Quark Drive|[silent]\n|move|p1a: Ting-Lu|Rock Slide|p2b: Ting-Lu\n|-resisted|p2b: Ting-Lu\n|-damage|p2b: Ting-Lu|83\/100\n|\n|upkeep\n|\n|t:|1682565802\n|switch|p2a: Annihilape|Annihilape, L50, M|100\/100\n|turn|4\n|\n|t:|1682565826\n|move|p2a: Annihilape|Bulk Up|p2a: Annihilape\n|-boost|p2a: Annihilape|atk|1\n|-boost|p2a: Annihilape|def|1\n|move|p2b: Ting-Lu|Stomping Tantrum|p1b: Dragonite\n|-damage|p1b: Dragonite|33\/100\n|move|p1b: Dragonite|Outrage|p2b: Ting-Lu|[from]lockedmove\n|-damage|p2b: Ting-Lu|23\/100\n|-start|p1b: Dragonite|confusion|[fatigue]\n|move|p1a: Ting-Lu|Earthquake|p2a: Annihilape|[spread] p1b,p2a,p2b\n|-damage|p1b: Dragonite|0 fnt\n|-damage|p2a: Annihilape|74\/100\n|-damage|p2b: Ting-Lu|0 fnt\n|faint|p1b: Dragonite\n|faint|p2b: Ting-Lu\n|\n|-heal|p2a: Annihilape|80\/100|[from] item: Leftovers\n|upkeep\n|\n|t:|1682565847\n|switch|p1b: Iron Treads|Iron Treads, L50|27\/100\n|turn|5\n|\n|t:|1682565863\n|move|p1a: Ting-Lu|Protect|p1a: Ting-Lu\n|-singleturn|p1a: Ting-Lu|Protect\n|move|p2a: Annihilape|Rage Fist|p1b: Iron Treads\n|-crit|p1b: Iron Treads\n|-damage|p1b: Iron Treads|0 fnt\n|faint|p1b: Iron Treads\n|-end|p1b: Iron Treads|Quark Drive|[silent]\n|\n|-heal|p2a: Annihilape|87\/100|[from] item: Leftovers\n|-sideend|p2: PkmnTrainerJaavy|move: Tailwind\n|upkeep\n|\n|t:|1682565873\n|switch|p1b: Flutter Mane|Flutter Mane, L50|100\/100\n|-enditem|p1b: Flutter Mane|Booster Energy\n|-activate|p1b: Flutter Mane|ability: Protosynthesis|[fromitem]\n|-start|p1b: Flutter Mane|protosynthesisspa\n|turn|6\n|\n|t:|1682565901\n|move|p2a: Annihilape|Protect|p2a: Annihilape\n|-singleturn|p2a: Annihilape|Protect\n|move|p1a: Ting-Lu|Protect||[still]\n|-fail|p1a: Ting-Lu\n|move|p1b: Flutter Mane|Substitute|p1b: Flutter Mane\n|-start|p1b: Flutter Mane|Substitute\n|-damage|p1b: Flutter Mane|76\/100\n|\n|-heal|p2a: Annihilape|93\/100|[from] item: Leftovers\n|upkeep\n|turn|7\n|\n|t:|1682565922\n|-terastallize|p2a: Annihilape|Water\n|move|p1b: Flutter Mane|Protect|p1b: Flutter Mane\n|-singleturn|p1b: Flutter Mane|Protect\n|move|p2a: Annihilape|Drain Punch|p1a: Ting-Lu\n|-supereffective|p1a: Ting-Lu\n|-damage|p1a: Ting-Lu|0 fnt\n|-heal|p2a: Annihilape|100\/100|[from] drain|[of] p1a: Ting-Lu\n|faint|p1a: Ting-Lu\n|\n|upkeep\n|turn|8\n|\n|t:|1682565935\n|move|p1b: Flutter Mane|Moonblast|p2a: Annihilape\n|-damage|p2a: Annihilape|38\/100\n|move|p2a: Annihilape|Rage Fist|p1b: Flutter Mane\n|-supereffective|p1b: Flutter Mane\n|-end|p1b: Flutter Mane|Substitute\n|\n|-heal|p2a: Annihilape|44\/100|[from] item: Leftovers\n|upkeep\n|turn|9\n|\n|t:|1682565944\n|move|p2a: Annihilape|Protect|p2a: Annihilape\n|-singleturn|p2a: Annihilape|Protect\n|move|p1b: Flutter Mane|Moonblast|p2a: Annihilape\n|-activate|p2a: Annihilape|move: Protect\n|\n|-heal|p2a: Annihilape|50\/100|[from] item: Leftovers\n|upkeep\n|turn|10\n|\n|t:|1682565953\n|move|p1b: Flutter Mane|Moonblast|p2a: Annihilape\n|-damage|p2a: Annihilape|0 fnt\n|faint|p2a: Annihilape\n|\n|win|Sablewile\n|raw|Sablewile's rating: 1715 → 1729<\/strong> (+14 for winning)\n|raw|PkmnTrainerJaavy's rating: 1613 → 1599<\/strong> (-14 for losing)\n|l|\u2606PkmnTrainerJaavy\n|l|\u2606Sablewile\n","uploadtime":1682566260,"views":8,"p1id":"sablewile","p2id":"pkmntrainerjaavy","formatid":"gen9vgc2023regulationc","rating":1599,"private":0,"password":""}