{"id":"gen9vgc2023regulationc-1850837685","p1":"FanioSauce","p2":"DarthGlacies","format":"[Gen 9] VGC 2023 Regulation C","log":"|j|\u2606FanioSauce\n|j|\u2606DarthGlacies\n|t:|1682372848\n|gametype|doubles\n|player|p1|FanioSauce|lady-gen4|1407\n|player|p2|DarthGlacies|265|1302\n|teamsize|p1|6\n|teamsize|p2|6\n|gen|9\n|tier|[Gen 9] VGC 2023 Regulation C\n|rated|\n|rule|Species Clause: Limit one of each Pok\u00e9mon\n|rule|Item Clause: Limit one of each item\n|clearpoke\n|poke|p1|Annihilape, L50, F|\n|poke|p1|Maushold-Four, L50|\n|poke|p1|Flutter Mane, L50|\n|poke|p1|Gyarados, L50, M|\n|poke|p1|Amoonguss, L50, M|\n|poke|p1|Ting-Lu, L50|\n|poke|p2|Kingambit, L50, M|\n|poke|p2|Dragonite, L50, F|\n|poke|p2|Arcanine, L50, M|\n|poke|p2|Amoonguss, L50, M|\n|poke|p2|Flutter Mane, L50|\n|poke|p2|Palafin, L50, M|\n|teampreview|4\n|inactive|Battle timer is ON: inactive players will automatically lose when time's up. (requested by FanioSauce)\nDarthGlacies has agreed to open team sheets.\n|inactive|FanioSauce has 60 seconds left.\n|inactive|DarthGlacies has 60 seconds left.\n|inactive|DarthGlacies has 30 seconds left.\n|inactive|DarthGlacies has 20 seconds left.\n|inactive|DarthGlacies has 15 seconds left.\nFanioSauce rejected open team sheets.\n|inactive|DarthGlacies has 10 seconds left.\n|inactive|DarthGlacies has 5 seconds left.\n|\n|t:|1682372943\n|start\n|switch|p1a: Annihilape|Annihilape, L50, F, shiny|100\/100\n|switch|p1b: Maushold|Maushold-Four, L50|100\/100\n|switch|p2a: Kingambit|Kingambit, L50, M|100\/100\n|switch|p2b: Dragonite|Dragonite, L50, F|100\/100\n|turn|1\n|inactive|FanioSauce has 30 seconds left.\n|inactive|DarthGlacies has 30 seconds left.\n|inactive|FanioSauce has 20 seconds left.\n|inactive|DarthGlacies has 20 seconds left.\n|inactive|FanioSauce has 15 seconds left.\n|inactive|DarthGlacies has 15 seconds left.\n|\n|t:|1682372985\n|-terastallize|p2b: Dragonite|Flying\n|-terastallize|p1a: Annihilape|Water\n|move|p1b: Maushold|Protect|p1b: Maushold\n|-singleturn|p1b: Maushold|Protect\n|move|p2b: Dragonite|Tera Blast|p1a: Annihilape\n|-damage|p1a: Annihilape|57\/100\n|move|p1a: Annihilape|Drain Punch|p2a: Kingambit\n|-supereffective|p2a: Kingambit\n|-damage|p2a: Kingambit|8\/100\n|-heal|p1a: Annihilape|100\/100|[from] drain|[of] p2a: Kingambit\n|move|p2a: Kingambit|Swords Dance|p2a: Kingambit\n|-boost|p2a: Kingambit|atk|2\n|\n|upkeep\n|turn|2\n|inactive|DarthGlacies has 30 seconds left.\n|\n|t:|1682373018\n|move|p2a: Kingambit|Protect|p2a: Kingambit\n|-singleturn|p2a: Kingambit|Protect\n|move|p1b: Maushold|Follow Me|p1b: Maushold\n|-singleturn|p1b: Maushold|move: Follow Me\n|move|p2b: Dragonite|Tera Blast|p1b: Maushold\n|-damage|p1b: Maushold|31\/100\n|move|p1a: Annihilape|Drain Punch|p2a: Kingambit\n|-activate|p2a: Kingambit|move: Protect\n|\n|upkeep\n|turn|3\n|inactive|FanioSauce has 30 seconds left.\n|inactive|DarthGlacies has 30 seconds left.\n|inactive|FanioSauce has 20 seconds left.\n|inactive|FanioSauce has 15 seconds left.\n|\n|t:|1682373060\n|move|p1b: Maushold|Follow Me|p1b: Maushold\n|-singleturn|p1b: Maushold|move: Follow Me\n|move|p2b: Dragonite|Extreme Speed|p1b: Maushold\n|-damage|p1b: Maushold|0 fnt\n|faint|p1b: Maushold\n|move|p2a: Kingambit|Sucker Punch|p1a: Annihilape\n|-damage|p1a: Annihilape|33\/100\n|move|p1a: Annihilape|Drain Punch|p2a: Kingambit\n|-supereffective|p2a: Kingambit\n|-damage|p2a: Kingambit|0 fnt\n|-heal|p1a: Annihilape|37\/100|[from] drain|[of] p2a: Kingambit\n|faint|p2a: Kingambit\n|\n|-heal|p1a: Annihilape|43\/100|[from] item: Leftovers\n|upkeep\n|inactive|DarthGlacies has 30 seconds left.\n|\n|t:|1682373088\n|switch|p1b: Gyarados|Gyarados, L50, M, shiny|100\/100\n|switch|p2a: Arcanine|Arcanine, L50, M|100\/100\n|-ability|p2a: Arcanine|Intimidate|boost\n|-unboost|p1a: Annihilape|atk|1\n|-unboost|p1b: Gyarados|atk|1\n|-ability|p1b: Gyarados|Intimidate|boost\n|-unboost|p2a: Arcanine|atk|1\n|-fail|p2b: Dragonite|unboost|Attack|[from] ability: Inner Focus|[of] p2b: Dragonite\n|turn|4\n|inactive|DarthGlacies has 30 seconds left.\n|inactive|DarthGlacies has 20 seconds left.\n|inactive|DarthGlacies has 15 seconds left.\n|inactive|FanioSauce has 30 seconds left.\n|inactive|DarthGlacies has 10 seconds left.\n|inactive|FanioSauce has 20 seconds left.\n|inactive|FanioSauce has 15 seconds left.\n|\n|t:|1682373153\n|move|p1a: Annihilape|Protect|p1a: Annihilape\n|-singleturn|p1a: Annihilape|Protect\n|move|p2a: Arcanine|Howl|p2a: Arcanine|[spread] p2a,p2b\n|-boost|p2a: Arcanine|atk|1\n|-boost|p2b: Dragonite|atk|1\n|move|p1b: Gyarados|Thunder Wave|p2b: Dragonite\n|-status|p2b: Dragonite|par\n|cant|p2b: Dragonite|par\n|\n|-heal|p1a: Annihilape|49\/100|[from] item: Leftovers\n|upkeep\n|turn|5\n|inactive|FanioSauce has 30 seconds left.\n|inactive|DarthGlacies has 30 seconds left.\n|inactive|DarthGlacies has 20 seconds left.\n|inactive|DarthGlacies has 15 seconds left.\n|inactive|DarthGlacies has 10 seconds left.\n|\n|t:|1682373198\n|switch|p2a: Amoonguss|Amoonguss, L50, M|100\/100\n|move|p1b: Gyarados|Taunt|p2a: Amoonguss\n|-start|p2a: Amoonguss|move: Taunt\n|move|p1a: Annihilape|Rage Fist|p2b: Dragonite\n|-damage|p2b: Dragonite|62\/100 par\n|move|p2b: Dragonite|Tera Blast|p1a: Annihilape\n|-crit|p1a: Annihilape\n|-damage|p1a: Annihilape|0 fnt\n|faint|p1a: Annihilape\n|\n|upkeep\n|\n|t:|1682373207\n|switch|p1a: Flutter Mane|Flutter Mane, L50|100\/100\n|-enditem|p1a: Flutter Mane|Booster Energy\n|-activate|p1a: Flutter Mane|ability: Protosynthesis|[fromitem]\n|-start|p1a: Flutter Mane|protosynthesisspa\n|turn|6\n|inactive|DarthGlacies has 30 seconds left.\n|inactive|FanioSauce has 30 seconds left.\n|inactive|DarthGlacies has 20 seconds left.\n|\n|t:|1682373243\n|move|p2b: Dragonite|Extreme Speed|p1b: Gyarados\n|-damage|p1b: Gyarados|52\/100\n|move|p1a: Flutter Mane|Moonblast|p2b: Dragonite\n|-damage|p2b: Dragonite|19\/100 par\n|move|p1b: Gyarados|Waterfall|p2b: Dragonite\n|-damage|p2b: Dragonite|0 fnt\n|faint|p2b: Dragonite\n|move|p2a: Amoonguss|Pollen Puff|p2: Dragonite|[notarget]\n|-fail|p2a: Amoonguss\n|\n|upkeep\n|\n|t:|1682373254\n|switch|p2b: Arcanine|Arcanine, L50, M|100\/100\n|-ability|p2b: Arcanine|Intimidate|boost\n|-unboost|p1a: Flutter Mane|atk|1\n|-unboost|p1b: Gyarados|atk|1\n|turn|7\n|inactive|DarthGlacies has 30 seconds left.\n|inactive|FanioSauce has 30 seconds left.\n|inactive|DarthGlacies has 20 seconds left.\n|inactive|DarthGlacies has 15 seconds left.\n|\n|t:|1682373298\n|move|p1a: Flutter Mane|Protect|p1a: Flutter Mane\n|-singleturn|p1a: Flutter Mane|Protect\n|move|p2b: Arcanine|Will-O-Wisp|p1b: Gyarados\n|-status|p1b: Gyarados|brn\n|-enditem|p1b: Gyarados|Lum Berry|[eat]\n|-curestatus|p1b: Gyarados|brn|[msg]\n|move|p1b: Gyarados|Thunder Wave|p2b: Arcanine\n|-status|p2b: Arcanine|par\n|move|p2a: Amoonguss|Pollen Puff|p2b: Arcanine\n|-immune|p2b: Arcanine\n|\n|-end|p2a: Amoonguss|move: Taunt\n|upkeep\n|turn|8\n|inactive|DarthGlacies has 30 seconds left.\n|\n|t:|1682373332\n|move|p2a: Amoonguss|Rage Powder|p2a: Amoonguss\n|-singleturn|p2a: Amoonguss|move: Rage Powder\n|move|p1a: Flutter Mane|Substitute|p1a: Flutter Mane\n|-start|p1a: Flutter Mane|Substitute\n|-damage|p1a: Flutter Mane|76\/100\n|move|p1b: Gyarados|Taunt|p2a: Amoonguss\n|-start|p2a: Amoonguss|move: Taunt\n|cant|p2b: Arcanine|par\n|\n|upkeep\n|turn|9\n|inactive|FanioSauce has 30 seconds left.\n|inactive|DarthGlacies has 30 seconds left.\n|\n|t:|1682373364\n|move|p2b: Arcanine|Extreme Speed|p1b: Gyarados\n|-damage|p1b: Gyarados|29\/100\n|move|p1a: Flutter Mane|Shadow Ball|p2a: Amoonguss\n|-damage|p2a: Amoonguss|55\/100\n|move|p1b: Gyarados|Taunt|p2b: Arcanine\n|-start|p2b: Arcanine|move: Taunt\n|move|p2a: Amoonguss|Pollen Puff|p2b: Arcanine\n|-immune|p2b: Arcanine\n|\n|upkeep\n|turn|10\n|inactive|FanioSauce has 30 seconds left.\n|inactive|DarthGlacies has 30 seconds left.\n|inactive|DarthGlacies has 20 seconds left.\n|inactive|FanioSauce has 20 seconds left.\n|\n|t:|1682373406\n|move|p2b: Arcanine|Extreme Speed|p1b: Gyarados\n|-damage|p1b: Gyarados|5\/100\n|move|p1a: Flutter Mane|Shadow Ball|p2b: Arcanine\n|-damage|p2b: Arcanine|45\/100 par\n|move|p1b: Gyarados|Waterfall|p2b: Arcanine\n|-supereffective|p2b: Arcanine\n|-damage|p2b: Arcanine|8\/100 par\n|move|p2a: Amoonguss|Pollen Puff|p1b: Gyarados\n|-resisted|p1b: Gyarados\n|-damage|p1b: Gyarados|0 fnt\n|faint|p1b: Gyarados\n|\n|upkeep\n|turn|11\n|inactive|DarthGlacies has 25 seconds left this turn.\n|inactive|DarthGlacies has 20 seconds left.\n|inactive|DarthGlacies has 15 seconds left.\n|inactive|DarthGlacies has 10 seconds left.\n|inactive|DarthGlacies has 5 seconds left.\n|\n|t:|1682373431\n|move|p2b: Arcanine|Extreme Speed|p1a: Flutter Mane\n|-immune|p1a: Flutter Mane\n|move|p1a: Flutter Mane|Shadow Ball|p2b: Arcanine\n|-damage|p2b: Arcanine|0 fnt\n|faint|p2b: Arcanine\n|move|p2a: Amoonguss|Clear Smog|p1a: Flutter Mane\n|-activate|p1a: Flutter Mane|move: Substitute|[damage]\n|\n|-end|p2a: Amoonguss|move: Taunt\n|upkeep\n|turn|12\n|inactive|DarthGlacies has 5 seconds left this turn.\n|-message|DarthGlacies lost due to inactivity.\n|\n|win|FanioSauce\n|raw|FanioSauce's rating: 1407 → 1421<\/strong> (+14 for winning)\n|raw|DarthGlacies's rating: 1302 → 1288<\/strong> (-14 for losing)\n|l|\u2606FanioSauce\n","uploadtime":1682373529,"views":10,"p1id":"faniosauce","p2id":"darthglacies","formatid":"gen9vgc2023regulationc","rating":1288,"private":0,"password":""}