{"id":"gen9vgc2023regulationc-1847960609","p1":"Clemmenson","p2":"captaingx","format":"[Gen 9] VGC 2023 Regulation C","log":"|j|\u2606Clemmenson\n|j|\u2606captaingx\n|t:|1682016037\n|gametype|doubles\n|player|p1|Clemmenson|brycenman|1102\n|player|p2|captaingx|1|1092\n|teamsize|p1|6\n|teamsize|p2|6\n|gen|9\n|tier|[Gen 9] VGC 2023 Regulation C\n|rated|\n|rule|Species Clause: Limit one of each Pok\u00e9mon\n|rule|Item Clause: Limit one of each item\n|clearpoke\n|poke|p1|Palafin, L50, M|\n|poke|p1|Arcanine, L50, F|\n|poke|p1|Ting-Lu, L50|\n|poke|p1|Iron Bundle, L50|\n|poke|p1|Breloom, L50, F|\n|poke|p1|Flutter Mane, L50|\n|poke|p2|Palafin, L50, M|\n|poke|p2|Chien-Pao, L50|\n|poke|p2|Chi-Yu, L50|\n|poke|p2|Talonflame, L50, F|\n|poke|p2|Great Tusk, L50|\n|poke|p2|Iron Bundle, L50|\n|teampreview|4\n|inactive|Battle timer is ON: inactive players will automatically lose when time's up. (requested by captaingx)\n|\n|t:|1682016090\n|start\n|switch|p1a: Palafin|Palafin, L50, M|100\/100\n|switch|p1b: Breloom|Breloom, L50, F|100\/100\n|switch|p2a: Hawk|Talonflame, L50, F|100\/100\n|switch|p2b: Psych|Palafin, L50, M|100\/100\n|turn|1\n|inactive|Clemmenson has 30 seconds left.\n|\n|t:|1682016115\n|move|p2b: Psych|Protect|p2b: Psych\n|-singleturn|p2b: Psych|Protect\n|move|p2a: Hawk|Tailwind|p2a: Hawk\n|-sidestart|p2: captaingx|move: Tailwind\n|move|p1a: Palafin|Jet Punch|p2a: Hawk\n|-supereffective|p2a: Hawk\n|-crit|p2a: Hawk\n|-damage|p2a: Hawk|2\/100\n|move|p1b: Breloom|Spore|p2b: Psych\n|-activate|p2b: Psych|move: Protect\n|\n|upkeep\n|turn|2\n|inactive|Clemmenson has 30 seconds left.\n|inactive|Clemmenson has 20 seconds left.\n|inactive|Clemmenson has 15 seconds left.\n|\n|t:|1682016159\n|move|p1a: Palafin|Protect|p1a: Palafin\n|-singleturn|p1a: Palafin|Protect\n|move|p2b: Psych|Jet Punch|p1b: Breloom\n|-resisted|p1b: Breloom\n|-damage|p1b: Breloom|80\/100\n|move|p1b: Breloom|Mach Punch|p2a: Hawk\n|-resisted|p2a: Hawk\n|-damage|p2a: Hawk|0 fnt\n|faint|p2a: Hawk\n|\n|upkeep\n|\n|t:|1682016170\n|switch|p2a: Sid|Chien-Pao, L50|100\/100\n|-ability|p2a: Sid|Sword of Ruin\n|turn|3\n|\n|t:|1682016193\n|detailschange|p2b: Psych|Palafin-Hero, L50, M\n|switch|p2b: Jaws|Chi-Yu, L50|100\/100\n|-ability|p2b: Jaws|Beads of Ruin\n|detailschange|p1a: Palafin|Palafin-Hero, L50, M\n|switch|p1a: Iron Bundle|Iron Bundle, L50|100\/100\n|-enditem|p1a: Iron Bundle|Booster Energy\n|-activate|p1a: Iron Bundle|ability: Quark Drive|[fromitem]\n|-start|p1a: Iron Bundle|quarkdrivespe\n|move|p1b: Breloom|Mach Punch|p2a: Sid\n|-supereffective|p2a: Sid\n|-enditem|p2a: Sid|Focus Sash\n|-damage|p2a: Sid|1\/100\n|move|p2a: Sid|Ice Spinner|p1b: Breloom\n|-supereffective|p1b: Breloom\n|-damage|p1b: Breloom|0 fnt\n|faint|p1b: Breloom\n|\n|upkeep\n|\n|t:|1682016210\n|switch|p1b: Palafin|Palafin-Hero, L50, M|100\/100\n|-activate|p1b: Palafin|ability: Zero to Hero\n|turn|4\n|\n|t:|1682016222\n|move|p1a: Iron Bundle|Protect|p1a: Iron Bundle\n|-singleturn|p1a: Iron Bundle|Protect\n|move|p1b: Palafin|Protect|p1b: Palafin\n|-singleturn|p1b: Palafin|Protect\n|move|p2a: Sid|Sucker Punch||[still]\n|-fail|p2a: Sid\n|move|p2b: Jaws|Heat Wave|p1a: Iron Bundle|[spread] \n|-activate|p1a: Iron Bundle|move: Protect\n|-activate|p1b: Palafin|move: Protect\n|\n|-sideend|p2: captaingx|move: Tailwind\n|upkeep\n|turn|5\n|inactive|Clemmenson has 30 seconds left.\n|\n|t:|1682016253\n|-terastallize|p2b: Jaws|Fire\n|-terastallize|p1b: Palafin|Water\n|move|p2a: Sid|Sucker Punch|p1b: Palafin\n|-crit|p1b: Palafin\n|-damage|p1b: Palafin|28\/100\n|move|p1b: Palafin|Jet Punch|p2b: Jaws\n|-supereffective|p2b: Jaws\n|-damage|p2b: Jaws|0 fnt\n|faint|p2b: Jaws\n|move|p1a: Iron Bundle|Encore|p2a: Sid\n|-start|p2a: Sid|Encore\n|\n|upkeep\n|\n|t:|1682016265\n|switch|p2b: Psych|Palafin-Hero, L50, M|100\/100\n|-activate|p2b: Psych|ability: Zero to Hero\n|turn|6\n|\n|t:|1682016279\n|move|p1b: Palafin|Protect|p1b: Palafin\n|-singleturn|p1b: Palafin|Protect\n|move|p2a: Sid|Sucker Punch||[still]\n|-fail|p2a: Sid\n|move|p1a: Iron Bundle|Freeze-Dry|p2b: Psych\n|-supereffective|p2b: Psych\n|-damage|p2b: Psych|25\/100\n|move|p2b: Psych|Wave Crash|p1a: Iron Bundle\n|-resisted|p1a: Iron Bundle\n|-damage|p1a: Iron Bundle|27\/100\n|-damage|p2b: Psych|7\/100|[from] Recoil\n|\n|upkeep\n|turn|7\n|\n|t:|1682016302\n|switch|p1b: Flutter Mane|Flutter Mane, L50|100\/100\n|move|p2a: Sid|Sucker Punch||[still]\n|-fail|p2a: Sid\n|move|p2b: Psych|Jet Punch|p1a: Iron Bundle\n|-resisted|p1a: Iron Bundle\n|-damage|p1a: Iron Bundle|0 fnt\n|faint|p1a: Iron Bundle\n|-end|p1a: Iron Bundle|Quark Drive|[silent]\n|\n|upkeep\n|\n|t:|1682016310\n|switch|p1a: Palafin|Palafin-Hero, L50, M, tera:Water|28\/100\n|turn|8\n|\n|t:|1682016320\n|move|p2a: Sid|Sucker Punch|p1b: Flutter Mane\n|-damage|p1b: Flutter Mane|0 fnt\n|faint|p1b: Flutter Mane\n|-end|p1b: Flutter Mane|Protosynthesis|[silent]\n|move|p2b: Psych|Jet Punch|p1a: Palafin\n|-resisted|p1a: Palafin\n|-damage|p1a: Palafin|0 fnt\n|faint|p1a: Palafin\n|\n|win|captaingx\n|raw|Clemmenson's rating: 1102 → 1076<\/strong> (-26 for losing)\n|raw|captaingx's rating: 1092 → 1119<\/strong> (+27 for winning)\n","uploadtime":1682016343,"views":12,"p1id":"clemmenson","p2id":"captaingx","formatid":"gen9vgc2023regulationc","rating":1076,"private":0,"password":""}