{"id":"gen9vgc2023regulationc-1855447675","p1":"Championx18","p2":"Ricardo Randorez","format":"[Gen 9] VGC 2023 Regulation C","log":"|j|\u2606Championx18\n|j|\u2606Ricardo Randorez\n|t:|1682952323\n|gametype|doubles\n|player|p1|Championx18|169|1223\n|player|p2|Ricardo Randorez|1|1191\n|teamsize|p1|6\n|teamsize|p2|6\n|gen|9\n|tier|[Gen 9] VGC 2023 Regulation C\n|rated|\n|rule|Species Clause: Limit one of each Pok\u00e9mon\n|rule|Item Clause: Limit one of each item\n|clearpoke\n|poke|p1|Ting-Lu, L50|\n|poke|p1|Iron Valiant, L50|\n|poke|p1|Amoonguss, L50, F|\n|poke|p1|Baxcalibur, L50, M|\n|poke|p1|Gyarados, L50, M|\n|poke|p1|Kingambit, L50, M|\n|poke|p2|Glimmora, L50, M|\n|poke|p2|Maushold-Four, L50|\n|poke|p2|Dondozo, L50, M|\n|poke|p2|Tatsugiri, L50, F|\n|poke|p2|Garganacl, L50, M|\n|poke|p2|Wo-Chien, L50|\n|teampreview|4\n|inactive|Battle timer is ON: inactive players will automatically lose when time's up. (requested by Ricardo Randorez)\n|\n|t:|1682952379\n|start\n|switch|p1a: Yor Forger|Iron Valiant, L50|100\/100\n|switch|p1b: Budi|Gyarados, L50, M, shiny|100\/100\n|switch|p2a: Glimmora|Glimmora, L50, M, shiny|100\/100\n|switch|p2b: Maushold|Maushold-Four, L50|100\/100\n|-ability|p1b: Budi|Intimidate|boost\n|-unboost|p2a: Glimmora|atk|1\n|-unboost|p2b: Maushold|atk|1\n|-enditem|p1a: Yor Forger|Booster Energy\n|-activate|p1a: Yor Forger|ability: Quark Drive|[fromitem]\n|-start|p1a: Yor Forger|quarkdrivespe\n|turn|1\n|\n|t:|1682952403\n|-terastallize|p1a: Yor Forger|Ghost\n|move|p2b: Maushold|Feint|p2a: Glimmora\n|-resisted|p2a: Glimmora\n|-damage|p2a: Glimmora|99\/100\n|-activate|p2a: Glimmora|ability: Toxic Debris\n|-sidestart|p1: Championx18|move: Toxic Spikes\n|move|p1a: Yor Forger|Spirit Break|p2b: Maushold\n|-damage|p2b: Maushold|49\/100\n|-unboost|p2b: Maushold|spa|1\n|move|p1b: Budi|Iron Head|p2a: Glimmora\n|-supereffective|p2a: Glimmora\n|-damage|p2a: Glimmora|64\/100\n|-activate|p2a: Glimmora|ability: Toxic Debris\n|-sidestart|p1: Championx18|move: Toxic Spikes\n|move|p2a: Glimmora|Mortal Spin|p1b: Budi|[spread] p1a,p1b\n|-resisted|p1a: Yor Forger\n|-damage|p1a: Yor Forger|98\/100\n|-damage|p1b: Budi|97\/100\n|-status|p1a: Yor Forger|psn\n|-status|p1b: Budi|psn\n|-enditem|p1b: Budi|Lum Berry|[eat]\n|-curestatus|p1b: Budi|psn|[msg]\n|\n|-damage|p1a: Yor Forger|86\/100 psn|[from] psn\n|upkeep\n|turn|2\n|inactive|Championx18 has 30 seconds left.\n|inactive|Ricardo Randorez has 30 seconds left.\n|\n|t:|1682952437\n|move|p2b: Maushold|Protect|p2b: Maushold\n|-singleturn|p2b: Maushold|Protect\n|move|p1a: Yor Forger|Close Combat|p2b: Maushold\n|-activate|p2b: Maushold|move: Protect\n|move|p1b: Budi|Waterfall|p2a: Glimmora\n|-supereffective|p2a: Glimmora\n|-damage|p2a: Glimmora|17\/100\n|move|p2a: Glimmora|Power Gem|p1b: Budi\n|-supereffective|p1b: Budi\n|-damage|p1b: Budi|37\/100\n|\n|-damage|p1a: Yor Forger|74\/100 psn|[from] psn\n|upkeep\n|turn|3\n|inactive|Ricardo Randorez has 30 seconds left.\n|inactive|Championx18 has 30 seconds left.\n|inactive|Ricardo Randorez has 20 seconds left.\n|inactive|Championx18 has 20 seconds left.\n|\n|t:|1682952479\n|move|p2b: Maushold|Follow Me|p2b: Maushold\n|-singleturn|p2b: Maushold|move: Follow Me\n|move|p1a: Yor Forger|Spirit Break|p2b: Maushold\n|-damage|p2b: Maushold|0 fnt\n|faint|p2b: Maushold\n|move|p1b: Budi|Waterfall|p2a: Glimmora\n|-supereffective|p2a: Glimmora\n|-damage|p2a: Glimmora|0 fnt\n|faint|p2a: Glimmora\n|\n|-damage|p1a: Yor Forger|62\/100 psn|[from] psn\n|upkeep\n|\n|t:|1682952496\n|switch|p2b: Wo-Chien|Wo-Chien, L50|100\/100\n|switch|p2a: Garganacl|Garganacl, L50, M|100\/100\n|-ability|p2b: Wo-Chien|Tablets of Ruin\n|turn|4\n|inactive|Championx18 has 30 seconds left.\n|inactive|Ricardo Randorez has 30 seconds left.\n|\n|t:|1682952529\n|-terastallize|p2b: Wo-Chien|Fairy\n|move|p1a: Yor Forger|Spirit Break|p2b: Wo-Chien\n|-damage|p2b: Wo-Chien|76\/100\n|-unboost|p2b: Wo-Chien|spa|1\n|move|p1b: Budi|Waterfall|p2a: Garganacl\n|-supereffective|p2a: Garganacl\n|-damage|p2a: Garganacl|68\/100\n|move|p2b: Wo-Chien|Leech Seed|p1a: Yor Forger\n|-start|p1a: Yor Forger|move: Leech Seed\n|move|p2a: Garganacl|Salt Cure|p1b: Budi\n|-supereffective|p1b: Budi\n|-damage|p1b: Budi|14\/100\n|-start|p1b: Budi|Salt Cure\n|\n|-heal|p2b: Wo-Chien|82\/100|[from] item: Leftovers\n|-damage|p1a: Yor Forger|50\/100 psn|[from] Leech Seed|[of] p2b: Wo-Chien\n|-heal|p2b: Wo-Chien|92\/100|[silent]\n|-damage|p1a: Yor Forger|38\/100 psn|[from] psn\n|-damage|p1b: Budi|0 fnt|[from] Salt Cure\n|faint|p1b: Budi\n|upkeep\n|inactive|Championx18 has 30 seconds left.\n|\n|t:|1682952557\n|switch|p1b: Bang ricco|Ting-Lu, L50|100\/100\n|-status|p1b: Bang ricco|tox\n|-ability|p1b: Bang ricco|Vessel of Ruin\n|turn|5\n|\n|t:|1682952573\n|move|p1a: Yor Forger|Close Combat|p2a: Garganacl\n|-supereffective|p2a: Garganacl\n|-damage|p2a: Garganacl|20\/100\n|-unboost|p1a: Yor Forger|def|1\n|-unboost|p1a: Yor Forger|spd|1\n|-enditem|p2a: Garganacl|Sitrus Berry|[eat]\n|-heal|p2a: Garganacl|45\/100|[from] item: Sitrus Berry\n|move|p2b: Wo-Chien|Pollen Puff|p2a: Garganacl\n|-heal|p2a: Garganacl|95\/100\n|move|p1b: Bang ricco|Heavy Slam|p2b: Wo-Chien\n|-supereffective|p2b: Wo-Chien\n|-damage|p2b: Wo-Chien|42\/100\n|move|p2a: Garganacl|Salt Cure|p1b: Bang ricco\n|-resisted|p1b: Bang ricco\n|-damage|p1b: Bang ricco|98\/100 tox\n|-start|p1b: Bang ricco|Salt Cure\n|\n|-heal|p2b: Wo-Chien|48\/100|[from] item: Leftovers\n|-damage|p1a: Yor Forger|26\/100 psn|[from] Leech Seed|[of] p2b: Wo-Chien\n|-heal|p2b: Wo-Chien|57\/100|[silent]\n|-damage|p1a: Yor Forger|15\/100 psn|[from] psn\n|-damage|p1b: Bang ricco|92\/100 tox|[from] psn\n|-damage|p1b: Bang ricco|80\/100 tox|[from] Salt Cure\n|upkeep\n|turn|6\n|inactive|Ricardo Randorez has 30 seconds left.\n|\n|t:|1682952599\n|move|p2b: Wo-Chien|Protect|p2b: Wo-Chien\n|-singleturn|p2b: Wo-Chien|Protect\n|move|p1a: Yor Forger|Close Combat|p2a: Garganacl\n|-supereffective|p2a: Garganacl\n|-damage|p2a: Garganacl|47\/100\n|-unboost|p1a: Yor Forger|def|1\n|-unboost|p1a: Yor Forger|spd|1\n|move|p1b: Bang ricco|Heavy Slam|p2b: Wo-Chien\n|-activate|p2b: Wo-Chien|move: Protect\n|move|p2a: Garganacl|Iron Defense|p2a: Garganacl\n|-boost|p2a: Garganacl|def|2\n|\n|-heal|p2b: Wo-Chien|63\/100|[from] item: Leftovers\n|-damage|p1a: Yor Forger|2\/100 psn|[from] Leech Seed|[of] p2b: Wo-Chien\n|-heal|p2b: Wo-Chien|73\/100|[silent]\n|-damage|p1a: Yor Forger|0 fnt|[from] psn\n|faint|p1a: Yor Forger\n|-end|p1a: Yor Forger|Quark Drive|[silent]\n|-damage|p1b: Bang ricco|68\/100 tox|[from] psn\n|-damage|p1b: Bang ricco|55\/100 tox|[from] Salt Cure\n|upkeep\n|\n|t:|1682952607\n|switch|p1a: Gilgamesh|Baxcalibur, L50, M|100\/100\n|-status|p1a: Gilgamesh|tox\n|turn|7\n|\n|t:|1682952631\n|move|p1a: Gilgamesh|Icicle Crash|p2b: Wo-Chien|[miss]\n|-miss|p1a: Gilgamesh|p2b: Wo-Chien\n|move|p2b: Wo-Chien|Leech Seed|p1a: Gilgamesh\n|-start|p1a: Gilgamesh|move: Leech Seed\n|move|p1b: Bang ricco|Fissure|p2a: Garganacl|[miss]\n|-miss|p1b: Bang ricco|p2a: Garganacl\n|move|p2a: Garganacl|Recover|p2a: Garganacl\n|-heal|p2a: Garganacl|98\/100\n|\n|-heal|p2b: Wo-Chien|78\/100|[from] item: Leftovers\n|-damage|p1a: Gilgamesh|88\/100 tox|[from] Leech Seed|[of] p2b: Wo-Chien\n|-heal|p2b: Wo-Chien|92\/100|[silent]\n|-damage|p1a: Gilgamesh|82\/100 tox|[from] psn\n|-damage|p1b: Bang ricco|37\/100 tox|[from] psn\n|-damage|p1b: Bang ricco|25\/100 tox|[from] Salt Cure\n|upkeep\n|turn|8\n|inactive|Ricardo Randorez has 30 seconds left.\n|\n|t:|1682952658\n|move|p1a: Gilgamesh|Icicle Crash|p2a: Garganacl\n|-damage|p2a: Garganacl|87\/100\n|move|p2b: Wo-Chien|Pollen Puff|p1b: Bang ricco\n|-supereffective|p1b: Bang ricco\n|-damage|p1b: Bang ricco|12\/100 tox\n|move|p1b: Bang ricco|Fissure|p2a: Garganacl|[miss]\n|-miss|p1b: Bang ricco|p2a: Garganacl\n|move|p2a: Garganacl|Salt Cure|p1a: Gilgamesh\n|-supereffective|p1a: Gilgamesh\n|-damage|p1a: Gilgamesh|61\/100 tox\n|-start|p1a: Gilgamesh|Salt Cure\n|\n|-heal|p2b: Wo-Chien|97\/100|[from] item: Leftovers\n|-damage|p1a: Gilgamesh|49\/100 tox|[from] Leech Seed|[of] p2b: Wo-Chien\n|-heal|p2b: Wo-Chien|100\/100|[silent]\n|-damage|p1a: Gilgamesh|37\/100 tox|[from] psn\n|-damage|p1b: Bang ricco|0 fnt|[from] psn\n|faint|p1b: Bang ricco\n|-damage|p1a: Gilgamesh|24\/100 tox|[from] Salt Cure\n|upkeep\n|turn|9\n|-message|Championx18 forfeited.\n|\n|win|Ricardo Randorez\n|raw|Championx18's rating: 1223 → 1196<\/strong> (-27 for losing)\n|raw|Ricardo Randorez's rating: 1191 → 1218<\/strong> (+27 for winning)\n|l|\u2606Championx18\n","uploadtime":1682952682,"views":18,"p1id":"championx18","p2id":"ricardorandorez","formatid":"gen9vgc2023regulationc","rating":1196,"private":0,"password":""}