{"id":"gen9vgc2023regulationc-1845170502","p1":"DanceOfHearts","p2":"OLBAPP!!!!!","format":"[Gen 9] VGC 2023 Regulation C","log":"|j|\u2606DanceOfHearts\n|j|\u2606OLBAPP!!!!!\n|t:|1681691973\n|gametype|doubles\n|player|p1|DanceOfHearts|may-masters2|1257\n|player|p2|OLBAPP!!!!!|101|1165\n|teamsize|p1|6\n|teamsize|p2|6\n|gen|9\n|tier|[Gen 9] VGC 2023 Regulation C\n|rated|\n|rule|Species Clause: Limit one of each Pok\u00e9mon\n|rule|Item Clause: Limit one of each item\n|clearpoke\n|poke|p1|Amoonguss, L50, M|\n|poke|p1|Chien-Pao, L50|\n|poke|p1|Arcanine, L50, M|\n|poke|p1|Palafin, L50, F|\n|poke|p1|Flutter Mane, L50|\n|poke|p1|Kingambit, L50, M|\n|poke|p2|Palafin, L50, M|\n|poke|p2|Kingambit, L50, F|\n|poke|p2|Iron Jugulis, L50|\n|poke|p2|Volcarona, L50, M|\n|poke|p2|Flutter Mane, L50|\n|poke|p2|Brute Bonnet, L50|\n|teampreview|4\n|inactive|Battle timer is ON: inactive players will automatically lose when time's up. (requested by OLBAPP!!!!!)\nDanceOfHearts has agreed to open team sheets.\n|inactive|DanceOfHearts has 60 seconds left.\n|\n|t:|1681692009\n|start\n|switch|p1a: Rawr XD|Chien-Pao, L50|100\/100\n|switch|p1b: Uwu|Palafin, L50, F|100\/100\n|switch|p2a: Iron Jugulis|Iron Jugulis, L50|100\/100\n|switch|p2b: Palafin|Palafin, L50, M|100\/100\n|-ability|p1a: Rawr XD|Sword of Ruin\n|-enditem|p2a: Iron Jugulis|Booster Energy\n|-activate|p2a: Iron Jugulis|ability: Quark Drive|[fromitem]\n|-start|p2a: Iron Jugulis|quarkdrivespe\n|turn|1\n|\n|t:|1681692023\n|detailschange|p1b: Uwu|Palafin-Hero, L50, F\n|switch|p1b: Nya|Amoonguss, L50, M|100\/100\n|detailschange|p2b: Palafin|Palafin-Hero, L50, M\n|switch|p2b: Kingambit|Kingambit, L50, F|100\/100\n|move|p2a: Iron Jugulis|Heat Wave|p1b: Nya|[spread] p1a,p1b\n|-supereffective|p1a: Rawr XD\n|-supereffective|p1b: Nya\n|-damage|p1a: Rawr XD|40\/100\n|-damage|p1b: Nya|64\/100\n|-status|p1b: Nya|brn\n|move|p1a: Rawr XD|Icicle Crash|p2a: Iron Jugulis\n|-supereffective|p2a: Iron Jugulis\n|-damage|p2a: Iron Jugulis|0 fnt\n|faint|p2a: Iron Jugulis\n|-end|p2a: Iron Jugulis|Quark Drive|[silent]\n|\n|-damage|p1b: Nya|58\/100 brn|[from] brn\n|upkeep\n|\n|t:|1681692038\n|switch|p2a: Volcarona|Volcarona, L50, M|100\/100\n|turn|2\n|\n|t:|1681692055\n|switch|p1b: Meow|Arcanine, L50, M|100\/100\n|-ability|p1b: Meow|Intimidate|boost\n|-unboost|p2a: Volcarona|atk|1\n|-unboost|p2b: Kingambit|atk|1\n|-ability|p2b: Kingambit|Defiant|boost\n|-boost|p2b: Kingambit|atk|2\n|move|p1a: Rawr XD|Protect|p1a: Rawr XD\n|-singleturn|p1a: Rawr XD|Protect\n|move|p2a: Volcarona|Rage Powder|p2a: Volcarona\n|-singleturn|p2a: Volcarona|move: Rage Powder\n|move|p2b: Kingambit|Swords Dance|p2b: Kingambit\n|-boost|p2b: Kingambit|atk|2\n|\n|upkeep\n|turn|3\n|\n|t:|1681692073\n|move|p2b: Kingambit|Sucker Punch|p1b: Meow\n|-damage|p1b: Meow|0 fnt\n|faint|p1b: Meow\n|move|p1a: Rawr XD|Sacred Sword|p2b: Kingambit\n|-supereffective|p2b: Kingambit\n|-damage|p2b: Kingambit|0 fnt\n|faint|p2b: Kingambit\n|move|p2a: Volcarona|Fiery Dance|p1a: Rawr XD\n|-supereffective|p1a: Rawr XD\n|-crit|p1a: Rawr XD\n|-damage|p1a: Rawr XD|0 fnt\n|faint|p1a: Rawr XD\n|\n|upkeep\n|\n|t:|1681692082\n|switch|p1a: Uwu|Palafin-Hero, L50, F|100\/100\n|switch|p1b: Nya|Amoonguss, L50, M|91\/100 brn\n|switch|p2b: Palafin|Palafin-Hero, L50, M|100\/100\n|-activate|p1a: Uwu|ability: Zero to Hero\n|-activate|p2b: Palafin|ability: Zero to Hero\n|turn|4\n|\n|t:|1681692095\n|-terastallize|p2a: Volcarona|Grass\n|move|p1a: Uwu|Protect|p1a: Uwu\n|-singleturn|p1a: Uwu|Protect\n|move|p2b: Palafin|Protect|p2b: Palafin\n|-singleturn|p2b: Palafin|Protect\n|move|p1b: Nya|Protect|p1b: Nya\n|-singleturn|p1b: Nya|Protect\n|move|p2a: Volcarona|Will-O-Wisp|p1a: Uwu\n|-activate|p1a: Uwu|move: Protect\n|\n|-damage|p1b: Nya|85\/100 brn|[from] brn\n|upkeep\n|turn|5\n|\n|t:|1681692112\n|-terastallize|p1a: Uwu|Water\n|move|p2b: Palafin|Jet Punch|p1a: Uwu\n|-resisted|p1a: Uwu\n|-damage|p1a: Uwu|77\/100\n|move|p1a: Uwu|Wave Crash|p2a: Volcarona\n|-resisted|p2a: Volcarona\n|-damage|p2a: Volcarona|22\/100\n|-damage|p1a: Uwu|60\/100|[from] item: Rocky Helmet|[of] p2a: Volcarona\n|-damage|p1a: Uwu|38\/100|[from] Recoil\n|move|p2a: Volcarona|Will-O-Wisp|p1a: Uwu\n|-status|p1a: Uwu|brn\n|move|p1b: Nya|Spore|p2b: Palafin\n|-status|p2b: Palafin|slp|[from] move: Spore\n|\n|-damage|p1a: Uwu|32\/100 brn|[from] brn\n|-damage|p1b: Nya|79\/100 brn|[from] brn\n|upkeep\n|turn|6\n|\n|t:|1681692129\n|cant|p2b: Palafin|slp\n|move|p1a: Uwu|Wave Crash|p2a: Volcarona\n|-resisted|p2a: Volcarona\n|-damage|p2a: Volcarona|0 fnt\n|-damage|p1a: Uwu|16\/100 brn|[from] item: Rocky Helmet|[of] p2a: Volcarona\n|faint|p2a: Volcarona\n|-damage|p1a: Uwu|9\/100 brn|[from] Recoil\n|move|p1b: Nya|Pollen Puff|p1a: Uwu\n|-heal|p1a: Uwu|59\/100 brn\n|\n|-damage|p1a: Uwu|53\/100 brn|[from] brn\n|-damage|p1b: Nya|73\/100 brn|[from] brn\n|upkeep\n|turn|7\n|\n|t:|1681692145\n|-curestatus|p2b: Palafin|slp|[msg]\n|move|p2b: Palafin|Protect|p2b: Palafin\n|-singleturn|p2b: Palafin|Protect\n|move|p1a: Uwu|Wave Crash|p2b: Palafin\n|-activate|p2b: Palafin|move: Protect\n|move|p1b: Nya|Pollen Puff|p1a: Uwu\n|-heal|p1a: Uwu|100\/100 brn\n|\n|-damage|p1a: Uwu|95\/100 brn|[from] brn\n|-damage|p1b: Nya|67\/100 brn|[from] brn\n|upkeep\n|turn|8\n|\n|t:|1681692169\n|move|p1b: Nya|Rage Powder|p1b: Nya\n|-singleturn|p1b: Nya|move: Rage Powder\n|move|p2b: Palafin|Jet Punch|p1b: Nya\n|-resisted|p1b: Nya\n|-damage|p1b: Nya|49\/100 brn\n|-enditem|p1b: Nya|Sitrus Berry|[eat]\n|-heal|p1b: Nya|73\/100 brn|[from] item: Sitrus Berry\n|move|p1a: Uwu|Wave Crash|p2b: Palafin\n|-resisted|p2b: Palafin\n|-damage|p2b: Palafin|72\/100\n|-damage|p1a: Uwu|85\/100 brn|[from] Recoil\n|\n|-damage|p1a: Uwu|79\/100 brn|[from] brn\n|-damage|p1b: Nya|67\/100 brn|[from] brn\n|upkeep\n|turn|9\n|\n|t:|1681692187\n|move|p2b: Palafin|Protect|p2b: Palafin\n|-singleturn|p2b: Palafin|Protect\n|move|p1a: Uwu|Wave Crash|p2b: Palafin\n|-activate|p2b: Palafin|move: Protect\n|move|p1b: Nya|Pollen Puff|p1a: Uwu\n|-heal|p1a: Uwu|100\/100 brn\n|\n|-damage|p1a: Uwu|95\/100 brn|[from] brn\n|-damage|p1b: Nya|62\/100 brn|[from] brn\n|upkeep\n|turn|10\n|\n|t:|1681692206\n|move|p2b: Palafin|Jet Punch|p1b: Nya\n|-resisted|p1b: Nya\n|-damage|p1b: Nya|41\/100 brn\n|move|p1a: Uwu|Wave Crash|p2b: Palafin\n|-resisted|p2b: Palafin\n|-damage|p2b: Palafin|43\/100\n|-damage|p1a: Uwu|85\/100 brn|[from] Recoil\n|move|p1b: Nya|Spore|p2b: Palafin\n|-status|p2b: Palafin|slp|[from] move: Spore\n|\n|-damage|p1a: Uwu|79\/100 brn|[from] brn\n|-damage|p1b: Nya|35\/100 brn|[from] brn\n|upkeep\n|turn|11\n|\n|t:|1681692220\n|cant|p2b: Palafin|slp\n|move|p1a: Uwu|Wave Crash|p2b: Palafin\n|-resisted|p2b: Palafin\n|-damage|p2b: Palafin|12\/100 slp\n|-damage|p1a: Uwu|68\/100 brn|[from] Recoil\n|move|p1b: Nya|Pollen Puff|p2b: Palafin\n|-damage|p2b: Palafin|0 fnt\n|faint|p2b: Palafin\n|\n|win|DanceOfHearts\n|raw|DanceOfHearts's rating: 1257 → 1276<\/strong> (+19 for winning)\n|raw|OLBAPP!!!!!'s rating: 1165 → 1146<\/strong> (-19 for losing)\n","uploadtime":1681692230,"views":11,"p1id":"danceofhearts","p2id":"olbapp","formatid":"gen9vgc2023regulationc","rating":1146,"private":0,"password":""}