{"id":"gen9vgc2023regulationc-1859172386","p1":"Charlisito","p2":"eelp21","format":"[Gen 9] VGC 2023 Regulation C","log":"|j|\u2606Charlisito\n|j|\u2606eelp21\n|t:|1683413376\n|gametype|doubles\n|player|p1|Charlisito|101|1289\n|player|p2|eelp21|2|1342\n|teamsize|p1|6\n|teamsize|p2|6\n|gen|9\n|tier|[Gen 9] VGC 2023 Regulation C\n|rated|\n|rule|Species Clause: Limit one of each Pok\u00e9mon\n|rule|Item Clause: Limit one of each item\n|clearpoke\n|poke|p1|Bellibolt, L50, F|\n|poke|p1|Palafin, L50, M|\n|poke|p1|Arcanine, L50, M|\n|poke|p1|Amoonguss, L50, M|\n|poke|p1|Flutter Mane, L50|\n|poke|p1|Ting-Lu, L50|\n|poke|p2|Torkoal, L50, F|\n|poke|p2|Lilligant, L50, F|\n|poke|p2|Azumarill, L50, M|\n|poke|p2|Mimikyu, L50, F|\n|poke|p2|Hariyama, L50, F|\n|poke|p2|Kingambit, L50, M|\n|teampreview|4\n|\n|t:|1683413424\n|start\n|switch|p1a: Arcanine|Arcanine, L50, M|100\/100\n|switch|p1b: Palafin|Palafin, L50, M|100\/100\n|switch|p2a: Mimikyu|Mimikyu, L50, F|100\/100\n|switch|p2b: Kingambit|Kingambit, L50, M|100\/100\n|-ability|p1a: Arcanine|Intimidate|boost\n|-unboost|p2a: Mimikyu|atk|1\n|-unboost|p2b: Kingambit|atk|1\n|-ability|p2b: Kingambit|Defiant|boost\n|-boost|p2b: Kingambit|atk|2\n|turn|1\n|\n|t:|1683413452\n|move|p1b: Palafin|Protect|p1b: Palafin\n|-singleturn|p1b: Palafin|Protect\n|move|p1a: Arcanine|Will-O-Wisp|p2b: Kingambit|[miss]\n|-miss|p1a: Arcanine|p2b: Kingambit\n|move|p2b: Kingambit|Kowtow Cleave|p1a: Arcanine\n|-damage|p1a: Arcanine|17\/100\n|move|p2a: Mimikyu|Trick Room|p2a: Mimikyu\n|-fieldstart|move: Trick Room|[of] p2a: Mimikyu\n|\n|upkeep\n|turn|2\n|\n|t:|1683413469\n|detailschange|p1b: Palafin|Palafin-Hero, L50, M\n|switch|p1b: Amoonguss|Amoonguss, L50, M|100\/100\n|move|p1a: Arcanine|Protect|p1a: Arcanine\n|-singleturn|p1a: Arcanine|Protect\n|move|p2b: Kingambit|Kowtow Cleave|p1a: Arcanine\n|-activate|p1a: Arcanine|move: Protect\n|move|p2a: Mimikyu|Curse|p1b: Amoonguss\n|-start|p1b: Amoonguss|Curse|[of] p2a: Mimikyu\n|-damage|p2a: Mimikyu|50\/100\n|\n|-damage|p1b: Amoonguss|76\/100|[from] Curse\n|upkeep\n|turn|3\n|\n|t:|1683413488\n|switch|p1a: Ting-Lu|Ting-Lu, L50|100\/100\n|-ability|p1a: Ting-Lu|Vessel of Ruin\n|move|p2a: Mimikyu|Shadow Sneak|p1a: Ting-Lu\n|-resisted|p1a: Ting-Lu\n|-damage|p1a: Ting-Lu|98\/100\n|move|p1b: Amoonguss|Spore|p2b: Kingambit\n|-status|p2b: Kingambit|slp|[from] move: Spore\n|cant|p2b: Kingambit|slp\n|\n|-heal|p1a: Ting-Lu|100\/100|[from] item: Leftovers\n|-damage|p1b: Amoonguss|51\/100|[from] Curse\n|upkeep\n|turn|4\n|\n|t:|1683413501\n|-terastallize|p2b: Kingambit|Flying\n|move|p1b: Amoonguss|Pollen Puff|p2a: Mimikyu\n|-activate|p2a: Mimikyu|ability: Disguise\n|-damage|p2a: Mimikyu|50\/100\n|detailschange|p2a: Mimikyu|Mimikyu-Busted, L50, F\n|-damage|p2a: Mimikyu|38\/100|[from] pokemon: Mimikyu-Busted\n|cant|p2b: Kingambit|slp\n|move|p1a: Ting-Lu|Heavy Slam|p2a: Mimikyu\n|-supereffective|p2a: Mimikyu\n|-damage|p2a: Mimikyu|0 fnt\n|faint|p2a: Mimikyu\n|\n|-damage|p1b: Amoonguss|26\/100|[from] Curse\n|upkeep\n|-enditem|p1b: Amoonguss|Sitrus Berry|[eat]\n|-heal|p1b: Amoonguss|51\/100|[from] item: Sitrus Berry\n|\n|t:|1683413510\n|switch|p2a: Hariyama|Hariyama, L50, F|100\/100\n|turn|5\n|\n|t:|1683413522\n|switch|p1b: Palafin|Palafin-Hero, L50, M|100\/100\n|-activate|p1b: Palafin|ability: Zero to Hero\n|move|p2a: Hariyama|Fake Out|p1b: Palafin\n|-damage|p1b: Palafin|88\/100\n|-curestatus|p2b: Kingambit|slp|[msg]\n|move|p2b: Kingambit|Tera Blast|p1b: Palafin\n|-damage|p1b: Palafin|20\/100\n|move|p1a: Ting-Lu|Ruination|p2b: Kingambit\n|-damage|p2b: Kingambit|51\/100\n|\n|-fieldend|move: Trick Room\n|-status|p2a: Hariyama|brn|[from] item: Flame Orb\n|upkeep\n|turn|6\n|\n|t:|1683413546\n|switch|p1a: Arcanine|Arcanine, L50, M|17\/100\n|-ability|p1a: Arcanine|Intimidate|boost\n|-unboost|p2a: Hariyama|atk|1\n|-unboost|p2b: Kingambit|atk|1\n|-ability|p2b: Kingambit|Defiant|boost\n|-boost|p2b: Kingambit|atk|2\n|-terastallize|p1b: Palafin|Water\n|move|p1b: Palafin|Jet Punch|p2b: Kingambit\n|-damage|p2b: Kingambit|3\/100\n|move|p2b: Kingambit|Sucker Punch||[still]\n|-fail|p2b: Kingambit\n|move|p2a: Hariyama|Close Combat|p1a: Arcanine\n|-damage|p1a: Arcanine|0 fnt\n|-unboost|p2a: Hariyama|def|1\n|-unboost|p2a: Hariyama|spd|1\n|faint|p1a: Arcanine\n|\n|-damage|p2a: Hariyama|95\/100 brn|[from] brn\n|upkeep\n|\n|t:|1683413550\n|switch|p1a: Amoonguss|Amoonguss, L50, M|84\/100\n|turn|7\n|\n|t:|1683413579\n|switch|p2b: Torkoal|Torkoal, L50, F|100\/100\n|-weather|SunnyDay|[from] ability: Drought|[of] p2b: Torkoal\n|move|p1a: Amoonguss|Rage Powder|p1a: Amoonguss\n|-singleturn|p1a: Amoonguss|move: Rage Powder\n|move|p1b: Palafin|Jet Punch|p2b: Torkoal\n|-supereffective|p2b: Torkoal\n|-damage|p2b: Torkoal|53\/100\n|move|p2a: Hariyama|Close Combat|p1a: Amoonguss\n|-resisted|p1a: Amoonguss\n|-damage|p1a: Amoonguss|58\/100\n|-unboost|p2a: Hariyama|def|1\n|-unboost|p2a: Hariyama|spd|1\n|\n|-weather|SunnyDay|[upkeep]\n|-damage|p2a: Hariyama|89\/100 brn|[from] brn\n|upkeep\n|turn|8\n|\n|t:|1683413597\n|switch|p2a: Kingambit|Kingambit, L50, M, tera:Flying|3\/100\n|switch|p1a: Ting-Lu|Ting-Lu, L50|100\/100\n|-ability|p1a: Ting-Lu|Vessel of Ruin\n|move|p2b: Torkoal|Protect|p2b: Torkoal\n|-singleturn|p2b: Torkoal|Protect\n|move|p1b: Palafin|Wave Crash|p2b: Torkoal\n|-activate|p2b: Torkoal|move: Protect\n|\n|-weather|SunnyDay|[upkeep]\n|upkeep\n|turn|9\n|\n|t:|1683413614\n|move|p1b: Palafin|Protect|p1b: Palafin\n|-singleturn|p1b: Palafin|Protect\n|move|p1a: Ting-Lu|Stomping Tantrum|p2b: Torkoal\n|-supereffective|p2b: Torkoal\n|-damage|p2b: Torkoal|8\/100\n|move|p2a: Kingambit|Iron Head|p1a: Ting-Lu\n|-damage|p1a: Ting-Lu|74\/100\n|move|p2b: Torkoal|Earth Power|p1b: Palafin\n|-activate|p1b: Palafin|move: Protect\n|\n|-weather|SunnyDay|[upkeep]\n|-heal|p1a: Ting-Lu|80\/100|[from] item: Leftovers\n|upkeep\n|turn|10\n|\n|t:|1683413636\n|move|p1b: Palafin|Jet Punch|p2a: Kingambit\n|-damage|p2a: Kingambit|0 fnt\n|faint|p2a: Kingambit\n|move|p1a: Ting-Lu|Stomping Tantrum|p2b: Torkoal\n|-supereffective|p2b: Torkoal\n|-damage|p2b: Torkoal|0 fnt\n|faint|p2b: Torkoal\n|\n|-weather|SunnyDay|[upkeep]\n|-heal|p1a: Ting-Lu|86\/100|[from] item: Leftovers\n|upkeep\n|\n|t:|1683413639\n|switch|p2b: Hariyama|Hariyama, L50, F|89\/100 brn\n|turn|11\n|\n|t:|1683413645\n|move|p1b: Palafin|Protect|p1b: Palafin\n|-singleturn|p1b: Palafin|Protect\n|move|p2b: Hariyama|Fake Out|p1b: Palafin\n|-activate|p1b: Palafin|move: Protect\n|move|p1a: Ting-Lu|Ruination|p2b: Hariyama\n|-damage|p2b: Hariyama|45\/100 brn\n|\n|-weather|none\n|-heal|p1a: Ting-Lu|92\/100|[from] item: Leftovers\n|-damage|p2b: Hariyama|39\/100 brn|[from] brn\n|upkeep\n|turn|12\n|-message|eelp21 forfeited.\n|\n|win|Charlisito\n|raw|Charlisito's rating: 1289 → 1318<\/strong> (+29 for winning)\n|raw|eelp21's rating: 1342 → 1319<\/strong> (-23 for losing)\n|l|\u2606eelp21\n","uploadtime":1683413663,"views":9,"p1id":"charlisito","p2id":"eelp21","formatid":"gen9vgc2023regulationc","rating":1318,"private":0,"password":""}