{"id":"gen9vgc2023regulationc-1856659509","p1":"ggg5t","p2":"Delicia Delight","format":"[Gen 9] VGC 2023 Regulation C","log":"|j|\u2606ggg5t\n|j|\u2606Delicia Delight\n|t:|1683089622\n|gametype|doubles\n|player|p1|ggg5t|266|1104\n|player|p2|Delicia Delight|baker|1050\n|teamsize|p1|6\n|teamsize|p2|6\n|gen|9\n|tier|[Gen 9] VGC 2023 Regulation C\n|rated|\n|rule|Species Clause: Limit one of each Pok\u00e9mon\n|rule|Item Clause: Limit one of each item\n|clearpoke\n|poke|p1|Torkoal, L50, M|\n|poke|p1|Chi-Yu, L50|\n|poke|p1|Bronzong, L50|\n|poke|p1|Gastrodon, L50, M|\n|poke|p1|Grimmsnarl, L50, M|\n|poke|p1|Skeledirge, L50, F|\n|poke|p2|Grimmsnarl, L50, M|\n|poke|p2|Annihilape, L50, M|\n|poke|p2|Dondozo, L50, F|\n|poke|p2|Tatsugiri, L50, M|\n|poke|p2|Flutter Mane, L50|\n|poke|p2|Iron Bundle, L50|\n|teampreview|4\n|inactive|Battle timer is ON: inactive players will automatically lose when time's up. (requested by Delicia Delight)\n|\n|t:|1683089651\n|start\n|switch|p1a: Skeledirge|Skeledirge, L50, F|100\/100\n|switch|p1b: Bronzong|Bronzong, L50|100\/100\n|switch|p2a: Grimmsnarl|Grimmsnarl, L50, M|100\/100\n|switch|p2b: Annihilape|Annihilape, L50, M|100\/100\n|-item|p1a: Skeledirge|Leftovers|[from] ability: Frisk|[of] p2a: Grimmsnarl|[identify]\n|-item|p1b: Bronzong|Kasib Berry|[from] ability: Frisk|[of] p2a: Grimmsnarl|[identify]\n|turn|1\n|\n|t:|1683089670\n|switch|p1b: Grimmsnarl|Grimmsnarl, L50, M|100\/100\n|move|p2b: Annihilape|Rock Slide|p1b: Grimmsnarl|[spread] p1a,p1b\n|-supereffective|p1a: Skeledirge\n|-damage|p1a: Skeledirge|75\/100\n|-damage|p1b: Grimmsnarl|83\/100\n|move|p2a: Grimmsnarl|Spirit Break|p1a: Skeledirge\n|-resisted|p1a: Skeledirge\n|-damage|p1a: Skeledirge|61\/100\n|-unboost|p1a: Skeledirge|spa|1\n|cant|p1a: Skeledirge|flinch\n|\n|-heal|p1a: Skeledirge|67\/100|[from] item: Leftovers\n|upkeep\n|turn|2\n|\n|t:|1683089685\n|move|p1a: Skeledirge|Protect|p1a: Skeledirge\n|-singleturn|p1a: Skeledirge|Protect\n|move|p2a: Grimmsnarl|Sucker Punch||[still]\n|-fail|p2a: Grimmsnarl\n|move|p1b: Grimmsnarl|Trick|p2b: Annihilape\n|-activate|p1b: Grimmsnarl|move: Trick|[of] p2b: Annihilape\n|-item|p2b: Annihilape|Lagging Tail|[from] move: Trick\n|-item|p1b: Grimmsnarl|Choice Scarf|[from] move: Trick\n|move|p2b: Annihilape|Rock Slide|p1a: Skeledirge|[spread] p1b\n|-activate|p1a: Skeledirge|move: Protect\n|-crit|p1b: Grimmsnarl\n|-damage|p1b: Grimmsnarl|53\/100\n|\n|-heal|p1a: Skeledirge|72\/100|[from] item: Leftovers\n|upkeep\n|turn|3\n|inactive|Delicia Delight has 30 seconds left.\n|\n|t:|1683089715\n|-terastallize|p1a: Skeledirge|Fairy\n|move|p1b: Grimmsnarl|Spirit Break|p2b: Annihilape\n|-supereffective|p2b: Annihilape\n|-damage|p2b: Annihilape|28\/100\n|-unboost|p2b: Annihilape|spa|1\n|move|p2a: Grimmsnarl|Spirit Break|p1b: Grimmsnarl\n|-supereffective|p1b: Grimmsnarl\n|-damage|p1b: Grimmsnarl|0 fnt\n|faint|p1b: Grimmsnarl\n|move|p1a: Skeledirge|Tera Blast|p2b: Annihilape\n|-supereffective|p2b: Annihilape\n|-damage|p2b: Annihilape|0 fnt\n|faint|p2b: Annihilape\n|\n|-heal|p1a: Skeledirge|78\/100|[from] item: Leftovers\n|upkeep\n|\n|t:|1683089733\n|switch|p2b: Dondozo|Dondozo, L50, F|100\/100\n|switch|p1b: Bronzong|Bronzong, L50|100\/100\n|turn|4\n|inactive|Delicia Delight has 30 seconds left.\n|inactive|Delicia Delight has 20 seconds left.\n|inactive|Delicia Delight has 15 seconds left.\n|\n|t:|1683089774\n|move|p1a: Skeledirge|Protect|p1a: Skeledirge\n|-singleturn|p1a: Skeledirge|Protect\n|move|p2a: Grimmsnarl|Spirit Break|p1a: Skeledirge\n|-activate|p1a: Skeledirge|move: Protect\n|move|p2b: Dondozo|Wave Crash|p1a: Skeledirge\n|-activate|p1a: Skeledirge|move: Protect\n|move|p1b: Bronzong|Trick Room|p1b: Bronzong\n|-fieldstart|move: Trick Room|[of] p1b: Bronzong\n|\n|-heal|p1a: Skeledirge|84\/100|[from] item: Leftovers\n|upkeep\n|turn|5\n|\n|t:|1683089791\n|switch|p1a: Gastrodon|Gastrodon, L50, M|100\/100\n|move|p2a: Grimmsnarl|Sucker Punch|p1b: Bronzong\n|-supereffective|p1b: Bronzong\n|-damage|p1b: Bronzong|54\/100\n|move|p1b: Bronzong|Iron Head|p2a: Grimmsnarl\n|-supereffective|p2a: Grimmsnarl\n|-damage|p2a: Grimmsnarl|35\/100\n|-enditem|p2a: Grimmsnarl|Weakness Policy\n|-boost|p2a: Grimmsnarl|atk|2|[from] item: Weakness Policy\n|-boost|p2a: Grimmsnarl|spa|2|[from] item: Weakness Policy\n|move|p2b: Dondozo|Wave Crash|p1a: Gastrodon\n|-ability|p1a: Gastrodon|Storm Drain|boost\n|-boost|p1a: Gastrodon|spa|1\n|\n|upkeep\n|turn|6\n|inactive|Delicia Delight has 30 seconds left.\n|inactive|Delicia Delight has 20 seconds left.\n|inactive|Delicia Delight has 15 seconds left.\n|\n|t:|1683089832\n|move|p1a: Gastrodon|Protect|p1a: Gastrodon\n|-singleturn|p1a: Gastrodon|Protect\n|move|p2a: Grimmsnarl|Sucker Punch||[still]\n|-fail|p2a: Grimmsnarl\n|move|p1b: Bronzong|Iron Head|p2a: Grimmsnarl\n|-supereffective|p2a: Grimmsnarl\n|-damage|p2a: Grimmsnarl|0 fnt\n|faint|p2a: Grimmsnarl\n|move|p2b: Dondozo|Wave Crash|p1a: Gastrodon\n|-activate|p1a: Gastrodon|ability: Storm Drain\n|-activate|p1a: Gastrodon|move: Protect\n|\n|upkeep\n|-message|Delicia Delight forfeited.\n|\n|win|ggg5t\n|raw|ggg5t's rating: 1104 → 1125<\/strong> (+21 for winning)\n|raw|Delicia Delight's rating: 1050 → 1035<\/strong> (-15 for losing)\n","uploadtime":1683089848,"views":4,"p1id":"ggg5t","p2id":"deliciadelight","formatid":"gen9vgc2023regulationc","rating":1035,"private":0,"password":""}