{"id":"gen9vgc2023regulationc-1861566239","p1":"RonJohn","p2":"chuu2trainer","format":"[Gen 9] VGC 2023 Regulation C","log":"|j|\u2606RonJohn\n|j|\u2606chuu2trainer\n|t:|1683774113\n|gametype|doubles\n|player|p1|RonJohn|266|1147\n|player|p2|chuu2trainer|marley|1153\n|teamsize|p1|6\n|teamsize|p2|6\n|gen|9\n|tier|[Gen 9] VGC 2023 Regulation C\n|rated|\n|rule|Species Clause: Limit one of each Pok\u00e9mon\n|rule|Item Clause: Limit one of each item\n|clearpoke\n|poke|p1|Flutter Mane, L50|\n|poke|p1|Orthworm, L50, F|\n|poke|p1|Dragonite, L50, M|\n|poke|p1|Amoonguss, L50, F|\n|poke|p1|Gyarados, L50, M|\n|poke|p1|Ting-Lu, L50|\n|poke|p2|Pachirisu, L50, M|\n|poke|p2|Raichu, L50, M|\n|poke|p2|Dedenne, L50, F|\n|poke|p2|Pelipper, L50, F|\n|poke|p2|Vaporeon, L50, M|\n|poke|p2|Meowscarada, L50, F|\n|teampreview|4\nRonJohn has agreed to open team sheets.\n|\n|t:|1683774147\n|start\n|switch|p1a: Ting-Lu|Ting-Lu, L50|100\/100\n|switch|p1b: Orthworm|Orthworm, L50, F|100\/100\n|switch|p2a: Pelipper|Pelipper, L50, F|100\/100\n|switch|p2b: Pachirisu|Pachirisu, L50, M|100\/100\n|-weather|RainDance|[from] ability: Drizzle|[of] p2a: Pelipper\n|-ability|p1a: Ting-Lu|Vessel of Ruin\n|turn|1\n|\n|t:|1683774205\n|-terastallize|p2b: Pachirisu|Flying\n|move|p2b: Pachirisu|Super Fang|p1a: Ting-Lu\n|-damage|p1a: Ting-Lu|51\/100\n|move|p2a: Pelipper|Tailwind|p2a: Pelipper\n|-sidestart|p2: chuu2trainer|move: Tailwind\n|move|p1a: Ting-Lu|Earthquake|p2a: Pelipper|[spread] \n|-immune|p1b: Orthworm|[from] ability: Earth Eater\n|-immune|p2a: Pelipper\n|-immune|p2b: Pachirisu\n|move|p1b: Orthworm|Shed Tail|p1b: Orthworm\n|-start|p1b: Orthworm|Substitute|[from] move: Shed Tail\n|-damage|p1b: Orthworm|50\/100\n|-enditem|p1b: Orthworm|Sitrus Berry|[eat]\n|-heal|p1b: Orthworm|75\/100|[from] item: Sitrus Berry\n|\n|t:|1683774230\n|switch|p1b: Flutter Mane|Flutter Mane, L50|100\/100|[from] Shed Tail\n|\n|-weather|RainDance|[upkeep]\n|upkeep\n|turn|2\n|\n|t:|1683774253\n|switch|p2b: Vaporeon|Vaporeon, L50, M|100\/100\n|-terastallize|p1b: Flutter Mane|Fairy\n|move|p2a: Pelipper|Surf|p1a: Ting-Lu|[spread] p1a,p1b\n|-immune|p2b: Vaporeon|[from] ability: Water Absorb\n|-end|p1b: Flutter Mane|Substitute\n|-supereffective|p1a: Ting-Lu\n|-damage|p1a: Ting-Lu|20\/100\n|move|p1b: Flutter Mane|Dazzling Gleam|p2a: Pelipper|[spread] p2a,p2b\n|-damage|p2a: Pelipper|20\/100\n|-damage|p2b: Vaporeon|62\/100\n|move|p1a: Ting-Lu|Rock Slide|p2a: Pelipper|[spread] p2a,p2b\n|-supereffective|p2a: Pelipper\n|-crit|p2b: Vaporeon\n|-damage|p2a: Pelipper|0 fnt\n|-damage|p2b: Vaporeon|42\/100\n|faint|p2a: Pelipper\n|\n|-weather|RainDance|[upkeep]\n|upkeep\n|\n|t:|1683774275\n|switch|p2a: Raichu|Raichu, L50, M|100\/100\n|turn|3\n|\n|t:|1683774312\n|move|p2a: Raichu|Fake Out|p1b: Flutter Mane\n|-damage|p1b: Flutter Mane|84\/100\n|cant|p1b: Flutter Mane|flinch\n|move|p2b: Vaporeon|Muddy Water|p1b: Flutter Mane|[spread] p1a,p1b\n|-supereffective|p1a: Ting-Lu\n|-damage|p1a: Ting-Lu|0 fnt\n|-damage|p1b: Flutter Mane|44\/100\n|faint|p1a: Ting-Lu\n|-damage|p2b: Vaporeon|33\/100|[from] item: Life Orb\n|\n|-weather|RainDance|[upkeep]\n|upkeep\n|\n|t:|1683774329\n|switch|p1a: Dragonite|Dragonite, L50, M|100\/100\n|turn|4\n|\n|t:|1683774358\n|move|p2a: Raichu|Surf|p1a: Dragonite|[spread] p1a,p1b\n|-heal|p2b: Vaporeon|57\/100|[from] ability: Water Absorb|[of] p2a: Raichu\n|-resisted|p1a: Dragonite\n|-damage|p1a: Dragonite|93\/100\n|-damage|p1b: Flutter Mane|14\/100\n|move|p1b: Flutter Mane|Dazzling Gleam|p2b: Vaporeon|[spread] p2a,p2b\n|-damage|p2a: Raichu|32\/100\n|-damage|p2b: Vaporeon|14\/100\n|move|p2b: Vaporeon|Ice Beam|p1a: Dragonite\n|-supereffective|p1a: Dragonite\n|-damage|p1a: Dragonite|0 fnt\n|faint|p1a: Dragonite\n|-damage|p2b: Vaporeon|5\/100|[from] item: Life Orb\n|\n|-weather|RainDance|[upkeep]\n|-sideend|p2: chuu2trainer|move: Tailwind\n|upkeep\n|\n|t:|1683774372\n|switch|p1a: Orthworm|Orthworm, L50, F|75\/100\n|turn|5\n|\n|t:|1683774395\n|switch|p2a: Pachirisu|Pachirisu, L50, M, tera:Flying|100\/100\n|move|p1b: Flutter Mane|Dazzling Gleam|p2a: Pachirisu|[spread] p2a,p2b\n|-crit|p2a: Pachirisu\n|-damage|p2a: Pachirisu|0 fnt\n|-damage|p2b: Vaporeon|0 fnt\n|faint|p2a: Pachirisu\n|faint|p2b: Vaporeon\n|move|p1a: Orthworm|Heavy Slam|p2: Pachirisu|[notarget]\n|-fail|p1a: Orthworm\n|\n|-weather|RainDance|[upkeep]\n|upkeep\n|\n|t:|1683774407\n|switch|p2a: Raichu|Raichu, L50, M|32\/100\n|turn|6\n|\n|t:|1683774424\n|move|p1b: Flutter Mane|Dazzling Gleam|p2a: Raichu\n|-damage|p2a: Raichu|0 fnt\n|faint|p2a: Raichu\n|\n|win|RonJohn\n|raw|RonJohn's rating: 1147 → 1172<\/strong> (+25 for winning)\n|raw|chuu2trainer's rating: 1153 → 1128<\/strong> (-25 for losing)\n|c|\u2606RonJohn|gg\n|l|\u2606chuu2trainer\n","uploadtime":1683774437,"views":22,"p1id":"ronjohn","p2id":"chuu2trainer","formatid":"gen9vgc2023regulationc","rating":1128,"private":0,"password":""}