{"id":"gen9vgc2023regulationc-1850810268","p1":"N3rdSl4y3r","p2":"5wamp","format":"[Gen 9] VGC 2023 Regulation C","log":"|j|\u2606N3rdSl4y3r\n|j|\u26065wamp\n|t:|1682369987\n|gametype|doubles\n|player|p1|N3rdSl4y3r|rika|\n|player|p2|5wamp|boarder|\n|teamsize|p1|6\n|teamsize|p2|6\n|gen|9\n|tier|[Gen 9] VGC 2023 Regulation C\n|rule|Species Clause: Limit one of each Pok\u00e9mon\n|rule|Item Clause: Limit one of each item\n|clearpoke\n|poke|p1|Breloom, L50, M|\n|poke|p1|Chi-Yu, L50|\n|poke|p1|Azumarill, L50, F|\n|poke|p1|Baxcalibur, L50, F|\n|poke|p1|Flutter Mane, L50|\n|poke|p1|Maushold-Four, L50|\n|poke|p2|Flutter Mane, L50|\n|poke|p2|Arcanine, L50, F|\n|poke|p2|Amoonguss, L50, M|\n|poke|p2|Ting-Lu, L50|\n|poke|p2|Kingambit, L50, F|\n|poke|p2|Palafin, L50, M|\n|teampreview|4\n|inactive|Battle timer is ON: inactive players will automatically lose when time's up. (requested by 5wamp)\n5wamp has agreed to open team sheets.\n|c|\u2606N3rdSl4y3r|glhf!\n|c|\u26065wamp|glhf\nN3rdSl4y3r has agreed to open team sheets.\n|inactiveoff|Battle timer is now OFF.\n|\n|t:|1682370028\n|start\n|switch|p1a: Chi-Nuke|Chi-Yu, L50|100\/100\n|switch|p1b: GOAT|Breloom, L50, M, shiny|100\/100\n|switch|p2a: DOGTOOTH|Arcanine, L50, F|100\/100\n|switch|p2b: SAFARI|Palafin, L50, M, shiny|100\/100\n|-ability|p1a: Chi-Nuke|Beads of Ruin\n|-ability|p2a: DOGTOOTH|Intimidate|boost\n|-unboost|p1a: Chi-Nuke|atk|1\n|-unboost|p1b: GOAT|atk|1\n|turn|1\n|\n|t:|1682370098\n|switch|p1a: Azumarill|Azumarill, L50, F|100\/100\n|move|p2b: SAFARI|Protect|p2b: SAFARI\n|-singleturn|p2b: SAFARI|Protect\n|move|p1b: GOAT|Protect|p1b: GOAT\n|-singleturn|p1b: GOAT|Protect\n|move|p2a: DOGTOOTH|Howl|p2a: DOGTOOTH|[spread] p2a,p2b\n|-boost|p2a: DOGTOOTH|atk|1\n|-boost|p2b: SAFARI|atk|1\n|\n|upkeep\n|turn|2\n|\n|t:|1682370118\n|detailschange|p2b: SAFARI|Palafin-Hero, L50, M, shiny\n|switch|p2b: LUMBERJACK|Kingambit, L50, F|100\/100\n|switch|p1b: Chi-Nuke|Chi-Yu, L50|100\/100\n|-ability|p1b: Chi-Nuke|Beads of Ruin\n|move|p2a: DOGTOOTH|Will-O-Wisp|p1a: Azumarill|[miss]\n|-miss|p2a: DOGTOOTH|p1a: Azumarill\n|move|p1a: Azumarill|Liquidation|p2a: DOGTOOTH\n|-supereffective|p2a: DOGTOOTH\n|-damage|p2a: DOGTOOTH|0 fnt\n|faint|p2a: DOGTOOTH\n|\n|upkeep\n|c|\u26065wamp|the missss\n|c|\u2606N3rdSl4y3r|rip\n|c|\u26065wamp|lmao\n|\n|t:|1682370137\n|switch|p2a: PUPPET|Flutter Mane, L50, shiny|100\/100\n|-enditem|p2a: PUPPET|Booster Energy\n|-activate|p2a: PUPPET|ability: Protosynthesis|[fromitem]\n|-start|p2a: PUPPET|protosynthesisspa\n|turn|3\n|\n|t:|1682370143\n|-terastallize|p2a: PUPPET|Fairy\n|-terastallize|p1b: Chi-Nuke|Fire\n|move|p2a: PUPPET|Moonblast|p1b: Chi-Nuke\n|-resisted|p1b: Chi-Nuke\n|-damage|p1b: Chi-Nuke|53\/100\n|-unboost|p1b: Chi-Nuke|spa|1\n|move|p1b: Chi-Nuke|Heat Wave|p2b: LUMBERJACK|[spread] p2a,p2b\n|-supereffective|p2b: LUMBERJACK\n|-damage|p2a: PUPPET|39\/100\n|-damage|p2b: LUMBERJACK|0 fnt\n|faint|p2b: LUMBERJACK\n|move|p1a: Azumarill|Liquidation|p2a: PUPPET\n|-damage|p2a: PUPPET|0 fnt\n|faint|p2a: PUPPET\n|-end|p2a: PUPPET|Protosynthesis|[silent]\n|\n|upkeep\n|c|\u26065wamp|gg\n|c|\u2606N3rdSl4y3r|gg\n|c|\u26065wamp|i was in a good spot if that hit\n|\n|t:|1682370167\n|switch|p2b: SAFARI|Palafin-Hero, L50, M, shiny|100\/100\n|-activate|p2b: SAFARI|ability: Zero to Hero\n|turn|4\n|c|\u2606N3rdSl4y3r|ye that was a massive miss\n|\n|t:|1682370181\n|switch|p1b: Dollar Store Sword|Baxcalibur, L50, F|100\/100\n|move|p2b: SAFARI|Wave Crash|p1a: Azumarill\n|-resisted|p1a: Azumarill\n|-damage|p1a: Azumarill|53\/100\n|-damage|p2b: SAFARI|85\/100|[from] Recoil\n|move|p1a: Azumarill|Perish Song|p1a: Azumarill\n|-start|p1a: Azumarill|perish3|[silent]\n|-start|p1b: Dollar Store Sword|perish3|[silent]\n|-start|p2b: SAFARI|perish3|[silent]\n|-fieldactivate|move: Perish Song\n|\n|-start|p1b: Dollar Store Sword|perish3\n|-start|p2b: SAFARI|perish3\n|-start|p1a: Azumarill|perish3\n|upkeep\n|turn|5\n|c|\u26065wamp|yeah arc lives and can espeed chi yu\n|c|\u26065wamp|oh well\n|-message|5wamp forfeited.\n|\n|win|N3rdSl4y3r\n|c|\u2606N3rdSl4y3r|gg\n|c|\u26065wamp|g3 lmao?\n|c|\u2606N3rdSl4y3r|I'm down\n|l|\u2606N3rdSl4y3r\n|j|\u2606N3rdSl4y3r\n|player|p1|N3rdSl4y3r|rika\n","uploadtime":1682371156,"views":45,"p1id":"n3rdsl4y3r","p2id":"5wamp","formatid":"gen9vgc2023regulationc","rating":0,"private":0,"password":""}