{"id":"gen9vgc2023regulationc-1859472553","p1":"Tuxmux","p2":"OMGPACHIMARI","format":"[Gen 9] VGC 2023 Regulation C","log":"|j|\u2606Tuxmux\n|j|\u2606OMGPACHIMARI\n|t:|1683472980\n|gametype|doubles\n|player|p1|Tuxmux|dawn-masters3|\n|player|p2|OMGPACHIMARI|norman|\n|teamsize|p1|6\n|teamsize|p2|6\n|gen|9\n|tier|[Gen 9] VGC 2023 Regulation C\n|rule|Species Clause: Limit one of each Pok\u00e9mon\n|rule|Item Clause: Limit one of each item\n|clearpoke\n|poke|p1|Chi-Yu, L50|\n|poke|p1|Gastrodon, L50, M|\n|poke|p1|Gallade, L50, M|\n|poke|p1|Gholdengo, L50|\n|poke|p1|Talonflame, L50, F|\n|poke|p1|Vivillon, L50, M|\n|poke|p2|Indeedee-F, L50, F|\n|poke|p2|Garganacl, L50, F|\n|poke|p2|Muk, L50, F|\n|poke|p2|Abomasnow, L50, M|\n|poke|p2|Gyarados, L50, M|\n|poke|p2|Iron Valiant, L50|\n|teampreview|4\n|inactive|Battle timer is ON: inactive players will automatically lose when time's up. (requested by OMGPACHIMARI)\n|c|\u2606Tuxmux|glhf\n|c|\u2606Tuxmux|timer\n|j| jayballester\nOMGPACHIMARI rejected open team sheets.\n|inactiveoff|Battle timer is now OFF.\n|c|\u2606OMGPACHIMARI|glhf!\n|j| Jstardude\n|c|\u2606OMGPACHIMARI|ig you just miss me a lot don't you tux\n|c|\u2606Tuxmux|fuckin apparently\n|c|\u2606Tuxmux|<3\n|j| LiluziHit\n|c| LiluziHit|penis\n|c|\u2606OMGPACHIMARI|ban him\n|c| jayballester|Mattchu actually managed to put Brught Powder to all his mons\n|c|\u2606Tuxmux|good for him tbh\n|c| LiluziHit|tux losing to 6x bright powder\n|c|\u2606Tuxmux|smart moves\n|c| LiluziHit|world champ diff\n|\n|t:|1683473112\n|start\n|switch|p1a: Vivillon|Vivillon, L50, M|100\/100\n|switch|p1b: Gholdengo|Gholdengo, L50|100\/100\n|switch|p2a: Garganacl|Garganacl, L50, F|100\/100\n|switch|p2b: Iron Valiant|Iron Valiant, L50|100\/100\n|-enditem|p2b: Iron Valiant|Booster Energy\n|-activate|p2b: Iron Valiant|ability: Quark Drive|[fromitem]\n|-start|p2b: Iron Valiant|quarkdriveatk\n|turn|1\n|c|\u2606OMGPACHIMARI|I'm doing wild shit\n|c| jayballester|And we love you for it\n|c|\u2606OMGPACHIMARI|jay is gonna go crazy when he sees this\n|\n|t:|1683473153\n|-terastallize|p2a: Garganacl|Fire\n|move|p2b: Iron Valiant|Protect|p2b: Iron Valiant\n|-singleturn|p2b: Iron Valiant|Protect\n|move|p1a: Vivillon|Rage Powder|p1a: Vivillon\n|-singleturn|p1a: Vivillon|move: Rage Powder\n|move|p1b: Gholdengo|Nasty Plot|p1b: Gholdengo\n|-boost|p1b: Gholdengo|spa|2\n|move|p2a: Garganacl|Salt Cure|p1a: Vivillon\n|-supereffective|p1a: Vivillon\n|-enditem|p1a: Vivillon|Focus Sash\n|-damage|p1a: Vivillon|1\/100\n|-start|p1a: Vivillon|Salt Cure\n|\n|-damage|p1a: Vivillon|0 fnt|[from] Salt Cure\n|faint|p1a: Vivillon\n|upkeep\n|c|\u2606OMGPACHIMARI|crazy in dissappoint\n|\n|t:|1683473165\n|switch|p1a: Chi-Yu|Chi-Yu, L50|100\/100\n|-ability|p1a: Chi-Yu|Beads of Ruin\n|turn|2\n|\n|t:|1683473191\n|move|p1b: Gholdengo|Protect|p1b: Gholdengo\n|-singleturn|p1b: Gholdengo|Protect\n|move|p1a: Chi-Yu|Overheat|p2b: Iron Valiant\n|-damage|p2b: Iron Valiant|0 fnt\n|-unboost|p1a: Chi-Yu|spa|2\n|faint|p2b: Iron Valiant\n|-end|p2b: Iron Valiant|Quark Drive|[silent]\n|move|p2a: Garganacl|Salt Cure|p1b: Gholdengo\n|-activate|p1b: Gholdengo|move: Protect\n|\n|upkeep\n|c|\u2606OMGPACHIMARI|oh you're fast\n|c|\u2606OMGPACHIMARI|F\n|\n|t:|1683473200\n|switch|p2b: Gyarados|Gyarados, L50, M|100\/100\n|-ability|p2b: Gyarados|Intimidate|boost\n|-unboost|p1a: Chi-Yu|atk|1\n|-unboost|p1b: Gholdengo|atk|1\n|turn|3\n|c| jayballester|The fish is super scarf\n|c|\u2606OMGPACHIMARI|!data overheat\n|raw| Overheat<\/a><\/span> <\/span> Power<\/em> 130<\/span> Accuracy<\/em> 90%<\/span> PP<\/em> 8<\/span> Lowers the user's Sp. Atk by 2.<\/span> <\/li> <\/li><\/ul>\n\n|j| riseofkingdomsadd\n|c| riseofkingdomsadd|real fishi\n|c|\u2606OMGPACHIMARI|wait I lost lmao\n|\n|t:|1683473257\n|switch|p1a: Gastrodon|Gastrodon, L50, M|100\/100\n|move|p1b: Gholdengo|Thunderbolt|p2b: Gyarados\n|-supereffective|p2b: Gyarados\n|-damage|p2b: Gyarados|0 fnt\n|faint|p2b: Gyarados\n|move|p2a: Garganacl|Salt Cure|p1b: Gholdengo\n|-resisted|p1b: Gholdengo\n|-damage|p1b: Gholdengo|92\/100\n|-start|p1b: Gholdengo|Salt Cure\n|\n|-damage|p1b: Gholdengo|67\/100|[from] Salt Cure\n|upkeep\n|c| jayballester|Nah not yet\n|\n|t:|1683473267\n|switch|p2b: Abomasnow|Abomasnow, L50, M|100\/100\n|-weather|Snow|[from] ability: Snow Warning|[of] p2b: Abomasnow\n|turn|4\n|c| jayballester|Well maybe\n|c| riseofkingdomsadd|real aboomersnow\n|\n|t:|1683473294\n|-terastallize|p1b: Gholdengo|Flying\n|move|p2a: Garganacl|Wide Guard|p2a: Garganacl\n|-singleturn|p2a: Garganacl|Wide Guard\n|move|p1b: Gholdengo|Make It Rain|p2b: Abomasnow|[spread] \n|-activate|p2a: Garganacl|move: Wide Guard\n|-activate|p2b: Abomasnow|move: Wide Guard\n|move|p2b: Abomasnow|Giga Drain|p1a: Gastrodon\n|-supereffective|p1a: Gastrodon\n|-damage|p1a: Gastrodon|5\/100\n|move|p1a: Gastrodon|Earth Power|p2a: Garganacl\n|-supereffective|p2a: Garganacl\n|-damage|p2a: Garganacl|11\/100\n|\n|-weather|Snow|[upkeep]\n|-heal|p2a: Garganacl|16\/100|[from] item: Leftovers\n|-damage|p1b: Gholdengo|55\/100|[from] Salt Cure\n|upkeep\n|turn|5\n|c|\u2606OMGPACHIMARI|is the real one\n|\n|t:|1683473337\n|move|p1b: Gholdengo|Protect|p1b: Gholdengo\n|-singleturn|p1b: Gholdengo|Protect\n|move|p2a: Garganacl|Protect||[still]\n|-fail|p2a: Garganacl\n|move|p2b: Abomasnow|Giga Drain|p1a: Gastrodon\n|-supereffective|p1a: Gastrodon\n|-damage|p1a: Gastrodon|0 fnt\n|faint|p1a: Gastrodon\n|\n|-weather|Snow|[upkeep]\n|-heal|p2a: Garganacl|22\/100|[from] item: Leftovers\n|-damage|p1b: Gholdengo|42\/100|[from] Salt Cure\n|upkeep\n|\n|t:|1683473344\n|switch|p1a: Chi-Yu|Chi-Yu, L50|100\/100\n|-ability|p1a: Chi-Yu|Beads of Ruin\n|turn|6\n|c| jayballester|Just dodge\n|c| LiluziHit|BRIGHT POWDER IS COMING\n|c| LiluziHit|THE RECKONING IS HERE\n|\n|t:|1683473384\n|move|p2a: Garganacl|Protect|p2a: Garganacl\n|-singleturn|p2a: Garganacl|Protect\n|move|p1a: Chi-Yu|Overheat|p2b: Abomasnow\n|-supereffective|p2b: Abomasnow\n|-enditem|p2b: Abomasnow|Occa Berry|[eat]\n|-enditem|p2b: Abomasnow|Occa Berry|[weaken]\n|-damage|p2b: Abomasnow|0 fnt\n|-unboost|p1a: Chi-Yu|spa|2\n|faint|p2b: Abomasnow\n|move|p1b: Gholdengo|Thunderbolt|p2a: Garganacl\n|-activate|p2a: Garganacl|move: Protect\n|\n|-weather|Snow|[upkeep]\n|-heal|p2a: Garganacl|28\/100|[from] item: Leftovers\n|-damage|p1b: Gholdengo|30\/100|[from] Salt Cure\n|upkeep\n|turn|7\n|c| riseofkingdomsadd|real blizzard and salt cure to win?\n|c| LiluziHit|lmao that occa berry did nothing\n|c| Jstardude|occa berry lol\n|c|\u2606OMGPACHIMARI|big occa\n|c| riseofkingdomsadd|nvm\n|c| LiluziHit|should've just put sash\n|c|\u2606Tuxmux|dude ate his berry and just took it like a champ\n|c| jayballester|Idk if it would've even lived heat wave lmao\n|\n|t:|1683473419\n|move|p1a: Chi-Yu|Overheat|p2a: Garganacl\n|-resisted|p2a: Garganacl\n|-damage|p2a: Garganacl|14\/100\n|-unboost|p1a: Chi-Yu|spa|2\n|move|p1b: Gholdengo|Make It Rain|p2a: Garganacl\n|-resisted|p2a: Garganacl\n|-damage|p2a: Garganacl|0 fnt\n|-unboost|p1b: Gholdengo|spa|1\n|faint|p2a: Garganacl\n|\n|win|Tuxmux\n|c|\u2606Tuxmux|ggs\n|c|\u2606OMGPACHIMARI|wait I might've won\n|c|\u2606OMGPACHIMARI|if I wide guard there\n|c|\u2606OMGPACHIMARI|ggs\n|l| riseofkingdomsadd\n|l| Jstardude\n|l| LiluziHit\n|c|\u2606Tuxmux|mans on his delusion arfc\n|l| jayballester\n|c|\u2606Tuxmux|jkjk\n","uploadtime":1683473430,"views":13,"p1id":"tuxmux","p2id":"omgpachimari","formatid":"gen9vgc2023regulationc","rating":0,"private":0,"password":""}