{"id":"gen9vgc2023regulationc-1857583883","p1":"WOLFIELIL","p2":"leoroop","format":"[Gen 9] VGC 2023 Regulation C","log":"|j|\u2606WOLFIELIL\n|j|\u2606leoroop\n|t:|1683210455\n|gametype|doubles\n|player|p1|WOLFIELIL|170|1327\n|player|p2|leoroop|backpacker|1280\n|teamsize|p1|6\n|teamsize|p2|6\n|gen|9\n|tier|[Gen 9] VGC 2023 Regulation C\n|rated|\n|rule|Species Clause: Limit one of each Pok\u00e9mon\n|rule|Item Clause: Limit one of each item\n|clearpoke\n|poke|p1|Amoonguss, L50, F|\n|poke|p1|Ting-Lu, L50|\n|poke|p1|Baxcalibur, L50, M|\n|poke|p1|Rotom-Wash, L50|\n|poke|p1|Arcanine, L50, F|\n|poke|p1|Gholdengo, L50|\n|poke|p2|Gyarados, L50, F|\n|poke|p2|Amoonguss, L50, F|\n|poke|p2|Kingambit, L50, M|\n|poke|p2|Flutter Mane, L50|\n|poke|p2|Chi-Yu, L50|\n|poke|p2|Baxcalibur, L50, M|\n|teampreview|4\n|\n|t:|1683210541\n|start\n|switch|p1a: Ting-Lu|Ting-Lu, L50|100\/100\n|switch|p1b: Rotom|Rotom-Wash, L50|100\/100\n|switch|p2a: Flutter Mane|Flutter Mane, L50, shiny|100\/100\n|switch|p2b: Chi-Yu|Chi-Yu, L50|100\/100\n|-ability|p2b: Chi-Yu|Beads of Ruin\n|-ability|p1a: Ting-Lu|Vessel of Ruin\n|-enditem|p2a: Flutter Mane|Booster Energy\n|-activate|p2a: Flutter Mane|ability: Protosynthesis|[fromitem]\n|-start|p2a: Flutter Mane|protosynthesisspe\n|turn|1\n|\n|t:|1683210565\n|-terastallize|p2a: Flutter Mane|Fairy\n|-terastallize|p1a: Ting-Lu|Poison\n|move|p2a: Flutter Mane|Moonblast|p1a: Ting-Lu\n|-resisted|p1a: Ting-Lu\n|-damage|p1a: Ting-Lu|87\/100\n|-unboost|p1a: Ting-Lu|spa|1\n|move|p2b: Chi-Yu|Overheat|p1a: Ting-Lu|[miss]\n|-miss|p2b: Chi-Yu|p1a: Ting-Lu\n|move|p1b: Rotom|Hydro Pump|p2b: Chi-Yu\n|-supereffective|p2b: Chi-Yu\n|-damage|p2b: Chi-Yu|29\/100\n|move|p1a: Ting-Lu|Heavy Slam|p2a: Flutter Mane\n|-supereffective|p2a: Flutter Mane\n|-damage|p2a: Flutter Mane|0 fnt\n|faint|p2a: Flutter Mane\n|-end|p2a: Flutter Mane|Protosynthesis|[silent]\n|\n|upkeep\n|\n|t:|1683210582\n|switch|p2a: Baxcalibur|Baxcalibur, L50, M|100\/100\n|turn|2\n|\n|t:|1683210608\n|move|p2b: Chi-Yu|Overheat|p1a: Ting-Lu\n|-damage|p1a: Ting-Lu|53\/100\n|-unboost|p2b: Chi-Yu|spa|2\n|move|p2a: Baxcalibur|Glaive Rush|p1a: Ting-Lu\n|-damage|p1a: Ting-Lu|8\/100\n|-singlemove|p2a: Baxcalibur|Glaive Rush|[silent]\n|move|p1b: Rotom|Hydro Pump|p2a: Baxcalibur\n|-resisted|p2a: Baxcalibur\n|-damage|p2a: Baxcalibur|64\/100\n|move|p1a: Ting-Lu|Earthquake|p2b: Chi-Yu|[spread] p2a,p2b\n|-immune|p1b: Rotom|[from] ability: Levitate\n|-supereffective|p2b: Chi-Yu\n|-crit|p2b: Chi-Yu\n|-damage|p2a: Baxcalibur|12\/100\n|-damage|p2b: Chi-Yu|0 fnt\n|faint|p2b: Chi-Yu\n|\n|upkeep\n|\n|t:|1683210623\n|switch|p2b: Kingambit|Kingambit, L50, M|100\/100\n|turn|3\n|\n|t:|1683210641\n|move|p2a: Baxcalibur|Protect|p2a: Baxcalibur\n|-singleturn|p2a: Baxcalibur|Protect\n|move|p1b: Rotom|Will-O-Wisp|p2b: Kingambit|[miss]\n|-miss|p1b: Rotom|p2b: Kingambit\n|move|p2b: Kingambit|Iron Head|p1a: Ting-Lu\n|-damage|p1a: Ting-Lu|0 fnt\n|faint|p1a: Ting-Lu\n|\n|upkeep\n|\n|t:|1683210649\n|switch|p1a: Baxcalibur|Baxcalibur, L50, M|100\/100\n|turn|4\n|\n|t:|1683210656\n|move|p1a: Baxcalibur|Ice Shard|p2a: Baxcalibur\n|-damage|p2a: Baxcalibur|0 fnt\n|faint|p2a: Baxcalibur\n|move|p1b: Rotom|Will-O-Wisp|p2b: Kingambit\n|-status|p2b: Kingambit|brn\n|move|p2b: Kingambit|Iron Head|p1a: Baxcalibur\n|-supereffective|p1a: Baxcalibur\n|-damage|p1a: Baxcalibur|64\/100\n|\n|-damage|p2b: Kingambit|95\/100 brn|[from] brn\n|upkeep\n|turn|5\n|\n|t:|1683210673\n|move|p1a: Baxcalibur|Protect|p1a: Baxcalibur\n|-singleturn|p1a: Baxcalibur|Protect\n|move|p1b: Rotom|Hydro Pump|p2b: Kingambit|[miss]\n|-miss|p1b: Rotom|p2b: Kingambit\n|move|p2b: Kingambit|Iron Head|p1a: Baxcalibur\n|-activate|p1a: Baxcalibur|move: Protect\n|\n|-damage|p2b: Kingambit|89\/100 brn|[from] brn\n|upkeep\n|turn|6\n|\n|t:|1683210689\n|move|p1a: Baxcalibur|Icicle Spear|p2b: Kingambit\n|-resisted|p2b: Kingambit\n|-damage|p2b: Kingambit|84\/100 brn\n|-resisted|p2b: Kingambit\n|-damage|p2b: Kingambit|79\/100 brn\n|-resisted|p2b: Kingambit\n|-damage|p2b: Kingambit|73\/100 brn\n|-resisted|p2b: Kingambit\n|-damage|p2b: Kingambit|68\/100 brn\n|-hitcount|p2b: Kingambit|4\n|move|p1b: Rotom|Hydro Pump|p2b: Kingambit\n|-damage|p2b: Kingambit|42\/100 brn\n|move|p2b: Kingambit|Iron Head|p1a: Baxcalibur\n|-supereffective|p1a: Baxcalibur\n|-crit|p1a: Baxcalibur\n|-damage|p1a: Baxcalibur|11\/100\n|\n|-damage|p2b: Kingambit|36\/100 brn|[from] brn\n|upkeep\n|turn|7\n|-message|leoroop forfeited.\n|\n|win|WOLFIELIL\n|raw|WOLFIELIL's rating: 1327 → 1344<\/strong> (+17 for winning)\n|raw|leoroop's rating: 1280 → 1258<\/strong> (-22 for losing)\n|l|\u2606leoroop\n|j|\u2606leoroop\n|player|p2|leoroop|backpacker\n|l|\u2606WOLFIELIL\n","uploadtime":1683210715,"views":24,"p1id":"wolfielil","p2id":"leoroop","formatid":"gen9vgc2023regulationc","rating":1258,"private":0,"password":""}