{"id":"gen9vgc2023regulationc-1854941821","p1":"The Penguinari","p2":"matiasordenes","format":"[Gen 9] VGC 2023 Regulation C","log":"|j|\u2606The Penguinari\n|j|\u2606matiasordenes\n|t:|1682883220\n|gametype|doubles\n|player|p1|The Penguinari|grimsley|1311\n|player|p2|matiasordenes|170|1262\n|teamsize|p1|6\n|teamsize|p2|6\n|gen|9\n|tier|[Gen 9] VGC 2023 Regulation C\n|rated|\n|rule|Species Clause: Limit one of each Pok\u00e9mon\n|rule|Item Clause: Limit one of each item\n|clearpoke\n|poke|p1|Iron Bundle, L50|\n|poke|p1|Amoonguss, L50, M|\n|poke|p1|Chi-Yu, L50|\n|poke|p1|Corviknight, L50, F|\n|poke|p1|Flutter Mane, L50|\n|poke|p1|Iron Hands, L50|\n|poke|p2|Chi-Yu, L50|\n|poke|p2|Salamence, L50, M|\n|poke|p2|Flutter Mane, L50|\n|poke|p2|Kingambit, L50, M|\n|poke|p2|Great Tusk, L50|\n|poke|p2|Gastrodon, L50, F|\n|teampreview|4\nThe Penguinari has agreed to open team sheets.\nmatiasordenes has agreed to open team sheets.\n|inactive|Battle timer is ON: inactive players will automatically lose when time's up. (requested by matiasordenes)\n|\n|t:|1682883276\n|start\n|switch|p1a: Iron Hands|Iron Hands, L50|100\/100\n|switch|p1b: Flutter Mane|Flutter Mane, L50|100\/100\n|switch|p2a: Chi-Yu|Chi-Yu, L50|100\/100\n|switch|p2b: Gastrodon|Gastrodon, L50, F|100\/100\n|-ability|p2a: Chi-Yu|Beads of Ruin\n|turn|1\n|inactive|The Penguinari has 30 seconds left.\n|\n|t:|1682883308\n|move|p2a: Chi-Yu|Protect|p2a: Chi-Yu\n|-singleturn|p2a: Chi-Yu|Protect\n|move|p1a: Iron Hands|Fake Out|p2a: Chi-Yu\n|-activate|p2a: Chi-Yu|move: Protect\n|move|p1b: Flutter Mane|Dazzling Gleam|p2b: Gastrodon|[spread] p2b\n|-activate|p2a: Chi-Yu|move: Protect\n|-damage|p2b: Gastrodon|46\/100\n|-enditem|p2b: Gastrodon|Sitrus Berry|[eat]\n|-heal|p2b: Gastrodon|71\/100|[from] item: Sitrus Berry\n|move|p2b: Gastrodon|Chilling Water|p1a: Iron Hands\n|-damage|p1a: Iron Hands|86\/100\n|-unboost|p1a: Iron Hands|atk|1\n|\n|upkeep\n|turn|2\n|\n|t:|1682883333\n|-terastallize|p2a: Chi-Yu|Grass\n|move|p2b: Gastrodon|Protect|p2b: Gastrodon\n|-singleturn|p2b: Gastrodon|Protect\n|move|p2a: Chi-Yu|Snarl|p1a: Iron Hands|[spread] p1a,p1b\n|-resisted|p1a: Iron Hands\n|-damage|p1a: Iron Hands|75\/100\n|-damage|p1b: Flutter Mane|68\/100\n|-unboost|p1a: Iron Hands|spa|1\n|-unboost|p1b: Flutter Mane|spa|1\n|-damage|p2a: Chi-Yu|91\/100|[from] item: Life Orb\n|move|p1b: Flutter Mane|Dazzling Gleam|p2b: Gastrodon|[spread] p2a\n|-activate|p2b: Gastrodon|move: Protect\n|-damage|p2a: Chi-Yu|56\/100\n|move|p1a: Iron Hands|Drain Punch|p2a: Chi-Yu\n|-damage|p2a: Chi-Yu|12\/100\n|-heal|p1a: Iron Hands|87\/100|[from] drain|[of] p2a: Chi-Yu\n|\n|upkeep\n|turn|3\n|\n|t:|1682883354\n|move|p2a: Chi-Yu|Will-O-Wisp|p1a: Iron Hands|[miss]\n|-miss|p2a: Chi-Yu|p1a: Iron Hands\n|move|p1b: Flutter Mane|Dazzling Gleam|p2b: Gastrodon|[spread] p2a,p2b\n|-crit|p2b: Gastrodon\n|-damage|p2a: Chi-Yu|0 fnt\n|-damage|p2b: Gastrodon|0 fnt\n|faint|p2a: Chi-Yu\n|faint|p2b: Gastrodon\n|move|p1a: Iron Hands|Drain Punch|p2: Chi-Yu|[notarget]\n|-fail|p1a: Iron Hands\n|\n|upkeep\n|\n|t:|1682883360\n|switch|p2a: Salamence|Salamence, L50, M|100\/100\n|switch|p2b: Great Tusk|Great Tusk, L50|100\/100\n|-ability|p2a: Salamence|Intimidate|boost\n|-unboost|p1a: Iron Hands|atk|1\n|-unboost|p1b: Flutter Mane|atk|1\n|turn|4\n|\n|t:|1682883374\n|-end|p1a: Iron Hands|Quark Drive|[silent]\n|switch|p1a: Amoonguss|Amoonguss, L50, M|100\/100\n|move|p2a: Salamence|Tailwind|p2a: Salamence\n|-sidestart|p2: matiasordenes|move: Tailwind\n|move|p2b: Great Tusk|Earthquake|p1a: Amoonguss|[spread] p1a,p1b\n|-immune|p2a: Salamence\n|-damage|p1a: Amoonguss|70\/100\n|-damage|p1b: Flutter Mane|13\/100\n|move|p1b: Flutter Mane|Dazzling Gleam|p2a: Salamence|[spread] p2a,p2b\n|-supereffective|p2a: Salamence\n|-supereffective|p2b: Great Tusk\n|-damage|p2a: Salamence|22\/100\n|-damage|p2b: Great Tusk|15\/100\n|\n|upkeep\n|turn|5\n|inactive|The Penguinari has 30 seconds left.\n|inactive|The Penguinari has 20 seconds left.\n|\n|t:|1682883413\n|-terastallize|p1a: Amoonguss|Water\n|move|p2a: Salamence|Air Slash|p1a: Amoonguss\n|-damage|p1a: Amoonguss|43\/100\n|-enditem|p1a: Amoonguss|Sitrus Berry|[eat]\n|-heal|p1a: Amoonguss|67\/100|[from] item: Sitrus Berry\n|move|p2b: Great Tusk|Earthquake|p1b: Flutter Mane|[spread] p1a,p1b\n|-immune|p2a: Salamence\n|-damage|p1a: Amoonguss|37\/100\n|-damage|p1b: Flutter Mane|0 fnt\n|faint|p1b: Flutter Mane\n|-end|p1b: Flutter Mane|Protosynthesis|[silent]\n|move|p1a: Amoonguss|Spore|p2b: Great Tusk\n|-status|p2b: Great Tusk|slp|[from] move: Spore\n|\n|upkeep\n|\n|t:|1682883427\n|switch|p1b: Iron Hands|Iron Hands, L50|87\/100\n|turn|6\n|\n|t:|1682883442\n|move|p2a: Salamence|Draco Meteor|p1a: Amoonguss|[miss]\n|-miss|p2a: Salamence|p1a: Amoonguss\n|cant|p2b: Great Tusk|slp\n|move|p1b: Iron Hands|Wild Charge|p2a: Salamence\n|-damage|p2a: Salamence|0 fnt\n|faint|p2a: Salamence\n|-damage|p1b: Iron Hands|83\/100|[from] Recoil\n|move|p1a: Amoonguss|Pollen Puff|p1b: Iron Hands\n|-heal|p1b: Iron Hands|100\/100\n|\n|upkeep\n|turn|7\n|-message|matiasordenes forfeited.\n|\n|win|The Penguinari\n|raw|The Penguinari's rating: 1311 → 1328<\/strong> (+17 for winning)\n|raw|matiasordenes's rating: 1262 → 1241<\/strong> (-21 for losing)\n|l|\u2606matiasordenes\n","uploadtime":1682883459,"views":9,"p1id":"thepenguinari","p2id":"matiasordenes","formatid":"gen9vgc2023regulationc","rating":1241,"private":0,"password":""}