{"id":"gen9vgc2023regulationc-1856887190","p1":"TwitchTVCMBZ","p2":"Topperlecat","format":"[Gen 9] VGC 2023 Regulation C","log":"|j|\u2606TwitchTVCMBZ\n|j|\u2606Topperlecat\n|t:|1683122880\n|gametype|doubles\n|player|p1|TwitchTVCMBZ|ghetsis|1161\n|player|p2|Topperlecat|n|1138\n|teamsize|p1|4\n|teamsize|p2|6\n|gen|9\n|tier|[Gen 9] VGC 2023 Regulation C\n|rated|\n|rule|Species Clause: Limit one of each Pok\u00e9mon\n|rule|Item Clause: Limit one of each item\n|clearpoke\n|poke|p1|Wo-Chien, L50|\n|poke|p1|Garganacl, L50, F|\n|poke|p1|Gyarados, L50, F|\n|poke|p1|Drifblim, L50, M|\n|poke|p2|Volcarona, L50, M|\n|poke|p2|Gastrodon, L50, M|\n|poke|p2|Corviknight, L50, M|\n|poke|p2|Iron Bundle, L50|\n|poke|p2|Indeedee-F, L50, F|\n|poke|p2|Flutter Mane, L50|\n|teampreview|4\n|\n|t:|1683122924\n|start\n|switch|p1a: Garganacl|Garganacl, L50, F|100\/100\n|switch|p1b: Wo-Chien|Wo-Chien, L50|100\/100\n|switch|p2a: the biggest bird|Corviknight, L50, M|100\/100\n|switch|p2b: weezer|Flutter Mane, L50|100\/100\n|-ability|p1b: Wo-Chien|Tablets of Ruin\n|-enditem|p2b: weezer|Booster Energy\n|-activate|p2b: weezer|ability: Protosynthesis|[fromitem]\n|-start|p2b: weezer|protosynthesisspa\n|turn|1\n|\n|t:|1683122960\n|-terastallize|p1b: Wo-Chien|Fire\n|move|p2b: weezer|Moonblast|p1b: Wo-Chien\n|-resisted|p1b: Wo-Chien\n|-damage|p1b: Wo-Chien|83\/100\n|move|p1b: Wo-Chien|Snarl|p2b: weezer|[spread] p2a,p2b\n|-damage|p2a: the biggest bird|88\/100\n|-damage|p2b: weezer|91\/100\n|-ability|p2a: the biggest bird|Mirror Armor\n|-unboost|p1b: Wo-Chien|spa|1\n|-unboost|p2b: weezer|spa|1\n|move|p2a: the biggest bird|Bulk Up|p2a: the biggest bird\n|-boost|p2a: the biggest bird|atk|1\n|-boost|p2a: the biggest bird|def|1\n|move|p1a: Garganacl|Salt Cure|p2a: the biggest bird\n|-damage|p2a: the biggest bird|83\/100\n|-start|p2a: the biggest bird|Salt Cure\n|\n|-damage|p2a: the biggest bird|59\/100|[from] Salt Cure\n|upkeep\n|turn|2\n|\n|t:|1683123007\n|-end|p2b: weezer|Protosynthesis|[silent]\n|switch|p2b: brbrbrbrbr|Gastrodon, L50, M|100\/100\n|switch|p1a: Gyarados|Gyarados, L50, F|100\/100\n|-ability|p1a: Gyarados|Intimidate|boost\n|-ability|p2a: the biggest bird|Mirror Armor\n|-fail|p1a: Gyarados|unboost|[from] item: Clear Amulet|[of] p1a: Gyarados\n|-unboost|p2b: brbrbrbrbr|atk|1\n|move|p1b: Wo-Chien|Substitute|p1b: Wo-Chien\n|-start|p1b: Wo-Chien|Substitute\n|-damage|p1b: Wo-Chien|58\/100\n|move|p2a: the biggest bird|Iron Head|p1a: Gyarados\n|-resisted|p1a: Gyarados\n|-damage|p1a: Gyarados|84\/100\n|\n|-damage|p2a: the biggest bird|34\/100|[from] Salt Cure\n|upkeep\n|turn|3\n|\n|t:|1683123048\n|move|p1a: Gyarados|Dragon Dance|p1a: Gyarados\n|-boost|p1a: Gyarados|atk|1\n|-boost|p1a: Gyarados|spe|1\n|move|p1b: Wo-Chien|Leech Seed|p2b: brbrbrbrbr\n|-start|p2b: brbrbrbrbr|move: Leech Seed\n|move|p2a: the biggest bird|Brave Bird|p1a: Gyarados\n|-damage|p1a: Gyarados|36\/100\n|-damage|p2a: the biggest bird|18\/100|[from] Recoil\n|move|p2b: brbrbrbrbr|Earth Power|p1b: Wo-Chien\n|-supereffective|p1b: Wo-Chien\n|-end|p1b: Wo-Chien|Substitute\n|\n|-damage|p2b: brbrbrbrbr|88\/100|[from] Leech Seed|[of] p1b: Wo-Chien\n|-heal|p1b: Wo-Chien|72\/100|[silent]\n|-damage|p2a: the biggest bird|0 fnt|[from] Salt Cure\n|faint|p2a: the biggest bird\n|upkeep\n|\n|t:|1683123058\n|switch|p2a: happy feet|Iron Bundle, L50|100\/100\n|turn|4\n|\n|t:|1683123087\n|switch|p2b: weezer|Flutter Mane, L50|91\/100\n|move|p2a: happy feet|Hydro Pump|p1b: Wo-Chien\n|-supereffective|p1b: Wo-Chien\n|-damage|p1b: Wo-Chien|5\/100\n|-enditem|p1b: Wo-Chien|Sitrus Berry|[eat]\n|-heal|p1b: Wo-Chien|30\/100|[from] item: Sitrus Berry\n|move|p1a: Gyarados|Thunder Wave|p2a: happy feet\n|-status|p2a: happy feet|par\n|move|p1b: Wo-Chien|Snarl|p2b: weezer|[spread] p2a,p2b\n|-damage|p2a: happy feet|84\/100 par\n|-damage|p2b: weezer|81\/100\n|-unboost|p2a: happy feet|spa|1\n|-unboost|p2b: weezer|spa|1\n|\n|upkeep\n|turn|5\n|\n|t:|1683123116\n|switch|p1b: Garganacl|Garganacl, L50, F|100\/100\n|move|p2b: weezer|Moonblast|p1a: Gyarados\n|-damage|p1a: Gyarados|7\/100\n|move|p1a: Gyarados|Waterfall|p2b: weezer\n|-damage|p2b: weezer|0 fnt\n|faint|p2b: weezer\n|-end|p2b: weezer|Protosynthesis|[silent]\n|move|p2a: happy feet|Hydro Pump|p1b: Garganacl\n|-supereffective|p1b: Garganacl\n|-damage|p1b: Garganacl|31\/100\n|\n|-heal|p1b: Garganacl|37\/100|[from] item: Leftovers\n|upkeep\n|\n|t:|1683123125\n|switch|p2b: brbrbrbrbr|Gastrodon, L50, M|88\/100\n|turn|6\n|\n|t:|1683123157\n|switch|p1a: Wo-Chien|Wo-Chien, L50, tera:Fire|30\/100\n|-ability|p1a: Wo-Chien|Tablets of Ruin\n|move|p2a: happy feet|Hydro Pump|p2b: brbrbrbrbr\n|-activate|p2b: brbrbrbrbr|ability: Storm Drain\n|-ability|p2b: brbrbrbrbr|Storm Drain|boost\n|-boost|p2b: brbrbrbrbr|spa|1\n|move|p2b: brbrbrbrbr|Ice Beam|p1a: Wo-Chien\n|-resisted|p1a: Wo-Chien\n|-damage|p1a: Wo-Chien|22\/100\n|move|p1b: Garganacl|Recover|p1b: Garganacl\n|-heal|p1b: Garganacl|87\/100\n|\n|-heal|p1b: Garganacl|93\/100|[from] item: Leftovers\n|upkeep\n|turn|7\n|\n|t:|1683123181\n|switch|p1a: Drifblim|Drifblim, L50, M|100\/100\n|move|p2a: happy feet|Encore|p1b: Garganacl\n|-start|p1b: Garganacl|Encore\n|move|p2b: brbrbrbrbr|Earth Power|p1a: Drifblim\n|-immune|p1a: Drifblim\n|move|p1b: Garganacl|Recover|p1b: Garganacl\n|-heal|p1b: Garganacl|100\/100\n|\n|upkeep\n|turn|8\n|\n|t:|1683123204\n|move|p2a: happy feet|Freeze-Dry|p1a: Drifblim\n|-supereffective|p1a: Drifblim\n|-damage|p1a: Drifblim|65\/100\n|move|p1a: Drifblim|Shadow Ball|p2a: happy feet\n|-damage|p2a: happy feet|29\/100 par\n|-unboost|p2a: happy feet|spd|1\n|move|p2b: brbrbrbrbr|Earth Power|p1b: Garganacl\n|-supereffective|p1b: Garganacl\n|-damage|p1b: Garganacl|11\/100\n|move|p1b: Garganacl|Recover|p1b: Garganacl\n|-heal|p1b: Garganacl|61\/100\n|\n|-heal|p1b: Garganacl|67\/100|[from] item: Leftovers\n|upkeep\n|turn|9\n|\n|t:|1683123233\n|switch|p1b: Gyarados|Gyarados, L50, F|7\/100\n|-ability|p1b: Gyarados|Intimidate|boost\n|-unboost|p2a: happy feet|atk|1\n|-unboost|p2b: brbrbrbrbr|atk|1\n|cant|p2a: happy feet|par\n|move|p1a: Drifblim|Shadow Ball|p2a: happy feet\n|-damage|p2a: happy feet|0 fnt\n|faint|p2a: happy feet\n|-end|p2a: happy feet|Quark Drive|[silent]\n|move|p2b: brbrbrbrbr|Ice Beam|p1a: Drifblim\n|-supereffective|p1a: Drifblim\n|-damage|p1a: Drifblim|16\/100\n|-status|p1a: Drifblim|frz\n|\n|upkeep\n|turn|10\n|\n|t:|1683123274\n|switch|p1b: Garganacl|Garganacl, L50, F|67\/100\n|cant|p1a: Drifblim|frz\n|move|p2b: brbrbrbrbr|Earth Power|p1a: Drifblim\n|-immune|p1a: Drifblim\n|\n|-heal|p1b: Garganacl|72\/100|[from] item: Leftovers\n|upkeep\n|turn|11\n|\n|t:|1683123298\n|-terastallize|p2b: brbrbrbrbr|Fire\n|cant|p1a: Drifblim|frz\n|move|p2b: brbrbrbrbr|Earth Power|p1b: Garganacl\n|-supereffective|p1b: Garganacl\n|-damage|p1b: Garganacl|0 fnt\n|faint|p1b: Garganacl\n|\n|upkeep\n|\n|t:|1683123306\n|switch|p1b: Gyarados|Gyarados, L50, F|7\/100\n|-ability|p1b: Gyarados|Intimidate|boost\n|-unboost|p2b: brbrbrbrbr|atk|1\n|turn|12\n|c|\u2606TwitchTVCMBZ|I think u got me\n|c|\u2606TwitchTVCMBZ|gg\n|-message|TwitchTVCMBZ forfeited.\n|\n|win|Topperlecat\n|raw|TwitchTVCMBZ's rating: 1161 → 1134<\/strong> (-27 for losing)\n|raw|Topperlecat's rating: 1138 → 1165<\/strong> (+27 for winning)\n|l|\u2606TwitchTVCMBZ\n","uploadtime":1683123331,"views":17,"p1id":"twitchtvcmbz","p2id":"topperlecat","formatid":"gen9vgc2023regulationc","rating":1134,"private":0,"password":""}