{"id":"gen9vgc2023regulationc-1849017001","p1":"Idk544","p2":"J.HARA","format":"[Gen 9] VGC 2023 Regulation C","log":"|j|\u2606Idk544\n|j|\u2606J.HARA\n|t:|1682139570\n|gametype|doubles\n|player|p1|Idk544|silver|1317\n|player|p2|J.HARA|169|1518\n|teamsize|p1|6\n|teamsize|p2|6\n|gen|9\n|tier|[Gen 9] VGC 2023 Regulation C\n|rated|\n|rule|Species Clause: Limit one of each Pok\u00e9mon\n|rule|Item Clause: Limit one of each item\n|clearpoke\n|poke|p1|Amoonguss, L50, F|\n|poke|p1|Talonflame, L50, M|\n|poke|p1|Florges, L50, F|\n|poke|p1|Flutter Mane, L50|\n|poke|p1|Great Tusk, L50|\n|poke|p1|Kingambit, L50, M|\n|poke|p2|Tatsugiri, L50, M|\n|poke|p2|Dondozo, L50, M|\n|poke|p2|Flutter Mane, L50|\n|poke|p2|Chi-Yu, L50|\n|poke|p2|Amoonguss, L50, F|\n|poke|p2|Dragonite, L50, F|\n|teampreview|4\nIdk544 has agreed to open team sheets.\n|\n|t:|1682139637\n|start\n|switch|p1a: Florges|Florges, L50, F|100\/100\n|switch|p1b: Flutter Mane|Flutter Mane, L50|100\/100\n|switch|p2a: Dondozo|Dondozo, L50, M|100\/100\n|switch|p2b: Dragonite|Dragonite, L50, F|100\/100\n|-enditem|p1b: Flutter Mane|Booster Energy\n|-activate|p1a: Florges|ability: Symbiosis|Life Orb|[of] p1b: Flutter Mane\n|-activate|p1b: Flutter Mane|ability: Protosynthesis|[fromitem]\n|-start|p1b: Flutter Mane|protosynthesisspa\n|turn|1\n|\n|t:|1682139678\n|switch|p2b: Tatsugiri|Tatsugiri, L50, M|100\/100\n|-activate|p2b: Tatsugiri|ability: Commander|[of] p2a: Dondozo\n|-boost|p2a: Dondozo|atk|2\n|-boost|p2a: Dondozo|spa|2\n|-boost|p2a: Dondozo|spe|2\n|-boost|p2a: Dondozo|def|2\n|-boost|p2a: Dondozo|spd|2\n|-terastallize|p1b: Flutter Mane|Fairy\n|-terastallize|p2a: Dondozo|Ground\n|move|p1a: Florges|Helping Hand|p1b: Flutter Mane\n|-singleturn|p1b: Flutter Mane|Helping Hand|[of] p1a: Florges\n|move|p2a: Dondozo|Earthquake|p1b: Flutter Mane|[spread] p1a,p1b\n|-miss|p2a: Dondozo|p2b: Tatsugiri\n|-damage|p1a: Florges|29\/100\n|-damage|p1b: Flutter Mane|0 fnt\n|faint|p1b: Flutter Mane\n|-end|p1b: Flutter Mane|Protosynthesis|[silent]\n|-damage|p2a: Dondozo|91\/100|[from] item: Life Orb\n|\n|upkeep\n|\n|t:|1682139703\n|switch|p1b: Talonflame|Talonflame, L50, M|100\/100\n|turn|2\n|\n|t:|1682139711\n|move|p1b: Talonflame|Tailwind|p1b: Talonflame\n|-sidestart|p1: Idk544|move: Tailwind\n|move|p2a: Dondozo|Rock Slide|p1a: Florges|[spread] p1a,p1b\n|-supereffective|p1b: Talonflame\n|-damage|p1a: Florges|0 fnt\n|-damage|p1b: Talonflame|0 fnt\n|faint|p1a: Florges\n|faint|p1b: Talonflame\n|-damage|p2a: Dondozo|81\/100|[from] item: Life Orb\n|\n|upkeep\n|\n|t:|1682139723\n|switch|p1b: Great Tusk|Great Tusk, L50|100\/100\n|turn|3\n|\n|t:|1682139732\n|move|p1b: Great Tusk|Headlong Rush|p2a: Dondozo\n|-damage|p2a: Dondozo|58\/100\n|-unboost|p1b: Great Tusk|def|1\n|-unboost|p1b: Great Tusk|spd|1\n|move|p2a: Dondozo|Wave Crash|p1b: Great Tusk\n|-supereffective|p1b: Great Tusk\n|-crit|p1b: Great Tusk\n|-enditem|p1b: Great Tusk|Focus Sash\n|-damage|p1b: Great Tusk|1\/100\n|-damage|p2a: Dondozo|31\/100|[from] Recoil\n|-damage|p2a: Dondozo|21\/100|[from] item: Life Orb\n|\n|upkeep\n|turn|4\n|\n|t:|1682139747\n|move|p1b: Great Tusk|Headlong Rush|p2a: Dondozo\n|-damage|p2a: Dondozo|0 fnt\n|-unboost|p1b: Great Tusk|def|1\n|-unboost|p1b: Great Tusk|spd|1\n|faint|p2a: Dondozo\n|\n|upkeep\n|\n|t:|1682139750\n|switch|p2a: Dragonite|Dragonite, L50, F|100\/100\n|turn|5\n|\n|t:|1682139761\n|move|p2a: Dragonite|Extreme Speed|p1b: Great Tusk\n|-damage|p1b: Great Tusk|0 fnt\n|faint|p1b: Great Tusk\n|-end|p1b: Great Tusk|Protosynthesis|[silent]\n|\n|win|J.HARA\n|raw|Idk544's rating: 1317 → 1307<\/strong> (-10 for losing)\n|raw|J.HARA's rating: 1518 → 1528<\/strong> (+10 for winning)\n","uploadtime":1682139768,"views":11,"p1id":"idk544","p2id":"jhara","formatid":"gen9vgc2023regulationc","rating":1307,"private":0,"password":""}