{"id":"gen9vgc2023regulationc-1861377677","p1":"Remus345","p2":"RazorSquid","format":"[Gen 9] VGC 2023 Regulation C","log":"|j|\u2606Remus345\n|j|\u2606RazorSquid\n|t:|1683751194\n|gametype|doubles\n|player|p1|Remus345|brawly|1083\n|player|p2|RazorSquid|roughneck-gen4|1162\n|teamsize|p1|6\n|teamsize|p2|6\n|gen|9\n|tier|[Gen 9] VGC 2023 Regulation C\n|rated|\n|rule|Species Clause: Limit one of each Pok\u00e9mon\n|rule|Item Clause: Limit one of each item\n|clearpoke\n|poke|p1|Annihilape, L50, M|\n|poke|p1|Sneasel, L50, F|\n|poke|p1|Flutter Mane, L50|\n|poke|p1|Grimmsnarl, L50, M|\n|poke|p1|Amoonguss, L50, M|\n|poke|p1|Arcanine, L50, M|\n|poke|p2|Muk, L50, M|\n|poke|p2|Tyranitar, L50, F|\n|poke|p2|Lycanroc, L50, M|\n|poke|p2|Flutter Mane, L50|\n|poke|p2|Amoonguss, L50, F|\n|poke|p2|Gyarados, L50, M|\n|teampreview|4\n|inactive|Battle timer is ON: inactive players will automatically lose when time's up. (requested by RazorSquid)\n|\n|t:|1683751209\n|start\n|switch|p1a: ThankYouSir|Annihilape, L50, M, shiny|100\/100\n|switch|p1b: Puck|Sneasel, L50, F, shiny|100\/100\n|switch|p2a: Tyranitar|Tyranitar, L50, F|100\/100\n|switch|p2b: Lycanroc|Lycanroc, L50, M|100\/100\n|-weather|Sandstorm|[from] ability: Sand Stream|[of] p2a: Tyranitar\n|turn|1\n|\n|t:|1683751227\n|move|p2b: Lycanroc|Protect|p2b: Lycanroc\n|-singleturn|p2b: Lycanroc|Protect\n|move|p1a: ThankYouSir|Protect|p1a: ThankYouSir\n|-singleturn|p1a: ThankYouSir|Protect\n|move|p1b: Puck|Icy Wind|p2b: Lycanroc|[spread] p2a\n|-activate|p2b: Lycanroc|move: Protect\n|-damage|p2a: Tyranitar|97\/100\n|-unboost|p2a: Tyranitar|spe|1\n|move|p2a: Tyranitar|Low Kick|p1b: Puck\n|-supereffective|p1b: Puck\n|-enditem|p1b: Puck|Focus Sash\n|-damage|p1b: Puck|1\/100\n|\n|-weather|Sandstorm|[upkeep]\n|-damage|p1b: Puck|0 fnt|[from] Sandstorm\n|-damage|p1a: ThankYouSir|95\/100|[from] Sandstorm\n|faint|p1b: Puck\n|upkeep\n|\n|t:|1683751242\n|switch|p1b: Paincient|Flutter Mane, L50, shiny|100\/100\n|-enditem|p1b: Paincient|Booster Energy\n|-activate|p1b: Paincient|ability: Protosynthesis|[fromitem]\n|-start|p1b: Paincient|protosynthesisspe\n|turn|2\n|\n|t:|1683751256\n|-terastallize|p2a: Tyranitar|Flying\n|move|p2b: Lycanroc|Protect|p2b: Lycanroc\n|-singleturn|p2b: Lycanroc|Protect\n|move|p1b: Paincient|Dazzling Gleam|p2b: Lycanroc|[spread] p2a\n|-activate|p2b: Lycanroc|move: Protect\n|-damage|p2a: Tyranitar|78\/100\n|move|p1a: ThankYouSir|Close Combat|p2a: Tyranitar\n|-resisted|p2a: Tyranitar\n|-damage|p2a: Tyranitar|54\/100\n|-unboost|p1a: ThankYouSir|def|1\n|-unboost|p1a: ThankYouSir|spd|1\n|move|p2a: Tyranitar|Tera Blast|p1a: ThankYouSir\n|-supereffective|p1a: ThankYouSir\n|-damage|p1a: ThankYouSir|0 fnt\n|faint|p1a: ThankYouSir\n|\n|-weather|Sandstorm|[upkeep]\n|-damage|p1b: Paincient|94\/100|[from] Sandstorm\n|-damage|p2a: Tyranitar|48\/100|[from] Sandstorm\n|upkeep\n|\n|t:|1683751270\n|switch|p1a: Bye Incin!|Arcanine, L50, M|100\/100\n|-ability|p1a: Bye Incin!|Intimidate|boost\n|-unboost|p2a: Tyranitar|atk|1\n|-unboost|p2b: Lycanroc|atk|1\n|turn|3\n|inactive|RazorSquid has 30 seconds left.\n|inactive|RazorSquid has 20 seconds left.\n|\n|t:|1683751309\n|-terastallize|p1b: Paincient|Fairy\n|move|p2b: Lycanroc|Rock Slide|p1a: Bye Incin!|[spread] p1a\n|-miss|p2b: Lycanroc|p1b: Paincient\n|-supereffective|p1a: Bye Incin!\n|-damage|p1a: Bye Incin!|57\/100\n|move|p1b: Paincient|Dazzling Gleam|p2a: Tyranitar|[spread] p2a,p2b\n|-damage|p2a: Tyranitar|19\/100\n|-damage|p2b: Lycanroc|53\/100\n|move|p1a: Bye Incin!|Close Combat|p2b: Lycanroc\n|-supereffective|p2b: Lycanroc\n|-damage|p2b: Lycanroc|0 fnt\n|-unboost|p1a: Bye Incin!|def|1\n|-unboost|p1a: Bye Incin!|spd|1\n|faint|p2b: Lycanroc\n|move|p2a: Tyranitar|Rock Slide|p1b: Paincient|[spread] p1b\n|-miss|p2a: Tyranitar|p1a: Bye Incin!\n|-damage|p1b: Paincient|43\/100\n|\n|-weather|Sandstorm|[upkeep]\n|-damage|p1b: Paincient|37\/100|[from] Sandstorm\n|-damage|p1a: Bye Incin!|51\/100|[from] Sandstorm\n|-damage|p2a: Tyranitar|13\/100|[from] Sandstorm\n|upkeep\n|\n|t:|1683751319\n|switch|p2b: Gyarados|Gyarados, L50, M, shiny|100\/100\n|-ability|p2b: Gyarados|Intimidate|boost\n|-unboost|p1a: Bye Incin!|atk|1\n|-unboost|p1b: Paincient|atk|1\n|turn|4\n|\n|t:|1683751327\n|move|p1a: Bye Incin!|Extreme Speed|p2a: Tyranitar\n|-damage|p2a: Tyranitar|0 fnt\n|faint|p2a: Tyranitar\n|move|p1b: Paincient|Shadow Ball|p2b: Gyarados\n|-damage|p2b: Gyarados|57\/100\n|-unboost|p2b: Gyarados|spd|1\n|move|p2b: Gyarados|Waterfall|p1a: Bye Incin!\n|-supereffective|p1a: Bye Incin!\n|-damage|p1a: Bye Incin!|0 fnt\n|faint|p1a: Bye Incin!\n|\n|-weather|Sandstorm|[upkeep]\n|-damage|p1b: Paincient|30\/100|[from] Sandstorm\n|upkeep\n|\n|t:|1683751330\n|switch|p2a: Flutter Mane|Flutter Mane, L50|100\/100\n|turn|5\n|\n|t:|1683751340\n|move|p1b: Paincient|Shadow Ball|p2a: Flutter Mane\n|-supereffective|p2a: Flutter Mane\n|-damage|p2a: Flutter Mane|4\/100\n|move|p2a: Flutter Mane|Moonblast|p1b: Paincient\n|-damage|p1b: Paincient|0 fnt\n|faint|p1b: Paincient\n|-end|p1b: Paincient|Protosynthesis|[silent]\n|\n|win|RazorSquid\n|raw|Remus345's rating: 1083 → 1066<\/strong> (-17 for losing)\n|raw|RazorSquid's rating: 1162 → 1181<\/strong> (+19 for winning)\n|l|\u2606Remus345\n","uploadtime":1683751351,"views":11,"p1id":"remus345","p2id":"razorsquid","formatid":"gen9vgc2023regulationc","rating":1066,"private":0,"password":""}