{"id":"gen9vgc2023regulationc-1854927696","p1":"DJsnor","p2":"Publio Tolomeo","format":"[Gen 9] VGC 2023 Regulation C","log":"|j|\u2606DJsnor\n|j|\u2606Publio Tolomeo\n|t:|1682881675\n|gametype|doubles\n|player|p1|DJsnor|benga|1139\n|player|p2|Publio Tolomeo|ghetsis-gen5bw|1152\n|teamsize|p1|6\n|teamsize|p2|6\n|gen|9\n|tier|[Gen 9] VGC 2023 Regulation C\n|rated|\n|rule|Species Clause: Limit one of each Pok\u00e9mon\n|rule|Item Clause: Limit one of each item\n|clearpoke\n|poke|p1|Arcanine, L50, F|\n|poke|p1|Amoonguss, L50, M|\n|poke|p1|Noivern, L50, F|\n|poke|p1|Polteageist, L50|\n|poke|p1|Azumarill, L50, F|\n|poke|p1|Iron Hands, L50|\n|poke|p2|Chien-Pao, L50|\n|poke|p2|Annihilape, L50, F|\n|poke|p2|Great Tusk, L50|\n|poke|p2|Drednaw, L50, M|\n|poke|p2|Orthworm, L50, M|\n|poke|p2|Murkrow, L50, F|\n|teampreview|4\n|\n|t:|1682881717\n|start\n|switch|p1a: Arcanine|Arcanine, L50, F, shiny|100\/100\n|switch|p1b: Noivern|Noivern, L50, F, shiny|100\/100\n|switch|p2a: Drednaw|Drednaw, L50, M|100\/100\n|switch|p2b: Chien-Pao|Chien-Pao, L50|100\/100\n|-ability|p2b: Chien-Pao|Sword of Ruin\n|-item|p2b: Chien-Pao|Air Balloon\n|-item|p2a: Drednaw|White Herb|[from] ability: Frisk|[of] p1b: Noivern|[identify]\n|-item|p2b: Chien-Pao|Air Balloon|[from] ability: Frisk|[of] p1b: Noivern|[identify]\n|-ability|p1a: Arcanine|Intimidate|boost\n|-unboost|p2a: Drednaw|atk|1\n|-unboost|p2b: Chien-Pao|atk|1\n|-enditem|p2a: Drednaw|White Herb\n|-clearnegativeboost|p2a: Drednaw|[silent]\n|turn|1\n|l|\u2606DJsnor\n|player|p1|\n|j|\u2606DJsnor\n|player|p1|DJsnor|benga\n|\n|t:|1682881769\n|switch|p1a: Polteageist|Polteageist, L50, shiny|100\/100\n|-terastallize|p1b: Noivern|Normal\n|move|p2b: Chien-Pao|Ice Spinner|p1b: Noivern\n|-damage|p1b: Noivern|57\/100\n|move|p1b: Noivern|Boomburst|p2a: Drednaw|[spread] p2a,p2b\n|-immune|p1a: Polteageist\n|-resisted|p2a: Drednaw\n|-damage|p2a: Drednaw|69\/100\n|-damage|p2b: Chien-Pao|25\/100\n|-enditem|p2b: Chien-Pao|Air Balloon\n|-enditem|p1b: Noivern|Throat Spray\n|-boost|p1b: Noivern|spa|1|[from] item: Throat Spray\n|move|p2a: Drednaw|Shell Smash|p2a: Drednaw\n|-unboost|p2a: Drednaw|def|1\n|-unboost|p2a: Drednaw|spd|1\n|-boost|p2a: Drednaw|atk|2\n|-boost|p2a: Drednaw|spa|2\n|-boost|p2a: Drednaw|spe|2\n|\n|upkeep\n|turn|2\n|\n|t:|1682881794\n|-terastallize|p2a: Drednaw|Rock\n|move|p2b: Chien-Pao|Sucker Punch|p1a: Polteageist\n|-supereffective|p1a: Polteageist\n|-enditem|p1a: Polteageist|Focus Sash\n|-damage|p1a: Polteageist|1\/100\n|-ability|p1a: Polteageist|Weak Armor|boost\n|-unboost|p1a: Polteageist|def|1\n|-boost|p1a: Polteageist|spe|2\n|move|p2a: Drednaw|Rock Slide|p1a: Polteageist|[spread] p1b\n|-miss|p2a: Drednaw|p1a: Polteageist\n|-damage|p1b: Noivern|0 fnt\n|faint|p1b: Noivern\n|move|p1a: Polteageist|Giga Drain|p2a: Drednaw\n|-supereffective|p2a: Drednaw\n|-crit|p2a: Drednaw\n|-damage|p2a: Drednaw|0 fnt\n|-heal|p1a: Polteageist|43\/100|[from] drain|[of] p2a: Drednaw\n|faint|p2a: Drednaw\n|\n|upkeep\n|\n|t:|1682881814\n|switch|p1b: Arcanine|Arcanine, L50, F, shiny|100\/100\n|switch|p2a: Annihilape|Annihilape, L50, F|100\/100\n|-ability|p1b: Arcanine|Intimidate|boost\n|-unboost|p2a: Annihilape|atk|1\n|-ability|p2a: Annihilape|Defiant|boost\n|-boost|p2a: Annihilape|atk|2\n|-unboost|p2b: Chien-Pao|atk|1\n|turn|3\n|\n|t:|1682881836\n|move|p1b: Arcanine|Extreme Speed|p2b: Chien-Pao\n|-damage|p2b: Chien-Pao|0 fnt\n|faint|p2b: Chien-Pao\n|move|p1a: Polteageist|Shadow Ball|p2a: Annihilape\n|-supereffective|p2a: Annihilape\n|-damage|p2a: Annihilape|9\/100\n|move|p2a: Annihilape|Rock Slide|p1a: Polteageist|[spread] p1a,p1b\n|-supereffective|p1b: Arcanine\n|-damage|p1a: Polteageist|0 fnt\n|-damage|p1b: Arcanine|17\/100\n|faint|p1a: Polteageist\n|\n|-heal|p1b: Arcanine|23\/100|[from] item: Leftovers\n|upkeep\n|\n|t:|1682881850\n|switch|p2b: Great Tusk|Great Tusk, L50|100\/100\n|switch|p1a: Azumarill|Azumarill, L50, F, shiny|100\/100\n|turn|4\n|\n|t:|1682881864\n|move|p1a: Azumarill|Aqua Jet|p2a: Annihilape\n|-damage|p2a: Annihilape|0 fnt\n|faint|p2a: Annihilape\n|move|p1b: Arcanine|Play Rough|p2b: Great Tusk\n|-supereffective|p2b: Great Tusk\n|-damage|p2b: Great Tusk|58\/100\n|move|p2b: Great Tusk|Earthquake|p1b: Arcanine|[spread] p1a,p1b\n|-supereffective|p1b: Arcanine\n|-damage|p1a: Azumarill|63\/100\n|-damage|p1b: Arcanine|0 fnt\n|faint|p1b: Arcanine\n|\n|upkeep\n|turn|5\n|\n|t:|1682881884\n|move|p2b: Great Tusk|Endeavor|p1a: Azumarill\n|-damage|p1a: Azumarill|53\/100\n|move|p1a: Azumarill|Liquidation|p2b: Great Tusk\n|-supereffective|p2b: Great Tusk\n|-damage|p2b: Great Tusk|0 fnt\n|faint|p2b: Great Tusk\n|-end|p2b: Great Tusk|Protosynthesis|[silent]\n|\n|win|DJsnor\n|raw|DJsnor's rating: 1139 → 1165<\/strong> (+26 for winning)\n|raw|Publio Tolomeo's rating: 1152 → 1126<\/strong> (-26 for losing)\n|l|\u2606Publio Tolomeo\n","uploadtime":1682881924,"views":11,"p1id":"djsnor","p2id":"publiotolomeo","formatid":"gen9vgc2023regulationc","rating":1126,"private":0,"password":""}