{"id":"gen9vgc2023regulationc-1855456237","p1":"Just Fishn","p2":"JumpluffGoodCopium","format":"[Gen 9] VGC 2023 Regulation C","log":"|j|\u2606Just Fishn\n|j|\u2606JumpluffGoodCopium\n|t:|1682953120\n|gametype|doubles\n|player|p1|Just Fishn|fisherman-gen4|1054\n|player|p2|JumpluffGoodCopium|dawn-gen4pt|1147\n|teamsize|p1|6\n|teamsize|p2|6\n|gen|9\n|tier|[Gen 9] VGC 2023 Regulation C\n|rated|\n|rule|Species Clause: Limit one of each Pok\u00e9mon\n|rule|Item Clause: Limit one of each item\n|clearpoke\n|poke|p1|Abomasnow, L50, F|\n|poke|p1|Bronzong, L50|\n|poke|p1|Iron Bundle, L50|\n|poke|p1|Iron Hands, L50|\n|poke|p1|Ting-Lu, L50|\n|poke|p1|Arcanine, L50, M|\n|poke|p2|Jumpluff, L50, M|\n|poke|p2|Torkoal, L50, M|\n|poke|p2|Flutter Mane, L50|\n|poke|p2|Amoonguss, L50, F|\n|poke|p2|Garganacl, L50, M|\n|poke|p2|Chi-Yu, L50|\n|teampreview|4\n|inactive|Battle timer is ON: inactive players will automatically lose when time's up. (requested by Just Fishn)\n|\n|t:|1682953137\n|start\n|switch|p1a: Ting-Lu|Ting-Lu, L50|100\/100\n|switch|p1b: Iron Bundle|Iron Bundle, L50, shiny|100\/100\n|switch|p2a: Jumpluff|Jumpluff, L50, M|100\/100\n|switch|p2b: Garganacl|Garganacl, L50, M|100\/100\n|-ability|p1a: Ting-Lu|Vessel of Ruin\n|turn|1\n|\n|t:|1682953153\n|move|p1b: Iron Bundle|Icy Wind|p2a: Jumpluff|[spread] p2a,p2b\n|-supereffective|p2a: Jumpluff\n|-damage|p2a: Jumpluff|41\/100\n|-damage|p2b: Garganacl|86\/100\n|-unboost|p2b: Garganacl|spe|1\n|move|p2a: Jumpluff|Tailwind|p2a: Jumpluff\n|-sidestart|p2: JumpluffGoodCopium|move: Tailwind\n|move|p2b: Garganacl|Salt Cure|p1b: Iron Bundle\n|-supereffective|p1b: Iron Bundle\n|-damage|p1b: Iron Bundle|67\/100\n|-start|p1b: Iron Bundle|Salt Cure\n|move|p1a: Ting-Lu|Fissure|p2b: Garganacl\n|-damage|p2b: Garganacl|0 fnt\n|faint|p2b: Garganacl\n|-ohko\n|\n|-damage|p1b: Iron Bundle|42\/100|[from] Salt Cure\n|upkeep\n|\n|t:|1682953166\n|switch|p2b: Torkoal|Torkoal, L50, M|100\/100\n|-weather|SunnyDay|[from] ability: Drought|[of] p2b: Torkoal\n|turn|2\n|\n|t:|1682953178\n|move|p2a: Jumpluff|Helping Hand|p2b: Torkoal\n|-singleturn|p2b: Torkoal|Helping Hand|[of] p2a: Jumpluff\n|move|p2b: Torkoal|Eruption|p1b: Iron Bundle|[spread] p1a,p1b\n|-crit|p1a: Ting-Lu\n|-damage|p1a: Ting-Lu|0 fnt\n|-damage|p1b: Iron Bundle|0 fnt\n|faint|p1a: Ting-Lu\n|faint|p1b: Iron Bundle\n|-end|p1b: Iron Bundle|Quark Drive|[silent]\n|\n|-weather|SunnyDay|[upkeep]\n|upkeep\n|\n|t:|1682953183\n|switch|p1b: Arcanine|Arcanine, L50, M, shiny|100\/100\n|switch|p1a: Abomasnow|Abomasnow, L50, F, shiny|100\/100\n|-ability|p1b: Arcanine|Intimidate|boost\n|-unboost|p2a: Jumpluff|atk|1\n|-unboost|p2b: Torkoal|atk|1\n|-weather|Snow|[from] ability: Snow Warning|[of] p1a: Abomasnow\n|turn|3\n|\n|t:|1682953197\n|move|p2a: Jumpluff|Helping Hand|p2b: Torkoal\n|-singleturn|p2b: Torkoal|Helping Hand|[of] p2a: Jumpluff\n|move|p1a: Abomasnow|Protect|p1a: Abomasnow\n|-singleturn|p1a: Abomasnow|Protect\n|move|p1b: Arcanine|Extreme Speed|p2b: Torkoal\n|-damage|p2b: Torkoal|80\/100\n|move|p2b: Torkoal|Eruption|p1b: Arcanine|[spread] p1b\n|-activate|p1a: Abomasnow|move: Protect\n|-resisted|p1b: Arcanine\n|-damage|p1b: Arcanine|62\/100\n|\n|-weather|Snow|[upkeep]\n|upkeep\n|turn|4\n|\n|t:|1682953215\n|-terastallize|p1a: Abomasnow|Water\n|move|p2a: Jumpluff|Helping Hand|p2b: Torkoal\n|-singleturn|p2b: Torkoal|Helping Hand|[of] p2a: Jumpluff\n|move|p1b: Arcanine|Extreme Speed|p2b: Torkoal\n|-damage|p2b: Torkoal|59\/100\n|move|p2b: Torkoal|Eruption|p1a: Abomasnow|[spread] p1a,p1b\n|-resisted|p1a: Abomasnow\n|-resisted|p1b: Arcanine\n|-damage|p1a: Abomasnow|87\/100\n|-damage|p1b: Arcanine|36\/100\n|move|p1a: Abomasnow|Aurora Veil|p1a: Abomasnow\n|-sidestart|p1: Just Fishn|move: Aurora Veil\n|\n|-weather|Snow|[upkeep]\n|-sideend|p2: JumpluffGoodCopium|move: Tailwind\n|upkeep\n|turn|5\n|\n|t:|1682953232\n|move|p1b: Arcanine|Extreme Speed|p2b: Torkoal\n|-damage|p2b: Torkoal|35\/100\n|move|p2a: Jumpluff|Pollen Puff|p2b: Torkoal\n|-heal|p2b: Torkoal|85\/100\n|move|p2b: Torkoal|Eruption|p1a: Abomasnow|[spread] p1a,p1b\n|-resisted|p1a: Abomasnow\n|-resisted|p1b: Arcanine\n|-damage|p1a: Abomasnow|76\/100\n|-damage|p1b: Arcanine|20\/100\n|move|p1a: Abomasnow|Blizzard|p2a: Jumpluff|[spread] p2a,p2b\n|-supereffective|p2a: Jumpluff\n|-resisted|p2b: Torkoal\n|-damage|p2a: Jumpluff|0 fnt\n|-damage|p2b: Torkoal|65\/100\n|faint|p2a: Jumpluff\n|\n|-weather|Snow|[upkeep]\n|upkeep\n|\n|t:|1682953240\n|switch|p2a: Flutter Mane|Flutter Mane, L50|100\/100\n|-enditem|p2a: Flutter Mane|Booster Energy\n|-activate|p2a: Flutter Mane|ability: Protosynthesis|[fromitem]\n|-start|p2a: Flutter Mane|protosynthesisspa\n|turn|6\n|\n|t:|1682953251\n|move|p2a: Flutter Mane|Protect|p2a: Flutter Mane\n|-singleturn|p2a: Flutter Mane|Protect\n|move|p1b: Arcanine|Flare Blitz|p2a: Flutter Mane\n|-activate|p2a: Flutter Mane|move: Protect\n|move|p2b: Torkoal|Eruption|p1a: Abomasnow|[spread] p1a,p1b\n|-resisted|p1a: Abomasnow\n|-resisted|p1b: Arcanine\n|-damage|p1a: Abomasnow|68\/100\n|-damage|p1b: Arcanine|7\/100\n|move|p1a: Abomasnow|Blizzard|p2b: Torkoal|[spread] p2b\n|-activate|p2a: Flutter Mane|move: Protect\n|-resisted|p2b: Torkoal\n|-damage|p2b: Torkoal|42\/100\n|\n|-weather|Snow|[upkeep]\n|upkeep\n|turn|7\n|\n|t:|1682953265\n|move|p1b: Arcanine|Extreme Speed|p2b: Torkoal\n|-damage|p2b: Torkoal|18\/100\n|move|p2a: Flutter Mane|Substitute|p2a: Flutter Mane\n|-start|p2a: Flutter Mane|Substitute\n|-damage|p2a: Flutter Mane|76\/100\n|move|p2b: Torkoal|Eruption|p1a: Abomasnow|[spread] p1a,p1b\n|-resisted|p1a: Abomasnow\n|-crit|p1a: Abomasnow\n|-resisted|p1b: Arcanine\n|-damage|p1a: Abomasnow|63\/100\n|-damage|p1b: Arcanine|4\/100\n|move|p1a: Abomasnow|Blizzard|p2b: Torkoal|[spread] p2a,p2b\n|-end|p2a: Flutter Mane|Substitute\n|-resisted|p2b: Torkoal\n|-damage|p2b: Torkoal|0 fnt\n|faint|p2b: Torkoal\n|\n|-weather|Snow|[upkeep]\n|upkeep\n|turn|8\n|\n|t:|1682953284\n|move|p2a: Flutter Mane|Moonblast|p1b: Arcanine\n|-resisted|p1b: Arcanine\n|-damage|p1b: Arcanine|0 fnt\n|faint|p1b: Arcanine\n|move|p1a: Abomasnow|Blizzard|p2a: Flutter Mane\n|-damage|p2a: Flutter Mane|38\/100\n|\n|-weather|Snow|[upkeep]\n|-sideend|p1: Just Fishn|move: Aurora Veil\n|upkeep\n|turn|9\n|\n|t:|1682953291\n|-terastallize|p2a: Flutter Mane|Fairy\n|move|p2a: Flutter Mane|Moonblast|p1a: Abomasnow\n|-damage|p1a: Abomasnow|0 fnt\n|faint|p1a: Abomasnow\n|\n|win|JumpluffGoodCopium\n|raw|Just Fishn's rating: 1054 → 1041<\/strong> (-13 for losing)\n|raw|JumpluffGoodCopium's rating: 1147 → 1165<\/strong> (+18 for winning)\n|l|\u2606Just Fishn\n","uploadtime":1682953626,"views":26,"p1id":"justfishn","p2id":"jumpluffgoodcopium","formatid":"gen9vgc2023regulationc","rating":1041,"private":0,"password":""}