{"id":"gen9vgc2023regulationc-1853078979","p1":"tagami76","p2":"throwaway0989","format":"[Gen 9] VGC 2023 Regulation C","log":"|j|\u2606tagami76\n|j|\u2606throwaway0989\n|t:|1682632626\n|gametype|doubles\n|player|p1|tagami76|janitor|\n|player|p2|throwaway0989|266|\n|teamsize|p1|6\n|teamsize|p2|6\n|gen|9\n|tier|[Gen 9] VGC 2023 Regulation C\n|rated|Tournament battle\n|rule|Species Clause: Limit one of each Pok\u00e9mon\n|rule|Item Clause: Limit one of each item\n|clearpoke\n|poke|p1|Dragapult, L50, F|\n|poke|p1|Flutter Mane, L50|\n|poke|p1|Kingambit, L50, F|\n|poke|p1|Gyarados, L50, F|\n|poke|p1|Amoonguss, L50, M|\n|poke|p1|Arcanine, L50, F|\n|poke|p2|Roaring Moon, L50|\n|poke|p2|Iron Hands, L50|\n|poke|p2|Corviknight, L50, M|\n|poke|p2|Flutter Mane, L50|\n|poke|p2|Armarouge, L50, F|\n|poke|p2|Maushold, L50|\n|teampreview|4\n|raw| Open Team Sheet for tagami76<\/summary>Dragapult @ Choice Band Ability: Clear Body Level: 50 Tera Type: Dragon - Dragon Darts - Phantom Force - U-turn - Outrage Flutter Mane @ Booster Energy Ability: Protosynthesis Level: 50 Tera Type: Fairy - Moonblast - Dazzling Gleam - Shadow Ball - Protect Kingambit @ Assault Vest Ability: Defiant Level: 50 Shiny: Yes Tera Type: Fire - Assurance - Iron Head - Sucker Punch - Low Sweep Gyarados @ Aguav Berry Ability: Intimidate Level: 50 Tera Type: Steel - Taunt - Thunder Wave - Waterfall - Helping Hand Amoonguss @ Sitrus Berry Ability: Regenerator Level: 50 Tera Type: Water - Clear Smog - Spore - Rage Powder - Pollen Puff Arcanine @ Safety Goggles Ability: Intimidate Level: 50 Tera Type: Grass - Flare Blitz - Howl - Protect - Will-O-Wisp <\/details><\/div> Open Team Sheet for throwaway0989<\/summary>Roaring Moo (Roaring Moon) @ Booster Energy Ability: Protosynthesis Level: 50 Tera Type: Flying - Tailwind - Acrobatics - Earthquake - Protect Iron Hand (Iron Hands) @ Sitrus Berry Ability: Quark Drive Level: 50 Tera Type: Grass - Drain Punch - Earthquake - Belly Drum - Detect Corviknight @ Safety Goggles Ability: Mirror Armor Level: 50 Tera Type: Dragon - Brave Bird - Iron Head - Tailwind - Roost Flutter Mane @ Focus Sash Ability: Protosynthesis Level: 50 Tera Type: Ghost - Moonblast - Shadow Ball - Dazzling Gleam - Protect Armarouge @ Weakness Policy Ability: Weak Armor Level: 50 Tera Type: Dark - Stored Power - Heat Wave - Destiny Bond - Protect Maushold @ Wide Lens Ability: Technician Level: 50 Tera Type: Ghost - Population Bomb - Follow Me - Encore - Protect <\/details><\/div>\n|j| ROBERT5239423942\n|j| ChuyMcfly\n|j| Radio Free C-Side\n|\n|t:|1682632734\n|start\n|switch|p1a: Gyarados|Gyarados, L50, F|100\/100\n|switch|p1b: Flutter Mane|Flutter Mane, L50|100\/100\n|switch|p2a: Roaring Moo|Roaring Moon, L50|100\/100\n|switch|p2b: Armarouge|Armarouge, L50, F|100\/100\n|-ability|p1a: Gyarados|Intimidate|boost\n|-unboost|p2a: Roaring Moo|atk|1\n|-unboost|p2b: Armarouge|atk|1\n|-enditem|p1b: Flutter Mane|Booster Energy\n|-activate|p1b: Flutter Mane|ability: Protosynthesis|[fromitem]\n|-start|p1b: Flutter Mane|protosynthesisspa\n|-enditem|p2a: Roaring Moo|Booster Energy\n|-activate|p2a: Roaring Moo|ability: Protosynthesis|[fromitem]\n|-start|p2a: Roaring Moo|protosynthesisspe\n|turn|1\n|j|%Therazer456\n|\n|t:|1682632770\n|-terastallize|p2a: Roaring Moo|Flying\n|move|p2a: Roaring Moo|Earthquake|p1a: Gyarados|[spread] p2b,p1b\n|-immune|p1a: Gyarados\n|-supereffective|p2b: Armarouge\n|-damage|p2b: Armarouge|69\/100\n|-damage|p1b: Flutter Mane|80\/100\n|-ability|p2b: Armarouge|Weak Armor|boost\n|-unboost|p2b: Armarouge|def|1\n|-boost|p2b: Armarouge|spe|2\n|-enditem|p2b: Armarouge|Weakness Policy\n|-boost|p2b: Armarouge|atk|2|[from] item: Weakness Policy\n|-boost|p2b: Armarouge|spa|2|[from] item: Weakness Policy\n|move|p2b: Armarouge|Heat Wave|p1a: Gyarados|[spread] p1a,p1b\n|-resisted|p1a: Gyarados\n|-damage|p1a: Gyarados|69\/100\n|-damage|p1b: Flutter Mane|12\/100\n|move|p1b: Flutter Mane|Dazzling Gleam|p2b: Armarouge|[spread] p2a,p2b\n|-resisted|p2b: Armarouge\n|-damage|p2a: Roaring Moo|67\/100\n|-damage|p2b: Armarouge|45\/100\n|move|p1a: Gyarados|Waterfall|p2b: Armarouge\n|-supereffective|p2b: Armarouge\n|-damage|p2b: Armarouge|0 fnt\n|faint|p2b: Armarouge\n|\n|upkeep\n|\n|t:|1682632773\n|switch|p2b: Maushold|Maushold, L50|100\/100\n|turn|2\n|\n|t:|1682632814\n|move|p1b: Flutter Mane|Protect|p1b: Flutter Mane\n|-singleturn|p1b: Flutter Mane|Protect\n|move|p2a: Roaring Moo|Acrobatics|p1b: Flutter Mane\n|-activate|p1b: Flutter Mane|move: Protect\n|move|p2b: Maushold|Population Bomb|p1a: Gyarados\n|-damage|p1a: Gyarados|57\/100\n|-damage|p1a: Gyarados|44\/100\n|-damage|p1a: Gyarados|33\/100\n|-damage|p1a: Gyarados|21\/100\n|-enditem|p1a: Gyarados|Aguav Berry|[eat]\n|-heal|p1a: Gyarados|54\/100|[from] item: Aguav Berry\n|-damage|p1a: Gyarados|43\/100\n|-damage|p1a: Gyarados|31\/100\n|-damage|p1a: Gyarados|18\/100\n|-damage|p1a: Gyarados|5\/100\n|-damage|p1a: Gyarados|0 fnt\n|faint|p1a: Gyarados\n|-hitcount|p1: Gyarados|9\n|\n|upkeep\n|\n|t:|1682632833\n|switch|p1a: Kingambit|Kingambit, L50, F, shiny|100\/100\n|turn|3\n|\n|t:|1682632849\n|move|p2b: Maushold|Protect|p2b: Maushold\n|-singleturn|p2b: Maushold|Protect\n|move|p2a: Roaring Moo|Earthquake|p1b: Flutter Mane|[spread] p1a,p1b\n|-activate|p2b: Maushold|move: Protect\n|-supereffective|p1a: Kingambit\n|-damage|p1a: Kingambit|78\/100\n|-damage|p1b: Flutter Mane|0 fnt\n|faint|p1b: Flutter Mane\n|-end|p1b: Flutter Mane|Protosynthesis|[silent]\n|move|p1a: Kingambit|Iron Head|p2a: Roaring Moo\n|-damage|p2a: Roaring Moo|25\/100\n|\n|upkeep\n|\n|t:|1682632860\n|switch|p1b: Dragapult|Dragapult, L50, F|100\/100\n|turn|4\n|\n|t:|1682632872\n|-terastallize|p1b: Dragapult|Dragon\n|move|p1a: Kingambit|Sucker Punch||[still]\n|-fail|p1a: Kingambit\n|move|p2a: Roaring Moo|Tailwind|p2a: Roaring Moo\n|-sidestart|p2: throwaway0989|move: Tailwind\n|move|p2b: Maushold|Population Bomb|p1a: Kingambit\n|-resisted|p1a: Kingambit\n|-damage|p1a: Kingambit|74\/100\n|-resisted|p1a: Kingambit\n|-damage|p1a: Kingambit|70\/100\n|-resisted|p1a: Kingambit\n|-damage|p1a: Kingambit|66\/100\n|-resisted|p1a: Kingambit\n|-damage|p1a: Kingambit|62\/100\n|-resisted|p1a: Kingambit\n|-damage|p1a: Kingambit|58\/100\n|-resisted|p1a: Kingambit\n|-damage|p1a: Kingambit|54\/100\n|-resisted|p1a: Kingambit\n|-damage|p1a: Kingambit|50\/100\n|-resisted|p1a: Kingambit\n|-damage|p1a: Kingambit|46\/100\n|-resisted|p1a: Kingambit\n|-damage|p1a: Kingambit|42\/100\n|-resisted|p1a: Kingambit\n|-damage|p1a: Kingambit|38\/100\n|-hitcount|p1a: Kingambit|10\n|move|p1b: Dragapult|Dragon Darts|p2a: Roaring Moo\n|-crit|p2a: Roaring Moo\n|-damage|p2a: Roaring Moo|0 fnt\n|-anim|p1b: Dragapult|Dragon Darts|p2b: Maushold\n|-damage|p2b: Maushold|16\/100\n|faint|p2a: Roaring Moo\n|-end|p2a: Roaring Moo|Protosynthesis|[silent]\n|\n|upkeep\n|\n|t:|1682632876\n|switch|p2a: Flutter Mane|Flutter Mane, L50|100\/100\n|turn|5\n|\n|t:|1682632919\n|move|p2b: Maushold|Protect|p2b: Maushold\n|-singleturn|p2b: Maushold|Protect\n|move|p2a: Flutter Mane|Moonblast|p1a: Kingambit\n|-damage|p1a: Kingambit|6\/100\n|move|p1b: Dragapult|Dragon Darts|p2a: Flutter Mane\n|-immune|p2a: Flutter Mane\n|move|p1a: Kingambit|Iron Head|p2a: Flutter Mane\n|-supereffective|p2a: Flutter Mane\n|-enditem|p2a: Flutter Mane|Focus Sash\n|-damage|p2a: Flutter Mane|1\/100\n|\n|upkeep\n|turn|6\n|\n|t:|1682632937\n|move|p2b: Maushold|Follow Me|p2b: Maushold\n|-singleturn|p2b: Maushold|move: Follow Me\n|move|p1a: Kingambit|Sucker Punch||[still]\n|-fail|p1a: Kingambit\n|move|p2a: Flutter Mane|Dazzling Gleam|p1a: Kingambit|[spread] p1a,p1b\n|-supereffective|p1b: Dragapult\n|-damage|p1a: Kingambit|0 fnt\n|-damage|p1b: Dragapult|7\/100\n|faint|p1a: Kingambit\n|move|p1b: Dragapult|Dragon Darts|p2b: Maushold\n|-damage|p2b: Maushold|0 fnt\n|faint|p2b: Maushold\n|\n|upkeep\n|turn|7\n|c|\u2606throwaway0989|gg\n|c|\u2606tagami76|gg\n|\n|t:|1682632961\n|move|p2a: Flutter Mane|Moonblast|p1b: Dragapult\n|-supereffective|p1b: Dragapult\n|-damage|p1b: Dragapult|0 fnt\n|faint|p1b: Dragapult\n|\n|win|throwaway0989\n|n|\u2606tagami76|tagami76\n|n|\u2606throwaway0989|throwaway0989\n|n| ROBERT5239423942|robert5239423942\n|n| ChuyMcfly|chuymcfly\n|n| Radio Free C-Side|radiofreecside\n|n| Therazer456|therazer456\n","uploadtime":1682632962,"views":11,"p1id":"tagami76","p2id":"throwaway0989","formatid":"gen9vgc2023regulationc","rating":0,"private":0,"password":""}