{"id":"gen9vgc2023regulationc-1861393372","p1":"Vulnerarily","p2":"Umbra Hand","format":"[Gen 9] VGC 2023 Regulation C","log":"|j|\u2606Vulnerarily\n|j|\u2606Umbra Hand\n|t:|1683752833\n|gametype|doubles\n|player|p1|Vulnerarily|ingo|1384\n|player|p2|Umbra Hand|janitor|1309\n|teamsize|p1|6\n|teamsize|p2|6\n|gen|9\n|tier|[Gen 9] VGC 2023 Regulation C\n|rated|\n|rule|Species Clause: Limit one of each Pok\u00e9mon\n|rule|Item Clause: Limit one of each item\n|clearpoke\n|poke|p1|Torkoal, L50, M|\n|poke|p1|Lilligant, L50, F|\n|poke|p1|Great Tusk, L50|\n|poke|p1|Flutter Mane, L50|\n|poke|p1|Talonflame, L50, F|\n|poke|p1|Chien-Pao, L50|\n|poke|p2|Murkrow, L50, F|\n|poke|p2|Chien-Pao, L50|\n|poke|p2|Kingambit, L50, M|\n|poke|p2|Brambleghast, L50, F|\n|poke|p2|Ting-Lu, L50|\n|poke|p2|Talonflame, L50, F|\n|teampreview|4\n|\n|t:|1683752844\n|start\n|switch|p1a: Flutter Mane|Flutter Mane, L50|100\/100\n|switch|p1b: Talonflame|Talonflame, L50, F|100\/100\n|switch|p2a: Murkrow|Murkrow, L50, F|100\/100\n|switch|p2b: Ting-Lu|Ting-Lu, L50|100\/100\n|-ability|p2b: Ting-Lu|Vessel of Ruin\n|turn|1\n|inactive|Battle timer is ON: inactive players will automatically lose when time's up. (requested by Vulnerarily)\n|\n|t:|1683752854\n|-end|p1a: Flutter Mane|Protosynthesis|[silent]\n|switch|p1a: Great Tusk|Great Tusk, L50|100\/100\n|move|p1b: Talonflame|Tailwind|p1b: Talonflame\n|-sidestart|p1: Vulnerarily|move: Tailwind\n|move|p2a: Murkrow|Taunt|p1b: Talonflame\n|-start|p1b: Talonflame|move: Taunt\n|move|p2b: Ting-Lu|Rock Slide|p1a: Great Tusk|[spread] p1a,p1b\n|-resisted|p1a: Great Tusk\n|-supereffective|p1b: Talonflame\n|-damage|p1a: Great Tusk|96\/100\n|-damage|p1b: Talonflame|0 fnt\n|faint|p1b: Talonflame\n|\n|upkeep\n|j| haofuu\n|\n|t:|1683752862\n|switch|p1b: Flutter Mane|Flutter Mane, L50|100\/100\n|turn|2\n|\n|t:|1683752886\n|switch|p2b: Brambleghast|Brambleghast, L50, F|100\/100\n|-terastallize|p1b: Flutter Mane|Fairy\n|move|p1a: Great Tusk|Close Combat|p2b: Brambleghast\n|-immune|p2b: Brambleghast\n|move|p1b: Flutter Mane|Dazzling Gleam|p2b: Brambleghast|[spread] p2a,p2b\n|-supereffective|p2a: Murkrow\n|-enditem|p2a: Murkrow|Focus Sash\n|-damage|p2a: Murkrow|1\/100\n|-damage|p2b: Brambleghast|0 fnt\n|faint|p2b: Brambleghast\n|move|p2a: Murkrow|Foul Play|p1b: Flutter Mane\n|-resisted|p1b: Flutter Mane\n|-damage|p1b: Flutter Mane|86\/100\n|\n|upkeep\n|\n|t:|1683752907\n|switch|p2b: Ting-Lu|Ting-Lu, L50|100\/100\n|-ability|p2b: Ting-Lu|Vessel of Ruin\n|turn|3\n|\n|t:|1683752930\n|-terastallize|p2b: Ting-Lu|Poison\n|move|p1a: Great Tusk|Close Combat|p2b: Ting-Lu\n|-resisted|p2b: Ting-Lu\n|-damage|p2b: Ting-Lu|79\/100\n|-unboost|p1a: Great Tusk|def|1\n|-unboost|p1a: Great Tusk|spd|1\n|move|p1b: Flutter Mane|Dazzling Gleam|p2b: Ting-Lu|[spread] p2a,p2b\n|-supereffective|p2a: Murkrow\n|-resisted|p2b: Ting-Lu\n|-damage|p2a: Murkrow|0 fnt\n|-damage|p2b: Ting-Lu|58\/100\n|faint|p2a: Murkrow\n|move|p2b: Ting-Lu|Earthquake|p1b: Flutter Mane|[spread] p1a,p1b\n|-damage|p1a: Great Tusk|31\/100\n|-damage|p1b: Flutter Mane|0 fnt\n|faint|p1b: Flutter Mane\n|-end|p1b: Flutter Mane|Protosynthesis|[silent]\n|\n|upkeep\n|\n|t:|1683752942\n|switch|p1b: Chien-Pao|Chien-Pao, L50|100\/100\n|switch|p2a: Chien-Pao|Chien-Pao, L50|100\/100\n|-ability|p1b: Chien-Pao|Sword of Ruin\n|-ability|p2a: Chien-Pao|Sword of Ruin\n|-item|p2a: Chien-Pao|Air Balloon\n|turn|4\n|\n|t:|1683752958\n|move|p2a: Chien-Pao|Protect|p2a: Chien-Pao\n|-singleturn|p2a: Chien-Pao|Protect\n|move|p1a: Great Tusk|Close Combat|p2b: Ting-Lu\n|-resisted|p2b: Ting-Lu\n|-damage|p2b: Ting-Lu|28\/100\n|-unboost|p1a: Great Tusk|def|1\n|-unboost|p1a: Great Tusk|spd|1\n|move|p1b: Chien-Pao|Sacred Sword|p2a: Chien-Pao\n|-activate|p2a: Chien-Pao|move: Protect\n|move|p2b: Ting-Lu|Earthquake|p1b: Chien-Pao|[spread] p1a,p1b\n|-activate|p2a: Chien-Pao|move: Protect\n|-damage|p1a: Great Tusk|0 fnt\n|-damage|p1b: Chien-Pao|29\/100\n|faint|p1a: Great Tusk\n|-end|p1a: Great Tusk|Protosynthesis|[silent]\n|\n|-sideend|p1: Vulnerarily|move: Tailwind\n|upkeep\n|turn|5\n|\n|t:|1683752974\n|move|p2a: Chien-Pao|Sucker Punch|p1b: Chien-Pao\n|-resisted|p1b: Chien-Pao\n|-damage|p1b: Chien-Pao|4\/100\n|move|p1b: Chien-Pao|Sacred Sword|p2a: Chien-Pao\n|-supereffective|p2a: Chien-Pao\n|-damage|p2a: Chien-Pao|0 fnt\n|-enditem|p2a: Chien-Pao|Air Balloon\n|faint|p2a: Chien-Pao\n|move|p2b: Ting-Lu|Earthquake|p1b: Chien-Pao\n|-damage|p1b: Chien-Pao|0 fnt\n|faint|p1b: Chien-Pao\n|\n|win|Umbra Hand\n|raw|Vulnerarily's rating: 1384 → 1360<\/strong> (-24 for losing)\n|raw|Umbra Hand's rating: 1309 → 1333<\/strong> (+24 for winning)\n|c|\u2606Vulnerarily|gg\n","uploadtime":1683752984,"views":11,"p1id":"vulnerarily","p2id":"umbrahand","formatid":"gen9vgc2023regulationc","rating":1333,"private":0,"password":""}