{"id":"gen9vgc2023regulationc-1848766288","p1":"Knoxthebox","p2":"Sprye0216","format":"[Gen 9] VGC 2023 Regulation C","log":"|j|\u203dKnoxthebox\n|j|\u2606Sprye0216\n|t:|1682108248\n|gametype|doubles\n|player|p1|Knoxthebox|1|1174\n|player|p2|Sprye0216|skyla|1131\n|teamsize|p1|6\n|teamsize|p2|6\n|gen|9\n|tier|[Gen 9] VGC 2023 Regulation C\n|rated|\n|rule|Species Clause: Limit one of each Pok\u00e9mon\n|rule|Item Clause: Limit one of each item\n|clearpoke\n|poke|p1|Iron Bundle, L50|\n|poke|p1|Abomasnow, L50, M|\n|poke|p1|Chien-Pao, L50|\n|poke|p1|Arcanine, L50, M|\n|poke|p1|Palafin, L50, M|\n|poke|p1|Flutter Mane, L50|\n|poke|p2|Amoonguss, L50, M|\n|poke|p2|Gyarados, L50, M|\n|poke|p2|Talonflame, L50, F|\n|poke|p2|Garchomp, L50, F|\n|poke|p2|Flutter Mane, L50|\n|poke|p2|Ting-Lu, L50|\n|teampreview|4\nSprye0216 has agreed to open team sheets.\n|inactive|Battle timer is ON: inactive players will automatically lose when time's up. (requested by Knoxthebox)\n|\n|t:|1682108281\n|start\n|switch|p1a: Iron Bundle|Iron Bundle, L50, shiny|100\/100\n|switch|p1b: Palafin|Palafin, L50, M|100\/100\n|switch|p2a: Talonflame|Talonflame, L50, F|100\/100\n|switch|p2b: Ting-Lu|Ting-Lu, L50|100\/100\n|-ability|p2b: Ting-Lu|Vessel of Ruin\n|-enditem|p1a: Iron Bundle|Booster Energy\n|-activate|p1a: Iron Bundle|ability: Quark Drive|[fromitem]\n|-start|p1a: Iron Bundle|quarkdrivespe\n|turn|1\n|\n|t:|1682108305\n|-terastallize|p2b: Ting-Lu|Poison\n|move|p2a: Talonflame|Tailwind|p2a: Talonflame\n|-sidestart|p2: Sprye0216|move: Tailwind\n|move|p1a: Iron Bundle|Icy Wind|p2b: Ting-Lu|[spread] p2a,p2b\n|-damage|p2a: Talonflame|80\/100\n|-damage|p2b: Ting-Lu|94\/100\n|-unboost|p2a: Talonflame|spe|1\n|-unboost|p2b: Ting-Lu|spe|1\n|move|p1b: Palafin|Flip Turn|p2a: Talonflame\n|-supereffective|p2a: Talonflame\n|-damage|p2a: Talonflame|21\/100\n|\n|t:|1682108317\n|detailschange|p1b: Palafin|Palafin-Hero, L50, M\n|switch|p1b: Abomasnow|Abomasnow, L50, M, shiny|100\/100|[from] Flip Turn\n|-weather|Snow|[from] ability: Snow Warning|[of] p1b: Abomasnow\n|move|p2b: Ting-Lu|Bulldoze|p1b: Abomasnow|[spread] p1a,p1b\n|-immune|p2a: Talonflame\n|-resisted|p1b: Abomasnow\n|-damage|p1a: Iron Bundle|85\/100\n|-damage|p1b: Abomasnow|91\/100\n|-unboost|p1a: Iron Bundle|spe|1\n|-unboost|p1b: Abomasnow|spe|1\n|\n|-weather|Snow|[upkeep]\n|upkeep\n|turn|2\n|inactive|Knoxthebox has 30 seconds left.\n|inactive|Sprye0216 has 30 seconds left.\n|inactive|Knoxthebox has 20 seconds left.\n|\n|t:|1682108354\n|move|p2a: Talonflame|Brave Bird|p1b: Abomasnow\n|-supereffective|p1b: Abomasnow\n|-damage|p1b: Abomasnow|22\/100\n|-damage|p2a: Talonflame|0 fnt|[from] Recoil\n|faint|p2a: Talonflame\n|move|p1a: Iron Bundle|Aurora Veil|p1a: Iron Bundle\n|-sidestart|p1: Knoxthebox|move: Aurora Veil\n|move|p2b: Ting-Lu|Snarl|p1a: Iron Bundle|[spread] p1a,p1b\n|-crit|p1b: Abomasnow\n|-damage|p1a: Iron Bundle|74\/100\n|-damage|p1b: Abomasnow|7\/100\n|-unboost|p1a: Iron Bundle|spa|1\n|-unboost|p1b: Abomasnow|spa|1\n|move|p1b: Abomasnow|Blizzard|p2b: Ting-Lu\n|-damage|p2b: Ting-Lu|81\/100\n|\n|-weather|Snow|[upkeep]\n|upkeep\n|\n|t:|1682108372\n|switch|p2a: Gyarados|Gyarados, L50, M|100\/100\n|-ability|p2a: Gyarados|Intimidate|boost\n|-unboost|p1a: Iron Bundle|atk|1\n|-unboost|p1b: Abomasnow|atk|1\n|turn|3\n|\n|t:|1682108385\n|move|p2a: Gyarados|Waterfall|p1b: Abomasnow\n|-resisted|p1b: Abomasnow\n|-damage|p1b: Abomasnow|0 fnt\n|faint|p1b: Abomasnow\n|move|p1a: Iron Bundle|Freeze-Dry|p2a: Gyarados\n|-supereffective|p2a: Gyarados\n|-damage|p2a: Gyarados|28\/100\n|move|p2b: Ting-Lu|Heavy Slam|p1a: Iron Bundle\n|-damage|p1a: Iron Bundle|55\/100\n|\n|-weather|Snow|[upkeep]\n|upkeep\n|\n|t:|1682108398\n|switch|p1b: Palafin|Palafin-Hero, L50, M|100\/100\n|-activate|p1b: Palafin|ability: Zero to Hero\n|turn|4\n|\n|t:|1682108415\n|-terastallize|p1b: Palafin|Water\n|move|p2a: Gyarados|Protect|p2a: Gyarados\n|-singleturn|p2a: Gyarados|Protect\n|move|p1b: Palafin|Wave Crash|p2b: Ting-Lu\n|-damage|p2b: Ting-Lu|20\/100\n|-damage|p1b: Palafin|71\/100|[from] Recoil\n|move|p1a: Iron Bundle|Freeze-Dry|p2a: Gyarados\n|-activate|p2a: Gyarados|move: Protect\n|move|p2b: Ting-Lu|Stomping Tantrum|p1b: Palafin\n|-damage|p1b: Palafin|47\/100\n|\n|-weather|Snow|[upkeep]\n|-sideend|p2: Sprye0216|move: Tailwind\n|upkeep\n|turn|5\n|inactive|Knoxthebox has 30 seconds left.\n|inactive|Sprye0216 has 30 seconds left.\n|\n|t:|1682108449\n|move|p1b: Palafin|Wave Crash|p2b: Ting-Lu\n|-damage|p2b: Ting-Lu|0 fnt\n|faint|p2b: Ting-Lu\n|-damage|p1b: Palafin|37\/100|[from] Recoil\n|move|p1a: Iron Bundle|Icy Wind|p2a: Gyarados\n|-damage|p2a: Gyarados|10\/100\n|move|p2a: Gyarados|Tera Blast|p1b: Palafin\n|-damage|p1b: Palafin|28\/100\n|\n|-weather|none\n|upkeep\n|\n|t:|1682108459\n|switch|p2b: Garchomp|Garchomp, L50, F|100\/100\n|turn|6\n|\n|t:|1682108475\n|move|p2a: Gyarados|Protect|p2a: Gyarados\n|-singleturn|p2a: Gyarados|Protect\n|move|p1b: Palafin|Wave Crash|p2b: Garchomp\n|-damage|p2b: Garchomp|0 fnt\n|-damage|p1b: Palafin|15\/100|[from] ability: Rough Skin|[of] p2b: Garchomp\n|faint|p2b: Garchomp\n|-damage|p1b: Palafin|0 fnt|[from] Recoil\n|faint|p1b: Palafin\n|move|p1a: Iron Bundle|Icy Wind|p2a: Gyarados\n|-activate|p2a: Gyarados|move: Protect\n|\n|-sideend|p1: Knoxthebox|move: Aurora Veil\n|upkeep\n|\n|t:|1682108481\n|switch|p1b: Flutter Mane|Flutter Mane, L50, shiny|100\/100\n|turn|7\n|\n|t:|1682108490\n|move|p1a: Iron Bundle|Icy Wind|p2a: Gyarados\n|-damage|p2a: Gyarados|0 fnt\n|faint|p2a: Gyarados\n|\n|win|Knoxthebox\n|raw|Knoxthebox's rating: 1174 → 1196<\/strong> (+22 for winning)\n|raw|Sprye0216's rating: 1131 → 1109<\/strong> (-22 for losing)\n|l|\u203dKnoxthebox\n","uploadtime":1682108496,"views":14,"p1id":"knoxthebox","p2id":"sprye0216","formatid":"gen9vgc2023regulationc","rating":1109,"private":0,"password":""}