{"id":"gen9vgc2023regulationc-1852894888","p1":"Froglock","p2":"Tawn","format":"[Gen 9] VGC 2023 Regulation C","log":"|j|\u2606Froglock\n|j|\u2606Tawn\n|t:|1682615272\n|gametype|doubles\n|player|p1|Froglock|101|1171\n|player|p2|Tawn|red|1074\n|teamsize|p1|6\n|teamsize|p2|6\n|gen|9\n|tier|[Gen 9] VGC 2023 Regulation C\n|rated|\n|rule|Species Clause: Limit one of each Pok\u00e9mon\n|rule|Item Clause: Limit one of each item\n|clearpoke\n|poke|p1|Mudsdale, L50, F|\n|poke|p1|Maushold-Four, L50|\n|poke|p1|Torkoal, L50, M|\n|poke|p1|Jumpluff, L50, F|\n|poke|p1|Kingambit, L50, M|\n|poke|p1|Tinkaton, L50, F|\n|poke|p2|Indeedee-F, L50, F|\n|poke|p2|Armarouge, L50, M|\n|poke|p2|Bisharp, L50, M|\n|poke|p2|Quaquaval, L50, M|\n|poke|p2|Chi-Yu, L50|\n|poke|p2|Murkrow, L50, F|\n|teampreview|4\n|\n|t:|1682615307\n|start\n|switch|p1a: Mudsdale|Mudsdale, L50, F|100\/100\n|switch|p1b: Maushold|Maushold-Four, L50|100\/100\n|switch|p2a: Murkrow|Murkrow, L50, F|100\/100\n|switch|p2b: Quaquaval|Quaquaval, L50, M|100\/100\n|turn|1\n|\n|t:|1682615326\n|-terastallize|p1a: Mudsdale|Fighting\n|move|p2a: Murkrow|Taunt|p1b: Maushold\n|-start|p1b: Maushold|move: Taunt\n|move|p1b: Maushold|Beat Up|p1a: Mudsdale\n|-resisted|p1a: Mudsdale\n|-damage|p1a: Mudsdale|99\/100\n|-ability|p1a: Mudsdale|Stamina|boost\n|-boost|p1a: Mudsdale|def|1\n|-resisted|p1a: Mudsdale\n|-damage|p1a: Mudsdale|99\/100\n|-ability|p1a: Mudsdale|Stamina|boost\n|-boost|p1a: Mudsdale|def|1\n|-resisted|p1a: Mudsdale\n|-damage|p1a: Mudsdale|99\/100\n|-ability|p1a: Mudsdale|Stamina|boost\n|-boost|p1a: Mudsdale|def|1\n|-resisted|p1a: Mudsdale\n|-damage|p1a: Mudsdale|98\/100\n|-ability|p1a: Mudsdale|Stamina|boost\n|-boost|p1a: Mudsdale|def|1\n|-hitcount|p1a: Mudsdale|4\n|move|p2b: Quaquaval|Aqua Step|p1b: Maushold\n|-damage|p1b: Maushold|39\/100\n|-boost|p2b: Quaquaval|spe|1\n|move|p1a: Mudsdale|Body Press|p2b: Quaquaval\n|-damage|p2b: Quaquaval|0 fnt\n|faint|p2b: Quaquaval\n|\n|upkeep\n|\n|t:|1682615337\n|switch|p2b: Chi-Yu|Chi-Yu, L50|100\/100\n|-ability|p2b: Chi-Yu|Beads of Ruin\n|turn|2\n|\n|t:|1682615359\n|-terastallize|p2b: Chi-Yu|Water\n|move|p2a: Murkrow|Haze|p2a: Murkrow\n|-clearallboost\n|move|p1b: Maushold|Super Fang|p2a: Murkrow|[miss]\n|-miss|p1b: Maushold|p2a: Murkrow\n|move|p2b: Chi-Yu|Tera Blast|p1a: Mudsdale\n|-damage|p1a: Mudsdale|67\/100\n|-ability|p1a: Mudsdale|Stamina|boost\n|-boost|p1a: Mudsdale|def|1\n|move|p1a: Mudsdale|Body Press|p2b: Chi-Yu\n|-damage|p2b: Chi-Yu|10\/100\n|\n|upkeep\n|turn|3\n|\n|t:|1682615374\n|move|p1b: Maushold|Beat Up|p1a: Mudsdale\n|-resisted|p1a: Mudsdale\n|-damage|p1a: Mudsdale|66\/100\n|-ability|p1a: Mudsdale|Stamina|boost\n|-boost|p1a: Mudsdale|def|1\n|-resisted|p1a: Mudsdale\n|-damage|p1a: Mudsdale|66\/100\n|-ability|p1a: Mudsdale|Stamina|boost\n|-boost|p1a: Mudsdale|def|1\n|-resisted|p1a: Mudsdale\n|-damage|p1a: Mudsdale|65\/100\n|-ability|p1a: Mudsdale|Stamina|boost\n|-boost|p1a: Mudsdale|def|1\n|-resisted|p1a: Mudsdale\n|-damage|p1a: Mudsdale|65\/100\n|-ability|p1a: Mudsdale|Stamina|boost\n|-boost|p1a: Mudsdale|def|1\n|-hitcount|p1a: Mudsdale|4\n|move|p2b: Chi-Yu|Psychic|p1a: Mudsdale\n|-supereffective|p1a: Mudsdale\n|-damage|p1a: Mudsdale|14\/100\n|-ability|p1a: Mudsdale|Stamina|boost\n|-boost|p1a: Mudsdale|def|1\n|move|p2a: Murkrow|Icy Wind|p1b: Maushold|[spread] p1a\n|-miss|p2a: Murkrow|p1b: Maushold\n|-crit|p1a: Mudsdale\n|-damage|p1a: Mudsdale|5\/100\n|-unboost|p1a: Mudsdale|spe|1\n|move|p1a: Mudsdale|Rock Slide|p2b: Chi-Yu|[spread] p2a,p2b\n|-supereffective|p2a: Murkrow\n|-damage|p2a: Murkrow|24\/100\n|-damage|p2b: Chi-Yu|0 fnt\n|faint|p2b: Chi-Yu\n|\n|-end|p1b: Maushold|move: Taunt\n|upkeep\n|\n|t:|1682615379\n|switch|p2b: Bisharp|Bisharp, L50, M|100\/100\n|turn|4\n|\n|t:|1682615389\n|move|p1b: Maushold|Protect|p1b: Maushold\n|-singleturn|p1b: Maushold|Protect\n|move|p2b: Bisharp|Sucker Punch||[still]\n|-fail|p2b: Bisharp\n|move|p2a: Murkrow|Icy Wind|p1b: Maushold|[spread] p1a\n|-activate|p1b: Maushold|move: Protect\n|-damage|p1a: Mudsdale|0 fnt\n|faint|p1a: Mudsdale\n|\n|upkeep\n|\n|t:|1682615415\n|switch|p1a: Tinkaton|Tinkaton, L50, F|100\/100\n|-ability|p1a: Tinkaton|Mold Breaker\n|turn|5\n|\n|t:|1682615426\n|move|p2a: Murkrow|Tailwind|p2a: Murkrow\n|-sidestart|p2: Tawn|move: Tailwind\n|move|p2b: Bisharp|Iron Head|p1b: Maushold\n|-damage|p1b: Maushold|0 fnt\n|faint|p1b: Maushold\n|move|p1a: Tinkaton|Skill Swap|p2b: Bisharp\n|-activate|p1a: Tinkaton|move: Skill Swap|Defiant|Mold Breaker|[of] p2b: Bisharp\n|-ability|p2b: Bisharp|Mold Breaker\n|\n|upkeep\n|\n|t:|1682615432\n|switch|p1b: Kingambit|Kingambit, L50, M|100\/100\n|turn|6\n|\n|t:|1682615447\n|move|p2a: Murkrow|Taunt|p1a: Tinkaton\n|-start|p1a: Tinkaton|move: Taunt\n|move|p2b: Bisharp|Iron Head|p1a: Tinkaton\n|-damage|p1a: Tinkaton|63\/100\n|move|p1a: Tinkaton|Gigaton Hammer|p2a: Murkrow\n|-damage|p2a: Murkrow|0 fnt\n|faint|p2a: Murkrow\n|move|p1b: Kingambit|Kowtow Cleave|p2b: Bisharp\n|-resisted|p2b: Bisharp\n|-damage|p2b: Bisharp|85\/100\n|-damage|p1b: Kingambit|91\/100|[from] item: Life Orb\n|\n|upkeep\n|turn|7\n|\n|t:|1682615472\n|move|p2b: Bisharp|Iron Head|p1a: Tinkaton\n|-damage|p1a: Tinkaton|25\/100\n|move|p1a: Tinkaton|Play Rough|p2b: Bisharp\n|-damage|p2b: Bisharp|71\/100\n|move|p1b: Kingambit|Iron Head|p2b: Bisharp\n|-resisted|p2b: Bisharp\n|-damage|p2b: Bisharp|57\/100\n|-damage|p1b: Kingambit|81\/100|[from] item: Life Orb\n|\n|upkeep\n|turn|8\n|\n|t:|1682615488\n|move|p2b: Bisharp|Iron Head|p1a: Tinkaton\n|-damage|p1a: Tinkaton|0 fnt\n|faint|p1a: Tinkaton\n|move|p1b: Kingambit|Iron Head|p2b: Bisharp\n|-resisted|p2b: Bisharp\n|-damage|p2b: Bisharp|42\/100\n|-damage|p1b: Kingambit|72\/100|[from] item: Life Orb\n|\n|-sideend|p2: Tawn|move: Tailwind\n|upkeep\n|turn|9\n|\n|t:|1682615499\n|move|p2b: Bisharp|Iron Head|p1b: Kingambit\n|-resisted|p1b: Kingambit\n|-damage|p1b: Kingambit|60\/100\n|cant|p1b: Kingambit|flinch\n|\n|upkeep\n|turn|10\n|\n|t:|1682615505\n|move|p2b: Bisharp|Iron Head|p1b: Kingambit\n|-resisted|p1b: Kingambit\n|-damage|p1b: Kingambit|48\/100\n|cant|p1b: Kingambit|flinch\n|\n|upkeep\n|turn|11\n|c|\u2606Tawn|flinch hax\n|inactive|Battle timer is ON: inactive players will automatically lose when time's up. (requested by Froglock)\n|\n|t:|1682615524\n|move|p1b: Kingambit|Sucker Punch|p2b: Bisharp\n|-resisted|p2b: Bisharp\n|-crit|p2b: Bisharp\n|-damage|p2b: Bisharp|22\/100\n|-damage|p1b: Kingambit|39\/100|[from] item: Life Orb\n|move|p2b: Bisharp|Iron Head|p1b: Kingambit\n|-resisted|p1b: Kingambit\n|-damage|p1b: Kingambit|26\/100\n|\n|upkeep\n|turn|12\n|\n|t:|1682615534\n|move|p2b: Bisharp|Sucker Punch|p1b: Kingambit\n|-resisted|p1b: Kingambit\n|-damage|p1b: Kingambit|15\/100\n|move|p1b: Kingambit|Sucker Punch||[still]\n|-fail|p1b: Kingambit\n|\n|upkeep\n|turn|13\n|\n|t:|1682615541\n|move|p2b: Bisharp|Protect|p2b: Bisharp\n|-singleturn|p2b: Bisharp|Protect\n|move|p1b: Kingambit|Iron Head|p2b: Bisharp\n|-activate|p2b: Bisharp|move: Protect\n|\n|upkeep\n|turn|14\n|\n|t:|1682615547\n|move|p2b: Bisharp|Tera Blast|p1b: Kingambit\n|-resisted|p1b: Kingambit\n|-damage|p1b: Kingambit|10\/100\n|move|p1b: Kingambit|Iron Head|p2b: Bisharp\n|-resisted|p2b: Bisharp\n|-damage|p2b: Bisharp|6\/100\n|-damage|p1b: Kingambit|0 fnt|[from] item: Life Orb\n|faint|p1b: Kingambit\n|\n|win|Tawn\n|raw|Froglock's rating: 1171 → 1139<\/strong> (-32 for losing)\n|raw|Tawn's rating: 1074 → 1111<\/strong> (+37 for winning)\n","uploadtime":1682615557,"views":6,"p1id":"froglock","p2id":"tawn","formatid":"gen9vgc2023regulationc","rating":1111,"private":0,"password":""}