{"id":"gen9vgc2023regulationc-1846586059","p1":"Esspecialy","p2":"t0rchlit","format":"[Gen 9] VGC 2023 Regulation C","log":"|j|\u2606Esspecialy\n|j|\u2606t0rchlit\n|t:|1681854366\n|gametype|doubles\n|player|p1|Esspecialy|roughneck|1479\n|player|p2|t0rchlit|lady-gen4|1362\n|teamsize|p1|6\n|teamsize|p2|6\n|gen|9\n|tier|[Gen 9] VGC 2023 Regulation C\n|rated|\n|rule|Species Clause: Limit one of each Pok\u00e9mon\n|rule|Item Clause: Limit one of each item\n|clearpoke\n|poke|p1|Roaring Moon, L50|\n|poke|p1|Great Tusk, L50|\n|poke|p1|Chi-Yu, L50|\n|poke|p1|Gholdengo, L50|\n|poke|p1|Iron Bundle, L50|\n|poke|p1|Flutter Mane, L50|\n|poke|p2|Flutter Mane, L50|\n|poke|p2|Arcanine, L50, F|\n|poke|p2|Palafin, L50, F|\n|poke|p2|Amoonguss, L50, M|\n|poke|p2|Lycanroc, L50, F|\n|poke|p2|Tyranitar, L50, M|\n|teampreview|4\nt0rchlit has agreed to open team sheets.\n|inactive|Battle timer is ON: inactive players will automatically lose when time's up. (requested by Esspecialy)\nEsspecialy rejected open team sheets.\n|c|\u2606t0rchlit|:(\n|c|\u2606Esspecialy|:)\n|inactive|t0rchlit has 60 seconds left.\n|\n|t:|1681854446\n|start\n|switch|p1a: Highdreigon|Roaring Moon, L50, shiny|100\/100\n|switch|p1b: 1OfAKind|Great Tusk, L50, shiny|100\/100\n|switch|p2a: Lycanroc|Lycanroc, L50, F|100\/100\n|switch|p2b: Strength|Tyranitar, L50, M|100\/100\n|-weather|Sandstorm|[from] ability: Sand Stream|[of] p2b: Strength\n|-enditem|p1a: Highdreigon|Booster Energy\n|-activate|p1a: Highdreigon|ability: Protosynthesis|[fromitem]\n|-start|p1a: Highdreigon|protosynthesisspe\n|turn|1\n|\n|t:|1681854467\n|-terastallize|p2b: Strength|Flying\n|move|p2a: Lycanroc|Protect|p2a: Lycanroc\n|-singleturn|p2a: Lycanroc|Protect\n|move|p1a: Highdreigon|Tailwind|p1a: Highdreigon\n|-sidestart|p1: Esspecialy|move: Tailwind\n|move|p1b: 1OfAKind|Headlong Rush|p2a: Lycanroc\n|-activate|p2a: Lycanroc|move: Protect\n|move|p2b: Strength|Tera Blast|p1b: 1OfAKind\n|-supereffective|p1b: 1OfAKind\n|-damage|p1b: 1OfAKind|36\/100\n|\n|-weather|Sandstorm|[upkeep]\n|-damage|p1a: Highdreigon|95\/100|[from] Sandstorm\n|-damage|p2b: Strength|95\/100|[from] Sandstorm\n|upkeep\n|turn|2\n|\n|t:|1681854489\n|switch|p2a: Amoongsus|Amoonguss, L50, M|100\/100\n|-terastallize|p1b: 1OfAKind|Steel\n|move|p1a: Highdreigon|Protect|p1a: Highdreigon\n|-singleturn|p1a: Highdreigon|Protect\n|move|p1b: 1OfAKind|Headlong Rush|p2a: Amoongsus\n|-damage|p2a: Amoongsus|29\/100\n|-unboost|p1b: 1OfAKind|def|1\n|-unboost|p1b: 1OfAKind|spd|1\n|-enditem|p2a: Amoongsus|Sitrus Berry|[eat]\n|-heal|p2a: Amoongsus|53\/100|[from] item: Sitrus Berry\n|move|p2b: Strength|Brick Break|p1a: Highdreigon\n|-activate|p1a: Highdreigon|move: Protect\n|\n|-weather|Sandstorm|[upkeep]\n|-damage|p1a: Highdreigon|89\/100|[from] Sandstorm\n|-damage|p2b: Strength|89\/100|[from] Sandstorm\n|-damage|p2a: Amoongsus|48\/100|[from] Sandstorm\n|upkeep\n|turn|3\n|inactive|t0rchlit has 30 seconds left.\n|\n|t:|1681854518\n|move|p2a: Amoongsus|Protect|p2a: Amoongsus\n|-singleturn|p2a: Amoongsus|Protect\n|move|p1a: Highdreigon|Throat Chop|p2b: Strength\n|-damage|p2b: Strength|56\/100\n|-start|p2b: Strength|Throat Chop|[silent]\n|move|p1b: 1OfAKind|Headlong Rush|p2a: Amoongsus\n|-activate|p2a: Amoongsus|move: Protect\n|move|p2b: Strength|Rock Slide|p1a: Highdreigon|[spread] p1a,p1b\n|-resisted|p1b: 1OfAKind\n|-damage|p1a: Highdreigon|47\/100\n|-damage|p1b: 1OfAKind|19\/100\n|\n|-weather|Sandstorm|[upkeep]\n|-damage|p1a: Highdreigon|41\/100|[from] Sandstorm\n|-damage|p2b: Strength|50\/100|[from] Sandstorm\n|-damage|p2a: Amoongsus|42\/100|[from] Sandstorm\n|upkeep\n|turn|4\n|\n|t:|1681854539\n|switch|p2a: Justice|Palafin, L50, F|100\/100\n|move|p1a: Highdreigon|Acrobatics|p2b: Strength\n|-damage|p2b: Strength|19\/100\n|move|p1b: 1OfAKind|Headlong Rush|p2a: Justice\n|-damage|p2a: Justice|28\/100\n|-unboost|p1b: 1OfAKind|def|1\n|-unboost|p1b: 1OfAKind|spd|1\n|move|p2b: Strength|Rock Slide|p1a: Highdreigon|[spread] p1a,p1b\n|-resisted|p1b: 1OfAKind\n|-damage|p1a: Highdreigon|4\/100\n|-damage|p1b: 1OfAKind|0 fnt\n|faint|p1b: 1OfAKind\n|-end|p1b: 1OfAKind|Protosynthesis|[silent]\n|\n|-weather|Sandstorm|[upkeep]\n|-damage|p1a: Highdreigon|0 fnt|[from] Sandstorm\n|-damage|p2a: Justice|22\/100|[from] Sandstorm\n|-damage|p2b: Strength|14\/100|[from] Sandstorm\n|faint|p1a: Highdreigon\n|-end|p1a: Highdreigon|Protosynthesis|[silent]\n|-end|p2b: Strength|Throat Chop|[silent]\n|-sideend|p1: Esspecialy|move: Tailwind\n|upkeep\n|\n|t:|1681854546\n|switch|p1a: Aegislosh|Gholdengo, L50|100\/100\n|switch|p1b: Arctofish|Iron Bundle, L50|100\/100\n|turn|5\n|\n|t:|1681854567\n|switch|p2b: Amoongsus|Amoonguss, L50, M|75\/100\n|move|p2a: Justice|Protect|p2a: Justice\n|-singleturn|p2a: Justice|Protect\n|move|p1b: Arctofish|Freeze-Dry|p2a: Justice\n|-activate|p2a: Justice|move: Protect\n|move|p1a: Aegislosh|Shadow Ball|p2b: Amoongsus\n|-damage|p2b: Amoongsus|37\/100\n|-damage|p1a: Aegislosh|91\/100|[from] item: Life Orb\n|\n|-weather|none\n|upkeep\n|turn|6\n|\n|t:|1681854590\n|switch|p2b: Strength|Tyranitar, L50, M, tera:Flying|14\/100\n|-weather|Sandstorm|[from] ability: Sand Stream|[of] p2b: Strength\n|move|p2a: Justice|Jet Punch|p1a: Aegislosh\n|-damage|p1a: Aegislosh|68\/100\n|move|p1b: Arctofish|Freeze-Dry|p2b: Strength\n|-supereffective|p2b: Strength\n|-damage|p2b: Strength|0 fnt\n|faint|p2b: Strength\n|move|p1a: Aegislosh|Shadow Ball|p2a: Justice\n|-damage|p2a: Justice|0 fnt\n|faint|p2a: Justice\n|-damage|p1a: Aegislosh|59\/100|[from] item: Life Orb\n|\n|-weather|Sandstorm|[upkeep]\n|-damage|p1b: Arctofish|94\/100|[from] Sandstorm\n|upkeep\n|\n|t:|1681854598\n|switch|p2a: Lycanroc|Lycanroc, L50, F|100\/100\n|switch|p2b: Amoongsus|Amoonguss, L50, M|70\/100\n|turn|7\n|inactive|t0rchlit has 30 seconds left.\n|inactive|t0rchlit has 20 seconds left.\n|\n|t:|1681854638\n|move|p1b: Arctofish|Protect|p1b: Arctofish\n|-singleturn|p1b: Arctofish|Protect\n|move|p2a: Lycanroc|Rock Slide|p1a: Aegislosh|[spread] p1a\n|-activate|p1b: Arctofish|move: Protect\n|-resisted|p1a: Aegislosh\n|-damage|p1a: Aegislosh|45\/100\n|move|p1a: Aegislosh|Make It Rain|p2a: Lycanroc|[spread] p2a,p2b\n|-supereffective|p2a: Lycanroc\n|-enditem|p2a: Lycanroc|Focus Sash\n|-damage|p2a: Lycanroc|1\/100\n|-damage|p2b: Amoongsus|29\/100\n|-unboost|p1a: Aegislosh|spa|1\n|-damage|p1a: Aegislosh|36\/100|[from] item: Life Orb\n|move|p2b: Amoongsus|Pollen Puff|p2a: Lycanroc\n|-heal|p2a: Lycanroc|51\/100\n|\n|-weather|Sandstorm|[upkeep]\n|-damage|p1b: Arctofish|88\/100|[from] Sandstorm\n|-damage|p2b: Amoongsus|24\/100|[from] Sandstorm\n|upkeep\n|turn|8\n|inactive|Esspecialy has 30 seconds left.\n|inactive|t0rchlit has 30 seconds left.\n|\n|t:|1681854671\n|move|p2b: Amoongsus|Rage Powder|p2b: Amoongsus\n|-singleturn|p2b: Amoongsus|move: Rage Powder\n|move|p2a: Lycanroc|Rock Slide|p1b: Arctofish|[spread] p1a,p1b\n|-resisted|p1a: Aegislosh\n|-supereffective|p1b: Arctofish\n|-damage|p1a: Aegislosh|24\/100\n|-damage|p1b: Arctofish|20\/100\n|cant|p1b: Arctofish|flinch\n|cant|p1a: Aegislosh|flinch\n|\n|-weather|Sandstorm|[upkeep]\n|-damage|p1b: Arctofish|13\/100|[from] Sandstorm\n|-damage|p2b: Amoongsus|18\/100|[from] Sandstorm\n|upkeep\n|turn|9\n|inactive|t0rchlit has 30 seconds left.\n|\n|t:|1681854701\n|move|p2a: Lycanroc|Rock Slide|p1a: Aegislosh|[spread] p1a,p1b\n|-resisted|p1a: Aegislosh\n|-supereffective|p1b: Arctofish\n|-damage|p1a: Aegislosh|11\/100\n|-damage|p1b: Arctofish|0 fnt\n|faint|p1b: Arctofish\n|-end|p1b: Arctofish|Quark Drive|[silent]\n|move|p1a: Aegislosh|Make It Rain|p2b: Amoongsus|[spread] p2a,p2b\n|-supereffective|p2a: Lycanroc\n|-damage|p2a: Lycanroc|0 fnt\n|-damage|p2b: Amoongsus|0 fnt\n|-unboost|p1a: Aegislosh|spa|1\n|faint|p2a: Lycanroc\n|faint|p2b: Amoongsus\n|-damage|p1a: Aegislosh|1\/100|[from] item: Life Orb\n|\n|win|Esspecialy\n|raw|Esspecialy's rating: 1479 → 1493<\/strong> (+14 for winning)\n|raw|t0rchlit's rating: 1362 → 1348<\/strong> (-14 for losing)\n|c|\u2606t0rchlit|gg\n|l|\u2606t0rchlit\n|c|\u2606Esspecialy|gg\n","uploadtime":1681854716,"views":8,"p1id":"esspecialy","p2id":"t0rchlit","formatid":"gen9vgc2023regulationc","rating":1348,"private":0,"password":""}