{"id":"gen9vgc2023regulationc-1859069097","p1":"SpadesHS","p2":"Nightfront","format":"[Gen 9] VGC 2023 Regulation C","log":"|j|\u2606SpadesHS\n|j|\u2606Nightfront\n|t:|1683400765\n|gametype|doubles\n|player|p1|SpadesHS|n|\n|player|p2|Nightfront|winona-gen6|\n|teamsize|p1|6\n|teamsize|p2|6\n|gen|9\n|tier|[Gen 9] VGC 2023 Regulation C\n|rule|Species Clause: Limit one of each Pok\u00e9mon\n|rule|Item Clause: Limit one of each item\n|clearpoke\n|poke|p1|Amoonguss, L50, F|\n|poke|p1|Palafin, L50, M|\n|poke|p1|Arcanine, L50, F|\n|poke|p1|Ting-Lu, L50|\n|poke|p1|Kingambit, L50, F|\n|poke|p1|Flutter Mane, L50|\n|poke|p2|Iron Treads, L50|\n|poke|p2|Hydreigon, L50, M|\n|poke|p2|Pawmot, L50, M|\n|poke|p2|Slowking, L50, F|\n|poke|p2|Arboliva, L50, F|\n|poke|p2|Glalie, L50, M|\n|teampreview|4\n|\n|t:|1683400807\n|start\n|switch|p1a: Fun Police|Arcanine, L50, F|100\/100\n|switch|p1b: Marino|Palafin, L50, M|100\/100\n|switch|p2a: Iron Treads|Iron Treads, L50|100\/100\n|switch|p2b: Hydreigon|Hydreigon, L50, M|100\/100\n|-ability|p1a: Fun Police|Intimidate|boost\n|-fail|p2a: Iron Treads|unboost|[from] item: Clear Amulet|[of] p2a: Iron Treads\n|-unboost|p2b: Hydreigon|atk|1\n|turn|1\n|\n|t:|1683400835\n|detailschange|p1b: Marino|Palafin-Hero, L50, M\n|switch|p1b: Tiki|Ting-Lu, L50|100\/100\n|-ability|p1b: Tiki|Vessel of Ruin\n|-terastallize|p2a: Iron Treads|Water\n|move|p2a: Iron Treads|Stomping Tantrum|p1a: Fun Police\n|-supereffective|p1a: Fun Police\n|-damage|p1a: Fun Police|26\/100\n|move|p1a: Fun Police|Howl|p1a: Fun Police|[spread] p1a,p1b\n|-boost|p1a: Fun Police|atk|1\n|-boost|p1b: Tiki|atk|1\n|move|p2b: Hydreigon|Dark Pulse|p1a: Fun Police\n|-crit|p1a: Fun Police\n|-damage|p1a: Fun Police|0 fnt\n|faint|p1a: Fun Police\n|\n|upkeep\n|\n|t:|1683400848\n|switch|p1a: Magnus|Kingambit, L50, F|100\/100\n|turn|2\n|\n|t:|1683400879\n|move|p2a: Iron Treads|Body Press|p1a: Magnus\n|-supereffective|p1a: Magnus\n|-damage|p1a: Magnus|37\/100\n|move|p2b: Hydreigon|Draco Meteor|p1b: Tiki|[miss]\n|-miss|p2b: Hydreigon|p1b: Tiki\n|move|p1b: Tiki|Ruination|p2a: Iron Treads\n|-damage|p2a: Iron Treads|50\/100\n|move|p1a: Magnus|Swords Dance|p1a: Magnus\n|-boost|p1a: Magnus|atk|2\n|\n|upkeep\n|turn|3\n|\n|t:|1683400894\n|move|p1a: Magnus|Protect|p1a: Magnus\n|-singleturn|p1a: Magnus|Protect\n|move|p2a: Iron Treads|Body Press|p1a: Magnus\n|-activate|p1a: Magnus|move: Protect\n|move|p2b: Hydreigon|Heat Wave|p1b: Tiki|[spread] p1b\n|-activate|p1a: Magnus|move: Protect\n|-damage|p1b: Tiki|92\/100\n|move|p1b: Tiki|Ruination|p2b: Hydreigon\n|-damage|p2b: Hydreigon|51\/100\n|\n|upkeep\n|turn|4\n|\n|t:|1683400919\n|move|p1a: Magnus|Sucker Punch|p2b: Hydreigon\n|-resisted|p2b: Hydreigon\n|-damage|p2b: Hydreigon|4\/100\n|move|p2a: Iron Treads|Body Press|p1a: Magnus\n|-supereffective|p1a: Magnus\n|-damage|p1a: Magnus|0 fnt\n|faint|p1a: Magnus\n|move|p2b: Hydreigon|Heat Wave|p1b: Tiki\n|-damage|p1b: Tiki|79\/100\n|move|p1b: Tiki|Stomping Tantrum|p2a: Iron Treads\n|-damage|p2a: Iron Treads|0 fnt\n|faint|p2a: Iron Treads\n|-end|p2a: Iron Treads|Quark Drive|[silent]\n|\n|upkeep\n|\n|t:|1683400927\n|switch|p2a: Glalie|Glalie, L50, M|100\/100\n|switch|p1a: Marino|Palafin-Hero, L50, M|100\/100\n|-activate|p1a: Marino|ability: Zero to Hero\n|turn|5\n|\n|t:|1683400941\n|move|p1a: Marino|Protect|p1a: Marino\n|-singleturn|p1a: Marino|Protect\n|move|p2b: Hydreigon|Draco Meteor|p1a: Marino\n|-activate|p1a: Marino|move: Protect\n|move|p2a: Glalie|Substitute|p2a: Glalie\n|-start|p2a: Glalie|Substitute\n|-damage|p2a: Glalie|76\/100\n|move|p1b: Tiki|Heavy Slam|p2a: Glalie\n|-supereffective|p2a: Glalie\n|-end|p2a: Glalie|Substitute\n|\n|-heal|p2a: Glalie|82\/100|[from] item: Leftovers\n|-ability|p2a: Glalie|Moody|boost\n|-boost|p2a: Glalie|spd|2\n|-unboost|p2a: Glalie|spa|1\n|upkeep\n|turn|6\n|\n|t:|1683400959\n|move|p2a: Glalie|Protect|p2a: Glalie\n|-singleturn|p2a: Glalie|Protect\n|move|p1a: Marino|Jet Punch|p2b: Hydreigon\n|-resisted|p2b: Hydreigon\n|-damage|p2b: Hydreigon|0 fnt\n|faint|p2b: Hydreigon\n|move|p1b: Tiki|Heavy Slam|p2a: Glalie\n|-activate|p2a: Glalie|move: Protect\n|\n|-heal|p2a: Glalie|88\/100|[from] item: Leftovers\n|-ability|p2a: Glalie|Moody|boost\n|-boost|p2a: Glalie|atk|2\n|-unboost|p2a: Glalie|spa|1\n|upkeep\n|\n|t:|1683400964\n|switch|p2b: Pawmot|Pawmot, L50, M|100\/100\n|turn|7\n|\n|t:|1683400977\n|move|p2b: Pawmot|Close Combat|p1b: Tiki\n|-supereffective|p1b: Tiki\n|-damage|p1b: Tiki|4\/100\n|-unboost|p2b: Pawmot|def|1\n|-unboost|p2b: Pawmot|spd|1\n|move|p1a: Marino|Wave Crash|p2a: Glalie\n|-damage|p2a: Glalie|7\/100\n|-damage|p1a: Marino|76\/100|[from] Recoil\n|move|p2a: Glalie|Substitute|p2a: Glalie\n|-fail|p2a: Glalie|move: Substitute|[weak]\n|move|p1b: Tiki|Heavy Slam|p2a: Glalie\n|-supereffective|p2a: Glalie\n|-damage|p2a: Glalie|0 fnt\n|faint|p2a: Glalie\n|\n|upkeep\n|turn|8\n|c|\u2606Nightfront|rip me\n|c|\u2606Nightfront|got the worst possible boosts\n|\n|t:|1683400997\n|move|p1a: Marino|Jet Punch|p2b: Pawmot\n|-enditem|p2b: Pawmot|Focus Sash\n|-damage|p2b: Pawmot|1\/100\n|move|p2b: Pawmot|Volt Switch|p1a: Marino\n|-supereffective|p1a: Marino\n|-damage|p1a: Marino|50\/100\n|move|p1b: Tiki|Stomping Tantrum|p2b: Pawmot\n|-supereffective|p2b: Pawmot\n|-damage|p2b: Pawmot|0 fnt\n|faint|p2b: Pawmot\n|\n|win|SpadesHS\n|l|\u2606Nightfront\n","uploadtime":1683401342,"views":11,"p1id":"spadeshs","p2id":"nightfront","formatid":"gen9vgc2023regulationc","rating":0,"private":0,"password":""}