{"id":"gen9vgc2023regulationc-1849495543","p1":"Terry kloak","p2":"trex0928","format":"[Gen 9] VGC 2023 Regulation C","log":"|j|\u2606Terry kloak\n|j|\u2606trex0928\n|t:|1682205270\n|gametype|doubles\n|player|p1|Terry kloak|gentleman-gen4|1509\n|player|p2|trex0928|102|1516\n|teamsize|p1|6\n|teamsize|p2|6\n|gen|9\n|tier|[Gen 9] VGC 2023 Regulation C\n|rated|\n|rule|Species Clause: Limit one of each Pok\u00e9mon\n|rule|Item Clause: Limit one of each item\n|clearpoke\n|poke|p1|Ceruledge, L50, M|\n|poke|p1|Orthworm, L50, M|\n|poke|p1|Ting-Lu, L50|\n|poke|p1|Dragonite, L50, M|\n|poke|p1|Iron Bundle, L50|\n|poke|p1|Gyarados, L50, M|\n|poke|p2|Garchomp, L50, M|\n|poke|p2|Talonflame, L50, M|\n|poke|p2|Chi-Yu, L50|\n|poke|p2|Kingambit, L50, M|\n|poke|p2|Iron Bundle, L50|\n|poke|p2|Flutter Mane, L50|\n|teampreview|4\n|inactive|Battle timer is ON: inactive players will automatically lose when time's up. (requested by trex0928)\nTerry kloak has agreed to open team sheets.\n|inactive|trex0928 has 60 seconds left.\n|\n|t:|1682205316\n|start\n|switch|p1a: Dragonite|Dragonite, L50, M|100\/100\n|switch|p1b: Ting-Lu|Ting-Lu, L50|100\/100\n|switch|p2a: Flutter Mane|Flutter Mane, L50|100\/100\n|switch|p2b: Chi-Yu|Chi-Yu, L50|100\/100\n|-ability|p2b: Chi-Yu|Beads of Ruin\n|-ability|p1b: Ting-Lu|Vessel of Ruin\n|turn|1\n|j| WeirdPolyCouple\n|j| Trullisimo\n|\n|t:|1682205336\n|-end|p2a: Flutter Mane|Protosynthesis|[silent]\n|switch|p2a: Kingambit|Kingambit, L50, M|100\/100\n|-terastallize|p1a: Dragonite|Flying\n|move|p2b: Chi-Yu|Heat Wave|p1a: Dragonite|[spread] p1a\n|-miss|p2b: Chi-Yu|p1b: Ting-Lu\n|-damage|p1a: Dragonite|82\/100\n|move|p1a: Dragonite|Rock Slide|p2b: Chi-Yu|[spread] p2a,p2b\n|-resisted|p2a: Kingambit\n|-supereffective|p2b: Chi-Yu\n|-damage|p2a: Kingambit|92\/100\n|-damage|p2b: Chi-Yu|33\/100\n|move|p1b: Ting-Lu|Earthquake|p2b: Chi-Yu|[spread] p2a,p2b\n|-immune|p1a: Dragonite\n|-supereffective|p2a: Kingambit\n|-supereffective|p2b: Chi-Yu\n|-damage|p2a: Kingambit|45\/100\n|-damage|p2b: Chi-Yu|0 fnt\n|faint|p2b: Chi-Yu\n|\n|upkeep\n|\n|t:|1682205352\n|switch|p2b: Iron Bundle|Iron Bundle, L50|100\/100\n|-enditem|p2b: Iron Bundle|Booster Energy\n|-activate|p2b: Iron Bundle|ability: Quark Drive|[fromitem]\n|-start|p2b: Iron Bundle|quarkdrivespe\n|turn|2\n|\n|t:|1682205370\n|switch|p1a: Orthworm|Orthworm, L50, M|100\/100\n|-terastallize|p2a: Kingambit|Flying\n|move|p2a: Kingambit|Sucker Punch||[still]\n|-fail|p2a: Kingambit\n|move|p2b: Iron Bundle|Freeze-Dry|p1a: Orthworm\n|-resisted|p1a: Orthworm\n|-damage|p1a: Orthworm|84\/100\n|-status|p1a: Orthworm|frz\n|move|p1b: Ting-Lu|Earthquake|p2b: Iron Bundle|[spread] p2b\n|-heal|p1a: Orthworm|100\/100 frz|[from] ability: Earth Eater|[of] p1b: Ting-Lu\n|-immune|p2a: Kingambit\n|-damage|p2b: Iron Bundle|67\/100\n|\n|upkeep\n|turn|3\n|j| Charleenenie\n|\n|t:|1682205391\n|move|p2b: Iron Bundle|Freeze-Dry|p1b: Ting-Lu\n|-supereffective|p1b: Ting-Lu\n|-damage|p1b: Ting-Lu|78\/100\n|move|p1b: Ting-Lu|Throat Chop|p2a: Kingambit\n|-damage|p2a: Kingambit|17\/100\n|-start|p2a: Kingambit|Throat Chop|[silent]\n|cant|p1a: Orthworm|frz\n|move|p2a: Kingambit|Iron Head|p1b: Ting-Lu\n|-damage|p1b: Ting-Lu|51\/100\n|\n|upkeep\n|turn|4\n|inactive|Terry kloak has 30 seconds left.\n|\n|t:|1682205421\n|move|p2b: Iron Bundle|Icy Wind|p1b: Ting-Lu|[spread] p1a,p1b\n|-resisted|p1a: Orthworm\n|-supereffective|p1b: Ting-Lu\n|-damage|p1a: Orthworm|90\/100 frz\n|-damage|p1b: Ting-Lu|38\/100\n|-unboost|p1a: Orthworm|spe|1\n|-unboost|p1b: Ting-Lu|spe|1\n|move|p2a: Kingambit|Iron Head|p1b: Ting-Lu\n|-crit|p1b: Ting-Lu\n|-damage|p1b: Ting-Lu|0 fnt\n|faint|p1b: Ting-Lu\n|cant|p1a: Orthworm|frz\n|\n|-end|p2a: Kingambit|Throat Chop|[silent]\n|upkeep\n|\n|t:|1682205433\n|switch|p1b: Dragonite|Dragonite, L50, M, tera:Flying|82\/100\n|turn|5\n|\n|t:|1682205445\n|switch|p2a: Flutter Mane|Flutter Mane, L50|100\/100\n|move|p2b: Iron Bundle|Hydro Pump|p1a: Orthworm\n|-damage|p1a: Orthworm|20\/100 frz\n|-enditem|p1a: Orthworm|Sitrus Berry|[eat]\n|-heal|p1a: Orthworm|44\/100 frz|[from] item: Sitrus Berry\n|move|p1b: Dragonite|Rock Slide|p2a: Flutter Mane|[spread] p2a,p2b\n|-supereffective|p2b: Iron Bundle\n|-damage|p2a: Flutter Mane|68\/100\n|-damage|p2b: Iron Bundle|21\/100\n|cant|p1a: Orthworm|frz\n|\n|upkeep\n|turn|6\n|inactive|trex0928 has 30 seconds left.\n|\n|t:|1682205477\n|move|p2b: Iron Bundle|Freeze-Dry|p1b: Dragonite\n|-supereffective|p1b: Dragonite\n|-damage|p1b: Dragonite|14\/100\n|move|p2a: Flutter Mane|Thunderbolt|p1b: Dragonite\n|-supereffective|p1b: Dragonite\n|-damage|p1b: Dragonite|0 fnt\n|faint|p1b: Dragonite\n|cant|p1a: Orthworm|frz\n|\n|upkeep\n|\n|t:|1682205489\n|switch|p1b: Gyarados|Gyarados, L50, M|100\/100\n|-ability|p1b: Gyarados|Intimidate|boost\n|-unboost|p2a: Flutter Mane|atk|1\n|-unboost|p2b: Iron Bundle|atk|1\n|turn|7\n|\n|t:|1682205503\n|-end|p2a: Flutter Mane|Protosynthesis|[silent]\n|switch|p2a: Kingambit|Kingambit, L50, M, tera:Flying|17\/100\n|move|p2b: Iron Bundle|Freeze-Dry|p1b: Gyarados\n|-supereffective|p1b: Gyarados\n|-damage|p1b: Gyarados|0 fnt\n|faint|p1b: Gyarados\n|cant|p1a: Orthworm|frz\n|\n|upkeep\n|turn|8\n|\n|t:|1682205523\n|cant|p1a: Orthworm|frz\n|move|p2b: Iron Bundle|Icy Wind|p1a: Orthworm\n|-resisted|p1a: Orthworm\n|-damage|p1a: Orthworm|27\/100 frz\n|-unboost|p1a: Orthworm|spe|1\n|move|p2a: Kingambit|Assurance|p1a: Orthworm\n|-damage|p1a: Orthworm|0 fnt\n|faint|p1a: Orthworm\n|\n|win|trex0928\n|raw|Terry kloak's rating: 1509 → 1489<\/strong> (-20 for losing)\n|raw|trex0928's rating: 1516 → 1536<\/strong> (+20 for winning)\n|c|\u2606trex0928|ting lu deserved the freeze not wormy\n|l| Charleenenie\n|j| Charleenenie\n|l| Charleenenie\n|l|\u2606trex0928\n","uploadtime":1682205550,"views":7,"p1id":"terrykloak","p2id":"trex0928","formatid":"gen9vgc2023regulationc","rating":1489,"private":0,"password":""}