{"id":"gen9vgc2023regulationc-1859259024","p1":"tigato","p2":"Magiplop","format":"[Gen 9] VGC 2023 Regulation C","log":"|j|\u2606tigato\n|j|\u2606Magiplop\n|t:|1683425014\n|gametype|doubles\n|player|p1|tigato|102|1086\n|player|p2|Magiplop|169|1133\n|teamsize|p1|6\n|teamsize|p2|6\n|gen|9\n|tier|[Gen 9] VGC 2023 Regulation C\n|rated|\n|rule|Species Clause: Limit one of each Pok\u00e9mon\n|rule|Item Clause: Limit one of each item\n|clearpoke\n|poke|p1|Maushold, L50|\n|poke|p1|Gholdengo, L50|\n|poke|p1|Wo-Chien, L50|\n|poke|p1|Palafin, L50, F|\n|poke|p1|Ting-Lu, L50|\n|poke|p1|Glimmora, L50, M|\n|poke|p2|Gallade, L50, M|\n|poke|p2|Chi-Yu, L50|\n|poke|p2|Flutter Mane, L50|\n|poke|p2|Amoonguss, L50, M|\n|poke|p2|Iron Bundle, L50|\n|poke|p2|Tsareena, L50, F|\n|teampreview|4\n|inactive|Battle timer is ON: inactive players will automatically lose when time's up. (requested by Magiplop)\n|\n|t:|1683425062\n|start\n|switch|p1a: Wo-Chien|Wo-Chien, L50|100\/100\n|switch|p1b: Glimmora|Glimmora, L50, M|100\/100\n|switch|p2a: Gallade|Gallade, L50, M|100\/100\n|switch|p2b: Iron Bundle|Iron Bundle, L50|100\/100\n|-ability|p1a: Wo-Chien|Tablets of Ruin\n|-enditem|p2b: Iron Bundle|Booster Energy\n|-activate|p2b: Iron Bundle|ability: Quark Drive|[fromitem]\n|-start|p2b: Iron Bundle|quarkdrivespe\n|turn|1\n|inactive|tigato has 30 seconds left.\n|\n|t:|1683425092\n|move|p2b: Iron Bundle|Protect|p2b: Iron Bundle\n|-singleturn|p2b: Iron Bundle|Protect\n|move|p1b: Glimmora|Spiky Shield|p1b: Glimmora\n|-singleturn|p1b: Glimmora|move: Protect\n|move|p2a: Gallade|Sacred Sword|p1a: Wo-Chien\n|-supereffective|p1a: Wo-Chien\n|-crit|p1a: Wo-Chien\n|-damage|p1a: Wo-Chien|0 fnt\n|faint|p1a: Wo-Chien\n|\n|upkeep\n|\n|t:|1683425106\n|switch|p1a: Maushold|Maushold, L50|100\/100\n|turn|2\n|\n|t:|1683425114\n|move|p1a: Maushold|Protect|p1a: Maushold\n|-singleturn|p1a: Maushold|Protect\n|move|p2b: Iron Bundle|Icy Wind|p1b: Glimmora|[spread] p1b\n|-activate|p1a: Maushold|move: Protect\n|-damage|p1b: Glimmora|86\/100\n|-unboost|p1b: Glimmora|spe|1\n|move|p2a: Gallade|Psycho Cut|p1b: Glimmora\n|-supereffective|p1b: Glimmora\n|-crit|p1b: Glimmora\n|-damage|p1b: Glimmora|0 fnt\n|-activate|p1b: Glimmora|ability: Toxic Debris\n|-sidestart|p2: Magiplop|move: Toxic Spikes\n|faint|p1b: Glimmora\n|\n|upkeep\n|\n|t:|1683425134\n|switch|p1b: Gholdengo|Gholdengo, L50|100\/100\n|turn|3\n|\n|t:|1683425157\n|-terastallize|p1b: Gholdengo|Fairy\n|move|p2b: Iron Bundle|Icy Wind|p1b: Gholdengo|[spread] p1a,p1b\n|-damage|p1a: Maushold|79\/100\n|-damage|p1b: Gholdengo|88\/100\n|-unboost|p1a: Maushold|spe|1\n|-unboost|p1b: Gholdengo|spe|1\n|-enditem|p1a: Maushold|Red Card|[of] p2b: Iron Bundle\n|-end|p2b: Iron Bundle|Quark Drive|[silent]\n|drag|p2b: Chi-Yu|Chi-Yu, L50|100\/100\n|-status|p2b: Chi-Yu|psn\n|-ability|p2b: Chi-Yu|Beads of Ruin\n|move|p2a: Gallade|Sacred Sword|p1a: Maushold\n|-supereffective|p1a: Maushold\n|-damage|p1a: Maushold|0 fnt\n|faint|p1a: Maushold\n|move|p1b: Gholdengo|Nasty Plot|p1b: Gholdengo\n|-boost|p1b: Gholdengo|spa|2\n|\n|-heal|p1b: Gholdengo|94\/100|[from] item: Leftovers\n|-damage|p2b: Chi-Yu|88\/100 psn|[from] psn\n|upkeep\n|turn|4\n|inactive|Magiplop has 30 seconds left.\n|\n|t:|1683425189\n|move|p2a: Gallade|Feint|p1b: Gholdengo\n|-damage|p1b: Gholdengo|85\/100\n|move|p2b: Chi-Yu|Heat Wave|p1b: Gholdengo\n|-damage|p1b: Gholdengo|26\/100\n|move|p1b: Gholdengo|Dazzling Gleam|p2b: Chi-Yu|[spread] p2a,p2b\n|-supereffective|p2a: Gallade\n|-damage|p2a: Gallade|0 fnt\n|-damage|p2b: Chi-Yu|26\/100 psn\n|faint|p2a: Gallade\n|\n|-heal|p1b: Gholdengo|32\/100|[from] item: Leftovers\n|-damage|p2b: Chi-Yu|13\/100 psn|[from] psn\n|upkeep\n|\n|t:|1683425197\n|switch|p2a: Iron Bundle|Iron Bundle, L50|100\/100\n|-status|p2a: Iron Bundle|psn\n|turn|5\n|\n|t:|1683425207\n|-terastallize|p2a: Iron Bundle|Ice\n|move|p2b: Chi-Yu|Heat Wave|p1b: Gholdengo\n|-damage|p1b: Gholdengo|0 fnt\n|faint|p1b: Gholdengo\n|\n|win|Magiplop\n|raw|tigato's rating: 1086 → 1066<\/strong> (-20 for losing)\n|raw|Magiplop's rating: 1133 → 1155<\/strong> (+22 for winning)\n","uploadtime":1683425216,"views":8,"p1id":"tigato","p2id":"magiplop","formatid":"gen9vgc2023regulationc","rating":1066,"private":0,"password":""}