{"id":"gen9vgc2023regulationc-1863041933","p1":"VivixVGC","p2":"Uvxie","format":"[Gen 9] VGC 2023 Regulation C","log":"|j|\u2606VivixVGC\n|j|\u2606Uvxie\n|t:|1683957628\n|gametype|doubles\n|player|p1|VivixVGC|interviewers|1457\n|player|p2|Uvxie|1|1453\n|teamsize|p1|6\n|teamsize|p2|6\n|gen|9\n|tier|[Gen 9] VGC 2023 Regulation C\n|rated|\n|rule|Species Clause: Limit one of each Pok\u00e9mon\n|rule|Item Clause: Limit one of each item\n|clearpoke\n|poke|p1|Dondozo, L50, F|\n|poke|p1|Tatsugiri-Stretchy, L50, M|\n|poke|p1|Glimmora, L50, F|\n|poke|p1|Pelipper, L50, F|\n|poke|p1|Scizor, L50, F|\n|poke|p1|Flutter Mane, L50|\n|poke|p2|Iron Bundle, L50|\n|poke|p2|Chi-Yu, L50|\n|poke|p2|Flutter Mane, L50|\n|poke|p2|Scream Tail, L50|\n|poke|p2|Iron Hands, L50|\n|poke|p2|Dragapult, L50, F|\n|teampreview|4\n|inactive|Battle timer is ON: inactive players will automatically lose when time's up. (requested by VivixVGC)\nVivixVGC has agreed to open team sheets.\n|c|\u2606VivixVGC|Team sheet?\n|c|\u2606VivixVGC|\ud83d\ude42\n|inactive|VivixVGC has 60 seconds left.\n|\n|t:|1683957673\n|start\n|switch|p1a: Flutter Mane|Flutter Mane, L50|100\/100\n|switch|p1b: Pelipper|Pelipper, L50, F|100\/100\n|switch|p2a: Scream Tail|Scream Tail, L50|100\/100\n|switch|p2b: Iron Bundle|Iron Bundle, L50|100\/100\n|-weather|RainDance|[from] ability: Drizzle|[of] p1b: Pelipper\n|-enditem|p1a: Flutter Mane|Booster Energy\n|-activate|p1a: Flutter Mane|ability: Protosynthesis|[fromitem]\n|-start|p1a: Flutter Mane|protosynthesisspe\n|-enditem|p2a: Scream Tail|Booster Energy\n|-activate|p2a: Scream Tail|ability: Protosynthesis|[fromitem]\n|-start|p2a: Scream Tail|protosynthesisspe\n|turn|1\n|inactive|Uvxie has 30 seconds left.\n|\n|t:|1683957699\n|move|p1a: Flutter Mane|Taunt|p2a: Scream Tail\n|-start|p2a: Scream Tail|move: Taunt\n|cant|p2a: Scream Tail|move: Taunt|Thunder Wave\n|move|p2b: Iron Bundle|Freeze-Dry|p1b: Pelipper\n|-supereffective|p1b: Pelipper\n|-enditem|p1b: Pelipper|Focus Sash\n|-damage|p1b: Pelipper|1\/100\n|move|p1b: Pelipper|Hurricane|p2b: Iron Bundle\n|-damage|p2b: Iron Bundle|4\/100\n|\n|-weather|RainDance|[upkeep]\n|upkeep\n|turn|2\n|c|\u2606Uvxie|Oh sorry\n|c|\u2606Uvxie|i didn\u2019t read\n|inactive|Uvxie has 30 seconds left.\n|inactive|VivixVGC has 30 seconds left.\n|\n|t:|1683957740\n|move|p2b: Iron Bundle|Protect|p2b: Iron Bundle\n|-singleturn|p2b: Iron Bundle|Protect\n|move|p1a: Flutter Mane|Dazzling Gleam|p2a: Scream Tail|[spread] p2a\n|-activate|p2b: Iron Bundle|move: Protect\n|-damage|p2a: Scream Tail|80\/100\n|move|p2a: Scream Tail|Play Rough|p1b: Pelipper\n|-damage|p1b: Pelipper|0 fnt\n|faint|p1b: Pelipper\n|\n|-weather|RainDance|[upkeep]\n|upkeep\n|\n|t:|1683957746\n|switch|p1b: Dondozo|Dondozo, L50, F|100\/100\n|turn|3\n|\n|t:|1683957768\n|-end|p2b: Iron Bundle|Quark Drive|[silent]\n|switch|p2b: Iron Hands|Iron Hands, L50|100\/100\n|move|p1b: Dondozo|Protect|p1b: Dondozo\n|-singleturn|p1b: Dondozo|Protect\n|move|p1a: Flutter Mane|Dazzling Gleam|p2a: Scream Tail|[spread] p2a,p2b\n|-supereffective|p2b: Iron Hands\n|-damage|p2a: Scream Tail|59\/100\n|-damage|p2b: Iron Hands|68\/100\n|move|p2a: Scream Tail|Play Rough|p1a: Flutter Mane\n|-damage|p1a: Flutter Mane|58\/100\n|\n|-weather|RainDance|[upkeep]\n|-end|p2a: Scream Tail|move: Taunt\n|upkeep\n|turn|4\n|inactive|Uvxie has 30 seconds left.\n|\n|t:|1683957794\n|-terastallize|p1b: Dondozo|Grass\n|-terastallize|p2b: Iron Hands|Grass\n|move|p1a: Flutter Mane|Taunt|p2a: Scream Tail\n|-start|p2a: Scream Tail|move: Taunt\n|cant|p2a: Scream Tail|move: Taunt|Howl\n|move|p1b: Dondozo|Wave Crash|p2a: Scream Tail\n|-damage|p2a: Scream Tail|0 fnt\n|faint|p2a: Scream Tail\n|-end|p2a: Scream Tail|Protosynthesis|[silent]\n|-damage|p1b: Dondozo|81\/100|[from] Recoil\n|-damage|p1b: Dondozo|72\/100|[from] item: Life Orb\n|move|p2b: Iron Hands|Wild Charge|p1b: Dondozo\n|-resisted|p1b: Dondozo\n|-damage|p1b: Dondozo|52\/100\n|-damage|p2b: Iron Hands|63\/100|[from] Recoil\n|\n|-weather|RainDance|[upkeep]\n|upkeep\n|\n|t:|1683957803\n|switch|p2a: Flutter Mane|Flutter Mane, L50|100\/100\n|turn|5\n|\n|t:|1683957815\n|-end|p1a: Flutter Mane|Protosynthesis|[silent]\n|switch|p1a: Tatsugiri|Tatsugiri-Stretchy, L50, M|100\/100\n|-activate|p1a: Tatsugiri|ability: Commander|[of] p1b: Dondozo\n|-boost|p1b: Dondozo|atk|2\n|-boost|p1b: Dondozo|spa|2\n|-boost|p1b: Dondozo|spe|2\n|-boost|p1b: Dondozo|def|2\n|-boost|p1b: Dondozo|spd|2\n|-end|p2a: Flutter Mane|Protosynthesis|[silent]\n|switch|p2a: Iron Bundle|Iron Bundle, L50|4\/100\n|move|p1b: Dondozo|Wave Crash|p2a: Iron Bundle\n|-resisted|p2a: Iron Bundle\n|-damage|p2a: Iron Bundle|0 fnt\n|faint|p2a: Iron Bundle\n|-end|p2a: Iron Bundle|Quark Drive|[silent]\n|-damage|p1b: Dondozo|52\/100|[from] Recoil\n|-damage|p1b: Dondozo|42\/100|[from] item: Life Orb\n|move|p2b: Iron Hands|Heavy Slam|p1a: Tatsugiri|[miss]\n|-miss|p2b: Iron Hands|p1a: Tatsugiri\n|\n|-weather|none\n|upkeep\n|\n|t:|1683957818\n|switch|p2a: Flutter Mane|Flutter Mane, L50|100\/100\n|turn|6\n|\n|t:|1683957829\n|move|p1b: Dondozo|Protect|p1b: Dondozo\n|-singleturn|p1b: Dondozo|Protect\n|move|p2a: Flutter Mane|Shadow Ball|p1b: Dondozo\n|-activate|p1b: Dondozo|move: Protect\n|move|p2b: Iron Hands|Drain Punch|p1a: Tatsugiri|[miss]\n|-miss|p2b: Iron Hands|p1a: Tatsugiri\n|\n|upkeep\n|turn|7\n|\n|t:|1683957837\n|move|p1b: Dondozo|Wave Crash|p2a: Flutter Mane\n|-damage|p2a: Flutter Mane|0 fnt\n|faint|p2a: Flutter Mane\n|-end|p2a: Flutter Mane|Protosynthesis|[silent]\n|-damage|p1b: Dondozo|19\/100|[from] Recoil\n|-damage|p1b: Dondozo|9\/100|[from] item: Life Orb\n|move|p2b: Iron Hands|Drain Punch|p1b: Dondozo\n|-damage|p1b: Dondozo|0 fnt\n|-heal|p2b: Iron Hands|67\/100|[from] drain|[of] p1b: Dondozo\n|faint|p1b: Dondozo\n|\n|upkeep\n|\n|t:|1683957839\n|switch|p1b: Flutter Mane|Flutter Mane, L50|58\/100\n|turn|8\n|\n|t:|1683957858\n|move|p1b: Flutter Mane|Protect|p1b: Flutter Mane\n|-singleturn|p1b: Flutter Mane|Protect\n|move|p1a: Tatsugiri|Dragon Pulse|p2b: Iron Hands\n|-damage|p2b: Iron Hands|47\/100\n|move|p2b: Iron Hands|Drain Punch|p1a: Tatsugiri\n|-damage|p1a: Tatsugiri|28\/100\n|-heal|p2b: Iron Hands|69\/100|[from] drain|[of] p1a: Tatsugiri\n|\n|upkeep\n|turn|9\n|\n|t:|1683957869\n|move|p1a: Tatsugiri|Dragon Pulse|p2b: Iron Hands\n|-damage|p2b: Iron Hands|47\/100\n|move|p1b: Flutter Mane|Shadow Ball|p2b: Iron Hands\n|-damage|p2b: Iron Hands|28\/100\n|-unboost|p2b: Iron Hands|spd|1\n|move|p2b: Iron Hands|Heavy Slam|p1b: Flutter Mane\n|-supereffective|p1b: Flutter Mane\n|-damage|p1b: Flutter Mane|0 fnt\n|faint|p1b: Flutter Mane\n|-end|p1b: Flutter Mane|Protosynthesis|[silent]\n|\n|upkeep\n|turn|10\n|c|\u2606Uvxie|Ouch\n|c|\u2606Uvxie|gg\n|c|\u2606VivixVGC|Ggs\n|\n|t:|1683957893\n|move|p1a: Tatsugiri|Dragon Pulse|p2b: Iron Hands\n|-damage|p2b: Iron Hands|0 fnt\n|faint|p2b: Iron Hands\n|-end|p2b: Iron Hands|Quark Drive|[silent]\n|\n|win|VivixVGC\n|raw|VivixVGC's rating: 1457 → 1477<\/strong> (+20 for winning)\n|raw|Uvxie's rating: 1453 → 1433<\/strong> (-20 for losing)\n|l|\u2606VivixVGC\n|l|\u2606Uvxie\n|j|\u2606VivixVGC\n|player|p1|VivixVGC|interviewers\n","uploadtime":1683957909,"views":11,"p1id":"vivixvgc","p2id":"uvxie","formatid":"gen9vgc2023regulationc","rating":1433,"private":0,"password":""}