{"id":"gen9vgc2023regulationc-1856360069","p1":"Raiu Akimoto","p2":"AdamJ17","format":"[Gen 9] VGC 2023 Regulation C","log":"|j|\u2606Raiu Akimoto\n|j|\u2606AdamJ17\n|t:|1683054037\n|gametype|doubles\n|player|p1|Raiu Akimoto|n|1135\n|player|p2|AdamJ17|2|1085\n|teamsize|p1|6\n|teamsize|p2|6\n|gen|9\n|tier|[Gen 9] VGC 2023 Regulation C\n|rated|\n|rule|Species Clause: Limit one of each Pok\u00e9mon\n|rule|Item Clause: Limit one of each item\n|clearpoke\n|poke|p1|Indeedee-F, L50, F|\n|poke|p1|Armarouge, L50, M|\n|poke|p1|Abomasnow, L50, M|\n|poke|p1|Iron Bundle, L50|\n|poke|p1|Cetitan, L50, M|\n|poke|p1|Annihilape, L50, M|\n|poke|p2|Dondozo, L50, F|\n|poke|p2|Ting-Lu, L50|\n|poke|p2|Flutter Mane, L50|\n|poke|p2|Gholdengo, L50|\n|poke|p2|Iron Bundle, L50|\n|poke|p2|Dragonite, L50, F|\n|teampreview|4\n|inactive|Battle timer is ON: inactive players will automatically lose when time's up. (requested by Raiu Akimoto)\n|\n|t:|1683054066\n|start\n|switch|p1a: Iron Bundle|Iron Bundle, L50|100\/100\n|switch|p1b: Armarouge|Armarouge, L50, M, shiny|100\/100\n|switch|p2a: Ting-Lu|Ting-Lu, L50|100\/100\n|switch|p2b: Dondozo|Dondozo, L50, F|100\/100\n|-ability|p2a: Ting-Lu|Vessel of Ruin\n|-enditem|p1a: Iron Bundle|Booster Energy\n|-activate|p1a: Iron Bundle|ability: Quark Drive|[fromitem]\n|-start|p1a: Iron Bundle|quarkdrivespe\n|turn|1\n|inactive|Raiu Akimoto has 30 seconds left.\n|\n|t:|1683054094\n|move|p1a: Iron Bundle|Icy Wind|p2b: Dondozo|[spread] p2a,p2b\n|-supereffective|p2a: Ting-Lu\n|-resisted|p2b: Dondozo\n|-damage|p2a: Ting-Lu|78\/100\n|-damage|p2b: Dondozo|95\/100\n|-unboost|p2a: Ting-Lu|spe|1\n|-unboost|p2b: Dondozo|spe|1\n|move|p1b: Armarouge|Heat Wave|p2b: Dondozo|[spread] p2a,p2b\n|-crit|p2a: Ting-Lu\n|-resisted|p2b: Dondozo\n|-damage|p2a: Ting-Lu|50\/100\n|-damage|p2b: Dondozo|84\/100\n|move|p2a: Ting-Lu|Stealth Rock|p1b: Armarouge\n|-sidestart|p1: Raiu Akimoto|move: Stealth Rock\n|move|p2b: Dondozo|Heavy Slam|p1a: Iron Bundle\n|-damage|p1a: Iron Bundle|54\/100\n|\n|-heal|p2b: Dondozo|90\/100|[from] item: Leftovers\n|upkeep\n|turn|2\n|\n|t:|1683054119\n|move|p1a: Iron Bundle|Freeze-Dry|p2b: Dondozo\n|-supereffective|p2b: Dondozo\n|-damage|p2b: Dondozo|49\/100\n|move|p1b: Armarouge|Armor Cannon|p2a: Ting-Lu\n|-damage|p2a: Ting-Lu|17\/100\n|-unboost|p1b: Armarouge|def|1\n|-unboost|p1b: Armarouge|spd|1\n|move|p2a: Ting-Lu|Stomping Tantrum|p1b: Armarouge\n|-supereffective|p1b: Armarouge\n|-damage|p1b: Armarouge|5\/100\n|-ability|p1b: Armarouge|Weak Armor|boost\n|-unboost|p1b: Armarouge|def|1\n|-boost|p1b: Armarouge|spe|2\n|-enditem|p1b: Armarouge|Weakness Policy\n|-boost|p1b: Armarouge|atk|2|[from] item: Weakness Policy\n|-boost|p1b: Armarouge|spa|2|[from] item: Weakness Policy\n|move|p2b: Dondozo|Heavy Slam|p1a: Iron Bundle\n|-damage|p1a: Iron Bundle|10\/100\n|\n|-heal|p2b: Dondozo|56\/100|[from] item: Leftovers\n|upkeep\n|turn|3\n|l|\u2606AdamJ17\n|inactive|AdamJ17 disconnected and has a minute to reconnect!\n|player|p2|\n|inactive|AdamJ17 has 30 seconds left.\n|j|\u2606AdamJ17\n|inactive|AdamJ17 reconnected and has 25 seconds left.\n|player|p2|AdamJ17|2\n|inactive|AdamJ17 has 20 seconds left.\n|inactive|AdamJ17 has 15 seconds left.\n|\n|t:|1683054159\n|-terastallize|p1b: Armarouge|Fire\n|move|p2a: Ting-Lu|Protect|p2a: Ting-Lu\n|-singleturn|p2a: Ting-Lu|Protect\n|move|p1a: Iron Bundle|Freeze-Dry|p2b: Dondozo\n|-supereffective|p2b: Dondozo\n|-damage|p2b: Dondozo|13\/100\n|move|p1b: Armarouge|Heat Wave|p2a: Ting-Lu|[spread] p2b\n|-activate|p2a: Ting-Lu|move: Protect\n|-resisted|p2b: Dondozo\n|-damage|p2b: Dondozo|0 fnt\n|faint|p2b: Dondozo\n|\n|upkeep\n|\n|t:|1683054170\n|switch|p2b: Dragonite|Dragonite, L50, F|100\/100\n|turn|4\n|inactive|AdamJ17 has 30 seconds left.\n|\n|t:|1683054200\n|-end|p1a: Iron Bundle|Quark Drive|[silent]\n|switch|p1a: Indeedee|Indeedee-F, L50, F, shiny|100\/100\n|-damage|p1a: Indeedee|88\/100|[from] Stealth Rock\n|-fieldstart|move: Psychic Terrain|[from] ability: Psychic Surge|[of] p1a: Indeedee\n|-enditem|p1a: Indeedee|Psychic Seed\n|-boost|p1a: Indeedee|spd|1|[from] item: Psychic Seed\n|move|p2b: Dragonite|Extreme Speed|p1a: Indeedee\n|-activate|p1a: Indeedee|move: Psychic Terrain\n|move|p1b: Armarouge|Heat Wave|p2b: Dragonite|[spread] p2a,p2b\n|-resisted|p2b: Dragonite\n|-damage|p2a: Ting-Lu|0 fnt\n|-damage|p2b: Dragonite|81\/100\n|faint|p2a: Ting-Lu\n|\n|upkeep\n|\n|t:|1683054206\n|switch|p2a: Gholdengo|Gholdengo, L50|100\/100\n|turn|5\n|\n|t:|1683054230\n|-terastallize|p2a: Gholdengo|Water\n|move|p1a: Indeedee|Helping Hand|p1b: Armarouge\n|-singleturn|p1b: Armarouge|Helping Hand|[of] p1a: Indeedee\n|move|p2b: Dragonite|Extreme Speed|p1a: Indeedee\n|-activate|p1a: Indeedee|move: Psychic Terrain\n|move|p1b: Armarouge|Expanding Force|p2b: Dragonite|[spread] p2a,p2b\n|-damage|p2a: Gholdengo|0 fnt\n|-damage|p2b: Dragonite|0 fnt\n|faint|p2a: Gholdengo\n|faint|p2b: Dragonite\n|\n|win|Raiu Akimoto\n|raw|Raiu Akimoto's rating: 1135 → 1156<\/strong> (+21 for winning)\n|raw|AdamJ17's rating: 1085 → 1066<\/strong> (-19 for losing)\n|l|\u2606AdamJ17\n","uploadtime":1683054246,"views":11,"p1id":"raiuakimoto","p2id":"adamj17","formatid":"gen9vgc2023regulationc","rating":1066,"private":0,"password":""}