{"id":"gen9vgc2023regulationc-1855936256","p1":"Cozy Snail","p2":"SpooBear","format":"[Gen 9] VGC 2023 Regulation C","log":"|j|\u2606Cozy Snail\n|j|\u2606SpooBear\n|t:|1683003304\n|gametype|doubles\n|player|p1|Cozy Snail|fisherman-gen4|\n|player|p2|SpooBear|hiker-gen4|\n|teamsize|p1|6\n|teamsize|p2|6\n|gen|9\n|tier|[Gen 9] VGC 2023 Regulation C\n|rule|Species Clause: Limit one of each Pok\u00e9mon\n|rule|Item Clause: Limit one of each item\n|clearpoke\n|poke|p1|Dragonite, L50, M|\n|poke|p1|Scream Tail, L50|\n|poke|p1|Rotom-Wash, L50|\n|poke|p1|Ting-Lu, L50|\n|poke|p1|Gholdengo, L50|\n|poke|p1|Palafin, L50, F|\n|poke|p2|Tyranitar, L50, M|\n|poke|p2|Lycanroc, L50, M|\n|poke|p2|Amoonguss, L50, F|\n|poke|p2|Volcarona, L50, M|\n|poke|p2|Gyarados, L50, F|\n|poke|p2|Flutter Mane, L50|\n|teampreview|4\n|\n|t:|1683003349\n|start\n|switch|p1a: Palafin|Palafin, L50, F|100\/100\n|switch|p1b: Gholdengo|Gholdengo, L50|100\/100\n|switch|p2a: Amoonguss|Amoonguss, L50, F, shiny|100\/100\n|switch|p2b: Volcarona|Volcarona, L50, M, shiny|100\/100\n|turn|1\n|\n|t:|1683003372\n|-terastallize|p1a: Palafin|Water\n|move|p1a: Palafin|Jet Punch|p2b: Volcarona\n|-supereffective|p2b: Volcarona\n|-damage|p2b: Volcarona|30\/100\n|move|p2b: Volcarona|Quiver Dance|p2b: Volcarona\n|-boost|p2b: Volcarona|spa|1\n|-boost|p2b: Volcarona|spd|1\n|-boost|p2b: Volcarona|spe|1\n|move|p1b: Gholdengo|Psychic|p2a: Amoonguss\n|-supereffective|p2a: Amoonguss\n|-damage|p2a: Amoonguss|32\/100\n|-enditem|p2a: Amoonguss|Sitrus Berry|[eat]\n|-heal|p2a: Amoonguss|57\/100|[from] item: Sitrus Berry\n|move|p2a: Amoonguss|Pollen Puff|p2b: Volcarona\n|-heal|p2b: Volcarona|80\/100\n|\n|-heal|p2b: Volcarona|86\/100|[from] item: Leftovers\n|upkeep\n|turn|2\n|\n|t:|1683003396\n|detailschange|p1a: Palafin|Palafin-Hero, L50, F, tera:Water\n|switch|p1a: Scream Tail|Scream Tail, L50|100\/100\n|-enditem|p1a: Scream Tail|Booster Energy\n|-activate|p1a: Scream Tail|ability: Protosynthesis|[fromitem]\n|-start|p1a: Scream Tail|protosynthesisspe\n|move|p2a: Amoonguss|Rage Powder|p2a: Amoonguss\n|-singleturn|p2a: Amoonguss|move: Rage Powder\n|move|p2b: Volcarona|Flamethrower|p1b: Gholdengo\n|-supereffective|p1b: Gholdengo\n|-damage|p1b: Gholdengo|0 fnt\n|faint|p1b: Gholdengo\n|\n|-heal|p2b: Volcarona|92\/100|[from] item: Leftovers\n|upkeep\n|\n|t:|1683003419\n|switch|p1b: Palafin|Palafin-Hero, L50, F, tera:Water|100\/100\n|-activate|p1b: Palafin|ability: Zero to Hero\n|turn|3\n|\n|t:|1683003438\n|move|p2b: Volcarona|Protect|p2b: Volcarona\n|-singleturn|p2b: Volcarona|Protect\n|move|p2a: Amoonguss|Protect|p2a: Amoonguss\n|-singleturn|p2a: Amoonguss|Protect\n|move|p1a: Scream Tail|Thunder Wave|p2b: Volcarona\n|-activate|p2b: Volcarona|move: Protect\n|move|p1b: Palafin|Haze|p1b: Palafin\n|-clearallboost\n|\n|-heal|p2b: Volcarona|98\/100|[from] item: Leftovers\n|upkeep\n|turn|4\n|\n|t:|1683003461\n|-terastallize|p2b: Volcarona|Grass\n|move|p2a: Amoonguss|Rage Powder|p2a: Amoonguss\n|-singleturn|p2a: Amoonguss|move: Rage Powder\n|move|p1b: Palafin|Jet Punch|p2a: Amoonguss\n|-resisted|p2a: Amoonguss\n|-damage|p2a: Amoonguss|31\/100\n|move|p1a: Scream Tail|Howl|p1a: Scream Tail|[spread] p1a,p1b\n|-boost|p1a: Scream Tail|atk|1\n|-boost|p1b: Palafin|atk|1\n|move|p2b: Volcarona|Giga Drain|p1b: Palafin\n|-supereffective|p1b: Palafin\n|-damage|p1b: Palafin|21\/100\n|-heal|p2b: Volcarona|100\/100|[from] drain|[of] p1b: Palafin\n|\n|upkeep\n|turn|5\n|\n|t:|1683003485\n|switch|p2a: Gyarados|Gyarados, L50, F, shiny|100\/100\n|-ability|p2a: Gyarados|Intimidate|boost\n|-unboost|p1a: Scream Tail|atk|1\n|-fail|p1b: Palafin|unboost|[from] item: Clear Amulet|[of] p1b: Palafin\n|move|p1b: Palafin|Protect|p1b: Palafin\n|-singleturn|p1b: Palafin|Protect\n|move|p1a: Scream Tail|Howl|p1a: Scream Tail|[spread] p1a,p1b\n|-boost|p1a: Scream Tail|atk|1\n|-boost|p1b: Palafin|atk|1\n|move|p2b: Volcarona|Quiver Dance|p2b: Volcarona\n|-boost|p2b: Volcarona|spa|1\n|-boost|p2b: Volcarona|spd|1\n|-boost|p2b: Volcarona|spe|1\n|\n|upkeep\n|turn|6\n|\n|t:|1683003509\n|move|p2b: Volcarona|Protect|p2b: Volcarona\n|-singleturn|p2b: Volcarona|Protect\n|move|p1a: Scream Tail|Thunder Wave|p2b: Volcarona\n|-activate|p2b: Volcarona|move: Protect\n|move|p1b: Palafin|Drain Punch|p2b: Volcarona\n|-activate|p2b: Volcarona|move: Protect\n|move|p2a: Gyarados|Thunder Wave|p1a: Scream Tail|[miss]\n|-miss|p2a: Gyarados|p1a: Scream Tail\n|\n|upkeep\n|turn|7\n|\n|t:|1683003524\n|move|p1a: Scream Tail|Thunder Wave|p2b: Volcarona\n|-status|p2b: Volcarona|par\n|move|p1b: Palafin|Drain Punch|p2b: Volcarona\n|-damage|p2b: Volcarona|24\/100 par\n|-heal|p1b: Palafin|59\/100|[from] drain|[of] p2b: Volcarona\n|-status|p1b: Palafin|brn|[from] ability: Flame Body|[of] p2b: Volcarona\n|move|p2a: Gyarados|Thunder Wave|p1a: Scream Tail\n|-status|p1a: Scream Tail|par\n|cant|p2b: Volcarona|par\n|\n|-heal|p2b: Volcarona|30\/100 par|[from] item: Leftovers\n|-damage|p1b: Palafin|53\/100 brn|[from] brn\n|upkeep\n|turn|8\n|\n|t:|1683003563\n|switch|p2a: Amoonguss|Amoonguss, L50, F, shiny|64\/100\n|move|p1b: Palafin|Protect|p1b: Palafin\n|-singleturn|p1b: Palafin|Protect\n|move|p2b: Volcarona|Protect|p2b: Volcarona\n|-singleturn|p2b: Volcarona|Protect\n|cant|p1a: Scream Tail|par\n|\n|-heal|p2b: Volcarona|36\/100 par|[from] item: Leftovers\n|-damage|p1b: Palafin|46\/100 brn|[from] brn\n|upkeep\n|turn|9\n|\n|t:|1683003586\n|move|p2a: Amoonguss|Rage Powder|p2a: Amoonguss\n|-singleturn|p2a: Amoonguss|move: Rage Powder\n|move|p1b: Palafin|Drain Punch|p2a: Amoonguss\n|-resisted|p2a: Amoonguss\n|-damage|p2a: Amoonguss|50\/100\n|-heal|p1b: Palafin|55\/100 brn|[from] drain|[of] p2a: Amoonguss\n|move|p1a: Scream Tail|Howl|p1a: Scream Tail|[spread] p1a,p1b\n|-boost|p1a: Scream Tail|atk|1\n|-boost|p1b: Palafin|atk|1\n|move|p2b: Volcarona|Giga Drain|p1b: Palafin\n|-supereffective|p1b: Palafin\n|-damage|p1b: Palafin|0 fnt\n|-heal|p2b: Volcarona|64\/100 par|[from] drain|[of] p1b: Palafin\n|faint|p1b: Palafin\n|\n|-heal|p2b: Volcarona|70\/100 par|[from] item: Leftovers\n|upkeep\n|\n|t:|1683003590\n|switch|p1b: Dragonite|Dragonite, L50, M, shiny|100\/100\n|turn|10\n|\n|t:|1683003608\n|switch|p2b: Gyarados|Gyarados, L50, F, shiny|100\/100\n|-ability|p2b: Gyarados|Intimidate|boost\n|-unboost|p1a: Scream Tail|atk|1\n|-fail|p1b: Dragonite|unboost|Attack|[from] ability: Inner Focus|[of] p1b: Dragonite\n|move|p1b: Dragonite|Extreme Speed|p2a: Amoonguss\n|-damage|p2a: Amoonguss|20\/100\n|move|p1a: Scream Tail|Play Rough|p2b: Gyarados|[miss]\n|-miss|p1a: Scream Tail|p2b: Gyarados\n|move|p2a: Amoonguss|Spore||[still]\n|-fail|p2a: Amoonguss\n|\n|upkeep\n|turn|11\n|\n|t:|1683003637\n|move|p2a: Amoonguss|Protect|p2a: Amoonguss\n|-singleturn|p2a: Amoonguss|Protect\n|move|p1b: Dragonite|Extreme Speed|p2a: Amoonguss\n|-activate|p2a: Amoonguss|move: Protect\n|move|p2b: Gyarados|Thunder Wave|p1b: Dragonite\n|-status|p1b: Dragonite|par\n|cant|p1a: Scream Tail|par\n|\n|upkeep\n|turn|12\n|\n|t:|1683003650\n|move|p1b: Dragonite|Extreme Speed|p2a: Amoonguss\n|-damage|p2a: Amoonguss|0 fnt\n|faint|p2a: Amoonguss\n|move|p2b: Gyarados|Iron Head|p1a: Scream Tail\n|-supereffective|p1a: Scream Tail\n|-damage|p1a: Scream Tail|55\/100 par\n|move|p1a: Scream Tail|Howl|p1a: Scream Tail|[spread] p1a,p1b\n|-boost|p1a: Scream Tail|atk|1\n|-boost|p1b: Dragonite|atk|1\n|\n|upkeep\n|\n|t:|1683003661\n|switch|p2a: Flutter Mane|Flutter Mane, L50, shiny|100\/100\n|-enditem|p2a: Flutter Mane|Booster Energy\n|-activate|p2a: Flutter Mane|ability: Protosynthesis|[fromitem]\n|-start|p2a: Flutter Mane|protosynthesisspa\n|turn|13\n|\n|t:|1683003684\n|move|p2a: Flutter Mane|Moonblast|p1b: Dragonite\n|-supereffective|p1b: Dragonite\n|-damage|p1b: Dragonite|19\/100 par\n|move|p2b: Gyarados|Iron Head|p1a: Scream Tail\n|-supereffective|p1a: Scream Tail\n|-crit|p1a: Scream Tail\n|-damage|p1a: Scream Tail|0 fnt\n|faint|p1a: Scream Tail\n|-end|p1a: Scream Tail|Protosynthesis|[silent]\n|move|p1b: Dragonite|Tera Blast|p2b: Gyarados\n|-damage|p2b: Gyarados|84\/100\n|\n|upkeep\n|turn|14\n|\n|t:|1683003770\n|cant|p1b: Dragonite|par\n|move|p2a: Flutter Mane|Moonblast|p1b: Dragonite\n|-supereffective|p1b: Dragonite\n|-damage|p1b: Dragonite|0 fnt\n|faint|p1b: Dragonite\n|\n|win|SpooBear\n","uploadtime":1683003789,"views":14,"p1id":"cozysnail","p2id":"spoobear","formatid":"gen9vgc2023regulationc","rating":0,"private":0,"password":""}