{"id":"gen9vgc2023regulationc-1845154358","p1":"tex kat","p2":"Sk1tt3n","format":"[Gen 9] VGC 2023 Regulation C","log":"|j|\u2606tex kat\n|j|\u2606Sk1tt3n\n|t:|1681690046\n|gametype|doubles\n|player|p1|tex kat|265|1040\n|player|p2|Sk1tt3n|hexmaniac-gen6|1119\n|teamsize|p1|6\n|teamsize|p2|6\n|gen|9\n|tier|[Gen 9] VGC 2023 Regulation C\n|rated|\n|rule|Species Clause: Limit one of each Pok\u00e9mon\n|rule|Item Clause: Limit one of each item\n|clearpoke\n|poke|p1|Oranguru, L50, M|\n|poke|p1|Iron Moth, L50|\n|poke|p1|Corviknight, L50, F|\n|poke|p1|Orthworm, L50, F|\n|poke|p1|Great Tusk, L50|\n|poke|p1|Torkoal, L50, M|\n|poke|p2|Iron Hands, L50|\n|poke|p2|Bronzong, L50|\n|poke|p2|Dondozo, L50, M|\n|poke|p2|Farigiraf, L50, M|\n|poke|p2|Flutter Mane, L50|\n|poke|p2|Ting-Lu, L50|\n|teampreview|4\n|inactive|Battle timer is ON: inactive players will automatically lose when time's up. (requested by tex kat)\n|\n|t:|1681690092\n|start\n|switch|p1a: Corviknight|Corviknight, L50, F|100\/100\n|switch|p1b: Great Tusk|Great Tusk, L50|100\/100\n|switch|p2a: Iron Hands|Iron Hands, L50|100\/100\n|switch|p2b: Farigiraf|Farigiraf, L50, M|100\/100\n|turn|1\n|inactive|tex kat has 30 seconds left.\n|inactive|tex kat has 20 seconds left.\n|\n|t:|1681690128\n|-end|p1b: Great Tusk|Protosynthesis|[silent]\n|switch|p1b: Oranguru|Oranguru, L50, M|100\/100\n|-terastallize|p2a: Iron Hands|Grass\n|move|p1a: Corviknight|Iron Head|p2b: Farigiraf\n|-damage|p2b: Farigiraf|66\/100\n|move|p2a: Iron Hands|Swords Dance|p2a: Iron Hands\n|-boost|p2a: Iron Hands|atk|2\n|move|p2b: Farigiraf|Trick Room|p2b: Farigiraf\n|-fieldstart|move: Trick Room|[of] p2b: Farigiraf\n|\n|upkeep\n|turn|2\n|inactive|tex kat has 30 seconds left.\n|inactive|Sk1tt3n has 30 seconds left.\n|\n|t:|1681690156\n|switch|p1a: Great Tusk|Great Tusk, L50|100\/100\n|move|p2b: Farigiraf|Ally Switch|p2b: Farigiraf\n|swap|p2b: Farigiraf|0|[from] move: Ally Switch\n|move|p2b: Iron Hands|Drain Punch|p1b: Oranguru\n|-damage|p1b: Oranguru|30\/100\n|move|p1b: Oranguru|Trick Room|p1b: Oranguru\n|-fieldend|move: Trick Room\n|\n|upkeep\n|turn|3\n|inactive|tex kat has 30 seconds left.\n|\n|t:|1681690186\n|move|p1a: Great Tusk|Headlong Rush|p2a: Farigiraf\n|-damage|p2a: Farigiraf|0 fnt\n|-unboost|p1a: Great Tusk|def|1\n|-unboost|p1a: Great Tusk|spd|1\n|faint|p2a: Farigiraf\n|move|p1b: Oranguru|Instruct|p1a: Great Tusk\n|-singleturn|p1a: Great Tusk|move: Instruct|[of] p1b: Oranguru\n|move|p1a: Great Tusk|Headlong Rush|p2b: Iron Hands\n|-resisted|p2b: Iron Hands\n|-crit|p2b: Iron Hands\n|-damage|p2b: Iron Hands|64\/100\n|-unboost|p1a: Great Tusk|def|1\n|-unboost|p1a: Great Tusk|spd|1\n|move|p2b: Iron Hands|Drain Punch|p1b: Oranguru\n|-damage|p1b: Oranguru|0 fnt\n|-heal|p2b: Iron Hands|77\/100|[from] drain|[of] p1b: Oranguru\n|faint|p1b: Oranguru\n|\n|-heal|p2b: Iron Hands|83\/100|[from] item: Leftovers\n|upkeep\n|inactive|Sk1tt3n has 30 seconds left.\n|inactive|Sk1tt3n has 20 seconds left.\n|\n|t:|1681690225\n|switch|p1b: Corviknight|Corviknight, L50, F|100\/100\n|switch|p2a: Flutter Mane|Flutter Mane, L50|100\/100\n|turn|4\n|\n|t:|1681690238\n|-end|p1a: Great Tusk|Protosynthesis|[silent]\n|switch|p1a: Orthworm|Orthworm, L50, F|100\/100\n|move|p2a: Flutter Mane|Shadow Ball|p1a: Orthworm\n|-damage|p1a: Orthworm|33\/100\n|move|p1b: Corviknight|Brave Bird|p2b: Iron Hands\n|-supereffective|p2b: Iron Hands\n|-damage|p2b: Iron Hands|10\/100\n|-damage|p1b: Corviknight|72\/100|[from] Recoil\n|move|p2b: Iron Hands|Wild Charge|p1b: Corviknight\n|-supereffective|p1b: Corviknight\n|-damage|p1b: Corviknight|0 fnt\n|faint|p1b: Corviknight\n|-damage|p2b: Iron Hands|0 fnt|[from] Recoil\n|faint|p2b: Iron Hands\n|-end|p2b: Iron Hands|Quark Drive|[silent]\n|\n|-heal|p1a: Orthworm|38\/100|[from] item: Leftovers\n|upkeep\n|\n|t:|1681690257\n|switch|p1b: Great Tusk|Great Tusk, L50|100\/100\n|switch|p2b: Dondozo|Dondozo, L50, M|100\/100\n|turn|5\n|\n|t:|1681690281\n|-terastallize|p1b: Great Tusk|Ground\n|move|p1a: Orthworm|Helping Hand|p1b: Great Tusk\n|-singleturn|p1b: Great Tusk|Helping Hand|[of] p1a: Orthworm\n|move|p1b: Great Tusk|Earthquake|p2a: Flutter Mane|[spread] p2a,p2b\n|-heal|p1a: Orthworm|63\/100|[from] ability: Earth Eater|[of] p1b: Great Tusk\n|-enditem|p2a: Flutter Mane|Focus Sash\n|-damage|p2a: Flutter Mane|1\/100\n|-damage|p2b: Dondozo|39\/100\n|move|p2a: Flutter Mane|Shadow Ball|p1a: Orthworm\n|-damage|p1a: Orthworm|0 fnt\n|faint|p1a: Orthworm\n|move|p2b: Dondozo|Wave Crash|p1b: Great Tusk\n|-supereffective|p1b: Great Tusk\n|-damage|p1b: Great Tusk|20\/100\n|-damage|p2b: Dondozo|17\/100|[from] Recoil\n|\n|upkeep\n|turn|6\n|\n|t:|1681690303\n|move|p1b: Great Tusk|Earthquake|p2b: Dondozo|[spread] p2a,p2b\n|-damage|p2a: Flutter Mane|0 fnt\n|-damage|p2b: Dondozo|0 fnt\n|faint|p2a: Flutter Mane\n|-end|p2a: Flutter Mane|Protosynthesis|[silent]\n|faint|p2b: Dondozo\n|\n|win|tex kat\n|raw|tex kat's rating: 1040 → 1082<\/strong> (+42 for winning)\n|raw|Sk1tt3n's rating: 1119 → 1088<\/strong> (-31 for losing)\n|l|\u2606Sk1tt3n\n","uploadtime":1681690309,"views":14,"p1id":"texkat","p2id":"sk1tt3n","formatid":"gen9vgc2023regulationc","rating":1082,"private":0,"password":""}