{"id":"gen9vgc2023regulationc-1863486506","p1":"Pikachudo2","p2":"SeveralNonSense","format":"[Gen 9] VGC 2023 Regulation C","log":"|j|\u2606Pikachudo2\n|j|\u2606SeveralNonSense\n|t:|1684023906\n|gametype|doubles\n|player|p1|Pikachudo2|1|1187\n|player|p2|SeveralNonSense|guitarist|1134\n|teamsize|p1|6\n|teamsize|p2|6\n|gen|9\n|tier|[Gen 9] VGC 2023 Regulation C\n|rated|\n|rule|Species Clause: Limit one of each Pok\u00e9mon\n|rule|Item Clause: Limit one of each item\n|clearpoke\n|poke|p1|Murkrow, L50, M|\n|poke|p1|Flutter Mane, L50|\n|poke|p1|Gholdengo, L50|\n|poke|p1|Gyarados, L50, M|\n|poke|p1|Great Tusk, L50|\n|poke|p1|Torkoal, L50, M|\n|poke|p2|Iron Bundle, L50|\n|poke|p2|Iron Hands, L50|\n|poke|p2|Gholdengo, L50|\n|poke|p2|Roaring Moon, L50|\n|poke|p2|Clodsire, L50, M|\n|poke|p2|Skeledirge, L50, M|\n|teampreview|4\n|\n|t:|1684023956\n|start\n|switch|p1a: Flutter Mane|Flutter Mane, L50|100\/100\n|switch|p1b: Gyarados|Gyarados, L50, M|100\/100\n|switch|p2a: Gholdengo|Gholdengo, L50|100\/100\n|switch|p2b: Iron Bundle|Iron Bundle, L50|100\/100\n|-ability|p1b: Gyarados|Intimidate|boost\n|-unboost|p2a: Gholdengo|atk|1\n|-unboost|p2b: Iron Bundle|atk|1\n|turn|1\n|\n|t:|1684023982\n|switch|p1b: Torkoal|Torkoal, L50, M|100\/100\n|-weather|SunnyDay|[from] ability: Drought|[of] p1b: Torkoal\n|-activate|p1a: Flutter Mane|ability: Protosynthesis\n|-start|p1a: Flutter Mane|protosynthesisspe\n|-terastallize|p2a: Gholdengo|Water\n|move|p1a: Flutter Mane|Shadow Ball|p2a: Gholdengo\n|-damage|p2a: Gholdengo|23\/100\n|-unboost|p2a: Gholdengo|spd|1\n|move|p2b: Iron Bundle|Freeze-Dry|p1b: Torkoal\n|-resisted|p1b: Torkoal\n|-crit|p1b: Torkoal\n|-damage|p1b: Torkoal|62\/100\n|move|p2a: Gholdengo|Make It Rain|p1a: Flutter Mane|[spread] p1a,p1b\n|-supereffective|p1a: Flutter Mane\n|-resisted|p1b: Torkoal\n|-damage|p1a: Flutter Mane|0 fnt\n|-damage|p1b: Torkoal|16\/100\n|-unboost|p2a: Gholdengo|spa|1\n|faint|p1a: Flutter Mane\n|-end|p1a: Flutter Mane|Protosynthesis|[silent]\n|\n|-weather|SunnyDay|[upkeep]\n|upkeep\n|\n|t:|1684023996\n|switch|p1a: Great Tusk|Great Tusk, L50|100\/100\n|-activate|p1a: Great Tusk|ability: Protosynthesis\n|-start|p1a: Great Tusk|protosynthesisatk\n|turn|2\n|\n|t:|1684024010\n|switch|p2a: Skeledirge|Skeledirge, L50, M|100\/100\n|move|p1b: Torkoal|Protect|p1b: Torkoal\n|-singleturn|p1b: Torkoal|Protect\n|move|p2b: Iron Bundle|Hydro Pump|p1a: Great Tusk\n|-supereffective|p1a: Great Tusk\n|-damage|p1a: Great Tusk|18\/100\n|move|p1a: Great Tusk|Earthquake|p2a: Skeledirge|[spread] p2a,p2b\n|-activate|p1b: Torkoal|move: Protect\n|-supereffective|p2a: Skeledirge\n|-damage|p2a: Skeledirge|0 fnt\n|-damage|p2b: Iron Bundle|4\/100\n|faint|p2a: Skeledirge\n|-damage|p1a: Great Tusk|8\/100|[from] item: Life Orb\n|\n|-weather|SunnyDay|[upkeep]\n|upkeep\n|\n|t:|1684024018\n|switch|p2a: Iron Hands|Iron Hands, L50|100\/100\n|turn|3\n|l|\u2606Pikachudo2\n|player|p1|\n|\n|t:|1684024032\n|move|p1a: Great Tusk|Protect|p1a: Great Tusk\n|-singleturn|p1a: Great Tusk|Protect\n|move|p2b: Iron Bundle|Icy Wind|p1a: Great Tusk|[spread] p1b\n|-activate|p1a: Great Tusk|move: Protect\n|-resisted|p1b: Torkoal\n|-damage|p1b: Torkoal|1\/100\n|-unboost|p1b: Torkoal|spe|1\n|-enditem|p1b: Torkoal|Eject Pack\n|j|\u2606Pikachudo2\n|player|p1|Pikachudo2|1\n|l|\u2606Pikachudo2\n|player|p1|\n|j|\u2606Pikachudo2\n|player|p1|Pikachudo2|1\n|\n|t:|1684024075\n|switch|p1b: Gyarados|Gyarados, L50, M|100\/100\n|-ability|p1b: Gyarados|Intimidate|boost\n|-unboost|p2a: Iron Hands|atk|1\n|-unboost|p2b: Iron Bundle|atk|1\n|move|p2a: Iron Hands|Drain Punch|p1a: Great Tusk\n|-activate|p1a: Great Tusk|move: Protect\n|\n|-weather|SunnyDay|[upkeep]\n|upkeep\n|turn|4\n|l|\u2606Pikachudo2\n|player|p1|\n|j|\u2606Pikachudo2\n|player|p1|Pikachudo2|1\n|l|\u2606Pikachudo2\n|player|p1|\n|j|\u2606Pikachudo2\n|player|p1|Pikachudo2|1\n|\n|t:|1684024114\n|-end|p1a: Great Tusk|Protosynthesis|[silent]\n|switch|p1a: Torkoal|Torkoal, L50, M|1\/100\n|-terastallize|p1b: Gyarados|Water\n|move|p2b: Iron Bundle|Icy Wind|p1b: Gyarados|[spread] p1a,p1b\n|-resisted|p1a: Torkoal\n|-resisted|p1b: Gyarados\n|-damage|p1a: Torkoal|0 fnt\n|-damage|p1b: Gyarados|93\/100\n|-unboost|p1b: Gyarados|spe|1\n|faint|p1a: Torkoal\n|move|p1b: Gyarados|Substitute|p1b: Gyarados\n|-start|p1b: Gyarados|Substitute\n|-damage|p1b: Gyarados|68\/100\n|move|p2a: Iron Hands|Wild Charge|p1b: Gyarados\n|-supereffective|p1b: Gyarados\n|-end|p1b: Gyarados|Substitute\n|-damage|p2a: Iron Hands|96\/100|[from] Recoil|[of] p1b: Gyarados\n|\n|-weather|SunnyDay|[upkeep]\n|-heal|p2a: Iron Hands|100\/100|[from] item: Leftovers\n|upkeep\n|\n|t:|1684024128\n|switch|p1a: Great Tusk|Great Tusk, L50|8\/100\n|-activate|p1a: Great Tusk|ability: Protosynthesis\n|-start|p1a: Great Tusk|protosynthesisatk\n|turn|5\n|\n|t:|1684024135\n|move|p1a: Great Tusk|Protect|p1a: Great Tusk\n|-singleturn|p1a: Great Tusk|Protect\n|move|p2b: Iron Bundle|Icy Wind|p1b: Gyarados|[spread] p1b\n|-activate|p1a: Great Tusk|move: Protect\n|-resisted|p1b: Gyarados\n|-damage|p1b: Gyarados|59\/100\n|-unboost|p1b: Gyarados|spe|1\n|move|p2a: Iron Hands|Wild Charge|p1b: Gyarados\n|-supereffective|p1b: Gyarados\n|-damage|p1b: Gyarados|0 fnt\n|faint|p1b: Gyarados\n|-damage|p2a: Iron Hands|89\/100|[from] Recoil\n|\n|-weather|none\n|-end|p1a: Great Tusk|Protosynthesis\n|-heal|p2a: Iron Hands|95\/100|[from] item: Leftovers\n|upkeep\n|turn|6\n|-message|Pikachudo2 forfeited.\n|\n|win|SeveralNonSense\n|raw|Pikachudo2's rating: 1187 → 1158<\/strong> (-29 for losing)\n|raw|SeveralNonSense's rating: 1134 → 1163<\/strong> (+29 for winning)\n|l|\u2606Pikachudo2\n","uploadtime":1684024164,"views":9,"p1id":"pikachudo2","p2id":"severalnonsense","formatid":"gen9vgc2023regulationc","rating":1158,"private":0,"password":""}