{"id":"gen9vgc2023regulationc-1847760140","p1":"Xaxzas","p2":"TiaSkywalker","format":"[Gen 9] VGC 2023 Regulation C","log":"|j|\u2606Xaxzas\n|j|\u2606TiaSkywalker\n|t:|1681999658\n|gametype|doubles\n|player|p1|Xaxzas|dawn-gen4pt|1170\n|player|p2|TiaSkywalker|palmer|1207\n|teamsize|p1|6\n|teamsize|p2|6\n|gen|9\n|tier|[Gen 9] VGC 2023 Regulation C\n|rated|\n|rule|Species Clause: Limit one of each Pok\u00e9mon\n|rule|Item Clause: Limit one of each item\n|clearpoke\n|poke|p1|Gholdengo, L50|\n|poke|p1|Roaring Moon, L50|\n|poke|p1|Iron Bundle, L50|\n|poke|p1|Maushold-Four, L50|\n|poke|p1|Arcanine, L50, M|\n|poke|p1|Annihilape, L50, M|\n|poke|p2|Palafin, L50, M|\n|poke|p2|Flutter Mane, L50|\n|poke|p2|Arcanine, L50, M|\n|poke|p2|Amoonguss, L50, M|\n|poke|p2|Kingambit, L50, M|\n|poke|p2|Baxcalibur, L50, F|\n|teampreview|4\nTiaSkywalker has agreed to open team sheets.\n|\n|t:|1681999751\n|start\n|switch|p1a: Maushold|Maushold-Four, L50|100\/100\n|switch|p1b: Gholdengo|Gholdengo, L50|100\/100\n|switch|p2a: Palafin|Palafin, L50, M, shiny|100\/100\n|switch|p2b: Arcanine|Arcanine, L50, M, shiny|100\/100\n|-ability|p2b: Arcanine|Intimidate|boost\n|-unboost|p1a: Maushold|atk|1\n|-unboost|p1b: Gholdengo|atk|1\n|turn|1\n|\n|t:|1681999782\n|-terastallize|p1b: Gholdengo|Water\n|move|p2a: Palafin|Protect|p2a: Palafin\n|-singleturn|p2a: Palafin|Protect\n|move|p1a: Maushold|Super Fang|p2b: Arcanine\n|-damage|p2b: Arcanine|51\/100\n|move|p1b: Gholdengo|Nasty Plot|p1b: Gholdengo\n|-boost|p1b: Gholdengo|spa|2\n|move|p2b: Arcanine|Flare Blitz|p1b: Gholdengo\n|-resisted|p1b: Gholdengo\n|-damage|p1b: Gholdengo|85\/100\n|-damage|p2b: Arcanine|46\/100|[from] Recoil\n|\n|-heal|p1b: Gholdengo|91\/100|[from] item: Leftovers\n|upkeep\n|turn|2\n|\n|t:|1681999857\n|switch|p2b: Kingambit|Kingambit, L50, M, shiny|100\/100\n|move|p1a: Maushold|Super Fang|p2a: Palafin\n|-damage|p2a: Palafin|50\/100\n|move|p2a: Palafin|Haze|p2a: Palafin\n|-clearallboost\n|move|p1b: Gholdengo|Shadow Ball|p2a: Palafin\n|-damage|p2a: Palafin|0 fnt\n|faint|p2a: Palafin\n|\n|-heal|p1b: Gholdengo|97\/100|[from] item: Leftovers\n|upkeep\n|\n|t:|1681999869\n|switch|p2a: Flutter Mane|Flutter Mane, L50, shiny|100\/100\n|turn|3\n|\n|t:|1681999888\n|move|p2a: Flutter Mane|Protect|p2a: Flutter Mane\n|-singleturn|p2a: Flutter Mane|Protect\n|move|p1a: Maushold|Follow Me|p1a: Maushold\n|-singleturn|p1a: Maushold|move: Follow Me\n|move|p1b: Gholdengo|Nasty Plot|p1b: Gholdengo\n|-boost|p1b: Gholdengo|spa|2\n|move|p2b: Kingambit|Swords Dance|p2b: Kingambit\n|-boost|p2b: Kingambit|atk|2\n|\n|-heal|p1b: Gholdengo|100\/100|[from] item: Leftovers\n|upkeep\n|turn|4\n|\n|t:|1681999919\n|-terastallize|p2a: Flutter Mane|Fairy\n|move|p2b: Kingambit|Sucker Punch|p1a: Maushold\n|-damage|p1a: Maushold|0 fnt\n|faint|p1a: Maushold\n|move|p2a: Flutter Mane|Thunderbolt|p1b: Gholdengo\n|-supereffective|p1b: Gholdengo\n|-damage|p1b: Gholdengo|32\/100\n|-damage|p2a: Flutter Mane|91\/100|[from] item: Life Orb\n|move|p1b: Gholdengo|Make It Rain|p2b: Kingambit|[spread] p2a,p2b\n|-supereffective|p2a: Flutter Mane\n|-resisted|p2b: Kingambit\n|-damage|p2a: Flutter Mane|0 fnt\n|-damage|p2b: Kingambit|64\/100\n|-unboost|p1b: Gholdengo|spa|1\n|faint|p2a: Flutter Mane\n|-end|p2a: Flutter Mane|Protosynthesis|[silent]\n|\n|-heal|p1b: Gholdengo|38\/100|[from] item: Leftovers\n|upkeep\n|\n|t:|1681999936\n|switch|p2a: Arcanine|Arcanine, L50, M, shiny|46\/100\n|switch|p1a: Arcanine|Arcanine, L50, M|100\/100\n|-ability|p1a: Arcanine|Intimidate|boost\n|-unboost|p2a: Arcanine|atk|1\n|-unboost|p2b: Kingambit|atk|1\n|-ability|p2b: Kingambit|Defiant|boost\n|-boost|p2b: Kingambit|atk|2\n|-ability|p2a: Arcanine|Intimidate|boost\n|-unboost|p1a: Arcanine|atk|1\n|-unboost|p1b: Gholdengo|atk|1\n|turn|5\n|\n|t:|1681999972\n|move|p2a: Arcanine|Extreme Speed|p1b: Gholdengo\n|-damage|p1b: Gholdengo|26\/100\n|move|p2b: Kingambit|Sucker Punch|p1a: Arcanine\n|-damage|p1a: Arcanine|0 fnt\n|faint|p1a: Arcanine\n|move|p1b: Gholdengo|Shadow Ball|p2a: Arcanine\n|-damage|p2a: Arcanine|0 fnt\n|faint|p2a: Arcanine\n|\n|-heal|p1b: Gholdengo|32\/100|[from] item: Leftovers\n|upkeep\n|\n|t:|1681999983\n|switch|p1a: Iron Bundle|Iron Bundle, L50|100\/100\n|turn|6\n|\n|t:|1682000028\n|move|p1a: Iron Bundle|Protect|p1a: Iron Bundle\n|-singleturn|p1a: Iron Bundle|Protect\n|move|p1b: Gholdengo|Protect|p1b: Gholdengo\n|-singleturn|p1b: Gholdengo|Protect\n|move|p2b: Kingambit|Kowtow Cleave|p1b: Gholdengo\n|-activate|p1b: Gholdengo|move: Protect\n|\n|-heal|p1b: Gholdengo|38\/100|[from] item: Leftovers\n|upkeep\n|turn|7\n|\n|t:|1682000049\n|move|p1a: Iron Bundle|Encore|p2b: Kingambit\n|-start|p2b: Kingambit|Encore\n|move|p1b: Gholdengo|Nasty Plot|p1b: Gholdengo\n|-boost|p1b: Gholdengo|spa|2\n|move|p2b: Kingambit|Kowtow Cleave|p1b: Gholdengo\n|-damage|p1b: Gholdengo|0 fnt\n|faint|p1b: Gholdengo\n|\n|upkeep\n|turn|8\n|\n|t:|1682000060\n|move|p1a: Iron Bundle|Freeze-Dry|p2b: Kingambit\n|-resisted|p2b: Kingambit\n|-damage|p2b: Kingambit|48\/100\n|move|p2b: Kingambit|Kowtow Cleave|p1a: Iron Bundle\n|-damage|p1a: Iron Bundle|0 fnt\n|faint|p1a: Iron Bundle\n|-end|p1a: Iron Bundle|Quark Drive|[silent]\n|\n|win|TiaSkywalker\n|raw|Xaxzas's rating: 1170 → 1148<\/strong> (-22 for losing)\n|raw|TiaSkywalker's rating: 1207 → 1229<\/strong> (+22 for winning)\n|c|\u2606TiaSkywalker|Boom\n|c|\u2606TiaSkywalker|gg\n|l|\u2606Xaxzas\n","uploadtime":1682000086,"views":6,"p1id":"xaxzas","p2id":"tiaskywalker","formatid":"gen9vgc2023regulationc","rating":1148,"private":0,"password":""}