{"id":"gen9vgc2023regulationc-1847442184","p1":"ControlGeek","p2":"usuarionuevo12","format":"[Gen 9] VGC 2023 Regulation C","log":"|j|\u2606ControlGeek\n|j|\u2606usuarionuevo12\n|t:|1681955600\n|gametype|doubles\n|player|p1|ControlGeek|169|1117\n|player|p2|usuarionuevo12|cyclistf|1151\n|teamsize|p1|6\n|teamsize|p2|6\n|gen|9\n|tier|[Gen 9] VGC 2023 Regulation C\n|rated|\n|rule|Species Clause: Limit one of each Pok\u00e9mon\n|rule|Item Clause: Limit one of each item\n|clearpoke\n|poke|p1|Gastrodon-East, L50, F|\n|poke|p1|Chi-Yu, L50|\n|poke|p1|Scizor, L50, M|\n|poke|p1|Ceruledge, L50, M|\n|poke|p1|Iron Valiant, L50|\n|poke|p1|Tatsugiri, L50, F|\n|poke|p2|Flutter Mane, L50|\n|poke|p2|Glimmora, L50, M|\n|poke|p2|Wo-Chien, L50|\n|poke|p2|Gastrodon, L50, F|\n|poke|p2|Rotom-Heat, L50|\n|poke|p2|Corviknight, L50, F|\n|teampreview|4\n|inactive|Battle timer is ON: inactive players will automatically lose when time's up. (requested by usuarionuevo12)\nControlGeek has agreed to open team sheets.\n|inactive|ControlGeek has 60 seconds left.\n|inactive|usuarionuevo12 has 60 seconds left.\n|inactive|usuarionuevo12 has 30 seconds left.\n|inactive|usuarionuevo12 has 20 seconds left.\n|inactive|usuarionuevo12 has 15 seconds left.\n|inactive|usuarionuevo12 has 10 seconds left.\n|inactive|usuarionuevo12 has 5 seconds left.\n|\n|t:|1681955686\n|start\n|switch|p1a: Guppy|Chi-Yu, L50|100\/100\n|switch|p1b: Bullet Punch|Scizor, L50, M|100\/100\n|switch|p2a: Rotom|Rotom-Heat, L50|100\/100\n|switch|p2b: Corviknight|Corviknight, L50, F|100\/100\n|-ability|p1a: Guppy|Beads of Ruin\n|turn|1\n|\n|t:|1681955703\n|-terastallize|p2b: Corviknight|Fire\n|move|p1b: Bullet Punch|Protect|p1b: Bullet Punch\n|-singleturn|p1b: Bullet Punch|Protect\n|move|p1a: Guppy|Dark Pulse|p2a: Rotom\n|-damage|p2a: Rotom|37\/100\n|move|p2a: Rotom|Thunderbolt|p1a: Guppy\n|-crit|p1a: Guppy\n|-damage|p1a: Guppy|34\/100\n|move|p2b: Corviknight|Brave Bird|p1a: Guppy\n|-damage|p1a: Guppy|0 fnt\n|faint|p1a: Guppy\n|-damage|p2b: Corviknight|94\/100|[from] Recoil\n|\n|upkeep\n|\n|t:|1681955719\n|switch|p1a: Silly|Gastrodon-East, L50, F|100\/100\n|turn|2\n|\n|t:|1681955732\n|switch|p2b: Gastrodon|Gastrodon, L50, F, shiny|100\/100\n|switch|p1b: Cutthroat|Iron Valiant, L50|100\/100\n|-enditem|p1b: Cutthroat|Booster Energy\n|-activate|p1b: Cutthroat|ability: Quark Drive|[fromitem]\n|-start|p1b: Cutthroat|quarkdrivespe\n|move|p2a: Rotom|Protect|p2a: Rotom\n|-singleturn|p2a: Rotom|Protect\n|move|p1a: Silly|Earth Power|p2b: Gastrodon\n|-damage|p2b: Gastrodon|64\/100\n|\n|upkeep\n|turn|3\n|\n|t:|1681955756\n|switch|p2a: Corviknight|Corviknight, L50, F, tera:Fire|94\/100\n|move|p1b: Cutthroat|Aura Sphere|p2a: Corviknight\n|-damage|p2a: Corviknight|56\/100\n|move|p2b: Gastrodon|Earth Power|p1b: Cutthroat\n|-crit|p1b: Cutthroat\n|-damage|p1b: Cutthroat|16\/100\n|move|p1a: Silly|Yawn|p2b: Gastrodon\n|-start|p2b: Gastrodon|move: Yawn|[of] p1a: Silly\n|\n|upkeep\n|turn|4\n|\n|t:|1681955780\n|move|p1b: Cutthroat|Destiny Bond|p1b: Cutthroat\n|-singlemove|p1b: Cutthroat|Destiny Bond\n|move|p2a: Corviknight|Iron Head|p1b: Cutthroat\n|-supereffective|p1b: Cutthroat\n|-damage|p1b: Cutthroat|0 fnt\n|faint|p1b: Cutthroat\n|-activate|p1b: Cutthroat|move: Destiny Bond\n|-end|p1b: Cutthroat|Quark Drive|[silent]\n|faint|p2a: Corviknight\n|move|p2b: Gastrodon|Recover|p2b: Gastrodon\n|-heal|p2b: Gastrodon|100\/100\n|move|p1a: Silly|Earth Power|p2b: Gastrodon\n|-damage|p2b: Gastrodon|66\/100\n|\n|-end|p2b: Gastrodon|move: Yawn|[silent]\n|-status|p2b: Gastrodon|slp\n|upkeep\n|\n|t:|1681955793\n|switch|p1b: Bullet Punch|Scizor, L50, M|100\/100\n|switch|p2a: Rotom|Rotom-Heat, L50|37\/100\n|turn|5\n|\n|t:|1681955809\n|-terastallize|p1b: Bullet Punch|Water\n|move|p2a: Rotom|Protect|p2a: Rotom\n|-singleturn|p2a: Rotom|Protect\n|move|p1b: Bullet Punch|Swords Dance|p1b: Bullet Punch\n|-boost|p1b: Bullet Punch|atk|2\n|cant|p2b: Gastrodon|slp\n|move|p1a: Silly|Earth Power|p2b: Gastrodon\n|-damage|p2b: Gastrodon|30\/100 slp\n|-enditem|p2b: Gastrodon|Sitrus Berry|[eat]\n|-heal|p2b: Gastrodon|55\/100 slp|[from] item: Sitrus Berry\n|\n|upkeep\n|turn|6\n|\n|t:|1681955830\n|move|p1b: Bullet Punch|Bullet Punch|p2a: Rotom\n|-resisted|p2a: Rotom\n|-damage|p2a: Rotom|14\/100\n|move|p2a: Rotom|Thunderbolt|p1b: Bullet Punch\n|-supereffective|p1b: Bullet Punch\n|-damage|p1b: Bullet Punch|8\/100\n|-curestatus|p2b: Gastrodon|slp|[msg]\n|move|p2b: Gastrodon|Recover|p2b: Gastrodon\n|-heal|p2b: Gastrodon|100\/100\n|move|p1a: Silly|Earth Power|p2b: Gastrodon\n|-damage|p2b: Gastrodon|64\/100\n|\n|upkeep\n|turn|7\n|\n|t:|1681955850\n|move|p1b: Bullet Punch|Protect|p1b: Bullet Punch\n|-singleturn|p1b: Bullet Punch|Protect\n|move|p2a: Rotom|Thunderbolt|p1b: Bullet Punch\n|-activate|p1b: Bullet Punch|move: Protect\n|move|p2b: Gastrodon|Earth Power|p1b: Bullet Punch\n|-activate|p1b: Bullet Punch|move: Protect\n|move|p1a: Silly|Ice Beam|p2a: Rotom\n|-resisted|p2a: Rotom\n|-damage|p2a: Rotom|0 fnt\n|faint|p2a: Rotom\n|\n|upkeep\n|\n|t:|1681955852\n|switch|p2a: Flutter Mane|Flutter Mane, L50, shiny|100\/100\n|-enditem|p2a: Flutter Mane|Booster Energy\n|-activate|p2a: Flutter Mane|ability: Protosynthesis|[fromitem]\n|-start|p2a: Flutter Mane|protosynthesisspa\n|turn|8\n|\n|t:|1681955869\n|move|p2a: Flutter Mane|Protect|p2a: Flutter Mane\n|-singleturn|p2a: Flutter Mane|Protect\n|move|p1b: Bullet Punch|Bullet Punch|p2a: Flutter Mane\n|-activate|p2a: Flutter Mane|move: Protect\n|move|p2b: Gastrodon|Earth Power|p1b: Bullet Punch\n|-damage|p1b: Bullet Punch|0 fnt\n|faint|p1b: Bullet Punch\n|move|p1a: Silly|Yawn|p2a: Flutter Mane\n|-activate|p2a: Flutter Mane|move: Protect\n|\n|upkeep\n|turn|9\n|\n|t:|1681955880\n|move|p2a: Flutter Mane|Moonblast|p1a: Silly\n|-damage|p1a: Silly|42\/100\n|move|p2b: Gastrodon|Earth Power|p1a: Silly\n|-damage|p1a: Silly|7\/100\n|move|p1a: Silly|Earth Power|p2a: Flutter Mane\n|-damage|p2a: Flutter Mane|67\/100\n|-unboost|p2a: Flutter Mane|spd|1\n|\n|upkeep\n|turn|10\n|\n|t:|1681955890\n|move|p2a: Flutter Mane|Moonblast|p1a: Silly\n|-damage|p1a: Silly|0 fnt\n|faint|p1a: Silly\n|\n|win|usuarionuevo12\n|raw|ControlGeek's rating: 1117 → 1094<\/strong> (-23 for losing)\n|raw|usuarionuevo12's rating: 1151 → 1174<\/strong> (+23 for winning)\n","uploadtime":1681955895,"views":6,"p1id":"controlgeek","p2id":"usuarionuevo12","formatid":"gen9vgc2023regulationc","rating":1094,"private":0,"password":""}