{"id":"gen9vgc2023regulationc-1850771129","p1":"JonesyVGC","p2":"billybugtv","format":"[Gen 9] VGC 2023 Regulation C","log":"|j|\u2606JonesyVGC\n|j|\u2606billybugtv\n|t:|1682366317\n|gametype|doubles\n|player|p1|JonesyVGC|266|\n|player|p2|billybugtv|170|\n|teamsize|p1|6\n|teamsize|p2|6\n|gen|9\n|tier|[Gen 9] VGC 2023 Regulation C\n|rule|Species Clause: Limit one of each Pok\u00e9mon\n|rule|Item Clause: Limit one of each item\n|clearpoke\n|poke|p1|Chien-Pao, L50|\n|poke|p1|Palafin, L50, M|\n|poke|p1|Arcanine, L50, F|\n|poke|p1|Annihilape, L50, M|\n|poke|p1|Amoonguss, L50, M|\n|poke|p1|Garchomp, L50, M|\n|poke|p2|Brute Bonnet, L50|\n|poke|p2|Garganacl, L50, F|\n|poke|p2|Torkoal, L50, F|\n|poke|p2|Flutter Mane, L50|\n|poke|p2|Iron Hands, L50|\n|poke|p2|Wo-Chien, L50|\n|teampreview|4\n|\n|t:|1682366346\n|start\n|switch|p1a: Annihilape|Annihilape, L50, M|100\/100\n|switch|p1b: Chien-Pao|Chien-Pao, L50|100\/100\n|switch|p2a: Brute Bonnet|Brute Bonnet, L50|100\/100\n|switch|p2b: Garganacl|Garganacl, L50, F|100\/100\n|-ability|p1b: Chien-Pao|Sword of Ruin\n|turn|1\n|\n|t:|1682366389\n|switch|p1b: Arcanine|Arcanine, L50, F|100\/100\n|-ability|p1b: Arcanine|Intimidate|boost\n|-unboost|p2a: Brute Bonnet|atk|1\n|-unboost|p2b: Garganacl|atk|1\n|move|p2a: Brute Bonnet|Protect|p2a: Brute Bonnet\n|-singleturn|p2a: Brute Bonnet|Protect\n|move|p1a: Annihilape|Bulk Up|p1a: Annihilape\n|-boost|p1a: Annihilape|atk|1\n|-boost|p1a: Annihilape|def|1\n|move|p2b: Garganacl|Salt Cure|p1a: Annihilape\n|-resisted|p1a: Annihilape\n|-damage|p1a: Annihilape|97\/100\n|-start|p1a: Annihilape|Salt Cure\n|\n|-heal|p1a: Annihilape|100\/100|[from] item: Leftovers\n|-damage|p1a: Annihilape|88\/100|[from] Salt Cure\n|upkeep\n|turn|2\n|\n|t:|1682366430\n|move|p1b: Arcanine|Extreme Speed|p2a: Brute Bonnet\n|-damage|p2a: Brute Bonnet|79\/100\n|move|p1a: Annihilape|Drain Punch|p2a: Brute Bonnet\n|-supereffective|p2a: Brute Bonnet\n|-damage|p2a: Brute Bonnet|0 fnt\n|-heal|p1a: Annihilape|100\/100|[from] drain|[of] p2a: Brute Bonnet\n|faint|p2a: Brute Bonnet\n|-end|p2a: Brute Bonnet|Protosynthesis|[silent]\n|move|p2b: Garganacl|Rock Slide|p1a: Annihilape|[spread] p1a,p1b\n|-resisted|p1a: Annihilape\n|-supereffective|p1b: Arcanine\n|-damage|p1a: Annihilape|96\/100\n|-damage|p1b: Arcanine|67\/100\n|\n|-heal|p1a: Annihilape|100\/100|[from] item: Leftovers\n|-damage|p1a: Annihilape|88\/100|[from] Salt Cure\n|upkeep\n|\n|t:|1682366451\n|switch|p2a: Flutter Mane|Flutter Mane, L50, shiny|100\/100\n|turn|3\n|\n|t:|1682366481\n|-terastallize|p2a: Flutter Mane|Water\n|move|p1b: Arcanine|Flame Charge|p2a: Flutter Mane\n|-resisted|p2a: Flutter Mane\n|-damage|p2a: Flutter Mane|78\/100\n|-boost|p1b: Arcanine|spe|1\n|move|p2a: Flutter Mane|Moonblast|p1a: Annihilape\n|-supereffective|p1a: Annihilape\n|-damage|p1a: Annihilape|22\/100\n|move|p1a: Annihilape|Rage Fist|p2a: Flutter Mane\n|-damage|p2a: Flutter Mane|0 fnt\n|faint|p2a: Flutter Mane\n|-end|p2a: Flutter Mane|Protosynthesis|[silent]\n|move|p2b: Garganacl|Rock Slide|p1a: Annihilape|[spread] p1a,p1b\n|-resisted|p1a: Annihilape\n|-supereffective|p1b: Arcanine\n|-damage|p1a: Annihilape|18\/100\n|-damage|p1b: Arcanine|39\/100\n|\n|-heal|p1a: Annihilape|24\/100|[from] item: Leftovers\n|-damage|p1a: Annihilape|11\/100|[from] Salt Cure\n|upkeep\n|\n|t:|1682366505\n|switch|p2a: Torkoal|Torkoal, L50, F|100\/100\n|-weather|SunnyDay|[from] ability: Drought|[of] p2a: Torkoal\n|turn|4\n|\n|t:|1682366520\n|move|p2a: Torkoal|Protect|p2a: Torkoal\n|-singleturn|p2a: Torkoal|Protect\n|move|p1b: Arcanine|Flame Charge|p2a: Torkoal\n|-activate|p2a: Torkoal|move: Protect\n|move|p1a: Annihilape|Rage Fist|p2a: Torkoal\n|-activate|p2a: Torkoal|move: Protect\n|move|p2b: Garganacl|Salt Cure|p1a: Annihilape\n|-resisted|p1a: Annihilape\n|-damage|p1a: Annihilape|9\/100\n|\n|-weather|SunnyDay|[upkeep]\n|-heal|p1a: Annihilape|15\/100|[from] item: Leftovers\n|-damage|p1a: Annihilape|2\/100|[from] Salt Cure\n|upkeep\n|turn|5\n|\n|t:|1682366592\n|move|p2b: Garganacl|Wide Guard|p2b: Garganacl\n|-singleturn|p2b: Garganacl|Wide Guard\n|move|p1b: Arcanine|Flame Charge|p2a: Torkoal\n|-resisted|p2a: Torkoal\n|-damage|p2a: Torkoal|86\/100\n|-boost|p1b: Arcanine|spe|1\n|move|p1a: Annihilape|Drain Punch|p2a: Torkoal\n|-damage|p2a: Torkoal|47\/100\n|-heal|p1a: Annihilape|19\/100|[from] drain|[of] p2a: Torkoal\n|move|p2a: Torkoal|Heat Wave|p1a: Annihilape|[spread] p1a,p1b\n|-resisted|p1b: Arcanine\n|-damage|p1a: Annihilape|0 fnt\n|-damage|p1b: Arcanine|7\/100\n|faint|p1a: Annihilape\n|\n|-weather|SunnyDay|[upkeep]\n|upkeep\n|\n|t:|1682366619\n|switch|p1a: Garchomp|Garchomp, L50, M|100\/100\n|turn|6\n|\n|t:|1682366642\n|-terastallize|p1a: Garchomp|Ground\n|move|p2a: Torkoal|Protect|p2a: Torkoal\n|-singleturn|p2a: Torkoal|Protect\n|move|p1b: Arcanine|Flame Charge|p2b: Garganacl\n|-resisted|p2b: Garganacl\n|-damage|p2b: Garganacl|91\/100\n|-boost|p1b: Arcanine|spe|1\n|-damage|p1b: Arcanine|0 fnt|[from] item: Rocky Helmet|[of] p2b: Garganacl\n|faint|p1b: Arcanine\n|move|p1a: Garchomp|Dragon Rush|p2a: Torkoal\n|-activate|p2a: Torkoal|move: Protect\n|move|p2b: Garganacl|Rock Slide|p1a: Garchomp\n|-resisted|p1a: Garchomp\n|-damage|p1a: Garchomp|92\/100\n|\n|-weather|SunnyDay|[upkeep]\n|upkeep\n|\n|t:|1682366646\n|switch|p1b: Chien-Pao|Chien-Pao, L50|100\/100\n|-ability|p1b: Chien-Pao|Sword of Ruin\n|turn|7\n|\n|t:|1682366681\n|move|p1b: Chien-Pao|Sacred Sword|p2b: Garganacl\n|-supereffective|p2b: Garganacl\n|-damage|p2b: Garganacl|46\/100\n|-damage|p1b: Chien-Pao|84\/100|[from] item: Rocky Helmet|[of] p2b: Garganacl\n|move|p1a: Garchomp|Dragon Rush|p2a: Torkoal\n|-damage|p2a: Torkoal|0 fnt\n|faint|p2a: Torkoal\n|-damage|p1a: Garchomp|82\/100|[from] item: Life Orb\n|move|p2b: Garganacl|Salt Cure|p1b: Chien-Pao\n|-supereffective|p1b: Chien-Pao\n|-damage|p1b: Chien-Pao|56\/100\n|-start|p1b: Chien-Pao|Salt Cure\n|\n|-weather|SunnyDay|[upkeep]\n|-damage|p1b: Chien-Pao|44\/100|[from] Salt Cure\n|upkeep\n|turn|8\n|\n|t:|1682366704\n|move|p1b: Chien-Pao|Ice Spinner|p2b: Garganacl\n|-damage|p2b: Garganacl|20\/100\n|-damage|p1b: Chien-Pao|28\/100|[from] item: Rocky Helmet|[of] p2b: Garganacl\n|move|p1a: Garchomp|Iron Head|p2b: Garganacl\n|-supereffective|p2b: Garganacl\n|-damage|p2b: Garganacl|0 fnt\n|-damage|p1a: Garchomp|66\/100|[from] item: Rocky Helmet|[of] p2b: Garganacl\n|faint|p2b: Garganacl\n|-damage|p1a: Garchomp|56\/100|[from] item: Life Orb\n|\n|win|JonesyVGC\n","uploadtime":1682366735,"views":20,"p1id":"jonesyvgc","p2id":"billybugtv","formatid":"gen9vgc2023regulationc","rating":0,"private":0,"password":""}