{"id":"gen9vgc2023regulationc-1862292885","p1":"Pink_SSB","p2":"iam_misterm","format":"[Gen 9] VGC 2023 Regulation C","log":"|j|\u2606Pink_SSB\n|j|\u2606iam_misterm\n|t:|1683860817\n|gametype|doubles\n|player|p1|Pink_SSB|2|1174\n|player|p2|iam_misterm|streetthug-masters|1135\n|teamsize|p1|6\n|teamsize|p2|6\n|gen|9\n|tier|[Gen 9] VGC 2023 Regulation C\n|rated|\n|rule|Species Clause: Limit one of each Pok\u00e9mon\n|rule|Item Clause: Limit one of each item\n|clearpoke\n|poke|p1|Iron Hands, L50|\n|poke|p1|Gyarados, L50, F|\n|poke|p1|Mimikyu, L50, M|\n|poke|p1|Muk, L50, F|\n|poke|p1|Ditto, L50|\n|poke|p1|Vivillon-Fancy, L50, M|\n|poke|p2|Revavroom, L50, F|\n|poke|p2|Baxcalibur, L50, M|\n|poke|p2|Volcarona, L50, F|\n|poke|p2|Gyarados, L50, M|\n|poke|p2|Wo-Chien, L50|\n|poke|p2|Grimmsnarl, L50, M|\n|teampreview|4\n|inactive|Battle timer is ON: inactive players will automatically lose when time's up. (requested by iam_misterm)\n|inactive|iam_misterm has 60 seconds left.\n|\n|t:|1683860861\n|start\n|switch|p1a: Mimikyu|Mimikyu, L50, M, shiny|100\/100\n|switch|p1b: Iron Cabbage|Iron Hands, L50|100\/100\n|switch|p2a: Grimmsnarl|Grimmsnarl, L50, M|100\/100\n|switch|p2b: Baxcalibur|Baxcalibur, L50, M|100\/100\n|turn|1\n|\n|t:|1683860876\n|switch|p2a: Revavroom|Revavroom, L50, F|100\/100\n|move|p1b: Iron Cabbage|Fake Out|p2b: Baxcalibur\n|-damage|p2b: Baxcalibur|87\/100\n|cant|p2b: Baxcalibur|flinch\n|move|p1a: Mimikyu|Trick Room|p1a: Mimikyu\n|-fieldstart|move: Trick Room|[of] p1a: Mimikyu\n|\n|upkeep\n|turn|2\n|\n|t:|1683860893\n|move|p2b: Baxcalibur|Ice Shard|p1a: Mimikyu\n|-activate|p1a: Mimikyu|ability: Disguise\n|-damage|p1a: Mimikyu|100\/100\n|detailschange|p1a: Mimikyu|Mimikyu-Busted, L50, M, shiny\n|-damage|p1a: Mimikyu|88\/100|[from] pokemon: Mimikyu-Busted\n|move|p1b: Iron Cabbage|Drain Punch|p2b: Baxcalibur\n|-supereffective|p2b: Baxcalibur\n|-damage|p2b: Baxcalibur|11\/100\n|move|p1a: Mimikyu|Will-O-Wisp|p2a: Revavroom\n|-status|p2a: Revavroom|brn\n|move|p2a: Revavroom|Iron Head|p1a: Mimikyu\n|-supereffective|p1a: Mimikyu\n|-damage|p1a: Mimikyu|41\/100\n|\n|-damage|p2a: Revavroom|95\/100 brn|[from] brn\n|upkeep\n|turn|3\n|\n|t:|1683860918\n|move|p2b: Baxcalibur|Protect|p2b: Baxcalibur\n|-singleturn|p2b: Baxcalibur|Protect\n|move|p1b: Iron Cabbage|Drain Punch|p2b: Baxcalibur\n|-activate|p2b: Baxcalibur|move: Protect\n|move|p1a: Mimikyu|Curse|p2a: Revavroom\n|-start|p2a: Revavroom|Curse|[of] p1a: Mimikyu\n|-damage|p1a: Mimikyu|0 fnt\n|faint|p1a: Mimikyu\n|move|p2a: Revavroom|Shift Gear|p2a: Revavroom\n|-boost|p2a: Revavroom|spe|2\n|-boost|p2a: Revavroom|atk|1\n|\n|-damage|p2a: Revavroom|89\/100 brn|[from] brn\n|-damage|p2a: Revavroom|64\/100 brn|[from] Curse\n|upkeep\n|\n|t:|1683860938\n|switch|p1a: #MukGangVGC|Muk, L50, F|100\/100\n|turn|4\n|\n|t:|1683860949\n|switch|p2b: Gyarados|Gyarados, L50, M|100\/100\n|-ability|p2b: Gyarados|Intimidate|boost\n|-unboost|p1a: #MukGangVGC|atk|1\n|-unboost|p1b: Iron Cabbage|atk|1\n|move|p1a: #MukGangVGC|Gunk Shot|p2b: Gyarados\n|-damage|p2b: Gyarados|57\/100\n|move|p1b: Iron Cabbage|Swords Dance|p1b: Iron Cabbage\n|-boost|p1b: Iron Cabbage|atk|2\n|move|p2a: Revavroom|Iron Head|p1a: #MukGangVGC\n|-damage|p1a: #MukGangVGC|77\/100\n|\n|-heal|p1a: #MukGangVGC|83\/100|[from] item: Leftovers\n|-damage|p2a: Revavroom|58\/100 brn|[from] brn\n|-damage|p2a: Revavroom|34\/100 brn|[from] Curse\n|upkeep\n|turn|5\n|\n|t:|1683860971\n|-terastallize|p2b: Gyarados|Ground\n|move|p1a: #MukGangVGC|Toxic|p2b: Gyarados\n|-status|p2b: Gyarados|tox\n|move|p1b: Iron Cabbage|Drain Punch|p2a: Revavroom\n|-damage|p2a: Revavroom|0 fnt\n|faint|p2a: Revavroom\n|move|p2b: Gyarados|Dragon Dance|p2b: Gyarados\n|-boost|p2b: Gyarados|atk|1\n|-boost|p2b: Gyarados|spe|1\n|\n|-heal|p1a: #MukGangVGC|88\/100|[from] item: Leftovers\n|-damage|p2b: Gyarados|51\/100 tox|[from] psn\n|-fieldend|move: Trick Room\n|upkeep\n|\n|t:|1683860985\n|switch|p2a: Baxcalibur|Baxcalibur, L50, M|11\/100\n|turn|6\n|\n|t:|1683860999\n|-terastallize|p1b: Iron Cabbage|Grass\n|move|p1a: #MukGangVGC|Protect|p1a: #MukGangVGC\n|-singleturn|p1a: #MukGangVGC|Protect\n|move|p2a: Baxcalibur|Ice Shard|p1a: #MukGangVGC\n|-activate|p1a: #MukGangVGC|move: Protect\n|move|p2b: Gyarados|Earthquake|p1b: Iron Cabbage|[spread] p2a,p1b\n|-activate|p1a: #MukGangVGC|move: Protect\n|-resisted|p1b: Iron Cabbage\n|-damage|p2a: Baxcalibur|0 fnt\n|-damage|p1b: Iron Cabbage|84\/100\n|faint|p2a: Baxcalibur\n|move|p1b: Iron Cabbage|Drain Punch|p2b: Gyarados\n|-damage|p2b: Gyarados|0 fnt\n|-heal|p1b: Iron Cabbage|100\/100|[from] drain|[of] p2b: Gyarados\n|faint|p2b: Gyarados\n|\n|-heal|p1a: #MukGangVGC|94\/100|[from] item: Leftovers\n|upkeep\n|c|\u2606iam_misterm|enjoy your day\n|-message|iam_misterm forfeited.\n|\n|win|Pink_SSB\n|raw|Pink_SSB's rating: 1174 → 1196<\/strong> (+22 for winning)\n|raw|iam_misterm's rating: 1135 → 1113<\/strong> (-22 for losing)\n|c|\u2606Pink_SSB|thx bro\n","uploadtime":1683861018,"views":18,"p1id":"pinkssb","p2id":"iammisterm","formatid":"gen9vgc2023regulationc","rating":1113,"private":0,"password":""}