{"id":"gen9vgc2023regulationc-1859857059","p1":"Heaven64","p2":"PurpleStyle","format":"[Gen 9] VGC 2023 Regulation C","log":"|j|\u2606Heaven64\n|j|\u2606PurpleStyle\n|t:|1683570300\n|gametype|doubles\n|player|p1|Heaven64|leaf-masters|\n|player|p2|PurpleStyle|pokefan|\n|teamsize|p1|6\n|teamsize|p2|6\n|gen|9\n|tier|[Gen 9] VGC 2023 Regulation C\n|rule|Species Clause: Limit one of each Pok\u00e9mon\n|rule|Item Clause: Limit one of each item\n|clearpoke\n|poke|p1|Ting-Lu, L50|\n|poke|p1|Palafin, L50, M|\n|poke|p1|Corviknight, L50, F|\n|poke|p1|Hatterene, L50, F|\n|poke|p1|Toedscool, L50, M|\n|poke|p1|Dragalge, L50, F|\n|poke|p2|Hydreigon, L50, F|\n|poke|p2|Tauros-Paldea-Combat, L50, M|\n|poke|p2|Flutter Mane, L50|\n|poke|p2|Indeedee, L50, M|\n|poke|p2|Drifblim, L50, F|\n|poke|p2|Azumarill, L50, F|\n|teampreview|4\nPurpleStyle rejected open team sheets.\n|\n|t:|1683570834\n|start\n|switch|p1a: Grand Doomer|Dragalge, L50, F, shiny|100\/100\n|switch|p1b: Drawcia|Hatterene, L50, F, shiny|100\/100\n|switch|p2a: Indeedee|Indeedee, L50, M|100\/100\n|switch|p2b: Drifblim|Drifblim, L50, F|100\/100\n|-fieldstart|move: Psychic Terrain|[from] ability: Psychic Surge|[of] p2a: Indeedee\n|-enditem|p2b: Drifblim|Psychic Seed\n|-boost|p2b: Drifblim|spd|1|[from] item: Psychic Seed\n|turn|1\n|\n|t:|1683570868\n|move|p2b: Drifblim|Acrobatics|p1b: Drawcia\n|-damage|p1b: Drawcia|49\/100\n|move|p2a: Indeedee|Psyshock|p1a: Grand Doomer\n|-supereffective|p1a: Grand Doomer\n|-damage|p1a: Grand Doomer|0 fnt\n|faint|p1a: Grand Doomer\n|move|p1b: Drawcia|Trick Room|p1b: Drawcia\n|-fieldstart|move: Trick Room|[of] p1b: Drawcia\n|\n|upkeep\n|\n|t:|1683570885\n|switch|p1a: Dyna Blade|Corviknight, L50, F, shiny|100\/100\n|turn|2\n|\n|t:|1683570895\n|move|p2a: Indeedee|Protect|p2a: Indeedee\n|-singleturn|p2a: Indeedee|Protect\n|move|p1b: Drawcia|Dark Pulse|p2b: Drifblim\n|-supereffective|p2b: Drifblim\n|-damage|p2b: Drifblim|36\/100\n|-damage|p1b: Drawcia|39\/100|[from] item: Life Orb\n|move|p1a: Dyna Blade|Brave Bird|p2b: Drifblim\n|-damage|p2b: Drifblim|0 fnt\n|faint|p2b: Drifblim\n|-damage|p1a: Dyna Blade|88\/100|[from] Recoil\n|\n|upkeep\n|\n|t:|1683570905\n|switch|p2b: Tauros|Tauros-Paldea-Combat, L50, M|100\/100\n|-ability|p2b: Tauros|Intimidate|boost\n|-ability|p1a: Dyna Blade|Mirror Armor\n|-unboost|p2b: Tauros|atk|1\n|-unboost|p1b: Drawcia|atk|1\n|turn|3\n|\n|t:|1683570928\n|-terastallize|p2b: Tauros|Electric\n|move|p1b: Drawcia|Psyshock|p2b: Tauros\n|-damage|p2b: Tauros|30\/100\n|-damage|p1b: Drawcia|29\/100|[from] item: Life Orb\n|move|p1a: Dyna Blade|Bulk Up|p1a: Dyna Blade\n|-boost|p1a: Dyna Blade|atk|1\n|-boost|p1a: Dyna Blade|def|1\n|move|p2a: Indeedee|Hyper Voice|p1b: Drawcia|[spread] p1a,p1b\n|-resisted|p1a: Dyna Blade\n|-damage|p1a: Dyna Blade|74\/100\n|-damage|p1b: Drawcia|0 fnt\n|faint|p1b: Drawcia\n|-enditem|p2a: Indeedee|Throat Spray\n|-boost|p2a: Indeedee|spa|1|[from] item: Throat Spray\n|move|p2b: Tauros|Wild Charge|p1a: Dyna Blade\n|-supereffective|p1a: Dyna Blade\n|-damage|p1a: Dyna Blade|41\/100\n|-enditem|p1a: Dyna Blade|Sitrus Berry|[eat]\n|-heal|p1a: Dyna Blade|66\/100|[from] item: Sitrus Berry\n|-damage|p2b: Tauros|21\/100|[from] Recoil\n|\n|upkeep\n|\n|t:|1683570946\n|switch|p1b: Dark Mind|Ting-Lu, L50|100\/100\n|-ability|p1b: Dark Mind|Vessel of Ruin\n|turn|4\n|\n|t:|1683570958\n|move|p2a: Indeedee|Protect|p2a: Indeedee\n|-singleturn|p2a: Indeedee|Protect\n|move|p1b: Dark Mind|Body Press|p2a: Indeedee\n|-activate|p2a: Indeedee|move: Protect\n|move|p1a: Dyna Blade|Body Press|p2b: Tauros\n|-damage|p2b: Tauros|0 fnt\n|faint|p2b: Tauros\n|\n|upkeep\n|\n|t:|1683570960\n|switch|p2b: Flutter Mane|Flutter Mane, L50|100\/100\n|-enditem|p2b: Flutter Mane|Booster Energy\n|-activate|p2b: Flutter Mane|ability: Protosynthesis|[fromitem]\n|-start|p2b: Flutter Mane|protosynthesisspa\n|turn|5\n|\n|t:|1683570983\n|-terastallize|p1b: Dark Mind|Poison\n|move|p2b: Flutter Mane|Protect|p2b: Flutter Mane\n|-singleturn|p2b: Flutter Mane|Protect\n|move|p1b: Dark Mind|Heavy Slam|p2b: Flutter Mane\n|-activate|p2b: Flutter Mane|move: Protect\n|move|p1a: Dyna Blade|Roost|p1a: Dyna Blade\n|-heal|p1a: Dyna Blade|100\/100\n|-singleturn|p1a: Dyna Blade|move: Roost\n|move|p2a: Indeedee|Hyper Voice|p1a: Dyna Blade|[spread] p1a,p1b\n|-resisted|p1a: Dyna Blade\n|-damage|p1a: Dyna Blade|84\/100\n|-damage|p1b: Dark Mind|77\/100\n|\n|-fieldend|move: Trick Room\n|-fieldend|move: Psychic Terrain\n|upkeep\n|turn|6\n|\n|t:|1683571024\n|move|p2b: Flutter Mane|Shadow Ball|p1b: Dark Mind\n|-damage|p1b: Dark Mind|47\/100\n|move|p2a: Indeedee|Encore|p1a: Dyna Blade\n|-start|p1a: Dyna Blade|Encore\n|move|p1a: Dyna Blade|Roost|p1a: Dyna Blade\n|-heal|p1a: Dyna Blade|100\/100\n|-singleturn|p1a: Dyna Blade|move: Roost\n|move|p1b: Dark Mind|Heavy Slam|p2b: Flutter Mane\n|-supereffective|p2b: Flutter Mane\n|-damage|p2b: Flutter Mane|0 fnt\n|faint|p2b: Flutter Mane\n|-end|p2b: Flutter Mane|Protosynthesis|[silent]\n|\n|upkeep\n|turn|7\n|\n|t:|1683571042\n|move|p2a: Indeedee|Psyshock|p1b: Dark Mind\n|-supereffective|p1b: Dark Mind\n|-damage|p1b: Dark Mind|0 fnt\n|faint|p1b: Dark Mind\n|move|p1a: Dyna Blade|Roost||[still]\n|-fail|p1a: Dyna Blade|heal\n|\n|upkeep\n|turn|8\n|\n|t:|1683571048\n|move|p2a: Indeedee|Hyper Voice|p1a: Dyna Blade\n|-resisted|p1a: Dyna Blade\n|-damage|p1a: Dyna Blade|70\/100\n|move|p1a: Dyna Blade|Roost|p1a: Dyna Blade\n|-heal|p1a: Dyna Blade|100\/100\n|-singleturn|p1a: Dyna Blade|move: Roost\n|\n|-end|p1a: Dyna Blade|Encore\n|upkeep\n|turn|9\n|\n|t:|1683571052\n|move|p2a: Indeedee|Encore|p1a: Dyna Blade\n|-start|p1a: Dyna Blade|Encore\n|move|p1a: Dyna Blade|Roost||[still]\n|-fail|p1a: Dyna Blade|heal\n|\n|upkeep\n|turn|10\n|\n|t:|1683571054\n|move|p2a: Indeedee|Hyper Voice|p1a: Dyna Blade\n|-resisted|p1a: Dyna Blade\n|-crit|p1a: Dyna Blade\n|-damage|p1a: Dyna Blade|56\/100\n|move|p1a: Dyna Blade|Roost|p1a: Dyna Blade\n|-heal|p1a: Dyna Blade|100\/100\n|-singleturn|p1a: Dyna Blade|move: Roost\n|\n|upkeep\n|turn|11\n|\n|t:|1683571057\n|move|p2a: Indeedee|Hyper Voice|p1a: Dyna Blade\n|-resisted|p1a: Dyna Blade\n|-damage|p1a: Dyna Blade|69\/100\n|move|p1a: Dyna Blade|Roost|p1a: Dyna Blade\n|-heal|p1a: Dyna Blade|100\/100\n|-singleturn|p1a: Dyna Blade|move: Roost\n|\n|-end|p1a: Dyna Blade|Encore\n|upkeep\n|turn|12\n|\n|t:|1683571062\n|move|p2a: Indeedee|Encore|p1a: Dyna Blade\n|-start|p1a: Dyna Blade|Encore\n|move|p1a: Dyna Blade|Roost||[still]\n|-fail|p1a: Dyna Blade|heal\n|\n|-end|p1a: Dyna Blade|Encore\n|upkeep\n|turn|13\n|c|\u2606Heaven64|:c\n|\n|t:|1683571070\n|move|p2a: Indeedee|Encore||[still]\n|-fail|p2a: Indeedee\n|move|p1a: Dyna Blade|Brave Bird|p2a: Indeedee\n|-damage|p2a: Indeedee|0 fnt\n|faint|p2a: Indeedee\n|-damage|p1a: Dyna Blade|76\/100|[from] Recoil\n|\n|win|Heaven64\n|c|\u2606Heaven64|what\n|c|\u2606PurpleStyle|why did encore fail?\n|c|\u2606Heaven64|maybe because I had 0 PP\n|c|\u2606Heaven64|I though I would have to use Struggle\n|c|\u2606PurpleStyle|oh\n|c|\u2606PurpleStyle|I just looked it up\n|c|\u2606PurpleStyle|I did too\n|c|\u2606PurpleStyle|apparently it just fails\n|c|\u2606PurpleStyle|huh\n|c|\u2606Heaven64|weird\n","uploadtime":1683571462,"views":8,"p1id":"heaven64","p2id":"purplestyle","formatid":"gen9vgc2023regulationc","rating":0,"private":0,"password":""}