{"id":"gen9vgc2023regulationc-1862844885","p1":"Jdhrvrjfnt","p2":"TGH_sr","format":"[Gen 9] VGC 2023 Regulation C","log":"|j|\u2606Jdhrvrjfnt\n|j|\u2606TGH_sr\n|t:|1683928460\n|gametype|doubles\n|player|p1|Jdhrvrjfnt|clair|1197\n|player|p2|TGH_sr|steven|1198\n|teamsize|p1|6\n|teamsize|p2|6\n|gen|9\n|tier|[Gen 9] VGC 2023 Regulation C\n|rated|\n|rule|Species Clause: Limit one of each Pok\u00e9mon\n|rule|Item Clause: Limit one of each item\n|clearpoke\n|poke|p1|Azumarill, L50, F|\n|poke|p1|Scizor, L50, F|\n|poke|p1|Talonflame, L50, F|\n|poke|p1|Dragonite, L50, F|\n|poke|p1|Chi-Yu, L50|\n|poke|p1|Flutter Mane, L50|\n|poke|p2|Talonflame, L50, F|\n|poke|p2|Garchomp, L50, M|\n|poke|p2|Kingambit, L50, M|\n|poke|p2|Amoonguss, L50, M|\n|poke|p2|Iron Bundle, L50|\n|poke|p2|Flutter Mane, L50|\n|teampreview|4\n|inactive|Battle timer is ON: inactive players will automatically lose when time's up. (requested by Jdhrvrjfnt)\n|inactive|Jdhrvrjfnt has 60 seconds left.\n|inactive|TGH_sr has 60 seconds left.\nTGH_sr has agreed to open team sheets.\nJdhrvrjfnt has agreed to open team sheets.\n|inactive|TGH_sr has 30 seconds left.\n|\n|t:|1683928529\n|start\n|switch|p1a: Talonflame|Talonflame, L50, F|100\/100\n|switch|p1b: Scizor|Scizor, L50, F, shiny|100\/100\n|switch|p2a: Garchomp|Garchomp, L50, M|100\/100\n|switch|p2b: Iron Bundle|Iron Bundle, L50|100\/100\n|-enditem|p2b: Iron Bundle|Booster Energy\n|-activate|p2b: Iron Bundle|ability: Quark Drive|[fromitem]\n|-start|p2b: Iron Bundle|quarkdrivespe\n|turn|1\n|inactive|TGH_sr has 30 seconds left.\n|inactive|TGH_sr has 20 seconds left.\n|inactive|TGH_sr has 15 seconds left.\n|inactive|TGH_sr has 10 seconds left.\n|\n|t:|1683928577\n|move|p1a: Talonflame|Tailwind|p1a: Talonflame\n|-sidestart|p1: Jdhrvrjfnt|move: Tailwind\n|move|p2b: Iron Bundle|Icy Wind|p1a: Talonflame|[spread] p1a,p1b\n|-resisted|p1b: Scizor\n|-damage|p1a: Talonflame|65\/100\n|-damage|p1b: Scizor|89\/100\n|-unboost|p1b: Scizor|spe|1\n|move|p2a: Garchomp|Rock Slide|p1b: Scizor|[spread] p1a,p1b\n|-supereffective|p1a: Talonflame\n|-damage|p1a: Talonflame|0 fnt\n|-damage|p1b: Scizor|55\/100\n|faint|p1a: Talonflame\n|move|p1b: Scizor|Close Combat|p2b: Iron Bundle\n|-supereffective|p2b: Iron Bundle\n|-damage|p2b: Iron Bundle|0 fnt\n|-unboost|p1b: Scizor|def|1\n|-unboost|p1b: Scizor|spd|1\n|faint|p2b: Iron Bundle\n|-end|p2b: Iron Bundle|Quark Drive|[silent]\n|\n|upkeep\n|\n|t:|1683928595\n|switch|p2b: Talonflame|Talonflame, L50, F|100\/100\n|switch|p1a: Azumarill|Azumarill, L50, F|100\/100\n|turn|2\n|inactive|TGH_sr has 30 seconds left.\n|inactive|TGH_sr has 20 seconds left.\n|inactive|TGH_sr has 15 seconds left.\n|inactive|TGH_sr has 10 seconds left.\n|\n|t:|1683928641\n|switch|p1b: Dragonite|Dragonite, L50, F|100\/100\n|-terastallize|p2a: Garchomp|Steel\n|move|p2b: Talonflame|Tailwind|p2b: Talonflame\n|-sidestart|p2: TGH_sr|move: Tailwind\n|move|p2a: Garchomp|Rock Slide|p1a: Azumarill|[spread] p1a,p1b\n|-supereffective|p1b: Dragonite\n|-damage|p1a: Azumarill|69\/100\n|-damage|p1b: Dragonite|37\/100\n|move|p1a: Azumarill|Ice Spinner|p2a: Garchomp\n|-resisted|p2a: Garchomp\n|-crit|p2a: Garchomp\n|-damage|p2a: Garchomp|78\/100\n|-damage|p1a: Azumarill|57\/100|[from] ability: Rough Skin|[of] p2a: Garchomp\n|\n|upkeep\n|turn|3\n|\n|t:|1683928661\n|move|p1b: Dragonite|Extreme Speed|p2b: Talonflame\n|-damage|p2b: Talonflame|54\/100\n|move|p1a: Azumarill|Aqua Jet|p2b: Talonflame\n|-supereffective|p2b: Talonflame\n|-damage|p2b: Talonflame|0 fnt\n|faint|p2b: Talonflame\n|move|p2a: Garchomp|Rock Slide|p1b: Dragonite|[spread] p1a,p1b\n|-supereffective|p1b: Dragonite\n|-damage|p1a: Azumarill|26\/100\n|-damage|p1b: Dragonite|0 fnt\n|faint|p1b: Dragonite\n|\n|upkeep\n|\n|t:|1683928674\n|switch|p2b: Kingambit|Kingambit, L50, M|100\/100\n|switch|p1b: Scizor|Scizor, L50, F, shiny|55\/100\n|turn|4\n|inactive|TGH_sr has 30 seconds left.\n|inactive|TGH_sr has 20 seconds left.\n|\n|t:|1683928711\n|-terastallize|p1b: Scizor|Steel\n|move|p2b: Kingambit|Sucker Punch|p1a: Azumarill\n|-resisted|p1a: Azumarill\n|-damage|p1a: Azumarill|1\/100\n|move|p2a: Garchomp|Rock Slide|p1b: Scizor|[spread] p1a,p1b\n|-resisted|p1b: Scizor\n|-damage|p1a: Azumarill|0 fnt\n|-damage|p1b: Scizor|37\/100\n|faint|p1a: Azumarill\n|cant|p1b: Scizor|flinch\n|\n|-sideend|p1: Jdhrvrjfnt|move: Tailwind\n|upkeep\n|turn|5\n|-message|Jdhrvrjfnt forfeited.\n|\n|win|TGH_sr\n|raw|Jdhrvrjfnt's rating: 1197 → 1172<\/strong> (-25 for losing)\n|raw|TGH_sr's rating: 1198 → 1223<\/strong> (+25 for winning)\n|l|\u2606Jdhrvrjfnt\n","uploadtime":1683928728,"views":9,"p1id":"jdhrvrjfnt","p2id":"tghsr","formatid":"gen9vgc2023regulationc","rating":1172,"private":0,"password":""}