{"id":"gen9vgc2023regulationc-1845077571","p1":"WillieDangerously","p2":"BMAN311","format":"[Gen 9] VGC 2023 Regulation C","log":"|j|\u2606WillieDangerously\n|j|\u2606BMAN311\n|t:|1681680935\n|gametype|doubles\n|player|p1|WillieDangerously|psychic-gen4|1378\n|player|p2|BMAN311|1|1450\n|teamsize|p1|6\n|teamsize|p2|6\n|gen|9\n|tier|[Gen 9] VGC 2023 Regulation C\n|rated|\n|rule|Species Clause: Limit one of each Pok\u00e9mon\n|rule|Item Clause: Limit one of each item\n|clearpoke\n|poke|p1|Corviknight, L50, F|\n|poke|p1|Tyranitar, L50, M|\n|poke|p1|Houndstone, L50, M|\n|poke|p1|Amoonguss, L50, M|\n|poke|p1|Iron Bundle, L50|\n|poke|p1|Arcanine, L50, M|\n|poke|p2|Palafin, L50, F|\n|poke|p2|Chien-Pao, L50|\n|poke|p2|Dragapult, L50, F|\n|poke|p2|Amoonguss, L50, F|\n|poke|p2|Arcanine, L50, M|\n|poke|p2|Flutter Mane, L50|\n|teampreview|4\n|inactive|Battle timer is ON: inactive players will automatically lose when time's up. (requested by BMAN311)\nWillieDangerously has agreed to open team sheets.\n|inactive|WillieDangerously has 60 seconds left.\n|inactive|BMAN311 has 60 seconds left.\n|\n|t:|1681680968\n|start\n|switch|p1a: Iron Bundle|Iron Bundle, L50|100\/100\n|switch|p1b: Arcanine|Arcanine, L50, M|100\/100\n|switch|p2a: Dozo|Palafin, L50, F|100\/100\n|switch|p2b: WoChien|Amoonguss, L50, F|100\/100\n|-ability|p1b: Arcanine|Intimidate|boost\n|-unboost|p2a: Dozo|atk|1\n|-unboost|p2b: WoChien|atk|1\n|-enditem|p1a: Iron Bundle|Booster Energy\n|-activate|p1a: Iron Bundle|ability: Quark Drive|[fromitem]\n|-start|p1a: Iron Bundle|quarkdrivespe\n|turn|1\n|\n|t:|1681680990\n|detailschange|p2a: Dozo|Palafin-Hero, L50, F\n|switch|p2a: Dnite|Dragapult, L50, F|100\/100\n|move|p2b: WoChien|Rage Powder|p2b: WoChien\n|-singleturn|p2b: WoChien|move: Rage Powder\n|move|p1a: Iron Bundle|Freeze-Dry|p2b: WoChien\n|-supereffective|p2b: WoChien\n|-damage|p2b: WoChien|49\/100\n|-status|p2b: WoChien|frz\n|-enditem|p2b: WoChien|Sitrus Berry|[eat]\n|-heal|p2b: WoChien|74\/100 frz|[from] item: Sitrus Berry\n|move|p1b: Arcanine|Flamethrower|p2b: WoChien\n|-supereffective|p2b: WoChien\n|-damage|p2b: WoChien|19\/100 frz\n|-curestatus|p2b: WoChien|frz|[msg]\n|\n|upkeep\n|turn|2\n|inactive|WillieDangerously has 30 seconds left.\n|inactive|WillieDangerously has 20 seconds left.\n|inactive|BMAN311 has 30 seconds left.\n|inactive|WillieDangerously has 15 seconds left.\n|\n|t:|1681681034\n|switch|p2b: Bundle|Chien-Pao, L50|100\/100\n|-ability|p2b: Bundle|Sword of Ruin\n|move|p1a: Iron Bundle|Protect|p1a: Iron Bundle\n|-singleturn|p1a: Iron Bundle|Protect\n|move|p2a: Dnite|Dragon Darts|p1b: Arcanine\n|-damage|p1b: Arcanine|46\/100\n|-anim|p2a: Dnite|Dragon Darts|p1b: Arcanine\n|-damage|p1b: Arcanine|0 fnt\n|faint|p1b: Arcanine\n|\n|upkeep\n|\n|t:|1681681046\n|switch|p1b: Houndstone|Houndstone, L50, M|100\/100\n|turn|3\n|\n|t:|1681681065\n|-end|p1a: Iron Bundle|Quark Drive|[silent]\n|switch|p1a: Tyranitar|Tyranitar, L50, M|100\/100\n|-weather|Sandstorm|[from] ability: Sand Stream|[of] p1a: Tyranitar\n|-terastallize|p1b: Houndstone|Fairy\n|move|p1b: Houndstone|Play Rough|p2b: Bundle|[miss]\n|-miss|p1b: Houndstone|p2b: Bundle\n|move|p2a: Dnite|Dragon Darts|p1a: Tyranitar\n|-damage|p1a: Tyranitar|55\/100\n|-anim|p2a: Dnite|Dragon Darts|p1a: Tyranitar\n|-damage|p1a: Tyranitar|13\/100\n|move|p2b: Bundle|Sacred Sword|p1a: Tyranitar\n|-supereffective|p1a: Tyranitar\n|-damage|p1a: Tyranitar|0 fnt\n|faint|p1a: Tyranitar\n|\n|-weather|Sandstorm|[upkeep]\n|-damage|p2a: Dnite|95\/100|[from] Sandstorm\n|-damage|p2b: Bundle|95\/100|[from] Sandstorm\n|upkeep\n|\n|t:|1681681081\n|switch|p1a: Iron Bundle|Iron Bundle, L50|100\/100\n|turn|4\n|\n|t:|1681681107\n|move|p1a: Iron Bundle|Protect|p1a: Iron Bundle\n|-singleturn|p1a: Iron Bundle|Protect\n|move|p2b: Bundle|Protect|p2b: Bundle\n|-singleturn|p2b: Bundle|Protect\n|move|p1b: Houndstone|Last Respects|p2a: Dnite\n|-supereffective|p2a: Dnite\n|-crit|p2a: Dnite\n|-damage|p2a: Dnite|0 fnt\n|faint|p2a: Dnite\n|\n|-weather|Sandstorm|[upkeep]\n|-damage|p1a: Iron Bundle|95\/100|[from] Sandstorm\n|-damage|p2b: Bundle|89\/100|[from] Sandstorm\n|upkeep\n|\n|t:|1681681116\n|switch|p2a: WoChien|Amoonguss, L50, F|52\/100\n|turn|5\n|\n|t:|1681681129\n|move|p2b: Bundle|Sucker Punch|p1a: Iron Bundle\n|-damage|p1a: Iron Bundle|43\/100\n|move|p1b: Houndstone|Last Respects|p2a: WoChien\n|-damage|p2a: WoChien|0 fnt\n|faint|p2a: WoChien\n|move|p1a: Iron Bundle|Icy Wind|p2b: Bundle\n|-resisted|p2b: Bundle\n|-damage|p2b: Bundle|70\/100\n|-unboost|p2b: Bundle|spe|1\n|\n|-weather|Sandstorm|[upkeep]\n|-damage|p1a: Iron Bundle|37\/100|[from] Sandstorm\n|-damage|p2b: Bundle|65\/100|[from] Sandstorm\n|upkeep\n|\n|t:|1681681137\n|switch|p2a: Dozo|Palafin-Hero, L50, F|100\/100\n|-activate|p2a: Dozo|ability: Zero to Hero\n|turn|6\n|inactive|WillieDangerously has 30 seconds left.\n|inactive|WillieDangerously has 20 seconds left.\n|inactive|WillieDangerously has 15 seconds left.\n|\n|t:|1681681178\n|-terastallize|p2a: Dozo|Water\n|move|p2a: Dozo|Jet Punch|p1b: Houndstone\n|-damage|p1b: Houndstone|3\/100\n|move|p1b: Houndstone|Play Rough|p2b: Bundle|[miss]\n|-miss|p1b: Houndstone|p2b: Bundle\n|move|p1a: Iron Bundle|Freeze-Dry|p2a: Dozo\n|-supereffective|p2a: Dozo\n|-damage|p2a: Dozo|41\/100\n|move|p2b: Bundle|Ice Spinner|p1b: Houndstone\n|-damage|p1b: Houndstone|0 fnt\n|faint|p1b: Houndstone\n|\n|-weather|Sandstorm|[upkeep]\n|-damage|p1a: Iron Bundle|31\/100|[from] Sandstorm\n|-damage|p2b: Bundle|59\/100|[from] Sandstorm\n|-damage|p2a: Dozo|35\/100|[from] Sandstorm\n|upkeep\n|turn|7\n|c|\u2606WillieDangerously|This game sometimes...\n|c|\u2606WillieDangerously|Gg\n|c|\u2606BMAN311|Gg\n|inactive|WillieDangerously has 30 seconds left.\n|c|\u2606BMAN311|lol\n|-message|WillieDangerously forfeited.\n|\n|win|BMAN311\n|raw|WillieDangerously's rating: 1378 → 1362<\/strong> (-16 for losing)\n|raw|BMAN311's rating: 1450 → 1466<\/strong> (+16 for winning)\n|l|\u2606BMAN311\n|l|\u2606WillieDangerously\n|j|\u2606WillieDangerously\n|player|p1|WillieDangerously|psychic-gen4\n","uploadtime":1681681564,"views":11,"p1id":"williedangerously","p2id":"bman311","formatid":"gen9vgc2023regulationc","rating":1362,"private":0,"password":""}