{"id":"gen9vgc2023regulationc-1859817222","p1":"Treeckoguy1","p2":"Echohevy5555","format":"[Gen 9] VGC 2023 Regulation C","log":"|j|\u2606Treeckoguy1\n|j|\u2606Echohevy5555\n|t:|1683567007\n|gametype|doubles\n|player|p1|Treeckoguy1|1|1581\n|player|p2|Echohevy5555|169|1618\n|teamsize|p1|6\n|teamsize|p2|6\n|gen|9\n|tier|[Gen 9] VGC 2023 Regulation C\n|rated|\n|rule|Species Clause: Limit one of each Pok\u00e9mon\n|rule|Item Clause: Limit one of each item\n|clearpoke\n|poke|p1|Chien-Pao, L50|\n|poke|p1|Abomasnow, L50, F|\n|poke|p1|Avalugg, L50, M|\n|poke|p1|Frosmoth, L50, M|\n|poke|p1|Baxcalibur, L50, F|\n|poke|p1|Iron Bundle, L50|\n|poke|p2|Tatsugiri, L50, M|\n|poke|p2|Iron Bundle, L50|\n|poke|p2|Glimmora, L50, M|\n|poke|p2|Dragonite, L50, M|\n|poke|p2|Chien-Pao, L50|\n|poke|p2|Dondozo, L50, F|\n|teampreview|4\n|c|\u2606Echohevy5555|I struggle so much against ice teams\n|\n|t:|1683567055\n|start\n|switch|p1a: Iron Bundle|Iron Bundle, L50|100\/100\n|switch|p1b: Abomasnow|Abomasnow, L50, F|100\/100\n|switch|p2a: Glimmora|Glimmora, L50, M|100\/100\n|switch|p2b: Iron Bundle|Iron Bundle, L50|100\/100\n|-weather|Snow|[from] ability: Snow Warning|[of] p1b: Abomasnow\n|-enditem|p1a: Iron Bundle|Booster Energy\n|-activate|p1a: Iron Bundle|ability: Quark Drive|[fromitem]\n|-start|p1a: Iron Bundle|quarkdrivespe\n|-enditem|p2b: Iron Bundle|Booster Energy\n|-activate|p2b: Iron Bundle|ability: Quark Drive|[fromitem]\n|-start|p2b: Iron Bundle|quarkdrivespe\n|turn|1\n|j| EnrolledAgent\n|\n|t:|1683567103\n|-terastallize|p2a: Glimmora|Grass\n|move|p1a: Iron Bundle|Protect|p1a: Iron Bundle\n|-singleturn|p1a: Iron Bundle|Protect\n|move|p2b: Iron Bundle|Freeze-Dry|p1a: Iron Bundle\n|-activate|p1a: Iron Bundle|move: Protect\n|move|p2a: Glimmora|Power Gem|p1a: Iron Bundle\n|-activate|p1a: Iron Bundle|move: Protect\n|move|p1b: Abomasnow|Earth Power|p2a: Glimmora\n|-resisted|p2a: Glimmora\n|-damage|p2a: Glimmora|87\/100\n|\n|-weather|Snow|[upkeep]\n|upkeep\n|turn|2\n|\n|t:|1683567127\n|move|p2b: Iron Bundle|Freeze-Dry|p1a: Iron Bundle\n|-damage|p1a: Iron Bundle|39\/100\n|move|p1a: Iron Bundle|Freeze-Dry|p2a: Glimmora\n|-supereffective|p2a: Glimmora\n|-damage|p2a: Glimmora|23\/100\n|move|p2a: Glimmora|Sludge Bomb|p1b: Abomasnow\n|-supereffective|p1b: Abomasnow\n|-damage|p1b: Abomasnow|42\/100\n|move|p1b: Abomasnow|Blizzard|p2a: Glimmora|[spread] p2a,p2b\n|-supereffective|p2a: Glimmora\n|-resisted|p2b: Iron Bundle\n|-damage|p2a: Glimmora|0 fnt\n|-damage|p2b: Iron Bundle|84\/100\n|faint|p2a: Glimmora\n|\n|-weather|Snow|[upkeep]\n|upkeep\n|\n|t:|1683567139\n|switch|p2a: Dragonite|Dragonite, L50, M|100\/100\n|turn|3\n|j| maverickweavile2\n|\n|t:|1683567155\n|move|p2b: Iron Bundle|Freeze-Dry|p1a: Iron Bundle\n|-damage|p1a: Iron Bundle|0 fnt\n|faint|p1a: Iron Bundle\n|-end|p1a: Iron Bundle|Quark Drive|[silent]\n|move|p2a: Dragonite|Fire Punch|p1b: Abomasnow\n|-supereffective|p1b: Abomasnow\n|-damage|p1b: Abomasnow|0 fnt\n|faint|p1b: Abomasnow\n|\n|-weather|Snow|[upkeep]\n|upkeep\n|\n|t:|1683567164\n|switch|p1a: Avalugg|Avalugg, L50, M|100\/100\n|switch|p1b: Chien-Pao|Chien-Pao, L50|100\/100\n|-ability|p1b: Chien-Pao|Sword of Ruin\n|turn|4\n|\n|t:|1683567183\n|switch|p2a: Chien-Pao|Chien-Pao, L50|100\/100\n|-ability|p2a: Chien-Pao|Sword of Ruin\n|-terastallize|p1b: Chien-Pao|Dark\n|move|p2b: Iron Bundle|Protect|p2b: Iron Bundle\n|-singleturn|p2b: Iron Bundle|Protect\n|move|p1a: Avalugg|Protect|p1a: Avalugg\n|-singleturn|p1a: Avalugg|Protect\n|move|p1b: Chien-Pao|Sucker Punch||[still]\n|-fail|p1b: Chien-Pao\n|\n|-weather|Snow|[upkeep]\n|upkeep\n|turn|5\n|\n|t:|1683567208\n|move|p1b: Chien-Pao|Protect|p1b: Chien-Pao\n|-singleturn|p1b: Chien-Pao|Protect\n|move|p2b: Iron Bundle|Encore|p1b: Chien-Pao\n|-activate|p1b: Chien-Pao|move: Protect\n|move|p2a: Chien-Pao|Ice Spinner|p1b: Chien-Pao\n|-activate|p1b: Chien-Pao|move: Protect\n|move|p1a: Avalugg|Body Press|p2a: Chien-Pao\n|-supereffective|p2a: Chien-Pao\n|-enditem|p2a: Chien-Pao|Focus Sash\n|-damage|p2a: Chien-Pao|1\/100\n|\n|-weather|none\n|upkeep\n|turn|6\n|\n|t:|1683567232\n|move|p2a: Chien-Pao|Sucker Punch|p1b: Chien-Pao\n|-resisted|p1b: Chien-Pao\n|-damage|p1b: Chien-Pao|74\/100\n|move|p1b: Chien-Pao|Sucker Punch||[still]\n|-fail|p1b: Chien-Pao\n|move|p2b: Iron Bundle|Freeze-Dry|p1b: Chien-Pao\n|-damage|p1b: Chien-Pao|21\/100\n|move|p1a: Avalugg|Body Press|p2b: Iron Bundle\n|-supereffective|p2b: Iron Bundle\n|-damage|p2b: Iron Bundle|0 fnt\n|faint|p2b: Iron Bundle\n|-end|p2b: Iron Bundle|Quark Drive|[silent]\n|\n|upkeep\n|j| AnvilMeetHead\n|\n|t:|1683567234\n|switch|p2b: Dragonite|Dragonite, L50, M|100\/100\n|turn|7\n|\n|t:|1683567250\n|move|p1b: Chien-Pao|Sucker Punch|p2a: Chien-Pao\n|-resisted|p2a: Chien-Pao\n|-damage|p2a: Chien-Pao|0 fnt\n|faint|p2a: Chien-Pao\n|-damage|p1b: Chien-Pao|11\/100|[from] item: Life Orb\n|move|p2b: Dragonite|Low Kick|p1a: Avalugg\n|-supereffective|p1a: Avalugg\n|-damage|p1a: Avalugg|17\/100\n|-enditem|p1a: Avalugg|Aguav Berry|[eat]\n|-heal|p1a: Avalugg|50\/100|[from] item: Aguav Berry\n|move|p1a: Avalugg|Avalanche|p2b: Dragonite\n|-supereffective|p2b: Dragonite\n|-crit|p2b: Dragonite\n|-damage|p2b: Dragonite|0 fnt\n|faint|p2b: Dragonite\n|\n|win|Treeckoguy1\n|raw|Treeckoguy1's rating: 1581 → 1603<\/strong> (+22 for winning)\n|raw|Echohevy5555's rating: 1618 → 1596<\/strong> (-22 for losing)\n|l| EnrolledAgent\n|l| maverickweavile2\n|l| AnvilMeetHead\n","uploadtime":1683567281,"views":9,"p1id":"treeckoguy1","p2id":"echohevy5555","formatid":"gen9vgc2023regulationc","rating":1596,"private":0,"password":""}