{"id":"gen9vgc2023regulationc-1863466634","p1":"chuwurrasco","p2":"PancakePancake","format":"[Gen 9] VGC 2023 Regulation C","log":"|j|\u2606chuwurrasco\n|j|\u2606PancakePancake\n|t:|1684021116\n|gametype|doubles\n|player|p1|chuwurrasco|lance|1325\n|player|p2|PancakePancake|waiter-gen4dp|1253\n|teamsize|p1|6\n|teamsize|p2|6\n|gen|9\n|tier|[Gen 9] VGC 2023 Regulation C\n|rated|\n|rule|Species Clause: Limit one of each Pok\u00e9mon\n|rule|Item Clause: Limit one of each item\n|clearpoke\n|poke|p1|Brute Bonnet, L50|\n|poke|p1|Murkrow, L50, M|\n|poke|p1|Flutter Mane, L50|\n|poke|p1|Great Tusk, L50|\n|poke|p1|Chi-Yu, L50|\n|poke|p1|Scream Tail, L50|\n|poke|p2|Amoonguss, L50, F|\n|poke|p2|Grimmsnarl, L50, M|\n|poke|p2|Gyarados, L50, F|\n|poke|p2|Iron Moth, L50|\n|poke|p2|Iron Hands, L50|\n|poke|p2|Ting-Lu, L50|\n|teampreview|4\n|inactive|Battle timer is ON: inactive players will automatically lose when time's up. (requested by PancakePancake)\nchuwurrasco has agreed to open team sheets.\nPancakePancake has agreed to open team sheets.\n|inactive|chuwurrasco has 60 seconds left.\n|inactive|PancakePancake has 60 seconds left.\n|inactive|chuwurrasco has 30 seconds left.\n|\n|t:|1684021176\n|start\n|switch|p1a: Murkrow|Murkrow, L50, M|100\/100\n|switch|p1b: Great Tusk|Great Tusk, L50|100\/100\n|switch|p2a: Cry Macho Man|Grimmsnarl, L50, M|100\/100\n|switch|p2b: Porcini Snoozini|Amoonguss, L50, F|100\/100\n|turn|1\n|inactive|chuwurrasco has 30 seconds left.\n|\n|t:|1684021208\n|move|p1a: Murkrow|Taunt|p2b: Porcini Snoozini\n|-start|p2b: Porcini Snoozini|move: Taunt\n|move|p2a: Cry Macho Man|Reflect|p2a: Cry Macho Man\n|-sidestart|p2: PancakePancake|Reflect\n|move|p1b: Great Tusk|Earthquake|p2b: Porcini Snoozini|[spread] p2a,p2b\n|-immune|p1a: Murkrow\n|-damage|p2a: Cry Macho Man|74\/100\n|-damage|p2b: Porcini Snoozini|79\/100\n|cant|p2b: Porcini Snoozini|move: Taunt|Spore\n|\n|upkeep\n|turn|2\n|\n|t:|1684021228\n|switch|p2b: Glo Wyrm|Gyarados, L50, F|100\/100\n|-ability|p2b: Glo Wyrm|Intimidate|boost\n|-unboost|p1a: Murkrow|atk|1\n|-unboost|p1b: Great Tusk|atk|1\n|move|p1a: Murkrow|Tailwind|p1a: Murkrow\n|-sidestart|p1: chuwurrasco|move: Tailwind\n|move|p1b: Great Tusk|Earthquake|p2a: Cry Macho Man|[spread] p2a\n|-immune|p1a: Murkrow\n|-immune|p2b: Glo Wyrm\n|-damage|p2a: Cry Macho Man|55\/100\n|move|p2a: Cry Macho Man|Spirit Break|p1b: Great Tusk\n|-supereffective|p1b: Great Tusk\n|-damage|p1b: Great Tusk|55\/100\n|-unboost|p1b: Great Tusk|spa|1\n|\n|upkeep\n|turn|3\n|inactive|PancakePancake has 30 seconds left.\n|inactive|PancakePancake has 20 seconds left.\n|\n|t:|1684021264\n|-end|p1b: Great Tusk|Protosynthesis|[silent]\n|switch|p1b: Scream Tail|Scream Tail, L50|100\/100\n|move|p1a: Murkrow|Sunny Day|p1a: Murkrow\n|-weather|SunnyDay\n|-activate|p1b: Scream Tail|ability: Protosynthesis\n|-start|p1b: Scream Tail|protosynthesisspe\n|move|p2b: Glo Wyrm|Waterfall|p1b: Scream Tail\n|-damage|p1b: Scream Tail|88\/100\n|move|p2a: Cry Macho Man|Spirit Break|p1a: Murkrow\n|-supereffective|p1a: Murkrow\n|-damage|p1a: Murkrow|32\/100\n|-unboost|p1a: Murkrow|spa|1\n|\n|-weather|SunnyDay|[upkeep]\n|upkeep\n|turn|4\n|inactive|chuwurrasco has 30 seconds left.\n|inactive|PancakePancake has 30 seconds left.\n|\n|t:|1684021294\n|switch|p1a: Great Tusk|Great Tusk, L50|55\/100\n|-activate|p1a: Great Tusk|ability: Protosynthesis\n|-start|p1a: Great Tusk|protosynthesisatk\n|switch|p2b: Nacho Motho|Iron Moth, L50|100\/100\n|-enditem|p2b: Nacho Motho|Booster Energy\n|-activate|p2b: Nacho Motho|ability: Quark Drive|[fromitem]\n|-start|p2b: Nacho Motho|quarkdrivespe\n|move|p2a: Cry Macho Man|Fake Tears|p1b: Scream Tail\n|-unboost|p1b: Scream Tail|spd|2\n|move|p1b: Scream Tail|Psychic Fangs|p2b: Nacho Motho\n|-sideend|p2: PancakePancake|Reflect\n|-supereffective|p2b: Nacho Motho\n|-damage|p2b: Nacho Motho|30\/100\n|\n|-weather|SunnyDay|[upkeep]\n|upkeep\n|turn|5\n|inactive|PancakePancake has 30 seconds left.\n|\n|t:|1684021325\n|-end|p1b: Scream Tail|Protosynthesis|[silent]\n|switch|p1b: Murkrow|Murkrow, L50, M|32\/100\n|switch|p2a: Porcini Snoozini|Amoonguss, L50, F|100\/100\n|move|p2b: Nacho Motho|Protect|p2b: Nacho Motho\n|-singleturn|p2b: Nacho Motho|Protect\n|move|p1a: Great Tusk|Earthquake|p2a: Porcini Snoozini|[spread] p2a\n|-activate|p2b: Nacho Motho|move: Protect\n|-immune|p1b: Murkrow\n|-damage|p2a: Porcini Snoozini|62\/100\n|\n|-weather|SunnyDay|[upkeep]\n|-sideend|p1: chuwurrasco|move: Tailwind\n|upkeep\n|turn|6\n|inactive|chuwurrasco has 30 seconds left.\n|inactive|PancakePancake has 30 seconds left.\n|inactive|chuwurrasco has 20 seconds left.\n|\n|t:|1684021365\n|-end|p2b: Nacho Motho|Quark Drive|[silent]\n|switch|p2b: Glo Wyrm|Gyarados, L50, F|100\/100\n|-ability|p2b: Glo Wyrm|Intimidate|boost\n|-unboost|p1a: Great Tusk|atk|1\n|-unboost|p1b: Murkrow|atk|1\n|move|p1b: Murkrow|Tailwind|p1b: Murkrow\n|-sidestart|p1: chuwurrasco|move: Tailwind\n|move|p1a: Great Tusk|Earthquake|p2b: Glo Wyrm|[spread] p2a\n|-immune|p1b: Murkrow\n|-immune|p2b: Glo Wyrm\n|-damage|p2a: Porcini Snoozini|37\/100\n|-enditem|p2a: Porcini Snoozini|Sitrus Berry|[eat]\n|-heal|p2a: Porcini Snoozini|61\/100|[from] item: Sitrus Berry\n|move|p2a: Porcini Snoozini|Spore|p1a: Great Tusk\n|-status|p1a: Great Tusk|slp|[from] move: Spore\n|\n|-weather|SunnyDay|[upkeep]\n|upkeep\n|turn|7\n|inactive|PancakePancake has 30 seconds left.\n|inactive|PancakePancake has 20 seconds left.\n|\n|t:|1684021401\n|-end|p1a: Great Tusk|Protosynthesis|[silent]\n|switch|p1a: Brute Bonnet|Brute Bonnet, L50|100\/100\n|-activate|p1a: Brute Bonnet|ability: Protosynthesis\n|-start|p1a: Brute Bonnet|protosynthesisatk\n|switch|p2b: Cry Macho Man|Grimmsnarl, L50, M|55\/100\n|move|p1b: Murkrow|Taunt|p2a: Porcini Snoozini\n|-start|p2a: Porcini Snoozini|move: Taunt\n|move|p2a: Porcini Snoozini|Pollen Puff|p1b: Murkrow\n|-damage|p1b: Murkrow|14\/100\n|\n|-weather|none\n|-end|p1a: Brute Bonnet|Protosynthesis\n|upkeep\n|turn|8\n|\n|t:|1684021421\n|move|p1b: Murkrow|Sunny Day|p1b: Murkrow\n|-weather|SunnyDay\n|-activate|p1a: Brute Bonnet|ability: Protosynthesis\n|-start|p1a: Brute Bonnet|protosynthesisatk\n|move|p2b: Cry Macho Man|Reflect|p2b: Cry Macho Man\n|-sidestart|p2: PancakePancake|Reflect\n|move|p1a: Brute Bonnet|Bullet Seed|p2b: Cry Macho Man\n|-damage|p2b: Cry Macho Man|42\/100\n|-damage|p2b: Cry Macho Man|29\/100\n|-damage|p2b: Cry Macho Man|17\/100\n|-damage|p2b: Cry Macho Man|4\/100\n|-damage|p2b: Cry Macho Man|0 fnt\n|faint|p2b: Cry Macho Man\n|-hitcount|p2: Cry Macho Man|5\n|move|p2a: Porcini Snoozini|Pollen Puff|p1a: Brute Bonnet\n|-supereffective|p1a: Brute Bonnet\n|-damage|p1a: Brute Bonnet|31\/100\n|\n|-weather|SunnyDay|[upkeep]\n|upkeep\n|\n|t:|1684021442\n|switch|p2b: Nacho Motho|Iron Moth, L50|30\/100\n|turn|9\n|\n|t:|1684021464\n|switch|p1b: Great Tusk|Great Tusk, L50|55\/100 slp\n|-activate|p1b: Great Tusk|ability: Protosynthesis\n|-start|p1b: Great Tusk|protosynthesisatk\n|-terastallize|p1a: Brute Bonnet|Fire\n|move|p2b: Nacho Motho|Protect|p2b: Nacho Motho\n|-singleturn|p2b: Nacho Motho|Protect\n|move|p1a: Brute Bonnet|Sucker Punch||[still]\n|-fail|p1a: Brute Bonnet\n|move|p2a: Porcini Snoozini|Pollen Puff|p1b: Great Tusk\n|-resisted|p1b: Great Tusk\n|-damage|p1b: Great Tusk|42\/100 slp\n|\n|-weather|SunnyDay|[upkeep]\n|-end|p2a: Porcini Snoozini|move: Taunt\n|-sideend|p1: chuwurrasco|move: Tailwind\n|upkeep\n|turn|10\n|inactive|PancakePancake has 30 seconds left.\n|\n|t:|1684021489\n|-end|p2b: Nacho Motho|Quark Drive|[silent]\n|switch|p2b: Glo Wyrm|Gyarados, L50, F|100\/100\n|-ability|p2b: Glo Wyrm|Intimidate|boost\n|-unboost|p1a: Brute Bonnet|atk|1\n|-unboost|p1b: Great Tusk|atk|1\n|move|p1a: Brute Bonnet|Sucker Punch||[still]\n|-fail|p1a: Brute Bonnet\n|cant|p1b: Great Tusk|slp\n|move|p2a: Porcini Snoozini|Spore|p1a: Brute Bonnet\n|-status|p1a: Brute Bonnet|slp|[from] move: Spore\n|\n|-weather|SunnyDay|[upkeep]\n|upkeep\n|turn|11\n|inactive|chuwurrasco has 30 seconds left.\n|inactive|chuwurrasco has 20 seconds left.\n|inactive|chuwurrasco has 15 seconds left.\n|\n|t:|1684021533\n|cant|p1b: Great Tusk|slp\n|move|p2b: Glo Wyrm|Waterfall|p1a: Brute Bonnet\n|-supereffective|p1a: Brute Bonnet\n|-damage|p1a: Brute Bonnet|0 fnt\n|faint|p1a: Brute Bonnet\n|-end|p1a: Brute Bonnet|Protosynthesis|[silent]\n|move|p2a: Porcini Snoozini|Spore|p1b: Great Tusk\n|-fail|p1b: Great Tusk|slp\n|\n|-weather|SunnyDay|[upkeep]\n|upkeep\n|\n|t:|1684021544\n|switch|p1a: Scream Tail|Scream Tail, L50|88\/100\n|-activate|p1a: Scream Tail|ability: Protosynthesis\n|-start|p1a: Scream Tail|protosynthesisspe\n|turn|12\n|inactive|chuwurrasco has 30 seconds left.\n|\n|t:|1684021572\n|-terastallize|p2a: Porcini Snoozini|Water\n|move|p1a: Scream Tail|Psychic Fangs|p2a: Porcini Snoozini\n|-sideend|p2: PancakePancake|Reflect\n|-damage|p2a: Porcini Snoozini|42\/100\n|-curestatus|p1b: Great Tusk|slp|[msg]\n|move|p1b: Great Tusk|Rock Slide|p2b: Glo Wyrm|[spread] p2b\n|-miss|p1b: Great Tusk|p2a: Porcini Snoozini\n|-supereffective|p2b: Glo Wyrm\n|-damage|p2b: Glo Wyrm|65\/100\n|move|p2b: Glo Wyrm|Thunder Wave|p1a: Scream Tail\n|-status|p1a: Scream Tail|par\n|move|p2a: Porcini Snoozini|Spore|p1b: Great Tusk\n|-status|p1b: Great Tusk|slp|[from] move: Spore\n|\n|-weather|none\n|-end|p1b: Great Tusk|Protosynthesis\n|-end|p1a: Scream Tail|Protosynthesis\n|upkeep\n|turn|13\n|inactive|PancakePancake has 30 seconds left.\n|\n|t:|1684021606\n|switch|p2a: Nacho Motho|Iron Moth, L50|30\/100\n|cant|p1b: Great Tusk|slp\n|move|p2b: Glo Wyrm|Waterfall|p1b: Great Tusk\n|-supereffective|p1b: Great Tusk\n|-damage|p1b: Great Tusk|0 fnt\n|faint|p1b: Great Tusk\n|-end|p1b: Great Tusk|Protosynthesis|[silent]\n|cant|p1a: Scream Tail|par\n|\n|upkeep\n|\n|t:|1684021617\n|switch|p1b: Murkrow|Murkrow, L50, M|14\/100\n|turn|14\n|\n|t:|1684021636\n|move|p2a: Nacho Motho|Protect|p2a: Nacho Motho\n|-singleturn|p2a: Nacho Motho|Protect\n|move|p2b: Glo Wyrm|Waterfall|p1b: Murkrow\n|-crit|p1b: Murkrow\n|-damage|p1b: Murkrow|0 fnt\n|faint|p1b: Murkrow\n|move|p1a: Scream Tail|Trick Room|p1a: Scream Tail\n|-fieldstart|move: Trick Room|[of] p1a: Scream Tail\n|\n|upkeep\n|turn|15\n|inactive|PancakePancake has 30 seconds left.\n|\n|t:|1684021661\n|-end|p2a: Nacho Motho|Quark Drive|[silent]\n|switch|p2a: Porcini Snoozini|Amoonguss, L50, F, tera:Water|75\/100\n|move|p1a: Scream Tail|Encore||[still]\n|-fail|p1a: Scream Tail\n|move|p2b: Glo Wyrm|Waterfall|p1a: Scream Tail\n|-damage|p1a: Scream Tail|61\/100 par\n|\n|upkeep\n|turn|16\n|inactive|PancakePancake has 30 seconds left.\n|\n|t:|1684021682\n|switch|p2b: Nacho Motho|Iron Moth, L50|30\/100\n|move|p2a: Porcini Snoozini|Clear Smog|p1a: Scream Tail\n|-supereffective|p1a: Scream Tail\n|-damage|p1a: Scream Tail|41\/100 par\n|-clearboost|p1a: Scream Tail\n|-enditem|p1a: Scream Tail|Sitrus Berry|[eat]\n|-heal|p1a: Scream Tail|66\/100 par|[from] item: Sitrus Berry\n|move|p1a: Scream Tail|Psychic Fangs|p2b: Nacho Motho\n|-supereffective|p2b: Nacho Motho\n|-damage|p2b: Nacho Motho|0 fnt\n|faint|p2b: Nacho Motho\n|-end|p2b: Nacho Motho|Quark Drive|[silent]\n|\n|upkeep\n|inactive|PancakePancake has 30 seconds left this turn.\n|\n|t:|1684021692\n|switch|p2b: Glo Wyrm|Gyarados, L50, F|65\/100\n|-ability|p2b: Glo Wyrm|Intimidate|boost\n|-unboost|p1a: Scream Tail|atk|1\n|turn|17\n|inactive|PancakePancake has 25 seconds left this turn.\n|inactive|PancakePancake has 20 seconds left.\n|\n|t:|1684021708\n|move|p2a: Porcini Snoozini|Pollen Puff|p2b: Glo Wyrm\n|-heal|p2b: Glo Wyrm|100\/100\n|move|p1a: Scream Tail|Psychic Fangs|p2b: Glo Wyrm\n|-damage|p2b: Glo Wyrm|85\/100\n|move|p2b: Glo Wyrm|Waterfall|p1a: Scream Tail\n|-damage|p1a: Scream Tail|40\/100 par\n|\n|upkeep\n|turn|18\n|inactive|PancakePancake has 20 seconds left this turn.\n|inactive|PancakePancake has 15 seconds left.\n|\n|t:|1684021720\n|move|p2a: Porcini Snoozini|Pollen Puff|p1a: Scream Tail\n|-damage|p1a: Scream Tail|26\/100 par\n|move|p1a: Scream Tail|Encore|p2a: Porcini Snoozini\n|-start|p2a: Porcini Snoozini|Encore\n|move|p2b: Glo Wyrm|Waterfall|p1a: Scream Tail\n|-damage|p1a: Scream Tail|0 fnt\n|faint|p1a: Scream Tail\n|-end|p1a: Scream Tail|Protosynthesis|[silent]\n|\n|win|PancakePancake\n|inactive|PancakePancake has 15 seconds left this turn.\n|raw|chuwurrasco's rating: 1325 → 1301<\/strong> (-24 for losing)\n|raw|PancakePancake's rating: 1253 → 1283<\/strong> (+30 for winning)\n","uploadtime":1684021738,"views":8,"p1id":"chuwurrasco","p2id":"pancakepancake","formatid":"gen9vgc2023regulationc","rating":1283,"private":0,"password":""}