{"id":"gen9vgc2023regulationc-1847428024","p1":"sempr9","p2":"Zzag","format":"[Gen 9] VGC 2023 Regulation C","log":"|j|\u2606sempr9\n|j|\u2606Zzag\n|t:|1681953906\n|gametype|doubles\n|player|p1|sempr9|miriam|\n|player|p2|Zzag|steven|\n|teamsize|p1|6\n|teamsize|p2|6\n|gen|9\n|tier|[Gen 9] VGC 2023 Regulation C\n|rule|Species Clause: Limit one of each Pok\u00e9mon\n|rule|Item Clause: Limit one of each item\n|clearpoke\n|poke|p1|Glimmora, L50, F|\n|poke|p1|Chi-Yu, L50|\n|poke|p1|Flutter Mane, L50|\n|poke|p1|Dragonite, L50, F|\n|poke|p1|Tatsugiri, L50, F|\n|poke|p1|Dondozo, L50, F|\n|poke|p2|Arcanine, L50, M|\n|poke|p2|Amoonguss, L50, F|\n|poke|p2|Flutter Mane, L50|\n|poke|p2|Palafin, L50, M|\n|poke|p2|Ting-Lu, L50|\n|poke|p2|Kingambit, L50, F|\n|teampreview|4\n|\n|t:|1681953976\n|start\n|switch|p1a: Glimmora|Glimmora, L50, F, shiny|100\/100\n|switch|p1b: Chi-Yu|Chi-Yu, L50|100\/100\n|switch|p2a: Palafin|Palafin, L50, M|100\/100\n|switch|p2b: Ting-Lu|Ting-Lu, L50|100\/100\n|-ability|p1b: Chi-Yu|Beads of Ruin\n|-ability|p2b: Ting-Lu|Vessel of Ruin\n|turn|1\n|\n|t:|1681954000\n|switch|p1b: Dondozo|Dondozo, L50, F|100\/100\n|move|p2a: Palafin|Protect|p2a: Palafin\n|-singleturn|p2a: Palafin|Protect\n|move|p1a: Glimmora|Mortal Spin|p2b: Ting-Lu|[spread] p2b\n|-activate|p2a: Palafin|move: Protect\n|-resisted|p2b: Ting-Lu\n|-damage|p2b: Ting-Lu|99\/100\n|-status|p2b: Ting-Lu|psn\n|move|p2b: Ting-Lu|Stomping Tantrum|p1b: Dondozo\n|-damage|p1b: Dondozo|77\/100\n|\n|-heal|p1b: Dondozo|84\/100|[from] item: Leftovers\n|-damage|p2b: Ting-Lu|87\/100 psn|[from] psn\n|upkeep\n|turn|2\n|\n|t:|1681954032\n|detailschange|p2a: Palafin|Palafin-Hero, L50, M\n|switch|p2a: Arcanine|Arcanine, L50, M|100\/100\n|-ability|p2a: Arcanine|Intimidate|boost\n|-unboost|p1a: Glimmora|atk|1\n|-unboost|p1b: Dondozo|atk|1\n|move|p1b: Dondozo|Protect|p1b: Dondozo\n|-singleturn|p1b: Dondozo|Protect\n|move|p1a: Glimmora|Mortal Spin|p2a: Arcanine|[spread] p2a,p2b\n|-resisted|p2b: Ting-Lu\n|-damage|p2a: Arcanine|97\/100\n|-damage|p2b: Ting-Lu|86\/100 psn\n|-status|p2a: Arcanine|psn\n|move|p2b: Ting-Lu|Stomping Tantrum|p1a: Glimmora\n|-supereffective|p1a: Glimmora\n|-enditem|p1a: Glimmora|Focus Sash\n|-damage|p1a: Glimmora|1\/100\n|-activate|p1a: Glimmora|ability: Toxic Debris\n|-sidestart|p2: Zzag|move: Toxic Spikes\n|\n|-heal|p1b: Dondozo|90\/100|[from] item: Leftovers\n|-damage|p2a: Arcanine|85\/100 psn|[from] psn\n|-damage|p2b: Ting-Lu|74\/100 psn|[from] psn\n|upkeep\n|turn|3\n|\n|t:|1681954063\n|switch|p1a: Chi-Yu|Chi-Yu, L50|100\/100\n|-ability|p1a: Chi-Yu|Beads of Ruin\n|switch|p2a: Kingambit|Kingambit, L50, F, shiny|100\/100\n|move|p1b: Dondozo|Wave Crash|p2a: Kingambit\n|-damage|p2a: Kingambit|71\/100\n|-damage|p1b: Dondozo|81\/100|[from] Recoil\n|move|p2b: Ting-Lu|Ruination|p1b: Dondozo\n|-damage|p1b: Dondozo|41\/100\n|\n|-heal|p1b: Dondozo|47\/100|[from] item: Leftovers\n|-damage|p2b: Ting-Lu|62\/100 psn|[from] psn\n|upkeep\n|turn|4\n|\n|t:|1681954098\n|switch|p1b: Glimmora|Glimmora, L50, F, shiny|1\/100\n|switch|p2a: Arcanine|Arcanine, L50, M|85\/100 psn\n|-ability|p2a: Arcanine|Intimidate|boost\n|-unboost|p1a: Chi-Yu|atk|1\n|-unboost|p1b: Glimmora|atk|1\n|move|p1a: Chi-Yu|Heat Wave|p2a: Arcanine|[spread] p2a,p2b\n|-resisted|p2a: Arcanine\n|-damage|p2a: Arcanine|56\/100 psn\n|-damage|p2b: Ting-Lu|35\/100 psn\n|move|p2b: Ting-Lu|Stomping Tantrum|p1a: Chi-Yu\n|-supereffective|p1a: Chi-Yu\n|-damage|p1a: Chi-Yu|0 fnt\n|faint|p1a: Chi-Yu\n|\n|-damage|p2a: Arcanine|44\/100 psn|[from] psn\n|-damage|p2b: Ting-Lu|23\/100 psn|[from] psn\n|upkeep\n|\n|t:|1681954110\n|switch|p1a: Dondozo|Dondozo, L50, F|47\/100\n|turn|5\n|\n|t:|1681954174\n|switch|p1b: Tatsugiri|Tatsugiri, L50, F|100\/100\n|-activate|p1b: Tatsugiri|ability: Commander|[of] p1a: Dondozo\n|-boost|p1a: Dondozo|atk|2\n|-boost|p1a: Dondozo|spa|2\n|-boost|p1a: Dondozo|spe|2\n|-boost|p1a: Dondozo|def|2\n|-boost|p1a: Dondozo|spd|2\n|switch|p2a: Kingambit|Kingambit, L50, F, shiny|71\/100\n|switch|p2b: Palafin|Palafin-Hero, L50, M|100\/100\n|-status|p2b: Palafin|psn\n|-activate|p2b: Palafin|ability: Zero to Hero\n|move|p1a: Dondozo|Earthquake|p2b: Palafin|[spread] p2a,p2b\n|-miss|p1a: Dondozo|p1b: Tatsugiri\n|-supereffective|p2a: Kingambit\n|-crit|p2b: Palafin\n|-damage|p2a: Kingambit|0 fnt\n|-damage|p2b: Palafin|32\/100 psn\n|faint|p2a: Kingambit\n|\n|-heal|p1a: Dondozo|53\/100|[from] item: Leftovers\n|-damage|p2b: Palafin|19\/100 psn|[from] psn\n|upkeep\n|\n|t:|1681954195\n|switch|p2a: Arcanine|Arcanine, L50, M|44\/100 psn\n|-ability|p2a: Arcanine|Intimidate|boost\n|-unboost|p1a: Dondozo|atk|1\n|-unboost|p1b: Tatsugiri|atk|1\n|turn|6\n|\n|t:|1681954217\n|switch|p2a: Ting-Lu|Ting-Lu, L50|23\/100 psn\n|-ability|p2a: Ting-Lu|Vessel of Ruin\n|move|p1a: Dondozo|Earthquake|p2b: Palafin|[spread] p2a,p2b\n|-miss|p1a: Dondozo|p1b: Tatsugiri\n|-damage|p2a: Ting-Lu|3\/100 psn\n|-damage|p2b: Palafin|0 fnt\n|faint|p2b: Palafin\n|\n|-heal|p1a: Dondozo|59\/100|[from] item: Leftovers\n|-damage|p2a: Ting-Lu|0 fnt|[from] psn\n|faint|p2a: Ting-Lu\n|upkeep\n|\n|t:|1681954230\n|switch|p2a: Arcanine|Arcanine, L50, M|44\/100 psn\n|-ability|p2a: Arcanine|Intimidate|boost\n|-unboost|p1a: Dondozo|atk|1\n|-unboost|p1b: Tatsugiri|atk|1\n|turn|7\n|-message|Zzag forfeited.\n|\n|win|sempr9\n","uploadtime":1681954254,"views":12,"p1id":"sempr9","p2id":"zzag","formatid":"gen9vgc2023regulationc","rating":0,"private":0,"password":""}