{"id":"gen9vgc2023regulationc-1862020451","p1":"Th3MiteeyLambo","p2":"Barbie120","format":"[Gen 9] VGC 2023 Regulation C","log":"|j|\u2606Th3MiteeyLambo\n|j|\u2606Barbie120\n|t:|1683829426\n|gametype|doubles\n|player|p1|Th3MiteeyLambo|1|1297\n|player|p2|Barbie120|drayden|1396\n|teamsize|p1|6\n|teamsize|p2|6\n|gen|9\n|tier|[Gen 9] VGC 2023 Regulation C\n|rated|\n|rule|Species Clause: Limit one of each Pok\u00e9mon\n|rule|Item Clause: Limit one of each item\n|clearpoke\n|poke|p1|Scream Tail, L50|\n|poke|p1|Great Tusk, L50|\n|poke|p1|Flutter Mane, L50|\n|poke|p1|Talonflame, L50, M|\n|poke|p1|Amoonguss, L50, M|\n|poke|p1|Palafin, L50, M|\n|poke|p2|Annihilape, L50, M|\n|poke|p2|Maushold-Four, L50|\n|poke|p2|Abomasnow, L50, M|\n|poke|p2|Iron Bundle, L50|\n|poke|p2|Flutter Mane, L50|\n|poke|p2|Arcanine, L50, M|\n|teampreview|4\nTh3MiteeyLambo has agreed to open team sheets.\n|\n|t:|1683829460\n|start\n|switch|p1a: Talonflame|Talonflame, L50, M|100\/100\n|switch|p1b: Great Tusk|Great Tusk, L50|100\/100\n|switch|p2a: Arcanine|Arcanine, L50, M|100\/100\n|switch|p2b: Flutter Mane|Flutter Mane, L50|100\/100\n|-ability|p2a: Arcanine|Intimidate|boost\n|-unboost|p1a: Talonflame|atk|1\n|-unboost|p1b: Great Tusk|atk|1\n|-enditem|p2b: Flutter Mane|Booster Energy\n|-activate|p2b: Flutter Mane|ability: Protosynthesis|[fromitem]\n|-start|p2b: Flutter Mane|protosynthesisspe\n|turn|1\n|\n|t:|1683829477\n|move|p1b: Great Tusk|Protect|p1b: Great Tusk\n|-singleturn|p1b: Great Tusk|Protect\n|move|p2a: Arcanine|Extreme Speed|p1a: Talonflame\n|-damage|p1a: Talonflame|74\/100\n|move|p2b: Flutter Mane|Power Gem|p1a: Talonflame\n|-supereffective|p1a: Talonflame\n|-damage|p1a: Talonflame|0 fnt\n|faint|p1a: Talonflame\n|\n|upkeep\n|\n|t:|1683829486\n|switch|p1a: Palafin|Palafin, L50, M|100\/100\n|turn|2\n|\n|t:|1683829501\n|-terastallize|p1b: Great Tusk|Ground\n|move|p1a: Palafin|Protect|p1a: Palafin\n|-singleturn|p1a: Palafin|Protect\n|move|p2b: Flutter Mane|Dazzling Gleam|p1b: Great Tusk|[spread] p1b\n|-activate|p1a: Palafin|move: Protect\n|-damage|p1b: Great Tusk|47\/100\n|move|p1b: Great Tusk|Headlong Rush|p2b: Flutter Mane\n|-damage|p2b: Flutter Mane|0 fnt\n|-unboost|p1b: Great Tusk|def|1\n|-unboost|p1b: Great Tusk|spd|1\n|faint|p2b: Flutter Mane\n|-end|p2b: Flutter Mane|Protosynthesis|[silent]\n|-damage|p1b: Great Tusk|37\/100|[from] item: Life Orb\n|move|p2a: Arcanine|Will-O-Wisp|p1b: Great Tusk\n|-status|p1b: Great Tusk|brn\n|\n|-damage|p1b: Great Tusk|31\/100 brn|[from] brn\n|upkeep\n|\n|t:|1683829522\n|switch|p2b: Iron Bundle|Iron Bundle, L50|100\/100\n|turn|3\n|\n|t:|1683829536\n|detailschange|p1a: Palafin|Palafin-Hero, L50, M\n|switch|p1a: Flutter Mane|Flutter Mane, L50|100\/100\n|switch|p2a: Abomasnow|Abomasnow, L50, M|100\/100\n|-weather|Snow|[from] ability: Snow Warning|[of] p2a: Abomasnow\n|move|p2b: Iron Bundle|Aurora Veil|p2b: Iron Bundle\n|-sidestart|p2: Barbie120|move: Aurora Veil\n|move|p1b: Great Tusk|Headlong Rush|p2a: Abomasnow\n|-resisted|p2a: Abomasnow\n|-crit|p2a: Abomasnow\n|-damage|p2a: Abomasnow|73\/100\n|-unboost|p1b: Great Tusk|def|1\n|-unboost|p1b: Great Tusk|spd|1\n|-damage|p1b: Great Tusk|21\/100 brn|[from] item: Life Orb\n|\n|-weather|Snow|[upkeep]\n|-damage|p1b: Great Tusk|15\/100 brn|[from] brn\n|upkeep\n|turn|4\n|\n|t:|1683829558\n|move|p2b: Iron Bundle|Icy Wind|p1b: Great Tusk|[spread] p1a,p1b\n|-supereffective|p1b: Great Tusk\n|-damage|p1a: Flutter Mane|82\/100\n|-damage|p1b: Great Tusk|0 fnt\n|-unboost|p1a: Flutter Mane|spe|1\n|faint|p1b: Great Tusk\n|-end|p1b: Great Tusk|Protosynthesis|[silent]\n|move|p1a: Flutter Mane|Thunderbolt|p2b: Iron Bundle\n|-supereffective|p2b: Iron Bundle\n|-enditem|p2b: Iron Bundle|Focus Sash\n|-damage|p2b: Iron Bundle|1\/100\n|move|p2a: Abomasnow|Giga Drain|p1a: Flutter Mane\n|-damage|p1a: Flutter Mane|41\/100\n|-heal|p2a: Abomasnow|91\/100|[from] drain|[of] p1a: Flutter Mane\n|\n|-weather|Snow|[upkeep]\n|upkeep\n|\n|t:|1683829567\n|switch|p1b: Palafin|Palafin-Hero, L50, M|100\/100\n|-activate|p1b: Palafin|ability: Zero to Hero\n|turn|5\n|\n|t:|1683829576\n|-end|p2b: Iron Bundle|Quark Drive|[silent]\n|switch|p2b: Arcanine|Arcanine, L50, M|100\/100\n|-ability|p2b: Arcanine|Intimidate|boost\n|-unboost|p1a: Flutter Mane|atk|1\n|-unboost|p1b: Palafin|atk|1\n|move|p1b: Palafin|Protect|p1b: Palafin\n|-singleturn|p1b: Palafin|Protect\n|move|p1a: Flutter Mane|Thunderbolt|p2a: Abomasnow\n|-resisted|p2a: Abomasnow\n|-damage|p2a: Abomasnow|76\/100\n|move|p2a: Abomasnow|Giga Drain|p1b: Palafin\n|-activate|p1b: Palafin|move: Protect\n|\n|-weather|Snow|[upkeep]\n|upkeep\n|turn|6\n|\n|t:|1683829594\n|-terastallize|p2b: Arcanine|Grass\n|move|p1b: Palafin|Jet Punch|p2b: Arcanine\n|-resisted|p2b: Arcanine\n|-damage|p2b: Arcanine|90\/100\n|move|p2b: Arcanine|Flare Blitz|p1a: Flutter Mane\n|-damage|p1a: Flutter Mane|0 fnt\n|faint|p1a: Flutter Mane\n|-end|p1a: Flutter Mane|Protosynthesis|[silent]\n|-damage|p2b: Arcanine|78\/100|[from] Recoil\n|move|p2a: Abomasnow|Giga Drain|p1b: Palafin\n|-supereffective|p1b: Palafin\n|-damage|p1b: Palafin|0 fnt\n|-heal|p2a: Abomasnow|100\/100|[from] drain|[of] p1b: Palafin\n|faint|p1b: Palafin\n|\n|win|Barbie120\n|raw|Th3MiteeyLambo's rating: 1297 → 1279<\/strong> (-18 for losing)\n|raw|Barbie120's rating: 1396 → 1410<\/strong> (+14 for winning)\n|l|\u2606Th3MiteeyLambo\n","uploadtime":1683829608,"views":22,"p1id":"th3miteeylambo","p2id":"barbie120","formatid":"gen9vgc2023regulationc","rating":1279,"private":0,"password":""}