{"id":"gen9vgc2023regulationc-1846525877","p1":"Kemils","p2":"terriblevgc","format":"[Gen 9] VGC 2023 Regulation C","log":"|j|\u2606Kemils\n|j|\u2606terriblevgc\n|t:|1681848419\n|gametype|doubles\n|player|p1|Kemils|iris-gen5bw2|1174\n|player|p2|terriblevgc|101|1141\n|teamsize|p1|6\n|teamsize|p2|6\n|gen|9\n|tier|[Gen 9] VGC 2023 Regulation C\n|rated|\n|rule|Species Clause: Limit one of each Pok\u00e9mon\n|rule|Item Clause: Limit one of each item\n|clearpoke\n|poke|p1|Arcanine, L50, M|\n|poke|p1|Amoonguss, L50, F|\n|poke|p1|Palafin, L50, M|\n|poke|p1|Flutter Mane, L50|\n|poke|p1|Meowscarada, L50, F|\n|poke|p1|Chien-Pao, L50|\n|poke|p2|Wo-Chien, L50|\n|poke|p2|Flutter Mane, L50|\n|poke|p2|Rotom-Wash, L50|\n|poke|p2|Arcanine, L50, F|\n|poke|p2|Ting-Lu, L50|\n|poke|p2|Gholdengo, L50|\n|teampreview|4\nKemils has agreed to open team sheets.\n|inactive|Battle timer is ON: inactive players will automatically lose when time's up. (requested by terriblevgc)\n|\n|t:|1681848450\n|start\n|switch|p1a: Meowscarada|Meowscarada, L50, F|100\/100\n|switch|p1b: Amoonguss|Amoonguss, L50, F|100\/100\n|switch|p2a: Ting-Lu|Ting-Lu, L50|100\/100\n|switch|p2b: Flutter Mane|Flutter Mane, L50|100\/100\n|-ability|p2a: Ting-Lu|Vessel of Ruin\n|turn|1\n|inactive|Kemils has 30 seconds left.\n|\n|t:|1681848476\n|move|p2b: Flutter Mane|Protect|p2b: Flutter Mane\n|-singleturn|p2b: Flutter Mane|Protect\n|move|p1b: Amoonguss|Rage Powder|p1b: Amoonguss\n|-singleturn|p1b: Amoonguss|move: Rage Powder\n|move|p1a: Meowscarada|Sucker Punch||[still]\n|-fail|p1a: Meowscarada\n|move|p2a: Ting-Lu|Sand Tomb|p1b: Amoonguss|[miss]\n|-miss|p2a: Ting-Lu|p1b: Amoonguss\n|\n|upkeep\n|turn|2\n|\n|t:|1681848500\n|move|p1b: Amoonguss|Rage Powder|p1b: Amoonguss\n|-singleturn|p1b: Amoonguss|move: Rage Powder\n|move|p2b: Flutter Mane|Perish Song|p2b: Flutter Mane\n|-start|p1a: Meowscarada|perish3|[silent]\n|-start|p1b: Amoonguss|perish3|[silent]\n|-start|p2a: Ting-Lu|perish3|[silent]\n|-start|p2b: Flutter Mane|perish3|[silent]\n|-fieldactivate|move: Perish Song\n|move|p1a: Meowscarada|Flower Trick|p2b: Flutter Mane\n|-crit|p2b: Flutter Mane\n|-enditem|p2b: Flutter Mane|Focus Sash\n|-damage|p2b: Flutter Mane|1\/100\n|move|p2a: Ting-Lu|Sand Tomb|p1b: Amoonguss\n|-damage|p1b: Amoonguss|89\/100\n|-activate|p1b: Amoonguss|move: Sand Tomb|[of] p2a: Ting-Lu\n|\n|-damage|p1b: Amoonguss|77\/100|[from] move: Sand Tomb|[partiallytrapped]\n|-start|p2b: Flutter Mane|perish3\n|-start|p1a: Meowscarada|perish3\n|-start|p2a: Ting-Lu|perish3\n|-start|p1b: Amoonguss|perish3\n|upkeep\n|turn|3\n|inactive|Kemils has 30 seconds left.\n|\n|t:|1681848528\n|-terastallize|p2a: Ting-Lu|Grass\n|move|p1a: Meowscarada|Sucker Punch|p2b: Flutter Mane\n|-damage|p2b: Flutter Mane|0 fnt\n|faint|p2b: Flutter Mane\n|-end|p2b: Flutter Mane|Protosynthesis|[silent]\n|move|p2a: Ting-Lu|Heavy Slam|p1a: Meowscarada\n|-damage|p1a: Meowscarada|54\/100\n|move|p1b: Amoonguss|Spore|p2a: Ting-Lu\n|-immune|p2a: Ting-Lu\n|\n|-damage|p1b: Amoonguss|65\/100|[from] move: Sand Tomb|[partiallytrapped]\n|-start|p1a: Meowscarada|perish2\n|-start|p2a: Ting-Lu|perish2\n|-start|p1b: Amoonguss|perish2\n|upkeep\n|\n|t:|1681848533\n|switch|p2b: Arcanine|Arcanine, L50, F|100\/100\n|-ability|p2b: Arcanine|Intimidate|boost\n|-unboost|p1a: Meowscarada|atk|1\n|-unboost|p1b: Amoonguss|atk|1\n|turn|4\n|inactive|Kemils has 30 seconds left.\n|\n|t:|1681848562\n|switch|p1a: Flutter Mane|Flutter Mane, L50|100\/100\n|move|p2b: Arcanine|Protect|p2b: Arcanine\n|-singleturn|p2b: Arcanine|Protect\n|move|p2a: Ting-Lu|Sand Tomb|p1a: Flutter Mane|[miss]\n|-miss|p2a: Ting-Lu|p1a: Flutter Mane\n|move|p1b: Amoonguss|Pollen Puff|p2a: Ting-Lu\n|-supereffective|p2a: Ting-Lu\n|-damage|p2a: Ting-Lu|88\/100\n|\n|-damage|p1b: Amoonguss|52\/100|[from] move: Sand Tomb|[partiallytrapped]\n|-start|p2a: Ting-Lu|perish1\n|-start|p1b: Amoonguss|perish1\n|upkeep\n|turn|5\n|inactive|Kemils has 30 seconds left.\n|\n|t:|1681848590\n|-end|p1a: Flutter Mane|Protosynthesis|[silent]\n|switch|p1a: Meowscarada|Meowscarada, L50, F|54\/100\n|switch|p2a: Gholdengo|Gholdengo, L50|100\/100\n|move|p1b: Amoonguss|Rage Powder|p1b: Amoonguss\n|-singleturn|p1b: Amoonguss|move: Rage Powder\n|move|p2b: Arcanine|Flare Blitz|p1a: Meowscarada\n|-supereffective|p1a: Meowscarada\n|-damage|p1a: Meowscarada|0 fnt\n|faint|p1a: Meowscarada\n|-damage|p2b: Arcanine|87\/100|[from] Recoil\n|\n|-end|p1b: Amoonguss|Sand Tomb|[partiallytrapped]|[silent]\n|-start|p1b: Amoonguss|perish0\n|upkeep\n|faint|p1b: Amoonguss\n|\n|t:|1681848604\n|switch|p1a: Flutter Mane|Flutter Mane, L50|100\/100\n|switch|p1b: Chien-Pao|Chien-Pao, L50|100\/100\n|-ability|p1b: Chien-Pao|Sword of Ruin\n|turn|6\n|inactive|Kemils has 30 seconds left.\n|inactive|terriblevgc has 30 seconds left.\n|\n|t:|1681848638\n|-terastallize|p1b: Chien-Pao|Fire\n|move|p2b: Arcanine|Protect|p2b: Arcanine\n|-singleturn|p2b: Arcanine|Protect\n|move|p1b: Chien-Pao|Crunch|p2b: Arcanine\n|-activate|p2b: Arcanine|move: Protect\n|move|p1a: Flutter Mane|Shadow Ball|p2a: Gholdengo\n|-supereffective|p2a: Gholdengo\n|-damage|p2a: Gholdengo|0 fnt\n|faint|p2a: Gholdengo\n|\n|upkeep\n|\n|t:|1681848641\n|switch|p2a: Ting-Lu|Ting-Lu, L50, tera:Grass|88\/100\n|-ability|p2a: Ting-Lu|Vessel of Ruin\n|turn|7\n|inactive|Kemils has 30 seconds left.\n|\n|t:|1681848669\n|move|p2b: Arcanine|Extreme Speed|p1b: Chien-Pao\n|-damage|p1b: Chien-Pao|74\/100\n|move|p1b: Chien-Pao|Crunch|p2b: Arcanine\n|-damage|p2b: Arcanine|11\/100\n|move|p1a: Flutter Mane|Shadow Ball|p2b: Arcanine\n|-damage|p2b: Arcanine|0 fnt\n|faint|p2b: Arcanine\n|move|p2a: Ting-Lu|Stomping Tantrum|p1b: Chien-Pao\n|-supereffective|p1b: Chien-Pao\n|-damage|p1b: Chien-Pao|0 fnt\n|faint|p1b: Chien-Pao\n|\n|upkeep\n|turn|8\n|\n|t:|1681848682\n|move|p1a: Flutter Mane|Shadow Ball|p2a: Ting-Lu\n|-damage|p2a: Ting-Lu|67\/100\n|move|p2a: Ting-Lu|Heavy Slam|p1a: Flutter Mane\n|-supereffective|p1a: Flutter Mane\n|-damage|p1a: Flutter Mane|17\/100\n|\n|upkeep\n|turn|9\n|\n|t:|1681848699\n|move|p1a: Flutter Mane|Shadow Ball|p2a: Ting-Lu\n|-damage|p2a: Ting-Lu|48\/100\n|move|p2a: Ting-Lu|Heavy Slam|p1a: Flutter Mane\n|-supereffective|p1a: Flutter Mane\n|-damage|p1a: Flutter Mane|0 fnt\n|faint|p1a: Flutter Mane\n|-end|p1a: Flutter Mane|Protosynthesis|[silent]\n|\n|win|terriblevgc\n|raw|Kemils's rating: 1174 → 1147<\/strong> (-27 for losing)\n|raw|terriblevgc's rating: 1141 → 1168<\/strong> (+27 for winning)\n|l|\u2606Kemils\n","uploadtime":1681848709,"views":12,"p1id":"kemils","p2id":"terriblevgc","formatid":"gen9vgc2023regulationc","rating":1147,"private":0,"password":""}