{"id":"gen9vgc2023regulationc-1846018167","p1":"I guess I am here","p2":"Djdhdbbdbd","format":"[Gen 9] VGC 2023 Regulation C","log":"|j|\u2606I guess I am here\n|j|\u2606Djdhdbbdbd\n|t:|1681792206\n|gametype|doubles\n|player|p1|I guess I am here|clown|1006\n|player|p2|Djdhdbbdbd|169|1000\n|teamsize|p1|6\n|teamsize|p2|6\n|gen|9\n|tier|[Gen 9] VGC 2023 Regulation C\n|rated|\n|rule|Species Clause: Limit one of each Pok\u00e9mon\n|rule|Item Clause: Limit one of each item\n|clearpoke\n|poke|p1|Scream Tail, L50|\n|poke|p1|Gothitelle, L50, F|\n|poke|p1|Flutter Mane, L50|\n|poke|p1|Arcanine, L50, M|\n|poke|p1|Amoonguss, L50, F|\n|poke|p1|Palafin, L50, F|\n|poke|p2|Sandy Shocks, L50|\n|poke|p2|Chi-Yu, L50|\n|poke|p2|Dondozo, L50, M|\n|poke|p2|Tatsugiri, L50, M|\n|poke|p2|Amoonguss, L50, F|\n|poke|p2|Murkrow, L50, F|\n|teampreview|4\nI guess I am here rejected open team sheets.\n|inactive|Battle timer is ON: inactive players will automatically lose when time's up. (requested by I guess I am here)\n|c|\u2606I guess I am here|How has your day been\n|inactive|Djdhdbbdbd has 60 seconds left.\n|inactive|Djdhdbbdbd has 30 seconds left.\n|\n|t:|1681792292\n|start\n|switch|p1a: Gothitelle|Gothitelle, L50, F, shiny|100\/100\n|switch|p1b: Flutter Mane|Flutter Mane, L50|100\/100\n|switch|p2a: Sloth|Amoonguss, L50, F|100\/100\n|switch|p2b: Lust|Sandy Shocks, L50, shiny|100\/100\n|-enditem|p2b: Lust|Booster Energy\n|-activate|p2b: Lust|ability: Protosynthesis|[fromitem]\n|-start|p2b: Lust|protosynthesisspe\n|turn|1\n|\n|t:|1681792307\n|move|p2b: Lust|Protect|p2b: Lust\n|-singleturn|p2b: Lust|Protect\n|move|p2a: Sloth|Protect|p2a: Sloth\n|-singleturn|p2a: Sloth|Protect\n|move|p1b: Flutter Mane|Perish Song|p1b: Flutter Mane\n|-start|p1a: Gothitelle|perish3|[silent]\n|-start|p1b: Flutter Mane|perish3|[silent]\n|-start|p2a: Sloth|perish3|[silent]\n|-start|p2b: Lust|perish3|[silent]\n|-fieldactivate|move: Perish Song\n|move|p1a: Gothitelle|Psychic|p2b: Lust\n|-activate|p2b: Lust|move: Protect\n|\n|-start|p2b: Lust|perish3\n|-start|p1b: Flutter Mane|perish3\n|-start|p1a: Gothitelle|perish3\n|-start|p2a: Sloth|perish3\n|upkeep\n|turn|2\n|\n|t:|1681792316\n|move|p1b: Flutter Mane|Protect|p1b: Flutter Mane\n|-singleturn|p1b: Flutter Mane|Protect\n|move|p1a: Gothitelle|Protect|p1a: Gothitelle\n|-singleturn|p1a: Gothitelle|Protect\n|move|p2b: Lust|Earth Power|p1a: Gothitelle\n|-activate|p1a: Gothitelle|move: Protect\n|move|p2a: Sloth|Spore|p1a: Gothitelle\n|-activate|p1a: Gothitelle|move: Protect\n|\n|-start|p2b: Lust|perish2\n|-start|p1b: Flutter Mane|perish2\n|-start|p1a: Gothitelle|perish2\n|-start|p2a: Sloth|perish2\n|upkeep\n|turn|3\n|inactive|I guess I am here has 30 seconds left.\n|\n|t:|1681792344\n|move|p1a: Gothitelle|Fake Out||[still]\n|-hint|Fake Out only works on your first turn out.\n|-fail|p1a: Gothitelle\n|move|p2b: Lust|Earth Power|p1a: Gothitelle\n|-damage|p1a: Gothitelle|68\/100\n|move|p1b: Flutter Mane|Shadow Ball|p2a: Sloth\n|-damage|p2a: Sloth|65\/100\n|move|p2a: Sloth|Spore|p1a: Gothitelle\n|-status|p1a: Gothitelle|slp|[from] move: Spore\n|\n|-start|p2b: Lust|perish1\n|-start|p1b: Flutter Mane|perish1\n|-start|p1a: Gothitelle|perish1\n|-start|p2a: Sloth|perish1\n|upkeep\n|turn|4\n|\n|t:|1681792355\n|-end|p1b: Flutter Mane|Protosynthesis|[silent]\n|switch|p1b: Palafin|Palafin, L50, F|100\/100\n|switch|p1a: Arcanine|Arcanine, L50, M|100\/100\n|-ability|p1a: Arcanine|Intimidate|boost\n|-unboost|p2a: Sloth|atk|1\n|-unboost|p2b: Lust|atk|1\n|move|p2b: Lust|Earth Power|p1b: Palafin\n|-damage|p1b: Palafin|46\/100\n|move|p2a: Sloth|Spore|p1b: Palafin\n|-status|p1b: Palafin|slp|[from] move: Spore\n|\n|-start|p2b: Lust|perish0\n|-start|p2a: Sloth|perish0\n|upkeep\n|faint|p2b: Lust\n|-end|p2b: Lust|Protosynthesis|[silent]\n|faint|p2a: Sloth\n|\n|t:|1681792359\n|switch|p2b: Pride|Dondozo, L50, M, shiny|100\/100\n|switch|p2a: Envy|Tatsugiri, L50, M, shiny|100\/100\n|-activate|p2a: Envy|ability: Commander|[of] p2b: Pride\n|-boost|p2b: Pride|atk|2\n|-boost|p2b: Pride|spa|2\n|-boost|p2b: Pride|spe|2\n|-boost|p2b: Pride|def|2\n|-boost|p2b: Pride|spd|2\n|turn|5\n|\n|t:|1681792380\n|switch|p1a: Flutter Mane|Flutter Mane, L50|100\/100\n|move|p2b: Pride|Earthquake|p1b: Palafin|[spread] p1a,p1b\n|-miss|p2b: Pride|p2a: Envy\n|-damage|p1a: Flutter Mane|17\/100\n|-damage|p1b: Palafin|0 fnt\n|faint|p1b: Palafin\n|\n|upkeep\n|\n|t:|1681792388\n|switch|p1b: Gothitelle|Gothitelle, L50, F, shiny|68\/100 slp\n|turn|6\n|\n|t:|1681792402\n|move|p1a: Flutter Mane|Perish Song|p1a: Flutter Mane\n|-start|p1a: Flutter Mane|perish3|[silent]\n|-start|p1b: Gothitelle|perish3|[silent]\n|-miss|p1a: Flutter Mane|p2a: Envy\n|-start|p2b: Pride|perish3|[silent]\n|-fieldactivate|move: Perish Song\n|move|p2b: Pride|Earthquake|p1a: Flutter Mane|[spread] p1a,p1b\n|-miss|p2b: Pride|p2a: Envy\n|-damage|p1a: Flutter Mane|0 fnt\n|-damage|p1b: Gothitelle|30\/100 slp\n|-enditem|p1b: Gothitelle|Sitrus Berry|[eat]\n|-heal|p1b: Gothitelle|55\/100 slp|[from] item: Sitrus Berry\n|faint|p1a: Flutter Mane\n|-end|p1a: Flutter Mane|Protosynthesis|[silent]\n|cant|p1b: Gothitelle|slp\n|\n|-start|p2b: Pride|perish3\n|-start|p1b: Gothitelle|perish3\n|upkeep\n|\n|t:|1681792408\n|switch|p1a: Arcanine|Arcanine, L50, M|100\/100\n|-ability|p1a: Arcanine|Intimidate|boost\n|-unboost|p2a: Envy|atk|1\n|-unboost|p2b: Pride|atk|1\n|turn|7\n|\n|t:|1681792415\n|-curestatus|p1b: Gothitelle|slp|[msg]\n|move|p1b: Gothitelle|Fake Out||[still]\n|-hint|Fake Out only works on your first turn out.\n|-fail|p1b: Gothitelle\n|move|p2b: Pride|Wave Crash|p1b: Gothitelle\n|-damage|p1b: Gothitelle|0 fnt\n|faint|p1b: Gothitelle\n|-damage|p2b: Pride|86\/100|[from] Recoil\n|move|p1a: Arcanine|Flare Blitz|p2b: Pride\n|-resisted|p2b: Pride\n|-crit|p2b: Pride\n|-damage|p2b: Pride|57\/100\n|-damage|p1a: Arcanine|88\/100|[from] Recoil\n|\n|-heal|p2b: Pride|63\/100|[from] item: Leftovers\n|-start|p2b: Pride|perish2\n|upkeep\n|turn|8\n|\n|t:|1681792423\n|move|p2b: Pride|Wave Crash|p1a: Arcanine\n|-supereffective|p1a: Arcanine\n|-damage|p1a: Arcanine|0 fnt\n|faint|p1a: Arcanine\n|-damage|p2b: Pride|41\/100|[from] Recoil\n|\n|win|Djdhdbbdbd\n|raw|I guess I am here's rating: 1006 → 1000<\/strong> (-6 for losing)\n|raw|Djdhdbbdbd's rating: 1000 → 1041<\/strong> (+41 for winning)\n|l|\u2606I guess I am here\n|c|\u2606Djdhdbbdbd|How was yours?\n","uploadtime":1681792452,"views":8,"p1id":"iguessiamhere","p2id":"djdhdbbdbd","formatid":"gen9vgc2023regulationc","rating":1000,"private":0,"password":""}