{"id":"gen9vgc2023regulationc-1863770223","p1":"IcejjKech","p2":"Vanikura","format":"[Gen 9] VGC 2023 Regulation C","log":"|j|\u2606IcejjKech\n|j|\u2606Vanikura\n|t:|1684074493\n|gametype|doubles\n|player|p1|IcejjKech|swimmerf-gen4|\n|player|p2|Vanikura|lady|\n|teamsize|p1|6\n|teamsize|p2|6\n|gen|9\n|tier|[Gen 9] VGC 2023 Regulation C\n|rule|Species Clause: Limit one of each Pok\u00e9mon\n|rule|Item Clause: Limit one of each item\n|clearpoke\n|poke|p1|Ting-Lu, L50|\n|poke|p1|Meowscarada, L50, F|\n|poke|p1|Gyarados, L50, M|\n|poke|p1|Klefki, L50, F|\n|poke|p1|Flamigo, L50, F|\n|poke|p1|Glimmora, L50, M|\n|poke|p2|Chien-Pao, L50|\n|poke|p2|Annihilape, L50, M|\n|poke|p2|Garganacl, L50, M|\n|poke|p2|Staraptor, L50, M|\n|poke|p2|Indeedee, L50, M|\n|poke|p2|Rotom-Mow, L50|\n|teampreview|4\nVanikura has agreed to open team sheets.\nIcejjKech has agreed to open team sheets.\n|j| Fabilex\n|l| Fabilex\n|c|\u2606IcejjKech|wooooo\n|j| Fabilex\n|\n|t:|1684074829\n|start\n|switch|p1a: Bidiza|Ting-Lu, L50|100\/100\n|switch|p1b: Schl\u00fcssli|Klefki, L50, F|100\/100\n|switch|p2a: Indeedee|Indeedee, L50, M|100\/100\n|switch|p2b: Staraptor|Staraptor, L50, M|100\/100\n|-ability|p2b: Staraptor|Intimidate|boost\n|-unboost|p1a: Bidiza|atk|1\n|-unboost|p1b: Schl\u00fcssli|atk|1\n|-fieldstart|move: Psychic Terrain|[from] ability: Psychic Surge|[of] p2a: Indeedee\n|-ability|p1a: Bidiza|Vessel of Ruin\n|turn|1\n|\n|t:|1684074880\n|move|p1a: Bidiza|Protect|p1a: Bidiza\n|-singleturn|p1a: Bidiza|Protect\n|move|p2a: Indeedee|Fake Out|p1a: Bidiza\n|-activate|p1a: Bidiza|move: Psychic Terrain\n|move|p1b: Schl\u00fcssli|Reflect|p1b: Schl\u00fcssli\n|-sidestart|p1: IcejjKech|Reflect\n|move|p2b: Staraptor|U-turn|p1a: Bidiza\n|-activate|p1a: Bidiza|move: Protect\n|\n|upkeep\n|turn|2\n|\n|t:|1684074907\n|move|p2a: Indeedee|Helping Hand|p2b: Staraptor\n|-singleturn|p2b: Staraptor|Helping Hand|[of] p2a: Indeedee\n|move|p2b: Staraptor|U-turn|p1a: Bidiza\n|-supereffective|p1a: Bidiza\n|-damage|p1a: Bidiza|75\/100\n|\n|t:|1684074913\n|switch|p2b: Garganacl|Garganacl, L50, M|100\/100|[from] U-turn\n|move|p1b: Schl\u00fcssli|Dazzling Gleam|p2a: Indeedee|[spread] p2a,p2b\n|-damage|p2a: Indeedee|86\/100\n|-damage|p2b: Garganacl|89\/100\n|move|p1a: Bidiza|Body Press|p2a: Indeedee\n|-damage|p2a: Indeedee|42\/100\n|\n|-heal|p1a: Bidiza|81\/100|[from] item: Leftovers\n|upkeep\n|turn|3\n|\n|t:|1684074972\n|move|p2a: Indeedee|Protect|p2a: Indeedee\n|-singleturn|p2a: Indeedee|Protect\n|move|p1a: Bidiza|Protect|p1a: Bidiza\n|-singleturn|p1a: Bidiza|Protect\n|move|p1b: Schl\u00fcssli|Dazzling Gleam|p2a: Indeedee|[spread] p2b\n|-activate|p2a: Indeedee|move: Protect\n|-damage|p2b: Garganacl|77\/100\n|move|p2b: Garganacl|Salt Cure|p1b: Schl\u00fcssli\n|-resisted|p1b: Schl\u00fcssli\n|-damage|p1b: Schl\u00fcssli|95\/100\n|-start|p1b: Schl\u00fcssli|Salt Cure\n|\n|-heal|p1a: Bidiza|87\/100|[from] item: Leftovers\n|-damage|p1b: Schl\u00fcssli|70\/100|[from] Salt Cure\n|upkeep\n|turn|4\n|\n|t:|1684074996\n|move|p2a: Indeedee|Helping Hand|p2b: Garganacl\n|-singleturn|p2b: Garganacl|Helping Hand|[of] p2a: Indeedee\n|move|p1b: Schl\u00fcssli|Dazzling Gleam|p2a: Indeedee|[spread] p2a,p2b\n|-damage|p2a: Indeedee|29\/100\n|-damage|p2b: Garganacl|65\/100\n|move|p1a: Bidiza|Body Press|p2b: Garganacl\n|-supereffective|p2b: Garganacl\n|-damage|p2b: Garganacl|37\/100\n|-damage|p1a: Bidiza|71\/100|[from] item: Rocky Helmet|[of] p2b: Garganacl\n|move|p2b: Garganacl|Body Press|p1a: Bidiza\n|-supereffective|p1a: Bidiza\n|-damage|p1a: Bidiza|41\/100\n|\n|-heal|p1a: Bidiza|47\/100|[from] item: Leftovers\n|-damage|p1b: Schl\u00fcssli|45\/100|[from] Salt Cure\n|upkeep\n|turn|5\n|\n|t:|1684075017\n|move|p2a: Indeedee|Protect|p2a: Indeedee\n|-singleturn|p2a: Indeedee|Protect\n|move|p2b: Garganacl|Protect|p2b: Garganacl\n|-singleturn|p2b: Garganacl|Protect\n|move|p1b: Schl\u00fcssli|Dazzling Gleam|p2b: Garganacl|[spread] \n|-activate|p2a: Indeedee|move: Protect\n|-activate|p2b: Garganacl|move: Protect\n|move|p1a: Bidiza|Body Press|p2b: Garganacl\n|-activate|p2b: Garganacl|move: Protect\n|\n|-heal|p1a: Bidiza|53\/100|[from] item: Leftovers\n|-damage|p1b: Schl\u00fcssli|20\/100|[from] Salt Cure\n|upkeep\n|turn|6\n|l| Fabilex\n|\n|t:|1684075059\n|-terastallize|p2b: Garganacl|Fairy\n|move|p1a: Bidiza|Protect|p1a: Bidiza\n|-singleturn|p1a: Bidiza|Protect\n|move|p2a: Indeedee|Psyshock|p1b: Schl\u00fcssli\n|-resisted|p1b: Schl\u00fcssli\n|-damage|p1b: Schl\u00fcssli|0 fnt\n|faint|p1b: Schl\u00fcssli\n|move|p2b: Garganacl|Recover|p2b: Garganacl\n|-heal|p2b: Garganacl|87\/100\n|\n|-heal|p1a: Bidiza|59\/100|[from] item: Leftovers\n|upkeep\n|\n|t:|1684075074\n|switch|p1b: Glimmora|Glimmora, L50, M|100\/100\n|turn|7\n|\n|t:|1684075095\n|move|p1b: Glimmora|Spiky Shield|p1b: Glimmora\n|-singleturn|p1b: Glimmora|move: Protect\n|move|p2b: Garganacl|Protect|p2b: Garganacl\n|-singleturn|p2b: Garganacl|Protect\n|move|p2a: Indeedee|Psyshock|p1b: Glimmora\n|-activate|p1b: Glimmora|move: Protect\n|move|p1a: Bidiza|Body Press|p2a: Indeedee\n|-crit|p2a: Indeedee\n|-damage|p2a: Indeedee|0 fnt\n|faint|p2a: Indeedee\n|\n|-heal|p1a: Bidiza|65\/100|[from] item: Leftovers\n|upkeep\n|\n|t:|1684075112\n|switch|p2a: Chien-Pao|Chien-Pao, L50|100\/100\n|-ability|p2a: Chien-Pao|Sword of Ruin\n|turn|8\n|\n|t:|1684075154\n|move|p1a: Bidiza|Protect|p1a: Bidiza\n|-singleturn|p1a: Bidiza|Protect\n|move|p2a: Chien-Pao|Icicle Crash|p1a: Bidiza\n|-activate|p1a: Bidiza|move: Protect\n|move|p1b: Glimmora|Mortal Spin|p2b: Garganacl|[spread] p2a,p2b\n|-supereffective|p2b: Garganacl\n|-damage|p2a: Chien-Pao|95\/100\n|-damage|p2b: Garganacl|82\/100\n|-status|p2a: Chien-Pao|psn\n|-damage|p1b: Glimmora|84\/100|[from] item: Rocky Helmet|[of] p2b: Garganacl\n|move|p2b: Garganacl|Body Press|p1a: Bidiza\n|-activate|p1a: Bidiza|move: Protect\n|\n|-heal|p1a: Bidiza|71\/100|[from] item: Leftovers\n|-damage|p2a: Chien-Pao|83\/100 psn|[from] psn\n|-sideend|p1: IcejjKech|Reflect\n|-fieldend|move: Psychic Terrain\n|upkeep\n|turn|9\n|\n|t:|1684075196\n|move|p2a: Chien-Pao|Icicle Crash|p1a: Bidiza\n|-supereffective|p1a: Bidiza\n|-damage|p1a: Bidiza|0 fnt\n|faint|p1a: Bidiza\n|move|p1b: Glimmora|Power Gem|p2a: Chien-Pao\n|-supereffective|p2a: Chien-Pao\n|-damage|p2a: Chien-Pao|0 fnt\n|faint|p2a: Chien-Pao\n|move|p2b: Garganacl|Salt Cure|p1b: Glimmora\n|-damage|p1b: Glimmora|70\/100\n|-start|p1b: Glimmora|Salt Cure\n|-activate|p1b: Glimmora|ability: Toxic Debris\n|-sidestart|p2: Vanikura|move: Toxic Spikes\n|\n|-damage|p1b: Glimmora|57\/100|[from] Salt Cure\n|upkeep\n|\n|t:|1684075211\n|switch|p2a: Staraptor|Staraptor, L50, M|100\/100\n|switch|p1a: Kadse :)|Meowscarada, L50, F|100\/100\n|-ability|p2a: Staraptor|Intimidate|boost\n|-unboost|p1a: Kadse :)|atk|1\n|-unboost|p1b: Glimmora|atk|1\n|turn|10\n|j| Lifelink9000\n|\n|t:|1684075251\n|-terastallize|p1b: Glimmora|Fairy\n|move|p2b: Garganacl|Protect|p2b: Garganacl\n|-singleturn|p2b: Garganacl|Protect\n|move|p2a: Staraptor|Close Combat|p1a: Kadse :)\n|-supereffective|p1a: Kadse :)\n|-enditem|p1a: Kadse :)|Focus Sash\n|-damage|p1a: Kadse :)|1\/100\n|-unboost|p2a: Staraptor|def|1\n|-unboost|p2a: Staraptor|spd|1\n|move|p1a: Kadse :)|Flower Trick|p2b: Garganacl\n|-start|p1a: Kadse :)|typechange|Grass|[from] ability: Protean\n|-activate|p2b: Garganacl|move: Protect\n|move|p1b: Glimmora|Power Gem|p2a: Staraptor\n|-supereffective|p2a: Staraptor\n|-damage|p2a: Staraptor|0 fnt\n|faint|p2a: Staraptor\n|\n|-damage|p1b: Glimmora|45\/100|[from] Salt Cure\n|upkeep\n|turn|11\n|\n|t:|1684075278\n|move|p1a: Kadse :)|Flower Trick|p2b: Garganacl\n|-crit|p2b: Garganacl\n|-damage|p2b: Garganacl|54\/100\n|move|p1b: Glimmora|Dazzling Gleam|p2b: Garganacl\n|-damage|p2b: Garganacl|12\/100\n|move|p2b: Garganacl|Salt Cure|p1a: Kadse :)\n|-damage|p1a: Kadse :)|0 fnt\n|faint|p1a: Kadse :)\n|\n|-damage|p1b: Glimmora|33\/100|[from] Salt Cure\n|upkeep\n|turn|12\n|\n|t:|1684075292\n|move|p2b: Garganacl|Protect|p2b: Garganacl\n|-singleturn|p2b: Garganacl|Protect\n|move|p1b: Glimmora|Dazzling Gleam|p2b: Garganacl\n|-activate|p2b: Garganacl|move: Protect\n|\n|-damage|p1b: Glimmora|21\/100|[from] Salt Cure\n|upkeep\n|turn|13\n|\n|t:|1684075299\n|move|p2b: Garganacl|Protect||[still]\n|-fail|p2b: Garganacl\n|move|p1b: Glimmora|Dazzling Gleam|p2b: Garganacl\n|-damage|p2b: Garganacl|0 fnt\n|faint|p2b: Garganacl\n|\n|win|IcejjKech\n","uploadtime":1684075310,"views":18,"p1id":"icejjkech","p2id":"vanikura","formatid":"gen9vgc2023regulationc","rating":0,"private":0,"password":""}