{"id":"gen9vgc2023regulationc-1862755544","p1":"IeroTenparansu","p2":"Caua VGC","format":"[Gen 9] VGC 2023 Regulation C","log":"|j|\u2606IeroTenparansu\n|j|\u2606Caua VGC\n|t:|1683918620\n|gametype|doubles\n|player|p1|IeroTenparansu|madame-gen4dp|1381\n|player|p2|Caua VGC|266|1451\n|teamsize|p1|6\n|teamsize|p2|6\n|gen|9\n|tier|[Gen 9] VGC 2023 Regulation C\n|rated|\n|rule|Species Clause: Limit one of each Pok\u00e9mon\n|rule|Item Clause: Limit one of each item\n|clearpoke\n|poke|p1|Dondozo, L50, M|\n|poke|p1|Tatsugiri, L50, F|\n|poke|p1|Chi-Yu, L50|\n|poke|p1|Iron Bundle, L50|\n|poke|p1|Flutter Mane, L50|\n|poke|p1|Glimmora, L50, M|\n|poke|p2|Flutter Mane, L50|\n|poke|p2|Ting-Lu, L50|\n|poke|p2|Arcanine, L50, M|\n|poke|p2|Amoonguss, L50, F|\n|poke|p2|Palafin, L50, F|\n|poke|p2|Baxcalibur, L50, F|\n|teampreview|4\n|\n|t:|1683918653\n|start\n|switch|p1a: Iron Bundle|Iron Bundle, L50, shiny|100\/100\n|switch|p1b: Flutter Mane|Flutter Mane, L50, shiny|100\/100\n|switch|p2a: Baxcalibur|Baxcalibur, L50, F|100\/100\n|switch|p2b: Flutter Mane|Flutter Mane, L50|100\/100\n|-enditem|p1a: Iron Bundle|Booster Energy\n|-activate|p1a: Iron Bundle|ability: Quark Drive|[fromitem]\n|-start|p1a: Iron Bundle|quarkdrivespe\n|turn|1\n|\n|t:|1683918691\n|-end|p2b: Flutter Mane|Protosynthesis|[silent]\n|switch|p2b: Ting-Lu|Ting-Lu, L50|100\/100\n|-ability|p2b: Ting-Lu|Vessel of Ruin\n|-terastallize|p2a: Baxcalibur|Poison\n|move|p1a: Iron Bundle|Icy Wind|p2a: Baxcalibur|[spread] p2a,p2b\n|-supereffective|p2b: Ting-Lu\n|-damage|p2a: Baxcalibur|86\/100\n|-damage|p2b: Ting-Lu|85\/100\n|-unboost|p2b: Ting-Lu|spe|1\n|move|p1b: Flutter Mane|Moonblast|p2b: Ting-Lu\n|-supereffective|p2b: Ting-Lu\n|-damage|p2b: Ting-Lu|35\/100\n|move|p2a: Baxcalibur|Icicle Crash|p1b: Flutter Mane\n|-damage|p1b: Flutter Mane|29\/100\n|\n|upkeep\n|turn|2\n|\n|t:|1683918723\n|move|p2a: Baxcalibur|Ice Shard|p1b: Flutter Mane\n|-damage|p1b: Flutter Mane|0 fnt\n|faint|p1b: Flutter Mane\n|-end|p1b: Flutter Mane|Protosynthesis|[silent]\n|move|p1a: Iron Bundle|Freeze-Dry|p2b: Ting-Lu\n|-supereffective|p2b: Ting-Lu\n|-damage|p2b: Ting-Lu|9\/100\n|move|p2b: Ting-Lu|Stomping Tantrum|p1a: Iron Bundle\n|-damage|p1a: Iron Bundle|57\/100\n|\n|upkeep\n|\n|t:|1683918733\n|switch|p1b: Dondozo|Dondozo, L50, M|100\/100\n|turn|3\n|\n|t:|1683918782\n|move|p2a: Baxcalibur|Protect|p2a: Baxcalibur\n|-singleturn|p2a: Baxcalibur|Protect\n|move|p1a: Iron Bundle|Hydro Pump|p2a: Baxcalibur\n|-activate|p2a: Baxcalibur|move: Protect\n|move|p1b: Dondozo|Wave Crash|p2a: Baxcalibur\n|-activate|p2a: Baxcalibur|move: Protect\n|move|p2b: Ting-Lu|Ruination|p1b: Dondozo\n|-damage|p1b: Dondozo|50\/100\n|\n|-heal|p1b: Dondozo|57\/100|[from] item: Leftovers\n|upkeep\n|turn|4\n|\n|t:|1683918833\n|-end|p1a: Iron Bundle|Quark Drive|[silent]\n|switch|p1a: Tatsugiri|Tatsugiri, L50, F|100\/100\n|-activate|p1a: Tatsugiri|ability: Commander|[of] p1b: Dondozo\n|-boost|p1b: Dondozo|atk|2\n|-boost|p1b: Dondozo|spa|2\n|-boost|p1b: Dondozo|spe|2\n|-boost|p1b: Dondozo|def|2\n|-boost|p1b: Dondozo|spd|2\n|switch|p2a: Amoonguss|Amoonguss, L50, F|100\/100\n|move|p1b: Dondozo|Earthquake|p2b: Ting-Lu|[spread] p2a,p2b\n|-miss|p1b: Dondozo|p1a: Tatsugiri\n|-damage|p2a: Amoonguss|68\/100\n|-damage|p2b: Ting-Lu|0 fnt\n|faint|p2b: Ting-Lu\n|\n|-heal|p1b: Dondozo|63\/100|[from] item: Leftovers\n|upkeep\n|\n|t:|1683918850\n|switch|p2b: Baxcalibur|Baxcalibur, L50, F, tera:Poison|86\/100\n|turn|5\n|\n|t:|1683918858\n|-terastallize|p1b: Dondozo|Grass\n|move|p2b: Baxcalibur|Protect|p2b: Baxcalibur\n|-singleturn|p2b: Baxcalibur|Protect\n|move|p1b: Dondozo|Earthquake|p2a: Amoonguss|[spread] p2a\n|-miss|p1b: Dondozo|p1a: Tatsugiri\n|-activate|p2b: Baxcalibur|move: Protect\n|-damage|p2a: Amoonguss|35\/100\n|-enditem|p2a: Amoonguss|Sitrus Berry|[eat]\n|-heal|p2a: Amoonguss|60\/100|[from] item: Sitrus Berry\n|move|p2a: Amoonguss|Clear Smog|p1b: Dondozo\n|-supereffective|p1b: Dondozo\n|-damage|p1b: Dondozo|49\/100\n|-clearboost|p1b: Dondozo\n|\n|-heal|p1b: Dondozo|55\/100|[from] item: Leftovers\n|upkeep\n|turn|6\n|\n|t:|1683918907\n|move|p2b: Baxcalibur|Icicle Crash|p1b: Dondozo\n|-supereffective|p1b: Dondozo\n|-damage|p1b: Dondozo|0 fnt\n|faint|p1b: Dondozo\n|move|p2a: Amoonguss|Spore|p1a: Tatsugiri\n|-status|p1a: Tatsugiri|slp|[from] move: Spore\n|\n|upkeep\n|\n|t:|1683918915\n|switch|p1b: Iron Bundle|Iron Bundle, L50, shiny|57\/100\n|turn|7\n|\n|t:|1683918927\n|move|p2a: Amoonguss|Rage Powder|p2a: Amoonguss\n|-singleturn|p2a: Amoonguss|move: Rage Powder\n|cant|p1a: Tatsugiri|slp\n|move|p1a: Tatsugiri|Sleep Talk|p1a: Tatsugiri\n|move|p1a: Tatsugiri|Muddy Water|p2b: Baxcalibur|[from]move: Sleep Talk|[spread] p2a,p2b\n|-resisted|p2a: Amoonguss\n|-crit|p2b: Baxcalibur\n|-damage|p2a: Amoonguss|45\/100\n|-damage|p2b: Baxcalibur|44\/100\n|move|p1b: Iron Bundle|Freeze-Dry|p2a: Amoonguss\n|-supereffective|p2a: Amoonguss\n|-damage|p2a: Amoonguss|0 fnt\n|faint|p2a: Amoonguss\n|move|p2b: Baxcalibur|Glaive Rush|p1a: Tatsugiri\n|-supereffective|p1a: Tatsugiri\n|-damage|p1a: Tatsugiri|0 fnt\n|-singlemove|p2b: Baxcalibur|Glaive Rush|[silent]\n|faint|p1a: Tatsugiri\n|\n|upkeep\n|\n|t:|1683918943\n|switch|p2a: Flutter Mane|Flutter Mane, L50|100\/100\n|turn|8\n|-message|IeroTenparansu forfeited.\n|\n|win|Caua VGC\n|raw|IeroTenparansu's rating: 1381 → 1365<\/strong> (-16 for losing)\n|raw|Caua VGC's rating: 1451 → 1467<\/strong> (+16 for winning)\n|l|\u2606Caua VGC\n","uploadtime":1683918952,"views":7,"p1id":"ierotenparansu","p2id":"cauavgc","formatid":"gen9vgc2023regulationc","rating":1365,"private":0,"password":""}