{"id":"gen9vgc2023regulationc-1857497719","p1":"glimmdozo","p2":"TirNaNog85","format":"[Gen 9] VGC 2023 Regulation C","log":"|j|\u2606glimmdozo\n|j|\u2606TirNaNog85\n|t:|1683201766\n|gametype|doubles\n|player|p1|glimmdozo|2|\n|player|p2|TirNaNog85|volkner|\n|teamsize|p1|6\n|teamsize|p2|6\n|gen|9\n|tier|[Gen 9] VGC 2023 Regulation C\n|rated|Tournament battle\n|rule|Species Clause: Limit one of each Pok\u00e9mon\n|rule|Item Clause: Limit one of each item\n|clearpoke\n|poke|p1|Arcanine, L50, M|\n|poke|p1|Abomasnow, L50, M|\n|poke|p1|Iron Bundle, L50|\n|poke|p1|Ting-Lu, L50|\n|poke|p1|Gholdengo, L50|\n|poke|p1|Dragonite, L50, F|\n|poke|p2|Murkrow, L50, F|\n|poke|p2|Meowscarada, L50, M|\n|poke|p2|Armarouge, L50, M|\n|poke|p2|Indeedee-F, L50, F|\n|poke|p2|Maushold, L50|\n|poke|p2|Annihilape, L50, M|\n|teampreview|4\n|\n|t:|1683201812\n|start\n|switch|p1a: Iron Bundle|Iron Bundle, L50|100\/100\n|switch|p1b: Abomasnow|Abomasnow, L50, M|100\/100\n|switch|p2a: Indeedee|Indeedee-F, L50, F, shiny|100\/100\n|switch|p2b: Armarouge|Armarouge, L50, M, shiny|100\/100\n|-fieldstart|move: Psychic Terrain|[from] ability: Psychic Surge|[of] p2a: Indeedee\n|-weather|Snow|[from] ability: Snow Warning|[of] p1b: Abomasnow\n|-enditem|p1a: Iron Bundle|Booster Energy\n|-activate|p1a: Iron Bundle|ability: Quark Drive|[fromitem]\n|-start|p1a: Iron Bundle|quarkdrivespe\n|turn|1\n|\n|t:|1683201842\n|move|p1a: Iron Bundle|Aurora Veil|p1a: Iron Bundle\n|-sidestart|p1: glimmdozo|move: Aurora Veil\n|move|p2b: Armarouge|Expanding Force|p1b: Abomasnow|[spread] p1a,p1b\n|-crit|p1a: Iron Bundle\n|-damage|p1a: Iron Bundle|0 fnt\n|-damage|p1b: Abomasnow|64\/100\n|faint|p1a: Iron Bundle\n|-end|p1a: Iron Bundle|Quark Drive|[silent]\n|move|p1b: Abomasnow|Blizzard|p2a: Indeedee|[spread] p2a,p2b\n|-resisted|p2b: Armarouge\n|-damage|p2a: Indeedee|45\/100\n|-damage|p2b: Armarouge|75\/100\n|move|p2a: Indeedee|Trick Room|p2a: Indeedee\n|-fieldstart|move: Trick Room|[of] p2a: Indeedee\n|\n|-weather|Snow|[upkeep]\n|upkeep\n|\n|t:|1683201904\n|switch|p1a: Ting-Lu|Ting-Lu, L50|100\/100\n|-ability|p1a: Ting-Lu|Vessel of Ruin\n|turn|2\n|\n|t:|1683201914\n|move|p2b: Armarouge|Wide Guard|p2b: Armarouge\n|-singleturn|p2b: Armarouge|Wide Guard\n|move|p1a: Ting-Lu|Earthquake|p2a: Indeedee|[spread] p1b\n|-activate|p2a: Indeedee|move: Wide Guard\n|-activate|p2b: Armarouge|move: Wide Guard\n|-resisted|p1b: Abomasnow\n|-damage|p1b: Abomasnow|55\/100\n|move|p1b: Abomasnow|Blizzard|p2a: Indeedee|[spread] \n|-activate|p2a: Indeedee|move: Wide Guard\n|-activate|p2b: Armarouge|move: Wide Guard\n|move|p2a: Indeedee|Dazzling Gleam|p1b: Abomasnow|[spread] p1a,p1b\n|-supereffective|p1a: Ting-Lu\n|-damage|p1a: Ting-Lu|94\/100\n|-damage|p1b: Abomasnow|48\/100\n|\n|-weather|Snow|[upkeep]\n|upkeep\n|turn|3\n|\n|t:|1683201965\n|move|p2b: Armarouge|Wide Guard|p2b: Armarouge\n|-singleturn|p2b: Armarouge|Wide Guard\n|move|p1a: Ting-Lu|Stomping Tantrum|p2b: Armarouge\n|-supereffective|p2b: Armarouge\n|-damage|p2b: Armarouge|6\/100\n|-enditem|p2b: Armarouge|Sitrus Berry|[eat]\n|-heal|p2b: Armarouge|31\/100|[from] item: Sitrus Berry\n|move|p1b: Abomasnow|Blizzard|p2a: Indeedee|[spread] \n|-activate|p2a: Indeedee|move: Wide Guard\n|-activate|p2b: Armarouge|move: Wide Guard\n|move|p2a: Indeedee|Trick Room|p2a: Indeedee\n|-fieldend|move: Trick Room\n|\n|-weather|Snow|[upkeep]\n|upkeep\n|turn|4\n|\n|t:|1683201990\n|switch|p1b: Dragonite|Dragonite, L50, F|100\/100\n|move|p2a: Indeedee|Heal Pulse|p2b: Armarouge\n|-heal|p2b: Armarouge|81\/100\n|move|p2b: Armarouge|Armor Cannon|p1b: Dragonite\n|-resisted|p1b: Dragonite\n|-damage|p1b: Dragonite|94\/100\n|-unboost|p2b: Armarouge|def|1\n|-unboost|p2b: Armarouge|spd|1\n|move|p1a: Ting-Lu|Earthquake|p2a: Indeedee|[spread] p2a,p2b\n|-immune|p1b: Dragonite\n|-supereffective|p2b: Armarouge\n|-damage|p2a: Indeedee|3\/100\n|-damage|p2b: Armarouge|0 fnt\n|faint|p2b: Armarouge\n|\n|-weather|Snow|[upkeep]\n|upkeep\n|\n|t:|1683202008\n|switch|p2b: Meowscarada|Meowscarada, L50, M, shiny|100\/100\n|turn|5\n|j| SeydouVGC\n|j| ZeederVGC\n|l| ZeederVGC\n|inactive|Battle timer is ON: inactive players will automatically lose when time's up. (requested by TirNaNog85)\n|\n|t:|1683202057\n|switch|p1a: Abomasnow|Abomasnow, L50, M|48\/100\n|move|p2a: Indeedee|Follow Me|p2a: Indeedee\n|-singleturn|p2a: Indeedee|move: Follow Me\n|move|p2b: Meowscarada|Knock Off|p1b: Dragonite\n|-start|p2b: Meowscarada|typechange|Dark|[from] ability: Protean\n|-damage|p1b: Dragonite|46\/100\n|-enditem|p1b: Dragonite|Lum Berry|[from] move: Knock Off|[of] p2b: Meowscarada\n|move|p1b: Dragonite|Dragon Claw|p2a: Indeedee\n|-damage|p2a: Indeedee|0 fnt\n|faint|p2a: Indeedee\n|\n|-weather|none\n|-sideend|p1: glimmdozo|move: Aurora Veil\n|-fieldend|move: Psychic Terrain\n|upkeep\n|j| babiwi bewey\u2714\ufe0f\n|j| esotilin123456\n|\n|t:|1683202072\n|switch|p2a: Annihilape|Annihilape, L50, M|100\/100\n|turn|6\n|c| babiwi bewey\u2714\ufe0f|glimmdozo isnt using glimmdozo this mans a fake and a fraud\n|\n|t:|1683202083\n|switch|p1b: Ting-Lu|Ting-Lu, L50|94\/100\n|-ability|p1b: Ting-Lu|Vessel of Ruin\n|-terastallize|p2a: Annihilape|Fire\n|move|p2b: Meowscarada|Knock Off|p1a: Abomasnow\n|-crit|p1a: Abomasnow\n|-damage|p1a: Abomasnow|0 fnt\n|-enditem|p1a: Abomasnow|Choice Specs|[from] move: Knock Off|[of] p2b: Meowscarada\n|faint|p1a: Abomasnow\n|move|p2a: Annihilape|Bulk Up|p2a: Annihilape\n|-boost|p2a: Annihilape|atk|1\n|-boost|p2a: Annihilape|def|1\n|\n|upkeep\n|c| esotilin123456|\ud83d\uddff\ud83d\uddff\ud83d\uddff\n|\n|t:|1683202090\n|switch|p1a: Dragonite|Dragonite, L50, F|46\/100\n|turn|7\n|\n|t:|1683202109\n|-terastallize|p1b: Ting-Lu|Water\n|move|p2b: Meowscarada|Knock Off|p1a: Dragonite\n|-damage|p1a: Dragonite|0 fnt\n|faint|p1a: Dragonite\n|move|p2a: Annihilape|Drain Punch|p1b: Ting-Lu\n|-damage|p1b: Ting-Lu|66\/100\n|move|p1b: Ting-Lu|Earthquake|p2b: Meowscarada|[spread] p2a,p2b\n|-supereffective|p2a: Annihilape\n|-damage|p2a: Annihilape|58\/100\n|-damage|p2b: Meowscarada|43\/100\n|\n|-heal|p2a: Annihilape|64\/100|[from] item: Leftovers\n|upkeep\n|turn|8\n|c| esotilin123456|why tera water ting lu\n|\n|t:|1683202133\n|move|p2b: Meowscarada|Knock Off|p1b: Ting-Lu\n|-damage|p1b: Ting-Lu|19\/100\n|-enditem|p1b: Ting-Lu|Assault Vest|[from] move: Knock Off|[of] p2b: Meowscarada\n|move|p2a: Annihilape|Bulk Up|p2a: Annihilape\n|-boost|p2a: Annihilape|atk|1\n|-boost|p2a: Annihilape|def|1\n|move|p1b: Ting-Lu|Earthquake|p2a: Annihilape|[spread] p2a,p2b\n|-supereffective|p2a: Annihilape\n|-damage|p2a: Annihilape|33\/100\n|-damage|p2b: Meowscarada|0 fnt\n|faint|p2b: Meowscarada\n|\n|-heal|p2a: Annihilape|39\/100|[from] item: Leftovers\n|upkeep\n|turn|9\n|-message|glimmdozo forfeited.\n|\n|win|TirNaNog85\n|n|\u2606glimmdozo|glimmdozo\n|n|\u2606TirNaNog85|tirnanog85\n|n| SeydouVGC|seydouvgc\n|n| babiwi bewey\u2714\ufe0f|babiwibewey\n|n| esotilin123456|esotilin123456\n","uploadtime":1683202139,"views":5,"p1id":"glimmdozo","p2id":"tirnanog85","formatid":"gen9vgc2023regulationc","rating":0,"private":0,"password":""}