{"id":"gen9vgc2023regulationc-1846775004","p1":"That_Leek","p2":"mrdychi","format":"[Gen 9] VGC 2023 Regulation C","log":"|j|\u2606That_Leek\n|j|\u2606mrdychi\n|t:|1681877310\n|gametype|doubles\n|player|p1|That_Leek|blue|1237\n|player|p2|mrdychi|cyrus|1210\n|teamsize|p1|6\n|teamsize|p2|6\n|gen|9\n|tier|[Gen 9] VGC 2023 Regulation C\n|rated|\n|rule|Species Clause: Limit one of each Pok\u00e9mon\n|rule|Item Clause: Limit one of each item\n|clearpoke\n|poke|p1|Tyranitar, L50, M|\n|poke|p1|Gyarados, L50, F|\n|poke|p1|Scizor, L50, F|\n|poke|p1|Sandy Shocks, L50|\n|poke|p1|Amoonguss, L50, F|\n|poke|p1|Flutter Mane, L50|\n|poke|p2|Arcanine, L50, F|\n|poke|p2|Kingambit, L50, F|\n|poke|p2|Gothitelle, L50, M|\n|poke|p2|Ting-Lu, L50|\n|poke|p2|Scizor, L50, M|\n|poke|p2|Scream Tail, L50|\n|teampreview|4\n|inactive|Battle timer is ON: inactive players will automatically lose when time's up. (requested by mrdychi)\nThat_Leek has agreed to open team sheets.\n|inactive|mrdychi has 60 seconds left.\n|\n|t:|1681877344\n|start\n|switch|p1a: Flutter Mane|Flutter Mane, L50|100\/100\n|switch|p1b: Tyranitar|Tyranitar, L50, M|100\/100\n|switch|p2a: Scream Tail|Scream Tail, L50|100\/100\n|switch|p2b: Arcanine|Arcanine, L50, F|100\/100\n|-ability|p2b: Arcanine|Intimidate|boost\n|-unboost|p1a: Flutter Mane|atk|1\n|-unboost|p1b: Tyranitar|atk|1\n|-weather|Sandstorm|[from] ability: Sand Stream|[of] p1b: Tyranitar\n|-enditem|p2a: Scream Tail|Booster Energy\n|-activate|p2a: Scream Tail|ability: Protosynthesis|[fromitem]\n|-start|p2a: Scream Tail|protosynthesisspe\n|turn|1\n|\n|t:|1681877367\n|move|p2a: Scream Tail|Perish Song|p2a: Scream Tail\n|-start|p1a: Flutter Mane|perish3|[silent]\n|-start|p1b: Tyranitar|perish3|[silent]\n|-start|p2a: Scream Tail|perish3|[silent]\n|-start|p2b: Arcanine|perish3|[silent]\n|-fieldactivate|move: Perish Song\n|move|p1a: Flutter Mane|Shadow Ball|p2b: Arcanine\n|-damage|p2b: Arcanine|16\/100\n|move|p2b: Arcanine|Overheat|p1a: Flutter Mane\n|-damage|p1a: Flutter Mane|44\/100\n|-unboost|p2b: Arcanine|spa|2\n|-enditem|p2b: Arcanine|Eject Pack\n|\n|t:|1681877376\n|switch|p2b: Gothitelle|Gothitelle, L50, M|100\/100\n|move|p1b: Tyranitar|Rock Slide|p2b: Gothitelle|[spread] p2a,p2b\n|-crit|p2b: Gothitelle\n|-damage|p2a: Scream Tail|80\/100\n|-damage|p2b: Gothitelle|53\/100\n|\n|-weather|Sandstorm|[upkeep]\n|-damage|p2a: Scream Tail|74\/100|[from] Sandstorm\n|-damage|p1a: Flutter Mane|38\/100|[from] Sandstorm\n|-damage|p2b: Gothitelle|46\/100|[from] Sandstorm\n|-start|p2a: Scream Tail|perish3\n|-start|p1a: Flutter Mane|perish3\n|-start|p1b: Tyranitar|perish3\n|upkeep\n|turn|2\n|\n|t:|1681877398\n|-end|p1a: Flutter Mane|Protosynthesis|[silent]\n|switch|p1a: Gyarados|Gyarados, L50, F|100\/100\n|-ability|p1a: Gyarados|Intimidate|boost\n|-unboost|p2a: Scream Tail|atk|1\n|-unboost|p2b: Gothitelle|atk|1\n|move|p2b: Gothitelle|Fake Out|p1b: Tyranitar\n|-resisted|p1b: Tyranitar\n|-damage|p1b: Tyranitar|99\/100\n|move|p2a: Scream Tail|Play Rough|p1a: Gyarados\n|-damage|p1a: Gyarados|85\/100\n|-unboost|p1a: Gyarados|atk|1\n|cant|p1b: Tyranitar|flinch\n|\n|-weather|Sandstorm|[upkeep]\n|-damage|p2a: Scream Tail|69\/100|[from] Sandstorm\n|-damage|p2b: Gothitelle|40\/100|[from] Sandstorm\n|-start|p2a: Scream Tail|perish2\n|-start|p1b: Tyranitar|perish2\n|upkeep\n|turn|3\n|\n|t:|1681877417\n|move|p2a: Scream Tail|Protect|p2a: Scream Tail\n|-singleturn|p2a: Scream Tail|Protect\n|move|p2b: Gothitelle|Protect|p2b: Gothitelle\n|-singleturn|p2b: Gothitelle|Protect\n|move|p1a: Gyarados|Dragon Dance|p1a: Gyarados\n|-boost|p1a: Gyarados|atk|1\n|-boost|p1a: Gyarados|spe|1\n|move|p1b: Tyranitar|Crunch|p2b: Gothitelle\n|-activate|p2b: Gothitelle|move: Protect\n|\n|-weather|Sandstorm|[upkeep]\n|-damage|p2a: Scream Tail|63\/100|[from] Sandstorm\n|-damage|p2b: Gothitelle|34\/100|[from] Sandstorm\n|-start|p2a: Scream Tail|perish1\n|-start|p1b: Tyranitar|perish1\n|upkeep\n|turn|4\n|\n|t:|1681877440\n|switch|p2b: Ting-Lu|Ting-Lu, L50|100\/100\n|-ability|p2b: Ting-Lu|Vessel of Ruin\n|move|p2a: Scream Tail|Perish Song|p2a: Scream Tail\n|-start|p1a: Gyarados|perish3|[silent]\n|-start|p2b: Ting-Lu|perish3|[silent]\n|-fieldactivate|move: Perish Song\n|move|p1a: Gyarados|Dragon Dance|p1a: Gyarados\n|-boost|p1a: Gyarados|atk|1\n|-boost|p1a: Gyarados|spe|1\n|move|p1b: Tyranitar|Crunch|p2b: Ting-Lu\n|-resisted|p2b: Ting-Lu\n|-damage|p2b: Ting-Lu|94\/100\n|\n|-weather|Sandstorm|[upkeep]\n|-damage|p2a: Scream Tail|57\/100|[from] Sandstorm\n|-start|p2a: Scream Tail|perish0\n|-start|p1a: Gyarados|perish3\n|faint|p2a: Scream Tail\n|-end|p2a: Scream Tail|Protosynthesis|[silent]\n|-start|p1b: Tyranitar|perish0\n|-start|p2b: Ting-Lu|perish3\n|faint|p1b: Tyranitar\n|upkeep\n|inactive|That_Leek has 30 seconds left.\n|\n|t:|1681877468\n|switch|p2a: Arcanine|Arcanine, L50, F|16\/100\n|switch|p1b: Flutter Mane|Flutter Mane, L50|38\/100\n|-ability|p2a: Arcanine|Intimidate|boost\n|-unboost|p1a: Gyarados|atk|1\n|-unboost|p1b: Flutter Mane|atk|1\n|turn|5\n|\n|t:|1681877485\n|-terastallize|p2b: Ting-Lu|Poison\n|move|p2a: Arcanine|Protect|p2a: Arcanine\n|-singleturn|p2a: Arcanine|Protect\n|move|p1a: Gyarados|Waterfall|p2b: Ting-Lu\n|-damage|p2b: Ting-Lu|70\/100\n|move|p1b: Flutter Mane|Dazzling Gleam|p2b: Ting-Lu|[spread] p2b\n|-activate|p2a: Arcanine|move: Protect\n|-resisted|p2b: Ting-Lu\n|-damage|p2b: Ting-Lu|60\/100\n|move|p2b: Ting-Lu|Heavy Slam|p1b: Flutter Mane\n|-supereffective|p1b: Flutter Mane\n|-damage|p1b: Flutter Mane|0 fnt\n|faint|p1b: Flutter Mane\n|-end|p1b: Flutter Mane|Protosynthesis|[silent]\n|\n|-weather|none\n|-start|p1a: Gyarados|perish2\n|-start|p2b: Ting-Lu|perish2\n|upkeep\n|\n|t:|1681877494\n|switch|p1b: Sandy Shocks|Sandy Shocks, L50|100\/100\n|turn|6\n|\n|t:|1681877511\n|switch|p2a: Gothitelle|Gothitelle, L50, M|34\/100\n|move|p1a: Gyarados|Waterfall|p2a: Gothitelle\n|-damage|p2a: Gothitelle|0 fnt\n|faint|p2a: Gothitelle\n|move|p1b: Sandy Shocks|Earth Power|p2b: Ting-Lu\n|-supereffective|p2b: Ting-Lu\n|-damage|p2b: Ting-Lu|9\/100\n|-unboost|p2b: Ting-Lu|spd|1\n|-damage|p1b: Sandy Shocks|91\/100|[from] item: Life Orb\n|move|p2b: Ting-Lu|Stomping Tantrum|p1b: Sandy Shocks\n|-supereffective|p1b: Sandy Shocks\n|-damage|p1b: Sandy Shocks|12\/100\n|\n|-start|p1a: Gyarados|perish1\n|-start|p2b: Ting-Lu|perish1\n|upkeep\n|\n|t:|1681877526\n|switch|p2a: Arcanine|Arcanine, L50, F|16\/100\n|-ability|p2a: Arcanine|Intimidate|boost\n|-unboost|p1a: Gyarados|atk|1\n|-unboost|p1b: Sandy Shocks|atk|1\n|turn|7\n|\n|t:|1681877542\n|move|p1b: Sandy Shocks|Protect|p1b: Sandy Shocks\n|-singleturn|p1b: Sandy Shocks|Protect\n|move|p1a: Gyarados|Waterfall|p2a: Arcanine\n|-supereffective|p2a: Arcanine\n|-damage|p2a: Arcanine|0 fnt\n|faint|p2a: Arcanine\n|move|p2b: Ting-Lu|Stomping Tantrum|p1b: Sandy Shocks\n|-activate|p1b: Sandy Shocks|move: Protect\n|\n|-start|p1a: Gyarados|perish0\n|-start|p2b: Ting-Lu|perish0\n|faint|p1a: Gyarados\n|faint|p2b: Ting-Lu\n|\n|win|That_Leek\n|upkeep\n|raw|That_Leek's rating: 1237 → 1260<\/strong> (+23 for winning)\n|raw|mrdychi's rating: 1210 → 1187<\/strong> (-23 for losing)\n|l|\u2606mrdychi\n","uploadtime":1681877557,"views":10,"p1id":"thatleek","p2id":"mrdychi","formatid":"gen9vgc2023regulationc","rating":1187,"private":0,"password":""}