{"id":"gen9vgc2023regulationc-1854927288","p1":"sasaki234","p2":"TheFranDa","format":"[Gen 9] VGC 2023 Regulation C","log":"|j|\u2606sasaki234\n|j|\u2606TheFranDa\n|t:|1682881631\n|gametype|doubles\n|player|p1|sasaki234|101|1253\n|player|p2|TheFranDa|darach-caitlin|1155\n|teamsize|p1|6\n|teamsize|p2|6\n|gen|9\n|tier|[Gen 9] VGC 2023 Regulation C\n|rated|\n|rule|Species Clause: Limit one of each Pok\u00e9mon\n|rule|Item Clause: Limit one of each item\n|clearpoke\n|poke|p1|Flutter Mane, L50|\n|poke|p1|Dragonite, L50, F|\n|poke|p1|Ting-Lu, L50|\n|poke|p1|Chien-Pao, L50|\n|poke|p1|Kingambit, L50, M|\n|poke|p1|Gyarados, L50, M|\n|poke|p2|Glimmora, L50, F|\n|poke|p2|Baxcalibur, L50, M|\n|poke|p2|Amoonguss, L50, M|\n|poke|p2|Garchomp, L50, M|\n|poke|p2|Talonflame, L50, M|\n|poke|p2|Ting-Lu, L50|\n|teampreview|4\n|inactive|Battle timer is ON: inactive players will automatically lose when time's up. (requested by sasaki234)\n|inactive|sasaki234 has 60 seconds left.\n|\n|t:|1682881675\n|start\n|switch|p1a: Dragonite|Dragonite, L50, F|100\/100\n|switch|p1b: Chien-Pao|Chien-Pao, L50|100\/100\n|switch|p2a: Talonflame|Talonflame, L50, M|100\/100\n|switch|p2b: Glimmora|Glimmora, L50, F|100\/100\n|-ability|p1b: Chien-Pao|Sword of Ruin\n|turn|1\n|\n|t:|1682881696\n|move|p1b: Chien-Pao|Protect|p1b: Chien-Pao\n|-singleturn|p1b: Chien-Pao|Protect\n|move|p1a: Dragonite|Extreme Speed|p2a: Talonflame\n|-damage|p2a: Talonflame|18\/100\n|move|p2a: Talonflame|Tailwind|p2a: Talonflame\n|-sidestart|p2: TheFranDa|move: Tailwind\n|move|p2b: Glimmora|Power Gem|p1b: Chien-Pao\n|-activate|p1b: Chien-Pao|move: Protect\n|\n|upkeep\n|turn|2\n|\n|t:|1682881719\n|move|p1a: Dragonite|Extreme Speed|p2a: Talonflame\n|-damage|p2a: Talonflame|0 fnt\n|faint|p2a: Talonflame\n|move|p2b: Glimmora|Power Gem|p1b: Chien-Pao\n|-supereffective|p1b: Chien-Pao\n|-enditem|p1b: Chien-Pao|Focus Sash\n|-damage|p1b: Chien-Pao|1\/100\n|move|p1b: Chien-Pao|Sacred Sword|p2b: Glimmora\n|-damage|p2b: Glimmora|58\/100\n|-activate|p2b: Glimmora|ability: Toxic Debris\n|-sidestart|p1: sasaki234|move: Toxic Spikes\n|\n|upkeep\n|inactive|TheFranDa has 30 seconds left.\n|inactive|TheFranDa has 20 seconds left.\n|inactive|TheFranDa has 15 seconds left.\n|l|\u2606TheFranDa\n|inactive|TheFranDa disconnected and has a minute to reconnect!\n|player|p2|\n|inactive|TheFranDa has 10 seconds left.\n|inactive|TheFranDa has 5 seconds left.\n|j|\u2606TheFranDa\n|inactive|TheFranDa reconnected and has 5 seconds left.\n|player|p2|TheFranDa|darach-caitlin\n|\n|t:|1682881774\n|switch|p2a: Garchomp|Garchomp, L50, M|100\/100\n|turn|3\n|\n|t:|1682881782\n|move|p1b: Chien-Pao|Protect|p1b: Chien-Pao\n|-singleturn|p1b: Chien-Pao|Protect\n|move|p1a: Dragonite|Extreme Speed|p2b: Glimmora\n|-resisted|p2b: Glimmora\n|-crit|p2b: Glimmora\n|-damage|p2b: Glimmora|14\/100\n|-activate|p2b: Glimmora|ability: Toxic Debris\n|-sidestart|p1: sasaki234|move: Toxic Spikes\n|move|p2a: Garchomp|Rock Slide|p1a: Dragonite|[spread] p1a\n|-activate|p1b: Chien-Pao|move: Protect\n|-supereffective|p1a: Dragonite\n|-damage|p1a: Dragonite|77\/100\n|move|p2b: Glimmora|Power Gem|p1a: Dragonite\n|-supereffective|p1a: Dragonite\n|-damage|p1a: Dragonite|0 fnt\n|faint|p1a: Dragonite\n|\n|upkeep\n|\n|t:|1682881799\n|switch|p1a: Gyarados|Gyarados, L50, M|100\/100\n|-ability|p1a: Gyarados|Intimidate|boost\n|-fail|p2a: Garchomp|unboost|[from] item: Clear Amulet|[of] p2a: Garchomp\n|-unboost|p2b: Glimmora|atk|1\n|turn|4\n|inactive|sasaki234 has 30 seconds left.\n|\n|t:|1682881828\n|move|p2a: Garchomp|Rock Slide|p1a: Gyarados|[spread] p1a,p1b\n|-supereffective|p1a: Gyarados\n|-supereffective|p1b: Chien-Pao\n|-damage|p1a: Gyarados|41\/100\n|-damage|p1b: Chien-Pao|0 fnt\n|-enditem|p1a: Gyarados|Sitrus Berry|[eat]\n|-heal|p1a: Gyarados|66\/100|[from] item: Sitrus Berry\n|faint|p1b: Chien-Pao\n|move|p2b: Glimmora|Power Gem|p1a: Gyarados\n|-supereffective|p1a: Gyarados\n|-crit|p1a: Gyarados\n|-damage|p1a: Gyarados|0 fnt\n|faint|p1a: Gyarados\n|\n|-sideend|p2: TheFranDa|move: Tailwind\n|upkeep\n|\n|t:|1682881852\n|switch|p1b: Flutter Mane|Flutter Mane, L50|100\/100\n|-status|p1b: Flutter Mane|tox\n|-enditem|p1b: Flutter Mane|Booster Energy\n|-activate|p1b: Flutter Mane|ability: Protosynthesis|[fromitem]\n|-start|p1b: Flutter Mane|protosynthesisspa\n|turn|5\n|\n|t:|1682881866\n|-terastallize|p1b: Flutter Mane|Fairy\n|-terastallize|p2a: Garchomp|Fire\n|move|p1b: Flutter Mane|Dazzling Gleam|p2b: Glimmora|[spread] p2a,p2b\n|-resisted|p2a: Garchomp\n|-resisted|p2b: Glimmora\n|-damage|p2a: Garchomp|73\/100\n|-damage|p2b: Glimmora|0 fnt\n|faint|p2b: Glimmora\n|move|p2a: Garchomp|Stomping Tantrum|p1b: Flutter Mane\n|-damage|p1b: Flutter Mane|35\/100 tox\n|\n|-damage|p1b: Flutter Mane|30\/100 tox|[from] psn\n|upkeep\n|\n|t:|1682881877\n|switch|p2b: Baxcalibur|Baxcalibur, L50, M|100\/100\n|turn|6\n|\n|t:|1682881882\n|move|p2b: Baxcalibur|Ice Shard|p1b: Flutter Mane\n|-damage|p1b: Flutter Mane|0 fnt\n|faint|p1b: Flutter Mane\n|-end|p1b: Flutter Mane|Protosynthesis|[silent]\n|\n|win|TheFranDa\n|raw|sasaki234's rating: 1253 → 1221<\/strong> (-32 for losing)\n|raw|TheFranDa's rating: 1155 → 1187<\/strong> (+32 for winning)\n|l|\u2606sasaki234\n","uploadtime":1682881985,"views":6,"p1id":"sasaki234","p2id":"thefranda","formatid":"gen9vgc2023regulationc","rating":1187,"private":0,"password":""}