{"id":"gen9vgc2023regulationc-1847117768","p1":"cb-sooner","p2":"Testingpoe","format":"[Gen 9] VGC 2023 Regulation C","log":"|j|\u2606cb-sooner\n|j|\u2606Testingpoe\n|t:|1681920525\n|gametype|doubles\n|player|p1|cb-sooner|170|1307\n|player|p2|Testingpoe|102|1284\n|teamsize|p1|6\n|teamsize|p2|6\n|gen|9\n|tier|[Gen 9] VGC 2023 Regulation C\n|rated|\n|rule|Species Clause: Limit one of each Pok\u00e9mon\n|rule|Item Clause: Limit one of each item\n|clearpoke\n|poke|p1|Flutter Mane, L50|\n|poke|p1|Dondozo, L50, F|\n|poke|p1|Tatsugiri, L50, M|\n|poke|p1|Pelipper, L50, M|\n|poke|p1|Gastrodon, L50, M|\n|poke|p1|Amoonguss, L50, F|\n|poke|p2|Iron Bundle, L50|\n|poke|p2|Abomasnow, L50, M|\n|poke|p2|Flutter Mane, L50|\n|poke|p2|Chi-Yu, L50|\n|poke|p2|Iron Hands, L50|\n|poke|p2|Farigiraf, L50, F|\n|teampreview|4\n|inactive|Battle timer is ON: inactive players will automatically lose when time's up. (requested by Testingpoe)\n|\n|t:|1681920570\n|start\n|switch|p1a: Pelipper|Pelipper, L50, M|100\/100\n|switch|p1b: Dondozo|Dondozo, L50, F|100\/100\n|switch|p2a: Iron Hands|Iron Hands, L50|100\/100\n|switch|p2b: Farigiraf|Farigiraf, L50, F|100\/100\n|-weather|RainDance|[from] ability: Drizzle|[of] p1a: Pelipper\n|turn|1\n|inactive|cb-sooner has 30 seconds left.\n|inactive|cb-sooner has 20 seconds left.\n|inactive|cb-sooner has 15 seconds left.\n|inactive|cb-sooner has 10 seconds left.\n|\n|t:|1681920615\n|switch|p1a: Tatsugiri|Tatsugiri, L50, M|100\/100\n|-activate|p1a: Tatsugiri|ability: Commander|[of] p1b: Dondozo\n|-boost|p1b: Dondozo|atk|2\n|-boost|p1b: Dondozo|spa|2\n|-boost|p1b: Dondozo|spe|2\n|-boost|p1b: Dondozo|def|2\n|-boost|p1b: Dondozo|spd|2\n|-terastallize|p1b: Dondozo|Water\n|move|p2a: Iron Hands|Fake Out|p1a: Tatsugiri|[miss]\n|-miss|p2a: Iron Hands|p1a: Tatsugiri\n|move|p1b: Dondozo|Wave Crash|p2a: Iron Hands\n|-damage|p2a: Iron Hands|0 fnt\n|faint|p2a: Iron Hands\n|-end|p2a: Iron Hands|Quark Drive|[silent]\n|-damage|p1b: Dondozo|65\/100|[from] Recoil\n|move|p2b: Farigiraf|Trick Room|p2b: Farigiraf\n|-fieldstart|move: Trick Room|[of] p2b: Farigiraf\n|\n|-weather|RainDance|[upkeep]\n|-heal|p1b: Dondozo|71\/100|[from] item: Leftovers\n|-status|p1a: Tatsugiri|tox|[from] item: Toxic Orb\n|upkeep\n|c|\u2606Testingpoe|dafuq\n|c|\u2606Testingpoe|it just dodges attacks\n|c|\u2606Testingpoe|instead of getting fake outed\n|\n|t:|1681920640\n|switch|p2a: Abomasnow|Abomasnow, L50, M|100\/100\n|-weather|Snow|[from] ability: Snow Warning|[of] p2a: Abomasnow\n|turn|2\n|\n|t:|1681920652\n|move|p1b: Dondozo|Protect|p1b: Dondozo\n|-singleturn|p1b: Dondozo|Protect\n|move|p2b: Farigiraf|Psychic|p1b: Dondozo\n|-activate|p1b: Dondozo|move: Protect\n|move|p2a: Abomasnow|Aurora Veil|p2a: Abomasnow\n|-sidestart|p2: Testingpoe|move: Aurora Veil\n|\n|-weather|Snow|[upkeep]\n|-heal|p1b: Dondozo|77\/100|[from] item: Leftovers\n|-damage|p1a: Tatsugiri|94\/100 tox|[from] psn\n|upkeep\n|turn|3\n|\n|t:|1681920671\n|move|p2b: Farigiraf|Psychic|p1b: Dondozo\n|-damage|p1b: Dondozo|58\/100\n|move|p2a: Abomasnow|Earth Power|p1b: Dondozo\n|-damage|p1b: Dondozo|44\/100\n|move|p1b: Dondozo|Dive||[still]\n|-prepare|p1b: Dondozo|Dive\n|\n|-weather|Snow|[upkeep]\n|-heal|p1b: Dondozo|50\/100|[from] item: Leftovers\n|-damage|p1a: Tatsugiri|82\/100 tox|[from] psn\n|upkeep\n|turn|4\n|\n|t:|1681920688\n|move|p2a: Abomasnow|Protect|p2a: Abomasnow\n|-singleturn|p2a: Abomasnow|Protect\n|move|p2b: Farigiraf|Psychic|p1b: Dondozo|[miss]\n|-miss|p2b: Farigiraf|p1b: Dondozo\n|move|p1b: Dondozo|Dive|p2b: Farigiraf|[from]lockedmove\n|-crit|p2b: Farigiraf\n|-damage|p2b: Farigiraf|0 fnt\n|faint|p2b: Farigiraf\n|\n|-weather|Snow|[upkeep]\n|-heal|p1b: Dondozo|56\/100|[from] item: Leftovers\n|-damage|p1a: Tatsugiri|63\/100 tox|[from] psn\n|upkeep\n|\n|t:|1681920700\n|switch|p2b: Flutter Mane|Flutter Mane, L50|100\/100\n|-enditem|p2b: Flutter Mane|Booster Energy\n|-activate|p2b: Flutter Mane|ability: Protosynthesis|[fromitem]\n|-start|p2b: Flutter Mane|protosynthesisspe\n|turn|5\n|inactive|cb-sooner has 30 seconds left.\n|\n|t:|1681920728\n|move|p1b: Dondozo|Protect|p1b: Dondozo\n|-singleturn|p1b: Dondozo|Protect\n|move|p2a: Abomasnow|Earth Power|p1b: Dondozo\n|-activate|p1b: Dondozo|move: Protect\n|move|p2b: Flutter Mane|Shadow Ball|p1b: Dondozo\n|-activate|p1b: Dondozo|move: Protect\n|\n|-weather|Snow|[upkeep]\n|-heal|p1b: Dondozo|62\/100|[from] item: Leftovers\n|-damage|p1a: Tatsugiri|38\/100 tox|[from] psn\n|-fieldend|move: Trick Room\n|upkeep\n|turn|6\n|\n|t:|1681920745\n|move|p2b: Flutter Mane|Protect|p2b: Flutter Mane\n|-singleturn|p2b: Flutter Mane|Protect\n|move|p1b: Dondozo|Dive||[still]\n|-prepare|p1b: Dondozo|Dive\n|move|p2a: Abomasnow|Earth Power|p1b: Dondozo|[miss]\n|-miss|p2a: Abomasnow|p1b: Dondozo\n|\n|-weather|none\n|-heal|p1b: Dondozo|68\/100|[from] item: Leftovers\n|-damage|p1a: Tatsugiri|7\/100 tox|[from] psn\n|upkeep\n|turn|7\n|\n|t:|1681920762\n|move|p2b: Flutter Mane|Shadow Ball|p1b: Dondozo|[miss]\n|-miss|p2b: Flutter Mane|p1b: Dondozo\n|move|p1b: Dondozo|Dive|p2b: Flutter Mane|[from]lockedmove\n|-damage|p2b: Flutter Mane|0 fnt\n|faint|p2b: Flutter Mane\n|-end|p2b: Flutter Mane|Protosynthesis|[silent]\n|move|p2a: Abomasnow|Blizzard|p1b: Dondozo|[spread] p1b\n|-miss|p2a: Abomasnow|p1a: Tatsugiri\n|-resisted|p1b: Dondozo\n|-damage|p1b: Dondozo|60\/100\n|\n|-heal|p1b: Dondozo|66\/100|[from] item: Leftovers\n|-damage|p1a: Tatsugiri|0 fnt|[from] psn\n|faint|p1a: Tatsugiri\n|upkeep\n|\n|t:|1681920771\n|switch|p1a: Pelipper|Pelipper, L50, M|100\/100\n|-weather|RainDance|[from] ability: Drizzle|[of] p1a: Pelipper\n|turn|8\n|-message|Testingpoe forfeited.\n|\n|win|cb-sooner\n|raw|cb-sooner's rating: 1307 → 1326<\/strong> (+19 for winning)\n|raw|Testingpoe's rating: 1284 → 1261<\/strong> (-23 for losing)\n|l|\u2606Testingpoe\n","uploadtime":1681920793,"views":12,"p1id":"cbsooner","p2id":"testingpoe","formatid":"gen9vgc2023regulationc","rating":1261,"private":0,"password":""}