{"id":"gen9vgc2023regulationc-1859797106","p1":"dashrekawanobi","p2":"Broskander","format":"[Gen 9] VGC 2023 Regulation C","log":"|j|\u2606dashrekawanobi\n|j|\u2606Broskander\n|t:|1683565338\n|gametype|doubles\n|player|p1|dashrekawanobi|169|1134\n|player|p2|Broskander|266|1140\n|teamsize|p1|6\n|teamsize|p2|6\n|gen|9\n|tier|[Gen 9] VGC 2023 Regulation C\n|rated|\n|rule|Species Clause: Limit one of each Pok\u00e9mon\n|rule|Item Clause: Limit one of each item\n|clearpoke\n|poke|p1|Stantler, L50, F|\n|poke|p1|Kingambit, L50, F|\n|poke|p1|Hatterene, L50, F|\n|poke|p1|Indeedee-F, L50, F|\n|poke|p1|Iron Hands, L50|\n|poke|p1|Amoonguss, L50, F|\n|poke|p2|Braviary, L50, M|\n|poke|p2|Dragapult, L50, F|\n|poke|p2|Chien-Pao, L50|\n|poke|p2|Volcarona, L50, M|\n|poke|p2|Palafin, L50, M|\n|poke|p2|Tsareena, L50, F|\n|teampreview|4\n|c|\u2606dashrekawanobi|glhf\n|inactive|Battle timer is ON: inactive players will automatically lose when time's up. (requested by Broskander)\ndashrekawanobi rejected open team sheets.\n|inactive|Broskander has 60 seconds left.\n|\n|t:|1683565393\n|start\n|switch|p1a: Indeedee|Indeedee-F, L50, F|100\/100\n|switch|p1b: Stantler|Stantler, L50, F|100\/100\n|switch|p2a: Volcarona|Volcarona, L50, M|100\/100\n|switch|p2b: Chien-Pao|Chien-Pao, L50|100\/100\n|-ability|p2b: Chien-Pao|Sword of Ruin\n|-ability|p1b: Stantler|Intimidate|boost\n|-unboost|p2a: Volcarona|atk|1\n|-unboost|p2b: Chien-Pao|atk|1\n|-fieldstart|move: Psychic Terrain|[from] ability: Psychic Surge|[of] p1a: Indeedee\n|-enditem|p1a: Indeedee|Psychic Seed\n|-boost|p1a: Indeedee|spd|1|[from] item: Psychic Seed\n|turn|1\n|inactive|Broskander has 30 seconds left.\n|\n|t:|1683565419\n|switch|p2b: Braviary|Braviary, L50, M|100\/100\n|move|p2a: Volcarona|Struggle Bug|p1b: Stantler|[spread] p1a,p1b\n|-supereffective|p1a: Indeedee\n|-damage|p1a: Indeedee|76\/100\n|-damage|p1b: Stantler|85\/100\n|-unboost|p1a: Indeedee|spa|1\n|-unboost|p1b: Stantler|spa|1\n|move|p1b: Stantler|Skill Swap|p2a: Volcarona\n|-activate|p1b: Stantler|move: Skill Swap|Flame Body|Intimidate|[of] p2a: Volcarona\n|-ability|p2a: Volcarona|Intimidate|boost\n|-unboost|p1a: Indeedee|atk|1\n|-unboost|p1b: Stantler|atk|1\n|move|p1a: Indeedee|Trick Room|p1a: Indeedee\n|-fieldstart|move: Trick Room|[of] p1a: Indeedee\n|\n|upkeep\n|turn|2\n|inactive|dashrekawanobi has 30 seconds left.\n|inactive|Broskander has 30 seconds left.\n|\n|t:|1683565451\n|switch|p1a: Kingambit|Kingambit, L50, F|100\/100\n|move|p1b: Stantler|Bulldoze|p2a: Volcarona|[spread] p1a,p2a\n|-immune|p2b: Braviary\n|-supereffective|p1a: Kingambit\n|-damage|p1a: Kingambit|92\/100\n|-damage|p2a: Volcarona|95\/100\n|-unboost|p1a: Kingambit|spe|1\n|-unboost|p2a: Volcarona|spe|1\n|-enditem|p1a: Kingambit|Weakness Policy\n|-boost|p1a: Kingambit|atk|2|[from] item: Weakness Policy\n|-boost|p1a: Kingambit|spa|2|[from] item: Weakness Policy\n|move|p2a: Volcarona|Will-O-Wisp|p1b: Stantler\n|-status|p1b: Stantler|brn\n|move|p2b: Braviary|Close Combat|p1b: Stantler\n|-supereffective|p1b: Stantler\n|-damage|p1b: Stantler|22\/100 brn\n|-unboost|p2b: Braviary|def|1\n|-unboost|p2b: Braviary|spd|1\n|\n|-damage|p1b: Stantler|15\/100 brn|[from] brn\n|upkeep\n|turn|3\n|inactive|dashrekawanobi has 30 seconds left.\n|inactive|Broskander has 30 seconds left.\n|inactive|Broskander has 20 seconds left.\n|\n|t:|1683565487\n|switch|p2b: Tsareena|Tsareena, L50, F|100\/100\n|move|p1a: Kingambit|Sucker Punch||[still]\n|cant|p2b: Tsareena|ability: Queenly Majesty|Sucker Punch|[of] p1a: Kingambit\n|move|p2a: Volcarona|Will-O-Wisp|p1a: Kingambit|[miss]\n|-miss|p2a: Volcarona|p1a: Kingambit\n|move|p1b: Stantler|Skill Swap|p2b: Tsareena\n|-activate|p1b: Stantler|move: Skill Swap|Queenly Majesty|Flame Body|[of] p2b: Tsareena\n|\n|-damage|p1b: Stantler|9\/100 brn|[from] brn\n|upkeep\n|turn|4\n|\n|t:|1683565503\n|switch|p2b: Braviary|Braviary, L50, M|100\/100\n|move|p1a: Kingambit|Kowtow Cleave|p2b: Braviary\n|-crit|p2b: Braviary\n|-damage|p2b: Braviary|0 fnt\n|faint|p2b: Braviary\n|move|p2a: Volcarona|Will-O-Wisp|p1a: Kingambit\n|-status|p1a: Kingambit|brn\n|move|p1b: Stantler|Shadow Ball|p2a: Volcarona\n|-damage|p2a: Volcarona|84\/100\n|\n|-damage|p1a: Kingambit|86\/100 brn|[from] brn\n|-damage|p1b: Stantler|3\/100 brn|[from] brn\n|upkeep\n|\n|t:|1683565523\n|switch|p2b: Tsareena|Tsareena, L50, F|100\/100\n|turn|5\n|\n|t:|1683565539\n|switch|p1b: Iron Hands|Iron Hands, L50|100\/100\n|-terastallize|p1a: Kingambit|Flying\n|move|p2a: Volcarona|Rage Powder|p2a: Volcarona\n|-singleturn|p2a: Volcarona|move: Rage Powder\n|move|p1a: Kingambit|Tera Blast|p2a: Volcarona\n|-supereffective|p2a: Volcarona\n|-damage|p2a: Volcarona|0 fnt\n|faint|p2a: Volcarona\n|move|p2b: Tsareena|High Jump Kick|p1a: Kingambit\n|-resisted|p1a: Kingambit\n|-damage|p1a: Kingambit|71\/100 brn\n|\n|-damage|p1a: Kingambit|65\/100 brn|[from] brn\n|-fieldend|move: Trick Room\n|-fieldend|move: Psychic Terrain\n|upkeep\n|\n|t:|1683565555\n|switch|p2a: Chien-Pao|Chien-Pao, L50|100\/100\n|-ability|p2a: Chien-Pao|Sword of Ruin\n|turn|6\n|\n|t:|1683565564\n|move|p1a: Kingambit|Protect|p1a: Kingambit\n|-singleturn|p1a: Kingambit|Protect\n|move|p2a: Chien-Pao|Ice Spinner|p1a: Kingambit\n|-activate|p1a: Kingambit|move: Protect\n|move|p2b: Tsareena|Play Rough|p1b: Iron Hands\n|-supereffective|p1b: Iron Hands\n|-damage|p1b: Iron Hands|42\/100\n|move|p1b: Iron Hands|Drain Punch|p2a: Chien-Pao\n|-supereffective|p2a: Chien-Pao\n|-enditem|p2a: Chien-Pao|Focus Sash\n|-damage|p2a: Chien-Pao|1\/100\n|-heal|p1b: Iron Hands|76\/100|[from] drain|[of] p2a: Chien-Pao\n|\n|-damage|p1a: Kingambit|59\/100 brn|[from] brn\n|upkeep\n|turn|7\n|inactive|dashrekawanobi has 30 seconds left.\n|inactive|Broskander has 30 seconds left.\n|\n|t:|1683565594\n|move|p2a: Chien-Pao|Protect|p2a: Chien-Pao\n|-singleturn|p2a: Chien-Pao|Protect\n|move|p1a: Kingambit|Sucker Punch||[still]\n|cant|p2b: Tsareena|ability: Queenly Majesty|Sucker Punch|[of] p1a: Kingambit\n|move|p2b: Tsareena|Play Rough|p1b: Iron Hands\n|-supereffective|p1b: Iron Hands\n|-damage|p1b: Iron Hands|15\/100\n|move|p1b: Iron Hands|Swords Dance|p1b: Iron Hands\n|-boost|p1b: Iron Hands|atk|2\n|\n|-damage|p1a: Kingambit|54\/100 brn|[from] brn\n|upkeep\n|turn|8\n|\n|t:|1683565617\n|-end|p1b: Iron Hands|Quark Drive|[silent]\n|switch|p1b: Indeedee|Indeedee-F, L50, F|76\/100\n|-fieldstart|move: Psychic Terrain|[from] ability: Psychic Surge|[of] p1b: Indeedee\n|move|p1a: Kingambit|Protect|p1a: Kingambit\n|-singleturn|p1a: Kingambit|Protect\n|move|p2a: Chien-Pao|Ice Spinner|p1a: Kingambit\n|-activate|p1a: Kingambit|move: Protect\n|move|p2b: Tsareena|Trop Kick|p1b: Indeedee\n|-damage|p1b: Indeedee|33\/100\n|-unboost|p1b: Indeedee|atk|1\n|\n|-damage|p1a: Kingambit|48\/100 brn|[from] brn\n|upkeep\n|turn|9\n|\n|t:|1683565640\n|move|p1b: Indeedee|Follow Me|p1b: Indeedee\n|-singleturn|p1b: Indeedee|move: Follow Me\n|move|p2a: Chien-Pao|Ice Spinner|p1b: Indeedee\n|-damage|p1b: Indeedee|0 fnt\n|-fieldend|move: Psychic Terrain\n|faint|p1b: Indeedee\n|move|p2b: Tsareena|U-turn|p1a: Kingambit\n|-resisted|p1a: Kingambit\n|-damage|p1a: Kingambit|38\/100 brn\n|move|p1a: Kingambit|Tera Blast|p2b: Tsareena\n|-supereffective|p2b: Tsareena\n|-damage|p2b: Tsareena|0 fnt\n|faint|p2b: Tsareena\n|\n|-damage|p1a: Kingambit|32\/100 brn|[from] brn\n|upkeep\n|\n|t:|1683565646\n|switch|p1b: Iron Hands|Iron Hands, L50|15\/100\n|turn|10\n|c|\u2606dashrekawanobi|ff\n|c|\u2606dashrekawanobi|gg\n|-message|Broskander forfeited.\n|\n|win|dashrekawanobi\n|raw|dashrekawanobi's rating: 1134 → 1159<\/strong> (+25 for winning)\n|raw|Broskander's rating: 1140 → 1115<\/strong> (-25 for losing)\n|l|\u2606Broskander\n","uploadtime":1683565659,"views":3,"p1id":"dashrekawanobi","p2id":"broskander","formatid":"gen9vgc2023regulationc","rating":1115,"private":0,"password":""}