{"id":"gen9vgc2023regulationc-1862219963","p1":"AGSilver935","p2":"HiKraunty","format":"[Gen 9] VGC 2023 Regulation C","log":"|j|\u2606AGSilver935\n|j|\u2606HiKraunty\n|t:|1683851123\n|gametype|doubles\n|player|p1|AGSilver935|ghetsis|\n|player|p2|HiKraunty|hilda|\n|teamsize|p1|6\n|teamsize|p2|6\n|gen|9\n|tier|[Gen 9] VGC 2023 Regulation C\n|rule|Species Clause: Limit one of each Pok\u00e9mon\n|rule|Item Clause: Limit one of each item\n|clearpoke\n|poke|p1|Baxcalibur, L50, M|\n|poke|p1|Flutter Mane, L50|\n|poke|p1|Chi-Yu, L50|\n|poke|p1|Iron Bundle, L50|\n|poke|p1|Amoonguss, L50, F|\n|poke|p1|Arcanine, L50, F|\n|poke|p2|Flutter Mane, L50|\n|poke|p2|Murkrow, L50, F|\n|poke|p2|Great Tusk, L50|\n|poke|p2|Chi-Yu, L50|\n|poke|p2|Iron Bundle, L50|\n|poke|p2|Amoonguss, L50, F|\n|teampreview|4\n|c|\u2606AGSilver935|g3\nAGSilver935 has agreed to open team sheets.\nHiKraunty has agreed to open team sheets.\n|c|\u2606AGSilver935|Good luck!\n|c|\u2606HiKraunty|glhf\n|\n|t:|1683851976\n|start\n|switch|p1a: Amoonguss|Amoonguss, L50, F|100\/100\n|switch|p1b: Iron Bundle|Iron Bundle, L50|100\/100\n|switch|p2a: Wisdom|Great Tusk, L50|100\/100\n|switch|p2b: Hax|Murkrow, L50, F|100\/100\n|-enditem|p1b: Iron Bundle|Booster Energy\n|-activate|p1b: Iron Bundle|ability: Quark Drive|[fromitem]\n|-start|p1b: Iron Bundle|quarkdrivespe\n|turn|1\n|\n|t:|1683851995\n|-terastallize|p2a: Wisdom|Fire\n|move|p2b: Hax|Sunny Day|p2b: Hax\n|-weather|SunnyDay\n|-activate|p2a: Wisdom|ability: Protosynthesis\n|-start|p2a: Wisdom|protosynthesisatk\n|move|p1b: Iron Bundle|Icy Wind|p2b: Hax|[spread] p2a,p2b\n|-resisted|p2a: Wisdom\n|-supereffective|p2b: Hax\n|-damage|p2a: Wisdom|92\/100\n|-damage|p2b: Hax|54\/100\n|-unboost|p2a: Wisdom|spe|1\n|-unboost|p2b: Hax|spe|1\n|move|p2a: Wisdom|Earthquake|p1a: Amoonguss|[spread] p1a,p1b\n|-immune|p2b: Hax\n|-damage|p1a: Amoonguss|54\/100\n|-damage|p1b: Iron Bundle|41\/100\n|move|p1a: Amoonguss|Spore|p2a: Wisdom\n|-status|p2a: Wisdom|slp|[from] move: Spore\n|\n|-weather|SunnyDay|[upkeep]\n|upkeep\n|turn|2\n|\n|t:|1683852019\n|move|p2b: Hax|Tailwind|p2b: Hax\n|-sidestart|p2: HiKraunty|move: Tailwind\n|move|p1b: Iron Bundle|Freeze-Dry|p2b: Hax\n|-supereffective|p2b: Hax\n|-damage|p2b: Hax|0 fnt\n|faint|p2b: Hax\n|cant|p2a: Wisdom|slp\n|move|p1a: Amoonguss|Pollen Puff|p1b: Iron Bundle\n|-heal|p1b: Iron Bundle|91\/100\n|\n|-weather|SunnyDay|[upkeep]\n|upkeep\n|\n|t:|1683852031\n|switch|p2b: Overcooked|Chi-Yu, L50|100\/100\n|-ability|p2b: Overcooked|Beads of Ruin\n|turn|3\n|\n|t:|1683852043\n|-terastallize|p1a: Amoonguss|Water\n|move|p1b: Iron Bundle|Protect|p1b: Iron Bundle\n|-singleturn|p1b: Iron Bundle|Protect\n|move|p2b: Overcooked|Heat Wave|p1a: Amoonguss|[spread] \n|-activate|p1b: Iron Bundle|move: Protect\n|-miss|p2b: Overcooked|p1a: Amoonguss\n|-curestatus|p2a: Wisdom|slp|[msg]\n|move|p2a: Wisdom|Rock Slide|p1a: Amoonguss|[spread] p1a\n|-activate|p1b: Iron Bundle|move: Protect\n|-damage|p1a: Amoonguss|33\/100\n|-enditem|p1a: Amoonguss|Sitrus Berry|[eat]\n|-heal|p1a: Amoonguss|58\/100|[from] item: Sitrus Berry\n|cant|p1a: Amoonguss|flinch\n|\n|-weather|SunnyDay|[upkeep]\n|upkeep\n|turn|4\n|\n|t:|1683852073\n|move|p2b: Overcooked|Heat Wave|p1a: Amoonguss|[spread] p1a,p1b\n|-resisted|p1a: Amoonguss\n|-damage|p1a: Amoonguss|26\/100\n|-damage|p1b: Iron Bundle|0 fnt\n|faint|p1b: Iron Bundle\n|-end|p1b: Iron Bundle|Quark Drive|[silent]\n|move|p2a: Wisdom|Headlong Rush|p1a: Amoonguss\n|-damage|p1a: Amoonguss|0 fnt\n|-unboost|p2a: Wisdom|def|1\n|-unboost|p2a: Wisdom|spd|1\n|faint|p1a: Amoonguss\n|\n|-weather|SunnyDay|[upkeep]\n|upkeep\n|\n|t:|1683852083\n|switch|p1b: Flutter Mane|Flutter Mane, L50|100\/100\n|switch|p1a: Chi-Yu|Chi-Yu, L50|100\/100\n|-activate|p1b: Flutter Mane|ability: Protosynthesis\n|-start|p1b: Flutter Mane|protosynthesisspe\n|-ability|p1a: Chi-Yu|Beads of Ruin\n|turn|5\n|j| Elphaba Thropp\n|\n|t:|1683852093\n|-end|p2a: Wisdom|Protosynthesis|[silent]\n|switch|p2a: Iceki|Iron Bundle, L50|100\/100\n|-enditem|p2a: Iceki|Booster Energy\n|-activate|p2a: Iceki|ability: Quark Drive|[fromitem]\n|-start|p2a: Iceki|quarkdrivespe\n|move|p1b: Flutter Mane|Protect|p1b: Flutter Mane\n|-singleturn|p1b: Flutter Mane|Protect\n|move|p1a: Chi-Yu|Protect|p1a: Chi-Yu\n|-singleturn|p1a: Chi-Yu|Protect\n|move|p2b: Overcooked|Heat Wave|p1b: Flutter Mane|[spread] \n|-activate|p1a: Chi-Yu|move: Protect\n|-activate|p1b: Flutter Mane|move: Protect\n|\n|-weather|none\n|-end|p1b: Flutter Mane|Protosynthesis\n|-sideend|p2: HiKraunty|move: Tailwind\n|upkeep\n|turn|6\n|\n|t:|1683852127\n|move|p2a: Iceki|Icy Wind|p1a: Chi-Yu|[spread] p1a,p1b\n|-resisted|p1a: Chi-Yu\n|-damage|p1a: Chi-Yu|89\/100\n|-damage|p1b: Flutter Mane|70\/100\n|-unboost|p1a: Chi-Yu|spe|1\n|-unboost|p1b: Flutter Mane|spe|1\n|move|p2b: Overcooked|Heat Wave|p1b: Flutter Mane|[spread] p1a,p1b\n|-resisted|p1a: Chi-Yu\n|-damage|p1a: Chi-Yu|63\/100\n|-damage|p1b: Flutter Mane|17\/100\n|move|p1b: Flutter Mane|Dazzling Gleam|p2a: Iceki|[spread] p2a,p2b\n|-damage|p2a: Iceki|0 fnt\n|-damage|p2b: Overcooked|61\/100\n|faint|p2a: Iceki\n|-end|p2a: Iceki|Quark Drive|[silent]\n|-damage|p1b: Flutter Mane|7\/100|[from] item: Life Orb\n|move|p1a: Chi-Yu|Dark Pulse|p2b: Overcooked\n|-resisted|p2b: Overcooked\n|-damage|p2b: Overcooked|42\/100\n|\n|upkeep\n|\n|t:|1683852136\n|switch|p2a: Wisdom|Great Tusk, L50, tera:Fire|92\/100\n|turn|7\n|\n|t:|1683852195\n|move|p2b: Overcooked|Protect|p2b: Overcooked\n|-singleturn|p2b: Overcooked|Protect\n|move|p2a: Wisdom|Earthquake|p1b: Flutter Mane|[spread] p1a,p1b\n|-activate|p2b: Overcooked|move: Protect\n|-supereffective|p1a: Chi-Yu\n|-damage|p1a: Chi-Yu|0 fnt\n|-damage|p1b: Flutter Mane|0 fnt\n|faint|p1a: Chi-Yu\n|faint|p1b: Flutter Mane\n|-end|p1b: Flutter Mane|Protosynthesis|[silent]\n|\n|win|HiKraunty\n|c|\u2606AGSilver935|gg\n|c|\u2606HiKraunty|gg\n","uploadtime":1683852205,"views":8,"p1id":"agsilver935","p2id":"hikraunty","formatid":"gen9vgc2023regulationc","rating":0,"private":0,"password":""}