{"id":"gen9vgc2023regulationc-1851499123","p1":"Salesforce Sans","p2":"Supersuperhero","format":"[Gen 9] VGC 2023 Regulation C","log":"|j|\u2606Salesforce Sans\n|j|\u2606Supersuperhero\n|t:|1682450213\n|gametype|doubles\n|player|p1|Salesforce Sans|lucas-gen4pt|1397\n|player|p2|Supersuperhero|266|1413\n|teamsize|p1|6\n|teamsize|p2|6\n|gen|9\n|tier|[Gen 9] VGC 2023 Regulation C\n|rated|\n|rule|Species Clause: Limit one of each Pok\u00e9mon\n|rule|Item Clause: Limit one of each item\n|clearpoke\n|poke|p1|Ceruledge, L50, M|\n|poke|p1|Azumarill, L50, M|\n|poke|p1|Corviknight, L50, F|\n|poke|p1|Chien-Pao, L50|\n|poke|p1|Amoonguss, L50, F|\n|poke|p1|Iron Hands, L50|\n|poke|p2|Flutter Mane, L50|\n|poke|p2|Palafin, L50, M|\n|poke|p2|Abomasnow, L50, F|\n|poke|p2|Ting-Lu, L50|\n|poke|p2|Arcanine, L50, M|\n|poke|p2|Cetitan, L50, M|\n|teampreview|4\nSalesforce Sans has agreed to open team sheets.\nSupersuperhero has agreed to open team sheets.\n|\n|t:|1682450351\n|start\n|switch|p1a: Run Around|Chien-Pao, L50|100\/100\n|switch|p1b: Give You Up|Azumarill, L50, M|100\/100\n|switch|p2a: Arcanine|Arcanine, L50, M|100\/100\n|switch|p2b: Flutter Mane|Flutter Mane, L50|100\/100\n|-ability|p1a: Run Around|Sword of Ruin\n|-ability|p2a: Arcanine|Intimidate|boost\n|-unboost|p1a: Run Around|atk|1\n|-unboost|p1b: Give You Up|atk|1\n|turn|1\n|\n|t:|1682450368\n|-end|p2b: Flutter Mane|Protosynthesis|[silent]\n|switch|p2b: Abomasnow|Abomasnow, L50, F|100\/100\n|-weather|Snow|[from] ability: Snow Warning|[of] p2b: Abomasnow\n|move|p1a: Run Around|Protect|p1a: Run Around\n|-singleturn|p1a: Run Around|Protect\n|move|p1b: Give You Up|Protect|p1b: Give You Up\n|-singleturn|p1b: Give You Up|Protect\n|move|p2a: Arcanine|Flare Blitz|p1a: Run Around\n|-activate|p1a: Run Around|move: Protect\n|\n|-weather|Snow|[upkeep]\n|upkeep\n|turn|2\n|\n|t:|1682450405\n|switch|p1a: Never_Gonna|Ceruledge, L50, M|100\/100\n|-terastallize|p2a: Arcanine|Water\n|move|p2a: Arcanine|Flare Blitz|p1a: Never_Gonna\n|-start|p1a: Never_Gonna|ability: Flash Fire\n|move|p2b: Abomasnow|Aurora Veil|p2b: Abomasnow\n|-sidestart|p2: Supersuperhero|move: Aurora Veil\n|move|p1b: Give You Up|Liquidation|p2b: Abomasnow\n|-resisted|p2b: Abomasnow\n|-damage|p2b: Abomasnow|92\/100\n|\n|-weather|Snow|[upkeep]\n|upkeep\n|turn|3\n|\n|t:|1682450432\n|move|p1b: Give You Up|Protect|p1b: Give You Up\n|-singleturn|p1b: Give You Up|Protect\n|move|p2a: Arcanine|Flare Blitz|p1b: Give You Up\n|-activate|p1b: Give You Up|move: Protect\n|move|p1a: Never_Gonna|Swords Dance|p1a: Never_Gonna\n|-boost|p1a: Never_Gonna|atk|2\n|-enditem|p2a: Arcanine|Mirror Herb\n|-boost|p2a: Arcanine|atk|2|[from] item: Mirror Herb\n|move|p2b: Abomasnow|Energy Ball|p1b: Give You Up\n|-activate|p1b: Give You Up|move: Protect\n|\n|-weather|Snow|[upkeep]\n|upkeep\n|turn|4\n|\n|t:|1682450461\n|move|p2a: Arcanine|Extreme Speed|p1b: Give You Up\n|-damage|p1b: Give You Up|51\/100\n|move|p1a: Never_Gonna|Bitter Blade|p2a: Arcanine\n|-resisted|p2a: Arcanine\n|-damage|p2a: Arcanine|59\/100\n|move|p2b: Abomasnow|Energy Ball|p1b: Give You Up\n|-supereffective|p1b: Give You Up\n|-damage|p1b: Give You Up|0 fnt\n|faint|p1b: Give You Up\n|\n|-weather|Snow|[upkeep]\n|upkeep\n|\n|t:|1682450482\n|switch|p1b: Run Around|Chien-Pao, L50|100\/100\n|-ability|p1b: Run Around|Sword of Ruin\n|turn|5\n|\n|t:|1682450500\n|move|p1b: Run Around|Protect|p1b: Run Around\n|-singleturn|p1b: Run Around|Protect\n|move|p2a: Arcanine|Flare Blitz|p1b: Run Around\n|-activate|p1b: Run Around|move: Protect\n|move|p1a: Never_Gonna|Bitter Blade|p2a: Arcanine\n|-resisted|p2a: Arcanine\n|-damage|p2a: Arcanine|0 fnt\n|faint|p2a: Arcanine\n|move|p2b: Abomasnow|Blizzard|p1b: Run Around|[spread] p1a\n|-activate|p1b: Run Around|move: Protect\n|-resisted|p1a: Never_Gonna\n|-damage|p1a: Never_Gonna|84\/100\n|\n|-weather|none\n|upkeep\n|\n|t:|1682450503\n|switch|p2a: Cetitan|Cetitan, L50, M|100\/100\n|turn|6\n|\n|t:|1682450537\n|switch|p1b: Rick Astley|Iron Hands, L50|100\/100\n|move|p1a: Never_Gonna|Protect|p1a: Never_Gonna\n|-singleturn|p1a: Never_Gonna|Protect\n|move|p2a: Cetitan|Liquidation|p1a: Never_Gonna\n|-activate|p1a: Never_Gonna|move: Protect\n|move|p2b: Abomasnow|Blizzard|p1a: Never_Gonna|[spread] p1b\n|-activate|p1a: Never_Gonna|move: Protect\n|-damage|p1b: Rick Astley|85\/100\n|\n|-sideend|p2: Supersuperhero|move: Aurora Veil\n|upkeep\n|turn|7\n|\n|t:|1682450556\n|switch|p2b: Flutter Mane|Flutter Mane, L50|100\/100\n|move|p2a: Cetitan|Protect|p2a: Cetitan\n|-singleturn|p2a: Cetitan|Protect\n|move|p1b: Rick Astley|Fake Out|p2a: Cetitan\n|-activate|p2a: Cetitan|move: Protect\n|move|p1a: Never_Gonna|Bitter Blade|p2b: Flutter Mane\n|-damage|p2b: Flutter Mane|0 fnt\n|-heal|p1a: Never_Gonna|100\/100|[from] drain|[of] p2b: Flutter Mane\n|faint|p2b: Flutter Mane\n|-end|p2b: Flutter Mane|Protosynthesis|[silent]\n|\n|upkeep\n|-message|Supersuperhero forfeited.\n|\n|win|Salesforce Sans\n|raw|Salesforce Sans's rating: 1397 → 1418<\/strong> (+21 for winning)\n|raw|Supersuperhero's rating: 1413 → 1392<\/strong> (-21 for losing)\n|l|\u2606Supersuperhero\n","uploadtime":1682450683,"views":6,"p1id":"salesforcesans","p2id":"supersuperhero","formatid":"gen9vgc2023regulationc","rating":1392,"private":0,"password":""}