{"id":"gen9vgc2023regulationc-1852257362","p1":"Blazingfalre99","p2":"MistressQueenM","format":"[Gen 9] VGC 2023 Regulation C","log":"|j|\u2606Blazingfalre99\n|j|\u2606MistressQueenM\n|t:|1682537396\n|gametype|doubles\n|player|p1|Blazingfalre99|red|1226\n|player|p2|MistressQueenM|veteranf|1108\n|teamsize|p1|6\n|teamsize|p2|6\n|gen|9\n|tier|[Gen 9] VGC 2023 Regulation C\n|rated|\n|rule|Species Clause: Limit one of each Pok\u00e9mon\n|rule|Item Clause: Limit one of each item\n|clearpoke\n|poke|p1|Dondozo, L50, M|\n|poke|p1|Tatsugiri-Droopy, L50, F|\n|poke|p1|Pelipper, L50, F|\n|poke|p1|Drednaw, L50, F|\n|poke|p1|Garganacl, L50, M|\n|poke|p1|Ting-Lu, L50|\n|poke|p2|Wo-Chien, L50|\n|poke|p2|Torkoal, L50, M|\n|poke|p2|Garganacl, L50, F|\n|poke|p2|Great Tusk, L50|\n|poke|p2|Murkrow, L50, M|\n|poke|p2|Farigiraf, L50, M|\n|teampreview|4\n|inactive|Battle timer is ON: inactive players will automatically lose when time's up. (requested by Blazingfalre99)\nBlazingfalre99 has agreed to open team sheets.\nMistressQueenM rejected open team sheets.\n|\n|t:|1682537417\n|start\n|switch|p1a: Dondozo|Dondozo, L50, M|100\/100\n|switch|p1b: Drednaw|Drednaw, L50, F|100\/100\n|switch|p2a: Fool|Murkrow, L50, M|100\/100\n|switch|p2b: Freak|Farigiraf, L50, M|100\/100\n|turn|1\n|\n|t:|1682537429\n|switch|p1a: Pelipper|Pelipper, L50, F|100\/100\n|-weather|RainDance|[from] ability: Drizzle|[of] p1a: Pelipper\n|move|p2a: Fool|Thunder Wave|p1a: Pelipper\n|-status|p1a: Pelipper|par\n|move|p1b: Drednaw|Rock Slide|p2b: Freak|[spread] p2a,p2b\n|-supereffective|p2a: Fool\n|-damage|p2a: Fool|0 fnt\n|-damage|p2b: Freak|57\/100\n|faint|p2a: Fool\n|move|p2b: Freak|Trick Room|p2b: Freak\n|-fieldstart|move: Trick Room|[of] p2b: Freak\n|\n|-weather|RainDance|[upkeep]\n|upkeep\n|\n|t:|1682537432\n|switch|p2a: Abrams|Torkoal, L50, M, shiny|100\/100\n|-weather|SunnyDay|[from] ability: Drought|[of] p2a: Abrams\n|turn|2\n|\n|t:|1682537449\n|cant|p1a: Pelipper|par\n|move|p2a: Abrams|Eruption|p1b: Drednaw|[spread] p1a,p1b\n|-resisted|p1a: Pelipper\n|-resisted|p1b: Drednaw\n|-damage|p1a: Pelipper|34\/100 par\n|-damage|p1b: Drednaw|67\/100\n|move|p2b: Freak|Foul Play|p1b: Drednaw\n|-damage|p1b: Drednaw|28\/100\n|move|p1b: Drednaw|Rock Slide|p2b: Freak|[spread] p2a,p2b\n|-supereffective|p2a: Abrams\n|-damage|p2a: Abrams|35\/100\n|-damage|p2b: Freak|11\/100\n|\n|-weather|SunnyDay|[upkeep]\n|upkeep\n|turn|3\n|\n|t:|1682537460\n|switch|p1a: Dondozo|Dondozo, L50, M|100\/100\n|move|p2a: Abrams|Heat Wave|p1a: Dondozo|[spread] p1a,p1b\n|-resisted|p1a: Dondozo\n|-resisted|p1b: Drednaw\n|-damage|p1a: Dondozo|69\/100\n|-damage|p1b: Drednaw|6\/100\n|-status|p1a: Dondozo|brn\n|-status|p1b: Drednaw|brn\n|move|p2b: Freak|Foul Play|p1b: Drednaw\n|-damage|p1b: Drednaw|0 fnt\n|faint|p1b: Drednaw\n|\n|-weather|SunnyDay|[upkeep]\n|-damage|p1a: Dondozo|62\/100 brn|[from] brn\n|upkeep\n|c|\u2606MistressQueenM|stinky burned fish\n|c|\u2606MistressQueenM|burned booooy\n|\n|t:|1682537481\n|switch|p1b: Pelipper|Pelipper, L50, F|34\/100 par\n|-weather|RainDance|[from] ability: Drizzle|[of] p1b: Pelipper\n|turn|4\n|c|\u2606MistressQueenM|stinky burned booooy\n|\n|t:|1682537489\n|move|p2a: Abrams|Protect|p2a: Abrams\n|-singleturn|p2a: Abrams|Protect\n|move|p1b: Pelipper|Protect|p1b: Pelipper\n|-singleturn|p1b: Pelipper|Protect\n|move|p2b: Freak|Hyper Voice|p1a: Dondozo|[spread] p1a\n|-activate|p1b: Pelipper|move: Protect\n|-enditem|p2b: Freak|Normal Gem|[from] gem\n|-damage|p1a: Dondozo|22\/100 brn\n|move|p1a: Dondozo|Surf|p2a: Abrams|[spread] p2b\n|-activate|p1b: Pelipper|move: Protect\n|-activate|p2a: Abrams|move: Protect\n|-damage|p2b: Freak|0 fnt\n|faint|p2b: Freak\n|-damage|p1a: Dondozo|12\/100 brn|[from] item: Life Orb\n|\n|-weather|RainDance|[upkeep]\n|-damage|p1a: Dondozo|6\/100 brn|[from] brn\n|upkeep\n|\n|t:|1682537495\n|switch|p2b: PageKnight|Wo-Chien, L50|100\/100\n|-ability|p2b: PageKnight|Tablets of Ruin\n|turn|5\n|\n|t:|1682537511\n|move|p1a: Dondozo|Protect|p1a: Dondozo\n|-singleturn|p1a: Dondozo|Protect\n|move|p2a: Abrams|Clear Smog|p1a: Dondozo\n|-activate|p1a: Dondozo|move: Protect\n|move|p1b: Pelipper|Hydro Pump|p2a: Abrams\n|-supereffective|p2a: Abrams\n|-damage|p2a: Abrams|0 fnt\n|faint|p2a: Abrams\n|move|p2b: PageKnight|Giga Drain|p1b: Pelipper\n|-damage|p1b: Pelipper|0 fnt\n|faint|p1b: Pelipper\n|\n|-weather|RainDance|[upkeep]\n|-damage|p1a: Dondozo|0 fnt|[from] brn\n|faint|p1a: Dondozo\n|-fieldend|move: Trick Room\n|upkeep\n|c|\u2606MistressQueenM|im a tricky fool\n|c|\u2606MistressQueenM|do you feel tricked by me?\n|inactive|Blazingfalre99 has 30 seconds left.\n|inactive|Blazingfalre99 has 20 seconds left.\n|c|\u2606Blazingfalre99|nah not really\n|\n|t:|1682537551\n|switch|p1a: Tatsugiri|Tatsugiri-Droopy, L50, F, shiny|100\/100\n|turn|6\n|c|\u2606MistressQueenM|dont lie\n|c|\u2606MistressQueenM|you seem silly\n|\n|t:|1682537566\n|-terastallize|p1a: Tatsugiri|Steel\n|move|p1a: Tatsugiri|Draco Meteor|p2b: PageKnight\n|-damage|p2b: PageKnight|63\/100\n|-unboost|p1a: Tatsugiri|spa|2\n|move|p2b: PageKnight|Leech Seed|p1a: Tatsugiri\n|-start|p1a: Tatsugiri|move: Leech Seed\n|\n|-weather|RainDance|[upkeep]\n|-damage|p1a: Tatsugiri|88\/100|[from] Leech Seed|[of] p2b: PageKnight\n|-heal|p2b: PageKnight|72\/100|[silent]\n|upkeep\n|turn|7\n|\n|t:|1682537572\n|move|p2b: PageKnight|Protect|p2b: PageKnight\n|-singleturn|p2b: PageKnight|Protect\n|move|p1a: Tatsugiri|Draco Meteor|p2b: PageKnight\n|-activate|p2b: PageKnight|move: Protect\n|\n|-weather|RainDance|[upkeep]\n|-damage|p1a: Tatsugiri|75\/100|[from] Leech Seed|[of] p2b: PageKnight\n|-heal|p2b: PageKnight|82\/100|[silent]\n|upkeep\n|turn|8\n|\n|t:|1682537579\n|move|p1a: Tatsugiri|Draco Meteor|p2b: PageKnight\n|-damage|p2b: PageKnight|63\/100\n|-unboost|p1a: Tatsugiri|spa|2\n|move|p2b: PageKnight|Giga Drain|p1a: Tatsugiri\n|-resisted|p1a: Tatsugiri\n|-damage|p1a: Tatsugiri|60\/100\n|-heal|p2b: PageKnight|69\/100|[from] drain|[of] p1a: Tatsugiri\n|\n|-weather|RainDance|[upkeep]\n|-damage|p1a: Tatsugiri|47\/100|[from] Leech Seed|[of] p2b: PageKnight\n|-heal|p2b: PageKnight|79\/100|[silent]\n|upkeep\n|turn|9\n|\n|t:|1682537584\n|move|p2b: PageKnight|Protect|p2b: PageKnight\n|-singleturn|p2b: PageKnight|Protect\n|move|p1a: Tatsugiri|Draco Meteor|p2b: PageKnight\n|-activate|p2b: PageKnight|move: Protect\n|\n|-weather|RainDance|[upkeep]\n|-damage|p1a: Tatsugiri|35\/100|[from] Leech Seed|[of] p2b: PageKnight\n|-heal|p2b: PageKnight|88\/100|[silent]\n|upkeep\n|turn|10\n|c|\u2606MistressQueenM|if i win will you feel tricked\n|\n|t:|1682537594\n|move|p1a: Tatsugiri|Draco Meteor|p2b: PageKnight\n|-damage|p2b: PageKnight|77\/100\n|-unboost|p1a: Tatsugiri|spa|2\n|move|p2b: PageKnight|Foul Play|p1a: Tatsugiri\n|-damage|p1a: Tatsugiri|5\/100\n|\n|-weather|RainDance|[upkeep]\n|-damage|p1a: Tatsugiri|0 fnt|[from] Leech Seed|[of] p2b: PageKnight\n|-heal|p2b: PageKnight|80\/100|[silent]\n|faint|p1a: Tatsugiri\n|\n|win|MistressQueenM\n|upkeep\n|raw|Blazingfalre99's rating: 1226 → 1193<\/strong> (-33 for losing)\n|raw|MistressQueenM's rating: 1108 → 1141<\/strong> (+33 for winning)\n|l|\u2606Blazingfalre99\n|c|\u2606MistressQueenM|gg\n","uploadtime":1682537601,"views":11,"p1id":"blazingfalre99","p2id":"mistressqueenm","formatid":"gen9vgc2023regulationc","rating":1141,"private":0,"password":""}