{"id":"gen9vgc2023regulationc-1858525766","p1":"seismattersCORNER","p2":"LobsterLiveGaming","format":"[Gen 9] VGC 2023 Regulation C","log":"|j|\u2606seismattersCORNER\n|j|\u2606LobsterLiveGaming\n|t:|1683321390\n|gametype|doubles\n|player|p1|seismattersCORNER|emmet|1273\n|player|p2|LobsterLiveGaming|darach-caitlin|1323\n|teamsize|p1|6\n|teamsize|p2|6\n|gen|9\n|tier|[Gen 9] VGC 2023 Regulation C\n|rated|\n|rule|Species Clause: Limit one of each Pok\u00e9mon\n|rule|Item Clause: Limit one of each item\n|clearpoke\n|poke|p1|Palafin, L50, F|\n|poke|p1|Arcanine, L50, M|\n|poke|p1|Amoonguss, L50, M|\n|poke|p1|Flutter Mane, L50|\n|poke|p1|Kingambit, L50, F|\n|poke|p1|Dragonite, L50, M|\n|poke|p2|Garchomp, L50, F|\n|poke|p2|Talonflame, L50, M|\n|poke|p2|Arcanine, L50, M|\n|poke|p2|Iron Bundle, L50|\n|poke|p2|Flutter Mane, L50|\n|poke|p2|Amoonguss, L50, F|\n|teampreview|4\n|inactive|Battle timer is ON: inactive players will automatically lose when time's up. (requested by LobsterLiveGaming)\nseismattersCORNER has agreed to open team sheets.\n|inactive|seismattersCORNER has 60 seconds left.\n|inactive|LobsterLiveGaming has 60 seconds left.\n|\n|t:|1683321442\n|start\n|switch|p1a: Palafin|Palafin, L50, F, shiny|100\/100\n|switch|p1b: Arcanine|Arcanine, L50, M|100\/100\n|switch|p2a: Amoonguss|Amoonguss, L50, F|100\/100\n|switch|p2b: Garchomp|Garchomp, L50, F|100\/100\n|-ability|p1b: Arcanine|Intimidate|boost\n|-unboost|p2a: Amoonguss|atk|1\n|-unboost|p2b: Garchomp|atk|1\n|turn|1\n|inactive|seismattersCORNER has 30 seconds left.\n|\n|t:|1683321467\n|detailschange|p1a: Palafin|Palafin-Hero, L50, F, shiny\n|switch|p1a: Amoonguss|Amoonguss, L50, M|100\/100\n|switch|p2a: Arcanine|Arcanine, L50, M|100\/100\n|-ability|p2a: Arcanine|Intimidate|boost\n|-unboost|p1a: Amoonguss|atk|1\n|-unboost|p1b: Arcanine|atk|1\n|-terastallize|p1b: Arcanine|Flying\n|move|p2b: Garchomp|Swords Dance|p2b: Garchomp\n|-boost|p2b: Garchomp|atk|2\n|move|p1b: Arcanine|Will-O-Wisp|p2b: Garchomp\n|-status|p2b: Garchomp|brn\n|\n|-damage|p2b: Garchomp|94\/100 brn|[from] brn\n|upkeep\n|turn|2\n|inactive|seismattersCORNER has 30 seconds left.\n|\n|t:|1683321493\n|switch|p1a: Palafin|Palafin-Hero, L50, F, shiny|100\/100\n|-activate|p1a: Palafin|ability: Zero to Hero\n|move|p2b: Garchomp|Rock Slide|p1a: Palafin|[spread] p1a,p1b\n|-supereffective|p1b: Arcanine\n|-damage|p1a: Palafin|85\/100\n|-damage|p1b: Arcanine|62\/100\n|-damage|p2b: Garchomp|85\/100 brn|[from] item: Life Orb\n|move|p1b: Arcanine|Howl|p1b: Arcanine|[spread] p1a,p1b\n|-boost|p1a: Palafin|atk|1\n|-boost|p1b: Arcanine|atk|1\n|move|p2a: Arcanine|Flare Blitz|p1a: Palafin\n|-resisted|p1a: Palafin\n|-damage|p1a: Palafin|62\/100\n|-damage|p2a: Arcanine|91\/100|[from] Recoil\n|\n|-damage|p2b: Garchomp|79\/100 brn|[from] brn\n|upkeep\n|turn|3\n|inactive|seismattersCORNER has 30 seconds left.\n|inactive|seismattersCORNER has 20 seconds left.\n|inactive|LobsterLiveGaming has 30 seconds left.\n|\n|t:|1683321535\n|switch|p1b: Amoonguss|Amoonguss, L50, M|100\/100\n|move|p2a: Arcanine|Extreme Speed|p1a: Palafin\n|-damage|p1a: Palafin|44\/100\n|move|p1a: Palafin|Jet Punch|p2a: Arcanine\n|-supereffective|p2a: Arcanine\n|-damage|p2a: Arcanine|0 fnt\n|faint|p2a: Arcanine\n|move|p2b: Garchomp|Swords Dance|p2b: Garchomp\n|-boost|p2b: Garchomp|atk|2\n|\n|-damage|p2b: Garchomp|73\/100 brn|[from] brn\n|upkeep\n|\n|t:|1683321540\n|switch|p2a: Amoonguss|Amoonguss, L50, F|100\/100\n|turn|4\n|inactive|seismattersCORNER has 30 seconds left.\n|\n|t:|1683321568\n|switch|p1b: Arcanine|Arcanine, L50, M, tera:Flying|62\/100\n|-ability|p1b: Arcanine|Intimidate|boost\n|-unboost|p2a: Amoonguss|atk|1\n|-unboost|p2b: Garchomp|atk|1\n|move|p2b: Garchomp|Protect|p2b: Garchomp\n|-singleturn|p2b: Garchomp|Protect\n|move|p1a: Palafin|Protect|p1a: Palafin\n|-singleturn|p1a: Palafin|Protect\n|move|p2a: Amoonguss|Spore|p1a: Palafin\n|-activate|p1a: Palafin|move: Protect\n|\n|-damage|p2b: Garchomp|67\/100 brn|[from] brn\n|upkeep\n|turn|5\n|\n|t:|1683321593\n|move|p1b: Arcanine|Extreme Speed|p2b: Garchomp\n|-damage|p2b: Garchomp|42\/100 brn\n|-damage|p1b: Arcanine|50\/100|[from] ability: Rough Skin|[of] p2b: Garchomp\n|move|p1a: Palafin|Jet Punch|p2b: Garchomp\n|-damage|p2b: Garchomp|0 fnt\n|-damage|p1a: Palafin|31\/100|[from] ability: Rough Skin|[of] p2b: Garchomp\n|faint|p2b: Garchomp\n|move|p2a: Amoonguss|Spore|p1a: Palafin\n|-status|p1a: Palafin|slp|[from] move: Spore\n|\n|upkeep\n|\n|t:|1683321604\n|switch|p2b: Iron Bundle|Iron Bundle, L50|100\/100\n|-enditem|p2b: Iron Bundle|Booster Energy\n|-activate|p2b: Iron Bundle|ability: Quark Drive|[fromitem]\n|-start|p2b: Iron Bundle|quarkdrivespe\n|turn|6\n|\n|t:|1683321617\n|move|p1b: Arcanine|Extreme Speed|p2b: Iron Bundle\n|-damage|p2b: Iron Bundle|68\/100\n|move|p2a: Amoonguss|Rage Powder|p2a: Amoonguss\n|-singleturn|p2a: Amoonguss|move: Rage Powder\n|move|p2b: Iron Bundle|Freeze-Dry|p1b: Arcanine\n|-supereffective|p1b: Arcanine\n|-damage|p1b: Arcanine|0 fnt\n|faint|p1b: Arcanine\n|cant|p1a: Palafin|slp\n|\n|upkeep\n|\n|t:|1683321632\n|switch|p1b: Amoonguss|Amoonguss, L50, M|100\/100\n|turn|7\n|inactive|LobsterLiveGaming has 30 seconds left.\n|inactive|LobsterLiveGaming has 20 seconds left.\n|\n|t:|1683321671\n|move|p2b: Iron Bundle|Freeze-Dry|p1b: Amoonguss\n|-supereffective|p1b: Amoonguss\n|-damage|p1b: Amoonguss|42\/100\n|-enditem|p1b: Amoonguss|Sitrus Berry|[eat]\n|-heal|p1b: Amoonguss|67\/100|[from] item: Sitrus Berry\n|cant|p1a: Palafin|slp\n|move|p2a: Amoonguss|Pollen Puff|p1b: Amoonguss\n|-damage|p1b: Amoonguss|51\/100\n|move|p1b: Amoonguss|Spore|p2b: Iron Bundle\n|-status|p2b: Iron Bundle|slp|[from] move: Spore\n|\n|upkeep\n|turn|8\n|inactive|seismattersCORNER has 30 seconds left.\n|\n|t:|1683321696\n|move|p2a: Amoonguss|Rage Powder|p2a: Amoonguss\n|-singleturn|p2a: Amoonguss|move: Rage Powder\n|cant|p2b: Iron Bundle|slp\n|-curestatus|p1a: Palafin|slp|[msg]\n|move|p1a: Palafin|Wave Crash|p2a: Amoonguss\n|-resisted|p2a: Amoonguss\n|-damage|p2a: Amoonguss|38\/100\n|-damage|p1a: Palafin|12\/100|[from] Recoil\n|move|p1b: Amoonguss|Pollen Puff|p2b: Iron Bundle\n|-damage|p2b: Iron Bundle|30\/100 slp\n|\n|upkeep\n|turn|9\n|inactive|seismattersCORNER has 30 seconds left.\n|\n|t:|1683321725\n|cant|p2b: Iron Bundle|slp\n|move|p1a: Palafin|Wave Crash|p2b: Iron Bundle\n|-resisted|p2b: Iron Bundle\n|-damage|p2b: Iron Bundle|0 fnt\n|faint|p2b: Iron Bundle\n|-end|p2b: Iron Bundle|Quark Drive|[silent]\n|-damage|p1a: Palafin|5\/100|[from] Recoil\n|move|p2a: Amoonguss|Synthesis|p2a: Amoonguss\n|-heal|p2a: Amoonguss|88\/100\n|move|p1b: Amoonguss|Pollen Puff|p2a: Amoonguss\n|-damage|p2a: Amoonguss|72\/100\n|\n|upkeep\n|turn|10\n|inactive|seismattersCORNER has 30 seconds left.\n|\n|t:|1683321750\n|switch|p1b: Flutter Mane|Flutter Mane, L50, shiny|100\/100\n|-enditem|p1b: Flutter Mane|Booster Energy\n|-activate|p1b: Flutter Mane|ability: Protosynthesis|[fromitem]\n|-start|p1b: Flutter Mane|protosynthesisspa\n|move|p1a: Palafin|Wave Crash|p2a: Amoonguss\n|-resisted|p2a: Amoonguss\n|-damage|p2a: Amoonguss|8\/100\n|-enditem|p2a: Amoonguss|Wiki Berry|[eat]\n|-heal|p2a: Amoonguss|42\/100|[from] item: Wiki Berry\n|-damage|p1a: Palafin|0 fnt|[from] Recoil\n|faint|p1a: Palafin\n|move|p2a: Amoonguss|Synthesis|p2a: Amoonguss\n|-heal|p2a: Amoonguss|92\/100\n|\n|upkeep\n|\n|t:|1683321762\n|switch|p1a: Amoonguss|Amoonguss, L50, M|85\/100\n|turn|11\n|\n|t:|1683321773\n|move|p1b: Flutter Mane|Substitute|p1b: Flutter Mane\n|-start|p1b: Flutter Mane|Substitute\n|-damage|p1b: Flutter Mane|75\/100\n|move|p2a: Amoonguss|Spore||[still]\n|-fail|p2a: Amoonguss\n|move|p1a: Amoonguss|Pollen Puff|p2a: Amoonguss\n|-damage|p2a: Amoonguss|76\/100\n|\n|upkeep\n|turn|12\n|-message|LobsterLiveGaming forfeited.\n|\n|win|seismattersCORNER\n|raw|seismattersCORNER's rating: 1273 → 1302<\/strong> (+29 for winning)\n|raw|LobsterLiveGaming's rating: 1323 → 1300<\/strong> (-23 for losing)\n|l|\u2606LobsterLiveGaming\n","uploadtime":1683321784,"views":5,"p1id":"seismatterscorner","p2id":"lobsterlivegaming","formatid":"gen9vgc2023regulationc","rating":1300,"private":0,"password":""}