{"id":"gen9vgc2023regulationc-1855017566","p1":"DoctorCaliente","p2":"Priest_of_Talos","format":"[Gen 9] VGC 2023 Regulation C","log":"|j|\u2606DoctorCaliente\n|j|\u2606Priest_of_Talos\n|t:|1682891424\n|gametype|doubles\n|player|p1|DoctorCaliente|pokemonrangerf|\n|player|p2|Priest_of_Talos|boarder|\n|teamsize|p1|6\n|teamsize|p2|6\n|gen|9\n|tier|[Gen 9] VGC 2023 Regulation C\n|rule|Species Clause: Limit one of each Pok\u00e9mon\n|rule|Item Clause: Limit one of each item\n|clearpoke\n|poke|p1|Chi-Yu, L50|\n|poke|p1|Iron Bundle, L50|\n|poke|p1|Chien-Pao, L50|\n|poke|p1|Dragonite, L50, M|\n|poke|p1|Gholdengo, L50|\n|poke|p1|Amoonguss, L50, M|\n|poke|p2|Ting-Lu, L50|\n|poke|p2|Amoonguss, L50, M|\n|poke|p2|Palafin, L50, F|\n|poke|p2|Arcanine, L50, F|\n|poke|p2|Flutter Mane, L50|\n|poke|p2|Annihilape, L50, F|\n|teampreview|4\nDoctorCaliente has agreed to open team sheets.\nPriest_of_Talos has agreed to open team sheets.\n|\n|t:|1682891493\n|start\n|switch|p1a: Bonkonite|Dragonite, L50, M|100\/100\n|switch|p1b: Iron Bonkle|Iron Bundle, L50|100\/100\n|switch|p2a: Cuphead|Ting-Lu, L50|100\/100\n|switch|p2b: Bjork|Arcanine, L50, F|100\/100\n|-ability|p2b: Bjork|Intimidate|boost\n|-unboost|p1a: Bonkonite|atk|1\n|-unboost|p1b: Iron Bonkle|atk|1\n|-ability|p2a: Cuphead|Vessel of Ruin\n|-enditem|p1b: Iron Bonkle|Booster Energy\n|-activate|p1b: Iron Bonkle|ability: Quark Drive|[fromitem]\n|-start|p1b: Iron Bonkle|quarkdrivespe\n|turn|1\n|\n|t:|1682891535\n|switch|p1a: Bonk-Yu|Chi-Yu, L50|100\/100\n|-ability|p1a: Bonk-Yu|Beads of Ruin\n|-terastallize|p2a: Cuphead|Poison\n|move|p1b: Iron Bonkle|Hydro Pump|p2a: Cuphead\n|-damage|p2a: Cuphead|65\/100\n|move|p2b: Bjork|Will-O-Wisp|p1a: Bonk-Yu\n|-immune|p1a: Bonk-Yu\n|move|p2a: Cuphead|Fissure|p1b: Iron Bonkle|[miss]\n|-miss|p2a: Cuphead|p1b: Iron Bonkle\n|\n|upkeep\n|turn|2\n|\n|t:|1682891564\n|switch|p1a: Bonkonite|Dragonite, L50, M|100\/100\n|move|p2b: Bjork|Protect|p2b: Bjork\n|-singleturn|p2b: Bjork|Protect\n|move|p1b: Iron Bonkle|Hydro Pump|p2b: Bjork\n|-activate|p2b: Bjork|move: Protect\n|move|p2a: Cuphead|Stomping Tantrum|p1b: Iron Bonkle\n|-damage|p1b: Iron Bonkle|11\/100\n|\n|upkeep\n|turn|3\n|\n|t:|1682891609\n|switch|p1a: Bonk-Yu|Chi-Yu, L50|100\/100\n|-ability|p1a: Bonk-Yu|Beads of Ruin\n|move|p2b: Bjork|Extreme Speed|p1b: Iron Bonkle\n|-damage|p1b: Iron Bonkle|0 fnt\n|faint|p1b: Iron Bonkle\n|-end|p1b: Iron Bonkle|Quark Drive|[silent]\n|move|p2a: Cuphead|Throat Chop|p1a: Bonk-Yu\n|-resisted|p1a: Bonk-Yu\n|-damage|p1a: Bonk-Yu|68\/100\n|-start|p1a: Bonk-Yu|Throat Chop|[silent]\n|\n|upkeep\n|\n|t:|1682891623\n|switch|p1b: Bonkonite|Dragonite, L50, M|100\/100\n|turn|4\n|\n|t:|1682891651\n|-terastallize|p1a: Bonk-Yu|Fire\n|move|p1a: Bonk-Yu|Flamethrower|p2a: Cuphead\n|-crit|p2a: Cuphead\n|-damage|p2a: Cuphead|12\/100\n|move|p2b: Bjork|Will-O-Wisp|p1b: Bonkonite\n|-status|p1b: Bonkonite|brn\n|move|p1b: Bonkonite|Dragon Claw|p2a: Cuphead\n|-damage|p2a: Cuphead|0 fnt\n|faint|p2a: Cuphead\n|\n|-damage|p1b: Bonkonite|94\/100 brn|[from] brn\n|-end|p1a: Bonk-Yu|Throat Chop|[silent]\n|upkeep\n|\n|t:|1682891666\n|switch|p2a: Haley's Mom|Flutter Mane, L50|100\/100\n|turn|5\n|\n|t:|1682891685\n|move|p2b: Bjork|Extreme Speed|p1a: Bonk-Yu\n|-damage|p1a: Bonk-Yu|19\/100\n|move|p1a: Bonk-Yu|Flamethrower|p2a: Haley's Mom\n|-crit|p2a: Haley's Mom\n|-enditem|p2a: Haley's Mom|Focus Sash\n|-damage|p2a: Haley's Mom|1\/100\n|move|p2a: Haley's Mom|Dazzling Gleam|p1b: Bonkonite|[spread] p1a,p1b\n|-resisted|p1a: Bonk-Yu\n|-supereffective|p1b: Bonkonite\n|-damage|p1a: Bonk-Yu|0 fnt\n|-damage|p1b: Bonkonite|45\/100 brn\n|faint|p1a: Bonk-Yu\n|move|p1b: Bonkonite|Rock Slide|p2a: Haley's Mom|[spread] p2a\n|-miss|p1b: Bonkonite|p2b: Bjork\n|-damage|p2a: Haley's Mom|0 fnt\n|faint|p2a: Haley's Mom\n|-end|p2a: Haley's Mom|Protosynthesis|[silent]\n|\n|-damage|p1b: Bonkonite|39\/100 brn|[from] brn\n|upkeep\n|\n|t:|1682891702\n|switch|p2a: AMOGUS|Amoonguss, L50, M|100\/100\n|switch|p1a: Chien-Bonk|Chien-Pao, L50|100\/100\n|-ability|p1a: Chien-Bonk|Sword of Ruin\n|turn|6\n|\n|t:|1682891731\n|move|p1a: Chien-Bonk|Protect|p1a: Chien-Bonk\n|-singleturn|p1a: Chien-Bonk|Protect\n|move|p2b: Bjork|Extreme Speed|p1a: Chien-Bonk\n|-activate|p1a: Chien-Bonk|move: Protect\n|move|p1b: Bonkonite|Rock Slide|p2b: Bjork|[spread] p2a,p2b\n|-supereffective|p2b: Bjork\n|-damage|p2a: AMOGUS|88\/100\n|-damage|p2b: Bjork|66\/100\n|cant|p2a: AMOGUS|flinch\n|\n|-damage|p1b: Bonkonite|33\/100 brn|[from] brn\n|upkeep\n|turn|7\n|\n|t:|1682891787\n|move|p2b: Bjork|Extreme Speed|p1a: Chien-Bonk\n|-damage|p1a: Chien-Bonk|65\/100\n|move|p1a: Chien-Bonk|Ice Spinner|p2a: AMOGUS\n|-supereffective|p2a: AMOGUS\n|-damage|p2a: AMOGUS|0 fnt\n|faint|p2a: AMOGUS\n|move|p1b: Bonkonite|Dragon Claw|p2b: Bjork\n|-damage|p2b: Bjork|31\/100\n|\n|-damage|p1b: Bonkonite|27\/100 brn|[from] brn\n|upkeep\n|turn|8\n|\n|t:|1682891805\n|move|p2b: Bjork|Extreme Speed|p1b: Bonkonite\n|-damage|p1b: Bonkonite|0 fnt\n|faint|p1b: Bonkonite\n|move|p1a: Chien-Bonk|Sacred Sword|p2b: Bjork\n|-damage|p2b: Bjork|0 fnt\n|faint|p2b: Bjork\n|\n|win|DoctorCaliente\n|l|\u2606Priest_of_Talos\n|j|\u2606Priest_of_Talos\n|player|p2|Priest_of_Talos|boarder\n","uploadtime":1682891816,"views":15,"p1id":"doctorcaliente","p2id":"priestoftalos","formatid":"gen9vgc2023regulationc","rating":0,"private":0,"password":""}