{"id":"gen9vgc2023regulationc-1863501359","p1":"beachbotexe","p2":"Revocolombia","format":"[Gen 9] VGC 2023 Regulation C","log":"|j|\u2606beachbotexe\n|j|\u2606Revocolombia\n|t:|1684026023\n|gametype|doubles\n|player|p1|beachbotexe|1|1292\n|player|p2|Revocolombia|101|1393\n|teamsize|p1|6\n|teamsize|p2|6\n|gen|9\n|tier|[Gen 9] VGC 2023 Regulation C\n|rated|\n|rule|Species Clause: Limit one of each Pok\u00e9mon\n|rule|Item Clause: Limit one of each item\n|clearpoke\n|poke|p1|Torkoal, L50, M|\n|poke|p1|Jumpluff, L50, F|\n|poke|p1|Flutter Mane, L50|\n|poke|p1|Great Tusk, L50|\n|poke|p1|Chien-Pao, L50|\n|poke|p1|Kingambit, L50, M|\n|poke|p2|Flutter Mane, L50|\n|poke|p2|Annihilape, L50, M|\n|poke|p2|Dragonite, L50, M|\n|poke|p2|Chien-Pao, L50|\n|poke|p2|Murkrow, L50, F|\n|poke|p2|Gholdengo, L50|\n|teampreview|4\n|\n|t:|1684026090\n|start\n|switch|p1a: Great Tusk|Great Tusk, L50|100\/100\n|switch|p1b: Chien-Pao|Chien-Pao, L50|100\/100\n|switch|p2a: Annihilape|Annihilape, L50, M|100\/100\n|switch|p2b: Murkrow|Murkrow, L50, F|100\/100\n|-ability|p1b: Chien-Pao|Sword of Ruin\n|turn|1\n|\n|t:|1684026139\n|move|p2b: Murkrow|Tailwind|p2b: Murkrow\n|-sidestart|p2: Revocolombia|move: Tailwind\n|move|p2a: Annihilape|Drain Punch|p1b: Chien-Pao\n|-supereffective|p1b: Chien-Pao\n|-enditem|p1b: Chien-Pao|Focus Sash\n|-damage|p1b: Chien-Pao|1\/100\n|move|p1a: Great Tusk|Rock Slide|p2a: Annihilape|[spread] p2a,p2b\n|-resisted|p2a: Annihilape\n|-supereffective|p2b: Murkrow\n|-damage|p2a: Annihilape|88\/100\n|-damage|p2b: Murkrow|44\/100\n|move|p1b: Chien-Pao|Ice Spinner|p2b: Murkrow\n|-supereffective|p2b: Murkrow\n|-damage|p2b: Murkrow|0 fnt\n|faint|p2b: Murkrow\n|\n|-heal|p2a: Annihilape|94\/100|[from] item: Leftovers\n|upkeep\n|\n|t:|1684026166\n|switch|p2b: Dragonite|Dragonite, L50, M|100\/100\n|turn|2\n|\n|t:|1684026182\n|move|p2b: Dragonite|Extreme Speed|p1b: Chien-Pao\n|-damage|p1b: Chien-Pao|0 fnt\n|faint|p1b: Chien-Pao\n|move|p2a: Annihilape|Rage Fist|p1a: Great Tusk\n|-damage|p1a: Great Tusk|63\/100\n|move|p1a: Great Tusk|Rock Slide|p2b: Dragonite|[spread] p2a,p2b\n|-resisted|p2a: Annihilape\n|-supereffective|p2b: Dragonite\n|-damage|p2a: Annihilape|85\/100\n|-damage|p2b: Dragonite|80\/100\n|\n|-heal|p2a: Annihilape|91\/100|[from] item: Leftovers\n|upkeep\n|\n|t:|1684026190\n|switch|p1b: Torkoal|Torkoal, L50, M|100\/100\n|-weather|SunnyDay|[from] ability: Drought|[of] p1b: Torkoal\n|-activate|p1a: Great Tusk|ability: Protosynthesis\n|-start|p1a: Great Tusk|protosynthesisatk\n|turn|3\n|\n|t:|1684026216\n|-terastallize|p2a: Annihilape|Fire\n|move|p2b: Dragonite|Extreme Speed|p1a: Great Tusk\n|-damage|p1a: Great Tusk|39\/100\n|move|p2a: Annihilape|Rage Fist|p1a: Great Tusk\n|-damage|p1a: Great Tusk|0 fnt\n|faint|p1a: Great Tusk\n|-end|p1a: Great Tusk|Protosynthesis|[silent]\n|move|p1b: Torkoal|Overheat|p2a: Annihilape\n|-resisted|p2a: Annihilape\n|-damage|p2a: Annihilape|64\/100\n|-unboost|p1b: Torkoal|spa|2\n|-enditem|p1b: Torkoal|Eject Pack\n|\n|t:|1684026225\n|switch|p1b: Flutter Mane|Flutter Mane, L50|100\/100\n|-activate|p1b: Flutter Mane|ability: Protosynthesis\n|-start|p1b: Flutter Mane|protosynthesisspe\n|\n|-weather|SunnyDay|[upkeep]\n|-heal|p2a: Annihilape|71\/100|[from] item: Leftovers\n|upkeep\n|\n|t:|1684026228\n|switch|p1a: Torkoal|Torkoal, L50, M|100\/100\n|turn|4\n|\n|t:|1684026272\n|move|p1a: Torkoal|Helping Hand|p1b: Flutter Mane\n|-singleturn|p1b: Flutter Mane|Helping Hand|[of] p1a: Torkoal\n|move|p1b: Flutter Mane|Dazzling Gleam|p2a: Annihilape|[spread] p2a,p2b\n|-resisted|p2a: Annihilape\n|-supereffective|p2b: Dragonite\n|-damage|p2a: Annihilape|39\/100\n|-damage|p2b: Dragonite|0 fnt\n|faint|p2b: Dragonite\n|move|p2a: Annihilape|Rage Fist|p1b: Flutter Mane\n|-supereffective|p1b: Flutter Mane\n|-damage|p1b: Flutter Mane|0 fnt\n|faint|p1b: Flutter Mane\n|-end|p1b: Flutter Mane|Protosynthesis|[silent]\n|\n|-weather|SunnyDay|[upkeep]\n|-heal|p2a: Annihilape|46\/100|[from] item: Leftovers\n|-sideend|p2: Revocolombia|move: Tailwind\n|upkeep\n|\n|t:|1684026285\n|switch|p2b: Chien-Pao|Chien-Pao, L50|100\/100\n|-ability|p2b: Chien-Pao|Sword of Ruin\n|turn|5\n|\n|t:|1684026308\n|move|p2b: Chien-Pao|Sacred Sword|p1a: Torkoal\n|-damage|p1a: Torkoal|70\/100\n|move|p2a: Annihilape|Rage Fist|p1a: Torkoal\n|-damage|p1a: Torkoal|0 fnt\n|faint|p1a: Torkoal\n|\n|win|Revocolombia\n|raw|beachbotexe's rating: 1292 → 1274<\/strong> (-18 for losing)\n|raw|Revocolombia's rating: 1393 → 1407<\/strong> (+14 for winning)\n|l|\u2606beachbotexe\n","uploadtime":1684026336,"views":7,"p1id":"beachbotexe","p2id":"revocolombia","formatid":"gen9vgc2023regulationc","rating":1274,"private":0,"password":""}