{"id":"gen9vgc2023regulationc-1846211922","p1":"Hanou143","p2":"MistressQueenM","format":"[Gen 9] VGC 2023 Regulation C","log":"|j|\u2606Hanou143\n|j|\u203dMistressQueenM\n|t:|1681821736\n|gametype|doubles\n|player|p1|Hanou143|1|1284\n|player|p2|MistressQueenM|veteranf|1311\n|teamsize|p1|6\n|teamsize|p2|6\n|gen|9\n|tier|[Gen 9] VGC 2023 Regulation C\n|rated|\n|rule|Species Clause: Limit one of each Pok\u00e9mon\n|rule|Item Clause: Limit one of each item\n|clearpoke\n|poke|p1|Quaquaval, L50, M|\n|poke|p1|Stantler, L50, F|\n|poke|p1|Oricorio-Pom-Pom, L50, F|\n|poke|p1|Volcarona, L50, M|\n|poke|p1|Flamigo, L50, M|\n|poke|p1|Grimmsnarl, L50, M|\n|poke|p2|Wo-Chien, L50|\n|poke|p2|Torkoal, L50, M|\n|poke|p2|Garganacl, L50, M|\n|poke|p2|Great Tusk, L50|\n|poke|p2|Murkrow, L50, M|\n|poke|p2|Farigiraf, L50, F|\n|teampreview|4\n|inactive|Battle timer is ON: inactive players will automatically lose when time's up. (requested by MistressQueenM)\nHanou143 rejected open team sheets.\n|\n|t:|1681821748\n|start\n|switch|p1a: Volcarona|Volcarona, L50, M|100\/100\n|switch|p1b: Grimmsnarl|Grimmsnarl, L50, M|100\/100\n|switch|p2a: Murkrow|Murkrow, L50, M|100\/100\n|switch|p2b: Farigiraf|Farigiraf, L50, F|100\/100\n|turn|1\n|\n|t:|1681821757\n|move|p2a: Murkrow|Thunder Wave|p1a: Volcarona\n|-status|p1a: Volcarona|par\n|move|p1b: Grimmsnarl|Spirit Break|p2a: Murkrow\n|-supereffective|p2a: Murkrow\n|-damage|p2a: Murkrow|23\/100\n|-unboost|p2a: Murkrow|spa|1\n|move|p1a: Volcarona|Fiery Dance|p2a: Murkrow\n|-damage|p2a: Murkrow|0 fnt\n|-boost|p1a: Volcarona|spa|1\n|faint|p2a: Murkrow\n|move|p2b: Farigiraf|Trick Room|p2b: Farigiraf\n|-fieldstart|move: Trick Room|[of] p2b: Farigiraf\n|\n|upkeep\n|\n|t:|1681821762\n|switch|p2a: Torkoal|Torkoal, L50, M, shiny|100\/100\n|-weather|SunnyDay|[from] ability: Drought|[of] p2a: Torkoal\n|turn|2\n|\n|t:|1681821774\n|-terastallize|p2a: Torkoal|Fire\n|move|p1b: Grimmsnarl|Light Screen|p1b: Grimmsnarl\n|-sidestart|p1: Hanou143|move: Light Screen\n|move|p2a: Torkoal|Eruption|p1a: Volcarona|[spread] p1a,p1b\n|-damage|p1a: Volcarona|33\/100 par\n|-damage|p1b: Grimmsnarl|28\/100\n|move|p1a: Volcarona|Fiery Dance|p2a: Torkoal\n|-resisted|p2a: Torkoal\n|-damage|p2a: Torkoal|48\/100\n|-boost|p1a: Volcarona|spa|1\n|move|p2b: Farigiraf|Hyper Voice|p1a: Volcarona|[spread] p1a,p1b\n|-enditem|p2b: Farigiraf|Normal Gem|[from] gem\n|-damage|p1a: Volcarona|12\/100 par\n|-damage|p1b: Grimmsnarl|7\/100\n|\n|-weather|SunnyDay|[upkeep]\n|upkeep\n|turn|3\n|inactive|Hanou143 has 30 seconds left.\n|\n|t:|1681821801\n|move|p1b: Grimmsnarl|Parting Shot||[still]\n|cant|p2b: Farigiraf|ability: Armor Tail|Parting Shot|[of] p1b: Grimmsnarl\n|move|p2a: Torkoal|Heat Wave|p1b: Grimmsnarl|[spread] p1a,p1b\n|-damage|p1a: Volcarona|0 fnt\n|-damage|p1b: Grimmsnarl|0 fnt\n|faint|p1a: Volcarona\n|faint|p1b: Grimmsnarl\n|move|p2b: Farigiraf|Hyper Voice|p1: Volcarona|[notarget]\n|-fail|p2b: Farigiraf\n|\n|-weather|SunnyDay|[upkeep]\n|upkeep\n|\n|t:|1681821808\n|switch|p1b: Flamigo|Flamigo, L50, M|100\/100\n|switch|p1a: Oricorio|Oricorio-Pom-Pom, L50, F|100\/100\n|-copyboost|p1b: Flamigo|p1a: Oricorio|[from] ability: Costar\n|turn|4\n|inactive|MistressQueenM has 30 seconds left.\n|inactive|MistressQueenM has 20 seconds left.\n|\n|t:|1681821844\n|move|p1b: Flamigo|Wide Guard|p1b: Flamigo\n|-singleturn|p1b: Flamigo|Wide Guard\n|move|p2a: Torkoal|Heat Wave|p1a: Oricorio|[spread] \n|-activate|p1a: Oricorio|move: Wide Guard\n|-activate|p1b: Flamigo|move: Wide Guard\n|move|p2b: Farigiraf|Foul Play|p1b: Flamigo\n|-resisted|p1b: Flamigo\n|-damage|p1b: Flamigo|89\/100\n|move|p1a: Oricorio|Quiver Dance|p1a: Oricorio\n|-boost|p1a: Oricorio|spa|1\n|-boost|p1a: Oricorio|spd|1\n|-boost|p1a: Oricorio|spe|1\n|\n|-weather|SunnyDay|[upkeep]\n|-heal|p1b: Flamigo|95\/100|[from] item: Leftovers\n|upkeep\n|turn|5\n|\n|t:|1681821861\n|move|p1b: Flamigo|Wide Guard|p1b: Flamigo\n|-singleturn|p1b: Flamigo|Wide Guard\n|move|p2b: Farigiraf|Ally Switch|p2b: Farigiraf\n|swap|p2b: Farigiraf|0|[from] move: Ally Switch\n|move|p2b: Torkoal|Clear Smog|p1a: Oricorio\n|-damage|p1a: Oricorio|92\/100\n|-clearboost|p1a: Oricorio\n|move|p1a: Oricorio|Quiver Dance|p1a: Oricorio\n|-boost|p1a: Oricorio|spa|1\n|-boost|p1a: Oricorio|spd|1\n|-boost|p1a: Oricorio|spe|1\n|\n|-weather|SunnyDay|[upkeep]\n|-heal|p1b: Flamigo|100\/100|[from] item: Leftovers\n|-fieldend|move: Trick Room\n|upkeep\n|turn|6\n|inactive|Hanou143 has 30 seconds left.\n|\n|t:|1681821890\n|-terastallize|p1a: Oricorio|Electric\n|move|p2b: Torkoal|Protect|p2b: Torkoal\n|-singleturn|p2b: Torkoal|Protect\n|move|p1a: Oricorio|Revelation Dance|p2a: Farigiraf\n|-damage|p2a: Farigiraf|58\/100\n|-heal|p1a: Oricorio|99\/100|[from] item: Shell Bell|[of] p2a: Farigiraf\n|move|p1b: Flamigo|Copycat|p1b: Flamigo\n|move|p1b: Flamigo|Revelation Dance|p2b: Torkoal|[from]move: Copycat\n|-activate|p2b: Torkoal|move: Protect\n|-activate|p1a: Oricorio|ability: Dancer\n|move|p1a: Oricorio|Revelation Dance|p2b: Torkoal|[from]ability: Dancer\n|-activate|p2b: Torkoal|move: Protect\n|move|p2a: Farigiraf|Trick Room|p2a: Farigiraf\n|-fieldstart|move: Trick Room|[of] p2a: Farigiraf\n|\n|-weather|none\n|upkeep\n|turn|7\n|inactive|Hanou143 has 30 seconds left.\n|inactive|MistressQueenM has 30 seconds left.\n|\n|t:|1681821923\n|move|p1a: Oricorio|Protect|p1a: Oricorio\n|-singleturn|p1a: Oricorio|Protect\n|move|p2b: Torkoal|Clear Smog|p1a: Oricorio\n|-activate|p1a: Oricorio|move: Protect\n|move|p2a: Farigiraf|Hyper Voice|p1a: Oricorio|[spread] p1b\n|-activate|p1a: Oricorio|move: Protect\n|-damage|p1b: Flamigo|81\/100\n|move|p1b: Flamigo|Air Slash|p2b: Torkoal\n|-damage|p2b: Torkoal|19\/100\n|\n|-heal|p1b: Flamigo|87\/100|[from] item: Leftovers\n|upkeep\n|turn|8\n|inactive|MistressQueenM has 30 seconds left.\n|\n|t:|1681821952\n|move|p2b: Torkoal|Heat Wave|p1b: Flamigo|[spread] p1a,p1b\n|-damage|p1a: Oricorio|76\/100\n|-damage|p1b: Flamigo|50\/100\n|move|p2a: Farigiraf|Hyper Voice|p1b: Flamigo|[spread] p1a,p1b\n|-damage|p1a: Oricorio|63\/100\n|-damage|p1b: Flamigo|34\/100\n|move|p1b: Flamigo|Air Slash|p2b: Torkoal\n|-damage|p2b: Torkoal|0 fnt\n|faint|p2b: Torkoal\n|move|p1a: Oricorio|Quiver Dance|p1a: Oricorio\n|-boost|p1a: Oricorio|spa|1\n|-boost|p1a: Oricorio|spd|1\n|-boost|p1a: Oricorio|spe|1\n|\n|-heal|p1b: Flamigo|40\/100|[from] item: Leftovers\n|upkeep\n|\n|t:|1681821955\n|switch|p2b: Wo-Chien|Wo-Chien, L50|100\/100\n|-ability|p2b: Wo-Chien|Tablets of Ruin\n|turn|9\n|inactive|Hanou143 has 30 seconds left.\n|\n|t:|1681821984\n|move|p1b: Flamigo|Wide Guard|p1b: Flamigo\n|-singleturn|p1b: Flamigo|Wide Guard\n|move|p2a: Farigiraf|Ally Switch|p2a: Farigiraf\n|swap|p2a: Farigiraf|1|[from] move: Ally Switch\n|move|p2a: Wo-Chien|Leech Seed|p1b: Flamigo\n|-start|p1b: Flamigo|move: Leech Seed\n|move|p1a: Oricorio|Revelation Dance|p2a: Wo-Chien\n|-resisted|p2a: Wo-Chien\n|-damage|p2a: Wo-Chien|77\/100\n|-heal|p1a: Oricorio|66\/100|[from] item: Shell Bell|[of] p2a: Wo-Chien\n|\n|-heal|p1b: Flamigo|45\/100|[from] item: Leftovers\n|-damage|p1b: Flamigo|33\/100|[from] Leech Seed|[of] p2a: Wo-Chien\n|-heal|p2a: Wo-Chien|86\/100|[silent]\n|-sideend|p1: Hanou143|move: Light Screen\n|upkeep\n|turn|10\n|inactive|MistressQueenM has 30 seconds left.\n|inactive|MistressQueenM has 20 seconds left.\n|\n|t:|1681822020\n|move|p2b: Farigiraf|Hyper Voice|p1b: Flamigo|[spread] p1a,p1b\n|-damage|p1a: Oricorio|51\/100\n|-damage|p1b: Flamigo|5\/100\n|move|p2a: Wo-Chien|Leech Seed|p1a: Oricorio\n|-start|p1a: Oricorio|move: Leech Seed\n|move|p1b: Flamigo|Air Slash|p2b: Farigiraf\n|-damage|p2b: Farigiraf|44\/100\n|move|p1a: Oricorio|Air Slash|p2b: Farigiraf\n|-damage|p2b: Farigiraf|4\/100\n|-heal|p1a: Oricorio|59\/100|[from] item: Shell Bell|[of] p2b: Farigiraf\n|\n|-heal|p1b: Flamigo|11\/100|[from] item: Leftovers\n|-damage|p1b: Flamigo|0 fnt|[from] Leech Seed|[of] p2a: Wo-Chien\n|-heal|p2a: Wo-Chien|95\/100|[silent]\n|faint|p1b: Flamigo\n|-damage|p1a: Oricorio|47\/100|[from] Leech Seed|[of] p2a: Wo-Chien\n|-heal|p2a: Wo-Chien|100\/100|[silent]\n|-fieldend|move: Trick Room\n|upkeep\n|turn|11\n|\n|t:|1681822044\n|move|p2a: Wo-Chien|Protect|p2a: Wo-Chien\n|-singleturn|p2a: Wo-Chien|Protect\n|move|p1a: Oricorio|Air Slash|p2a: Wo-Chien\n|-activate|p2a: Wo-Chien|move: Protect\n|move|p2b: Farigiraf|Trick Room|p2b: Farigiraf\n|-fieldstart|move: Trick Room|[of] p2b: Farigiraf\n|\n|-damage|p1a: Oricorio|35\/100|[from] Leech Seed|[of] p2a: Wo-Chien\n|upkeep\n|turn|12\n|\n|t:|1681822061\n|move|p2b: Farigiraf|Foul Play|p1a: Oricorio\n|-damage|p1a: Oricorio|26\/100\n|move|p2a: Wo-Chien|Foul Play|p1a: Oricorio\n|-damage|p1a: Oricorio|7\/100\n|move|p1a: Oricorio|Air Slash|p2a: Wo-Chien\n|-supereffective|p2a: Wo-Chien\n|-damage|p2a: Wo-Chien|49\/100\n|-enditem|p2a: Wo-Chien|Sitrus Berry|[eat]\n|-heal|p2a: Wo-Chien|74\/100|[from] item: Sitrus Berry\n|-heal|p1a: Oricorio|15\/100|[from] item: Shell Bell|[of] p2a: Wo-Chien\n|\n|-damage|p1a: Oricorio|3\/100|[from] Leech Seed|[of] p2a: Wo-Chien\n|-heal|p2a: Wo-Chien|84\/100|[silent]\n|upkeep\n|turn|13\n|-message|Hanou143 forfeited.\n|\n|win|MistressQueenM\n|raw|Hanou143's rating: 1284 → 1261<\/strong> (-23 for losing)\n|raw|MistressQueenM's rating: 1311 → 1329<\/strong> (+18 for winning)\n|l|\u2606Hanou143\n","uploadtime":1681822075,"views":9,"p1id":"hanou143","p2id":"mistressqueenm","formatid":"gen9vgc2023regulationc","rating":1261,"private":0,"password":""}