{"id":"gen9vgc2023regulationc-1859760420","p1":"tetaaa","p2":"Xuchio","format":"[Gen 9] VGC 2023 Regulation C","log":"|j|\u2606tetaaa\n|j|\u2606Xuchio\n|t:|1683562305\n|gametype|doubles\n|player|p1|tetaaa|caitlin|1043\n|player|p2|Xuchio|ryuki|1076\n|teamsize|p1|6\n|teamsize|p2|6\n|gen|9\n|tier|[Gen 9] VGC 2023 Regulation C\n|rated|\n|rule|Species Clause: Limit one of each Pok\u00e9mon\n|rule|Item Clause: Limit one of each item\n|clearpoke\n|poke|p1|Lokix, L50, M|\n|poke|p1|Maushold-Four, L50|\n|poke|p1|Clodsire, L50, M|\n|poke|p1|Squawkabilly-Blue, L50, M|\n|poke|p1|Veluza, L50, F|\n|poke|p1|Iron Bundle, L50|\n|poke|p2|Iron Hands, L50|\n|poke|p2|Wo-Chien, L50|\n|poke|p2|Arcanine, L50, F|\n|poke|p2|Palafin, L50, F|\n|poke|p2|Iron Bundle, L50|\n|poke|p2|Ting-Lu, L50|\n|teampreview|4\n|inactive|Battle timer is ON: inactive players will automatically lose when time's up. (requested by Xuchio)\n|inactive|tetaaa has 60 seconds left.\nXuchio has agreed to open team sheets.\n|\n|t:|1683562358\n|start\n|switch|p1a: Lokix|Lokix, L50, M|100\/100\n|switch|p1b: Veluza|Veluza, L50, F|100\/100\n|switch|p2a: Iron Hands|Iron Hands, L50|100\/100\n|switch|p2b: Palafin|Palafin, L50, F|100\/100\n|turn|1\n|inactive|tetaaa has 30 seconds left.\n|\n|t:|1683562384\n|detailschange|p2b: Palafin|Palafin-Hero, L50, F\n|switch|p2b: Arcanine|Arcanine, L50, F|100\/100\n|-ability|p2b: Arcanine|Intimidate|boost\n|-unboost|p1a: Lokix|atk|1\n|-unboost|p1b: Veluza|atk|1\n|-terastallize|p1a: Lokix|Grass\n|move|p2a: Iron Hands|Fake Out|p1a: Lokix\n|-damage|p1a: Lokix|78\/100\n|move|p1b: Veluza|Psycho Cut|p2a: Iron Hands\n|-supereffective|p2a: Iron Hands\n|-damage|p2a: Iron Hands|67\/100\n|cant|p1a: Lokix|flinch\n|\n|upkeep\n|turn|2\n|inactive|tetaaa has 30 seconds left.\n|inactive|Xuchio has 30 seconds left.\n|inactive|tetaaa has 20 seconds left.\n|inactive|tetaaa has 15 seconds left.\n|\n|t:|1683562426\n|switch|p1a: Iron Bundle|Iron Bundle, L50|100\/100\n|move|p1b: Veluza|Psycho Cut|p2a: Iron Hands\n|-supereffective|p2a: Iron Hands\n|-damage|p2a: Iron Hands|37\/100\n|move|p2b: Arcanine|Will-O-Wisp|p1b: Veluza\n|-status|p1b: Veluza|brn\n|move|p2a: Iron Hands|Drain Punch|p1a: Iron Bundle\n|-supereffective|p1a: Iron Bundle\n|-damage|p1a: Iron Bundle|0 fnt\n|-heal|p2a: Iron Hands|66\/100|[from] drain|[of] p1a: Iron Bundle\n|faint|p1a: Iron Bundle\n|-end|p1a: Iron Bundle|Quark Drive|[silent]\n|\n|-damage|p1b: Veluza|94\/100 brn|[from] brn\n|upkeep\n|\n|t:|1683562437\n|switch|p1a: Lokix|Lokix, L50, M, tera:Grass|78\/100\n|turn|3\n|\n|t:|1683562459\n|move|p1b: Veluza|Psycho Cut|p2a: Iron Hands\n|-supereffective|p2a: Iron Hands\n|-damage|p2a: Iron Hands|49\/100\n|move|p1a: Lokix|Lunge|p2a: Iron Hands\n|-resisted|p2a: Iron Hands\n|-damage|p2a: Iron Hands|23\/100\n|-unboost|p2a: Iron Hands|atk|1\n|-damage|p1a: Lokix|68\/100|[from] item: Life Orb\n|move|p2b: Arcanine|Will-O-Wisp|p1a: Lokix|[miss]\n|-miss|p2b: Arcanine|p1a: Lokix\n|move|p2a: Iron Hands|Drain Punch|p1a: Lokix\n|-damage|p1a: Lokix|22\/100\n|-heal|p2a: Iron Hands|37\/100|[from] drain|[of] p1a: Lokix\n|\n|-damage|p1b: Veluza|88\/100 brn|[from] brn\n|upkeep\n|turn|4\n|\n|t:|1683562483\n|move|p1b: Veluza|Psycho Cut|p2a: Iron Hands\n|-supereffective|p2a: Iron Hands\n|-damage|p2a: Iron Hands|20\/100\n|move|p1a: Lokix|Axe Kick|p2a: Iron Hands\n|-damage|p2a: Iron Hands|0 fnt\n|faint|p2a: Iron Hands\n|-end|p2a: Iron Hands|Quark Drive|[silent]\n|-damage|p1a: Lokix|13\/100|[from] item: Life Orb\n|move|p2b: Arcanine|Snarl|p1b: Veluza|[spread] p1a,p1b\n|-supereffective|p1b: Veluza\n|-damage|p1a: Lokix|0 fnt\n|-damage|p1b: Veluza|60\/100 brn\n|-unboost|p1b: Veluza|spa|1\n|faint|p1a: Lokix\n|\n|-damage|p1b: Veluza|54\/100 brn|[from] brn\n|upkeep\n|\n|t:|1683562498\n|switch|p1a: Maushold|Maushold-Four, L50|100\/100\n|switch|p2a: Ting-Lu|Ting-Lu, L50|100\/100\n|-ability|p2a: Ting-Lu|Vessel of Ruin\n|turn|5\n|\n|t:|1683562511\n|move|p1a: Maushold|Protect|p1a: Maushold\n|-singleturn|p1a: Maushold|Protect\n|move|p1b: Veluza|Psycho Cut|p2b: Arcanine\n|-damage|p2b: Arcanine|82\/100\n|move|p2b: Arcanine|Charm|p1b: Veluza\n|-unboost|p1b: Veluza|atk|2\n|move|p2a: Ting-Lu|Fissure|p1a: Maushold\n|-activate|p1a: Maushold|move: Protect\n|\n|-damage|p1b: Veluza|48\/100 brn|[from] brn\n|upkeep\n|turn|6\n|\n|t:|1683562532\n|move|p1b: Veluza|Psycho Cut|p2b: Arcanine\n|-damage|p2b: Arcanine|71\/100\n|move|p1a: Maushold|Population Bomb|p2b: Arcanine\n|-damage|p2b: Arcanine|56\/100\n|-damage|p2b: Arcanine|43\/100\n|-damage|p2b: Arcanine|30\/100\n|-damage|p2b: Arcanine|16\/100\n|-damage|p2b: Arcanine|2\/100\n|-damage|p2b: Arcanine|0 fnt\n|faint|p2b: Arcanine\n|-hitcount|p2: Arcanine|6\n|move|p2a: Ting-Lu|Stomping Tantrum|p1a: Maushold\n|-damage|p1a: Maushold|56\/100\n|\n|-damage|p1b: Veluza|42\/100 brn|[from] brn\n|upkeep\n|\n|t:|1683562545\n|switch|p2b: Palafin|Palafin-Hero, L50, F|100\/100\n|-activate|p2b: Palafin|ability: Zero to Hero\n|turn|7\n|\n|t:|1683562556\n|move|p2b: Palafin|Protect|p2b: Palafin\n|-singleturn|p2b: Palafin|Protect\n|move|p1b: Veluza|Psycho Cut|p2b: Palafin\n|-activate|p2b: Palafin|move: Protect\n|move|p1a: Maushold|Population Bomb|p2b: Palafin\n|-activate|p2b: Palafin|move: Protect\n|move|p2a: Ting-Lu|Stomping Tantrum|p1a: Maushold\n|-damage|p1a: Maushold|12\/100\n|\n|-damage|p1b: Veluza|36\/100 brn|[from] brn\n|upkeep\n|turn|8\n|\n|t:|1683562568\n|move|p1a: Maushold|Protect|p1a: Maushold\n|-singleturn|p1a: Maushold|Protect\n|move|p2b: Palafin|Jet Punch|p1a: Maushold\n|-activate|p1a: Maushold|move: Protect\n|move|p1b: Veluza|Psycho Cut|p2b: Palafin\n|-damage|p2b: Palafin|90\/100\n|move|p2a: Ting-Lu|Fissure|p1b: Veluza|[miss]\n|-miss|p2a: Ting-Lu|p1b: Veluza\n|\n|-damage|p1b: Veluza|30\/100 brn|[from] brn\n|upkeep\n|turn|9\n|\n|t:|1683562588\n|move|p2b: Palafin|Jet Punch|p1a: Maushold\n|-damage|p1a: Maushold|0 fnt\n|faint|p1a: Maushold\n|move|p1b: Veluza|Psycho Cut|p2b: Palafin\n|-damage|p2b: Palafin|80\/100\n|move|p2a: Ting-Lu|Stomping Tantrum|p1b: Veluza\n|-damage|p1b: Veluza|0 fnt\n|faint|p1b: Veluza\n|\n|win|Xuchio\n|raw|tetaaa's rating: 1043 → 1028<\/strong> (-15 for losing)\n|raw|Xuchio's rating: 1076 → 1102<\/strong> (+26 for winning)\n|l|\u2606Xuchio\n|l|\u2606tetaaa\n|j|\u2606Xuchio\n|player|p2|Xuchio|ryuki\n","uploadtime":1683562732,"views":9,"p1id":"tetaaa","p2id":"xuchio","formatid":"gen9vgc2023regulationc","rating":1028,"private":0,"password":""}