{"id":"gen9vgc2023regulationc-1848000828","p1":"ilikemos","p2":"SANGANO","format":"[Gen 9] VGC 2023 Regulation C","log":"|j|\u2606ilikemos\n|j|\u2606SANGANO\n|t:|1682019553\n|gametype|doubles\n|player|p1|ilikemos|102|1189\n|player|p2|SANGANO|102|1174\n|teamsize|p1|6\n|teamsize|p2|6\n|gen|9\n|tier|[Gen 9] VGC 2023 Regulation C\n|rated|\n|rule|Species Clause: Limit one of each Pok\u00e9mon\n|rule|Item Clause: Limit one of each item\n|clearpoke\n|poke|p1|Roaring Moon, L50|\n|poke|p1|Flutter Mane, L50|\n|poke|p1|Arcanine, L50, M|\n|poke|p1|Amoonguss, L50, M|\n|poke|p1|Iron Bundle, L50|\n|poke|p1|Iron Hands, L50|\n|poke|p2|Chi-Yu, L50|\n|poke|p2|Flutter Mane, L50|\n|poke|p2|Gyarados, L50, F|\n|poke|p2|Garchomp, L50, M|\n|poke|p2|Amoonguss, L50, M|\n|poke|p2|Iron Hands, L50|\n|teampreview|4\nSANGANO has agreed to open team sheets.\n|\n|t:|1682019604\n|start\n|switch|p1a: Flutter Mane|Flutter Mane, L50|100\/100\n|switch|p1b: Iron Bundle|Iron Bundle, L50|100\/100\n|switch|p2a: Chi-Yu|Chi-Yu, L50|100\/100\n|switch|p2b: Iron Hands|Iron Hands, L50|100\/100\n|-ability|p2a: Chi-Yu|Beads of Ruin\n|-enditem|p1b: Iron Bundle|Booster Energy\n|-activate|p1b: Iron Bundle|ability: Quark Drive|[fromitem]\n|-start|p1b: Iron Bundle|quarkdrivespe\n|turn|1\n|\n|t:|1682019655\n|move|p2b: Iron Hands|Fake Out|p1b: Iron Bundle\n|-damage|p1b: Iron Bundle|82\/100\n|cant|p1b: Iron Bundle|flinch\n|move|p2a: Chi-Yu|Overheat|p1a: Flutter Mane\n|-damage|p1a: Flutter Mane|4\/100\n|-unboost|p2a: Chi-Yu|spa|2\n|move|p1a: Flutter Mane|Dazzling Gleam|p2b: Iron Hands|[spread] p2a,p2b\n|-supereffective|p2b: Iron Hands\n|-damage|p2a: Chi-Yu|67\/100\n|-damage|p2b: Iron Hands|35\/100\n|-enditem|p2b: Iron Hands|Sitrus Berry|[eat]\n|-heal|p2b: Iron Hands|60\/100|[from] item: Sitrus Berry\n|\n|upkeep\n|turn|2\n|\n|t:|1682019698\n|switch|p2a: Gyarados|Gyarados, L50, F|100\/100\n|-ability|p2a: Gyarados|Intimidate|boost\n|-unboost|p1a: Flutter Mane|atk|1\n|-unboost|p1b: Iron Bundle|atk|1\n|move|p1b: Iron Bundle|Icy Wind|p2a: Gyarados|[spread] p2a,p2b\n|-damage|p2a: Gyarados|81\/100\n|-damage|p2b: Iron Hands|44\/100\n|-unboost|p2a: Gyarados|spe|1\n|-unboost|p2b: Iron Hands|spe|1\n|move|p1a: Flutter Mane|Dazzling Gleam|p2a: Gyarados|[spread] p2a,p2b\n|-supereffective|p2b: Iron Hands\n|-damage|p2a: Gyarados|54\/100\n|-damage|p2b: Iron Hands|0 fnt\n|faint|p2b: Iron Hands\n|-end|p2b: Iron Hands|Quark Drive|[silent]\n|\n|upkeep\n|\n|t:|1682019718\n|switch|p2b: Flutter Mane|Flutter Mane, L50|100\/100\n|turn|3\n|\n|t:|1682019735\n|-terastallize|p2b: Flutter Mane|Fairy\n|move|p2a: Gyarados|Protect|p2a: Gyarados\n|-singleturn|p2a: Gyarados|Protect\n|move|p1b: Iron Bundle|Freeze-Dry|p2a: Gyarados\n|-activate|p2a: Gyarados|move: Protect\n|move|p1a: Flutter Mane|Shadow Ball|p2b: Flutter Mane\n|-damage|p2b: Flutter Mane|62\/100\n|move|p2b: Flutter Mane|Dazzling Gleam|p1b: Iron Bundle|[spread] p1a,p1b\n|-damage|p1a: Flutter Mane|0 fnt\n|-damage|p1b: Iron Bundle|0 fnt\n|faint|p1a: Flutter Mane\n|-end|p1a: Flutter Mane|Protosynthesis|[silent]\n|faint|p1b: Iron Bundle\n|-end|p1b: Iron Bundle|Quark Drive|[silent]\n|-damage|p2b: Flutter Mane|52\/100|[from] item: Life Orb\n|\n|upkeep\n|\n|t:|1682019747\n|switch|p1b: Roaring Moon|Roaring Moon, L50|100\/100\n|switch|p1a: Amoonguss|Amoonguss, L50, M|100\/100\n|turn|4\n|\n|t:|1682019782\n|-terastallize|p1b: Roaring Moon|Steel\n|move|p2b: Flutter Mane|Protect|p2b: Flutter Mane\n|-singleturn|p2b: Flutter Mane|Protect\n|move|p1a: Amoonguss|Rage Powder|p1a: Amoonguss\n|-singleturn|p1a: Amoonguss|move: Rage Powder\n|move|p1b: Roaring Moon|Iron Head|p2b: Flutter Mane\n|-activate|p2b: Flutter Mane|move: Protect\n|move|p2a: Gyarados|Dragon Dance|p2a: Gyarados\n|-boost|p2a: Gyarados|atk|1\n|-boost|p2a: Gyarados|spe|1\n|\n|upkeep\n|turn|5\n|\n|t:|1682019809\n|move|p1a: Amoonguss|Rage Powder|p1a: Amoonguss\n|-singleturn|p1a: Amoonguss|move: Rage Powder\n|move|p2b: Flutter Mane|Shadow Ball|p1a: Amoonguss\n|-damage|p1a: Amoonguss|58\/100\n|-damage|p2b: Flutter Mane|43\/100|[from] item: Life Orb\n|move|p1b: Roaring Moon|Throat Chop|p2a: Gyarados\n|-damage|p2a: Gyarados|0 fnt\n|faint|p2a: Gyarados\n|-damage|p1b: Roaring Moon|91\/100|[from] item: Life Orb\n|\n|upkeep\n|\n|t:|1682019818\n|switch|p2a: Chi-Yu|Chi-Yu, L50|67\/100\n|-ability|p2a: Chi-Yu|Beads of Ruin\n|turn|6\n|inactive|Battle timer is ON: inactive players will automatically lose when time's up. (requested by ilikemos)\n|\n|t:|1682019836\n|move|p2a: Chi-Yu|Heat Wave|p1b: Roaring Moon|[spread] p1a,p1b\n|-supereffective|p1a: Amoonguss\n|-enditem|p1a: Amoonguss|Occa Berry|[eat]\n|-enditem|p1a: Amoonguss|Occa Berry|[weaken]\n|-supereffective|p1b: Roaring Moon\n|-damage|p1a: Amoonguss|16\/100\n|-damage|p1b: Roaring Moon|0 fnt\n|faint|p1b: Roaring Moon\n|-end|p1b: Roaring Moon|Protosynthesis|[silent]\n|move|p2b: Flutter Mane|Shadow Ball|p1a: Amoonguss\n|-damage|p1a: Amoonguss|0 fnt\n|faint|p1a: Amoonguss\n|-damage|p2b: Flutter Mane|33\/100|[from] item: Life Orb\n|\n|win|SANGANO\n|raw|ilikemos's rating: 1189 → 1163<\/strong> (-26 for losing)\n|raw|SANGANO's rating: 1174 → 1200<\/strong> (+26 for winning)\n|l|\u2606ilikemos\n","uploadtime":1682019850,"views":14,"p1id":"ilikemos","p2id":"sangano","formatid":"gen9vgc2023regulationc","rating":1163,"private":0,"password":""}