{"id":"gen9vgc2023regulationc-1857266745","p1":"NicoHaxVGC","p2":"Determewnation","format":"[Gen 9] VGC 2023 Regulation C","log":"|j|\u2606NicoHaxVGC\n|j|\u2606Determewnation\n|t:|1683165469\n|gametype|doubles\n|player|p1|NicoHaxVGC|red|1290\n|player|p2|Determewnation|akari-isekai|1373\n|teamsize|p1|6\n|teamsize|p2|6\n|gen|9\n|tier|[Gen 9] VGC 2023 Regulation C\n|rated|\n|rule|Species Clause: Limit one of each Pok\u00e9mon\n|rule|Item Clause: Limit one of each item\n|clearpoke\n|poke|p1|Corviknight, L50, F|\n|poke|p1|Ting-Lu, L50|\n|poke|p1|Annihilape, L50, M|\n|poke|p1|Maushold, L50|\n|poke|p1|Iron Bundle, L50|\n|poke|p1|Flutter Mane, L50|\n|poke|p2|Goodra, L50, F|\n|poke|p2|Murkrow, L50, F|\n|poke|p2|Meowscarada, L50, F|\n|poke|p2|Gholdengo, L50|\n|poke|p2|Indeedee-F, L50, F|\n|poke|p2|Iron Treads, L50|\n|teampreview|4\n|inactive|Battle timer is ON: inactive players will automatically lose when time's up. (requested by NicoHaxVGC)\n|\n|t:|1683165494\n|start\n|switch|p1a: Robin|Annihilape, L50, M|100\/100\n|switch|p1b: Maushold|Maushold, L50|100\/100\n|switch|p2a: Murkrow|Murkrow, L50, F|100\/100\n|switch|p2b: Iron Treads|Iron Treads, L50|100\/100\n|turn|1\n|\n|t:|1683165511\n|move|p2b: Iron Treads|Protect|p2b: Iron Treads\n|-singleturn|p2b: Iron Treads|Protect\n|move|p1b: Maushold|Beat Up|p1a: Robin\n|-damage|p1a: Robin|99\/100\n|-damage|p1a: Robin|97\/100\n|-damage|p1a: Robin|95\/100\n|-damage|p1a: Robin|93\/100\n|-hitcount|p1a: Robin|4\n|move|p1a: Robin|Rage Fist|p2b: Iron Treads\n|-activate|p2b: Iron Treads|move: Protect\n|move|p2a: Murkrow|Foul Play|p1a: Robin\n|-damage|p1a: Robin|59\/100\n|\n|-heal|p1a: Robin|65\/100|[from] item: Leftovers\n|upkeep\n|turn|2\n|\n|t:|1683165534\n|switch|p1b: Beast boy|Ting-Lu, L50|100\/100\n|-ability|p1b: Beast boy|Vessel of Ruin\n|move|p1a: Robin|Protect|p1a: Robin\n|-singleturn|p1a: Robin|Protect\n|move|p2a: Murkrow|Tailwind|p2a: Murkrow\n|-sidestart|p2: Determewnation|move: Tailwind\n|move|p2b: Iron Treads|Earthquake|p1b: Beast boy|[spread] p1b\n|-activate|p1a: Robin|move: Protect\n|-immune|p2a: Murkrow\n|-damage|p1b: Beast boy|79\/100\n|\n|-heal|p1a: Robin|72\/100|[from] item: Leftovers\n|upkeep\n|turn|3\n|\n|t:|1683165551\n|switch|p1a: Raven|Corviknight, L50, F|100\/100\n|move|p2b: Iron Treads|Iron Head|p1a: Raven\n|-resisted|p1a: Raven\n|-damage|p1a: Raven|84\/100\n|move|p2a: Murkrow|Foul Play|p1a: Raven\n|-damage|p1a: Raven|57\/100\n|move|p1b: Beast boy|Stomping Tantrum|p2b: Iron Treads\n|-supereffective|p2b: Iron Treads\n|-damage|p2b: Iron Treads|46\/100\n|\n|upkeep\n|turn|4\n|\n|t:|1683165570\n|-end|p2b: Iron Treads|Quark Drive|[silent]\n|switch|p2b: Meowscarada|Meowscarada, L50, F|100\/100\n|move|p2a: Murkrow|Foul Play|p1a: Raven\n|-damage|p1a: Raven|28\/100\n|move|p1a: Raven|Tailwind|p1a: Raven\n|-sidestart|p1: NicoHaxVGC|move: Tailwind\n|move|p1b: Beast boy|Rock Slide|p2b: Meowscarada|[spread] p2a,p2b\n|-supereffective|p2a: Murkrow\n|-damage|p2a: Murkrow|72\/100\n|-damage|p2b: Meowscarada|77\/100\n|\n|upkeep\n|turn|5\n|\n|t:|1683165595\n|switch|p1a: Robin|Annihilape, L50, M|72\/100\n|-terastallize|p1b: Beast boy|Grass\n|move|p2b: Meowscarada|U-turn|p1b: Beast boy\n|-start|p2b: Meowscarada|typechange|Bug|[from] ability: Protean\n|-supereffective|p1b: Beast boy\n|-damage|p1b: Beast boy|24\/100\n|\n|t:|1683165601\n|switch|p2b: Iron Treads|Iron Treads, L50|46\/100|[from] U-turn\n|move|p2a: Murkrow|Foul Play|p1a: Robin\n|-damage|p1a: Robin|28\/100\n|move|p1b: Beast boy|Heavy Slam|p2b: Iron Treads\n|-resisted|p2b: Iron Treads\n|-damage|p2b: Iron Treads|38\/100\n|\n|-heal|p1a: Robin|35\/100|[from] item: Leftovers\n|-sideend|p2: Determewnation|move: Tailwind\n|upkeep\n|turn|6\n|\n|t:|1683165625\n|move|p1a: Robin|Protect|p1a: Robin\n|-singleturn|p1a: Robin|Protect\n|move|p2a: Murkrow|Tailwind|p2a: Murkrow\n|-sidestart|p2: Determewnation|move: Tailwind\n|move|p2b: Iron Treads|Iron Head|p1b: Beast boy\n|-damage|p1b: Beast boy|4\/100\n|move|p1b: Beast boy|Stomping Tantrum|p2b: Iron Treads\n|-supereffective|p2b: Iron Treads\n|-damage|p2b: Iron Treads|0 fnt\n|faint|p2b: Iron Treads\n|-end|p2b: Iron Treads|Quark Drive|[silent]\n|\n|-heal|p1a: Robin|41\/100|[from] item: Leftovers\n|upkeep\n|\n|t:|1683165636\n|switch|p2b: Meowscarada|Meowscarada, L50, F|77\/100\n|turn|7\n|\n|t:|1683165654\n|move|p2b: Meowscarada|Knock Off|p1a: Robin\n|-start|p2b: Meowscarada|typechange|Dark|[from] ability: Protean\n|-damage|p1a: Robin|0 fnt\n|-enditem|p1a: Robin|Leftovers|[from] move: Knock Off|[of] p2b: Meowscarada\n|faint|p1a: Robin\n|move|p2a: Murkrow|Foul Play|p1b: Beast boy\n|-damage|p1b: Beast boy|0 fnt\n|faint|p1b: Beast boy\n|\n|-sideend|p1: NicoHaxVGC|move: Tailwind\n|upkeep\n|\n|t:|1683165662\n|switch|p1a: Maushold|Maushold, L50|100\/100\n|switch|p1b: Raven|Corviknight, L50, F|28\/100\n|turn|8\n|\n|t:|1683165673\n|move|p1a: Maushold|Follow Me|p1a: Maushold\n|-singleturn|p1a: Maushold|move: Follow Me\n|move|p2b: Meowscarada|Knock Off|p1a: Maushold\n|-damage|p1a: Maushold|12\/100\n|-enditem|p1a: Maushold|Safety Goggles|[from] move: Knock Off|[of] p2b: Meowscarada\n|move|p2a: Murkrow|Foul Play|p1a: Maushold\n|-damage|p1a: Maushold|0 fnt\n|faint|p1a: Maushold\n|move|p1b: Raven|Roost|p1b: Raven\n|-heal|p1b: Raven|78\/100\n|-singleturn|p1b: Raven|move: Roost\n|\n|upkeep\n|turn|9\n|\n|t:|1683165684\n|move|p2b: Meowscarada|Knock Off|p1b: Raven\n|-damage|p1b: Raven|19\/100\n|-enditem|p1b: Raven|Lum Berry|[from] move: Knock Off|[of] p2b: Meowscarada\n|move|p2a: Murkrow|Foul Play|p1b: Raven\n|-damage|p1b: Raven|0 fnt\n|faint|p1b: Raven\n|\n|win|Determewnation\n|raw|NicoHaxVGC's rating: 1290 → 1271<\/strong> (-19 for losing)\n|raw|Determewnation's rating: 1373 → 1388<\/strong> (+15 for winning)\n","uploadtime":1683165687,"views":11,"p1id":"nicohaxvgc","p2id":"determewnation","formatid":"gen9vgc2023regulationc","rating":1271,"private":0,"password":""}