{"id":"gen9vgc2023regulationc-1846706113","p1":"hancec","p2":"Indigosaffron","format":"[Gen 9] VGC 2023 Regulation C","log":"|j|\u2606hancec\n|j|\u2606Indigosaffron\n|t:|1681868181\n|gametype|doubles\n|player|p1|hancec|gentleman-gen4dp|1403\n|player|p2|Indigosaffron|265|1506\n|teamsize|p1|6\n|teamsize|p2|6\n|gen|9\n|tier|[Gen 9] VGC 2023 Regulation C\n|rated|\n|rule|Species Clause: Limit one of each Pok\u00e9mon\n|rule|Item Clause: Limit one of each item\n|clearpoke\n|poke|p1|Murkrow, L50, M|\n|poke|p1|Iron Bundle, L50|\n|poke|p1|Chi-Yu, L50|\n|poke|p1|Gholdengo, L50|\n|poke|p1|Great Tusk, L50|\n|poke|p1|Brute Bonnet, L50|\n|poke|p2|Chien-Pao, L50|\n|poke|p2|Maushold-Four, L50|\n|poke|p2|Flutter Mane, L50|\n|poke|p2|Talonflame, L50, F|\n|poke|p2|Meowscarada, L50, M|\n|poke|p2|Azumarill, L50, M|\n|teampreview|4\nhancec has agreed to open team sheets.\nIndigosaffron has agreed to open team sheets.\n|inactive|Battle timer is ON: inactive players will automatically lose when time's up. (requested by Indigosaffron)\n|\n|t:|1681868237\n|start\n|switch|p1a: Matsuemon|Murkrow, L50, M, shiny|100\/100\n|switch|p1b: Inosuke|Great Tusk, L50|100\/100\n|switch|p2a: Talonflame|Talonflame, L50, F|100\/100\n|switch|p2b: Flutter Mane|Flutter Mane, L50|100\/100\n|turn|1\n|\n|t:|1681868261\n|-terastallize|p1b: Inosuke|Ground\n|move|p2a: Talonflame|Tailwind|p2a: Talonflame\n|-sidestart|p2: Indigosaffron|move: Tailwind\n|move|p1a: Matsuemon|Tailwind|p1a: Matsuemon\n|-sidestart|p1: hancec|move: Tailwind\n|move|p2b: Flutter Mane|Dazzling Gleam|p1a: Matsuemon|[spread] p1a,p1b\n|-supereffective|p1a: Matsuemon\n|-enditem|p1a: Matsuemon|Focus Sash\n|-damage|p1a: Matsuemon|1\/100\n|-damage|p1b: Inosuke|23\/100\n|move|p1b: Inosuke|Headlong Rush|p2b: Flutter Mane\n|-damage|p2b: Flutter Mane|0 fnt\n|-unboost|p1b: Inosuke|def|1\n|-unboost|p1b: Inosuke|spd|1\n|faint|p2b: Flutter Mane\n|-end|p2b: Flutter Mane|Protosynthesis|[silent]\n|\n|upkeep\n|\n|t:|1681868275\n|switch|p2b: Azumarill|Azumarill, L50, M|100\/100\n|turn|2\n|\n|t:|1681868285\n|move|p1b: Inosuke|Protect|p1b: Inosuke\n|-singleturn|p1b: Inosuke|Protect\n|move|p2a: Talonflame|Brave Bird|p1a: Matsuemon\n|-damage|p1a: Matsuemon|0 fnt\n|faint|p1a: Matsuemon\n|-damage|p2a: Talonflame|99\/100|[from] Recoil\n|move|p2b: Azumarill|Aqua Jet|p1b: Inosuke\n|-activate|p1b: Inosuke|move: Protect\n|\n|upkeep\n|\n|t:|1681868298\n|switch|p1a: Zenitsu|Gholdengo, L50|100\/100\n|turn|3\n|\n|t:|1681868310\n|-end|p1b: Inosuke|Protosynthesis|[silent]\n|switch|p1b: Giyu|Iron Bundle, L50|100\/100\n|-enditem|p1b: Giyu|Booster Energy\n|-activate|p1b: Giyu|ability: Quark Drive|[fromitem]\n|-start|p1b: Giyu|quarkdrivespe\n|-terastallize|p2b: Azumarill|Fire\n|move|p2a: Talonflame|Flare Blitz|p1a: Zenitsu\n|-supereffective|p1a: Zenitsu\n|-damage|p1a: Zenitsu|0 fnt\n|faint|p1a: Zenitsu\n|-damage|p2a: Talonflame|65\/100|[from] Recoil\n|move|p2b: Azumarill|Play Rough|p1b: Giyu\n|-damage|p1b: Giyu|34\/100\n|\n|upkeep\n|\n|t:|1681868323\n|switch|p1a: Inosuke|Great Tusk, L50, tera:Ground|23\/100\n|turn|4\n|\n|t:|1681868336\n|move|p2b: Azumarill|Protect|p2b: Azumarill\n|-singleturn|p2b: Azumarill|Protect\n|move|p1b: Giyu|Icy Wind|p2b: Azumarill|[spread] p2a\n|-activate|p2b: Azumarill|move: Protect\n|-damage|p2a: Talonflame|31\/100\n|move|p2a: Talonflame|Brave Bird|p1b: Giyu\n|-crit|p1b: Giyu\n|-damage|p1b: Giyu|0 fnt\n|faint|p1b: Giyu\n|-end|p1b: Giyu|Quark Drive|[silent]\n|-damage|p2a: Talonflame|21\/100|[from] Recoil\n|move|p1a: Inosuke|Headlong Rush|p2b: Azumarill\n|-activate|p2b: Azumarill|move: Protect\n|\n|-sideend|p2: Indigosaffron|move: Tailwind\n|-sideend|p1: hancec|move: Tailwind\n|upkeep\n|turn|5\n|-message|hancec forfeited.\n|\n|win|Indigosaffron\n|raw|hancec's rating: 1403 → 1389<\/strong> (-14 for losing)\n|raw|Indigosaffron's rating: 1506 → 1520<\/strong> (+14 for winning)\n","uploadtime":1681868347,"views":12,"p1id":"hancec","p2id":"indigosaffron","formatid":"gen9vgc2023regulationc","rating":1389,"private":0,"password":""}