{"id":"gen9vgc2023regulationc-1853297308","p1":"Sumo'sWeenusVGC","p2":"DanPB","format":"[Gen 9] VGC 2023 Regulation C","log":"|j|\u2606Sumo'sWeenusVGC\n|j|\u2606DanPB\n|t:|1682663319\n|gametype|doubles\n|player|p1|Sumo'sWeenusVGC|colress|1130\n|player|p2|DanPB|2|1196\n|teamsize|p1|6\n|teamsize|p2|6\n|gen|9\n|tier|[Gen 9] VGC 2023 Regulation C\n|rated|\n|rule|Species Clause: Limit one of each Pok\u00e9mon\n|rule|Item Clause: Limit one of each item\n|clearpoke\n|poke|p1|Grimmsnarl, L50, M|\n|poke|p1|Scream Tail, L50|\n|poke|p1|Armarouge, L50, F|\n|poke|p1|Azumarill, L50, M|\n|poke|p1|Brute Bonnet, L50|\n|poke|p1|Bronzong, L50|\n|poke|p2|Ting-Lu, L50|\n|poke|p2|Abomasnow, L50, M|\n|poke|p2|Flutter Mane, L50|\n|poke|p2|Iron Hands, L50|\n|poke|p2|Bronzong, L50|\n|poke|p2|Arcanine, L50, F|\n|teampreview|4\n|inactive|Battle timer is ON: inactive players will automatically lose when time's up. (requested by DanPB)\n|inactive|Sumo'sWeenusVGC also wants the timer to be on.\nSumo'sWeenusVGC has agreed to open team sheets.\n|inactive|DanPB has 60 seconds left.\nDanPB has agreed to open team sheets.\n|inactive|Sumo'sWeenusVGC has 60 seconds left.\n|inactive|DanPB has 30 seconds left.\n|inactive|DanPB has 20 seconds left.\n|c|\u2606Sumo'sWeenusVGC|glhf\n|inactive|DanPB has 15 seconds left.\n|inactive|DanPB has 10 seconds left.\n|inactive|DanPB has 5 seconds left.\n|\n|t:|1682663409\n|start\n|switch|p1a: Grimmsnarl|Grimmsnarl, L50, M|100\/100\n|switch|p1b: Scream Tail|Scream Tail, L50|100\/100\n|switch|p2a: Abomasnow|Abomasnow, L50, M|100\/100\n|switch|p2b: Ting-Lu|Ting-Lu, L50|100\/100\n|-weather|Snow|[from] ability: Snow Warning|[of] p2a: Abomasnow\n|-ability|p2b: Ting-Lu|Vessel of Ruin\n|turn|1\n|inactive|DanPB has 30 seconds left.\n|inactive|DanPB has 20 seconds left.\n|\n|t:|1682663447\n|move|p1a: Grimmsnarl|Fake Out|p2b: Ting-Lu\n|-damage|p2b: Ting-Lu|94\/100\n|move|p1b: Scream Tail|Thunder Wave|p2a: Abomasnow\n|-status|p2a: Abomasnow|par\n|cant|p2b: Ting-Lu|flinch\n|move|p2a: Abomasnow|Blizzard|p1a: Grimmsnarl|[spread] p1a,p1b\n|-damage|p1a: Grimmsnarl|77\/100\n|-damage|p1b: Scream Tail|82\/100\n|-enditem|p1a: Grimmsnarl|Eject Button\n|\n|t:|1682663470\n|switch|p1a: Azumarill|Azumarill, L50, M|100\/100\n|\n|-weather|Snow|[upkeep]\n|upkeep\n|turn|2\n|inactive|DanPB has 30 seconds left.\n|\n|t:|1682663498\n|-terastallize|p1a: Azumarill|Water\n|move|p1b: Scream Tail|Howl|p1b: Scream Tail|[spread] p1a,p1b\n|-boost|p1a: Azumarill|atk|1\n|-boost|p1b: Scream Tail|atk|1\n|move|p1a: Azumarill|Liquidation|p2b: Ting-Lu\n|-supereffective|p2b: Ting-Lu\n|-damage|p2b: Ting-Lu|0 fnt\n|faint|p2b: Ting-Lu\n|move|p2a: Abomasnow|Giga Drain|p1a: Azumarill\n|-supereffective|p1a: Azumarill\n|-damage|p1a: Azumarill|43\/100\n|\n|-weather|Snow|[upkeep]\n|upkeep\n|\n|t:|1682663509\n|switch|p2b: Arcanine|Arcanine, L50, F|100\/100\n|-ability|p2b: Arcanine|Intimidate|boost\n|-unboost|p1a: Azumarill|atk|1\n|-unboost|p1b: Scream Tail|atk|1\n|turn|3\n|inactive|DanPB has 30 seconds left.\n|\n|t:|1682663535\n|move|p2b: Arcanine|Protect|p2b: Arcanine\n|-singleturn|p2b: Arcanine|Protect\n|move|p1a: Azumarill|Protect|p1a: Azumarill\n|-singleturn|p1a: Azumarill|Protect\n|move|p1b: Scream Tail|Thunder Wave|p2b: Arcanine\n|-activate|p2b: Arcanine|move: Protect\n|cant|p2a: Abomasnow|par\n|\n|-weather|Snow|[upkeep]\n|upkeep\n|turn|4\n|inactive|Sumo'sWeenusVGC has 30 seconds left.\n|\n|t:|1682663562\n|move|p1b: Scream Tail|Howl|p1b: Scream Tail|[spread] p1a,p1b\n|-boost|p1a: Azumarill|atk|1\n|-enditem|p2b: Arcanine|Mirror Herb\n|-boost|p2b: Arcanine|atk|1|[from] item: Mirror Herb\n|-boost|p1b: Scream Tail|atk|1\n|move|p2b: Arcanine|Flare Blitz|p1b: Scream Tail\n|-crit|p1b: Scream Tail\n|-damage|p1b: Scream Tail|0 fnt\n|faint|p1b: Scream Tail\n|-end|p1b: Scream Tail|Protosynthesis|[silent]\n|-damage|p2b: Arcanine|71\/100|[from] Recoil\n|move|p1a: Azumarill|Liquidation|p2b: Arcanine\n|-supereffective|p2b: Arcanine\n|-damage|p2b: Arcanine|0 fnt\n|faint|p2b: Arcanine\n|cant|p2a: Abomasnow|par\n|\n|-weather|Snow|[upkeep]\n|upkeep\n|\n|t:|1682663578\n|switch|p1b: Armarouge|Armarouge, L50, F|100\/100\n|switch|p2b: Flutter Mane|Flutter Mane, L50|100\/100\n|turn|5\n|inactive|DanPB has 30 seconds left.\n|inactive|DanPB has 20 seconds left.\n|inactive|DanPB has 15 seconds left.\n|inactive|DanPB has 10 seconds left.\n|\n|t:|1682663625\n|move|p1a: Azumarill|Aqua Jet|p2b: Flutter Mane\n|-damage|p2b: Flutter Mane|22\/100\n|move|p2b: Flutter Mane|Power Gem|p1b: Armarouge\n|-supereffective|p1b: Armarouge\n|-damage|p1b: Armarouge|21\/100\n|move|p1b: Armarouge|Armor Cannon|p2a: Abomasnow\n|-supereffective|p2a: Abomasnow\n|-damage|p2a: Abomasnow|0 fnt\n|-unboost|p1b: Armarouge|def|1\n|-unboost|p1b: Armarouge|spd|1\n|faint|p2a: Abomasnow\n|\n|-weather|none\n|upkeep\n|turn|6\n|-message|DanPB forfeited.\n|\n|win|Sumo'sWeenusVGC\n|raw|Sumo'sWeenusVGC's rating: 1130 → 1160<\/strong> (+30 for winning)\n|raw|DanPB's rating: 1196 → 1166<\/strong> (-30 for losing)\n|l|\u2606DanPB\n","uploadtime":1682663642,"views":13,"p1id":"sumosweenusvgc","p2id":"danpb","formatid":"gen9vgc2023regulationc","rating":1160,"private":0,"password":""}