{"id":"gen9vgc2023regulationc-1846458349","p1":"Nutrius","p2":"200 routes","format":"[Gen 9] VGC 2023 Regulation C","log":"|j|\u2606Nutrius\n|j|\u2606200 routes\n|t:|1681842504\n|gametype|doubles\n|player|p1|Nutrius|norman|1342\n|player|p2|200 routes|170|1425\n|teamsize|p1|6\n|teamsize|p2|6\n|gen|9\n|tier|[Gen 9] VGC 2023 Regulation C\n|rated|\n|rule|Species Clause: Limit one of each Pok\u00e9mon\n|rule|Item Clause: Limit one of each item\n|clearpoke\n|poke|p1|Palafin, L50, M|\n|poke|p1|Arcanine, L50, F|\n|poke|p1|Corviknight, L50, M|\n|poke|p1|Ting-Lu, L50|\n|poke|p1|Maushold, L50|\n|poke|p1|Annihilape, L50, F|\n|poke|p2|Scizor, L50, F|\n|poke|p2|Iron Bundle, L50|\n|poke|p2|Iron Hands, L50|\n|poke|p2|Baxcalibur, L50, M|\n|poke|p2|Amoonguss, L50, M|\n|poke|p2|Flutter Mane, L50|\n|teampreview|4\n|inactive|Battle timer is ON: inactive players will automatically lose when time's up. (requested by 200 routes)\n200 routes has agreed to open team sheets.\n|inactive|Nutrius has 60 seconds left.\n|inactive|200 routes has 60 seconds left.\n|\n|t:|1681842573\n|start\n|switch|p1a: Arcanine|Arcanine, L50, F|100\/100\n|switch|p1b: Annihiminkia|Annihilape, L50, F|100\/100\n|switch|p2a: Flutter Mane|Flutter Mane, L50|100\/100\n|switch|p2b: Baxcalibur|Baxcalibur, L50, M|100\/100\n|-ability|p1a: Arcanine|Intimidate|boost\n|-unboost|p2a: Flutter Mane|atk|1\n|-fail|p2b: Baxcalibur|unboost|[from] item: Clear Amulet|[of] p2b: Baxcalibur\n|turn|1\n|inactive|200 routes has 30 seconds left.\n|inactive|200 routes has 20 seconds left.\n|inactive|200 routes has 15 seconds left.\n|inactive|200 routes has 10 seconds left.\n|inactive|200 routes has 5 seconds left.\n|inactive|Nutrius has 30 seconds left.\n|\n|t:|1681842633\n|switch|p1b: Corviminkia|Corviknight, L50, M|100\/100\n|-terastallize|p2a: Flutter Mane|Water\n|move|p2a: Flutter Mane|Shadow Ball|p1b: Corviminkia\n|-damage|p1b: Corviminkia|49\/100\n|move|p1a: Arcanine|Flare Blitz|p2a: Flutter Mane\n|-resisted|p2a: Flutter Mane\n|-damage|p2a: Flutter Mane|60\/100\n|-damage|p1a: Arcanine|89\/100|[from] Recoil\n|move|p2b: Baxcalibur|Glaive Rush|p1b: Corviminkia\n|-resisted|p1b: Corviminkia\n|-damage|p1b: Corviminkia|20\/100\n|-singlemove|p2b: Baxcalibur|Glaive Rush|[silent]\n|\n|-heal|p1b: Corviminkia|26\/100|[from] item: Leftovers\n|upkeep\n|turn|2\n|inactive|Nutrius has 30 seconds left.\n|inactive|200 routes has 30 seconds left.\n|inactive|200 routes has 20 seconds left.\n|inactive|200 routes has 15 seconds left.\n|inactive|200 routes has 10 seconds left.\n|\n|t:|1681842681\n|switch|p2b: Iron Bundle|Iron Bundle, L50|100\/100\n|-enditem|p2b: Iron Bundle|Booster Energy\n|-activate|p2b: Iron Bundle|ability: Quark Drive|[fromitem]\n|-start|p2b: Iron Bundle|quarkdrivespe\n|move|p1a: Arcanine|Extreme Speed|p2a: Flutter Mane\n|-damage|p2a: Flutter Mane|21\/100\n|move|p2a: Flutter Mane|Shadow Ball|p1b: Corviminkia\n|-damage|p1b: Corviminkia|0 fnt\n|faint|p1b: Corviminkia\n|\n|upkeep\n|\n|t:|1681842694\n|switch|p1b: Palafin|Palafin, L50, M|100\/100\n|turn|3\n|\n|t:|1681842714\n|-end|p2a: Flutter Mane|Protosynthesis|[silent]\n|switch|p2a: Iron Hands|Iron Hands, L50|100\/100\n|detailschange|p1b: Palafin|Palafin-Hero, L50, M\n|switch|p1b: Annihiminkia|Annihilape, L50, F|100\/100\n|move|p1a: Arcanine|Extreme Speed|p2a: Iron Hands\n|-damage|p2a: Iron Hands|86\/100\n|move|p2b: Iron Bundle|Hydro Pump|p1a: Arcanine\n|-supereffective|p1a: Arcanine\n|-damage|p1a: Arcanine|0 fnt\n|faint|p1a: Arcanine\n|\n|upkeep\n|\n|t:|1681842727\n|switch|p1a: Palafin|Palafin-Hero, L50, M|100\/100\n|-activate|p1a: Palafin|ability: Zero to Hero\n|turn|4\n|inactive|200 routes has 30 seconds left.\n|inactive|200 routes has 20 seconds left.\n|inactive|200 routes has 15 seconds left.\n|inactive|200 routes has 10 seconds left.\n|inactive|200 routes has 5 seconds left.\n|\n|t:|1681842778\n|-end|p2b: Iron Bundle|Quark Drive|[silent]\n|switch|p2b: Baxcalibur|Baxcalibur, L50, M|100\/100\n|move|p1a: Palafin|Protect|p1a: Palafin\n|-singleturn|p1a: Palafin|Protect\n|move|p1b: Annihiminkia|Bulk Up|p1b: Annihiminkia\n|-boost|p1b: Annihiminkia|atk|1\n|-boost|p1b: Annihiminkia|def|1\n|move|p2a: Iron Hands|Wild Charge|p1a: Palafin\n|-activate|p1a: Palafin|move: Protect\n|\n|upkeep\n|turn|5\n|\n|t:|1681842801\n|-terastallize|p1a: Palafin|Water\n|move|p1a: Palafin|Wave Crash|p2a: Iron Hands\n|-damage|p2a: Iron Hands|7\/100\n|-damage|p1a: Palafin|68\/100|[from] Recoil\n|move|p1b: Annihiminkia|Drain Punch|p2a: Iron Hands\n|-damage|p2a: Iron Hands|0 fnt\n|faint|p2a: Iron Hands\n|-end|p2a: Iron Hands|Quark Drive|[silent]\n|move|p2b: Baxcalibur|Glaive Rush|p1a: Palafin\n|-damage|p1a: Palafin|4\/100\n|-singlemove|p2b: Baxcalibur|Glaive Rush|[silent]\n|\n|upkeep\n|\n|t:|1681842813\n|switch|p2a: Flutter Mane|Flutter Mane, L50, tera:Water|21\/100\n|turn|6\n|\n|t:|1681842820\n|-end|p2a: Flutter Mane|Protosynthesis|[silent]\n|switch|p2a: Iron Bundle|Iron Bundle, L50|100\/100\n|move|p1a: Palafin|Jet Punch|p2a: Iron Bundle\n|-resisted|p2a: Iron Bundle\n|-damage|p2a: Iron Bundle|74\/100\n|move|p2b: Baxcalibur|Ice Shard|p1a: Palafin\n|-resisted|p1a: Palafin\n|-damage|p1a: Palafin|0 fnt\n|faint|p1a: Palafin\n|move|p1b: Annihiminkia|Drain Punch|p2b: Baxcalibur\n|-supereffective|p2b: Baxcalibur\n|-damage|p2b: Baxcalibur|16\/100\n|\n|upkeep\n|turn|7\n|\n|t:|1681842838\n|move|p2a: Iron Bundle|Hydro Pump|p1b: Annihiminkia\n|-damage|p1b: Annihiminkia|50\/100\n|move|p1b: Annihiminkia|Rage Fist|p2b: Baxcalibur\n|-damage|p2b: Baxcalibur|0 fnt\n|faint|p2b: Baxcalibur\n|\n|upkeep\n|\n|t:|1681842844\n|switch|p2b: Flutter Mane|Flutter Mane, L50, tera:Water|21\/100\n|turn|8\n|\n|t:|1681842854\n|move|p2b: Flutter Mane|Moonblast|p1b: Annihiminkia\n|-supereffective|p1b: Annihiminkia\n|-damage|p1b: Annihiminkia|0 fnt\n|faint|p1b: Annihiminkia\n|\n|win|200 routes\n|raw|Nutrius's rating: 1342 → 1327<\/strong> (-15 for losing)\n|raw|200 routes's rating: 1425 → 1440<\/strong> (+15 for winning)\n|l|\u2606Nutrius\n","uploadtime":1681842869,"views":15,"p1id":"nutrius","p2id":"200routes","formatid":"gen9vgc2023regulationc","rating":1327,"private":0,"password":""}