{"id":"gen9vgc2023regulationc-1855681748","p1":"SirTails12","p2":"Annie032","format":"[Gen 9] VGC 2023 Regulation C","log":"|j|\u2606SirTails12\n|j|\u2606Annie032\n|t:|1682972756\n|gametype|doubles\n|player|p1|SirTails12|ash|1095\n|player|p2|Annie032|winona|1102\n|teamsize|p1|6\n|teamsize|p2|6\n|gen|9\n|tier|[Gen 9] VGC 2023 Regulation C\n|rated|\n|rule|Species Clause: Limit one of each Pok\u00e9mon\n|rule|Item Clause: Limit one of each item\n|clearpoke\n|poke|p1|Goodra, L50, F|\n|poke|p1|Palafin, L50, M|\n|poke|p1|Ting-Lu, L50|\n|poke|p1|Amoonguss, L50, F|\n|poke|p1|Arcanine, L50, M|\n|poke|p1|Flutter Mane, L50|\n|poke|p2|Rotom-Wash, L50|\n|poke|p2|Iron Hands, L50|\n|poke|p2|Kilowattrel, L50, M|\n|poke|p2|Bellibolt, L50, F|\n|poke|p2|Jolteon, L50, M|\n|poke|p2|Magneton, L50|\n|teampreview|4\n|inactive|Battle timer is ON: inactive players will automatically lose when time's up. (requested by Annie032)\n|\n|t:|1682972800\n|start\n|switch|p1a: Goodra|Goodra, L50, F, shiny|100\/100\n|switch|p1b: Flutter Mane|Flutter Mane, L50|100\/100\n|switch|p2a: Kilowattrel|Kilowattrel, L50, M|100\/100\n|switch|p2b: Bellibolt|Bellibolt, L50, F|100\/100\n|turn|1\n|\n|t:|1682972823\n|-end|p1b: Flutter Mane|Protosynthesis|[silent]\n|switch|p1b: Ting-Lu|Ting-Lu, L50|100\/100\n|-ability|p1b: Ting-Lu|Vessel of Ruin\n|move|p2a: Kilowattrel|Tailwind|p2a: Kilowattrel\n|-sidestart|p2: Annie032|move: Tailwind\n|move|p2b: Bellibolt|Muddy Water|p1a: Goodra|[spread] p1a\n|-miss|p2b: Bellibolt|p1b: Ting-Lu\n|-resisted|p1a: Goodra\n|-damage|p1a: Goodra|97\/100\n|move|p1a: Goodra|Muddy Water|p2b: Bellibolt|[spread] p2a,p2b\n|-damage|p2a: Kilowattrel|77\/100\n|-damage|p2b: Bellibolt|89\/100\n|-unboost|p2b: Bellibolt|accuracy|1\n|-start|p2b: Bellibolt|Charge|Muddy Water|[from] ability: Electromorphosis\n|\n|-heal|p1a: Goodra|100\/100|[from] item: Leftovers\n|upkeep\n|turn|2\n|inactive|SirTails12 has 30 seconds left.\n|inactive|Annie032 has 30 seconds left.\n|\n|t:|1682972855\n|switch|p1b: Amoonguss|Amoonguss, L50, F|100\/100\n|move|p2a: Kilowattrel|Air Slash|p1b: Amoonguss\n|-supereffective|p1b: Amoonguss\n|-damage|p1b: Amoonguss|37\/100\n|-damage|p2a: Kilowattrel|67\/100|[from] item: Life Orb\n|move|p2b: Bellibolt|Muddy Water|p1a: Goodra|[spread] p1a,p1b\n|-resisted|p1a: Goodra\n|-resisted|p1b: Amoonguss\n|-damage|p1a: Goodra|96\/100\n|-damage|p1b: Amoonguss|32\/100\n|move|p1a: Goodra|Muddy Water|p2a: Kilowattrel|[spread] p2a,p2b\n|-damage|p2a: Kilowattrel|36\/100\n|-damage|p2b: Bellibolt|75\/100\n|-start|p2b: Bellibolt|Charge|Muddy Water|[from] ability: Electromorphosis\n|\n|-heal|p1a: Goodra|100\/100|[from] item: Leftovers\n|-heal|p1b: Amoonguss|38\/100|[from] item: Black Sludge\n|upkeep\n|turn|3\n|\n|t:|1682972880\n|move|p1b: Amoonguss|Protect|p1b: Amoonguss\n|-singleturn|p1b: Amoonguss|Protect\n|move|p2a: Kilowattrel|Air Slash|p1b: Amoonguss\n|-activate|p1b: Amoonguss|move: Protect\n|move|p2b: Bellibolt|Muddy Water|p1b: Amoonguss|[spread] p1a\n|-activate|p1b: Amoonguss|move: Protect\n|-resisted|p1a: Goodra\n|-damage|p1a: Goodra|96\/100\n|-unboost|p1a: Goodra|accuracy|1\n|move|p1a: Goodra|Muddy Water|p2a: Kilowattrel|[spread] p2b\n|-miss|p1a: Goodra|p2a: Kilowattrel\n|-damage|p2b: Bellibolt|60\/100\n|-start|p2b: Bellibolt|Charge|Muddy Water|[from] ability: Electromorphosis\n|\n|-heal|p1a: Goodra|100\/100|[from] item: Leftovers\n|-heal|p1b: Amoonguss|43\/100|[from] item: Black Sludge\n|upkeep\n|turn|4\n|\n|t:|1682972902\n|switch|p1b: Ting-Lu|Ting-Lu, L50|100\/100\n|-ability|p1b: Ting-Lu|Vessel of Ruin\n|move|p2a: Kilowattrel|Air Slash|p1b: Ting-Lu\n|-damage|p1b: Ting-Lu|82\/100\n|-damage|p2a: Kilowattrel|27\/100|[from] item: Life Orb\n|move|p2b: Bellibolt|Muddy Water|p1b: Ting-Lu|[spread] \n|-miss|p2b: Bellibolt|p1a: Goodra\n|-miss|p2b: Bellibolt|p1b: Ting-Lu\n|move|p1a: Goodra|Muddy Water|p2a: Kilowattrel|[spread] p2a,p2b\n|-damage|p2a: Kilowattrel|3\/100\n|-damage|p2b: Bellibolt|48\/100\n|-unboost|p2b: Bellibolt|accuracy|1\n|-start|p2b: Bellibolt|Charge|Muddy Water|[from] ability: Electromorphosis\n|-enditem|p2b: Bellibolt|Sitrus Berry|[eat]\n|-heal|p2b: Bellibolt|73\/100|[from] item: Sitrus Berry\n|\n|-sideend|p2: Annie032|move: Tailwind\n|upkeep\n|turn|5\n|inactive|Annie032 has 30 seconds left.\n|\n|t:|1682972928\n|move|p2a: Kilowattrel|Tailwind|p2a: Kilowattrel\n|-sidestart|p2: Annie032|move: Tailwind\n|move|p2b: Bellibolt|Muddy Water|p1a: Goodra|[spread] p1a\n|-miss|p2b: Bellibolt|p1b: Ting-Lu\n|-resisted|p1a: Goodra\n|-damage|p1a: Goodra|97\/100\n|move|p1a: Goodra|Muddy Water|p2a: Kilowattrel|[spread] p2a,p2b\n|-crit|p2a: Kilowattrel\n|-damage|p2a: Kilowattrel|0 fnt\n|-damage|p2b: Bellibolt|62\/100\n|-start|p2b: Bellibolt|Charge|Muddy Water|[from] ability: Electromorphosis\n|faint|p2a: Kilowattrel\n|move|p1b: Ting-Lu|Fissure|p2b: Bellibolt|[miss]\n|-miss|p1b: Ting-Lu|p2b: Bellibolt\n|\n|-heal|p1a: Goodra|100\/100|[from] item: Leftovers\n|upkeep\n|\n|t:|1682972945\n|switch|p2a: Rotom|Rotom-Wash, L50|100\/100\n|turn|6\n|inactive|SirTails12 has 30 seconds left.\n|\n|t:|1682972974\n|switch|p1b: Amoonguss|Amoonguss, L50, F|77\/100\n|move|p2b: Bellibolt|Protect|p2b: Bellibolt\n|-singleturn|p2b: Bellibolt|Protect\n|move|p2a: Rotom|Hydro Pump|p1b: Amoonguss|[miss]\n|-miss|p2a: Rotom|p1b: Amoonguss\n|move|p1a: Goodra|Muddy Water|p2b: Bellibolt|[spread] p2a\n|-activate|p2b: Bellibolt|move: Protect\n|-resisted|p2a: Rotom\n|-damage|p2a: Rotom|90\/100\n|\n|-heal|p2a: Rotom|96\/100|[from] item: Leftovers\n|-heal|p1b: Amoonguss|82\/100|[from] item: Black Sludge\n|upkeep\n|turn|7\n|inactive|SirTails12 has 30 seconds left.\n|inactive|Annie032 has 30 seconds left.\n|\n|t:|1682973007\n|move|p2a: Rotom|Volt Switch|p1b: Amoonguss\n|-resisted|p1b: Amoonguss\n|-damage|p1b: Amoonguss|74\/100\n|\n|t:|1682973011\n|switch|p2a: Jolteon|Jolteon, L50, M|100\/100|[from] Volt Switch\n|move|p2b: Bellibolt|Muddy Water|p1b: Amoonguss|[spread] p1b\n|-miss|p2b: Bellibolt|p1a: Goodra\n|-resisted|p1b: Amoonguss\n|-damage|p1b: Amoonguss|69\/100\n|move|p1a: Goodra|Muddy Water|p2b: Bellibolt|[spread] p2a\n|-miss|p1a: Goodra|p2b: Bellibolt\n|-damage|p2a: Jolteon|78\/100\n|-unboost|p2a: Jolteon|accuracy|1\n|move|p1b: Amoonguss|Spore|p2a: Jolteon\n|-status|p2a: Jolteon|slp|[from] move: Spore\n|\n|-heal|p1b: Amoonguss|75\/100|[from] item: Black Sludge\n|upkeep\n|turn|8\n|inactive|SirTails12 has 30 seconds left.\n|\n|t:|1682973038\n|switch|p1b: Ting-Lu|Ting-Lu, L50|82\/100\n|-ability|p1b: Ting-Lu|Vessel of Ruin\n|-terastallize|p2b: Bellibolt|Electric\n|cant|p2a: Jolteon|slp\n|move|p2b: Bellibolt|Parabolic Charge|p1b: Ting-Lu|[spread] \n|-heal|p2a: Jolteon|100\/100 slp|[from] ability: Volt Absorb|[of] p2b: Bellibolt\n|-immune|p1b: Ting-Lu\n|-miss|p2b: Bellibolt|p1a: Goodra\n|-end|p2b: Bellibolt|Charge|[silent]\n|move|p1a: Goodra|Muddy Water|p2a: Jolteon|[spread] p2b\n|-miss|p1a: Goodra|p2a: Jolteon\n|-damage|p2b: Bellibolt|50\/100\n|-unboost|p2b: Bellibolt|accuracy|1\n|-start|p2b: Bellibolt|Charge|Muddy Water|[from] ability: Electromorphosis\n|\n|-sideend|p2: Annie032|move: Tailwind\n|upkeep\n|turn|9\n|inactive|SirTails12 has 30 seconds left.\n|\n|t:|1682973069\n|switch|p2b: Rotom|Rotom-Wash, L50|96\/100\n|-curestatus|p2a: Jolteon|slp|[msg]\n|move|p2a: Jolteon|Protect|p2a: Jolteon\n|-singleturn|p2a: Jolteon|Protect\n|move|p1a: Goodra|Muddy Water|p2b: Rotom|[spread] p2b\n|-activate|p2a: Jolteon|move: Protect\n|-resisted|p2b: Rotom\n|-damage|p2b: Rotom|88\/100\n|-unboost|p2b: Rotom|accuracy|1\n|move|p1b: Ting-Lu|Fissure|p2a: Jolteon\n|-activate|p2a: Jolteon|move: Protect\n|\n|-heal|p2b: Rotom|94\/100|[from] item: Leftovers\n|upkeep\n|turn|10\n|inactive|SirTails12 has 30 seconds left.\n|\n|t:|1682973100\n|move|p1a: Goodra|Protect|p1a: Goodra\n|-singleturn|p1a: Goodra|Protect\n|move|p2a: Jolteon|Shadow Ball|p1a: Goodra\n|-activate|p1a: Goodra|move: Protect\n|move|p2b: Rotom|Will-O-Wisp|p1b: Ting-Lu\n|-status|p1b: Ting-Lu|brn\n|move|p1b: Ting-Lu|Stomping Tantrum|p2a: Jolteon\n|-supereffective|p2a: Jolteon\n|-damage|p2a: Jolteon|42\/100\n|\n|-heal|p2b: Rotom|99\/100|[from] item: Leftovers\n|-damage|p1b: Ting-Lu|76\/100 brn|[from] brn\n|upkeep\n|turn|11\n|inactive|Annie032 has 30 seconds left.\n|\n|t:|1682973133\n|switch|p1a: Amoonguss|Amoonguss, L50, F|100\/100\n|move|p2a: Jolteon|Shadow Ball|p1a: Amoonguss\n|-damage|p1a: Amoonguss|87\/100\n|-unboost|p1a: Amoonguss|spd|1\n|move|p2b: Rotom|Volt Switch|p2a: Jolteon\n|-heal|p2a: Jolteon|67\/100|[from] ability: Volt Absorb|[of] p2b: Rotom\n|move|p1b: Ting-Lu|Ruination|p2b: Rotom\n|-damage|p2b: Rotom|50\/100\n|\n|-heal|p2b: Rotom|56\/100|[from] item: Leftovers\n|-heal|p1a: Amoonguss|93\/100|[from] item: Black Sludge\n|-damage|p1b: Ting-Lu|70\/100 brn|[from] brn\n|upkeep\n|turn|12\n|inactive|SirTails12 has 30 seconds left.\n|inactive|Annie032 has 30 seconds left.\n|inactive|Annie032 has 20 seconds left.\n|\n|t:|1682973169\n|move|p2a: Jolteon|Shadow Ball|p1a: Amoonguss|[miss]\n|-miss|p2a: Jolteon|p1a: Amoonguss\n|move|p2b: Rotom|Volt Switch|p2a: Jolteon\n|-heal|p2a: Jolteon|92\/100|[from] ability: Volt Absorb|[of] p2b: Rotom\n|move|p1b: Ting-Lu|Fissure|p2a: Jolteon\n|-damage|p2a: Jolteon|0 fnt\n|faint|p2a: Jolteon\n|-ohko\n|move|p1a: Amoonguss|Pollen Puff|p1b: Ting-Lu\n|-heal|p1b: Ting-Lu|100\/100 brn\n|\n|-heal|p2b: Rotom|62\/100|[from] item: Leftovers\n|-heal|p1a: Amoonguss|99\/100|[from] item: Black Sludge\n|-damage|p1b: Ting-Lu|94\/100 brn|[from] brn\n|upkeep\n|\n|t:|1682973185\n|switch|p2a: Bellibolt|Bellibolt, L50, F, tera:Electric|50\/100\n|turn|13\n|\n|t:|1682973200\n|move|p2b: Rotom|Hydro Pump|p1b: Ting-Lu\n|-supereffective|p1b: Ting-Lu\n|-damage|p1b: Ting-Lu|64\/100 brn\n|move|p2a: Bellibolt|Muddy Water|p1a: Amoonguss|[spread] p1a,p1b\n|-resisted|p1a: Amoonguss\n|-supereffective|p1b: Ting-Lu\n|-damage|p1a: Amoonguss|94\/100\n|-damage|p1b: Ting-Lu|49\/100 brn\n|-unboost|p1a: Amoonguss|accuracy|1\n|move|p1b: Ting-Lu|Fissure|p2a: Bellibolt|[miss]\n|-miss|p1b: Ting-Lu|p2a: Bellibolt\n|move|p1a: Amoonguss|Spore|p2b: Rotom\n|-status|p2b: Rotom|slp|[from] move: Spore\n|\n|-heal|p2b: Rotom|67\/100 slp|[from] item: Leftovers\n|-heal|p1a: Amoonguss|99\/100|[from] item: Black Sludge\n|-damage|p1b: Ting-Lu|43\/100 brn|[from] brn\n|upkeep\n|turn|14\n|\n|t:|1682973221\n|cant|p2b: Rotom|slp\n|move|p2a: Bellibolt|Muddy Water|p1b: Ting-Lu|[spread] p1a\n|-miss|p2a: Bellibolt|p1b: Ting-Lu\n|-resisted|p1a: Amoonguss\n|-damage|p1a: Amoonguss|93\/100\n|-unboost|p1a: Amoonguss|accuracy|1\n|move|p1b: Ting-Lu|Stomping Tantrum|p2a: Bellibolt\n|-supereffective|p2a: Bellibolt\n|-damage|p2a: Bellibolt|13\/100\n|-start|p2a: Bellibolt|Charge|Stomping Tantrum|[from] ability: Electromorphosis\n|move|p1a: Amoonguss|Pollen Puff|p1b: Ting-Lu|[miss]\n|-miss|p1a: Amoonguss|p1b: Ting-Lu\n|\n|-heal|p2b: Rotom|73\/100 slp|[from] item: Leftovers\n|-heal|p1a: Amoonguss|99\/100|[from] item: Black Sludge\n|-damage|p1b: Ting-Lu|37\/100 brn|[from] brn\n|upkeep\n|turn|15\n|-message|Annie032 forfeited.\n|\n|win|SirTails12\n|raw|SirTails12's rating: 1095 → 1121<\/strong> (+26 for winning)\n|raw|Annie032's rating: 1102 → 1076<\/strong> (-26 for losing)\n|l|\u2606Annie032\n","uploadtime":1682973238,"views":16,"p1id":"sirtails12","p2id":"annie032","formatid":"gen9vgc2023regulationc","rating":1076,"private":0,"password":""}