{"id":"gen9vgc2023regulationc-1864015436","p1":"dhsib","p2":"marioman6444","format":"[Gen 9] VGC 2023 Regulation C","log":"|j|\u2606dhsib\n|j|\u2606marioman6444\n|t:|1684105565\n|gametype|doubles\n|player|p1|dhsib|artist-gen4|1142\n|player|p2|marioman6444|hoopster|1123\n|teamsize|p1|6\n|teamsize|p2|6\n|gen|9\n|tier|[Gen 9] VGC 2023 Regulation C\n|rated|\n|rule|Species Clause: Limit one of each Pok\u00e9mon\n|rule|Item Clause: Limit one of each item\n|clearpoke\n|poke|p1|Abomasnow, L50, M|\n|poke|p1|Iron Bundle, L50|\n|poke|p1|Chi-Yu, L50|\n|poke|p1|Kingambit, L50, M|\n|poke|p1|Flutter Mane, L50|\n|poke|p1|Gyarados, L50, F|\n|poke|p2|Kingambit, L50, F|\n|poke|p2|Volcarona, L50, M|\n|poke|p2|Iron Bundle, L50|\n|poke|p2|Chien-Pao, L50|\n|poke|p2|Ting-Lu, L50|\n|poke|p2|Amoonguss, L50, M|\n|teampreview|4\n|inactive|Battle timer is ON: inactive players will automatically lose when time's up. (requested by marioman6444)\n|inactive|marioman6444 has 60 seconds left.\n|\n|t:|1684105620\n|start\n|switch|p1a: Hail Yeah|Abomasnow, L50, M|100\/100\n|switch|p1b: Cabo|Iron Bundle, L50|100\/100\n|switch|p2a: Chien-Pao|Chien-Pao, L50|100\/100\n|switch|p2b: Big-Lu|Ting-Lu, L50|100\/100\n|-ability|p2a: Chien-Pao|Sword of Ruin\n|-weather|Snow|[from] ability: Snow Warning|[of] p1a: Hail Yeah\n|-ability|p2b: Big-Lu|Vessel of Ruin\n|turn|1\n|\n|t:|1684105633\n|move|p1b: Cabo|Aurora Veil|p1b: Cabo\n|-sidestart|p1: dhsib|move: Aurora Veil\n|move|p2a: Chien-Pao|Sacred Sword|p1b: Cabo\n|-supereffective|p1b: Cabo\n|-damage|p1b: Cabo|58\/100\n|move|p1a: Hail Yeah|Blizzard|p2b: Big-Lu|[spread] p2a,p2b\n|-resisted|p2a: Chien-Pao\n|-supereffective|p2b: Big-Lu\n|-damage|p2a: Chien-Pao|76\/100\n|-damage|p2b: Big-Lu|53\/100\n|-damage|p1a: Hail Yeah|91\/100|[from] item: Life Orb\n|move|p2b: Big-Lu|Stone Edge|p1b: Cabo\n|-supereffective|p1b: Cabo\n|-damage|p1b: Cabo|22\/100\n|\n|-weather|Snow|[upkeep]\n|upkeep\n|turn|2\n|inactive|dhsib has 30 seconds left.\n|\n|t:|1684105662\n|move|p1b: Cabo|Blizzard|p2a: Chien-Pao|[spread] p2a,p2b\n|-resisted|p2a: Chien-Pao\n|-supereffective|p2b: Big-Lu\n|-damage|p2a: Chien-Pao|55\/100\n|-damage|p2b: Big-Lu|10\/100\n|-enditem|p2b: Big-Lu|Iapapa Berry|[eat]\n|-heal|p2b: Big-Lu|44\/100|[from] item: Iapapa Berry\n|move|p2a: Chien-Pao|Sacred Sword|p1b: Cabo\n|-supereffective|p1b: Cabo\n|-damage|p1b: Cabo|0 fnt\n|faint|p1b: Cabo\n|-end|p1b: Cabo|Quark Drive|[silent]\n|move|p1a: Hail Yeah|Blizzard|p2a: Chien-Pao|[spread] p2a,p2b\n|-resisted|p2a: Chien-Pao\n|-supereffective|p2b: Big-Lu\n|-damage|p2a: Chien-Pao|29\/100\n|-damage|p2b: Big-Lu|1\/100\n|-damage|p1a: Hail Yeah|81\/100|[from] item: Life Orb\n|move|p2b: Big-Lu|Ruination|p1a: Hail Yeah\n|-damage|p1a: Hail Yeah|41\/100\n|\n|-weather|Snow|[upkeep]\n|upkeep\n|\n|t:|1684105687\n|switch|p1b: Chi-Yu|Chi-Yu, L50|100\/100\n|-ability|p1b: Chi-Yu|Beads of Ruin\n|turn|3\n|c|\u2606marioman6444|Big lu be bih\n|inactive|marioman6444 has 30 seconds left.\n|\n|t:|1684105714\n|switch|p1a: BONK|Kingambit, L50, M, shiny|100\/100\n|move|p1b: Chi-Yu|Heat Wave|p2a: Chien-Pao|[spread] p2a,p2b\n|-supereffective|p2a: Chien-Pao\n|-damage|p2a: Chien-Pao|0 fnt\n|-damage|p2b: Big-Lu|0 fnt\n|faint|p2a: Chien-Pao\n|faint|p2b: Big-Lu\n|\n|-weather|Snow|[upkeep]\n|upkeep\n|\n|t:|1684105722\n|switch|p2a: Amoonguss|Amoonguss, L50, M|100\/100\n|switch|p2b: Iron Bundle|Iron Bundle, L50, shiny|100\/100\n|-enditem|p2b: Iron Bundle|Booster Energy\n|-activate|p2b: Iron Bundle|ability: Quark Drive|[fromitem]\n|-start|p2b: Iron Bundle|quarkdrivespe\n|turn|4\n|\n|t:|1684105745\n|-terastallize|p1b: Chi-Yu|Grass\n|-terastallize|p2a: Amoonguss|Fire\n|move|p2b: Iron Bundle|Protect|p2b: Iron Bundle\n|-singleturn|p2b: Iron Bundle|Protect\n|move|p1b: Chi-Yu|Heat Wave|p2b: Iron Bundle|[spread] p2a\n|-activate|p2b: Iron Bundle|move: Protect\n|-resisted|p2a: Amoonguss\n|-damage|p2a: Amoonguss|77\/100\n|move|p1a: BONK|Kowtow Cleave|p2b: Iron Bundle\n|-activate|p2b: Iron Bundle|move: Protect\n|move|p2a: Amoonguss|Spore|p1b: Chi-Yu\n|-immune|p1b: Chi-Yu\n|\n|-weather|Snow|[upkeep]\n|upkeep\n|turn|5\n|\n|t:|1684105765\n|move|p2b: Iron Bundle|Freeze-Dry|p1b: Chi-Yu\n|-supereffective|p1b: Chi-Yu\n|-damage|p1b: Chi-Yu|40\/100\n|move|p1b: Chi-Yu|Heat Wave|p2b: Iron Bundle|[spread] p2a\n|-miss|p1b: Chi-Yu|p2b: Iron Bundle\n|-resisted|p2a: Amoonguss\n|-damage|p2a: Amoonguss|56\/100\n|move|p1a: BONK|Kowtow Cleave|p2b: Iron Bundle\n|-damage|p2b: Iron Bundle|59\/100\n|move|p2a: Amoonguss|Spore|p1a: BONK\n|-status|p1a: BONK|slp|[from] move: Spore\n|\n|-weather|none\n|upkeep\n|turn|6\n|\n|t:|1684105785\n|switch|p1b: Hail Yeah|Abomasnow, L50, M|41\/100\n|-weather|Snow|[from] ability: Snow Warning|[of] p1b: Hail Yeah\n|cant|p1a: BONK|slp\n|move|p2b: Iron Bundle|Freeze-Dry|p1b: Hail Yeah\n|-damage|p1b: Hail Yeah|17\/100\n|move|p2a: Amoonguss|Pollen Puff|p2b: Iron Bundle\n|-heal|p2b: Iron Bundle|100\/100\n|\n|-weather|Snow|[upkeep]\n|upkeep\n|turn|7\n|\n|t:|1684105801\n|move|p1b: Hail Yeah|Protect|p1b: Hail Yeah\n|-singleturn|p1b: Hail Yeah|Protect\n|cant|p1a: BONK|slp\n|move|p2b: Iron Bundle|Freeze-Dry|p1b: Hail Yeah\n|-activate|p1b: Hail Yeah|move: Protect\n|move|p2a: Amoonguss|Spore|p1a: BONK\n|-fail|p1a: BONK|slp\n|\n|-weather|Snow|[upkeep]\n|upkeep\n|turn|8\n|\n|t:|1684105814\n|move|p2b: Iron Bundle|Encore|p1b: Hail Yeah\n|-start|p1b: Hail Yeah|Encore\n|move|p1b: Hail Yeah|Protect||[still]\n|-fail|p1b: Hail Yeah\n|-curestatus|p1a: BONK|slp|[msg]\n|move|p1a: BONK|Kowtow Cleave|p2b: Iron Bundle\n|-damage|p2b: Iron Bundle|63\/100\n|move|p2a: Amoonguss|Spore|p1a: BONK\n|-status|p1a: BONK|slp|[from] move: Spore\n|\n|-weather|Snow|[upkeep]\n|-sideend|p1: dhsib|move: Aurora Veil\n|upkeep\n|turn|9\n|\n|t:|1684105832\n|switch|p1a: Chi-Yu|Chi-Yu, L50, tera:Grass|40\/100\n|-ability|p1a: Chi-Yu|Beads of Ruin\n|move|p1b: Hail Yeah|Protect|p1b: Hail Yeah\n|-singleturn|p1b: Hail Yeah|Protect\n|move|p2b: Iron Bundle|Freeze-Dry|p1b: Hail Yeah\n|-activate|p1b: Hail Yeah|move: Protect\n|move|p2a: Amoonguss|Pollen Puff|p2b: Iron Bundle\n|-heal|p2b: Iron Bundle|100\/100\n|\n|-weather|Snow|[upkeep]\n|upkeep\n|turn|10\n|\n|t:|1684105853\n|switch|p1a: BONK|Kingambit, L50, M, shiny|100\/100 slp\n|move|p1b: Hail Yeah|Protect||[still]\n|-fail|p1b: Hail Yeah\n|move|p2b: Iron Bundle|Freeze-Dry|p1a: BONK\n|-resisted|p1a: BONK\n|-damage|p1a: BONK|90\/100 slp\n|move|p2a: Amoonguss|Clear Smog|p1b: Hail Yeah\n|-supereffective|p1b: Hail Yeah\n|-damage|p1b: Hail Yeah|0 fnt\n|-clearboost|p1b: Hail Yeah\n|faint|p1b: Hail Yeah\n|\n|-weather|none\n|upkeep\n|\n|t:|1684105855\n|switch|p1b: Chi-Yu|Chi-Yu, L50, tera:Grass|40\/100\n|-ability|p1b: Chi-Yu|Beads of Ruin\n|turn|11\n|c|\u2606marioman6444|Ew\n|inactiveoff|Battle timer is now OFF.\n|\n|t:|1684105897\n|move|p2b: Iron Bundle|Freeze-Dry|p1b: Chi-Yu\n|-supereffective|p1b: Chi-Yu\n|-damage|p1b: Chi-Yu|0 fnt\n|faint|p1b: Chi-Yu\n|cant|p1a: BONK|slp\n|move|p2a: Amoonguss|Pollen Puff|p1a: BONK\n|-damage|p1a: BONK|78\/100 slp\n|\n|upkeep\n|turn|12\n|\n|t:|1684105905\n|move|p2a: Amoonguss|Rage Powder|p2a: Amoonguss\n|-singleturn|p2a: Amoonguss|move: Rage Powder\n|move|p2b: Iron Bundle|Hydro Pump|p1a: BONK\n|-damage|p1a: BONK|43\/100 slp\n|cant|p1a: BONK|slp\n|\n|upkeep\n|turn|13\n|-message|dhsib forfeited.\n|\n|win|marioman6444\n|raw|dhsib's rating: 1142 → 1116<\/strong> (-26 for losing)\n|raw|marioman6444's rating: 1123 → 1149<\/strong> (+26 for winning)\n|l|\u2606dhsib\n|c|\u2606marioman6444|Gg\n","uploadtime":1684105917,"views":7,"p1id":"dhsib","p2id":"marioman6444","formatid":"gen9vgc2023regulationc","rating":1116,"private":0,"password":""}