{"id":"gen9vgc2023regulationc-1848426176","p1":"knight8512","p2":"AdriiVGC","format":"[Gen 9] VGC 2023 Regulation C","log":"|j|\u2606knight8512\n|j|\u2606AdriiVGC\n|t:|1682076545\n|gametype|doubles\n|player|p1|knight8512|boarder|1117\n|player|p2|AdriiVGC|169|1125\n|teamsize|p1|6\n|teamsize|p2|6\n|gen|9\n|tier|[Gen 9] VGC 2023 Regulation C\n|rated|\n|rule|Species Clause: Limit one of each Pok\u00e9mon\n|rule|Item Clause: Limit one of each item\n|clearpoke\n|poke|p1|Garchomp, L50, M|\n|poke|p1|Gyarados, L50, F|\n|poke|p1|Flutter Mane, L50|\n|poke|p1|Talonflame, L50, F|\n|poke|p1|Amoonguss, L50, F|\n|poke|p1|Chien-Pao, L50|\n|poke|p2|Wo-Chien, L50|\n|poke|p2|Murkrow, L50, M|\n|poke|p2|Volcarona, L50, M|\n|poke|p2|Iron Hands, L50|\n|poke|p2|Gyarados, L50, F|\n|poke|p2|Froslass, L50, F|\n|teampreview|4\n|\n|t:|1682076604\n|start\n|switch|p1a: Talonflame|Talonflame, L50, F|100\/100\n|switch|p1b: Gyarados|Gyarados, L50, F|100\/100\n|switch|p2a: Car\u00e1mbano Raro|Froslass, L50, F|100\/100\n|switch|p2b: Snakey|Gyarados, L50, F|100\/100\n|-ability|p2b: Snakey|Intimidate|boost\n|-unboost|p1a: Talonflame|atk|1\n|-unboost|p1b: Gyarados|atk|1\n|-ability|p1b: Gyarados|Intimidate|boost\n|-unboost|p2a: Car\u00e1mbano Raro|atk|1\n|-unboost|p2b: Snakey|atk|1\n|turn|1\n|\n|t:|1682076640\n|move|p1a: Talonflame|Tailwind|p1a: Talonflame\n|-sidestart|p1: knight8512|move: Tailwind\n|move|p1b: Gyarados|Thunder Wave|p2a: Car\u00e1mbano Raro\n|-status|p2a: Car\u00e1mbano Raro|par\n|move|p2b: Snakey|Waterfall|p1a: Talonflame\n|-supereffective|p1a: Talonflame\n|-damage|p1a: Talonflame|21\/100\n|move|p2a: Car\u00e1mbano Raro|Will-O-Wisp|p1b: Gyarados\n|-status|p1b: Gyarados|brn\n|\n|-damage|p1b: Gyarados|95\/100 brn|[from] brn\n|upkeep\n|turn|2\n|\n|t:|1682076671\n|switch|p2b: Mi\u00f1o|Murkrow, L50, M|100\/100\n|move|p1a: Talonflame|Taunt|p2b: Mi\u00f1o\n|-start|p2b: Mi\u00f1o|move: Taunt\n|move|p1b: Gyarados|Taunt|p2a: Car\u00e1mbano Raro\n|-start|p2a: Car\u00e1mbano Raro|move: Taunt\n|move|p2a: Car\u00e1mbano Raro|Icy Wind|p1a: Talonflame|[spread] p1a,p1b\n|-damage|p1a: Talonflame|0 fnt\n|-damage|p1b: Gyarados|81\/100 brn\n|-unboost|p1b: Gyarados|spe|1\n|faint|p1a: Talonflame\n|\n|-damage|p1b: Gyarados|75\/100 brn|[from] brn\n|upkeep\n|\n|t:|1682076688\n|switch|p1a: Flutter Mane|Flutter Mane, L50|100\/100\n|turn|3\n|\n|t:|1682076698\n|-terastallize|p1a: Flutter Mane|Fairy\n|move|p1b: Gyarados|Helping Hand|p1a: Flutter Mane\n|-singleturn|p1a: Flutter Mane|Helping Hand|[of] p1b: Gyarados\n|move|p1a: Flutter Mane|Dazzling Gleam|p2b: Mi\u00f1o|[spread] p2a,p2b\n|-supereffective|p2b: Mi\u00f1o\n|-enditem|p2a: Car\u00e1mbano Raro|Focus Sash\n|-damage|p2a: Car\u00e1mbano Raro|1\/100 par\n|-damage|p2b: Mi\u00f1o|0 fnt\n|faint|p2b: Mi\u00f1o\n|cant|p2a: Car\u00e1mbano Raro|par\n|\n|-damage|p1b: Gyarados|69\/100 brn|[from] brn\n|upkeep\n|\n|t:|1682076710\n|switch|p2b: Snakey|Gyarados, L50, F|100\/100\n|-ability|p2b: Snakey|Intimidate|boost\n|-unboost|p1a: Flutter Mane|atk|1\n|-unboost|p1b: Gyarados|atk|1\n|turn|4\n|\n|t:|1682076722\n|move|p1b: Gyarados|Helping Hand|p1a: Flutter Mane\n|-singleturn|p1a: Flutter Mane|Helping Hand|[of] p1b: Gyarados\n|move|p1a: Flutter Mane|Dazzling Gleam|p2a: Car\u00e1mbano Raro|[spread] p2a,p2b\n|-damage|p2a: Car\u00e1mbano Raro|0 fnt\n|-damage|p2b: Snakey|0 fnt\n|faint|p2a: Car\u00e1mbano Raro\n|faint|p2b: Snakey\n|\n|-damage|p1b: Gyarados|63\/100 brn|[from] brn\n|-sideend|p1: knight8512|move: Tailwind\n|upkeep\n|\n|t:|1682076728\n|switch|p2b: Apaleador|Iron Hands, L50|100\/100\n|-enditem|p2b: Apaleador|Booster Energy\n|-activate|p2b: Apaleador|ability: Quark Drive|[fromitem]\n|-start|p2b: Apaleador|quarkdriveatk\n|turn|5\n|\n|t:|1682076747\n|switch|p1b: Garchomp|Garchomp, L50, M|100\/100\n|move|p1a: Flutter Mane|Dazzling Gleam|p2b: Apaleador\n|-supereffective|p2b: Apaleador\n|-damage|p2b: Apaleador|0 fnt\n|faint|p2b: Apaleador\n|-end|p2b: Apaleador|Quark Drive|[silent]\n|\n|win|knight8512\n|raw|knight8512's rating: 1117 → 1143<\/strong> (+26 for winning)\n|raw|AdriiVGC's rating: 1125 → 1099<\/strong> (-26 for losing)\n|l|\u2606AdriiVGC\n|l|\u2606knight8512\n|j|\u2606knight8512\n|player|p1|knight8512|boarder\n","uploadtime":1682077263,"views":17,"p1id":"knight8512","p2id":"adriivgc","formatid":"gen9vgc2023regulationc","rating":1099,"private":0,"password":""}