{"id":"gen9vgc2023regulationc-1845208297","p1":"DinoMike130","p2":"RyanIsAPokeMaster","format":"[Gen 9] VGC 2023 Regulation C","log":"|j|\u2606DinoMike130\n|j|\u2606RyanIsAPokeMaster\n|t:|1681696534\n|gametype|doubles\n|player|p1|DinoMike130|veteran|1312\n|player|p2|RyanIsAPokeMaster|169|1381\n|teamsize|p1|6\n|teamsize|p2|6\n|gen|9\n|tier|[Gen 9] VGC 2023 Regulation C\n|rated|\n|rule|Species Clause: Limit one of each Pok\u00e9mon\n|rule|Item Clause: Limit one of each item\n|clearpoke\n|poke|p1|Pelipper, L50, F|\n|poke|p1|Drednaw, L50, F|\n|poke|p1|Chien-Pao, L50|\n|poke|p1|Torkoal, L50, F|\n|poke|p1|Great Tusk, L50|\n|poke|p1|Brute Bonnet, L50|\n|poke|p2|Lycanroc, L50, M|\n|poke|p2|Tyranitar, L50, F|\n|poke|p2|Flutter Mane, L50|\n|poke|p2|Palafin, L50, F|\n|poke|p2|Scizor, L50, F|\n|poke|p2|Arcanine, L50, F|\n|teampreview|4\n|\n|t:|1681696580\n|start\n|switch|p1a: Torkoal|Torkoal, L50, F|100\/100\n|switch|p1b: Brute Bonnet|Brute Bonnet, L50|100\/100\n|switch|p2a: Lycanroc|Lycanroc, L50, M|100\/100\n|switch|p2b: Tyranitar|Tyranitar, L50, F|100\/100\n|-weather|Sandstorm|[from] ability: Sand Stream|[of] p2b: Tyranitar\n|-weather|SunnyDay|[from] ability: Drought|[of] p1a: Torkoal\n|-activate|p1b: Brute Bonnet|ability: Protosynthesis\n|-start|p1b: Brute Bonnet|protosynthesisatk\n|turn|1\n|\n|t:|1681696617\n|-terastallize|p2b: Tyranitar|Flying\n|-terastallize|p1b: Brute Bonnet|Poison\n|move|p1a: Torkoal|Protect|p1a: Torkoal\n|-singleturn|p1a: Torkoal|Protect\n|move|p2a: Lycanroc|Rock Slide|p1b: Brute Bonnet|[spread] \n|-activate|p1a: Torkoal|move: Protect\n|-miss|p2a: Lycanroc|p1b: Brute Bonnet\n|move|p2b: Tyranitar|Tera Blast|p1b: Brute Bonnet\n|-damage|p1b: Brute Bonnet|64\/100\n|move|p1b: Brute Bonnet|Bullet Seed|p2a: Lycanroc\n|-supereffective|p2a: Lycanroc\n|-damage|p2a: Lycanroc|44\/100\n|-supereffective|p2a: Lycanroc\n|-damage|p2a: Lycanroc|0 fnt\n|faint|p2a: Lycanroc\n|-hitcount|p2: Lycanroc|2\n|\n|-weather|SunnyDay|[upkeep]\n|upkeep\n|\n|t:|1681696638\n|switch|p2a: Arcanine|Arcanine, L50, F|100\/100\n|-ability|p2a: Arcanine|Intimidate|boost\n|-unboost|p1a: Torkoal|atk|1\n|-unboost|p1b: Brute Bonnet|atk|1\n|turn|2\n|\n|t:|1681696657\n|move|p1a: Torkoal|Helping Hand|p1b: Brute Bonnet\n|-singleturn|p1b: Brute Bonnet|Helping Hand|[of] p1a: Torkoal\n|move|p2a: Arcanine|Protect|p2a: Arcanine\n|-singleturn|p2a: Arcanine|Protect\n|move|p2b: Tyranitar|Earthquake|p1b: Brute Bonnet|[spread] p1a,p1b\n|-activate|p2a: Arcanine|move: Protect\n|-supereffective|p1a: Torkoal\n|-supereffective|p1b: Brute Bonnet\n|-damage|p1a: Torkoal|58\/100\n|-damage|p1b: Brute Bonnet|12\/100\n|move|p1b: Brute Bonnet|Bullet Seed|p2b: Tyranitar\n|-resisted|p2b: Tyranitar\n|-damage|p2b: Tyranitar|94\/100\n|-resisted|p2b: Tyranitar\n|-damage|p2b: Tyranitar|87\/100\n|-resisted|p2b: Tyranitar\n|-damage|p2b: Tyranitar|81\/100\n|-resisted|p2b: Tyranitar\n|-damage|p2b: Tyranitar|73\/100\n|-resisted|p2b: Tyranitar\n|-damage|p2b: Tyranitar|66\/100\n|-hitcount|p2b: Tyranitar|5\n|\n|-weather|SunnyDay|[upkeep]\n|-heal|p1a: Torkoal|64\/100|[from] item: Leftovers\n|upkeep\n|turn|3\n|\n|t:|1681696694\n|move|p2a: Arcanine|Extreme Speed|p1b: Brute Bonnet\n|-damage|p1b: Brute Bonnet|0 fnt\n|faint|p1b: Brute Bonnet\n|-end|p1b: Brute Bonnet|Protosynthesis|[silent]\n|move|p2b: Tyranitar|Rock Slide|p1a: Torkoal\n|-supereffective|p1a: Torkoal\n|-damage|p1a: Torkoal|0 fnt\n|faint|p1a: Torkoal\n|\n|-weather|SunnyDay|[upkeep]\n|upkeep\n|\n|t:|1681696703\n|switch|p1b: Drednaw|Drednaw, L50, F|100\/100\n|switch|p1a: Great Tusk|Great Tusk, L50|100\/100\n|-activate|p1a: Great Tusk|ability: Protosynthesis\n|-start|p1a: Great Tusk|protosynthesisatk\n|turn|4\n|\n|t:|1681696726\n|move|p1a: Great Tusk|Headlong Rush|p2a: Arcanine\n|-supereffective|p2a: Arcanine\n|-damage|p2a: Arcanine|0 fnt\n|-unboost|p1a: Great Tusk|def|1\n|-unboost|p1a: Great Tusk|spd|1\n|faint|p2a: Arcanine\n|move|p1b: Drednaw|Rock Slide|p2b: Tyranitar\n|-supereffective|p2b: Tyranitar\n|-damage|p2b: Tyranitar|0 fnt\n|faint|p2b: Tyranitar\n|-damage|p1b: Drednaw|91\/100|[from] item: Life Orb\n|\n|-weather|SunnyDay|[upkeep]\n|upkeep\n|\n|t:|1681696741\n|switch|p2b: Flutter Mane|Flutter Mane, L50|100\/100\n|-activate|p2b: Flutter Mane|ability: Protosynthesis\n|-start|p2b: Flutter Mane|protosynthesisspa\n|turn|5\n|\n|t:|1681696766\n|move|p2b: Flutter Mane|Moonblast|p1a: Great Tusk\n|-supereffective|p1a: Great Tusk\n|-damage|p1a: Great Tusk|0 fnt\n|faint|p1a: Great Tusk\n|-end|p1a: Great Tusk|Protosynthesis|[silent]\n|move|p1b: Drednaw|Rock Slide|p2b: Flutter Mane|[miss]\n|-miss|p1b: Drednaw|p2b: Flutter Mane\n|\n|-weather|none\n|-end|p2b: Flutter Mane|Protosynthesis\n|upkeep\n|turn|6\n|\n|t:|1681696777\n|move|p2b: Flutter Mane|Moonblast|p1b: Drednaw\n|-damage|p1b: Drednaw|0 fnt\n|faint|p1b: Drednaw\n|\n|win|RyanIsAPokeMaster\n|raw|DinoMike130's rating: 1312 → 1296<\/strong> (-16 for losing)\n|raw|RyanIsAPokeMaster's rating: 1381 → 1397<\/strong> (+16 for winning)\n|c|\u2606RyanIsAPokeMaster|gg\n|c|\u2606DinoMike130|gg\n","uploadtime":1681696787,"views":15,"p1id":"dinomike130","p2id":"ryanisapokemaster","formatid":"gen9vgc2023regulationc","rating":1296,"private":0,"password":""}