{"id":"gen9vgc2023regulationc-1848842708","p1":"Entrenador2806","p2":"ralphieadad","format":"[Gen 9] VGC 2023 Regulation C","log":"|j|\u2606Entrenador2806\n|j|\u2606ralphieadad\n|t:|1682116448\n|gametype|doubles\n|player|p1|Entrenador2806|2|1124\n|player|p2|ralphieadad|alder|1104\n|teamsize|p1|6\n|teamsize|p2|6\n|gen|9\n|tier|[Gen 9] VGC 2023 Regulation C\n|rated|\n|rule|Species Clause: Limit one of each Pok\u00e9mon\n|rule|Item Clause: Limit one of each item\n|clearpoke\n|poke|p1|Flutter Mane, L50|\n|poke|p1|Arcanine, L50, M|\n|poke|p1|Palafin, L50, F|\n|poke|p1|Amoonguss, L50, M|\n|poke|p1|Ting-Lu, L50|\n|poke|p1|Corviknight, L50, M|\n|poke|p2|Tinkaton, L50, F|\n|poke|p2|Tsareena, L50, F|\n|poke|p2|Flutter Mane, L50|\n|poke|p2|Arcanine, L50, F|\n|poke|p2|Iron Bundle, L50|\n|poke|p2|Corviknight, L50, M|\n|teampreview|4\nEntrenador2806 has agreed to open team sheets.\n|\n|t:|1682116496\n|start\n|switch|p1a: Arcanine|Arcanine, L50, M|100\/100\n|switch|p1b: Corviknight|Corviknight, L50, M|100\/100\n|switch|p2a: Corviknight|Corviknight, L50, M|100\/100\n|switch|p2b: Tinkaton|Tinkaton, L50, F|100\/100\n|-ability|p1a: Arcanine|Intimidate|boost\n|-ability|p2a: Corviknight|Mirror Armor\n|-unboost|p1a: Arcanine|atk|1\n|-fail|p2b: Tinkaton|unboost|Attack|[from] ability: Own Tempo|[of] p2b: Tinkaton\n|turn|1\n|inactive|Battle timer is ON: inactive players will automatically lose when time's up. (requested by ralphieadad)\n|inactive|Entrenador2806 has 60 seconds left.\n|inactive|Entrenador2806 has 30 seconds left.\n|inactive|Entrenador2806 has 20 seconds left.\n|inactive|Entrenador2806 has 15 seconds left.\n|\n|t:|1682116618\n|-terastallize|p2b: Tinkaton|Water\n|move|p1a: Arcanine|Howl|p1a: Arcanine|[spread] p1a,p1b\n|-boost|p1a: Arcanine|atk|1\n|-boost|p1b: Corviknight|atk|1\n|move|p2b: Tinkaton|Swords Dance|p2b: Tinkaton\n|-boost|p2b: Tinkaton|atk|2\n|move|p1b: Corviknight|Tailwind|p1b: Corviknight\n|-sidestart|p1: Entrenador2806|move: Tailwind\n|move|p2a: Corviknight|Tailwind|p2a: Corviknight\n|-sidestart|p2: ralphieadad|move: Tailwind\n|\n|upkeep\n|turn|2\n|inactive|Entrenador2806 has 30 seconds left.\n|inactive|ralphieadad has 30 seconds left.\n|inactive|Entrenador2806 has 20 seconds left.\n|inactive|ralphieadad has 20 seconds left.\n|inactive|Entrenador2806 has 15 seconds left.\n|inactive|Entrenador2806 has 10 seconds left.\n|\n|t:|1682116665\n|move|p1a: Arcanine|Will-O-Wisp|p2b: Tinkaton\n|-status|p2b: Tinkaton|brn\n|-enditem|p2b: Tinkaton|Lum Berry|[eat]\n|-curestatus|p2b: Tinkaton|brn|[msg]\n|move|p2b: Tinkaton|Knock Off|p1a: Arcanine\n|-damage|p1a: Arcanine|54\/100\n|-enditem|p1a: Arcanine|Safety Goggles|[from] move: Knock Off|[of] p2b: Tinkaton\n|move|p1b: Corviknight|Brave Bird|p2b: Tinkaton\n|-damage|p2b: Tinkaton|35\/100\n|-damage|p1b: Corviknight|81\/100|[from] Recoil\n|move|p2a: Corviknight|U-turn|p1a: Arcanine\n|-resisted|p1a: Arcanine\n|-damage|p1a: Arcanine|47\/100\n|\n|t:|1682116679\n|switch|p2a: Iron Bundle|Iron Bundle, L50|100\/100|[from] U-turn\n|-enditem|p2a: Iron Bundle|Booster Energy\n|-activate|p2a: Iron Bundle|ability: Quark Drive|[fromitem]\n|-start|p2a: Iron Bundle|quarkdrivespe\n|\n|upkeep\n|turn|3\n|inactive|Entrenador2806 has 30 seconds left.\n|inactive|Entrenador2806 has 20 seconds left.\n|inactive|Entrenador2806 has 15 seconds left.\n|inactive|Entrenador2806 has 10 seconds left.\n|inactive|Entrenador2806 has 5 seconds left.\n|\n|t:|1682116733\n|switch|p1a: Amoonguss|Amoonguss, L50, M, shiny|100\/100\n|move|p2a: Iron Bundle|Hydro Pump|p1a: Amoonguss\n|-resisted|p1a: Amoonguss\n|-crit|p1a: Amoonguss\n|-damage|p1a: Amoonguss|61\/100\n|move|p2b: Tinkaton|Gigaton Hammer|p1b: Corviknight\n|-resisted|p1b: Corviknight\n|-crit|p1b: Corviknight\n|-damage|p1b: Corviknight|17\/100\n|move|p1b: Corviknight|Brave Bird|p2b: Tinkaton\n|-damage|p2b: Tinkaton|0 fnt\n|faint|p2b: Tinkaton\n|-damage|p1b: Corviknight|7\/100|[from] Recoil\n|\n|upkeep\n|\n|t:|1682116750\n|switch|p2b: Corviknight|Corviknight, L50, M|100\/100\n|turn|4\n|inactive|Entrenador2806 has 30 seconds left.\n|inactive|Entrenador2806 has 20 seconds left.\n|inactive|Entrenador2806 has 15 seconds left.\n|inactive|Entrenador2806 has 10 seconds left.\n|\n|t:|1682116800\n|-terastallize|p1a: Amoonguss|Water\n|move|p2a: Iron Bundle|Freeze-Dry|p1a: Amoonguss\n|-supereffective|p1a: Amoonguss\n|-damage|p1a: Amoonguss|0 fnt\n|faint|p1a: Amoonguss\n|move|p1b: Corviknight|Iron Head|p2a: Iron Bundle\n|-damage|p2a: Iron Bundle|50\/100\n|move|p2b: Corviknight|Brave Bird|p1b: Corviknight\n|-resisted|p1b: Corviknight\n|-damage|p1b: Corviknight|0 fnt\n|faint|p1b: Corviknight\n|-damage|p2b: Corviknight|99\/100|[from] Recoil\n|\n|-heal|p2b: Corviknight|100\/100|[from] item: Leftovers\n|-sideend|p2: ralphieadad|move: Tailwind\n|-sideend|p1: Entrenador2806|move: Tailwind\n|upkeep\n|\n|t:|1682116814\n|switch|p1b: Arcanine|Arcanine, L50, M|47\/100\n|switch|p1a: Flutter Mane|Flutter Mane, L50|100\/100\n|-ability|p1b: Arcanine|Intimidate|boost\n|-unboost|p2a: Iron Bundle|atk|1\n|-ability|p2b: Corviknight|Mirror Armor\n|-unboost|p1b: Arcanine|atk|1\n|-enditem|p1a: Flutter Mane|Booster Energy\n|-activate|p1a: Flutter Mane|ability: Protosynthesis|[fromitem]\n|-start|p1a: Flutter Mane|protosynthesisspa\n|turn|5\n|inactive|Entrenador2806 has 30 seconds left.\n|\n|t:|1682116845\n|move|p2a: Iron Bundle|Hydro Pump|p1a: Flutter Mane\n|-damage|p1a: Flutter Mane|48\/100\n|move|p1a: Flutter Mane|Shadow Ball|p2a: Iron Bundle\n|-damage|p2a: Iron Bundle|0 fnt\n|faint|p2a: Iron Bundle\n|-end|p2a: Iron Bundle|Quark Drive|[silent]\n|move|p1b: Arcanine|Flare Blitz|p2b: Corviknight\n|-supereffective|p2b: Corviknight\n|-damage|p2b: Corviknight|41\/100\n|-damage|p1b: Arcanine|26\/100|[from] Recoil\n|move|p2b: Corviknight|Brave Bird|p1a: Flutter Mane\n|-damage|p1a: Flutter Mane|0 fnt\n|faint|p1a: Flutter Mane\n|-end|p1a: Flutter Mane|Protosynthesis|[silent]\n|-damage|p2b: Corviknight|30\/100|[from] Recoil\n|\n|-heal|p2b: Corviknight|36\/100|[from] item: Leftovers\n|upkeep\n|\n|t:|1682116857\n|switch|p2a: Tsareena|Tsareena, L50, F, shiny|100\/100\n|turn|6\n|\n|t:|1682116868\n|move|p1b: Arcanine|Flare Blitz|p2b: Corviknight\n|-supereffective|p2b: Corviknight\n|-damage|p2b: Corviknight|0 fnt\n|faint|p2b: Corviknight\n|-damage|p1b: Arcanine|14\/100|[from] Recoil\n|move|p2a: Tsareena|Trop Kick|p1b: Arcanine\n|-resisted|p1b: Arcanine\n|-damage|p1b: Arcanine|0 fnt\n|faint|p1b: Arcanine\n|\n|win|ralphieadad\n|raw|Entrenador2806's rating: 1124 → 1098<\/strong> (-26 for losing)\n|raw|ralphieadad's rating: 1104 → 1130<\/strong> (+26 for winning)\n|l|\u2606ralphieadad\n","uploadtime":1682116880,"views":6,"p1id":"entrenador2806","p2id":"ralphieadad","formatid":"gen9vgc2023regulationc","rating":1098,"private":0,"password":""}