{"id":"gen9vgc2023regulationc-1862279749","p1":"Calogre","p2":"massan2580","format":"[Gen 9] VGC 2023 Regulation C","log":"|j|\u2606Calogre\n|j|\u2606massan2580\n|t:|1683858987\n|gametype|doubles\n|player|p1|Calogre|169|1661\n|player|p2|massan2580|2|1701\n|teamsize|p1|6\n|teamsize|p2|6\n|gen|9\n|tier|[Gen 9] VGC 2023 Regulation C\n|rated|\n|rule|Species Clause: Limit one of each Pok\u00e9mon\n|rule|Item Clause: Limit one of each item\n|clearpoke\n|poke|p1|Amoonguss, L50, M|\n|poke|p1|Talonflame, L50, F|\n|poke|p1|Flutter Mane, L50|\n|poke|p1|Great Tusk, L50|\n|poke|p1|Garganacl, L50, M|\n|poke|p1|Torkoal, L50, M|\n|poke|p2|Glimmora, L50, F|\n|poke|p2|Dragonite, L50, F|\n|poke|p2|Ting-Lu, L50|\n|poke|p2|Annihilape, L50, M|\n|poke|p2|Chien-Pao, L50|\n|poke|p2|Talonflame, L50, M|\n|teampreview|4\n|inactive|Battle timer is ON: inactive players will automatically lose when time's up. (requested by Calogre)\n|j| Kariami\n|\n|t:|1683859010\n|start\n|switch|p1a: Lighting mcqueen|Flutter Mane, L50|100\/100\n|switch|p1b: Manny|Great Tusk, L50|100\/100\n|switch|p2a: Talonflame|Talonflame, L50, M|100\/100\n|switch|p2b: Glimmora|Glimmora, L50, F|100\/100\n|turn|1\n|inactive|massan2580 has 30 seconds left.\n|\n|t:|1683859036\n|-end|p1b: Manny|Protosynthesis|[silent]\n|switch|p1b: Hot rock|Torkoal, L50, M|100\/100\n|-weather|SunnyDay|[from] ability: Drought|[of] p1b: Hot rock\n|-activate|p1a: Lighting mcqueen|ability: Protosynthesis\n|-start|p1a: Lighting mcqueen|protosynthesisspa\n|move|p2a: Talonflame|Tailwind|p2a: Talonflame\n|-sidestart|p2: massan2580|move: Tailwind\n|move|p2b: Glimmora|Energy Ball|p1b: Hot rock\n|-resisted|p1b: Hot rock\n|-damage|p1b: Hot rock|80\/100\n|move|p1a: Lighting mcqueen|Trick Room|p1a: Lighting mcqueen\n|-fieldstart|move: Trick Room|[of] p1a: Lighting mcqueen\n|\n|-weather|SunnyDay|[upkeep]\n|upkeep\n|turn|2\n|j| MillerH33\n|inactive|massan2580 has 30 seconds left.\n|\n|t:|1683859062\n|move|p2a: Talonflame|Brave Bird|p1a: Lighting mcqueen\n|-damage|p1a: Lighting mcqueen|41\/100\n|-damage|p2a: Talonflame|83\/100|[from] Recoil\n|move|p1b: Hot rock|Heat Wave|p2a: Talonflame|[spread] p2b\n|-miss|p1b: Hot rock|p2a: Talonflame\n|-resisted|p2b: Glimmora\n|-damage|p2b: Glimmora|77\/100\n|move|p1a: Lighting mcqueen|Dazzling Gleam|p2b: Glimmora|[spread] p2a,p2b\n|-resisted|p2a: Talonflame\n|-resisted|p2b: Glimmora\n|-damage|p2a: Talonflame|56\/100\n|-damage|p2b: Glimmora|58\/100\n|move|p2b: Glimmora|Power Gem|p1b: Hot rock\n|-supereffective|p1b: Hot rock\n|-damage|p1b: Hot rock|0 fnt\n|faint|p1b: Hot rock\n|\n|-weather|SunnyDay|[upkeep]\n|upkeep\n|j| Therazer456\n|\n|t:|1683859084\n|switch|p1b: Dwayne|Garganacl, L50, M|100\/100\n|turn|3\n|\n|t:|1683859102\n|move|p1b: Dwayne|Salt Cure|p2a: Talonflame\n|-supereffective|p2a: Talonflame\n|-damage|p2a: Talonflame|0 fnt\n|faint|p2a: Talonflame\n|move|p1a: Lighting mcqueen|Shadow Ball|p2b: Glimmora\n|-damage|p2b: Glimmora|16\/100\n|move|p2b: Glimmora|Energy Ball|p1b: Dwayne\n|-supereffective|p1b: Dwayne\n|-damage|p1b: Dwayne|44\/100\n|\n|-weather|SunnyDay|[upkeep]\n|-heal|p1b: Dwayne|50\/100|[from] item: Leftovers\n|upkeep\n|inactive|massan2580 has 30 seconds left.\n|\n|t:|1683859132\n|switch|p2a: Chien-Pao|Chien-Pao, L50|100\/100\n|-ability|p2a: Chien-Pao|Sword of Ruin\n|turn|4\n|inactive|Calogre has 30 seconds left.\n|\n|t:|1683859164\n|-terastallize|p1b: Dwayne|Grass\n|move|p1a: Lighting mcqueen|Protect|p1a: Lighting mcqueen\n|-singleturn|p1a: Lighting mcqueen|Protect\n|move|p2a: Chien-Pao|Sucker Punch||[still]\n|-fail|p2a: Chien-Pao\n|move|p1b: Dwayne|Salt Cure|p2a: Chien-Pao\n|-supereffective|p2a: Chien-Pao\n|-damage|p2a: Chien-Pao|58\/100\n|-start|p2a: Chien-Pao|Salt Cure\n|move|p2b: Glimmora|Energy Ball|p1b: Dwayne\n|-resisted|p1b: Dwayne\n|-damage|p1b: Dwayne|35\/100\n|\n|-weather|SunnyDay|[upkeep]\n|-heal|p1b: Dwayne|41\/100|[from] item: Leftovers\n|-damage|p2a: Chien-Pao|46\/100|[from] Salt Cure\n|-sideend|p2: massan2580|move: Tailwind\n|upkeep\n|turn|5\n|inactive|massan2580 has 30 seconds left.\n|inactive|massan2580 has 20 seconds left.\n|inactive|massan2580 has 15 seconds left.\n|\n|t:|1683859208\n|move|p2a: Chien-Pao|Protect|p2a: Chien-Pao\n|-singleturn|p2a: Chien-Pao|Protect\n|move|p1b: Dwayne|Salt Cure|p2a: Chien-Pao\n|-activate|p2a: Chien-Pao|move: Protect\n|move|p2b: Glimmora|Sludge Bomb|p1b: Dwayne\n|-supereffective|p1b: Dwayne\n|-damage|p1b: Dwayne|0 fnt\n|faint|p1b: Dwayne\n|move|p1a: Lighting mcqueen|Dazzling Gleam|p2a: Chien-Pao|[spread] p2b\n|-activate|p2a: Chien-Pao|move: Protect\n|-resisted|p2b: Glimmora\n|-damage|p2b: Glimmora|0 fnt\n|faint|p2b: Glimmora\n|\n|-weather|none\n|-end|p1a: Lighting mcqueen|Protosynthesis\n|-damage|p2a: Chien-Pao|33\/100|[from] Salt Cure\n|-fieldend|move: Trick Room\n|upkeep\n|inactive|Calogre has 30 seconds left.\n|\n|t:|1683859233\n|switch|p2b: Dragonite|Dragonite, L50, F|100\/100\n|switch|p1b: Manny|Great Tusk, L50|100\/100\n|turn|6\n|c|\u2606Calogre|Iron ball glimora?\n|inactive|Calogre has 30 seconds left.\n|inactive|Calogre has 20 seconds left.\n|\n|t:|1683859269\n|-terastallize|p2b: Dragonite|Flying\n|move|p2a: Chien-Pao|Ice Spinner|p1b: Manny\n|-supereffective|p1b: Manny\n|-damage|p1b: Manny|28\/100\n|move|p1a: Lighting mcqueen|Dazzling Gleam|p2b: Dragonite|[spread] p2a,p2b\n|-supereffective|p2a: Chien-Pao\n|-damage|p2a: Chien-Pao|0 fnt\n|-damage|p2b: Dragonite|84\/100\n|faint|p2a: Chien-Pao\n|move|p1b: Manny|Rock Slide|p2b: Dragonite\n|-supereffective|p2b: Dragonite\n|-damage|p2b: Dragonite|31\/100\n|move|p2b: Dragonite|Tera Blast|p1b: Manny\n|-supereffective|p1b: Manny\n|-damage|p1b: Manny|0 fnt\n|faint|p1b: Manny\n|-end|p1b: Manny|Protosynthesis|[silent]\n|\n|upkeep\n|turn|7\n|\n|t:|1683859288\n|move|p1a: Lighting mcqueen|Shadow Ball|p2b: Dragonite\n|-damage|p2b: Dragonite|0 fnt\n|faint|p2b: Dragonite\n|\n|win|Calogre\n|raw|Calogre's rating: 1661 → 1683<\/strong> (+22 for winning)\n|raw|massan2580's rating: 1701 → 1679<\/strong> (-22 for losing)\n|l|\u2606massan2580\n|l|\u2606Calogre\n|l| Therazer456\n","uploadtime":1683859468,"views":13,"p1id":"calogre","p2id":"massan2580","formatid":"gen9vgc2023regulationc","rating":1679,"private":0,"password":""}