{"id":"gen9vgc2023regulationc-1863271276","p1":"judevgc","p2":"Bacon204","format":"[Gen 9] VGC 2023 Regulation C","log":"|j|\u2606judevgc\n|j|\u2606Bacon204\n|t:|1683996211\n|gametype|doubles\n|player|p1|judevgc|falkner|\n|player|p2|Bacon204|2|\n|teamsize|p1|6\n|teamsize|p2|6\n|gen|9\n|tier|[Gen 9] VGC 2023 Regulation C\n|rule|Species Clause: Limit one of each Pok\u00e9mon\n|rule|Item Clause: Limit one of each item\n|clearpoke\n|poke|p1|Roaring Moon, L50|\n|poke|p1|Tauros-Paldea-Aqua, L50, M|\n|poke|p1|Glimmora, L50, F|\n|poke|p1|Floette-Blue, L50, F|\n|poke|p1|Indeedee-F, L50, F|\n|poke|p1|Brambleghast, L50, M|\n|poke|p2|Ting-Lu, L50|\n|poke|p2|Florges, L50, F|\n|poke|p2|Volcarona, L50, F|\n|poke|p2|Dudunsparce-*, L50, M|\n|poke|p2|Raichu, L50, F|\n|poke|p2|Gyarados, L50, M|\n|teampreview|4\n|c|\u2606Bacon204|gl hf\n|c|\u2606judevgc|lets open all three\n|c|\u2606Bacon204|k\n|j| eshe0\njudevgc rejected open team sheets.\n|c|\u2606judevgc|glhf\n|c|\u2606judevgc|g1\n|\n|t:|1683996374\n|start\n|switch|p1a: Glimmora|Glimmora, L50, F|100\/100\n|switch|p1b: Floette|Floette-Blue, L50, F|100\/100\n|switch|p2a: Florges|Florges, L50, F|100\/100\n|switch|p2b: Gyarados|Gyarados, L50, M|100\/100\n|-ability|p2b: Gyarados|Intimidate|boost\n|-unboost|p1a: Glimmora|atk|1\n|-unboost|p1b: Floette|atk|1\n|turn|1\n|\n|t:|1683996416\n|switch|p2a: Ting-Lu|Ting-Lu, L50|100\/100\n|-ability|p2a: Ting-Lu|Vessel of Ruin\n|move|p1a: Glimmora|Mortal Spin|p2b: Gyarados|[spread] p2a,p2b\n|-resisted|p2a: Ting-Lu\n|-damage|p2a: Ting-Lu|99\/100\n|-damage|p2b: Gyarados|98\/100\n|-status|p2a: Ting-Lu|psn\n|-status|p2b: Gyarados|psn\n|move|p2b: Gyarados|Dragon Dance|p2b: Gyarados\n|-boost|p2b: Gyarados|atk|1\n|-boost|p2b: Gyarados|spe|1\n|move|p1b: Floette|Trailblaze|p1a: Glimmora\n|-damage|p1a: Glimmora|96\/100\n|-boost|p1b: Floette|spe|1\n|-activate|p1a: Glimmora|ability: Toxic Debris\n|-sidestart|p2: Bacon204|move: Toxic Spikes\n|-enditem|p1a: Glimmora|Eject Button\n|\n|t:|1683996439\n|switch|p1a: Brambleghast|Brambleghast, L50, M|100\/100\n|\n|-damage|p2b: Gyarados|85\/100 psn|[from] psn\n|-damage|p2a: Ting-Lu|87\/100 psn|[from] psn\n|upkeep\n|turn|2\n|\n|t:|1683996480\n|move|p1a: Brambleghast|Protect|p1a: Brambleghast\n|-singleturn|p1a: Brambleghast|Protect\n|move|p2b: Gyarados|Crunch|p1a: Brambleghast\n|-activate|p1a: Brambleghast|move: Protect\n|move|p1b: Floette|Tearful Look|p2b: Gyarados\n|-unboost|p2b: Gyarados|atk|1\n|-unboost|p2b: Gyarados|spa|1\n|move|p2a: Ting-Lu|Stomping Tantrum|p1b: Floette\n|-damage|p1b: Floette|76\/100\n|\n|-damage|p2b: Gyarados|73\/100 psn|[from] psn\n|-damage|p2a: Ting-Lu|75\/100 psn|[from] psn\n|upkeep\n|turn|3\n|\n|t:|1683996549\n|move|p2b: Gyarados|Crunch|p1a: Brambleghast\n|-supereffective|p1a: Brambleghast\n|-damage|p1a: Brambleghast|0 fnt\n|faint|p1a: Brambleghast\n|-damage|p2b: Gyarados|63\/100 psn|[from] item: Life Orb\n|move|p1b: Floette|Petal Blizzard|p2a: Ting-Lu|[spread] p2a,p2b\n|-supereffective|p2a: Ting-Lu\n|-damage|p2a: Ting-Lu|70\/100 psn\n|-damage|p2b: Gyarados|58\/100 psn\n|move|p2a: Ting-Lu|Ruination|p1b: Floette\n|-damage|p1b: Floette|39\/100\n|\n|-damage|p2b: Gyarados|46\/100 psn|[from] psn\n|-damage|p2a: Ting-Lu|58\/100 psn|[from] psn\n|upkeep\n|\n|t:|1683996562\n|switch|p1a: Roaring Moon|Roaring Moon, L50|100\/100\n|-enditem|p1a: Roaring Moon|Booster Energy\n|-activate|p1a: Roaring Moon|ability: Protosynthesis|[fromitem]\n|-start|p1a: Roaring Moon|protosynthesisatk\n|turn|4\n|j| Blaziken Blazers\n|\n|t:|1683996653\n|-terastallize|p1a: Roaring Moon|Flying\n|move|p1a: Roaring Moon|Acrobatics|p2a: Ting-Lu\n|-damage|p2a: Ting-Lu|25\/100 psn\n|move|p2b: Gyarados|Waterfall|p1b: Floette\n|-damage|p1b: Floette|0 fnt\n|faint|p1b: Floette\n|-damage|p2b: Gyarados|36\/100 psn|[from] item: Life Orb\n|move|p2a: Ting-Lu|Ruination|p1a: Roaring Moon\n|-damage|p1a: Roaring Moon|51\/100\n|\n|-damage|p2b: Gyarados|23\/100 psn|[from] psn\n|-damage|p2a: Ting-Lu|13\/100 psn|[from] psn\n|upkeep\n|\n|t:|1683996663\n|switch|p1b: Glimmora|Glimmora, L50, F|96\/100\n|turn|5\n|\n|t:|1683996690\n|move|p1b: Glimmora|Spiky Shield|p1b: Glimmora\n|-singleturn|p1b: Glimmora|move: Protect\n|move|p1a: Roaring Moon|Tailwind|p1a: Roaring Moon\n|-sidestart|p1: judevgc|move: Tailwind\n|move|p2b: Gyarados|Waterfall|p1a: Roaring Moon\n|-damage|p1a: Roaring Moon|0 fnt\n|faint|p1a: Roaring Moon\n|-end|p1a: Roaring Moon|Protosynthesis|[silent]\n|-damage|p2b: Gyarados|13\/100 psn|[from] item: Life Orb\n|move|p2a: Ting-Lu|Stomping Tantrum|p1b: Glimmora\n|-activate|p1b: Glimmora|move: Protect\n|-damage|p2a: Ting-Lu|0 fnt|[from] Spiky Shield|[of] p1b: Glimmora\n|faint|p2a: Ting-Lu\n|\n|-damage|p2b: Gyarados|1\/100 psn|[from] psn\n|upkeep\n|\n|t:|1683996705\n|switch|p2a: Dudunsparce|Dudunsparce, L50, M|100\/100\n|-status|p2a: Dudunsparce|psn\n|turn|6\n|\n|t:|1683996723\n|move|p1b: Glimmora|Mortal Spin|p2b: Gyarados|[spread] p2a,p2b\n|-damage|p2a: Dudunsparce|97\/100 psn\n|-damage|p2b: Gyarados|0 fnt\n|faint|p2b: Gyarados\n|move|p2a: Dudunsparce|Hyper Drill|p1b: Glimmora\n|-resisted|p1b: Glimmora\n|-damage|p1b: Glimmora|73\/100\n|-activate|p1b: Glimmora|ability: Toxic Debris\n|-sidestart|p2: Bacon204|move: Toxic Spikes\n|\n|-damage|p2a: Dudunsparce|84\/100 psn|[from] psn\n|upkeep\n|\n|t:|1683996743\n|switch|p2b: Florges|Florges, L50, F|100\/100\n|-status|p2b: Florges|tox\n|turn|7\n|c| eshe0|if dudunsparce hyperdrills a spiky shield does it take damage?\n|\n|t:|1683996754\n|move|p2b: Florges|Protect|p2b: Florges\n|-singleturn|p2b: Florges|Protect\n|move|p1b: Glimmora|Sludge Bomb|p2a: Dudunsparce\n|-damage|p2a: Dudunsparce|41\/100 psn\n|-enditem|p2a: Dudunsparce|Sitrus Berry|[eat]\n|-heal|p2a: Dudunsparce|66\/100 psn|[from] item: Sitrus Berry\n|move|p2a: Dudunsparce|Yawn|p1b: Glimmora\n|-start|p1b: Glimmora|move: Yawn|[of] p2a: Dudunsparce\n|\n|-damage|p2b: Florges|95\/100 tox|[from] psn\n|-damage|p2a: Dudunsparce|54\/100 psn|[from] psn\n|upkeep\n|turn|8\n|\n|t:|1683996776\n|-terastallize|p2a: Dudunsparce|Normal\n|move|p2b: Florges|Helping Hand|p2a: Dudunsparce\n|-singleturn|p2a: Dudunsparce|Helping Hand|[of] p2b: Florges\n|move|p1b: Glimmora|Sludge Bomb|p2b: Florges\n|-supereffective|p2b: Florges\n|-damage|p2b: Florges|45\/100 tox\n|move|p2a: Dudunsparce|Hyper Drill|p1b: Glimmora\n|-resisted|p1b: Glimmora\n|-damage|p1b: Glimmora|23\/100\n|\n|-damage|p2b: Florges|33\/100 tox|[from] psn\n|-damage|p2a: Dudunsparce|41\/100 psn|[from] psn\n|-end|p1b: Glimmora|move: Yawn|[silent]\n|-status|p1b: Glimmora|slp\n|-sideend|p1: judevgc|move: Tailwind\n|upkeep\n|turn|9\n|\n|t:|1683996788\n|cant|p1b: Glimmora|slp\n|move|p2b: Florges|Pollen Puff|p1b: Glimmora\n|-resisted|p1b: Glimmora\n|-damage|p1b: Glimmora|10\/100 slp\n|move|p2a: Dudunsparce|Hyper Drill|p1b: Glimmora\n|-resisted|p1b: Glimmora\n|-damage|p1b: Glimmora|0 fnt\n|faint|p1b: Glimmora\n|\n|win|Bacon204\n|c|\u2606judevgc|gg\n|c|\u2606Bacon204|gg\n|c| eshe0|gg\n","uploadtime":1683996805,"views":8,"p1id":"judevgc","p2id":"bacon204","formatid":"gen9vgc2023regulationc","rating":0,"private":0,"password":""}