{"id":"gen9vgc2023regulationc-1863071659","p1":"Quaxlydude","p2":"databull","format":"[Gen 9] VGC 2023 Regulation C","log":"|j|\u2606Quaxlydude\n|j|\u2606databull\n|t:|1683963950\n|gametype|doubles\n|player|p1|Quaxlydude|ethan|1097\n|player|p2|databull|170|1000\n|teamsize|p1|6\n|teamsize|p2|6\n|gen|9\n|tier|[Gen 9] VGC 2023 Regulation C\n|rated|\n|rule|Species Clause: Limit one of each Pok\u00e9mon\n|rule|Item Clause: Limit one of each item\n|clearpoke\n|poke|p1|Dondozo, L50, M|\n|poke|p1|Tatsugiri, L50, M|\n|poke|p1|Kingambit, L50, F|\n|poke|p1|Sylveon, L50, M|\n|poke|p1|Flutter Mane, L50|\n|poke|p1|Iron Bundle, L50|\n|poke|p2|Maushold-Four, L50|\n|poke|p2|Kingambit, L50, M|\n|poke|p2|Amoonguss, L50, M|\n|poke|p2|Ceruledge, L50, M|\n|poke|p2|Chien-Pao, L50|\n|poke|p2|Palafin, L50, F|\n|teampreview|4\n|inactive|Battle timer is ON: inactive players will automatically lose when time's up. (requested by Quaxlydude)\n|inactive|Quaxlydude has 60 seconds left.\n|inactive|databull has 60 seconds left.\n|\n|t:|1683963991\n|start\n|switch|p1a: Sing|Sylveon, L50, M|100\/100\n|switch|p1b: Steven|Kingambit, L50, F|100\/100\n|switch|p2a: Amoonguss|Amoonguss, L50, M|100\/100\n|switch|p2b: Palafin|Palafin, L50, F|100\/100\n|turn|1\n|\n|t:|1683964008\n|move|p2b: Palafin|Protect|p2b: Palafin\n|-singleturn|p2b: Palafin|Protect\n|move|p1b: Steven|Protect|p1b: Steven\n|-singleturn|p1b: Steven|Protect\n|move|p1a: Sing|Hyper Voice|p2a: Amoonguss|[spread] p2a\n|-activate|p2b: Palafin|move: Protect\n|-resisted|p2a: Amoonguss\n|-crit|p2a: Amoonguss\n|-damage|p2a: Amoonguss|75\/100\n|-enditem|p1a: Sing|Throat Spray\n|-boost|p1a: Sing|spa|1|[from] item: Throat Spray\n|move|p2a: Amoonguss|Spore|p1a: Sing\n|-status|p1a: Sing|slp|[from] move: Spore\n|\n|upkeep\n|turn|2\n|\n|t:|1683964033\n|detailschange|p2b: Palafin|Palafin-Hero, L50, F\n|switch|p2b: Ceruledge|Ceruledge, L50, M|100\/100\n|cant|p1a: Sing|slp\n|move|p1b: Steven|Kowtow Cleave|p2a: Amoonguss\n|-damage|p2a: Amoonguss|25\/100\n|-enditem|p2a: Amoonguss|Sitrus Berry|[eat]\n|-heal|p2a: Amoonguss|50\/100|[from] item: Sitrus Berry\n|-damage|p1b: Steven|91\/100|[from] item: Life Orb\n|move|p2a: Amoonguss|Spore|p1b: Steven\n|-status|p1b: Steven|slp|[from] move: Spore\n|\n|upkeep\n|turn|3\n|\n|t:|1683964051\n|switch|p2a: Palafin|Palafin-Hero, L50, F|100\/100\n|-activate|p2a: Palafin|ability: Zero to Hero\n|-terastallize|p1a: Sing|Fire\n|cant|p1b: Steven|slp\n|move|p2b: Ceruledge|Bulk Up|p2b: Ceruledge\n|-boost|p2b: Ceruledge|atk|1\n|-boost|p2b: Ceruledge|def|1\n|cant|p1a: Sing|slp\n|\n|upkeep\n|turn|4\n|\n|t:|1683964072\n|switch|p1a: Iron Bundle|Iron Bundle, L50|100\/100\n|-enditem|p1a: Iron Bundle|Booster Energy\n|-activate|p1a: Iron Bundle|ability: Quark Drive|[fromitem]\n|-start|p1a: Iron Bundle|quarkdrivespe\n|-terastallize|p2b: Ceruledge|Grass\n|move|p2a: Palafin|Wave Crash|p1a: Iron Bundle\n|-resisted|p1a: Iron Bundle\n|-damage|p1a: Iron Bundle|46\/100\n|-damage|p2a: Palafin|89\/100|[from] Recoil\n|move|p2b: Ceruledge|Bulk Up|p2b: Ceruledge\n|-boost|p2b: Ceruledge|atk|1\n|-boost|p2b: Ceruledge|def|1\n|cant|p1b: Steven|slp\n|\n|upkeep\n|turn|5\n|\n|t:|1683964095\n|move|p2b: Ceruledge|Protect|p2b: Ceruledge\n|-singleturn|p2b: Ceruledge|Protect\n|move|p1a: Iron Bundle|Freeze-Dry|p2b: Ceruledge\n|-activate|p2b: Ceruledge|move: Protect\n|move|p2a: Palafin|Wave Crash|p1b: Steven\n|-damage|p1b: Steven|16\/100 slp\n|-damage|p2a: Palafin|63\/100|[from] Recoil\n|cant|p1b: Steven|slp\n|\n|upkeep\n|turn|6\n|\n|t:|1683964110\n|move|p2a: Palafin|Jet Punch|p1b: Steven\n|-damage|p1b: Steven|0 fnt\n|faint|p1b: Steven\n|move|p2b: Ceruledge|Shadow Sneak|p1a: Iron Bundle\n|-damage|p1a: Iron Bundle|3\/100\n|move|p1a: Iron Bundle|Freeze-Dry|p2b: Ceruledge\n|-supereffective|p2b: Ceruledge\n|-damage|p2b: Ceruledge|46\/100\n|\n|upkeep\n|\n|t:|1683964119\n|switch|p1b: Sing|Sylveon, L50, M, tera:Fire|100\/100 slp\n|turn|7\n|\n|t:|1683964130\n|move|p2b: Ceruledge|Shadow Sneak|p1a: Iron Bundle\n|-damage|p1a: Iron Bundle|0 fnt\n|faint|p1a: Iron Bundle\n|-end|p1a: Iron Bundle|Quark Drive|[silent]\n|move|p2a: Palafin|Wave Crash|p1b: Sing\n|-supereffective|p1b: Sing\n|-damage|p1b: Sing|0 fnt\n|faint|p1b: Sing\n|-damage|p2a: Palafin|30\/100|[from] Recoil\n|\n|upkeep\n|\n|t:|1683964138\n|switch|p1b: Flutter Mane|Flutter Mane, L50|100\/100\n|turn|8\n|\n|t:|1683964158\n|move|p2a: Palafin|Protect|p2a: Palafin\n|-singleturn|p2a: Palafin|Protect\n|move|p1b: Flutter Mane|Shadow Ball|p2a: Palafin\n|-activate|p2a: Palafin|move: Protect\n|move|p2b: Ceruledge|Bitter Blade|p1b: Flutter Mane\n|-damage|p1b: Flutter Mane|0 fnt\n|-heal|p2b: Ceruledge|82\/100|[from] drain|[of] p1b: Flutter Mane\n|faint|p1b: Flutter Mane\n|-end|p1b: Flutter Mane|Protosynthesis|[silent]\n|\n|win|databull\n|raw|Quaxlydude's rating: 1097 → 1066<\/strong> (-31 for losing)\n|raw|databull's rating: 1000 → 1051<\/strong> (+51 for winning)\n|l|\u2606Quaxlydude\n","uploadtime":1683964172,"views":11,"p1id":"quaxlydude","p2id":"databull","formatid":"gen9vgc2023regulationc","rating":1051,"private":0,"password":""}