{"id":"gen9vgc2023regulationc-1856124734","p1":"dddaaannniii","p2":"SumoVGC","format":"[Gen 9] VGC 2023 Regulation C","log":"|j|\u2606dddaaannniii\n|j|\u2606SumoVGC\n|t:|1683032781\n|gametype|doubles\n|player|p1|dddaaannniii|fisherman-gen4|1311\n|player|p2|SumoVGC|lass-gen4dp|1341\n|teamsize|p1|6\n|teamsize|p2|6\n|gen|9\n|tier|[Gen 9] VGC 2023 Regulation C\n|rated|\n|rule|Species Clause: Limit one of each Pok\u00e9mon\n|rule|Item Clause: Limit one of each item\n|clearpoke\n|poke|p1|Dondozo, L50, F|\n|poke|p1|Tatsugiri, L50, F|\n|poke|p1|Chi-Yu, L50|\n|poke|p1|Flutter Mane, L50|\n|poke|p1|Dragonite, L50, F|\n|poke|p1|Glimmora, L50, M|\n|poke|p2|Iron Bundle, L50|\n|poke|p2|Brute Bonnet, L50|\n|poke|p2|Talonflame, L50, M|\n|poke|p2|Great Tusk, L50|\n|poke|p2|Gholdengo, L50|\n|poke|p2|Flutter Mane, L50|\n|teampreview|4\n|inactive|Battle timer is ON: inactive players will automatically lose when time's up. (requested by SumoVGC)\nSumoVGC has agreed to open team sheets.\n|inactive|dddaaannniii has 60 seconds left.\n|inactive|SumoVGC has 60 seconds left.\ndddaaannniii rejected open team sheets.\n|inactive|SumoVGC has 30 seconds left.\n|\n|t:|1683032848\n|start\n|switch|p1a: Dondozo|Dondozo, L50, F|100\/100\n|switch|p1b: Flutter Mane|Flutter Mane, L50|100\/100\n|switch|p2a: Iron Bundle|Iron Bundle, L50|100\/100\n|switch|p2b: Gholdengo|Gholdengo, L50|100\/100\n|-enditem|p2a: Iron Bundle|Booster Energy\n|-activate|p2a: Iron Bundle|ability: Quark Drive|[fromitem]\n|-start|p2a: Iron Bundle|quarkdrivespe\n|-enditem|p1b: Flutter Mane|Booster Energy\n|-activate|p1b: Flutter Mane|ability: Protosynthesis|[fromitem]\n|-start|p1b: Flutter Mane|protosynthesisspe\n|turn|1\n|inactive|dddaaannniii has 30 seconds left.\n|inactive|SumoVGC has 30 seconds left.\n|inactive|dddaaannniii has 20 seconds left.\n|inactive|dddaaannniii has 15 seconds left.\n|\n|t:|1683032892\n|move|p1b: Flutter Mane|Protect|p1b: Flutter Mane\n|-singleturn|p1b: Flutter Mane|Protect\n|move|p2a: Iron Bundle|Freeze-Dry|p1a: Dondozo\n|-supereffective|p1a: Dondozo\n|-damage|p1a: Dondozo|58\/100\n|move|p2b: Gholdengo|Make It Rain|p1a: Dondozo|[spread] p1a\n|-activate|p1b: Flutter Mane|move: Protect\n|-resisted|p1a: Dondozo\n|-damage|p1a: Dondozo|43\/100\n|-unboost|p2b: Gholdengo|spa|1\n|-enditem|p1a: Dondozo|Sitrus Berry|[eat]\n|-heal|p1a: Dondozo|68\/100|[from] item: Sitrus Berry\n|move|p1a: Dondozo|Yawn|p2b: Gholdengo\n|-immune|p2b: Gholdengo|[from] ability: Good as Gold\n|\n|upkeep\n|turn|2\n|inactive|SumoVGC has 30 seconds left.\n|inactive|dddaaannniii has 30 seconds left.\n|inactive|SumoVGC has 20 seconds left.\n|inactive|dddaaannniii has 20 seconds left.\n|inactive|SumoVGC has 15 seconds left.\n|\n|t:|1683032936\n|-terastallize|p1b: Flutter Mane|Steel\n|move|p2a: Iron Bundle|Freeze-Dry|p1a: Dondozo\n|-supereffective|p1a: Dondozo\n|-damage|p1a: Dondozo|22\/100\n|move|p1b: Flutter Mane|Moonblast|p2a: Iron Bundle\n|-damage|p2a: Iron Bundle|7\/100\n|-unboost|p2a: Iron Bundle|spa|1\n|move|p2b: Gholdengo|Make It Rain|p1a: Dondozo|[spread] p1a,p1b\n|-resisted|p1a: Dondozo\n|-resisted|p1b: Flutter Mane\n|-damage|p1a: Dondozo|6\/100\n|-damage|p1b: Flutter Mane|85\/100\n|-unboost|p2b: Gholdengo|spa|1\n|move|p1a: Dondozo|Yawn|p2a: Iron Bundle\n|-start|p2a: Iron Bundle|move: Yawn|[of] p1a: Dondozo\n|\n|upkeep\n|turn|3\n|\n|t:|1683032957\n|-end|p2a: Iron Bundle|Quark Drive|[silent]\n|switch|p2a: Flutter Mane|Flutter Mane, L50|100\/100\n|move|p1b: Flutter Mane|Protect|p1b: Flutter Mane\n|-singleturn|p1b: Flutter Mane|Protect\n|move|p2b: Gholdengo|Shadow Ball|p1a: Dondozo\n|-damage|p1a: Dondozo|0 fnt\n|faint|p1a: Dondozo\n|\n|upkeep\n|\n|t:|1683032966\n|switch|p1a: Glimmora|Glimmora, L50, M|100\/100\n|turn|4\n|\n|t:|1683032978\n|switch|p2b: Iron Bundle|Iron Bundle, L50|7\/100\n|move|p1b: Flutter Mane|Hex|p2a: Flutter Mane\n|-supereffective|p2a: Flutter Mane\n|-damage|p2a: Flutter Mane|27\/100\n|move|p2a: Flutter Mane|Shadow Ball|p1b: Flutter Mane\n|-damage|p1b: Flutter Mane|23\/100\n|move|p1a: Glimmora|Power Gem|p2a: Flutter Mane\n|-damage|p2a: Flutter Mane|0 fnt\n|faint|p2a: Flutter Mane\n|-end|p2a: Flutter Mane|Protosynthesis|[silent]\n|\n|upkeep\n|\n|t:|1683032991\n|switch|p2a: Brute Bonnet|Brute Bonnet, L50|100\/100\n|turn|5\n|\n|t:|1683033006\n|-terastallize|p2a: Brute Bonnet|Poison\n|move|p1b: Flutter Mane|Protect|p1b: Flutter Mane\n|-singleturn|p1b: Flutter Mane|Protect\n|move|p2b: Iron Bundle|Protect|p2b: Iron Bundle\n|-singleturn|p2b: Iron Bundle|Protect\n|move|p1a: Glimmora|Toxic|p2b: Iron Bundle\n|-activate|p2b: Iron Bundle|move: Protect\n|move|p2a: Brute Bonnet|Spore|p1a: Glimmora\n|-status|p1a: Glimmora|slp|[from] move: Spore\n|\n|upkeep\n|turn|6\n|\n|t:|1683033026\n|move|p2a: Brute Bonnet|Sucker Punch|p1b: Flutter Mane\n|-damage|p1b: Flutter Mane|0 fnt\n|faint|p1b: Flutter Mane\n|-end|p1b: Flutter Mane|Protosynthesis|[silent]\n|move|p2b: Iron Bundle|Hydro Pump|p1a: Glimmora\n|-supereffective|p1a: Glimmora\n|-enditem|p1a: Glimmora|Focus Sash\n|-damage|p1a: Glimmora|1\/100 slp\n|cant|p1a: Glimmora|slp\n|\n|upkeep\n|\n|t:|1683033034\n|switch|p1b: Chi-Yu|Chi-Yu, L50|100\/100\n|-ability|p1b: Chi-Yu|Beads of Ruin\n|turn|7\n|\n|t:|1683033044\n|move|p2b: Iron Bundle|Icy Wind|p1a: Glimmora|[spread] p1a\n|-miss|p2b: Iron Bundle|p1b: Chi-Yu\n|-damage|p1a: Glimmora|0 fnt\n|faint|p1a: Glimmora\n|move|p1b: Chi-Yu|Dark Pulse|p2b: Iron Bundle\n|-damage|p2b: Iron Bundle|0 fnt\n|faint|p2b: Iron Bundle\n|-end|p2b: Iron Bundle|Quark Drive|[silent]\n|move|p2a: Brute Bonnet|Spore|p1b: Chi-Yu\n|-status|p1b: Chi-Yu|slp|[from] move: Spore\n|\n|upkeep\n|\n|t:|1683033051\n|switch|p2b: Gholdengo|Gholdengo, L50|100\/100\n|turn|8\n|\n|t:|1683033061\n|cant|p1b: Chi-Yu|slp\n|move|p2b: Gholdengo|Shadow Ball|p1b: Chi-Yu\n|-resisted|p1b: Chi-Yu\n|-damage|p1b: Chi-Yu|79\/100 slp\n|move|p2a: Brute Bonnet|Bullet Seed|p1b: Chi-Yu\n|-resisted|p1b: Chi-Yu\n|-damage|p1b: Chi-Yu|70\/100 slp\n|-resisted|p1b: Chi-Yu\n|-damage|p1b: Chi-Yu|62\/100 slp\n|-resisted|p1b: Chi-Yu\n|-damage|p1b: Chi-Yu|53\/100 slp\n|-resisted|p1b: Chi-Yu\n|-damage|p1b: Chi-Yu|43\/100 slp\n|-hitcount|p1b: Chi-Yu|4\n|\n|upkeep\n|turn|9\n|\n|t:|1683033074\n|cant|p1b: Chi-Yu|slp\n|move|p2b: Gholdengo|Shadow Ball|p1b: Chi-Yu\n|-resisted|p1b: Chi-Yu\n|-damage|p1b: Chi-Yu|21\/100 slp\n|move|p2a: Brute Bonnet|Bullet Seed|p1b: Chi-Yu\n|-resisted|p1b: Chi-Yu\n|-damage|p1b: Chi-Yu|13\/100 slp\n|-resisted|p1b: Chi-Yu\n|-damage|p1b: Chi-Yu|4\/100 slp\n|-resisted|p1b: Chi-Yu\n|-damage|p1b: Chi-Yu|0 fnt\n|faint|p1b: Chi-Yu\n|-hitcount|p1: Chi-Yu|3\n|\n|win|SumoVGC\n|raw|dddaaannniii's rating: 1311 → 1293<\/strong> (-18 for losing)\n|raw|SumoVGC's rating: 1341 → 1359<\/strong> (+18 for winning)\n","uploadtime":1683033081,"views":7,"p1id":"dddaaannniii","p2id":"sumovgc","formatid":"gen9vgc2023regulationc","rating":1293,"private":0,"password":""}