{"id":"gen9vgc2023regulationc-1853389156","p1":"We_Love_The_Gong","p2":"sibylla_system","format":"[Gen 9] VGC 2023 Regulation C","log":"|j|\u2606We_Love_The_Gong\n|j|\u2606sibylla_system\n|t:|1682678713\n|gametype|doubles\n|player|p1|We_Love_The_Gong|fantina|1427\n|player|p2|sibylla_system|lyra|1491\n|teamsize|p1|6\n|teamsize|p2|6\n|gen|9\n|tier|[Gen 9] VGC 2023 Regulation C\n|rated|\n|rule|Species Clause: Limit one of each Pok\u00e9mon\n|rule|Item Clause: Limit one of each item\n|clearpoke\n|poke|p1|Gholdengo, L50|\n|poke|p1|Ting-Lu, L50|\n|poke|p1|Gyarados, L50, M|\n|poke|p1|Flutter Mane, L50|\n|poke|p1|Amoonguss, L50, M|\n|poke|p1|Baxcalibur, L50, M|\n|poke|p2|Dragonite, L50, F|\n|poke|p2|Ting-Lu, L50|\n|poke|p2|Flutter Mane, L50|\n|poke|p2|Amoonguss, L50, M|\n|poke|p2|Arcanine, L50, M|\n|poke|p2|Orthworm, L50, F|\n|teampreview|4\nWe_Love_The_Gong has agreed to open team sheets.\n|\n|t:|1682678768\n|start\n|switch|p1a: Baxcalibur|Baxcalibur, L50, M|100\/100\n|switch|p1b: Ting-Lu|Ting-Lu, L50|100\/100\n|switch|p2a: Amoonguss|Amoonguss, L50, M|100\/100\n|switch|p2b: Orthworm|Orthworm, L50, F|100\/100\n|-ability|p1b: Ting-Lu|Vessel of Ruin\n|turn|1\n|inactive|Battle timer is ON: inactive players will automatically lose when time's up. (requested by sibylla_system)\n|inactive|sibylla_system has 60 seconds left.\n|\n|t:|1682678801\n|-terastallize|p2a: Amoonguss|Water\n|move|p1a: Baxcalibur|Icicle Spear|p2a: Amoonguss\n|-resisted|p2a: Amoonguss\n|-damage|p2a: Amoonguss|94\/100\n|-resisted|p2a: Amoonguss\n|-damage|p2a: Amoonguss|87\/100\n|-resisted|p2a: Amoonguss\n|-damage|p2a: Amoonguss|80\/100\n|-resisted|p2a: Amoonguss\n|-damage|p2a: Amoonguss|74\/100\n|-resisted|p2a: Amoonguss\n|-crit|p2a: Amoonguss\n|-damage|p2a: Amoonguss|64\/100\n|-hitcount|p2a: Amoonguss|5\n|move|p2b: Orthworm|Shed Tail|p2b: Orthworm\n|-start|p2b: Orthworm|Substitute|[from] move: Shed Tail\n|-damage|p2b: Orthworm|50\/100\n|-enditem|p2b: Orthworm|Sitrus Berry|[eat]\n|-heal|p2b: Orthworm|75\/100|[from] item: Sitrus Berry\n|\n|t:|1682678816\n|switch|p2b: Dragonite|Dragonite, L50, F|100\/100|[from] Shed Tail\n|move|p1b: Ting-Lu|Ruination|p2b: Dragonite\n|-end|p2b: Dragonite|Substitute\n|move|p2a: Amoonguss|Spore|p1a: Baxcalibur\n|-status|p1a: Baxcalibur|slp|[from] move: Spore\n|\n|upkeep\n|turn|2\n|inactive|We_Love_The_Gong has 30 seconds left.\n|\n|t:|1682678845\n|switch|p1b: Gyarados|Gyarados, L50, M|100\/100\n|-ability|p1b: Gyarados|Intimidate|boost\n|-unboost|p2a: Amoonguss|atk|1\n|-unboost|p2b: Dragonite|atk|1\n|move|p2b: Dragonite|Dragon Dance|p2b: Dragonite\n|-boost|p2b: Dragonite|atk|1\n|-boost|p2b: Dragonite|spe|1\n|cant|p1a: Baxcalibur|slp\n|move|p2a: Amoonguss|Spore|p1b: Gyarados\n|-status|p1b: Gyarados|slp|[from] move: Spore\n|-enditem|p1b: Gyarados|Lum Berry|[eat]\n|-curestatus|p1b: Gyarados|slp|[msg]\n|\n|upkeep\n|turn|3\n|\n|t:|1682678863\n|switch|p2a: Flutter Mane|Flutter Mane, L50|100\/100\n|-enditem|p2a: Flutter Mane|Booster Energy\n|-activate|p2a: Flutter Mane|ability: Protosynthesis|[fromitem]\n|-start|p2a: Flutter Mane|protosynthesisspa\n|move|p2b: Dragonite|Dragon Dance|p2b: Dragonite\n|-boost|p2b: Dragonite|atk|1\n|-boost|p2b: Dragonite|spe|1\n|cant|p1a: Baxcalibur|slp\n|move|p1b: Gyarados|Taunt|p2a: Flutter Mane\n|-start|p2a: Flutter Mane|move: Taunt\n|\n|upkeep\n|turn|4\n|inactive|sibylla_system has 30 seconds left.\n|\n|t:|1682678891\n|-terastallize|p1a: Baxcalibur|Poison\n|move|p2b: Dragonite|Extreme Speed|p1a: Baxcalibur\n|-damage|p1a: Baxcalibur|65\/100 slp\n|move|p2a: Flutter Mane|Moonblast|p1a: Baxcalibur\n|-resisted|p1a: Baxcalibur\n|-damage|p1a: Baxcalibur|35\/100 slp\n|-unboost|p1a: Baxcalibur|spa|1\n|cant|p1a: Baxcalibur|slp\n|move|p1b: Gyarados|Thunder Wave|p2a: Flutter Mane\n|-status|p2a: Flutter Mane|par\n|\n|upkeep\n|turn|5\n|inactive|sibylla_system has 30 seconds left.\n|inactive|sibylla_system has 20 seconds left.\n|inactive|sibylla_system has 15 seconds left.\n|\n|t:|1682678932\n|-curestatus|p1a: Baxcalibur|slp|[msg]\n|move|p1a: Baxcalibur|Protect|p1a: Baxcalibur\n|-singleturn|p1a: Baxcalibur|Protect\n|move|p2b: Dragonite|Extreme Speed|p1a: Baxcalibur\n|-activate|p1a: Baxcalibur|move: Protect\n|move|p1b: Gyarados|Waterfall|p2b: Dragonite\n|-resisted|p2b: Dragonite\n|-damage|p2b: Dragonite|91\/100\n|move|p2a: Flutter Mane|Shadow Ball|p1a: Baxcalibur\n|-activate|p1a: Baxcalibur|move: Protect\n|\n|-end|p2a: Flutter Mane|move: Taunt\n|upkeep\n|turn|6\n|\n|t:|1682678956\n|switch|p1a: Ting-Lu|Ting-Lu, L50|100\/100\n|-ability|p1a: Ting-Lu|Vessel of Ruin\n|move|p2b: Dragonite|Extreme Speed|p1a: Ting-Lu\n|-damage|p1a: Ting-Lu|73\/100\n|move|p1b: Gyarados|Thunder Wave|p2b: Dragonite\n|-status|p2b: Dragonite|par\n|-enditem|p2b: Dragonite|Lum Berry|[eat]\n|-curestatus|p2b: Dragonite|par|[msg]\n|move|p2a: Flutter Mane|Shadow Ball|p1a: Ting-Lu\n|-resisted|p1a: Ting-Lu\n|-damage|p1a: Ting-Lu|64\/100\n|\n|upkeep\n|turn|7\n|inactive|sibylla_system has 30 seconds left.\n|\n|t:|1682678985\n|-end|p2a: Flutter Mane|Protosynthesis|[silent]\n|switch|p2a: Orthworm|Orthworm, L50, F|75\/100\n|move|p2b: Dragonite|Extreme Speed|p1b: Gyarados\n|-damage|p1b: Gyarados|60\/100\n|move|p1b: Gyarados|Thunder Wave|p2b: Dragonite\n|-status|p2b: Dragonite|par\n|move|p1a: Ting-Lu|Heavy Slam|p2a: Orthworm\n|-resisted|p2a: Orthworm\n|-damage|p2a: Orthworm|69\/100\n|\n|upkeep\n|turn|8\n|inactive|We_Love_The_Gong has 30 seconds left.\n|\n|t:|1682679012\n|switch|p1b: Flutter Mane|Flutter Mane, L50|100\/100\n|move|p2b: Dragonite|Earthquake|p1b: Flutter Mane|[spread] p1a,p1b\n|-heal|p2a: Orthworm|94\/100|[from] ability: Earth Eater|[of] p2b: Dragonite\n|-damage|p1a: Ting-Lu|38\/100\n|-damage|p1b: Flutter Mane|35\/100\n|move|p2a: Orthworm|Body Press|p1b: Flutter Mane\n|-immune|p1b: Flutter Mane\n|move|p1a: Ting-Lu|Ruination|p2a: Orthworm\n|-damage|p2a: Orthworm|48\/100\n|\n|upkeep\n|turn|9\n|\n|t:|1682679032\n|switch|p2b: Amoonguss|Amoonguss, L50, M, tera:Water|98\/100\n|move|p1b: Flutter Mane|Shadow Ball|p2a: Orthworm\n|-damage|p2a: Orthworm|0 fnt\n|faint|p2a: Orthworm\n|move|p1a: Ting-Lu|Ruination|p2b: Amoonguss|[miss]\n|-miss|p1a: Ting-Lu|p2b: Amoonguss\n|\n|upkeep\n|\n|t:|1682679042\n|switch|p2a: Flutter Mane|Flutter Mane, L50|100\/100 par\n|turn|10\n|\n|t:|1682679055\n|move|p2b: Amoonguss|Rage Powder|p2b: Amoonguss\n|-singleturn|p2b: Amoonguss|move: Rage Powder\n|move|p1b: Flutter Mane|Shadow Ball|p2b: Amoonguss\n|-damage|p2b: Amoonguss|58\/100\n|cant|p2a: Flutter Mane|par\n|move|p1a: Ting-Lu|Heavy Slam|p2b: Amoonguss\n|-resisted|p2b: Amoonguss\n|-damage|p2b: Amoonguss|43\/100\n|\n|upkeep\n|turn|11\n|\n|t:|1682679072\n|switch|p2b: Dragonite|Dragonite, L50, F|91\/100 par\n|move|p1b: Flutter Mane|Shadow Ball|p2a: Flutter Mane\n|-supereffective|p2a: Flutter Mane\n|-damage|p2a: Flutter Mane|4\/100 par\n|move|p2a: Flutter Mane|Shadow Ball|p1b: Flutter Mane\n|-supereffective|p1b: Flutter Mane\n|-damage|p1b: Flutter Mane|0 fnt\n|faint|p1b: Flutter Mane\n|-end|p1b: Flutter Mane|Protosynthesis|[silent]\n|move|p1a: Ting-Lu|Heavy Slam|p2a: Flutter Mane\n|-supereffective|p2a: Flutter Mane\n|-damage|p2a: Flutter Mane|0 fnt\n|faint|p2a: Flutter Mane\n|-end|p2a: Flutter Mane|Protosynthesis|[silent]\n|\n|upkeep\n|\n|t:|1682679091\n|switch|p2a: Amoonguss|Amoonguss, L50, M, tera:Water|76\/100\n|switch|p1b: Gyarados|Gyarados, L50, M|60\/100\n|-ability|p1b: Gyarados|Intimidate|boost\n|-unboost|p2a: Amoonguss|atk|1\n|-unboost|p2b: Dragonite|atk|1\n|turn|12\n|\n|t:|1682679099\n|move|p1b: Gyarados|Taunt|p2a: Amoonguss\n|-start|p2a: Amoonguss|move: Taunt\n|cant|p2b: Dragonite|par\n|move|p1a: Ting-Lu|Ruination|p2a: Amoonguss\n|-damage|p2a: Amoonguss|38\/100\n|move|p2a: Amoonguss|Pollen Puff|p2b: Dragonite\n|-heal|p2b: Dragonite|100\/100 par\n|\n|upkeep\n|turn|13\n|-message|sibylla_system forfeited.\n|\n|win|We_Love_The_Gong\n|raw|We_Love_The_Gong's rating: 1427 → 1451<\/strong> (+24 for winning)\n|raw|sibylla_system's rating: 1491 → 1467<\/strong> (-24 for losing)\n|l|\u2606sibylla_system\n|c|\u2606We_Love_The_Gong|gg\n","uploadtime":1682679113,"views":10,"p1id":"welovethegong","p2id":"sibyllasystem","formatid":"gen9vgc2023regulationc","rating":1451,"private":0,"password":""}