{"id":"gen9vgc2023regulationc-1850001824","p1":"tindall64","p2":"SleepySilver07","format":"[Gen 9] VGC 2023 Regulation C","log":"|j|\u2606tindall64\n|j|\u2606SleepySilver07\n|t:|1682276791\n|gametype|doubles\n|player|p1|tindall64|serena-masters3|\n|player|p2|SleepySilver07|266|\n|teamsize|p1|6\n|teamsize|p2|6\n|gen|9\n|tier|[Gen 9] VGC 2023 Regulation C\n|rule|Species Clause: Limit one of each Pok\u00e9mon\n|rule|Item Clause: Limit one of each item\n|rule|HP Percentage Mod: HP is shown in percentages\n|rule|Endless Battle Clause: Forcing endless battles is banned\n|clearpoke\n|poke|p1|Goodra-Hisui, L50, M|\n|poke|p1|Kyogre, L50|\n|poke|p1|Grimmsnarl, L50, M|\n|poke|p1|Calyrex-Ice, L50|\n|poke|p1|Landorus-Therian, L50, M|\n|poke|p1|Pheromosa, L50|\n|poke|p2|Goodra-Hisui, L50, M|\n|poke|p2|Kyogre, L50|\n|poke|p2|Grimmsnarl, L50, M|\n|poke|p2|Calyrex-Ice, L50|\n|poke|p2|Smeargle, L50, M|\n|poke|p2|Landorus-Therian, L50, M|\n|teampreview|4\ntindall64 has agreed to open team sheets.\nSleepySilver07 has agreed to open team sheets.\n|inactive|Battle timer is ON: inactive players will automatically lose when time's up. (requested by SleepySilver07)\n|\n|t:|1682276843\n|start\n|switch|p1a: Goobruh|Goodra-Hisui, L50, M, shiny|100\/100\n|switch|p1b: Grimmsnarl|Grimmsnarl, L50, M|100\/100\n|switch|p2a: Kyogre|Kyogre, L50|100\/100\n|switch|p2b: Smeargle|Smeargle, L50, M, shiny|100\/100\n|-weather|RainDance|[from] ability: Drizzle|[of] p2a: Kyogre\n|turn|1\n|\n|t:|1682276857\n|move|p2b: Smeargle|Fake Out|p1a: Goobruh\n|-resisted|p1a: Goobruh\n|-damage|p1a: Goobruh|98\/100\n|move|p1b: Grimmsnarl|Light Screen|p1b: Grimmsnarl\n|-sidestart|p1: tindall64|move: Light Screen\n|move|p2a: Kyogre|Calm Mind|p2a: Kyogre\n|-boost|p2a: Kyogre|spa|1\n|-boost|p2a: Kyogre|spd|1\n|cant|p1a: Goobruh|flinch\n|\n|-weather|RainDance|[upkeep]\n|-ability|p2b: Smeargle|Moody|boost\n|-boost|p2b: Smeargle|spd|2\n|-unboost|p2b: Smeargle|spe|1\n|upkeep\n|turn|2\n|\n|t:|1682276872\n|-terastallize|p2a: Kyogre|Grass\n|move|p1b: Grimmsnarl|Parting Shot|p2a: Kyogre\n|-unboost|p2a: Kyogre|atk|1\n|-unboost|p2a: Kyogre|spa|1\n|\n|t:|1682276876\n|switch|p1b: Calyrex|Calyrex-Ice, L50|100\/100|[from] Parting Shot\n|-ability|p1b: Calyrex|As One\n|-ability|p1b: Calyrex|Unnerve\n|move|p2a: Kyogre|Calm Mind|p2a: Kyogre\n|-boost|p2a: Kyogre|spa|1\n|-boost|p2a: Kyogre|spd|1\n|move|p2b: Smeargle|Transform|p2a: Kyogre\n|-transform|p2b: Smeargle|p2a: Kyogre\n|move|p1a: Goobruh|Thunder|p2a: Kyogre\n|-resisted|p2a: Kyogre\n|-damage|p2a: Kyogre|94\/100\n|\n|-weather|RainDance|[upkeep]\n|-heal|p2a: Kyogre|100\/100|[from] item: Leftovers\n|upkeep\n|-start|p2b: Smeargle|typechange|Water|[silent]\n|turn|3\n|\n|t:|1682276896\n|move|p2b: Smeargle|Origin Pulse|p1b: Calyrex|[spread] p1a,p1b\n|-resisted|p1a: Goobruh\n|-crit|p1b: Calyrex\n|-damage|p1a: Goobruh|83\/100\n|-damage|p1b: Calyrex|0 fnt\n|faint|p1b: Calyrex\n|move|p2a: Kyogre|Origin Pulse|p1a: Goobruh\n|-resisted|p1a: Goobruh\n|-damage|p1a: Goobruh|62\/100\n|move|p1a: Goobruh|Thunder|p2b: Smeargle\n|-supereffective|p2b: Smeargle\n|-damage|p2b: Smeargle|72\/100\n|-status|p2b: Smeargle|par\n|\n|-weather|RainDance|[upkeep]\n|upkeep\n|\n|t:|1682276911\n|switch|p1b: Kyogre|Kyogre, L50, shiny|100\/100\n|turn|4\n|\n|t:|1682276921\n|move|p2a: Kyogre|Calm Mind|p2a: Kyogre\n|-boost|p2a: Kyogre|spa|1\n|-boost|p2a: Kyogre|spd|1\n|move|p1b: Kyogre|Calm Mind|p1b: Kyogre\n|-boost|p1b: Kyogre|spa|1\n|-boost|p1b: Kyogre|spd|1\n|move|p1a: Goobruh|Thunder|p2b: Smeargle\n|-supereffective|p2b: Smeargle\n|-damage|p2b: Smeargle|41\/100 par\n|move|p2b: Smeargle|Calm Mind|p2b: Smeargle\n|-boost|p2b: Smeargle|spa|1\n|-boost|p2b: Smeargle|spd|1\n|\n|-weather|RainDance|[upkeep]\n|upkeep\n|turn|5\n|\n|t:|1682276933\n|move|p2a: Kyogre|Origin Pulse|p1b: Kyogre|[spread] p1a,p1b\n|-resisted|p1a: Goobruh\n|-resisted|p1b: Kyogre\n|-damage|p1a: Goobruh|43\/100\n|-damage|p1b: Kyogre|78\/100\n|move|p1b: Kyogre|Calm Mind|p1b: Kyogre\n|-boost|p1b: Kyogre|spa|1\n|-boost|p1b: Kyogre|spd|1\n|move|p1a: Goobruh|Thunder|p2b: Smeargle\n|-supereffective|p2b: Smeargle\n|-damage|p2b: Smeargle|18\/100 par\n|move|p2b: Smeargle|Origin Pulse|p1b: Kyogre|[spread] p1a,p1b\n|-resisted|p1a: Goobruh\n|-resisted|p1b: Kyogre\n|-damage|p1a: Goobruh|21\/100\n|-damage|p1b: Kyogre|61\/100\n|\n|-weather|none\n|-heal|p1b: Kyogre|68\/100|[from] item: Leftovers\n|upkeep\n|turn|6\n|\n|t:|1682276954\n|move|p2a: Kyogre|Calm Mind|p2a: Kyogre\n|-boost|p2a: Kyogre|spa|1\n|-boost|p2a: Kyogre|spd|1\n|move|p1b: Kyogre|Origin Pulse|p2a: Kyogre|[spread] p2a,p2b\n|-resisted|p2a: Kyogre\n|-resisted|p2b: Smeargle\n|-damage|p2a: Kyogre|91\/100\n|-damage|p2b: Smeargle|2\/100 par\n|move|p1a: Goobruh|Flamethrower|p2a: Kyogre\n|-supereffective|p2a: Kyogre\n|-damage|p2a: Kyogre|77\/100\n|move|p2b: Smeargle|Origin Pulse|p1b: Kyogre|[spread] p1a,p1b\n|-resisted|p1a: Goobruh\n|-resisted|p1b: Kyogre\n|-damage|p1a: Goobruh|8\/100\n|-damage|p1b: Kyogre|57\/100\n|\n|-heal|p2a: Kyogre|83\/100|[from] item: Leftovers\n|-heal|p1b: Kyogre|64\/100|[from] item: Leftovers\n|upkeep\n|turn|7\n|\n|t:|1682276971\n|move|p2a: Kyogre|Calm Mind|p2a: Kyogre\n|-boost|p2a: Kyogre|spa|1\n|-boost|p2a: Kyogre|spd|1\n|move|p1b: Kyogre|Calm Mind|p1b: Kyogre\n|-boost|p1b: Kyogre|spa|1\n|-boost|p1b: Kyogre|spd|1\n|move|p1a: Goobruh|Flamethrower|p2a: Kyogre\n|-supereffective|p2a: Kyogre\n|-damage|p2a: Kyogre|71\/100\n|-status|p2a: Kyogre|brn\n|cant|p2b: Smeargle|par\n|\n|-heal|p1b: Kyogre|70\/100|[from] item: Leftovers\n|-heal|p2a: Kyogre|77\/100 brn|[from] item: Leftovers\n|-damage|p2a: Kyogre|71\/100 brn|[from] brn\n|upkeep\n|turn|8\n|\n|t:|1682276985\n|move|p2a: Kyogre|Origin Pulse|p1b: Kyogre|[spread] p1a\n|-miss|p2a: Kyogre|p1b: Kyogre\n|-resisted|p1a: Goobruh\n|-damage|p1a: Goobruh|0 fnt\n|faint|p1a: Goobruh\n|move|p1b: Kyogre|Calm Mind|p1b: Kyogre\n|-boost|p1b: Kyogre|spa|1\n|-boost|p1b: Kyogre|spd|1\n|move|p2b: Smeargle|Origin Pulse|p1b: Kyogre\n|-resisted|p1b: Kyogre\n|-damage|p1b: Kyogre|60\/100\n|\n|-heal|p2a: Kyogre|77\/100 brn|[from] item: Leftovers\n|-heal|p1b: Kyogre|67\/100|[from] item: Leftovers\n|-damage|p2a: Kyogre|71\/100 brn|[from] brn\n|-sideend|p1: tindall64|move: Light Screen\n|upkeep\n|\n|t:|1682276994\n|switch|p1a: Grimmsnarl|Grimmsnarl, L50, M|100\/100\n|turn|9\n|\n|t:|1682277003\n|move|p1a: Grimmsnarl|Light Screen|p1a: Grimmsnarl\n|-sidestart|p1: tindall64|move: Light Screen\n|move|p1b: Kyogre|Origin Pulse|p2b: Smeargle|[spread] p2a,p2b\n|-resisted|p2a: Kyogre\n|-resisted|p2b: Smeargle\n|-damage|p2a: Kyogre|56\/100 brn\n|-damage|p2b: Smeargle|0 fnt\n|faint|p2b: Smeargle\n|move|p2a: Kyogre|Origin Pulse|p1a: Grimmsnarl|[spread] p1a\n|-miss|p2a: Kyogre|p1b: Kyogre\n|-damage|p1a: Grimmsnarl|24\/100\n|\n|-heal|p1b: Kyogre|73\/100|[from] item: Leftovers\n|-heal|p2a: Kyogre|62\/100 brn|[from] item: Leftovers\n|-damage|p2a: Kyogre|56\/100 brn|[from] brn\n|upkeep\n|\n|t:|1682277013\n|switch|p2b: Goobruh|Goodra-Hisui, L50, M, shiny|100\/100\n|turn|10\n|\n|t:|1682277025\n|-terastallize|p1b: Kyogre|Grass\n|move|p2a: Kyogre|Origin Pulse|p1b: Kyogre|[spread] p1a,p1b\n|-resisted|p1b: Kyogre\n|-damage|p1a: Grimmsnarl|0 fnt\n|-damage|p1b: Kyogre|62\/100\n|faint|p1a: Grimmsnarl\n|move|p1b: Kyogre|Ice Beam|p2b: Goobruh\n|-damage|p2b: Goobruh|56\/100\n|-status|p2b: Goobruh|frz\n|-curestatus|p2b: Goobruh|frz|[msg]\n|move|p2b: Goobruh|Thunder|p1b: Kyogre\n|-resisted|p1b: Kyogre\n|-damage|p1b: Kyogre|59\/100\n|-status|p1b: Kyogre|par\n|\n|-heal|p2a: Kyogre|62\/100 brn|[from] item: Leftovers\n|-heal|p1b: Kyogre|66\/100 par|[from] item: Leftovers\n|-damage|p2a: Kyogre|56\/100 brn|[from] brn\n|upkeep\n|turn|11\n|inactive|tindall64 has 30 seconds left.\n|inactive|tindall64 has 20 seconds left.\n|inactive|tindall64 has 15 seconds left.\n|inactive|tindall64 has 10 seconds left.\n|\n|t:|1682277074\n|move|p2a: Kyogre|Ice Beam|p1b: Kyogre\n|-supereffective|p1b: Kyogre\n|-crit|p1b: Kyogre\n|-damage|p1b: Kyogre|0 fnt\n|faint|p1b: Kyogre\n|\n|win|SleepySilver07\n|l|\u2606SleepySilver07\n","uploadtime":1682277103,"views":4,"p1id":"tindall64","p2id":"sleepysilver07","formatid":"gen9vgc2023regulationc","rating":0,"private":0,"password":""}