{"id":"gen9vgc2023regulationc-1846329775","p1":"MistressQueenM","p2":"Dragontamerty9","format":"[Gen 9] VGC 2023 Regulation C","log":"|j|\u203dMistressQueenM\n|j|\u2606Dragontamerty9\n|t:|1681832150\n|gametype|doubles\n|player|p1|MistressQueenM|veteranf|1323\n|player|p2|Dragontamerty9|lance|1293\n|teamsize|p1|6\n|teamsize|p2|6\n|gen|9\n|tier|[Gen 9] VGC 2023 Regulation C\n|rated|\n|rule|Species Clause: Limit one of each Pok\u00e9mon\n|rule|Item Clause: Limit one of each item\n|clearpoke\n|poke|p1|Wo-Chien, L50|\n|poke|p1|Torkoal, L50, M|\n|poke|p1|Garganacl, L50, M|\n|poke|p1|Great Tusk, L50|\n|poke|p1|Murkrow, L50, M|\n|poke|p1|Farigiraf, L50, M|\n|poke|p2|Iron Thorns, L50|\n|poke|p2|Amoonguss, L50, F|\n|poke|p2|Roaring Moon, L50|\n|poke|p2|Garchomp, L50, M|\n|poke|p2|Gothitelle, L50, M|\n|poke|p2|Kingambit, L50, F|\n|teampreview|4\n|\n|t:|1681832188\n|start\n|switch|p1a: Great Tusk|Great Tusk, L50|100\/100\n|switch|p1b: Torkoal|Torkoal, L50, M, shiny|100\/100\n|switch|p2a: Iron Thorns|Iron Thorns, L50, shiny|100\/100\n|switch|p2b: Roaring Moon|Roaring Moon, L50, shiny|100\/100\n|-weather|SunnyDay|[from] ability: Drought|[of] p1b: Torkoal\n|-activate|p2b: Roaring Moon|ability: Protosynthesis\n|-start|p2b: Roaring Moon|protosynthesisspe\n|-activate|p1a: Great Tusk|ability: Protosynthesis\n|-start|p1a: Great Tusk|protosynthesisatk\n|turn|1\n|inactive|Battle timer is ON: inactive players will automatically lose when time's up. (requested by MistressQueenM)\n|\n|t:|1681832212\n|-terastallize|p2a: Iron Thorns|Flying\n|move|p1a: Great Tusk|Protect|p1a: Great Tusk\n|-singleturn|p1a: Great Tusk|Protect\n|move|p2b: Roaring Moon|Tailwind|p2b: Roaring Moon\n|-sidestart|p2: Dragontamerty9|move: Tailwind\n|move|p2a: Iron Thorns|Rock Slide|p1a: Great Tusk|[spread] \n|-activate|p1a: Great Tusk|move: Protect\n|-miss|p2a: Iron Thorns|p1b: Torkoal\n|move|p1b: Torkoal|Heat Wave|p2a: Iron Thorns|[spread] p2a,p2b\n|-resisted|p2b: Roaring Moon\n|-damage|p2a: Iron Thorns|40\/100\n|-damage|p2b: Roaring Moon|73\/100\n|\n|-weather|SunnyDay|[upkeep]\n|upkeep\n|turn|2\n|\n|t:|1681832237\n|-terastallize|p1a: Great Tusk|Ground\n|move|p1b: Torkoal|Protect|p1b: Torkoal\n|-singleturn|p1b: Torkoal|Protect\n|move|p2b: Roaring Moon|Acrobatics|p1a: Great Tusk\n|-damage|p1a: Great Tusk|85\/100\n|move|p2a: Iron Thorns|Rock Slide|p1b: Torkoal|[spread] p1a\n|-activate|p1b: Torkoal|move: Protect\n|-resisted|p1a: Great Tusk\n|-damage|p1a: Great Tusk|67\/100\n|move|p1a: Great Tusk|Ice Spinner|p2b: Roaring Moon\n|-supereffective|p2b: Roaring Moon\n|-damage|p2b: Roaring Moon|0 fnt\n|faint|p2b: Roaring Moon\n|-end|p2b: Roaring Moon|Protosynthesis|[silent]\n|-damage|p1a: Great Tusk|57\/100|[from] item: Life Orb\n|\n|-weather|SunnyDay|[upkeep]\n|upkeep\n|\n|t:|1681832253\n|switch|p2b: Amoonguss|Amoonguss, L50, F, shiny|100\/100\n|turn|3\n|\n|t:|1681832262\n|move|p2a: Iron Thorns|Rock Slide|p1b: Torkoal|[spread] p1a,p1b\n|-resisted|p1a: Great Tusk\n|-supereffective|p1b: Torkoal\n|-damage|p1a: Great Tusk|37\/100\n|-damage|p1b: Torkoal|19\/100\n|move|p1a: Great Tusk|Ice Spinner|p2a: Iron Thorns\n|-supereffective|p2a: Iron Thorns\n|-damage|p2a: Iron Thorns|0 fnt\n|faint|p2a: Iron Thorns\n|-end|p2a: Iron Thorns|Quark Drive|[silent]\n|-damage|p1a: Great Tusk|27\/100|[from] item: Life Orb\n|move|p2b: Amoonguss|Spore|p1a: Great Tusk\n|-status|p1a: Great Tusk|slp|[from] move: Spore\n|move|p1b: Torkoal|Heat Wave|p2b: Amoonguss\n|-supereffective|p2b: Amoonguss\n|-damage|p2b: Amoonguss|0 fnt\n|faint|p2b: Amoonguss\n|\n|-weather|SunnyDay|[upkeep]\n|upkeep\n|\n|t:|1681832266\n|switch|p2b: Kingambit|Kingambit, L50, F, shiny|100\/100\n|turn|4\n|\n|t:|1681832276\n|cant|p1a: Great Tusk|slp\n|move|p2b: Kingambit|Kowtow Cleave|p1b: Torkoal\n|-damage|p1b: Torkoal|0 fnt\n|faint|p1b: Torkoal\n|\n|-weather|SunnyDay|[upkeep]\n|-sideend|p2: Dragontamerty9|move: Tailwind\n|upkeep\n|\n|t:|1681832283\n|switch|p1b: Garganacl|Garganacl, L50, M, shiny|100\/100\n|turn|5\n|\n|t:|1681832288\n|cant|p1a: Great Tusk|slp\n|move|p2b: Kingambit|Kowtow Cleave|p1a: Great Tusk\n|-damage|p1a: Great Tusk|0 fnt\n|faint|p1a: Great Tusk\n|-end|p1a: Great Tusk|Protosynthesis|[silent]\n|move|p1b: Garganacl|Iron Defense|p1b: Garganacl\n|-boost|p1b: Garganacl|def|2\n|\n|-weather|none\n|upkeep\n|\n|t:|1681832291\n|switch|p1a: Murkrow|Murkrow, L50, M|100\/100\n|turn|6\n|\n|t:|1681832301\n|move|p1a: Murkrow|Tailwind|p1a: Murkrow\n|-sidestart|p1: MistressQueenM|move: Tailwind\n|move|p1b: Garganacl|Iron Defense|p1b: Garganacl\n|-boost|p1b: Garganacl|def|2\n|move|p2b: Kingambit|Iron Head|p1a: Murkrow\n|-damage|p1a: Murkrow|37\/100\n|\n|upkeep\n|turn|7\n|\n|t:|1681832307\n|move|p1a: Murkrow|Foul Play|p2b: Kingambit\n|-resisted|p2b: Kingambit\n|-damage|p2b: Kingambit|79\/100\n|move|p1b: Garganacl|Salt Cure|p2b: Kingambit\n|-resisted|p2b: Kingambit\n|-damage|p2b: Kingambit|73\/100\n|-start|p2b: Kingambit|Salt Cure\n|move|p2b: Kingambit|Iron Head|p1a: Murkrow\n|-damage|p1a: Murkrow|0 fnt\n|faint|p1a: Murkrow\n|\n|-damage|p2b: Kingambit|49\/100|[from] Salt Cure\n|upkeep\n|turn|8\n|\n|t:|1681832318\n|move|p1b: Garganacl|Iron Defense|p1b: Garganacl\n|-boost|p1b: Garganacl|def|2\n|move|p2b: Kingambit|Kowtow Cleave|p1b: Garganacl\n|-damage|p1b: Garganacl|92\/100\n|\n|-heal|p1b: Garganacl|98\/100|[from] item: Leftovers\n|-damage|p2b: Kingambit|24\/100|[from] Salt Cure\n|upkeep\n|turn|9\n|c|\u2606Dragontamerty9|gg\n|\n|t:|1681832325\n|move|p1b: Garganacl|Salt Cure|p2b: Kingambit\n|-resisted|p2b: Kingambit\n|-damage|p2b: Kingambit|19\/100\n|move|p2b: Kingambit|Kowtow Cleave|p1b: Garganacl\n|-damage|p1b: Garganacl|88\/100\n|\n|-heal|p1b: Garganacl|94\/100|[from] item: Leftovers\n|-damage|p2b: Kingambit|0 fnt|[from] Salt Cure\n|faint|p2b: Kingambit\n|\n|win|MistressQueenM\n|upkeep\n|raw|MistressQueenM's rating: 1323 → 1341<\/strong> (+18 for winning)\n|raw|Dragontamerty9's rating: 1293 → 1270<\/strong> (-23 for losing)\n|l|\u2606Dragontamerty9\n","uploadtime":1681832329,"views":6,"p1id":"mistressqueenm","p2id":"dragontamerty9","formatid":"gen9vgc2023regulationc","rating":1270,"private":0,"password":""}