{"id":"gen9vgc2023regulationc-1849524631","p1":"NirosVess","p2":"Ubsurdnotion","format":"[Gen 9] VGC 2023 Regulation C","log":"|j|\u2606NirosVess\n|j|\u2606Ubsurdnotion\n|t:|1682208825\n|gametype|doubles\n|player|p1|NirosVess|2|1118\n|player|p2|Ubsurdnotion|roughneck-gen4|1063\n|teamsize|p1|6\n|teamsize|p2|6\n|gen|9\n|tier|[Gen 9] VGC 2023 Regulation C\n|rated|\n|rule|Species Clause: Limit one of each Pok\u00e9mon\n|rule|Item Clause: Limit one of each item\n|clearpoke\n|poke|p1|Ting-Lu, L50|\n|poke|p1|Arcanine, L50, M|\n|poke|p1|Amoonguss, L50, F|\n|poke|p1|Garganacl, L50, M|\n|poke|p1|Gyarados, L50, M|\n|poke|p1|Annihilape, L50, F|\n|poke|p2|Annihilape, L50, M|\n|poke|p2|Chi-Yu, L50|\n|poke|p2|Amoonguss, L50, M|\n|poke|p2|Gyarados, L50, M|\n|poke|p2|Flutter Mane, L50|\n|poke|p2|Baxcalibur, L50, M|\n|teampreview|4\n|\n|t:|1682208868\n|start\n|switch|p1a: Ting-Lu|Ting-Lu, L50|100\/100\n|switch|p1b: Garganacl|Garganacl, L50, M|100\/100\n|switch|p2a: Chi-Yu|Chi-Yu, L50|100\/100\n|switch|p2b: Flutter Mane|Flutter Mane, L50|100\/100\n|-ability|p2a: Chi-Yu|Beads of Ruin\n|-ability|p1a: Ting-Lu|Vessel of Ruin\n|-enditem|p2b: Flutter Mane|Booster Energy\n|-activate|p2b: Flutter Mane|ability: Protosynthesis|[fromitem]\n|-start|p2b: Flutter Mane|protosynthesisspe\n|turn|1\n|\n|t:|1682208909\n|move|p1b: Garganacl|Protect|p1b: Garganacl\n|-singleturn|p1b: Garganacl|Protect\n|move|p2b: Flutter Mane|Moonblast|p1a: Ting-Lu\n|-supereffective|p1a: Ting-Lu\n|-crit|p1a: Ting-Lu\n|-damage|p1a: Ting-Lu|27\/100\n|move|p2a: Chi-Yu|Heat Wave|p1a: Ting-Lu|[spread] p1a\n|-activate|p1b: Garganacl|move: Protect\n|-damage|p1a: Ting-Lu|4\/100\n|-damage|p2a: Chi-Yu|90\/100|[from] item: Life Orb\n|move|p1a: Ting-Lu|Earthquake|p2a: Chi-Yu|[spread] p2a,p2b\n|-activate|p1b: Garganacl|move: Protect\n|-supereffective|p2a: Chi-Yu\n|-damage|p2a: Chi-Yu|0 fnt\n|-damage|p2b: Flutter Mane|30\/100\n|faint|p2a: Chi-Yu\n|\n|upkeep\n|\n|t:|1682208926\n|switch|p2a: Baxcalibur|Baxcalibur, L50, M|100\/100\n|turn|2\n|\n|t:|1682208951\n|switch|p1a: Annihilape|Annihilape, L50, F|100\/100\n|move|p2b: Flutter Mane|Dazzling Gleam|p1b: Garganacl|[spread] p1a,p1b\n|-supereffective|p1a: Annihilape\n|-damage|p1a: Annihilape|42\/100\n|-damage|p1b: Garganacl|80\/100\n|move|p2a: Baxcalibur|Glaive Rush|p1b: Garganacl\n|-damage|p1b: Garganacl|30\/100\n|-singlemove|p2a: Baxcalibur|Glaive Rush|[silent]\n|move|p1b: Garganacl|Salt Cure|p2b: Flutter Mane\n|-damage|p2b: Flutter Mane|0 fnt\n|faint|p2b: Flutter Mane\n|-end|p2b: Flutter Mane|Protosynthesis|[silent]\n|\n|-heal|p1a: Annihilape|48\/100|[from] item: Leftovers\n|upkeep\n|\n|t:|1682208969\n|switch|p2b: Annihilape|Annihilape, L50, M|100\/100\n|turn|3\n|\n|t:|1682209016\n|-terastallize|p1a: Annihilape|Fire\n|move|p2a: Baxcalibur|Protect|p2a: Baxcalibur\n|-singleturn|p2a: Baxcalibur|Protect\n|move|p1b: Garganacl|Wide Guard|p1b: Garganacl\n|-singleturn|p1b: Garganacl|Wide Guard\n|move|p1a: Annihilape|Rage Fist|p2b: Annihilape\n|-supereffective|p2b: Annihilape\n|-damage|p2b: Annihilape|23\/100\n|move|p2b: Annihilape|Rage Fist|p1a: Annihilape\n|-damage|p1a: Annihilape|0 fnt\n|faint|p1a: Annihilape\n|\n|-heal|p2b: Annihilape|29\/100|[from] item: Leftovers\n|upkeep\n|\n|t:|1682209032\n|switch|p1a: Amoonguss|Amoonguss, L50, F|100\/100\n|turn|4\n|\n|t:|1682209049\n|move|p2b: Annihilape|Drain Punch|p1b: Garganacl\n|-supereffective|p1b: Garganacl\n|-damage|p1b: Garganacl|0 fnt\n|-heal|p2b: Annihilape|43\/100|[from] drain|[of] p1b: Garganacl\n|faint|p1b: Garganacl\n|move|p2a: Baxcalibur|Icicle Crash|p1a: Amoonguss\n|-supereffective|p1a: Amoonguss\n|-damage|p1a: Amoonguss|22\/100\n|move|p1a: Amoonguss|Pollen Puff|p1: Garganacl|[notarget]\n|-fail|p1a: Amoonguss\n|\n|-heal|p2b: Annihilape|49\/100|[from] item: Leftovers\n|upkeep\n|\n|t:|1682209060\n|switch|p1b: Ting-Lu|Ting-Lu, L50|4\/100\n|-ability|p1b: Ting-Lu|Vessel of Ruin\n|turn|5\n|-message|NirosVess forfeited.\n|\n|win|Ubsurdnotion\n|raw|NirosVess's rating: 1118 → 1089<\/strong> (-29 for losing)\n|raw|Ubsurdnotion's rating: 1063 → 1098<\/strong> (+35 for winning)\n|l|\u2606NirosVess\n|c|\u2606Ubsurdnotion|gg\n","uploadtime":1682209104,"views":9,"p1id":"nirosvess","p2id":"ubsurdnotion","formatid":"gen9vgc2023regulationc","rating":1089,"private":0,"password":""}