{"id":"gen9vgc2023regulationc-1856392313","p1":"GiovanniLor","p2":"RylektVGC","format":"[Gen 9] VGC 2023 Regulation C","log":"|j|\u2606GiovanniLor\n|j|\u2606RylektVGC\n|t:|1683057058\n|gametype|doubles\n|player|p1|GiovanniLor|102|\n|player|p2|RylektVGC|flannery|\n|teamsize|p1|6\n|teamsize|p2|6\n|gen|9\n|tier|[Gen 9] VGC 2023 Regulation C\n|rule|Species Clause: Limit one of each Pok\u00e9mon\n|rule|Item Clause: Limit one of each item\n|clearpoke\n|poke|p1|Dragapult, L50, F|\n|poke|p1|Chien-Pao, L50|\n|poke|p1|Gholdengo, L50|\n|poke|p1|Amoonguss, L50, M|\n|poke|p1|Ting-Lu, L50|\n|poke|p1|Palafin, L50, M|\n|poke|p2|Maushold-Four, L50|\n|poke|p2|Gholdengo, L50|\n|poke|p2|Flutter Mane, L50|\n|poke|p2|Dragonite, L50, M|\n|poke|p2|Chien-Pao, L50|\n|poke|p2|Iron Bundle, L50|\n|teampreview|4\nRylektVGC has agreed to open team sheets.\nGiovanniLor has agreed to open team sheets.\n|c|\u2606RylektVGC|g1\n|c|\u2606GiovanniLor|gl hf\n|c|\u2606RylektVGC|glhf\n|\n|t:|1683057167\n|start\n|switch|p1a: Dragapult|Dragapult, L50, F, shiny|100\/100\n|switch|p1b: Chien-Pao|Chien-Pao, L50|100\/100\n|switch|p2a: MausTour|Maushold-Four, L50|100\/100\n|switch|p2b: Gholdengo|Gholdengo, L50|100\/100\n|-ability|p1b: Chien-Pao|Sword of Ruin\n|turn|1\n|\n|t:|1683057213\n|move|p2a: MausTour|Follow Me|p2a: MausTour\n|-singleturn|p2a: MausTour|move: Follow Me\n|move|p1a: Dragapult|Phantom Force||[still]\n|-prepare|p1a: Dragapult|Phantom Force\n|move|p1b: Chien-Pao|Sacred Sword|p2a: MausTour\n|-supereffective|p2a: MausTour\n|-crit|p2a: MausTour\n|-damage|p2a: MausTour|0 fnt\n|faint|p2a: MausTour\n|move|p2b: Gholdengo|Make It Rain|p1a: Dragapult|[spread] p1b\n|-miss|p2b: Gholdengo|p1a: Dragapult\n|-supereffective|p1b: Chien-Pao\n|-enditem|p1b: Chien-Pao|Focus Sash\n|-damage|p1b: Chien-Pao|1\/100\n|-unboost|p2b: Gholdengo|spa|1\n|\n|upkeep\n|\n|t:|1683057221\n|switch|p2a: Flutter Mane|Flutter Mane, L50|100\/100\n|turn|2\n|\n|t:|1683057234\n|-terastallize|p1b: Chien-Pao|Ice\n|-terastallize|p2b: Gholdengo|Water\n|move|p1a: Dragapult|Phantom Force|p2b: Gholdengo|[from]lockedmove\n|-damage|p2b: Gholdengo|14\/100\n|move|p1b: Chien-Pao|Ice Spinner|p2a: Flutter Mane\n|-damage|p2a: Flutter Mane|0 fnt\n|faint|p2a: Flutter Mane\n|-end|p2a: Flutter Mane|Protosynthesis|[silent]\n|move|p2b: Gholdengo|Make It Rain|p1b: Chien-Pao|[spread] p1a,p1b\n|-supereffective|p1b: Chien-Pao\n|-crit|p1b: Chien-Pao\n|-damage|p1a: Dragapult|55\/100\n|-damage|p1b: Chien-Pao|0 fnt\n|-unboost|p2b: Gholdengo|spa|1\n|faint|p1b: Chien-Pao\n|\n|-heal|p2b: Gholdengo|20\/100|[from] item: Leftovers\n|upkeep\n|\n|t:|1683057249\n|switch|p1b: Ting-Lu|Ting-Lu, L50|100\/100\n|switch|p2a: Dragonite|Dragonite, L50, M, shiny|100\/100\n|-ability|p1b: Ting-Lu|Vessel of Ruin\n|turn|3\n|\n|t:|1683057259\n|move|p1a: Dragapult|Phantom Force||[still]\n|-prepare|p1a: Dragapult|Phantom Force\n|move|p2a: Dragonite|Low Kick|p1b: Ting-Lu\n|-supereffective|p1b: Ting-Lu\n|-damage|p1b: Ting-Lu|44\/100\n|move|p2b: Gholdengo|Nasty Plot|p2b: Gholdengo\n|-boost|p2b: Gholdengo|spa|2\n|move|p1b: Ting-Lu|Ruination|p2a: Dragonite\n|-damage|p2a: Dragonite|51\/100\n|\n|-heal|p2b: Gholdengo|26\/100|[from] item: Leftovers\n|upkeep\n|turn|4\n|\n|t:|1683057283\n|move|p1a: Dragapult|Phantom Force|p2b: Gholdengo|[from]lockedmove\n|-damage|p2b: Gholdengo|0 fnt\n|faint|p2b: Gholdengo\n|move|p2a: Dragonite|Low Kick|p1b: Ting-Lu\n|-supereffective|p1b: Ting-Lu\n|-damage|p1b: Ting-Lu|0 fnt\n|faint|p1b: Ting-Lu\n|\n|upkeep\n|\n|t:|1683057289\n|switch|p1b: Amoonguss|Amoonguss, L50, M|100\/100\n|turn|5\n|\n|t:|1683057295\n|move|p2a: Dragonite|Extreme Speed|p1b: Amoonguss\n|-damage|p1b: Amoonguss|74\/100\n|move|p1a: Dragapult|Phantom Force||[still]\n|-prepare|p1a: Dragapult|Phantom Force\n|move|p1b: Amoonguss|Spore|p2a: Dragonite\n|-status|p2a: Dragonite|slp|[from] move: Spore\n|\n|upkeep\n|turn|6\n|-message|RylektVGC forfeited.\n|\n|win|GiovanniLor\n","uploadtime":1683057306,"views":9,"p1id":"giovannilor","p2id":"rylektvgc","formatid":"gen9vgc2023regulationc","rating":0,"private":0,"password":""}