{"id":"gen9vgc2023regulationc-1848959858","p1":"Maaaak","p2":"zhz2021","format":"[Gen 9] VGC 2023 Regulation C","log":"|j|\u2606Maaaak\n|j|\u2606zhz2021\n|t:|1682131329\n|gametype|doubles\n|player|p1|Maaaak|265|1538\n|player|p2|zhz2021|marley|1630\n|teamsize|p1|6\n|teamsize|p2|6\n|gen|9\n|tier|[Gen 9] VGC 2023 Regulation C\n|rated|\n|rule|Species Clause: Limit one of each Pok\u00e9mon\n|rule|Item Clause: Limit one of each item\n|clearpoke\n|poke|p1|Flutter Mane, L50|\n|poke|p1|Arcanine, L50, M|\n|poke|p1|Chien-Pao, L50|\n|poke|p1|Gholdengo, L50|\n|poke|p1|Great Tusk, L50|\n|poke|p1|Iron Jugulis, L50|\n|poke|p2|Roaring Moon, L50|\n|poke|p2|Brambleghast, L50, M|\n|poke|p2|Iron Hands, L50|\n|poke|p2|Maushold-Four, L50|\n|poke|p2|Flutter Mane, L50|\n|poke|p2|Chi-Yu, L50|\n|teampreview|4\n|inactive|Battle timer is ON: inactive players will automatically lose when time's up. (requested by Maaaak)\n|inactive|Maaaak has 60 seconds left.\n|\n|t:|1682131388\n|start\n|switch|p1a: Iron Jugulis|Iron Jugulis, L50|100\/100\n|switch|p1b: Flutter Mane|Flutter Mane, L50, shiny|100\/100\n|switch|p2a: \u65e0\u5c3d\u6218\u795e|Maushold-Four, L50|100\/100\n|switch|p2b: \u9b3c\u6708|Roaring Moon, L50|100\/100\n|-enditem|p2b: \u9b3c\u6708|Booster Energy\n|-activate|p2b: \u9b3c\u6708|ability: Protosynthesis|[fromitem]\n|-start|p2b: \u9b3c\u6708|protosynthesisspe\n|-enditem|p1a: Iron Jugulis|Booster Energy\n|-activate|p1a: Iron Jugulis|ability: Quark Drive|[fromitem]\n|-start|p1a: Iron Jugulis|quarkdrivespe\n|turn|1\n|inactive|Maaaak has 30 seconds left.\n|inactive|Maaaak has 20 seconds left.\n|\n|t:|1682131424\n|-end|p1b: Flutter Mane|Protosynthesis|[silent]\n|switch|p1b: Arcanine|Arcanine, L50, M|100\/100\n|-ability|p1b: Arcanine|Intimidate|boost\n|-unboost|p2a: \u65e0\u5c3d\u6218\u795e|atk|1\n|-unboost|p2b: \u9b3c\u6708|atk|1\n|-terastallize|p2b: \u9b3c\u6708|Ghost\n|move|p2b: \u9b3c\u6708|Tailwind|p2b: \u9b3c\u6708\n|-sidestart|p2: zhz2021|move: Tailwind\n|move|p2a: \u65e0\u5c3d\u6218\u795e|Population Bomb|p1a: Iron Jugulis\n|-damage|p1a: Iron Jugulis|92\/100\n|-damage|p1a: Iron Jugulis|83\/100\n|-damage|p1a: Iron Jugulis|73\/100\n|-damage|p1a: Iron Jugulis|63\/100\n|-damage|p1a: Iron Jugulis|54\/100\n|-damage|p1a: Iron Jugulis|44\/100\n|-damage|p1a: Iron Jugulis|35\/100\n|-hitcount|p1a: Iron Jugulis|7\n|move|p1a: Iron Jugulis|Tailwind|p1a: Iron Jugulis\n|-sidestart|p1: Maaaak|move: Tailwind\n|\n|upkeep\n|turn|2\n|inactive|Maaaak has 30 seconds left.\n|\n|t:|1682131457\n|switch|p1b: Flutter Mane|Flutter Mane, L50, shiny|100\/100\n|move|p2b: \u9b3c\u6708|Taunt|p1b: Flutter Mane\n|-start|p1b: Flutter Mane|move: Taunt\n|move|p1a: Iron Jugulis|Snarl|p2b: \u9b3c\u6708|[spread] p2a,p2b\n|-supereffective|p2b: \u9b3c\u6708\n|-damage|p2a: \u65e0\u5c3d\u6218\u795e|70\/100\n|-damage|p2b: \u9b3c\u6708|60\/100\n|-unboost|p2a: \u65e0\u5c3d\u6218\u795e|spa|1\n|-unboost|p2b: \u9b3c\u6708|spa|1\n|move|p2a: \u65e0\u5c3d\u6218\u795e|Population Bomb|p1a: Iron Jugulis\n|-damage|p1a: Iron Jugulis|26\/100\n|-damage|p1a: Iron Jugulis|17\/100\n|-damage|p1a: Iron Jugulis|8\/100\n|-damage|p1a: Iron Jugulis|0 fnt\n|faint|p1a: Iron Jugulis\n|-end|p1a: Iron Jugulis|Quark Drive|[silent]\n|-hitcount|p1: Iron Jugulis|4\n|\n|upkeep\n|\n|t:|1682131479\n|switch|p1a: Arcanine|Arcanine, L50, M|100\/100\n|-ability|p1a: Arcanine|Intimidate|boost\n|-unboost|p2a: \u65e0\u5c3d\u6218\u795e|atk|1\n|-unboost|p2b: \u9b3c\u6708|atk|1\n|turn|3\n|j| Piccolo Ruiz\n|j| Daiji256\n|\n|t:|1682131492\n|-terastallize|p1a: Arcanine|Normal\n|move|p2a: \u65e0\u5c3d\u6218\u795e|Feint|p1a: Arcanine\n|-damage|p1a: Arcanine|91\/100\n|move|p1a: Arcanine|Extreme Speed|p2a: \u65e0\u5c3d\u6218\u795e\n|-damage|p2a: \u65e0\u5c3d\u6218\u795e|0 fnt\n|faint|p2a: \u65e0\u5c3d\u6218\u795e\n|move|p2b: \u9b3c\u6708|Taunt|p1a: Arcanine\n|-start|p1a: Arcanine|move: Taunt\n|move|p1b: Flutter Mane|Shadow Ball|p2b: \u9b3c\u6708\n|-supereffective|p2b: \u9b3c\u6708\n|-damage|p2b: \u9b3c\u6708|0 fnt\n|faint|p2b: \u9b3c\u6708\n|-end|p2b: \u9b3c\u6708|Protosynthesis|[silent]\n|\n|upkeep\n|\n|t:|1682131499\n|switch|p2b: \u5929\u9053|Chi-Yu, L50|100\/100\n|switch|p2a: \u4e9a\u68a6|Flutter Mane, L50|100\/100\n|-ability|p2b: \u5929\u9053|Beads of Ruin\n|turn|4\n|\n|t:|1682131522\n|-end|p1b: Flutter Mane|Protosynthesis|[silent]\n|switch|p1b: Great Tusk|Great Tusk, L50|100\/100\n|move|p2b: \u5929\u9053|Protect|p2b: \u5929\u9053\n|-singleturn|p2b: \u5929\u9053|Protect\n|move|p1a: Arcanine|Extreme Speed|p2b: \u5929\u9053\n|-activate|p2b: \u5929\u9053|move: Protect\n|move|p2a: \u4e9a\u68a6|Dazzling Gleam|p1a: Arcanine|[spread] p1a,p1b\n|-supereffective|p1b: Great Tusk\n|-damage|p1a: Arcanine|44\/100\n|-damage|p1b: Great Tusk|6\/100\n|\n|-sideend|p2: zhz2021|move: Tailwind\n|-sideend|p1: Maaaak|move: Tailwind\n|upkeep\n|turn|5\n|\n|t:|1682131541\n|move|p1b: Great Tusk|Protect|p1b: Great Tusk\n|-singleturn|p1b: Great Tusk|Protect\n|move|p1a: Arcanine|Extreme Speed|p2b: \u5929\u9053\n|-damage|p2b: \u5929\u9053|0 fnt\n|faint|p2b: \u5929\u9053\n|move|p2a: \u4e9a\u68a6|Dazzling Gleam|p1b: Great Tusk|[spread] p1a\n|-activate|p1b: Great Tusk|move: Protect\n|-damage|p1a: Arcanine|10\/100\n|\n|upkeep\n|turn|6\n|inactive|Maaaak has 30 seconds left.\n|\n|t:|1682131573\n|move|p1b: Great Tusk|Protect||[still]\n|-fail|p1b: Great Tusk\n|move|p1a: Arcanine|Extreme Speed|p2a: \u4e9a\u68a6\n|-immune|p2a: \u4e9a\u68a6\n|move|p2a: \u4e9a\u68a6|Dazzling Gleam|p1a: Arcanine|[spread] p1a,p1b\n|-supereffective|p1b: Great Tusk\n|-damage|p1a: Arcanine|0 fnt\n|-damage|p1b: Great Tusk|0 fnt\n|faint|p1a: Arcanine\n|faint|p1b: Great Tusk\n|-end|p1b: Great Tusk|Protosynthesis|[silent]\n|\n|upkeep\n|\n|t:|1682131585\n|switch|p1b: Flutter Mane|Flutter Mane, L50, shiny|100\/100\n|turn|7\n|\n|t:|1682131593\n|move|p2a: \u4e9a\u68a6|Shadow Ball|p1b: Flutter Mane\n|-supereffective|p1b: Flutter Mane\n|-damage|p1b: Flutter Mane|4\/100\n|-unboost|p1b: Flutter Mane|spd|1\n|move|p1b: Flutter Mane|Shadow Ball|p2a: \u4e9a\u68a6\n|-supereffective|p2a: \u4e9a\u68a6\n|-damage|p2a: \u4e9a\u68a6|7\/100\n|\n|upkeep\n|turn|8\n|\n|t:|1682131609\n|move|p2a: \u4e9a\u68a6|Dazzling Gleam|p1b: Flutter Mane\n|-damage|p1b: Flutter Mane|0 fnt\n|faint|p1b: Flutter Mane\n|-end|p1b: Flutter Mane|Protosynthesis|[silent]\n|\n|win|zhz2021\n|raw|Maaaak's rating: 1538 → 1523<\/strong> (-15 for losing)\n|raw|zhz2021's rating: 1630 → 1645<\/strong> (+15 for winning)\n|l|\u2606Maaaak\n","uploadtime":1682131617,"views":8,"p1id":"maaaak","p2id":"zhz2021","formatid":"gen9vgc2023regulationc","rating":1523,"private":0,"password":""}