{"id":"gen9vgc2023regulationc-1848744910","p1":"WillieDangerously","p2":"smash strechem","format":"[Gen 9] VGC 2023 Regulation C","log":"|j|\u2606WillieDangerously\n|j|\u2606smash strechem\n|t:|1682106139\n|gametype|doubles\n|player|p1|WillieDangerously|psychic-gen4|1079\n|player|p2|smash strechem|red|1077\n|teamsize|p1|6\n|teamsize|p2|6\n|gen|9\n|tier|[Gen 9] VGC 2023 Regulation C\n|rated|\n|rule|Species Clause: Limit one of each Pok\u00e9mon\n|rule|Item Clause: Limit one of each item\n|clearpoke\n|poke|p1|Espathra, L50, F|\n|poke|p1|Iron Bundle, L50|\n|poke|p1|Iron Valiant, L50|\n|poke|p1|Salamence, L50, F|\n|poke|p1|Scizor, L50, F|\n|poke|p1|Sandy Shocks, L50|\n|poke|p2|Meowscarada, L50, M|\n|poke|p2|Volcarona, L50, M|\n|poke|p2|Dragapult, L50, M|\n|poke|p2|Scream Tail, L50|\n|poke|p2|Espathra, L50, M|\n|poke|p2|Altaria, L50, M|\n|teampreview|4\n|inactive|Battle timer is ON: inactive players will automatically lose when time's up. (requested by smash strechem)\n|\n|t:|1682106188\n|start\n|switch|p1a: Espathra|Espathra, L50, F|100\/100\n|switch|p1b: Sandy Shocks|Sandy Shocks, L50|100\/100\n|switch|p2a: Espathra|Espathra, L50, M|100\/100\n|switch|p2b: Meowscarada|Meowscarada, L50, M|100\/100\n|-enditem|p1b: Sandy Shocks|Booster Energy\n|-activate|p1b: Sandy Shocks|ability: Protosynthesis|[fromitem]\n|-start|p1b: Sandy Shocks|protosynthesisspe\n|turn|1\n|inactive|WillieDangerously has 30 seconds left.\n|inactive|smash strechem has 30 seconds left.\n|inactive|WillieDangerously has 20 seconds left.\n|inactive|WillieDangerously has 15 seconds left.\n|inactive|WillieDangerously has 10 seconds left.\n|\n|t:|1682106234\n|move|p1b: Sandy Shocks|Protect|p1b: Sandy Shocks\n|-singleturn|p1b: Sandy Shocks|Protect\n|move|p2b: Meowscarada|Knock Off|p1a: Espathra\n|-supereffective|p1a: Espathra\n|-damage|p1a: Espathra|0 fnt\n|-enditem|p1a: Espathra|Covert Cloak|[from] move: Knock Off|[of] p2b: Meowscarada\n|faint|p1a: Espathra\n|move|p2a: Espathra|Calm Mind|p2a: Espathra\n|-boost|p2a: Espathra|spa|1\n|-boost|p2a: Espathra|spd|1\n|\n|-ability|p2a: Espathra|Speed Boost|boost\n|-boost|p2a: Espathra|spe|1\n|upkeep\n|\n|t:|1682106243\n|switch|p1a: Iron Valiant|Iron Valiant, L50|100\/100\n|turn|2\n|\n|t:|1682106262\n|-terastallize|p1a: Iron Valiant|Fairy\n|move|p1b: Sandy Shocks|Gravity|p1b: Sandy Shocks\n|-fieldstart|move: Gravity\n|move|p2a: Espathra|Baton Pass|p2a: Espathra\n|\n|t:|1682106267\n|switch|p2a: Altaria|Altaria, L50, M|100\/100|[from] Baton Pass\n|move|p1a: Iron Valiant|Hypnosis|p2a: Altaria\n|-status|p2a: Altaria|slp|[from] move: Hypnosis\n|move|p2b: Meowscarada|Knock Off|p1b: Sandy Shocks\n|-damage|p1b: Sandy Shocks|43\/100\n|\n|upkeep\n|turn|3\n|inactive|WillieDangerously has 30 seconds left.\n|inactive|smash strechem has 30 seconds left.\n|\n|t:|1682106296\n|-terastallize|p2a: Altaria|Fairy\n|move|p1b: Sandy Shocks|Earth Power|p2b: Meowscarada\n|-resisted|p2b: Meowscarada\n|-damage|p2b: Meowscarada|67\/100\n|move|p1a: Iron Valiant|Moonblast|p2b: Meowscarada\n|-supereffective|p2b: Meowscarada\n|-damage|p2b: Meowscarada|0 fnt\n|faint|p2b: Meowscarada\n|cant|p2a: Altaria|slp\n|\n|upkeep\n|\n|t:|1682106307\n|switch|p2b: Espathra|Espathra, L50, M|100\/100\n|turn|4\n|\n|t:|1682106316\n|move|p2b: Espathra|Protect|p2b: Espathra\n|-singleturn|p2b: Espathra|Protect\n|move|p1b: Sandy Shocks|Thunder|p2a: Altaria\n|-damage|p2a: Altaria|69\/100 slp\n|move|p1a: Iron Valiant|Hypnosis|p2b: Espathra\n|-activate|p2b: Espathra|move: Protect\n|cant|p2a: Altaria|slp\n|\n|-heal|p2a: Altaria|75\/100 slp|[from] item: Leftovers\n|-ability|p2b: Espathra|Speed Boost|boost\n|-boost|p2b: Espathra|spe|1\n|upkeep\n|turn|5\n|\n|t:|1682106336\n|move|p1b: Sandy Shocks|Thunder|p2b: Espathra\n|-damage|p2b: Espathra|45\/100\n|move|p2b: Espathra|Lumina Crash|p1a: Iron Valiant\n|-damage|p1a: Iron Valiant|54\/100\n|-unboost|p1a: Iron Valiant|spd|2\n|move|p1a: Iron Valiant|Moonblast|p2a: Altaria\n|-damage|p2a: Altaria|37\/100 slp\n|-curestatus|p2a: Altaria|slp|[msg]\n|move|p2a: Altaria|Cotton Guard|p2a: Altaria\n|-boost|p2a: Altaria|def|3\n|\n|-heal|p2a: Altaria|43\/100|[from] item: Leftovers\n|-ability|p2b: Espathra|Speed Boost|boost\n|-boost|p2b: Espathra|spe|1\n|upkeep\n|turn|6\n|inactive|WillieDangerously has 30 seconds left.\n|inactive|smash strechem has 30 seconds left.\n|\n|t:|1682106361\n|move|p1a: Iron Valiant|Protect|p1a: Iron Valiant\n|-singleturn|p1a: Iron Valiant|Protect\n|move|p1b: Sandy Shocks|Thunder|p2b: Espathra\n|-damage|p2b: Espathra|0 fnt\n|faint|p2b: Espathra\n|move|p2a: Altaria|Roost|p2a: Altaria\n|-heal|p2a: Altaria|93\/100\n|\n|-heal|p2a: Altaria|99\/100|[from] item: Leftovers\n|-fieldend|move: Gravity\n|upkeep\n|\n|t:|1682106372\n|switch|p2b: Volcarona|Volcarona, L50, M|100\/100\n|turn|7\n|\n|t:|1682106384\n|move|p1b: Sandy Shocks|Gravity|p1b: Sandy Shocks\n|-fieldstart|move: Gravity\n|move|p1a: Iron Valiant|Hypnosis|p2a: Altaria\n|-status|p2a: Altaria|slp|[from] move: Hypnosis\n|cant|p2a: Altaria|slp\n|move|p2b: Volcarona|Giga Drain|p1b: Sandy Shocks\n|-supereffective|p1b: Sandy Shocks\n|-damage|p1b: Sandy Shocks|0 fnt\n|faint|p1b: Sandy Shocks\n|-end|p1b: Sandy Shocks|Protosynthesis|[silent]\n|\n|-heal|p2a: Altaria|100\/100 slp|[from] item: Leftovers\n|upkeep\n|\n|t:|1682106393\n|switch|p1b: Iron Bundle|Iron Bundle, L50|100\/100\n|turn|8\n|\n|t:|1682106403\n|move|p1b: Iron Bundle|Blizzard|p2a: Altaria|[spread] p2a,p2b\n|-resisted|p2b: Volcarona\n|-damage|p2a: Altaria|77\/100 slp\n|-damage|p2b: Volcarona|82\/100\n|move|p1a: Iron Valiant|Hypnosis|p2b: Volcarona\n|-status|p2b: Volcarona|slp|[from] move: Hypnosis\n|cant|p2a: Altaria|slp\n|cant|p2b: Volcarona|slp\n|\n|-heal|p2a: Altaria|83\/100 slp|[from] item: Leftovers\n|upkeep\n|turn|9\n|\n|t:|1682106422\n|move|p1b: Iron Bundle|Hydro Pump|p2b: Volcarona\n|-supereffective|p2b: Volcarona\n|-damage|p2b: Volcarona|0 fnt\n|faint|p2b: Volcarona\n|move|p1a: Iron Valiant|Moonblast|p2a: Altaria\n|-damage|p2a: Altaria|49\/100 slp\n|-unboost|p2a: Altaria|spa|1\n|cant|p2a: Altaria|slp\n|\n|-heal|p2a: Altaria|55\/100 slp|[from] item: Leftovers\n|upkeep\n|turn|10\n|\n|t:|1682106439\n|move|p1b: Iron Bundle|Blizzard|p2a: Altaria\n|-damage|p2a: Altaria|24\/100 slp\n|move|p1a: Iron Valiant|Moonblast|p2a: Altaria\n|-damage|p2a: Altaria|0 fnt\n|faint|p2a: Altaria\n|\n|win|WillieDangerously\n|raw|WillieDangerously's rating: 1079 → 1107<\/strong> (+28 for winning)\n|raw|smash strechem's rating: 1077 → 1056<\/strong> (-21 for losing)\n|l|\u2606smash strechem\n","uploadtime":1682106443,"views":7,"p1id":"williedangerously","p2id":"smashstrechem","formatid":"gen9vgc2023regulationc","rating":1056,"private":0,"password":""}