{"id":"gen9vgc2023regulationc-1860019386","p1":"boat emoji","p2":"Dongle Ponk","format":"[Gen 9] VGC 2023 Regulation C","log":"|j|\u2606boat emoji\n|j|\u2606Dongle Ponk\n|t:|1683585793\n|gametype|doubles\n|player|p1|boat emoji|caitlin|1112\n|player|p2|Dongle Ponk|swimmer|1005\n|teamsize|p1|6\n|teamsize|p2|6\n|gen|9\n|tier|[Gen 9] VGC 2023 Regulation C\n|rated|\n|rule|Species Clause: Limit one of each Pok\u00e9mon\n|rule|Item Clause: Limit one of each item\n|clearpoke\n|poke|p1|Kingambit, L50, M|\n|poke|p1|Torkoal, L50, M|\n|poke|p1|Flutter Mane, L50|\n|poke|p1|Jumpluff, L50, F|\n|poke|p1|Great Tusk, L50|\n|poke|p1|Chien-Pao, L50|\n|poke|p2|Scream Tail, L50|\n|poke|p2|Gothitelle, L50, M|\n|poke|p2|Flutter Mane, L50|\n|poke|p2|Amoonguss, L50, F|\n|poke|p2|Iron Hands, L50|\n|poke|p2|Iron Bundle, L50|\n|teampreview|4\n|inactive|Battle timer is ON: inactive players will automatically lose when time's up. (requested by Dongle Ponk)\n|inactive|boat emoji also wants the timer to be on.\n|inactive|boat emoji has 60 seconds left.\nDongle Ponk rejected open team sheets.\n|\n|t:|1683585850\n|start\n|switch|p1a: Torkoal|Torkoal, L50, M, shiny|100\/100\n|switch|p1b: Kingambit|Kingambit, L50, M, shiny|100\/100\n|switch|p2a: Scream Tail|Scream Tail, L50|100\/100\n|switch|p2b: Iron Hands|Iron Hands, L50|100\/100\n|-weather|SunnyDay|[from] ability: Drought|[of] p1a: Torkoal\n|-activate|p2a: Scream Tail|ability: Protosynthesis\n|-start|p2a: Scream Tail|protosynthesisspe\n|turn|1\n|inactive|boat emoji has 30 seconds left.\n|inactive|Dongle Ponk has 30 seconds left.\n|\n|t:|1683585883\n|-terastallize|p1b: Kingambit|Fire\n|move|p2b: Iron Hands|Fake Out|p1b: Kingambit\n|-damage|p1b: Kingambit|86\/100\n|-damage|p2b: Iron Hands|91\/100|[from] item: Life Orb\n|move|p2a: Scream Tail|Perish Song|p2a: Scream Tail\n|-start|p1a: Torkoal|perish3|[silent]\n|-start|p1b: Kingambit|perish3|[silent]\n|-start|p2a: Scream Tail|perish3|[silent]\n|-start|p2b: Iron Hands|perish3|[silent]\n|-fieldactivate|move: Perish Song\n|cant|p1b: Kingambit|flinch\n|move|p1a: Torkoal|Overheat|p2b: Iron Hands\n|-damage|p2b: Iron Hands|11\/100\n|-unboost|p1a: Torkoal|spa|2\n|-enditem|p1a: Torkoal|Eject Pack\n|\n|t:|1683585897\n|switch|p1a: Jumpluff|Jumpluff, L50, F, shiny|100\/100\n|\n|-weather|SunnyDay|[upkeep]\n|-start|p2a: Scream Tail|perish3\n|-start|p1b: Kingambit|perish3\n|-start|p2b: Iron Hands|perish3\n|upkeep\n|turn|2\n|inactive|boat emoji has 30 seconds left.\n|\n|t:|1683585929\n|-end|p2a: Scream Tail|Protosynthesis|[silent]\n|switch|p2a: Gothitelle|Gothitelle, L50, M|100\/100\n|move|p2b: Iron Hands|Protect|p2b: Iron Hands\n|-singleturn|p2b: Iron Hands|Protect\n|move|p1a: Jumpluff|Tailwind|p1a: Jumpluff\n|-sidestart|p1: boat emoji|move: Tailwind\n|move|p1b: Kingambit|Tera Blast|p2b: Iron Hands\n|-activate|p2b: Iron Hands|move: Protect\n|\n|-weather|SunnyDay|[upkeep]\n|-start|p1b: Kingambit|perish2\n|-start|p2b: Iron Hands|perish2\n|upkeep\n|turn|3\n|\n|t:|1683585960\n|-end|p2b: Iron Hands|Quark Drive|[silent]\n|switch|p2b: Iron Bundle|Iron Bundle, L50|100\/100\n|move|p2a: Gothitelle|Fake Out|p1b: Kingambit\n|-damage|p1b: Kingambit|81\/100\n|move|p1a: Jumpluff|Encore||[still]\n|-fail|p1a: Jumpluff\n|cant|p1b: Kingambit|flinch\n|\n|-weather|SunnyDay|[upkeep]\n|-start|p1b: Kingambit|perish1\n|upkeep\n|turn|4\n|inactive|boat emoji has 30 seconds left.\n|\n|t:|1683585991\n|move|p2a: Gothitelle|Protect|p2a: Gothitelle\n|-singleturn|p2a: Gothitelle|Protect\n|move|p1a: Jumpluff|Leaf Storm|p2b: Iron Bundle\n|-supereffective|p2b: Iron Bundle\n|-damage|p2b: Iron Bundle|0 fnt\n|-unboost|p1a: Jumpluff|spa|2\n|faint|p2b: Iron Bundle\n|-end|p2b: Iron Bundle|Quark Drive|[silent]\n|move|p1b: Kingambit|Tera Blast|p2a: Gothitelle\n|-activate|p2a: Gothitelle|move: Protect\n|\n|-weather|SunnyDay|[upkeep]\n|-start|p1b: Kingambit|perish0\n|faint|p1b: Kingambit\n|upkeep\n|\n|t:|1683586002\n|switch|p2b: Scream Tail|Scream Tail, L50|100\/100\n|switch|p1b: Flutter Mane|Flutter Mane, L50, shiny|100\/100\n|-activate|p1b: Flutter Mane|ability: Protosynthesis\n|-start|p1b: Flutter Mane|protosynthesisspa\n|-activate|p2b: Scream Tail|ability: Protosynthesis\n|-start|p2b: Scream Tail|protosynthesisspe\n|turn|5\n|\n|t:|1683586024\n|move|p2a: Gothitelle|Protect|p2a: Gothitelle\n|-singleturn|p2a: Gothitelle|Protect\n|move|p1a: Jumpluff|Encore|p2a: Gothitelle\n|-activate|p2a: Gothitelle|move: Protect\n|move|p1b: Flutter Mane|Shadow Ball|p2b: Scream Tail\n|-supereffective|p2b: Scream Tail\n|-damage|p2b: Scream Tail|0 fnt\n|faint|p2b: Scream Tail\n|-end|p2b: Scream Tail|Protosynthesis|[silent]\n|\n|-weather|none\n|-end|p1b: Flutter Mane|Protosynthesis\n|-sideend|p1: boat emoji|move: Tailwind\n|upkeep\n|-message|Dongle Ponk forfeited.\n|\n|win|boat emoji\n|raw|boat emoji's rating: 1112 → 1130<\/strong> (+18 for winning)\n|raw|Dongle Ponk's rating: 1005 → 1000<\/strong> (-5 for losing)\n|l|\u2606Dongle Ponk\n","uploadtime":1683586044,"views":10,"p1id":"boatemoji","p2id":"dongleponk","formatid":"gen9vgc2023regulationc","rating":1000,"private":0,"password":""}