{"id":"gen9vgc2023regulationc-1854418163","p1":"Escpd","p2":"AfuroVictini","format":"[Gen 9] VGC 2023 Regulation C","log":"|j|\u2606Escpd\n|j|\u2606AfuroVictini\n|t:|1682808381\n|gametype|doubles\n|player|p1|Escpd|candice|1180\n|player|p2|AfuroVictini|miriam|1147\n|teamsize|p1|6\n|teamsize|p2|6\n|gen|9\n|tier|[Gen 9] VGC 2023 Regulation C\n|rated|\n|rule|Species Clause: Limit one of each Pok\u00e9mon\n|rule|Item Clause: Limit one of each item\n|clearpoke\n|poke|p1|Clawitzer, L50, M|\n|poke|p1|Annihilape, L50, F|\n|poke|p1|Farigiraf, L50, M|\n|poke|p1|Kingambit, L50, M|\n|poke|p1|Dragalge, L50, F|\n|poke|p1|Wo-Chien, L50|\n|poke|p2|Amoonguss, L50, M|\n|poke|p2|Chi-Yu, L50|\n|poke|p2|Azumarill, L50, M|\n|poke|p2|Volcarona, L50, F|\n|poke|p2|Dragapult, L50, M|\n|poke|p2|Flutter Mane, L50|\n|teampreview|4\n|\n|t:|1682808427\n|start\n|switch|p1a: Clawitzer|Clawitzer, L50, M|100\/100\n|switch|p1b: Wo-Chien|Wo-Chien, L50|100\/100\n|switch|p2a: Chi-Yu|Chi-Yu, L50|100\/100\n|switch|p2b: Azumarill|Azumarill, L50, M|100\/100\n|-ability|p2a: Chi-Yu|Beads of Ruin\n|-ability|p1b: Wo-Chien|Tablets of Ruin\n|turn|1\n|\n|t:|1682808459\n|move|p2a: Chi-Yu|Protect|p2a: Chi-Yu\n|-singleturn|p2a: Chi-Yu|Protect\n|move|p2b: Azumarill|Ice Spinner|p1b: Wo-Chien\n|-supereffective|p1b: Wo-Chien\n|-damage|p1b: Wo-Chien|53\/100\n|move|p1b: Wo-Chien|Leech Seed|p2b: Azumarill\n|-start|p2b: Azumarill|move: Leech Seed\n|move|p1a: Clawitzer|Water Pulse|p2a: Chi-Yu\n|-activate|p2a: Chi-Yu|move: Protect\n|\n|-damage|p2b: Azumarill|88\/100|[from] Leech Seed|[of] p1b: Wo-Chien\n|-heal|p1b: Wo-Chien|66\/100|[silent]\n|upkeep\n|turn|2\n|\n|t:|1682808491\n|move|p2a: Chi-Yu|Heat Wave|p1b: Wo-Chien|[spread] p1a,p1b\n|-resisted|p1a: Clawitzer\n|-supereffective|p1b: Wo-Chien\n|-damage|p1a: Clawitzer|76\/100\n|-damage|p1b: Wo-Chien|12\/100\n|-status|p1b: Wo-Chien|brn\n|-enditem|p1b: Wo-Chien|Sitrus Berry|[eat]\n|-heal|p1b: Wo-Chien|37\/100 brn|[from] item: Sitrus Berry\n|move|p2b: Azumarill|Play Rough|p1a: Clawitzer\n|-damage|p1a: Clawitzer|16\/100\n|move|p1b: Wo-Chien|Snarl|p2b: Azumarill|[spread] p2a,p2b\n|-resisted|p2a: Chi-Yu\n|-resisted|p2b: Azumarill\n|-damage|p2a: Chi-Yu|92\/100\n|-damage|p2b: Azumarill|83\/100\n|-unboost|p2a: Chi-Yu|spa|1\n|-unboost|p2b: Azumarill|spa|1\n|move|p1a: Clawitzer|Water Pulse|p2a: Chi-Yu\n|-supereffective|p2a: Chi-Yu\n|-damage|p2a: Chi-Yu|0 fnt\n|faint|p2a: Chi-Yu\n|-damage|p1a: Clawitzer|7\/100|[from] item: Life Orb\n|\n|-damage|p2b: Azumarill|71\/100|[from] Leech Seed|[of] p1b: Wo-Chien\n|-heal|p1b: Wo-Chien|50\/100 brn|[silent]\n|-damage|p1b: Wo-Chien|44\/100 brn|[from] brn\n|upkeep\n|\n|t:|1682808499\n|switch|p2a: Flutter Mane|Flutter Mane, L50|100\/100\n|-enditem|p2a: Flutter Mane|Booster Energy\n|-activate|p2a: Flutter Mane|ability: Protosynthesis|[fromitem]\n|-start|p2a: Flutter Mane|protosynthesisspe\n|turn|3\n|\n|t:|1682808520\n|switch|p2b: Amoonguss|Amoonguss, L50, M|100\/100\n|move|p2a: Flutter Mane|Dazzling Gleam|p1a: Clawitzer|[spread] p1a,p1b\n|-supereffective|p1b: Wo-Chien\n|-damage|p1a: Clawitzer|0 fnt\n|-damage|p1b: Wo-Chien|11\/100 brn\n|faint|p1a: Clawitzer\n|move|p1b: Wo-Chien|Snarl|p2a: Flutter Mane|[spread] p2a,p2b\n|-damage|p2a: Flutter Mane|89\/100\n|-damage|p2b: Amoonguss|90\/100\n|-unboost|p2a: Flutter Mane|spa|1\n|-unboost|p2b: Amoonguss|spa|1\n|\n|-heal|p2b: Amoonguss|95\/100|[from] item: Black Sludge\n|-damage|p1b: Wo-Chien|6\/100 brn|[from] brn\n|upkeep\n|\n|t:|1682808531\n|switch|p1a: Farigiraf|Farigiraf, L50, M|100\/100\n|turn|4\n|\n|t:|1682808539\n|move|p2a: Flutter Mane|Dazzling Gleam|p1b: Wo-Chien|[spread] p1a,p1b\n|-supereffective|p1b: Wo-Chien\n|-damage|p1a: Farigiraf|86\/100\n|-damage|p1b: Wo-Chien|0 fnt\n|faint|p1b: Wo-Chien\n|move|p2b: Amoonguss|Spore|p1a: Farigiraf\n|-activate|p1a: Farigiraf|item: Safety Goggles|Spore\n|move|p1a: Farigiraf|Trick Room|p1a: Farigiraf\n|-fieldstart|move: Trick Room|[of] p1a: Farigiraf\n|\n|-heal|p2b: Amoonguss|100\/100|[from] item: Black Sludge\n|upkeep\n|\n|t:|1682808543\n|switch|p1b: Annihilape|Annihilape, L50, F|100\/100\n|turn|5\n|\n|t:|1682808562\n|move|p1a: Farigiraf|Ally Switch|p1a: Farigiraf\n|swap|p1a: Farigiraf|1|[from] move: Ally Switch\n|move|p2b: Amoonguss|Spore|p1b: Farigiraf\n|-activate|p1b: Farigiraf|item: Safety Goggles|Spore\n|move|p1a: Annihilape|Rage Fist|p2a: Flutter Mane\n|-supereffective|p2a: Flutter Mane\n|-damage|p2a: Flutter Mane|1\/100\n|move|p2a: Flutter Mane|Shadow Ball|p1b: Farigiraf\n|-immune|p1b: Farigiraf\n|\n|upkeep\n|turn|6\n|\n|t:|1682808590\n|move|p1a: Annihilape|Protect|p1a: Annihilape\n|-singleturn|p1a: Annihilape|Protect\n|move|p2b: Amoonguss|Spore|p1a: Annihilape\n|-activate|p1a: Annihilape|move: Protect\n|move|p1b: Farigiraf|Beat Up|p2a: Flutter Mane\n|-damage|p2a: Flutter Mane|0 fnt\n|faint|p2a: Flutter Mane\n|-end|p2a: Flutter Mane|Protosynthesis|[silent]\n|-hitcount|p2: Flutter Mane|1\n|\n|upkeep\n|\n|t:|1682808592\n|switch|p2a: Azumarill|Azumarill, L50, M|71\/100\n|turn|7\n|\n|t:|1682808615\n|move|p2b: Amoonguss|Spore|p1b: Farigiraf\n|-activate|p1b: Farigiraf|item: Safety Goggles|Spore\n|move|p1b: Farigiraf|Hyper Voice|p2b: Amoonguss|[spread] p2a,p2b\n|-damage|p2a: Azumarill|51\/100\n|-damage|p2b: Amoonguss|77\/100\n|move|p2a: Azumarill|Play Rough|p1a: Annihilape\n|-supereffective|p1a: Annihilape\n|-damage|p1a: Annihilape|0 fnt\n|faint|p1a: Annihilape\n|\n|-heal|p2b: Amoonguss|83\/100|[from] item: Black Sludge\n|upkeep\n|turn|8\n|\n|t:|1682808627\n|-terastallize|p1b: Farigiraf|Normal\n|move|p2b: Amoonguss|Pollen Puff|p2a: Azumarill\n|-heal|p2a: Azumarill|100\/100\n|move|p1b: Farigiraf|Hyper Voice|p2a: Azumarill|[spread] p2a,p2b\n|-damage|p2a: Azumarill|76\/100\n|-damage|p2b: Amoonguss|54\/100\n|move|p2a: Azumarill|Liquidation|p1b: Farigiraf\n|-damage|p1b: Farigiraf|23\/100\n|\n|-heal|p2b: Amoonguss|60\/100|[from] item: Black Sludge\n|-fieldend|move: Trick Room\n|upkeep\n|turn|9\n|\n|t:|1682808636\n|move|p2a: Azumarill|Liquidation|p1b: Farigiraf\n|-damage|p1b: Farigiraf|0 fnt\n|faint|p1b: Farigiraf\n|\n|win|AfuroVictini\n|raw|Escpd's rating: 1180 → 1153<\/strong> (-27 for losing)\n|raw|AfuroVictini's rating: 1147 → 1174<\/strong> (+27 for winning)\n|l|\u2606Escpd\n","uploadtime":1682808645,"views":19,"p1id":"escpd","p2id":"afurovictini","formatid":"gen9vgc2023regulationc","rating":1153,"private":0,"password":""}