{"id":"gen9vgc2023regulationc-1848081058","p1":"GoRelicantGo","p2":"pls be kind to me","format":"[Gen 9] VGC 2023 Regulation C","log":"|j|\u2606GoRelicantGo\n|j|\u2606pls be kind to me\n|t:|1682027499\n|gametype|doubles\n|player|p1|GoRelicantGo|101|1230\n|player|p2|pls be kind to me|flannery|1229\n|teamsize|p1|6\n|teamsize|p2|6\n|gen|9\n|tier|[Gen 9] VGC 2023 Regulation C\n|rated|\n|rule|Species Clause: Limit one of each Pok\u00e9mon\n|rule|Item Clause: Limit one of each item\n|clearpoke\n|poke|p1|Dragonite, L50, F|\n|poke|p1|Chien-Pao, L50|\n|poke|p1|Wo-Chien, L50|\n|poke|p1|Bronzong, L50|\n|poke|p1|Sylveon, L50, M|\n|poke|p1|Talonflame, L50, F|\n|poke|p2|Chi-Yu, L50|\n|poke|p2|Flutter Mane, L50|\n|poke|p2|Corviknight, L50, M|\n|poke|p2|Baxcalibur, L50, F|\n|poke|p2|Scream Tail, L50|\n|poke|p2|Rotom-Wash, L50|\n|teampreview|4\npls be kind to me has agreed to open team sheets.\nGoRelicantGo has agreed to open team sheets.\n|\n|t:|1682027574\n|start\n|switch|p1a: Sylveon|Sylveon, L50, M|100\/100\n|switch|p1b: Dragonite|Dragonite, L50, F|100\/100\n|switch|p2a: Scream Tail|Scream Tail, L50|100\/100\n|switch|p2b: Flutter Mane|Flutter Mane, L50|100\/100\n|-enditem|p2a: Scream Tail|Booster Energy\n|-activate|p2a: Scream Tail|ability: Protosynthesis|[fromitem]\n|-start|p2a: Scream Tail|protosynthesisspe\n|turn|1\n|inactive|Battle timer is ON: inactive players will automatically lose when time's up. (requested by pls be kind to me)\n|\n|t:|1682027654\n|-terastallize|p1a: Sylveon|Fire\n|move|p2b: Flutter Mane|Protect|p2b: Flutter Mane\n|-singleturn|p2b: Flutter Mane|Protect\n|move|p1b: Dragonite|Extreme Speed|p2a: Scream Tail\n|-damage|p2a: Scream Tail|61\/100\n|move|p2a: Scream Tail|Thunder Wave|p1a: Sylveon\n|-status|p1a: Sylveon|par\n|cant|p1a: Sylveon|par\n|\n|upkeep\n|turn|2\n|inactive|pls be kind to me has 30 seconds left.\n|\n|t:|1682027682\n|move|p1b: Dragonite|Extreme Speed|p2a: Scream Tail\n|-damage|p2a: Scream Tail|23\/100\n|move|p2a: Scream Tail|Disable|p1b: Dragonite\n|-start|p1b: Dragonite|Disable|Extreme Speed\n|move|p2b: Flutter Mane|Shadow Ball|p1a: Sylveon\n|-damage|p1a: Sylveon|67\/100 par\n|-unboost|p1a: Sylveon|spd|1\n|cant|p1a: Sylveon|par\n|\n|upkeep\n|turn|3\n|inactive|pls be kind to me has 30 seconds left.\n|inactive|pls be kind to me has 20 seconds left.\n|inactive|pls be kind to me has 15 seconds left.\n|\n|t:|1682027725\n|-end|p2a: Scream Tail|Protosynthesis|[silent]\n|switch|p2a: Chi-Yu|Chi-Yu, L50|100\/100\n|-ability|p2a: Chi-Yu|Beads of Ruin\n|switch|p1b: Wo-Chien|Wo-Chien, L50|100\/100\n|-ability|p1b: Wo-Chien|Tablets of Ruin\n|move|p2b: Flutter Mane|Dazzling Gleam|p1a: Sylveon|[spread] p1a,p1b\n|-resisted|p1a: Sylveon\n|-supereffective|p1b: Wo-Chien\n|-damage|p1a: Sylveon|40\/100 par\n|-damage|p1b: Wo-Chien|53\/100\n|move|p1a: Sylveon|Hyper Voice|p2a: Chi-Yu|[spread] p2a,p2b\n|-damage|p2a: Chi-Yu|54\/100\n|-damage|p2b: Flutter Mane|24\/100\n|-damage|p1a: Sylveon|30\/100 par|[from] item: Life Orb\n|\n|-heal|p1b: Wo-Chien|59\/100|[from] item: Leftovers\n|upkeep\n|turn|4\n|inactive|GoRelicantGo has 30 seconds left.\n|inactive|GoRelicantGo has 20 seconds left.\n|\n|t:|1682027765\n|move|p2a: Chi-Yu|Heat Wave|p1a: Sylveon|[spread] p1a\n|-miss|p2a: Chi-Yu|p1b: Wo-Chien\n|-resisted|p1a: Sylveon\n|-damage|p1a: Sylveon|1\/100 par\n|move|p2b: Flutter Mane|Dazzling Gleam|p1a: Sylveon|[spread] p1a,p1b\n|-resisted|p1a: Sylveon\n|-supereffective|p1b: Wo-Chien\n|-damage|p1a: Sylveon|0 fnt\n|-damage|p1b: Wo-Chien|11\/100\n|faint|p1a: Sylveon\n|move|p1b: Wo-Chien|Snarl|p2a: Chi-Yu|[spread] p2a,p2b\n|-resisted|p2a: Chi-Yu\n|-damage|p2a: Chi-Yu|47\/100\n|-damage|p2b: Flutter Mane|6\/100\n|-unboost|p2a: Chi-Yu|spa|1\n|-unboost|p2b: Flutter Mane|spa|1\n|\n|-heal|p1b: Wo-Chien|17\/100|[from] item: Leftovers\n|upkeep\n|\n|t:|1682027780\n|switch|p1a: Dragonite|Dragonite, L50, F|100\/100\n|turn|5\n|\n|t:|1682027801\n|-terastallize|p2a: Chi-Yu|Ghost\n|move|p1a: Dragonite|Extreme Speed|p2a: Chi-Yu\n|-immune|p2a: Chi-Yu\n|move|p2a: Chi-Yu|Heat Wave|p1a: Dragonite|[spread] p1a,p1b\n|-resisted|p1a: Dragonite\n|-supereffective|p1b: Wo-Chien\n|-damage|p1a: Dragonite|84\/100\n|-damage|p1b: Wo-Chien|0 fnt\n|faint|p1b: Wo-Chien\n|move|p2b: Flutter Mane|Moonblast|p1a: Dragonite\n|-supereffective|p1a: Dragonite\n|-damage|p1a: Dragonite|0 fnt\n|faint|p1a: Dragonite\n|\n|upkeep\n|-message|GoRelicantGo forfeited.\n|\n|win|pls be kind to me\n|raw|GoRelicantGo's rating: 1230 → 1205<\/strong> (-25 for losing)\n|raw|pls be kind to me's rating: 1229 → 1254<\/strong> (+25 for winning)\n|l|\u2606GoRelicantGo\n","uploadtime":1682027821,"views":5,"p1id":"gorelicantgo","p2id":"plsbekindtome","formatid":"gen9vgc2023regulationc","rating":1205,"private":0,"password":""}