{"id":"gen9vgc2023regulationc-1864155088","p1":"M175128050523","p2":"Oscarini","format":"[Gen 9] VGC 2023 Regulation C","log":"|j|\u2606M175128050523\n|j|\u2606Oscarini\n|t:|1684126261\n|gametype|doubles\n|player|p1|M175128050523|silver|1116\n|player|p2|Oscarini|buck|1237\n|teamsize|p1|6\n|teamsize|p2|6\n|gen|9\n|tier|[Gen 9] VGC 2023 Regulation C\n|rated|\n|rule|Species Clause: Limit one of each Pok\u00e9mon\n|rule|Item Clause: Limit one of each item\n|clearpoke\n|poke|p1|Orthworm, L50, M|\n|poke|p1|Iron Hands, L50|\n|poke|p1|Flutter Mane, L50|\n|poke|p1|Gholdengo, L50|\n|poke|p1|Gyarados, L50, M|\n|poke|p1|Ting-Lu, L50|\n|poke|p2|Palafin, L50, M|\n|poke|p2|Amoonguss, L50, M|\n|poke|p2|Arcanine, L50, M|\n|poke|p2|Ting-Lu, L50|\n|poke|p2|Flutter Mane, L50|\n|poke|p2|Roaring Moon, L50|\n|teampreview|4\n|inactive|Battle timer is ON: inactive players will automatically lose when time's up. (requested by Oscarini)\nM175128050523 has agreed to open team sheets.\n|inactive|M175128050523 has 60 seconds left.\n|\n|t:|1684126299\n|start\n|switch|p1a: Orthworm|Orthworm, L50, M|100\/100\n|switch|p1b: Gyarados|Gyarados, L50, M|100\/100\n|switch|p2a: HotAss|Arcanine, L50, M|100\/100\n|switch|p2b: Dr Abracitos|Palafin, L50, M, shiny|100\/100\n|-ability|p1b: Gyarados|Intimidate|boost\n|-unboost|p2a: HotAss|atk|1\n|-unboost|p2b: Dr Abracitos|atk|1\n|-ability|p2a: HotAss|Intimidate|boost\n|-unboost|p1a: Orthworm|atk|1\n|-unboost|p1b: Gyarados|atk|1\n|turn|1\n|\n|t:|1684126321\n|detailschange|p2b: Dr Abracitos|Palafin-Hero, L50, M, shiny\n|switch|p2b: TuMama|Ting-Lu, L50|100\/100\n|-ability|p2b: TuMama|Vessel of Ruin\n|-terastallize|p1a: Orthworm|Water\n|move|p1b: Gyarados|Waterfall|p2a: HotAss\n|-supereffective|p2a: HotAss\n|-damage|p2a: HotAss|34\/100\n|cant|p2a: HotAss|flinch\n|move|p1a: Orthworm|Shed Tail|p1a: Orthworm\n|-start|p1a: Orthworm|Substitute|[from] move: Shed Tail\n|-damage|p1a: Orthworm|50\/100\n|-enditem|p1a: Orthworm|Sitrus Berry|[eat]\n|-heal|p1a: Orthworm|75\/100|[from] item: Sitrus Berry\n|\n|t:|1684126341\n|switch|p1a: Flutter Mane|Flutter Mane, L50|100\/100|[from] Shed Tail\n|\n|upkeep\n|turn|2\n|\n|t:|1684126364\n|move|p2a: HotAss|Protect|p2a: HotAss\n|-singleturn|p2a: HotAss|Protect\n|move|p1a: Flutter Mane|Moonblast|p2b: TuMama\n|-supereffective|p2b: TuMama\n|-damage|p2b: TuMama|60\/100\n|-unboost|p2b: TuMama|spa|1\n|move|p1b: Gyarados|Waterfall|p2a: HotAss\n|-activate|p2a: HotAss|move: Protect\n|move|p2b: TuMama|Heavy Slam|p1a: Flutter Mane\n|-supereffective|p1a: Flutter Mane\n|-end|p1a: Flutter Mane|Substitute\n|\n|upkeep\n|turn|3\n|\n|t:|1684126386\n|-end|p1a: Flutter Mane|Protosynthesis|[silent]\n|switch|p1a: Orthworm|Orthworm, L50, M, tera:Water|75\/100\n|switch|p2a: Dr Abracitos|Palafin-Hero, L50, M, shiny|100\/100\n|-activate|p2a: Dr Abracitos|ability: Zero to Hero\n|-terastallize|p2b: TuMama|Poison\n|move|p1b: Gyarados|Waterfall|p2b: TuMama\n|-damage|p2b: TuMama|44\/100\n|move|p2b: TuMama|Heavy Slam|p1a: Orthworm\n|-resisted|p1a: Orthworm\n|-damage|p1a: Orthworm|68\/100\n|\n|upkeep\n|turn|4\n|\n|t:|1684126410\n|switch|p1b: Iron Hands|Iron Hands, L50|100\/100\n|switch|p2a: Messi|Amoonguss, L50, M|100\/100\n|move|p1a: Orthworm|Shed Tail|p1a: Orthworm\n|-start|p1a: Orthworm|Substitute|[from] move: Shed Tail\n|-damage|p1a: Orthworm|18\/100\n|\n|t:|1684126419\n|switch|p1a: Gyarados|Gyarados, L50, M|100\/100|[from] Shed Tail\n|-ability|p1a: Gyarados|Intimidate|boost\n|-unboost|p2a: Messi|atk|1\n|-unboost|p2b: TuMama|atk|1\n|move|p2b: TuMama|Tera Blast|p1a: Gyarados\n|-end|p1a: Gyarados|Substitute\n|\n|upkeep\n|turn|5\n|\n|t:|1684126433\n|move|p1b: Iron Hands|Fake Out|p2a: Messi\n|-damage|p2a: Messi|89\/100\n|move|p1a: Gyarados|Dragon Dance|p1a: Gyarados\n|-boost|p1a: Gyarados|atk|1\n|-boost|p1a: Gyarados|spe|1\n|move|p2b: TuMama|Fissure|p1b: Iron Hands|[miss]\n|-miss|p2b: TuMama|p1b: Iron Hands\n|cant|p2a: Messi|flinch\n|\n|upkeep\n|turn|6\n|\n|t:|1684126448\n|-end|p1b: Iron Hands|Quark Drive|[silent]\n|switch|p1b: Orthworm|Orthworm, L50, M, tera:Water|18\/100\n|move|p2a: Messi|Rage Powder|p2a: Messi\n|-singleturn|p2a: Messi|move: Rage Powder\n|move|p1a: Gyarados|Bulldoze|p2a: Messi|[spread] p2a,p2b\n|-heal|p1b: Orthworm|43\/100|[from] ability: Earth Eater|[of] p1a: Gyarados\n|-supereffective|p2b: TuMama\n|-damage|p2a: Messi|70\/100\n|-damage|p2b: TuMama|14\/100\n|-unboost|p2a: Messi|spe|1\n|-unboost|p2b: TuMama|spe|1\n|move|p2b: TuMama|Stomping Tantrum|p1b: Orthworm\n|-heal|p1b: Orthworm|68\/100|[from] ability: Earth Eater|[of] p2b: TuMama\n|\n|upkeep\n|turn|7\n|\n|t:|1684126466\n|switch|p2b: HotAss|Arcanine, L50, M|34\/100\n|-ability|p2b: HotAss|Intimidate|boost\n|-unboost|p1a: Gyarados|atk|1\n|-unboost|p1b: Orthworm|atk|1\n|move|p1a: Gyarados|Bulldoze|p2b: HotAss|[spread] p2a,p2b\n|-heal|p1b: Orthworm|93\/100|[from] ability: Earth Eater|[of] p1a: Gyarados\n|-supereffective|p2b: HotAss\n|-damage|p2a: Messi|57\/100\n|-damage|p2b: HotAss|0 fnt\n|-unboost|p2a: Messi|spe|1\n|faint|p2b: HotAss\n|move|p1b: Orthworm|Shed Tail|p1b: Orthworm\n|-start|p1b: Orthworm|Substitute|[from] move: Shed Tail\n|-damage|p1b: Orthworm|43\/100\n|\n|t:|1684126482\n|switch|p1b: Iron Hands|Iron Hands, L50|100\/100|[from] Shed Tail\n|move|p2a: Messi|Pollen Puff|p2: HotAss|[notarget]\n|-fail|p2a: Messi\n|\n|upkeep\n|\n|t:|1684126489\n|switch|p2b: Dr Abracitos|Palafin-Hero, L50, M, shiny|100\/100\n|turn|8\n|\n|t:|1684126497\n|move|p1b: Iron Hands|Fake Out|p2b: Dr Abracitos\n|-damage|p2b: Dr Abracitos|88\/100\n|move|p2a: Messi|Rage Powder|p2a: Messi\n|-singleturn|p2a: Messi|move: Rage Powder\n|move|p1a: Gyarados|Dragon Dance|p1a: Gyarados\n|-boost|p1a: Gyarados|atk|1\n|-boost|p1a: Gyarados|spe|1\n|cant|p2b: Dr Abracitos|flinch\n|\n|upkeep\n|turn|9\n|\n|t:|1684126516\n|move|p2a: Messi|Rage Powder|p2a: Messi\n|-singleturn|p2a: Messi|move: Rage Powder\n|move|p1a: Gyarados|Waterfall|p2a: Messi\n|-resisted|p2a: Messi\n|-damage|p2a: Messi|32\/100\n|-enditem|p2a: Messi|Sitrus Berry|[eat]\n|-heal|p2a: Messi|57\/100|[from] item: Sitrus Berry\n|move|p2b: Dr Abracitos|Haze|p2b: Dr Abracitos\n|-clearallboost\n|move|p1b: Iron Hands|Wild Charge|p2a: Messi\n|-resisted|p2a: Messi\n|-damage|p2a: Messi|38\/100\n|-damage|p1b: Iron Hands|97\/100|[from] Recoil\n|\n|upkeep\n|turn|10\n|\n|t:|1684126536\n|switch|p2a: TuMama|Ting-Lu, L50, tera:Poison|14\/100\n|-ability|p2a: TuMama|Vessel of Ruin\n|move|p2b: Dr Abracitos|Protect|p2b: Dr Abracitos\n|-singleturn|p2b: Dr Abracitos|Protect\n|move|p1a: Gyarados|Waterfall|p2b: Dr Abracitos\n|-activate|p2b: Dr Abracitos|move: Protect\n|move|p1b: Iron Hands|Wild Charge|p2b: Dr Abracitos\n|-activate|p2b: Dr Abracitos|move: Protect\n|\n|upkeep\n|turn|11\n|\n|t:|1684126553\n|switch|p2b: Messi|Amoonguss, L50, M|71\/100\n|move|p1a: Gyarados|Waterfall|p2a: TuMama\n|-damage|p2a: TuMama|0 fnt\n|faint|p2a: TuMama\n|move|p1b: Iron Hands|Wild Charge|p2b: Messi\n|-resisted|p2b: Messi\n|-damage|p2b: Messi|52\/100\n|-damage|p1b: Iron Hands|92\/100|[from] Recoil\n|\n|upkeep\n|\n|t:|1684126559\n|switch|p2a: Dr Abracitos|Palafin-Hero, L50, M, shiny|88\/100\n|turn|12\n|-message|Oscarini forfeited.\n|\n|win|M175128050523\n|raw|M175128050523's rating: 1116 → 1149<\/strong> (+33 for winning)\n|raw|Oscarini's rating: 1237 → 1204<\/strong> (-33 for losing)\n|l|\u2606Oscarini\n","uploadtime":1684126580,"views":5,"p1id":"m175128050523","p2id":"oscarini","formatid":"gen9vgc2023regulationc","rating":1149,"private":0,"password":""}