{"id":"gen9vgc2023regulationc-1852087606","p1":"neukorn","p2":"Dalonraz","format":"[Gen 9] VGC 2023 Regulation C","log":"|j|\u2606neukorn\n|j|\u2606Dalonraz\n|t:|1682523101\n|gametype|doubles\n|player|p1|neukorn|flint|1218\n|player|p2|Dalonraz|1|1225\n|teamsize|p1|6\n|teamsize|p2|6\n|gen|9\n|tier|[Gen 9] VGC 2023 Regulation C\n|rated|\n|rule|Species Clause: Limit one of each Pok\u00e9mon\n|rule|Item Clause: Limit one of each item\n|clearpoke\n|poke|p1|Wo-Chien, L50|\n|poke|p1|Chi-Yu, L50|\n|poke|p1|Flutter Mane, L50|\n|poke|p1|Ting-Lu, L50|\n|poke|p1|Talonflame, L50, F|\n|poke|p1|Orthworm, L50, M|\n|poke|p2|Rotom-Wash, L50|\n|poke|p2|Glimmora, L50, F|\n|poke|p2|Dondozo, L50, F|\n|poke|p2|Tatsugiri, L50, F|\n|poke|p2|Chien-Pao, L50|\n|poke|p2|Roaring Moon, L50|\n|teampreview|4\n|\n|t:|1682523132\n|start\n|switch|p1a: Spaghetti|Flutter Mane, L50|100\/100\n|switch|p1b: BDE|Orthworm, L50, M|100\/100\n|switch|p2a: Dondozo|Dondozo, L50, F|100\/100\n|switch|p2b: Roaring Moon|Roaring Moon, L50|100\/100\n|-enditem|p2b: Roaring Moon|Booster Energy\n|-activate|p2b: Roaring Moon|ability: Protosynthesis|[fromitem]\n|-start|p2b: Roaring Moon|protosynthesisspe\n|turn|1\n|\n|t:|1682523160\n|-end|p2b: Roaring Moon|Protosynthesis|[silent]\n|switch|p2b: Tatsugiri|Tatsugiri, L50, F|100\/100\n|-activate|p2b: Tatsugiri|ability: Commander|[of] p2a: Dondozo\n|-boost|p2a: Dondozo|atk|2\n|-boost|p2a: Dondozo|spa|2\n|-boost|p2a: Dondozo|spe|2\n|-boost|p2a: Dondozo|def|2\n|-boost|p2a: Dondozo|spd|2\n|-end|p1a: Spaghetti|Protosynthesis|[silent]\n|switch|p1a: OHKO|Ting-Lu, L50|100\/100\n|-ability|p1a: OHKO|Vessel of Ruin\n|move|p2a: Dondozo|Wave Crash|p1a: OHKO\n|-supereffective|p1a: OHKO\n|-damage|p1a: OHKO|17\/100\n|-damage|p2a: Dondozo|70\/100|[from] Recoil\n|move|p1b: BDE|Iron Defense|p1b: BDE\n|-boost|p1b: BDE|def|2\n|\n|upkeep\n|turn|2\n|\n|t:|1682523176\n|move|p2a: Dondozo|Wave Crash|p1a: OHKO\n|-supereffective|p1a: OHKO\n|-damage|p1a: OHKO|0 fnt\n|faint|p1a: OHKO\n|-damage|p2a: Dondozo|63\/100|[from] Recoil\n|move|p1b: BDE|Iron Defense|p1b: BDE\n|-boost|p1b: BDE|def|2\n|\n|upkeep\n|\n|t:|1682523186\n|switch|p1a: Spaghetti|Flutter Mane, L50|100\/100\n|turn|3\n|\n|t:|1682523194\n|move|p1a: Spaghetti|Dazzling Gleam|p2a: Dondozo|[spread] p2a\n|-miss|p1a: Spaghetti|p2b: Tatsugiri\n|-damage|p2a: Dondozo|40\/100\n|move|p2a: Dondozo|Wave Crash|p1a: Spaghetti\n|-damage|p1a: Spaghetti|0 fnt\n|faint|p1a: Spaghetti\n|-end|p1a: Spaghetti|Protosynthesis|[silent]\n|-damage|p2a: Dondozo|22\/100|[from] Recoil\n|move|p1b: BDE|Iron Defense|p1b: BDE\n|-boost|p1b: BDE|def|2\n|\n|upkeep\n|\n|t:|1682523200\n|switch|p1a: Big Slime|Wo-Chien, L50|100\/100\n|-ability|p1a: Big Slime|Tablets of Ruin\n|turn|4\n|\n|t:|1682523208\n|-terastallize|p2a: Dondozo|Steel\n|move|p2a: Dondozo|Rest|p2a: Dondozo\n|-status|p2a: Dondozo|slp|[from] move: Rest\n|-enditem|p2a: Dondozo|Lum Berry|[eat]\n|-curestatus|p2a: Dondozo|slp|[msg]\n|-heal|p2a: Dondozo|100\/100|[silent]\n|move|p1a: Big Slime|Reflect|p1a: Big Slime\n|-sidestart|p1: neukorn|Reflect\n|move|p1b: BDE|Body Press|p2a: Dondozo\n|-supereffective|p2a: Dondozo\n|-damage|p2a: Dondozo|87\/100\n|\n|upkeep\n|turn|5\n|\n|t:|1682523226\n|move|p2a: Dondozo|Wave Crash|p1b: BDE\n|-crit|p1b: BDE\n|-damage|p1b: BDE|24\/100\n|-damage|p2a: Dondozo|67\/100|[from] Recoil\n|move|p1a: Big Slime|Leech Seed|p2a: Dondozo\n|-start|p2a: Dondozo|move: Leech Seed\n|move|p1b: BDE|Body Press|p2a: Dondozo\n|-supereffective|p2a: Dondozo\n|-crit|p2a: Dondozo\n|-damage|p2a: Dondozo|26\/100\n|\n|-heal|p1b: BDE|30\/100|[from] item: Leftovers\n|-damage|p2a: Dondozo|14\/100|[from] Leech Seed|[of] p1a: Big Slime\n|upkeep\n|turn|6\n|\n|t:|1682523244\n|move|p2a: Dondozo|Wave Crash|p1b: BDE\n|-damage|p1b: BDE|0 fnt\n|faint|p1b: BDE\n|-damage|p2a: Dondozo|7\/100|[from] Recoil\n|move|p1a: Big Slime|Pollen Puff|p1: BDE|[notarget]\n|-fail|p1a: Big Slime\n|\n|-damage|p2a: Dondozo|0 fnt|[from] Leech Seed|[of] p1a: Big Slime\n|faint|p2a: Dondozo\n|upkeep\n|\n|t:|1682523252\n|switch|p2a: Roaring Moon|Roaring Moon, L50|100\/100\n|turn|7\n|\n|t:|1682523259\n|switch|p2b: Chien-Pao|Chien-Pao, L50|100\/100\n|-ability|p2b: Chien-Pao|Sword of Ruin\n|move|p2a: Roaring Moon|Acrobatics|p1a: Big Slime\n|-supereffective|p1a: Big Slime\n|-crit|p1a: Big Slime\n|-damage|p1a: Big Slime|4\/100\n|move|p1a: Big Slime|Leech Seed|p2a: Roaring Moon\n|-start|p2a: Roaring Moon|move: Leech Seed\n|\n|-damage|p2a: Roaring Moon|88\/100|[from] Leech Seed|[of] p1a: Big Slime\n|-heal|p1a: Big Slime|19\/100|[silent]\n|upkeep\n|turn|8\n|-message|neukorn forfeited.\n|\n|win|Dalonraz\n|raw|neukorn's rating: 1218 → 1194<\/strong> (-24 for losing)\n|raw|Dalonraz's rating: 1225 → 1249<\/strong> (+24 for winning)\n|l|\u2606neukorn\n","uploadtime":1682523301,"views":16,"p1id":"neukorn","p2id":"dalonraz","formatid":"gen9vgc2023regulationc","rating":1194,"private":0,"password":""}