{"id":"gen9vgc2023regulationc-1863333228","p1":"DarkZPichuZ","p2":"Nibbonzo","format":"[Gen 9] VGC 2023 Regulation C","log":"|j|\u2606DarkZPichuZ\n|j|\u2606Nibbonzo\n|t:|1684003699\n|gametype|doubles\n|player|p1|DarkZPichuZ|101|1410\n|player|p2|Nibbonzo|workerice|1330\n|teamsize|p1|6\n|teamsize|p2|6\n|gen|9\n|tier|[Gen 9] VGC 2023 Regulation C\n|rated|\n|rule|Species Clause: Limit one of each Pok\u00e9mon\n|rule|Item Clause: Limit one of each item\n|clearpoke\n|poke|p1|Iron Hands, L50|\n|poke|p1|Torkoal, L50, M|\n|poke|p1|Flutter Mane, L50|\n|poke|p1|Slowpoke, L50, M|\n|poke|p1|Chi-Yu, L50|\n|poke|p1|Gastrodon, L50, M|\n|poke|p2|Farigiraf, L50, M|\n|poke|p2|Kingambit, L50, M|\n|poke|p2|Gyarados, L50, M|\n|poke|p2|Ting-Lu, L50|\n|poke|p2|Flutter Mane, L50|\n|poke|p2|Chien-Pao, L50|\n|teampreview|4\nNibbonzo has agreed to open team sheets.\n|inactive|Battle timer is ON: inactive players will automatically lose when time's up. (requested by DarkZPichuZ)\n|inactive|DarkZPichuZ has 60 seconds left.\n|inactive|Nibbonzo has 60 seconds left.\n|inactive|DarkZPichuZ has 30 seconds left.\n|\n|t:|1684003774\n|start\n|switch|p1a: Sleepyhead|Slowpoke, L50, M, shiny|100\/100\n|switch|p1b: Chi-Yu|Chi-Yu, L50|100\/100\n|switch|p2a: Kingambit|Kingambit, L50, M|100\/100\n|switch|p2b: Gyaradosa|Gyarados, L50, M|100\/100\n|-ability|p1b: Chi-Yu|Beads of Ruin\n|-ability|p2b: Gyaradosa|Intimidate|boost\n|-fail|p1a: Sleepyhead|unboost|Attack|[from] ability: Oblivious|[of] p1a: Sleepyhead\n|-unboost|p1b: Chi-Yu|atk|1\n|turn|1\n|\n|t:|1684003797\n|-terastallize|p2a: Kingambit|Fire\n|move|p1b: Chi-Yu|Heat Wave|p2a: Kingambit|[spread] p2a,p2b\n|-resisted|p2a: Kingambit\n|-resisted|p2b: Gyaradosa\n|-damage|p2a: Kingambit|84\/100\n|-damage|p2b: Gyaradosa|83\/100\n|move|p2b: Gyaradosa|Waterfall|p1b: Chi-Yu\n|-supereffective|p1b: Chi-Yu\n|-crit|p1b: Chi-Yu\n|-enditem|p1b: Chi-Yu|Focus Sash\n|-damage|p1b: Chi-Yu|1\/100\n|move|p2a: Kingambit|Kowtow Cleave|p1a: Sleepyhead\n|-supereffective|p1a: Sleepyhead\n|-damage|p1a: Sleepyhead|20\/100\n|move|p1a: Sleepyhead|Trick Room|p1a: Sleepyhead\n|-fieldstart|move: Trick Room|[of] p1a: Sleepyhead\n|\n|upkeep\n|turn|2\n|inactive|Nibbonzo has 30 seconds left.\n|inactive|DarkZPichuZ has 30 seconds left.\n|\n|t:|1684003831\n|switch|p1a: Master Hand|Iron Hands, L50|100\/100\n|move|p1b: Chi-Yu|Protect|p1b: Chi-Yu\n|-singleturn|p1b: Chi-Yu|Protect\n|move|p2a: Kingambit|Sucker Punch||[still]\n|-fail|p2a: Kingambit\n|move|p2b: Gyaradosa|Taunt|p1a: Master Hand\n|-start|p1a: Master Hand|move: Taunt\n|\n|upkeep\n|turn|3\n|inactive|Nibbonzo has 30 seconds left.\n|\n|t:|1684003859\n|switch|p2b: Ting-Lettuce|Ting-Lu, L50|100\/100\n|-ability|p2b: Ting-Lettuce|Vessel of Ruin\n|switch|p1b: King of Doom|Gastrodon, L50, M|100\/100\n|move|p2a: Kingambit|Iron Head|p1b: King of Doom\n|-resisted|p1b: King of Doom\n|-damage|p1b: King of Doom|77\/100\n|move|p1a: Master Hand|Drain Punch|p2a: Kingambit\n|-damage|p2a: Kingambit|48\/100\n|\n|upkeep\n|turn|4\n|inactive|DarkZPichuZ has 30 seconds left.\n|\n|t:|1684003890\n|switch|p2a: Gyaradosa|Gyarados, L50, M|83\/100\n|-ability|p2a: Gyaradosa|Intimidate|boost\n|-unboost|p1a: Master Hand|atk|1\n|-unboost|p1b: King of Doom|atk|1\n|move|p1b: King of Doom|Muddy Water|p2b: Ting-Lettuce|[spread] p2a,p2b\n|-resisted|p2a: Gyaradosa\n|-supereffective|p2b: Ting-Lettuce\n|-damage|p2a: Gyaradosa|73\/100\n|-damage|p2b: Ting-Lettuce|62\/100\n|-damage|p1b: King of Doom|67\/100|[from] item: Life Orb\n|move|p1a: Master Hand|Drain Punch|p2b: Ting-Lettuce\n|-supereffective|p2b: Ting-Lettuce\n|-damage|p2b: Ting-Lettuce|29\/100\n|move|p2b: Ting-Lettuce|Ruination|p1a: Master Hand\n|-damage|p1a: Master Hand|50\/100\n|\n|-heal|p2b: Ting-Lettuce|35\/100|[from] item: Leftovers\n|-end|p1a: Master Hand|move: Taunt\n|upkeep\n|turn|5\n|\n|t:|1684003908\n|-end|p1a: Master Hand|Quark Drive|[silent]\n|switch|p1a: Sleepyhead|Slowpoke, L50, M, shiny|20\/100\n|move|p2b: Ting-Lettuce|Protect|p2b: Ting-Lettuce\n|-singleturn|p2b: Ting-Lettuce|Protect\n|move|p2a: Gyaradosa|Protect|p2a: Gyaradosa\n|-singleturn|p2a: Gyaradosa|Protect\n|move|p1b: King of Doom|Muddy Water|p2b: Ting-Lettuce|[spread] \n|-activate|p2a: Gyaradosa|move: Protect\n|-activate|p2b: Ting-Lettuce|move: Protect\n|\n|-heal|p2b: Ting-Lettuce|41\/100|[from] item: Leftovers\n|-fieldend|move: Trick Room\n|upkeep\n|turn|6\n|inactive|Nibbonzo has 30 seconds left.\n|inactive|Nibbonzo has 20 seconds left.\n|j| Alexis Conran\n|inactive|Nibbonzo has 15 seconds left.\n|inactive|Nibbonzo has 10 seconds left.\n|\n|t:|1684003956\n|switch|p2a: Kingambit|Kingambit, L50, M, tera:Fire|48\/100\n|move|p1a: Sleepyhead|Helping Hand|p1b: King of Doom\n|-singleturn|p1b: King of Doom|Helping Hand|[of] p1a: Sleepyhead\n|move|p2b: Ting-Lettuce|Ruination|p1b: King of Doom\n|-damage|p1b: King of Doom|34\/100\n|move|p1b: King of Doom|Muddy Water|p2a: Kingambit|[spread] p2b\n|-miss|p1b: King of Doom|p2a: Kingambit\n|-supereffective|p2b: Ting-Lettuce\n|-damage|p2b: Ting-Lettuce|0 fnt\n|faint|p2b: Ting-Lettuce\n|-damage|p1b: King of Doom|24\/100|[from] item: Life Orb\n|\n|upkeep\n|\n|t:|1684003964\n|switch|p2b: Flutter Mango|Flutter Mane, L50, shiny|100\/100\n|-enditem|p2b: Flutter Mango|Booster Energy\n|-activate|p2b: Flutter Mango|ability: Protosynthesis|[fromitem]\n|-start|p2b: Flutter Mango|protosynthesisspa\n|turn|7\n|c|\u2606DarkZPichuZ|Noo\n|c|\u2606DarkZPichuZ|\ud83d\ude2e\u200d\ud83d\udca8\n|\n|t:|1684003977\n|move|p1b: King of Doom|Protect|p1b: King of Doom\n|-singleturn|p1b: King of Doom|Protect\n|move|p2b: Flutter Mango|Moonblast|p1b: King of Doom\n|-activate|p1b: King of Doom|move: Protect\n|move|p2a: Kingambit|Kowtow Cleave|p1a: Sleepyhead\n|-supereffective|p1a: Sleepyhead\n|-damage|p1a: Sleepyhead|0 fnt\n|faint|p1a: Sleepyhead\n|\n|upkeep\n|\n|t:|1684003986\n|switch|p1a: Master Hand|Iron Hands, L50|50\/100\n|turn|8\n|\n|t:|1684003992\n|-terastallize|p1a: Master Hand|Grass\n|move|p2a: Kingambit|Sucker Punch|p1b: King of Doom\n|-damage|p1b: King of Doom|0 fnt\n|faint|p1b: King of Doom\n|move|p2b: Flutter Mango|Moonblast|p1a: Master Hand\n|-damage|p1a: Master Hand|18\/100\n|move|p1a: Master Hand|Heavy Slam|p2b: Flutter Mango\n|-supereffective|p2b: Flutter Mango\n|-damage|p2b: Flutter Mango|0 fnt\n|faint|p2b: Flutter Mango\n|-end|p2b: Flutter Mango|Protosynthesis|[silent]\n|\n|upkeep\n|\n|t:|1684003997\n|switch|p2b: Gyaradosa|Gyarados, L50, M|73\/100\n|switch|p1b: Chi-Yu|Chi-Yu, L50|1\/100\n|-ability|p1b: Chi-Yu|Beads of Ruin\n|-ability|p2b: Gyaradosa|Intimidate|boost\n|-unboost|p1a: Master Hand|atk|1\n|-unboost|p1b: Chi-Yu|atk|1\n|turn|9\n|\n|t:|1684004007\n|move|p1b: Chi-Yu|Protect|p1b: Chi-Yu\n|-singleturn|p1b: Chi-Yu|Protect\n|move|p2a: Kingambit|Sucker Punch|p1a: Master Hand\n|-damage|p1a: Master Hand|0 fnt\n|faint|p1a: Master Hand\n|-end|p1a: Master Hand|Quark Drive|[silent]\n|move|p2b: Gyaradosa|Waterfall|p1b: Chi-Yu\n|-activate|p1b: Chi-Yu|move: Protect\n|\n|upkeep\n|turn|10\n|c|\u2606DarkZPichuZ|Bg\n|-message|DarkZPichuZ forfeited.\n|\n|win|Nibbonzo\n|raw|DarkZPichuZ's rating: 1410 → 1385<\/strong> (-25 for losing)\n|raw|Nibbonzo's rating: 1330 → 1355<\/strong> (+25 for winning)\n|l|\u2606DarkZPichuZ\n","uploadtime":1684004043,"views":12,"p1id":"darkzpichuz","p2id":"nibbonzo","formatid":"gen9vgc2023regulationc","rating":1355,"private":0,"password":""}