{"id":"gen9vgc2023regulationc-1858321811","p1":"whitecrow4","p2":"moe 3000","format":"[Gen 9] VGC 2023 Regulation C","log":"|j|\u2606whitecrow4\n|j|\u2606moe 3000\n|t:|1683301806\n|gametype|doubles\n|player|p1|whitecrow4|dragontamer|1132\n|player|p2|moe 3000|lady|1017\n|teamsize|p1|6\n|teamsize|p2|6\n|gen|9\n|tier|[Gen 9] VGC 2023 Regulation C\n|rated|\n|rule|Species Clause: Limit one of each Pok\u00e9mon\n|rule|Item Clause: Limit one of each item\n|clearpoke\n|poke|p1|Flutter Mane, L50|\n|poke|p1|Chien-Pao, L50|\n|poke|p1|Cyclizar, L50, F|\n|poke|p1|Dragonite, L50, F|\n|poke|p1|Chi-Yu, L50|\n|poke|p1|Gengar, L50, M|\n|poke|p2|Hippowdon, L50, F|\n|poke|p2|Garganacl, L50, F|\n|poke|p2|Armarouge, L50, F|\n|poke|p2|Wo-Chien, L50|\n|poke|p2|Gastrodon, L50, F|\n|poke|p2|Indeedee-F, L50, F|\n|teampreview|4\n|inactive|Battle timer is ON: inactive players will automatically lose when time's up. (requested by whitecrow4)\n|\n|t:|1683301839\n|start\n|switch|p1a: Cyclizar|Cyclizar, L50, F|100\/100\n|switch|p1b: Chi-Yu|Chi-Yu, L50|100\/100\n|switch|p2a: Garganacl|Garganacl, L50, F|100\/100\n|switch|p2b: Indeedee|Indeedee-F, L50, F|100\/100\n|-ability|p1b: Chi-Yu|Beads of Ruin\n|-fieldstart|move: Psychic Terrain|[from] ability: Psychic Surge|[of] p2b: Indeedee\n|turn|1\n|inactive|moe 3000 has 30 seconds left.\n|\n|t:|1683301870\n|-terastallize|p2b: Indeedee|Fairy\n|move|p1b: Chi-Yu|Protect|p1b: Chi-Yu\n|-singleturn|p1b: Chi-Yu|Protect\n|move|p1a: Cyclizar|Shed Tail|p1a: Cyclizar\n|-start|p1a: Cyclizar|Substitute|[from] move: Shed Tail\n|-damage|p1a: Cyclizar|50\/100\n|\n|t:|1683301892\n|switch|p1a: Flutter Mane|Flutter Mane, L50|100\/100|[from] Shed Tail\n|-enditem|p1a: Flutter Mane|Booster Energy\n|-activate|p1a: Flutter Mane|ability: Protosynthesis|[fromitem]\n|-start|p1a: Flutter Mane|protosynthesisspe\n|move|p2b: Indeedee|Psychic|p1a: Flutter Mane\n|-end|p1a: Flutter Mane|Substitute\n|move|p2a: Garganacl|Salt Cure|p1b: Chi-Yu\n|-activate|p1b: Chi-Yu|move: Protect\n|\n|upkeep\n|turn|2\n|inactive|whitecrow4 has 30 seconds left.\n|inactive|moe 3000 has 30 seconds left.\n|\n|t:|1683301923\n|switch|p1b: Cyclizar|Cyclizar, L50, F|84\/100\n|-terastallize|p1a: Flutter Mane|Fairy\n|move|p1a: Flutter Mane|Dazzling Gleam|p2b: Indeedee|[spread] p2a,p2b\n|-damage|p2a: Garganacl|70\/100\n|-damage|p2b: Indeedee|58\/100\n|move|p2b: Indeedee|Psychic|p1a: Flutter Mane\n|-damage|p1a: Flutter Mane|59\/100\n|move|p2a: Garganacl|Salt Cure|p1b: Cyclizar\n|-crit|p1b: Cyclizar\n|-damage|p1b: Cyclizar|53\/100\n|-start|p1b: Cyclizar|Salt Cure\n|\n|-heal|p2a: Garganacl|75\/100|[from] item: Leftovers\n|-damage|p1b: Cyclizar|41\/100|[from] Salt Cure\n|upkeep\n|turn|3\n|\n|t:|1683301948\n|switch|p1b: Chi-Yu|Chi-Yu, L50|100\/100\n|-ability|p1b: Chi-Yu|Beads of Ruin\n|move|p2b: Indeedee|Follow Me|p2b: Indeedee\n|-singleturn|p2b: Indeedee|move: Follow Me\n|move|p1a: Flutter Mane|Dazzling Gleam|p2a: Garganacl|[spread] p2a,p2b\n|-damage|p2a: Garganacl|30\/100\n|-damage|p2b: Indeedee|0 fnt\n|faint|p2b: Indeedee\n|move|p2a: Garganacl|Salt Cure|p1a: Flutter Mane\n|-damage|p1a: Flutter Mane|26\/100\n|-start|p1a: Flutter Mane|Salt Cure\n|\n|-heal|p2a: Garganacl|36\/100|[from] item: Leftovers\n|-damage|p1a: Flutter Mane|14\/100|[from] Salt Cure\n|upkeep\n|\n|t:|1683301968\n|switch|p2b: Gastrodon|Gastrodon, L50, F|100\/100\n|turn|4\n|inactive|whitecrow4 has 30 seconds left.\n|\n|t:|1683302002\n|move|p2a: Garganacl|Protect|p2a: Garganacl\n|-singleturn|p2a: Garganacl|Protect\n|move|p1a: Flutter Mane|Dazzling Gleam|p2a: Garganacl|[spread] p2b\n|-activate|p2a: Garganacl|move: Protect\n|-crit|p2b: Gastrodon\n|-damage|p2b: Gastrodon|18\/100\n|move|p1b: Chi-Yu|Dark Pulse|p2b: Gastrodon\n|-damage|p2b: Gastrodon|0 fnt\n|faint|p2b: Gastrodon\n|\n|-heal|p2a: Garganacl|42\/100|[from] item: Leftovers\n|-damage|p1a: Flutter Mane|1\/100|[from] Salt Cure\n|upkeep\n|\n|t:|1683302019\n|switch|p2b: Armarouge|Armarouge, L50, F|100\/100\n|turn|5\n|\n|t:|1683302039\n|move|p1a: Flutter Mane|Shadow Ball|p2b: Armarouge\n|-supereffective|p2b: Armarouge\n|-damage|p2b: Armarouge|0 fnt\n|faint|p2b: Armarouge\n|move|p1b: Chi-Yu|Dark Pulse|p2a: Garganacl\n|-damage|p2a: Garganacl|2\/100\n|move|p2a: Garganacl|Recover|p2a: Garganacl\n|-heal|p2a: Garganacl|53\/100\n|\n|-heal|p2a: Garganacl|58\/100|[from] item: Leftovers\n|-damage|p1a: Flutter Mane|0 fnt|[from] Salt Cure\n|faint|p1a: Flutter Mane\n|-end|p1a: Flutter Mane|Protosynthesis|[silent]\n|-fieldend|move: Psychic Terrain\n|upkeep\n|\n|t:|1683302056\n|switch|p1a: Gengar|Gengar, L50, M|100\/100\n|turn|6\n|\n|t:|1683302076\n|move|p1a: Gengar|Drain Punch|p2a: Garganacl\n|-supereffective|p2a: Garganacl\n|-damage|p2a: Garganacl|37\/100\n|move|p1b: Chi-Yu|Dark Pulse|p2a: Garganacl\n|-damage|p2a: Garganacl|0 fnt\n|faint|p2a: Garganacl\n|\n|win|whitecrow4\n|raw|whitecrow4's rating: 1132 → 1149<\/strong> (+17 for winning)\n|raw|moe 3000's rating: 1017 → 1008<\/strong> (-9 for losing)\n|l|\u2606moe 3000\n","uploadtime":1683302212,"views":9,"p1id":"whitecrow4","p2id":"moe3000","formatid":"gen9vgc2023regulationc","rating":1008,"private":0,"password":""}