{"id":"gen9vgc2023regulationc-1856256448","p1":"Solarya","p2":"Greensworth","format":"[Gen 9] VGC 2023 Regulation C","log":"|j|\u2606Solarya\n|j|\u2606Greensworth\n|t:|1683045142\n|gametype|doubles\n|player|p1|Solarya|beauty|1093\n|player|p2|Greensworth|ghetsis-gen5bw|1110\n|teamsize|p1|6\n|teamsize|p2|6\n|gen|9\n|tier|[Gen 9] VGC 2023 Regulation C\n|rated|\n|rule|Species Clause: Limit one of each Pok\u00e9mon\n|rule|Item Clause: Limit one of each item\n|clearpoke\n|poke|p1|Tauros-Paldea-Blaze, L50, M|\n|poke|p1|Gyarados, L50, M|\n|poke|p1|Hydreigon, L50, M|\n|poke|p1|Amoonguss, L50, F|\n|poke|p1|Flutter Mane, L50|\n|poke|p1|Great Tusk, L50|\n|poke|p2|Scream Tail, L50|\n|poke|p2|Gothitelle, L50, M|\n|poke|p2|Flutter Mane, L50|\n|poke|p2|Arcanine, L50, F|\n|poke|p2|Amoonguss, L50, F|\n|poke|p2|Palafin, L50, F|\n|teampreview|4\n|\n|t:|1683045215\n|start\n|switch|p1a: Flutter Mane|Flutter Mane, L50|100\/100\n|switch|p1b: Great Tusk|Great Tusk, L50|100\/100\n|switch|p2a: Flutter Mane|Flutter Mane, L50|100\/100\n|switch|p2b: Scream Tail|Scream Tail, L50|100\/100\n|-enditem|p2b: Scream Tail|Booster Energy\n|-activate|p2b: Scream Tail|ability: Protosynthesis|[fromitem]\n|-start|p2b: Scream Tail|protosynthesisspe\n|turn|1\n|\n|t:|1683045270\n|-end|p2a: Flutter Mane|Protosynthesis|[silent]\n|switch|p2a: Gothitelle|Gothitelle, L50, M|100\/100\n|move|p2b: Scream Tail|Perish Song|p2b: Scream Tail\n|-start|p1a: Flutter Mane|perish3|[silent]\n|-start|p1b: Great Tusk|perish3|[silent]\n|-start|p2a: Gothitelle|perish3|[silent]\n|-start|p2b: Scream Tail|perish3|[silent]\n|-fieldactivate|move: Perish Song\n|move|p1b: Great Tusk|Iron Head|p2a: Gothitelle\n|-damage|p2a: Gothitelle|76\/100\n|move|p1a: Flutter Mane|Dark Pulse|p2b: Scream Tail\n|-damage|p2b: Scream Tail|66\/100\n|\n|-start|p2b: Scream Tail|perish3\n|-start|p1b: Great Tusk|perish3\n|-start|p1a: Flutter Mane|perish3\n|-start|p2a: Gothitelle|perish3\n|upkeep\n|turn|2\n|\n|t:|1683045309\n|-terastallize|p2a: Gothitelle|Water\n|move|p2b: Scream Tail|Protect|p2b: Scream Tail\n|-singleturn|p2b: Scream Tail|Protect\n|move|p2a: Gothitelle|Fake Out|p1b: Great Tusk\n|-damage|p1b: Great Tusk|96\/100\n|cant|p1b: Great Tusk|flinch\n|move|p1a: Flutter Mane|Dark Pulse|p2a: Gothitelle\n|-crit|p2a: Gothitelle\n|-damage|p2a: Gothitelle|19\/100\n|-enditem|p2a: Gothitelle|Iapapa Berry|[eat]\n|-heal|p2a: Gothitelle|52\/100|[from] item: Iapapa Berry\n|\n|-start|p2b: Scream Tail|perish2\n|-start|p1b: Great Tusk|perish2\n|-start|p1a: Flutter Mane|perish2\n|-start|p2a: Gothitelle|perish2\n|upkeep\n|turn|3\n|\n|t:|1683045358\n|-end|p2b: Scream Tail|Protosynthesis|[silent]\n|switch|p2b: Amoonguss|Amoonguss, L50, F|100\/100\n|move|p2a: Gothitelle|Protect|p2a: Gothitelle\n|-singleturn|p2a: Gothitelle|Protect\n|move|p1b: Great Tusk|Iron Head|p2b: Amoonguss\n|-damage|p2b: Amoonguss|78\/100\n|-damage|p1b: Great Tusk|80\/100|[from] item: Rocky Helmet|[of] p2b: Amoonguss\n|-status|p1b: Great Tusk|par|[from] ability: Effect Spore|[of] p2b: Amoonguss\n|move|p1a: Flutter Mane|Dark Pulse|p2a: Gothitelle\n|-activate|p2a: Gothitelle|move: Protect\n|\n|-start|p1a: Flutter Mane|perish1\n|-start|p1b: Great Tusk|perish1\n|-start|p2a: Gothitelle|perish1\n|upkeep\n|turn|4\n|\n|t:|1683045385\n|move|p2a: Gothitelle|Protect||[still]\n|-fail|p2a: Gothitelle\n|move|p2b: Amoonguss|Protect|p2b: Amoonguss\n|-singleturn|p2b: Amoonguss|Protect\n|move|p1a: Flutter Mane|Dark Pulse|p2a: Gothitelle\n|-damage|p2a: Gothitelle|13\/100\n|cant|p1b: Great Tusk|par\n|\n|-start|p1a: Flutter Mane|perish0\n|-start|p1b: Great Tusk|perish0\n|-start|p2a: Gothitelle|perish0\n|faint|p1a: Flutter Mane\n|-end|p1a: Flutter Mane|Protosynthesis|[silent]\n|faint|p1b: Great Tusk\n|-end|p1b: Great Tusk|Protosynthesis|[silent]\n|faint|p2a: Gothitelle\n|upkeep\n|\n|t:|1683045410\n|switch|p1a: Hydreigon|Hydreigon, L50, M|100\/100\n|switch|p1b: Amoonguss|Amoonguss, L50, F|100\/100\n|switch|p2a: Flutter Mane|Flutter Mane, L50|100\/100\n|turn|5\n|\n|t:|1683045433\n|-terastallize|p1a: Hydreigon|Electric\n|move|p2b: Amoonguss|Rage Powder|p2b: Amoonguss\n|-singleturn|p2b: Amoonguss|move: Rage Powder\n|move|p2a: Flutter Mane|Perish Song|p2a: Flutter Mane\n|-start|p1a: Hydreigon|perish3|[silent]\n|-start|p1b: Amoonguss|perish3|[silent]\n|-start|p2a: Flutter Mane|perish3|[silent]\n|-start|p2b: Amoonguss|perish3|[silent]\n|-fieldactivate|move: Perish Song\n|move|p1a: Hydreigon|Heat Wave|p2b: Amoonguss|[spread] p2b\n|-miss|p1a: Hydreigon|p2a: Flutter Mane\n|-supereffective|p2b: Amoonguss\n|-damage|p2b: Amoonguss|36\/100\n|move|p1b: Amoonguss|Spore|p2a: Flutter Mane\n|-status|p2a: Flutter Mane|slp|[from] move: Spore\n|\n|-start|p2a: Flutter Mane|perish3\n|-start|p1a: Hydreigon|perish3\n|-start|p2b: Amoonguss|perish3\n|-start|p1b: Amoonguss|perish3\n|upkeep\n|turn|6\n|\n|t:|1683045458\n|cant|p2a: Flutter Mane|slp\n|move|p2b: Amoonguss|Rage Powder|p2b: Amoonguss\n|-singleturn|p2b: Amoonguss|move: Rage Powder\n|move|p1a: Hydreigon|Dark Pulse|p2b: Amoonguss\n|-damage|p2b: Amoonguss|0 fnt\n|faint|p2b: Amoonguss\n|move|p1b: Amoonguss|Pollen Puff|p2a: Flutter Mane\n|-resisted|p2a: Flutter Mane\n|-damage|p2a: Flutter Mane|94\/100 slp\n|\n|-heal|p2a: Flutter Mane|99\/100 slp|[from] item: Leftovers\n|-start|p2a: Flutter Mane|perish2\n|-start|p1a: Hydreigon|perish2\n|-start|p1b: Amoonguss|perish2\n|upkeep\n|\n|t:|1683045475\n|switch|p2b: Scream Tail|Scream Tail, L50|66\/100\n|turn|7\n|\n|t:|1683045485\n|-curestatus|p2a: Flutter Mane|slp|[msg]\n|move|p2a: Flutter Mane|Protect|p2a: Flutter Mane\n|-singleturn|p2a: Flutter Mane|Protect\n|move|p2b: Scream Tail|Protect|p2b: Scream Tail\n|-singleturn|p2b: Scream Tail|Protect\n|move|p1a: Hydreigon|Dark Pulse|p2a: Flutter Mane\n|-activate|p2a: Flutter Mane|move: Protect\n|move|p1b: Amoonguss|Pollen Puff|p2b: Scream Tail\n|-activate|p2b: Scream Tail|move: Protect\n|\n|-heal|p2a: Flutter Mane|100\/100|[from] item: Leftovers\n|-start|p2a: Flutter Mane|perish1\n|-start|p1a: Hydreigon|perish1\n|-start|p1b: Amoonguss|perish1\n|upkeep\n|turn|8\n|-message|Solarya forfeited.\n|\n|win|Greensworth\n|raw|Solarya's rating: 1093 → 1070<\/strong> (-23 for losing)\n|raw|Greensworth's rating: 1110 → 1134<\/strong> (+24 for winning)\n|l|\u2606Solarya\n","uploadtime":1683045676,"views":16,"p1id":"solarya","p2id":"greensworth","formatid":"gen9vgc2023regulationc","rating":1070,"private":0,"password":""}