{"id":"gen9vgc2023regulationc-1845295148","p1":"superseriousboi","p2":"shadow19.7","format":"[Gen 9] VGC 2023 Regulation C","log":"|j|\u2606superseriousboi\n|j|\u2606shadow19.7\n|t:|1681709508\n|gametype|doubles\n|player|p1|superseriousboi|266|1081\n|player|p2|shadow19.7|hilbert|1000\n|teamsize|p1|6\n|teamsize|p2|6\n|gen|9\n|tier|[Gen 9] VGC 2023 Regulation C\n|rated|\n|rule|Species Clause: Limit one of each Pok\u00e9mon\n|rule|Item Clause: Limit one of each item\n|clearpoke\n|poke|p1|Arcanine, L50, F|\n|poke|p1|Maushold, L50|\n|poke|p1|Garganacl, L50, F|\n|poke|p1|Palafin, L50, F|\n|poke|p1|Tropius, L50, F|\n|poke|p1|Klefki, L50, F|\n|poke|p2|Flutter Mane, L50|\n|poke|p2|Murkrow, L50, F|\n|poke|p2|Toxapex, L50, F|\n|poke|p2|Ceruledge, L50, M|\n|poke|p2|Iron Hands, L50|\n|poke|p2|Scream Tail, L50|\n|teampreview|4\n|\n|t:|1681709572\n|start\n|switch|p1a: Garganacl|Garganacl, L50, F|100\/100\n|switch|p1b: Palafin|Palafin, L50, F|100\/100\n|switch|p2a: Murkrow|Murkrow, L50, F|100\/100\n|switch|p2b: Ceruledge|Ceruledge, L50, M|100\/100\n|turn|1\n|\n|t:|1681709603\n|detailschange|p1b: Palafin|Palafin-Hero, L50, F\n|switch|p1b: Arcanine|Arcanine, L50, F|100\/100\n|-ability|p1b: Arcanine|Intimidate|boost\n|-unboost|p2a: Murkrow|atk|1\n|-unboost|p2b: Ceruledge|atk|1\n|move|p2a: Murkrow|Tailwind|p2a: Murkrow\n|-sidestart|p2: shadow19.7|move: Tailwind\n|move|p2b: Ceruledge|Shadow Claw|p1a: Garganacl\n|-crit|p1a: Garganacl\n|-damage|p1a: Garganacl|75\/100\n|-damage|p2b: Ceruledge|91\/100|[from] item: Life Orb\n|move|p1a: Garganacl|Salt Cure|p2b: Ceruledge\n|-supereffective|p2b: Ceruledge\n|-damage|p2b: Ceruledge|51\/100\n|-start|p2b: Ceruledge|Salt Cure\n|-ability|p2b: Ceruledge|Weak Armor|boost\n|-unboost|p2b: Ceruledge|def|1\n|-boost|p2b: Ceruledge|spe|2\n|\n|-damage|p2b: Ceruledge|39\/100|[from] Salt Cure\n|upkeep\n|turn|2\n|\n|t:|1681709634\n|move|p2b: Ceruledge|Close Combat|p1a: Garganacl\n|-supereffective|p1a: Garganacl\n|-damage|p1a: Garganacl|25\/100\n|-unboost|p2b: Ceruledge|def|1\n|-unboost|p2b: Ceruledge|spd|1\n|-damage|p2b: Ceruledge|29\/100|[from] item: Life Orb\n|move|p2a: Murkrow|Brave Bird|p1b: Arcanine\n|-damage|p1b: Arcanine|78\/100\n|-damage|p2a: Murkrow|92\/100|[from] Recoil\n|move|p1b: Arcanine|Will-O-Wisp|p2a: Murkrow\n|-status|p2a: Murkrow|brn\n|move|p1a: Garganacl|Salt Cure|p2b: Ceruledge\n|-supereffective|p2b: Ceruledge\n|-crit|p2b: Ceruledge\n|-damage|p2b: Ceruledge|0 fnt\n|faint|p2b: Ceruledge\n|\n|-damage|p2a: Murkrow|86\/100 brn|[from] brn\n|upkeep\n|\n|t:|1681709654\n|switch|p2b: Flutter Mane|Flutter Mane, L50|100\/100\n|-enditem|p2b: Flutter Mane|Booster Energy\n|-activate|p2b: Flutter Mane|ability: Protosynthesis|[fromitem]\n|-start|p2b: Flutter Mane|protosynthesisspa\n|turn|3\n|\n|t:|1681709670\n|move|p2b: Flutter Mane|Shadow Ball|p1b: Arcanine\n|-damage|p1b: Arcanine|22\/100\n|move|p2a: Murkrow|Heat Wave|p1b: Arcanine|[spread] p1a\n|-miss|p2a: Murkrow|p1b: Arcanine\n|-resisted|p1a: Garganacl\n|-damage|p1a: Garganacl|21\/100\n|move|p1b: Arcanine|Snarl|p2a: Murkrow|[spread] p2a\n|-miss|p1b: Arcanine|p2b: Flutter Mane\n|-resisted|p2a: Murkrow\n|-damage|p2a: Murkrow|80\/100 brn\n|-unboost|p2a: Murkrow|spa|1\n|move|p1a: Garganacl|Recover|p1a: Garganacl\n|-heal|p1a: Garganacl|71\/100\n|\n|-damage|p2a: Murkrow|74\/100 brn|[from] brn\n|upkeep\n|turn|4\n|\n|t:|1681709697\n|move|p2b: Flutter Mane|Moonblast|p1a: Garganacl\n|-damage|p1a: Garganacl|29\/100\n|move|p2a: Murkrow|Brave Bird|p1b: Arcanine\n|-damage|p1b: Arcanine|11\/100\n|-damage|p2a: Murkrow|69\/100 brn|[from] Recoil\n|move|p1b: Arcanine|Snarl|p2b: Flutter Mane|[spread] p2a,p2b\n|-resisted|p2a: Murkrow\n|-damage|p2a: Murkrow|65\/100 brn\n|-damage|p2b: Flutter Mane|91\/100\n|-unboost|p2a: Murkrow|spa|1\n|-unboost|p2b: Flutter Mane|spa|1\n|move|p1a: Garganacl|Salt Cure|p2b: Flutter Mane\n|-crit|p2b: Flutter Mane\n|-damage|p2b: Flutter Mane|42\/100\n|-start|p2b: Flutter Mane|Salt Cure\n|\n|-damage|p2a: Murkrow|59\/100 brn|[from] brn\n|-damage|p2b: Flutter Mane|30\/100|[from] Salt Cure\n|-sideend|p2: shadow19.7|move: Tailwind\n|upkeep\n|turn|5\n|\n|t:|1681709726\n|move|p1a: Garganacl|Protect|p1a: Garganacl\n|-singleturn|p1a: Garganacl|Protect\n|move|p2b: Flutter Mane|Moonblast|p1a: Garganacl\n|-activate|p1a: Garganacl|move: Protect\n|move|p1b: Arcanine|Flare Blitz|p2a: Murkrow\n|-damage|p2a: Murkrow|5\/100 brn\n|-damage|p1b: Arcanine|0 fnt|[from] Recoil\n|faint|p1b: Arcanine\n|move|p2a: Murkrow|Brave Bird|p1a: Garganacl\n|-activate|p1a: Garganacl|move: Protect\n|\n|-damage|p2a: Murkrow|0 fnt|[from] brn\n|faint|p2a: Murkrow\n|-damage|p2b: Flutter Mane|18\/100|[from] Salt Cure\n|upkeep\n|\n|t:|1681709744\n|switch|p1b: Tropius|Tropius, L50, F|100\/100\n|switch|p2a: Scream Tail|Scream Tail, L50|100\/100\n|turn|6\n|\n|t:|1681709759\n|move|p1b: Tropius|Protect|p1b: Tropius\n|-singleturn|p1b: Tropius|Protect\n|move|p2b: Flutter Mane|Moonblast|p1b: Tropius\n|-activate|p1b: Tropius|move: Protect\n|move|p2a: Scream Tail|Psychic Fangs|p1a: Garganacl\n|-damage|p1a: Garganacl|15\/100\n|move|p1a: Garganacl|Recover|p1a: Garganacl\n|-heal|p1a: Garganacl|65\/100\n|\n|-damage|p2b: Flutter Mane|6\/100|[from] Salt Cure\n|upkeep\n|turn|7\n|\n|t:|1681709773\n|move|p2b: Flutter Mane|Moonblast|p1a: Garganacl\n|-damage|p1a: Garganacl|32\/100\n|move|p2a: Scream Tail|Psychic Fangs|p1a: Garganacl\n|-damage|p1a: Garganacl|18\/100\n|move|p1b: Tropius|Leech Seed|p2a: Scream Tail\n|-start|p2a: Scream Tail|move: Leech Seed\n|move|p1a: Garganacl|Recover|p1a: Garganacl\n|-heal|p1a: Garganacl|68\/100\n|\n|-damage|p2a: Scream Tail|88\/100|[from] Leech Seed|[of] p1b: Tropius\n|-damage|p2b: Flutter Mane|0 fnt|[from] Salt Cure\n|faint|p2b: Flutter Mane\n|-end|p2b: Flutter Mane|Protosynthesis|[silent]\n|upkeep\n|turn|8\n|\n|t:|1681709793\n|move|p2a: Scream Tail|Psychic Fangs|p1b: Tropius\n|-damage|p1b: Tropius|83\/100\n|move|p1b: Tropius|Substitute|p1b: Tropius\n|-start|p1b: Tropius|Substitute\n|-damage|p1b: Tropius|58\/100\n|move|p1a: Garganacl|Salt Cure|p2a: Scream Tail\n|-damage|p2a: Scream Tail|79\/100\n|-start|p2a: Scream Tail|Salt Cure\n|\n|-damage|p2a: Scream Tail|67\/100|[from] Leech Seed|[of] p1b: Tropius\n|-heal|p1b: Tropius|71\/100|[silent]\n|-damage|p2a: Scream Tail|55\/100|[from] Salt Cure\n|upkeep\n|turn|9\n|-message|shadow19.7 forfeited.\n|\n|win|superseriousboi\n|raw|superseriousboi's rating: 1081 → 1102<\/strong> (+21 for winning)\n|raw|shadow19.7's rating: 1000 → 1000<\/strong> (+0 for losing)\n|l|\u2606shadow19.7\n","uploadtime":1681709818,"views":10,"p1id":"superseriousboi","p2id":"shadow197","formatid":"gen9vgc2023regulationc","rating":1000,"private":0,"password":""}