{"id":"gen9vgc2023regulationc-1859949619","p1":"Draven_07","p2":"Flopperwilly","format":"[Gen 9] VGC 2023 Regulation C","log":"|j|\u2606Draven_07\n|j|\u2606Flopperwilly\n|t:|1683578548\n|gametype|doubles\n|player|p1|Draven_07|morty|\n|player|p2|Flopperwilly|clown|\n|teamsize|p1|6\n|teamsize|p2|6\n|gen|9\n|tier|[Gen 9] VGC 2023 Regulation C\n|rule|Species Clause: Limit one of each Pok\u00e9mon\n|rule|Item Clause: Limit one of each item\n|clearpoke\n|poke|p1|Ting-Lu, L50|\n|poke|p1|Abomasnow, L50, F|\n|poke|p1|Beartic, L50, F|\n|poke|p1|Cryogonal, L50|\n|poke|p1|Garganacl, L50, M|\n|poke|p1|Kingambit, L50, M|\n|poke|p2|Amoonguss, L50, F|\n|poke|p2|Flutter Mane, L50|\n|poke|p2|Palafin, L50, M|\n|poke|p2|Ting-Lu, L50|\n|poke|p2|Iron Hands, L50|\n|poke|p2|Arcanine, L50, F|\n|teampreview|4\n|inactive|Battle timer is ON: inactive players will automatically lose when time's up. (requested by Flopperwilly)\n|j| MeteorPlayz_\n|inactiveoff|Battle timer is now OFF.\n|\n|t:|1683578614\n|start\n|switch|p1a: Kingambit|Kingambit, L50, M, shiny|100\/100\n|switch|p1b: Abomasnow|Abomasnow, L50, F, shiny|100\/100\n|switch|p2a: Iron Hands|Iron Hands, L50|100\/100\n|switch|p2b: Flutter Mane|Flutter Mane, L50|100\/100\n|-weather|Snow|[from] ability: Snow Warning|[of] p1b: Abomasnow\n|turn|1\n|\n|t:|1683578649\n|-end|p2b: Flutter Mane|Protosynthesis|[silent]\n|switch|p2b: Amoonguss|Amoonguss, L50, F|100\/100\n|-terastallize|p1a: Kingambit|Flying\n|move|p2a: Iron Hands|Fake Out|p1b: Abomasnow\n|-damage|p1b: Abomasnow|90\/100\n|cant|p1b: Abomasnow|flinch\n|move|p1a: Kingambit|Guillotine|p2a: Iron Hands|[miss]\n|-miss|p1a: Kingambit|p2a: Iron Hands\n|\n|-weather|Snow|[upkeep]\n|upkeep\n|turn|2\n|\n|t:|1683578674\n|-terastallize|p2b: Amoonguss|Water\n|move|p1b: Abomasnow|Sheer Cold|p2b: Amoonguss|[miss]\n|-miss|p1b: Abomasnow|p2b: Amoonguss\n|move|p1a: Kingambit|Guillotine|p2a: Iron Hands\n|-damage|p2a: Iron Hands|0 fnt\n|faint|p2a: Iron Hands\n|-end|p2a: Iron Hands|Quark Drive|[silent]\n|-ohko\n|move|p2b: Amoonguss|Spore|p1a: Kingambit\n|-status|p1a: Kingambit|slp|[from] move: Spore\n|\n|-weather|Snow|[upkeep]\n|upkeep\n|\n|t:|1683578684\n|switch|p2a: Flutter Mane|Flutter Mane, L50|100\/100\n|turn|3\n|\n|t:|1683578700\n|move|p2a: Flutter Mane|Mystical Fire|p1b: Abomasnow\n|-supereffective|p1b: Abomasnow\n|-damage|p1b: Abomasnow|0 fnt\n|faint|p1b: Abomasnow\n|cant|p1a: Kingambit|slp\n|move|p2b: Amoonguss|Pollen Puff|p1a: Kingambit\n|-resisted|p1a: Kingambit\n|-damage|p1a: Kingambit|94\/100 slp\n|\n|-weather|Snow|[upkeep]\n|upkeep\n|\n|t:|1683578713\n|switch|p1b: Garganacl|Garganacl, L50, M, shiny|100\/100\n|turn|4\n|\n|t:|1683578719\n|-end|p2a: Flutter Mane|Protosynthesis|[silent]\n|switch|p2a: Palafin|Palafin, L50, M|100\/100\n|move|p2b: Amoonguss|Protect|p2b: Amoonguss\n|-singleturn|p2b: Amoonguss|Protect\n|cant|p1a: Kingambit|slp\n|move|p1b: Garganacl|Fissure|p2a: Palafin|[miss]\n|-miss|p1b: Garganacl|p2a: Palafin\n|\n|-weather|Snow|[upkeep]\n|upkeep\n|turn|5\n|\n|t:|1683578731\n|detailschange|p2a: Palafin|Palafin-Hero, L50, M\n|switch|p2a: Flutter Mane|Flutter Mane, L50|100\/100\n|cant|p1a: Kingambit|slp\n|move|p1b: Garganacl|Fissure|p2a: Flutter Mane|[miss]\n|-miss|p1b: Garganacl|p2a: Flutter Mane\n|move|p2b: Amoonguss|Spore|p1a: Kingambit\n|-fail|p1a: Kingambit|slp\n|\n|-weather|none\n|upkeep\n|turn|6\n|-activate|p1b: Garganacl|item: Quick Claw\n|\n|t:|1683578744\n|move|p2b: Amoonguss|Protect|p2b: Amoonguss\n|-singleturn|p2b: Amoonguss|Protect\n|move|p1b: Garganacl|Fissure|p2a: Flutter Mane|[miss]\n|-miss|p1b: Garganacl|p2a: Flutter Mane\n|move|p2a: Flutter Mane|Thunderbolt|p1a: Kingambit\n|-supereffective|p1a: Kingambit\n|-damage|p1a: Kingambit|23\/100 slp\n|-enditem|p1a: Kingambit|Sitrus Berry|[eat]\n|-heal|p1a: Kingambit|47\/100 slp|[from] item: Sitrus Berry\n|-curestatus|p1a: Kingambit|slp|[msg]\n|move|p1a: Kingambit|Guillotine|p2a: Flutter Mane\n|-immune|p2a: Flutter Mane\n|\n|upkeep\n|turn|7\n|\n|t:|1683578764\n|move|p2b: Amoonguss|Rage Powder|p2b: Amoonguss\n|-singleturn|p2b: Amoonguss|move: Rage Powder\n|move|p2a: Flutter Mane|Thunderbolt|p1a: Kingambit\n|-supereffective|p1a: Kingambit\n|-damage|p1a: Kingambit|0 fnt\n|faint|p1a: Kingambit\n|move|p1b: Garganacl|Fissure|p2b: Amoonguss\n|-damage|p2b: Amoonguss|0 fnt\n|faint|p2b: Amoonguss\n|-ohko\n|\n|upkeep\n|\n|t:|1683578773\n|switch|p1a: Beartic|Beartic, L50, F, shiny|100\/100\n|switch|p2b: Palafin|Palafin-Hero, L50, M|100\/100\n|-activate|p2b: Palafin|ability: Zero to Hero\n|turn|8\n|\n|t:|1683578782\n|move|p2a: Flutter Mane|Thunderbolt|p1a: Beartic\n|-damage|p1a: Beartic|47\/100\n|move|p2b: Palafin|Wave Crash|p1b: Garganacl\n|-supereffective|p1b: Garganacl\n|-damage|p1b: Garganacl|0 fnt\n|faint|p1b: Garganacl\n|-damage|p2b: Palafin|68\/100|[from] Recoil\n|move|p1a: Beartic|Sheer Cold|p2a: Flutter Mane|[miss]\n|-miss|p1a: Beartic|p2a: Flutter Mane\n|\n|upkeep\n|turn|9\n|\n|t:|1683578794\n|move|p2a: Flutter Mane|Thunderbolt|p1a: Beartic\n|-damage|p1a: Beartic|0 fnt\n|faint|p1a: Beartic\n|\n|win|Flopperwilly\n|c|\u2606Draven_07|gg xd\n|l|\u2606Flopperwilly\n","uploadtime":1683578801,"views":14,"p1id":"draven07","p2id":"flopperwilly","formatid":"gen9vgc2023regulationc","rating":0,"private":0,"password":""}