{"id":"gen9vgc2023regulationc-1858800662","p1":"fedevac","p2":"OrangeObama","format":"[Gen 9] VGC 2023 Regulation C","log":"|j|\u2606fedevac\n|j|\u2606OrangeObama\n|t:|1683363840\n|gametype|doubles\n|player|p1|fedevac|drayden|1215\n|player|p2|OrangeObama|acetrainer-gen4dp|1279\n|teamsize|p1|6\n|teamsize|p2|6\n|gen|9\n|tier|[Gen 9] VGC 2023 Regulation C\n|rated|\n|rule|Species Clause: Limit one of each Pok\u00e9mon\n|rule|Item Clause: Limit one of each item\n|clearpoke\n|poke|p1|Garchomp, L50, M|\n|poke|p1|Ting-Lu, L50|\n|poke|p1|Flutter Mane, L50|\n|poke|p1|Brute Bonnet, L50|\n|poke|p1|Corviknight, L50, F|\n|poke|p1|Chi-Yu, L50|\n|poke|p2|Sandy Shocks, L50|\n|poke|p2|Flutter Mane, L50|\n|poke|p2|Espathra, L50, F|\n|poke|p2|Tinkaton, L50, F|\n|poke|p2|Ceruledge, L50, F|\n|poke|p2|Gyarados, L50, M|\n|teampreview|4\n|inactive|Battle timer is ON: inactive players will automatically lose when time's up. (requested by OrangeObama)\n|inactive|OrangeObama has 60 seconds left.\n|\n|t:|1683363874\n|start\n|switch|p1a: Corviknight|Corviknight, L50, F, shiny|100\/100\n|switch|p1b: Flutter Mane|Flutter Mane, L50|100\/100\n|switch|p2a: Gyarados|Gyarados, L50, M|100\/100\n|switch|p2b: Sandy Shocks|Sandy Shocks, L50|100\/100\n|-ability|p2a: Gyarados|Intimidate|boost\n|-ability|p1a: Corviknight|Mirror Armor\n|-unboost|p2a: Gyarados|atk|1\n|-unboost|p1b: Flutter Mane|atk|1\n|-enditem|p2b: Sandy Shocks|Booster Energy\n|-activate|p2b: Sandy Shocks|ability: Protosynthesis|[fromitem]\n|-start|p2b: Sandy Shocks|protosynthesisspa\n|turn|1\n|inactive|fedevac has 30 seconds left.\n|inactive|OrangeObama has 30 seconds left.\n|\n|t:|1683363906\n|move|p1b: Flutter Mane|Moonblast|p2b: Sandy Shocks\n|-damage|p2b: Sandy Shocks|43\/100\n|move|p2a: Gyarados|Dragon Dance|p2a: Gyarados\n|-boost|p2a: Gyarados|atk|1\n|-boost|p2a: Gyarados|spe|1\n|move|p2b: Sandy Shocks|Thunderbolt|p1a: Corviknight\n|-supereffective|p1a: Corviknight\n|-damage|p1a: Corviknight|0 fnt\n|faint|p1a: Corviknight\n|\n|upkeep\n|\n|t:|1683363917\n|switch|p1a: Brute Bonnet|Brute Bonnet, L50|100\/100\n|turn|2\n|\n|t:|1683363937\n|-terastallize|p2a: Gyarados|Flying\n|-terastallize|p1a: Brute Bonnet|Dark\n|move|p1a: Brute Bonnet|Sucker Punch|p2a: Gyarados\n|-damage|p2a: Gyarados|45\/100\n|move|p2a: Gyarados|Tera Blast|p1a: Brute Bonnet\n|-damage|p1a: Brute Bonnet|58\/100\n|move|p1b: Flutter Mane|Moonblast|p2b: Sandy Shocks\n|-damage|p2b: Sandy Shocks|0 fnt\n|faint|p2b: Sandy Shocks\n|-end|p2b: Sandy Shocks|Protosynthesis|[silent]\n|\n|upkeep\n|\n|t:|1683363949\n|switch|p2b: Flutter Mane|Flutter Mane, L50|100\/100\n|turn|3\n|\n|t:|1683363958\n|move|p1a: Brute Bonnet|Sucker Punch||[still]\n|-fail|p1a: Brute Bonnet\n|move|p2a: Gyarados|Dragon Dance|p2a: Gyarados\n|-boost|p2a: Gyarados|atk|1\n|-boost|p2a: Gyarados|spe|1\n|move|p2b: Flutter Mane|Moonblast|p1a: Brute Bonnet\n|-supereffective|p1a: Brute Bonnet\n|-damage|p1a: Brute Bonnet|0 fnt\n|faint|p1a: Brute Bonnet\n|-end|p1a: Brute Bonnet|Protosynthesis|[silent]\n|move|p1b: Flutter Mane|Shadow Ball|p2b: Flutter Mane\n|-supereffective|p2b: Flutter Mane\n|-damage|p2b: Flutter Mane|15\/100\n|\n|-heal|p2b: Flutter Mane|21\/100|[from] item: Leftovers\n|upkeep\n|\n|t:|1683363974\n|switch|p1a: Garchomp|Garchomp, L50, M|100\/100\n|turn|4\n|\n|t:|1683363983\n|move|p2a: Gyarados|Protect|p2a: Gyarados\n|-singleturn|p2a: Gyarados|Protect\n|move|p2b: Flutter Mane|Protect|p2b: Flutter Mane\n|-singleturn|p2b: Flutter Mane|Protect\n|move|p1a: Garchomp|Protect|p1a: Garchomp\n|-singleturn|p1a: Garchomp|Protect\n|move|p1b: Flutter Mane|Dazzling Gleam|p2b: Flutter Mane|[spread] \n|-activate|p2a: Gyarados|move: Protect\n|-activate|p2b: Flutter Mane|move: Protect\n|\n|-heal|p2b: Flutter Mane|28\/100|[from] item: Leftovers\n|upkeep\n|turn|5\n|\n|t:|1683364004\n|move|p1a: Garchomp|Protect||[still]\n|-fail|p1a: Garchomp\n|move|p2a: Gyarados|Tera Blast|p1a: Garchomp\n|-damage|p1a: Garchomp|22\/100\n|move|p2b: Flutter Mane|Moonblast|p1a: Garchomp\n|-supereffective|p1a: Garchomp\n|-damage|p1a: Garchomp|0 fnt\n|faint|p1a: Garchomp\n|move|p1b: Flutter Mane|Dazzling Gleam|p2a: Gyarados|[spread] p2a,p2b\n|-damage|p2a: Gyarados|16\/100\n|-damage|p2b: Flutter Mane|0 fnt\n|faint|p2b: Flutter Mane\n|-end|p2b: Flutter Mane|Protosynthesis|[silent]\n|\n|upkeep\n|\n|t:|1683364015\n|switch|p2b: Ceruledge|Ceruledge, L50, F|100\/100\n|turn|6\n|\n|t:|1683364021\n|move|p2b: Ceruledge|Shadow Sneak|p1b: Flutter Mane\n|-supereffective|p1b: Flutter Mane\n|-damage|p1b: Flutter Mane|22\/100\n|move|p2a: Gyarados|Tera Blast|p1b: Flutter Mane\n|-damage|p1b: Flutter Mane|0 fnt\n|faint|p1b: Flutter Mane\n|-end|p1b: Flutter Mane|Protosynthesis|[silent]\n|\n|win|OrangeObama\n|raw|fedevac's rating: 1215 → 1195<\/strong> (-20 for losing)\n|raw|OrangeObama's rating: 1279 → 1299<\/strong> (+20 for winning)\n","uploadtime":1683364028,"views":11,"p1id":"fedevac","p2id":"orangeobama","formatid":"gen9vgc2023regulationc","rating":1195,"private":0,"password":""}