{"id":"gen9vgc2023regulationc-1857926276","p1":"SteelGymLuke","p2":"kamikazee19","format":"[Gen 9] VGC 2023 Regulation C","log":"|j|\u2606SteelGymLuke\n|j|\u2606kamikazee19\n|t:|1683248203\n|gametype|doubles\n|player|p1|SteelGymLuke|bugcatcher-gen4dp|\n|player|p2|kamikazee19|2|\n|teamsize|p1|6\n|teamsize|p2|6\n|gen|9\n|tier|[Gen 9] VGC 2023 Regulation C\n|rule|Species Clause: Limit one of each Pok\u00e9mon\n|rule|Item Clause: Limit one of each item\n|clearpoke\n|poke|p1|Bronzong, L50|\n|poke|p1|Kingambit, L50, F|\n|poke|p1|Corviknight, L50, F|\n|poke|p1|Gholdengo, L50|\n|poke|p1|Murkrow, L50, F|\n|poke|p1|Palafin, L50, M|\n|poke|p2|Meowscarada, L50, M|\n|poke|p2|Krookodile, L50, F|\n|poke|p2|Flamigo, L50, F|\n|poke|p2|Garchomp, L50, F|\n|poke|p2|Amoonguss, L50, F|\n|poke|p2|Gastrodon, L50, M|\n|teampreview|4\n|\n|t:|1683248247\n|start\n|switch|p1a: Murkrow|Murkrow, L50, F|100\/100\n|switch|p1b: Corviknight|Corviknight, L50, F|100\/100\n|switch|p2a: Meowscarada|Meowscarada, L50, M|100\/100\n|switch|p2b: Krookodile|Krookodile, L50, F|100\/100\n|-ability|p1b: Corviknight|Pressure\n|turn|1\n|\n|t:|1683248261\n|move|p1a: Murkrow|Tailwind|p1a: Murkrow\n|-sidestart|p1: SteelGymLuke|move: Tailwind\n|move|p2a: Meowscarada|Flower Trick|p2b: Krookodile\n|-supereffective|p2b: Krookodile\n|-crit|p2b: Krookodile\n|-damage|p2b: Krookodile|0 fnt\n|faint|p2b: Krookodile\n|move|p1b: Corviknight|Iron Defense|p1b: Corviknight\n|-boost|p1b: Corviknight|def|2\n|\n|upkeep\n|\n|t:|1683248284\n|switch|p2b: Amoonguss|Amoonguss, L50, F|100\/100\n|turn|2\n|\n|t:|1683248299\n|move|p1a: Murkrow|Quash|p2a: Meowscarada\n|-hint|Since gen 7, Dark is immune to Prankster moves.\n|-immune|p2a: Meowscarada\n|move|p2a: Meowscarada|Aura Sphere|p1b: Corviknight\n|-damage|p1b: Corviknight|80\/100\n|move|p1b: Corviknight|Taunt|p2b: Amoonguss\n|-start|p2b: Amoonguss|move: Taunt\n|cant|p2b: Amoonguss|move: Taunt|Spore\n|\n|upkeep\n|turn|3\n|\n|t:|1683248325\n|switch|p2b: Flamigo|Flamigo, L50, F|100\/100\n|-copyboost|p2b: Flamigo|p2a: Meowscarada|[from] ability: Costar\n|move|p1a: Murkrow|Foul Play|p2b: Flamigo\n|-resisted|p2b: Flamigo\n|-damage|p2b: Flamigo|66\/100\n|move|p2a: Meowscarada|Aura Sphere|p1a: Murkrow\n|-crit|p1a: Murkrow\n|-damage|p1a: Murkrow|67\/100\n|move|p1b: Corviknight|Body Press|p2a: Meowscarada\n|-supereffective|p2a: Meowscarada\n|-damage|p2a: Meowscarada|0 fnt\n|faint|p2a: Meowscarada\n|\n|upkeep\n|\n|t:|1683248330\n|switch|p2a: Amoonguss|Amoonguss, L50, F|100\/100\n|turn|4\n|\n|t:|1683248353\n|move|p2a: Amoonguss|Protect|p2a: Amoonguss\n|-singleturn|p2a: Amoonguss|Protect\n|move|p1a: Murkrow|Foul Play|p2a: Amoonguss\n|-activate|p2a: Amoonguss|move: Protect\n|move|p1b: Corviknight|Taunt|p2a: Amoonguss\n|-activate|p2a: Amoonguss|move: Protect\n|move|p2b: Flamigo|Close Combat|p1a: Murkrow\n|-damage|p1a: Murkrow|0 fnt\n|-unboost|p2b: Flamigo|def|1\n|-unboost|p2b: Flamigo|spd|1\n|faint|p1a: Murkrow\n|\n|-sideend|p1: SteelGymLuke|move: Tailwind\n|upkeep\n|\n|t:|1683248370\n|switch|p1a: Gholdengo|Gholdengo, L50|100\/100\n|turn|5\n|\n|t:|1683248387\n|move|p2a: Amoonguss|Rage Powder|p2a: Amoonguss\n|-singleturn|p2a: Amoonguss|move: Rage Powder\n|move|p2b: Flamigo|Close Combat|p1b: Corviknight\n|-damage|p1b: Corviknight|62\/100\n|-unboost|p2b: Flamigo|def|1\n|-unboost|p2b: Flamigo|spd|1\n|-damage|p2b: Flamigo|50\/100|[from] item: Rocky Helmet|[of] p1b: Corviknight\n|move|p1a: Gholdengo|Make It Rain|p2b: Flamigo|[spread] p2a,p2b\n|-damage|p2a: Amoonguss|67\/100\n|-damage|p2b: Flamigo|0 fnt\n|-unboost|p1a: Gholdengo|spa|1\n|faint|p2b: Flamigo\n|move|p1b: Corviknight|Body Press|p2a: Amoonguss\n|-resisted|p2a: Amoonguss\n|-damage|p2a: Amoonguss|37\/100\n|\n|-heal|p2a: Amoonguss|43\/100|[from] item: Black Sludge\n|upkeep\n|turn|6\n|\n|t:|1683248414\n|move|p1a: Gholdengo|Shadow Ball|p2a: Amoonguss\n|-damage|p2a: Amoonguss|22\/100\n|move|p1b: Corviknight|Taunt|p2a: Amoonguss\n|-start|p2a: Amoonguss|move: Taunt\n|cant|p2a: Amoonguss|move: Taunt|Spore\n|\n|-heal|p2a: Amoonguss|28\/100|[from] item: Black Sludge\n|upkeep\n|turn|7\n|\n|t:|1683248431\n|move|p1a: Gholdengo|Tera Blast|p2a: Amoonguss\n|-damage|p2a: Amoonguss|15\/100\n|move|p1b: Corviknight|Body Press|p2a: Amoonguss\n|-resisted|p2a: Amoonguss\n|-damage|p2a: Amoonguss|0 fnt\n|faint|p2a: Amoonguss\n|\n|win|SteelGymLuke\n|l|\u2606kamikazee19\n","uploadtime":1683248456,"views":10,"p1id":"steelgymluke","p2id":"kamikazee19","formatid":"gen9vgc2023regulationc","rating":0,"private":0,"password":""}