{"id":"gen9vgc2023regulationc-1853314873","p1":"XxKillGore642xX","p2":"Amosaver","format":"[Gen 9] VGC 2023 Regulation C","log":"|j|\u2606XxKillGore642xX\n|j|\u2606Amosaver\n|t:|1682666453\n|gametype|doubles\n|player|p1|XxKillGore642xX|2|1049\n|player|p2|Amosaver|n|1162\n|teamsize|p1|6\n|teamsize|p2|4\n|gen|9\n|tier|[Gen 9] VGC 2023 Regulation C\n|rated|\n|rule|Species Clause: Limit one of each Pok\u00e9mon\n|rule|Item Clause: Limit one of each item\n|clearpoke\n|poke|p1|Wo-Chien, L50|\n|poke|p1|Arboliva, L50, M|\n|poke|p1|Gallade, L50, M|\n|poke|p1|Gyarados, L50, F|\n|poke|p1|Ting-Lu, L50|\n|poke|p1|Electrode, L50|\n|poke|p2|Glimmora, L50, M|\n|poke|p2|Tinkaton, L50, F|\n|poke|p2|Roaring Moon, L50|\n|poke|p2|Vaporeon, L50, F|\n|teampreview|4\n|\n|t:|1682666481\n|start\n|switch|p1a: Electrode|Electrode, L50|100\/100\n|switch|p1b: Arboliva|Arboliva, L50, M|100\/100\n|switch|p2a: Roaring Moon|Roaring Moon, L50|100\/100\n|switch|p2b: Glimmora|Glimmora, L50, M|100\/100\n|-item|p2b: Glimmora|Air Balloon\n|turn|1\n|\n|t:|1682666509\n|-terastallize|p1b: Arboliva|Ghost\n|move|p1a: Electrode|Explosion|p2b: Glimmora|[spread] p2a,p2b\n|-immune|p1b: Arboliva\n|-resisted|p2b: Glimmora\n|-damage|p2a: Roaring Moon|72\/100\n|-damage|p2b: Glimmora|87\/100\n|-activate|p2b: Glimmora|ability: Toxic Debris\n|-sidestart|p1: XxKillGore642xX|move: Toxic Spikes\n|-enditem|p2b: Glimmora|Air Balloon\n|faint|p1a: Electrode\n|move|p2a: Roaring Moon|Acrobatics|p1b: Arboliva\n|-damage|p1b: Arboliva|80\/100\n|-fieldstart|move: Grassy Terrain|[from] ability: Seed Sower|[of] p1b: Arboliva\n|move|p2b: Glimmora|Mortal Spin|p1b: Arboliva\n|-resisted|p1b: Arboliva\n|-crit|p1b: Arboliva\n|-damage|p1b: Arboliva|75\/100\n|-status|p1b: Arboliva|psn\n|move|p1b: Arboliva|Dazzling Gleam|p2b: Glimmora|[spread] p2a,p2b\n|-supereffective|p2a: Roaring Moon\n|-resisted|p2b: Glimmora\n|-damage|p2a: Roaring Moon|2\/100\n|-damage|p2b: Glimmora|75\/100\n|\n|-heal|p2a: Roaring Moon|8\/100|[from] Grassy Terrain\n|-heal|p2b: Glimmora|81\/100|[from] Grassy Terrain\n|-heal|p1b: Arboliva|81\/100 psn|[from] Grassy Terrain\n|-damage|p1b: Arboliva|69\/100 psn|[from] psn\n|upkeep\n|\n|t:|1682666539\n|switch|p1a: Gallade|Gallade, L50, M|100\/100\n|-status|p1a: Gallade|psn\n|turn|2\n|\n|t:|1682666552\n|move|p2a: Roaring Moon|Protect|p2a: Roaring Moon\n|-singleturn|p2a: Roaring Moon|Protect\n|move|p2b: Glimmora|Venoshock|p1b: Arboliva\n|-resisted|p1b: Arboliva\n|-damage|p1b: Arboliva|43\/100 psn\n|move|p1a: Gallade|Psycho Cut|p2b: Glimmora\n|-supereffective|p2b: Glimmora\n|-damage|p2b: Glimmora|0 fnt\n|-activate|p2b: Glimmora|ability: Toxic Debris\n|-sidestart|p1: XxKillGore642xX|move: Toxic Spikes\n|faint|p2b: Glimmora\n|move|p1b: Arboliva|Dazzling Gleam|p2a: Roaring Moon\n|-activate|p2a: Roaring Moon|move: Protect\n|\n|-heal|p2a: Roaring Moon|14\/100|[from] Grassy Terrain\n|-heal|p1b: Arboliva|49\/100 psn|[from] Grassy Terrain\n|-damage|p1a: Gallade|88\/100 psn|[from] psn\n|-damage|p1b: Arboliva|37\/100 psn|[from] psn\n|upkeep\n|\n|t:|1682666569\n|switch|p2b: Tinkaton|Tinkaton, L50, F|100\/100\n|-ability|p2b: Tinkaton|Mold Breaker\n|turn|3\n|\n|t:|1682666582\n|switch|p1a: Ting-Lu|Ting-Lu, L50|100\/100\n|-status|p1a: Ting-Lu|tox\n|-ability|p1a: Ting-Lu|Vessel of Ruin\n|move|p2b: Tinkaton|Fake Out|p1a: Ting-Lu\n|-damage|p1a: Ting-Lu|96\/100 tox\n|move|p2a: Roaring Moon|Jaw Lock|p1b: Arboliva\n|-supereffective|p1b: Arboliva\n|-damage|p1b: Arboliva|0 fnt\n|faint|p1b: Arboliva\n|\n|-heal|p2a: Roaring Moon|20\/100|[from] Grassy Terrain\n|-heal|p1a: Ting-Lu|100\/100 tox|[from] Grassy Terrain\n|-damage|p1a: Ting-Lu|94\/100 tox|[from] psn\n|upkeep\n|\n|t:|1682666599\n|switch|p1b: Gallade|Gallade, L50, M|88\/100 psn\n|turn|4\n|\n|t:|1682666627\n|-terastallize|p2a: Roaring Moon|Ground\n|move|p2b: Tinkaton|Feint|p1b: Gallade\n|-damage|p1b: Gallade|79\/100 psn\n|move|p2a: Roaring Moon|Acrobatics|p1b: Gallade\n|-supereffective|p1b: Gallade\n|-damage|p1b: Gallade|17\/100 psn\n|move|p1b: Gallade|Sacred Sword|p2a: Roaring Moon\n|-damage|p2a: Roaring Moon|0 fnt\n|faint|p2a: Roaring Moon\n|-end|p2a: Roaring Moon|Protosynthesis|[silent]\n|move|p1a: Ting-Lu|Payback|p2b: Tinkaton\n|-resisted|p2b: Tinkaton\n|-damage|p2b: Tinkaton|75\/100\n|\n|-heal|p2b: Tinkaton|81\/100|[from] Grassy Terrain\n|-heal|p1b: Gallade|23\/100 psn|[from] Grassy Terrain\n|-heal|p1a: Ting-Lu|100\/100 tox|[from] Grassy Terrain\n|-damage|p1b: Gallade|11\/100 psn|[from] psn\n|-damage|p1a: Ting-Lu|88\/100 tox|[from] psn\n|upkeep\n|\n|t:|1682666645\n|switch|p2a: Vaporeon|Vaporeon, L50, F|100\/100\n|turn|5\n|\n|t:|1682666660\n|move|p2b: Tinkaton|Gigaton Hammer|p1b: Gallade\n|-damage|p1b: Gallade|0 fnt\n|faint|p1b: Gallade\n|move|p2a: Vaporeon|Surf|p1a: Ting-Lu|[spread] p2b,p1a\n|-supereffective|p1a: Ting-Lu\n|-damage|p2b: Tinkaton|71\/100\n|-damage|p1a: Ting-Lu|68\/100 tox\n|move|p1a: Ting-Lu|Heavy Slam|p2a: Vaporeon\n|-resisted|p2a: Vaporeon\n|-damage|p2a: Vaporeon|88\/100\n|\n|-heal|p2b: Tinkaton|76\/100|[from] Grassy Terrain\n|-heal|p2a: Vaporeon|94\/100|[from] Grassy Terrain\n|-heal|p2a: Vaporeon|99\/100|[from] item: Leftovers\n|-heal|p1a: Ting-Lu|75\/100 tox|[from] Grassy Terrain\n|-damage|p1a: Ting-Lu|56\/100 tox|[from] psn\n|-fieldend|move: Grassy Terrain\n|upkeep\n|turn|6\n|inactive|Battle timer is ON: inactive players will automatically lose when time's up. (requested by Amosaver)\n|\n|t:|1682666702\n|move|p2b: Tinkaton|Feint|p1a: Ting-Lu\n|-damage|p1a: Ting-Lu|53\/100 tox\n|move|p2a: Vaporeon|Ice Beam|p1a: Ting-Lu\n|-supereffective|p1a: Ting-Lu\n|-crit|p1a: Ting-Lu\n|-damage|p1a: Ting-Lu|24\/100 tox\n|move|p1a: Ting-Lu|Payback|p2a: Vaporeon\n|-damage|p2a: Vaporeon|68\/100\n|\n|-heal|p2a: Vaporeon|74\/100|[from] item: Leftovers\n|-damage|p1a: Ting-Lu|0 fnt|[from] psn\n|faint|p1a: Ting-Lu\n|\n|win|Amosaver\n|upkeep\n|raw|XxKillGore642xX's rating: 1049 → 1037<\/strong> (-12 for losing)\n|raw|Amosaver's rating: 1162 → 1179<\/strong> (+17 for winning)\n","uploadtime":1682666717,"views":10,"p1id":"xxkillgore642xx","p2id":"amosaver","formatid":"gen9vgc2023regulationc","rating":1037,"private":0,"password":""}