{"id":"gen9vgc2023regulationc-1860049897","p1":"zlint","p2":"Jovenchano3103","format":"[Gen 9] VGC 2023 Regulation C","log":"|j|\u2606zlint\n|j|\u2606Jovenchano3103\n|t:|1683589314\n|gametype|doubles\n|player|p1|zlint|may|1131\n|player|p2|Jovenchano3103|bugcatcher-gen4dp|1122\n|teamsize|p1|6\n|teamsize|p2|6\n|gen|9\n|tier|[Gen 9] VGC 2023 Regulation C\n|rated|\n|rule|Species Clause: Limit one of each Pok\u00e9mon\n|rule|Item Clause: Limit one of each item\n|clearpoke\n|poke|p1|Scream Tail, L50|\n|poke|p1|Baxcalibur, L50, M|\n|poke|p1|Corviknight, L50, M|\n|poke|p1|Rotom-Wash, L50|\n|poke|p1|Flutter Mane, L50|\n|poke|p1|Tyranitar, L50, F|\n|poke|p2|Froslass, L50, F|\n|poke|p2|Abomasnow, L50, F|\n|poke|p2|Armarouge, L50, F|\n|poke|p2|Iron Hands, L50|\n|poke|p2|Palafin, L50, F|\n|poke|p2|Garchomp, L50, F|\n|teampreview|4\nzlint has agreed to open team sheets.\n|inactive|Battle timer is ON: inactive players will automatically lose when time's up. (requested by Jovenchano3103)\n|inactive|Jovenchano3103 has 60 seconds left.\n|\n|t:|1683589366\n|start\n|switch|p1a: Flutter Mane|Flutter Mane, L50|100\/100\n|switch|p1b: Rotom|Rotom-Wash, L50, shiny|100\/100\n|switch|p2a: Armarouge|Armarouge, L50, F|100\/100\n|switch|p2b: Iron Hands|Iron Hands, L50|100\/100\n|turn|1\n|inactive|zlint has 30 seconds left.\n|inactive|Jovenchano3103 has 30 seconds left.\n|inactive|zlint has 20 seconds left.\n|inactive|zlint has 15 seconds left.\n|inactive|Jovenchano3103 has 20 seconds left.\n|inactive|Jovenchano3103 has 15 seconds left.\n|\n|t:|1683589412\n|switch|p1b: Tyranitar|Tyranitar, L50, F|100\/100\n|-weather|Sandstorm|[from] ability: Sand Stream|[of] p1b: Tyranitar\n|-end|p2b: Iron Hands|Quark Drive|[silent]\n|switch|p2b: Abomasnow|Abomasnow, L50, F|100\/100\n|-weather|Snow|[from] ability: Snow Warning|[of] p2b: Abomasnow\n|-terastallize|p1a: Flutter Mane|Fairy\n|move|p2a: Armarouge|Wide Guard|p2a: Armarouge\n|-singleturn|p2a: Armarouge|Wide Guard\n|move|p1a: Flutter Mane|Moonblast|p2b: Abomasnow\n|-damage|p2b: Abomasnow|40\/100\n|-damage|p1a: Flutter Mane|91\/100|[from] item: Life Orb\n|\n|-weather|Snow|[upkeep]\n|upkeep\n|turn|2\n|inactive|Jovenchano3103 has 30 seconds left.\n|inactive|zlint has 30 seconds left.\n|inactive|Jovenchano3103 has 20 seconds left.\n|inactive|Jovenchano3103 has 15 seconds left.\n|\n|t:|1683589456\n|move|p1a: Flutter Mane|Moonblast|p2b: Abomasnow\n|-damage|p2b: Abomasnow|0 fnt\n|faint|p2b: Abomasnow\n|-damage|p1a: Flutter Mane|82\/100|[from] item: Life Orb\n|move|p2a: Armarouge|Will-O-Wisp|p1b: Tyranitar\n|-status|p1b: Tyranitar|brn\n|move|p1b: Tyranitar|Crunch|p2a: Armarouge\n|-supereffective|p2a: Armarouge\n|-damage|p2a: Armarouge|56\/100\n|\n|-weather|Snow|[upkeep]\n|-heal|p2a: Armarouge|62\/100|[from] item: Leftovers\n|-damage|p1b: Tyranitar|94\/100 brn|[from] brn\n|upkeep\n|\n|t:|1683589475\n|switch|p2b: Garchomp|Garchomp, L50, F|100\/100\n|turn|3\n|inactive|Jovenchano3103 has 30 seconds left.\n|\n|t:|1683589504\n|move|p1a: Flutter Mane|Shadow Ball|p2a: Armarouge\n|-supereffective|p2a: Armarouge\n|-damage|p2a: Armarouge|0 fnt\n|faint|p2a: Armarouge\n|-damage|p1a: Flutter Mane|72\/100|[from] item: Life Orb\n|move|p2b: Garchomp|Iron Head|p1a: Flutter Mane\n|-supereffective|p1a: Flutter Mane\n|-damage|p1a: Flutter Mane|0 fnt\n|faint|p1a: Flutter Mane\n|-end|p1a: Flutter Mane|Protosynthesis|[silent]\n|move|p1b: Tyranitar|Crunch|p2b: Garchomp\n|-damage|p2b: Garchomp|78\/100\n|-damage|p1b: Tyranitar|82\/100 brn|[from] ability: Rough Skin|[of] p2b: Garchomp\n|\n|-weather|Snow|[upkeep]\n|-damage|p1b: Tyranitar|76\/100 brn|[from] brn\n|upkeep\n|\n|t:|1683589523\n|switch|p1a: Rotom|Rotom-Wash, L50, shiny|100\/100\n|switch|p2a: Iron Hands|Iron Hands, L50|100\/100\n|turn|4\n|\n|t:|1683589534\n|-terastallize|p2b: Garchomp|Fire\n|move|p2b: Garchomp|Iron Head|p1b: Tyranitar\n|-supereffective|p1b: Tyranitar\n|-damage|p1b: Tyranitar|4\/100 brn\n|move|p1a: Rotom|Will-O-Wisp|p2b: Garchomp\n|-immune|p2b: Garchomp\n|cant|p1b: Tyranitar|flinch\n|move|p2a: Iron Hands|Belly Drum|p2a: Iron Hands\n|-damage|p2a: Iron Hands|50\/100\n|-setboost|p2a: Iron Hands|atk|6|[from] move: Belly Drum\n|-enditem|p2a: Iron Hands|Sitrus Berry|[eat]\n|-heal|p2a: Iron Hands|75\/100|[from] item: Sitrus Berry\n|\n|-weather|Snow|[upkeep]\n|-damage|p1b: Tyranitar|0 fnt|[from] brn\n|faint|p1b: Tyranitar\n|upkeep\n|\n|t:|1683589543\n|switch|p1b: Scream Tail|Scream Tail, L50, shiny|100\/100\n|-enditem|p1b: Scream Tail|Booster Energy\n|-activate|p1b: Scream Tail|ability: Protosynthesis|[fromitem]\n|-start|p1b: Scream Tail|protosynthesisspe\n|turn|5\n|\n|t:|1683589564\n|move|p1b: Scream Tail|Encore|p2a: Iron Hands\n|-start|p2a: Iron Hands|Encore\n|move|p2b: Garchomp|Iron Head|p1b: Scream Tail\n|-supereffective|p1b: Scream Tail\n|-damage|p1b: Scream Tail|42\/100\n|move|p1a: Rotom|Hydro Pump|p2b: Garchomp\n|-supereffective|p2b: Garchomp\n|-damage|p2b: Garchomp|0 fnt\n|faint|p2b: Garchomp\n|move|p2a: Iron Hands|Belly Drum||[still]\n|-fail|p2a: Iron Hands\n|\n|-weather|none\n|upkeep\n|turn|6\n|\n|t:|1683589578\n|move|p1b: Scream Tail|Play Rough|p2a: Iron Hands\n|-supereffective|p2a: Iron Hands\n|-damage|p2a: Iron Hands|46\/100\n|move|p1a: Rotom|Will-O-Wisp|p2a: Iron Hands\n|-status|p2a: Iron Hands|brn\n|move|p2a: Iron Hands|Belly Drum||[still]\n|-fail|p2a: Iron Hands\n|\n|-damage|p2a: Iron Hands|40\/100 brn|[from] brn\n|upkeep\n|turn|7\n|\n|t:|1683589589\n|move|p1b: Scream Tail|Play Rough|p2a: Iron Hands\n|-supereffective|p2a: Iron Hands\n|-damage|p2a: Iron Hands|9\/100 brn\n|move|p1a: Rotom|Thunderbolt|p2a: Iron Hands\n|-resisted|p2a: Iron Hands\n|-damage|p2a: Iron Hands|0 fnt\n|faint|p2a: Iron Hands\n|-end|p2a: Iron Hands|Quark Drive|[silent]\n|\n|win|zlint\n|raw|zlint's rating: 1131 → 1155<\/strong> (+24 for winning)\n|raw|Jovenchano3103's rating: 1122 → 1098<\/strong> (-24 for losing)\n","uploadtime":1683589596,"views":8,"p1id":"zlint","p2id":"jovenchano3103","formatid":"gen9vgc2023regulationc","rating":1098,"private":0,"password":""}