{"id":"gen9vgc2023regulationc-1863318653","p1":"Arcacagne","p2":"silig","format":"[Gen 9] VGC 2023 Regulation C","log":"|j|\u2606Arcacagne\n|j|\u2606silig\n|t:|1684001920\n|gametype|doubles\n|player|p1|Arcacagne|169|1357\n|player|p2|silig|lucas|1326\n|teamsize|p1|6\n|teamsize|p2|6\n|gen|9\n|tier|[Gen 9] VGC 2023 Regulation C\n|rated|\n|rule|Species Clause: Limit one of each Pok\u00e9mon\n|rule|Item Clause: Limit one of each item\n|clearpoke\n|poke|p1|Chi-Yu, L50|\n|poke|p1|Flutter Mane, L50|\n|poke|p1|Amoonguss, L50, M|\n|poke|p1|Ting-Lu, L50|\n|poke|p1|Iron Hands, L50|\n|poke|p1|Gyarados, L50, M|\n|poke|p2|Dragapult, L50, F|\n|poke|p2|Talonflame, L50, M|\n|poke|p2|Flutter Mane, L50|\n|poke|p2|Chien-Pao, L50|\n|poke|p2|Chi-Yu, L50|\n|poke|p2|Great Tusk, L50|\n|teampreview|4\n|inactive|Battle timer is ON: inactive players will automatically lose when time's up. (requested by silig)\n|inactive|silig has 60 seconds left.\n|\n|t:|1684001968\n|start\n|switch|p1a: Ting-Lu|Ting-Lu, L50|100\/100\n|switch|p1b: Iron Hands|Iron Hands, L50|100\/100\n|switch|p2a: Talonflame|Talonflame, L50, M|100\/100\n|switch|p2b: Dragapult|Dragapult, L50, F|100\/100\n|-ability|p1a: Ting-Lu|Vessel of Ruin\n|turn|1\n|inactive|Arcacagne has 30 seconds left.\n|\n|t:|1684001994\n|switch|p2a: Great Tusk|Great Tusk, L50|100\/100\n|-end|p1b: Iron Hands|Quark Drive|[silent]\n|switch|p1b: Gyarados|Gyarados, L50, M|100\/100\n|-ability|p1b: Gyarados|Intimidate|boost\n|-unboost|p2a: Great Tusk|atk|1\n|-fail|p2b: Dragapult|unboost|[from] ability: Clear Body|[of] p2b: Dragapult\n|-terastallize|p2b: Dragapult|Dragon\n|move|p2b: Dragapult|Outrage|p1b: Gyarados\n|-damage|p1b: Gyarados|0 fnt\n|faint|p1b: Gyarados\n|move|p1a: Ting-Lu|Throat Chop|p2b: Dragapult\n|-damage|p2b: Dragapult|31\/100\n|-start|p2b: Dragapult|Throat Chop|[silent]\n|\n|upkeep\n|\n|t:|1684002008\n|switch|p1b: Flutter Mane|Flutter Mane, L50|100\/100\n|-enditem|p1b: Flutter Mane|Booster Energy\n|-activate|p1b: Flutter Mane|ability: Protosynthesis|[fromitem]\n|-start|p1b: Flutter Mane|protosynthesisspe\n|turn|2\n|\n|t:|1684002016\n|switch|p1a: Iron Hands|Iron Hands, L50|100\/100\n|move|p1b: Flutter Mane|Dazzling Gleam|p2a: Great Tusk|[spread] p2a,p2b\n|-supereffective|p2a: Great Tusk\n|-supereffective|p2b: Dragapult\n|-damage|p2a: Great Tusk|14\/100\n|-damage|p2b: Dragapult|0 fnt\n|faint|p2b: Dragapult\n|move|p2a: Great Tusk|Headlong Rush|p1b: Flutter Mane\n|-damage|p1b: Flutter Mane|11\/100\n|-unboost|p2a: Great Tusk|def|1\n|-unboost|p2a: Great Tusk|spd|1\n|-damage|p2a: Great Tusk|4\/100|[from] item: Life Orb\n|\n|upkeep\n|\n|t:|1684002027\n|switch|p2b: Talonflame|Talonflame, L50, M|100\/100\n|turn|3\n|\n|t:|1684002044\n|-terastallize|p1a: Iron Hands|Grass\n|move|p1b: Flutter Mane|Protect|p1b: Flutter Mane\n|-singleturn|p1b: Flutter Mane|Protect\n|move|p2a: Great Tusk|Protect|p2a: Great Tusk\n|-singleturn|p2a: Great Tusk|Protect\n|move|p2b: Talonflame|Tailwind|p2b: Talonflame\n|-sidestart|p2: silig|move: Tailwind\n|move|p1a: Iron Hands|Thunder Punch|p2b: Talonflame\n|-supereffective|p2b: Talonflame\n|-damage|p2b: Talonflame|6\/100\n|\n|upkeep\n|turn|4\n|inactive|silig has 30 seconds left.\n|\n|t:|1684002071\n|-end|p1b: Flutter Mane|Protosynthesis|[silent]\n|switch|p1b: Ting-Lu|Ting-Lu, L50|100\/100\n|-ability|p1b: Ting-Lu|Vessel of Ruin\n|move|p2b: Talonflame|Brave Bird|p1a: Iron Hands\n|-supereffective|p1a: Iron Hands\n|-damage|p1a: Iron Hands|54\/100\n|-damage|p2b: Talonflame|0 fnt|[from] Recoil\n|faint|p2b: Talonflame\n|move|p2a: Great Tusk|Earthquake|p1b: Ting-Lu|[spread] p1a,p1b\n|-resisted|p1a: Iron Hands\n|-damage|p1a: Iron Hands|43\/100\n|-damage|p1b: Ting-Lu|80\/100\n|-damage|p2a: Great Tusk|0 fnt|[from] item: Life Orb\n|faint|p2a: Great Tusk\n|-end|p2a: Great Tusk|Protosynthesis|[silent]\n|move|p1a: Iron Hands|Drain Punch|p2: Great Tusk|[notarget]\n|-fail|p1a: Iron Hands\n|\n|upkeep\n|\n|t:|1684002083\n|switch|p2b: Chien-Pao|Chien-Pao, L50|100\/100\n|-ability|p2b: Chien-Pao|Sword of Ruin\n|turn|5\n|\n|t:|1684002096\n|move|p2b: Chien-Pao|Ice Spinner|p1a: Iron Hands\n|-supereffective|p1a: Iron Hands\n|-damage|p1a: Iron Hands|0 fnt\n|faint|p1a: Iron Hands\n|-end|p1a: Iron Hands|Quark Drive|[silent]\n|move|p1b: Ting-Lu|Heavy Slam|p2b: Chien-Pao\n|-supereffective|p2b: Chien-Pao\n|-enditem|p2b: Chien-Pao|Focus Sash\n|-damage|p2b: Chien-Pao|1\/100\n|\n|upkeep\n|\n|t:|1684002104\n|switch|p1a: Flutter Mane|Flutter Mane, L50|11\/100\n|turn|6\n|\n|t:|1684002110\n|move|p2b: Chien-Pao|Ice Spinner|p1b: Ting-Lu\n|-supereffective|p1b: Ting-Lu\n|-damage|p1b: Ting-Lu|0 fnt\n|faint|p1b: Ting-Lu\n|move|p1a: Flutter Mane|Dazzling Gleam|p2b: Chien-Pao\n|-supereffective|p2b: Chien-Pao\n|-damage|p2b: Chien-Pao|0 fnt\n|faint|p2b: Chien-Pao\n|\n|win|Arcacagne\n|raw|Arcacagne's rating: 1357 → 1375<\/strong> (+18 for winning)\n|raw|silig's rating: 1326 → 1308<\/strong> (-18 for losing)\n","uploadtime":1684002121,"views":4,"p1id":"arcacagne","p2id":"silig","formatid":"gen9vgc2023regulationc","rating":1308,"private":0,"password":""}