{"id":"gen9vgc2023regulationc-1862977402","p1":"Furrokai","p2":"wackomarko","format":"[Gen 9] VGC 2023 Regulation C","log":"|j|\u2606Furrokai\n|j|\u2606wackomarko\n|t:|1683946670\n|gametype|doubles\n|player|p1|Furrokai|102|1120\n|player|p2|wackomarko|hiker-gen4|1100\n|teamsize|p1|6\n|teamsize|p2|6\n|gen|9\n|tier|[Gen 9] VGC 2023 Regulation C\n|rated|\n|rule|Species Clause: Limit one of each Pok\u00e9mon\n|rule|Item Clause: Limit one of each item\n|clearpoke\n|poke|p1|Hawlucha, L50, F|\n|poke|p1|Indeedee-F, L50, F|\n|poke|p1|Armarouge, L50, F|\n|poke|p1|Palafin, L50, M|\n|poke|p1|Sandy Shocks, L50|\n|poke|p1|Chien-Pao, L50|\n|poke|p2|Talonflame, L50, M|\n|poke|p2|Amoonguss, L50, F|\n|poke|p2|Flutter Mane, L50|\n|poke|p2|Chien-Pao, L50|\n|poke|p2|Gyarados, L50, M|\n|poke|p2|Dragapult, L50, F|\n|teampreview|4\nwackomarko has agreed to open team sheets.\n|inactive|Battle timer is ON: inactive players will automatically lose when time's up. (requested by Furrokai)\nFurrokai rejected open team sheets.\n|\n|t:|1683946714\n|start\n|switch|p1a: Palafin|Palafin, L50, M|100\/100\n|switch|p1b: Indeedee|Indeedee-F, L50, F|100\/100\n|switch|p2a: Talonflame|Talonflame, L50, M, shiny|100\/100\n|switch|p2b: Chien-Pao|Chien-Pao, L50|100\/100\n|-ability|p2b: Chien-Pao|Sword of Ruin\n|-fieldstart|move: Psychic Terrain|[from] ability: Psychic Surge|[of] p1b: Indeedee\n|turn|1\n|\n|t:|1683946732\n|move|p1b: Indeedee|Protect|p1b: Indeedee\n|-singleturn|p1b: Indeedee|Protect\n|move|p2b: Chien-Pao|Sucker Punch|p1a: Palafin\n|-activate|p1a: Palafin|move: Psychic Terrain\n|move|p1a: Palafin|Jet Punch|p2a: Talonflame\n|-hint|Psychic Terrain doesn't affect Pok\u00e9mon immune to Ground.\n|-supereffective|p2a: Talonflame\n|-damage|p2a: Talonflame|16\/100\n|move|p2a: Talonflame|Taunt|p1b: Indeedee\n|-activate|p1b: Indeedee|move: Protect\n|\n|upkeep\n|turn|2\n|inactive|Furrokai has 30 seconds left.\n|inactive|Furrokai has 20 seconds left.\n|inactive|Furrokai has 15 seconds left.\n|inactive|Furrokai has 10 seconds left.\n|inactive|Furrokai has 5 seconds left.\n|\n|t:|1683946787\n|move|p1a: Palafin|Jet Punch|p2b: Chien-Pao\n|-activate|p2b: Chien-Pao|move: Psychic Terrain\n|move|p2b: Chien-Pao|Ice Spinner|p1a: Palafin\n|-resisted|p1a: Palafin\n|-damage|p1a: Palafin|68\/100\n|-fieldend|move: Psychic Terrain\n|move|p2a: Talonflame|Taunt|p1b: Indeedee\n|-start|p1b: Indeedee|move: Taunt\n|move|p1b: Indeedee|Psychic|p2b: Chien-Pao\n|-immune|p2b: Chien-Pao\n|\n|upkeep\n|turn|3\n|inactive|Furrokai has 30 seconds left.\n|\n|t:|1683946813\n|switch|p1b: Chien-Pao|Chien-Pao, L50|100\/100\n|-ability|p1b: Chien-Pao|Sword of Ruin\n|move|p1a: Palafin|Protect|p1a: Palafin\n|-singleturn|p1a: Palafin|Protect\n|move|p2b: Chien-Pao|Sucker Punch||[still]\n|-fail|p2b: Chien-Pao\n|move|p2a: Talonflame|Tailwind|p2a: Talonflame\n|-sidestart|p2: wackomarko|move: Tailwind\n|\n|upkeep\n|turn|4\n|j| wobiyeila\n|\n|t:|1683946832\n|detailschange|p1a: Palafin|Palafin-Hero, L50, M\n|switch|p1a: Indeedee|Indeedee-F, L50, F|100\/100\n|-fieldstart|move: Psychic Terrain|[from] ability: Psychic Surge|[of] p1a: Indeedee\n|move|p2b: Chien-Pao|Ice Spinner|p1b: Chien-Pao\n|-resisted|p1b: Chien-Pao\n|-damage|p1b: Chien-Pao|74\/100\n|-fieldend|move: Psychic Terrain\n|move|p2a: Talonflame|Brave Bird|p1b: Chien-Pao\n|-damage|p1b: Chien-Pao|25\/100\n|-damage|p2a: Talonflame|1\/100|[from] Recoil\n|move|p1b: Chien-Pao|Ice Spinner|p2a: Talonflame\n|-damage|p2a: Talonflame|0 fnt\n|faint|p2a: Talonflame\n|\n|upkeep\n|\n|t:|1683946848\n|switch|p2a: Gyarados|Gyarados, L50, M, shiny|100\/100\n|-ability|p2a: Gyarados|Intimidate|boost\n|-unboost|p1a: Indeedee|atk|1\n|-unboost|p1b: Chien-Pao|atk|1\n|turn|5\n|\n|t:|1683946870\n|switch|p1a: Palafin|Palafin-Hero, L50, M|68\/100\n|-activate|p1a: Palafin|ability: Zero to Hero\n|move|p1b: Chien-Pao|Protect|p1b: Chien-Pao\n|-singleturn|p1b: Chien-Pao|Protect\n|move|p2b: Chien-Pao|Sucker Punch||[still]\n|-fail|p2b: Chien-Pao\n|move|p2a: Gyarados|Taunt|p1a: Palafin\n|-start|p1a: Palafin|move: Taunt\n|\n|upkeep\n|turn|6\n|\n|t:|1683946888\n|move|p2b: Chien-Pao|Protect|p2b: Chien-Pao\n|-singleturn|p2b: Chien-Pao|Protect\n|move|p2a: Gyarados|Protect|p2a: Gyarados\n|-singleturn|p2a: Gyarados|Protect\n|move|p1b: Chien-Pao|Ice Spinner|p2b: Chien-Pao\n|-activate|p2b: Chien-Pao|move: Protect\n|move|p1a: Palafin|Close Combat|p2b: Chien-Pao\n|-activate|p2b: Chien-Pao|move: Protect\n|\n|-sideend|p2: wackomarko|move: Tailwind\n|upkeep\n|turn|7\n|inactive|Furrokai has 30 seconds left.\n|\n|t:|1683946914\n|-terastallize|p2b: Chien-Pao|Ghost\n|move|p2b: Chien-Pao|Sucker Punch|p1a: Palafin\n|-damage|p1a: Palafin|25\/100\n|move|p1a: Palafin|Jet Punch|p2b: Chien-Pao\n|-damage|p2b: Chien-Pao|46\/100\n|move|p1b: Chien-Pao|Ice Spinner|p2a: Gyarados\n|-damage|p2a: Gyarados|63\/100\n|move|p2a: Gyarados|Waterfall|p1b: Chien-Pao\n|-damage|p1b: Chien-Pao|0 fnt\n|faint|p1b: Chien-Pao\n|\n|-end|p1a: Palafin|move: Taunt\n|upkeep\n|\n|t:|1683946931\n|switch|p1b: Hawlucha|Hawlucha, L50, F|100\/100\n|turn|8\n|\n|t:|1683946942\n|switch|p1a: Indeedee|Indeedee-F, L50, F|100\/100\n|-fieldstart|move: Psychic Terrain|[from] ability: Psychic Surge|[of] p1a: Indeedee\n|-enditem|p1b: Hawlucha|Psychic Seed\n|-boost|p1b: Hawlucha|spd|1|[from] item: Psychic Seed\n|move|p1b: Hawlucha|Detect|p1b: Hawlucha\n|-singleturn|p1b: Hawlucha|Protect\n|move|p2b: Chien-Pao|Ice Spinner|p1b: Hawlucha\n|-activate|p1b: Hawlucha|move: Protect\n|move|p2a: Gyarados|Waterfall|p1a: Indeedee\n|-damage|p1a: Indeedee|39\/100\n|\n|upkeep\n|turn|9\n|inactive|Furrokai has 30 seconds left.\n|\n|t:|1683946968\n|-terastallize|p1b: Hawlucha|Steel\n|move|p1a: Indeedee|Follow Me|p1a: Indeedee\n|-singleturn|p1a: Indeedee|move: Follow Me\n|move|p1b: Hawlucha|Acrobatics|p2b: Chien-Pao\n|-damage|p2b: Chien-Pao|0 fnt\n|faint|p2b: Chien-Pao\n|move|p2a: Gyarados|Waterfall|p1a: Indeedee\n|-damage|p1a: Indeedee|0 fnt\n|faint|p1a: Indeedee\n|\n|upkeep\n|\n|t:|1683946977\n|switch|p2b: Dragapult|Dragapult, L50, F, shiny|100\/100\n|switch|p1a: Palafin|Palafin-Hero, L50, M|25\/100\n|turn|10\n|\n|t:|1683946995\n|move|p1a: Palafin|Protect|p1a: Palafin\n|-singleturn|p1a: Palafin|Protect\n|move|p1b: Hawlucha|Swords Dance|p1b: Hawlucha\n|-boost|p1b: Hawlucha|atk|2\n|move|p2b: Dragapult|Phantom Force||[still]\n|-prepare|p2b: Dragapult|Phantom Force\n|move|p2a: Gyarados|Waterfall|p1b: Hawlucha\n|-damage|p1b: Hawlucha|46\/100\n|\n|upkeep\n|turn|11\n|\n|t:|1683947011\n|move|p2a: Gyarados|Protect|p2a: Gyarados\n|-singleturn|p2a: Gyarados|Protect\n|move|p1b: Hawlucha|Acrobatics|p2a: Gyarados\n|-activate|p2a: Gyarados|move: Protect\n|move|p2b: Dragapult|Phantom Force|p1a: Palafin|[from]lockedmove\n|-damage|p1a: Palafin|0 fnt\n|faint|p1a: Palafin\n|\n|upkeep\n|turn|12\n|\n|t:|1683947026\n|move|p1b: Hawlucha|Acrobatics|p2b: Dragapult\n|-damage|p2b: Dragapult|0 fnt\n|faint|p2b: Dragapult\n|move|p2a: Gyarados|Waterfall|p1b: Hawlucha\n|-damage|p1b: Hawlucha|0 fnt\n|faint|p1b: Hawlucha\n|\n|win|wackomarko\n|raw|Furrokai's rating: 1120 → 1094<\/strong> (-26 for losing)\n|raw|wackomarko's rating: 1100 → 1126<\/strong> (+26 for winning)\n|c|\u2606wackomarko|gg\n|l| wobiyeila\n","uploadtime":1683947039,"views":7,"p1id":"furrokai","p2id":"wackomarko","formatid":"gen9vgc2023regulationc","rating":1094,"private":0,"password":""}