{"id":"gen9vgc2023regulationc-1861165291","p1":"Draxolotl","p2":"RadiantBlue4552","format":"[Gen 9] VGC 2023 Regulation C","log":"|j|\u2606Draxolotl\n|j|\u2606RadiantBlue4552\n|t:|1683732291\n|gametype|doubles\n|player|p1|Draxolotl|iris-gen5bw2|1359\n|player|p2|RadiantBlue4552|101|1330\n|teamsize|p1|6\n|teamsize|p2|6\n|gen|9\n|tier|[Gen 9] VGC 2023 Regulation C\n|rated|\n|rule|Species Clause: Limit one of each Pok\u00e9mon\n|rule|Item Clause: Limit one of each item\n|clearpoke\n|poke|p1|Scizor, L50, F|\n|poke|p1|Torkoal, L50, M|\n|poke|p1|Farigiraf, L50, F|\n|poke|p1|Hatterene, L50, F|\n|poke|p1|Brute Bonnet, L50|\n|poke|p1|Iron Hands, L50|\n|poke|p2|Kingambit, L50, F|\n|poke|p2|Hariyama, L50, F|\n|poke|p2|Garchomp, L50, M|\n|poke|p2|Torkoal, L50, F|\n|poke|p2|Brute Bonnet, L50|\n|poke|p2|Oranguru, L50, F|\n|teampreview|4\n|inactive|Battle timer is ON: inactive players will automatically lose when time's up. (requested by Draxolotl)\n|inactive|Draxolotl has 60 seconds left.\n|\n|t:|1683732332\n|start\n|switch|p1a: Hatterene|Hatterene, L50, F|100\/100\n|switch|p1b: Torkoal|Torkoal, L50, M|100\/100\n|switch|p2a: Garchomp|Garchomp, L50, M|100\/100\n|switch|p2b: Kingambit|Kingambit, L50, F|100\/100\n|-weather|SunnyDay|[from] ability: Drought|[of] p1b: Torkoal\n|turn|1\n|\n|t:|1683732348\n|-terastallize|p2b: Kingambit|Flying\n|-terastallize|p1a: Hatterene|Fire\n|move|p2a: Garchomp|Earthquake|p1b: Torkoal|[spread] p1a,p1b\n|-immune|p2b: Kingambit\n|-supereffective|p1a: Hatterene\n|-supereffective|p1b: Torkoal\n|-damage|p1a: Hatterene|11\/100\n|-damage|p1b: Torkoal|35\/100\n|move|p2b: Kingambit|Iron Head|p1a: Hatterene\n|-resisted|p1a: Hatterene\n|-damage|p1a: Hatterene|0 fnt\n|faint|p1a: Hatterene\n|move|p1b: Torkoal|Heat Wave|p2a: Garchomp|[spread] p2a,p2b\n|-resisted|p2a: Garchomp\n|-damage|p2a: Garchomp|71\/100\n|-damage|p2b: Kingambit|63\/100\n|\n|-weather|SunnyDay|[upkeep]\n|upkeep\n|c|\u2606Draxolotl|hmm\n|\n|t:|1683732363\n|switch|p1a: Iron Hands|Iron Hands, L50|100\/100\n|turn|2\n|\n|t:|1683732374\n|move|p1a: Iron Hands|Fake Out|p2a: Garchomp\n|-damage|p2a: Garchomp|55\/100\n|-damage|p1a: Iron Hands|88\/100|[from] ability: Rough Skin|[of] p2a: Garchomp\n|cant|p2a: Garchomp|flinch\n|move|p2b: Kingambit|Kowtow Cleave|p1b: Torkoal\n|-damage|p1b: Torkoal|0 fnt\n|faint|p1b: Torkoal\n|\n|-weather|SunnyDay|[upkeep]\n|upkeep\n|\n|t:|1683732383\n|switch|p1b: Scizor|Scizor, L50, F|100\/100\n|turn|3\n|\n|t:|1683732392\n|move|p1b: Scizor|Bullet Punch|p2a: Garchomp\n|-damage|p2a: Garchomp|4\/100\n|-damage|p1b: Scizor|88\/100|[from] ability: Rough Skin|[of] p2a: Garchomp\n|move|p2a: Garchomp|Earthquake|p1a: Iron Hands|[spread] p1a,p1b\n|-immune|p2b: Kingambit\n|-supereffective|p1a: Iron Hands\n|-damage|p1a: Iron Hands|33\/100\n|-damage|p1b: Scizor|46\/100\n|move|p2b: Kingambit|Aerial Ace|p1a: Iron Hands\n|-damage|p1a: Iron Hands|11\/100\n|move|p1a: Iron Hands|Wild Charge|p2b: Kingambit\n|-supereffective|p2b: Kingambit\n|-damage|p2b: Kingambit|0 fnt\n|faint|p2b: Kingambit\n|-damage|p1a: Iron Hands|0 fnt|[from] Recoil\n|faint|p1a: Iron Hands\n|-end|p1a: Iron Hands|Quark Drive|[silent]\n|\n|-weather|SunnyDay|[upkeep]\n|upkeep\n|\n|t:|1683732410\n|switch|p2b: Torkoal|Torkoal, L50, F|100\/100\n|turn|4\n|\n|t:|1683732422\n|move|p2b: Torkoal|Protect|p2b: Torkoal\n|-singleturn|p2b: Torkoal|Protect\n|move|p1b: Scizor|Bullet Punch|p2a: Garchomp\n|-damage|p2a: Garchomp|0 fnt\n|-damage|p1b: Scizor|33\/100|[from] ability: Rough Skin|[of] p2a: Garchomp\n|faint|p2a: Garchomp\n|\n|-weather|SunnyDay|[upkeep]\n|upkeep\n|\n|t:|1683732430\n|switch|p2a: Brute Bonnet|Brute Bonnet, L50|100\/100\n|-activate|p2a: Brute Bonnet|ability: Protosynthesis\n|-start|p2a: Brute Bonnet|protosynthesisatk\n|turn|5\n|\n|t:|1683732437\n|move|p1b: Scizor|Bullet Punch|p2a: Brute Bonnet\n|-damage|p2a: Brute Bonnet|57\/100\n|move|p2a: Brute Bonnet|Crunch|p1b: Scizor\n|-damage|p1b: Scizor|0 fnt\n|faint|p1b: Scizor\n|\n|win|RadiantBlue4552\n|raw|Draxolotl's rating: 1359 → 1337<\/strong> (-22 for losing)\n|raw|RadiantBlue4552's rating: 1330 → 1352<\/strong> (+22 for winning)\n|l|\u2606Draxolotl\n","uploadtime":1683732450,"views":7,"p1id":"draxolotl","p2id":"radiantblue4552","formatid":"gen9vgc2023regulationc","rating":1337,"private":0,"password":""}