{"id":"gen9vgc2023regulationc-1845268866","p1":"Golden648","p2":"asdsadfd","format":"[Gen 9] VGC 2023 Regulation C","log":"|j|\u2606Golden648\n|j|\u2606asdsadfd\n|t:|1681704960\n|gametype|doubles\n|player|p1|Golden648|sabrina|1072\n|player|p2|asdsadfd|1|1000\n|teamsize|p1|6\n|teamsize|p2|6\n|gen|9\n|tier|[Gen 9] VGC 2023 Regulation C\n|rated|\n|rule|Species Clause: Limit one of each Pok\u00e9mon\n|rule|Item Clause: Limit one of each item\n|clearpoke\n|poke|p1|Brute Bonnet, L50|\n|poke|p1|Chien-Pao, L50|\n|poke|p1|Dragonite, L50, M|\n|poke|p1|Chi-Yu, L50|\n|poke|p1|Flutter Mane, L50|\n|poke|p1|Annihilape, L50, F|\n|poke|p2|Flutter Mane, L50|\n|poke|p2|Dragonite, L50, F|\n|poke|p2|Chien-Pao, L50|\n|poke|p2|Amoonguss, L50, M|\n|poke|p2|Talonflame, L50, F|\n|poke|p2|Gyarados, L50, M|\n|teampreview|4\n|\n|t:|1681705008\n|start\n|switch|p1a: Annihilape|Annihilape, L50, F, shiny|100\/100\n|switch|p1b: Brute Bonnet|Brute Bonnet, L50|100\/100\n|switch|p2a: Talonflame|Talonflame, L50, F|100\/100\n|switch|p2b: Gyarados|Gyarados, L50, M|100\/100\n|-ability|p2b: Gyarados|Intimidate|boost\n|-unboost|p1a: Annihilape|atk|1\n|-ability|p1a: Annihilape|Defiant|boost\n|-boost|p1a: Annihilape|atk|2\n|-unboost|p1b: Brute Bonnet|atk|1\n|turn|1\n|\n|t:|1681705040\n|-terastallize|p1a: Annihilape|Fire\n|move|p2a: Talonflame|Tailwind|p2a: Talonflame\n|-sidestart|p2: asdsadfd|move: Tailwind\n|move|p2b: Gyarados|Thunder Wave|p1b: Brute Bonnet\n|-status|p1b: Brute Bonnet|par\n|move|p1a: Annihilape|Rage Fist|p2b: Gyarados\n|-damage|p2b: Gyarados|58\/100\n|move|p1b: Brute Bonnet|Bullet Seed|p1a: Annihilape\n|-resisted|p1a: Annihilape\n|-damage|p1a: Annihilape|97\/100\n|-resisted|p1a: Annihilape\n|-damage|p1a: Annihilape|94\/100\n|-hitcount|p1a: Annihilape|2\n|\n|-heal|p1a: Annihilape|99\/100|[from] item: Leftovers\n|upkeep\n|turn|2\n|\n|t:|1681705082\n|switch|p2a: Amoonguss|Amoonguss, L50, M|100\/100\n|move|p1a: Annihilape|Protect|p1a: Annihilape\n|-singleturn|p1a: Annihilape|Protect\n|move|p2b: Gyarados|Waterfall|p1a: Annihilape\n|-activate|p1a: Annihilape|move: Protect\n|move|p1b: Brute Bonnet|Spore|p2b: Gyarados\n|-status|p2b: Gyarados|slp|[from] move: Spore\n|\n|-heal|p1a: Annihilape|100\/100|[from] item: Leftovers\n|upkeep\n|turn|3\n|\n|t:|1681705116\n|switch|p2b: Talonflame|Talonflame, L50, F|100\/100\n|move|p1b: Brute Bonnet|Rage Powder|p1b: Brute Bonnet\n|-singleturn|p1b: Brute Bonnet|move: Rage Powder\n|move|p1a: Annihilape|Rage Fist|p2a: Amoonguss\n|-damage|p2a: Amoonguss|8\/100\n|-enditem|p2a: Amoonguss|Sitrus Berry|[eat]\n|-heal|p2a: Amoonguss|33\/100|[from] item: Sitrus Berry\n|move|p2a: Amoonguss|Spore|p1b: Brute Bonnet\n|-immune|p1b: Brute Bonnet\n|\n|upkeep\n|turn|4\n|\n|t:|1681705148\n|move|p1a: Annihilape|Protect|p1a: Annihilape\n|-singleturn|p1a: Annihilape|Protect\n|move|p2a: Amoonguss|Protect|p2a: Amoonguss\n|-singleturn|p2a: Amoonguss|Protect\n|move|p2b: Talonflame|Brave Bird|p1a: Annihilape\n|-activate|p1a: Annihilape|move: Protect\n|cant|p1b: Brute Bonnet|par\n|\n|-sideend|p2: asdsadfd|move: Tailwind\n|upkeep\n|turn|5\n|\n|t:|1681705177\n|move|p2a: Amoonguss|Protect||[still]\n|-fail|p2a: Amoonguss\n|move|p2b: Talonflame|Brave Bird|p1b: Brute Bonnet\n|-supereffective|p1b: Brute Bonnet\n|-damage|p1b: Brute Bonnet|24\/100 par\n|-damage|p2b: Talonflame|84\/100|[from] item: Rocky Helmet|[of] p1b: Brute Bonnet\n|-damage|p2b: Talonflame|53\/100|[from] Recoil\n|move|p1a: Annihilape|Rage Fist|p2a: Amoonguss\n|-damage|p2a: Amoonguss|0 fnt\n|faint|p2a: Amoonguss\n|move|p1b: Brute Bonnet|Bullet Seed|p1a: Annihilape\n|-resisted|p1a: Annihilape\n|-damage|p1a: Annihilape|97\/100\n|-resisted|p1a: Annihilape\n|-damage|p1a: Annihilape|94\/100\n|-resisted|p1a: Annihilape\n|-crit|p1a: Annihilape\n|-damage|p1a: Annihilape|86\/100\n|-resisted|p1a: Annihilape\n|-damage|p1a: Annihilape|83\/100\n|-hitcount|p1a: Annihilape|4\n|\n|-heal|p1a: Annihilape|89\/100|[from] item: Leftovers\n|upkeep\n|\n|t:|1681705195\n|switch|p2a: Flutter Mane|Flutter Mane, L50|100\/100\n|-enditem|p2a: Flutter Mane|Booster Energy\n|-activate|p2a: Flutter Mane|ability: Protosynthesis|[fromitem]\n|-start|p2a: Flutter Mane|protosynthesisspa\n|turn|6\n|\n|t:|1681705225\n|move|p2b: Talonflame|Brave Bird|p1b: Brute Bonnet\n|-supereffective|p1b: Brute Bonnet\n|-damage|p1b: Brute Bonnet|0 fnt\n|-damage|p2b: Talonflame|36\/100|[from] item: Rocky Helmet|[of] p1b: Brute Bonnet\n|faint|p1b: Brute Bonnet\n|-end|p1b: Brute Bonnet|Protosynthesis|[silent]\n|-damage|p2b: Talonflame|26\/100|[from] Recoil\n|move|p2a: Flutter Mane|Substitute|p2a: Flutter Mane\n|-start|p2a: Flutter Mane|Substitute\n|-damage|p2a: Flutter Mane|76\/100\n|move|p1a: Annihilape|Rage Fist|p2b: Talonflame\n|-damage|p2b: Talonflame|0 fnt\n|faint|p2b: Talonflame\n|\n|-heal|p1a: Annihilape|95\/100|[from] item: Leftovers\n|upkeep\n|\n|t:|1681705239\n|switch|p2b: Gyarados|Gyarados, L50, M|58\/100 slp\n|switch|p1b: Chien-Pao|Chien-Pao, L50|100\/100\n|-ability|p1b: Chien-Pao|Sword of Ruin\n|-ability|p2b: Gyarados|Intimidate|boost\n|-unboost|p1a: Annihilape|atk|1\n|-ability|p1a: Annihilape|Defiant|boost\n|-boost|p1a: Annihilape|atk|2\n|-unboost|p1b: Chien-Pao|atk|1\n|turn|7\n|\n|t:|1681705268\n|move|p1b: Chien-Pao|Sucker Punch||[still]\n|-fail|p1b: Chien-Pao\n|move|p2a: Flutter Mane|Dazzling Gleam|p1a: Annihilape|[spread] p1a,p1b\n|-resisted|p1a: Annihilape\n|-supereffective|p1b: Chien-Pao\n|-crit|p1b: Chien-Pao\n|-damage|p1a: Annihilape|78\/100\n|-enditem|p1b: Chien-Pao|Focus Sash\n|-damage|p1b: Chien-Pao|1\/100\n|cant|p2b: Gyarados|slp\n|move|p1a: Annihilape|Rage Fist|p2b: Gyarados\n|-damage|p2b: Gyarados|0 fnt\n|faint|p2b: Gyarados\n|\n|-heal|p1a: Annihilape|84\/100|[from] item: Leftovers\n|upkeep\n|turn|8\n|\n|t:|1681705294\n|move|p1b: Chien-Pao|Sucker Punch|p2a: Flutter Mane\n|-end|p2a: Flutter Mane|Substitute\n|move|p2a: Flutter Mane|Dazzling Gleam|p1a: Annihilape|[spread] p1a,p1b\n|-resisted|p1a: Annihilape\n|-supereffective|p1b: Chien-Pao\n|-damage|p1a: Annihilape|68\/100\n|-damage|p1b: Chien-Pao|0 fnt\n|faint|p1b: Chien-Pao\n|move|p1a: Annihilape|Rage Fist|p2a: Flutter Mane\n|-supereffective|p2a: Flutter Mane\n|-damage|p2a: Flutter Mane|0 fnt\n|faint|p2a: Flutter Mane\n|-end|p2a: Flutter Mane|Protosynthesis|[silent]\n|\n|win|Golden648\n|raw|Golden648's rating: 1072 → 1095<\/strong> (+23 for winning)\n|raw|asdsadfd's rating: 1000 → 1000<\/strong> (+0 for losing)\n|c|\u2606Golden648|gg\n","uploadtime":1681705312,"views":8,"p1id":"golden648","p2id":"asdsadfd","formatid":"gen9vgc2023regulationc","rating":1000,"private":0,"password":""}