{"id":"gen9vgc2023regulationc-1850263386","p1":"KLooby","p2":"Fluttermane Eyes","format":"[Gen 9] VGC 2023 Regulation C","log":"|j|\u2606KLooby\n|j|\u2606Fluttermane Eyes\n|t:|1682307645\n|gametype|doubles\n|player|p1|KLooby|1|1220\n|player|p2|Fluttermane Eyes|riley|1123\n|teamsize|p1|6\n|teamsize|p2|6\n|gen|9\n|tier|[Gen 9] VGC 2023 Regulation C\n|rated|\n|rule|Species Clause: Limit one of each Pok\u00e9mon\n|rule|Item Clause: Limit one of each item\n|clearpoke\n|poke|p1|Wo-Chien, L50|\n|poke|p1|Flutter Mane, L50|\n|poke|p1|Glimmora, L50, M|\n|poke|p1|Dragonite, L50, M|\n|poke|p1|Arcanine, L50, F|\n|poke|p1|Garganacl, L50, F|\n|poke|p2|Murkrow, L50, M|\n|poke|p2|Chi-Yu, L50|\n|poke|p2|Flutter Mane, L50|\n|poke|p2|Sandy Shocks, L50|\n|poke|p2|Glimmora, L50, M|\n|poke|p2|Wo-Chien, L50|\n|teampreview|4\n|inactive|Battle timer is ON: inactive players will automatically lose when time's up. (requested by KLooby)\n|inactive|KLooby has 60 seconds left.\n|\n|t:|1682307696\n|start\n|switch|p1a: Glimmora|Glimmora, L50, M|100\/100\n|switch|p1b: Flutter Mane|Flutter Mane, L50|100\/100\n|switch|p2a: Chi-Yu|Chi-Yu, L50|100\/100\n|switch|p2b: Sandy Shocks|Sandy Shocks, L50|100\/100\n|-ability|p2a: Chi-Yu|Beads of Ruin\n|-enditem|p1b: Flutter Mane|Booster Energy\n|-activate|p1b: Flutter Mane|ability: Protosynthesis|[fromitem]\n|-start|p1b: Flutter Mane|protosynthesisspd\n|turn|1\n|inactive|Fluttermane Eyes has 30 seconds left.\n|inactive|Fluttermane Eyes has 20 seconds left.\n|inactive|Fluttermane Eyes has 15 seconds left.\n|inactive|Fluttermane Eyes has 10 seconds left.\n|inactive|Fluttermane Eyes has 5 seconds left.\n|\n|t:|1682307747\n|-terastallize|p2a: Chi-Yu|Water\n|move|p1a: Glimmora|Spiky Shield|p1a: Glimmora\n|-singleturn|p1a: Glimmora|move: Protect\n|move|p2b: Sandy Shocks|Flash Cannon|p1b: Flutter Mane\n|-supereffective|p1b: Flutter Mane\n|-damage|p1b: Flutter Mane|51\/100\n|move|p2a: Chi-Yu|Tera Blast|p1a: Glimmora\n|-activate|p1a: Glimmora|move: Protect\n|move|p1b: Flutter Mane|Icy Wind|p2b: Sandy Shocks|[spread] p2a,p2b\n|-resisted|p2a: Chi-Yu\n|-supereffective|p2b: Sandy Shocks\n|-damage|p2a: Chi-Yu|93\/100\n|-damage|p2b: Sandy Shocks|57\/100\n|-unboost|p2a: Chi-Yu|spe|1\n|-unboost|p2b: Sandy Shocks|spe|1\n|\n|upkeep\n|turn|2\n|inactive|KLooby has 30 seconds left.\n|inactive|Fluttermane Eyes has 30 seconds left.\n|inactive|KLooby has 20 seconds left.\n|\n|t:|1682307782\n|move|p2b: Sandy Shocks|Flash Cannon|p1a: Glimmora\n|-supereffective|p1a: Glimmora\n|-enditem|p1a: Glimmora|Focus Sash\n|-damage|p1a: Glimmora|1\/100\n|move|p1a: Glimmora|Mortal Spin|p2b: Sandy Shocks|[spread] p2a,p2b\n|-resisted|p2b: Sandy Shocks\n|-damage|p2a: Chi-Yu|86\/100\n|-damage|p2b: Sandy Shocks|55\/100\n|-status|p2a: Chi-Yu|psn\n|-status|p2b: Sandy Shocks|psn\n|move|p1b: Flutter Mane|Hex|p2b: Sandy Shocks\n|-damage|p2b: Sandy Shocks|0 fnt\n|faint|p2b: Sandy Shocks\n|-end|p2b: Sandy Shocks|Protosynthesis|[silent]\n|move|p2a: Chi-Yu|Overheat|p1b: Flutter Mane\n|-damage|p1b: Flutter Mane|0 fnt\n|-unboost|p2a: Chi-Yu|spa|2\n|faint|p1b: Flutter Mane\n|-end|p1b: Flutter Mane|Protosynthesis|[silent]\n|\n|-damage|p2a: Chi-Yu|74\/100 psn|[from] psn\n|upkeep\n|inactive|Fluttermane Eyes has 30 seconds left.\n|\n|t:|1682307809\n|switch|p2b: Flutter Mane|Flutter Mane, L50|100\/100\n|switch|p1b: Garganacl|Garganacl, L50, F|100\/100\n|turn|3\n|\n|t:|1682307823\n|move|p1a: Glimmora|Spiky Shield|p1a: Glimmora\n|-singleturn|p1a: Glimmora|move: Protect\n|move|p2b: Flutter Mane|Dazzling Gleam|p1b: Garganacl|[spread] p1b\n|-activate|p1a: Glimmora|move: Protect\n|-damage|p1b: Garganacl|58\/100\n|move|p2a: Chi-Yu|Tera Blast|p1b: Garganacl\n|-supereffective|p1b: Garganacl\n|-damage|p1b: Garganacl|20\/100\n|move|p1b: Garganacl|Salt Cure|p2a: Chi-Yu\n|-damage|p2a: Chi-Yu|50\/100 psn\n|-start|p2a: Chi-Yu|Salt Cure\n|\n|-damage|p2a: Chi-Yu|37\/100 psn|[from] psn\n|-damage|p2a: Chi-Yu|13\/100 psn|[from] Salt Cure\n|upkeep\n|turn|4\n|\n|t:|1682307842\n|move|p1b: Garganacl|Protect|p1b: Garganacl\n|-singleturn|p1b: Garganacl|Protect\n|move|p2b: Flutter Mane|Dazzling Gleam|p1b: Garganacl|[spread] p1a\n|-activate|p1b: Garganacl|move: Protect\n|-resisted|p1a: Glimmora\n|-damage|p1a: Glimmora|0 fnt\n|faint|p1a: Glimmora\n|move|p2a: Chi-Yu|Tera Blast|p1b: Garganacl\n|-activate|p1b: Garganacl|move: Protect\n|\n|-damage|p2a: Chi-Yu|0 fnt|[from] psn\n|faint|p2a: Chi-Yu\n|upkeep\n|\n|t:|1682307853\n|switch|p2a: Wo-Chien|Wo-Chien, L50|100\/100\n|switch|p1a: Dragonite|Dragonite, L50, M|100\/100\n|-ability|p2a: Wo-Chien|Tablets of Ruin\n|turn|5\n|inactive|KLooby has 30 seconds left.\n|inactive|KLooby has 20 seconds left.\n|inactive|KLooby has 15 seconds left.\n|inactive|KLooby has 10 seconds left.\n|inactive|KLooby has 5 seconds left.\n|\n|t:|1682307905\n|-terastallize|p1a: Dragonite|Electric\n|move|p2b: Flutter Mane|Dazzling Gleam|p1b: Garganacl|[spread] p1a,p1b\n|-damage|p1a: Dragonite|81\/100\n|-damage|p1b: Garganacl|0 fnt\n|faint|p1b: Garganacl\n|move|p1a: Dragonite|Tera Blast|p2b: Flutter Mane\n|-crit|p2b: Flutter Mane\n|-damage|p2b: Flutter Mane|0 fnt\n|faint|p2b: Flutter Mane\n|-end|p2b: Flutter Mane|Protosynthesis|[silent]\n|move|p2a: Wo-Chien|Giga Drain|p1a: Dragonite\n|-damage|p1a: Dragonite|57\/100\n|\n|upkeep\n|turn|6\n|\n|t:|1682307918\n|move|p1a: Dragonite|Tera Blast|p2a: Wo-Chien\n|-resisted|p2a: Wo-Chien\n|-damage|p2a: Wo-Chien|79\/100\n|move|p2a: Wo-Chien|Giga Drain|p1a: Dragonite\n|-damage|p1a: Dragonite|34\/100\n|-heal|p2a: Wo-Chien|91\/100|[from] drain|[of] p1a: Dragonite\n|\n|upkeep\n|turn|7\n|-message|KLooby forfeited.\n|\n|win|Fluttermane Eyes\n|raw|KLooby's rating: 1220 → 1188<\/strong> (-32 for losing)\n|raw|Fluttermane Eyes's rating: 1123 → 1155<\/strong> (+32 for winning)\n","uploadtime":1682307929,"views":25,"p1id":"klooby","p2id":"fluttermaneeyes","formatid":"gen9vgc2023regulationc","rating":1155,"private":0,"password":""}