{"id":"gen9vgc2023regulationc-1855893640","p1":"Funnyman Krebs","p2":"Pink or purple","format":"[Gen 9] VGC 2023 Regulation C","log":"|j|\u2606Funnyman Krebs\n|j|\u2606Pink or purple\n|t:|1682997048\n|gametype|doubles\n|player|p1|Funnyman Krebs|wallace|1396\n|player|p2|Pink or purple|opal|1282\n|teamsize|p1|6\n|teamsize|p2|6\n|gen|9\n|tier|[Gen 9] VGC 2023 Regulation C\n|rated|\n|rule|Species Clause: Limit one of each Pok\u00e9mon\n|rule|Item Clause: Limit one of each item\n|clearpoke\n|poke|p1|Glimmora, L50, M|\n|poke|p1|Iron Bundle, L50|\n|poke|p1|Chi-Yu, L50|\n|poke|p1|Dragonite, L50, M|\n|poke|p1|Tatsugiri-Stretchy, L50, M|\n|poke|p1|Dondozo, L50, F|\n|poke|p2|Annihilape, L50, F|\n|poke|p2|Maushold, L50|\n|poke|p2|Veluza, L50, F|\n|poke|p2|Talonflame, L50, M|\n|poke|p2|Flutter Mane, L50|\n|poke|p2|Chien-Pao, L50|\n|teampreview|4\n|inactive|Battle timer is ON: inactive players will automatically lose when time's up. (requested by Pink or purple)\nFunnyman Krebs has agreed to open team sheets.\n|inactive|Funnyman Krebs has 60 seconds left.\n|\n|t:|1682997105\n|start\n|switch|p1a: Wheeeee!|Glimmora, L50, M, shiny|100\/100\n|switch|p1b: Smiles back|Chi-Yu, L50|100\/100\n|switch|p2a: Annihilape|Annihilape, L50, F|100\/100\n|switch|p2b: Maushold|Maushold, L50|100\/100\n|-ability|p1b: Smiles back|Beads of Ruin\n|turn|1\n|c|\u2606Funnyman Krebs|Wait, you're using mausape and 1 underused mon. Of course this won't be an OTS game xD\n|c|\u2606Pink or purple|I love fun\n|inactive|Pink or purple has 30 seconds left.\n|inactive|Pink or purple has 20 seconds left.\n|c|\u2606Funnyman Krebs|Me too\n|inactive|Pink or purple has 15 seconds left.\n|\n|t:|1682997147\n|-terastallize|p2a: Annihilape|Water\n|move|p2b: Maushold|Protect|p2b: Maushold\n|-singleturn|p2b: Maushold|Protect\n|move|p1b: Smiles back|Heat Wave|p2a: Annihilape|[spread] p2a\n|-activate|p2b: Maushold|move: Protect\n|-resisted|p2a: Annihilape\n|-damage|p2a: Annihilape|82\/100\n|move|p2a: Annihilape|Bulk Up|p2a: Annihilape\n|-boost|p2a: Annihilape|atk|1\n|-boost|p2a: Annihilape|def|1\n|move|p1a: Wheeeee!|Mortal Spin|p2a: Annihilape|[spread] p2a\n|-activate|p2b: Maushold|move: Protect\n|-damage|p2a: Annihilape|80\/100\n|-status|p2a: Annihilape|psn\n|\n|-heal|p2a: Annihilape|86\/100 psn|[from] item: Leftovers\n|-damage|p2a: Annihilape|74\/100 psn|[from] psn\n|upkeep\n|turn|2\n|inactive|Funnyman Krebs has 30 seconds left.\n|inactive|Pink or purple has 30 seconds left.\n|inactive|Pink or purple has 20 seconds left.\n|inactive|Pink or purple has 15 seconds left.\n|\n|t:|1682997188\n|switch|p1a: Large Marge|Dondozo, L50, F|100\/100\n|move|p2b: Maushold|Super Fang|p1a: Large Marge\n|-damage|p1a: Large Marge|50\/100\n|move|p1b: Smiles back|Overheat|p2b: Maushold|[miss]\n|-miss|p1b: Smiles back|p2b: Maushold\n|move|p2a: Annihilape|Drain Punch|p1b: Smiles back\n|-supereffective|p1b: Smiles back\n|-enditem|p1b: Smiles back|Focus Sash\n|-damage|p1b: Smiles back|1\/100\n|-heal|p2a: Annihilape|100\/100 psn|[from] drain|[of] p1b: Smiles back\n|\n|-heal|p1a: Large Marge|57\/100|[from] item: Leftovers\n|-damage|p2a: Annihilape|88\/100 psn|[from] psn\n|upkeep\n|turn|3\n|\n|t:|1682997211\n|move|p1b: Smiles back|Protect|p1b: Smiles back\n|-singleturn|p1b: Smiles back|Protect\n|move|p1a: Large Marge|Protect|p1a: Large Marge\n|-singleturn|p1a: Large Marge|Protect\n|move|p2b: Maushold|Beat Up|p1b: Smiles back\n|-activate|p1b: Smiles back|move: Protect\n|move|p2a: Annihilape|Drain Punch|p1a: Large Marge\n|-activate|p1a: Large Marge|move: Protect\n|\n|-heal|p2a: Annihilape|94\/100 psn|[from] item: Leftovers\n|-heal|p1a: Large Marge|63\/100|[from] item: Leftovers\n|-damage|p2a: Annihilape|82\/100 psn|[from] psn\n|upkeep\n|turn|4\n|\n|t:|1682997230\n|switch|p1b: Pee Wee|Tatsugiri-Stretchy, L50, M|100\/100\n|-activate|p1b: Pee Wee|ability: Commander|[of] p1a: Large Marge\n|-boost|p1a: Large Marge|atk|2\n|-boost|p1a: Large Marge|spa|2\n|-boost|p1a: Large Marge|spe|2\n|-boost|p1a: Large Marge|def|2\n|-boost|p1a: Large Marge|spd|2\n|move|p2b: Maushold|Beat Up|p1b: Pee Wee|[miss]\n|-miss|p2b: Maushold|p1b: Pee Wee\n|move|p1a: Large Marge|Earthquake|p2b: Maushold|[spread] p2a,p2b\n|-miss|p1a: Large Marge|p1b: Pee Wee\n|-damage|p2a: Annihilape|42\/100 psn\n|-damage|p2b: Maushold|44\/100\n|move|p2a: Annihilape|Drain Punch|p1a: Large Marge\n|-damage|p1a: Large Marge|51\/100\n|-heal|p2a: Annihilape|49\/100 psn|[from] drain|[of] p1a: Large Marge\n|\n|-heal|p1a: Large Marge|57\/100|[from] item: Leftovers\n|-heal|p2a: Annihilape|55\/100 psn|[from] item: Leftovers\n|-damage|p2a: Annihilape|43\/100 psn|[from] psn\n|upkeep\n|turn|5\n|inactive|Pink or purple has 30 seconds left.\n|c|\u2606Pink or purple|monkaW\n|inactive|Funnyman Krebs has 30 seconds left.\n|\n|t:|1682997266\n|move|p1a: Large Marge|Protect|p1a: Large Marge\n|-singleturn|p1a: Large Marge|Protect\n|move|p2b: Maushold|Follow Me|p2b: Maushold\n|-singleturn|p2b: Maushold|move: Follow Me\n|move|p2a: Annihilape|Bulk Up|p2a: Annihilape\n|-boost|p2a: Annihilape|atk|1\n|-boost|p2a: Annihilape|def|1\n|\n|-heal|p1a: Large Marge|63\/100|[from] item: Leftovers\n|-heal|p2a: Annihilape|49\/100 psn|[from] item: Leftovers\n|-damage|p2a: Annihilape|37\/100 psn|[from] psn\n|upkeep\n|turn|6\n|\n|t:|1682997272\n|move|p2b: Maushold|Follow Me|p2b: Maushold\n|-singleturn|p2b: Maushold|move: Follow Me\n|move|p1a: Large Marge|Earthquake|p2b: Maushold|[spread] p2a,p2b\n|-miss|p1a: Large Marge|p1b: Pee Wee\n|-damage|p2a: Annihilape|3\/100 psn\n|-damage|p2b: Maushold|0 fnt\n|faint|p2b: Maushold\n|move|p2a: Annihilape|Drain Punch|p1a: Large Marge\n|-damage|p1a: Large Marge|50\/100\n|-heal|p2a: Annihilape|10\/100 psn|[from] drain|[of] p1a: Large Marge\n|\n|-heal|p1a: Large Marge|56\/100|[from] item: Leftovers\n|-heal|p2a: Annihilape|16\/100 psn|[from] item: Leftovers\n|-damage|p2a: Annihilape|4\/100 psn|[from] psn\n|upkeep\n|\n|t:|1682997283\n|switch|p2b: Chien-Pao|Chien-Pao, L50|100\/100\n|-ability|p2b: Chien-Pao|Sword of Ruin\n|turn|7\n|\n|t:|1682997289\n|move|p1a: Large Marge|Protect|p1a: Large Marge\n|-singleturn|p1a: Large Marge|Protect\n|move|p2b: Chien-Pao|Haze|p2b: Chien-Pao\n|-clearallboost\n|move|p2a: Annihilape|Rage Fist|p1a: Large Marge\n|-activate|p1a: Large Marge|move: Protect\n|\n|-heal|p2a: Annihilape|10\/100 psn|[from] item: Leftovers\n|-heal|p1a: Large Marge|62\/100|[from] item: Leftovers\n|-damage|p2a: Annihilape|0 fnt|[from] psn\n|faint|p2a: Annihilape\n|upkeep\n|\n|t:|1682997291\n|switch|p2a: Flutter Mane|Flutter Mane, L50|100\/100\n|-enditem|p2a: Flutter Mane|Booster Energy\n|-activate|p2a: Flutter Mane|ability: Protosynthesis|[fromitem]\n|-start|p2a: Flutter Mane|protosynthesisspa\n|turn|8\n|\n|t:|1682997308\n|move|p2b: Chien-Pao|Sucker Punch|p1a: Large Marge\n|-damage|p1a: Large Marge|29\/100\n|move|p2a: Flutter Mane|Moonblast|p1a: Large Marge\n|-crit|p1a: Large Marge\n|-damage|p1a: Large Marge|0 fnt\n|faint|p1a: Large Marge\n|\n|upkeep\n|\n|t:|1682997316\n|switch|p1a: Smiles back|Chi-Yu, L50|1\/100\n|-ability|p1a: Smiles back|Beads of Ruin\n|turn|9\n|\n|t:|1682997331\n|-terastallize|p1b: Pee Wee|Steel\n|move|p1a: Smiles back|Protect|p1a: Smiles back\n|-singleturn|p1a: Smiles back|Protect\n|move|p2b: Chien-Pao|Sucker Punch||[still]\n|-fail|p2b: Chien-Pao\n|move|p1b: Pee Wee|Icy Wind|p2a: Flutter Mane|[spread] p2a,p2b\n|-resisted|p2b: Chien-Pao\n|-damage|p2a: Flutter Mane|79\/100\n|-damage|p2b: Chien-Pao|86\/100\n|-unboost|p2a: Flutter Mane|spe|1\n|-unboost|p2b: Chien-Pao|spe|1\n|move|p2a: Flutter Mane|Dazzling Gleam|p1b: Pee Wee|[spread] p1b\n|-activate|p1a: Smiles back|move: Protect\n|-resisted|p1b: Pee Wee\n|-damage|p1b: Pee Wee|61\/100\n|\n|upkeep\n|turn|10\n|\n|t:|1682997345\n|switch|p1a: Wheeeee!|Glimmora, L50, M, shiny|100\/100\n|move|p2b: Chien-Pao|Sucker Punch||[still]\n|-fail|p2b: Chien-Pao\n|move|p1b: Pee Wee|Icy Wind|p2a: Flutter Mane|[spread] p2a,p2b\n|-resisted|p2b: Chien-Pao\n|-damage|p2a: Flutter Mane|66\/100\n|-damage|p2b: Chien-Pao|75\/100\n|-unboost|p2a: Flutter Mane|spe|1\n|-unboost|p2b: Chien-Pao|spe|1\n|move|p2a: Flutter Mane|Shadow Ball|p1b: Pee Wee\n|-damage|p1b: Pee Wee|0 fnt\n|faint|p1b: Pee Wee\n|\n|upkeep\n|\n|t:|1682997355\n|switch|p1b: Smiles back|Chi-Yu, L50|1\/100\n|-ability|p1b: Smiles back|Beads of Ruin\n|turn|11\n|\n|t:|1682997364\n|move|p2b: Chien-Pao|Sucker Punch|p1b: Smiles back\n|-resisted|p1b: Smiles back\n|-damage|p1b: Smiles back|0 fnt\n|faint|p1b: Smiles back\n|move|p1a: Wheeeee!|Power Gem|p2b: Chien-Pao\n|-supereffective|p2b: Chien-Pao\n|-damage|p2b: Chien-Pao|0 fnt\n|faint|p2b: Chien-Pao\n|move|p2a: Flutter Mane|Shadow Ball|p1a: Wheeeee!\n|-damage|p1a: Wheeeee!|54\/100\n|\n|upkeep\n|turn|12\n|\n|t:|1682997379\n|move|p1a: Wheeeee!|Power Gem|p2a: Flutter Mane\n|-damage|p2a: Flutter Mane|18\/100\n|move|p2a: Flutter Mane|Shadow Ball|p1a: Wheeeee!\n|-damage|p1a: Wheeeee!|8\/100\n|-unboost|p1a: Wheeeee!|spd|1\n|\n|upkeep\n|turn|13\n|c|\u2606Funnyman Krebs|gg\n|\n|t:|1682997386\n|move|p2a: Flutter Mane|Protect|p2a: Flutter Mane\n|-singleturn|p2a: Flutter Mane|Protect\n|move|p1a: Wheeeee!|Power Gem|p2a: Flutter Mane\n|-activate|p2a: Flutter Mane|move: Protect\n|\n|upkeep\n|turn|14\n|c|\u2606Pink or purple|gg\n|\n|t:|1682997392\n|move|p1a: Wheeeee!|Power Gem|p2a: Flutter Mane\n|-damage|p2a: Flutter Mane|0 fnt\n|faint|p2a: Flutter Mane\n|-end|p2a: Flutter Mane|Protosynthesis|[silent]\n|\n|win|Funnyman Krebs\n|raw|Funnyman Krebs's rating: 1396 → 1411<\/strong> (+15 for winning)\n|raw|Pink or purple's rating: 1308 → 1293<\/strong> (-15 for losing)\n|l|\u2606Pink or purple\n","uploadtime":1682997402,"views":13,"p1id":"funnymankrebs","p2id":"pinkorpurple","formatid":"gen9vgc2023regulationc","rating":1293,"private":0,"password":""}