{"id":"gen9vgc2023regulationc-1853161516","p1":"Sbradyb","p2":"eduardoykl69","format":"[Gen 9] VGC 2023 Regulation C","log":"|j|\u2606Sbradyb\n|j|\u2606eduardoykl69\n|t:|1682642706\n|gametype|doubles\n|player|p1|Sbradyb|102|1378\n|player|p2|eduardoykl69|1|1359\n|teamsize|p1|6\n|teamsize|p2|6\n|gen|9\n|tier|[Gen 9] VGC 2023 Regulation C\n|rated|\n|rule|Species Clause: Limit one of each Pok\u00e9mon\n|rule|Item Clause: Limit one of each item\n|clearpoke\n|poke|p1|Gholdengo, L50|\n|poke|p1|Grimmsnarl, L50, M|\n|poke|p1|Iron Bundle, L50|\n|poke|p1|Amoonguss, L50, M|\n|poke|p1|Chi-Yu, L50|\n|poke|p1|Flutter Mane, L50|\n|poke|p2|Brute Bonnet, L50|\n|poke|p2|Iron Bundle, L50|\n|poke|p2|Chi-Yu, L50|\n|poke|p2|Dondozo, L50, M|\n|poke|p2|Tatsugiri, L50, M|\n|poke|p2|Murkrow, L50, M|\n|teampreview|4\n|inactive|Battle timer is ON: inactive players will automatically lose when time's up. (requested by Sbradyb)\n|\n|t:|1682642738\n|start\n|switch|p1a: Grimmsnarl|Grimmsnarl, L50, M, shiny|100\/100\n|switch|p1b: Gholdengo|Gholdengo, L50|100\/100\n|switch|p2a: Brute Bonnet|Brute Bonnet, L50, shiny|100\/100\n|switch|p2b: Murkrow|Murkrow, L50, M|100\/100\n|turn|1\n|\n|t:|1682642757\n|move|p2a: Brute Bonnet|Protect|p2a: Brute Bonnet\n|-singleturn|p2a: Brute Bonnet|Protect\n|move|p2b: Murkrow|Sunny Day|p2b: Murkrow\n|-weather|SunnyDay\n|-activate|p2a: Brute Bonnet|ability: Protosynthesis\n|-start|p2a: Brute Bonnet|protosynthesisatk\n|move|p1a: Grimmsnarl|Reflect|p1a: Grimmsnarl\n|-sidestart|p1: Sbradyb|Reflect\n|move|p1b: Gholdengo|Nasty Plot|p1b: Gholdengo\n|-boost|p1b: Gholdengo|spa|2\n|\n|-weather|SunnyDay|[upkeep]\n|upkeep\n|turn|2\n|\n|t:|1682642772\n|move|p1b: Gholdengo|Protect|p1b: Gholdengo\n|-singleturn|p1b: Gholdengo|Protect\n|move|p2b: Murkrow|Haze|p2b: Murkrow\n|-clearallboost\n|move|p2a: Brute Bonnet|Bullet Seed|p1a: Grimmsnarl\n|-damage|p1a: Grimmsnarl|90\/100\n|-damage|p1a: Grimmsnarl|79\/100\n|-damage|p1a: Grimmsnarl|69\/100\n|-damage|p1a: Grimmsnarl|58\/100\n|-hitcount|p1a: Grimmsnarl|4\n|move|p1a: Grimmsnarl|Spirit Break|p2a: Brute Bonnet\n|-supereffective|p2a: Brute Bonnet\n|-damage|p2a: Brute Bonnet|48\/100\n|-unboost|p2a: Brute Bonnet|spa|1\n|\n|-weather|SunnyDay|[upkeep]\n|upkeep\n|turn|3\n|\n|t:|1682642793\n|-terastallize|p1b: Gholdengo|Water\n|move|p2a: Brute Bonnet|Protect|p2a: Brute Bonnet\n|-singleturn|p2a: Brute Bonnet|Protect\n|move|p2b: Murkrow|Tailwind|p2b: Murkrow\n|-sidestart|p2: eduardoykl69|move: Tailwind\n|move|p1b: Gholdengo|Make It Rain|p2a: Brute Bonnet|[spread] p2b\n|-activate|p2a: Brute Bonnet|move: Protect\n|-damage|p2b: Murkrow|54\/100\n|-unboost|p1b: Gholdengo|spa|1\n|move|p1a: Grimmsnarl|Spirit Break|p2a: Brute Bonnet\n|-activate|p2a: Brute Bonnet|move: Protect\n|\n|-weather|SunnyDay|[upkeep]\n|upkeep\n|turn|4\n|\n|t:|1682642809\n|move|p2b: Murkrow|Brave Bird|p1a: Grimmsnarl\n|-damage|p1a: Grimmsnarl|33\/100\n|-damage|p2b: Murkrow|44\/100|[from] Recoil\n|move|p2a: Brute Bonnet|Bullet Seed|p1a: Grimmsnarl\n|-damage|p1a: Grimmsnarl|22\/100\n|-damage|p1a: Grimmsnarl|10\/100\n|-damage|p1a: Grimmsnarl|0 fnt\n|faint|p1a: Grimmsnarl\n|-hitcount|p1: Grimmsnarl|3\n|move|p1b: Gholdengo|Make It Rain|p2b: Murkrow|[spread] p2a,p2b\n|-damage|p2a: Brute Bonnet|22\/100\n|-damage|p2b: Murkrow|11\/100\n|-unboost|p1b: Gholdengo|spa|1\n|\n|-weather|SunnyDay|[upkeep]\n|upkeep\n|inactive|Sbradyb has 30 seconds left.\n|inactive|Sbradyb has 20 seconds left.\n|inactive|Sbradyb has 15 seconds left.\n|\n|t:|1682642850\n|switch|p1a: Amoonguss|Amoonguss, L50, M, shiny|100\/100\n|turn|5\n|\n|t:|1682642865\n|move|p1b: Gholdengo|Protect|p1b: Gholdengo\n|-singleturn|p1b: Gholdengo|Protect\n|move|p2b: Murkrow|Brave Bird|p1a: Amoonguss\n|-supereffective|p1a: Amoonguss\n|-damage|p1a: Amoonguss|61\/100\n|-damage|p2b: Murkrow|0 fnt|[from] Recoil\n|faint|p2b: Murkrow\n|move|p2a: Brute Bonnet|Bullet Seed|p1b: Gholdengo\n|-activate|p1b: Gholdengo|move: Protect\n|move|p1a: Amoonguss|Pollen Puff|p2a: Brute Bonnet\n|-supereffective|p2a: Brute Bonnet\n|-damage|p2a: Brute Bonnet|0 fnt\n|faint|p2a: Brute Bonnet\n|-end|p2a: Brute Bonnet|Protosynthesis|[silent]\n|\n|-weather|none\n|upkeep\n|\n|t:|1682642869\n|switch|p2b: Tatsugiri|Tatsugiri, L50, M|100\/100\n|switch|p2a: Dondozo|Dondozo, L50, M|100\/100\n|-activate|p2b: Tatsugiri|ability: Commander|[of] p2a: Dondozo\n|-boost|p2a: Dondozo|atk|2\n|-boost|p2a: Dondozo|spa|2\n|-boost|p2a: Dondozo|spe|2\n|-boost|p2a: Dondozo|def|2\n|-boost|p2a: Dondozo|spd|2\n|turn|6\n|inactive|Sbradyb has 30 seconds left.\n|\n|t:|1682642903\n|move|p2a: Dondozo|Substitute|p2a: Dondozo\n|-start|p2a: Dondozo|Substitute\n|-damage|p2a: Dondozo|76\/100\n|move|p1b: Gholdengo|Shadow Ball|p2a: Dondozo\n|-activate|p2a: Dondozo|move: Substitute|[damage]\n|move|p1a: Amoonguss|Clear Smog|p2a: Dondozo\n|-end|p2a: Dondozo|Substitute\n|\n|-sideend|p2: eduardoykl69|move: Tailwind\n|upkeep\n|turn|7\n|\n|t:|1682642925\n|move|p2a: Dondozo|Substitute|p2a: Dondozo\n|-start|p2a: Dondozo|Substitute\n|-damage|p2a: Dondozo|51\/100\n|move|p1b: Gholdengo|Shadow Ball|p2a: Dondozo\n|-activate|p2a: Dondozo|move: Substitute|[damage]\n|move|p1a: Amoonguss|Clear Smog|p2a: Dondozo\n|-activate|p2a: Dondozo|move: Substitute|[damage]\n|\n|upkeep\n|turn|8\n|\n|t:|1682642944\n|move|p2a: Dondozo|Order Up|p1a: Amoonguss\n|-crit|p1a: Amoonguss\n|-damage|p1a: Amoonguss|5\/100\n|-enditem|p1a: Amoonguss|Sitrus Berry|[eat]\n|-heal|p1a: Amoonguss|30\/100|[from] item: Sitrus Berry\n|-boost|p2a: Dondozo|atk|1\n|move|p1b: Gholdengo|Shadow Ball|p2a: Dondozo\n|-end|p2a: Dondozo|Substitute\n|move|p1a: Amoonguss|Clear Smog|p2a: Dondozo\n|-damage|p2a: Dondozo|45\/100\n|-clearboost|p2a: Dondozo\n|\n|-sideend|p1: Sbradyb|Reflect\n|upkeep\n|turn|9\n|inactive|Sbradyb has 30 seconds left.\n|\n|t:|1682642969\n|switch|p1a: Iron Bundle|Iron Bundle, L50, shiny|100\/100\n|-terastallize|p2a: Dondozo|Grass\n|move|p1b: Gholdengo|Shadow Ball|p2a: Dondozo\n|-damage|p2a: Dondozo|6\/100\n|move|p2a: Dondozo|Tera Blast|p1b: Gholdengo\n|-supereffective|p1b: Gholdengo\n|-damage|p1b: Gholdengo|38\/100\n|\n|-heal|p1b: Gholdengo|44\/100|[from] item: Leftovers\n|upkeep\n|turn|10\n|-message|eduardoykl69 forfeited.\n|\n|win|Sbradyb\n|raw|Sbradyb's rating: 1378 → 1397<\/strong> (+19 for winning)\n|raw|eduardoykl69's rating: 1359 → 1340<\/strong> (-19 for losing)\n|l|\u2606eduardoykl69\n","uploadtime":1682643000,"views":5,"p1id":"sbradyb","p2id":"eduardoykl69","formatid":"gen9vgc2023regulationc","rating":1340,"private":0,"password":""}