{"id":"gen9vgc2023regulationc-1852309973","p1":"ghostyboyy97","p2":"Eminercy","format":"[Gen 9] VGC 2023 Regulation C","log":"|j|\u2606ghostyboyy97\n|j|\u2606Eminercy\n|t:|1682542552\n|gametype|doubles\n|player|p1|ghostyboyy97|cameraman|1097\n|player|p2|Eminercy|2|1125\n|teamsize|p1|6\n|teamsize|p2|6\n|gen|9\n|tier|[Gen 9] VGC 2023 Regulation C\n|rated|\n|rule|Species Clause: Limit one of each Pok\u00e9mon\n|rule|Item Clause: Limit one of each item\n|clearpoke\n|poke|p1|Gastrodon, L50, F|\n|poke|p1|Ceruledge, L50, F|\n|poke|p1|Glimmora, L50, M|\n|poke|p1|Grimmsnarl, L50, M|\n|poke|p1|Iron Hands, L50|\n|poke|p1|Wo-Chien, L50|\n|poke|p2|Chi-Yu, L50|\n|poke|p2|Iron Bundle, L50|\n|poke|p2|Great Tusk, L50|\n|poke|p2|Murkrow, L50, M|\n|poke|p2|Dragonite, L50, M|\n|poke|p2|Flutter Mane, L50|\n|teampreview|4\n|inactive|Battle timer is ON: inactive players will automatically lose when time's up. (requested by ghostyboyy97)\nghostyboyy97 has agreed to open team sheets.\n|c|\u2606ghostyboyy97|glhf\n|inactive|ghostyboyy97 has 60 seconds left.\n|inactive|Eminercy has 60 seconds left.\nEminercy has agreed to open team sheets.\n|inactive|ghostyboyy97 has 30 seconds left.\n|inactive|ghostyboyy97 has 20 seconds left.\n|inactive|ghostyboyy97 has 15 seconds left.\n|inactive|ghostyboyy97 has 10 seconds left.\n|\n|t:|1682542636\n|start\n|switch|p1a: Grimmsnarl|Grimmsnarl, L50, M|100\/100\n|switch|p1b: Iron Hands|Iron Hands, L50|100\/100\n|switch|p2a: Murkrow|Murkrow, L50, M|100\/100\n|switch|p2b: Dragonite|Dragonite, L50, M|100\/100\n|turn|1\n|inactive|Eminercy has 30 seconds left.\n|inactive|Eminercy has 20 seconds left.\n|inactive|Eminercy has 15 seconds left.\n|\n|t:|1682542681\n|move|p1b: Iron Hands|Fake Out|p2a: Murkrow\n|-damage|p2a: Murkrow|83\/100\n|cant|p2a: Murkrow|flinch\n|move|p1a: Grimmsnarl|Reflect|p1a: Grimmsnarl\n|-sidestart|p1: ghostyboyy97|Reflect\n|move|p2b: Dragonite|Low Kick|p1b: Iron Hands\n|-damage|p1b: Iron Hands|82\/100\n|\n|upkeep\n|turn|2\n|inactive|Eminercy has 30 seconds left.\n|\n|t:|1682542708\n|move|p2a: Murkrow|Tailwind|p2a: Murkrow\n|-sidestart|p2: Eminercy|move: Tailwind\n|move|p2b: Dragonite|Low Kick|p1b: Iron Hands\n|-damage|p1b: Iron Hands|63\/100\n|move|p1a: Grimmsnarl|Spirit Break|p2b: Dragonite\n|-supereffective|p2b: Dragonite\n|-damage|p2b: Dragonite|37\/100\n|-unboost|p2b: Dragonite|spa|1\n|move|p1b: Iron Hands|Wild Charge|p2a: Murkrow\n|-supereffective|p2a: Murkrow\n|-crit|p2a: Murkrow\n|-damage|p2a: Murkrow|0 fnt\n|faint|p2a: Murkrow\n|-damage|p1b: Iron Hands|50\/100|[from] Recoil\n|\n|upkeep\n|\n|t:|1682542721\n|switch|p2a: Flutter Mane|Flutter Mane, L50|100\/100\n|turn|3\n|inactive|ghostyboyy97 has 30 seconds left.\n|\n|t:|1682542750\n|switch|p2b: Great Tusk|Great Tusk, L50|100\/100\n|-end|p1b: Iron Hands|Quark Drive|[silent]\n|switch|p1b: Ceruledge|Ceruledge, L50, F|100\/100\n|-terastallize|p2a: Flutter Mane|Fairy\n|move|p1a: Grimmsnarl|Light Screen|p1a: Grimmsnarl\n|-sidestart|p1: ghostyboyy97|move: Light Screen\n|move|p2a: Flutter Mane|Dazzling Gleam|p1a: Grimmsnarl|[spread] p1a,p1b\n|-supereffective|p1a: Grimmsnarl\n|-resisted|p1b: Ceruledge\n|-damage|p1a: Grimmsnarl|41\/100\n|-damage|p1b: Ceruledge|86\/100\n|\n|upkeep\n|turn|4\n|inactive|ghostyboyy97 has 30 seconds left.\n|\n|t:|1682542778\n|-terastallize|p1b: Ceruledge|Grass\n|move|p2a: Flutter Mane|Protect|p2a: Flutter Mane\n|-singleturn|p2a: Flutter Mane|Protect\n|move|p2b: Great Tusk|Earthquake|p1a: Grimmsnarl|[spread] p1a,p1b\n|-activate|p2a: Flutter Mane|move: Protect\n|-resisted|p1b: Ceruledge\n|-damage|p1a: Grimmsnarl|6\/100\n|-damage|p1b: Ceruledge|64\/100\n|-damage|p2b: Great Tusk|91\/100|[from] item: Life Orb\n|move|p1b: Ceruledge|Bulk Up|p1b: Ceruledge\n|-boost|p1b: Ceruledge|atk|1\n|-boost|p1b: Ceruledge|def|1\n|move|p1a: Grimmsnarl|Spirit Break|p2b: Great Tusk\n|-supereffective|p2b: Great Tusk\n|-damage|p2b: Great Tusk|46\/100\n|-unboost|p2b: Great Tusk|spa|1\n|\n|upkeep\n|turn|5\n|inactive|ghostyboyy97 has 30 seconds left.\n|\n|t:|1682542807\n|move|p2b: Great Tusk|Protect|p2b: Great Tusk\n|-singleturn|p2b: Great Tusk|Protect\n|move|p2a: Flutter Mane|Moonblast|p1b: Ceruledge\n|-damage|p1b: Ceruledge|19\/100\n|move|p1b: Ceruledge|Bitter Blade|p2a: Flutter Mane\n|-enditem|p2a: Flutter Mane|Focus Sash\n|-damage|p2a: Flutter Mane|1\/100\n|-heal|p1b: Ceruledge|58\/100|[from] drain|[of] p2a: Flutter Mane\n|move|p1a: Grimmsnarl|Spirit Break|p2b: Great Tusk\n|-activate|p2b: Great Tusk|move: Protect\n|\n|-sideend|p2: Eminercy|move: Tailwind\n|upkeep\n|turn|6\n|inactive|ghostyboyy97 has 30 seconds left.\n|inactive|Eminercy has 30 seconds left.\n|inactive|Eminercy has 20 seconds left.\n|\n|t:|1682542842\n|move|p1b: Ceruledge|Protect|p1b: Ceruledge\n|-singleturn|p1b: Ceruledge|Protect\n|move|p2a: Flutter Mane|Moonblast|p1b: Ceruledge\n|-activate|p1b: Ceruledge|move: Protect\n|move|p2b: Great Tusk|Earthquake|p1a: Grimmsnarl|[spread] p2a,p1a\n|-activate|p1b: Ceruledge|move: Protect\n|-damage|p2a: Flutter Mane|0 fnt\n|-damage|p1a: Grimmsnarl|0 fnt\n|faint|p2a: Flutter Mane\n|-end|p2a: Flutter Mane|Protosynthesis|[silent]\n|faint|p1a: Grimmsnarl\n|-damage|p2b: Great Tusk|36\/100|[from] item: Life Orb\n|\n|upkeep\n|\n|t:|1682542854\n|switch|p2a: Dragonite|Dragonite, L50, M|37\/100\n|switch|p1a: Iron Hands|Iron Hands, L50|50\/100\n|turn|7\n|inactive|Eminercy has 30 seconds left.\n|\n|t:|1682542882\n|move|p1a: Iron Hands|Fake Out|p2a: Dragonite\n|-damage|p2a: Dragonite|21\/100\n|move|p2b: Great Tusk|Earthquake|p1a: Iron Hands|[spread] p1a,p1b\n|-immune|p2a: Dragonite\n|-supereffective|p1a: Iron Hands\n|-resisted|p1b: Ceruledge\n|-damage|p1a: Iron Hands|7\/100\n|-damage|p1b: Ceruledge|44\/100\n|-damage|p2b: Great Tusk|26\/100|[from] item: Life Orb\n|move|p1b: Ceruledge|Bitter Blade|p2b: Great Tusk\n|-damage|p2b: Great Tusk|0 fnt\n|-heal|p1b: Ceruledge|59\/100|[from] drain|[of] p2b: Great Tusk\n|faint|p2b: Great Tusk\n|-end|p2b: Great Tusk|Protosynthesis|[silent]\n|move|p2a: Dragonite|Ice Spinner|p1b: Ceruledge\n|-supereffective|p1b: Ceruledge\n|-damage|p1b: Ceruledge|27\/100\n|\n|upkeep\n|turn|8\n|\n|t:|1682542906\n|move|p2a: Dragonite|Extreme Speed|p1a: Iron Hands\n|-damage|p1a: Iron Hands|0 fnt\n|faint|p1a: Iron Hands\n|-end|p1a: Iron Hands|Quark Drive|[silent]\n|move|p1b: Ceruledge|Shadow Sneak|p2a: Dragonite\n|-crit|p2a: Dragonite\n|-damage|p2a: Dragonite|0 fnt\n|faint|p2a: Dragonite\n|\n|win|ghostyboyy97\n|raw|ghostyboyy97's rating: 1097 → 1124<\/strong> (+27 for winning)\n|raw|Eminercy's rating: 1125 → 1098<\/strong> (-27 for losing)\n|l|\u2606Eminercy\n|c|\u2606ghostyboyy97|ggwp\n","uploadtime":1682542938,"views":7,"p1id":"ghostyboyy97","p2id":"eminercy","formatid":"gen9vgc2023regulationc","rating":1098,"private":0,"password":""}