{"id":"gen9vgc2023regulationc-1846195042","p1":"KatafriVGC","p2":"Rattoghiaccio","format":"[Gen 9] VGC 2023 Regulation C","log":"|j|\u2606KatafriVGC\n|j|\u2606Rattoghiaccio\n|t:|1681819875\n|gametype|doubles\n|player|p1|KatafriVGC|n|1186\n|player|p2|Rattoghiaccio|169|1249\n|teamsize|p1|6\n|teamsize|p2|6\n|gen|9\n|tier|[Gen 9] VGC 2023 Regulation C\n|rated|\n|rule|Species Clause: Limit one of each Pok\u00e9mon\n|rule|Item Clause: Limit one of each item\n|clearpoke\n|poke|p1|Torkoal, L50, F|\n|poke|p1|Lilligant, L50, F|\n|poke|p1|Oricorio-Pom-Pom, L50, M|\n|poke|p1|Volcarona, L50, M|\n|poke|p1|Brute Bonnet, L50|\n|poke|p1|Kingambit, L50, F|\n|poke|p2|Grimmsnarl, L50, M|\n|poke|p2|Ting-Lu, L50|\n|poke|p2|Iron Bundle, L50|\n|poke|p2|Iron Hands, L50|\n|poke|p2|Amoonguss, L50, F|\n|poke|p2|Volcarona, L50, F|\n|teampreview|4\nKatafriVGC has agreed to open team sheets.\n|inactive|Battle timer is ON: inactive players will automatically lose when time's up. (requested by Rattoghiaccio)\n|\n|t:|1681819933\n|start\n|switch|p1a: Toby|Torkoal, L50, F, shiny|100\/100\n|switch|p1b: Lars|Lilligant, L50, F|100\/100\n|switch|p2a: Grimmsnarl|Grimmsnarl, L50, M|100\/100\n|switch|p2b: Ting-Lu|Ting-Lu, L50|100\/100\n|-ability|p2b: Ting-Lu|Vessel of Ruin\n|-weather|SunnyDay|[from] ability: Drought|[of] p1a: Toby\n|turn|1\n|\n|t:|1681819949\n|move|p2a: Grimmsnarl|Taunt|p1b: Lars\n|-start|p1b: Lars|move: Taunt\n|cant|p1b: Lars|move: Taunt|Quiver Dance\n|move|p2b: Ting-Lu|Stomping Tantrum|p1a: Toby\n|-supereffective|p1a: Toby\n|-damage|p1a: Toby|53\/100\n|move|p1a: Toby|Eruption|p2a: Grimmsnarl|[spread] p2a,p2b\n|-damage|p2a: Grimmsnarl|71\/100\n|-damage|p2b: Ting-Lu|83\/100\n|\n|-weather|SunnyDay|[upkeep]\n|-heal|p2b: Ting-Lu|89\/100|[from] item: Leftovers\n|upkeep\n|turn|2\n|\n|t:|1681819967\n|switch|p1a: Oricorio|Oricorio-Pom-Pom, L50, M, shiny|100\/100\n|move|p2a: Grimmsnarl|Light Screen|p2a: Grimmsnarl\n|-sidestart|p2: Rattoghiaccio|move: Light Screen\n|move|p1b: Lars|Petal Dance|p2a: Grimmsnarl\n|-damage|p2a: Grimmsnarl|39\/100\n|-activate|p1a: Oricorio|ability: Dancer\n|move|p1a: Oricorio|Petal Dance|p2b: Ting-Lu|[from]ability: Dancer\n|-supereffective|p2b: Ting-Lu\n|-damage|p2b: Ting-Lu|61\/100\n|move|p2b: Ting-Lu|Snarl|p1a: Oricorio|[spread] p1a,p1b\n|-damage|p1a: Oricorio|88\/100\n|-damage|p1b: Lars|86\/100\n|-unboost|p1a: Oricorio|spa|1\n|\n|-weather|SunnyDay|[upkeep]\n|-heal|p2b: Ting-Lu|67\/100|[from] item: Leftovers\n|upkeep\n|turn|3\n|inactive|Rattoghiaccio has 30 seconds left.\n|\n|t:|1681819995\n|switch|p2a: Iron Hands|Iron Hands, L50|100\/100\n|-terastallize|p1a: Oricorio|Fairy\n|move|p2b: Ting-Lu|Protect|p2b: Ting-Lu\n|-singleturn|p2b: Ting-Lu|Protect\n|move|p1b: Lars|Petal Dance|p2b: Ting-Lu|[from]lockedmove\n|-activate|p2b: Ting-Lu|move: Protect\n|move|p1a: Oricorio|Revelation Dance|p2b: Ting-Lu\n|-activate|p2b: Ting-Lu|move: Protect\n|\n|-weather|SunnyDay|[upkeep]\n|-heal|p2b: Ting-Lu|73\/100|[from] item: Leftovers\n|-end|p1b: Lars|move: Taunt\n|upkeep\n|turn|4\n|inactive|Rattoghiaccio has 30 seconds left.\n|\n|t:|1681820021\n|-terastallize|p2b: Ting-Lu|Fairy\n|move|p2a: Iron Hands|Fake Out|p1b: Lars\n|-damage|p1b: Lars|66\/100\n|move|p1b: Lars|Quiver Dance|p1b: Lars\n|-boost|p1b: Lars|spa|1\n|-boost|p1b: Lars|spd|1\n|-boost|p1b: Lars|spe|1\n|-activate|p1a: Oricorio|ability: Dancer\n|move|p1a: Oricorio|Quiver Dance|p1a: Oricorio|[from]ability: Dancer\n|-boost|p1a: Oricorio|spa|1\n|-boost|p1a: Oricorio|spd|1\n|-boost|p1a: Oricorio|spe|1\n|move|p1a: Oricorio|Substitute|p1a: Oricorio\n|-start|p1a: Oricorio|Substitute\n|-damage|p1a: Oricorio|63\/100\n|move|p2b: Ting-Lu|Throat Chop|p1b: Lars\n|-damage|p1b: Lars|16\/100\n|\n|-weather|SunnyDay|[upkeep]\n|-heal|p2b: Ting-Lu|79\/100|[from] item: Leftovers\n|upkeep\n|turn|5\n|inactive|Rattoghiaccio has 30 seconds left.\n|\n|t:|1681820050\n|move|p2b: Ting-Lu|Protect|p2b: Ting-Lu\n|-singleturn|p2b: Ting-Lu|Protect\n|move|p1b: Lars|Petal Dance|p2b: Ting-Lu\n|-activate|p2b: Ting-Lu|move: Protect\n|move|p1a: Oricorio|Revelation Dance|p2a: Iron Hands\n|-supereffective|p2a: Iron Hands\n|-damage|p2a: Iron Hands|72\/100\n|move|p2a: Iron Hands|Volt Switch|p1b: Lars\n|-resisted|p1b: Lars\n|-damage|p1b: Lars|10\/100\n|\n|t:|1681820065\n|-end|p2a: Iron Hands|Quark Drive|[silent]\n|switch|p2a: Grimmsnarl|Grimmsnarl, L50, M|39\/100|[from] Volt Switch\n|\n|-weather|SunnyDay|[upkeep]\n|-heal|p2b: Ting-Lu|85\/100|[from] item: Leftovers\n|upkeep\n|turn|6\n|\n|t:|1681820081\n|move|p2a: Grimmsnarl|Reflect|p2a: Grimmsnarl\n|-sidestart|p2: Rattoghiaccio|Reflect\n|move|p1b: Lars|Petal Dance|p2a: Grimmsnarl\n|-damage|p2a: Grimmsnarl|0 fnt\n|faint|p2a: Grimmsnarl\n|-activate|p1a: Oricorio|ability: Dancer\n|move|p1a: Oricorio|Petal Dance|p2b: Ting-Lu|[from]ability: Dancer\n|-damage|p2b: Ting-Lu|72\/100\n|move|p1a: Oricorio|Revelation Dance|p2b: Ting-Lu\n|-damage|p2b: Ting-Lu|58\/100\n|move|p2b: Ting-Lu|Snarl|p1b: Lars|[spread] p1a,p1b\n|-resisted|p1a: Oricorio\n|-damage|p1a: Oricorio|58\/100\n|-damage|p1b: Lars|2\/100\n|-unboost|p1a: Oricorio|spa|1\n|\n|-weather|SunnyDay|[upkeep]\n|-heal|p2b: Ting-Lu|64\/100|[from] item: Leftovers\n|upkeep\n|\n|t:|1681820103\n|switch|p2a: Volcarona|Volcarona, L50, F|100\/100\n|turn|7\n|\n|t:|1681820115\n|move|p2a: Volcarona|Protect|p2a: Volcarona\n|-singleturn|p2a: Volcarona|Protect\n|move|p1b: Lars|Petal Dance|p2a: Volcarona|[from]lockedmove\n|-activate|p2a: Volcarona|move: Protect\n|move|p1a: Oricorio|Quiver Dance|p1a: Oricorio\n|-boost|p1a: Oricorio|spa|1\n|-boost|p1a: Oricorio|spd|1\n|-boost|p1a: Oricorio|spe|1\n|move|p2b: Ting-Lu|Snarl|p1a: Oricorio|[spread] p1a,p1b\n|-resisted|p1a: Oricorio\n|-damage|p1a: Oricorio|56\/100\n|-damage|p1b: Lars|0 fnt\n|-unboost|p1a: Oricorio|spa|1\n|faint|p1b: Lars\n|\n|-weather|SunnyDay|[upkeep]\n|-heal|p2b: Ting-Lu|70\/100|[from] item: Leftovers\n|upkeep\n|\n|t:|1681820131\n|switch|p1b: Volcarona|Volcarona, L50, M|100\/100\n|turn|8\n|\n|t:|1681820139\n|move|p1a: Oricorio|Protect|p1a: Oricorio\n|-singleturn|p1a: Oricorio|Protect\n|move|p2a: Volcarona|Fiery Dance|p1a: Oricorio\n|-activate|p1a: Oricorio|move: Protect\n|move|p1b: Volcarona|Fiery Dance|p2a: Volcarona\n|-damage|p2a: Volcarona|55\/100\n|-boost|p1b: Volcarona|spa|1\n|-damage|p1b: Volcarona|91\/100|[from] item: Life Orb\n|-activate|p1a: Oricorio|ability: Dancer\n|move|p1a: Oricorio|Fiery Dance|p2a: Volcarona|[from]ability: Dancer\n|-damage|p2a: Volcarona|43\/100\n|-boost|p1a: Oricorio|spa|1\n|move|p2b: Ting-Lu|Snarl|p1a: Oricorio|[spread] p1b\n|-activate|p1a: Oricorio|move: Protect\n|-damage|p1b: Volcarona|81\/100\n|-unboost|p1b: Volcarona|spa|1\n|\n|-weather|none\n|-heal|p2b: Ting-Lu|76\/100|[from] item: Leftovers\n|upkeep\n|turn|9\n|inactive|KatafriVGC has 30 seconds left.\n|inactive|Rattoghiaccio has 30 seconds left.\n|\n|t:|1681820167\n|move|p2a: Volcarona|Protect|p2a: Volcarona\n|-singleturn|p2a: Volcarona|Protect\n|move|p1a: Oricorio|Revelation Dance|p2a: Volcarona\n|-activate|p2a: Volcarona|move: Protect\n|move|p1b: Volcarona|Struggle Bug|p2b: Ting-Lu|[spread] p2b\n|-activate|p2a: Volcarona|move: Protect\n|-resisted|p2b: Ting-Lu\n|-damage|p2b: Ting-Lu|72\/100\n|-unboost|p2b: Ting-Lu|spa|1\n|-damage|p1b: Volcarona|72\/100|[from] item: Life Orb\n|move|p2b: Ting-Lu|Snarl|p1a: Oricorio|[spread] p1a,p1b\n|-resisted|p1a: Oricorio\n|-damage|p1a: Oricorio|54\/100\n|-damage|p1b: Volcarona|65\/100\n|-unboost|p1a: Oricorio|spa|1\n|-unboost|p1b: Volcarona|spa|1\n|\n|-heal|p2b: Ting-Lu|78\/100|[from] item: Leftovers\n|-sideend|p2: Rattoghiaccio|move: Light Screen\n|upkeep\n|turn|10\n|inactive|Rattoghiaccio has 30 seconds left.\n|\n|t:|1681820194\n|move|p1a: Oricorio|Quiver Dance|p1a: Oricorio\n|-boost|p1a: Oricorio|spa|1\n|-boost|p1a: Oricorio|spd|1\n|-boost|p1a: Oricorio|spe|1\n|move|p2a: Volcarona|Fiery Dance|p1a: Oricorio\n|-end|p1a: Oricorio|Substitute\n|-damage|p2a: Volcarona|33\/100|[from] item: Life Orb\n|-activate|p1a: Oricorio|ability: Dancer\n|move|p1a: Oricorio|Fiery Dance|p2a: Volcarona|[from]ability: Dancer\n|-damage|p2a: Volcarona|14\/100\n|-boost|p1a: Oricorio|spa|1\n|move|p1b: Volcarona|Quiver Dance|p1b: Volcarona\n|-boost|p1b: Volcarona|spa|1\n|-boost|p1b: Volcarona|spd|1\n|-boost|p1b: Volcarona|spe|1\n|-activate|p1a: Oricorio|ability: Dancer\n|move|p1a: Oricorio|Quiver Dance|p1a: Oricorio|[from]ability: Dancer\n|-boost|p1a: Oricorio|spa|1\n|-boost|p1a: Oricorio|spd|1\n|-boost|p1a: Oricorio|spe|1\n|move|p2b: Ting-Lu|Stomping Tantrum|p1a: Oricorio\n|-damage|p1a: Oricorio|7\/100\n|\n|-heal|p2b: Ting-Lu|84\/100|[from] item: Leftovers\n|upkeep\n|turn|11\n|inactive|KatafriVGC has 30 seconds left.\n|inactive|Rattoghiaccio has 30 seconds left.\n|inactive|Rattoghiaccio has 20 seconds left.\n|\n|t:|1681820230\n|move|p1a: Oricorio|Protect|p1a: Oricorio\n|-singleturn|p1a: Oricorio|Protect\n|move|p2a: Volcarona|Protect|p2a: Volcarona\n|-singleturn|p2a: Volcarona|Protect\n|move|p1b: Volcarona|Morning Sun|p1b: Volcarona\n|-heal|p1b: Volcarona|100\/100\n|move|p2b: Ting-Lu|Stomping Tantrum|p1a: Oricorio\n|-activate|p1a: Oricorio|move: Protect\n|\n|-heal|p2b: Ting-Lu|90\/100|[from] item: Leftovers\n|upkeep\n|turn|12\n|\n|t:|1681820250\n|switch|p2a: Iron Hands|Iron Hands, L50|72\/100\n|move|p1a: Oricorio|Revelation Dance|p2b: Ting-Lu\n|-damage|p2b: Ting-Lu|49\/100\n|move|p1b: Volcarona|Fiery Dance|p2a: Iron Hands\n|-damage|p2a: Iron Hands|46\/100\n|-damage|p1b: Volcarona|91\/100|[from] item: Life Orb\n|-activate|p1a: Oricorio|ability: Dancer\n|move|p1a: Oricorio|Fiery Dance|p2a: Iron Hands|[from]ability: Dancer\n|-damage|p2a: Iron Hands|26\/100\n|move|p2b: Ting-Lu|Snarl|p1a: Oricorio|[spread] p1a,p1b\n|-resisted|p1a: Oricorio\n|-damage|p1a: Oricorio|6\/100\n|-damage|p1b: Volcarona|87\/100\n|-unboost|p1a: Oricorio|spa|1\n|-unboost|p1b: Volcarona|spa|1\n|\n|-heal|p2b: Ting-Lu|55\/100|[from] item: Leftovers\n|upkeep\n|turn|13\n|inactive|KatafriVGC has 30 seconds left.\n|\n|t:|1681820275\n|move|p2a: Iron Hands|Fake Out|p1b: Volcarona\n|-damage|p1b: Volcarona|65\/100\n|move|p1a: Oricorio|Revelation Dance|p2a: Iron Hands\n|-supereffective|p2a: Iron Hands\n|-damage|p2a: Iron Hands|0 fnt\n|faint|p2a: Iron Hands\n|-end|p2a: Iron Hands|Quark Drive|[silent]\n|cant|p1b: Volcarona|flinch\n|move|p2b: Ting-Lu|Stomping Tantrum|p1b: Volcarona\n|-damage|p1b: Volcarona|14\/100\n|\n|-heal|p2b: Ting-Lu|61\/100|[from] item: Leftovers\n|-sideend|p2: Rattoghiaccio|Reflect\n|upkeep\n|\n|t:|1681820290\n|switch|p2a: Volcarona|Volcarona, L50, F|14\/100\n|turn|14\n|\n|t:|1681820296\n|move|p1a: Oricorio|Protect|p1a: Oricorio\n|-singleturn|p1a: Oricorio|Protect\n|move|p2a: Volcarona|Protect|p2a: Volcarona\n|-singleturn|p2a: Volcarona|Protect\n|move|p1b: Volcarona|Morning Sun|p1b: Volcarona\n|-heal|p1b: Volcarona|64\/100\n|move|p2b: Ting-Lu|Stomping Tantrum|p1a: Oricorio\n|-activate|p1a: Oricorio|move: Protect\n|\n|-heal|p2b: Ting-Lu|67\/100|[from] item: Leftovers\n|upkeep\n|turn|15\n|\n|t:|1681820311\n|move|p2a: Volcarona|Protect||[still]\n|-fail|p2a: Volcarona\n|move|p1a: Oricorio|Revelation Dance|p2b: Ting-Lu\n|-damage|p2b: Ting-Lu|32\/100\n|move|p1b: Volcarona|Fiery Dance|p2a: Volcarona\n|-damage|p2a: Volcarona|0 fnt\n|faint|p2a: Volcarona\n|-damage|p1b: Volcarona|54\/100|[from] item: Life Orb\n|-activate|p1a: Oricorio|ability: Dancer\n|move|p1a: Oricorio|Fiery Dance|p2b: Ting-Lu|[from]ability: Dancer\n|-damage|p2b: Ting-Lu|11\/100\n|move|p2b: Ting-Lu|Stomping Tantrum|p1a: Oricorio\n|-damage|p1a: Oricorio|0 fnt\n|faint|p1a: Oricorio\n|\n|-heal|p2b: Ting-Lu|17\/100|[from] item: Leftovers\n|upkeep\n|\n|t:|1681820329\n|switch|p1a: Toby|Torkoal, L50, F, shiny|53\/100\n|-weather|SunnyDay|[from] ability: Drought|[of] p1a: Toby\n|turn|16\n|\n|t:|1681820337\n|move|p2b: Ting-Lu|Protect|p2b: Ting-Lu\n|-singleturn|p2b: Ting-Lu|Protect\n|move|p1b: Volcarona|Fiery Dance|p2b: Ting-Lu\n|-activate|p2b: Ting-Lu|move: Protect\n|move|p1a: Toby|Flamethrower|p2b: Ting-Lu\n|-activate|p2b: Ting-Lu|move: Protect\n|\n|-weather|SunnyDay|[upkeep]\n|-heal|p2b: Ting-Lu|23\/100|[from] item: Leftovers\n|upkeep\n|turn|17\n|\n|t:|1681820351\n|move|p1b: Volcarona|Fiery Dance|p2b: Ting-Lu\n|-damage|p2b: Ting-Lu|0 fnt\n|faint|p2b: Ting-Lu\n|-damage|p1b: Volcarona|45\/100|[from] item: Life Orb\n|\n|win|KatafriVGC\n|raw|KatafriVGC's rating: 1186 → 1215<\/strong> (+29 for winning)\n|raw|Rattoghiaccio's rating: 1249 → 1220<\/strong> (-29 for losing)\n|l|\u2606Rattoghiaccio\n|c|\u2606KatafriVGC|gg\n","uploadtime":1681820364,"views":8,"p1id":"katafrivgc","p2id":"rattoghiaccio","formatid":"gen9vgc2023regulationc","rating":1215,"private":0,"password":""}