{"id":"gen9vgc2023regulationc-1855321431","p1":"fishinglikeaduck","p2":"SisalVT","format":"[Gen 9] VGC 2023 Regulation C","log":"|j|\u2606fishinglikeaduck\n|j|\u2606SisalVT\n|t:|1682936644\n|gametype|doubles\n|player|p1|fishinglikeaduck|fisherman-gen4|1581\n|player|p2|SisalVT|blue|1689\n|teamsize|p1|6\n|teamsize|p2|6\n|gen|9\n|tier|[Gen 9] VGC 2023 Regulation C\n|rated|\n|rule|Species Clause: Limit one of each Pok\u00e9mon\n|rule|Item Clause: Limit one of each item\n|clearpoke\n|poke|p1|Glimmora, L50, F|\n|poke|p1|Kingambit, L50, M|\n|poke|p1|Ting-Lu, L50|\n|poke|p1|Baxcalibur, L50, F|\n|poke|p1|Amoonguss, L50, M|\n|poke|p1|Flutter Mane, L50|\n|poke|p2|Breloom, L50, F|\n|poke|p2|Chien-Pao, L50|\n|poke|p2|Flutter Mane, L50|\n|poke|p2|Chi-Yu, L50|\n|poke|p2|Dondozo, L50, F|\n|poke|p2|Tatsugiri-Stretchy, L50, M|\n|teampreview|4\nfishinglikeaduck has agreed to open team sheets.\n|inactive|Battle timer is ON: inactive players will automatically lose when time's up. (requested by fishinglikeaduck)\nSisalVT has agreed to open team sheets.\n|j| pegin\n|j| badalakazam\n|inactive|fishinglikeaduck has 60 seconds left.\n|inactive|SisalVT has 60 seconds left.\n|\n|t:|1682936684\n|start\n|switch|p1a: Glimmora|Glimmora, L50, F|100\/100\n|switch|p1b: Ting-Lu|Ting-Lu, L50|100\/100\n|switch|p2a: Bottas|Flutter Mane, L50|100\/100\n|switch|p2b: Hanako|Chi-Yu, L50|100\/100\n|-ability|p2b: Hanako|Beads of Ruin\n|-ability|p1b: Ting-Lu|Vessel of Ruin\n|-enditem|p2a: Bottas|Booster Energy\n|-activate|p2a: Bottas|ability: Protosynthesis|[fromitem]\n|-start|p2a: Bottas|protosynthesisspa\n|turn|1\n|j| AshML\n|inactive|fishinglikeaduck has 30 seconds left.\n|\n|t:|1682936710\n|-terastallize|p1b: Ting-Lu|Ground\n|move|p2a: Bottas|Shadow Ball|p1a: Glimmora\n|-damage|p1a: Glimmora|47\/100\n|move|p2b: Hanako|Dark Pulse|p1a: Glimmora\n|-damage|p1a: Glimmora|11\/100\n|move|p1a: Glimmora|Power Gem|p2b: Hanako\n|-supereffective|p2b: Hanako\n|-damage|p2b: Hanako|45\/100\n|-enditem|p2b: Hanako|Sitrus Berry|[eat]\n|-heal|p2b: Hanako|70\/100|[from] item: Sitrus Berry\n|move|p1b: Ting-Lu|Heavy Slam|p2a: Bottas\n|-supereffective|p2a: Bottas\n|-damage|p2a: Bottas|0 fnt\n|faint|p2a: Bottas\n|-end|p2a: Bottas|Protosynthesis|[silent]\n|\n|upkeep\n|\n|t:|1682936726\n|switch|p2a: Chonkster|Dondozo, L50, F|100\/100\n|turn|2\n|\n|t:|1682936740\n|move|p2a: Chonkster|Protect|p2a: Chonkster\n|-singleturn|p2a: Chonkster|Protect\n|move|p2b: Hanako|Heat Wave|p1a: Glimmora|[spread] p1a,p1b\n|-resisted|p1a: Glimmora\n|-damage|p1a: Glimmora|0 fnt\n|-damage|p1b: Ting-Lu|77\/100\n|faint|p1a: Glimmora\n|move|p1b: Ting-Lu|Ruination|p2a: Chonkster\n|-activate|p2a: Chonkster|move: Protect\n|\n|-heal|p1b: Ting-Lu|83\/100|[from] item: Leftovers\n|upkeep\n|\n|t:|1682936748\n|switch|p1a: Baxcalibur|Baxcalibur, L50, F|100\/100\n|turn|3\n|\n|t:|1682936761\n|switch|p2b: Pogsukiri|Tatsugiri-Stretchy, L50, M, shiny|100\/100\n|-activate|p2b: Pogsukiri|ability: Commander|[of] p2a: Chonkster\n|-boost|p2a: Chonkster|atk|2\n|-boost|p2a: Chonkster|spa|2\n|-boost|p2a: Chonkster|spe|2\n|-boost|p2a: Chonkster|def|2\n|-boost|p2a: Chonkster|spd|2\n|move|p2a: Chonkster|Wave Crash|p1b: Ting-Lu\n|-supereffective|p1b: Ting-Lu\n|-damage|p1b: Ting-Lu|0 fnt\n|faint|p1b: Ting-Lu\n|-damage|p2a: Chonkster|73\/100|[from] Recoil\n|move|p1a: Baxcalibur|Glaive Rush|p2a: Chonkster\n|-damage|p2a: Chonkster|49\/100\n|-singlemove|p1a: Baxcalibur|Glaive Rush|[silent]\n|\n|-heal|p2a: Chonkster|56\/100|[from] item: Leftovers\n|upkeep\n|\n|t:|1682936776\n|switch|p1b: Kingambit|Kingambit, L50, M|100\/100\n|turn|4\n|\n|t:|1682936789\n|move|p1a: Baxcalibur|Protect|p1a: Baxcalibur\n|-singleturn|p1a: Baxcalibur|Protect\n|move|p1b: Kingambit|Protect|p1b: Kingambit\n|-singleturn|p1b: Kingambit|Protect\n|move|p2a: Chonkster|Rock Slide|p1b: Kingambit|[spread] \n|-activate|p1a: Baxcalibur|move: Protect\n|-activate|p1b: Kingambit|move: Protect\n|\n|-heal|p2a: Chonkster|62\/100|[from] item: Leftovers\n|upkeep\n|turn|5\n|\n|t:|1682936798\n|move|p2a: Chonkster|Wave Crash|p1b: Kingambit\n|-damage|p1b: Kingambit|25\/100\n|-damage|p2a: Chonkster|40\/100|[from] Recoil\n|move|p1a: Baxcalibur|Glaive Rush|p2a: Chonkster\n|-damage|p2a: Chonkster|18\/100\n|-singlemove|p1a: Baxcalibur|Glaive Rush|[silent]\n|move|p1b: Kingambit|Assurance|p2a: Chonkster\n|-damage|p2a: Chonkster|0 fnt\n|faint|p2a: Chonkster\n|\n|upkeep\n|\n|t:|1682936801\n|switch|p2a: Hanako|Chi-Yu, L50|70\/100\n|-ability|p2a: Hanako|Beads of Ruin\n|turn|6\n|\n|t:|1682936810\n|move|p1a: Baxcalibur|Protect|p1a: Baxcalibur\n|-singleturn|p1a: Baxcalibur|Protect\n|move|p1b: Kingambit|Protect|p1b: Kingambit\n|-singleturn|p1b: Kingambit|Protect\n|move|p2b: Pogsukiri|Draco Meteor|p1a: Baxcalibur\n|-activate|p1a: Baxcalibur|move: Protect\n|move|p2a: Hanako|Heat Wave|p1a: Baxcalibur|[spread] \n|-activate|p1a: Baxcalibur|move: Protect\n|-activate|p1b: Kingambit|move: Protect\n|\n|upkeep\n|turn|7\n|\n|t:|1682936824\n|move|p1b: Kingambit|Sucker Punch|p2b: Pogsukiri\n|-damage|p2b: Pogsukiri|19\/100\n|move|p2b: Pogsukiri|Draco Meteor|p1a: Baxcalibur|[miss]\n|-miss|p2b: Pogsukiri|p1a: Baxcalibur\n|move|p2a: Hanako|Heat Wave|p1a: Baxcalibur|[spread] p1a,p1b\n|-supereffective|p1b: Kingambit\n|-damage|p1a: Baxcalibur|64\/100\n|-damage|p1b: Kingambit|0 fnt\n|-ability|p1a: Baxcalibur|Thermal Exchange|boost\n|-boost|p1a: Baxcalibur|atk|1\n|faint|p1b: Kingambit\n|move|p1a: Baxcalibur|Glaive Rush|p2a: Hanako\n|-damage|p2a: Hanako|0 fnt\n|-singlemove|p1a: Baxcalibur|Glaive Rush|[silent]\n|faint|p2a: Hanako\n|\n|upkeep\n|turn|8\n|\n|t:|1682936836\n|-terastallize|p2b: Pogsukiri|Steel\n|move|p1a: Baxcalibur|Ice Shard|p2b: Pogsukiri\n|-resisted|p2b: Pogsukiri\n|-damage|p2b: Pogsukiri|0 fnt\n|faint|p2b: Pogsukiri\n|\n|win|fishinglikeaduck\n|raw|fishinglikeaduck's rating: 1581 → 1607<\/strong> (+26 for winning)\n|raw|SisalVT's rating: 1689 → 1663<\/strong> (-26 for losing)\n|l|\u2606SisalVT\n|l| pegin\n","uploadtime":1682936854,"views":21,"p1id":"fishinglikeaduck","p2id":"sisalvt","formatid":"gen9vgc2023regulationc","rating":1607,"private":0,"password":""}