{"id":"gen9vgc2023regulationc-1863584060","p1":"Sobble14","p2":"XD VIRGO","format":"[Gen 9] VGC 2023 Regulation C","log":"|j|\u2606Sobble14\n|j|\u2606XD VIRGO\n|t:|1684038133\n|gametype|doubles\n|player|p1|Sobble14|2|1180\n|player|p2|XD VIRGO|depotagent|1227\n|teamsize|p1|6\n|teamsize|p2|6\n|gen|9\n|tier|[Gen 9] VGC 2023 Regulation C\n|rated|\n|rule|Species Clause: Limit one of each Pok\u00e9mon\n|rule|Item Clause: Limit one of each item\n|clearpoke\n|poke|p1|Ursaring, L50, F|\n|poke|p1|Sableye, L50, M|\n|poke|p1|Chi-Yu, L50|\n|poke|p1|Stonjourner, L50, M|\n|poke|p1|Iron Valiant, L50|\n|poke|p1|Palafin, L50, M|\n|poke|p2|Glimmora, L50, F|\n|poke|p2|Garganacl, L50, M|\n|poke|p2|Wo-Chien, L50|\n|poke|p2|Annihilape, L50, M|\n|poke|p2|Gholdengo, L50|\n|poke|p2|Chi-Yu, L50|\n|teampreview|4\n|inactive|Battle timer is ON: inactive players will automatically lose when time's up. (requested by Sobble14)\n|\n|t:|1684038186\n|start\n|switch|p1a: Ursaring|Ursaring, L50, F|100\/100\n|switch|p1b: Chi-Yu|Chi-Yu, L50|100\/100\n|switch|p2a: Glimmora|Glimmora, L50, F|100\/100\n|switch|p2b: Garganacl|Garganacl, L50, M|100\/100\n|-ability|p1b: Chi-Yu|Beads of Ruin\n|turn|1\n|\n|t:|1684038201\n|move|p1b: Chi-Yu|Protect|p1b: Chi-Yu\n|-singleturn|p1b: Chi-Yu|Protect\n|move|p2b: Garganacl|Protect|p2b: Garganacl\n|-singleturn|p2b: Garganacl|Protect\n|move|p2a: Glimmora|Mortal Spin|p1a: Ursaring|[spread] p1a\n|-activate|p1b: Chi-Yu|move: Protect\n|-damage|p1a: Ursaring|97\/100\n|-status|p1a: Ursaring|psn\n|move|p1a: Ursaring|Bulk Up|p1a: Ursaring\n|-boost|p1a: Ursaring|atk|1\n|-boost|p1a: Ursaring|def|1\n|\n|-damage|p1a: Ursaring|84\/100 psn|[from] psn\n|upkeep\n|turn|2\n|inactive|Sobble14 has 30 seconds left.\n|inactive|Sobble14 has 20 seconds left.\n|inactive|Sobble14 has 15 seconds left.\n|\n|t:|1684038243\n|-terastallize|p1a: Ursaring|Normal\n|move|p1b: Chi-Yu|Heat Wave|p2b: Garganacl|[spread] p2a\n|-miss|p1b: Chi-Yu|p2b: Garganacl\n|-resisted|p2a: Glimmora\n|-damage|p2a: Glimmora|78\/100\n|-status|p2a: Glimmora|brn\n|-damage|p1b: Chi-Yu|90\/100|[from] item: Life Orb\n|move|p2a: Glimmora|Earth Power|p1b: Chi-Yu\n|-supereffective|p1b: Chi-Yu\n|-damage|p1b: Chi-Yu|18\/100\n|move|p1a: Ursaring|Facade|p2b: Garganacl\n|-resisted|p2b: Garganacl\n|-damage|p2b: Garganacl|25\/100\n|move|p2b: Garganacl|Salt Cure|p1a: Ursaring\n|-damage|p1a: Ursaring|76\/100 psn\n|-start|p1a: Ursaring|Salt Cure\n|\n|-heal|p2b: Garganacl|31\/100|[from] item: Leftovers\n|-damage|p1a: Ursaring|64\/100 psn|[from] psn\n|-damage|p2a: Glimmora|73\/100 brn|[from] brn\n|-damage|p1a: Ursaring|52\/100 psn|[from] Salt Cure\n|upkeep\n|turn|3\n|inactive|Sobble14 has 30 seconds left.\n|inactive|XD VIRGO has 30 seconds left.\n|inactive|Sobble14 has 20 seconds left.\n|inactive|Sobble14 has 15 seconds left.\n|\n|t:|1684038284\n|-terastallize|p2b: Garganacl|Ghost\n|move|p1b: Chi-Yu|Dark Pulse|p2a: Glimmora\n|-damage|p2a: Glimmora|25\/100 brn\n|-damage|p1b: Chi-Yu|8\/100|[from] item: Life Orb\n|move|p2a: Glimmora|Power Gem|p1b: Chi-Yu\n|-supereffective|p1b: Chi-Yu\n|-damage|p1b: Chi-Yu|0 fnt\n|faint|p1b: Chi-Yu\n|move|p1a: Ursaring|Bulk Up|p1a: Ursaring\n|-boost|p1a: Ursaring|atk|1\n|-boost|p1a: Ursaring|def|1\n|move|p2b: Garganacl|Recover|p2b: Garganacl\n|-heal|p2b: Garganacl|81\/100\n|\n|-heal|p2b: Garganacl|87\/100|[from] item: Leftovers\n|-damage|p1a: Ursaring|39\/100 psn|[from] psn\n|-damage|p2a: Glimmora|19\/100 brn|[from] brn\n|-damage|p1a: Ursaring|27\/100 psn|[from] Salt Cure\n|upkeep\n|\n|t:|1684038295\n|switch|p1b: Iron Valiant|Iron Valiant, L50|100\/100\n|-enditem|p1b: Iron Valiant|Booster Energy\n|-activate|p1b: Iron Valiant|ability: Quark Drive|[fromitem]\n|-start|p1b: Iron Valiant|quarkdrivespe\n|turn|4\n|inactive|Sobble14 has 30 seconds left.\n|inactive|XD VIRGO has 30 seconds left.\n|\n|t:|1684038323\n|move|p1b: Iron Valiant|Swords Dance|p1b: Iron Valiant\n|-boost|p1b: Iron Valiant|atk|2\n|move|p2a: Glimmora|Sludge Bomb|p1b: Iron Valiant\n|-supereffective|p1b: Iron Valiant\n|-damage|p1b: Iron Valiant|0 fnt\n|faint|p1b: Iron Valiant\n|-end|p1b: Iron Valiant|Quark Drive|[silent]\n|move|p1a: Ursaring|Rest|p1a: Ursaring\n|-status|p1a: Ursaring|slp|[from] move: Rest\n|-heal|p1a: Ursaring|100\/100 slp|[silent]\n|move|p2b: Garganacl|Body Press|p1a: Ursaring\n|-supereffective|p1a: Ursaring\n|-damage|p1a: Ursaring|78\/100 slp\n|\n|-heal|p2b: Garganacl|93\/100|[from] item: Leftovers\n|-damage|p2a: Glimmora|13\/100 brn|[from] brn\n|-damage|p1a: Ursaring|66\/100 slp|[from] Salt Cure\n|upkeep\n|\n|t:|1684038329\n|switch|p1b: Stonjourner|Stonjourner, L50, M|100\/100\n|turn|5\n|\n|t:|1684038342\n|move|p1b: Stonjourner|Rock Slide|p2b: Garganacl|[spread] p2a,p2b\n|-damage|p2a: Glimmora|0 fnt\n|-damage|p2b: Garganacl|72\/100\n|-activate|p2a: Glimmora|ability: Toxic Debris\n|-sidestart|p1: Sobble14|move: Toxic Spikes\n|faint|p2a: Glimmora\n|cant|p1a: Ursaring|slp\n|move|p2b: Garganacl|Salt Cure|p1b: Stonjourner\n|-damage|p1b: Stonjourner|90\/100\n|-start|p1b: Stonjourner|Salt Cure\n|\n|-heal|p2b: Garganacl|78\/100|[from] item: Leftovers\n|-damage|p1b: Stonjourner|78\/100|[from] Salt Cure\n|-damage|p1a: Ursaring|54\/100 slp|[from] Salt Cure\n|upkeep\n|\n|t:|1684038358\n|switch|p2a: Wo-Chien|Wo-Chien, L50|100\/100\n|-ability|p2a: Wo-Chien|Tablets of Ruin\n|turn|6\n|inactive|Sobble14 has 30 seconds left.\n|\n|t:|1684038386\n|move|p1b: Stonjourner|Rock Slide|p2a: Wo-Chien|[spread] p2a,p2b\n|-damage|p2a: Wo-Chien|83\/100\n|-damage|p2b: Garganacl|63\/100\n|move|p2a: Wo-Chien|Leech Seed|p1a: Ursaring\n|-start|p1a: Ursaring|move: Leech Seed\n|cant|p1a: Ursaring|slp\n|move|p2b: Garganacl|Body Press|p1b: Stonjourner\n|-supereffective|p1b: Stonjourner\n|-damage|p1b: Stonjourner|46\/100\n|\n|-heal|p2b: Garganacl|69\/100|[from] item: Leftovers\n|-damage|p1a: Ursaring|42\/100 slp|[from] Leech Seed|[of] p2a: Wo-Chien\n|-heal|p2a: Wo-Chien|94\/100|[silent]\n|-damage|p1b: Stonjourner|34\/100|[from] Salt Cure\n|-damage|p1a: Ursaring|29\/100 slp|[from] Salt Cure\n|upkeep\n|turn|7\n|inactive|Sobble14 has 30 seconds left.\n|\n|t:|1684038412\n|move|p1b: Stonjourner|Rock Slide|p2b: Garganacl|[spread] p2a\n|-miss|p1b: Stonjourner|p2b: Garganacl\n|-damage|p2a: Wo-Chien|75\/100\n|move|p2a: Wo-Chien|Growth|p2a: Wo-Chien\n|-boost|p2a: Wo-Chien|atk|1\n|-boost|p2a: Wo-Chien|spa|1\n|-curestatus|p1a: Ursaring|slp|[msg]\n|move|p1a: Ursaring|Crunch|p2b: Garganacl\n|-supereffective|p2b: Garganacl\n|-damage|p2b: Garganacl|0 fnt\n|faint|p2b: Garganacl\n|\n|-damage|p1a: Ursaring|17\/100|[from] Leech Seed|[of] p2a: Wo-Chien\n|-heal|p2a: Wo-Chien|87\/100|[silent]\n|-damage|p1b: Stonjourner|22\/100|[from] Salt Cure\n|-damage|p1a: Ursaring|5\/100|[from] Salt Cure\n|upkeep\n|\n|t:|1684038426\n|switch|p2b: Annihilape|Annihilape, L50, M|100\/100\n|turn|8\n|\n|t:|1684038434\n|move|p1b: Stonjourner|Rock Slide|p2a: Wo-Chien|[spread] p2a,p2b\n|-resisted|p2b: Annihilape\n|-damage|p2a: Wo-Chien|68\/100\n|-damage|p2b: Annihilape|89\/100\n|move|p2b: Annihilape|Drain Punch|p1a: Ursaring\n|-supereffective|p1a: Ursaring\n|-damage|p1a: Ursaring|0 fnt\n|-heal|p2b: Annihilape|90\/100|[from] drain|[of] p1a: Ursaring\n|faint|p1a: Ursaring\n|move|p2a: Wo-Chien|Seed Bomb|p1b: Stonjourner\n|-supereffective|p1b: Stonjourner\n|-damage|p1b: Stonjourner|0 fnt\n|faint|p1b: Stonjourner\n|\n|win|XD VIRGO\n|raw|Sobble14's rating: 1180 → 1158<\/strong> (-22 for losing)\n|raw|XD VIRGO's rating: 1227 → 1249<\/strong> (+22 for winning)\n|l|\u2606Sobble14\n","uploadtime":1684038454,"views":10,"p1id":"sobble14","p2id":"xdvirgo","formatid":"gen9vgc2023regulationc","rating":1158,"private":0,"password":""}