{"id":"gen9vgc2023regulationc-1851562136","p1":"N3rdSl4y3r","p2":"5wamp","format":"[Gen 9] VGC 2023 Regulation C","log":"|j|\u2606N3rdSl4y3r\n|j|\u26065wamp\n|t:|1682455933\n|gametype|doubles\n|player|p1|N3rdSl4y3r|rika|\n|player|p2|5wamp|265|\n|teamsize|p1|6\n|teamsize|p2|6\n|gen|9\n|tier|[Gen 9] VGC 2023 Regulation C\n|rule|Species Clause: Limit one of each Pok\u00e9mon\n|rule|Item Clause: Limit one of each item\n|clearpoke\n|poke|p1|Breloom, L50, M|\n|poke|p1|Chi-Yu, L50|\n|poke|p1|Azumarill, L50, F|\n|poke|p1|Baxcalibur, L50, M|\n|poke|p1|Flutter Mane, L50|\n|poke|p1|Maushold-Four, L50|\n|poke|p2|Flutter Mane, L50|\n|poke|p2|Arcanine, L50, F|\n|poke|p2|Amoonguss, L50, M|\n|poke|p2|Ting-Lu, L50|\n|poke|p2|Kingambit, L50, F|\n|poke|p2|Palafin, L50, F|\n|teampreview|4\n5wamp has agreed to open team sheets.\n|c|\u26065wamp|glhf\n|c|\u2606N3rdSl4y3r|glhf!\nN3rdSl4y3r has agreed to open team sheets.\n|\n|t:|1682455959\n|start\n|switch|p1a: samuel(s)|Maushold-Four, L50, shiny|100\/100\n|switch|p1b: Hovering Cane|Flutter Mane, L50|100\/100\n|switch|p2a: DOGTOOTH|Arcanine, L50, F|100\/100\n|switch|p2b: SAFARI|Palafin, L50, F, shiny|100\/100\n|-ability|p2a: DOGTOOTH|Intimidate|boost\n|-unboost|p1a: samuel(s)|atk|1\n|-unboost|p1b: Hovering Cane|atk|1\n|-enditem|p1b: Hovering Cane|Booster Energy\n|-activate|p1b: Hovering Cane|ability: Protosynthesis|[fromitem]\n|-start|p1b: Hovering Cane|protosynthesisspa\n|turn|1\n|c|\u26065wamp|its a very read dependent matchups\n|\n|t:|1682456009\n|move|p1b: Hovering Cane|Protect|p1b: Hovering Cane\n|-singleturn|p1b: Hovering Cane|Protect\n|move|p2b: SAFARI|Protect|p2b: SAFARI\n|-singleturn|p2b: SAFARI|Protect\n|move|p1a: samuel(s)|Super Fang|p2a: DOGTOOTH\n|-damage|p2a: DOGTOOTH|51\/100\n|move|p2a: DOGTOOTH|Flare Blitz|p1b: Hovering Cane\n|-activate|p1b: Hovering Cane|move: Protect\n|\n|upkeep\n|turn|2\n|\n|t:|1682456049\n|switch|p2a: OKRA|Amoonguss, L50, M|100\/100\n|move|p2b: SAFARI|Jet Punch|p1b: Hovering Cane\n|-damage|p1b: Hovering Cane|61\/100\n|move|p1b: Hovering Cane|Shadow Ball|p2a: OKRA\n|-damage|p2a: OKRA|48\/100\n|-enditem|p2a: OKRA|Sitrus Berry|[eat]\n|-heal|p2a: OKRA|73\/100|[from] item: Sitrus Berry\n|move|p1a: samuel(s)|Encore|p2b: SAFARI\n|-start|p2b: SAFARI|Encore\n|\n|upkeep\n|turn|3\n|\n|t:|1682456080\n|move|p1a: samuel(s)|Follow Me|p1a: samuel(s)\n|-singleturn|p1a: samuel(s)|move: Follow Me\n|move|p2b: SAFARI|Jet Punch|p1a: samuel(s)\n|-damage|p1a: samuel(s)|65\/100\n|move|p1b: Hovering Cane|Shadow Ball|p2b: SAFARI\n|-damage|p2b: SAFARI|18\/100\n|move|p2a: OKRA|Pollen Puff|p1a: samuel(s)\n|-damage|p1a: samuel(s)|41\/100\n|\n|upkeep\n|turn|4\n|\n|t:|1682456108\n|switch|p1a: Chi-Nuke|Chi-Yu, L50|100\/100\n|-ability|p1a: Chi-Nuke|Beads of Ruin\n|-terastallize|p2b: SAFARI|Water\n|move|p2b: SAFARI|Jet Punch|p1a: Chi-Nuke\n|-supereffective|p1a: Chi-Nuke\n|-damage|p1a: Chi-Nuke|0 fnt\n|faint|p1a: Chi-Nuke\n|move|p1b: Hovering Cane|Shadow Ball|p2b: SAFARI\n|-damage|p2b: SAFARI|0 fnt\n|faint|p2b: SAFARI\n|move|p2a: OKRA|Spore|p1b: Hovering Cane\n|-status|p1b: Hovering Cane|slp|[from] move: Spore\n|\n|upkeep\n|c|\u2606N3rdSl4y3r|oh that was not a good move\n|\n|t:|1682456124\n|switch|p1a: samuel(s)|Maushold-Four, L50, shiny|41\/100\n|switch|p2b: DOGTOOTH|Arcanine, L50, F|51\/100\n|-ability|p2b: DOGTOOTH|Intimidate|boost\n|-unboost|p1a: samuel(s)|atk|1\n|-unboost|p1b: Hovering Cane|atk|1\n|turn|5\n|c|\u26065wamp|yeah lmao\n|\n|t:|1682456135\n|move|p1a: samuel(s)|Follow Me|p1a: samuel(s)\n|-singleturn|p1a: samuel(s)|move: Follow Me\n|cant|p1b: Hovering Cane|slp\n|move|p2b: DOGTOOTH|Howl|p2b: DOGTOOTH|[spread] p2a,p2b\n|-boost|p2a: OKRA|atk|1\n|-boost|p2b: DOGTOOTH|atk|1\n|move|p2a: OKRA|Pollen Puff|p1a: samuel(s)\n|-damage|p1a: samuel(s)|17\/100\n|\n|upkeep\n|turn|6\n|\n|t:|1682456147\n|move|p1a: samuel(s)|Follow Me|p1a: samuel(s)\n|-singleturn|p1a: samuel(s)|move: Follow Me\n|move|p2b: DOGTOOTH|Extreme Speed|p1a: samuel(s)\n|-damage|p1a: samuel(s)|0 fnt\n|faint|p1a: samuel(s)\n|-curestatus|p1b: Hovering Cane|slp|[msg]\n|move|p1b: Hovering Cane|Shadow Ball|p2b: DOGTOOTH\n|-damage|p2b: DOGTOOTH|0 fnt\n|faint|p2b: DOGTOOTH\n|move|p2a: OKRA|Pollen Puff|p2: DOGTOOTH|[notarget]\n|-fail|p2a: OKRA\n|\n|upkeep\n|c|\u26065wamp|clutch wake tho\n|c|\u2606N3rdSl4y3r|ye\n|c|\u26065wamp|its not over\n|\n|t:|1682456163\n|switch|p1a: GOAT|Breloom, L50, M, shiny|100\/100\n|switch|p2b: PUPPET|Flutter Mane, L50, shiny|100\/100\n|-enditem|p2b: PUPPET|Booster Energy\n|-activate|p2b: PUPPET|ability: Protosynthesis|[fromitem]\n|-start|p2b: PUPPET|protosynthesisspa\n|turn|7\n|c|\u26065wamp|this +1 amoong bouta fuck you up\n|c|\u2606N3rdSl4y3r|no don't pull out the tera poison tera blast physical amoongus on me pls don;t\n|c|\u26065wamp|lmao you never know\n|c|\u26065wamp|it could be banded\n|\n|t:|1682456265\n|-terastallize|p1a: GOAT|Fire\n|move|p1b: Hovering Cane|Protect|p1b: Hovering Cane\n|-singleturn|p1b: Hovering Cane|Protect\n|move|p2a: OKRA|Rage Powder|p2a: OKRA\n|-singleturn|p2a: OKRA|move: Rage Powder\n|move|p2b: PUPPET|Dazzling Gleam|p1a: GOAT|[spread] p1a\n|-activate|p1b: Hovering Cane|move: Protect\n|-resisted|p1a: GOAT\n|-damage|p1a: GOAT|57\/100\n|move|p1a: GOAT|Bullet Seed|p2a: OKRA\n|-resisted|p2a: OKRA\n|-damage|p2a: OKRA|69\/100\n|-resisted|p2a: OKRA\n|-damage|p2a: OKRA|65\/100\n|-resisted|p2a: OKRA\n|-damage|p2a: OKRA|60\/100\n|-resisted|p2a: OKRA\n|-damage|p2a: OKRA|56\/100\n|-hitcount|p2a: OKRA|4\n|\n|upkeep\n|turn|8\n|c|\u26065wamp|im ngl\n|c|\u26065wamp|for most of that turn\n|c|\u26065wamp|i had locked in protect + spore into breloom\n|c|\u26065wamp|but pussied out\n|c|\u26065wamp|if only\n|c|\u2606N3rdSl4y3r|damn that would've been crazy lmao\n|\n|t:|1682456310\n|move|p2a: OKRA|Rage Powder|p2a: OKRA\n|-singleturn|p2a: OKRA|move: Rage Powder\n|move|p1b: Hovering Cane|Shadow Ball|p2a: OKRA\n|-damage|p2a: OKRA|0 fnt\n|faint|p2a: OKRA\n|move|p2b: PUPPET|Shadow Ball|p1a: GOAT\n|-damage|p1a: GOAT|0 fnt\n|faint|p1a: GOAT\n|\n|upkeep\n|turn|9\n|\n|t:|1682456331\n|move|p1b: Hovering Cane|Shadow Ball|p2b: PUPPET\n|-supereffective|p2b: PUPPET\n|-damage|p2b: PUPPET|0 fnt\n|faint|p2b: PUPPET\n|-end|p2b: PUPPET|Protosynthesis|[silent]\n|\n|win|N3rdSl4y3r\n|c|\u2606N3rdSl4y3r|gg\n","uploadtime":1682456339,"views":3,"p1id":"n3rdsl4y3r","p2id":"5wamp","formatid":"gen9vgc2023regulationc","rating":0,"private":0,"password":""}