{"id":"gen9vgc2023regulationc-1849947005","p1":"HeffNastyy","p2":"flameingpigey2","format":"[Gen 9] VGC 2023 Regulation C","log":"|j|\u2606HeffNastyy\n|j|\u2606flameingpigey2\n|t:|1682271036\n|gametype|doubles\n|player|p1|HeffNastyy|lance|\n|player|p2|flameingpigey2|hilbert-wonderlauncher|\n|teamsize|p1|6\n|teamsize|p2|6\n|gen|9\n|tier|[Gen 9] VGC 2023 Regulation C\n|rule|Species Clause: Limit one of each Pok\u00e9mon\n|rule|Item Clause: Limit one of each item\n|clearpoke\n|poke|p1|Garchomp, L50, F|\n|poke|p1|Chien-Pao, L50|\n|poke|p1|Talonflame, L50, M|\n|poke|p1|Gyarados, L50, M|\n|poke|p1|Flutter Mane, L50|\n|poke|p1|Iron Hands, L50|\n|poke|p2|Garganacl, L50, F|\n|poke|p2|Arcanine, L50, M|\n|poke|p2|Annihilape, L50, F|\n|poke|p2|Iron Hands, L50|\n|poke|p2|Chi-Yu, L50|\n|poke|p2|Iron Bundle, L50|\n|teampreview|4\n|c|\u2606HeffNastyy|g3\nHeffNastyy has agreed to open team sheets.\nflameingpigey2 has agreed to open team sheets.\n|j| SirSmokeVGC\n|\n|t:|1682272005\n|start\n|switch|p1a: Lilith|Flutter Mane, L50, shiny|100\/100\n|switch|p1b: Phoenix|Talonflame, L50, M, shiny|100\/100\n|switch|p2a: Iron Hands|Iron Hands, L50|100\/100\n|switch|p2b: Garganacl|Garganacl, L50, F|100\/100\n|-enditem|p1a: Lilith|Booster Energy\n|-activate|p1a: Lilith|ability: Protosynthesis|[fromitem]\n|-start|p1a: Lilith|protosynthesisspa\n|turn|1\n|\n|t:|1682272054\n|switch|p1b: Riley|Iron Hands, L50|100\/100\n|-terastallize|p1a: Lilith|Fairy\n|move|p1a: Lilith|Moonblast|p2b: Garganacl\n|-damage|p2b: Garganacl|41\/100\n|move|p2a: Iron Hands|Wild Charge|p1a: Lilith\n|-damage|p1a: Lilith|27\/100\n|-damage|p2a: Iron Hands|89\/100|[from] Recoil\n|move|p2b: Garganacl|Salt Cure|p1a: Lilith\n|-damage|p1a: Lilith|6\/100\n|-start|p1a: Lilith|Salt Cure\n|\n|-heal|p2b: Garganacl|46\/100|[from] item: Leftovers\n|-damage|p1a: Lilith|0 fnt|[from] Salt Cure\n|faint|p1a: Lilith\n|-end|p1a: Lilith|Protosynthesis|[silent]\n|upkeep\n|\n|t:|1682272071\n|switch|p1a: Chompa|Garchomp, L50, F, shiny|100\/100\n|turn|2\n|c|\u2606HeffNastyy|welp\n|\n|t:|1682272130\n|move|p2b: Garganacl|Protect|p2b: Garganacl\n|-singleturn|p2b: Garganacl|Protect\n|move|p1a: Chompa|Dragon Claw|p2a: Iron Hands\n|-damage|p2a: Iron Hands|53\/100\n|-damage|p1a: Chompa|91\/100|[from] item: Life Orb\n|move|p1b: Riley|Drain Punch|p2a: Iron Hands\n|-damage|p2a: Iron Hands|25\/100\n|move|p2a: Iron Hands|Volt Switch|p1b: Riley\n|-resisted|p1b: Riley\n|-damage|p1b: Riley|97\/100\n|\n|t:|1682272142\n|-end|p2a: Iron Hands|Quark Drive|[silent]\n|switch|p2a: Arcanine|Arcanine, L50, M|100\/100|[from] Volt Switch\n|-ability|p2a: Arcanine|Intimidate|boost\n|-unboost|p1a: Chompa|atk|1\n|-unboost|p1b: Riley|atk|1\n|\n|-heal|p2b: Garganacl|52\/100|[from] item: Leftovers\n|upkeep\n|turn|3\n|\n|t:|1682272160\n|-end|p1b: Riley|Quark Drive|[silent]\n|switch|p1b: Phoenix|Talonflame, L50, M, shiny|100\/100\n|-terastallize|p2b: Garganacl|Ghost\n|move|p1a: Chompa|Earthquake|p2a: Arcanine|[spread] p2a,p2b\n|-immune|p1b: Phoenix\n|-supereffective|p2a: Arcanine\n|-damage|p2a: Arcanine|23\/100\n|-damage|p2b: Garganacl|29\/100\n|-enditem|p2a: Arcanine|Sitrus Berry|[eat]\n|-heal|p2a: Arcanine|48\/100|[from] item: Sitrus Berry\n|-damage|p1a: Chompa|81\/100|[from] item: Life Orb\n|move|p2a: Arcanine|Will-O-Wisp|p1b: Phoenix\n|-immune|p1b: Phoenix\n|move|p2b: Garganacl|Recover|p2b: Garganacl\n|-heal|p2b: Garganacl|80\/100\n|\n|-heal|p2b: Garganacl|86\/100|[from] item: Leftovers\n|upkeep\n|turn|4\n|\n|t:|1682272205\n|move|p1b: Phoenix|Brave Bird|p2a: Arcanine\n|-damage|p2a: Arcanine|9\/100\n|-damage|p1b: Phoenix|86\/100|[from] Recoil\n|move|p1a: Chompa|Dragon Claw|p2a: Arcanine\n|-damage|p2a: Arcanine|0 fnt\n|faint|p2a: Arcanine\n|-damage|p1a: Chompa|72\/100|[from] item: Life Orb\n|move|p2b: Garganacl|Salt Cure|p1b: Phoenix\n|-supereffective|p1b: Phoenix\n|-damage|p1b: Phoenix|12\/100\n|-start|p1b: Phoenix|Salt Cure\n|\n|-heal|p2b: Garganacl|91\/100|[from] item: Leftovers\n|-damage|p1b: Phoenix|0 fnt|[from] Salt Cure\n|faint|p1b: Phoenix\n|upkeep\n|\n|t:|1682272230\n|switch|p1b: Riley|Iron Hands, L50|97\/100\n|switch|p2a: Iron Hands|Iron Hands, L50|25\/100\n|turn|5\n|\n|t:|1682272241\n|move|p1b: Riley|Fake Out|p2a: Iron Hands\n|-damage|p2a: Iron Hands|15\/100\n|cant|p2a: Iron Hands|flinch\n|move|p1a: Chompa|Dragon Claw|p2a: Iron Hands\n|-damage|p2a: Iron Hands|0 fnt\n|faint|p2a: Iron Hands\n|-end|p2a: Iron Hands|Quark Drive|[silent]\n|-damage|p1a: Chompa|62\/100|[from] item: Life Orb\n|move|p2b: Garganacl|Salt Cure|p1b: Riley\n|-resisted|p1b: Riley\n|-crit|p1b: Riley\n|-damage|p1b: Riley|89\/100\n|-start|p1b: Riley|Salt Cure\n|\n|-heal|p2b: Garganacl|97\/100|[from] item: Leftovers\n|-damage|p1b: Riley|77\/100|[from] Salt Cure\n|upkeep\n|c|\u2606flameingpigey2|why are you fast\n|c|\u2606HeffNastyy|lol\n|c|\u2606flameingpigey2|i put way too much in my speed lol just for that\n|\n|t:|1682272269\n|switch|p2a: Annihilape|Annihilape, L50, F, shiny|100\/100\n|turn|6\n|c|\u2606HeffNastyy|reasons lol\n|c|\u2606HeffNastyy|i can't break this garg tho so you got this anyway\n|\n|t:|1682272301\n|move|p1a: Chompa|Protect|p1a: Chompa\n|-singleturn|p1a: Chompa|Protect\n|move|p2a: Annihilape|Final Gambit|p1b: Riley\n|-damage|p1b: Riley|0 fnt\n|faint|p2a: Annihilape\n|faint|p1b: Riley\n|-end|p1b: Riley|Quark Drive|[silent]\n|move|p2b: Garganacl|Salt Cure|p1a: Chompa\n|-activate|p1a: Chompa|move: Protect\n|\n|-heal|p2b: Garganacl|100\/100|[from] item: Leftovers\n|upkeep\n|turn|7\n|\n|t:|1682272312\n|move|p1a: Chompa|Earthquake|p2b: Garganacl\n|-damage|p2b: Garganacl|70\/100\n|-damage|p1a: Chompa|53\/100|[from] item: Life Orb\n|move|p2b: Garganacl|Salt Cure|p1a: Chompa\n|-resisted|p1a: Chompa\n|-damage|p1a: Chompa|45\/100\n|-start|p1a: Chompa|Salt Cure\n|\n|-heal|p2b: Garganacl|75\/100|[from] item: Leftovers\n|-damage|p1a: Chompa|33\/100|[from] Salt Cure\n|upkeep\n|turn|8\n|c|\u2606HeffNastyy|deff for next time i am putting clear amulet on this thing over life orb lol\n|\n|t:|1682272335\n|move|p2b: Garganacl|Protect|p2b: Garganacl\n|-singleturn|p2b: Garganacl|Protect\n|move|p1a: Chompa|Earthquake|p2b: Garganacl\n|-activate|p2b: Garganacl|move: Protect\n|\n|-heal|p2b: Garganacl|81\/100|[from] item: Leftovers\n|-damage|p1a: Chompa|21\/100|[from] Salt Cure\n|upkeep\n|turn|9\n|c|\u2606flameingpigey2|both are good i feel\n|\n|t:|1682272352\n|move|p1a: Chompa|Earthquake|p2b: Garganacl\n|-damage|p2b: Garganacl|49\/100\n|-damage|p1a: Chompa|12\/100|[from] item: Life Orb\n|move|p2b: Garganacl|Recover|p2b: Garganacl\n|-heal|p2b: Garganacl|99\/100\n|\n|-heal|p2b: Garganacl|100\/100|[from] item: Leftovers\n|-damage|p1a: Chompa|0 fnt|[from] Salt Cure\n|faint|p1a: Chompa\n|\n|win|flameingpigey2\n|upkeep\n|c|\u2606flameingpigey2|gg\n|c|\u2606HeffNastyy|yeah arcanine tho is a pain for me as well\n|c|\u2606HeffNastyy|ggs\n|c|\u2606flameingpigey2|ggs\n|l|\u2606flameingpigey2\n","uploadtime":1682272422,"views":9,"p1id":"heffnastyy","p2id":"flameingpigey2","formatid":"gen9vgc2023regulationc","rating":0,"private":0,"password":""}