{"id":"gen9vgc2023regulationc-1855630966","p1":"aquatic_poyo123","p2":"Topical Rainstorm","format":"[Gen 9] VGC 2023 Regulation C","log":"|j|\u2606aquatic_poyo123\n|j|\u2606Topical Rainstorm\n|t:|1682968079\n|gametype|doubles\n|player|p1|aquatic_poyo123|officeworker|1089\n|player|p2|Topical Rainstorm|zinzolin|1000\n|teamsize|p1|6\n|teamsize|p2|6\n|gen|9\n|tier|[Gen 9] VGC 2023 Regulation C\n|rated|\n|rule|Species Clause: Limit one of each Pok\u00e9mon\n|rule|Item Clause: Limit one of each item\n|clearpoke\n|poke|p1|Torkoal, L50, M|\n|poke|p1|Armarouge, L50, F|\n|poke|p1|Indeedee-F, L50, F|\n|poke|p1|Brute Bonnet, L50|\n|poke|p1|Tauros-Paldea-Blaze, L50, M|\n|poke|p1|Gengar, L50, M|\n|poke|p2|Tatsugiri, L50, M|\n|poke|p2|Skuntank, L50, F|\n|poke|p2|Dondozo, L50, F|\n|poke|p2|Amoonguss, L50, F|\n|poke|p2|Flamigo, L50, M|\n|poke|p2|Iron Bundle, L50|\n|teampreview|4\n|inactive|Battle timer is ON: inactive players will automatically lose when time's up. (requested by Topical Rainstorm)\n|\n|t:|1682968092\n|start\n|switch|p1a: Armarouge|Armarouge, L50, F|100\/100\n|switch|p1b: Indeedee|Indeedee-F, L50, F|100\/100\n|switch|p2a: Tatsugiri|Tatsugiri, L50, M|100\/100\n|switch|p2b: Skuntank|Skuntank, L50, F|100\/100\n|-fieldstart|move: Psychic Terrain|[from] ability: Psychic Surge|[of] p1b: Indeedee\n|turn|1\n|\n|t:|1682968102\n|move|p2a: Tatsugiri|Endure|p2a: Tatsugiri\n|-singleturn|p2a: Tatsugiri|move: Endure\n|move|p2b: Skuntank|Explosion|p1b: Indeedee|[spread] p2a,p1a,p1b\n|-activate|p2a: Tatsugiri|move: Endure\n|-damage|p2a: Tatsugiri|1\/100\n|-damage|p1a: Armarouge|54\/100\n|-damage|p1b: Indeedee|30\/100\n|faint|p2b: Skuntank\n|move|p1a: Armarouge|Calm Mind|p1a: Armarouge\n|-boost|p1a: Armarouge|spa|1\n|-boost|p1a: Armarouge|spd|1\n|move|p1b: Indeedee|Trick Room|p1b: Indeedee\n|-fieldstart|move: Trick Room|[of] p1b: Indeedee\n|\n|-status|p2a: Tatsugiri|tox|[from] item: Toxic Orb\n|upkeep\n|\n|t:|1682968115\n|switch|p2b: Dondozo|Dondozo, L50, F|100\/100\n|-activate|p2a: Tatsugiri|ability: Commander|[of] p2b: Dondozo\n|-boost|p2b: Dondozo|atk|2\n|-boost|p2b: Dondozo|spa|2\n|-boost|p2b: Dondozo|spe|2\n|-boost|p2b: Dondozo|def|2\n|-boost|p2b: Dondozo|spd|2\n|turn|2\n|\n|t:|1682968123\n|move|p1b: Indeedee|Follow Me|p1b: Indeedee\n|-singleturn|p1b: Indeedee|move: Follow Me\n|move|p1a: Armarouge|Expanding Force|p2b: Dondozo|[spread] p2b\n|-miss|p1a: Armarouge|p2a: Tatsugiri\n|-damage|p2b: Dondozo|71\/100\n|move|p2b: Dondozo|Earthquake|p1a: Armarouge|[spread] p1a,p1b\n|-miss|p2b: Dondozo|p2a: Tatsugiri\n|-supereffective|p1a: Armarouge\n|-damage|p1a: Armarouge|0 fnt\n|-damage|p1b: Indeedee|0 fnt\n|faint|p1a: Armarouge\n|faint|p1b: Indeedee\n|\n|-damage|p2a: Tatsugiri|0 fnt|[from] psn\n|faint|p2a: Tatsugiri\n|upkeep\n|\n|t:|1682968136\n|switch|p1b: Tauros|Tauros-Paldea-Blaze, L50, M|100\/100\n|switch|p1a: Gengar|Gengar, L50, M|100\/100\n|switch|p2a: Iron Bundle|Iron Bundle, L50|100\/100\n|-ability|p1b: Tauros|Intimidate|boost\n|-unboost|p2a: Iron Bundle|atk|1\n|-unboost|p2b: Dondozo|atk|1\n|-item|p1a: Gengar|Air Balloon\n|-enditem|p2a: Iron Bundle|Booster Energy\n|-activate|p2a: Iron Bundle|ability: Quark Drive|[fromitem]\n|-start|p2a: Iron Bundle|quarkdrivespe\n|turn|3\n|\n|t:|1682968148\n|-terastallize|p1a: Gengar|Normal\n|move|p2a: Iron Bundle|Protect|p2a: Iron Bundle\n|-singleturn|p2a: Iron Bundle|Protect\n|move|p2b: Dondozo|Wave Crash|p1b: Tauros\n|-supereffective|p1b: Tauros\n|-damage|p1b: Tauros|0 fnt\n|faint|p1b: Tauros\n|-damage|p2b: Dondozo|51\/100|[from] Recoil\n|move|p1a: Gengar|Shadow Ball|p2b: Dondozo\n|-damage|p2b: Dondozo|30\/100\n|\n|upkeep\n|turn|4\n|\n|t:|1682968170\n|move|p2b: Dondozo|Earthquake|p1a: Gengar|[spread] p2a\n|-immune|p1a: Gengar\n|-damage|p2a: Iron Bundle|57\/100\n|move|p1a: Gengar|Shadow Ball|p2b: Dondozo\n|-damage|p2b: Dondozo|9\/100\n|move|p2a: Iron Bundle|Hydro Pump|p1a: Gengar|[miss]\n|-miss|p2a: Iron Bundle|p1a: Gengar\n|\n|upkeep\n|turn|5\n|\n|t:|1682968176\n|move|p2b: Dondozo|Protect|p2b: Dondozo\n|-singleturn|p2b: Dondozo|Protect\n|move|p1a: Gengar|Dazzling Gleam|p2b: Dondozo|[spread] p2a\n|-activate|p2b: Dondozo|move: Protect\n|-damage|p2a: Iron Bundle|15\/100\n|move|p2a: Iron Bundle|Hydro Pump|p1a: Gengar\n|-damage|p1a: Gengar|5\/100\n|-start|p2a: Iron Bundle|Disable|Hydro Pump|[from] ability: Cursed Body|[of] p1a: Gengar\n|-enditem|p1a: Gengar|Air Balloon\n|\n|-fieldend|move: Trick Room\n|upkeep\n|turn|6\n|\n|t:|1682968189\n|move|p2a: Iron Bundle|Freeze-Dry|p1a: Gengar\n|-damage|p1a: Gengar|0 fnt\n|faint|p1a: Gengar\n|\n|win|Topical Rainstorm\n|raw|aquatic_poyo123's rating: 1089 → 1060<\/strong> (-29 for losing)\n|raw|Topical Rainstorm's rating: 1000 → 1050<\/strong> (+50 for winning)\n|l|\u2606aquatic_poyo123\n|c|\u2606Topical Rainstorm|Gg\n","uploadtime":1682968199,"views":15,"p1id":"aquaticpoyo123","p2id":"topicalrainstorm","formatid":"gen9vgc2023regulationc","rating":1050,"private":0,"password":""}