{"id":"gen9vgc2023regulationc-1847526302","p1":"Sumo'sWeenusVGC","p2":"Sondowner","format":"[Gen 9] VGC 2023 Regulation C","log":"|j|\u2606Sumo'sWeenusVGC\n|j|\u2606Sondowner\n|t:|1681967448\n|gametype|doubles\n|player|p1|Sumo'sWeenusVGC|colress|1235\n|player|p2|Sondowner|pokemonranger-gen4|1173\n|teamsize|p1|6\n|teamsize|p2|6\n|gen|9\n|tier|[Gen 9] VGC 2023 Regulation C\n|rated|\n|rule|Species Clause: Limit one of each Pok\u00e9mon\n|rule|Item Clause: Limit one of each item\n|clearpoke\n|poke|p1|Annihilape, L50, M|\n|poke|p1|Chien-Pao, L50|\n|poke|p1|Flutter Mane, L50|\n|poke|p1|Arcanine, L50, M|\n|poke|p1|Palafin, L50, F|\n|poke|p1|Amoonguss, L50, F|\n|poke|p2|Annihilape, L50, F|\n|poke|p2|Arcanine, L50, M|\n|poke|p2|Maushold, L50|\n|poke|p2|Roaring Moon, L50|\n|poke|p2|Iron Bundle, L50|\n|poke|p2|Gholdengo, L50|\n|teampreview|4\n|inactive|Battle timer is ON: inactive players will automatically lose when time's up. (requested by Sumo'sWeenusVGC)\nSumo'sWeenusVGC has agreed to open team sheets.\nSondowner has agreed to open team sheets.\n|inactive|Sumo'sWeenusVGC has 60 seconds left.\n|inactive|Sondowner has 60 seconds left.\n|\n|t:|1681967491\n|start\n|switch|p1a: Psi Mu Signma|Annihilape, L50, M, shiny|100\/100\n|switch|p1b: Doll-Pugno|Palafin, L50, F, shiny|100\/100\n|switch|p2a: Maushold|Maushold, L50|100\/100\n|switch|p2b: Annihilape|Annihilape, L50, F|100\/100\n|turn|1\n|\n|t:|1681967510\n|move|p1b: Doll-Pugno|Jet Punch|p2a: Maushold\n|-damage|p2a: Maushold|67\/100\n|move|p2a: Maushold|Beat Up|p2b: Annihilape\n|-damage|p2b: Annihilape|98\/100\n|-damage|p2b: Annihilape|96\/100\n|-damage|p2b: Annihilape|94\/100\n|-damage|p2b: Annihilape|92\/100\n|-hitcount|p2b: Annihilape|4\n|move|p1a: Psi Mu Signma|Bulk Up|p1a: Psi Mu Signma\n|-boost|p1a: Psi Mu Signma|atk|1\n|-boost|p1a: Psi Mu Signma|def|1\n|move|p2b: Annihilape|Rage Fist|p1a: Psi Mu Signma\n|-supereffective|p1a: Psi Mu Signma\n|-crit|p1a: Psi Mu Signma\n|-damage|p1a: Psi Mu Signma|0 fnt\n|faint|p1a: Psi Mu Signma\n|\n|-heal|p2b: Annihilape|98\/100|[from] item: Leftovers\n|upkeep\n|\n|t:|1681967526\n|switch|p1a: Puff Puff|Amoonguss, L50, F, shiny|100\/100\n|turn|2\n|\n|t:|1681967540\n|detailschange|p1b: Doll-Pugno|Palafin-Hero, L50, F, shiny\n|switch|p1b: Farter Man|Flutter Mane, L50, shiny|100\/100\n|move|p1a: Puff Puff|Rage Powder|p1a: Puff Puff\n|-singleturn|p1a: Puff Puff|move: Rage Powder\n|move|p2a: Maushold|Taunt|p1a: Puff Puff\n|-start|p1a: Puff Puff|move: Taunt\n|move|p2b: Annihilape|Rage Fist|p1a: Puff Puff\n|-damage|p1a: Puff Puff|0 fnt\n|faint|p1a: Puff Puff\n|\n|-heal|p2b: Annihilape|100\/100|[from] item: Leftovers\n|upkeep\n|\n|t:|1681967552\n|switch|p1a: Doll-Pugno|Palafin-Hero, L50, F, shiny|100\/100\n|-activate|p1a: Doll-Pugno|ability: Zero to Hero\n|turn|3\n|\n|t:|1681967563\n|-terastallize|p1a: Doll-Pugno|Water\n|-terastallize|p2b: Annihilape|Fire\n|move|p2a: Maushold|Follow Me|p2a: Maushold\n|-singleturn|p2a: Maushold|move: Follow Me\n|move|p1a: Doll-Pugno|Jet Punch|p2a: Maushold\n|-damage|p2a: Maushold|0 fnt\n|faint|p2a: Maushold\n|move|p1b: Farter Man|Shadow Ball|p2b: Annihilape\n|-damage|p2b: Annihilape|45\/100\n|move|p2b: Annihilape|Rage Fist|p1a: Doll-Pugno\n|-damage|p1a: Doll-Pugno|0 fnt\n|faint|p1a: Doll-Pugno\n|\n|-heal|p2b: Annihilape|51\/100|[from] item: Leftovers\n|upkeep\n|\n|t:|1681967579\n|switch|p2a: Arcanine|Arcanine, L50, M|100\/100\n|-ability|p2a: Arcanine|Intimidate|boost\n|-unboost|p1b: Farter Man|atk|1\n|turn|4\n|inactive|Sumo'sWeenusVGC has 30 seconds left.\n|\n|t:|1681967604\n|move|p1b: Farter Man|Shadow Ball|p2b: Annihilape\n|-damage|p2b: Annihilape|0 fnt\n|faint|p2b: Annihilape\n|move|p2a: Arcanine|Flare Blitz|p1b: Farter Man\n|-damage|p1b: Farter Man|25\/100\n|-damage|p2a: Arcanine|81\/100|[from] Recoil\n|\n|upkeep\n|\n|t:|1681967610\n|switch|p2b: Iron Bundle|Iron Bundle, L50|100\/100\n|turn|5\n|\n|t:|1681967614\n|move|p2b: Iron Bundle|Freeze-Dry|p1b: Farter Man\n|-damage|p1b: Farter Man|0 fnt\n|faint|p1b: Farter Man\n|-end|p1b: Farter Man|Protosynthesis|[silent]\n|\n|win|Sondowner\n|raw|Sumo'sWeenusVGC's rating: 1235 → 1206<\/strong> (-29 for losing)\n|raw|Sondowner's rating: 1173 → 1202<\/strong> (+29 for winning)\n","uploadtime":1681967624,"views":6,"p1id":"sumosweenusvgc","p2id":"sondowner","formatid":"gen9vgc2023regulationc","rating":1202,"private":0,"password":""}