{"id":"gen9vgc2023regulationc-1844842132","p1":"minepearl","p2":"palabax101","format":"[Gen 9] VGC 2023 Regulation C","log":"|j|\u2606minepearl\n|j|\u2606palabax101\n|t:|1681655334\n|gametype|doubles\n|player|p1|minepearl|cynthia-gen4|\n|player|p2|palabax101|265|\n|teamsize|p1|6\n|teamsize|p2|6\n|gen|9\n|tier|[Gen 9] VGC 2023 Regulation C\n|rule|Species Clause: Limit one of each Pok\u00e9mon\n|rule|Item Clause: Limit one of each item\n|clearpoke\n|poke|p1|Flutter Mane, L50|\n|poke|p1|Dondozo, L50, F|\n|poke|p1|Tatsugiri-Droopy, L50, M|\n|poke|p1|Dragonite, L50, M|\n|poke|p1|Chien-Pao, L50|\n|poke|p1|Tinkaton, L50, F|\n|poke|p2|Lilligant, L50, F|\n|poke|p2|Torkoal, L50, F|\n|poke|p2|Flutter Mane, L50|\n|poke|p2|Great Tusk, L50|\n|poke|p2|Chien-Pao, L50|\n|poke|p2|Dragonite, L50, M|\n|teampreview|4\n|c|\u2606minepearl|2\n|inactive|Battle timer is ON: inactive players will automatically lose when time's up. (requested by minepearl)\n|inactive|minepearl has 60 seconds left.\n|\n|t:|1681655592\n|start\n|switch|p1a: Dragonite|Dragonite, L50, M|100\/100\n|switch|p1b: Tinkaton|Tinkaton, L50, F|100\/100\n|switch|p2a: Princess Pea|Lilligant, L50, F, shiny|100\/100\n|switch|p2b: Primal Groundon|Torkoal, L50, F, shiny|100\/100\n|-ability|p1b: Tinkaton|Mold Breaker\n|-weather|SunnyDay|[from] ability: Drought|[of] p2b: Primal Groundon\n|turn|1\n|\n|t:|1681655602\n|move|p2a: Princess Pea|Protect|p2a: Princess Pea\n|-singleturn|p2a: Princess Pea|Protect\n|move|p2b: Primal Groundon|Protect|p2b: Primal Groundon\n|-singleturn|p2b: Primal Groundon|Protect\n|move|p1b: Tinkaton|Skill Swap|p2a: Princess Pea\n|-activate|p2a: Princess Pea|move: Protect\n|move|p1a: Dragonite|Fly||[still]\n|-prepare|p1a: Dragonite|Fly\n|\n|-weather|SunnyDay|[upkeep]\n|upkeep\n|turn|2\n|\n|t:|1681655617\n|move|p1b: Tinkaton|Helping Hand|p1a: Dragonite\n|-singleturn|p1a: Dragonite|Helping Hand|[of] p1b: Tinkaton\n|move|p2a: Princess Pea|Sleep Powder|p1b: Tinkaton\n|-status|p1b: Tinkaton|slp|[from] move: Sleep Powder\n|move|p1a: Dragonite|Fly|p2a: Princess Pea|[from]lockedmove\n|-supereffective|p2a: Princess Pea\n|-crit|p2a: Princess Pea\n|-damage|p2a: Princess Pea|0 fnt\n|faint|p2a: Princess Pea\n|move|p2b: Primal Groundon|Eruption|p1a: Dragonite|[spread] p1a,p1b\n|-resisted|p1a: Dragonite\n|-supereffective|p1b: Tinkaton\n|-damage|p1a: Dragonite|63\/100\n|-damage|p1b: Tinkaton|0 fnt\n|faint|p1b: Tinkaton\n|\n|-weather|SunnyDay|[upkeep]\n|upkeep\n|\n|t:|1681655635\n|switch|p2a: Raven|Flutter Mane, L50, shiny|100\/100\n|switch|p1b: Tatsugiri|Tatsugiri-Droopy, L50, M, shiny|100\/100\n|-activate|p2a: Raven|ability: Protosynthesis\n|-start|p2a: Raven|protosynthesisspa\n|turn|3\n|\n|t:|1681655651\n|-terastallize|p2a: Raven|Fairy\n|move|p1b: Tatsugiri|Icy Wind|p2b: Primal Groundon|[spread] p2a,p2b\n|-resisted|p2b: Primal Groundon\n|-damage|p2a: Raven|87\/100\n|-damage|p2b: Primal Groundon|92\/100\n|-unboost|p2a: Raven|spe|1\n|-unboost|p2b: Primal Groundon|spe|1\n|move|p2a: Raven|Dazzling Gleam|p1a: Dragonite|[spread] p1a,p1b\n|-supereffective|p1a: Dragonite\n|-supereffective|p1b: Tatsugiri\n|-damage|p1a: Dragonite|0 fnt\n|-damage|p1b: Tatsugiri|0 fnt\n|faint|p1a: Dragonite\n|faint|p1b: Tatsugiri\n|move|p2b: Primal Groundon|Earth Power|p1: Dragonite|[notarget]\n|-fail|p2b: Primal Groundon\n|\n|-weather|SunnyDay|[upkeep]\n|upkeep\n|\n|t:|1681655659\n|switch|p1b: Dondozo|Dondozo, L50, F|100\/100\n|turn|4\n|\n|t:|1681655664\n|switch|p2b: Daddy Tusk|Great Tusk, L50, shiny|100\/100\n|-activate|p2b: Daddy Tusk|ability: Protosynthesis\n|-start|p2b: Daddy Tusk|protosynthesisatk\n|move|p1b: Dondozo|Protect|p1b: Dondozo\n|-singleturn|p1b: Dondozo|Protect\n|move|p2a: Raven|Dazzling Gleam|p1b: Dondozo\n|-activate|p1b: Dondozo|move: Protect\n|\n|-weather|SunnyDay|[upkeep]\n|upkeep\n|turn|5\n|\n|t:|1681655680\n|move|p2b: Daddy Tusk|Headlong Rush|p1b: Dondozo\n|-damage|p1b: Dondozo|42\/100\n|-unboost|p2b: Daddy Tusk|def|1\n|-unboost|p2b: Daddy Tusk|spd|1\n|move|p2a: Raven|Dazzling Gleam|p1b: Dondozo\n|-damage|p1b: Dondozo|0 fnt\n|faint|p1b: Dondozo\n|\n|win|palabax101\n|c|\u2606palabax101|Gg\n|c|\u2606minepearl|\u314e\u314e\n|c|\u2606minepearl|gg\n|c|\u2606minepearl|\uc218\uace0\ud558\uc168\uc5b4\uc694\n|c|\u2606palabax101|\ub2e4\ub978 \ud300\uc774\ub791\ub3c4 \uc5f0\uc2b5 \uc6d0\ud558\uc2dc\uba74\n|l|\u2606minepearl\n|c|\u2606palabax101|\ub2e4\ub978 \ud300 \uc368\ubcfc\uae4c\uc694?\n","uploadtime":1681655720,"views":13,"p1id":"minepearl","p2id":"palabax101","formatid":"gen9vgc2023regulationc","rating":0,"private":0,"password":""}