{"id":"gen9vgc2023regulationc-1847157976","p1":"xingtian666","p2":"Auror66","format":"[Gen 9] VGC 2023 Regulation C","log":"|j|\u2606xingtian666\n|j|\u2606Auror66\n|t:|1681923820\n|gametype|doubles\n|player|p1|xingtian666|266|1558\n|player|p2|Auror66|alder|1552\n|teamsize|p1|6\n|teamsize|p2|6\n|gen|9\n|tier|[Gen 9] VGC 2023 Regulation C\n|rated|\n|rule|Species Clause: Limit one of each Pok\u00e9mon\n|rule|Item Clause: Limit one of each item\n|clearpoke\n|poke|p1|Ting-Lu, L50|\n|poke|p1|Amoonguss, L50, M|\n|poke|p1|Abomasnow, L50, M|\n|poke|p1|Iron Bundle, L50|\n|poke|p1|Baxcalibur, L50, M|\n|poke|p1|Gyarados, L50, F|\n|poke|p2|Oranguru, L50, M|\n|poke|p2|Hariyama, L50, M|\n|poke|p2|Torkoal, L50, F|\n|poke|p2|Iron Hands, L50|\n|poke|p2|Indeedee-F, L50, F|\n|poke|p2|Chien-Pao, L50|\n|teampreview|4\n|inactive|Battle timer is ON: inactive players will automatically lose when time's up. (requested by xingtian666)\n|inactive|xingtian666 has 60 seconds left.\n|\n|t:|1681923862\n|start\n|switch|p1a: Ting-Lu|Ting-Lu, L50|100\/100\n|switch|p1b: Abomasnow|Abomasnow, L50, M, shiny|100\/100\n|switch|p2a: Oranguru|Oranguru, L50, M|100\/100\n|switch|p2b: Iron Hands|Iron Hands, L50|100\/100\n|-weather|Snow|[from] ability: Snow Warning|[of] p1b: Abomasnow\n|-ability|p1a: Ting-Lu|Vessel of Ruin\n|turn|1\n|inactive|xingtian666 has 30 seconds left.\n|inactive|Auror66 has 30 seconds left.\n|inactive|xingtian666 has 20 seconds left.\n|inactive|Auror66 has 20 seconds left.\n|inactive|xingtian666 has 15 seconds left.\n|inactive|xingtian666 has 10 seconds left.\n|\n|t:|1681923910\n|-end|p2b: Iron Hands|Quark Drive|[silent]\n|switch|p2b: Torkoal|Torkoal, L50, F|100\/100\n|-weather|SunnyDay|[from] ability: Drought|[of] p2b: Torkoal\n|move|p1b: Abomasnow|Energy Ball|p2b: Torkoal\n|-resisted|p2b: Torkoal\n|-damage|p2b: Torkoal|85\/100\n|move|p1a: Ting-Lu|Stomping Tantrum|p2b: Torkoal\n|-supereffective|p2b: Torkoal\n|-damage|p2b: Torkoal|32\/100\n|move|p2a: Oranguru|Trick Room|p2a: Oranguru\n|-fieldstart|move: Trick Room|[of] p2a: Oranguru\n|\n|-weather|SunnyDay|[upkeep]\n|upkeep\n|turn|2\n|inactive|xingtian666 has 30 seconds left.\n|inactive|Auror66 has 30 seconds left.\n|\n|t:|1681923944\n|move|p1a: Ting-Lu|Protect|p1a: Ting-Lu\n|-singleturn|p1a: Ting-Lu|Protect\n|move|p2b: Torkoal|Yawn|p1a: Ting-Lu\n|-activate|p1a: Ting-Lu|move: Protect\n|move|p2a: Oranguru|Instruct|p1a: Ting-Lu\n|-activate|p1a: Ting-Lu|move: Protect\n|move|p1b: Abomasnow|Blizzard|p2b: Torkoal|[spread] p2b\n|-miss|p1b: Abomasnow|p2a: Oranguru\n|-resisted|p2b: Torkoal\n|-damage|p2b: Torkoal|17\/100\n|\n|-weather|SunnyDay|[upkeep]\n|upkeep\n|turn|3\n|inactive|xingtian666 has 30 seconds left.\n|\n|t:|1681923978\n|move|p2b: Torkoal|Flamethrower|p1b: Abomasnow\n|-supereffective|p1b: Abomasnow\n|-damage|p1b: Abomasnow|0 fnt\n|faint|p1b: Abomasnow\n|move|p1a: Ting-Lu|Fissure|p2a: Oranguru|[miss]\n|-miss|p1a: Ting-Lu|p2a: Oranguru\n|move|p2a: Oranguru|Encore|p1a: Ting-Lu\n|-start|p1a: Ting-Lu|Encore\n|\n|-weather|SunnyDay|[upkeep]\n|upkeep\n|\n|t:|1681923986\n|switch|p1b: Amoonguss|Amoonguss, L50, M, shiny|100\/100\n|turn|4\n|\n|t:|1681923998\n|-terastallize|p1b: Amoonguss|Water\n|move|p2b: Torkoal|Yawn|p1b: Amoonguss\n|-start|p1b: Amoonguss|move: Yawn|[of] p2b: Torkoal\n|move|p1b: Amoonguss|Spore|p2b: Torkoal\n|-status|p2b: Torkoal|slp|[from] move: Spore\n|move|p1a: Ting-Lu|Fissure|p2a: Oranguru|[miss]\n|-miss|p1a: Ting-Lu|p2a: Oranguru\n|move|p2a: Oranguru|Instruct|p2b: Torkoal\n|-singleturn|p2b: Torkoal|move: Instruct|[of] p2a: Oranguru\n|cant|p2b: Torkoal|slp\n|\n|-weather|SunnyDay|[upkeep]\n|upkeep\n|turn|5\n|\n|t:|1681924015\n|switch|p1b: Baxcalibur|Baxcalibur, L50, M, shiny|100\/100\n|-curestatus|p2b: Torkoal|slp|[msg]\n|move|p2b: Torkoal|Heat Wave|p1a: Ting-Lu|[spread] p1a,p1b\n|-damage|p1a: Ting-Lu|72\/100\n|-damage|p1b: Baxcalibur|55\/100\n|-ability|p1b: Baxcalibur|Thermal Exchange|boost\n|-boost|p1b: Baxcalibur|atk|1\n|move|p1a: Ting-Lu|Fissure|p2a: Oranguru\n|-damage|p2a: Oranguru|0 fnt\n|faint|p2a: Oranguru\n|-ohko\n|\n|-weather|none\n|-fieldend|move: Trick Room\n|upkeep\n|\n|t:|1681924035\n|switch|p2a: Iron Hands|Iron Hands, L50|100\/100\n|turn|6\n|\n|t:|1681924054\n|-terastallize|p2a: Iron Hands|Fire\n|move|p1b: Baxcalibur|Protect|p1b: Baxcalibur\n|-singleturn|p1b: Baxcalibur|Protect\n|move|p1a: Ting-Lu|Fissure|p2a: Iron Hands\n|-damage|p2a: Iron Hands|0 fnt\n|faint|p2a: Iron Hands\n|-end|p2a: Iron Hands|Quark Drive|[silent]\n|-ohko\n|move|p2b: Torkoal|Yawn|p1b: Baxcalibur\n|-activate|p1b: Baxcalibur|move: Protect\n|\n|-end|p1a: Ting-Lu|Encore\n|upkeep\n|\n|t:|1681924064\n|switch|p2a: Indeedee|Indeedee-F, L50, F|100\/100\n|-fieldstart|move: Psychic Terrain|[from] ability: Psychic Surge|[of] p2a: Indeedee\n|turn|7\n|\n|t:|1681924075\n|move|p2a: Indeedee|Follow Me|p2a: Indeedee\n|-singleturn|p2a: Indeedee|move: Follow Me\n|move|p1b: Baxcalibur|Icicle Spear|p2a: Indeedee\n|-crit|p2a: Indeedee\n|-damage|p2a: Indeedee|58\/100\n|-damage|p2a: Indeedee|30\/100\n|-damage|p2a: Indeedee|3\/100\n|-damage|p2a: Indeedee|0 fnt\n|faint|p2a: Indeedee\n|-hitcount|p2: Indeedee|4\n|move|p1a: Ting-Lu|Fissure|p2b: Torkoal|[miss]\n|-miss|p1a: Ting-Lu|p2b: Torkoal\n|move|p2b: Torkoal|Flamethrower|p1b: Baxcalibur\n|-damage|p1b: Baxcalibur|19\/100\n|-ability|p1b: Baxcalibur|Thermal Exchange|boost\n|-boost|p1b: Baxcalibur|atk|1\n|\n|upkeep\n|turn|8\n|-message|Auror66 forfeited.\n|\n|win|xingtian666\n|raw|xingtian666's rating: 1558 → 1578<\/strong> (+20 for winning)\n|raw|Auror66's rating: 1552 → 1532<\/strong> (-20 for losing)\n|l|\u2606Auror66\n|l|\u2606xingtian666\n|j|\u2606xingtian666\n|player|p1|xingtian666|266\n|l|\u2606xingtian666\n|player|p1|\n|j|\u2606xingtian666\n|player|p1|xingtian666|266\n","uploadtime":1681924219,"views":12,"p1id":"xingtian666","p2id":"auror66","formatid":"gen9vgc2023regulationc","rating":1532,"private":0,"password":""}