{"id":"gen9vgc2023regulationc-1847041238","p1":"pecorinoroma","p2":"Planthony","format":"[Gen 9] VGC 2023 Regulation C","log":"|j|\u2606pecorinoroma\n|j|\u2606Planthony\n|t:|1681914132\n|gametype|doubles\n|player|p1|pecorinoroma|wattson|1355\n|player|p2|Planthony|169|1329\n|teamsize|p1|6\n|teamsize|p2|6\n|gen|9\n|tier|[Gen 9] VGC 2023 Regulation C\n|rated|\n|rule|Species Clause: Limit one of each Pok\u00e9mon\n|rule|Item Clause: Limit one of each item\n|clearpoke\n|poke|p1|Flutter Mane, L50|\n|poke|p1|Great Tusk, L50|\n|poke|p1|Talonflame, L50, M|\n|poke|p1|Rotom-Wash, L50|\n|poke|p1|Indeedee-F, L50, F|\n|poke|p1|Armarouge, L50, M|\n|poke|p2|Glimmora, L50, F|\n|poke|p2|Iron Bundle, L50|\n|poke|p2|Dondozo, L50, F|\n|poke|p2|Dragonite, L50, F|\n|poke|p2|Tatsugiri, L50, F|\n|poke|p2|Chi-Yu, L50|\n|teampreview|4\n|\n|t:|1681914178\n|start\n|switch|p1a: Talonflame|Talonflame, L50, M|100\/100\n|switch|p1b: Flutter Mane|Flutter Mane, L50|100\/100\n|switch|p2a: Tatsugiri|Tatsugiri, L50, F|100\/100\n|switch|p2b: Dragonite|Dragonite, L50, F|100\/100\n|turn|1\n|inactive|Battle timer is ON: inactive players will automatically lose when time's up. (requested by pecorinoroma)\n|\n|t:|1681914195\n|-terastallize|p2a: Tatsugiri|Steel\n|move|p2b: Dragonite|Extreme Speed|p1a: Talonflame\n|-damage|p1a: Talonflame|62\/100\n|move|p2a: Tatsugiri|Muddy Water|p1a: Talonflame|[spread] p1a,p1b\n|-supereffective|p1a: Talonflame\n|-damage|p1a: Talonflame|0 fnt\n|-damage|p1b: Flutter Mane|63\/100\n|faint|p1a: Talonflame\n|move|p1b: Flutter Mane|Dazzling Gleam|p2a: Tatsugiri|[spread] p2a,p2b\n|-resisted|p2a: Tatsugiri\n|-supereffective|p2b: Dragonite\n|-damage|p2a: Tatsugiri|67\/100\n|-damage|p2b: Dragonite|50\/100\n|\n|upkeep\n|\n|t:|1681914208\n|switch|p1a: Great Tusk|Great Tusk, L50|100\/100\n|turn|2\n|\n|t:|1681914229\n|move|p2b: Dragonite|Extreme Speed|p1a: Great Tusk\n|-damage|p1a: Great Tusk|64\/100\n|move|p2a: Tatsugiri|Muddy Water|p1b: Flutter Mane|[spread] p1a,p1b\n|-supereffective|p1a: Great Tusk\n|-damage|p1a: Great Tusk|0 fnt\n|-damage|p1b: Flutter Mane|30\/100\n|-unboost|p1b: Flutter Mane|accuracy|1\n|faint|p1a: Great Tusk\n|-end|p1a: Great Tusk|Protosynthesis|[silent]\n|move|p1b: Flutter Mane|Dazzling Gleam|p2b: Dragonite|[spread] p2b\n|-miss|p1b: Flutter Mane|p2a: Tatsugiri\n|-supereffective|p2b: Dragonite\n|-damage|p2b: Dragonite|0 fnt\n|faint|p2b: Dragonite\n|\n|upkeep\n|\n|t:|1681914242\n|switch|p1a: Rotom|Rotom-Wash, L50|100\/100\n|switch|p2b: Dondozo|Dondozo, L50, F|100\/100\n|-activate|p2a: Tatsugiri|ability: Commander|[of] p2b: Dondozo\n|-boost|p2b: Dondozo|atk|2\n|-boost|p2b: Dondozo|spa|2\n|-boost|p2b: Dondozo|spe|2\n|-boost|p2b: Dondozo|def|2\n|-boost|p2b: Dondozo|spd|2\n|turn|3\n|\n|t:|1681914254\n|move|p1b: Flutter Mane|Dazzling Gleam|p2a: Tatsugiri|[spread] p2b\n|-miss|p1b: Flutter Mane|p2a: Tatsugiri\n|-damage|p2b: Dondozo|77\/100\n|move|p2b: Dondozo|Earthquake|p1b: Flutter Mane|[spread] p1b\n|-miss|p2b: Dondozo|p2a: Tatsugiri\n|-immune|p1a: Rotom|[from] ability: Levitate\n|-damage|p1b: Flutter Mane|0 fnt\n|faint|p1b: Flutter Mane\n|-end|p1b: Flutter Mane|Protosynthesis|[silent]\n|move|p1a: Rotom|Thunderbolt|p2b: Dondozo\n|-supereffective|p2b: Dondozo\n|-damage|p2b: Dondozo|42\/100\n|\n|-heal|p2b: Dondozo|48\/100|[from] item: Leftovers\n|upkeep\n|turn|4\n|\n|t:|1681914268\n|move|p2b: Dondozo|Protect|p2b: Dondozo\n|-singleturn|p2b: Dondozo|Protect\n|move|p1a: Rotom|Thunderbolt|p2b: Dondozo\n|-activate|p2b: Dondozo|move: Protect\n|\n|-heal|p2b: Dondozo|54\/100|[from] item: Leftovers\n|upkeep\n|turn|5\n|\n|t:|1681914276\n|move|p2b: Dondozo|Wave Crash|p1a: Rotom\n|-resisted|p1a: Rotom\n|-damage|p1a: Rotom|36\/100\n|-damage|p2b: Dondozo|43\/100|[from] Recoil\n|move|p1a: Rotom|Thunderbolt|p2b: Dondozo\n|-supereffective|p2b: Dondozo\n|-crit|p2b: Dondozo\n|-damage|p2b: Dondozo|0 fnt\n|faint|p2b: Dondozo\n|\n|-heal|p1a: Rotom|42\/100|[from] item: Leftovers\n|upkeep\n|\n|t:|1681914284\n|switch|p2b: Iron Bundle|Iron Bundle, L50|100\/100\n|-enditem|p2b: Iron Bundle|Booster Energy\n|-activate|p2b: Iron Bundle|ability: Quark Drive|[fromitem]\n|-start|p2b: Iron Bundle|quarkdrivespe\n|turn|6\n|\n|t:|1681914297\n|-terastallize|p1a: Rotom|Fire\n|move|p2b: Iron Bundle|Freeze-Dry|p1a: Rotom\n|-resisted|p1a: Rotom\n|-damage|p1a: Rotom|18\/100\n|move|p2a: Tatsugiri|Muddy Water|p1a: Rotom\n|-supereffective|p1a: Rotom\n|-damage|p1a: Rotom|0 fnt\n|faint|p1a: Rotom\n|\n|win|Planthony\n|raw|pecorinoroma's rating: 1355 → 1334<\/strong> (-21 for losing)\n|raw|Planthony's rating: 1329 → 1350<\/strong> (+21 for winning)\n","uploadtime":1681914307,"views":3,"p1id":"pecorinoroma","p2id":"planthony","formatid":"gen9vgc2023regulationc","rating":1334,"private":0,"password":""}