{"id":"gen9vgc2023regulationc-1846229196","p1":"babiwi bewey\u2714\ufe0f","p2":"esotilin123456","format":"[Gen 9] VGC 2023 Regulation C","log":"|j|\u2606babiwi bewey\u2714\ufe0f\n|j|\u2606esotilin123456\n|t:|1681823499\n|gametype|doubles\n|player|p1|babiwi bewey\u2714\ufe0f|elesa-masters|\n|player|p2|esotilin123456|hilbert-wonderlauncher|\n|teamsize|p1|6\n|teamsize|p2|6\n|gen|9\n|tier|[Gen 9] VGC 2023 Regulation C\n|rated|Tournament battle\n|rule|Species Clause: Limit one of each Pok\u00e9mon\n|rule|Item Clause: Limit one of each item\n|clearpoke\n|poke|p1|Flutter Mane, L50|\n|poke|p1|Kingambit, L50, F|\n|poke|p1|Brute Bonnet, L50|\n|poke|p1|Volcarona, L50, F|\n|poke|p1|Iron Bundle, L50|\n|poke|p1|Farigiraf, L50, M|\n|poke|p2|Arcanine, L50, M|\n|poke|p2|Gastrodon, L50, F|\n|poke|p2|Rotom-Mow, L50|\n|poke|p2|Tyranitar, L50, M|\n|poke|p2|Corviknight, L50, F|\n|poke|p2|Salamence, L50, F|\n|teampreview|4\n|raw| Open Team Sheet for babiwi bewey\u2714\ufe0f<\/summary>Flutter Mane @ Life Orb Ability: Protosynthesis Level: 50 Tera Type: Fairy - Dazzling Gleam - Moonblast - Shadow Ball - Protect Kingambit @ Assault Vest Ability: Defiant Level: 50 Tera Type: Flying - Kowtow Cleave - Sucker Punch - Iron Head - Tera Blast Brute Bonnet @ Loaded Dice Ability: Protosynthesis Level: 50 Tera Type: Fire - Bullet Seed - Protect - Spore - Sucker Punch Volcarona @ Sitrus Berry Ability: Flame Body Level: 50 Tera Type: Water - Struggle Bug - Rage Powder - Overheat - Protect Iron Bundle @ Booster Energy Ability: Quark Drive Level: 50 Tera Type: Ghost - Icy Wind - Protect - Hydro Pump - Freeze-Dry Farigiraf @ Throat Spray Ability: Armor Tail Level: 50 Tera Type: Normal - Protect - Hyper Voice - Psychic - Trick Room <\/details><\/div> Open Team Sheet for esotilin123456<\/summary>good boi (Arcanine) (M) @ Assault Vest Ability: Intimidate Level: 50 Tera Type: Normal - Flare Blitz - Extreme Speed - Snarl - Close Combat GROHAHSHSHSH (Gastrodon) (F) @ Leftovers Ability: Storm Drain Level: 50 Tera Type: Fire - Protect - Yawn - Ice Beam - Earth Power IRON MUGULIS (Rotom-Mow) @ Life Orb Ability: Levitate Level: 50 Tera Type: Electric - Protect - Will-O-Wisp - Thunderbolt - Leaf Storm Great Tyrant (Tyranitar) (M) @ Chople Berry Ability: Sand Stream Level: 50 Shiny: Yes Tera Type: Rock - Protect - Rock Slide - Crunch - Ice Punch IRON BIRD (Corviknight) @ Aguav Berry Ability: Mirror Armor Level: 50 Tera Type: Dragon - Protect - Bulk Up - Brave Bird - Roost THE LIZARD (Salamence) @ Scope Lens Ability: Intimidate Level: 50 Tera Type: Fire - Protect - Focus Energy - Draco Meteor - Flamethrower <\/details><\/div>\n|c|\u2606esotilin123456|glhf\n|j| PerroDog\n|j| currymuncherbeta1\n|c|\u2606babiwi bewey\u2714\ufe0f|no u\n|j| Mafumafusimp\n|j| Brand0n_0\n|j| FunneeMonkee\n|\n|t:|1681823593\n|start\n|switch|p1a: Kingambit|Kingambit, L50, F|100\/100\n|switch|p1b: Iron Bundle|Iron Bundle, L50|100\/100\n|switch|p2a: IRON MUGULIS|Rotom-Mow, L50|100\/100\n|switch|p2b: Great Tyrant|Tyranitar, L50, M, shiny|100\/100\n|-weather|Sandstorm|[from] ability: Sand Stream|[of] p2b: Great Tyrant\n|-enditem|p1b: Iron Bundle|Booster Energy\n|-activate|p1b: Iron Bundle|ability: Quark Drive|[fromitem]\n|-start|p1b: Iron Bundle|quarkdrivespe\n|turn|1\n|\n|t:|1681823608\n|-terastallize|p2b: Great Tyrant|Rock\n|move|p1b: Iron Bundle|Freeze-Dry|p2a: IRON MUGULIS\n|-supereffective|p2a: IRON MUGULIS\n|-damage|p2a: IRON MUGULIS|27\/100\n|move|p2a: IRON MUGULIS|Will-O-Wisp|p1a: Kingambit\n|-status|p1a: Kingambit|brn\n|move|p2b: Great Tyrant|Rock Slide|p1b: Iron Bundle|[spread] p1a,p1b\n|-resisted|p1a: Kingambit\n|-supereffective|p1b: Iron Bundle\n|-damage|p1a: Kingambit|85\/100 brn\n|-damage|p1b: Iron Bundle|0 fnt\n|faint|p1b: Iron Bundle\n|-end|p1b: Iron Bundle|Quark Drive|[silent]\n|move|p1a: Kingambit|Iron Head|p2b: Great Tyrant\n|-supereffective|p2b: Great Tyrant\n|-damage|p2b: Great Tyrant|61\/100\n|\n|-weather|Sandstorm|[upkeep]\n|-damage|p2a: IRON MUGULIS|21\/100|[from] Sandstorm\n|-damage|p1a: Kingambit|79\/100 brn|[from] brn\n|upkeep\n|\n|t:|1681823617\n|switch|p1b: Brute Bonnet|Brute Bonnet, L50|100\/100\n|turn|2\n|\n|t:|1681823634\n|move|p2b: Great Tyrant|Protect|p2b: Great Tyrant\n|-singleturn|p2b: Great Tyrant|Protect\n|move|p1b: Brute Bonnet|Protect|p1b: Brute Bonnet\n|-singleturn|p1b: Brute Bonnet|Protect\n|move|p2a: IRON MUGULIS|Will-O-Wisp|p1b: Brute Bonnet\n|-activate|p1b: Brute Bonnet|move: Protect\n|move|p1a: Kingambit|Kowtow Cleave|p2a: IRON MUGULIS\n|-damage|p2a: IRON MUGULIS|0 fnt\n|faint|p2a: IRON MUGULIS\n|\n|-weather|Sandstorm|[upkeep]\n|-damage|p1b: Brute Bonnet|95\/100|[from] Sandstorm\n|-damage|p1a: Kingambit|73\/100 brn|[from] brn\n|upkeep\n|\n|t:|1681823640\n|switch|p2a: IRON BIRD|Corviknight, L50, F|100\/100\n|turn|3\n|j| StarX99\n|\n|t:|1681823658\n|-terastallize|p1b: Brute Bonnet|Fire\n|move|p1b: Brute Bonnet|Sucker Punch|p2b: Great Tyrant\n|-crit|p2b: Great Tyrant\n|-damage|p2b: Great Tyrant|8\/100\n|move|p1a: Kingambit|Sucker Punch|p2b: Great Tyrant\n|-damage|p2b: Great Tyrant|0 fnt\n|faint|p2b: Great Tyrant\n|move|p2a: IRON BIRD|Brave Bird|p1b: Brute Bonnet\n|-damage|p1b: Brute Bonnet|52\/100\n|-damage|p2a: IRON BIRD|84\/100|[from] Recoil\n|\n|-weather|Sandstorm|[upkeep]\n|-damage|p1b: Brute Bonnet|46\/100|[from] Sandstorm\n|-damage|p1a: Kingambit|68\/100 brn|[from] brn\n|upkeep\n|\n|t:|1681823669\n|switch|p2b: good boi|Arcanine, L50, M|100\/100\n|-ability|p2b: good boi|Intimidate|boost\n|-unboost|p1a: Kingambit|atk|1\n|-ability|p1a: Kingambit|Defiant|boost\n|-boost|p1a: Kingambit|atk|2\n|-unboost|p1b: Brute Bonnet|atk|1\n|turn|4\n|\n|t:|1681823683\n|move|p1b: Brute Bonnet|Protect|p1b: Brute Bonnet\n|-singleturn|p1b: Brute Bonnet|Protect\n|move|p1a: Kingambit|Sucker Punch|p2b: good boi\n|-damage|p2b: good boi|68\/100\n|move|p2b: good boi|Flare Blitz|p1a: Kingambit\n|-supereffective|p1a: Kingambit\n|-damage|p1a: Kingambit|0 fnt\n|faint|p1a: Kingambit\n|-damage|p2b: good boi|43\/100|[from] Recoil\n|move|p2a: IRON BIRD|Brave Bird|p1b: Brute Bonnet\n|-activate|p1b: Brute Bonnet|move: Protect\n|\n|-weather|Sandstorm|[upkeep]\n|-damage|p2b: good boi|36\/100|[from] Sandstorm\n|-damage|p1b: Brute Bonnet|40\/100|[from] Sandstorm\n|upkeep\n|\n|t:|1681823687\n|switch|p1a: Flutter Mane|Flutter Mane, L50|100\/100\n|turn|5\n|j|%Therazer456\n|\n|t:|1681823708\n|move|p2b: good boi|Extreme Speed|p1b: Brute Bonnet\n|-damage|p1b: Brute Bonnet|17\/100\n|move|p1b: Brute Bonnet|Sucker Punch||[still]\n|-fail|p1b: Brute Bonnet\n|move|p1a: Flutter Mane|Shadow Ball|p2a: IRON BIRD\n|-damage|p2a: IRON BIRD|30\/100\n|-damage|p1a: Flutter Mane|90\/100|[from] item: Life Orb\n|move|p2a: IRON BIRD|Brave Bird|p1b: Brute Bonnet\n|-damage|p1b: Brute Bonnet|0 fnt\n|faint|p1b: Brute Bonnet\n|-end|p1b: Brute Bonnet|Protosynthesis|[silent]\n|-damage|p2a: IRON BIRD|23\/100|[from] Recoil\n|-enditem|p2a: IRON BIRD|Aguav Berry|[eat]\n|-heal|p2a: IRON BIRD|57\/100|[from] item: Aguav Berry\n|\n|-weather|none\n|upkeep\n|turn|6\n|j| The2009Zapdos\n|\n|t:|1681823721\n|move|p1a: Flutter Mane|Shadow Ball|p2b: good boi\n|-damage|p2b: good boi|0 fnt\n|faint|p2b: good boi\n|-damage|p1a: Flutter Mane|80\/100|[from] item: Life Orb\n|move|p2a: IRON BIRD|Brave Bird|p1a: Flutter Mane\n|-damage|p1a: Flutter Mane|0 fnt\n|faint|p1a: Flutter Mane\n|-end|p1a: Flutter Mane|Protosynthesis|[silent]\n|-damage|p2a: IRON BIRD|39\/100|[from] Recoil\n|\n|win|esotilin123456\n|n|\u2606babiwi bewey\u2714\ufe0f|babiwibewey\n|n|\u2606esotilin123456|esotilin123456\n|n| PerroDog|perrodog\n|n| currymuncherbeta1|currymuncherbeta1\n|n| Mafumafusimp|mafumafusimp\n|n| Brand0n_0|brand0n0\n|n| FunneeMonkee|funneemonkee\n|n| StarX99|starx99\n|n| Therazer456|therazer456\n|n| The2009Zapdos|the2009zapdos\n|c|\u2606esotilin123456|gg\n|l| Mafumafusimp\n|l| currymuncherbeta1\n|l|\u2606babiwi bewey\u2714\ufe0f\n|l| Therazer456\n|l| StarX99\n|l| PerroDog\n|l| The2009Zapdos\n|j| volcaronavgc\n|l| volcaronavgc\n","uploadtime":1681823722,"views":6,"p1id":"babiwibewey","p2id":"esotilin123456","formatid":"gen9vgc2023regulationc","rating":0,"private":0,"password":""}