{"id":"gen9vgc2023regulationc-1860853628","p1":"GB Seraphix","p2":"THEHEDWIG","format":"[Gen 9] VGC 2023 Regulation C","log":"|j|\u2606GB Seraphix\n|j|\u2606THEHEDWIG\n|t:|1683686029\n|gametype|doubles\n|player|p1|GB Seraphix|rosa|1168\n|player|p2|THEHEDWIG|170|1112\n|teamsize|p1|6\n|teamsize|p2|6\n|gen|9\n|tier|[Gen 9] VGC 2023 Regulation C\n|rated|\n|rule|Species Clause: Limit one of each Pok\u00e9mon\n|rule|Item Clause: Limit one of each item\n|clearpoke\n|poke|p1|Wo-Chien, L50|\n|poke|p1|Glimmora, L50, M|\n|poke|p1|Azumarill, L50, F|\n|poke|p1|Maushold, L50|\n|poke|p1|Annihilape, L50, M|\n|poke|p1|Hydreigon, L50, M|\n|poke|p2|Lilligant, L50, F|\n|poke|p2|Torkoal, L50, F|\n|poke|p2|Great Tusk, L50|\n|poke|p2|Iron Bundle, L50|\n|poke|p2|Murkrow, L50, M|\n|poke|p2|Cyclizar, L50, F|\n|teampreview|4\n|\n|t:|1683686083\n|start\n|switch|p1a: Wo-Chien|Wo-Chien, L50|100\/100\n|switch|p1b: Glimmora|Glimmora, L50, M|100\/100\n|switch|p2a: Murkrow|Murkrow, L50, M|100\/100\n|switch|p2b: Cyclizar|Cyclizar, L50, F|100\/100\n|-ability|p1a: Wo-Chien|Tablets of Ruin\n|turn|1\n|\n|t:|1683686107\n|move|p2a: Murkrow|Tailwind|p2a: Murkrow\n|-sidestart|p2: THEHEDWIG|move: Tailwind\n|move|p2b: Cyclizar|Shed Tail|p2b: Cyclizar\n|-start|p2b: Cyclizar|Substitute|[from] move: Shed Tail\n|-damage|p2b: Cyclizar|50\/100\n|-enditem|p2b: Cyclizar|Sitrus Berry|[eat]\n|-heal|p2b: Cyclizar|75\/100|[from] item: Sitrus Berry\n|\n|t:|1683686114\n|switch|p2b: Torkoal|Torkoal, L50, F|100\/100|[from] Shed Tail\n|-weather|SunnyDay|[from] ability: Drought|[of] p2b: Torkoal\n|move|p1b: Glimmora|Mortal Spin|p2a: Murkrow|[spread] p2a,p2b\n|-activate|p2b: Torkoal|move: Substitute|[damage]\n|-damage|p2a: Murkrow|95\/100\n|-status|p2a: Murkrow|psn\n|move|p1a: Wo-Chien|Leech Seed|p2b: Torkoal|[miss]\n|-miss|p1a: Wo-Chien|p2b: Torkoal\n|\n|-weather|SunnyDay|[upkeep]\n|-damage|p2a: Murkrow|83\/100 psn|[from] psn\n|upkeep\n|turn|2\n|\n|t:|1683686140\n|switch|p2a: Lilligant|Lilligant, L50, F, shiny|100\/100\n|switch|p1a: Azumarill|Azumarill, L50, F|100\/100\n|-terastallize|p2b: Torkoal|Fire\n|move|p1b: Glimmora|Power Gem|p2b: Torkoal\n|-supereffective|p2b: Torkoal\n|-end|p2b: Torkoal|Substitute\n|move|p2b: Torkoal|Eruption|p1a: Azumarill|[spread] p1a,p1b\n|-resisted|p1a: Azumarill\n|-resisted|p1b: Glimmora\n|-damage|p1a: Azumarill|33\/100\n|-damage|p1b: Glimmora|49\/100\n|\n|-weather|SunnyDay|[upkeep]\n|upkeep\n|turn|3\n|\n|t:|1683686164\n|move|p1a: Azumarill|Aqua Jet|p2b: Torkoal\n|-supereffective|p2b: Torkoal\n|-damage|p2b: Torkoal|77\/100\n|move|p2a: Lilligant|After You|p2b: Torkoal\n|-activate|p2b: Torkoal|move: After You\n|move|p2b: Torkoal|Eruption|p1b: Glimmora|[spread] p1a,p1b\n|-resisted|p1a: Azumarill\n|-resisted|p1b: Glimmora\n|-crit|p1b: Glimmora\n|-damage|p1a: Azumarill|0 fnt\n|-damage|p1b: Glimmora|0 fnt\n|faint|p1a: Azumarill\n|faint|p1b: Glimmora\n|\n|-weather|SunnyDay|[upkeep]\n|upkeep\n|\n|t:|1683686175\n|switch|p1b: Wo-Chien|Wo-Chien, L50|100\/100\n|switch|p1a: Maushold|Maushold, L50|100\/100\n|-ability|p1b: Wo-Chien|Tablets of Ruin\n|turn|4\n|\n|t:|1683686192\n|-terastallize|p1b: Wo-Chien|Poison\n|move|p2a: Lilligant|After You|p2b: Torkoal\n|-activate|p2b: Torkoal|move: After You\n|move|p2b: Torkoal|Eruption|p1a: Maushold|[spread] p1a,p1b\n|-damage|p1a: Maushold|0 fnt\n|-damage|p1b: Wo-Chien|58\/100\n|faint|p1a: Maushold\n|move|p1b: Wo-Chien|Leech Seed|p2b: Torkoal\n|-start|p2b: Torkoal|move: Leech Seed\n|\n|-weather|SunnyDay|[upkeep]\n|-heal|p1b: Wo-Chien|64\/100|[from] item: Leftovers\n|-damage|p2b: Torkoal|64\/100|[from] Leech Seed|[of] p1b: Wo-Chien\n|-heal|p1b: Wo-Chien|75\/100|[silent]\n|-sideend|p2: THEHEDWIG|move: Tailwind\n|upkeep\n|turn|5\n|\n|t:|1683686227\n|move|p2a: Lilligant|Sleep Powder|p1b: Wo-Chien\n|-status|p1b: Wo-Chien|slp|[from] move: Sleep Powder\n|cant|p1b: Wo-Chien|slp\n|move|p2b: Torkoal|Flamethrower|p1b: Wo-Chien\n|-damage|p1b: Wo-Chien|21\/100 slp\n|\n|-weather|none\n|-heal|p1b: Wo-Chien|28\/100 slp|[from] item: Leftovers\n|-damage|p2b: Torkoal|52\/100|[from] Leech Seed|[of] p1b: Wo-Chien\n|-heal|p1b: Wo-Chien|39\/100 slp|[silent]\n|upkeep\n|turn|6\n|\n|t:|1683686248\n|-curestatus|p1b: Wo-Chien|slp|[msg]\n|move|p1b: Wo-Chien|Protect|p1b: Wo-Chien\n|-singleturn|p1b: Wo-Chien|Protect\n|move|p2a: Lilligant|After You|p2b: Torkoal\n|-activate|p2b: Torkoal|move: After You\n|move|p2b: Torkoal|Flamethrower|p1b: Wo-Chien\n|-activate|p1b: Wo-Chien|move: Protect\n|\n|-heal|p1b: Wo-Chien|45\/100|[from] item: Leftovers\n|-damage|p2b: Torkoal|39\/100|[from] Leech Seed|[of] p1b: Wo-Chien\n|-heal|p1b: Wo-Chien|57\/100|[silent]\n|upkeep\n|turn|7\n|\n|t:|1683686273\n|move|p2a: Lilligant|After You|p2b: Torkoal\n|-activate|p2b: Torkoal|move: After You\n|move|p2b: Torkoal|Earth Power|p1b: Wo-Chien\n|-supereffective|p1b: Wo-Chien\n|-damage|p1b: Wo-Chien|22\/100\n|move|p1b: Wo-Chien|Foul Play|p2b: Torkoal\n|-damage|p2b: Torkoal|19\/100\n|\n|-heal|p1b: Wo-Chien|29\/100|[from] item: Leftovers\n|-damage|p2b: Torkoal|7\/100|[from] Leech Seed|[of] p1b: Wo-Chien\n|-heal|p1b: Wo-Chien|40\/100|[silent]\n|upkeep\n|turn|8\n|\n|t:|1683686287\n|move|p1b: Wo-Chien|Protect|p1b: Wo-Chien\n|-singleturn|p1b: Wo-Chien|Protect\n|move|p2a: Lilligant|After You|p2b: Torkoal\n|-activate|p2b: Torkoal|move: After You\n|move|p2b: Torkoal|Flamethrower|p1b: Wo-Chien\n|-activate|p1b: Wo-Chien|move: Protect\n|\n|-heal|p1b: Wo-Chien|46\/100|[from] item: Leftovers\n|-damage|p2b: Torkoal|0 fnt|[from] Leech Seed|[of] p1b: Wo-Chien\n|-heal|p1b: Wo-Chien|52\/100|[silent]\n|faint|p2b: Torkoal\n|upkeep\n|\n|t:|1683686297\n|switch|p2b: Cyclizar|Cyclizar, L50, F|100\/100\n|turn|9\n|\n|t:|1683686305\n|move|p2b: Cyclizar|Draco Meteor|p1b: Wo-Chien\n|-damage|p1b: Wo-Chien|22\/100\n|-unboost|p2b: Cyclizar|spa|2\n|move|p2a: Lilligant|Sleep Powder|p1b: Wo-Chien|[miss]\n|-miss|p2a: Lilligant|p1b: Wo-Chien\n|move|p1b: Wo-Chien|Leech Seed|p2b: Cyclizar\n|-start|p2b: Cyclizar|move: Leech Seed\n|\n|-heal|p1b: Wo-Chien|28\/100|[from] item: Leftovers\n|-damage|p2b: Cyclizar|88\/100|[from] Leech Seed|[of] p1b: Wo-Chien\n|-heal|p1b: Wo-Chien|37\/100|[silent]\n|upkeep\n|turn|10\n|\n|t:|1683686320\n|move|p1b: Wo-Chien|Protect|p1b: Wo-Chien\n|-singleturn|p1b: Wo-Chien|Protect\n|move|p2b: Cyclizar|Draco Meteor|p1b: Wo-Chien\n|-activate|p1b: Wo-Chien|move: Protect\n|move|p2a: Lilligant|Sleep Powder|p1b: Wo-Chien\n|-activate|p1b: Wo-Chien|move: Protect\n|\n|-heal|p1b: Wo-Chien|44\/100|[from] item: Leftovers\n|-damage|p2b: Cyclizar|76\/100|[from] Leech Seed|[of] p1b: Wo-Chien\n|-heal|p1b: Wo-Chien|53\/100|[silent]\n|upkeep\n|turn|11\n|\n|t:|1683686336\n|switch|p2b: Murkrow|Murkrow, L50, M|83\/100 psn\n|move|p2a: Lilligant|Sleep Powder|p1b: Wo-Chien\n|-status|p1b: Wo-Chien|slp|[from] move: Sleep Powder\n|cant|p1b: Wo-Chien|slp\n|\n|-heal|p1b: Wo-Chien|59\/100 slp|[from] item: Leftovers\n|-damage|p2b: Murkrow|71\/100 psn|[from] psn\n|upkeep\n|turn|12\n|\n|t:|1683686358\n|switch|p2b: Cyclizar|Cyclizar, L50, F|100\/100\n|move|p2a: Lilligant|Sleep Powder|p1b: Wo-Chien\n|-fail|p1b: Wo-Chien|slp\n|cant|p1b: Wo-Chien|slp\n|\n|-heal|p1b: Wo-Chien|66\/100 slp|[from] item: Leftovers\n|upkeep\n|turn|13\n|\n|t:|1683686371\n|-curestatus|p1b: Wo-Chien|slp|[msg]\n|move|p1b: Wo-Chien|Protect|p1b: Wo-Chien\n|-singleturn|p1b: Wo-Chien|Protect\n|move|p2b: Cyclizar|Draco Meteor|p1b: Wo-Chien\n|-activate|p1b: Wo-Chien|move: Protect\n|move|p2a: Lilligant|Sleep Powder|p1b: Wo-Chien\n|-activate|p1b: Wo-Chien|move: Protect\n|\n|-heal|p1b: Wo-Chien|72\/100|[from] item: Leftovers\n|upkeep\n|turn|14\n|\n|t:|1683686384\n|move|p2b: Cyclizar|Draco Meteor|p1b: Wo-Chien\n|-damage|p1b: Wo-Chien|37\/100\n|-unboost|p2b: Cyclizar|spa|2\n|move|p2a: Lilligant|Sleep Powder|p1b: Wo-Chien\n|-status|p1b: Wo-Chien|slp|[from] move: Sleep Powder\n|cant|p1b: Wo-Chien|slp\n|\n|-heal|p1b: Wo-Chien|43\/100 slp|[from] item: Leftovers\n|upkeep\n|turn|15\n|\n|t:|1683686398\n|switch|p2b: Murkrow|Murkrow, L50, M|71\/100 psn\n|move|p2a: Lilligant|Sleep Powder|p1b: Wo-Chien\n|-fail|p1b: Wo-Chien|slp\n|cant|p1b: Wo-Chien|slp\n|\n|-heal|p1b: Wo-Chien|49\/100 slp|[from] item: Leftovers\n|-damage|p2b: Murkrow|59\/100 psn|[from] psn\n|upkeep\n|turn|16\n|\n|t:|1683686419\n|switch|p2b: Cyclizar|Cyclizar, L50, F|100\/100\n|move|p2a: Lilligant|Sleep Powder|p1b: Wo-Chien|[miss]\n|-miss|p2a: Lilligant|p1b: Wo-Chien\n|-curestatus|p1b: Wo-Chien|slp|[msg]\n|move|p1b: Wo-Chien|Leech Seed|p2b: Cyclizar\n|-start|p2b: Cyclizar|move: Leech Seed\n|\n|-heal|p1b: Wo-Chien|56\/100|[from] item: Leftovers\n|-damage|p2b: Cyclizar|88\/100|[from] Leech Seed|[of] p1b: Wo-Chien\n|-heal|p1b: Wo-Chien|65\/100|[silent]\n|upkeep\n|turn|17\n|\n|t:|1683686440\n|move|p1b: Wo-Chien|Protect|p1b: Wo-Chien\n|-singleturn|p1b: Wo-Chien|Protect\n|move|p2b: Cyclizar|Taunt|p1b: Wo-Chien\n|-activate|p1b: Wo-Chien|move: Protect\n|move|p2a: Lilligant|Sleep Powder|p1b: Wo-Chien\n|-activate|p1b: Wo-Chien|move: Protect\n|\n|-heal|p1b: Wo-Chien|71\/100|[from] item: Leftovers\n|-damage|p2b: Cyclizar|76\/100|[from] Leech Seed|[of] p1b: Wo-Chien\n|-heal|p1b: Wo-Chien|81\/100|[silent]\n|upkeep\n|turn|18\n|\n|t:|1683686463\n|move|p2b: Cyclizar|Taunt|p1b: Wo-Chien\n|-start|p1b: Wo-Chien|move: Taunt\n|move|p2a: Lilligant|Sleep Powder|p1b: Wo-Chien\n|-status|p1b: Wo-Chien|slp|[from] move: Sleep Powder\n|cant|p1b: Wo-Chien|slp\n|\n|-heal|p1b: Wo-Chien|87\/100 slp|[from] item: Leftovers\n|-damage|p2b: Cyclizar|64\/100|[from] Leech Seed|[of] p1b: Wo-Chien\n|-heal|p1b: Wo-Chien|96\/100 slp|[silent]\n|upkeep\n|turn|19\n|\n|t:|1683686481\n|move|p2b: Cyclizar|Draco Meteor|p1b: Wo-Chien\n|-damage|p1b: Wo-Chien|65\/100 slp\n|-unboost|p2b: Cyclizar|spa|2\n|move|p2a: Lilligant|Leaf Storm|p1b: Wo-Chien|[miss]\n|-miss|p2a: Lilligant|p1b: Wo-Chien\n|cant|p1b: Wo-Chien|slp\n|\n|-heal|p1b: Wo-Chien|71\/100 slp|[from] item: Leftovers\n|-damage|p2b: Cyclizar|51\/100|[from] Leech Seed|[of] p1b: Wo-Chien\n|-heal|p1b: Wo-Chien|80\/100 slp|[silent]\n|upkeep\n|turn|20\n|\n|t:|1683686495\n|switch|p2b: Murkrow|Murkrow, L50, M|59\/100 psn\n|move|p2a: Lilligant|Leaf Storm|p1b: Wo-Chien\n|-resisted|p1b: Wo-Chien\n|-damage|p1b: Wo-Chien|60\/100 slp\n|-unboost|p2a: Lilligant|spa|2\n|-curestatus|p1b: Wo-Chien|slp|[msg]\n|move|p1b: Wo-Chien|Pollen Puff|p2a: Lilligant\n|-supereffective|p2a: Lilligant\n|-damage|p2a: Lilligant|41\/100\n|\n|-heal|p1b: Wo-Chien|66\/100|[from] item: Leftovers\n|-damage|p2b: Murkrow|47\/100 psn|[from] psn\n|-end|p1b: Wo-Chien|move: Taunt\n|upkeep\n|turn|21\n|\n|t:|1683686521\n|move|p2b: Murkrow|Taunt|p1b: Wo-Chien\n|-start|p1b: Wo-Chien|move: Taunt\n|move|p2a: Lilligant|Sleep Powder|p1b: Wo-Chien\n|-status|p1b: Wo-Chien|slp|[from] move: Sleep Powder\n|cant|p1b: Wo-Chien|slp\n|\n|-heal|p1b: Wo-Chien|72\/100 slp|[from] item: Leftovers\n|-damage|p2b: Murkrow|35\/100 psn|[from] psn\n|upkeep\n|turn|22\n|\n|t:|1683686542\n|switch|p2a: Cyclizar|Cyclizar, L50, F|84\/100\n|move|p2b: Murkrow|Foul Play|p1b: Wo-Chien\n|-damage|p1b: Wo-Chien|58\/100 slp\n|-curestatus|p1b: Wo-Chien|slp|[msg]\n|move|p1b: Wo-Chien|Pollen Puff|p2a: Cyclizar\n|-damage|p2a: Cyclizar|48\/100\n|\n|-heal|p1b: Wo-Chien|65\/100|[from] item: Leftovers\n|-damage|p2b: Murkrow|23\/100 psn|[from] psn\n|upkeep\n|turn|23\n|\n|t:|1683686559\n|move|p2a: Cyclizar|Draco Meteor|p1b: Wo-Chien\n|-damage|p1b: Wo-Chien|33\/100\n|-unboost|p2a: Cyclizar|spa|2\n|move|p2b: Murkrow|Foul Play|p1b: Wo-Chien\n|-damage|p1b: Wo-Chien|21\/100\n|move|p1b: Wo-Chien|Pollen Puff|p2a: Cyclizar\n|-damage|p2a: Cyclizar|16\/100\n|\n|-heal|p1b: Wo-Chien|27\/100|[from] item: Leftovers\n|-damage|p2b: Murkrow|11\/100 psn|[from] psn\n|-end|p1b: Wo-Chien|move: Taunt\n|upkeep\n|turn|24\n|\n|t:|1683686579\n|move|p1b: Wo-Chien|Protect|p1b: Wo-Chien\n|-singleturn|p1b: Wo-Chien|Protect\n|move|p2a: Cyclizar|Taunt|p1b: Wo-Chien\n|-activate|p1b: Wo-Chien|move: Protect\n|move|p2b: Murkrow|Foul Play|p1b: Wo-Chien\n|-activate|p1b: Wo-Chien|move: Protect\n|\n|-heal|p1b: Wo-Chien|33\/100|[from] item: Leftovers\n|-damage|p2b: Murkrow|0 fnt|[from] psn\n|faint|p2b: Murkrow\n|upkeep\n|-message|THEHEDWIG forfeited.\n|\n|win|GB Seraphix\n|raw|GB Seraphix's rating: 1168 → 1189<\/strong> (+21 for winning)\n|raw|THEHEDWIG's rating: 1112 → 1091<\/strong> (-21 for losing)\n|l|\u2606THEHEDWIG\n","uploadtime":1683686599,"views":20,"p1id":"gbseraphix","p2id":"thehedwig","formatid":"gen9vgc2023regulationc","rating":1091,"private":0,"password":""}