{"id":"gen9vgc2023regulationc-1847215898","p1":"jessemonxyj","p2":"2knight","format":"[Gen 9] VGC 2023 Regulation C","log":"|j|\u203djessemonxyj\n|j|\u26062knight\n|t:|1681928515\n|gametype|doubles\n|player|p1|jessemonxyj|gentleman-gen4|1150\n|player|p2|2knight|brock|1138\n|teamsize|p1|6\n|teamsize|p2|6\n|gen|9\n|tier|[Gen 9] VGC 2023 Regulation C\n|rated|\n|rule|Species Clause: Limit one of each Pok\u00e9mon\n|rule|Item Clause: Limit one of each item\n|clearpoke\n|poke|p1|Beartic, L50, F|\n|poke|p1|Crabominable, L50, M|\n|poke|p1|Flamigo, L50, M|\n|poke|p1|Bronzong, L50|\n|poke|p1|Indeedee-F, L50, F|\n|poke|p1|Armarouge, L50, M|\n|poke|p2|Ditto, L50|\n|poke|p2|Iron Bundle, L50|\n|poke|p2|Grimmsnarl, L50, M|\n|poke|p2|Garganacl, L50, M|\n|poke|p2|Armarouge, L50, M|\n|poke|p2|Palafin, L50, M|\n|teampreview|4\n|inactive|Battle timer is ON: inactive players will automatically lose when time's up. (requested by 2knight)\n2knight has agreed to open team sheets.\n|inactive|2knight has 60 seconds left.\njessemonxyj rejected open team sheets.\n|inactive|2knight has 30 seconds left.\n|inactive|2knight has 20 seconds left.\n|\n|t:|1681928588\n|start\n|switch|p1a: Bronzong|Bronzong, L50|100\/100\n|switch|p1b: Beartic|Beartic, L50, F|100\/100\n|switch|p2a: Tumor|Ditto, L50|100\/100\n|switch|p2b: Micheal Jackson|Grimmsnarl, L50, M, shiny|100\/100\n|-transform|p2a: Tumor|p1b: Beartic|[from] ability: Imposter\n|turn|1\n|inactive|2knight has 30 seconds left.\n|\n|t:|1681928617\n|switch|p2a: Armarouge|Armarouge, L50, M|100\/100\n|move|p1b: Beartic|Protect|p1b: Beartic\n|-singleturn|p1b: Beartic|Protect\n|move|p2b: Micheal Jackson|Fake Out|p1a: Bronzong\n|-resisted|p1a: Bronzong\n|-damage|p1a: Bronzong|94\/100\n|cant|p1a: Bronzong|flinch\n|\n|upkeep\n|turn|2\n|\n|t:|1681928642\n|-terastallize|p2a: Armarouge|Ghost\n|move|p1b: Beartic|Aqua Jet|p2a: Armarouge\n|-damage|p2a: Armarouge|86\/100\n|-ability|p2a: Armarouge|Weak Armor|boost\n|-unboost|p2a: Armarouge|def|1\n|-boost|p2a: Armarouge|spe|2\n|move|p2a: Armarouge|Armor Cannon|p1a: Bronzong\n|-supereffective|p1a: Bronzong\n|-damage|p1a: Bronzong|40\/100\n|-unboost|p2a: Armarouge|def|1\n|-unboost|p2a: Armarouge|spd|1\n|move|p2b: Micheal Jackson|False Surrender|p1a: Bronzong\n|-supereffective|p1a: Bronzong\n|-damage|p1a: Bronzong|0 fnt\n|faint|p1a: Bronzong\n|\n|upkeep\n|\n|t:|1681928659\n|switch|p1a: Flamigo|Flamigo, L50, M|100\/100\n|-copyboost|p1a: Flamigo|p1b: Beartic|[from] ability: Costar\n|turn|3\n|inactive|jessemonxyj has 30 seconds left.\n|\n|t:|1681928684\n|move|p2b: Micheal Jackson|Thunder Wave|p1a: Flamigo\n|-status|p1a: Flamigo|par\n|move|p2a: Armarouge|Psychic|p1a: Flamigo\n|-supereffective|p1a: Flamigo\n|-damage|p1a: Flamigo|0 fnt\n|faint|p1a: Flamigo\n|move|p1b: Beartic|Icicle Crash|p2b: Micheal Jackson|[miss]\n|-miss|p1b: Beartic|p2b: Micheal Jackson\n|\n|upkeep\n|\n|t:|1681928694\n|switch|p1a: Crabominable|Crabominable, L50, M|100\/100\n|turn|4\n|\n|t:|1681928714\n|-terastallize|p1a: Crabominable|Ground\n|move|p2a: Armarouge|Protect|p2a: Armarouge\n|-singleturn|p2a: Armarouge|Protect\n|move|p1b: Beartic|Protect|p1b: Beartic\n|-singleturn|p1b: Beartic|Protect\n|move|p2b: Micheal Jackson|Spirit Break|p1a: Crabominable\n|-damage|p1a: Crabominable|53\/100\n|-unboost|p1a: Crabominable|spa|1\n|move|p1a: Crabominable|Earthquake|p2b: Micheal Jackson|[spread] p2b\n|-activate|p1b: Beartic|move: Protect\n|-activate|p2a: Armarouge|move: Protect\n|-damage|p2b: Micheal Jackson|53\/100\n|\n|upkeep\n|turn|5\n|inactive|jessemonxyj has 30 seconds left.\n|\n|t:|1681928740\n|move|p2b: Micheal Jackson|Thunder Wave|p1b: Beartic\n|-status|p1b: Beartic|par\n|move|p1b: Beartic|Aqua Jet|p2b: Micheal Jackson\n|-damage|p2b: Micheal Jackson|40\/100\n|move|p2a: Armarouge|Destiny Bond|p2a: Armarouge\n|-singlemove|p2a: Armarouge|Destiny Bond\n|move|p1a: Crabominable|Earthquake|p2a: Armarouge|[spread] p1b,p2a,p2b\n|-crit|p1b: Beartic\n|-damage|p1b: Beartic|46\/100 par\n|-damage|p2a: Armarouge|0 fnt\n|-damage|p2b: Micheal Jackson|0 fnt\n|faint|p2a: Armarouge\n|-activate|p2a: Armarouge|move: Destiny Bond\n|faint|p2b: Micheal Jackson\n|faint|p1a: Crabominable\n|\n|upkeep\n|\n|t:|1681928753\n|switch|p2a: Tumor|Ditto, L50|100\/100\n|switch|p2b: The Thing|Garganacl, L50, M|100\/100\n|-transform|p2a: Tumor|p1b: Beartic|[from] ability: Imposter\n|turn|6\n|\n|t:|1681928776\n|move|p1b: Beartic|Aqua Jet|p2b: The Thing\n|-supereffective|p2b: The Thing\n|-damage|p2b: The Thing|85\/100\n|move|p2a: Tumor|Frost Breath|p1b: Beartic\n|-resisted|p1b: Beartic\n|-crit|p1b: Beartic\n|-damage|p1b: Beartic|37\/100 par\n|move|p2b: The Thing|Salt Cure|p1b: Beartic\n|-supereffective|p1b: Beartic\n|-damage|p1b: Beartic|15\/100 par\n|-start|p1b: Beartic|Salt Cure\n|\n|-heal|p2b: The Thing|91\/100|[from] item: Leftovers\n|-damage|p1b: Beartic|2\/100 par|[from] Salt Cure\n|upkeep\n|turn|7\n|-message|jessemonxyj forfeited.\n|\n|win|2knight\n|raw|jessemonxyj's rating: 1150 → 1124<\/strong> (-26 for losing)\n|raw|2knight's rating: 1138 → 1164<\/strong> (+26 for winning)\n|l|\u203djessemonxyj\n","uploadtime":1681928785,"views":6,"p1id":"jessemonxyj","p2id":"2knight","formatid":"gen9vgc2023regulationc","rating":1124,"private":0,"password":""}