{"id":"gen9vgc2023regulationc-1850336783","p1":"BlindMagneton","p2":"Meme4thewin","format":"[Gen 9] VGC 2023 Regulation C","log":"|j|\u2606BlindMagneton\n|j|\u2606Meme4thewin\n|t:|1682320482\n|gametype|doubles\n|player|p1|BlindMagneton|wattson|1312\n|player|p2|Meme4thewin|youngster-gen4dp|1375\n|teamsize|p1|6\n|teamsize|p2|6\n|gen|9\n|tier|[Gen 9] VGC 2023 Regulation C\n|rated|\n|rule|Species Clause: Limit one of each Pok\u00e9mon\n|rule|Item Clause: Limit one of each item\n|clearpoke\n|poke|p1|Iron Valiant, L50|\n|poke|p1|Wo-Chien, L50|\n|poke|p1|Maushold, L50|\n|poke|p1|Grimmsnarl, L50, M|\n|poke|p1|Chien-Pao, L50|\n|poke|p1|Dragapult, L50, M|\n|poke|p2|Chi-Yu, L50|\n|poke|p2|Flutter Mane, L50|\n|poke|p2|Gyarados, L50, M|\n|poke|p2|Iron Hands, L50|\n|poke|p2|Kingambit, L50, F|\n|poke|p2|Amoonguss, L50, M|\n|teampreview|4\n|inactive|Battle timer is ON: inactive players will automatically lose when time's up. (requested by Meme4thewin)\n|inactive|BlindMagneton has 60 seconds left.\n|inactive|BlindMagneton has 30 seconds left.\n|\n|t:|1682320623\n|start\n|switch|p1a: Iron Valiant|Iron Valiant, L50|100\/100\n|switch|p1b: Maushold|Maushold, L50|100\/100\n|switch|p2a: Flutter Mane|Flutter Mane, L50|100\/100\n|switch|p2b: Amoonguss|Amoonguss, L50, M|100\/100\n|-enditem|p1a: Iron Valiant|Booster Energy\n|-activate|p1a: Iron Valiant|ability: Quark Drive|[fromitem]\n|-start|p1a: Iron Valiant|quarkdrivespe\n|-enditem|p2a: Flutter Mane|Booster Energy\n|-activate|p2a: Flutter Mane|ability: Protosynthesis|[fromitem]\n|-start|p2a: Flutter Mane|protosynthesisspa\n|turn|1\n|inactive|BlindMagneton has 30 seconds left.\n|\n|t:|1682320652\n|move|p2b: Amoonguss|Rage Powder|p2b: Amoonguss\n|-singleturn|p2b: Amoonguss|move: Rage Powder\n|move|p1a: Iron Valiant|Imprison|p1a: Iron Valiant\n|-start|p1a: Iron Valiant|move: Imprison\n|move|p1b: Maushold|Population Bomb|p2b: Amoonguss\n|-damage|p2b: Amoonguss|92\/100\n|-damage|p1b: Maushold|84\/100|[from] item: Rocky Helmet|[of] p2b: Amoonguss\n|-damage|p2b: Amoonguss|83\/100\n|-damage|p1b: Maushold|68\/100|[from] item: Rocky Helmet|[of] p2b: Amoonguss\n|-damage|p2b: Amoonguss|75\/100\n|-damage|p1b: Maushold|52\/100|[from] item: Rocky Helmet|[of] p2b: Amoonguss\n|-damage|p2b: Amoonguss|66\/100\n|-damage|p1b: Maushold|36\/100|[from] item: Rocky Helmet|[of] p2b: Amoonguss\n|-damage|p2b: Amoonguss|58\/100\n|-damage|p1b: Maushold|20\/100|[from] item: Rocky Helmet|[of] p2b: Amoonguss\n|-damage|p2b: Amoonguss|48\/100\n|-damage|p1b: Maushold|4\/100|[from] item: Rocky Helmet|[of] p2b: Amoonguss\n|-damage|p2b: Amoonguss|40\/100\n|-damage|p1b: Maushold|0 fnt|[from] item: Rocky Helmet|[of] p2b: Amoonguss\n|faint|p1b: Maushold\n|-hitcount|p2b: Amoonguss|7\n|cant|p2a: Flutter Mane|move: Imprison|Dazzling Gleam\n|\n|upkeep\n|inactive|BlindMagneton has 30 seconds left.\n|inactive|BlindMagneton has 20 seconds left.\n|inactive|BlindMagneton has 15 seconds left.\n|inactive|BlindMagneton has 10 seconds left.\n|\n|t:|1682320699\n|switch|p1b: Dragapult|Dragapult, L50, M|100\/100\n|turn|2\n|inactive|BlindMagneton has 30 seconds left.\n|inactive|Meme4thewin has 30 seconds left.\n|inactive|BlindMagneton has 20 seconds left.\n|inactive|Meme4thewin has 20 seconds left.\n|inactive|BlindMagneton has 15 seconds left.\n|inactive|Meme4thewin has 15 seconds left.\n|inactive|Meme4thewin has 10 seconds left.\n|inactive|Meme4thewin has 5 seconds left.\n|\n|t:|1682320749\n|-terastallize|p1b: Dragapult|Fairy\n|move|p2a: Flutter Mane|Protect|p2a: Flutter Mane\n|-singleturn|p2a: Flutter Mane|Protect\n|move|p1a: Iron Valiant|Dazzling Gleam|p2a: Flutter Mane|[spread] p2b\n|-activate|p2a: Flutter Mane|move: Protect\n|-resisted|p2b: Amoonguss\n|-damage|p2b: Amoonguss|28\/100\n|move|p1b: Dragapult|Acrobatics|p2b: Amoonguss\n|-supereffective|p2b: Amoonguss\n|-damage|p2b: Amoonguss|0 fnt\n|-damage|p1b: Dragapult|84\/100|[from] item: Rocky Helmet|[of] p2b: Amoonguss\n|faint|p2b: Amoonguss\n|\n|upkeep\n|inactive|Meme4thewin has 30 seconds left.\n|inactive|Meme4thewin has 20 seconds left.\n|\n|t:|1682320788\n|switch|p2b: Chi-Yu|Chi-Yu, L50|100\/100\n|-ability|p2b: Chi-Yu|Beads of Ruin\n|turn|3\n|inactive|BlindMagneton has 30 seconds left.\n|\n|t:|1682320820\n|move|p1a: Iron Valiant|Drain Punch|p2b: Chi-Yu\n|-supereffective|p2b: Chi-Yu\n|-enditem|p2b: Chi-Yu|Focus Sash\n|-damage|p2b: Chi-Yu|1\/100\n|move|p1b: Dragapult|Phantom Force||[still]\n|-prepare|p1b: Dragapult|Phantom Force\n|move|p2a: Flutter Mane|Shadow Ball|p1a: Iron Valiant\n|-damage|p1a: Iron Valiant|0 fnt\n|faint|p1a: Iron Valiant\n|-end|p1a: Iron Valiant|Quark Drive|[silent]\n|move|p2b: Chi-Yu|Overheat|p1b: Dragapult|[miss]\n|-miss|p2b: Chi-Yu|p1b: Dragapult\n|\n|upkeep\n|\n|t:|1682320831\n|switch|p1a: Grimmsnarl|Grimmsnarl, L50, M|100\/100\n|turn|4\n|\n|t:|1682320846\n|-end|p2a: Flutter Mane|Protosynthesis|[silent]\n|switch|p2a: Gyarados|Gyarados, L50, M|100\/100\n|-ability|p2a: Gyarados|Intimidate|boost\n|-unboost|p1a: Grimmsnarl|atk|1\n|-fail|p1b: Dragapult|unboost|[from] ability: Clear Body|[of] p1b: Dragapult\n|move|p1a: Grimmsnarl|Fake Out|p2b: Chi-Yu\n|-damage|p2b: Chi-Yu|0 fnt\n|faint|p2b: Chi-Yu\n|move|p1b: Dragapult|Phantom Force|p2a: Gyarados|[from]lockedmove\n|-damage|p2a: Gyarados|52\/100\n|\n|upkeep\n|\n|t:|1682320858\n|switch|p2b: Flutter Mane|Flutter Mane, L50|100\/100\n|turn|5\n|inactive|Meme4thewin has 30 seconds left.\n|\n|t:|1682320887\n|move|p1a: Grimmsnarl|Swagger|p2a: Gyarados\n|-boost|p2a: Gyarados|atk|2\n|-enditem|p1b: Dragapult|Mirror Herb\n|-boost|p1b: Dragapult|atk|2|[from] item: Mirror Herb\n|-start|p2a: Gyarados|confusion\n|move|p1b: Dragapult|Phantom Force||[still]\n|-prepare|p1b: Dragapult|Phantom Force\n|move|p2b: Flutter Mane|Moonblast|p1a: Grimmsnarl\n|-supereffective|p1a: Grimmsnarl\n|-enditem|p1a: Grimmsnarl|Focus Sash\n|-damage|p1a: Grimmsnarl|1\/100\n|-activate|p2a: Gyarados|confusion\n|-damage|p2a: Gyarados|28\/100|[from] confusion\n|-enditem|p2a: Gyarados|Sitrus Berry|[eat]\n|-heal|p2a: Gyarados|53\/100|[from] item: Sitrus Berry\n|\n|upkeep\n|turn|6\n|inactive|Meme4thewin has 30 seconds left.\n|\n|t:|1682320914\n|-terastallize|p2b: Flutter Mane|Fairy\n|move|p1a: Grimmsnarl|Thunder Wave|p2a: Gyarados\n|-status|p2a: Gyarados|par\n|move|p1b: Dragapult|Phantom Force|p2b: Flutter Mane|[from]lockedmove\n|-damage|p2b: Flutter Mane|0 fnt\n|faint|p2b: Flutter Mane\n|-end|p2b: Flutter Mane|Protosynthesis|[silent]\n|-activate|p2a: Gyarados|confusion\n|cant|p2a: Gyarados|par\n|\n|upkeep\n|turn|7\n|-message|Meme4thewin forfeited.\n|\n|win|BlindMagneton\n|raw|BlindMagneton's rating: 1312 → 1336<\/strong> (+24 for winning)\n|raw|Meme4thewin's rating: 1375 → 1351<\/strong> (-24 for losing)\n|l|\u2606Meme4thewin\n","uploadtime":1682320945,"views":26,"p1id":"blindmagneton","p2id":"meme4thewin","formatid":"gen9vgc2023regulationc","rating":1336,"private":0,"password":""}