{"id":"gen9vgc2023regulationc-1849352227","p1":"CapnTophat","p2":"Scummy strats","format":"[Gen 9] VGC 2023 Regulation C","log":"|j|\u2606CapnTophat\n|j|\u2606Scummy strats\n|t:|1682188981\n|gametype|doubles\n|player|p1|CapnTophat|cynthia-gen4|1065\n|player|p2|Scummy strats|n|1065\n|teamsize|p1|6\n|teamsize|p2|6\n|gen|9\n|tier|[Gen 9] VGC 2023 Regulation C\n|rated|\n|rule|Species Clause: Limit one of each Pok\u00e9mon\n|rule|Item Clause: Limit one of each item\n|clearpoke\n|poke|p1|Ting-Lu, L50|\n|poke|p1|Flutter Mane, L50|\n|poke|p1|Arcanine, L50, M|\n|poke|p1|Palafin, L50, M|\n|poke|p1|Amoonguss, L50, F|\n|poke|p1|Dragonite, L50, M|\n|poke|p2|Ting-Lu, L50|\n|poke|p2|Annihilape, L50, F|\n|poke|p2|Maushold-Four, L50|\n|poke|p2|Amoonguss, L50, F|\n|poke|p2|Flutter Mane, L50|\n|poke|p2|Dunsparce, L50, F|\n|teampreview|4\n|inactive|Battle timer is ON: inactive players will automatically lose when time's up. (requested by CapnTophat)\nCapnTophat rejected open team sheets.\n|inactive|CapnTophat has 60 seconds left.\n|\n|t:|1682189015\n|start\n|switch|p1a: Amoonguss|Amoonguss, L50, F|100\/100\n|switch|p1b: Palafin|Palafin, L50, M|100\/100\n|switch|p2a: Annihilape|Annihilape, L50, F|100\/100\n|switch|p2b: Maushold|Maushold-Four, L50|100\/100\n|turn|1\n|\n|t:|1682189029\n|detailschange|p1b: Palafin|Palafin-Hero, L50, M\n|switch|p1b: Ting-Lu|Ting-Lu, L50|100\/100\n|-ability|p1b: Ting-Lu|Vessel of Ruin\n|move|p1a: Amoonguss|Rage Powder|p1a: Amoonguss\n|-singleturn|p1a: Amoonguss|move: Rage Powder\n|move|p2b: Maushold|Population Bomb|p1a: Amoonguss\n|-damage|p1a: Amoonguss|97\/100\n|-crit|p1a: Amoonguss\n|-damage|p1a: Amoonguss|91\/100\n|-damage|p1a: Amoonguss|87\/100\n|-damage|p1a: Amoonguss|83\/100\n|-damage|p1a: Amoonguss|79\/100\n|-damage|p1a: Amoonguss|75\/100\n|-damage|p1a: Amoonguss|71\/100\n|-damage|p1a: Amoonguss|67\/100\n|-damage|p1a: Amoonguss|63\/100\n|-damage|p1a: Amoonguss|59\/100\n|-hitcount|p1a: Amoonguss|10\n|move|p2a: Annihilape|Rage Fist|p1a: Amoonguss\n|-damage|p1a: Amoonguss|39\/100\n|\n|upkeep\n|turn|2\n|inactive|Scummy strats has 30 seconds left.\n|\n|t:|1682189063\n|move|p2b: Maushold|Population Bomb|p2a: Annihilape\n|-crit|p2a: Annihilape\n|-damage|p2a: Annihilape|95\/100\n|-damage|p2a: Annihilape|91\/100\n|-damage|p2a: Annihilape|87\/100\n|-damage|p2a: Annihilape|83\/100\n|-damage|p2a: Annihilape|79\/100\n|-damage|p2a: Annihilape|75\/100\n|-damage|p2a: Annihilape|71\/100\n|-damage|p2a: Annihilape|67\/100\n|-damage|p2a: Annihilape|63\/100\n|-damage|p2a: Annihilape|59\/100\n|-hitcount|p2a: Annihilape|10\n|move|p2a: Annihilape|Rage Fist|p1a: Amoonguss\n|-damage|p1a: Amoonguss|0 fnt\n|faint|p1a: Amoonguss\n|move|p1b: Ting-Lu|Fissure|p2a: Annihilape|[miss]\n|-miss|p1b: Ting-Lu|p2a: Annihilape\n|\n|upkeep\n|\n|t:|1682189087\n|switch|p1a: Flutter Mane|Flutter Mane, L50|100\/100\n|-enditem|p1a: Flutter Mane|Booster Energy\n|-activate|p1a: Flutter Mane|ability: Protosynthesis|[fromitem]\n|-start|p1a: Flutter Mane|protosynthesisspe\n|turn|3\n|inactive|CapnTophat has 30 seconds left.\n|\n|t:|1682189118\n|move|p1a: Flutter Mane|Protect|p1a: Flutter Mane\n|-singleturn|p1a: Flutter Mane|Protect\n|move|p2b: Maushold|Follow Me|p2b: Maushold\n|-singleturn|p2b: Maushold|move: Follow Me\n|move|p2a: Annihilape|Rage Fist|p1a: Flutter Mane\n|-activate|p1a: Flutter Mane|move: Protect\n|move|p1b: Ting-Lu|Stomping Tantrum|p2b: Maushold\n|-damage|p2b: Maushold|5\/100\n|\n|upkeep\n|turn|4\n|\n|t:|1682189135\n|move|p2b: Maushold|Follow Me|p2b: Maushold\n|-singleturn|p2b: Maushold|move: Follow Me\n|move|p1a: Flutter Mane|Substitute|p1a: Flutter Mane\n|-start|p1a: Flutter Mane|Substitute\n|-damage|p1a: Flutter Mane|76\/100\n|move|p2a: Annihilape|Rage Fist|p1a: Flutter Mane\n|-supereffective|p1a: Flutter Mane\n|-end|p1a: Flutter Mane|Substitute\n|move|p1b: Ting-Lu|Stomping Tantrum|p2b: Maushold\n|-damage|p2b: Maushold|0 fnt\n|faint|p2b: Maushold\n|\n|upkeep\n|\n|t:|1682189145\n|switch|p2b: Amoonguss|Amoonguss, L50, F|100\/100\n|turn|5\n|inactive|Scummy strats has 30 seconds left.\n|c|\u2606CapnTophat|I\u2019m just gonna say it\n|\n|t:|1682189178\n|move|p1a: Flutter Mane|Protect|p1a: Flutter Mane\n|-singleturn|p1a: Flutter Mane|Protect\n|move|p2b: Amoonguss|Rage Powder|p2b: Amoonguss\n|-singleturn|p2b: Amoonguss|move: Rage Powder\n|move|p2a: Annihilape|Rage Fist|p1a: Flutter Mane\n|-activate|p1a: Flutter Mane|move: Protect\n|move|p1b: Ting-Lu|Fissure|p2b: Amoonguss|[miss]\n|-miss|p1b: Ting-Lu|p2b: Amoonguss\n|\n|upkeep\n|turn|6\n|c|\u2606CapnTophat|How did population bomb hit the ape\n|c|\u2606Scummy strats|Ring target\n|inactive|CapnTophat has 30 seconds left.\n|\n|t:|1682189204\n|move|p1a: Flutter Mane|Substitute|p1a: Flutter Mane\n|-start|p1a: Flutter Mane|Substitute\n|-damage|p1a: Flutter Mane|51\/100\n|move|p2a: Annihilape|Rage Fist|p1b: Ting-Lu\n|-resisted|p1b: Ting-Lu\n|-damage|p1b: Ting-Lu|46\/100\n|move|p1b: Ting-Lu|Fissure|p2a: Annihilape|[miss]\n|-miss|p1b: Ting-Lu|p2a: Annihilape\n|move|p2b: Amoonguss|Pollen Puff|p2a: Annihilape\n|-heal|p2a: Annihilape|100\/100\n|\n|upkeep\n|turn|7\n|c|\u2606CapnTophat|Ahh\n|\n|t:|1682189224\n|move|p2b: Amoonguss|Rage Powder|p2b: Amoonguss\n|-singleturn|p2b: Amoonguss|move: Rage Powder\n|move|p1a: Flutter Mane|Shadow Ball|p2b: Amoonguss\n|-damage|p2b: Amoonguss|72\/100\n|-unboost|p2b: Amoonguss|spd|1\n|move|p2a: Annihilape|Rage Fist|p1b: Ting-Lu\n|-resisted|p1b: Ting-Lu\n|-damage|p1b: Ting-Lu|0 fnt\n|faint|p1b: Ting-Lu\n|\n|upkeep\n|\n|t:|1682189232\n|switch|p1b: Palafin|Palafin-Hero, L50, M|100\/100\n|-activate|p1b: Palafin|ability: Zero to Hero\n|turn|8\n|inactive|Scummy strats has 30 seconds left.\n|\n|t:|1682189262\n|move|p1b: Palafin|Protect|p1b: Palafin\n|-singleturn|p1b: Palafin|Protect\n|move|p2b: Amoonguss|Rage Powder|p2b: Amoonguss\n|-singleturn|p2b: Amoonguss|move: Rage Powder\n|move|p1a: Flutter Mane|Shadow Ball|p2b: Amoonguss\n|-damage|p2b: Amoonguss|15\/100\n|move|p2a: Annihilape|Rage Fist|p1b: Palafin\n|-activate|p1b: Palafin|move: Protect\n|\n|upkeep\n|turn|9\n|inactive|Scummy strats has 30 seconds left.\n|\n|t:|1682189287\n|-terastallize|p1a: Flutter Mane|Fairy\n|move|p2b: Amoonguss|Rage Powder|p2b: Amoonguss\n|-singleturn|p2b: Amoonguss|move: Rage Powder\n|move|p1b: Palafin|Jet Punch|p2b: Amoonguss\n|-resisted|p2b: Amoonguss\n|-damage|p2b: Amoonguss|0 fnt\n|-status|p1b: Palafin|slp|[from] ability: Effect Spore|[of] p2b: Amoonguss\n|faint|p2b: Amoonguss\n|move|p1a: Flutter Mane|Moonblast|p2a: Annihilape\n|-supereffective|p2a: Annihilape\n|-damage|p2a: Annihilape|0 fnt\n|faint|p2a: Annihilape\n|\n|upkeep\n|\n|t:|1682189299\n|switch|p2a: Ting-Lu|Ting-Lu, L50|100\/100\n|-ability|p2a: Ting-Lu|Vessel of Ruin\n|turn|10\n|\n|t:|1682189315\n|-terastallize|p2a: Ting-Lu|Grass\n|move|p1a: Flutter Mane|Moonblast|p2a: Ting-Lu\n|-damage|p2a: Ting-Lu|82\/100\n|cant|p1b: Palafin|slp\n|move|p2a: Ting-Lu|Heavy Slam|p1a: Flutter Mane\n|-supereffective|p1a: Flutter Mane\n|-end|p1a: Flutter Mane|Substitute\n|\n|upkeep\n|turn|11\n|\n|t:|1682189327\n|move|p1a: Flutter Mane|Protect|p1a: Flutter Mane\n|-singleturn|p1a: Flutter Mane|Protect\n|cant|p1b: Palafin|slp\n|move|p2a: Ting-Lu|Heavy Slam|p1a: Flutter Mane\n|-activate|p1a: Flutter Mane|move: Protect\n|\n|upkeep\n|turn|12\n|\n|t:|1682189339\n|move|p1a: Flutter Mane|Substitute|p1a: Flutter Mane\n|-start|p1a: Flutter Mane|Substitute\n|-damage|p1a: Flutter Mane|27\/100\n|-curestatus|p1b: Palafin|slp|[msg]\n|move|p1b: Palafin|Wave Crash|p2a: Ting-Lu\n|-resisted|p2a: Ting-Lu\n|-damage|p2a: Ting-Lu|54\/100\n|-damage|p1b: Palafin|88\/100|[from] Recoil\n|move|p2a: Ting-Lu|Fissure|p1b: Palafin|[miss]\n|-miss|p2a: Ting-Lu|p1b: Palafin\n|\n|upkeep\n|turn|13\n|\n|t:|1682189352\n|move|p1a: Flutter Mane|Moonblast|p2a: Ting-Lu\n|-damage|p2a: Ting-Lu|34\/100\n|move|p1b: Palafin|Wave Crash|p2a: Ting-Lu\n|-resisted|p2a: Ting-Lu\n|-damage|p2a: Ting-Lu|9\/100\n|-damage|p1b: Palafin|78\/100|[from] Recoil\n|move|p2a: Ting-Lu|Fissure|p1b: Palafin|[miss]\n|-miss|p2a: Ting-Lu|p1b: Palafin\n|\n|upkeep\n|turn|14\n|c|\u2606CapnTophat|gg\n|c|\u2606Scummy strats|Gg\n|\n|t:|1682189371\n|move|p1a: Flutter Mane|Protect|p1a: Flutter Mane\n|-singleturn|p1a: Flutter Mane|Protect\n|move|p1b: Palafin|Jet Punch|p2a: Ting-Lu\n|-resisted|p2a: Ting-Lu\n|-damage|p2a: Ting-Lu|0 fnt\n|faint|p2a: Ting-Lu\n|\n|win|CapnTophat\n|raw|CapnTophat's rating: 1065 → 1095<\/strong> (+30 for winning)\n|raw|Scummy strats's rating: 1065 → 1045<\/strong> (-20 for losing)\n|l|\u2606Scummy strats\n","uploadtime":1682189381,"views":9,"p1id":"capntophat","p2id":"scummystrats","formatid":"gen9vgc2023regulationc","rating":1045,"private":0,"password":""}