{"id":"gen9vgc2023regulationc-1845958535","p1":"Someguy459","p2":"NisshokuDrawZ","format":"[Gen 9] VGC 2023 Regulation C","log":"|j|\u2606Someguy459\n|j|\u2606NisshokuDrawZ\n|t:|1681783916\n|gametype|doubles\n|player|p1|Someguy459|winona|1200\n|player|p2|NisshokuDrawZ|cynthia|1213\n|teamsize|p1|6\n|teamsize|p2|6\n|gen|9\n|tier|[Gen 9] VGC 2023 Regulation C\n|rated|\n|rule|Species Clause: Limit one of each Pok\u00e9mon\n|rule|Item Clause: Limit one of each item\n|clearpoke\n|poke|p1|Iron Bundle, L50|\n|poke|p1|Corviknight, L50, M|\n|poke|p1|Arcanine, L50, M|\n|poke|p1|Ting-Lu, L50|\n|poke|p1|Flutter Mane, L50|\n|poke|p1|Dragonite, L50, M|\n|poke|p2|Ting-Lu, L50|\n|poke|p2|Dragonite, L50, F|\n|poke|p2|Amoonguss, L50, F|\n|poke|p2|Palafin, L50, M|\n|poke|p2|Flutter Mane, L50|\n|poke|p2|Chi-Yu, L50|\n|teampreview|4\n|inactive|Battle timer is ON: inactive players will automatically lose when time's up. (requested by NisshokuDrawZ)\nNisshokuDrawZ rejected open team sheets.\n|inactive|Someguy459 has 60 seconds left.\n|inactive|NisshokuDrawZ has 60 seconds left.\n|c|\u2606Someguy459|glhf\n|inactive|NisshokuDrawZ has 30 seconds left.\n|\n|t:|1681783983\n|start\n|switch|p1a: Arcanine|Arcanine, L50, M|100\/100\n|switch|p1b: Iron Bundle|Iron Bundle, L50|100\/100\n|switch|p2a: Dragonite|Dragonite, L50, F|100\/100\n|switch|p2b: Amoonguss|Amoonguss, L50, F|100\/100\n|-ability|p1a: Arcanine|Intimidate|boost\n|-unboost|p2a: Dragonite|atk|1\n|-unboost|p2b: Amoonguss|atk|1\n|turn|1\n|c|\u2606NisshokuDrawZ|glhf\n|inactive|NisshokuDrawZ has 30 seconds left.\n|inactive|NisshokuDrawZ has 20 seconds left.\n|inactive|NisshokuDrawZ has 15 seconds left.\n|\n|t:|1681784024\n|-terastallize|p2a: Dragonite|Normal\n|move|p2a: Dragonite|Extreme Speed|p1b: Iron Bundle\n|-damage|p1b: Iron Bundle|56\/100\n|move|p2b: Amoonguss|Rage Powder|p2b: Amoonguss\n|-singleturn|p2b: Amoonguss|move: Rage Powder\n|move|p1b: Iron Bundle|Icy Wind|p2b: Amoonguss|[spread] p2a,p2b\n|-supereffective|p2b: Amoonguss\n|-damage|p2a: Dragonite|91\/100\n|-damage|p2b: Amoonguss|78\/100\n|-unboost|p2a: Dragonite|spe|1\n|-unboost|p2b: Amoonguss|spe|1\n|move|p1a: Arcanine|Will-O-Wisp|p2a: Dragonite\n|-status|p2a: Dragonite|brn\n|\n|-heal|p2b: Amoonguss|84\/100|[from] item: Black Sludge\n|-damage|p2a: Dragonite|85\/100 brn|[from] brn\n|upkeep\n|turn|2\n|inactive|NisshokuDrawZ has 30 seconds left.\n|\n|t:|1681784052\n|move|p2a: Dragonite|Extreme Speed|p1b: Iron Bundle\n|-damage|p1b: Iron Bundle|33\/100\n|move|p1b: Iron Bundle|Freeze-Dry|p2b: Amoonguss\n|-supereffective|p2b: Amoonguss\n|-damage|p2b: Amoonguss|46\/100\n|move|p1a: Arcanine|Flare Blitz|p2b: Amoonguss\n|-supereffective|p2b: Amoonguss\n|-damage|p2b: Amoonguss|0 fnt\n|faint|p2b: Amoonguss\n|-damage|p1a: Arcanine|84\/100|[from] Recoil\n|\n|-damage|p2a: Dragonite|79\/100 brn|[from] brn\n|upkeep\n|\n|t:|1681784065\n|switch|p2b: Flutter Mane|Flutter Mane, L50|100\/100\n|-enditem|p2b: Flutter Mane|Booster Energy\n|-activate|p2b: Flutter Mane|ability: Protosynthesis|[fromitem]\n|-start|p2b: Flutter Mane|protosynthesisspa\n|turn|3\n|\n|t:|1681784086\n|-terastallize|p1b: Iron Bundle|Steel\n|move|p2b: Flutter Mane|Protect|p2b: Flutter Mane\n|-singleturn|p2b: Flutter Mane|Protect\n|move|p2a: Dragonite|Extreme Speed|p1b: Iron Bundle\n|-resisted|p1b: Iron Bundle\n|-damage|p1b: Iron Bundle|23\/100\n|move|p1b: Iron Bundle|Tera Blast|p2b: Flutter Mane\n|-activate|p2b: Flutter Mane|move: Protect\n|move|p1a: Arcanine|Flare Blitz|p2b: Flutter Mane\n|-activate|p2b: Flutter Mane|move: Protect\n|\n|-damage|p2a: Dragonite|73\/100 brn|[from] brn\n|upkeep\n|turn|4\n|inactive|NisshokuDrawZ has 30 seconds left.\n|inactive|Someguy459 has 30 seconds left.\n|\n|t:|1681784121\n|-end|p2b: Flutter Mane|Protosynthesis|[silent]\n|switch|p2b: Chi-Yu|Chi-Yu, L50|100\/100\n|-ability|p2b: Chi-Yu|Beads of Ruin\n|-end|p1b: Iron Bundle|Quark Drive|[silent]\n|switch|p1b: Ting-Lu|Ting-Lu, L50|100\/100\n|-ability|p1b: Ting-Lu|Vessel of Ruin\n|move|p2a: Dragonite|Extreme Speed|p1a: Arcanine\n|-damage|p1a: Arcanine|61\/100\n|move|p1a: Arcanine|Flare Blitz|p2a: Dragonite\n|-damage|p2a: Dragonite|17\/100 brn\n|-damage|p1a: Arcanine|45\/100|[from] Recoil\n|\n|-damage|p2a: Dragonite|11\/100 brn|[from] brn\n|upkeep\n|turn|5\n|inactive|Someguy459 has 30 seconds left.\n|inactive|NisshokuDrawZ has 30 seconds left.\n|\n|t:|1681784149\n|move|p2b: Chi-Yu|Protect|p2b: Chi-Yu\n|-singleturn|p2b: Chi-Yu|Protect\n|move|p2a: Dragonite|Extreme Speed|p1a: Arcanine\n|-damage|p1a: Arcanine|25\/100\n|move|p1a: Arcanine|Flare Blitz|p2a: Dragonite\n|-damage|p2a: Dragonite|0 fnt\n|faint|p2a: Dragonite\n|-damage|p1a: Arcanine|22\/100|[from] Recoil\n|move|p1b: Ting-Lu|Stomping Tantrum|p2b: Chi-Yu\n|-activate|p2b: Chi-Yu|move: Protect\n|\n|upkeep\n|\n|t:|1681784160\n|switch|p2a: Flutter Mane|Flutter Mane, L50|100\/100\n|turn|6\n|\n|t:|1681784169\n|move|p1a: Arcanine|Protect|p1a: Arcanine\n|-singleturn|p1a: Arcanine|Protect\n|move|p2a: Flutter Mane|Moonblast|p1b: Ting-Lu\n|-supereffective|p1b: Ting-Lu\n|-damage|p1b: Ting-Lu|30\/100\n|move|p2b: Chi-Yu|Heat Wave|p1b: Ting-Lu|[spread] p1b\n|-activate|p1a: Arcanine|move: Protect\n|-damage|p1b: Ting-Lu|8\/100\n|move|p1b: Ting-Lu|Heavy Slam|p2a: Flutter Mane\n|-supereffective|p2a: Flutter Mane\n|-damage|p2a: Flutter Mane|0 fnt\n|faint|p2a: Flutter Mane\n|-end|p2a: Flutter Mane|Protosynthesis|[silent]\n|\n|upkeep\n|turn|7\n|-message|NisshokuDrawZ forfeited.\n|\n|win|Someguy459\n|raw|Someguy459's rating: 1200 → 1226<\/strong> (+26 for winning)\n|raw|NisshokuDrawZ's rating: 1213 → 1187<\/strong> (-26 for losing)\n|l|\u2606NisshokuDrawZ\n|c|\u2606Someguy459|gg\n","uploadtime":1681784199,"views":11,"p1id":"someguy459","p2id":"nisshokudrawz","formatid":"gen9vgc2023regulationc","rating":1187,"private":0,"password":""}