{"id":"gen9vgc2023regulationc-1856802266","p1":"Hai8You","p2":"surubinga","format":"[Gen 9] VGC 2023 Regulation C","log":"|j|\u2606Hai8You\n|j|\u2606surubinga\n|t:|1683113553\n|gametype|doubles\n|player|p1|Hai8You|266|1108\n|player|p2|surubinga|2|1042\n|teamsize|p1|6\n|teamsize|p2|6\n|gen|9\n|tier|[Gen 9] VGC 2023 Regulation C\n|rated|\n|rule|Species Clause: Limit one of each Pok\u00e9mon\n|rule|Item Clause: Limit one of each item\n|clearpoke\n|poke|p1|Ampharos, L50, M|\n|poke|p1|Alomomola, L50, F|\n|poke|p1|Blissey, L50, F|\n|poke|p1|Gyarados, L50, M|\n|poke|p1|Sylveon, L50, M|\n|poke|p1|Dragapult, L50, F|\n|poke|p2|Wo-Chien, L50|\n|poke|p2|Flutter Mane, L50|\n|poke|p2|Iron Bundle, L50|\n|poke|p2|Arcanine, L50, M|\n|poke|p2|Alomomola, L50, M|\n|poke|p2|Torkoal, L50, M|\n|teampreview|4\n|inactive|Battle timer is ON: inactive players will automatically lose when time's up. (requested by Hai8You)\nHai8You rejected open team sheets.\n|\n|t:|1683113585\n|start\n|switch|p1a: Fairy|Blissey, L50, F|100\/100\n|switch|p1b: Psycho|Sylveon, L50, M|100\/100\n|switch|p2a: Flutter Mane|Flutter Mane, L50|100\/100\n|switch|p2b: Torkoal|Torkoal, L50, M|100\/100\n|-weather|SunnyDay|[from] ability: Drought|[of] p2b: Torkoal\n|-activate|p2a: Flutter Mane|ability: Protosynthesis\n|-start|p2a: Flutter Mane|protosynthesisspe\n|-item|p2b: Torkoal|Air Balloon\n|turn|1\n|\n|t:|1683113601\n|-terastallize|p2b: Torkoal|Steel\n|move|p1b: Psycho|Protect|p1b: Psycho\n|-singleturn|p1b: Psycho|Protect\n|move|p2a: Flutter Mane|Shadow Ball|p1b: Psycho\n|-activate|p1b: Psycho|move: Protect\n|move|p2b: Torkoal|Tera Blast|p1b: Psycho\n|-activate|p1b: Psycho|move: Protect\n|move|p1a: Fairy|Trick|p2a: Flutter Mane\n|-activate|p1a: Fairy|move: Trick|[of] p2a: Flutter Mane\n|-item|p2a: Flutter Mane|Lagging Tail|[from] move: Trick\n|-item|p1a: Fairy|Life Orb|[from] move: Trick\n|\n|-weather|SunnyDay|[upkeep]\n|upkeep\n|turn|2\n|\n|t:|1683113625\n|switch|p1b: Bow|Alomomola, L50, F|100\/100\n|move|p1a: Fairy|Shadow Ball|p2a: Flutter Mane\n|-supereffective|p2a: Flutter Mane\n|-damage|p2a: Flutter Mane|63\/100\n|-damage|p1a: Fairy|91\/100|[from] item: Life Orb\n|move|p2b: Torkoal|Tera Blast|p1b: Bow\n|-resisted|p1b: Bow\n|-damage|p1b: Bow|81\/100\n|move|p2a: Flutter Mane|Dazzling Gleam|p1a: Fairy|[spread] p1a,p1b\n|-damage|p1a: Fairy|77\/100\n|-damage|p1b: Bow|43\/100\n|\n|-weather|SunnyDay|[upkeep]\n|upkeep\n|turn|3\n|inactive|Hai8You has 30 seconds left.\n|inactive|surubinga has 30 seconds left.\n|inactive|surubinga has 20 seconds left.\n|\n|t:|1683113665\n|-end|p2a: Flutter Mane|Protosynthesis|[silent]\n|switch|p2a: Arcanine|Arcanine, L50, M|100\/100\n|-ability|p2a: Arcanine|Intimidate|boost\n|-unboost|p1a: Fairy|atk|1\n|-unboost|p1b: Bow|atk|1\n|move|p1b: Bow|Chilling Water|p2b: Torkoal\n|-damage|p2b: Torkoal|95\/100\n|-unboost|p2b: Torkoal|atk|1\n|-enditem|p2b: Torkoal|Air Balloon\n|move|p1a: Fairy|Shadow Ball|p2a: Arcanine\n|-damage|p2a: Arcanine|82\/100\n|-damage|p1a: Fairy|67\/100|[from] item: Life Orb\n|move|p2b: Torkoal|Eruption|p1b: Bow|[spread] p1a,p1b\n|-resisted|p1b: Bow\n|-damage|p1a: Fairy|41\/100\n|-damage|p1b: Bow|0 fnt\n|faint|p1b: Bow\n|\n|-weather|SunnyDay|[upkeep]\n|upkeep\n|\n|t:|1683113682\n|switch|p1b: Mau|Gyarados, L50, M|100\/100\n|-ability|p1b: Mau|Intimidate|boost\n|-unboost|p2a: Arcanine|atk|1\n|-unboost|p2b: Torkoal|atk|1\n|turn|4\n|\n|t:|1683113698\n|switch|p2a: Wo-Chien|Wo-Chien, L50|100\/100\n|-ability|p2a: Wo-Chien|Tablets of Ruin\n|move|p1b: Mau|Dragon Dance|p1b: Mau\n|-boost|p1b: Mau|atk|1\n|-boost|p1b: Mau|spe|1\n|move|p1a: Fairy|Soft-Boiled|p1a: Fairy\n|-heal|p1a: Fairy|91\/100\n|move|p2b: Torkoal|Eruption|p1b: Mau|[spread] p1a,p1b\n|-resisted|p1b: Mau\n|-crit|p1b: Mau\n|-damage|p1a: Fairy|66\/100\n|-damage|p1b: Mau|50\/100\n|\n|-weather|SunnyDay|[upkeep]\n|upkeep\n|turn|5\n|inactive|surubinga has 30 seconds left.\n|\n|t:|1683113726\n|move|p1b: Mau|Protect|p1b: Mau\n|-singleturn|p1b: Mau|Protect\n|move|p2a: Wo-Chien|Leech Seed|p1b: Mau\n|-activate|p1b: Mau|move: Protect\n|move|p1a: Fairy|Thunder Wave|p2a: Wo-Chien\n|-status|p2a: Wo-Chien|par\n|move|p2b: Torkoal|Eruption|p1a: Fairy|[spread] p1a\n|-activate|p1b: Mau|move: Protect\n|-damage|p1a: Fairy|42\/100\n|\n|-weather|none\n|upkeep\n|turn|6\n|\n|t:|1683113744\n|switch|p2b: Arcanine|Arcanine, L50, M|82\/100\n|-ability|p2b: Arcanine|Intimidate|boost\n|-unboost|p1a: Fairy|atk|1\n|-unboost|p1b: Mau|atk|1\n|-terastallize|p1b: Mau|Ground\n|move|p1b: Mau|Earthquake|p2a: Wo-Chien|[spread] p1a,p2a,p2b\n|-resisted|p2a: Wo-Chien\n|-supereffective|p2b: Arcanine\n|-damage|p1a: Fairy|17\/100\n|-damage|p2a: Wo-Chien|89\/100 par\n|-damage|p2b: Arcanine|24\/100\n|move|p1a: Fairy|Soft-Boiled|p1a: Fairy\n|-heal|p1a: Fairy|67\/100\n|cant|p2a: Wo-Chien|par\n|\n|upkeep\n|turn|7\n|\n|t:|1683113762\n|move|p1b: Mau|Protect|p1b: Mau\n|-singleturn|p1b: Mau|Protect\n|move|p2b: Arcanine|Protect|p2b: Arcanine\n|-singleturn|p2b: Arcanine|Protect\n|move|p1a: Fairy|Thunder Wave|p2b: Arcanine\n|-activate|p2b: Arcanine|move: Protect\n|move|p2a: Wo-Chien|Leech Seed|p1b: Mau\n|-activate|p1b: Mau|move: Protect\n|\n|upkeep\n|turn|8\n|\n|t:|1683113785\n|move|p2b: Arcanine|Extreme Speed|p1a: Fairy\n|-damage|p1a: Fairy|50\/100\n|move|p1b: Mau|Waterfall|p2b: Arcanine\n|-supereffective|p2b: Arcanine\n|-damage|p2b: Arcanine|0 fnt\n|faint|p2b: Arcanine\n|move|p1a: Fairy|Soft-Boiled|p1a: Fairy\n|-heal|p1a: Fairy|99\/100\n|cant|p2a: Wo-Chien|par\n|\n|upkeep\n|c|\u2606surubinga|wooo\n|\n|t:|1683113797\n|switch|p2b: Torkoal|Torkoal, L50, M, tera:Steel|95\/100\n|-weather|SunnyDay|[from] ability: Drought|[of] p2b: Torkoal\n|turn|9\n|\n|t:|1683113816\n|move|p1b: Mau|Protect|p1b: Mau\n|-singleturn|p1b: Mau|Protect\n|move|p1a: Fairy|Shadow Ball|p2b: Torkoal\n|-damage|p2b: Torkoal|71\/100\n|-damage|p1a: Fairy|90\/100|[from] item: Life Orb\n|cant|p2a: Wo-Chien|par\n|move|p2b: Torkoal|Eruption|p1b: Mau|[spread] p1a\n|-activate|p1b: Mau|move: Protect\n|-damage|p1a: Fairy|72\/100\n|\n|-weather|SunnyDay|[upkeep]\n|upkeep\n|turn|10\n|\n|t:|1683113832\n|move|p1b: Mau|Earthquake|p2a: Wo-Chien|[spread] p1a,p2a,p2b\n|-resisted|p2a: Wo-Chien\n|-supereffective|p2b: Torkoal\n|-damage|p1a: Fairy|49\/100\n|-damage|p2a: Wo-Chien|76\/100 par\n|-damage|p2b: Torkoal|26\/100\n|move|p1a: Fairy|Shadow Ball|p2b: Torkoal\n|-damage|p2b: Torkoal|0 fnt\n|faint|p2b: Torkoal\n|-damage|p1a: Fairy|39\/100|[from] item: Life Orb\n|move|p2a: Wo-Chien|Leech Seed|p1a: Fairy\n|-start|p1a: Fairy|move: Leech Seed\n|\n|-weather|SunnyDay|[upkeep]\n|-damage|p1a: Fairy|26\/100|[from] Leech Seed|[of] p2a: Wo-Chien\n|-heal|p2a: Wo-Chien|100\/100 par|[silent]\n|upkeep\n|\n|t:|1683113845\n|switch|p2b: Flutter Mane|Flutter Mane, L50|63\/100\n|-activate|p2b: Flutter Mane|ability: Protosynthesis\n|-start|p2b: Flutter Mane|protosynthesisspe\n|turn|11\n|c|\u2606Hai8You|yeah!\n|\n|t:|1683113856\n|move|p1b: Mau|Protect|p1b: Mau\n|-singleturn|p1b: Mau|Protect\n|move|p1a: Fairy|Shadow Ball|p2b: Flutter Mane\n|-supereffective|p2b: Flutter Mane\n|-damage|p2b: Flutter Mane|23\/100\n|-damage|p1a: Fairy|17\/100|[from] item: Life Orb\n|move|p2a: Wo-Chien|Substitute|p2a: Wo-Chien\n|-start|p2a: Wo-Chien|Substitute\n|-damage|p2a: Wo-Chien|75\/100 par\n|move|p2b: Flutter Mane|Dazzling Gleam|p1b: Mau|[spread] p1a\n|-activate|p1b: Mau|move: Protect\n|-damage|p1a: Fairy|5\/100\n|\n|-weather|SunnyDay|[upkeep]\n|-damage|p1a: Fairy|0 fnt|[from] Leech Seed|[of] p2a: Wo-Chien\n|-heal|p2a: Wo-Chien|89\/100 par|[silent]\n|faint|p1a: Fairy\n|upkeep\n|\n|t:|1683113865\n|switch|p1a: Psycho|Sylveon, L50, M|100\/100\n|turn|12\n|c|\u2606Hai8You|well, GG\n|\n|t:|1683113882\n|move|p1b: Mau|Waterfall|p2a: Wo-Chien\n|-resisted|p2a: Wo-Chien\n|-activate|p2a: Wo-Chien|move: Substitute|[damage]\n|move|p1a: Psycho|Hyper Voice|p2a: Wo-Chien|[spread] p2a,p2b\n|-supereffective|p2a: Wo-Chien\n|-damage|p2a: Wo-Chien|39\/100 par\n|-damage|p2b: Flutter Mane|0 fnt\n|faint|p2b: Flutter Mane\n|-end|p2b: Flutter Mane|Protosynthesis|[silent]\n|-enditem|p1a: Psycho|Throat Spray\n|-boost|p1a: Psycho|spa|1|[from] item: Throat Spray\n|move|p2a: Wo-Chien|Leech Seed|p1b: Mau|[miss]\n|-miss|p2a: Wo-Chien|p1b: Mau\n|\n|-weather|SunnyDay|[upkeep]\n|upkeep\n|turn|13\n|-message|surubinga forfeited.\n|\n|win|Hai8You\n|raw|Hai8You's rating: 1108 → 1128<\/strong> (+20 for winning)\n|raw|surubinga's rating: 1042 → 1029<\/strong> (-13 for losing)\n|l|\u2606surubinga\n","uploadtime":1683113922,"views":8,"p1id":"hai8you","p2id":"surubinga","formatid":"gen9vgc2023regulationc","rating":1029,"private":0,"password":""}