{"id":"gen9vgc2023regulationc-1850760498","p1":"ScrubShadedPurple","p2":"be13costa","format":"[Gen 9] VGC 2023 Regulation C","log":"|j|\u2606ScrubShadedPurple\n|j|\u2606be13costa\n|t:|1682365372\n|gametype|doubles\n|player|p1|ScrubShadedPurple|265|1199\n|player|p2|be13costa|101|1210\n|teamsize|p1|6\n|teamsize|p2|6\n|gen|9\n|tier|[Gen 9] VGC 2023 Regulation C\n|rated|\n|rule|Species Clause: Limit one of each Pok\u00e9mon\n|rule|Item Clause: Limit one of each item\n|clearpoke\n|poke|p1|Ceruledge, L50, M|\n|poke|p1|Chien-Pao, L50|\n|poke|p1|Amoonguss, L50, M|\n|poke|p1|Corviknight, L50, F|\n|poke|p1|Flutter Mane, L50|\n|poke|p1|Gyarados, L50, F|\n|poke|p2|Flutter Mane, L50|\n|poke|p2|Amoonguss, L50, M|\n|poke|p2|Ting-Lu, L50|\n|poke|p2|Scream Tail, L50|\n|poke|p2|Gothitelle, L50, M|\n|poke|p2|Dondozo, L50, F|\n|teampreview|4\n|inactive|Battle timer is ON: inactive players will automatically lose when time's up. (requested by be13costa)\n|inactive|ScrubShadedPurple also wants the timer to be on.\n|inactive|ScrubShadedPurple has 60 seconds left.\n|inactive|be13costa has 60 seconds left.\n|\n|t:|1682365432\n|start\n|switch|p1a: Ceruledge|Ceruledge, L50, M, shiny|100\/100\n|switch|p1b: Flutter Mane|Flutter Mane, L50|100\/100\n|switch|p2a: Ting-Lu|Ting-Lu, L50|100\/100\n|switch|p2b: Scream Tail|Scream Tail, L50|100\/100\n|-ability|p2a: Ting-Lu|Vessel of Ruin\n|turn|1\n|inactive|ScrubShadedPurple has 30 seconds left.\n|\n|t:|1682365465\n|-end|p1b: Flutter Mane|Protosynthesis|[silent]\n|switch|p1b: Gyarados|Gyarados, L50, F|100\/100\n|-ability|p1b: Gyarados|Intimidate|boost\n|-unboost|p2a: Ting-Lu|atk|1\n|-unboost|p2b: Scream Tail|atk|1\n|move|p2b: Scream Tail|Protect|p2b: Scream Tail\n|-singleturn|p2b: Scream Tail|Protect\n|move|p1a: Ceruledge|Protect|p1a: Ceruledge\n|-singleturn|p1a: Ceruledge|Protect\n|move|p2a: Ting-Lu|Heavy Slam|p1b: Gyarados\n|-resisted|p1b: Gyarados\n|-damage|p1b: Gyarados|95\/100\n|\n|upkeep\n|turn|2\n|inactive|ScrubShadedPurple has 30 seconds left.\n|\n|t:|1682365490\n|switch|p2a: Dondozo|Dondozo, L50, F|100\/100\n|-terastallize|p1a: Ceruledge|Grass\n|move|p2b: Scream Tail|Encore|p1a: Ceruledge\n|-start|p1a: Ceruledge|Encore\n|move|p1b: Gyarados|Thunder Wave|p2b: Scream Tail\n|-status|p2b: Scream Tail|par\n|move|p1a: Ceruledge|Protect||[still]\n|-fail|p1a: Ceruledge\n|\n|upkeep\n|turn|3\n|\n|t:|1682365511\n|switch|p2a: Gothitelle|Gothitelle, L50, M|100\/100\n|move|p1a: Ceruledge|Protect|p1a: Ceruledge\n|-singleturn|p1a: Ceruledge|Protect\n|move|p1b: Gyarados|Thunder Wave|p2a: Gothitelle\n|-status|p2a: Gothitelle|par\n|cant|p2b: Scream Tail|par\n|\n|upkeep\n|turn|4\n|\n|t:|1682365529\n|move|p1a: Ceruledge|Protect||[still]\n|-fail|p1a: Ceruledge\n|move|p2a: Gothitelle|Fake Out|p1b: Gyarados\n|-damage|p1b: Gyarados|88\/100\n|cant|p1b: Gyarados|flinch\n|cant|p2b: Scream Tail|par\n|\n|-end|p1a: Ceruledge|Encore\n|upkeep\n|turn|5\n|\n|t:|1682365547\n|move|p2a: Gothitelle|Protect|p2a: Gothitelle\n|-singleturn|p2a: Gothitelle|Protect\n|move|p1b: Gyarados|Taunt|p2b: Scream Tail\n|-start|p2b: Scream Tail|move: Taunt\n|move|p1a: Ceruledge|Bitter Blade|p2a: Gothitelle\n|-activate|p2a: Gothitelle|move: Protect\n|cant|p2b: Scream Tail|move: Taunt|Perish Song\n|\n|upkeep\n|turn|6\n|\n|t:|1682365565\n|-end|p2b: Scream Tail|Protosynthesis|[silent]\n|switch|p2b: Dondozo|Dondozo, L50, F|100\/100\n|move|p1b: Gyarados|Taunt|p2a: Gothitelle\n|-start|p2a: Gothitelle|move: Taunt\n|move|p1a: Ceruledge|Bulk Up|p1a: Ceruledge\n|-boost|p1a: Ceruledge|atk|1\n|-boost|p1a: Ceruledge|def|1\n|cant|p2a: Gothitelle|move: Taunt|Heal Pulse\n|\n|upkeep\n|turn|7\n|\n|t:|1682365582\n|switch|p2a: Scream Tail|Scream Tail, L50|100\/100 par\n|move|p1b: Gyarados|Thunder Wave|p2b: Dondozo\n|-status|p2b: Dondozo|par\n|move|p1a: Ceruledge|Bitter Blade|p2a: Scream Tail\n|-damage|p2a: Scream Tail|49\/100 par\n|cant|p2b: Dondozo|par\n|\n|upkeep\n|turn|8\n|inactive|ScrubShadedPurple has 30 seconds left.\n|\n|t:|1682365610\n|move|p1b: Gyarados|Taunt|p2a: Scream Tail\n|-start|p2a: Scream Tail|move: Taunt\n|move|p1a: Ceruledge|Bitter Blade|p2b: Dondozo\n|-resisted|p2b: Dondozo\n|-damage|p2b: Dondozo|78\/100 par\n|cant|p2a: Scream Tail|move: Taunt|Perish Song\n|move|p2b: Dondozo|Noble Roar|p1a: Ceruledge\n|-fail|p1a: Ceruledge|unboost|[from] item: Clear Amulet|[of] p1a: Ceruledge\n|\n|-heal|p2b: Dondozo|85\/100 par|[from] item: Leftovers\n|upkeep\n|turn|9\n|-message|be13costa forfeited.\n|\n|win|ScrubShadedPurple\n|raw|ScrubShadedPurple's rating: 1199 → 1225<\/strong> (+26 for winning)\n|raw|be13costa's rating: 1210 → 1184<\/strong> (-26 for losing)\n|l|\u2606be13costa\n","uploadtime":1682365621,"views":12,"p1id":"scrubshadedpurple","p2id":"be13costa","formatid":"gen9vgc2023regulationc","rating":1184,"private":0,"password":""}