{"id":"gen9vgc2023regulationc-1857731459","p1":"Dunnakhiin","p2":"TeamInferno Ted","format":"[Gen 9] VGC 2023 Regulation C","log":"|j|\u2606Dunnakhiin\n|j|\u2606TeamInferno Ted\n|t:|1683226468\n|gametype|doubles\n|player|p1|Dunnakhiin|2|\n|player|p2|TeamInferno Ted|pokemaniac|\n|teamsize|p1|6\n|teamsize|p2|6\n|gen|9\n|tier|[Gen 9] VGC 2023 Regulation C\n|rule|Species Clause: Limit one of each Pok\u00e9mon\n|rule|Item Clause: Limit one of each item\n|clearpoke\n|poke|p1|Gyarados, L50, F|\n|poke|p1|Grumpig, L50, F|\n|poke|p1|Gholdengo, L50|\n|poke|p1|Murkrow, L50, F|\n|poke|p1|Glaceon, L50, M|\n|poke|p1|Zoroark, L50, M|\n|poke|p2|Pelipper, L50, F|\n|poke|p2|Amoonguss, L50, M|\n|poke|p2|Lucario, L50, M|\n|poke|p2|Dragonite, L50, M|\n|poke|p2|Floatzel, L50, F|\n|poke|p2|Blissey, L50, F|\n|teampreview|4\n|c|\u2606Dunnakhiin|GL HF!\n|c|\u2606TeamInferno Ted|u2\n|\n|t:|1683226523\n|start\n|switch|p1a: Gyarados|Gyarados, L50, F|100\/100\n|switch|p1b: Murkrow|Murkrow, L50, F|100\/100\n|switch|p2a: Pelipper|Pelipper, L50, F|100\/100\n|switch|p2b: Lucario|Lucario, L50, M|100\/100\n|-weather|RainDance|[from] ability: Drizzle|[of] p2a: Pelipper\n|turn|1\n|\n|t:|1683226558\n|-terastallize|p2b: Lucario|Fairy\n|move|p1b: Murkrow|Tailwind|p1b: Murkrow\n|-sidestart|p1: Dunnakhiin|move: Tailwind\n|move|p1a: Gyarados|Stone Edge|p2a: Pelipper|[miss]\n|-miss|p1a: Gyarados|p2a: Pelipper\n|move|p2b: Lucario|Agility|p2b: Lucario\n|-boost|p2b: Lucario|spe|2\n|move|p2a: Pelipper|Hurricane|p1a: Gyarados\n|-damage|p1a: Gyarados|61\/100\n|-start|p1a: Gyarados|confusion\n|\n|-weather|RainDance|[upkeep]\n|upkeep\n|turn|2\n|c|\u2606Dunnakhiin|...\n|c|\u2606TeamInferno Ted|well that sucks\n|c|\u2606Dunnakhiin|If that doesnt sum up my luck in this game, i dont know what does LMAO\n|\n|t:|1683226604\n|-activate|p1a: Gyarados|confusion\n|-damage|p1a: Gyarados|42\/100|[from] confusion\n|move|p1b: Murkrow|Thunder Wave|p2b: Lucario\n|-status|p2b: Lucario|par\n|move|p2b: Lucario|Thunder Punch|p1a: Gyarados\n|-supereffective|p1a: Gyarados\n|-damage|p1a: Gyarados|0 fnt\n|faint|p1a: Gyarados\n|-damage|p2b: Lucario|91\/100 par|[from] item: Life Orb\n|move|p2a: Pelipper|Hydro Pump|p1b: Murkrow\n|-damage|p1b: Murkrow|41\/100\n|\n|-weather|RainDance|[upkeep]\n|upkeep\n|\n|t:|1683226619\n|switch|p1a: Glaceon|Glaceon, L50, M|100\/100\n|turn|3\n|\n|t:|1683226634\n|move|p1b: Murkrow|Thunder Wave|p2a: Pelipper\n|-status|p2a: Pelipper|par\n|cant|p2b: Lucario|par\n|move|p1a: Glaceon|Freeze-Dry|p2a: Pelipper\n|-supereffective|p2a: Pelipper\n|-damage|p2a: Pelipper|0 fnt\n|faint|p2a: Pelipper\n|\n|-weather|RainDance|[upkeep]\n|upkeep\n|\n|t:|1683226643\n|switch|p2a: Floatzel|Floatzel, L50, F|100\/100\n|turn|4\n|\n|t:|1683226663\n|move|p1a: Glaceon|Protect|p1a: Glaceon\n|-singleturn|p1a: Glaceon|Protect\n|move|p1b: Murkrow|Thunder Wave|p2a: Floatzel\n|-status|p2a: Floatzel|par\n|move|p2b: Lucario|Bullet Punch|p1a: Glaceon\n|-activate|p1a: Glaceon|move: Protect\n|move|p2a: Floatzel|Wave Crash|p1b: Murkrow\n|-damage|p1b: Murkrow|0 fnt\n|faint|p1b: Murkrow\n|-damage|p2a: Floatzel|87\/100 par|[from] Recoil\n|\n|-weather|RainDance|[upkeep]\n|-sideend|p1: Dunnakhiin|move: Tailwind\n|upkeep\n|\n|t:|1683226673\n|switch|p1b: Grumpig|Grumpig, L50, F|100\/100\n|turn|5\n|\n|t:|1683226684\n|move|p1a: Glaceon|Protect||[still]\n|-fail|p1a: Glaceon\n|move|p2a: Floatzel|Aqua Jet|p1a: Glaceon\n|-damage|p1a: Glaceon|71\/100\n|move|p2b: Lucario|Bullet Punch|p1a: Glaceon|[miss]\n|-miss|p2b: Lucario|p1a: Glaceon\n|move|p1b: Grumpig|Snowscape|p1b: Grumpig\n|-weather|Snow\n|\n|-weather|Snow|[upkeep]\n|upkeep\n|turn|6\n|\n|t:|1683226718\n|move|p2b: Lucario|Bullet Punch|p1b: Grumpig\n|-damage|p1b: Grumpig|75\/100\n|-damage|p2b: Lucario|81\/100 par|[from] item: Life Orb\n|move|p1b: Grumpig|Dazzling Gleam|p2b: Lucario|[spread] p2a,p2b\n|-damage|p2a: Floatzel|63\/100 par\n|-damage|p2b: Lucario|62\/100 par\n|move|p1a: Glaceon|Freeze-Dry|p2a: Floatzel\n|-supereffective|p2a: Floatzel\n|-damage|p2a: Floatzel|0 fnt\n|faint|p2a: Floatzel\n|\n|-weather|Snow|[upkeep]\n|upkeep\n|\n|t:|1683226728\n|switch|p2a: Amoonguss|Amoonguss, L50, M|100\/100\n|turn|7\n|\n|t:|1683226745\n|cant|p2b: Lucario|par\n|move|p1b: Grumpig|Dazzling Gleam|p2b: Lucario|[spread] p2a,p2b\n|-resisted|p2a: Amoonguss\n|-damage|p2a: Amoonguss|97\/100\n|-damage|p2b: Lucario|44\/100 par\n|move|p1a: Glaceon|Blizzard|p2b: Lucario|[spread] p2a,p2b\n|-supereffective|p2a: Amoonguss\n|-damage|p2a: Amoonguss|34\/100\n|-damage|p2b: Lucario|0 fnt\n|faint|p2b: Lucario\n|move|p2a: Amoonguss|Pollen Puff|p2: Lucario|[notarget]\n|-fail|p2a: Amoonguss\n|\n|-weather|Snow|[upkeep]\n|-heal|p2a: Amoonguss|40\/100|[from] item: Black Sludge\n|upkeep\n|turn|8\n|c|\u2606TeamInferno Ted|yeah lucky on the para turns\n|\n|t:|1683226761\n|move|p1b: Grumpig|Dazzling Gleam|p2a: Amoonguss\n|-resisted|p2a: Amoonguss\n|-damage|p2a: Amoonguss|34\/100\n|move|p1a: Glaceon|Blizzard|p2a: Amoonguss\n|-supereffective|p2a: Amoonguss\n|-damage|p2a: Amoonguss|0 fnt\n|faint|p2a: Amoonguss\n|\n|win|Dunnakhiin\n|l|\u2606Dunnakhiin\n","uploadtime":1683227470,"views":4,"p1id":"dunnakhiin","p2id":"teaminfernoted","formatid":"gen9vgc2023regulationc","rating":0,"private":0,"password":""}