{"id":"gen9vgc2023regulationc-1854114412","p1":"Calebr34","p2":"Devinlovesroxi","format":"[Gen 9] VGC 2023 Regulation C","log":"|j|\u2606Calebr34\n|j|\u2606Devinlovesroxi\n|t:|1682771567\n|gametype|doubles\n|player|p1|Calebr34|169|1156\n|player|p2|Devinlovesroxi|darach-caitlin|1170\n|teamsize|p1|6\n|teamsize|p2|6\n|gen|9\n|tier|[Gen 9] VGC 2023 Regulation C\n|rated|\n|rule|Species Clause: Limit one of each Pok\u00e9mon\n|rule|Item Clause: Limit one of each item\n|clearpoke\n|poke|p1|Lycanroc-Midnight, L50, M|\n|poke|p1|Medicham, L50, M|\n|poke|p1|Dondozo, L50, F|\n|poke|p1|Tatsugiri-Stretchy, L50, F|\n|poke|p1|Mimikyu, L50, F|\n|poke|p1|Ting-Lu, L50|\n|poke|p2|Ting-Lu, L50|\n|poke|p2|Amoonguss, L50, F|\n|poke|p2|Garganacl, L50, F|\n|poke|p2|Arcanine, L50, M|\n|poke|p2|Roaring Moon, L50|\n|poke|p2|Iron Bundle, L50|\n|teampreview|4\n|inactive|Battle timer is ON: inactive players will automatically lose when time's up. (requested by Devinlovesroxi)\n|\n|t:|1682771593\n|start\n|switch|p1a: Lycanroc|Lycanroc-Midnight, L50, M, shiny|100\/100\n|switch|p1b: Medicham|Medicham, L50, M, shiny|100\/100\n|switch|p2a: Garganacl|Garganacl, L50, F|100\/100\n|switch|p2b: Iron Bundle|Iron Bundle, L50|100\/100\n|turn|1\n|\n|t:|1682771607\n|-terastallize|p2a: Garganacl|Ghost\n|move|p2b: Iron Bundle|Freeze-Dry|p1a: Lycanroc\n|-damage|p1a: Lycanroc|54\/100\n|move|p1b: Medicham|Close Combat|p2a: Garganacl\n|-immune|p2a: Garganacl\n|move|p1a: Lycanroc|Stone Edge|p2b: Iron Bundle\n|-supereffective|p2b: Iron Bundle\n|-crit|p2b: Iron Bundle\n|-enditem|p2b: Iron Bundle|Focus Sash\n|-damage|p2b: Iron Bundle|1\/100\n|move|p2a: Garganacl|Salt Cure|p1a: Lycanroc\n|-damage|p1a: Lycanroc|34\/100\n|-start|p1a: Lycanroc|Salt Cure\n|\n|-damage|p1a: Lycanroc|22\/100|[from] Salt Cure\n|upkeep\n|turn|2\n|\n|t:|1682771631\n|move|p2b: Iron Bundle|Protect|p2b: Iron Bundle\n|-singleturn|p2b: Iron Bundle|Protect\n|move|p1b: Medicham|Skill Swap|p1a: Lycanroc\n|-activate|p1b: Medicham|move: Skill Swap|||[of] p1a: Lycanroc\n|move|p1a: Lycanroc|Rock Slide|p2a: Garganacl|[spread] p2a\n|-activate|p2b: Iron Bundle|move: Protect\n|-damage|p2a: Garganacl|61\/100\n|move|p2a: Garganacl|Salt Cure|p1b: Medicham\n|-resisted|p1b: Medicham\n|-damage|p1b: Medicham|87\/100\n|-start|p1b: Medicham|Salt Cure\n|\n|-heal|p2a: Garganacl|67\/100|[from] item: Leftovers\n|-damage|p1b: Medicham|75\/100|[from] Salt Cure\n|-damage|p1a: Lycanroc|10\/100|[from] Salt Cure\n|upkeep\n|turn|3\n|inactive|Calebr34 has 30 seconds left.\n|\n|t:|1682771657\n|move|p2b: Iron Bundle|Encore|p1b: Medicham\n|-start|p1b: Medicham|Encore\n|move|p1b: Medicham|Skill Swap||[still]\n|-fail|p1b: Medicham\n|move|p1a: Lycanroc|Rock Slide|p2b: Iron Bundle|[spread] p2a,p2b\n|-supereffective|p2b: Iron Bundle\n|-damage|p2a: Garganacl|25\/100\n|-damage|p2b: Iron Bundle|0 fnt\n|faint|p2b: Iron Bundle\n|-end|p2b: Iron Bundle|Quark Drive|[silent]\n|cant|p2a: Garganacl|flinch\n|\n|-heal|p2a: Garganacl|31\/100|[from] item: Leftovers\n|-damage|p1b: Medicham|62\/100|[from] Salt Cure\n|-damage|p1a: Lycanroc|0 fnt|[from] Salt Cure\n|faint|p1a: Lycanroc\n|upkeep\n|\n|t:|1682771674\n|switch|p2b: Arcanine|Arcanine, L50, M|100\/100\n|switch|p1a: Mimikyu|Mimikyu, L50, F|100\/100\n|-ability|p2b: Arcanine|Intimidate|boost\n|-unboost|p1a: Mimikyu|atk|1\n|-unboost|p1b: Medicham|atk|1\n|turn|4\n|\n|t:|1682771689\n|move|p1b: Medicham|Skill Swap|p2a: Garganacl\n|-activate|p1b: Medicham|move: Skill Swap|Purifying Salt|No Guard|[of] p2a: Garganacl\n|move|p2b: Arcanine|Will-O-Wisp|p1a: Mimikyu\n|-status|p1a: Mimikyu|brn\n|move|p2a: Garganacl|Recover|p2a: Garganacl\n|-heal|p2a: Garganacl|81\/100\n|move|p1a: Mimikyu|Trick Room|p1a: Mimikyu\n|-fieldstart|move: Trick Room|[of] p1a: Mimikyu\n|\n|-heal|p2a: Garganacl|87\/100|[from] item: Leftovers\n|-damage|p1a: Mimikyu|95\/100 brn|[from] brn\n|-damage|p1b: Medicham|50\/100|[from] Salt Cure\n|upkeep\n|turn|5\n|\n|t:|1682771712\n|move|p1a: Mimikyu|Shadow Sneak|p2a: Garganacl\n|-supereffective|p2a: Garganacl\n|-damage|p2a: Garganacl|76\/100\n|-damage|p1a: Mimikyu|85\/100 brn|[from] item: Life Orb\n|move|p2a: Garganacl|Salt Cure|p1a: Mimikyu\n|-activate|p1a: Mimikyu|ability: Disguise\n|-damage|p1a: Mimikyu|85\/100 brn\n|-start|p1a: Mimikyu|Salt Cure\n|detailschange|p1a: Mimikyu|Mimikyu-Busted, L50, F\n|-damage|p1a: Mimikyu|73\/100 brn|[from] pokemon: Mimikyu-Busted\n|move|p2b: Arcanine|Will-O-Wisp|p1b: Medicham\n|-immune|p1b: Medicham|[from] ability: Purifying Salt\n|move|p1b: Medicham|Skill Swap|p2b: Arcanine\n|-activate|p1b: Medicham|move: Skill Swap|Intimidate|Purifying Salt|[of] p2b: Arcanine\n|-ability|p1b: Medicham|Intimidate|boost\n|-unboost|p2a: Garganacl|atk|1\n|-unboost|p2b: Arcanine|atk|1\n|\n|-heal|p2a: Garganacl|82\/100|[from] item: Leftovers\n|-damage|p1a: Mimikyu|68\/100 brn|[from] brn\n|-damage|p1a: Mimikyu|56\/100 brn|[from] Salt Cure\n|-damage|p1b: Medicham|37\/100|[from] Salt Cure\n|-end|p1b: Medicham|Encore\n|upkeep\n|turn|6\n|inactive|Calebr34 has 30 seconds left.\n|\n|t:|1682771742\n|switch|p1a: Ting-Lu|Ting-Lu, L50|100\/100\n|-ability|p1a: Ting-Lu|Vessel of Ruin\n|switch|p2b: Amoonguss|Amoonguss, L50, F|100\/100\n|move|p1b: Medicham|Detect|p1b: Medicham\n|-singleturn|p1b: Medicham|Protect\n|move|p2a: Garganacl|Salt Cure|p1a: Ting-Lu\n|-resisted|p1a: Ting-Lu\n|-damage|p1a: Ting-Lu|98\/100\n|-start|p1a: Ting-Lu|Salt Cure\n|\n|-heal|p2a: Garganacl|87\/100|[from] item: Leftovers\n|-damage|p1a: Ting-Lu|86\/100|[from] Salt Cure\n|-damage|p1b: Medicham|25\/100|[from] Salt Cure\n|upkeep\n|turn|7\n|\n|t:|1682771764\n|switch|p1b: Mimikyu|Mimikyu-Busted, L50, F|56\/100 brn\n|move|p2b: Amoonguss|Spore|p1a: Ting-Lu\n|-status|p1a: Ting-Lu|slp|[from] move: Spore\n|move|p2a: Garganacl|Salt Cure|p1b: Mimikyu\n|-damage|p1b: Mimikyu|44\/100 brn\n|-start|p1b: Mimikyu|Salt Cure\n|cant|p1a: Ting-Lu|slp\n|\n|-heal|p2a: Garganacl|93\/100|[from] item: Leftovers\n|-damage|p1b: Mimikyu|38\/100 brn|[from] brn\n|-damage|p1a: Ting-Lu|74\/100 slp|[from] Salt Cure\n|-damage|p1b: Mimikyu|26\/100 brn|[from] Salt Cure\n|upkeep\n|turn|8\n|-message|Calebr34 forfeited.\n|\n|win|Devinlovesroxi\n|raw|Calebr34's rating: 1156 → 1132<\/strong> (-24 for losing)\n|raw|Devinlovesroxi's rating: 1170 → 1194<\/strong> (+24 for winning)\n|l|\u2606Calebr34\n","uploadtime":1682771778,"views":14,"p1id":"calebr34","p2id":"devinlovesroxi","formatid":"gen9vgc2023regulationc","rating":1132,"private":0,"password":""}