{"id":"gen9vgc2023regulationc-1851715890","p1":"dazhukui233","p2":"MLGmushroom","format":"[Gen 9] VGC 2023 Regulation C","log":"|j|\u2606dazhukui233\n|j|\u2606MLGmushroom\n|t:|1682473464\n|gametype|doubles\n|player|p1|dazhukui233|265|1410\n|player|p2|MLGmushroom|blue|1334\n|teamsize|p1|6\n|teamsize|p2|6\n|gen|9\n|tier|[Gen 9] VGC 2023 Regulation C\n|rated|\n|rule|Species Clause: Limit one of each Pok\u00e9mon\n|rule|Item Clause: Limit one of each item\n|clearpoke\n|poke|p1|Abomasnow, L50, M|\n|poke|p1|Cetitan, L50, M|\n|poke|p1|Maushold-Four, L50|\n|poke|p1|Glimmora, L50, M|\n|poke|p1|Gyarados, L50, M|\n|poke|p1|Roaring Moon, L50|\n|poke|p2|Chien-Pao, L50|\n|poke|p2|Roaring Moon, L50|\n|poke|p2|Flutter Mane, L50|\n|poke|p2|Amoonguss, L50, M|\n|poke|p2|Gyarados, L50, M|\n|poke|p2|Scizor, L50, M|\n|teampreview|4\n|\n|t:|1682473494\n|start\n|switch|p1a: Glimmora|Glimmora, L50, M|100\/100\n|switch|p1b: Roaring Moon|Roaring Moon, L50|100\/100\n|switch|p2a: Scizor|Scizor, L50, M|100\/100\n|switch|p2b: Chien-Pao|Chien-Pao, L50|100\/100\n|-ability|p2b: Chien-Pao|Sword of Ruin\n|-enditem|p1b: Roaring Moon|Booster Energy\n|-activate|p1b: Roaring Moon|ability: Protosynthesis|[fromitem]\n|-start|p1b: Roaring Moon|protosynthesisspe\n|turn|1\n|\n|t:|1682473550\n|-terastallize|p1a: Glimmora|Grass\n|move|p2b: Chien-Pao|Protect|p2b: Chien-Pao\n|-singleturn|p2b: Chien-Pao|Protect\n|move|p2a: Scizor|Bullet Punch|p1a: Glimmora\n|-damage|p1a: Glimmora|70\/100\n|-activate|p1a: Glimmora|ability: Toxic Debris\n|-sidestart|p2: MLGmushroom|move: Toxic Spikes\n|move|p1b: Roaring Moon|Tailwind|p1b: Roaring Moon\n|-sidestart|p1: dazhukui233|move: Tailwind\n|move|p1a: Glimmora|Power Gem|p2a: Scizor\n|-damage|p2a: Scizor|47\/100\n|\n|upkeep\n|turn|2\n|inactive|Battle timer is ON: inactive players will automatically lose when time's up. (requested by dazhukui233)\n|inactive|MLGmushroom has 60 seconds left.\n|\n|t:|1682473590\n|move|p2a: Scizor|Protect|p2a: Scizor\n|-singleturn|p2a: Scizor|Protect\n|move|p1b: Roaring Moon|Breaking Swipe|p2b: Chien-Pao|[spread] p2b\n|-activate|p2a: Scizor|move: Protect\n|-damage|p2b: Chien-Pao|73\/100\n|-unboost|p2b: Chien-Pao|atk|1\n|move|p1a: Glimmora|Power Gem|p2a: Scizor\n|-activate|p2a: Scizor|move: Protect\n|move|p2b: Chien-Pao|Ice Spinner|p1a: Glimmora\n|-supereffective|p1a: Glimmora\n|-damage|p1a: Glimmora|0 fnt\n|-activate|p1a: Glimmora|ability: Toxic Debris\n|-sidestart|p2: MLGmushroom|move: Toxic Spikes\n|faint|p1a: Glimmora\n|\n|upkeep\n|\n|t:|1682473607\n|switch|p1a: Cetitan|Cetitan, L50, M|100\/100\n|turn|3\n|\n|t:|1682473631\n|move|p1a: Cetitan|Protect|p1a: Cetitan\n|-singleturn|p1a: Cetitan|Protect\n|move|p1b: Roaring Moon|Breaking Swipe|p2b: Chien-Pao|[spread] p2a,p2b\n|-resisted|p2a: Scizor\n|-damage|p2a: Scizor|33\/100\n|-damage|p2b: Chien-Pao|46\/100\n|-unboost|p2b: Chien-Pao|atk|1\n|move|p2b: Chien-Pao|Ice Spinner|p1b: Roaring Moon\n|-supereffective|p1b: Roaring Moon\n|-damage|p1b: Roaring Moon|44\/100\n|move|p2a: Scizor|Close Combat|p1a: Cetitan\n|-activate|p1a: Cetitan|move: Protect\n|\n|upkeep\n|turn|4\n|inactive|dazhukui233 has 30 seconds left.\n|\n|t:|1682473661\n|switch|p2b: Gyarados|Gyarados, L50, M|100\/100\n|-ability|p2b: Gyarados|Intimidate|boost\n|-unboost|p1a: Cetitan|atk|1\n|-unboost|p1b: Roaring Moon|atk|1\n|move|p1b: Roaring Moon|Acrobatics|p2a: Scizor\n|-damage|p2a: Scizor|10\/100\n|move|p1a: Cetitan|Earthquake|p2b: Gyarados|[spread] p1b,p2a\n|-immune|p2b: Gyarados\n|-crit|p2a: Scizor\n|-damage|p1b: Roaring Moon|30\/100\n|-damage|p2a: Scizor|0 fnt\n|faint|p2a: Scizor\n|\n|-sideend|p1: dazhukui233|move: Tailwind\n|upkeep\n|\n|t:|1682473670\n|switch|p2a: Flutter Mane|Flutter Mane, L50|100\/100\n|-status|p2a: Flutter Mane|tox\n|turn|5\n|\n|t:|1682473683\n|move|p2a: Flutter Mane|Protect|p2a: Flutter Mane\n|-singleturn|p2a: Flutter Mane|Protect\n|move|p1b: Roaring Moon|Tailwind|p1b: Roaring Moon\n|-sidestart|p1: dazhukui233|move: Tailwind\n|move|p1a: Cetitan|Belly Drum|p1a: Cetitan\n|-damage|p1a: Cetitan|50\/100\n|-setboost|p1a: Cetitan|atk|6|[from] move: Belly Drum\n|-enditem|p1a: Cetitan|Sitrus Berry|[eat]\n|-heal|p1a: Cetitan|75\/100|[from] item: Sitrus Berry\n|move|p2b: Gyarados|Thunder Wave|p1a: Cetitan\n|-status|p1a: Cetitan|par\n|\n|-damage|p2a: Flutter Mane|95\/100 tox|[from] psn\n|upkeep\n|turn|6\n|\n|t:|1682473707\n|-terastallize|p2a: Flutter Mane|Fairy\n|move|p1a: Cetitan|Ice Shard|p2a: Flutter Mane\n|-damage|p2a: Flutter Mane|0 fnt\n|faint|p2a: Flutter Mane\n|-end|p2a: Flutter Mane|Protosynthesis|[silent]\n|move|p1b: Roaring Moon|Breaking Swipe|p2b: Gyarados\n|-damage|p2b: Gyarados|78\/100\n|-unboost|p2b: Gyarados|atk|1\n|move|p2b: Gyarados|Iron Head|p1a: Cetitan\n|-supereffective|p1a: Cetitan\n|-damage|p1a: Cetitan|41\/100 par\n|\n|upkeep\n|inactive|MLGmushroom has 30 seconds left.\n|inactive|MLGmushroom has 20 seconds left.\n|inactive|MLGmushroom has 15 seconds left.\n|\n|t:|1682473749\n|switch|p2a: Chien-Pao|Chien-Pao, L50|46\/100\n|-status|p2a: Chien-Pao|tox\n|-ability|p2a: Chien-Pao|Sword of Ruin\n|turn|7\n|\n|t:|1682473759\n|-end|p1b: Roaring Moon|Protosynthesis|[silent]\n|switch|p1b: Abomasnow|Abomasnow, L50, M|100\/100\n|-weather|Snow|[from] ability: Snow Warning|[of] p1b: Abomasnow\n|cant|p1a: Cetitan|par\n|move|p2a: Chien-Pao|Sacred Sword|p1a: Cetitan\n|-supereffective|p1a: Cetitan\n|-damage|p1a: Cetitan|0 fnt\n|faint|p1a: Cetitan\n|move|p2b: Gyarados|Waterfall|p1b: Abomasnow\n|-resisted|p1b: Abomasnow\n|-crit|p1b: Abomasnow\n|-damage|p1b: Abomasnow|65\/100\n|-enditem|p1b: Abomasnow|Eject Button\n|\n|t:|1682473772\n|switch|p1b: Roaring Moon|Roaring Moon, L50|30\/100\n|\n|-weather|Snow|[upkeep]\n|-damage|p2a: Chien-Pao|40\/100 tox|[from] psn\n|upkeep\n|\n|t:|1682473778\n|switch|p1a: Abomasnow|Abomasnow, L50, M|65\/100\n|turn|8\n|\n|t:|1682473788\n|move|p2a: Chien-Pao|Sucker Punch|p1b: Roaring Moon\n|-resisted|p1b: Roaring Moon\n|-damage|p1b: Roaring Moon|4\/100\n|move|p1b: Roaring Moon|Breaking Swipe|p2a: Chien-Pao|[spread] p2a,p2b\n|-damage|p2a: Chien-Pao|22\/100 tox\n|-damage|p2b: Gyarados|48\/100\n|-unboost|p2a: Chien-Pao|atk|1\n|-unboost|p2b: Gyarados|atk|1\n|move|p1a: Abomasnow|Blizzard|p2a: Chien-Pao|[spread] p2a,p2b\n|-resisted|p2a: Chien-Pao\n|-damage|p2a: Chien-Pao|0 fnt\n|-damage|p2b: Gyarados|24\/100\n|faint|p2a: Chien-Pao\n|move|p2b: Gyarados|Waterfall|p1b: Roaring Moon\n|-resisted|p1b: Roaring Moon\n|-damage|p1b: Roaring Moon|0 fnt\n|faint|p1b: Roaring Moon\n|-end|p1b: Roaring Moon|Protosynthesis|[silent]\n|\n|-weather|Snow|[upkeep]\n|-sideend|p1: dazhukui233|move: Tailwind\n|upkeep\n|turn|9\n|\n|t:|1682473806\n|move|p1a: Abomasnow|Blizzard|p2b: Gyarados\n|-damage|p2b: Gyarados|0 fnt\n|faint|p2b: Gyarados\n|\n|win|dazhukui233\n|raw|dazhukui233's rating: 1410 → 1426<\/strong> (+16 for winning)\n|raw|MLGmushroom's rating: 1334 → 1318<\/strong> (-16 for losing)\n|l|\u2606dazhukui233\n","uploadtime":1682474263,"views":12,"p1id":"dazhukui233","p2id":"mlgmushroom","formatid":"gen9vgc2023regulationc","rating":1318,"private":0,"password":""}