{"id":"gen9vgc2023regulationc-1857424923","p1":"Parky_Marz","p2":"fairynanbawan","format":"[Gen 9] VGC 2023 Regulation C","log":"|j|\u2606Parky_Marz\n|j|\u2606fairynanbawan\n|t:|1683191039\n|gametype|doubles\n|player|p1|Parky_Marz|hilbert|1191\n|player|p2|fairynanbawan|skierf|1290\n|teamsize|p1|6\n|teamsize|p2|6\n|gen|9\n|tier|[Gen 9] VGC 2023 Regulation C\n|rated|\n|rule|Species Clause: Limit one of each Pok\u00e9mon\n|rule|Item Clause: Limit one of each item\n|clearpoke\n|poke|p1|Orthworm, L50, M|\n|poke|p1|Dragonite, L50, M|\n|poke|p1|Ting-Lu, L50|\n|poke|p1|Gyarados, L50, M|\n|poke|p1|Flutter Mane, L50|\n|poke|p1|Chien-Pao, L50|\n|poke|p2|Tinkaton, L50, F|\n|poke|p2|Grimmsnarl, L50, M|\n|poke|p2|Azumarill, L50, F|\n|poke|p2|Flutter Mane, L50|\n|poke|p2|Iron Valiant, L50|\n|poke|p2|Mimikyu, L50, M|\n|teampreview|4\nParky_Marz has agreed to open team sheets.\nfairynanbawan rejected open team sheets.\n|inactive|Battle timer is ON: inactive players will automatically lose when time's up. (requested by fairynanbawan)\n|\n|t:|1683191121\n|start\n|switch|p1a: Gyarados|Gyarados, L50, M|100\/100\n|switch|p1b: Flutter Mane|Flutter Mane, L50|100\/100\n|switch|p2a: Luna|Flutter Mane, L50|100\/100\n|switch|p2b: ShiningArmor|Grimmsnarl, L50, M|100\/100\n|-ability|p1a: Gyarados|Intimidate|boost\n|-unboost|p2a: Luna|atk|1\n|-unboost|p2b: ShiningArmor|atk|1\n|turn|1\n|\n|t:|1683191139\n|-terastallize|p2a: Luna|Fire\n|move|p2b: ShiningArmor|Light Screen|p2b: ShiningArmor\n|-sidestart|p2: fairynanbawan|move: Light Screen\n|move|p1b: Flutter Mane|Moonblast|p2b: ShiningArmor\n|-supereffective|p2b: ShiningArmor\n|-damage|p2b: ShiningArmor|17\/100\n|-unboost|p2b: ShiningArmor|spa|1\n|move|p2a: Luna|Thunderbolt|p1a: Gyarados\n|-supereffective|p1a: Gyarados\n|-damage|p1a: Gyarados|0 fnt\n|faint|p1a: Gyarados\n|\n|upkeep\n|\n|t:|1683191153\n|switch|p1a: Ting-Lu|Ting-Lu, L50|100\/100\n|-ability|p1a: Ting-Lu|Vessel of Ruin\n|turn|2\n|\n|t:|1683191160\n|-end|p1b: Flutter Mane|Protosynthesis|[silent]\n|switch|p1b: Orthworm|Orthworm, L50, M|100\/100\n|-end|p2a: Luna|Protosynthesis|[silent]\n|switch|p2a: Twilight|Tinkaton, L50, F|100\/100\n|move|p2b: ShiningArmor|Reflect|p2b: ShiningArmor\n|-sidestart|p2: fairynanbawan|Reflect\n|move|p1a: Ting-Lu|Earthquake|p2b: ShiningArmor|[spread] p2a,p2b\n|-immune|p1b: Orthworm|[from] ability: Earth Eater\n|-supereffective|p2a: Twilight\n|-damage|p2a: Twilight|8\/100\n|-damage|p2b: ShiningArmor|0 fnt\n|faint|p2b: ShiningArmor\n|\n|upkeep\n|\n|t:|1683191172\n|switch|p2b: Luna|Flutter Mane, L50, tera:Fire|100\/100\n|turn|3\n|\n|t:|1683191182\n|move|p2b: Luna|Moonblast|p1a: Ting-Lu\n|-supereffective|p1a: Ting-Lu\n|-damage|p1a: Ting-Lu|17\/100\n|-unboost|p1a: Ting-Lu|spa|1\n|move|p2a: Twilight|Gigaton Hammer|p1a: Ting-Lu\n|-damage|p1a: Ting-Lu|0 fnt\n|faint|p1a: Ting-Lu\n|move|p1b: Orthworm|Shed Tail|p1b: Orthworm\n|-start|p1b: Orthworm|Substitute|[from] move: Shed Tail\n|-damage|p1b: Orthworm|50\/100\n|-enditem|p1b: Orthworm|Sitrus Berry|[eat]\n|-heal|p1b: Orthworm|75\/100|[from] item: Sitrus Berry\n|\n|t:|1683191193\n|switch|p1b: Flutter Mane|Flutter Mane, L50|100\/100|[from] Shed Tail\n|\n|upkeep\n|\n|t:|1683191197\n|switch|p1a: Orthworm|Orthworm, L50, M|75\/100\n|turn|4\n|inactive|Parky_Marz has 30 seconds left.\n|\n|t:|1683191232\n|move|p1b: Flutter Mane|Dazzling Gleam|p2b: Luna|[spread] p2a,p2b\n|-resisted|p2a: Twilight\n|-resisted|p2b: Luna\n|-damage|p2a: Twilight|0 fnt\n|-damage|p2b: Luna|87\/100\n|faint|p2a: Twilight\n|move|p2b: Luna|Moonblast|p1b: Flutter Mane\n|-end|p1b: Flutter Mane|Substitute\n|move|p1a: Orthworm|Body Press|p2b: Luna\n|-damage|p2b: Luna|57\/100\n|\n|upkeep\n|\n|t:|1683191242\n|switch|p2a: Thorax|Mimikyu, L50, M|100\/100\n|turn|5\n|\n|t:|1683191253\n|move|p2a: Thorax|Shadow Sneak|p1b: Flutter Mane\n|-supereffective|p1b: Flutter Mane\n|-damage|p1b: Flutter Mane|37\/100\n|-damage|p2a: Thorax|91\/100|[from] item: Life Orb\n|move|p1b: Flutter Mane|Dazzling Gleam|p2a: Thorax|[spread] p2a,p2b\n|-resisted|p2b: Luna\n|-activate|p2a: Thorax|ability: Disguise\n|-damage|p2a: Thorax|91\/100\n|-damage|p2b: Luna|42\/100\n|detailschange|p2a: Thorax|Mimikyu-Busted, L50, M\n|-damage|p2a: Thorax|79\/100|[from] pokemon: Mimikyu-Busted\n|move|p2b: Luna|Moonblast|p1b: Flutter Mane\n|-damage|p1b: Flutter Mane|0 fnt\n|faint|p1b: Flutter Mane\n|-end|p1b: Flutter Mane|Protosynthesis|[silent]\n|move|p1a: Orthworm|Heavy Slam|p2a: Thorax\n|-supereffective|p2a: Thorax\n|-damage|p2a: Thorax|5\/100\n|\n|upkeep\n|turn|6\n|-message|Parky_Marz forfeited.\n|\n|win|fairynanbawan\n|raw|Parky_Marz's rating: 1191 → 1173<\/strong> (-18 for losing)\n|raw|fairynanbawan's rating: 1290 → 1308<\/strong> (+18 for winning)\n|l|\u2606Parky_Marz\n","uploadtime":1683191685,"views":10,"p1id":"parkymarz","p2id":"fairynanbawan","formatid":"gen9vgc2023regulationc","rating":1173,"private":0,"password":""}