{"id":"gen9vgc2023regulationc-1851732224","p1":"meiister","p2":"Doctor Sleep","format":"[Gen 9] VGC 2023 Regulation C","log":"|j|\u2606meiister\n|j|\u2606Doctor Sleep\n|t:|1682475561\n|gametype|doubles\n|player|p1|meiister|lance|1199\n|player|p2|Doctor Sleep|1|1280\n|teamsize|p1|6\n|teamsize|p2|6\n|gen|9\n|tier|[Gen 9] VGC 2023 Regulation C\n|rated|\n|rule|Species Clause: Limit one of each Pok\u00e9mon\n|rule|Item Clause: Limit one of each item\n|clearpoke\n|poke|p1|Iron Valiant, L50|\n|poke|p1|Lycanroc-Dusk, L50, F|\n|poke|p1|Dragapult, L50, M|\n|poke|p1|Talonflame, L50, M|\n|poke|p1|Chien-Pao, L50|\n|poke|p1|Flutter Mane, L50|\n|poke|p2|Flutter Mane, L50|\n|poke|p2|Talonflame, L50, F|\n|poke|p2|Garchomp, L50, M|\n|poke|p2|Farigiraf, L50, M|\n|poke|p2|Chien-Pao, L50|\n|poke|p2|Rotom-Wash, L50|\n|teampreview|4\n|inactive|Battle timer is ON: inactive players will automatically lose when time's up. (requested by Doctor Sleep)\n|\n|t:|1682475595\n|start\n|switch|p1a: Talonflame|Talonflame, L50, M|100\/100\n|switch|p1b: Iron Valiant|Iron Valiant, L50|100\/100\n|switch|p2a: Garchomp|Garchomp, L50, M|100\/100\n|switch|p2b: Talonflame|Talonflame, L50, F|100\/100\n|-enditem|p1b: Iron Valiant|Booster Energy\n|-activate|p1b: Iron Valiant|ability: Quark Drive|[fromitem]\n|-start|p1b: Iron Valiant|quarkdrivespe\n|turn|1\n|\n|t:|1682475613\n|-terastallize|p2a: Garchomp|Steel\n|move|p1a: Talonflame|Tailwind|p1a: Talonflame\n|-sidestart|p1: meiister|move: Tailwind\n|move|p2b: Talonflame|Tailwind|p2b: Talonflame\n|-sidestart|p2: Doctor Sleep|move: Tailwind\n|move|p1b: Iron Valiant|Spirit Break|p2a: Garchomp\n|-resisted|p2a: Garchomp\n|-damage|p2a: Garchomp|81\/100\n|-unboost|p2a: Garchomp|spa|1\n|-damage|p1b: Iron Valiant|88\/100|[from] ability: Rough Skin|[of] p2a: Garchomp\n|move|p2a: Garchomp|Earthquake|p1b: Iron Valiant|[spread] p1b\n|-immune|p2b: Talonflame\n|-immune|p1a: Talonflame\n|-crit|p1b: Iron Valiant\n|-damage|p1b: Iron Valiant|0 fnt\n|faint|p1b: Iron Valiant\n|-end|p1b: Iron Valiant|Quark Drive|[silent]\n|-damage|p2a: Garchomp|71\/100|[from] item: Life Orb\n|\n|upkeep\n|\n|t:|1682475631\n|switch|p1b: Dragapult|Dragapult, L50, M|100\/100\n|turn|2\n|\n|t:|1682475650\n|-terastallize|p1b: Dragapult|Dragon\n|move|p2b: Talonflame|Brave Bird|p1a: Talonflame\n|-damage|p1a: Talonflame|32\/100\n|-damage|p2b: Talonflame|78\/100|[from] Recoil\n|move|p1b: Dragapult|Dragon Darts|p2a: Garchomp\n|-resisted|p2a: Garchomp\n|-damage|p2a: Garchomp|47\/100\n|-anim|p1b: Dragapult|Dragon Darts|p2b: Talonflame\n|-damage|p2b: Talonflame|6\/100\n|move|p1a: Talonflame|Flare Blitz|p2a: Garchomp\n|-supereffective|p2a: Garchomp\n|-damage|p2a: Garchomp|0 fnt\n|-damage|p1a: Talonflame|19\/100|[from] ability: Rough Skin|[of] p2a: Garchomp\n|faint|p2a: Garchomp\n|-damage|p1a: Talonflame|1\/100|[from] Recoil\n|\n|upkeep\n|\n|t:|1682475668\n|switch|p2a: Flutter Mane|Flutter Mane, L50|100\/100\n|turn|3\n|\n|t:|1682475681\n|move|p1b: Dragapult|Dragon Darts|p2b: Talonflame\n|-damage|p2b: Talonflame|0 fnt\n|faint|p2b: Talonflame\n|move|p2a: Flutter Mane|Dazzling Gleam|p1b: Dragapult|[spread] p1a,p1b\n|-resisted|p1a: Talonflame\n|-supereffective|p1b: Dragapult\n|-damage|p1a: Talonflame|0 fnt\n|-damage|p1b: Dragapult|0 fnt\n|faint|p1a: Talonflame\n|faint|p1b: Dragapult\n|\n|upkeep\n|\n|t:|1682475693\n|switch|p1b: Flutter Mane|Flutter Mane, L50|100\/100\n|switch|p2b: Rotom|Rotom-Wash, L50|100\/100\n|turn|4\n|\n|t:|1682475701\n|move|p1b: Flutter Mane|Shadow Ball|p2a: Flutter Mane\n|-supereffective|p2a: Flutter Mane\n|-damage|p2a: Flutter Mane|0 fnt\n|faint|p2a: Flutter Mane\n|-end|p2a: Flutter Mane|Protosynthesis|[silent]\n|move|p2b: Rotom|Thunderbolt|p1b: Flutter Mane\n|-damage|p1b: Flutter Mane|66\/100\n|\n|-sideend|p2: Doctor Sleep|move: Tailwind\n|-sideend|p1: meiister|move: Tailwind\n|upkeep\n|turn|5\n|\n|t:|1682475713\n|move|p1b: Flutter Mane|Shadow Ball|p2b: Rotom\n|-damage|p2b: Rotom|39\/100\n|-enditem|p2b: Rotom|Sitrus Berry|[eat]\n|-heal|p2b: Rotom|64\/100|[from] item: Sitrus Berry\n|move|p2b: Rotom|Thunderbolt|p1b: Flutter Mane\n|-damage|p1b: Flutter Mane|33\/100\n|\n|upkeep\n|turn|6\n|\n|t:|1682475723\n|move|p1b: Flutter Mane|Shadow Ball|p2b: Rotom\n|-damage|p2b: Rotom|1\/100\n|-unboost|p2b: Rotom|spd|1\n|move|p2b: Rotom|Thunderbolt|p1b: Flutter Mane\n|-damage|p1b: Flutter Mane|0 fnt\n|faint|p1b: Flutter Mane\n|-end|p1b: Flutter Mane|Protosynthesis|[silent]\n|\n|win|Doctor Sleep\n|raw|meiister's rating: 1199 → 1180<\/strong> (-19 for losing)\n|raw|Doctor Sleep's rating: 1280 → 1299<\/strong> (+19 for winning)\n|l|\u2606meiister\n","uploadtime":1682475886,"views":7,"p1id":"meiister","p2id":"doctorsleep","formatid":"gen9vgc2023regulationc","rating":1180,"private":0,"password":""}