{"id":"gen9vgc2023regulationc-1857096120","p1":"Ppjeanluc","p2":"zippLapZapper","format":"[Gen 9] VGC 2023 Regulation C","log":"|j|\u2606Ppjeanluc\n|j|\u2606zippLapZapper\n|t:|1683145370\n|gametype|doubles\n|player|p1|Ppjeanluc|emmet|1488\n|player|p2|zippLapZapper|hilbert-wonderlauncher|1478\n|teamsize|p1|6\n|teamsize|p2|6\n|gen|9\n|tier|[Gen 9] VGC 2023 Regulation C\n|rated|\n|rule|Species Clause: Limit one of each Pok\u00e9mon\n|rule|Item Clause: Limit one of each item\n|clearpoke\n|poke|p1|Bellibolt, L50, F|\n|poke|p1|Wo-Chien, L50|\n|poke|p1|Arcanine, L50, F|\n|poke|p1|Chi-Yu, L50|\n|poke|p1|Flutter Mane, L50|\n|poke|p1|Palafin, L50, M|\n|poke|p2|Garchomp, L50, F|\n|poke|p2|Talonflame, L50, F|\n|poke|p2|Flutter Mane, L50|\n|poke|p2|Iron Bundle, L50|\n|poke|p2|Chien-Pao, L50|\n|poke|p2|Tyranitar, L50, M|\n|teampreview|4\nzippLapZapper has agreed to open team sheets.\n|inactive|Battle timer is ON: inactive players will automatically lose when time's up. (requested by zippLapZapper)\n|\n|t:|1683145441\n|start\n|switch|p1a: Palafin|Palafin, L50, M|100\/100\n|switch|p1b: Arcanine|Arcanine, L50, F|100\/100\n|switch|p2a: Tyranitar|Tyranitar, L50, M|100\/100\n|switch|p2b: Talonflame|Talonflame, L50, F|100\/100\n|-ability|p1b: Arcanine|Intimidate|boost\n|-unboost|p2a: Tyranitar|atk|1\n|-unboost|p2b: Talonflame|atk|1\n|-weather|Sandstorm|[from] ability: Sand Stream|[of] p2a: Tyranitar\n|turn|1\n|inactive|Ppjeanluc has 30 seconds left.\n|\n|t:|1683145472\n|detailschange|p1a: Palafin|Palafin-Hero, L50, M\n|switch|p1a: Wo-Chien|Wo-Chien, L50|100\/100\n|-ability|p1a: Wo-Chien|Tablets of Ruin\n|-terastallize|p2a: Tyranitar|Grass\n|move|p2b: Talonflame|Taunt|p1b: Arcanine\n|-start|p1b: Arcanine|move: Taunt\n|cant|p1b: Arcanine|move: Taunt|Will-O-Wisp\n|move|p2a: Tyranitar|Rock Slide|p1a: Wo-Chien|[spread] p1a,p1b\n|-supereffective|p1b: Arcanine\n|-damage|p1a: Wo-Chien|86\/100\n|-damage|p1b: Arcanine|69\/100\n|\n|-weather|Sandstorm|[upkeep]\n|-damage|p1b: Arcanine|63\/100|[from] Sandstorm\n|-damage|p2a: Tyranitar|95\/100|[from] Sandstorm\n|-damage|p1a: Wo-Chien|80\/100|[from] Sandstorm\n|-heal|p1a: Wo-Chien|86\/100|[from] item: Leftovers\n|upkeep\n|turn|2\n|inactive|Ppjeanluc has 30 seconds left.\n|inactive|zippLapZapper has 30 seconds left.\n|l|\u2606Ppjeanluc\n|inactive|Ppjeanluc disconnected and has a minute to reconnect!\n|player|p1|\n|inactive|Ppjeanluc has 20 seconds left.\n|inactive|zippLapZapper has 20 seconds left.\n|inactive|Ppjeanluc has 15 seconds left.\n|inactive|zippLapZapper has 15 seconds left.\n|inactive|Ppjeanluc has 10 seconds left.\n|inactive|zippLapZapper has 10 seconds left.\n|inactive|Ppjeanluc has 5 seconds left.\n|j|\u2606Ppjeanluc\n|inactive|Ppjeanluc reconnected and has 5 seconds left.\n|player|p1|Ppjeanluc|emmet\n|l|\u2606Ppjeanluc\n|inactive|Ppjeanluc disconnected and has a minute to reconnect!\n|player|p1|\n|j|\u2606Ppjeanluc\n|inactive|Ppjeanluc reconnected and has 5 seconds left.\n|player|p1|Ppjeanluc|emmet\n|\n|t:|1683145527\n|switch|p2a: Iron Bundle|Iron Bundle, L50|100\/100\n|-enditem|p2a: Iron Bundle|Booster Energy\n|-activate|p2a: Iron Bundle|ability: Quark Drive|[fromitem]\n|-start|p2a: Iron Bundle|quarkdrivespe\n|move|p2b: Talonflame|Taunt|p1a: Wo-Chien\n|-start|p1a: Wo-Chien|move: Taunt\n|move|p1b: Arcanine|Flare Blitz|p2b: Talonflame\n|-resisted|p2b: Talonflame\n|-damage|p2b: Talonflame|79\/100\n|-damage|p1b: Arcanine|56\/100|[from] Recoil\n|move|p1a: Wo-Chien|Pollen Puff|p2a: Iron Bundle\n|-damage|p2a: Iron Bundle|65\/100\n|\n|-weather|Sandstorm|[upkeep]\n|-damage|p2a: Iron Bundle|59\/100|[from] Sandstorm\n|-damage|p1b: Arcanine|50\/100|[from] Sandstorm\n|-damage|p1a: Wo-Chien|80\/100|[from] Sandstorm\n|-enditem|p1b: Arcanine|Sitrus Berry|[eat]\n|-heal|p1b: Arcanine|75\/100|[from] item: Sitrus Berry\n|-heal|p1a: Wo-Chien|86\/100|[from] item: Leftovers\n|upkeep\n|turn|3\n|inactive|Ppjeanluc has 30 seconds left.\n|inactive|zippLapZapper has 30 seconds left.\n|inactive|Ppjeanluc has 20 seconds left.\n|inactive|zippLapZapper has 20 seconds left.\n|inactive|Ppjeanluc has 15 seconds left.\n|inactive|zippLapZapper has 15 seconds left.\n|inactive|Ppjeanluc has 10 seconds left.\n|inactive|Ppjeanluc has 5 seconds left.\n|\n|t:|1683145578\n|move|p1b: Arcanine|Extreme Speed|p2b: Talonflame\n|-damage|p2b: Talonflame|57\/100\n|move|p2a: Iron Bundle|Freeze-Dry|p1a: Wo-Chien\n|-supereffective|p1a: Wo-Chien\n|-damage|p1a: Wo-Chien|46\/100\n|move|p2b: Talonflame|Will-O-Wisp|p1a: Wo-Chien|[miss]\n|-miss|p2b: Talonflame|p1a: Wo-Chien\n|move|p1a: Wo-Chien|Leaf Storm|p2a: Iron Bundle\n|-supereffective|p2a: Iron Bundle\n|-damage|p2a: Iron Bundle|0 fnt\n|-unboost|p1a: Wo-Chien|spa|2\n|faint|p2a: Iron Bundle\n|-end|p2a: Iron Bundle|Quark Drive|[silent]\n|\n|-weather|Sandstorm|[upkeep]\n|-damage|p1b: Arcanine|69\/100|[from] Sandstorm\n|-damage|p1a: Wo-Chien|40\/100|[from] Sandstorm\n|-heal|p1a: Wo-Chien|46\/100|[from] item: Leftovers\n|-end|p1b: Arcanine|move: Taunt\n|upkeep\n|\n|t:|1683145587\n|switch|p2a: Flutter Mane|Flutter Mane, L50|100\/100\n|turn|4\n|inactive|zippLapZapper has 30 seconds left.\n|\n|t:|1683145613\n|move|p2b: Talonflame|Will-O-Wisp|p1a: Wo-Chien\n|-status|p1a: Wo-Chien|brn\n|move|p2a: Flutter Mane|Moonblast|p1b: Arcanine\n|-resisted|p1b: Arcanine\n|-damage|p1b: Arcanine|38\/100\n|move|p1b: Arcanine|Flare Blitz|p2a: Flutter Mane\n|-damage|p2a: Flutter Mane|47\/100\n|-status|p2a: Flutter Mane|brn\n|-damage|p1b: Arcanine|25\/100|[from] Recoil\n|move|p1a: Wo-Chien|Pollen Puff|p1b: Arcanine\n|-heal|p1b: Arcanine|75\/100\n|\n|-weather|Sandstorm|[upkeep]\n|-damage|p2a: Flutter Mane|42\/100 brn|[from] Sandstorm\n|-damage|p1b: Arcanine|69\/100|[from] Sandstorm\n|-damage|p1a: Wo-Chien|40\/100 brn|[from] Sandstorm\n|-heal|p1a: Wo-Chien|46\/100 brn|[from] item: Leftovers\n|-damage|p2a: Flutter Mane|36\/100 brn|[from] brn\n|-damage|p1a: Wo-Chien|40\/100 brn|[from] brn\n|-end|p1a: Wo-Chien|move: Taunt\n|upkeep\n|turn|5\n|inactive|Ppjeanluc has 30 seconds left.\n|inactive|Ppjeanluc has 20 seconds left.\n|\n|t:|1683145651\n|move|p1a: Wo-Chien|Protect|p1a: Wo-Chien\n|-singleturn|p1a: Wo-Chien|Protect\n|move|p2b: Talonflame|Tailwind|p2b: Talonflame\n|-sidestart|p2: zippLapZapper|move: Tailwind\n|move|p2a: Flutter Mane|Moonblast|p1b: Arcanine\n|-resisted|p1b: Arcanine\n|-damage|p1b: Arcanine|39\/100\n|move|p1b: Arcanine|Flare Blitz|p2a: Flutter Mane\n|-crit|p2a: Flutter Mane\n|-damage|p2a: Flutter Mane|0 fnt\n|faint|p2a: Flutter Mane\n|-end|p2a: Flutter Mane|Protosynthesis|[silent]\n|-damage|p1b: Arcanine|31\/100|[from] Recoil\n|\n|-weather|none\n|-heal|p1a: Wo-Chien|46\/100 brn|[from] item: Leftovers\n|-damage|p1a: Wo-Chien|40\/100 brn|[from] brn\n|upkeep\n|\n|t:|1683145660\n|switch|p2a: Tyranitar|Tyranitar, L50, M, tera:Grass|95\/100\n|-weather|Sandstorm|[from] ability: Sand Stream|[of] p2a: Tyranitar\n|turn|6\n|inactive|Ppjeanluc has 30 seconds left.\n|inactive|Ppjeanluc has 20 seconds left.\n|\n|t:|1683145695\n|move|p1b: Arcanine|Protect|p1b: Arcanine\n|-singleturn|p1b: Arcanine|Protect\n|move|p2b: Talonflame|Will-O-Wisp|p1b: Arcanine\n|-activate|p1b: Arcanine|move: Protect\n|move|p2a: Tyranitar|Rock Slide|p1b: Arcanine|[spread] p1a\n|-activate|p1b: Arcanine|move: Protect\n|-damage|p1a: Wo-Chien|19\/100 brn\n|move|p1a: Wo-Chien|Leech Seed|p2b: Talonflame\n|-start|p2b: Talonflame|move: Leech Seed\n|\n|-weather|Sandstorm|[upkeep]\n|-damage|p2a: Tyranitar|89\/100|[from] Sandstorm\n|-damage|p1b: Arcanine|24\/100|[from] Sandstorm\n|-damage|p1a: Wo-Chien|12\/100 brn|[from] Sandstorm\n|-heal|p1a: Wo-Chien|19\/100 brn|[from] item: Leftovers\n|-damage|p2b: Talonflame|45\/100|[from] Leech Seed|[of] p1a: Wo-Chien\n|-heal|p1a: Wo-Chien|30\/100 brn|[silent]\n|-damage|p1a: Wo-Chien|24\/100 brn|[from] brn\n|upkeep\n|turn|7\n|inactive|Ppjeanluc has 30 seconds left.\n|\n|t:|1683145729\n|move|p2b: Talonflame|Brave Bird|p1a: Wo-Chien\n|-supereffective|p1a: Wo-Chien\n|-damage|p1a: Wo-Chien|0 fnt\n|faint|p1a: Wo-Chien\n|-damage|p2b: Talonflame|37\/100|[from] Recoil\n|move|p2a: Tyranitar|Rock Slide|p1b: Arcanine\n|-supereffective|p1b: Arcanine\n|-damage|p1b: Arcanine|0 fnt\n|faint|p1b: Arcanine\n|\n|-weather|Sandstorm|[upkeep]\n|-damage|p2a: Tyranitar|83\/100|[from] Sandstorm\n|upkeep\n|\n|t:|1683145743\n|switch|p1b: Flutter Mane|Flutter Mane, L50|100\/100\n|switch|p1a: Palafin|Palafin-Hero, L50, M|100\/100\n|-activate|p1a: Palafin|ability: Zero to Hero\n|-enditem|p1b: Flutter Mane|Booster Energy\n|-activate|p1b: Flutter Mane|ability: Protosynthesis|[fromitem]\n|-start|p1b: Flutter Mane|protosynthesisspa\n|turn|8\n|inactive|zippLapZapper has 30 seconds left.\n|inactive|zippLapZapper has 20 seconds left.\n|inactive|zippLapZapper has 15 seconds left.\n|\n|t:|1683145786\n|-terastallize|p1b: Flutter Mane|Fairy\n|move|p1a: Palafin|Jet Punch|p2b: Talonflame\n|-supereffective|p2b: Talonflame\n|-damage|p2b: Talonflame|0 fnt\n|faint|p2b: Talonflame\n|move|p2a: Tyranitar|Rock Slide|p1b: Flutter Mane|[spread] p1a,p1b\n|-damage|p1a: Palafin|72\/100\n|-damage|p1b: Flutter Mane|47\/100\n|move|p1b: Flutter Mane|Moonblast|p2a: Tyranitar\n|-damage|p2a: Tyranitar|27\/100\n|-unboost|p2a: Tyranitar|spa|1\n|\n|-weather|Sandstorm|[upkeep]\n|-damage|p2a: Tyranitar|21\/100|[from] Sandstorm\n|-damage|p1b: Flutter Mane|41\/100|[from] Sandstorm\n|-damage|p1a: Palafin|67\/100|[from] Sandstorm\n|-sideend|p2: zippLapZapper|move: Tailwind\n|upkeep\n|turn|9\n|\n|t:|1683145807\n|move|p1b: Flutter Mane|Moonblast|p2a: Tyranitar\n|-damage|p2a: Tyranitar|0 fnt\n|faint|p2a: Tyranitar\n|\n|win|Ppjeanluc\n|raw|Ppjeanluc's rating: 1488 → 1507<\/strong> (+19 for winning)\n|raw|zippLapZapper's rating: 1478 → 1459<\/strong> (-19 for losing)\n","uploadtime":1683145811,"views":8,"p1id":"ppjeanluc","p2id":"zipplapzapper","formatid":"gen9vgc2023regulationc","rating":1459,"private":0,"password":""}