{"id":"gen9vgc2023regulationc-1846570057","p1":"Ninjamuff3n","p2":"Welwitchia","format":"[Gen 9] VGC 2023 Regulation C","log":"|j|\u2606Ninjamuff3n\n|j|\u2606Welwitchia\n|t:|1681852708\n|gametype|doubles\n|player|p1|Ninjamuff3n|265|1049\n|player|p2|Welwitchia|pokemonbreeder-gen4|1048\n|teamsize|p1|6\n|teamsize|p2|6\n|gen|9\n|tier|[Gen 9] VGC 2023 Regulation C\n|rated|\n|rule|Species Clause: Limit one of each Pok\u00e9mon\n|rule|Item Clause: Limit one of each item\n|clearpoke\n|poke|p1|Torkoal, L50, M|\n|poke|p1|Scovillain, L50, F|\n|poke|p1|Lilligant, L50, F|\n|poke|p1|Garchomp, L50, F|\n|poke|p1|Scream Tail, L50|\n|poke|p1|Iron Jugulis, L50|\n|poke|p2|Gholdengo, L50|\n|poke|p2|Bellibolt, L50, F|\n|poke|p2|Scovillain, L50, M|\n|poke|p2|Oinkologne, L50, M|\n|poke|p2|Quaquaval, L50, F|\n|poke|p2|Garganacl, L50, F|\n|teampreview|4\n|\n|t:|1681852757\n|start\n|switch|p1a: Torkoal|Torkoal, L50, M|100\/100\n|switch|p1b: Lilligant|Lilligant, L50, F|100\/100\n|switch|p2a: Quaquaval|Quaquaval, L50, F, shiny|100\/100\n|switch|p2b: Garganacl|Garganacl, L50, F, shiny|100\/100\n|-weather|SunnyDay|[from] ability: Drought|[of] p1a: Torkoal\n|turn|1\n|\n|t:|1681852778\n|move|p1a: Torkoal|Protect|p1a: Torkoal\n|-singleturn|p1a: Torkoal|Protect\n|move|p1b: Lilligant|Leaf Storm|p2b: Garganacl\n|-supereffective|p2b: Garganacl\n|-damage|p2b: Garganacl|14\/100\n|-unboost|p1b: Lilligant|spa|2\n|-enditem|p2b: Garganacl|Sitrus Berry|[eat]\n|-heal|p2b: Garganacl|38\/100|[from] item: Sitrus Berry\n|move|p2a: Quaquaval|Aqua Step|p1a: Torkoal\n|-activate|p1a: Torkoal|move: Protect\n|move|p2b: Garganacl|Salt Cure|p1a: Torkoal\n|-activate|p1a: Torkoal|move: Protect\n|\n|-weather|SunnyDay|[upkeep]\n|upkeep\n|turn|2\n|\n|t:|1681852802\n|switch|p1a: Garchomp|Garchomp, L50, F|100\/100\n|-terastallize|p2a: Quaquaval|Ghost\n|move|p1b: Lilligant|Leaf Storm|p2b: Garganacl\n|-supereffective|p2b: Garganacl\n|-damage|p2b: Garganacl|0 fnt\n|-unboost|p1b: Lilligant|spa|2\n|faint|p2b: Garganacl\n|move|p2a: Quaquaval|Aqua Step|p1a: Garchomp\n|-damage|p1a: Garchomp|79\/100\n|-boost|p2a: Quaquaval|spe|1\n|-enditem|p1a: Garchomp|Mirror Herb\n|-boost|p1a: Garchomp|spe|1|[from] item: Mirror Herb\n|\n|-weather|SunnyDay|[upkeep]\n|upkeep\n|\n|t:|1681852816\n|switch|p2b: Scovillain|Scovillain, L50, M|100\/100\n|turn|3\n|\n|t:|1681852852\n|switch|p1b: Torkoal|Torkoal, L50, M|100\/100\n|move|p1a: Garchomp|Liquidation|p2b: Scovillain\n|-damage|p2b: Scovillain|77\/100\n|-unboost|p2b: Scovillain|def|1\n|move|p2a: Quaquaval|Ice Spinner|p1b: Torkoal\n|-resisted|p1b: Torkoal\n|-damage|p1b: Torkoal|90\/100\n|move|p2b: Scovillain|Will-O-Wisp|p1a: Garchomp\n|-status|p1a: Garchomp|brn\n|\n|-weather|SunnyDay|[upkeep]\n|-damage|p1a: Garchomp|73\/100 brn|[from] brn\n|-ability|p2b: Scovillain|Moody|boost\n|-boost|p2b: Scovillain|spe|2\n|-unboost|p2b: Scovillain|spd|1\n|upkeep\n|turn|4\n|\n|t:|1681852880\n|switch|p1b: Iron Jugulis|Iron Jugulis, L50|100\/100\n|-enditem|p1b: Iron Jugulis|Booster Energy\n|-activate|p1b: Iron Jugulis|ability: Quark Drive|[fromitem]\n|-start|p1b: Iron Jugulis|quarkdrivespe\n|move|p2b: Scovillain|Protect|p2b: Scovillain\n|-singleturn|p2b: Scovillain|Protect\n|move|p1a: Garchomp|Earthquake|p2b: Scovillain|[spread] p2a\n|-activate|p2b: Scovillain|move: Protect\n|-immune|p1b: Iron Jugulis\n|-damage|p2a: Quaquaval|75\/100\n|move|p2a: Quaquaval|Tera Blast|p1b: Iron Jugulis\n|-resisted|p1b: Iron Jugulis\n|-damage|p1b: Iron Jugulis|79\/100\n|\n|-weather|SunnyDay|[upkeep]\n|-damage|p1a: Garchomp|67\/100 brn|[from] brn\n|-ability|p2b: Scovillain|Moody|boost\n|-boost|p2b: Scovillain|def|2\n|-unboost|p2b: Scovillain|spa|1\n|upkeep\n|turn|5\n|\n|t:|1681852914\n|move|p1b: Iron Jugulis|Tailwind|p1b: Iron Jugulis\n|-sidestart|p1: Ninjamuff3n|move: Tailwind\n|move|p1a: Garchomp|Earthquake|p2b: Scovillain|[spread] p2a,p2b\n|-immune|p1b: Iron Jugulis\n|-damage|p2a: Quaquaval|50\/100\n|-damage|p2b: Scovillain|55\/100\n|move|p2a: Quaquaval|Ice Spinner|p1a: Garchomp\n|-supereffective|p1a: Garchomp\n|-damage|p1a: Garchomp|0 fnt\n|faint|p1a: Garchomp\n|move|p2b: Scovillain|Will-O-Wisp|p1b: Iron Jugulis\n|-status|p1b: Iron Jugulis|brn\n|\n|-weather|none\n|-damage|p1b: Iron Jugulis|73\/100 brn|[from] brn\n|-ability|p2b: Scovillain|Moody|boost\n|-boost|p2b: Scovillain|spd|2\n|-unboost|p2b: Scovillain|spa|1\n|upkeep\n|\n|t:|1681852930\n|switch|p1a: Lilligant|Lilligant, L50, F|100\/100\n|turn|6\n|\n|t:|1681852983\n|-terastallize|p1b: Iron Jugulis|Ground\n|move|p1b: Iron Jugulis|Earth Power|p2b: Scovillain\n|-damage|p2b: Scovillain|27\/100\n|move|p1a: Lilligant|Leaf Storm|p2a: Quaquaval\n|-damage|p2a: Quaquaval|0 fnt\n|-unboost|p1a: Lilligant|spa|2\n|faint|p2a: Quaquaval\n|move|p2b: Scovillain|Will-O-Wisp|p1a: Lilligant\n|-status|p1a: Lilligant|brn\n|\n|-damage|p1b: Iron Jugulis|67\/100 brn|[from] brn\n|-damage|p1a: Lilligant|94\/100 brn|[from] brn\n|-ability|p2b: Scovillain|Moody|boost\n|-boost|p2b: Scovillain|spa|2\n|-unboost|p2b: Scovillain|spd|1\n|upkeep\n|\n|t:|1681852996\n|switch|p2a: Fries|Gholdengo, L50|100\/100\n|turn|7\n|\n|t:|1681853024\n|-end|p1b: Iron Jugulis|Quark Drive|[silent]\n|switch|p1b: Torkoal|Torkoal, L50, M|90\/100\n|-weather|SunnyDay|[from] ability: Drought|[of] p1b: Torkoal\n|move|p1a: Lilligant|Protect|p1a: Lilligant\n|-singleturn|p1a: Lilligant|Protect\n|move|p2b: Scovillain|Energy Ball|p1b: Torkoal\n|-resisted|p1b: Torkoal\n|-damage|p1b: Torkoal|66\/100\n|-unboost|p1b: Torkoal|spd|1\n|move|p2a: Fries|Make It Rain|p1a: Lilligant|[spread] p1b\n|-activate|p1a: Lilligant|move: Protect\n|-resisted|p1b: Torkoal\n|-damage|p1b: Torkoal|6\/100\n|-unboost|p2a: Fries|spa|1\n|\n|-weather|SunnyDay|[upkeep]\n|-damage|p1a: Lilligant|88\/100 brn|[from] brn\n|-ability|p2b: Scovillain|Moody|boost\n|-boost|p2b: Scovillain|spe|2\n|-unboost|p2b: Scovillain|atk|1\n|upkeep\n|turn|8\n|\n|t:|1681853055\n|move|p1a: Lilligant|After You|p1b: Torkoal\n|-activate|p1b: Torkoal|move: After You\n|move|p1b: Torkoal|Heat Wave|p2b: Scovillain|[spread] p2a,p2b\n|-supereffective|p2a: Fries\n|-crit|p2a: Fries\n|-damage|p2a: Fries|0 fnt\n|-damage|p2b: Scovillain|0 fnt\n|faint|p2a: Fries\n|faint|p2b: Scovillain\n|\n|win|Ninjamuff3n\n|raw|Ninjamuff3n's rating: 1049 → 1082<\/strong> (+33 for winning)\n|raw|Welwitchia's rating: 1048 → 1031<\/strong> (-17 for losing)\n","uploadtime":1681853061,"views":9,"p1id":"ninjamuff3n","p2id":"welwitchia","formatid":"gen9vgc2023regulationc","rating":1031,"private":0,"password":""}