{"id":"gen9vgc2023regulationc-1855664077","p1":"Bandyzzzz","p2":"IAmAnissue","format":"[Gen 9] VGC 2023 Regulation C","log":"|j|\u2606Bandyzzzz\n|j|\u2606IAmAnissue\n|t:|1682971084\n|gametype|doubles\n|player|p1|Bandyzzzz|clerk|1113\n|player|p2|IAmAnissue|265|1105\n|teamsize|p1|6\n|teamsize|p2|6\n|gen|9\n|tier|[Gen 9] VGC 2023 Regulation C\n|rated|\n|rule|Species Clause: Limit one of each Pok\u00e9mon\n|rule|Item Clause: Limit one of each item\n|clearpoke\n|poke|p1|Coalossal, L50, M|\n|poke|p1|Tauros-Paldea-Aqua, L50, M|\n|poke|p1|Dragonite, L50, M|\n|poke|p1|Brute Bonnet, L50|\n|poke|p1|Grimmsnarl, L50, M|\n|poke|p1|Ting-Lu, L50|\n|poke|p2|Annihilape, L50, M|\n|poke|p2|Amoonguss, L50, M|\n|poke|p2|Gothitelle, L50, F|\n|poke|p2|Farigiraf, L50, M|\n|poke|p2|Azumarill, L50, M|\n|poke|p2|Ceruledge, L50, F|\n|teampreview|4\n|inactive|Battle timer is ON: inactive players will automatically lose when time's up. (requested by IAmAnissue)\n|inactive|Bandyzzzz also wants the timer to be on.\n|l|\u2606IAmAnissue\n|inactive|IAmAnissue disconnected and has a minute to reconnect!\n|player|p2|\n|j|\u2606IAmAnissue\n|inactive|IAmAnissue reconnected and has 75 seconds left.\n|player|p2|IAmAnissue|265\n|inactive|IAmAnissue has 60 seconds left.\n|\n|t:|1682971127\n|start\n|switch|p1a: Grimmsnarl|Grimmsnarl, L50, M|100\/100\n|switch|p1b: Coalossal|Coalossal, L50, M|100\/100\n|switch|p2a: Gothitelle|Gothitelle, L50, F|100\/100\n|switch|p2b: Walking Nuke|Azumarill, L50, M, shiny|100\/100\n|turn|1\n|\n|t:|1682971149\n|-terastallize|p2b: Walking Nuke|Water\n|-terastallize|p1b: Coalossal|Water\n|move|p2a: Gothitelle|Fake Out|p1a: Grimmsnarl\n|-damage|p1a: Grimmsnarl|95\/100\n|cant|p1a: Grimmsnarl|flinch\n|move|p2b: Walking Nuke|Liquidation|p1b: Coalossal\n|-resisted|p1b: Coalossal\n|-damage|p1b: Coalossal|74\/100\n|-ability|p1b: Coalossal|Steam Engine|boost\n|-boost|p1b: Coalossal|spe|6\n|move|p1b: Coalossal|Iron Defense|p1b: Coalossal\n|-boost|p1b: Coalossal|def|2\n|\n|upkeep\n|turn|2\n|\n|t:|1682971166\n|move|p1a: Grimmsnarl|Reflect|p1a: Grimmsnarl\n|-sidestart|p1: Bandyzzzz|Reflect\n|move|p1b: Coalossal|Heat Crash|p2a: Gothitelle\n|-damage|p2a: Gothitelle|66\/100\n|move|p2b: Walking Nuke|Play Rough|p1b: Coalossal\n|-damage|p1b: Coalossal|60\/100\n|move|p2a: Gothitelle|Trick Room|p2a: Gothitelle\n|-fieldstart|move: Trick Room|[of] p2a: Gothitelle\n|\n|upkeep\n|turn|3\n|\n|t:|1682971188\n|move|p1a: Grimmsnarl|Light Screen|p1a: Grimmsnarl\n|-sidestart|p1: Bandyzzzz|move: Light Screen\n|move|p2b: Walking Nuke|Play Rough|p1b: Coalossal\n|-damage|p1b: Coalossal|47\/100\n|move|p2a: Gothitelle|Psychic|p1b: Coalossal\n|-damage|p1b: Coalossal|32\/100\n|move|p1b: Coalossal|Heat Crash|p2a: Gothitelle\n|-damage|p2a: Gothitelle|32\/100\n|\n|upkeep\n|turn|4\n|\n|t:|1682971200\n|move|p2a: Gothitelle|Protect|p2a: Gothitelle\n|-singleturn|p2a: Gothitelle|Protect\n|move|p1a: Grimmsnarl|Parting Shot|p2b: Walking Nuke\n|-unboost|p2b: Walking Nuke|atk|1\n|-unboost|p2b: Walking Nuke|spa|1\n|\n|t:|1682971208\n|switch|p1a: Ting-Lu|Ting-Lu, L50|100\/100|[from] Parting Shot\n|-ability|p1a: Ting-Lu|Vessel of Ruin\n|move|p2b: Walking Nuke|Play Rough|p1b: Coalossal|[miss]\n|-miss|p2b: Walking Nuke|p1b: Coalossal\n|move|p1b: Coalossal|Rest|p1b: Coalossal\n|-status|p1b: Coalossal|slp|[from] move: Rest\n|-heal|p1b: Coalossal|100\/100 slp|[silent]\n|-enditem|p1b: Coalossal|Chesto Berry|[eat]\n|-curestatus|p1b: Coalossal|slp|[msg]\n|\n|upkeep\n|turn|5\n|\n|t:|1682971231\n|move|p1a: Ting-Lu|Ruination|p2b: Walking Nuke\n|-damage|p2b: Walking Nuke|51\/100\n|move|p2b: Walking Nuke|Brick Break|p1a: Ting-Lu\n|-sideend|p1: Bandyzzzz|Reflect\n|-sideend|p1: Bandyzzzz|move: Light Screen\n|-supereffective|p1a: Ting-Lu\n|-damage|p1a: Ting-Lu|80\/100\n|move|p2a: Gothitelle|Psychic|p1b: Coalossal\n|-damage|p1b: Coalossal|83\/100\n|move|p1b: Coalossal|Heat Crash|p2a: Gothitelle\n|-damage|p2a: Gothitelle|0 fnt\n|faint|p2a: Gothitelle\n|\n|-heal|p1a: Ting-Lu|87\/100|[from] item: Leftovers\n|upkeep\n|\n|t:|1682971238\n|switch|p2a: Zebra|Farigiraf, L50, M|100\/100\n|turn|6\n|\n|t:|1682971255\n|switch|p2b: Flame Body|Ceruledge, L50, F|100\/100\n|move|p2a: Zebra|Dazzling Gleam|p1a: Ting-Lu|[spread] p1a,p1b\n|-supereffective|p1a: Ting-Lu\n|-damage|p1a: Ting-Lu|55\/100\n|-damage|p1b: Coalossal|68\/100\n|-damage|p2a: Zebra|91\/100|[from] item: Life Orb\n|move|p1a: Ting-Lu|Ruination|p2a: Zebra\n|-damage|p2a: Zebra|46\/100\n|move|p1b: Coalossal|Body Press|p2b: Flame Body\n|-immune|p2b: Flame Body\n|\n|-heal|p1a: Ting-Lu|61\/100|[from] item: Leftovers\n|-fieldend|move: Trick Room\n|upkeep\n|turn|7\n|\n|t:|1682971277\n|move|p2b: Flame Body|Protect|p2b: Flame Body\n|-singleturn|p2b: Flame Body|Protect\n|move|p1b: Coalossal|Body Press|p2a: Zebra\n|-damage|p2a: Zebra|0 fnt\n|faint|p2a: Zebra\n|move|p1a: Ting-Lu|Ruination|p2b: Flame Body\n|-activate|p2b: Flame Body|move: Protect\n|\n|-heal|p1a: Ting-Lu|67\/100|[from] item: Leftovers\n|upkeep\n|\n|t:|1682971279\n|switch|p2a: Walking Nuke|Azumarill, L50, M, shiny, tera:Water|51\/100\n|turn|8\n|\n|t:|1682971300\n|move|p1a: Ting-Lu|Protect|p1a: Ting-Lu\n|-singleturn|p1a: Ting-Lu|Protect\n|move|p1b: Coalossal|Body Press|p2a: Walking Nuke\n|-damage|p2a: Walking Nuke|9\/100\n|move|p2b: Flame Body|Bulk Up|p2b: Flame Body\n|-boost|p2b: Flame Body|atk|1\n|-boost|p2b: Flame Body|def|1\n|move|p2a: Walking Nuke|Liquidation|p1a: Ting-Lu\n|-activate|p1a: Ting-Lu|move: Protect\n|\n|-heal|p1a: Ting-Lu|73\/100|[from] item: Leftovers\n|upkeep\n|turn|9\n|\n|t:|1682971321\n|move|p2a: Walking Nuke|Aqua Jet|p1a: Ting-Lu\n|-supereffective|p1a: Ting-Lu\n|-damage|p1a: Ting-Lu|40\/100\n|move|p1b: Coalossal|Body Press|p2a: Walking Nuke\n|-damage|p2a: Walking Nuke|0 fnt\n|faint|p2a: Walking Nuke\n|move|p2b: Flame Body|Bulk Up|p2b: Flame Body\n|-boost|p2b: Flame Body|atk|1\n|-boost|p2b: Flame Body|def|1\n|move|p1a: Ting-Lu|Earthquake|p2b: Flame Body|[spread] p1b,p2b\n|-supereffective|p2b: Flame Body\n|-damage|p1b: Coalossal|57\/100\n|-damage|p2b: Flame Body|61\/100\n|\n|-heal|p1a: Ting-Lu|46\/100|[from] item: Leftovers\n|upkeep\n|turn|10\n|\n|t:|1682971338\n|move|p1b: Coalossal|Iron Defense|p1b: Coalossal\n|-boost|p1b: Coalossal|def|2\n|move|p2b: Flame Body|Bitter Blade|p1a: Ting-Lu\n|-damage|p1a: Ting-Lu|0 fnt\n|-heal|p2b: Flame Body|90\/100|[from] drain|[of] p1a: Ting-Lu\n|faint|p1a: Ting-Lu\n|\n|upkeep\n|\n|t:|1682971347\n|switch|p1a: Brute Bonnet|Brute Bonnet, L50|100\/100\n|turn|11\n|\n|t:|1682971357\n|move|p1b: Coalossal|Iron Defense|p1b: Coalossal\n|-boost|p1b: Coalossal|def|2\n|move|p2b: Flame Body|Bitter Blade|p1a: Brute Bonnet\n|-supereffective|p1a: Brute Bonnet\n|-damage|p1a: Brute Bonnet|0 fnt\n|-heal|p2b: Flame Body|100\/100|[from] drain|[of] p1a: Brute Bonnet\n|faint|p1a: Brute Bonnet\n|-end|p1a: Brute Bonnet|Protosynthesis|[silent]\n|\n|upkeep\n|\n|t:|1682971367\n|switch|p1a: Grimmsnarl|Grimmsnarl, L50, M|95\/100\n|turn|12\n|\n|t:|1682971376\n|move|p1a: Grimmsnarl|Reflect|p1a: Grimmsnarl\n|-sidestart|p1: Bandyzzzz|Reflect\n|move|p1b: Coalossal|Heat Crash|p2b: Flame Body\n|-start|p2b: Flame Body|ability: Flash Fire\n|move|p2b: Flame Body|Bulk Up|p2b: Flame Body\n|-boost|p2b: Flame Body|atk|1\n|-boost|p2b: Flame Body|def|1\n|\n|upkeep\n|turn|13\n|\n|t:|1682971390\n|move|p1b: Coalossal|Body Press|p2b: Flame Body\n|-immune|p2b: Flame Body\n|move|p2b: Flame Body|Bulk Up|p2b: Flame Body\n|-boost|p2b: Flame Body|atk|1\n|-boost|p2b: Flame Body|def|1\n|move|p1a: Grimmsnarl|Spirit Break|p2b: Flame Body\n|-resisted|p2b: Flame Body\n|-damage|p2b: Flame Body|94\/100\n|\n|upkeep\n|turn|14\n|c|\u2606Bandyzzzz|damn!\n|-message|Bandyzzzz forfeited.\n|\n|win|IAmAnissue\n|raw|Bandyzzzz's rating: 1113 → 1087<\/strong> (-26 for losing)\n|raw|IAmAnissue's rating: 1105 → 1131<\/strong> (+26 for winning)\n|l|\u2606Bandyzzzz\n","uploadtime":1682971433,"views":18,"p1id":"bandyzzzz","p2id":"iamanissue","formatid":"gen9vgc2023regulationc","rating":1087,"private":0,"password":""}