{"id":"gen9vgc2023regulationc-1862193668","p1":"qwilfishfan5","p2":"Thiccbaby","format":"[Gen 9] VGC 2023 Regulation C","log":"|j|\u2606qwilfishfan5\n|j|\u2606Thiccbaby\n|t:|1683847773\n|gametype|doubles\n|player|p1|qwilfishfan5|265|1094\n|player|p2|Thiccbaby|170|1032\n|teamsize|p1|6\n|teamsize|p2|6\n|gen|9\n|tier|[Gen 9] VGC 2023 Regulation C\n|rated|\n|rule|Species Clause: Limit one of each Pok\u00e9mon\n|rule|Item Clause: Limit one of each item\n|clearpoke\n|poke|p1|Flutter Mane, L50|\n|poke|p1|Pyroar, L50, M|\n|poke|p1|Pincurchin, L50, F|\n|poke|p1|Iron Bundle, L50|\n|poke|p1|Iron Hands, L50|\n|poke|p1|Sawsbuck, L50, M|\n|poke|p2|Muk, L50, F|\n|poke|p2|Jumpluff, L50, M|\n|poke|p2|Medicham, L50, F|\n|poke|p2|Lilligant, L50, F|\n|poke|p2|Appletun, L50, F|\n|poke|p2|Veluza, L50, M|\n|teampreview|4\n|\n|t:|1683847789\n|start\n|switch|p1a: Iron Bundle|Iron Bundle, L50|100\/100\n|switch|p1b: Pincurchin|Pincurchin, L50, F|100\/100\n|switch|p2a: Veluza|Veluza, L50, M|100\/100\n|switch|p2b: Jumpluff|Jumpluff, L50, M|100\/100\n|-fieldstart|move: Electric Terrain|[from] ability: Electric Surge|[of] p1b: Pincurchin\n|-activate|p1a: Iron Bundle|ability: Quark Drive\n|-start|p1a: Iron Bundle|quarkdrivespe\n|turn|1\n|\n|t:|1683847806\n|move|p2b: Jumpluff|Rage Powder|p2b: Jumpluff\n|-singleturn|p2b: Jumpluff|move: Rage Powder\n|move|p1a: Iron Bundle|Icy Wind|p2a: Veluza|[spread] p2a\n|-miss|p1a: Iron Bundle|p2b: Jumpluff\n|-resisted|p2a: Veluza\n|-damage|p2a: Veluza|77\/100\n|-unboost|p2a: Veluza|spe|1\n|move|p2a: Veluza|Agility|p2a: Veluza\n|-boost|p2a: Veluza|spe|2\n|move|p1b: Pincurchin|Zing Zap|p2b: Jumpluff\n|-damage|p2b: Jumpluff|1\/100\n|-enditem|p2b: Jumpluff|Sitrus Berry|[eat]\n|-heal|p2b: Jumpluff|26\/100|[from] item: Sitrus Berry\n|\n|upkeep\n|turn|2\n|\n|t:|1683847837\n|move|p2b: Jumpluff|Helping Hand|p2a: Veluza\n|-singleturn|p2a: Veluza|Helping Hand|[of] p2b: Jumpluff\n|move|p1a: Iron Bundle|Icy Wind|p2b: Jumpluff|[spread] p2a,p2b\n|-resisted|p2a: Veluza\n|-supereffective|p2b: Jumpluff\n|-damage|p2a: Veluza|54\/100\n|-damage|p2b: Jumpluff|0 fnt\n|-unboost|p2a: Veluza|spe|1\n|faint|p2b: Jumpluff\n|move|p2a: Veluza|Aqua Cutter|p1b: Pincurchin\n|-damage|p1b: Pincurchin|5\/100\n|move|p1b: Pincurchin|Zing Zap|p2a: Veluza\n|-supereffective|p2a: Veluza\n|-damage|p2a: Veluza|0 fnt\n|faint|p2a: Veluza\n|\n|upkeep\n|\n|t:|1683847853\n|switch|p2b: Muk|Muk, L50, F|100\/100\n|switch|p2a: Medicham|Medicham, L50, F|100\/100\n|turn|3\n|\n|t:|1683847862\n|move|p2a: Medicham|Fake Out|p1b: Pincurchin\n|-damage|p1b: Pincurchin|0 fnt\n|faint|p1b: Pincurchin\n|-damage|p2a: Medicham|91\/100|[from] item: Life Orb\n|move|p1a: Iron Bundle|Icy Wind|p2a: Medicham|[spread] p2a,p2b\n|-damage|p2a: Medicham|39\/100\n|-damage|p2b: Muk|82\/100\n|-unboost|p2a: Medicham|spe|1\n|-unboost|p2b: Muk|spe|1\n|move|p2b: Muk|Minimize|p2b: Muk\n|-boost|p2b: Muk|evasion|2\n|\n|-heal|p2b: Muk|88\/100|[from] item: Black Sludge\n|upkeep\n|\n|t:|1683847869\n|switch|p1b: Iron Hands|Iron Hands, L50|100\/100\n|-activate|p1b: Iron Hands|ability: Quark Drive\n|-start|p1b: Iron Hands|quarkdriveatk\n|turn|4\n|\n|t:|1683847887\n|-terastallize|p1a: Iron Bundle|Ice\n|move|p2a: Medicham|Bullet Punch|p1a: Iron Bundle\n|-supereffective|p1a: Iron Bundle\n|-damage|p1a: Iron Bundle|49\/100\n|-damage|p2a: Medicham|29\/100|[from] item: Life Orb\n|move|p1a: Iron Bundle|Icy Wind|p2b: Muk|[spread] p2a\n|-miss|p1a: Iron Bundle|p2b: Muk\n|-damage|p2a: Medicham|0 fnt\n|faint|p2a: Medicham\n|move|p1b: Iron Hands|Thunder Punch|p2b: Muk|[miss]\n|-miss|p1b: Iron Hands|p2b: Muk\n|move|p2b: Muk|Minimize|p2b: Muk\n|-boost|p2b: Muk|evasion|2\n|\n|-heal|p2b: Muk|94\/100|[from] item: Black Sludge\n|upkeep\n|turn|5\n|\n|t:|1683847904\n|move|p2b: Muk|Protect|p2b: Muk\n|-singleturn|p2b: Muk|Protect\n|move|p1a: Iron Bundle|Icy Wind|p2b: Muk\n|-activate|p2b: Muk|move: Protect\n|move|p1b: Iron Hands|Thunder Punch|p2b: Muk\n|-activate|p2b: Muk|move: Protect\n|\n|-heal|p2b: Muk|99\/100|[from] item: Black Sludge\n|-fieldend|move: Electric Terrain\n|-end|p1a: Iron Bundle|Quark Drive\n|-end|p1b: Iron Hands|Quark Drive\n|upkeep\n|turn|6\n|\n|t:|1683847921\n|-end|p1a: Iron Bundle|Quark Drive|[silent]\n|switch|p1a: Flutter Mane|Flutter Mane, L50|100\/100\n|move|p1b: Iron Hands|Thunder Punch|p2b: Muk|[miss]\n|-miss|p1b: Iron Hands|p2b: Muk\n|move|p2b: Muk|Drain Punch|p1a: Flutter Mane\n|-immune|p1a: Flutter Mane\n|\n|-heal|p2b: Muk|100\/100|[from] item: Black Sludge\n|upkeep\n|turn|7\n|\n|t:|1683847934\n|move|p1a: Flutter Mane|Protect|p1a: Flutter Mane\n|-singleturn|p1a: Flutter Mane|Protect\n|move|p1b: Iron Hands|Thunder Punch|p2b: Muk\n|-damage|p2b: Muk|55\/100\n|move|p2b: Muk|Minimize|p2b: Muk\n|-boost|p2b: Muk|evasion|2\n|\n|-heal|p2b: Muk|61\/100|[from] item: Black Sludge\n|upkeep\n|turn|8\n|\n|t:|1683847945\n|move|p1a: Flutter Mane|Shadow Ball|p2b: Muk|[miss]\n|-miss|p1a: Flutter Mane|p2b: Muk\n|move|p1b: Iron Hands|Thunder Punch|p2b: Muk|[miss]\n|-miss|p1b: Iron Hands|p2b: Muk\n|move|p2b: Muk|Curse|p2b: Muk\n|-unboost|p2b: Muk|spe|1\n|-boost|p2b: Muk|atk|1\n|-boost|p2b: Muk|def|1\n|\n|-heal|p2b: Muk|67\/100|[from] item: Black Sludge\n|upkeep\n|turn|9\n|\n|t:|1683847957\n|move|p2b: Muk|Protect|p2b: Muk\n|-singleturn|p2b: Muk|Protect\n|move|p1a: Flutter Mane|Shadow Ball|p2b: Muk\n|-activate|p2b: Muk|move: Protect\n|move|p1b: Iron Hands|Thunder Punch|p2b: Muk\n|-activate|p2b: Muk|move: Protect\n|\n|-heal|p2b: Muk|74\/100|[from] item: Black Sludge\n|upkeep\n|turn|10\n|\n|t:|1683847968\n|move|p1a: Flutter Mane|Shadow Ball|p2b: Muk\n|-damage|p2b: Muk|47\/100\n|move|p1b: Iron Hands|Thunder Punch|p2b: Muk|[miss]\n|-miss|p1b: Iron Hands|p2b: Muk\n|move|p2b: Muk|Curse|p2b: Muk\n|-unboost|p2b: Muk|spe|1\n|-boost|p2b: Muk|atk|1\n|-boost|p2b: Muk|def|1\n|\n|-heal|p2b: Muk|53\/100|[from] item: Black Sludge\n|upkeep\n|turn|11\n|\n|t:|1683847980\n|move|p2b: Muk|Protect|p2b: Muk\n|-singleturn|p2b: Muk|Protect\n|move|p1a: Flutter Mane|Shadow Ball|p2b: Muk\n|-activate|p2b: Muk|move: Protect\n|move|p1b: Iron Hands|Thunder Punch|p2b: Muk\n|-activate|p2b: Muk|move: Protect\n|\n|-heal|p2b: Muk|59\/100|[from] item: Black Sludge\n|upkeep\n|turn|12\n|\n|t:|1683847993\n|move|p1a: Flutter Mane|Shadow Ball|p2b: Muk|[miss]\n|-miss|p1a: Flutter Mane|p2b: Muk\n|move|p1b: Iron Hands|Thunder Punch|p2b: Muk|[miss]\n|-miss|p1b: Iron Hands|p2b: Muk\n|move|p2b: Muk|Drain Punch|p1b: Iron Hands\n|-damage|p1b: Iron Hands|76\/100\n|-heal|p2b: Muk|75\/100|[from] drain|[of] p1b: Iron Hands\n|\n|-heal|p2b: Muk|81\/100|[from] item: Black Sludge\n|upkeep\n|turn|13\n|\n|t:|1683848007\n|move|p1a: Flutter Mane|Shadow Ball|p2b: Muk\n|-damage|p2b: Muk|55\/100\n|move|p1b: Iron Hands|Thunder Punch|p2b: Muk|[miss]\n|-miss|p1b: Iron Hands|p2b: Muk\n|move|p2b: Muk|Curse|p2b: Muk\n|-unboost|p2b: Muk|spe|1\n|-boost|p2b: Muk|atk|1\n|-boost|p2b: Muk|def|1\n|\n|-heal|p2b: Muk|61\/100|[from] item: Black Sludge\n|upkeep\n|turn|14\n|\n|t:|1683848020\n|move|p1a: Flutter Mane|Shadow Ball|p2b: Muk\n|-damage|p2b: Muk|36\/100\n|move|p1b: Iron Hands|Thunder Punch|p2b: Muk\n|-damage|p2b: Muk|17\/100\n|move|p2b: Muk|Drain Punch|p1b: Iron Hands\n|-damage|p1b: Iron Hands|48\/100\n|-heal|p2b: Muk|34\/100|[from] drain|[of] p1b: Iron Hands\n|\n|-heal|p2b: Muk|41\/100|[from] item: Black Sludge\n|upkeep\n|turn|15\n|\n|t:|1683848033\n|move|p2b: Muk|Protect|p2b: Muk\n|-singleturn|p2b: Muk|Protect\n|move|p1a: Flutter Mane|Shadow Ball|p2b: Muk\n|-activate|p2b: Muk|move: Protect\n|move|p1b: Iron Hands|Thunder Punch|p2b: Muk\n|-activate|p2b: Muk|move: Protect\n|\n|-heal|p2b: Muk|47\/100|[from] item: Black Sludge\n|upkeep\n|turn|16\n|\n|t:|1683848045\n|move|p1a: Flutter Mane|Shadow Ball|p2b: Muk|[miss]\n|-miss|p1a: Flutter Mane|p2b: Muk\n|move|p1b: Iron Hands|Thunder Punch|p2b: Muk\n|-crit|p2b: Muk\n|-damage|p2b: Muk|0 fnt\n|faint|p2b: Muk\n|\n|win|qwilfishfan5\n|raw|qwilfishfan5's rating: 1094 → 1115<\/strong> (+21 for winning)\n|raw|Thiccbaby's rating: 1032 → 1020<\/strong> (-12 for losing)\n|l|\u2606Thiccbaby\n","uploadtime":1683848056,"views":8,"p1id":"qwilfishfan5","p2id":"thiccbaby","formatid":"gen9vgc2023regulationc","rating":1020,"private":0,"password":""}