{"id":"gen9vgc2023regulationc-1862142314","p1":"qwilfishfan5","p2":"Herdis","format":"[Gen 9] VGC 2023 Regulation C","log":"|j|\u2606qwilfishfan5\n|j|\u2606Herdis\n|t:|1683841503\n|gametype|doubles\n|player|p1|qwilfishfan5|265|1084\n|player|p2|Herdis|170|1173\n|teamsize|p1|6\n|teamsize|p2|6\n|gen|9\n|tier|[Gen 9] VGC 2023 Regulation C\n|rated|\n|rule|Species Clause: Limit one of each Pok\u00e9mon\n|rule|Item Clause: Limit one of each item\n|clearpoke\n|poke|p1|Flutter Mane, L50|\n|poke|p1|Pyroar, L50, M|\n|poke|p1|Pincurchin, L50, M|\n|poke|p1|Iron Bundle, L50|\n|poke|p1|Iron Hands, L50|\n|poke|p1|Sawsbuck, L50, M|\n|poke|p2|Baxcalibur, L50, M|\n|poke|p2|Flutter Mane, L50|\n|poke|p2|Ceruledge, L50, M|\n|poke|p2|Gyarados, L50, M|\n|poke|p2|Ting-Lu, L50|\n|poke|p2|Amoonguss, L50, M|\n|teampreview|4\n|inactive|Battle timer is ON: inactive players will automatically lose when time's up. (requested by Herdis)\n|\n|t:|1683841547\n|start\n|switch|p1a: Sawsbuck|Sawsbuck, L50, M|100\/100\n|switch|p1b: Iron Bundle|Iron Bundle, L50|100\/100\n|switch|p2a: Ting-Lu|Ting-Lu, L50|100\/100\n|switch|p2b: Amoonguss|Amoonguss, L50, M|100\/100\n|-ability|p2a: Ting-Lu|Vessel of Ruin\n|turn|1\n|inactive|Herdis has 30 seconds left.\n|inactive|Herdis has 20 seconds left.\n|\n|t:|1683841586\n|move|p1a: Sawsbuck|Body Slam|p2a: Ting-Lu\n|-damage|p2a: Ting-Lu|79\/100\n|-status|p2a: Ting-Lu|par\n|move|p1b: Iron Bundle|Ice Beam|p2a: Ting-Lu\n|-supereffective|p2a: Ting-Lu\n|-damage|p2a: Ting-Lu|25\/100 par\n|move|p2b: Amoonguss|Pollen Puff|p2a: Ting-Lu\n|-heal|p2a: Ting-Lu|75\/100 par\n|move|p2a: Ting-Lu|Heavy Slam|p1b: Iron Bundle\n|-damage|p1b: Iron Bundle|46\/100\n|\n|upkeep\n|turn|2\n|\n|t:|1683841611\n|move|p1a: Sawsbuck|Body Slam|p2a: Ting-Lu\n|-crit|p2a: Ting-Lu\n|-damage|p2a: Ting-Lu|43\/100 par\n|move|p1b: Iron Bundle|Ice Beam|p2a: Ting-Lu\n|-supereffective|p2a: Ting-Lu\n|-damage|p2a: Ting-Lu|0 fnt\n|faint|p2a: Ting-Lu\n|move|p2b: Amoonguss|Pollen Puff|p2: Ting-Lu|[notarget]\n|-fail|p2b: Amoonguss\n|\n|upkeep\n|\n|t:|1683841623\n|switch|p2a: Flutter Mane|Flutter Mane, L50|100\/100\n|-enditem|p2a: Flutter Mane|Booster Energy\n|-activate|p2a: Flutter Mane|ability: Protosynthesis|[fromitem]\n|-start|p2a: Flutter Mane|protosynthesisspe\n|turn|3\n|\n|t:|1683841635\n|switch|p1a: Pincurchin|Pincurchin, L50, M|100\/100\n|-fieldstart|move: Electric Terrain|[from] ability: Electric Surge|[of] p1a: Pincurchin\n|-activate|p1b: Iron Bundle|ability: Quark Drive\n|-start|p1b: Iron Bundle|quarkdrivespe\n|move|p2b: Amoonguss|Rage Powder|p2b: Amoonguss\n|-singleturn|p2b: Amoonguss|move: Rage Powder\n|move|p1b: Iron Bundle|Ice Beam|p2b: Amoonguss\n|-supereffective|p2b: Amoonguss\n|-damage|p2b: Amoonguss|0 fnt\n|faint|p2b: Amoonguss\n|move|p2a: Flutter Mane|Thunderbolt|p1b: Iron Bundle\n|-supereffective|p1b: Iron Bundle\n|-damage|p1b: Iron Bundle|0 fnt\n|faint|p1b: Iron Bundle\n|-end|p1b: Iron Bundle|Quark Drive|[silent]\n|\n|upkeep\n|\n|t:|1683841651\n|switch|p1b: Iron Hands|Iron Hands, L50|100\/100\n|switch|p2b: Ceruledge|Ceruledge, L50, M|100\/100\n|-activate|p1b: Iron Hands|ability: Quark Drive\n|-start|p1b: Iron Hands|quarkdriveatk\n|turn|4\n|\n|t:|1683841670\n|-terastallize|p2b: Ceruledge|Grass\n|-terastallize|p1b: Iron Hands|Fairy\n|move|p2a: Flutter Mane|Moonblast|p1b: Iron Hands\n|-crit|p1b: Iron Hands\n|-damage|p1b: Iron Hands|56\/100\n|move|p2b: Ceruledge|Bitter Blade|p1b: Iron Hands\n|-damage|p1b: Iron Hands|19\/100\n|-damage|p2b: Ceruledge|90\/100|[from] item: Life Orb\n|move|p1b: Iron Hands|Thunder Punch|p2b: Ceruledge\n|-resisted|p2b: Ceruledge\n|-damage|p2b: Ceruledge|26\/100\n|move|p1a: Pincurchin|Zing Zap|p2a: Flutter Mane\n|-damage|p2a: Flutter Mane|0 fnt\n|faint|p2a: Flutter Mane\n|-end|p2a: Flutter Mane|Protosynthesis|[silent]\n|\n|upkeep\n|turn|5\n|\n|t:|1683841690\n|-end|p1b: Iron Hands|Quark Drive|[silent]\n|switch|p1b: Sawsbuck|Sawsbuck, L50, M|100\/100\n|move|p2b: Ceruledge|Bitter Blade|p1a: Pincurchin\n|-damage|p1a: Pincurchin|27\/100\n|-heal|p2b: Ceruledge|62\/100|[from] drain|[of] p1a: Pincurchin\n|-damage|p2b: Ceruledge|52\/100|[from] item: Life Orb\n|move|p1a: Pincurchin|Zing Zap|p2b: Ceruledge\n|-resisted|p2b: Ceruledge\n|-damage|p2b: Ceruledge|0 fnt\n|faint|p2b: Ceruledge\n|\n|win|qwilfishfan5\n|raw|qwilfishfan5's rating: 1084 → 1118<\/strong> (+34 for winning)\n|raw|Herdis's rating: 1173 → 1142<\/strong> (-31 for losing)\n","uploadtime":1683841705,"views":11,"p1id":"qwilfishfan5","p2id":"herdis","formatid":"gen9vgc2023regulationc","rating":1118,"private":0,"password":""}