{"id":"gen9vgc2023regulationc-1846692291","p1":"Mdc3599","p2":"civicVGC","format":"[Gen 9] VGC 2023 Regulation C","log":"|j|\u2606Mdc3599\n|j|\u2606civicVGC\n|t:|1681866521\n|gametype|doubles\n|player|p1|Mdc3599|pokekid|1300\n|player|p2|civicVGC|266|1355\n|teamsize|p1|6\n|teamsize|p2|6\n|gen|9\n|tier|[Gen 9] VGC 2023 Regulation C\n|rated|\n|rule|Species Clause: Limit one of each Pok\u00e9mon\n|rule|Item Clause: Limit one of each item\n|clearpoke\n|poke|p1|Magnezone, L50|\n|poke|p1|Murkrow, L50, M|\n|poke|p1|Flutter Mane, L50|\n|poke|p1|Chi-Yu, L50|\n|poke|p1|Glimmora, L50, M|\n|poke|p1|Maushold-Four, L50|\n|poke|p2|Ting-Lu, L50|\n|poke|p2|Dragonite, L50, F|\n|poke|p2|Flutter Mane, L50|\n|poke|p2|Annihilape, L50, F|\n|poke|p2|Amoonguss, L50, M|\n|poke|p2|Gyarados, L50, F|\n|teampreview|4\n|inactive|Battle timer is ON: inactive players will automatically lose when time's up. (requested by Mdc3599)\n|\n|t:|1681866564\n|start\n|switch|p1a: Glimmora|Glimmora, L50, M|100\/100\n|switch|p1b: Murkrow|Murkrow, L50, M|100\/100\n|switch|p2a: Ting-Lu|Ting-Lu, L50|100\/100\n|switch|p2b: Amoonguss|Amoonguss, L50, M|100\/100\n|-ability|p2a: Ting-Lu|Vessel of Ruin\n|turn|1\n|\n|t:|1681866586\n|switch|p2b: Gyarados|Gyarados, L50, F|100\/100\n|-ability|p2b: Gyarados|Intimidate|boost\n|-unboost|p1a: Glimmora|atk|1\n|-unboost|p1b: Murkrow|atk|1\n|move|p1b: Murkrow|Tailwind|p1b: Murkrow\n|-sidestart|p1: Mdc3599|move: Tailwind\n|move|p1a: Glimmora|Mortal Spin|p2b: Gyarados|[spread] p2a,p2b\n|-resisted|p2a: Ting-Lu\n|-damage|p2a: Ting-Lu|99\/100\n|-damage|p2b: Gyarados|98\/100\n|-status|p2a: Ting-Lu|psn\n|-status|p2b: Gyarados|psn\n|move|p2a: Ting-Lu|Earthquake|p1b: Murkrow|[spread] p1a\n|-immune|p2b: Gyarados\n|-immune|p1b: Murkrow\n|-supereffective|p1a: Glimmora\n|-damage|p1a: Glimmora|0 fnt\n|-activate|p1a: Glimmora|ability: Toxic Debris\n|-sidestart|p2: civicVGC|move: Toxic Spikes\n|faint|p1a: Glimmora\n|\n|-damage|p2b: Gyarados|85\/100 psn|[from] psn\n|-damage|p2a: Ting-Lu|87\/100 psn|[from] psn\n|upkeep\n|inactive|Mdc3599 has 30 seconds left.\n|\n|t:|1681866612\n|switch|p1a: Flutter Mane|Flutter Mane, L50|100\/100\n|turn|2\n|inactive|Mdc3599 has 30 seconds left.\n|\n|t:|1681866638\n|-terastallize|p1a: Flutter Mane|Fairy\n|move|p1a: Flutter Mane|Dazzling Gleam|p2a: Ting-Lu|[spread] p2a,p2b\n|-supereffective|p2a: Ting-Lu\n|-damage|p2a: Ting-Lu|39\/100 psn\n|-damage|p2b: Gyarados|51\/100 psn\n|move|p1b: Murkrow|Foul Play|p2a: Ting-Lu\n|-resisted|p2a: Ting-Lu\n|-damage|p2a: Ting-Lu|25\/100 psn\n|move|p2b: Gyarados|Leer|p1a: Flutter Mane|[spread] p1a,p1b\n|-unboost|p1a: Flutter Mane|def|1\n|-unboost|p1b: Murkrow|def|1\n|move|p2a: Ting-Lu|Payback|p1a: Flutter Mane\n|-resisted|p1a: Flutter Mane\n|-damage|p1a: Flutter Mane|18\/100\n|\n|-damage|p2b: Gyarados|39\/100 psn|[from] psn\n|-damage|p2a: Ting-Lu|13\/100 psn|[from] psn\n|upkeep\n|turn|3\n|inactive|civicVGC has 30 seconds left.\n|\n|t:|1681866667\n|move|p1b: Murkrow|Haze|p1b: Murkrow\n|-clearallboost\n|move|p1a: Flutter Mane|Dazzling Gleam|p2b: Gyarados|[spread] p2a,p2b\n|-supereffective|p2a: Ting-Lu\n|-damage|p2a: Ting-Lu|0 fnt\n|-damage|p2b: Gyarados|7\/100 psn\n|-enditem|p2b: Gyarados|Figy Berry|[eat]\n|-heal|p2b: Gyarados|40\/100 psn|[from] item: Figy Berry\n|faint|p2a: Ting-Lu\n|move|p2b: Gyarados|Waterfall|p1a: Flutter Mane\n|-damage|p1a: Flutter Mane|0 fnt\n|faint|p1a: Flutter Mane\n|-end|p1a: Flutter Mane|Protosynthesis|[silent]\n|\n|-damage|p2b: Gyarados|28\/100 psn|[from] psn\n|upkeep\n|\n|t:|1681866682\n|switch|p1a: Chi-Yu|Chi-Yu, L50|100\/100\n|switch|p2a: Amoonguss|Amoonguss, L50, M|100\/100\n|-ability|p1a: Chi-Yu|Beads of Ruin\n|-sideend|p2: civicVGC|move: Toxic Spikes|[of] p2a: Amoonguss\n|turn|4\n|\n|t:|1681866699\n|switch|p2b: Annihilape|Annihilape, L50, F|100\/100\n|-terastallize|p2a: Amoonguss|Water\n|move|p1a: Chi-Yu|Protect|p1a: Chi-Yu\n|-singleturn|p1a: Chi-Yu|Protect\n|move|p1b: Murkrow|Foul Play|p2b: Annihilape\n|-damage|p2b: Annihilape|57\/100\n|move|p2a: Amoonguss|Pollen Puff|p2b: Annihilape\n|-heal|p2b: Annihilape|100\/100\n|\n|-sideend|p1: Mdc3599|move: Tailwind\n|upkeep\n|turn|5\n|\n|t:|1681866721\n|move|p1b: Murkrow|Tailwind|p1b: Murkrow\n|-sidestart|p1: Mdc3599|move: Tailwind\n|move|p1a: Chi-Yu|Will-O-Wisp|p2b: Annihilape\n|-status|p2b: Annihilape|brn\n|move|p2b: Annihilape|Bulk Up|p2b: Annihilape\n|-boost|p2b: Annihilape|atk|1\n|-boost|p2b: Annihilape|def|1\n|move|p2a: Amoonguss|Spore|p1a: Chi-Yu\n|-status|p1a: Chi-Yu|slp|[from] move: Spore\n|\n|-damage|p2b: Annihilape|94\/100 brn|[from] brn\n|upkeep\n|turn|6\n|inactive|Mdc3599 has 30 seconds left.\n|c|\u2606Mdc3599|You like using amonguss?\n|inactive|Mdc3599 has 20 seconds left.\n|inactive|Mdc3599 has 15 seconds left.\n|\n|t:|1681866763\n|cant|p1a: Chi-Yu|slp\n|move|p1b: Murkrow|Foul Play|p2a: Amoonguss\n|-damage|p2a: Amoonguss|82\/100\n|move|p2b: Annihilape|Bulk Up|p2b: Annihilape\n|-boost|p2b: Annihilape|atk|1\n|-boost|p2b: Annihilape|def|1\n|move|p2a: Amoonguss|Spore|p1b: Murkrow\n|-status|p1b: Murkrow|slp|[from] move: Spore\n|\n|-heal|p2b: Annihilape|100\/100 brn|[from] item: Leftovers\n|-damage|p2b: Annihilape|94\/100 brn|[from] brn\n|upkeep\n|turn|7\n|inactive|civicVGC has 30 seconds left.\n|\n|t:|1681866788\n|switch|p2a: Gyarados|Gyarados, L50, F|28\/100 psn\n|-ability|p2a: Gyarados|Intimidate|boost\n|-unboost|p1a: Chi-Yu|atk|1\n|-unboost|p1b: Murkrow|atk|1\n|cant|p1a: Chi-Yu|slp\n|cant|p1b: Murkrow|slp\n|move|p2b: Annihilape|Bulk Up|p2b: Annihilape\n|-boost|p2b: Annihilape|atk|1\n|-boost|p2b: Annihilape|def|1\n|\n|-heal|p2b: Annihilape|100\/100 brn|[from] item: Leftovers\n|-damage|p2a: Gyarados|15\/100 psn|[from] psn\n|-damage|p2b: Annihilape|94\/100 brn|[from] brn\n|upkeep\n|turn|8\n|\n|t:|1681866809\n|move|p2b: Annihilape|Protect|p2b: Annihilape\n|-singleturn|p2b: Annihilape|Protect\n|-curestatus|p1a: Chi-Yu|slp|[msg]\n|move|p1a: Chi-Yu|Heat Wave|p2a: Gyarados|[spread] \n|-activate|p2b: Annihilape|move: Protect\n|-miss|p1a: Chi-Yu|p2a: Gyarados\n|-curestatus|p1b: Murkrow|slp|[msg]\n|move|p1b: Murkrow|Foul Play|p2b: Annihilape\n|-activate|p2b: Annihilape|move: Protect\n|move|p2a: Gyarados|Leer|p1b: Murkrow|[spread] p1a,p1b\n|-unboost|p1a: Chi-Yu|def|1\n|-unboost|p1b: Murkrow|def|1\n|\n|-heal|p2b: Annihilape|100\/100 brn|[from] item: Leftovers\n|-damage|p2a: Gyarados|3\/100 psn|[from] psn\n|-damage|p2b: Annihilape|94\/100 brn|[from] brn\n|-sideend|p1: Mdc3599|move: Tailwind\n|upkeep\n|turn|9\n|inactive|Mdc3599 has 30 seconds left.\n|\n|t:|1681866838\n|move|p1a: Chi-Yu|Heat Wave|p2a: Gyarados|[spread] p2a,p2b\n|-resisted|p2a: Gyarados\n|-crit|p2b: Annihilape\n|-damage|p2a: Gyarados|0 fnt\n|-damage|p2b: Annihilape|25\/100 brn\n|faint|p2a: Gyarados\n|move|p2b: Annihilape|Drain Punch|p1a: Chi-Yu\n|-supereffective|p1a: Chi-Yu\n|-enditem|p1a: Chi-Yu|Focus Sash\n|-damage|p1a: Chi-Yu|1\/100\n|-heal|p2b: Annihilape|56\/100 brn|[from] drain|[of] p1a: Chi-Yu\n|move|p1b: Murkrow|Foul Play|p2b: Annihilape\n|-damage|p2b: Annihilape|12\/100 brn\n|\n|-heal|p2b: Annihilape|18\/100 brn|[from] item: Leftovers\n|-damage|p2b: Annihilape|12\/100 brn|[from] brn\n|upkeep\n|\n|t:|1681866854\n|switch|p2a: Amoonguss|Amoonguss, L50, M, tera:Water|100\/100\n|turn|10\n|\n|t:|1681866873\n|move|p1a: Chi-Yu|Protect|p1a: Chi-Yu\n|-singleturn|p1a: Chi-Yu|Protect\n|move|p1b: Murkrow|Tailwind|p1b: Murkrow\n|-sidestart|p1: Mdc3599|move: Tailwind\n|move|p2b: Annihilape|Bulk Up|p2b: Annihilape\n|-boost|p2b: Annihilape|atk|1\n|-boost|p2b: Annihilape|def|1\n|move|p2a: Amoonguss|Pollen Puff|p1a: Chi-Yu\n|-activate|p1a: Chi-Yu|move: Protect\n|\n|-heal|p2b: Annihilape|18\/100 brn|[from] item: Leftovers\n|-damage|p2b: Annihilape|12\/100 brn|[from] brn\n|upkeep\n|turn|11\n|\n|t:|1681866893\n|move|p2b: Annihilape|Protect|p2b: Annihilape\n|-singleturn|p2b: Annihilape|Protect\n|move|p1a: Chi-Yu|Heat Wave|p2b: Annihilape|[spread] \n|-activate|p2b: Annihilape|move: Protect\n|-miss|p1a: Chi-Yu|p2a: Amoonguss\n|move|p1b: Murkrow|Foul Play|p2a: Amoonguss\n|-damage|p2a: Amoonguss|83\/100\n|move|p2a: Amoonguss|Pollen Puff|p1a: Chi-Yu\n|-damage|p1a: Chi-Yu|0 fnt\n|faint|p1a: Chi-Yu\n|\n|-heal|p2b: Annihilape|18\/100 brn|[from] item: Leftovers\n|-damage|p2b: Annihilape|12\/100 brn|[from] brn\n|upkeep\n|turn|12\n|inactive|civicVGC has 30 seconds left.\n|\n|t:|1681866921\n|move|p2a: Amoonguss|Rage Powder|p2a: Amoonguss\n|-singleturn|p2a: Amoonguss|move: Rage Powder\n|move|p1b: Murkrow|Foul Play|p2a: Amoonguss\n|-damage|p2a: Amoonguss|65\/100\n|move|p2b: Annihilape|Drain Punch|p1b: Murkrow\n|-damage|p1b: Murkrow|24\/100\n|-heal|p2b: Annihilape|42\/100 brn|[from] drain|[of] p1b: Murkrow\n|\n|-heal|p2b: Annihilape|49\/100 brn|[from] item: Leftovers\n|-damage|p2b: Annihilape|42\/100 brn|[from] brn\n|upkeep\n|turn|13\n|\n|t:|1681866940\n|move|p2a: Amoonguss|Rage Powder|p2a: Amoonguss\n|-singleturn|p2a: Amoonguss|move: Rage Powder\n|move|p1b: Murkrow|Haze|p1b: Murkrow\n|-clearallboost\n|move|p2b: Annihilape|Drain Punch|p1b: Murkrow\n|-damage|p1b: Murkrow|8\/100\n|-heal|p2b: Annihilape|49\/100 brn|[from] drain|[of] p1b: Murkrow\n|\n|-heal|p2b: Annihilape|55\/100 brn|[from] item: Leftovers\n|-damage|p2b: Annihilape|49\/100 brn|[from] brn\n|-sideend|p1: Mdc3599|move: Tailwind\n|upkeep\n|turn|14\n|inactive|Mdc3599 has 30 seconds left.\n|c|\u2606Mdc3599|Goddamn every single one of you mushroom players suck to play against\n|\n|t:|1681866973\n|move|p2a: Amoonguss|Rage Powder|p2a: Amoonguss\n|-singleturn|p2a: Amoonguss|move: Rage Powder\n|move|p2b: Annihilape|Drain Punch|p1b: Murkrow\n|-damage|p1b: Murkrow|0 fnt\n|-heal|p2b: Annihilape|52\/100 brn|[from] drain|[of] p1b: Murkrow\n|faint|p1b: Murkrow\n|\n|win|civicVGC\n|raw|Mdc3599's rating: 1300 → 1279<\/strong> (-21 for losing)\n|raw|civicVGC's rating: 1355 → 1372<\/strong> (+17 for winning)\n","uploadtime":1681866970,"views":14,"p1id":"mdc3599","p2id":"civicvgc","formatid":"gen9vgc2023regulationc","rating":1279,"private":0,"password":""}