{"id":"gen9vgc2023regulationc-1853188078","p1":"AnimeRedneck","p2":"chiptherip10","format":"[Gen 9] VGC 2023 Regulation C","log":"|j|\u2606AnimeRedneck\n|j|\u2606chiptherip10\n|t:|1682646097\n|gametype|doubles\n|player|p1|AnimeRedneck|pryce|\n|player|p2|chiptherip10|ltsurge|\n|teamsize|p1|6\n|teamsize|p2|6\n|gen|9\n|tier|[Gen 9] VGC 2023 Regulation C\n|rule|Species Clause: Limit one of each Pok\u00e9mon\n|rule|Item Clause: Limit one of each item\n|clearpoke\n|poke|p1|Mabosstiff, L50, M|\n|poke|p1|Corviknight, L50, F|\n|poke|p1|Pawmot, L50, M|\n|poke|p1|Dondozo, L50, F|\n|poke|p1|Tatsugiri, L50, F|\n|poke|p1|Chi-Yu, L50|\n|poke|p2|Breloom, L50, M|\n|poke|p2|Chien-Pao, L50|\n|poke|p2|Palafin, L50, F|\n|poke|p2|Kilowattrel, L50, M|\n|poke|p2|Iron Treads, L50|\n|poke|p2|Stantler, L50, F|\n|teampreview|4\n|inactive|Battle timer is ON: inactive players will automatically lose when time's up. (requested by chiptherip10)\nAnimeRedneck rejected open team sheets.\n|inactive|chiptherip10 has 60 seconds left.\n|inactiveoff|Battle timer is now OFF.\n|\n|t:|1682646164\n|start\n|switch|p1a: Zodiac|Tatsugiri, L50, F|100\/100\n|switch|p1b: Richard Ramirez|Chi-Yu, L50|100\/100\n|switch|p2a: Kilowattrel|Kilowattrel, L50, M, shiny|100\/100\n|switch|p2b: Palafin|Palafin, L50, F, shiny|100\/100\n|-ability|p1b: Richard Ramirez|Beads of Ruin\n|turn|1\n|j| gGusto\n|\n|t:|1682646198\n|detailschange|p2b: Palafin|Palafin-Hero, L50, F, shiny\n|switch|p2b: Stantler|Stantler, L50, F|100\/100\n|-ability|p2b: Stantler|Intimidate|boost\n|-unboost|p1a: Zodiac|atk|1\n|-unboost|p1b: Richard Ramirez|atk|1\n|switch|p1b: Dahmer|Mabosstiff, L50, M, shiny|100\/100\n|-ability|p1b: Dahmer|Intimidate|boost\n|-unboost|p2a: Kilowattrel|atk|1\n|-ability|p2a: Kilowattrel|Competitive|boost\n|-boost|p2a: Kilowattrel|spa|2\n|-unboost|p2b: Stantler|atk|1\n|-terastallize|p1a: Zodiac|Ground\n|move|p2a: Kilowattrel|Protect|p2a: Kilowattrel\n|-singleturn|p2a: Kilowattrel|Protect\n|move|p1a: Zodiac|Draco Meteor|p2a: Kilowattrel\n|-activate|p2a: Kilowattrel|move: Protect\n|\n|upkeep\n|turn|2\n|j| Azun\n|\n|t:|1682646265\n|switch|p2b: Palafin|Palafin-Hero, L50, F, shiny|100\/100\n|-activate|p2b: Palafin|ability: Zero to Hero\n|move|p2a: Kilowattrel|Air Slash|p1a: Zodiac\n|-damage|p1a: Zodiac|24\/100\n|move|p1b: Dahmer|Jaw Lock|p2b: Palafin\n|-damage|p2b: Palafin|42\/100\n|-activate|p1b: Dahmer|trapped\n|-activate|p2b: Palafin|trapped\n|-damage|p1b: Dahmer|91\/100|[from] item: Life Orb\n|cant|p1a: Zodiac|flinch\n|\n|upkeep\n|turn|3\n|\n|t:|1682646303\n|switch|p1a: Richard Ramirez|Chi-Yu, L50|100\/100\n|-ability|p1a: Richard Ramirez|Beads of Ruin\n|-terastallize|p2b: Palafin|Fairy\n|move|p2a: Kilowattrel|Air Slash|p1a: Richard Ramirez\n|-damage|p1a: Richard Ramirez|32\/100\n|move|p2b: Palafin|Tera Blast|p1b: Dahmer\n|-supereffective|p1b: Dahmer\n|-damage|p1b: Dahmer|0 fnt\n|faint|p1b: Dahmer\n|\n|upkeep\n|\n|t:|1682646316\n|switch|p1b: Ted Bundy|Pawmot, L50, M, shiny|100\/100\n|turn|4\n|\n|t:|1682646332\n|switch|p1a: Zodiac|Tatsugiri, L50, F, tera:Ground|24\/100\n|move|p2a: Kilowattrel|Protect|p2a: Kilowattrel\n|-singleturn|p2a: Kilowattrel|Protect\n|move|p2b: Palafin|Protect|p2b: Palafin\n|-singleturn|p2b: Palafin|Protect\n|move|p1b: Ted Bundy|Double Shock|p2a: Kilowattrel\n|-activate|p2a: Kilowattrel|move: Protect\n|\n|upkeep\n|turn|5\n|\n|t:|1682646358\n|move|p2b: Palafin|Jet Punch|p1a: Zodiac\n|-activate|p1a: Zodiac|ability: Storm Drain\n|-ability|p1a: Zodiac|Storm Drain|boost\n|-boost|p1a: Zodiac|spa|1\n|move|p2a: Kilowattrel|Air Slash|p1a: Zodiac\n|-damage|p1a: Zodiac|0 fnt\n|faint|p1a: Zodiac\n|move|p1b: Ted Bundy|Double Shock|p2a: Kilowattrel\n|-damage|p2a: Kilowattrel|2\/100\n|-start|p1b: Ted Bundy|typechange|???\/Fighting|[from] move: Double Shock\n|\n|upkeep\n|\n|t:|1682646369\n|switch|p1a: Richard Ramirez|Chi-Yu, L50|32\/100\n|-ability|p1a: Richard Ramirez|Beads of Ruin\n|turn|6\n|\n|t:|1682646399\n|move|p1a: Richard Ramirez|Protect|p1a: Richard Ramirez\n|-singleturn|p1a: Richard Ramirez|Protect\n|move|p2b: Palafin|Jet Punch|p1b: Ted Bundy\n|-damage|p1b: Ted Bundy|38\/100\n|move|p2a: Kilowattrel|Air Slash|p1b: Ted Bundy\n|-supereffective|p1b: Ted Bundy\n|-damage|p1b: Ted Bundy|0 fnt\n|faint|p1b: Ted Bundy\n|\n|upkeep\n|turn|7\n|\n|t:|1682646411\n|move|p2b: Palafin|Jet Punch|p1a: Richard Ramirez\n|-supereffective|p1a: Richard Ramirez\n|-damage|p1a: Richard Ramirez|0 fnt\n|faint|p1a: Richard Ramirez\n|\n|win|chiptherip10\n","uploadtime":1682646419,"views":7,"p1id":"animeredneck","p2id":"chiptherip10","formatid":"gen9vgc2023regulationc","rating":0,"private":0,"password":""}