{"id":"gen9vgc2023regulationc-1862883666","p1":"TonnyDolfing","p2":"Ecstra Ecstra","format":"[Gen 9] VGC 2023 Regulation C","log":"|j|\u2606TonnyDolfing\n|j|\u2606Ecstra Ecstra\n|t:|1683933476\n|gametype|doubles\n|player|p1|TonnyDolfing|lucas-gen4pt|1203\n|player|p2|Ecstra Ecstra|janitor|1291\n|teamsize|p1|6\n|teamsize|p2|6\n|gen|9\n|tier|[Gen 9] VGC 2023 Regulation C\n|rated|\n|rule|Species Clause: Limit one of each Pok\u00e9mon\n|rule|Item Clause: Limit one of each item\n|clearpoke\n|poke|p1|Flutter Mane, L50|\n|poke|p1|Amoonguss, L50, M|\n|poke|p1|Iron Hands, L50|\n|poke|p1|Iron Bundle, L50|\n|poke|p1|Gyarados, L50, F|\n|poke|p1|Chi-Yu, L50|\n|poke|p2|Bronzong, L50|\n|poke|p2|Crabominable, L50, F|\n|poke|p2|Grimmsnarl, L50, M|\n|poke|p2|Amoonguss, L50, F|\n|poke|p2|Hatterene, L50, F|\n|poke|p2|Ting-Lu, L50|\n|teampreview|4\n|inactive|Battle timer is ON: inactive players will automatically lose when time's up. (requested by Ecstra Ecstra)\n|\n|t:|1683933492\n|start\n|switch|p1a: Chi-Yu|Chi-Yu, L50|100\/100\n|switch|p1b: Iron Bundle|Iron Bundle, L50|100\/100\n|switch|p2a: Bronzong|Bronzong, L50|100\/100\n|switch|p2b: Grimmsnarl|Grimmsnarl, L50, M|100\/100\n|-ability|p1a: Chi-Yu|Beads of Ruin\n|-enditem|p1b: Iron Bundle|Booster Energy\n|-activate|p1b: Iron Bundle|ability: Quark Drive|[fromitem]\n|-start|p1b: Iron Bundle|quarkdrivespe\n|turn|1\n|\n|t:|1683933510\n|-terastallize|p2a: Bronzong|Fire\n|move|p2b: Grimmsnarl|Light Screen|p2b: Grimmsnarl\n|-sidestart|p2: Ecstra Ecstra|move: Light Screen\n|move|p1b: Iron Bundle|Icy Wind|p2b: Grimmsnarl|[spread] p2a,p2b\n|-resisted|p2a: Bronzong\n|-damage|p2a: Bronzong|92\/100\n|-damage|p2b: Grimmsnarl|81\/100\n|-unboost|p2a: Bronzong|spe|1\n|-unboost|p2b: Grimmsnarl|spe|1\n|move|p1a: Chi-Yu|Heat Wave|p2a: Bronzong|[spread] p2a,p2b\n|-resisted|p2a: Bronzong\n|-damage|p2a: Bronzong|75\/100\n|-damage|p2b: Grimmsnarl|44\/100\n|move|p2a: Bronzong|Trick Room|p2a: Bronzong\n|-fieldstart|move: Trick Room|[of] p2a: Bronzong\n|\n|-heal|p2a: Bronzong|80\/100|[from] item: Leftovers\n|upkeep\n|turn|2\n|\n|t:|1683933534\n|move|p1a: Chi-Yu|Protect|p1a: Chi-Yu\n|-singleturn|p1a: Chi-Yu|Protect\n|move|p1b: Iron Bundle|Protect|p1b: Iron Bundle\n|-singleturn|p1b: Iron Bundle|Protect\n|move|p2a: Bronzong|Body Press|p1b: Iron Bundle\n|-activate|p1b: Iron Bundle|move: Protect\n|move|p2b: Grimmsnarl|Spirit Break|p1b: Iron Bundle\n|-activate|p1b: Iron Bundle|move: Protect\n|\n|-heal|p2a: Bronzong|86\/100|[from] item: Leftovers\n|upkeep\n|turn|3\n|\n|t:|1683933560\n|-end|p1b: Iron Bundle|Quark Drive|[silent]\n|switch|p1b: Iron Hands|Iron Hands, L50|100\/100\n|move|p2b: Grimmsnarl|Parting Shot|p1b: Iron Hands\n|-unboost|p1b: Iron Hands|atk|1\n|-unboost|p1b: Iron Hands|spa|1\n|\n|t:|1683933566\n|switch|p2b: Crabominable|Crabominable, L50, F|100\/100|[from] Parting Shot\n|move|p2a: Bronzong|Body Press|p1a: Chi-Yu\n|-supereffective|p1a: Chi-Yu\n|-damage|p1a: Chi-Yu|4\/100\n|move|p1a: Chi-Yu|Dark Pulse|p2a: Bronzong\n|-damage|p2a: Bronzong|48\/100\n|\n|-heal|p2a: Bronzong|54\/100|[from] item: Leftovers\n|upkeep\n|turn|4\n|\n|t:|1683933593\n|move|p1a: Chi-Yu|Protect|p1a: Chi-Yu\n|-singleturn|p1a: Chi-Yu|Protect\n|move|p1b: Iron Hands|Fake Out|p2a: Bronzong\n|-damage|p2a: Bronzong|46\/100\n|cant|p2a: Bronzong|flinch\n|move|p2b: Crabominable|Ice Hammer|p1b: Iron Hands|[miss]\n|-miss|p2b: Crabominable|p1b: Iron Hands\n|\n|-heal|p2a: Bronzong|52\/100|[from] item: Leftovers\n|upkeep\n|turn|5\n|\n|t:|1683933612\n|switch|p1a: Amoonguss|Amoonguss, L50, M|100\/100\n|move|p2a: Bronzong|Body Press|p1a: Amoonguss\n|-resisted|p1a: Amoonguss\n|-damage|p1a: Amoonguss|90\/100\n|move|p2b: Crabominable|Ice Hammer|p1b: Iron Hands|[miss]\n|-miss|p2b: Crabominable|p1b: Iron Hands\n|move|p1b: Iron Hands|Volt Switch|p2b: Crabominable\n|-damage|p2b: Crabominable|93\/100\n|\n|t:|1683933624\n|-end|p1b: Iron Hands|Quark Drive|[silent]\n|switch|p1b: Chi-Yu|Chi-Yu, L50|4\/100|[from] Volt Switch\n|-ability|p1b: Chi-Yu|Beads of Ruin\n|\n|-heal|p2a: Bronzong|58\/100|[from] item: Leftovers\n|-fieldend|move: Trick Room\n|upkeep\n|turn|6\n|\n|t:|1683933638\n|switch|p2b: Grimmsnarl|Grimmsnarl, L50, M|44\/100\n|move|p1b: Chi-Yu|Heat Wave|p2b: Grimmsnarl|[spread] p2a,p2b\n|-resisted|p2a: Bronzong\n|-damage|p2a: Bronzong|40\/100\n|-damage|p2b: Grimmsnarl|6\/100\n|move|p1a: Amoonguss|Spore|p2b: Grimmsnarl\n|-status|p2b: Grimmsnarl|slp|[from] move: Spore\n|move|p2a: Bronzong|Trick Room|p2a: Bronzong\n|-fieldstart|move: Trick Room|[of] p2a: Bronzong\n|\n|-heal|p2a: Bronzong|46\/100|[from] item: Leftovers\n|upkeep\n|turn|7\n|inactive|TonnyDolfing has 30 seconds left.\n|\n|t:|1683933671\n|switch|p2a: Amoonguss|Amoonguss, L50, F|100\/100\n|switch|p1b: Iron Hands|Iron Hands, L50|100\/100\n|move|p1a: Amoonguss|Protect|p1a: Amoonguss\n|-singleturn|p1a: Amoonguss|Protect\n|cant|p2b: Grimmsnarl|slp\n|\n|upkeep\n|turn|8\n|\n|t:|1683933690\n|move|p1b: Iron Hands|Fake Out|p2a: Amoonguss\n|-damage|p2a: Amoonguss|87\/100\n|cant|p2b: Grimmsnarl|slp\n|cant|p2a: Amoonguss|flinch\n|move|p1a: Amoonguss|Pollen Puff|p2b: Grimmsnarl\n|-damage|p2b: Grimmsnarl|0 fnt\n|faint|p2b: Grimmsnarl\n|\n|-sideend|p2: Ecstra Ecstra|move: Light Screen\n|upkeep\n|\n|t:|1683933704\n|switch|p2b: Crabominable|Crabominable, L50, F|93\/100\n|turn|9\n|\n|t:|1683933719\n|-end|p1b: Iron Hands|Quark Drive|[silent]\n|switch|p1b: Iron Bundle|Iron Bundle, L50|100\/100\n|move|p2a: Amoonguss|Spore|p1b: Iron Bundle\n|-status|p1b: Iron Bundle|slp|[from] move: Spore\n|move|p1a: Amoonguss|Spore|p2b: Crabominable\n|-status|p2b: Crabominable|slp|[from] move: Spore\n|cant|p2b: Crabominable|slp\n|\n|upkeep\n|turn|10\n|inactive|Ecstra Ecstra has 30 seconds left.\n|\n|t:|1683933754\n|switch|p2a: Bronzong|Bronzong, L50, tera:Fire|46\/100\n|-end|p1b: Iron Bundle|Quark Drive|[silent]\n|switch|p1b: Chi-Yu|Chi-Yu, L50|4\/100\n|-ability|p1b: Chi-Yu|Beads of Ruin\n|move|p1a: Amoonguss|Protect|p1a: Amoonguss\n|-singleturn|p1a: Amoonguss|Protect\n|-curestatus|p2b: Crabominable|slp|[msg]\n|move|p2b: Crabominable|Thunder Punch|p1b: Chi-Yu\n|-damage|p1b: Chi-Yu|0 fnt\n|faint|p1b: Chi-Yu\n|\n|-heal|p2a: Bronzong|52\/100|[from] item: Leftovers\n|-fieldend|move: Trick Room\n|upkeep\n|\n|t:|1683933769\n|switch|p1b: Iron Hands|Iron Hands, L50|100\/100\n|turn|11\n|inactive|Ecstra Ecstra has 30 seconds left.\n|\n|t:|1683933797\n|move|p1b: Iron Hands|Fake Out|p2b: Crabominable\n|-damage|p2b: Crabominable|74\/100\n|cant|p2b: Crabominable|flinch\n|move|p1a: Amoonguss|Spore|p2a: Bronzong\n|-status|p2a: Bronzong|slp|[from] move: Spore\n|cant|p2a: Bronzong|slp\n|\n|-heal|p2a: Bronzong|57\/100 slp|[from] item: Leftovers\n|upkeep\n|turn|12\n|inactive|TonnyDolfing has 30 seconds left.\n|\n|t:|1683933824\n|switch|p2b: Amoonguss|Amoonguss, L50, F|100\/100\n|switch|p1a: Iron Bundle|Iron Bundle, L50|100\/100 slp\n|move|p1b: Iron Hands|Wild Charge|p2b: Amoonguss\n|-resisted|p2b: Amoonguss\n|-damage|p2b: Amoonguss|79\/100\n|-damage|p1b: Iron Hands|95\/100|[from] Recoil\n|-curestatus|p2a: Bronzong|slp|[msg]\n|move|p2a: Bronzong|Trick Room|p2a: Bronzong\n|-fieldstart|move: Trick Room|[of] p2a: Bronzong\n|\n|-heal|p2a: Bronzong|63\/100|[from] item: Leftovers\n|upkeep\n|turn|13\n|c|\u2606TonnyDolfing|omg... lol\n|inactive|TonnyDolfing has 30 seconds left.\n|\n|t:|1683933859\n|cant|p1a: Iron Bundle|slp\n|move|p2a: Bronzong|Body Press|p1a: Iron Bundle\n|-supereffective|p1a: Iron Bundle\n|-damage|p1a: Iron Bundle|36\/100 slp\n|move|p2b: Amoonguss|Pollen Puff|p2a: Bronzong\n|-heal|p2a: Bronzong|100\/100\n|move|p1b: Iron Hands|Volt Switch|p2a: Bronzong\n|-damage|p2a: Bronzong|88\/100\n|\n|t:|1683933869\n|-end|p1b: Iron Hands|Quark Drive|[silent]\n|switch|p1b: Amoonguss|Amoonguss, L50, M|100\/100|[from] Volt Switch\n|\n|-heal|p2a: Bronzong|94\/100|[from] item: Leftovers\n|upkeep\n|turn|14\n|\n|t:|1683933882\n|-end|p1a: Iron Bundle|Quark Drive|[silent]\n|switch|p1a: Iron Hands|Iron Hands, L50|95\/100\n|move|p2a: Bronzong|Body Press|p1a: Iron Hands\n|-damage|p1a: Iron Hands|75\/100\n|move|p2b: Amoonguss|Pollen Puff|p1a: Iron Hands\n|-resisted|p1a: Iron Hands\n|-damage|p1a: Iron Hands|70\/100\n|move|p1b: Amoonguss|Spore|p2a: Bronzong\n|-status|p2a: Bronzong|slp|[from] move: Spore\n|\n|-heal|p2a: Bronzong|99\/100 slp|[from] item: Leftovers\n|upkeep\n|turn|15\n|\n|t:|1683933901\n|cant|p2a: Bronzong|slp\n|move|p2b: Amoonguss|Spore|p1a: Iron Hands\n|-status|p1a: Iron Hands|slp|[from] move: Spore\n|move|p1b: Amoonguss|Pollen Puff|p2b: Amoonguss\n|-damage|p2b: Amoonguss|64\/100\n|cant|p1a: Iron Hands|slp\n|\n|-heal|p2a: Bronzong|100\/100 slp|[from] item: Leftovers\n|upkeep\n|turn|16\n|\n|t:|1683933925\n|switch|p2b: Crabominable|Crabominable, L50, F|74\/100\n|cant|p2a: Bronzong|slp\n|move|p1b: Amoonguss|Pollen Puff|p1a: Iron Hands\n|-heal|p1a: Iron Hands|100\/100 slp\n|cant|p1a: Iron Hands|slp\n|\n|-fieldend|move: Trick Room\n|upkeep\n|turn|17\n|\n|t:|1683933947\n|switch|p2b: Amoonguss|Amoonguss, L50, F|97\/100\n|-curestatus|p1a: Iron Hands|slp|[msg]\n|move|p1a: Iron Hands|Volt Switch|p2b: Amoonguss\n|-resisted|p2b: Amoonguss\n|-damage|p2b: Amoonguss|91\/100\n|\n|t:|1683933954\n|-end|p1a: Iron Hands|Quark Drive|[silent]\n|switch|p1a: Iron Bundle|Iron Bundle, L50|36\/100 slp|[from] Volt Switch\n|move|p1b: Amoonguss|Spore|p2b: Amoonguss\n|-immune|p2b: Amoonguss\n|cant|p2a: Bronzong|slp\n|\n|upkeep\n|turn|18\n|\n|t:|1683933974\n|cant|p1a: Iron Bundle|slp\n|move|p1b: Amoonguss|Pollen Puff|p1a: Iron Bundle\n|-heal|p1a: Iron Bundle|86\/100 slp\n|move|p2b: Amoonguss|Spore|p1a: Iron Bundle\n|-fail|p1a: Iron Bundle|slp\n|-curestatus|p2a: Bronzong|slp|[msg]\n|move|p2a: Bronzong|Trick Room|p2a: Bronzong\n|-fieldstart|move: Trick Room|[of] p2a: Bronzong\n|\n|upkeep\n|turn|19\n|\n|t:|1683933999\n|move|p1b: Amoonguss|Protect|p1b: Amoonguss\n|-singleturn|p1b: Amoonguss|Protect\n|cant|p1a: Iron Bundle|slp\n|move|p2a: Bronzong|Body Press|p1a: Iron Bundle\n|-supereffective|p1a: Iron Bundle\n|-damage|p1a: Iron Bundle|14\/100 slp\n|move|p2b: Amoonguss|Pollen Puff|p1a: Iron Bundle\n|-damage|p1a: Iron Bundle|0 fnt\n|faint|p1a: Iron Bundle\n|-end|p1a: Iron Bundle|Quark Drive|[silent]\n|\n|upkeep\n|\n|t:|1683934010\n|switch|p1a: Iron Hands|Iron Hands, L50|100\/100\n|turn|20\n|\n|t:|1683934019\n|move|p2a: Bronzong|Iron Defense|p2a: Bronzong\n|-boost|p2a: Bronzong|def|2\n|move|p2b: Amoonguss|Spore|p1a: Iron Hands\n|-status|p1a: Iron Hands|slp|[from] move: Spore\n|move|p1b: Amoonguss|Spore|p2a: Bronzong\n|-status|p2a: Bronzong|slp|[from] move: Spore\n|cant|p1a: Iron Hands|slp\n|\n|upkeep\n|turn|21\n|inactive|TonnyDolfing has 30 seconds left.\n|\n|t:|1683934034\n|cant|p2a: Bronzong|slp\n|move|p2b: Amoonguss|Pollen Puff|p1b: Amoonguss\n|-damage|p1b: Amoonguss|86\/100\n|move|p1b: Amoonguss|Pollen Puff|p2a: Bronzong\n|-resisted|p2a: Bronzong\n|-damage|p2a: Bronzong|92\/100 slp\n|cant|p1a: Iron Hands|slp\n|\n|-heal|p2a: Bronzong|98\/100 slp|[from] item: Leftovers\n|upkeep\n|turn|22\n|inactive|TonnyDolfing has 30 seconds left this turn.\n|inactive|TonnyDolfing has 20 seconds left.\n|\n|t:|1683934050\n|cant|p2a: Bronzong|slp\n|move|p2b: Amoonguss|Pollen Puff|p1b: Amoonguss\n|-damage|p1b: Amoonguss|71\/100\n|move|p1b: Amoonguss|Pollen Puff|p2b: Amoonguss\n|-damage|p2b: Amoonguss|76\/100\n|cant|p1a: Iron Hands|slp\n|\n|-heal|p2a: Bronzong|100\/100 slp|[from] item: Leftovers\n|-fieldend|move: Trick Room\n|upkeep\n|turn|23\n|inactive|TonnyDolfing has 20 seconds left this turn.\n|inactive|TonnyDolfing has 15 seconds left.\n|inactive|TonnyDolfing has 10 seconds left.\n|inactive|TonnyDolfing has 5 seconds left.\n|\n|t:|1683934065\n|-curestatus|p1a: Iron Hands|slp|[msg]\n|move|p1a: Iron Hands|Drain Punch|p2b: Amoonguss\n|-resisted|p2b: Amoonguss\n|-damage|p2b: Amoonguss|57\/100\n|move|p1b: Amoonguss|Spore|p2a: Bronzong\n|-fail|p2a: Bronzong|slp\n|move|p2b: Amoonguss|Pollen Puff|p1b: Amoonguss\n|-damage|p1b: Amoonguss|55\/100\n|cant|p2a: Bronzong|slp\n|\n|upkeep\n|turn|24\n|inactive|TonnyDolfing has 5 seconds left this turn.\n|-message|TonnyDolfing lost due to inactivity.\n|\n|win|Ecstra Ecstra\n|raw|TonnyDolfing's rating: 1203 → 1184<\/strong> (-19 for losing)\n|raw|Ecstra Ecstra's rating: 1291 → 1310<\/strong> (+19 for winning)\n|c|\u2606TonnyDolfing|nice battle :):):)\n|c|\u2606TonnyDolfing|gg\n|c|\u2606Ecstra Ecstra|Mushroom is crazy\n|c|\u2606Ecstra Ecstra|gg\n|l|\u2606Ecstra Ecstra\n|c|\u2606TonnyDolfing|this was so funny!\n","uploadtime":1683934129,"views":10,"p1id":"tonnydolfing","p2id":"ecstraecstra","formatid":"gen9vgc2023regulationc","rating":1184,"private":0,"password":""}