{"id":"gen9vgc2023regulationc-1852187118","p1":"orcoboio","p2":"Stonny","format":"[Gen 9] VGC 2023 Regulation C","log":"|j|\u2606orcoboio\n|j|\u2606Stonny\n|t:|1682531317\n|gametype|doubles\n|player|p1|orcoboio|169|1293\n|player|p2|Stonny|acetrainer-gen4dp|1383\n|teamsize|p1|6\n|teamsize|p2|6\n|gen|9\n|tier|[Gen 9] VGC 2023 Regulation C\n|rated|\n|rule|Species Clause: Limit one of each Pok\u00e9mon\n|rule|Item Clause: Limit one of each item\n|clearpoke\n|poke|p1|Abomasnow, L50, M|\n|poke|p1|Iron Bundle, L50|\n|poke|p1|Ceruledge, L50, M|\n|poke|p1|Flutter Mane, L50|\n|poke|p1|Gyarados, L50, M|\n|poke|p1|Maushold-Four, L50|\n|poke|p2|Ting-Lu, L50|\n|poke|p2|Chi-Yu, L50|\n|poke|p2|Flutter Mane, L50|\n|poke|p2|Iron Hands, L50|\n|poke|p2|Brute Bonnet, L50|\n|poke|p2|Rabsca, L50, F|\n|teampreview|4\n|inactive|Battle timer is ON: inactive players will automatically lose when time's up. (requested by Stonny)\n|\n|t:|1682531340\n|start\n|switch|p1a: Gyarados|Gyarados, L50, M|100\/100\n|switch|p1b: Ceruledge|Ceruledge, L50, M|100\/100\n|switch|p2a: Brute Bonnet|Brute Bonnet, L50|100\/100\n|switch|p2b: Garry|Rabsca, L50, F|100\/100\n|-ability|p1a: Gyarados|Intimidate|boost\n|-unboost|p2a: Brute Bonnet|atk|1\n|-unboost|p2b: Garry|atk|1\n|-enditem|p2a: Brute Bonnet|Booster Energy\n|-activate|p2a: Brute Bonnet|ability: Protosynthesis|[fromitem]\n|-start|p2a: Brute Bonnet|protosynthesisatk\n|turn|1\n|inactive|orcoboio has 30 seconds left.\n|inactive|Stonny has 30 seconds left.\n|\n|t:|1682531369\n|-terastallize|p1b: Ceruledge|Grass\n|move|p2a: Brute Bonnet|Sucker Punch||[still]\n|-fail|p2a: Brute Bonnet\n|move|p1a: Gyarados|Taunt|p2b: Garry\n|-start|p2b: Garry|move: Taunt\n|-enditem|p2b: Garry|Mental Herb\n|-end|p2b: Garry|move: Taunt\n|move|p1b: Ceruledge|Bulk Up|p1b: Ceruledge\n|-boost|p1b: Ceruledge|atk|1\n|-boost|p1b: Ceruledge|def|1\n|move|p2b: Garry|Trick Room|p2b: Garry\n|-fieldstart|move: Trick Room|[of] p2b: Garry\n|\n|upkeep\n|turn|2\n|\n|t:|1682531392\n|-end|p2a: Brute Bonnet|Protosynthesis|[silent]\n|switch|p2a: Thick|Iron Hands, L50|100\/100\n|move|p1b: Ceruledge|Protect|p1b: Ceruledge\n|-singleturn|p1b: Ceruledge|Protect\n|move|p2b: Garry|Bug Buzz|p1b: Ceruledge\n|-activate|p1b: Ceruledge|move: Protect\n|move|p1a: Gyarados|Taunt|p2a: Thick\n|-start|p2a: Thick|move: Taunt\n|\n|upkeep\n|turn|3\n|\n|t:|1682531415\n|move|p1a: Gyarados|Protect|p1a: Gyarados\n|-singleturn|p1a: Gyarados|Protect\n|move|p2a: Thick|Fake Out|p1b: Ceruledge\n|-damage|p1b: Ceruledge|88\/100\n|cant|p1b: Ceruledge|flinch\n|move|p2b: Garry|Bug Buzz|p1b: Ceruledge\n|-supereffective|p1b: Ceruledge\n|-damage|p1b: Ceruledge|15\/100\n|\n|upkeep\n|turn|4\n|inactive|orcoboio has 30 seconds left.\n|\n|t:|1682531444\n|move|p1b: Ceruledge|Shadow Sneak|p2b: Garry\n|-supereffective|p2b: Garry\n|-damage|p2b: Garry|50\/100\n|move|p2b: Garry|Bug Buzz|p1b: Ceruledge\n|-supereffective|p1b: Ceruledge\n|-damage|p1b: Ceruledge|0 fnt\n|faint|p1b: Ceruledge\n|move|p2a: Thick|Wild Charge|p1a: Gyarados\n|-supereffective|p1a: Gyarados\n|-damage|p1a: Gyarados|0 fnt\n|faint|p1a: Gyarados\n|-damage|p2a: Thick|78\/100|[from] Recoil\n|\n|-end|p2a: Thick|move: Taunt\n|upkeep\n|\n|t:|1682531453\n|switch|p1b: Iron Bundle|Iron Bundle, L50|100\/100\n|switch|p1a: Flutter Mane|Flutter Mane, L50|100\/100\n|-enditem|p1b: Iron Bundle|Booster Energy\n|-activate|p1b: Iron Bundle|ability: Quark Drive|[fromitem]\n|-start|p1b: Iron Bundle|quarkdrivespe\n|turn|5\n|inactive|Stonny has 30 seconds left.\n|\n|t:|1682531489\n|switch|p2b: Ruin Statue|Ting-Lu, L50|100\/100\n|-ability|p2b: Ruin Statue|Vessel of Ruin\n|move|p2a: Thick|Drain Punch|p1b: Iron Bundle\n|-supereffective|p1b: Iron Bundle\n|-damage|p1b: Iron Bundle|0 fnt\n|-heal|p2a: Thick|100\/100|[from] drain|[of] p1b: Iron Bundle\n|faint|p1b: Iron Bundle\n|-end|p1b: Iron Bundle|Quark Drive|[silent]\n|move|p1a: Flutter Mane|Dazzling Gleam|p2b: Ruin Statue|[spread] p2a,p2b\n|-supereffective|p2a: Thick\n|-supereffective|p2b: Ruin Statue\n|-damage|p2a: Thick|42\/100\n|-damage|p2b: Ruin Statue|33\/100\n|-enditem|p2b: Ruin Statue|Weakness Policy\n|-boost|p2b: Ruin Statue|atk|2|[from] item: Weakness Policy\n|-boost|p2b: Ruin Statue|spa|2|[from] item: Weakness Policy\n|\n|-fieldend|move: Trick Room\n|upkeep\n|turn|6\n|inactive|Stonny has 30 seconds left.\n|inactive|Stonny has 20 seconds left.\n|inactive|Stonny has 15 seconds left.\n|\n|t:|1682531532\n|move|p1a: Flutter Mane|Dazzling Gleam|p2a: Thick|[spread] p2a,p2b\n|-supereffective|p2a: Thick\n|-supereffective|p2b: Ruin Statue\n|-damage|p2a: Thick|0 fnt\n|-damage|p2b: Ruin Statue|0 fnt\n|faint|p2a: Thick\n|-end|p2a: Thick|Quark Drive|[silent]\n|faint|p2b: Ruin Statue\n|\n|upkeep\n|\n|t:|1682531536\n|switch|p2a: Garry|Rabsca, L50, F|50\/100\n|switch|p2b: Brute Bonnet|Brute Bonnet, L50|100\/100\n|turn|7\n|\n|t:|1682531544\n|-terastallize|p2b: Brute Bonnet|Poison\n|move|p2b: Brute Bonnet|Sucker Punch|p1a: Flutter Mane\n|-damage|p1a: Flutter Mane|38\/100\n|move|p1a: Flutter Mane|Dazzling Gleam|p2a: Garry|[spread] p2a,p2b\n|-resisted|p2b: Brute Bonnet\n|-damage|p2a: Garry|2\/100\n|-damage|p2b: Brute Bonnet|81\/100\n|move|p2a: Garry|Trick Room|p2a: Garry\n|-fieldstart|move: Trick Room|[of] p2a: Garry\n|\n|upkeep\n|turn|8\n|\n|t:|1682531555\n|move|p2a: Garry|Revival Blessing|p2a: Garry\n|\n|t:|1682531558\n|-heal|p2: Ruin Statue|50\/100|[from] move: Revival Blessing\n|move|p2b: Brute Bonnet|Seed Bomb|p1a: Flutter Mane\n|-damage|p1a: Flutter Mane|0 fnt\n|faint|p1a: Flutter Mane\n|-end|p1a: Flutter Mane|Protosynthesis|[silent]\n|\n|win|Stonny\n|raw|orcoboio's rating: 1293 → 1274<\/strong> (-19 for losing)\n|raw|Stonny's rating: 1383 → 1398<\/strong> (+15 for winning)\n|l|\u2606orcoboio\n|l|\u2606Stonny\n|j|\u2606Stonny\n|player|p2|Stonny|acetrainer-gen4dp\n","uploadtime":1682531595,"views":13,"p1id":"orcoboio","p2id":"stonny","formatid":"gen9vgc2023regulationc","rating":1274,"private":0,"password":""}