{"id":"gen9vgc2023regulationc-1856560231","p1":"Xurcitree","p2":"Borghi","format":"[Gen 9] VGC 2023 Regulation C","log":"|j|\u2606Xurcitree\n|j|\u2606Borghi\n|t:|1683075821\n|gametype|doubles\n|player|p1|Xurcitree|265|\n|player|p2|Borghi|blue-masters|\n|teamsize|p1|6\n|teamsize|p2|6\n|gen|9\n|tier|[Gen 9] VGC 2023 Regulation C\n|rated|Tournament battle\n|rule|Species Clause: Limit one of each Pok\u00e9mon\n|rule|Item Clause: Limit one of each item\n|clearpoke\n|poke|p1|Maushold, L50|\n|poke|p1|Gholdengo, L50|\n|poke|p1|Arcanine, L50, F|\n|poke|p1|Iron Bundle, L50|\n|poke|p1|Roaring Moon, L50|\n|poke|p1|Ting-Lu, L50|\n|poke|p2|Glimmora, L50, F|\n|poke|p2|Flutter Mane, L50|\n|poke|p2|Chi-Yu, L50|\n|poke|p2|Chien-Pao, L50|\n|poke|p2|Dragonite, L50, F|\n|poke|p2|Farigiraf, L50, F|\n|teampreview|4\n|raw| Open Team Sheet for Xurcitree<\/summary>Maushold @ Safety Goggles Ability: Friend Guard Level: 50 Tera Type: Ghost - Protect - Follow Me - Super Fang - Helping Hand Gholdengo @ Leftovers Ability: Good as Gold Level: 50 Tera Type: Water - Protect - Nasty Plot - Make It Rain - Shadow Ball Arcanine @ Sitrus Berry Ability: Intimidate Level: 50 Tera Type: Grass - Protect - Flare Blitz - Will-O-Wisp - Extreme Speed Iron Bundle @ Focus Sash Ability: Quark Drive Level: 50 Tera Type: Ghost - Protect - Freeze-Dry - Hydro Pump - Encore Roaring Moon @ Booster Energy Ability: Protosynthesis Level: 50 Tera Type: Flying - Protect - Dragon Dance - Acrobatics - Throat Chop Ting-Lu @ Assault Vest Ability: Vessel of Ruin Level: 50 Tera Type: Water - Stomping Tantrum - Ruination - Heavy Slam - Payback <\/details><\/div> Open Team Sheet for Borghi<\/summary>Glimmora @ Assault Vest Ability: Toxic Debris Level: 50 Tera Type: Grass - Power Gem - Energy Ball - Earth Power - Mortal Spin Flutter Mane @ Choice Specs Ability: Protosynthesis Level: 50 Tera Type: Fairy - Moonblast - Shadow Ball - Dazzling Gleam - Hex Chi-Yu @ Life Orb Ability: Beads of Ruin Level: 50 Tera Type: Grass - Protect - Heat Wave - Dark Pulse - Tera Blast Chien-Pao @ Focus Sash Ability: Sword of Ruin Level: 50 Tera Type: Dark - Protect - Ice Spinner - Sucker Punch - Haze Dragonite @ Lum Berry Ability: Multiscale Level: 50 Tera Type: Flying - Tera Blast - Outrage - Extreme Speed - Tailwind Farigiraf @ Safety Goggles Ability: Armor Tail Level: 50 Tera Type: Fire - Trick Room - Imprison - Protect - Hyper Voice <\/details><\/div>\n|inactive|Battle timer is ON: inactive players will automatically lose when time's up. (requested by Borghi)\n|j| Radio Free C-Side\n|inactive|Xurcitree has 60 seconds left.\n|inactive|Borghi has 60 seconds left.\n|j| Offbrand Octillery\n|inactive|Borghi has 30 seconds left.\n|\n|t:|1683075884\n|start\n|switch|p1a: Gholdengo|Gholdengo, L50|100\/100\n|switch|p1b: Ting-Lu|Ting-Lu, L50|100\/100\n|switch|p2a: Dragonite|Dragonite, L50, F|100\/100\n|switch|p2b: Glimmora|Glimmora, L50, F|100\/100\n|-ability|p1b: Ting-Lu|Vessel of Ruin\n|turn|1\n|inactive|Xurcitree has 30 seconds left.\n|\n|t:|1683075911\n|switch|p1a: Maushold|Maushold, L50|100\/100\n|-terastallize|p2b: Glimmora|Grass\n|move|p2a: Dragonite|Tailwind|p2a: Dragonite\n|-sidestart|p2: Borghi|move: Tailwind\n|move|p2b: Glimmora|Energy Ball|p1a: Maushold\n|-damage|p1a: Maushold|54\/100\n|move|p1b: Ting-Lu|Ruination|p2a: Dragonite\n|-damage|p2a: Dragonite|50\/100\n|\n|upkeep\n|turn|2\n|j| repeatt\n|\n|t:|1683075930\n|move|p1a: Maushold|Protect|p1a: Maushold\n|-singleturn|p1a: Maushold|Protect\n|move|p2a: Dragonite|Outrage|p1b: Ting-Lu\n|-damage|p1b: Ting-Lu|70\/100\n|move|p2b: Glimmora|Mortal Spin|p1b: Ting-Lu|[spread] p1b\n|-activate|p1a: Maushold|move: Protect\n|-resisted|p1b: Ting-Lu\n|-damage|p1b: Ting-Lu|69\/100\n|-status|p1b: Ting-Lu|psn\n|move|p1b: Ting-Lu|Payback|p2a: Dragonite\n|-damage|p2a: Dragonite|3\/100\n|\n|-damage|p1b: Ting-Lu|57\/100 psn|[from] psn\n|upkeep\n|turn|3\n|inactive|Xurcitree has 30 seconds left.\n|\n|t:|1683075963\n|switch|p1a: Gholdengo|Gholdengo, L50|100\/100\n|move|p2a: Dragonite|Outrage|p1b: Ting-Lu|[from]lockedmove\n|-damage|p1b: Ting-Lu|12\/100 psn\n|-start|p2a: Dragonite|confusion|[fatigue]\n|-enditem|p2a: Dragonite|Lum Berry|[eat]\n|-end|p2a: Dragonite|confusion\n|move|p2b: Glimmora|Energy Ball|p1a: Gholdengo\n|-resisted|p1a: Gholdengo\n|-damage|p1a: Gholdengo|81\/100\n|move|p1b: Ting-Lu|Ruination|p2b: Glimmora\n|-damage|p2b: Glimmora|50\/100\n|\n|-heal|p1a: Gholdengo|87\/100|[from] item: Leftovers\n|-damage|p1b: Ting-Lu|0 fnt|[from] psn\n|faint|p1b: Ting-Lu\n|upkeep\n|\n|t:|1683075979\n|switch|p1b: Maushold|Maushold, L50|54\/100\n|turn|4\n|\n|t:|1683075999\n|move|p1b: Maushold|Protect|p1b: Maushold\n|-singleturn|p1b: Maushold|Protect\n|move|p2a: Dragonite|Extreme Speed|p1b: Maushold\n|-activate|p1b: Maushold|move: Protect\n|move|p2b: Glimmora|Earth Power|p1a: Gholdengo\n|-supereffective|p1a: Gholdengo\n|-damage|p1a: Gholdengo|33\/100\n|move|p1a: Gholdengo|Make It Rain|p2a: Dragonite|[spread] p2a,p2b\n|-damage|p2a: Dragonite|0 fnt\n|-damage|p2b: Glimmora|11\/100\n|-unboost|p1a: Gholdengo|spa|1\n|faint|p2a: Dragonite\n|\n|-heal|p1a: Gholdengo|39\/100|[from] item: Leftovers\n|-sideend|p2: Borghi|move: Tailwind\n|upkeep\n|\n|t:|1683076022\n|switch|p2a: Chien-Pao|Chien-Pao, L50|100\/100\n|-ability|p2a: Chien-Pao|Sword of Ruin\n|turn|5\n|j|+ansena(\u25e1 \u203f \u25e1 \u273f)\n|\n|t:|1683076046\n|-terastallize|p1b: Maushold|Ghost\n|move|p1b: Maushold|Follow Me|p1b: Maushold\n|-singleturn|p1b: Maushold|move: Follow Me\n|move|p2a: Chien-Pao|Ice Spinner|p1b: Maushold\n|-damage|p1b: Maushold|7\/100\n|move|p1a: Gholdengo|Make It Rain|p2a: Chien-Pao|[spread] p2a,p2b\n|-supereffective|p2a: Chien-Pao\n|-enditem|p2a: Chien-Pao|Focus Sash\n|-damage|p2a: Chien-Pao|1\/100\n|-damage|p2b: Glimmora|0 fnt\n|-unboost|p1a: Gholdengo|spa|1\n|faint|p2b: Glimmora\n|\n|-heal|p1a: Gholdengo|45\/100|[from] item: Leftovers\n|upkeep\n|\n|t:|1683076059\n|switch|p2b: Flutter Mane|Flutter Mane, L50|100\/100\n|turn|6\n|\n|t:|1683076071\n|move|p1a: Gholdengo|Protect|p1a: Gholdengo\n|-singleturn|p1a: Gholdengo|Protect\n|move|p2a: Chien-Pao|Ice Spinner|p1b: Maushold\n|-damage|p1b: Maushold|0 fnt\n|faint|p1b: Maushold\n|move|p2b: Flutter Mane|Shadow Ball|p1a: Gholdengo\n|-activate|p1a: Gholdengo|move: Protect\n|\n|-heal|p1a: Gholdengo|51\/100|[from] item: Leftovers\n|upkeep\n|\n|t:|1683076079\n|switch|p1b: Iron Bundle|Iron Bundle, L50|100\/100\n|turn|7\n|inactive|Borghi has 30 seconds left.\n|inactive|Borghi has 20 seconds left.\n|\n|t:|1683076116\n|move|p2a: Chien-Pao|Protect|p2a: Chien-Pao\n|-singleturn|p2a: Chien-Pao|Protect\n|move|p1b: Iron Bundle|Freeze-Dry|p2a: Chien-Pao\n|-activate|p2a: Chien-Pao|move: Protect\n|move|p2b: Flutter Mane|Shadow Ball|p1b: Iron Bundle\n|-enditem|p1b: Iron Bundle|Focus Sash\n|-damage|p1b: Iron Bundle|1\/100\n|move|p1a: Gholdengo|Make It Rain|p2a: Chien-Pao|[spread] p2b\n|-activate|p2a: Chien-Pao|move: Protect\n|-supereffective|p2b: Flutter Mane\n|-damage|p2b: Flutter Mane|58\/100\n|-unboost|p1a: Gholdengo|spa|1\n|\n|-heal|p1a: Gholdengo|57\/100|[from] item: Leftovers\n|upkeep\n|turn|8\n|c|\u2606Xurcitree|gg\n|j| rina slaywayama\n|\n|t:|1683076135\n|move|p2a: Chien-Pao|Sucker Punch|p1b: Iron Bundle\n|-damage|p1b: Iron Bundle|0 fnt\n|faint|p1b: Iron Bundle\n|-end|p1b: Iron Bundle|Quark Drive|[silent]\n|move|p2b: Flutter Mane|Shadow Ball|p1a: Gholdengo\n|-supereffective|p1a: Gholdengo\n|-damage|p1a: Gholdengo|0 fnt\n|faint|p1a: Gholdengo\n|\n|win|Borghi\n|n|\u2606Xurcitree|xurcitree\n|n|\u2606Borghi|borghi\n|n| Radio Free C-Side|radiofreecside\n|n| Offbrand Octillery|offbrandoctillery\n|n| repeatt|repeatt\n|n| ansena(\u25e1 \u203f \u25e1 \u273f)|ansena\n|n| rina slaywayama|rinaslaywayama\n|c|\u2606Borghi|gg\n|l| ansena(\u25e1 \u203f \u25e1 \u273f)\n|j| baldafor\n|l|\u2606Xurcitree\n|l| Offbrand Octillery\n|l| Radio Free C-Side\n|l| repeatt\n|j| NotoriousM.I.D.\n|l| NotoriousM.I.D.\n|l| baldafor\n|l| rina slaywayama\n","uploadtime":1683076136,"views":12,"p1id":"xurcitree","p2id":"borghi","formatid":"gen9vgc2023regulationc","rating":0,"private":0,"password":""}