{"id":"gen9vgc2023regulationc-1853086045","p1":"ReyFly","p2":"Cyruno","format":"[Gen 9] VGC 2023 Regulation C","log":"|j|\u2606ReyFly\n|j|\u2606Cyruno\n|t:|1682633439\n|gametype|doubles\n|player|p1|ReyFly|169|1070\n|player|p2|Cyruno|blue|1086\n|teamsize|p1|6\n|teamsize|p2|6\n|gen|9\n|tier|[Gen 9] VGC 2023 Regulation C\n|rated|\n|rule|Species Clause: Limit one of each Pok\u00e9mon\n|rule|Item Clause: Limit one of each item\n|clearpoke\n|poke|p1|Amoonguss, L50, F|\n|poke|p1|Ting-Lu, L50|\n|poke|p1|Arcanine, L50, M|\n|poke|p1|Tinkaton, L50, F|\n|poke|p1|Corviknight, L50, M|\n|poke|p1|Palafin, L50, M|\n|poke|p2|Scizor, L50, F|\n|poke|p2|Flutter Mane, L50|\n|poke|p2|Chien-Pao, L50|\n|poke|p2|Arcanine, L50, F|\n|poke|p2|Azumarill, L50, F|\n|poke|p2|Amoonguss, L50, M|\n|teampreview|4\n|inactive|Battle timer is ON: inactive players will automatically lose when time's up. (requested by ReyFly)\n|\n|t:|1682633462\n|start\n|switch|p1a: Arcanine|Arcanine, L50, M|100\/100\n|switch|p1b: Corviknight|Corviknight, L50, M|100\/100\n|switch|p2a: Ice Weasel|Chien-Pao, L50|100\/100\n|switch|p2b: Scissors|Scizor, L50, F|100\/100\n|-ability|p2a: Ice Weasel|Sword of Ruin\n|-ability|p1a: Arcanine|Intimidate|boost\n|-unboost|p2a: Ice Weasel|atk|1\n|-fail|p2b: Scissors|unboost|[from] item: Clear Amulet|[of] p2b: Scissors\n|turn|1\n|\n|t:|1682633480\n|-terastallize|p2b: Scissors|Fire\n|move|p2a: Ice Weasel|Sacred Sword|p1b: Corviknight\n|-damage|p1b: Corviknight|81\/100\n|move|p1a: Arcanine|Will-O-Wisp|p2a: Ice Weasel\n|-status|p2a: Ice Weasel|brn\n|move|p2b: Scissors|Close Combat|p1b: Corviknight\n|-damage|p1b: Corviknight|45\/100\n|-unboost|p2b: Scissors|def|1\n|-unboost|p2b: Scissors|spd|1\n|move|p1b: Corviknight|Tailwind|p1b: Corviknight\n|-sidestart|p1: ReyFly|move: Tailwind\n|\n|-damage|p2a: Ice Weasel|95\/100 brn|[from] brn\n|upkeep\n|turn|2\n|inactive|ReyFly has 30 seconds left.\n|\n|t:|1682633507\n|move|p1b: Corviknight|Protect|p1b: Corviknight\n|-singleturn|p1b: Corviknight|Protect\n|move|p2a: Ice Weasel|Sucker Punch|p1a: Arcanine\n|-damage|p1a: Arcanine|81\/100\n|move|p1a: Arcanine|Flare Blitz|p2a: Ice Weasel\n|-supereffective|p2a: Ice Weasel\n|-damage|p2a: Ice Weasel|0 fnt\n|faint|p2a: Ice Weasel\n|-damage|p1a: Arcanine|56\/100|[from] Recoil\n|move|p2b: Scissors|U-turn|p1b: Corviknight\n|-activate|p1b: Corviknight|move: Protect\n|\n|upkeep\n|\n|t:|1682633520\n|switch|p2a: Misdreavus v2|Flutter Mane, L50|100\/100\n|-enditem|p2a: Misdreavus v2|Booster Energy\n|-activate|p2a: Misdreavus v2|ability: Protosynthesis|[fromitem]\n|-start|p2a: Misdreavus v2|protosynthesisspa\n|turn|3\n|inactive|Cyruno has 30 seconds left.\n|inactive|Cyruno has 20 seconds left.\n|inactive|Cyruno has 15 seconds left.\n|\n|t:|1682633564\n|move|p1a: Arcanine|Snarl|p2a: Misdreavus v2|[spread] p2a,p2b\n|-damage|p2a: Misdreavus v2|93\/100\n|-damage|p2b: Scissors|85\/100\n|-unboost|p2a: Misdreavus v2|spa|1\n|move|p1b: Corviknight|Roost|p1b: Corviknight\n|-heal|p1b: Corviknight|96\/100\n|-singleturn|p1b: Corviknight|move: Roost\n|move|p2a: Misdreavus v2|Thunderbolt|p1b: Corviknight\n|-damage|p1b: Corviknight|70\/100\n|move|p2b: Scissors|U-turn|p1a: Arcanine\n|-resisted|p1a: Arcanine\n|-damage|p1a: Arcanine|33\/100\n|\n|t:|1682633576\n|switch|p2b: Fido|Arcanine, L50, F|100\/100|[from] U-turn\n|-ability|p2b: Fido|Intimidate|boost\n|-unboost|p1a: Arcanine|atk|1\n|-ability|p1b: Corviknight|Mirror Armor\n|-unboost|p2b: Fido|atk|1\n|\n|upkeep\n|turn|4\n|\n|t:|1682633596\n|switch|p1a: Amoonguss|Amoonguss, L50, F|100\/100\n|move|p1b: Corviknight|Protect|p1b: Corviknight\n|-singleturn|p1b: Corviknight|Protect\n|move|p2a: Misdreavus v2|Shadow Ball|p1a: Amoonguss\n|-damage|p1a: Amoonguss|71\/100\n|-unboost|p1a: Amoonguss|spd|1\n|move|p2b: Fido|Howl|p2b: Fido|[spread] p2a,p2b\n|-boost|p2a: Misdreavus v2|atk|1\n|-boost|p2b: Fido|atk|1\n|\n|-heal|p1a: Amoonguss|77\/100|[from] item: Black Sludge\n|-sideend|p1: ReyFly|move: Tailwind\n|upkeep\n|turn|5\n|\n|t:|1682633616\n|switch|p1a: Arcanine|Arcanine, L50, M|33\/100\n|-ability|p1a: Arcanine|Intimidate|boost\n|-unboost|p2a: Misdreavus v2|atk|1\n|-unboost|p2b: Fido|atk|1\n|move|p2a: Misdreavus v2|Protect|p2a: Misdreavus v2\n|-singleturn|p2a: Misdreavus v2|Protect\n|move|p2b: Fido|Howl|p2b: Fido|[spread] p2a,p2b\n|-boost|p2a: Misdreavus v2|atk|1\n|-boost|p2b: Fido|atk|1\n|move|p1b: Corviknight|Tailwind|p1b: Corviknight\n|-sidestart|p1: ReyFly|move: Tailwind\n|\n|upkeep\n|turn|6\n|\n|t:|1682633633\n|move|p1a: Arcanine|Snarl|p2b: Fido|[spread] p2b\n|-miss|p1a: Arcanine|p2a: Misdreavus v2\n|-damage|p2b: Fido|91\/100\n|-unboost|p2b: Fido|spa|1\n|move|p1b: Corviknight|Brave Bird|p2a: Misdreavus v2\n|-damage|p2a: Misdreavus v2|34\/100\n|-damage|p1b: Corviknight|55\/100|[from] Recoil\n|move|p2a: Misdreavus v2|Shadow Ball|p1a: Arcanine\n|-damage|p1a: Arcanine|0 fnt\n|faint|p1a: Arcanine\n|move|p2b: Fido|Howl|p2b: Fido|[spread] p2a,p2b\n|-boost|p2a: Misdreavus v2|atk|1\n|-boost|p2b: Fido|atk|1\n|\n|upkeep\n|\n|t:|1682633653\n|switch|p1a: Amoonguss|Amoonguss, L50, F|100\/100\n|turn|7\n|inactive|ReyFly has 30 seconds left.\n|\n|t:|1682633678\n|-terastallize|p1a: Amoonguss|Water\n|move|p2a: Misdreavus v2|Protect|p2a: Misdreavus v2\n|-singleturn|p2a: Misdreavus v2|Protect\n|move|p1b: Corviknight|Roost|p1b: Corviknight\n|-heal|p1b: Corviknight|100\/100\n|-singleturn|p1b: Corviknight|move: Roost\n|move|p2b: Fido|Flare Blitz|p1a: Amoonguss\n|-resisted|p1a: Amoonguss\n|-damage|p1a: Amoonguss|64\/100\n|-damage|p2b: Fido|77\/100|[from] Recoil\n|move|p1a: Amoonguss|Spore|p2b: Fido\n|-activate|p2b: Fido|item: Safety Goggles|Spore\n|\n|-damage|p1a: Amoonguss|52\/100|[from] item: Black Sludge\n|upkeep\n|turn|8\n|inactive|ReyFly has 30 seconds left.\n|\n|t:|1682633704\n|move|p1b: Corviknight|Brave Bird|p2a: Misdreavus v2\n|-damage|p2a: Misdreavus v2|0 fnt\n|faint|p2a: Misdreavus v2\n|-end|p2a: Misdreavus v2|Protosynthesis|[silent]\n|-damage|p1b: Corviknight|92\/100|[from] Recoil\n|move|p2b: Fido|Flare Blitz|p1b: Corviknight\n|-supereffective|p1b: Corviknight\n|-damage|p1b: Corviknight|0 fnt\n|faint|p1b: Corviknight\n|-damage|p2b: Fido|46\/100|[from] Recoil\n|move|p1a: Amoonguss|Toxic|p2b: Fido\n|-status|p2b: Fido|tox\n|\n|-damage|p1a: Amoonguss|39\/100|[from] item: Black Sludge\n|-damage|p2b: Fido|39\/100 tox|[from] psn\n|-sideend|p1: ReyFly|move: Tailwind\n|upkeep\n|\n|t:|1682633719\n|switch|p2a: Scissors|Scizor, L50, F, tera:Fire|85\/100\n|switch|p1b: Tinkaton|Tinkaton, L50, F|100\/100\n|-ability|p1b: Tinkaton|Mold Breaker\n|turn|9\n|\n|t:|1682633730\n|move|p1b: Tinkaton|Fake Out|p2b: Fido\n|-damage|p2b: Fido|29\/100 tox\n|cant|p2b: Fido|flinch\n|move|p2a: Scissors|Close Combat|p1a: Amoonguss\n|-damage|p1a: Amoonguss|4\/100\n|-unboost|p2a: Scissors|def|1\n|-unboost|p2a: Scissors|spd|1\n|move|p1a: Amoonguss|Toxic|p2a: Scissors\n|-status|p2a: Scissors|tox\n|\n|-damage|p1a: Amoonguss|0 fnt|[from] item: Black Sludge\n|faint|p1a: Amoonguss\n|-damage|p2b: Fido|16\/100 tox|[from] psn\n|-damage|p2a: Scissors|79\/100 tox|[from] psn\n|upkeep\n|turn|10\n|\n|t:|1682633749\n|move|p1b: Tinkaton|Knock Off|p2b: Fido\n|-damage|p2b: Fido|0 fnt\n|-enditem|p2b: Fido|Safety Goggles|[from] move: Knock Off|[of] p1b: Tinkaton\n|faint|p2b: Fido\n|move|p2a: Scissors|Close Combat|p1b: Tinkaton\n|-damage|p1b: Tinkaton|42\/100\n|-unboost|p2a: Scissors|def|1\n|-unboost|p2a: Scissors|spd|1\n|\n|-damage|p2a: Scissors|67\/100 tox|[from] psn\n|upkeep\n|turn|11\n|\n|t:|1682633766\n|move|p2a: Scissors|Bullet Punch|p1b: Tinkaton\n|-damage|p1b: Tinkaton|0 fnt\n|faint|p1b: Tinkaton\n|\n|win|Cyruno\n|raw|ReyFly's rating: 1070 → 1050<\/strong> (-20 for losing)\n|raw|Cyruno's rating: 1086 → 1112<\/strong> (+26 for winning)\n","uploadtime":1682633776,"views":16,"p1id":"reyfly","p2id":"cyruno","formatid":"gen9vgc2023regulationc","rating":1050,"private":0,"password":""}