{"id":"gen9vgc2023regulationc-1852070520","p1":"hithereijustwantto","p2":"TiaSkywalker","format":"[Gen 9] VGC 2023 Regulation C","log":"|j|\u2606hithereijustwantto\n|j|\u2606TiaSkywalker\n|t:|1682521698\n|gametype|doubles\n|player|p1|hithereijustwantto|#meteordash|1107\n|player|p2|TiaSkywalker|170|1203\n|teamsize|p1|6\n|teamsize|p2|6\n|gen|9\n|tier|[Gen 9] VGC 2023 Regulation C\n|rated|\n|rule|Species Clause: Limit one of each Pok\u00e9mon\n|rule|Item Clause: Limit one of each item\n|clearpoke\n|poke|p1|Dondozo, L50, M|\n|poke|p1|Tatsugiri, L50, M|\n|poke|p1|Chi-Yu, L50|\n|poke|p1|Flutter Mane, L50|\n|poke|p1|Dragonite, L50, M|\n|poke|p1|Glimmora, L50, M|\n|poke|p2|Palafin, L50, M|\n|poke|p2|Flutter Mane, L50|\n|poke|p2|Arcanine, L50, M|\n|poke|p2|Amoonguss, L50, M|\n|poke|p2|Kingambit, L50, M|\n|poke|p2|Baxcalibur, L50, M|\n|teampreview|4\n|inactive|Battle timer is ON: inactive players will automatically lose when time's up. (requested by hithereijustwantto)\nTiaSkywalker has agreed to open team sheets.\n|inactive|hithereijustwantto has 60 seconds left.\n|inactive|TiaSkywalker has 60 seconds left.\n|inactive|TiaSkywalker has 30 seconds left.\n|inactive|TiaSkywalker has 20 seconds left.\n|inactive|TiaSkywalker has 15 seconds left.\n|inactive|TiaSkywalker has 10 seconds left.\n|\n|t:|1682521780\n|start\n|switch|p1a: Chi-Yu|Chi-Yu, L50|100\/100\n|switch|p1b: Dragonite|Dragonite, L50, M|100\/100\n|switch|p2a: Palafin|Palafin, L50, M, shiny|100\/100\n|switch|p2b: Kingambit|Kingambit, L50, M, shiny|100\/100\n|-ability|p1a: Chi-Yu|Beads of Ruin\n|turn|1\n|\n|t:|1682521801\n|detailschange|p2a: Palafin|Palafin-Hero, L50, M, shiny\n|switch|p2a: Arcanine|Arcanine, L50, M, shiny|100\/100\n|-ability|p2a: Arcanine|Intimidate|boost\n|-unboost|p1a: Chi-Yu|atk|1\n|-unboost|p1b: Dragonite|atk|1\n|move|p1a: Chi-Yu|Heat Wave|p2b: Kingambit|[spread] p2a,p2b\n|-resisted|p2a: Arcanine\n|-supereffective|p2b: Kingambit\n|-damage|p2a: Arcanine|80\/100\n|-damage|p2b: Kingambit|5\/100\n|move|p1b: Dragonite|Tailwind|p1b: Dragonite\n|-sidestart|p1: hithereijustwantto|move: Tailwind\n|move|p2b: Kingambit|Swords Dance|p2b: Kingambit\n|-boost|p2b: Kingambit|atk|2\n|\n|upkeep\n|turn|2\n|inactive|TiaSkywalker has 30 seconds left.\n|\n|t:|1682521836\n|switch|p1a: Dondozo|Dondozo, L50, M|100\/100\n|move|p1b: Dragonite|Extreme Speed|p2b: Kingambit\n|-resisted|p2b: Kingambit\n|-damage|p2b: Kingambit|0 fnt\n|faint|p2b: Kingambit\n|move|p2a: Arcanine|Will-O-Wisp|p1b: Dragonite\n|-status|p1b: Dragonite|brn\n|-enditem|p1b: Dragonite|Lum Berry|[eat]\n|-curestatus|p1b: Dragonite|brn|[msg]\n|\n|upkeep\n|\n|t:|1682521851\n|switch|p2b: Amoonguss|Amoonguss, L50, M, shiny|100\/100\n|turn|3\n|\n|t:|1682521872\n|switch|p1b: Tatsugiri|Tatsugiri, L50, M|100\/100\n|-activate|p1b: Tatsugiri|ability: Commander|[of] p1a: Dondozo\n|-boost|p1a: Dondozo|atk|2\n|-boost|p1a: Dondozo|spa|2\n|-boost|p1a: Dondozo|spe|2\n|-boost|p1a: Dondozo|def|2\n|-boost|p1a: Dondozo|spd|2\n|-terastallize|p1a: Dondozo|Grass\n|move|p1a: Dondozo|Wave Crash|p2a: Arcanine\n|-supereffective|p2a: Arcanine\n|-damage|p2a: Arcanine|0 fnt\n|faint|p2a: Arcanine\n|-damage|p1a: Dondozo|81\/100|[from] Recoil\n|move|p2b: Amoonguss|Spore|p1a: Dondozo\n|-immune|p1a: Dondozo\n|\n|upkeep\n|\n|t:|1682521886\n|switch|p2a: Palafin|Palafin-Hero, L50, M, shiny|100\/100\n|-activate|p2a: Palafin|ability: Zero to Hero\n|turn|4\n|inactive|TiaSkywalker has 30 seconds left.\n|\n|t:|1682521914\n|move|p1a: Dondozo|Tera Blast|p2a: Palafin\n|-supereffective|p2a: Palafin\n|-damage|p2a: Palafin|0 fnt\n|faint|p2a: Palafin\n|move|p2b: Amoonguss|Pollen Puff|p1a: Dondozo\n|-supereffective|p1a: Dondozo\n|-damage|p1a: Dondozo|67\/100\n|\n|-sideend|p1: hithereijustwantto|move: Tailwind\n|upkeep\n|turn|5\n|-message|TiaSkywalker forfeited.\n|\n|win|hithereijustwantto\n|raw|hithereijustwantto's rating: 1107 → 1139<\/strong> (+32 for winning)\n|raw|TiaSkywalker's rating: 1203 → 1171<\/strong> (-32 for losing)\n|l|\u2606TiaSkywalker\n|l|\u2606hithereijustwantto\n|j|\u2606hithereijustwantto\n|player|p1|hithereijustwantto|#meteordash\n","uploadtime":1682521938,"views":13,"p1id":"hithereijustwantto","p2id":"tiaskywalker","formatid":"gen9vgc2023regulationc","rating":1139,"private":0,"password":""}