{"id":"gen9vgc2023regulationc-1845850572","p1":"testlab12","p2":"0l0f3rn3","format":"[Gen 9] VGC 2023 Regulation C","log":"|j|\u2606testlab12\n|j|\u26060l0f3rn3\n|t:|1681771268\n|gametype|doubles\n|player|p1|testlab12|ghetsis|1086\n|player|p2|0l0f3rn3|266|1068\n|teamsize|p1|5\n|teamsize|p2|6\n|gen|9\n|tier|[Gen 9] VGC 2023 Regulation C\n|rated|\n|rule|Species Clause: Limit one of each Pok\u00e9mon\n|rule|Item Clause: Limit one of each item\n|clearpoke\n|poke|p1|Breloom, L50, F|\n|poke|p1|Chien-Pao, L50|\n|poke|p1|Talonflame, L50, F|\n|poke|p1|Flutter Mane, L50|\n|poke|p1|Palafin, L50, F|\n|poke|p2|Torkoal, L50, M|\n|poke|p2|Flutter Mane, L50|\n|poke|p2|Lilligant, L50, F|\n|poke|p2|Chien-Pao, L50|\n|poke|p2|Brute Bonnet, L50|\n|poke|p2|Farigiraf, L50, M|\n|teampreview|4\ntestlab12 has agreed to open team sheets.\n0l0f3rn3 has agreed to open team sheets.\n|\n|t:|1681771361\n|start\n|switch|p1a: Palafin|Palafin, L50, F|100\/100\n|switch|p1b: Flutter Mane|Flutter Mane, L50|100\/100\n|switch|p2a: Brute Bonnet|Brute Bonnet, L50|100\/100\n|switch|p2b: Farigiraf|Farigiraf, L50, M|100\/100\n|turn|1\n|\n|t:|1681771428\n|move|p2a: Brute Bonnet|Sucker Punch|p1b: Flutter Mane\n|-damage|p1b: Flutter Mane|0 fnt\n|faint|p1b: Flutter Mane\n|-end|p1b: Flutter Mane|Protosynthesis|[silent]\n|-damage|p2a: Brute Bonnet|91\/100|[from] item: Life Orb\n|move|p1a: Palafin|Flip Turn|p2b: Farigiraf\n|-crit|p2b: Farigiraf\n|-damage|p2b: Farigiraf|62\/100\n|\n|t:|1681771434\n|detailschange|p1a: Palafin|Palafin-Hero, L50, F\n|switch|p1a: Talonflame|Talonflame, L50, F|100\/100|[from] Flip Turn\n|move|p2b: Farigiraf|Trick Room|p2b: Farigiraf\n|-fieldstart|move: Trick Room|[of] p2b: Farigiraf\n|\n|upkeep\n|\n|t:|1681771442\n|switch|p1b: Chien-Pao|Chien-Pao, L50|100\/100\n|-ability|p1b: Chien-Pao|Sword of Ruin\n|turn|2\n|\n|t:|1681771474\n|-terastallize|p2a: Brute Bonnet|Rock\n|move|p1b: Chien-Pao|Protect|p1b: Chien-Pao\n|-singleturn|p1b: Chien-Pao|Protect\n|move|p2a: Brute Bonnet|Tera Blast|p1b: Chien-Pao\n|-activate|p1b: Chien-Pao|move: Protect\n|move|p2b: Farigiraf|Psyshock|p1a: Talonflame\n|-damage|p1a: Talonflame|58\/100\n|move|p1a: Talonflame|Will-O-Wisp|p2a: Brute Bonnet\n|-status|p2a: Brute Bonnet|brn\n|\n|-damage|p2a: Brute Bonnet|85\/100 brn|[from] brn\n|upkeep\n|turn|3\n|\n|t:|1681771519\n|switch|p2b: Flutter Mane|Flutter Mane, L50|100\/100\n|switch|p1b: Palafin|Palafin-Hero, L50, F|100\/100\n|-activate|p1b: Palafin|ability: Zero to Hero\n|move|p2a: Brute Bonnet|Close Combat|p1b: Palafin\n|-damage|p1b: Palafin|75\/100\n|-unboost|p2a: Brute Bonnet|def|1\n|-unboost|p2a: Brute Bonnet|spd|1\n|-damage|p2a: Brute Bonnet|75\/100 brn|[from] item: Life Orb\n|move|p1a: Talonflame|Brave Bird|p2b: Flutter Mane\n|-damage|p2b: Flutter Mane|46\/100\n|-damage|p1a: Talonflame|43\/100|[from] Recoil\n|\n|-damage|p2a: Brute Bonnet|69\/100 brn|[from] brn\n|upkeep\n|turn|4\n|\n|t:|1681771547\n|-end|p2a: Brute Bonnet|Protosynthesis|[silent]\n|switch|p2a: Farigiraf|Farigiraf, L50, M|62\/100\n|-end|p2b: Flutter Mane|Protosynthesis|[silent]\n|switch|p2b: Torkoal|Torkoal, L50, M|100\/100\n|-weather|SunnyDay|[from] ability: Drought|[of] p2b: Torkoal\n|move|p1b: Palafin|Flip Turn|p2b: Torkoal\n|-supereffective|p2b: Torkoal\n|-damage|p2b: Torkoal|68\/100\n|\n|t:|1681771554\n|switch|p1b: Chien-Pao|Chien-Pao, L50|100\/100|[from] Flip Turn\n|-ability|p1b: Chien-Pao|Sword of Ruin\n|move|p1a: Talonflame|Taunt|p2a: Farigiraf\n|-start|p2a: Farigiraf|move: Taunt\n|-enditem|p2a: Farigiraf|Mental Herb\n|-end|p2a: Farigiraf|move: Taunt\n|\n|-weather|SunnyDay|[upkeep]\n|upkeep\n|turn|5\n|\n|t:|1681771571\n|move|p1b: Chien-Pao|Protect|p1b: Chien-Pao\n|-singleturn|p1b: Chien-Pao|Protect\n|move|p2b: Torkoal|Eruption|p1b: Chien-Pao|[spread] p1a\n|-activate|p1b: Chien-Pao|move: Protect\n|-resisted|p1a: Talonflame\n|-damage|p1a: Talonflame|15\/100\n|move|p2a: Farigiraf|Psyshock|p1a: Talonflame\n|-damage|p1a: Talonflame|0 fnt\n|faint|p1a: Talonflame\n|\n|-weather|SunnyDay|[upkeep]\n|-fieldend|move: Trick Room\n|upkeep\n|\n|t:|1681771578\n|switch|p1a: Palafin|Palafin-Hero, L50, F|75\/100\n|turn|6\n|\n|t:|1681771621\n|-terastallize|p1a: Palafin|Water\n|move|p1b: Chien-Pao|Ice Spinner|p2a: Farigiraf\n|-damage|p2a: Farigiraf|12\/100\n|move|p1a: Palafin|Wave Crash|p2b: Torkoal\n|-supereffective|p2b: Torkoal\n|-damage|p2b: Torkoal|0 fnt\n|faint|p2b: Torkoal\n|-damage|p1a: Palafin|57\/100|[from] Recoil\n|move|p2a: Farigiraf|Trick Room|p2a: Farigiraf\n|-fieldstart|move: Trick Room|[of] p2a: Farigiraf\n|\n|-weather|SunnyDay|[upkeep]\n|upkeep\n|\n|t:|1681771633\n|switch|p2b: Brute Bonnet|Brute Bonnet, L50, tera:Rock|69\/100 brn\n|-activate|p2b: Brute Bonnet|ability: Protosynthesis\n|-start|p2b: Brute Bonnet|protosynthesisatk\n|turn|7\n|c|\u2606testlab12|gg\n|\n|t:|1681771651\n|move|p1a: Palafin|Protect|p1a: Palafin\n|-singleturn|p1a: Palafin|Protect\n|move|p2b: Brute Bonnet|Tera Blast|p1a: Palafin\n|-activate|p1a: Palafin|move: Protect\n|move|p2a: Farigiraf|Psyshock|p1a: Palafin\n|-activate|p1a: Palafin|move: Protect\n|move|p1b: Chien-Pao|Ice Spinner|p2a: Farigiraf\n|-damage|p2a: Farigiraf|0 fnt\n|faint|p2a: Farigiraf\n|\n|-weather|SunnyDay|[upkeep]\n|-damage|p2b: Brute Bonnet|63\/100 brn|[from] brn\n|upkeep\n|\n|t:|1681771663\n|switch|p2a: Flutter Mane|Flutter Mane, L50|46\/100\n|-activate|p2a: Flutter Mane|ability: Protosynthesis\n|-start|p2a: Flutter Mane|protosynthesisspa\n|turn|8\n|\n|t:|1681771699\n|move|p2b: Brute Bonnet|Rage Powder|p2b: Brute Bonnet\n|-singleturn|p2b: Brute Bonnet|move: Rage Powder\n|move|p1a: Palafin|Jet Punch|p2b: Brute Bonnet\n|-supereffective|p2b: Brute Bonnet\n|-damage|p2b: Brute Bonnet|0 fnt\n|faint|p2b: Brute Bonnet\n|-end|p2b: Brute Bonnet|Protosynthesis|[silent]\n|move|p1b: Chien-Pao|Ice Shard|p2a: Flutter Mane\n|-damage|p2a: Flutter Mane|8\/100\n|move|p2a: Flutter Mane|Dazzling Gleam|p1a: Palafin|[spread] p1a,p1b\n|-supereffective|p1b: Chien-Pao\n|-damage|p1a: Palafin|0 fnt\n|-enditem|p1b: Chien-Pao|Focus Sash\n|-damage|p1b: Chien-Pao|1\/100\n|faint|p1a: Palafin\n|\n|-weather|none\n|-end|p2a: Flutter Mane|Protosynthesis\n|upkeep\n|turn|9\n|c|\u2606testlab12|gg\n|\n|t:|1681771714\n|move|p1b: Chien-Pao|Ice Shard|p2a: Flutter Mane\n|-damage|p2a: Flutter Mane|0 fnt\n|faint|p2a: Flutter Mane\n|-end|p2a: Flutter Mane|Protosynthesis|[silent]\n|\n|win|testlab12\n|raw|testlab12's rating: 1086 → 1112<\/strong> (+26 for winning)\n|raw|0l0f3rn3's rating: 1068 → 1049<\/strong> (-19 for losing)\n|l|\u26060l0f3rn3\n","uploadtime":1681771732,"views":5,"p1id":"testlab12","p2id":"0l0f3rn3","formatid":"gen9vgc2023regulationc","rating":1049,"private":0,"password":""}