{"id":"gen9vgc2023regulationc-1861342043","p1":"neukorn","p2":"Zenaga","format":"[Gen 9] VGC 2023 Regulation C","log":"|j|\u2606neukorn\n|j|\u2606Zenaga\n|t:|1683747693\n|gametype|doubles\n|player|p1|neukorn|flint|1216\n|player|p2|Zenaga|flannery|1213\n|teamsize|p1|6\n|teamsize|p2|6\n|gen|9\n|tier|[Gen 9] VGC 2023 Regulation C\n|rated|\n|rule|Species Clause: Limit one of each Pok\u00e9mon\n|rule|Item Clause: Limit one of each item\n|clearpoke\n|poke|p1|Ting-Lu, L50|\n|poke|p1|Flutter Mane, L50|\n|poke|p1|Indeedee-F, L50, F|\n|poke|p1|Armarouge, L50, F|\n|poke|p1|Hawlucha, L50, M|\n|poke|p1|Chien-Pao, L50|\n|poke|p2|Ceruledge, L50, F|\n|poke|p2|Scream Tail, L50|\n|poke|p2|Flutter Mane, L50|\n|poke|p2|Chien-Pao, L50|\n|poke|p2|Iron Hands, L50|\n|poke|p2|Amoonguss, L50, M|\n|teampreview|4\n|inactive|Battle timer is ON: inactive players will automatically lose when time's up. (requested by Zenaga)\n|\n|t:|1683747714\n|start\n|switch|p1a: Indeedee|Indeedee-F, L50, F|100\/100\n|switch|p1b: Armarouge|Armarouge, L50, F|100\/100\n|switch|p2a: Ceruledge|Ceruledge, L50, F|100\/100\n|switch|p2b: Scream Tail|Scream Tail, L50|100\/100\n|-fieldstart|move: Psychic Terrain|[from] ability: Psychic Surge|[of] p1a: Indeedee\n|-enditem|p2b: Scream Tail|Booster Energy\n|-activate|p2b: Scream Tail|ability: Protosynthesis|[fromitem]\n|-start|p2b: Scream Tail|protosynthesisspe\n|turn|1\n|\n|t:|1683747736\n|move|p1a: Indeedee|Follow Me|p1a: Indeedee\n|-singleturn|p1a: Indeedee|move: Follow Me\n|move|p2b: Scream Tail|Misty Terrain|p2b: Scream Tail\n|-fieldstart|move: Misty Terrain\n|move|p2a: Ceruledge|Bitter Blade|p1a: Indeedee\n|-damage|p1a: Indeedee|56\/100\n|move|p1b: Armarouge|Trick Room|p1b: Armarouge\n|-fieldstart|move: Trick Room|[of] p1b: Armarouge\n|\n|upkeep\n|turn|2\n|\n|t:|1683747756\n|switch|p1a: Ting-Lu|Ting-Lu, L50|100\/100\n|-ability|p1a: Ting-Lu|Vessel of Ruin\n|move|p1b: Armarouge|Expanding Force|p2a: Ceruledge\n|-damage|p2a: Ceruledge|74\/100\n|move|p2a: Ceruledge|Bitter Blade|p1a: Ting-Lu\n|-damage|p1a: Ting-Lu|76\/100\n|-heal|p2a: Ceruledge|96\/100|[from] drain|[of] p1a: Ting-Lu\n|move|p2b: Scream Tail|Howl|p2b: Scream Tail|[spread] p2a,p2b\n|-boost|p2a: Ceruledge|atk|1\n|-boost|p2b: Scream Tail|atk|1\n|\n|upkeep\n|turn|3\n|inactive|Zenaga has 30 seconds left.\n|inactive|Zenaga has 20 seconds left.\n|\n|t:|1683747791\n|switch|p1a: Indeedee|Indeedee-F, L50, F|56\/100\n|-fieldstart|move: Psychic Terrain|[from] ability: Psychic Surge|[of] p1a: Indeedee\n|move|p1b: Armarouge|Expanding Force|p2b: Scream Tail|[spread] p2a,p2b\n|-crit|p2a: Ceruledge\n|-resisted|p2b: Scream Tail\n|-damage|p2a: Ceruledge|27\/100\n|-damage|p2b: Scream Tail|77\/100\n|move|p2a: Ceruledge|Bitter Blade|p1a: Indeedee\n|-damage|p1a: Indeedee|0 fnt\n|-heal|p2a: Ceruledge|60\/100|[from] drain|[of] p1a: Indeedee\n|faint|p1a: Indeedee\n|move|p2b: Scream Tail|Howl|p2b: Scream Tail|[spread] p2a,p2b\n|-boost|p2a: Ceruledge|atk|1\n|-boost|p2b: Scream Tail|atk|1\n|\n|upkeep\n|\n|t:|1683747801\n|switch|p1a: Ting-Lu|Ting-Lu, L50|76\/100\n|-ability|p1a: Ting-Lu|Vessel of Ruin\n|turn|4\n|\n|t:|1683747811\n|move|p1a: Ting-Lu|Heavy Slam|p2b: Scream Tail\n|-supereffective|p2b: Scream Tail\n|-damage|p2b: Scream Tail|24\/100\n|move|p1b: Armarouge|Expanding Force|p2a: Ceruledge|[spread] p2a,p2b\n|-resisted|p2b: Scream Tail\n|-damage|p2a: Ceruledge|24\/100\n|-damage|p2b: Scream Tail|6\/100\n|move|p2a: Ceruledge|Bitter Blade|p1a: Ting-Lu\n|-damage|p1a: Ting-Lu|29\/100\n|-heal|p2a: Ceruledge|64\/100|[from] drain|[of] p1a: Ting-Lu\n|move|p2b: Scream Tail|Misty Terrain|p2b: Scream Tail\n|-fieldstart|move: Misty Terrain\n|\n|upkeep\n|turn|5\n|\n|t:|1683747833\n|-terastallize|p2a: Ceruledge|Grass\n|move|p2a: Ceruledge|Shadow Sneak|p1b: Armarouge\n|-supereffective|p1b: Armarouge\n|-damage|p1b: Armarouge|32\/100\n|move|p1a: Ting-Lu|Rock Slide|p2b: Scream Tail|[spread] p2a,p2b\n|-damage|p2a: Ceruledge|39\/100\n|-damage|p2b: Scream Tail|0 fnt\n|faint|p2b: Scream Tail\n|-end|p2b: Scream Tail|Protosynthesis|[silent]\n|move|p1b: Armarouge|Expanding Force|p2a: Ceruledge\n|-damage|p2a: Ceruledge|11\/100\n|\n|-fieldend|move: Trick Room\n|upkeep\n|\n|t:|1683747844\n|switch|p2b: Flutter Mane|Flutter Mane, L50|100\/100\n|turn|6\n|\n|t:|1683747852\n|move|p2a: Ceruledge|Shadow Sneak|p1b: Armarouge\n|-supereffective|p1b: Armarouge\n|-damage|p1b: Armarouge|0 fnt\n|faint|p1b: Armarouge\n|move|p2b: Flutter Mane|Dazzling Gleam|p1a: Ting-Lu\n|-supereffective|p1a: Ting-Lu\n|-damage|p1a: Ting-Lu|0 fnt\n|faint|p1a: Ting-Lu\n|\n|upkeep\n|\n|t:|1683747858\n|switch|p1a: Chien-Pao|Chien-Pao, L50|100\/100\n|-ability|p1a: Chien-Pao|Sword of Ruin\n|turn|7\n|\n|t:|1683747868\n|move|p1a: Chien-Pao|Sucker Punch|p2a: Ceruledge\n|-damage|p2a: Ceruledge|0 fnt\n|faint|p2a: Ceruledge\n|move|p2b: Flutter Mane|Dazzling Gleam|p1a: Chien-Pao\n|-supereffective|p1a: Chien-Pao\n|-enditem|p1a: Chien-Pao|Focus Sash\n|-damage|p1a: Chien-Pao|1\/100\n|\n|upkeep\n|\n|t:|1683747874\n|switch|p2a: Iron Hands|Iron Hands, L50|100\/100\n|turn|8\n|-message|neukorn forfeited.\n|\n|win|Zenaga\n|raw|neukorn's rating: 1216 → 1191<\/strong> (-25 for losing)\n|raw|Zenaga's rating: 1213 → 1238<\/strong> (+25 for winning)\n|l|\u2606neukorn\n","uploadtime":1683747882,"views":18,"p1id":"neukorn","p2id":"zenaga","formatid":"gen9vgc2023regulationc","rating":1191,"private":0,"password":""}