{"id":"gen9vgc2023regulationc-1846750547","p1":"tatsugirl i~","p2":"Snowstorm brute","format":"[Gen 9] VGC 2023 Regulation C","log":"|j|\u2606tatsugirl i~\n|j|\u2606Snowstorm brute\n|t:|1681873845\n|gametype|doubles\n|player|p1|tatsugirl i~|may-masters|\n|player|p2|Snowstorm brute|veteran|\n|teamsize|p1|6\n|teamsize|p2|5\n|gen|9\n|tier|[Gen 9] VGC 2023 Regulation C\n|rated|Tournament battle\n|rule|Species Clause: Limit one of each Pok\u00e9mon\n|rule|Item Clause: Limit one of each item\n|clearpoke\n|poke|p1|Kingambit, L50, F|\n|poke|p1|Gyarados, L50, M|\n|poke|p1|Dragapult, L50, F|\n|poke|p1|Flutter Mane, L50|\n|poke|p1|Chi-Yu, L50|\n|poke|p1|Dachsbun, L50, F|\n|poke|p2|Ting-Lu, L50|\n|poke|p2|Roaring Moon, L50|\n|poke|p2|Klefki, L50, M|\n|poke|p2|Skeledirge, L50, M|\n|poke|p2|Rotom-Wash, L50|\n|teampreview|4\n|raw| Open Team Sheet for tatsugirl i~<\/summary>Kingambit @ Safety Goggles Ability: Defiant Level: 50 Tera Type: Fire - Sucker Punch - Iron Head - Kowtow Cleave - Protect Gyarados @ Rocky Helmet Ability: Intimidate Level: 50 Tera Type: Steel - Waterfall - Iron Head - Icy Wind - Protect Dragapult @ Life Orb Ability: Clear Body Level: 50 Tera Type: Steel - Dragon Darts - Phantom Force - Will-O-Wisp - Protect Flutter Mane @ Booster Energy Ability: Protosynthesis Level: 50 Tera Type: Fairy - Shadow Ball - Moonblast - Dazzling Gleam - Protect Chi-Yu @ Charcoal Ability: Beads of Ruin Level: 50 Tera Type: Grass - Lava Plume - Heat Wave - Dark Pulse - Protect Dachsbun @ Leftovers Ability: Well-Baked Body Level: 50 Tera Type: Steel - Body Press - Play Rough - Yawn - Protect <\/details><\/div> Open Team Sheet for Snowstorm brute<\/summary>Ting-Lu @ Leftovers Ability: Vessel of Ruin Level: 50 Tera Type: Water - Body Press - Throat Chop - Whirlwind - Protect Roaring Moon @ Booster Energy Ability: Protosynthesis Level: 50 Tera Type: Flying - Substitute - Acrobatics - Jaw Lock - Protect Klefki @ Light Clay Ability: Prankster Level: 50 Tera Type: Water - Reflect - Light Screen - Thunder Wave - Dazzling Gleam Skeledirge @ Sitrus Berry Ability: Unaware Level: 50 Tera Type: Poison - Will-O-Wisp - Torch Song - Shadow Ball - Slack Off Rotom (Rotom-Wash) @ Safety Goggles Ability: Levitate Level: 50 Tera Type: Electric - Nasty Plot - Hydro Pump - Thunderbolt - Protect <\/details><\/div>\n|j| Radio Free C-Side\n|j| CursedWords\n|j| Mikunji19\n|\n|t:|1681873890\n|start\n|switch|p1a: Kingambit|Kingambit, L50, F|100\/100\n|switch|p1b: Chi-Yu|Chi-Yu, L50|100\/100\n|switch|p2a: Klefki|Klefki, L50, M|100\/100\n|switch|p2b: Ting-Lu|Ting-Lu, L50|100\/100\n|-ability|p1b: Chi-Yu|Beads of Ruin\n|-ability|p2b: Ting-Lu|Vessel of Ruin\n|turn|1\n|\n|t:|1681873918\n|move|p2a: Klefki|Reflect|p2a: Klefki\n|-sidestart|p2: Snowstorm brute|Reflect\n|move|p1b: Chi-Yu|Heat Wave|p2a: Klefki|[spread] p2a,p2b\n|-supereffective|p2a: Klefki\n|-damage|p2a: Klefki|26\/100\n|-damage|p2b: Ting-Lu|76\/100\n|move|p1a: Kingambit|Iron Head|p2a: Klefki\n|-damage|p2a: Klefki|0 fnt\n|faint|p2a: Klefki\n|move|p2b: Ting-Lu|Body Press|p1b: Chi-Yu\n|-supereffective|p1b: Chi-Yu\n|-damage|p1b: Chi-Yu|46\/100\n|\n|-heal|p2b: Ting-Lu|82\/100|[from] item: Leftovers\n|upkeep\n|\n|t:|1681873924\n|switch|p2a: Roaring Moon|Roaring Moon, L50|100\/100\n|-enditem|p2a: Roaring Moon|Booster Energy\n|-activate|p2a: Roaring Moon|ability: Protosynthesis|[fromitem]\n|-start|p2a: Roaring Moon|protosynthesisspe\n|turn|2\n|\n|t:|1681873957\n|move|p1b: Chi-Yu|Protect|p1b: Chi-Yu\n|-singleturn|p1b: Chi-Yu|Protect\n|move|p2a: Roaring Moon|Substitute|p2a: Roaring Moon\n|-start|p2a: Roaring Moon|Substitute\n|-damage|p2a: Roaring Moon|75\/100\n|move|p1a: Kingambit|Iron Head|p2a: Roaring Moon\n|-end|p2a: Roaring Moon|Substitute\n|move|p2b: Ting-Lu|Body Press|p1a: Kingambit\n|-supereffective|p1a: Kingambit\n|-damage|p1a: Kingambit|19\/100\n|\n|-heal|p2b: Ting-Lu|88\/100|[from] item: Leftovers\n|upkeep\n|turn|3\n|\n|t:|1681873975\n|-terastallize|p2a: Roaring Moon|Flying\n|move|p1a: Kingambit|Protect|p1a: Kingambit\n|-singleturn|p1a: Kingambit|Protect\n|move|p2a: Roaring Moon|Acrobatics|p1a: Kingambit\n|-activate|p1a: Kingambit|move: Protect\n|move|p1b: Chi-Yu|Lava Plume|p2b: Ting-Lu|[spread] p2a,p2b\n|-activate|p1a: Kingambit|move: Protect\n|-crit|p2b: Ting-Lu\n|-damage|p2a: Roaring Moon|51\/100\n|-damage|p2b: Ting-Lu|54\/100\n|-status|p2a: Roaring Moon|brn\n|move|p2b: Ting-Lu|Body Press|p1b: Chi-Yu\n|-supereffective|p1b: Chi-Yu\n|-crit|p1b: Chi-Yu\n|-damage|p1b: Chi-Yu|0 fnt\n|faint|p1b: Chi-Yu\n|\n|-heal|p2b: Ting-Lu|60\/100|[from] item: Leftovers\n|-damage|p2a: Roaring Moon|45\/100 brn|[from] brn\n|upkeep\n|\n|t:|1681873995\n|switch|p1b: Flutter Mane|Flutter Mane, L50|100\/100\n|-enditem|p1b: Flutter Mane|Booster Energy\n|-activate|p1b: Flutter Mane|ability: Protosynthesis|[fromitem]\n|-start|p1b: Flutter Mane|protosynthesisspe\n|turn|4\n|\n|t:|1681874008\n|-terastallize|p1b: Flutter Mane|Fairy\n|move|p1b: Flutter Mane|Dazzling Gleam|p2b: Ting-Lu|[spread] p2a,p2b\n|-supereffective|p2b: Ting-Lu\n|-damage|p2a: Roaring Moon|21\/100 brn\n|-damage|p2b: Ting-Lu|17\/100\n|move|p2a: Roaring Moon|Acrobatics|p1b: Flutter Mane\n|-damage|p1b: Flutter Mane|53\/100\n|move|p1a: Kingambit|Iron Head|p2b: Ting-Lu\n|-damage|p2b: Ting-Lu|2\/100\n|move|p2b: Ting-Lu|Throat Chop|p1b: Flutter Mane\n|-resisted|p1b: Flutter Mane\n|-damage|p1b: Flutter Mane|24\/100\n|-start|p1b: Flutter Mane|Throat Chop|[silent]\n|\n|-heal|p2b: Ting-Lu|8\/100|[from] item: Leftovers\n|-damage|p2a: Roaring Moon|15\/100 brn|[from] brn\n|upkeep\n|turn|5\n|\n|t:|1681874037\n|-end|p2a: Roaring Moon|Protosynthesis|[silent]\n|switch|p2a: Skeledirge|Skeledirge, L50, M|100\/100\n|move|p2b: Ting-Lu|Protect|p2b: Ting-Lu\n|-singleturn|p2b: Ting-Lu|Protect\n|move|p1a: Kingambit|Sucker Punch||[still]\n|-fail|p1a: Kingambit\n|move|p1b: Flutter Mane|Dazzling Gleam|p2a: Skeledirge|[spread] p2a\n|-activate|p2b: Ting-Lu|move: Protect\n|-resisted|p2a: Skeledirge\n|-damage|p2a: Skeledirge|87\/100\n|\n|-heal|p2b: Ting-Lu|14\/100|[from] item: Leftovers\n|-end|p1b: Flutter Mane|Throat Chop|[silent]\n|upkeep\n|turn|6\n|\n|t:|1681874055\n|switch|p2b: Roaring Moon|Roaring Moon, L50, tera:Flying|15\/100 brn\n|move|p1a: Kingambit|Sucker Punch||[still]\n|-fail|p1a: Kingambit\n|move|p1b: Flutter Mane|Dazzling Gleam|p2b: Roaring Moon|[spread] p2a,p2b\n|-resisted|p2a: Skeledirge\n|-damage|p2a: Skeledirge|69\/100\n|-damage|p2b: Roaring Moon|0 fnt\n|faint|p2b: Roaring Moon\n|-end|p2b: Roaring Moon|Protosynthesis|[silent]\n|move|p2a: Skeledirge|Will-O-Wisp|p1a: Kingambit\n|-status|p1a: Kingambit|brn\n|\n|-damage|p1a: Kingambit|13\/100 brn|[from] brn\n|upkeep\n|j|%Eeveon7\u2764\n|j| MasterofMetapods5\n|\n|t:|1681874090\n|switch|p2b: Ting-Lu|Ting-Lu, L50|14\/100\n|-ability|p2b: Ting-Lu|Vessel of Ruin\n|turn|7\n|\n|t:|1681874095\n|move|p2b: Ting-Lu|Protect|p2b: Ting-Lu\n|-singleturn|p2b: Ting-Lu|Protect\n|move|p1b: Flutter Mane|Dazzling Gleam|p2a: Skeledirge|[spread] p2a\n|-activate|p2b: Ting-Lu|move: Protect\n|-resisted|p2a: Skeledirge\n|-damage|p2a: Skeledirge|55\/100\n|move|p2a: Skeledirge|Torch Song|p1b: Flutter Mane\n|-damage|p1b: Flutter Mane|4\/100\n|-boost|p2a: Skeledirge|spa|1\n|move|p1a: Kingambit|Kowtow Cleave|p2a: Skeledirge\n|-supereffective|p2a: Skeledirge\n|-damage|p2a: Skeledirge|31\/100\n|-enditem|p2a: Skeledirge|Sitrus Berry|[eat]\n|-heal|p2a: Skeledirge|56\/100|[from] item: Sitrus Berry\n|\n|-heal|p2b: Ting-Lu|20\/100|[from] item: Leftovers\n|-damage|p1a: Kingambit|7\/100 brn|[from] brn\n|upkeep\n|turn|8\n|j| rina slaywayama\n|\n|t:|1681874114\n|move|p2b: Ting-Lu|Protect||[still]\n|-fail|p2b: Ting-Lu\n|move|p1a: Kingambit|Sucker Punch|p2a: Skeledirge\n|-supereffective|p2a: Skeledirge\n|-damage|p2a: Skeledirge|36\/100\n|move|p1b: Flutter Mane|Dazzling Gleam|p2b: Ting-Lu|[spread] p2a,p2b\n|-resisted|p2a: Skeledirge\n|-supereffective|p2b: Ting-Lu\n|-damage|p2a: Skeledirge|23\/100\n|-damage|p2b: Ting-Lu|0 fnt\n|faint|p2b: Ting-Lu\n|move|p2a: Skeledirge|Torch Song|p1b: Flutter Mane\n|-damage|p1b: Flutter Mane|0 fnt\n|-boost|p2a: Skeledirge|spa|1\n|faint|p1b: Flutter Mane\n|-end|p1b: Flutter Mane|Protosynthesis|[silent]\n|\n|-damage|p1a: Kingambit|1\/100 brn|[from] brn\n|-sideend|p2: Snowstorm brute|Reflect\n|upkeep\n|\n|t:|1681874124\n|switch|p1b: Dragapult|Dragapult, L50, F|100\/100\n|turn|9\n|-message|Snowstorm brute forfeited.\n|\n|win|tatsugirl i~\n|n|\u2606tatsugirl i~|tatsugirli\n|n|\u2606Snowstorm brute|snowstormbrute\n|n| Radio Free C-Side|radiofreecside\n|n| CursedWords|cursedwords\n|n| Mikunji19|mikunji19\n|n|+Eeveon7\u2764|eeveon7\n|n| MasterofMetapods5|masterofmetapods5\n|n| rina slaywayama|rinaslaywayama\n","uploadtime":1681874130,"views":11,"p1id":"tatsugirli","p2id":"snowstormbrute","formatid":"gen9vgc2023regulationc","rating":0,"private":0,"password":""}