{"id":"gen9vgc2023regulationc-1857399135","p1":"sengeki","p2":"tadano-reol","format":"[Gen 9] VGC 2023 Regulation C","log":"|j|\u2606sengeki\n|j|\u2606tadano-reol\n|t:|1683186750\n|gametype|doubles\n|player|p1|sengeki|1|1099\n|player|p2|tadano-reol|red|1125\n|teamsize|p1|6\n|teamsize|p2|6\n|gen|9\n|tier|[Gen 9] VGC 2023 Regulation C\n|rated|\n|rule|Species Clause: Limit one of each Pok\u00e9mon\n|rule|Item Clause: Limit one of each item\n|clearpoke\n|poke|p1|Maushold, L50|\n|poke|p1|Annihilape, L50, F|\n|poke|p1|Oranguru, L50, F|\n|poke|p1|Toxapex, L50, F|\n|poke|p1|Tyranitar, L50, M|\n|poke|p1|Gholdengo, L50|\n|poke|p2|Armarouge, L50, F|\n|poke|p2|Indeedee-F, L50, F|\n|poke|p2|Roaring Moon, L50|\n|poke|p2|Corviknight, L50, F|\n|poke|p2|Garchomp, L50, M|\n|poke|p2|Flutter Mane, L50|\n|teampreview|4\n|j| hisanory\n|j| Suuhna\n|l| Suuhna\n|\n|t:|1683186789\n|start\n|switch|p1a: Maushold|Maushold, L50|100\/100\n|switch|p1b: Annihilape|Annihilape, L50, F|100\/100\n|switch|p2a: Garchomp|Garchomp, L50, M|100\/100\n|switch|p2b: Corviknight|Corviknight, L50, F|100\/100\n|turn|1\n|inactive|Battle timer is ON: inactive players will automatically lose when time's up. (requested by tadano-reol)\n|\n|t:|1683186803\n|move|p1a: Maushold|Baby-Doll Eyes|p2a: Garchomp\n|-unboost|p2a: Garchomp|atk|1\n|move|p2a: Garchomp|Earthquake|p1b: Annihilape|[spread] p1a,p1b\n|-immune|p2b: Corviknight\n|-damage|p1a: Maushold|71\/100\n|-damage|p1b: Annihilape|81\/100\n|move|p1b: Annihilape|Bulk Up|p1b: Annihilape\n|-boost|p1b: Annihilape|atk|1\n|-boost|p1b: Annihilape|def|1\n|move|p2b: Corviknight|Brave Bird|p1b: Annihilape\n|-supereffective|p1b: Annihilape\n|-damage|p1b: Annihilape|42\/100\n|-damage|p2b: Corviknight|88\/100|[from] Recoil\n|\n|-heal|p1b: Annihilape|48\/100|[from] item: Leftovers\n|upkeep\n|turn|2\n|\n|t:|1683186821\n|move|p1b: Annihilape|Protect|p1b: Annihilape\n|-singleturn|p1b: Annihilape|Protect\n|move|p1a: Maushold|Baby-Doll Eyes|p2a: Garchomp\n|-unboost|p2a: Garchomp|atk|1\n|move|p2a: Garchomp|Earthquake|p1a: Maushold|[spread] p1a\n|-activate|p1b: Annihilape|move: Protect\n|-immune|p2b: Corviknight\n|-crit|p1a: Maushold\n|-damage|p1a: Maushold|4\/100\n|move|p2b: Corviknight|Tailwind|p2b: Corviknight\n|-sidestart|p2: tadano-reol|move: Tailwind\n|\n|-heal|p1b: Annihilape|54\/100|[from] item: Leftovers\n|upkeep\n|turn|3\n|inactive|sengeki has 30 seconds left.\n|\n|t:|1683186850\n|-terastallize|p1b: Annihilape|Ghost\n|move|p1a: Maushold|Baby-Doll Eyes|p2a: Garchomp\n|-unboost|p2a: Garchomp|atk|1\n|move|p2a: Garchomp|Earthquake|p1a: Maushold|[spread] p1a,p1b\n|-immune|p2b: Corviknight\n|-damage|p1a: Maushold|0 fnt\n|-damage|p1b: Annihilape|47\/100\n|faint|p1a: Maushold\n|move|p2b: Corviknight|Brave Bird|p1b: Annihilape\n|-damage|p1b: Annihilape|18\/100\n|-damage|p2b: Corviknight|79\/100|[from] Recoil\n|move|p1b: Annihilape|Drain Punch|p2a: Garchomp\n|-damage|p2a: Garchomp|54\/100\n|-heal|p1b: Annihilape|39\/100|[from] drain|[of] p2a: Garchomp\n|-damage|p1b: Annihilape|27\/100|[from] ability: Rough Skin|[of] p2a: Garchomp\n|\n|-heal|p1b: Annihilape|33\/100|[from] item: Leftovers\n|upkeep\n|inactive|sengeki has 30 seconds left.\n|\n|t:|1683186876\n|switch|p1a: Toxapex|Toxapex, L50, F|100\/100\n|turn|4\n|\n|t:|1683186887\n|switch|p2a: Indeedee|Indeedee-F, L50, F, shiny|100\/100\n|-fieldstart|move: Psychic Terrain|[from] ability: Psychic Surge|[of] p2a: Indeedee\n|move|p1b: Annihilape|Protect|p1b: Annihilape\n|-singleturn|p1b: Annihilape|Protect\n|move|p1a: Toxapex|Wide Guard|p1a: Toxapex\n|-singleturn|p1a: Toxapex|Wide Guard\n|move|p2b: Corviknight|Brave Bird|p1b: Annihilape\n|-activate|p1b: Annihilape|move: Protect\n|\n|-heal|p1b: Annihilape|39\/100|[from] item: Leftovers\n|upkeep\n|turn|5\n|\n|t:|1683186910\n|move|p2b: Corviknight|Brave Bird|p1b: Annihilape\n|-damage|p1b: Annihilape|10\/100\n|-damage|p2b: Corviknight|69\/100|[from] Recoil\n|move|p1b: Annihilape|Rage Fist|p2b: Corviknight\n|-damage|p2b: Corviknight|0 fnt\n|faint|p2b: Corviknight\n|move|p1a: Toxapex|Toxic|p2a: Indeedee\n|-status|p2a: Indeedee|tox\n|move|p2a: Indeedee|Trick Room|p2a: Indeedee\n|-fieldstart|move: Trick Room|[of] p2a: Indeedee\n|\n|-heal|p1b: Annihilape|16\/100|[from] item: Leftovers\n|-damage|p2a: Indeedee|94\/100 tox|[from] psn\n|-sideend|p2: tadano-reol|move: Tailwind\n|upkeep\n|\n|t:|1683186919\n|switch|p2b: Armarouge|Armarouge, L50, F, shiny|100\/100\n|turn|6\n|\n|t:|1683186928\n|move|p1b: Annihilape|Protect|p1b: Annihilape\n|-singleturn|p1b: Annihilape|Protect\n|move|p1a: Toxapex|Wide Guard|p1a: Toxapex\n|-singleturn|p1a: Toxapex|Wide Guard\n|move|p2a: Indeedee|Dazzling Gleam|p1b: Annihilape|[spread] \n|-activate|p1a: Toxapex|move: Wide Guard\n|-activate|p1b: Annihilape|move: Wide Guard\n|move|p2b: Armarouge|Expanding Force|p1b: Annihilape|[spread] \n|-activate|p1a: Toxapex|move: Wide Guard\n|-activate|p1b: Annihilape|move: Wide Guard\n|\n|-heal|p1b: Annihilape|22\/100|[from] item: Leftovers\n|-damage|p2a: Indeedee|82\/100 tox|[from] psn\n|upkeep\n|turn|7\n|\n|t:|1683186947\n|switch|p1b: Oranguru|Oranguru, L50, F|100\/100\n|move|p2a: Indeedee|Follow Me|p2a: Indeedee\n|-singleturn|p2a: Indeedee|move: Follow Me\n|move|p1a: Toxapex|Toxic|p2a: Indeedee\n|-fail|p2a: Indeedee|tox\n|move|p2b: Armarouge|Energy Ball|p1b: Oranguru\n|-damage|p1b: Oranguru|65\/100\n|-damage|p2b: Armarouge|91\/100|[from] item: Life Orb\n|\n|-damage|p2a: Indeedee|63\/100 tox|[from] psn\n|upkeep\n|turn|8\n|\n|t:|1683186970\n|move|p2a: Indeedee|Follow Me|p2a: Indeedee\n|-singleturn|p2a: Indeedee|move: Follow Me\n|move|p1a: Toxapex|Toxic|p2a: Indeedee\n|-fail|p2a: Indeedee|tox\n|move|p1b: Oranguru|Psychic|p2a: Indeedee\n|-resisted|p2a: Indeedee\n|-damage|p2a: Indeedee|45\/100 tox\n|move|p2b: Armarouge|Energy Ball|p1b: Oranguru\n|-damage|p1b: Oranguru|28\/100\n|-damage|p2b: Armarouge|82\/100|[from] item: Life Orb\n|\n|-damage|p2a: Indeedee|20\/100 tox|[from] psn\n|-fieldend|move: Psychic Terrain\n|upkeep\n|turn|9\n|inactive|sengeki has 30 seconds left.\n|inactive|sengeki has 20 seconds left.\n|\n|t:|1683187008\n|move|p2a: Indeedee|Follow Me|p2a: Indeedee\n|-singleturn|p2a: Indeedee|move: Follow Me\n|move|p1a: Toxapex|Toxic|p2a: Indeedee\n|-fail|p2a: Indeedee|tox\n|move|p1b: Oranguru|Yawn||[still]\n|-fail|p1b: Oranguru\n|move|p2b: Armarouge|Energy Ball|p1b: Oranguru\n|-damage|p1b: Oranguru|0 fnt\n|faint|p1b: Oranguru\n|-damage|p2b: Armarouge|72\/100|[from] item: Life Orb\n|\n|-damage|p2a: Indeedee|0 fnt|[from] psn\n|faint|p2a: Indeedee\n|-fieldend|move: Trick Room\n|upkeep\n|\n|t:|1683187021\n|switch|p2a: Garchomp|Garchomp, L50, M|54\/100\n|switch|p1b: Annihilape|Annihilape, L50, F, tera:Ghost|22\/100\n|turn|10\n|\n|t:|1683187040\n|-terastallize|p2a: Garchomp|Ground\n|move|p1a: Toxapex|Wide Guard|p1a: Toxapex\n|-singleturn|p1a: Toxapex|Wide Guard\n|move|p2a: Garchomp|Stomping Tantrum|p1a: Toxapex\n|-supereffective|p1a: Toxapex\n|-damage|p1a: Toxapex|14\/100\n|-damage|p2a: Garchomp|38\/100|[from] item: Rocky Helmet|[of] p1a: Toxapex\n|move|p1b: Annihilape|Drain Punch|p2a: Garchomp\n|-damage|p2a: Garchomp|8\/100\n|-heal|p1b: Annihilape|36\/100|[from] drain|[of] p2a: Garchomp\n|-damage|p1b: Annihilape|24\/100|[from] ability: Rough Skin|[of] p2a: Garchomp\n|move|p2b: Armarouge|Expanding Force|p1b: Annihilape\n|-damage|p1b: Annihilape|0 fnt\n|faint|p1b: Annihilape\n|-damage|p2b: Armarouge|63\/100|[from] item: Life Orb\n|\n|upkeep\n|turn|11\n|\n|t:|1683187059\n|move|p2a: Garchomp|Stomping Tantrum|p1a: Toxapex\n|-supereffective|p1a: Toxapex\n|-damage|p1a: Toxapex|0 fnt\n|-damage|p2a: Garchomp|0 fnt|[from] item: Rocky Helmet|[of] p1a: Toxapex\n|faint|p1a: Toxapex\n|faint|p2a: Garchomp\n|\n|win|tadano-reol\n|raw|sengeki's rating: 1099 → 1076<\/strong> (-23 for losing)\n|raw|tadano-reol's rating: 1125 → 1148<\/strong> (+23 for winning)\n|l|\u2606tadano-reol\n|l|\u2606sengeki\n","uploadtime":1683187077,"views":10,"p1id":"sengeki","p2id":"tadanoreol","formatid":"gen9vgc2023regulationc","rating":1076,"private":0,"password":""}