{"id":"gen9vgc2023regulationc-1858024595","p1":"Icefanngs","p2":"Aegwyng","format":"[Gen 9] VGC 2023 Regulation C","log":"|j|\u2606Icefanngs\n|j|\u2606Aegwyng\n|t:|1683262145\n|gametype|doubles\n|player|p1|Icefanngs|1|1048\n|player|p2|Aegwyng|hilda|1000\n|teamsize|p1|6\n|teamsize|p2|6\n|gen|9\n|tier|[Gen 9] VGC 2023 Regulation C\n|rated|\n|rule|Species Clause: Limit one of each Pok\u00e9mon\n|rule|Item Clause: Limit one of each item\n|clearpoke\n|poke|p1|Vaporeon, L50, F|\n|poke|p1|Jolteon, L50, M|\n|poke|p1|Leafeon, L50, F|\n|poke|p1|Umbreon, L50, M|\n|poke|p1|Espeon, L50, F|\n|poke|p1|Sylveon, L50, F|\n|poke|p2|Tyranitar, L50, M|\n|poke|p2|Mimikyu, L50, F|\n|poke|p2|Murkrow, L50, F|\n|poke|p2|Gardevoir, L50, F|\n|poke|p2|Ceruledge, L50, F|\n|poke|p2|Gyarados, L50, M|\n|teampreview|4\n|inactive|Battle timer is ON: inactive players will automatically lose when time's up. (requested by Icefanngs)\n|\n|t:|1683262178\n|start\n|switch|p1a: Midnight|Umbreon, L50, M|100\/100\n|switch|p1b: Sakura|Sylveon, L50, F|100\/100\n|switch|p2a: Tyranitar|Tyranitar, L50, M, shiny|100\/100\n|switch|p2b: Gyarados|Gyarados, L50, M, shiny|100\/100\n|-ability|p2b: Gyarados|Intimidate|boost\n|-fail|p1a: Midnight|unboost|Attack|[from] ability: Inner Focus|[of] p1a: Midnight\n|-unboost|p1b: Sakura|atk|1\n|-weather|Sandstorm|[from] ability: Sand Stream|[of] p2a: Tyranitar\n|turn|1\n|inactive|Aegwyng has 30 seconds left.\n|inactive|Aegwyng has 20 seconds left.\n|\n|t:|1683262215\n|-terastallize|p2a: Tyranitar|Rock\n|move|p2b: Gyarados|Taunt|p1a: Midnight\n|-start|p1a: Midnight|move: Taunt\n|cant|p1a: Midnight|move: Taunt|Reflect\n|move|p2a: Tyranitar|Snarl|p1a: Midnight|[spread] p1a,p1b\n|-resisted|p1a: Midnight\n|-resisted|p1b: Sakura\n|-damage|p1a: Midnight|95\/100\n|-damage|p1b: Sakura|95\/100\n|-unboost|p1a: Midnight|spa|1\n|-unboost|p1b: Sakura|spa|1\n|move|p1b: Sakura|Hyper Voice|p2a: Tyranitar|[spread] p2a,p2b\n|-damage|p2a: Tyranitar|91\/100\n|-damage|p2b: Gyarados|84\/100\n|\n|-weather|Sandstorm|[upkeep]\n|-damage|p2b: Gyarados|78\/100|[from] Sandstorm\n|-damage|p1a: Midnight|89\/100|[from] Sandstorm\n|-damage|p1b: Sakura|89\/100|[from] Sandstorm\n|-heal|p2b: Gyarados|84\/100|[from] item: Leftovers\n|-heal|p1b: Sakura|95\/100|[from] item: Leftovers\n|upkeep\n|turn|2\n|inactive|Icefanngs has 30 seconds left.\n|\n|t:|1683262241\n|switch|p1a: Aqua|Vaporeon, L50, F|100\/100\n|switch|p1b: Speed|Jolteon, L50, M|100\/100\n|move|p2b: Gyarados|Thunder Wave|p1b: Speed\n|-immune|p1b: Speed|[from] ability: Volt Absorb\n|move|p2a: Tyranitar|Snarl|p1a: Aqua|[spread] p1a\n|-miss|p2a: Tyranitar|p1b: Speed\n|-damage|p1a: Aqua|88\/100\n|-unboost|p1a: Aqua|spa|1\n|\n|-weather|Sandstorm|[upkeep]\n|-damage|p1b: Speed|95\/100|[from] Sandstorm\n|-damage|p2b: Gyarados|78\/100|[from] Sandstorm\n|-damage|p1a: Aqua|82\/100|[from] Sandstorm\n|-heal|p2b: Gyarados|84\/100|[from] item: Leftovers\n|upkeep\n|turn|3\n|inactive|Icefanngs has 30 seconds left.\n|\n|t:|1683262276\n|move|p1a: Aqua|Protect|p1a: Aqua\n|-singleturn|p1a: Aqua|Protect\n|move|p1b: Speed|Discharge|p2a: Tyranitar|[spread] p2a,p2b\n|-activate|p1a: Aqua|move: Protect\n|-supereffective|p2b: Gyarados\n|-damage|p2a: Tyranitar|82\/100\n|-damage|p2b: Gyarados|0 fnt\n|faint|p2b: Gyarados\n|move|p2a: Tyranitar|Power Gem|p1b: Speed\n|-damage|p1b: Speed|38\/100\n|\n|-weather|Sandstorm|[upkeep]\n|-damage|p1b: Speed|32\/100|[from] Sandstorm\n|-damage|p1a: Aqua|76\/100|[from] Sandstorm\n|upkeep\n|\n|t:|1683262294\n|switch|p2b: Mimikyu|Mimikyu, L50, F, shiny|100\/100\n|turn|4\n|\n|t:|1683262312\n|move|p1b: Speed|Protect|p1b: Speed\n|-singleturn|p1b: Speed|Protect\n|move|p2b: Mimikyu|Substitute|p2b: Mimikyu\n|-start|p2b: Mimikyu|Substitute\n|-damage|p2b: Mimikyu|76\/100\n|move|p1a: Aqua|Icy Wind|p2b: Mimikyu|[spread] p2a,p2b\n|-activate|p2b: Mimikyu|move: Substitute|[damage]\n|-damage|p2a: Tyranitar|78\/100\n|-unboost|p2a: Tyranitar|spe|1\n|move|p2a: Tyranitar|Earth Power|p1b: Speed\n|-activate|p1b: Speed|move: Protect\n|\n|-weather|Sandstorm|[upkeep]\n|-damage|p1b: Speed|26\/100|[from] Sandstorm\n|-damage|p2b: Mimikyu|70\/100|[from] Sandstorm\n|-damage|p1a: Aqua|70\/100|[from] Sandstorm\n|upkeep\n|turn|5\n|inactive|Icefanngs has 30 seconds left.\n|inactive|Aegwyng has 30 seconds left.\n|inactive|Icefanngs has 20 seconds left.\n|\n|t:|1683262351\n|switch|p1b: Midnight|Umbreon, L50, M|89\/100\n|move|p2b: Mimikyu|Drain Punch|p1b: Midnight\n|-supereffective|p1b: Midnight\n|-damage|p1b: Midnight|55\/100\n|-heal|p2b: Mimikyu|95\/100|[from] drain|[of] p1b: Midnight\n|-damage|p2b: Mimikyu|85\/100|[from] item: Life Orb\n|move|p1a: Aqua|Muddy Water|p2b: Mimikyu|[spread] p2a,p2b\n|-end|p2b: Mimikyu|Substitute\n|-supereffective|p2a: Tyranitar\n|-damage|p2a: Tyranitar|60\/100\n|move|p2a: Tyranitar|Snarl|p1b: Midnight|[spread] p1a,p1b\n|-resisted|p1b: Midnight\n|-damage|p1a: Aqua|57\/100\n|-damage|p1b: Midnight|50\/100\n|-unboost|p1a: Aqua|spa|1\n|-unboost|p1b: Midnight|spa|1\n|\n|-weather|none\n|upkeep\n|turn|6\n|inactive|Icefanngs has 30 seconds left.\n|inactive|Aegwyng has 30 seconds left.\n|\n|t:|1683262378\n|move|p2b: Mimikyu|Substitute|p2b: Mimikyu\n|-start|p2b: Mimikyu|Substitute\n|-damage|p2b: Mimikyu|61\/100\n|move|p1a: Aqua|Yawn|p2a: Tyranitar\n|-start|p2a: Tyranitar|move: Yawn|[of] p1a: Aqua\n|move|p1b: Midnight|Foul Play|p2b: Mimikyu\n|-end|p2b: Mimikyu|Substitute\n|move|p2a: Tyranitar|Snarl|p1b: Midnight|[spread] p1a,p1b\n|-resisted|p1b: Midnight\n|-damage|p1a: Aqua|44\/100\n|-damage|p1b: Midnight|44\/100\n|-unboost|p1a: Aqua|spa|1\n|-unboost|p1b: Midnight|spa|1\n|\n|upkeep\n|turn|7\n|\n|t:|1683262403\n|move|p2b: Mimikyu|Drain Punch|p1b: Midnight\n|-supereffective|p1b: Midnight\n|-damage|p1b: Midnight|12\/100\n|-heal|p2b: Mimikyu|85\/100|[from] drain|[of] p1b: Midnight\n|-damage|p2b: Mimikyu|76\/100|[from] item: Life Orb\n|move|p1a: Aqua|Muddy Water|p2a: Tyranitar|[spread] p2a,p2b\n|-supereffective|p2a: Tyranitar\n|-damage|p2a: Tyranitar|47\/100\n|-activate|p2b: Mimikyu|ability: Disguise\n|-damage|p2b: Mimikyu|76\/100\n|detailschange|p2b: Mimikyu|Mimikyu-Busted, L50, F, shiny\n|-damage|p2b: Mimikyu|64\/100|[from] pokemon: Mimikyu-Busted\n|move|p1b: Midnight|Foul Play|p2b: Mimikyu\n|-damage|p2b: Mimikyu|5\/100\n|move|p2a: Tyranitar|Power Gem|p1a: Aqua\n|-damage|p1a: Aqua|11\/100\n|\n|-end|p2a: Tyranitar|move: Yawn|[silent]\n|-status|p2a: Tyranitar|slp\n|upkeep\n|turn|8\n|inactive|Icefanngs has 30 seconds left.\n|inactive|Aegwyng has 30 seconds left.\n|\n|t:|1683262434\n|move|p2b: Mimikyu|Drain Punch|p1b: Midnight\n|-supereffective|p1b: Midnight\n|-damage|p1b: Midnight|0 fnt\n|-heal|p2b: Mimikyu|14\/100|[from] drain|[of] p1b: Midnight\n|faint|p1b: Midnight\n|-damage|p2b: Mimikyu|4\/100|[from] item: Life Orb\n|move|p1a: Aqua|Muddy Water|p2a: Tyranitar|[spread] p2a,p2b\n|-supereffective|p2a: Tyranitar\n|-damage|p2a: Tyranitar|33\/100 slp\n|-damage|p2b: Mimikyu|0 fnt\n|-unboost|p2a: Tyranitar|accuracy|1\n|faint|p2b: Mimikyu\n|cant|p2a: Tyranitar|slp\n|\n|upkeep\n|\n|t:|1683262458\n|switch|p2b: Ceruledge|Ceruledge, L50, F, shiny|100\/100\n|switch|p1b: Sakura|Sylveon, L50, F|95\/100\n|turn|9\n|\n|t:|1683262475\n|move|p2b: Ceruledge|Shadow Sneak|p1a: Aqua\n|-damage|p1a: Aqua|0 fnt\n|faint|p1a: Aqua\n|move|p1b: Sakura|Hyper Voice|p2a: Tyranitar|[spread] p2a,p2b\n|-resisted|p2b: Ceruledge\n|-damage|p2a: Tyranitar|12\/100 slp\n|-damage|p2b: Ceruledge|82\/100\n|cant|p2a: Tyranitar|slp\n|\n|-heal|p1b: Sakura|100\/100|[from] item: Leftovers\n|upkeep\n|\n|t:|1683262481\n|switch|p1a: Speed|Jolteon, L50, M|26\/100\n|turn|10\n|\n|t:|1683262496\n|-terastallize|p1a: Speed|Normal\n|move|p2b: Ceruledge|Shadow Sneak|p1a: Speed\n|-immune|p1a: Speed\n|move|p1a: Speed|Shadow Ball|p2b: Ceruledge\n|-supereffective|p2b: Ceruledge\n|-damage|p2b: Ceruledge|38\/100\n|move|p1b: Sakura|Hyper Voice|p2b: Ceruledge|[spread] p2a,p2b\n|-resisted|p2b: Ceruledge\n|-damage|p2a: Tyranitar|0 fnt\n|-damage|p2b: Ceruledge|20\/100\n|faint|p2a: Tyranitar\n|\n|upkeep\n|turn|11\n|\n|t:|1683262511\n|move|p1a: Speed|Shadow Ball|p2b: Ceruledge\n|-supereffective|p2b: Ceruledge\n|-damage|p2b: Ceruledge|0 fnt\n|faint|p2b: Ceruledge\n|\n|win|Icefanngs\n|raw|Icefanngs's rating: 1048 → 1076<\/strong> (+28 for winning)\n|raw|Aegwyng's rating: 1000 → 1000<\/strong> (+0 for losing)\n|c|\u2606Icefanngs|Gg\n|l|\u2606Aegwyng\n","uploadtime":1683262522,"views":9,"p1id":"icefanngs","p2id":"aegwyng","formatid":"gen9vgc2023regulationc","rating":1000,"private":0,"password":""}