{"id":"gen9vgc2023regulationc-1845984800","p1":"acemizi","p2":"shhh6","format":"[Gen 9] VGC 2023 Regulation C","log":"|j|\u2606acemizi\n|j|\u2606shhh6\n|t:|1681787340\n|gametype|doubles\n|player|p1|acemizi|shadowtriad|1158\n|player|p2|shhh6|101|1170\n|teamsize|p1|6\n|teamsize|p2|6\n|gen|9\n|tier|[Gen 9] VGC 2023 Regulation C\n|rated|\n|rule|Species Clause: Limit one of each Pok\u00e9mon\n|rule|Item Clause: Limit one of each item\n|clearpoke\n|poke|p1|Chien-Pao, L50|\n|poke|p1|Dragonite, L50, F|\n|poke|p1|Talonflame, L50, M|\n|poke|p1|Annihilape, L50, F|\n|poke|p1|Maushold-Four, L50|\n|poke|p1|Sandy Shocks, L50|\n|poke|p2|Torkoal, L50, M|\n|poke|p2|Chi-Yu, L50|\n|poke|p2|Bronzong, L50|\n|poke|p2|Gastrodon, L50, F|\n|poke|p2|Grimmsnarl, L50, M|\n|poke|p2|Skeledirge, L50, F|\n|teampreview|4\n|\n|t:|1681787351\n|start\n|switch|p1a: Talonflame|Talonflame, L50, M|100\/100\n|switch|p1b: Sandy Shocks|Sandy Shocks, L50|100\/100\n|switch|p2a: Torkoal|Torkoal, L50, M|100\/100\n|switch|p2b: Grimmsnarl|Grimmsnarl, L50, M|100\/100\n|-weather|SunnyDay|[from] ability: Drought|[of] p2a: Torkoal\n|-activate|p1b: Sandy Shocks|ability: Protosynthesis\n|-start|p1b: Sandy Shocks|protosynthesisspa\n|turn|1\n|inactive|Battle timer is ON: inactive players will automatically lose when time's up. (requested by shhh6)\n|\n|t:|1681787370\n|move|p2b: Grimmsnarl|Fake Out|p1b: Sandy Shocks\n|-damage|p1b: Sandy Shocks|84\/100\n|move|p1a: Talonflame|Taunt|p2b: Grimmsnarl\n|-start|p2b: Grimmsnarl|move: Taunt\n|cant|p1b: Sandy Shocks|flinch\n|move|p2a: Torkoal|Eruption|p1b: Sandy Shocks|[spread] p1a,p1b\n|-resisted|p1a: Talonflame\n|-damage|p1a: Talonflame|46\/100\n|-damage|p1b: Sandy Shocks|0 fnt\n|faint|p1b: Sandy Shocks\n|-end|p1b: Sandy Shocks|Protosynthesis|[silent]\n|-damage|p2a: Torkoal|91\/100|[from] item: Life Orb\n|\n|-weather|SunnyDay|[upkeep]\n|upkeep\n|\n|t:|1681787386\n|switch|p1b: Annihilape|Annihilape, L50, F|100\/100\n|turn|2\n|\n|t:|1681787403\n|-terastallize|p1b: Annihilape|Fire\n|move|p2a: Torkoal|Protect|p2a: Torkoal\n|-singleturn|p2a: Torkoal|Protect\n|move|p2b: Grimmsnarl|Sucker Punch||[still]\n|-fail|p2b: Grimmsnarl\n|move|p1a: Talonflame|Tailwind|p1a: Talonflame\n|-sidestart|p1: acemizi|move: Tailwind\n|move|p1b: Annihilape|Drain Punch|p2a: Torkoal\n|-activate|p2a: Torkoal|move: Protect\n|\n|-weather|SunnyDay|[upkeep]\n|upkeep\n|turn|3\n|\n|t:|1681787419\n|switch|p2a: Skeledirge|Skeledirge, L50, F|100\/100\n|move|p2b: Grimmsnarl|Sucker Punch||[still]\n|-fail|p2b: Grimmsnarl\n|move|p1a: Talonflame|Will-O-Wisp|p2b: Grimmsnarl\n|-status|p2b: Grimmsnarl|brn\n|move|p1b: Annihilape|Bulk Up|p1b: Annihilape\n|-boost|p1b: Annihilape|atk|1\n|-boost|p1b: Annihilape|def|1\n|\n|-weather|SunnyDay|[upkeep]\n|-damage|p2b: Grimmsnarl|95\/100 brn|[from] brn\n|upkeep\n|turn|4\n|\n|t:|1681787437\n|switch|p2b: Bronzong|Bronzong, L50|100\/100\n|move|p2a: Skeledirge|Protect|p2a: Skeledirge\n|-singleturn|p2a: Skeledirge|Protect\n|move|p1a: Talonflame|Taunt|p2a: Skeledirge\n|-activate|p2a: Skeledirge|move: Protect\n|move|p1b: Annihilape|Rage Fist|p2a: Skeledirge\n|-activate|p2a: Skeledirge|move: Protect\n|\n|-weather|SunnyDay|[upkeep]\n|upkeep\n|turn|5\n|\n|t:|1681787452\n|switch|p2a: Grimmsnarl|Grimmsnarl, L50, M|95\/100 brn\n|move|p1a: Talonflame|Taunt|p2b: Bronzong\n|-start|p2b: Bronzong|move: Taunt\n|move|p1b: Annihilape|Rage Fist|p2a: Grimmsnarl\n|-resisted|p2a: Grimmsnarl\n|-damage|p2a: Grimmsnarl|76\/100 brn\n|move|p2b: Bronzong|Body Press|p1a: Talonflame\n|-resisted|p1a: Talonflame\n|-damage|p1a: Talonflame|26\/100\n|\n|-weather|none\n|-damage|p2a: Grimmsnarl|70\/100 brn|[from] brn\n|-sideend|p1: acemizi|move: Tailwind\n|upkeep\n|turn|6\n|\n|t:|1681787469\n|move|p2a: Grimmsnarl|Trick|p1b: Annihilape\n|-activate|p2a: Grimmsnarl|move: Trick|[of] p1b: Annihilape\n|-item|p1b: Annihilape|Lagging Tail|[from] move: Trick\n|-item|p2a: Grimmsnarl|Leftovers|[from] move: Trick\n|move|p1a: Talonflame|Tailwind|p1a: Talonflame\n|-sidestart|p1: acemizi|move: Tailwind\n|move|p1b: Annihilape|Bulk Up|p1b: Annihilape\n|-boost|p1b: Annihilape|atk|1\n|-boost|p1b: Annihilape|def|1\n|move|p2b: Bronzong|Body Press|p1a: Talonflame\n|-resisted|p1a: Talonflame\n|-damage|p1a: Talonflame|8\/100\n|\n|-heal|p2a: Grimmsnarl|76\/100 brn|[from] item: Leftovers\n|-damage|p2a: Grimmsnarl|70\/100 brn|[from] brn\n|upkeep\n|turn|7\n|inactive|shhh6 has 30 seconds left.\n|\n|t:|1681787497\n|move|p2a: Grimmsnarl|Sucker Punch||[still]\n|-fail|p2a: Grimmsnarl\n|move|p1a: Talonflame|Will-O-Wisp|p2b: Bronzong|[miss]\n|-miss|p1a: Talonflame|p2b: Bronzong\n|move|p2b: Bronzong|Body Press|p1a: Talonflame\n|-resisted|p1a: Talonflame\n|-damage|p1a: Talonflame|0 fnt\n|faint|p1a: Talonflame\n|move|p1b: Annihilape|Drain Punch|p2a: Grimmsnarl\n|-damage|p2a: Grimmsnarl|0 fnt\n|faint|p2a: Grimmsnarl\n|\n|-end|p2b: Bronzong|move: Taunt\n|upkeep\n|\n|t:|1681787512\n|switch|p1a: Maushold|Maushold-Four, L50|100\/100\n|switch|p2a: Skeledirge|Skeledirge, L50, F|100\/100\n|turn|8\n|\n|t:|1681787526\n|move|p2a: Skeledirge|Protect|p2a: Skeledirge\n|-singleturn|p2a: Skeledirge|Protect\n|move|p1a: Maushold|Follow Me|p1a: Maushold\n|-singleturn|p1a: Maushold|move: Follow Me\n|move|p2b: Bronzong|Body Press|p1a: Maushold\n|-supereffective|p1a: Maushold\n|-damage|p1a: Maushold|27\/100\n|move|p1b: Annihilape|Rage Fist|p2b: Bronzong\n|-supereffective|p2b: Bronzong\n|-enditem|p2b: Bronzong|Kasib Berry|[eat]\n|-enditem|p2b: Bronzong|Kasib Berry|[weaken]\n|-damage|p2b: Bronzong|66\/100\n|\n|upkeep\n|turn|9\n|\n|t:|1681787542\n|switch|p2a: Torkoal|Torkoal, L50, M|91\/100\n|-weather|SunnyDay|[from] ability: Drought|[of] p2a: Torkoal\n|move|p1a: Maushold|Protect|p1a: Maushold\n|-singleturn|p1a: Maushold|Protect\n|move|p2b: Bronzong|Body Press|p1a: Maushold\n|-activate|p1a: Maushold|move: Protect\n|move|p1b: Annihilape|Rage Fist|p2a: Torkoal\n|-damage|p2a: Torkoal|58\/100\n|\n|-weather|SunnyDay|[upkeep]\n|-sideend|p1: acemizi|move: Tailwind\n|upkeep\n|turn|10\n|\n|t:|1681787562\n|move|p2a: Torkoal|Protect|p2a: Torkoal\n|-singleturn|p2a: Torkoal|Protect\n|move|p1a: Maushold|Super Fang|p2a: Torkoal\n|-activate|p2a: Torkoal|move: Protect\n|move|p2b: Bronzong|Body Press|p1a: Maushold\n|-supereffective|p1a: Maushold\n|-damage|p1a: Maushold|0 fnt\n|faint|p1a: Maushold\n|move|p1b: Annihilape|Drain Punch|p2b: Bronzong\n|-damage|p2b: Bronzong|17\/100\n|\n|-weather|SunnyDay|[upkeep]\n|upkeep\n|turn|11\n|\n|t:|1681787584\n|-terastallize|p2a: Torkoal|Ground\n|move|p2b: Bronzong|Iron Head|p1b: Annihilape\n|-resisted|p1b: Annihilape\n|-damage|p1b: Annihilape|95\/100\n|move|p2a: Torkoal|Earth Power|p1b: Annihilape\n|-supereffective|p1b: Annihilape\n|-damage|p1b: Annihilape|12\/100\n|-damage|p2a: Torkoal|49\/100|[from] item: Life Orb\n|cant|p1b: Annihilape|flinch\n|\n|-weather|SunnyDay|[upkeep]\n|upkeep\n|turn|12\n|\n|t:|1681787599\n|move|p2b: Bronzong|Iron Head|p1b: Annihilape\n|-resisted|p1b: Annihilape\n|-damage|p1b: Annihilape|6\/100\n|move|p2a: Torkoal|Earth Power|p1b: Annihilape\n|-supereffective|p1b: Annihilape\n|-damage|p1b: Annihilape|0 fnt\n|faint|p1b: Annihilape\n|-damage|p2a: Torkoal|39\/100|[from] item: Life Orb\n|\n|win|shhh6\n|raw|acemizi's rating: 1158 → 1134<\/strong> (-24 for losing)\n|raw|shhh6's rating: 1170 → 1194<\/strong> (+24 for winning)\n","uploadtime":1681787602,"views":4,"p1id":"acemizi","p2id":"shhh6","formatid":"gen9vgc2023regulationc","rating":1134,"private":0,"password":""}