{"id":"gen9vgc2023regulationc-1848053074","p1":"Ayrshire20Scythers","p2":"AceTrainerNite","format":"[Gen 9] VGC 2023 Regulation C","log":"|j|\u2606Ayrshire20Scythers\n|j|\u2606AceTrainerNite\n|t:|1682024533\n|gametype|doubles\n|player|p1|Ayrshire20Scythers|policeman-gen4|\n|player|p2|AceTrainerNite|benga|\n|teamsize|p1|6\n|teamsize|p2|6\n|gen|9\n|tier|[Gen 9] VGC 2023 Regulation C\n|rule|Species Clause: Limit one of each Pok\u00e9mon\n|rule|Item Clause: Limit one of each item\n|clearpoke\n|poke|p1|Pincurchin, L50, M|\n|poke|p1|Iron Moth, L50|\n|poke|p1|Tyranitar, L50, F|\n|poke|p1|Iron Thorns, L50|\n|poke|p1|Iron Jugulis, L50|\n|poke|p1|Indeedee-F, L50, F|\n|poke|p2|Gengar, L50, F|\n|poke|p2|Dondozo, L50, M|\n|poke|p2|Toxtricity-Low-Key, L50, M|\n|poke|p2|Tatsugiri, L50, M|\n|poke|p2|Hydreigon, L50, F|\n|poke|p2|Breloom, L50, M|\n|teampreview|4\n|c|\u2606Ayrshire20Scythers|G1\n|c|\u2606Ayrshire20Scythers|I've sent for game 2 as well\n|\n|t:|1682024646\n|start\n|switch|p1a: Indeedee|Indeedee-F, L50, F, shiny|100\/100\n|switch|p1b: Pincurchin|Pincurchin, L50, M, shiny|100\/100\n|switch|p2a: Hydreigon|Hydreigon, L50, F|100\/100\n|switch|p2b: Breloom|Breloom, L50, M, shiny|100\/100\n|-fieldstart|move: Electric Terrain|[from] ability: Electric Surge|[of] p1b: Pincurchin\n|turn|1\n|\n|t:|1682024683\n|move|p2b: Breloom|Protect|p2b: Breloom\n|-singleturn|p2b: Breloom|Protect\n|move|p1b: Pincurchin|Protect|p1b: Pincurchin\n|-singleturn|p1b: Pincurchin|Protect\n|move|p1a: Indeedee|Fake Out|p2a: Hydreigon\n|-damage|p2a: Hydreigon|90\/100\n|cant|p2a: Hydreigon|flinch\n|\n|upkeep\n|turn|2\n|\n|t:|1682024702\n|switch|p1a: Tyranitar|Tyranitar, L50, F, shiny|100\/100\n|-weather|Sandstorm|[from] ability: Sand Stream|[of] p1a: Tyranitar\n|switch|p1b: Iron Thorns|Iron Thorns, L50, shiny|100\/100\n|-activate|p1b: Iron Thorns|ability: Quark Drive\n|-start|p1b: Iron Thorns|quarkdriveatk\n|-item|p1b: Iron Thorns|Air Balloon\n|move|p2a: Hydreigon|Snarl|p1a: Tyranitar|[spread] p1a,p1b\n|-resisted|p1a: Tyranitar\n|-damage|p1a: Tyranitar|97\/100\n|-damage|p1b: Iron Thorns|86\/100\n|-unboost|p1a: Tyranitar|spa|1\n|-unboost|p1b: Iron Thorns|spa|1\n|-enditem|p1b: Iron Thorns|Air Balloon\n|move|p2b: Breloom|Bullet Seed|p1b: Iron Thorns\n|-supereffective|p1b: Iron Thorns\n|-damage|p1b: Iron Thorns|51\/100\n|-supereffective|p1b: Iron Thorns\n|-damage|p1b: Iron Thorns|15\/100\n|-supereffective|p1b: Iron Thorns\n|-damage|p1b: Iron Thorns|0 fnt\n|faint|p1b: Iron Thorns\n|-end|p1b: Iron Thorns|Quark Drive|[silent]\n|-hitcount|p1: Iron Thorns|3\n|\n|-weather|Sandstorm|[upkeep]\n|-damage|p2b: Breloom|94\/100|[from] Sandstorm\n|upkeep\n|\n|t:|1682024728\n|switch|p1b: Indeedee|Indeedee-F, L50, F, shiny|100\/100\n|turn|3\n|\n|t:|1682024753\n|-terastallize|p2b: Breloom|Ghost\n|move|p1b: Indeedee|Fake Out|p2b: Breloom\n|-immune|p2b: Breloom\n|move|p2b: Breloom|Mach Punch|p1a: Tyranitar\n|-supereffective|p1a: Tyranitar\n|-damage|p1a: Tyranitar|0 fnt\n|faint|p1a: Tyranitar\n|move|p2a: Hydreigon|Snarl|p1b: Indeedee\n|-supereffective|p1b: Indeedee\n|-damage|p1b: Indeedee|46\/100\n|-unboost|p1b: Indeedee|spa|1\n|\n|-weather|Sandstorm|[upkeep]\n|-damage|p1b: Indeedee|40\/100|[from] Sandstorm\n|-damage|p2b: Breloom|88\/100|[from] Sandstorm\n|upkeep\n|\n|t:|1682024769\n|switch|p1a: Pincurchin|Pincurchin, L50, M, shiny|100\/100\n|turn|4\n|\n|t:|1682024775\n|move|p1b: Indeedee|Helping Hand|p1a: Pincurchin\n|-singleturn|p1a: Pincurchin|Helping Hand|[of] p1b: Indeedee\n|move|p2b: Breloom|Mach Punch|p1b: Indeedee\n|-damage|p1b: Indeedee|0 fnt\n|faint|p1b: Indeedee\n|move|p2a: Hydreigon|Snarl|p1a: Pincurchin\n|-damage|p1a: Pincurchin|64\/100\n|-unboost|p1a: Pincurchin|spa|1\n|move|p1a: Pincurchin|Discharge|p2a: Hydreigon|[spread] p2a,p2b\n|-resisted|p2a: Hydreigon\n|-crit|p2a: Hydreigon\n|-damage|p2a: Hydreigon|57\/100\n|-damage|p2b: Breloom|53\/100\n|-status|p2a: Hydreigon|par\n|\n|-weather|Sandstorm|[upkeep]\n|-damage|p2b: Breloom|47\/100|[from] Sandstorm\n|-damage|p1a: Pincurchin|58\/100|[from] Sandstorm\n|upkeep\n|turn|5\n|\n|t:|1682024795\n|move|p2b: Breloom|Bullet Seed|p1a: Pincurchin\n|-damage|p1a: Pincurchin|40\/100\n|-damage|p1a: Pincurchin|20\/100\n|-damage|p1a: Pincurchin|3\/100\n|-crit|p1a: Pincurchin\n|-damage|p1a: Pincurchin|0 fnt\n|faint|p1a: Pincurchin\n|-hitcount|p1: Pincurchin|4\n|\n|win|AceTrainerNite\n|l|\u2606AceTrainerNite\n","uploadtime":1682024804,"views":23,"p1id":"ayrshire20scythers","p2id":"acetrainernite","formatid":"gen9vgc2023regulationc","rating":0,"private":0,"password":""}