{"id":"gen9vgc2023regulationc-1861338575","p1":"garrett b ferguson","p2":"Vulnerarily","format":"[Gen 9] VGC 2023 Regulation C","log":"|j|\u2606garrett b ferguson\n|j|\u2606Vulnerarily\n|t:|1683747357\n|gametype|doubles\n|player|p1|garrett b ferguson|silver-gen2kanto|1324\n|player|p2|Vulnerarily|ingo|1350\n|teamsize|p1|6\n|teamsize|p2|6\n|gen|9\n|tier|[Gen 9] VGC 2023 Regulation C\n|rated|\n|rule|Species Clause: Limit one of each Pok\u00e9mon\n|rule|Item Clause: Limit one of each item\n|clearpoke\n|poke|p1|Amoonguss, L50, M|\n|poke|p1|Talonflame, L50, M|\n|poke|p1|Flutter Mane, L50|\n|poke|p1|Iron Bundle, L50|\n|poke|p1|Chien-Pao, L50|\n|poke|p1|Roaring Moon, L50|\n|poke|p2|Torkoal, L50, F|\n|poke|p2|Lilligant, L50, F|\n|poke|p2|Great Tusk, L50|\n|poke|p2|Flutter Mane, L50|\n|poke|p2|Talonflame, L50, F|\n|poke|p2|Chien-Pao, L50|\n|teampreview|4\n|inactive|Battle timer is ON: inactive players will automatically lose when time's up. (requested by garrett b ferguson)\ngarrett b ferguson has agreed to open team sheets.\nVulnerarily has agreed to open team sheets.\n|inactive|garrett b ferguson has 60 seconds left.\n|\n|t:|1683747403\n|start\n|switch|p1a: Margaret|Talonflame, L50, M|100\/100\n|switch|p1b: Benson|Iron Bundle, L50|100\/100\n|switch|p2a: Flutter Mane|Flutter Mane, L50|100\/100\n|switch|p2b: Talonflame|Talonflame, L50, F|100\/100\n|turn|1\n|inactive|garrett b ferguson has 30 seconds left.\n|\n|t:|1683747430\n|-terastallize|p1b: Benson|Steel\n|-terastallize|p2a: Flutter Mane|Fairy\n|move|p2b: Talonflame|Tailwind|p2b: Talonflame\n|-sidestart|p2: Vulnerarily|move: Tailwind\n|move|p2a: Flutter Mane|Dazzling Gleam|p1a: Margaret|[spread] p1a,p1b\n|-resisted|p1a: Margaret\n|-resisted|p1b: Benson\n|-damage|p1a: Margaret|61\/100\n|-damage|p1b: Benson|30\/100\n|move|p1b: Benson|Hydro Pump|p2b: Talonflame\n|-supereffective|p2b: Talonflame\n|-damage|p2b: Talonflame|0 fnt\n|faint|p2b: Talonflame\n|move|p1a: Margaret|Taunt|p2a: Flutter Mane\n|-start|p2a: Flutter Mane|move: Taunt\n|\n|upkeep\n|\n|t:|1683747449\n|switch|p2b: Great Tusk|Great Tusk, L50|100\/100\n|turn|2\n|\n|t:|1683747459\n|move|p2b: Great Tusk|Rock Slide|p1b: Benson|[spread] p1a,p1b\n|-supereffective|p1a: Margaret\n|-resisted|p1b: Benson\n|-damage|p1a: Margaret|0 fnt\n|-damage|p1b: Benson|18\/100\n|faint|p1a: Margaret\n|move|p2a: Flutter Mane|Dazzling Gleam|p1b: Benson\n|-resisted|p1b: Benson\n|-damage|p1b: Benson|0 fnt\n|faint|p1b: Benson\n|-end|p1b: Benson|Quark Drive|[silent]\n|\n|upkeep\n|\n|t:|1683747465\n|switch|p1b: Hi 5 Ghost|Flutter Mane, L50|100\/100\n|switch|p1a: Mordecai|Roaring Moon, L50|100\/100\n|-enditem|p1a: Mordecai|Booster Energy\n|-activate|p1a: Mordecai|ability: Protosynthesis|[fromitem]\n|-start|p1a: Mordecai|protosynthesisspe\n|turn|3\n|j| lkaku\n|\n|t:|1683747471\n|move|p1a: Mordecai|Protect|p1a: Mordecai\n|-singleturn|p1a: Mordecai|Protect\n|move|p1b: Hi 5 Ghost|Protect|p1b: Hi 5 Ghost\n|-singleturn|p1b: Hi 5 Ghost|Protect\n|move|p2b: Great Tusk|Rock Slide|p1a: Mordecai|[spread] \n|-activate|p1a: Mordecai|move: Protect\n|-activate|p1b: Hi 5 Ghost|move: Protect\n|move|p2a: Flutter Mane|Dazzling Gleam|p1a: Mordecai|[spread] \n|-activate|p1a: Mordecai|move: Protect\n|-activate|p1b: Hi 5 Ghost|move: Protect\n|\n|upkeep\n|turn|4\n|\n|t:|1683747481\n|move|p1a: Mordecai|Protect|p1a: Mordecai\n|-singleturn|p1a: Mordecai|Protect\n|move|p1b: Hi 5 Ghost|Protect||[still]\n|-fail|p1b: Hi 5 Ghost\n|move|p2b: Great Tusk|Rock Slide|p1a: Mordecai|[spread] p1b\n|-activate|p1a: Mordecai|move: Protect\n|-crit|p1b: Hi 5 Ghost\n|-damage|p1b: Hi 5 Ghost|33\/100\n|move|p2a: Flutter Mane|Dazzling Gleam|p1b: Hi 5 Ghost|[spread] p1b\n|-activate|p1a: Mordecai|move: Protect\n|-damage|p1b: Hi 5 Ghost|0 fnt\n|faint|p1b: Hi 5 Ghost\n|-end|p1b: Hi 5 Ghost|Protosynthesis|[silent]\n|\n|-end|p2a: Flutter Mane|move: Taunt\n|-sideend|p2: Vulnerarily|move: Tailwind\n|upkeep\n|turn|5\n|\n|t:|1683747495\n|move|p1a: Mordecai|Acrobatics|p2a: Flutter Mane\n|-damage|p2a: Flutter Mane|27\/100\n|move|p2b: Great Tusk|Rock Slide|p1a: Mordecai\n|-damage|p1a: Mordecai|61\/100\n|move|p2a: Flutter Mane|Dazzling Gleam|p1a: Mordecai\n|-supereffective|p1a: Mordecai\n|-damage|p1a: Mordecai|0 fnt\n|faint|p1a: Mordecai\n|-end|p1a: Mordecai|Protosynthesis|[silent]\n|\n|win|Vulnerarily\n|raw|garrett b ferguson's rating: 1324 → 1305<\/strong> (-19 for losing)\n|raw|Vulnerarily's rating: 1350 → 1369<\/strong> (+19 for winning)\n|c|\u2606Vulnerarily|gg\n","uploadtime":1683747509,"views":16,"p1id":"garrettbferguson","p2id":"vulnerarily","formatid":"gen9vgc2023regulationc","rating":1305,"private":0,"password":""}