{"id":"gen9vgc2023regulationc-1857981276","p1":"bobby0616","p2":"SavannahPandaVGC","format":"[Gen 9] VGC 2023 Regulation C","log":"|j|\u2606bobby0616\n|j|\u2606SavannahPandaVGC\n|t:|1683255437\n|gametype|doubles\n|player|p1|bobby0616|265|1329\n|player|p2|SavannahPandaVGC|2|1305\n|teamsize|p1|6\n|teamsize|p2|6\n|gen|9\n|tier|[Gen 9] VGC 2023 Regulation C\n|rated|\n|rule|Species Clause: Limit one of each Pok\u00e9mon\n|rule|Item Clause: Limit one of each item\n|clearpoke\n|poke|p1|Talonflame, L50, F|\n|poke|p1|Ting-Lu, L50|\n|poke|p1|Abomasnow, L50, F|\n|poke|p1|Iron Bundle, L50|\n|poke|p1|Flutter Mane, L50|\n|poke|p1|Chi-Yu, L50|\n|poke|p2|Flutter Mane, L50|\n|poke|p2|Iron Hands, L50|\n|poke|p2|Corviknight, L50, M|\n|poke|p2|Gyarados, L50, F|\n|poke|p2|Chi-Yu, L50|\n|poke|p2|Amoonguss, L50, M|\n|teampreview|4\nSavannahPandaVGC has agreed to open team sheets.\n|inactive|Battle timer is ON: inactive players will automatically lose when time's up. (requested by SavannahPandaVGC)\n|inactive|bobby0616 has 60 seconds left.\n|inactive|SavannahPandaVGC has 60 seconds left.\n|inactive|SavannahPandaVGC has 30 seconds left.\n|inactive|SavannahPandaVGC has 20 seconds left.\n|inactive|SavannahPandaVGC has 15 seconds left.\n|inactive|SavannahPandaVGC has 10 seconds left.\n|inactive|SavannahPandaVGC has 5 seconds left.\n|\n|t:|1683255529\n|start\n|switch|p1a: Talonflame|Talonflame, L50, F|100\/100\n|switch|p1b: Ting-Lu|Ting-Lu, L50|100\/100\n|switch|p2a: Iron Hands|Iron Hands, L50|100\/100\n|switch|p2b: Flutter Mane|Flutter Mane, L50|100\/100\n|-ability|p1b: Ting-Lu|Vessel of Ruin\n|turn|1\n|inactive|SavannahPandaVGC has 30 seconds left.\n|\n|t:|1683255554\n|-end|p2a: Iron Hands|Quark Drive|[silent]\n|switch|p2a: Gyarados|Gyarados, L50, F|100\/100\n|-ability|p2a: Gyarados|Intimidate|boost\n|-unboost|p1a: Talonflame|atk|1\n|-fail|p1b: Ting-Lu|unboost|[from] item: Clear Amulet|[of] p1b: Ting-Lu\n|-terastallize|p2b: Flutter Mane|Fairy\n|-terastallize|p1b: Ting-Lu|Fire\n|move|p1a: Talonflame|Tailwind|p1a: Talonflame\n|-sidestart|p1: bobby0616|move: Tailwind\n|move|p2b: Flutter Mane|Dazzling Gleam|p1b: Ting-Lu|[spread] p1a,p1b\n|-resisted|p1a: Talonflame\n|-resisted|p1b: Ting-Lu\n|-damage|p1a: Talonflame|72\/100\n|-damage|p1b: Ting-Lu|80\/100\n|move|p1b: Ting-Lu|Earthquake|p2a: Gyarados|[spread] p2b\n|-immune|p1a: Talonflame\n|-immune|p2a: Gyarados\n|-damage|p2b: Flutter Mane|44\/100\n|\n|upkeep\n|turn|2\n|inactive|bobby0616 has 30 seconds left.\n|inactive|SavannahPandaVGC has 30 seconds left.\n|inactive|SavannahPandaVGC has 20 seconds left.\n|inactive|bobby0616 has 20 seconds left.\n|inactive|SavannahPandaVGC has 15 seconds left.\n|\n|t:|1683255598\n|move|p1a: Talonflame|Will-O-Wisp|p2a: Gyarados\n|-status|p2a: Gyarados|brn\n|move|p2b: Flutter Mane|Dazzling Gleam|p1a: Talonflame|[spread] p1a,p1b\n|-resisted|p1a: Talonflame\n|-resisted|p1b: Ting-Lu\n|-damage|p1a: Talonflame|39\/100\n|-damage|p1b: Ting-Lu|60\/100\n|move|p1b: Ting-Lu|Stomping Tantrum|p2b: Flutter Mane\n|-damage|p2b: Flutter Mane|0 fnt\n|faint|p2b: Flutter Mane\n|-end|p2b: Flutter Mane|Protosynthesis|[silent]\n|move|p2a: Gyarados|Waterfall|p1a: Talonflame\n|-supereffective|p1a: Talonflame\n|-damage|p1a: Talonflame|0 fnt\n|faint|p1a: Talonflame\n|\n|-damage|p2a: Gyarados|95\/100 brn|[from] brn\n|upkeep\n|\n|t:|1683255617\n|switch|p1a: Iron Bundle|Iron Bundle, L50, shiny|100\/100\n|switch|p2b: Iron Hands|Iron Hands, L50|100\/100\n|-enditem|p1a: Iron Bundle|Booster Energy\n|-activate|p1a: Iron Bundle|ability: Quark Drive|[fromitem]\n|-start|p1a: Iron Bundle|quarkdrivespe\n|turn|3\n|inactive|SavannahPandaVGC has 30 seconds left.\n|\n|t:|1683255643\n|move|p1a: Iron Bundle|Protect|p1a: Iron Bundle\n|-singleturn|p1a: Iron Bundle|Protect\n|move|p2b: Iron Hands|Fake Out|p1b: Ting-Lu\n|-damage|p1b: Ting-Lu|49\/100\n|cant|p1b: Ting-Lu|flinch\n|move|p2a: Gyarados|Waterfall|p1b: Ting-Lu\n|-supereffective|p1b: Ting-Lu\n|-damage|p1b: Ting-Lu|30\/100\n|\n|-damage|p2a: Gyarados|89\/100 brn|[from] brn\n|upkeep\n|turn|4\n|inactive|SavannahPandaVGC has 30 seconds left.\n|\n|t:|1683255673\n|move|p1a: Iron Bundle|Freeze-Dry|p2a: Gyarados\n|-supereffective|p2a: Gyarados\n|-damage|p2a: Gyarados|21\/100 brn\n|-enditem|p2a: Gyarados|Figy Berry|[eat]\n|-heal|p2a: Gyarados|54\/100 brn|[from] item: Figy Berry\n|move|p1b: Ting-Lu|Stomping Tantrum|p2b: Iron Hands\n|-supereffective|p2b: Iron Hands\n|-damage|p2b: Iron Hands|2\/100\n|move|p2a: Gyarados|Thunder Wave|p1a: Iron Bundle|[miss]\n|-miss|p2a: Gyarados|p1a: Iron Bundle\n|move|p2b: Iron Hands|Wild Charge|p1b: Ting-Lu\n|-damage|p1b: Ting-Lu|0 fnt\n|faint|p1b: Ting-Lu\n|-damage|p2b: Iron Hands|0 fnt|[from] Recoil\n|faint|p2b: Iron Hands\n|-end|p2b: Iron Hands|Quark Drive|[silent]\n|\n|-damage|p2a: Gyarados|48\/100 brn|[from] brn\n|-sideend|p1: bobby0616|move: Tailwind\n|upkeep\n|\n|t:|1683255691\n|switch|p1b: Chi-Yu|Chi-Yu, L50|100\/100\n|switch|p2b: Chi-Yu|Chi-Yu, L50|100\/100\n|-ability|p1b: Chi-Yu|Beads of Ruin\n|-ability|p2b: Chi-Yu|Beads of Ruin\n|turn|5\n|\n|t:|1683255708\n|move|p1a: Iron Bundle|Protect|p1a: Iron Bundle\n|-singleturn|p1a: Iron Bundle|Protect\n|move|p2a: Gyarados|Protect|p2a: Gyarados\n|-singleturn|p2a: Gyarados|Protect\n|move|p1b: Chi-Yu|Snarl|p2b: Chi-Yu|[spread] p2b\n|-activate|p2a: Gyarados|move: Protect\n|-resisted|p2b: Chi-Yu\n|-damage|p2b: Chi-Yu|90\/100\n|-unboost|p2b: Chi-Yu|spa|1\n|move|p2b: Chi-Yu|Heat Wave|p1a: Iron Bundle|[spread] \n|-activate|p1a: Iron Bundle|move: Protect\n|-miss|p2b: Chi-Yu|p1b: Chi-Yu\n|\n|-damage|p2a: Gyarados|42\/100 brn|[from] brn\n|upkeep\n|turn|6\n|\n|t:|1683255725\n|move|p1a: Iron Bundle|Freeze-Dry|p2a: Gyarados\n|-supereffective|p2a: Gyarados\n|-damage|p2a: Gyarados|0 fnt\n|faint|p2a: Gyarados\n|move|p1b: Chi-Yu|Snarl|p2b: Chi-Yu\n|-resisted|p2b: Chi-Yu\n|-damage|p2b: Chi-Yu|74\/100\n|-unboost|p2b: Chi-Yu|spa|1\n|move|p2b: Chi-Yu|Heat Wave|p1b: Chi-Yu|[spread] p1a,p1b\n|-resisted|p1b: Chi-Yu\n|-damage|p1a: Iron Bundle|54\/100\n|-damage|p1b: Chi-Yu|92\/100\n|-status|p1a: Iron Bundle|brn\n|\n|-damage|p1a: Iron Bundle|48\/100 brn|[from] brn\n|upkeep\n|turn|7\n|\n|t:|1683255739\n|move|p1a: Iron Bundle|Protect|p1a: Iron Bundle\n|-singleturn|p1a: Iron Bundle|Protect\n|move|p2b: Chi-Yu|Protect|p2b: Chi-Yu\n|-singleturn|p2b: Chi-Yu|Protect\n|move|p1b: Chi-Yu|Snarl|p2b: Chi-Yu\n|-activate|p2b: Chi-Yu|move: Protect\n|\n|-damage|p1a: Iron Bundle|42\/100 brn|[from] brn\n|upkeep\n|turn|8\n|\n|t:|1683255752\n|move|p1a: Iron Bundle|Hydro Pump|p2b: Chi-Yu\n|-supereffective|p2b: Chi-Yu\n|-damage|p2b: Chi-Yu|0 fnt\n|faint|p2b: Chi-Yu\n|\n|win|bobby0616\n|raw|bobby0616's rating: 1329 → 1348<\/strong> (+19 for winning)\n|raw|SavannahPandaVGC's rating: 1305 → 1286<\/strong> (-19 for losing)\n","uploadtime":1683255761,"views":9,"p1id":"bobby0616","p2id":"savannahpandavgc","formatid":"gen9vgc2023regulationc","rating":1286,"private":0,"password":""}