{"id":"gen9vgc2023regulationc-1851475497","p1":"EverCoop","p2":"TheMismatcher","format":"[Gen 9] VGC 2023 Regulation C","log":"|j|\u2606EverCoop\n|j|\u2606TheMismatcher\n|t:|1682448175\n|gametype|doubles\n|player|p1|EverCoop|blue-gen1rbchampion|1509\n|player|p2|TheMismatcher|benga|1387\n|teamsize|p1|6\n|teamsize|p2|6\n|gen|9\n|tier|[Gen 9] VGC 2023 Regulation C\n|rated|\n|rule|Species Clause: Limit one of each Pok\u00e9mon\n|rule|Item Clause: Limit one of each item\n|clearpoke\n|poke|p1|Dragonite, L50, M|\n|poke|p1|Chien-Pao, L50|\n|poke|p1|Orthworm, L50, M|\n|poke|p1|Iron Moth, L50|\n|poke|p1|Rotom-Wash, L50|\n|poke|p1|Corviknight, L50, F|\n|poke|p2|Chien-Pao, L50|\n|poke|p2|Dragapult, L50, F|\n|poke|p2|Amoonguss, L50, M|\n|poke|p2|Gyarados, L50, M|\n|poke|p2|Flutter Mane, L50|\n|poke|p2|Dragonite, L50, M|\n|teampreview|4\n|inactive|Battle timer is ON: inactive players will automatically lose when time's up. (requested by EverCoop)\n|inactive|EverCoop has 60 seconds left.\n|inactive|TheMismatcher has 60 seconds left.\nTheMismatcher has agreed to open team sheets.\nEverCoop has agreed to open team sheets.\n|inactive|TheMismatcher has 30 seconds left.\n|\n|t:|1682448236\n|start\n|switch|p1a: Orthworm|Orthworm, L50, M|100\/100\n|switch|p1b: Iron Moth|Iron Moth, L50|100\/100\n|switch|p2a: Chien-Pao|Chien-Pao, L50|100\/100\n|switch|p2b: Dragapult|Dragapult, L50, F|100\/100\n|-ability|p2a: Chien-Pao|Sword of Ruin\n|-enditem|p1b: Iron Moth|Booster Energy\n|-activate|p1b: Iron Moth|ability: Quark Drive|[fromitem]\n|-start|p1b: Iron Moth|quarkdrivespa\n|turn|1\n|inactive|EverCoop has 30 seconds left.\n|inactive|TheMismatcher has 30 seconds left.\n|\n|t:|1682448268\n|move|p2a: Chien-Pao|Sucker Punch|p1b: Iron Moth\n|-damage|p1b: Iron Moth|20\/100\n|move|p2b: Dragapult|Dragon Darts|p1b: Iron Moth\n|-damage|p1b: Iron Moth|0 fnt\n|-anim|p2b: Dragapult|Dragon Darts|p1a: Orthworm\n|-resisted|p1a: Orthworm\n|-damage|p1a: Orthworm|82\/100\n|faint|p1b: Iron Moth\n|-end|p1b: Iron Moth|Quark Drive|[silent]\n|move|p1a: Orthworm|Body Press|p2a: Chien-Pao\n|-supereffective|p2a: Chien-Pao\n|-enditem|p2a: Chien-Pao|Focus Sash\n|-damage|p2a: Chien-Pao|1\/100\n|\n|upkeep\n|\n|t:|1682448280\n|switch|p1b: Dragonite|Dragonite, L50, M|100\/100\n|turn|2\n|\n|t:|1682448301\n|switch|p2a: Gyarados|Gyarados, L50, M|100\/100\n|-ability|p2a: Gyarados|Intimidate|boost\n|-unboost|p1a: Orthworm|atk|1\n|-unboost|p1b: Dragonite|atk|1\n|-terastallize|p1b: Dragonite|Normal\n|move|p2b: Dragapult|Dragon Darts|p1b: Dragonite\n|-damage|p1b: Dragonite|84\/100\n|-anim|p2b: Dragapult|Dragon Darts|p1a: Orthworm\n|-resisted|p1a: Orthworm\n|-damage|p1a: Orthworm|68\/100\n|move|p1b: Dragonite|Dragon Claw|p2b: Dragapult\n|-supereffective|p2b: Dragapult\n|-damage|p2b: Dragapult|11\/100\n|move|p1a: Orthworm|Shed Tail|p1a: Orthworm\n|-start|p1a: Orthworm|Substitute|[from] move: Shed Tail\n|-damage|p1a: Orthworm|18\/100\n|-enditem|p1a: Orthworm|Sitrus Berry|[eat]\n|-heal|p1a: Orthworm|43\/100|[from] item: Sitrus Berry\n|\n|t:|1682448319\n|switch|p1a: Chien-Pao|Chien-Pao, L50|100\/100|[from] Shed Tail\n|-ability|p1a: Chien-Pao|Sword of Ruin\n|\n|upkeep\n|turn|3\n|inactive|TheMismatcher has 30 seconds left.\n|inactive|TheMismatcher has 20 seconds left.\n|\n|t:|1682448355\n|switch|p2b: Chien-Pao|Chien-Pao, L50|1\/100\n|-ability|p2b: Chien-Pao|Sword of Ruin\n|switch|p2a: Amoonguss|Amoonguss, L50, M|100\/100\n|move|p1b: Dragonite|Extreme Speed|p2a: Amoonguss\n|-damage|p2a: Amoonguss|61\/100\n|move|p1a: Chien-Pao|Sucker Punch||[still]\n|-fail|p1a: Chien-Pao\n|\n|upkeep\n|turn|4\n|inactive|TheMismatcher has 30 seconds left.\n|\n|t:|1682448385\n|switch|p2b: Gyarados|Gyarados, L50, M|100\/100\n|-ability|p2b: Gyarados|Intimidate|boost\n|-immune|p1a: Chien-Pao\n|-unboost|p1b: Dragonite|atk|1\n|move|p2a: Amoonguss|Protect|p2a: Amoonguss\n|-singleturn|p2a: Amoonguss|Protect\n|move|p1b: Dragonite|Extreme Speed|p2b: Gyarados\n|-damage|p2b: Gyarados|70\/100\n|move|p1a: Chien-Pao|Ice Spinner|p2a: Amoonguss\n|-activate|p2a: Amoonguss|move: Protect\n|\n|upkeep\n|turn|5\n|inactive|TheMismatcher has 30 seconds left.\n|\n|t:|1682448420\n|switch|p1b: Orthworm|Orthworm, L50, M|43\/100\n|-terastallize|p2a: Amoonguss|Water\n|move|p1a: Chien-Pao|Ice Spinner|p2a: Amoonguss\n|-resisted|p2a: Amoonguss\n|-damage|p2a: Amoonguss|40\/100\n|-enditem|p2a: Amoonguss|Sitrus Berry|[eat]\n|-heal|p2a: Amoonguss|65\/100|[from] item: Sitrus Berry\n|move|p2b: Gyarados|Waterfall|p1a: Chien-Pao\n|-end|p1a: Chien-Pao|Substitute\n|move|p2a: Amoonguss|Spore|p1a: Chien-Pao\n|-status|p1a: Chien-Pao|slp|[from] move: Spore\n|\n|upkeep\n|turn|6\n|inactive|EverCoop has 30 seconds left.\n|inactive|TheMismatcher has 30 seconds left.\n|\n|t:|1682448451\n|cant|p1a: Chien-Pao|slp\n|move|p2b: Gyarados|Waterfall|p1a: Chien-Pao\n|-damage|p1a: Chien-Pao|55\/100 slp\n|move|p1b: Orthworm|Heavy Slam|p2a: Amoonguss\n|-resisted|p2a: Amoonguss\n|-damage|p2a: Amoonguss|43\/100\n|move|p2a: Amoonguss|Spore|p1b: Orthworm\n|-status|p1b: Orthworm|slp|[from] move: Spore\n|\n|upkeep\n|turn|7\n|\n|t:|1682448465\n|cant|p1a: Chien-Pao|slp\n|move|p2b: Gyarados|Waterfall|p1a: Chien-Pao\n|-damage|p1a: Chien-Pao|8\/100 slp\n|cant|p1b: Orthworm|slp\n|move|p2a: Amoonguss|Pollen Puff|p1a: Chien-Pao\n|-supereffective|p1a: Chien-Pao\n|-damage|p1a: Chien-Pao|0 fnt\n|faint|p1a: Chien-Pao\n|\n|upkeep\n|\n|t:|1682448468\n|switch|p1a: Dragonite|Dragonite, L50, M, tera:Normal|84\/100\n|turn|8\n|\n|t:|1682448490\n|move|p1a: Dragonite|Extreme Speed|p2a: Amoonguss\n|-damage|p2a: Amoonguss|3\/100\n|move|p2b: Gyarados|Waterfall|p1a: Dragonite\n|-damage|p1a: Dragonite|55\/100\n|cant|p1b: Orthworm|slp\n|move|p2a: Amoonguss|Spore|p1a: Dragonite\n|-status|p1a: Dragonite|slp|[from] move: Spore\n|\n|upkeep\n|turn|9\n|inactive|TheMismatcher has 30 seconds left.\n|\n|t:|1682448521\n|cant|p1a: Dragonite|slp\n|move|p2b: Gyarados|Waterfall|p1a: Dragonite\n|-damage|p1a: Dragonite|22\/100 slp\n|cant|p1b: Orthworm|slp\n|move|p2a: Amoonguss|Spore|p1b: Orthworm\n|-fail|p1b: Orthworm|slp\n|\n|upkeep\n|turn|10\n|\n|t:|1682448537\n|cant|p1a: Dragonite|slp\n|move|p2a: Amoonguss|Rage Powder|p2a: Amoonguss\n|-singleturn|p2a: Amoonguss|move: Rage Powder\n|move|p2b: Gyarados|Waterfall|p1a: Dragonite\n|-crit|p1a: Dragonite\n|-damage|p1a: Dragonite|0 fnt\n|faint|p1a: Dragonite\n|-curestatus|p1b: Orthworm|slp|[msg]\n|move|p1b: Orthworm|Heavy Slam|p2a: Amoonguss\n|-resisted|p2a: Amoonguss\n|-damage|p2a: Amoonguss|0 fnt\n|faint|p2a: Amoonguss\n|\n|upkeep\n|-message|EverCoop forfeited.\n|\n|win|TheMismatcher\n|raw|EverCoop's rating: 1509 → 1482<\/strong> (-27 for losing)\n|raw|TheMismatcher's rating: 1387 → 1414<\/strong> (+27 for winning)\n|l|\u2606EverCoop\n|c|\u2606TheMismatcher|gg\n","uploadtime":1682448700,"views":9,"p1id":"evercoop","p2id":"themismatcher","formatid":"gen9vgc2023regulationc","rating":1414,"private":0,"password":""}