{"id":"gen9vgc2023regulationc-1848047700","p1":"ChainsPkmn","p2":"Uhhncertain","format":"[Gen 9] VGC 2023 Regulation C","log":"|j|\u2606ChainsPkmn\n|j|\u2606Uhhncertain\n|t:|1682023986\n|gametype|doubles\n|player|p1|ChainsPkmn|marnie|\n|player|p2|Uhhncertain|n-masters2|\n|teamsize|p1|6\n|teamsize|p2|6\n|gen|9\n|tier|[Gen 9] VGC 2023 Regulation C\n|rule|Species Clause: Limit one of each Pok\u00e9mon\n|rule|Item Clause: Limit one of each item\n|clearpoke\n|poke|p1|Dondozo, L50, F|\n|poke|p1|Gothitelle, L50, F|\n|poke|p1|Annihilape, L50, M|\n|poke|p1|Maushold, L50|\n|poke|p1|Tatsugiri, L50, M|\n|poke|p1|Flutter Mane, L50|\n|poke|p2|Talonflame, L50, M|\n|poke|p2|Great Tusk, L50|\n|poke|p2|Dondozo, L50, F|\n|poke|p2|Tatsugiri-Stretchy, L50, M|\n|poke|p2|Flutter Mane, L50|\n|poke|p2|Iron Bundle, L50|\n|teampreview|4\nUhhncertain has agreed to open team sheets.\n|inactive|Battle timer is ON: inactive players will automatically lose when time's up. (requested by ChainsPkmn)\n|inactive|Uhhncertain also wants the timer to be on.\nChainsPkmn rejected open team sheets.\n|inactive|Uhhncertain has 60 seconds left.\n|\n|t:|1682024022\n|start\n|switch|p1a: Annihilape|Annihilape, L50, M, shiny|100\/100\n|switch|p1b: Tatsugiri|Tatsugiri, L50, M|100\/100\n|switch|p2a: Adeyemi|Talonflame, L50, M|100\/100\n|switch|p2b: Flutter Mane|Flutter Mane, L50|100\/100\n|turn|1\n|\n|t:|1682024036\n|move|p1b: Tatsugiri|Endure|p1b: Tatsugiri\n|-singleturn|p1b: Tatsugiri|move: Endure\n|move|p2a: Adeyemi|Brave Bird|p1a: Annihilape\n|-supereffective|p1a: Annihilape\n|-damage|p1a: Annihilape|3\/100\n|-damage|p2a: Adeyemi|55\/100|[from] Recoil\n|move|p1a: Annihilape|Shadow Claw|p2b: Flutter Mane\n|-supereffective|p2b: Flutter Mane\n|-crit|p2b: Flutter Mane\n|-enditem|p2b: Flutter Mane|Focus Sash\n|-damage|p2b: Flutter Mane|1\/100\n|move|p2b: Flutter Mane|Dazzling Gleam|p1b: Tatsugiri|[spread] p1a,p1b\n|-supereffective|p1a: Annihilape\n|-supereffective|p1b: Tatsugiri\n|-damage|p1a: Annihilape|0 fnt\n|-damage|p1b: Tatsugiri|12\/100\n|faint|p1a: Annihilape\n|\n|-status|p1b: Tatsugiri|tox|[from] item: Toxic Orb\n|upkeep\n|\n|t:|1682024045\n|switch|p1a: Dondozo|Dondozo, L50, F, shiny|100\/100\n|-activate|p1b: Tatsugiri|ability: Commander|[of] p1a: Dondozo\n|-boost|p1a: Dondozo|atk|2\n|-boost|p1a: Dondozo|spa|2\n|-boost|p1a: Dondozo|spe|2\n|-boost|p1a: Dondozo|def|2\n|-boost|p1a: Dondozo|spd|2\n|turn|2\n|\n|t:|1682024059\n|move|p2b: Flutter Mane|Protect|p2b: Flutter Mane\n|-singleturn|p2b: Flutter Mane|Protect\n|move|p1a: Dondozo|Protect|p1a: Dondozo\n|-singleturn|p1a: Dondozo|Protect\n|move|p2a: Adeyemi|Will-O-Wisp|p1a: Dondozo\n|-activate|p1a: Dondozo|move: Protect\n|\n|-damage|p1b: Tatsugiri|7\/100 tox|[from] psn\n|upkeep\n|turn|3\n|\n|t:|1682024082\n|move|p2b: Flutter Mane|Moonblast|p1a: Dondozo\n|-damage|p1a: Dondozo|74\/100\n|move|p2a: Adeyemi|Will-O-Wisp|p1a: Dondozo\n|-status|p1a: Dondozo|brn\n|move|p1a: Dondozo|Order Up|p2a: Adeyemi\n|-damage|p2a: Adeyemi|14\/100\n|-boost|p1a: Dondozo|atk|1\n|\n|-heal|p1a: Dondozo|80\/100 brn|[from] item: Leftovers\n|-damage|p1b: Tatsugiri|0 fnt|[from] psn\n|faint|p1b: Tatsugiri\n|-damage|p1a: Dondozo|74\/100 brn|[from] brn\n|upkeep\n|\n|t:|1682024085\n|switch|p1b: Gothitelle|Gothitelle, L50, F|100\/100\n|turn|4\n|inactive|Uhhncertain has 30 seconds left.\n|\n|t:|1682024115\n|move|p2b: Flutter Mane|Protect|p2b: Flutter Mane\n|-singleturn|p2b: Flutter Mane|Protect\n|move|p2a: Adeyemi|Brave Bird|p1b: Gothitelle\n|-damage|p1b: Gothitelle|40\/100\n|-enditem|p1b: Gothitelle|Sitrus Berry|[eat]\n|-heal|p1b: Gothitelle|65\/100|[from] item: Sitrus Berry\n|-damage|p2a: Adeyemi|0 fnt|[from] Recoil\n|faint|p2a: Adeyemi\n|move|p1a: Dondozo|Order Up|p2b: Flutter Mane\n|-activate|p2b: Flutter Mane|move: Protect\n|move|p1b: Gothitelle|Psych Up|p1a: Dondozo\n|-copyboost|p1b: Gothitelle|p1a: Dondozo|[from] move: Psych Up\n|\n|-heal|p1a: Dondozo|80\/100 brn|[from] item: Leftovers\n|-damage|p1a: Dondozo|74\/100 brn|[from] brn\n|upkeep\n|\n|t:|1682024134\n|switch|p2a: Iron Bundle|Iron Bundle, L50|100\/100\n|-enditem|p2a: Iron Bundle|Booster Energy\n|-activate|p2a: Iron Bundle|ability: Quark Drive|[fromitem]\n|-start|p2a: Iron Bundle|quarkdrivespe\n|turn|5\n|inactive|ChainsPkmn has 30 seconds left.\n|\n|t:|1682024165\n|-terastallize|p2a: Iron Bundle|Ice\n|-terastallize|p1a: Dondozo|Grass\n|move|p2a: Iron Bundle|Icy Wind|p1b: Gothitelle|[spread] \n|-miss|p2a: Iron Bundle|p1a: Dondozo\n|-miss|p2a: Iron Bundle|p1b: Gothitelle\n|move|p1b: Gothitelle|Energy Ball|p2b: Flutter Mane\n|-damage|p2b: Flutter Mane|0 fnt\n|faint|p2b: Flutter Mane\n|-end|p2b: Flutter Mane|Protosynthesis|[silent]\n|move|p1a: Dondozo|Tera Blast|p2a: Iron Bundle\n|-damage|p2a: Iron Bundle|44\/100\n|\n|-heal|p1a: Dondozo|80\/100 brn|[from] item: Leftovers\n|-damage|p1a: Dondozo|74\/100 brn|[from] brn\n|upkeep\n|\n|t:|1682024179\n|switch|p2b: Great Tusk|Great Tusk, L50|100\/100\n|turn|6\n|\n|t:|1682024203\n|move|p2a: Iron Bundle|Freeze-Dry|p1a: Dondozo\n|-supereffective|p1a: Dondozo\n|-damage|p1a: Dondozo|18\/100 brn\n|move|p1b: Gothitelle|Stored Power|p2a: Iron Bundle\n|-damage|p2a: Iron Bundle|0 fnt\n|faint|p2a: Iron Bundle\n|-end|p2a: Iron Bundle|Quark Drive|[silent]\n|move|p1a: Dondozo|Wave Crash|p2b: Great Tusk\n|-supereffective|p2b: Great Tusk\n|-damage|p2b: Great Tusk|0 fnt\n|faint|p2b: Great Tusk\n|-end|p2b: Great Tusk|Protosynthesis|[silent]\n|-damage|p1a: Dondozo|0 fnt|[from] Recoil\n|faint|p1a: Dondozo\n|\n|win|ChainsPkmn\n|c|\u2606Uhhncertain|bruh\n|c|\u2606ChainsPkmn|gg shake my hand\n","uploadtime":1682024226,"views":9,"p1id":"chainspkmn","p2id":"uhhncertain","formatid":"gen9vgc2023regulationc","rating":0,"private":0,"password":""}