{"id":"gen9vgc2023regulationc-1850294671","p1":"Hyanryu","p2":"ChiangWu","format":"[Gen 9] VGC 2023 Regulation C","log":"|j|\u2606Hyanryu\n|j|\u2606ChiangWu\n|t:|1682312722\n|gametype|doubles\n|player|p1|Hyanryu|n|1401\n|player|p2|ChiangWu|lucas|1471\n|teamsize|p1|6\n|teamsize|p2|6\n|gen|9\n|tier|[Gen 9] VGC 2023 Regulation C\n|rated|\n|rule|Species Clause: Limit one of each Pok\u00e9mon\n|rule|Item Clause: Limit one of each item\n|clearpoke\n|poke|p1|Dondozo, L50, M|\n|poke|p1|Tatsugiri-Droopy, L50, M|\n|poke|p1|Glimmora, L50, F|\n|poke|p1|Ting-Lu, L50|\n|poke|p1|Wo-Chien, L50|\n|poke|p1|Baxcalibur, L50, M|\n|poke|p2|Maushold-Four, L50|\n|poke|p2|Annihilape, L50, F|\n|poke|p2|Scizor, L50, M|\n|poke|p2|Dragonite, L50, M|\n|poke|p2|Chien-Pao, L50|\n|poke|p2|Flutter Mane, L50|\n|teampreview|4\n|inactive|Battle timer is ON: inactive players will automatically lose when time's up. (requested by Hyanryu)\n|inactive|ChiangWu has 60 seconds left.\n|\n|t:|1682312776\n|start\n|switch|p1a: Sulfera|Glimmora, L50, F, shiny|100\/100\n|switch|p1b: King Arthur|Baxcalibur, L50, M, shiny|100\/100\n|switch|p2a: Maushold|Maushold-Four, L50|100\/100\n|switch|p2b: Annihilape|Annihilape, L50, F|100\/100\n|turn|1\n|\n|t:|1682312796\n|-terastallize|p1b: King Arthur|Poison\n|move|p1a: Sulfera|Mortal Spin|p2b: Annihilape|[spread] p2a,p2b\n|-resisted|p2b: Annihilape\n|-damage|p2a: Maushold|96\/100\n|-damage|p2b: Annihilape|99\/100\n|-status|p2a: Maushold|psn\n|-status|p2b: Annihilape|psn\n|move|p2a: Maushold|Beat Up|p2b: Annihilape\n|-damage|p2b: Annihilape|97\/100 psn\n|-damage|p2b: Annihilape|95\/100 psn\n|-damage|p2b: Annihilape|93\/100 psn\n|-hitcount|p2b: Annihilape|3\n|move|p2b: Annihilape|Rage Fist|p1a: Sulfera\n|-enditem|p1a: Sulfera|Focus Sash\n|-damage|p1a: Sulfera|1\/100\n|-activate|p1a: Sulfera|ability: Toxic Debris\n|-sidestart|p2: ChiangWu|move: Toxic Spikes\n|move|p1b: King Arthur|Icicle Spear|p2a: Maushold\n|-damage|p2a: Maushold|82\/100 psn\n|-damage|p2a: Maushold|68\/100 psn\n|-damage|p2a: Maushold|56\/100 psn\n|-damage|p2a: Maushold|42\/100 psn\n|-damage|p2a: Maushold|30\/100 psn\n|-hitcount|p2a: Maushold|5\n|\n|-heal|p2b: Annihilape|99\/100 psn|[from] item: Leftovers\n|-damage|p2a: Maushold|18\/100 psn|[from] psn\n|-damage|p2b: Annihilape|87\/100 psn|[from] psn\n|upkeep\n|turn|2\n|inactive|Hyanryu has 30 seconds left.\n|inactive|ChiangWu has 30 seconds left.\n|inactive|Hyanryu has 20 seconds left.\n|inactive|Hyanryu has 15 seconds left.\n|\n|t:|1682312839\n|move|p1a: Sulfera|Spiky Shield|p1a: Sulfera\n|-singleturn|p1a: Sulfera|move: Protect\n|move|p2a: Maushold|Beat Up|p1a: Sulfera\n|-activate|p1a: Sulfera|move: Protect\n|move|p2b: Annihilape|Rage Fist|p1b: King Arthur\n|-damage|p1b: King Arthur|9\/100\n|move|p1b: King Arthur|Icicle Spear|p2b: Annihilape\n|-damage|p2b: Annihilape|77\/100 psn\n|-damage|p2b: Annihilape|67\/100 psn\n|-damage|p2b: Annihilape|58\/100 psn\n|-damage|p2b: Annihilape|48\/100 psn\n|-hitcount|p2b: Annihilape|4\n|\n|-heal|p2b: Annihilape|54\/100 psn|[from] item: Leftovers\n|-damage|p2a: Maushold|6\/100 psn|[from] psn\n|-damage|p2b: Annihilape|42\/100 psn|[from] psn\n|upkeep\n|turn|3\n|inactive|Hyanryu has 30 seconds left.\n|\n|t:|1682312864\n|move|p1a: Sulfera|Spiky Shield||[still]\n|-fail|p1a: Sulfera\n|move|p1b: King Arthur|Protect|p1b: King Arthur\n|-singleturn|p1b: King Arthur|Protect\n|move|p2a: Maushold|Beat Up|p1a: Sulfera\n|-damage|p1a: Sulfera|0 fnt\n|-activate|p1a: Sulfera|ability: Toxic Debris\n|-sidestart|p2: ChiangWu|move: Toxic Spikes\n|faint|p1a: Sulfera\n|-hitcount|p1: Sulfera|1\n|move|p2b: Annihilape|Rage Fist|p1b: King Arthur\n|-activate|p1b: King Arthur|move: Protect\n|\n|-heal|p2b: Annihilape|48\/100 psn|[from] item: Leftovers\n|-damage|p2a: Maushold|0 fnt|[from] psn\n|faint|p2a: Maushold\n|-damage|p2b: Annihilape|36\/100 psn|[from] psn\n|upkeep\n|\n|t:|1682312884\n|switch|p1a: Namazu|Dondozo, L50, M, shiny|100\/100\n|switch|p2a: Dragonite|Dragonite, L50, M|100\/100\n|turn|4\n|\n|t:|1682312893\n|move|p1a: Namazu|Protect|p1a: Namazu\n|-singleturn|p1a: Namazu|Protect\n|move|p2a: Dragonite|Extreme Speed|p1b: King Arthur\n|-damage|p1b: King Arthur|0 fnt\n|faint|p1b: King Arthur\n|move|p2b: Annihilape|Rage Fist|p1a: Namazu\n|-activate|p1a: Namazu|move: Protect\n|\n|-heal|p2b: Annihilape|42\/100 psn|[from] item: Leftovers\n|-damage|p2b: Annihilape|30\/100 psn|[from] psn\n|upkeep\n|\n|t:|1682312905\n|switch|p1b: Ghost|Tatsugiri-Droopy, L50, M, shiny|100\/100\n|-activate|p1b: Ghost|ability: Commander|[of] p1a: Namazu\n|-boost|p1a: Namazu|atk|2\n|-boost|p1a: Namazu|spa|2\n|-boost|p1a: Namazu|spe|2\n|-boost|p1a: Namazu|def|2\n|-boost|p1a: Namazu|spd|2\n|turn|5\n|\n|t:|1682312916\n|move|p2a: Dragonite|Extreme Speed|p1a: Namazu\n|-damage|p1a: Namazu|85\/100\n|move|p1a: Namazu|Earthquake|p2b: Annihilape|[spread] p2b\n|-miss|p1a: Namazu|p1b: Ghost\n|-immune|p2a: Dragonite\n|-damage|p2b: Annihilape|0 fnt\n|faint|p2b: Annihilape\n|\n|upkeep\n|\n|t:|1682312925\n|switch|p2b: Chien-Pao|Chien-Pao, L50|100\/100\n|-status|p2b: Chien-Pao|tox\n|-ability|p2b: Chien-Pao|Sword of Ruin\n|turn|6\n|\n|t:|1682312938\n|move|p2a: Dragonite|Extreme Speed|p1a: Namazu\n|-damage|p1a: Namazu|62\/100\n|move|p2b: Chien-Pao|Haze|p2b: Chien-Pao\n|-clearallboost\n|move|p1a: Namazu|Earthquake|p2b: Chien-Pao|[spread] p2b\n|-miss|p1a: Namazu|p1b: Ghost\n|-immune|p2a: Dragonite\n|-damage|p2b: Chien-Pao|70\/100 tox\n|\n|-damage|p2b: Chien-Pao|64\/100 tox|[from] psn\n|upkeep\n|turn|7\n|\n|t:|1682312954\n|-terastallize|p2a: Dragonite|Normal\n|move|p1a: Namazu|Protect|p1a: Namazu\n|-singleturn|p1a: Namazu|Protect\n|move|p2a: Dragonite|Extreme Speed|p1a: Namazu\n|-activate|p1a: Namazu|move: Protect\n|move|p2b: Chien-Pao|Sucker Punch||[still]\n|-fail|p2b: Chien-Pao\n|\n|-damage|p2b: Chien-Pao|52\/100 tox|[from] psn\n|upkeep\n|turn|8\n|\n|t:|1682312969\n|move|p2a: Dragonite|Extreme Speed|p1a: Namazu\n|-damage|p1a: Namazu|3\/100\n|move|p2b: Chien-Pao|Sucker Punch||[still]\n|-fail|p2b: Chien-Pao\n|move|p1a: Namazu|Rest|p1a: Namazu\n|-status|p1a: Namazu|slp|[from] move: Rest\n|-enditem|p1a: Namazu|Lum Berry|[eat]\n|-curestatus|p1a: Namazu|slp|[msg]\n|-heal|p1a: Namazu|100\/100|[silent]\n|\n|-damage|p2b: Chien-Pao|35\/100 tox|[from] psn\n|upkeep\n|turn|9\n|\n|t:|1682312983\n|move|p1a: Namazu|Protect|p1a: Namazu\n|-singleturn|p1a: Namazu|Protect\n|move|p2a: Dragonite|Extreme Speed|p1a: Namazu\n|-activate|p1a: Namazu|move: Protect\n|move|p2b: Chien-Pao|Sucker Punch||[still]\n|-fail|p2b: Chien-Pao\n|\n|-damage|p2b: Chien-Pao|12\/100 tox|[from] psn\n|upkeep\n|turn|10\n|\n|t:|1682312994\n|move|p2a: Dragonite|Extreme Speed|p1a: Namazu\n|-damage|p1a: Namazu|31\/100\n|move|p2b: Chien-Pao|Sucker Punch||[still]\n|-fail|p2b: Chien-Pao\n|move|p1a: Namazu|Rest|p1a: Namazu\n|-status|p1a: Namazu|slp|[from] move: Rest\n|-heal|p1a: Namazu|100\/100 slp|[silent]\n|\n|-damage|p2b: Chien-Pao|0 fnt|[from] psn\n|faint|p2b: Chien-Pao\n|upkeep\n|turn|11\n|-message|ChiangWu forfeited.\n|\n|win|Hyanryu\n|raw|Hyanryu's rating: 1401 → 1425<\/strong> (+24 for winning)\n|raw|ChiangWu's rating: 1471 → 1447<\/strong> (-24 for losing)\n|l|\u2606ChiangWu\n","uploadtime":1682313010,"views":33,"p1id":"hyanryu","p2id":"chiangwu","formatid":"gen9vgc2023regulationc","rating":1425,"private":0,"password":""}