{"id":"gen9vgc2023regulationc-1859994228","p1":"TortuguitaconQueso","p2":"BeeGee33","format":"[Gen 9] VGC 2023 Regulation C","log":"|j|\u2606TortuguitaconQueso\n|j|\u2606BeeGee33\n|t:|1683583003\n|gametype|doubles\n|player|p1|TortuguitaconQueso|valerie|1117\n|player|p2|BeeGee33|1|1207\n|teamsize|p1|6\n|teamsize|p2|6\n|gen|9\n|tier|[Gen 9] VGC 2023 Regulation C\n|rated|\n|rule|Species Clause: Limit one of each Pok\u00e9mon\n|rule|Item Clause: Limit one of each item\n|clearpoke\n|poke|p1|Flutter Mane, L50|\n|poke|p1|Amoonguss, L50, F|\n|poke|p1|Gyarados, L50, F|\n|poke|p1|Chi-Yu, L50|\n|poke|p1|Ting-Lu, L50|\n|poke|p1|Baxcalibur, L50, F|\n|poke|p2|Palafin, L50, M|\n|poke|p2|Pelipper, L50, M|\n|poke|p2|Ting-Lu, L50|\n|poke|p2|Flutter Mane, L50|\n|poke|p2|Iron Hands, L50|\n|poke|p2|Annihilape, L50, M|\n|teampreview|4\n|inactive|Battle timer is ON: inactive players will automatically lose when time's up. (requested by BeeGee33)\nTortuguitaconQueso rejected open team sheets.\n|inactive|TortuguitaconQueso has 60 seconds left.\n|\n|t:|1683583036\n|start\n|switch|p1a: Katya|Baxcalibur, L50, F, shiny|100\/100\n|switch|p1b: Amoonguss|Amoonguss, L50, F, shiny|100\/100\n|switch|p2a: Palafin|Palafin, L50, M|100\/100\n|switch|p2b: Iron Hands|Iron Hands, L50|100\/100\n|turn|1\n|\n|t:|1683583054\n|detailschange|p2a: Palafin|Palafin-Hero, L50, M\n|switch|p2a: Flutter Mane|Flutter Mane, L50|100\/100\n|move|p2b: Iron Hands|Fake Out|p1b: Amoonguss\n|-damage|p1b: Amoonguss|87\/100\n|move|p1a: Katya|Glaive Rush|p2a: Flutter Mane\n|-immune|p2a: Flutter Mane\n|cant|p1b: Amoonguss|flinch\n|\n|upkeep\n|turn|2\n|\n|t:|1683583075\n|-terastallize|p1a: Katya|Poison\n|-terastallize|p2b: Iron Hands|Grass\n|move|p2a: Flutter Mane|Moonblast|p1a: Katya\n|-resisted|p1a: Katya\n|-damage|p1a: Katya|67\/100\n|-damage|p2a: Flutter Mane|90\/100|[from] item: Life Orb\n|move|p1a: Katya|Icicle Crash|p2a: Flutter Mane\n|-damage|p2a: Flutter Mane|0 fnt\n|faint|p2a: Flutter Mane\n|-end|p2a: Flutter Mane|Protosynthesis|[silent]\n|move|p2b: Iron Hands|Swords Dance|p2b: Iron Hands\n|-boost|p2b: Iron Hands|atk|2\n|move|p1b: Amoonguss|Spore|p2b: Iron Hands\n|-immune|p2b: Iron Hands\n|\n|upkeep\n|\n|t:|1683583096\n|switch|p2a: Pelipper|Pelipper, L50, M|100\/100\n|-weather|RainDance|[from] ability: Drizzle|[of] p2a: Pelipper\n|turn|3\n|\n|t:|1683583109\n|switch|p1b: Bianca|Gyarados, L50, F, shiny|100\/100\n|-ability|p1b: Bianca|Intimidate|boost\n|-unboost|p2a: Pelipper|atk|1\n|-unboost|p2b: Iron Hands|atk|1\n|move|p1a: Katya|Icicle Crash|p2b: Iron Hands\n|-supereffective|p2b: Iron Hands\n|-damage|p2b: Iron Hands|41\/100\n|move|p2a: Pelipper|Hurricane|p1b: Bianca\n|-damage|p1b: Bianca|68\/100\n|move|p2b: Iron Hands|Wild Charge|p1a: Katya\n|-damage|p1a: Katya|0 fnt\n|faint|p1a: Katya\n|-damage|p2b: Iron Hands|27\/100|[from] Recoil\n|\n|-weather|RainDance|[upkeep]\n|-heal|p2b: Iron Hands|33\/100|[from] item: Leftovers\n|upkeep\n|\n|t:|1683583122\n|switch|p1a: Sasha Colby|Flutter Mane, L50|100\/100\n|-enditem|p1a: Sasha Colby|Booster Energy\n|-activate|p1a: Sasha Colby|ability: Protosynthesis|[fromitem]\n|-start|p1a: Sasha Colby|protosynthesisspa\n|turn|4\n|\n|t:|1683583131\n|move|p1a: Sasha Colby|Dazzling Gleam|p2b: Iron Hands|[spread] p2a,p2b\n|-damage|p2a: Pelipper|48\/100\n|-damage|p2b: Iron Hands|0 fnt\n|faint|p2b: Iron Hands\n|-end|p2b: Iron Hands|Quark Drive|[silent]\n|move|p1b: Bianca|Waterfall|p2a: Pelipper\n|-resisted|p2a: Pelipper\n|-damage|p2a: Pelipper|23\/100\n|move|p2a: Pelipper|Tailwind|p2a: Pelipper\n|-sidestart|p2: BeeGee33|move: Tailwind\n|\n|-weather|RainDance|[upkeep]\n|upkeep\n|\n|t:|1683583139\n|switch|p2b: Palafin|Palafin-Hero, L50, M|100\/100\n|-activate|p2b: Palafin|ability: Zero to Hero\n|turn|5\n|\n|t:|1683583151\n|move|p1a: Sasha Colby|Protect|p1a: Sasha Colby\n|-singleturn|p1a: Sasha Colby|Protect\n|move|p2a: Pelipper|Wide Guard|p2a: Pelipper\n|-singleturn|p2a: Pelipper|Wide Guard\n|move|p2b: Palafin|Jet Punch|p1a: Sasha Colby\n|-activate|p1a: Sasha Colby|move: Protect\n|move|p1b: Bianca|Waterfall|p2a: Pelipper\n|-resisted|p2a: Pelipper\n|-damage|p2a: Pelipper|0 fnt\n|faint|p2a: Pelipper\n|\n|-weather|RainDance|[upkeep]\n|upkeep\n|turn|6\n|\n|t:|1683583168\n|-end|p1a: Sasha Colby|Protosynthesis|[silent]\n|switch|p1a: Amoonguss|Amoonguss, L50, F, shiny|100\/100\n|move|p2b: Palafin|Jet Punch|p1a: Amoonguss\n|-resisted|p1a: Amoonguss\n|-damage|p1a: Amoonguss|62\/100\n|move|p1b: Bianca|Thunder Wave|p2b: Palafin\n|-status|p2b: Palafin|par\n|\n|-weather|RainDance|[upkeep]\n|upkeep\n|turn|7\n|-message|BeeGee33 forfeited.\n|\n|win|TortuguitaconQueso\n|raw|TortuguitaconQueso's rating: 1117 → 1148<\/strong> (+31 for winning)\n|raw|BeeGee33's rating: 1207 → 1176<\/strong> (-31 for losing)\n|l|\u2606BeeGee33\n|l|\u2606TortuguitaconQueso\n|j|\u2606TortuguitaconQueso\n|player|p1|TortuguitaconQueso|valerie\n","uploadtime":1683583185,"views":4,"p1id":"tortuguitaconqueso","p2id":"beegee33","formatid":"gen9vgc2023regulationc","rating":1148,"private":0,"password":""}