{"id":"gen9vgc2023regulationc-1847237325","p1":"haha u rage quit","p2":"Redox310","format":"[Gen 9] VGC 2023 Regulation C","log":"|j|\u2606haha u rage quit\n|j|\u2606Redox310\n|t:|1681930311\n|gametype|doubles\n|player|p1|haha u rage quit|pokemaniac|1168\n|player|p2|Redox310|veteran|1247\n|teamsize|p1|6\n|teamsize|p2|6\n|gen|9\n|tier|[Gen 9] VGC 2023 Regulation C\n|rated|\n|rule|Species Clause: Limit one of each Pok\u00e9mon\n|rule|Item Clause: Limit one of each item\n|clearpoke\n|poke|p1|Garganacl, L50, M|\n|poke|p1|Wo-Chien, L50|\n|poke|p1|Amoonguss, L50, M|\n|poke|p1|Ting-Lu, L50|\n|poke|p1|Dondozo, L50, M|\n|poke|p1|Arcanine, L50, M|\n|poke|p2|Arcanine, L50, M|\n|poke|p2|Chansey, L50, F|\n|poke|p2|Grimmsnarl, L50, M|\n|poke|p2|Iron Hands, L50|\n|poke|p2|Iron Bundle, L50|\n|poke|p2|Iron Treads, L50|\n|teampreview|4\n|inactive|Battle timer is ON: inactive players will automatically lose when time's up. (requested by Redox310)\n|\n|t:|1681930356\n|start\n|switch|p1a: Dondozo|Dondozo, L50, M|100\/100\n|switch|p1b: Amoonguss|Amoonguss, L50, M|100\/100\n|switch|p2a: Grimmsnarl|Grimmsnarl, L50, M|100\/100\n|switch|p2b: Chansey|Chansey, L50, F|100\/100\n|turn|1\n|\n|t:|1681930379\n|move|p2a: Grimmsnarl|Reflect|p2a: Grimmsnarl\n|-sidestart|p2: Redox310|Reflect\n|move|p2b: Chansey|Electric Terrain|p2b: Chansey\n|-fieldstart|move: Electric Terrain\n|move|p1a: Dondozo|Fissure|p2b: Chansey|[miss]\n|-miss|p1a: Dondozo|p2b: Chansey\n|move|p1b: Amoonguss|Spore|p2b: Chansey\n|-activate|p2b: Chansey|move: Electric Terrain\n|\n|upkeep\n|turn|2\n|\n|t:|1681930399\n|switch|p2b: Iron Hands|Iron Hands, L50|100\/100\n|-activate|p2b: Iron Hands|ability: Quark Drive\n|-start|p2b: Iron Hands|quarkdriveatk\n|move|p2a: Grimmsnarl|Thunder Wave|p1a: Dondozo\n|-status|p1a: Dondozo|par\n|move|p1b: Amoonguss|Pollen Puff|p1a: Dondozo\n|-immune|p1a: Dondozo\n|move|p1a: Dondozo|Fissure|p2b: Iron Hands|[miss]\n|-miss|p1a: Dondozo|p2b: Iron Hands\n|\n|upkeep\n|turn|3\n|inactive|haha u rage quit has 30 seconds left.\n|\n|t:|1681930425\n|switch|p2a: Chansey|Chansey, L50, F|100\/100\n|switch|p1a: Ting-Lu|Ting-Lu, L50|100\/100\n|-ability|p1a: Ting-Lu|Vessel of Ruin\n|move|p2b: Iron Hands|Thunder Punch|p1a: Ting-Lu\n|-immune|p1a: Ting-Lu\n|move|p1b: Amoonguss|Pollen Puff|p1a: Ting-Lu\n|-immune|p1a: Ting-Lu\n|\n|upkeep\n|turn|4\n|inactive|haha u rage quit has 30 seconds left.\n|\n|t:|1681930457\n|-terastallize|p1a: Ting-Lu|Grass\n|move|p2a: Chansey|Helping Hand|p2b: Iron Hands\n|-singleturn|p2b: Iron Hands|Helping Hand|[of] p2a: Chansey\n|move|p2b: Iron Hands|Drain Punch|p1a: Ting-Lu\n|-damage|p1a: Ting-Lu|56\/100\n|move|p1a: Ting-Lu|Fissure|p2b: Iron Hands\n|-damage|p2b: Iron Hands|0 fnt\n|faint|p2b: Iron Hands\n|-end|p2b: Iron Hands|Quark Drive|[silent]\n|-ohko\n|move|p1b: Amoonguss|Pollen Puff|p1a: Ting-Lu\n|-heal|p1a: Ting-Lu|100\/100\n|\n|upkeep\n|\n|t:|1681930475\n|switch|p2b: Arcanine|Arcanine, L50, M|100\/100\n|-ability|p2b: Arcanine|Intimidate|boost\n|-unboost|p1a: Ting-Lu|atk|1\n|-unboost|p1b: Amoonguss|atk|1\n|turn|5\n|\n|t:|1681930491\n|move|p1b: Amoonguss|Protect|p1b: Amoonguss\n|-singleturn|p1b: Amoonguss|Protect\n|move|p2b: Arcanine|Flamethrower|p1b: Amoonguss\n|-activate|p1b: Amoonguss|move: Protect\n|move|p2a: Chansey|Seismic Toss|p1b: Amoonguss\n|-activate|p1b: Amoonguss|move: Protect\n|move|p1a: Ting-Lu|Fissure|p2b: Arcanine\n|-damage|p2b: Arcanine|0 fnt\n|faint|p2b: Arcanine\n|-ohko\n|\n|-fieldend|move: Electric Terrain\n|upkeep\n|-message|Redox310 forfeited.\n|\n|win|haha u rage quit\n|raw|haha u rage quit's rating: 1168 → 1199<\/strong> (+31 for winning)\n|raw|Redox310's rating: 1247 → 1216<\/strong> (-31 for losing)\n|l|\u2606Redox310\n","uploadtime":1681930513,"views":7,"p1id":"hahauragequit","p2id":"redox310","formatid":"gen9vgc2023regulationc","rating":1199,"private":0,"password":""}