{"id":"gen9vgc2023regulationc-1845958278","p1":"YveltalAllegations","p2":"thrillionaire","format":"[Gen 9] VGC 2023 Regulation C","log":"|j|\u2606YveltalAllegations\n|j|\u2606thrillionaire\n|t:|1681783882\n|gametype|doubles\n|player|p1|YveltalAllegations|brycenman|1215\n|player|p2|thrillionaire|red-masters2|1170\n|teamsize|p1|6\n|teamsize|p2|6\n|gen|9\n|tier|[Gen 9] VGC 2023 Regulation C\n|rated|\n|rule|Species Clause: Limit one of each Pok\u00e9mon\n|rule|Item Clause: Limit one of each item\n|clearpoke\n|poke|p1|Oinkologne, L50, M|\n|poke|p1|Amoonguss, L50, M|\n|poke|p1|Ting-Lu, L50|\n|poke|p1|Baxcalibur, L50, F|\n|poke|p1|Gyarados, L50, F|\n|poke|p1|Flutter Mane, L50|\n|poke|p2|Gyarados, L50, F|\n|poke|p2|Flutter Mane, L50|\n|poke|p2|Orthworm, L50, F|\n|poke|p2|Ting-Lu, L50|\n|poke|p2|Rotom-Wash, L50|\n|poke|p2|Baxcalibur, L50, F|\n|teampreview|4\nYveltalAllegations has agreed to open team sheets.\n|\n|t:|1681783935\n|start\n|switch|p1a: Amoonguss|Amoonguss, L50, M|100\/100\n|switch|p1b: Flutter Mane|Flutter Mane, L50|100\/100\n|switch|p2a: Gyarados|Gyarados, L50, F|100\/100\n|switch|p2b: Orthworm|Orthworm, L50, F|100\/100\n|-ability|p2a: Gyarados|Intimidate|boost\n|-unboost|p1a: Amoonguss|atk|1\n|-unboost|p1b: Flutter Mane|atk|1\n|-enditem|p1b: Flutter Mane|Booster Energy\n|-activate|p1b: Flutter Mane|ability: Protosynthesis|[fromitem]\n|-start|p1b: Flutter Mane|protosynthesisspa\n|turn|1\n|\n|t:|1681783956\n|move|p1b: Flutter Mane|Substitute|p1b: Flutter Mane\n|-start|p1b: Flutter Mane|Substitute\n|-damage|p1b: Flutter Mane|76\/100\n|move|p2a: Gyarados|Thunder Wave||[still]\n|-fail|p2a: Gyarados\n|move|p2b: Orthworm|Shed Tail|p2b: Orthworm\n|-start|p2b: Orthworm|Substitute|[from] move: Shed Tail\n|-damage|p2b: Orthworm|50\/100\n|-enditem|p2b: Orthworm|Sitrus Berry|[eat]\n|-heal|p2b: Orthworm|75\/100|[from] item: Sitrus Berry\n|\n|t:|1681783965\n|switch|p2b: Flutter Mane|Flutter Mane, L50, shiny|100\/100|[from] Shed Tail\n|-enditem|p2b: Flutter Mane|Booster Energy\n|-activate|p2b: Flutter Mane|ability: Protosynthesis|[fromitem]\n|-start|p2b: Flutter Mane|protosynthesisspa\n|move|p1a: Amoonguss|Spore||[still]\n|-fail|p1a: Amoonguss\n|\n|upkeep\n|turn|2\n|\n|t:|1681783997\n|-terastallize|p1b: Flutter Mane|Fairy\n|move|p1a: Amoonguss|Rage Powder|p1a: Amoonguss\n|-singleturn|p1a: Amoonguss|move: Rage Powder\n|move|p1b: Flutter Mane|Moonblast|p2a: Gyarados\n|-damage|p2a: Gyarados|30\/100\n|move|p2b: Flutter Mane|Shadow Ball|p1a: Amoonguss\n|-damage|p1a: Amoonguss|56\/100\n|move|p2a: Gyarados|Waterfall|p1a: Amoonguss\n|-resisted|p1a: Amoonguss\n|-damage|p1a: Amoonguss|42\/100\n|-enditem|p1a: Amoonguss|Sitrus Berry|[eat]\n|-heal|p1a: Amoonguss|66\/100|[from] item: Sitrus Berry\n|\n|upkeep\n|turn|3\n|\n|t:|1681784026\n|switch|p2a: Orthworm|Orthworm, L50, F|75\/100\n|switch|p1a: Oinkologne|Oinkologne, L50, M, shiny|100\/100\n|move|p1b: Flutter Mane|Hex|p2b: Flutter Mane\n|-supereffective|p2b: Flutter Mane\n|-crit|p2b: Flutter Mane\n|-end|p2b: Flutter Mane|Substitute\n|move|p2b: Flutter Mane|Shadow Ball|p1a: Oinkologne\n|-immune|p1a: Oinkologne\n|\n|upkeep\n|turn|4\n|\n|t:|1681784046\n|move|p2b: Flutter Mane|Protect|p2b: Flutter Mane\n|-singleturn|p2b: Flutter Mane|Protect\n|move|p1b: Flutter Mane|Moonblast|p2a: Orthworm\n|-resisted|p2a: Orthworm\n|-damage|p2a: Orthworm|19\/100\n|move|p1a: Oinkologne|Stuff Cheeks|p1a: Oinkologne\n|-boost|p1a: Oinkologne|def|2\n|-enditem|p1a: Oinkologne|Apicot Berry|[eat]\n|-boost|p1a: Oinkologne|spd|1|[from] item: Apicot Berry\n|move|p2a: Orthworm|Heavy Slam|p1b: Flutter Mane\n|-supereffective|p1b: Flutter Mane\n|-end|p1b: Flutter Mane|Substitute\n|\n|upkeep\n|turn|5\n|\n|t:|1681784075\n|-terastallize|p2b: Flutter Mane|Fairy\n|move|p1b: Flutter Mane|Moonblast|p2b: Flutter Mane\n|-damage|p2b: Flutter Mane|0 fnt\n|faint|p2b: Flutter Mane\n|-end|p2b: Flutter Mane|Protosynthesis|[silent]\n|move|p1a: Oinkologne|Body Press|p2a: Orthworm\n|-supereffective|p2a: Orthworm\n|-damage|p2a: Orthworm|0 fnt\n|faint|p2a: Orthworm\n|\n|upkeep\n|\n|t:|1681784089\n|switch|p2b: Baxcalibur|Baxcalibur, L50, F|100\/100\n|switch|p2a: Gyarados|Gyarados, L50, F|30\/100\n|-ability|p2a: Gyarados|Intimidate|boost\n|-unboost|p1a: Oinkologne|atk|1\n|-unboost|p1b: Flutter Mane|atk|1\n|turn|6\n|-message|thrillionaire forfeited.\n|\n|win|YveltalAllegations\n|raw|YveltalAllegations's rating: 1215 → 1237<\/strong> (+22 for winning)\n|raw|thrillionaire's rating: 1170 → 1148<\/strong> (-22 for losing)\n|l|\u2606thrillionaire\n","uploadtime":1681784099,"views":15,"p1id":"yveltalallegations","p2id":"thrillionaire","formatid":"gen9vgc2023regulationc","rating":1148,"private":0,"password":""}