{"id":"gen9vgc2023regulationc-1849897343","p1":"muddyswamppert","p2":"HeffNastyy","format":"[Gen 9] VGC 2023 Regulation C","log":"|j|\u2606muddyswamppert\n|j|\u2606HeffNastyy\n|t:|1682265769\n|gametype|doubles\n|player|p1|muddyswamppert|cynthia-gen4|\n|player|p2|HeffNastyy|lance|\n|teamsize|p1|6\n|teamsize|p2|6\n|gen|9\n|tier|[Gen 9] VGC 2023 Regulation C\n|rule|Species Clause: Limit one of each Pok\u00e9mon\n|rule|Item Clause: Limit one of each item\n|clearpoke\n|poke|p1|Garchomp, L50, F|\n|poke|p1|Garganacl, L50, M|\n|poke|p1|Ceruledge, L50, M|\n|poke|p1|Amoonguss, L50, F|\n|poke|p1|Gyarados, L50, F|\n|poke|p1|Chien-Pao, L50|\n|poke|p2|Garchomp, L50, F|\n|poke|p2|Chien-Pao, L50|\n|poke|p2|Talonflame, L50, M|\n|poke|p2|Gyarados, L50, F|\n|poke|p2|Flutter Mane, L50|\n|poke|p2|Iron Hands, L50|\n|teampreview|4\n|inactive|Battle timer is ON: inactive players will automatically lose when time's up. (requested by muddyswamppert)\n|inactive|muddyswamppert has 60 seconds left.\n|inactive|HeffNastyy has 60 seconds left.\n|c|\u2606HeffNastyy|hey check in\n|c|\u2606muddyswamppert|how do you check in?\n|c|\u2606HeffNastyy|pause this\n|inactive|HeffNastyy has 30 seconds left.\n|c|\u2606muddyswamppert|done it\n|inactive|HeffNastyy has 20 seconds left.\n|inactive|HeffNastyy has 15 seconds left.\n|inactive|HeffNastyy has 10 seconds left.\n|inactive|HeffNastyy has 5 seconds left.\n|inactiveoff|Battle timer is now OFF.\n|c|\u2606muddyswamppert|?\n|c|\u2606HeffNastyy|accept the other 2 battles\n|c|\u2606muddyswamppert|ok\n|c|\u2606HeffNastyy|g1\n|c|\u2606muddyswamppert|all good\n|c|\u2606muddyswamppert|glhf\nHeffNastyy has agreed to open team sheets.\nmuddyswamppert has agreed to open team sheets.\n|c|\u2606HeffNastyy|okay yeah we are good\n|c|\u2606HeffNastyy|glhf\n|inactive|Battle timer is ON: inactive players will automatically lose when time's up. (requested by muddyswamppert)\n|c|\u2606muddyswamppert|u2\n|inactive|HeffNastyy has 30 seconds left.\n|inactive|HeffNastyy has 20 seconds left.\n|inactive|HeffNastyy has 15 seconds left.\n|inactive|HeffNastyy has 10 seconds left.\n|\n|t:|1682265970\n|start\n|switch|p1a: Amoonguss|Amoonguss, L50, F|100\/100\n|switch|p1b: Garchomp|Garchomp, L50, F|100\/100\n|switch|p2a: Jaws|Gyarados, L50, F, shiny|100\/100\n|switch|p2b: Chompa|Garchomp, L50, F, shiny|100\/100\n|-ability|p2a: Jaws|Intimidate|boost\n|-unboost|p1a: Amoonguss|atk|1\n|-unboost|p1b: Garchomp|atk|1\n|turn|1\n|inactive|HeffNastyy has 30 seconds left.\n|\n|t:|1682266001\n|move|p1b: Garchomp|Protect|p1b: Garchomp\n|-singleturn|p1b: Garchomp|Protect\n|move|p2b: Chompa|Dragon Claw|p1b: Garchomp\n|-activate|p1b: Garchomp|move: Protect\n|move|p2a: Jaws|Taunt|p1a: Amoonguss\n|-start|p1a: Amoonguss|move: Taunt\n|cant|p1a: Amoonguss|move: Taunt|Spore\n|\n|upkeep\n|turn|2\n|inactive|HeffNastyy has 30 seconds left.\n|\n|t:|1682266034\n|move|p2a: Jaws|Helping Hand|p2b: Chompa\n|-singleturn|p2b: Chompa|Helping Hand|[of] p2a: Jaws\n|move|p2b: Chompa|Earthquake|p1b: Garchomp|[spread] p1a,p1b\n|-immune|p2a: Jaws\n|-damage|p1a: Amoonguss|39\/100\n|-damage|p1b: Garchomp|28\/100\n|-enditem|p1a: Amoonguss|Sitrus Berry|[eat]\n|-heal|p1a: Amoonguss|64\/100|[from] item: Sitrus Berry\n|-damage|p2b: Chompa|91\/100|[from] item: Life Orb\n|move|p1b: Garchomp|Dragon Claw|p2b: Chompa\n|-supereffective|p2b: Chompa\n|-damage|p2b: Chompa|21\/100\n|-damage|p1b: Garchomp|16\/100|[from] ability: Rough Skin|[of] p2b: Chompa\n|-damage|p1b: Garchomp|6\/100|[from] item: Life Orb\n|move|p1a: Amoonguss|Pollen Puff|p2b: Chompa\n|-damage|p2b: Chompa|2\/100\n|\n|upkeep\n|turn|3\n|inactive|HeffNastyy has 30 seconds left.\n|\n|t:|1682266060\n|switch|p1b: Gyarados|Gyarados, L50, F|100\/100\n|-ability|p1b: Gyarados|Intimidate|boost\n|-unboost|p2a: Jaws|atk|1\n|-unboost|p2b: Chompa|atk|1\n|move|p2b: Chompa|Protect|p2b: Chompa\n|-singleturn|p2b: Chompa|Protect\n|move|p2a: Jaws|Waterfall|p1b: Gyarados\n|-resisted|p1b: Gyarados\n|-damage|p1b: Gyarados|86\/100\n|move|p1a: Amoonguss|Pollen Puff|p2b: Chompa\n|-activate|p2b: Chompa|move: Protect\n|\n|-end|p1a: Amoonguss|move: Taunt\n|upkeep\n|turn|4\n|inactive|HeffNastyy has 30 seconds left.\n|\n|t:|1682266089\n|move|p1a: Amoonguss|Rage Powder|p1a: Amoonguss\n|-singleturn|p1a: Amoonguss|move: Rage Powder\n|move|p2b: Chompa|Rock Slide|p1a: Amoonguss|[spread] p1a,p1b\n|-supereffective|p1b: Gyarados\n|-crit|p1b: Gyarados\n|-damage|p1a: Amoonguss|49\/100\n|-damage|p1b: Gyarados|0 fnt\n|faint|p1b: Gyarados\n|-damage|p2b: Chompa|0 fnt|[from] item: Life Orb\n|faint|p2b: Chompa\n|move|p2a: Jaws|Taunt|p1a: Amoonguss\n|-start|p1a: Amoonguss|move: Taunt\n|\n|upkeep\n|c|\u2606muddyswamppert|oh god\n|\n|t:|1682266111\n|switch|p2b: Lilith|Flutter Mane, L50, shiny|100\/100\n|switch|p1b: Ceruledge|Ceruledge, L50, M|100\/100\n|-enditem|p2b: Lilith|Booster Energy\n|-activate|p2b: Lilith|ability: Protosynthesis|[fromitem]\n|-start|p2b: Lilith|protosynthesisspa\n|turn|5\n|inactive|muddyswamppert has 30 seconds left.\n|inactive|HeffNastyy has 30 seconds left.\n|\n|t:|1682266138\n|-terastallize|p2b: Lilith|Fairy\n|-terastallize|p1b: Ceruledge|Grass\n|move|p2b: Lilith|Shadow Ball|p1b: Ceruledge\n|-damage|p1b: Ceruledge|54\/100\n|move|p2a: Jaws|Waterfall|p1b: Ceruledge\n|-resisted|p1b: Ceruledge\n|-damage|p1b: Ceruledge|42\/100\n|cant|p1b: Ceruledge|flinch\n|move|p1a: Amoonguss|Pollen Puff|p1b: Ceruledge\n|-heal|p1b: Ceruledge|92\/100\n|\n|upkeep\n|turn|6\n|c|\u2606HeffNastyy|oof\n|inactive|muddyswamppert has 30 seconds left.\n|\n|t:|1682266163\n|move|p2a: Jaws|Helping Hand|p2b: Lilith\n|-singleturn|p2b: Lilith|Helping Hand|[of] p2a: Jaws\n|move|p2b: Lilith|Moonblast|p1b: Ceruledge\n|-damage|p1b: Ceruledge|0 fnt\n|faint|p1b: Ceruledge\n|move|p1a: Amoonguss|Pollen Puff|p1: Ceruledge|[notarget]\n|-fail|p1a: Amoonguss\n|\n|upkeep\n|\n|t:|1682266168\n|switch|p1b: Garchomp|Garchomp, L50, F|6\/100\n|turn|7\n|c|\u2606muddyswamppert|oof\n|\n|t:|1682266190\n|move|p2a: Jaws|Helping Hand|p2b: Lilith\n|-singleturn|p2b: Lilith|Helping Hand|[of] p2a: Jaws\n|move|p1b: Garchomp|Protect|p1b: Garchomp\n|-singleturn|p1b: Garchomp|Protect\n|move|p2b: Lilith|Dazzling Gleam|p1b: Garchomp|[spread] p1a\n|-activate|p1b: Garchomp|move: Protect\n|-resisted|p1a: Amoonguss\n|-damage|p1a: Amoonguss|15\/100\n|move|p1a: Amoonguss|Pollen Puff|p1b: Garchomp\n|-activate|p1b: Garchomp|move: Protect\n|\n|-end|p1a: Amoonguss|move: Taunt\n|upkeep\n|turn|8\n|c|\u2606muddyswamppert|wait\n|c|\u2606muddyswamppert|lmao\n|c|\u2606HeffNastyy|lol\n|\n|t:|1682266212\n|move|p2a: Jaws|Helping Hand|p2b: Lilith\n|-singleturn|p2b: Lilith|Helping Hand|[of] p2a: Jaws\n|move|p2b: Lilith|Dazzling Gleam|p1b: Garchomp|[spread] p1a,p1b\n|-resisted|p1a: Amoonguss\n|-supereffective|p1b: Garchomp\n|-damage|p1a: Amoonguss|0 fnt\n|-damage|p1b: Garchomp|0 fnt\n|faint|p1a: Amoonguss\n|faint|p1b: Garchomp\n|\n|win|HeffNastyy\n|c|\u2606muddyswamppert|gg\n|c|\u2606HeffNastyy|gg\n|l|\u2606muddyswamppert\n","uploadtime":1682266621,"views":12,"p1id":"muddyswamppert","p2id":"heffnastyy","formatid":"gen9vgc2023regulationc","rating":0,"private":0,"password":""}