{"id":"gen9vgc2023regulationc-1848873081","p1":"ChoiceBandWinston","p2":"titannexus","format":"[Gen 9] VGC 2023 Regulation C","log":"|j|\u2606ChoiceBandWinston\n|j|\u2606titannexus\n|t:|1682120209\n|gametype|doubles\n|player|p1|ChoiceBandWinston|mira|\n|player|p2|titannexus|acetrainer-gen4|\n|teamsize|p1|6\n|teamsize|p2|6\n|gen|9\n|tier|[Gen 9] VGC 2023 Regulation C\n|rule|Species Clause: Limit one of each Pok\u00e9mon\n|rule|Item Clause: Limit one of each item\n|clearpoke\n|poke|p1|Roaring Moon, L50|\n|poke|p1|Iron Valiant, L50|\n|poke|p1|Foongus, L50, F|\n|poke|p1|Tinkaton, L50, F|\n|poke|p1|Tauros-Paldea-Blaze, L50, M|\n|poke|p1|Chien-Pao, L50|\n|poke|p2|Iron Moth, L50|\n|poke|p2|Tyranitar, L50, F|\n|poke|p2|Lycanroc, L50, F|\n|poke|p2|Houndstone, L50, F|\n|poke|p2|Misdreavus, L50, M|\n|poke|p2|Jolteon, L50, F|\n|teampreview|4\n|inactive|Battle timer is ON: inactive players will automatically lose when time's up. (requested by titannexus)\n|inactive|ChoiceBandWinston has 60 seconds left.\n|inactive|titannexus has 60 seconds left.\n|inactive|titannexus has 30 seconds left.\n|inactive|titannexus has 20 seconds left.\n|inactive|titannexus has 15 seconds left.\n|\n|t:|1682120289\n|start\n|switch|p1a: Roaring Moon|Roaring Moon, L50|100\/100\n|switch|p1b: Tinkaton|Tinkaton, L50, F|100\/100\n|switch|p2a: Lycanroc|Lycanroc, L50, F|100\/100\n|switch|p2b: Tyranitar|Tyranitar, L50, F|100\/100\n|-ability|p1b: Tinkaton|Mold Breaker\n|-weather|Sandstorm|[from] ability: Sand Stream|[of] p2b: Tyranitar\n|-enditem|p1a: Roaring Moon|Booster Energy\n|-activate|p1a: Roaring Moon|ability: Protosynthesis|[fromitem]\n|-start|p1a: Roaring Moon|protosynthesisspe\n|turn|1\n|inactive|ChoiceBandWinston has 30 seconds left.\n|inactive|titannexus has 30 seconds left.\n|inactive|ChoiceBandWinston has 20 seconds left.\n|inactive|titannexus has 20 seconds left.\n|inactive|ChoiceBandWinston has 15 seconds left.\n|\n|t:|1682120329\n|-terastallize|p1a: Roaring Moon|Steel\n|move|p2a: Lycanroc|Endure|p2a: Lycanroc\n|-singleturn|p2a: Lycanroc|move: Endure\n|move|p1b: Tinkaton|Fake Out|p2b: Tyranitar\n|-resisted|p2b: Tyranitar\n|-damage|p2b: Tyranitar|98\/100\n|move|p1a: Roaring Moon|Dragon Dance|p1a: Roaring Moon\n|-boost|p1a: Roaring Moon|atk|1\n|-boost|p1a: Roaring Moon|spe|1\n|cant|p2b: Tyranitar|flinch\n|\n|-weather|Sandstorm|[upkeep]\n|upkeep\n|turn|2\n|inactive|titannexus has 30 seconds left.\n|inactive|titannexus has 20 seconds left.\n|inactive|titannexus has 15 seconds left.\n|inactive|titannexus has 10 seconds left.\n|\n|t:|1682120379\n|-terastallize|p2b: Tyranitar|Fire\n|move|p1a: Roaring Moon|Iron Head|p2b: Tyranitar\n|-resisted|p2b: Tyranitar\n|-damage|p2b: Tyranitar|72\/100\n|move|p2a: Lycanroc|Howl|p2a: Lycanroc|[spread] p2a,p2b\n|-boost|p2a: Lycanroc|atk|1\n|-boost|p2b: Tyranitar|atk|1\n|move|p1b: Tinkaton|Gigaton Hammer|p2a: Lycanroc\n|-supereffective|p2a: Lycanroc\n|-enditem|p2a: Lycanroc|Focus Sash\n|-damage|p2a: Lycanroc|1\/100\n|move|p2b: Tyranitar|Low Kick|p1a: Roaring Moon\n|-supereffective|p1a: Roaring Moon\n|-damage|p1a: Roaring Moon|0 fnt\n|faint|p1a: Roaring Moon\n|-end|p1a: Roaring Moon|Protosynthesis|[silent]\n|\n|-weather|Sandstorm|[upkeep]\n|-damage|p2b: Tyranitar|67\/100|[from] Sandstorm\n|upkeep\n|\n|t:|1682120397\n|switch|p1a: Iron Valiant|Iron Valiant, L50|100\/100\n|turn|3\n|inactive|titannexus has 30 seconds left.\n|\n|t:|1682120431\n|move|p2a: Lycanroc|Endure|p2a: Lycanroc\n|-singleturn|p2a: Lycanroc|move: Endure\n|move|p1a: Iron Valiant|Icy Wind|p2b: Tyranitar|[spread] p2a,p2b\n|-resisted|p2b: Tyranitar\n|-activate|p2a: Lycanroc|move: Endure\n|-damage|p2a: Lycanroc|1\/100\n|-damage|p2b: Tyranitar|61\/100\n|-unboost|p2a: Lycanroc|spe|1\n|-unboost|p2b: Tyranitar|spe|1\n|move|p1b: Tinkaton|Thunder Wave|p2b: Tyranitar\n|-status|p2b: Tyranitar|par\n|cant|p2b: Tyranitar|par\n|\n|-weather|Sandstorm|[upkeep]\n|-damage|p1a: Iron Valiant|94\/100|[from] Sandstorm\n|-damage|p2b: Tyranitar|55\/100 par|[from] Sandstorm\n|upkeep\n|turn|4\n|inactive|ChoiceBandWinston has 30 seconds left.\n|\n|t:|1682120462\n|move|p2a: Lycanroc|Endeavor|p1a: Iron Valiant\n|-damage|p1a: Iron Valiant|1\/100\n|move|p1a: Iron Valiant|Dazzling Gleam|p2a: Lycanroc|[spread] p2a,p2b\n|-resisted|p2b: Tyranitar\n|-damage|p2a: Lycanroc|0 fnt\n|-damage|p2b: Tyranitar|43\/100 par\n|faint|p2a: Lycanroc\n|move|p1b: Tinkaton|Gigaton Hammer|p2b: Tyranitar\n|-resisted|p2b: Tyranitar\n|-damage|p2b: Tyranitar|27\/100 par\n|move|p2b: Tyranitar|Low Kick|p1a: Iron Valiant\n|-resisted|p1a: Iron Valiant\n|-damage|p1a: Iron Valiant|0 fnt\n|faint|p1a: Iron Valiant\n|-end|p1a: Iron Valiant|Quark Drive|[silent]\n|\n|-weather|Sandstorm|[upkeep]\n|-damage|p2b: Tyranitar|21\/100 par|[from] Sandstorm\n|upkeep\n|\n|t:|1682120480\n|switch|p1a: Foongus|Foongus, L50, F|100\/100\n|switch|p2a: Iron Moth|Iron Moth, L50|100\/100\n|-enditem|p2a: Iron Moth|Booster Energy\n|-activate|p2a: Iron Moth|ability: Quark Drive|[fromitem]\n|-start|p2a: Iron Moth|quarkdrivespe\n|turn|5\n|\n|t:|1682120493\n|switch|p2b: Houndstone|Houndstone, L50, F|100\/100\n|move|p2a: Iron Moth|Heat Wave|p1b: Tinkaton|[spread] p1a\n|-miss|p2a: Iron Moth|p1b: Tinkaton\n|-supereffective|p1a: Foongus\n|-damage|p1a: Foongus|21\/100\n|-status|p1a: Foongus|brn\n|move|p1b: Tinkaton|Play Rough|p2b: Houndstone\n|-damage|p2b: Houndstone|68\/100\n|move|p1a: Foongus|Spore|p2a: Iron Moth\n|-status|p2a: Iron Moth|slp|[from] move: Spore\n|\n|-weather|none\n|-damage|p1a: Foongus|15\/100 brn|[from] brn\n|upkeep\n|turn|6\n|inactive|ChoiceBandWinston has 30 seconds left.\n|inactive|titannexus has 30 seconds left.\n|inactive|ChoiceBandWinston has 20 seconds left.\n|inactive|ChoiceBandWinston has 15 seconds left.\n|\n|t:|1682120534\n|move|p2b: Houndstone|Protect|p2b: Houndstone\n|-singleturn|p2b: Houndstone|Protect\n|move|p1a: Foongus|Protect|p1a: Foongus\n|-singleturn|p1a: Foongus|Protect\n|cant|p2a: Iron Moth|slp\n|move|p1b: Tinkaton|Gigaton Hammer|p2b: Houndstone\n|-activate|p2b: Houndstone|move: Protect\n|\n|-damage|p1a: Foongus|8\/100 brn|[from] brn\n|upkeep\n|turn|7\n|inactive|titannexus has 30 seconds left.\n|\n|t:|1682120562\n|cant|p2a: Iron Moth|slp\n|move|p2b: Houndstone|Phantom Force||[still]\n|-prepare|p2b: Houndstone|Phantom Force\n|move|p1b: Tinkaton|Play Rough|p2b: Houndstone|[miss]\n|-miss|p1b: Tinkaton|p2b: Houndstone\n|move|p1a: Foongus|Pollen Puff|p2b: Houndstone|[miss]\n|-miss|p1a: Foongus|p2b: Houndstone\n|\n|-damage|p1a: Foongus|2\/100 brn|[from] brn\n|upkeep\n|turn|8\n|\n|t:|1682120580\n|-curestatus|p2a: Iron Moth|slp|[msg]\n|move|p2a: Iron Moth|Heat Wave|p1b: Tinkaton|[spread] p1a,p1b\n|-supereffective|p1a: Foongus\n|-supereffective|p1b: Tinkaton\n|-damage|p1a: Foongus|0 fnt\n|-damage|p1b: Tinkaton|44\/100\n|-enditem|p1b: Tinkaton|Sitrus Berry|[eat]\n|-heal|p1b: Tinkaton|69\/100|[from] item: Sitrus Berry\n|faint|p1a: Foongus\n|move|p2b: Houndstone|Phantom Force|p1b: Tinkaton|[from]lockedmove\n|-damage|p1b: Tinkaton|29\/100\n|move|p1b: Tinkaton|Gigaton Hammer|p2b: Houndstone\n|-damage|p2b: Houndstone|17\/100\n|\n|upkeep\n|turn|9\n|\n|t:|1682120604\n|move|p2a: Iron Moth|Heat Wave|p1b: Tinkaton\n|-supereffective|p1b: Tinkaton\n|-damage|p1b: Tinkaton|0 fnt\n|faint|p1b: Tinkaton\n|\n|win|titannexus\n|c|\u2606titannexus|gg\n|c|\u2606ChoiceBandWinston|gg\n","uploadtime":1682122148,"views":7,"p1id":"choicebandwinston","p2id":"titannexus","formatid":"gen9vgc2023regulationc","rating":0,"private":0,"password":""}