{"id":"gen9vgc2023regulationc-1859932680","p1":"tatsugirl i~","p2":"rina slaywayama","format":"[Gen 9] VGC 2023 Regulation C","log":"|j|\u2606tatsugirl i~\n|j|\u2606rina slaywayama\n|t:|1683576970\n|gametype|doubles\n|player|p1|tatsugirl i~|may-masters|\n|player|p2|rina slaywayama|266|\n|teamsize|p1|6\n|teamsize|p2|6\n|gen|9\n|tier|[Gen 9] VGC 2023 Regulation C\n|rated|Tournament battle\n|rule|Species Clause: Limit one of each Pok\u00e9mon\n|rule|Item Clause: Limit one of each item\n|clearpoke\n|poke|p1|Sandy Shocks, L50|\n|poke|p1|Corviknight, L50, F|\n|poke|p1|Dragapult, L50, M|\n|poke|p1|Flutter Mane, L50|\n|poke|p1|Chi-Yu, L50|\n|poke|p1|Dachsbun, L50, F|\n|poke|p2|Corviknight, L50, M|\n|poke|p2|Lycanroc, L50, F|\n|poke|p2|Flutter Mane, L50|\n|poke|p2|Garchomp, L50, F|\n|poke|p2|Iron Bundle, L50|\n|poke|p2|Tyranitar, L50, F|\n|teampreview|4\n|raw| Open Team Sheet for tatsugirl i~<\/summary>Sandy Shocks @ Booster Energy Ability: Protosynthesis Level: 50 Tera Type: Grass - Thunderbolt - Earth Power - Volt Switch - Protect Corviknight @ Sitrus Berry Ability: Mirror Armor Level: 50 Tera Type: Dragon - Iron Head - Brave Bird - Tailwind - Roost Dragapult @ Life Orb Ability: Clear Body Level: 50 Tera Type: Steel - Dragon Darts - Phantom Force - Will-O-Wisp - Protect Flutter Mane @ Choice Specs Ability: Protosynthesis Level: 50 Tera Type: Fairy - Shadow Ball - Moonblast - Dazzling Gleam - Sleep Talk Chi-Yu @ Charcoal Ability: Beads of Ruin Level: 50 Tera Type: Grass - Lava Plume - Heat Wave - Dark Pulse - Protect Dachsbun @ Leftovers Ability: Well-Baked Body Level: 50 Tera Type: Steel - Body Press - Play Rough - Yawn - Protect <\/details><\/div> Open Team Sheet for rina slaywayama<\/summary>Corviknight @ Sitrus Berry Ability: Mirror Armor Level: 50 Tera Type: Fire - Tailwind - Brave Bird - Body Press - Roost Lycanroc @ Focus Sash Ability: Sand Rush Level: 50 Tera Type: Ghost - Rock Slide - Endeavor - Protect - Close Combat Flutter Mane @ Life Orb Ability: Protosynthesis Level: 50 Tera Type: Fairy - Shadow Ball - Dazzling Gleam - Moonblast - Protect Garchomp (F) @ Leftovers Ability: Sand Veil Level: 50 Tera Type: Steel - Dragon Claw - Earthquake - Protect - Substitute Iron Bundle @ Booster Energy Ability: Quark Drive Level: 50 Tera Type: Ice - Freeze-Dry - Icy Wind - Hydro Pump - Protect Tyranitar @ Assault Vest Ability: Sand Stream Level: 50 Tera Type: Grass - Low Kick - Tera Blast - Rock Slide - Assurance <\/details><\/div>\n|j| Radio Free C-Side\n|j| firemind12\n|\n|t:|1683577014\n|start\n|switch|p1a: Corviknight|Corviknight, L50, F|100\/100\n|switch|p1b: Dragapult|Dragapult, L50, M|100\/100\n|switch|p2a: Lycanroc|Lycanroc, L50, F|100\/100\n|switch|p2b: Tyranitar|Tyranitar, L50, F|100\/100\n|-weather|Sandstorm|[from] ability: Sand Stream|[of] p2b: Tyranitar\n|turn|1\n|j| Prankster is BS\n|\n|t:|1683577045\n|move|p1b: Dragapult|Protect|p1b: Dragapult\n|-singleturn|p1b: Dragapult|Protect\n|move|p2a: Lycanroc|Rock Slide|p1b: Dragapult|[spread] p1a\n|-activate|p1b: Dragapult|move: Protect\n|-damage|p1a: Corviknight|78\/100\n|move|p1a: Corviknight|Tailwind|p1a: Corviknight\n|-sidestart|p1: tatsugirl i~|move: Tailwind\n|move|p2b: Tyranitar|Assurance|p1b: Dragapult\n|-activate|p1b: Dragapult|move: Protect\n|\n|-weather|Sandstorm|[upkeep]\n|-damage|p1b: Dragapult|95\/100|[from] Sandstorm\n|upkeep\n|turn|2\n|\n|t:|1683577063\n|move|p1b: Dragapult|Will-O-Wisp|p2b: Tyranitar|[miss]\n|-miss|p1b: Dragapult|p2b: Tyranitar\n|move|p2a: Lycanroc|Rock Slide|p1a: Corviknight|[spread] p1a\n|-miss|p2a: Lycanroc|p1b: Dragapult\n|-damage|p1a: Corviknight|55\/100\n|move|p1a: Corviknight|Iron Head|p2b: Tyranitar\n|-supereffective|p2b: Tyranitar\n|-damage|p2b: Tyranitar|60\/100\n|move|p2b: Tyranitar|Assurance|p1b: Dragapult\n|-supereffective|p1b: Dragapult\n|-damage|p1b: Dragapult|16\/100\n|\n|-weather|Sandstorm|[upkeep]\n|-damage|p1b: Dragapult|11\/100|[from] Sandstorm\n|upkeep\n|turn|3\n|\n|t:|1683577082\n|switch|p2b: Garchomp|Garchomp, L50, F|100\/100\n|move|p1b: Dragapult|Dragon Darts|p2a: Lycanroc\n|-damage|p2a: Lycanroc|42\/100\n|-anim|p1b: Dragapult|Dragon Darts|p2b: Garchomp\n|-supereffective|p2b: Garchomp\n|-damage|p2b: Garchomp|46\/100\n|-damage|p1b: Dragapult|1\/100|[from] item: Life Orb\n|move|p2a: Lycanroc|Rock Slide|p1a: Corviknight|[spread] p1b\n|-miss|p2a: Lycanroc|p1a: Corviknight\n|-damage|p1b: Dragapult|0 fnt\n|faint|p1b: Dragapult\n|move|p1a: Corviknight|Iron Head|p2a: Lycanroc\n|-supereffective|p2a: Lycanroc\n|-damage|p2a: Lycanroc|0 fnt\n|faint|p2a: Lycanroc\n|\n|-weather|Sandstorm|[upkeep]\n|-heal|p2b: Garchomp|52\/100|[from] item: Leftovers\n|upkeep\n|j| SlowHomie\n|\n|t:|1683577097\n|switch|p1b: Flutter Mane|Flutter Mane, L50|100\/100\n|switch|p2a: Flutter Mane|Flutter Mane, L50|100\/100\n|turn|4\n|l| SlowHomie\n|\n|t:|1683577118\n|-terastallize|p1b: Flutter Mane|Fairy\n|-terastallize|p2b: Garchomp|Steel\n|move|p2a: Flutter Mane|Protect|p2a: Flutter Mane\n|-singleturn|p2a: Flutter Mane|Protect\n|move|p1b: Flutter Mane|Dazzling Gleam|p2b: Garchomp|[spread] p2b\n|-activate|p2a: Flutter Mane|move: Protect\n|-resisted|p2b: Garchomp\n|-damage|p2b: Garchomp|20\/100\n|move|p1a: Corviknight|Roost|p1a: Corviknight\n|-heal|p1a: Corviknight|100\/100\n|-singleturn|p1a: Corviknight|move: Roost\n|move|p2b: Garchomp|Substitute|p2b: Garchomp\n|-fail|p2b: Garchomp|move: Substitute|[weak]\n|\n|-weather|Sandstorm|[upkeep]\n|-damage|p1b: Flutter Mane|95\/100|[from] Sandstorm\n|-damage|p2a: Flutter Mane|95\/100|[from] Sandstorm\n|-heal|p2b: Garchomp|25\/100|[from] item: Leftovers\n|-sideend|p1: tatsugirl i~|move: Tailwind\n|upkeep\n|turn|5\n|\n|t:|1683577136\n|move|p2a: Flutter Mane|Moonblast|p1b: Flutter Mane\n|-damage|p1b: Flutter Mane|24\/100\n|-unboost|p1b: Flutter Mane|spa|1\n|-damage|p2a: Flutter Mane|85\/100|[from] item: Life Orb\n|move|p1b: Flutter Mane|Dazzling Gleam|p2b: Garchomp|[spread] p2a,p2b\n|-resisted|p2b: Garchomp\n|-damage|p2a: Flutter Mane|47\/100\n|-damage|p2b: Garchomp|3\/100\n|move|p2b: Garchomp|Earthquake|p1b: Flutter Mane|[spread] p2a,p1b\n|-immune|p1a: Corviknight\n|-damage|p2a: Flutter Mane|0 fnt\n|-damage|p1b: Flutter Mane|0 fnt\n|faint|p2a: Flutter Mane\n|-end|p2a: Flutter Mane|Protosynthesis|[silent]\n|faint|p1b: Flutter Mane\n|-end|p1b: Flutter Mane|Protosynthesis|[silent]\n|move|p1a: Corviknight|Iron Head|p2b: Garchomp\n|-resisted|p2b: Garchomp\n|-damage|p2b: Garchomp|0 fnt\n|faint|p2b: Garchomp\n|\n|-weather|none\n|upkeep\n|\n|t:|1683577151\n|switch|p2a: Tyranitar|Tyranitar, L50, F|60\/100\n|switch|p1b: Chi-Yu|Chi-Yu, L50|100\/100\n|-ability|p1b: Chi-Yu|Beads of Ruin\n|-weather|Sandstorm|[from] ability: Sand Stream|[of] p2a: Tyranitar\n|turn|6\n|\n|t:|1683577156\n|move|p1b: Chi-Yu|Dark Pulse|p2a: Tyranitar\n|-resisted|p2a: Tyranitar\n|-damage|p2a: Tyranitar|53\/100\n|move|p1a: Corviknight|Iron Head|p2a: Tyranitar\n|-supereffective|p2a: Tyranitar\n|-damage|p2a: Tyranitar|13\/100\n|move|p2a: Tyranitar|Rock Slide|p1b: Chi-Yu|[spread] p1a,p1b\n|-supereffective|p1b: Chi-Yu\n|-damage|p1a: Corviknight|76\/100\n|-damage|p1b: Chi-Yu|38\/100\n|\n|-weather|Sandstorm|[upkeep]\n|-damage|p1b: Chi-Yu|31\/100|[from] Sandstorm\n|upkeep\n|turn|7\n|\n|t:|1683577164\n|move|p1b: Chi-Yu|Dark Pulse|p2a: Tyranitar\n|-resisted|p2a: Tyranitar\n|-damage|p2a: Tyranitar|6\/100\n|move|p1a: Corviknight|Iron Head|p2a: Tyranitar\n|-supereffective|p2a: Tyranitar\n|-crit|p2a: Tyranitar\n|-damage|p2a: Tyranitar|0 fnt\n|faint|p2a: Tyranitar\n|\n|win|tatsugirl i~\n|n|\u2606tatsugirl i~|tatsugirli\n|n|\u2606rina slaywayama|rinaslaywayama\n|n| Radio Free C-Side|radiofreecside\n|n| firemind12|firemind12\n|n| Prankster is BS|pranksterisbs\n","uploadtime":1683577165,"views":8,"p1id":"tatsugirli","p2id":"rinaslaywayama","formatid":"gen9vgc2023regulationc","rating":0,"private":0,"password":""}