{"id":"gen9vgc2023regulationc-1856635345","p1":"Roshu","p2":"taro14","format":"[Gen 9] VGC 2023 Regulation C","log":"|j|\u2606Roshu\n|j|\u2606taro14\n|t:|1683085716\n|gametype|doubles\n|player|p1|Roshu|morty-masters2|1301\n|player|p2|taro14|dawn|1406\n|teamsize|p1|6\n|teamsize|p2|6\n|gen|9\n|tier|[Gen 9] VGC 2023 Regulation C\n|rated|\n|rule|Species Clause: Limit one of each Pok\u00e9mon\n|rule|Item Clause: Limit one of each item\n|clearpoke\n|poke|p1|Orthworm, L50, M|\n|poke|p1|Garchomp, L50, M|\n|poke|p1|Hippowdon, L50, F|\n|poke|p1|Toedscruel, L50, M|\n|poke|p1|Gastrodon-East, L50, M|\n|poke|p1|Ting-Lu, L50|\n|poke|p2|Dondozo, L50, M|\n|poke|p2|Tatsugiri, L50, F|\n|poke|p2|Flutter Mane, L50|\n|poke|p2|Arcanine, L50, F|\n|poke|p2|Dragonite, L50, F|\n|poke|p2|Kingambit, L50, F|\n|teampreview|4\n|inactive|Battle timer is ON: inactive players will automatically lose when time's up. (requested by Roshu)\n|inactive|taro14 has 60 seconds left.\n|\n|t:|1683085747\n|start\n|switch|p1a: MC|Garchomp, L50, M|100\/100\n|switch|p1b: Shiny|Hippowdon, L50, F|100\/100\n|switch|p2a: Kingambit|Kingambit, L50, F|100\/100\n|switch|p2b: Arcanine|Arcanine, L50, F|100\/100\n|-ability|p2b: Arcanine|Intimidate|boost\n|-unboost|p1a: MC|atk|1\n|-unboost|p1b: Shiny|atk|1\n|-weather|Sandstorm|[from] ability: Sand Stream|[of] p1b: Shiny\n|turn|1\n|inactive|Roshu has 30 seconds left.\n|\n|t:|1683085776\n|switch|p2b: Dragonite|Dragonite, L50, F|100\/100\n|move|p1a: MC|Swords Dance|p1a: MC\n|-boost|p1a: MC|atk|2\n|move|p2a: Kingambit|Kowtow Cleave|p1a: MC\n|-damage|p1a: MC|51\/100\n|move|p1b: Shiny|Yawn|p2b: Dragonite\n|-start|p2b: Dragonite|move: Yawn|[of] p1b: Shiny\n|\n|-weather|Sandstorm|[upkeep]\n|-damage|p2b: Dragonite|95\/100|[from] Sandstorm\n|upkeep\n|turn|2\n|inactive|taro14 has 30 seconds left.\n|\n|t:|1683085802\n|switch|p2b: Arcanine|Arcanine, L50, F|100\/100\n|-ability|p2b: Arcanine|Intimidate|boost\n|-unboost|p1a: MC|atk|1\n|-unboost|p1b: Shiny|atk|1\n|-terastallize|p2a: Kingambit|Dark\n|move|p1a: MC|Protect|p1a: MC\n|-singleturn|p1a: MC|Protect\n|move|p2a: Kingambit|Sucker Punch||[still]\n|-fail|p2a: Kingambit\n|move|p1b: Shiny|Yawn|p2a: Kingambit\n|-start|p2a: Kingambit|move: Yawn|[of] p1b: Shiny\n|\n|-weather|Sandstorm|[upkeep]\n|-damage|p2a: Kingambit|95\/100|[from] Sandstorm\n|upkeep\n|turn|3\n|\n|t:|1683085823\n|switch|p1a: Brazil|Gastrodon-East, L50, M|100\/100\n|switch|p2a: Dragonite|Dragonite, L50, F|95\/100\n|move|p2b: Arcanine|Flare Blitz|p1b: Shiny\n|-damage|p1b: Shiny|69\/100\n|-damage|p2b: Arcanine|89\/100|[from] Recoil\n|move|p1b: Shiny|Stomping Tantrum|p2b: Arcanine\n|-supereffective|p2b: Arcanine\n|-damage|p2b: Arcanine|58\/100\n|\n|-weather|Sandstorm|[upkeep]\n|-damage|p2a: Dragonite|89\/100|[from] Sandstorm\n|upkeep\n|turn|4\n|\n|t:|1683085843\n|switch|p2b: Kingambit|Kingambit, L50, F, tera:Dark|95\/100\n|move|p2a: Dragonite|Extreme Speed|p1a: Brazil\n|-damage|p1a: Brazil|67\/100\n|move|p1b: Shiny|Yawn|p2a: Dragonite\n|-start|p2a: Dragonite|move: Yawn|[of] p1b: Shiny\n|move|p1a: Brazil|Muddy Water|p2a: Dragonite|[spread] p2a,p2b\n|-resisted|p2a: Dragonite\n|-damage|p2a: Dragonite|74\/100\n|-damage|p2b: Kingambit|77\/100\n|-unboost|p2a: Dragonite|accuracy|1\n|\n|-weather|Sandstorm|[upkeep]\n|-damage|p2a: Dragonite|68\/100|[from] Sandstorm\n|-damage|p2b: Kingambit|71\/100|[from] Sandstorm\n|upkeep\n|turn|5\n|\n|t:|1683085863\n|switch|p2a: Flutter Mane|Flutter Mane, L50|100\/100\n|move|p2b: Kingambit|Kowtow Cleave|p1a: Brazil\n|-damage|p1a: Brazil|0 fnt\n|faint|p1a: Brazil\n|move|p1b: Shiny|Yawn|p2b: Kingambit\n|-start|p2b: Kingambit|move: Yawn|[of] p1b: Shiny\n|\n|-weather|Sandstorm|[upkeep]\n|-damage|p2a: Flutter Mane|95\/100|[from] Sandstorm\n|-damage|p2b: Kingambit|65\/100|[from] Sandstorm\n|upkeep\n|\n|t:|1683085874\n|switch|p1a: Hi|Toedscruel, L50, M|100\/100\n|turn|6\n|\n|t:|1683085884\n|switch|p2b: Arcanine|Arcanine, L50, F|58\/100\n|-ability|p2b: Arcanine|Intimidate|boost\n|-unboost|p1a: Hi|atk|1\n|-unboost|p1b: Shiny|atk|1\n|move|p2a: Flutter Mane|Dazzling Gleam|p1a: Hi|[spread] p1a,p1b\n|-damage|p1a: Hi|71\/100\n|-damage|p1b: Shiny|31\/100\n|-damage|p2a: Flutter Mane|85\/100|[from] item: Life Orb\n|move|p1b: Shiny|Yawn|p2b: Arcanine\n|-start|p2b: Arcanine|move: Yawn|[of] p1b: Shiny\n|move|p1a: Hi|Spore|p2a: Flutter Mane\n|-status|p2a: Flutter Mane|slp|[from] move: Spore\n|\n|-weather|Sandstorm|[upkeep]\n|-damage|p2a: Flutter Mane|80\/100 slp|[from] Sandstorm\n|-heal|p1a: Hi|77\/100|[from] item: Leftovers\n|upkeep\n|turn|7\n|\n|t:|1683085907\n|cant|p2a: Flutter Mane|slp\n|move|p2b: Arcanine|Flare Blitz|p1a: Hi\n|-supereffective|p1a: Hi\n|-damage|p1a: Hi|0 fnt\n|faint|p1a: Hi\n|-damage|p2b: Arcanine|34\/100|[from] Recoil\n|move|p1b: Shiny|Heavy Slam|p2a: Flutter Mane\n|-supereffective|p2a: Flutter Mane\n|-damage|p2a: Flutter Mane|28\/100 slp\n|\n|-weather|Sandstorm|[upkeep]\n|-damage|p2a: Flutter Mane|22\/100 slp|[from] Sandstorm\n|-end|p2b: Arcanine|move: Yawn|[silent]\n|-status|p2b: Arcanine|slp\n|upkeep\n|\n|t:|1683085912\n|switch|p1a: MC|Garchomp, L50, M|51\/100\n|turn|8\n|\n|t:|1683085928\n|-terastallize|p1a: MC|Rock\n|cant|p2a: Flutter Mane|slp\n|move|p1a: MC|Swords Dance|p1a: MC\n|-boost|p1a: MC|atk|2\n|cant|p2b: Arcanine|slp\n|move|p1b: Shiny|Heavy Slam|p2a: Flutter Mane\n|-supereffective|p2a: Flutter Mane\n|-damage|p2a: Flutter Mane|0 fnt\n|faint|p2a: Flutter Mane\n|-end|p2a: Flutter Mane|Protosynthesis|[silent]\n|\n|-weather|none\n|upkeep\n|\n|t:|1683085944\n|switch|p2a: Kingambit|Kingambit, L50, F, tera:Dark|65\/100\n|turn|9\n|\n|t:|1683085959\n|-curestatus|p2b: Arcanine|slp|[msg]\n|move|p2b: Arcanine|Helping Hand|p2a: Kingambit\n|-singleturn|p2a: Kingambit|Helping Hand|[of] p2b: Arcanine\n|move|p2a: Kingambit|Sucker Punch||[still]\n|-fail|p2a: Kingambit\n|move|p1a: MC|Swords Dance|p1a: MC\n|-boost|p1a: MC|atk|2\n|move|p1b: Shiny|Yawn|p2a: Kingambit\n|-start|p2a: Kingambit|move: Yawn|[of] p1b: Shiny\n|\n|upkeep\n|turn|10\n|\n|t:|1683085980\n|move|p1a: MC|Protect|p1a: MC\n|-singleturn|p1a: MC|Protect\n|move|p1b: Shiny|Protect|p1b: Shiny\n|-singleturn|p1b: Shiny|Protect\n|move|p2b: Arcanine|Flare Blitz|p1b: Shiny\n|-activate|p1b: Shiny|move: Protect\n|move|p2a: Kingambit|Kowtow Cleave|p1a: MC\n|-activate|p1a: MC|move: Protect\n|\n|-end|p2a: Kingambit|move: Yawn|[silent]\n|-status|p2a: Kingambit|slp\n|upkeep\n|turn|11\n|\n|t:|1683086004\n|move|p2b: Arcanine|Protect|p2b: Arcanine\n|-singleturn|p2b: Arcanine|Protect\n|cant|p2a: Kingambit|slp\n|move|p1a: MC|Rock Slide|p2a: Kingambit|[spread] p2a\n|-activate|p2b: Arcanine|move: Protect\n|-damage|p2a: Kingambit|0 fnt\n|faint|p2a: Kingambit\n|move|p1b: Shiny|Yawn|p2b: Arcanine\n|-activate|p2b: Arcanine|move: Protect\n|\n|upkeep\n|\n|t:|1683086017\n|switch|p2a: Dragonite|Dragonite, L50, F|68\/100\n|turn|12\n|\n|t:|1683086026\n|move|p1a: MC|Rock Slide|p2b: Arcanine|[spread] p2a,p2b\n|-supereffective|p2a: Dragonite\n|-supereffective|p2b: Arcanine\n|-damage|p2a: Dragonite|0 fnt\n|-damage|p2b: Arcanine|0 fnt\n|faint|p2a: Dragonite\n|faint|p2b: Arcanine\n|\n|win|Roshu\n|raw|Roshu's rating: 1301 → 1327<\/strong> (+26 for winning)\n|raw|taro14's rating: 1406 → 1380<\/strong> (-26 for losing)\n|c|\u2606Roshu|gg\n|l|\u2606taro14\n","uploadtime":1683086038,"views":7,"p1id":"roshu","p2id":"taro14","formatid":"gen9vgc2023regulationc","rating":1327,"private":0,"password":""}