{"id":"gen9vgc2023regulationc-1849868489","p1":"hair bucket","p2":"BlindMagneton","format":"[Gen 9] VGC 2023 Regulation C","log":"|j|\u2606hair bucket\n|j|\u2606BlindMagneton\n|t:|1682262559\n|gametype|doubles\n|player|p1|hair bucket|steven-masters|1233\n|player|p2|BlindMagneton|wattson|1293\n|teamsize|p1|6\n|teamsize|p2|6\n|gen|9\n|tier|[Gen 9] VGC 2023 Regulation C\n|rated|\n|rule|Species Clause: Limit one of each Pok\u00e9mon\n|rule|Item Clause: Limit one of each item\n|clearpoke\n|poke|p1|Glimmora, L50, F|\n|poke|p1|Palafin, L50, F|\n|poke|p1|Annihilape, L50, M|\n|poke|p1|Flutter Mane, L50|\n|poke|p1|Chien-Pao, L50|\n|poke|p1|Ting-Lu, L50|\n|poke|p2|Iron Valiant, L50|\n|poke|p2|Wo-Chien, L50|\n|poke|p2|Maushold, L50|\n|poke|p2|Grimmsnarl, L50, M|\n|poke|p2|Chien-Pao, L50|\n|poke|p2|Dragapult, L50, F|\n|teampreview|4\n|\n|t:|1682262631\n|start\n|switch|p1a: Glimmora|Glimmora, L50, F, shiny|100\/100\n|switch|p1b: Chien-Pao|Chien-Pao, L50|100\/100\n|switch|p2a: Dragapult|Dragapult, L50, F|100\/100\n|switch|p2b: Grimmsnarl|Grimmsnarl, L50, M|100\/100\n|-ability|p1b: Chien-Pao|Sword of Ruin\n|turn|1\n|\n|t:|1682262662\n|-terastallize|p2a: Dragapult|Fairy\n|move|p1b: Chien-Pao|Protect|p1b: Chien-Pao\n|-singleturn|p1b: Chien-Pao|Protect\n|move|p2a: Dragapult|Phantom Force||[still]\n|-prepare|p2a: Dragapult|Phantom Force\n|move|p1a: Glimmora|Mortal Spin|p2b: Grimmsnarl|[spread] p2b\n|-miss|p1a: Glimmora|p2a: Dragapult\n|-supereffective|p2b: Grimmsnarl\n|-damage|p2b: Grimmsnarl|85\/100\n|-status|p2b: Grimmsnarl|psn\n|move|p2b: Grimmsnarl|Drain Punch|p1b: Chien-Pao\n|-activate|p1b: Chien-Pao|move: Protect\n|\n|-damage|p2b: Grimmsnarl|73\/100 psn|[from] psn\n|upkeep\n|turn|2\n|\n|t:|1682262682\n|move|p2b: Grimmsnarl|Swagger|p1a: Glimmora\n|-boost|p1a: Glimmora|atk|2\n|-enditem|p2a: Dragapult|Mirror Herb\n|-boost|p2a: Dragapult|atk|2|[from] item: Mirror Herb\n|-start|p1a: Glimmora|confusion\n|move|p2a: Dragapult|Phantom Force|p1a: Glimmora|[from]lockedmove\n|-damage|p1a: Glimmora|0 fnt\n|-activate|p1a: Glimmora|ability: Toxic Debris\n|-sidestart|p2: BlindMagneton|move: Toxic Spikes\n|faint|p1a: Glimmora\n|move|p1b: Chien-Pao|Ice Spinner|p2b: Grimmsnarl\n|-damage|p2b: Grimmsnarl|0 fnt\n|faint|p2b: Grimmsnarl\n|-damage|p1b: Chien-Pao|91\/100|[from] item: Life Orb\n|\n|upkeep\n|\n|t:|1682262712\n|switch|p1a: Ting-Lu|Ting-Lu, L50|100\/100\n|switch|p2b: Iron Valiant|Iron Valiant, L50|100\/100\n|-status|p2b: Iron Valiant|psn\n|-ability|p1a: Ting-Lu|Vessel of Ruin\n|-enditem|p2b: Iron Valiant|Booster Energy\n|-activate|p2b: Iron Valiant|ability: Quark Drive|[fromitem]\n|-start|p2b: Iron Valiant|quarkdrivespe\n|turn|3\n|\n|t:|1682262744\n|move|p1b: Chien-Pao|Protect|p1b: Chien-Pao\n|-singleturn|p1b: Chien-Pao|Protect\n|move|p2b: Iron Valiant|Dazzling Gleam|p1a: Ting-Lu|[spread] p1a\n|-activate|p1b: Chien-Pao|move: Protect\n|-supereffective|p1a: Ting-Lu\n|-damage|p1a: Ting-Lu|82\/100\n|move|p2a: Dragapult|Will-O-Wisp|p1a: Ting-Lu\n|-status|p1a: Ting-Lu|brn\n|move|p1a: Ting-Lu|Ruination|p2b: Iron Valiant\n|-damage|p2b: Iron Valiant|51\/100 psn\n|\n|-damage|p2b: Iron Valiant|39\/100 psn|[from] psn\n|-damage|p1a: Ting-Lu|76\/100 brn|[from] brn\n|upkeep\n|turn|4\n|\n|t:|1682262769\n|-terastallize|p1a: Ting-Lu|Water\n|move|p2b: Iron Valiant|Drain Punch|p1b: Chien-Pao\n|-supereffective|p1b: Chien-Pao\n|-damage|p1b: Chien-Pao|0 fnt\n|-heal|p2b: Iron Valiant|86\/100 psn|[from] drain|[of] p1b: Chien-Pao\n|faint|p1b: Chien-Pao\n|move|p2a: Dragapult|Acrobatics|p1a: Ting-Lu\n|-damage|p1a: Ting-Lu|34\/100 brn\n|move|p1a: Ting-Lu|Stomping Tantrum|p2b: Iron Valiant\n|-damage|p2b: Iron Valiant|64\/100 psn\n|\n|-damage|p2b: Iron Valiant|52\/100 psn|[from] psn\n|-damage|p1a: Ting-Lu|28\/100 brn|[from] brn\n|upkeep\n|\n|t:|1682262775\n|switch|p1b: Annihilape|Annihilape, L50, M|100\/100\n|turn|5\n|\n|t:|1682262810\n|move|p1b: Annihilape|Protect|p1b: Annihilape\n|-singleturn|p1b: Annihilape|Protect\n|move|p2b: Iron Valiant|Dazzling Gleam|p1b: Annihilape|[spread] p1a\n|-activate|p1b: Annihilape|move: Protect\n|-damage|p1a: Ting-Lu|18\/100 brn\n|move|p2a: Dragapult|Acrobatics|p1b: Annihilape\n|-activate|p1b: Annihilape|move: Protect\n|move|p1a: Ting-Lu|Fissure|p2a: Dragapult|[miss]\n|-miss|p1a: Ting-Lu|p2a: Dragapult\n|\n|-damage|p2b: Iron Valiant|39\/100 psn|[from] psn\n|-damage|p1a: Ting-Lu|12\/100 brn|[from] brn\n|upkeep\n|turn|6\n|\n|t:|1682262837\n|move|p2b: Iron Valiant|Moonblast|p1b: Annihilape\n|-supereffective|p1b: Annihilape\n|-damage|p1b: Annihilape|45\/100\n|move|p2a: Dragapult|Dragon Darts|p1a: Ting-Lu\n|-crit|p1a: Ting-Lu\n|-damage|p1a: Ting-Lu|0 fnt\n|-anim|p2a: Dragapult|Dragon Darts|p1b: Annihilape\n|-damage|p1b: Annihilape|0 fnt\n|faint|p1a: Ting-Lu\n|faint|p1b: Annihilape\n|\n|win|BlindMagneton\n|raw|hair bucket's rating: 1233 → 1212<\/strong> (-21 for losing)\n|raw|BlindMagneton's rating: 1293 → 1314<\/strong> (+21 for winning)\n","uploadtime":1682262848,"views":9,"p1id":"hairbucket","p2id":"blindmagneton","formatid":"gen9vgc2023regulationc","rating":1212,"private":0,"password":""}