{"id":"gen9vgc2023regulationc-1848026310","p1":"eldelpoliwhirl","p2":"don drapion","format":"[Gen 9] VGC 2023 Regulation C","log":"|j|\u2606eldelpoliwhirl\n|j|\u2606don drapion\n|t:|1682021908\n|gametype|doubles\n|player|p1|eldelpoliwhirl|169|1199\n|player|p2|don drapion|265|1309\n|teamsize|p1|6\n|teamsize|p2|6\n|gen|9\n|tier|[Gen 9] VGC 2023 Regulation C\n|rated|\n|rule|Species Clause: Limit one of each Pok\u00e9mon\n|rule|Item Clause: Limit one of each item\n|clearpoke\n|poke|p1|Baxcalibur, L50, M|\n|poke|p1|Palafin, L50, M|\n|poke|p1|Arcanine, L50, M|\n|poke|p1|Flutter Mane, L50|\n|poke|p1|Ting-Lu, L50|\n|poke|p1|Amoonguss, L50, M|\n|poke|p2|Sylveon, L50, M|\n|poke|p2|Glimmora, L50, M|\n|poke|p2|Scizor, L50, F|\n|poke|p2|Pawmot, L50, M|\n|poke|p2|Iron Jugulis, L50|\n|poke|p2|Ceruledge, L50, F|\n|teampreview|4\n|inactive|Battle timer is ON: inactive players will automatically lose when time's up. (requested by eldelpoliwhirl)\ndon drapion rejected open team sheets.\n|\n|t:|1682021932\n|start\n|switch|p1a: Baxcalibur|Baxcalibur, L50, M|100\/100\n|switch|p1b: Amoonguss|Amoonguss, L50, M|100\/100\n|switch|p2a: Sylveon|Sylveon, L50, M|100\/100\n|switch|p2b: Glimmora|Glimmora, L50, M|100\/100\n|turn|1\n|inactive|don drapion has 30 seconds left.\n|inactive|eldelpoliwhirl has 30 seconds left.\n|\n|t:|1682021965\n|-terastallize|p1a: Baxcalibur|Poison\n|move|p2a: Sylveon|Protect|p2a: Sylveon\n|-singleturn|p2a: Sylveon|Protect\n|move|p1a: Baxcalibur|Dragon Dance|p1a: Baxcalibur\n|-boost|p1a: Baxcalibur|atk|1\n|-boost|p1a: Baxcalibur|spe|1\n|move|p2b: Glimmora|Sludge Bomb|p1b: Amoonguss\n|-damage|p1b: Amoonguss|56\/100\n|move|p1b: Amoonguss|Spore|p2b: Glimmora\n|-status|p2b: Glimmora|slp|[from] move: Spore\n|\n|upkeep\n|turn|2\n|inactive|eldelpoliwhirl has 30 seconds left.\n|\n|t:|1682021991\n|switch|p2b: Scizor|Scizor, L50, F|100\/100\n|move|p1a: Baxcalibur|Dragon Dance|p1a: Baxcalibur\n|-boost|p1a: Baxcalibur|atk|1\n|-boost|p1a: Baxcalibur|spe|1\n|move|p2a: Sylveon|Yawn|p1a: Baxcalibur\n|-start|p1a: Baxcalibur|move: Yawn|[of] p2a: Sylveon\n|move|p1b: Amoonguss|Spore|p2a: Sylveon\n|-status|p2a: Sylveon|slp|[from] move: Spore\n|\n|upkeep\n|turn|3\n|inactive|don drapion has 30 seconds left.\n|\n|t:|1682022020\n|move|p1b: Amoonguss|Rage Powder|p1b: Amoonguss\n|-singleturn|p1b: Amoonguss|move: Rage Powder\n|move|p1a: Baxcalibur|Glaive Rush|p2b: Scizor\n|-resisted|p2b: Scizor\n|-damage|p2b: Scizor|24\/100\n|-singlemove|p1a: Baxcalibur|Glaive Rush|[silent]\n|move|p2b: Scizor|Pounce|p1b: Amoonguss\n|-damage|p1b: Amoonguss|23\/100\n|-unboost|p1b: Amoonguss|spe|1\n|-enditem|p1b: Amoonguss|Sitrus Berry|[eat]\n|-heal|p1b: Amoonguss|48\/100|[from] item: Sitrus Berry\n|cant|p2a: Sylveon|slp\n|\n|-end|p1a: Baxcalibur|move: Yawn|[silent]\n|-status|p1a: Baxcalibur|slp\n|upkeep\n|turn|4\n|inactive|eldelpoliwhirl has 30 seconds left.\n|inactive|don drapion has 30 seconds left.\n|\n|t:|1682022047\n|switch|p1b: Ting-Lu|Ting-Lu, L50|100\/100\n|-ability|p1b: Ting-Lu|Vessel of Ruin\n|move|p2b: Scizor|Bullet Punch|p1a: Baxcalibur\n|-damage|p1a: Baxcalibur|37\/100 slp\n|cant|p1a: Baxcalibur|slp\n|cant|p2a: Sylveon|slp\n|\n|upkeep\n|turn|5\n|inactive|don drapion has 30 seconds left.\n|\n|t:|1682022081\n|-curestatus|p1a: Baxcalibur|slp|[msg]\n|move|p1a: Baxcalibur|Protect|p1a: Baxcalibur\n|-singleturn|p1a: Baxcalibur|Protect\n|move|p2b: Scizor|Bullet Punch|p1a: Baxcalibur\n|-activate|p1a: Baxcalibur|move: Protect\n|-curestatus|p2a: Sylveon|slp|[msg]\n|move|p2a: Sylveon|Hyper Voice|p1b: Ting-Lu|[spread] p1b\n|-activate|p1a: Baxcalibur|move: Protect\n|-supereffective|p1b: Ting-Lu\n|-damage|p1b: Ting-Lu|81\/100\n|move|p1b: Ting-Lu|Stomping Tantrum|p2b: Scizor\n|-damage|p2b: Scizor|0 fnt\n|faint|p2b: Scizor\n|\n|upkeep\n|\n|t:|1682022095\n|switch|p2b: Pawmot|Pawmot, L50, M|100\/100\n|turn|6\n|\n|t:|1682022113\n|-terastallize|p2a: Sylveon|Ground\n|move|p2b: Pawmot|Fake Out|p1a: Baxcalibur\n|-damage|p1a: Baxcalibur|24\/100\n|cant|p1a: Baxcalibur|flinch\n|move|p2a: Sylveon|Tera Blast|p1a: Baxcalibur\n|-supereffective|p1a: Baxcalibur\n|-damage|p1a: Baxcalibur|0 fnt\n|faint|p1a: Baxcalibur\n|move|p1b: Ting-Lu|Heavy Slam|p2a: Sylveon\n|-damage|p2a: Sylveon|70\/100\n|\n|upkeep\n|\n|t:|1682022127\n|switch|p1a: Flutter Mane|Flutter Mane, L50|100\/100\n|turn|7\n|inactive|don drapion has 30 seconds left.\n|inactive|don drapion has 20 seconds left.\n|inactive|don drapion has 15 seconds left.\n|inactive|don drapion has 10 seconds left.\n|\n|t:|1682022176\n|move|p1a: Flutter Mane|Dazzling Gleam|p2b: Pawmot|[spread] p2a,p2b\n|-supereffective|p2b: Pawmot\n|-damage|p2a: Sylveon|49\/100\n|-enditem|p2b: Pawmot|Focus Sash\n|-damage|p2b: Pawmot|1\/100\n|-enditem|p2a: Sylveon|Sitrus Berry|[eat]\n|-heal|p2a: Sylveon|74\/100|[from] item: Sitrus Berry\n|move|p2b: Pawmot|Revival Blessing|p2b: Pawmot\n|\n|t:|1682022187\n|-heal|p2: Scizor|50\/100|[from] move: Revival Blessing\n|move|p2a: Sylveon|Yawn|p1b: Ting-Lu\n|-start|p1b: Ting-Lu|move: Yawn|[of] p2a: Sylveon\n|move|p1b: Ting-Lu|Stomping Tantrum|p2a: Sylveon\n|-damage|p2a: Sylveon|50\/100\n|\n|upkeep\n|turn|8\n|inactive|don drapion has 30 seconds left.\n|\n|t:|1682022221\n|switch|p1b: Amoonguss|Amoonguss, L50, M|81\/100\n|move|p1a: Flutter Mane|Dazzling Gleam|p2b: Pawmot|[spread] p2a,p2b\n|-supereffective|p2b: Pawmot\n|-damage|p2a: Sylveon|19\/100\n|-damage|p2b: Pawmot|0 fnt\n|faint|p2b: Pawmot\n|move|p2a: Sylveon|Yawn|p1a: Flutter Mane\n|-start|p1a: Flutter Mane|move: Yawn|[of] p2a: Sylveon\n|\n|upkeep\n|\n|t:|1682022231\n|switch|p2b: Glimmora|Glimmora, L50, M|100\/100 slp\n|turn|9\n|\n|t:|1682022249\n|-end|p1a: Flutter Mane|Protosynthesis|[silent]\n|switch|p1a: Ting-Lu|Ting-Lu, L50|81\/100\n|-ability|p1a: Ting-Lu|Vessel of Ruin\n|cant|p2b: Glimmora|slp\n|move|p2a: Sylveon|Hyper Voice|p1b: Amoonguss|[spread] p1a,p1b\n|-supereffective|p1a: Ting-Lu\n|-resisted|p1b: Amoonguss\n|-damage|p1a: Ting-Lu|60\/100\n|-damage|p1b: Amoonguss|70\/100\n|move|p1b: Amoonguss|Spore|p2a: Sylveon\n|-status|p2a: Sylveon|slp|[from] move: Spore\n|\n|upkeep\n|turn|10\n|\n|t:|1682022272\n|cant|p2b: Glimmora|slp\n|cant|p2a: Sylveon|slp\n|move|p1a: Ting-Lu|Stomping Tantrum|p2b: Glimmora\n|-supereffective|p2b: Glimmora\n|-damage|p2b: Glimmora|0 fnt\n|-activate|p2b: Glimmora|ability: Toxic Debris\n|-sidestart|p1: eldelpoliwhirl|move: Toxic Spikes\n|faint|p2b: Glimmora\n|move|p1b: Amoonguss|Pollen Puff|p2a: Sylveon\n|-damage|p2a: Sylveon|9\/100 slp\n|\n|upkeep\n|\n|t:|1682022293\n|switch|p2b: Scizor|Scizor, L50, F|50\/100\n|turn|11\n|\n|t:|1682022304\n|move|p1b: Amoonguss|Rage Powder|p1b: Amoonguss\n|-singleturn|p1b: Amoonguss|move: Rage Powder\n|move|p2b: Scizor|Close Combat|p1b: Amoonguss\n|-resisted|p1b: Amoonguss\n|-damage|p1b: Amoonguss|54\/100\n|-unboost|p2b: Scizor|def|1\n|-unboost|p2b: Scizor|spd|1\n|-curestatus|p2a: Sylveon|slp|[msg]\n|move|p2a: Sylveon|Hyper Voice|p1a: Ting-Lu|[spread] p1a,p1b\n|-supereffective|p1a: Ting-Lu\n|-resisted|p1b: Amoonguss\n|-damage|p1a: Ting-Lu|39\/100\n|-damage|p1b: Amoonguss|43\/100\n|move|p1a: Ting-Lu|Stomping Tantrum|p2a: Sylveon\n|-damage|p2a: Sylveon|0 fnt\n|faint|p2a: Sylveon\n|\n|upkeep\n|turn|12\n|-message|don drapion forfeited.\n|\n|win|eldelpoliwhirl\n|raw|eldelpoliwhirl's rating: 1199 → 1232<\/strong> (+33 for winning)\n|raw|don drapion's rating: 1309 → 1283<\/strong> (-26 for losing)\n|l|\u2606don drapion\n|c|\u2606eldelpoliwhirl|Gg\n","uploadtime":1682022540,"views":13,"p1id":"eldelpoliwhirl","p2id":"dondrapion","formatid":"gen9vgc2023regulationc","rating":1232,"private":0,"password":""}