{"id":"gen9vgc2023regulationc-1862250827","p1":"Bobmcplay01","p2":"stack of pancake","format":"[Gen 9] VGC 2023 Regulation C","log":"|j|\u203dBobmcplay01\n|j|\u2606stack of pancake\n|t:|1683855107\n|gametype|doubles\n|player|p1|Bobmcplay01|266|1201\n|player|p2|stack of pancake|steven|1224\n|teamsize|p1|6\n|teamsize|p2|6\n|gen|9\n|tier|[Gen 9] VGC 2023 Regulation C\n|rated|\n|rule|Species Clause: Limit one of each Pok\u00e9mon\n|rule|Item Clause: Limit one of each item\n|clearpoke\n|poke|p1|Flutter Mane, L50|\n|poke|p1|Chi-Yu, L50|\n|poke|p1|Iron Bundle, L50|\n|poke|p1|Murkrow, L50, M|\n|poke|p1|Dondozo, L50, F|\n|poke|p1|Tatsugiri, L50, F|\n|poke|p2|Murkrow, L50, F|\n|poke|p2|Flutter Mane, L50|\n|poke|p2|Great Tusk, L50|\n|poke|p2|Amoonguss, L50, F|\n|poke|p2|Kingambit, L50, F|\n|poke|p2|Chien-Pao, L50|\n|teampreview|4\nBobmcplay01 has agreed to open team sheets.\nstack of pancake has agreed to open team sheets.\n|inactive|Battle timer is ON: inactive players will automatically lose when time's up. (requested by Bobmcplay01)\n|\n|t:|1683855173\n|start\n|switch|p1a: Murkrow|Murkrow, L50, M|100\/100\n|switch|p1b: Flutter Mane|Flutter Mane, L50|100\/100\n|switch|p2a: Chien-Pao|Chien-Pao, L50|100\/100\n|switch|p2b: Great Tusk|Great Tusk, L50|100\/100\n|-ability|p2a: Chien-Pao|Sword of Ruin\n|turn|1\n|inactive|stack of pancake has 30 seconds left.\n|inactive|stack of pancake has 20 seconds left.\n|\n|t:|1683855210\n|-terastallize|p2b: Great Tusk|Fire\n|move|p2a: Chien-Pao|Protect|p2a: Chien-Pao\n|-singleturn|p2a: Chien-Pao|Protect\n|move|p1a: Murkrow|Tailwind|p1a: Murkrow\n|-sidestart|p1: Bobmcplay01|move: Tailwind\n|move|p1b: Flutter Mane|Dazzling Gleam|p2a: Chien-Pao|[spread] p2b\n|-activate|p2a: Chien-Pao|move: Protect\n|-resisted|p2b: Great Tusk\n|-damage|p2b: Great Tusk|64\/100\n|move|p2b: Great Tusk|Headlong Rush|p1b: Flutter Mane\n|-damage|p1b: Flutter Mane|0 fnt\n|-unboost|p2b: Great Tusk|def|1\n|-unboost|p2b: Great Tusk|spd|1\n|faint|p1b: Flutter Mane\n|-end|p1b: Flutter Mane|Protosynthesis|[silent]\n|\n|upkeep\n|\n|t:|1683855223\n|switch|p1b: Iron Bundle|Iron Bundle, L50, shiny|100\/100\n|-enditem|p1b: Iron Bundle|Booster Energy\n|-activate|p1b: Iron Bundle|ability: Quark Drive|[fromitem]\n|-start|p1b: Iron Bundle|quarkdrivespe\n|turn|2\n|\n|t:|1683855243\n|-end|p2b: Great Tusk|Protosynthesis|[silent]\n|switch|p2b: Murkrow|Murkrow, L50, F|100\/100\n|-terastallize|p1b: Iron Bundle|Water\n|move|p1b: Iron Bundle|Water Pulse|p2b: Murkrow\n|-enditem|p2b: Murkrow|Focus Sash\n|-damage|p2b: Murkrow|1\/100\n|move|p1a: Murkrow|Snarl|p2b: Murkrow|[spread] p2a,p2b\n|-resisted|p2a: Chien-Pao\n|-resisted|p2b: Murkrow\n|-damage|p2a: Chien-Pao|86\/100\n|-damage|p2b: Murkrow|0 fnt\n|-unboost|p2a: Chien-Pao|spa|1\n|faint|p2b: Murkrow\n|move|p2a: Chien-Pao|Sacred Sword|p1b: Iron Bundle\n|-damage|p1b: Iron Bundle|34\/100\n|-damage|p2a: Chien-Pao|77\/100|[from] item: Life Orb\n|\n|upkeep\n|\n|t:|1683855265\n|switch|p2b: Flutter Mane|Flutter Mane, L50|100\/100\n|turn|3\n|\n|t:|1683855282\n|move|p2a: Chien-Pao|Sucker Punch|p1b: Iron Bundle\n|-damage|p1b: Iron Bundle|0 fnt\n|faint|p1b: Iron Bundle\n|-end|p1b: Iron Bundle|Quark Drive|[silent]\n|-damage|p2a: Chien-Pao|67\/100|[from] item: Life Orb\n|move|p1a: Murkrow|Snarl|p2a: Chien-Pao|[spread] p2a,p2b\n|-resisted|p2a: Chien-Pao\n|-damage|p2a: Chien-Pao|53\/100\n|-damage|p2b: Flutter Mane|86\/100\n|-unboost|p2a: Chien-Pao|spa|1\n|-unboost|p2b: Flutter Mane|spa|1\n|move|p2b: Flutter Mane|Dazzling Gleam|p1a: Murkrow\n|-supereffective|p1a: Murkrow\n|-enditem|p1a: Murkrow|Focus Sash\n|-damage|p1a: Murkrow|1\/100\n|\n|upkeep\n|\n|t:|1683855286\n|switch|p1b: Chi-Yu|Chi-Yu, L50|100\/100\n|-ability|p1b: Chi-Yu|Beads of Ruin\n|turn|4\n|\n|t:|1683855297\n|move|p2a: Chien-Pao|Protect|p2a: Chien-Pao\n|-singleturn|p2a: Chien-Pao|Protect\n|move|p1a: Murkrow|Snarl|p2a: Chien-Pao|[spread] p2b\n|-activate|p2a: Chien-Pao|move: Protect\n|-damage|p2b: Flutter Mane|66\/100\n|-unboost|p2b: Flutter Mane|spa|1\n|move|p1b: Chi-Yu|Heat Wave|p2a: Chien-Pao|[spread] p2b\n|-activate|p2a: Chien-Pao|move: Protect\n|-damage|p2b: Flutter Mane|2\/100\n|-damage|p1b: Chi-Yu|90\/100|[from] item: Life Orb\n|move|p2b: Flutter Mane|Dazzling Gleam|p1b: Chi-Yu|[spread] p1a,p1b\n|-supereffective|p1a: Murkrow\n|-damage|p1a: Murkrow|0 fnt\n|-damage|p1b: Chi-Yu|62\/100\n|faint|p1a: Murkrow\n|\n|-sideend|p1: Bobmcplay01|move: Tailwind\n|upkeep\n|turn|5\n|\n|t:|1683855310\n|move|p1b: Chi-Yu|Protect|p1b: Chi-Yu\n|-singleturn|p1b: Chi-Yu|Protect\n|move|p2a: Chien-Pao|Sacred Sword|p1b: Chi-Yu\n|-activate|p1b: Chi-Yu|move: Protect\n|move|p2b: Flutter Mane|Dazzling Gleam|p1b: Chi-Yu\n|-activate|p1b: Chi-Yu|move: Protect\n|\n|upkeep\n|turn|6\n|-message|Bobmcplay01 forfeited.\n|\n|win|stack of pancake\n|raw|Bobmcplay01's rating: 1201 → 1178<\/strong> (-23 for losing)\n|raw|stack of pancake's rating: 1224 → 1247<\/strong> (+23 for winning)\n|l|\u203dBobmcplay01\n","uploadtime":1683855319,"views":7,"p1id":"bobmcplay01","p2id":"stackofpancake","formatid":"gen9vgc2023regulationc","rating":1178,"private":0,"password":""}