{"id":"gen9vgc2023regulationc-1861767100","p1":"Ytterby","p2":"Jimpo01","format":"[Gen 9] VGC 2023 Regulation C","log":"|j|\u2606Ytterby\n|j|\u2606Jimpo01\n|t:|1683806361\n|gametype|doubles\n|player|p1|Ytterby|170|\n|player|p2|Jimpo01|266|\n|teamsize|p1|6\n|teamsize|p2|6\n|gen|9\n|tier|[Gen 9] VGC 2023 Regulation C\n|rule|Species Clause: Limit one of each Pok\u00e9mon\n|rule|Item Clause: Limit one of each item\n|clearpoke\n|poke|p1|Garchomp, L50, F|\n|poke|p1|Klefki, L50, F|\n|poke|p1|Murkrow, L50, M|\n|poke|p1|Salamence, L50, F|\n|poke|p1|Polteageist, L50|\n|poke|p1|Barraskewda, L50, M|\n|poke|p2|Hydreigon, L50, M|\n|poke|p2|Ditto, L50|\n|poke|p2|Weavile, L50, F|\n|poke|p2|Talonflame, L50, F|\n|poke|p2|Florges-Blue, L50, F|\n|poke|p2|Dragonite, L50, M|\n|teampreview|4\nJimpo01 has agreed to open team sheets.\n|\n|t:|1683806400\n|start\n|switch|p1a: Telepot|Polteageist, L50|100\/100\n|switch|p1b: Keymstar|Klefki, L50, F|100\/100\n|switch|p2a: Weavile|Weavile, L50, F|100\/100\n|switch|p2b: Talonflame|Talonflame, L50, F|100\/100\n|turn|1\n|\n|t:|1683806428\n|move|p2a: Weavile|Fake Out|p1b: Keymstar\n|-resisted|p1b: Keymstar\n|-damage|p1b: Keymstar|93\/100\n|cant|p1b: Keymstar|flinch\n|move|p2b: Talonflame|Tailwind|p2b: Talonflame\n|-sidestart|p2: Jimpo01|move: Tailwind\n|move|p1a: Telepot|Substitute|p1a: Telepot\n|-start|p1a: Telepot|Substitute\n|-damage|p1a: Telepot|76\/100\n|\n|upkeep\n|turn|2\n|\n|t:|1683806459\n|move|p1b: Keymstar|Reflect|p1b: Keymstar\n|-sidestart|p1: Ytterby|Reflect\n|move|p2a: Weavile|Metronome|p2a: Weavile\n|move|p2a: Weavile|Fairy Wind|p1b: Keymstar|[from]move: Metronome\n|-resisted|p1b: Keymstar\n|-damage|p1b: Keymstar|90\/100\n|move|p2b: Talonflame|Flame Charge|p1a: Telepot\n|-activate|p1a: Telepot|move: Substitute|[damage]\n|-boost|p2b: Talonflame|spe|1\n|move|p1a: Telepot|Shell Smash|p1a: Telepot\n|-unboost|p1a: Telepot|def|1\n|-unboost|p1a: Telepot|spd|1\n|-boost|p1a: Telepot|atk|2\n|-boost|p1a: Telepot|spa|2\n|-boost|p1a: Telepot|spe|2\n|-enditem|p1a: Telepot|White Herb\n|-clearnegativeboost|p1a: Telepot|[silent]\n|\n|upkeep\n|turn|3\n|c|\u2606Ytterby|Metronome (\u2060\uff61\u2060\u2661\u2060\u203f\u2060\u2661\u2060\uff61\u2060)\n|\n|t:|1683806527\n|switch|p1b: Barry Scooder|Barraskewda, L50, M|100\/100\n|move|p2b: Talonflame|Flame Charge|p1a: Telepot\n|-end|p1a: Telepot|Substitute\n|-boost|p2b: Talonflame|spe|1\n|move|p2a: Weavile|Metronome|p2a: Weavile\n|move|p2a: Weavile|Power Gem|p1a: Telepot|[from]move: Metronome\n|-damage|p1a: Telepot|67\/100\n|-start|p2a: Weavile|Disable|Metronome|[from] ability: Cursed Body|[of] p1a: Telepot\n|move|p1a: Telepot|Baton Pass|p1a: Telepot\n|\n|t:|1683806552\n|switch|p1a: Garbomp|Garchomp, L50, F|100\/100|[from] Baton Pass\n|\n|upkeep\n|turn|4\n|\n|t:|1683806594\n|switch|p2a: Florges|Florges-Blue, L50, F, shiny|100\/100\n|-terastallize|p1b: Barry Scooder|Water\n|move|p2b: Talonflame|Tailwind||[still]\n|-fail|p2b: Talonflame\n|move|p1a: Garbomp|Outrage|p2a: Florges\n|-immune|p2a: Florges\n|move|p1b: Barry Scooder|Liquidation|p2b: Talonflame\n|-supereffective|p2b: Talonflame\n|-damage|p2b: Talonflame|0 fnt\n|faint|p2b: Talonflame\n|\n|-sideend|p2: Jimpo01|move: Tailwind\n|upkeep\n|\n|t:|1683806611\n|switch|p2b: Hydreigon|Hydreigon, L50, M, shiny|100\/100\n|turn|5\n|\n|t:|1683806626\n|-terastallize|p2b: Hydreigon|Fire\n|move|p1a: Garbomp|Outrage|p2a: Florges\n|-immune|p2a: Florges\n|move|p1b: Barry Scooder|Liquidation|p2a: Florges\n|-damage|p2a: Florges|14\/100\n|move|p2b: Hydreigon|Heat Wave|p1a: Garbomp|[spread] p1a,p1b\n|-resisted|p1a: Garbomp\n|-resisted|p1b: Barry Scooder\n|-damage|p1a: Garbomp|79\/100\n|-damage|p1b: Barry Scooder|57\/100\n|move|p2a: Florges|Dazzling Gleam|p1a: Garbomp|[spread] p1a,p1b\n|-supereffective|p1a: Garbomp\n|-damage|p1a: Garbomp|7\/100\n|-damage|p1b: Barry Scooder|0 fnt\n|faint|p1b: Barry Scooder\n|\n|upkeep\n|\n|t:|1683806649\n|switch|p1b: Keymstar|Klefki, L50, F|90\/100\n|turn|6\n|\n|t:|1683806672\n|move|p1b: Keymstar|Light Screen|p1b: Keymstar\n|-sidestart|p1: Ytterby|move: Light Screen\n|move|p1a: Garbomp|Outrage|p2b: Hydreigon\n|-crit|p2b: Hydreigon\n|-damage|p2b: Hydreigon|0 fnt\n|faint|p2b: Hydreigon\n|move|p2a: Florges|Calm Mind|p2a: Florges\n|-boost|p2a: Florges|spa|1\n|-boost|p2a: Florges|spd|1\n|\n|-sideend|p1: Ytterby|Reflect\n|upkeep\n|\n|t:|1683806683\n|switch|p2b: Weavile|Weavile, L50, F|100\/100\n|turn|7\n|\n|t:|1683806704\n|move|p2b: Weavile|Fake Out|p1b: Keymstar\n|-resisted|p1b: Keymstar\n|-damage|p1b: Keymstar|82\/100\n|move|p1a: Garbomp|Outrage|p2b: Weavile|[from]lockedmove\n|-damage|p2b: Weavile|0 fnt\n|faint|p2b: Weavile\n|move|p2a: Florges|Dazzling Gleam|p1a: Garbomp|[spread] p1a,p1b\n|-supereffective|p1a: Garbomp\n|-resisted|p1b: Keymstar\n|-damage|p1a: Garbomp|0 fnt\n|-damage|p1b: Keymstar|63\/100\n|faint|p1a: Garbomp\n|cant|p1b: Keymstar|flinch\n|\n|upkeep\n|\n|t:|1683806718\n|switch|p1a: Telepot|Polteageist, L50|67\/100\n|turn|8\n|\n|t:|1683806744\n|move|p1a: Telepot|Substitute|p1a: Telepot\n|-start|p1a: Telepot|Substitute\n|-damage|p1a: Telepot|42\/100\n|move|p1b: Keymstar|Steel Beam|p2a: Florges\n|-supereffective|p2a: Florges\n|-damage|p2a: Florges|0 fnt\n|-damage|p1b: Keymstar|13\/100|[from] steelbeam\n|-enditem|p1b: Keymstar|Sitrus Berry|[eat]\n|-heal|p1b: Keymstar|38\/100|[from] item: Sitrus Berry\n|faint|p2a: Florges\n|\n|win|Ytterby\n|c|\u2606Ytterby|G2\n|c|\u2606Ytterby|Ggs my man!\n|c|\u2606Ytterby|<3\n","uploadtime":1683806757,"views":21,"p1id":"ytterby","p2id":"jimpo01","formatid":"gen9vgc2023regulationc","rating":0,"private":0,"password":""}