{"id":"gen9vgc2023regulationc-1856629438","p1":"Smol Rain Time","p2":"red13","format":"[Gen 9] VGC 2023 Regulation C","log":"|j|\u2606Smol Rain Time\n|j|\u2606red13\n|t:|1683084850\n|gametype|doubles\n|player|p1|Smol Rain Time|penny|1000\n|player|p2|red13|266|1100\n|teamsize|p1|6\n|teamsize|p2|6\n|gen|9\n|tier|[Gen 9] VGC 2023 Regulation C\n|rated|\n|rule|Species Clause: Limit one of each Pok\u00e9mon\n|rule|Item Clause: Limit one of each item\n|clearpoke\n|poke|p1|Tyranitar, L50, F|\n|poke|p1|Glimmora, L50, F|\n|poke|p1|Garchomp, L50, F|\n|poke|p1|Corviknight, L50, F|\n|poke|p1|Arcanine, L50, F|\n|poke|p1|Sandy Shocks, L50|\n|poke|p2|Gallade, L50, M|\n|poke|p2|Kingambit, L50, M|\n|poke|p2|Rotom-Wash, L50|\n|poke|p2|Haxorus, L50, F|\n|poke|p2|Gothitelle, L50, M|\n|poke|p2|Iron Treads, L50|\n|teampreview|4\n|inactive|Battle timer is ON: inactive players will automatically lose when time's up. (requested by Smol Rain Time)\nSmol Rain Time rejected open team sheets.\n|\n|t:|1683084928\n|start\n|switch|p1a: Noms|Tyranitar, L50, F|100\/100\n|switch|p1b: Bubbles|Glimmora, L50, F|100\/100\n|switch|p2a: Iron Treads|Iron Treads, L50|100\/100\n|switch|p2b: Gothitelle|Gothitelle, L50, M|100\/100\n|-weather|Sandstorm|[from] ability: Sand Stream|[of] p1a: Noms\n|turn|1\n|inactive|red13 has 30 seconds left.\n|inactive|red13 has 20 seconds left.\n|\n|t:|1683084965\n|-terastallize|p1a: Noms|Flying\n|move|p1b: Bubbles|Spiky Shield|p1b: Bubbles\n|-singleturn|p1b: Bubbles|move: Protect\n|move|p2b: Gothitelle|Fake Out|p1b: Bubbles\n|-activate|p1b: Bubbles|move: Protect\n|-damage|p2b: Gothitelle|88\/100|[from] Spiky Shield|[of] p1b: Bubbles\n|move|p2a: Iron Treads|Stomping Tantrum|p1a: Noms\n|-immune|p1a: Noms\n|move|p1a: Noms|Dark Pulse|p2b: Gothitelle\n|-supereffective|p2b: Gothitelle\n|-enditem|p2b: Gothitelle|Colbur Berry|[eat]\n|-enditem|p2b: Gothitelle|Colbur Berry|[weaken]\n|-damage|p2b: Gothitelle|63\/100\n|\n|-weather|Sandstorm|[upkeep]\n|-damage|p2b: Gothitelle|56\/100|[from] Sandstorm\n|-damage|p1a: Noms|94\/100|[from] Sandstorm\n|upkeep\n|turn|2\n|inactive|red13 has 30 seconds left.\n|inactive|red13 has 20 seconds left.\n|\n|t:|1683085001\n|switch|p2b: Rotom|Rotom-Wash, L50|100\/100\n|move|p1b: Bubbles|Mortal Spin|p2a: Iron Treads|[spread] p2b\n|-immune|p2a: Iron Treads\n|-damage|p2b: Rotom|96\/100\n|-status|p2b: Rotom|psn\n|move|p2a: Iron Treads|Stomping Tantrum|p1b: Bubbles\n|-supereffective|p1b: Bubbles\n|-enditem|p1b: Bubbles|Focus Sash\n|-damage|p1b: Bubbles|1\/100\n|-activate|p1b: Bubbles|ability: Toxic Debris\n|-sidestart|p2: red13|move: Toxic Spikes\n|move|p1a: Noms|Dark Pulse|p2b: Rotom\n|-damage|p2b: Rotom|58\/100 psn\n|\n|-weather|Sandstorm|[upkeep]\n|-damage|p2b: Rotom|52\/100 psn|[from] Sandstorm\n|-damage|p1a: Noms|88\/100|[from] Sandstorm\n|-damage|p2b: Rotom|40\/100 psn|[from] psn\n|upkeep\n|turn|3\n|inactive|red13 has 30 seconds left.\n|inactive|red13 has 20 seconds left.\n|\n|t:|1683085040\n|switch|p1a: Chomps|Garchomp, L50, F|100\/100\n|move|p1b: Bubbles|Spiky Shield|p1b: Bubbles\n|-singleturn|p1b: Bubbles|move: Protect\n|move|p2a: Iron Treads|Stomping Tantrum|p1b: Bubbles\n|-activate|p1b: Bubbles|move: Protect\n|-damage|p2a: Iron Treads|88\/100|[from] Spiky Shield|[of] p1b: Bubbles\n|move|p2b: Rotom|Electric Terrain|p2b: Rotom\n|-fieldstart|move: Electric Terrain\n|-activate|p2a: Iron Treads|ability: Quark Drive\n|-start|p2a: Iron Treads|quarkdriveatk\n|\n|-weather|Sandstorm|[upkeep]\n|-damage|p2b: Rotom|34\/100 psn|[from] Sandstorm\n|-damage|p2b: Rotom|22\/100 psn|[from] psn\n|upkeep\n|turn|4\n|inactive|Smol Rain Time has 30 seconds left.\n|\n|t:|1683085068\n|-terastallize|p2a: Iron Treads|Water\n|move|p1a: Chomps|Dragon Claw|p2b: Rotom\n|-damage|p2b: Rotom|0 fnt\n|faint|p2b: Rotom\n|move|p1b: Bubbles|Power Gem|p2a: Iron Treads\n|-damage|p2a: Iron Treads|51\/100\n|move|p2a: Iron Treads|Stomping Tantrum|p1a: Chomps\n|-damage|p1a: Chomps|30\/100\n|\n|-weather|Sandstorm|[upkeep]\n|-damage|p2a: Iron Treads|45\/100|[from] Sandstorm\n|upkeep\n|inactive|red13 has 30 seconds left.\n|\n|t:|1683085094\n|switch|p2b: Gothitelle|Gothitelle, L50, M|56\/100\n|-status|p2b: Gothitelle|psn\n|turn|5\n|\n|t:|1683085104\n|move|p1a: Chomps|Dragon Claw|p2b: Gothitelle\n|-damage|p2b: Gothitelle|14\/100 psn\n|move|p1b: Bubbles|Stealth Rock|p2a: Iron Treads\n|-sidestart|p2: red13|move: Stealth Rock\n|move|p2a: Iron Treads|Stomping Tantrum|p1a: Chomps\n|-damage|p1a: Chomps|0 fnt\n|faint|p1a: Chomps\n|move|p2b: Gothitelle|Trick Room|p2b: Gothitelle\n|-fieldstart|move: Trick Room|[of] p2b: Gothitelle\n|\n|-weather|none\n|-damage|p2b: Gothitelle|2\/100 psn|[from] psn\n|upkeep\n|\n|t:|1683085117\n|switch|p1a: Fluffy|Arcanine, L50, F|100\/100\n|-ability|p1a: Fluffy|Intimidate|boost\n|-unboost|p2a: Iron Treads|atk|1\n|-unboost|p2b: Gothitelle|atk|1\n|turn|6\n|inactive|Smol Rain Time has 30 seconds left.\n|inactive|red13 has 30 seconds left.\n|\n|t:|1683085152\n|move|p1b: Bubbles|Spiky Shield|p1b: Bubbles\n|-singleturn|p1b: Bubbles|move: Protect\n|move|p2b: Gothitelle|Psychic|p1b: Bubbles\n|-activate|p1b: Bubbles|move: Protect\n|move|p2a: Iron Treads|Stomping Tantrum|p1a: Fluffy\n|-supereffective|p1a: Fluffy\n|-damage|p1a: Fluffy|0 fnt\n|faint|p1a: Fluffy\n|\n|-damage|p2b: Gothitelle|0 fnt|[from] psn\n|faint|p2b: Gothitelle\n|upkeep\n|\n|t:|1683085162\n|switch|p2b: Haxorus|Haxorus, L50, F|100\/100\n|switch|p1a: Noms|Tyranitar, L50, F, tera:Flying|88\/100\n|-ability|p2b: Haxorus|Unnerve\n|-weather|Sandstorm|[from] ability: Sand Stream|[of] p1a: Noms\n|-status|p2b: Haxorus|psn\n|-damage|p2b: Haxorus|88\/100 psn|[from] Stealth Rock\n|turn|7\n|\n|t:|1683085188\n|move|p1a: Noms|Ice Beam|p2b: Haxorus\n|-supereffective|p2b: Haxorus\n|-damage|p2b: Haxorus|9\/100 psn\n|move|p2a: Iron Treads|Stomping Tantrum|p1b: Bubbles\n|-supereffective|p1b: Bubbles\n|-damage|p1b: Bubbles|0 fnt\n|-activate|p1b: Bubbles|ability: Toxic Debris\n|-sidestart|p2: red13|move: Toxic Spikes\n|faint|p1b: Bubbles\n|move|p2b: Haxorus|Dragon Claw|p1a: Noms\n|-damage|p1a: Noms|50\/100\n|\n|-weather|Sandstorm|[upkeep]\n|-damage|p1a: Noms|44\/100|[from] Sandstorm\n|-damage|p2a: Iron Treads|39\/100|[from] Sandstorm\n|-damage|p2b: Haxorus|3\/100 psn|[from] Sandstorm\n|-damage|p2b: Haxorus|0 fnt|[from] psn\n|faint|p2b: Haxorus\n|-fieldend|move: Electric Terrain\n|-end|p2a: Iron Treads|Quark Drive\n|upkeep\n|turn|8\n|\n|t:|1683085204\n|move|p1a: Noms|Thunderbolt|p2a: Iron Treads\n|-supereffective|p2a: Iron Treads\n|-damage|p2a: Iron Treads|0 fnt\n|faint|p2a: Iron Treads\n|-end|p2a: Iron Treads|Quark Drive|[silent]\n|\n|win|Smol Rain Time\n|raw|Smol Rain Time's rating: 1000 → 1051<\/strong> (+51 for winning)\n|raw|red13's rating: 1100 → 1068<\/strong> (-32 for losing)\n|l|\u2606red13\n|c|\u2606Smol Rain Time|ur so cringe\n","uploadtime":1683085217,"views":6,"p1id":"smolraintime","p2id":"red13","formatid":"gen9vgc2023regulationc","rating":1051,"private":0,"password":""}