{"id":"gen9vgc2023regulationc-1847100093","p1":"AndrwApple","p2":"HazeOneTrick","format":"[Gen 9] VGC 2023 Regulation C","log":"|j|\u2606AndrwApple\n|j|\u2606HazeOneTrick\n|t:|1681919051\n|gametype|doubles\n|player|p1|AndrwApple|erika-masters|\n|player|p2|HazeOneTrick|steven|\n|teamsize|p1|6\n|teamsize|p2|6\n|gen|9\n|tier|[Gen 9] VGC 2023 Regulation C\n|rule|Species Clause: Limit one of each Pok\u00e9mon\n|rule|Item Clause: Limit one of each item\n|clearpoke\n|poke|p1|Flutter Mane, L50|\n|poke|p1|Wo-Chien, L50|\n|poke|p1|Gholdengo, L50|\n|poke|p1|Arcanine, L50, M|\n|poke|p1|Palafin, L50, M|\n|poke|p1|Iron Hands, L50|\n|poke|p2|Garchomp, L50, M|\n|poke|p2|Talonflame, L50, M|\n|poke|p2|Flutter Mane, L50|\n|poke|p2|Iron Bundle, L50|\n|poke|p2|Kingambit, L50, F|\n|poke|p2|Iron Hands, L50|\n|teampreview|4\nAndrwApple has agreed to open team sheets.\n|c|\u2606AndrwApple|Glhf\nHazeOneTrick has agreed to open team sheets.\n|\n|t:|1681919141\n|start\n|switch|p1a: Darth Vader|Iron Hands, L50|100\/100\n|switch|p1b: The Force|Palafin, L50, M, shiny|100\/100\n|switch|p2a: Kingambit|Kingambit, L50, F|100\/100\n|switch|p2b: Iron Bundle|Iron Bundle, L50|100\/100\n|-enditem|p2b: Iron Bundle|Booster Energy\n|-activate|p2b: Iron Bundle|ability: Quark Drive|[fromitem]\n|-start|p2b: Iron Bundle|quarkdrivespe\n|turn|1\n|\n|t:|1681919191\n|move|p1b: The Force|Protect|p1b: The Force\n|-singleturn|p1b: The Force|Protect\n|move|p2a: Kingambit|Protect|p2a: Kingambit\n|-singleturn|p2a: Kingambit|Protect\n|move|p2b: Iron Bundle|Freeze-Dry|p1b: The Force\n|-activate|p1b: The Force|move: Protect\n|move|p1a: Darth Vader|Drain Punch|p2a: Kingambit\n|-activate|p2a: Kingambit|move: Protect\n|\n|upkeep\n|turn|2\n|\n|t:|1681919210\n|detailschange|p1b: The Force|Palafin-Hero, L50, M, shiny\n|switch|p1b: Jabba The Hutt|Wo-Chien, L50|100\/100\n|-ability|p1b: Jabba The Hutt|Tablets of Ruin\n|-terastallize|p2a: Kingambit|Dark\n|move|p2b: Iron Bundle|Freeze-Dry|p1b: Jabba The Hutt\n|-supereffective|p1b: Jabba The Hutt\n|-damage|p1b: Jabba The Hutt|55\/100\n|move|p1a: Darth Vader|Drain Punch|p2b: Iron Bundle\n|-supereffective|p2b: Iron Bundle\n|-damage|p2b: Iron Bundle|18\/100\n|move|p2a: Kingambit|Assurance|p1b: Jabba The Hutt\n|-resisted|p1b: Jabba The Hutt\n|-damage|p1b: Jabba The Hutt|22\/100\n|\n|-heal|p1b: Jabba The Hutt|28\/100|[from] item: Leftovers\n|upkeep\n|turn|3\n|\n|t:|1681919262\n|-end|p2b: Iron Bundle|Quark Drive|[silent]\n|switch|p2b: Flutter Mane|Flutter Mane, L50|100\/100\n|move|p2a: Kingambit|Protect|p2a: Kingambit\n|-singleturn|p2a: Kingambit|Protect\n|move|p1b: Jabba The Hutt|Leech Seed|p2a: Kingambit\n|-activate|p2a: Kingambit|move: Protect\n|move|p1a: Darth Vader|Drain Punch|p2a: Kingambit\n|-activate|p2a: Kingambit|move: Protect\n|\n|-heal|p1b: Jabba The Hutt|33\/100|[from] item: Leftovers\n|upkeep\n|turn|4\n|\n|t:|1681919292\n|-terastallize|p1b: Jabba The Hutt|Poison\n|move|p2b: Flutter Mane|Dazzling Gleam|p1b: Jabba The Hutt|[spread] p1a,p1b\n|-supereffective|p1a: Darth Vader\n|-resisted|p1b: Jabba The Hutt\n|-damage|p1a: Darth Vader|43\/100\n|-damage|p1b: Jabba The Hutt|18\/100\n|move|p1b: Jabba The Hutt|Stun Spore|p2b: Flutter Mane\n|-status|p2b: Flutter Mane|par\n|move|p1a: Darth Vader|Drain Punch|p2a: Kingambit\n|-supereffective|p2a: Kingambit\n|-damage|p2a: Kingambit|48\/100\n|-heal|p1a: Darth Vader|66\/100|[from] drain|[of] p2a: Kingambit\n|move|p2a: Kingambit|Assurance|p1a: Darth Vader\n|-resisted|p1a: Darth Vader\n|-damage|p1a: Darth Vader|38\/100\n|\n|-heal|p1b: Jabba The Hutt|23\/100|[from] item: Leftovers\n|upkeep\n|turn|5\n|\n|t:|1681919325\n|move|p1b: Jabba The Hutt|Pollen Puff|p1a: Darth Vader\n|-heal|p1a: Darth Vader|88\/100\n|move|p2b: Flutter Mane|Dazzling Gleam|p1b: Jabba The Hutt|[spread] p1a,p1b\n|-supereffective|p1a: Darth Vader\n|-resisted|p1b: Jabba The Hutt\n|-damage|p1a: Darth Vader|35\/100\n|-damage|p1b: Jabba The Hutt|7\/100\n|move|p1a: Darth Vader|Volt Switch|p2b: Flutter Mane\n|-damage|p2b: Flutter Mane|87\/100 par\n|\n|t:|1681919337\n|-end|p1a: Darth Vader|Quark Drive|[silent]\n|switch|p1a: The Force|Palafin-Hero, L50, M, shiny|100\/100|[from] Volt Switch\n|-activate|p1a: The Force|ability: Zero to Hero\n|move|p2a: Kingambit|Assurance|p1a: The Force\n|-damage|p1a: The Force|60\/100\n|\n|-heal|p1b: Jabba The Hutt|13\/100|[from] item: Leftovers\n|upkeep\n|turn|6\n|\n|t:|1681919363\n|switch|p1b: Darth Vader|Iron Hands, L50|35\/100\n|-end|p2b: Flutter Mane|Protosynthesis|[silent]\n|switch|p2b: Iron Hands|Iron Hands, L50|100\/100\n|move|p1a: The Force|Protect|p1a: The Force\n|-singleturn|p1a: The Force|Protect\n|move|p2a: Kingambit|Sucker Punch||[still]\n|-fail|p2a: Kingambit\n|\n|upkeep\n|turn|7\n|\n|t:|1681919407\n|move|p2b: Iron Hands|Fake Out|p1a: The Force\n|-damage|p1a: The Force|46\/100\n|cant|p1a: The Force|flinch\n|move|p2a: Kingambit|Sucker Punch||[still]\n|-fail|p2a: Kingambit\n|move|p1b: Darth Vader|Drain Punch|p2a: Kingambit\n|-supereffective|p2a: Kingambit\n|-damage|p2a: Kingambit|0 fnt\n|-heal|p1b: Darth Vader|57\/100|[from] drain|[of] p2a: Kingambit\n|faint|p2a: Kingambit\n|\n|upkeep\n|c|\u2606HazeOneTrick|wait\n|c|\u2606HazeOneTrick|i sabotaged myself\n|c|\u2606HazeOneTrick|didnt know how that interactin worked\n|\n|t:|1681919438\n|switch|p2a: Iron Bundle|Iron Bundle, L50|18\/100\n|turn|8\n|c|\u2606AndrwApple|Yeah jet punch goes first\n|c|\u2606AndrwApple|Since palafin already attacked\n|c|\u2606AndrwApple|Stuff happens\n|\n|t:|1681919469\n|move|p1a: The Force|Jet Punch|p2a: Iron Bundle\n|-resisted|p2a: Iron Bundle\n|-damage|p2a: Iron Bundle|0 fnt\n|faint|p2a: Iron Bundle\n|-end|p2a: Iron Bundle|Quark Drive|[silent]\n|move|p1b: Darth Vader|Drain Punch|p2b: Iron Hands\n|-damage|p2b: Iron Hands|70\/100\n|-heal|p1b: Darth Vader|72\/100|[from] drain|[of] p2b: Iron Hands\n|move|p2b: Iron Hands|Drain Punch|p1b: Darth Vader\n|-crit|p1b: Darth Vader\n|-damage|p1b: Darth Vader|21\/100\n|-heal|p2b: Iron Hands|96\/100|[from] drain|[of] p1b: Darth Vader\n|\n|upkeep\n|\n|t:|1681919475\n|switch|p2a: Flutter Mane|Flutter Mane, L50|87\/100 par\n|turn|9\n|\n|t:|1681919482\n|move|p1a: The Force|Wave Crash|p2b: Iron Hands\n|-crit|p2b: Iron Hands\n|-damage|p2b: Iron Hands|0 fnt\n|faint|p2b: Iron Hands\n|-end|p2b: Iron Hands|Quark Drive|[silent]\n|-damage|p1a: The Force|11\/100|[from] Recoil\n|cant|p2a: Flutter Mane|par\n|move|p1b: Darth Vader|Drain Punch|p2a: Flutter Mane\n|-immune|p2a: Flutter Mane\n|\n|upkeep\n|turn|10\n|c|\u2606AndrwApple|gg wp\n|c|\u2606HazeOneTrick|unlucky\n|\n|t:|1681919494\n|move|p1a: The Force|Jet Punch|p2a: Flutter Mane\n|-damage|p2a: Flutter Mane|4\/100 par\n|move|p2a: Flutter Mane|Dazzling Gleam|p1b: Darth Vader|[spread] p1a,p1b\n|-supereffective|p1b: Darth Vader\n|-damage|p1a: The Force|0 fnt\n|-damage|p1b: Darth Vader|0 fnt\n|faint|p1a: The Force\n|faint|p1b: Darth Vader\n|-end|p1b: Darth Vader|Quark Drive|[silent]\n|\n|upkeep\n|c|\u2606AndrwApple|The last was arcanine\n|c|\u2606AndrwApple|Don't think it mattered\n|\n|t:|1681919510\n|switch|p1a: Jabba The Hutt|Wo-Chien, L50, tera:Poison|13\/100\n|switch|p1b: AT-AT|Arcanine, L50, M|100\/100\n|-ability|p1b: AT-AT|Intimidate|boost\n|-unboost|p2a: Flutter Mane|atk|1\n|-ability|p1a: Jabba The Hutt|Tablets of Ruin\n|turn|11\n|-message|HazeOneTrick forfeited.\n|\n|win|AndrwApple\n|l|\u2606HazeOneTrick\n|j|\u2606HazeOneTrick\n|player|p2|HazeOneTrick|steven\n","uploadtime":1681920531,"views":12,"p1id":"andrwapple","p2id":"hazeonetrick","formatid":"gen9vgc2023regulationc","rating":0,"private":0,"password":""}