{"id":"gen9vgc2023regulationc-1853100590","p1":"Randyxx","p2":"qwilfishfan5","format":"[Gen 9] VGC 2023 Regulation C","log":"|j|\u2606Randyxx\n|j|\u2606qwilfishfan5\n|t:|1682635186\n|gametype|doubles\n|player|p1|Randyxx|102|1123\n|player|p2|qwilfishfan5|169|1055\n|teamsize|p1|6\n|teamsize|p2|6\n|gen|9\n|tier|[Gen 9] VGC 2023 Regulation C\n|rated|\n|rule|Species Clause: Limit one of each Pok\u00e9mon\n|rule|Item Clause: Limit one of each item\n|clearpoke\n|poke|p1|Zangoose, L50, M|\n|poke|p1|Ursaring, L50, F|\n|poke|p1|Murkrow, L50, M|\n|poke|p1|Scizor, L50, F|\n|poke|p1|Salamence, L50, M|\n|poke|p1|Florges, L50, F|\n|poke|p2|Alomomola, L50, M|\n|poke|p2|Flutter Mane, L50|\n|poke|p2|Pyroar, L50, F|\n|poke|p2|Appletun, L50, F|\n|poke|p2|Roaring Moon, L50|\n|poke|p2|Grimmsnarl, L50, M|\n|teampreview|4\nRandyxx rejected open team sheets.\n|\n|t:|1682635217\n|start\n|switch|p1a: Scizor|Scizor, L50, F|100\/100\n|switch|p1b: Salamence|Salamence, L50, M|100\/100\n|switch|p2a: Appletun|Appletun, L50, F|100\/100\n|switch|p2b: Roaring Moon|Roaring Moon, L50|100\/100\n|-ability|p1b: Salamence|Intimidate|boost\n|-unboost|p2a: Appletun|atk|1\n|-unboost|p2b: Roaring Moon|atk|1\n|-enditem|p2b: Roaring Moon|Booster Energy\n|-activate|p2b: Roaring Moon|ability: Protosynthesis|[fromitem]\n|-start|p2b: Roaring Moon|protosynthesisspe\n|turn|1\n|\n|t:|1682635262\n|-terastallize|p1b: Salamence|Steel\n|move|p2b: Roaring Moon|Protect|p2b: Roaring Moon\n|-singleturn|p2b: Roaring Moon|Protect\n|move|p1b: Salamence|Tailwind|p1b: Salamence\n|-sidestart|p1: Randyxx|move: Tailwind\n|move|p1a: Scizor|Aerial Ace|p2a: Appletun\n|-supereffective|p2a: Appletun\n|-damage|p2a: Appletun|30\/100\n|-activate|p2a: Appletun|ability: Ripen\n|-enditem|p2a: Appletun|Sitrus Berry|[eat]\n|-heal|p2a: Appletun|79\/100|[from] item: Sitrus Berry\n|move|p2a: Appletun|Iron Defense|p2a: Appletun\n|-boost|p2a: Appletun|def|2\n|\n|upkeep\n|turn|2\n|\n|t:|1682635305\n|-terastallize|p2a: Appletun|Steel\n|move|p2b: Roaring Moon|Acrobatics|p1a: Scizor\n|-damage|p1a: Scizor|74\/100\n|move|p1b: Salamence|Dragon Claw|p2b: Roaring Moon\n|-supereffective|p2b: Roaring Moon\n|-damage|p2b: Roaring Moon|0 fnt\n|faint|p2b: Roaring Moon\n|-end|p2b: Roaring Moon|Protosynthesis|[silent]\n|move|p1a: Scizor|U-turn|p2a: Appletun\n|-resisted|p2a: Appletun\n|-damage|p2a: Appletun|70\/100\n|\n|t:|1682635318\n|switch|p1a: Ursaring|Ursaring, L50, F|100\/100|[from] U-turn\n|move|p2a: Appletun|Recycle|p2a: Appletun\n|-item|p2a: Appletun|Sitrus Berry|[from] move: Recycle\n|\n|-status|p1a: Ursaring|brn|[from] item: Flame Orb\n|upkeep\n|\n|t:|1682635322\n|switch|p2b: Flutter Mane|Flutter Mane, L50|100\/100\n|turn|3\n|\n|t:|1682635345\n|move|p1b: Salamence|Dragon Claw|p2b: Flutter Mane\n|-immune|p2b: Flutter Mane\n|move|p1a: Ursaring|High Horsepower|p2a: Appletun\n|-supereffective|p2a: Appletun\n|-damage|p2a: Appletun|13\/100\n|-activate|p2a: Appletun|ability: Ripen\n|-enditem|p2a: Appletun|Sitrus Berry|[eat]\n|-heal|p2a: Appletun|63\/100|[from] item: Sitrus Berry\n|move|p2b: Flutter Mane|Moonblast|p1a: Ursaring\n|-damage|p1a: Ursaring|35\/100 brn\n|-unboost|p1a: Ursaring|spa|1\n|move|p2a: Appletun|Body Press|p1a: Ursaring\n|-supereffective|p1a: Ursaring\n|-damage|p1a: Ursaring|0 fnt\n|faint|p1a: Ursaring\n|\n|upkeep\n|\n|t:|1682635364\n|switch|p1a: Scizor|Scizor, L50, F|74\/100\n|turn|4\n|\n|t:|1682635386\n|-end|p2b: Flutter Mane|Protosynthesis|[silent]\n|switch|p2b: Pyroar|Pyroar, L50, F|100\/100\n|move|p1a: Scizor|Bullet Punch|p2b: Pyroar\n|-resisted|p2b: Pyroar\n|-damage|p2b: Pyroar|76\/100\n|move|p1b: Salamence|Dragon Claw|p2a: Appletun\n|-resisted|p2a: Appletun\n|-damage|p2a: Appletun|53\/100\n|move|p2a: Appletun|Recycle|p2a: Appletun\n|-item|p2a: Appletun|Sitrus Berry|[from] move: Recycle\n|\n|-sideend|p1: Randyxx|move: Tailwind\n|upkeep\n|turn|5\n|\n|t:|1682635432\n|move|p2b: Pyroar|Flamethrower|p1a: Scizor\n|-supereffective|p1a: Scizor\n|-damage|p1a: Scizor|0 fnt\n|faint|p1a: Scizor\n|-damage|p2b: Pyroar|66\/100|[from] item: Life Orb\n|move|p1b: Salamence|Dragon Claw|p2b: Pyroar\n|-damage|p2b: Pyroar|10\/100\n|move|p2a: Appletun|Iron Defense|p2a: Appletun\n|-boost|p2a: Appletun|def|2\n|\n|upkeep\n|\n|t:|1682635443\n|switch|p1a: Zangoose|Zangoose, L50, M|100\/100\n|turn|6\n|\n|t:|1682635494\n|move|p1b: Salamence|Protect|p1b: Salamence\n|-singleturn|p1b: Salamence|Protect\n|move|p2b: Pyroar|Flamethrower|p1b: Salamence\n|-activate|p1b: Salamence|move: Protect\n|move|p1a: Zangoose|Facade|p2b: Pyroar\n|-damage|p2b: Pyroar|0 fnt\n|faint|p2b: Pyroar\n|move|p2a: Appletun|Body Press|p1a: Zangoose\n|-supereffective|p1a: Zangoose\n|-damage|p1a: Zangoose|0 fnt\n|faint|p1a: Zangoose\n|\n|upkeep\n|\n|t:|1682635506\n|switch|p2b: Flutter Mane|Flutter Mane, L50|100\/100\n|turn|7\n|\n|t:|1682635510\n|move|p2b: Flutter Mane|Shadow Ball|p1b: Salamence\n|-damage|p1b: Salamence|60\/100\n|move|p1b: Salamence|Iron Head|p2b: Flutter Mane\n|-supereffective|p2b: Flutter Mane\n|-crit|p2b: Flutter Mane\n|-enditem|p2b: Flutter Mane|Focus Sash\n|-damage|p2b: Flutter Mane|1\/100\n|move|p2a: Appletun|Body Press|p1b: Salamence\n|-supereffective|p1b: Salamence\n|-damage|p1b: Salamence|0 fnt\n|faint|p1b: Salamence\n|\n|win|qwilfishfan5\n|raw|Randyxx's rating: 1123 → 1093<\/strong> (-30 for losing)\n|raw|qwilfishfan5's rating: 1055 → 1093<\/strong> (+38 for winning)\n|l|\u2606Randyxx\n","uploadtime":1682635527,"views":18,"p1id":"randyxx","p2id":"qwilfishfan5","formatid":"gen9vgc2023regulationc","rating":1093,"private":0,"password":""}