{"id":"gen9vgc2023regulationc-1860747730","p1":"BaltimoreBuizels","p2":"heelflores","format":"[Gen 9] VGC 2023 Regulation C","log":"|j|\u2606BaltimoreBuizels\n|j|\u2606heelflores\n|t:|1683673034\n|gametype|doubles\n|player|p1|BaltimoreBuizels|flannery|1204\n|player|p2|heelflores|roughneck-gen4|1168\n|teamsize|p1|6\n|teamsize|p2|6\n|gen|9\n|tier|[Gen 9] VGC 2023 Regulation C\n|rated|\n|rule|Species Clause: Limit one of each Pok\u00e9mon\n|rule|Item Clause: Limit one of each item\n|clearpoke\n|poke|p1|Dragapult, L50, M|\n|poke|p1|Chien-Pao, L50|\n|poke|p1|Talonflame, L50, M|\n|poke|p1|Iron Bundle, L50|\n|poke|p1|Flutter Mane, L50|\n|poke|p1|Amoonguss, L50, M|\n|poke|p2|Jumpluff, L50, F|\n|poke|p2|Kingambit, L50, M|\n|poke|p2|Torkoal, L50, F|\n|poke|p2|Chien-Pao, L50|\n|poke|p2|Great Tusk, L50|\n|poke|p2|Flutter Mane, L50|\n|teampreview|4\n|inactive|Battle timer is ON: inactive players will automatically lose when time's up. (requested by BaltimoreBuizels)\n|\n|t:|1683673093\n|start\n|switch|p1a: Taloncott|Talonflame, L50, M, shiny|100\/100\n|switch|p1b: Gimbob|Iron Bundle, L50, shiny|100\/100\n|switch|p2a: Great Tusk|Great Tusk, L50|100\/100\n|switch|p2b: Jumpluff|Jumpluff, L50, F|100\/100\n|-enditem|p1b: Gimbob|Booster Energy\n|-activate|p1b: Gimbob|ability: Quark Drive|[fromitem]\n|-start|p1b: Gimbob|quarkdrivespe\n|turn|1\n|inactive|heelflores has 30 seconds left.\n|\n|t:|1683673127\n|-terastallize|p1b: Gimbob|Ghost\n|-terastallize|p2b: Jumpluff|Water\n|move|p1a: Taloncott|Tailwind|p1a: Taloncott\n|-sidestart|p1: BaltimoreBuizels|move: Tailwind\n|move|p1b: Gimbob|Icy Wind|p2a: Great Tusk|[spread] p2a,p2b\n|-supereffective|p2a: Great Tusk\n|-resisted|p2b: Jumpluff\n|-damage|p2a: Great Tusk|47\/100\n|-damage|p2b: Jumpluff|90\/100\n|-unboost|p2a: Great Tusk|spe|1\n|move|p2b: Jumpluff|Tailwind|p2b: Jumpluff\n|-sidestart|p2: heelflores|move: Tailwind\n|move|p2a: Great Tusk|Rock Slide|p1b: Gimbob|[spread] p1a,p1b\n|-supereffective|p1a: Taloncott\n|-crit|p1b: Gimbob\n|-damage|p1a: Taloncott|11\/100\n|-damage|p1b: Gimbob|59\/100\n|\n|upkeep\n|turn|2\n|inactive|heelflores has 30 seconds left.\n|inactive|heelflores has 20 seconds left.\n|inactive|heelflores has 15 seconds left.\n|\n|t:|1683673170\n|-end|p2a: Great Tusk|Protosynthesis|[silent]\n|switch|p2a: Kingambit|Kingambit, L50, M, shiny|100\/100\n|move|p1b: Gimbob|Freeze-Dry|p2b: Jumpluff\n|-supereffective|p2b: Jumpluff\n|-damage|p2b: Jumpluff|22\/100\n|move|p1a: Taloncott|Brave Bird|p2a: Kingambit\n|-resisted|p2a: Kingambit\n|-damage|p2a: Kingambit|86\/100\n|-damage|p1a: Taloncott|6\/100|[from] Recoil\n|move|p2b: Jumpluff|Sleep Powder|p1b: Gimbob\n|-status|p1b: Gimbob|slp|[from] move: Sleep Powder\n|\n|upkeep\n|turn|3\n|inactive|heelflores has 30 seconds left.\n|inactive|heelflores has 20 seconds left.\n|inactive|heelflores has 15 seconds left.\n|inactive|heelflores has 10 seconds left.\n|\n|t:|1683673219\n|switch|p2a: Torkoal|Torkoal, L50, F|100\/100\n|-weather|SunnyDay|[from] ability: Drought|[of] p2a: Torkoal\n|move|p2b: Jumpluff|Encore|p1a: Taloncott\n|-start|p1a: Taloncott|Encore\n|cant|p1b: Gimbob|slp\n|move|p1a: Taloncott|Brave Bird|p2a: Torkoal\n|-damage|p2a: Torkoal|73\/100\n|-damage|p1a: Taloncott|0 fnt|[from] Recoil\n|faint|p1a: Taloncott\n|\n|-weather|SunnyDay|[upkeep]\n|upkeep\n|inactive|BaltimoreBuizels has 30 seconds left.\n|\n|t:|1683673248\n|switch|p1a: Whimsi-Pao|Chien-Pao, L50|100\/100\n|-ability|p1a: Whimsi-Pao|Sword of Ruin\n|turn|4\n|\n|t:|1683673258\n|switch|p2b: Kingambit|Kingambit, L50, M, shiny|86\/100\n|move|p1a: Whimsi-Pao|Protect|p1a: Whimsi-Pao\n|-singleturn|p1a: Whimsi-Pao|Protect\n|-curestatus|p1b: Gimbob|slp|[msg]\n|move|p1b: Gimbob|Freeze-Dry|p2b: Kingambit\n|-resisted|p2b: Kingambit\n|-damage|p2b: Kingambit|74\/100\n|move|p2a: Torkoal|Overheat|p1b: Gimbob\n|-damage|p1b: Gimbob|0 fnt\n|-unboost|p2a: Torkoal|spa|2\n|-enditem|p2a: Torkoal|Eject Pack\n|faint|p1b: Gimbob\n|-end|p1b: Gimbob|Quark Drive|[silent]\n|\n|t:|1683673274\n|switch|p2a: Jumpluff|Jumpluff, L50, F, tera:Water|22\/100\n|\n|-weather|SunnyDay|[upkeep]\n|-sideend|p1: BaltimoreBuizels|move: Tailwind\n|-sideend|p2: heelflores|move: Tailwind\n|upkeep\n|\n|t:|1683673280\n|switch|p1b: Fluttercott|Flutter Mane, L50, shiny|100\/100\n|-activate|p1b: Fluttercott|ability: Protosynthesis\n|-start|p1b: Fluttercott|protosynthesisspa\n|turn|5\n|inactive|heelflores has 30 seconds left.\n|inactive|heelflores has 20 seconds left.\n|\n|t:|1683673318\n|move|p2a: Jumpluff|Sleep Powder|p1a: Whimsi-Pao\n|-status|p1a: Whimsi-Pao|slp|[from] move: Sleep Powder\n|cant|p1a: Whimsi-Pao|slp\n|move|p1b: Fluttercott|Dazzling Gleam|p2a: Jumpluff|[spread] p2a,p2b\n|-damage|p2a: Jumpluff|0 fnt\n|-damage|p2b: Kingambit|32\/100\n|faint|p2a: Jumpluff\n|move|p2b: Kingambit|Iron Head|p1a: Whimsi-Pao\n|-supereffective|p1a: Whimsi-Pao\n|-enditem|p1a: Whimsi-Pao|Focus Sash\n|-damage|p1a: Whimsi-Pao|1\/100 slp\n|\n|-weather|SunnyDay|[upkeep]\n|upkeep\n|\n|t:|1683673334\n|switch|p2a: Torkoal|Torkoal, L50, F|73\/100\n|turn|6\n|\n|t:|1683673340\n|move|p2a: Torkoal|Helping Hand|p2b: Kingambit\n|-singleturn|p2b: Kingambit|Helping Hand|[of] p2a: Torkoal\n|cant|p1a: Whimsi-Pao|slp\n|move|p2b: Kingambit|Sucker Punch|p1b: Fluttercott\n|-damage|p1b: Fluttercott|0 fnt\n|faint|p1b: Fluttercott\n|-end|p1b: Fluttercott|Protosynthesis|[silent]\n|\n|-weather|SunnyDay|[upkeep]\n|upkeep\n|turn|7\n|\n|t:|1683673356\n|move|p2b: Kingambit|Sucker Punch|p1a: Whimsi-Pao\n|-resisted|p1a: Whimsi-Pao\n|-damage|p1a: Whimsi-Pao|0 fnt\n|faint|p1a: Whimsi-Pao\n|\n|win|heelflores\n|raw|BaltimoreBuizels's rating: 1204 → 1176<\/strong> (-28 for losing)\n|raw|heelflores's rating: 1168 → 1196<\/strong> (+28 for winning)\n|l|\u2606heelflores\n","uploadtime":1683673371,"views":13,"p1id":"baltimorebuizels","p2id":"heelflores","formatid":"gen9vgc2023regulationc","rating":1176,"private":0,"password":""}