{"id":"gen9vgc2023regulationc-1863131033","p1":"BravadoMercenary","p2":"wakephul","format":"[Gen 9] VGC 2023 Regulation C","log":"|j|\u2606BravadoMercenary\n|j|\u2606wakephul\n|t:|1683976354\n|gametype|doubles\n|player|p1|BravadoMercenary|ingo|1212\n|player|p2|wakephul|2|1151\n|teamsize|p1|6\n|teamsize|p2|6\n|gen|9\n|tier|[Gen 9] VGC 2023 Regulation C\n|rated|\n|rule|Species Clause: Limit one of each Pok\u00e9mon\n|rule|Item Clause: Limit one of each item\n|clearpoke\n|poke|p1|Rabsca, L50, M|\n|poke|p1|Dragonite, L50, F|\n|poke|p1|Flutter Mane, L50|\n|poke|p1|Chi-Yu, L50|\n|poke|p1|Maushold, L50|\n|poke|p1|Annihilape, L50, M|\n|poke|p2|Chien-Pao, L50|\n|poke|p2|Garchomp, L50, M|\n|poke|p2|Scizor, L50, F|\n|poke|p2|Gyarados, L50, M|\n|poke|p2|Farigiraf, L50, M|\n|poke|p2|Iron Hands, L50|\n|teampreview|4\n|inactive|Battle timer is ON: inactive players will automatically lose when time's up. (requested by BravadoMercenary)\n|inactive|BravadoMercenary has 60 seconds left.\n|\n|t:|1683976388\n|start\n|switch|p1a: Flutter Mane|Flutter Mane, L50|100\/100\n|switch|p1b: Chi-Yu|Chi-Yu, L50|100\/100\n|switch|p2a: Chien-Pao|Chien-Pao, L50|100\/100\n|switch|p2b: Garchomp|Garchomp, L50, M|100\/100\n|-ability|p1b: Chi-Yu|Beads of Ruin\n|-ability|p2a: Chien-Pao|Sword of Ruin\n|turn|1\n|\n|t:|1683976406\n|-terastallize|p1a: Flutter Mane|Fairy\n|-terastallize|p2a: Chien-Pao|Flying\n|move|p2a: Chien-Pao|Sucker Punch|p1a: Flutter Mane\n|-resisted|p1a: Flutter Mane\n|-damage|p1a: Flutter Mane|55\/100\n|move|p2b: Garchomp|Earthquake|p1a: Flutter Mane|[spread] p1a,p1b\n|-immune|p2a: Chien-Pao\n|-supereffective|p1b: Chi-Yu\n|-damage|p1a: Flutter Mane|0 fnt\n|-damage|p1b: Chi-Yu|0 fnt\n|faint|p1a: Flutter Mane\n|-end|p1a: Flutter Mane|Protosynthesis|[silent]\n|faint|p1b: Chi-Yu\n|\n|upkeep\n|inactive|BravadoMercenary has 30 seconds left.\n|c|\u2606BravadoMercenary|scarf wow okay\n|\n|t:|1683976435\n|switch|p1a: Dragonite|Dragonite, L50, F|100\/100\n|switch|p1b: Rabsca|Rabsca, L50, M|100\/100\n|turn|2\n|\n|t:|1683976455\n|switch|p2b: Gyarados|Gyarados, L50, M|100\/100\n|-ability|p2b: Gyarados|Intimidate|boost\n|-fail|p1a: Dragonite|unboost|Attack|[from] ability: Inner Focus|[of] p1a: Dragonite\n|-unboost|p1b: Rabsca|atk|1\n|move|p2a: Chien-Pao|Ice Fang|p1a: Dragonite|[miss]\n|-miss|p2a: Chien-Pao|p1a: Dragonite\n|move|p1a: Dragonite|Ice Spinner|p2b: Gyarados\n|-damage|p2b: Gyarados|37\/100\n|-enditem|p2b: Gyarados|Sitrus Berry|[eat]\n|-heal|p2b: Gyarados|61\/100|[from] item: Sitrus Berry\n|move|p1b: Rabsca|Revival Blessing|p1b: Rabsca\n|-enditem|p1b: Rabsca|Leppa Berry|[eat]\n|-activate|p1b: Rabsca|item: Leppa Berry|Revival Blessing|[consumed]\n|\n|t:|1683976466\n|-heal|p1: Chi-Yu|50\/100|[from] move: Revival Blessing\n|\n|upkeep\n|turn|3\n|\n|t:|1683976485\n|move|p2a: Chien-Pao|Sucker Punch||[still]\n|-fail|p2a: Chien-Pao\n|move|p1a: Dragonite|Ice Spinner|p2a: Chien-Pao\n|-supereffective|p2a: Chien-Pao\n|-enditem|p2a: Chien-Pao|Focus Sash\n|-damage|p2a: Chien-Pao|1\/100\n|move|p2b: Gyarados|Thunder Wave|p1a: Dragonite\n|-status|p1a: Dragonite|par\n|move|p1b: Rabsca|Revival Blessing|p1b: Rabsca\n|\n|t:|1683976491\n|-heal|p1: Flutter Mane|50\/100|[from] move: Revival Blessing\n|\n|upkeep\n|turn|4\n|\n|t:|1683976510\n|move|p2a: Chien-Pao|Protect|p2a: Chien-Pao\n|-singleturn|p2a: Chien-Pao|Protect\n|move|p2b: Gyarados|Waterfall|p1b: Rabsca\n|-damage|p1b: Rabsca|60\/100\n|cant|p1a: Dragonite|par\n|move|p1b: Rabsca|Struggle Bug|p2b: Gyarados|[spread] p2b\n|-activate|p2a: Chien-Pao|move: Protect\n|-resisted|p2b: Gyarados\n|-damage|p2b: Gyarados|56\/100\n|-unboost|p2b: Gyarados|spa|1\n|\n|upkeep\n|turn|5\n|\n|t:|1683976529\n|move|p2a: Chien-Pao|Sucker Punch|p1a: Dragonite\n|-damage|p1a: Dragonite|50\/100 par\n|move|p2b: Gyarados|Waterfall|p1b: Rabsca\n|-damage|p1b: Rabsca|18\/100\n|move|p1a: Dragonite|Ice Spinner|p2b: Gyarados\n|-damage|p2b: Gyarados|0 fnt\n|faint|p2b: Gyarados\n|move|p1b: Rabsca|Struggle Bug|p2a: Chien-Pao\n|-resisted|p2a: Chien-Pao\n|-damage|p2a: Chien-Pao|0 fnt\n|faint|p2a: Chien-Pao\n|\n|upkeep\n|\n|t:|1683976541\n|switch|p2a: Garchomp|Garchomp, L50, M|100\/100\n|switch|p2b: Iron Hands|Iron Hands, L50|100\/100\n|turn|6\n|inactive|wakephul has 30 seconds left.\n|inactive|wakephul has 20 seconds left.\n|\n|t:|1683976580\n|move|p2b: Iron Hands|Fake Out|p1a: Dragonite\n|-damage|p1a: Dragonite|32\/100 par\n|move|p2a: Garchomp|Outrage|p1b: Rabsca\n|-damage|p1b: Rabsca|0 fnt\n|faint|p1b: Rabsca\n|cant|p1a: Dragonite|par\n|\n|upkeep\n|\n|t:|1683976587\n|switch|p1b: Flutter Mane|Flutter Mane, L50|50\/100\n|turn|7\n|\n|t:|1683976600\n|move|p2a: Garchomp|Outrage|p1b: Flutter Mane|[from]lockedmove\n|-immune|p1b: Flutter Mane\n|-start|p2a: Garchomp|confusion|[fatigue]\n|move|p1b: Flutter Mane|Moonblast|p2a: Garchomp\n|-supereffective|p2a: Garchomp\n|-damage|p2a: Garchomp|0 fnt\n|faint|p2a: Garchomp\n|cant|p1a: Dragonite|par\n|move|p2b: Iron Hands|Drain Punch|p1a: Dragonite\n|-resisted|p1a: Dragonite\n|-damage|p1a: Dragonite|7\/100 par\n|\n|upkeep\n|turn|8\n|\n|t:|1683976619\n|switch|p1a: Chi-Yu|Chi-Yu, L50|50\/100\n|-ability|p1a: Chi-Yu|Beads of Ruin\n|move|p1b: Flutter Mane|Moonblast|p2b: Iron Hands\n|-supereffective|p2b: Iron Hands\n|-damage|p2b: Iron Hands|1\/100\n|-unboost|p2b: Iron Hands|spa|1\n|move|p2b: Iron Hands|Heavy Slam|p1b: Flutter Mane\n|-supereffective|p1b: Flutter Mane\n|-damage|p1b: Flutter Mane|0 fnt\n|faint|p1b: Flutter Mane\n|-end|p1b: Flutter Mane|Protosynthesis|[silent]\n|\n|upkeep\n|\n|t:|1683976627\n|switch|p1b: Dragonite|Dragonite, L50, F|7\/100 par\n|turn|9\n|\n|t:|1683976633\n|cant|p1b: Dragonite|par\n|move|p1a: Chi-Yu|Dark Pulse|p2b: Iron Hands\n|-resisted|p2b: Iron Hands\n|-damage|p2b: Iron Hands|0 fnt\n|faint|p2b: Iron Hands\n|-end|p2b: Iron Hands|Quark Drive|[silent]\n|\n|win|BravadoMercenary\n|raw|BravadoMercenary's rating: 1212 → 1233<\/strong> (+21 for winning)\n|raw|wakephul's rating: 1151 → 1130<\/strong> (-21 for losing)\n|c|\u2606BravadoMercenary|gg\n|c|\u2606wakephul|gg\n|l|\u2606wakephul\n|c|\u2606BravadoMercenary|damn scarf thou\n","uploadtime":1683976648,"views":15,"p1id":"bravadomercenary","p2id":"wakephul","formatid":"gen9vgc2023regulationc","rating":1130,"private":0,"password":""}