{"id":"gen9vgc2023regulationc-1856822463","p1":"Arcacagne","p2":"UsernameNotVisible","format":"[Gen 9] VGC 2023 Regulation C","log":"|j|\u2606Arcacagne\n|j|\u2606UsernameNotVisible\n|t:|1683116097\n|gametype|doubles\n|player|p1|Arcacagne|265|1355\n|player|p2|UsernameNotVisible|170|1320\n|teamsize|p1|6\n|teamsize|p2|6\n|gen|9\n|tier|[Gen 9] VGC 2023 Regulation C\n|rated|\n|rule|Species Clause: Limit one of each Pok\u00e9mon\n|rule|Item Clause: Limit one of each item\n|clearpoke\n|poke|p1|Chi-Yu, L50|\n|poke|p1|Flutter Mane, L50|\n|poke|p1|Amoonguss, L50, M|\n|poke|p1|Palafin, L50, M|\n|poke|p1|Kingambit, L50, F|\n|poke|p1|Arcanine, L50, F|\n|poke|p2|Scizor, L50, F|\n|poke|p2|Ceruledge, L50, M|\n|poke|p2|Rotom-Wash, L50|\n|poke|p2|Maushold-Four, L50|\n|poke|p2|Chien-Pao, L50|\n|poke|p2|Great Tusk, L50|\n|teampreview|4\n|inactive|Battle timer is ON: inactive players will automatically lose when time's up. (requested by UsernameNotVisible)\n|inactive|Arcacagne has 60 seconds left.\n|inactive|UsernameNotVisible has 60 seconds left.\n|inactive|Arcacagne has 30 seconds left.\n|inactive|UsernameNotVisible has 30 seconds left.\n|inactive|Arcacagne has 20 seconds left.\n|\n|t:|1683116172\n|start\n|switch|p1a: Chi-Yu|Chi-Yu, L50|100\/100\n|switch|p1b: Amoonguss|Amoonguss, L50, M|100\/100\n|switch|p2a: Ceruledge|Ceruledge, L50, M|100\/100\n|switch|p2b: Rotom|Rotom-Wash, L50|100\/100\n|-ability|p1a: Chi-Yu|Beads of Ruin\n|turn|1\n|inactive|Arcacagne has 30 seconds left.\n|inactive|UsernameNotVisible has 30 seconds left.\n|inactive|UsernameNotVisible has 20 seconds left.\n|inactive|UsernameNotVisible has 15 seconds left.\n|inactive|UsernameNotVisible has 10 seconds left.\n|\n|t:|1683116218\n|-terastallize|p2a: Ceruledge|Grass\n|-terastallize|p1b: Amoonguss|Water\n|move|p1b: Amoonguss|Rage Powder|p1b: Amoonguss\n|-singleturn|p1b: Amoonguss|move: Rage Powder\n|move|p1a: Chi-Yu|Nasty Plot|p1a: Chi-Yu\n|-boost|p1a: Chi-Yu|spa|2\n|move|p2a: Ceruledge|Bulk Up|p2a: Ceruledge\n|-boost|p2a: Ceruledge|atk|1\n|-boost|p2a: Ceruledge|def|1\n|move|p2b: Rotom|Nasty Plot|p2b: Rotom\n|-boost|p2b: Rotom|spa|2\n|\n|upkeep\n|turn|2\n|inactive|Arcacagne has 30 seconds left.\n|inactive|UsernameNotVisible has 30 seconds left.\n|\n|t:|1683116248\n|move|p1b: Amoonguss|Rage Powder|p1b: Amoonguss\n|-singleturn|p1b: Amoonguss|move: Rage Powder\n|move|p1a: Chi-Yu|Dark Pulse|p2b: Rotom\n|-damage|p2b: Rotom|4\/100\n|-enditem|p2b: Rotom|Sitrus Berry|[eat]\n|-heal|p2b: Rotom|29\/100|[from] item: Sitrus Berry\n|move|p2a: Ceruledge|Tera Blast|p1b: Amoonguss\n|-supereffective|p1b: Amoonguss\n|-damage|p1b: Amoonguss|10\/100\n|-enditem|p1b: Amoonguss|Sitrus Berry|[eat]\n|-heal|p1b: Amoonguss|35\/100|[from] item: Sitrus Berry\n|move|p2b: Rotom|Thunderbolt|p1b: Amoonguss\n|-supereffective|p1b: Amoonguss\n|-damage|p1b: Amoonguss|0 fnt\n|faint|p1b: Amoonguss\n|\n|upkeep\n|\n|t:|1683116269\n|switch|p1b: Flutter Mane|Flutter Mane, L50|100\/100\n|-enditem|p1b: Flutter Mane|Booster Energy\n|-activate|p1b: Flutter Mane|ability: Protosynthesis|[fromitem]\n|-start|p1b: Flutter Mane|protosynthesisspa\n|turn|3\n|\n|t:|1683116283\n|move|p2a: Ceruledge|Shadow Sneak|p1b: Flutter Mane\n|-supereffective|p1b: Flutter Mane\n|-damage|p1b: Flutter Mane|15\/100\n|move|p1b: Flutter Mane|Moonblast|p2b: Rotom\n|-damage|p2b: Rotom|0 fnt\n|faint|p2b: Rotom\n|move|p1a: Chi-Yu|Dark Pulse|p2a: Ceruledge\n|-damage|p2a: Ceruledge|15\/100\n|\n|upkeep\n|\n|t:|1683116292\n|switch|p2b: Grandi Tasche|Great Tusk, L50|100\/100\n|turn|4\n|inactive|Arcacagne has 30 seconds left.\n|\n|t:|1683116321\n|-end|p1b: Flutter Mane|Protosynthesis|[silent]\n|switch|p1b: Arcanine|Arcanine, L50, F|100\/100\n|-ability|p1b: Arcanine|Intimidate|boost\n|-fail|p2a: Ceruledge|unboost|[from] item: Clear Amulet|[of] p2a: Ceruledge\n|-unboost|p2b: Grandi Tasche|atk|1\n|move|p2a: Ceruledge|Shadow Sneak|p1a: Chi-Yu\n|-resisted|p1a: Chi-Yu\n|-damage|p1a: Chi-Yu|82\/100\n|move|p2b: Grandi Tasche|Headlong Rush|p1a: Chi-Yu\n|-supereffective|p1a: Chi-Yu\n|-damage|p1a: Chi-Yu|0 fnt\n|-unboost|p2b: Grandi Tasche|def|1\n|-unboost|p2b: Grandi Tasche|spd|1\n|faint|p1a: Chi-Yu\n|\n|upkeep\n|\n|t:|1683116335\n|switch|p1a: Flutter Mane|Flutter Mane, L50|15\/100\n|turn|5\n|\n|t:|1683116356\n|move|p1b: Arcanine|Extreme Speed|p2a: Ceruledge\n|-damage|p2a: Ceruledge|0 fnt\n|faint|p2a: Ceruledge\n|move|p2b: Grandi Tasche|Headlong Rush|p1a: Flutter Mane\n|-damage|p1a: Flutter Mane|0 fnt\n|-unboost|p2b: Grandi Tasche|def|1\n|-unboost|p2b: Grandi Tasche|spd|1\n|faint|p1a: Flutter Mane\n|-end|p1a: Flutter Mane|Protosynthesis|[silent]\n|\n|upkeep\n|\n|t:|1683116363\n|switch|p2a: Chien-Pao|Chien-Pao, L50|100\/100\n|-ability|p2a: Chien-Pao|Sword of Ruin\n|turn|6\n|\n|t:|1683116379\n|move|p2b: Grandi Tasche|Headlong Rush|p1b: Arcanine\n|-supereffective|p1b: Arcanine\n|-damage|p1b: Arcanine|0 fnt\n|-unboost|p2b: Grandi Tasche|def|1\n|-unboost|p2b: Grandi Tasche|spd|1\n|faint|p1b: Arcanine\n|\n|win|UsernameNotVisible\n|raw|Arcacagne's rating: 1355 → 1333<\/strong> (-22 for losing)\n|raw|UsernameNotVisible's rating: 1320 → 1342<\/strong> (+22 for winning)\n|l|\u2606UsernameNotVisible\n","uploadtime":1683116448,"views":11,"p1id":"arcacagne","p2id":"usernamenotvisible","formatid":"gen9vgc2023regulationc","rating":1333,"private":0,"password":""}