{"id":"gen9vgc2023regulationc-1850525128","p1":"pelukas","p2":"hpgpgpgpgpgpg","format":"[Gen 9] VGC 2023 Regulation C","log":"|j|\u2606pelukas\n|j|\u2606hpgpgpgpgpgpg\n|t:|1682345680\n|gametype|doubles\n|player|p1|pelukas|gambler|1019\n|player|p2|hpgpgpgpgpgpg|102|1042\n|teamsize|p1|6\n|teamsize|p2|6\n|gen|9\n|tier|[Gen 9] VGC 2023 Regulation C\n|rated|\n|rule|Species Clause: Limit one of each Pok\u00e9mon\n|rule|Item Clause: Limit one of each item\n|clearpoke\n|poke|p1|Mimikyu, L50, M|\n|poke|p1|Flutter Mane, L50|\n|poke|p1|Garganacl, L50, M|\n|poke|p1|Iron Valiant, L50|\n|poke|p1|Tinkaton, L50, F|\n|poke|p1|Grimmsnarl, L50, M|\n|poke|p2|Armarouge, L50, M|\n|poke|p2|Lokix, L50, M|\n|poke|p2|Clawitzer, L50, F|\n|poke|p2|Stonjourner, L50, M|\n|poke|p2|Staraptor, L50, M|\n|poke|p2|Gogoat, L50, M|\n|teampreview|4\n|inactive|Battle timer is ON: inactive players will automatically lose when time's up. (requested by hpgpgpgpgpgpg)\npelukas rejected open team sheets.\n|\n|t:|1682345728\n|start\n|switch|p1a: Tinkaton|Tinkaton, L50, F, shiny|100\/100\n|switch|p1b: Grimmsnarl|Grimmsnarl, L50, M, shiny|100\/100\n|switch|p2a: Stonjourner|Stonjourner, L50, M|100\/100\n|switch|p2b: Staraptor|Staraptor, L50, M|100\/100\n|-ability|p1a: Tinkaton|Mold Breaker\n|turn|1\n|inactive|pelukas has 30 seconds left.\n|inactive|pelukas has 20 seconds left.\n|\n|t:|1682345766\n|switch|p2b: Gogoat|Gogoat, L50, M|100\/100\n|move|p1a: Tinkaton|Fake Out|p2b: Gogoat\n|-damage|p2b: Gogoat|93\/100\n|move|p1b: Grimmsnarl|Reflect|p1b: Grimmsnarl\n|-sidestart|p1: pelukas|Reflect\n|move|p2a: Stonjourner|Rock Slide|p1a: Tinkaton|[spread] p1a,p1b\n|-resisted|p1a: Tinkaton\n|-damage|p1a: Tinkaton|91\/100\n|-damage|p1b: Grimmsnarl|83\/100\n|\n|upkeep\n|turn|2\n|inactive|pelukas has 30 seconds left.\n|inactive|hpgpgpgpgpgpg has 30 seconds left.\n|\n|t:|1682345794\n|move|p2a: Stonjourner|Protect|p2a: Stonjourner\n|-singleturn|p2a: Stonjourner|Protect\n|move|p1b: Grimmsnarl|Parting Shot|p2b: Gogoat\n|-unboost|p2b: Gogoat|atk|1\n|-unboost|p2b: Gogoat|spa|1\n|\n|t:|1682345801\n|switch|p1b: Garganacl|Garganacl, L50, M, shiny|100\/100|[from] Parting Shot\n|move|p1a: Tinkaton|Gigaton Hammer|p2a: Stonjourner\n|-activate|p2a: Stonjourner|move: Protect\n|move|p2b: Gogoat|Leech Seed|p1a: Tinkaton\n|-start|p1a: Tinkaton|move: Leech Seed\n|\n|-damage|p1a: Tinkaton|79\/100|[from] Leech Seed|[of] p2b: Gogoat\n|-heal|p2b: Gogoat|100\/100|[silent]\n|upkeep\n|turn|3\n|\n|t:|1682345822\n|switch|p1a: Flutter Mane|Flutter Mane, L50, shiny|100\/100\n|-terastallize|p1b: Garganacl|Fairy\n|move|p2a: Stonjourner|Rock Slide|p1a: Flutter Mane|[spread] p1a,p1b\n|-damage|p1a: Flutter Mane|67\/100\n|-damage|p1b: Garganacl|93\/100\n|move|p2b: Gogoat|Leech Seed|p1b: Garganacl\n|-start|p1b: Garganacl|move: Leech Seed\n|move|p1b: Garganacl|Salt Cure|p2b: Gogoat\n|-damage|p2b: Gogoat|87\/100\n|-start|p2b: Gogoat|Salt Cure\n|\n|-damage|p1b: Garganacl|81\/100|[from] Leech Seed|[of] p2b: Gogoat\n|-heal|p2b: Gogoat|100\/100|[silent]\n|-damage|p2b: Gogoat|88\/100|[from] Salt Cure\n|upkeep\n|turn|4\n|\n|t:|1682345843\n|move|p1a: Flutter Mane|Shadow Ball|p2a: Stonjourner\n|-damage|p2a: Stonjourner|33\/100\n|-unboost|p2a: Stonjourner|spd|1\n|-damage|p1a: Flutter Mane|57\/100|[from] item: Life Orb\n|move|p2a: Stonjourner|Rock Slide|p1b: Garganacl|[spread] p1a,p1b\n|-damage|p1a: Flutter Mane|22\/100\n|-damage|p1b: Garganacl|72\/100\n|move|p2b: Gogoat|Leech Seed|p1a: Flutter Mane\n|-start|p1a: Flutter Mane|move: Leech Seed\n|move|p1b: Garganacl|Avalanche|p2b: Gogoat\n|-supereffective|p2b: Gogoat\n|-damage|p2b: Gogoat|64\/100\n|\n|-heal|p2a: Stonjourner|39\/100|[from] item: Leftovers\n|-damage|p1a: Flutter Mane|10\/100|[from] Leech Seed|[of] p2b: Gogoat\n|-heal|p2b: Gogoat|74\/100|[silent]\n|-damage|p1b: Garganacl|60\/100|[from] Leech Seed|[of] p2b: Gogoat\n|-heal|p2b: Gogoat|89\/100|[silent]\n|-damage|p2b: Gogoat|77\/100|[from] Salt Cure\n|upkeep\n|turn|5\n|\n|t:|1682345866\n|-end|p1a: Flutter Mane|Protosynthesis|[silent]\n|switch|p1a: Tinkaton|Tinkaton, L50, F, shiny|79\/100\n|-ability|p1a: Tinkaton|Mold Breaker\n|switch|p1b: Grimmsnarl|Grimmsnarl, L50, M, shiny|83\/100\n|move|p2a: Stonjourner|Protect|p2a: Stonjourner\n|-singleturn|p2a: Stonjourner|Protect\n|move|p2b: Gogoat|Grassy Terrain|p2b: Gogoat\n|-fieldstart|move: Grassy Terrain\n|\n|-heal|p1a: Tinkaton|84\/100|[from] Grassy Terrain\n|-heal|p2a: Stonjourner|44\/100|[from] Grassy Terrain\n|-heal|p2a: Stonjourner|50\/100|[from] item: Leftovers\n|-heal|p1b: Grimmsnarl|89\/100|[from] Grassy Terrain\n|-heal|p2b: Gogoat|83\/100|[from] Grassy Terrain\n|-damage|p2b: Gogoat|71\/100|[from] Salt Cure\n|upkeep\n|turn|6\n|\n|t:|1682345890\n|move|p1a: Tinkaton|Fake Out|p2b: Gogoat\n|-damage|p2b: Gogoat|62\/100\n|move|p2a: Stonjourner|Rock Slide|p1b: Grimmsnarl|[spread] p1a,p1b\n|-resisted|p1a: Tinkaton\n|-damage|p1a: Tinkaton|75\/100\n|-damage|p1b: Grimmsnarl|72\/100\n|move|p1b: Grimmsnarl|Stomping Tantrum|p2a: Stonjourner\n|-supereffective|p2a: Stonjourner\n|-damage|p2a: Stonjourner|22\/100\n|cant|p2b: Gogoat|flinch\n|\n|-heal|p1a: Tinkaton|80\/100|[from] Grassy Terrain\n|-heal|p2a: Stonjourner|28\/100|[from] Grassy Terrain\n|-heal|p2a: Stonjourner|34\/100|[from] item: Leftovers\n|-heal|p1b: Grimmsnarl|78\/100|[from] Grassy Terrain\n|-heal|p2b: Gogoat|68\/100|[from] Grassy Terrain\n|-damage|p2b: Gogoat|56\/100|[from] Salt Cure\n|upkeep\n|turn|7\n|inactive|pelukas has 30 seconds left.\n|\n|t:|1682345917\n|move|p1b: Grimmsnarl|Parting Shot|p2b: Gogoat\n|-unboost|p2b: Gogoat|atk|1\n|-unboost|p2b: Gogoat|spa|1\n|\n|t:|1682345921\n|switch|p1b: Garganacl|Garganacl, L50, M, shiny, tera:Fairy|60\/100|[from] Parting Shot\n|move|p1a: Tinkaton|Gigaton Hammer|p2b: Gogoat\n|-damage|p2b: Gogoat|7\/100\n|move|p2a: Stonjourner|Rock Slide|p1b: Garganacl|[spread] p1a,p1b\n|-resisted|p1a: Tinkaton\n|-damage|p1a: Tinkaton|70\/100\n|-damage|p1b: Garganacl|52\/100\n|move|p2b: Gogoat|Leech Seed|p1a: Tinkaton\n|-start|p1a: Tinkaton|move: Leech Seed\n|\n|-heal|p1a: Tinkaton|76\/100|[from] Grassy Terrain\n|-heal|p2a: Stonjourner|40\/100|[from] Grassy Terrain\n|-heal|p2a: Stonjourner|45\/100|[from] item: Leftovers\n|-heal|p2b: Gogoat|14\/100|[from] Grassy Terrain\n|-heal|p1b: Garganacl|58\/100|[from] Grassy Terrain\n|-damage|p1a: Tinkaton|64\/100|[from] Leech Seed|[of] p2b: Gogoat\n|-heal|p2b: Gogoat|26\/100|[silent]\n|-damage|p2b: Gogoat|14\/100|[from] Salt Cure\n|upkeep\n|turn|8\n|inactive|pelukas has 30 seconds left.\n|inactive|pelukas has 20 seconds left.\n|inactive|pelukas has 15 seconds left.\n|\n|t:|1682345963\n|switch|p1a: Grimmsnarl|Grimmsnarl, L50, M, shiny|78\/100\n|move|p2a: Stonjourner|Rock Slide|p1b: Garganacl|[spread] p1a,p1b\n|-crit|p1b: Garganacl\n|-damage|p1a: Grimmsnarl|62\/100\n|-damage|p1b: Garganacl|39\/100\n|move|p2b: Gogoat|Leech Seed|p1b: Garganacl\n|-start|p1b: Garganacl|move: Leech Seed\n|cant|p1b: Garganacl|flinch\n|\n|-heal|p2a: Stonjourner|51\/100|[from] Grassy Terrain\n|-heal|p2a: Stonjourner|57\/100|[from] item: Leftovers\n|-heal|p1a: Grimmsnarl|68\/100|[from] Grassy Terrain\n|-heal|p2b: Gogoat|20\/100|[from] Grassy Terrain\n|-heal|p1b: Garganacl|44\/100|[from] Grassy Terrain\n|-damage|p1b: Garganacl|32\/100|[from] Leech Seed|[of] p2b: Gogoat\n|-heal|p2b: Gogoat|35\/100|[silent]\n|-damage|p2b: Gogoat|23\/100|[from] Salt Cure\n|-sideend|p1: pelukas|Reflect\n|upkeep\n|turn|9\n|\n|t:|1682345986\n|move|p2a: Stonjourner|Rock Slide|p1b: Garganacl|[spread] p1a,p1b\n|-damage|p1a: Grimmsnarl|45\/100\n|-damage|p1b: Garganacl|19\/100\n|move|p1a: Grimmsnarl|Stomping Tantrum|p2b: Gogoat\n|-resisted|p2b: Gogoat\n|-damage|p2b: Gogoat|17\/100\n|move|p2b: Gogoat|Leech Seed|p1a: Grimmsnarl\n|-start|p1a: Grimmsnarl|move: Leech Seed\n|move|p1b: Garganacl|Recover|p1b: Garganacl\n|-heal|p1b: Garganacl|70\/100\n|\n|-heal|p2a: Stonjourner|63\/100|[from] Grassy Terrain\n|-heal|p2a: Stonjourner|69\/100|[from] item: Leftovers\n|-heal|p1a: Grimmsnarl|50\/100|[from] Grassy Terrain\n|-heal|p2b: Gogoat|23\/100|[from] Grassy Terrain\n|-heal|p1b: Garganacl|75\/100|[from] Grassy Terrain\n|-damage|p1a: Grimmsnarl|38\/100|[from] Leech Seed|[of] p2b: Gogoat\n|-heal|p2b: Gogoat|38\/100|[silent]\n|-damage|p1b: Garganacl|63\/100|[from] Leech Seed|[of] p2b: Gogoat\n|-heal|p2b: Gogoat|53\/100|[silent]\n|-damage|p2b: Gogoat|40\/100|[from] Salt Cure\n|-fieldend|move: Grassy Terrain\n|upkeep\n|turn|10\n|\n|t:|1682346010\n|switch|p1a: Tinkaton|Tinkaton, L50, F, shiny|64\/100\n|-ability|p1a: Tinkaton|Mold Breaker\n|move|p2a: Stonjourner|Rock Slide|p1a: Tinkaton|[spread] \n|-miss|p2a: Stonjourner|p1a: Tinkaton\n|-miss|p2a: Stonjourner|p1b: Garganacl\n|move|p2b: Gogoat|Grassy Terrain|p2b: Gogoat\n|-fieldstart|move: Grassy Terrain\n|move|p1b: Garganacl|Avalanche|p2b: Gogoat\n|-supereffective|p2b: Gogoat\n|-damage|p2b: Gogoat|25\/100\n|\n|-heal|p1a: Tinkaton|70\/100|[from] Grassy Terrain\n|-heal|p2a: Stonjourner|74\/100|[from] Grassy Terrain\n|-heal|p2a: Stonjourner|80\/100|[from] item: Leftovers\n|-heal|p2b: Gogoat|31\/100|[from] Grassy Terrain\n|-heal|p1b: Garganacl|69\/100|[from] Grassy Terrain\n|-damage|p1b: Garganacl|57\/100|[from] Leech Seed|[of] p2b: Gogoat\n|-heal|p2b: Gogoat|46\/100|[silent]\n|-damage|p2b: Gogoat|34\/100|[from] Salt Cure\n|upkeep\n|turn|11\n|\n|t:|1682346034\n|switch|p1b: Grimmsnarl|Grimmsnarl, L50, M, shiny|38\/100\n|move|p1a: Tinkaton|Gigaton Hammer|p2b: Gogoat\n|-damage|p2b: Gogoat|0 fnt\n|faint|p2b: Gogoat\n|move|p2a: Stonjourner|Rock Slide|p1b: Grimmsnarl|[spread] p1a,p1b\n|-resisted|p1a: Tinkaton\n|-damage|p1a: Tinkaton|54\/100\n|-damage|p1b: Grimmsnarl|13\/100\n|\n|-heal|p1a: Tinkaton|60\/100|[from] Grassy Terrain\n|-heal|p2a: Stonjourner|86\/100|[from] Grassy Terrain\n|-heal|p2a: Stonjourner|92\/100|[from] item: Leftovers\n|-heal|p1b: Grimmsnarl|19\/100|[from] Grassy Terrain\n|upkeep\n|\n|t:|1682346050\n|switch|p2b: Lokix|Lokix, L50, M|100\/100\n|turn|12\n|\n|t:|1682346057\n|move|p2b: Lokix|First Impression|p1b: Grimmsnarl\n|-crit|p1b: Grimmsnarl\n|-damage|p1b: Grimmsnarl|0 fnt\n|faint|p1b: Grimmsnarl\n|move|p1a: Tinkaton|Play Rough|p2b: Lokix\n|-supereffective|p2b: Lokix\n|-damage|p2b: Lokix|13\/100\n|-enditem|p2b: Lokix|Liechi Berry|[eat]\n|-boost|p2b: Lokix|atk|1|[from] item: Liechi Berry\n|move|p2a: Stonjourner|Rock Slide|p1a: Tinkaton\n|-resisted|p1a: Tinkaton\n|-damage|p1a: Tinkaton|39\/100\n|\n|-heal|p2b: Lokix|19\/100|[from] Grassy Terrain\n|-heal|p1a: Tinkaton|45\/100|[from] Grassy Terrain\n|-heal|p2a: Stonjourner|98\/100|[from] Grassy Terrain\n|-heal|p2a: Stonjourner|100\/100|[from] item: Leftovers\n|upkeep\n|\n|t:|1682346073\n|switch|p1b: Garganacl|Garganacl, L50, M, shiny, tera:Fairy|57\/100\n|turn|13\n|inactive|hpgpgpgpgpgpg has 30 seconds left.\n|\n|t:|1682346105\n|move|p2b: Lokix|Sucker Punch|p1a: Tinkaton\n|-resisted|p1a: Tinkaton\n|-damage|p1a: Tinkaton|2\/100\n|move|p1a: Tinkaton|Gigaton Hammer|p2a: Stonjourner\n|-supereffective|p2a: Stonjourner\n|-damage|p2a: Stonjourner|33\/100\n|move|p2a: Stonjourner|Rock Slide|p1b: Garganacl|[spread] p1a,p1b\n|-resisted|p1a: Tinkaton\n|-damage|p1a: Tinkaton|0 fnt\n|-damage|p1b: Garganacl|45\/100\n|faint|p1a: Tinkaton\n|move|p1b: Garganacl|Recover|p1b: Garganacl\n|-heal|p1b: Garganacl|95\/100\n|\n|-heal|p2b: Lokix|25\/100|[from] Grassy Terrain\n|-heal|p2a: Stonjourner|39\/100|[from] Grassy Terrain\n|-heal|p2a: Stonjourner|44\/100|[from] item: Leftovers\n|-heal|p1b: Garganacl|100\/100|[from] Grassy Terrain\n|upkeep\n|\n|t:|1682346121\n|switch|p1a: Flutter Mane|Flutter Mane, L50, shiny|10\/100\n|turn|14\n|inactive|hpgpgpgpgpgpg has 30 seconds left.\n|\n|t:|1682346152\n|move|p1a: Flutter Mane|Protect|p1a: Flutter Mane\n|-singleturn|p1a: Flutter Mane|Protect\n|move|p2b: Lokix|Sucker Punch||[still]\n|-fail|p2b: Lokix\n|move|p2a: Stonjourner|Rock Slide|p1a: Flutter Mane|[spread] p1b\n|-activate|p1a: Flutter Mane|move: Protect\n|-damage|p1b: Garganacl|89\/100\n|cant|p1b: Garganacl|flinch\n|\n|-heal|p1a: Flutter Mane|16\/100|[from] Grassy Terrain\n|-heal|p2b: Lokix|31\/100|[from] Grassy Terrain\n|-heal|p2a: Stonjourner|50\/100|[from] Grassy Terrain\n|-heal|p2a: Stonjourner|56\/100|[from] item: Leftovers\n|-heal|p1b: Garganacl|95\/100|[from] Grassy Terrain\n|-fieldend|move: Grassy Terrain\n|upkeep\n|turn|15\n|inactive|hpgpgpgpgpgpg has 30 seconds left.\n|inactive|hpgpgpgpgpgpg has 20 seconds left.\n|\n|t:|1682346190\n|move|p1a: Flutter Mane|Protect|p1a: Flutter Mane\n|-singleturn|p1a: Flutter Mane|Protect\n|move|p2a: Stonjourner|Wide Guard|p2a: Stonjourner\n|-singleturn|p2a: Stonjourner|Wide Guard\n|move|p2b: Lokix|U-turn|p1b: Garganacl\n|-resisted|p1b: Garganacl\n|-damage|p1b: Garganacl|68\/100\n|-damage|p2b: Lokix|15\/100|[from] item: Rocky Helmet|[of] p1b: Garganacl\n|\n|t:|1682346199\n|switch|p2b: Staraptor|Staraptor, L50, M|100\/100|[from] U-turn\n|move|p1b: Garganacl|Salt Cure|p2b: Staraptor\n|-supereffective|p2b: Staraptor\n|-damage|p2b: Staraptor|58\/100\n|-start|p2b: Staraptor|Salt Cure\n|\n|-heal|p2a: Stonjourner|62\/100|[from] item: Leftovers\n|-damage|p2b: Staraptor|46\/100|[from] Salt Cure\n|upkeep\n|turn|16\n|\n|t:|1682346214\n|move|p2b: Staraptor|Brave Bird|p1b: Garganacl\n|-damage|p1b: Garganacl|23\/100\n|-damage|p2b: Staraptor|30\/100|[from] item: Rocky Helmet|[of] p1b: Garganacl\n|-damage|p2b: Staraptor|10\/100|[from] Recoil\n|move|p1a: Flutter Mane|Shadow Ball|p2a: Stonjourner\n|-damage|p2a: Stonjourner|0 fnt\n|faint|p2a: Stonjourner\n|-damage|p1a: Flutter Mane|6\/100|[from] item: Life Orb\n|move|p1b: Garganacl|Recover|p1b: Garganacl\n|-heal|p1b: Garganacl|73\/100\n|\n|-damage|p2b: Staraptor|0 fnt|[from] Salt Cure\n|faint|p2b: Staraptor\n|upkeep\n|\n|t:|1682346231\n|switch|p2b: Lokix|Lokix, L50, M|15\/100\n|turn|17\n|\n|t:|1682346239\n|move|p2b: Lokix|First Impression|p1b: Garganacl\n|-resisted|p1b: Garganacl\n|-damage|p1b: Garganacl|55\/100\n|-damage|p2b: Lokix|0 fnt|[from] item: Rocky Helmet|[of] p1b: Garganacl\n|faint|p2b: Lokix\n|\n|win|pelukas\n|raw|pelukas's rating: 1019 → 1059<\/strong> (+40 for winning)\n|raw|hpgpgpgpgpgpg's rating: 1042 → 1025<\/strong> (-17 for losing)\n|l|\u2606hpgpgpgpgpgpg\n","uploadtime":1682346246,"views":31,"p1id":"pelukas","p2id":"hpgpgpgpgpgpg","formatid":"gen9vgc2023regulationc","rating":1025,"private":0,"password":""}