{"id":"gen9vgc2023regulationc-1846545548","p1":"Bananenen","p2":"Atomic duck","format":"[Gen 9] VGC 2023 Regulation C","log":"|j|\u2606Bananenen\n|j|\u2606Atomic duck\n|t:|1681850248\n|gametype|doubles\n|player|p1|Bananenen|1|1187\n|player|p2|Atomic duck|170|1249\n|teamsize|p1|6\n|teamsize|p2|6\n|gen|9\n|tier|[Gen 9] VGC 2023 Regulation C\n|rated|\n|rule|Species Clause: Limit one of each Pok\u00e9mon\n|rule|Item Clause: Limit one of each item\n|clearpoke\n|poke|p1|Talonflame, L50, M|\n|poke|p1|Garchomp, L50, M|\n|poke|p1|Tsareena, L50, F|\n|poke|p1|Iron Bundle, L50|\n|poke|p1|Gholdengo, L50|\n|poke|p1|Chi-Yu, L50|\n|poke|p2|Chi-Yu, L50|\n|poke|p2|Dachsbun, L50, M|\n|poke|p2|Dragonite, L50, F|\n|poke|p2|Flutter Mane, L50|\n|poke|p2|Azumarill, L50, M|\n|poke|p2|Chien-Pao, L50|\n|teampreview|4\nAtomic duck has agreed to open team sheets.\n|inactive|Battle timer is ON: inactive players will automatically lose when time's up. (requested by Bananenen)\nBananenen has agreed to open team sheets.\n|inactive|Bananenen has 60 seconds left.\n|inactive|Atomic duck has 60 seconds left.\n|inactive|Bananenen has 30 seconds left.\n|\n|t:|1681850320\n|start\n|switch|p1a: Talonflame|Talonflame, L50, M|100\/100\n|switch|p1b: Garchomp|Garchomp, L50, M|100\/100\n|switch|p2a: Chi-Yu|Chi-Yu, L50|100\/100\n|switch|p2b: Dachsbun|Dachsbun, L50, M|100\/100\n|-ability|p2a: Chi-Yu|Beads of Ruin\n|turn|1\n|inactive|Bananenen has 30 seconds left.\n|inactive|Atomic duck has 30 seconds left.\n|inactive|Atomic duck has 20 seconds left.\n|inactive|Atomic duck has 15 seconds left.\n|inactive|Atomic duck has 10 seconds left.\n|inactive|Atomic duck has 5 seconds left.\n|\n|t:|1681850371\n|move|p1a: Talonflame|Brave Bird|p2a: Chi-Yu\n|-damage|p2a: Chi-Yu|26\/100\n|-damage|p1a: Talonflame|80\/100|[from] Recoil\n|move|p2a: Chi-Yu|Lava Plume|p1b: Garchomp|[spread] p1a,p1b\n|-ability|p2b: Dachsbun|Well-Baked Body|boost\n|-boost|p2b: Dachsbun|def|2\n|-resisted|p1a: Talonflame\n|-resisted|p1b: Garchomp\n|-damage|p1a: Talonflame|47\/100\n|-damage|p1b: Garchomp|76\/100\n|move|p1b: Garchomp|Earthquake|p2b: Dachsbun|[spread] p2a,p2b\n|-immune|p1a: Talonflame\n|-supereffective|p2a: Chi-Yu\n|-damage|p2a: Chi-Yu|0 fnt\n|-damage|p2b: Dachsbun|79\/100\n|faint|p2a: Chi-Yu\n|move|p2b: Dachsbun|Yawn|p1b: Garchomp\n|-start|p1b: Garchomp|move: Yawn|[of] p2b: Dachsbun\n|\n|-heal|p2b: Dachsbun|85\/100|[from] item: Leftovers\n|upkeep\n|\n|t:|1681850391\n|switch|p2a: Azumarill|Azumarill, L50, M|100\/100\n|turn|2\n|inactive|Atomic duck has 30 seconds left.\n|\n|t:|1681850417\n|switch|p1b: Gholdengo|Gholdengo, L50|100\/100\n|move|p2a: Azumarill|Aqua Jet|p1a: Talonflame\n|-supereffective|p1a: Talonflame\n|-damage|p1a: Talonflame|0 fnt\n|faint|p1a: Talonflame\n|move|p2b: Dachsbun|Wish|p2b: Dachsbun\n|\n|-heal|p2b: Dachsbun|91\/100|[from] item: Leftovers\n|upkeep\n|\n|t:|1681850429\n|switch|p1a: Iron Bundle|Iron Bundle, L50|100\/100\n|-enditem|p1a: Iron Bundle|Booster Energy\n|-activate|p1a: Iron Bundle|ability: Quark Drive|[fromitem]\n|-start|p1a: Iron Bundle|quarkdrivespe\n|turn|3\n|inactive|Atomic duck has 30 seconds left.\n|inactive|Atomic duck has 20 seconds left.\n|inactive|Atomic duck has 15 seconds left.\n|inactive|Atomic duck has 10 seconds left.\n|inactive|Atomic duck has 5 seconds left.\n|\n|t:|1681850484\n|-terastallize|p1b: Gholdengo|Steel\n|move|p1a: Iron Bundle|Protect|p1a: Iron Bundle\n|-singleturn|p1a: Iron Bundle|Protect\n|move|p2b: Dachsbun|Protect|p2b: Dachsbun\n|-singleturn|p2b: Dachsbun|Protect\n|move|p2a: Azumarill|Protect|p2a: Azumarill\n|-singleturn|p2a: Azumarill|Protect\n|move|p1b: Gholdengo|Make It Rain|p2a: Azumarill|[spread] \n|-activate|p2a: Azumarill|move: Protect\n|-activate|p2b: Dachsbun|move: Protect\n|\n|-heal|p2b: Dachsbun|100\/100|[from] move: Wish|[wisher] Dachsbun\n|upkeep\n|turn|4\n|inactive|Atomic duck has 30 seconds left.\n|inactive|Atomic duck has 20 seconds left.\n|inactive|Atomic duck has 15 seconds left.\n|\n|t:|1681850529\n|move|p1a: Iron Bundle|Encore|p2b: Dachsbun\n|-start|p2b: Dachsbun|Encore\n|move|p1b: Gholdengo|Make It Rain|p2b: Dachsbun|[spread] p2a,p2b\n|-supereffective|p2b: Dachsbun\n|-damage|p2a: Azumarill|2\/100\n|-damage|p2b: Dachsbun|0 fnt\n|-unboost|p1b: Gholdengo|spa|1\n|faint|p2b: Dachsbun\n|move|p2a: Azumarill|Liquidation|p1b: Gholdengo\n|-damage|p1b: Gholdengo|38\/100\n|\n|upkeep\n|\n|t:|1681850541\n|switch|p2b: Chien-Pao|Chien-Pao, L50|100\/100\n|-ability|p2b: Chien-Pao|Sword of Ruin\n|turn|5\n|inactive|Atomic duck has 30 seconds left.\n|inactive|Atomic duck has 20 seconds left.\n|inactive|Atomic duck has 15 seconds left.\n|inactive|Atomic duck has 10 seconds left.\n|\n|t:|1681850586\n|switch|p1b: Garchomp|Garchomp, L50, M|76\/100\n|-terastallize|p2b: Chien-Pao|Dark\n|move|p2a: Azumarill|Protect|p2a: Azumarill\n|-singleturn|p2a: Azumarill|Protect\n|move|p1a: Iron Bundle|Icy Wind|p2a: Azumarill|[spread] p2b\n|-activate|p2a: Azumarill|move: Protect\n|-damage|p2b: Chien-Pao|65\/100\n|-unboost|p2b: Chien-Pao|spe|1\n|move|p2b: Chien-Pao|Throat Chop|p1b: Garchomp\n|-damage|p1b: Garchomp|9\/100\n|-start|p1b: Garchomp|Throat Chop|[silent]\n|-damage|p2b: Chien-Pao|53\/100|[from] ability: Rough Skin|[of] p1b: Garchomp\n|\n|upkeep\n|turn|6\n|inactive|Bananenen has 30 seconds left.\n|\n|t:|1681850618\n|move|p1a: Iron Bundle|Protect|p1a: Iron Bundle\n|-singleturn|p1a: Iron Bundle|Protect\n|move|p2b: Chien-Pao|Sucker Punch||[still]\n|-fail|p2b: Chien-Pao\n|move|p2a: Azumarill|Aqua Jet|p1b: Garchomp\n|-damage|p1b: Garchomp|0 fnt\n|-damage|p2a: Azumarill|0 fnt|[from] ability: Rough Skin|[of] p1b: Garchomp\n|faint|p1b: Garchomp\n|faint|p2a: Azumarill\n|\n|upkeep\n|\n|t:|1681850625\n|switch|p1b: Gholdengo|Gholdengo, L50, tera:Steel|38\/100\n|turn|7\n|-message|Atomic duck forfeited.\n|\n|win|Bananenen\n|raw|Bananenen's rating: 1187 → 1216<\/strong> (+29 for winning)\n|raw|Atomic duck's rating: 1249 → 1220<\/strong> (-29 for losing)\n|l|\u2606Atomic duck\n","uploadtime":1681850669,"views":10,"p1id":"bananenen","p2id":"atomicduck","formatid":"gen9vgc2023regulationc","rating":1216,"private":0,"password":""}