{"id":"gen9vgc2023regulationc-1863923613","p1":"RiotKarthus","p2":"mathtass","format":"[Gen 9] VGC 2023 Regulation C","log":"|j|\u2606RiotKarthus\n|j|\u2606mathtass\n|t:|1684093809\n|gametype|doubles\n|player|p1|RiotKarthus|265|1444\n|player|p2|mathtass|101|1431\n|teamsize|p1|6\n|teamsize|p2|6\n|gen|9\n|tier|[Gen 9] VGC 2023 Regulation C\n|rated|\n|rule|Species Clause: Limit one of each Pok\u00e9mon\n|rule|Item Clause: Limit one of each item\n|clearpoke\n|poke|p1|Tsareena, L50, F|\n|poke|p1|Arcanine, L50, M|\n|poke|p1|Roaring Moon, L50|\n|poke|p1|Bronzong, L50|\n|poke|p1|Ting-Lu, L50|\n|poke|p1|Rotom-Wash, L50|\n|poke|p2|Palafin, L50, M|\n|poke|p2|Chien-Pao, L50|\n|poke|p2|Dragapult, L50, F|\n|poke|p2|Amoonguss, L50, F|\n|poke|p2|Arcanine, L50, M|\n|poke|p2|Flutter Mane, L50|\n|teampreview|4\n|\n|t:|1684093842\n|start\n|switch|p1a: Arcanine|Arcanine, L50, M|100\/100\n|switch|p1b: Roaring Moon|Roaring Moon, L50|100\/100\n|switch|p2a: Blair|Dragapult, L50, F, shiny|100\/100\n|switch|p2b: Poseidon|Palafin, L50, M, shiny|100\/100\n|-ability|p1a: Arcanine|Intimidate|boost\n|-fail|p2a: Blair|unboost|[from] ability: Clear Body|[of] p2a: Blair\n|-unboost|p2b: Poseidon|atk|1\n|-enditem|p1b: Roaring Moon|Booster Energy\n|-activate|p1b: Roaring Moon|ability: Protosynthesis|[fromitem]\n|-start|p1b: Roaring Moon|protosynthesisspe\n|turn|1\n|\n|t:|1684093860\n|detailschange|p2b: Poseidon|Palafin-Hero, L50, M, shiny\n|switch|p2b: Leon|Arcanine, L50, M, shiny|100\/100\n|-ability|p2b: Leon|Intimidate|boost\n|-unboost|p1a: Arcanine|atk|1\n|-unboost|p1b: Roaring Moon|atk|1\n|-terastallize|p2a: Blair|Steel\n|move|p1b: Roaring Moon|Tailwind|p1b: Roaring Moon\n|-sidestart|p1: RiotKarthus|move: Tailwind\n|move|p1a: Arcanine|Howl|p1a: Arcanine|[spread] p1a,p1b\n|-boost|p1a: Arcanine|atk|1\n|-boost|p1b: Roaring Moon|atk|1\n|move|p2a: Blair|Dragon Darts|p1b: Roaring Moon\n|-supereffective|p1b: Roaring Moon\n|-damage|p1b: Roaring Moon|0 fnt\n|-anim|p2a: Blair|Dragon Darts|p1a: Arcanine\n|-damage|p1a: Arcanine|56\/100\n|faint|p1b: Roaring Moon\n|-end|p1b: Roaring Moon|Protosynthesis|[silent]\n|\n|upkeep\n|\n|t:|1684093874\n|switch|p1b: Ting-Lu|Ting-Lu, L50|100\/100\n|-ability|p1b: Ting-Lu|Vessel of Ruin\n|turn|2\n|\n|t:|1684093893\n|switch|p2a: Poseidon|Palafin-Hero, L50, M, shiny|100\/100\n|-activate|p2a: Poseidon|ability: Zero to Hero\n|-terastallize|p1a: Arcanine|Flying\n|move|p1a: Arcanine|Howl|p1a: Arcanine|[spread] p1a,p1b\n|-boost|p1a: Arcanine|atk|1\n|-boost|p1b: Ting-Lu|atk|1\n|move|p2b: Leon|Will-O-Wisp|p1b: Ting-Lu\n|-status|p1b: Ting-Lu|brn\n|move|p1b: Ting-Lu|Earthquake|p2b: Leon|[spread] p2a,p2b\n|-immune|p1a: Arcanine\n|-supereffective|p2b: Leon\n|-damage|p2a: Poseidon|61\/100\n|-damage|p2b: Leon|4\/100\n|-enditem|p2b: Leon|Sitrus Berry|[eat]\n|-heal|p2b: Leon|28\/100|[from] item: Sitrus Berry\n|\n|-damage|p1b: Ting-Lu|94\/100 brn|[from] brn\n|upkeep\n|turn|3\n|\n|t:|1684093914\n|move|p2b: Leon|Protect|p2b: Leon\n|-singleturn|p2b: Leon|Protect\n|move|p2a: Poseidon|Protect|p2a: Poseidon\n|-singleturn|p2a: Poseidon|Protect\n|move|p1a: Arcanine|Howl|p1a: Arcanine|[spread] p1a,p1b\n|-boost|p1a: Arcanine|atk|1\n|-boost|p1b: Ting-Lu|atk|1\n|move|p1b: Ting-Lu|Earthquake|p2b: Leon|[spread] \n|-activate|p2a: Poseidon|move: Protect\n|-activate|p2b: Leon|move: Protect\n|-immune|p1a: Arcanine\n|\n|-damage|p1b: Ting-Lu|88\/100 brn|[from] brn\n|upkeep\n|turn|4\n|\n|t:|1684093930\n|move|p1a: Arcanine|Extreme Speed|p2a: Poseidon\n|-damage|p2a: Poseidon|25\/100\n|move|p2b: Leon|Extreme Speed|p1a: Arcanine\n|-damage|p1a: Arcanine|32\/100\n|move|p1b: Ting-Lu|Earthquake|p2b: Leon|[spread] p2a,p2b\n|-immune|p1a: Arcanine\n|-supereffective|p2b: Leon\n|-damage|p2a: Poseidon|0 fnt\n|-damage|p2b: Leon|0 fnt\n|faint|p2a: Poseidon\n|faint|p2b: Leon\n|\n|-damage|p1b: Ting-Lu|82\/100 brn|[from] brn\n|-sideend|p1: RiotKarthus|move: Tailwind\n|upkeep\n|\n|t:|1684093941\n|switch|p2b: Dante|Chien-Pao, L50|100\/100\n|switch|p2a: Blair|Dragapult, L50, F, shiny, tera:Steel|100\/100\n|-ability|p2b: Dante|Sword of Ruin\n|turn|5\n|\n|t:|1684093954\n|move|p1a: Arcanine|Extreme Speed|p2b: Dante\n|-damage|p2b: Dante|38\/100\n|move|p2a: Blair|Dragon Darts|p1b: Ting-Lu\n|-damage|p1b: Ting-Lu|54\/100 brn\n|-anim|p2a: Blair|Dragon Darts|p1a: Arcanine\n|-damage|p1a: Arcanine|0 fnt\n|faint|p1a: Arcanine\n|move|p2b: Dante|Ice Spinner|p1b: Ting-Lu\n|-supereffective|p1b: Ting-Lu\n|-damage|p1b: Ting-Lu|0 fnt\n|faint|p1b: Ting-Lu\n|\n|upkeep\n|\n|t:|1684093958\n|switch|p1b: Tsareena|Tsareena, L50, F|100\/100\n|turn|6\n|c|\u2606mathtass|gg\n|\n|t:|1684093975\n|move|p2a: Blair|Dragon Darts|p1b: Tsareena\n|-damage|p1b: Tsareena|56\/100\n|-anim|p2a: Blair|Dragon Darts|p1b: Tsareena\n|-damage|p1b: Tsareena|14\/100\n|move|p2b: Dante|Ice Spinner|p1b: Tsareena\n|-supereffective|p1b: Tsareena\n|-damage|p1b: Tsareena|0 fnt\n|faint|p1b: Tsareena\n|\n|win|mathtass\n|raw|RiotKarthus's rating: 1444 → 1423<\/strong> (-21 for losing)\n|raw|mathtass's rating: 1431 → 1452<\/strong> (+21 for winning)\n|l|\u2606RiotKarthus\n","uploadtime":1684093979,"views":6,"p1id":"riotkarthus","p2id":"mathtass","formatid":"gen9vgc2023regulationc","rating":1423,"private":0,"password":""}