{"id":"gen9vgc2023regulationc-1861468694","p1":"SpadesHS","p2":"Nightfront","format":"[Gen 9] VGC 2023 Regulation C","log":"|j|\u2606SpadesHS\n|j|\u2606Nightfront\n|t:|1683761623\n|gametype|doubles\n|player|p1|SpadesHS|n|\n|player|p2|Nightfront|winona-gen6|\n|teamsize|p1|6\n|teamsize|p2|6\n|gen|9\n|tier|[Gen 9] VGC 2023 Regulation C\n|rule|Species Clause: Limit one of each Pok\u00e9mon\n|rule|Item Clause: Limit one of each item\n|clearpoke\n|poke|p1|Amoonguss, L50, M|\n|poke|p1|Palafin, L50, F|\n|poke|p1|Arcanine, L50, F|\n|poke|p1|Ting-Lu, L50|\n|poke|p1|Kingambit, L50, F|\n|poke|p1|Flutter Mane, L50|\n|poke|p2|Iron Treads, L50|\n|poke|p2|Hydreigon, L50, F|\n|poke|p2|Pawmot, L50, M|\n|poke|p2|Bronzong, L50|\n|poke|p2|Arboliva, L50, M|\n|poke|p2|Sylveon, L50, M|\n|teampreview|4\n|\n|t:|1683761663\n|start\n|switch|p1a: Imposter|Amoonguss, L50, M|100\/100\n|switch|p1b: Magnus|Kingambit, L50, F|100\/100\n|switch|p2a: Bronzong|Bronzong, L50|100\/100\n|switch|p2b: Sylveon|Sylveon, L50, M|100\/100\n|turn|1\n|\n|t:|1683761676\n|move|p1b: Magnus|Protect|p1b: Magnus\n|-singleturn|p1b: Magnus|Protect\n|move|p2b: Sylveon|Hyper Voice|p1a: Imposter|[spread] p1a\n|-activate|p1b: Magnus|move: Protect\n|-resisted|p1a: Imposter\n|-damage|p1a: Imposter|82\/100\n|move|p1a: Imposter|Spore|p2b: Sylveon\n|-status|p2b: Sylveon|slp|[from] move: Spore\n|-enditem|p2b: Sylveon|Lum Berry|[eat]\n|-curestatus|p2b: Sylveon|slp|[msg]\n|move|p2a: Bronzong|Hypnosis|p1b: Magnus\n|-activate|p1b: Magnus|move: Protect\n|\n|upkeep\n|turn|2\n|\n|t:|1683761700\n|-terastallize|p2b: Sylveon|Fire\n|move|p2b: Sylveon|Tera Blast|p1a: Imposter\n|-supereffective|p1a: Imposter\n|-damage|p1a: Imposter|5\/100\n|move|p1b: Magnus|Swords Dance|p1b: Magnus\n|-boost|p1b: Magnus|atk|2\n|move|p1a: Imposter|Spore|p2b: Sylveon\n|-status|p2b: Sylveon|slp|[from] move: Spore\n|move|p2a: Bronzong|Hypnosis|p1b: Magnus\n|-status|p1b: Magnus|slp|[from] move: Hypnosis\n|\n|upkeep\n|turn|3\n|\n|t:|1683761723\n|switch|p1a: Fun Police|Arcanine, L50, F|100\/100\n|-ability|p1a: Fun Police|Intimidate|boost\n|-unboost|p2a: Bronzong|atk|1\n|-unboost|p2b: Sylveon|atk|1\n|cant|p2b: Sylveon|slp\n|cant|p1b: Magnus|slp\n|move|p2a: Bronzong|Gyro Ball|p1b: Magnus\n|-resisted|p1b: Magnus\n|-damage|p1b: Magnus|96\/100 slp\n|\n|upkeep\n|turn|4\n|\n|t:|1683761739\n|switch|p2a: Hydreigon|Hydreigon, L50, F|100\/100\n|move|p1a: Fun Police|Will-O-Wisp|p2a: Hydreigon\n|-status|p2a: Hydreigon|brn\n|cant|p2b: Sylveon|slp\n|cant|p1b: Magnus|slp\n|\n|-damage|p2a: Hydreigon|94\/100 brn|[from] brn\n|upkeep\n|turn|5\n|\n|t:|1683761766\n|-curestatus|p1b: Magnus|slp|[msg]\n|move|p1b: Magnus|Protect|p1b: Magnus\n|-singleturn|p1b: Magnus|Protect\n|move|p1a: Fun Police|Howl|p1a: Fun Police|[spread] p1a,p1b\n|-boost|p1a: Fun Police|atk|1\n|-boost|p1b: Magnus|atk|1\n|move|p2a: Hydreigon|Draco Meteor|p1a: Fun Police\n|-damage|p1a: Fun Police|29\/100\n|-unboost|p2a: Hydreigon|spa|2\n|cant|p2b: Sylveon|slp\n|\n|-damage|p2a: Hydreigon|88\/100 brn|[from] brn\n|upkeep\n|turn|6\n|\n|t:|1683761790\n|switch|p2b: Bronzong|Bronzong, L50|100\/100\n|move|p1a: Fun Police|Extreme Speed|p2a: Hydreigon\n|-damage|p2a: Hydreigon|55\/100 brn\n|move|p1b: Magnus|Sucker Punch||[still]\n|-fail|p1b: Magnus\n|move|p2a: Hydreigon|Draco Meteor|p1a: Fun Police\n|-crit|p1a: Fun Police\n|-damage|p1a: Fun Police|0 fnt\n|-unboost|p2a: Hydreigon|spa|2\n|faint|p1a: Fun Police\n|\n|-damage|p2a: Hydreigon|49\/100 brn|[from] brn\n|upkeep\n|\n|t:|1683761801\n|switch|p1a: Timeline|Flutter Mane, L50|100\/100\n|turn|7\n|\n|t:|1683761807\n|switch|p2a: Sylveon|Sylveon, L50, M, tera:Fire|100\/100 slp\n|move|p1a: Timeline|Dazzling Gleam|p2a: Sylveon|[spread] p2a,p2b\n|-resisted|p2a: Sylveon\n|-resisted|p2b: Bronzong\n|-damage|p2a: Sylveon|85\/100 slp\n|-damage|p2b: Bronzong|85\/100\n|move|p1b: Magnus|Kowtow Cleave|p2b: Bronzong\n|-supereffective|p2b: Bronzong\n|-damage|p2b: Bronzong|0 fnt\n|faint|p2b: Bronzong\n|\n|upkeep\n|\n|t:|1683761810\n|switch|p2b: Iron Treads|Iron Treads, L50|100\/100\n|turn|8\n|\n|t:|1683761829\n|-terastallize|p1b: Magnus|Dark\n|-curestatus|p2a: Sylveon|slp|[msg]\n|move|p2a: Sylveon|Protect|p2a: Sylveon\n|-singleturn|p2a: Sylveon|Protect\n|move|p1b: Magnus|Sucker Punch||[still]\n|-fail|p1b: Magnus\n|move|p2b: Iron Treads|Iron Head|p1a: Timeline\n|-supereffective|p1a: Timeline\n|-damage|p1a: Timeline|0 fnt\n|faint|p1a: Timeline\n|-end|p1a: Timeline|Protosynthesis|[silent]\n|\n|upkeep\n|\n|t:|1683761834\n|switch|p1a: Imposter|Amoonguss, L50, M|38\/100\n|turn|9\n|\n|t:|1683761848\n|move|p1a: Imposter|Protect|p1a: Imposter\n|-singleturn|p1a: Imposter|Protect\n|move|p1b: Magnus|Sucker Punch|p2a: Sylveon\n|-damage|p2a: Sylveon|0 fnt\n|faint|p2a: Sylveon\n|move|p2b: Iron Treads|Iron Head|p1a: Imposter\n|-activate|p1a: Imposter|move: Protect\n|\n|upkeep\n|\n|t:|1683761852\n|switch|p2a: Hydreigon|Hydreigon, L50, F|49\/100 brn\n|turn|10\n|\n|t:|1683761862\n|move|p1a: Imposter|Rage Powder|p1a: Imposter\n|-singleturn|p1a: Imposter|move: Rage Powder\n|move|p1b: Magnus|Sucker Punch|p2a: Hydreigon\n|-resisted|p2a: Hydreigon\n|-damage|p2a: Hydreigon|0 fnt\n|faint|p2a: Hydreigon\n|move|p2b: Iron Treads|Body Press|p1a: Imposter\n|-resisted|p1a: Imposter\n|-damage|p1a: Imposter|30\/100\n|-damage|p2b: Iron Treads|84\/100|[from] item: Rocky Helmet|[of] p1a: Imposter\n|\n|upkeep\n|turn|11\n|\n|t:|1683761886\n|move|p1a: Imposter|Rage Powder|p1a: Imposter\n|-singleturn|p1a: Imposter|move: Rage Powder\n|move|p2b: Iron Treads|Stomping Tantrum|p1a: Imposter\n|-damage|p1a: Imposter|4\/100\n|-damage|p2b: Iron Treads|68\/100|[from] item: Rocky Helmet|[of] p1a: Imposter\n|move|p1b: Magnus|Kowtow Cleave|p2b: Iron Treads\n|-damage|p2b: Iron Treads|0 fnt\n|faint|p2b: Iron Treads\n|-end|p2b: Iron Treads|Quark Drive|[silent]\n|\n|win|SpadesHS\n|l|\u2606SpadesHS\n","uploadtime":1683762101,"views":9,"p1id":"spadeshs","p2id":"nightfront","formatid":"gen9vgc2023regulationc","rating":0,"private":0,"password":""}