{"id":"gen9vgc2023regulationc-1845270420","p1":"We_Love_The_Gong","p2":"regsemirain","format":"[Gen 9] VGC 2023 Regulation C","log":"|j|\u2606We_Love_The_Gong\n|j|\u2606regsemirain\n|t:|1681705211\n|gametype|doubles\n|player|p1|We_Love_The_Gong|fantina|1229\n|player|p2|regsemirain|cynthia|1301\n|teamsize|p1|6\n|teamsize|p2|6\n|gen|9\n|tier|[Gen 9] VGC 2023 Regulation C\n|rated|\n|rule|Species Clause: Limit one of each Pok\u00e9mon\n|rule|Item Clause: Limit one of each item\n|clearpoke\n|poke|p1|Arcanine, L50, F|\n|poke|p1|Kingambit, L50, F|\n|poke|p1|Flutter Mane, L50|\n|poke|p1|Gyarados, L50, M|\n|poke|p1|Dachsbun, L50, M|\n|poke|p1|Amoonguss, L50, M|\n|poke|p2|Baxcalibur, L50, M|\n|poke|p2|Flutter Mane, L50|\n|poke|p2|Chi-Yu, L50|\n|poke|p2|Gyarados, L50, F|\n|poke|p2|Ting-Lu, L50|\n|poke|p2|Amoonguss, L50, F|\n|teampreview|4\nWe_Love_The_Gong has agreed to open team sheets.\n|\n|t:|1681705233\n|start\n|switch|p1a: Gyarados|Gyarados, L50, M|100\/100\n|switch|p1b: Kingambit|Kingambit, L50, F|100\/100\n|switch|p2a: Flutter Mane|Flutter Mane, L50|100\/100\n|switch|p2b: Chi-Yu|Chi-Yu, L50|100\/100\n|-ability|p2b: Chi-Yu|Beads of Ruin\n|-ability|p1a: Gyarados|Intimidate|boost\n|-unboost|p2a: Flutter Mane|atk|1\n|-unboost|p2b: Chi-Yu|atk|1\n|-enditem|p2a: Flutter Mane|Booster Energy\n|-activate|p2a: Flutter Mane|ability: Protosynthesis|[fromitem]\n|-start|p2a: Flutter Mane|protosynthesisspe\n|turn|1\n|\n|t:|1681705257\n|-terastallize|p2a: Flutter Mane|Grass\n|move|p1b: Kingambit|Protect|p1b: Kingambit\n|-singleturn|p1b: Kingambit|Protect\n|move|p2a: Flutter Mane|Dazzling Gleam|p1b: Kingambit|[spread] p1a\n|-activate|p1b: Kingambit|move: Protect\n|-damage|p1a: Gyarados|73\/100\n|move|p2b: Chi-Yu|Heat Wave|p1b: Kingambit|[spread] p1a\n|-activate|p1b: Kingambit|move: Protect\n|-resisted|p1a: Gyarados\n|-damage|p1a: Gyarados|55\/100\n|move|p1a: Gyarados|Waterfall|p2b: Chi-Yu\n|-supereffective|p2b: Chi-Yu\n|-damage|p2b: Chi-Yu|12\/100\n|\n|upkeep\n|turn|2\n|c|\u2606regsemirain|jesus christ\n|c|\u2606regsemirain|how bulky is that thing\n|\n|t:|1681705286\n|move|p2a: Flutter Mane|Dazzling Gleam|p1a: Gyarados|[spread] p1a,p1b\n|-damage|p1a: Gyarados|27\/100\n|-damage|p1b: Kingambit|61\/100\n|move|p2b: Chi-Yu|Heat Wave|p1b: Kingambit|[spread] p1a,p1b\n|-resisted|p1a: Gyarados\n|-supereffective|p1b: Kingambit\n|-damage|p1a: Gyarados|9\/100\n|-damage|p1b: Kingambit|0 fnt\n|faint|p1b: Kingambit\n|move|p1a: Gyarados|Thunder Wave|p2a: Flutter Mane\n|-status|p2a: Flutter Mane|par\n|\n|upkeep\n|\n|t:|1681705288\n|switch|p1b: Arcanine|Arcanine, L50, F|100\/100\n|-ability|p1b: Arcanine|Intimidate|boost\n|-unboost|p2a: Flutter Mane|atk|1\n|-unboost|p2b: Chi-Yu|atk|1\n|turn|3\n|c|\u2606We_Love_The_Gong|you srsly disrespected sucker punch are you kidding\n|c|\u2606We_Love_The_Gong|i love low ladder\n|c|\u2606regsemirain|this is semi mid ladder\n|c|\u2606regsemirain|please\n|c|\u2606We_Love_The_Gong|this is extremely low ladder lol\n|c|\u2606regsemirain|wait\n|c|\u2606regsemirain|I'm in top 500 in game rn\n|c|\u2606regsemirain|wtf\n|inactive|Battle timer is ON: inactive players will automatically lose when time's up. (requested by We_Love_The_Gong)\n|c|\u2606regsemirain|or not 500\n|c|\u2606regsemirain|around 750 ish\n|c|\u2606regsemirain|is that good?\n|c|\u2606regsemirain|or shit\n|c|\u2606regsemirain|not with this team\n|c|\u2606regsemirain|another one\n|c|\u2606We_Love_The_Gong|what is the elo\n|c|\u2606We_Love_The_Gong|1500?\n|inactive|regsemirain has 60 seconds left.\n|c|\u2606regsemirain|not on showdown\n|c|\u2606regsemirain|I've touched 1500 on showdown with that team\n|c|\u2606regsemirain|I mean on the in game ladder\n|c|\u2606We_Love_The_Gong|750 on ladder is not low ladder\n|\n|t:|1681705427\n|move|p2b: Chi-Yu|Heat Wave|p1a: Gyarados|[spread] p1a,p1b\n|-resisted|p1a: Gyarados\n|-resisted|p1b: Arcanine\n|-damage|p1a: Gyarados|0 fnt\n|-damage|p1b: Arcanine|84\/100\n|faint|p1a: Gyarados\n|move|p2a: Flutter Mane|Shadow Ball|p1b: Arcanine\n|-damage|p1b: Arcanine|50\/100\n|move|p1b: Arcanine|Flare Blitz|p2a: Flutter Mane\n|-supereffective|p2a: Flutter Mane\n|-damage|p2a: Flutter Mane|0 fnt\n|faint|p2a: Flutter Mane\n|-end|p2a: Flutter Mane|Protosynthesis|[silent]\n|-damage|p1b: Arcanine|26\/100|[from] Recoil\n|\n|upkeep\n|c|\u2606We_Love_The_Gong|idk how you hit that when you disrespect sucker punch\n|inactive|regsemirain has 30 seconds left.\n|inactive|regsemirain has 20 seconds left.\n|inactive|regsemirain has 15 seconds left.\n|c|\u2606regsemirain|I actually think a lot more on th ein game ladder\n|c|\u2606regsemirain|than this shit\n|c|\u2606regsemirain|this shit isn't real\n|inactive|regsemirain has 10 seconds left.\n|\n|t:|1681705473\n|switch|p2a: Amoonguss|Amoonguss, L50, F, shiny|100\/100\n|switch|p1a: Amoonguss|Amoonguss, L50, M|100\/100\n|turn|4\n|c|\u2606We_Love_The_Gong|i agree with you 100%\n|\n|t:|1681705494\n|-terastallize|p1b: Arcanine|Grass\n|move|p2a: Amoonguss|Protect|p2a: Amoonguss\n|-singleturn|p2a: Amoonguss|Protect\n|move|p1b: Arcanine|Extreme Speed|p2b: Chi-Yu\n|-damage|p2b: Chi-Yu|0 fnt\n|faint|p2b: Chi-Yu\n|move|p1a: Amoonguss|Pollen Puff|p1b: Arcanine\n|-heal|p1b: Arcanine|75\/100\n|\n|upkeep\n|\n|t:|1681705500\n|switch|p2b: Ting-Lu|Ting-Lu, L50|100\/100\n|-ability|p2b: Ting-Lu|Vessel of Ruin\n|turn|5\n|c|\u2606We_Love_The_Gong|ppl do stuff on showdown they would never do on ladder\n|c|\u2606We_Love_The_Gong|in game*\n|c|\u2606regsemirain|also it's pretty late where I am rn, I'm just tired clicking around rn\n|c|\u2606We_Love_The_Gong|nah fair enough\n|inactive|regsemirain has 30 seconds left.\n|\n|t:|1681705532\n|move|p1b: Arcanine|Flare Blitz|p2a: Amoonguss\n|-supereffective|p2a: Amoonguss\n|-damage|p2a: Amoonguss|9\/100\n|-enditem|p2a: Amoonguss|Sitrus Berry|[eat]\n|-heal|p2a: Amoonguss|34\/100|[from] item: Sitrus Berry\n|-damage|p1b: Arcanine|42\/100|[from] Recoil\n|move|p2b: Ting-Lu|Fissure|p1a: Amoonguss|[miss]\n|-miss|p2b: Ting-Lu|p1a: Amoonguss\n|move|p1a: Amoonguss|Spore|p2b: Ting-Lu\n|-status|p2b: Ting-Lu|slp|[from] move: Spore\n|move|p2a: Amoonguss|Pollen Puff|p1b: Arcanine\n|-supereffective|p1b: Arcanine\n|-damage|p1b: Arcanine|22\/100\n|\n|upkeep\n|turn|6\n|\n|t:|1681705543\n|move|p2a: Amoonguss|Protect|p2a: Amoonguss\n|-singleturn|p2a: Amoonguss|Protect\n|move|p1b: Arcanine|Flare Blitz|p2a: Amoonguss\n|-activate|p2a: Amoonguss|move: Protect\n|cant|p2b: Ting-Lu|slp\n|move|p1a: Amoonguss|Pollen Puff|p1b: Arcanine\n|-heal|p1b: Arcanine|72\/100\n|\n|upkeep\n|turn|7\n|\n|t:|1681705557\n|move|p1b: Arcanine|Flare Blitz|p2a: Amoonguss\n|-supereffective|p2a: Amoonguss\n|-damage|p2a: Amoonguss|0 fnt\n|faint|p2a: Amoonguss\n|-damage|p1b: Arcanine|59\/100|[from] Recoil\n|cant|p2b: Ting-Lu|slp\n|move|p1a: Amoonguss|Pollen Puff|p1b: Arcanine\n|-heal|p1b: Arcanine|100\/100\n|\n|upkeep\n|turn|8\n|\n|t:|1681705568\n|move|p1b: Arcanine|Tera Blast|p2b: Ting-Lu\n|-supereffective|p2b: Ting-Lu\n|-damage|p2b: Ting-Lu|57\/100 slp\n|-curestatus|p2b: Ting-Lu|slp|[msg]\n|move|p2b: Ting-Lu|Fissure|p1a: Amoonguss|[miss]\n|-miss|p2b: Ting-Lu|p1a: Amoonguss\n|move|p1a: Amoonguss|Pollen Puff|p2b: Ting-Lu\n|-supereffective|p2b: Ting-Lu\n|-damage|p2b: Ting-Lu|44\/100\n|\n|upkeep\n|turn|9\n|c|\u2606regsemirain|imma need some insane ass luck to win this\n|\n|t:|1681705579\n|move|p1a: Amoonguss|Rage Powder|p1a: Amoonguss\n|-singleturn|p1a: Amoonguss|move: Rage Powder\n|move|p1b: Arcanine|Tera Blast|p2b: Ting-Lu\n|-supereffective|p2b: Ting-Lu\n|-damage|p2b: Ting-Lu|0 fnt\n|faint|p2b: Ting-Lu\n|\n|win|We_Love_The_Gong\n|raw|We_Love_The_Gong's rating: 1229 → 1259<\/strong> (+30 for winning)\n|raw|regsemirain's rating: 1301 → 1277<\/strong> (-24 for losing)\n","uploadtime":1681705314,"views":6,"p1id":"welovethegong","p2id":"regsemirain","formatid":"gen9vgc2023regulationc","rating":1259,"private":0,"password":""}