{"id":"gen9vgc2023regulationc-1845667355","p1":"Bolivar1997","p2":"Jewfr0_legend","format":"[Gen 9] VGC 2023 Regulation C","log":"|j|\u2606Bolivar1997\n|j|\u2606Jewfr0_legend\n|t:|1681753936\n|gametype|doubles\n|player|p1|Bolivar1997|102|1070\n|player|p2|Jewfr0_legend|169|1158\n|teamsize|p1|6\n|teamsize|p2|6\n|gen|9\n|tier|[Gen 9] VGC 2023 Regulation C\n|rated|\n|rule|Species Clause: Limit one of each Pok\u00e9mon\n|rule|Item Clause: Limit one of each item\n|clearpoke\n|poke|p1|Chien-Pao, L50|\n|poke|p1|Dragonite, L50, M|\n|poke|p1|Great Tusk, L50|\n|poke|p1|Talonflame, L50, F|\n|poke|p1|Palafin, L50, F|\n|poke|p1|Flutter Mane, L50|\n|poke|p2|Lilligant, L50, F|\n|poke|p2|Torkoal, L50, F|\n|poke|p2|Farigiraf, L50, F|\n|poke|p2|Stonjourner, L50, F|\n|poke|p2|Flutter Mane, L50|\n|poke|p2|Iron Hands, L50|\n|teampreview|4\nBolivar1997 rejected open team sheets.\n|inactive|Battle timer is ON: inactive players will automatically lose when time's up. (requested by Jewfr0_legend)\n|\n|t:|1681753979\n|start\n|switch|p1a: Chien-Pao|Chien-Pao, L50|100\/100\n|switch|p1b: Talonflame|Talonflame, L50, F|100\/100\n|switch|p2a: Lilligant|Lilligant, L50, F|100\/100\n|switch|p2b: Torkoal|Torkoal, L50, F|100\/100\n|-ability|p1a: Chien-Pao|Sword of Ruin\n|-weather|SunnyDay|[from] ability: Drought|[of] p2b: Torkoal\n|turn|1\n|inactive|Bolivar1997 has 30 seconds left.\n|\n|t:|1681754013\n|switch|p2a: Farigiraf|Farigiraf, L50, F|100\/100\n|-terastallize|p2b: Torkoal|Fire\n|move|p1a: Chien-Pao|Protect|p1a: Chien-Pao\n|-singleturn|p1a: Chien-Pao|Protect\n|move|p1b: Talonflame|Brave Bird||[still]\n|cant|p2a: Farigiraf|ability: Armor Tail|Brave Bird|[of] p1b: Talonflame\n|move|p2b: Torkoal|Eruption|p1b: Talonflame|[spread] p1b\n|-activate|p1a: Chien-Pao|move: Protect\n|-resisted|p1b: Talonflame\n|-damage|p1b: Talonflame|36\/100\n|\n|-weather|SunnyDay|[upkeep]\n|upkeep\n|turn|2\n|inactive|Jewfr0_legend has 30 seconds left.\n|\n|t:|1681754045\n|move|p2a: Farigiraf|Protect|p2a: Farigiraf\n|-singleturn|p2a: Farigiraf|Protect\n|move|p1a: Chien-Pao|Sacred Sword|p2a: Farigiraf\n|-activate|p2a: Farigiraf|move: Protect\n|move|p1b: Talonflame|Tailwind|p1b: Talonflame\n|-sidestart|p1: Bolivar1997|move: Tailwind\n|move|p2b: Torkoal|Eruption|p1a: Chien-Pao|[spread] p1a,p1b\n|-supereffective|p1a: Chien-Pao\n|-resisted|p1b: Talonflame\n|-crit|p1b: Talonflame\n|-enditem|p1a: Chien-Pao|Focus Sash\n|-damage|p1a: Chien-Pao|1\/100\n|-damage|p1b: Talonflame|0 fnt\n|faint|p1b: Talonflame\n|\n|-weather|SunnyDay|[upkeep]\n|upkeep\n|\n|t:|1681754059\n|switch|p1b: Palafin|Palafin, L50, F|100\/100\n|turn|3\n|\n|t:|1681754086\n|detailschange|p1b: Palafin|Palafin-Hero, L50, F\n|switch|p1b: Great Tusk|Great Tusk, L50|100\/100\n|-activate|p1b: Great Tusk|ability: Protosynthesis\n|-start|p1b: Great Tusk|protosynthesisatk\n|switch|p2a: Lilligant|Lilligant, L50, F|100\/100\n|move|p1a: Chien-Pao|Sucker Punch||[still]\n|-fail|p1a: Chien-Pao\n|move|p2b: Torkoal|Eruption|p1b: Great Tusk|[spread] p1a,p1b\n|-supereffective|p1a: Chien-Pao\n|-damage|p1a: Chien-Pao|0 fnt\n|-damage|p1b: Great Tusk|0 fnt\n|faint|p1a: Chien-Pao\n|faint|p1b: Great Tusk\n|-end|p1b: Great Tusk|Protosynthesis|[silent]\n|\n|-weather|SunnyDay|[upkeep]\n|upkeep\n|\n|t:|1681754101\n|switch|p1b: Palafin|Palafin-Hero, L50, F|100\/100\n|-activate|p1b: Palafin|ability: Zero to Hero\n|turn|4\n|\n|t:|1681754109\n|switch|p2b: Farigiraf|Farigiraf, L50, F|100\/100\n|-terastallize|p1b: Palafin|Water\n|move|p1b: Palafin|Protect|p1b: Palafin\n|-singleturn|p1b: Palafin|Protect\n|move|p2a: Lilligant|Sleep Powder|p1b: Palafin\n|-activate|p1b: Palafin|move: Protect\n|\n|-weather|SunnyDay|[upkeep]\n|upkeep\n|turn|5\n|\n|t:|1681754124\n|move|p1b: Palafin|Wave Crash|p2b: Farigiraf\n|-damage|p2b: Farigiraf|40\/100\n|-damage|p1b: Palafin|80\/100|[from] Recoil\n|move|p2a: Lilligant|Sleep Powder|p1b: Palafin|[miss]\n|-miss|p2a: Lilligant|p1b: Palafin\n|move|p2b: Farigiraf|Hyper Voice|p1b: Palafin\n|-damage|p1b: Palafin|47\/100\n|-enditem|p2b: Farigiraf|Throat Spray\n|-boost|p2b: Farigiraf|spa|1|[from] item: Throat Spray\n|\n|-weather|none\n|-sideend|p1: Bolivar1997|move: Tailwind\n|upkeep\n|turn|6\n|inactive|Jewfr0_legend has 30 seconds left.\n|\n|t:|1681754152\n|move|p1b: Palafin|Wave Crash|p2b: Farigiraf\n|-damage|p2b: Farigiraf|0 fnt\n|faint|p2b: Farigiraf\n|-damage|p1b: Palafin|34\/100|[from] Recoil\n|move|p2a: Lilligant|Leaf Storm|p1b: Palafin\n|-supereffective|p1b: Palafin\n|-damage|p1b: Palafin|0 fnt\n|-unboost|p2a: Lilligant|spa|2\n|faint|p1b: Palafin\n|\n|win|Jewfr0_legend\n|raw|Bolivar1997's rating: 1070 → 1055<\/strong> (-15 for losing)\n|raw|Jewfr0_legend's rating: 1158 → 1177<\/strong> (+19 for winning)\n|l|\u2606Bolivar1997\n","uploadtime":1681754172,"views":10,"p1id":"bolivar1997","p2id":"jewfr0legend","formatid":"gen9vgc2023regulationc","rating":1055,"private":0,"password":""}