{"id":"gen9vgc2023regulationc-1851698884","p1":"w0wells","p2":"mugiwaraLux","format":"[Gen 9] VGC 2023 Regulation C","log":"|j|\u2606w0wells\n|j|\u2606mugiwaraLux\n|t:|1682471425\n|gametype|doubles\n|player|p1|w0wells|cyclist|1238\n|player|p2|mugiwaraLux|102|1315\n|teamsize|p1|6\n|teamsize|p2|6\n|gen|9\n|tier|[Gen 9] VGC 2023 Regulation C\n|rated|\n|rule|Species Clause: Limit one of each Pok\u00e9mon\n|rule|Item Clause: Limit one of each item\n|clearpoke\n|poke|p1|Scizor, L50, M|\n|poke|p1|Grimmsnarl, L50, M|\n|poke|p1|Mimikyu, L50, M|\n|poke|p1|Amoonguss, L50, F|\n|poke|p1|Gastrodon-East, L50, F|\n|poke|p1|Chi-Yu, L50|\n|poke|p2|Palafin, L50, M|\n|poke|p2|Amoonguss, L50, M|\n|poke|p2|Flutter Mane, L50|\n|poke|p2|Arcanine, L50, M|\n|poke|p2|Roaring Moon, L50|\n|poke|p2|Chien-Pao, L50|\n|teampreview|4\n|inactive|Battle timer is ON: inactive players will automatically lose when time's up. (requested by mugiwaraLux)\nw0wells has agreed to open team sheets.\nmugiwaraLux has agreed to open team sheets.\n|inactive|w0wells has 60 seconds left.\n|inactive|mugiwaraLux has 60 seconds left.\n|\n|t:|1682471484\n|start\n|switch|p1a: Scizor|Scizor, L50, M|100\/100\n|switch|p1b: Chi-Yu|Chi-Yu, L50|100\/100\n|switch|p2a: ChiYu|Arcanine, L50, M|100\/100\n|switch|p2b: Palafin|Palafin, L50, M|100\/100\n|-ability|p1b: Chi-Yu|Beads of Ruin\n|-ability|p2a: ChiYu|Intimidate|boost\n|-fail|p1a: Scizor|unboost|[from] item: Clear Amulet|[of] p1a: Scizor\n|-unboost|p1b: Chi-Yu|atk|1\n|turn|1\n|\n|t:|1682471502\n|switch|p1a: Gastrodon|Gastrodon-East, L50, F|100\/100\n|move|p2b: Palafin|Protect|p2b: Palafin\n|-singleturn|p2b: Palafin|Protect\n|move|p2a: ChiYu|Protect|p2a: ChiYu\n|-singleturn|p2a: ChiYu|Protect\n|move|p1b: Chi-Yu|Dark Pulse|p2a: ChiYu\n|-activate|p2a: ChiYu|move: Protect\n|\n|upkeep\n|turn|2\n|inactive|w0wells has 30 seconds left.\n|\n|t:|1682471530\n|detailschange|p2b: Palafin|Palafin-Hero, L50, M\n|switch|p2b: Chien-Pao|Chien-Pao, L50|100\/100\n|-ability|p2b: Chien-Pao|Sword of Ruin\n|move|p2a: ChiYu|Extreme Speed|p1a: Gastrodon\n|-damage|p1a: Gastrodon|75\/100\n|move|p1b: Chi-Yu|Dark Pulse|p2a: ChiYu\n|-damage|p2a: ChiYu|47\/100\n|move|p1a: Gastrodon|Earth Power|p2a: ChiYu\n|-supereffective|p2a: ChiYu\n|-damage|p2a: ChiYu|0 fnt\n|faint|p2a: ChiYu\n|\n|upkeep\n|inactive|mugiwaraLux has 30 seconds left.\n|inactive|mugiwaraLux has 20 seconds left.\n|\n|t:|1682471569\n|switch|p2a: Roaring Moon|Roaring Moon, L50|100\/100\n|-enditem|p2a: Roaring Moon|Booster Energy\n|-activate|p2a: Roaring Moon|ability: Protosynthesis|[fromitem]\n|-start|p2a: Roaring Moon|protosynthesisatk\n|turn|3\n|inactive|w0wells has 30 seconds left.\n|inactive|w0wells has 20 seconds left.\n|\n|t:|1682471604\n|-terastallize|p2a: Roaring Moon|Flying\n|move|p2b: Chien-Pao|Sucker Punch|p1b: Chi-Yu\n|-resisted|p1b: Chi-Yu\n|-damage|p1b: Chi-Yu|62\/100\n|move|p2a: Roaring Moon|Acrobatics|p1b: Chi-Yu\n|-damage|p1b: Chi-Yu|0 fnt\n|faint|p1b: Chi-Yu\n|move|p1a: Gastrodon|Ice Beam|p2a: Roaring Moon\n|-supereffective|p2a: Roaring Moon\n|-damage|p2a: Roaring Moon|54\/100\n|\n|upkeep\n|inactive|w0wells has 30 seconds left.\n|inactive|w0wells has 20 seconds left.\n|inactive|w0wells has 15 seconds left.\n|\n|t:|1682471648\n|switch|p1b: Scizor|Scizor, L50, M|100\/100\n|turn|4\n|inactive|w0wells has 30 seconds left.\n|\n|t:|1682471675\n|move|p1b: Scizor|Bullet Punch|p2b: Chien-Pao\n|-supereffective|p2b: Chien-Pao\n|-damage|p2b: Chien-Pao|11\/100\n|move|p2b: Chien-Pao|Ice Spinner|p1a: Gastrodon\n|-damage|p1a: Gastrodon|26\/100\n|move|p2a: Roaring Moon|Acrobatics|p1b: Scizor\n|-damage|p1b: Scizor|0 fnt\n|faint|p1b: Scizor\n|move|p1a: Gastrodon|Muddy Water|p2b: Chien-Pao|[spread] p2a\n|-miss|p1a: Gastrodon|p2b: Chien-Pao\n|-damage|p2a: Roaring Moon|28\/100\n|\n|upkeep\n|\n|t:|1682471686\n|switch|p1b: Mimikyu|Mimikyu, L50, M|100\/100\n|turn|5\n|inactive|mugiwaraLux has 30 seconds left.\n|inactive|mugiwaraLux has 20 seconds left.\n|\n|t:|1682471723\n|move|p1b: Mimikyu|Shadow Sneak|p2a: Roaring Moon\n|-damage|p2a: Roaring Moon|0 fnt\n|faint|p2a: Roaring Moon\n|-end|p2a: Roaring Moon|Protosynthesis|[silent]\n|-damage|p1b: Mimikyu|91\/100|[from] item: Life Orb\n|move|p2b: Chien-Pao|Ice Spinner|p1b: Mimikyu\n|-activate|p1b: Mimikyu|ability: Disguise\n|-damage|p1b: Mimikyu|91\/100\n|detailschange|p1b: Mimikyu|Mimikyu-Busted, L50, M\n|-damage|p1b: Mimikyu|79\/100|[from] pokemon: Mimikyu-Busted\n|move|p1a: Gastrodon|Recover|p1a: Gastrodon\n|-heal|p1a: Gastrodon|76\/100\n|\n|upkeep\n|\n|t:|1682471725\n|switch|p2a: Palafin|Palafin-Hero, L50, M|100\/100\n|-activate|p2a: Palafin|ability: Zero to Hero\n|turn|6\n|inactive|w0wells has 30 seconds left.\n|\n|t:|1682471751\n|-terastallize|p1a: Gastrodon|Fire\n|move|p1b: Mimikyu|Shadow Sneak|p2b: Chien-Pao\n|-resisted|p2b: Chien-Pao\n|-damage|p2b: Chien-Pao|0 fnt\n|faint|p2b: Chien-Pao\n|-damage|p1b: Mimikyu|70\/100|[from] item: Life Orb\n|move|p2a: Palafin|Haze|p2a: Palafin\n|-clearallboost\n|move|p1a: Gastrodon|Earth Power|p2a: Palafin\n|-damage|p2a: Palafin|62\/100\n|\n|upkeep\n|turn|7\n|\n|t:|1682471761\n|move|p2a: Palafin|Wave Crash|p1a: Gastrodon\n|-ability|p1a: Gastrodon|Storm Drain|boost\n|-boost|p1a: Gastrodon|spa|1\n|move|p1b: Mimikyu|Play Rough|p2a: Palafin\n|-damage|p2a: Palafin|8\/100\n|-damage|p1b: Mimikyu|60\/100|[from] item: Life Orb\n|move|p1a: Gastrodon|Earth Power|p2a: Palafin\n|-damage|p2a: Palafin|0 fnt\n|faint|p2a: Palafin\n|\n|win|w0wells\n|raw|w0wells's rating: 1238 → 1268<\/strong> (+30 for winning)\n|raw|mugiwaraLux's rating: 1315 → 1291<\/strong> (-24 for losing)\n","uploadtime":1682471766,"views":16,"p1id":"w0wells","p2id":"mugiwaralux","formatid":"gen9vgc2023regulationc","rating":1268,"private":0,"password":""}