{"id":"gen9vgc2023regulationc-1858543308","p1":"Arcacagne","p2":"CEO_of_VGC","format":"[Gen 9] VGC 2023 Regulation C","log":"|j|\u2606Arcacagne\n|j|\u2606CEO_of_VGC\n|t:|1683323418\n|gametype|doubles\n|player|p1|Arcacagne|1|1432\n|player|p2|CEO_of_VGC|dawn-gen4pt|1541\n|teamsize|p1|6\n|teamsize|p2|6\n|gen|9\n|tier|[Gen 9] VGC 2023 Regulation C\n|rated|\n|rule|Species Clause: Limit one of each Pok\u00e9mon\n|rule|Item Clause: Limit one of each item\n|clearpoke\n|poke|p1|Chi-Yu, L50|\n|poke|p1|Flutter Mane, L50|\n|poke|p1|Amoonguss, L50, M|\n|poke|p1|Palafin, L50, M|\n|poke|p1|Kingambit, L50, M|\n|poke|p1|Arcanine, L50, M|\n|poke|p2|Talonflame, L50, M|\n|poke|p2|Great Tusk, L50|\n|poke|p2|Iron Bundle, L50|\n|poke|p2|Flutter Mane, L50|\n|poke|p2|Chi-Yu, L50|\n|poke|p2|Kingambit, L50, M|\n|teampreview|4\n|inactive|Battle timer is ON: inactive players will automatically lose when time's up. (requested by CEO_of_VGC)\n|j| qunqun24\n|inactive|Arcacagne has 60 seconds left.\n|l| qunqun24\n|\n|t:|1683323478\n|start\n|switch|p1a: Chi-Yu|Chi-Yu, L50|100\/100\n|switch|p1b: Palafin|Palafin, L50, M|100\/100\n|switch|p2a: Kojima|Kingambit, L50, M|100\/100\n|switch|p2b: dasB\u00fcndel|Iron Bundle, L50|100\/100\n|-ability|p1a: Chi-Yu|Beads of Ruin\n|-enditem|p2b: dasB\u00fcndel|Booster Energy\n|-activate|p2b: dasB\u00fcndel|ability: Quark Drive|[fromitem]\n|-start|p2b: dasB\u00fcndel|quarkdrivespe\n|turn|1\n|inactive|CEO_of_VGC has 30 seconds left.\n|inactive|Arcacagne has 30 seconds left.\n|inactive|CEO_of_VGC has 20 seconds left.\n|inactive|Arcacagne has 20 seconds left.\n|inactive|CEO_of_VGC has 15 seconds left.\n|inactive|CEO_of_VGC has 10 seconds left.\n|\n|t:|1683323525\n|detailschange|p1b: Palafin|Palafin-Hero, L50, M\n|switch|p1b: Amoonguss|Amoonguss, L50, M|100\/100\n|-terastallize|p1a: Chi-Yu|Water\n|-terastallize|p2a: Kojima|Flying\n|move|p2b: dasB\u00fcndel|Protect|p2b: dasB\u00fcndel\n|-singleturn|p2b: dasB\u00fcndel|Protect\n|move|p1a: Chi-Yu|Nasty Plot|p1a: Chi-Yu\n|-boost|p1a: Chi-Yu|spa|2\n|move|p2a: Kojima|Tera Blast|p1b: Amoonguss\n|-supereffective|p1b: Amoonguss\n|-damage|p1b: Amoonguss|24\/100\n|-enditem|p1b: Amoonguss|Sitrus Berry|[eat]\n|-heal|p1b: Amoonguss|48\/100|[from] item: Sitrus Berry\n|\n|upkeep\n|turn|2\n|inactive|CEO_of_VGC has 30 seconds left.\n|inactive|CEO_of_VGC has 20 seconds left.\n|inactive|Arcacagne has 30 seconds left.\n|inactive|CEO_of_VGC has 15 seconds left.\n|\n|t:|1683323572\n|move|p1b: Amoonguss|Rage Powder|p1b: Amoonguss\n|-singleturn|p1b: Amoonguss|move: Rage Powder\n|move|p2b: dasB\u00fcndel|Freeze-Dry|p1b: Amoonguss\n|-supereffective|p1b: Amoonguss\n|-damage|p1b: Amoonguss|0 fnt\n|faint|p1b: Amoonguss\n|move|p1a: Chi-Yu|Heat Wave|p2b: dasB\u00fcndel|[spread] p2a\n|-miss|p1a: Chi-Yu|p2b: dasB\u00fcndel\n|-damage|p2a: Kojima|45\/100\n|move|p2a: Kojima|Tera Blast|p1a: Chi-Yu\n|-damage|p1a: Chi-Yu|43\/100\n|\n|upkeep\n|\n|t:|1683323587\n|switch|p1b: Flutter Mane|Flutter Mane, L50|100\/100\n|-enditem|p1b: Flutter Mane|Booster Energy\n|-activate|p1b: Flutter Mane|ability: Protosynthesis|[fromitem]\n|-start|p1b: Flutter Mane|protosynthesisspa\n|turn|3\n|inactive|CEO_of_VGC has 30 seconds left.\n|inactive|Arcacagne has 30 seconds left.\n|inactive|CEO_of_VGC has 20 seconds left.\n|inactive|CEO_of_VGC has 15 seconds left.\n|inactive|CEO_of_VGC has 10 seconds left.\n|\n|t:|1683323634\n|move|p2b: dasB\u00fcndel|Protect|p2b: dasB\u00fcndel\n|-singleturn|p2b: dasB\u00fcndel|Protect\n|move|p1a: Chi-Yu|Protect|p1a: Chi-Yu\n|-singleturn|p1a: Chi-Yu|Protect\n|move|p2a: Kojima|Sucker Punch||[still]\n|-fail|p2a: Kojima\n|move|p1b: Flutter Mane|Substitute|p1b: Flutter Mane\n|-start|p1b: Flutter Mane|Substitute\n|-damage|p1b: Flutter Mane|76\/100\n|\n|upkeep\n|turn|4\n|\n|t:|1683323655\n|move|p2b: dasB\u00fcndel|Freeze-Dry|p1a: Chi-Yu\n|-supereffective|p1a: Chi-Yu\n|-damage|p1a: Chi-Yu|0 fnt\n|faint|p1a: Chi-Yu\n|move|p1b: Flutter Mane|Moonblast|p2b: dasB\u00fcndel\n|-damage|p2b: dasB\u00fcndel|0 fnt\n|faint|p2b: dasB\u00fcndel\n|-end|p2b: dasB\u00fcndel|Quark Drive|[silent]\n|move|p2a: Kojima|Iron Head|p1b: Flutter Mane\n|-supereffective|p1b: Flutter Mane\n|-end|p1b: Flutter Mane|Substitute\n|\n|upkeep\n|\n|t:|1683323666\n|switch|p2b: Jet|Talonflame, L50, M|100\/100\n|switch|p1a: Palafin|Palafin-Hero, L50, M|100\/100\n|-activate|p1a: Palafin|ability: Zero to Hero\n|turn|5\n|inactive|CEO_of_VGC has 30 seconds left.\n|inactive|CEO_of_VGC has 20 seconds left.\n|\n|t:|1683323703\n|move|p1b: Flutter Mane|Protect|p1b: Flutter Mane\n|-singleturn|p1b: Flutter Mane|Protect\n|move|p2b: Jet|Tailwind|p2b: Jet\n|-sidestart|p2: CEO_of_VGC|move: Tailwind\n|move|p1a: Palafin|Jet Punch|p2b: Jet\n|-supereffective|p2b: Jet\n|-damage|p2b: Jet|0 fnt\n|faint|p2b: Jet\n|move|p2a: Kojima|Sucker Punch||[still]\n|-fail|p2a: Kojima\n|\n|upkeep\n|\n|t:|1683323712\n|switch|p2b: Great Nose|Great Tusk, L50|100\/100\n|turn|6\n|\n|t:|1683323723\n|move|p1a: Palafin|Jet Punch|p2b: Great Nose\n|-supereffective|p2b: Great Nose\n|-damage|p2b: Great Nose|26\/100\n|move|p2b: Great Nose|Earthquake|p1a: Palafin|[spread] p1a,p1b\n|-immune|p2a: Kojima\n|-damage|p1a: Palafin|51\/100\n|-damage|p1b: Flutter Mane|0 fnt\n|faint|p1b: Flutter Mane\n|-end|p1b: Flutter Mane|Protosynthesis|[silent]\n|-damage|p2b: Great Nose|17\/100|[from] item: Life Orb\n|move|p2a: Kojima|Assurance|p1a: Palafin\n|-damage|p1a: Palafin|0 fnt\n|faint|p1a: Palafin\n|\n|win|CEO_of_VGC\n|raw|Arcacagne's rating: 1432 → 1418<\/strong> (-14 for losing)\n|raw|CEO_of_VGC's rating: 1541 → 1555<\/strong> (+14 for winning)\n","uploadtime":1683323742,"views":5,"p1id":"arcacagne","p2id":"ceoofvgc","formatid":"gen9vgc2023regulationc","rating":1418,"private":0,"password":""}