{"id":"gen9vgc2023regulationc-1854355843","p1":"Otark","p2":"mgthrn","format":"[Gen 9] VGC 2023 Regulation C","log":"|j|\u2606Otark\n|j|\u2606mgthrn\n|t:|1682800757\n|gametype|doubles\n|player|p1|Otark|lucas|\n|player|p2|mgthrn|#stt4toxicboys|\n|teamsize|p1|6\n|teamsize|p2|6\n|gen|9\n|tier|[Gen 9] VGC 2023 Regulation C\n|rule|Species Clause: Limit one of each Pok\u00e9mon\n|rule|Item Clause: Limit one of each item\n|clearpoke\n|poke|p1|Palafin, L50, M|\n|poke|p1|Flutter Mane, L50|\n|poke|p1|Arcanine, L50, M|\n|poke|p1|Ting-Lu, L50|\n|poke|p1|Amoonguss, L50, M|\n|poke|p1|Kingambit, L50, M|\n|poke|p2|Ting-Lu, L50|\n|poke|p2|Maushold-Four, L50|\n|poke|p2|Annihilape, L50, F|\n|poke|p2|Dragonite, L50, F|\n|poke|p2|Chien-Pao, L50|\n|poke|p2|Flutter Mane, L50|\n|teampreview|4\nmgthrn has agreed to open team sheets.\nOtark has agreed to open team sheets.\n|c|\u2606Otark|g2\n|j| Brayz\n|j| crowlignt\n|j| fifou slayer\n|j| RoiDadadou\n|j| Tricepso\n|j| joaofelixsimp\n|j| Heika\n|j| Astreau\n|l| Astreau\n|c|\u2606Otark|gl hf\n|j| Masskeauuu\n|l| Tricepso\n|\n|t:|1682801258\n|start\n|switch|p1a: Amoonguss|Amoonguss, L50, M|100\/100\n|switch|p1b: Palafin|Palafin, L50, M|100\/100\n|switch|p2a: Chien-Pao|Chien-Pao, L50|100\/100\n|switch|p2b: Maushold|Maushold-Four, L50|100\/100\n|-ability|p2a: Chien-Pao|Sword of Ruin\n|turn|1\n|j| Tricepso\n|j| MarioReLSD\n|j| AzZoCcX\n|\n|t:|1682801291\n|switch|p2a: Annihilape|Annihilape, L50, F|100\/100\n|detailschange|p1b: Palafin|Palafin-Hero, L50, M\n|switch|p1b: Kingambit|Kingambit, L50, M|100\/100\n|-terastallize|p1a: Amoonguss|Steel\n|move|p2b: Maushold|Super Fang|p1b: Kingambit\n|-damage|p1b: Kingambit|51\/100\n|move|p1a: Amoonguss|Spore|p2a: Annihilape\n|-status|p2a: Annihilape|slp|[from] move: Spore\n|\n|upkeep\n|turn|2\n|l| crowlignt\n|j| Gelbel3c\n|\n|t:|1682801339\n|move|p2b: Maushold|Super Fang|p1a: Amoonguss\n|-damage|p1a: Amoonguss|51\/100\n|-damage|p2b: Maushold|84\/100|[from] item: Rocky Helmet|[of] p1a: Amoonguss\n|cant|p2a: Annihilape|slp\n|move|p1b: Kingambit|Swords Dance|p1b: Kingambit\n|-boost|p1b: Kingambit|atk|2\n|move|p1a: Amoonguss|Pollen Puff|p1b: Kingambit\n|-heal|p1b: Kingambit|100\/100\n|\n|upkeep\n|turn|3\n|\n|t:|1682801357\n|move|p2b: Maushold|Follow Me|p2b: Maushold\n|-singleturn|p2b: Maushold|move: Follow Me\n|move|p1a: Amoonguss|Rage Powder|p1a: Amoonguss\n|-singleturn|p1a: Amoonguss|move: Rage Powder\n|-curestatus|p2a: Annihilape|slp|[msg]\n|move|p2a: Annihilape|Bulk Up|p2a: Annihilape\n|-boost|p2a: Annihilape|atk|1\n|-boost|p2a: Annihilape|def|1\n|move|p1b: Kingambit|Kowtow Cleave|p2b: Maushold\n|-damage|p2b: Maushold|0 fnt\n|faint|p2b: Maushold\n|\n|upkeep\n|j| crowlignt\n|\n|t:|1682801365\n|switch|p2b: Ting-Lu|Ting-Lu, L50|100\/100\n|-ability|p2b: Ting-Lu|Vessel of Ruin\n|turn|4\n|\n|t:|1682801380\n|move|p1a: Amoonguss|Rage Powder|p1a: Amoonguss\n|-singleturn|p1a: Amoonguss|move: Rage Powder\n|move|p2a: Annihilape|Drain Punch|p1a: Amoonguss\n|-supereffective|p1a: Amoonguss\n|-crit|p1a: Amoonguss\n|-damage|p1a: Amoonguss|0 fnt\n|-damage|p2a: Annihilape|84\/100|[from] item: Rocky Helmet|[of] p1a: Amoonguss\n|faint|p1a: Amoonguss\n|move|p1b: Kingambit|Kowtow Cleave|p2a: Annihilape\n|-damage|p2a: Annihilape|9\/100\n|move|p2b: Ting-Lu|Stomping Tantrum|p1b: Kingambit\n|-supereffective|p1b: Kingambit\n|-damage|p1b: Kingambit|40\/100\n|\n|-heal|p2a: Annihilape|15\/100|[from] item: Leftovers\n|upkeep\n|\n|t:|1682801402\n|switch|p1a: Palafin|Palafin-Hero, L50, M|100\/100\n|-activate|p1a: Palafin|ability: Zero to Hero\n|turn|5\n|\n|t:|1682801438\n|-terastallize|p2b: Ting-Lu|Poison\n|move|p1b: Kingambit|Sucker Punch|p2a: Annihilape\n|-damage|p2a: Annihilape|0 fnt\n|faint|p2a: Annihilape\n|move|p1a: Palafin|Wave Crash|p2b: Ting-Lu\n|-damage|p2b: Ting-Lu|53\/100\n|-damage|p1a: Palafin|83\/100|[from] Recoil\n|move|p2b: Ting-Lu|Stomping Tantrum|p1b: Kingambit\n|-supereffective|p1b: Kingambit\n|-damage|p1b: Kingambit|0 fnt\n|faint|p1b: Kingambit\n|\n|upkeep\n|\n|t:|1682801448\n|switch|p2a: Chien-Pao|Chien-Pao, L50|100\/100\n|switch|p1b: Flutter Mane|Flutter Mane, L50|100\/100\n|-ability|p2a: Chien-Pao|Sword of Ruin\n|-enditem|p1b: Flutter Mane|Booster Energy\n|-activate|p1b: Flutter Mane|ability: Protosynthesis|[fromitem]\n|-start|p1b: Flutter Mane|protosynthesisspa\n|turn|6\n|\n|t:|1682801487\n|move|p2a: Chien-Pao|Sucker Punch|p1a: Palafin\n|-damage|p1a: Palafin|41\/100\n|move|p1b: Flutter Mane|Dazzling Gleam|p2a: Chien-Pao|[spread] p2a,p2b\n|-supereffective|p2a: Chien-Pao\n|-resisted|p2b: Ting-Lu\n|-damage|p2a: Chien-Pao|4\/100\n|-damage|p2b: Ting-Lu|43\/100\n|move|p1a: Palafin|Wave Crash|p2b: Ting-Lu\n|-damage|p2b: Ting-Lu|0 fnt\n|faint|p2b: Ting-Lu\n|-damage|p1a: Palafin|25\/100|[from] Recoil\n|\n|upkeep\n|turn|7\n|c|\u2606Otark|gg\n|c|\u2606mgthrn|gg\n|l| Tricepso\n|l| Gelbel3c\n|l| Heika\n|-message|mgthrn forfeited.\n|\n|win|Otark\n|l| joaofelixsimp\n|l|\u2606mgthrn\n|l| Masskeauuu\n|l| MarioReLSD\n|l| crowlignt\n|l| fifou slayer\n|j| Squash\n|l| Squash\n|l| Brayz\n|l| AzZoCcX\n","uploadtime":1682801598,"views":27,"p1id":"otark","p2id":"mgthrn","formatid":"gen9vgc2023regulationc","rating":0,"private":0,"password":""}