{"id":"gen9vgc2023regulationc-1854328924","p1":"5wamp","p2":"pokemon_and_beer","format":"[Gen 9] VGC 2023 Regulation C","log":"|j|\u26065wamp\n|j|\u2606pokemon_and_beer\n|t:|1682797627\n|gametype|doubles\n|player|p1|5wamp|boarder|\n|player|p2|pokemon_and_beer|266|\n|teamsize|p1|6\n|teamsize|p2|6\n|gen|9\n|tier|[Gen 9] VGC 2023 Regulation C\n|rule|Species Clause: Limit one of each Pok\u00e9mon\n|rule|Item Clause: Limit one of each item\n|clearpoke\n|poke|p1|Flutter Mane, L50|\n|poke|p1|Arcanine, L50, M|\n|poke|p1|Amoonguss, L50, F|\n|poke|p1|Ting-Lu, L50|\n|poke|p1|Kingambit, L50, F|\n|poke|p1|Palafin, L50, F|\n|poke|p2|Arcanine, L50, M|\n|poke|p2|Amoonguss, L50, F|\n|poke|p2|Kingambit, L50, F|\n|poke|p2|Flutter Mane, L50|\n|poke|p2|Ting-Lu, L50|\n|poke|p2|Palafin, L50, F|\n|teampreview|4\n|c|\u2606pokemon_and_beer|g2\n|c|\u2606pokemon_and_beer|gl hf!\npokemon_and_beer has agreed to open team sheets.\n|c|\u26065wamp|glhf\n5wamp has agreed to open team sheets.\n|j| beardie daddy\n|l| beardie daddy\n|c|\u26065wamp|just saying if that comes up again, always wave crash there lol\n|c|\u2606pokemon_and_beer|okay. that probably does make more sense, yeah\n|c|\u26065wamp|i did misplay tho\n|c|\u26065wamp|my only outs were a moonblast crit or double protect\n|c|\u26065wamp|and went for the crit where the protect wouldve been more likely\n|\n|t:|1682797809\n|start\n|switch|p1a: DOGTOOTH|Arcanine, L50, M|100\/100\n|switch|p1b: SAFARI|Palafin, L50, F, shiny|100\/100\n|switch|p2a: Pal-El|Palafin, L50, F|100\/100\n|switch|p2b: Willow|Flutter Mane, L50|100\/100\n|-ability|p1a: DOGTOOTH|Intimidate|boost\n|-unboost|p2a: Pal-El|atk|1\n|-unboost|p2b: Willow|atk|1\n|turn|1\n|\n|t:|1682797843\n|move|p2a: Pal-El|Protect|p2a: Pal-El\n|-singleturn|p2a: Pal-El|Protect\n|move|p2b: Willow|Moonblast|p1b: SAFARI\n|-damage|p1b: SAFARI|0 fnt\n|faint|p1b: SAFARI\n|move|p1a: DOGTOOTH|Flare Blitz|p2a: Pal-El\n|-activate|p2a: Pal-El|move: Protect\n|\n|upkeep\n|\n|t:|1682797856\n|switch|p1b: OKRA|Amoonguss, L50, F|100\/100\n|turn|2\n|\n|t:|1682797867\n|-end|p2b: Willow|Protosynthesis|[silent]\n|switch|p2b: Spordyceps|Amoonguss, L50, F|100\/100\n|detailschange|p2a: Pal-El|Palafin-Hero, L50, F\n|switch|p2a: Mugman|Ting-Lu, L50|100\/100\n|-ability|p2a: Mugman|Vessel of Ruin\n|move|p1a: DOGTOOTH|Flare Blitz|p2b: Spordyceps\n|-supereffective|p2b: Spordyceps\n|-damage|p2b: Spordyceps|8\/100\n|-enditem|p2b: Spordyceps|Sitrus Berry|[eat]\n|-heal|p2b: Spordyceps|33\/100|[from] item: Sitrus Berry\n|-damage|p1a: DOGTOOTH|66\/100|[from] Recoil\n|move|p1b: OKRA|Pollen Puff|p1a: DOGTOOTH\n|-heal|p1a: DOGTOOTH|100\/100\n|\n|upkeep\n|turn|3\n|\n|t:|1682797921\n|switch|p2b: Pal-El|Palafin-Hero, L50, F|100\/100\n|-activate|p2b: Pal-El|ability: Zero to Hero\n|-terastallize|p1a: DOGTOOTH|Flying\n|move|p1a: DOGTOOTH|Howl|p1a: DOGTOOTH|[spread] p1a,p1b\n|-boost|p1a: DOGTOOTH|atk|1\n|-boost|p1b: OKRA|atk|1\n|move|p2a: Mugman|Earthquake|p1b: OKRA|[spread] p2b,p1b\n|-immune|p1a: DOGTOOTH\n|-crit|p2b: Pal-El\n|-damage|p2b: Pal-El|48\/100\n|-damage|p1b: OKRA|70\/100\n|move|p1b: OKRA|Spore|p2a: Mugman\n|-status|p2a: Mugman|slp|[from] move: Spore\n|\n|upkeep\n|turn|4\n|\n|t:|1682797974\n|switch|p2a: Spordyceps|Amoonguss, L50, F|66\/100\n|-terastallize|p2b: Pal-El|Grass\n|move|p2b: Pal-El|Wave Crash|p1a: DOGTOOTH\n|-damage|p1a: DOGTOOTH|5\/100\n|-damage|p2b: Pal-El|16\/100|[from] Recoil\n|move|p1a: DOGTOOTH|Howl|p1a: DOGTOOTH|[spread] p1a,p1b\n|-boost|p1a: DOGTOOTH|atk|1\n|-boost|p1b: OKRA|atk|1\n|move|p1b: OKRA|Spore|p2b: Pal-El\n|-immune|p2b: Pal-El\n|\n|upkeep\n|turn|5\n|\n|t:|1682798000\n|switch|p2b: Mugman|Ting-Lu, L50|100\/100 slp\n|-ability|p2b: Mugman|Vessel of Ruin\n|move|p1a: DOGTOOTH|Extreme Speed|p2b: Mugman\n|-damage|p2b: Mugman|73\/100 slp\n|move|p2a: Spordyceps|Pollen Puff|p2b: Mugman\n|-heal|p2b: Mugman|100\/100 slp\n|move|p1b: OKRA|Pollen Puff|p1a: DOGTOOTH\n|-heal|p1a: DOGTOOTH|54\/100\n|\n|upkeep\n|turn|6\n|\n|t:|1682798024\n|move|p1a: DOGTOOTH|Howl|p1a: DOGTOOTH|[spread] p1a,p1b\n|-boost|p1a: DOGTOOTH|atk|1\n|-boost|p1b: OKRA|atk|1\n|cant|p2b: Mugman|slp\n|move|p1b: OKRA|Pollen Puff|p1a: DOGTOOTH\n|-heal|p1a: DOGTOOTH|100\/100\n|move|p2a: Spordyceps|Pollen Puff|p2b: Mugman\n|-immune|p2b: Mugman\n|\n|upkeep\n|turn|7\n|\n|t:|1682798044\n|move|p2a: Spordyceps|Protect|p2a: Spordyceps\n|-singleturn|p2a: Spordyceps|Protect\n|move|p1a: DOGTOOTH|Flare Blitz|p2a: Spordyceps\n|-activate|p2a: Spordyceps|move: Protect\n|cant|p2b: Mugman|slp\n|move|p1b: OKRA|Spore|p2b: Mugman\n|-fail|p2b: Mugman|slp\n|\n|upkeep\n|turn|8\n|\n|t:|1682798111\n|move|p1a: DOGTOOTH|Flare Blitz|p2b: Mugman\n|-damage|p2b: Mugman|16\/100 slp\n|-damage|p1a: DOGTOOTH|65\/100|[from] Recoil\n|cant|p2b: Mugman|slp\n|move|p2a: Spordyceps|Pollen Puff|p2b: Mugman\n|-heal|p2b: Mugman|65\/100 slp\n|move|p1b: OKRA|Pollen Puff|p1a: DOGTOOTH\n|-heal|p1a: DOGTOOTH|100\/100\n|\n|upkeep\n|turn|9\n|\n|t:|1682798128\n|switch|p1b: PUPPET|Flutter Mane, L50, shiny|100\/100\n|-enditem|p1b: PUPPET|Booster Energy\n|-activate|p1b: PUPPET|ability: Protosynthesis|[fromitem]\n|-start|p1b: PUPPET|protosynthesisspa\n|move|p1a: DOGTOOTH|Flare Blitz|p2b: Mugman\n|-damage|p2b: Mugman|0 fnt\n|faint|p2b: Mugman\n|-damage|p1a: DOGTOOTH|74\/100|[from] Recoil\n|move|p2a: Spordyceps|Pollen Puff|p2: Mugman|[notarget]\n|-fail|p2a: Spordyceps\n|\n|upkeep\n|\n|t:|1682798139\n|switch|p2b: Pal-El|Palafin-Hero, L50, F, tera:Grass|16\/100\n|turn|10\n|\n|t:|1682798153\n|-end|p1b: PUPPET|Protosynthesis|[silent]\n|switch|p1b: OKRA|Amoonguss, L50, F|100\/100\n|switch|p2b: Willow|Flutter Mane, L50|100\/100\n|move|p1a: DOGTOOTH|Extreme Speed|p2b: Willow\n|-immune|p2b: Willow\n|move|p2a: Spordyceps|Spore|p1b: OKRA\n|-immune|p1b: OKRA\n|\n|upkeep\n|turn|11\n|\n|t:|1682798185\n|switch|p1a: PUPPET|Flutter Mane, L50, shiny|100\/100\n|move|p2b: Willow|Shadow Ball|p1a: PUPPET\n|-supereffective|p1a: PUPPET\n|-damage|p1a: PUPPET|0 fnt\n|faint|p1a: PUPPET\n|-end|p1a: PUPPET|Protosynthesis|[silent]\n|move|p2a: Spordyceps|Pollen Puff|p2b: Willow\n|-immune|p2b: Willow\n|move|p1b: OKRA|Spore|p2b: Willow\n|-status|p2b: Willow|slp|[from] move: Spore\n|\n|upkeep\n|\n|t:|1682798193\n|switch|p1a: DOGTOOTH|Arcanine, L50, M, tera:Flying|74\/100\n|-ability|p1a: DOGTOOTH|Intimidate|boost\n|-unboost|p2a: Spordyceps|atk|1\n|-unboost|p2b: Willow|atk|1\n|turn|12\n|\n|t:|1682798207\n|cant|p2b: Willow|slp\n|move|p1a: DOGTOOTH|Flare Blitz|p2b: Willow\n|-damage|p2b: Willow|13\/100 slp\n|-damage|p1a: DOGTOOTH|54\/100|[from] Recoil\n|move|p2a: Spordyceps|Pollen Puff|p2b: Willow\n|-heal|p2b: Willow|63\/100 slp\n|move|p1b: OKRA|Pollen Puff|p1a: DOGTOOTH\n|-heal|p1a: DOGTOOTH|100\/100\n|\n|upkeep\n|turn|13\n|\n|t:|1682798229\n|move|p1b: OKRA|Rage Powder|p1b: OKRA\n|-singleturn|p1b: OKRA|move: Rage Powder\n|cant|p2b: Willow|slp\n|move|p1a: DOGTOOTH|Flare Blitz|p2b: Willow\n|-damage|p2b: Willow|0 fnt\n|faint|p2b: Willow\n|-end|p2b: Willow|Protosynthesis|[silent]\n|-damage|p1a: DOGTOOTH|86\/100|[from] Recoil\n|move|p2a: Spordyceps|Pollen Puff|p2: Willow|[notarget]\n|-fail|p2a: Spordyceps\n|\n|upkeep\n|\n|t:|1682798239\n|switch|p2b: Pal-El|Palafin-Hero, L50, F, tera:Grass|16\/100\n|turn|14\n|c|\u2606pokemon_and_beer|gg\n|c|\u26065wamp|gg\n|-message|pokemon_and_beer forfeited.\n|\n|win|5wamp\n","uploadtime":1682798263,"views":20,"p1id":"5wamp","p2id":"pokemonandbeer","formatid":"gen9vgc2023regulationc","rating":0,"private":0,"password":""}