{"id":"gen9vgc2023regulationc-1855833908","p1":"Sangano","p2":"Felipe.Miller.V","format":"[Gen 9] VGC 2023 Regulation C","log":"|j|\u2606Sangano\n|j|\u2606Felipe.Miller.V\n|t:|1682989650\n|gametype|doubles\n|player|p1|Sangano|steven|1333\n|player|p2|Felipe.Miller.V|plasmagrunt-gen5bw|1318\n|teamsize|p1|6\n|teamsize|p2|6\n|gen|9\n|tier|[Gen 9] VGC 2023 Regulation C\n|rated|\n|rule|Species Clause: Limit one of each Pok\u00e9mon\n|rule|Item Clause: Limit one of each item\n|clearpoke\n|poke|p1|Chi-Yu, L50|\n|poke|p1|Flutter Mane, L50|\n|poke|p1|Gyarados, L50, M|\n|poke|p1|Garchomp, L50, F|\n|poke|p1|Amoonguss, L50, M|\n|poke|p1|Iron Hands, L50|\n|poke|p2|Bruxish, L50, F|\n|poke|p2|Copperajah, L50, F|\n|poke|p2|Sylveon, L50, M|\n|poke|p2|Appletun, L50, M|\n|poke|p2|Heracross, L50, M|\n|poke|p2|Oranguru, L50, M|\n|teampreview|4\nSangano has agreed to open team sheets.\n|inactive|Battle timer is ON: inactive players will automatically lose when time's up. (requested by Felipe.Miller.V)\n|\n|t:|1682989674\n|start\n|switch|p1a: Iron Hands|Iron Hands, L50|100\/100\n|switch|p1b: Chi-Yu|Chi-Yu, L50|100\/100\n|switch|p2a: Bruxish|Bruxish, L50, F, shiny|100\/100\n|switch|p2b: Sylveon|Sylveon, L50, M, shiny|100\/100\n|-ability|p1b: Chi-Yu|Beads of Ruin\n|turn|1\n|inactive|Felipe.Miller.V has 30 seconds left.\n|\n|t:|1682989704\n|-terastallize|p1b: Chi-Yu|Grass\n|move|p1a: Iron Hands|Fake Out||[still]\n|cant|p2a: Bruxish|ability: Dazzling|Fake Out|[of] p1a: Iron Hands\n|move|p1b: Chi-Yu|Heat Wave|p2b: Sylveon|[spread] p2a,p2b\n|-resisted|p2a: Bruxish\n|-damage|p2a: Bruxish|63\/100\n|-damage|p2b: Sylveon|64\/100\n|move|p2b: Sylveon|Hyper Voice|p1b: Chi-Yu|[spread] p1a,p1b\n|-supereffective|p1a: Iron Hands\n|-damage|p1a: Iron Hands|0 fnt\n|-damage|p1b: Chi-Yu|37\/100\n|faint|p1a: Iron Hands\n|-end|p1a: Iron Hands|Quark Drive|[silent]\n|move|p2a: Bruxish|Trick Room|p2a: Bruxish\n|-fieldstart|move: Trick Room|[of] p2a: Bruxish\n|\n|upkeep\n|\n|t:|1682989716\n|switch|p1a: Amoonguss|Amoonguss, L50, M|100\/100\n|turn|2\n|\n|t:|1682989729\n|switch|p1b: Flutter Mane|Flutter Mane, L50|100\/100\n|move|p1a: Amoonguss|Spore|p2b: Sylveon\n|-status|p2b: Sylveon|slp|[from] move: Spore\n|cant|p2b: Sylveon|slp\n|move|p2a: Bruxish|Psychic Fangs|p1a: Amoonguss\n|-supereffective|p1a: Amoonguss\n|-damage|p1a: Amoonguss|37\/100\n|-damage|p2a: Bruxish|46\/100|[from] item: Rocky Helmet|[of] p1a: Amoonguss\n|\n|upkeep\n|turn|3\n|inactive|Sangano has 30 seconds left.\n|\n|t:|1682989761\n|switch|p1a: Chi-Yu|Chi-Yu, L50, tera:Grass|37\/100\n|-ability|p1a: Chi-Yu|Beads of Ruin\n|switch|p2b: Oranguru|Oranguru, L50, M, shiny|100\/100\n|move|p2a: Bruxish|Protect|p2a: Bruxish\n|-singleturn|p2a: Bruxish|Protect\n|move|p1b: Flutter Mane|Shadow Ball|p2a: Bruxish\n|-activate|p2a: Bruxish|move: Protect\n|\n|upkeep\n|turn|4\n|inactive|Felipe.Miller.V has 30 seconds left.\n|\n|t:|1682989787\n|move|p2b: Oranguru|Instruct|p2a: Bruxish\n|-singleturn|p2a: Bruxish|move: Instruct|[of] p2b: Oranguru\n|move|p2a: Bruxish|Protect||[still]\n|-fail|p2a: Bruxish\n|move|p2a: Bruxish|Psychic Fangs|p1a: Chi-Yu\n|-damage|p1a: Chi-Yu|0 fnt\n|faint|p1a: Chi-Yu\n|move|p1b: Flutter Mane|Shadow Ball|p2a: Bruxish\n|-supereffective|p2a: Bruxish\n|-crit|p2a: Bruxish\n|-damage|p2a: Bruxish|0 fnt\n|faint|p2a: Bruxish\n|-damage|p1b: Flutter Mane|91\/100|[from] item: Life Orb\n|\n|upkeep\n|\n|t:|1682989801\n|switch|p2a: Sylveon|Sylveon, L50, M, shiny|64\/100 slp\n|switch|p1a: Amoonguss|Amoonguss, L50, M|70\/100\n|turn|5\n|\n|t:|1682989822\n|move|p1a: Amoonguss|Spore|p2b: Oranguru\n|-activate|p2b: Oranguru|item: Safety Goggles|Spore\n|-curestatus|p2a: Sylveon|slp|[msg]\n|move|p2a: Sylveon|Sleep Talk||[still]\n|-fail|p2a: Sylveon\n|move|p2b: Oranguru|Instruct||[still]\n|-fail|p2b: Oranguru\n|move|p1b: Flutter Mane|Moonblast|p2a: Sylveon\n|-damage|p2a: Sylveon|20\/100\n|-damage|p1b: Flutter Mane|82\/100|[from] item: Life Orb\n|\n|-fieldend|move: Trick Room\n|upkeep\n|turn|6\n|inactive|Sangano has 30 seconds left.\n|\n|t:|1682989850\n|switch|p2a: Copperajah|Copperajah, L50, F, shiny|100\/100\n|move|p1b: Flutter Mane|Protect|p1b: Flutter Mane\n|-singleturn|p1b: Flutter Mane|Protect\n|move|p1a: Amoonguss|Spore|p2a: Copperajah\n|-status|p2a: Copperajah|slp|[from] move: Spore\n|move|p2b: Oranguru|Trick Room|p2b: Oranguru\n|-fieldstart|move: Trick Room|[of] p2b: Oranguru\n|\n|upkeep\n|turn|7\n|\n|t:|1682989868\n|move|p1a: Amoonguss|Rage Powder|p1a: Amoonguss\n|-singleturn|p1a: Amoonguss|move: Rage Powder\n|cant|p2a: Copperajah|slp\n|move|p2b: Oranguru|Psyshock|p1a: Amoonguss\n|-supereffective|p1a: Amoonguss\n|-damage|p1a: Amoonguss|28\/100\n|move|p1b: Flutter Mane|Shadow Ball|p2a: Copperajah\n|-damage|p2a: Copperajah|46\/100 slp\n|-damage|p1b: Flutter Mane|72\/100|[from] item: Life Orb\n|\n|upkeep\n|turn|8\n|\n|t:|1682989891\n|cant|p2a: Copperajah|slp\n|move|p1a: Amoonguss|Pollen Puff|p2b: Oranguru\n|-supereffective|p2b: Oranguru\n|-damage|p2b: Oranguru|68\/100\n|move|p2b: Oranguru|Psyshock|p1b: Flutter Mane\n|-damage|p1b: Flutter Mane|29\/100\n|move|p1b: Flutter Mane|Dazzling Gleam|p2b: Oranguru|[spread] p2a,p2b\n|-resisted|p2a: Copperajah\n|-damage|p2a: Copperajah|27\/100 slp\n|-damage|p2b: Oranguru|36\/100\n|-damage|p1b: Flutter Mane|20\/100|[from] item: Life Orb\n|\n|upkeep\n|turn|9\n|\n|t:|1682989911\n|move|p1a: Amoonguss|Pollen Puff|p2b: Oranguru\n|-supereffective|p2b: Oranguru\n|-damage|p2b: Oranguru|3\/100\n|cant|p2a: Copperajah|slp\n|move|p2b: Oranguru|Psyshock|p1a: Amoonguss\n|-supereffective|p1a: Amoonguss\n|-damage|p1a: Amoonguss|0 fnt\n|faint|p1a: Amoonguss\n|move|p1b: Flutter Mane|Shadow Ball|p2a: Copperajah\n|-damage|p2a: Copperajah|0 fnt\n|faint|p2a: Copperajah\n|-damage|p1b: Flutter Mane|11\/100|[from] item: Life Orb\n|\n|upkeep\n|\n|t:|1682989924\n|switch|p2a: Sylveon|Sylveon, L50, M, shiny|20\/100\n|turn|10\n|\n|t:|1682989934\n|move|p1b: Flutter Mane|Protect|p1b: Flutter Mane\n|-singleturn|p1b: Flutter Mane|Protect\n|move|p2a: Sylveon|Hyper Voice|p1b: Flutter Mane\n|-activate|p1b: Flutter Mane|move: Protect\n|move|p2b: Oranguru|Instruct|p2a: Sylveon\n|-singleturn|p2a: Sylveon|move: Instruct|[of] p2b: Oranguru\n|move|p2a: Sylveon|Hyper Voice|p1b: Flutter Mane\n|-activate|p1b: Flutter Mane|move: Protect\n|\n|-fieldend|move: Trick Room\n|upkeep\n|turn|11\n|\n|t:|1682989949\n|move|p1b: Flutter Mane|Dazzling Gleam|p2b: Oranguru|[spread] p2a,p2b\n|-damage|p2a: Sylveon|0 fnt\n|-damage|p2b: Oranguru|0 fnt\n|faint|p2a: Sylveon\n|faint|p2b: Oranguru\n|-damage|p1b: Flutter Mane|1\/100|[from] item: Life Orb\n|\n|win|Sangano\n|raw|Sangano's rating: 1333 → 1352<\/strong> (+19 for winning)\n|raw|Felipe.Miller.V's rating: 1318 → 1299<\/strong> (-19 for losing)\n|l|\u2606Felipe.Miller.V\n","uploadtime":1682989962,"views":14,"p1id":"sangano","p2id":"felipemillerv","formatid":"gen9vgc2023regulationc","rating":1299,"private":0,"password":""}