{"id":"gen9vgc2023regulationc-1849314497","p1":"be13costa","p2":"Kirizoaro","format":"[Gen 9] VGC 2023 Regulation C","log":"|j|\u2606be13costa\n|j|\u2606Kirizoaro\n|t:|1682184901\n|gametype|doubles\n|player|p1|be13costa|102|1231\n|player|p2|Kirizoaro|lance|1232\n|teamsize|p1|6\n|teamsize|p2|6\n|gen|9\n|tier|[Gen 9] VGC 2023 Regulation C\n|rated|\n|rule|Species Clause: Limit one of each Pok\u00e9mon\n|rule|Item Clause: Limit one of each item\n|clearpoke\n|poke|p1|Flutter Mane, L50|\n|poke|p1|Amoonguss, L50, F|\n|poke|p1|Ting-Lu, L50|\n|poke|p1|Arcanine, L50, F|\n|poke|p1|Palafin, L50, F|\n|poke|p1|Baxcalibur, L50, M|\n|poke|p2|Dondozo, L50, M|\n|poke|p2|Tatsugiri-Stretchy, L50, M|\n|poke|p2|Chi-Yu, L50|\n|poke|p2|Flutter Mane, L50|\n|poke|p2|Dragonite, L50, F|\n|poke|p2|Glimmora, L50, F|\n|teampreview|4\n|inactive|Battle timer is ON: inactive players will automatically lose when time's up. (requested by be13costa)\n|inactive|be13costa has 60 seconds left.\n|\n|t:|1682184949\n|start\n|switch|p1a: Palafin|Palafin, L50, F|100\/100\n|switch|p1b: Flutter Mane|Flutter Mane, L50|100\/100\n|switch|p2a: Glimmora|Glimmora, L50, F|100\/100\n|switch|p2b: Dondozo|Dondozo, L50, M|100\/100\n|turn|1\n|\n|t:|1682184968\n|detailschange|p1a: Palafin|Palafin-Hero, L50, F\n|switch|p1a: Baxcalibur|Baxcalibur, L50, M|100\/100\n|-terastallize|p1b: Flutter Mane|Electric\n|move|p1b: Flutter Mane|Thunderbolt|p2b: Dondozo\n|-supereffective|p2b: Dondozo\n|-damage|p2b: Dondozo|4\/100\n|-enditem|p2b: Dondozo|Sitrus Berry|[eat]\n|-heal|p2b: Dondozo|29\/100|[from] item: Sitrus Berry\n|move|p2a: Glimmora|Toxic|p1b: Flutter Mane\n|-status|p1b: Flutter Mane|tox\n|move|p2b: Dondozo|Yawn|p1a: Baxcalibur\n|-start|p1a: Baxcalibur|move: Yawn|[of] p2b: Dondozo\n|\n|-damage|p1b: Flutter Mane|95\/100 tox|[from] psn\n|upkeep\n|turn|2\n|\n|t:|1682184982\n|switch|p1a: Palafin|Palafin-Hero, L50, F|100\/100\n|-activate|p1a: Palafin|ability: Zero to Hero\n|move|p2b: Dondozo|Protect|p2b: Dondozo\n|-singleturn|p2b: Dondozo|Protect\n|move|p1b: Flutter Mane|Thunderbolt|p2b: Dondozo\n|-activate|p2b: Dondozo|move: Protect\n|move|p2a: Glimmora|Earth Power|p1b: Flutter Mane\n|-supereffective|p1b: Flutter Mane\n|-damage|p1b: Flutter Mane|37\/100 tox\n|\n|-damage|p1b: Flutter Mane|26\/100 tox|[from] psn\n|upkeep\n|turn|3\n|\n|t:|1682185001\n|move|p1b: Flutter Mane|Thunderbolt|p2b: Dondozo\n|-supereffective|p2b: Dondozo\n|-damage|p2b: Dondozo|0 fnt\n|faint|p2b: Dondozo\n|move|p2a: Glimmora|Toxic|p1a: Palafin\n|-status|p1a: Palafin|tox\n|move|p1a: Palafin|Substitute|p1a: Palafin\n|-start|p1a: Palafin|Substitute\n|-damage|p1a: Palafin|76\/100 tox\n|\n|-damage|p1b: Flutter Mane|9\/100 tox|[from] psn\n|-damage|p1a: Palafin|70\/100 tox|[from] psn\n|upkeep\n|\n|t:|1682185014\n|switch|p2b: Chi-Yu|Chi-Yu, L50|100\/100\n|-ability|p2b: Chi-Yu|Beads of Ruin\n|turn|4\n|inactive|be13costa has 30 seconds left.\n|\n|t:|1682185047\n|move|p2a: Glimmora|Spiky Shield|p2a: Glimmora\n|-singleturn|p2a: Glimmora|move: Protect\n|move|p2b: Chi-Yu|Protect|p2b: Chi-Yu\n|-singleturn|p2b: Chi-Yu|Protect\n|move|p1b: Flutter Mane|Thunderbolt|p2a: Glimmora\n|-activate|p2a: Glimmora|move: Protect\n|move|p1a: Palafin|Wave Crash|p2a: Glimmora\n|-activate|p2a: Glimmora|move: Protect\n|-damage|p1a: Palafin|57\/100 tox|[from] Spiky Shield|[of] p2a: Glimmora\n|\n|-damage|p1b: Flutter Mane|0 fnt|[from] psn\n|faint|p1b: Flutter Mane\n|-end|p1b: Flutter Mane|Protosynthesis|[silent]\n|-damage|p1a: Palafin|45\/100 tox|[from] psn\n|upkeep\n|\n|t:|1682185053\n|switch|p1b: Baxcalibur|Baxcalibur, L50, M|100\/100\n|turn|5\n|inactive|Kirizoaro has 30 seconds left.\n|\n|t:|1682185079\n|-terastallize|p2b: Chi-Yu|Grass\n|move|p2a: Glimmora|Power Gem|p1b: Baxcalibur\n|-supereffective|p1b: Baxcalibur\n|-damage|p1b: Baxcalibur|0 fnt\n|faint|p1b: Baxcalibur\n|move|p2b: Chi-Yu|Dark Pulse|p1a: Palafin\n|-end|p1a: Palafin|Substitute\n|move|p1a: Palafin|Wave Crash|p2a: Glimmora\n|-supereffective|p2a: Glimmora\n|-enditem|p2a: Glimmora|Focus Sash\n|-damage|p2a: Glimmora|1\/100\n|-activate|p2a: Glimmora|ability: Toxic Debris\n|-sidestart|p1: be13costa|move: Toxic Spikes\n|-damage|p1a: Palafin|19\/100 tox|[from] Recoil\n|\n|-damage|p1a: Palafin|1\/100 tox|[from] psn\n|upkeep\n|\n|t:|1682185086\n|switch|p1b: Amoonguss|Amoonguss, L50, F|100\/100\n|-sideend|p1: be13costa|move: Toxic Spikes|[of] p1b: Amoonguss\n|turn|6\n|\n|t:|1682185096\n|move|p2a: Glimmora|Spiky Shield|p2a: Glimmora\n|-singleturn|p2a: Glimmora|move: Protect\n|move|p2b: Chi-Yu|Protect|p2b: Chi-Yu\n|-singleturn|p2b: Chi-Yu|Protect\n|move|p1b: Amoonguss|Rage Powder|p1b: Amoonguss\n|-singleturn|p1b: Amoonguss|move: Rage Powder\n|move|p1a: Palafin|Wave Crash|p2b: Chi-Yu\n|-activate|p2b: Chi-Yu|move: Protect\n|\n|-damage|p1a: Palafin|0 fnt|[from] psn\n|faint|p1a: Palafin\n|upkeep\n|turn|7\n|-message|be13costa forfeited.\n|\n|win|Kirizoaro\n|raw|be13costa's rating: 1231 → 1206<\/strong> (-25 for losing)\n|raw|Kirizoaro's rating: 1232 → 1257<\/strong> (+25 for winning)\n|l|\u2606be13costa\n","uploadtime":1682185106,"views":4,"p1id":"be13costa","p2id":"kirizoaro","formatid":"gen9vgc2023regulationc","rating":1206,"private":0,"password":""}