{"id":"gen9vgc2023regulationc-1852071665","p1":"ClickForVictory","p2":"SaberChrono","format":"[Gen 9] VGC 2023 Regulation C","log":"|j|\u2606ClickForVictory\n|j|\u2606SaberChrono\n|t:|1682521792\n|gametype|doubles\n|player|p1|ClickForVictory|furisodegirl-black|1389\n|player|p2|SaberChrono|kimonogirl|1417\n|teamsize|p1|6\n|teamsize|p2|6\n|gen|9\n|tier|[Gen 9] VGC 2023 Regulation C\n|rated|\n|rule|Species Clause: Limit one of each Pok\u00e9mon\n|rule|Item Clause: Limit one of each item\n|clearpoke\n|poke|p1|Flutter Mane, L50|\n|poke|p1|Amoonguss, L50, F|\n|poke|p1|Iron Jugulis, L50|\n|poke|p1|Great Tusk, L50|\n|poke|p1|Bruxish, L50, M|\n|poke|p1|Chi-Yu, L50|\n|poke|p2|Annihilape, L50, F|\n|poke|p2|Jumpluff, L50, M|\n|poke|p2|Torkoal, L50, F|\n|poke|p2|Flutter Mane, L50|\n|poke|p2|Indeedee-F, L50, F|\n|poke|p2|Iron Hands, L50|\n|teampreview|4\n|inactive|Battle timer is ON: inactive players will automatically lose when time's up. (requested by SaberChrono)\n|c|\u2606ClickForVictory|have fun!\nClickForVictory has agreed to open team sheets.\n|c|\u2606SaberChrono|u2\\\n|c|\u2606ClickForVictory|ty\n|inactive|SaberChrono has 60 seconds left.\n|\n|t:|1682521836\n|start\n|switch|p1a: Mega Dodrio|Iron Jugulis, L50, shiny|100\/100\n|switch|p1b: Fiendish Fish|Chi-Yu, L50|100\/100\n|switch|p2a: Annihilape|Annihilape, L50, F|100\/100\n|switch|p2b: Jumpluff|Jumpluff, L50, M|100\/100\n|-ability|p1b: Fiendish Fish|Beads of Ruin\n|-enditem|p1a: Mega Dodrio|Booster Energy\n|-activate|p1a: Mega Dodrio|ability: Quark Drive|[fromitem]\n|-start|p1a: Mega Dodrio|quarkdrivespe\n|turn|1\n|inactive|ClickForVictory has 30 seconds left.\n|\n|t:|1682521866\n|-terastallize|p2a: Annihilape|Fire\n|move|p1a: Mega Dodrio|Snarl|p2b: Jumpluff|[spread] p2a,p2b\n|-damage|p2a: Annihilape|83\/100\n|-damage|p2b: Jumpluff|76\/100\n|-unboost|p2a: Annihilape|spa|1\n|-ability|p2a: Annihilape|Defiant|boost\n|-boost|p2a: Annihilape|atk|2\n|-unboost|p2b: Jumpluff|spa|1\n|move|p1b: Fiendish Fish|Heat Wave|p2a: Annihilape|[spread] p2a,p2b\n|-resisted|p2a: Annihilape\n|-supereffective|p2b: Jumpluff\n|-damage|p2a: Annihilape|63\/100\n|-damage|p2b: Jumpluff|0 fnt\n|faint|p2b: Jumpluff\n|move|p2a: Annihilape|Drain Punch|p1b: Fiendish Fish\n|-supereffective|p1b: Fiendish Fish\n|-damage|p1b: Fiendish Fish|0 fnt\n|-heal|p2a: Annihilape|100\/100|[from] drain|[of] p1b: Fiendish Fish\n|faint|p1b: Fiendish Fish\n|\n|upkeep\n|\n|t:|1682521884\n|switch|p2b: Iron Hands|Iron Hands, L50|100\/100\n|switch|p1b: Mamoswole|Great Tusk, L50, shiny|100\/100\n|turn|2\n|j| Sauromon\n|\n|t:|1682521908\n|move|p1b: Mamoswole|Protect|p1b: Mamoswole\n|-singleturn|p1b: Mamoswole|Protect\n|move|p2b: Iron Hands|Fake Out|p1b: Mamoswole\n|-activate|p1b: Mamoswole|move: Protect\n|move|p1a: Mega Dodrio|Tailwind|p1a: Mega Dodrio\n|-sidestart|p1: ClickForVictory|move: Tailwind\n|move|p2a: Annihilape|Rage Fist|p1a: Mega Dodrio\n|-resisted|p1a: Mega Dodrio\n|-damage|p1a: Mega Dodrio|41\/100\n|\n|upkeep\n|turn|3\n|\n|t:|1682521929\n|move|p2a: Annihilape|Protect|p2a: Annihilape\n|-singleturn|p2a: Annihilape|Protect\n|move|p1a: Mega Dodrio|Earth Power|p2b: Iron Hands\n|-supereffective|p2b: Iron Hands\n|-damage|p2b: Iron Hands|56\/100\n|-unboost|p2b: Iron Hands|spd|1\n|move|p1b: Mamoswole|Headlong Rush|p2a: Annihilape\n|-activate|p2a: Annihilape|move: Protect\n|move|p2b: Iron Hands|Drain Punch|p1b: Mamoswole\n|-damage|p1b: Mamoswole|69\/100\n|-heal|p2b: Iron Hands|68\/100|[from] drain|[of] p1b: Mamoswole\n|\n|upkeep\n|turn|4\n|\n|t:|1682521947\n|move|p1a: Mega Dodrio|Earth Power|p2b: Iron Hands\n|-supereffective|p2b: Iron Hands\n|-damage|p2b: Iron Hands|2\/100\n|move|p1b: Mamoswole|Headlong Rush|p2a: Annihilape\n|-supereffective|p2a: Annihilape\n|-damage|p2a: Annihilape|0 fnt\n|-unboost|p1b: Mamoswole|def|1\n|-unboost|p1b: Mamoswole|spd|1\n|faint|p2a: Annihilape\n|move|p2b: Iron Hands|Wild Charge|p1a: Mega Dodrio\n|-supereffective|p1a: Mega Dodrio\n|-damage|p1a: Mega Dodrio|0 fnt\n|faint|p1a: Mega Dodrio\n|-end|p1a: Mega Dodrio|Quark Drive|[silent]\n|-damage|p2b: Iron Hands|0 fnt|[from] Recoil\n|faint|p2b: Iron Hands\n|-end|p2b: Iron Hands|Quark Drive|[silent]\n|\n|upkeep\n|\n|t:|1682521957\n|switch|p1a: Spectral Spaghetti|Flutter Mane, L50, shiny|100\/100\n|switch|p2b: Torkoal|Torkoal, L50, F|100\/100\n|-weather|SunnyDay|[from] ability: Drought|[of] p2b: Torkoal\n|-activate|p1a: Spectral Spaghetti|ability: Protosynthesis\n|-start|p1a: Spectral Spaghetti|protosynthesisspa\n|-activate|p1b: Mamoswole|ability: Protosynthesis\n|-start|p1b: Mamoswole|protosynthesisatk\n|turn|5\n|\n|t:|1682521968\n|move|p1a: Spectral Spaghetti|Power Gem|p2b: Torkoal\n|-supereffective|p2b: Torkoal\n|-damage|p2b: Torkoal|0 fnt\n|faint|p2b: Torkoal\n|\n|win|ClickForVictory\n|raw|ClickForVictory's rating: 1389 → 1411<\/strong> (+22 for winning)\n|raw|SaberChrono's rating: 1417 → 1395<\/strong> (-22 for losing)\n|c|\u2606ClickForVictory|gg\n|l|\u2606SaberChrono\n","uploadtime":1682521982,"views":14,"p1id":"clickforvictory","p2id":"saberchrono","formatid":"gen9vgc2023regulationc","rating":1395,"private":0,"password":""}