{"id":"gen9vgc2023regulationc-1849168191","p1":"Kammala","p2":"Nickeeyyy","format":"[Gen 9] VGC 2023 Regulation C","log":"|j|\u2606Kammala\n|j|\u2606Nickeeyyy\n|t:|1682167437\n|gametype|doubles\n|player|p1|Kammala|2|1352\n|player|p2|Nickeeyyy|hilbert|1324\n|teamsize|p1|6\n|teamsize|p2|6\n|gen|9\n|tier|[Gen 9] VGC 2023 Regulation C\n|rated|\n|rule|Species Clause: Limit one of each Pok\u00e9mon\n|rule|Item Clause: Limit one of each item\n|clearpoke\n|poke|p1|Azumarill, L50, F|\n|poke|p1|Amoonguss, L50, F|\n|poke|p1|Tauros-Paldea-Blaze, L50, M|\n|poke|p1|Ting-Lu, L50|\n|poke|p1|Baxcalibur, L50, M|\n|poke|p1|Flutter Mane, L50|\n|poke|p2|Arcanine, L50, F|\n|poke|p2|Tauros-Paldea-Aqua, L50, M|\n|poke|p2|Rotom-Mow, L50|\n|poke|p2|Roaring Moon, L50|\n|poke|p2|Scizor, L50, M|\n|poke|p2|Gardevoir, L50, F|\n|teampreview|4\n|inactive|Battle timer is ON: inactive players will automatically lose when time's up. (requested by Kammala)\nKammala has agreed to open team sheets.\n|inactive|Kammala has 60 seconds left.\n|\n|t:|1682167472\n|start\n|switch|p1a: Ting-Lu|Ting-Lu, L50|100\/100\n|switch|p1b: Azumarill|Azumarill, L50, F|100\/100\n|switch|p2a: Scizor|Scizor, L50, M|100\/100\n|switch|p2b: Rotom|Rotom-Mow, L50|100\/100\n|-ability|p1a: Ting-Lu|Vessel of Ruin\n|turn|1\n|\n|t:|1682167493\n|switch|p1b: Tauros|Tauros-Paldea-Blaze, L50, M|100\/100\n|-ability|p1b: Tauros|Intimidate|boost\n|-fail|p2a: Scizor|unboost|[from] item: Clear Amulet|[of] p2a: Scizor\n|-unboost|p2b: Rotom|atk|1\n|-terastallize|p1a: Ting-Lu|Poison\n|move|p2b: Rotom|Nasty Plot|p2b: Rotom\n|-boost|p2b: Rotom|spa|2\n|move|p2a: Scizor|U-turn|p1b: Tauros\n|-resisted|p1b: Tauros\n|-damage|p1b: Tauros|91\/100\n|\n|t:|1682167508\n|switch|p2a: Tauros|Tauros-Paldea-Aqua, L50, M|100\/100|[from] U-turn\n|-ability|p2a: Tauros|Intimidate|boost\n|-unboost|p1a: Ting-Lu|atk|1\n|-unboost|p1b: Tauros|atk|1\n|move|p1a: Ting-Lu|Ruination|p2b: Rotom\n|-damage|p2b: Rotom|50\/100\n|-enditem|p2b: Rotom|Sitrus Berry|[eat]\n|-heal|p2b: Rotom|75\/100|[from] item: Sitrus Berry\n|\n|upkeep\n|turn|2\n|\n|t:|1682167531\n|move|p1b: Tauros|Protect|p1b: Tauros\n|-singleturn|p1b: Tauros|Protect\n|move|p2b: Rotom|Protect|p2b: Rotom\n|-singleturn|p2b: Rotom|Protect\n|move|p2a: Tauros|Raging Bull|p1b: Tauros\n|-activate|p1b: Tauros|move: Protect\n|move|p1a: Ting-Lu|Ruination|p2b: Rotom\n|-activate|p2b: Rotom|move: Protect\n|\n|upkeep\n|turn|3\n|\n|t:|1682167553\n|switch|p1b: Azumarill|Azumarill, L50, F|100\/100\n|switch|p2b: Roaring Moon|Roaring Moon, L50|100\/100\n|-enditem|p2b: Roaring Moon|Booster Energy\n|-activate|p2b: Roaring Moon|ability: Protosynthesis|[fromitem]\n|-start|p2b: Roaring Moon|protosynthesisspe\n|move|p2a: Tauros|Raging Bull|p1b: Azumarill\n|-resisted|p1b: Azumarill\n|-damage|p1b: Azumarill|79\/100\n|move|p1a: Ting-Lu|Stealth Rock|p2a: Tauros\n|-sidestart|p2: Nickeeyyy|move: Stealth Rock\n|\n|upkeep\n|turn|4\n|inactive|Kammala has 30 seconds left.\n|\n|t:|1682167584\n|move|p2b: Roaring Moon|Acrobatics|p1b: Azumarill\n|-damage|p1b: Azumarill|42\/100\n|move|p2a: Tauros|Raging Bull|p1a: Ting-Lu\n|-damage|p1a: Ting-Lu|69\/100\n|move|p1b: Azumarill|Play Rough|p2b: Roaring Moon\n|-supereffective|p2b: Roaring Moon\n|-damage|p2b: Roaring Moon|0 fnt\n|faint|p2b: Roaring Moon\n|-end|p2b: Roaring Moon|Protosynthesis|[silent]\n|move|p1a: Ting-Lu|Ruination|p2a: Tauros|[miss]\n|-miss|p1a: Ting-Lu|p2a: Tauros\n|\n|-heal|p1a: Ting-Lu|75\/100|[from] item: Leftovers\n|upkeep\n|\n|t:|1682167603\n|switch|p2b: Rotom|Rotom-Mow, L50|75\/100\n|-damage|p2b: Rotom|63\/100|[from] Stealth Rock\n|turn|5\n|\n|t:|1682167618\n|move|p2a: Tauros|Raging Bull|p1a: Ting-Lu\n|-damage|p1a: Ting-Lu|48\/100\n|move|p2b: Rotom|Thunderbolt|p1b: Azumarill\n|-supereffective|p1b: Azumarill\n|-damage|p1b: Azumarill|0 fnt\n|faint|p1b: Azumarill\n|move|p1a: Ting-Lu|Ruination|p2a: Tauros\n|-damage|p2a: Tauros|51\/100\n|\n|-heal|p1a: Ting-Lu|54\/100|[from] item: Leftovers\n|upkeep\n|\n|t:|1682167630\n|switch|p1b: Baxcalibur|Baxcalibur, L50, M|100\/100\n|turn|6\n|\n|t:|1682167646\n|move|p1b: Baxcalibur|Icicle Crash|p2b: Rotom\n|-supereffective|p2b: Rotom\n|-damage|p2b: Rotom|0 fnt\n|faint|p2b: Rotom\n|move|p2a: Tauros|Close Combat|p1b: Baxcalibur\n|-supereffective|p1b: Baxcalibur\n|-damage|p1b: Baxcalibur|0 fnt\n|-unboost|p2a: Tauros|def|1\n|-unboost|p2a: Tauros|spd|1\n|faint|p1b: Baxcalibur\n|move|p1a: Ting-Lu|Ruination|p2a: Tauros\n|-damage|p2a: Tauros|26\/100\n|\n|-heal|p1a: Ting-Lu|60\/100|[from] item: Leftovers\n|upkeep\n|\n|t:|1682167661\n|switch|p1b: Tauros|Tauros-Paldea-Blaze, L50, M|91\/100\n|switch|p2b: Scizor|Scizor, L50, M|100\/100\n|-ability|p1b: Tauros|Intimidate|boost\n|-unboost|p2a: Tauros|atk|1\n|-fail|p2b: Scizor|unboost|[from] item: Clear Amulet|[of] p2b: Scizor\n|-damage|p2b: Scizor|89\/100|[from] Stealth Rock\n|turn|7\n|\n|t:|1682167676\n|-terastallize|p2b: Scizor|Water\n|move|p1b: Tauros|Protect|p1b: Tauros\n|-singleturn|p1b: Tauros|Protect\n|move|p2a: Tauros|Raging Bull|p1a: Ting-Lu\n|-damage|p1a: Ting-Lu|41\/100\n|move|p2b: Scizor|Tera Blast|p1b: Tauros\n|-activate|p1b: Tauros|move: Protect\n|move|p1a: Ting-Lu|Heavy Slam|p2a: Tauros\n|-resisted|p2a: Tauros\n|-damage|p2a: Tauros|6\/100\n|\n|-heal|p1a: Ting-Lu|47\/100|[from] item: Leftovers\n|upkeep\n|turn|8\n|\n|t:|1682167695\n|move|p2a: Tauros|Aqua Jet|p1b: Tauros\n|-supereffective|p1b: Tauros\n|-damage|p1b: Tauros|68\/100\n|move|p1b: Tauros|Will-O-Wisp|p2b: Scizor\n|-status|p2b: Scizor|brn\n|move|p2b: Scizor|Tera Blast|p1b: Tauros\n|-supereffective|p1b: Tauros\n|-damage|p1b: Tauros|22\/100\n|move|p1a: Ting-Lu|Heavy Slam|p2a: Tauros\n|-resisted|p2a: Tauros\n|-damage|p2a: Tauros|0 fnt\n|faint|p2a: Tauros\n|\n|-heal|p1a: Ting-Lu|54\/100|[from] item: Leftovers\n|-damage|p2b: Scizor|83\/100 brn|[from] brn\n|upkeep\n|turn|9\n|\n|t:|1682167716\n|move|p1b: Tauros|Protect|p1b: Tauros\n|-singleturn|p1b: Tauros|Protect\n|move|p2b: Scizor|Tera Blast|p1a: Ting-Lu\n|-damage|p1a: Ting-Lu|39\/100\n|move|p1a: Ting-Lu|Ruination|p2b: Scizor\n|-damage|p2b: Scizor|42\/100 brn\n|\n|-heal|p1a: Ting-Lu|45\/100|[from] item: Leftovers\n|-damage|p2b: Scizor|36\/100 brn|[from] brn\n|upkeep\n|turn|10\n|\n|t:|1682167732\n|move|p2b: Scizor|Bullet Punch|p1b: Tauros\n|-resisted|p1b: Tauros\n|-damage|p1b: Tauros|15\/100\n|move|p1b: Tauros|Close Combat|p2b: Scizor\n|-damage|p2b: Scizor|0 fnt\n|-unboost|p1b: Tauros|def|1\n|-unboost|p1b: Tauros|spd|1\n|faint|p2b: Scizor\n|\n|win|Kammala\n|raw|Kammala's rating: 1352 → 1370<\/strong> (+18 for winning)\n|raw|Nickeeyyy's rating: 1324 → 1306<\/strong> (-18 for losing)\n|l|\u2606Nickeeyyy\n","uploadtime":1682167741,"views":23,"p1id":"kammala","p2id":"nickeeyyy","formatid":"gen9vgc2023regulationc","rating":1306,"private":0,"password":""}