{"id":"gen9vgc2023regulationc-1861079968","p1":"NaM200","p2":"offofoff","format":"[Gen 9] VGC 2023 Regulation C","log":"|j|\u2606NaM200\n|j|\u203doffofoff\n|inactive|Battle timer is ON: inactive players will automatically lose when time's up.\n|t:|1683724564\n|gametype|doubles\n|player|p1|NaM200|plasmagrunt-gen5bw|\n|player|p2|offofoff|clerkf|\n|teamsize|p1|6\n|teamsize|p2|6\n|gen|9\n|tier|[Gen 9] VGC 2023 Regulation C\n|rated|Tournament battle\n|rule|Species Clause: Limit one of each Pok\u00e9mon\n|rule|Item Clause: Limit one of each item\n|clearpoke\n|poke|p1|Ting-Lu, L50|\n|poke|p1|Dragonite, L50, F|\n|poke|p1|Flutter Mane, L50|\n|poke|p1|Iron Hands, L50|\n|poke|p1|Glimmora, L50, M|\n|poke|p1|Chien-Pao, L50|\n|poke|p2|Chi-Yu, L50|\n|poke|p2|Dragapult, L50, M|\n|poke|p2|Chien-Pao, L50|\n|poke|p2|Flutter Mane, L50|\n|poke|p2|Scream Tail, L50|\n|poke|p2|Torkoal, L50, M|\n|teampreview|4\n|inactive|offofoff also wants the timer to be on.\n|inactive|NaM200 has 60 seconds left.\n|inactive|offofoff has 60 seconds left.\n|\n|t:|1683724607\n|start\n|switch|p1a: Ting-Lu|Ting-Lu, L50|100\/100\n|switch|p1b: Glimmora|Glimmora, L50, M|100\/100\n|switch|p2a: Flutter Mane|Flutter Mane, L50|100\/100\n|switch|p2b: Dragapult|Dragapult, L50, M|100\/100\n|-ability|p1a: Ting-Lu|Vessel of Ruin\n|turn|1\n|\n|t:|1683724630\n|-terastallize|p2b: Dragapult|Dragon\n|-terastallize|p1a: Ting-Lu|Poison\n|move|p2b: Dragapult|Dragon Darts|p1b: Glimmora\n|-damage|p1b: Glimmora|49\/100\n|-activate|p1b: Glimmora|ability: Toxic Debris\n|-sidestart|p2: offofoff|move: Toxic Spikes\n|-anim|p2b: Dragapult|Dragon Darts|p1a: Ting-Lu\n|-damage|p1a: Ting-Lu|75\/100\n|move|p2a: Flutter Mane|Dazzling Gleam|p1a: Ting-Lu|[spread] p1a,p1b\n|-resisted|p1a: Ting-Lu\n|-resisted|p1b: Glimmora\n|-damage|p1a: Ting-Lu|62\/100\n|-damage|p1b: Glimmora|29\/100\n|move|p1b: Glimmora|Mortal Spin|p2a: Flutter Mane|[spread] p2a,p2b\n|-damage|p2a: Flutter Mane|91\/100\n|-damage|p2b: Dragapult|94\/100\n|-status|p2a: Flutter Mane|psn\n|-status|p2b: Dragapult|psn\n|move|p1a: Ting-Lu|Ruination|p2b: Dragapult\n|-damage|p2b: Dragapult|47\/100 psn\n|\n|-heal|p1a: Ting-Lu|68\/100|[from] item: Leftovers\n|-damage|p2b: Dragapult|35\/100 psn|[from] psn\n|-damage|p2a: Flutter Mane|78\/100 psn|[from] psn\n|upkeep\n|turn|2\n|inactive|NaM200 has 30 seconds left.\n|\n|t:|1683724657\n|move|p1b: Glimmora|Spiky Shield|p1b: Glimmora\n|-singleturn|p1b: Glimmora|move: Protect\n|move|p1a: Ting-Lu|Protect|p1a: Ting-Lu\n|-singleturn|p1a: Ting-Lu|Protect\n|move|p2b: Dragapult|Dragon Darts|p1b: Glimmora\n|-activate|p1a: Ting-Lu|move: Protect\n|move|p2a: Flutter Mane|Dazzling Gleam|p1a: Ting-Lu|[spread] \n|-activate|p1a: Ting-Lu|move: Protect\n|-activate|p1b: Glimmora|move: Protect\n|\n|-heal|p1a: Ting-Lu|74\/100|[from] item: Leftovers\n|-damage|p2b: Dragapult|23\/100 psn|[from] psn\n|-damage|p2a: Flutter Mane|66\/100 psn|[from] psn\n|upkeep\n|turn|3\n|\n|t:|1683724678\n|move|p2b: Dragapult|Dragon Darts|p1b: Glimmora\n|-damage|p1b: Glimmora|0 fnt\n|-activate|p1b: Glimmora|ability: Toxic Debris\n|-sidestart|p2: offofoff|move: Toxic Spikes\n|-anim|p2b: Dragapult|Dragon Darts|p1a: Ting-Lu\n|-damage|p1a: Ting-Lu|48\/100\n|faint|p1b: Glimmora\n|move|p2a: Flutter Mane|Dazzling Gleam|p1a: Ting-Lu\n|-resisted|p1a: Ting-Lu\n|-damage|p1a: Ting-Lu|32\/100\n|move|p1a: Ting-Lu|Ruination|p2a: Flutter Mane|[miss]\n|-miss|p1a: Ting-Lu|p2a: Flutter Mane\n|\n|-heal|p1a: Ting-Lu|38\/100|[from] item: Leftovers\n|-damage|p2b: Dragapult|11\/100 psn|[from] psn\n|-damage|p2a: Flutter Mane|54\/100 psn|[from] psn\n|upkeep\n|\n|t:|1683724695\n|switch|p1b: Flutter Mane|Flutter Mane, L50|100\/100\n|turn|4\n|inactive|offofoff has 30 seconds left.\n|\n|t:|1683724721\n|move|p1a: Ting-Lu|Protect|p1a: Ting-Lu\n|-singleturn|p1a: Ting-Lu|Protect\n|move|p2b: Dragapult|Dragon Darts|p1a: Ting-Lu\n|-immune|p1b: Flutter Mane\n|move|p1b: Flutter Mane|Shadow Ball|p2a: Flutter Mane\n|-supereffective|p2a: Flutter Mane\n|-damage|p2a: Flutter Mane|0 fnt\n|faint|p2a: Flutter Mane\n|-end|p2a: Flutter Mane|Protosynthesis|[silent]\n|\n|-heal|p1a: Ting-Lu|44\/100|[from] item: Leftovers\n|-damage|p2b: Dragapult|0 fnt|[from] psn\n|faint|p2b: Dragapult\n|upkeep\n|\n|t:|1683724735\n|switch|p2b: Chi-Yu|Chi-Yu, L50|100\/100\n|switch|p2a: Chien-Pao|Chien-Pao, L50|100\/100\n|-status|p2b: Chi-Yu|tox\n|-ability|p2b: Chi-Yu|Beads of Ruin\n|-status|p2a: Chien-Pao|tox\n|-ability|p2a: Chien-Pao|Sword of Ruin\n|turn|5\n|\n|t:|1683724751\n|move|p1b: Flutter Mane|Protect|p1b: Flutter Mane\n|-singleturn|p1b: Flutter Mane|Protect\n|move|p2b: Chi-Yu|Psychic|p1a: Ting-Lu\n|-supereffective|p1a: Ting-Lu\n|-damage|p1a: Ting-Lu|2\/100\n|move|p2a: Chien-Pao|Icicle Crash|p1b: Flutter Mane\n|-activate|p1b: Flutter Mane|move: Protect\n|move|p1a: Ting-Lu|Body Press|p2a: Chien-Pao\n|-supereffective|p2a: Chien-Pao\n|-enditem|p2a: Chien-Pao|Focus Sash\n|-damage|p2a: Chien-Pao|1\/100 tox\n|\n|-heal|p1a: Ting-Lu|8\/100|[from] item: Leftovers\n|-damage|p2b: Chi-Yu|94\/100 tox|[from] psn\n|-damage|p2a: Chien-Pao|0 fnt|[from] psn\n|faint|p2a: Chien-Pao\n|upkeep\n|turn|6\n|\n|t:|1683724773\n|move|p2b: Chi-Yu|Psychic|p1a: Ting-Lu\n|-supereffective|p1a: Ting-Lu\n|-damage|p1a: Ting-Lu|0 fnt\n|faint|p1a: Ting-Lu\n|move|p1b: Flutter Mane|Moonblast|p2b: Chi-Yu\n|-damage|p2b: Chi-Yu|36\/100 tox\n|\n|-damage|p2b: Chi-Yu|24\/100 tox|[from] psn\n|upkeep\n|\n|t:|1683724780\n|switch|p1a: Dragonite|Dragonite, L50, F|100\/100\n|turn|7\n|\n|t:|1683724801\n|move|p1a: Dragonite|Extreme Speed|p2b: Chi-Yu\n|-damage|p2b: Chi-Yu|0 fnt\n|faint|p2b: Chi-Yu\n|\n|win|NaM200\n|n|\u2606NaM200|nam200\n|n|\u203doffofoff|offofoff\n","uploadtime":1683724802,"views":14,"p1id":"nam200","p2id":"offofoff","formatid":"gen9vgc2023regulationc","rating":0,"private":0,"password":""}