{"id":"gen9vgc2023regulationc-1854127042","p1":"Joan Sama","p2":"AvrosKyargath","format":"[Gen 9] VGC 2023 Regulation C","log":"|j|\u2606Joan Sama\n|j|\u2606AvrosKyargath\n|t:|1682773508\n|gametype|doubles\n|player|p1|Joan Sama|red|1090\n|player|p2|AvrosKyargath|gambler|1153\n|teamsize|p1|6\n|teamsize|p2|6\n|gen|9\n|tier|[Gen 9] VGC 2023 Regulation C\n|rated|\n|rule|Species Clause: Limit one of each Pok\u00e9mon\n|rule|Item Clause: Limit one of each item\n|clearpoke\n|poke|p1|Chien-Pao, L50|\n|poke|p1|Dragonite, L50, F|\n|poke|p1|Arcanine, L50, M|\n|poke|p1|Amoonguss, L50, M|\n|poke|p1|Flutter Mane, L50|\n|poke|p1|Gothitelle, L50, M|\n|poke|p2|Baxcalibur, L50, F|\n|poke|p2|Ceruledge, L50, F|\n|poke|p2|Tauros-Paldea-Aqua, L50, M|\n|poke|p2|Amoonguss, L50, M|\n|poke|p2|Flutter Mane, L50|\n|poke|p2|Scizor, L50, F|\n|teampreview|4\n|inactive|Battle timer is ON: inactive players will automatically lose when time's up. (requested by Joan Sama)\n|\n|t:|1682773528\n|start\n|switch|p1a: Arcanine|Arcanine, L50, M|100\/100\n|switch|p1b: Dragonite|Dragonite, L50, F|100\/100\n|switch|p2a: Scizor|Scizor, L50, F, shiny|100\/100\n|switch|p2b: Flutter Mane|Flutter Mane, L50|100\/100\n|-ability|p1a: Arcanine|Intimidate|boost\n|-unboost|p2a: Scizor|atk|1\n|-unboost|p2b: Flutter Mane|atk|1\n|-enditem|p2b: Flutter Mane|Booster Energy\n|-activate|p2b: Flutter Mane|ability: Protosynthesis|[fromitem]\n|-start|p2b: Flutter Mane|protosynthesisspa\n|turn|1\n|inactive|Joan Sama has 30 seconds left.\n|inactive|AvrosKyargath has 30 seconds left.\n|\n|t:|1682773562\n|switch|p1b: Gothitelle|Gothitelle, L50, M|100\/100\n|switch|p2a: Ceruledge|Ceruledge, L50, F|100\/100\n|move|p2b: Flutter Mane|Protect|p2b: Flutter Mane\n|-singleturn|p2b: Flutter Mane|Protect\n|move|p1a: Arcanine|Flare Blitz|p2a: Ceruledge\n|-start|p2a: Ceruledge|ability: Flash Fire\n|\n|upkeep\n|turn|2\n|inactive|Joan Sama has 30 seconds left.\n|\n|t:|1682773590\n|-terastallize|p1b: Gothitelle|Dark\n|move|p2a: Ceruledge|Protect|p2a: Ceruledge\n|-singleturn|p2a: Ceruledge|Protect\n|move|p2b: Flutter Mane|Shadow Ball|p1b: Gothitelle\n|-resisted|p1b: Gothitelle\n|-damage|p1b: Gothitelle|81\/100\n|move|p1a: Arcanine|Will-O-Wisp|p2b: Flutter Mane\n|-status|p2b: Flutter Mane|brn\n|move|p1b: Gothitelle|Charm|p2a: Ceruledge\n|-activate|p2a: Ceruledge|move: Protect\n|\n|-heal|p1b: Gothitelle|87\/100|[from] item: Leftovers\n|-damage|p2b: Flutter Mane|95\/100 brn|[from] brn\n|upkeep\n|turn|3\n|inactive|Joan Sama has 30 seconds left.\n|\n|t:|1682773615\n|move|p1a: Arcanine|Extreme Speed|p2a: Ceruledge\n|-immune|p2a: Ceruledge\n|move|p2b: Flutter Mane|Dazzling Gleam|p1a: Arcanine|[spread] p1a,p1b\n|-resisted|p1a: Arcanine\n|-supereffective|p1b: Gothitelle\n|-damage|p1a: Arcanine|81\/100\n|-damage|p1b: Gothitelle|18\/100\n|move|p2a: Ceruledge|Bitter Blade|p1b: Gothitelle\n|-damage|p1b: Gothitelle|0 fnt\n|faint|p1b: Gothitelle\n|\n|-damage|p2b: Flutter Mane|89\/100 brn|[from] brn\n|upkeep\n|\n|t:|1682773628\n|switch|p1b: Chien-Pao|Chien-Pao, L50|100\/100\n|-ability|p1b: Chien-Pao|Sword of Ruin\n|turn|4\n|\n|t:|1682773641\n|switch|p1a: Dragonite|Dragonite, L50, F|100\/100\n|move|p1b: Chien-Pao|Sucker Punch||[still]\n|-fail|p1b: Chien-Pao\n|move|p2b: Flutter Mane|Dazzling Gleam|p1b: Chien-Pao|[spread] p1a,p1b\n|-supereffective|p1a: Dragonite\n|-supereffective|p1b: Chien-Pao\n|-crit|p1b: Chien-Pao\n|-damage|p1a: Dragonite|75\/100\n|-enditem|p1b: Chien-Pao|Focus Sash\n|-damage|p1b: Chien-Pao|1\/100\n|move|p2a: Ceruledge|Bulk Up|p2a: Ceruledge\n|-boost|p2a: Ceruledge|atk|1\n|-boost|p2a: Ceruledge|def|1\n|\n|-damage|p2b: Flutter Mane|83\/100 brn|[from] brn\n|upkeep\n|turn|5\n|\n|t:|1682773665\n|move|p1b: Chien-Pao|Protect|p1b: Chien-Pao\n|-singleturn|p1b: Chien-Pao|Protect\n|move|p2a: Ceruledge|Protect|p2a: Ceruledge\n|-singleturn|p2a: Ceruledge|Protect\n|move|p2b: Flutter Mane|Dazzling Gleam|p1b: Chien-Pao|[spread] p1a\n|-activate|p1b: Chien-Pao|move: Protect\n|-supereffective|p1a: Dragonite\n|-damage|p1a: Dragonite|27\/100\n|move|p1a: Dragonite|Outrage|p2b: Flutter Mane\n|-immune|p2b: Flutter Mane\n|\n|-damage|p2b: Flutter Mane|78\/100 brn|[from] brn\n|upkeep\n|turn|6\n|-message|Joan Sama forfeited.\n|\n|win|AvrosKyargath\n|raw|Joan Sama's rating: 1090 → 1071<\/strong> (-19 for losing)\n|raw|AvrosKyargath's rating: 1153 → 1174<\/strong> (+21 for winning)\n|l|\u2606Joan Sama\n","uploadtime":1682773716,"views":25,"p1id":"joansama","p2id":"avroskyargath","formatid":"gen9vgc2023regulationc","rating":1071,"private":0,"password":""}