{"id":"gen9vgc2023regulationc-1848195943","p1":"WillieDangerously","p2":"lamlam1995","format":"[Gen 9] VGC 2023 Regulation C","log":"|j|\u2606WillieDangerously\n|j|\u2606lamlam1995\n|t:|1682041116\n|gametype|doubles\n|player|p1|WillieDangerously|psychic-gen4|1102\n|player|p2|lamlam1995|102|1061\n|teamsize|p1|6\n|teamsize|p2|6\n|gen|9\n|tier|[Gen 9] VGC 2023 Regulation C\n|rated|\n|rule|Species Clause: Limit one of each Pok\u00e9mon\n|rule|Item Clause: Limit one of each item\n|clearpoke\n|poke|p1|Espathra, L50, F|\n|poke|p1|Iron Bundle, L50|\n|poke|p1|Iron Valiant, L50|\n|poke|p1|Salamence, L50, F|\n|poke|p1|Scizor, L50, F|\n|poke|p1|Sandy Shocks, L50|\n|poke|p2|Chien-Pao, L50|\n|poke|p2|Flutter Mane, L50|\n|poke|p2|Dragonite, L50, F|\n|poke|p2|Arcanine, L50, F|\n|poke|p2|Pachirisu, L50, M|\n|poke|p2|Garganacl, L50, M|\n|teampreview|4\n|\n|t:|1682041144\n|start\n|switch|p1a: Iron Valiant|Iron Valiant, L50|100\/100\n|switch|p1b: Sandy Shocks|Sandy Shocks, L50|100\/100\n|switch|p2a: Pachirisu|Pachirisu, L50, M|100\/100\n|switch|p2b: Flutter Mane|Flutter Mane, L50|100\/100\n|-enditem|p1b: Sandy Shocks|Booster Energy\n|-activate|p1b: Sandy Shocks|ability: Protosynthesis|[fromitem]\n|-start|p1b: Sandy Shocks|protosynthesisspe\n|turn|1\n|\n|t:|1682041177\n|-terastallize|p1a: Iron Valiant|Fairy\n|move|p2a: Pachirisu|Follow Me|p2a: Pachirisu\n|-singleturn|p2a: Pachirisu|move: Follow Me\n|move|p1b: Sandy Shocks|Gravity|p1b: Sandy Shocks\n|-fieldstart|move: Gravity\n|move|p2b: Flutter Mane|Dazzling Gleam|p1a: Iron Valiant|[spread] p1a,p1b\n|-damage|p1a: Iron Valiant|40\/100\n|-damage|p1b: Sandy Shocks|60\/100\n|move|p1a: Iron Valiant|Hypnosis|p2a: Pachirisu\n|-status|p2a: Pachirisu|slp|[from] move: Hypnosis\n|\n|upkeep\n|turn|2\n|\n|t:|1682041206\n|-end|p1a: Iron Valiant|Quark Drive|[silent]\n|switch|p1a: Scizor|Scizor, L50, F|100\/100\n|cant|p2a: Pachirisu|slp\n|move|p1b: Sandy Shocks|Earth Power|p2a: Pachirisu\n|-supereffective|p2a: Pachirisu\n|-damage|p2a: Pachirisu|11\/100 slp\n|-enditem|p2a: Pachirisu|Sitrus Berry|[eat]\n|-heal|p2a: Pachirisu|35\/100 slp|[from] item: Sitrus Berry\n|move|p2b: Flutter Mane|Dazzling Gleam|p1a: Scizor|[spread] p1a,p1b\n|-resisted|p1a: Scizor\n|-damage|p1a: Scizor|80\/100\n|-damage|p1b: Sandy Shocks|22\/100\n|\n|upkeep\n|turn|3\n|\n|t:|1682041225\n|-end|p2b: Flutter Mane|Protosynthesis|[silent]\n|switch|p2b: Arcanine|Arcanine, L50, F|100\/100\n|-ability|p2b: Arcanine|Intimidate|boost\n|-unboost|p1a: Scizor|atk|1\n|-unboost|p1b: Sandy Shocks|atk|1\n|switch|p2a: Chien-Pao|Chien-Pao, L50|100\/100\n|-ability|p2a: Chien-Pao|Sword of Ruin\n|move|p1b: Sandy Shocks|Earth Power|p2a: Chien-Pao\n|-damage|p2a: Chien-Pao|31\/100\n|move|p1a: Scizor|Swords Dance|p1a: Scizor\n|-boost|p1a: Scizor|atk|2\n|\n|upkeep\n|turn|4\n|\n|t:|1682041251\n|move|p1a: Scizor|Feint|p2a: Chien-Pao\n|-damage|p2a: Chien-Pao|0 fnt\n|faint|p2a: Chien-Pao\n|move|p1b: Sandy Shocks|Earth Power|p2b: Arcanine\n|-supereffective|p2b: Arcanine\n|-damage|p2b: Arcanine|8\/100\n|move|p2b: Arcanine|Flare Blitz|p1a: Scizor\n|-supereffective|p1a: Scizor\n|-damage|p1a: Scizor|0 fnt\n|faint|p1a: Scizor\n|-damage|p2b: Arcanine|0 fnt|[from] Recoil\n|faint|p2b: Arcanine\n|\n|upkeep\n|\n|t:|1682041263\n|switch|p2a: Flutter Mane|Flutter Mane, L50|100\/100\n|switch|p2b: Pachirisu|Pachirisu, L50, M|35\/100 slp\n|switch|p1a: Iron Bundle|Iron Bundle, L50|100\/100\n|turn|5\n|\n|t:|1682041274\n|-terastallize|p2a: Flutter Mane|Fairy\n|move|p1b: Sandy Shocks|Protect|p1b: Sandy Shocks\n|-singleturn|p1b: Sandy Shocks|Protect\n|move|p1a: Iron Bundle|Blizzard|p2b: Pachirisu|[spread] p2a,p2b\n|-damage|p2a: Flutter Mane|60\/100\n|-damage|p2b: Pachirisu|0 fnt\n|faint|p2b: Pachirisu\n|move|p2a: Flutter Mane|Dazzling Gleam|p1a: Iron Bundle|[spread] p1a\n|-activate|p1b: Sandy Shocks|move: Protect\n|-damage|p1a: Iron Bundle|20\/100\n|\n|-fieldend|move: Gravity\n|upkeep\n|turn|6\n|\n|t:|1682041295\n|move|p1b: Sandy Shocks|Gravity|p1b: Sandy Shocks\n|-fieldstart|move: Gravity\n|move|p1a: Iron Bundle|Blizzard|p2a: Flutter Mane\n|-damage|p2a: Flutter Mane|5\/100\n|move|p2a: Flutter Mane|Dazzling Gleam|p1a: Iron Bundle|[spread] p1a,p1b\n|-damage|p1a: Iron Bundle|0 fnt\n|-damage|p1b: Sandy Shocks|0 fnt\n|faint|p1a: Iron Bundle\n|-end|p1a: Iron Bundle|Quark Drive|[silent]\n|faint|p1b: Sandy Shocks\n|-end|p1b: Sandy Shocks|Protosynthesis|[silent]\n|\n|upkeep\n|\n|t:|1682041303\n|switch|p1b: Iron Valiant|Iron Valiant, L50, tera:Fairy|40\/100\n|turn|7\n|\n|t:|1682041309\n|move|p2a: Flutter Mane|Dazzling Gleam|p1b: Iron Valiant\n|-damage|p1b: Iron Valiant|0 fnt\n|faint|p1b: Iron Valiant\n|-end|p1b: Iron Valiant|Quark Drive|[silent]\n|\n|win|lamlam1995\n|raw|WillieDangerously's rating: 1102 → 1074<\/strong> (-28 for losing)\n|raw|lamlam1995's rating: 1061 → 1095<\/strong> (+34 for winning)\n","uploadtime":1682041312,"views":11,"p1id":"williedangerously","p2id":"lamlam1995","formatid":"gen9vgc2023regulationc","rating":1074,"private":0,"password":""}