{"id":"gen9vgc2023regulationc-1848066476","p1":"QrdeJegoMac","p2":"LuckySunday","format":"[Gen 9] VGC 2023 Regulation C","log":"|j|\u2606QrdeJegoMac\n|j|\u2606LuckySunday\n|t:|1682025922\n|gametype|doubles\n|player|p1|QrdeJegoMac|102|1584\n|player|p2|LuckySunday|skierf|1577\n|teamsize|p1|6\n|teamsize|p2|6\n|gen|9\n|tier|[Gen 9] VGC 2023 Regulation C\n|rated|\n|rule|Species Clause: Limit one of each Pok\u00e9mon\n|rule|Item Clause: Limit one of each item\n|clearpoke\n|poke|p1|Murkrow, L50, F|\n|poke|p1|Chi-Yu, L50|\n|poke|p1|Flutter Mane, L50|\n|poke|p1|Great Tusk, L50|\n|poke|p1|Brute Bonnet, L50|\n|poke|p1|Corviknight, L50, F|\n|poke|p2|Flutter Mane, L50|\n|poke|p2|Iron Hands, L50|\n|poke|p2|Amoonguss, L50, M|\n|poke|p2|Chi-Yu, L50|\n|poke|p2|Tatsugiri, L50, M|\n|poke|p2|Dondozo, L50, M|\n|teampreview|4\n|inactive|Battle timer is ON: inactive players will automatically lose when time's up. (requested by QrdeJegoMac)\n|\n|t:|1682025944\n|start\n|switch|p1a: Flutter Mane|Flutter Mane, L50|100\/100\n|switch|p1b: Murkrow|Murkrow, L50, F, shiny|100\/100\n|switch|p2a: Iron Hands|Iron Hands, L50|100\/100\n|switch|p2b: Dondozo|Dondozo, L50, M|100\/100\n|turn|1\n|\n|t:|1682025964\n|-terastallize|p1b: Murkrow|Ghost\n|move|p2b: Dondozo|Protect|p2b: Dondozo\n|-singleturn|p2b: Dondozo|Protect\n|move|p1b: Murkrow|Sunny Day|p1b: Murkrow\n|-weather|SunnyDay\n|-activate|p1a: Flutter Mane|ability: Protosynthesis\n|-start|p1a: Flutter Mane|protosynthesisspa\n|move|p1a: Flutter Mane|Moonblast|p2b: Dondozo\n|-activate|p2b: Dondozo|move: Protect\n|move|p2a: Iron Hands|Heavy Slam|p1a: Flutter Mane\n|-supereffective|p1a: Flutter Mane\n|-damage|p1a: Flutter Mane|0 fnt\n|faint|p1a: Flutter Mane\n|-end|p1a: Flutter Mane|Protosynthesis|[silent]\n|\n|-weather|SunnyDay|[upkeep]\n|upkeep\n|\n|t:|1682025973\n|switch|p1a: Great Tusk|Great Tusk, L50|100\/100\n|-activate|p1a: Great Tusk|ability: Protosynthesis\n|-start|p1a: Great Tusk|protosynthesisatk\n|turn|2\n|\n|t:|1682025985\n|-terastallize|p2a: Iron Hands|Grass\n|move|p1b: Murkrow|Haze|p1b: Murkrow\n|-clearallboost\n|move|p1a: Great Tusk|Headlong Rush|p2b: Dondozo\n|-damage|p2b: Dondozo|46\/100\n|-unboost|p1a: Great Tusk|def|1\n|-unboost|p1a: Great Tusk|spd|1\n|move|p2a: Iron Hands|Wild Charge|p1b: Murkrow\n|-damage|p1b: Murkrow|47\/100\n|-damage|p2a: Iron Hands|91\/100|[from] Recoil\n|move|p2b: Dondozo|Wave Crash|p1b: Murkrow\n|-damage|p1b: Murkrow|21\/100\n|-damage|p2b: Dondozo|40\/100|[from] Recoil\n|\n|-weather|SunnyDay|[upkeep]\n|-heal|p2b: Dondozo|46\/100|[from] item: Leftovers\n|upkeep\n|turn|3\n|inactive|LuckySunday has 30 seconds left.\n|inactive|LuckySunday has 20 seconds left.\n|\n|t:|1682026021\n|move|p2b: Dondozo|Protect|p2b: Dondozo\n|-singleturn|p2b: Dondozo|Protect\n|move|p1a: Great Tusk|Headlong Rush|p2b: Dondozo\n|-activate|p2b: Dondozo|move: Protect\n|move|p1b: Murkrow|Foul Play|p2a: Iron Hands\n|-damage|p2a: Iron Hands|58\/100\n|move|p2a: Iron Hands|Wild Charge|p1b: Murkrow\n|-damage|p1b: Murkrow|0 fnt\n|faint|p1b: Murkrow\n|-damage|p2a: Iron Hands|54\/100|[from] Recoil\n|\n|-weather|SunnyDay|[upkeep]\n|-heal|p2b: Dondozo|52\/100|[from] item: Leftovers\n|upkeep\n|\n|t:|1682026025\n|switch|p1b: Corviknight|Corviknight, L50, F|100\/100\n|turn|4\n|\n|t:|1682026050\n|switch|p2b: Chi-Yu|Chi-Yu, L50|100\/100\n|-ability|p2b: Chi-Yu|Beads of Ruin\n|move|p1a: Great Tusk|Headlong Rush|p2b: Chi-Yu\n|-supereffective|p2b: Chi-Yu\n|-damage|p2b: Chi-Yu|0 fnt\n|-unboost|p1a: Great Tusk|def|1\n|-unboost|p1a: Great Tusk|spd|1\n|faint|p2b: Chi-Yu\n|move|p1b: Corviknight|Brave Bird|p2a: Iron Hands\n|-supereffective|p2a: Iron Hands\n|-damage|p2a: Iron Hands|0 fnt\n|faint|p2a: Iron Hands\n|-end|p2a: Iron Hands|Quark Drive|[silent]\n|-damage|p1b: Corviknight|77\/100|[from] Recoil\n|\n|-weather|SunnyDay|[upkeep]\n|upkeep\n|\n|t:|1682026064\n|switch|p2b: Dondozo|Dondozo, L50, M|52\/100\n|switch|p2a: Tatsugiri|Tatsugiri, L50, M|100\/100\n|-activate|p2a: Tatsugiri|ability: Commander|[of] p2b: Dondozo\n|-boost|p2b: Dondozo|atk|2\n|-boost|p2b: Dondozo|spa|2\n|-boost|p2b: Dondozo|spe|2\n|-boost|p2b: Dondozo|def|2\n|-boost|p2b: Dondozo|spd|2\n|turn|5\n|\n|t:|1682026067\n|move|p2b: Dondozo|Protect|p2b: Dondozo\n|-singleturn|p2b: Dondozo|Protect\n|move|p1a: Great Tusk|Headlong Rush|p2b: Dondozo\n|-activate|p2b: Dondozo|move: Protect\n|move|p1b: Corviknight|Brave Bird|p2b: Dondozo\n|-activate|p2b: Dondozo|move: Protect\n|\n|-weather|none\n|-end|p1a: Great Tusk|Protosynthesis\n|-heal|p2b: Dondozo|58\/100|[from] item: Leftovers\n|upkeep\n|turn|6\n|\n|t:|1682026080\n|move|p1a: Great Tusk|Headlong Rush|p2b: Dondozo\n|-damage|p2b: Dondozo|38\/100\n|-unboost|p1a: Great Tusk|def|1\n|-unboost|p1a: Great Tusk|spd|1\n|move|p2b: Dondozo|Wave Crash|p1a: Great Tusk\n|-supereffective|p1a: Great Tusk\n|-damage|p1a: Great Tusk|0 fnt\n|faint|p1a: Great Tusk\n|-end|p1a: Great Tusk|Protosynthesis|[silent]\n|-damage|p2b: Dondozo|13\/100|[from] Recoil\n|move|p1b: Corviknight|Brave Bird|p2b: Dondozo\n|-damage|p2b: Dondozo|0 fnt\n|faint|p2b: Dondozo\n|-damage|p1b: Corviknight|71\/100|[from] Recoil\n|\n|upkeep\n|turn|7\n|\n|t:|1682026092\n|move|p2a: Tatsugiri|Muddy Water|p1b: Corviknight\n|-damage|p1b: Corviknight|20\/100\n|move|p1b: Corviknight|Brave Bird|p2a: Tatsugiri\n|-damage|p2a: Tatsugiri|0 fnt\n|faint|p2a: Tatsugiri\n|-damage|p1b: Corviknight|0 fnt|[from] Recoil\n|faint|p1b: Corviknight\n|\n|win|QrdeJegoMac\n|raw|QrdeJegoMac's rating: 1584 → 1604<\/strong> (+20 for winning)\n|raw|LuckySunday's rating: 1577 → 1557<\/strong> (-20 for losing)\n|c|\u2606QrdeJegoMac|gg\n|c|\u2606QrdeJegoMac|lmao\n|c|\u2606QrdeJegoMac|0-0\n","uploadtime":1682026102,"views":7,"p1id":"qrdejegomac","p2id":"luckysunday","formatid":"gen9vgc2023regulationc","rating":1557,"private":0,"password":""}