{"id":"gen9vgc2023regulationc-1859881642","p1":"tyKer100","p2":"adrpen","format":"[Gen 9] VGC 2023 Regulation C","log":"|j|\u2606tyKer100\n|j|\u2606adrpen\n|t:|1683572410\n|gametype|doubles\n|player|p1|tyKer100|psychic-gen4|1045\n|player|p2|adrpen|pokekid|1075\n|teamsize|p1|6\n|teamsize|p2|6\n|gen|9\n|tier|[Gen 9] VGC 2023 Regulation C\n|rated|\n|rule|Species Clause: Limit one of each Pok\u00e9mon\n|rule|Item Clause: Limit one of each item\n|clearpoke\n|poke|p1|Gastrodon, L50, F|\n|poke|p1|Dugtrio, L50, M|\n|poke|p1|Gengar, L50, M|\n|poke|p1|Pelipper, L50, F|\n|poke|p1|Barraskewda, L50, F|\n|poke|p1|Golduck, L50, M|\n|poke|p2|Amoonguss, L50, M|\n|poke|p2|Palafin, L50, M|\n|poke|p2|Iron Hands, L50|\n|poke|p2|Arcanine, L50, M|\n|poke|p2|Flutter Mane, L50|\n|poke|p2|Dragonite, L50, M|\n|teampreview|4\n|inactive|Battle timer is ON: inactive players will automatically lose when time's up. (requested by adrpen)\n|inactive|tyKer100 has 60 seconds left.\n|inactive|adrpen has 60 seconds left.\n|inactive|adrpen has 30 seconds left.\n|inactive|adrpen has 20 seconds left.\n|inactive|adrpen has 15 seconds left.\n|inactive|adrpen has 10 seconds left.\n|\n|t:|1683572495\n|start\n|switch|p1a: Barraskewda|Barraskewda, L50, F|100\/100\n|switch|p1b: Pelipper|Pelipper, L50, F|100\/100\n|switch|p2a: Iron Hands|Iron Hands, L50, shiny|100\/100\n|switch|p2b: Palafin|Palafin, L50, M, shiny|100\/100\n|-weather|RainDance|[from] ability: Drizzle|[of] p1b: Pelipper\n|turn|1\n|inactive|tyKer100 has 30 seconds left.\n|inactive|adrpen has 30 seconds left.\n|inactive|adrpen has 20 seconds left.\n|inactive|adrpen has 15 seconds left.\n|inactive|adrpen has 10 seconds left.\n|inactive|adrpen has 5 seconds left.\n|\n|t:|1683572550\n|switch|p1b: Golduck|Golduck, L50, M|100\/100\n|move|p2b: Palafin|Jet Punch|p1a: Barraskewda\n|-resisted|p1a: Barraskewda\n|-damage|p1a: Barraskewda|70\/100\n|move|p1a: Barraskewda|Psychic Fangs|p2b: Palafin\n|-damage|p2b: Palafin|49\/100\n|move|p2a: Iron Hands|Drain Punch|p1b: Golduck\n|-damage|p1b: Golduck|37\/100\n|\n|-weather|RainDance|[upkeep]\n|upkeep\n|turn|2\n|inactive|adrpen has 30 seconds left.\n|inactive|adrpen has 20 seconds left.\n|\n|t:|1683572587\n|switch|p1b: Gastrodon|Gastrodon, L50, F|100\/100\n|-terastallize|p2a: Iron Hands|Grass\n|move|p2b: Palafin|Jet Punch|p1b: Gastrodon\n|-ability|p1b: Gastrodon|Storm Drain|boost\n|-boost|p1b: Gastrodon|spa|1\n|move|p1a: Barraskewda|Psychic Fangs|p2a: Iron Hands\n|-damage|p2a: Iron Hands|70\/100\n|move|p2a: Iron Hands|Wild Charge|p1a: Barraskewda\n|-supereffective|p1a: Barraskewda\n|-damage|p1a: Barraskewda|0 fnt\n|faint|p1a: Barraskewda\n|-damage|p2a: Iron Hands|59\/100|[from] Recoil\n|\n|-weather|RainDance|[upkeep]\n|upkeep\n|\n|t:|1683572600\n|switch|p1a: Golduck|Golduck, L50, M|37\/100\n|turn|3\n|\n|t:|1683572621\n|detailschange|p2b: Palafin|Palafin-Hero, L50, M, shiny\n|switch|p2b: Amoonguss|Amoonguss, L50, M, shiny|100\/100\n|move|p1a: Golduck|Ice Beam|p2a: Iron Hands\n|-supereffective|p2a: Iron Hands\n|-damage|p2a: Iron Hands|31\/100\n|move|p2a: Iron Hands|Drain Punch|p1a: Golduck\n|-damage|p1a: Golduck|0 fnt\n|-heal|p2a: Iron Hands|43\/100|[from] drain|[of] p1a: Golduck\n|faint|p1a: Golduck\n|move|p1b: Gastrodon|Earth Power|p2b: Amoonguss\n|-damage|p2b: Amoonguss|61\/100\n|\n|-weather|RainDance|[upkeep]\n|upkeep\n|\n|t:|1683572631\n|switch|p1a: Pelipper|Pelipper, L50, F|100\/100\n|turn|4\n|inactive|adrpen has 30 seconds left.\n|inactive|adrpen has 20 seconds left.\n|\n|t:|1683572667\n|move|p1a: Pelipper|Hurricane|p2a: Iron Hands\n|-supereffective|p2a: Iron Hands\n|-damage|p2a: Iron Hands|0 fnt\n|faint|p2a: Iron Hands\n|-end|p2a: Iron Hands|Quark Drive|[silent]\n|move|p1b: Gastrodon|Earth Power|p2b: Amoonguss\n|-damage|p2b: Amoonguss|27\/100\n|move|p2b: Amoonguss|Pollen Puff|p2: Iron Hands|[notarget]\n|-fail|p2b: Amoonguss\n|\n|-weather|RainDance|[upkeep]\n|upkeep\n|\n|t:|1683572687\n|switch|p2a: Flutter Mane|Flutter Mane, L50|100\/100\n|-enditem|p2a: Flutter Mane|Booster Energy\n|-activate|p2a: Flutter Mane|ability: Protosynthesis|[fromitem]\n|-start|p2a: Flutter Mane|protosynthesisspa\n|turn|5\n|\n|t:|1683572703\n|switch|p2b: Palafin|Palafin-Hero, L50, M, shiny|49\/100\n|-activate|p2b: Palafin|ability: Zero to Hero\n|move|p2a: Flutter Mane|Thunderbolt|p1a: Pelipper\n|-supereffective|p1a: Pelipper\n|-enditem|p1a: Pelipper|Focus Sash\n|-damage|p1a: Pelipper|1\/100\n|move|p1a: Pelipper|Hurricane|p2b: Palafin\n|-crit|p2b: Palafin\n|-damage|p2b: Palafin|0 fnt\n|faint|p2b: Palafin\n|move|p1b: Gastrodon|Earth Power|p2a: Flutter Mane\n|-damage|p2a: Flutter Mane|64\/100\n|\n|-weather|none\n|upkeep\n|\n|t:|1683572717\n|switch|p2b: Amoonguss|Amoonguss, L50, M, shiny|61\/100\n|turn|6\n|\n|t:|1683572729\n|move|p2a: Flutter Mane|Protect|p2a: Flutter Mane\n|-singleturn|p2a: Flutter Mane|Protect\n|move|p1a: Pelipper|Protect|p1a: Pelipper\n|-singleturn|p1a: Pelipper|Protect\n|move|p2b: Amoonguss|Protect|p2b: Amoonguss\n|-singleturn|p2b: Amoonguss|Protect\n|move|p1b: Gastrodon|Surf|p2b: Amoonguss|[spread] \n|-activate|p1a: Pelipper|move: Protect\n|-activate|p2a: Flutter Mane|move: Protect\n|-activate|p2b: Amoonguss|move: Protect\n|\n|upkeep\n|turn|7\n|inactive|adrpen has 30 seconds left.\n|\n|t:|1683572758\n|-terastallize|p1b: Gastrodon|Grass\n|move|p2a: Flutter Mane|Thunderbolt|p1a: Pelipper\n|-supereffective|p1a: Pelipper\n|-crit|p1a: Pelipper\n|-damage|p1a: Pelipper|0 fnt\n|faint|p1a: Pelipper\n|move|p1b: Gastrodon|Earth Power|p2a: Flutter Mane\n|-damage|p2a: Flutter Mane|30\/100\n|move|p2b: Amoonguss|Spore|p1b: Gastrodon\n|-immune|p1b: Gastrodon\n|\n|upkeep\n|turn|8\n|inactive|adrpen has 30 seconds left.\n|inactive|adrpen has 20 seconds left.\n|inactive|adrpen has 15 seconds left.\n|\n|t:|1683572798\n|move|p2b: Amoonguss|Rage Powder|p2b: Amoonguss\n|-singleturn|p2b: Amoonguss|move: Rage Powder\n|move|p2a: Flutter Mane|Moonblast|p1b: Gastrodon\n|-damage|p1b: Gastrodon|58\/100\n|move|p1b: Gastrodon|Earth Power|p2a: Flutter Mane\n|-damage|p2a: Flutter Mane|0 fnt\n|faint|p2a: Flutter Mane\n|-end|p2a: Flutter Mane|Protosynthesis|[silent]\n|\n|-heal|p1b: Gastrodon|64\/100|[from] item: Leftovers\n|upkeep\n|turn|9\n|\n|t:|1683572810\n|move|p1b: Gastrodon|Recover|p1b: Gastrodon\n|-heal|p1b: Gastrodon|100\/100\n|move|p2b: Amoonguss|Pollen Puff|p1b: Gastrodon\n|-supereffective|p1b: Gastrodon\n|-damage|p1b: Gastrodon|75\/100\n|\n|-heal|p1b: Gastrodon|81\/100|[from] item: Leftovers\n|upkeep\n|turn|10\n|\n|t:|1683572819\n|move|p1b: Gastrodon|Earth Power|p2b: Amoonguss\n|-damage|p2b: Amoonguss|22\/100\n|move|p2b: Amoonguss|Pollen Puff|p1b: Gastrodon\n|-supereffective|p1b: Gastrodon\n|-damage|p1b: Gastrodon|57\/100\n|\n|-heal|p1b: Gastrodon|63\/100|[from] item: Leftovers\n|upkeep\n|turn|11\n|-message|adrpen forfeited.\n|\n|win|tyKer100\n|raw|tyKer100's rating: 1045 → 1081<\/strong> (+36 for winning)\n|raw|adrpen's rating: 1075 → 1052<\/strong> (-23 for losing)\n|l|\u2606adrpen\n","uploadtime":1683572843,"views":11,"p1id":"tyker100","p2id":"adrpen","formatid":"gen9vgc2023regulationc","rating":1052,"private":0,"password":""}