{"id":"gen9vgc2023regulationc-1857997824","p1":"natiakane","p2":"Lyoung","format":"[Gen 9] VGC 2023 Regulation C","log":"|j|\u2606natiakane\n|j|\u2606Lyoung\n|t:|1683257805\n|gametype|doubles\n|player|p1|natiakane|dahlia|1386\n|player|p2|Lyoung|170|1340\n|teamsize|p1|6\n|teamsize|p2|6\n|gen|9\n|tier|[Gen 9] VGC 2023 Regulation C\n|rated|\n|rule|Species Clause: Limit one of each Pok\u00e9mon\n|rule|Item Clause: Limit one of each item\n|clearpoke\n|poke|p1|Iron Bundle, L50|\n|poke|p1|Abomasnow, L50, F|\n|poke|p1|Iron Hands, L50|\n|poke|p1|Iron Thorns, L50|\n|poke|p1|Amoonguss, L50, F|\n|poke|p1|Chien-Pao, L50|\n|poke|p2|Cetitan, L50, M|\n|poke|p2|Abomasnow, L50, F|\n|poke|p2|Pincurchin, L50, F|\n|poke|p2|Iron Hands, L50|\n|poke|p2|Mimikyu, L50, F|\n|poke|p2|Iron Treads, L50|\n|teampreview|4\n|inactive|Battle timer is ON: inactive players will automatically lose when time's up. (requested by Lyoung)\n|inactive|natiakane also wants the timer to be on.\nnatiakane has agreed to open team sheets.\n|\n|t:|1683257824\n|start\n|switch|p1a: Abomasnow|Abomasnow, L50, F|100\/100\n|switch|p1b: Iron Bundle|Iron Bundle, L50, shiny|100\/100\n|switch|p2a: Mimikyu|Mimikyu, L50, F|100\/100\n|switch|p2b: Iron Hands|Iron Hands, L50|100\/100\n|-weather|Snow|[from] ability: Snow Warning|[of] p1a: Abomasnow\n|turn|1\n|\n|t:|1683257831\n|-end|p1b: Iron Bundle|Quark Drive|[silent]\n|switch|p1b: Amoonguss|Amoonguss, L50, F|100\/100\n|move|p2b: Iron Hands|Fake Out|p1b: Amoonguss\n|-damage|p1b: Amoonguss|85\/100\n|move|p1a: Abomasnow|Aurora Veil|p1a: Abomasnow\n|-sidestart|p1: natiakane|move: Aurora Veil\n|move|p2a: Mimikyu|Trick Room|p2a: Mimikyu\n|-fieldstart|move: Trick Room|[of] p2a: Mimikyu\n|\n|-weather|Snow|[upkeep]\n|upkeep\n|turn|2\n|inactive|natiakane has 30 seconds left.\n|inactive|natiakane has 20 seconds left.\n|inactive|natiakane has 15 seconds left.\n|\n|t:|1683257874\n|switch|p2a: Pincurchin|Pincurchin, L50, F|100\/100\n|-fieldstart|move: Electric Terrain|[from] ability: Electric Surge|[of] p2a: Pincurchin\n|-activate|p2b: Iron Hands|ability: Quark Drive\n|-start|p2b: Iron Hands|quarkdriveatk\n|-item|p2a: Pincurchin|Air Balloon\n|move|p1b: Amoonguss|Spore|p2b: Iron Hands\n|-activate|p2b: Iron Hands|move: Electric Terrain\n|move|p2b: Iron Hands|Drain Punch|p1a: Abomasnow\n|-supereffective|p1a: Abomasnow\n|-crit|p1a: Abomasnow\n|-damage|p1a: Abomasnow|0 fnt\n|faint|p1a: Abomasnow\n|\n|-weather|Snow|[upkeep]\n|upkeep\n|\n|t:|1683257878\n|switch|p1a: Iron Hands|Iron Hands, L50|100\/100\n|-activate|p1a: Iron Hands|ability: Quark Drive\n|-start|p1a: Iron Hands|quarkdriveatk\n|turn|3\n|\n|t:|1683257895\n|move|p2a: Pincurchin|Chilling Water|p1a: Iron Hands\n|-damage|p1a: Iron Hands|96\/100\n|-unboost|p1a: Iron Hands|atk|1\n|move|p1b: Amoonguss|Spore|p2a: Pincurchin\n|-status|p2a: Pincurchin|slp|[from] move: Spore\n|move|p2b: Iron Hands|Drain Punch|p1a: Iron Hands\n|-damage|p1a: Iron Hands|70\/100\n|move|p1a: Iron Hands|Drain Punch|p2b: Iron Hands\n|-damage|p2b: Iron Hands|74\/100\n|-heal|p1a: Iron Hands|84\/100|[from] drain|[of] p2b: Iron Hands\n|\n|-weather|Snow|[upkeep]\n|upkeep\n|turn|4\n|inactive|Lyoung has 30 seconds left.\n|inactive|Lyoung has 20 seconds left.\n|\n|t:|1683257931\n|cant|p2a: Pincurchin|slp\n|move|p1b: Amoonguss|Clear Smog|p2b: Iron Hands\n|-damage|p2b: Iron Hands|61\/100\n|-clearboost|p2b: Iron Hands\n|move|p2b: Iron Hands|Drain Punch|p1a: Iron Hands\n|-crit|p1a: Iron Hands\n|-damage|p1a: Iron Hands|21\/100\n|-heal|p2b: Iron Hands|92\/100|[from] drain|[of] p1a: Iron Hands\n|move|p1a: Iron Hands|Drain Punch|p2b: Iron Hands\n|-damage|p2b: Iron Hands|63\/100\n|-heal|p1a: Iron Hands|36\/100|[from] drain|[of] p2b: Iron Hands\n|\n|-weather|Snow|[upkeep]\n|upkeep\n|turn|5\n|\n|t:|1683257947\n|switch|p2a: Mimikyu|Mimikyu, L50, F|100\/100\n|move|p1b: Amoonguss|Pollen Puff|p1a: Iron Hands\n|-heal|p1a: Iron Hands|86\/100\n|move|p2b: Iron Hands|Drain Punch|p1a: Iron Hands\n|-damage|p1a: Iron Hands|61\/100\n|-heal|p2b: Iron Hands|76\/100|[from] drain|[of] p1a: Iron Hands\n|move|p1a: Iron Hands|Volt Switch|p2b: Iron Hands\n|-resisted|p2b: Iron Hands\n|-damage|p2b: Iron Hands|69\/100\n|\n|t:|1683257950\n|-end|p1a: Iron Hands|Quark Drive|[silent]\n|switch|p1a: Iron Bundle|Iron Bundle, L50, shiny|100\/100|[from] Volt Switch\n|-activate|p1a: Iron Bundle|ability: Quark Drive\n|-start|p1a: Iron Bundle|quarkdrivespe\n|\n|-weather|Snow|[upkeep]\n|-sideend|p1: natiakane|move: Aurora Veil\n|-fieldend|move: Trick Room\n|upkeep\n|turn|6\n|\n|t:|1683257971\n|-terastallize|p1a: Iron Bundle|Ice\n|move|p1a: Iron Bundle|Blizzard|p2b: Iron Hands|[spread] p2a,p2b\n|-activate|p2a: Mimikyu|ability: Disguise\n|-damage|p2a: Mimikyu|100\/100\n|-damage|p2b: Iron Hands|4\/100\n|-status|p2b: Iron Hands|frz\n|detailschange|p2a: Mimikyu|Mimikyu-Busted, L50, F\n|-damage|p2a: Mimikyu|88\/100|[from] pokemon: Mimikyu-Busted\n|-enditem|p2b: Iron Hands|Sitrus Berry|[eat]\n|-heal|p2b: Iron Hands|29\/100 frz|[from] item: Sitrus Berry\n|cant|p2b: Iron Hands|frz\n|move|p1b: Amoonguss|Clear Smog|p2a: Mimikyu\n|-damage|p2a: Mimikyu|70\/100\n|-clearboost|p2a: Mimikyu\n|move|p2a: Mimikyu|Trick Room|p2a: Mimikyu\n|-fieldstart|move: Trick Room|[of] p2a: Mimikyu\n|\n|-weather|Snow|[upkeep]\n|-fieldend|move: Electric Terrain\n|-end|p2b: Iron Hands|Quark Drive\n|-end|p1a: Iron Bundle|Quark Drive\n|upkeep\n|turn|7\n|\n|t:|1683257991\n|move|p1b: Amoonguss|Rage Powder|p1b: Amoonguss\n|-singleturn|p1b: Amoonguss|move: Rage Powder\n|cant|p2b: Iron Hands|frz\n|move|p2a: Mimikyu|Play Rough|p1b: Amoonguss\n|-resisted|p1b: Amoonguss\n|-damage|p1b: Amoonguss|65\/100\n|move|p1a: Iron Bundle|Blizzard|p2b: Iron Hands|[spread] p2a,p2b\n|-damage|p2a: Mimikyu|0 fnt\n|-damage|p2b: Iron Hands|0 fnt\n|faint|p2a: Mimikyu\n|faint|p2b: Iron Hands\n|-end|p2b: Iron Hands|Quark Drive|[silent]\n|\n|-weather|Snow|[upkeep]\n|upkeep\n|\n|t:|1683258000\n|switch|p2b: Cetitan|Cetitan, L50, M|100\/100\n|switch|p2a: Pincurchin|Pincurchin, L50, F|100\/100 slp\n|-fieldstart|move: Electric Terrain|[from] ability: Electric Surge|[of] p2a: Pincurchin\n|-activate|p1a: Iron Bundle|ability: Quark Drive\n|-start|p1a: Iron Bundle|quarkdrivespe\n|-item|p2a: Pincurchin|Air Balloon\n|turn|8\n|\n|t:|1683258016\n|-terastallize|p2b: Cetitan|Water\n|move|p1b: Amoonguss|Rage Powder|p1b: Amoonguss\n|-singleturn|p1b: Amoonguss|move: Rage Powder\n|cant|p2a: Pincurchin|slp\n|move|p2b: Cetitan|Ice Spinner|p1b: Amoonguss\n|-supereffective|p1b: Amoonguss\n|-damage|p1b: Amoonguss|0 fnt\n|-fieldend|move: Electric Terrain\n|-end|p1a: Iron Bundle|Quark Drive\n|faint|p1b: Amoonguss\n|move|p1a: Iron Bundle|Blizzard|p2b: Cetitan|[spread] p2a,p2b\n|-resisted|p2b: Cetitan\n|-crit|p2b: Cetitan\n|-damage|p2a: Pincurchin|0 fnt\n|-damage|p2b: Cetitan|56\/100\n|-enditem|p2a: Pincurchin|Air Balloon\n|faint|p2a: Pincurchin\n|\n|-weather|none\n|upkeep\n|\n|t:|1683258025\n|switch|p1b: Iron Hands|Iron Hands, L50|61\/100\n|turn|9\n|\n|t:|1683258032\n|move|p1b: Iron Hands|Fake Out|p2b: Cetitan\n|-crit|p2b: Cetitan\n|-damage|p2b: Cetitan|35\/100\n|cant|p2b: Cetitan|flinch\n|move|p1a: Iron Bundle|Blizzard|p2b: Cetitan\n|-resisted|p2b: Cetitan\n|-damage|p2b: Cetitan|0 fnt\n|faint|p2b: Cetitan\n|\n|win|natiakane\n|raw|natiakane's rating: 1400 → 1417<\/strong> (+17 for winning)\n|raw|Lyoung's rating: 1340 → 1323<\/strong> (-17 for losing)\n|l|\u2606Lyoung\n","uploadtime":1683258047,"views":8,"p1id":"natiakane","p2id":"lyoung","formatid":"gen9vgc2023regulationc","rating":1323,"private":0,"password":""}