{"id":"gen9vgc2023regulationc-1854287348","p1":"Ashmon4","p2":"ts02942461","format":"[Gen 9] VGC 2023 Regulation C","log":"|j|\u2606Ashmon4\n|j|\u2606ts02942461\n|t:|1682792831\n|gametype|doubles\n|player|p1|Ashmon4|red|1135\n|player|p2|ts02942461|265|1119\n|teamsize|p1|6\n|teamsize|p2|6\n|gen|9\n|tier|[Gen 9] VGC 2023 Regulation C\n|rated|\n|rule|Species Clause: Limit one of each Pok\u00e9mon\n|rule|Item Clause: Limit one of each item\n|clearpoke\n|poke|p1|Ceruledge, L50, M|\n|poke|p1|Flutter Mane, L50|\n|poke|p1|Amoonguss, L50, F|\n|poke|p1|Ting-Lu, L50|\n|poke|p1|Murkrow, L50, M|\n|poke|p1|Palafin, L50, F|\n|poke|p2|Armarouge, L50, M|\n|poke|p2|Torkoal, L50, M|\n|poke|p2|Sandy Shocks, L50|\n|poke|p2|Indeedee-F, L50, F|\n|poke|p2|Gastrodon, L50, M|\n|poke|p2|Baxcalibur, L50, M|\n|teampreview|4\n|\n|t:|1682792861\n|start\n|switch|p1a: Murkrow|Murkrow, L50, M|100\/100\n|switch|p1b: Ting-Lu|Ting-Lu, L50|100\/100\n|switch|p2a: Indeedee|Indeedee-F, L50, F|100\/100\n|switch|p2b: Sandy Shocks|Sandy Shocks, L50|100\/100\n|-fieldstart|move: Psychic Terrain|[from] ability: Psychic Surge|[of] p2a: Indeedee\n|-enditem|p2a: Indeedee|Psychic Seed\n|-boost|p2a: Indeedee|spd|1|[from] item: Psychic Seed\n|-ability|p1b: Ting-Lu|Vessel of Ruin\n|-enditem|p2b: Sandy Shocks|Booster Energy\n|-activate|p2b: Sandy Shocks|ability: Protosynthesis|[fromitem]\n|-start|p2b: Sandy Shocks|protosynthesisspa\n|turn|1\n|\n|t:|1682792890\n|move|p2a: Indeedee|Helping Hand|p2b: Sandy Shocks\n|-singleturn|p2b: Sandy Shocks|Helping Hand|[of] p2a: Indeedee\n|move|p1a: Murkrow|Tailwind|p1a: Murkrow\n|-sidestart|p1: Ashmon4|move: Tailwind\n|move|p2b: Sandy Shocks|Thunderbolt|p1a: Murkrow\n|-supereffective|p1a: Murkrow\n|-enditem|p1a: Murkrow|Focus Sash\n|-damage|p1a: Murkrow|1\/100\n|move|p1b: Ting-Lu|Fissure|p2b: Sandy Shocks\n|-damage|p2b: Sandy Shocks|0 fnt\n|faint|p2b: Sandy Shocks\n|-end|p2b: Sandy Shocks|Protosynthesis|[silent]\n|-ohko\n|\n|upkeep\n|\n|t:|1682792907\n|switch|p2b: Gastrodon|Gastrodon, L50, M|100\/100\n|turn|2\n|\n|t:|1682792928\n|move|p1a: Murkrow|Taunt|p2a: Indeedee\n|-activate|p2a: Indeedee|move: Psychic Terrain\n|move|p1b: Ting-Lu|Fissure|p2b: Gastrodon|[miss]\n|-miss|p1b: Ting-Lu|p2b: Gastrodon\n|move|p2b: Gastrodon|Chilling Water|p1a: Murkrow\n|-damage|p1a: Murkrow|0 fnt\n|faint|p1a: Murkrow\n|move|p2a: Indeedee|Trick Room|p2a: Indeedee\n|-fieldstart|move: Trick Room|[of] p2a: Indeedee\n|\n|upkeep\n|\n|t:|1682792940\n|switch|p1a: Amoonguss|Amoonguss, L50, F|100\/100\n|turn|3\n|\n|t:|1682792952\n|move|p2b: Gastrodon|Earth Power|p1a: Amoonguss\n|-damage|p1a: Amoonguss|81\/100\n|move|p1a: Amoonguss|Spore|p2b: Gastrodon\n|-status|p2b: Gastrodon|slp|[from] move: Spore\n|move|p2a: Indeedee|Psychic|p1a: Amoonguss\n|-supereffective|p1a: Amoonguss\n|-damage|p1a: Amoonguss|34\/100\n|move|p1b: Ting-Lu|Stomping Tantrum|p2b: Gastrodon\n|-damage|p2b: Gastrodon|51\/100 slp\n|\n|upkeep\n|turn|4\n|\n|t:|1682792971\n|cant|p2b: Gastrodon|slp\n|move|p1a: Amoonguss|Spore|p2a: Indeedee\n|-status|p2a: Indeedee|slp|[from] move: Spore\n|cant|p2a: Indeedee|slp\n|move|p1b: Ting-Lu|Fissure|p2a: Indeedee\n|-damage|p2a: Indeedee|0 fnt\n|faint|p2a: Indeedee\n|-ohko\n|\n|-sideend|p1: Ashmon4|move: Tailwind\n|upkeep\n|\n|t:|1682792984\n|switch|p2a: Baxcalibur|Baxcalibur, L50, M|100\/100\n|turn|5\n|\n|t:|1682792995\n|move|p2a: Baxcalibur|Protect|p2a: Baxcalibur\n|-singleturn|p2a: Baxcalibur|Protect\n|move|p1a: Amoonguss|Spore|p2a: Baxcalibur\n|-activate|p2a: Baxcalibur|move: Protect\n|-curestatus|p2b: Gastrodon|slp|[msg]\n|move|p2b: Gastrodon|Recover|p2b: Gastrodon\n|-heal|p2b: Gastrodon|100\/100\n|move|p1b: Ting-Lu|Fissure|p2a: Baxcalibur\n|-activate|p2a: Baxcalibur|move: Protect\n|\n|-fieldend|move: Psychic Terrain\n|upkeep\n|turn|6\n|\n|t:|1682793016\n|move|p2a: Baxcalibur|Ice Shard|p1a: Amoonguss\n|-supereffective|p1a: Amoonguss\n|-damage|p1a: Amoonguss|0 fnt\n|faint|p1a: Amoonguss\n|move|p2b: Gastrodon|Earth Power|p1b: Ting-Lu\n|-damage|p1b: Ting-Lu|85\/100\n|move|p1b: Ting-Lu|Stomping Tantrum|p2a: Baxcalibur\n|-damage|p2a: Baxcalibur|73\/100\n|\n|-heal|p1b: Ting-Lu|91\/100|[from] item: Leftovers\n|-fieldend|move: Trick Room\n|upkeep\n|\n|t:|1682793025\n|switch|p1a: Ceruledge|Ceruledge, L50, M|100\/100\n|turn|7\n|\n|t:|1682793043\n|-terastallize|p2a: Baxcalibur|Dragon\n|move|p1a: Ceruledge|Solar Blade||[still]\n|-prepare|p1a: Ceruledge|Solar Blade\n|-enditem|p1a: Ceruledge|Power Herb\n|-anim|p1a: Ceruledge|Solar Blade|p2b: Gastrodon\n|-supereffective|p2b: Gastrodon\n|-damage|p2b: Gastrodon|0 fnt\n|faint|p2b: Gastrodon\n|move|p2a: Baxcalibur|Glaive Rush|p1b: Ting-Lu\n|-damage|p1b: Ting-Lu|44\/100\n|-singlemove|p2a: Baxcalibur|Glaive Rush|[silent]\n|move|p1b: Ting-Lu|Fissure|p2a: Baxcalibur\n|-damage|p2a: Baxcalibur|0 fnt\n|faint|p2a: Baxcalibur\n|-ohko\n|\n|win|Ashmon4\n|raw|Ashmon4's rating: 1135 → 1159<\/strong> (+24 for winning)\n|raw|ts02942461's rating: 1119 → 1095<\/strong> (-24 for losing)\n|l|\u2606Ashmon4\n","uploadtime":1682793101,"views":28,"p1id":"ashmon4","p2id":"ts02942461","formatid":"gen9vgc2023regulationc","rating":1095,"private":0,"password":""}