{"id":"gen9vgc2023regulationc-1853109148","p1":"Cyruno","p2":"SilverDragon550","format":"[Gen 9] VGC 2023 Regulation C","log":"|j|\u2606Cyruno\n|j|\u2606SilverDragon550\n|t:|1682636249\n|gametype|doubles\n|player|p1|Cyruno|blue|1216\n|player|p2|SilverDragon550|silver|1215\n|teamsize|p1|6\n|teamsize|p2|6\n|gen|9\n|tier|[Gen 9] VGC 2023 Regulation C\n|rated|\n|rule|Species Clause: Limit one of each Pok\u00e9mon\n|rule|Item Clause: Limit one of each item\n|clearpoke\n|poke|p1|Scizor, L50, F|\n|poke|p1|Flutter Mane, L50|\n|poke|p1|Chien-Pao, L50|\n|poke|p1|Arcanine, L50, F|\n|poke|p1|Azumarill, L50, F|\n|poke|p1|Amoonguss, L50, F|\n|poke|p2|Chien-Pao, L50|\n|poke|p2|Iron Valiant, L50|\n|poke|p2|Amoonguss, L50, M|\n|poke|p2|Dragapult, L50, M|\n|poke|p2|Gyarados, L50, F|\n|poke|p2|Ting-Lu, L50|\n|teampreview|4\nSilverDragon550 has agreed to open team sheets.\nCyruno has agreed to open team sheets.\n|\n|t:|1682636312\n|start\n|switch|p1a: Lola|Azumarill, L50, F, shiny|100\/100\n|switch|p1b: Scissors|Scizor, L50, F|100\/100\n|switch|p2a: Bing Chiling|Chien-Pao, L50|100\/100\n|switch|p2b: Rage|Gyarados, L50, F|100\/100\n|-ability|p2a: Bing Chiling|Sword of Ruin\n|-ability|p2b: Rage|Intimidate|boost\n|-unboost|p1a: Lola|atk|1\n|-fail|p1b: Scissors|unboost|[from] item: Clear Amulet|[of] p1b: Scissors\n|turn|1\n|\n|t:|1682636340\n|switch|p2b: Sussy Gussy|Amoonguss, L50, M|100\/100\n|move|p1b: Scissors|Bullet Punch|p2a: Bing Chiling\n|-supereffective|p2a: Bing Chiling\n|-damage|p2a: Bing Chiling|4\/100\n|move|p2a: Bing Chiling|Sacred Sword|p1b: Scissors\n|-damage|p1b: Scissors|59\/100\n|move|p1a: Lola|Play Rough|p2b: Sussy Gussy\n|-resisted|p2b: Sussy Gussy\n|-damage|p2b: Sussy Gussy|80\/100\n|\n|upkeep\n|turn|2\n|\n|t:|1682636384\n|switch|p2b: Rage|Gyarados, L50, F|100\/100\n|-ability|p2b: Rage|Intimidate|boost\n|-unboost|p1a: Lola|atk|1\n|-fail|p1b: Scissors|unboost|[from] item: Clear Amulet|[of] p1b: Scissors\n|move|p2a: Bing Chiling|Protect|p2a: Bing Chiling\n|-singleturn|p2a: Bing Chiling|Protect\n|move|p1b: Scissors|U-turn|p2b: Rage\n|-resisted|p2b: Rage\n|-damage|p2b: Rage|69\/100\n|\n|t:|1682636396\n|switch|p1b: Misdreavus v2|Flutter Mane, L50|100\/100|[from] U-turn\n|-enditem|p1b: Misdreavus v2|Booster Energy\n|-activate|p1b: Misdreavus v2|ability: Protosynthesis|[fromitem]\n|-start|p1b: Misdreavus v2|protosynthesisspa\n|move|p1a: Lola|Ice Spinner|p2b: Rage\n|-damage|p2b: Rage|44\/100\n|\n|upkeep\n|turn|3\n|\n|t:|1682636449\n|-terastallize|p1b: Misdreavus v2|Fairy\n|move|p2b: Rage|Protect|p2b: Rage\n|-singleturn|p2b: Rage|Protect\n|move|p2a: Bing Chiling|Sucker Punch|p1b: Misdreavus v2\n|-resisted|p1b: Misdreavus v2\n|-damage|p1b: Misdreavus v2|65\/100\n|move|p1a: Lola|Aqua Jet|p2a: Bing Chiling\n|-damage|p2a: Bing Chiling|0 fnt\n|faint|p2a: Bing Chiling\n|move|p1b: Misdreavus v2|Thunderbolt|p2b: Rage\n|-activate|p2b: Rage|move: Protect\n|\n|upkeep\n|\n|t:|1682636475\n|switch|p2a: Love Wins|Iron Valiant, L50|100\/100\n|turn|4\n|\n|t:|1682636497\n|switch|p2b: Sussy Gussy|Amoonguss, L50, M|100\/100\n|switch|p1a: Scissors|Scizor, L50, F|59\/100\n|move|p2a: Love Wins|Protect|p2a: Love Wins\n|-singleturn|p2a: Love Wins|Protect\n|move|p1b: Misdreavus v2|Protect||[still]\n|-fail|p1b: Misdreavus v2\n|\n|upkeep\n|turn|5\n|\n|t:|1682636523\n|-terastallize|p2a: Love Wins|Steel\n|move|p2b: Sussy Gussy|Rage Powder|p2b: Sussy Gussy\n|-singleturn|p2b: Sussy Gussy|move: Rage Powder\n|move|p2a: Love Wins|Swords Dance|p2a: Love Wins\n|-boost|p2a: Love Wins|atk|2\n|move|p1b: Misdreavus v2|Shadow Ball|p2b: Sussy Gussy\n|-damage|p2b: Sussy Gussy|52\/100\n|move|p1a: Scissors|U-turn|p2b: Sussy Gussy\n|-damage|p2b: Sussy Gussy|17\/100\n|-enditem|p2b: Sussy Gussy|Sitrus Berry|[eat]\n|-heal|p2b: Sussy Gussy|42\/100|[from] item: Sitrus Berry\n|\n|t:|1682636536\n|switch|p1a: Wo-Chein|Amoonguss, L50, F|100\/100|[from] U-turn\n|\n|upkeep\n|turn|6\n|\n|t:|1682636568\n|switch|p2b: Rage|Gyarados, L50, F|44\/100\n|-ability|p2b: Rage|Intimidate|boost\n|-unboost|p1a: Wo-Chein|atk|1\n|-unboost|p1b: Misdreavus v2|atk|1\n|move|p2a: Love Wins|Protect|p2a: Love Wins\n|-singleturn|p2a: Love Wins|Protect\n|move|p1b: Misdreavus v2|Protect|p1b: Misdreavus v2\n|-singleturn|p1b: Misdreavus v2|Protect\n|move|p1a: Wo-Chein|Spore|p2a: Love Wins\n|-activate|p2a: Love Wins|move: Protect\n|\n|upkeep\n|turn|7\n|\n|t:|1682636597\n|move|p1a: Wo-Chein|Protect|p1a: Wo-Chein\n|-singleturn|p1a: Wo-Chein|Protect\n|move|p2a: Love Wins|Spirit Break|p1b: Misdreavus v2\n|-damage|p1b: Misdreavus v2|0 fnt\n|faint|p1b: Misdreavus v2\n|-end|p1b: Misdreavus v2|Protosynthesis|[silent]\n|-damage|p2a: Love Wins|90\/100|[from] item: Life Orb\n|move|p2b: Rage|Taunt|p1a: Wo-Chein\n|-activate|p1a: Wo-Chein|move: Protect\n|\n|upkeep\n|\n|t:|1682636605\n|switch|p1b: Scissors|Scizor, L50, F|59\/100\n|turn|8\n|\n|t:|1682636618\n|move|p2a: Love Wins|Protect|p2a: Love Wins\n|-singleturn|p2a: Love Wins|Protect\n|move|p1a: Wo-Chein|Rage Powder|p1a: Wo-Chein\n|-singleturn|p1a: Wo-Chein|move: Rage Powder\n|move|p2b: Rage|Taunt|p1a: Wo-Chein\n|-start|p1a: Wo-Chein|move: Taunt\n|move|p1b: Scissors|Close Combat|p2a: Love Wins\n|-activate|p2a: Love Wins|move: Protect\n|\n|upkeep\n|turn|9\n|\n|t:|1682636633\n|move|p2a: Love Wins|Close Combat|p1b: Scissors\n|-damage|p1b: Scissors|0 fnt\n|-unboost|p2a: Love Wins|def|1\n|-unboost|p2a: Love Wins|spd|1\n|faint|p1b: Scissors\n|-damage|p2a: Love Wins|80\/100|[from] item: Life Orb\n|move|p2b: Rage|Waterfall|p1a: Wo-Chein\n|-resisted|p1a: Wo-Chein\n|-damage|p1a: Wo-Chein|82\/100\n|-damage|p2b: Rage|28\/100|[from] item: Rocky Helmet|[of] p1a: Wo-Chein\n|move|p1a: Wo-Chein|Pollen Puff|p1: Scissors|[notarget]\n|-fail|p1a: Wo-Chein\n|\n|upkeep\n|\n|t:|1682636636\n|switch|p1b: Lola|Azumarill, L50, F, shiny|100\/100\n|turn|10\n|-message|Cyruno forfeited.\n|\n|win|SilverDragon550\n|raw|Cyruno's rating: 1216 → 1191<\/strong> (-25 for losing)\n|raw|SilverDragon550's rating: 1215 → 1240<\/strong> (+25 for winning)\n","uploadtime":1682636650,"views":7,"p1id":"cyruno","p2id":"silverdragon550","formatid":"gen9vgc2023regulationc","rating":1191,"private":0,"password":""}