{"id":"gen9vgc2023regulationc-1859993814","p1":"AnimeRedneck","p2":"sus7","format":"[Gen 9] VGC 2023 Regulation C","log":"|j|\u2606AnimeRedneck\n|j|\u2606sus7\n|t:|1683582958\n|gametype|doubles\n|player|p1|AnimeRedneck|265|1038\n|player|p2|sus7|fisherman-gen4|1000\n|teamsize|p1|6\n|teamsize|p2|5\n|gen|9\n|tier|[Gen 9] VGC 2023 Regulation C\n|rated|\n|rule|Species Clause: Limit one of each Pok\u00e9mon\n|rule|Item Clause: Limit one of each item\n|clearpoke\n|poke|p1|Blissey, L50, F|\n|poke|p1|Corviknight, L50, M|\n|poke|p1|Dondozo, L50, F|\n|poke|p1|Tatsugiri-Stretchy, L50, F|\n|poke|p1|Chi-Yu, L50|\n|poke|p1|Pawmot, L50, M|\n|poke|p2|Ampharos, L50, F|\n|poke|p2|Toxtricity-Low-Key, L50, M|\n|poke|p2|Toedscruel, L50, F|\n|poke|p2|Klefki, L50, M|\n|poke|p2|Azumarill, L50, M|\n|teampreview|4\nsus7 rejected open team sheets.\n|\n|t:|1683583006\n|start\n|switch|p1a: Sprite|Tatsugiri-Stretchy, L50, F|100\/100\n|switch|p1b: Cheerwine|Blissey, L50, F, shiny|100\/100\n|switch|p2a: Toedscruel|Toedscruel, L50, F|100\/100\n|switch|p2b: Klefki|Klefki, L50, M|100\/100\n|turn|1\n|l|\u2606AnimeRedneck\n|player|p1|\n|j|\u2606AnimeRedneck\n|player|p1|AnimeRedneck|265\n|\n|t:|1683583066\n|move|p2b: Klefki|Light Screen|p2b: Klefki\n|-sidestart|p2: sus7|move: Light Screen\n|move|p1a: Sprite|Icy Wind|p2a: Toedscruel|[spread] p2a\n|-miss|p1a: Sprite|p2b: Klefki\n|-supereffective|p2a: Toedscruel\n|-damage|p2a: Toedscruel|78\/100\n|-unboost|p2a: Toedscruel|spe|1\n|-enditem|p2a: Toedscruel|Weakness Policy\n|-boost|p2a: Toedscruel|atk|2|[from] item: Weakness Policy\n|-boost|p2a: Toedscruel|spa|2|[from] item: Weakness Policy\n|move|p1b: Cheerwine|Thunder Wave|p2b: Klefki\n|-status|p2b: Klefki|par\n|move|p2a: Toedscruel|Spore|p1a: Sprite\n|-status|p1a: Sprite|slp|[from] move: Spore\n|\n|upkeep\n|turn|2\n|\n|t:|1683583096\n|switch|p1a: Barq\u2019s|Dondozo, L50, F|100\/100\n|move|p2b: Klefki|Switcheroo|p1b: Cheerwine\n|-activate|p2b: Klefki|move: Trick|[of] p1b: Cheerwine\n|-item|p1b: Cheerwine|Toxic Orb|[from] move: Switcheroo\n|-item|p2b: Klefki|Mental Herb|[from] move: Switcheroo\n|move|p2a: Toedscruel|Giga Drain|p1a: Barq\u2019s\n|-supereffective|p1a: Barq\u2019s\n|-damage|p1a: Barq\u2019s|61\/100\n|-heal|p2a: Toedscruel|100\/100|[from] drain|[of] p1a: Barq\u2019s\n|move|p1b: Cheerwine|Skill Swap|p1a: Barq\u2019s\n|-activate|p1b: Cheerwine|move: Skill Swap|||[of] p1a: Barq\u2019s\n|\n|-status|p1b: Cheerwine|tox|[from] item: Toxic Orb\n|upkeep\n|turn|3\n|\n|t:|1683583134\n|switch|p1b: Sprite|Tatsugiri-Stretchy, L50, F|100\/100 slp\n|-activate|p1b: Sprite|ability: Commander|[of] p1a: Barq\u2019s\n|-boost|p1a: Barq\u2019s|atk|2\n|-boost|p1a: Barq\u2019s|spa|2\n|-boost|p1a: Barq\u2019s|spe|2\n|-boost|p1a: Barq\u2019s|def|2\n|-boost|p1a: Barq\u2019s|spd|2\n|-terastallize|p1a: Barq\u2019s|Grass\n|cant|p2b: Klefki|par\n|move|p1a: Barq\u2019s|Rock Slide|p2a: Toedscruel|[spread] p2a,p2b\n|-resisted|p2a: Toedscruel\n|-resisted|p2b: Klefki\n|-damage|p2a: Toedscruel|84\/100\n|-damage|p2b: Klefki|83\/100 par\n|cant|p2a: Toedscruel|flinch\n|\n|upkeep\n|turn|4\n|\n|t:|1683583165\n|move|p2b: Klefki|Reflect|p2b: Klefki\n|-sidestart|p2: sus7|Reflect\n|move|p1a: Barq\u2019s|Rock Slide|p2a: Toedscruel|[spread] p2a,p2b\n|-resisted|p2a: Toedscruel\n|-resisted|p2b: Klefki\n|-damage|p2a: Toedscruel|72\/100\n|-damage|p2b: Klefki|70\/100 par\n|cant|p2a: Toedscruel|flinch\n|\n|upkeep\n|turn|5\n|\n|t:|1683583188\n|switch|p2b: Toxtricity|Toxtricity-Low-Key, L50, M|100\/100\n|-item|p2b: Toxtricity|Air Balloon\n|move|p1a: Barq\u2019s|Waterfall|p2a: Toedscruel\n|-damage|p2a: Toedscruel|22\/100\n|move|p2a: Toedscruel|Growth|p2a: Toedscruel\n|-boost|p2a: Toedscruel|atk|1\n|-boost|p2a: Toedscruel|spa|1\n|\n|-sideend|p2: sus7|move: Light Screen\n|upkeep\n|turn|6\n|\n|t:|1683583221\n|move|p1a: Barq\u2019s|Rock Slide|p2a: Toedscruel|[spread] p2a,p2b\n|-resisted|p2a: Toedscruel\n|-damage|p2a: Toedscruel|12\/100\n|-damage|p2b: Toxtricity|80\/100\n|-enditem|p2b: Toxtricity|Air Balloon\n|cant|p2b: Toxtricity|flinch\n|cant|p2a: Toedscruel|flinch\n|\n|upkeep\n|turn|7\n|\n|t:|1683583246\n|-terastallize|p2b: Toxtricity|Ghost\n|move|p1a: Barq\u2019s|Rock Slide|p2a: Toedscruel|[spread] p2a,p2b\n|-resisted|p2a: Toedscruel\n|-damage|p2a: Toedscruel|1\/100\n|-damage|p2b: Toxtricity|58\/100\n|cant|p2b: Toxtricity|flinch\n|cant|p2a: Toedscruel|flinch\n|\n|upkeep\n|turn|8\n|\n|t:|1683583263\n|move|p1a: Barq\u2019s|Rock Slide|p2b: Toxtricity|[spread] p2b\n|-miss|p1a: Barq\u2019s|p2a: Toedscruel\n|-damage|p2b: Toxtricity|36\/100\n|move|p2b: Toxtricity|Hex|p1b: Sprite|[miss]\n|-miss|p2b: Toxtricity|p1b: Sprite\n|move|p2a: Toedscruel|Spore|p1a: Barq\u2019s\n|-immune|p1a: Barq\u2019s\n|\n|-sideend|p2: sus7|Reflect\n|upkeep\n|turn|9\n|\n|t:|1683583282\n|move|p1a: Barq\u2019s|Rock Slide|p2a: Toedscruel|[spread] p2a,p2b\n|-resisted|p2a: Toedscruel\n|-crit|p2a: Toedscruel\n|-damage|p2a: Toedscruel|0 fnt\n|-damage|p2b: Toxtricity|5\/100\n|faint|p2a: Toedscruel\n|cant|p2b: Toxtricity|flinch\n|\n|upkeep\n|\n|t:|1683583288\n|switch|p2a: Klefki|Klefki, L50, M|70\/100 par\n|turn|10\n|\n|t:|1683583307\n|move|p2a: Klefki|Switcheroo|p1a: Barq\u2019s\n|-activate|p2a: Klefki|move: Trick|[of] p1a: Barq\u2019s\n|-item|p1a: Barq\u2019s|Mental Herb|[from] move: Switcheroo\n|-item|p2a: Klefki|Lum Berry|[from] move: Switcheroo\n|-enditem|p2a: Klefki|Lum Berry|[eat]\n|-curestatus|p2a: Klefki|par|[msg]\n|move|p1a: Barq\u2019s|Rock Slide|p2a: Klefki|[spread] p2a,p2b\n|-resisted|p2a: Klefki\n|-damage|p2a: Klefki|52\/100\n|-damage|p2b: Toxtricity|0 fnt\n|faint|p2b: Toxtricity\n|\n|upkeep\n|\n|t:|1683583315\n|switch|p2b: Ampharos|Ampharos, L50, F|100\/100\n|turn|11\n|\n|t:|1683583327\n|move|p2a: Klefki|Reflect|p2a: Klefki\n|-sidestart|p2: sus7|Reflect\n|move|p1a: Barq\u2019s|Rock Slide|p2a: Klefki|[spread] p2a,p2b\n|-resisted|p2a: Klefki\n|-damage|p2a: Klefki|40\/100\n|-damage|p2b: Ampharos|78\/100\n|cant|p2b: Ampharos|flinch\n|\n|upkeep\n|turn|12\n|\n|t:|1683583341\n|move|p2a: Klefki|Light Screen|p2a: Klefki\n|-sidestart|p2: sus7|move: Light Screen\n|move|p1a: Barq\u2019s|Rock Slide|p2b: Ampharos|[spread] p2b\n|-miss|p1a: Barq\u2019s|p2a: Klefki\n|-damage|p2b: Ampharos|57\/100\n|cant|p2b: Ampharos|flinch\n|\n|upkeep\n|turn|13\n|\n|t:|1683583357\n|move|p2a: Klefki|Switcheroo|p1b: Sprite|[miss]\n|-miss|p2a: Klefki|p1b: Sprite\n|move|p1a: Barq\u2019s|Rock Slide|p2b: Ampharos|[spread] p2a\n|-miss|p1a: Barq\u2019s|p2b: Ampharos\n|-resisted|p2a: Klefki\n|-damage|p2a: Klefki|26\/100\n|move|p2b: Ampharos|Electroweb|p1a: Barq\u2019s|[spread] p1a\n|-miss|p2b: Ampharos|p1b: Sprite\n|-resisted|p1a: Barq\u2019s\n|-damage|p1a: Barq\u2019s|57\/100\n|-unboost|p1a: Barq\u2019s|spe|1\n|\n|upkeep\n|turn|14\n|\n|t:|1683583384\n|move|p1a: Barq\u2019s|Order Up|p2b: Ampharos\n|-damage|p2b: Ampharos|28\/100\n|-boost|p1a: Barq\u2019s|spe|1\n|move|p2b: Ampharos|Zap Cannon|p1a: Barq\u2019s\n|-resisted|p1a: Barq\u2019s\n|-damage|p1a: Barq\u2019s|42\/100\n|-status|p1a: Barq\u2019s|par\n|move|p2a: Klefki|Steel Beam|p1a: Barq\u2019s\n|-damage|p1a: Barq\u2019s|25\/100 par\n|-damage|p2a: Klefki|0 fnt|[from] steelbeam\n|faint|p2a: Klefki\n|\n|upkeep\n|turn|15\n|\n|t:|1683583401\n|move|p2b: Ampharos|Dazzling Gleam|p1a: Barq\u2019s|[spread] p1a\n|-miss|p2b: Ampharos|p1b: Sprite\n|-damage|p1a: Barq\u2019s|16\/100 par\n|move|p1a: Barq\u2019s|Order Up|p2b: Ampharos\n|-damage|p2b: Ampharos|0 fnt\n|faint|p2b: Ampharos\n|\n|win|AnimeRedneck\n|raw|AnimeRedneck's rating: 1038 → 1069<\/strong> (+31 for winning)\n|raw|sus7's rating: 1000 → 1000<\/strong> (+0 for losing)\n|l|\u2606sus7\n","uploadtime":1683583415,"views":9,"p1id":"animeredneck","p2id":"sus7","formatid":"gen9vgc2023regulationc","rating":1000,"private":0,"password":""}