{"id":"gen9vgc2023regulationc-1851156771","p1":"DarkPine60","p2":"Sharpievgc","format":"[Gen 9] VGC 2023 Regulation C","log":"|j|\u2606DarkPine60\n|j|\u2606Sharpievgc\n|t:|1682418374\n|gametype|doubles\n|player|p1|DarkPine60|drayden|1641\n|player|p2|Sharpievgc|nate|1744\n|teamsize|p1|6\n|teamsize|p2|6\n|gen|9\n|tier|[Gen 9] VGC 2023 Regulation C\n|rated|\n|rule|Species Clause: Limit one of each Pok\u00e9mon\n|rule|Item Clause: Limit one of each item\n|clearpoke\n|poke|p1|Chien-Pao, L50|\n|poke|p1|Palafin, L50, F|\n|poke|p1|Corviknight, L50, F|\n|poke|p1|Volcarona, L50, M|\n|poke|p1|Gothitelle, L50, M|\n|poke|p1|Iron Hands, L50|\n|poke|p2|Armarouge, L50, F|\n|poke|p2|Iron Hands, L50|\n|poke|p2|Indeedee-F, L50, F|\n|poke|p2|Annihilape, L50, F|\n|poke|p2|Torkoal, L50, F|\n|poke|p2|Dragapult, L50, F|\n|teampreview|4\n|inactive|Battle timer is ON: inactive players will automatically lose when time's up. (requested by DarkPine60)\nDarkPine60 has agreed to open team sheets.\nSharpievgc has agreed to open team sheets.\n|j| chacaad\n|j| Maushold-Null\n|inactive|DarkPine60 has 60 seconds left.\n|inactive|DarkPine60 has 30 seconds left.\n|inactive|DarkPine60 has 20 seconds left.\n|inactive|DarkPine60 has 15 seconds left.\n|\n|t:|1682418452\n|start\n|switch|p1a: Chien-Pao|Chien-Pao, L50|100\/100\n|switch|p1b: Palafin|Palafin, L50, F, shiny|100\/100\n|switch|p2a: Indeedee|Indeedee-F, L50, F|100\/100\n|switch|p2b: Annihilape|Annihilape, L50, F|100\/100\n|-ability|p1a: Chien-Pao|Sword of Ruin\n|-fieldstart|move: Psychic Terrain|[from] ability: Psychic Surge|[of] p2a: Indeedee\n|turn|1\n|\n|t:|1682418476\n|detailschange|p1b: Palafin|Palafin-Hero, L50, F, shiny\n|switch|p1b: Gothitelle|Gothitelle, L50, M|100\/100\n|move|p2b: Annihilape|Final Gambit|p1b: Gothitelle\n|-damage|p1b: Gothitelle|0 fnt\n|faint|p2b: Annihilape\n|faint|p1b: Gothitelle\n|move|p1a: Chien-Pao|Ice Spinner|p2a: Indeedee\n|-damage|p2a: Indeedee|34\/100\n|-fieldend|move: Psychic Terrain\n|move|p2a: Indeedee|Trick Room|p2a: Indeedee\n|-fieldstart|move: Trick Room|[of] p2a: Indeedee\n|\n|upkeep\n|l| Maushold-Null\n|inactive|DarkPine60 has 30 seconds left.\n|\n|t:|1682418502\n|switch|p1b: Corviknight|Corviknight, L50, F|100\/100\n|switch|p2b: Torkoal|Torkoal, L50, F|100\/100\n|-weather|SunnyDay|[from] ability: Drought|[of] p2b: Torkoal\n|turn|2\n|inactive|DarkPine60 has 30 seconds left.\n|inactive|Sharpievgc has 30 seconds left.\n|\n|t:|1682418533\n|switch|p2a: Iron Hands|Iron Hands, L50|100\/100\n|-enditem|p2a: Iron Hands|Booster Energy\n|-activate|p2a: Iron Hands|ability: Quark Drive|[fromitem]\n|-start|p2a: Iron Hands|quarkdriveatk\n|-terastallize|p1b: Corviknight|Fire\n|move|p1a: Chien-Pao|Protect|p1a: Chien-Pao\n|-singleturn|p1a: Chien-Pao|Protect\n|move|p2b: Torkoal|Eruption|p1b: Corviknight|[spread] p1b\n|-activate|p1a: Chien-Pao|move: Protect\n|-resisted|p1b: Corviknight\n|-damage|p1b: Corviknight|65\/100\n|move|p1b: Corviknight|Brave Bird|p2b: Torkoal\n|-damage|p2b: Torkoal|58\/100\n|-damage|p1b: Corviknight|53\/100|[from] Recoil\n|\n|-weather|SunnyDay|[upkeep]\n|upkeep\n|turn|3\n|inactive|Sharpievgc has 30 seconds left.\n|\n|t:|1682418559\n|switch|p1a: Palafin|Palafin-Hero, L50, F, shiny|100\/100\n|-activate|p1a: Palafin|ability: Zero to Hero\n|move|p2b: Torkoal|Heat Wave|p1a: Palafin|[spread] p1b\n|-miss|p2b: Torkoal|p1a: Palafin\n|-resisted|p1b: Corviknight\n|-damage|p1b: Corviknight|28\/100\n|move|p2a: Iron Hands|Wild Charge|p1a: Palafin\n|-supereffective|p1a: Palafin\n|-damage|p1a: Palafin|0 fnt\n|faint|p1a: Palafin\n|-damage|p2a: Iron Hands|81\/100|[from] Recoil\n|move|p1b: Corviknight|Roost|p1b: Corviknight\n|-heal|p1b: Corviknight|79\/100\n|\n|-weather|SunnyDay|[upkeep]\n|upkeep\n|\n|t:|1682418575\n|switch|p1a: Chien-Pao|Chien-Pao, L50|100\/100\n|-ability|p1a: Chien-Pao|Sword of Ruin\n|turn|4\n|\n|t:|1682418592\n|-terastallize|p2b: Torkoal|Fire\n|move|p1a: Chien-Pao|Protect|p1a: Chien-Pao\n|-singleturn|p1a: Chien-Pao|Protect\n|move|p2b: Torkoal|Heat Wave|p1a: Chien-Pao|[spread] p1b\n|-activate|p1a: Chien-Pao|move: Protect\n|-resisted|p1b: Corviknight\n|-damage|p1b: Corviknight|46\/100\n|move|p2a: Iron Hands|Stomping Tantrum|p1b: Corviknight\n|-supereffective|p1b: Corviknight\n|-damage|p1b: Corviknight|0 fnt\n|faint|p1b: Corviknight\n|\n|-weather|SunnyDay|[upkeep]\n|upkeep\n|turn|5\n|-message|DarkPine60 forfeited.\n|\n|win|Sharpievgc\n|raw|DarkPine60's rating: 1641 → 1627<\/strong> (-14 for losing)\n|raw|Sharpievgc's rating: 1744 → 1758<\/strong> (+14 for winning)\n|l|\u2606DarkPine60\n","uploadtime":1682418609,"views":9,"p1id":"darkpine60","p2id":"sharpievgc","formatid":"gen9vgc2023regulationc","rating":1627,"private":0,"password":""}