{"id":"gen9vgc2023regulationc-1857831387","p1":"CoDameron","p2":"Haxxson","format":"[Gen 9] VGC 2023 Regulation C","log":"|j|\u2606CoDameron\n|j|\u2606Haxxson\n|t:|1683236454\n|gametype|doubles\n|player|p1|CoDameron|2|\n|player|p2|Haxxson|marshal|\n|teamsize|p1|6\n|teamsize|p2|6\n|gen|9\n|tier|[Gen 9] VGC 2023 Regulation C\n|rule|Species Clause: Limit one of each Pok\u00e9mon\n|rule|Item Clause: Limit one of each item\n|clearpoke\n|poke|p1|Iron Moth, L50|\n|poke|p1|Gothorita, L50, F|\n|poke|p1|Greedent, L50, M|\n|poke|p1|Bellibolt, L50, M|\n|poke|p1|Scizor, L50, M|\n|poke|p1|Salamence, L50, F|\n|poke|p2|Jumpluff, L50, M|\n|poke|p2|Sliggoo, L50, F|\n|poke|p2|Volcarona, L50, F|\n|poke|p2|Cryogonal, L50|\n|poke|p2|Annihilape, L50, M|\n|poke|p2|Krookodile, L50, M|\n|teampreview|4\n|inactive|Battle timer is ON: inactive players will automatically lose when time's up. (requested by Haxxson)\n|inactiveoff|Battle timer is now OFF.\nHaxxson rejected open team sheets.\n|c|\u2606CoDameron|g3\n|c|\u2606CoDameron|g3 ready?\n|\n|t:|1683238377\n|start\n|switch|p1a: Battery Acid|Iron Moth, L50|100\/100\n|switch|p1b: The Truth|Gothorita, L50, F|100\/100\n|switch|p2a: Chief Chirpa|Volcarona, L50, F, shiny|100\/100\n|switch|p2b: Nightmother|Annihilape, L50, M, shiny|100\/100\n|turn|1\n|\n|t:|1683238506\n|-terastallize|p2b: Nightmother|Fire\n|move|p1b: The Truth|Helping Hand|p1a: Battery Acid\n|-singleturn|p1a: Battery Acid|Helping Hand|[of] p1b: The Truth\n|move|p1a: Battery Acid|Hurricane|p2b: Nightmother\n|-damage|p2b: Nightmother|43\/100\n|-start|p2b: Nightmother|confusion\n|-activate|p2b: Nightmother|confusion\n|move|p2b: Nightmother|Final Gambit|p1b: The Truth\n|-damage|p1b: The Truth|44\/100\n|faint|p2b: Nightmother\n|move|p2a: Chief Chirpa|Quiver Dance|p2a: Chief Chirpa\n|-boost|p2a: Chief Chirpa|spa|1\n|-boost|p2a: Chief Chirpa|spd|1\n|-boost|p2a: Chief Chirpa|spe|1\n|\n|upkeep\n|\n|t:|1683238541\n|switch|p2b: Jabba the Hutt|Sliggoo, L50, F, shiny|100\/100\n|turn|2\n|\n|t:|1683238609\n|move|p1b: The Truth|Helping Hand|p1a: Battery Acid\n|-singleturn|p1a: Battery Acid|Helping Hand|[of] p1b: The Truth\n|move|p2a: Chief Chirpa|Fiery Dance|p1b: The Truth\n|-damage|p1b: The Truth|0 fnt\n|faint|p1b: The Truth\n|move|p1a: Battery Acid|Hurricane|p2a: Chief Chirpa|[miss]\n|-miss|p1a: Battery Acid|p2a: Chief Chirpa\n|move|p2b: Jabba the Hutt|Curse|p2b: Jabba the Hutt\n|-unboost|p2b: Jabba the Hutt|spe|1\n|-boost|p2b: Jabba the Hutt|atk|1\n|-boost|p2b: Jabba the Hutt|def|1\n|\n|upkeep\n|\n|t:|1683238620\n|switch|p1b: Old Fashioned|Salamence, L50, F|100\/100\n|-ability|p1b: Old Fashioned|Intimidate|boost\n|-unboost|p2a: Chief Chirpa|atk|1\n|-unboost|p2b: Jabba the Hutt|atk|1\n|turn|3\n|j| xay_fresh1\n|\n|t:|1683238717\n|move|p2a: Chief Chirpa|Protect|p2a: Chief Chirpa\n|-singleturn|p2a: Chief Chirpa|Protect\n|move|p1a: Battery Acid|Dazzling Gleam|p2b: Jabba the Hutt|[spread] p2b\n|-activate|p2a: Chief Chirpa|move: Protect\n|-supereffective|p2b: Jabba the Hutt\n|-damage|p2b: Jabba the Hutt|79\/100\n|move|p1b: Old Fashioned|Tailwind|p1b: Old Fashioned\n|-sidestart|p1: CoDameron|move: Tailwind\n|move|p2b: Jabba the Hutt|Body Slam|p1b: Old Fashioned\n|-damage|p1b: Old Fashioned|81\/100\n|-status|p1b: Old Fashioned|par\n|\n|upkeep\n|turn|4\n|\n|t:|1683238751\n|move|p1a: Battery Acid|Hurricane|p2a: Chief Chirpa\n|-supereffective|p2a: Chief Chirpa\n|-damage|p2a: Chief Chirpa|41\/100\n|move|p2a: Chief Chirpa|Quiver Dance|p2a: Chief Chirpa\n|-boost|p2a: Chief Chirpa|spa|1\n|-boost|p2a: Chief Chirpa|spd|1\n|-boost|p2a: Chief Chirpa|spe|1\n|-enditem|p1b: Old Fashioned|Mirror Herb\n|-boost|p1b: Old Fashioned|spa|1|[from] item: Mirror Herb\n|-boost|p1b: Old Fashioned|spd|1|[from] item: Mirror Herb\n|-boost|p1b: Old Fashioned|spe|1|[from] item: Mirror Herb\n|cant|p1b: Old Fashioned|par\n|move|p2b: Jabba the Hutt|Body Slam|p1a: Battery Acid\n|-damage|p1a: Battery Acid|73\/100\n|\n|upkeep\n|turn|5\n|\n|t:|1683238771\n|move|p1a: Battery Acid|Dazzling Gleam|p2b: Jabba the Hutt|[spread] p2a,p2b\n|-resisted|p2a: Chief Chirpa\n|-supereffective|p2b: Jabba the Hutt\n|-damage|p2a: Chief Chirpa|35\/100\n|-damage|p2b: Jabba the Hutt|57\/100\n|move|p2a: Chief Chirpa|Tera Blast|p1b: Old Fashioned\n|-crit|p1b: Old Fashioned\n|-damage|p1b: Old Fashioned|0 fnt\n|faint|p1b: Old Fashioned\n|move|p2b: Jabba the Hutt|Life Dew|p2b: Jabba the Hutt|[spread] p2a,p2b\n|-heal|p2a: Chief Chirpa|60\/100\n|-heal|p2b: Jabba the Hutt|82\/100\n|\n|upkeep\n|\n|t:|1683238781\n|switch|p1b: Pow Pow|Scizor, L50, M|100\/100\n|turn|6\n|\n|t:|1683238882\n|-terastallize|p1b: Pow Pow|Flying\n|move|p2a: Chief Chirpa|Protect|p2a: Chief Chirpa\n|-singleturn|p2a: Chief Chirpa|Protect\n|move|p1a: Battery Acid|Hurricane|p2a: Chief Chirpa\n|-activate|p2a: Chief Chirpa|move: Protect\n|move|p1b: Pow Pow|Aerial Ace|p2a: Chief Chirpa\n|-activate|p2a: Chief Chirpa|move: Protect\n|move|p2b: Jabba the Hutt|Life Dew|p2b: Jabba the Hutt|[spread] p2a,p2b\n|-heal|p2a: Chief Chirpa|84\/100\n|-heal|p2b: Jabba the Hutt|100\/100\n|\n|-sideend|p1: CoDameron|move: Tailwind\n|upkeep\n|turn|7\n|\n|t:|1683238930\n|move|p1b: Pow Pow|Bullet Punch|p2a: Chief Chirpa\n|-resisted|p2a: Chief Chirpa\n|-damage|p2a: Chief Chirpa|57\/100\n|move|p2a: Chief Chirpa|Fiery Dance|p1b: Pow Pow\n|-damage|p1b: Pow Pow|0 fnt\n|faint|p1b: Pow Pow\n|move|p1a: Battery Acid|Hurricane|p2a: Chief Chirpa\n|-supereffective|p2a: Chief Chirpa\n|-crit|p2a: Chief Chirpa\n|-damage|p2a: Chief Chirpa|0 fnt\n|faint|p2a: Chief Chirpa\n|move|p2b: Jabba the Hutt|Body Slam|p1a: Battery Acid\n|-damage|p1a: Battery Acid|45\/100\n|-status|p1a: Battery Acid|par\n|\n|upkeep\n|\n|t:|1683238944\n|switch|p2a: Queen Amidala|Jumpluff, L50, M, shiny|100\/100\n|turn|8\n|\n|t:|1683238974\n|move|p2a: Queen Amidala|Encore|p1a: Battery Acid\n|-start|p1a: Battery Acid|Encore\n|move|p1a: Battery Acid|Hurricane|p2a: Queen Amidala\n|-supereffective|p2a: Queen Amidala\n|-damage|p2a: Queen Amidala|25\/100\n|move|p2b: Jabba the Hutt|Body Slam|p1a: Battery Acid\n|-damage|p1a: Battery Acid|17\/100 par\n|\n|upkeep\n|turn|9\n|\n|t:|1683238989\n|move|p2a: Queen Amidala|Pollen Puff|p1a: Battery Acid\n|-resisted|p1a: Battery Acid\n|-damage|p1a: Battery Acid|13\/100 par\n|move|p1a: Battery Acid|Hurricane|p2a: Queen Amidala\n|-supereffective|p2a: Queen Amidala\n|-damage|p2a: Queen Amidala|0 fnt\n|faint|p2a: Queen Amidala\n|move|p2b: Jabba the Hutt|Body Slam|p1a: Battery Acid\n|-damage|p1a: Battery Acid|0 fnt\n|faint|p1a: Battery Acid\n|-end|p1a: Battery Acid|Quark Drive|[silent]\n|\n|win|Haxxson\n|c|\u2606CoDameron|gg\n|c|\u2606Haxxson|GG\n|l| xay_fresh1\n","uploadtime":1683239644,"views":38,"p1id":"codameron","p2id":"haxxson","formatid":"gen9vgc2023regulationc","rating":0,"private":0,"password":""}