{"id":"gen9vgc2023regulationc-1863545896","p1":"hydreigon_chelas","p2":"mr brig","format":"[Gen 9] VGC 2023 Regulation C","log":"|j|\u2606hydreigon_chelas\n|j|\u2606mr brig\n|t:|1684032252\n|gametype|doubles\n|player|p1|hydreigon_chelas|iris-gen5bw2|1267\n|player|p2|mr brig|170|1270\n|teamsize|p1|6\n|teamsize|p2|6\n|gen|9\n|tier|[Gen 9] VGC 2023 Regulation C\n|rated|\n|rule|Species Clause: Limit one of each Pok\u00e9mon\n|rule|Item Clause: Limit one of each item\n|clearpoke\n|poke|p1|Tyranitar, L50, M|\n|poke|p1|Lycanroc, L50, F|\n|poke|p1|Great Tusk, L50|\n|poke|p1|Chi-Yu, L50|\n|poke|p1|Flutter Mane, L50|\n|poke|p1|Gastrodon-East, L50, M|\n|poke|p2|Glimmora, L50, M|\n|poke|p2|Flutter Mane, L50|\n|poke|p2|Sableye, L50, F|\n|poke|p2|Wo-Chien, L50|\n|poke|p2|Garganacl, L50, F|\n|poke|p2|Arcanine, L50, M|\n|teampreview|4\nmr brig has agreed to open team sheets.\n|\n|t:|1684032310\n|start\n|switch|p1a: Chi-Yu|Chi-Yu, L50|100\/100\n|switch|p1b: Flutter Mane|Flutter Mane, L50|100\/100\n|switch|p2a: Sableye|Sableye, L50, F|100\/100\n|switch|p2b: Flutter Mane|Flutter Mane, L50|100\/100\n|-ability|p1a: Chi-Yu|Beads of Ruin\n|-enditem|p1b: Flutter Mane|Booster Energy\n|-activate|p1b: Flutter Mane|ability: Protosynthesis|[fromitem]\n|-start|p1b: Flutter Mane|protosynthesisspe\n|-enditem|p2b: Flutter Mane|Booster Energy\n|-activate|p2b: Flutter Mane|ability: Protosynthesis|[fromitem]\n|-start|p2b: Flutter Mane|protosynthesisspe\n|turn|1\n|\n|t:|1684032337\n|move|p1b: Flutter Mane|Protect|p1b: Flutter Mane\n|-singleturn|p1b: Flutter Mane|Protect\n|move|p1a: Chi-Yu|Protect|p1a: Chi-Yu\n|-singleturn|p1a: Chi-Yu|Protect\n|move|p2a: Sableye|Thunder Wave|p1b: Flutter Mane\n|-activate|p1b: Flutter Mane|move: Protect\n|move|p2b: Flutter Mane|Hex|p1b: Flutter Mane\n|-activate|p1b: Flutter Mane|move: Protect\n|\n|upkeep\n|turn|2\n|\n|t:|1684032361\n|-end|p1b: Flutter Mane|Protosynthesis|[silent]\n|switch|p1b: Great Tusk|Great Tusk, L50|100\/100\n|move|p2a: Sableye|Encore||[still]\n|-fail|p2a: Sableye\n|move|p2b: Flutter Mane|Dazzling Gleam|p1a: Chi-Yu|[spread] p1a,p1b\n|-supereffective|p1b: Great Tusk\n|-damage|p1a: Chi-Yu|60\/100\n|-damage|p1b: Great Tusk|0 fnt\n|faint|p1b: Great Tusk\n|-end|p1b: Great Tusk|Protosynthesis|[silent]\n|move|p1a: Chi-Yu|Taunt|p2a: Sableye\n|-start|p2a: Sableye|move: Taunt\n|\n|upkeep\n|\n|t:|1684032388\n|switch|p1b: Flutter Mane|Flutter Mane, L50|100\/100\n|turn|3\n|\n|t:|1684032416\n|-terastallize|p1b: Flutter Mane|Fairy\n|move|p2a: Sableye|Feint|p1a: Chi-Yu\n|-damage|p1a: Chi-Yu|51\/100\n|move|p2b: Flutter Mane|Dazzling Gleam|p1a: Chi-Yu|[spread] p1a,p1b\n|-damage|p1a: Chi-Yu|11\/100\n|-damage|p1b: Flutter Mane|59\/100\n|move|p1b: Flutter Mane|Dazzling Gleam|p2a: Sableye|[spread] p2a,p2b\n|-supereffective|p2a: Sableye\n|-enditem|p2a: Sableye|Roseli Berry|[eat]\n|-enditem|p2a: Sableye|Roseli Berry|[weaken]\n|-damage|p2a: Sableye|38\/100\n|-damage|p2b: Flutter Mane|48\/100\n|move|p1a: Chi-Yu|Heat Wave|p2b: Flutter Mane|[spread] p2a,p2b\n|-damage|p2a: Sableye|0 fnt\n|-damage|p2b: Flutter Mane|0 fnt\n|faint|p2a: Sableye\n|faint|p2b: Flutter Mane\n|-end|p2b: Flutter Mane|Protosynthesis|[silent]\n|-damage|p1a: Chi-Yu|1\/100|[from] item: Life Orb\n|\n|upkeep\n|\n|t:|1684032425\n|switch|p2b: Garganacl|Garganacl, L50, F|100\/100\n|switch|p2a: Wo-Chien|Wo-Chien, L50|100\/100\n|-ability|p2a: Wo-Chien|Tablets of Ruin\n|turn|4\n|\n|t:|1684032443\n|-terastallize|p2a: Wo-Chien|Water\n|move|p1a: Chi-Yu|Protect|p1a: Chi-Yu\n|-singleturn|p1a: Chi-Yu|Protect\n|move|p1b: Flutter Mane|Dazzling Gleam|p2a: Wo-Chien|[spread] p2a,p2b\n|-damage|p2a: Wo-Chien|70\/100\n|-damage|p2b: Garganacl|62\/100\n|move|p2a: Wo-Chien|Leech Seed|p1b: Flutter Mane\n|-start|p1b: Flutter Mane|move: Leech Seed\n|move|p2b: Garganacl|Salt Cure|p1a: Chi-Yu\n|-activate|p1a: Chi-Yu|move: Protect\n|\n|-heal|p2a: Wo-Chien|77\/100|[from] item: Leftovers\n|-damage|p1b: Flutter Mane|47\/100|[from] Leech Seed|[of] p2a: Wo-Chien\n|-heal|p2a: Wo-Chien|85\/100|[silent]\n|upkeep\n|turn|5\n|\n|t:|1684032465\n|move|p1b: Flutter Mane|Dazzling Gleam|p2a: Wo-Chien|[spread] p2a,p2b\n|-damage|p2a: Wo-Chien|53\/100\n|-damage|p2b: Garganacl|27\/100\n|-enditem|p2b: Garganacl|Sitrus Berry|[eat]\n|-heal|p2b: Garganacl|52\/100|[from] item: Sitrus Berry\n|move|p1a: Chi-Yu|Dark Pulse|p2b: Garganacl\n|-damage|p2b: Garganacl|0 fnt\n|faint|p2b: Garganacl\n|-damage|p1a: Chi-Yu|0 fnt|[from] item: Life Orb\n|faint|p1a: Chi-Yu\n|move|p2a: Wo-Chien|Foul Play|p1b: Flutter Mane\n|-resisted|p1b: Flutter Mane\n|-damage|p1b: Flutter Mane|34\/100\n|\n|-heal|p2a: Wo-Chien|59\/100|[from] item: Leftovers\n|-damage|p1b: Flutter Mane|21\/100|[from] Leech Seed|[of] p2a: Wo-Chien\n|-heal|p2a: Wo-Chien|68\/100|[silent]\n|upkeep\n|\n|t:|1684032484\n|switch|p1a: Gastrodon|Gastrodon-East, L50, M|100\/100\n|turn|6\n|\n|t:|1684032495\n|move|p2a: Wo-Chien|Protect|p2a: Wo-Chien\n|-singleturn|p2a: Wo-Chien|Protect\n|move|p1b: Flutter Mane|Dazzling Gleam|p2a: Wo-Chien\n|-activate|p2a: Wo-Chien|move: Protect\n|move|p1a: Gastrodon|Earth Power|p2a: Wo-Chien\n|-activate|p2a: Wo-Chien|move: Protect\n|\n|-heal|p2a: Wo-Chien|74\/100|[from] item: Leftovers\n|-damage|p1b: Flutter Mane|9\/100|[from] Leech Seed|[of] p2a: Wo-Chien\n|-heal|p2a: Wo-Chien|83\/100|[silent]\n|upkeep\n|turn|7\n|\n|t:|1684032511\n|move|p1b: Flutter Mane|Dazzling Gleam|p2a: Wo-Chien\n|-damage|p2a: Wo-Chien|55\/100\n|move|p2a: Wo-Chien|Leech Seed|p1a: Gastrodon\n|-start|p1a: Gastrodon|move: Leech Seed\n|move|p1a: Gastrodon|Earth Power|p2a: Wo-Chien\n|-damage|p2a: Wo-Chien|33\/100\n|\n|-heal|p2a: Wo-Chien|39\/100|[from] item: Leftovers\n|-damage|p1b: Flutter Mane|0 fnt|[from] Leech Seed|[of] p2a: Wo-Chien\n|-heal|p2a: Wo-Chien|45\/100|[silent]\n|faint|p1b: Flutter Mane\n|-end|p1b: Flutter Mane|Protosynthesis|[silent]\n|-damage|p1a: Gastrodon|88\/100|[from] Leech Seed|[of] p2a: Wo-Chien\n|-heal|p2a: Wo-Chien|59\/100|[silent]\n|upkeep\n|turn|8\n|\n|t:|1684032529\n|move|p2a: Wo-Chien|Protect|p2a: Wo-Chien\n|-singleturn|p2a: Wo-Chien|Protect\n|move|p1a: Gastrodon|Earth Power|p2a: Wo-Chien\n|-activate|p2a: Wo-Chien|move: Protect\n|\n|-heal|p2a: Wo-Chien|65\/100|[from] item: Leftovers\n|-damage|p1a: Gastrodon|76\/100|[from] Leech Seed|[of] p2a: Wo-Chien\n|-heal|p2a: Wo-Chien|79\/100|[silent]\n|upkeep\n|turn|9\n|\n|t:|1684032540\n|move|p2a: Wo-Chien|Pollen Puff|p1a: Gastrodon\n|-damage|p1a: Gastrodon|57\/100\n|move|p1a: Gastrodon|Earth Power|p2a: Wo-Chien\n|-damage|p2a: Wo-Chien|56\/100\n|\n|-heal|p2a: Wo-Chien|62\/100|[from] item: Leftovers\n|-damage|p1a: Gastrodon|45\/100|[from] Leech Seed|[of] p2a: Wo-Chien\n|-heal|p2a: Wo-Chien|76\/100|[silent]\n|upkeep\n|turn|10\n|\n|t:|1684032553\n|move|p2a: Wo-Chien|Protect|p2a: Wo-Chien\n|-singleturn|p2a: Wo-Chien|Protect\n|move|p1a: Gastrodon|Recover|p1a: Gastrodon\n|-heal|p1a: Gastrodon|95\/100\n|\n|-heal|p2a: Wo-Chien|82\/100|[from] item: Leftovers\n|-damage|p1a: Gastrodon|83\/100|[from] Leech Seed|[of] p2a: Wo-Chien\n|-heal|p2a: Wo-Chien|96\/100|[silent]\n|upkeep\n|turn|11\n|\n|t:|1684032564\n|move|p2a: Wo-Chien|Foul Play|p1a: Gastrodon\n|-damage|p1a: Gastrodon|62\/100\n|-damage|p2a: Wo-Chien|79\/100|[from] item: Rocky Helmet|[of] p1a: Gastrodon\n|move|p1a: Gastrodon|Earth Power|p2a: Wo-Chien\n|-damage|p2a: Wo-Chien|60\/100\n|\n|-heal|p2a: Wo-Chien|66\/100|[from] item: Leftovers\n|-damage|p1a: Gastrodon|50\/100|[from] Leech Seed|[of] p2a: Wo-Chien\n|-heal|p2a: Wo-Chien|80\/100|[silent]\n|upkeep\n|turn|12\n|\n|t:|1684032577\n|move|p2a: Wo-Chien|Pollen Puff|p1a: Gastrodon\n|-damage|p1a: Gastrodon|32\/100\n|move|p1a: Gastrodon|Recover|p1a: Gastrodon\n|-heal|p1a: Gastrodon|82\/100\n|\n|-heal|p2a: Wo-Chien|86\/100|[from] item: Leftovers\n|-damage|p1a: Gastrodon|69\/100|[from] Leech Seed|[of] p2a: Wo-Chien\n|-heal|p2a: Wo-Chien|99\/100|[silent]\n|upkeep\n|turn|13\n|\n|t:|1684032590\n|move|p2a: Wo-Chien|Pollen Puff|p1a: Gastrodon\n|-damage|p1a: Gastrodon|52\/100\n|move|p1a: Gastrodon|Recover|p1a: Gastrodon\n|-heal|p1a: Gastrodon|100\/100\n|\n|-heal|p2a: Wo-Chien|100\/100|[from] item: Leftovers\n|-damage|p1a: Gastrodon|88\/100|[from] Leech Seed|[of] p2a: Wo-Chien\n|upkeep\n|turn|14\n|\n|t:|1684032608\n|move|p2a: Wo-Chien|Leech Seed||[still]\n|-fail|p2a: Wo-Chien\n|move|p1a: Gastrodon|Yawn|p2a: Wo-Chien\n|-start|p2a: Wo-Chien|move: Yawn|[of] p1a: Gastrodon\n|\n|-damage|p1a: Gastrodon|76\/100|[from] Leech Seed|[of] p2a: Wo-Chien\n|upkeep\n|turn|15\n|\n|t:|1684032620\n|move|p2a: Wo-Chien|Pollen Puff|p1a: Gastrodon\n|-damage|p1a: Gastrodon|57\/100\n|move|p1a: Gastrodon|Ice Beam|p2a: Wo-Chien\n|-resisted|p2a: Wo-Chien\n|-damage|p2a: Wo-Chien|93\/100\n|\n|-heal|p2a: Wo-Chien|99\/100|[from] item: Leftovers\n|-damage|p1a: Gastrodon|45\/100|[from] Leech Seed|[of] p2a: Wo-Chien\n|-heal|p2a: Wo-Chien|100\/100|[silent]\n|-end|p2a: Wo-Chien|move: Yawn|[silent]\n|-status|p2a: Wo-Chien|slp\n|upkeep\n|turn|16\n|\n|t:|1684032636\n|cant|p2a: Wo-Chien|slp\n|move|p1a: Gastrodon|Earth Power|p2a: Wo-Chien\n|-damage|p2a: Wo-Chien|81\/100 slp\n|\n|-heal|p2a: Wo-Chien|87\/100 slp|[from] item: Leftovers\n|-damage|p1a: Gastrodon|32\/100|[from] Leech Seed|[of] p2a: Wo-Chien\n|-heal|p2a: Wo-Chien|100\/100 slp|[silent]\n|upkeep\n|turn|17\n|\n|t:|1684032645\n|cant|p2a: Wo-Chien|slp\n|move|p1a: Gastrodon|Earth Power|p2a: Wo-Chien\n|-damage|p2a: Wo-Chien|81\/100 slp\n|\n|-heal|p2a: Wo-Chien|87\/100 slp|[from] item: Leftovers\n|-damage|p1a: Gastrodon|20\/100|[from] Leech Seed|[of] p2a: Wo-Chien\n|-heal|p2a: Wo-Chien|100\/100 slp|[silent]\n|upkeep\n|turn|18\n|c|\u2606mr brig|snail > slug\n|inactive|Battle timer is ON: inactive players will automatically lose when time's up. (requested by mr brig)\n|\n|t:|1684032699\n|cant|p2a: Wo-Chien|slp\n|move|p1a: Gastrodon|Recover|p1a: Gastrodon\n|-heal|p1a: Gastrodon|70\/100\n|\n|-damage|p1a: Gastrodon|57\/100|[from] Leech Seed|[of] p2a: Wo-Chien\n|upkeep\n|turn|19\n|inactive|hydreigon_chelas has 30 seconds left.\n|\n|t:|1684032727\n|-curestatus|p2a: Wo-Chien|slp|[msg]\n|move|p2a: Wo-Chien|Foul Play|p1a: Gastrodon\n|-damage|p1a: Gastrodon|37\/100\n|-damage|p2a: Wo-Chien|84\/100|[from] item: Rocky Helmet|[of] p1a: Gastrodon\n|move|p1a: Gastrodon|Earth Power|p2a: Wo-Chien\n|-damage|p2a: Wo-Chien|62\/100\n|\n|-heal|p2a: Wo-Chien|68\/100|[from] item: Leftovers\n|-damage|p1a: Gastrodon|24\/100|[from] Leech Seed|[of] p2a: Wo-Chien\n|-heal|p2a: Wo-Chien|82\/100|[silent]\n|upkeep\n|turn|20\n|\n|t:|1684032744\n|move|p2a: Wo-Chien|Pollen Puff|p1a: Gastrodon\n|-damage|p1a: Gastrodon|7\/100\n|move|p1a: Gastrodon|Recover|p1a: Gastrodon\n|-heal|p1a: Gastrodon|57\/100\n|\n|-heal|p2a: Wo-Chien|88\/100|[from] item: Leftovers\n|-damage|p1a: Gastrodon|45\/100|[from] Leech Seed|[of] p2a: Wo-Chien\n|-heal|p2a: Wo-Chien|100\/100|[silent]\n|upkeep\n|turn|21\n|\n|t:|1684032761\n|move|p2a: Wo-Chien|Pollen Puff|p1a: Gastrodon\n|-damage|p1a: Gastrodon|26\/100\n|move|p1a: Gastrodon|Recover|p1a: Gastrodon\n|-heal|p1a: Gastrodon|77\/100\n|\n|-damage|p1a: Gastrodon|64\/100|[from] Leech Seed|[of] p2a: Wo-Chien\n|upkeep\n|turn|22\n|\n|t:|1684032773\n|move|p2a: Wo-Chien|Protect|p2a: Wo-Chien\n|-singleturn|p2a: Wo-Chien|Protect\n|move|p1a: Gastrodon|Yawn|p2a: Wo-Chien\n|-activate|p2a: Wo-Chien|move: Protect\n|\n|-damage|p1a: Gastrodon|52\/100|[from] Leech Seed|[of] p2a: Wo-Chien\n|upkeep\n|turn|23\n|\n|t:|1684032786\n|move|p2a: Wo-Chien|Foul Play|p1a: Gastrodon\n|-damage|p1a: Gastrodon|31\/100\n|-damage|p2a: Wo-Chien|84\/100|[from] item: Rocky Helmet|[of] p1a: Gastrodon\n|move|p1a: Gastrodon|Yawn|p2a: Wo-Chien\n|-start|p2a: Wo-Chien|move: Yawn|[of] p1a: Gastrodon\n|\n|-heal|p2a: Wo-Chien|90\/100|[from] item: Leftovers\n|-damage|p1a: Gastrodon|19\/100|[from] Leech Seed|[of] p2a: Wo-Chien\n|-heal|p2a: Wo-Chien|100\/100|[silent]\n|upkeep\n|turn|24\n|\n|t:|1684032797\n|move|p2a: Wo-Chien|Foul Play|p1a: Gastrodon\n|-damage|p1a: Gastrodon|0 fnt\n|-damage|p2a: Wo-Chien|84\/100|[from] item: Rocky Helmet|[of] p1a: Gastrodon\n|faint|p1a: Gastrodon\n|\n|win|mr brig\n|raw|hydreigon_chelas's rating: 1267 → 1242<\/strong> (-25 for losing)\n|raw|mr brig's rating: 1270 → 1295<\/strong> (+25 for winning)\n|c|\u2606mr brig|gg\n|l|\u2606hydreigon_chelas\n|j|\u2606hydreigon_chelas\n|player|p1|hydreigon_chelas|iris-gen5bw2\n","uploadtime":1684032806,"views":17,"p1id":"hydreigonchelas","p2id":"mrbrig","formatid":"gen9vgc2023regulationc","rating":1242,"private":0,"password":""}