{"id":"gen9vgc2023regulationc-1845877863","p1":"DrChocolateMD","p2":"Yugi wit da hoodie","format":"[Gen 9] VGC 2023 Regulation C","log":"|j|\u2606DrChocolateMD\n|j|\u2606Yugi wit da hoodie\n|t:|1681774424\n|gametype|doubles\n|player|p1|DrChocolateMD|cyrus|\n|player|p2|Yugi wit da hoodie|101|\n|teamsize|p1|6\n|teamsize|p2|6\n|gen|9\n|tier|[Gen 9] VGC 2023 Regulation C\n|rule|Species Clause: Limit one of each Pok\u00e9mon\n|rule|Item Clause: Limit one of each item\n|clearpoke\n|poke|p1|Hydreigon, L50, F|\n|poke|p1|Kingambit, L50, M|\n|poke|p1|Baxcalibur, L50, F|\n|poke|p1|Iron Bundle, L50|\n|poke|p1|Salazzle, L50, F|\n|poke|p1|Gengar, L50, F|\n|poke|p2|Murkrow, L50, M|\n|poke|p2|Great Tusk, L50|\n|poke|p2|Hatterene, L50, F|\n|poke|p2|Farigiraf, L50, F|\n|poke|p2|Clawitzer, L50, M|\n|poke|p2|Toxicroak, L50, M|\n|teampreview|4\nDrChocolateMD rejected open team sheets.\n|j| Destrucktoo\n|j| Onassi2\n|j| WindyEng\n|\n|t:|1681774486\n|start\n|switch|p1a: Airrazor|Hydreigon, L50, F|100\/100\n|switch|p1b: Dinobot|Baxcalibur, L50, F|100\/100\n|switch|p2a: Hattereeniemeenie|Hatterene, L50, F|100\/100\n|switch|p2b: GiraffeffariG|Farigiraf, L50, F|100\/100\n|turn|1\n|\n|t:|1681774543\n|-terastallize|p1a: Airrazor|Steel\n|move|p1a: Airrazor|Dark Pulse|p2b: GiraffeffariG\n|-supereffective|p2b: GiraffeffariG\n|-enditem|p2b: GiraffeffariG|Colbur Berry|[eat]\n|-enditem|p2b: GiraffeffariG|Colbur Berry|[weaken]\n|-damage|p2b: GiraffeffariG|47\/100\n|-damage|p1a: Airrazor|91\/100|[from] item: Life Orb\n|move|p1b: Dinobot|Earthquake|p2a: Hattereeniemeenie|[spread] p2a,p2b\n|-immune|p1a: Airrazor|[from] ability: Levitate\n|-damage|p2a: Hattereeniemeenie|63\/100\n|-damage|p2b: GiraffeffariG|14\/100\n|move|p2a: Hattereeniemeenie|Dazzling Gleam|p1b: Dinobot|[spread] p1a,p1b\n|-resisted|p1a: Airrazor\n|-supereffective|p1b: Dinobot\n|-damage|p1a: Airrazor|72\/100\n|-damage|p1b: Dinobot|30\/100\n|move|p2b: GiraffeffariG|Trick Room|p2b: GiraffeffariG\n|-fieldstart|move: Trick Room|[of] p2b: GiraffeffariG\n|\n|upkeep\n|turn|2\n|c| WindyEng|clutch berry!\n|\n|t:|1681774594\n|move|p1b: Dinobot|Protect|p1b: Dinobot\n|-singleturn|p1b: Dinobot|Protect\n|move|p2a: Hattereeniemeenie|Mystical Fire|p1a: Airrazor\n|-supereffective|p1a: Airrazor\n|-damage|p1a: Airrazor|3\/100\n|-unboost|p1a: Airrazor|spa|1\n|move|p2b: GiraffeffariG|Psychic|p1b: Dinobot\n|-activate|p1b: Dinobot|move: Protect\n|move|p1a: Airrazor|Flash Cannon|p2a: Hattereeniemeenie\n|-supereffective|p2a: Hattereeniemeenie\n|-damage|p2a: Hattereeniemeenie|0 fnt\n|faint|p2a: Hattereeniemeenie\n|-damage|p1a: Airrazor|0 fnt|[from] item: Life Orb\n|faint|p1a: Airrazor\n|\n|upkeep\n|c| Onassi2|huge live!\n|\n|t:|1681774638\n|switch|p2a: Manny|Great Tusk, L50|100\/100\n|switch|p1a: Silverbolt|Gengar, L50, F|100\/100\n|turn|3\n|\n|t:|1681774666\n|-terastallize|p2a: Manny|Steel\n|move|p2b: GiraffeffariG|Protect|p2b: GiraffeffariG\n|-singleturn|p2b: GiraffeffariG|Protect\n|move|p1b: Dinobot|Dragon Claw|p2b: GiraffeffariG\n|-activate|p2b: GiraffeffariG|move: Protect\n|move|p2a: Manny|Earthquake|p1a: Silverbolt|[spread] p1a,p1b\n|-activate|p2b: GiraffeffariG|move: Protect\n|-supereffective|p1a: Silverbolt\n|-enditem|p1a: Silverbolt|Focus Sash\n|-damage|p1a: Silverbolt|1\/100\n|-damage|p1b: Dinobot|0 fnt\n|faint|p1b: Dinobot\n|move|p1a: Silverbolt|Energy Ball|p2a: Manny\n|-resisted|p2a: Manny\n|-damage|p2a: Manny|76\/100\n|\n|upkeep\n|c|\u2606DrChocolateMD|Nice Tera!\n|\n|t:|1681774687\n|switch|p1b: Rattrap|Iron Bundle, L50|100\/100\n|-enditem|p1b: Rattrap|Booster Energy\n|-activate|p1b: Rattrap|ability: Quark Drive|[fromitem]\n|-start|p1b: Rattrap|quarkdrivespe\n|turn|4\n|\n|t:|1681774712\n|move|p1a: Silverbolt|Protect|p1a: Silverbolt\n|-singleturn|p1a: Silverbolt|Protect\n|move|p2b: GiraffeffariG|Psychic|p1a: Silverbolt\n|-activate|p1a: Silverbolt|move: Protect\n|move|p2a: Manny|Close Combat|p1b: Rattrap\n|-supereffective|p1b: Rattrap\n|-damage|p1b: Rattrap|0 fnt\n|-unboost|p2a: Manny|def|1\n|-unboost|p2a: Manny|spd|1\n|faint|p1b: Rattrap\n|-end|p1b: Rattrap|Quark Drive|[silent]\n|\n|upkeep\n|turn|5\n|c|\u2606DrChocolateMD|Ah GG\n|\n|t:|1681774730\n|move|p1a: Silverbolt|Protect||[still]\n|-fail|p1a: Silverbolt\n|move|p2b: GiraffeffariG|Psychic|p1a: Silverbolt\n|-supereffective|p1a: Silverbolt\n|-damage|p1a: Silverbolt|0 fnt\n|faint|p1a: Silverbolt\n|\n|win|Yugi wit da hoodie\n|c|\u2606Yugi wit da hoodie|gg\n|l| WindyEng\n|l| Destrucktoo\n","uploadtime":1681774739,"views":13,"p1id":"drchocolatemd","p2id":"yugiwitdahoodie","formatid":"gen9vgc2023regulationc","rating":0,"private":0,"password":""}