{"id":"gen9vgc2023regulationc-1864086056","p1":"hash brown enjoyer","p2":"Umbrian","format":"[Gen 9] VGC 2023 Regulation C","log":"|j|\u2606hash brown enjoyer\n|j|\u2606Umbrian\n|t:|1684115383\n|gametype|doubles\n|player|p1|hash brown enjoyer|2|\n|player|p2|Umbrian|adaman|\n|teamsize|p1|6\n|teamsize|p2|6\n|gen|9\n|tier|[Gen 9] VGC 2023 Regulation C\n|rule|Species Clause: Limit one of each Pok\u00e9mon\n|rule|Item Clause: Limit one of each item\n|clearpoke\n|poke|p1|Misdreavus, L50, F|\n|poke|p1|Bellibolt, L50, F|\n|poke|p1|Gothorita, L50, M|\n|poke|p1|Appletun, L50, F|\n|poke|p1|Falinks, L50|\n|poke|p1|Glalie, L50, M|\n|poke|p2|Umbreon, L50, F|\n|poke|p2|Polteageist, L50|\n|poke|p2|Squawkabilly-Blue, L50, F|\n|poke|p2|Grafaiai, L50, M|\n|poke|p2|Jolteon, L50, F|\n|poke|p2|Lilligant, L50, F|\n|teampreview|4\n|c|\u2606Umbrian|g1\n|c|\u2606Umbrian|glhf!\n|j| foiledfeline\n|j| JayMcG1010\n|c|\u2606hash brown enjoyer|glhf!!\n|\n|t:|1684115541\n|start\n|switch|p1a: flubber mane|Misdreavus, L50, F|100\/100\n|switch|p1b: FROOG|Bellibolt, L50, F|100\/100\n|switch|p2a: Squawkabilly|Squawkabilly-Blue, L50, F|100\/100\n|switch|p2b: Lilligant|Lilligant, L50, F|100\/100\n|turn|1\n|\n|t:|1684115621\n|-terastallize|p1b: FROOG|Ghost\n|move|p1a: flubber mane|Shadow Sneak|p1b: FROOG\n|-supereffective|p1b: FROOG\n|-damage|p1b: FROOG|83\/100\n|-start|p1b: FROOG|Charge|Shadow Sneak|[from] ability: Electromorphosis\n|-enditem|p1b: FROOG|Weakness Policy\n|-boost|p1b: FROOG|atk|2|[from] item: Weakness Policy\n|-boost|p1b: FROOG|spa|2|[from] item: Weakness Policy\n|move|p2b: Lilligant|Sweet Scent|p1b: FROOG|[spread] p1a,p1b\n|-unboost|p1a: flubber mane|evasion|2\n|-unboost|p1b: FROOG|evasion|2\n|move|p2a: Squawkabilly|Double-Edge|p1b: FROOG\n|-immune|p1b: FROOG\n|move|p1b: FROOG|Parabolic Charge|p2b: Lilligant|[spread] p1a,p2a,p2b\n|-supereffective|p2a: Squawkabilly\n|-resisted|p2b: Lilligant\n|-damage|p1a: flubber mane|27\/100\n|-heal|p1b: FROOG|100\/100|[from] drain|[of] p1a: flubber mane\n|-damage|p2a: Squawkabilly|0 fnt\n|-damage|p2b: Lilligant|33\/100\n|faint|p2a: Squawkabilly\n|-end|p1b: FROOG|Charge|[silent]\n|\n|upkeep\n|\n|t:|1684115638\n|switch|p2a: Umbreon|Umbreon, L50, F|100\/100\n|turn|2\n|\n|t:|1684115660\n|move|p1b: FROOG|Protect|p1b: FROOG\n|-singleturn|p1b: FROOG|Protect\n|move|p2b: Lilligant|Sleep Powder|p1b: FROOG\n|-activate|p1b: FROOG|move: Protect\n|move|p2a: Umbreon|Snarl|p1b: FROOG|[spread] p1a\n|-activate|p1b: FROOG|move: Protect\n|-supereffective|p1a: flubber mane\n|-damage|p1a: flubber mane|11\/100\n|-unboost|p1a: flubber mane|spa|1\n|move|p1a: flubber mane|Trick Room|p1a: flubber mane\n|-fieldstart|move: Trick Room|[of] p1a: flubber mane\n|\n|upkeep\n|turn|3\n|j| matthewssandslash\n|c| matthewssandslash|GL!\n|c| matthewssandslash|HF!\n|\n|t:|1684115711\n|move|p1a: flubber mane|Shadow Sneak|p2a: Umbreon\n|-resisted|p2a: Umbreon\n|-damage|p2a: Umbreon|96\/100\n|move|p1b: FROOG|Parabolic Charge|p2b: Lilligant|[spread] p1a,p2a,p2b\n|-resisted|p2b: Lilligant\n|-damage|p1a: flubber mane|0 fnt\n|-damage|p2a: Umbreon|74\/100\n|-damage|p2b: Lilligant|0 fnt\n|faint|p1a: flubber mane\n|faint|p2b: Lilligant\n|move|p2a: Umbreon|Snarl|p1b: FROOG\n|-supereffective|p1b: FROOG\n|-damage|p1b: FROOG|75\/100\n|-unboost|p1b: FROOG|spa|1\n|-start|p1b: FROOG|Charge|Snarl|[from] ability: Electromorphosis\n|\n|-heal|p2a: Umbreon|81\/100|[from] item: Leftovers\n|upkeep\n|\n|t:|1684115723\n|switch|p1a: SQUAD|Falinks, L50|100\/100\n|switch|p2b: Grafaiai|Grafaiai, L50, M|100\/100\n|-item|p2b: Grafaiai|Air Balloon\n|turn|4\n|\n|t:|1684115770\n|move|p2a: Umbreon|Detect|p2a: Umbreon\n|-singleturn|p2a: Umbreon|Protect\n|move|p1a: SQUAD|First Impression|p2a: Umbreon\n|-activate|p2a: Umbreon|move: Protect\n|move|p1b: FROOG|Muddy Water|p2a: Umbreon|[spread] \n|-activate|p2a: Umbreon|move: Protect\n|-miss|p1b: FROOG|p2b: Grafaiai\n|move|p2b: Grafaiai|Sludge Bomb|p1a: SQUAD\n|-damage|p1a: SQUAD|59\/100\n|\n|-heal|p2a: Umbreon|87\/100|[from] item: Leftovers\n|upkeep\n|turn|5\n|c| matthewssandslash|I love that hush is using the best pokemon from apple's team last season AND my #1 favorite strategy from last season of the side proc into tera WP\n|c| matthewssandslash|also... special grafaiai is something for sure\n|\n|t:|1684115823\n|move|p2b: Grafaiai|Copycat|p2b: Grafaiai\n|move|p2b: Grafaiai|Sludge Bomb|p1a: SQUAD|[from]move: Copycat\n|-damage|p1a: SQUAD|17\/100\n|move|p1b: FROOG|Volt Switch|p2a: Umbreon\n|-crit|p2a: Umbreon\n|-damage|p2a: Umbreon|15\/100\n|-end|p1b: FROOG|Charge|[silent]\n|\n|t:|1684115830\n|switch|p1b: Ice Cube|Glalie, L50, M|100\/100|[from] Volt Switch\n|move|p2a: Umbreon|Dark Pulse|p1b: Ice Cube\n|-damage|p1b: Ice Cube|75\/100\n|move|p1a: SQUAD|Close Combat|p2a: Umbreon\n|-supereffective|p2a: Umbreon\n|-damage|p2a: Umbreon|0 fnt\n|-unboost|p1a: SQUAD|def|1\n|-unboost|p1a: SQUAD|spd|1\n|faint|p2a: Umbreon\n|\n|-heal|p1b: Ice Cube|81\/100|[from] item: Leftovers\n|-ability|p1b: Ice Cube|Moody|boost\n|-boost|p1b: Ice Cube|spd|2\n|-unboost|p1b: Ice Cube|atk|1\n|upkeep\n|turn|6\n|c| matthewssandslash|also wait\n|c| matthewssandslash|eon\n|c| matthewssandslash|what was that copycat\n|\n|t:|1684115855\n|move|p2b: Grafaiai|Copycat|p2b: Grafaiai\n|move|p2b: Grafaiai|Close Combat|p1a: SQUAD|[from]move: Copycat\n|-damage|p1a: SQUAD|0 fnt\n|-unboost|p2b: Grafaiai|def|1\n|-unboost|p2b: Grafaiai|spd|1\n|faint|p1a: SQUAD\n|move|p1b: Ice Cube|Freeze-Dry|p2b: Grafaiai\n|-damage|p2b: Grafaiai|38\/100\n|-enditem|p2b: Grafaiai|Air Balloon\n|\n|-heal|p1b: Ice Cube|87\/100|[from] item: Leftovers\n|-fieldend|move: Trick Room\n|-ability|p1b: Ice Cube|Moody|boost\n|-boost|p1b: Ice Cube|spa|2\n|-unboost|p1b: Ice Cube|spd|1\n|upkeep\n|c| matthewssandslash|OH\n|c| matthewssandslash|I get it\n|c| matthewssandslash|prankster\n|\n|t:|1684115867\n|switch|p1a: FROOG|Bellibolt, L50, F, tera:Ghost|75\/100\n|turn|7\n|c|\u2606Umbrian|i go slow and then i go fast\n|c| matthewssandslash|that was actually genius, nvm\n|\n|t:|1684115884\n|move|p2b: Grafaiai|Sludge Bomb|p1b: Ice Cube\n|-damage|p1b: Ice Cube|55\/100\n|move|p1b: Ice Cube|Freeze-Dry|p2b: Grafaiai\n|-damage|p2b: Grafaiai|0 fnt\n|faint|p2b: Grafaiai\n|\n|win|hash brown enjoyer\n|c|\u2606hash brown enjoyer|gg\n|c| matthewssandslash|well gg\n|c|\u2606Umbrian|gg\n|l| matthewssandslash\n|j| GlennIsAFrog\n|l| GlennIsAFrog\n|l| foiledfeline\n|l| JayMcG1010\n","uploadtime":1684115896,"views":24,"p1id":"hashbrownenjoyer","p2id":"umbrian","formatid":"gen9vgc2023regulationc","rating":0,"private":0,"password":""}