{"id":"gen9vgc2023regulationc-1862100850","p1":"Kyle64j","p2":"TonnyDolfing","format":"[Gen 9] VGC 2023 Regulation C","log":"|j|\u2606Kyle64j\n|j|\u2606TonnyDolfing\n|t:|1683837036\n|gametype|doubles\n|player|p1|Kyle64j|102|1128\n|player|p2|TonnyDolfing|lucas-gen4pt|1180\n|teamsize|p1|6\n|teamsize|p2|6\n|gen|9\n|tier|[Gen 9] VGC 2023 Regulation C\n|rated|\n|rule|Species Clause: Limit one of each Pok\u00e9mon\n|rule|Item Clause: Limit one of each item\n|clearpoke\n|poke|p1|Tyranitar, L50, F|\n|poke|p1|Houndstone, L50, F|\n|poke|p1|Amoonguss, L50, F|\n|poke|p1|Donphan, L50, F|\n|poke|p1|Talonflame, L50, M|\n|poke|p1|Flutter Mane, L50|\n|poke|p2|Abomasnow, L50, F|\n|poke|p2|Chien-Pao, L50|\n|poke|p2|Kingambit, L50, F|\n|poke|p2|Dondozo, L50, M|\n|poke|p2|Garganacl, L50, F|\n|poke|p2|Ting-Lu, L50|\n|teampreview|4\n|inactive|Battle timer is ON: inactive players will automatically lose when time's up. (requested by TonnyDolfing)\n|\n|t:|1683837076\n|start\n|switch|p1a: Talonflame|Talonflame, L50, M|100\/100\n|switch|p1b: Flutter Mane|Flutter Mane, L50|100\/100\n|switch|p2a: Abomasnow|Abomasnow, L50, F|100\/100\n|switch|p2b: Chien-Pao|Chien-Pao, L50|100\/100\n|-ability|p2b: Chien-Pao|Sword of Ruin\n|-weather|Snow|[from] ability: Snow Warning|[of] p2a: Abomasnow\n|-enditem|p1b: Flutter Mane|Booster Energy\n|-activate|p1b: Flutter Mane|ability: Protosynthesis|[fromitem]\n|-start|p1b: Flutter Mane|protosynthesisspa\n|turn|1\n|inactive|Kyle64j has 30 seconds left.\n|inactive|TonnyDolfing has 30 seconds left.\n|\n|t:|1683837109\n|move|p1b: Flutter Mane|Protect|p1b: Flutter Mane\n|-singleturn|p1b: Flutter Mane|Protect\n|move|p1a: Talonflame|Tailwind|p1a: Talonflame\n|-sidestart|p1: Kyle64j|move: Tailwind\n|move|p2b: Chien-Pao|Sucker Punch||[still]\n|-fail|p2b: Chien-Pao\n|move|p2a: Abomasnow|Aurora Veil|p2a: Abomasnow\n|-sidestart|p2: TonnyDolfing|move: Aurora Veil\n|\n|-weather|Snow|[upkeep]\n|upkeep\n|turn|2\n|inactive|Kyle64j has 30 seconds left.\n|\n|t:|1683837135\n|move|p1a: Talonflame|Will-O-Wisp|p2b: Chien-Pao\n|-status|p2b: Chien-Pao|brn\n|move|p1b: Flutter Mane|Moonblast|p2b: Chien-Pao\n|-supereffective|p2b: Chien-Pao\n|-damage|p2b: Chien-Pao|34\/100 brn\n|move|p2b: Chien-Pao|Sheer Cold|p1b: Flutter Mane\n|-damage|p1b: Flutter Mane|0 fnt\n|faint|p1b: Flutter Mane\n|-end|p1b: Flutter Mane|Protosynthesis|[silent]\n|-ohko\n|move|p2a: Abomasnow|Sheer Cold|p1a: Talonflame\n|-damage|p1a: Talonflame|0 fnt\n|faint|p1a: Talonflame\n|-ohko\n|\n|-weather|Snow|[upkeep]\n|-damage|p2b: Chien-Pao|28\/100 brn|[from] brn\n|upkeep\n|\n|t:|1683837152\n|switch|p1a: Tyranitar|Tyranitar, L50, F|100\/100\n|switch|p1b: Donphan|Donphan, L50, F|100\/100\n|-weather|Sandstorm|[from] ability: Sand Stream|[of] p1a: Tyranitar\n|turn|3\n|inactive|Kyle64j has 30 seconds left.\n|\n|t:|1683837181\n|-terastallize|p1b: Donphan|Steel\n|move|p1a: Tyranitar|Iron Head|p2b: Chien-Pao\n|-supereffective|p2b: Chien-Pao\n|-damage|p2b: Chien-Pao|0 fnt\n|faint|p2b: Chien-Pao\n|move|p1b: Donphan|Knock Off|p2a: Abomasnow\n|-damage|p2a: Abomasnow|80\/100\n|-damage|p1b: Donphan|84\/100|[from] item: Rocky Helmet|[of] p2a: Abomasnow\n|-enditem|p2a: Abomasnow|Rocky Helmet|[from] move: Knock Off|[of] p1b: Donphan\n|move|p2a: Abomasnow|Sheer Cold|p1b: Donphan|[miss]\n|-miss|p2a: Abomasnow|p1b: Donphan\n|\n|-weather|Sandstorm|[upkeep]\n|-damage|p2a: Abomasnow|74\/100|[from] Sandstorm\n|upkeep\n|\n|t:|1683837195\n|switch|p2b: Garganacl|Garganacl, L50, F|100\/100\n|turn|4\n|\n|t:|1683837208\n|move|p1a: Tyranitar|Low Kick|p2a: Abomasnow\n|-supereffective|p2a: Abomasnow\n|-crit|p2a: Abomasnow\n|-damage|p2a: Abomasnow|0 fnt\n|faint|p2a: Abomasnow\n|move|p1b: Donphan|Knock Off|p2b: Garganacl\n|-damage|p2b: Garganacl|86\/100\n|-enditem|p2b: Garganacl|Sitrus Berry|[from] move: Knock Off|[of] p1b: Donphan\n|move|p2b: Garganacl|Salt Cure|p1a: Tyranitar\n|-damage|p1a: Tyranitar|90\/100\n|-start|p1a: Tyranitar|Salt Cure\n|\n|-weather|Sandstorm|[upkeep]\n|-damage|p1a: Tyranitar|78\/100|[from] Salt Cure\n|-sideend|p1: Kyle64j|move: Tailwind\n|upkeep\n|\n|t:|1683837220\n|switch|p2a: Kingambit|Kingambit, L50, F|100\/100\n|turn|5\n|\n|t:|1683837234\n|-terastallize|p2b: Garganacl|Ghost\n|move|p1a: Tyranitar|Iron Head|p2b: Garganacl\n|-damage|p2b: Garganacl|72\/100\n|move|p1b: Donphan|High Horsepower|p2a: Kingambit\n|-supereffective|p2a: Kingambit\n|-damage|p2a: Kingambit|52\/100\n|move|p2a: Kingambit|Guillotine|p1b: Donphan|[miss]\n|-miss|p2a: Kingambit|p1b: Donphan\n|move|p2b: Garganacl|Salt Cure|p1b: Donphan\n|-resisted|p1b: Donphan\n|-damage|p1b: Donphan|79\/100\n|-start|p1b: Donphan|Salt Cure\n|\n|-weather|Sandstorm|[upkeep]\n|-damage|p2b: Garganacl|67\/100|[from] Sandstorm\n|-damage|p1a: Tyranitar|66\/100|[from] Salt Cure\n|-damage|p1b: Donphan|54\/100|[from] Salt Cure\n|-sideend|p2: TonnyDolfing|move: Aurora Veil\n|upkeep\n|turn|6\n|\n|t:|1683837256\n|move|p2a: Kingambit|Protect|p2a: Kingambit\n|-singleturn|p2a: Kingambit|Protect\n|move|p2b: Garganacl|Protect|p2b: Garganacl\n|-singleturn|p2b: Garganacl|Protect\n|move|p1a: Tyranitar|Low Kick|p2a: Kingambit\n|-activate|p2a: Kingambit|move: Protect\n|move|p1b: Donphan|Knock Off|p2b: Garganacl\n|-activate|p2b: Garganacl|move: Protect\n|\n|-weather|Sandstorm|[upkeep]\n|-damage|p2b: Garganacl|61\/100|[from] Sandstorm\n|-damage|p1a: Tyranitar|54\/100|[from] Salt Cure\n|-damage|p1b: Donphan|29\/100|[from] Salt Cure\n|upkeep\n|turn|7\n|\n|t:|1683837272\n|move|p1a: Tyranitar|Low Kick|p2a: Kingambit\n|-supereffective|p2a: Kingambit\n|-damage|p2a: Kingambit|0 fnt\n|faint|p2a: Kingambit\n|move|p1b: Donphan|Knock Off|p2b: Garganacl\n|-supereffective|p2b: Garganacl\n|-damage|p2b: Garganacl|27\/100\n|move|p2b: Garganacl|Recover|p2b: Garganacl\n|-heal|p2b: Garganacl|77\/100\n|\n|-weather|none\n|-damage|p1a: Tyranitar|42\/100|[from] Salt Cure\n|-damage|p1b: Donphan|5\/100|[from] Salt Cure\n|upkeep\n|turn|8\n|\n|t:|1683837291\n|move|p2b: Garganacl|Protect|p2b: Garganacl\n|-singleturn|p2b: Garganacl|Protect\n|move|p1a: Tyranitar|Rock Slide|p2b: Garganacl\n|-activate|p2b: Garganacl|move: Protect\n|move|p1b: Donphan|Knock Off|p2b: Garganacl\n|-activate|p2b: Garganacl|move: Protect\n|\n|-damage|p1a: Tyranitar|29\/100|[from] Salt Cure\n|-damage|p1b: Donphan|0 fnt|[from] Salt Cure\n|faint|p1b: Donphan\n|upkeep\n|turn|9\n|\n|t:|1683837306\n|move|p1a: Tyranitar|Rock Slide|p2b: Garganacl\n|-crit|p2b: Garganacl\n|-damage|p2b: Garganacl|35\/100\n|move|p2b: Garganacl|Recover|p2b: Garganacl\n|-heal|p2b: Garganacl|85\/100\n|\n|-damage|p1a: Tyranitar|17\/100|[from] Salt Cure\n|upkeep\n|turn|10\n|\n|t:|1683837316\n|move|p2b: Garganacl|Protect|p2b: Garganacl\n|-singleturn|p2b: Garganacl|Protect\n|move|p1a: Tyranitar|Rock Slide|p2b: Garganacl\n|-activate|p2b: Garganacl|move: Protect\n|\n|-damage|p1a: Tyranitar|5\/100|[from] Salt Cure\n|upkeep\n|turn|11\n|c|\u2606Kyle64j|gg\n|\n|t:|1683837323\n|move|p1a: Tyranitar|Rock Slide|p2b: Garganacl\n|-damage|p2b: Garganacl|58\/100\n|move|p2b: Garganacl|Recover|p2b: Garganacl\n|-heal|p2b: Garganacl|100\/100\n|\n|-damage|p1a: Tyranitar|0 fnt|[from] Salt Cure\n|faint|p1a: Tyranitar\n|\n|win|TonnyDolfing\n|upkeep\n|raw|Kyle64j's rating: 1128 → 1107<\/strong> (-21 for losing)\n|raw|TonnyDolfing's rating: 1180 → 1201<\/strong> (+21 for winning)\n|c|\u2606TonnyDolfing|thnx\n|c|\u2606TonnyDolfing|gg\n|l|\u2606Kyle64j\n","uploadtime":1683837394,"views":9,"p1id":"kyle64j","p2id":"tonnydolfing","formatid":"gen9vgc2023regulationc","rating":1107,"private":0,"password":""}