{"id":"gen9vgc2023regulationc-1861339224","p1":"Ytterby","p2":"iiparks","format":"[Gen 9] VGC 2023 Regulation C","log":"|j|\u2606Ytterby\n|j|\u2606iiparks\n|t:|1683747419\n|gametype|doubles\n|player|p1|Ytterby|brycenman|1252\n|player|p2|iiparks|2|1191\n|teamsize|p1|6\n|teamsize|p2|6\n|gen|9\n|tier|[Gen 9] VGC 2023 Regulation C\n|rated|\n|rule|Species Clause: Limit one of each Pok\u00e9mon\n|rule|Item Clause: Limit one of each item\n|clearpoke\n|poke|p1|Iron Bundle, L50|\n|poke|p1|Palafin, L50, F|\n|poke|p1|Pelipper, L50, M|\n|poke|p1|Scizor, L50, M|\n|poke|p1|Farigiraf, L50, F|\n|poke|p1|Tinkaton, L50, F|\n|poke|p2|Gyarados, L50, F|\n|poke|p2|Dragonite, L50, M|\n|poke|p2|Arcanine, L50, M|\n|poke|p2|Hariyama, L50, M|\n|poke|p2|Bronzong, L50|\n|poke|p2|Ting-Lu, L50|\n|teampreview|4\n|\n|t:|1683747489\n|start\n|switch|p1a: Farigiraf|Farigiraf, L50, F|100\/100\n|switch|p1b: Palafin|Palafin, L50, F|100\/100\n|switch|p2a: Bronzong|Bronzong, L50|100\/100\n|switch|p2b: Arcanine|Arcanine, L50, M|100\/100\n|-ability|p2b: Arcanine|Intimidate|boost\n|-unboost|p1a: Farigiraf|atk|1\n|-unboost|p1b: Palafin|atk|1\n|turn|1\n|\n|t:|1683747510\n|-terastallize|p1b: Palafin|Water\n|move|p2b: Arcanine|Protect|p2b: Arcanine\n|-singleturn|p2b: Arcanine|Protect\n|move|p1b: Palafin|Flip Turn|p2b: Arcanine\n|-activate|p2b: Arcanine|move: Protect\n|move|p1a: Farigiraf|Imprison|p1a: Farigiraf\n|-start|p1a: Farigiraf|move: Imprison\n|move|p2a: Bronzong|Iron Defense|p2a: Bronzong\n|-boost|p2a: Bronzong|def|2\n|\n|upkeep\n|turn|2\n|\n|t:|1683747531\n|switch|p2b: Gyarados|Gyarados, L50, F|100\/100\n|-ability|p2b: Gyarados|Intimidate|boost\n|-unboost|p1a: Farigiraf|atk|1\n|-unboost|p1b: Palafin|atk|1\n|move|p1a: Farigiraf|Protect|p1a: Farigiraf\n|-singleturn|p1a: Farigiraf|Protect\n|move|p1b: Palafin|Flip Turn|p2b: Gyarados\n|-resisted|p2b: Gyarados\n|-damage|p2b: Gyarados|92\/100\n|-damage|p1b: Palafin|84\/100|[from] item: Rocky Helmet|[of] p2b: Gyarados\n|\n|t:|1683747540\n|detailschange|p1b: Palafin|Palafin-Hero, L50, F, tera:Water\n|switch|p1b: Pelipper|Pelipper, L50, M, shiny|100\/100|[from] Flip Turn\n|-weather|RainDance|[from] ability: Drizzle|[of] p1b: Pelipper\n|move|p2a: Bronzong|Body Press|p1b: Pelipper\n|-resisted|p1b: Pelipper\n|-damage|p1b: Pelipper|71\/100\n|\n|-weather|RainDance|[upkeep]\n|upkeep\n|turn|3\n|\n|t:|1683747568\n|move|p2b: Gyarados|Waterfall|p1b: Pelipper\n|-resisted|p1b: Pelipper\n|-damage|p1b: Pelipper|42\/100\n|move|p1a: Farigiraf|Tera Blast|p2b: Gyarados\n|-damage|p2b: Gyarados|62\/100\n|move|p1b: Pelipper|Hurricane|p2a: Bronzong\n|-resisted|p2a: Bronzong\n|-damage|p2a: Bronzong|78\/100\n|move|p2a: Bronzong|Body Press|p1a: Farigiraf\n|-damage|p1a: Farigiraf|49\/100\n|\n|-weather|RainDance|[upkeep]\n|-heal|p2a: Bronzong|84\/100|[from] item: Leftovers\n|upkeep\n|turn|4\n|\n|t:|1683747588\n|move|p1a: Farigiraf|Protect|p1a: Farigiraf\n|-singleturn|p1a: Farigiraf|Protect\n|move|p2b: Gyarados|Waterfall|p1a: Farigiraf\n|-activate|p1a: Farigiraf|move: Protect\n|move|p1b: Pelipper|U-turn|p2a: Bronzong\n|-damage|p2a: Bronzong|80\/100\n|\n|t:|1683747602\n|switch|p1b: Palafin|Palafin-Hero, L50, F, tera:Water|84\/100|[from] U-turn\n|-activate|p1b: Palafin|ability: Zero to Hero\n|move|p2a: Bronzong|Body Press|p1b: Palafin\n|-damage|p1b: Palafin|29\/100\n|\n|-weather|RainDance|[upkeep]\n|-heal|p2a: Bronzong|86\/100|[from] item: Leftovers\n|upkeep\n|turn|5\n|\n|t:|1683747627\n|-terastallize|p2b: Gyarados|Grass\n|move|p1b: Palafin|Wave Crash|p2a: Bronzong\n|-damage|p2a: Bronzong|10\/100\n|-damage|p1b: Palafin|5\/100|[from] Recoil\n|move|p2b: Gyarados|Waterfall|p1a: Farigiraf\n|-damage|p1a: Farigiraf|2\/100\n|move|p1a: Farigiraf|Tera Blast|p2b: Gyarados\n|-damage|p2b: Gyarados|32\/100\n|move|p2a: Bronzong|Body Press|p1b: Palafin\n|-damage|p1b: Palafin|0 fnt\n|faint|p1b: Palafin\n|\n|-weather|RainDance|[upkeep]\n|-heal|p2a: Bronzong|16\/100|[from] item: Leftovers\n|upkeep\n|\n|t:|1683747639\n|switch|p1b: Iron Bundle|Iron Bundle, L50|100\/100\n|-enditem|p1b: Iron Bundle|Booster Energy\n|-activate|p1b: Iron Bundle|ability: Quark Drive|[fromitem]\n|-start|p1b: Iron Bundle|quarkdrivespe\n|turn|6\n|\n|t:|1683747673\n|move|p1b: Iron Bundle|Icy Wind|p2b: Gyarados|[spread] p2a,p2b\n|-resisted|p2a: Bronzong\n|-supereffective|p2b: Gyarados\n|-damage|p2a: Bronzong|6\/100\n|-damage|p2b: Gyarados|0 fnt\n|-unboost|p2a: Bronzong|spe|1\n|faint|p2b: Gyarados\n|move|p1a: Farigiraf|Tera Blast|p2a: Bronzong\n|-resisted|p2a: Bronzong\n|-damage|p2a: Bronzong|0 fnt\n|faint|p2a: Bronzong\n|\n|-weather|none\n|upkeep\n|\n|t:|1683747686\n|switch|p2b: Arcanine|Arcanine, L50, M|100\/100\n|switch|p2a: Ting-Lu|Ting-Lu, L50|100\/100\n|-ability|p2b: Arcanine|Intimidate|boost\n|-unboost|p1a: Farigiraf|atk|1\n|-unboost|p1b: Iron Bundle|atk|1\n|-ability|p2a: Ting-Lu|Vessel of Ruin\n|turn|7\n|\n|t:|1683747724\n|switch|p1a: Pelipper|Pelipper, L50, M, shiny|42\/100\n|-weather|RainDance|[from] ability: Drizzle|[of] p1a: Pelipper\n|move|p1b: Iron Bundle|Hydro Pump|p2b: Arcanine\n|-supereffective|p2b: Arcanine\n|-damage|p2b: Arcanine|0 fnt\n|faint|p2b: Arcanine\n|move|p2a: Ting-Lu|Rock Slide|p1b: Iron Bundle|[spread] p1a,p1b\n|-supereffective|p1a: Pelipper\n|-supereffective|p1b: Iron Bundle\n|-damage|p1a: Pelipper|2\/100\n|-damage|p1b: Iron Bundle|58\/100\n|\n|-weather|RainDance|[upkeep]\n|upkeep\n|turn|8\n|\n|t:|1683747743\n|move|p1b: Iron Bundle|Hydro Pump|p2a: Ting-Lu\n|-supereffective|p2a: Ting-Lu\n|-damage|p2a: Ting-Lu|24\/100\n|move|p1a: Pelipper|Hurricane|p2a: Ting-Lu\n|-damage|p2a: Ting-Lu|3\/100\n|move|p2a: Ting-Lu|Rock Slide|p1a: Pelipper|[spread] p1a,p1b\n|-supereffective|p1a: Pelipper\n|-supereffective|p1b: Iron Bundle\n|-damage|p1a: Pelipper|0 fnt\n|-damage|p1b: Iron Bundle|11\/100\n|faint|p1a: Pelipper\n|\n|-weather|RainDance|[upkeep]\n|upkeep\n|\n|t:|1683747751\n|switch|p1a: Farigiraf|Farigiraf, L50, F|2\/100\n|turn|9\n|\n|t:|1683747759\n|move|p1b: Iron Bundle|Protect|p1b: Iron Bundle\n|-singleturn|p1b: Iron Bundle|Protect\n|move|p1a: Farigiraf|Tera Blast|p2a: Ting-Lu\n|-damage|p2a: Ting-Lu|0 fnt\n|faint|p2a: Ting-Lu\n|\n|win|Ytterby\n|raw|Ytterby's rating: 1252 → 1273<\/strong> (+21 for winning)\n|raw|iiparks's rating: 1191 → 1170<\/strong> (-21 for losing)\n|c|\u2606Ytterby|ggwp\n|l|\u2606iiparks\n","uploadtime":1683747772,"views":12,"p1id":"ytterby","p2id":"iiparks","formatid":"gen9vgc2023regulationc","rating":1170,"private":0,"password":""}