{"id":"gen9vgc2023regulationc-1854339531","p1":"Rexluser","p2":"Pittsnogler","format":"[Gen 9] VGC 2023 Regulation C","log":"|j|\u2606Rexluser\n|j|\u2606Pittsnogler\n|t:|1682798849\n|gametype|doubles\n|player|p1|Rexluser|169|1073\n|player|p2|Pittsnogler|170|1078\n|teamsize|p1|6\n|teamsize|p2|6\n|gen|9\n|tier|[Gen 9] VGC 2023 Regulation C\n|rated|\n|rule|Species Clause: Limit one of each Pok\u00e9mon\n|rule|Item Clause: Limit one of each item\n|clearpoke\n|poke|p1|Armarouge, L50, F|\n|poke|p1|Indeedee-F, L50, F|\n|poke|p1|Great Tusk, L50|\n|poke|p1|Iron Bundle, L50|\n|poke|p1|Iron Hands, L50|\n|poke|p1|Brute Bonnet, L50|\n|poke|p2|Amoonguss, L50, F|\n|poke|p2|Ceruledge, L50, F|\n|poke|p2|Iron Hands, L50|\n|poke|p2|Hatterene, L50, F|\n|poke|p2|Oranguru, L50, F|\n|poke|p2|Abomasnow, L50, M|\n|teampreview|4\n|inactive|Battle timer is ON: inactive players will automatically lose when time's up. (requested by Rexluser)\n|\n|t:|1682798890\n|start\n|switch|p1a: Great Tusk|Great Tusk, L50|100\/100\n|switch|p1b: Iron Bundle|Iron Bundle, L50|100\/100\n|switch|p2a: Iron Hands|Iron Hands, L50|100\/100\n|switch|p2b: Oranguru|Oranguru, L50, F|100\/100\n|-enditem|p1b: Iron Bundle|Booster Energy\n|-activate|p1b: Iron Bundle|ability: Quark Drive|[fromitem]\n|-start|p1b: Iron Bundle|quarkdrivespe\n|turn|1\n|inactive|Rexluser has 30 seconds left.\n|inactive|Rexluser has 20 seconds left.\n|inactive|Rexluser has 15 seconds left.\n|inactive|Rexluser has 10 seconds left.\n|inactive|Rexluser has 5 seconds left.\n|\n|t:|1682798940\n|-terastallize|p2a: Iron Hands|Flying\n|move|p1b: Iron Bundle|Freeze-Dry|p2b: Oranguru\n|-damage|p2b: Oranguru|73\/100\n|move|p1a: Great Tusk|Headlong Rush|p2a: Iron Hands\n|-immune|p2a: Iron Hands\n|move|p2a: Iron Hands|Swords Dance|p2a: Iron Hands\n|-boost|p2a: Iron Hands|atk|2\n|move|p2b: Oranguru|Trick Room|p2b: Oranguru\n|-fieldstart|move: Trick Room|[of] p2b: Oranguru\n|\n|upkeep\n|turn|2\n|inactive|Pittsnogler has 30 seconds left.\n|\n|t:|1682798969\n|-terastallize|p1b: Iron Bundle|Ghost\n|move|p2b: Oranguru|Instruct|p2a: Iron Hands\n|-singleturn|p2a: Iron Hands|move: Instruct|[of] p2b: Oranguru\n|move|p2a: Iron Hands|Swords Dance|p2a: Iron Hands\n|-boost|p2a: Iron Hands|atk|2\n|move|p2a: Iron Hands|Drain Punch|p1b: Iron Bundle\n|-immune|p1b: Iron Bundle\n|move|p1a: Great Tusk|Headlong Rush|p2b: Oranguru\n|-damage|p2b: Oranguru|29\/100\n|-unboost|p1a: Great Tusk|def|1\n|-unboost|p1a: Great Tusk|spd|1\n|move|p1b: Iron Bundle|Freeze-Dry|p2a: Iron Hands\n|-supereffective|p2a: Iron Hands\n|-damage|p2a: Iron Hands|38\/100\n|-status|p2a: Iron Hands|frz\n|\n|upkeep\n|turn|3\n|inactive|Rexluser has 30 seconds left.\n|inactive|Pittsnogler has 30 seconds left.\n|inactive|Pittsnogler has 20 seconds left.\n|inactive|Pittsnogler has 15 seconds left.\n|\n|t:|1682799010\n|-end|p2a: Iron Hands|Quark Drive|[silent]\n|switch|p2a: Amoonguss|Amoonguss, L50, F|100\/100\n|-end|p1a: Great Tusk|Protosynthesis|[silent]\n|switch|p1a: Indeedee|Indeedee-F, L50, F|100\/100\n|-fieldstart|move: Psychic Terrain|[from] ability: Psychic Surge|[of] p1a: Indeedee\n|-enditem|p1a: Indeedee|Psychic Seed\n|-boost|p1a: Indeedee|spd|1|[from] item: Psychic Seed\n|move|p2b: Oranguru|Protect|p2b: Oranguru\n|-singleturn|p2b: Oranguru|Protect\n|move|p1b: Iron Bundle|Freeze-Dry|p2a: Amoonguss\n|-supereffective|p2a: Amoonguss\n|-damage|p2a: Amoonguss|43\/100\n|-enditem|p2a: Amoonguss|Sitrus Berry|[eat]\n|-heal|p2a: Amoonguss|68\/100|[from] item: Sitrus Berry\n|\n|upkeep\n|turn|4\n|inactive|Rexluser has 30 seconds left.\n|inactive|Pittsnogler has 30 seconds left.\n|\n|t:|1682799040\n|switch|p2b: Abomasnow|Abomasnow, L50, M|100\/100\n|-weather|Snow|[from] ability: Snow Warning|[of] p2b: Abomasnow\n|move|p1a: Indeedee|Helping Hand|p1b: Iron Bundle\n|-singleturn|p1b: Iron Bundle|Helping Hand|[of] p1a: Indeedee\n|move|p2a: Amoonguss|Spore|p1b: Iron Bundle\n|-status|p1b: Iron Bundle|slp|[from] move: Spore\n|cant|p1b: Iron Bundle|slp\n|\n|-weather|Snow|[upkeep]\n|upkeep\n|turn|5\n|\n|t:|1682799065\n|cant|p1b: Iron Bundle|slp\n|move|p2a: Amoonguss|Spore|p1a: Indeedee\n|-status|p1a: Indeedee|slp|[from] move: Spore\n|move|p2b: Abomasnow|Aurora Veil|p2b: Abomasnow\n|-sidestart|p2: Pittsnogler|move: Aurora Veil\n|cant|p1a: Indeedee|slp\n|\n|-weather|Snow|[upkeep]\n|-fieldend|move: Trick Room\n|upkeep\n|turn|6\n|\n|t:|1682799085\n|switch|p2a: Iron Hands|Iron Hands, L50, tera:Flying|38\/100 frz\n|cant|p1a: Indeedee|slp\n|-curestatus|p1b: Iron Bundle|slp|[msg]\n|move|p1b: Iron Bundle|Icy Wind|p2a: Iron Hands|[spread] p2a,p2b\n|-supereffective|p2a: Iron Hands\n|-damage|p2a: Iron Hands|12\/100 frz\n|-damage|p2b: Abomasnow|87\/100\n|-unboost|p2b: Abomasnow|spe|1\n|move|p2b: Abomasnow|Blizzard|p1b: Iron Bundle|[spread] p1a,p1b\n|-damage|p1a: Indeedee|80\/100 slp\n|-damage|p1b: Iron Bundle|25\/100\n|\n|-weather|Snow|[upkeep]\n|upkeep\n|turn|7\n|inactive|Pittsnogler has 30 seconds left.\n|inactive|Pittsnogler has 20 seconds left.\n|inactive|Pittsnogler has 15 seconds left.\n|\n|t:|1682799127\n|cant|p1a: Indeedee|slp\n|move|p1b: Iron Bundle|Icy Wind|p2b: Abomasnow|[spread] p2a,p2b\n|-supereffective|p2a: Iron Hands\n|-damage|p2a: Iron Hands|0 fnt\n|-damage|p2b: Abomasnow|74\/100\n|-unboost|p2b: Abomasnow|spe|1\n|faint|p2a: Iron Hands\n|-end|p2a: Iron Hands|Quark Drive|[silent]\n|move|p2b: Abomasnow|Blizzard|p1b: Iron Bundle|[spread] p1a,p1b\n|-damage|p1a: Indeedee|58\/100 slp\n|-damage|p1b: Iron Bundle|0 fnt\n|faint|p1b: Iron Bundle\n|-end|p1b: Iron Bundle|Quark Drive|[silent]\n|\n|-weather|Snow|[upkeep]\n|-fieldend|move: Psychic Terrain\n|upkeep\n|\n|t:|1682799144\n|switch|p1b: Armarouge|Armarouge, L50, F|100\/100\n|switch|p2a: Oranguru|Oranguru, L50, F|29\/100\n|turn|8\n|\n|t:|1682799158\n|move|p2b: Abomasnow|Protect|p2b: Abomasnow\n|-singleturn|p2b: Abomasnow|Protect\n|-curestatus|p1a: Indeedee|slp|[msg]\n|move|p1a: Indeedee|Follow Me|p1a: Indeedee\n|-singleturn|p1a: Indeedee|move: Follow Me\n|move|p1b: Armarouge|Armor Cannon|p2b: Abomasnow\n|-activate|p2b: Abomasnow|move: Protect\n|move|p2a: Oranguru|Trick Room|p2a: Oranguru\n|-fieldstart|move: Trick Room|[of] p2a: Oranguru\n|\n|-weather|none\n|upkeep\n|turn|9\n|inactive|Pittsnogler has 30 seconds left.\n|inactive|Pittsnogler has 20 seconds left.\n|inactive|Pittsnogler has 15 seconds left.\n|inactive|Pittsnogler has 10 seconds left.\n|inactive|Pittsnogler has 5 seconds left.\n|\n|t:|1682799213\n|move|p1a: Indeedee|Follow Me|p1a: Indeedee\n|-singleturn|p1a: Indeedee|move: Follow Me\n|move|p2b: Abomasnow|Blizzard|p1b: Armarouge|[spread] p1a,p1b\n|-resisted|p1b: Armarouge\n|-damage|p1a: Indeedee|37\/100\n|-damage|p1b: Armarouge|79\/100\n|move|p1b: Armarouge|Armor Cannon|p2b: Abomasnow\n|-supereffective|p2b: Abomasnow\n|-damage|p2b: Abomasnow|0 fnt\n|-unboost|p1b: Armarouge|def|1\n|-unboost|p1b: Armarouge|spd|1\n|faint|p2b: Abomasnow\n|-damage|p1b: Armarouge|69\/100|[from] item: Life Orb\n|move|p2a: Oranguru|Trick Room|p2a: Oranguru\n|-fieldend|move: Trick Room\n|\n|upkeep\n|\n|t:|1682799228\n|switch|p2b: Amoonguss|Amoonguss, L50, F|100\/100\n|turn|10\n|\n|t:|1682799238\n|move|p1a: Indeedee|Helping Hand|p1b: Armarouge\n|-singleturn|p1b: Armarouge|Helping Hand|[of] p1a: Indeedee\n|move|p1b: Armarouge|Expanding Force|p2b: Amoonguss\n|-supereffective|p2b: Amoonguss\n|-damage|p2b: Amoonguss|0 fnt\n|faint|p2b: Amoonguss\n|-damage|p1b: Armarouge|60\/100|[from] item: Life Orb\n|move|p2a: Oranguru|Trick Room|p2a: Oranguru\n|-fieldstart|move: Trick Room|[of] p2a: Oranguru\n|\n|upkeep\n|turn|11\n|\n|t:|1682799256\n|move|p1a: Indeedee|Helping Hand|p1b: Armarouge\n|-singleturn|p1b: Armarouge|Helping Hand|[of] p1a: Indeedee\n|move|p2a: Oranguru|Foul Play|p1b: Armarouge\n|-supereffective|p1b: Armarouge\n|-damage|p1b: Armarouge|28\/100\n|move|p1b: Armarouge|Expanding Force|p2a: Oranguru\n|-resisted|p2a: Oranguru\n|-damage|p2a: Oranguru|5\/100\n|-damage|p1b: Armarouge|18\/100|[from] item: Life Orb\n|\n|upkeep\n|turn|12\n|\n|t:|1682799274\n|move|p1a: Indeedee|Follow Me|p1a: Indeedee\n|-singleturn|p1a: Indeedee|move: Follow Me\n|move|p2a: Oranguru|Foul Play|p1a: Indeedee\n|-supereffective|p1a: Indeedee\n|-damage|p1a: Indeedee|11\/100\n|move|p1b: Armarouge|Expanding Force|p2a: Oranguru\n|-resisted|p2a: Oranguru\n|-damage|p2a: Oranguru|0 fnt\n|faint|p2a: Oranguru\n|-damage|p1b: Armarouge|9\/100|[from] item: Life Orb\n|\n|win|Rexluser\n|raw|Rexluser's rating: 1073 → 1102<\/strong> (+29 for winning)\n|raw|Pittsnogler's rating: 1078 → 1056<\/strong> (-22 for losing)\n","uploadtime":1682799284,"views":13,"p1id":"rexluser","p2id":"pittsnogler","formatid":"gen9vgc2023regulationc","rating":1056,"private":0,"password":""}