{"id":"gen9vgc2023regulationc-1854995304","p1":"DinoMike130","p2":"xlesvly","format":"[Gen 9] VGC 2023 Regulation C","log":"|j|\u2606DinoMike130\n|j|\u2606xlesvly\n|t:|1682888981\n|gametype|doubles\n|player|p1|DinoMike130|veteran|1443\n|player|p2|xlesvly|iris|1371\n|teamsize|p1|6\n|teamsize|p2|6\n|gen|9\n|tier|[Gen 9] VGC 2023 Regulation C\n|rated|\n|rule|Species Clause: Limit one of each Pok\u00e9mon\n|rule|Item Clause: Limit one of each item\n|clearpoke\n|poke|p1|Torkoal, L50, F|\n|poke|p1|Flutter Mane, L50|\n|poke|p1|Orthworm, L50, F|\n|poke|p1|Murkrow, L50, M|\n|poke|p1|Garchomp, L50, M|\n|poke|p1|Iron Hands, L50|\n|poke|p2|Dondozo, L50, F|\n|poke|p2|Tatsugiri, L50, F|\n|poke|p2|Glimmora, L50, F|\n|poke|p2|Iron Bundle, L50|\n|poke|p2|Dragonite, L50, M|\n|poke|p2|Chi-Yu, L50|\n|teampreview|4\n|inactive|Battle timer is ON: inactive players will automatically lose when time's up. (requested by xlesvly)\n|\n|t:|1682889001\n|start\n|switch|p1a: Iron Hands|Iron Hands, L50|100\/100\n|switch|p1b: Flutter Mane|Flutter Mane, L50|100\/100\n|switch|p2a: Dondozo|Dondozo, L50, F|100\/100\n|switch|p2b: Glimmora|Glimmora, L50, F|100\/100\n|turn|1\n|inactive|xlesvly has 30 seconds left.\n|\n|t:|1682889027\n|move|p2a: Dondozo|Protect|p2a: Dondozo\n|-singleturn|p2a: Dondozo|Protect\n|move|p1b: Flutter Mane|Psyshock|p2b: Glimmora\n|-supereffective|p2b: Glimmora\n|-damage|p2b: Glimmora|0 fnt\n|faint|p2b: Glimmora\n|move|p1a: Iron Hands|Wild Charge|p2a: Dondozo\n|-activate|p2a: Dondozo|move: Protect\n|\n|upkeep\n|\n|t:|1682889038\n|switch|p2b: Dragonite|Dragonite, L50, M|100\/100\n|turn|2\n|inactive|DinoMike130 has 30 seconds left.\n|inactive|xlesvly has 30 seconds left.\n|\n|t:|1682889072\n|-terastallize|p2b: Dragonite|Flying\n|move|p1b: Flutter Mane|Psyshock|p2b: Dragonite\n|-damage|p2b: Dragonite|76\/100\n|move|p2b: Dragonite|Tera Blast|p1a: Iron Hands\n|-damage|p1a: Iron Hands|38\/100\n|move|p2a: Dondozo|Earthquake|p1a: Iron Hands|[spread] p1a,p1b\n|-immune|p2b: Dragonite\n|-supereffective|p1a: Iron Hands\n|-damage|p1a: Iron Hands|9\/100\n|-damage|p1b: Flutter Mane|61\/100\n|move|p1a: Iron Hands|Volt Switch|p2a: Dondozo\n|-supereffective|p2a: Dondozo\n|-damage|p2a: Dondozo|78\/100\n|\n|t:|1682889087\n|-end|p1a: Iron Hands|Quark Drive|[silent]\n|switch|p1a: Garchomp|Garchomp, L50, M|100\/100|[from] Volt Switch\n|\n|-heal|p2a: Dondozo|85\/100|[from] item: Leftovers\n|upkeep\n|turn|3\n|\n|t:|1682889108\n|move|p1a: Garchomp|Rock Slide|p2a: Dondozo|[spread] p2a,p2b\n|-supereffective|p2b: Dragonite\n|-damage|p2a: Dondozo|68\/100\n|-damage|p2b: Dragonite|26\/100\n|-damage|p1a: Garchomp|91\/100|[from] item: Life Orb\n|move|p1b: Flutter Mane|Psyshock|p2b: Dragonite\n|-damage|p2b: Dragonite|0 fnt\n|faint|p2b: Dragonite\n|move|p2a: Dondozo|Wave Crash|p1b: Flutter Mane\n|-damage|p1b: Flutter Mane|0 fnt\n|faint|p1b: Flutter Mane\n|-end|p1b: Flutter Mane|Protosynthesis|[silent]\n|-damage|p2a: Dondozo|54\/100|[from] Recoil\n|\n|-heal|p2a: Dondozo|60\/100|[from] item: Leftovers\n|upkeep\n|\n|t:|1682889122\n|switch|p1b: Iron Hands|Iron Hands, L50|9\/100\n|switch|p2b: Tatsugiri|Tatsugiri, L50, F|100\/100\n|-activate|p2b: Tatsugiri|ability: Commander|[of] p2a: Dondozo\n|-boost|p2a: Dondozo|atk|2\n|-boost|p2a: Dondozo|spa|2\n|-boost|p2a: Dondozo|spe|2\n|-boost|p2a: Dondozo|def|2\n|-boost|p2a: Dondozo|spd|2\n|turn|4\n|\n|t:|1682889146\n|move|p1b: Iron Hands|Fake Out|p2a: Dondozo\n|-damage|p2a: Dondozo|54\/100\n|move|p1a: Garchomp|Dragon Claw|p2a: Dondozo\n|-damage|p2a: Dondozo|34\/100\n|-damage|p1a: Garchomp|81\/100|[from] item: Life Orb\n|cant|p2a: Dondozo|flinch\n|\n|-heal|p2a: Dondozo|40\/100|[from] item: Leftovers\n|upkeep\n|turn|5\n|\n|t:|1682889158\n|move|p1a: Garchomp|Protect|p1a: Garchomp\n|-singleturn|p1a: Garchomp|Protect\n|move|p2a: Dondozo|Earthquake|p1a: Garchomp|[spread] p1b\n|-miss|p2a: Dondozo|p2b: Tatsugiri\n|-activate|p1a: Garchomp|move: Protect\n|-supereffective|p1b: Iron Hands\n|-damage|p1b: Iron Hands|0 fnt\n|faint|p1b: Iron Hands\n|-end|p1b: Iron Hands|Quark Drive|[silent]\n|\n|-heal|p2a: Dondozo|47\/100|[from] item: Leftovers\n|upkeep\n|\n|t:|1682889167\n|switch|p1b: Murkrow|Murkrow, L50, M|100\/100\n|turn|6\n|\n|t:|1682889187\n|move|p1b: Murkrow|Haze|p1b: Murkrow\n|-clearallboost\n|move|p1a: Garchomp|Dragon Claw|p2a: Dondozo\n|-damage|p2a: Dondozo|8\/100\n|-damage|p1a: Garchomp|71\/100|[from] item: Life Orb\n|move|p2a: Dondozo|Wave Crash|p1a: Garchomp\n|-damage|p1a: Garchomp|17\/100\n|-damage|p2a: Dondozo|0 fnt|[from] ability: Rough Skin|[of] p1a: Garchomp\n|faint|p2a: Dondozo\n|\n|upkeep\n|turn|7\n|\n|t:|1682889209\n|move|p1b: Murkrow|Quash|p2b: Tatsugiri\n|-activate|p2b: Tatsugiri|move: Quash\n|move|p1a: Garchomp|Dragon Claw|p2b: Tatsugiri\n|-supereffective|p2b: Tatsugiri\n|-damage|p2b: Tatsugiri|0 fnt\n|faint|p2b: Tatsugiri\n|-damage|p1a: Garchomp|7\/100|[from] item: Life Orb\n|\n|win|DinoMike130\n|raw|DinoMike130's rating: 1443 → 1459<\/strong> (+16 for winning)\n|raw|xlesvly's rating: 1371 → 1355<\/strong> (-16 for losing)\n|c|\u2606DinoMike130|gg\n","uploadtime":1682889220,"views":10,"p1id":"dinomike130","p2id":"xlesvly","formatid":"gen9vgc2023regulationc","rating":1355,"private":0,"password":""}