{"id":"gen9vgc2023regulationc-1859164004","p1":"Arcacagne","p2":"Hol H0rse","format":"[Gen 9] VGC 2023 Regulation C","log":"|j|\u2606Arcacagne\n|j|\u2606Hol H0rse\n|t:|1683412285\n|gametype|doubles\n|player|p1|Arcacagne|170|1344\n|player|p2|Hol H0rse|102|1326\n|teamsize|p1|6\n|teamsize|p2|6\n|gen|9\n|tier|[Gen 9] VGC 2023 Regulation C\n|rated|\n|rule|Species Clause: Limit one of each Pok\u00e9mon\n|rule|Item Clause: Limit one of each item\n|clearpoke\n|poke|p1|Abomasnow, L50, F|\n|poke|p1|Iron Bundle, L50|\n|poke|p1|Rotom-Heat, L50|\n|poke|p1|Amoonguss, L50, F|\n|poke|p1|Iron Hands, L50|\n|poke|p1|Ting-Lu, L50|\n|poke|p2|Baxcalibur, L50, M|\n|poke|p2|Sandy Shocks, L50|\n|poke|p2|Palafin, L50, F|\n|poke|p2|Amoonguss, L50, M|\n|poke|p2|Talonflame, L50, F|\n|poke|p2|Gholdengo, L50|\n|teampreview|4\n|inactive|Battle timer is ON: inactive players will automatically lose when time's up. (requested by Hol H0rse)\n|\n|t:|1683412318\n|start\n|switch|p1a: Abomasnow|Abomasnow, L50, F|100\/100\n|switch|p1b: Iron Hands|Iron Hands, L50|100\/100\n|switch|p2a: Palafin|Palafin, L50, F|100\/100\n|switch|p2b: Baxcalibur|Baxcalibur, L50, M|100\/100\n|-weather|Snow|[from] ability: Snow Warning|[of] p1a: Abomasnow\n|turn|1\n|\n|t:|1683412340\n|detailschange|p2a: Palafin|Palafin-Hero, L50, F\n|switch|p2a: Talonflame|Talonflame, L50, F|100\/100\n|move|p2b: Baxcalibur|Protect|p2b: Baxcalibur\n|-singleturn|p2b: Baxcalibur|Protect\n|move|p1b: Iron Hands|Fake Out|p2b: Baxcalibur\n|-activate|p2b: Baxcalibur|move: Protect\n|move|p1a: Abomasnow|Aurora Veil|p1a: Abomasnow\n|-sidestart|p1: Arcacagne|move: Aurora Veil\n|\n|-weather|Snow|[upkeep]\n|upkeep\n|turn|2\n|\n|t:|1683412362\n|-terastallize|p1a: Abomasnow|Water\n|move|p2a: Talonflame|Tailwind|p2a: Talonflame\n|-sidestart|p2: Hol H0rse|move: Tailwind\n|move|p2b: Baxcalibur|Glaive Rush|p1b: Iron Hands\n|-damage|p1b: Iron Hands|71\/100\n|-singlemove|p2b: Baxcalibur|Glaive Rush|[silent]\n|move|p1a: Abomasnow|Blizzard|p2b: Baxcalibur|[spread] p2a,p2b\n|-damage|p2a: Talonflame|51\/100\n|-damage|p2b: Baxcalibur|37\/100\n|move|p1b: Iron Hands|Volt Switch|p2a: Talonflame\n|-supereffective|p2a: Talonflame\n|-damage|p2a: Talonflame|12\/100\n|\n|t:|1683412374\n|-end|p1b: Iron Hands|Quark Drive|[silent]\n|switch|p1b: Iron Bundle|Iron Bundle, L50|100\/100|[from] Volt Switch\n|-enditem|p1b: Iron Bundle|Booster Energy\n|-activate|p1b: Iron Bundle|ability: Quark Drive|[fromitem]\n|-start|p1b: Iron Bundle|quarkdrivespe\n|\n|-weather|Snow|[upkeep]\n|upkeep\n|turn|3\n|\n|t:|1683412386\n|move|p2b: Baxcalibur|Protect|p2b: Baxcalibur\n|-singleturn|p2b: Baxcalibur|Protect\n|move|p2a: Talonflame|Taunt|p1b: Iron Bundle\n|-start|p1b: Iron Bundle|move: Taunt\n|move|p1b: Iron Bundle|Blizzard|p2a: Talonflame|[spread] p2a\n|-activate|p2b: Baxcalibur|move: Protect\n|-damage|p2a: Talonflame|0 fnt\n|faint|p2a: Talonflame\n|move|p1a: Abomasnow|Blizzard|p2b: Baxcalibur\n|-activate|p2b: Baxcalibur|move: Protect\n|\n|-weather|Snow|[upkeep]\n|upkeep\n|\n|t:|1683412400\n|switch|p2a: Sandy Shocks|Sandy Shocks, L50|100\/100\n|turn|4\n|\n|t:|1683412410\n|move|p2a: Sandy Shocks|Volt Switch|p1a: Abomasnow\n|-supereffective|p1a: Abomasnow\n|-damage|p1a: Abomasnow|54\/100\n|\n|t:|1683412413\n|-end|p2a: Sandy Shocks|Protosynthesis|[silent]\n|switch|p2a: Palafin|Palafin-Hero, L50, F|100\/100|[from] Volt Switch\n|-activate|p2a: Palafin|ability: Zero to Hero\n|move|p1b: Iron Bundle|Blizzard|p2b: Baxcalibur|[spread] p2a,p2b\n|-resisted|p2a: Palafin\n|-damage|p2a: Palafin|83\/100\n|-damage|p2b: Baxcalibur|5\/100\n|move|p2b: Baxcalibur|Glaive Rush|p1a: Abomasnow\n|-damage|p1a: Abomasnow|2\/100\n|-singlemove|p2b: Baxcalibur|Glaive Rush|[silent]\n|move|p1a: Abomasnow|Blizzard|p2b: Baxcalibur|[spread] p2a,p2b\n|-resisted|p2a: Palafin\n|-damage|p2a: Palafin|65\/100\n|-damage|p2b: Baxcalibur|0 fnt\n|faint|p2b: Baxcalibur\n|\n|-weather|Snow|[upkeep]\n|upkeep\n|\n|t:|1683412425\n|switch|p2b: Sandy Shocks|Sandy Shocks, L50|100\/100\n|turn|5\n|\n|t:|1683412455\n|switch|p1a: Iron Hands|Iron Hands, L50|71\/100\n|move|p2a: Palafin|Jet Punch|p1a: Iron Hands\n|-damage|p1a: Iron Hands|51\/100\n|move|p2b: Sandy Shocks|Thunderbolt|p1b: Iron Bundle\n|-supereffective|p1b: Iron Bundle\n|-damage|p1b: Iron Bundle|0 fnt\n|faint|p1b: Iron Bundle\n|-end|p1b: Iron Bundle|Quark Drive|[silent]\n|\n|-weather|none\n|-sideend|p2: Hol H0rse|move: Tailwind\n|upkeep\n|\n|t:|1683412466\n|switch|p1b: Amoonguss|Amoonguss, L50, F|100\/100\n|turn|6\n|\n|t:|1683412489\n|-end|p1a: Iron Hands|Quark Drive|[silent]\n|switch|p1a: Abomasnow|Abomasnow, L50, F, tera:Water|2\/100\n|-weather|Snow|[from] ability: Snow Warning|[of] p1a: Abomasnow\n|-terastallize|p2a: Palafin|Grass\n|move|p2b: Sandy Shocks|Protect|p2b: Sandy Shocks\n|-singleturn|p2b: Sandy Shocks|Protect\n|move|p2a: Palafin|Wave Crash|p1a: Abomasnow\n|-resisted|p1a: Abomasnow\n|-damage|p1a: Abomasnow|0 fnt\n|faint|p1a: Abomasnow\n|-damage|p2a: Palafin|64\/100|[from] Recoil\n|move|p1b: Amoonguss|Spore|p2b: Sandy Shocks\n|-activate|p2b: Sandy Shocks|move: Protect\n|\n|-weather|Snow|[upkeep]\n|upkeep\n|\n|t:|1683412504\n|switch|p1a: Iron Hands|Iron Hands, L50|51\/100\n|turn|7\n|\n|t:|1683412518\n|move|p1a: Iron Hands|Fake Out|p2a: Palafin\n|-damage|p2a: Palafin|51\/100\n|move|p2b: Sandy Shocks|Earth Power|p1a: Iron Hands\n|-supereffective|p1a: Iron Hands\n|-damage|p1a: Iron Hands|19\/100\n|cant|p2a: Palafin|flinch\n|move|p1b: Amoonguss|Spore|p2b: Sandy Shocks\n|-status|p2b: Sandy Shocks|slp|[from] move: Spore\n|\n|-weather|Snow|[upkeep]\n|upkeep\n|turn|8\n|inactive|Arcacagne has 30 seconds left.\n|\n|t:|1683412546\n|move|p2a: Palafin|Protect|p2a: Palafin\n|-singleturn|p2a: Palafin|Protect\n|cant|p2b: Sandy Shocks|slp\n|move|p1a: Iron Hands|Drain Punch|p2b: Sandy Shocks\n|-damage|p2b: Sandy Shocks|54\/100 slp\n|-heal|p1a: Iron Hands|33\/100|[from] drain|[of] p2b: Sandy Shocks\n|move|p1b: Amoonguss|Clear Smog|p2a: Palafin\n|-activate|p2a: Palafin|move: Protect\n|\n|-weather|Snow|[upkeep]\n|-sideend|p1: Arcacagne|move: Aurora Veil\n|upkeep\n|turn|9\n|\n|t:|1683412560\n|move|p1b: Amoonguss|Rage Powder|p1b: Amoonguss\n|-singleturn|p1b: Amoonguss|move: Rage Powder\n|cant|p2b: Sandy Shocks|slp\n|move|p2a: Palafin|Wave Crash|p1a: Iron Hands\n|-damage|p1a: Iron Hands|0 fnt\n|faint|p1a: Iron Hands\n|-end|p1a: Iron Hands|Quark Drive|[silent]\n|-damage|p2a: Palafin|37\/100|[from] Recoil\n|\n|-weather|Snow|[upkeep]\n|upkeep\n|turn|10\n|\n|t:|1683412570\n|cant|p2b: Sandy Shocks|slp\n|move|p2a: Palafin|Wave Crash|p1b: Amoonguss\n|-resisted|p1b: Amoonguss\n|-damage|p1b: Amoonguss|64\/100\n|-damage|p2a: Palafin|23\/100|[from] Recoil\n|move|p1b: Amoonguss|Clear Smog|p2a: Palafin\n|-supereffective|p2a: Palafin\n|-damage|p2a: Palafin|0 fnt\n|-clearboost|p2a: Palafin\n|faint|p2a: Palafin\n|\n|-weather|none\n|upkeep\n|turn|11\n|\n|t:|1683412586\n|-curestatus|p2b: Sandy Shocks|slp|[msg]\n|move|p2b: Sandy Shocks|Earth Power|p1b: Amoonguss\n|-damage|p1b: Amoonguss|29\/100\n|-enditem|p1b: Amoonguss|Sitrus Berry|[eat]\n|-heal|p1b: Amoonguss|53\/100|[from] item: Sitrus Berry\n|move|p1b: Amoonguss|Spore|p2b: Sandy Shocks\n|-status|p2b: Sandy Shocks|slp|[from] move: Spore\n|\n|upkeep\n|turn|12\n|\n|t:|1683412597\n|cant|p2b: Sandy Shocks|slp\n|move|p1b: Amoonguss|Clear Smog|p2b: Sandy Shocks\n|-resisted|p2b: Sandy Shocks\n|-damage|p2b: Sandy Shocks|43\/100 slp\n|-clearboost|p2b: Sandy Shocks\n|\n|upkeep\n|turn|13\n|\n|t:|1683412611\n|cant|p2b: Sandy Shocks|slp\n|move|p1b: Amoonguss|Clear Smog|p2b: Sandy Shocks\n|-resisted|p2b: Sandy Shocks\n|-damage|p2b: Sandy Shocks|33\/100 slp\n|-clearboost|p2b: Sandy Shocks\n|\n|upkeep\n|turn|14\n|\n|t:|1683412621\n|cant|p2b: Sandy Shocks|slp\n|move|p1b: Amoonguss|Spore|p2b: Sandy Shocks\n|-fail|p2b: Sandy Shocks|slp\n|\n|upkeep\n|turn|15\n|\n|t:|1683412627\n|-curestatus|p2b: Sandy Shocks|slp|[msg]\n|move|p2b: Sandy Shocks|Earth Power|p1b: Amoonguss\n|-damage|p1b: Amoonguss|13\/100\n|move|p1b: Amoonguss|Spore|p2b: Sandy Shocks\n|-status|p2b: Sandy Shocks|slp|[from] move: Spore\n|\n|upkeep\n|turn|16\n|\n|t:|1683412635\n|cant|p2b: Sandy Shocks|slp\n|move|p1b: Amoonguss|Clear Smog|p2b: Sandy Shocks\n|-resisted|p2b: Sandy Shocks\n|-damage|p2b: Sandy Shocks|23\/100 slp\n|-clearboost|p2b: Sandy Shocks\n|\n|upkeep\n|turn|17\n|\n|t:|1683412643\n|cant|p2b: Sandy Shocks|slp\n|move|p1b: Amoonguss|Clear Smog|p2b: Sandy Shocks\n|-resisted|p2b: Sandy Shocks\n|-damage|p2b: Sandy Shocks|14\/100 slp\n|-clearboost|p2b: Sandy Shocks\n|\n|upkeep\n|turn|18\n|\n|t:|1683412652\n|-curestatus|p2b: Sandy Shocks|slp|[msg]\n|move|p2b: Sandy Shocks|Earth Power|p1b: Amoonguss\n|-damage|p1b: Amoonguss|0 fnt\n|faint|p1b: Amoonguss\n|\n|win|Hol H0rse\n|raw|Arcacagne's rating: 1344 → 1323<\/strong> (-21 for losing)\n|raw|Hol H0rse's rating: 1326 → 1347<\/strong> (+21 for winning)\n|c|\u2606Hol H0rse|gg\n|c|\u2606Arcacagne|gg\n|l|\u2606Hol H0rse\n","uploadtime":1683412662,"views":7,"p1id":"arcacagne","p2id":"holh0rse","formatid":"gen9vgc2023regulationc","rating":1323,"private":0,"password":""}