{"id":"gen9vgc2023regulationc-1855292888","p1":"Frooda","p2":"whiteeen","format":"[Gen 9] VGC 2023 Regulation C","log":"|j|\u2606Frooda\n|j|\u2606whiteeen\n|t:|1682931462\n|gametype|doubles\n|player|p1|Frooda|cynthia|1293\n|player|p2|whiteeen|170|1212\n|teamsize|p1|6\n|teamsize|p2|6\n|gen|9\n|tier|[Gen 9] VGC 2023 Regulation C\n|rated|\n|rule|Species Clause: Limit one of each Pok\u00e9mon\n|rule|Item Clause: Limit one of each item\n|clearpoke\n|poke|p1|Torkoal, L50, F|\n|poke|p1|Annihilape, L50, M|\n|poke|p1|Indeedee-F, L50, F|\n|poke|p1|Palafin, L50, F|\n|poke|p1|Iron Hands, L50|\n|poke|p1|Armarouge, L50, M|\n|poke|p2|Pelipper, L50, F|\n|poke|p2|Palafin, L50, M|\n|poke|p2|Brute Bonnet, L50|\n|poke|p2|Scizor, L50, F|\n|poke|p2|Chien-Pao, L50|\n|poke|p2|Flutter Mane, L50|\n|teampreview|4\n|inactive|Battle timer is ON: inactive players will automatically lose when time's up. (requested by Frooda)\n|c|\u2606Frooda|glhf\n|inactive|Frooda has 60 seconds left.\n|inactive|whiteeen has 60 seconds left.\n|inactive|whiteeen has 30 seconds left.\n|\n|t:|1682931523\n|start\n|switch|p1a: Indeedee|Indeedee-F, L50, F, shiny|100\/100\n|switch|p1b: Annihilape|Annihilape, L50, M|100\/100\n|switch|p2a: Brute Bonnet|Brute Bonnet, L50|100\/100\n|switch|p2b: Palafin|Palafin, L50, M|100\/100\n|-fieldstart|move: Psychic Terrain|[from] ability: Psychic Surge|[of] p1a: Indeedee\n|turn|1\n|inactive|whiteeen has 30 seconds left.\n|inactive|whiteeen has 20 seconds left.\n|\n|t:|1682931560\n|move|p2b: Palafin|Protect|p2b: Palafin\n|-singleturn|p2b: Palafin|Protect\n|move|p1b: Annihilape|Final Gambit|p2b: Palafin\n|-activate|p2b: Palafin|move: Protect\n|move|p2a: Brute Bonnet|Bullet Seed|p1b: Annihilape\n|-damage|p1b: Annihilape|88\/100\n|-damage|p1b: Annihilape|72\/100\n|-damage|p1b: Annihilape|59\/100\n|-damage|p1b: Annihilape|43\/100\n|-damage|p1b: Annihilape|30\/100\n|-hitcount|p1b: Annihilape|5\n|move|p1a: Indeedee|Trick Room|p1a: Indeedee\n|-fieldstart|move: Trick Room|[of] p1a: Indeedee\n|\n|upkeep\n|turn|2\n|inactive|Frooda has 30 seconds left.\n|inactive|whiteeen has 30 seconds left.\n|inactive|whiteeen has 20 seconds left.\n|inactive|whiteeen has 15 seconds left.\n|\n|t:|1682931601\n|move|p2a: Brute Bonnet|Bullet Seed|p1b: Annihilape\n|-damage|p1b: Annihilape|17\/100\n|-damage|p1b: Annihilape|3\/100\n|-damage|p1b: Annihilape|0 fnt\n|faint|p1b: Annihilape\n|-hitcount|p1: Annihilape|3\n|move|p1a: Indeedee|Psychic|p2b: Palafin\n|-damage|p2b: Palafin|49\/100\n|move|p2b: Palafin|Wave Crash|p1a: Indeedee\n|-damage|p1a: Indeedee|28\/100\n|-damage|p2b: Palafin|27\/100|[from] Recoil\n|\n|upkeep\n|\n|t:|1682931613\n|switch|p1b: little fellow|Torkoal, L50, F|100\/100\n|-weather|SunnyDay|[from] ability: Drought|[of] p1b: little fellow\n|-activate|p2a: Brute Bonnet|ability: Protosynthesis\n|-start|p2a: Brute Bonnet|protosynthesisatk\n|turn|3\n|\n|t:|1682931632\n|-end|p2a: Brute Bonnet|Protosynthesis|[silent]\n|switch|p2a: Pelipper|Pelipper, L50, F|100\/100\n|-weather|RainDance|[from] ability: Drizzle|[of] p2a: Pelipper\n|-terastallize|p1b: little fellow|Fire\n|move|p1a: Indeedee|Helping Hand|p1b: little fellow\n|-singleturn|p1b: little fellow|Helping Hand|[of] p1a: Indeedee\n|move|p2b: Palafin|Protect|p2b: Palafin\n|-singleturn|p2b: Palafin|Protect\n|move|p1b: little fellow|Eruption|p2a: Pelipper|[spread] p2a\n|-activate|p2b: Palafin|move: Protect\n|-resisted|p2a: Pelipper\n|-damage|p2a: Pelipper|63\/100\n|\n|-weather|RainDance|[upkeep]\n|upkeep\n|turn|4\n|inactive|Frooda has 30 seconds left.\n|\n|t:|1682931657\n|switch|p1b: Iron Hands|Iron Hands, L50|100\/100\n|detailschange|p2b: Palafin|Palafin-Hero, L50, M\n|switch|p2b: Chien-Pao|Chien-Pao, L50|100\/100\n|-ability|p2b: Chien-Pao|Sword of Ruin\n|move|p2a: Pelipper|Wide Guard|p2a: Pelipper\n|-singleturn|p2a: Pelipper|Wide Guard\n|move|p1a: Indeedee|Psychic|p2b: Chien-Pao\n|-immune|p2b: Chien-Pao\n|\n|-weather|RainDance|[upkeep]\n|upkeep\n|turn|5\n|\n|t:|1682931680\n|move|p2b: Chien-Pao|Protect|p2b: Chien-Pao\n|-singleturn|p2b: Chien-Pao|Protect\n|move|p1b: Iron Hands|Drain Punch|p2b: Chien-Pao\n|-activate|p2b: Chien-Pao|move: Protect\n|move|p2a: Pelipper|Hurricane|p1a: Indeedee\n|-damage|p1a: Indeedee|0 fnt\n|faint|p1a: Indeedee\n|\n|-weather|RainDance|[upkeep]\n|-fieldend|move: Trick Room\n|-fieldend|move: Psychic Terrain\n|upkeep\n|\n|t:|1682931690\n|switch|p1a: little fellow|Torkoal, L50, F, tera:Fire|100\/100\n|-weather|SunnyDay|[from] ability: Drought|[of] p1a: little fellow\n|turn|6\n|inactive|whiteeen has 30 seconds left.\n|inactive|whiteeen has 20 seconds left.\n|inactive|whiteeen has 15 seconds left.\n|inactive|whiteeen has 10 seconds left.\n|inactive|whiteeen has 5 seconds left.\n|\n|t:|1682931741\n|switch|p2a: Brute Bonnet|Brute Bonnet, L50|100\/100\n|-activate|p2a: Brute Bonnet|ability: Protosynthesis\n|-start|p2a: Brute Bonnet|protosynthesisatk\n|-terastallize|p2b: Chien-Pao|Ghost\n|move|p2b: Chien-Pao|Sacred Sword|p1a: little fellow\n|-damage|p1a: little fellow|70\/100\n|move|p1b: Iron Hands|Wild Charge|p2a: Brute Bonnet\n|-resisted|p2a: Brute Bonnet\n|-damage|p2a: Brute Bonnet|68\/100\n|-damage|p1b: Iron Hands|94\/100|[from] Recoil\n|move|p1a: little fellow|Flamethrower|p2b: Chien-Pao\n|-enditem|p2b: Chien-Pao|Focus Sash\n|-damage|p2b: Chien-Pao|1\/100\n|\n|-weather|SunnyDay|[upkeep]\n|upkeep\n|turn|7\n|inactive|whiteeen has 30 seconds left.\n|\n|t:|1682931773\n|move|p2b: Chien-Pao|Protect|p2b: Chien-Pao\n|-singleturn|p2b: Chien-Pao|Protect\n|move|p2a: Brute Bonnet|Spore|p1a: little fellow\n|-status|p1a: little fellow|slp|[from] move: Spore\n|move|p1b: Iron Hands|Drain Punch|p2a: Brute Bonnet\n|-supereffective|p2a: Brute Bonnet\n|-damage|p2a: Brute Bonnet|0 fnt\n|-heal|p1b: Iron Hands|100\/100|[from] drain|[of] p2a: Brute Bonnet\n|faint|p2a: Brute Bonnet\n|-end|p2a: Brute Bonnet|Protosynthesis|[silent]\n|cant|p1a: little fellow|slp\n|\n|-weather|SunnyDay|[upkeep]\n|upkeep\n|\n|t:|1682931791\n|switch|p2a: Pelipper|Pelipper, L50, F|63\/100\n|-weather|RainDance|[from] ability: Drizzle|[of] p2a: Pelipper\n|turn|8\n|\n|t:|1682931807\n|move|p2b: Chien-Pao|Ice Spinner|p1b: Iron Hands\n|-damage|p1b: Iron Hands|61\/100\n|move|p2a: Pelipper|Hurricane|p1b: Iron Hands\n|-damage|p1b: Iron Hands|36\/100\n|move|p1b: Iron Hands|Wild Charge|p2a: Pelipper\n|-supereffective|p2a: Pelipper\n|-damage|p2a: Pelipper|0 fnt\n|faint|p2a: Pelipper\n|-damage|p1b: Iron Hands|26\/100|[from] Recoil\n|cant|p1a: little fellow|slp\n|\n|-weather|RainDance|[upkeep]\n|upkeep\n|\n|t:|1682931822\n|switch|p2a: Palafin|Palafin-Hero, L50, M|27\/100\n|-activate|p2a: Palafin|ability: Zero to Hero\n|turn|9\n|\n|t:|1682931831\n|move|p2a: Palafin|Jet Punch|p1a: little fellow\n|-supereffective|p1a: little fellow\n|-damage|p1a: little fellow|0 fnt\n|faint|p1a: little fellow\n|move|p2b: Chien-Pao|Sacred Sword|p1b: Iron Hands\n|-damage|p1b: Iron Hands|0 fnt\n|faint|p1b: Iron Hands\n|-end|p1b: Iron Hands|Quark Drive|[silent]\n|\n|win|whiteeen\n|raw|Frooda's rating: 1293 → 1262<\/strong> (-31 for losing)\n|raw|whiteeen's rating: 1212 → 1243<\/strong> (+31 for winning)\n|c|\u2606Frooda|gg7\n","uploadtime":1682931842,"views":20,"p1id":"frooda","p2id":"whiteeen","formatid":"gen9vgc2023regulationc","rating":1243,"private":0,"password":""}