{"id":"gen9vgc2023regulationc-1863928324","p1":"SparkyMark225","p2":"NealeMaker","format":"[Gen 9] VGC 2023 Regulation C","log":"|j|\u2606SparkyMark225\n|j|\u2606NealeMaker\n|t:|1684094359\n|gametype|doubles\n|player|p1|SparkyMark225|265|\n|player|p2|NealeMaker|unknown|\n|teamsize|p1|6\n|teamsize|p2|6\n|gen|9\n|tier|[Gen 9] VGC 2023 Regulation C\n|rule|Species Clause: Limit one of each Pok\u00e9mon\n|rule|Item Clause: Limit one of each item\n|clearpoke\n|poke|p1|Orthworm, L50, M|\n|poke|p1|Garchomp, L50, M|\n|poke|p1|Iron Bundle, L50|\n|poke|p1|Talonflame, L50, M|\n|poke|p1|Abomasnow, L50, F|\n|poke|p1|Chi-Yu, L50|\n|poke|p2|Azumarill, L50, M|\n|poke|p2|Flutter Mane, L50|\n|poke|p2|Chien-Pao, L50|\n|poke|p2|Dragonite, L50, M|\n|poke|p2|Kingambit, L50, M|\n|poke|p2|Volcarona, L50, M|\n|teampreview|4\n|c|\u2606SparkyMark225|G2\n|l|\u2606NealeMaker\n|player|p2|\n|j|\u2606NealeMaker\n|player|p2|NealeMaker|unknown\nNealeMaker has agreed to open team sheets.\n|j| SuperRishiSunak\n|j| NidoRich\n|j| DavidPartVGC\n|j| Arch11Heretic\n|\n|t:|1684095304\n|start\n|switch|p1a: Talonflame|Talonflame, L50, M|100\/100\n|switch|p1b: Iron Bundle|Iron Bundle, L50|100\/100\n|switch|p2a: Dragonite|Dragonite, L50, M|100\/100\n|switch|p2b: Chien-Pao|Chien-Pao, L50|100\/100\n|-ability|p2b: Chien-Pao|Sword of Ruin\n|-enditem|p1b: Iron Bundle|Booster Energy\n|-activate|p1b: Iron Bundle|ability: Quark Drive|[fromitem]\n|-start|p1b: Iron Bundle|quarkdrivespe\n|turn|1\n|j| Spelunker Xeno\n|\n|t:|1684095350\n|-terastallize|p2a: Dragonite|Normal\n|move|p1a: Talonflame|Tailwind|p1a: Talonflame\n|-sidestart|p1: SparkyMark225|move: Tailwind\n|move|p1b: Iron Bundle|Icy Wind|p2b: Chien-Pao|[spread] p2a,p2b\n|-resisted|p2b: Chien-Pao\n|-crit|p2b: Chien-Pao\n|-damage|p2a: Dragonite|82\/100\n|-damage|p2b: Chien-Pao|89\/100\n|-unboost|p2a: Dragonite|spe|1\n|-unboost|p2b: Chien-Pao|spe|1\n|move|p2b: Chien-Pao|Ice Spinner|p1a: Talonflame\n|-damage|p1a: Talonflame|28\/100\n|move|p2a: Dragonite|Outrage|p1b: Iron Bundle\n|-damage|p1b: Iron Bundle|0 fnt\n|faint|p1b: Iron Bundle\n|-end|p1b: Iron Bundle|Quark Drive|[silent]\n|\n|upkeep\n|\n|t:|1684095364\n|switch|p1b: Garchomp|Garchomp, L50, M|100\/100\n|turn|2\n|l| NidoRich\n|j| NidoRich\n|\n|t:|1684095383\n|-terastallize|p1b: Garchomp|Ground\n|move|p2b: Chien-Pao|Sucker Punch|p1a: Talonflame\n|-damage|p1a: Talonflame|0 fnt\n|faint|p1a: Talonflame\n|move|p1b: Garchomp|Earthquake|p2b: Chien-Pao|[spread] p2a,p2b\n|-damage|p2a: Dragonite|19\/100\n|-damage|p2b: Chien-Pao|26\/100\n|move|p2a: Dragonite|Outrage|p1b: Garchomp|[from]lockedmove\n|-damage|p1b: Garchomp|0 fnt\n|-damage|p2a: Dragonite|6\/100|[from] ability: Rough Skin|[of] p1b: Garchomp\n|faint|p1b: Garchomp\n|-start|p2a: Dragonite|confusion|[fatigue]\n|\n|upkeep\n|\n|t:|1684095394\n|switch|p1b: Orthworm|Orthworm, L50, M|100\/100\n|turn|3\n|\n|t:|1684095401\n|move|p1b: Orthworm|Iron Defense|p1b: Orthworm\n|-boost|p1b: Orthworm|def|2\n|move|p2b: Chien-Pao|Sacred Sword|p1b: Orthworm\n|-supereffective|p1b: Orthworm\n|-damage|p1b: Orthworm|54\/100\n|-activate|p2a: Dragonite|confusion\n|move|p2a: Dragonite|Outrage|p1b: Orthworm\n|-resisted|p1b: Orthworm\n|-damage|p1b: Orthworm|30\/100\n|\n|-heal|p1b: Orthworm|35\/100|[from] item: Leftovers\n|upkeep\n|turn|4\n|\n|t:|1684095414\n|move|p1b: Orthworm|Body Press|p2b: Chien-Pao\n|-supereffective|p2b: Chien-Pao\n|-damage|p2b: Chien-Pao|0 fnt\n|faint|p2b: Chien-Pao\n|-activate|p2a: Dragonite|confusion\n|-damage|p2a: Dragonite|0 fnt|[from] confusion\n|faint|p2a: Dragonite\n|\n|-heal|p1b: Orthworm|41\/100|[from] item: Leftovers\n|-sideend|p1: SparkyMark225|move: Tailwind\n|upkeep\n|l| NidoRich\n|\n|t:|1684095422\n|switch|p2b: Azumarill|Azumarill, L50, M, shiny|100\/100\n|switch|p2a: Volcarona|Volcarona, L50, M|100\/100\n|turn|5\n|\n|t:|1684095432\n|move|p2a: Volcarona|Overheat|p1b: Orthworm\n|-supereffective|p1b: Orthworm\n|-damage|p1b: Orthworm|0 fnt\n|-unboost|p2a: Volcarona|spa|2\n|faint|p1b: Orthworm\n|\n|win|NealeMaker\n|l| Spelunker Xeno\n|c|\u2606SparkyMark225|gg\n|c|\u2606NealeMaker|GG WP\n|l| DavidPartVGC\n|l| SuperRishiSunak\n|l| Arch11Heretic\n","uploadtime":1684095542,"views":9,"p1id":"sparkymark225","p2id":"nealemaker","formatid":"gen9vgc2023regulationc","rating":0,"private":0,"password":""}