{"id":"gen9vgc2023regulationc-1853451058","p1":"Gym Leader Power","p2":"Cyalia","format":"[Gen 9] VGC 2023 Regulation C","log":"|j|\u2606Gym Leader Power\n|j|\u2606Cyalia\n|t:|1682686521\n|gametype|doubles\n|player|p1|Gym Leader Power|169|1092\n|player|p2|Cyalia|guitarist|1193\n|teamsize|p1|6\n|teamsize|p2|6\n|gen|9\n|tier|[Gen 9] VGC 2023 Regulation C\n|rated|\n|rule|Species Clause: Limit one of each Pok\u00e9mon\n|rule|Item Clause: Limit one of each item\n|clearpoke\n|poke|p1|Palafin, L50, F|\n|poke|p1|Arcanine, L50, F|\n|poke|p1|Flutter Mane, L50|\n|poke|p1|Amoonguss, L50, F|\n|poke|p1|Chi-Yu, L50|\n|poke|p1|Iron Hands, L50|\n|poke|p2|Flutter Mane, L50|\n|poke|p2|Iron Bundle, L50|\n|poke|p2|Talonflame, L50, M|\n|poke|p2|Great Tusk, L50|\n|poke|p2|Kingambit, L50, M|\n|poke|p2|Chi-Yu, L50|\n|teampreview|4\nCyalia has agreed to open team sheets.\n|inactive|Battle timer is ON: inactive players will automatically lose when time's up. (requested by Gym Leader Power)\nGym Leader Power has agreed to open team sheets.\n|inactive|Cyalia has 60 seconds left.\n|inactive|Gym Leader Power has 60 seconds left.\n|\n|t:|1682686590\n|start\n|switch|p1a: Palafin|Palafin, L50, F|100\/100\n|switch|p1b: Flutter Mane|Flutter Mane, L50|100\/100\n|switch|p2a: Kingambit|Kingambit, L50, M|100\/100\n|switch|p2b: Iron Bundle|Iron Bundle, L50, shiny|100\/100\n|-enditem|p2b: Iron Bundle|Booster Energy\n|-activate|p2b: Iron Bundle|ability: Quark Drive|[fromitem]\n|-start|p2b: Iron Bundle|quarkdrivespe\n|turn|1\n|\n|t:|1682686609\n|detailschange|p1a: Palafin|Palafin-Hero, L50, F\n|switch|p1a: Chi-Yu|Chi-Yu, L50|100\/100\n|-ability|p1a: Chi-Yu|Beads of Ruin\n|move|p1b: Flutter Mane|Protect|p1b: Flutter Mane\n|-singleturn|p1b: Flutter Mane|Protect\n|move|p2b: Iron Bundle|Icy Wind|p1b: Flutter Mane|[spread] p1a\n|-activate|p1b: Flutter Mane|move: Protect\n|-resisted|p1a: Chi-Yu\n|-damage|p1a: Chi-Yu|89\/100\n|-unboost|p1a: Chi-Yu|spe|1\n|move|p2a: Kingambit|Assurance|p1b: Flutter Mane\n|-activate|p1b: Flutter Mane|move: Protect\n|\n|upkeep\n|turn|2\n|inactive|Gym Leader Power has 30 seconds left.\n|inactive|Cyalia has 30 seconds left.\n|inactive|Gym Leader Power has 20 seconds left.\n|\n|t:|1682686647\n|move|p2a: Kingambit|Sucker Punch|p1b: Flutter Mane\n|-damage|p1b: Flutter Mane|6\/100\n|move|p2b: Iron Bundle|Hydro Pump|p1a: Chi-Yu\n|-supereffective|p1a: Chi-Yu\n|-damage|p1a: Chi-Yu|0 fnt\n|faint|p1a: Chi-Yu\n|move|p1b: Flutter Mane|Dazzling Gleam|p2a: Kingambit|[spread] p2a,p2b\n|-damage|p2a: Kingambit|77\/100\n|-damage|p2b: Iron Bundle|37\/100\n|\n|upkeep\n|\n|t:|1682686654\n|switch|p1a: Palafin|Palafin-Hero, L50, F|100\/100\n|-activate|p1a: Palafin|ability: Zero to Hero\n|turn|3\n|\n|t:|1682686670\n|-terastallize|p1a: Palafin|Water\n|move|p1b: Flutter Mane|Protect|p1b: Flutter Mane\n|-singleturn|p1b: Flutter Mane|Protect\n|move|p1a: Palafin|Jet Punch|p2b: Iron Bundle\n|-resisted|p2b: Iron Bundle\n|-damage|p2b: Iron Bundle|0 fnt\n|faint|p2b: Iron Bundle\n|-end|p2b: Iron Bundle|Quark Drive|[silent]\n|move|p2a: Kingambit|Assurance|p1a: Palafin\n|-damage|p1a: Palafin|62\/100\n|\n|upkeep\n|\n|t:|1682686680\n|switch|p2b: Flutter Mane|Flutter Mane, L50, shiny|100\/100\n|turn|4\n|\n|t:|1682686699\n|-terastallize|p2b: Flutter Mane|Water\n|move|p1a: Palafin|Jet Punch|p2b: Flutter Mane\n|-resisted|p2b: Flutter Mane\n|-damage|p2b: Flutter Mane|36\/100\n|move|p1b: Flutter Mane|Shadow Ball|p2b: Flutter Mane\n|-damage|p2b: Flutter Mane|0 fnt\n|faint|p2b: Flutter Mane\n|-end|p2b: Flutter Mane|Protosynthesis|[silent]\n|move|p2a: Kingambit|Assurance|p1a: Palafin\n|-damage|p1a: Palafin|28\/100\n|\n|upkeep\n|\n|t:|1682686709\n|switch|p2b: Great Tusk|Great Tusk, L50, shiny|100\/100\n|turn|5\n|\n|t:|1682686716\n|move|p1a: Palafin|Jet Punch|p2b: Great Tusk\n|-supereffective|p2b: Great Tusk\n|-damage|p2b: Great Tusk|0 fnt\n|faint|p2b: Great Tusk\n|-end|p2b: Great Tusk|Protosynthesis|[silent]\n|move|p2a: Kingambit|Sucker Punch||[still]\n|-fail|p2a: Kingambit\n|move|p1b: Flutter Mane|Moonblast|p2a: Kingambit\n|-damage|p2a: Kingambit|43\/100\n|-unboost|p2a: Kingambit|spa|1\n|-ability|p2a: Kingambit|Defiant|boost\n|-boost|p2a: Kingambit|atk|2\n|\n|upkeep\n|turn|6\n|\n|t:|1682686731\n|switch|p1a: Amoonguss|Amoonguss, L50, F|100\/100\n|move|p1b: Flutter Mane|Protect|p1b: Flutter Mane\n|-singleturn|p1b: Flutter Mane|Protect\n|move|p2a: Kingambit|Low Kick|p1a: Amoonguss\n|-resisted|p1a: Amoonguss\n|-damage|p1a: Amoonguss|83\/100\n|\n|-heal|p1a: Amoonguss|89\/100|[from] item: Leftovers\n|upkeep\n|turn|7\n|-message|Cyalia forfeited.\n|\n|win|Gym Leader Power\n|raw|Gym Leader Power's rating: 1092 → 1126<\/strong> (+34 for winning)\n|raw|Cyalia's rating: 1193 → 1161<\/strong> (-32 for losing)\n|l|\u2606Cyalia\n","uploadtime":1682686749,"views":10,"p1id":"gymleaderpower","p2id":"cyalia","formatid":"gen9vgc2023regulationc","rating":1126,"private":0,"password":""}