{"id":"gen9vgc2023regulationc-1845565282","p1":"Yadicvgc","p2":"FarGas","format":"[Gen 9] VGC 2023 Regulation C","log":"|j|\u2606Yadicvgc\n|j|\u2606FarGas\n|t:|1681745485\n|gametype|doubles\n|player|p1|Yadicvgc|101|1237\n|player|p2|FarGas|1|1208\n|teamsize|p1|6\n|teamsize|p2|6\n|gen|9\n|tier|[Gen 9] VGC 2023 Regulation C\n|rated|\n|rule|Species Clause: Limit one of each Pok\u00e9mon\n|rule|Item Clause: Limit one of each item\n|clearpoke\n|poke|p1|Muk, L50, M|\n|poke|p1|Amoonguss, L50, F|\n|poke|p1|Farigiraf, L50, M|\n|poke|p1|Kingambit, L50, F|\n|poke|p1|Arcanine, L50, M|\n|poke|p1|Azumarill, L50, F|\n|poke|p2|Flutter Mane, L50|\n|poke|p2|Amoonguss, L50, M|\n|poke|p2|Arcanine, L50, M|\n|poke|p2|Palafin, L50, F|\n|poke|p2|Chien-Pao, L50|\n|poke|p2|Dragapult, L50, M|\n|teampreview|4\nFarGas has agreed to open team sheets.\n|inactive|Battle timer is ON: inactive players will automatically lose when time's up. (requested by FarGas)\n|inactive|Yadicvgc has 60 seconds left.\n|inactive|FarGas has 60 seconds left.\n|inactive|FarGas has 30 seconds left.\n|inactive|FarGas has 20 seconds left.\n|\n|t:|1681745576\n|start\n|switch|p1a: Amoonguss|Amoonguss, L50, F|100\/100\n|switch|p1b: Azumarill|Azumarill, L50, F|100\/100\n|switch|p2a: Amoonguss|Amoonguss, L50, M|100\/100\n|switch|p2b: Dragapult|Dragapult, L50, M|100\/100\n|turn|1\n|\n|t:|1681745596\n|move|p1a: Amoonguss|Protect|p1a: Amoonguss\n|-singleturn|p1a: Amoonguss|Protect\n|move|p2b: Dragapult|U-turn|p1a: Amoonguss\n|-activate|p1a: Amoonguss|move: Protect\n|move|p1b: Azumarill|Ice Spinner|p2a: Amoonguss\n|-supereffective|p2a: Amoonguss\n|-damage|p2a: Amoonguss|26\/100\n|-enditem|p2a: Amoonguss|Sitrus Berry|[eat]\n|-heal|p2a: Amoonguss|51\/100|[from] item: Sitrus Berry\n|move|p2a: Amoonguss|Spore|p1b: Azumarill\n|-status|p1b: Azumarill|slp|[from] move: Spore\n|\n|upkeep\n|turn|2\n|\n|t:|1681745615\n|switch|p1a: Arcanine|Arcanine, L50, M|100\/100\n|-ability|p1a: Arcanine|Intimidate|boost\n|-unboost|p2a: Amoonguss|atk|1\n|-fail|p2b: Dragapult|unboost|[from] ability: Clear Body|[of] p2b: Dragapult\n|switch|p2a: Arcanine|Arcanine, L50, M|100\/100\n|-ability|p2a: Arcanine|Intimidate|boost\n|-unboost|p1a: Arcanine|atk|1\n|-unboost|p1b: Azumarill|atk|1\n|move|p2b: Dragapult|U-turn|p1a: Arcanine\n|-resisted|p1a: Arcanine\n|-damage|p1a: Arcanine|82\/100\n|\n|t:|1681745626\n|switch|p2b: Palafin|Palafin, L50, F|100\/100|[from] U-turn\n|cant|p1b: Azumarill|slp\n|\n|upkeep\n|turn|3\n|\n|t:|1681745648\n|detailschange|p2b: Palafin|Palafin-Hero, L50, F\n|switch|p2b: Amoonguss|Amoonguss, L50, M|84\/100\n|move|p2a: Arcanine|Protect|p2a: Arcanine\n|-singleturn|p2a: Arcanine|Protect\n|move|p1a: Arcanine|Will-O-Wisp|p2b: Amoonguss\n|-status|p2b: Amoonguss|brn\n|-curestatus|p1b: Azumarill|slp|[msg]\n|move|p1b: Azumarill|Ice Spinner|p2b: Amoonguss\n|-supereffective|p2b: Amoonguss\n|-damage|p2b: Amoonguss|35\/100 brn\n|\n|-damage|p2b: Amoonguss|29\/100 brn|[from] brn\n|upkeep\n|turn|4\n|inactive|Yadicvgc has 30 seconds left.\n|\n|t:|1681745675\n|switch|p1b: Amoonguss|Amoonguss, L50, F|100\/100\n|move|p1a: Arcanine|Protect|p1a: Arcanine\n|-singleturn|p1a: Arcanine|Protect\n|move|p2b: Amoonguss|Protect|p2b: Amoonguss\n|-singleturn|p2b: Amoonguss|Protect\n|move|p2a: Arcanine|Will-O-Wisp|p1b: Amoonguss|[miss]\n|-miss|p2a: Arcanine|p1b: Amoonguss\n|\n|-damage|p2b: Amoonguss|23\/100 brn|[from] brn\n|upkeep\n|turn|5\n|inactive|Yadicvgc has 30 seconds left.\n|inactive|FarGas has 30 seconds left.\n|\n|t:|1681745700\n|switch|p2b: Palafin|Palafin-Hero, L50, F|100\/100\n|-activate|p2b: Palafin|ability: Zero to Hero\n|move|p1b: Amoonguss|Protect|p1b: Amoonguss\n|-singleturn|p1b: Amoonguss|Protect\n|move|p1a: Arcanine|Flare Blitz|p2b: Palafin\n|-resisted|p2b: Palafin\n|-damage|p2b: Palafin|84\/100\n|-damage|p1a: Arcanine|75\/100|[from] Recoil\n|move|p2a: Arcanine|Flare Blitz|p1b: Amoonguss\n|-activate|p1b: Amoonguss|move: Protect\n|\n|upkeep\n|turn|6\n|inactive|FarGas has 30 seconds left.\n|\n|t:|1681745734\n|move|p2b: Palafin|Protect|p2b: Palafin\n|-singleturn|p2b: Palafin|Protect\n|move|p1b: Amoonguss|Rage Powder|p1b: Amoonguss\n|-singleturn|p1b: Amoonguss|move: Rage Powder\n|move|p2a: Arcanine|Flare Blitz|p1b: Amoonguss\n|-supereffective|p1b: Amoonguss\n|-damage|p1b: Amoonguss|7\/100\n|-enditem|p1b: Amoonguss|Sitrus Berry|[eat]\n|-heal|p1b: Amoonguss|32\/100|[from] item: Sitrus Berry\n|-damage|p2a: Arcanine|65\/100|[from] Recoil\n|move|p1a: Arcanine|Will-O-Wisp|p2b: Palafin\n|-activate|p2b: Palafin|move: Protect\n|\n|upkeep\n|turn|7\n|\n|t:|1681745753\n|switch|p1a: Azumarill|Azumarill, L50, F|100\/100\n|-terastallize|p2b: Palafin|Water\n|move|p1b: Amoonguss|Protect|p1b: Amoonguss\n|-singleturn|p1b: Amoonguss|Protect\n|move|p2b: Palafin|Jet Punch|p1a: Azumarill\n|-resisted|p1a: Azumarill\n|-damage|p1a: Azumarill|69\/100\n|move|p2a: Arcanine|Flare Blitz|p1b: Amoonguss\n|-activate|p1b: Amoonguss|move: Protect\n|\n|upkeep\n|turn|8\n|inactive|Yadicvgc has 30 seconds left.\n|inactive|FarGas has 30 seconds left.\n|\n|t:|1681745781\n|switch|p2b: Amoonguss|Amoonguss, L50, M|56\/100 brn\n|-terastallize|p1b: Amoonguss|Water\n|move|p2a: Arcanine|Protect|p2a: Arcanine\n|-singleturn|p2a: Arcanine|Protect\n|move|p1a: Azumarill|Aqua Jet|p2a: Arcanine\n|-activate|p2a: Arcanine|move: Protect\n|move|p1b: Amoonguss|Spore|p2b: Amoonguss\n|-immune|p2b: Amoonguss\n|\n|-damage|p2b: Amoonguss|50\/100 brn|[from] brn\n|upkeep\n|turn|9\n|\n|t:|1681745801\n|switch|p1a: Arcanine|Arcanine, L50, M|75\/100\n|-ability|p1a: Arcanine|Intimidate|boost\n|-unboost|p2a: Arcanine|atk|1\n|-unboost|p2b: Amoonguss|atk|1\n|move|p1b: Amoonguss|Protect|p1b: Amoonguss\n|-singleturn|p1b: Amoonguss|Protect\n|move|p2a: Arcanine|Will-O-Wisp|p1a: Arcanine\n|-immune|p1a: Arcanine\n|move|p2b: Amoonguss|Spore|p1b: Amoonguss\n|-activate|p1b: Amoonguss|move: Protect\n|\n|-damage|p2b: Amoonguss|45\/100 brn|[from] brn\n|upkeep\n|turn|10\n|inactive|Yadicvgc has 30 seconds left.\n|inactive|FarGas has 30 seconds left.\n|inactive|FarGas has 20 seconds left.\n|\n|t:|1681745839\n|switch|p1b: Azumarill|Azumarill, L50, F|69\/100\n|move|p2a: Arcanine|Flare Blitz|p1a: Arcanine\n|-resisted|p1a: Arcanine\n|-damage|p1a: Arcanine|55\/100\n|-damage|p2a: Arcanine|59\/100|[from] Recoil\n|move|p1a: Arcanine|Will-O-Wisp|p2b: Amoonguss\n|-fail|p2b: Amoonguss|brn\n|move|p2b: Amoonguss|Spore|p1b: Azumarill\n|-status|p1b: Azumarill|slp|[from] move: Spore\n|\n|-damage|p2b: Amoonguss|39\/100 brn|[from] brn\n|upkeep\n|turn|11\n|\n|t:|1681745862\n|switch|p2a: Palafin|Palafin-Hero, L50, F, tera:Water|84\/100\n|move|p2b: Amoonguss|Protect|p2b: Amoonguss\n|-singleturn|p2b: Amoonguss|Protect\n|cant|p1b: Azumarill|slp\n|move|p1a: Arcanine|Flare Blitz|p2b: Amoonguss\n|-activate|p2b: Amoonguss|move: Protect\n|\n|-damage|p2b: Amoonguss|33\/100 brn|[from] brn\n|upkeep\n|turn|12\n|\n|t:|1681745877\n|switch|p1b: Amoonguss|Amoonguss, L50, F, tera:Water|65\/100\n|switch|p2b: Arcanine|Arcanine, L50, M|59\/100\n|-ability|p2b: Arcanine|Intimidate|boost\n|-unboost|p1a: Arcanine|atk|1\n|-unboost|p1b: Amoonguss|atk|1\n|move|p1a: Arcanine|Protect|p1a: Arcanine\n|-singleturn|p1a: Arcanine|Protect\n|move|p2a: Palafin|Wave Crash|p1a: Arcanine\n|-activate|p1a: Arcanine|move: Protect\n|\n|upkeep\n|turn|13\n|inactive|FarGas has 30 seconds left.\n|inactive|FarGas has 20 seconds left.\n|\n|t:|1681745912\n|switch|p2b: Amoonguss|Amoonguss, L50, M|66\/100 brn\n|move|p2a: Palafin|Protect|p2a: Palafin\n|-singleturn|p2a: Palafin|Protect\n|move|p1b: Amoonguss|Rage Powder|p1b: Amoonguss\n|-singleturn|p1b: Amoonguss|move: Rage Powder\n|move|p1a: Arcanine|Will-O-Wisp|p2a: Palafin\n|-activate|p2a: Palafin|move: Protect\n|\n|-damage|p2b: Amoonguss|60\/100 brn|[from] brn\n|upkeep\n|turn|14\n|\n|t:|1681745932\n|switch|p1a: Azumarill|Azumarill, L50, F|69\/100 slp\n|switch|p2a: Arcanine|Arcanine, L50, M|59\/100\n|-ability|p2a: Arcanine|Intimidate|boost\n|-unboost|p1a: Azumarill|atk|1\n|-unboost|p1b: Amoonguss|atk|1\n|move|p2b: Amoonguss|Spore|p1b: Amoonguss\n|-status|p1b: Amoonguss|slp|[from] move: Spore\n|cant|p1b: Amoonguss|slp\n|\n|-damage|p2b: Amoonguss|54\/100 brn|[from] brn\n|upkeep\n|turn|15\n|\n|t:|1681745953\n|switch|p2b: Palafin|Palafin-Hero, L50, F, tera:Water|84\/100\n|cant|p1b: Amoonguss|slp\n|move|p2a: Arcanine|Flare Blitz|p1b: Amoonguss\n|-resisted|p1b: Amoonguss\n|-crit|p1b: Amoonguss\n|-damage|p1b: Amoonguss|31\/100 slp\n|-damage|p2a: Arcanine|46\/100|[from] Recoil\n|cant|p1a: Azumarill|slp\n|\n|upkeep\n|turn|16\n|\n|t:|1681745969\n|cant|p1b: Amoonguss|slp\n|move|p2a: Arcanine|Flare Blitz|p1b: Amoonguss\n|-resisted|p1b: Amoonguss\n|-damage|p1b: Amoonguss|10\/100 slp\n|-damage|p2a: Arcanine|38\/100|[from] Recoil\n|move|p2b: Palafin|Wave Crash|p1b: Amoonguss\n|-resisted|p1b: Amoonguss\n|-damage|p1b: Amoonguss|0 fnt\n|faint|p1b: Amoonguss\n|-damage|p2b: Palafin|80\/100|[from] Recoil\n|-curestatus|p1a: Azumarill|slp|[msg]\n|move|p1a: Azumarill|Play Rough|p2b: Palafin\n|-damage|p2b: Palafin|30\/100\n|\n|upkeep\n|\n|t:|1681745986\n|switch|p1b: Arcanine|Arcanine, L50, M|55\/100\n|-ability|p1b: Arcanine|Intimidate|boost\n|-unboost|p2a: Arcanine|atk|1\n|-unboost|p2b: Palafin|atk|1\n|turn|17\n|\n|t:|1681745999\n|move|p1b: Arcanine|Protect|p1b: Arcanine\n|-singleturn|p1b: Arcanine|Protect\n|move|p2b: Palafin|Protect|p2b: Palafin\n|-singleturn|p2b: Palafin|Protect\n|move|p2a: Arcanine|Will-O-Wisp|p1a: Azumarill\n|-status|p1a: Azumarill|brn\n|move|p1a: Azumarill|Play Rough|p2b: Palafin\n|-activate|p2b: Palafin|move: Protect\n|\n|-damage|p1a: Azumarill|63\/100 brn|[from] brn\n|upkeep\n|turn|18\n|\n|t:|1681746017\n|switch|p2b: Amoonguss|Amoonguss, L50, M|87\/100 brn\n|switch|p1a: Muk|Muk, L50, M|100\/100\n|move|p1b: Arcanine|Extreme Speed|p2b: Amoonguss\n|-damage|p2b: Amoonguss|67\/100 brn\n|move|p2a: Arcanine|Flare Blitz|p1b: Arcanine\n|-resisted|p1b: Arcanine\n|-damage|p1b: Arcanine|38\/100\n|-damage|p2a: Arcanine|32\/100|[from] Recoil\n|\n|-damage|p2b: Amoonguss|61\/100 brn|[from] brn\n|upkeep\n|turn|19\n|\n|t:|1681746039\n|move|p2a: Arcanine|Protect|p2a: Arcanine\n|-singleturn|p2a: Arcanine|Protect\n|move|p1a: Muk|Protect|p1a: Muk\n|-singleturn|p1a: Muk|Protect\n|move|p1b: Arcanine|Flare Blitz|p2b: Amoonguss\n|-supereffective|p2b: Amoonguss\n|-damage|p2b: Amoonguss|0 fnt\n|faint|p2b: Amoonguss\n|-damage|p1b: Arcanine|15\/100|[from] Recoil\n|\n|upkeep\n|\n|t:|1681746051\n|switch|p2b: Palafin|Palafin-Hero, L50, F, tera:Water|30\/100\n|turn|20\n|\n|t:|1681746067\n|switch|p1b: Azumarill|Azumarill, L50, F|63\/100 brn\n|move|p2b: Palafin|Protect|p2b: Palafin\n|-singleturn|p2b: Palafin|Protect\n|move|p2a: Arcanine|Extreme Speed|p1b: Azumarill\n|-damage|p1b: Azumarill|46\/100 brn\n|move|p1a: Muk|Poison Jab|p2a: Arcanine\n|-damage|p2a: Arcanine|1\/100\n|\n|-damage|p1b: Azumarill|41\/100 brn|[from] brn\n|upkeep\n|turn|21\n|inactive|Yadicvgc has 30 seconds left.\n|inactive|FarGas has 30 seconds left.\n|inactive|Yadicvgc has 20 seconds left.\n|inactive|Yadicvgc has 15 seconds left.\n|\n|t:|1681746103\n|switch|p1b: Arcanine|Arcanine, L50, M|15\/100\n|-ability|p1b: Arcanine|Intimidate|boost\n|-unboost|p2a: Arcanine|atk|1\n|-unboost|p2b: Palafin|atk|1\n|move|p2a: Arcanine|Flare Blitz|p1a: Muk\n|-damage|p1a: Muk|78\/100\n|-damage|p2a: Arcanine|0 fnt|[from] Recoil\n|faint|p2a: Arcanine\n|move|p2b: Palafin|Wave Crash|p1a: Muk\n|-damage|p1a: Muk|7\/100\n|-damage|p2b: Palafin|6\/100|[from] Recoil\n|move|p1a: Muk|Poison Jab|p2b: Palafin\n|-damage|p2b: Palafin|0 fnt\n|faint|p2b: Palafin\n|\n|-heal|p1a: Muk|13\/100|[from] item: Black Sludge\n|upkeep\n|inactive|Yadicvgc has 15 seconds left this turn.\n|inactive|FarGas has 30 seconds left this turn.\n|inactive|FarGas has 20 seconds left.\n|inactive|FarGas has 15 seconds left.\n|\n|t:|1681746120\n|switch|p2a: Dragapult|Dragapult, L50, M|100\/100\n|turn|22\n|inactive|Yadicvgc has 15 seconds left this turn.\n|inactive|FarGas has 15 seconds left this turn.\n|inactive|Yadicvgc has 10 seconds left.\n|inactive|FarGas has 10 seconds left.\n|inactive|FarGas has 5 seconds left.\n|inactive|Yadicvgc has 5 seconds left.\n|-message|FarGas lost due to inactivity.\n|\n|win|Yadicvgc\n|raw|Yadicvgc's rating: 1237 → 1260<\/strong> (+23 for winning)\n|raw|FarGas's rating: 1208 → 1185<\/strong> (-23 for losing)\n","uploadtime":1681746158,"views":9,"p1id":"yadicvgc","p2id":"fargas","formatid":"gen9vgc2023regulationc","rating":1185,"private":0,"password":""}