{"id":"gen9vgc2023regulationc-1858508583","p1":"Frigobar8","p2":"taterstotz","format":"[Gen 9] VGC 2023 Regulation C","log":"|j|\u2606Frigobar8\n|j|\u2606taterstotz\n|t:|1683319460\n|gametype|doubles\n|player|p1|Frigobar8|101|1125\n|player|p2|taterstotz|2|1223\n|teamsize|p1|6\n|teamsize|p2|6\n|gen|9\n|tier|[Gen 9] VGC 2023 Regulation C\n|rated|\n|rule|Species Clause: Limit one of each Pok\u00e9mon\n|rule|Item Clause: Limit one of each item\n|clearpoke\n|poke|p1|Ceruledge, L50, M|\n|poke|p1|Gyarados, L50, M|\n|poke|p1|Amoonguss, L50, M|\n|poke|p1|Tinkaton, L50, F|\n|poke|p1|Flutter Mane, L50|\n|poke|p1|Glimmora, L50, M|\n|poke|p2|Grafaiai, L50, F|\n|poke|p2|Maushold, L50|\n|poke|p2|Annihilape, L50, F|\n|poke|p2|Ting-Lu, L50|\n|poke|p2|Chien-Pao, L50|\n|poke|p2|Gyarados, L50, F|\n|teampreview|4\ntaterstotz has agreed to open team sheets.\n|inactive|Battle timer is ON: inactive players will automatically lose when time's up. (requested by taterstotz)\nFrigobar8 has agreed to open team sheets.\n|inactive|Frigobar8 has 60 seconds left.\n|inactive|Frigobar8 has 30 seconds left.\n|inactive|Frigobar8 has 20 seconds left.\n|inactive|Frigobar8 has 15 seconds left.\n|inactive|Frigobar8 has 10 seconds left.\n|inactive|Frigobar8 has 5 seconds left.\n|\n|t:|1683319563\n|start\n|switch|p1a: Glimmora|Glimmora, L50, M|100\/100\n|switch|p1b: Ceruledge|Ceruledge, L50, M|100\/100\n|switch|p2a: Grafaiai|Grafaiai, L50, F|100\/100\n|switch|p2b: Annihilape|Annihilape, L50, F|100\/100\n|turn|1\n|inactive|Frigobar8 has 30 seconds left.\n|inactive|Frigobar8 has 20 seconds left.\n|inactive|Frigobar8 has 15 seconds left.\n|\n|t:|1683319604\n|switch|p1b: Amoonguss|Amoonguss, L50, M|100\/100\n|move|p2a: Grafaiai|Taunt|p1b: Amoonguss\n|-start|p1b: Amoonguss|move: Taunt\n|move|p1a: Glimmora|Earth Power|p2a: Grafaiai\n|-supereffective|p2a: Grafaiai\n|-damage|p2a: Grafaiai|41\/100\n|move|p2b: Annihilape|Bulk Up|p2b: Annihilape\n|-boost|p2b: Annihilape|atk|1\n|-boost|p2b: Annihilape|def|1\n|\n|upkeep\n|turn|2\n|inactive|Frigobar8 has 30 seconds left.\n|\n|t:|1683319637\n|switch|p1b: Ceruledge|Ceruledge, L50, M|100\/100\n|move|p2a: Grafaiai|Parting Shot|p1a: Glimmora\n|-unboost|p1a: Glimmora|atk|1\n|-unboost|p1a: Glimmora|spa|1\n|\n|t:|1683319646\n|switch|p2a: Maushold|Maushold, L50|100\/100|[from] Parting Shot\n|move|p1a: Glimmora|Earth Power|p2a: Maushold\n|-damage|p2a: Maushold|75\/100\n|move|p2b: Annihilape|Bulk Up|p2b: Annihilape\n|-boost|p2b: Annihilape|atk|1\n|-boost|p2b: Annihilape|def|1\n|\n|upkeep\n|turn|3\n|\n|t:|1683319659\n|switch|p1a: Amoonguss|Amoonguss, L50, M|100\/100\n|move|p2a: Maushold|Beat Up|p2b: Annihilape\n|-damage|p2b: Annihilape|99\/100\n|-damage|p2b: Annihilape|98\/100\n|-damage|p2b: Annihilape|97\/100\n|-damage|p2b: Annihilape|96\/100\n|-hitcount|p2b: Annihilape|4\n|move|p2b: Annihilape|Rage Fist|p1b: Ceruledge\n|-supereffective|p1b: Ceruledge\n|-crit|p1b: Ceruledge\n|-damage|p1b: Ceruledge|0 fnt\n|faint|p1b: Ceruledge\n|\n|-heal|p2b: Annihilape|100\/100|[from] item: Leftovers\n|upkeep\n|\n|t:|1683319675\n|switch|p1b: Flutter Mane|Flutter Mane, L50|100\/100\n|turn|4\n|\n|t:|1683319690\n|-terastallize|p1b: Flutter Mane|Fairy\n|-terastallize|p2b: Annihilape|Fire\n|move|p2a: Maushold|Follow Me|p2a: Maushold\n|-singleturn|p2a: Maushold|move: Follow Me\n|move|p1a: Amoonguss|Rage Powder|p1a: Amoonguss\n|-singleturn|p1a: Amoonguss|move: Rage Powder\n|move|p1b: Flutter Mane|Dazzling Gleam|p2a: Maushold|[spread] p2a,p2b\n|-resisted|p2b: Annihilape\n|-damage|p2a: Maushold|6\/100\n|-damage|p2b: Annihilape|82\/100\n|move|p2b: Annihilape|Rage Fist|p1a: Amoonguss\n|-damage|p1a: Amoonguss|0 fnt\n|faint|p1a: Amoonguss\n|\n|-heal|p2b: Annihilape|88\/100|[from] item: Leftovers\n|upkeep\n|\n|t:|1683319707\n|switch|p1a: Glimmora|Glimmora, L50, M|100\/100\n|turn|5\n|inactive|taterstotz has 30 seconds left.\n|\n|t:|1683319739\n|move|p2a: Maushold|Protect|p2a: Maushold\n|-singleturn|p2a: Maushold|Protect\n|move|p1a: Glimmora|Power Gem|p2b: Annihilape\n|-supereffective|p2b: Annihilape\n|-damage|p2b: Annihilape|31\/100\n|move|p1b: Flutter Mane|Dazzling Gleam|p2b: Annihilape|[spread] p2b\n|-activate|p2a: Maushold|move: Protect\n|-resisted|p2b: Annihilape\n|-damage|p2b: Annihilape|14\/100\n|move|p2b: Annihilape|Rage Fist|p1a: Glimmora\n|-damage|p1a: Glimmora|0 fnt\n|-activate|p1a: Glimmora|ability: Toxic Debris\n|-sidestart|p2: taterstotz|move: Toxic Spikes\n|faint|p1a: Glimmora\n|\n|-heal|p2b: Annihilape|20\/100|[from] item: Leftovers\n|upkeep\n|turn|6\n|\n|t:|1683319758\n|move|p2b: Annihilape|Protect|p2b: Annihilape\n|-singleturn|p2b: Annihilape|Protect\n|move|p1b: Flutter Mane|Dazzling Gleam|p2b: Annihilape|[spread] p2a\n|-activate|p2b: Annihilape|move: Protect\n|-damage|p2a: Maushold|0 fnt\n|faint|p2a: Maushold\n|\n|-heal|p2b: Annihilape|26\/100|[from] item: Leftovers\n|upkeep\n|\n|t:|1683319766\n|switch|p2a: Grafaiai|Grafaiai, L50, F|41\/100\n|-sideend|p2: taterstotz|move: Toxic Spikes|[of] p2a: Grafaiai\n|turn|7\n|\n|t:|1683319771\n|move|p2a: Grafaiai|Parting Shot|p1b: Flutter Mane\n|-unboost|p1b: Flutter Mane|atk|1\n|-unboost|p1b: Flutter Mane|spa|1\n|\n|t:|1683319774\n|switch|p2a: Ting-Lu|Ting-Lu, L50|100\/100|[from] Parting Shot\n|-ability|p2a: Ting-Lu|Vessel of Ruin\n|move|p1b: Flutter Mane|Dazzling Gleam|p2b: Annihilape|[spread] p2a,p2b\n|-supereffective|p2a: Ting-Lu\n|-resisted|p2b: Annihilape\n|-damage|p2a: Ting-Lu|67\/100\n|-damage|p2b: Annihilape|12\/100\n|move|p2b: Annihilape|Rage Fist|p1b: Flutter Mane\n|-damage|p1b: Flutter Mane|0 fnt\n|faint|p1b: Flutter Mane\n|-end|p1b: Flutter Mane|Protosynthesis|[silent]\n|\n|win|taterstotz\n|raw|Frigobar8's rating: 1125 → 1107<\/strong> (-18 for losing)\n|raw|taterstotz's rating: 1223 → 1241<\/strong> (+18 for winning)\n|l|\u2606Frigobar8\n","uploadtime":1683319935,"views":9,"p1id":"frigobar8","p2id":"taterstotz","formatid":"gen9vgc2023regulationc","rating":1107,"private":0,"password":""}