{"id":"gen9vgc2023regulationc-1851596414","p1":"bayleyb123","p2":"CbuttyVGC","format":"[Gen 9] VGC 2023 Regulation C","log":"|j|\u2606bayleyb123\n|j|\u2606CbuttyVGC\n|t:|1682459422\n|gametype|doubles\n|player|p1|bayleyb123|brycen|1318\n|player|p2|CbuttyVGC|acetrainer-gen4dp|1322\n|teamsize|p1|6\n|teamsize|p2|6\n|gen|9\n|tier|[Gen 9] VGC 2023 Regulation C\n|rated|\n|rule|Species Clause: Limit one of each Pok\u00e9mon\n|rule|Item Clause: Limit one of each item\n|clearpoke\n|poke|p1|Bellibolt, L50, F|\n|poke|p1|Oranguru, L50, F|\n|poke|p1|Annihilape, L50, M|\n|poke|p1|Torkoal, L50, F|\n|poke|p1|Mudsdale, L50, F|\n|poke|p1|Brute Bonnet, L50|\n|poke|p2|Bellibolt, L50, M|\n|poke|p2|Wo-Chien, L50|\n|poke|p2|Glimmora, L50, M|\n|poke|p2|Flutter Mane, L50|\n|poke|p2|Dondozo, L50, M|\n|poke|p2|Tatsugiri-Stretchy, L50, M|\n|teampreview|4\n|inactive|Battle timer is ON: inactive players will automatically lose when time's up. (requested by CbuttyVGC)\nbayleyb123 has agreed to open team sheets.\n|\n|t:|1682459440\n|start\n|switch|p1a: Oranguru|Oranguru, L50, F, shiny|100\/100\n|switch|p1b: Annihilape|Annihilape, L50, M|100\/100\n|switch|p2a: Glimmora|Glimmora, L50, M|100\/100\n|switch|p2b: Wo-Chien|Wo-Chien, L50|100\/100\n|-ability|p2b: Wo-Chien|Tablets of Ruin\n|turn|1\n|\n|t:|1682459451\n|move|p2b: Wo-Chien|Protect|p2b: Wo-Chien\n|-singleturn|p2b: Wo-Chien|Protect\n|move|p1b: Annihilape|Final Gambit|p2b: Wo-Chien\n|-activate|p2b: Wo-Chien|move: Protect\n|move|p2a: Glimmora|Mortal Spin|p1b: Annihilape|[spread] p1a,p1b\n|-resisted|p1b: Annihilape\n|-damage|p1a: Oranguru|97\/100\n|-damage|p1b: Annihilape|99\/100\n|-status|p1a: Oranguru|psn\n|-status|p1b: Annihilape|psn\n|move|p1a: Oranguru|Trick Room|p1a: Oranguru\n|-fieldstart|move: Trick Room|[of] p1a: Oranguru\n|\n|-damage|p1a: Oranguru|85\/100 psn|[from] psn\n|-damage|p1b: Annihilape|87\/100 psn|[from] psn\n|upkeep\n|turn|2\n|\n|t:|1682459472\n|move|p1a: Oranguru|Foul Play|p2b: Wo-Chien\n|-resisted|p2b: Wo-Chien\n|-damage|p2b: Wo-Chien|96\/100\n|move|p2b: Wo-Chien|Pollen Puff|p1a: Oranguru\n|-supereffective|p1a: Oranguru\n|-damage|p1a: Oranguru|62\/100 psn\n|move|p2a: Glimmora|Power Gem|p1a: Oranguru\n|-damage|p1a: Oranguru|35\/100 psn\n|move|p1b: Annihilape|Final Gambit|p2a: Glimmora\n|-enditem|p2a: Glimmora|Focus Sash\n|-damage|p2a: Glimmora|1\/100\n|faint|p1b: Annihilape\n|\n|-damage|p1a: Oranguru|23\/100 psn|[from] psn\n|upkeep\n|\n|t:|1682459481\n|switch|p1b: Bellibolt|Bellibolt, L50, F, shiny|100\/100\n|turn|3\n|\n|t:|1682459489\n|move|p2a: Glimmora|Spiky Shield|p2a: Glimmora\n|-singleturn|p2a: Glimmora|move: Protect\n|move|p1a: Oranguru|Bulldoze|p2a: Glimmora|[spread] p1b,p2b\n|-activate|p2a: Glimmora|move: Protect\n|-supereffective|p1b: Bellibolt\n|-resisted|p2b: Wo-Chien\n|-damage|p1b: Bellibolt|92\/100\n|-damage|p2b: Wo-Chien|94\/100\n|-unboost|p1b: Bellibolt|spe|1\n|-unboost|p2b: Wo-Chien|spe|1\n|-start|p1b: Bellibolt|Charge|Bulldoze|[from] ability: Electromorphosis\n|-enditem|p1b: Bellibolt|Weakness Policy\n|-boost|p1b: Bellibolt|atk|2|[from] item: Weakness Policy\n|-boost|p1b: Bellibolt|spa|2|[from] item: Weakness Policy\n|move|p1b: Bellibolt|Discharge|p2a: Glimmora|[spread] p2b\n|-activate|p2a: Glimmora|move: Protect\n|-activate|p1a: Oranguru|ability: Telepathy\n|-resisted|p2b: Wo-Chien\n|-damage|p2b: Wo-Chien|66\/100\n|-end|p1b: Bellibolt|Charge|[silent]\n|move|p2b: Wo-Chien|Leech Seed|p1b: Bellibolt\n|-start|p1b: Bellibolt|move: Leech Seed\n|\n|-damage|p1b: Bellibolt|80\/100|[from] Leech Seed|[of] p2b: Wo-Chien\n|-heal|p2b: Wo-Chien|80\/100|[silent]\n|-damage|p1a: Oranguru|11\/100 psn|[from] psn\n|upkeep\n|turn|4\n|inactive|CbuttyVGC has 30 seconds left.\n|\n|t:|1682459517\n|move|p2b: Wo-Chien|Protect|p2b: Wo-Chien\n|-singleturn|p2b: Wo-Chien|Protect\n|move|p1b: Bellibolt|Hyper Voice|p2a: Glimmora|[spread] p2a\n|-activate|p2b: Wo-Chien|move: Protect\n|-resisted|p2a: Glimmora\n|-damage|p2a: Glimmora|0 fnt\n|faint|p2a: Glimmora\n|move|p1a: Oranguru|Instruct|p1b: Bellibolt\n|-singleturn|p1b: Bellibolt|move: Instruct|[of] p1a: Oranguru\n|move|p1b: Bellibolt|Hyper Voice|p2b: Wo-Chien\n|-activate|p2b: Wo-Chien|move: Protect\n|\n|-damage|p1b: Bellibolt|67\/100|[from] Leech Seed|[of] p2b: Wo-Chien\n|-heal|p2b: Wo-Chien|94\/100|[silent]\n|-damage|p1a: Oranguru|0 fnt|[from] psn\n|faint|p1a: Oranguru\n|upkeep\n|\n|t:|1682459521\n|switch|p1a: Brute Bonnet|Brute Bonnet, L50|100\/100\n|switch|p2a: Dondozo|Dondozo, L50, M|100\/100\n|turn|5\n|\n|t:|1682459538\n|move|p1a: Brute Bonnet|Protect|p1a: Brute Bonnet\n|-singleturn|p1a: Brute Bonnet|Protect\n|move|p2a: Dondozo|Protect|p2a: Dondozo\n|-singleturn|p2a: Dondozo|Protect\n|move|p1b: Bellibolt|Discharge|p2b: Wo-Chien|[spread] p2b\n|-activate|p1a: Brute Bonnet|move: Protect\n|-activate|p2a: Dondozo|move: Protect\n|-resisted|p2b: Wo-Chien\n|-damage|p2b: Wo-Chien|81\/100\n|move|p2b: Wo-Chien|Pollen Puff|p1a: Brute Bonnet\n|-activate|p1a: Brute Bonnet|move: Protect\n|\n|-damage|p1b: Bellibolt|55\/100|[from] Leech Seed|[of] p2b: Wo-Chien\n|-heal|p2b: Wo-Chien|95\/100|[silent]\n|-fieldend|move: Trick Room\n|upkeep\n|turn|6\n|\n|t:|1682459552\n|switch|p2b: Tatsugiri|Tatsugiri-Stretchy, L50, M|100\/100\n|-activate|p2b: Tatsugiri|ability: Commander|[of] p2a: Dondozo\n|-boost|p2a: Dondozo|atk|2\n|-boost|p2a: Dondozo|spa|2\n|-boost|p2a: Dondozo|spe|2\n|-boost|p2a: Dondozo|def|2\n|-boost|p2a: Dondozo|spd|2\n|-terastallize|p2a: Dondozo|Grass\n|-terastallize|p1a: Brute Bonnet|Grass\n|move|p2a: Dondozo|Earthquake|p1b: Bellibolt|[spread] p1a,p1b\n|-miss|p2a: Dondozo|p2b: Tatsugiri\n|-resisted|p1a: Brute Bonnet\n|-supereffective|p1b: Bellibolt\n|-damage|p1a: Brute Bonnet|82\/100\n|-damage|p1b: Bellibolt|0 fnt\n|faint|p1b: Bellibolt\n|move|p1a: Brute Bonnet|Bullet Seed|p2a: Dondozo\n|-resisted|p2a: Dondozo\n|-damage|p2a: Dondozo|97\/100\n|-resisted|p2a: Dondozo\n|-damage|p2a: Dondozo|94\/100\n|-resisted|p2a: Dondozo\n|-damage|p2a: Dondozo|91\/100\n|-resisted|p2a: Dondozo\n|-damage|p2a: Dondozo|88\/100\n|-resisted|p2a: Dondozo\n|-damage|p2a: Dondozo|85\/100\n|-hitcount|p2a: Dondozo|5\n|\n|-heal|p2a: Dondozo|91\/100|[from] item: Leftovers\n|upkeep\n|turn|7\n|-message|bayleyb123 forfeited.\n|\n|win|CbuttyVGC\n|raw|bayleyb123's rating: 1318 → 1298<\/strong> (-20 for losing)\n|raw|CbuttyVGC's rating: 1322 → 1342<\/strong> (+20 for winning)\n|l|\u2606bayleyb123\n","uploadtime":1682459574,"views":17,"p1id":"bayleyb123","p2id":"cbuttyvgc","formatid":"gen9vgc2023regulationc","rating":1298,"private":0,"password":""}