{"id":"gen9vgc2023regulationc-1853078617","p1":"Post GC2 testing","p2":"bsentinel","format":"[Gen 9] VGC 2023 Regulation C","log":"|j|\u2606Post GC2 testing\n|j|\u2606bsentinel\n|t:|1682632586\n|gametype|doubles\n|player|p1|Post GC2 testing|colress|1359\n|player|p2|bsentinel|101|1507\n|teamsize|p1|6\n|teamsize|p2|6\n|gen|9\n|tier|[Gen 9] VGC 2023 Regulation C\n|rated|\n|rule|Species Clause: Limit one of each Pok\u00e9mon\n|rule|Item Clause: Limit one of each item\n|clearpoke\n|poke|p1|Orthworm, L50, F|\n|poke|p1|Dragonite, L50, F|\n|poke|p1|Ting-Lu, L50|\n|poke|p1|Gyarados, L50, F|\n|poke|p1|Flutter Mane, L50|\n|poke|p1|Chien-Pao, L50|\n|poke|p2|Scream Tail, L50|\n|poke|p2|Gastrodon, L50, F|\n|poke|p2|Dragapult, L50, M|\n|poke|p2|Gyarados, L50, M|\n|poke|p2|Iron Hands, L50|\n|poke|p2|Ceruledge, L50, M|\n|teampreview|4\n|\n|t:|1682632616\n|start\n|switch|p1a: Ting-Lu|Ting-Lu, L50|100\/100\n|switch|p1b: Orthworm|Orthworm, L50, F|100\/100\n|switch|p2a: Gyarados|Gyarados, L50, M|100\/100\n|switch|p2b: Scream Tail|Scream Tail, L50|100\/100\n|-ability|p2a: Gyarados|Intimidate|boost\n|-unboost|p1a: Ting-Lu|atk|1\n|-unboost|p1b: Orthworm|atk|1\n|-ability|p1a: Ting-Lu|Vessel of Ruin\n|-enditem|p2b: Scream Tail|Booster Energy\n|-activate|p2b: Scream Tail|ability: Protosynthesis|[fromitem]\n|-start|p2b: Scream Tail|protosynthesisspe\n|turn|1\n|inactive|Battle timer is ON: inactive players will automatically lose when time's up. (requested by bsentinel)\n|\n|t:|1682632629\n|move|p2b: Scream Tail|Howl|p2b: Scream Tail|[spread] p2a,p2b\n|-boost|p2a: Gyarados|atk|1\n|-boost|p2b: Scream Tail|atk|1\n|move|p2a: Gyarados|Taunt|p1b: Orthworm\n|-start|p1b: Orthworm|move: Taunt\n|move|p1a: Ting-Lu|Earthquake|p2a: Gyarados|[spread] p2b\n|-immune|p1b: Orthworm|[from] ability: Earth Eater\n|-immune|p2a: Gyarados\n|-damage|p2b: Scream Tail|73\/100\n|move|p1b: Orthworm|Heavy Slam|p2b: Scream Tail\n|-supereffective|p2b: Scream Tail\n|-damage|p2b: Scream Tail|36\/100\n|\n|upkeep\n|turn|2\n|inactive|bsentinel has 30 seconds left.\n|\n|t:|1682632656\n|switch|p1a: Dragonite|Dragonite, L50, F|100\/100\n|move|p2b: Scream Tail|Howl|p2b: Scream Tail|[spread] p2a,p2b\n|-boost|p2a: Gyarados|atk|1\n|-boost|p2b: Scream Tail|atk|1\n|move|p2a: Gyarados|Waterfall|p1a: Dragonite\n|-resisted|p1a: Dragonite\n|-damage|p1a: Dragonite|76\/100\n|move|p1b: Orthworm|Heavy Slam|p2b: Scream Tail\n|-supereffective|p2b: Scream Tail\n|-damage|p2b: Scream Tail|0 fnt\n|faint|p2b: Scream Tail\n|-end|p2b: Scream Tail|Protosynthesis|[silent]\n|\n|upkeep\n|\n|t:|1682632662\n|switch|p2b: Dragapult|Dragapult, L50, M|100\/100\n|turn|3\n|\n|t:|1682632681\n|switch|p1b: Ting-Lu|Ting-Lu, L50|100\/100\n|-ability|p1b: Ting-Lu|Vessel of Ruin\n|-terastallize|p2b: Dragapult|Steel\n|-terastallize|p1a: Dragonite|Flying\n|move|p2b: Dragapult|Dragon Darts|p1a: Dragonite\n|-damage|p1a: Dragonite|43\/100\n|-anim|p2b: Dragapult|Dragon Darts|p1b: Ting-Lu\n|-damage|p1b: Ting-Lu|80\/100\n|-damage|p2b: Dragapult|91\/100|[from] item: Life Orb\n|move|p1a: Dragonite|Dragon Dance|p1a: Dragonite\n|-boost|p1a: Dragonite|atk|1\n|-boost|p1a: Dragonite|spe|1\n|move|p2a: Gyarados|Waterfall|p1b: Ting-Lu\n|-supereffective|p1b: Ting-Lu\n|-damage|p1b: Ting-Lu|0 fnt\n|faint|p1b: Ting-Lu\n|\n|upkeep\n|\n|t:|1682632695\n|switch|p1b: Orthworm|Orthworm, L50, F|100\/100\n|turn|4\n|\n|t:|1682632716\n|move|p1a: Dragonite|Earthquake|p2a: Gyarados|[spread] p2b\n|-immune|p1b: Orthworm|[from] ability: Earth Eater\n|-immune|p2a: Gyarados\n|-supereffective|p2b: Dragapult\n|-damage|p2b: Dragapult|0 fnt\n|faint|p2b: Dragapult\n|move|p2a: Gyarados|Waterfall|p1b: Orthworm\n|-damage|p1b: Orthworm|36\/100\n|-enditem|p1b: Orthworm|Sitrus Berry|[eat]\n|-heal|p1b: Orthworm|61\/100|[from] item: Sitrus Berry\n|cant|p1b: Orthworm|flinch\n|\n|upkeep\n|\n|t:|1682632723\n|switch|p2b: Iron Hands|Iron Hands, L50|100\/100\n|turn|5\n|\n|t:|1682632734\n|move|p2b: Iron Hands|Fake Out|p1a: Dragonite\n|-damage|p1a: Dragonite|24\/100\n|cant|p1a: Dragonite|flinch\n|move|p2a: Gyarados|Waterfall|p1b: Orthworm\n|-damage|p1b: Orthworm|0 fnt\n|faint|p1b: Orthworm\n|\n|upkeep\n|\n|t:|1682632741\n|switch|p1b: Flutter Mane|Flutter Mane, L50|100\/100\n|turn|6\n|\n|t:|1682632753\n|move|p1a: Dragonite|Tera Blast|p2a: Gyarados\n|-damage|p2a: Gyarados|17\/100\n|move|p1b: Flutter Mane|Dazzling Gleam|p2b: Iron Hands|[spread] p2a,p2b\n|-supereffective|p2b: Iron Hands\n|-damage|p2a: Gyarados|0 fnt\n|-damage|p2b: Iron Hands|46\/100\n|faint|p2a: Gyarados\n|move|p2b: Iron Hands|Wild Charge|p1a: Dragonite\n|-supereffective|p1a: Dragonite\n|-damage|p1a: Dragonite|0 fnt\n|faint|p1a: Dragonite\n|-damage|p2b: Iron Hands|42\/100|[from] Recoil\n|\n|upkeep\n|turn|7\n|-message|bsentinel forfeited.\n|\n|win|Post GC2 testing\n|raw|Post GC2 testing's rating: 1359 → 1387<\/strong> (+28 for winning)\n|raw|bsentinel's rating: 1507 → 1479<\/strong> (-28 for losing)\n|l|\u2606bsentinel\n","uploadtime":1682632768,"views":13,"p1id":"postgc2testing","p2id":"bsentinel","formatid":"gen9vgc2023regulationc","rating":1387,"private":0,"password":""}