{"id":"gen9vgc2023regulationc-1857711824","p1":"quinn4444","p2":"BizRizz","format":"[Gen 9] VGC 2023 Regulation C","log":"|j|\u2606quinn4444\n|j|\u2606BizRizz\n|t:|1683224725\n|gametype|doubles\n|player|p1|quinn4444|101|1222\n|player|p2|BizRizz|ghetsis-gen5bw|1309\n|teamsize|p1|6\n|teamsize|p2|6\n|gen|9\n|tier|[Gen 9] VGC 2023 Regulation C\n|rated|\n|rule|Species Clause: Limit one of each Pok\u00e9mon\n|rule|Item Clause: Limit one of each item\n|clearpoke\n|poke|p1|Amoonguss, L50, F|\n|poke|p1|Palafin, L50, F|\n|poke|p1|Arcanine, L50, F|\n|poke|p1|Flutter Mane, L50|\n|poke|p1|Chien-Pao, L50|\n|poke|p1|Dragapult, L50, M|\n|poke|p2|Tyranitar, L50, F|\n|poke|p2|Glimmora, L50, M|\n|poke|p2|Arcanine, L50, F|\n|poke|p2|Chien-Pao, L50|\n|poke|p2|Flutter Mane, L50|\n|poke|p2|Scizor, L50, F|\n|teampreview|4\n|n|\u2606quinn4444|quinn4444\n|\n|t:|1683224763\n|start\n|switch|p1a: Palafin|Palafin, L50, F|100\/100\n|switch|p1b: Amoonguss|Amoonguss, L50, F|100\/100\n|switch|p2a: Tyranitar|Tyranitar, L50, F, shiny|100\/100\n|switch|p2b: Glimmora|Glimmora, L50, M|100\/100\n|-weather|Sandstorm|[from] ability: Sand Stream|[of] p2a: Tyranitar\n|turn|1\n|\n|t:|1683224788\n|move|p1a: Palafin|Protect|p1a: Palafin\n|-singleturn|p1a: Palafin|Protect\n|move|p2b: Glimmora|Mortal Spin|p1a: Palafin|[spread] p1b\n|-activate|p1a: Palafin|move: Protect\n|-damage|p1b: Amoonguss|96\/100\n|move|p1b: Amoonguss|Spore|p2a: Tyranitar\n|-status|p2a: Tyranitar|slp|[from] move: Spore\n|cant|p2a: Tyranitar|slp\n|\n|-weather|Sandstorm|[upkeep]\n|-damage|p1a: Palafin|95\/100|[from] Sandstorm\n|-damage|p1b: Amoonguss|90\/100|[from] Sandstorm\n|upkeep\n|turn|2\n|\n|t:|1683224809\n|detailschange|p1a: Palafin|Palafin-Hero, L50, F\n|switch|p1a: Arcanine|Arcanine, L50, F|100\/100\n|-ability|p1a: Arcanine|Intimidate|boost\n|-unboost|p2a: Tyranitar|atk|1\n|-unboost|p2b: Glimmora|atk|1\n|move|p2b: Glimmora|Mortal Spin|p1b: Amoonguss|[spread] p1a,p1b\n|-damage|p1a: Arcanine|97\/100\n|-damage|p1b: Amoonguss|88\/100\n|-status|p1a: Arcanine|psn\n|-curestatus|p2a: Tyranitar|slp|[msg]\n|move|p2a: Tyranitar|Iron Defense|p2a: Tyranitar\n|-boost|p2a: Tyranitar|def|2\n|move|p1b: Amoonguss|Spore|p2b: Glimmora\n|-status|p2b: Glimmora|slp|[from] move: Spore\n|\n|-weather|Sandstorm|[upkeep]\n|-damage|p1b: Amoonguss|82\/100|[from] Sandstorm\n|-damage|p1a: Arcanine|85\/100 psn|[from] psn\n|upkeep\n|turn|3\n|\n|t:|1683224835\n|switch|p1b: Flutter Mane|Flutter Mane, L50|100\/100\n|-enditem|p1b: Flutter Mane|Booster Energy\n|-activate|p1b: Flutter Mane|ability: Protosynthesis|[fromitem]\n|-start|p1b: Flutter Mane|protosynthesisspa\n|move|p2a: Tyranitar|Protect|p2a: Tyranitar\n|-singleturn|p2a: Tyranitar|Protect\n|move|p1a: Arcanine|Will-O-Wisp|p2a: Tyranitar\n|-activate|p2a: Tyranitar|move: Protect\n|cant|p2b: Glimmora|slp\n|\n|-weather|Sandstorm|[upkeep]\n|-damage|p1b: Flutter Mane|94\/100|[from] Sandstorm\n|-damage|p1a: Arcanine|73\/100 psn|[from] psn\n|upkeep\n|turn|4\n|\n|t:|1683224858\n|switch|p2a: Arcanine|Arcanine, L50, F|100\/100\n|-ability|p2a: Arcanine|Intimidate|boost\n|-unboost|p1a: Arcanine|atk|1\n|-unboost|p1b: Flutter Mane|atk|1\n|move|p1b: Flutter Mane|Shadow Ball|p2b: Glimmora\n|-damage|p2b: Glimmora|75\/100 slp\n|-unboost|p2b: Glimmora|spd|1\n|move|p1a: Arcanine|Will-O-Wisp|p2a: Arcanine\n|-immune|p2a: Arcanine\n|cant|p2b: Glimmora|slp\n|\n|-weather|Sandstorm|[upkeep]\n|-damage|p1b: Flutter Mane|88\/100|[from] Sandstorm\n|-damage|p1a: Arcanine|60\/100 psn|[from] psn\n|upkeep\n|turn|5\n|\n|t:|1683224878\n|switch|p1a: Palafin|Palafin-Hero, L50, F|95\/100\n|-activate|p1a: Palafin|ability: Zero to Hero\n|move|p1b: Flutter Mane|Protect|p1b: Flutter Mane\n|-singleturn|p1b: Flutter Mane|Protect\n|move|p2a: Arcanine|Protect|p2a: Arcanine\n|-singleturn|p2a: Arcanine|Protect\n|cant|p2b: Glimmora|slp\n|\n|-weather|none\n|upkeep\n|turn|6\n|\n|t:|1683224901\n|switch|p2a: Tyranitar|Tyranitar, L50, F, shiny|100\/100\n|-weather|Sandstorm|[from] ability: Sand Stream|[of] p2a: Tyranitar\n|-terastallize|p1a: Palafin|Water\n|-terastallize|p2b: Glimmora|Grass\n|move|p1a: Palafin|Jet Punch|p2a: Tyranitar\n|-supereffective|p2a: Tyranitar\n|-damage|p2a: Tyranitar|0 fnt\n|faint|p2a: Tyranitar\n|move|p1b: Flutter Mane|Shadow Ball|p2b: Glimmora\n|-damage|p2b: Glimmora|22\/100 slp\n|-curestatus|p2b: Glimmora|slp|[msg]\n|move|p2b: Glimmora|Mortal Spin|p1a: Palafin|[spread] p1a,p1b\n|-damage|p1a: Palafin|93\/100\n|-damage|p1b: Flutter Mane|84\/100\n|-status|p1a: Palafin|psn\n|-status|p1b: Flutter Mane|psn\n|\n|-weather|Sandstorm|[upkeep]\n|-damage|p1b: Flutter Mane|78\/100 psn|[from] Sandstorm\n|-damage|p1a: Palafin|87\/100 psn|[from] Sandstorm\n|-damage|p2b: Glimmora|16\/100|[from] Sandstorm\n|-damage|p1b: Flutter Mane|65\/100 psn|[from] psn\n|-damage|p1a: Palafin|75\/100 psn|[from] psn\n|upkeep\n|\n|t:|1683224932\n|switch|p2a: Flutter Mane|Flutter Mane, L50|100\/100\n|-enditem|p2a: Flutter Mane|Booster Energy\n|-activate|p2a: Flutter Mane|ability: Protosynthesis|[fromitem]\n|-start|p2a: Flutter Mane|protosynthesisspa\n|turn|7\n|\n|t:|1683224964\n|move|p1a: Palafin|Jet Punch|p2a: Flutter Mane\n|-damage|p2a: Flutter Mane|0 fnt\n|faint|p2a: Flutter Mane\n|-end|p2a: Flutter Mane|Protosynthesis|[silent]\n|move|p1b: Flutter Mane|Shadow Ball|p2b: Glimmora\n|-damage|p2b: Glimmora|0 fnt\n|faint|p2b: Glimmora\n|\n|-weather|Sandstorm|[upkeep]\n|-damage|p1b: Flutter Mane|59\/100 psn|[from] Sandstorm\n|-damage|p1a: Palafin|69\/100 psn|[from] Sandstorm\n|-damage|p1b: Flutter Mane|47\/100 psn|[from] psn\n|-damage|p1a: Palafin|56\/100 psn|[from] psn\n|upkeep\n|-message|BizRizz forfeited.\n|\n|win|quinn4444\n|raw|quinn4444's rating: 1222 → 1253<\/strong> (+31 for winning)\n|raw|BizRizz's rating: 1309 → 1284<\/strong> (-25 for losing)\n|l|\u2606BizRizz\n","uploadtime":1683224979,"views":14,"p1id":"quinn4444","p2id":"bizrizz","formatid":"gen9vgc2023regulationc","rating":1253,"private":0,"password":""}