{"id":"gen9vgc2023regulationc-1854870451","p1":"Lorge Coffee","p2":"RNG cant stop me","format":"[Gen 9] VGC 2023 Regulation C","log":"|j|\u2606Lorge Coffee\n|j|\u2606RNG cant stop me\n|t:|1682875397\n|gametype|doubles\n|player|p1|Lorge Coffee|shauntal|1102\n|player|p2|RNG cant stop me|n|1093\n|teamsize|p1|6\n|teamsize|p2|6\n|gen|9\n|tier|[Gen 9] VGC 2023 Regulation C\n|rated|\n|rule|Species Clause: Limit one of each Pok\u00e9mon\n|rule|Item Clause: Limit one of each item\n|clearpoke\n|poke|p1|Torkoal, L50, M|\n|poke|p1|Lilligant, L50, F|\n|poke|p1|Flutter Mane, L50|\n|poke|p1|Great Tusk, L50|\n|poke|p1|Dragonite, L50, F|\n|poke|p1|Chien-Pao, L50|\n|poke|p2|Ting-Lu, L50|\n|poke|p2|Chien-Pao, L50|\n|poke|p2|Palafin, L50, F|\n|poke|p2|Amoonguss, L50, F|\n|poke|p2|Arcanine, L50, M|\n|poke|p2|Dragapult, L50, M|\n|teampreview|4\n|inactive|Battle timer is ON: inactive players will automatically lose when time's up. (requested by Lorge Coffee)\nLorge Coffee has agreed to open team sheets.\n|inactive|Lorge Coffee has 60 seconds left.\n|inactive|RNG cant stop me has 60 seconds left.\nRNG cant stop me has agreed to open team sheets.\n|inactive|RNG cant stop me has 30 seconds left.\n|\n|t:|1682875463\n|start\n|switch|p1a: Lilligant|Lilligant, L50, F|100\/100\n|switch|p1b: Torkoal|Torkoal, L50, M|100\/100\n|switch|p2a: Tatsugeki|Palafin, L50, F, shiny|100\/100\n|switch|p2b: R K 9|Arcanine, L50, M, shiny|100\/100\n|-ability|p2b: R K 9|Intimidate|boost\n|-unboost|p1a: Lilligant|atk|1\n|-unboost|p1b: Torkoal|atk|1\n|-weather|SunnyDay|[from] ability: Drought|[of] p1b: Torkoal\n|turn|1\n|\n|t:|1682875481\n|move|p1b: Torkoal|Protect|p1b: Torkoal\n|-singleturn|p1b: Torkoal|Protect\n|move|p2b: R K 9|Extreme Speed|p1b: Torkoal\n|-activate|p1b: Torkoal|move: Protect\n|move|p2a: Tatsugeki|Jet Punch|p1b: Torkoal\n|-activate|p1b: Torkoal|move: Protect\n|move|p1a: Lilligant|Sleep Powder|p2a: Tatsugeki\n|-status|p2a: Tatsugeki|slp|[from] move: Sleep Powder\n|\n|-weather|SunnyDay|[upkeep]\n|upkeep\n|turn|2\n|\n|t:|1682875498\n|detailschange|p2a: Tatsugeki|Palafin-Hero, L50, F, shiny\n|switch|p2a: Sam|Ting-Lu, L50|100\/100\n|-ability|p2a: Sam|Vessel of Ruin\n|move|p2b: R K 9|Extreme Speed|p1b: Torkoal\n|-damage|p1b: Torkoal|82\/100\n|move|p1a: Lilligant|After You|p1b: Torkoal\n|-activate|p1b: Torkoal|move: After You\n|move|p1b: Torkoal|Eruption|p2a: Sam|[spread] p2a,p2b\n|-resisted|p2b: R K 9\n|-damage|p2a: Sam|71\/100\n|-damage|p2b: R K 9|65\/100\n|\n|-weather|SunnyDay|[upkeep]\n|upkeep\n|turn|3\n|\n|t:|1682875520\n|switch|p1a: Great Tusk|Great Tusk, L50|100\/100\n|-activate|p1a: Great Tusk|ability: Protosynthesis\n|-start|p1a: Great Tusk|protosynthesisatk\n|move|p2b: R K 9|Flare Blitz|p1a: Great Tusk\n|-crit|p1a: Great Tusk\n|-damage|p1a: Great Tusk|3\/100\n|-damage|p2b: R K 9|30\/100|[from] Recoil\n|move|p2a: Sam|Stomping Tantrum|p1b: Torkoal\n|-supereffective|p1b: Torkoal\n|-damage|p1b: Torkoal|31\/100\n|move|p1b: Torkoal|Earth Power|p2b: R K 9\n|-supereffective|p2b: R K 9\n|-damage|p2b: R K 9|0 fnt\n|faint|p2b: R K 9\n|\n|-weather|SunnyDay|[upkeep]\n|upkeep\n|\n|t:|1682875539\n|switch|p2b: Rarw:3|Chien-Pao, L50|100\/100\n|-ability|p2b: Rarw:3|Sword of Ruin\n|turn|4\n|inactive|Lorge Coffee has 30 seconds left.\n|inactive|Lorge Coffee has 20 seconds left.\n|\n|t:|1682875576\n|-end|p1a: Great Tusk|Protosynthesis|[silent]\n|switch|p1a: Chien-Pao|Chien-Pao, L50|100\/100\n|-ability|p1a: Chien-Pao|Sword of Ruin\n|move|p2b: Rarw:3|Sucker Punch||[still]\n|-fail|p2b: Rarw:3\n|move|p2a: Sam|Stomping Tantrum|p1b: Torkoal\n|-supereffective|p1b: Torkoal\n|-damage|p1b: Torkoal|0 fnt\n|faint|p1b: Torkoal\n|\n|-weather|SunnyDay|[upkeep]\n|upkeep\n|\n|t:|1682875585\n|switch|p1b: Great Tusk|Great Tusk, L50|3\/100\n|-activate|p1b: Great Tusk|ability: Protosynthesis\n|-start|p1b: Great Tusk|protosynthesisatk\n|turn|5\n|\n|t:|1682875607\n|move|p2b: Rarw:3|Sucker Punch|p1b: Great Tusk\n|-resisted|p1b: Great Tusk\n|-damage|p1b: Great Tusk|0 fnt\n|faint|p1b: Great Tusk\n|-end|p1b: Great Tusk|Protosynthesis|[silent]\n|move|p1a: Chien-Pao|Ice Spinner|p2a: Sam\n|-supereffective|p2a: Sam\n|-damage|p2a: Sam|5\/100\n|-damage|p1a: Chien-Pao|91\/100|[from] item: Life Orb\n|move|p2a: Sam|Heavy Slam|p1a: Chien-Pao\n|-supereffective|p1a: Chien-Pao\n|-damage|p1a: Chien-Pao|20\/100\n|\n|-weather|none\n|upkeep\n|\n|t:|1682875614\n|switch|p1b: Lilligant|Lilligant, L50, F|100\/100\n|turn|6\n|inactive|RNG cant stop me has 30 seconds left.\n|inactive|RNG cant stop me has 20 seconds left.\n|inactive|RNG cant stop me has 15 seconds left.\n|inactive|RNG cant stop me has 10 seconds left.\n|inactive|RNG cant stop me has 5 seconds left.\n|\n|t:|1682875665\n|switch|p2a: Tatsugeki|Palafin-Hero, L50, F, shiny|100\/100 slp\n|-activate|p2a: Tatsugeki|ability: Zero to Hero\n|move|p1a: Chien-Pao|Protect|p1a: Chien-Pao\n|-singleturn|p1a: Chien-Pao|Protect\n|move|p2b: Rarw:3|Sacred Sword|p1a: Chien-Pao\n|-activate|p1a: Chien-Pao|move: Protect\n|move|p1b: Lilligant|Sleep Powder|p2b: Rarw:3\n|-status|p2b: Rarw:3|slp|[from] move: Sleep Powder\n|\n|upkeep\n|turn|7\n|\n|t:|1682875683\n|cant|p2b: Rarw:3|slp\n|cant|p2a: Tatsugeki|slp\n|move|p1a: Chien-Pao|Sacred Sword|p2b: Rarw:3\n|-supereffective|p2b: Rarw:3\n|-enditem|p2b: Rarw:3|Focus Sash\n|-damage|p2b: Rarw:3|1\/100 slp\n|-damage|p1a: Chien-Pao|11\/100|[from] item: Life Orb\n|move|p1b: Lilligant|Leaf Storm|p2a: Tatsugeki|[miss]\n|-miss|p1b: Lilligant|p2a: Tatsugeki\n|\n|upkeep\n|turn|8\n|\n|t:|1682875698\n|cant|p2b: Rarw:3|slp\n|move|p1a: Chien-Pao|Sucker Punch||[still]\n|-fail|p1a: Chien-Pao\n|cant|p2a: Tatsugeki|slp\n|move|p1b: Lilligant|Leaf Storm|p2a: Tatsugeki\n|-supereffective|p2a: Tatsugeki\n|-damage|p2a: Tatsugeki|0 fnt\n|-unboost|p1b: Lilligant|spa|2\n|faint|p2a: Tatsugeki\n|\n|upkeep\n|\n|t:|1682875703\n|switch|p2a: Sam|Ting-Lu, L50|5\/100\n|-ability|p2a: Sam|Vessel of Ruin\n|turn|9\n|\n|t:|1682875714\n|-terastallize|p2a: Sam|Poison\n|-curestatus|p2b: Rarw:3|slp|[msg]\n|move|p2b: Rarw:3|Sucker Punch|p1a: Chien-Pao\n|-resisted|p1a: Chien-Pao\n|-damage|p1a: Chien-Pao|0 fnt\n|faint|p1a: Chien-Pao\n|move|p1b: Lilligant|Sleep Powder|p2a: Sam|[miss]\n|-miss|p1b: Lilligant|p2a: Sam\n|move|p2a: Sam|Throat Chop|p1b: Lilligant\n|-damage|p1b: Lilligant|36\/100\n|-start|p1b: Lilligant|Throat Chop|[silent]\n|\n|upkeep\n|turn|10\n|\n|t:|1682875727\n|move|p2b: Rarw:3|Ice Spinner|p1b: Lilligant\n|-supereffective|p1b: Lilligant\n|-damage|p1b: Lilligant|0 fnt\n|faint|p1b: Lilligant\n|\n|win|RNG cant stop me\n|raw|Lorge Coffee's rating: 1102 → 1076<\/strong> (-26 for losing)\n|raw|RNG cant stop me's rating: 1093 → 1120<\/strong> (+27 for winning)\n|c|\u2606RNG cant stop me|gg\n|c|\u2606Lorge Coffee|Gg\n","uploadtime":1682875736,"views":10,"p1id":"lorgecoffee","p2id":"rngcantstopme","formatid":"gen9vgc2023regulationc","rating":1076,"private":0,"password":""}