{"id":"gen9vgc2023regulationc-1846999306","p1":"qzy1993","p2":"xlesvly","format":"[Gen 9] VGC 2023 Regulation C","log":"|j|\u2606qzy1993\n|j|\u2606xlesvly\n|t:|1681910382\n|gametype|doubles\n|player|p1|qzy1993|170|1174\n|player|p2|xlesvly|iris|1150\n|teamsize|p1|6\n|teamsize|p2|6\n|gen|9\n|tier|[Gen 9] VGC 2023 Regulation C\n|rated|\n|rule|Species Clause: Limit one of each Pok\u00e9mon\n|rule|Item Clause: Limit one of each item\n|clearpoke\n|poke|p1|Flutter Mane, L50|\n|poke|p1|Palafin, L50, F|\n|poke|p1|Amoonguss, L50, F|\n|poke|p1|Arcanine, L50, M|\n|poke|p1|Baxcalibur, L50, M|\n|poke|p1|Ting-Lu, L50|\n|poke|p2|Flutter Mane, L50|\n|poke|p2|Palafin, L50, M|\n|poke|p2|Pawmot, L50, F|\n|poke|p2|Talonflame, L50, M|\n|poke|p2|Great Tusk, L50|\n|poke|p2|Tyranitar, L50, M|\n|teampreview|4\n|\n|t:|1681910432\n|start\n|switch|p1a: Palafin|Palafin, L50, F|100\/100\n|switch|p1b: Flutter Mane|Flutter Mane, L50|100\/100\n|switch|p2a: Talonflame|Talonflame, L50, M|100\/100\n|switch|p2b: Tyranitar|Tyranitar, L50, M|100\/100\n|-weather|Sandstorm|[from] ability: Sand Stream|[of] p2b: Tyranitar\n|-enditem|p1b: Flutter Mane|Booster Energy\n|-activate|p1b: Flutter Mane|ability: Protosynthesis|[fromitem]\n|-start|p1b: Flutter Mane|protosynthesisspe\n|turn|1\n|inactive|Battle timer is ON: inactive players will automatically lose when time's up. (requested by qzy1993)\n|inactive|qzy1993 has 60 seconds left.\n|\n|t:|1681910477\n|move|p1a: Palafin|Jet Punch|p2a: Talonflame\n|-supereffective|p2a: Talonflame\n|-damage|p2a: Talonflame|51\/100\n|move|p1b: Flutter Mane|Shadow Ball|p2a: Talonflame\n|-damage|p2a: Talonflame|9\/100\n|move|p2a: Talonflame|Tailwind|p2a: Talonflame\n|-sidestart|p2: xlesvly|move: Tailwind\n|move|p2b: Tyranitar|Heavy Slam|p1b: Flutter Mane\n|-supereffective|p1b: Flutter Mane\n|-damage|p1b: Flutter Mane|0 fnt\n|faint|p1b: Flutter Mane\n|-end|p1b: Flutter Mane|Protosynthesis|[silent]\n|\n|-weather|Sandstorm|[upkeep]\n|-damage|p1a: Palafin|94\/100|[from] Sandstorm\n|upkeep\n|\n|t:|1681910493\n|switch|p1b: Arcanine|Arcanine, L50, M|100\/100\n|-ability|p1b: Arcanine|Intimidate|boost\n|-unboost|p2a: Talonflame|atk|1\n|-unboost|p2b: Tyranitar|atk|1\n|turn|2\n|inactive|qzy1993 has 30 seconds left.\n|\n|t:|1681910519\n|switch|p2a: Great Tusk|Great Tusk, L50|100\/100\n|move|p1a: Palafin|Flip Turn|p2b: Tyranitar\n|-supereffective|p2b: Tyranitar\n|-damage|p2b: Tyranitar|62\/100\n|\n|t:|1681910526\n|detailschange|p1a: Palafin|Palafin-Hero, L50, F\n|switch|p1a: Amoonguss|Amoonguss, L50, F|100\/100|[from] Flip Turn\n|move|p2b: Tyranitar|Rock Slide|p1b: Arcanine|[spread] p1a,p1b\n|-supereffective|p1b: Arcanine\n|-damage|p1a: Amoonguss|80\/100\n|-damage|p1b: Arcanine|60\/100\n|move|p1b: Arcanine|Will-O-Wisp|p2b: Tyranitar\n|-status|p2b: Tyranitar|brn\n|\n|-weather|Sandstorm|[upkeep]\n|-damage|p1a: Amoonguss|74\/100|[from] Sandstorm\n|-damage|p2b: Tyranitar|57\/100 brn|[from] brn\n|upkeep\n|turn|3\n|inactive|qzy1993 has 30 seconds left.\n|\n|t:|1681910559\n|-terastallize|p2b: Tyranitar|Flying\n|move|p2a: Great Tusk|Earthquake|p1b: Arcanine|[spread] p1a,p1b\n|-immune|p2b: Tyranitar\n|-supereffective|p1b: Arcanine\n|-damage|p1a: Amoonguss|42\/100\n|-damage|p1b: Arcanine|0 fnt\n|faint|p1b: Arcanine\n|move|p2b: Tyranitar|Tera Blast|p1a: Amoonguss\n|-supereffective|p1a: Amoonguss\n|-damage|p1a: Amoonguss|15\/100\n|move|p1a: Amoonguss|Pollen Puff|p1: Arcanine|[notarget]\n|-fail|p1a: Amoonguss\n|\n|-weather|Sandstorm|[upkeep]\n|-damage|p2b: Tyranitar|51\/100 brn|[from] Sandstorm\n|-damage|p1a: Amoonguss|10\/100|[from] Sandstorm\n|-damage|p2b: Tyranitar|45\/100 brn|[from] brn\n|upkeep\n|\n|t:|1681910575\n|switch|p1b: Palafin|Palafin-Hero, L50, F|94\/100\n|-activate|p1b: Palafin|ability: Zero to Hero\n|turn|4\n|inactive|qzy1993 has 30 seconds left.\n|inactive|qzy1993 has 20 seconds left.\n|\n|t:|1681910612\n|-terastallize|p1b: Palafin|Grass\n|move|p2a: Great Tusk|Earthquake|p1a: Amoonguss|[spread] p1a,p1b\n|-immune|p2b: Tyranitar\n|-resisted|p1b: Palafin\n|-damage|p1a: Amoonguss|0 fnt\n|-damage|p1b: Palafin|73\/100\n|faint|p1a: Amoonguss\n|move|p1b: Palafin|Wave Crash|p2b: Tyranitar\n|-damage|p2b: Tyranitar|0 fnt\n|faint|p2b: Tyranitar\n|-damage|p1b: Palafin|56\/100|[from] Recoil\n|\n|-weather|Sandstorm|[upkeep]\n|-damage|p1b: Palafin|50\/100|[from] Sandstorm\n|-sideend|p2: xlesvly|move: Tailwind\n|upkeep\n|inactive|xlesvly has 30 seconds left.\n|\n|t:|1681910638\n|switch|p2b: Pawmot|Pawmot, L50, F|100\/100\n|turn|5\n|\n|t:|1681910647\n|move|p2b: Pawmot|Fake Out|p1b: Palafin\n|-damage|p1b: Palafin|36\/100\n|cant|p1b: Palafin|flinch\n|move|p2a: Great Tusk|Earthquake|p1b: Palafin|[spread] p2b,p1b\n|-supereffective|p2b: Pawmot\n|-resisted|p1b: Palafin\n|-enditem|p2b: Pawmot|Focus Sash\n|-damage|p2b: Pawmot|1\/100\n|-damage|p1b: Palafin|16\/100\n|\n|-weather|none\n|upkeep\n|turn|6\n|\n|t:|1681910660\n|move|p1b: Palafin|Jet Punch|p2a: Great Tusk\n|-supereffective|p2a: Great Tusk\n|-damage|p2a: Great Tusk|40\/100\n|move|p2a: Great Tusk|Earthquake|p1b: Palafin|[spread] p2b,p1b\n|-supereffective|p2b: Pawmot\n|-resisted|p1b: Palafin\n|-damage|p2b: Pawmot|0 fnt\n|-damage|p1b: Palafin|0 fnt\n|faint|p2b: Pawmot\n|faint|p1b: Palafin\n|\n|win|xlesvly\n|raw|qzy1993's rating: 1174 → 1147<\/strong> (-27 for losing)\n|raw|xlesvly's rating: 1150 → 1177<\/strong> (+27 for winning)\n","uploadtime":1681910671,"views":8,"p1id":"qzy1993","p2id":"xlesvly","formatid":"gen9vgc2023regulationc","rating":1147,"private":0,"password":""}