{"id":"gen9vgc2023regulationc-1853224815","p1":"Quanxi_irl","p2":"toxiteam","format":"[Gen 9] VGC 2023 Regulation C","log":"|j|\u2606Quanxi_irl\n|j|\u2606toxiteam\n|t:|1682651040\n|gametype|doubles\n|player|p1|Quanxi_irl|iris-gen5bw2|1040\n|player|p2|toxiteam|169|1068\n|teamsize|p1|6\n|teamsize|p2|6\n|gen|9\n|tier|[Gen 9] VGC 2023 Regulation C\n|rated|\n|rule|Species Clause: Limit one of each Pok\u00e9mon\n|rule|Item Clause: Limit one of each item\n|clearpoke\n|poke|p1|Brambleghast, L50, F|\n|poke|p1|Talonflame, L50, F|\n|poke|p1|Amoonguss, L50, F|\n|poke|p1|Tinkaton, L50, F|\n|poke|p1|Kilowattrel, L50, F|\n|poke|p1|Pelipper, L50, F|\n|poke|p2|Gholdengo, L50|\n|poke|p2|Wo-Chien, L50|\n|poke|p2|Iron Bundle, L50|\n|poke|p2|Dragapult, L50, M|\n|poke|p2|Hippowdon, L50, M|\n|poke|p2|Glimmora, L50, M|\n|teampreview|4\n|\n|t:|1682651058\n|start\n|switch|p1a: Brambleghast|Brambleghast, L50, F, shiny|100\/100\n|switch|p1b: Talonflame|Talonflame, L50, F|100\/100\n|switch|p2a: Hippowdon|Hippowdon, L50, M|100\/100\n|switch|p2b: Glimmora|Glimmora, L50, M|100\/100\n|-weather|Sandstorm|[from] ability: Sand Stream|[of] p2a: Hippowdon\n|turn|1\n|\n|t:|1682651071\n|move|p1a: Brambleghast|Protect|p1a: Brambleghast\n|-singleturn|p1a: Brambleghast|Protect\n|move|p1b: Talonflame|Tailwind|p1b: Talonflame\n|-sidestart|p1: Quanxi_irl|move: Tailwind\n|-ability|p1a: Brambleghast|Wind Rider|boost\n|-boost|p1a: Brambleghast|atk|1\n|move|p2b: Glimmora|Mortal Spin|p1a: Brambleghast|[spread] p1b\n|-activate|p1a: Brambleghast|move: Protect\n|-damage|p1b: Talonflame|96\/100\n|-status|p1b: Talonflame|psn\n|-status|p2b: Glimmora|brn|[from] ability: Flame Body|[of] p1b: Talonflame\n|move|p2a: Hippowdon|Stealth Rock|p1b: Talonflame\n|-sidestart|p1: Quanxi_irl|move: Stealth Rock\n|\n|-weather|Sandstorm|[upkeep]\n|-damage|p1b: Talonflame|90\/100 psn|[from] Sandstorm\n|-damage|p1a: Brambleghast|94\/100|[from] Sandstorm\n|-damage|p1b: Talonflame|77\/100 psn|[from] psn\n|-damage|p2b: Glimmora|95\/100 brn|[from] brn\n|upkeep\n|turn|2\n|\n|t:|1682651113\n|move|p1b: Talonflame|Peck|p1a: Brambleghast\n|-supereffective|p1a: Brambleghast\n|-damage|p1a: Brambleghast|65\/100\n|-enditem|p1a: Brambleghast|Weakness Policy\n|-boost|p1a: Brambleghast|atk|2|[from] item: Weakness Policy\n|-boost|p1a: Brambleghast|spa|2|[from] item: Weakness Policy\n|move|p1a: Brambleghast|Phantom Force||[still]\n|-prepare|p1a: Brambleghast|Phantom Force\n|move|p2b: Glimmora|Power Gem|p1b: Talonflame\n|-supereffective|p1b: Talonflame\n|-damage|p1b: Talonflame|0 fnt\n|faint|p1b: Talonflame\n|move|p2a: Hippowdon|Sand Tomb|p1a: Brambleghast|[miss]\n|-miss|p2a: Hippowdon|p1a: Brambleghast\n|\n|-weather|Sandstorm|[upkeep]\n|-damage|p1a: Brambleghast|59\/100|[from] Sandstorm\n|-damage|p2b: Glimmora|89\/100 brn|[from] brn\n|upkeep\n|\n|t:|1682651128\n|switch|p1b: Amoonguss|Amoonguss, L50, F, shiny|100\/100\n|-damage|p1b: Amoonguss|88\/100|[from] Stealth Rock\n|turn|3\n|\n|t:|1682651155\n|move|p1a: Brambleghast|Phantom Force|p2b: Glimmora|[from]lockedmove\n|-damage|p2b: Glimmora|0 fnt\n|-activate|p2b: Glimmora|ability: Toxic Debris\n|-sidestart|p1: Quanxi_irl|move: Toxic Spikes\n|faint|p2b: Glimmora\n|move|p1b: Amoonguss|Pollen Puff|p1a: Brambleghast\n|-heal|p1a: Brambleghast|100\/100\n|move|p2a: Hippowdon|Yawn|p1a: Brambleghast\n|-start|p1a: Brambleghast|move: Yawn|[of] p2a: Hippowdon\n|\n|-weather|Sandstorm|[upkeep]\n|-damage|p1a: Brambleghast|94\/100|[from] Sandstorm\n|-damage|p1b: Amoonguss|82\/100|[from] Sandstorm\n|-heal|p1b: Amoonguss|88\/100|[from] item: Leftovers\n|upkeep\n|\n|t:|1682651167\n|switch|p2b: Iron Bundle|Iron Bundle, L50|100\/100\n|-enditem|p2b: Iron Bundle|Booster Energy\n|-activate|p2b: Iron Bundle|ability: Quark Drive|[fromitem]\n|-start|p2b: Iron Bundle|quarkdrivespe\n|turn|4\n|\n|t:|1682651187\n|move|p1b: Amoonguss|Rage Powder|p1b: Amoonguss\n|-singleturn|p1b: Amoonguss|move: Rage Powder\n|move|p1a: Brambleghast|Substitute|p1a: Brambleghast\n|-start|p1a: Brambleghast|Substitute\n|-damage|p1a: Brambleghast|70\/100\n|move|p2b: Iron Bundle|Freeze-Dry|p1b: Amoonguss\n|-supereffective|p1b: Amoonguss\n|-damage|p1b: Amoonguss|28\/100\n|move|p2a: Hippowdon|Sand Tomb|p1b: Amoonguss\n|-damage|p1b: Amoonguss|17\/100\n|-activate|p1b: Amoonguss|move: Sand Tomb|[of] p2a: Hippowdon\n|\n|-weather|Sandstorm|[upkeep]\n|-damage|p1a: Brambleghast|64\/100|[from] Sandstorm\n|-damage|p2b: Iron Bundle|95\/100|[from] Sandstorm\n|-damage|p1b: Amoonguss|11\/100|[from] Sandstorm\n|-heal|p1b: Amoonguss|17\/100|[from] item: Leftovers\n|-damage|p1b: Amoonguss|5\/100|[from] move: Sand Tomb|[partiallytrapped]\n|-end|p1a: Brambleghast|move: Yawn|[silent]\n|-status|p1a: Brambleghast|slp\n|-sideend|p1: Quanxi_irl|move: Tailwind\n|upkeep\n|turn|5\n|\n|t:|1682651209\n|move|p1b: Amoonguss|Rage Powder|p1b: Amoonguss\n|-singleturn|p1b: Amoonguss|move: Rage Powder\n|move|p2b: Iron Bundle|Icy Wind|p1a: Brambleghast|[spread] p1b\n|-ability|p1a: Brambleghast|Wind Rider|boost\n|-boost|p1a: Brambleghast|atk|1\n|-supereffective|p1b: Amoonguss\n|-damage|p1b: Amoonguss|0 fnt\n|faint|p1b: Amoonguss\n|cant|p1a: Brambleghast|slp\n|move|p2a: Hippowdon|Sand Tomb|p1a: Brambleghast\n|-resisted|p1a: Brambleghast\n|-activate|p1a: Brambleghast|move: Substitute|[damage]\n|\n|-weather|none\n|upkeep\n|\n|t:|1682651221\n|switch|p1b: Tinkaton|Tinkaton, L50, F|100\/100\n|-damage|p1b: Tinkaton|94\/100|[from] Stealth Rock\n|-ability|p1b: Tinkaton|Mold Breaker\n|turn|6\n|\n|t:|1682651239\n|move|p2b: Iron Bundle|Freeze-Dry|p1a: Brambleghast\n|-supereffective|p1a: Brambleghast\n|-end|p1a: Brambleghast|Substitute\n|move|p1b: Tinkaton|Encore|p2b: Iron Bundle\n|-start|p2b: Iron Bundle|Encore\n|-curestatus|p1a: Brambleghast|slp|[msg]\n|move|p1a: Brambleghast|Phantom Force||[still]\n|-prepare|p1a: Brambleghast|Phantom Force\n|move|p2a: Hippowdon|Yawn|p1b: Tinkaton\n|-start|p1b: Tinkaton|move: Yawn|[of] p2a: Hippowdon\n|\n|upkeep\n|turn|7\n|\n|t:|1682651270\n|move|p2b: Iron Bundle|Freeze-Dry|p1b: Tinkaton\n|-resisted|p1b: Tinkaton\n|-damage|p1b: Tinkaton|79\/100\n|move|p1b: Tinkaton|Gigaton Hammer|p2a: Hippowdon\n|-damage|p2a: Hippowdon|68\/100\n|move|p1a: Brambleghast|Phantom Force|p2a: Hippowdon|[from]lockedmove\n|-damage|p2a: Hippowdon|0 fnt\n|faint|p2a: Hippowdon\n|\n|-end|p1b: Tinkaton|move: Yawn|[silent]\n|-status|p1b: Tinkaton|slp\n|upkeep\n|\n|t:|1682651281\n|switch|p2a: Gholdengo|Gholdengo, L50|100\/100\n|turn|8\n|\n|t:|1682651298\n|-terastallize|p1a: Brambleghast|Dark\n|move|p2b: Iron Bundle|Freeze-Dry|p1a: Brambleghast\n|-damage|p1a: Brambleghast|5\/100\n|cant|p1b: Tinkaton|slp\n|move|p1a: Brambleghast|Phantom Force||[still]\n|-prepare|p1a: Brambleghast|Phantom Force\n|move|p2a: Gholdengo|Shadow Ball|p1a: Brambleghast|[miss]\n|-miss|p2a: Gholdengo|p1a: Brambleghast\n|\n|upkeep\n|turn|9\n|\n|t:|1682651316\n|move|p2b: Iron Bundle|Freeze-Dry|p1a: Brambleghast|[miss]\n|-miss|p2b: Iron Bundle|p1a: Brambleghast\n|-curestatus|p1b: Tinkaton|slp|[msg]\n|move|p1b: Tinkaton|Fairy Wind|p2b: Iron Bundle\n|-damage|p2b: Iron Bundle|81\/100\n|move|p1a: Brambleghast|Phantom Force|p2a: Gholdengo|[from]lockedmove\n|-supereffective|p2a: Gholdengo\n|-damage|p2a: Gholdengo|0 fnt\n|faint|p2a: Gholdengo\n|\n|-end|p2b: Iron Bundle|Encore\n|upkeep\n|turn|10\n|\n|t:|1682651334\n|move|p1a: Brambleghast|Protect|p1a: Brambleghast\n|-singleturn|p1a: Brambleghast|Protect\n|move|p2b: Iron Bundle|Freeze-Dry|p1a: Brambleghast\n|-activate|p1a: Brambleghast|move: Protect\n|move|p1b: Tinkaton|Gigaton Hammer|p2b: Iron Bundle\n|-damage|p2b: Iron Bundle|24\/100\n|\n|upkeep\n|turn|11\n|\n|t:|1682651347\n|move|p2b: Iron Bundle|Encore|p1a: Brambleghast\n|-start|p1a: Brambleghast|Encore\n|move|p1b: Tinkaton|Thunder Wave|p2b: Iron Bundle\n|-status|p2b: Iron Bundle|par\n|move|p1a: Brambleghast|Protect||[still]\n|-fail|p1a: Brambleghast\n|\n|upkeep\n|turn|12\n|\n|t:|1682651357\n|move|p1a: Brambleghast|Protect|p1a: Brambleghast\n|-singleturn|p1a: Brambleghast|Protect\n|move|p1b: Tinkaton|Gigaton Hammer|p2b: Iron Bundle\n|-damage|p2b: Iron Bundle|0 fnt\n|faint|p2b: Iron Bundle\n|-end|p2b: Iron Bundle|Quark Drive|[silent]\n|\n|win|Quanxi_irl\n|raw|Quanxi_irl's rating: 1040 → 1077<\/strong> (+37 for winning)\n|raw|toxiteam's rating: 1068 → 1046<\/strong> (-22 for losing)\n|l|\u2606toxiteam\n","uploadtime":1682651369,"views":6,"p1id":"quanxiirl","p2id":"toxiteam","formatid":"gen9vgc2023regulationc","rating":1046,"private":0,"password":""}