{"id":"gen9vgc2023regulationc-1844966359","p1":"Rich vvs","p2":"haha u rage quit","format":"[Gen 9] VGC 2023 Regulation C","log":"|j|\u2606Rich vvs\n|j|\u2606haha u rage quit\n|t:|1681669034\n|gametype|doubles\n|player|p1|Rich vvs|2|1551\n|player|p2|haha u rage quit|pokemaniac|1426\n|teamsize|p1|6\n|teamsize|p2|6\n|gen|9\n|tier|[Gen 9] VGC 2023 Regulation C\n|rated|\n|rule|Species Clause: Limit one of each Pok\u00e9mon\n|rule|Item Clause: Limit one of each item\n|clearpoke\n|poke|p1|Gholdengo, L50|\n|poke|p1|Ting-Lu, L50|\n|poke|p1|Roaring Moon, L50|\n|poke|p1|Amoonguss, L50, F|\n|poke|p1|Palafin, L50, M|\n|poke|p1|Chi-Yu, L50|\n|poke|p2|Meowscarada, L50, M|\n|poke|p2|Tatsugiri-Droopy, L50, M|\n|poke|p2|Talonflame, L50, M|\n|poke|p2|Pawmot, L50, M|\n|poke|p2|Dondozo, L50, M|\n|poke|p2|Arcanine, L50, M|\n|teampreview|4\n|inactive|Battle timer is ON: inactive players will automatically lose when time's up. (requested by haha u rage quit)\n|\n|t:|1681669063\n|start\n|switch|p1a: Roaring Moon|Roaring Moon, L50|100\/100\n|switch|p1b: Palafin|Palafin, L50, M|100\/100\n|switch|p2a: Meowscarada|Meowscarada, L50, M|100\/100\n|switch|p2b: Arcanine|Arcanine, L50, M|100\/100\n|-ability|p2b: Arcanine|Intimidate|boost\n|-unboost|p1a: Roaring Moon|atk|1\n|-unboost|p1b: Palafin|atk|1\n|-enditem|p1a: Roaring Moon|Booster Energy\n|-activate|p1a: Roaring Moon|ability: Protosynthesis|[fromitem]\n|-start|p1a: Roaring Moon|protosynthesisspe\n|turn|1\n|inactive|haha u rage quit has 30 seconds left.\n|\n|t:|1681669091\n|detailschange|p1b: Palafin|Palafin-Hero, L50, M\n|switch|p1b: Amoonguss|Amoonguss, L50, F|100\/100\n|move|p1a: Roaring Moon|Protect|p1a: Roaring Moon\n|-singleturn|p1a: Roaring Moon|Protect\n|move|p2a: Meowscarada|Play Rough|p1a: Roaring Moon\n|-start|p2a: Meowscarada|typechange|Fairy|[from] ability: Protean\n|-activate|p1a: Roaring Moon|move: Protect\n|move|p2b: Arcanine|Flare Blitz|p1b: Amoonguss\n|-supereffective|p1b: Amoonguss\n|-damage|p1b: Amoonguss|0 fnt\n|faint|p1b: Amoonguss\n|-damage|p2b: Arcanine|58\/100|[from] Recoil\n|-damage|p2b: Arcanine|48\/100|[from] item: Life Orb\n|\n|upkeep\n|c|\u2606Rich vvs|Yeah I bet you did hahaha\n|\n|t:|1681669104\n|switch|p1b: Palafin|Palafin-Hero, L50, M|100\/100\n|-activate|p1b: Palafin|ability: Zero to Hero\n|turn|2\n|\n|t:|1681669122\n|-end|p1a: Roaring Moon|Protosynthesis|[silent]\n|switch|p1a: Gholdengo|Gholdengo, L50|100\/100\n|-terastallize|p1b: Palafin|Water\n|move|p2a: Meowscarada|Play Rough|p1a: Gholdengo\n|-resisted|p1a: Gholdengo\n|-damage|p1a: Gholdengo|78\/100\n|move|p2b: Arcanine|Wild Charge|p1b: Palafin\n|-supereffective|p1b: Palafin\n|-damage|p1b: Palafin|40\/100\n|-damage|p2b: Arcanine|30\/100|[from] Recoil\n|-damage|p2b: Arcanine|20\/100|[from] item: Life Orb\n|move|p1b: Palafin|Wave Crash|p2a: Meowscarada\n|-damage|p2a: Meowscarada|0 fnt\n|faint|p2a: Meowscarada\n|-damage|p1b: Palafin|10\/100|[from] Recoil\n|\n|-heal|p1a: Gholdengo|85\/100|[from] item: Leftovers\n|upkeep\n|\n|t:|1681669141\n|switch|p2a: Dondozo|Dondozo, L50, M|100\/100\n|turn|3\n|\n|t:|1681669155\n|switch|p2b: Tatsugiri|Tatsugiri-Droopy, L50, M|100\/100\n|-activate|p2b: Tatsugiri|ability: Commander|[of] p2a: Dondozo\n|-boost|p2a: Dondozo|atk|2\n|-boost|p2a: Dondozo|spa|2\n|-boost|p2a: Dondozo|spe|2\n|-boost|p2a: Dondozo|def|2\n|-boost|p2a: Dondozo|spd|2\n|switch|p1b: Roaring Moon|Roaring Moon, L50|100\/100\n|move|p1a: Gholdengo|Protect|p1a: Gholdengo\n|-singleturn|p1a: Gholdengo|Protect\n|move|p2a: Dondozo|Earthquake|p1a: Gholdengo|[spread] p1b\n|-miss|p2a: Dondozo|p2b: Tatsugiri\n|-activate|p1a: Gholdengo|move: Protect\n|-damage|p1b: Roaring Moon|45\/100\n|\n|-heal|p1a: Gholdengo|91\/100|[from] item: Leftovers\n|upkeep\n|turn|4\n|\n|t:|1681669172\n|move|p2a: Dondozo|Earthquake|p1b: Roaring Moon|[spread] p1a,p1b\n|-miss|p2a: Dondozo|p2b: Tatsugiri\n|-supereffective|p1a: Gholdengo\n|-damage|p1a: Gholdengo|14\/100\n|-damage|p1b: Roaring Moon|0 fnt\n|faint|p1b: Roaring Moon\n|-end|p1b: Roaring Moon|Protosynthesis|[silent]\n|move|p1a: Gholdengo|Shadow Ball|p2a: Dondozo\n|-damage|p2a: Dondozo|77\/100\n|\n|-heal|p1a: Gholdengo|21\/100|[from] item: Leftovers\n|upkeep\n|c|\u2606Rich vvs|Whatever good read\n|inactive|Rich vvs has 30 seconds left.\n|inactive|Rich vvs has 20 seconds left.\n|inactive|Rich vvs has 15 seconds left.\n|inactive|Rich vvs has 10 seconds left.\n|inactive|Rich vvs has 5 seconds left.\n|\n|t:|1681669227\n|switch|p1b: Palafin|Palafin-Hero, L50, M, tera:Water|10\/100\n|turn|5\n|\n|t:|1681669233\n|move|p2a: Dondozo|Earthquake|p1b: Palafin|[spread] p1a,p1b\n|-miss|p2a: Dondozo|p2b: Tatsugiri\n|-supereffective|p1a: Gholdengo\n|-damage|p1a: Gholdengo|0 fnt\n|-damage|p1b: Palafin|0 fnt\n|faint|p1a: Gholdengo\n|faint|p1b: Palafin\n|\n|win|haha u rage quit\n|raw|Rich vvs's rating: 1551 → 1524<\/strong> (-27 for losing)\n|raw|haha u rage quit's rating: 1426 → 1453<\/strong> (+27 for winning)\n","uploadtime":1681669257,"views":9,"p1id":"richvvs","p2id":"hahauragequit","formatid":"gen9vgc2023regulationc","rating":1453,"private":0,"password":""}