{"id":"gen9vgc2023regulationc-1861259164","p1":"ShatteredPugVGC","p2":"mignemenzo","format":"[Gen 9] VGC 2023 Regulation C","log":"|j|\u2606ShatteredPugVGC\n|j|\u2606mignemenzo\n|t:|1683740260\n|gametype|doubles\n|player|p1|ShatteredPugVGC|102|1268\n|player|p2|mignemenzo|1|1305\n|teamsize|p1|6\n|teamsize|p2|6\n|gen|9\n|tier|[Gen 9] VGC 2023 Regulation C\n|rated|\n|rule|Species Clause: Limit one of each Pok\u00e9mon\n|rule|Item Clause: Limit one of each item\n|clearpoke\n|poke|p1|Iron Treads, L50|\n|poke|p1|Pincurchin, L50, F|\n|poke|p1|Dragonite, L50, M|\n|poke|p1|Iron Bundle, L50|\n|poke|p1|Abomasnow, L50, M|\n|poke|p1|Arcanine, L50, F|\n|poke|p2|Pawmot, L50, M|\n|poke|p2|Dachsbun, L50, M|\n|poke|p2|Chi-Yu, L50|\n|poke|p2|Dondozo, L50, M|\n|poke|p2|Tatsugiri, L50, F|\n|poke|p2|Gholdengo, L50|\n|teampreview|4\n|\n|t:|1683740289\n|start\n|switch|p1a: Pincurchin|Pincurchin, L50, F|100\/100\n|switch|p1b: Abomasnow|Abomasnow, L50, M|100\/100\n|switch|p2a: Dondozo|Dondozo, L50, M|100\/100\n|switch|p2b: Tatsugiri|Tatsugiri, L50, F|100\/100\n|-activate|p2b: Tatsugiri|ability: Commander|[of] p2a: Dondozo\n|-boost|p2a: Dondozo|atk|2\n|-boost|p2a: Dondozo|spa|2\n|-boost|p2a: Dondozo|spe|2\n|-boost|p2a: Dondozo|def|2\n|-boost|p2a: Dondozo|spd|2\n|-weather|Snow|[from] ability: Snow Warning|[of] p1b: Abomasnow\n|-fieldstart|move: Electric Terrain|[from] ability: Electric Surge|[of] p1a: Pincurchin\n|turn|1\n|inactive|Battle timer is ON: inactive players will automatically lose when time's up. (requested by mignemenzo)\n|\n|t:|1683740305\n|-terastallize|p1a: Pincurchin|Ghost\n|move|p1a: Pincurchin|Protect|p1a: Pincurchin\n|-singleturn|p1a: Pincurchin|Protect\n|move|p2a: Dondozo|Earthquake|p1a: Pincurchin|[spread] p1b\n|-miss|p2a: Dondozo|p2b: Tatsugiri\n|-activate|p1a: Pincurchin|move: Protect\n|-resisted|p1b: Abomasnow\n|-damage|p1b: Abomasnow|84\/100\n|move|p1b: Abomasnow|Aurora Veil|p1b: Abomasnow\n|-sidestart|p1: ShatteredPugVGC|move: Aurora Veil\n|\n|-weather|Snow|[upkeep]\n|upkeep\n|turn|2\n|\n|t:|1683740328\n|move|p2a: Dondozo|Order Up|p1b: Abomasnow\n|-damage|p1b: Abomasnow|57\/100\n|-boost|p2a: Dondozo|atk|1\n|move|p1b: Abomasnow|Energy Ball|p2a: Dondozo\n|-supereffective|p2a: Dondozo\n|-damage|p2a: Dondozo|61\/100\n|move|p1a: Pincurchin|Curse|p2a: Dondozo\n|-start|p2a: Dondozo|Curse|[of] p1a: Pincurchin\n|-damage|p1a: Pincurchin|51\/100\n|\n|-weather|Snow|[upkeep]\n|-heal|p2a: Dondozo|67\/100|[from] item: Leftovers\n|-damage|p2a: Dondozo|42\/100|[from] Curse\n|upkeep\n|turn|3\n|\n|t:|1683740351\n|move|p2a: Dondozo|Earthquake|p1a: Pincurchin|[spread] p1a,p1b\n|-miss|p2a: Dondozo|p2b: Tatsugiri\n|-resisted|p1b: Abomasnow\n|-damage|p1a: Pincurchin|13\/100\n|-damage|p1b: Abomasnow|41\/100\n|move|p1b: Abomasnow|Energy Ball|p2a: Dondozo\n|-supereffective|p2a: Dondozo\n|-damage|p2a: Dondozo|0 fnt\n|faint|p2a: Dondozo\n|move|p1a: Pincurchin|Wild Charge|p2b: Tatsugiri\n|-damage|p2b: Tatsugiri|15\/100\n|-damage|p1a: Pincurchin|0 fnt|[from] Recoil\n|faint|p1a: Pincurchin\n|\n|-weather|Snow|[upkeep]\n|upkeep\n|\n|t:|1683740368\n|switch|p2a: Pawmot|Pawmot, L50, M|100\/100\n|switch|p1a: Iron Bundle|Iron Bundle, L50|100\/100\n|-activate|p1a: Iron Bundle|ability: Quark Drive\n|-start|p1a: Iron Bundle|quarkdrivespe\n|turn|4\n|\n|t:|1683740377\n|switch|p2b: Gholdengo|Gholdengo, L50|100\/100\n|move|p1a: Iron Bundle|Blizzard|p2a: Pawmot|[spread] p2a,p2b\n|-resisted|p2b: Gholdengo\n|-enditem|p2a: Pawmot|Focus Sash\n|-damage|p2a: Pawmot|1\/100\n|-damage|p2b: Gholdengo|76\/100\n|move|p2a: Pawmot|Revival Blessing|p2a: Pawmot\n|\n|t:|1683740385\n|-heal|p2: Dondozo|50\/100|[from] move: Revival Blessing\n|move|p1b: Abomasnow|Blizzard|p2a: Pawmot|[spread] p2a,p2b\n|-resisted|p2b: Gholdengo\n|-damage|p2a: Pawmot|0 fnt\n|-damage|p2b: Gholdengo|62\/100\n|faint|p2a: Pawmot\n|\n|-weather|Snow|[upkeep]\n|upkeep\n|\n|t:|1683740393\n|switch|p2a: Dondozo|Dondozo, L50, M|50\/100\n|turn|5\n|\n|t:|1683740400\n|move|p1b: Abomasnow|Helping Hand|p1a: Iron Bundle\n|-singleturn|p1a: Iron Bundle|Helping Hand|[of] p1b: Abomasnow\n|move|p2a: Dondozo|Protect|p2a: Dondozo\n|-singleturn|p2a: Dondozo|Protect\n|move|p1a: Iron Bundle|Blizzard|p2a: Dondozo|[spread] p2b\n|-activate|p2a: Dondozo|move: Protect\n|-resisted|p2b: Gholdengo\n|-damage|p2b: Gholdengo|30\/100\n|move|p2b: Gholdengo|Thunder Wave|p1a: Iron Bundle\n|-status|p1a: Iron Bundle|par\n|\n|-weather|none\n|-heal|p2a: Dondozo|57\/100|[from] item: Leftovers\n|-sideend|p1: ShatteredPugVGC|move: Aurora Veil\n|-fieldend|move: Electric Terrain\n|-end|p1a: Iron Bundle|Quark Drive\n|upkeep\n|turn|6\n|\n|t:|1683740422\n|switch|p2b: Tatsugiri|Tatsugiri, L50, F|15\/100\n|-activate|p2b: Tatsugiri|ability: Commander|[of] p2a: Dondozo\n|-boost|p2a: Dondozo|atk|2\n|-boost|p2a: Dondozo|spa|2\n|-boost|p2a: Dondozo|spe|2\n|-boost|p2a: Dondozo|def|2\n|-boost|p2a: Dondozo|spd|2\n|move|p2a: Dondozo|Earthquake|p1a: Iron Bundle|[spread] p1a,p1b\n|-miss|p2a: Dondozo|p2b: Tatsugiri\n|-resisted|p1b: Abomasnow\n|-damage|p1a: Iron Bundle|46\/100 par\n|-damage|p1b: Abomasnow|14\/100\n|move|p1a: Iron Bundle|Blizzard|p2b: Tatsugiri|[spread] p2a\n|-miss|p1a: Iron Bundle|p2b: Tatsugiri\n|-resisted|p2a: Dondozo\n|-damage|p2a: Dondozo|42\/100\n|move|p1b: Abomasnow|Energy Ball|p2a: Dondozo\n|-supereffective|p2a: Dondozo\n|-damage|p2a: Dondozo|0 fnt\n|faint|p2a: Dondozo\n|\n|upkeep\n|\n|t:|1683740440\n|switch|p2a: Gholdengo|Gholdengo, L50|30\/100\n|turn|7\n|\n|t:|1683740451\n|move|p2b: Tatsugiri|Muddy Water|p1b: Abomasnow|[spread] p1a,p1b\n|-resisted|p1a: Iron Bundle\n|-resisted|p1b: Abomasnow\n|-damage|p1a: Iron Bundle|0 fnt\n|-damage|p1b: Abomasnow|0 fnt\n|faint|p1a: Iron Bundle\n|-end|p1a: Iron Bundle|Quark Drive|[silent]\n|faint|p1b: Abomasnow\n|move|p2a: Gholdengo|Recover|p2a: Gholdengo\n|-heal|p2a: Gholdengo|80\/100\n|\n|upkeep\n|\n|t:|1683740453\n|switch|p1b: Iron Treads|Iron Treads, L50|100\/100\n|turn|8\n|\n|t:|1683740475\n|-terastallize|p2a: Gholdengo|Steel\n|move|p1b: Iron Treads|Earthquake|p2a: Gholdengo|[spread] p2a,p2b\n|-supereffective|p2a: Gholdengo\n|-damage|p2a: Gholdengo|6\/100\n|-damage|p2b: Tatsugiri|0 fnt\n|faint|p2b: Tatsugiri\n|move|p2a: Gholdengo|Make It Rain|p1b: Iron Treads\n|-resisted|p1b: Iron Treads\n|-damage|p1b: Iron Treads|27\/100\n|-unboost|p2a: Gholdengo|spa|1\n|-damage|p2a: Gholdengo|0 fnt|[from] item: Life Orb\n|faint|p2a: Gholdengo\n|\n|win|ShatteredPugVGC\n|raw|ShatteredPugVGC's rating: 1268 → 1296<\/strong> (+28 for winning)\n|raw|mignemenzo's rating: 1305 → 1283<\/strong> (-22 for losing)\n","uploadtime":1683740489,"views":20,"p1id":"shatteredpugvgc","p2id":"mignemenzo","formatid":"gen9vgc2023regulationc","rating":1283,"private":0,"password":""}