{"id":"gen9vgc2023regulationc-1854385518","p1":"ssaannccii","p2":"ShatteredPugVGC","format":"[Gen 9] VGC 2023 Regulation C","log":"|j|\u2606ssaannccii\n|j|\u2606ShatteredPugVGC\n|t:|1682804320\n|gametype|doubles\n|player|p1|ssaannccii|265|1211\n|player|p2|ShatteredPugVGC|colress|1215\n|teamsize|p1|6\n|teamsize|p2|6\n|gen|9\n|tier|[Gen 9] VGC 2023 Regulation C\n|rated|\n|rule|Species Clause: Limit one of each Pok\u00e9mon\n|rule|Item Clause: Limit one of each item\n|clearpoke\n|poke|p1|Palafin, L50, M|\n|poke|p1|Ting-Lu, L50|\n|poke|p1|Annihilape, L50, F|\n|poke|p1|Mimikyu, L50, F|\n|poke|p1|Chien-Pao, L50|\n|poke|p1|Iron Bundle, L50|\n|poke|p2|Scream Tail, L50|\n|poke|p2|Wo-Chien, L50|\n|poke|p2|Amoonguss, L50, M|\n|poke|p2|Arcanine, L50, M|\n|poke|p2|Flutter Mane, L50|\n|poke|p2|Rotom-Wash, L50|\n|teampreview|4\n|inactive|Battle timer is ON: inactive players will automatically lose when time's up. (requested by ssaannccii)\nShatteredPugVGC has agreed to open team sheets.\n|inactive|ShatteredPugVGC has 60 seconds left.\n|\n|t:|1682804355\n|start\n|switch|p1a: Annihilape|Annihilape, L50, F|100\/100\n|switch|p1b: Palafin|Palafin, L50, M|100\/100\n|switch|p2a: Scream Tail|Scream Tail, L50|100\/100\n|switch|p2b: Wo-Chien|Wo-Chien, L50|100\/100\n|-ability|p2b: Wo-Chien|Tablets of Ruin\n|-enditem|p2a: Scream Tail|Booster Energy\n|-activate|p2a: Scream Tail|ability: Protosynthesis|[fromitem]\n|-start|p2a: Scream Tail|protosynthesisspe\n|turn|1\n|\n|t:|1682804379\n|detailschange|p1b: Palafin|Palafin-Hero, L50, M\n|switch|p1b: Iron Bundle|Iron Bundle, L50|100\/100\n|-enditem|p1b: Iron Bundle|Booster Energy\n|-activate|p1b: Iron Bundle|ability: Quark Drive|[fromitem]\n|-start|p1b: Iron Bundle|quarkdrivespe\n|move|p2b: Wo-Chien|Protect|p2b: Wo-Chien\n|-singleturn|p2b: Wo-Chien|Protect\n|move|p2a: Scream Tail|Thunder Wave|p1a: Annihilape\n|-status|p1a: Annihilape|par\n|move|p1a: Annihilape|Bulk Up|p1a: Annihilape\n|-boost|p1a: Annihilape|atk|1\n|-boost|p1a: Annihilape|def|1\n|\n|upkeep\n|turn|2\n|\n|t:|1682804400\n|-terastallize|p2b: Wo-Chien|Fire\n|move|p1b: Iron Bundle|Freeze-Dry|p2b: Wo-Chien\n|-resisted|p2b: Wo-Chien\n|-damage|p2b: Wo-Chien|87\/100\n|move|p2a: Scream Tail|Howl|p2a: Scream Tail|[spread] p2a,p2b\n|-boost|p2a: Scream Tail|atk|1\n|-boost|p2b: Wo-Chien|atk|1\n|move|p2b: Wo-Chien|Power Whip|p1b: Iron Bundle\n|-supereffective|p1b: Iron Bundle\n|-damage|p1b: Iron Bundle|0 fnt\n|faint|p1b: Iron Bundle\n|-end|p1b: Iron Bundle|Quark Drive|[silent]\n|move|p1a: Annihilape|Drain Punch|p2b: Wo-Chien\n|-damage|p2b: Wo-Chien|39\/100\n|\n|upkeep\n|\n|t:|1682804416\n|switch|p1b: Palafin|Palafin-Hero, L50, M|100\/100\n|-activate|p1b: Palafin|ability: Zero to Hero\n|turn|3\n|\n|t:|1682804427\n|-terastallize|p1b: Palafin|Water\n|move|p2a: Scream Tail|Howl|p2a: Scream Tail|[spread] p2a,p2b\n|-boost|p2a: Scream Tail|atk|1\n|-boost|p2b: Wo-Chien|atk|1\n|move|p1b: Palafin|Wave Crash|p2a: Scream Tail\n|-damage|p2a: Scream Tail|20\/100\n|-damage|p1b: Palafin|71\/100|[from] Recoil\n|move|p2b: Wo-Chien|Power Whip|p1b: Palafin\n|-supereffective|p1b: Palafin\n|-damage|p1b: Palafin|0 fnt\n|faint|p1b: Palafin\n|cant|p1a: Annihilape|par\n|\n|upkeep\n|\n|t:|1682804441\n|switch|p1b: Ting-Lu|Ting-Lu, L50|100\/100\n|-ability|p1b: Ting-Lu|Vessel of Ruin\n|turn|4\n|\n|t:|1682804448\n|move|p2a: Scream Tail|Psychic Fangs|p1a: Annihilape\n|-supereffective|p1a: Annihilape\n|-crit|p1a: Annihilape\n|-damage|p1a: Annihilape|0 fnt\n|faint|p1a: Annihilape\n|move|p2b: Wo-Chien|Power Whip|p1b: Ting-Lu\n|-supereffective|p1b: Ting-Lu\n|-damage|p1b: Ting-Lu|8\/100\n|move|p1b: Ting-Lu|Rock Slide|p2b: Wo-Chien|[spread] p2a,p2b\n|-supereffective|p2b: Wo-Chien\n|-damage|p2a: Scream Tail|9\/100\n|-damage|p2b: Wo-Chien|11\/100\n|\n|upkeep\n|turn|5\n|-message|ssaannccii forfeited.\n|\n|win|ShatteredPugVGC\n|raw|ssaannccii's rating: 1211 → 1186<\/strong> (-25 for losing)\n|raw|ShatteredPugVGC's rating: 1215 → 1240<\/strong> (+25 for winning)\n|l|\u2606ssaannccii\n|c|\u2606ShatteredPugVGC|GG\n","uploadtime":1682804464,"views":16,"p1id":"ssaannccii","p2id":"shatteredpugvgc","formatid":"gen9vgc2023regulationc","rating":1186,"private":0,"password":""}