{"id":"gen9vgc2023regulationc-1857174342","p1":"vrumvrumnatal","p2":"earwaxvgc","format":"[Gen 9] VGC 2023 Regulation C","log":"|j|\u2606vrumvrumnatal\n|j|\u2606earwaxvgc\n|t:|1683153993\n|gametype|doubles\n|player|p1|vrumvrumnatal|170|1124\n|player|p2|earwaxvgc|twins|1071\n|teamsize|p1|6\n|teamsize|p2|6\n|gen|9\n|tier|[Gen 9] VGC 2023 Regulation C\n|rated|\n|rule|Species Clause: Limit one of each Pok\u00e9mon\n|rule|Item Clause: Limit one of each item\n|clearpoke\n|poke|p1|Ting-Lu, L50|\n|poke|p1|Abomasnow, L50, F|\n|poke|p1|Flutter Mane, L50|\n|poke|p1|Iron Hands, L50|\n|poke|p1|Bronzong, L50|\n|poke|p1|Arcanine, L50, M|\n|poke|p2|Ceruledge, L50, M|\n|poke|p2|Scizor, L50, M|\n|poke|p2|Salamence, L50, M|\n|poke|p2|Maushold, L50|\n|poke|p2|Chien-Pao, L50|\n|poke|p2|Ting-Lu, L50|\n|teampreview|4\n|inactive|Battle timer is ON: inactive players will automatically lose when time's up. (requested by earwaxvgc)\n|\n|t:|1683154065\n|start\n|switch|p1a: Bronzong|Bronzong, L50|100\/100\n|switch|p1b: Arcanine|Arcanine, L50, M|100\/100\n|switch|p2a: Ting-Lu|Ting-Lu, L50|100\/100\n|switch|p2b: Ceruledge|Ceruledge, L50, M|100\/100\n|-ability|p1b: Arcanine|Intimidate|boost\n|-unboost|p2a: Ting-Lu|atk|1\n|-fail|p2b: Ceruledge|unboost|[from] item: Clear Amulet|[of] p2b: Ceruledge\n|-ability|p2a: Ting-Lu|Vessel of Ruin\n|turn|1\n|inactive|vrumvrumnatal has 30 seconds left.\n|\n|t:|1683154093\n|move|p1b: Arcanine|Protect|p1b: Arcanine\n|-singleturn|p1b: Arcanine|Protect\n|move|p2b: Ceruledge|Ally Switch|p2b: Ceruledge\n|swap|p2b: Ceruledge|0|[from] move: Ally Switch\n|move|p2b: Ting-Lu|Ruination|p1a: Bronzong\n|-damage|p1a: Bronzong|50\/100\n|move|p1a: Bronzong|Trick Room|p1a: Bronzong\n|-fieldstart|move: Trick Room|[of] p1a: Bronzong\n|\n|upkeep\n|turn|2\n|inactive|earwaxvgc has 30 seconds left.\n|\n|t:|1683154122\n|switch|p1b: Abomasnow|Abomasnow, L50, F|100\/100\n|-weather|Snow|[from] ability: Snow Warning|[of] p1b: Abomasnow\n|move|p1a: Bronzong|Protect|p1a: Bronzong\n|-singleturn|p1a: Bronzong|Protect\n|move|p2b: Ting-Lu|Ruination|p1b: Abomasnow\n|-damage|p1b: Abomasnow|51\/100\n|move|p2a: Ceruledge|Bitter Blade|p1a: Bronzong\n|-activate|p1a: Bronzong|move: Protect\n|\n|-weather|Snow|[upkeep]\n|upkeep\n|turn|3\n|inactive|vrumvrumnatal has 30 seconds left.\n|inactive|earwaxvgc has 30 seconds left.\n|inactive|earwaxvgc has 20 seconds left.\n|inactive|earwaxvgc has 15 seconds left.\n|inactive|earwaxvgc has 10 seconds left.\n|\n|t:|1683154169\n|switch|p1a: Arcanine|Arcanine, L50, M|100\/100\n|-ability|p1a: Arcanine|Intimidate|boost\n|-fail|p2a: Ceruledge|unboost|[from] item: Clear Amulet|[of] p2a: Ceruledge\n|-unboost|p2b: Ting-Lu|atk|1\n|switch|p2b: Chien-Pao|Chien-Pao, L50|100\/100\n|-ability|p2b: Chien-Pao|Sword of Ruin\n|-terastallize|p1b: Abomasnow|Water\n|move|p1b: Abomasnow|Blizzard|p2a: Ceruledge|[spread] p2a,p2b\n|-resisted|p2a: Ceruledge\n|-resisted|p2b: Chien-Pao\n|-damage|p2a: Ceruledge|80\/100\n|-damage|p2b: Chien-Pao|73\/100\n|move|p2a: Ceruledge|Bitter Blade|p1b: Abomasnow\n|-resisted|p1b: Abomasnow\n|-damage|p1b: Abomasnow|19\/100\n|-heal|p2a: Ceruledge|100\/100|[from] drain|[of] p1b: Abomasnow\n|\n|-weather|Snow|[upkeep]\n|upkeep\n|turn|4\n|inactive|earwaxvgc has 30 seconds left.\n|\n|t:|1683154199\n|move|p1b: Abomasnow|Protect|p1b: Abomasnow\n|-singleturn|p1b: Abomasnow|Protect\n|move|p2b: Chien-Pao|Protect|p2b: Chien-Pao\n|-singleturn|p2b: Chien-Pao|Protect\n|move|p2a: Ceruledge|Shadow Sneak|p1b: Abomasnow\n|-activate|p1b: Abomasnow|move: Protect\n|move|p1a: Arcanine|Will-O-Wisp|p2b: Chien-Pao\n|-activate|p2b: Chien-Pao|move: Protect\n|\n|-weather|Snow|[upkeep]\n|upkeep\n|turn|5\n|\n|t:|1683154222\n|move|p1a: Arcanine|Extreme Speed|p2b: Chien-Pao\n|-damage|p2b: Chien-Pao|47\/100\n|move|p2a: Ceruledge|Ally Switch|p2a: Ceruledge\n|swap|p2a: Ceruledge|1|[from] move: Ally Switch\n|move|p1b: Abomasnow|Earth Power|p2a: Chien-Pao\n|-damage|p2a: Chien-Pao|6\/100\n|move|p2a: Chien-Pao|Sacred Sword|p1b: Abomasnow\n|-damage|p1b: Abomasnow|0 fnt\n|faint|p1b: Abomasnow\n|\n|-weather|Snow|[upkeep]\n|-fieldend|move: Trick Room\n|upkeep\n|\n|t:|1683154236\n|switch|p1b: Ting-Lu|Ting-Lu, L50|100\/100\n|-ability|p1b: Ting-Lu|Vessel of Ruin\n|turn|6\n|\n|t:|1683154260\n|move|p2a: Chien-Pao|Protect|p2a: Chien-Pao\n|-singleturn|p2a: Chien-Pao|Protect\n|move|p2b: Ceruledge|Protect|p2b: Ceruledge\n|-singleturn|p2b: Ceruledge|Protect\n|move|p1a: Arcanine|Protect|p1a: Arcanine\n|-singleturn|p1a: Arcanine|Protect\n|move|p1b: Ting-Lu|Earthquake|p2a: Chien-Pao|[spread] \n|-activate|p1a: Arcanine|move: Protect\n|-activate|p2a: Chien-Pao|move: Protect\n|-activate|p2b: Ceruledge|move: Protect\n|\n|-weather|none\n|upkeep\n|turn|7\n|inactive|earwaxvgc has 30 seconds left.\n|\n|t:|1683154285\n|switch|p1a: Bronzong|Bronzong, L50|50\/100\n|move|p2a: Chien-Pao|Sacred Sword|p1b: Ting-Lu\n|-supereffective|p1b: Ting-Lu\n|-damage|p1b: Ting-Lu|53\/100\n|move|p2b: Ceruledge|Bitter Blade|p1b: Ting-Lu\n|-damage|p1b: Ting-Lu|12\/100\n|move|p1b: Ting-Lu|Earthquake|p2b: Ceruledge|[spread] p2a,p2b\n|-immune|p1a: Bronzong|[from] ability: Levitate\n|-supereffective|p2b: Ceruledge\n|-damage|p2a: Chien-Pao|0 fnt\n|-damage|p2b: Ceruledge|0 fnt\n|faint|p2a: Chien-Pao\n|faint|p2b: Ceruledge\n|\n|upkeep\n|\n|t:|1683154299\n|switch|p2a: Scizor|Scizor, L50, M|100\/100\n|switch|p2b: Ting-Lu|Ting-Lu, L50|100\/100\n|-ability|p2b: Ting-Lu|Vessel of Ruin\n|turn|8\n|inactive|earwaxvgc has 30 seconds left.\n|\n|t:|1683154328\n|switch|p1b: Arcanine|Arcanine, L50, M|100\/100\n|-ability|p1b: Arcanine|Intimidate|boost\n|-unboost|p2a: Scizor|atk|1\n|-unboost|p2b: Ting-Lu|atk|1\n|-terastallize|p2a: Scizor|Water\n|move|p2a: Scizor|Tera Blast|p1b: Arcanine\n|-supereffective|p1b: Arcanine\n|-crit|p1b: Arcanine\n|-damage|p1b: Arcanine|0 fnt\n|faint|p1b: Arcanine\n|move|p2b: Ting-Lu|Ruination|p1a: Bronzong\n|-damage|p1a: Bronzong|26\/100\n|move|p1a: Bronzong|Gyro Ball|p2b: Ting-Lu\n|-damage|p2b: Ting-Lu|94\/100\n|\n|upkeep\n|\n|t:|1683154341\n|switch|p1b: Ting-Lu|Ting-Lu, L50|12\/100\n|-ability|p1b: Ting-Lu|Vessel of Ruin\n|turn|9\n|\n|t:|1683154365\n|move|p2a: Scizor|U-turn|p1b: Ting-Lu\n|-supereffective|p1b: Ting-Lu\n|-damage|p1b: Ting-Lu|0 fnt\n|faint|p1b: Ting-Lu\n|move|p2b: Ting-Lu|Ruination|p1a: Bronzong\n|-damage|p1a: Bronzong|13\/100\n|move|p1a: Bronzong|Gyro Ball|p2b: Ting-Lu\n|-damage|p2b: Ting-Lu|88\/100\n|\n|upkeep\n|turn|10\n|\n|t:|1683154388\n|move|p2a: Scizor|Tera Blast|p1a: Bronzong\n|-damage|p1a: Bronzong|0 fnt\n|faint|p1a: Bronzong\n|\n|win|earwaxvgc\n|raw|vrumvrumnatal's rating: 1124 → 1095<\/strong> (-29 for losing)\n|raw|earwaxvgc's rating: 1071 → 1105<\/strong> (+34 for winning)\n|l|\u2606earwaxvgc\n","uploadtime":1683154393,"views":18,"p1id":"vrumvrumnatal","p2id":"earwaxvgc","formatid":"gen9vgc2023regulationc","rating":1095,"private":0,"password":""}