{"id":"gen9vgc2023regulationc-1851004189","p1":"leafyarrow","p2":"cmywwxy","format":"[Gen 9] VGC 2023 Regulation C","log":"|j|\u2606leafyarrow\n|j|\u2606cmywwxy\n|t:|1682392775\n|gametype|doubles\n|player|p1|leafyarrow|leaf-gen3|1311\n|player|p2|cmywwxy|red|1275\n|teamsize|p1|6\n|teamsize|p2|6\n|gen|9\n|tier|[Gen 9] VGC 2023 Regulation C\n|rated|\n|rule|Species Clause: Limit one of each Pok\u00e9mon\n|rule|Item Clause: Limit one of each item\n|clearpoke\n|poke|p1|Flutter Mane, L50|\n|poke|p1|Palafin, L50, F|\n|poke|p1|Amoonguss, L50, F|\n|poke|p1|Ting-Lu, L50|\n|poke|p1|Arcanine, L50, M|\n|poke|p1|Jolteon, L50, M|\n|poke|p2|Torkoal, L50, M|\n|poke|p2|Jumpluff, L50, F|\n|poke|p2|Flutter Mane, L50|\n|poke|p2|Great Tusk, L50|\n|poke|p2|Chien-Pao, L50|\n|poke|p2|Kingambit, L50, M|\n|teampreview|4\n|inactive|Battle timer is ON: inactive players will automatically lose when time's up. (requested by cmywwxy)\nleafyarrow has agreed to open team sheets.\n|inactive|leafyarrow has 60 seconds left.\n|inactive|cmywwxy has 60 seconds left.\n|\n|t:|1682392824\n|start\n|switch|p1a: Amoonguss|Amoonguss, L50, F|100\/100\n|switch|p1b: Palafin|Palafin, L50, F|100\/100\n|switch|p2a: Jumpluff|Jumpluff, L50, F|100\/100\n|switch|p2b: Torkoal|Torkoal, L50, M|100\/100\n|-weather|SunnyDay|[from] ability: Drought|[of] p2b: Torkoal\n|turn|1\n|inactive|cmywwxy has 30 seconds left.\n|\n|t:|1682392854\n|detailschange|p1b: Palafin|Palafin-Hero, L50, F\n|switch|p1b: Ting-Lu|Ting-Lu, L50|100\/100\n|-ability|p1b: Ting-Lu|Vessel of Ruin\n|move|p2a: Jumpluff|Tailwind|p2a: Jumpluff\n|-sidestart|p2: cmywwxy|move: Tailwind\n|move|p2b: Torkoal|Overheat|p1a: Amoonguss\n|-supereffective|p1a: Amoonguss\n|-damage|p1a: Amoonguss|23\/100\n|-unboost|p2b: Torkoal|spa|2\n|-enditem|p2b: Torkoal|Eject Pack\n|-enditem|p1a: Amoonguss|Sitrus Berry|[eat]\n|-heal|p1a: Amoonguss|48\/100|[from] item: Sitrus Berry\n|\n|t:|1682392868\n|switch|p2b: Flutter Mane|Flutter Mane, L50|100\/100\n|-activate|p2b: Flutter Mane|ability: Protosynthesis\n|-start|p2b: Flutter Mane|protosynthesisspe\n|move|p1a: Amoonguss|Spore|p2b: Flutter Mane\n|-status|p2b: Flutter Mane|slp|[from] move: Spore\n|\n|-weather|SunnyDay|[upkeep]\n|upkeep\n|turn|2\n|\n|t:|1682392892\n|switch|p1a: Arcanine|Arcanine, L50, M|100\/100\n|-ability|p1a: Arcanine|Intimidate|boost\n|-unboost|p2a: Jumpluff|atk|1\n|-unboost|p2b: Flutter Mane|atk|1\n|move|p2a: Jumpluff|Encore||[still]\n|-fail|p2a: Jumpluff\n|cant|p2b: Flutter Mane|slp\n|move|p1b: Ting-Lu|Heavy Slam|p2b: Flutter Mane\n|-supereffective|p2b: Flutter Mane\n|-damage|p2b: Flutter Mane|0 fnt\n|faint|p2b: Flutter Mane\n|-end|p2b: Flutter Mane|Protosynthesis|[silent]\n|\n|-weather|SunnyDay|[upkeep]\n|upkeep\n|\n|t:|1682392905\n|switch|p2b: Great Tusk|Great Tusk, L50|100\/100\n|-activate|p2b: Great Tusk|ability: Protosynthesis\n|-start|p2b: Great Tusk|protosynthesisatk\n|turn|3\n|inactive|leafyarrow has 30 seconds left.\n|\n|t:|1682392937\n|-terastallize|p2b: Great Tusk|Fire\n|-terastallize|p1a: Arcanine|Grass\n|move|p2a: Jumpluff|Sleep Powder|p1a: Arcanine\n|-immune|p1a: Arcanine\n|move|p2b: Great Tusk|Earthquake|p1b: Ting-Lu|[spread] p1a,p1b\n|-immune|p2a: Jumpluff\n|-resisted|p1a: Arcanine\n|-damage|p1a: Arcanine|75\/100\n|-damage|p1b: Ting-Lu|74\/100\n|move|p1a: Arcanine|Will-O-Wisp|p2b: Great Tusk\n|-immune|p2b: Great Tusk\n|move|p1b: Ting-Lu|Ruination|p2b: Great Tusk\n|-damage|p2b: Great Tusk|50\/100\n|\n|-weather|SunnyDay|[upkeep]\n|upkeep\n|turn|4\n|inactive|leafyarrow has 30 seconds left.\n|inactive|cmywwxy has 30 seconds left.\n|c|\u2606cmywwxy|gl\n|c|\u2606cmywwxy|gg\n|inactive|cmywwxy has 20 seconds left.\n|\n|t:|1682392976\n|switch|p1b: Amoonguss|Amoonguss, L50, F|81\/100\n|move|p1a: Arcanine|Extreme Speed|p2b: Great Tusk\n|-damage|p2b: Great Tusk|34\/100\n|move|p2a: Jumpluff|Encore||[still]\n|-fail|p2a: Jumpluff\n|move|p2b: Great Tusk|Earthquake|p1b: Amoonguss|[spread] p1a,p1b\n|-immune|p2a: Jumpluff\n|-resisted|p1a: Arcanine\n|-damage|p1a: Arcanine|50\/100\n|-damage|p1b: Amoonguss|43\/100\n|\n|-weather|SunnyDay|[upkeep]\n|-sideend|p2: cmywwxy|move: Tailwind\n|upkeep\n|turn|5\n|inactive|leafyarrow has 30 seconds left.\n|inactive|leafyarrow has 20 seconds left.\n|inactive|leafyarrow has 15 seconds left.\n|\n|t:|1682393020\n|move|p2a: Jumpluff|Leaf Storm|p1b: Amoonguss\n|-resisted|p1b: Amoonguss\n|-damage|p1b: Amoonguss|37\/100\n|-unboost|p2a: Jumpluff|spa|2\n|move|p2b: Great Tusk|Earthquake|p1b: Amoonguss|[spread] p1a,p1b\n|-immune|p2a: Jumpluff\n|-resisted|p1a: Arcanine\n|-damage|p1a: Arcanine|24\/100\n|-damage|p1b: Amoonguss|0 fnt\n|faint|p1b: Amoonguss\n|move|p1a: Arcanine|Flare Blitz|p2b: Great Tusk\n|-resisted|p2b: Great Tusk\n|-damage|p2b: Great Tusk|7\/100\n|-damage|p1a: Arcanine|15\/100|[from] Recoil\n|\n|-weather|none\n|-end|p2b: Great Tusk|Protosynthesis\n|upkeep\n|inactive|leafyarrow has 30 seconds left.\n|inactive|leafyarrow has 20 seconds left.\n|\n|t:|1682393056\n|switch|p1b: Ting-Lu|Ting-Lu, L50|74\/100\n|-ability|p1b: Ting-Lu|Vessel of Ruin\n|turn|6\n|\n|t:|1682393063\n|move|p1a: Arcanine|Extreme Speed|p2b: Great Tusk\n|-damage|p2b: Great Tusk|0 fnt\n|faint|p2b: Great Tusk\n|-end|p2b: Great Tusk|Protosynthesis|[silent]\n|move|p2a: Jumpluff|Tailwind|p2a: Jumpluff\n|-sidestart|p2: cmywwxy|move: Tailwind\n|move|p1b: Ting-Lu|Heavy Slam|p2a: Jumpluff\n|-damage|p2a: Jumpluff|65\/100\n|\n|upkeep\n|\n|t:|1682393070\n|switch|p2b: Torkoal|Torkoal, L50, M|100\/100\n|-weather|SunnyDay|[from] ability: Drought|[of] p2b: Torkoal\n|turn|7\n|\n|t:|1682393090\n|move|p1a: Arcanine|Extreme Speed|p2b: Torkoal\n|-damage|p2b: Torkoal|84\/100\n|move|p2a: Jumpluff|Sleep Powder|p1b: Ting-Lu\n|-status|p1b: Ting-Lu|slp|[from] move: Sleep Powder\n|move|p2b: Torkoal|Overheat|p1a: Arcanine\n|-supereffective|p1a: Arcanine\n|-damage|p1a: Arcanine|0 fnt\n|-unboost|p2b: Torkoal|spa|2\n|faint|p1a: Arcanine\n|cant|p1b: Ting-Lu|slp\n|\n|-weather|SunnyDay|[upkeep]\n|upkeep\n|\n|t:|1682393102\n|switch|p1a: Palafin|Palafin-Hero, L50, F|100\/100\n|-activate|p1a: Palafin|ability: Zero to Hero\n|turn|8\n|\n|t:|1682393109\n|move|p2b: Torkoal|Helping Hand|p2a: Jumpluff\n|-singleturn|p2a: Jumpluff|Helping Hand|[of] p2b: Torkoal\n|move|p2a: Jumpluff|Leaf Storm|p1a: Palafin\n|-supereffective|p1a: Palafin\n|-damage|p1a: Palafin|70\/100\n|-unboost|p2a: Jumpluff|spa|2\n|move|p1a: Palafin|Wave Crash|p2b: Torkoal\n|-supereffective|p2b: Torkoal\n|-damage|p2b: Torkoal|12\/100\n|-damage|p1a: Palafin|49\/100|[from] Recoil\n|cant|p1b: Ting-Lu|slp\n|\n|-weather|SunnyDay|[upkeep]\n|upkeep\n|turn|9\n|c|\u2606cmywwxy|hf\n|\n|t:|1682393134\n|move|p1a: Palafin|Protect|p1a: Palafin\n|-singleturn|p1a: Palafin|Protect\n|move|p2b: Torkoal|Protect|p2b: Torkoal\n|-singleturn|p2b: Torkoal|Protect\n|move|p2a: Jumpluff|Sleep Powder|p1a: Palafin\n|-activate|p1a: Palafin|move: Protect\n|cant|p1b: Ting-Lu|slp\n|\n|-weather|SunnyDay|[upkeep]\n|-sideend|p2: cmywwxy|move: Tailwind\n|upkeep\n|turn|10\n|-message|cmywwxy forfeited.\n|\n|win|leafyarrow\n|raw|leafyarrow's rating: 1311 → 1329<\/strong> (+18 for winning)\n|raw|cmywwxy's rating: 1275 → 1253<\/strong> (-22 for losing)\n","uploadtime":1682393148,"views":13,"p1id":"leafyarrow","p2id":"cmywwxy","formatid":"gen9vgc2023regulationc","rating":1253,"private":0,"password":""}