{"id":"gen9vgc2023regulationc-1859540666","p1":"TonyJazs","p2":"CloobBurgermeister","format":"[Gen 9] VGC 2023 Regulation C","log":"|j|\u2606TonyJazs\n|j|\u203dCloobBurgermeister\n|t:|1683538545\n|gametype|doubles\n|player|p1|TonyJazs|brawly|1000\n|player|p2|CloobBurgermeister|102|1022\n|teamsize|p1|6\n|teamsize|p2|6\n|gen|9\n|tier|[Gen 9] VGC 2023 Regulation C\n|rated|\n|rule|Species Clause: Limit one of each Pok\u00e9mon\n|rule|Item Clause: Limit one of each item\n|clearpoke\n|poke|p1|Sableye, L50, M|\n|poke|p1|Magnezone, L50|\n|poke|p1|Eelektross, L50, F|\n|poke|p1|Flutter Mane, L50|\n|poke|p1|Chien-Pao, L50|\n|poke|p1|Garganacl, L50, F|\n|poke|p2|Dragonite, L50, F|\n|poke|p2|Arcanine, L50, M|\n|poke|p2|Gastrodon, L50, M|\n|poke|p2|Ting-Lu, L50|\n|poke|p2|Palafin, L50, F|\n|poke|p2|Flutter Mane, L50|\n|teampreview|4\n|inactive|Battle timer is ON: inactive players will automatically lose when time's up. (requested by TonyJazs)\n|inactive|TonyJazs has 60 seconds left.\n|inactive|CloobBurgermeister has 60 seconds left.\n|\n|t:|1683538579\n|start\n|switch|p1a: Flutter Mane|Flutter Mane, L50, shiny|100\/100\n|switch|p1b: Eelektross|Eelektross, L50, F, shiny|100\/100\n|switch|p2a: Dragonite|Dragonite, L50, F|100\/100\n|switch|p2b: Gastrodon|Gastrodon, L50, M|100\/100\n|-enditem|p1a: Flutter Mane|Booster Energy\n|-activate|p1a: Flutter Mane|ability: Protosynthesis|[fromitem]\n|-start|p1a: Flutter Mane|protosynthesisspd\n|turn|1\n|inactive|TonyJazs has 30 seconds left.\n|\n|t:|1683538610\n|move|p1a: Flutter Mane|Shadow Ball|p2b: Gastrodon\n|-damage|p2b: Gastrodon|65\/100\n|move|p1b: Eelektross|Giga Drain|p2b: Gastrodon\n|-supereffective|p2b: Gastrodon\n|-damage|p2b: Gastrodon|0 fnt\n|faint|p2b: Gastrodon\n|move|p2a: Dragonite|Dragon Tail|p1b: Eelektross\n|-damage|p1b: Eelektross|71\/100\n|drag|p1b: Garganacl|Garganacl, L50, F|100\/100\n|\n|upkeep\n|\n|t:|1683538620\n|switch|p2b: Palafin|Palafin, L50, F|100\/100\n|turn|2\n|\n|t:|1683538640\n|detailschange|p2b: Palafin|Palafin-Hero, L50, F\n|switch|p2b: Ting-Lu|Ting-Lu, L50|100\/100\n|-ability|p2b: Ting-Lu|Vessel of Ruin\n|move|p1a: Flutter Mane|Dazzling Gleam|p2a: Dragonite|[spread] p2a,p2b\n|-supereffective|p2a: Dragonite\n|-supereffective|p2b: Ting-Lu\n|-damage|p2a: Dragonite|83\/100\n|-damage|p2b: Ting-Lu|71\/100\n|move|p1b: Garganacl|Salt Cure|p2a: Dragonite\n|-supereffective|p2a: Dragonite\n|-damage|p2a: Dragonite|62\/100\n|-start|p2a: Dragonite|Salt Cure\n|move|p2a: Dragonite|Dragon Tail|p1b: Garganacl|[miss]\n|-miss|p2a: Dragonite|p1b: Garganacl\n|\n|-damage|p2a: Dragonite|50\/100|[from] Salt Cure\n|upkeep\n|turn|3\n|inactive|CloobBurgermeister has 30 seconds left.\n|\n|t:|1683538671\n|switch|p2a: Palafin|Palafin-Hero, L50, F|100\/100\n|-activate|p2a: Palafin|ability: Zero to Hero\n|-terastallize|p1a: Flutter Mane|Fairy\n|move|p1a: Flutter Mane|Dazzling Gleam|p2b: Ting-Lu|[spread] p2a,p2b\n|-supereffective|p2b: Ting-Lu\n|-damage|p2a: Palafin|80\/100\n|-damage|p2b: Ting-Lu|28\/100\n|-enditem|p2b: Ting-Lu|Sitrus Berry|[eat]\n|-heal|p2b: Ting-Lu|53\/100|[from] item: Sitrus Berry\n|move|p2b: Ting-Lu|Fissure|p1a: Flutter Mane|[miss]\n|-miss|p2b: Ting-Lu|p1a: Flutter Mane\n|move|p1b: Garganacl|Salt Cure|p2b: Ting-Lu\n|-resisted|p2b: Ting-Lu\n|-damage|p2b: Ting-Lu|50\/100\n|-start|p2b: Ting-Lu|Salt Cure\n|\n|-heal|p2a: Palafin|86\/100|[from] item: Leftovers\n|-damage|p2b: Ting-Lu|37\/100|[from] Salt Cure\n|upkeep\n|turn|4\n|inactive|TonyJazs has 30 seconds left.\n|inactive|CloobBurgermeister has 30 seconds left.\n|\n|t:|1683538703\n|-terastallize|p2b: Ting-Lu|Fire\n|move|p1a: Flutter Mane|Shadow Ball|p2a: Palafin\n|-damage|p2a: Palafin|66\/100\n|move|p2a: Palafin|Bulk Up|p2a: Palafin\n|-boost|p2a: Palafin|atk|1\n|-boost|p2a: Palafin|def|1\n|move|p2b: Ting-Lu|Stomping Tantrum|p1a: Flutter Mane\n|-damage|p1a: Flutter Mane|9\/100\n|move|p1b: Garganacl|Salt Cure|p2a: Palafin\n|-damage|p2a: Palafin|57\/100\n|-start|p2a: Palafin|Salt Cure\n|\n|-heal|p2a: Palafin|63\/100|[from] item: Leftovers\n|-damage|p2a: Palafin|38\/100|[from] Salt Cure\n|-damage|p2b: Ting-Lu|25\/100|[from] Salt Cure\n|upkeep\n|turn|5\n|inactive|TonyJazs has 30 seconds left.\n|\n|t:|1683538735\n|move|p1a: Flutter Mane|Shadow Ball|p2b: Ting-Lu\n|-damage|p2b: Ting-Lu|4\/100\n|move|p2a: Palafin|Wave Crash|p1b: Garganacl\n|-supereffective|p1b: Garganacl\n|-damage|p1b: Garganacl|0 fnt\n|faint|p1b: Garganacl\n|-damage|p2a: Palafin|5\/100|[from] Recoil\n|move|p2b: Ting-Lu|Stomping Tantrum|p1a: Flutter Mane\n|-damage|p1a: Flutter Mane|0 fnt\n|faint|p1a: Flutter Mane\n|-end|p1a: Flutter Mane|Protosynthesis|[silent]\n|\n|-heal|p2a: Palafin|11\/100|[from] item: Leftovers\n|-damage|p2a: Palafin|0 fnt|[from] Salt Cure\n|faint|p2a: Palafin\n|-damage|p2b: Ting-Lu|0 fnt|[from] Salt Cure\n|faint|p2b: Ting-Lu\n|upkeep\n|\n|t:|1683538752\n|switch|p1a: Chien-Pao|Chien-Pao, L50|100\/100\n|switch|p2b: Dragonite|Dragonite, L50, F|50\/100\n|switch|p1b: Eelektross|Eelektross, L50, F, shiny|71\/100\n|-ability|p1a: Chien-Pao|Sword of Ruin\n|turn|6\n|\n|t:|1683538770\n|move|p1a: Chien-Pao|Ice Shard|p2b: Dragonite\n|-supereffective|p2b: Dragonite\n|-damage|p2b: Dragonite|0 fnt\n|faint|p2b: Dragonite\n|\n|win|TonyJazs\n|raw|TonyJazs's rating: 1000 → 1043<\/strong> (+43 for winning)\n|raw|CloobBurgermeister's rating: 1022 → 1008<\/strong> (-14 for losing)\n|l|\u203dCloobBurgermeister\n|c|\u2606TonyJazs|gg\n||Ladder isn't responding, score probably updated but might not have (Request timeout).\n","uploadtime":1683539111,"views":11,"p1id":"tonyjazs","p2id":"cloobburgermeister","formatid":"gen9vgc2023regulationc","rating":1008,"private":0,"password":""}