{"id":"gen9vgc2023regulationc-1862681308","p1":"JMOdri","p2":"Owe","format":"[Gen 9] VGC 2023 Regulation C","log":"|j|\u2606JMOdri\n|j|\u2606Owe\n|t:|1683911689\n|gametype|doubles\n|player|p1|JMOdri|#vgcwliikilowattrels|\n|player|p2|Owe|#vgcwliikilowattrels|\n|teamsize|p1|6\n|teamsize|p2|6\n|gen|9\n|tier|[Gen 9] VGC 2023 Regulation C\n|rule|Species Clause: Limit one of each Pok\u00e9mon\n|rule|Item Clause: Limit one of each item\n|clearpoke\n|poke|p1|Ting-Lu, L50|\n|poke|p1|Amoonguss, L50, M|\n|poke|p1|Iron Hands, L50|\n|poke|p1|Flutter Mane, L50|\n|poke|p1|Palafin, L50, M|\n|poke|p1|Arcanine, L50, M|\n|poke|p2|Gyarados, L50, F|\n|poke|p2|Ting-Lu, L50|\n|poke|p2|Amoonguss, L50, F|\n|poke|p2|Chi-Yu, L50|\n|poke|p2|Iron Hands, L50|\n|poke|p2|Flutter Mane, L50|\n|teampreview|4\n|c|\u2606JMOdri|g1\nJMOdri has agreed to open team sheets.\nOwe has agreed to open team sheets.\n|c|\u2606Owe|\/log Owe made this room public.\n|c|\u2606Owe|glhf\n|j| baaaaat_\n|c| baaaaat_|kilowattrel battle\n|j| pokeway96\n|c|\u2606JMOdri|glhf\n|c|\u2606Owe|:-(\n|j| TabuVGC\n|j| SvenVGC\n|j| Sratsym\n|\n|t:|1683911874\n|start\n|switch|p1a: Iron Hands|Iron Hands, L50|100\/100\n|switch|p1b: Palafin|Palafin, L50, M, shiny|100\/100\n|switch|p2a: Lozano|Amoonguss, L50, F, shiny|100\/100\n|switch|p2b: Mario Rui|Chi-Yu, L50|100\/100\n|-ability|p2b: Mario Rui|Beads of Ruin\n|turn|1\n|inactive|Battle timer is ON: inactive players will automatically lose when time's up. (requested by Owe)\n|\n|t:|1683911898\n|switch|p2a: Osimhen|Iron Hands, L50, shiny|100\/100\n|move|p2b: Mario Rui|Protect|p2b: Mario Rui\n|-singleturn|p2b: Mario Rui|Protect\n|move|p1a: Iron Hands|Fake Out|p2b: Mario Rui\n|-activate|p2b: Mario Rui|move: Protect\n|move|p1b: Palafin|Taunt|p2a: Osimhen\n|-start|p2a: Osimhen|move: Taunt\n|\n|upkeep\n|turn|2\n|\n|t:|1683911917\n|-end|p1a: Iron Hands|Quark Drive|[silent]\n|switch|p1a: Arcanine|Arcanine, L50, M, shiny|100\/100\n|-ability|p1a: Arcanine|Intimidate|boost\n|-unboost|p2a: Osimhen|atk|1\n|-unboost|p2b: Mario Rui|atk|1\n|-terastallize|p2b: Mario Rui|Water\n|move|p2a: Osimhen|Fake Out|p1a: Arcanine\n|-damage|p1a: Arcanine|92\/100\n|move|p2b: Mario Rui|Nasty Plot|p2b: Mario Rui\n|-boost|p2b: Mario Rui|spa|2\n|move|p1b: Palafin|Wave Crash|p2b: Mario Rui\n|-resisted|p2b: Mario Rui\n|-damage|p2b: Mario Rui|69\/100\n|-damage|p1b: Palafin|92\/100|[from] Recoil\n|\n|-heal|p2b: Mario Rui|74\/100|[from] item: Leftovers\n|upkeep\n|turn|3\n|inactive|JMOdri has 30 seconds left.\n|inactive|Owe has 30 seconds left.\n|\n|t:|1683911949\n|detailschange|p1b: Palafin|Palafin-Hero, L50, M, shiny\n|switch|p1b: Iron Hands|Iron Hands, L50|100\/100\n|-end|p2a: Osimhen|Quark Drive|[silent]\n|switch|p2a: Dilorenzo|Gyarados, L50, F|100\/100\n|-ability|p2a: Dilorenzo|Intimidate|boost\n|-unboost|p1a: Arcanine|atk|1\n|-unboost|p1b: Iron Hands|atk|1\n|move|p1a: Arcanine|Protect|p1a: Arcanine\n|-singleturn|p1a: Arcanine|Protect\n|move|p2b: Mario Rui|Heat Wave|p1a: Arcanine|[spread] p1b\n|-activate|p1a: Arcanine|move: Protect\n|-damage|p1b: Iron Hands|60\/100\n|\n|-heal|p2b: Mario Rui|80\/100|[from] item: Leftovers\n|upkeep\n|turn|4\n|inactive|JMOdri has 30 seconds left.\n|inactive|JMOdri has 20 seconds left.\n|inactive|JMOdri has 15 seconds left.\n|\n|t:|1683911993\n|switch|p1a: Amoonguss|Amoonguss, L50, M, shiny|100\/100\n|switch|p2a: Osimhen|Iron Hands, L50, shiny|100\/100\n|move|p2b: Mario Rui|Protect|p2b: Mario Rui\n|-singleturn|p2b: Mario Rui|Protect\n|move|p1b: Iron Hands|Fake Out|p2b: Mario Rui\n|-activate|p2b: Mario Rui|move: Protect\n|\n|-heal|p2b: Mario Rui|86\/100|[from] item: Leftovers\n|upkeep\n|turn|5\n|inactive|Owe has 30 seconds left.\n|inactive|Owe has 20 seconds left.\n|inactive|Owe has 15 seconds left.\n|\n|t:|1683912037\n|switch|p1a: Arcanine|Arcanine, L50, M, shiny|92\/100\n|-ability|p1a: Arcanine|Intimidate|boost\n|-unboost|p2a: Osimhen|atk|1\n|-unboost|p2b: Mario Rui|atk|1\n|move|p2b: Mario Rui|Heat Wave|p1a: Arcanine|[spread] p1a,p1b\n|-resisted|p1a: Arcanine\n|-damage|p1a: Arcanine|47\/100\n|-damage|p1b: Iron Hands|17\/100\n|move|p2a: Osimhen|Wild Charge|p1a: Arcanine\n|-damage|p1a: Arcanine|16\/100\n|-damage|p2a: Osimhen|95\/100|[from] Recoil\n|move|p1b: Iron Hands|Volt Switch|p2b: Mario Rui\n|-supereffective|p2b: Mario Rui\n|-damage|p2b: Mario Rui|63\/100\n|inactive|JMOdri has 30 seconds left.\n|inactive|JMOdri has 20 seconds left.\n|\n|t:|1683912075\n|-end|p1b: Iron Hands|Quark Drive|[silent]\n|switch|p1b: Amoonguss|Amoonguss, L50, M, shiny|100\/100|[from] Volt Switch\n|\n|-heal|p2b: Mario Rui|69\/100|[from] item: Leftovers\n|upkeep\n|turn|6\n|inactive|JMOdri has 30 seconds left.\n|inactive|Owe has 30 seconds left.\n|inactive|JMOdri has 20 seconds left.\n|inactive|JMOdri has 15 seconds left.\n|inactive|JMOdri has 10 seconds left.\n|\n|t:|1683912122\n|switch|p1a: Iron Hands|Iron Hands, L50|17\/100\n|-terastallize|p1b: Amoonguss|Water\n|move|p2b: Mario Rui|Dark Pulse|p1b: Amoonguss\n|-damage|p1b: Amoonguss|10\/100\n|-enditem|p1b: Amoonguss|Sitrus Berry|[eat]\n|-heal|p1b: Amoonguss|35\/100|[from] item: Sitrus Berry\n|move|p2a: Osimhen|Wild Charge|p1b: Amoonguss\n|-supereffective|p1b: Amoonguss\n|-damage|p1b: Amoonguss|0 fnt\n|faint|p1b: Amoonguss\n|-damage|p2a: Osimhen|87\/100|[from] Recoil\n|\n|-heal|p2b: Mario Rui|74\/100|[from] item: Leftovers\n|upkeep\n|\n|t:|1683912136\n|switch|p1b: Palafin|Palafin-Hero, L50, M, shiny|92\/100\n|-activate|p1b: Palafin|ability: Zero to Hero\n|turn|7\n|inactive|JMOdri has 30 seconds left.\n|inactive|JMOdri has 20 seconds left.\n|inactive|JMOdri has 15 seconds left.\n|inactive|JMOdri has 10 seconds left.\n|inactive|JMOdri has 5 seconds left.\n|\n|t:|1683912191\n|-end|p2a: Osimhen|Quark Drive|[silent]\n|switch|p2a: Lozano|Amoonguss, L50, F, shiny|100\/100\n|move|p2b: Mario Rui|Protect|p2b: Mario Rui\n|-singleturn|p2b: Mario Rui|Protect\n|move|p1b: Palafin|Wave Crash|p2b: Mario Rui\n|-activate|p2b: Mario Rui|move: Protect\n|move|p1a: Iron Hands|Wild Charge|p2b: Mario Rui\n|-activate|p2b: Mario Rui|move: Protect\n|\n|-heal|p2b: Mario Rui|80\/100|[from] item: Leftovers\n|upkeep\n|turn|8\n|c|\u2606JMOdri|gg\n|-message|JMOdri forfeited.\n|\n|win|Owe\n|l| pokeway96\n|j| pokeway96\n|l| pokeway96\n|j| cybertr0nvgc7\n|l| cybertr0nvgc7\n|j| Star Rail\n|l| Star Rail\n","uploadtime":1683912976,"views":22,"p1id":"jmodri","p2id":"owe","formatid":"gen9vgc2023regulationc","rating":0,"private":0,"password":""}