{"id":"gen9vgc2023regulationc-1863928013","p1":"SparkyMark225","p2":"NealeMaker","format":"[Gen 9] VGC 2023 Regulation C","log":"|j|\u2606SparkyMark225\n|j|\u2606NealeMaker\n|t:|1684094321\n|gametype|doubles\n|player|p1|SparkyMark225|265|\n|player|p2|NealeMaker|unknown|\n|teamsize|p1|6\n|teamsize|p2|6\n|gen|9\n|tier|[Gen 9] VGC 2023 Regulation C\n|rule|Species Clause: Limit one of each Pok\u00e9mon\n|rule|Item Clause: Limit one of each item\n|clearpoke\n|poke|p1|Orthworm, L50, M|\n|poke|p1|Garchomp, L50, M|\n|poke|p1|Iron Bundle, L50|\n|poke|p1|Talonflame, L50, F|\n|poke|p1|Abomasnow, L50, F|\n|poke|p1|Chi-Yu, L50|\n|poke|p2|Azumarill, L50, F|\n|poke|p2|Flutter Mane, L50|\n|poke|p2|Chien-Pao, L50|\n|poke|p2|Dragonite, L50, F|\n|poke|p2|Kingambit, L50, F|\n|poke|p2|Volcarona, L50, M|\n|teampreview|4\n|c|\u2606SparkyMark225|G1\nSparkyMark225 has agreed to open team sheets.\n|j| Arch11Heretic\n|l|\u2606NealeMaker\n|player|p2|\n|j| SuperRishiSunak\n|l| SuperRishiSunak\n|j| SuperRishiSunak\n|j|\u2606NealeMaker\n|player|p2|NealeMaker|unknown\n|l| SuperRishiSunak\n|j| XerneusVGC\n|j| SuperRishiSunak\n|l| XerneusVGC\n|l| SuperRishiSunak\n|j| SuperRishiSunak\n|l|\u2606NealeMaker\n|player|p2|\n|j| DavidPartVGC\n|l| SuperRishiSunak\n|j|\u2606NealeMaker\n|player|p2|NealeMaker|unknown\nNealeMaker has agreed to open team sheets.\n|l| DavidPartVGC\n|j| DavidPartVGC\n|j| SuperRishiSunak\n|\n|t:|1684095015\n|start\n|switch|p1a: Talonflame|Talonflame, L50, F|100\/100\n|switch|p1b: Garchomp|Garchomp, L50, M|100\/100\n|switch|p2a: Dragonite|Dragonite, L50, F|100\/100\n|switch|p2b: Chien-Pao|Chien-Pao, L50|100\/100\n|-ability|p2b: Chien-Pao|Sword of Ruin\n|turn|1\n|l| SuperRishiSunak\n|j| NidoRich\n|j| SuperRishiSunak\n|\n|t:|1684095082\n|-terastallize|p1a: Talonflame|Ghost\n|move|p1a: Talonflame|Tailwind|p1a: Talonflame\n|-sidestart|p1: SparkyMark225|move: Tailwind\n|move|p1b: Garchomp|Rock Slide|p2a: Dragonite|[spread] p2a,p2b\n|-supereffective|p2a: Dragonite\n|-supereffective|p2b: Chien-Pao\n|-damage|p2a: Dragonite|49\/100\n|-damage|p2b: Chien-Pao|51\/100\n|cant|p2b: Chien-Pao|flinch\n|move|p2a: Dragonite|Outrage|p1b: Garchomp\n|-supereffective|p1b: Garchomp\n|-damage|p1b: Garchomp|0 fnt\n|-damage|p2a: Dragonite|36\/100|[from] ability: Rough Skin|[of] p1b: Garchomp\n|faint|p1b: Garchomp\n|\n|upkeep\n|\n|t:|1684095096\n|switch|p1b: Chi-Yu|Chi-Yu, L50|100\/100\n|-ability|p1b: Chi-Yu|Beads of Ruin\n|turn|2\n|\n|t:|1684095111\n|switch|p2b: Volcarona|Volcarona, L50, M|100\/100\n|move|p1a: Talonflame|Brave Bird|p2b: Volcarona\n|-supereffective|p2b: Volcarona\n|-damage|p2b: Volcarona|11\/100\n|-damage|p1a: Talonflame|64\/100|[from] Recoil\n|move|p1b: Chi-Yu|Dark Pulse|p2a: Dragonite\n|-damage|p2a: Dragonite|0 fnt\n|faint|p2a: Dragonite\n|\n|upkeep\n|\n|t:|1684095121\n|switch|p2a: Azumarill|Azumarill, L50, F, shiny|100\/100\n|turn|3\n|\n|t:|1684095140\n|move|p2b: Volcarona|Rage Powder|p2b: Volcarona\n|-singleturn|p2b: Volcarona|move: Rage Powder\n|move|p2a: Azumarill|Aqua Jet|p1a: Talonflame\n|-damage|p1a: Talonflame|17\/100\n|-damage|p2a: Azumarill|91\/100|[from] item: Life Orb\n|move|p1a: Talonflame|Will-O-Wisp|p2b: Volcarona\n|-immune|p2b: Volcarona\n|move|p1b: Chi-Yu|Heat Wave|p2b: Volcarona|[spread] p2a,p2b\n|-resisted|p2a: Azumarill\n|-damage|p2a: Azumarill|63\/100\n|-damage|p2b: Volcarona|0 fnt\n|faint|p2b: Volcarona\n|\n|upkeep\n|\n|t:|1684095151\n|switch|p2b: Chien-Pao|Chien-Pao, L50|51\/100\n|-ability|p2b: Chien-Pao|Sword of Ruin\n|turn|4\n|\n|t:|1684095162\n|move|p2b: Chien-Pao|Sucker Punch|p1a: Talonflame\n|-supereffective|p1a: Talonflame\n|-damage|p1a: Talonflame|0 fnt\n|faint|p1a: Talonflame\n|move|p1b: Chi-Yu|Heat Wave|p2a: Azumarill|[spread] p2a\n|-miss|p1b: Chi-Yu|p2b: Chien-Pao\n|-resisted|p2a: Azumarill\n|-damage|p2a: Azumarill|37\/100\n|move|p2a: Azumarill|Liquidation|p1b: Chi-Yu\n|-supereffective|p1b: Chi-Yu\n|-damage|p1b: Chi-Yu|0 fnt\n|faint|p1b: Chi-Yu\n|-damage|p2a: Azumarill|27\/100|[from] item: Life Orb\n|\n|-sideend|p1: SparkyMark225|move: Tailwind\n|upkeep\n|\n|t:|1684095169\n|switch|p1b: Iron Bundle|Iron Bundle, L50|100\/100\n|-enditem|p1b: Iron Bundle|Booster Energy\n|-activate|p1b: Iron Bundle|ability: Quark Drive|[fromitem]\n|-start|p1b: Iron Bundle|quarkdrivespe\n|turn|5\n|\n|t:|1684095187\n|move|p2b: Chien-Pao|Sucker Punch|p1b: Iron Bundle\n|-damage|p1b: Iron Bundle|49\/100\n|move|p2a: Azumarill|Aqua Jet|p1b: Iron Bundle\n|-resisted|p1b: Iron Bundle\n|-damage|p1b: Iron Bundle|20\/100\n|-damage|p2a: Azumarill|17\/100|[from] item: Life Orb\n|move|p1b: Iron Bundle|Hydro Pump|p2b: Chien-Pao\n|-damage|p2b: Chien-Pao|7\/100\n|\n|upkeep\n|turn|6\n|\n|t:|1684095206\n|move|p2b: Chien-Pao|Sucker Punch|p1b: Iron Bundle\n|-damage|p1b: Iron Bundle|0 fnt\n|faint|p1b: Iron Bundle\n|-end|p1b: Iron Bundle|Quark Drive|[silent]\n|\n|win|NealeMaker\n|c|\u2606SparkyMark225|gg\n|l| NidoRich\n|l| DavidPartVGC\n|l| Arch11Heretic\n|c|\u2606NealeMaker|gg mate\n|j| Spelunker Xeno\n|l| Spelunker Xeno\n|l| SuperRishiSunak\n","uploadtime":1684095509,"views":9,"p1id":"sparkymark225","p2id":"nealemaker","formatid":"gen9vgc2023regulationc","rating":0,"private":0,"password":""}