{"id":"gen9vgc2023regulationc-1862362380","p1":"GreenScheme","p2":"LaurierLaurier","format":"[Gen 9] VGC 2023 Regulation C","log":"|j|\u2606GreenScheme\n|j|\u2606LaurierLaurier\n|t:|1683873196\n|gametype|doubles\n|player|p1|GreenScheme|preschooler|1123\n|player|p2|LaurierLaurier|aromalady|1000\n|teamsize|p1|6\n|teamsize|p2|6\n|gen|9\n|tier|[Gen 9] VGC 2023 Regulation C\n|rated|\n|rule|Species Clause: Limit one of each Pok\u00e9mon\n|rule|Item Clause: Limit one of each item\n|clearpoke\n|poke|p1|Murkrow, L50, M|\n|poke|p1|Amoonguss, L50, M|\n|poke|p1|Arcanine, L50, M|\n|poke|p1|Hydreigon, L50, F|\n|poke|p1|Gholdengo, L50|\n|poke|p1|Garganacl, L50, F|\n|poke|p2|Tyranitar, L50, M|\n|poke|p2|Gyarados, L50, F|\n|poke|p2|Kingambit, L50, F|\n|poke|p2|Flutter Mane, L50|\n|poke|p2|Iron Moth, L50|\n|poke|p2|Amoonguss, L50, F|\n|teampreview|4\n|inactive|Battle timer is ON: inactive players will automatically lose when time's up. (requested by LaurierLaurier)\n|inactive|LaurierLaurier has 60 seconds left.\n|\n|t:|1683873240\n|start\n|switch|p1a: Murkrow|Murkrow, L50, M|100\/100\n|switch|p1b: Amoonguss|Amoonguss, L50, M|100\/100\n|switch|p2a: Tyranitar|Tyranitar, L50, M|100\/100\n|switch|p2b: Flutter Mane|Flutter Mane, L50|100\/100\n|-weather|Sandstorm|[from] ability: Sand Stream|[of] p2a: Tyranitar\n|turn|1\n|\n|t:|1683873254\n|move|p1a: Murkrow|Tailwind|p1a: Murkrow\n|-sidestart|p1: GreenScheme|move: Tailwind\n|move|p2b: Flutter Mane|Dazzling Gleam|p1b: Amoonguss|[spread] p1a,p1b\n|-supereffective|p1a: Murkrow\n|-resisted|p1b: Amoonguss\n|-damage|p1a: Murkrow|21\/100\n|-damage|p1b: Amoonguss|77\/100\n|move|p1b: Amoonguss|Spore|p2b: Flutter Mane\n|-status|p2b: Flutter Mane|slp|[from] move: Spore\n|move|p2a: Tyranitar|Rock Slide|p1b: Amoonguss|[spread] p1a,p1b\n|-supereffective|p1a: Murkrow\n|-crit|p1b: Amoonguss\n|-damage|p1a: Murkrow|0 fnt\n|-damage|p1b: Amoonguss|42\/100\n|faint|p1a: Murkrow\n|\n|-weather|Sandstorm|[upkeep]\n|-damage|p2b: Flutter Mane|95\/100 slp|[from] Sandstorm\n|-damage|p1b: Amoonguss|36\/100|[from] Sandstorm\n|-heal|p1b: Amoonguss|42\/100|[from] item: Leftovers\n|upkeep\n|\n|t:|1683873262\n|switch|p1a: Gholdengo|Gholdengo, L50|100\/100\n|turn|2\n|\n|t:|1683873286\n|-end|p2b: Flutter Mane|Protosynthesis|[silent]\n|switch|p2b: Gyarados|Gyarados, L50, F|100\/100\n|-ability|p2b: Gyarados|Intimidate|boost\n|-unboost|p1a: Gholdengo|atk|1\n|-unboost|p1b: Amoonguss|atk|1\n|switch|p1b: Hydreigon|Hydreigon, L50, F, shiny|100\/100\n|-terastallize|p2a: Tyranitar|Grass\n|move|p1a: Gholdengo|Make It Rain|p2a: Tyranitar|[spread] p2a,p2b\n|-resisted|p2b: Gyarados\n|-damage|p2a: Tyranitar|58\/100\n|-damage|p2b: Gyarados|69\/100\n|-unboost|p1a: Gholdengo|spa|1\n|move|p2a: Tyranitar|Crunch|p1a: Gholdengo\n|-supereffective|p1a: Gholdengo\n|-damage|p1a: Gholdengo|13\/100\n|\n|-weather|Sandstorm|[upkeep]\n|-damage|p1b: Hydreigon|95\/100|[from] Sandstorm\n|-damage|p2b: Gyarados|63\/100|[from] Sandstorm\n|-damage|p2a: Tyranitar|53\/100|[from] Sandstorm\n|upkeep\n|turn|3\n|inactive|GreenScheme has 30 seconds left.\n|inactive|LaurierLaurier has 30 seconds left.\n|\n|t:|1683873314\n|switch|p1a: Amoonguss|Amoonguss, L50, M|75\/100\n|move|p1b: Hydreigon|Heat Wave|p2b: Gyarados|[spread] p2a,p2b\n|-supereffective|p2a: Tyranitar\n|-resisted|p2b: Gyarados\n|-damage|p2a: Tyranitar|27\/100\n|-damage|p2b: Gyarados|53\/100\n|move|p2b: Gyarados|Icy Wind|p1a: Amoonguss|[spread] p1a,p1b\n|-supereffective|p1a: Amoonguss\n|-supereffective|p1b: Hydreigon\n|-damage|p1a: Amoonguss|66\/100\n|-damage|p1b: Hydreigon|84\/100\n|-unboost|p1a: Amoonguss|spe|1\n|-unboost|p1b: Hydreigon|spe|1\n|move|p2a: Tyranitar|Rock Slide|p1b: Hydreigon|[spread] p1a,p1b\n|-damage|p1a: Amoonguss|46\/100\n|-damage|p1b: Hydreigon|53\/100\n|\n|-weather|Sandstorm|[upkeep]\n|-damage|p1b: Hydreigon|47\/100|[from] Sandstorm\n|-damage|p2b: Gyarados|47\/100|[from] Sandstorm\n|-damage|p2a: Tyranitar|21\/100|[from] Sandstorm\n|-damage|p1a: Amoonguss|40\/100|[from] Sandstorm\n|-heal|p1a: Amoonguss|46\/100|[from] item: Leftovers\n|upkeep\n|turn|4\n|\n|t:|1683873337\n|move|p1b: Hydreigon|Focus Energy|p1b: Hydreigon\n|-start|p1b: Hydreigon|move: Focus Energy\n|move|p2b: Gyarados|Icy Wind|p1a: Amoonguss|[spread] p1a,p1b\n|-supereffective|p1a: Amoonguss\n|-supereffective|p1b: Hydreigon\n|-damage|p1a: Amoonguss|37\/100\n|-damage|p1b: Hydreigon|36\/100\n|-unboost|p1a: Amoonguss|spe|1\n|-unboost|p1b: Hydreigon|spe|1\n|move|p2a: Tyranitar|Rock Slide|p1b: Hydreigon|[spread] p1a,p1b\n|-damage|p1a: Amoonguss|14\/100\n|-damage|p1b: Hydreigon|3\/100\n|move|p1a: Amoonguss|Pollen Puff|p1b: Hydreigon\n|-heal|p1b: Hydreigon|53\/100\n|\n|-weather|Sandstorm|[upkeep]\n|-damage|p1b: Hydreigon|47\/100|[from] Sandstorm\n|-damage|p2b: Gyarados|41\/100|[from] Sandstorm\n|-damage|p2a: Tyranitar|15\/100|[from] Sandstorm\n|-damage|p1a: Amoonguss|8\/100|[from] Sandstorm\n|-heal|p1a: Amoonguss|14\/100|[from] item: Leftovers\n|-sideend|p1: GreenScheme|move: Tailwind\n|upkeep\n|turn|5\n|\n|t:|1683873358\n|move|p1a: Amoonguss|Protect|p1a: Amoonguss\n|-singleturn|p1a: Amoonguss|Protect\n|move|p2b: Gyarados|Icy Wind|p1b: Hydreigon|[spread] p1b\n|-activate|p1a: Amoonguss|move: Protect\n|-supereffective|p1b: Hydreigon\n|-damage|p1b: Hydreigon|36\/100\n|-unboost|p1b: Hydreigon|spe|1\n|move|p2a: Tyranitar|Rock Slide|p1a: Amoonguss|[spread] p1b\n|-activate|p1a: Amoonguss|move: Protect\n|-damage|p1b: Hydreigon|6\/100\n|move|p1b: Hydreigon|Heat Wave|p2b: Gyarados|[spread] p2a,p2b\n|-supereffective|p2a: Tyranitar\n|-crit|p2a: Tyranitar\n|-resisted|p2b: Gyarados\n|-crit|p2b: Gyarados\n|-damage|p2a: Tyranitar|0 fnt\n|-damage|p2b: Gyarados|26\/100\n|faint|p2a: Tyranitar\n|\n|-weather|none\n|-heal|p1a: Amoonguss|20\/100|[from] item: Leftovers\n|upkeep\n|\n|t:|1683873370\n|switch|p2a: Iron Moth|Iron Moth, L50|100\/100\n|-enditem|p2a: Iron Moth|Booster Energy\n|-activate|p2a: Iron Moth|ability: Quark Drive|[fromitem]\n|-start|p2a: Iron Moth|quarkdrivespe\n|turn|6\n|inactive|GreenScheme has 30 seconds left.\n|inactive|GreenScheme has 20 seconds left.\n|inactive|GreenScheme has 15 seconds left.\n|inactive|GreenScheme has 10 seconds left.\n|\n|t:|1683873419\n|switch|p1b: Gholdengo|Gholdengo, L50|13\/100\n|move|p2a: Iron Moth|Fiery Dance|p1b: Gholdengo\n|-supereffective|p1b: Gholdengo\n|-damage|p1b: Gholdengo|0 fnt\n|faint|p1b: Gholdengo\n|move|p2b: Gyarados|Icy Wind|p1a: Amoonguss\n|-supereffective|p1a: Amoonguss\n|-damage|p1a: Amoonguss|8\/100\n|-unboost|p1a: Amoonguss|spe|1\n|move|p1a: Amoonguss|Spore|p2a: Iron Moth\n|-status|p2a: Iron Moth|slp|[from] move: Spore\n|\n|-heal|p1a: Amoonguss|14\/100|[from] item: Leftovers\n|upkeep\n|\n|t:|1683873421\n|switch|p1b: Hydreigon|Hydreigon, L50, F, shiny|6\/100\n|turn|7\n|inactive|LaurierLaurier has 30 seconds left.\n|\n|t:|1683873447\n|cant|p2a: Iron Moth|slp\n|move|p1b: Hydreigon|Dark Pulse|p2b: Gyarados\n|-damage|p2b: Gyarados|0 fnt\n|faint|p2b: Gyarados\n|move|p1a: Amoonguss|Pollen Puff|p1b: Hydreigon\n|-heal|p1b: Hydreigon|56\/100\n|\n|-heal|p1a: Amoonguss|20\/100|[from] item: Leftovers\n|upkeep\n|\n|t:|1683873452\n|switch|p2b: Flutter Mane|Flutter Mane, L50|95\/100 slp\n|turn|8\n|\n|t:|1683873462\n|-curestatus|p2a: Iron Moth|slp|[msg]\n|move|p2a: Iron Moth|Acid Spray|p1b: Hydreigon\n|-damage|p1b: Hydreigon|30\/100\n|-unboost|p1b: Hydreigon|spd|2\n|cant|p2b: Flutter Mane|slp\n|move|p1b: Hydreigon|Focus Energy|p1b: Hydreigon\n|-start|p1b: Hydreigon|move: Focus Energy\n|move|p1a: Amoonguss|Pollen Puff|p1b: Hydreigon\n|-heal|p1b: Hydreigon|80\/100\n|\n|-heal|p1a: Amoonguss|25\/100|[from] item: Leftovers\n|upkeep\n|turn|9\n|\n|t:|1683873481\n|move|p1a: Amoonguss|Rage Powder|p1a: Amoonguss\n|-singleturn|p1a: Amoonguss|move: Rage Powder\n|move|p2a: Iron Moth|Fiery Dance|p1a: Amoonguss\n|-supereffective|p1a: Amoonguss\n|-damage|p1a: Amoonguss|0 fnt\n|-boost|p2a: Iron Moth|spa|1\n|faint|p1a: Amoonguss\n|-curestatus|p2b: Flutter Mane|slp|[msg]\n|move|p2b: Flutter Mane|Dazzling Gleam|p1b: Hydreigon\n|-supereffective|p1b: Hydreigon\n|-damage|p1b: Hydreigon|0 fnt\n|faint|p1b: Hydreigon\n|\n|win|LaurierLaurier\n|raw|GreenScheme's rating: 1123 → 1090<\/strong> (-33 for losing)\n|raw|LaurierLaurier's rating: 1000 → 1054<\/strong> (+54 for winning)\n|l|\u2606GreenScheme\n","uploadtime":1683873494,"views":12,"p1id":"greenscheme","p2id":"laurierlaurier","formatid":"gen9vgc2023regulationc","rating":1054,"private":0,"password":""}