{"id":"gen9vgc2023regulationc-1848306341","p1":"makapaka04","p2":"Orhsfasr","format":"[Gen 9] VGC 2023 Regulation C","log":"|j|\u2606makapaka04\n|j|\u2606Orhsfasr\n|t:|1682057424\n|gametype|doubles\n|player|p1|makapaka04|266|1184\n|player|p2|Orhsfasr|170|1085\n|teamsize|p1|6\n|teamsize|p2|6\n|gen|9\n|tier|[Gen 9] VGC 2023 Regulation C\n|rated|\n|rule|Species Clause: Limit one of each Pok\u00e9mon\n|rule|Item Clause: Limit one of each item\n|clearpoke\n|poke|p1|Hatterene, L50, F|\n|poke|p1|Torkoal, L50, F|\n|poke|p1|Kingambit, L50, M|\n|poke|p1|Amoonguss, L50, F|\n|poke|p1|Hariyama, L50, M|\n|poke|p1|Oranguru, L50, F|\n|poke|p2|Masquerain, L50, F|\n|poke|p2|Venomoth, L50, F|\n|poke|p2|Frosmoth, L50, F|\n|poke|p2|Volcarona, L50, F|\n|poke|p2|Iron Moth, L50|\n|poke|p2|Slither Wing, L50|\n|teampreview|4\n|inactive|Battle timer is ON: inactive players will automatically lose when time's up. (requested by makapaka04)\n|inactive|makapaka04 has 60 seconds left.\n|\n|t:|1682057478\n|start\n|switch|p1a: Oranguru|Oranguru, L50, F|100\/100\n|switch|p1b: Hariyama|Hariyama, L50, M|100\/100\n|switch|p2a: Masquerain|Masquerain, L50, F|100\/100\n|switch|p2b: Slither Wing|Slither Wing, L50, shiny|100\/100\n|-ability|p2a: Masquerain|Intimidate|boost\n|-fail|p1a: Oranguru|unboost|Attack|[from] ability: Inner Focus|[of] p1a: Oranguru\n|-unboost|p1b: Hariyama|atk|1\n|turn|1\n|\n|t:|1682057496\n|move|p2a: Masquerain|Protect|p2a: Masquerain\n|-singleturn|p2a: Masquerain|Protect\n|move|p1b: Hariyama|Fake Out|p2b: Slither Wing\n|-damage|p2b: Slither Wing|89\/100\n|cant|p2b: Slither Wing|flinch\n|move|p1a: Oranguru|Trick Room|p1a: Oranguru\n|-fieldstart|move: Trick Room|[of] p1a: Oranguru\n|\n|-status|p1b: Hariyama|brn|[from] item: Flame Orb\n|upkeep\n|turn|2\n|inactive|makapaka04 has 30 seconds left.\n|inactive|makapaka04 has 20 seconds left.\n|\n|t:|1682057535\n|switch|p1b: Torkoal|Torkoal, L50, F|100\/100\n|-weather|SunnyDay|[from] ability: Drought|[of] p1b: Torkoal\n|-activate|p2b: Slither Wing|ability: Protosynthesis\n|-start|p2b: Slither Wing|protosynthesisatk\n|move|p1a: Oranguru|Psyshock|p2b: Slither Wing\n|-supereffective|p2b: Slither Wing\n|-damage|p2b: Slither Wing|33\/100\n|move|p2b: Slither Wing|Earthquake|p1a: Oranguru|[spread] p1a,p1b\n|-immune|p2a: Masquerain\n|-supereffective|p1b: Torkoal\n|-damage|p1a: Oranguru|48\/100\n|-damage|p1b: Torkoal|19\/100\n|-damage|p2b: Slither Wing|23\/100|[from] item: Life Orb\n|move|p2a: Masquerain|Sunny Day||[still]\n|-fail|p2a: Masquerain\n|\n|-weather|SunnyDay|[upkeep]\n|upkeep\n|turn|3\n|inactive|Orhsfasr has 30 seconds left.\n|inactive|Orhsfasr has 20 seconds left.\n|\n|t:|1682057574\n|-end|p2b: Slither Wing|Protosynthesis|[silent]\n|switch|p2b: Volcarona|Volcarona, L50, F|100\/100\n|move|p2a: Masquerain|Protect|p2a: Masquerain\n|-singleturn|p2a: Masquerain|Protect\n|move|p1b: Torkoal|Flamethrower|p2a: Masquerain\n|-activate|p2a: Masquerain|move: Protect\n|move|p1a: Oranguru|Psyshock|p2b: Volcarona\n|-damage|p2b: Volcarona|72\/100\n|\n|-weather|SunnyDay|[upkeep]\n|-heal|p2b: Volcarona|79\/100|[from] item: Leftovers\n|upkeep\n|turn|4\n|\n|t:|1682057599\n|move|p1b: Torkoal|Flamethrower|p2a: Masquerain\n|-supereffective|p2a: Masquerain\n|-enditem|p2a: Masquerain|Focus Sash\n|-damage|p2a: Masquerain|1\/100\n|move|p1a: Oranguru|Instruct|p1b: Torkoal\n|-singleturn|p1b: Torkoal|move: Instruct|[of] p1a: Oranguru\n|move|p1b: Torkoal|Flamethrower|p2a: Masquerain\n|-supereffective|p2a: Masquerain\n|-crit|p2a: Masquerain\n|-damage|p2a: Masquerain|0 fnt\n|faint|p2a: Masquerain\n|move|p2b: Volcarona|Fiery Dance|p1a: Oranguru\n|-damage|p1a: Oranguru|13\/100\n|\n|-weather|SunnyDay|[upkeep]\n|-heal|p2b: Volcarona|85\/100|[from] item: Leftovers\n|upkeep\n|\n|t:|1682057614\n|switch|p2a: Iron Moth|Iron Moth, L50, shiny|100\/100\n|-enditem|p2a: Iron Moth|Booster Energy\n|-activate|p2a: Iron Moth|ability: Quark Drive|[fromitem]\n|-start|p2a: Iron Moth|quarkdrivespa\n|turn|5\n|inactive|makapaka04 has 30 seconds left.\n|inactive|makapaka04 has 20 seconds left.\n|\n|t:|1682057653\n|move|p2a: Iron Moth|Protect|p2a: Iron Moth\n|-singleturn|p2a: Iron Moth|Protect\n|move|p1b: Torkoal|Flamethrower|p2a: Iron Moth\n|-activate|p2a: Iron Moth|move: Protect\n|move|p1a: Oranguru|Psyshock|p2a: Iron Moth\n|-activate|p2a: Iron Moth|move: Protect\n|move|p2b: Volcarona|Quiver Dance|p2b: Volcarona\n|-boost|p2b: Volcarona|spa|1\n|-boost|p2b: Volcarona|spd|1\n|-boost|p2b: Volcarona|spe|1\n|\n|-weather|SunnyDay|[upkeep]\n|-heal|p2b: Volcarona|91\/100|[from] item: Leftovers\n|-fieldend|move: Trick Room\n|upkeep\n|turn|6\n|\n|t:|1682057671\n|move|p2b: Volcarona|Fiery Dance|p1a: Oranguru\n|-damage|p1a: Oranguru|0 fnt\n|-boost|p2b: Volcarona|spa|1\n|faint|p1a: Oranguru\n|move|p2a: Iron Moth|Heat Wave|p1b: Torkoal\n|-resisted|p1b: Torkoal\n|-damage|p1b: Torkoal|0 fnt\n|faint|p1b: Torkoal\n|\n|-weather|none\n|-heal|p2b: Volcarona|97\/100|[from] item: Leftovers\n|upkeep\n|l|\u2606makapaka04\n|inactive|makapaka04 disconnected and has a minute to reconnect!\n|player|p1|\n|inactive|makapaka04 has 30 seconds left.\n|c|\u2606Orhsfasr|?\n|inactive|makapaka04 has 20 seconds left.\n|c|\u2606Orhsfasr|nmsl\n|inactive|makapaka04 has 15 seconds left.\n|inactive|makapaka04 has 10 seconds left.\n|inactive|makapaka04 has 5 seconds left.\n|-message|makapaka04 lost due to inactivity.\n|\n|win|Orhsfasr\n|raw|makapaka04's rating: 1184 → 1152<\/strong> (-32 for losing)\n|raw|Orhsfasr's rating: 1085 → 1120<\/strong> (+35 for winning)\n","uploadtime":1682057847,"views":6,"p1id":"makapaka04","p2id":"orhsfasr","formatid":"gen9vgc2023regulationc","rating":1120,"private":0,"password":""}