{"id":"gen9vgc2023regulationc-1846703035","p1":"DartkitVGC","p2":"Sprye0216","format":"[Gen 9] VGC 2023 Regulation C","log":"|j|\u2606DartkitVGC\n|j|\u2606Sprye0216\n|t:|1681867812\n|gametype|doubles\n|player|p1|DartkitVGC|cynthia-gen4|1232\n|player|p2|Sprye0216|skyla|1174\n|teamsize|p1|6\n|teamsize|p2|6\n|gen|9\n|tier|[Gen 9] VGC 2023 Regulation C\n|rated|\n|rule|Species Clause: Limit one of each Pok\u00e9mon\n|rule|Item Clause: Limit one of each item\n|clearpoke\n|poke|p1|Maushold-Four, L50|\n|poke|p1|Annihilape, L50, F|\n|poke|p1|Arcanine, L50, F|\n|poke|p1|Amoonguss, L50, M|\n|poke|p1|Flutter Mane, L50|\n|poke|p1|Palafin, L50, F|\n|poke|p2|Arcanine, L50, M|\n|poke|p2|Flutter Mane, L50|\n|poke|p2|Chien-Pao, L50|\n|poke|p2|Dragapult, L50, F|\n|poke|p2|Amoonguss, L50, M|\n|poke|p2|Palafin, L50, F|\n|teampreview|4\nSprye0216 has agreed to open team sheets.\nDartkitVGC has agreed to open team sheets.\n|inactive|Battle timer is ON: inactive players will automatically lose when time's up. (requested by DartkitVGC)\n|\n|t:|1681867861\n|start\n|switch|p1a: Annihilape|Annihilape, L50, F|100\/100\n|switch|p1b: Maushold|Maushold-Four, L50|100\/100\n|switch|p2a: Chien-Pao|Chien-Pao, L50|100\/100\n|switch|p2b: Palafin|Palafin, L50, F|100\/100\n|-ability|p2a: Chien-Pao|Sword of Ruin\n|turn|1\n|inactive|DartkitVGC has 30 seconds left.\n|inactive|Sprye0216 has 30 seconds left.\n|\n|t:|1681867887\n|switch|p1b: Arcanine|Arcanine, L50, F|100\/100\n|-ability|p1b: Arcanine|Intimidate|boost\n|-unboost|p2a: Chien-Pao|atk|1\n|-unboost|p2b: Palafin|atk|1\n|detailschange|p2b: Palafin|Palafin-Hero, L50, F\n|switch|p2b: Dragapult|Dragapult, L50, F|100\/100\n|move|p2a: Chien-Pao|Sucker Punch||[still]\n|-fail|p2a: Chien-Pao\n|move|p1a: Annihilape|Bulk Up|p1a: Annihilape\n|-boost|p1a: Annihilape|atk|1\n|-boost|p1a: Annihilape|def|1\n|\n|upkeep\n|turn|2\n|inactive|DartkitVGC has 30 seconds left.\n|\n|t:|1681867917\n|-terastallize|p2b: Dragapult|Dragon\n|-terastallize|p1a: Annihilape|Fire\n|move|p2b: Dragapult|Dragon Darts|p1a: Annihilape\n|-damage|p1a: Annihilape|60\/100\n|-anim|p2b: Dragapult|Dragon Darts|p1b: Arcanine\n|-damage|p1b: Arcanine|31\/100\n|move|p2a: Chien-Pao|Haze|p2a: Chien-Pao\n|-clearallboost\n|move|p1b: Arcanine|Howl|p1b: Arcanine|[spread] p1a,p1b\n|-boost|p1a: Annihilape|atk|1\n|-boost|p1b: Arcanine|atk|1\n|move|p1a: Annihilape|Drain Punch|p2a: Chien-Pao\n|-supereffective|p2a: Chien-Pao\n|-enditem|p2a: Chien-Pao|Focus Sash\n|-damage|p2a: Chien-Pao|1\/100\n|-heal|p1a: Annihilape|95\/100|[from] drain|[of] p2a: Chien-Pao\n|-damage|p1a: Annihilape|86\/100|[from] item: Life Orb\n|\n|upkeep\n|turn|3\n|inactive|DartkitVGC has 30 seconds left.\n|inactive|DartkitVGC has 20 seconds left.\n|inactive|DartkitVGC has 15 seconds left.\n|inactive|DartkitVGC has 10 seconds left.\n|\n|t:|1681867964\n|switch|p1b: Maushold|Maushold-Four, L50|100\/100\n|move|p2a: Chien-Pao|Sucker Punch|p1a: Annihilape\n|-damage|p1a: Annihilape|53\/100\n|move|p2b: Dragapult|Dragon Darts|p1a: Annihilape\n|-damage|p1a: Annihilape|3\/100\n|-anim|p2b: Dragapult|Dragon Darts|p1b: Maushold\n|-damage|p1b: Maushold|13\/100\n|move|p1a: Annihilape|Drain Punch|p2a: Chien-Pao\n|-supereffective|p2a: Chien-Pao\n|-damage|p2a: Chien-Pao|0 fnt\n|-heal|p1a: Annihilape|4\/100|[from] drain|[of] p2a: Chien-Pao\n|faint|p2a: Chien-Pao\n|-damage|p1a: Annihilape|0 fnt|[from] item: Life Orb\n|faint|p1a: Annihilape\n|\n|upkeep\n|\n|t:|1681867980\n|switch|p2a: Palafin|Palafin-Hero, L50, F|100\/100\n|switch|p1a: Flutter Mane|Flutter Mane, L50|100\/100\n|-activate|p2a: Palafin|ability: Zero to Hero\n|-enditem|p1a: Flutter Mane|Booster Energy\n|-activate|p1a: Flutter Mane|ability: Protosynthesis|[fromitem]\n|-start|p1a: Flutter Mane|protosynthesisspe\n|turn|4\n|\n|t:|1681868001\n|switch|p1b: Arcanine|Arcanine, L50, F|31\/100\n|-ability|p1b: Arcanine|Intimidate|boost\n|-unboost|p2a: Palafin|atk|1\n|-fail|p2b: Dragapult|unboost|[from] ability: Clear Body|[of] p2b: Dragapult\n|move|p2a: Palafin|Jet Punch|p1a: Flutter Mane\n|-damage|p1a: Flutter Mane|35\/100\n|move|p1a: Flutter Mane|Energy Ball|p2a: Palafin\n|-supereffective|p2a: Palafin\n|-damage|p2a: Palafin|35\/100\n|move|p2b: Dragapult|Dragon Darts|p1b: Arcanine\n|-damage|p1b: Arcanine|0 fnt\n|faint|p1b: Arcanine\n|\n|upkeep\n|\n|t:|1681868015\n|switch|p1b: Maushold|Maushold-Four, L50|13\/100\n|turn|5\n|\n|t:|1681868021\n|move|p1b: Maushold|Follow Me|p1b: Maushold\n|-singleturn|p1b: Maushold|move: Follow Me\n|move|p2a: Palafin|Jet Punch|p1b: Maushold\n|-damage|p1b: Maushold|0 fnt\n|faint|p1b: Maushold\n|move|p1a: Flutter Mane|Dazzling Gleam|p2a: Palafin|[spread] p2a,p2b\n|-supereffective|p2b: Dragapult\n|-damage|p2a: Palafin|1\/100\n|-damage|p2b: Dragapult|12\/100\n|move|p2b: Dragapult|Dragon Darts|p1a: Flutter Mane\n|-immune|p1a: Flutter Mane\n|\n|upkeep\n|turn|6\n|\n|t:|1681868034\n|switch|p2b: Flutter Mane|Flutter Mane, L50|100\/100\n|-enditem|p2b: Flutter Mane|Booster Energy\n|-activate|p2b: Flutter Mane|ability: Protosynthesis|[fromitem]\n|-start|p2b: Flutter Mane|protosynthesisspe\n|move|p2a: Palafin|Jet Punch|p1a: Flutter Mane\n|-damage|p1a: Flutter Mane|0 fnt\n|faint|p1a: Flutter Mane\n|-end|p1a: Flutter Mane|Protosynthesis|[silent]\n|\n|win|Sprye0216\n|raw|DartkitVGC's rating: 1232 → 1203<\/strong> (-29 for losing)\n|raw|Sprye0216's rating: 1174 → 1203<\/strong> (+29 for winning)\n","uploadtime":1681868044,"views":14,"p1id":"dartkitvgc","p2id":"sprye0216","formatid":"gen9vgc2023regulationc","rating":1203,"private":0,"password":""}