{"id":"gen9vgc2023regulationc-1862324734","p1":"luzonvgc","p2":"STE lulu","format":"[Gen 9] VGC 2023 Regulation C","log":"|j|\u2606luzonvgc\n|j|\u2606STE lulu\n|t:|1683865961\n|gametype|doubles\n|player|p1|luzonvgc|lisia|1525\n|player|p2|STE lulu|266|1467\n|teamsize|p1|6\n|teamsize|p2|6\n|gen|9\n|tier|[Gen 9] VGC 2023 Regulation C\n|rated|\n|rule|Species Clause: Limit one of each Pok\u00e9mon\n|rule|Item Clause: Limit one of each item\n|clearpoke\n|poke|p1|Flutter Mane, L50|\n|poke|p1|Iron Hands, L50|\n|poke|p1|Amoonguss, L50, F|\n|poke|p1|Baxcalibur, L50, M|\n|poke|p1|Chi-Yu, L50|\n|poke|p1|Gyarados, L50, M|\n|poke|p2|Gastrodon-East, L50, M|\n|poke|p2|Tyranitar, L50, M|\n|poke|p2|Indeedee-F, L50, F|\n|poke|p2|Houndstone, L50, F|\n|poke|p2|Corviknight, L50, M|\n|poke|p2|Dragapult, L50, M|\n|teampreview|4\nSTE lulu has agreed to open team sheets.\nluzonvgc has agreed to open team sheets.\n|\n|t:|1683866077\n|start\n|switch|p1a: Iron Hands|Iron Hands, L50, shiny|100\/100\n|switch|p1b: Gyarados|Gyarados, L50, M, shiny|100\/100\n|switch|p2a: Tyranitar|Tyranitar, L50, M|100\/100\n|switch|p2b: Houndstone|Houndstone, L50, F|100\/100\n|-ability|p1b: Gyarados|Intimidate|boost\n|-unboost|p2a: Tyranitar|atk|1\n|-unboost|p2b: Houndstone|atk|1\n|-weather|Sandstorm|[from] ability: Sand Stream|[of] p2a: Tyranitar\n|turn|1\n|\n|t:|1683866108\n|switch|p2a: Gastrodon|Gastrodon-East, L50, M|100\/100\n|move|p2b: Houndstone|Will-O-Wisp|p1a: Iron Hands\n|-status|p1a: Iron Hands|brn\n|move|p1b: Gyarados|Thunder Wave|p2b: Houndstone\n|-status|p2b: Houndstone|par\n|move|p1a: Iron Hands|Wild Charge|p2a: Gastrodon\n|-immune|p2a: Gastrodon\n|\n|-weather|Sandstorm|[upkeep]\n|-damage|p1b: Gyarados|94\/100|[from] Sandstorm\n|-damage|p1a: Iron Hands|94\/100 brn|[from] Sandstorm\n|-damage|p1a: Iron Hands|88\/100 brn|[from] brn\n|upkeep\n|turn|2\n|\n|t:|1683866142\n|switch|p2b: Corviknight|Corviknight, L50, M|100\/100\n|-end|p1a: Iron Hands|Quark Drive|[silent]\n|switch|p1a: Baxcalibur|Baxcalibur, L50, M, shiny|100\/100\n|move|p1b: Gyarados|Taunt|p2a: Gastrodon\n|-start|p2a: Gastrodon|move: Taunt\n|move|p2a: Gastrodon|Earth Power|p1a: Baxcalibur\n|-damage|p1a: Baxcalibur|52\/100\n|-damage|p2a: Gastrodon|91\/100|[from] item: Life Orb\n|\n|-weather|Sandstorm|[upkeep]\n|-damage|p1a: Baxcalibur|46\/100|[from] Sandstorm\n|-damage|p1b: Gyarados|88\/100|[from] Sandstorm\n|upkeep\n|turn|3\n|\n|t:|1683866162\n|switch|p2b: Houndstone|Houndstone, L50, F|100\/100 par\n|-terastallize|p1a: Baxcalibur|Poison\n|move|p1b: Gyarados|Helping Hand|p1a: Baxcalibur\n|-singleturn|p1a: Baxcalibur|Helping Hand|[of] p1b: Gyarados\n|move|p1a: Baxcalibur|Glaive Rush|p2a: Gastrodon\n|-damage|p2a: Gastrodon|0 fnt\n|-singlemove|p1a: Baxcalibur|Glaive Rush|[silent]\n|faint|p2a: Gastrodon\n|\n|-weather|Sandstorm|[upkeep]\n|-damage|p1a: Baxcalibur|40\/100|[from] Sandstorm\n|-damage|p1b: Gyarados|82\/100|[from] Sandstorm\n|upkeep\n|\n|t:|1683866170\n|switch|p2a: Tyranitar|Tyranitar, L50, M|100\/100\n|turn|4\n|\n|t:|1683866194\n|move|p1a: Baxcalibur|Protect|p1a: Baxcalibur\n|-singleturn|p1a: Baxcalibur|Protect\n|move|p1b: Gyarados|Waterfall|p2b: Houndstone\n|-damage|p2b: Houndstone|66\/100 par\n|cant|p2b: Houndstone|par\n|move|p2a: Tyranitar|Rock Slide|p1a: Baxcalibur|[spread] p1b\n|-activate|p1a: Baxcalibur|move: Protect\n|-supereffective|p1b: Gyarados\n|-damage|p1b: Gyarados|20\/100\n|-enditem|p1b: Gyarados|Figy Berry|[eat]\n|-heal|p1b: Gyarados|53\/100|[from] item: Figy Berry\n|\n|-weather|Sandstorm|[upkeep]\n|-damage|p1a: Baxcalibur|34\/100|[from] Sandstorm\n|-damage|p1b: Gyarados|47\/100|[from] Sandstorm\n|upkeep\n|turn|5\n|\n|t:|1683866206\n|move|p1a: Baxcalibur|Glaive Rush|p2b: Houndstone\n|-damage|p2b: Houndstone|3\/100 par\n|-singlemove|p1a: Baxcalibur|Glaive Rush|[silent]\n|-enditem|p2b: Houndstone|Sitrus Berry|[eat]\n|-heal|p2b: Houndstone|27\/100 par|[from] item: Sitrus Berry\n|move|p1b: Gyarados|Waterfall|p2a: Tyranitar\n|-supereffective|p2a: Tyranitar\n|-damage|p2a: Tyranitar|50\/100\n|move|p2a: Tyranitar|Rock Slide|p1a: Baxcalibur|[spread] p1a,p1b\n|-crit|p1a: Baxcalibur\n|-supereffective|p1b: Gyarados\n|-damage|p1a: Baxcalibur|0 fnt\n|-damage|p1b: Gyarados|0 fnt\n|faint|p1a: Baxcalibur\n|faint|p1b: Gyarados\n|cant|p2b: Houndstone|par\n|\n|-weather|none\n|upkeep\n|\n|t:|1683866217\n|switch|p1a: Iron Hands|Iron Hands, L50, shiny|88\/100 brn\n|switch|p1b: Flutter Mane|Flutter Mane, L50, shiny|100\/100\n|-enditem|p1b: Flutter Mane|Booster Energy\n|-activate|p1b: Flutter Mane|ability: Protosynthesis|[fromitem]\n|-start|p1b: Flutter Mane|protosynthesisspa\n|turn|6\n|\n|t:|1683866253\n|switch|p2a: Corviknight|Corviknight, L50, M|100\/100\n|move|p1b: Flutter Mane|Dazzling Gleam|p2b: Houndstone|[spread] p2a,p2b\n|-resisted|p2a: Corviknight\n|-damage|p2a: Corviknight|83\/100\n|-damage|p2b: Houndstone|0 fnt\n|faint|p2b: Houndstone\n|move|p1a: Iron Hands|Drain Punch|p2a: Corviknight\n|-damage|p2a: Corviknight|67\/100\n|-heal|p1a: Iron Hands|95\/100 brn|[from] drain|[of] p2a: Corviknight\n|\n|-heal|p2a: Corviknight|73\/100|[from] item: Leftovers\n|-damage|p1a: Iron Hands|89\/100 brn|[from] brn\n|upkeep\n|\n|t:|1683866259\n|switch|p2b: Tyranitar|Tyranitar, L50, M|50\/100\n|-weather|Sandstorm|[from] ability: Sand Stream|[of] p2b: Tyranitar\n|turn|7\n|\n|t:|1683866281\n|-terastallize|p2b: Tyranitar|Flying\n|move|p1b: Flutter Mane|Protect|p1b: Flutter Mane\n|-singleturn|p1b: Flutter Mane|Protect\n|move|p2b: Tyranitar|Rock Slide|p1b: Flutter Mane|[spread] \n|-activate|p1b: Flutter Mane|move: Protect\n|-miss|p2b: Tyranitar|p1a: Iron Hands\n|move|p2a: Corviknight|Iron Head|p1b: Flutter Mane\n|-activate|p1b: Flutter Mane|move: Protect\n|move|p1a: Iron Hands|Wild Charge|p2a: Corviknight\n|-supereffective|p2a: Corviknight\n|-damage|p2a: Corviknight|35\/100\n|-damage|p1a: Iron Hands|81\/100 brn|[from] Recoil\n|\n|-weather|Sandstorm|[upkeep]\n|-damage|p1b: Flutter Mane|95\/100|[from] Sandstorm\n|-damage|p2b: Tyranitar|44\/100|[from] Sandstorm\n|-damage|p1a: Iron Hands|75\/100 brn|[from] Sandstorm\n|-heal|p2a: Corviknight|40\/100|[from] item: Leftovers\n|-damage|p1a: Iron Hands|68\/100 brn|[from] brn\n|upkeep\n|turn|8\n|\n|t:|1683866298\n|move|p2a: Corviknight|Protect|p2a: Corviknight\n|-singleturn|p2a: Corviknight|Protect\n|move|p1b: Flutter Mane|Shadow Ball|p2a: Corviknight\n|-activate|p2a: Corviknight|move: Protect\n|move|p2b: Tyranitar|Heavy Slam|p1b: Flutter Mane\n|-supereffective|p1b: Flutter Mane\n|-damage|p1b: Flutter Mane|0 fnt\n|faint|p1b: Flutter Mane\n|-end|p1b: Flutter Mane|Protosynthesis|[silent]\n|move|p1a: Iron Hands|Wild Charge|p2b: Tyranitar\n|-supereffective|p2b: Tyranitar\n|-damage|p2b: Tyranitar|3\/100\n|-damage|p1a: Iron Hands|60\/100 brn|[from] Recoil\n|\n|-weather|Sandstorm|[upkeep]\n|-damage|p2b: Tyranitar|0 fnt|[from] Sandstorm\n|-damage|p1a: Iron Hands|54\/100 brn|[from] Sandstorm\n|faint|p2b: Tyranitar\n|-heal|p2a: Corviknight|46\/100|[from] item: Leftovers\n|-damage|p1a: Iron Hands|47\/100 brn|[from] brn\n|upkeep\n|turn|9\n|\n|t:|1683866310\n|move|p2a: Corviknight|Iron Head|p1a: Iron Hands\n|-resisted|p1a: Iron Hands\n|-damage|p1a: Iron Hands|38\/100 brn\n|move|p1a: Iron Hands|Drain Punch|p2a: Corviknight\n|-damage|p2a: Corviknight|30\/100\n|-heal|p1a: Iron Hands|45\/100 brn|[from] drain|[of] p2a: Corviknight\n|\n|-weather|Sandstorm|[upkeep]\n|-damage|p1a: Iron Hands|39\/100 brn|[from] Sandstorm\n|-heal|p2a: Corviknight|36\/100|[from] item: Leftovers\n|-damage|p1a: Iron Hands|33\/100 brn|[from] brn\n|upkeep\n|turn|10\n|\n|t:|1683866317\n|move|p2a: Corviknight|Protect|p2a: Corviknight\n|-singleturn|p2a: Corviknight|Protect\n|move|p1a: Iron Hands|Wild Charge|p2a: Corviknight\n|-activate|p2a: Corviknight|move: Protect\n|\n|-weather|Sandstorm|[upkeep]\n|-damage|p1a: Iron Hands|27\/100 brn|[from] Sandstorm\n|-heal|p2a: Corviknight|42\/100|[from] item: Leftovers\n|-damage|p1a: Iron Hands|21\/100 brn|[from] brn\n|upkeep\n|turn|11\n|\n|t:|1683866334\n|move|p2a: Corviknight|Brave Bird|p1a: Iron Hands\n|-damage|p1a: Iron Hands|0 fnt\n|faint|p1a: Iron Hands\n|-end|p1a: Iron Hands|Quark Drive|[silent]\n|-damage|p2a: Corviknight|34\/100|[from] Recoil\n|\n|win|STE lulu\n|raw|luzonvgc's rating: 1525 → 1502<\/strong> (-23 for losing)\n|raw|STE lulu's rating: 1467 → 1490<\/strong> (+23 for winning)\n|l|\u2606luzonvgc\n","uploadtime":1683866343,"views":18,"p1id":"luzonvgc","p2id":"stelulu","formatid":"gen9vgc2023regulationc","rating":1490,"private":0,"password":""}