{"id":"gen9vgc2023regulationc-1864342371","p1":"revocolombia","p2":"Blueaquajet3","format":"[Gen 9] VGC 2023 Regulation C","log":"|j|\u2606revocolombia\n|j|\u2606Blueaquajet3\n|t:|1684157577\n|gametype|doubles\n|player|p1|revocolombia|pokemonranger-gen4|1290\n|player|p2|Blueaquajet3|266|1332\n|teamsize|p1|6\n|teamsize|p2|6\n|gen|9\n|tier|[Gen 9] VGC 2023 Regulation C\n|rated|\n|rule|Species Clause: Limit one of each Pok\u00e9mon\n|rule|Item Clause: Limit one of each item\n|clearpoke\n|poke|p1|Flutter Mane, L50|\n|poke|p1|Annihilape, L50, F|\n|poke|p1|Dragonite, L50, M|\n|poke|p1|Chien-Pao, L50|\n|poke|p1|Murkrow, L50, F|\n|poke|p1|Gholdengo, L50|\n|poke|p2|Hawlucha, L50, M|\n|poke|p2|Indeedee-F, L50, F|\n|poke|p2|Armarouge, L50, M|\n|poke|p2|Palafin, L50, F|\n|poke|p2|Sandy Shocks, L50|\n|poke|p2|Chien-Pao, L50|\n|teampreview|4\n|inactive|Battle timer is ON: inactive players will automatically lose when time's up. (requested by Blueaquajet3)\n|inactive|Blueaquajet3 has 60 seconds left.\n|inactive|Blueaquajet3 has 30 seconds left.\n|\n|t:|1684157640\n|start\n|switch|p1a: Chien-Pao|Chien-Pao, L50|100\/100\n|switch|p1b: Annihilape|Annihilape, L50, F|100\/100\n|switch|p2a: Corrin|Palafin, L50, F, shiny|100\/100\n|switch|p2b: C. Falcon|Hawlucha, L50, M, shiny|100\/100\n|-ability|p1a: Chien-Pao|Sword of Ruin\n|turn|1\n|\n|t:|1684157661\n|switch|p2b: Marth|Chien-Pao, L50|100\/100\n|-ability|p2b: Marth|Sword of Ruin\n|-terastallize|p1b: Annihilape|Fire\n|move|p1a: Chien-Pao|Sacred Sword|p2b: Marth\n|-supereffective|p2b: Marth\n|-enditem|p2b: Marth|Focus Sash\n|-damage|p2b: Marth|1\/100\n|move|p2a: Corrin|Close Combat|p1a: Chien-Pao\n|-supereffective|p1a: Chien-Pao\n|-enditem|p1a: Chien-Pao|Focus Sash\n|-damage|p1a: Chien-Pao|1\/100\n|-unboost|p2a: Corrin|def|1\n|-unboost|p2a: Corrin|spd|1\n|-enditem|p2a: Corrin|Eject Pack\n|inactive|Blueaquajet3 has 30 seconds left.\n|\n|t:|1684157691\n|detailschange|p2a: Corrin|Palafin-Hero, L50, F, shiny\n|switch|p2a: C. Falcon|Hawlucha, L50, M, shiny|100\/100\n|move|p1b: Annihilape|Bulk Up|p1b: Annihilape\n|-boost|p1b: Annihilape|atk|1\n|-boost|p1b: Annihilape|def|1\n|\n|upkeep\n|turn|2\n|inactive|Blueaquajet3 has 30 seconds left.\n|\n|t:|1684157717\n|-terastallize|p2a: C. Falcon|Steel\n|move|p2b: Marth|Protect|p2b: Marth\n|-singleturn|p2b: Marth|Protect\n|move|p1a: Chien-Pao|Ice Shard|p2a: C. Falcon\n|-resisted|p2a: C. Falcon\n|-damage|p2a: C. Falcon|82\/100\n|move|p2a: C. Falcon|Acrobatics|p1a: Chien-Pao\n|-damage|p1a: Chien-Pao|0 fnt\n|faint|p1a: Chien-Pao\n|move|p1b: Annihilape|Rage Fist|p2b: Marth\n|-activate|p2b: Marth|move: Protect\n|\n|upkeep\n|\n|t:|1684157731\n|switch|p1a: Flutter Mane|Flutter Mane, L50|100\/100\n|-enditem|p1a: Flutter Mane|Booster Energy\n|-activate|p1a: Flutter Mane|ability: Protosynthesis|[fromitem]\n|-start|p1a: Flutter Mane|protosynthesisspe\n|turn|3\n|inactive|Blueaquajet3 has 30 seconds left.\n|\n|t:|1684157758\n|switch|p2a: Isabelle|Indeedee-F, L50, F|100\/100\n|-fieldstart|move: Psychic Terrain|[from] ability: Psychic Surge|[of] p2a: Isabelle\n|move|p1a: Flutter Mane|Dazzling Gleam|p2a: Isabelle|[spread] p2a,p2b\n|-supereffective|p2b: Marth\n|-damage|p2a: Isabelle|67\/100\n|-damage|p2b: Marth|0 fnt\n|faint|p2b: Marth\n|move|p1b: Annihilape|Drain Punch|p2a: Isabelle\n|-damage|p2a: Isabelle|19\/100\n|\n|upkeep\n|\n|t:|1684157768\n|switch|p2b: Corrin|Palafin-Hero, L50, F, shiny|100\/100\n|-activate|p2b: Corrin|ability: Zero to Hero\n|turn|4\n|\n|t:|1684157786\n|move|p2a: Isabelle|Protect|p2a: Isabelle\n|-singleturn|p2a: Isabelle|Protect\n|move|p1a: Flutter Mane|Dazzling Gleam|p2a: Isabelle|[spread] p2b\n|-activate|p2a: Isabelle|move: Protect\n|-damage|p2b: Corrin|67\/100\n|move|p2b: Corrin|Wave Crash|p1a: Flutter Mane\n|-damage|p1a: Flutter Mane|0 fnt\n|faint|p1a: Flutter Mane\n|-end|p1a: Flutter Mane|Protosynthesis|[silent]\n|-damage|p2b: Corrin|44\/100|[from] Recoil\n|move|p1b: Annihilape|Drain Punch|p2b: Corrin\n|-damage|p2b: Corrin|0 fnt\n|faint|p2b: Corrin\n|\n|upkeep\n|\n|t:|1684157804\n|switch|p1a: Dragonite|Dragonite, L50, M|100\/100\n|switch|p2b: C. Falcon|Hawlucha, L50, M, shiny, tera:Steel|82\/100\n|-enditem|p2b: C. Falcon|Psychic Seed\n|-boost|p2b: C. Falcon|spd|1|[from] item: Psychic Seed\n|turn|5\n|\n|t:|1684157819\n|move|p2b: C. Falcon|Swords Dance|p2b: C. Falcon\n|-boost|p2b: C. Falcon|atk|2\n|move|p1a: Dragonite|Dragon Dance|p1a: Dragonite\n|-boost|p1a: Dragonite|atk|1\n|-boost|p1a: Dragonite|spe|1\n|move|p1b: Annihilape|Drain Punch|p2b: C. Falcon\n|-supereffective|p2b: C. Falcon\n|-damage|p2b: C. Falcon|0 fnt\n|faint|p2b: C. Falcon\n|move|p2a: Isabelle|Heal Pulse|p2: C. Falcon|[notarget]\n|-fail|p2a: Isabelle\n|\n|upkeep\n|turn|6\n|-message|Blueaquajet3 forfeited.\n|\n|win|revocolombia\n|raw|revocolombia's rating: 1290 → 1318<\/strong> (+28 for winning)\n|raw|Blueaquajet3's rating: 1332 → 1310<\/strong> (-22 for losing)\n|l|\u2606Blueaquajet3\n","uploadtime":1684157832,"views":5,"p1id":"revocolombia","p2id":"blueaquajet3","formatid":"gen9vgc2023regulationc","rating":1310,"private":0,"password":""}