{"id":"gen9vgc2023regulationc-1844824901","p1":"filthy_sanchez","p2":"fuegoatgoat","format":"[Gen 9] VGC 2023 Regulation C","log":"|j|\u2606filthy_sanchez\n|j|\u2606fuegoatgoat\n|t:|1681653128\n|gametype|doubles\n|player|p1|filthy_sanchez|102|\n|player|p2|fuegoatgoat|101|\n|teamsize|p1|6\n|teamsize|p2|6\n|gen|9\n|tier|[Gen 9] VGC 2023 Regulation C\n|rule|Species Clause: Limit one of each Pok\u00e9mon\n|rule|Item Clause: Limit one of each item\n|clearpoke\n|poke|p1|Ting-Lu, L50|\n|poke|p1|Toxicroak, L50, M|\n|poke|p1|Glimmora, L50, F|\n|poke|p1|Azumarill, L50, M|\n|poke|p1|Haunter, L50, M|\n|poke|p1|Pikachu, L50, M|\n|poke|p2|Oricorio-Sensu, L50, F|\n|poke|p2|Volcarona, L50, M|\n|poke|p2|Scream Tail, L50|\n|poke|p2|Kilowattrel, L50, M|\n|poke|p2|Misdreavus, L50, M|\n|poke|p2|Dragapult, L50, M|\n|teampreview|4\n|c|\u2606filthy_sanchez|GLHF\nfuegoatgoat has agreed to open team sheets.\n|c|\u2606fuegoatgoat|u2 !!\nfilthy_sanchez has agreed to open team sheets.\n|j| D4nkw33b\n|\n|t:|1681653198\n|start\n|switch|p1a: Haunter|Haunter, L50, M|100\/100\n|switch|p1b: Ting-Lu|Ting-Lu, L50|100\/100\n|switch|p2a: Milkshake|Oricorio-Sensu, L50, F, shiny|100\/100\n|switch|p2b: Fries|Volcarona, L50, M, shiny|100\/100\n|-ability|p1b: Ting-Lu|Vessel of Ruin\n|turn|1\n|\n|t:|1681653229\n|-terastallize|p2b: Fries|Grass\n|move|p2a: Milkshake|Protect|p2a: Milkshake\n|-singleturn|p2a: Milkshake|Protect\n|move|p2b: Fries|Fiery Dance|p1a: Haunter\n|-damage|p1a: Haunter|80\/100\n|-activate|p2a: Milkshake|ability: Dancer\n|move|p2a: Milkshake|Fiery Dance|p1a: Haunter|[from]ability: Dancer\n|-damage|p1a: Haunter|66\/100\n|-boost|p2a: Milkshake|spa|1\n|move|p1a: Haunter|Sludge Bomb|p2a: Milkshake\n|-activate|p2a: Milkshake|move: Protect\n|move|p1b: Ting-Lu|Rock Slide|p2b: Fries|[spread] p2b\n|-activate|p2a: Milkshake|move: Protect\n|-damage|p2b: Fries|84\/100\n|-enditem|p2b: Fries|Red Card|[of] p1b: Ting-Lu\n|drag|p1b: Glimmora|Glimmora, L50, F, shiny|100\/100\n|\n|upkeep\n|turn|2\n|\n|t:|1681653268\n|move|p2b: Fries|Rage Powder|p2b: Fries\n|-singleturn|p2b: Fries|move: Rage Powder\n|move|p2a: Milkshake|Revelation Dance|p1a: Haunter\n|-supereffective|p1a: Haunter\n|-damage|p1a: Haunter|0 fnt\n|faint|p1a: Haunter\n|move|p1b: Glimmora|Power Gem|p2b: Fries\n|-damage|p2b: Fries|33\/100\n|-damage|p1b: Glimmora|91\/100|[from] item: Life Orb\n|\n|upkeep\n|\n|t:|1681653283\n|switch|p1a: Ting-Lu|Ting-Lu, L50|100\/100\n|-ability|p1a: Ting-Lu|Vessel of Ruin\n|turn|3\n|\n|t:|1681653323\n|move|p2a: Milkshake|Protect|p2a: Milkshake\n|-singleturn|p2a: Milkshake|Protect\n|move|p2b: Fries|Quiver Dance|p2b: Fries\n|-boost|p2b: Fries|spa|1\n|-boost|p2b: Fries|spd|1\n|-boost|p2b: Fries|spe|1\n|-activate|p2a: Milkshake|ability: Dancer\n|move|p2a: Milkshake|Quiver Dance|p2a: Milkshake|[from]ability: Dancer\n|-boost|p2a: Milkshake|spa|1\n|-boost|p2a: Milkshake|spd|1\n|-boost|p2a: Milkshake|spe|1\n|move|p1b: Glimmora|Sludge Wave|p2a: Milkshake|[spread] p1a,p2b\n|-activate|p2a: Milkshake|move: Protect\n|-resisted|p1a: Ting-Lu\n|-supereffective|p2b: Fries\n|-damage|p1a: Ting-Lu|89\/100\n|-damage|p2b: Fries|0 fnt\n|faint|p2b: Fries\n|-damage|p1b: Glimmora|81\/100|[from] item: Life Orb\n|move|p1a: Ting-Lu|Fissure|p2a: Milkshake\n|-activate|p2a: Milkshake|move: Protect\n|\n|upkeep\n|\n|t:|1681653346\n|switch|p2b: Garlic Bread|Kilowattrel, L50, M, shiny|100\/100\n|turn|4\n|\n|t:|1681653364\n|move|p2a: Milkshake|Revelation Dance|p1b: Glimmora\n|-damage|p1b: Glimmora|19\/100\n|move|p2b: Garlic Bread|Feather Dance|p1a: Ting-Lu\n|-unboost|p1a: Ting-Lu|atk|2\n|-activate|p2a: Milkshake|ability: Dancer\n|move|p2a: Milkshake|Feather Dance|p1a: Ting-Lu|[from]ability: Dancer\n|-unboost|p1a: Ting-Lu|atk|2\n|move|p1b: Glimmora|Power Gem|p2b: Garlic Bread\n|-supereffective|p2b: Garlic Bread\n|-enditem|p2b: Garlic Bread|Focus Sash\n|-damage|p2b: Garlic Bread|1\/100\n|-damage|p1b: Glimmora|9\/100|[from] item: Life Orb\n|move|p1a: Ting-Lu|Rock Slide|p2b: Garlic Bread|[spread] p2a,p2b\n|-supereffective|p2a: Milkshake\n|-supereffective|p2b: Garlic Bread\n|-damage|p2a: Milkshake|84\/100\n|-damage|p2b: Garlic Bread|0 fnt\n|faint|p2b: Garlic Bread\n|\n|upkeep\n|\n|t:|1681653378\n|switch|p2b: McFlurry|Dragapult, L50, M, shiny|100\/100\n|turn|5\n|\n|t:|1681653396\n|switch|p1a: Toxicroak|Toxicroak, L50, M|100\/100\n|move|p2a: Milkshake|Air Slash|p1b: Glimmora\n|-resisted|p1b: Glimmora\n|-damage|p1b: Glimmora|0 fnt\n|faint|p1b: Glimmora\n|move|p2b: McFlurry|Dragon Darts|p1a: Toxicroak\n|-damage|p1a: Toxicroak|51\/100\n|-anim|p2b: McFlurry|Dragon Darts|p1a: Toxicroak\n|-damage|p1a: Toxicroak|2\/100\n|\n|upkeep\n|\n|t:|1681653405\n|switch|p1b: Ting-Lu|Ting-Lu, L50|89\/100\n|-ability|p1b: Ting-Lu|Vessel of Ruin\n|turn|6\n|\n|t:|1681653430\n|move|p1a: Toxicroak|Sucker Punch|p2b: McFlurry\n|-supereffective|p2b: McFlurry\n|-damage|p2b: McFlurry|23\/100\n|move|p2a: Milkshake|Air Slash|p1a: Toxicroak\n|-supereffective|p1a: Toxicroak\n|-damage|p1a: Toxicroak|0 fnt\n|faint|p1a: Toxicroak\n|move|p2b: McFlurry|Dragon Darts|p1b: Ting-Lu\n|-damage|p1b: Ting-Lu|68\/100\n|-anim|p2b: McFlurry|Dragon Darts|p1b: Ting-Lu\n|-damage|p1b: Ting-Lu|50\/100\n|move|p1b: Ting-Lu|Rock Slide|p2b: McFlurry|[spread] p2a,p2b\n|-supereffective|p2a: Milkshake\n|-damage|p2a: Milkshake|32\/100\n|-damage|p2b: McFlurry|0 fnt\n|faint|p2b: McFlurry\n|\n|upkeep\n|turn|7\n|\n|t:|1681653464\n|move|p2a: Milkshake|Air Slash|p1b: Ting-Lu\n|-damage|p1b: Ting-Lu|22\/100\n|move|p1b: Ting-Lu|Rock Slide|p2a: Milkshake\n|-supereffective|p2a: Milkshake\n|-damage|p2a: Milkshake|0 fnt\n|faint|p2a: Milkshake\n|\n|win|filthy_sanchez\n|c|\u2606filthy_sanchez|gg wp\n|c|\u2606fuegoatgoat|gg\n","uploadtime":1681653475,"views":15,"p1id":"filthysanchez","p2id":"fuegoatgoat","formatid":"gen9vgc2023regulationc","rating":0,"private":0,"password":""}