{"id":"gen9vgc2023regulationc-1859832968","p1":"TStorm","p2":"Pokemonst3r","format":"[Gen 9] VGC 2023 Regulation C","log":"|j|\u2606TStorm\n|j|\u2606Pokemonst3r\n|t:|1683568304\n|gametype|doubles\n|player|p1|TStorm|169|1526\n|player|p2|Pokemonst3r|red|1510\n|teamsize|p1|6\n|teamsize|p2|6\n|gen|9\n|tier|[Gen 9] VGC 2023 Regulation C\n|rated|\n|rule|Species Clause: Limit one of each Pok\u00e9mon\n|rule|Item Clause: Limit one of each item\n|clearpoke\n|poke|p1|Flutter Mane, L50|\n|poke|p1|Ting-Lu, L50|\n|poke|p1|Kingambit, L50, F|\n|poke|p1|Arcanine, L50, F|\n|poke|p1|Palafin, L50, F|\n|poke|p1|Amoonguss, L50, M|\n|poke|p2|Ting-Lu, L50|\n|poke|p2|Corviknight, L50, M|\n|poke|p2|Annihilape, L50, F|\n|poke|p2|Grimmsnarl, L50, M|\n|poke|p2|Iron Moth, L50|\n|poke|p2|Gholdengo, L50|\n|teampreview|4\n|inactive|Battle timer is ON: inactive players will automatically lose when time's up. (requested by Pokemonst3r)\nTStorm has agreed to open team sheets.\nPokemonst3r has agreed to open team sheets.\n|inactive|TStorm has 60 seconds left.\n|\n|t:|1683568364\n|start\n|switch|p1a: Kingambit|Kingambit, L50, F|100\/100\n|switch|p1b: Amoonguss|Amoonguss, L50, M|100\/100\n|switch|p2a: Annihilape|Annihilape, L50, F|100\/100\n|switch|p2b: Grimmsnarl|Grimmsnarl, L50, M|100\/100\n|turn|1\n|\n|t:|1683568387\n|switch|p1a: Flutter Mane|Flutter Mane, L50|100\/100\n|move|p1b: Amoonguss|Protect|p1b: Amoonguss\n|-singleturn|p1b: Amoonguss|Protect\n|move|p2b: Grimmsnarl|Fake Out|p1b: Amoonguss\n|-activate|p1b: Amoonguss|move: Protect\n|move|p2a: Annihilape|Bulk Up|p2a: Annihilape\n|-boost|p2a: Annihilape|atk|1\n|-boost|p2a: Annihilape|def|1\n|\n|upkeep\n|turn|2\n|j| EnrolledAgent\n|\n|t:|1683568409\n|-end|p1a: Flutter Mane|Protosynthesis|[silent]\n|switch|p1a: Palafin|Palafin, L50, F|100\/100\n|move|p2a: Annihilape|Protect|p2a: Annihilape\n|-singleturn|p2a: Annihilape|Protect\n|move|p2b: Grimmsnarl|Light Screen|p2b: Grimmsnarl\n|-sidestart|p2: Pokemonst3r|move: Light Screen\n|move|p1b: Amoonguss|Spore|p2a: Annihilape\n|-activate|p2a: Annihilape|move: Protect\n|\n|upkeep\n|turn|3\n|inactive|Pokemonst3r has 30 seconds left.\n|inactive|Pokemonst3r has 20 seconds left.\n|inactive|Pokemonst3r has 15 seconds left.\n|\n|t:|1683568453\n|move|p1a: Palafin|Protect|p1a: Palafin\n|-singleturn|p1a: Palafin|Protect\n|move|p2a: Annihilape|Drain Punch|p1a: Palafin\n|-activate|p1a: Palafin|move: Protect\n|move|p2b: Grimmsnarl|Spirit Break|p1a: Palafin\n|-activate|p1a: Palafin|move: Protect\n|move|p1b: Amoonguss|Spore|p2a: Annihilape\n|-status|p2a: Annihilape|slp|[from] move: Spore\n|\n|upkeep\n|turn|4\n|inactive|Pokemonst3r has 30 seconds left.\n|\n|t:|1683568482\n|switch|p1b: Flutter Mane|Flutter Mane, L50|100\/100\n|move|p2b: Grimmsnarl|Reflect|p2b: Grimmsnarl\n|-sidestart|p2: Pokemonst3r|Reflect\n|move|p1a: Palafin|Haze|p1a: Palafin\n|-clearallboost\n|cant|p2a: Annihilape|slp\n|\n|upkeep\n|turn|5\n|\n|t:|1683568499\n|switch|p2a: Iron Moth|Iron Moth, L50|100\/100\n|-enditem|p2a: Iron Moth|Booster Energy\n|-activate|p2a: Iron Moth|ability: Quark Drive|[fromitem]\n|-start|p2a: Iron Moth|quarkdrivespe\n|-terastallize|p1a: Palafin|Water\n|move|p1b: Flutter Mane|Moonblast|p2a: Iron Moth\n|-resisted|p2a: Iron Moth\n|-damage|p2a: Iron Moth|88\/100\n|move|p1a: Palafin|Wave Crash|p2a: Iron Moth\n|-supereffective|p2a: Iron Moth\n|-damage|p2a: Iron Moth|0 fnt\n|faint|p2a: Iron Moth\n|-end|p2a: Iron Moth|Quark Drive|[silent]\n|-damage|p1a: Palafin|77\/100|[from] Recoil\n|move|p2b: Grimmsnarl|Spirit Break|p1b: Flutter Mane\n|-damage|p1b: Flutter Mane|59\/100\n|-unboost|p1b: Flutter Mane|spa|1\n|\n|upkeep\n|\n|t:|1683568516\n|switch|p2a: Corviknight|Corviknight, L50, M|100\/100\n|turn|6\n|\n|t:|1683568527\n|-end|p1b: Flutter Mane|Protosynthesis|[silent]\n|switch|p1b: Kingambit|Kingambit, L50, F|100\/100\n|detailschange|p1a: Palafin|Palafin-Hero, L50, F, tera:Water\n|switch|p1a: Amoonguss|Amoonguss, L50, M|100\/100\n|move|p2a: Corviknight|Brave Bird|p1a: Amoonguss\n|-supereffective|p1a: Amoonguss\n|-damage|p1a: Amoonguss|40\/100\n|-enditem|p1a: Amoonguss|Sitrus Berry|[eat]\n|-heal|p1a: Amoonguss|65\/100|[from] item: Sitrus Berry\n|-damage|p2a: Corviknight|79\/100|[from] Recoil\n|move|p2b: Grimmsnarl|Spirit Break|p1b: Kingambit\n|-damage|p1b: Kingambit|78\/100\n|-unboost|p1b: Kingambit|spa|1\n|-ability|p1b: Kingambit|Defiant|boost\n|-boost|p1b: Kingambit|atk|2\n|\n|upkeep\n|turn|7\n|inactive|TStorm has 30 seconds left.\n|inactive|Pokemonst3r has 30 seconds left.\n|-message|Pokemonst3r forfeited.\n|\n|win|TStorm\n|raw|TStorm's rating: 1526 → 1545<\/strong> (+19 for winning)\n|raw|Pokemonst3r's rating: 1510 → 1491<\/strong> (-19 for losing)\n|l|\u2606Pokemonst3r\n","uploadtime":1683568599,"views":10,"p1id":"tstorm","p2id":"pokemonst3r","formatid":"gen9vgc2023regulationc","rating":1491,"private":0,"password":""}