{"id":"gen9vgc2023regulationc-1852110609","p1":"sgsdfadfsd","p2":"Zebraschinge","format":"[Gen 9] VGC 2023 Regulation C","log":"|j|\u2606sgsdfadfsd\n|j|\u2606Zebraschinge\n|t:|1682524985\n|gametype|doubles\n|player|p1|sgsdfadfsd|170|1142\n|player|p2|Zebraschinge|youngcouple-gen4dp|1216\n|teamsize|p1|6\n|teamsize|p2|6\n|gen|9\n|tier|[Gen 9] VGC 2023 Regulation C\n|rated|\n|rule|Species Clause: Limit one of each Pok\u00e9mon\n|rule|Item Clause: Limit one of each item\n|clearpoke\n|poke|p1|Iron Hands, L50|\n|poke|p1|Pincurchin, L50, F|\n|poke|p1|Palafin, L50, M|\n|poke|p1|Indeedee-F, L50, F|\n|poke|p1|Armarouge, L50, M|\n|poke|p1|Sylveon, L50, M|\n|poke|p2|Chi-Yu, L50|\n|poke|p2|Dachsbun, L50, M|\n|poke|p2|Garganacl, L50, M|\n|poke|p2|Indeedee-F, L50, F|\n|poke|p2|Armarouge, L50, M|\n|poke|p2|Murkrow, L50, M|\n|teampreview|4\n|inactive|Battle timer is ON: inactive players will automatically lose when time's up. (requested by Zebraschinge)\n|inactive|Zebraschinge has 60 seconds left.\n|\n|t:|1682525036\n|start\n|switch|p1a: Palafin|Palafin, L50, M|100\/100\n|switch|p1b: Armarouge|Armarouge, L50, M|100\/100\n|switch|p2a: Indeedee|Indeedee-F, L50, F|100\/100\n|switch|p2b: Armarouge|Armarouge, L50, M|100\/100\n|-fieldstart|move: Psychic Terrain|[from] ability: Psychic Surge|[of] p2a: Indeedee\n|turn|1\n|inactive|Zebraschinge has 30 seconds left.\n|\n|t:|1682525062\n|move|p1a: Palafin|Flip Turn|p2b: Armarouge\n|-supereffective|p2b: Armarouge\n|-damage|p2b: Armarouge|62\/100\n|\n|t:|1682525068\n|detailschange|p1a: Palafin|Palafin-Hero, L50, M\n|switch|p1a: Pincurchin|Pincurchin, L50, F|100\/100|[from] Flip Turn\n|-fieldstart|move: Electric Terrain|[from] ability: Electric Surge|[of] p1a: Pincurchin\n|move|p2b: Armarouge|Expanding Force|p1a: Pincurchin\n|-damage|p1a: Pincurchin|46\/100\n|move|p2a: Indeedee|Psychic|p1a: Pincurchin\n|-damage|p1a: Pincurchin|9\/100\n|move|p1b: Armarouge|Expanding Force|p2b: Armarouge\n|-resisted|p2b: Armarouge\n|-damage|p2b: Armarouge|38\/100\n|\n|upkeep\n|turn|2\n|inactive|Zebraschinge has 30 seconds left.\n|inactive|Zebraschinge has 20 seconds left.\n|\n|t:|1682525105\n|switch|p2b: Chi-Yu|Chi-Yu, L50|100\/100\n|-ability|p2b: Chi-Yu|Beads of Ruin\n|switch|p1a: Palafin|Palafin-Hero, L50, M|100\/100\n|-activate|p1a: Palafin|ability: Zero to Hero\n|move|p2a: Indeedee|Psychic|p1a: Palafin\n|-damage|p1a: Palafin|54\/100\n|move|p1b: Armarouge|Expanding Force|p2b: Chi-Yu\n|-immune|p2b: Chi-Yu\n|\n|upkeep\n|turn|3\n|inactive|Zebraschinge has 30 seconds left.\n|\n|t:|1682525133\n|switch|p2b: Dachsbun|Dachsbun, L50, M|100\/100\n|switch|p2a: Armarouge|Armarouge, L50, M|38\/100\n|move|p1a: Palafin|Wave Crash|p2b: Dachsbun\n|-damage|p2b: Dachsbun|27\/100\n|-damage|p1a: Palafin|31\/100|[from] Recoil\n|move|p1b: Armarouge|Armor Cannon|p2a: Armarouge\n|-start|p2a: Armarouge|ability: Flash Fire\n|\n|-heal|p2b: Dachsbun|33\/100|[from] item: Leftovers\n|upkeep\n|turn|4\n|inactive|Zebraschinge has 30 seconds left.\n|inactive|Zebraschinge has 20 seconds left.\n|\n|t:|1682525172\n|move|p1a: Palafin|Wave Crash|p2a: Armarouge\n|-supereffective|p2a: Armarouge\n|-damage|p2a: Armarouge|0 fnt\n|faint|p2a: Armarouge\n|-damage|p1a: Palafin|18\/100|[from] Recoil\n|move|p2b: Dachsbun|Wish|p2b: Dachsbun\n|move|p1b: Armarouge|Expanding Force|p2b: Dachsbun\n|-damage|p2b: Dachsbun|0 fnt\n|faint|p2b: Dachsbun\n|\n|upkeep\n|\n|t:|1682525185\n|switch|p2b: Chi-Yu|Chi-Yu, L50|100\/100\n|switch|p2a: Indeedee|Indeedee-F, L50, F|100\/100\n|-ability|p2b: Chi-Yu|Beads of Ruin\n|-fieldstart|move: Psychic Terrain|[from] ability: Psychic Surge|[of] p2a: Indeedee\n|turn|5\n|\n|t:|1682525202\n|move|p1a: Palafin|Wave Crash|p2b: Chi-Yu\n|-supereffective|p2b: Chi-Yu\n|-damage|p2b: Chi-Yu|0 fnt\n|faint|p2b: Chi-Yu\n|-damage|p1a: Palafin|0 fnt|[from] Recoil\n|faint|p1a: Palafin\n|move|p2a: Indeedee|Psychic|p1b: Armarouge\n|-resisted|p1b: Armarouge\n|-damage|p1b: Armarouge|78\/100\n|move|p1b: Armarouge|Trick Room|p1b: Armarouge\n|-fieldstart|move: Trick Room|[of] p1b: Armarouge\n|\n|upkeep\n|\n|t:|1682525212\n|switch|p1a: Pincurchin|Pincurchin, L50, F|9\/100\n|-fieldstart|move: Electric Terrain|[from] ability: Electric Surge|[of] p1a: Pincurchin\n|turn|6\n|\n|t:|1682525218\n|-terastallize|p1a: Pincurchin|Electric\n|move|p1a: Pincurchin|Zing Zap|p2a: Indeedee\n|-damage|p2a: Indeedee|0 fnt\n|-damage|p1a: Pincurchin|0 fnt|[from] item: Rocky Helmet|[of] p2a: Indeedee\n|faint|p2a: Indeedee\n|faint|p1a: Pincurchin\n|\n|win|sgsdfadfsd\n|raw|sgsdfadfsd's rating: 1142 → 1172<\/strong> (+30 for winning)\n|raw|Zebraschinge's rating: 1216 → 1186<\/strong> (-30 for losing)\n|l|\u2606Zebraschinge\n","uploadtime":1682525232,"views":9,"p1id":"sgsdfadfsd","p2id":"zebraschinge","formatid":"gen9vgc2023regulationc","rating":1172,"private":0,"password":""}