{"id":"gen9vgc2023regulationc-1857415096","p1":"TrainerRYSA","p2":"godto","format":"[Gen 9] VGC 2023 Regulation C","log":"|j|\u2606TrainerRYSA\n|j|\u2606godto\n|t:|1683189411\n|gametype|doubles\n|player|p1|TrainerRYSA|169|1187\n|player|p2|godto|102|1194\n|teamsize|p1|6\n|teamsize|p2|6\n|gen|9\n|tier|[Gen 9] VGC 2023 Regulation C\n|rated|\n|rule|Species Clause: Limit one of each Pok\u00e9mon\n|rule|Item Clause: Limit one of each item\n|clearpoke\n|poke|p1|Flutter Mane, L50|\n|poke|p1|Iron Hands, L50|\n|poke|p1|Dragonite, L50, M|\n|poke|p1|Umbreon, L50, M|\n|poke|p1|Gyarados, L50, F|\n|poke|p1|Palafin, L50, M|\n|poke|p2|Scizor, L50, F|\n|poke|p2|Chien-Pao, L50|\n|poke|p2|Iron Valiant, L50|\n|poke|p2|Garchomp, L50, M|\n|poke|p2|Farigiraf, L50, M|\n|poke|p2|Amoonguss, L50, M|\n|teampreview|4\n|inactive|Battle timer is ON: inactive players will automatically lose when time's up. (requested by godto)\n|\n|t:|1683189460\n|start\n|switch|p1a: Palafin|Palafin, L50, M|100\/100\n|switch|p1b: Iron Hands|Iron Hands, L50|100\/100\n|switch|p2a: Scizor|Scizor, L50, F|100\/100\n|switch|p2b: Garchomp|Garchomp, L50, M|100\/100\n|turn|1\n|inactive|TrainerRYSA has 30 seconds left.\n|\n|t:|1683189489\n|detailschange|p1a: Palafin|Palafin-Hero, L50, M\n|switch|p1a: Gyarados|Gyarados, L50, F, shiny|100\/100\n|-ability|p1a: Gyarados|Intimidate|boost\n|-unboost|p2a: Scizor|atk|1\n|-fail|p2b: Garchomp|unboost|[from] item: Clear Amulet|[of] p2b: Garchomp\n|move|p2a: Scizor|Quick Guard|p2a: Scizor\n|-singleturn|p2a: Scizor|Quick Guard\n|move|p2b: Garchomp|Stomping Tantrum|p1b: Iron Hands\n|-supereffective|p1b: Iron Hands\n|-damage|p1b: Iron Hands|49\/100\n|move|p1b: Iron Hands|Drain Punch|p2a: Scizor\n|-damage|p2a: Scizor|59\/100\n|-heal|p1b: Iron Hands|64\/100|[from] drain|[of] p2a: Scizor\n|\n|upkeep\n|turn|2\n|inactive|TrainerRYSA has 30 seconds left.\n|\n|t:|1683189518\n|move|p2b: Garchomp|Rock Slide|p1b: Iron Hands|[spread] p1a,p1b\n|-supereffective|p1a: Gyarados\n|-resisted|p1b: Iron Hands\n|-damage|p1a: Gyarados|53\/100\n|-damage|p1b: Iron Hands|58\/100\n|move|p1a: Gyarados|Thunder Wave|p2a: Scizor\n|-status|p2a: Scizor|par\n|-enditem|p2a: Scizor|Lum Berry|[eat]\n|-curestatus|p2a: Scizor|par|[msg]\n|move|p2a: Scizor|Tailwind|p2a: Scizor\n|-sidestart|p2: godto|move: Tailwind\n|move|p1b: Iron Hands|Drain Punch|p2a: Scizor\n|-damage|p2a: Scizor|19\/100\n|-heal|p1b: Iron Hands|73\/100|[from] drain|[of] p2a: Scizor\n|\n|upkeep\n|turn|3\n|inactive|godto has 30 seconds left.\n|inactive|godto has 20 seconds left.\n|\n|t:|1683189554\n|move|p2b: Garchomp|Rock Slide|p1b: Iron Hands|[spread] p1a,p1b\n|-supereffective|p1a: Gyarados\n|-resisted|p1b: Iron Hands\n|-damage|p1a: Gyarados|6\/100\n|-damage|p1b: Iron Hands|66\/100\n|-enditem|p1a: Gyarados|Sitrus Berry|[eat]\n|-heal|p1a: Gyarados|31\/100|[from] item: Sitrus Berry\n|move|p2a: Scizor|U-turn|p1a: Gyarados\n|-resisted|p1a: Gyarados\n|-crit|p1a: Gyarados\n|-damage|p1a: Gyarados|0 fnt\n|faint|p1a: Gyarados\n|\n|t:|1683189565\n|switch|p2a: Iron Valiant|Iron Valiant, L50|100\/100|[from] U-turn\n|-enditem|p2a: Iron Valiant|Booster Energy\n|-activate|p2a: Iron Valiant|ability: Quark Drive|[fromitem]\n|-start|p2a: Iron Valiant|quarkdrivespe\n|move|p1b: Iron Hands|Drain Punch|p2a: Iron Valiant\n|-resisted|p2a: Iron Valiant\n|-damage|p2a: Iron Valiant|74\/100\n|-heal|p1b: Iron Hands|75\/100|[from] drain|[of] p2a: Iron Valiant\n|\n|upkeep\n|\n|t:|1683189575\n|switch|p1a: Palafin|Palafin-Hero, L50, M|100\/100\n|-activate|p1a: Palafin|ability: Zero to Hero\n|turn|4\n|\n|t:|1683189600\n|-terastallize|p1a: Palafin|Water\n|move|p1a: Palafin|Jet Punch|p2b: Garchomp\n|-damage|p2b: Garchomp|33\/100\n|-damage|p1a: Palafin|88\/100|[from] ability: Rough Skin|[of] p2b: Garchomp\n|move|p2a: Iron Valiant|Moonblast|p1b: Iron Hands\n|-supereffective|p1b: Iron Hands\n|-damage|p1b: Iron Hands|41\/100\n|-unboost|p1b: Iron Hands|spa|1\n|move|p2b: Garchomp|Earthquake|p1a: Palafin|[spread] p2a,p1a,p1b\n|-supereffective|p1b: Iron Hands\n|-crit|p1b: Iron Hands\n|-damage|p2a: Iron Valiant|19\/100\n|-damage|p1a: Palafin|55\/100\n|-damage|p1b: Iron Hands|0 fnt\n|faint|p1b: Iron Hands\n|-end|p1b: Iron Hands|Quark Drive|[silent]\n|\n|upkeep\n|\n|t:|1683189613\n|switch|p1b: Dragonite|Dragonite, L50, M, shiny|100\/100\n|turn|5\n|\n|t:|1683189636\n|move|p2b: Garchomp|Protect|p2b: Garchomp\n|-singleturn|p2b: Garchomp|Protect\n|move|p1a: Palafin|Jet Punch|p2a: Iron Valiant\n|-damage|p2a: Iron Valiant|0 fnt\n|faint|p2a: Iron Valiant\n|-end|p2a: Iron Valiant|Quark Drive|[silent]\n|move|p1b: Dragonite|Outrage|p2b: Garchomp\n|-activate|p2b: Garchomp|move: Protect\n|\n|-sideend|p2: godto|move: Tailwind\n|upkeep\n|\n|t:|1683189647\n|switch|p2a: Scizor|Scizor, L50, F|19\/100\n|turn|6\n|inactive|godto has 30 seconds left.\n|\n|t:|1683189675\n|move|p1a: Palafin|Jet Punch|p2b: Garchomp\n|-damage|p2b: Garchomp|0 fnt\n|-damage|p1a: Palafin|43\/100|[from] ability: Rough Skin|[of] p2b: Garchomp\n|faint|p2b: Garchomp\n|move|p2a: Scizor|Bullet Punch|p1b: Dragonite\n|-damage|p1b: Dragonite|84\/100\n|move|p1b: Dragonite|Outrage|p2a: Scizor\n|-resisted|p2a: Scizor\n|-damage|p2a: Scizor|0 fnt\n|faint|p2a: Scizor\n|\n|upkeep\n|\n|t:|1683189689\n|switch|p2b: Chien-Pao|Chien-Pao, L50|100\/100\n|-ability|p2b: Chien-Pao|Sword of Ruin\n|turn|7\n|-message|godto forfeited.\n|\n|win|TrainerRYSA\n|raw|TrainerRYSA's rating: 1187 → 1213<\/strong> (+26 for winning)\n|raw|godto's rating: 1194 → 1168<\/strong> (-26 for losing)\n|l|\u2606godto\n|l|\u2606TrainerRYSA\n|j|\u2606TrainerRYSA\n|player|p1|TrainerRYSA|169\n","uploadtime":1683189715,"views":11,"p1id":"trainerrysa","p2id":"godto","formatid":"gen9vgc2023regulationc","rating":1168,"private":0,"password":""}