{"id":"gen9vgc2023regulationc-1856689595","p1":"SurpriseSensei","p2":"kaizerfattah","format":"[Gen 9] VGC 2023 Regulation C","log":"|j|\u2606SurpriseSensei\n|j|\u2606kaizerfattah\n|t:|1683095023\n|gametype|doubles\n|player|p1|SurpriseSensei|lady|1430\n|player|p2|kaizerfattah|hilda-wonderlauncher|1355\n|teamsize|p1|6\n|teamsize|p2|6\n|gen|9\n|tier|[Gen 9] VGC 2023 Regulation C\n|rated|\n|rule|Species Clause: Limit one of each Pok\u00e9mon\n|rule|Item Clause: Limit one of each item\n|clearpoke\n|poke|p1|Iron Bundle, L50|\n|poke|p1|Roaring Moon, L50|\n|poke|p1|Glimmora, L50, F|\n|poke|p1|Ting-Lu, L50|\n|poke|p1|Garganacl, L50, F|\n|poke|p1|Amoonguss, L50, M|\n|poke|p2|Dachsbun, L50, M|\n|poke|p2|Flutter Mane, L50|\n|poke|p2|Baxcalibur, L50, F|\n|poke|p2|Chi-Yu, L50|\n|poke|p2|Azumarill, L50, M|\n|poke|p2|Iron Hands, L50|\n|teampreview|4\n|inactive|Battle timer is ON: inactive players will automatically lose when time's up. (requested by kaizerfattah)\n|inactive|SurpriseSensei has 60 seconds left.\n|\n|t:|1683095056\n|start\n|switch|p1a: Roaring Moon|Roaring Moon, L50|100\/100\n|switch|p1b: Ting-Lu|Ting-Lu, L50|100\/100\n|switch|p2a: Hot Loaf|Dachsbun, L50, M|100\/100\n|switch|p2b: Smoked fillet|Chi-Yu, L50|100\/100\n|-ability|p2b: Smoked fillet|Beads of Ruin\n|-ability|p1b: Ting-Lu|Vessel of Ruin\n|-enditem|p1a: Roaring Moon|Booster Energy\n|-activate|p1a: Roaring Moon|ability: Protosynthesis|[fromitem]\n|-start|p1a: Roaring Moon|protosynthesisatk\n|turn|1\n|\n|t:|1683095078\n|-terastallize|p2b: Smoked fillet|Grass\n|move|p1a: Roaring Moon|Protect|p1a: Roaring Moon\n|-singleturn|p1a: Roaring Moon|Protect\n|move|p2b: Smoked fillet|Lava Plume|p1b: Ting-Lu|[spread] p1b\n|-activate|p1a: Roaring Moon|move: Protect\n|-ability|p2a: Hot Loaf|Well-Baked Body|boost\n|-boost|p2a: Hot Loaf|def|2\n|-damage|p1b: Ting-Lu|84\/100\n|move|p2a: Hot Loaf|Body Press|p1b: Ting-Lu\n|-supereffective|p1b: Ting-Lu\n|-damage|p1b: Ting-Lu|33\/100\n|move|p1b: Ting-Lu|Heavy Slam|p2a: Hot Loaf\n|-supereffective|p2a: Hot Loaf\n|-damage|p2a: Hot Loaf|60\/100\n|\n|-heal|p2a: Hot Loaf|66\/100|[from] item: Leftovers\n|upkeep\n|turn|2\n|\n|t:|1683095102\n|-terastallize|p1a: Roaring Moon|Flying\n|move|p2b: Smoked fillet|Lava Plume|p1a: Roaring Moon|[spread] p1a,p1b\n|-ability|p2a: Hot Loaf|Well-Baked Body|boost\n|-boost|p2a: Hot Loaf|def|2\n|-damage|p1a: Roaring Moon|69\/100\n|-damage|p1b: Ting-Lu|15\/100\n|-status|p1a: Roaring Moon|brn\n|move|p1a: Roaring Moon|Acrobatics|p2b: Smoked fillet\n|-supereffective|p2b: Smoked fillet\n|-damage|p2b: Smoked fillet|0 fnt\n|faint|p2b: Smoked fillet\n|move|p2a: Hot Loaf|Body Press|p1b: Ting-Lu\n|-supereffective|p1b: Ting-Lu\n|-damage|p1b: Ting-Lu|0 fnt\n|faint|p1b: Ting-Lu\n|\n|-heal|p2a: Hot Loaf|72\/100|[from] item: Leftovers\n|-damage|p1a: Roaring Moon|63\/100 brn|[from] brn\n|upkeep\n|\n|t:|1683095125\n|switch|p2b: Mustard|Iron Hands, L50|100\/100\n|switch|p1b: Amoonguss|Amoonguss, L50, M, shiny|100\/100\n|turn|3\n|\n|t:|1683095140\n|move|p1a: Roaring Moon|Protect|p1a: Roaring Moon\n|-singleturn|p1a: Roaring Moon|Protect\n|move|p2a: Hot Loaf|Protect|p2a: Hot Loaf\n|-singleturn|p2a: Hot Loaf|Protect\n|move|p2b: Mustard|Wild Charge|p1a: Roaring Moon\n|-activate|p1a: Roaring Moon|move: Protect\n|move|p1b: Amoonguss|Spore|p2a: Hot Loaf\n|-activate|p2a: Hot Loaf|move: Protect\n|\n|-heal|p2a: Hot Loaf|79\/100|[from] item: Leftovers\n|-damage|p1a: Roaring Moon|57\/100 brn|[from] brn\n|upkeep\n|turn|4\n|\n|t:|1683095159\n|-end|p1a: Roaring Moon|Protosynthesis|[silent]\n|switch|p1a: Garganacl|Garganacl, L50, F|100\/100\n|move|p2a: Hot Loaf|Yawn|p1b: Amoonguss\n|-start|p1b: Amoonguss|move: Yawn|[of] p2a: Hot Loaf\n|move|p2b: Mustard|Wild Charge|p1a: Garganacl\n|-damage|p1a: Garganacl|67\/100\n|-damage|p2b: Mustard|93\/100|[from] Recoil\n|move|p1b: Amoonguss|Spore|p2a: Hot Loaf\n|-status|p2a: Hot Loaf|slp|[from] move: Spore\n|\n|-heal|p2a: Hot Loaf|85\/100 slp|[from] item: Leftovers\n|-heal|p1a: Garganacl|72\/100|[from] item: Leftovers\n|upkeep\n|turn|5\n|\n|t:|1683095182\n|cant|p2a: Hot Loaf|slp\n|move|p2b: Mustard|Wild Charge|p1b: Amoonguss\n|-resisted|p1b: Amoonguss\n|-crit|p1b: Amoonguss\n|-damage|p1b: Amoonguss|67\/100\n|-damage|p2b: Mustard|77\/100|[from] item: Rocky Helmet|[of] p1b: Amoonguss\n|-damage|p2b: Mustard|69\/100|[from] Recoil\n|move|p1a: Garganacl|Salt Cure|p2a: Hot Loaf\n|-damage|p2a: Hot Loaf|79\/100 slp\n|-start|p2a: Hot Loaf|Salt Cure\n|move|p1b: Amoonguss|Spore|p2b: Mustard\n|-status|p2b: Mustard|slp|[from] move: Spore\n|\n|-heal|p2a: Hot Loaf|85\/100 slp|[from] item: Leftovers\n|-heal|p1a: Garganacl|78\/100|[from] item: Leftovers\n|-damage|p2a: Hot Loaf|73\/100 slp|[from] Salt Cure\n|-end|p1b: Amoonguss|move: Yawn|[silent]\n|-status|p1b: Amoonguss|slp\n|upkeep\n|turn|6\n|\n|t:|1683095207\n|cant|p2a: Hot Loaf|slp\n|cant|p2b: Mustard|slp\n|move|p1a: Garganacl|Salt Cure|p2b: Mustard\n|-resisted|p2b: Mustard\n|-damage|p2b: Mustard|64\/100 slp\n|-start|p2b: Mustard|Salt Cure\n|cant|p1b: Amoonguss|slp\n|\n|-heal|p2a: Hot Loaf|79\/100 slp|[from] item: Leftovers\n|-heal|p1a: Garganacl|84\/100|[from] item: Leftovers\n|-damage|p2a: Hot Loaf|67\/100 slp|[from] Salt Cure\n|-damage|p2b: Mustard|52\/100 slp|[from] Salt Cure\n|upkeep\n|turn|7\n|\n|t:|1683095227\n|switch|p1a: Roaring Moon|Roaring Moon, L50, tera:Flying|57\/100 brn\n|cant|p2a: Hot Loaf|slp\n|-curestatus|p2b: Mustard|slp|[msg]\n|move|p2b: Mustard|Drain Punch|p1a: Roaring Moon\n|-resisted|p1a: Roaring Moon\n|-damage|p1a: Roaring Moon|36\/100 brn\n|-heal|p2b: Mustard|60\/100|[from] drain|[of] p1a: Roaring Moon\n|-curestatus|p1b: Amoonguss|slp|[msg]\n|move|p1b: Amoonguss|Spore|p2a: Hot Loaf\n|-fail|p2a: Hot Loaf|slp\n|\n|-heal|p2a: Hot Loaf|73\/100 slp|[from] item: Leftovers\n|-damage|p1a: Roaring Moon|30\/100 brn|[from] brn\n|-damage|p2a: Hot Loaf|61\/100 slp|[from] Salt Cure\n|-damage|p2b: Mustard|48\/100|[from] Salt Cure\n|upkeep\n|turn|8\n|inactive|kaizerfattah has 30 seconds left.\n|inactive|kaizerfattah has 20 seconds left.\n|inactive|kaizerfattah has 15 seconds left.\n|\n|t:|1683095269\n|move|p1a: Roaring Moon|Acrobatics|p2b: Mustard\n|-damage|p2b: Mustard|29\/100\n|-curestatus|p2a: Hot Loaf|slp|[msg]\n|move|p2a: Hot Loaf|Yawn|p1b: Amoonguss\n|-start|p1b: Amoonguss|move: Yawn|[of] p2a: Hot Loaf\n|move|p2b: Mustard|Drain Punch|p1a: Roaring Moon\n|-resisted|p1a: Roaring Moon\n|-damage|p1a: Roaring Moon|10\/100 brn\n|-heal|p2b: Mustard|37\/100|[from] drain|[of] p1a: Roaring Moon\n|move|p1b: Amoonguss|Spore|p2b: Mustard\n|-status|p2b: Mustard|slp|[from] move: Spore\n|\n|-heal|p2a: Hot Loaf|67\/100|[from] item: Leftovers\n|-damage|p1a: Roaring Moon|4\/100 brn|[from] brn\n|-damage|p2a: Hot Loaf|55\/100|[from] Salt Cure\n|-damage|p2b: Mustard|25\/100 slp|[from] Salt Cure\n|upkeep\n|turn|9\n|inactive|SurpriseSensei has 30 seconds left.\n|inactive|kaizerfattah has 30 seconds left.\n|\n|t:|1683095300\n|-end|p2b: Mustard|Quark Drive|[silent]\n|switch|p2b: Ghost pepper|Flutter Mane, L50|100\/100\n|-enditem|p2b: Ghost pepper|Booster Energy\n|-activate|p2b: Ghost pepper|ability: Protosynthesis|[fromitem]\n|-start|p2b: Ghost pepper|protosynthesisspe\n|move|p2a: Hot Loaf|Protect|p2a: Hot Loaf\n|-singleturn|p2a: Hot Loaf|Protect\n|move|p1a: Roaring Moon|Acrobatics|p2b: Ghost pepper\n|-damage|p2b: Ghost pepper|43\/100\n|move|p1b: Amoonguss|Spore|p2a: Hot Loaf\n|-activate|p2a: Hot Loaf|move: Protect\n|\n|-heal|p2a: Hot Loaf|61\/100|[from] item: Leftovers\n|-damage|p1a: Roaring Moon|0 fnt|[from] brn\n|faint|p1a: Roaring Moon\n|-end|p1a: Roaring Moon|Protosynthesis|[silent]\n|-damage|p2a: Hot Loaf|49\/100|[from] Salt Cure\n|-end|p1b: Amoonguss|move: Yawn|[silent]\n|-status|p1b: Amoonguss|slp\n|upkeep\n|\n|t:|1683095302\n|switch|p1a: Garganacl|Garganacl, L50, F|84\/100\n|turn|10\n|inactive|kaizerfattah has 30 seconds left.\n|\n|t:|1683095329\n|move|p1a: Garganacl|Protect|p1a: Garganacl\n|-singleturn|p1a: Garganacl|Protect\n|move|p2b: Ghost pepper|Perish Song|p2b: Ghost pepper\n|-start|p1a: Garganacl|perish3|[silent]\n|-start|p1b: Amoonguss|perish3|[silent]\n|-start|p2a: Hot Loaf|perish3|[silent]\n|-start|p2b: Ghost pepper|perish3|[silent]\n|-fieldactivate|move: Perish Song\n|move|p2a: Hot Loaf|Wish|p2a: Hot Loaf\n|cant|p1b: Amoonguss|slp\n|\n|-heal|p2a: Hot Loaf|55\/100|[from] item: Leftovers\n|-heal|p1a: Garganacl|90\/100|[from] item: Leftovers\n|-damage|p2a: Hot Loaf|43\/100|[from] Salt Cure\n|-start|p2b: Ghost pepper|perish3\n|-start|p2a: Hot Loaf|perish3\n|-start|p1a: Garganacl|perish3\n|-start|p1b: Amoonguss|perish3\n|upkeep\n|turn|11\n|\n|t:|1683095352\n|-end|p2b: Ghost pepper|Protosynthesis|[silent]\n|switch|p2b: Mustard|Iron Hands, L50|25\/100 slp\n|cant|p1b: Amoonguss|slp\n|move|p2a: Hot Loaf|Body Press|p1a: Garganacl\n|-supereffective|p1a: Garganacl\n|-damage|p1a: Garganacl|2\/100\n|move|p1a: Garganacl|Salt Cure|p2b: Mustard\n|-resisted|p2b: Mustard\n|-damage|p2b: Mustard|20\/100 slp\n|-start|p2b: Mustard|Salt Cure\n|\n|-heal|p2a: Hot Loaf|93\/100|[from] move: Wish|[wisher] Hot Loaf\n|-heal|p2a: Hot Loaf|99\/100|[from] item: Leftovers\n|-heal|p1a: Garganacl|8\/100|[from] item: Leftovers\n|-damage|p2a: Hot Loaf|86\/100|[from] Salt Cure\n|-damage|p2b: Mustard|8\/100 slp|[from] Salt Cure\n|-start|p2a: Hot Loaf|perish2\n|-start|p1a: Garganacl|perish2\n|-start|p1b: Amoonguss|perish2\n|upkeep\n|turn|12\n|l|\u2606SurpriseSensei\n|inactive|SurpriseSensei disconnected and has a minute to reconnect!\n|player|p1|\n|inactive|kaizerfattah has 30 seconds left.\n|\n|t:|1683095385\n|-curestatus|p1b: Amoonguss|slp|[msg]\n|move|p1b: Amoonguss|Rage Powder|p1b: Amoonguss\n|-singleturn|p1b: Amoonguss|move: Rage Powder\n|move|p2a: Hot Loaf|Body Press|p1b: Amoonguss\n|-resisted|p1b: Amoonguss\n|-damage|p1b: Amoonguss|43\/100\n|-damage|p2a: Hot Loaf|70\/100|[from] item: Rocky Helmet|[of] p1b: Amoonguss\n|cant|p2b: Mustard|slp\n|move|p1a: Garganacl|Recover|p1a: Garganacl\n|-heal|p1a: Garganacl|58\/100\n|\n|-heal|p2a: Hot Loaf|76\/100|[from] item: Leftovers\n|-heal|p1a: Garganacl|64\/100|[from] item: Leftovers\n|-damage|p2a: Hot Loaf|64\/100|[from] Salt Cure\n|-damage|p2b: Mustard|0 fnt|[from] Salt Cure\n|faint|p2b: Mustard\n|-end|p2b: Mustard|Quark Drive|[silent]\n|-start|p2a: Hot Loaf|perish1\n|-start|p1a: Garganacl|perish1\n|-start|p1b: Amoonguss|perish1\n|upkeep\n|\n|t:|1683095406\n|switch|p2b: Ghost pepper|Flutter Mane, L50|43\/100\n|turn|13\n|inactive|SurpriseSensei has 30 seconds left.\n|c|\u2606kaizerfattah|Gg\n|inactive|SurpriseSensei has 20 seconds left.\n|inactive|SurpriseSensei has 15 seconds left.\n|inactive|SurpriseSensei has 10 seconds left.\n|inactive|SurpriseSensei has 5 seconds left.\n|-message|SurpriseSensei lost due to inactivity.\n|\n|win|kaizerfattah\n|raw|SurpriseSensei's rating: 1430 → 1406<\/strong> (-24 for losing)\n|raw|kaizerfattah's rating: 1355 → 1379<\/strong> (+24 for winning)\n","uploadtime":1683095701,"views":9,"p1id":"surprisesensei","p2id":"kaizerfattah","formatid":"gen9vgc2023regulationc","rating":1379,"private":0,"password":""}