{"id":"gen9vgc2023regulationc-1855091753","p1":"rhhejtktktk","p2":"HareBrainSetsRFun","format":"[Gen 9] VGC 2023 Regulation C","log":"|j|\u2606rhhejtktktk\n|j|\u2606HareBrainSetsRFun\n|t:|1682900258\n|gametype|doubles\n|player|p1|rhhejtktktk|170|1000\n|player|p2|HareBrainSetsRFun|red|1090\n|teamsize|p1|6\n|teamsize|p2|6\n|gen|9\n|tier|[Gen 9] VGC 2023 Regulation C\n|rated|\n|rule|Species Clause: Limit one of each Pok\u00e9mon\n|rule|Item Clause: Limit one of each item\n|clearpoke\n|poke|p1|Amoonguss, L50, F|\n|poke|p1|Chi-Yu, L50|\n|poke|p1|Garganacl, L50, F|\n|poke|p1|Dondozo, L50, M|\n|poke|p1|Tatsugiri, L50, F|\n|poke|p1|Flutter Mane, L50|\n|poke|p2|Annihilape, L50, F|\n|poke|p2|Dragonite, L50, F|\n|poke|p2|Flutter Mane, L50|\n|poke|p2|Rotom-Wash, L50|\n|poke|p2|Stantler, L50, F|\n|poke|p2|Ting-Lu, L50|\n|teampreview|4\n|j| GymLeader Avery\n|\n|t:|1682900279\n|start\n|switch|p1a: Chi-Yu|Chi-Yu, L50|100\/100\n|switch|p1b: Flutter Mane|Flutter Mane, L50|100\/100\n|switch|p2a: Annihilape|Annihilape, L50, F|100\/100\n|switch|p2b: Stantler|Stantler, L50, F|100\/100\n|-ability|p1a: Chi-Yu|Beads of Ruin\n|-ability|p2b: Stantler|Intimidate|boost\n|-unboost|p1a: Chi-Yu|atk|1\n|-unboost|p1b: Flutter Mane|atk|1\n|turn|1\n|\n|t:|1682900297\n|move|p2a: Annihilape|Protect|p2a: Annihilape\n|-singleturn|p2a: Annihilape|Protect\n|move|p1b: Flutter Mane|Moonblast|p2a: Annihilape\n|-activate|p2a: Annihilape|move: Protect\n|move|p1a: Chi-Yu|Heat Wave|p2b: Stantler|[spread] p2b\n|-activate|p2a: Annihilape|move: Protect\n|-damage|p2b: Stantler|68\/100\n|move|p2b: Stantler|Skill Swap|p1a: Chi-Yu\n|-activate|p2b: Stantler|move: Skill Swap|Beads of Ruin|Intimidate|[of] p1a: Chi-Yu\n|-ability|p2b: Stantler|Beads of Ruin\n|-ability|p1a: Chi-Yu|Intimidate|boost\n|-unboost|p2a: Annihilape|atk|1\n|-ability|p2a: Annihilape|Defiant|boost\n|-boost|p2a: Annihilape|atk|2\n|-enditem|p2a: Annihilape|Adrenaline Orb\n|-boost|p2a: Annihilape|spe|1|[from] item: Adrenaline Orb\n|-unboost|p2b: Stantler|atk|1\n|\n|upkeep\n|turn|2\n|\n|t:|1682900315\n|-terastallize|p2a: Annihilape|Flying\n|move|p1a: Chi-Yu|Protect|p1a: Chi-Yu\n|-singleturn|p1a: Chi-Yu|Protect\n|move|p2b: Stantler|Protect|p2b: Stantler\n|-singleturn|p2b: Stantler|Protect\n|move|p2a: Annihilape|Acrobatics|p1b: Flutter Mane\n|-enditem|p1b: Flutter Mane|Focus Sash\n|-damage|p1b: Flutter Mane|1\/100\n|move|p1b: Flutter Mane|Moonblast|p2a: Annihilape\n|-damage|p2a: Annihilape|35\/100\n|\n|upkeep\n|turn|3\n|\n|t:|1682900339\n|switch|p1a: Tatsugiri|Tatsugiri, L50, F|100\/100\n|move|p2a: Annihilape|Protect|p2a: Annihilape\n|-singleturn|p2a: Annihilape|Protect\n|move|p1b: Flutter Mane|Perish Song|p1b: Flutter Mane\n|-start|p1a: Tatsugiri|perish3|[silent]\n|-start|p1b: Flutter Mane|perish3|[silent]\n|-start|p2a: Annihilape|perish3|[silent]\n|-start|p2b: Stantler|perish3|[silent]\n|-fieldactivate|move: Perish Song\n|move|p2b: Stantler|Imprison|p2b: Stantler\n|-start|p2b: Stantler|move: Imprison\n|\n|-start|p2a: Annihilape|perish3\n|-start|p1b: Flutter Mane|perish3\n|-start|p1a: Tatsugiri|perish3\n|-start|p2b: Stantler|perish3\n|upkeep\n|turn|4\n|\n|t:|1682900372\n|move|p2a: Annihilape|Acrobatics|p1b: Flutter Mane\n|-damage|p1b: Flutter Mane|0 fnt\n|faint|p1b: Flutter Mane\n|-end|p1b: Flutter Mane|Protosynthesis|[silent]\n|move|p1a: Tatsugiri|Muddy Water|p2a: Annihilape|[spread] p2a\n|-miss|p1a: Tatsugiri|p2b: Stantler\n|-damage|p2a: Annihilape|0 fnt\n|faint|p2a: Annihilape\n|-damage|p1a: Tatsugiri|91\/100|[from] item: Life Orb\n|move|p2b: Stantler|Tera Blast|p1a: Tatsugiri\n|-damage|p1a: Tatsugiri|52\/100\n|\n|-start|p1a: Tatsugiri|perish2\n|-start|p2b: Stantler|perish2\n|upkeep\n|\n|t:|1682900390\n|switch|p1b: Dondozo|Dondozo, L50, M|100\/100\n|switch|p2a: Dragonite|Dragonite, L50, F|100\/100\n|-activate|p1a: Tatsugiri|ability: Commander|[of] p1b: Dondozo\n|-boost|p1b: Dondozo|atk|2\n|-boost|p1b: Dondozo|spa|2\n|-boost|p1b: Dondozo|spe|2\n|-boost|p1b: Dondozo|def|2\n|-boost|p1b: Dondozo|spd|2\n|turn|5\n|\n|t:|1682900411\n|move|p1b: Dondozo|Substitute|p1b: Dondozo\n|-start|p1b: Dondozo|Substitute\n|-damage|p1b: Dondozo|76\/100\n|move|p2a: Dragonite|Dragon Dance|p2a: Dragonite\n|-boost|p2a: Dragonite|atk|1\n|-boost|p2a: Dragonite|spe|1\n|move|p2b: Stantler|Skill Swap|p1b: Dondozo\n|-activate|p2b: Stantler|move: Skill Swap|Unaware|Beads of Ruin|[of] p1b: Dondozo\n|-ability|p1b: Dondozo|Beads of Ruin\n|\n|-start|p1a: Tatsugiri|perish1\n|-start|p2b: Stantler|perish1\n|upkeep\n|turn|6\n|\n|t:|1682900424\n|switch|p2b: Ting-Lu|Ting-Lu, L50|100\/100\n|-ability|p2b: Ting-Lu|Vessel of Ruin\n|move|p2a: Dragonite|Extreme Speed|p1b: Dondozo\n|-activate|p1b: Dondozo|move: Substitute|[damage]\n|move|p1b: Dondozo|Wave Crash|p2a: Dragonite\n|-resisted|p2a: Dragonite\n|-crit|p2a: Dragonite\n|-damage|p2a: Dragonite|63\/100\n|-damage|p1b: Dondozo|66\/100|[from] Recoil\n|\n|-start|p1a: Tatsugiri|perish0\n|upkeep\n|faint|p1a: Tatsugiri\n|\n|t:|1682900436\n|switch|p1a: Chi-Yu|Chi-Yu, L50|100\/100\n|-ability|p1a: Chi-Yu|Beads of Ruin\n|turn|7\n|l| GymLeader Avery\n|\n|t:|1682900467\n|-terastallize|p1a: Chi-Yu|Grass\n|move|p2b: Ting-Lu|Protect|p2b: Ting-Lu\n|-singleturn|p2b: Ting-Lu|Protect\n|move|p2a: Dragonite|Earthquake|p1a: Chi-Yu|[spread] p1a,p1b\n|-activate|p2b: Ting-Lu|move: Protect\n|-end|p1b: Dondozo|Substitute\n|-resisted|p1a: Chi-Yu\n|-damage|p1a: Chi-Yu|76\/100\n|move|p1a: Chi-Yu|Nasty Plot|p1a: Chi-Yu\n|-boost|p1a: Chi-Yu|spa|2\n|move|p1b: Dondozo|Wave Crash|p2a: Dragonite\n|-resisted|p2a: Dragonite\n|-damage|p2a: Dragonite|9\/100\n|-damage|p1b: Dondozo|53\/100|[from] Recoil\n|\n|upkeep\n|turn|8\n|j| GymLeader Avery\n|\n|t:|1682900486\n|move|p2a: Dragonite|Extreme Speed|p1a: Chi-Yu\n|-damage|p1a: Chi-Yu|13\/100\n|-enditem|p1a: Chi-Yu|Wiki Berry|[eat]\n|-heal|p1a: Chi-Yu|46\/100|[from] item: Wiki Berry\n|move|p1a: Chi-Yu|Heat Wave|p2a: Dragonite|[spread] p2a,p2b\n|-resisted|p2a: Dragonite\n|-damage|p2a: Dragonite|0 fnt\n|-damage|p2b: Ting-Lu|57\/100\n|faint|p2a: Dragonite\n|move|p1b: Dondozo|Wave Crash|p2b: Ting-Lu\n|-supereffective|p2b: Ting-Lu\n|-damage|p2b: Ting-Lu|0 fnt\n|faint|p2b: Ting-Lu\n|-damage|p1b: Dondozo|33\/100|[from] Recoil\n|\n|upkeep\n|-message|HareBrainSetsRFun forfeited.\n|\n|win|rhhejtktktk\n|raw|rhhejtktktk's rating: 1000 → 1050<\/strong> (+50 for winning)\n|raw|HareBrainSetsRFun's rating: 1090 → 1061<\/strong> (-29 for losing)\n|l|\u2606HareBrainSetsRFun\n|l|\u2606rhhejtktktk\n","uploadtime":1682900536,"views":8,"p1id":"rhhejtktktk","p2id":"harebrainsetsrfun","formatid":"gen9vgc2023regulationc","rating":1050,"private":0,"password":""}