{"id":"gen9vgc2023regulationc-1862589960","p1":"boat emoticon","p2":"ventianndk","format":"[Gen 9] VGC 2023 Regulation C","log":"|j|\u203dboat emoticon\n|j|\u2606ventianndk\n|t:|1683903509\n|gametype|doubles\n|player|p1|boat emoticon|caitlin|1045\n|player|p2|ventianndk|benga|1104\n|teamsize|p1|6\n|teamsize|p2|6\n|gen|9\n|tier|[Gen 9] VGC 2023 Regulation C\n|rated|\n|rule|Species Clause: Limit one of each Pok\u00e9mon\n|rule|Item Clause: Limit one of each item\n|clearpoke\n|poke|p1|Dondozo, L50, F|\n|poke|p1|Tatsugiri, L50, F|\n|poke|p1|Chi-Yu, L50|\n|poke|p1|Iron Bundle, L50|\n|poke|p1|Flutter Mane, L50|\n|poke|p1|Glimmora, L50, F|\n|poke|p2|Palafin, L50, M|\n|poke|p2|Flutter Mane, L50|\n|poke|p2|Arcanine, L50, F|\n|poke|p2|Amoonguss, L50, F|\n|poke|p2|Murkrow, L50, F|\n|poke|p2|Baxcalibur, L50, M|\n|teampreview|4\n|inactive|Battle timer is ON: inactive players will automatically lose when time's up. (requested by boat emoticon)\n|\n|t:|1683903538\n|start\n|switch|p1a: Iron Bundle|Iron Bundle, L50|100\/100\n|switch|p1b: Glimmora|Glimmora, L50, F|100\/100\n|switch|p2a: Murkrow|Murkrow, L50, F|100\/100\n|switch|p2b: Baxcalibur|Baxcalibur, L50, M|100\/100\n|-enditem|p1a: Iron Bundle|Booster Energy\n|-activate|p1a: Iron Bundle|ability: Quark Drive|[fromitem]\n|-start|p1a: Iron Bundle|quarkdrivespe\n|turn|1\n|inactive|boat emoticon has 30 seconds left.\n|\n|t:|1683903563\n|-terastallize|p2b: Baxcalibur|Steel\n|move|p2a: Murkrow|Tailwind|p2a: Murkrow\n|-sidestart|p2: ventianndk|move: Tailwind\n|move|p1a: Iron Bundle|Freeze-Dry|p2a: Murkrow\n|-supereffective|p2a: Murkrow\n|-damage|p2a: Murkrow|17\/100\n|move|p2b: Baxcalibur|Swords Dance|p2b: Baxcalibur\n|-boost|p2b: Baxcalibur|atk|2\n|move|p1b: Glimmora|Power Gem|p2a: Murkrow\n|-supereffective|p2a: Murkrow\n|-damage|p2a: Murkrow|0 fnt\n|faint|p2a: Murkrow\n|\n|upkeep\n|\n|t:|1683903577\n|switch|p2a: Palafin|Palafin, L50, M|100\/100\n|turn|2\n|\n|t:|1683903587\n|move|p2a: Palafin|Protect|p2a: Palafin\n|-singleturn|p2a: Palafin|Protect\n|move|p1a: Iron Bundle|Hydro Pump|p2b: Baxcalibur\n|-damage|p2b: Baxcalibur|38\/100\n|move|p2b: Baxcalibur|Earthquake|p1b: Glimmora|[spread] p1a,p1b\n|-activate|p2a: Palafin|move: Protect\n|-supereffective|p1b: Glimmora\n|-damage|p1a: Iron Bundle|35\/100\n|-damage|p1b: Glimmora|0 fnt\n|-activate|p1b: Glimmora|ability: Toxic Debris\n|-sidestart|p2: ventianndk|move: Toxic Spikes\n|faint|p1b: Glimmora\n|\n|upkeep\n|\n|t:|1683903602\n|switch|p1b: Dondozo|Dondozo, L50, F|100\/100\n|turn|3\n|\n|t:|1683903622\n|detailschange|p2a: Palafin|Palafin-Hero, L50, M\n|switch|p2a: Flutter Mane|Flutter Mane, L50|100\/100\n|-status|p2a: Flutter Mane|psn\n|move|p1b: Dondozo|Protect|p1b: Dondozo\n|-singleturn|p1b: Dondozo|Protect\n|move|p1a: Iron Bundle|Hydro Pump|p2b: Baxcalibur\n|-crit|p2b: Baxcalibur\n|-damage|p2b: Baxcalibur|0 fnt\n|faint|p2b: Baxcalibur\n|\n|-damage|p2a: Flutter Mane|88\/100 psn|[from] psn\n|upkeep\n|\n|t:|1683903627\n|switch|p2b: Palafin|Palafin-Hero, L50, M|100\/100\n|-status|p2b: Palafin|psn\n|-activate|p2b: Palafin|ability: Zero to Hero\n|turn|4\n|\n|t:|1683903650\n|-terastallize|p1b: Dondozo|Grass\n|move|p2a: Flutter Mane|Thunderbolt|p1b: Dondozo\n|-resisted|p1b: Dondozo\n|-damage|p1b: Dondozo|79\/100\n|move|p2b: Palafin|Wave Crash|p1a: Iron Bundle\n|-resisted|p1a: Iron Bundle\n|-damage|p1a: Iron Bundle|0 fnt\n|faint|p1a: Iron Bundle\n|-end|p1a: Iron Bundle|Quark Drive|[silent]\n|-damage|p2b: Palafin|92\/100 psn|[from] Recoil\n|move|p1b: Dondozo|Earthquake|p2a: Flutter Mane|[spread] p2a,p2b\n|-damage|p2a: Flutter Mane|47\/100 psn\n|-damage|p2b: Palafin|72\/100 psn\n|\n|-heal|p1b: Dondozo|85\/100|[from] item: Leftovers\n|-damage|p2a: Flutter Mane|34\/100 psn|[from] psn\n|-damage|p2b: Palafin|60\/100 psn|[from] psn\n|-sideend|p2: ventianndk|move: Tailwind\n|upkeep\n|\n|t:|1683903658\n|switch|p1a: Tatsugiri|Tatsugiri, L50, F|100\/100\n|-activate|p1a: Tatsugiri|ability: Commander|[of] p1b: Dondozo\n|-boost|p1b: Dondozo|atk|2\n|-boost|p1b: Dondozo|spa|2\n|-boost|p1b: Dondozo|spe|2\n|-boost|p1b: Dondozo|def|2\n|-boost|p1b: Dondozo|spd|2\n|turn|5\n|\n|t:|1683903676\n|move|p2a: Flutter Mane|Thunderbolt|p1b: Dondozo\n|-resisted|p1b: Dondozo\n|-damage|p1b: Dondozo|76\/100\n|move|p1b: Dondozo|Earthquake|p2b: Palafin|[spread] p2a,p2b\n|-miss|p1b: Dondozo|p1a: Tatsugiri\n|-damage|p2a: Flutter Mane|0 fnt\n|-damage|p2b: Palafin|17\/100 psn\n|faint|p2a: Flutter Mane\n|-end|p2a: Flutter Mane|Protosynthesis|[silent]\n|move|p2b: Palafin|Ice Punch|p1b: Dondozo\n|-supereffective|p1b: Dondozo\n|-damage|p1b: Dondozo|54\/100\n|\n|-heal|p1b: Dondozo|60\/100|[from] item: Leftovers\n|-damage|p2b: Palafin|5\/100 psn|[from] psn\n|upkeep\n|turn|6\n|-message|ventianndk forfeited.\n|\n|win|boat emoticon\n|raw|boat emoticon's rating: 1045 → 1084<\/strong> (+39 for winning)\n|raw|ventianndk's rating: 1104 → 1075<\/strong> (-29 for losing)\n|l|\u2606ventianndk\n","uploadtime":1683903693,"views":8,"p1id":"boatemoticon","p2id":"ventianndk","formatid":"gen9vgc2023regulationc","rating":1075,"private":0,"password":""}