{"id":"gen9vgc2023regulationc-1847488039","p1":"Duecal1on","p2":"TrainerRYSA","format":"[Gen 9] VGC 2023 Regulation C","log":"|j|\u2606Duecal1on\n|j|\u2606TrainerRYSA\n|t:|1681961426\n|gametype|doubles\n|player|p1|Duecal1on|102|1129\n|player|p2|TrainerRYSA|169|1210\n|teamsize|p1|6\n|teamsize|p2|6\n|gen|9\n|tier|[Gen 9] VGC 2023 Regulation C\n|rated|\n|rule|Species Clause: Limit one of each Pok\u00e9mon\n|rule|Item Clause: Limit one of each item\n|clearpoke\n|poke|p1|Palafin, L50, M|\n|poke|p1|Arcanine, L50, M|\n|poke|p1|Chien-Pao, L50|\n|poke|p1|Scizor, L50, F|\n|poke|p1|Arboliva, L50, F|\n|poke|p1|Chi-Yu, L50|\n|poke|p2|Flutter Mane, L50|\n|poke|p2|Iron Hands, L50|\n|poke|p2|Dragonite, L50, M|\n|poke|p2|Umbreon, L50, M|\n|poke|p2|Gyarados, L50, M|\n|poke|p2|Palafin, L50, F|\n|teampreview|4\n|\n|t:|1681961461\n|start\n|switch|p1a: Arboliva|Arboliva, L50, F|100\/100\n|switch|p1b: Chi-Yu|Chi-Yu, L50|100\/100\n|switch|p2a: Gyarados|Gyarados, L50, M, shiny|100\/100\n|switch|p2b: Palafin|Palafin, L50, F|100\/100\n|-ability|p1b: Chi-Yu|Beads of Ruin\n|-ability|p2a: Gyarados|Intimidate|boost\n|-unboost|p1a: Arboliva|atk|1\n|-unboost|p1b: Chi-Yu|atk|1\n|turn|1\n|\n|t:|1681961481\n|detailschange|p2b: Palafin|Palafin-Hero, L50, F\n|switch|p2b: Dragonite|Dragonite, L50, M, shiny|100\/100\n|move|p1b: Chi-Yu|Dark Pulse|p2a: Gyarados\n|-damage|p2a: Gyarados|6\/100\n|-enditem|p2a: Gyarados|Sitrus Berry|[eat]\n|-heal|p2a: Gyarados|31\/100|[from] item: Sitrus Berry\n|cant|p2a: Gyarados|flinch\n|move|p1a: Arboliva|Dazzling Gleam|p2b: Dragonite|[spread] p2a,p2b\n|-supereffective|p2b: Dragonite\n|-damage|p2a: Gyarados|8\/100\n|-damage|p2b: Dragonite|57\/100\n|\n|upkeep\n|turn|2\n|inactive|Battle timer is ON: inactive players will automatically lose when time's up. (requested by Duecal1on)\n|inactive|TrainerRYSA has 60 seconds left.\n|\n|t:|1681961523\n|switch|p1a: Arcanine|Arcanine, L50, M, shiny|100\/100\n|-ability|p1a: Arcanine|Intimidate|boost\n|-unboost|p2a: Gyarados|atk|1\n|-fail|p2b: Dragonite|unboost|Attack|[from] ability: Inner Focus|[of] p2b: Dragonite\n|-terastallize|p1b: Chi-Yu|Grass\n|move|p1b: Chi-Yu|Dark Pulse|p2b: Dragonite\n|-damage|p2b: Dragonite|0 fnt\n|faint|p2b: Dragonite\n|move|p2a: Gyarados|Waterfall|p1b: Chi-Yu\n|-resisted|p1b: Chi-Yu\n|-damage|p1b: Chi-Yu|74\/100\n|\n|upkeep\n|\n|t:|1681961534\n|switch|p2b: Palafin|Palafin-Hero, L50, F|100\/100\n|-activate|p2b: Palafin|ability: Zero to Hero\n|turn|3\n|\n|t:|1681961551\n|switch|p1a: Arboliva|Arboliva, L50, F|100\/100\n|-terastallize|p2b: Palafin|Water\n|move|p2b: Palafin|Jet Punch|p1a: Arboliva\n|-resisted|p1a: Arboliva\n|-damage|p1a: Arboliva|68\/100\n|-fieldstart|move: Grassy Terrain|[from] ability: Seed Sower|[of] p1a: Arboliva\n|move|p1b: Chi-Yu|Dark Pulse|p2b: Palafin\n|-damage|p2b: Palafin|15\/100\n|move|p2a: Gyarados|Thunder Wave|p1b: Chi-Yu\n|-status|p1b: Chi-Yu|par\n|\n|-heal|p2b: Palafin|20\/100|[from] Grassy Terrain\n|-heal|p1b: Chi-Yu|80\/100 par|[from] Grassy Terrain\n|-heal|p1a: Arboliva|74\/100|[from] Grassy Terrain\n|-heal|p1a: Arboliva|80\/100|[from] item: Leftovers\n|upkeep\n|turn|4\n|inactive|Duecal1on has 30 seconds left.\n|\n|t:|1681961576\n|switch|p2b: Flutter Mane|Flutter Mane, L50|100\/100\n|-enditem|p2b: Flutter Mane|Booster Energy\n|-activate|p2b: Flutter Mane|ability: Protosynthesis|[fromitem]\n|-start|p2b: Flutter Mane|protosynthesisspa\n|switch|p1b: Arcanine|Arcanine, L50, M, shiny|100\/100\n|-ability|p1b: Arcanine|Intimidate|boost\n|-unboost|p2a: Gyarados|atk|1\n|-unboost|p2b: Flutter Mane|atk|1\n|move|p2a: Gyarados|Dragon Dance|p2a: Gyarados\n|-boost|p2a: Gyarados|atk|1\n|-boost|p2a: Gyarados|spe|1\n|move|p1a: Arboliva|Dazzling Gleam|p2b: Flutter Mane|[spread] p2a,p2b\n|-damage|p2a: Gyarados|0 fnt\n|-damage|p2b: Flutter Mane|84\/100\n|faint|p2a: Gyarados\n|\n|-heal|p2b: Flutter Mane|90\/100|[from] Grassy Terrain\n|-heal|p1a: Arboliva|86\/100|[from] Grassy Terrain\n|-heal|p1a: Arboliva|92\/100|[from] item: Leftovers\n|upkeep\n|\n|t:|1681961593\n|switch|p2a: Palafin|Palafin-Hero, L50, F, tera:Water|20\/100\n|turn|5\n|\n|t:|1681961606\n|move|p2a: Palafin|Protect|p2a: Palafin\n|-singleturn|p2a: Palafin|Protect\n|move|p1b: Arcanine|Extreme Speed|p2a: Palafin\n|-activate|p2a: Palafin|move: Protect\n|move|p2b: Flutter Mane|Moonblast|p1a: Arboliva\n|-damage|p1a: Arboliva|46\/100\n|-unboost|p1a: Arboliva|spa|1\n|move|p1a: Arboliva|Leech Seed|p2b: Flutter Mane\n|-start|p2b: Flutter Mane|move: Leech Seed\n|\n|-heal|p2b: Flutter Mane|96\/100|[from] Grassy Terrain\n|-heal|p2a: Palafin|26\/100|[from] Grassy Terrain\n|-heal|p1a: Arboliva|52\/100|[from] Grassy Terrain\n|-heal|p1a: Arboliva|58\/100|[from] item: Leftovers\n|-damage|p2b: Flutter Mane|84\/100|[from] Leech Seed|[of] p1a: Arboliva\n|-heal|p1a: Arboliva|68\/100|[silent]\n|upkeep\n|turn|6\n|\n|t:|1681961628\n|switch|p1a: Chien-Pao|Chien-Pao, L50|100\/100\n|-ability|p1a: Chien-Pao|Sword of Ruin\n|move|p1b: Arcanine|Extreme Speed|p2a: Palafin\n|-damage|p2a: Palafin|0 fnt\n|faint|p2a: Palafin\n|move|p2b: Flutter Mane|Moonblast|p1b: Arcanine\n|-resisted|p1b: Arcanine\n|-damage|p1b: Arcanine|60\/100\n|\n|-heal|p2b: Flutter Mane|90\/100|[from] Grassy Terrain\n|-heal|p1b: Arcanine|67\/100|[from] Grassy Terrain\n|-damage|p2b: Flutter Mane|78\/100|[from] Leech Seed|[of] p1a: Chien-Pao\n|upkeep\n|turn|7\n|-message|TrainerRYSA forfeited.\n|\n|win|Duecal1on\n|raw|Duecal1on's rating: 1129 → 1160<\/strong> (+31 for winning)\n|raw|TrainerRYSA's rating: 1210 → 1179<\/strong> (-31 for losing)\n","uploadtime":1681961652,"views":12,"p1id":"duecal1on","p2id":"trainerrysa","formatid":"gen9vgc2023regulationc","rating":1160,"private":0,"password":""}