{"id":"gen9vgc2023regulationc-1851744615","p1":"gorbyjorby","p2":"MLGmushroom","format":"[Gen 9] VGC 2023 Regulation C","log":"|j|\u2606gorbyjorby\n|j|\u2606MLGmushroom\n|t:|1682477186\n|gametype|doubles\n|player|p1|gorbyjorby|hoopster|1146\n|player|p2|MLGmushroom|blue|1144\n|teamsize|p1|6\n|teamsize|p2|6\n|gen|9\n|tier|[Gen 9] VGC 2023 Regulation C\n|rated|\n|rule|Species Clause: Limit one of each Pok\u00e9mon\n|rule|Item Clause: Limit one of each item\n|clearpoke\n|poke|p1|Klefki, L50, M|\n|poke|p1|Bronzong, L50|\n|poke|p1|Gastrodon, L50, M|\n|poke|p1|Stonjourner, L50, M|\n|poke|p1|Iron Jugulis, L50|\n|poke|p1|Wo-Chien, L50|\n|poke|p2|Chien-Pao, L50|\n|poke|p2|Roaring Moon, L50|\n|poke|p2|Flutter Mane, L50|\n|poke|p2|Amoonguss, L50, F|\n|poke|p2|Gyarados, L50, F|\n|poke|p2|Scizor, L50, F|\n|teampreview|4\n|\n|t:|1682477220\n|start\n|switch|p1a: Bronzong|Bronzong, L50|100\/100\n|switch|p1b: Wo-Chien|Wo-Chien, L50|100\/100\n|switch|p2a: Scizor|Scizor, L50, F|100\/100\n|switch|p2b: Chien-Pao|Chien-Pao, L50|100\/100\n|-ability|p2b: Chien-Pao|Sword of Ruin\n|-ability|p1b: Wo-Chien|Tablets of Ruin\n|turn|1\n|\n|t:|1682477244\n|-terastallize|p1b: Wo-Chien|Poison\n|move|p2b: Chien-Pao|Protect|p2b: Chien-Pao\n|-singleturn|p2b: Chien-Pao|Protect\n|move|p1b: Wo-Chien|Leech Seed|p2b: Chien-Pao\n|-activate|p2b: Chien-Pao|move: Protect\n|move|p2a: Scizor|U-turn|p1b: Wo-Chien\n|-resisted|p1b: Wo-Chien\n|-damage|p1b: Wo-Chien|82\/100\n|\n|t:|1682477254\n|switch|p2a: Roaring Moon|Roaring Moon, L50|100\/100|[from] U-turn\n|-enditem|p2a: Roaring Moon|Booster Energy\n|-activate|p2a: Roaring Moon|ability: Protosynthesis|[fromitem]\n|-start|p2a: Roaring Moon|protosynthesisatk\n|move|p1a: Bronzong|Flash Cannon|p2b: Chien-Pao\n|-activate|p2b: Chien-Pao|move: Protect\n|\n|-heal|p1b: Wo-Chien|88\/100|[from] item: Leftovers\n|upkeep\n|turn|2\n|\n|t:|1682477273\n|-terastallize|p2a: Roaring Moon|Flying\n|move|p1a: Bronzong|Protect|p1a: Bronzong\n|-singleturn|p1a: Bronzong|Protect\n|move|p2b: Chien-Pao|Sucker Punch||[still]\n|-fail|p2b: Chien-Pao\n|move|p2a: Roaring Moon|Acrobatics|p1b: Wo-Chien\n|-damage|p1b: Wo-Chien|25\/100\n|move|p1b: Wo-Chien|Leech Seed|p2a: Roaring Moon\n|-start|p2a: Roaring Moon|move: Leech Seed\n|\n|-heal|p1b: Wo-Chien|32\/100|[from] item: Leftovers\n|-damage|p2a: Roaring Moon|88\/100|[from] Leech Seed|[of] p1b: Wo-Chien\n|-heal|p1b: Wo-Chien|44\/100|[silent]\n|upkeep\n|turn|3\n|\n|t:|1682477293\n|move|p1b: Wo-Chien|Protect|p1b: Wo-Chien\n|-singleturn|p1b: Wo-Chien|Protect\n|move|p2b: Chien-Pao|Sucker Punch|p1a: Bronzong\n|-supereffective|p1a: Bronzong\n|-damage|p1a: Bronzong|30\/100\n|move|p2a: Roaring Moon|Acrobatics|p1b: Wo-Chien\n|-activate|p1b: Wo-Chien|move: Protect\n|move|p1a: Bronzong|Flash Cannon|p2a: Roaring Moon\n|-damage|p2a: Roaring Moon|60\/100\n|\n|-heal|p1b: Wo-Chien|50\/100|[from] item: Leftovers\n|-damage|p2a: Roaring Moon|47\/100|[from] Leech Seed|[of] p1b: Wo-Chien\n|-heal|p1b: Wo-Chien|62\/100|[silent]\n|upkeep\n|turn|4\n|\n|t:|1682477321\n|switch|p1b: Klefki|Klefki, L50, M|100\/100\n|switch|p1a: Gastrodon|Gastrodon, L50, M|100\/100\n|move|p2b: Chien-Pao|Sucker Punch||[still]\n|-fail|p2b: Chien-Pao\n|move|p2a: Roaring Moon|Acrobatics|p1b: Klefki\n|-resisted|p1b: Klefki\n|-damage|p1b: Klefki|58\/100\n|\n|-damage|p2a: Roaring Moon|35\/100|[from] Leech Seed|[of] p1b: Klefki\n|-heal|p1b: Klefki|72\/100|[silent]\n|upkeep\n|turn|5\n|\n|t:|1682477353\n|move|p2a: Roaring Moon|Protect|p2a: Roaring Moon\n|-singleturn|p2a: Roaring Moon|Protect\n|move|p1b: Klefki|Thunder Wave|p2a: Roaring Moon\n|-activate|p2a: Roaring Moon|move: Protect\n|move|p2b: Chien-Pao|Ice Spinner|p1a: Gastrodon\n|-damage|p1a: Gastrodon|33\/100\n|move|p1a: Gastrodon|Ice Beam|p2a: Roaring Moon\n|-activate|p2a: Roaring Moon|move: Protect\n|\n|-damage|p2a: Roaring Moon|23\/100|[from] Leech Seed|[of] p1b: Klefki\n|-heal|p1b: Klefki|86\/100|[silent]\n|upkeep\n|turn|6\n|\n|t:|1682477384\n|-end|p2a: Roaring Moon|Protosynthesis|[silent]\n|switch|p2a: Scizor|Scizor, L50, F|100\/100\n|switch|p1a: Bronzong|Bronzong, L50|30\/100\n|move|p2b: Chien-Pao|Ice Spinner|p1a: Bronzong\n|-resisted|p1a: Bronzong\n|-damage|p1a: Bronzong|6\/100\n|move|p1b: Klefki|Draining Kiss|p2b: Chien-Pao\n|-supereffective|p2b: Chien-Pao\n|-crit|p2b: Chien-Pao\n|-damage|p2b: Chien-Pao|27\/100\n|-heal|p1b: Klefki|100\/100|[from] drain|[of] p2b: Chien-Pao\n|\n|upkeep\n|turn|7\n|\n|t:|1682477402\n|move|p2b: Chien-Pao|Protect|p2b: Chien-Pao\n|-singleturn|p2b: Chien-Pao|Protect\n|move|p1a: Bronzong|Protect|p1a: Bronzong\n|-singleturn|p1a: Bronzong|Protect\n|move|p2a: Scizor|Bullet Punch|p1a: Bronzong\n|-activate|p1a: Bronzong|move: Protect\n|move|p1b: Klefki|Draining Kiss|p2b: Chien-Pao\n|-activate|p2b: Chien-Pao|move: Protect\n|\n|upkeep\n|turn|8\n|\n|t:|1682477427\n|move|p1b: Klefki|Thunder Wave|p2a: Scizor\n|-status|p2a: Scizor|par\n|move|p2a: Scizor|Bullet Punch|p1a: Bronzong\n|-resisted|p1a: Bronzong\n|-damage|p1a: Bronzong|0 fnt\n|faint|p1a: Bronzong\n|move|p2b: Chien-Pao|Ice Spinner|p1b: Klefki\n|-resisted|p1b: Klefki\n|-damage|p1b: Klefki|75\/100\n|\n|upkeep\n|\n|t:|1682477439\n|switch|p1a: Wo-Chien|Wo-Chien, L50, tera:Poison|62\/100\n|-ability|p1a: Wo-Chien|Tablets of Ruin\n|turn|9\n|\n|t:|1682477448\n|move|p1a: Wo-Chien|Protect|p1a: Wo-Chien\n|-singleturn|p1a: Wo-Chien|Protect\n|cant|p2a: Scizor|par\n|move|p2b: Chien-Pao|Ice Spinner|p1a: Wo-Chien\n|-activate|p1a: Wo-Chien|move: Protect\n|move|p1b: Klefki|Draining Kiss|p2b: Chien-Pao\n|-supereffective|p2b: Chien-Pao\n|-damage|p2b: Chien-Pao|0 fnt\n|-heal|p1b: Klefki|95\/100|[from] drain|[of] p2b: Chien-Pao\n|faint|p2b: Chien-Pao\n|\n|-heal|p1a: Wo-Chien|68\/100|[from] item: Leftovers\n|upkeep\n|\n|t:|1682477452\n|switch|p2b: Roaring Moon|Roaring Moon, L50, tera:Flying|23\/100\n|turn|10\n|\n|t:|1682477468\n|move|p1b: Klefki|Thunder Wave|p2b: Roaring Moon\n|-status|p2b: Roaring Moon|par\n|move|p2a: Scizor|Bullet Punch|p1a: Wo-Chien\n|-damage|p1a: Wo-Chien|53\/100\n|move|p1a: Wo-Chien|Leech Seed|p2a: Scizor\n|-start|p2a: Scizor|move: Leech Seed\n|move|p2b: Roaring Moon|Acrobatics|p1a: Wo-Chien\n|-crit|p1a: Wo-Chien\n|-damage|p1a: Wo-Chien|0 fnt\n|faint|p1a: Wo-Chien\n|\n|upkeep\n|\n|t:|1682477479\n|switch|p1a: Gastrodon|Gastrodon, L50, M|33\/100\n|turn|11\n|\n|t:|1682477503\n|move|p2a: Scizor|Bullet Punch|p1a: Gastrodon\n|-resisted|p1a: Gastrodon\n|-damage|p1a: Gastrodon|21\/100\n|move|p1b: Klefki|Draining Kiss|p2b: Roaring Moon\n|-damage|p2b: Roaring Moon|10\/100 par\n|-heal|p1b: Klefki|100\/100|[from] drain|[of] p2b: Roaring Moon\n|move|p2b: Roaring Moon|Acrobatics|p1a: Gastrodon\n|-crit|p1a: Gastrodon\n|-damage|p1a: Gastrodon|0 fnt\n|faint|p1a: Gastrodon\n|\n|upkeep\n|turn|12\n|\n|t:|1682477516\n|move|p2a: Scizor|Bullet Punch|p1b: Klefki\n|-damage|p1b: Klefki|79\/100\n|move|p1b: Klefki|Draining Kiss|p2b: Roaring Moon\n|-damage|p2b: Roaring Moon|0 fnt\n|-heal|p1b: Klefki|86\/100|[from] drain|[of] p2b: Roaring Moon\n|faint|p2b: Roaring Moon\n|-end|p2b: Roaring Moon|Protosynthesis|[silent]\n|\n|upkeep\n|\n|t:|1682477520\n|switch|p2b: Flutter Mane|Flutter Mane, L50|100\/100\n|turn|13\n|\n|t:|1682477527\n|move|p1b: Klefki|Thunder Wave|p2b: Flutter Mane\n|-status|p2b: Flutter Mane|par\n|move|p2a: Scizor|Bullet Punch|p1b: Klefki\n|-damage|p1b: Klefki|68\/100\n|cant|p2b: Flutter Mane|par\n|\n|upkeep\n|turn|14\n|\n|t:|1682477534\n|move|p2a: Scizor|Bullet Punch|p1b: Klefki\n|-damage|p1b: Klefki|48\/100\n|move|p1b: Klefki|Foul Play|p2a: Scizor\n|-crit|p2a: Scizor\n|-damage|p2a: Scizor|44\/100 par\n|move|p2b: Flutter Mane|Shadow Ball|p1b: Klefki\n|-damage|p1b: Klefki|0 fnt\n|faint|p1b: Klefki\n|-damage|p2b: Flutter Mane|91\/100 par|[from] item: Life Orb\n|\n|win|MLGmushroom\n|raw|gorbyjorby's rating: 1146 → 1121<\/strong> (-25 for losing)\n|raw|MLGmushroom's rating: 1144 → 1169<\/strong> (+25 for winning)\n|l|\u2606gorbyjorby\n","uploadtime":1682477547,"views":9,"p1id":"gorbyjorby","p2id":"mlgmushroom","formatid":"gen9vgc2023regulationc","rating":1121,"private":0,"password":""}