{"id":"gen9vgc2023regulationc-1862907196","p1":"AverageAvenger","p2":"Rreignstar","format":"[Gen 9] VGC 2023 Regulation C","log":"|j|\u2606AverageAvenger\n|j|\u2606Rreignstar\n|t:|1683936725\n|gametype|doubles\n|player|p1|AverageAvenger|volkner|\n|player|p2|Rreignstar|cynthia-gen4|\n|teamsize|p1|6\n|teamsize|p2|6\n|gen|9\n|tier|[Gen 9] VGC 2023 Regulation C\n|rule|Species Clause: Limit one of each Pok\u00e9mon\n|rule|Item Clause: Limit one of each item\n|clearpoke\n|poke|p1|Ting-Lu, L50|\n|poke|p1|Vivillon-Fancy, L50, F|\n|poke|p1|Iron Bundle, L50|\n|poke|p1|Abomasnow, L50, F|\n|poke|p1|Chien-Pao, L50|\n|poke|p1|Dragonite, L50, F|\n|poke|p2|Flutter Mane, L50|\n|poke|p2|Palafin, L50, F|\n|poke|p2|Cetitan, L50, M|\n|poke|p2|Farigiraf, L50, F|\n|poke|p2|Great Tusk, L50|\n|poke|p2|Corviknight, L50, M|\n|teampreview|4\nRreignstar has agreed to open team sheets.\nAverageAvenger has agreed to open team sheets.\n|inactive|Battle timer is ON: inactive players will automatically lose when time's up. (requested by AverageAvenger)\n|c|\u2606AverageAvenger|glhf\n|c|\u2606Rreignstar|glhf\n|inactive|AverageAvenger has 60 seconds left.\n|inactive|Rreignstar has 60 seconds left.\n|\n|t:|1683936779\n|start\n|switch|p1a: Snowbama|Abomasnow, L50, F|100\/100\n|switch|p1b: Lonmg|Chien-Pao, L50|100\/100\n|switch|p2a: Sephiroth|Flutter Mane, L50|100\/100\n|switch|p2b: Bowser|Cetitan, L50, M|100\/100\n|-ability|p1b: Lonmg|Sword of Ruin\n|-weather|Snow|[from] ability: Snow Warning|[of] p1a: Snowbama\n|-enditem|p2a: Sephiroth|Booster Energy\n|-activate|p2a: Sephiroth|ability: Protosynthesis|[fromitem]\n|-start|p2a: Sephiroth|protosynthesisspe\n|turn|1\n|inactive|AverageAvenger has 30 seconds left.\n|inactive|Rreignstar has 30 seconds left.\n|inactive|AverageAvenger has 20 seconds left.\n|inactive|AverageAvenger has 15 seconds left.\n|inactive|AverageAvenger has 10 seconds left.\n|\n|t:|1683936825\n|switch|p1a: Thing-Lu|Ting-Lu, L50|100\/100\n|-ability|p1a: Thing-Lu|Vessel of Ruin\n|move|p1b: Lonmg|Sucker Punch|p2a: Sephiroth\n|-damage|p2a: Sephiroth|8\/100\n|move|p2a: Sephiroth|Mystical Fire|p1a: Thing-Lu\n|-damage|p1a: Thing-Lu|83\/100\n|-unboost|p1a: Thing-Lu|spa|1\n|move|p2b: Bowser|Yawn|p1b: Lonmg\n|-start|p1b: Lonmg|move: Yawn|[of] p2b: Bowser\n|\n|-weather|Snow|[upkeep]\n|upkeep\n|turn|2\n|inactive|AverageAvenger has 30 seconds left.\n|inactive|AverageAvenger has 20 seconds left.\n|inactive|AverageAvenger has 15 seconds left.\n|inactive|AverageAvenger has 10 seconds left.\n|inactive|AverageAvenger has 5 seconds left.\n|\n|t:|1683936876\n|-end|p2a: Sephiroth|Protosynthesis|[silent]\n|switch|p2a: Ridley|Corviknight, L50, M|100\/100\n|switch|p1b: Snowbama|Abomasnow, L50, F|100\/100\n|move|p2b: Bowser|Earthquake|p1a: Thing-Lu|[spread] p1a,p1b\n|-immune|p2a: Ridley\n|-resisted|p1b: Snowbama\n|-damage|p1a: Thing-Lu|68\/100\n|-damage|p1b: Snowbama|92\/100\n|move|p1a: Thing-Lu|Rock Slide|p2a: Ridley|[spread] p2b\n|-miss|p1a: Thing-Lu|p2a: Ridley\n|-supereffective|p2b: Bowser\n|-damage|p2b: Bowser|68\/100\n|\n|-weather|Snow|[upkeep]\n|upkeep\n|turn|3\n|inactive|AverageAvenger has 30 seconds left.\n|\n|t:|1683936909\n|move|p1b: Snowbama|Helping Hand|p1a: Thing-Lu\n|-singleturn|p1a: Thing-Lu|Helping Hand|[of] p1b: Snowbama\n|move|p2b: Bowser|Yawn|p1b: Snowbama\n|-start|p1b: Snowbama|move: Yawn|[of] p2b: Bowser\n|move|p2a: Ridley|Tailwind|p2a: Ridley\n|-sidestart|p2: Rreignstar|move: Tailwind\n|move|p1a: Thing-Lu|Rock Slide|p2b: Bowser|[spread] p2a,p2b\n|-supereffective|p2b: Bowser\n|-crit|p2b: Bowser\n|-damage|p2a: Ridley|74\/100\n|-damage|p2b: Bowser|2\/100\n|\n|-weather|Snow|[upkeep]\n|-heal|p2a: Ridley|80\/100|[from] item: Leftovers\n|upkeep\n|turn|4\n|inactive|AverageAvenger has 30 seconds left.\n|inactive|Rreignstar has 30 seconds left.\n|\n|t:|1683936943\n|move|p2b: Bowser|Ice Shard|p1a: Thing-Lu\n|-supereffective|p1a: Thing-Lu\n|-damage|p1a: Thing-Lu|44\/100\n|move|p1b: Snowbama|Ice Shard|p2b: Bowser\n|-resisted|p2b: Bowser\n|-damage|p2b: Bowser|0 fnt\n|faint|p2b: Bowser\n|-damage|p1b: Snowbama|83\/100|[from] item: Life Orb\n|move|p2a: Ridley|Brave Bird|p1a: Thing-Lu\n|-damage|p1a: Thing-Lu|20\/100\n|-damage|p2a: Ridley|70\/100|[from] Recoil\n|move|p1a: Thing-Lu|Rock Slide|p2a: Ridley\n|-damage|p2a: Ridley|47\/100\n|\n|-weather|Snow|[upkeep]\n|-heal|p2a: Ridley|53\/100|[from] item: Leftovers\n|-end|p1b: Snowbama|move: Yawn|[silent]\n|-status|p1b: Snowbama|slp\n|upkeep\n|\n|t:|1683936953\n|switch|p2b: Sephiroth|Flutter Mane, L50|8\/100\n|turn|5\n|inactive|AverageAvenger has 30 seconds left.\n|inactive|Rreignstar has 30 seconds left.\n|\n|t:|1683936984\n|cant|p1b: Snowbama|slp\n|move|p2b: Sephiroth|Mystical Fire|p1b: Snowbama\n|-supereffective|p1b: Snowbama\n|-damage|p1b: Snowbama|0 fnt\n|faint|p1b: Snowbama\n|move|p2a: Ridley|Brave Bird|p1a: Thing-Lu\n|-damage|p1a: Thing-Lu|0 fnt\n|faint|p1a: Thing-Lu\n|-damage|p2a: Ridley|45\/100|[from] Recoil\n|\n|-weather|none\n|-heal|p2a: Ridley|51\/100|[from] item: Leftovers\n|upkeep\n|\n|t:|1683936990\n|switch|p1b: Lonmg|Chien-Pao, L50|100\/100\n|switch|p1a: Iron Claus|Iron Bundle, L50|100\/100\n|-ability|p1b: Lonmg|Sword of Ruin\n|-enditem|p1a: Iron Claus|Booster Energy\n|-activate|p1a: Iron Claus|ability: Quark Drive|[fromitem]\n|-start|p1a: Iron Claus|quarkdrivespe\n|turn|6\n|\n|t:|1683937011\n|-end|p2b: Sephiroth|Protosynthesis|[silent]\n|switch|p2b: Ganondorf|Great Tusk, L50|100\/100\n|-terastallize|p1b: Lonmg|Fire\n|move|p1b: Lonmg|Sucker Punch||[still]\n|-fail|p1b: Lonmg\n|move|p1a: Iron Claus|Hydro Pump|p2a: Ridley\n|-damage|p2a: Ridley|0 fnt\n|faint|p2a: Ridley\n|\n|-sideend|p2: Rreignstar|move: Tailwind\n|upkeep\n|\n|t:|1683937016\n|switch|p2a: Sephiroth|Flutter Mane, L50|8\/100\n|turn|7\n|\n|t:|1683937028\n|move|p1b: Lonmg|Sucker Punch|p2a: Sephiroth\n|-damage|p2a: Sephiroth|0 fnt\n|faint|p2a: Sephiroth\n|-end|p2a: Sephiroth|Protosynthesis|[silent]\n|move|p1a: Iron Claus|Hydro Pump|p2b: Ganondorf\n|-supereffective|p2b: Ganondorf\n|-damage|p2b: Ganondorf|0 fnt\n|faint|p2b: Ganondorf\n|-end|p2b: Ganondorf|Protosynthesis|[silent]\n|\n|win|AverageAvenger\n|c|\u2606Rreignstar|gg\n|c|\u2606AverageAvenger|gg\n|l|\u2606Rreignstar\n","uploadtime":1683937101,"views":8,"p1id":"averageavenger","p2id":"rreignstar","formatid":"gen9vgc2023regulationc","rating":0,"private":0,"password":""}