{"id":"gen9vgc2023regulationc-1856487954","p1":"Bdogplatinum","p2":"JoeUX9","format":"[Gen 9] VGC 2023 Regulation C","log":"|j|\u2606Bdogplatinum\n|j|\u2606JoeUX9\n|t:|1683067081\n|gametype|doubles\n|player|p1|Bdogplatinum|cress|\n|player|p2|JoeUX9|#scl2machines|\n|teamsize|p1|6\n|teamsize|p2|6\n|gen|9\n|tier|[Gen 9] VGC 2023 Regulation C\n|rated|Tournament battle\n|rule|Species Clause: Limit one of each Pok\u00e9mon\n|rule|Item Clause: Limit one of each item\n|clearpoke\n|poke|p1|Indeedee-F, L50, F|\n|poke|p1|Hawlucha, L50, F|\n|poke|p1|Meowscarada, L50, F|\n|poke|p1|Armarouge, L50, M|\n|poke|p1|Kingambit, L50, M|\n|poke|p1|Sylveon, L50, F|\n|poke|p2|Dondozo, L50, F|\n|poke|p2|Tatsugiri, L50, M|\n|poke|p2|Chi-Yu, L50|\n|poke|p2|Iron Bundle, L50|\n|poke|p2|Flutter Mane, L50|\n|poke|p2|Glimmora, L50, M|\n|teampreview|4\n|raw| Open Team Sheet for Bdogplatinum<\/summary>Indeedee (Indeedee-F) (F) @ Safety Goggles Ability: Psychic Surge Level: 50 Tera Type: Fairy - Trick Room - Follow Me - Helping Hand - Dazzling Gleam Hawlucha @ Psychic Seed Ability: Unburden Level: 50 Tera Type: Steel - Protect - Swords Dance - Acrobatics - Drain Punch Meowscarada @ Choice Scarf Ability: Protean Level: 50 Tera Type: Grass - Flower Trick - Knock Off - Low Sweep - U-turn Heat Gun (Armarouge) @ Life Orb Ability: Flash Fire Level: 50 Tera Type: Psychic - Trick Room - Wide Guard - Armor Cannon - Expanding Force Kingambit @ Assault Vest Ability: Defiant Level: 50 Tera Type: Flying - Sucker Punch - Assurance - Iron Head - Tera Blast Sylveon @ Choice Specs Ability: Pixilate Level: 50 Tera Type: Water - Hyper Voice - Tera Blast - Hyper Beam - Sleep Talk <\/details><\/div> Open Team Sheet for JoeUX9<\/summary>Dondozo @ Leftovers Ability: Unaware Level: 50 Tera Type: Grass - Protect - Earthquake - Wave Crash - Tera Blast Tatsugiri @ Choice Scarf Ability: Commander Level: 50 Tera Type: Steel - Draco Meteor - Muddy Water - Icy Wind - Sleep Talk Chi-Yu @ Focus Sash Ability: Beads of Ruin Level: 50 Tera Type: Ghost - Protect - Heat Wave - Dark Pulse - Overheat Iron Bundle @ Booster Energy Ability: Quark Drive Level: 50 Shiny: Yes Tera Type: Ice - Protect - Freeze-Dry - Icy Wind - Hydro Pump Flutter Mane @ Choice Specs Ability: Protosynthesis Level: 50 Tera Type: Fairy - Shadow Ball - Dazzling Gleam - Thunderbolt - Moonblast Glimmora @ Assault Vest Ability: Corrosion Level: 50 Tera Type: Grass - Power Gem - Mortal Spin - Earth Power - Venoshock <\/details><\/div>\n|j| sadgirl23\n|c|\u2606Bdogplatinum|glhf\n|j| TianaKittenVGC\n|j| FunneeMonkee\n|j| baldafor\n|l| FunneeMonkee\n|j|%Bright Size\n|\n|t:|1683067129\n|start\n|switch|p1a: Heat Gun|Armarouge, L50, M|100\/100\n|switch|p1b: Indeedee|Indeedee-F, L50, F|100\/100\n|switch|p2a: Dondozo|Dondozo, L50, F|100\/100\n|switch|p2b: Glimmora|Glimmora, L50, M|100\/100\n|-fieldstart|move: Psychic Terrain|[from] ability: Psychic Surge|[of] p1b: Indeedee\n|turn|1\n|\n|t:|1683067147\n|-terastallize|p1a: Heat Gun|Psychic\n|move|p2a: Dondozo|Protect|p2a: Dondozo\n|-singleturn|p2a: Dondozo|Protect\n|move|p2b: Glimmora|Mortal Spin|p1a: Heat Gun|[spread] p1a,p1b\n|-damage|p1a: Heat Gun|97\/100\n|-damage|p1b: Indeedee|95\/100\n|-status|p1a: Heat Gun|psn\n|-status|p1b: Indeedee|psn\n|move|p1a: Heat Gun|Expanding Force|p2b: Glimmora|[spread] p2b\n|-activate|p2a: Dondozo|move: Protect\n|-supereffective|p2b: Glimmora\n|-damage|p2b: Glimmora|0 fnt\n|faint|p2b: Glimmora\n|-damage|p1a: Heat Gun|87\/100 psn|[from] item: Life Orb\n|move|p1b: Indeedee|Trick Room|p1b: Indeedee\n|-fieldstart|move: Trick Room|[of] p1b: Indeedee\n|\n|-damage|p1a: Heat Gun|75\/100 psn|[from] psn\n|-damage|p1b: Indeedee|83\/100 psn|[from] psn\n|upkeep\n|\n|t:|1683067150\n|switch|p2b: Chi-Yu|Chi-Yu, L50|100\/100\n|-ability|p2b: Chi-Yu|Beads of Ruin\n|turn|2\n|\n|t:|1683067158\n|switch|p2b: Tatsugiri|Tatsugiri, L50, M|100\/100\n|-activate|p2b: Tatsugiri|ability: Commander|[of] p2a: Dondozo\n|-boost|p2a: Dondozo|atk|2\n|-boost|p2a: Dondozo|spa|2\n|-boost|p2a: Dondozo|spe|2\n|-boost|p2a: Dondozo|def|2\n|-boost|p2a: Dondozo|spd|2\n|move|p1b: Indeedee|Follow Me|p1b: Indeedee\n|-singleturn|p1b: Indeedee|move: Follow Me\n|move|p1a: Heat Gun|Expanding Force|p2a: Dondozo|[spread] p2a\n|-miss|p1a: Heat Gun|p2b: Tatsugiri\n|-damage|p2a: Dondozo|43\/100\n|-damage|p1a: Heat Gun|66\/100 psn|[from] item: Life Orb\n|move|p2a: Dondozo|Earthquake|p1a: Heat Gun|[spread] p1a,p1b\n|-miss|p2a: Dondozo|p2b: Tatsugiri\n|-damage|p1a: Heat Gun|25\/100 psn\n|-damage|p1b: Indeedee|35\/100 psn\n|\n|-heal|p2a: Dondozo|49\/100|[from] item: Leftovers\n|-damage|p1a: Heat Gun|13\/100 psn|[from] psn\n|-damage|p1b: Indeedee|23\/100 psn|[from] psn\n|upkeep\n|turn|3\n|\n|t:|1683067180\n|move|p2a: Dondozo|Protect|p2a: Dondozo\n|-singleturn|p2a: Dondozo|Protect\n|move|p1b: Indeedee|Follow Me|p1b: Indeedee\n|-singleturn|p1b: Indeedee|move: Follow Me\n|move|p1a: Heat Gun|Expanding Force|p2b: Tatsugiri|[spread] \n|-miss|p1a: Heat Gun|p2b: Tatsugiri\n|-activate|p2a: Dondozo|move: Protect\n|\n|-heal|p2a: Dondozo|55\/100|[from] item: Leftovers\n|-damage|p1a: Heat Gun|0 fnt|[from] psn\n|faint|p1a: Heat Gun\n|-damage|p1b: Indeedee|10\/100 psn|[from] psn\n|upkeep\n|\n|t:|1683067182\n|switch|p1a: Sylveon|Sylveon, L50, F|100\/100\n|turn|4\n|\n|t:|1683067212\n|move|p1b: Indeedee|Helping Hand|p1a: Sylveon\n|-singleturn|p1a: Sylveon|Helping Hand|[of] p1b: Indeedee\n|move|p1a: Sylveon|Hyper Beam|p2a: Dondozo\n|-damage|p2a: Dondozo|0 fnt\n|-mustrecharge|p1a: Sylveon\n|faint|p2a: Dondozo\n|\n|-damage|p1b: Indeedee|0 fnt|[from] psn\n|faint|p1b: Indeedee\n|upkeep\n|\n|t:|1683067216\n|switch|p2a: Chi-Yu|Chi-Yu, L50|100\/100\n|switch|p1b: Kingambit|Kingambit, L50, M|100\/100\n|-ability|p2a: Chi-Yu|Beads of Ruin\n|turn|5\n|\n|t:|1683067233\n|cant|p1a: Sylveon|recharge\n|move|p1b: Kingambit|Iron Head|p2a: Chi-Yu\n|-resisted|p2a: Chi-Yu\n|-damage|p2a: Chi-Yu|68\/100\n|move|p2a: Chi-Yu|Overheat|p1b: Kingambit\n|-supereffective|p1b: Kingambit\n|-damage|p1b: Kingambit|0 fnt\n|-unboost|p2a: Chi-Yu|spa|2\n|faint|p1b: Kingambit\n|move|p2b: Tatsugiri|Muddy Water|p1a: Sylveon\n|-damage|p1a: Sylveon|55\/100\n|\n|-fieldend|move: Trick Room\n|-fieldend|move: Psychic Terrain\n|upkeep\n|turn|6\n|\n|t:|1683067244\n|-terastallize|p2b: Tatsugiri|Steel\n|move|p2b: Tatsugiri|Muddy Water|p1a: Sylveon\n|-damage|p1a: Sylveon|9\/100\n|-unboost|p1a: Sylveon|accuracy|1\n|move|p2a: Chi-Yu|Overheat|p1a: Sylveon\n|-damage|p1a: Sylveon|0 fnt\n|-unboost|p2a: Chi-Yu|spa|2\n|faint|p1a: Sylveon\n|\n|win|JoeUX9\n|n|\u2606Bdogplatinum|bdogplatinum\n|n|\u2606JoeUX9|joeux9\n|n| sadgirl23|sadgirl23\n|n| TianaKittenVGC|tianakittenvgc\n|n| baldafor|baldafor\n|n| Bright Size|brightsize\n","uploadtime":1683067245,"views":4,"p1id":"bdogplatinum","p2id":"joeux9","formatid":"gen9vgc2023regulationc","rating":0,"private":0,"password":""}