{"id":"gen9vgc2023regulationc-1861259419","p1":"Apolo_BT","p2":"krangune\u2764","format":"[Gen 9] VGC 2023 Regulation C","log":"|j|\u2606Apolo_BT\n|j|\u2606krangune\u2764\n|t:|1683740280\n|gametype|doubles\n|player|p1|Apolo_BT|lucas|1115\n|player|p2|krangune\u2764|elesa|1166\n|teamsize|p1|6\n|teamsize|p2|6\n|gen|9\n|tier|[Gen 9] VGC 2023 Regulation C\n|rated|\n|rule|Species Clause: Limit one of each Pok\u00e9mon\n|rule|Item Clause: Limit one of each item\n|clearpoke\n|poke|p1|Slowbro, L50, M|\n|poke|p1|Arcanine, L50, F|\n|poke|p1|Amoonguss, L50, F|\n|poke|p1|Grimmsnarl, L50, M|\n|poke|p1|Chien-Pao, L50|\n|poke|p1|Chi-Yu, L50|\n|poke|p2|Chi-Yu, L50|\n|poke|p2|Coalossal, L50, M|\n|poke|p2|Gastrodon, L50, F|\n|poke|p2|Flutter Mane, L50|\n|poke|p2|Iron Hands, L50|\n|poke|p2|Orthworm, L50, F|\n|teampreview|4\nkrangune\u2764 has agreed to open team sheets.\n|c|\u2606krangune\u2764|glhf\n|c|\u2606krangune\u2764|slowbro gaming\n|\n|t:|1683740332\n|start\n|switch|p1a: Slowbro|Slowbro, L50, M|100\/100\n|switch|p1b: Chien-Pao|Chien-Pao, L50|100\/100\n|switch|p2a: Chi-Yu|Chi-Yu, L50|100\/100\n|switch|p2b: Coalossal|Coalossal, L50, M|100\/100\n|-ability|p2a: Chi-Yu|Beads of Ruin\n|-ability|p1b: Chien-Pao|Sword of Ruin\n|turn|1\n|\n|t:|1683740372\n|move|p2a: Chi-Yu|Lava Plume|p1b: Chien-Pao|[spread] p2b,p1a,p1b\n|-resisted|p2b: Coalossal\n|-resisted|p1a: Slowbro\n|-supereffective|p1b: Chien-Pao\n|-damage|p2b: Coalossal|91\/100\n|-damage|p1a: Slowbro|84\/100\n|-damage|p1b: Chien-Pao|0 fnt\n|-ability|p2b: Coalossal|Steam Engine|boost\n|-boost|p2b: Coalossal|spe|6\n|faint|p1b: Chien-Pao\n|move|p2b: Coalossal|Power Gem|p1a: Slowbro\n|-damage|p1a: Slowbro|42\/100\n|-damage|p2b: Coalossal|82\/100|[from] item: Life Orb\n|move|p1a: Slowbro|Calm Mind|p1a: Slowbro\n|-boost|p1a: Slowbro|spa|1\n|-boost|p1a: Slowbro|spd|1\n|\n|-heal|p1a: Slowbro|48\/100|[from] item: Leftovers\n|upkeep\n|\n|t:|1683740389\n|switch|p1b: Amoonguss|Amoonguss, L50, F|100\/100\n|turn|2\n|\n|t:|1683740407\n|-terastallize|p1b: Amoonguss|Water\n|move|p2b: Coalossal|Power Gem|p1b: Amoonguss\n|-damage|p1b: Amoonguss|49\/100\n|-damage|p2b: Coalossal|72\/100|[from] item: Life Orb\n|move|p2a: Chi-Yu|Lava Plume|p1a: Slowbro|[spread] p2b,p1a,p1b\n|-resisted|p2b: Coalossal\n|-resisted|p1a: Slowbro\n|-resisted|p1b: Amoonguss\n|-damage|p2b: Coalossal|62\/100\n|-damage|p1a: Slowbro|36\/100\n|-damage|p1b: Amoonguss|30\/100\n|-status|p1a: Slowbro|brn\n|-status|p1b: Amoonguss|brn\n|move|p1a: Slowbro|Calm Mind|p1a: Slowbro\n|-boost|p1a: Slowbro|spa|1\n|-boost|p1a: Slowbro|spd|1\n|move|p1b: Amoonguss|Pollen Puff|p1a: Slowbro\n|-heal|p1a: Slowbro|86\/100 brn\n|\n|-heal|p1a: Slowbro|92\/100 brn|[from] item: Leftovers\n|-damage|p1a: Slowbro|86\/100 brn|[from] brn\n|-damage|p1b: Amoonguss|24\/100 brn|[from] brn\n|upkeep\n|-enditem|p1b: Amoonguss|Aguav Berry|[eat]\n|-heal|p1b: Amoonguss|57\/100 brn|[from] item: Aguav Berry\n|turn|3\n|\n|t:|1683740450\n|switch|p2b: Gastrodon|Gastrodon, L50, F|100\/100\n|switch|p2a: Iron Hands|Iron Hands, L50|100\/100\n|move|p1a: Slowbro|Heal Pulse|p1b: Amoonguss\n|-heal|p1b: Amoonguss|100\/100 brn\n|move|p1b: Amoonguss|Pollen Puff|p1a: Slowbro\n|-heal|p1a: Slowbro|100\/100 brn\n|\n|-damage|p1a: Slowbro|95\/100 brn|[from] brn\n|-damage|p1b: Amoonguss|95\/100 brn|[from] brn\n|upkeep\n|turn|4\n|\n|t:|1683740479\n|move|p1b: Amoonguss|Protect|p1b: Amoonguss\n|-singleturn|p1b: Amoonguss|Protect\n|move|p2a: Iron Hands|Swords Dance|p2a: Iron Hands\n|-boost|p2a: Iron Hands|atk|2\n|move|p2b: Gastrodon|Muddy Water|p1a: Slowbro|[spread] p1a\n|-activate|p1b: Amoonguss|move: Protect\n|-resisted|p1a: Slowbro\n|-damage|p1a: Slowbro|89\/100 brn\n|-unboost|p1a: Slowbro|accuracy|1\n|move|p1a: Slowbro|Iron Defense|p1a: Slowbro\n|-boost|p1a: Slowbro|def|2\n|\n|-heal|p1a: Slowbro|95\/100 brn|[from] item: Leftovers\n|-damage|p1a: Slowbro|89\/100 brn|[from] brn\n|-damage|p1b: Amoonguss|89\/100 brn|[from] brn\n|upkeep\n|turn|5\n|\n|t:|1683740521\n|move|p2a: Iron Hands|Wild Charge|p1a: Slowbro\n|-supereffective|p1a: Slowbro\n|-damage|p1a: Slowbro|14\/100 brn\n|-damage|p2a: Iron Hands|84\/100|[from] Recoil\n|move|p2b: Gastrodon|Muddy Water|p1a: Slowbro|[spread] p1a,p1b\n|-resisted|p1a: Slowbro\n|-resisted|p1b: Amoonguss\n|-damage|p1a: Slowbro|8\/100 brn\n|-damage|p1b: Amoonguss|76\/100 brn\n|-unboost|p1b: Amoonguss|accuracy|1\n|move|p1a: Slowbro|Iron Defense|p1a: Slowbro\n|-boost|p1a: Slowbro|def|2\n|move|p1b: Amoonguss|Spore|p2a: Iron Hands\n|-status|p2a: Iron Hands|slp|[from] move: Spore\n|\n|-heal|p1a: Slowbro|14\/100 brn|[from] item: Leftovers\n|-damage|p1a: Slowbro|8\/100 brn|[from] brn\n|-damage|p1b: Amoonguss|70\/100 brn|[from] brn\n|upkeep\n|turn|6\n|\n|t:|1683740552\n|cant|p2a: Iron Hands|slp\n|move|p2b: Gastrodon|Muddy Water|p1a: Slowbro|[spread] p1a,p1b\n|-resisted|p1a: Slowbro\n|-resisted|p1b: Amoonguss\n|-damage|p1a: Slowbro|2\/100 brn\n|-damage|p1b: Amoonguss|58\/100 brn\n|-unboost|p1a: Slowbro|accuracy|1\n|move|p1a: Slowbro|Stored Power|p2a: Iron Hands\n|-supereffective|p2a: Iron Hands\n|-damage|p2a: Iron Hands|0 fnt\n|faint|p2a: Iron Hands\n|-end|p2a: Iron Hands|Quark Drive|[silent]\n|move|p1b: Amoonguss|Pollen Puff|p1a: Slowbro\n|-heal|p1a: Slowbro|52\/100 brn\n|\n|-heal|p1a: Slowbro|58\/100 brn|[from] item: Leftovers\n|-damage|p1a: Slowbro|52\/100 brn|[from] brn\n|-damage|p1b: Amoonguss|52\/100 brn|[from] brn\n|upkeep\n|\n|t:|1683740572\n|switch|p2a: Chi-Yu|Chi-Yu, L50|100\/100\n|-ability|p2a: Chi-Yu|Beads of Ruin\n|turn|7\n|\n|t:|1683740588\n|move|p2b: Gastrodon|Protect|p2b: Gastrodon\n|-singleturn|p2b: Gastrodon|Protect\n|move|p2a: Chi-Yu|Dark Pulse|p1b: Amoonguss\n|-crit|p1b: Amoonguss\n|-damage|p1b: Amoonguss|0 fnt\n|faint|p1b: Amoonguss\n|move|p1a: Slowbro|Heal Pulse|p1: Amoonguss|[notarget]\n|-fail|p1a: Slowbro\n|\n|-heal|p1a: Slowbro|58\/100 brn|[from] item: Leftovers\n|-damage|p1a: Slowbro|52\/100 brn|[from] brn\n|upkeep\n|\n|t:|1683740599\n|switch|p1b: Grimmsnarl|Grimmsnarl, L50, M|100\/100\n|turn|8\n|\n|t:|1683740614\n|switch|p2a: Coalossal|Coalossal, L50, M|62\/100\n|move|p1b: Grimmsnarl|Light Screen|p1b: Grimmsnarl\n|-sidestart|p1: Apolo_BT|move: Light Screen\n|move|p2b: Gastrodon|Muddy Water|p1b: Grimmsnarl|[spread] p1a,p1b\n|-resisted|p1a: Slowbro\n|-damage|p1a: Slowbro|49\/100 brn\n|-damage|p1b: Grimmsnarl|83\/100\n|-unboost|p1a: Slowbro|accuracy|1\n|-unboost|p1b: Grimmsnarl|accuracy|1\n|move|p1a: Slowbro|Stored Power|p2b: Gastrodon|[miss]\n|-miss|p1a: Slowbro|p2b: Gastrodon\n|\n|-heal|p1a: Slowbro|54\/100 brn|[from] item: Leftovers\n|-damage|p1a: Slowbro|49\/100 brn|[from] brn\n|upkeep\n|turn|9\n|\n|t:|1683740641\n|move|p1b: Grimmsnarl|Reflect|p1b: Grimmsnarl\n|-sidestart|p1: Apolo_BT|Reflect\n|move|p2a: Coalossal|Tar Shot|p1b: Grimmsnarl\n|-unboost|p1b: Grimmsnarl|spe|1\n|-start|p1b: Grimmsnarl|Tar Shot\n|move|p2b: Gastrodon|Muddy Water|p1a: Slowbro|[spread] p1a,p1b\n|-resisted|p1a: Slowbro\n|-damage|p1a: Slowbro|44\/100 brn\n|-damage|p1b: Grimmsnarl|66\/100\n|-unboost|p1a: Slowbro|accuracy|1\n|move|p1a: Slowbro|Stored Power|p2a: Coalossal|[miss]\n|-miss|p1a: Slowbro|p2a: Coalossal\n|\n|-heal|p1a: Slowbro|50\/100 brn|[from] item: Leftovers\n|-damage|p1a: Slowbro|44\/100 brn|[from] brn\n|upkeep\n|turn|10\n|\n|t:|1683740663\n|move|p2a: Coalossal|Tar Shot|p1a: Slowbro\n|-unboost|p1a: Slowbro|spe|1\n|-start|p1a: Slowbro|Tar Shot\n|move|p2b: Gastrodon|Muddy Water|p1b: Grimmsnarl|[spread] p1a\n|-miss|p2b: Gastrodon|p1b: Grimmsnarl\n|-resisted|p1a: Slowbro\n|-damage|p1a: Slowbro|40\/100 brn\n|move|p1b: Grimmsnarl|Spirit Break|p2b: Gastrodon\n|-damage|p2b: Gastrodon|70\/100\n|move|p1a: Slowbro|Stored Power|p2a: Coalossal|[miss]\n|-miss|p1a: Slowbro|p2a: Coalossal\n|\n|-heal|p1a: Slowbro|46\/100 brn|[from] item: Leftovers\n|-damage|p1a: Slowbro|40\/100 brn|[from] brn\n|upkeep\n|turn|11\n|\n|t:|1683740685\n|move|p2a: Coalossal|Heat Wave|p1b: Grimmsnarl|[spread] p1a,p1b\n|-supereffective|p1b: Grimmsnarl\n|-damage|p1a: Slowbro|29\/100 brn\n|-damage|p1b: Grimmsnarl|17\/100\n|-damage|p2a: Coalossal|52\/100|[from] item: Life Orb\n|move|p2b: Gastrodon|Muddy Water|p1b: Grimmsnarl|[spread] p1a,p1b\n|-resisted|p1a: Slowbro\n|-damage|p1a: Slowbro|26\/100 brn\n|-damage|p1b: Grimmsnarl|0 fnt\n|faint|p1b: Grimmsnarl\n|move|p1a: Slowbro|Stored Power|p2a: Coalossal|[miss]\n|-miss|p1a: Slowbro|p2a: Coalossal\n|\n|-heal|p1a: Slowbro|32\/100 brn|[from] item: Leftovers\n|-damage|p1a: Slowbro|26\/100 brn|[from] brn\n|upkeep\n|turn|12\n|\n|t:|1683740699\n|switch|p2a: Chi-Yu|Chi-Yu, L50|100\/100\n|-ability|p2a: Chi-Yu|Beads of Ruin\n|move|p2b: Gastrodon|Muddy Water|p1a: Slowbro\n|-resisted|p1a: Slowbro\n|-damage|p1a: Slowbro|18\/100 brn\n|-unboost|p1a: Slowbro|accuracy|1\n|move|p1a: Slowbro|Stored Power|p2a: Chi-Yu\n|-immune|p2a: Chi-Yu\n|\n|-heal|p1a: Slowbro|24\/100 brn|[from] item: Leftovers\n|-damage|p1a: Slowbro|18\/100 brn|[from] brn\n|upkeep\n|turn|13\n|-message|Apolo_BT forfeited.\n|\n|win|krangune\u2764\n|raw|Apolo_BT's rating: 1115 → 1094<\/strong> (-21 for losing)\n|raw|krangune\u2764's rating: 1166 → 1187<\/strong> (+21 for winning)\n|l|\u2606Apolo_BT\n|c|\u2606krangune\u2764|gg\n","uploadtime":1683740733,"views":15,"p1id":"apolobt","p2id":"krangune","formatid":"gen9vgc2023regulationc","rating":1094,"private":0,"password":""}