{"id":"gen9vgc2023regulationc-1857229959","p1":"marioman6444","p2":"Somechips","format":"[Gen 9] VGC 2023 Regulation C","log":"|j|\u2606marioman6444\n|j|\u2606Somechips\n|t:|1683160871\n|gametype|doubles\n|player|p1|marioman6444|hoopster|1174\n|player|p2|Somechips|hilbert|1210\n|teamsize|p1|6\n|teamsize|p2|6\n|gen|9\n|tier|[Gen 9] VGC 2023 Regulation C\n|rated|\n|rule|Species Clause: Limit one of each Pok\u00e9mon\n|rule|Item Clause: Limit one of each item\n|clearpoke\n|poke|p1|Chi-Yu, L50|\n|poke|p1|Tsareena, L50, F|\n|poke|p1|Iron Hands, L50|\n|poke|p1|Amoonguss, L50, F|\n|poke|p1|Gyarados, L50, M|\n|poke|p1|Grimmsnarl, L50, M|\n|poke|p2|Abomasnow, L50, F|\n|poke|p2|Iron Bundle, L50|\n|poke|p2|Chi-Yu, L50|\n|poke|p2|Flutter Mane, L50|\n|poke|p2|Corviknight, L50, M|\n|poke|p2|Great Tusk, L50|\n|teampreview|4\n|inactive|Battle timer is ON: inactive players will automatically lose when time's up. (requested by marioman6444)\n|inactive|marioman6444 has 60 seconds left.\nSomechips has agreed to open team sheets.\n|inactive|marioman6444 has 30 seconds left.\n|inactive|marioman6444 has 20 seconds left.\n|inactive|marioman6444 has 15 seconds left.\n|\n|t:|1683160946\n|start\n|switch|p1a: Iron Hands|Iron Hands, L50|100\/100\n|switch|p1b: Grimmsnarl|Grimmsnarl, L50, M|100\/100\n|switch|p2a: Abomasnow|Abomasnow, L50, F|100\/100\n|switch|p2b: Iron Bundle|Iron Bundle, L50|100\/100\n|-weather|Snow|[from] ability: Snow Warning|[of] p2a: Abomasnow\n|-enditem|p2b: Iron Bundle|Booster Energy\n|-activate|p2b: Iron Bundle|ability: Quark Drive|[fromitem]\n|-start|p2b: Iron Bundle|quarkdrivespe\n|turn|1\n|\n|t:|1683160972\n|move|p1a: Iron Hands|Fake Out|p2a: Abomasnow\n|-damage|p2a: Abomasnow|93\/100\n|move|p1b: Grimmsnarl|Light Screen|p1b: Grimmsnarl\n|-sidestart|p1: marioman6444|move: Light Screen\n|move|p2b: Iron Bundle|Blizzard|p1b: Grimmsnarl|[spread] p1a,p1b\n|-damage|p1a: Iron Hands|87\/100\n|-damage|p1b: Grimmsnarl|75\/100\n|cant|p2a: Abomasnow|flinch\n|\n|-weather|Snow|[upkeep]\n|upkeep\n|turn|2\n|\n|t:|1683160989\n|move|p2b: Iron Bundle|Blizzard|p1b: Grimmsnarl|[spread] p1a,p1b\n|-damage|p1a: Iron Hands|74\/100\n|-damage|p1b: Grimmsnarl|49\/100\n|move|p2a: Abomasnow|Aurora Veil|p2a: Abomasnow\n|-sidestart|p2: Somechips|move: Aurora Veil\n|move|p1b: Grimmsnarl|Spirit Break|p2b: Iron Bundle\n|-damage|p2b: Iron Bundle|84\/100\n|-unboost|p2b: Iron Bundle|spa|1\n|move|p1a: Iron Hands|Drain Punch|p2b: Iron Bundle\n|-supereffective|p2b: Iron Bundle\n|-damage|p2b: Iron Bundle|38\/100\n|-heal|p1a: Iron Hands|85\/100|[from] drain|[of] p2b: Iron Bundle\n|\n|-weather|Snow|[upkeep]\n|upkeep\n|turn|3\n|\n|t:|1683161012\n|-end|p2b: Iron Bundle|Quark Drive|[silent]\n|switch|p2b: Flutter Mane|Flutter Mane, L50|100\/100\n|move|p1b: Grimmsnarl|Thunder Wave|p2a: Abomasnow\n|-status|p2a: Abomasnow|par\n|move|p1a: Iron Hands|Drain Punch|p2a: Abomasnow\n|-supereffective|p2a: Abomasnow\n|-damage|p2a: Abomasnow|69\/100 par\n|-heal|p1a: Iron Hands|95\/100|[from] drain|[of] p2a: Abomasnow\n|move|p2a: Abomasnow|Blizzard|p1b: Grimmsnarl|[spread] p1a,p1b\n|-crit|p1a: Iron Hands\n|-damage|p1a: Iron Hands|76\/100\n|-damage|p1b: Grimmsnarl|33\/100\n|\n|-weather|Snow|[upkeep]\n|upkeep\n|turn|4\n|\n|t:|1683161036\n|-terastallize|p2b: Flutter Mane|Fairy\n|move|p1b: Grimmsnarl|Thunder Wave|p2b: Flutter Mane\n|-status|p2b: Flutter Mane|par\n|cant|p2b: Flutter Mane|par\n|move|p1a: Iron Hands|Drain Punch|p2a: Abomasnow\n|-supereffective|p2a: Abomasnow\n|-damage|p2a: Abomasnow|44\/100 par\n|-heal|p1a: Iron Hands|85\/100|[from] drain|[of] p2a: Abomasnow\n|cant|p2a: Abomasnow|par\n|\n|-weather|Snow|[upkeep]\n|upkeep\n|turn|5\n|inactive|marioman6444 has 30 seconds left.\n|\n|t:|1683161066\n|-terastallize|p1a: Iron Hands|Fire\n|move|p1b: Grimmsnarl|Reflect|p1b: Grimmsnarl\n|-sidestart|p1: marioman6444|Reflect\n|move|p2b: Flutter Mane|Dazzling Gleam|p1b: Grimmsnarl|[spread] p1a,p1b\n|-resisted|p1a: Iron Hands\n|-supereffective|p1b: Grimmsnarl\n|-damage|p1a: Iron Hands|76\/100\n|-damage|p1b: Grimmsnarl|0 fnt\n|faint|p1b: Grimmsnarl\n|move|p1a: Iron Hands|Wild Charge|p2b: Flutter Mane\n|-damage|p2b: Flutter Mane|33\/100 par\n|-damage|p1a: Iron Hands|67\/100|[from] Recoil\n|cant|p2a: Abomasnow|par\n|\n|-weather|Snow|[upkeep]\n|upkeep\n|\n|t:|1683161085\n|switch|p1b: Chi-Yu|Chi-Yu, L50|100\/100\n|-ability|p1b: Chi-Yu|Beads of Ruin\n|turn|6\n|\n|t:|1683161102\n|move|p2a: Abomasnow|Protect|p2a: Abomasnow\n|-singleturn|p2a: Abomasnow|Protect\n|move|p1b: Chi-Yu|Heat Wave|p2b: Flutter Mane|[spread] p2b\n|-activate|p2a: Abomasnow|move: Protect\n|-damage|p2b: Flutter Mane|1\/100 par\n|move|p2b: Flutter Mane|Dazzling Gleam|p1b: Chi-Yu|[spread] p1a,p1b\n|-resisted|p1a: Iron Hands\n|-crit|p1a: Iron Hands\n|-damage|p1a: Iron Hands|36\/100\n|-damage|p1b: Chi-Yu|62\/100\n|move|p1a: Iron Hands|Drain Punch|p2a: Abomasnow\n|-activate|p2a: Abomasnow|move: Protect\n|\n|-weather|Snow|[upkeep]\n|-heal|p1b: Chi-Yu|68\/100|[from] item: Leftovers\n|-sideend|p2: Somechips|move: Aurora Veil\n|upkeep\n|turn|7\n|\n|t:|1683161122\n|-end|p1a: Iron Hands|Quark Drive|[silent]\n|switch|p1a: Amoonguss|Amoonguss, L50, F|100\/100\n|move|p1b: Chi-Yu|Heat Wave|p2a: Abomasnow|[spread] p2a,p2b\n|-supereffective|p2a: Abomasnow\n|-damage|p2a: Abomasnow|0 fnt\n|-damage|p2b: Flutter Mane|0 fnt\n|faint|p2a: Abomasnow\n|faint|p2b: Flutter Mane\n|-end|p2b: Flutter Mane|Protosynthesis|[silent]\n|\n|-weather|Snow|[upkeep]\n|-heal|p1b: Chi-Yu|74\/100|[from] item: Leftovers\n|upkeep\n|\n|t:|1683161133\n|switch|p2b: Iron Bundle|Iron Bundle, L50|38\/100\n|switch|p2a: Chi-Yu|Chi-Yu, L50|100\/100\n|-ability|p2a: Chi-Yu|Beads of Ruin\n|turn|8\n|\n|t:|1683161158\n|move|p1a: Amoonguss|Rage Powder|p1a: Amoonguss\n|-singleturn|p1a: Amoonguss|move: Rage Powder\n|move|p2b: Iron Bundle|Hydro Pump|p1a: Amoonguss\n|-resisted|p1a: Amoonguss\n|-damage|p1a: Amoonguss|80\/100\n|move|p2a: Chi-Yu|Heat Wave|p1b: Chi-Yu|[spread] p1a,p1b\n|-supereffective|p1a: Amoonguss\n|-resisted|p1b: Chi-Yu\n|-damage|p1a: Amoonguss|18\/100\n|-damage|p1b: Chi-Yu|63\/100\n|move|p1b: Chi-Yu|Nasty Plot|p1b: Chi-Yu\n|-boost|p1b: Chi-Yu|spa|2\n|\n|-weather|none\n|-heal|p1b: Chi-Yu|69\/100|[from] item: Leftovers\n|-sideend|p1: marioman6444|move: Light Screen\n|upkeep\n|turn|9\n|inactive|marioman6444 has 30 seconds left.\n|inactive|Somechips has 30 seconds left.\n|\n|t:|1683161192\n|move|p1a: Amoonguss|Rage Powder|p1a: Amoonguss\n|-singleturn|p1a: Amoonguss|move: Rage Powder\n|move|p2b: Iron Bundle|Freeze-Dry|p1a: Amoonguss\n|-supereffective|p1a: Amoonguss\n|-damage|p1a: Amoonguss|0 fnt\n|faint|p1a: Amoonguss\n|move|p2a: Chi-Yu|Heat Wave|p1b: Chi-Yu\n|-resisted|p1b: Chi-Yu\n|-damage|p1b: Chi-Yu|44\/100\n|move|p1b: Chi-Yu|Heat Wave|p2b: Iron Bundle|[spread] p2a,p2b\n|-resisted|p2a: Chi-Yu\n|-crit|p2b: Iron Bundle\n|-damage|p2a: Chi-Yu|57\/100\n|-damage|p2b: Iron Bundle|0 fnt\n|faint|p2b: Iron Bundle\n|-end|p2b: Iron Bundle|Quark Drive|[silent]\n|\n|-heal|p1b: Chi-Yu|50\/100|[from] item: Leftovers\n|upkeep\n|\n|t:|1683161208\n|switch|p1a: Iron Hands|Iron Hands, L50, tera:Fire|36\/100\n|turn|10\n|\n|t:|1683161218\n|move|p2a: Chi-Yu|Protect|p2a: Chi-Yu\n|-singleturn|p2a: Chi-Yu|Protect\n|move|p1a: Iron Hands|Fake Out|p2a: Chi-Yu\n|-activate|p2a: Chi-Yu|move: Protect\n|move|p1b: Chi-Yu|Heat Wave|p2a: Chi-Yu\n|-activate|p2a: Chi-Yu|move: Protect\n|\n|-heal|p1b: Chi-Yu|56\/100|[from] item: Leftovers\n|upkeep\n|turn|11\n|\n|t:|1683161230\n|move|p2a: Chi-Yu|Dark Pulse|p1b: Chi-Yu\n|-resisted|p1b: Chi-Yu\n|-damage|p1b: Chi-Yu|34\/100\n|move|p1b: Chi-Yu|Heat Wave|p2a: Chi-Yu\n|-resisted|p2a: Chi-Yu\n|-damage|p2a: Chi-Yu|0 fnt\n|faint|p2a: Chi-Yu\n|\n|win|marioman6444\n|raw|marioman6444's rating: 1174 → 1202<\/strong> (+28 for winning)\n|raw|Somechips's rating: 1210 → 1182<\/strong> (-28 for losing)\n|c|\u2606marioman6444|Gg\n","uploadtime":1683161241,"views":10,"p1id":"marioman6444","p2id":"somechips","formatid":"gen9vgc2023regulationc","rating":1182,"private":0,"password":""}