{"id":"gen9vgc2023regulationc-1846078174","p1":"Pokemon iz trasssh","p2":"Feach","format":"[Gen 9] VGC 2023 Regulation C","log":"|j|\u2606Pokemon iz trasssh\n|j|\u2606Feach\n|t:|1681802605\n|gametype|doubles\n|player|p1|Pokemon iz trasssh|2|1033\n|player|p2|Feach|1|1066\n|teamsize|p1|6\n|teamsize|p2|6\n|gen|9\n|tier|[Gen 9] VGC 2023 Regulation C\n|rated|\n|rule|Species Clause: Limit one of each Pok\u00e9mon\n|rule|Item Clause: Limit one of each item\n|clearpoke\n|poke|p1|Ting-Lu, L50|\n|poke|p1|Kingambit, L50, F|\n|poke|p1|Glalie, L50, M|\n|poke|p1|Farigiraf, L50, F|\n|poke|p1|Lycanroc-Midnight, L50, F|\n|poke|p1|Chien-Pao, L50|\n|poke|p2|Amoonguss, L50, M|\n|poke|p2|Arcanine, L50, M|\n|poke|p2|Sylveon, L50, F|\n|poke|p2|Frosmoth, L50, M|\n|poke|p2|Dragapult, L50, F|\n|poke|p2|Cyclizar, L50, M|\n|teampreview|4\nPokemon iz trasssh has agreed to open team sheets.\n|\n|t:|1681802666\n|start\n|switch|p1a: Ting-Lu|Ting-Lu, L50|100\/100\n|switch|p1b: Kingambit|Kingambit, L50, F|100\/100\n|switch|p2a: Frosmoth|Frosmoth, L50, M|100\/100\n|switch|p2b: Cyclizar|Cyclizar, L50, M|100\/100\n|-ability|p1b: Kingambit|Pressure\n|-ability|p1a: Ting-Lu|Vessel of Ruin\n|turn|1\n|\n|t:|1681802681\n|move|p2b: Cyclizar|Shed Tail|p2b: Cyclizar\n|-start|p2b: Cyclizar|Substitute|[from] move: Shed Tail\n|-damage|p2b: Cyclizar|50\/100\n|\n|t:|1681802688\n|switch|p2b: Amoonguss|Amoonguss, L50, M|100\/100|[from] Shed Tail\n|move|p2a: Frosmoth|Tailwind|p2a: Frosmoth\n|-sidestart|p2: Feach|move: Tailwind\n|move|p1b: Kingambit|Guillotine|p2a: Frosmoth|[miss]\n|-miss|p1b: Kingambit|p2a: Frosmoth\n|move|p1a: Ting-Lu|Fissure|p2a: Frosmoth|[miss]\n|-miss|p1a: Ting-Lu|p2a: Frosmoth\n|\n|upkeep\n|turn|2\n|\n|t:|1681802708\n|-terastallize|p1a: Ting-Lu|Grass\n|move|p2a: Frosmoth|Infestation|p1b: Kingambit\n|-damage|p1b: Kingambit|93\/100\n|-activate|p1b: Kingambit|move: Infestation|[of] p2a: Frosmoth\n|move|p2b: Amoonguss|Spore|p1b: Kingambit\n|-status|p1b: Kingambit|slp|[from] move: Spore\n|cant|p1b: Kingambit|slp\n|move|p1a: Ting-Lu|Fissure|p2a: Frosmoth\n|-enditem|p2a: Frosmoth|Focus Sash\n|-damage|p2a: Frosmoth|1\/100\n|\n|-heal|p1b: Kingambit|99\/100 slp|[from] item: Leftovers\n|-damage|p1b: Kingambit|87\/100 slp|[from] move: Infestation|[partiallytrapped]\n|upkeep\n|turn|3\n|\n|t:|1681802729\n|move|p2b: Amoonguss|Rage Powder|p2b: Amoonguss\n|-singleturn|p2b: Amoonguss|move: Rage Powder\n|move|p2a: Frosmoth|Infestation|p1a: Ting-Lu\n|-supereffective|p1a: Ting-Lu\n|-damage|p1a: Ting-Lu|94\/100\n|-activate|p1a: Ting-Lu|move: Infestation|[of] p2a: Frosmoth\n|cant|p1b: Kingambit|slp\n|move|p1a: Ting-Lu|Fissure|p2b: Amoonguss|[miss]\n|-miss|p1a: Ting-Lu|p2b: Amoonguss\n|\n|-heal|p1b: Kingambit|93\/100 slp|[from] item: Leftovers\n|-damage|p1b: Kingambit|81\/100 slp|[from] move: Infestation|[partiallytrapped]\n|-damage|p1a: Ting-Lu|81\/100|[from] move: Infestation|[partiallytrapped]\n|upkeep\n|turn|4\n|\n|t:|1681802745\n|move|p2a: Frosmoth|Struggle Bug|p1b: Kingambit|[spread] p1a,p1b\n|-supereffective|p1a: Ting-Lu\n|-damage|p1a: Ting-Lu|72\/100\n|-damage|p1b: Kingambit|69\/100 slp\n|-unboost|p1a: Ting-Lu|spa|1\n|-unboost|p1b: Kingambit|spa|1\n|move|p2b: Amoonguss|Pollen Puff|p1a: Ting-Lu\n|-supereffective|p1a: Ting-Lu\n|-damage|p1a: Ting-Lu|60\/100\n|-curestatus|p1b: Kingambit|slp|[msg]\n|move|p1b: Kingambit|Guillotine|p2b: Amoonguss|[miss]\n|-miss|p1b: Kingambit|p2b: Amoonguss\n|move|p1a: Ting-Lu|Fissure|p2b: Amoonguss|[miss]\n|-miss|p1a: Ting-Lu|p2b: Amoonguss\n|\n|-heal|p1b: Kingambit|75\/100|[from] item: Leftovers\n|-damage|p1b: Kingambit|63\/100|[from] move: Infestation|[partiallytrapped]\n|-damage|p1a: Ting-Lu|48\/100|[from] move: Infestation|[partiallytrapped]\n|-sideend|p2: Feach|move: Tailwind\n|upkeep\n|turn|5\n|\n|t:|1681802795\n|move|p2a: Frosmoth|Tailwind|p2a: Frosmoth\n|-sidestart|p2: Feach|move: Tailwind\n|move|p2b: Amoonguss|Pollen Puff|p2a: Frosmoth\n|-heal|p2a: Frosmoth|51\/100\n|move|p1b: Kingambit|Guillotine|p2b: Amoonguss\n|-ohko\n|-end|p2b: Amoonguss|Substitute\n|move|p1a: Ting-Lu|Fissure|p2b: Amoonguss\n|-damage|p2b: Amoonguss|0 fnt\n|faint|p2b: Amoonguss\n|-ohko\n|\n|-heal|p1b: Kingambit|69\/100|[from] item: Leftovers\n|-damage|p1b: Kingambit|57\/100|[from] move: Infestation|[partiallytrapped]\n|-damage|p1a: Ting-Lu|36\/100|[from] move: Infestation|[partiallytrapped]\n|upkeep\n|\n|t:|1681802811\n|switch|p2b: Cyclizar|Cyclizar, L50, M|84\/100\n|turn|6\n|\n|t:|1681802824\n|move|p2b: Cyclizar|Shed Tail|p2b: Cyclizar\n|-start|p2b: Cyclizar|Substitute|[from] move: Shed Tail\n|-damage|p2b: Cyclizar|33\/100\n|\n|t:|1681802828\n|switch|p2b: Sylveon|Sylveon, L50, F|100\/100|[from] Shed Tail\n|move|p2a: Frosmoth|Icy Wind|p1b: Kingambit|[spread] p1a,p1b\n|-supereffective|p1a: Ting-Lu\n|-resisted|p1b: Kingambit\n|-damage|p1a: Ting-Lu|24\/100\n|-damage|p1b: Kingambit|50\/100\n|-unboost|p1a: Ting-Lu|spe|1\n|-unboost|p1b: Kingambit|spe|1\n|move|p1b: Kingambit|Guillotine|p2a: Frosmoth|[miss]\n|-miss|p1b: Kingambit|p2a: Frosmoth\n|move|p1a: Ting-Lu|Fissure|p2a: Frosmoth\n|-damage|p2a: Frosmoth|0 fnt\n|faint|p2a: Frosmoth\n|-ohko\n|\n|-heal|p1b: Kingambit|56\/100|[from] item: Leftovers\n|-end|p1b: Kingambit|Infestation|[partiallytrapped]\n|-end|p1a: Ting-Lu|Infestation|[partiallytrapped]|[silent]\n|upkeep\n|\n|t:|1681802844\n|switch|p2a: Cyclizar|Cyclizar, L50, M|67\/100\n|turn|7\n|\n|t:|1681802857\n|-terastallize|p2b: Sylveon|Fairy\n|move|p2a: Cyclizar|Knock Off|p1b: Kingambit\n|-resisted|p1b: Kingambit\n|-damage|p1b: Kingambit|49\/100\n|-enditem|p1b: Kingambit|Leftovers|[from] move: Knock Off|[of] p2a: Cyclizar\n|move|p2b: Sylveon|Hyper Voice|p1b: Kingambit|[spread] p1a,p1b\n|-damage|p1a: Ting-Lu|10\/100\n|-damage|p1b: Kingambit|12\/100\n|-enditem|p2b: Sylveon|Throat Spray\n|-boost|p2b: Sylveon|spa|1|[from] item: Throat Spray\n|move|p1b: Kingambit|Guillotine|p2a: Cyclizar|[miss]\n|-miss|p1b: Kingambit|p2a: Cyclizar\n|move|p1a: Ting-Lu|Fissure|p2a: Cyclizar|[miss]\n|-miss|p1a: Ting-Lu|p2a: Cyclizar\n|\n|upkeep\n|turn|8\n|\n|t:|1681802884\n|move|p2a: Cyclizar|Rapid Spin|p1b: Kingambit\n|-resisted|p1b: Kingambit\n|-damage|p1b: Kingambit|7\/100\n|-boost|p2a: Cyclizar|spe|1\n|move|p2b: Sylveon|Hyper Voice|p1a: Ting-Lu|[spread] p1a,p1b\n|-damage|p1a: Ting-Lu|0 fnt\n|-damage|p1b: Kingambit|0 fnt\n|faint|p1a: Ting-Lu\n|faint|p1b: Kingambit\n|\n|-sideend|p2: Feach|move: Tailwind\n|upkeep\n|\n|t:|1681802893\n|switch|p1b: Glalie|Glalie, L50, M|100\/100\n|switch|p1a: Chien-Pao|Chien-Pao, L50|100\/100\n|-ability|p1a: Chien-Pao|Sword of Ruin\n|turn|9\n|\n|t:|1681802907\n|move|p2a: Cyclizar|Knock Off|p1a: Chien-Pao\n|-resisted|p1a: Chien-Pao\n|-damage|p1a: Chien-Pao|88\/100\n|-enditem|p1a: Chien-Pao|Focus Sash|[from] move: Knock Off|[of] p2a: Cyclizar\n|move|p1a: Chien-Pao|Sheer Cold|p2a: Cyclizar|[miss]\n|-miss|p1a: Chien-Pao|p2a: Cyclizar\n|move|p1b: Glalie|Sheer Cold|p2a: Cyclizar|[miss]\n|-miss|p1b: Glalie|p2a: Cyclizar\n|move|p2b: Sylveon|Calm Mind|p2b: Sylveon\n|-boost|p2b: Sylveon|spa|1\n|-boost|p2b: Sylveon|spd|1\n|\n|-ability|p1b: Glalie|Moody|boost\n|-boost|p1b: Glalie|spa|2\n|-unboost|p1b: Glalie|spd|1\n|upkeep\n|turn|10\n|\n|t:|1681802941\n|move|p2a: Cyclizar|Knock Off|p1b: Glalie\n|-damage|p1b: Glalie|69\/100\n|-enditem|p1b: Glalie|Wide Lens|[from] move: Knock Off|[of] p2a: Cyclizar\n|move|p1a: Chien-Pao|Sheer Cold|p2a: Cyclizar|[miss]\n|-miss|p1a: Chien-Pao|p2a: Cyclizar\n|move|p1b: Glalie|Sheer Cold|p2a: Cyclizar|[miss]\n|-miss|p1b: Glalie|p2a: Cyclizar\n|move|p2b: Sylveon|Hyper Voice|p1a: Chien-Pao|[spread] p1a,p1b\n|-supereffective|p1a: Chien-Pao\n|-damage|p1a: Chien-Pao|0 fnt\n|-damage|p1b: Glalie|0 fnt\n|faint|p1a: Chien-Pao\n|faint|p1b: Glalie\n|\n|win|Feach\n|raw|Pokemon iz trasssh's rating: 1033 → 1019<\/strong> (-14 for losing)\n|raw|Feach's rating: 1066 → 1093<\/strong> (+27 for winning)\n|c|\u2606Pokemon iz trasssh|gg\n|l|\u2606Pokemon iz trasssh\n|c|\u2606Feach|gg\n","uploadtime":1681802962,"views":5,"p1id":"pokemoniztrasssh","p2id":"feach","formatid":"gen9vgc2023regulationc","rating":1019,"private":0,"password":""}