{"id":"gen9vgc2023regulationc-1859479665","p1":"Slackermaru","p2":"BapeChiang","format":"[Gen 9] VGC 2023 Regulation C","log":"|j|\u2606Slackermaru\n|j|\u2606BapeChiang\n|t:|1683473849\n|gametype|doubles\n|player|p1|Slackermaru|266|1503\n|player|p2|BapeChiang|roark|1546\n|teamsize|p1|6\n|teamsize|p2|6\n|gen|9\n|tier|[Gen 9] VGC 2023 Regulation C\n|rated|\n|rule|Species Clause: Limit one of each Pok\u00e9mon\n|rule|Item Clause: Limit one of each item\n|clearpoke\n|poke|p1|Flutter Mane, L50|\n|poke|p1|Amoonguss, L50, M|\n|poke|p1|Arcanine, L50, M|\n|poke|p1|Iron Bundle, L50|\n|poke|p1|Baxcalibur, L50, M|\n|poke|p1|Kingambit, L50, M|\n|poke|p2|Ting-Lu, L50|\n|poke|p2|Abomasnow, L50, F|\n|poke|p2|Iron Bundle, L50|\n|poke|p2|Dragonite, L50, F|\n|poke|p2|Orthworm, L50, M|\n|poke|p2|Vivillon-Fancy, L50, F|\n|teampreview|4\nSlackermaru has agreed to open team sheets.\nBapeChiang rejected open team sheets.\n|inactive|Battle timer is ON: inactive players will automatically lose when time's up. (requested by BapeChiang)\n|\n|t:|1683473895\n|start\n|switch|p1a: Kingambit|Kingambit, L50, M|100\/100\n|switch|p1b: Arcanine|Arcanine, L50, M|100\/100\n|switch|p2a: Ting-Lu|Ting-Lu, L50|100\/100\n|switch|p2b: Vivillon|Vivillon-Fancy, L50, F|100\/100\n|-ability|p1b: Arcanine|Intimidate|boost\n|-unboost|p2a: Ting-Lu|atk|1\n|-unboost|p2b: Vivillon|atk|1\n|-ability|p2a: Ting-Lu|Vessel of Ruin\n|turn|1\n|inactive|Slackermaru has 30 seconds left.\n|\n|t:|1683473927\n|move|p1a: Kingambit|Protect|p1a: Kingambit\n|-singleturn|p1a: Kingambit|Protect\n|move|p2b: Vivillon|Safeguard|p2b: Vivillon\n|-sidestart|p2: BapeChiang|Safeguard\n|move|p1b: Arcanine|Will-O-Wisp|p2a: Ting-Lu\n|-activate|p2a: Ting-Lu|move: Safeguard\n|move|p2a: Ting-Lu|Earthquake|p1a: Kingambit|[spread] p1b\n|-activate|p1a: Kingambit|move: Protect\n|-immune|p2b: Vivillon\n|-supereffective|p1b: Arcanine\n|-damage|p1b: Arcanine|48\/100\n|\n|upkeep\n|turn|2\n|j| trisew\n|\n|t:|1683473947\n|-terastallize|p1a: Kingambit|Dark\n|move|p2b: Vivillon|Protect|p2b: Vivillon\n|-singleturn|p2b: Vivillon|Protect\n|move|p1b: Arcanine|Flare Blitz|p2b: Vivillon\n|-activate|p2b: Vivillon|move: Protect\n|move|p1a: Kingambit|Swords Dance|p1a: Kingambit\n|-boost|p1a: Kingambit|atk|2\n|move|p2a: Ting-Lu|Earthquake|p1b: Arcanine|[spread] p1a,p1b\n|-activate|p2b: Vivillon|move: Protect\n|-supereffective|p1b: Arcanine\n|-damage|p1a: Kingambit|82\/100\n|-damage|p1b: Arcanine|1\/100\n|\n|upkeep\n|turn|3\n|\n|t:|1683473970\n|move|p2b: Vivillon|Pollen Puff|p1a: Kingambit\n|-supereffective|p1a: Kingambit\n|-damage|p1a: Kingambit|26\/100\n|move|p1b: Arcanine|Flare Blitz|p2a: Ting-Lu\n|-damage|p2a: Ting-Lu|81\/100\n|-damage|p1b: Arcanine|0 fnt|[from] Recoil\n|faint|p1b: Arcanine\n|move|p1a: Kingambit|Kowtow Cleave|p2a: Ting-Lu\n|-resisted|p2a: Ting-Lu\n|-crit|p2a: Ting-Lu\n|-damage|p2a: Ting-Lu|29\/100\n|move|p2a: Ting-Lu|Earthquake|p1a: Kingambit|[spread] p1a\n|-immune|p2b: Vivillon\n|-damage|p1a: Kingambit|8\/100\n|\n|upkeep\n|\n|t:|1683473986\n|switch|p1b: Iron Bundle|Iron Bundle, L50|100\/100\n|turn|4\n|\n|t:|1683474001\n|move|p2b: Vivillon|Protect|p2b: Vivillon\n|-singleturn|p2b: Vivillon|Protect\n|move|p1a: Kingambit|Protect|p1a: Kingambit\n|-singleturn|p1a: Kingambit|Protect\n|move|p1b: Iron Bundle|Freeze-Dry|p2a: Ting-Lu\n|-supereffective|p2a: Ting-Lu\n|-damage|p2a: Ting-Lu|10\/100\n|move|p2a: Ting-Lu|Earthquake|p1a: Kingambit|[spread] p1b\n|-activate|p2b: Vivillon|move: Protect\n|-activate|p1a: Kingambit|move: Protect\n|-damage|p1b: Iron Bundle|70\/100\n|\n|upkeep\n|turn|5\n|inactive|BapeChiang has 30 seconds left.\n|\n|t:|1683474026\n|move|p1b: Iron Bundle|Encore|p2b: Vivillon\n|-start|p2b: Vivillon|Encore\n|move|p2b: Vivillon|Protect|p2b: Vivillon\n|-singleturn|p2b: Vivillon|Protect\n|move|p1a: Kingambit|Kowtow Cleave|p2a: Ting-Lu\n|-resisted|p2a: Ting-Lu\n|-crit|p2a: Ting-Lu\n|-damage|p2a: Ting-Lu|0 fnt\n|faint|p2a: Ting-Lu\n|\n|-sideend|p2: BapeChiang|Safeguard\n|upkeep\n|\n|t:|1683474035\n|switch|p2a: Orthworm|Orthworm, L50, M|100\/100\n|turn|6\n|\n|t:|1683474047\n|move|p2b: Vivillon|Protect||[still]\n|-fail|p2b: Vivillon\n|move|p1b: Iron Bundle|Hydro Pump|p2a: Orthworm\n|-damage|p2a: Orthworm|45\/100\n|move|p2a: Orthworm|Body Press|p1a: Kingambit\n|-supereffective|p1a: Kingambit\n|-damage|p1a: Kingambit|0 fnt\n|faint|p1a: Kingambit\n|\n|-heal|p2a: Orthworm|52\/100|[from] item: Leftovers\n|upkeep\n|\n|t:|1683474062\n|switch|p1a: Amoonguss|Amoonguss, L50, M|100\/100\n|turn|7\n|\n|t:|1683474081\n|move|p2b: Vivillon|Protect|p2b: Vivillon\n|-singleturn|p2b: Vivillon|Protect\n|move|p1b: Iron Bundle|Hydro Pump|p2a: Orthworm\n|-damage|p2a: Orthworm|4\/100\n|move|p2a: Orthworm|Body Press|p1b: Iron Bundle\n|-supereffective|p1b: Iron Bundle\n|-damage|p1b: Iron Bundle|6\/100\n|move|p1a: Amoonguss|Pollen Puff|p1b: Iron Bundle\n|-heal|p1b: Iron Bundle|55\/100\n|\n|-heal|p2a: Orthworm|10\/100|[from] item: Leftovers\n|-end|p2b: Vivillon|Encore\n|upkeep\n|turn|8\n|\n|t:|1683474105\n|move|p1b: Iron Bundle|Protect|p1b: Iron Bundle\n|-singleturn|p1b: Iron Bundle|Protect\n|move|p2a: Orthworm|Protect|p2a: Orthworm\n|-singleturn|p2a: Orthworm|Protect\n|move|p2b: Vivillon|Safeguard|p2b: Vivillon\n|-sidestart|p2: BapeChiang|Safeguard\n|move|p1a: Amoonguss|Spore|p2a: Orthworm\n|-activate|p2a: Orthworm|move: Protect\n|\n|-heal|p2a: Orthworm|16\/100|[from] item: Leftovers\n|upkeep\n|turn|9\n|inactive|Slackermaru has 30 seconds left.\n|\n|t:|1683474132\n|move|p1b: Iron Bundle|Encore|p2a: Orthworm\n|-start|p2a: Orthworm|Encore\n|move|p2b: Vivillon|Pollen Puff|p1b: Iron Bundle\n|-damage|p1b: Iron Bundle|0 fnt\n|faint|p1b: Iron Bundle\n|-end|p1b: Iron Bundle|Quark Drive|[silent]\n|move|p2a: Orthworm|Protect||[still]\n|-fail|p2a: Orthworm\n|move|p1a: Amoonguss|Pollen Puff|p1: Iron Bundle|[notarget]\n|-fail|p1a: Amoonguss\n|\n|-heal|p2a: Orthworm|23\/100|[from] item: Leftovers\n|upkeep\n|turn|10\n|-message|Slackermaru forfeited.\n|\n|win|BapeChiang\n|raw|Slackermaru's rating: 1503 → 1485<\/strong> (-18 for losing)\n|raw|BapeChiang's rating: 1546 → 1564<\/strong> (+18 for winning)\n|l|\u2606Slackermaru\n|l| trisew\n","uploadtime":1683474153,"views":10,"p1id":"slackermaru","p2id":"bapechiang","formatid":"gen9vgc2023regulationc","rating":1485,"private":0,"password":""}