{"id":"gen9vgc2023regulationc-1860565523","p1":"Z-Shadow27","p2":"MrZiuken","format":"[Gen 9] VGC 2023 Regulation C","log":"|j|\u2606Z-Shadow27\n|j|\u2606MrZiuken\n|t:|1683654995\n|gametype|doubles\n|player|p1|Z-Shadow27|102|1454\n|player|p2|MrZiuken|265|1370\n|teamsize|p1|6\n|teamsize|p2|6\n|gen|9\n|tier|[Gen 9] VGC 2023 Regulation C\n|rated|\n|rule|Species Clause: Limit one of each Pok\u00e9mon\n|rule|Item Clause: Limit one of each item\n|clearpoke\n|poke|p1|Kingambit, L50, F|\n|poke|p1|Torkoal, L50, M|\n|poke|p1|Jumpluff, L50, M|\n|poke|p1|Flutter Mane, L50|\n|poke|p1|Great Tusk, L50|\n|poke|p1|Chien-Pao, L50|\n|poke|p2|Iron Bundle, L50|\n|poke|p2|Tyranitar, L50, F|\n|poke|p2|Wo-Chien, L50|\n|poke|p2|Glimmora, L50, M|\n|poke|p2|Gyarados, L50, M|\n|poke|p2|Flutter Mane, L50|\n|teampreview|4\n|\n|t:|1683655033\n|start\n|switch|p1a: Great Tusk|Great Tusk, L50|100\/100\n|switch|p1b: Chien-Pao|Chien-Pao, L50|100\/100\n|switch|p2a: Iron Bundle|Iron Bundle, L50|100\/100\n|switch|p2b: Wo-Chien|Wo-Chien, L50|100\/100\n|-ability|p1b: Chien-Pao|Sword of Ruin\n|-ability|p2b: Wo-Chien|Tablets of Ruin\n|turn|1\n|\n|t:|1683655067\n|move|p2a: Iron Bundle|Protect|p2a: Iron Bundle\n|-singleturn|p2a: Iron Bundle|Protect\n|move|p2b: Wo-Chien|Protect|p2b: Wo-Chien\n|-singleturn|p2b: Wo-Chien|Protect\n|move|p1b: Chien-Pao|Sucker Punch||[still]\n|-fail|p1b: Chien-Pao\n|move|p1a: Great Tusk|Rock Slide|p2a: Iron Bundle|[spread] \n|-activate|p2a: Iron Bundle|move: Protect\n|-activate|p2b: Wo-Chien|move: Protect\n|\n|upkeep\n|turn|2\n|\n|t:|1683655087\n|move|p1a: Great Tusk|Rock Slide|p2a: Iron Bundle|[spread] p2a,p2b\n|-supereffective|p2a: Iron Bundle\n|-damage|p2a: Iron Bundle|47\/100\n|-damage|p2b: Wo-Chien|81\/100\n|move|p2a: Iron Bundle|Icy Wind|p1a: Great Tusk|[spread] p1a,p1b\n|-supereffective|p1a: Great Tusk\n|-resisted|p1b: Chien-Pao\n|-damage|p1a: Great Tusk|44\/100\n|-damage|p1b: Chien-Pao|86\/100\n|-unboost|p1a: Great Tusk|spe|1\n|-unboost|p1b: Chien-Pao|spe|1\n|move|p1b: Chien-Pao|Ice Spinner|p2b: Wo-Chien\n|-supereffective|p2b: Wo-Chien\n|-damage|p2b: Wo-Chien|15\/100\n|move|p2b: Wo-Chien|Pollen Puff|p2a: Iron Bundle\n|-heal|p2a: Iron Bundle|97\/100\n|\n|-heal|p2b: Wo-Chien|21\/100|[from] item: Leftovers\n|upkeep\n|turn|3\n|\n|t:|1683655122\n|-end|p1a: Great Tusk|Protosynthesis|[silent]\n|switch|p1a: Torkoal|Torkoal, L50, M|100\/100\n|-weather|SunnyDay|[from] ability: Drought|[of] p1a: Torkoal\n|move|p2b: Wo-Chien|Protect|p2b: Wo-Chien\n|-singleturn|p2b: Wo-Chien|Protect\n|move|p2a: Iron Bundle|Freeze-Dry|p1a: Torkoal\n|-resisted|p1a: Torkoal\n|-damage|p1a: Torkoal|80\/100\n|move|p1b: Chien-Pao|Ice Spinner|p2b: Wo-Chien\n|-activate|p2b: Wo-Chien|move: Protect\n|\n|-weather|SunnyDay|[upkeep]\n|-heal|p2b: Wo-Chien|28\/100|[from] item: Leftovers\n|upkeep\n|turn|4\n|\n|t:|1683655149\n|switch|p2b: Tyranitar|Tyranitar, L50, F|100\/100\n|-weather|Sandstorm|[from] ability: Sand Stream|[of] p2b: Tyranitar\n|move|p2a: Iron Bundle|Hydro Pump|p1a: Torkoal\n|-supereffective|p1a: Torkoal\n|-damage|p1a: Torkoal|0 fnt\n|faint|p1a: Torkoal\n|move|p1b: Chien-Pao|Ice Spinner|p2b: Tyranitar\n|-damage|p2b: Tyranitar|50\/100\n|\n|-weather|Sandstorm|[upkeep]\n|-damage|p2a: Iron Bundle|91\/100|[from] Sandstorm\n|-damage|p1b: Chien-Pao|80\/100|[from] Sandstorm\n|upkeep\n|\n|t:|1683655163\n|switch|p1a: Great Tusk|Great Tusk, L50|44\/100\n|turn|5\n|\n|t:|1683655186\n|-terastallize|p1a: Great Tusk|Fire\n|move|p2a: Iron Bundle|Protect|p2a: Iron Bundle\n|-singleturn|p2a: Iron Bundle|Protect\n|move|p1a: Great Tusk|Rock Slide|p2b: Tyranitar|[spread] p2b\n|-activate|p2a: Iron Bundle|move: Protect\n|-damage|p2b: Tyranitar|23\/100\n|move|p1b: Chien-Pao|Ice Spinner|p2b: Tyranitar\n|-damage|p2b: Tyranitar|0 fnt\n|faint|p2b: Tyranitar\n|\n|-weather|Sandstorm|[upkeep]\n|-damage|p1a: Great Tusk|38\/100|[from] Sandstorm\n|-damage|p2a: Iron Bundle|86\/100|[from] Sandstorm\n|-damage|p1b: Chien-Pao|74\/100|[from] Sandstorm\n|upkeep\n|\n|t:|1683655199\n|switch|p2b: Wo-Chien|Wo-Chien, L50|28\/100\n|-ability|p2b: Wo-Chien|Tablets of Ruin\n|turn|6\n|\n|t:|1683655240\n|-end|p2a: Iron Bundle|Quark Drive|[silent]\n|switch|p2a: Flutter Mane|Flutter Mane, L50|100\/100\n|-enditem|p2a: Flutter Mane|Booster Energy\n|-activate|p2a: Flutter Mane|ability: Protosynthesis|[fromitem]\n|-start|p2a: Flutter Mane|protosynthesisspe\n|move|p1b: Chien-Pao|Sucker Punch||[still]\n|-fail|p1b: Chien-Pao\n|move|p1a: Great Tusk|Rock Slide|p2a: Flutter Mane|[spread] p2a,p2b\n|-damage|p2a: Flutter Mane|59\/100\n|-damage|p2b: Wo-Chien|8\/100\n|move|p2b: Wo-Chien|Leech Seed|p1b: Chien-Pao\n|-start|p1b: Chien-Pao|move: Leech Seed\n|\n|-weather|Sandstorm|[upkeep]\n|-damage|p2a: Flutter Mane|54\/100|[from] Sandstorm\n|-damage|p1a: Great Tusk|32\/100|[from] Sandstorm\n|-damage|p1b: Chien-Pao|68\/100|[from] Sandstorm\n|-damage|p2b: Wo-Chien|2\/100|[from] Sandstorm\n|-heal|p2b: Wo-Chien|8\/100|[from] item: Leftovers\n|-damage|p1b: Chien-Pao|56\/100|[from] Leech Seed|[of] p2b: Wo-Chien\n|-heal|p2b: Wo-Chien|18\/100|[silent]\n|upkeep\n|turn|7\n|\n|t:|1683655283\n|-terastallize|p2a: Flutter Mane|Fairy\n|move|p2b: Wo-Chien|Protect|p2b: Wo-Chien\n|-singleturn|p2b: Wo-Chien|Protect\n|move|p1b: Chien-Pao|Sucker Punch|p2a: Flutter Mane\n|-resisted|p2a: Flutter Mane\n|-damage|p2a: Flutter Mane|20\/100\n|move|p2a: Flutter Mane|Dazzling Gleam|p1a: Great Tusk|[spread] p1a,p1b\n|-resisted|p1a: Great Tusk\n|-supereffective|p1b: Chien-Pao\n|-damage|p1a: Great Tusk|0 fnt\n|-damage|p1b: Chien-Pao|0 fnt\n|faint|p1a: Great Tusk\n|-end|p1a: Great Tusk|Protosynthesis|[silent]\n|faint|p1b: Chien-Pao\n|\n|-weather|Sandstorm|[upkeep]\n|-damage|p2a: Flutter Mane|14\/100|[from] Sandstorm\n|-damage|p2b: Wo-Chien|11\/100|[from] Sandstorm\n|-heal|p2b: Wo-Chien|18\/100|[from] item: Leftovers\n|upkeep\n|\n|t:|1683655303\n|switch|p1a: Jumpluff|Jumpluff, L50, M|100\/100\n|turn|8\n|\n|t:|1683655316\n|move|p2a: Flutter Mane|Dazzling Gleam|p1a: Jumpluff\n|-damage|p1a: Jumpluff|38\/100\n|move|p1a: Jumpluff|Leaf Storm|p2a: Flutter Mane\n|-damage|p2a: Flutter Mane|0 fnt\n|-unboost|p1a: Jumpluff|spa|2\n|faint|p2a: Flutter Mane\n|-end|p2a: Flutter Mane|Protosynthesis|[silent]\n|move|p2b: Wo-Chien|Pollen Puff|p1a: Jumpluff\n|-damage|p1a: Jumpluff|13\/100\n|\n|-weather|none\n|-heal|p2b: Wo-Chien|24\/100|[from] item: Leftovers\n|upkeep\n|\n|t:|1683655322\n|switch|p2a: Iron Bundle|Iron Bundle, L50|86\/100\n|turn|9\n|-message|Z-Shadow27 forfeited.\n|\n|win|MrZiuken\n|raw|Z-Shadow27's rating: 1454 → 1429<\/strong> (-25 for losing)\n|raw|MrZiuken's rating: 1370 → 1395<\/strong> (+25 for winning)\n|l|\u2606Z-Shadow27\n","uploadtime":1683655340,"views":12,"p1id":"zshadow27","p2id":"mrziuken","formatid":"gen9vgc2023regulationc","rating":1395,"private":0,"password":""}