{"id":"gen9vgc2023regulationc-1859724212","p1":"bgcfranky","p2":"WilsonPilson","format":"[Gen 9] VGC 2023 Regulation C","log":"|j|\u2606bgcfranky\n|j|\u2606WilsonPilson\n|t:|1683559274\n|gametype|doubles\n|player|p1|bgcfranky|rocketgrunt|1122\n|player|p2|WilsonPilson|caitlin|1047\n|teamsize|p1|6\n|teamsize|p2|6\n|gen|9\n|tier|[Gen 9] VGC 2023 Regulation C\n|rated|\n|rule|Species Clause: Limit one of each Pok\u00e9mon\n|rule|Item Clause: Limit one of each item\n|clearpoke\n|poke|p1|Volcarona, L50, M|\n|poke|p1|Wo-Chien, L50|\n|poke|p1|Grimmsnarl, L50, M|\n|poke|p1|Iron Hands, L50|\n|poke|p1|Slowking, L50, F|\n|poke|p1|Salamence, L50, M|\n|poke|p2|Tinkaton, L50, F|\n|poke|p2|Electrode, L50|\n|poke|p2|Dragapult, L50, F|\n|poke|p2|Pelipper, L50, F|\n|poke|p2|Lucario, L50, F|\n|poke|p2|Flutter Mane, L50|\n|teampreview|4\nbgcfranky has agreed to open team sheets.\n|\n|t:|1683559352\n|start\n|switch|p1a: Volcarona|Volcarona, L50, M|100\/100\n|switch|p1b: Grimmsnarl|Grimmsnarl, L50, M, shiny|100\/100\n|switch|p2a: Pelipper|Pelipper, L50, F|100\/100\n|switch|p2b: Tinkaton|Tinkaton, L50, F|100\/100\n|-ability|p2b: Tinkaton|Mold Breaker\n|-weather|RainDance|[from] ability: Drizzle|[of] p2a: Pelipper\n|turn|1\n|\n|t:|1683559382\n|move|p1a: Volcarona|Protect|p1a: Volcarona\n|-singleturn|p1a: Volcarona|Protect\n|move|p2b: Tinkaton|Feint|p1a: Volcarona|[miss]\n|-miss|p2b: Tinkaton|p1a: Volcarona\n|move|p1b: Grimmsnarl|Parting Shot|p2a: Pelipper\n|-unboost|p2a: Pelipper|atk|1\n|-unboost|p2a: Pelipper|spa|1\n|\n|t:|1683559390\n|switch|p1b: Iron Hands|Iron Hands, L50|100\/100|[from] Parting Shot\n|move|p2a: Pelipper|Hurricane|p1a: Volcarona\n|-activate|p1a: Volcarona|move: Protect\n|\n|-weather|RainDance|[upkeep]\n|upkeep\n|turn|2\n|\n|t:|1683559428\n|switch|p1a: Salamence|Salamence, L50, M, shiny|100\/100\n|-ability|p1a: Salamence|Intimidate|boost\n|-unboost|p2a: Pelipper|atk|1\n|-unboost|p2b: Tinkaton|atk|1\n|-terastallize|p1b: Iron Hands|Flying\n|move|p2a: Pelipper|Protect|p2a: Pelipper\n|-singleturn|p2a: Pelipper|Protect\n|move|p1b: Iron Hands|Fake Out|p2a: Pelipper\n|-activate|p2a: Pelipper|move: Protect\n|move|p2b: Tinkaton|Thunder Wave|p1a: Salamence\n|-status|p1a: Salamence|par\n|\n|-weather|RainDance|[upkeep]\n|upkeep\n|turn|3\n|\n|t:|1683559452\n|switch|p2a: Lucario|Lucario, L50, F|100\/100\n|move|p2b: Tinkaton|Thunder Wave|p1b: Iron Hands\n|-status|p1b: Iron Hands|par\n|move|p1a: Salamence|Tailwind|p1a: Salamence\n|-sidestart|p1: bgcfranky|move: Tailwind\n|move|p1b: Iron Hands|Thunder Punch|p2a: Lucario\n|-damage|p2a: Lucario|34\/100\n|\n|-weather|RainDance|[upkeep]\n|upkeep\n|turn|4\n|\n|t:|1683559473\n|move|p2a: Lucario|Bullet Punch|p1b: Iron Hands\n|-damage|p1b: Iron Hands|90\/100 par\n|move|p2b: Tinkaton|Gigaton Hammer|p1b: Iron Hands\n|-damage|p1b: Iron Hands|70\/100 par\n|cant|p1a: Salamence|par\n|cant|p1b: Iron Hands|par\n|\n|-weather|RainDance|[upkeep]\n|upkeep\n|turn|5\n|\n|t:|1683559497\n|switch|p1a: Volcarona|Volcarona, L50, M|100\/100\n|move|p2b: Tinkaton|Feint|p1b: Iron Hands\n|-damage|p1b: Iron Hands|68\/100 par\n|move|p2a: Lucario|Drain Punch|p1b: Iron Hands\n|-resisted|p1b: Iron Hands\n|-damage|p1b: Iron Hands|60\/100 par\n|-heal|p2a: Lucario|42\/100|[from] drain|[of] p1b: Iron Hands\n|move|p1b: Iron Hands|Drain Punch|p2b: Tinkaton\n|-crit|p2b: Tinkaton\n|-damage|p2b: Tinkaton|39\/100\n|-heal|p1b: Iron Hands|82\/100 par|[from] drain|[of] p2b: Tinkaton\n|\n|-weather|none\n|upkeep\n|turn|6\n|\n|t:|1683559521\n|move|p2a: Lucario|Bullet Punch|p1b: Iron Hands\n|-damage|p1b: Iron Hands|72\/100 par\n|move|p1a: Volcarona|Quiver Dance|p1a: Volcarona\n|-boost|p1a: Volcarona|spa|1\n|-boost|p1a: Volcarona|spd|1\n|-boost|p1a: Volcarona|spe|1\n|move|p2b: Tinkaton|Thunder Wave|p1a: Volcarona|[miss]\n|-miss|p2b: Tinkaton|p1a: Volcarona\n|cant|p1b: Iron Hands|par\n|\n|-sideend|p1: bgcfranky|move: Tailwind\n|upkeep\n|turn|7\n|\n|t:|1683559554\n|switch|p2a: Pelipper|Pelipper, L50, F|100\/100\n|-weather|RainDance|[from] ability: Drizzle|[of] p2a: Pelipper\n|move|p1a: Volcarona|Protect|p1a: Volcarona\n|-singleturn|p1a: Volcarona|Protect\n|move|p2b: Tinkaton|Thunder Wave|p1a: Volcarona\n|-activate|p1a: Volcarona|move: Protect\n|move|p1b: Iron Hands|Thunder Punch|p2a: Pelipper\n|-supereffective|p2a: Pelipper\n|-crit|p2a: Pelipper\n|-enditem|p2a: Pelipper|Wacan Berry|[eat]\n|-enditem|p2a: Pelipper|Wacan Berry|[weaken]\n|-damage|p2a: Pelipper|9\/100\n|\n|-weather|RainDance|[upkeep]\n|upkeep\n|turn|8\n|\n|t:|1683559587\n|switch|p1a: Grimmsnarl|Grimmsnarl, L50, M, shiny|100\/100\n|move|p2b: Tinkaton|Thunder Wave|p1a: Grimmsnarl\n|-status|p1a: Grimmsnarl|par\n|move|p2a: Pelipper|Hurricane|p1a: Grimmsnarl\n|-damage|p1a: Grimmsnarl|70\/100 par\n|move|p1b: Iron Hands|Drain Punch|p2b: Tinkaton\n|-damage|p2b: Tinkaton|0 fnt\n|-heal|p1b: Iron Hands|86\/100 par|[from] drain|[of] p2b: Tinkaton\n|faint|p2b: Tinkaton\n|\n|-weather|RainDance|[upkeep]\n|upkeep\n|\n|t:|1683559602\n|switch|p2b: Electrode|Electrode, L50, shiny|100\/100\n|turn|9\n|\n|t:|1683559618\n|move|p1a: Grimmsnarl|Fake Out|p2b: Electrode\n|-damage|p2b: Electrode|80\/100\n|cant|p2b: Electrode|flinch\n|move|p2a: Pelipper|Tailwind|p2a: Pelipper\n|-sidestart|p2: WilsonPilson|move: Tailwind\n|move|p1b: Iron Hands|Drain Punch|p2a: Pelipper\n|-resisted|p2a: Pelipper\n|-damage|p2a: Pelipper|0 fnt\n|-heal|p1b: Iron Hands|89\/100 par|[from] drain|[of] p2a: Pelipper\n|faint|p2a: Pelipper\n|\n|-weather|RainDance|[upkeep]\n|upkeep\n|\n|t:|1683559626\n|switch|p2a: Lucario|Lucario, L50, F|42\/100\n|turn|10\n|\n|t:|1683559636\n|-end|p1b: Iron Hands|Quark Drive|[silent]\n|switch|p1b: Salamence|Salamence, L50, M, shiny|100\/100 par\n|-ability|p1b: Salamence|Intimidate|boost\n|-fail|p2a: Lucario|unboost|Attack|[from] ability: Inner Focus|[of] p2a: Lucario\n|-unboost|p2b: Electrode|atk|1\n|move|p2a: Lucario|Bullet Punch|p1a: Grimmsnarl\n|-supereffective|p1a: Grimmsnarl\n|-damage|p1a: Grimmsnarl|41\/100 par\n|move|p1a: Grimmsnarl|Parting Shot|p2b: Electrode\n|-unboost|p2b: Electrode|atk|1\n|-unboost|p2b: Electrode|spa|1\n|\n|t:|1683559647\n|switch|p1a: Iron Hands|Iron Hands, L50, tera:Flying|89\/100 par|[from] Parting Shot\n|move|p2b: Electrode|Thunder|p1b: Salamence\n|-damage|p1b: Salamence|73\/100 par\n|-damage|p2b: Electrode|71\/100|[from] item: Life Orb\n|\n|-weather|RainDance|[upkeep]\n|upkeep\n|turn|11\n|\n|t:|1683559662\n|-terastallize|p2b: Electrode|Normal\n|cant|p1a: Iron Hands|par\n|move|p2b: Electrode|Explosion|p1a: Iron Hands|[spread] p2a,p1a,p1b\n|-resisted|p2a: Lucario\n|-damage|p2a: Lucario|5\/100\n|-damage|p1a: Iron Hands|63\/100 par\n|-damage|p1b: Salamence|32\/100 par\n|faint|p2b: Electrode\n|move|p2a: Lucario|Drain Punch|p1a: Iron Hands\n|-resisted|p1a: Iron Hands\n|-damage|p1a: Iron Hands|53\/100 par\n|-heal|p2a: Lucario|14\/100|[from] drain|[of] p1a: Iron Hands\n|move|p1b: Salamence|Draco Meteor|p2a: Lucario|[miss]\n|-miss|p1b: Salamence|p2a: Lucario\n|\n|-weather|none\n|upkeep\n|turn|12\n|\n|t:|1683559683\n|move|p2a: Lucario|Tera Blast|p1b: Salamence\n|-damage|p1b: Salamence|6\/100 par\n|move|p1b: Salamence|Draco Meteor|p2a: Lucario\n|-resisted|p2a: Lucario\n|-damage|p2a: Lucario|0 fnt\n|-unboost|p1b: Salamence|spa|2\n|faint|p2a: Lucario\n|-damage|p1b: Salamence|0 fnt|[from] item: Life Orb\n|faint|p1b: Salamence\n|\n|win|bgcfranky\n|raw|bgcfranky's rating: 1122 → 1142<\/strong> (+20 for winning)\n|raw|WilsonPilson's rating: 1047 → 1034<\/strong> (-13 for losing)\n|l|\u2606WilsonPilson\n","uploadtime":1683559698,"views":12,"p1id":"bgcfranky","p2id":"wilsonpilson","formatid":"gen9vgc2023regulationc","rating":1034,"private":0,"password":""}