{"id":"gen9vgc2023regulationc-1853220031","p1":"zhz2021","p2":"anchelados","format":"[Gen 9] VGC 2023 Regulation C","log":"|j|\u2606zhz2021\n|j|\u2606anchelados\n|t:|1682650373\n|gametype|doubles\n|player|p1|zhz2021|marley|1640\n|player|p2|anchelados|preschooler|1552\n|teamsize|p1|6\n|teamsize|p2|6\n|gen|9\n|tier|[Gen 9] VGC 2023 Regulation C\n|rated|\n|rule|Species Clause: Limit one of each Pok\u00e9mon\n|rule|Item Clause: Limit one of each item\n|clearpoke\n|poke|p1|Roaring Moon, L50|\n|poke|p1|Brambleghast, L50, M|\n|poke|p1|Iron Hands, L50|\n|poke|p1|Maushold-Four, L50|\n|poke|p1|Flutter Mane, L50|\n|poke|p1|Chi-Yu, L50|\n|poke|p2|Iron Treads, L50|\n|poke|p2|Glimmora, L50, M|\n|poke|p2|Dragonite, L50, M|\n|poke|p2|Chien-Pao, L50|\n|poke|p2|Arcanine, L50, M|\n|poke|p2|Rotom-Wash, L50|\n|teampreview|4\n|inactive|Battle timer is ON: inactive players will automatically lose when time's up. (requested by zhz2021)\n|\n|t:|1682650414\n|start\n|switch|p1a: \u9b3c\u6708|Roaring Moon, L50|100\/100\n|switch|p1b: \u5929\u9053|Chi-Yu, L50|100\/100\n|switch|p2a: Glimmora|Glimmora, L50, M|100\/100\n|switch|p2b: Dragonite|Dragonite, L50, M|100\/100\n|-ability|p1b: \u5929\u9053|Beads of Ruin\n|-enditem|p1a: \u9b3c\u6708|Booster Energy\n|-activate|p1a: \u9b3c\u6708|ability: Protosynthesis|[fromitem]\n|-start|p1a: \u9b3c\u6708|protosynthesisspe\n|turn|1\n|\n|t:|1682650430\n|-terastallize|p1a: \u9b3c\u6708|Ghost\n|-terastallize|p2b: Dragonite|Flying\n|move|p1a: \u9b3c\u6708|Tailwind|p1a: \u9b3c\u6708\n|-sidestart|p1: zhz2021|move: Tailwind\n|move|p1b: \u5929\u9053|Heat Wave|p2b: Dragonite|[spread] p2a\n|-miss|p1b: \u5929\u9053|p2b: Dragonite\n|-resisted|p2a: Glimmora\n|-damage|p2a: Glimmora|74\/100\n|-damage|p1b: \u5929\u9053|91\/100|[from] item: Life Orb\n|move|p2a: Glimmora|Mortal Spin|p1b: \u5929\u9053|[spread] p1a,p1b\n|-resisted|p1a: \u9b3c\u6708\n|-damage|p1a: \u9b3c\u6708|98\/100\n|-damage|p1b: \u5929\u9053|86\/100\n|-status|p1a: \u9b3c\u6708|psn\n|-status|p1b: \u5929\u9053|psn\n|move|p2b: Dragonite|Tera Blast|p1a: \u9b3c\u6708\n|-damage|p1a: \u9b3c\u6708|13\/100 psn\n|\n|-damage|p1a: \u9b3c\u6708|1\/100 psn|[from] psn\n|-damage|p1b: \u5929\u9053|74\/100 psn|[from] psn\n|upkeep\n|turn|2\n|j| MidianVGC\n|\n|t:|1682650450\n|move|p2b: Dragonite|Protect|p2b: Dragonite\n|-singleturn|p2b: Dragonite|Protect\n|move|p1a: \u9b3c\u6708|Acrobatics|p2b: Dragonite\n|-activate|p2b: Dragonite|move: Protect\n|move|p1b: \u5929\u9053|Dark Pulse|p2a: Glimmora\n|-damage|p2a: Glimmora|13\/100\n|-damage|p1b: \u5929\u9053|65\/100 psn|[from] item: Life Orb\n|move|p2a: Glimmora|Power Gem|p1b: \u5929\u9053\n|-supereffective|p1b: \u5929\u9053\n|-damage|p1b: \u5929\u9053|0 fnt\n|faint|p1b: \u5929\u9053\n|\n|-damage|p1a: \u9b3c\u6708|0 fnt|[from] psn\n|faint|p1a: \u9b3c\u6708\n|-end|p1a: \u9b3c\u6708|Protosynthesis|[silent]\n|upkeep\n|\n|t:|1682650456\n|switch|p1a: \u91d1\u521a|Iron Hands, L50|100\/100\n|switch|p1b: \u4e9a\u68a6|Flutter Mane, L50|100\/100\n|turn|3\n|\n|t:|1682650466\n|switch|p2b: Arcanine|Arcanine, L50, M|100\/100\n|-ability|p2b: Arcanine|Intimidate|boost\n|-unboost|p1a: \u91d1\u521a|atk|1\n|-unboost|p1b: \u4e9a\u68a6|atk|1\n|move|p1b: \u4e9a\u68a6|Dazzling Gleam|p2b: Arcanine|[spread] p2a,p2b\n|-resisted|p2a: Glimmora\n|-resisted|p2b: Arcanine\n|-damage|p2a: Glimmora|2\/100\n|-damage|p2b: Arcanine|86\/100\n|move|p1a: \u91d1\u521a|Wild Charge|p2b: Arcanine\n|-crit|p2b: Arcanine\n|-damage|p2b: Arcanine|13\/100\n|-damage|p1a: \u91d1\u521a|87\/100|[from] Recoil\n|move|p2a: Glimmora|Mortal Spin|p1b: \u4e9a\u68a6|[spread] p1a,p1b\n|-damage|p1a: \u91d1\u521a|84\/100\n|-damage|p1b: \u4e9a\u68a6|91\/100\n|-status|p1a: \u91d1\u521a|psn\n|-status|p1b: \u4e9a\u68a6|psn\n|\n|-damage|p1b: \u4e9a\u68a6|79\/100 psn|[from] psn\n|-damage|p1a: \u91d1\u521a|72\/100 psn|[from] psn\n|upkeep\n|turn|4\n|\n|t:|1682650482\n|move|p2b: Arcanine|Extreme Speed|p1a: \u91d1\u521a\n|-damage|p1a: \u91d1\u521a|59\/100 psn\n|move|p1b: \u4e9a\u68a6|Dazzling Gleam|p2b: Arcanine|[spread] p2a,p2b\n|-resisted|p2a: Glimmora\n|-resisted|p2b: Arcanine\n|-damage|p2a: Glimmora|0 fnt\n|-damage|p2b: Arcanine|0 fnt\n|faint|p2a: Glimmora\n|faint|p2b: Arcanine\n|move|p1a: \u91d1\u521a|Wild Charge|p2: Glimmora|[notarget]\n|-fail|p1a: \u91d1\u521a\n|\n|-damage|p1b: \u4e9a\u68a6|67\/100 psn|[from] psn\n|-damage|p1a: \u91d1\u521a|46\/100 psn|[from] psn\n|-sideend|p1: zhz2021|move: Tailwind\n|upkeep\n|\n|t:|1682650490\n|switch|p2a: Iron Treads|Iron Treads, L50|100\/100\n|switch|p2b: Dragonite|Dragonite, L50, M, tera:Flying|100\/100\n|-enditem|p2a: Iron Treads|Booster Energy\n|-activate|p2a: Iron Treads|ability: Quark Drive|[fromitem]\n|-start|p2a: Iron Treads|quarkdrivespe\n|turn|5\n|j| Uahhhh\n|\n|t:|1682650495\n|move|p2a: Iron Treads|Earthquake|p1b: \u4e9a\u68a6|[spread] p1a,p1b\n|-immune|p2b: Dragonite\n|-supereffective|p1a: \u91d1\u521a\n|-damage|p1a: \u91d1\u521a|0 fnt\n|-damage|p1b: \u4e9a\u68a6|0 fnt\n|faint|p1a: \u91d1\u521a\n|-end|p1a: \u91d1\u521a|Quark Drive|[silent]\n|faint|p1b: \u4e9a\u68a6\n|-end|p1b: \u4e9a\u68a6|Protosynthesis|[silent]\n|\n|win|anchelados\n|raw|zhz2021's rating: 1640 → 1615<\/strong> (-25 for losing)\n|raw|anchelados's rating: 1552 → 1577<\/strong> (+25 for winning)\n|l|\u2606zhz2021\n|l| Uahhhh\n|l|\u2606anchelados\n","uploadtime":1682650511,"views":7,"p1id":"zhz2021","p2id":"anchelados","formatid":"gen9vgc2023regulationc","rating":1577,"private":0,"password":""}