{"id":"gen9vgc2023regulationc-1864161310","p1":"Pharitto","p2":"revocolombia","format":"[Gen 9] VGC 2023 Regulation C","log":"|j|\u2606Pharitto\n|j|\u2606revocolombia\n|t:|1684127469\n|gametype|doubles\n|player|p1|Pharitto|265|1460\n|player|p2|revocolombia|pokemonranger-gen4|1437\n|teamsize|p1|6\n|teamsize|p2|6\n|gen|9\n|tier|[Gen 9] VGC 2023 Regulation C\n|rated|\n|rule|Species Clause: Limit one of each Pok\u00e9mon\n|rule|Item Clause: Limit one of each item\n|clearpoke\n|poke|p1|Chi-Yu, L50|\n|poke|p1|Iron Bundle, L50|\n|poke|p1|Dragonite, L50, M|\n|poke|p1|Iron Hands, L50|\n|poke|p1|Gyarados, L50, M|\n|poke|p1|Amoonguss, L50, F|\n|poke|p2|Flutter Mane, L50|\n|poke|p2|Annihilape, L50, M|\n|poke|p2|Dragonite, L50, M|\n|poke|p2|Chien-Pao, L50|\n|poke|p2|Murkrow, L50, F|\n|poke|p2|Gholdengo, L50|\n|teampreview|4\n|inactive|Battle timer is ON: inactive players will automatically lose when time's up. (requested by Pharitto)\n|j| grain cookie\n|\n|t:|1684127497\n|start\n|switch|p1a: Chi-Yu|Chi-Yu, L50|100\/100\n|switch|p1b: Iron Hands|Iron Hands, L50, shiny|100\/100\n|switch|p2a: Annihilape|Annihilape, L50, M, shiny|100\/100\n|switch|p2b: Murkrow|Murkrow, L50, F|100\/100\n|-ability|p1a: Chi-Yu|Beads of Ruin\n|turn|1\n|j| Braindeadmeta\n|\n|t:|1684127521\n|switch|p2b: Flutter Mane|Flutter Mane, L50|100\/100\n|-enditem|p2b: Flutter Mane|Booster Energy\n|-activate|p2b: Flutter Mane|ability: Protosynthesis|[fromitem]\n|-start|p2b: Flutter Mane|protosynthesisspe\n|-terastallize|p2a: Annihilape|Fire\n|move|p1b: Iron Hands|Fake Out|p2b: Flutter Mane\n|-immune|p2b: Flutter Mane\n|move|p1a: Chi-Yu|Nasty Plot|p1a: Chi-Yu\n|-boost|p1a: Chi-Yu|spa|2\n|move|p2a: Annihilape|Bulk Up|p2a: Annihilape\n|-boost|p2a: Annihilape|atk|1\n|-boost|p2a: Annihilape|def|1\n|\n|upkeep\n|turn|2\n|\n|t:|1684127542\n|-end|p1b: Iron Hands|Quark Drive|[silent]\n|switch|p1b: Amogus|Amoonguss, L50, F|100\/100\n|move|p1a: Chi-Yu|Protect|p1a: Chi-Yu\n|-singleturn|p1a: Chi-Yu|Protect\n|move|p2b: Flutter Mane|Dazzling Gleam|p1b: Amogus|[spread] p1b\n|-activate|p1a: Chi-Yu|move: Protect\n|-resisted|p1b: Amogus\n|-damage|p1b: Amogus|82\/100\n|move|p2a: Annihilape|Rage Fist|p1a: Chi-Yu\n|-activate|p1a: Chi-Yu|move: Protect\n|\n|upkeep\n|turn|3\n|\n|t:|1684127560\n|move|p1b: Amogus|Rage Powder|p1b: Amogus\n|-singleturn|p1b: Amogus|move: Rage Powder\n|move|p2b: Flutter Mane|Shadow Ball|p1b: Amogus\n|-damage|p1b: Amogus|34\/100\n|-enditem|p1b: Amogus|Sitrus Berry|[eat]\n|-heal|p1b: Amogus|59\/100|[from] item: Sitrus Berry\n|move|p1a: Chi-Yu|Dark Pulse|p2b: Flutter Mane\n|-damage|p2b: Flutter Mane|0 fnt\n|faint|p2b: Flutter Mane\n|-end|p2b: Flutter Mane|Protosynthesis|[silent]\n|move|p2a: Annihilape|Rage Fist|p1b: Amogus\n|-damage|p1b: Amogus|28\/100\n|\n|upkeep\n|\n|t:|1684127576\n|switch|p2b: Murkrow|Murkrow, L50, F|100\/100\n|turn|4\n|\n|t:|1684127588\n|move|p2a: Annihilape|Protect|p2a: Annihilape\n|-singleturn|p2a: Annihilape|Protect\n|move|p1b: Amogus|Rage Powder|p1b: Amogus\n|-singleturn|p1b: Amogus|move: Rage Powder\n|move|p2b: Murkrow|Haze|p2b: Murkrow\n|-clearallboost\n|move|p1a: Chi-Yu|Dark Pulse|p2a: Annihilape\n|-activate|p2a: Annihilape|move: Protect\n|\n|upkeep\n|turn|5\n|\n|t:|1684127608\n|switch|p1b: Iron Hands|Iron Hands, L50, shiny|100\/100\n|move|p2b: Murkrow|Tailwind|p2b: Murkrow\n|-sidestart|p2: revocolombia|move: Tailwind\n|move|p2a: Annihilape|Bulk Up|p2a: Annihilape\n|-boost|p2a: Annihilape|atk|1\n|-boost|p2a: Annihilape|def|1\n|move|p1a: Chi-Yu|Dark Pulse|p2a: Annihilape\n|-damage|p2a: Annihilape|53\/100\n|\n|-heal|p2a: Annihilape|59\/100|[from] item: Leftovers\n|upkeep\n|turn|6\n|\n|t:|1684127632\n|move|p2a: Annihilape|Protect|p2a: Annihilape\n|-singleturn|p2a: Annihilape|Protect\n|move|p1b: Iron Hands|Fake Out|p2a: Annihilape\n|-activate|p2a: Annihilape|move: Protect\n|move|p2b: Murkrow|Foul Play|p1a: Chi-Yu\n|-resisted|p1a: Chi-Yu\n|-damage|p1a: Chi-Yu|89\/100\n|move|p1a: Chi-Yu|Dark Pulse|p2a: Annihilape\n|-activate|p2a: Annihilape|move: Protect\n|\n|-heal|p2a: Annihilape|65\/100|[from] item: Leftovers\n|-heal|p1a: Chi-Yu|95\/100|[from] item: Leftovers\n|upkeep\n|turn|7\n|\n|t:|1684127651\n|switch|p2b: Chien-Pao|Chien-Pao, L50|100\/100\n|-ability|p2b: Chien-Pao|Sword of Ruin\n|move|p1a: Chi-Yu|Protect|p1a: Chi-Yu\n|-singleturn|p1a: Chi-Yu|Protect\n|move|p2a: Annihilape|Drain Punch|p1a: Chi-Yu\n|-activate|p1a: Chi-Yu|move: Protect\n|move|p1b: Iron Hands|Volt Switch|p2b: Chien-Pao\n|-damage|p2b: Chien-Pao|77\/100\n|\n|t:|1684127654\n|-end|p1b: Iron Hands|Quark Drive|[silent]\n|switch|p1b: Amogus|Amoonguss, L50, F|61\/100|[from] Volt Switch\n|\n|-heal|p2a: Annihilape|72\/100|[from] item: Leftovers\n|-heal|p1a: Chi-Yu|100\/100|[from] item: Leftovers\n|upkeep\n|turn|8\n|\n|t:|1684127677\n|move|p1b: Amogus|Rage Powder|p1b: Amogus\n|-singleturn|p1b: Amogus|move: Rage Powder\n|move|p2b: Chien-Pao|Ice Spinner|p1b: Amogus\n|-supereffective|p1b: Amogus\n|-damage|p1b: Amogus|0 fnt\n|faint|p1b: Amogus\n|move|p2a: Annihilape|Rage Fist|p1a: Chi-Yu\n|-resisted|p1a: Chi-Yu\n|-damage|p1a: Chi-Yu|51\/100\n|move|p1a: Chi-Yu|Dark Pulse|p2a: Annihilape\n|-damage|p2a: Annihilape|26\/100\n|\n|-heal|p2a: Annihilape|33\/100|[from] item: Leftovers\n|-heal|p1a: Chi-Yu|57\/100|[from] item: Leftovers\n|-sideend|p2: revocolombia|move: Tailwind\n|upkeep\n|\n|t:|1684127680\n|switch|p1b: Dragonite|Dragonite, L50, M, shiny|100\/100\n|turn|9\n|\n|t:|1684127698\n|switch|p1a: Iron Hands|Iron Hands, L50, shiny|100\/100\n|-terastallize|p1b: Dragonite|Normal\n|move|p2a: Annihilape|Protect|p2a: Annihilape\n|-singleturn|p2a: Annihilape|Protect\n|move|p1b: Dragonite|Extreme Speed|p2a: Annihilape\n|-activate|p2a: Annihilape|move: Protect\n|move|p2b: Chien-Pao|Sacred Sword|p1a: Iron Hands\n|-damage|p1a: Iron Hands|73\/100\n|\n|-heal|p2a: Annihilape|39\/100|[from] item: Leftovers\n|upkeep\n|turn|10\n|\n|t:|1684127721\n|switch|p2a: Murkrow|Murkrow, L50, F|100\/100\n|move|p1a: Iron Hands|Fake Out|p2b: Chien-Pao\n|-damage|p2b: Chien-Pao|57\/100\n|move|p1b: Dragonite|Extreme Speed|p2a: Murkrow\n|-damage|p2a: Murkrow|9\/100\n|cant|p2b: Chien-Pao|flinch\n|\n|upkeep\n|turn|11\n|\n|t:|1684127736\n|move|p1b: Dragonite|Extreme Speed|p2b: Chien-Pao\n|-damage|p2b: Chien-Pao|0 fnt\n|faint|p2b: Chien-Pao\n|move|p2a: Murkrow|Tailwind|p2a: Murkrow\n|-sidestart|p2: revocolombia|move: Tailwind\n|move|p1a: Iron Hands|Volt Switch|p2a: Murkrow\n|-supereffective|p2a: Murkrow\n|-crit|p2a: Murkrow\n|-damage|p2a: Murkrow|0 fnt\n|faint|p2a: Murkrow\n|\n|t:|1684127738\n|-end|p1a: Iron Hands|Quark Drive|[silent]\n|switch|p1a: Chi-Yu|Chi-Yu, L50|57\/100|[from] Volt Switch\n|-ability|p1a: Chi-Yu|Beads of Ruin\n|\n|-heal|p1a: Chi-Yu|63\/100|[from] item: Leftovers\n|upkeep\n|l| Braindeadmeta\n|\n|t:|1684127755\n|switch|p2b: Annihilape|Annihilape, L50, M, shiny, tera:Fire|39\/100\n|turn|12\n|\n|t:|1684127759\n|move|p1b: Dragonite|Extreme Speed|p2b: Annihilape\n|-damage|p2b: Annihilape|0 fnt\n|faint|p2b: Annihilape\n|\n|win|Pharitto\n|raw|Pharitto's rating: 1460 → 1479<\/strong> (+19 for winning)\n|raw|revocolombia's rating: 1437 → 1418<\/strong> (-19 for losing)\n","uploadtime":1684127768,"views":6,"p1id":"pharitto","p2id":"revocolombia","formatid":"gen9vgc2023regulationc","rating":1418,"private":0,"password":""}