{"id":"gen9vgc2023regulationc-1861373125","p1":"marcoestamos","p2":"RazorSquid","format":"[Gen 9] VGC 2023 Regulation C","log":"|j|\u2606marcoestamos\n|j|\u2606RazorSquid\n|t:|1683750735\n|gametype|doubles\n|player|p1|marcoestamos|cynthia|1174\n|player|p2|RazorSquid|roughneck-gen4|1134\n|teamsize|p1|6\n|teamsize|p2|6\n|gen|9\n|tier|[Gen 9] VGC 2023 Regulation C\n|rated|\n|rule|Species Clause: Limit one of each Pok\u00e9mon\n|rule|Item Clause: Limit one of each item\n|clearpoke\n|poke|p1|Haxorus, L50, M|\n|poke|p1|Frosmoth, L50, F|\n|poke|p1|Flutter Mane, L50|\n|poke|p1|Great Tusk, L50|\n|poke|p1|Brambleghast, L50, M|\n|poke|p1|Kilowattrel, L50, M|\n|poke|p2|Muk, L50, M|\n|poke|p2|Tyranitar, L50, M|\n|poke|p2|Lycanroc, L50, F|\n|poke|p2|Flutter Mane, L50|\n|poke|p2|Amoonguss, L50, F|\n|poke|p2|Gyarados, L50, M|\n|teampreview|4\n|inactive|Battle timer is ON: inactive players will automatically lose when time's up. (requested by RazorSquid)\n|\n|t:|1683750764\n|start\n|switch|p1a: Great Tusk|Great Tusk, L50|100\/100\n|switch|p1b: Kilowattrel|Kilowattrel, L50, M|100\/100\n|switch|p2a: Flutter Mane|Flutter Mane, L50|100\/100\n|switch|p2b: Amoonguss|Amoonguss, L50, F|100\/100\n|turn|1\n|\n|t:|1683750785\n|-terastallize|p2a: Flutter Mane|Fairy\n|move|p2b: Amoonguss|Rage Powder|p2b: Amoonguss\n|-singleturn|p2b: Amoonguss|move: Rage Powder\n|move|p2a: Flutter Mane|Dazzling Gleam|p1a: Great Tusk|[spread] p1a,p1b\n|-supereffective|p1a: Great Tusk\n|-damage|p1a: Great Tusk|5\/100\n|-enditem|p1b: Kilowattrel|Focus Sash\n|-damage|p1b: Kilowattrel|1\/100\n|move|p1b: Kilowattrel|Discharge|p2a: Flutter Mane|[spread] p2a,p2b\n|-immune|p1a: Great Tusk\n|-resisted|p2b: Amoonguss\n|-damage|p2a: Flutter Mane|71\/100\n|-damage|p2b: Amoonguss|90\/100\n|move|p1a: Great Tusk|Earthquake|p2a: Flutter Mane|[spread] p2a,p2b\n|-immune|p1b: Kilowattrel\n|-damage|p2a: Flutter Mane|3\/100\n|-damage|p2b: Amoonguss|53\/100\n|\n|upkeep\n|turn|2\n|\n|t:|1683750800\n|move|p2a: Flutter Mane|Dazzling Gleam|p1a: Great Tusk|[spread] p1a,p1b\n|-supereffective|p1a: Great Tusk\n|-damage|p1a: Great Tusk|0 fnt\n|-damage|p1b: Kilowattrel|0 fnt\n|faint|p1a: Great Tusk\n|-end|p1a: Great Tusk|Protosynthesis|[silent]\n|faint|p1b: Kilowattrel\n|move|p2b: Amoonguss|Pollen Puff|p2a: Flutter Mane\n|-heal|p2a: Flutter Mane|52\/100\n|\n|upkeep\n|inactive|marcoestamos has 30 seconds left.\n|inactive|marcoestamos has 20 seconds left.\n|\n|t:|1683750839\n|switch|p1b: Haxorus|Haxorus, L50, M|100\/100\n|switch|p1a: Flutter Mane|Flutter Mane, L50|100\/100\n|-ability|p1b: Haxorus|Mold Breaker\n|turn|3\n|\n|t:|1683750851\n|switch|p2b: Gyarados|Gyarados, L50, M, shiny|100\/100\n|-ability|p2b: Gyarados|Intimidate|boost\n|-unboost|p1a: Flutter Mane|atk|1\n|-unboost|p1b: Haxorus|atk|1\n|-terastallize|p1a: Flutter Mane|Ghost\n|move|p1b: Haxorus|First Impression|p2b: Gyarados\n|-resisted|p2b: Gyarados\n|-damage|p2b: Gyarados|88\/100\n|move|p1a: Flutter Mane|Shadow Ball|p2a: Flutter Mane\n|-damage|p2a: Flutter Mane|0 fnt\n|faint|p2a: Flutter Mane\n|-end|p2a: Flutter Mane|Protosynthesis|[silent]\n|\n|upkeep\n|\n|t:|1683750864\n|switch|p2a: Amoonguss|Amoonguss, L50, F|87\/100\n|turn|4\n|inactive|marcoestamos has 30 seconds left.\n|inactive|marcoestamos has 20 seconds left.\n|\n|t:|1683750902\n|move|p1a: Flutter Mane|Shadow Ball|p2b: Gyarados\n|-damage|p2b: Gyarados|10\/100\n|move|p1b: Haxorus|Dragon Dance|p1b: Haxorus\n|-boost|p1b: Haxorus|atk|1\n|-boost|p1b: Haxorus|spe|1\n|move|p2b: Gyarados|Waterfall|p1a: Flutter Mane\n|-damage|p1a: Flutter Mane|6\/100\n|move|p2a: Amoonguss|Spore|p1b: Haxorus\n|-status|p1b: Haxorus|slp|[from] move: Spore\n|\n|upkeep\n|turn|5\n|\n|t:|1683750912\n|move|p1a: Flutter Mane|Shadow Ball|p2b: Gyarados\n|-damage|p2b: Gyarados|0 fnt\n|faint|p2b: Gyarados\n|cant|p1b: Haxorus|slp\n|move|p2a: Amoonguss|Pollen Puff|p1a: Flutter Mane\n|-resisted|p1a: Flutter Mane\n|-damage|p1a: Flutter Mane|0 fnt\n|faint|p1a: Flutter Mane\n|-end|p1a: Flutter Mane|Protosynthesis|[silent]\n|\n|upkeep\n|\n|t:|1683750917\n|switch|p2b: Muk|Muk, L50, M, shiny|100\/100\n|turn|6\n|\n|t:|1683750941\n|move|p2a: Amoonguss|Rage Powder|p2a: Amoonguss\n|-singleturn|p2a: Amoonguss|move: Rage Powder\n|cant|p1b: Haxorus|slp\n|move|p2b: Muk|Gunk Shot|p1b: Haxorus|[miss]\n|-miss|p2b: Muk|p1b: Haxorus\n|\n|upkeep\n|turn|7\n|\n|t:|1683750951\n|move|p2a: Amoonguss|Rage Powder|p2a: Amoonguss\n|-singleturn|p2a: Amoonguss|move: Rage Powder\n|cant|p1b: Haxorus|slp\n|move|p2b: Muk|Gunk Shot|p1b: Haxorus\n|-damage|p1b: Haxorus|51\/100 slp\n|\n|-heal|p1b: Haxorus|57\/100 slp|[from] item: Leftovers\n|upkeep\n|turn|8\n|\n|t:|1683750965\n|move|p2a: Amoonguss|Rage Powder|p2a: Amoonguss\n|-singleturn|p2a: Amoonguss|move: Rage Powder\n|-curestatus|p1b: Haxorus|slp|[msg]\n|move|p1b: Haxorus|Dragon Dance|p1b: Haxorus\n|-boost|p1b: Haxorus|atk|1\n|-boost|p1b: Haxorus|spe|1\n|move|p2b: Muk|Gunk Shot|p1b: Haxorus\n|-damage|p1b: Haxorus|8\/100\n|-status|p1b: Haxorus|psn\n|\n|-heal|p1b: Haxorus|14\/100 psn|[from] item: Leftovers\n|-damage|p1b: Haxorus|2\/100 psn|[from] psn\n|upkeep\n|turn|9\n|\n|t:|1683750977\n|move|p2a: Amoonguss|Protect|p2a: Amoonguss\n|-singleturn|p2a: Amoonguss|Protect\n|move|p1b: Haxorus|Outrage|p2b: Muk\n|-damage|p2b: Muk|17\/100\n|-enditem|p2b: Muk|Sitrus Berry|[eat]\n|-heal|p2b: Muk|42\/100|[from] item: Sitrus Berry\n|move|p2b: Muk|Haze|p2b: Muk\n|-clearallboost\n|\n|-heal|p1b: Haxorus|8\/100 psn|[from] item: Leftovers\n|-damage|p1b: Haxorus|0 fnt|[from] psn\n|faint|p1b: Haxorus\n|\n|win|RazorSquid\n|upkeep\n|raw|marcoestamos's rating: 1174 → 1146<\/strong> (-28 for losing)\n|raw|RazorSquid's rating: 1134 → 1162<\/strong> (+28 for winning)\n|l|\u2606marcoestamos\n","uploadtime":1683750986,"views":7,"p1id":"marcoestamos","p2id":"razorsquid","formatid":"gen9vgc2023regulationc","rating":1146,"private":0,"password":""}