{"id":"gen9vgc2023regulationc-1853185030","p1":"swordkings2","p2":"Dniygvbn","format":"[Gen 9] VGC 2023 Regulation C","log":"|j|\u2606swordkings2\n|j|\u203dDniygvbn\n|t:|1682645709\n|gametype|doubles\n|player|p1|swordkings2|red|1102\n|player|p2|Dniygvbn|colress|1041\n|teamsize|p1|6\n|teamsize|p2|6\n|gen|9\n|tier|[Gen 9] VGC 2023 Regulation C\n|rated|\n|rule|Species Clause: Limit one of each Pok\u00e9mon\n|rule|Item Clause: Limit one of each item\n|clearpoke\n|poke|p1|Ting-Lu, L50|\n|poke|p1|Flutter Mane, L50|\n|poke|p1|Palafin, L50, F|\n|poke|p1|Gholdengo, L50|\n|poke|p1|Murkrow, L50, F|\n|poke|p1|Maushold, L50|\n|poke|p2|Dragonite, L50, M|\n|poke|p2|Great Tusk, L50|\n|poke|p2|Chien-Pao, L50|\n|poke|p2|Lilligant, L50, F|\n|poke|p2|Torkoal, L50, F|\n|poke|p2|Flutter Mane, L50|\n|teampreview|4\nswordkings2 rejected open team sheets.\n|\n|t:|1682645759\n|start\n|switch|p1a: Flutter Mane|Flutter Mane, L50, shiny|100\/100\n|switch|p1b: Palafin|Palafin, L50, F|100\/100\n|switch|p2a: Lilligant|Lilligant, L50, F|100\/100\n|switch|p2b: Torkoal|Torkoal, L50, F|100\/100\n|-weather|SunnyDay|[from] ability: Drought|[of] p2b: Torkoal\n|-activate|p1a: Flutter Mane|ability: Protosynthesis\n|-start|p1a: Flutter Mane|protosynthesisspe\n|turn|1\n|\n|t:|1682645781\n|detailschange|p1b: Palafin|Palafin-Hero, L50, F\n|switch|p1b: Maushold|Maushold, L50|100\/100\n|move|p2b: Torkoal|Protect|p2b: Torkoal\n|-singleturn|p2b: Torkoal|Protect\n|move|p2a: Lilligant|Sleep Powder|p1a: Flutter Mane|[miss]\n|-miss|p2a: Lilligant|p1a: Flutter Mane\n|move|p1a: Flutter Mane|Icy Wind|p2a: Lilligant|[spread] p2a\n|-activate|p2b: Torkoal|move: Protect\n|-supereffective|p2a: Lilligant\n|-damage|p2a: Lilligant|58\/100\n|-unboost|p2a: Lilligant|spe|1\n|\n|-weather|SunnyDay|[upkeep]\n|upkeep\n|turn|2\n|\n|t:|1682645798\n|-terastallize|p2b: Torkoal|Fire\n|move|p1b: Maushold|Follow Me|p1b: Maushold\n|-singleturn|p1b: Maushold|move: Follow Me\n|move|p1a: Flutter Mane|Icy Wind|p2b: Torkoal|[spread] p2a,p2b\n|-supereffective|p2a: Lilligant\n|-crit|p2a: Lilligant\n|-resisted|p2b: Torkoal\n|-damage|p2a: Lilligant|0 fnt\n|-damage|p2b: Torkoal|90\/100\n|-unboost|p2b: Torkoal|spe|1\n|faint|p2a: Lilligant\n|move|p2b: Torkoal|Eruption|p1a: Flutter Mane|[spread] p1a,p1b\n|-damage|p1a: Flutter Mane|24\/100\n|-damage|p1b: Maushold|0 fnt\n|faint|p1b: Maushold\n|\n|-weather|SunnyDay|[upkeep]\n|upkeep\n|\n|t:|1682645813\n|switch|p2a: Flutter Mane|Flutter Mane, L50|100\/100\n|switch|p1b: Gholdengo|Gholdengo, L50|100\/100\n|-activate|p2a: Flutter Mane|ability: Protosynthesis\n|-start|p2a: Flutter Mane|protosynthesisspa\n|turn|3\n|\n|t:|1682645834\n|move|p1a: Flutter Mane|Protect|p1a: Flutter Mane\n|-singleturn|p1a: Flutter Mane|Protect\n|move|p1b: Gholdengo|Protect|p1b: Gholdengo\n|-singleturn|p1b: Gholdengo|Protect\n|move|p2a: Flutter Mane|Dazzling Gleam|p1b: Gholdengo|[spread] \n|-activate|p1a: Flutter Mane|move: Protect\n|-activate|p1b: Gholdengo|move: Protect\n|move|p2b: Torkoal|Flamethrower|p1b: Gholdengo\n|-activate|p1b: Gholdengo|move: Protect\n|\n|-weather|SunnyDay|[upkeep]\n|upkeep\n|turn|4\n|\n|t:|1682645854\n|-terastallize|p1b: Gholdengo|Steel\n|move|p2b: Torkoal|Protect|p2b: Torkoal\n|-singleturn|p2b: Torkoal|Protect\n|move|p1a: Flutter Mane|Shadow Ball|p2b: Torkoal\n|-activate|p2b: Torkoal|move: Protect\n|move|p2a: Flutter Mane|Dazzling Gleam|p1a: Flutter Mane|[spread] p1a,p1b\n|-resisted|p1b: Gholdengo\n|-damage|p1a: Flutter Mane|0 fnt\n|-damage|p1b: Gholdengo|63\/100\n|faint|p1a: Flutter Mane\n|-end|p1a: Flutter Mane|Protosynthesis|[silent]\n|move|p1b: Gholdengo|Make It Rain|p2b: Torkoal|[spread] p2a\n|-activate|p2b: Torkoal|move: Protect\n|-supereffective|p2a: Flutter Mane\n|-damage|p2a: Flutter Mane|0 fnt\n|-unboost|p1b: Gholdengo|spa|1\n|faint|p2a: Flutter Mane\n|-end|p2a: Flutter Mane|Protosynthesis|[silent]\n|-damage|p1b: Gholdengo|53\/100|[from] item: Life Orb\n|\n|-weather|SunnyDay|[upkeep]\n|upkeep\n|\n|t:|1682645873\n|switch|p1a: Palafin|Palafin-Hero, L50, F|100\/100\n|switch|p2a: Great Tusk|Great Tusk, L50|100\/100\n|-activate|p2a: Great Tusk|ability: Protosynthesis\n|-start|p2a: Great Tusk|protosynthesisatk\n|-activate|p1a: Palafin|ability: Zero to Hero\n|turn|5\n|\n|t:|1682645891\n|move|p1a: Palafin|Protect|p1a: Palafin\n|-singleturn|p1a: Palafin|Protect\n|move|p1b: Gholdengo|Protect|p1b: Gholdengo\n|-singleturn|p1b: Gholdengo|Protect\n|move|p2a: Great Tusk|Headlong Rush|p1a: Palafin\n|-activate|p1a: Palafin|move: Protect\n|move|p2b: Torkoal|Eruption|p1a: Palafin|[spread] \n|-activate|p1a: Palafin|move: Protect\n|-activate|p1b: Gholdengo|move: Protect\n|\n|-weather|none\n|-end|p2a: Great Tusk|Protosynthesis\n|upkeep\n|turn|6\n|\n|t:|1682645916\n|move|p2a: Great Tusk|Headlong Rush|p1a: Palafin\n|-damage|p1a: Palafin|27\/100\n|-unboost|p2a: Great Tusk|def|1\n|-unboost|p2a: Great Tusk|spd|1\n|move|p1a: Palafin|Wave Crash|p2a: Great Tusk\n|-supereffective|p2a: Great Tusk\n|-damage|p2a: Great Tusk|0 fnt\n|faint|p2a: Great Tusk\n|-end|p2a: Great Tusk|Protosynthesis|[silent]\n|-damage|p1a: Palafin|0 fnt|[from] Recoil\n|faint|p1a: Palafin\n|move|p1b: Gholdengo|Nasty Plot|p1b: Gholdengo\n|-boost|p1b: Gholdengo|spa|2\n|move|p2b: Torkoal|Eruption|p1b: Gholdengo\n|-supereffective|p1b: Gholdengo\n|-damage|p1b: Gholdengo|0 fnt\n|faint|p1b: Gholdengo\n|\n|win|Dniygvbn\n|raw|swordkings2's rating: 1102 → 1073<\/strong> (-29 for losing)\n|raw|Dniygvbn's rating: 1041 → 1081<\/strong> (+40 for winning)\n","uploadtime":1682645932,"views":8,"p1id":"swordkings2","p2id":"dniygvbn","formatid":"gen9vgc2023regulationc","rating":1073,"private":0,"password":""}