{"id":"gen9vgc2023regulationc-1846095077","p1":"vasperchu","p2":"tghdfgh","format":"[Gen 9] VGC 2023 Regulation C","log":"|j|\u2606vasperchu\n|j|\u2606tghdfgh\n|t:|1681805372\n|gametype|doubles\n|player|p1|vasperchu|1|1195\n|player|p2|tghdfgh|1|1128\n|teamsize|p1|6\n|teamsize|p2|6\n|gen|9\n|tier|[Gen 9] VGC 2023 Regulation C\n|rated|\n|rule|Species Clause: Limit one of each Pok\u00e9mon\n|rule|Item Clause: Limit one of each item\n|clearpoke\n|poke|p1|Gothitelle, L50, F|\n|poke|p1|Baxcalibur, L50, M|\n|poke|p1|Volcarona, L50, M|\n|poke|p1|Scizor, L50, F|\n|poke|p1|Bellibolt, L50, M|\n|poke|p1|Lucario, L50, M|\n|poke|p2|Torkoal, L50, M|\n|poke|p2|Chi-Yu, L50|\n|poke|p2|Bronzong, L50|\n|poke|p2|Gastrodon, L50, M|\n|poke|p2|Grimmsnarl, L50, M|\n|poke|p2|Skeledirge, L50, M|\n|teampreview|4\n|inactive|Battle timer is ON: inactive players will automatically lose when time's up. (requested by tghdfgh)\n|\n|t:|1681805397\n|start\n|switch|p1a: Gothitelle|Gothitelle, L50, F|100\/100\n|switch|p1b: Volcarona|Volcarona, L50, M|100\/100\n|switch|p2a: Skeledirge|Skeledirge, L50, M|100\/100\n|switch|p2b: Torkoal|Torkoal, L50, M|100\/100\n|-weather|SunnyDay|[from] ability: Drought|[of] p2b: Torkoal\n|turn|1\n|\n|t:|1681805416\n|-terastallize|p1b: Volcarona|Water\n|move|p2b: Torkoal|Protect|p2b: Torkoal\n|-singleturn|p2b: Torkoal|Protect\n|move|p1a: Gothitelle|Fake Out|p2b: Torkoal\n|-activate|p2b: Torkoal|move: Protect\n|move|p1b: Volcarona|Heat Wave|p2b: Torkoal|[spread] \n|-activate|p2b: Torkoal|move: Protect\n|-miss|p1b: Volcarona|p2a: Skeledirge\n|move|p2a: Skeledirge|Torch Song|p1b: Volcarona\n|-resisted|p1b: Volcarona\n|-damage|p1b: Volcarona|72\/100\n|-boost|p2a: Skeledirge|spa|1\n|\n|-weather|SunnyDay|[upkeep]\n|-heal|p1b: Volcarona|79\/100|[from] item: Leftovers\n|upkeep\n|turn|2\n|\n|t:|1681805439\n|switch|p1a: Bellibolt|Bellibolt, L50, M|100\/100\n|move|p1b: Volcarona|Heat Wave|p2b: Torkoal|[spread] p2a\n|-miss|p1b: Volcarona|p2b: Torkoal\n|-resisted|p2a: Skeledirge\n|-damage|p2a: Skeledirge|76\/100\n|move|p2a: Skeledirge|Torch Song|p1b: Volcarona\n|-resisted|p1b: Volcarona\n|-damage|p1b: Volcarona|43\/100\n|-boost|p2a: Skeledirge|spa|1\n|move|p2b: Torkoal|Body Press|p1b: Volcarona\n|-damage|p1b: Volcarona|4\/100\n|-damage|p2b: Torkoal|91\/100|[from] item: Life Orb\n|\n|-weather|SunnyDay|[upkeep]\n|-heal|p1b: Volcarona|10\/100|[from] item: Leftovers\n|-heal|p2a: Skeledirge|82\/100|[from] item: Leftovers\n|upkeep\n|turn|3\n|\n|t:|1681805458\n|switch|p2b: Gastrodon|Gastrodon, L50, M|100\/100\n|move|p1b: Volcarona|Protect|p1b: Volcarona\n|-singleturn|p1b: Volcarona|Protect\n|move|p2a: Skeledirge|Protect|p2a: Skeledirge\n|-singleturn|p2a: Skeledirge|Protect\n|move|p1a: Bellibolt|Muddy Water|p2b: Gastrodon|[spread] \n|-activate|p2a: Skeledirge|move: Protect\n|-ability|p2b: Gastrodon|Storm Drain|boost\n|-boost|p2b: Gastrodon|spa|1\n|\n|-weather|SunnyDay|[upkeep]\n|-heal|p1b: Volcarona|17\/100|[from] item: Leftovers\n|-heal|p2a: Skeledirge|87\/100|[from] item: Leftovers\n|upkeep\n|turn|4\n|\n|t:|1681805480\n|switch|p1b: Gothitelle|Gothitelle, L50, F|100\/100\n|move|p2b: Gastrodon|Protect|p2b: Gastrodon\n|-singleturn|p2b: Gastrodon|Protect\n|move|p2a: Skeledirge|Torch Song|p1b: Gothitelle\n|-damage|p1b: Gothitelle|12\/100\n|-boost|p2a: Skeledirge|spa|1\n|-enditem|p1b: Gothitelle|Figy Berry|[eat]\n|-heal|p1b: Gothitelle|45\/100|[from] item: Figy Berry\n|move|p1a: Bellibolt|Parabolic Charge|p2b: Gastrodon|[spread] p1b,p2a\n|-activate|p2b: Gastrodon|move: Protect\n|-damage|p1b: Gothitelle|31\/100\n|-damage|p2a: Skeledirge|67\/100\n|\n|-weather|SunnyDay|[upkeep]\n|-heal|p2a: Skeledirge|72\/100|[from] item: Leftovers\n|upkeep\n|turn|5\n|\n|t:|1681805503\n|move|p1b: Gothitelle|Fake Out|p2b: Gastrodon\n|-damage|p2b: Gastrodon|93\/100\n|move|p2a: Skeledirge|Torch Song|p1a: Bellibolt\n|-damage|p1a: Bellibolt|6\/100\n|-boost|p2a: Skeledirge|spa|1\n|-start|p1a: Bellibolt|Charge|Torch Song|[from] ability: Electromorphosis\n|move|p2b: Gastrodon|Earth Power|p1b: Gothitelle\n|-damage|p1b: Gothitelle|0 fnt\n|faint|p1b: Gothitelle\n|move|p1a: Bellibolt|Thunderbolt|p2a: Skeledirge\n|-damage|p2a: Skeledirge|0 fnt\n|faint|p2a: Skeledirge\n|-end|p1a: Bellibolt|Charge|[silent]\n|\n|-weather|none\n|upkeep\n|\n|t:|1681805527\n|switch|p2a: Bronzong|Bronzong, L50|100\/100\n|switch|p1b: Volcarona|Volcarona, L50, M, tera:Water|17\/100\n|turn|6\n|inactive|vasperchu has 30 seconds left.\n|\n|t:|1681805560\n|switch|p1a: Baxcalibur|Baxcalibur, L50, M|100\/100\n|-terastallize|p2a: Bronzong|Fighting\n|move|p2b: Gastrodon|Protect|p2b: Gastrodon\n|-singleturn|p2b: Gastrodon|Protect\n|move|p1b: Volcarona|Struggle Bug|p2a: Bronzong|[spread] p2a\n|-activate|p2b: Gastrodon|move: Protect\n|-resisted|p2a: Bronzong\n|-damage|p2a: Bronzong|94\/100\n|-unboost|p2a: Bronzong|spa|1\n|move|p2a: Bronzong|Trick Room|p2a: Bronzong\n|-fieldstart|move: Trick Room|[of] p2a: Bronzong\n|\n|-heal|p1b: Volcarona|23\/100|[from] item: Leftovers\n|upkeep\n|turn|7\n|inactive|vasperchu has 30 seconds left.\n|\n|t:|1681805586\n|move|p2a: Bronzong|Body Press|p1a: Baxcalibur\n|-supereffective|p1a: Baxcalibur\n|-damage|p1a: Baxcalibur|9\/100\n|move|p2b: Gastrodon|Earth Power|p1a: Baxcalibur\n|-damage|p1a: Baxcalibur|0 fnt\n|faint|p1a: Baxcalibur\n|move|p1b: Volcarona|Heat Wave|p2b: Gastrodon|[spread] p2b\n|-miss|p1b: Volcarona|p2a: Bronzong\n|-resisted|p2b: Gastrodon\n|-damage|p2b: Gastrodon|80\/100\n|\n|-heal|p1b: Volcarona|29\/100|[from] item: Leftovers\n|upkeep\n|\n|t:|1681805598\n|switch|p1a: Bellibolt|Bellibolt, L50, M|6\/100\n|turn|8\n|\n|t:|1681805605\n|move|p1a: Bellibolt|Thunderbolt|p2a: Bronzong\n|-damage|p2a: Bronzong|64\/100\n|-status|p2a: Bronzong|par\n|move|p2a: Bronzong|Body Press|p1a: Bellibolt\n|-damage|p1a: Bellibolt|0 fnt\n|faint|p1a: Bellibolt\n|move|p2b: Gastrodon|Earth Power|p1b: Volcarona\n|-damage|p1b: Volcarona|0 fnt\n|faint|p1b: Volcarona\n|\n|win|tghdfgh\n|raw|vasperchu's rating: 1195 → 1165<\/strong> (-30 for losing)\n|raw|tghdfgh's rating: 1128 → 1158<\/strong> (+30 for winning)\n","uploadtime":1681805609,"views":5,"p1id":"vasperchu","p2id":"tghdfgh","formatid":"gen9vgc2023regulationc","rating":1158,"private":0,"password":""}