{"id":"gen9vgc2023regulationc-1846258843","p1":"LasermanZ111","p2":"DartkitVGC","format":"[Gen 9] VGC 2023 Regulation C","log":"|j|\u2606LasermanZ111\n|j|\u2606DartkitVGC\n|t:|1681826230\n|gametype|doubles\n|player|p1|LasermanZ111|red|1238\n|player|p2|DartkitVGC|cynthia-gen4|1266\n|teamsize|p1|6\n|teamsize|p2|6\n|gen|9\n|tier|[Gen 9] VGC 2023 Regulation C\n|rated|\n|rule|Species Clause: Limit one of each Pok\u00e9mon\n|rule|Item Clause: Limit one of each item\n|clearpoke\n|poke|p1|Chi-Yu, L50|\n|poke|p1|Flutter Mane, L50|\n|poke|p1|Tauros-Paldea-Aqua, L50, M|\n|poke|p1|Corviknight, L50, M|\n|poke|p1|Amoonguss, L50, M|\n|poke|p1|Sandy Shocks, L50|\n|poke|p2|Maushold-Four, L50|\n|poke|p2|Annihilape, L50, M|\n|poke|p2|Arcanine, L50, F|\n|poke|p2|Amoonguss, L50, F|\n|poke|p2|Flutter Mane, L50|\n|poke|p2|Palafin, L50, F|\n|teampreview|4\nDartkitVGC has agreed to open team sheets.\nLasermanZ111 has agreed to open team sheets.\n|c|\u2606LasermanZ111|Cool team\n|inactive|Battle timer is ON: inactive players will automatically lose when time's up. (requested by DartkitVGC)\n|inactive|LasermanZ111 has 60 seconds left.\n|c|\u2606DartkitVGC|thx\n|\n|t:|1681826306\n|start\n|switch|p1a: Tauros|Tauros-Paldea-Aqua, L50, M|100\/100\n|switch|p1b: Corviknight|Corviknight, L50, M|100\/100\n|switch|p2a: Annihilape|Annihilape, L50, M|100\/100\n|switch|p2b: Maushold|Maushold-Four, L50|100\/100\n|-ability|p1a: Tauros|Intimidate|boost\n|-unboost|p2a: Annihilape|atk|1\n|-ability|p2a: Annihilape|Defiant|boost\n|-boost|p2a: Annihilape|atk|2\n|-enditem|p1a: Tauros|Mirror Herb\n|-boost|p1a: Tauros|atk|2|[from] item: Mirror Herb\n|-unboost|p2b: Maushold|atk|1\n|turn|1\n|inactive|LasermanZ111 has 30 seconds left.\n|inactive|DartkitVGC has 30 seconds left.\n|inactive|LasermanZ111 has 20 seconds left.\n|inactive|DartkitVGC has 20 seconds left.\n|inactive|DartkitVGC has 15 seconds left.\n|inactive|DartkitVGC has 10 seconds left.\n|inactive|LasermanZ111 has 15 seconds left.\n|inactive|DartkitVGC has 5 seconds left.\n|\n|t:|1681826360\n|move|p2a: Annihilape|Protect|p2a: Annihilape\n|-singleturn|p2a: Annihilape|Protect\n|move|p2b: Maushold|Super Fang|p1a: Tauros\n|-damage|p1a: Tauros|51\/100\n|move|p1a: Tauros|Raging Bull|p2a: Annihilape\n|-activate|p2a: Annihilape|move: Protect\n|move|p1b: Corviknight|Tailwind|p1b: Corviknight\n|-sidestart|p1: LasermanZ111|move: Tailwind\n|\n|upkeep\n|turn|2\n|inactive|DartkitVGC has 30 seconds left.\n|\n|t:|1681826390\n|move|p1a: Tauros|Protect|p1a: Tauros\n|-singleturn|p1a: Tauros|Protect\n|move|p2b: Maushold|Follow Me|p2b: Maushold\n|-singleturn|p2b: Maushold|move: Follow Me\n|move|p1b: Corviknight|Brave Bird|p2b: Maushold\n|-damage|p2b: Maushold|38\/100\n|-damage|p1b: Corviknight|82\/100|[from] Recoil\n|move|p2a: Annihilape|Drain Punch|p1a: Tauros\n|-activate|p1a: Tauros|move: Protect\n|\n|upkeep\n|turn|3\n|inactive|LasermanZ111 has 30 seconds left.\n|\n|t:|1681826416\n|switch|p2b: Arcanine|Arcanine, L50, F|100\/100\n|-ability|p2b: Arcanine|Intimidate|boost\n|-unboost|p1a: Tauros|atk|1\n|-ability|p1b: Corviknight|Mirror Armor\n|-unboost|p2b: Arcanine|atk|1\n|move|p1a: Tauros|Raging Bull|p2a: Annihilape\n|-damage|p2a: Annihilape|36\/100\n|move|p1b: Corviknight|Brave Bird|p2b: Arcanine\n|-damage|p2b: Arcanine|50\/100\n|-damage|p1b: Corviknight|66\/100|[from] Recoil\n|move|p2a: Annihilape|Drain Punch|p1b: Corviknight\n|-crit|p1b: Corviknight\n|-damage|p1b: Corviknight|0 fnt\n|-heal|p2a: Annihilape|66\/100|[from] drain|[of] p1b: Corviknight\n|faint|p1b: Corviknight\n|-damage|p2a: Annihilape|57\/100|[from] item: Life Orb\n|\n|upkeep\n|inactive|LasermanZ111 has 30 seconds left.\n|c|\u2606LasermanZ111|that probably didn't matter lol\n|\n|t:|1681826445\n|switch|p1b: Amoonguss|Amoonguss, L50, M|100\/100\n|turn|4\n|inactive|LasermanZ111 has 30 seconds left.\n|\n|t:|1681826479\n|-terastallize|p1b: Amoonguss|Water\n|move|p2b: Arcanine|Protect|p2b: Arcanine\n|-singleturn|p2b: Arcanine|Protect\n|move|p2a: Annihilape|Protect|p2a: Annihilape\n|-singleturn|p2a: Annihilape|Protect\n|move|p1b: Amoonguss|Rage Powder|p1b: Amoonguss\n|-singleturn|p1b: Amoonguss|move: Rage Powder\n|move|p1a: Tauros|Raging Bull|p2a: Annihilape\n|-activate|p2a: Annihilape|move: Protect\n|\n|-sideend|p1: LasermanZ111|move: Tailwind\n|upkeep\n|turn|5\n|inactive|DartkitVGC has 30 seconds left.\n|\n|t:|1681826510\n|switch|p2a: Maushold|Maushold-Four, L50|38\/100\n|move|p1b: Amoonguss|Rage Powder|p1b: Amoonguss\n|-singleturn|p1b: Amoonguss|move: Rage Powder\n|move|p1a: Tauros|Raging Bull|p2a: Maushold\n|-damage|p2a: Maushold|0 fnt\n|faint|p2a: Maushold\n|move|p2b: Arcanine|Will-O-Wisp|p1b: Amoonguss\n|-status|p1b: Amoonguss|brn\n|\n|-damage|p1b: Amoonguss|95\/100 brn|[from] brn\n|upkeep\n|\n|t:|1681826523\n|switch|p2a: Flutter Mane|Flutter Mane, L50|100\/100\n|-enditem|p2a: Flutter Mane|Booster Energy\n|-activate|p2a: Flutter Mane|ability: Protosynthesis|[fromitem]\n|-start|p2a: Flutter Mane|protosynthesisspe\n|turn|6\n|\n|t:|1681826546\n|move|p1b: Amoonguss|Rage Powder|p1b: Amoonguss\n|-singleturn|p1b: Amoonguss|move: Rage Powder\n|move|p2a: Flutter Mane|Energy Ball|p1b: Amoonguss\n|-supereffective|p1b: Amoonguss\n|-damage|p1b: Amoonguss|43\/100 brn\n|-enditem|p1b: Amoonguss|Sitrus Berry|[eat]\n|-heal|p1b: Amoonguss|68\/100 brn|[from] item: Sitrus Berry\n|move|p1a: Tauros|Raging Bull|p2a: Flutter Mane\n|-damage|p2a: Flutter Mane|0 fnt\n|faint|p2a: Flutter Mane\n|-end|p2a: Flutter Mane|Protosynthesis|[silent]\n|move|p2b: Arcanine|Will-O-Wisp|p1b: Amoonguss\n|-fail|p1b: Amoonguss|brn\n|\n|-damage|p1b: Amoonguss|62\/100 brn|[from] brn\n|upkeep\n|\n|t:|1681826555\n|switch|p2a: Annihilape|Annihilape, L50, M|57\/100\n|turn|7\n|inactive|DartkitVGC has 30 seconds left.\n|\n|t:|1681826583\n|-terastallize|p2b: Arcanine|Grass\n|move|p2a: Annihilape|Protect|p2a: Annihilape\n|-singleturn|p2a: Annihilape|Protect\n|move|p1b: Amoonguss|Rage Powder|p1b: Amoonguss\n|-singleturn|p1b: Amoonguss|move: Rage Powder\n|move|p1a: Tauros|Raging Bull|p2a: Annihilape\n|-activate|p2a: Annihilape|move: Protect\n|move|p2b: Arcanine|Howl|p2b: Arcanine|[spread] p2a,p2b\n|-boost|p2a: Annihilape|atk|1\n|-boost|p2b: Arcanine|atk|1\n|\n|-damage|p1b: Amoonguss|56\/100 brn|[from] brn\n|upkeep\n|turn|8\n|inactive|LasermanZ111 has 30 seconds left.\n|inactive|LasermanZ111 has 20 seconds left.\n|inactive|LasermanZ111 has 15 seconds left.\n|\n|t:|1681826627\n|move|p1a: Tauros|Raging Bull|p2a: Annihilape\n|-damage|p2a: Annihilape|0 fnt\n|faint|p2a: Annihilape\n|move|p2b: Arcanine|Howl|p2b: Arcanine\n|-boost|p2b: Arcanine|atk|1\n|move|p1b: Amoonguss|Pollen Puff|p1a: Tauros\n|-heal|p1a: Tauros|100\/100\n|\n|-damage|p1b: Amoonguss|50\/100 brn|[from] brn\n|upkeep\n|turn|9\n|\n|t:|1681826643\n|move|p1a: Tauros|Close Combat|p2b: Arcanine\n|-damage|p2b: Arcanine|0 fnt\n|-unboost|p1a: Tauros|def|1\n|-unboost|p1a: Tauros|spd|1\n|faint|p2b: Arcanine\n|\n|win|LasermanZ111\n|raw|LasermanZ111's rating: 1238 → 1265<\/strong> (+27 for winning)\n|raw|DartkitVGC's rating: 1266 → 1239<\/strong> (-27 for losing)\n|l|\u2606DartkitVGC\n|c|\u2606LasermanZ111|gg\n","uploadtime":1681826660,"views":6,"p1id":"lasermanz111","p2id":"dartkitvgc","formatid":"gen9vgc2023regulationc","rating":1239,"private":0,"password":""}