{"id":"gen9vgc2023regulationc-1848173439","p1":"Post GC2 testing","p2":"wotwt123","format":"[Gen 9] VGC 2023 Regulation C","log":"|j|\u2606Post GC2 testing\n|j|\u2606wotwt123\n|t:|1682038393\n|gametype|doubles\n|player|p1|Post GC2 testing|colress|1360\n|player|p2|wotwt123|elesa|1316\n|teamsize|p1|6\n|teamsize|p2|6\n|gen|9\n|tier|[Gen 9] VGC 2023 Regulation C\n|rated|\n|rule|Species Clause: Limit one of each Pok\u00e9mon\n|rule|Item Clause: Limit one of each item\n|clearpoke\n|poke|p1|Dondozo, L50, F|\n|poke|p1|Tatsugiri-Stretchy, L50, F|\n|poke|p1|Pelipper, L50, M|\n|poke|p1|Toedscruel, L50, M|\n|poke|p1|Annihilape, L50, M|\n|poke|p1|Maushold-Four, L50|\n|poke|p2|Palafin, L50, F|\n|poke|p2|Arcanine, L50, F|\n|poke|p2|Amoonguss, L50, F|\n|poke|p2|Dragapult, L50, F|\n|poke|p2|Chien-Pao, L50|\n|poke|p2|Ting-Lu, L50|\n|teampreview|4\n|\n|t:|1682038431\n|start\n|switch|p1a: Monsoon|Pelipper, L50, M, shiny|100\/100\n|switch|p1b: Big Bertha|Dondozo, L50, F, shiny|100\/100\n|switch|p2a: Palafin|Palafin, L50, F, shiny|100\/100\n|switch|p2b: Arcanine|Arcanine, L50, F, shiny|100\/100\n|-ability|p2b: Arcanine|Intimidate|boost\n|-unboost|p1a: Monsoon|atk|1\n|-unboost|p1b: Big Bertha|atk|1\n|-weather|RainDance|[from] ability: Drizzle|[of] p1a: Monsoon\n|turn|1\n|\n|t:|1682038467\n|detailschange|p2a: Palafin|Palafin-Hero, L50, F, shiny\n|switch|p2a: Amoonguss|Amoonguss, L50, F, shiny|100\/100\n|move|p2b: Arcanine|Protect|p2b: Arcanine\n|-singleturn|p2b: Arcanine|Protect\n|move|p1a: Monsoon|Tailwind|p1a: Monsoon\n|-sidestart|p1: Post GC2 testing|move: Tailwind\n|move|p1b: Big Bertha|Surf|p2a: Amoonguss|[spread] p1a,p2a\n|-activate|p2b: Arcanine|move: Protect\n|-resisted|p1a: Monsoon\n|-resisted|p2a: Amoonguss\n|-damage|p1a: Monsoon|64\/100\n|-damage|p2a: Amoonguss|80\/100\n|-damage|p1b: Big Bertha|91\/100|[from] item: Life Orb\n|\n|-weather|RainDance|[upkeep]\n|upkeep\n|turn|2\n|\n|t:|1682038503\n|switch|p1b: Weirdo|Toedscruel, L50, M, shiny|100\/100\n|move|p2b: Arcanine|Extreme Speed|p1a: Monsoon\n|-damage|p1a: Monsoon|35\/100\n|move|p1a: Monsoon|Hurricane|p2a: Amoonguss\n|-supereffective|p2a: Amoonguss\n|-damage|p2a: Amoonguss|0 fnt\n|faint|p2a: Amoonguss\n|\n|-weather|RainDance|[upkeep]\n|upkeep\n|\n|t:|1682038513\n|switch|p2a: Palafin|Palafin-Hero, L50, F, shiny|100\/100\n|-activate|p2a: Palafin|ability: Zero to Hero\n|turn|3\n|\n|t:|1682038528\n|move|p2a: Palafin|Protect|p2a: Palafin\n|-singleturn|p2a: Palafin|Protect\n|move|p2b: Arcanine|Extreme Speed|p1a: Monsoon\n|-damage|p1a: Monsoon|2\/100\n|move|p1b: Weirdo|Giga Drain|p2a: Palafin\n|-activate|p2a: Palafin|move: Protect\n|move|p1a: Monsoon|Hydro Pump|p2b: Arcanine\n|-supereffective|p2b: Arcanine\n|-damage|p2b: Arcanine|0 fnt\n|faint|p2b: Arcanine\n|\n|-weather|RainDance|[upkeep]\n|upkeep\n|\n|t:|1682038538\n|switch|p2b: Dragapult|Dragapult, L50, F, shiny|100\/100\n|turn|4\n|\n|t:|1682038569\n|move|p2a: Palafin|Protect||[still]\n|-fail|p2a: Palafin\n|move|p1a: Monsoon|Hurricane|p2b: Dragapult\n|-damage|p2b: Dragapult|41\/100\n|move|p2b: Dragapult|Dragon Darts|p1b: Weirdo\n|-damage|p1b: Weirdo|47\/100\n|-anim|p2b: Dragapult|Dragon Darts|p1a: Monsoon\n|-damage|p1a: Monsoon|0 fnt\n|faint|p1a: Monsoon\n|move|p1b: Weirdo|Spore|p2b: Dragapult\n|-status|p2b: Dragapult|slp|[from] move: Spore\n|\n|-weather|RainDance|[upkeep]\n|-sideend|p1: Post GC2 testing|move: Tailwind\n|upkeep\n|\n|t:|1682038578\n|switch|p1a: Big Bertha|Dondozo, L50, F, shiny|91\/100\n|turn|5\n|\n|t:|1682038586\n|switch|p1b: Bulkward|Tatsugiri-Stretchy, L50, F|100\/100\n|-activate|p1b: Bulkward|ability: Commander|[of] p1a: Big Bertha\n|-boost|p1a: Big Bertha|atk|2\n|-boost|p1a: Big Bertha|spa|2\n|-boost|p1a: Big Bertha|spe|2\n|-boost|p1a: Big Bertha|def|2\n|-boost|p1a: Big Bertha|spd|2\n|-terastallize|p2a: Palafin|Water\n|-terastallize|p1a: Big Bertha|Water\n|move|p2a: Palafin|Jet Punch|p1b: Bulkward|[miss]\n|-miss|p2a: Palafin|p1b: Bulkward\n|cant|p2b: Dragapult|slp\n|move|p1a: Big Bertha|Surf|p2b: Dragapult|[spread] p2a,p2b\n|-miss|p1a: Big Bertha|p1b: Bulkward\n|-resisted|p2a: Palafin\n|-resisted|p2b: Dragapult\n|-damage|p2a: Palafin|41\/100\n|-damage|p2b: Dragapult|0 fnt\n|faint|p2b: Dragapult\n|-damage|p1a: Big Bertha|81\/100|[from] item: Life Orb\n|\n|-weather|RainDance|[upkeep]\n|upkeep\n|turn|6\n|-message|wotwt123 forfeited.\n|\n|win|Post GC2 testing\n|raw|Post GC2 testing's rating: 1360 → 1377<\/strong> (+17 for winning)\n|raw|wotwt123's rating: 1316 → 1299<\/strong> (-17 for losing)\n|l|\u2606wotwt123\n","uploadtime":1682038608,"views":6,"p1id":"postgc2testing","p2id":"wotwt123","formatid":"gen9vgc2023regulationc","rating":1299,"private":0,"password":""}