{"id":"gen9vgc2023regulationc-1861665802","p1":"rescadonacional","p2":"LegendBtw","format":"[Gen 9] VGC 2023 Regulation C","log":"|j|\u2606rescadonacional\n|j|\u2606LegendBtw\n|t:|1683790836\n|gametype|doubles\n|player|p1|rescadonacional|li|1211\n|player|p2|LegendBtw|red-gen1|1242\n|teamsize|p1|6\n|teamsize|p2|6\n|gen|9\n|tier|[Gen 9] VGC 2023 Regulation C\n|rated|\n|rule|Species Clause: Limit one of each Pok\u00e9mon\n|rule|Item Clause: Limit one of each item\n|clearpoke\n|poke|p1|Abomasnow, L50, F|\n|poke|p1|Cetitan, L50, M|\n|poke|p1|Iron Bundle, L50|\n|poke|p1|Annihilape, L50, F|\n|poke|p1|Slowking, L50, F|\n|poke|p1|Dachsbun, L50, M|\n|poke|p2|Amoonguss, L50, F|\n|poke|p2|Ting-Lu, L50|\n|poke|p2|Arcanine, L50, F|\n|poke|p2|Palafin, L50, M|\n|poke|p2|Flutter Mane, L50|\n|poke|p2|Chien-Pao, L50|\n|teampreview|4\n|inactive|Battle timer is ON: inactive players will automatically lose when time's up. (requested by rescadonacional)\nrescadonacional rejected open team sheets.\n|\n|t:|1683790891\n|start\n|switch|p1a: Abomasnow|Abomasnow, L50, F|100\/100\n|switch|p1b: Cetitan|Cetitan, L50, M|100\/100\n|switch|p2a: Chien-Pao|Chien-Pao, L50|100\/100\n|switch|p2b: Arcanine|Arcanine, L50, F|100\/100\n|-ability|p2a: Chien-Pao|Sword of Ruin\n|-ability|p2b: Arcanine|Intimidate|boost\n|-unboost|p1a: Abomasnow|atk|1\n|-unboost|p1b: Cetitan|atk|1\n|-weather|Snow|[from] ability: Snow Warning|[of] p1a: Abomasnow\n|turn|1\n|\n|t:|1683790912\n|switch|p1b: Annihilape|Annihilape, L50, F|100\/100\n|move|p2a: Chien-Pao|Protect|p2a: Chien-Pao\n|-singleturn|p2a: Chien-Pao|Protect\n|move|p2b: Arcanine|Flare Blitz|p1a: Abomasnow\n|-supereffective|p1a: Abomasnow\n|-enditem|p1a: Abomasnow|Focus Sash\n|-damage|p1a: Abomasnow|1\/100\n|-status|p1a: Abomasnow|brn\n|-damage|p2b: Arcanine|68\/100|[from] Recoil\n|move|p1a: Abomasnow|Aurora Veil|p1a: Abomasnow\n|-sidestart|p1: rescadonacional|move: Aurora Veil\n|\n|-weather|Snow|[upkeep]\n|-damage|p1a: Abomasnow|0 fnt|[from] brn\n|faint|p1a: Abomasnow\n|upkeep\n|\n|t:|1683790926\n|switch|p1a: Cetitan|Cetitan, L50, M|100\/100\n|turn|2\n|inactive|LegendBtw has 30 seconds left.\n|inactive|LegendBtw has 20 seconds left.\n|\n|t:|1683790964\n|-terastallize|p1a: Cetitan|Water\n|-terastallize|p2a: Chien-Pao|Ghost\n|move|p1a: Cetitan|Liquidation|p2b: Arcanine\n|-supereffective|p2b: Arcanine\n|-damage|p2b: Arcanine|0 fnt\n|faint|p2b: Arcanine\n|-damage|p1a: Cetitan|91\/100|[from] item: Life Orb\n|move|p2a: Chien-Pao|Taunt|p1b: Annihilape\n|-start|p1b: Annihilape|move: Taunt\n|move|p1b: Annihilape|Close Combat|p2a: Chien-Pao\n|-immune|p2a: Chien-Pao\n|\n|-weather|Snow|[upkeep]\n|upkeep\n|\n|t:|1683790970\n|switch|p2b: Flutter Mane|Flutter Mane, L50|100\/100\n|turn|3\n|\n|t:|1683790987\n|switch|p1b: Iron Bundle|Iron Bundle, L50|100\/100\n|move|p1a: Cetitan|Earthquake|p2b: Flutter Mane|[spread] p1b,p2a,p2b\n|-damage|p1b: Iron Bundle|77\/100\n|-damage|p2a: Chien-Pao|51\/100\n|-damage|p2b: Flutter Mane|30\/100\n|-damage|p1a: Cetitan|81\/100|[from] item: Life Orb\n|move|p2a: Chien-Pao|Ice Spinner|p1b: Iron Bundle\n|-resisted|p1b: Iron Bundle\n|-damage|p1b: Iron Bundle|69\/100\n|move|p2b: Flutter Mane|Dazzling Gleam|p1a: Cetitan|[spread] p1a,p1b\n|-damage|p1a: Cetitan|48\/100\n|-damage|p1b: Iron Bundle|12\/100\n|\n|-weather|Snow|[upkeep]\n|upkeep\n|turn|4\n|inactive|LegendBtw has 30 seconds left.\n|inactive|rescadonacional has 30 seconds left.\n|inactive|LegendBtw has 20 seconds left.\n|inactive|LegendBtw has 15 seconds left.\n|inactive|LegendBtw has 10 seconds left.\n|\n|t:|1683791032\n|-end|p2b: Flutter Mane|Protosynthesis|[silent]\n|switch|p2b: Ting-Lu|Ting-Lu, L50|100\/100\n|-ability|p2b: Ting-Lu|Vessel of Ruin\n|move|p2a: Chien-Pao|Sucker Punch|p1b: Iron Bundle\n|-damage|p1b: Iron Bundle|0 fnt\n|faint|p1b: Iron Bundle\n|-end|p1b: Iron Bundle|Quark Drive|[silent]\n|move|p1a: Cetitan|Liquidation|p2a: Chien-Pao\n|-damage|p2a: Chien-Pao|0 fnt\n|faint|p2a: Chien-Pao\n|-damage|p1a: Cetitan|39\/100|[from] item: Life Orb\n|\n|-weather|Snow|[upkeep]\n|upkeep\n|\n|t:|1683791044\n|switch|p1b: Annihilape|Annihilape, L50, F|100\/100\n|switch|p2a: Flutter Mane|Flutter Mane, L50|30\/100\n|turn|5\n|\n|t:|1683791059\n|move|p1a: Cetitan|Liquidation|p2a: Flutter Mane\n|-damage|p2a: Flutter Mane|0 fnt\n|faint|p2a: Flutter Mane\n|-end|p2a: Flutter Mane|Protosynthesis|[silent]\n|-damage|p1a: Cetitan|29\/100|[from] item: Life Orb\n|move|p1b: Annihilape|Final Gambit|p2b: Ting-Lu\n|-damage|p2b: Ting-Lu|7\/100\n|faint|p1b: Annihilape\n|move|p2b: Ting-Lu|Ruination|p1a: Cetitan\n|-damage|p1a: Cetitan|15\/100\n|\n|-weather|none\n|-sideend|p1: rescadonacional|move: Aurora Veil\n|upkeep\n|turn|6\n|\n|t:|1683791075\n|move|p1a: Cetitan|Ice Shard|p2b: Ting-Lu\n|-supereffective|p2b: Ting-Lu\n|-damage|p2b: Ting-Lu|0 fnt\n|faint|p2b: Ting-Lu\n|-damage|p1a: Cetitan|5\/100|[from] item: Life Orb\n|\n|win|rescadonacional\n|raw|rescadonacional's rating: 1211 → 1238<\/strong> (+27 for winning)\n|raw|LegendBtw's rating: 1242 → 1215<\/strong> (-27 for losing)\n","uploadtime":1683791079,"views":20,"p1id":"rescadonacional","p2id":"legendbtw","formatid":"gen9vgc2023regulationc","rating":1215,"private":0,"password":""}