{"id":"gen9vgc2023regulationc-1847471721","p1":"RagnaC","p2":"Miggle SoCal","format":"[Gen 9] VGC 2023 Regulation C","log":"|j|\u2606RagnaC\n|j|\u2606Miggle SoCal\n|t:|1681959259\n|gametype|doubles\n|player|p1|RagnaC|red|\n|player|p2|Miggle SoCal|169|\n|teamsize|p1|6\n|teamsize|p2|6\n|gen|9\n|tier|[Gen 9] VGC 2023 Regulation C\n|rule|Species Clause: Limit one of each Pok\u00e9mon\n|rule|Item Clause: Limit one of each item\n|clearpoke\n|poke|p1|Ceruledge, L50, F|\n|poke|p1|Flutter Mane, L50|\n|poke|p1|Amoonguss, L50, M|\n|poke|p1|Gyarados, L50, F|\n|poke|p1|Ting-Lu, L50|\n|poke|p1|Glimmora, L50, M|\n|poke|p2|Palafin, L50, F|\n|poke|p2|Chien-Pao, L50|\n|poke|p2|Dragapult, L50, F|\n|poke|p2|Amoonguss, L50, F|\n|poke|p2|Arcanine, L50, M|\n|poke|p2|Kingambit, L50, F|\n|teampreview|4\n|inactive|Battle timer is ON: inactive players will automatically lose when time's up. (requested by RagnaC)\nMiggle SoCal has agreed to open team sheets.\nRagnaC has agreed to open team sheets.\n|inactive|Miggle SoCal has 60 seconds left.\n|\n|t:|1681959320\n|start\n|switch|p1a: Ceruledge|Ceruledge, L50, F|100\/100\n|switch|p1b: Ting-Lu|Ting-Lu, L50|100\/100\n|switch|p2a: Palafin|Palafin, L50, F|100\/100\n|switch|p2b: Chien-Pao|Chien-Pao, L50|100\/100\n|-ability|p2b: Chien-Pao|Sword of Ruin\n|-ability|p1b: Ting-Lu|Vessel of Ruin\n|turn|1\n|inactive|RagnaC has 30 seconds left.\n|inactive|Miggle SoCal has 30 seconds left.\n|\n|t:|1681959354\n|detailschange|p2a: Palafin|Palafin-Hero, L50, F\n|switch|p2a: Amoonguss|Amoonguss, L50, F|100\/100\n|-terastallize|p1a: Ceruledge|Grass\n|move|p2b: Chien-Pao|Protect|p2b: Chien-Pao\n|-singleturn|p2b: Chien-Pao|Protect\n|move|p1a: Ceruledge|Bitter Blade|p2a: Amoonguss\n|-supereffective|p2a: Amoonguss\n|-damage|p2a: Amoonguss|0 fnt\n|faint|p2a: Amoonguss\n|move|p1b: Ting-Lu|Stomping Tantrum|p2b: Chien-Pao\n|-activate|p2b: Chien-Pao|move: Protect\n|\n|upkeep\n|\n|t:|1681959365\n|switch|p2a: Palafin|Palafin-Hero, L50, F|100\/100\n|-activate|p2a: Palafin|ability: Zero to Hero\n|turn|2\n|\n|t:|1681959384\n|switch|p2b: Kingambit|Kingambit, L50, F, shiny|100\/100\n|move|p1a: Ceruledge|Protect|p1a: Ceruledge\n|-singleturn|p1a: Ceruledge|Protect\n|move|p2a: Palafin|Wave Crash|p1b: Ting-Lu\n|-supereffective|p1b: Ting-Lu\n|-damage|p1b: Ting-Lu|0 fnt\n|faint|p1b: Ting-Lu\n|-damage|p2a: Palafin|58\/100|[from] Recoil\n|\n|upkeep\n|\n|t:|1681959393\n|switch|p1b: Flutter Mane|Flutter Mane, L50|100\/100\n|-enditem|p1b: Flutter Mane|Booster Energy\n|-activate|p1b: Flutter Mane|ability: Protosynthesis|[fromitem]\n|-start|p1b: Flutter Mane|protosynthesisspe\n|turn|3\n|inactive|Miggle SoCal has 30 seconds left.\n|inactive|Miggle SoCal has 20 seconds left.\n|inactive|Miggle SoCal has 15 seconds left.\n|inactive|Miggle SoCal has 10 seconds left.\n|inactive|RagnaC has 30 seconds left.\n|\n|t:|1681959445\n|-terastallize|p2b: Kingambit|Fire\n|move|p2a: Palafin|Protect|p2a: Palafin\n|-singleturn|p2a: Palafin|Protect\n|move|p1b: Flutter Mane|Shadow Ball|p2b: Kingambit\n|-damage|p2b: Kingambit|75\/100\n|move|p1a: Ceruledge|Bitter Blade|p2b: Kingambit\n|-resisted|p2b: Kingambit\n|-damage|p2b: Kingambit|59\/100\n|move|p2b: Kingambit|Kowtow Cleave|p1a: Ceruledge\n|-damage|p1a: Ceruledge|39\/100\n|\n|upkeep\n|turn|4\n|inactive|RagnaC has 30 seconds left.\n|inactive|Miggle SoCal has 30 seconds left.\n|\n|t:|1681959478\n|move|p1a: Ceruledge|Protect|p1a: Ceruledge\n|-singleturn|p1a: Ceruledge|Protect\n|move|p2a: Palafin|Jet Punch|p1b: Flutter Mane\n|-damage|p1b: Flutter Mane|32\/100\n|move|p2b: Kingambit|Sucker Punch||[still]\n|-fail|p2b: Kingambit\n|move|p1b: Flutter Mane|Moonblast|p2a: Palafin\n|-damage|p2a: Palafin|11\/100\n|-unboost|p2a: Palafin|spa|1\n|\n|upkeep\n|turn|5\n|\n|t:|1681959500\n|switch|p1a: Gyarados|Gyarados, L50, F|100\/100\n|-ability|p1a: Gyarados|Intimidate|boost\n|-unboost|p2a: Palafin|atk|1\n|-unboost|p2b: Kingambit|atk|1\n|-ability|p2b: Kingambit|Defiant|boost\n|-boost|p2b: Kingambit|atk|2\n|move|p1b: Flutter Mane|Protect|p1b: Flutter Mane\n|-singleturn|p1b: Flutter Mane|Protect\n|move|p2a: Palafin|Jet Punch|p1b: Flutter Mane\n|-activate|p1b: Flutter Mane|move: Protect\n|move|p2b: Kingambit|Kowtow Cleave|p1a: Gyarados\n|-damage|p1a: Gyarados|25\/100\n|-enditem|p1a: Gyarados|Sitrus Berry|[eat]\n|-heal|p1a: Gyarados|50\/100|[from] item: Sitrus Berry\n|\n|upkeep\n|turn|6\n|inactive|Miggle SoCal has 30 seconds left.\n|inactive|Miggle SoCal has 20 seconds left.\n|inactive|Miggle SoCal has 15 seconds left.\n|inactive|Miggle SoCal has 10 seconds left.\n|inactive|Miggle SoCal has 5 seconds left.\n|\n|t:|1681959553\n|move|p2a: Palafin|Jet Punch|p1b: Flutter Mane\n|-damage|p1b: Flutter Mane|0 fnt\n|faint|p1b: Flutter Mane\n|-end|p1b: Flutter Mane|Protosynthesis|[silent]\n|move|p1a: Gyarados|Waterfall|p2b: Kingambit\n|-supereffective|p2b: Kingambit\n|-damage|p2b: Kingambit|0 fnt\n|faint|p2b: Kingambit\n|\n|upkeep\n|\n|t:|1681959560\n|switch|p1b: Ceruledge|Ceruledge, L50, F, tera:Grass|39\/100\n|switch|p2b: Chien-Pao|Chien-Pao, L50|100\/100\n|-ability|p2b: Chien-Pao|Sword of Ruin\n|turn|7\n|\n|t:|1681959576\n|move|p2b: Chien-Pao|Protect|p2b: Chien-Pao\n|-singleturn|p2b: Chien-Pao|Protect\n|move|p2a: Palafin|Jet Punch|p1a: Gyarados\n|-resisted|p1a: Gyarados\n|-damage|p1a: Gyarados|29\/100\n|move|p1b: Ceruledge|Shadow Sneak|p2a: Palafin\n|-damage|p2a: Palafin|0 fnt\n|faint|p2a: Palafin\n|move|p1a: Gyarados|Waterfall|p2b: Chien-Pao\n|-activate|p2b: Chien-Pao|move: Protect\n|\n|upkeep\n|turn|8\n|inactive|RagnaC has 30 seconds left.\n|inactive|Miggle SoCal has 30 seconds left.\n|inactive|RagnaC has 20 seconds left.\n|\n|t:|1681959611\n|move|p2b: Chien-Pao|Ice Spinner|p1a: Gyarados\n|-damage|p1a: Gyarados|0 fnt\n|faint|p1a: Gyarados\n|move|p1b: Ceruledge|Bitter Blade|p2b: Chien-Pao\n|-supereffective|p2b: Chien-Pao\n|-crit|p2b: Chien-Pao\n|-enditem|p2b: Chien-Pao|Focus Sash\n|-damage|p2b: Chien-Pao|1\/100\n|-heal|p1b: Ceruledge|82\/100|[from] drain|[of] p2b: Chien-Pao\n|\n|upkeep\n|turn|9\n|\n|t:|1681959625\n|move|p2b: Chien-Pao|Sucker Punch|p1b: Ceruledge\n|-damage|p1b: Ceruledge|32\/100\n|move|p1b: Ceruledge|Shadow Sneak|p2b: Chien-Pao\n|-resisted|p2b: Chien-Pao\n|-damage|p2b: Chien-Pao|0 fnt\n|faint|p2b: Chien-Pao\n|\n|win|RagnaC\n","uploadtime":1681959994,"views":9,"p1id":"ragnac","p2id":"migglesocal","formatid":"gen9vgc2023regulationc","rating":0,"private":0,"password":""}