{"id":"gen9vgc2023regulationc-1846581771","p1":"sks_fang","p2":"fgdtfs","format":"[Gen 9] VGC 2023 Regulation C","log":"|j|\u2606sks_fang\n|j|\u2606fgdtfs\n|t:|1681853919\n|gametype|doubles\n|player|p1|sks_fang|102|1029\n|player|p2|fgdtfs|170|1000\n|teamsize|p1|6\n|teamsize|p2|6\n|gen|9\n|tier|[Gen 9] VGC 2023 Regulation C\n|rated|\n|rule|Species Clause: Limit one of each Pok\u00e9mon\n|rule|Item Clause: Limit one of each item\n|clearpoke\n|poke|p1|Wo-Chien, L50|\n|poke|p1|Chi-Yu, L50|\n|poke|p1|Tatsugiri-Droopy, L50, F|\n|poke|p1|Dondozo, L50, F|\n|poke|p1|Dragapult, L50, M|\n|poke|p1|Arcanine, L50, F|\n|poke|p2|Torkoal, L50, M|\n|poke|p2|Chi-Yu, L50|\n|poke|p2|Bronzong, L50|\n|poke|p2|Gastrodon, L50, M|\n|poke|p2|Grimmsnarl, L50, M|\n|poke|p2|Skeledirge, L50, M|\n|teampreview|4\n|inactive|Battle timer is ON: inactive players will automatically lose when time's up. (requested by sks_fang)\nsks_fang rejected open team sheets.\n|\n|t:|1681853947\n|start\n|switch|p1a: Chi-Yu|Chi-Yu, L50|100\/100\n|switch|p1b: Dragapult|Dragapult, L50, M|100\/100\n|switch|p2a: Gastrodon|Gastrodon, L50, M|100\/100\n|switch|p2b: Grimmsnarl|Grimmsnarl, L50, M|100\/100\n|-ability|p1a: Chi-Yu|Beads of Ruin\n|turn|1\n|\n|t:|1681853970\n|-terastallize|p1b: Dragapult|Ghost\n|move|p2a: Gastrodon|Protect|p2a: Gastrodon\n|-singleturn|p2a: Gastrodon|Protect\n|move|p2b: Grimmsnarl|Sucker Punch|p1b: Dragapult\n|-supereffective|p1b: Dragapult\n|-damage|p1b: Dragapult|0 fnt\n|faint|p1b: Dragapult\n|move|p1a: Chi-Yu|Overheat|p2b: Grimmsnarl|[miss]\n|-miss|p1a: Chi-Yu|p2b: Grimmsnarl\n|\n|upkeep\n|\n|t:|1681853979\n|switch|p1b: Tatsugiri|Tatsugiri-Droopy, L50, F|100\/100\n|turn|2\n|\n|t:|1681853996\n|switch|p1a: Arcanine|Arcanine, L50, F|100\/100\n|-ability|p1a: Arcanine|Intimidate|boost\n|-unboost|p2a: Gastrodon|atk|1\n|-unboost|p2b: Grimmsnarl|atk|1\n|switch|p2b: Skeledirge|Skeledirge, L50, M|100\/100\n|move|p1b: Tatsugiri|Icy Wind|p2b: Skeledirge|[spread] p2b\n|-miss|p1b: Tatsugiri|p2a: Gastrodon\n|-resisted|p2b: Skeledirge\n|-damage|p2b: Skeledirge|93\/100\n|-unboost|p2b: Skeledirge|spe|1\n|move|p2a: Gastrodon|Earth Power|p1a: Arcanine\n|-supereffective|p1a: Arcanine\n|-damage|p1a: Arcanine|0 fnt\n|faint|p1a: Arcanine\n|\n|-heal|p2b: Skeledirge|99\/100|[from] item: Leftovers\n|upkeep\n|\n|t:|1681854001\n|switch|p1a: Chi-Yu|Chi-Yu, L50|100\/100\n|-ability|p1a: Chi-Yu|Beads of Ruin\n|turn|3\n|\n|t:|1681854008\n|move|p2a: Gastrodon|Protect|p2a: Gastrodon\n|-singleturn|p2a: Gastrodon|Protect\n|move|p2b: Skeledirge|Protect|p2b: Skeledirge\n|-singleturn|p2b: Skeledirge|Protect\n|move|p1b: Tatsugiri|Icy Wind|p2b: Skeledirge|[spread] \n|-activate|p2a: Gastrodon|move: Protect\n|-activate|p2b: Skeledirge|move: Protect\n|move|p1a: Chi-Yu|Dark Pulse|p2b: Skeledirge\n|-activate|p2b: Skeledirge|move: Protect\n|\n|-heal|p2b: Skeledirge|100\/100|[from] item: Leftovers\n|upkeep\n|turn|4\n|\n|t:|1681854018\n|switch|p2b: Grimmsnarl|Grimmsnarl, L50, M|100\/100\n|move|p1b: Tatsugiri|Icy Wind|p2a: Gastrodon|[spread] p2a,p2b\n|-damage|p2a: Gastrodon|85\/100\n|-damage|p2b: Grimmsnarl|82\/100\n|-unboost|p2b: Grimmsnarl|spe|1\n|move|p1a: Chi-Yu|Psychic|p2a: Gastrodon\n|-damage|p2a: Gastrodon|39\/100\n|-damage|p1a: Chi-Yu|90\/100|[from] item: Life Orb\n|move|p2a: Gastrodon|Earth Power|p1a: Chi-Yu\n|-supereffective|p1a: Chi-Yu\n|-damage|p1a: Chi-Yu|7\/100\n|\n|upkeep\n|turn|5\n|\n|t:|1681854035\n|move|p2b: Grimmsnarl|Fake Out|p1a: Chi-Yu\n|-damage|p1a: Chi-Yu|0 fnt\n|faint|p1a: Chi-Yu\n|move|p1b: Tatsugiri|Icy Wind|p2b: Grimmsnarl|[spread] p2a,p2b\n|-damage|p2a: Gastrodon|28\/100\n|-damage|p2b: Grimmsnarl|66\/100\n|-unboost|p2b: Grimmsnarl|spe|1\n|move|p2a: Gastrodon|Earth Power|p1b: Tatsugiri\n|-damage|p1b: Tatsugiri|52\/100\n|\n|upkeep\n|turn|6\n|-message|sks_fang forfeited.\n|\n|win|fgdtfs\n|raw|sks_fang's rating: 1029 → 1013<\/strong> (-16 for losing)\n|raw|fgdtfs's rating: 1000 → 1043<\/strong> (+43 for winning)\n|l|\u2606sks_fang\n","uploadtime":1681854042,"views":7,"p1id":"sksfang","p2id":"fgdtfs","formatid":"gen9vgc2023regulationc","rating":1013,"private":0,"password":""}