{"id":"gen9vgc2023regulationc-1846258248","p1":"Lazy92","p2":"GiantSoyBean","format":"[Gen 9] VGC 2023 Regulation C","log":"|j|\u2606Lazy92\n|j|\u2606GiantSoyBean\n|t:|1681826176\n|gametype|doubles\n|player|p1|Lazy92|265|1208\n|player|p2|GiantSoyBean|101|1174\n|teamsize|p1|6\n|teamsize|p2|6\n|gen|9\n|tier|[Gen 9] VGC 2023 Regulation C\n|rated|\n|rule|Species Clause: Limit one of each Pok\u00e9mon\n|rule|Item Clause: Limit one of each item\n|clearpoke\n|poke|p1|Amoonguss, L50, M|\n|poke|p1|Chi-Yu, L50|\n|poke|p1|Iron Bundle, L50|\n|poke|p1|Garchomp, L50, M|\n|poke|p1|Iron Hands, L50|\n|poke|p1|Rotom-Wash, L50|\n|poke|p2|Arcanine, L50, M|\n|poke|p2|Flutter Mane, L50|\n|poke|p2|Amoonguss, L50, F|\n|poke|p2|Palafin, L50, M|\n|poke|p2|Ting-Lu, L50|\n|poke|p2|Gyarados, L50, M|\n|teampreview|4\nLazy92 has agreed to open team sheets.\nGiantSoyBean has agreed to open team sheets.\n|inactive|Battle timer is ON: inactive players will automatically lose when time's up. (requested by GiantSoyBean)\n|\n|t:|1681826255\n|start\n|switch|p1a: Iron Hands|Iron Hands, L50|100\/100\n|switch|p1b: Chi-Yu|Chi-Yu, L50|100\/100\n|switch|p2a: Ting-Lu|Ting-Lu, L50|100\/100\n|switch|p2b: Palafin|Palafin, L50, M, shiny|100\/100\n|-ability|p1b: Chi-Yu|Beads of Ruin\n|-ability|p2a: Ting-Lu|Vessel of Ruin\n|turn|1\n|\n|t:|1681826286\n|switch|p1b: Rotom|Rotom-Wash, L50|100\/100\n|switch|p2a: Arcanine|Arcanine, L50, M|100\/100\n|-ability|p2a: Arcanine|Intimidate|boost\n|-unboost|p1a: Iron Hands|atk|1\n|-unboost|p1b: Rotom|atk|1\n|move|p2b: Palafin|Protect|p2b: Palafin\n|-singleturn|p2b: Palafin|Protect\n|move|p1a: Iron Hands|Fake Out|p2a: Arcanine\n|-damage|p2a: Arcanine|90\/100\n|\n|upkeep\n|turn|2\n|inactive|GiantSoyBean has 30 seconds left.\n|inactive|GiantSoyBean has 20 seconds left.\n|inactive|GiantSoyBean has 15 seconds left.\n|\n|t:|1681826329\n|switch|p2a: Ting-Lu|Ting-Lu, L50|100\/100\n|-ability|p2a: Ting-Lu|Vessel of Ruin\n|-end|p1a: Iron Hands|Quark Drive|[silent]\n|switch|p1a: Chi-Yu|Chi-Yu, L50|100\/100\n|-ability|p1a: Chi-Yu|Beads of Ruin\n|move|p2b: Palafin|Jet Punch|p1a: Chi-Yu\n|-supereffective|p1a: Chi-Yu\n|-damage|p1a: Chi-Yu|31\/100\n|move|p1b: Rotom|Will-O-Wisp|p2b: Palafin\n|-status|p2b: Palafin|brn\n|\n|-damage|p2b: Palafin|95\/100 brn|[from] brn\n|upkeep\n|turn|3\n|\n|t:|1681826352\n|detailschange|p2b: Palafin|Palafin-Hero, L50, M, shiny\n|switch|p2b: Gyarados|Gyarados, L50, M, shiny|100\/100\n|-ability|p2b: Gyarados|Intimidate|boost\n|-unboost|p1a: Chi-Yu|atk|1\n|-unboost|p1b: Rotom|atk|1\n|switch|p1a: Iron Hands|Iron Hands, L50|100\/100\n|move|p1b: Rotom|Hydro Pump|p2a: Ting-Lu\n|-supereffective|p2a: Ting-Lu\n|-damage|p2a: Ting-Lu|40\/100\n|move|p2a: Ting-Lu|Earthquake|p1b: Rotom|[spread] p1a\n|-immune|p2b: Gyarados\n|-immune|p1b: Rotom|[from] ability: Levitate\n|-supereffective|p1a: Iron Hands\n|-damage|p1a: Iron Hands|26\/100\n|\n|upkeep\n|turn|4\n|inactive|Lazy92 has 30 seconds left.\n|inactive|GiantSoyBean has 30 seconds left.\n|inactive|GiantSoyBean has 20 seconds left.\n|inactive|Lazy92 has 20 seconds left.\n|inactive|GiantSoyBean has 15 seconds left.\n|inactive|Lazy92 has 15 seconds left.\n|inactive|Lazy92 has 10 seconds left.\n|inactive|Lazy92 has 5 seconds left.\n|\n|t:|1681826411\n|switch|p2a: Palafin|Palafin-Hero, L50, M, shiny|95\/100 brn\n|-activate|p2a: Palafin|ability: Zero to Hero\n|move|p2b: Gyarados|Protect|p2b: Gyarados\n|-singleturn|p2b: Gyarados|Protect\n|move|p1b: Rotom|Volt Switch|p2b: Gyarados\n|-activate|p2b: Gyarados|move: Protect\n|move|p1a: Iron Hands|Drain Punch|p2a: Palafin\n|-damage|p2a: Palafin|52\/100 brn\n|-heal|p1a: Iron Hands|41\/100|[from] drain|[of] p2a: Palafin\n|\n|-damage|p2a: Palafin|46\/100 brn|[from] brn\n|upkeep\n|turn|5\n|\n|t:|1681826432\n|switch|p2b: Arcanine|Arcanine, L50, M|90\/100\n|-ability|p2b: Arcanine|Intimidate|boost\n|-unboost|p1a: Iron Hands|atk|1\n|-unboost|p1b: Rotom|atk|1\n|-terastallize|p1b: Rotom|Electric\n|move|p2a: Palafin|Wave Crash|p1a: Iron Hands\n|-damage|p1a: Iron Hands|18\/100\n|-damage|p2a: Palafin|35\/100 brn|[from] Recoil\n|move|p1b: Rotom|Discharge|p2b: Arcanine|[spread] p1a,p2a,p2b\n|-resisted|p1a: Iron Hands\n|-supereffective|p2a: Palafin\n|-damage|p1a: Iron Hands|10\/100\n|-damage|p2a: Palafin|0 fnt\n|-damage|p2b: Arcanine|69\/100\n|faint|p2a: Palafin\n|move|p1a: Iron Hands|Volt Switch|p2b: Arcanine\n|-damage|p2b: Arcanine|61\/100\n|\n|t:|1681826448\n|-end|p1a: Iron Hands|Quark Drive|[silent]\n|switch|p1a: Iron Bundle|Iron Bundle, L50|100\/100|[from] Volt Switch\n|-enditem|p1a: Iron Bundle|Booster Energy\n|-activate|p1a: Iron Bundle|ability: Quark Drive|[fromitem]\n|-start|p1a: Iron Bundle|quarkdrivespe\n|\n|upkeep\n|\n|t:|1681826455\n|switch|p2a: Ting-Lu|Ting-Lu, L50|40\/100\n|-ability|p2a: Ting-Lu|Vessel of Ruin\n|turn|6\n|inactive|GiantSoyBean has 30 seconds left.\n|\n|t:|1681826482\n|move|p1a: Iron Bundle|Freeze-Dry|p2a: Ting-Lu\n|-supereffective|p2a: Ting-Lu\n|-damage|p2a: Ting-Lu|0 fnt\n|faint|p2a: Ting-Lu\n|move|p2b: Arcanine|Close Combat|p1b: Rotom\n|-damage|p1b: Rotom|68\/100\n|-unboost|p2b: Arcanine|def|1\n|-unboost|p2b: Arcanine|spd|1\n|move|p1b: Rotom|Hydro Pump|p2b: Arcanine\n|-supereffective|p2b: Arcanine\n|-damage|p2b: Arcanine|0 fnt\n|faint|p2b: Arcanine\n|\n|-heal|p1b: Rotom|74\/100|[from] item: Leftovers\n|upkeep\n|\n|t:|1681826486\n|switch|p2b: Gyarados|Gyarados, L50, M, shiny|100\/100\n|-ability|p2b: Gyarados|Intimidate|boost\n|-unboost|p1a: Iron Bundle|atk|1\n|-unboost|p1b: Rotom|atk|1\n|turn|7\n|\n|t:|1681826500\n|move|p1a: Iron Bundle|Freeze-Dry|p2b: Gyarados\n|-supereffective|p2b: Gyarados\n|-damage|p2b: Gyarados|9\/100\n|move|p1b: Rotom|Volt Switch|p2b: Gyarados\n|-supereffective|p2b: Gyarados\n|-damage|p2b: Gyarados|0 fnt\n|faint|p2b: Gyarados\n|\n|win|Lazy92\n|raw|Lazy92's rating: 1208 → 1231<\/strong> (+23 for winning)\n|raw|GiantSoyBean's rating: 1174 → 1151<\/strong> (-23 for losing)\n","uploadtime":1681826509,"views":5,"p1id":"lazy92","p2id":"giantsoybean","formatid":"gen9vgc2023regulationc","rating":1151,"private":0,"password":""}