{"id":"gen9vgc2023regulationc-1849753907","p1":"R2VGC","p2":"jebongskiman","format":"[Gen 9] VGC 2023 Regulation C","log":"|j|\u2606R2VGC\n|j|\u2606jebongskiman\n|t:|1682245696\n|gametype|doubles\n|player|p1|R2VGC|266|1253\n|player|p2|jebongskiman|ingo|1158\n|teamsize|p1|6\n|teamsize|p2|6\n|gen|9\n|tier|[Gen 9] VGC 2023 Regulation C\n|rated|\n|rule|Species Clause: Limit one of each Pok\u00e9mon\n|rule|Item Clause: Limit one of each item\n|clearpoke\n|poke|p1|Flutter Mane, L50|\n|poke|p1|Garganacl, L50, F|\n|poke|p1|Amoonguss, L50, F|\n|poke|p1|Palafin, L50, M|\n|poke|p1|Arcanine, L50, F|\n|poke|p1|Ting-Lu, L50|\n|poke|p2|Arboliva, L50, F|\n|poke|p2|Abomasnow, L50, M|\n|poke|p2|Torkoal, L50, M|\n|poke|p2|Pelipper, L50, F|\n|poke|p2|Hippowdon, L50, M|\n|poke|p2|Oranguru, L50, M|\n|teampreview|4\n|inactive|Battle timer is ON: inactive players will automatically lose when time's up. (requested by jebongskiman)\n|\n|t:|1682245730\n|start\n|switch|p1a: Garganacl|Garganacl, L50, F|100\/100\n|switch|p1b: Palafin|Palafin, L50, M|100\/100\n|switch|p2a: Oranguru|Oranguru, L50, M|100\/100\n|switch|p2b: Torkoal|Torkoal, L50, M|100\/100\n|-weather|SunnyDay|[from] ability: Drought|[of] p2b: Torkoal\n|turn|1\n|inactive|R2VGC has 30 seconds left.\n|inactive|jebongskiman has 30 seconds left.\n|\n|t:|1682245758\n|move|p1b: Palafin|Protect|p1b: Palafin\n|-singleturn|p1b: Palafin|Protect\n|move|p2b: Torkoal|Protect|p2b: Torkoal\n|-singleturn|p2b: Torkoal|Protect\n|move|p1a: Garganacl|Stealth Rock|p2b: Torkoal\n|-sidestart|p2: jebongskiman|move: Stealth Rock\n|move|p2a: Oranguru|Trick Room|p2a: Oranguru\n|-fieldstart|move: Trick Room|[of] p2a: Oranguru\n|\n|-weather|SunnyDay|[upkeep]\n|upkeep\n|turn|2\n|\n|t:|1682245781\n|detailschange|p1b: Palafin|Palafin-Hero, L50, M\n|switch|p1b: Amoonguss|Amoonguss, L50, F|100\/100\n|-terastallize|p2b: Torkoal|Fire\n|move|p2b: Torkoal|Eruption|p1b: Amoonguss|[spread] p1a,p1b\n|-resisted|p1a: Garganacl\n|-supereffective|p1b: Amoonguss\n|-damage|p1a: Garganacl|62\/100\n|-damage|p1b: Amoonguss|0 fnt\n|faint|p1b: Amoonguss\n|move|p1a: Garganacl|Salt Cure|p2b: Torkoal\n|-supereffective|p2b: Torkoal\n|-damage|p2b: Torkoal|76\/100\n|-start|p2b: Torkoal|Salt Cure\n|move|p2a: Oranguru|Instruct|p2b: Torkoal\n|-singleturn|p2b: Torkoal|move: Instruct|[of] p2a: Oranguru\n|move|p2b: Torkoal|Eruption|p1a: Garganacl\n|-resisted|p1a: Garganacl\n|-damage|p1a: Garganacl|20\/100\n|\n|-weather|SunnyDay|[upkeep]\n|-heal|p1a: Garganacl|26\/100|[from] item: Leftovers\n|-damage|p2b: Torkoal|64\/100|[from] Salt Cure\n|upkeep\n|\n|t:|1682245804\n|switch|p1b: Palafin|Palafin-Hero, L50, M|100\/100\n|-activate|p1b: Palafin|ability: Zero to Hero\n|turn|3\n|\n|t:|1682245827\n|switch|p2b: Arboliva|Arboliva, L50, F|100\/100\n|-damage|p2b: Arboliva|88\/100|[from] Stealth Rock\n|move|p1b: Palafin|Jet Punch|p2b: Arboliva\n|-resisted|p2b: Arboliva\n|-damage|p2b: Arboliva|75\/100\n|move|p1a: Garganacl|Recover|p1a: Garganacl\n|-heal|p1a: Garganacl|76\/100\n|move|p2a: Oranguru|Foul Play|p1b: Palafin\n|-damage|p1b: Palafin|64\/100\n|\n|-weather|SunnyDay|[upkeep]\n|-heal|p1a: Garganacl|82\/100|[from] item: Leftovers\n|upkeep\n|turn|4\n|inactive|R2VGC has 30 seconds left.\n|\n|t:|1682245858\n|switch|p1b: Arcanine|Arcanine, L50, F|100\/100\n|-ability|p1b: Arcanine|Intimidate|boost\n|-fail|p2a: Oranguru|unboost|Attack|[from] ability: Inner Focus|[of] p2a: Oranguru\n|-unboost|p2b: Arboliva|atk|1\n|move|p2b: Arboliva|Energy Ball|p1a: Garganacl\n|-supereffective|p1a: Garganacl\n|-damage|p1a: Garganacl|17\/100\n|move|p1a: Garganacl|Salt Cure|p2b: Arboliva\n|-damage|p2b: Arboliva|57\/100\n|-start|p2b: Arboliva|Salt Cure\n|move|p2a: Oranguru|Instruct|p2b: Arboliva\n|-singleturn|p2b: Arboliva|move: Instruct|[of] p2a: Oranguru\n|move|p2b: Arboliva|Energy Ball|p1a: Garganacl\n|-supereffective|p1a: Garganacl\n|-damage|p1a: Garganacl|0 fnt\n|faint|p1a: Garganacl\n|\n|-weather|SunnyDay|[upkeep]\n|-damage|p2b: Arboliva|45\/100|[from] Salt Cure\n|upkeep\n|-enditem|p2b: Arboliva|Sitrus Berry|[eat]\n|-heal|p2b: Arboliva|70\/100|[from] item: Sitrus Berry\n|\n|t:|1682245881\n|switch|p1a: Palafin|Palafin-Hero, L50, M|64\/100\n|turn|5\n|inactive|jebongskiman has 30 seconds left.\n|\n|t:|1682245909\n|switch|p2b: Pelipper|Pelipper, L50, F|100\/100\n|-damage|p2b: Pelipper|76\/100|[from] Stealth Rock\n|-weather|RainDance|[from] ability: Drizzle|[of] p2b: Pelipper\n|move|p1a: Palafin|Protect|p1a: Palafin\n|-singleturn|p1a: Palafin|Protect\n|move|p2a: Oranguru|Foul Play|p1b: Arcanine\n|-damage|p1b: Arcanine|70\/100\n|move|p1b: Arcanine|Flare Blitz|p2b: Pelipper\n|-resisted|p2b: Pelipper\n|-damage|p2b: Pelipper|62\/100\n|-damage|p1b: Arcanine|65\/100|[from] Recoil\n|\n|-weather|RainDance|[upkeep]\n|-fieldend|move: Trick Room\n|upkeep\n|turn|6\n|inactive|R2VGC has 30 seconds left.\n|\n|t:|1682245934\n|switch|p2b: Torkoal|Torkoal, L50, M, tera:Fire|64\/100\n|-damage|p2b: Torkoal|39\/100|[from] Stealth Rock\n|-weather|SunnyDay|[from] ability: Drought|[of] p2b: Torkoal\n|move|p1b: Arcanine|Howl|p1b: Arcanine|[spread] p1a,p1b\n|-boost|p1a: Palafin|atk|1\n|-boost|p1b: Arcanine|atk|1\n|move|p1a: Palafin|Drain Punch|p2a: Oranguru\n|-damage|p2a: Oranguru|60\/100\n|-heal|p1a: Palafin|84\/100|[from] drain|[of] p2a: Oranguru\n|move|p2a: Oranguru|Trick Room|p2a: Oranguru\n|-fieldstart|move: Trick Room|[of] p2a: Oranguru\n|\n|-weather|SunnyDay|[upkeep]\n|upkeep\n|turn|7\n|inactive|jebongskiman has 30 seconds left.\n|inactive|jebongskiman has 20 seconds left.\n|\n|t:|1682245970\n|move|p1b: Arcanine|Extreme Speed|p2a: Oranguru\n|-damage|p2a: Oranguru|31\/100\n|move|p1a: Palafin|Jet Punch|p2b: Torkoal\n|-supereffective|p2b: Torkoal\n|-damage|p2b: Torkoal|0 fnt\n|faint|p2b: Torkoal\n|move|p2a: Oranguru|Instruct|p2: Torkoal|[notarget]\n|-fail|p2a: Oranguru\n|\n|-weather|SunnyDay|[upkeep]\n|upkeep\n|\n|t:|1682245976\n|switch|p2b: Arboliva|Arboliva, L50, F|70\/100\n|-damage|p2b: Arboliva|58\/100|[from] Stealth Rock\n|turn|8\n|\n|t:|1682245990\n|switch|p2a: Pelipper|Pelipper, L50, F|62\/100\n|-damage|p2a: Pelipper|37\/100|[from] Stealth Rock\n|-weather|RainDance|[from] ability: Drizzle|[of] p2a: Pelipper\n|move|p1a: Palafin|Protect|p1a: Palafin\n|-singleturn|p1a: Palafin|Protect\n|move|p2b: Arboliva|Weather Ball|p1b: Arcanine\n|-supereffective|p1b: Arcanine\n|-damage|p1b: Arcanine|0 fnt\n|faint|p1b: Arcanine\n|\n|-weather|RainDance|[upkeep]\n|upkeep\n|turn|9\n|inactive|jebongskiman has 30 seconds left.\n|\n|t:|1682246015\n|move|p2b: Arboliva|Protect|p2b: Arboliva\n|-singleturn|p2b: Arboliva|Protect\n|move|p2a: Pelipper|Hurricane|p1a: Palafin\n|-damage|p1a: Palafin|30\/100\n|move|p1a: Palafin|Drain Punch|p2b: Arboliva\n|-activate|p2b: Arboliva|move: Protect\n|\n|-weather|RainDance|[upkeep]\n|-item|p2b: Arboliva|Sitrus Berry|[from] ability: Harvest\n|upkeep\n|turn|10\n|\n|t:|1682246028\n|switch|p2b: Oranguru|Oranguru, L50, M|31\/100\n|-damage|p2b: Oranguru|19\/100|[from] Stealth Rock\n|move|p1a: Palafin|Protect|p1a: Palafin\n|-singleturn|p1a: Palafin|Protect\n|move|p2a: Pelipper|Hurricane|p1a: Palafin\n|-activate|p1a: Palafin|move: Protect\n|\n|-weather|RainDance|[upkeep]\n|-fieldend|move: Trick Room\n|upkeep\n|turn|11\n|\n|t:|1682246041\n|move|p1a: Palafin|Drain Punch|p2a: Pelipper\n|-resisted|p2a: Pelipper\n|-damage|p2a: Pelipper|6\/100\n|-heal|p1a: Palafin|43\/100|[from] drain|[of] p2a: Pelipper\n|move|p2a: Pelipper|Hurricane|p1a: Palafin\n|-damage|p1a: Palafin|0 fnt\n|faint|p1a: Palafin\n|\n|win|jebongskiman\n|raw|R2VGC's rating: 1253 → 1221<\/strong> (-32 for losing)\n|raw|jebongskiman's rating: 1158 → 1190<\/strong> (+32 for winning)\n|l|\u2606jebongskiman\n","uploadtime":1682246050,"views":14,"p1id":"r2vgc","p2id":"jebongskiman","formatid":"gen9vgc2023regulationc","rating":1190,"private":0,"password":""}