{"id":"gen9vgc2023regulationc-1848752746","p1":"WillieDangerously","p2":"Sorenjedi","format":"[Gen 9] VGC 2023 Regulation C","log":"|j|\u2606WillieDangerously\n|j|\u2606Sorenjedi\n|t:|1682106904\n|gametype|doubles\n|player|p1|WillieDangerously|psychic-gen4|1082\n|player|p2|Sorenjedi|1|1037\n|teamsize|p1|6\n|teamsize|p2|6\n|gen|9\n|tier|[Gen 9] VGC 2023 Regulation C\n|rated|\n|rule|Species Clause: Limit one of each Pok\u00e9mon\n|rule|Item Clause: Limit one of each item\n|clearpoke\n|poke|p1|Espathra, L50, M|\n|poke|p1|Iron Bundle, L50|\n|poke|p1|Iron Valiant, L50|\n|poke|p1|Salamence, L50, F|\n|poke|p1|Scizor, L50, M|\n|poke|p1|Sandy Shocks, L50|\n|poke|p2|Gholdengo, L50|\n|poke|p2|Palafin, L50, F|\n|poke|p2|Baxcalibur, L50, M|\n|poke|p2|Garchomp, L50, F|\n|poke|p2|Great Tusk, L50|\n|poke|p2|Dragonite, L50, M|\n|teampreview|4\n|\n|t:|1682106938\n|start\n|switch|p1a: Sandy Shocks|Sandy Shocks, L50|100\/100\n|switch|p1b: Espathra|Espathra, L50, M|100\/100\n|switch|p2a: Palafin|Palafin, L50, F|100\/100\n|switch|p2b: Gholdengo|Gholdengo, L50|100\/100\n|-enditem|p1a: Sandy Shocks|Booster Energy\n|-activate|p1a: Sandy Shocks|ability: Protosynthesis|[fromitem]\n|-start|p1a: Sandy Shocks|protosynthesisspe\n|turn|1\n|\n|t:|1682106971\n|-terastallize|p1b: Espathra|Fairy\n|move|p1a: Sandy Shocks|Gravity|p1a: Sandy Shocks\n|-fieldstart|move: Gravity\n|move|p1b: Espathra|Lumina Crash|p2b: Gholdengo\n|-resisted|p2b: Gholdengo\n|-damage|p2b: Gholdengo|80\/100\n|-unboost|p2b: Gholdengo|spd|2\n|move|p2a: Palafin|Flip Turn|p1a: Sandy Shocks\n|-supereffective|p1a: Sandy Shocks\n|-damage|p1a: Sandy Shocks|34\/100\n|\n|t:|1682106987\n|detailschange|p2a: Palafin|Palafin-Hero, L50, F\n|switch|p2a: Garchomp|Garchomp, L50, F|100\/100|[from] Flip Turn\n|move|p2b: Gholdengo|Nasty Plot|p2b: Gholdengo\n|-boost|p2b: Gholdengo|spa|2\n|\n|-ability|p1b: Espathra|Speed Boost|boost\n|-boost|p1b: Espathra|spe|1\n|upkeep\n|turn|2\n|\n|t:|1682107000\n|move|p1b: Espathra|Hypnosis|p2a: Garchomp\n|-status|p2a: Garchomp|slp|[from] move: Hypnosis\n|move|p1a: Sandy Shocks|Earth Power|p2b: Gholdengo\n|-supereffective|p2b: Gholdengo\n|-damage|p2b: Gholdengo|0 fnt\n|faint|p2b: Gholdengo\n|cant|p2a: Garchomp|slp\n|\n|-ability|p1b: Espathra|Speed Boost|boost\n|-boost|p1b: Espathra|spe|1\n|upkeep\n|\n|t:|1682107012\n|switch|p2b: Palafin|Palafin-Hero, L50, F|100\/100\n|-activate|p2b: Palafin|ability: Zero to Hero\n|turn|3\n|\n|t:|1682107033\n|move|p1a: Sandy Shocks|Protect|p1a: Sandy Shocks\n|-singleturn|p1a: Sandy Shocks|Protect\n|move|p2b: Palafin|Jet Punch|p1a: Sandy Shocks\n|-activate|p1a: Sandy Shocks|move: Protect\n|move|p1b: Espathra|Hypnosis|p2b: Palafin\n|-status|p2b: Palafin|slp|[from] move: Hypnosis\n|cant|p2a: Garchomp|slp\n|\n|-ability|p1b: Espathra|Speed Boost|boost\n|-boost|p1b: Espathra|spe|1\n|upkeep\n|turn|4\n|\n|t:|1682107069\n|cant|p2b: Palafin|slp\n|move|p1b: Espathra|Lumina Crash|p2a: Garchomp\n|-damage|p2a: Garchomp|64\/100 slp\n|-unboost|p2a: Garchomp|spd|2\n|move|p1a: Sandy Shocks|Thunder|p2b: Palafin\n|-supereffective|p2b: Palafin\n|-damage|p2b: Palafin|0 fnt\n|faint|p2b: Palafin\n|-curestatus|p2a: Garchomp|slp|[msg]\n|move|p2a: Garchomp|Substitute|p2a: Garchomp\n|-start|p2a: Garchomp|Substitute\n|-damage|p2a: Garchomp|40\/100\n|\n|-heal|p2a: Garchomp|46\/100|[from] item: Leftovers\n|-ability|p1b: Espathra|Speed Boost|boost\n|-boost|p1b: Espathra|spe|1\n|upkeep\n|\n|t:|1682107086\n|switch|p2b: Baxcalibur|Baxcalibur, L50, M|100\/100\n|turn|5\n|\n|t:|1682107112\n|move|p1a: Sandy Shocks|Protect|p1a: Sandy Shocks\n|-singleturn|p1a: Sandy Shocks|Protect\n|move|p1b: Espathra|Hypnosis|p2b: Baxcalibur\n|-status|p2b: Baxcalibur|slp|[from] move: Hypnosis\n|move|p2a: Garchomp|Swords Dance|p2a: Garchomp\n|-boost|p2a: Garchomp|atk|2\n|cant|p2b: Baxcalibur|slp\n|\n|-heal|p2a: Garchomp|52\/100|[from] item: Leftovers\n|-fieldend|move: Gravity\n|-ability|p1b: Espathra|Speed Boost|boost\n|-boost|p1b: Espathra|spe|1\n|upkeep\n|turn|6\n|\n|t:|1682107130\n|move|p1b: Espathra|Dazzling Gleam|p2b: Baxcalibur|[spread] p2a,p2b\n|-supereffective|p2a: Garchomp\n|-end|p2a: Garchomp|Substitute\n|-supereffective|p2b: Baxcalibur\n|-damage|p2b: Baxcalibur|58\/100 slp\n|move|p1a: Sandy Shocks|Earth Power|p2a: Garchomp\n|-damage|p2a: Garchomp|0 fnt\n|faint|p2a: Garchomp\n|cant|p2b: Baxcalibur|slp\n|\n|-ability|p1b: Espathra|Speed Boost|boost\n|-boost|p1b: Espathra|spe|1\n|upkeep\n|turn|7\n|\n|t:|1682107142\n|move|p1b: Espathra|Lumina Crash|p2b: Baxcalibur\n|-damage|p2b: Baxcalibur|29\/100 slp\n|-unboost|p2b: Baxcalibur|spd|2\n|move|p1a: Sandy Shocks|Gravity|p1a: Sandy Shocks\n|-fieldstart|move: Gravity\n|-curestatus|p2b: Baxcalibur|slp|[msg]\n|move|p2b: Baxcalibur|Iron Head|p1b: Espathra\n|-supereffective|p1b: Espathra\n|-damage|p1b: Espathra|7\/100\n|\n|upkeep\n|turn|8\n|\n|t:|1682107155\n|move|p1b: Espathra|Dazzling Gleam|p2b: Baxcalibur\n|-supereffective|p2b: Baxcalibur\n|-damage|p2b: Baxcalibur|0 fnt\n|faint|p2b: Baxcalibur\n|\n|win|WillieDangerously\n|raw|WillieDangerously's rating: 1082 → 1106<\/strong> (+24 for winning)\n|raw|Sorenjedi's rating: 1037 → 1023<\/strong> (-14 for losing)\n|c|\u2606Sorenjedi|gg\n|l|\u2606Sorenjedi\n","uploadtime":1682107199,"views":11,"p1id":"williedangerously","p2id":"sorenjedi","formatid":"gen9vgc2023regulationc","rating":1023,"private":0,"password":""}