{"id":"gen9vgc2023regulationc-1862117886","p1":"WBG Angel","p2":"exstraspaceDND","format":"[Gen 9] VGC 2023 Regulation C","log":"|j|\u2606WBG Angel\n|j|\u2606exstraspaceDND\n|t:|1683838797\n|gametype|doubles\n|player|p1|WBG Angel|dahlia|\n|player|p2|exstraspaceDND|drayden|\n|teamsize|p1|6\n|teamsize|p2|6\n|gen|9\n|tier|[Gen 9] VGC 2023 Regulation C\n|rule|Species Clause: Limit one of each Pok\u00e9mon\n|rule|Item Clause: Limit one of each item\n|clearpoke\n|poke|p1|Talonflame, L50, F|\n|poke|p1|Flutter Mane, L50|\n|poke|p1|Breloom, L50, M|\n|poke|p1|Tinkatuff, L50, F|\n|poke|p1|Krookodile, L50, F|\n|poke|p1|Baxcalibur, L50, F|\n|poke|p2|Garchomp, L50, M|\n|poke|p2|Iron Bundle, L50|\n|poke|p2|Rotom-Heat, L50|\n|poke|p2|Scizor, L50, F|\n|poke|p2|Jumpluff, L50, F|\n|poke|p2|Hydreigon, L50, F|\n|teampreview|4\n|c|\u2606WBG Angel|G2\n|j| eshe0\n|c|\u2606exstraspaceDND|glhf\n|c|\u2606WBG Angel|Gl hf\nWBG Angel rejected open team sheets.\n|j| judevgc\n|\n|t:|1683839107\n|start\n|switch|p1a: Talonflame|Talonflame, L50, F|100\/100\n|switch|p1b: Flutter Mane|Flutter Mane, L50|100\/100\n|switch|p2a: Chopper|Garchomp, L50, M|100\/100\n|switch|p2b: Jojo reference|Rotom-Heat, L50|100\/100\n|turn|1\n|\n|t:|1683839125\n|-terastallize|p2a: Chopper|Rock\n|move|p2b: Jojo reference|Protect|p2b: Jojo reference\n|-singleturn|p2b: Jojo reference|Protect\n|move|p1a: Talonflame|Will-O-Wisp|p2a: Chopper\n|-status|p2a: Chopper|brn\n|-enditem|p2a: Chopper|Lum Berry|[eat]\n|-curestatus|p2a: Chopper|brn|[msg]\n|move|p1b: Flutter Mane|Power Gem|p2b: Jojo reference\n|-activate|p2b: Jojo reference|move: Protect\n|move|p2a: Chopper|Rock Slide|p1a: Talonflame|[spread] p1b\n|-miss|p2a: Chopper|p1a: Talonflame\n|-damage|p1b: Flutter Mane|45\/100\n|\n|upkeep\n|turn|2\n|c|\u2606exstraspaceDND|fuckkkk\n|c| eshe0|tbf there was a 50% chance to land that rock slide\n|c| eshe0|you could have landed it or not\n|c|\u2606exstraspaceDND|yeaa\n|\n|t:|1683839228\n|move|p1b: Flutter Mane|Protect|p1b: Flutter Mane\n|-singleturn|p1b: Flutter Mane|Protect\n|move|p2a: Chopper|Protect|p2a: Chopper\n|-singleturn|p2a: Chopper|Protect\n|move|p1a: Talonflame|Tailwind|p1a: Talonflame\n|-sidestart|p1: WBG Angel|move: Tailwind\n|move|p2b: Jojo reference|Discharge|p1a: Talonflame|[spread] p1a\n|-activate|p2a: Chopper|move: Protect\n|-activate|p1b: Flutter Mane|move: Protect\n|-supereffective|p1a: Talonflame\n|-damage|p1a: Talonflame|11\/100\n|-damage|p2b: Jojo reference|91\/100|[from] item: Life Orb\n|\n|upkeep\n|turn|3\n|\n|t:|1683839265\n|move|p2b: Jojo reference|Protect|p2b: Jojo reference\n|-singleturn|p2b: Jojo reference|Protect\n|move|p1a: Talonflame|Will-O-Wisp|p2a: Chopper\n|-status|p2a: Chopper|brn\n|move|p1b: Flutter Mane|Power Gem|p2b: Jojo reference\n|-activate|p2b: Jojo reference|move: Protect\n|move|p2a: Chopper|Rock Slide|p1a: Talonflame|[spread] p1a,p1b\n|-supereffective|p1a: Talonflame\n|-damage|p1a: Talonflame|0 fnt\n|-damage|p1b: Flutter Mane|14\/100\n|faint|p1a: Talonflame\n|\n|-damage|p2a: Chopper|95\/100 brn|[from] brn\n|upkeep\n|\n|t:|1683839284\n|switch|p1a: Breloom|Breloom, L50, M|100\/100\n|turn|4\n|\n|t:|1683839296\n|move|p1b: Flutter Mane|Power Gem|p2b: Jojo reference\n|-supereffective|p2b: Jojo reference\n|-damage|p2b: Jojo reference|3\/100\n|move|p1a: Breloom|Swords Dance|p1a: Breloom\n|-boost|p1a: Breloom|atk|2\n|move|p2a: Chopper|Earthquake|p1a: Breloom|[spread] p1a,p1b\n|-immune|p2b: Jojo reference|[from] ability: Levitate\n|-resisted|p1a: Breloom\n|-damage|p1a: Breloom|88\/100\n|-damage|p1b: Flutter Mane|0 fnt\n|faint|p1b: Flutter Mane\n|-end|p1b: Flutter Mane|Protosynthesis|[silent]\n|move|p2b: Jojo reference|Discharge|p1a: Breloom|[spread] p2a,p1a\n|-resisted|p1a: Breloom\n|-damage|p2a: Chopper|56\/100 brn\n|-damage|p1a: Breloom|62\/100\n|-status|p1a: Breloom|par\n|-damage|p2b: Jojo reference|0 fnt|[from] item: Life Orb\n|faint|p2b: Jojo reference\n|\n|-damage|p2a: Chopper|50\/100 brn|[from] brn\n|upkeep\n|c| eshe0|omg, this is intense\n|\n|t:|1683839318\n|switch|p1b: Krookodile|Krookodile, L50, F|100\/100\n|switch|p2b: Punchy|Scizor, L50, F|100\/100\n|-ability|p1b: Krookodile|Intimidate|boost\n|-unboost|p2a: Chopper|atk|1\n|-unboost|p2b: Punchy|atk|1\n|turn|5\n|l| judevgc\n|\n|t:|1683839338\n|-terastallize|p1b: Krookodile|Ground\n|move|p1a: Breloom|Protect|p1a: Breloom\n|-singleturn|p1a: Breloom|Protect\n|move|p1b: Krookodile|Earthquake|p2a: Chopper|[spread] p2a,p2b\n|-activate|p1a: Breloom|move: Protect\n|-supereffective|p2a: Chopper\n|-damage|p2a: Chopper|0 fnt\n|-damage|p2b: Punchy|53\/100\n|faint|p2a: Chopper\n|move|p2b: Punchy|U-turn|p1b: Krookodile\n|-damage|p1b: Krookodile|50\/100\n|\n|t:|1683839348\n|switch|p2b: Epper|Jumpluff, L50, F|100\/100|[from] U-turn\n|\n|-sideend|p1: WBG Angel|move: Tailwind\n|upkeep\n|\n|t:|1683839351\n|switch|p2a: Punchy|Scizor, L50, F|53\/100\n|turn|6\n|\n|t:|1683839388\n|move|p1a: Breloom|Mach Punch|p2a: Punchy\n|-damage|p2a: Punchy|0 fnt\n|faint|p2a: Punchy\n|-damage|p1a: Breloom|52\/100 par|[from] item: Life Orb\n|move|p2b: Epper|Sleep Powder|p1b: Krookodile\n|-status|p1b: Krookodile|slp|[from] move: Sleep Powder\n|cant|p1b: Krookodile|slp\n|\n|upkeep\n|turn|7\n|\n|t:|1683839413\n|move|p2b: Epper|Pollen Puff|p1a: Breloom\n|-damage|p1a: Breloom|30\/100 par\n|-curestatus|p1b: Krookodile|slp|[msg]\n|move|p1b: Krookodile|Rock Slide|p2b: Epper\n|-supereffective|p2b: Epper\n|-damage|p2b: Epper|39\/100\n|move|p1a: Breloom|Swords Dance|p1a: Breloom\n|-boost|p1a: Breloom|atk|2\n|\n|upkeep\n|turn|8\n|c|\u2606exstraspaceDND|ggs\n|c| eshe0|gg\n|\n|t:|1683839430\n|move|p1a: Breloom|Mach Punch|p2b: Epper\n|-resisted|p2b: Epper\n|-damage|p2b: Epper|0 fnt\n|faint|p2b: Epper\n|-damage|p1a: Breloom|20\/100 par|[from] item: Life Orb\n|\n|win|WBG Angel\n|c|\u2606WBG Angel|Gg wp\n|c|\u2606exstraspaceDND|do we go to game 3 or?\n|c| eshe0|i thought you'd bullet punch loom\n|c|\u2606exstraspaceDND|yee im dumb\n|c| eshe0|g3 is not relevant\n|c|\u2606WBG Angel|Nah we dont go to g3\n|c|\u2606exstraspaceDND|ok ok\n|c|\u2606exstraspaceDND|ggs\n|c| eshe0|you can play it for fun, but it doesn't count for anything\n|c|\u2606exstraspaceDND|nah i gata go to sleep\n|c| eshe0|gn, lads\n|l| eshe0\n|c|\u2606exstraspaceDND|gn\n|l|\u2606exstraspaceDND\n","uploadtime":1683839520,"views":17,"p1id":"wbgangel","p2id":"exstraspacednd","formatid":"gen9vgc2023regulationc","rating":0,"private":0,"password":""}