{"id":"gen9vgc2023regulationc-1855142780","p1":"joscake","p2":"ScalonetaPibe","format":"[Gen 9] VGC 2023 Regulation C","log":"|j|\u2606joscake\n|j|\u2606ScalonetaPibe\n|t:|1682906498\n|gametype|doubles\n|player|p1|joscake|hilbert-wonderlauncher|\n|player|p2|ScalonetaPibe|pokemaniac|\n|teamsize|p1|6\n|teamsize|p2|6\n|gen|9\n|tier|[Gen 9] VGC 2023 Regulation C\n|rule|Species Clause: Limit one of each Pok\u00e9mon\n|rule|Item Clause: Limit one of each item\n|clearpoke\n|poke|p1|Goodra, L50, M|\n|poke|p1|Talonflame, L50, M|\n|poke|p1|Glalie, L50, F|\n|poke|p1|Dragonite, L50, F|\n|poke|p1|Rotom-Wash, L50|\n|poke|p1|Annihilape, L50, M|\n|poke|p2|Torkoal, L50, M|\n|poke|p2|Great Tusk, L50|\n|poke|p2|Raichu, L50, M|\n|poke|p2|Annihilape, L50, F|\n|poke|p2|Rotom-Mow, L50|\n|poke|p2|Dragonite, L50, F|\n|teampreview|4\n|l|\u2606ScalonetaPibe\n|player|p2|\n|j|\u2606ScalonetaPibe\n|player|p2|ScalonetaPibe|pokemaniac\n|\n|t:|1682906585\n|start\n|switch|p1a: Rotom|Rotom-Wash, L50|100\/100\n|switch|p1b: Goodra|Goodra, L50, M|100\/100\n|switch|p2a: Dragonite|Dragonite, L50, F|100\/100\n|switch|p2b: Great Tusk|Great Tusk, L50|100\/100\n|turn|1\n|j| buenocomoeloro\n|\n|t:|1682906609\n|switch|p2a: Torkoal|Torkoal, L50, M|100\/100\n|-weather|SunnyDay|[from] ability: Drought|[of] p2a: Torkoal\n|-activate|p2b: Great Tusk|ability: Protosynthesis\n|-start|p2b: Great Tusk|protosynthesisatk\n|-terastallize|p2b: Great Tusk|Grass\n|move|p2b: Great Tusk|Tera Blast|p1a: Rotom\n|-supereffective|p1a: Rotom\n|-damage|p1a: Rotom|4\/100\n|-enditem|p1a: Rotom|Wiki Berry|[eat]\n|-heal|p1a: Rotom|37\/100|[from] item: Wiki Berry\n|move|p1a: Rotom|Reflect|p1a: Rotom\n|-sidestart|p1: joscake|Reflect\n|move|p1b: Goodra|Draco Meteor|p2a: Torkoal\n|-damage|p2a: Torkoal|53\/100\n|-unboost|p1b: Goodra|spa|2\n|\n|-weather|SunnyDay|[upkeep]\n|upkeep\n|turn|2\n|\n|t:|1682906636\n|move|p1a: Rotom|Protect|p1a: Rotom\n|-singleturn|p1a: Rotom|Protect\n|move|p2b: Great Tusk|Tera Blast|p1a: Rotom\n|-activate|p1a: Rotom|move: Protect\n|move|p1b: Goodra|Rain Dance|p1b: Goodra\n|-weather|RainDance\n|-end|p2b: Great Tusk|Protosynthesis\n|move|p2a: Torkoal|Overheat|p1a: Rotom\n|-activate|p1a: Rotom|move: Protect\n|\n|-weather|RainDance|[upkeep]\n|upkeep\n|turn|3\n|\n|t:|1682906662\n|switch|p1a: Talonflame|Talonflame, L50, M|100\/100\n|move|p2b: Great Tusk|Tera Blast|p1a: Talonflame\n|-resisted|p1a: Talonflame\n|-damage|p1a: Talonflame|90\/100\n|move|p1b: Goodra|Acid Armor|p1b: Goodra\n|-boost|p1b: Goodra|def|2\n|move|p2a: Torkoal|Overheat|p1b: Goodra\n|-resisted|p1b: Goodra\n|-damage|p1b: Goodra|93\/100\n|-unboost|p2a: Torkoal|spa|2\n|-enditem|p2a: Torkoal|Eject Pack\n|\n|t:|1682906671\n|switch|p2a: Dragonite|Dragonite, L50, F|100\/100\n|\n|-weather|RainDance|[upkeep]\n|-heal|p1b: Goodra|99\/100|[from] item: Leftovers\n|upkeep\n|turn|4\n|\n|t:|1682906686\n|-end|p2b: Great Tusk|Protosynthesis|[silent]\n|switch|p2b: Torkoal|Torkoal, L50, M|53\/100\n|-weather|SunnyDay|[from] ability: Drought|[of] p2b: Torkoal\n|move|p1a: Talonflame|Will-O-Wisp|p2a: Dragonite\n|-status|p2a: Dragonite|brn\n|-enditem|p2a: Dragonite|Lum Berry|[eat]\n|-curestatus|p2a: Dragonite|brn|[msg]\n|move|p2a: Dragonite|Dragon Dance|p2a: Dragonite\n|-boost|p2a: Dragonite|atk|1\n|-boost|p2a: Dragonite|spe|1\n|move|p1b: Goodra|Ice Beam|p2a: Dragonite\n|-supereffective|p2a: Dragonite\n|-damage|p2a: Dragonite|53\/100\n|\n|-weather|SunnyDay|[upkeep]\n|-heal|p1b: Goodra|100\/100|[from] item: Leftovers\n|upkeep\n|turn|5\n|\n|t:|1682906710\n|move|p2b: Torkoal|Helping Hand|p2a: Dragonite\n|-singleturn|p2a: Dragonite|Helping Hand|[of] p2b: Torkoal\n|move|p2a: Dragonite|Extreme Speed|p1a: Talonflame\n|-damage|p1a: Talonflame|39\/100\n|move|p1a: Talonflame|Tailwind|p1a: Talonflame\n|-sidestart|p1: joscake|move: Tailwind\n|move|p1b: Goodra|Ice Beam|p2a: Dragonite\n|-supereffective|p2a: Dragonite\n|-damage|p2a: Dragonite|3\/100\n|\n|-weather|SunnyDay|[upkeep]\n|-sideend|p1: joscake|Reflect\n|upkeep\n|turn|6\n|\n|t:|1682906737\n|switch|p1b: Rotom|Rotom-Wash, L50|37\/100\n|move|p2a: Dragonite|Extreme Speed|p1a: Talonflame\n|-damage|p1a: Talonflame|0 fnt\n|faint|p1a: Talonflame\n|move|p2b: Torkoal|Yawn|p1b: Rotom\n|-start|p1b: Rotom|move: Yawn|[of] p2b: Torkoal\n|\n|-weather|SunnyDay|[upkeep]\n|upkeep\n|\n|t:|1682906754\n|switch|p1a: Annihilape|Annihilape, L50, M|100\/100\n|turn|7\n|\n|t:|1682906777\n|move|p2a: Dragonite|Extreme Speed|p1b: Rotom\n|-damage|p1b: Rotom|8\/100\n|move|p1a: Annihilape|Rock Slide|p2b: Torkoal|[spread] p2a,p2b\n|-supereffective|p2a: Dragonite\n|-supereffective|p2b: Torkoal\n|-damage|p2a: Dragonite|0 fnt\n|-damage|p2b: Torkoal|25\/100\n|faint|p2a: Dragonite\n|move|p1b: Rotom|Reflect|p1b: Rotom\n|-sidestart|p1: joscake|Reflect\n|move|p2b: Torkoal|Yawn|p1a: Annihilape\n|-start|p1a: Annihilape|move: Yawn|[of] p2b: Torkoal\n|\n|-weather|SunnyDay|[upkeep]\n|-end|p1b: Rotom|move: Yawn|[silent]\n|-status|p1b: Rotom|slp\n|upkeep\n|\n|t:|1682906785\n|switch|p2a: The real counter|Annihilape, L50, F|100\/100\n|turn|8\n|\n|t:|1682906808\n|switch|p1a: Goodra|Goodra, L50, M|100\/100\n|cant|p1b: Rotom|slp\n|move|p2a: The real counter|Bulk Up|p2a: The real counter\n|-boost|p2a: The real counter|atk|1\n|-boost|p2a: The real counter|def|1\n|move|p2b: Torkoal|Overheat|p1b: Rotom\n|-resisted|p1b: Rotom\n|-damage|p1b: Rotom|0 fnt\n|-unboost|p2b: Torkoal|spa|2\n|faint|p1b: Rotom\n|\n|-weather|none\n|-sideend|p1: joscake|move: Tailwind\n|upkeep\n|\n|t:|1682906821\n|switch|p1b: Annihilape|Annihilape, L50, M|100\/100\n|turn|9\n|\n|t:|1682906838\n|-terastallize|p1b: Annihilape|Fire\n|move|p2b: Torkoal|Protect|p2b: Torkoal\n|-singleturn|p2b: Torkoal|Protect\n|move|p1b: Annihilape|Rage Fist|p2a: The real counter\n|-supereffective|p2a: The real counter\n|-damage|p2a: The real counter|66\/100\n|move|p2a: The real counter|Bulk Up|p2a: The real counter\n|-boost|p2a: The real counter|atk|1\n|-boost|p2a: The real counter|def|1\n|move|p1a: Goodra|Draco Meteor|p2a: The real counter\n|-damage|p2a: The real counter|26\/100\n|-unboost|p1a: Goodra|spa|2\n|\n|-heal|p2a: The real counter|32\/100|[from] item: Leftovers\n|upkeep\n|turn|10\n|\n|t:|1682906863\n|switch|p2b: Great Tusk|Great Tusk, L50, tera:Grass|100\/100\n|move|p2a: The real counter|Protect|p2a: The real counter\n|-singleturn|p2a: The real counter|Protect\n|move|p1b: Annihilape|Rage Fist|p2a: The real counter\n|-activate|p2a: The real counter|move: Protect\n|move|p1a: Goodra|Ice Beam|p2a: The real counter\n|-activate|p2a: The real counter|move: Protect\n|\n|-heal|p2a: The real counter|38\/100|[from] item: Leftovers\n|upkeep\n|turn|11\n|\n|t:|1682906890\n|move|p2b: Great Tusk|Rock Slide|p1b: Annihilape|[spread] p1a,p1b\n|-supereffective|p1b: Annihilape\n|-damage|p1a: Goodra|88\/100\n|-damage|p1b: Annihilape|68\/100\n|cant|p1b: Annihilape|flinch\n|move|p2a: The real counter|Rage Fist|p1b: Annihilape\n|-damage|p1b: Annihilape|0 fnt\n|faint|p1b: Annihilape\n|move|p1a: Goodra|Ice Beam|p2b: Great Tusk\n|-supereffective|p2b: Great Tusk\n|-damage|p2b: Great Tusk|68\/100\n|\n|-heal|p2a: The real counter|45\/100|[from] item: Leftovers\n|-heal|p1a: Goodra|94\/100|[from] item: Leftovers\n|-sideend|p1: joscake|Reflect\n|upkeep\n|turn|12\n|c|\u2606joscake|gg\n|\n|t:|1682906910\n|move|p2b: Great Tusk|Rock Slide|p1a: Goodra\n|-damage|p1a: Goodra|66\/100\n|move|p2a: The real counter|Rage Fist|p1a: Goodra\n|-damage|p1a: Goodra|0 fnt\n|faint|p1a: Goodra\n|\n|win|ScalonetaPibe\n|c|\u2606ScalonetaPibe|gg\n|c|\u2606joscake|buen juegp\n","uploadtime":1682906919,"views":13,"p1id":"joscake","p2id":"scalonetapibe","formatid":"gen9vgc2023regulationc","rating":0,"private":0,"password":""}