{"id":"gen9vgc2023regulationc-1846483073","p1":"MattiVGC","p2":"Juliogu10","format":"[Gen 9] VGC 2023 Regulation C","log":"|j|\u2606MattiVGC\n|j|\u2606Juliogu10\n|t:|1681844602\n|gametype|doubles\n|player|p1|MattiVGC|170|1329\n|player|p2|Juliogu10|101|1437\n|teamsize|p1|6\n|teamsize|p2|6\n|gen|9\n|tier|[Gen 9] VGC 2023 Regulation C\n|rated|\n|rule|Species Clause: Limit one of each Pok\u00e9mon\n|rule|Item Clause: Limit one of each item\n|clearpoke\n|poke|p1|Chien-Pao, L50|\n|poke|p1|Gyarados, L50, F|\n|poke|p1|Garchomp, L50, M|\n|poke|p1|Iron Hands, L50|\n|poke|p1|Amoonguss, L50, M|\n|poke|p1|Flutter Mane, L50|\n|poke|p2|Palafin, L50, F|\n|poke|p2|Amoonguss, L50, M|\n|poke|p2|Dragonite, L50, M|\n|poke|p2|Flutter Mane, L50|\n|poke|p2|Chien-Pao, L50|\n|poke|p2|Garganacl, L50, F|\n|teampreview|4\n|inactive|Battle timer is ON: inactive players will automatically lose when time's up. (requested by Juliogu10)\nMattiVGC has agreed to open team sheets.\n|inactive|MattiVGC has 60 seconds left.\n|inactive|Juliogu10 has 60 seconds left.\n|inactive|Juliogu10 has 30 seconds left.\n|l|\u2606MattiVGC\n|inactive|MattiVGC disconnected and has a minute to reconnect!\n|player|p1|\n|inactive|Juliogu10 has 20 seconds left.\n|\n|t:|1681844680\n|start\n|switch|p1a: Iron Hands|Iron Hands, L50|100\/100\n|switch|p1b: Amoonguss|Amoonguss, L50, M|100\/100\n|switch|p2a: Dragonite|Dragonite, L50, M|100\/100\n|switch|p2b: Chien-Pao|Chien-Pao, L50|100\/100\n|-ability|p2b: Chien-Pao|Sword of Ruin\n|turn|1\n|j|\u2606MattiVGC\n|inactive|MattiVGC reconnected and has 40 seconds left.\n|player|p1|MattiVGC|170\n|inactive|MattiVGC has 30 seconds left.\n|inactive|Juliogu10 has 30 seconds left.\n|\n|t:|1681844714\n|-terastallize|p2a: Dragonite|Normal\n|move|p1a: Iron Hands|Fake Out|p2a: Dragonite\n|-damage|p2a: Dragonite|83\/100\n|move|p2a: Dragonite|Extreme Speed|p1a: Iron Hands\n|-damage|p1a: Iron Hands|38\/100\n|move|p2b: Chien-Pao|Ice Spinner|p1a: Iron Hands\n|-damage|p1a: Iron Hands|1\/100\n|move|p1b: Amoonguss|Spore|p2a: Dragonite\n|-status|p2a: Dragonite|slp|[from] move: Spore\n|\n|upkeep\n|turn|2\n|inactive|Juliogu10 has 30 seconds left.\n|inactive|Juliogu10 has 20 seconds left.\n|\n|t:|1681844752\n|-end|p1a: Iron Hands|Quark Drive|[silent]\n|switch|p1a: Gyarados|Gyarados, L50, F, shiny|100\/100\n|-ability|p1a: Gyarados|Intimidate|boost\n|-fail|p2a: Dragonite|unboost|Attack|[from] ability: Inner Focus|[of] p2a: Dragonite\n|-unboost|p2b: Chien-Pao|atk|1\n|cant|p2a: Dragonite|slp\n|move|p2b: Chien-Pao|Ice Spinner|p1a: Gyarados\n|-damage|p1a: Gyarados|61\/100\n|move|p1b: Amoonguss|Pollen Puff|p2b: Chien-Pao\n|-supereffective|p2b: Chien-Pao\n|-damage|p2b: Chien-Pao|47\/100\n|\n|upkeep\n|turn|3\n|\n|t:|1681844772\n|switch|p1a: Iron Hands|Iron Hands, L50|1\/100\n|-curestatus|p2a: Dragonite|slp|[msg]\n|move|p2a: Dragonite|Extreme Speed|p1a: Iron Hands\n|-damage|p1a: Iron Hands|0 fnt\n|faint|p1a: Iron Hands\n|-end|p1a: Iron Hands|Quark Drive|[silent]\n|move|p1b: Amoonguss|Rage Powder|p1b: Amoonguss\n|-singleturn|p1b: Amoonguss|move: Rage Powder\n|move|p2b: Chien-Pao|Ice Spinner|p1b: Amoonguss\n|-supereffective|p1b: Amoonguss\n|-damage|p1b: Amoonguss|40\/100\n|-enditem|p1b: Amoonguss|Sitrus Berry|[eat]\n|-heal|p1b: Amoonguss|65\/100|[from] item: Sitrus Berry\n|\n|upkeep\n|\n|t:|1681844787\n|switch|p1a: Gyarados|Gyarados, L50, F, shiny|61\/100\n|-ability|p1a: Gyarados|Intimidate|boost\n|-fail|p2a: Dragonite|unboost|Attack|[from] ability: Inner Focus|[of] p2a: Dragonite\n|-unboost|p2b: Chien-Pao|atk|1\n|turn|4\n|inactive|MattiVGC has 30 seconds left.\n|inactive|MattiVGC has 20 seconds left.\n|\n|t:|1681844824\n|-terastallize|p1b: Amoonguss|Water\n|move|p2a: Dragonite|Extreme Speed|p1b: Amoonguss\n|-damage|p1b: Amoonguss|0 fnt\n|faint|p1b: Amoonguss\n|move|p2b: Chien-Pao|Ice Spinner|p1a: Gyarados\n|-damage|p1a: Gyarados|36\/100\n|move|p1a: Gyarados|Iron Head|p2b: Chien-Pao\n|-supereffective|p2b: Chien-Pao\n|-damage|p2b: Chien-Pao|0 fnt\n|faint|p2b: Chien-Pao\n|\n|upkeep\n|\n|t:|1681844837\n|switch|p2b: Amoonguss|Amoonguss, L50, M|100\/100\n|switch|p1b: Chien-Pao|Chien-Pao, L50|100\/100\n|-ability|p1b: Chien-Pao|Sword of Ruin\n|turn|5\n|\n|t:|1681844852\n|move|p1a: Gyarados|Helping Hand|p1b: Chien-Pao\n|-singleturn|p1b: Chien-Pao|Helping Hand|[of] p1a: Gyarados\n|move|p2a: Dragonite|Extreme Speed|p1a: Gyarados\n|-damage|p1a: Gyarados|0 fnt\n|faint|p1a: Gyarados\n|move|p2b: Amoonguss|Rage Powder|p2b: Amoonguss\n|-singleturn|p2b: Amoonguss|move: Rage Powder\n|move|p1b: Chien-Pao|Ice Spinner|p2b: Amoonguss\n|-supereffective|p2b: Amoonguss\n|-damage|p2b: Amoonguss|0 fnt\n|faint|p2b: Amoonguss\n|\n|upkeep\n|\n|t:|1681844862\n|switch|p2b: Flutter Mane|Flutter Mane, L50|100\/100\n|turn|6\n|\n|t:|1681844876\n|move|p1b: Chien-Pao|Protect|p1b: Chien-Pao\n|-singleturn|p1b: Chien-Pao|Protect\n|move|p2a: Dragonite|Extreme Speed|p1b: Chien-Pao\n|-activate|p1b: Chien-Pao|move: Protect\n|move|p2b: Flutter Mane|Moonblast|p1b: Chien-Pao\n|-activate|p1b: Chien-Pao|move: Protect\n|\n|upkeep\n|turn|7\n|\n|t:|1681844887\n|move|p2a: Dragonite|Extreme Speed|p1b: Chien-Pao\n|-damage|p1b: Chien-Pao|1\/100\n|move|p1b: Chien-Pao|Ice Spinner|p2b: Flutter Mane\n|-damage|p2b: Flutter Mane|30\/100\n|move|p2b: Flutter Mane|Moonblast|p1b: Chien-Pao\n|-supereffective|p1b: Chien-Pao\n|-damage|p1b: Chien-Pao|0 fnt\n|faint|p1b: Chien-Pao\n|\n|win|Juliogu10\n|raw|MattiVGC's rating: 1329 → 1315<\/strong> (-14 for losing)\n|raw|Juliogu10's rating: 1437 → 1451<\/strong> (+14 for winning)\n","uploadtime":1681844899,"views":7,"p1id":"mattivgc","p2id":"juliogu10","formatid":"gen9vgc2023regulationc","rating":1315,"private":0,"password":""}