{"id":"gen9vgc2023regulationc-1846133381","p1":"Matutinha","p2":"pesorion","format":"[Gen 9] VGC 2023 Regulation C","log":"|j|\u2606Matutinha\n|j|\u2606pesorion\n|t:|1681811515\n|gametype|doubles\n|player|p1|Matutinha|169|1774\n|player|p2|pesorion|elesa|1677\n|teamsize|p1|6\n|teamsize|p2|6\n|gen|9\n|tier|[Gen 9] VGC 2023 Regulation C\n|rated|\n|rule|Species Clause: Limit one of each Pok\u00e9mon\n|rule|Item Clause: Limit one of each item\n|clearpoke\n|poke|p1|Grimmsnarl, L50, M|\n|poke|p1|Iron Bundle, L50|\n|poke|p1|Abomasnow, L50, M|\n|poke|p1|Ting-Lu, L50|\n|poke|p1|Dragonite, L50, M|\n|poke|p1|Chien-Pao, L50|\n|poke|p2|Maushold, L50|\n|poke|p2|Annihilape, L50, M|\n|poke|p2|Iron Bundle, L50|\n|poke|p2|Corviknight, L50, F|\n|poke|p2|Ting-Lu, L50|\n|poke|p2|Flutter Mane, L50|\n|teampreview|4\n|inactive|Battle timer is ON: inactive players will automatically lose when time's up. (requested by Matutinha)\n|\n|t:|1681811556\n|start\n|switch|p1a: Dragonite|Dragonite, L50, M|100\/100\n|switch|p1b: Ting-Lu|Ting-Lu, L50|100\/100\n|switch|p2a: Maushold|Maushold, L50|100\/100\n|switch|p2b: Annihilape|Annihilape, L50, M|100\/100\n|-ability|p1b: Ting-Lu|Vessel of Ruin\n|turn|1\n|\n|t:|1681811576\n|-terastallize|p1a: Dragonite|Flying\n|move|p2a: Maushold|Population Bomb|p1a: Dragonite\n|-damage|p1a: Dragonite|95\/100\n|-damage|p1a: Dragonite|85\/100\n|-crit|p1a: Dragonite\n|-damage|p1a: Dragonite|70\/100\n|-damage|p1a: Dragonite|58\/100\n|-damage|p1a: Dragonite|49\/100\n|-damage|p1a: Dragonite|38\/100\n|-damage|p1a: Dragonite|28\/100\n|-damage|p1a: Dragonite|17\/100\n|-damage|p1a: Dragonite|6\/100\n|-damage|p1a: Dragonite|0 fnt\n|faint|p1a: Dragonite\n|-hitcount|p1: Dragonite|10\n|move|p2b: Annihilape|Bulk Up|p2b: Annihilape\n|-boost|p2b: Annihilape|atk|1\n|-boost|p2b: Annihilape|def|1\n|move|p1b: Ting-Lu|Earthquake|p2b: Annihilape|[spread] p2a,p2b\n|-damage|p2a: Maushold|48\/100\n|-damage|p2b: Annihilape|76\/100\n|\n|-heal|p2b: Annihilape|82\/100|[from] item: Leftovers\n|upkeep\n|\n|t:|1681811587\n|switch|p1a: Iron Bundle|Iron Bundle, L50|100\/100\n|-enditem|p1a: Iron Bundle|Booster Energy\n|-activate|p1a: Iron Bundle|ability: Quark Drive|[fromitem]\n|-start|p1a: Iron Bundle|quarkdrivespe\n|turn|2\n|inactive|pesorion has 30 seconds left.\n|\n|t:|1681811618\n|move|p1a: Iron Bundle|Protect|p1a: Iron Bundle\n|-singleturn|p1a: Iron Bundle|Protect\n|move|p2a: Maushold|Protect|p2a: Maushold\n|-singleturn|p2a: Maushold|Protect\n|move|p2b: Annihilape|Drain Punch|p1a: Iron Bundle\n|-activate|p1a: Iron Bundle|move: Protect\n|move|p1b: Ting-Lu|Earthquake|p2a: Maushold|[spread] p2b\n|-activate|p1a: Iron Bundle|move: Protect\n|-activate|p2a: Maushold|move: Protect\n|-damage|p2b: Annihilape|54\/100\n|\n|-heal|p2b: Annihilape|61\/100|[from] item: Leftovers\n|upkeep\n|turn|3\n|inactive|pesorion has 30 seconds left.\n|\n|t:|1681811645\n|switch|p1b: Abomasnow|Abomasnow, L50, M|100\/100\n|-weather|Snow|[from] ability: Snow Warning|[of] p1b: Abomasnow\n|-terastallize|p2b: Annihilape|Water\n|move|p1a: Iron Bundle|Blizzard|p2b: Annihilape|[spread] p2a,p2b\n|-resisted|p2b: Annihilape\n|-damage|p2a: Maushold|0 fnt\n|-damage|p2b: Annihilape|43\/100\n|faint|p2a: Maushold\n|move|p2b: Annihilape|Drain Punch|p1a: Iron Bundle\n|-supereffective|p1a: Iron Bundle\n|-crit|p1a: Iron Bundle\n|-damage|p1a: Iron Bundle|0 fnt\n|-heal|p2b: Annihilape|76\/100|[from] drain|[of] p1a: Iron Bundle\n|faint|p1a: Iron Bundle\n|-end|p1a: Iron Bundle|Quark Drive|[silent]\n|\n|-weather|Snow|[upkeep]\n|-heal|p2b: Annihilape|82\/100|[from] item: Leftovers\n|upkeep\n|inactive|pesorion has 30 seconds left.\n|\n|t:|1681811674\n|switch|p1a: Ting-Lu|Ting-Lu, L50|100\/100\n|switch|p2a: Iron Bundle|Iron Bundle, L50|100\/100\n|-ability|p1a: Ting-Lu|Vessel of Ruin\n|-enditem|p2a: Iron Bundle|Booster Energy\n|-activate|p2a: Iron Bundle|ability: Quark Drive|[fromitem]\n|-start|p2a: Iron Bundle|quarkdrivespe\n|turn|4\n|j| Jake Epping\n|\n|t:|1681811687\n|move|p2a: Iron Bundle|Freeze-Dry|p1a: Ting-Lu\n|-supereffective|p1a: Ting-Lu\n|-damage|p1a: Ting-Lu|62\/100\n|-status|p1a: Ting-Lu|frz\n|move|p2b: Annihilape|Drain Punch|p1b: Abomasnow\n|-supereffective|p1b: Abomasnow\n|-damage|p1b: Abomasnow|37\/100\n|-heal|p2b: Annihilape|100\/100|[from] drain|[of] p1b: Abomasnow\n|move|p1b: Abomasnow|Energy Ball|p2b: Annihilape\n|-supereffective|p2b: Annihilape\n|-damage|p2b: Annihilape|43\/100\n|-damage|p1b: Abomasnow|27\/100|[from] item: Life Orb\n|cant|p1a: Ting-Lu|frz\n|\n|-weather|Snow|[upkeep]\n|-heal|p2b: Annihilape|49\/100|[from] item: Leftovers\n|upkeep\n|turn|5\n|-message|Matutinha forfeited.\n|\n|win|pesorion\n|raw|Matutinha's rating: 1774 → 1749<\/strong> (-25 for losing)\n|raw|pesorion's rating: 1677 → 1702<\/strong> (+25 for winning)\n|l|\u2606Matutinha\n|l| Jake Epping\n","uploadtime":1681811721,"views":19,"p1id":"matutinha","p2id":"pesorion","formatid":"gen9vgc2023regulationc","rating":1702,"private":0,"password":""}