{"id":"gen9vgc2023regulationc-1857307126","p1":"HazeOneTrick","p2":"rawsause w eggos","format":"[Gen 9] VGC 2023 Regulation C","log":"|j|\u2606HazeOneTrick\n|j|\u2606rawsause w eggos\n|t:|1683170823\n|gametype|doubles\n|player|p1|HazeOneTrick|acetrainer-gen6xy|\n|player|p2|rawsause w eggos|sina|\n|teamsize|p1|6\n|teamsize|p2|6\n|gen|9\n|tier|[Gen 9] VGC 2023 Regulation C\n|rule|Species Clause: Limit one of each Pok\u00e9mon\n|rule|Item Clause: Limit one of each item\n|clearpoke\n|poke|p1|Iron Hands, L50|\n|poke|p1|Gyarados, L50, M|\n|poke|p1|Flutter Mane, L50|\n|poke|p1|Chi-Yu, L50|\n|poke|p1|Amoonguss, L50, M|\n|poke|p1|Bronzong, L50|\n|poke|p2|Iron Valiant, L50|\n|poke|p2|Indeedee-F, L50, F|\n|poke|p2|Armarouge, L50, F|\n|poke|p2|Iron Bundle, L50|\n|poke|p2|Tyranitar, L50, F|\n|poke|p2|Corviknight, L50, M|\n|teampreview|4\nHazeOneTrick has agreed to open team sheets.\nrawsause w eggos has agreed to open team sheets.\n|\n|t:|1683170907\n|start\n|switch|p1a: Iron Hands|Iron Hands, L50|100\/100\n|switch|p1b: Flutter Mane|Flutter Mane, L50|100\/100\n|switch|p2a: DARK KNOSE|Corviknight, L50, M, shiny|100\/100\n|switch|p2b: Gamagoori|Tyranitar, L50, F, shiny|100\/100\n|-weather|Sandstorm|[from] ability: Sand Stream|[of] p2b: Gamagoori\n|turn|1\n|\n|t:|1683170955\n|switch|p2b: The Hero|Armarouge, L50, F|100\/100\n|-terastallize|p2a: DARK KNOSE|Fire\n|move|p1a: Iron Hands|Fake Out|p2a: DARK KNOSE\n|-damage|p2a: DARK KNOSE|88\/100\n|move|p1b: Flutter Mane|Dazzling Gleam|p2b: The Hero|[spread] p2a,p2b\n|-resisted|p2a: DARK KNOSE\n|-resisted|p2b: The Hero\n|-damage|p2a: DARK KNOSE|65\/100\n|-damage|p2b: The Hero|75\/100\n|cant|p2a: DARK KNOSE|flinch\n|\n|-weather|Sandstorm|[upkeep]\n|-damage|p1b: Flutter Mane|94\/100|[from] Sandstorm\n|-damage|p2b: The Hero|69\/100|[from] Sandstorm\n|-damage|p2a: DARK KNOSE|59\/100|[from] Sandstorm\n|-damage|p1a: Iron Hands|94\/100|[from] Sandstorm\n|-heal|p2a: DARK KNOSE|65\/100|[from] item: Leftovers\n|upkeep\n|turn|2\n|\n|t:|1683171032\n|-end|p1a: Iron Hands|Quark Drive|[silent]\n|switch|p1a: Chi-Yu|Chi-Yu, L50|100\/100\n|-ability|p1a: Chi-Yu|Beads of Ruin\n|move|p1b: Flutter Mane|Dazzling Gleam|p2a: DARK KNOSE|[spread] p2a,p2b\n|-resisted|p2a: DARK KNOSE\n|-resisted|p2b: The Hero\n|-damage|p2a: DARK KNOSE|35\/100\n|-damage|p2b: The Hero|32\/100\n|move|p2b: The Hero|Armor Cannon|p1b: Flutter Mane\n|-damage|p1b: Flutter Mane|0 fnt\n|-unboost|p2b: The Hero|def|1\n|-unboost|p2b: The Hero|spd|1\n|faint|p1b: Flutter Mane\n|-end|p1b: Flutter Mane|Protosynthesis|[silent]\n|-damage|p2b: The Hero|22\/100|[from] item: Life Orb\n|move|p2a: DARK KNOSE|Roost|p2a: DARK KNOSE\n|-heal|p2a: DARK KNOSE|85\/100\n|\n|-weather|Sandstorm|[upkeep]\n|-damage|p1a: Chi-Yu|94\/100|[from] Sandstorm\n|-damage|p2b: The Hero|16\/100|[from] Sandstorm\n|-damage|p2a: DARK KNOSE|79\/100|[from] Sandstorm\n|-heal|p1a: Chi-Yu|100\/100|[from] item: Leftovers\n|-heal|p2a: DARK KNOSE|85\/100|[from] item: Leftovers\n|upkeep\n|\n|t:|1683171057\n|switch|p1b: Iron Hands|Iron Hands, L50|94\/100\n|turn|3\n|\n|t:|1683171115\n|switch|p2b: bungle|Iron Bundle, L50|100\/100\n|-enditem|p2b: bungle|Booster Energy\n|-activate|p2b: bungle|ability: Quark Drive|[fromitem]\n|-start|p2b: bungle|quarkdrivespe\n|move|p1a: Chi-Yu|Nasty Plot|p1a: Chi-Yu\n|-boost|p1a: Chi-Yu|spa|2\n|move|p2a: DARK KNOSE|Iron Head|p1a: Chi-Yu\n|-resisted|p1a: Chi-Yu\n|-damage|p1a: Chi-Yu|83\/100\n|move|p1b: Iron Hands|Drain Punch|p2b: bungle\n|-supereffective|p2b: bungle\n|-damage|p2b: bungle|6\/100\n|-heal|p1b: Iron Hands|100\/100|[from] drain|[of] p2b: bungle\n|\n|-weather|Sandstorm|[upkeep]\n|-damage|p2b: bungle|0 fnt|[from] Sandstorm\n|-damage|p1a: Chi-Yu|76\/100|[from] Sandstorm\n|-damage|p2a: DARK KNOSE|79\/100|[from] Sandstorm\n|-damage|p1b: Iron Hands|94\/100|[from] Sandstorm\n|faint|p2b: bungle\n|-end|p2b: bungle|Quark Drive|[silent]\n|-heal|p1a: Chi-Yu|83\/100|[from] item: Leftovers\n|-heal|p2a: DARK KNOSE|85\/100|[from] item: Leftovers\n|upkeep\n|\n|t:|1683171131\n|switch|p2b: Gamagoori|Tyranitar, L50, F, shiny|100\/100\n|turn|4\n|\n|t:|1683171144\n|switch|p2b: The Hero|Armarouge, L50, F|16\/100\n|move|p1a: Chi-Yu|Protect|p1a: Chi-Yu\n|-singleturn|p1a: Chi-Yu|Protect\n|move|p2a: DARK KNOSE|Bulk Up|p2a: DARK KNOSE\n|-boost|p2a: DARK KNOSE|atk|1\n|-boost|p2a: DARK KNOSE|def|1\n|move|p1b: Iron Hands|Drain Punch|p2b: The Hero\n|-resisted|p2b: The Hero\n|-damage|p2b: The Hero|0 fnt\n|-heal|p1b: Iron Hands|100\/100|[from] drain|[of] p2b: The Hero\n|faint|p2b: The Hero\n|\n|-weather|Sandstorm|[upkeep]\n|-damage|p1a: Chi-Yu|76\/100|[from] Sandstorm\n|-damage|p2a: DARK KNOSE|79\/100|[from] Sandstorm\n|-damage|p1b: Iron Hands|94\/100|[from] Sandstorm\n|-heal|p1a: Chi-Yu|83\/100|[from] item: Leftovers\n|-heal|p2a: DARK KNOSE|85\/100|[from] item: Leftovers\n|upkeep\n|c|\u2606rawsause w eggos|i thought i clicked bb instead of iron head\n|\n|t:|1683171161\n|switch|p2b: Gamagoori|Tyranitar, L50, F, shiny|100\/100\n|turn|5\n|\n|t:|1683171199\n|-terastallize|p1a: Chi-Yu|Water\n|move|p1a: Chi-Yu|Dark Pulse|p2a: DARK KNOSE\n|-damage|p2a: DARK KNOSE|0 fnt\n|faint|p2a: DARK KNOSE\n|move|p2b: Gamagoori|Low Kick|p1b: Iron Hands\n|-damage|p1b: Iron Hands|59\/100\n|move|p1b: Iron Hands|Drain Punch|p2b: Gamagoori\n|-supereffective|p2b: Gamagoori\n|-damage|p2b: Gamagoori|0 fnt\n|-heal|p1b: Iron Hands|100\/100|[from] drain|[of] p2b: Gamagoori\n|faint|p2b: Gamagoori\n|\n|win|HazeOneTrick\n|c|\u2606rawsause w eggos|gg\n","uploadtime":1683171209,"views":8,"p1id":"hazeonetrick","p2id":"rawsauseweggos","formatid":"gen9vgc2023regulationc","rating":0,"private":0,"password":""}