{"id":"gen9vgc2023regulationc-1863288854","p1":"adrpen","p2":"Saltine_Cracker1","format":"[Gen 9] VGC 2023 Regulation C","log":"|j|\u2606adrpen\n|j|\u2606Saltine_Cracker1\n|t:|1683998316\n|gametype|doubles\n|player|p1|adrpen|boarder|1134\n|player|p2|Saltine_Cracker1|169|1086\n|teamsize|p1|6\n|teamsize|p2|6\n|gen|9\n|tier|[Gen 9] VGC 2023 Regulation C\n|rated|\n|rule|Species Clause: Limit one of each Pok\u00e9mon\n|rule|Item Clause: Limit one of each item\n|clearpoke\n|poke|p1|Amoonguss, L50, M|\n|poke|p1|Palafin, L50, M|\n|poke|p1|Iron Hands, L50|\n|poke|p1|Arcanine, L50, M|\n|poke|p1|Flutter Mane, L50|\n|poke|p1|Dragonite, L50, M|\n|poke|p2|Amoonguss, L50, M|\n|poke|p2|Hydreigon, L50, M|\n|poke|p2|Arcanine, L50, F|\n|poke|p2|Meowscarada, L50, M|\n|poke|p2|Tauros-Paldea-Aqua, L50, M|\n|poke|p2|Sylveon, L50, F|\n|teampreview|4\n|inactive|Battle timer is ON: inactive players will automatically lose when time's up. (requested by adrpen)\n|inactive|adrpen has 60 seconds left.\n|inactive|Saltine_Cracker1 has 60 seconds left.\n|inactive|adrpen has 30 seconds left.\n|inactive|Saltine_Cracker1 has 30 seconds left.\n|inactive|adrpen has 20 seconds left.\n|inactive|adrpen has 15 seconds left.\n|\n|t:|1683998396\n|start\n|switch|p1a: Iron Hands|Iron Hands, L50, shiny|100\/100\n|switch|p1b: Arcanine|Arcanine, L50, M|100\/100\n|switch|p2a: FunGuy|Amoonguss, L50, M, shiny|100\/100\n|switch|p2b: Tauros|Tauros-Paldea-Aqua, L50, M|100\/100\n|-ability|p2b: Tauros|Intimidate|boost\n|-unboost|p1a: Iron Hands|atk|1\n|-unboost|p1b: Arcanine|atk|1\n|-ability|p1b: Arcanine|Intimidate|boost\n|-unboost|p2a: FunGuy|atk|1\n|-unboost|p2b: Tauros|atk|1\n|turn|1\n|inactive|adrpen has 30 seconds left.\n|inactive|adrpen has 20 seconds left.\n|inactive|adrpen has 15 seconds left.\n|\n|t:|1683998440\n|move|p1a: Iron Hands|Fake Out|p2a: FunGuy\n|-damage|p2a: FunGuy|92\/100\n|cant|p2a: FunGuy|flinch\n|move|p2b: Tauros|Wave Crash|p1b: Arcanine\n|-supereffective|p1b: Arcanine\n|-damage|p1b: Arcanine|0 fnt\n|faint|p1b: Arcanine\n|-damage|p2b: Tauros|57\/100|[from] Recoil\n|\n|upkeep\n|\n|t:|1683998452\n|switch|p1b: Amoonguss|Amoonguss, L50, M, shiny|100\/100\n|turn|2\n|inactive|adrpen has 30 seconds left.\n|inactive|Saltine_Cracker1 has 30 seconds left.\n|\n|t:|1683998482\n|switch|p2b: GnarpGnarp|Hydreigon, L50, M, shiny|100\/100\n|move|p1a: Iron Hands|Heavy Slam|p2a: FunGuy\n|-damage|p2a: FunGuy|67\/100\n|move|p1b: Amoonguss|Spore|p2b: GnarpGnarp\n|-status|p2b: GnarpGnarp|slp|[from] move: Spore\n|move|p2a: FunGuy|Spore|p1a: Iron Hands\n|-status|p1a: Iron Hands|slp|[from] move: Spore\n|\n|upkeep\n|turn|3\n|inactive|Saltine_Cracker1 has 30 seconds left.\n|inactive|Saltine_Cracker1 has 20 seconds left.\n|\n|t:|1683998520\n|-end|p1a: Iron Hands|Quark Drive|[silent]\n|switch|p1a: Flutter Mane|Flutter Mane, L50|100\/100\n|-enditem|p1a: Flutter Mane|Booster Energy\n|-activate|p1a: Flutter Mane|ability: Protosynthesis|[fromitem]\n|-start|p1a: Flutter Mane|protosynthesisspa\n|cant|p2b: GnarpGnarp|slp\n|move|p1b: Amoonguss|Pollen Puff|p2b: GnarpGnarp\n|-supereffective|p2b: GnarpGnarp\n|-crit|p2b: GnarpGnarp\n|-damage|p2b: GnarpGnarp|44\/100 slp\n|move|p2a: FunGuy|Spore|p1b: Amoonguss\n|-immune|p1b: Amoonguss\n|\n|upkeep\n|turn|4\n|inactive|adrpen has 30 seconds left.\n|\n|t:|1683998551\n|-terastallize|p2b: GnarpGnarp|Fire\n|move|p1a: Flutter Mane|Substitute|p1a: Flutter Mane\n|-start|p1a: Flutter Mane|Substitute\n|-damage|p1a: Flutter Mane|76\/100\n|cant|p2b: GnarpGnarp|slp\n|move|p1b: Amoonguss|Pollen Puff|p2b: GnarpGnarp\n|-resisted|p2b: GnarpGnarp\n|-damage|p2b: GnarpGnarp|34\/100 slp\n|move|p2a: FunGuy|Pollen Puff|p2b: GnarpGnarp\n|-heal|p2b: GnarpGnarp|84\/100 slp\n|\n|upkeep\n|turn|5\n|inactive|adrpen has 30 seconds left.\n|inactive|adrpen has 20 seconds left.\n|\n|t:|1683998591\n|-terastallize|p1b: Amoonguss|Water\n|move|p2a: FunGuy|Rage Powder|p2a: FunGuy\n|-singleturn|p2a: FunGuy|move: Rage Powder\n|move|p1a: Flutter Mane|Shadow Ball|p2a: FunGuy\n|-damage|p2a: FunGuy|22\/100\n|-enditem|p2a: FunGuy|Sitrus Berry|[eat]\n|-heal|p2a: FunGuy|47\/100|[from] item: Sitrus Berry\n|cant|p2b: GnarpGnarp|slp\n|move|p1b: Amoonguss|Spore|p2a: FunGuy\n|-immune|p2a: FunGuy\n|\n|upkeep\n|turn|6\n|inactive|adrpen has 30 seconds left.\n|\n|t:|1683998617\n|move|p1b: Amoonguss|Protect|p1b: Amoonguss\n|-singleturn|p1b: Amoonguss|Protect\n|move|p2a: FunGuy|Rage Powder|p2a: FunGuy\n|-singleturn|p2a: FunGuy|move: Rage Powder\n|move|p1a: Flutter Mane|Shadow Ball|p2a: FunGuy\n|-damage|p2a: FunGuy|3\/100\n|-curestatus|p2b: GnarpGnarp|slp|[msg]\n|move|p2b: GnarpGnarp|Focus Energy|p2b: GnarpGnarp\n|-start|p2b: GnarpGnarp|move: Focus Energy\n|\n|upkeep\n|turn|7\n|inactive|Saltine_Cracker1 has 30 seconds left.\n|\n|t:|1683998645\n|move|p1a: Flutter Mane|Protect|p1a: Flutter Mane\n|-singleturn|p1a: Flutter Mane|Protect\n|move|p2a: FunGuy|Rage Powder|p2a: FunGuy\n|-singleturn|p2a: FunGuy|move: Rage Powder\n|move|p2b: GnarpGnarp|Draco Meteor|p1b: Amoonguss\n|-crit|p1b: Amoonguss\n|-damage|p1b: Amoonguss|13\/100\n|-unboost|p2b: GnarpGnarp|spa|2\n|move|p1b: Amoonguss|Spore|p2a: FunGuy\n|-immune|p2a: FunGuy\n|\n|upkeep\n|turn|8\n|\n|t:|1683998663\n|switch|p1b: Iron Hands|Iron Hands, L50, shiny|100\/100 slp\n|move|p2a: FunGuy|Rage Powder|p2a: FunGuy\n|-singleturn|p2a: FunGuy|move: Rage Powder\n|move|p1a: Flutter Mane|Shadow Ball|p2a: FunGuy\n|-damage|p2a: FunGuy|0 fnt\n|faint|p2a: FunGuy\n|move|p2b: GnarpGnarp|Heat Wave|p1a: Flutter Mane|[spread] p1b\n|-miss|p2b: GnarpGnarp|p1a: Flutter Mane\n|-crit|p1b: Iron Hands\n|-damage|p1b: Iron Hands|70\/100 slp\n|\n|upkeep\n|\n|t:|1683998683\n|switch|p2a: Sylveon|Sylveon, L50, F|100\/100\n|turn|9\n|\n|t:|1683998699\n|move|p2a: Sylveon|Helping Hand|p2b: GnarpGnarp\n|-singleturn|p2b: GnarpGnarp|Helping Hand|[of] p2a: Sylveon\n|move|p1a: Flutter Mane|Shadow Ball|p2b: GnarpGnarp\n|-crit|p2b: GnarpGnarp\n|-damage|p2b: GnarpGnarp|0 fnt\n|faint|p2b: GnarpGnarp\n|cant|p1b: Iron Hands|slp\n|\n|upkeep\n|\n|t:|1683998707\n|switch|p2b: Tauros|Tauros-Paldea-Aqua, L50, M|57\/100\n|-ability|p2b: Tauros|Intimidate|boost\n|-immune|p1a: Flutter Mane\n|-unboost|p1b: Iron Hands|atk|1\n|turn|10\n|inactive|adrpen has 30 seconds left.\n|inactive|adrpen has 20 seconds left.\n|\n|t:|1683998745\n|-end|p1b: Iron Hands|Quark Drive|[silent]\n|switch|p1b: Amoonguss|Amoonguss, L50, M, shiny, tera:Water|46\/100\n|move|p1a: Flutter Mane|Protect|p1a: Flutter Mane\n|-singleturn|p1a: Flutter Mane|Protect\n|move|p2b: Tauros|Close Combat|p1b: Amoonguss\n|-damage|p1b: Amoonguss|0 fnt\n|-unboost|p2b: Tauros|def|1\n|-unboost|p2b: Tauros|spd|1\n|-damage|p2b: Tauros|41\/100|[from] item: Rocky Helmet|[of] p1b: Amoonguss\n|faint|p1b: Amoonguss\n|move|p2a: Sylveon|Substitute|p2a: Sylveon\n|-start|p2a: Sylveon|Substitute\n|-damage|p2a: Sylveon|76\/100\n|\n|-heal|p2a: Sylveon|82\/100|[from] item: Leftovers\n|upkeep\n|\n|t:|1683998760\n|switch|p1b: Iron Hands|Iron Hands, L50, shiny|70\/100 slp\n|turn|11\n|\n|t:|1683998785\n|cant|p1b: Iron Hands|slp\n|move|p1a: Flutter Mane|Shadow Ball|p2b: Tauros\n|-damage|p2b: Tauros|0 fnt\n|faint|p2b: Tauros\n|move|p2a: Sylveon|Calm Mind|p2a: Sylveon\n|-boost|p2a: Sylveon|spa|1\n|-boost|p2a: Sylveon|spd|1\n|\n|-heal|p2a: Sylveon|88\/100|[from] item: Leftovers\n|upkeep\n|turn|12\n|\n|t:|1683998803\n|move|p1a: Flutter Mane|Moonblast|p2a: Sylveon\n|-end|p2a: Sylveon|Substitute\n|move|p2a: Sylveon|Dazzling Gleam|p1a: Flutter Mane|[spread] p1a,p1b\n|-end|p1a: Flutter Mane|Substitute\n|-supereffective|p1b: Iron Hands\n|-damage|p1b: Iron Hands|34\/100 slp\n|-curestatus|p1b: Iron Hands|slp|[msg]\n|move|p1b: Iron Hands|Heavy Slam|p2a: Sylveon\n|-supereffective|p2a: Sylveon\n|-damage|p2a: Sylveon|1\/100\n|\n|-heal|p2a: Sylveon|7\/100|[from] item: Leftovers\n|upkeep\n|turn|13\n|\n|t:|1683998824\n|move|p1a: Flutter Mane|Moonblast|p2a: Sylveon\n|-damage|p2a: Sylveon|0 fnt\n|faint|p2a: Sylveon\n|\n|win|adrpen\n|raw|adrpen's rating: 1134 → 1156<\/strong> (+22 for winning)\n|raw|Saltine_Cracker1's rating: 1086 → 1066<\/strong> (-20 for losing)\n|l|\u2606Saltine_Cracker1\n","uploadtime":1683998832,"views":6,"p1id":"adrpen","p2id":"saltinecracker1","formatid":"gen9vgc2023regulationc","rating":1066,"private":0,"password":""}