{"id":"gen9vgc2023regulationc-1860967662","p1":"Mizore Te","p2":"D-scNSe","format":"[Gen 9] VGC 2023 Regulation C","log":"|j|\u2606Mizore Te\n|j|\u2606D-scNSe\n|t:|1683705023\n|gametype|doubles\n|player|p1|Mizore Te|penny|1242\n|player|p2|D-scNSe|169|1243\n|teamsize|p1|6\n|teamsize|p2|6\n|gen|9\n|tier|[Gen 9] VGC 2023 Regulation C\n|rated|\n|rule|Species Clause: Limit one of each Pok\u00e9mon\n|rule|Item Clause: Limit one of each item\n|clearpoke\n|poke|p1|Goodra, L50, F|\n|poke|p1|Wo-Chien, L50|\n|poke|p1|Pelipper, L50, M|\n|poke|p1|Luxray, L50, F|\n|poke|p1|Tinkaton, L50, F|\n|poke|p1|Volcarona, L50, M|\n|poke|p2|Flutter Mane, L50|\n|poke|p2|Ting-Lu, L50|\n|poke|p2|Maushold-Four, L50|\n|poke|p2|Annihilape, L50, M|\n|poke|p2|Iron Bundle, L50|\n|poke|p2|Arcanine, L50, F|\n|teampreview|4\n|\n|t:|1683705062\n|start\n|switch|p1a: Pelipper|Pelipper, L50, M|100\/100\n|switch|p1b: Goodra|Goodra, L50, F|100\/100\n|switch|p2a: Annihilape|Annihilape, L50, M|100\/100\n|switch|p2b: Iron Bundle|Iron Bundle, L50|100\/100\n|-weather|RainDance|[from] ability: Drizzle|[of] p1a: Pelipper\n|turn|1\n|\n|t:|1683705090\n|move|p2b: Iron Bundle|Freeze-Dry|p1a: Pelipper\n|-supereffective|p1a: Pelipper\n|-enditem|p1a: Pelipper|Focus Sash\n|-damage|p1a: Pelipper|1\/100\n|move|p1b: Goodra|Muddy Water|p2b: Iron Bundle|[spread] p2a,p2b\n|-resisted|p2b: Iron Bundle\n|-damage|p2a: Annihilape|71\/100\n|-damage|p2b: Iron Bundle|66\/100\n|-unboost|p2a: Annihilape|accuracy|1\n|-ability|p2a: Annihilape|Defiant|boost\n|-boost|p2a: Annihilape|atk|2\n|-unboost|p2b: Iron Bundle|accuracy|1\n|move|p1a: Pelipper|Hurricane|p2a: Annihilape\n|-supereffective|p2a: Annihilape\n|-damage|p2a: Annihilape|0 fnt\n|faint|p2a: Annihilape\n|\n|-weather|RainDance|[upkeep]\n|upkeep\n|\n|t:|1683705107\n|switch|p2a: Flutter Mane|Flutter Mane, L50|100\/100\n|-enditem|p2a: Flutter Mane|Booster Energy\n|-activate|p2a: Flutter Mane|ability: Protosynthesis|[fromitem]\n|-start|p2a: Flutter Mane|protosynthesisspe\n|turn|2\n|\n|t:|1683705116\n|move|p1a: Pelipper|Wide Guard|p1a: Pelipper\n|-singleturn|p1a: Pelipper|Wide Guard\n|move|p2a: Flutter Mane|Moonblast|p1b: Goodra\n|-supereffective|p1b: Goodra\n|-damage|p1b: Goodra|22\/100\n|-unboost|p1b: Goodra|spa|1\n|move|p2b: Iron Bundle|Icy Wind|p1b: Goodra|[spread] \n|-activate|p1a: Pelipper|move: Wide Guard\n|-activate|p1b: Goodra|move: Wide Guard\n|move|p1b: Goodra|Acid Armor|p1b: Goodra\n|-boost|p1b: Goodra|def|2\n|\n|-weather|RainDance|[upkeep]\n|-heal|p1b: Goodra|28\/100|[from] item: Leftovers\n|upkeep\n|turn|3\n|\n|t:|1683705141\n|move|p1b: Goodra|Protect|p1b: Goodra\n|-singleturn|p1b: Goodra|Protect\n|move|p2a: Flutter Mane|Moonblast|p1b: Goodra\n|-activate|p1b: Goodra|move: Protect\n|move|p2b: Iron Bundle|Freeze-Dry|p1a: Pelipper\n|-supereffective|p1a: Pelipper\n|-damage|p1a: Pelipper|0 fnt\n|faint|p1a: Pelipper\n|\n|-weather|RainDance|[upkeep]\n|-heal|p1b: Goodra|35\/100|[from] item: Leftovers\n|upkeep\n|\n|t:|1683705150\n|switch|p1a: Tinkaton|Tinkaton, L50, F|100\/100\n|turn|4\n|\n|t:|1683705161\n|move|p2a: Flutter Mane|Protect|p2a: Flutter Mane\n|-singleturn|p2a: Flutter Mane|Protect\n|move|p2b: Iron Bundle|Hydro Pump|p1a: Tinkaton|[miss]\n|-miss|p2b: Iron Bundle|p1a: Tinkaton\n|move|p1a: Tinkaton|Gigaton Hammer|p2a: Flutter Mane\n|-activate|p2a: Flutter Mane|move: Protect\n|move|p1b: Goodra|Muddy Water|p2a: Flutter Mane|[spread] p2b\n|-activate|p2a: Flutter Mane|move: Protect\n|-resisted|p2b: Iron Bundle\n|-damage|p2b: Iron Bundle|44\/100\n|\n|-weather|RainDance|[upkeep]\n|-heal|p1b: Goodra|41\/100|[from] item: Leftovers\n|upkeep\n|turn|5\n|\n|t:|1683705180\n|move|p2a: Flutter Mane|Moonblast|p1b: Goodra\n|-supereffective|p1b: Goodra\n|-damage|p1b: Goodra|0 fnt\n|faint|p1b: Goodra\n|move|p2b: Iron Bundle|Hydro Pump|p1a: Tinkaton\n|-damage|p1a: Tinkaton|19\/100\n|move|p1a: Tinkaton|Ice Hammer|p2a: Flutter Mane\n|-damage|p2a: Flutter Mane|62\/100\n|-unboost|p1a: Tinkaton|spe|1\n|-enditem|p1a: Tinkaton|Eject Pack\n|\n|t:|1683705190\n|switch|p1a: Luxray|Luxray, L50, F|100\/100\n|-ability|p1a: Luxray|Intimidate|boost\n|-unboost|p2a: Flutter Mane|atk|1\n|-unboost|p2b: Iron Bundle|atk|1\n|\n|-weather|none\n|upkeep\n|\n|t:|1683705194\n|switch|p1b: Tinkaton|Tinkaton, L50, F|19\/100\n|turn|6\n|\n|t:|1683705220\n|-terastallize|p1a: Luxray|Fairy\n|move|p1b: Tinkaton|Fake Out|p2b: Iron Bundle\n|-damage|p2b: Iron Bundle|35\/100\n|move|p2a: Flutter Mane|Moonblast|p1a: Luxray\n|-damage|p1a: Luxray|61\/100\n|cant|p2b: Iron Bundle|flinch\n|move|p1a: Luxray|Wild Charge|p2a: Flutter Mane\n|-damage|p2a: Flutter Mane|0 fnt\n|faint|p2a: Flutter Mane\n|-end|p2a: Flutter Mane|Protosynthesis|[silent]\n|-damage|p1a: Luxray|48\/100|[from] Recoil\n|\n|upkeep\n|\n|t:|1683705229\n|switch|p2a: Ting-Lu|Ting-Lu, L50|100\/100\n|-ability|p2a: Ting-Lu|Vessel of Ruin\n|turn|7\n|\n|t:|1683705260\n|-terastallize|p2a: Ting-Lu|Poison\n|move|p2b: Iron Bundle|Protect|p2b: Iron Bundle\n|-singleturn|p2b: Iron Bundle|Protect\n|move|p1b: Tinkaton|Ice Hammer|p2a: Ting-Lu\n|-damage|p2a: Ting-Lu|89\/100\n|-unboost|p1b: Tinkaton|spe|1\n|move|p1a: Luxray|Volt Switch|p2b: Iron Bundle\n|-activate|p2b: Iron Bundle|move: Protect\n|move|p2a: Ting-Lu|Stomping Tantrum|p1a: Luxray\n|-damage|p1a: Luxray|8\/100\n|\n|upkeep\n|turn|8\n|\n|t:|1683705285\n|move|p1b: Tinkaton|Feint|p2a: Ting-Lu\n|-damage|p2a: Ting-Lu|85\/100\n|move|p2b: Iron Bundle|Freeze-Dry|p1a: Luxray|[miss]\n|-miss|p2b: Iron Bundle|p1a: Luxray\n|move|p1a: Luxray|Volt Switch|p2b: Iron Bundle\n|-supereffective|p2b: Iron Bundle\n|-damage|p2b: Iron Bundle|0 fnt\n|faint|p2b: Iron Bundle\n|-end|p2b: Iron Bundle|Quark Drive|[silent]\n|move|p2a: Ting-Lu|Stomping Tantrum|p1b: Tinkaton\n|-supereffective|p1b: Tinkaton\n|-damage|p1b: Tinkaton|0 fnt\n|faint|p1b: Tinkaton\n|\n|upkeep\n|turn|9\n|\n|t:|1683705309\n|move|p1a: Luxray|Wild Charge|p2a: Ting-Lu\n|-damage|p2a: Ting-Lu|64\/100\n|-damage|p1a: Luxray|0 fnt|[from] Recoil\n|faint|p1a: Luxray\n|\n|win|D-scNSe\n|raw|Mizore Te's rating: 1242 → 1217<\/strong> (-25 for losing)\n|raw|D-scNSe's rating: 1243 → 1268<\/strong> (+25 for winning)\n|l|\u2606Mizore Te\n","uploadtime":1683705318,"views":15,"p1id":"mizorete","p2id":"dscnse","formatid":"gen9vgc2023regulationc","rating":1217,"private":0,"password":""}