{"id":"gen9vgc2023regulationc-1850298159","p1":"Jop is a let down","p2":"alex123alex","format":"[Gen 9] VGC 2023 Regulation C","log":"|j|\u2606Jop is a let down\n|j|\u2606alex123alex\n|t:|1682313364\n|gametype|doubles\n|player|p1|Jop is a let down|lillie|1121\n|player|p2|alex123alex|266|1087\n|teamsize|p1|6\n|teamsize|p2|6\n|gen|9\n|tier|[Gen 9] VGC 2023 Regulation C\n|rated|\n|rule|Species Clause: Limit one of each Pok\u00e9mon\n|rule|Item Clause: Limit one of each item\n|clearpoke\n|poke|p1|Palafin, L50, F|\n|poke|p1|Flutter Mane, L50|\n|poke|p1|Arcanine, L50, M|\n|poke|p1|Ting-Lu, L50|\n|poke|p1|Amoonguss, L50, M|\n|poke|p1|Kingambit, L50, F|\n|poke|p2|Ceruledge, L50, F|\n|poke|p2|Braviary, L50, M|\n|poke|p2|Torkoal, L50, M|\n|poke|p2|Oranguru, L50, M|\n|poke|p2|Ting-Lu, L50|\n|poke|p2|Vaporeon, L50, F|\n|teampreview|4\n|inactive|Battle timer is ON: inactive players will automatically lose when time's up. (requested by alex123alex)\n|inactive|Jop is a let down has 60 seconds left.\n|inactive|alex123alex has 60 seconds left.\n|\n|t:|1682313404\n|start\n|switch|p1a: Ting-Lu|Ting-Lu, L50|100\/100\n|switch|p1b: Kingambit|Kingambit, L50, F, shiny|100\/100\n|switch|p2a: Ceruledge|Ceruledge, L50, F|100\/100\n|switch|p2b: Oranguru|Oranguru, L50, M|100\/100\n|-ability|p1a: Ting-Lu|Vessel of Ruin\n|turn|1\n|inactive|Jop is a let down has 30 seconds left.\n|inactive|alex123alex has 30 seconds left.\n|inactive|Jop is a let down has 20 seconds left.\n|\n|t:|1682313441\n|switch|p1b: Arcanine|Arcanine, L50, M, shiny|100\/100\n|-ability|p1b: Arcanine|Intimidate|boost\n|-fail|p2a: Ceruledge|unboost|[from] item: Clear Amulet|[of] p2a: Ceruledge\n|-unboost|p2b: Oranguru|atk|1\n|-terastallize|p2a: Ceruledge|Grass\n|move|p2a: Ceruledge|Bitter Blade|p1b: Arcanine\n|-resisted|p1b: Arcanine\n|-damage|p1b: Arcanine|78\/100\n|move|p2b: Oranguru|Instruct|p2a: Ceruledge\n|-singleturn|p2a: Ceruledge|move: Instruct|[of] p2b: Oranguru\n|move|p2a: Ceruledge|Bitter Blade|p1b: Arcanine\n|-resisted|p1b: Arcanine\n|-damage|p1b: Arcanine|54\/100\n|move|p1a: Ting-Lu|Stomping Tantrum|p2a: Ceruledge\n|-resisted|p2a: Ceruledge\n|-crit|p2a: Ceruledge\n|-damage|p2a: Ceruledge|62\/100\n|\n|upkeep\n|turn|2\n|inactive|alex123alex has 30 seconds left.\n|\n|t:|1682313467\n|move|p1b: Arcanine|Extreme Speed|p2a: Ceruledge\n|-damage|p2a: Ceruledge|34\/100\n|move|p2a: Ceruledge|Bulk Up|p2a: Ceruledge\n|-boost|p2a: Ceruledge|atk|1\n|-boost|p2a: Ceruledge|def|1\n|move|p1a: Ting-Lu|Ruination|p2a: Ceruledge\n|-damage|p2a: Ceruledge|18\/100\n|move|p2b: Oranguru|Trick Room|p2b: Oranguru\n|-fieldstart|move: Trick Room|[of] p2b: Oranguru\n|\n|upkeep\n|turn|3\n|inactive|alex123alex has 30 seconds left.\n|inactive|alex123alex has 20 seconds left.\n|\n|t:|1682313504\n|move|p1a: Ting-Lu|Heavy Slam|p2a: Ceruledge\n|-damage|p2a: Ceruledge|0 fnt\n|faint|p2a: Ceruledge\n|move|p2b: Oranguru|Foul Play|p1b: Arcanine\n|-crit|p1b: Arcanine\n|-damage|p1b: Arcanine|13\/100\n|move|p1b: Arcanine|Howl|p1b: Arcanine|[spread] p1a,p1b\n|-boost|p1a: Ting-Lu|atk|1\n|-boost|p1b: Arcanine|atk|1\n|\n|upkeep\n|\n|t:|1682313509\n|switch|p2a: Torkoal|Torkoal, L50, M|100\/100\n|-weather|SunnyDay|[from] ability: Drought|[of] p2a: Torkoal\n|turn|4\n|\n|t:|1682313522\n|move|p1b: Arcanine|Extreme Speed|p2a: Torkoal\n|-damage|p2a: Torkoal|75\/100\n|move|p2a: Torkoal|Eruption|p1a: Ting-Lu|[spread] p1a,p1b\n|-resisted|p1b: Arcanine\n|-damage|p1a: Ting-Lu|77\/100\n|-damage|p1b: Arcanine|0 fnt\n|faint|p1b: Arcanine\n|move|p1a: Ting-Lu|Earthquake|p2a: Torkoal|[spread] p2a,p2b\n|-supereffective|p2a: Torkoal\n|-damage|p2a: Torkoal|0 fnt\n|-damage|p2b: Oranguru|52\/100\n|faint|p2a: Torkoal\n|move|p2b: Oranguru|Instruct|p2: Torkoal|[notarget]\n|-fail|p2b: Oranguru\n|\n|-weather|SunnyDay|[upkeep]\n|upkeep\n|\n|t:|1682313537\n|switch|p2a: Ting-Lu|Ting-Lu, L50|100\/100\n|switch|p1b: Amoonguss|Amoonguss, L50, M, shiny|100\/100\n|-ability|p2a: Ting-Lu|Vessel of Ruin\n|turn|5\n|\n|t:|1682313551\n|move|p1b: Amoonguss|Spore|p2a: Ting-Lu\n|-status|p2a: Ting-Lu|slp|[from] move: Spore\n|cant|p2a: Ting-Lu|slp\n|move|p1a: Ting-Lu|Heavy Slam|p2b: Oranguru\n|-damage|p2b: Oranguru|5\/100\n|move|p2b: Oranguru|Instruct||[still]\n|-fail|p2b: Oranguru\n|\n|-weather|SunnyDay|[upkeep]\n|upkeep\n|turn|6\n|-message|alex123alex forfeited.\n|\n|win|Jop is a let down\n|raw|Jop is a let down's rating: 1121 → 1144<\/strong> (+23 for winning)\n|raw|alex123alex's rating: 1087 → 1066<\/strong> (-21 for losing)\n|l|\u2606alex123alex\n","uploadtime":1682313563,"views":30,"p1id":"jopisaletdown","p2id":"alex123alex","formatid":"gen9vgc2023regulationc","rating":1066,"private":0,"password":""}