{"id":"gen9vgc2023regulationc-1845839802","p1":"Charmaster","p2":"Ianne Wildfyre","format":"[Gen 9] VGC 2023 Regulation C","log":"|j|\u2606Charmaster\n|j|\u2606Ianne Wildfyre\n|t:|1681770024\n|gametype|doubles\n|player|p1|Charmaster|blaine|\n|player|p2|Ianne Wildfyre|ingo|\n|teamsize|p1|6\n|teamsize|p2|6\n|gen|9\n|tier|[Gen 9] VGC 2023 Regulation C\n|rated|Tournament battle\n|rule|Species Clause: Limit one of each Pok\u00e9mon\n|rule|Item Clause: Limit one of each item\n|clearpoke\n|poke|p1|Garchomp, L50, M|\n|poke|p1|Maushold, L50|\n|poke|p1|Talonflame, L50, M|\n|poke|p1|Gastrodon-East, L50, F|\n|poke|p1|Kingambit, L50, F|\n|poke|p1|Iron Bundle, L50|\n|poke|p2|Iron Bundle, L50|\n|poke|p2|Great Tusk, L50|\n|poke|p2|Murkrow, L50, M|\n|poke|p2|Flutter Mane, L50|\n|poke|p2|Chi-Yu, L50|\n|poke|p2|Dragonite, L50, M|\n|teampreview|4\n|raw| Open Team Sheet for Charmaster<\/summary>Garchomp @ Clear Amulet Ability: Rough Skin Level: 50 Tera Type: Fire - Earthquake - Rock Slide - Swords Dance - Protect Maushold @ Lum Berry Ability: Friend Guard Level: 50 Tera Type: Ghost - Feint - Follow Me - Encore - Protect Talonflame @ Sitrus Berry Ability: Gale Wings Level: 50 Tera Type: Fire - Tailwind - Will-O-Wisp - Acrobatics - Protect Gastrodon (Gastrodon-East) @ Safety Goggles Ability: Storm Drain Level: 50 Tera Type: Grass - Muddy Water - Earth Power - Recover - Protect Kingambit @ Black Glasses Ability: Defiant Level: 50 Tera Type: Flying - Kowtow Cleave - Sucker Punch - Swords Dance - Protect Iron Bundle @ Booster Energy Ability: Quark Drive Level: 50 Tera Type: Ghost - Icy Wind - Freeze-Dry - Protect - Taunt <\/details><\/div> Open Team Sheet for Ianne Wildfyre<\/summary>Iron Bundle @ Booster Energy Ability: Quark Drive Level: 50 Tera Type: Ghost - Hydro Pump - Protect - Freeze-Dry - Icy Wind Great Tusk @ Focus Sash Ability: Protosynthesis Level: 50 Hidden Power: Fighting Tera Type: Ground - Earthquake - Close Combat - Protect - Rock Slide Murkrow (M) @ Eviolite Ability: Prankster Level: 50 Tera Type: Ghost - Foul Play - Tailwind - Taunt - Sunny Day Flutter Mane @ Choice Specs Ability: Protosynthesis Level: 50 Tera Type: Steel - Shadow Ball - Power Gem - Dazzling Gleam - Moonblast Chi-Yu @ Choice Scarf Ability: Beads of Ruin Level: 50 Tera Type: Grass - Dark Pulse - Snarl - Overheat - Heat Wave Dragonite (M) @ Assault Vest Ability: Multiscale Level: 50 Tera Type: Flying - Ice Spinner - Extreme Speed - Tera Blast - Low Kick <\/details><\/div>\n|j| Sadgirl23\n|c|\u2606Charmaster|glhf\n|c|\u2606Ianne Wildfyre|glhf :)\n|\n|t:|1681770134\n|start\n|switch|p1a: Talonflame|Talonflame, L50, M|100\/100\n|switch|p1b: Iron Bundle|Iron Bundle, L50|100\/100\n|switch|p2a: Iron Bundle|Iron Bundle, L50|100\/100\n|switch|p2b: Chi-Yu|Chi-Yu, L50|100\/100\n|-ability|p2b: Chi-Yu|Beads of Ruin\n|-enditem|p1b: Iron Bundle|Booster Energy\n|-activate|p1b: Iron Bundle|ability: Quark Drive|[fromitem]\n|-start|p1b: Iron Bundle|quarkdrivespe\n|-enditem|p2a: Iron Bundle|Booster Energy\n|-activate|p2a: Iron Bundle|ability: Quark Drive|[fromitem]\n|-start|p2a: Iron Bundle|quarkdrivespe\n|turn|1\n|\n|t:|1681770157\n|-terastallize|p2b: Chi-Yu|Grass\n|move|p1b: Iron Bundle|Protect|p1b: Iron Bundle\n|-singleturn|p1b: Iron Bundle|Protect\n|move|p2a: Iron Bundle|Protect|p2a: Iron Bundle\n|-singleturn|p2a: Iron Bundle|Protect\n|move|p1a: Talonflame|Tailwind|p1a: Talonflame\n|-sidestart|p1: Charmaster|move: Tailwind\n|move|p2b: Chi-Yu|Snarl|p1b: Iron Bundle|[spread] \n|-activate|p1b: Iron Bundle|move: Protect\n|-miss|p2b: Chi-Yu|p1a: Talonflame\n|\n|upkeep\n|turn|2\n|\n|t:|1681770176\n|move|p1a: Talonflame|Acrobatics|p2b: Chi-Yu\n|-supereffective|p2b: Chi-Yu\n|-damage|p2b: Chi-Yu|44\/100\n|move|p1b: Iron Bundle|Icy Wind|p2a: Iron Bundle|[spread] p2a,p2b\n|-resisted|p2a: Iron Bundle\n|-supereffective|p2b: Chi-Yu\n|-damage|p2a: Iron Bundle|88\/100\n|-damage|p2b: Chi-Yu|0 fnt\n|-unboost|p2a: Iron Bundle|spe|1\n|faint|p2b: Chi-Yu\n|move|p2a: Iron Bundle|Hydro Pump|p1a: Talonflame\n|-supereffective|p1a: Talonflame\n|-damage|p1a: Talonflame|0 fnt\n|faint|p1a: Talonflame\n|\n|upkeep\n|\n|t:|1681770189\n|switch|p1a: Garchomp|Garchomp, L50, M|100\/100\n|switch|p2b: Flutter Mane|Flutter Mane, L50|100\/100\n|turn|3\n|\n|t:|1681770205\n|-terastallize|p1a: Garchomp|Fire\n|move|p1b: Iron Bundle|Icy Wind|p2b: Flutter Mane|[spread] p2a,p2b\n|-resisted|p2a: Iron Bundle\n|-crit|p2a: Iron Bundle\n|-damage|p2a: Iron Bundle|72\/100\n|-damage|p2b: Flutter Mane|84\/100\n|-unboost|p2a: Iron Bundle|spe|1\n|-unboost|p2b: Flutter Mane|spe|1\n|move|p1a: Garchomp|Rock Slide|p2b: Flutter Mane|[spread] p2a,p2b\n|-supereffective|p2a: Iron Bundle\n|-damage|p2a: Iron Bundle|23\/100\n|-damage|p2b: Flutter Mane|55\/100\n|move|p2a: Iron Bundle|Hydro Pump|p1a: Garchomp|[miss]\n|-miss|p2a: Iron Bundle|p1a: Garchomp\n|cant|p2b: Flutter Mane|flinch\n|\n|upkeep\n|turn|4\n|j| jrdog\n|c|\u2606Ianne Wildfyre|yikes\n|\n|t:|1681770235\n|move|p1b: Iron Bundle|Protect|p1b: Iron Bundle\n|-singleturn|p1b: Iron Bundle|Protect\n|move|p2a: Iron Bundle|Protect|p2a: Iron Bundle\n|-singleturn|p2a: Iron Bundle|Protect\n|move|p1a: Garchomp|Earthquake|p2a: Iron Bundle|[spread] p2b\n|-activate|p1b: Iron Bundle|move: Protect\n|-activate|p2a: Iron Bundle|move: Protect\n|-damage|p2b: Flutter Mane|0 fnt\n|faint|p2b: Flutter Mane\n|-end|p2b: Flutter Mane|Protosynthesis|[silent]\n|\n|-sideend|p1: Charmaster|move: Tailwind\n|upkeep\n|\n|t:|1681770237\n|switch|p2b: Dragonite|Dragonite, L50, M|100\/100\n|turn|5\n|\n|t:|1681770250\n|move|p2b: Dragonite|Extreme Speed|p1a: Garchomp\n|-damage|p1a: Garchomp|68\/100\n|-damage|p2b: Dragonite|88\/100|[from] ability: Rough Skin|[of] p1a: Garchomp\n|move|p1b: Iron Bundle|Icy Wind|p2a: Iron Bundle|[spread] p2a,p2b\n|-resisted|p2a: Iron Bundle\n|-supereffective|p2b: Dragonite\n|-damage|p2a: Iron Bundle|13\/100\n|-damage|p2b: Dragonite|32\/100\n|-unboost|p2a: Iron Bundle|spe|1\n|-unboost|p2b: Dragonite|spe|1\n|move|p1a: Garchomp|Rock Slide|p2a: Iron Bundle|[spread] p2b\n|-miss|p1a: Garchomp|p2a: Iron Bundle\n|-supereffective|p2b: Dragonite\n|-damage|p2b: Dragonite|0 fnt\n|faint|p2b: Dragonite\n|move|p2a: Iron Bundle|Hydro Pump|p1a: Garchomp\n|-supereffective|p1a: Garchomp\n|-damage|p1a: Garchomp|0 fnt\n|faint|p1a: Garchomp\n|\n|upkeep\n|c|\u2606Ianne Wildfyre|gg\n|\n|t:|1681770258\n|switch|p1a: Maushold|Maushold, L50|100\/100\n|turn|6\n|-message|Ianne Wildfyre forfeited.\n|\n|win|Charmaster\n|n|\u2606Charmaster|charmaster\n|n|\u2606Ianne Wildfyre|iannewildfyre\n|n| Sadgirl23|sadgirl23\n|n| jrdog|jrdog\n|l|\u2606Ianne Wildfyre\n|l| Sadgirl23\n","uploadtime":1681770259,"views":7,"p1id":"charmaster","p2id":"iannewildfyre","formatid":"gen9vgc2023regulationc","rating":0,"private":0,"password":""}