{"id":"gen9vgc2023regulationc-1859075359","p1":"Jstardude","p2":"F3athers","format":"[Gen 9] VGC 2023 Regulation C","log":"|j|\u2606Jstardude\n|j|\u2606F3athers\n|t:|1683401477\n|gametype|doubles\n|player|p1|Jstardude|hilbert|\n|player|p2|F3athers|flannery|\n|teamsize|p1|6\n|teamsize|p2|6\n|gen|9\n|tier|[Gen 9] VGC 2023 Regulation C\n|rule|Species Clause: Limit one of each Pok\u00e9mon\n|rule|Item Clause: Limit one of each item\n|clearpoke\n|poke|p1|Dragapult, L50, F|\n|poke|p1|Chien-Pao, L50|\n|poke|p1|Tauros-Paldea-Blaze, L50, M|\n|poke|p1|Espathra, L50, M|\n|poke|p1|Scream Tail, L50|\n|poke|p1|Scizor, L50, F|\n|poke|p2|Qwilfish, L50, F|\n|poke|p2|Bronzong, L50|\n|poke|p2|Camerupt, L50, F|\n|poke|p2|Roaring Moon, L50|\n|poke|p2|Flutter Mane, L50|\n|poke|p2|Sableye, L50, M|\n|teampreview|4\nF3athers rejected open team sheets.\n|j| jayballester\n|c|\u2606F3athers|alr game 3 glhf\n|c|\u2606Jstardude|u2\n|j| Tuxmux\n|\n|t:|1683401635\n|start\n|switch|p1a: Scream Tail|Scream Tail, L50|100\/100\n|switch|p1b: Espathra|Espathra, L50, M|100\/100\n|switch|p2a: Sableye|Sableye, L50, M|100\/100\n|switch|p2b: Bronzong|Bronzong, L50|100\/100\n|-enditem|p1a: Scream Tail|Booster Energy\n|-activate|p1a: Scream Tail|ability: Protosynthesis|[fromitem]\n|-start|p1a: Scream Tail|protosynthesisspe\n|turn|1\n|\n|t:|1683401721\n|move|p2b: Bronzong|Helping Hand|p2a: Sableye\n|-singleturn|p2a: Sableye|Helping Hand|[of] p2b: Bronzong\n|move|p1a: Scream Tail|Light Screen|p1a: Scream Tail\n|-sidestart|p1: Jstardude|move: Light Screen\n|move|p1b: Espathra|Hypnosis|p2b: Bronzong\n|-status|p2b: Bronzong|slp|[from] move: Hypnosis\n|move|p2a: Sableye|Foul Play|p1b: Espathra\n|-supereffective|p1b: Espathra\n|-damage|p1b: Espathra|40\/100\n|\n|-ability|p1b: Espathra|Speed Boost|boost\n|-boost|p1b: Espathra|spe|1\n|upkeep\n|turn|2\n|\n|t:|1683401750\n|move|p2a: Sableye|Will-O-Wisp|p1b: Espathra\n|-status|p1b: Espathra|brn\n|move|p1a: Scream Tail|Reflect|p1a: Scream Tail\n|-sidestart|p1: Jstardude|Reflect\n|move|p1b: Espathra|Dazzling Gleam|p2b: Bronzong|[spread] p2a,p2b\n|-supereffective|p2a: Sableye\n|-resisted|p2b: Bronzong\n|-damage|p2a: Sableye|37\/100\n|-damage|p2b: Bronzong|94\/100 slp\n|cant|p2b: Bronzong|slp\n|\n|-damage|p1b: Espathra|34\/100 brn|[from] brn\n|-ability|p1b: Espathra|Speed Boost|boost\n|-boost|p1b: Espathra|spe|1\n|upkeep\n|turn|3\n|\n|t:|1683401800\n|-end|p1a: Scream Tail|Protosynthesis|[silent]\n|switch|p1a: Chien-Pao|Chien-Pao, L50|100\/100\n|-ability|p1a: Chien-Pao|Sword of Ruin\n|move|p2a: Sableye|Reflect|p2a: Sableye\n|-sidestart|p2: F3athers|Reflect\n|move|p1b: Espathra|Dazzling Gleam|p2a: Sableye|[spread] p2a,p2b\n|-supereffective|p2a: Sableye\n|-resisted|p2b: Bronzong\n|-damage|p2a: Sableye|0 fnt\n|-damage|p2b: Bronzong|88\/100 slp\n|faint|p2a: Sableye\n|-curestatus|p2b: Bronzong|slp|[msg]\n|move|p2b: Bronzong|Iron Defense|p2b: Bronzong\n|-boost|p2b: Bronzong|def|2\n|\n|-damage|p1b: Espathra|28\/100 brn|[from] brn\n|-ability|p1b: Espathra|Speed Boost|boost\n|-boost|p1b: Espathra|spe|1\n|upkeep\n|\n|t:|1683401827\n|switch|p2a: Flutter Mane|Flutter Mane, L50|100\/100\n|turn|4\n|\n|t:|1683401856\n|switch|p1a: Scream Tail|Scream Tail, L50|100\/100\n|move|p2a: Flutter Mane|Protect|p2a: Flutter Mane\n|-singleturn|p2a: Flutter Mane|Protect\n|move|p1b: Espathra|Psychic|p2a: Flutter Mane\n|-activate|p2a: Flutter Mane|move: Protect\n|move|p2b: Bronzong|Body Press|p1a: Scream Tail\n|-resisted|p1a: Scream Tail\n|-damage|p1a: Scream Tail|95\/100\n|\n|-damage|p1b: Espathra|22\/100 brn|[from] brn\n|-ability|p1b: Espathra|Speed Boost|boost\n|-boost|p1b: Espathra|spe|1\n|upkeep\n|turn|5\n|c| jayballester|No lumina crush lol\n|\n|t:|1683401888\n|-terastallize|p2a: Flutter Mane|Steel\n|move|p2b: Bronzong|Helping Hand|p2a: Flutter Mane\n|-singleturn|p2a: Flutter Mane|Helping Hand|[of] p2b: Bronzong\n|move|p1b: Espathra|Psychic|p2a: Flutter Mane\n|-resisted|p2a: Flutter Mane\n|-damage|p2a: Flutter Mane|79\/100\n|move|p2a: Flutter Mane|Dazzling Gleam|p1a: Scream Tail|[spread] p1a,p1b\n|-damage|p1a: Scream Tail|73\/100\n|-damage|p1b: Espathra|0 fnt\n|faint|p1b: Espathra\n|move|p1a: Scream Tail|Dazzling Gleam|p2a: Flutter Mane|[spread] p2a,p2b\n|-resisted|p2a: Flutter Mane\n|-resisted|p2b: Bronzong\n|-damage|p2a: Flutter Mane|72\/100\n|-damage|p2b: Bronzong|83\/100\n|\n|-sideend|p1: Jstardude|move: Light Screen\n|upkeep\n|\n|t:|1683401921\n|switch|p1b: Tauros|Tauros-Paldea-Blaze, L50, M|100\/100\n|-ability|p1b: Tauros|Intimidate|boost\n|-unboost|p2a: Flutter Mane|atk|1\n|-unboost|p2b: Bronzong|atk|1\n|turn|6\n|\n|t:|1683401988\n|-end|p1a: Scream Tail|Protosynthesis|[silent]\n|switch|p1a: Chien-Pao|Chien-Pao, L50|100\/100\n|-ability|p1a: Chien-Pao|Sword of Ruin\n|-terastallize|p1b: Tauros|Fire\n|move|p2b: Bronzong|Helping Hand|p2a: Flutter Mane\n|-singleturn|p2a: Flutter Mane|Helping Hand|[of] p2b: Bronzong\n|move|p2a: Flutter Mane|Moonblast|p1b: Tauros\n|-resisted|p1b: Tauros\n|-damage|p1b: Tauros|41\/100\n|-enditem|p1b: Tauros|Sitrus Berry|[eat]\n|-heal|p1b: Tauros|65\/100|[from] item: Sitrus Berry\n|move|p1b: Tauros|Raging Bull|p2a: Flutter Mane\n|-sideend|p2: F3athers|Reflect\n|-supereffective|p2a: Flutter Mane\n|-damage|p2a: Flutter Mane|0 fnt\n|faint|p2a: Flutter Mane\n|-end|p2a: Flutter Mane|Protosynthesis|[silent]\n|\n|-sideend|p1: Jstardude|Reflect\n|upkeep\n|\n|t:|1683402007\n|switch|p2a: Qwilfish|Qwilfish, L50, F|100\/100\n|-ability|p2a: Qwilfish|Intimidate|boost\n|-unboost|p1a: Chien-Pao|atk|1\n|-unboost|p1b: Tauros|atk|1\n|turn|7\n|j| Bakonlikescufant\n|\n|t:|1683402072\n|move|p1a: Chien-Pao|Crunch|p2b: Bronzong\n|-supereffective|p2b: Bronzong\n|-damage|p2b: Bronzong|51\/100\n|-unboost|p2b: Bronzong|def|1\n|move|p1b: Tauros|Raging Bull|p2b: Bronzong\n|-supereffective|p2b: Bronzong\n|-damage|p2b: Bronzong|0 fnt\n|faint|p2b: Bronzong\n|move|p2a: Qwilfish|Thunder Wave|p1b: Tauros\n|-status|p1b: Tauros|par\n|\n|upkeep\n|turn|8\n|c|\u2606F3athers|oh fuck\n|c|\u2606F3athers|that def drop is gg\n|\n|t:|1683402098\n|move|p1a: Chien-Pao|Crunch|p2a: Qwilfish\n|-damage|p2a: Qwilfish|69\/100\n|move|p2a: Qwilfish|Thunder Wave|p1a: Chien-Pao\n|-status|p1a: Chien-Pao|par\n|move|p1b: Tauros|Will-O-Wisp|p2a: Qwilfish\n|-status|p2a: Qwilfish|brn\n|\n|-heal|p2a: Qwilfish|75\/100 brn|[from] item: Leftovers\n|-damage|p2a: Qwilfish|69\/100 brn|[from] brn\n|upkeep\n|turn|9\n|\n|t:|1683402112\n|move|p2a: Qwilfish|Liquidation|p1b: Tauros\n|-supereffective|p1b: Tauros\n|-damage|p1b: Tauros|25\/100 par\n|move|p1a: Chien-Pao|Crunch|p2a: Qwilfish\n|-damage|p2a: Qwilfish|41\/100 brn\n|-unboost|p2a: Qwilfish|def|1\n|cant|p1b: Tauros|par\n|\n|-heal|p2a: Qwilfish|47\/100 brn|[from] item: Leftovers\n|-damage|p2a: Qwilfish|41\/100 brn|[from] brn\n|upkeep\n|turn|10\n|\n|t:|1683402127\n|move|p2a: Qwilfish|Liquidation|p1a: Chien-Pao\n|-damage|p1a: Chien-Pao|81\/100 par\n|cant|p1a: Chien-Pao|par\n|move|p1b: Tauros|Raging Bull|p2a: Qwilfish\n|-resisted|p2a: Qwilfish\n|-crit|p2a: Qwilfish\n|-damage|p2a: Qwilfish|0 fnt\n|faint|p2a: Qwilfish\n|\n|win|Jstardude\n|c| jayballester|5 paras\n|c|\u2606Jstardude|gg\n|c| Tuxmux|gg\n|c|\u2606F3athers|gg\n","uploadtime":1683402145,"views":12,"p1id":"jstardude","p2id":"f3athers","formatid":"gen9vgc2023regulationc","rating":0,"private":0,"password":""}