{"id":"gen9vgc2023regulationc-1858800230","p1":"CastD10S","p2":"wreckitregenald","format":"[Gen 9] VGC 2023 Regulation C","log":"|j|\u2606CastD10S\n|j|\u2606wreckitregenald\n|t:|1683363749\n|gametype|doubles\n|player|p1|CastD10S|blaine|1177\n|player|p2|wreckitregenald|169|1261\n|teamsize|p1|6\n|teamsize|p2|6\n|gen|9\n|tier|[Gen 9] VGC 2023 Regulation C\n|rated|\n|rule|Species Clause: Limit one of each Pok\u00e9mon\n|rule|Item Clause: Limit one of each item\n|clearpoke\n|poke|p1|Torkoal, L50, M|\n|poke|p1|Flutter Mane, L50|\n|poke|p1|Jumpluff, L50, M|\n|poke|p1|Great Tusk, L50|\n|poke|p1|Chien-Pao, L50|\n|poke|p1|Annihilape, L50, F|\n|poke|p2|Arcanine, L50, M|\n|poke|p2|Gothitelle, L50, M|\n|poke|p2|Amoonguss, L50, F|\n|poke|p2|Scream Tail, L50|\n|poke|p2|Flutter Mane, L50|\n|poke|p2|Palafin, L50, F|\n|teampreview|4\n|inactive|Battle timer is ON: inactive players will automatically lose when time's up. (requested by CastD10S)\n|inactive|CastD10S has 60 seconds left.\n|inactive|wreckitregenald has 60 seconds left.\n|\n|t:|1683363796\n|start\n|switch|p1a: Torkoal|Torkoal, L50, M|100\/100\n|switch|p1b: Jumpluff|Jumpluff, L50, M|100\/100\n|switch|p2a: Flutter Mane|Flutter Mane, L50|100\/100\n|switch|p2b: Amoonguss|Amoonguss, L50, F|100\/100\n|-weather|SunnyDay|[from] ability: Drought|[of] p1a: Torkoal\n|-activate|p2a: Flutter Mane|ability: Protosynthesis\n|-start|p2a: Flutter Mane|protosynthesisspe\n|turn|1\n|\n|t:|1683363815\n|-terastallize|p2b: Amoonguss|Dark\n|move|p1b: Jumpluff|Sleep Powder|p2a: Flutter Mane\n|-status|p2a: Flutter Mane|slp|[from] move: Sleep Powder\n|cant|p2a: Flutter Mane|slp\n|move|p2b: Amoonguss|Spore|p1a: Torkoal\n|-status|p1a: Torkoal|slp|[from] move: Spore\n|cant|p1a: Torkoal|slp\n|\n|-weather|SunnyDay|[upkeep]\n|upkeep\n|turn|2\n|inactive|CastD10S has 30 seconds left.\n|inactive|wreckitregenald has 30 seconds left.\n|inactive|CastD10S has 20 seconds left.\n|inactive|CastD10S has 15 seconds left.\n|inactive|CastD10S has 10 seconds left.\n|\n|t:|1683363863\n|-end|p2a: Flutter Mane|Protosynthesis|[silent]\n|switch|p2a: Gothitelle|Gothitelle, L50, M|100\/100\n|switch|p1a: Flutter Mane|Flutter Mane, L50|100\/100\n|-activate|p1a: Flutter Mane|ability: Protosynthesis\n|-start|p1a: Flutter Mane|protosynthesisspa\n|move|p2b: Amoonguss|Protect|p2b: Amoonguss\n|-singleturn|p2b: Amoonguss|Protect\n|move|p1b: Jumpluff|Sleep Powder|p2b: Amoonguss\n|-activate|p2b: Amoonguss|move: Protect\n|\n|-weather|SunnyDay|[upkeep]\n|upkeep\n|turn|3\n|inactive|wreckitregenald has 30 seconds left.\n|\n|t:|1683363897\n|move|p2a: Gothitelle|Fake Out|p1b: Jumpluff\n|-damage|p1b: Jumpluff|93\/100\n|move|p1b: Jumpluff|Sleep Powder|p2b: Amoonguss|[miss]\n|-miss|p1b: Jumpluff|p2b: Amoonguss\n|move|p1a: Flutter Mane|Dazzling Gleam|p2a: Gothitelle|[spread] p2a,p2b\n|-supereffective|p2b: Amoonguss\n|-damage|p2a: Gothitelle|45\/100\n|-damage|p2b: Amoonguss|3\/100\n|-enditem|p2a: Gothitelle|Sitrus Berry|[eat]\n|-heal|p2a: Gothitelle|69\/100|[from] item: Sitrus Berry\n|move|p2b: Amoonguss|Spore|p1a: Flutter Mane\n|-status|p1a: Flutter Mane|slp|[from] move: Spore\n|\n|-weather|SunnyDay|[upkeep]\n|upkeep\n|turn|4\n|inactive|CastD10S has 30 seconds left.\n|inactive|CastD10S has 20 seconds left.\n|inactive|CastD10S has 15 seconds left.\n|inactive|CastD10S has 10 seconds left.\n|inactive|CastD10S has 5 seconds left.\n|\n|t:|1683363952\n|switch|p2b: Flutter Mane|Flutter Mane, L50|100\/100 slp\n|-activate|p2b: Flutter Mane|ability: Protosynthesis\n|-start|p2b: Flutter Mane|protosynthesisspe\n|move|p2a: Gothitelle|Protect|p2a: Gothitelle\n|-singleturn|p2a: Gothitelle|Protect\n|move|p1b: Jumpluff|Pollen Puff|p2a: Gothitelle\n|-activate|p2a: Gothitelle|move: Protect\n|cant|p1a: Flutter Mane|slp\n|\n|-weather|SunnyDay|[upkeep]\n|upkeep\n|turn|5\n|inactive|CastD10S has 30 seconds left.\n|inactive|CastD10S has 20 seconds left.\n|inactive|CastD10S has 15 seconds left.\n|inactive|CastD10S has 10 seconds left.\n|inactive|CastD10S has 5 seconds left.\n|\n|t:|1683364005\n|switch|p2a: Scream Tail|Scream Tail, L50|100\/100\n|-activate|p2a: Scream Tail|ability: Protosynthesis\n|-start|p2a: Scream Tail|protosynthesisspe\n|move|p1b: Jumpluff|Encore||[still]\n|-fail|p1b: Jumpluff\n|cant|p2b: Flutter Mane|slp\n|-curestatus|p1a: Flutter Mane|slp|[msg]\n|move|p1a: Flutter Mane|Dazzling Gleam|p2b: Flutter Mane|[spread] p2a,p2b\n|-damage|p2a: Scream Tail|50\/100\n|-damage|p2b: Flutter Mane|26\/100 slp\n|\n|-weather|none\n|-end|p2b: Flutter Mane|Protosynthesis\n|-end|p2a: Scream Tail|Protosynthesis\n|-end|p1a: Flutter Mane|Protosynthesis\n|upkeep\n|-enditem|p2a: Scream Tail|Booster Energy\n|-activate|p2a: Scream Tail|ability: Protosynthesis|[fromitem]\n|-start|p2a: Scream Tail|protosynthesisspe\n|turn|6\n|inactive|CastD10S has 30 seconds left.\n|inactive|wreckitregenald has 30 seconds left.\n|inactive|wreckitregenald has 20 seconds left.\n|\n|t:|1683364041\n|cant|p2b: Flutter Mane|slp\n|move|p2a: Scream Tail|Perish Song|p2a: Scream Tail\n|-start|p1a: Flutter Mane|perish3|[silent]\n|-start|p1b: Jumpluff|perish3|[silent]\n|-start|p2a: Scream Tail|perish3|[silent]\n|-start|p2b: Flutter Mane|perish3|[silent]\n|-fieldactivate|move: Perish Song\n|move|p1a: Flutter Mane|Dazzling Gleam|p2a: Scream Tail|[spread] p2a,p2b\n|-damage|p2a: Scream Tail|12\/100\n|-damage|p2b: Flutter Mane|0 fnt\n|faint|p2b: Flutter Mane\n|-end|p2b: Flutter Mane|Protosynthesis|[silent]\n|move|p1b: Jumpluff|Tailwind|p1b: Jumpluff\n|-sidestart|p1: CastD10S|move: Tailwind\n|\n|-start|p1a: Flutter Mane|perish3\n|-start|p1b: Jumpluff|perish3\n|-start|p2a: Scream Tail|perish3\n|upkeep\n|\n|t:|1683364055\n|switch|p2b: Gothitelle|Gothitelle, L50, M|69\/100\n|turn|7\n|\n|t:|1683364070\n|move|p2a: Scream Tail|Protect|p2a: Scream Tail\n|-singleturn|p2a: Scream Tail|Protect\n|move|p2b: Gothitelle|Fake Out|p1b: Jumpluff\n|-damage|p1b: Jumpluff|87\/100\n|move|p1a: Flutter Mane|Dazzling Gleam|p2b: Gothitelle|[spread] p2b\n|-activate|p2a: Scream Tail|move: Protect\n|-damage|p2b: Gothitelle|32\/100\n|move|p1b: Jumpluff|Sleep Powder|p2b: Gothitelle\n|-status|p2b: Gothitelle|slp|[from] move: Sleep Powder\n|\n|-start|p1a: Flutter Mane|perish2\n|-start|p1b: Jumpluff|perish2\n|-start|p2a: Scream Tail|perish2\n|upkeep\n|turn|8\n|inactive|wreckitregenald has 30 seconds left.\n|c|\u2606wreckitregenald|what item is jumpluff holding>\n|inactive|wreckitregenald has 20 seconds left.\n|\n|t:|1683364109\n|switch|p2b: Amoonguss|Amoonguss, L50, F, tera:Dark|36\/100\n|move|p1a: Flutter Mane|Dazzling Gleam|p2b: Amoonguss|[spread] p2a,p2b\n|-supereffective|p2b: Amoonguss\n|-damage|p2a: Scream Tail|0 fnt\n|-damage|p2b: Amoonguss|0 fnt\n|faint|p2a: Scream Tail\n|-end|p2a: Scream Tail|Protosynthesis|[silent]\n|faint|p2b: Amoonguss\n|move|p1b: Jumpluff|Sleep Powder|p2: Scream Tail|[notarget]\n|-fail|p1b: Jumpluff\n|\n|-start|p1a: Flutter Mane|perish1\n|-start|p1b: Jumpluff|perish1\n|upkeep\n|\n|t:|1683364123\n|switch|p2a: Gothitelle|Gothitelle, L50, M|32\/100 slp\n|turn|9\n|\n|t:|1683364131\n|cant|p2a: Gothitelle|slp\n|move|p1a: Flutter Mane|Dazzling Gleam|p2a: Gothitelle\n|-damage|p2a: Gothitelle|0 fnt\n|faint|p2a: Gothitelle\n|\n|win|CastD10S\n|raw|CastD10S's rating: 1177 → 1208<\/strong> (+31 for winning)\n|raw|wreckitregenald's rating: 1261 → 1230<\/strong> (-31 for losing)\n|l|\u2606CastD10S\n","uploadtime":1683364149,"views":12,"p1id":"castd10s","p2id":"wreckitregenald","formatid":"gen9vgc2023regulationc","rating":1208,"private":0,"password":""}