{"id":"gen9vgc2023regulationc-1848134429","p1":"paultheconvincer","p2":"Reaper976","format":"[Gen 9] VGC 2023 Regulation C","log":"|j|\u2606paultheconvincer\n|j|\u2606Reaper976\n|t:|1682033700\n|gametype|doubles\n|player|p1|paultheconvincer|2|\n|player|p2|Reaper976|cyrus|\n|teamsize|p1|6\n|teamsize|p2|6\n|gen|9\n|tier|[Gen 9] VGC 2023 Regulation C\n|rule|Species Clause: Limit one of each Pok\u00e9mon\n|rule|Item Clause: Limit one of each item\n|clearpoke\n|poke|p1|Noivern, L50, F|\n|poke|p1|Great Tusk, L50|\n|poke|p1|Eelektross, L50, M|\n|poke|p1|Torkoal, L50, F|\n|poke|p1|Farigiraf, L50, M|\n|poke|p1|Brute Bonnet, L50|\n|poke|p2|Amoonguss, L50, M|\n|poke|p2|Ceruledge, L50, M|\n|poke|p2|Baxcalibur, L50, M|\n|poke|p2|Corviknight, L50, M|\n|poke|p2|Iron Valiant, L50|\n|poke|p2|Kingambit, L50, M|\n|teampreview|4\n|\n|t:|1682033716\n|start\n|switch|p1a: Noivern|Noivern, L50, F|100\/100\n|switch|p1b: Great Tusk|Great Tusk, L50|100\/100\n|switch|p2a: Amoonguss|Amoonguss, L50, M, shiny|100\/100\n|switch|p2b: Corviknight|Corviknight, L50, M, shiny|100\/100\n|-enditem|p1b: Great Tusk|Booster Energy\n|-activate|p1b: Great Tusk|ability: Protosynthesis|[fromitem]\n|-start|p1b: Great Tusk|protosynthesisatk\n|turn|1\n|c|\u2606Reaper976|Gkhf\n|c|\u2606paultheconvincer|glhf\n|\n|t:|1682033736\n|move|p2a: Amoonguss|Rage Powder|p2a: Amoonguss\n|-singleturn|p2a: Amoonguss|move: Rage Powder\n|move|p1a: Noivern|Air Slash|p2a: Amoonguss\n|-supereffective|p2a: Amoonguss\n|-damage|p2a: Amoonguss|48\/100\n|move|p1b: Great Tusk|Ice Spinner|p2a: Amoonguss\n|-supereffective|p2a: Amoonguss\n|-damage|p2a: Amoonguss|0 fnt\n|-damage|p1b: Great Tusk|84\/100|[from] item: Rocky Helmet|[of] p2a: Amoonguss\n|faint|p2a: Amoonguss\n|move|p2b: Corviknight|Tailwind|p2b: Corviknight\n|-sidestart|p2: Reaper976|move: Tailwind\n|\n|upkeep\n|\n|t:|1682033754\n|switch|p2a: Ceruledge|Ceruledge, L50, M|100\/100\n|turn|2\n|\n|t:|1682033769\n|-terastallize|p2a: Ceruledge|Water\n|move|p1b: Great Tusk|Protect|p1b: Great Tusk\n|-singleturn|p1b: Great Tusk|Protect\n|move|p2a: Ceruledge|Bitter Blade|p1b: Great Tusk\n|-activate|p1b: Great Tusk|move: Protect\n|move|p1a: Noivern|Tailwind|p1a: Noivern\n|-sidestart|p1: paultheconvincer|move: Tailwind\n|move|p2b: Corviknight|Brave Bird|p1a: Noivern\n|-damage|p1a: Noivern|53\/100\n|-damage|p2b: Corviknight|88\/100|[from] Recoil\n|\n|-heal|p2b: Corviknight|94\/100|[from] item: Leftovers\n|upkeep\n|turn|3\n|\n|t:|1682033802\n|move|p1a: Noivern|Air Slash|p2a: Ceruledge\n|-damage|p2a: Ceruledge|72\/100\n|move|p1b: Great Tusk|Close Combat|p2a: Ceruledge\n|-damage|p2a: Ceruledge|0 fnt\n|-unboost|p1b: Great Tusk|def|1\n|-unboost|p1b: Great Tusk|spd|1\n|faint|p2a: Ceruledge\n|move|p2b: Corviknight|Brave Bird|p1b: Great Tusk\n|-supereffective|p1b: Great Tusk\n|-damage|p1b: Great Tusk|5\/100\n|-damage|p2b: Corviknight|69\/100|[from] Recoil\n|\n|-heal|p2b: Corviknight|75\/100|[from] item: Leftovers\n|upkeep\n|\n|t:|1682033809\n|switch|p2a: Baxcalibur|Baxcalibur, L50, M, shiny|100\/100\n|turn|4\n|\n|t:|1682033825\n|move|p1a: Noivern|Protect|p1a: Noivern\n|-singleturn|p1a: Noivern|Protect\n|move|p1b: Great Tusk|Protect|p1b: Great Tusk\n|-singleturn|p1b: Great Tusk|Protect\n|move|p2a: Baxcalibur|Icicle Crash|p1a: Noivern\n|-activate|p1a: Noivern|move: Protect\n|move|p2b: Corviknight|Brave Bird|p1b: Great Tusk\n|-activate|p1b: Great Tusk|move: Protect\n|\n|-heal|p2b: Corviknight|81\/100|[from] item: Leftovers\n|-sideend|p2: Reaper976|move: Tailwind\n|upkeep\n|turn|5\n|\n|t:|1682033842\n|move|p1a: Noivern|Air Slash|p2a: Baxcalibur\n|-damage|p2a: Baxcalibur|71\/100\n|move|p1b: Great Tusk|Close Combat|p2a: Baxcalibur\n|-supereffective|p2a: Baxcalibur\n|-damage|p2a: Baxcalibur|0 fnt\n|-unboost|p1b: Great Tusk|def|1\n|-unboost|p1b: Great Tusk|spd|1\n|faint|p2a: Baxcalibur\n|move|p2b: Corviknight|Brave Bird|p1b: Great Tusk\n|-supereffective|p1b: Great Tusk\n|-damage|p1b: Great Tusk|0 fnt\n|faint|p1b: Great Tusk\n|-end|p1b: Great Tusk|Protosynthesis|[silent]\n|-damage|p2b: Corviknight|80\/100|[from] Recoil\n|\n|-heal|p2b: Corviknight|85\/100|[from] item: Leftovers\n|-sideend|p1: paultheconvincer|move: Tailwind\n|upkeep\n|\n|t:|1682033848\n|switch|p1b: Eelektross|Eelektross, L50, M|100\/100\n|turn|6\n|\n|t:|1682033863\n|move|p1a: Noivern|Heat Wave|p2b: Corviknight\n|-supereffective|p2b: Corviknight\n|-damage|p2b: Corviknight|30\/100\n|move|p1b: Eelektross|Discharge|p2b: Corviknight|[spread] p2b\n|-activate|p1a: Noivern|ability: Telepathy\n|-supereffective|p2b: Corviknight\n|-damage|p2b: Corviknight|0 fnt\n|faint|p2b: Corviknight\n|\n|win|paultheconvincer\n|l|\u2606Reaper976\n","uploadtime":1682034119,"views":11,"p1id":"paultheconvincer","p2id":"reaper976","formatid":"gen9vgc2023regulationc","rating":0,"private":0,"password":""}