{"id":"gen9vgc2023regulationc-1846381904","p1":"SteXe36","p2":"hero231","format":"[Gen 9] VGC 2023 Regulation C","log":"|j|\u2606SteXe36\n|j|\u2606hero231\n|t:|1681836366\n|gametype|doubles\n|player|p1|SteXe36|102|1310\n|player|p2|hero231|infielder|1241\n|teamsize|p1|6\n|teamsize|p2|6\n|gen|9\n|tier|[Gen 9] VGC 2023 Regulation C\n|rated|\n|rule|Species Clause: Limit one of each Pok\u00e9mon\n|rule|Item Clause: Limit one of each item\n|clearpoke\n|poke|p1|Chien-Pao, L50|\n|poke|p1|Chi-Yu, L50|\n|poke|p1|Baxcalibur, L50, M|\n|poke|p1|Flutter Mane, L50|\n|poke|p1|Amoonguss, L50, M|\n|poke|p1|Corviknight, L50, M|\n|poke|p2|Glimmora, L50, M|\n|poke|p2|Arcanine, L50, M|\n|poke|p2|Chi-Yu, L50|\n|poke|p2|Flutter Mane, L50|\n|poke|p2|Dondozo, L50, F|\n|poke|p2|Tatsugiri-Stretchy, L50, M|\n|teampreview|4\nhero231 has agreed to open team sheets.\n|\n|t:|1681836451\n|start\n|switch|p1a: Royal Knight|Corviknight, L50, M, shiny|100\/100\n|switch|p1b: Magic Lancer|Chi-Yu, L50|100\/100\n|switch|p2a: Smiles Back|Chi-Yu, L50|100\/100\n|switch|p2b: Flutter Mid|Flutter Mane, L50, shiny|100\/100\n|-ability|p1b: Magic Lancer|Beads of Ruin\n|-ability|p2a: Smiles Back|Beads of Ruin\n|-enditem|p2b: Flutter Mid|Booster Energy\n|-activate|p2b: Flutter Mid|ability: Protosynthesis|[fromitem]\n|-start|p2b: Flutter Mid|protosynthesisspa\n|turn|1\n|\n|t:|1681836477\n|-terastallize|p1a: Royal Knight|Dragon\n|move|p1b: Magic Lancer|Snarl|p2a: Smiles Back|[spread] p2a,p2b\n|-resisted|p2a: Smiles Back\n|-damage|p2a: Smiles Back|89\/100\n|-damage|p2b: Flutter Mid|71\/100\n|-unboost|p2a: Smiles Back|spa|1\n|-unboost|p2b: Flutter Mid|spa|1\n|move|p2b: Flutter Mid|Taunt|p1a: Royal Knight\n|-start|p1a: Royal Knight|move: Taunt\n|move|p2a: Smiles Back|Heat Wave|p1a: Royal Knight|[spread] p1a,p1b\n|-resisted|p1a: Royal Knight\n|-resisted|p1b: Magic Lancer\n|-damage|p1a: Royal Knight|84\/100\n|-damage|p1b: Magic Lancer|87\/100\n|-status|p1a: Royal Knight|brn\n|move|p1a: Royal Knight|Iron Head|p2b: Flutter Mid\n|-supereffective|p2b: Flutter Mid\n|-damage|p2b: Flutter Mid|33\/100\n|\n|-damage|p1a: Royal Knight|78\/100 brn|[from] brn\n|upkeep\n|turn|2\n|\n|t:|1681836508\n|move|p1b: Magic Lancer|Snarl|p2b: Flutter Mid|[spread] p2a,p2b\n|-resisted|p2a: Smiles Back\n|-damage|p2a: Smiles Back|75\/100\n|-damage|p2b: Flutter Mid|5\/100\n|-unboost|p2a: Smiles Back|spa|1\n|-unboost|p2b: Flutter Mid|spa|1\n|move|p2b: Flutter Mid|Dazzling Gleam|p1a: Royal Knight|[spread] p1a,p1b\n|-supereffective|p1a: Royal Knight\n|-damage|p1a: Royal Knight|27\/100 brn\n|-damage|p1b: Magic Lancer|64\/100\n|move|p2a: Smiles Back|Dark Pulse|p1a: Royal Knight\n|-damage|p1a: Royal Knight|1\/100 brn\n|move|p1a: Royal Knight|Body Press|p2a: Smiles Back\n|-supereffective|p2a: Smiles Back\n|-damage|p2a: Smiles Back|35\/100\n|\n|-damage|p1a: Royal Knight|0 fnt|[from] brn\n|faint|p1a: Royal Knight\n|upkeep\n|\n|t:|1681836523\n|switch|p1a: General|Chien-Pao, L50|100\/100\n|-ability|p1a: General|Sword of Ruin\n|turn|3\n|\n|t:|1681836544\n|-end|p2b: Flutter Mid|Protosynthesis|[silent]\n|switch|p2b: No Shrooms|Arcanine, L50, M|100\/100\n|-ability|p2b: No Shrooms|Intimidate|boost\n|-unboost|p1a: General|atk|1\n|-unboost|p1b: Magic Lancer|atk|1\n|move|p1b: Magic Lancer|Snarl|p2b: No Shrooms|[spread] p2a,p2b\n|-resisted|p2a: Smiles Back\n|-damage|p2a: Smiles Back|21\/100\n|-damage|p2b: No Shrooms|63\/100\n|-unboost|p2a: Smiles Back|spa|1\n|-unboost|p2b: No Shrooms|spa|1\n|move|p1a: General|Sacred Sword|p2a: Smiles Back\n|-supereffective|p2a: Smiles Back\n|-damage|p2a: Smiles Back|0 fnt\n|faint|p2a: Smiles Back\n|\n|upkeep\n|\n|t:|1681836559\n|switch|p2a: Wheeeee!|Glimmora, L50, M, shiny|100\/100\n|turn|4\n|\n|t:|1681836585\n|move|p1b: Magic Lancer|Snarl|p2b: No Shrooms|[spread] p2a,p2b\n|-damage|p2a: Wheeeee!|74\/100\n|-damage|p2b: No Shrooms|31\/100\n|-unboost|p2a: Wheeeee!|spa|1\n|-unboost|p2b: No Shrooms|spa|1\n|move|p1a: General|Sacred Sword|p2a: Wheeeee!\n|-damage|p2a: Wheeeee!|44\/100\n|-activate|p2a: Wheeeee!|ability: Toxic Debris\n|-sidestart|p1: SteXe36|move: Toxic Spikes\n|move|p2b: No Shrooms|Flare Blitz|p1a: General\n|-supereffective|p1a: General\n|-enditem|p1a: General|Focus Sash\n|-damage|p1a: General|1\/100\n|-damage|p2b: No Shrooms|3\/100|[from] Recoil\n|move|p2a: Wheeeee!|Power Gem|p1b: Magic Lancer\n|-supereffective|p1b: Magic Lancer\n|-damage|p1b: Magic Lancer|2\/100\n|\n|upkeep\n|turn|5\n|c|\u2606hero231|uh oh\n|inactive|Battle timer is ON: inactive players will automatically lose when time's up. (requested by SteXe36)\n|\n|t:|1681836642\n|move|p1b: Magic Lancer|Snarl|p2b: No Shrooms|[spread] p2a\n|-miss|p1b: Magic Lancer|p2b: No Shrooms\n|-damage|p2a: Wheeeee!|19\/100\n|-unboost|p2a: Wheeeee!|spa|1\n|move|p1a: General|Sacred Sword|p2a: Wheeeee!\n|-damage|p2a: Wheeeee!|0 fnt\n|-activate|p2a: Wheeeee!|ability: Toxic Debris\n|-sidestart|p1: SteXe36|move: Toxic Spikes\n|faint|p2a: Wheeeee!\n|move|p2b: No Shrooms|Snarl|p1b: Magic Lancer|[spread] p1a,p1b\n|-resisted|p1a: General\n|-resisted|p1b: Magic Lancer\n|-damage|p1a: General|0 fnt\n|-damage|p1b: Magic Lancer|0 fnt\n|faint|p1a: General\n|faint|p1b: Magic Lancer\n|\n|upkeep\n|c|\u2606SteXe36|V:\n|\n|t:|1681836661\n|switch|p1b: Tower|Amoonguss, L50, M, shiny|100\/100\n|switch|p2a: Flutter Mid|Flutter Mane, L50, shiny|5\/100\n|-sideend|p1: SteXe36|move: Toxic Spikes|[of] p1b: Tower\n|turn|6\n|\n|t:|1681836671\n|move|p2a: Flutter Mid|Taunt|p1b: Tower\n|-start|p1b: Tower|move: Taunt\n|move|p2b: No Shrooms|Flare Blitz|p1b: Tower\n|-supereffective|p1b: Tower\n|-damage|p1b: Tower|7\/100\n|-enditem|p1b: Tower|Sitrus Berry|[eat]\n|-heal|p1b: Tower|32\/100|[from] item: Sitrus Berry\n|-damage|p2b: No Shrooms|0 fnt|[from] Recoil\n|faint|p2b: No Shrooms\n|move|p1b: Tower|Pollen Puff|p2a: Flutter Mid\n|-resisted|p2a: Flutter Mid\n|-damage|p2a: Flutter Mid|1\/100\n|\n|upkeep\n|turn|7\n|c|\u2606hero231|WHAT\n|c|\u2606hero231|AHHHH\n|c|\u2606SteXe36|XD\n|inactive|hero231 has 30 seconds left.\n|c|\u2606hero231|GG :)\n|\n|t:|1681836704\n|move|p2a: Flutter Mid|Shadow Ball|p1b: Tower\n|-damage|p1b: Tower|0 fnt\n|faint|p1b: Tower\n|\n|win|hero231\n|raw|SteXe36's rating: 1310 → 1286<\/strong> (-24 for losing)\n|raw|hero231's rating: 1241 → 1271<\/strong> (+30 for winning)\n|c|\u2606SteXe36|Gg:(\n|c|\u2606hero231|rematch?\n|c|\u2606SteXe36|Nop\n|l|\u2606SteXe36\n","uploadtime":1681836714,"views":14,"p1id":"stexe36","p2id":"hero231","formatid":"gen9vgc2023regulationc","rating":1271,"private":0,"password":""}