{"id":"gen9vgc2023regulationc-1847098323","p1":"Kimolingo","p2":"ApplinFan773","format":"[Gen 9] VGC 2023 Regulation C","log":"|j|\u2606Kimolingo\n|j|\u2606ApplinFan773\n|t:|1681918912\n|gametype|doubles\n|player|p1|Kimolingo|pokekid|1088\n|player|p2|ApplinFan773|cilan|1160\n|teamsize|p1|6\n|teamsize|p2|6\n|gen|9\n|tier|[Gen 9] VGC 2023 Regulation C\n|rated|\n|rule|Species Clause: Limit one of each Pok\u00e9mon\n|rule|Item Clause: Limit one of each item\n|clearpoke\n|poke|p1|Dachsbun, L50, F|\n|poke|p1|Chi-Yu, L50|\n|poke|p1|Chien-Pao, L50|\n|poke|p1|Iron Hands, L50|\n|poke|p1|Maushold, L50|\n|poke|p1|Brute Bonnet, L50|\n|poke|p2|Maushold-Four, L50|\n|poke|p2|Flutter Mane, L50|\n|poke|p2|Scream Tail, L50|\n|poke|p2|Ceruledge, L50, M|\n|poke|p2|Meowscarada, L50, F|\n|poke|p2|Salamence, L50, M|\n|teampreview|4\n|inactive|Battle timer is ON: inactive players will automatically lose when time's up. (requested by ApplinFan773)\n|c|\u2606ApplinFan773|Glhf\n|c|\u2606Kimolingo|you too!\nKimolingo rejected open team sheets.\n|\n|t:|1681918942\n|start\n|switch|p1a: Chi-Yu|Chi-Yu, L50|100\/100\n|switch|p1b: Dachsbun|Dachsbun, L50, F|100\/100\n|switch|p2a: Salami|Salamence, L50, M, shiny|100\/100\n|switch|p2b: Myrtle|Flutter Mane, L50, shiny|100\/100\n|-ability|p1a: Chi-Yu|Beads of Ruin\n|-ability|p2a: Salami|Intimidate|boost\n|-unboost|p1a: Chi-Yu|atk|1\n|-unboost|p1b: Dachsbun|atk|1\n|turn|1\n|inactive|ApplinFan773 has 30 seconds left.\n|\n|t:|1681918979\n|-terastallize|p1b: Dachsbun|Steel\n|move|p1a: Chi-Yu|Lava Plume|p2b: Myrtle|[spread] p2a,p2b\n|-ability|p1b: Dachsbun|Well-Baked Body|boost\n|-boost|p1b: Dachsbun|def|2\n|-enditem|p2a: Salami|Mirror Herb\n|-boost|p2a: Salami|def|2|[from] item: Mirror Herb\n|-resisted|p2a: Salami\n|-damage|p2a: Salami|79\/100\n|-damage|p2b: Myrtle|65\/100\n|-status|p2a: Salami|brn\n|move|p2b: Myrtle|Power Gem|p1a: Chi-Yu\n|-supereffective|p1a: Chi-Yu\n|-damage|p1a: Chi-Yu|15\/100\n|-damage|p2b: Myrtle|55\/100|[from] item: Life Orb\n|move|p2a: Salami|Dragon Claw|p1a: Chi-Yu\n|-damage|p1a: Chi-Yu|0 fnt\n|faint|p1a: Chi-Yu\n|move|p1b: Dachsbun|Substitute|p1b: Dachsbun\n|-start|p1b: Dachsbun|Substitute\n|-damage|p1b: Dachsbun|75\/100\n|\n|-heal|p1b: Dachsbun|82\/100|[from] item: Leftovers\n|-damage|p2a: Salami|73\/100 brn|[from] brn\n|upkeep\n|\n|t:|1681918995\n|switch|p1a: Chien-Pao|Chien-Pao, L50|100\/100\n|-ability|p1a: Chien-Pao|Sword of Ruin\n|turn|2\n|\n|t:|1681919014\n|move|p2b: Myrtle|Protect|p2b: Myrtle\n|-singleturn|p2b: Myrtle|Protect\n|move|p1a: Chien-Pao|Sucker Punch||[still]\n|-fail|p1a: Chien-Pao\n|move|p2a: Salami|Iron Head|p1a: Chien-Pao\n|-supereffective|p1a: Chien-Pao\n|-damage|p1a: Chien-Pao|67\/100\n|move|p1b: Dachsbun|Yawn||[still]\n|-fail|p1b: Dachsbun\n|\n|-heal|p1b: Dachsbun|88\/100|[from] item: Leftovers\n|-damage|p2a: Salami|67\/100 brn|[from] brn\n|upkeep\n|turn|3\n|\n|t:|1681919038\n|move|p1a: Chien-Pao|Ice Spinner|p2a: Salami\n|-supereffective|p2a: Salami\n|-damage|p2a: Salami|0 fnt\n|faint|p2a: Salami\n|move|p2b: Myrtle|Moonblast|p1a: Chien-Pao\n|-supereffective|p1a: Chien-Pao\n|-damage|p1a: Chien-Pao|0 fnt\n|faint|p1a: Chien-Pao\n|-damage|p2b: Myrtle|46\/100|[from] item: Life Orb\n|move|p1b: Dachsbun|Crunch|p2b: Myrtle\n|-damage|p2b: Myrtle|29\/100\n|\n|-heal|p1b: Dachsbun|94\/100|[from] item: Leftovers\n|upkeep\n|\n|t:|1681919053\n|switch|p1a: Brute Bonnet|Brute Bonnet, L50|100\/100\n|switch|p2a: Grim Shady|Ceruledge, L50, M|100\/100\n|-enditem|p1a: Brute Bonnet|Booster Energy\n|-activate|p1a: Brute Bonnet|ability: Protosynthesis|[fromitem]\n|-start|p1a: Brute Bonnet|protosynthesisspd\n|turn|4\n|inactive|ApplinFan773 has 30 seconds left.\n|inactive|Kimolingo has 30 seconds left.\n|\n|t:|1681919084\n|-terastallize|p2a: Grim Shady|Grass\n|move|p1a: Brute Bonnet|Rage Powder|p1a: Brute Bonnet\n|-singleturn|p1a: Brute Bonnet|move: Rage Powder\n|move|p2b: Myrtle|Moonblast|p1a: Brute Bonnet\n|-supereffective|p1a: Brute Bonnet\n|-damage|p1a: Brute Bonnet|36\/100\n|-damage|p2b: Myrtle|19\/100|[from] item: Life Orb\n|move|p1b: Dachsbun|Crunch|p2b: Myrtle\n|-damage|p2b: Myrtle|2\/100\n|move|p2a: Grim Shady|Close Combat|p1a: Brute Bonnet\n|-supereffective|p1a: Brute Bonnet\n|-damage|p1a: Brute Bonnet|0 fnt\n|-unboost|p2a: Grim Shady|def|1\n|-unboost|p2a: Grim Shady|spd|1\n|faint|p1a: Brute Bonnet\n|-end|p1a: Brute Bonnet|Protosynthesis|[silent]\n|\n|-heal|p1b: Dachsbun|99\/100|[from] item: Leftovers\n|upkeep\n|turn|5\n|\n|t:|1681919108\n|move|p2b: Myrtle|Shadow Ball|p1b: Dachsbun\n|-end|p1b: Dachsbun|Substitute\n|-damage|p2b: Myrtle|0 fnt|[from] item: Life Orb\n|faint|p2b: Myrtle\n|-end|p2b: Myrtle|Protosynthesis|[silent]\n|move|p1b: Dachsbun|Crunch|p2a: Grim Shady\n|-damage|p2a: Grim Shady|82\/100\n|move|p2a: Grim Shady|Close Combat|p1b: Dachsbun\n|-supereffective|p1b: Dachsbun\n|-damage|p1b: Dachsbun|62\/100\n|-unboost|p2a: Grim Shady|def|1\n|-unboost|p2a: Grim Shady|spd|1\n|\n|-heal|p1b: Dachsbun|68\/100|[from] item: Leftovers\n|upkeep\n|\n|t:|1681919120\n|switch|p2b: Persephone|Scream Tail, L50, shiny|100\/100\n|-enditem|p2b: Persephone|Booster Energy\n|-activate|p2b: Persephone|ability: Protosynthesis|[fromitem]\n|-start|p2b: Persephone|protosynthesisspe\n|turn|6\n|\n|t:|1681919127\n|move|p2b: Persephone|Disable|p1b: Dachsbun\n|-start|p1b: Dachsbun|Disable|Crunch\n|move|p1b: Dachsbun|Body Press|p2a: Grim Shady\n|-damage|p2a: Grim Shady|0 fnt\n|faint|p2a: Grim Shady\n|\n|-heal|p1b: Dachsbun|74\/100|[from] item: Leftovers\n|upkeep\n|turn|7\n|\n|t:|1681919139\n|move|p2b: Persephone|Misty Terrain|p2b: Persephone\n|-fieldstart|move: Misty Terrain\n|move|p1b: Dachsbun|Yawn|p2b: Persephone\n|-start|p2b: Persephone|move: Yawn|[of] p1b: Dachsbun\n|\n|-heal|p1b: Dachsbun|80\/100|[from] item: Leftovers\n|upkeep\n|turn|8\n|\n|t:|1681919145\n|move|p2b: Persephone|Howl|p2b: Persephone\n|-boost|p2b: Persephone|atk|1\n|move|p1b: Dachsbun|Substitute|p1b: Dachsbun\n|-start|p1b: Dachsbun|Substitute\n|-damage|p1b: Dachsbun|55\/100\n|\n|-heal|p1b: Dachsbun|61\/100|[from] item: Leftovers\n|-end|p2b: Persephone|move: Yawn|[silent]\n|-activate|p2b: Persephone|move: Misty Terrain\n|upkeep\n|turn|9\n|\n|t:|1681919153\n|move|p2b: Persephone|Howl|p2b: Persephone\n|-boost|p2b: Persephone|atk|1\n|move|p1b: Dachsbun|Body Press|p2b: Persephone\n|-resisted|p2b: Persephone\n|-crit|p2b: Persephone\n|-damage|p2b: Persephone|89\/100\n|\n|-heal|p1b: Dachsbun|68\/100|[from] item: Leftovers\n|-end|p1b: Dachsbun|Disable\n|upkeep\n|turn|10\n|\n|t:|1681919160\n|move|p2b: Persephone|Howl|p2b: Persephone\n|-boost|p2b: Persephone|atk|1\n|move|p1b: Dachsbun|Crunch|p2b: Persephone\n|-damage|p2b: Persephone|80\/100\n|-unboost|p2b: Persephone|def|1\n|\n|-heal|p1b: Dachsbun|74\/100|[from] item: Leftovers\n|upkeep\n|turn|11\n|\n|t:|1681919169\n|move|p2b: Persephone|Disable|p1b: Dachsbun\n|-start|p1b: Dachsbun|Disable|Crunch\n|cant|p1b: Dachsbun|Disable|Crunch\n|\n|-heal|p1b: Dachsbun|80\/100|[from] item: Leftovers\n|-fieldend|Misty Terrain\n|upkeep\n|turn|12\n|\n|t:|1681919176\n|move|p2b: Persephone|Howl|p2b: Persephone\n|-boost|p2b: Persephone|atk|1\n|move|p1b: Dachsbun|Body Press|p2b: Persephone\n|-resisted|p2b: Persephone\n|-damage|p2b: Persephone|68\/100\n|\n|-heal|p1b: Dachsbun|86\/100|[from] item: Leftovers\n|upkeep\n|turn|13\n|\n|t:|1681919181\n|move|p2b: Persephone|Play Rough|p1b: Dachsbun\n|-resisted|p1b: Dachsbun\n|-activate|p1b: Dachsbun|move: Substitute|[damage]\n|move|p1b: Dachsbun|Yawn|p2b: Persephone\n|-start|p2b: Persephone|move: Yawn|[of] p1b: Dachsbun\n|\n|-heal|p1b: Dachsbun|92\/100|[from] item: Leftovers\n|upkeep\n|turn|14\n|\n|t:|1681919188\n|move|p2b: Persephone|Misty Terrain|p2b: Persephone\n|-fieldstart|move: Misty Terrain\n|move|p1b: Dachsbun|Body Press|p2b: Persephone\n|-resisted|p2b: Persephone\n|-damage|p2b: Persephone|55\/100\n|\n|-heal|p1b: Dachsbun|98\/100|[from] item: Leftovers\n|-end|p1b: Dachsbun|Disable\n|-end|p2b: Persephone|move: Yawn|[silent]\n|-activate|p2b: Persephone|move: Misty Terrain\n|upkeep\n|turn|15\n|\n|t:|1681919195\n|move|p2b: Persephone|Howl|p2b: Persephone\n|-boost|p2b: Persephone|atk|1\n|move|p1b: Dachsbun|Crunch|p2b: Persephone\n|-damage|p2b: Persephone|42\/100\n|-unboost|p2b: Persephone|def|1\n|\n|-heal|p1b: Dachsbun|100\/100|[from] item: Leftovers\n|upkeep\n|turn|16\n|\n|t:|1681919202\n|move|p2b: Persephone|Disable|p1b: Dachsbun\n|-start|p1b: Dachsbun|Disable|Crunch\n|move|p1b: Dachsbun|Body Press|p2b: Persephone\n|-resisted|p2b: Persephone\n|-damage|p2b: Persephone|25\/100\n|\n|upkeep\n|turn|17\n|\n|t:|1681919208\n|move|p2b: Persephone|Play Rough|p1b: Dachsbun\n|-resisted|p1b: Dachsbun\n|-end|p1b: Dachsbun|Substitute\n|move|p1b: Dachsbun|Substitute|p1b: Dachsbun\n|-start|p1b: Dachsbun|Substitute\n|-damage|p1b: Dachsbun|75\/100\n|\n|-heal|p1b: Dachsbun|82\/100|[from] item: Leftovers\n|upkeep\n|turn|18\n|\n|t:|1681919212\n|move|p2b: Persephone|Play Rough|p1b: Dachsbun\n|-resisted|p1b: Dachsbun\n|-activate|p1b: Dachsbun|move: Substitute|[damage]\n|move|p1b: Dachsbun|Body Press|p2b: Persephone\n|-resisted|p2b: Persephone\n|-damage|p2b: Persephone|10\/100\n|\n|-heal|p1b: Dachsbun|88\/100|[from] item: Leftovers\n|-fieldend|Misty Terrain\n|upkeep\n|turn|19\n|\n|t:|1681919217\n|move|p2b: Persephone|Play Rough|p1b: Dachsbun\n|-resisted|p1b: Dachsbun\n|-end|p1b: Dachsbun|Substitute\n|move|p1b: Dachsbun|Body Press|p1: Brute Bonnet|[notarget]\n|-fail|p1b: Dachsbun\n|\n|-heal|p1b: Dachsbun|94\/100|[from] item: Leftovers\n|-end|p1b: Dachsbun|Disable\n|upkeep\n|turn|20\n|c|\u2606ApplinFan773|gg wp lol\n|\n|t:|1681919228\n|move|p2b: Persephone|Play Rough|p1b: Dachsbun\n|-resisted|p1b: Dachsbun\n|-damage|p1b: Dachsbun|75\/100\n|move|p1b: Dachsbun|Crunch|p2b: Persephone\n|-damage|p2b: Persephone|0 fnt\n|faint|p2b: Persephone\n|-end|p2b: Persephone|Protosynthesis|[silent]\n|\n|win|Kimolingo\n|raw|Kimolingo's rating: 1088 → 1120<\/strong> (+32 for winning)\n|raw|ApplinFan773's rating: 1160 → 1130<\/strong> (-30 for losing)\n|c|\u2606Kimolingo|ggs lmao\n|c|\u2606ApplinFan773|I didn't expect that dog to be so bulky\n","uploadtime":1681919246,"views":4,"p1id":"kimolingo","p2id":"applinfan773","formatid":"gen9vgc2023regulationc","rating":1120,"private":0,"password":""}