{"id":"gen9vgc2023regulationc-1858509042","p1":"deathdragon25o","p2":"FuratBang","format":"[Gen 9] VGC 2023 Regulation C","log":"|j|\u2606deathdragon25o\n|j|\u2606FuratBang\n|t:|1683319512\n|gametype|doubles\n|player|p1|deathdragon25o|cress|\n|player|p2|FuratBang|crasherwake|\n|teamsize|p1|6\n|teamsize|p2|6\n|gen|9\n|tier|[Gen 9] VGC 2023 Regulation C\n|rule|Species Clause: Limit one of each Pok\u00e9mon\n|rule|Item Clause: Limit one of each item\n|clearpoke\n|poke|p1|Torkoal, L50, F|\n|poke|p1|Lilligant, L50, F|\n|poke|p1|Toxicroak, L50, F|\n|poke|p1|Dondozo, L50, F|\n|poke|p1|Tatsugiri, L50, F|\n|poke|p1|Sandy Shocks, L50|\n|poke|p2|Flutter Mane, L50|\n|poke|p2|Great Tusk, L50|\n|poke|p2|Arcanine, L50, M|\n|poke|p2|Kilowattrel, L50, M|\n|poke|p2|Impidimp, L50, M|\n|poke|p2|Arboliva, L50, M|\n|teampreview|4\n|inactive|Battle timer is ON: inactive players will automatically lose when time's up. (requested by deathdragon25o)\n|c|\u2606FuratBang|lets open all first\n|inactiveoff|Battle timer is now OFF.\n|c|\u2606deathdragon25o|Can you get links\n|c|\u2606FuratBang|yeah\n|j| jayballester\n|j| LackieLackey\n|c|\u2606FuratBang|glhf\n|\n|t:|1683319669\n|start\n|switch|p1a: Torkoal|Torkoal, L50, F|100\/100\n|switch|p1b: Lilligant|Lilligant, L50, F, shiny|100\/100\n|switch|p2a: Kilowattrel|Kilowattrel, L50, M|100\/100\n|switch|p2b: Impidimp|Impidimp, L50, M|100\/100\n|-weather|SunnyDay|[from] ability: Drought|[of] p1a: Torkoal\n|turn|1\n|l| LackieLackey\n|\n|t:|1683319692\n|-terastallize|p1b: Lilligant|Ghost\n|move|p2b: Impidimp|Fake Out|p1a: Torkoal\n|-damage|p1a: Torkoal|95\/100\n|move|p1b: Lilligant|After You|p1a: Torkoal\n|-activate|p1a: Torkoal|move: After You\n|cant|p1a: Torkoal|flinch\n|move|p2a: Kilowattrel|Tailwind|p2a: Kilowattrel\n|-sidestart|p2: FuratBang|move: Tailwind\n|\n|-weather|SunnyDay|[upkeep]\n|upkeep\n|turn|2\n|c|\u2606FuratBang|haha nasty\n|\n|t:|1683319740\n|move|p2b: Impidimp|Fake Tears|p1a: Torkoal\n|-unboost|p1a: Torkoal|spd|2\n|move|p1b: Lilligant|After You|p1a: Torkoal\n|-activate|p1a: Torkoal|move: After You\n|move|p1a: Torkoal|Eruption|p2a: Kilowattrel|[spread] p2a,p2b\n|-enditem|p2a: Kilowattrel|Focus Sash\n|-damage|p2a: Kilowattrel|1\/100\n|-damage|p2b: Impidimp|23\/100\n|move|p2a: Kilowattrel|Thunderbolt|p1a: Torkoal\n|-damage|p1a: Torkoal|0 fnt\n|faint|p1a: Torkoal\n|\n|-weather|SunnyDay|[upkeep]\n|upkeep\n|c|\u2606FuratBang|how still faster lol\n|\n|t:|1683319757\n|switch|p1a: Sandy Shocks|Sandy Shocks, L50|100\/100\n|-activate|p1a: Sandy Shocks|ability: Protosynthesis\n|-start|p1a: Sandy Shocks|protosynthesisspa\n|turn|3\n|c| jayballester|scarf lilligant moment\n|c|\u2606FuratBang|bruh\n|l|\u2606deathdragon25o\n|player|p1|\n|c| jayballester|bye\n|\n|t:|1683319886\n|switch|p1b: Toxicroak|Toxicroak, L50, F, shiny|100\/100\n|move|p2b: Impidimp|Light Screen|p2b: Impidimp\n|-sidestart|p2: FuratBang|move: Light Screen\n|move|p2a: Kilowattrel|Thunderbolt|p1b: Toxicroak\n|-damage|p1b: Toxicroak|35\/100\n|move|p1a: Sandy Shocks|Power Gem|p2a: Kilowattrel\n|-supereffective|p2a: Kilowattrel\n|-damage|p2a: Kilowattrel|0 fnt\n|faint|p2a: Kilowattrel\n|\n|-weather|SunnyDay|[upkeep]\n|upkeep\n|j|\u2606deathdragon25o\n|player|p1|deathdragon25o|cress\n|n|\u2606deathdragon25o|deathdragon25o\n|inactive|Battle timer is ON: inactive players will automatically lose when time's up. (requested by deathdragon25o)\n|j| Tuxmux\n|\n|t:|1683319921\n|switch|p2a: Flutter Mane|Flutter Mane, L50|100\/100\n|-activate|p2a: Flutter Mane|ability: Protosynthesis\n|-start|p2a: Flutter Mane|protosynthesisspe\n|turn|4\n|inactive|FuratBang has 30 seconds left.\n|inactive|FuratBang has 20 seconds left.\n|inactive|FuratBang has 15 seconds left.\n|inactiveoff|Battle timer is now OFF.\n|l|\u2606deathdragon25o\n|player|p1|\n|j|\u2606deathdragon25o\n|player|p1|deathdragon25o|cress\n|inactive|Battle timer is ON: inactive players will automatically lose when time's up. (requested by deathdragon25o)\n|inactiveoff|Battle timer is now OFF.\n|\n|t:|1683319998\n|switch|p2b: Arcanine|Arcanine, L50, M|100\/100\n|-ability|p2b: Arcanine|Intimidate|boost\n|-unboost|p1a: Sandy Shocks|atk|1\n|-unboost|p1b: Toxicroak|atk|1\n|move|p1b: Toxicroak|Fake Out|p2b: Arcanine\n|-damage|p2b: Arcanine|92\/100\n|move|p2a: Flutter Mane|Moonblast|p1b: Toxicroak\n|-damage|p1b: Toxicroak|0 fnt\n|faint|p1b: Toxicroak\n|-damage|p2a: Flutter Mane|90\/100|[from] item: Life Orb\n|move|p1a: Sandy Shocks|Flash Cannon|p2a: Flutter Mane\n|-supereffective|p2a: Flutter Mane\n|-damage|p2a: Flutter Mane|38\/100\n|\n|-weather|SunnyDay|[upkeep]\n|-sideend|p2: FuratBang|move: Tailwind\n|upkeep\n|\n|t:|1683320012\n|switch|p1b: Lilligant|Lilligant, L50, F, shiny, tera:Ghost|100\/100\n|turn|5\n|\n|t:|1683320048\n|move|p2a: Flutter Mane|Protect|p2a: Flutter Mane\n|-singleturn|p2a: Flutter Mane|Protect\n|move|p2b: Arcanine|Protect|p2b: Arcanine\n|-singleturn|p2b: Arcanine|Protect\n|move|p1b: Lilligant|Leaf Storm|p2a: Flutter Mane\n|-activate|p2a: Flutter Mane|move: Protect\n|move|p1a: Sandy Shocks|Earth Power|p2b: Arcanine\n|-activate|p2b: Arcanine|move: Protect\n|\n|-weather|none\n|-end|p2a: Flutter Mane|Protosynthesis\n|-end|p1a: Sandy Shocks|Protosynthesis\n|upkeep\n|-enditem|p1a: Sandy Shocks|Booster Energy\n|-activate|p1a: Sandy Shocks|ability: Protosynthesis|[fromitem]\n|-start|p1a: Sandy Shocks|protosynthesisspa\n|turn|6\n|c|\u2606deathdragon25o|Can you hurry up Igtg soon\n|c| jayballester|bruh\n|c| Tuxmux|lmfao\n|c|\u2606deathdragon25o|Well I didn\u2019t expect furat to take 5mins per move\n|c| jayballester|it hasnt been that much\n|\n|t:|1683320149\n|-terastallize|p2b: Arcanine|Flying\n|move|p1b: Lilligant|Leaf Storm|p2a: Flutter Mane\n|-damage|p2a: Flutter Mane|0 fnt\n|-unboost|p1b: Lilligant|spa|2\n|faint|p2a: Flutter Mane\n|-end|p2a: Flutter Mane|Protosynthesis|[silent]\n|move|p1a: Sandy Shocks|Earth Power|p2b: Arcanine\n|-immune|p2b: Arcanine\n|move|p2b: Arcanine|Flare Blitz|p1a: Sandy Shocks\n|-damage|p1a: Sandy Shocks|46\/100\n|-damage|p2b: Arcanine|77\/100|[from] Recoil\n|\n|upkeep\n|\n|t:|1683320161\n|switch|p2a: Impidimp|Impidimp, L50, M|23\/100\n|turn|7\n|c| Tuxmux|you obviously never faced furat before\n|c| Tuxmux|this is the mans specialty\n|c|\u2606deathdragon25o|We might have to play the other 2 games later\n|\n|t:|1683320181\n|move|p2a: Impidimp|Fake Out|p1a: Sandy Shocks\n|-crit|p1a: Sandy Shocks\n|-damage|p1a: Sandy Shocks|37\/100\n|move|p1b: Lilligant|Leaf Storm|p2a: Impidimp\n|-damage|p2a: Impidimp|0 fnt\n|-unboost|p1b: Lilligant|spa|2\n|faint|p2a: Impidimp\n|cant|p1a: Sandy Shocks|flinch\n|move|p2b: Arcanine|Flare Blitz|p1a: Sandy Shocks\n|-damage|p1a: Sandy Shocks|0 fnt\n|faint|p1a: Sandy Shocks\n|-end|p1a: Sandy Shocks|Protosynthesis|[silent]\n|-damage|p2b: Arcanine|68\/100|[from] Recoil\n|\n|-sideend|p2: FuratBang|move: Light Screen\n|upkeep\n|turn|8\n|c|\u2606FuratBang|had to think lol\n|\n|t:|1683320210\n|move|p1b: Lilligant|Leaf Storm|p2b: Arcanine|[miss]\n|-miss|p1b: Lilligant|p2b: Arcanine\n|move|p2b: Arcanine|Snarl|p1b: Lilligant\n|-supereffective|p1b: Lilligant\n|-crit|p1b: Lilligant\n|-damage|p1b: Lilligant|49\/100\n|-unboost|p1b: Lilligant|spa|1\n|\n|upkeep\n|turn|9\n|\n|t:|1683320218\n|move|p1b: Lilligant|Leaf Storm|p2b: Arcanine|[miss]\n|-miss|p1b: Lilligant|p2b: Arcanine\n|move|p2b: Arcanine|Snarl|p1b: Lilligant\n|-supereffective|p1b: Lilligant\n|-damage|p1b: Lilligant|16\/100\n|-unboost|p1b: Lilligant|spa|1\n|\n|upkeep\n|turn|10\n|\n|t:|1683320226\n|move|p1b: Lilligant|Leaf Storm|p2b: Arcanine\n|-resisted|p2b: Arcanine\n|-damage|p2b: Arcanine|59\/100\n|move|p2b: Arcanine|Snarl|p1b: Lilligant\n|-supereffective|p1b: Lilligant\n|-damage|p1b: Lilligant|0 fnt\n|faint|p1b: Lilligant\n|\n|win|FuratBang\n|c|\u2606FuratBang|gg\n|l|\u2606deathdragon25o\n|c| jayballester|ggs\n|l| Tuxmux\n|j| Jstardude\n|l| Jstardude\n|l| jayballester\n|j| jayballester\n","uploadtime":1683320972,"views":13,"p1id":"deathdragon25o","p2id":"furatbang","formatid":"gen9vgc2023regulationc","rating":0,"private":0,"password":""}