{"id":"gen9vgc2023regulationc-1847219326","p1":"Aghostdf","p2":"Hadrian1917","format":"[Gen 9] VGC 2023 Regulation C","log":"|j|\u2606Aghostdf\n|j|\u2606Hadrian1917\n|t:|1681928797\n|gametype|doubles\n|player|p1|Aghostdf|265|1070\n|player|p2|Hadrian1917|brock|1163\n|teamsize|p1|6\n|teamsize|p2|6\n|gen|9\n|tier|[Gen 9] VGC 2023 Regulation C\n|rated|\n|rule|Species Clause: Limit one of each Pok\u00e9mon\n|rule|Item Clause: Limit one of each item\n|clearpoke\n|poke|p1|Volcarona, L50, F|\n|poke|p1|Oricorio-Sensu, L50, M|\n|poke|p1|Ceruledge, L50, M|\n|poke|p1|Tyranitar, L50, M|\n|poke|p1|Arcanine, L50, F|\n|poke|p1|Wo-Chien, L50|\n|poke|p2|Flutter Mane, L50|\n|poke|p2|Arcanine, L50, F|\n|poke|p2|Baxcalibur, L50, F|\n|poke|p2|Ting-Lu, L50|\n|poke|p2|Gyarados, L50, F|\n|poke|p2|Amoonguss, L50, F|\n|teampreview|4\n|inactive|Battle timer is ON: inactive players will automatically lose when time's up. (requested by Aghostdf)\n|inactive|Hadrian1917 has 60 seconds left.\n|\n|t:|1681928829\n|start\n|switch|p1a: Volcarona|Volcarona, L50, F|100\/100\n|switch|p1b: Arcanine|Arcanine, L50, F|100\/100\n|switch|p2a: Baxcalibur|Baxcalibur, L50, F|100\/100\n|switch|p2b: Arcanine|Arcanine, L50, F|100\/100\n|-ability|p2b: Arcanine|Intimidate|boost\n|-unboost|p1a: Volcarona|atk|1\n|-unboost|p1b: Arcanine|atk|1\n|-ability|p1b: Arcanine|Intimidate|boost\n|-fail|p2a: Baxcalibur|unboost|[from] item: Clear Amulet|[of] p2a: Baxcalibur\n|-unboost|p2b: Arcanine|atk|1\n|-item|p1b: Arcanine|Air Balloon\n|turn|1\n|inactive|Aghostdf has 30 seconds left.\n|inactive|Hadrian1917 has 30 seconds left.\n|\n|t:|1681928855\n|switch|p1b: Oricorio|Oricorio-Sensu, L50, M|100\/100\n|-terastallize|p2a: Baxcalibur|Poison\n|move|p2b: Arcanine|Howl|p2b: Arcanine|[spread] p2a,p2b\n|-boost|p2a: Baxcalibur|atk|1\n|-boost|p2b: Arcanine|atk|1\n|move|p2a: Baxcalibur|Icicle Crash|p1b: Oricorio\n|-supereffective|p1b: Oricorio\n|-damage|p1b: Oricorio|0 fnt\n|faint|p1b: Oricorio\n|move|p1a: Volcarona|Quiver Dance|p1a: Volcarona\n|-boost|p1a: Volcarona|spa|1\n|-boost|p1a: Volcarona|spd|1\n|-boost|p1a: Volcarona|spe|1\n|\n|upkeep\n|\n|t:|1681928871\n|switch|p1b: Arcanine|Arcanine, L50, F|100\/100\n|-ability|p1b: Arcanine|Intimidate|boost\n|-fail|p2a: Baxcalibur|unboost|[from] item: Clear Amulet|[of] p2a: Baxcalibur\n|-unboost|p2b: Arcanine|atk|1\n|-item|p1b: Arcanine|Air Balloon\n|turn|2\n|\n|t:|1681928887\n|-terastallize|p1a: Volcarona|Water\n|move|p2a: Baxcalibur|Protect|p2a: Baxcalibur\n|-singleturn|p2a: Baxcalibur|Protect\n|move|p2b: Arcanine|Howl|p2b: Arcanine|[spread] p2a,p2b\n|-boost|p2a: Baxcalibur|atk|1\n|-boost|p2b: Arcanine|atk|1\n|move|p1b: Arcanine|Snarl|p2b: Arcanine|[spread] p2b\n|-activate|p2a: Baxcalibur|move: Protect\n|-damage|p2b: Arcanine|87\/100\n|-unboost|p2b: Arcanine|spa|1\n|move|p1a: Volcarona|Whirlwind|p2a: Baxcalibur\n|drag|p2a: Gyarados|Gyarados, L50, F|100\/100\n|-ability|p2a: Gyarados|Intimidate|boost\n|-unboost|p1a: Volcarona|atk|1\n|-unboost|p1b: Arcanine|atk|1\n|\n|upkeep\n|turn|3\n|inactive|Hadrian1917 has 30 seconds left.\n|\n|t:|1681928914\n|move|p1a: Volcarona|Quiver Dance|p1a: Volcarona\n|-boost|p1a: Volcarona|spa|1\n|-boost|p1a: Volcarona|spd|1\n|-boost|p1a: Volcarona|spe|1\n|move|p2b: Arcanine|Howl|p2b: Arcanine|[spread] p2a,p2b\n|-boost|p2a: Gyarados|atk|1\n|-boost|p2b: Arcanine|atk|1\n|move|p1b: Arcanine|Will-O-Wisp|p2a: Gyarados\n|-status|p2a: Gyarados|brn\n|move|p2a: Gyarados|Thunder Wave|p1a: Volcarona\n|-status|p1a: Volcarona|par\n|\n|-damage|p2a: Gyarados|94\/100 brn|[from] brn\n|upkeep\n|turn|4\n|inactive|Aghostdf has 30 seconds left.\n|\n|t:|1681928940\n|switch|p1b: Wo-Chien|Wo-Chien, L50|100\/100\n|-ability|p1b: Wo-Chien|Tablets of Ruin\n|move|p2b: Arcanine|Howl|p2b: Arcanine|[spread] p2a,p2b\n|-boost|p2a: Gyarados|atk|1\n|-boost|p2b: Arcanine|atk|1\n|move|p1a: Volcarona|Giga Drain|p2a: Gyarados\n|-crit|p2a: Gyarados\n|-damage|p2a: Gyarados|45\/100 brn\n|-enditem|p2a: Gyarados|Sitrus Berry|[eat]\n|-heal|p2a: Gyarados|70\/100 brn|[from] item: Sitrus Berry\n|move|p2a: Gyarados|Taunt|p1a: Volcarona\n|-start|p1a: Volcarona|move: Taunt\n|\n|-damage|p2a: Gyarados|64\/100 brn|[from] brn\n|upkeep\n|turn|5\n|inactive|Hadrian1917 has 30 seconds left.\n|\n|t:|1681928965\n|switch|p1b: Arcanine|Arcanine, L50, F|100\/100\n|-ability|p1b: Arcanine|Intimidate|boost\n|-unboost|p2a: Gyarados|atk|1\n|-unboost|p2b: Arcanine|atk|1\n|-item|p1b: Arcanine|Air Balloon\n|move|p2b: Arcanine|Howl|p2b: Arcanine|[spread] p2a,p2b\n|-boost|p2a: Gyarados|atk|1\n|-boost|p2b: Arcanine|atk|1\n|cant|p1a: Volcarona|par\n|move|p2a: Gyarados|Taunt|p1b: Arcanine\n|-start|p1b: Arcanine|move: Taunt\n|\n|-damage|p2a: Gyarados|58\/100 brn|[from] brn\n|upkeep\n|turn|6\n|\n|t:|1681928985\n|switch|p1b: Wo-Chien|Wo-Chien, L50|100\/100\n|-ability|p1b: Wo-Chien|Tablets of Ruin\n|move|p2b: Arcanine|Extreme Speed|p1b: Wo-Chien\n|-damage|p1b: Wo-Chien|71\/100\n|move|p1a: Volcarona|Giga Drain|p2a: Gyarados\n|-damage|p2a: Gyarados|27\/100 brn\n|move|p2a: Gyarados|Waterfall|p1b: Wo-Chien\n|-resisted|p1b: Wo-Chien\n|-damage|p1b: Wo-Chien|60\/100\n|\n|-damage|p2a: Gyarados|21\/100 brn|[from] brn\n|upkeep\n|turn|7\n|inactive|Aghostdf has 30 seconds left.\n|inactive|Hadrian1917 has 30 seconds left.\n|\n|t:|1681929012\n|switch|p1b: Arcanine|Arcanine, L50, F|100\/100\n|-ability|p1b: Arcanine|Intimidate|boost\n|-unboost|p2a: Gyarados|atk|1\n|-unboost|p2b: Arcanine|atk|1\n|-item|p1b: Arcanine|Air Balloon\n|move|p2a: Gyarados|Protect|p2a: Gyarados\n|-singleturn|p2a: Gyarados|Protect\n|move|p2b: Arcanine|Howl|p2b: Arcanine|[spread] p2a,p2b\n|-boost|p2a: Gyarados|atk|1\n|-boost|p2b: Arcanine|atk|1\n|move|p1a: Volcarona|Giga Drain|p2a: Gyarados\n|-activate|p2a: Gyarados|move: Protect\n|\n|-damage|p2a: Gyarados|15\/100 brn|[from] brn\n|-end|p1a: Volcarona|move: Taunt\n|upkeep\n|turn|8\n|inactive|Hadrian1917 has 30 seconds left.\n|\n|t:|1681929040\n|switch|p1b: Wo-Chien|Wo-Chien, L50|60\/100\n|-ability|p1b: Wo-Chien|Tablets of Ruin\n|move|p2b: Arcanine|Howl|p2b: Arcanine|[spread] p2a,p2b\n|-boost|p2a: Gyarados|atk|1\n|-boost|p2b: Arcanine|atk|1\n|move|p1a: Volcarona|Quiver Dance|p1a: Volcarona\n|-boost|p1a: Volcarona|spa|1\n|-boost|p1a: Volcarona|spd|1\n|-boost|p1a: Volcarona|spe|1\n|move|p2a: Gyarados|Thunder Wave|p1b: Wo-Chien\n|-status|p1b: Wo-Chien|par\n|\n|-damage|p2a: Gyarados|9\/100 brn|[from] brn\n|upkeep\n|turn|9\n|inactive|Hadrian1917 has 30 seconds left.\n|\n|t:|1681929065\n|move|p1a: Volcarona|Giga Drain|p2a: Gyarados\n|-damage|p2a: Gyarados|0 fnt\n|faint|p2a: Gyarados\n|move|p2b: Arcanine|Howl|p2b: Arcanine\n|-boost|p2b: Arcanine|atk|1\n|move|p1b: Wo-Chien|Grassy Terrain|p1b: Wo-Chien\n|-fieldstart|move: Grassy Terrain\n|\n|-heal|p2b: Arcanine|93\/100|[from] Grassy Terrain\n|-heal|p1b: Wo-Chien|66\/100 par|[from] Grassy Terrain\n|upkeep\n|\n|t:|1681929084\n|switch|p2a: Ting-Lu|Ting-Lu, L50|100\/100\n|-ability|p2a: Ting-Lu|Vessel of Ruin\n|turn|10\n|\n|t:|1681929103\n|move|p1a: Volcarona|Giga Drain|p2a: Ting-Lu\n|-supereffective|p2a: Ting-Lu\n|-damage|p2a: Ting-Lu|49\/100\n|move|p2b: Arcanine|Flare Blitz|p1b: Wo-Chien\n|-supereffective|p1b: Wo-Chien\n|-damage|p1b: Wo-Chien|0 fnt\n|faint|p1b: Wo-Chien\n|-damage|p2b: Arcanine|73\/100|[from] Recoil\n|move|p2a: Ting-Lu|Fissure|p1a: Volcarona\n|-damage|p1a: Volcarona|0 fnt\n|faint|p1a: Volcarona\n|-ohko\n|\n|-heal|p2b: Arcanine|79\/100|[from] Grassy Terrain\n|-heal|p2a: Ting-Lu|54\/100|[from] Grassy Terrain\n|upkeep\n|-message|Aghostdf forfeited.\n|\n|win|Hadrian1917\n|raw|Aghostdf's rating: 1070 → 1055<\/strong> (-15 for losing)\n|raw|Hadrian1917's rating: 1163 → 1181<\/strong> (+18 for winning)\n|l|\u2606Aghostdf\n","uploadtime":1681929124,"views":12,"p1id":"aghostdf","p2id":"hadrian1917","formatid":"gen9vgc2023regulationc","rating":1055,"private":0,"password":""}