{"id":"gen9vgc2023regulationc-1851549231","p1":"Scorpion257","p2":"Matyel","format":"[Gen 9] VGC 2023 Regulation C","log":"|j|\u2606Scorpion257\n|j|\u2606Matyel\n|t:|1682454718\n|gametype|doubles\n|player|p1|Scorpion257|giovanni|1336\n|player|p2|Matyel|leon|1311\n|teamsize|p1|6\n|teamsize|p2|6\n|gen|9\n|tier|[Gen 9] VGC 2023 Regulation C\n|rated|\n|rule|Species Clause: Limit one of each Pok\u00e9mon\n|rule|Item Clause: Limit one of each item\n|clearpoke\n|poke|p1|Flutter Mane, L50|\n|poke|p1|Chi-Yu, L50|\n|poke|p1|Dondozo, L50, F|\n|poke|p1|Tatsugiri, L50, M|\n|poke|p1|Glimmora, L50, F|\n|poke|p1|Wo-Chien, L50|\n|poke|p2|Umbreon, L50, M|\n|poke|p2|Vivillon-Fancy, L50, F|\n|poke|p2|Armarouge, L50, F|\n|poke|p2|Iron Hands, L50|\n|poke|p2|Flutter Mane, L50|\n|poke|p2|Indeedee-F, L50, F|\n|teampreview|4\n|inactive|Battle timer is ON: inactive players will automatically lose when time's up. (requested by Scorpion257)\nScorpion257 has agreed to open team sheets.\n|inactive|Matyel has 60 seconds left.\n|\n|t:|1682454766\n|start\n|switch|p1a: Flutter Mane|Flutter Mane, L50|100\/100\n|switch|p1b: Chi-Yu|Chi-Yu, L50|100\/100\n|switch|p2a: Flutter Mane|Flutter Mane, L50|100\/100\n|switch|p2b: Umbreon|Umbreon, L50, M|100\/100\n|-ability|p1b: Chi-Yu|Beads of Ruin\n|-enditem|p1a: Flutter Mane|Booster Energy\n|-activate|p1a: Flutter Mane|ability: Protosynthesis|[fromitem]\n|-start|p1a: Flutter Mane|protosynthesisspa\n|turn|1\n|\n|t:|1682454787\n|-terastallize|p2a: Flutter Mane|Fairy\n|move|p2a: Flutter Mane|Shadow Ball|p1a: Flutter Mane\n|-supereffective|p1a: Flutter Mane\n|-damage|p1a: Flutter Mane|0 fnt\n|faint|p1a: Flutter Mane\n|-end|p1a: Flutter Mane|Protosynthesis|[silent]\n|-damage|p2a: Flutter Mane|91\/100|[from] item: Life Orb\n|move|p1b: Chi-Yu|Snarl|p2a: Flutter Mane|[spread] p2a,p2b\n|-resisted|p2a: Flutter Mane\n|-resisted|p2b: Umbreon\n|-damage|p2a: Flutter Mane|68\/100\n|-damage|p2b: Umbreon|84\/100\n|-unboost|p2a: Flutter Mane|spa|1\n|-unboost|p2b: Umbreon|spa|1\n|move|p2b: Umbreon|Moonlight|p2b: Umbreon\n|-heal|p2b: Umbreon|100\/100\n|\n|upkeep\n|\n|t:|1682454802\n|switch|p1a: Dondozo|Dondozo, L50, F|100\/100\n|turn|2\n|\n|t:|1682454811\n|move|p1a: Dondozo|Protect|p1a: Dondozo\n|-singleturn|p1a: Dondozo|Protect\n|move|p2a: Flutter Mane|Dazzling Gleam|p1a: Dondozo|[spread] p1b\n|-activate|p1a: Dondozo|move: Protect\n|-damage|p1b: Chi-Yu|53\/100\n|-damage|p2a: Flutter Mane|58\/100|[from] item: Life Orb\n|move|p1b: Chi-Yu|Snarl|p2a: Flutter Mane|[spread] p2a,p2b\n|-resisted|p2a: Flutter Mane\n|-resisted|p2b: Umbreon\n|-damage|p2a: Flutter Mane|35\/100\n|-damage|p2b: Umbreon|84\/100\n|-unboost|p2a: Flutter Mane|spa|1\n|-unboost|p2b: Umbreon|spa|1\n|move|p2b: Umbreon|Skill Swap|p1a: Dondozo\n|-activate|p1a: Dondozo|move: Protect\n|\n|upkeep\n|turn|3\n|\n|t:|1682454831\n|switch|p1b: Tatsugiri|Tatsugiri, L50, M|100\/100\n|-activate|p1b: Tatsugiri|ability: Commander|[of] p1a: Dondozo\n|-boost|p1a: Dondozo|atk|2\n|-boost|p1a: Dondozo|spa|2\n|-boost|p1a: Dondozo|spe|2\n|-boost|p1a: Dondozo|def|2\n|-boost|p1a: Dondozo|spd|2\n|-enditem|p2b: Umbreon|Mirror Herb\n|-boost|p2b: Umbreon|atk|2|[from] item: Mirror Herb\n|-boost|p2b: Umbreon|spa|2|[from] item: Mirror Herb\n|-boost|p2b: Umbreon|spe|2|[from] item: Mirror Herb\n|-boost|p2b: Umbreon|def|2|[from] item: Mirror Herb\n|-boost|p2b: Umbreon|spd|2|[from] item: Mirror Herb\n|move|p2a: Flutter Mane|Moonblast|p1b: Tatsugiri|[miss]\n|-miss|p2a: Flutter Mane|p1b: Tatsugiri\n|move|p2b: Umbreon|Skill Swap|p1a: Dondozo\n|-activate|p2b: Umbreon|move: Skill Swap|Unaware|Inner Focus|[of] p1a: Dondozo\n|move|p1a: Dondozo|Earthquake|p2a: Flutter Mane|[spread] p2a,p2b\n|-miss|p1a: Dondozo|p1b: Tatsugiri\n|-damage|p2a: Flutter Mane|0 fnt\n|-damage|p2b: Umbreon|78\/100\n|faint|p2a: Flutter Mane\n|-end|p2a: Flutter Mane|Protosynthesis|[silent]\n|\n|upkeep\n|\n|t:|1682454841\n|switch|p2a: Vivillon|Vivillon-Fancy, L50, F|100\/100\n|turn|4\n|\n|t:|1682454848\n|move|p2b: Umbreon|Foul Play|p1a: Dondozo\n|-damage|p1a: Dondozo|47\/100\n|move|p1a: Dondozo|Substitute|p1a: Dondozo\n|-start|p1a: Dondozo|Substitute\n|-damage|p1a: Dondozo|23\/100\n|move|p2a: Vivillon|Tailwind|p2a: Vivillon\n|-sidestart|p2: Matyel|move: Tailwind\n|\n|-heal|p1a: Dondozo|29\/100|[from] item: Leftovers\n|upkeep\n|turn|5\n|\n|t:|1682454865\n|move|p2b: Umbreon|Snarl|p1a: Dondozo|[spread] p1a\n|-miss|p2b: Umbreon|p1b: Tatsugiri\n|-damage|p1a: Dondozo|20\/100\n|-unboost|p1a: Dondozo|spa|1\n|move|p2a: Vivillon|Pollen Puff|p1a: Dondozo\n|-crit|p1a: Dondozo\n|-end|p1a: Dondozo|Substitute\n|move|p1a: Dondozo|Order Up|p2b: Umbreon\n|-damage|p2b: Umbreon|70\/100\n|-boost|p1a: Dondozo|atk|1\n|\n|-heal|p1a: Dondozo|26\/100|[from] item: Leftovers\n|upkeep\n|turn|6\n|\n|t:|1682454884\n|move|p1a: Dondozo|Protect|p1a: Dondozo\n|-singleturn|p1a: Dondozo|Protect\n|move|p2b: Umbreon|Foul Play|p1a: Dondozo\n|-activate|p1a: Dondozo|move: Protect\n|move|p2a: Vivillon|Pollen Puff|p2b: Umbreon\n|-heal|p2b: Umbreon|100\/100\n|\n|-heal|p1a: Dondozo|32\/100|[from] item: Leftovers\n|upkeep\n|turn|7\n|-message|Scorpion257 forfeited.\n|\n|win|Matyel\n|raw|Scorpion257's rating: 1336 → 1315<\/strong> (-21 for losing)\n|raw|Matyel's rating: 1311 → 1332<\/strong> (+21 for winning)\n|l|\u2606Scorpion257\n","uploadtime":1682454901,"views":18,"p1id":"scorpion257","p2id":"matyel","formatid":"gen9vgc2023regulationc","rating":1315,"private":0,"password":""}