{"id":"gen9vgc2023regulationc-1863748007","p1":"Quikwix","p2":"Tomatosaurs","format":"[Gen 9] VGC 2023 Regulation C","log":"|j|\u2606Quikwix\n|j|\u2606Tomatosaurs\n|t:|1684071443\n|gametype|doubles\n|player|p1|Quikwix|backers|\n|player|p2|Tomatosaurs|larry|\n|teamsize|p1|6\n|teamsize|p2|6\n|gen|9\n|tier|[Gen 9] VGC 2023 Regulation C\n|rule|Species Clause: Limit one of each Pok\u00e9mon\n|rule|Item Clause: Limit one of each item\n|clearpoke\n|poke|p1|Murkrow, L50, M|\n|poke|p1|Iron Bundle, L50|\n|poke|p1|Krookodile, L50, F|\n|poke|p1|Volcarona, L50, M|\n|poke|p1|Ditto, L50|\n|poke|p1|Iron Hands, L50|\n|poke|p2|Great Tusk, L50|\n|poke|p2|Baxcalibur, L50, M|\n|poke|p2|Dragonite, L50, F|\n|poke|p2|Torkoal, L50, F|\n|poke|p2|Skeledirge, L50, F|\n|poke|p2|Lilligant, L50, F|\n|teampreview|4\n|j| S4mm3h\n|\n|t:|1684071556\n|start\n|switch|p1a: Murkrow|Murkrow, L50, M|100\/100\n|switch|p1b: Iron Hands|Iron Hands, L50|100\/100\n|switch|p2a: Torkoal|Torkoal, L50, F|100\/100\n|switch|p2b: Skeledirge|Skeledirge, L50, F|100\/100\n|-weather|SunnyDay|[from] ability: Drought|[of] p2a: Torkoal\n|turn|1\n|\n|t:|1684071650\n|-terastallize|p2a: Torkoal|Fire\n|move|p1b: Iron Hands|Fake Out|p2a: Torkoal\n|-damage|p2a: Torkoal|88\/100\n|move|p1a: Murkrow|Tailwind|p1a: Murkrow\n|-sidestart|p1: Quikwix|move: Tailwind\n|move|p2b: Skeledirge|Heat Wave|p1b: Iron Hands|[spread] p1b\n|-miss|p2b: Skeledirge|p1a: Murkrow\n|-damage|p1b: Iron Hands|71\/100\n|cant|p2a: Torkoal|flinch\n|\n|-weather|SunnyDay|[upkeep]\n|upkeep\n|turn|2\n|\n|t:|1684071671\n|move|p1a: Murkrow|Foul Play|p2b: Skeledirge\n|-supereffective|p2b: Skeledirge\n|-damage|p2b: Skeledirge|65\/100\n|move|p1b: Iron Hands|Rock Slide|p2b: Skeledirge|[spread] p2b\n|-miss|p1b: Iron Hands|p2a: Torkoal\n|-supereffective|p2b: Skeledirge\n|-damage|p2b: Skeledirge|24\/100\n|cant|p2b: Skeledirge|flinch\n|move|p2a: Torkoal|Eruption|p1b: Iron Hands|[spread] p1a,p1b\n|-damage|p1a: Murkrow|0 fnt\n|-damage|p1b: Iron Hands|14\/100\n|faint|p1a: Murkrow\n|\n|-weather|SunnyDay|[upkeep]\n|upkeep\n|\n|t:|1684071693\n|switch|p1a: Volcarona|Volcarona, L50, M|100\/100\n|turn|3\n|\n|t:|1684071725\n|-terastallize|p1a: Volcarona|Dark\n|move|p1a: Volcarona|Psychic|p2a: Torkoal\n|-damage|p2a: Torkoal|40\/100\n|move|p1b: Iron Hands|Rock Slide|p2a: Torkoal|[spread] p2a,p2b\n|-supereffective|p2a: Torkoal\n|-supereffective|p2b: Skeledirge\n|-damage|p2a: Torkoal|8\/100\n|-damage|p2b: Skeledirge|0 fnt\n|faint|p2b: Skeledirge\n|cant|p2a: Torkoal|flinch\n|\n|-weather|SunnyDay|[upkeep]\n|upkeep\n|\n|t:|1684071740\n|switch|p2b: Dragonite|Dragonite, L50, F|100\/100\n|turn|4\n|\n|t:|1684071766\n|move|p2a: Torkoal|Protect|p2a: Torkoal\n|-singleturn|p2a: Torkoal|Protect\n|move|p2b: Dragonite|Extreme Speed|p1b: Iron Hands\n|-damage|p1b: Iron Hands|0 fnt\n|faint|p1b: Iron Hands\n|-end|p1b: Iron Hands|Quark Drive|[silent]\n|move|p1a: Volcarona|Psychic|p2b: Dragonite\n|-damage|p2b: Dragonite|84\/100\n|\n|-weather|SunnyDay|[upkeep]\n|-sideend|p1: Quikwix|move: Tailwind\n|upkeep\n|\n|t:|1684071776\n|switch|p1b: Iron Bundle|Iron Bundle, L50|100\/100\n|-enditem|p1b: Iron Bundle|Booster Energy\n|-activate|p1b: Iron Bundle|ability: Quark Drive|[fromitem]\n|-start|p1b: Iron Bundle|quarkdrivespa\n|turn|5\n|\n|t:|1684071795\n|switch|p2b: Baxcalibur|Baxcalibur, L50, M|100\/100\n|move|p2a: Torkoal|Protect||[still]\n|-fail|p2a: Torkoal\n|move|p1b: Iron Bundle|Icy Wind|p2a: Torkoal|[spread] p2a,p2b\n|-resisted|p2a: Torkoal\n|-damage|p2a: Torkoal|0 fnt\n|-damage|p2b: Baxcalibur|73\/100\n|-unboost|p2b: Baxcalibur|spe|1\n|faint|p2a: Torkoal\n|move|p1a: Volcarona|Quiver Dance|p1a: Volcarona\n|-boost|p1a: Volcarona|spa|1\n|-boost|p1a: Volcarona|spd|1\n|-boost|p1a: Volcarona|spe|1\n|\n|-weather|none\n|upkeep\n|\n|t:|1684071809\n|switch|p2a: Dragonite|Dragonite, L50, F|84\/100\n|turn|6\n|c|\u2606Quikwix|!dt thermal exchange\n|raw| Thermal Exchange<\/a><\/span> This Pokemon's Attack is raised by 1 when damaged by Fire moves; can't be burned.<\/span> <\/li> <\/li><\/ul>\n|raw|Gen:<\/font> 9<\/font>\n\n|c|\u2606Quikwix|!dt ice body\n|raw| Ice Body<\/a><\/span> If Snow is active, this Pokemon heals 1\/16 of its max HP each turn.<\/span> <\/li> <\/li><\/ul>\n|raw|Gen:<\/font> 4<\/font>\n\n|\n|t:|1684071857\n|move|p2b: Baxcalibur|Protect|p2b: Baxcalibur\n|-singleturn|p2b: Baxcalibur|Protect\n|move|p2a: Dragonite|Extreme Speed|p1a: Volcarona\n|-damage|p1a: Volcarona|54\/100\n|-status|p2a: Dragonite|brn|[from] ability: Flame Body|[of] p1a: Volcarona\n|-enditem|p2a: Dragonite|Lum Berry|[eat]\n|-curestatus|p2a: Dragonite|brn|[msg]\n|move|p1a: Volcarona|Bug Buzz|p2b: Baxcalibur\n|-activate|p2b: Baxcalibur|move: Protect\n|move|p1b: Iron Bundle|Icy Wind|p2a: Dragonite|[spread] p2a\n|-activate|p2b: Baxcalibur|move: Protect\n|-supereffective|p2a: Dragonite\n|-damage|p2a: Dragonite|0 fnt\n|faint|p2a: Dragonite\n|\n|upkeep\n|turn|7\n|\n|t:|1684071883\n|move|p1a: Volcarona|Bug Buzz|p2b: Baxcalibur\n|-damage|p2b: Baxcalibur|0 fnt\n|faint|p2b: Baxcalibur\n|\n|win|Quikwix\n|l| S4mm3h\n","uploadtime":1684071928,"views":15,"p1id":"quikwix","p2id":"tomatosaurs","formatid":"gen9vgc2023regulationc","rating":0,"private":0,"password":""}