{"id":"gen9vgc2023regulationc-1859941852","p1":"YoungMasterLegend","p2":"Abadachi","format":"[Gen 9] VGC 2023 Regulation C","log":"|j|\u2606YoungMasterLegend\n|j|\u2606Abadachi\n|t:|1683577818\n|gametype|doubles\n|player|p1|YoungMasterLegend|266|1056\n|player|p2|Abadachi|unknown|1085\n|teamsize|p1|6\n|teamsize|p2|6\n|gen|9\n|tier|[Gen 9] VGC 2023 Regulation C\n|rated|\n|rule|Species Clause: Limit one of each Pok\u00e9mon\n|rule|Item Clause: Limit one of each item\n|clearpoke\n|poke|p1|Amoonguss, L50, F|\n|poke|p1|Grimmsnarl, L50, M|\n|poke|p1|Chien-Pao, L50|\n|poke|p1|Kingambit, L50, F|\n|poke|p1|Dragonite, L50, M|\n|poke|p1|Palafin, L50, F|\n|poke|p2|Hippowdon, L50, F|\n|poke|p2|Iron Bundle, L50|\n|poke|p2|Dragapult, L50, M|\n|poke|p2|Glimmora, L50, M|\n|poke|p2|Gholdengo, L50|\n|poke|p2|Wo-Chien, L50|\n|teampreview|4\nAbadachi has agreed to open team sheets.\n|inactive|Battle timer is ON: inactive players will automatically lose when time's up. (requested by YoungMasterLegend)\n|\n|t:|1683577843\n|start\n|switch|p1a: Dragonite|Dragonite, L50, M|100\/100\n|switch|p1b: Amoonguss|Amoonguss, L50, F|100\/100\n|switch|p2a: Iron Bundle|Iron Bundle, L50|100\/100\n|switch|p2b: Dragapult|Dragapult, L50, M|100\/100\n|-enditem|p2a: Iron Bundle|Booster Energy\n|-activate|p2a: Iron Bundle|ability: Quark Drive|[fromitem]\n|-start|p2a: Iron Bundle|quarkdrivespe\n|turn|1\n|inactive|YoungMasterLegend has 30 seconds left.\n|inactive|Abadachi has 30 seconds left.\n|\n|t:|1683577877\n|switch|p2b: Glimmora|Glimmora, L50, M|100\/100\n|switch|p1a: Kingambit|Kingambit, L50, F, shiny|100\/100\n|-terastallize|p1b: Amoonguss|Dark\n|move|p2a: Iron Bundle|Icy Wind|p1b: Amoonguss|[spread] p1a,p1b\n|-resisted|p1a: Kingambit\n|-damage|p1a: Kingambit|92\/100\n|-damage|p1b: Amoonguss|83\/100\n|-unboost|p1a: Kingambit|spe|1\n|-ability|p1a: Kingambit|Defiant|boost\n|-boost|p1a: Kingambit|atk|2\n|-unboost|p1b: Amoonguss|spe|1\n|move|p1b: Amoonguss|Spore|p2b: Glimmora\n|-status|p2b: Glimmora|slp|[from] move: Spore\n|\n|upkeep\n|turn|2\n|inactive|YoungMasterLegend has 30 seconds left.\n|inactive|Abadachi has 30 seconds left.\n|inactive|Abadachi has 20 seconds left.\n|inactive|Abadachi has 15 seconds left.\n|\n|t:|1683577919\n|move|p2a: Iron Bundle|Protect|p2a: Iron Bundle\n|-singleturn|p2a: Iron Bundle|Protect\n|cant|p2b: Glimmora|slp\n|move|p1a: Kingambit|Iron Head|p2b: Glimmora\n|-supereffective|p2b: Glimmora\n|-damage|p2b: Glimmora|0 fnt\n|-activate|p2b: Glimmora|ability: Toxic Debris\n|-sidestart|p1: YoungMasterLegend|move: Toxic Spikes\n|faint|p2b: Glimmora\n|-damage|p1a: Kingambit|82\/100|[from] item: Life Orb\n|move|p1b: Amoonguss|Spore|p2a: Iron Bundle\n|-activate|p2a: Iron Bundle|move: Protect\n|\n|upkeep\n|\n|t:|1683577938\n|switch|p2b: Dragapult|Dragapult, L50, M|100\/100\n|turn|3\n|\n|t:|1683577956\n|move|p1a: Kingambit|Sucker Punch||[still]\n|-fail|p1a: Kingambit\n|move|p2a: Iron Bundle|Icy Wind|p1b: Amoonguss|[spread] p1a,p1b\n|-resisted|p1a: Kingambit\n|-damage|p1a: Kingambit|73\/100\n|-damage|p1b: Amoonguss|67\/100\n|-unboost|p1a: Kingambit|spe|1\n|-ability|p1a: Kingambit|Defiant|boost\n|-boost|p1a: Kingambit|atk|2\n|-unboost|p1b: Amoonguss|spe|1\n|move|p2b: Dragapult|Disable|p1b: Amoonguss\n|-start|p1b: Amoonguss|Disable|Spore\n|cant|p1b: Amoonguss|Disable|Spore\n|\n|upkeep\n|turn|4\n|inactive|Abadachi has 30 seconds left.\n|inactive|Abadachi has 20 seconds left.\n|inactive|Abadachi has 15 seconds left.\n|inactive|Abadachi has 10 seconds left.\n|inactive|Abadachi has 5 seconds left.\n|\n|t:|1683578008\n|-terastallize|p2a: Iron Bundle|Ghost\n|move|p2b: Dragapult|Protect|p2b: Dragapult\n|-singleturn|p2b: Dragapult|Protect\n|move|p1a: Kingambit|Sucker Punch|p2a: Iron Bundle\n|-supereffective|p2a: Iron Bundle\n|-damage|p2a: Iron Bundle|0 fnt\n|faint|p2a: Iron Bundle\n|-end|p2a: Iron Bundle|Quark Drive|[silent]\n|-damage|p1a: Kingambit|64\/100|[from] item: Life Orb\n|move|p1b: Amoonguss|Pollen Puff|p1a: Kingambit\n|-heal|p1a: Kingambit|100\/100\n|\n|upkeep\n|\n|t:|1683578022\n|switch|p2a: Wo-Chien|Wo-Chien, L50|100\/100\n|-ability|p2a: Wo-Chien|Tablets of Ruin\n|turn|5\n|\n|t:|1683578047\n|move|p2b: Dragapult|Disable|p1a: Kingambit\n|-start|p1a: Kingambit|Disable|Sucker Punch\n|move|p2a: Wo-Chien|Leech Seed|p1b: Amoonguss\n|-start|p1b: Amoonguss|move: Leech Seed\n|move|p1a: Kingambit|Iron Head|p2a: Wo-Chien\n|-damage|p2a: Wo-Chien|4\/100\n|-damage|p1a: Kingambit|91\/100|[from] item: Life Orb\n|move|p1b: Amoonguss|Pollen Puff|p2a: Wo-Chien\n|-supereffective|p2a: Wo-Chien\n|-damage|p2a: Wo-Chien|0 fnt\n|faint|p2a: Wo-Chien\n|\n|upkeep\n|turn|6\n|\n|t:|1683578066\n|move|p1b: Amoonguss|Rage Powder|p1b: Amoonguss\n|-singleturn|p1b: Amoonguss|move: Rage Powder\n|move|p2b: Dragapult|Dragon Darts|p1b: Amoonguss\n|-damage|p1b: Amoonguss|40\/100\n|-anim|p2b: Dragapult|Dragon Darts|p1b: Amoonguss\n|-damage|p1b: Amoonguss|13\/100\n|-damage|p2b: Dragapult|91\/100|[from] item: Life Orb\n|move|p1a: Kingambit|Kowtow Cleave|p2b: Dragapult\n|-supereffective|p2b: Dragapult\n|-damage|p2b: Dragapult|0 fnt\n|faint|p2b: Dragapult\n|-damage|p1a: Kingambit|81\/100|[from] item: Life Orb\n|\n|win|YoungMasterLegend\n|raw|YoungMasterLegend's rating: 1056 → 1090<\/strong> (+34 for winning)\n|raw|Abadachi's rating: 1085 → 1060<\/strong> (-25 for losing)\n","uploadtime":1683578080,"views":9,"p1id":"youngmasterlegend","p2id":"abadachi","formatid":"gen9vgc2023regulationc","rating":1060,"private":0,"password":""}