{"id":"gen9vgc2023regulationc-1859120467","p1":"ItemIsYas","p2":"Topperlecat","format":"[Gen 9] VGC 2023 Regulation C","log":"|j|\u2606ItemIsYas\n|j|\u2606Topperlecat\n|t:|1683406885\n|gametype|doubles\n|player|p1|ItemIsYas|zinnia|1247\n|player|p2|Topperlecat|n|1246\n|teamsize|p1|6\n|teamsize|p2|6\n|gen|9\n|tier|[Gen 9] VGC 2023 Regulation C\n|rated|\n|rule|Species Clause: Limit one of each Pok\u00e9mon\n|rule|Item Clause: Limit one of each item\n|clearpoke\n|poke|p1|Bronzong, L50|\n|poke|p1|Ting-Lu, L50|\n|poke|p1|Amoonguss, L50, F|\n|poke|p1|Hatterene, L50, F|\n|poke|p1|Chien-Pao, L50|\n|poke|p1|Iron Hands, L50|\n|poke|p2|Gastrodon-East, L50, M|\n|poke|p2|Iron Bundle, L50|\n|poke|p2|Indeedee-F, L50, F|\n|poke|p2|Ceruledge, L50, M|\n|poke|p2|Kingambit, L50, F|\n|poke|p2|Ting-Lu, L50|\n|teampreview|4\n|inactive|Battle timer is ON: inactive players will automatically lose when time's up. (requested by ItemIsYas)\nTopperlecat has agreed to open team sheets.\n|c|\u2606Topperlecat|Glhf\n|inactive|Topperlecat has 60 seconds left.\n|\n|t:|1683406932\n|start\n|switch|p1a: Iron Hands|Iron Hands, L50|100\/100\n|switch|p1b: Bronzong|Bronzong, L50|100\/100\n|switch|p2a: wombo combo|Ceruledge, L50, M|100\/100\n|switch|p2b: croissant|Indeedee-F, L50, F|100\/100\n|-fieldstart|move: Psychic Terrain|[from] ability: Psychic Surge|[of] p2b: croissant\n|-enditem|p2b: croissant|Psychic Seed\n|-boost|p2b: croissant|spd|1|[from] item: Psychic Seed\n|turn|1\n|inactive|ItemIsYas has 30 seconds left.\n|inactive|ItemIsYas has 20 seconds left.\n|inactive|ItemIsYas has 15 seconds left.\n|inactive|ItemIsYas has 10 seconds left.\n|inactive|ItemIsYas has 5 seconds left.\n|\n|t:|1683406982\n|move|p2b: croissant|Helping Hand|p2a: wombo combo\n|-singleturn|p2a: wombo combo|Helping Hand|[of] p2b: croissant\n|move|p2a: wombo combo|Bitter Blade|p1b: Bronzong\n|-supereffective|p1b: Bronzong\n|-damage|p1b: Bronzong|3\/100\n|move|p1a: Iron Hands|Belly Drum|p1a: Iron Hands\n|-damage|p1a: Iron Hands|51\/100\n|-setboost|p1a: Iron Hands|atk|6|[from] move: Belly Drum\n|move|p1b: Bronzong|Trick Room|p1b: Bronzong\n|-fieldstart|move: Trick Room|[of] p1b: Bronzong\n|\n|-heal|p1b: Bronzong|9\/100|[from] item: Leftovers\n|upkeep\n|turn|2\n|inactive|ItemIsYas has 30 seconds left.\n|\n|t:|1683407008\n|-terastallize|p1a: Iron Hands|Flying\n|move|p2b: croissant|Follow Me|p2b: croissant\n|-singleturn|p2b: croissant|move: Follow Me\n|move|p1b: Bronzong|Zen Headbutt|p2b: croissant\n|-resisted|p2b: croissant\n|-damage|p2b: croissant|86\/100\n|move|p1a: Iron Hands|Drain Punch|p2b: croissant\n|-damage|p2b: croissant|0 fnt\n|-heal|p1a: Iron Hands|80\/100|[from] drain|[of] p2b: croissant\n|faint|p2b: croissant\n|move|p2a: wombo combo|Bitter Blade|p1a: Iron Hands\n|-damage|p1a: Iron Hands|52\/100\n|\n|-heal|p1b: Bronzong|14\/100|[from] item: Leftovers\n|upkeep\n|\n|t:|1683407027\n|switch|p2b: THE GOAT|Ting-Lu, L50|100\/100\n|-ability|p2b: THE GOAT|Vessel of Ruin\n|turn|3\n|inactive|ItemIsYas has 30 seconds left.\n|\n|t:|1683407058\n|move|p2b: THE GOAT|Protect|p2b: THE GOAT\n|-singleturn|p2b: THE GOAT|Protect\n|move|p1b: Bronzong|Zen Headbutt|p2a: wombo combo\n|-damage|p2a: wombo combo|76\/100\n|move|p1a: Iron Hands|Drain Punch|p2b: THE GOAT\n|-activate|p2b: THE GOAT|move: Protect\n|move|p2a: wombo combo|Bitter Blade|p1a: Iron Hands\n|-damage|p1a: Iron Hands|28\/100\n|-heal|p2a: wombo combo|93\/100|[from] drain|[of] p1a: Iron Hands\n|-enditem|p1a: Iron Hands|Sitrus Berry|[eat]\n|-heal|p1a: Iron Hands|53\/100|[from] item: Sitrus Berry\n|\n|-heal|p1b: Bronzong|20\/100|[from] item: Leftovers\n|upkeep\n|turn|4\n|inactive|Topperlecat has 30 seconds left.\n|\n|t:|1683407084\n|switch|p2b: happy feet|Iron Bundle, L50|100\/100\n|move|p1b: Bronzong|Zen Headbutt|p2a: wombo combo\n|-damage|p2a: wombo combo|65\/100\n|move|p1a: Iron Hands|Drain Punch|p2b: happy feet\n|-supereffective|p2b: happy feet\n|-enditem|p2b: happy feet|Focus Sash\n|-damage|p2b: happy feet|1\/100\n|-heal|p1a: Iron Hands|78\/100|[from] drain|[of] p2b: happy feet\n|move|p2a: wombo combo|Bitter Blade|p1a: Iron Hands\n|-damage|p1a: Iron Hands|53\/100\n|-heal|p2a: wombo combo|83\/100|[from] drain|[of] p1a: Iron Hands\n|\n|-heal|p1b: Bronzong|26\/100|[from] item: Leftovers\n|upkeep\n|turn|5\n|inactive|ItemIsYas has 30 seconds left.\n|\n|t:|1683407112\n|move|p2b: happy feet|Protect|p2b: happy feet\n|-singleturn|p2b: happy feet|Protect\n|move|p1b: Bronzong|Gyro Ball|p2b: happy feet\n|-activate|p2b: happy feet|move: Protect\n|move|p1a: Iron Hands|Wild Charge|p2a: wombo combo\n|-crit|p2a: wombo combo\n|-damage|p2a: wombo combo|0 fnt\n|faint|p2a: wombo combo\n|-damage|p1a: Iron Hands|38\/100|[from] Recoil\n|\n|-heal|p1b: Bronzong|32\/100|[from] item: Leftovers\n|-fieldend|move: Trick Room\n|-fieldend|move: Psychic Terrain\n|upkeep\n|\n|t:|1683407122\n|switch|p2a: THE GOAT|Ting-Lu, L50|100\/100\n|-ability|p2a: THE GOAT|Vessel of Ruin\n|turn|6\n|\n|t:|1683407138\n|move|p2b: happy feet|Freeze-Dry|p1a: Iron Hands\n|-supereffective|p1a: Iron Hands\n|-damage|p1a: Iron Hands|0 fnt\n|faint|p1a: Iron Hands\n|-end|p1a: Iron Hands|Quark Drive|[silent]\n|move|p2a: THE GOAT|Heavy Slam|p1b: Bronzong\n|-resisted|p1b: Bronzong\n|-damage|p1b: Bronzong|21\/100\n|move|p1b: Bronzong|Trick Room|p1b: Bronzong\n|-fieldstart|move: Trick Room|[of] p1b: Bronzong\n|\n|-heal|p1b: Bronzong|27\/100|[from] item: Leftovers\n|upkeep\n|\n|t:|1683407149\n|switch|p1a: Chien-Pao|Chien-Pao, L50|100\/100\n|-ability|p1a: Chien-Pao|Sword of Ruin\n|turn|7\n|\n|t:|1683407165\n|move|p1a: Chien-Pao|Protect|p1a: Chien-Pao\n|-singleturn|p1a: Chien-Pao|Protect\n|move|p2b: happy feet|Protect|p2b: happy feet\n|-singleturn|p2b: happy feet|Protect\n|move|p1b: Bronzong|Gyro Ball|p2b: happy feet\n|-activate|p2b: happy feet|move: Protect\n|move|p2a: THE GOAT|Heavy Slam|p1a: Chien-Pao\n|-activate|p1a: Chien-Pao|move: Protect\n|\n|-heal|p1b: Bronzong|33\/100|[from] item: Leftovers\n|upkeep\n|turn|8\n|\n|t:|1683407183\n|switch|p1b: Hatterene|Hatterene, L50, F|100\/100\n|move|p1a: Chien-Pao|Sucker Punch|p2b: happy feet\n|-damage|p2b: happy feet|0 fnt\n|faint|p2b: happy feet\n|-end|p2b: happy feet|Quark Drive|[silent]\n|move|p2a: THE GOAT|Heavy Slam|p1a: Chien-Pao\n|-supereffective|p1a: Chien-Pao\n|-damage|p1a: Chien-Pao|26\/100\n|\n|upkeep\n|turn|9\n|\n|t:|1683407199\n|move|p2a: THE GOAT|Protect|p2a: THE GOAT\n|-singleturn|p2a: THE GOAT|Protect\n|move|p1a: Chien-Pao|Protect|p1a: Chien-Pao\n|-singleturn|p1a: Chien-Pao|Protect\n|move|p1b: Hatterene|Dazzling Gleam|p2a: THE GOAT\n|-activate|p2a: THE GOAT|move: Protect\n|\n|upkeep\n|turn|10\n|\n|t:|1683407207\n|-terastallize|p2a: THE GOAT|Poison\n|move|p1b: Hatterene|Dazzling Gleam|p2a: THE GOAT\n|-resisted|p2a: THE GOAT\n|-damage|p2a: THE GOAT|87\/100\n|-damage|p1b: Hatterene|91\/100|[from] item: Life Orb\n|move|p2a: THE GOAT|Heavy Slam|p1a: Chien-Pao\n|-supereffective|p1a: Chien-Pao\n|-damage|p1a: Chien-Pao|0 fnt\n|faint|p1a: Chien-Pao\n|\n|-heal|p2a: THE GOAT|93\/100|[from] item: Leftovers\n|-fieldend|move: Trick Room\n|upkeep\n|-message|ItemIsYas forfeited.\n|\n|win|Topperlecat\n|raw|ItemIsYas's rating: 1247 → 1222<\/strong> (-25 for losing)\n|raw|Topperlecat's rating: 1246 → 1271<\/strong> (+25 for winning)\n|l|\u2606ItemIsYas\n","uploadtime":1683407223,"views":9,"p1id":"itemisyas","p2id":"topperlecat","formatid":"gen9vgc2023regulationc","rating":1222,"private":0,"password":""}