{"id":"gen9vgc2023regulationc-1847484615","p1":"The Stem","p2":"SoraRoxs","format":"[Gen 9] VGC 2023 Regulation C","log":"|j|\u2606The Stem\n|j|\u2606SoraRoxs\n|t:|1681960961\n|gametype|doubles\n|player|p1|The Stem|swimmerf|\n|player|p2|SoraRoxs|roxie|\n|teamsize|p1|6\n|teamsize|p2|6\n|gen|9\n|tier|[Gen 9] VGC 2023 Regulation C\n|rule|Species Clause: Limit one of each Pok\u00e9mon\n|rule|Item Clause: Limit one of each item\n|clearpoke\n|poke|p1|Amoonguss, L50, M|\n|poke|p1|Roaring Moon, L50|\n|poke|p1|Maushold-Four, L50|\n|poke|p1|Arcanine, L50, F|\n|poke|p1|Gholdengo, L50|\n|poke|p1|Lilligant, L50, F|\n|poke|p2|Flutter Mane, L50|\n|poke|p2|Hydreigon, L50, M|\n|poke|p2|Murkrow, L50, F|\n|poke|p2|Torkoal, L50, F|\n|poke|p2|Palafin, L50, M|\n|poke|p2|Amoonguss, L50, F|\n|teampreview|4\n|j| Jandriel\n|\n|t:|1681960976\n|start\n|switch|p1a: heybrothahowsitgon|Gholdengo, L50|100\/100\n|switch|p1b: Charizard ky&s|Maushold-Four, L50|100\/100\n|switch|p2a: Buss|Murkrow, L50, F|100\/100\n|switch|p2b: Pala|Palafin, L50, M|100\/100\n|turn|1\n|\n|t:|1681961021\n|move|p1b: Charizard ky&s|Protect|p1b: Charizard ky&s\n|-singleturn|p1b: Charizard ky&s|Protect\n|move|p2a: Buss|Tailwind|p2a: Buss\n|-sidestart|p2: SoraRoxs|move: Tailwind\n|move|p2b: Pala|Flip Turn|p1b: Charizard ky&s\n|-activate|p1b: Charizard ky&s|move: Protect\n|move|p1a: heybrothahowsitgon|Make It Rain|p2b: Pala|[spread] p2a,p2b\n|-resisted|p2b: Pala\n|-damage|p2a: Buss|12\/100\n|-damage|p2b: Pala|46\/100\n|-unboost|p1a: heybrothahowsitgon|spa|1\n|\n|upkeep\n|turn|2\n|\n|t:|1681961048\n|move|p1b: Charizard ky&s|Protect|p1b: Charizard ky&s\n|-singleturn|p1b: Charizard ky&s|Protect\n|move|p2b: Pala|Flip Turn|p1a: heybrothahowsitgon\n|-damage|p1a: heybrothahowsitgon|68\/100\n|\n|t:|1681961060\n|detailschange|p2b: Pala|Palafin-Hero, L50, M\n|switch|p2b: Hydreigon|Hydreigon, L50, M|100\/100|[from] Flip Turn\n|move|p2a: Buss|Foul Play|p1a: heybrothahowsitgon\n|-supereffective|p1a: heybrothahowsitgon\n|-damage|p1a: heybrothahowsitgon|32\/100\n|move|p1a: heybrothahowsitgon|Make It Rain|p2b: Hydreigon|[spread] p2a,p2b\n|-damage|p2a: Buss|0 fnt\n|-damage|p2b: Hydreigon|48\/100\n|-unboost|p1a: heybrothahowsitgon|spa|1\n|faint|p2a: Buss\n|\n|upkeep\n|\n|t:|1681961065\n|switch|p2a: Pala|Palafin-Hero, L50, M|46\/100\n|-activate|p2a: Pala|ability: Zero to Hero\n|turn|3\n|\n|t:|1681961078\n|move|p2a: Pala|Drain Punch|p1b: Charizard ky&s\n|-supereffective|p1b: Charizard ky&s\n|-damage|p1b: Charizard ky&s|0 fnt\n|-heal|p2a: Pala|98\/100|[from] drain|[of] p1b: Charizard ky&s\n|faint|p1b: Charizard ky&s\n|move|p2b: Hydreigon|Dark Pulse|p1a: heybrothahowsitgon\n|-supereffective|p1a: heybrothahowsitgon\n|-damage|p1a: heybrothahowsitgon|0 fnt\n|faint|p1a: heybrothahowsitgon\n|\n|upkeep\n|\n|t:|1681961087\n|switch|p1b: Char!zard|Amoonguss, L50, M, shiny|100\/100\n|switch|p1a: Charizaza|Roaring Moon, L50|100\/100\n|-enditem|p1a: Charizaza|Booster Energy\n|-activate|p1a: Charizaza|ability: Protosynthesis|[fromitem]\n|-start|p1a: Charizaza|protosynthesisatk\n|turn|4\n|\n|t:|1681961105\n|-terastallize|p1a: Charizaza|Dragon\n|move|p1b: Char!zard|Protect|p1b: Char!zard\n|-singleturn|p1b: Char!zard|Protect\n|move|p2a: Pala|Drain Punch|p1a: Charizaza\n|-damage|p1a: Charizaza|34\/100\n|-heal|p2a: Pala|100\/100|[from] drain|[of] p1a: Charizaza\n|move|p2b: Hydreigon|Heat Wave|p1a: Charizaza|[spread] p1a\n|-activate|p1b: Char!zard|move: Protect\n|-resisted|p1a: Charizaza\n|-damage|p1a: Charizaza|23\/100\n|move|p1a: Charizaza|Outrage|p2a: Pala\n|-damage|p2a: Pala|0 fnt\n|faint|p2a: Pala\n|\n|-sideend|p2: SoraRoxs|move: Tailwind\n|upkeep\n|\n|t:|1681961120\n|switch|p2a: Spore guy|Amoonguss, L50, F, shiny|100\/100\n|turn|5\n|\n|t:|1681961128\n|move|p1a: Charizaza|Outrage|p2a: Spore guy|[from]lockedmove\n|-crit|p2a: Spore guy\n|-damage|p2a: Spore guy|0 fnt\n|faint|p2a: Spore guy\n|move|p2b: Hydreigon|Heat Wave|p1b: Char!zard|[spread] p1a\n|-miss|p2b: Hydreigon|p1b: Char!zard\n|-resisted|p1a: Charizaza\n|-damage|p1a: Charizaza|11\/100\n|move|p1b: Char!zard|Spore|p2b: Hydreigon\n|-status|p2b: Hydreigon|slp|[from] move: Spore\n|\n|upkeep\n|turn|6\n|\n|t:|1681961142\n|cant|p2b: Hydreigon|slp\n|move|p1a: Charizaza|Outrage|p2b: Hydreigon|[from]lockedmove\n|-supereffective|p2b: Hydreigon\n|-damage|p2b: Hydreigon|0 fnt\n|faint|p2b: Hydreigon\n|-start|p1a: Charizaza|confusion|[fatigue]\n|\n|win|The Stem\n|l|\u2606SoraRoxs\n","uploadtime":1681961152,"views":4,"p1id":"thestem","p2id":"soraroxs","formatid":"gen9vgc2023regulationc","rating":0,"private":0,"password":""}