{"id":"gen9vgc2023regulationc-1854407339","p1":"Temporary name 3","p2":"sasavegeta","format":"[Gen 9] VGC 2023 Regulation C","log":"|j|\u2606Temporary name 3\n|j|\u2606sasavegeta\n|t:|1682807013\n|gametype|doubles\n|player|p1|Temporary name 3|musician|1086\n|player|p2|sasavegeta|smasher|1142\n|teamsize|p1|6\n|teamsize|p2|6\n|gen|9\n|tier|[Gen 9] VGC 2023 Regulation C\n|rated|\n|rule|Species Clause: Limit one of each Pok\u00e9mon\n|rule|Item Clause: Limit one of each item\n|clearpoke\n|poke|p1|Dragonite, L50, F|\n|poke|p1|Scizor, L50, M|\n|poke|p1|Arcanine, L50, M|\n|poke|p1|Amoonguss, L50, M|\n|poke|p1|Gastrodon-East, L50, F|\n|poke|p1|Sylveon, L50, M|\n|poke|p2|Palafin, L50, M|\n|poke|p2|Flutter Mane, L50|\n|poke|p2|Ting-Lu, L50|\n|poke|p2|Arcanine, L50, M|\n|poke|p2|Amoonguss, L50, F|\n|poke|p2|Dragonite, L50, M|\n|teampreview|4\n|inactive|Battle timer is ON: inactive players will automatically lose when time's up. (requested by sasavegeta)\nsasavegeta rejected open team sheets.\n|inactive|Temporary name 3 has 60 seconds left.\n|inactive|sasavegeta has 60 seconds left.\n|inactive|sasavegeta has 30 seconds left.\n|inactive|sasavegeta has 20 seconds left.\n|inactive|sasavegeta has 15 seconds left.\n|inactive|sasavegeta has 10 seconds left.\n|\n|t:|1682807094\n|start\n|switch|p1a: Gastrodon|Gastrodon-East, L50, F|100\/100\n|switch|p1b: Arcanine|Arcanine, L50, M|100\/100\n|switch|p2a: Flutter Mane|Flutter Mane, L50|100\/100\n|switch|p2b: Dragonite|Dragonite, L50, M|100\/100\n|-ability|p1b: Arcanine|Intimidate|boost\n|-unboost|p2a: Flutter Mane|atk|1\n|-fail|p2b: Dragonite|unboost|Attack|[from] ability: Inner Focus|[of] p2b: Dragonite\n|-enditem|p2a: Flutter Mane|Booster Energy\n|-activate|p2a: Flutter Mane|ability: Protosynthesis|[fromitem]\n|-start|p2a: Flutter Mane|protosynthesisspa\n|turn|1\n|inactive|sasavegeta has 30 seconds left.\n|inactive|sasavegeta has 20 seconds left.\n|inactive|sasavegeta has 15 seconds left.\n|\n|t:|1682807137\n|-terastallize|p2b: Dragonite|Normal\n|-terastallize|p1a: Gastrodon|Fire\n|move|p2b: Dragonite|Extreme Speed|p1b: Arcanine\n|-damage|p1b: Arcanine|25\/100\n|move|p2a: Flutter Mane|Dazzling Gleam|p1a: Gastrodon|[spread] p1a,p1b\n|-resisted|p1a: Gastrodon\n|-resisted|p1b: Arcanine\n|-damage|p1a: Gastrodon|83\/100\n|-damage|p1b: Arcanine|3\/100\n|move|p1b: Arcanine|Flare Blitz|p2a: Flutter Mane\n|-damage|p2a: Flutter Mane|5\/100\n|-damage|p1b: Arcanine|0 fnt|[from] Recoil\n|faint|p1b: Arcanine\n|move|p1a: Gastrodon|Icy Wind|p2b: Dragonite|[spread] p2a,p2b\n|-damage|p2a: Flutter Mane|0 fnt\n|-damage|p2b: Dragonite|88\/100\n|-unboost|p2b: Dragonite|spe|1\n|faint|p2a: Flutter Mane\n|-end|p2a: Flutter Mane|Protosynthesis|[silent]\n|\n|-heal|p1a: Gastrodon|89\/100|[from] item: Leftovers\n|upkeep\n|inactive|Temporary name 3 has 30 seconds left.\n|inactive|sasavegeta has 30 seconds left.\n|\n|t:|1682807167\n|switch|p2a: Arcanine|Arcanine, L50, M|100\/100\n|switch|p1b: Scizor|Scizor, L50, M|100\/100\n|-ability|p2a: Arcanine|Intimidate|boost\n|-unboost|p1a: Gastrodon|atk|1\n|-fail|p1b: Scizor|unboost|[from] item: Clear Amulet|[of] p1b: Scizor\n|turn|2\n|inactive|Temporary name 3 has 30 seconds left.\n|\n|t:|1682807193\n|move|p1b: Scizor|Protect|p1b: Scizor\n|-singleturn|p1b: Scizor|Protect\n|move|p2b: Dragonite|Extreme Speed|p1a: Gastrodon\n|-damage|p1a: Gastrodon|17\/100\n|move|p2a: Arcanine|Flare Blitz|p1b: Scizor\n|-activate|p1b: Scizor|move: Protect\n|move|p1a: Gastrodon|Icy Wind|p2b: Dragonite|[spread] p2a,p2b\n|-resisted|p2a: Arcanine\n|-damage|p2a: Arcanine|94\/100\n|-damage|p2b: Dragonite|77\/100\n|-unboost|p2a: Arcanine|spe|1\n|-unboost|p2b: Dragonite|spe|1\n|\n|-heal|p1a: Gastrodon|23\/100|[from] item: Leftovers\n|upkeep\n|turn|3\n|\n|t:|1682807216\n|move|p1a: Gastrodon|Protect|p1a: Gastrodon\n|-singleturn|p1a: Gastrodon|Protect\n|move|p2b: Dragonite|Extreme Speed|p1a: Gastrodon\n|-activate|p1a: Gastrodon|move: Protect\n|move|p1b: Scizor|Bullet Punch|p2b: Dragonite\n|-damage|p2b: Dragonite|37\/100\n|move|p2a: Arcanine|Flare Blitz|p1b: Scizor\n|-supereffective|p1b: Scizor\n|-damage|p1b: Scizor|0 fnt\n|faint|p1b: Scizor\n|-damage|p2a: Arcanine|65\/100|[from] Recoil\n|\n|-heal|p1a: Gastrodon|30\/100|[from] item: Leftovers\n|upkeep\n|\n|t:|1682807226\n|switch|p1b: Sylveon|Sylveon, L50, M|100\/100\n|turn|4\n|\n|t:|1682807241\n|move|p1a: Gastrodon|Protect||[still]\n|-fail|p1a: Gastrodon\n|move|p2a: Arcanine|Extreme Speed|p1a: Gastrodon\n|-damage|p1a: Gastrodon|5\/100\n|move|p2b: Dragonite|Extreme Speed|p1b: Sylveon\n|-damage|p1b: Sylveon|20\/100\n|move|p1b: Sylveon|Hyper Voice|p2a: Arcanine|[spread] p2a,p2b\n|-resisted|p2a: Arcanine\n|-damage|p2a: Arcanine|45\/100\n|-damage|p2b: Dragonite|0 fnt\n|faint|p2b: Dragonite\n|-enditem|p1b: Sylveon|Throat Spray\n|-boost|p1b: Sylveon|spa|1|[from] item: Throat Spray\n|\n|-heal|p1a: Gastrodon|11\/100|[from] item: Leftovers\n|upkeep\n|\n|t:|1682807255\n|switch|p2b: Amoonguss|Amoonguss, L50, F|100\/100\n|turn|5\n|\n|t:|1682807273\n|move|p2b: Amoonguss|Protect|p2b: Amoonguss\n|-singleturn|p2b: Amoonguss|Protect\n|move|p2a: Arcanine|Extreme Speed|p1a: Gastrodon\n|-damage|p1a: Gastrodon|0 fnt\n|faint|p1a: Gastrodon\n|move|p1b: Sylveon|Hyper Voice|p2a: Arcanine|[spread] p2a\n|-activate|p2b: Amoonguss|move: Protect\n|-resisted|p2a: Arcanine\n|-damage|p2a: Arcanine|16\/100\n|\n|upkeep\n|turn|6\n|inactive|Temporary name 3 has 30 seconds left.\n|\n|t:|1682807299\n|move|p2a: Arcanine|Extreme Speed|p1b: Sylveon\n|-damage|p1b: Sylveon|0 fnt\n|faint|p1b: Sylveon\n|\n|win|sasavegeta\n|raw|Temporary name 3's rating: 1086 → 1067<\/strong> (-19 for losing)\n|raw|sasavegeta's rating: 1142 → 1163<\/strong> (+21 for winning)\n|l|\u2606Temporary name 3\n","uploadtime":1682807308,"views":17,"p1id":"temporaryname3","p2id":"sasavegeta","formatid":"gen9vgc2023regulationc","rating":1067,"private":0,"password":""}