{"id":"gen9vgc2023regulationc-1862359895","p1":"wochientcg","p2":"jmz900","format":"[Gen 9] VGC 2023 Regulation C","log":"|j|\u2606wochientcg\n|j|\u2606jmz900\n|t:|1683872742\n|gametype|doubles\n|player|p1|wochientcg|170|1463\n|player|p2|jmz900|170|1432\n|teamsize|p1|6\n|teamsize|p2|6\n|gen|9\n|tier|[Gen 9] VGC 2023 Regulation C\n|rated|\n|rule|Species Clause: Limit one of each Pok\u00e9mon\n|rule|Item Clause: Limit one of each item\n|clearpoke\n|poke|p1|Amoonguss, L50, F|\n|poke|p1|Arcanine, L50, F|\n|poke|p1|Iron Bundle, L50|\n|poke|p1|Kingambit, L50, F|\n|poke|p1|Baxcalibur, L50, M|\n|poke|p1|Flutter Mane, L50|\n|poke|p2|Ceruledge, L50, M|\n|poke|p2|Ting-Lu, L50|\n|poke|p2|Iron Bundle, L50|\n|poke|p2|Amoonguss, L50, M|\n|poke|p2|Gyarados, L50, M|\n|poke|p2|Flutter Mane, L50|\n|teampreview|4\n|\n|t:|1683872808\n|start\n|switch|p1a: Iron Bundle|Iron Bundle, L50|100\/100\n|switch|p1b: Flutter Mane|Flutter Mane, L50|100\/100\n|switch|p2a: Ceruledge|Ceruledge, L50, M, shiny|100\/100\n|switch|p2b: Amoonguss|Amoonguss, L50, M|100\/100\n|-enditem|p1a: Iron Bundle|Booster Energy\n|-activate|p1a: Iron Bundle|ability: Quark Drive|[fromitem]\n|-start|p1a: Iron Bundle|quarkdrivespe\n|turn|1\n|\n|t:|1683872858\n|switch|p2a: Ting-Lu|Ting-Lu, L50|100\/100\n|-ability|p2a: Ting-Lu|Vessel of Ruin\n|move|p1a: Iron Bundle|Protect|p1a: Iron Bundle\n|-singleturn|p1a: Iron Bundle|Protect\n|move|p1b: Flutter Mane|Shadow Ball|p2a: Ting-Lu\n|-resisted|p2a: Ting-Lu\n|-damage|p2a: Ting-Lu|89\/100\n|-unboost|p2a: Ting-Lu|spd|1\n|move|p2b: Amoonguss|Spore|p1b: Flutter Mane\n|-status|p1b: Flutter Mane|slp|[from] move: Spore\n|\n|upkeep\n|turn|2\n|\n|t:|1683872882\n|-terastallize|p1a: Iron Bundle|Grass\n|-terastallize|p2a: Ting-Lu|Water\n|move|p1a: Iron Bundle|Hydro Pump|p2a: Ting-Lu|[miss]\n|-miss|p1a: Iron Bundle|p2a: Ting-Lu\n|cant|p1b: Flutter Mane|slp\n|move|p2a: Ting-Lu|Heavy Slam|p1b: Flutter Mane\n|-supereffective|p1b: Flutter Mane\n|-damage|p1b: Flutter Mane|0 fnt\n|faint|p1b: Flutter Mane\n|-end|p1b: Flutter Mane|Protosynthesis|[silent]\n|move|p2b: Amoonguss|Spore|p1a: Iron Bundle\n|-immune|p1a: Iron Bundle\n|\n|upkeep\n|j| THUNDERSND77\n|\n|t:|1683872899\n|switch|p1b: Baxcalibur|Baxcalibur, L50, M|100\/100\n|turn|3\n|\n|t:|1683872908\n|move|p2b: Amoonguss|Protect|p2b: Amoonguss\n|-singleturn|p2b: Amoonguss|Protect\n|move|p1a: Iron Bundle|Freeze-Dry|p2a: Ting-Lu\n|-supereffective|p2a: Ting-Lu\n|-damage|p2a: Ting-Lu|48\/100\n|move|p1b: Baxcalibur|Glaive Rush|p2b: Amoonguss\n|-activate|p2b: Amoonguss|move: Protect\n|move|p2a: Ting-Lu|Stone Edge|p1b: Baxcalibur\n|-supereffective|p1b: Baxcalibur\n|-damage|p1b: Baxcalibur|46\/100\n|\n|upkeep\n|turn|4\n|\n|t:|1683872927\n|switch|p2b: Flutter Mane|Flutter Mane, L50|100\/100\n|move|p1a: Iron Bundle|Freeze-Dry|p2a: Ting-Lu\n|-supereffective|p2a: Ting-Lu\n|-damage|p2a: Ting-Lu|7\/100\n|move|p1b: Baxcalibur|Icicle Crash|p2b: Flutter Mane\n|-damage|p2b: Flutter Mane|24\/100\n|move|p2a: Ting-Lu|Stone Edge|p1b: Baxcalibur\n|-supereffective|p1b: Baxcalibur\n|-crit|p1b: Baxcalibur\n|-damage|p1b: Baxcalibur|0 fnt\n|faint|p1b: Baxcalibur\n|\n|upkeep\n|\n|t:|1683872940\n|switch|p1b: Kingambit|Kingambit, L50, F|100\/100\n|turn|5\n|\n|t:|1683872959\n|-end|p2b: Flutter Mane|Protosynthesis|[silent]\n|switch|p2b: Amoonguss|Amoonguss, L50, M|100\/100\n|move|p1b: Kingambit|Sucker Punch||[still]\n|-fail|p1b: Kingambit\n|move|p1a: Iron Bundle|Freeze-Dry|p2a: Ting-Lu\n|-supereffective|p2a: Ting-Lu\n|-crit|p2a: Ting-Lu\n|-damage|p2a: Ting-Lu|0 fnt\n|faint|p2a: Ting-Lu\n|\n|upkeep\n|\n|t:|1683872969\n|switch|p2a: Ceruledge|Ceruledge, L50, M, shiny|100\/100\n|turn|6\n|\n|t:|1683872985\n|move|p2b: Amoonguss|Rage Powder|p2b: Amoonguss\n|-singleturn|p2b: Amoonguss|move: Rage Powder\n|move|p1a: Iron Bundle|Hydro Pump|p2a: Ceruledge\n|-supereffective|p2a: Ceruledge\n|-damage|p2a: Ceruledge|0 fnt\n|faint|p2a: Ceruledge\n|move|p1b: Kingambit|Kowtow Cleave|p2b: Amoonguss\n|-damage|p2b: Amoonguss|67\/100\n|\n|upkeep\n|\n|t:|1683872993\n|switch|p2a: Flutter Mane|Flutter Mane, L50|24\/100\n|turn|7\n|\n|t:|1683873003\n|move|p2b: Amoonguss|Rage Powder|p2b: Amoonguss\n|-singleturn|p2b: Amoonguss|move: Rage Powder\n|move|p1a: Iron Bundle|Freeze-Dry|p2a: Flutter Mane\n|-damage|p2a: Flutter Mane|0 fnt\n|faint|p2a: Flutter Mane\n|-end|p2a: Flutter Mane|Protosynthesis|[silent]\n|move|p1b: Kingambit|Iron Head|p2b: Amoonguss\n|-damage|p2b: Amoonguss|33\/100\n|\n|upkeep\n|turn|8\n|-message|jmz900 forfeited.\n|\n|win|wochientcg\n|raw|wochientcg's rating: 1463 → 1481<\/strong> (+18 for winning)\n|raw|jmz900's rating: 1432 → 1414<\/strong> (-18 for losing)\n|l|\u2606jmz900\n","uploadtime":1683873014,"views":14,"p1id":"wochientcg","p2id":"jmz900","formatid":"gen9vgc2023regulationc","rating":1414,"private":0,"password":""}