{"id":"gen9vgc2023regulationc-1854124561","p1":"lax2145","p2":"Tayekc","format":"[Gen 9] VGC 2023 Regulation C","log":"|j|\u2606lax2145\n|j|\u2606Tayekc\n|t:|1682773143\n|gametype|doubles\n|player|p1|lax2145|giovanni|\n|player|p2|Tayekc|hilbert|\n|teamsize|p1|6\n|teamsize|p2|6\n|gen|9\n|tier|[Gen 9] VGC 2023 Regulation C\n|rule|Species Clause: Limit one of each Pok\u00e9mon\n|rule|Item Clause: Limit one of each item\n|clearpoke\n|poke|p1|Ting-Lu, L50|\n|poke|p1|Flutter Mane, L50|\n|poke|p1|Iron Jugulis, L50|\n|poke|p1|Arcanine, L50, M|\n|poke|p1|Amoonguss, L50, M|\n|poke|p1|Chien-Pao, L50|\n|poke|p2|Chien-Pao, L50|\n|poke|p2|Dragonite, L50, M|\n|poke|p2|Scizor, L50, M|\n|poke|p2|Flutter Mane, L50|\n|poke|p2|Chi-Yu, L50|\n|poke|p2|Iron Bundle, L50|\n|teampreview|4\n|\n|t:|1682773168\n|start\n|switch|p1a: Flutter Mane|Flutter Mane, L50|100\/100\n|switch|p1b: Amoonguss|Amoonguss, L50, M|100\/100\n|switch|p2a: Scizor|Scizor, L50, M, shiny|100\/100\n|switch|p2b: Chi-Yu|Chi-Yu, L50|100\/100\n|-ability|p2b: Chi-Yu|Beads of Ruin\n|turn|1\n|\n|t:|1682773192\n|-end|p1a: Flutter Mane|Protosynthesis|[silent]\n|switch|p1a: Ting-Lu|Ting-Lu, L50|100\/100\n|-ability|p1a: Ting-Lu|Vessel of Ruin\n|move|p2a: Scizor|Bullet Punch|p1a: Ting-Lu\n|-damage|p1a: Ting-Lu|80\/100\n|move|p2b: Chi-Yu|Heat Wave|p1b: Amoonguss|[spread] p1b\n|-miss|p2b: Chi-Yu|p1a: Ting-Lu\n|-supereffective|p1b: Amoonguss\n|-damage|p1b: Amoonguss|48\/100\n|move|p1b: Amoonguss|Spore|p2a: Scizor\n|-status|p2a: Scizor|slp|[from] move: Spore\n|\n|-heal|p1b: Amoonguss|54\/100|[from] item: Leftovers\n|upkeep\n|turn|2\n|\n|t:|1682773221\n|switch|p1b: Flutter Mane|Flutter Mane, L50|100\/100\n|cant|p2a: Scizor|slp\n|move|p2b: Chi-Yu|Heat Wave|p1a: Ting-Lu|[spread] p1a\n|-miss|p2b: Chi-Yu|p1b: Flutter Mane\n|-damage|p1a: Ting-Lu|58\/100\n|move|p1a: Ting-Lu|Stomping Tantrum|p2b: Chi-Yu\n|-supereffective|p2b: Chi-Yu\n|-damage|p2b: Chi-Yu|0 fnt\n|faint|p2b: Chi-Yu\n|\n|upkeep\n|\n|t:|1682773235\n|switch|p2b: Chien-Pao|Chien-Pao, L50|100\/100\n|-ability|p2b: Chien-Pao|Sword of Ruin\n|turn|3\n|\n|t:|1682773249\n|-curestatus|p2a: Scizor|slp|[msg]\n|move|p2a: Scizor|Bullet Punch|p1b: Flutter Mane\n|-supereffective|p1b: Flutter Mane\n|-damage|p1b: Flutter Mane|0 fnt\n|faint|p1b: Flutter Mane\n|-end|p1b: Flutter Mane|Protosynthesis|[silent]\n|move|p2b: Chien-Pao|Ice Spinner|p1a: Ting-Lu\n|-supereffective|p1a: Ting-Lu\n|-damage|p1a: Ting-Lu|0 fnt\n|faint|p1a: Ting-Lu\n|\n|upkeep\n|\n|t:|1682773260\n|switch|p1b: Amoonguss|Amoonguss, L50, M|87\/100\n|switch|p1a: Chien-Pao|Chien-Pao, L50|100\/100\n|-ability|p1a: Chien-Pao|Sword of Ruin\n|turn|4\n|\n|t:|1682773273\n|-terastallize|p1a: Chien-Pao|Dark\n|move|p2a: Scizor|Bullet Punch|p1a: Chien-Pao\n|-damage|p1a: Chien-Pao|56\/100\n|move|p2b: Chien-Pao|Ice Spinner|p1b: Amoonguss\n|-supereffective|p1b: Amoonguss\n|-damage|p1b: Amoonguss|0 fnt\n|faint|p1b: Amoonguss\n|move|p1a: Chien-Pao|Sacred Sword|p2b: Chien-Pao\n|-supereffective|p2b: Chien-Pao\n|-enditem|p2b: Chien-Pao|Focus Sash\n|-damage|p2b: Chien-Pao|1\/100\n|\n|upkeep\n|turn|5\n|\n|t:|1682773294\n|move|p2b: Chien-Pao|Sacred Sword|p1a: Chien-Pao\n|-supereffective|p1a: Chien-Pao\n|-damage|p1a: Chien-Pao|0 fnt\n|faint|p1a: Chien-Pao\n|\n|win|Tayekc\n","uploadtime":1682773303,"views":21,"p1id":"lax2145","p2id":"tayekc","formatid":"gen9vgc2023regulationc","rating":0,"private":0,"password":""}