{"id":"gen9vgc2023regulationc-1850351847","p1":"thihehe10","p2":"munch9876","format":"[Gen 9] VGC 2023 Regulation C","log":"|j|\u2606thihehe10\n|j|\u2606munch9876\n|t:|1682323127\n|gametype|doubles\n|player|p1|thihehe10|n|1092\n|player|p2|munch9876|169|1070\n|teamsize|p1|6\n|teamsize|p2|6\n|gen|9\n|tier|[Gen 9] VGC 2023 Regulation C\n|rated|\n|rule|Species Clause: Limit one of each Pok\u00e9mon\n|rule|Item Clause: Limit one of each item\n|clearpoke\n|poke|p1|Dondozo, L50, F|\n|poke|p1|Arcanine, L50, M|\n|poke|p1|Tatsugiri, L50, M|\n|poke|p1|Flamigo, L50, F|\n|poke|p1|Azumarill, L50, F|\n|poke|p1|Gothitelle, L50, F|\n|poke|p2|Raichu, L50, F|\n|poke|p2|Amoonguss, L50, F|\n|poke|p2|Bronzong, L50|\n|poke|p2|Gyarados, L50, M|\n|poke|p2|Tinkaton, L50, F|\n|poke|p2|Iron Moth, L50|\n|teampreview|4\n|\n|t:|1682323157\n|start\n|switch|p1a: Tatsugiri|Tatsugiri, L50, M, shiny|100\/100\n|switch|p1b: Azumarill|Azumarill, L50, F, shiny|100\/100\n|switch|p2a: Tinkaton|Tinkaton, L50, F|100\/100\n|switch|p2b: Bronzong|Bronzong, L50|100\/100\n|turn|1\n|\n|t:|1682323178\n|move|p1a: Tatsugiri|Protect|p1a: Tatsugiri\n|-singleturn|p1a: Tatsugiri|Protect\n|move|p2a: Tinkaton|Fake Out|p1b: Azumarill\n|-crit|p1b: Azumarill\n|-damage|p1b: Azumarill|85\/100\n|cant|p1b: Azumarill|flinch\n|move|p2b: Bronzong|Trick Room|p2b: Bronzong\n|-fieldstart|move: Trick Room|[of] p2b: Bronzong\n|\n|upkeep\n|turn|2\n|\n|t:|1682323192\n|move|p1a: Tatsugiri|Protect||[still]\n|-fail|p1a: Tatsugiri\n|move|p2b: Bronzong|Iron Defense|p2b: Bronzong\n|-boost|p2b: Bronzong|def|2\n|move|p1b: Azumarill|Perish Song|p1b: Azumarill\n|-start|p1a: Tatsugiri|perish3|[silent]\n|-start|p1b: Azumarill|perish3|[silent]\n|-start|p2a: Tinkaton|perish3|[silent]\n|-start|p2b: Bronzong|perish3|[silent]\n|-fieldactivate|move: Perish Song\n|move|p2a: Tinkaton|Gigaton Hammer|p1b: Azumarill\n|-damage|p1b: Azumarill|17\/100\n|\n|-start|p2b: Bronzong|perish3\n|-start|p1b: Azumarill|perish3\n|-start|p2a: Tinkaton|perish3\n|-start|p1a: Tatsugiri|perish3\n|upkeep\n|turn|3\n|\n|t:|1682323215\n|switch|p2b: Gyarados|Gyarados, L50, M|100\/100\n|switch|p1b: Dondozo|Dondozo, L50, F, shiny|100\/100\n|-activate|p1a: Tatsugiri|ability: Commander|[of] p1b: Dondozo\n|-boost|p1b: Dondozo|atk|2\n|-boost|p1b: Dondozo|spa|2\n|-boost|p1b: Dondozo|spe|2\n|-boost|p1b: Dondozo|def|2\n|-boost|p1b: Dondozo|spd|2\n|switch|p2a: Amoonguss|Amoonguss, L50, F|100\/100\n|\n|-start|p1a: Tatsugiri|perish2\n|upkeep\n|turn|4\n|\n|t:|1682323243\n|-terastallize|p1b: Dondozo|Dragon\n|move|p2a: Amoonguss|Spore|p1b: Dondozo\n|-status|p1b: Dondozo|slp|[from] move: Spore\n|cant|p1b: Dondozo|slp\n|move|p2b: Gyarados|Dragon Dance|p2b: Gyarados\n|-boost|p2b: Gyarados|atk|1\n|-boost|p2b: Gyarados|spe|1\n|\n|-start|p1a: Tatsugiri|perish1\n|upkeep\n|turn|5\n|\n|t:|1682323261\n|switch|p2a: Tinkaton|Tinkaton, L50, F|100\/100\n|-curestatus|p1b: Dondozo|slp|[msg]\n|move|p1b: Dondozo|Protect|p1b: Dondozo\n|-singleturn|p1b: Dondozo|Protect\n|move|p2b: Gyarados|Dragon Dance|p2b: Gyarados\n|-boost|p2b: Gyarados|atk|1\n|-boost|p2b: Gyarados|spe|1\n|\n|-start|p1a: Tatsugiri|perish0\n|-fieldend|move: Trick Room\n|faint|p1a: Tatsugiri\n|upkeep\n|\n|t:|1682323273\n|switch|p1a: Flamigo|Flamigo, L50, F, shiny|100\/100\n|-copyboost|p1a: Flamigo|p1b: Dondozo|[from] ability: Costar\n|turn|6\n|\n|t:|1682323296\n|move|p2a: Tinkaton|Fake Out|p1a: Flamigo\n|-damage|p1a: Flamigo|94\/100\n|move|p2b: Gyarados|Waterfall|p1a: Flamigo\n|-damage|p1a: Flamigo|46\/100\n|cant|p1a: Flamigo|flinch\n|move|p1b: Dondozo|Order Up|p2b: Gyarados\n|-damage|p2b: Gyarados|33\/100\n|-boost|p1b: Dondozo|atk|1\n|\n|upkeep\n|turn|7\n|\n|t:|1682323319\n|move|p2b: Gyarados|Waterfall|p1a: Flamigo\n|-damage|p1a: Flamigo|0 fnt\n|faint|p1a: Flamigo\n|-ability|p2b: Gyarados|Moxie|boost\n|-boost|p2b: Gyarados|atk|1\n|move|p1b: Dondozo|Order Up|p2a: Tinkaton\n|-immune|p2a: Tinkaton\n|move|p2a: Tinkaton|Ice Hammer|p1b: Dondozo|[miss]\n|-miss|p2a: Tinkaton|p1b: Dondozo\n|\n|upkeep\n|\n|t:|1682323332\n|switch|p1a: Azumarill|Azumarill, L50, F, shiny|17\/100\n|turn|8\n|\n|t:|1682323347\n|move|p2b: Gyarados|Protect|p2b: Gyarados\n|-singleturn|p2b: Gyarados|Protect\n|move|p1b: Dondozo|Order Up|p2b: Gyarados\n|-activate|p2b: Gyarados|move: Protect\n|move|p2a: Tinkaton|Gigaton Hammer|p1a: Azumarill\n|-crit|p1a: Azumarill\n|-damage|p1a: Azumarill|0 fnt\n|faint|p1a: Azumarill\n|\n|upkeep\n|turn|9\n|\n|t:|1682323365\n|move|p2b: Gyarados|Crunch|p1b: Dondozo\n|-damage|p1b: Dondozo|92\/100\n|move|p1b: Dondozo|Order Up|p2b: Gyarados\n|-damage|p2b: Gyarados|0 fnt\n|faint|p2b: Gyarados\n|-boost|p1b: Dondozo|atk|1\n|move|p2a: Tinkaton|Ice Hammer|p1b: Dondozo\n|-supereffective|p1b: Dondozo\n|-damage|p1b: Dondozo|74\/100\n|-unboost|p2a: Tinkaton|spe|1\n|\n|-heal|p1b: Dondozo|80\/100|[from] item: Leftovers\n|upkeep\n|\n|t:|1682323379\n|switch|p2b: Bronzong|Bronzong, L50|100\/100\n|turn|10\n|\n|t:|1682323388\n|move|p1b: Dondozo|Order Up|p2b: Bronzong\n|-resisted|p2b: Bronzong\n|-damage|p2b: Bronzong|67\/100\n|-boost|p1b: Dondozo|atk|1\n|move|p2a: Tinkaton|Gigaton Hammer|p1b: Dondozo\n|-damage|p1b: Dondozo|60\/100\n|move|p2b: Bronzong|Trick Room|p2b: Bronzong\n|-fieldstart|move: Trick Room|[of] p2b: Bronzong\n|\n|-heal|p2b: Bronzong|73\/100|[from] item: Leftovers\n|-heal|p1b: Dondozo|66\/100|[from] item: Leftovers\n|upkeep\n|turn|11\n|\n|t:|1682323408\n|move|p2b: Bronzong|Iron Defense|p2b: Bronzong\n|-boost|p2b: Bronzong|def|2\n|move|p2a: Tinkaton|Ice Hammer|p1b: Dondozo\n|-supereffective|p1b: Dondozo\n|-crit|p1b: Dondozo\n|-damage|p1b: Dondozo|18\/100\n|-unboost|p2a: Tinkaton|spe|1\n|move|p1b: Dondozo|Liquidation|p2a: Tinkaton\n|-damage|p2a: Tinkaton|0 fnt\n|faint|p2a: Tinkaton\n|\n|-heal|p2b: Bronzong|79\/100|[from] item: Leftovers\n|-heal|p1b: Dondozo|24\/100|[from] item: Leftovers\n|upkeep\n|\n|t:|1682323421\n|switch|p2a: Amoonguss|Amoonguss, L50, F|100\/100\n|turn|12\n|\n|t:|1682323429\n|move|p2a: Amoonguss|Spore|p1b: Dondozo\n|-status|p1b: Dondozo|slp|[from] move: Spore\n|move|p2b: Bronzong|Iron Defense|p2b: Bronzong\n|-boost|p2b: Bronzong|def|2\n|cant|p1b: Dondozo|slp\n|\n|-heal|p2b: Bronzong|84\/100|[from] item: Leftovers\n|-heal|p1b: Dondozo|30\/100 slp|[from] item: Leftovers\n|upkeep\n|turn|13\n|\n|t:|1682323443\n|move|p2a: Amoonguss|Pollen Puff|p1b: Dondozo\n|-damage|p1b: Dondozo|22\/100 slp\n|move|p2b: Bronzong|Body Press|p1b: Dondozo\n|-damage|p1b: Dondozo|14\/100 slp\n|-curestatus|p1b: Dondozo|slp|[msg]\n|move|p1b: Dondozo|Order Up|p2a: Amoonguss\n|-damage|p2a: Amoonguss|1\/100\n|-boost|p1b: Dondozo|atk|1\n|\n|-heal|p2a: Amoonguss|7\/100|[from] item: Black Sludge\n|-heal|p2b: Bronzong|90\/100|[from] item: Leftovers\n|-heal|p1b: Dondozo|20\/100|[from] item: Leftovers\n|upkeep\n|turn|14\n|\n|t:|1682323462\n|move|p2a: Amoonguss|Protect|p2a: Amoonguss\n|-singleturn|p2a: Amoonguss|Protect\n|move|p1b: Dondozo|Protect|p1b: Dondozo\n|-singleturn|p1b: Dondozo|Protect\n|move|p2b: Bronzong|Iron Defense|p2b: Bronzong\n|-boost|p2b: Bronzong|def|2\n|\n|-heal|p2a: Amoonguss|13\/100|[from] item: Black Sludge\n|-heal|p2b: Bronzong|96\/100|[from] item: Leftovers\n|-heal|p1b: Dondozo|27\/100|[from] item: Leftovers\n|-fieldend|move: Trick Room\n|upkeep\n|turn|15\n|\n|t:|1682323492\n|move|p2a: Amoonguss|Rage Powder|p2a: Amoonguss\n|-singleturn|p2a: Amoonguss|move: Rage Powder\n|move|p1b: Dondozo|Order Up|p2a: Amoonguss\n|-damage|p2a: Amoonguss|0 fnt\n|faint|p2a: Amoonguss\n|-boost|p1b: Dondozo|atk|0\n|move|p2b: Bronzong|Body Press|p1b: Dondozo\n|-damage|p1b: Dondozo|18\/100\n|\n|-heal|p1b: Dondozo|24\/100|[from] item: Leftovers\n|-heal|p2b: Bronzong|100\/100|[from] item: Leftovers\n|upkeep\n|turn|16\n|\n|t:|1682323511\n|move|p1b: Dondozo|Liquidation|p2b: Bronzong\n|-damage|p2b: Bronzong|9\/100\n|move|p2b: Bronzong|Body Press|p1b: Dondozo\n|-damage|p1b: Dondozo|15\/100\n|\n|-heal|p1b: Dondozo|22\/100|[from] item: Leftovers\n|-heal|p2b: Bronzong|14\/100|[from] item: Leftovers\n|upkeep\n|turn|17\n|\n|t:|1682323522\n|move|p1b: Dondozo|Order Up|p2b: Bronzong\n|-resisted|p2b: Bronzong\n|-damage|p2b: Bronzong|0 fnt\n|faint|p2b: Bronzong\n|\n|win|thihehe10\n|raw|thihehe10's rating: 1092 → 1117<\/strong> (+25 for winning)\n|raw|munch9876's rating: 1070 → 1051<\/strong> (-19 for losing)\n|l|\u2606munch9876\n","uploadtime":1682323768,"views":23,"p1id":"thihehe10","p2id":"munch9876","formatid":"gen9vgc2023regulationc","rating":1051,"private":0,"password":""}