{"id":"gen9vgc2023regulationc-1861258696","p1":"Ou Ramse","p2":"littensalt","format":"[Gen 9] VGC 2023 Regulation C","log":"|j|\u2606Ou Ramse\n|j|\u2606littensalt\n|t:|1683740220\n|gametype|doubles\n|player|p1|Ou Ramse|bugsy|1118\n|player|p2|littensalt|hugh|1058\n|teamsize|p1|6\n|teamsize|p2|6\n|gen|9\n|tier|[Gen 9] VGC 2023 Regulation C\n|rated|\n|rule|Species Clause: Limit one of each Pok\u00e9mon\n|rule|Item Clause: Limit one of each item\n|clearpoke\n|poke|p1|Tyranitar, L50, F|\n|poke|p1|Dragonite, L50, M|\n|poke|p1|Arcanine, L50, F|\n|poke|p1|Chien-Pao, L50|\n|poke|p1|Toxicroak, L50, M|\n|poke|p1|Stonjourner, L50, F|\n|poke|p2|Indeedee-F, L50, F|\n|poke|p2|Armarouge, L50, F|\n|poke|p2|Gholdengo, L50|\n|poke|p2|Murkrow, L50, M|\n|poke|p2|Meowscarada, L50, M|\n|poke|p2|Great Tusk, L50|\n|teampreview|4\n|inactive|Battle timer is ON: inactive players will automatically lose when time's up. (requested by Ou Ramse)\n|inactive|Ou Ramse has 60 seconds left.\n|\n|t:|1683740254\n|start\n|switch|p1a: Stonjourner|Stonjourner, L50, F|100\/100\n|switch|p1b: Arcanine|Arcanine, L50, F|100\/100\n|switch|p2a: Indeedee|Indeedee-F, L50, F|100\/100\n|switch|p2b: Armarouge|Armarouge, L50, F|100\/100\n|-ability|p1b: Arcanine|Intimidate|boost\n|-unboost|p2a: Indeedee|atk|1\n|-unboost|p2b: Armarouge|atk|1\n|-fieldstart|move: Psychic Terrain|[from] ability: Psychic Surge|[of] p2a: Indeedee\n|-enditem|p2a: Indeedee|Psychic Seed\n|-boost|p2a: Indeedee|spd|1|[from] item: Psychic Seed\n|turn|1\n|\n|t:|1683740271\n|move|p1b: Arcanine|Snarl|p2a: Indeedee|[spread] p2a,p2b\n|-supereffective|p2a: Indeedee\n|-supereffective|p2b: Armarouge\n|-crit|p2b: Armarouge\n|-damage|p2a: Indeedee|89\/100\n|-damage|p2b: Armarouge|65\/100\n|-unboost|p2a: Indeedee|spa|1\n|-unboost|p2b: Armarouge|spa|1\n|move|p1a: Stonjourner|Rock Slide|p2a: Indeedee|[spread] p2a,p2b\n|-supereffective|p2b: Armarouge\n|-damage|p2a: Indeedee|55\/100\n|-damage|p2b: Armarouge|36\/100\n|move|p2b: Armarouge|Expanding Force|p1a: Stonjourner|[spread] p1a,p1b\n|-crit|p1b: Arcanine\n|-damage|p1a: Stonjourner|48\/100\n|-damage|p1b: Arcanine|0 fnt\n|faint|p1b: Arcanine\n|-damage|p2b: Armarouge|26\/100|[from] item: Life Orb\n|cant|p2a: Indeedee|flinch\n|\n|upkeep\n|\n|t:|1683740286\n|switch|p1b: Tyranitar|Tyranitar, L50, F|100\/100\n|-weather|Sandstorm|[from] ability: Sand Stream|[of] p1b: Tyranitar\n|turn|2\n|\n|t:|1683740312\n|move|p2a: Indeedee|Helping Hand|p2b: Armarouge\n|-singleturn|p2b: Armarouge|Helping Hand|[of] p2a: Indeedee\n|move|p1b: Tyranitar|Crunch|p2a: Indeedee\n|-supereffective|p2a: Indeedee\n|-damage|p2a: Indeedee|0 fnt\n|faint|p2a: Indeedee\n|move|p1a: Stonjourner|Rock Slide|p2b: Armarouge\n|-supereffective|p2b: Armarouge\n|-damage|p2b: Armarouge|0 fnt\n|faint|p2b: Armarouge\n|\n|-weather|Sandstorm|[upkeep]\n|upkeep\n|\n|t:|1683740325\n|switch|p2a: Gholdengo|Gholdengo, L50|100\/100\n|switch|p2b: Great Tusk|Great Tusk, L50|100\/100\n|-enditem|p2b: Great Tusk|Booster Energy\n|-activate|p2b: Great Tusk|ability: Protosynthesis|[fromitem]\n|-start|p2b: Great Tusk|protosynthesisatk\n|turn|3\n|inactive|Ou Ramse has 30 seconds left.\n|\n|t:|1683740355\n|-terastallize|p1b: Tyranitar|Flying\n|move|p2b: Great Tusk|Close Combat|p1b: Tyranitar\n|-resisted|p1b: Tyranitar\n|-damage|p1b: Tyranitar|62\/100\n|-unboost|p2b: Great Tusk|def|1\n|-unboost|p2b: Great Tusk|spd|1\n|move|p2a: Gholdengo|Nasty Plot|p2a: Gholdengo\n|-boost|p2a: Gholdengo|spa|2\n|move|p1b: Tyranitar|Tera Blast|p2b: Great Tusk\n|-supereffective|p2b: Great Tusk\n|-damage|p2b: Great Tusk|0 fnt\n|faint|p2b: Great Tusk\n|-end|p2b: Great Tusk|Protosynthesis|[silent]\n|move|p1a: Stonjourner|Body Press|p2a: Gholdengo\n|-immune|p2a: Gholdengo\n|\n|-weather|Sandstorm|[upkeep]\n|-damage|p1b: Tyranitar|57\/100|[from] Sandstorm\n|-heal|p1b: Tyranitar|62\/100|[from] item: Leftovers\n|upkeep\n|turn|4\n|inactive|Ou Ramse has 30 seconds left.\n|inactive|Ou Ramse has 20 seconds left.\n|\n|t:|1683740391\n|-terastallize|p2a: Gholdengo|Steel\n|move|p1b: Tyranitar|Protect|p1b: Tyranitar\n|-singleturn|p1b: Tyranitar|Protect\n|move|p2a: Gholdengo|Make It Rain|p1b: Tyranitar|[spread] p1a\n|-activate|p1b: Tyranitar|move: Protect\n|-supereffective|p1a: Stonjourner\n|-crit|p1a: Stonjourner\n|-damage|p1a: Stonjourner|0 fnt\n|-unboost|p2a: Gholdengo|spa|1\n|faint|p1a: Stonjourner\n|\n|-weather|Sandstorm|[upkeep]\n|-damage|p1b: Tyranitar|57\/100|[from] Sandstorm\n|-heal|p1b: Tyranitar|62\/100|[from] item: Leftovers\n|upkeep\n|\n|t:|1683740405\n|switch|p1a: Dragonite|Dragonite, L50, M|100\/100\n|turn|5\n|\n|t:|1683740420\n|move|p2a: Gholdengo|Make It Rain|p1a: Dragonite|[spread] p1a,p1b\n|-damage|p1a: Dragonite|50\/100\n|-damage|p1b: Tyranitar|0 fnt\n|-unboost|p2a: Gholdengo|spa|1\n|faint|p1b: Tyranitar\n|move|p1a: Dragonite|Low Kick|p2a: Gholdengo\n|-supereffective|p2a: Gholdengo\n|-damage|p2a: Gholdengo|51\/100\n|\n|-weather|Sandstorm|[upkeep]\n|-damage|p1a: Dragonite|44\/100|[from] Sandstorm\n|-heal|p2a: Gholdengo|57\/100|[from] item: Leftovers\n|-fieldend|move: Psychic Terrain\n|upkeep\n|turn|6\n|\n|t:|1683740434\n|move|p2a: Gholdengo|Make It Rain|p1a: Dragonite\n|-damage|p1a: Dragonite|0 fnt\n|-unboost|p2a: Gholdengo|spa|1\n|faint|p1a: Dragonite\n|\n|win|littensalt\n|raw|Ou Ramse's rating: 1118 → 1089<\/strong> (-29 for losing)\n|raw|littensalt's rating: 1058 → 1095<\/strong> (+37 for winning)\n|c|\u2606littensalt|gg\n|l|\u2606Ou Ramse\n","uploadtime":1683740444,"views":9,"p1id":"ouramse","p2id":"littensalt","formatid":"gen9vgc2023regulationc","rating":1089,"private":0,"password":""}