{"id":"gen9vgc2023regulationc-1861891567","p1":"ee123","p2":"XinBluQAQ","format":"[Gen 9] VGC 2023 Regulation C","log":"|j|\u2606ee123\n|j|\u2606XinBluQAQ\n|t:|1683818417\n|gametype|doubles\n|player|p1|ee123|lady|1363\n|player|p2|XinBluQAQ|shadowtriad|1329\n|teamsize|p1|6\n|teamsize|p2|6\n|gen|9\n|tier|[Gen 9] VGC 2023 Regulation C\n|rated|\n|rule|Species Clause: Limit one of each Pok\u00e9mon\n|rule|Item Clause: Limit one of each item\n|clearpoke\n|poke|p1|Palafin, L50, M|\n|poke|p1|Dragapult, L50, M|\n|poke|p1|Chien-Pao, L50|\n|poke|p1|Amoonguss, L50, M|\n|poke|p1|Flutter Mane, L50|\n|poke|p1|Arcanine, L50, M|\n|poke|p2|Iron Bundle, L50|\n|poke|p2|Dondozo, L50, F|\n|poke|p2|Tatsugiri, L50, M|\n|poke|p2|Glimmora, L50, F|\n|poke|p2|Dragonite, L50, F|\n|poke|p2|Chi-Yu, L50|\n|teampreview|4\n|inactive|Battle timer is ON: inactive players will automatically lose when time's up. (requested by ee123)\n|inactive|ee123 has 60 seconds left.\n|inactive|XinBluQAQ has 60 seconds left.\n|\n|t:|1683818457\n|start\n|switch|p1a: Flutter Mane|Flutter Mane, L50|100\/100\n|switch|p1b: Palafin|Palafin, L50, M|100\/100\n|switch|p2a: Iron Bundle|Iron Bundle, L50|100\/100\n|switch|p2b: Chi-Yu|Chi-Yu, L50|100\/100\n|-ability|p2b: Chi-Yu|Beads of Ruin\n|-enditem|p2a: Iron Bundle|Booster Energy\n|-activate|p2a: Iron Bundle|ability: Quark Drive|[fromitem]\n|-start|p2a: Iron Bundle|quarkdrivespe\n|-enditem|p1a: Flutter Mane|Booster Energy\n|-activate|p1a: Flutter Mane|ability: Protosynthesis|[fromitem]\n|-start|p1a: Flutter Mane|protosynthesisspe\n|turn|1\n|\n|t:|1683818477\n|detailschange|p1b: Palafin|Palafin-Hero, L50, M\n|switch|p1b: Amoonguss|Amoonguss, L50, M|100\/100\n|-terastallize|p1a: Flutter Mane|Fairy\n|move|p2a: Iron Bundle|Icy Wind|p1b: Amoonguss|[spread] p1a\n|-miss|p2a: Iron Bundle|p1b: Amoonguss\n|-damage|p1a: Flutter Mane|77\/100\n|-unboost|p1a: Flutter Mane|spe|1\n|move|p1a: Flutter Mane|Dazzling Gleam|p2b: Chi-Yu|[spread] p2a,p2b\n|-damage|p2a: Iron Bundle|21\/100\n|-damage|p2b: Chi-Yu|59\/100\n|move|p2b: Chi-Yu|Heat Wave|p1a: Flutter Mane|[spread] p1a,p1b\n|-supereffective|p1b: Amoonguss\n|-damage|p1a: Flutter Mane|29\/100\n|-damage|p1b: Amoonguss|18\/100\n|-status|p1a: Flutter Mane|brn\n|-enditem|p1b: Amoonguss|Sitrus Berry|[eat]\n|-heal|p1b: Amoonguss|43\/100|[from] item: Sitrus Berry\n|\n|-damage|p1a: Flutter Mane|24\/100 brn|[from] brn\n|upkeep\n|turn|2\n|inactive|ee123 has 30 seconds left.\n|inactive|XinBluQAQ has 30 seconds left.\n|\n|t:|1683818506\n|switch|p1b: Arcanine|Arcanine, L50, M|100\/100\n|-ability|p1b: Arcanine|Intimidate|boost\n|-unboost|p2a: Iron Bundle|atk|1\n|-unboost|p2b: Chi-Yu|atk|1\n|move|p1a: Flutter Mane|Protect|p1a: Flutter Mane\n|-singleturn|p1a: Flutter Mane|Protect\n|move|p2a: Iron Bundle|Icy Wind|p1b: Arcanine|[spread] p1b\n|-activate|p1a: Flutter Mane|move: Protect\n|-resisted|p1b: Arcanine\n|-damage|p1b: Arcanine|88\/100\n|-unboost|p1b: Arcanine|spe|1\n|move|p2b: Chi-Yu|Heat Wave|p1a: Flutter Mane|[spread] p1b\n|-activate|p1a: Flutter Mane|move: Protect\n|-resisted|p1b: Arcanine\n|-damage|p1b: Arcanine|59\/100\n|\n|-damage|p1a: Flutter Mane|18\/100 brn|[from] brn\n|upkeep\n|turn|3\n|inactive|XinBluQAQ has 30 seconds left.\n|\n|t:|1683818539\n|move|p1b: Arcanine|Extreme Speed|p2a: Iron Bundle\n|-damage|p2a: Iron Bundle|0 fnt\n|faint|p2a: Iron Bundle\n|-end|p2a: Iron Bundle|Quark Drive|[silent]\n|move|p1a: Flutter Mane|Moonblast|p2b: Chi-Yu\n|-damage|p2b: Chi-Yu|0 fnt\n|faint|p2b: Chi-Yu\n|\n|-damage|p1a: Flutter Mane|12\/100 brn|[from] brn\n|upkeep\n|\n|t:|1683818548\n|switch|p2a: Dragonite|Dragonite, L50, F|100\/100\n|switch|p2b: Dondozo|Dondozo, L50, F|100\/100\n|turn|4\n|inactive|XinBluQAQ has 30 seconds left.\n|inactive|XinBluQAQ has 20 seconds left.\n|\n|t:|1683818585\n|switch|p1b: Amoonguss|Amoonguss, L50, M|76\/100\n|move|p1a: Flutter Mane|Protect|p1a: Flutter Mane\n|-singleturn|p1a: Flutter Mane|Protect\n|move|p2a: Dragonite|Extreme Speed|p1a: Flutter Mane\n|-activate|p1a: Flutter Mane|move: Protect\n|move|p2b: Dondozo|Wave Crash|p1b: Amoonguss\n|-resisted|p1b: Amoonguss\n|-damage|p1b: Amoonguss|55\/100\n|-damage|p2b: Dondozo|93\/100|[from] Recoil\n|\n|-heal|p2b: Dondozo|99\/100|[from] item: Leftovers\n|-damage|p1a: Flutter Mane|7\/100 brn|[from] brn\n|upkeep\n|turn|5\n|inactive|XinBluQAQ has 30 seconds left.\n|inactive|XinBluQAQ has 20 seconds left.\n|inactive|XinBluQAQ has 15 seconds left.\n|\n|t:|1683818629\n|-terastallize|p2b: Dondozo|Grass\n|move|p2a: Dragonite|Extreme Speed|p1a: Flutter Mane\n|-damage|p1a: Flutter Mane|0 fnt\n|faint|p1a: Flutter Mane\n|-end|p1a: Flutter Mane|Protosynthesis|[silent]\n|move|p1b: Amoonguss|Rage Powder|p1b: Amoonguss\n|-singleturn|p1b: Amoonguss|move: Rage Powder\n|move|p2b: Dondozo|Wave Crash|p1b: Amoonguss\n|-resisted|p1b: Amoonguss\n|-damage|p1b: Amoonguss|30\/100\n|-damage|p2b: Dondozo|92\/100|[from] Recoil\n|\n|-heal|p2b: Dondozo|98\/100|[from] item: Leftovers\n|upkeep\n|\n|t:|1683818637\n|switch|p1a: Arcanine|Arcanine, L50, M|59\/100\n|-ability|p1a: Arcanine|Intimidate|boost\n|-unboost|p2a: Dragonite|atk|1\n|-unboost|p2b: Dondozo|atk|1\n|turn|6\n|inactive|ee123 has 30 seconds left.\n|inactive|XinBluQAQ has 30 seconds left.\n|inactive|XinBluQAQ has 20 seconds left.\n|\n|t:|1683818680\n|switch|p1b: Palafin|Palafin-Hero, L50, M|100\/100\n|-activate|p1b: Palafin|ability: Zero to Hero\n|move|p2a: Dragonite|Extreme Speed|p1a: Arcanine\n|-damage|p1a: Arcanine|22\/100\n|move|p1a: Arcanine|Will-O-Wisp|p2a: Dragonite\n|-status|p2a: Dragonite|brn\n|move|p2b: Dondozo|Wave Crash|p1a: Arcanine\n|-supereffective|p1a: Arcanine\n|-crit|p1a: Arcanine\n|-damage|p1a: Arcanine|0 fnt\n|faint|p1a: Arcanine\n|-damage|p2b: Dondozo|92\/100|[from] Recoil\n|\n|-heal|p2b: Dondozo|98\/100|[from] item: Leftovers\n|-damage|p2a: Dragonite|95\/100 brn|[from] brn\n|upkeep\n|\n|t:|1683818690\n|switch|p1a: Amoonguss|Amoonguss, L50, M|64\/100\n|turn|7\n|\n|t:|1683818715\n|move|p1a: Amoonguss|Protect|p1a: Amoonguss\n|-singleturn|p1a: Amoonguss|Protect\n|move|p2a: Dragonite|Extreme Speed|p1a: Amoonguss\n|-activate|p1a: Amoonguss|move: Protect\n|move|p1b: Palafin|Wave Crash|p2a: Dragonite\n|-resisted|p2a: Dragonite\n|-damage|p2a: Dragonite|48\/100 brn\n|-damage|p1b: Palafin|86\/100|[from] Recoil\n|move|p2b: Dondozo|Tera Blast|p1b: Palafin\n|-supereffective|p1b: Palafin\n|-damage|p1b: Palafin|44\/100\n|\n|-heal|p2b: Dondozo|100\/100|[from] item: Leftovers\n|-damage|p2a: Dragonite|42\/100 brn|[from] brn\n|upkeep\n|turn|8\n|inactive|XinBluQAQ has 30 seconds left.\n|inactive|XinBluQAQ has 20 seconds left.\n|inactive|XinBluQAQ has 15 seconds left.\n|\n|t:|1683818758\n|move|p2a: Dragonite|Extreme Speed|p1a: Amoonguss\n|-damage|p1a: Amoonguss|50\/100\n|move|p1b: Palafin|Jet Punch|p2a: Dragonite\n|-resisted|p2a: Dragonite\n|-damage|p2a: Dragonite|18\/100 brn\n|move|p2b: Dondozo|Tera Blast|p1b: Palafin\n|-supereffective|p1b: Palafin\n|-damage|p1b: Palafin|0 fnt\n|faint|p1b: Palafin\n|move|p1a: Amoonguss|Pollen Puff|p1: Palafin|[notarget]\n|-fail|p1a: Amoonguss\n|\n|-damage|p2a: Dragonite|13\/100 brn|[from] brn\n|upkeep\n|turn|9\n|-message|ee123 forfeited.\n|\n|win|XinBluQAQ\n|raw|ee123's rating: 1363 → 1341<\/strong> (-22 for losing)\n|raw|XinBluQAQ's rating: 1329 → 1351<\/strong> (+22 for winning)\n|l|\u2606ee123\n","uploadtime":1683818776,"views":13,"p1id":"ee123","p2id":"xinbluqaq","formatid":"gen9vgc2023regulationc","rating":1341,"private":0,"password":""}