{"id":"gen9vgc2023regulationc-1857006249","p1":"andresespin","p2":"NicoHaxVGC","format":"[Gen 9] VGC 2023 Regulation C","log":"|j|\u2606andresespin\n|j|\u2606NicoHaxVGC\n|t:|1683135936\n|gametype|doubles\n|player|p1|andresespin|2|1274\n|player|p2|NicoHaxVGC|red|1215\n|teamsize|p1|6\n|teamsize|p2|6\n|gen|9\n|tier|[Gen 9] VGC 2023 Regulation C\n|rated|\n|rule|Species Clause: Limit one of each Pok\u00e9mon\n|rule|Item Clause: Limit one of each item\n|clearpoke\n|poke|p1|Murkrow, L50, M|\n|poke|p1|Great Tusk, L50|\n|poke|p1|Corviknight, L50, F|\n|poke|p1|Chi-Yu, L50|\n|poke|p1|Flutter Mane, L50|\n|poke|p1|Brute Bonnet, L50|\n|poke|p2|Corviknight, L50, F|\n|poke|p2|Ting-Lu, L50|\n|poke|p2|Annihilape, L50, M|\n|poke|p2|Maushold, L50|\n|poke|p2|Iron Bundle, L50|\n|poke|p2|Flutter Mane, L50|\n|teampreview|4\n|inactive|Battle timer is ON: inactive players will automatically lose when time's up. (requested by NicoHaxVGC)\nandresespin has agreed to open team sheets.\n|inactive|NicoHaxVGC has 60 seconds left.\n|\n|t:|1683135990\n|start\n|switch|p1a: Great Tusk|Great Tusk, L50|100\/100\n|switch|p1b: Murkrow|Murkrow, L50, M|100\/100\n|switch|p2a: Star fire|Flutter Mane, L50|100\/100\n|switch|p2b: Cyborg|Iron Bundle, L50|100\/100\n|-enditem|p2b: Cyborg|Booster Energy\n|-activate|p2b: Cyborg|ability: Quark Drive|[fromitem]\n|-start|p2b: Cyborg|quarkdrivespe\n|turn|1\n|\n|t:|1683136015\n|-end|p2a: Star fire|Protosynthesis|[silent]\n|switch|p2a: Raven|Corviknight, L50, F|100\/100\n|-terastallize|p1a: Great Tusk|Ground\n|move|p1b: Murkrow|Tailwind|p1b: Murkrow\n|-sidestart|p1: andresespin|move: Tailwind\n|move|p1a: Great Tusk|Earthquake|p2a: Raven|[spread] p2b\n|-immune|p1b: Murkrow\n|-immune|p2a: Raven\n|-damage|p2b: Cyborg|45\/100\n|move|p2b: Cyborg|Icy Wind|p1a: Great Tusk|[spread] p1a,p1b\n|-supereffective|p1a: Great Tusk\n|-supereffective|p1b: Murkrow\n|-damage|p1a: Great Tusk|44\/100\n|-damage|p1b: Murkrow|57\/100\n|-unboost|p1a: Great Tusk|spe|1\n|-unboost|p1b: Murkrow|spe|1\n|\n|upkeep\n|turn|2\n|\n|t:|1683136035\n|move|p2b: Cyborg|Protect|p2b: Cyborg\n|-singleturn|p2b: Cyborg|Protect\n|move|p1b: Murkrow|Haze|p1b: Murkrow\n|-clearallboost\n|move|p1a: Great Tusk|Earthquake|p2b: Cyborg|[spread] \n|-activate|p2b: Cyborg|move: Protect\n|-immune|p1b: Murkrow\n|-immune|p2a: Raven\n|move|p2a: Raven|Brave Bird|p1a: Great Tusk\n|-damage|p1a: Great Tusk|14\/100\n|-damage|p2a: Raven|91\/100|[from] Recoil\n|\n|upkeep\n|turn|3\n|\n|t:|1683136053\n|-end|p2b: Cyborg|Quark Drive|[silent]\n|switch|p2b: Beast boy|Ting-Lu, L50|100\/100\n|-ability|p2b: Beast boy|Vessel of Ruin\n|move|p1b: Murkrow|Sunny Day|p1b: Murkrow\n|-weather|SunnyDay\n|-activate|p1a: Great Tusk|ability: Protosynthesis\n|-start|p1a: Great Tusk|protosynthesisatk\n|move|p1a: Great Tusk|Earthquake|p2b: Beast boy|[spread] p2b\n|-immune|p1b: Murkrow\n|-immune|p2a: Raven\n|-damage|p2b: Beast boy|60\/100\n|move|p2a: Raven|Tailwind|p2a: Raven\n|-sidestart|p2: NicoHaxVGC|move: Tailwind\n|\n|-weather|SunnyDay|[upkeep]\n|upkeep\n|turn|4\n|\n|t:|1683136078\n|-end|p1a: Great Tusk|Protosynthesis|[silent]\n|switch|p1a: Corviknight|Corviknight, L50, F|100\/100\n|move|p1b: Murkrow|Foul Play|p2a: Raven\n|-crit|p2a: Raven\n|-damage|p2a: Raven|49\/100\n|move|p2a: Raven|Brave Bird|p1a: Corviknight\n|-resisted|p1a: Corviknight\n|-damage|p1a: Corviknight|81\/100\n|-damage|p2a: Raven|43\/100|[from] Recoil\n|move|p2b: Beast boy|Rock Slide|p1a: Corviknight|[spread] p1a,p1b\n|-supereffective|p1b: Murkrow\n|-damage|p1a: Corviknight|67\/100\n|-damage|p1b: Murkrow|0 fnt\n|faint|p1b: Murkrow\n|\n|-weather|SunnyDay|[upkeep]\n|-sideend|p1: andresespin|move: Tailwind\n|upkeep\n|\n|t:|1683136087\n|switch|p1b: Chi-Yu|Chi-Yu, L50|100\/100\n|-ability|p1b: Chi-Yu|Beads of Ruin\n|turn|5\n|inactive|NicoHaxVGC has 30 seconds left.\n|inactive|NicoHaxVGC has 20 seconds left.\n|inactive|NicoHaxVGC has 15 seconds left.\n|inactive|NicoHaxVGC has 10 seconds left.\n|\n|t:|1683136135\n|move|p1b: Chi-Yu|Protect|p1b: Chi-Yu\n|-singleturn|p1b: Chi-Yu|Protect\n|move|p2a: Raven|Iron Head|p1b: Chi-Yu\n|-activate|p1b: Chi-Yu|move: Protect\n|move|p2b: Beast boy|Stomping Tantrum|p1b: Chi-Yu\n|-activate|p1b: Chi-Yu|move: Protect\n|move|p1a: Corviknight|U-turn|p2b: Beast boy\n|-supereffective|p2b: Beast boy\n|-damage|p2b: Beast boy|27\/100\n|\n|t:|1683136145\n|switch|p1a: Great Tusk|Great Tusk, L50, tera:Ground|14\/100|[from] U-turn\n|-activate|p1a: Great Tusk|ability: Protosynthesis\n|-start|p1a: Great Tusk|protosynthesisatk\n|\n|-weather|SunnyDay|[upkeep]\n|upkeep\n|turn|6\n|inactive|NicoHaxVGC has 30 seconds left.\n|inactive|NicoHaxVGC has 20 seconds left.\n|\n|t:|1683136182\n|switch|p1b: Corviknight|Corviknight, L50, F|67\/100\n|-terastallize|p2b: Beast boy|Grass\n|move|p1a: Great Tusk|Rock Slide|p2b: Beast boy|[spread] p2b\n|-miss|p1a: Great Tusk|p2a: Raven\n|-damage|p2b: Beast boy|13\/100\n|move|p2a: Raven|Brave Bird|p1a: Great Tusk\n|-damage|p1a: Great Tusk|0 fnt\n|faint|p1a: Great Tusk\n|-end|p1a: Great Tusk|Protosynthesis|[silent]\n|-damage|p2a: Raven|39\/100|[from] Recoil\n|move|p2b: Beast boy|Stomping Tantrum|p1b: Corviknight\n|-immune|p1b: Corviknight\n|\n|-weather|SunnyDay|[upkeep]\n|-sideend|p2: NicoHaxVGC|move: Tailwind\n|upkeep\n|\n|t:|1683136193\n|switch|p1a: Chi-Yu|Chi-Yu, L50|100\/100\n|-ability|p1a: Chi-Yu|Beads of Ruin\n|turn|7\n|\n|t:|1683136201\n|move|p1a: Chi-Yu|Heat Wave|p2a: Raven|[spread] p2a\n|-miss|p1a: Chi-Yu|p2b: Beast boy\n|-supereffective|p2a: Raven\n|-damage|p2a: Raven|0 fnt\n|faint|p2a: Raven\n|-damage|p1a: Chi-Yu|90\/100|[from] item: Life Orb\n|move|p1b: Corviknight|Brave Bird|p2b: Beast boy\n|-supereffective|p2b: Beast boy\n|-damage|p2b: Beast boy|0 fnt\n|faint|p2b: Beast boy\n|-damage|p1b: Corviknight|61\/100|[from] Recoil\n|\n|-weather|none\n|upkeep\n|\n|t:|1683136210\n|switch|p2a: Cyborg|Iron Bundle, L50|45\/100\n|switch|p2b: Star fire|Flutter Mane, L50|100\/100\n|turn|8\n|\n|t:|1683136218\n|move|p2a: Cyborg|Hydro Pump|p1a: Chi-Yu\n|-supereffective|p1a: Chi-Yu\n|-damage|p1a: Chi-Yu|0 fnt\n|faint|p1a: Chi-Yu\n|move|p2b: Star fire|Thunderbolt|p1b: Corviknight\n|-supereffective|p1b: Corviknight\n|-damage|p1b: Corviknight|0 fnt\n|faint|p1b: Corviknight\n|\n|win|NicoHaxVGC\n|raw|andresespin's rating: 1274 → 1245<\/strong> (-29 for losing)\n|raw|NicoHaxVGC's rating: 1215 → 1244<\/strong> (+29 for winning)\n|l|\u2606andresespin\n","uploadtime":1683136231,"views":23,"p1id":"andresespin","p2id":"nicohaxvgc","formatid":"gen9vgc2023regulationc","rating":1244,"private":0,"password":""}