{"id":"gen9vgc2023regulationc-1858131008","p1":"f1des","p2":"Mortipherus","format":"[Gen 9] VGC 2023 Regulation C","log":"|j|\u2606f1des\n|j|\u2606Mortipherus\n|t:|1683280677\n|gametype|doubles\n|player|p1|f1des|1|1069\n|player|p2|Mortipherus|hooligans|1162\n|teamsize|p1|6\n|teamsize|p2|6\n|gen|9\n|tier|[Gen 9] VGC 2023 Regulation C\n|rated|\n|rule|Species Clause: Limit one of each Pok\u00e9mon\n|rule|Item Clause: Limit one of each item\n|clearpoke\n|poke|p1|Abomasnow, L50, F|\n|poke|p1|Iron Bundle, L50|\n|poke|p1|Orthworm, L50, F|\n|poke|p1|Baxcalibur, L50, F|\n|poke|p1|Amoonguss, L50, F|\n|poke|p1|Arcanine, L50, F|\n|poke|p2|Dondozo, L50, F|\n|poke|p2|Tatsugiri, L50, F|\n|poke|p2|Salamence, L50, F|\n|poke|p2|Amoonguss, L50, M|\n|poke|p2|Ceruledge, L50, M|\n|poke|p2|Iron Valiant, L50|\n|teampreview|4\n|inactive|Battle timer is ON: inactive players will automatically lose when time's up. (requested by f1des)\n|inactive|f1des has 60 seconds left.\n|\n|t:|1683280707\n|start\n|switch|p1a: Amoonguss|Amoonguss, L50, F|100\/100\n|switch|p1b: Orthworm|Orthworm, L50, F|100\/100\n|switch|p2a: Ceruledge|Ceruledge, L50, M|100\/100\n|switch|p2b: Iron Valiant|Iron Valiant, L50|100\/100\n|-enditem|p2b: Iron Valiant|Booster Energy\n|-activate|p2b: Iron Valiant|ability: Quark Drive|[fromitem]\n|-start|p2b: Iron Valiant|quarkdrivespe\n|turn|1\n|\n|t:|1683280726\n|-terastallize|p2a: Ceruledge|Grass\n|move|p2b: Iron Valiant|Protect|p2b: Iron Valiant\n|-singleturn|p2b: Iron Valiant|Protect\n|move|p1b: Orthworm|Protect|p1b: Orthworm\n|-singleturn|p1b: Orthworm|Protect\n|move|p2a: Ceruledge|Bulk Up|p2a: Ceruledge\n|-boost|p2a: Ceruledge|atk|1\n|-boost|p2a: Ceruledge|def|1\n|move|p1a: Amoonguss|Spore|p2a: Ceruledge\n|-immune|p2a: Ceruledge\n|\n|upkeep\n|turn|2\n|\n|t:|1683280742\n|-terastallize|p1b: Orthworm|Fighting\n|move|p2b: Iron Valiant|Aura Sphere|p1b: Orthworm\n|-damage|p1b: Orthworm|34\/100\n|move|p2a: Ceruledge|Bitter Blade|p1b: Orthworm\n|-damage|p1b: Orthworm|0 fnt\n|faint|p1b: Orthworm\n|move|p1a: Amoonguss|Spore|p2b: Iron Valiant\n|-status|p2b: Iron Valiant|slp|[from] move: Spore\n|\n|upkeep\n|\n|t:|1683280766\n|switch|p1b: Iron Bundle|Iron Bundle, L50|100\/100\n|-enditem|p1b: Iron Bundle|Booster Energy\n|-activate|p1b: Iron Bundle|ability: Quark Drive|[fromitem]\n|-start|p1b: Iron Bundle|quarkdrivespe\n|turn|3\n|\n|t:|1683280787\n|switch|p1a: Abomasnow|Abomasnow, L50, F|100\/100\n|-weather|Snow|[from] ability: Snow Warning|[of] p1a: Abomasnow\n|move|p1b: Iron Bundle|Blizzard|p2b: Iron Valiant|[spread] p2a,p2b\n|-supereffective|p2a: Ceruledge\n|-damage|p2a: Ceruledge|21\/100\n|-damage|p2b: Iron Valiant|24\/100 slp\n|cant|p2b: Iron Valiant|slp\n|move|p2a: Ceruledge|Bitter Blade|p1a: Abomasnow\n|-supereffective|p1a: Abomasnow\n|-damage|p1a: Abomasnow|0 fnt\n|-heal|p2a: Ceruledge|75\/100|[from] drain|[of] p1a: Abomasnow\n|faint|p1a: Abomasnow\n|\n|-weather|Snow|[upkeep]\n|-heal|p2a: Ceruledge|81\/100|[from] item: Leftovers\n|upkeep\n|\n|t:|1683280805\n|switch|p1a: Amoonguss|Amoonguss, L50, F|100\/100\n|turn|4\n|\n|t:|1683280812\n|move|p2a: Ceruledge|Protect|p2a: Ceruledge\n|-singleturn|p2a: Ceruledge|Protect\n|move|p1a: Amoonguss|Protect|p1a: Amoonguss\n|-singleturn|p1a: Amoonguss|Protect\n|move|p1b: Iron Bundle|Blizzard|p2b: Iron Valiant|[spread] p2b\n|-activate|p2a: Ceruledge|move: Protect\n|-damage|p2b: Iron Valiant|0 fnt\n|faint|p2b: Iron Valiant\n|-end|p2b: Iron Valiant|Quark Drive|[silent]\n|\n|-weather|Snow|[upkeep]\n|-heal|p2a: Ceruledge|87\/100|[from] item: Leftovers\n|upkeep\n|\n|t:|1683280825\n|switch|p2b: Dondozo|Dondozo, L50, F|100\/100\n|turn|5\n|\n|t:|1683280838\n|switch|p2a: Tatsugiri|Tatsugiri, L50, F|100\/100\n|-activate|p2a: Tatsugiri|ability: Commander|[of] p2b: Dondozo\n|-boost|p2b: Dondozo|atk|2\n|-boost|p2b: Dondozo|spa|2\n|-boost|p2b: Dondozo|spe|2\n|-boost|p2b: Dondozo|def|2\n|-boost|p2b: Dondozo|spd|2\n|move|p1b: Iron Bundle|Blizzard|p2a: Tatsugiri|[spread] p2b\n|-miss|p1b: Iron Bundle|p2a: Tatsugiri\n|-resisted|p2b: Dondozo\n|-damage|p2b: Dondozo|92\/100\n|move|p2b: Dondozo|Earthquake|p1b: Iron Bundle|[spread] p1a,p1b\n|-miss|p2b: Dondozo|p2a: Tatsugiri\n|-damage|p1a: Amoonguss|58\/100\n|-damage|p1b: Iron Bundle|70\/100\n|move|p1a: Amoonguss|Spore|p2b: Dondozo\n|-status|p2b: Dondozo|slp|[from] move: Spore\n|\n|-weather|Snow|[upkeep]\n|upkeep\n|turn|6\n|inactive|f1des has 30 seconds left.\n|\n|t:|1683280869\n|move|p1b: Iron Bundle|Blizzard|p2a: Tatsugiri|[spread] p2b\n|-miss|p1b: Iron Bundle|p2a: Tatsugiri\n|-resisted|p2b: Dondozo\n|-damage|p2b: Dondozo|84\/100 slp\n|cant|p2b: Dondozo|slp\n|move|p1a: Amoonguss|Pollen Puff|p1b: Iron Bundle\n|-heal|p1b: Iron Bundle|100\/100\n|\n|-weather|Snow|[upkeep]\n|upkeep\n|turn|7\n|\n|t:|1683280881\n|move|p1b: Iron Bundle|Blizzard|p2b: Dondozo|[spread] p2b\n|-miss|p1b: Iron Bundle|p2a: Tatsugiri\n|-resisted|p2b: Dondozo\n|-damage|p2b: Dondozo|75\/100 slp\n|-curestatus|p2b: Dondozo|slp|[msg]\n|move|p2b: Dondozo|Order Up|p1a: Amoonguss\n|-damage|p1a: Amoonguss|14\/100\n|-boost|p2b: Dondozo|atk|1\n|move|p1a: Amoonguss|Pollen Puff|p2b: Dondozo\n|-damage|p2b: Dondozo|67\/100\n|\n|-weather|none\n|upkeep\n|turn|8\n|inactive|f1des has 30 seconds left.\n|\n|t:|1683280909\n|move|p1a: Amoonguss|Protect|p1a: Amoonguss\n|-singleturn|p1a: Amoonguss|Protect\n|move|p1b: Iron Bundle|Hydro Pump|p2b: Dondozo\n|-resisted|p2b: Dondozo\n|-damage|p2b: Dondozo|57\/100\n|move|p2b: Dondozo|Order Up|p1a: Amoonguss\n|-activate|p1a: Amoonguss|move: Protect\n|\n|upkeep\n|turn|9\n|\n|t:|1683280923\n|move|p1a: Amoonguss|Protect||[still]\n|-fail|p1a: Amoonguss\n|move|p1b: Iron Bundle|Hydro Pump|p2b: Dondozo\n|-resisted|p2b: Dondozo\n|-damage|p2b: Dondozo|46\/100\n|move|p2b: Dondozo|Order Up|p1a: Amoonguss\n|-damage|p1a: Amoonguss|0 fnt\n|faint|p1a: Amoonguss\n|-boost|p2b: Dondozo|atk|1\n|\n|upkeep\n|turn|10\n|c|\u2606f1des|Gg\n|\n|t:|1683280936\n|move|p1b: Iron Bundle|Hydro Pump|p2b: Dondozo\n|-resisted|p2b: Dondozo\n|-damage|p2b: Dondozo|34\/100\n|move|p2b: Dondozo|Wave Crash|p1b: Iron Bundle\n|-resisted|p1b: Iron Bundle\n|-damage|p1b: Iron Bundle|13\/100\n|-damage|p2b: Dondozo|17\/100|[from] Recoil\n|\n|upkeep\n|turn|11\n|\n|t:|1683280946\n|move|p1b: Iron Bundle|Hydro Pump|p2b: Dondozo|[miss]\n|-miss|p1b: Iron Bundle|p2b: Dondozo\n|move|p2b: Dondozo|Order Up|p1b: Iron Bundle\n|-damage|p1b: Iron Bundle|0 fnt\n|faint|p1b: Iron Bundle\n|-end|p1b: Iron Bundle|Quark Drive|[silent]\n|\n|win|Mortipherus\n|raw|f1des's rating: 1069 → 1054<\/strong> (-15 for losing)\n|raw|Mortipherus's rating: 1162 → 1180<\/strong> (+18 for winning)\n|l|\u2606f1des\n","uploadtime":1683280968,"views":13,"p1id":"f1des","p2id":"mortipherus","formatid":"gen9vgc2023regulationc","rating":1054,"private":0,"password":""}