{"id":"gen9vgc2023regulationc-1852460293","p1":"xzymandias","p2":"foiledfeline","format":"[Gen 9] VGC 2023 Regulation C","log":"|j|\u2606xzymandias\n|j|\u2606foiledfeline\n|t:|1682560393\n|gametype|doubles\n|player|p1|xzymandias|medium|1336\n|player|p2|foiledfeline|102|1251\n|teamsize|p1|6\n|teamsize|p2|6\n|gen|9\n|tier|[Gen 9] VGC 2023 Regulation C\n|rated|\n|rule|Species Clause: Limit one of each Pok\u00e9mon\n|rule|Item Clause: Limit one of each item\n|clearpoke\n|poke|p1|Corviknight, L50, F|\n|poke|p1|Garganacl, L50, F|\n|poke|p1|Ting-Lu, L50|\n|poke|p1|Annihilape, L50, F|\n|poke|p1|Arcanine, L50, M|\n|poke|p1|Amoonguss, L50, F|\n|poke|p2|Flutter Mane, L50|\n|poke|p2|Talonflame, L50, M|\n|poke|p2|Baxcalibur, L50, M|\n|poke|p2|Ting-Lu, L50|\n|poke|p2|Breloom, L50, M|\n|poke|p2|Gyarados, L50, M|\n|teampreview|4\nfoiledfeline has agreed to open team sheets.\n|inactive|Battle timer is ON: inactive players will automatically lose when time's up. (requested by xzymandias)\n|inactive|xzymandias has 60 seconds left.\n|\n|t:|1682560439\n|start\n|switch|p1a: Garganacl|Garganacl, L50, F, shiny|100\/100\n|switch|p1b: Arcanine|Arcanine, L50, M|100\/100\n|switch|p2a: Gyarados|Gyarados, L50, M|100\/100\n|switch|p2b: Breloom|Breloom, L50, M|100\/100\n|-ability|p2a: Gyarados|Intimidate|boost\n|-unboost|p1a: Garganacl|atk|1\n|-unboost|p1b: Arcanine|atk|1\n|-ability|p1b: Arcanine|Intimidate|boost\n|-unboost|p2a: Gyarados|atk|1\n|-unboost|p2b: Breloom|atk|1\n|turn|1\n|inactive|foiledfeline has 30 seconds left.\n|\n|t:|1682560471\n|switch|p2b: Baxcalibur|Baxcalibur, L50, M|100\/100\n|-terastallize|p2a: Gyarados|Steel\n|-terastallize|p1a: Garganacl|Ghost\n|move|p2a: Gyarados|Iron Head|p1a: Garganacl\n|-damage|p1a: Garganacl|84\/100\n|move|p1b: Arcanine|Will-O-Wisp|p2b: Baxcalibur\n|-immune|p2b: Baxcalibur|[from] ability: Thermal Exchange\n|move|p1a: Garganacl|Salt Cure|p2a: Gyarados\n|-resisted|p2a: Gyarados\n|-damage|p2a: Gyarados|96\/100\n|-start|p2a: Gyarados|Salt Cure\n|\n|-damage|p2a: Gyarados|71\/100|[from] Salt Cure\n|upkeep\n|turn|2\n|inactive|foiledfeline has 30 seconds left.\n|inactive|foiledfeline has 20 seconds left.\n|\n|t:|1682560508\n|switch|p2a: Flutter Mane|Flutter Mane, L50|100\/100\n|-enditem|p2a: Flutter Mane|Booster Energy\n|-activate|p2a: Flutter Mane|ability: Protosynthesis|[fromitem]\n|-start|p2a: Flutter Mane|protosynthesisspa\n|move|p2b: Baxcalibur|Glaive Rush|p1b: Arcanine\n|-damage|p1b: Arcanine|34\/100\n|-singlemove|p2b: Baxcalibur|Glaive Rush|[silent]\n|move|p1b: Arcanine|Flare Blitz|p2a: Flutter Mane\n|-damage|p2a: Flutter Mane|56\/100\n|-damage|p1b: Arcanine|23\/100|[from] Recoil\n|move|p1a: Garganacl|Salt Cure|p2b: Baxcalibur\n|-supereffective|p2b: Baxcalibur\n|-damage|p2b: Baxcalibur|65\/100\n|-start|p2b: Baxcalibur|Salt Cure\n|\n|-damage|p2b: Baxcalibur|53\/100|[from] Salt Cure\n|upkeep\n|turn|3\n|inactive|foiledfeline has 30 seconds left.\n|\n|t:|1682560541\n|switch|p2b: Gyarados|Gyarados, L50, M, tera:Steel|71\/100\n|-ability|p2b: Gyarados|Intimidate|boost\n|-unboost|p1a: Garganacl|atk|1\n|-unboost|p1b: Arcanine|atk|1\n|switch|p1b: Ting-Lu|Ting-Lu, L50|100\/100\n|-ability|p1b: Ting-Lu|Vessel of Ruin\n|move|p1a: Garganacl|Protect|p1a: Garganacl\n|-singleturn|p1a: Garganacl|Protect\n|move|p2a: Flutter Mane|Dazzling Gleam|p1b: Ting-Lu|[spread] p1b\n|-activate|p1a: Garganacl|move: Protect\n|-supereffective|p1b: Ting-Lu\n|-damage|p1b: Ting-Lu|75\/100\n|\n|upkeep\n|turn|4\n|inactive|foiledfeline has 30 seconds left.\n|\n|t:|1682560569\n|-end|p2a: Flutter Mane|Protosynthesis|[silent]\n|switch|p2a: Breloom|Breloom, L50, M|100\/100\n|switch|p1a: Amoonguss|Amoonguss, L50, F, shiny|100\/100\n|move|p2b: Gyarados|Waterfall|p1b: Ting-Lu\n|-supereffective|p1b: Ting-Lu\n|-damage|p1b: Ting-Lu|27\/100\n|move|p1b: Ting-Lu|Heavy Slam|p2a: Breloom\n|-damage|p2a: Breloom|46\/100\n|\n|upkeep\n|turn|5\n|\n|t:|1682560590\n|switch|p1b: Arcanine|Arcanine, L50, M|23\/100\n|-ability|p1b: Arcanine|Intimidate|boost\n|-unboost|p2a: Breloom|atk|1\n|-unboost|p2b: Gyarados|atk|1\n|move|p2a: Breloom|Mach Punch|p1b: Arcanine\n|-damage|p1b: Arcanine|2\/100\n|move|p2b: Gyarados|Taunt|p1a: Amoonguss\n|-start|p1a: Amoonguss|move: Taunt\n|cant|p1a: Amoonguss|move: Taunt|Spore\n|\n|upkeep\n|turn|6\n|\n|t:|1682560613\n|switch|p1b: Garganacl|Garganacl, L50, F, shiny, tera:Ghost|84\/100\n|move|p2a: Breloom|Mach Punch|p1b: Garganacl\n|-immune|p1b: Garganacl\n|move|p2b: Gyarados|Iron Head|p1a: Amoonguss\n|-damage|p1a: Amoonguss|80\/100\n|cant|p1a: Amoonguss|flinch\n|\n|upkeep\n|turn|7\n|inactive|foiledfeline has 30 seconds left.\n|\n|t:|1682560646\n|switch|p2a: Baxcalibur|Baxcalibur, L50, M|53\/100\n|move|p2b: Gyarados|Iron Head|p1a: Amoonguss\n|-damage|p1a: Amoonguss|58\/100\n|move|p1b: Garganacl|Salt Cure|p2b: Gyarados\n|-resisted|p2b: Gyarados\n|-damage|p2b: Gyarados|65\/100\n|-start|p2b: Gyarados|Salt Cure\n|move|p1a: Amoonguss|Pollen Puff|p2a: Baxcalibur\n|-damage|p2a: Baxcalibur|37\/100\n|\n|-damage|p2b: Gyarados|40\/100|[from] Salt Cure\n|-end|p1a: Amoonguss|move: Taunt\n|upkeep\n|turn|8\n|\n|t:|1682560668\n|switch|p2b: Breloom|Breloom, L50, M|46\/100\n|switch|p1a: Arcanine|Arcanine, L50, M|2\/100\n|-ability|p1a: Arcanine|Intimidate|boost\n|-fail|p2a: Baxcalibur|unboost|[from] item: Clear Amulet|[of] p2a: Baxcalibur\n|-unboost|p2b: Breloom|atk|1\n|move|p2a: Baxcalibur|Glaive Rush|p1a: Arcanine\n|-damage|p1a: Arcanine|0 fnt\n|-singlemove|p2a: Baxcalibur|Glaive Rush|[silent]\n|faint|p1a: Arcanine\n|move|p1b: Garganacl|Salt Cure|p2a: Baxcalibur\n|-supereffective|p2a: Baxcalibur\n|-damage|p2a: Baxcalibur|0 fnt\n|faint|p2a: Baxcalibur\n|\n|upkeep\n|\n|t:|1682560687\n|switch|p2a: Gyarados|Gyarados, L50, M, tera:Steel|40\/100\n|switch|p1a: Amoonguss|Amoonguss, L50, F, shiny|91\/100\n|-ability|p2a: Gyarados|Intimidate|boost\n|-unboost|p1a: Amoonguss|atk|1\n|-unboost|p1b: Garganacl|atk|1\n|turn|9\n|\n|t:|1682560701\n|move|p2b: Breloom|Rock Tomb|p1b: Garganacl\n|-damage|p1b: Garganacl|68\/100\n|-unboost|p1b: Garganacl|spe|1\n|move|p2a: Gyarados|Taunt|p1a: Amoonguss\n|-start|p1a: Amoonguss|move: Taunt\n|move|p1b: Garganacl|Salt Cure|p2a: Gyarados\n|-resisted|p2a: Gyarados\n|-damage|p2a: Gyarados|36\/100\n|-start|p2a: Gyarados|Salt Cure\n|move|p1a: Amoonguss|Pollen Puff|p2b: Breloom\n|-damage|p2b: Breloom|9\/100\n|\n|-damage|p2a: Gyarados|11\/100|[from] Salt Cure\n|upkeep\n|turn|10\n|\n|t:|1682560724\n|move|p2b: Breloom|Rock Tomb|p1a: Amoonguss\n|-damage|p1a: Amoonguss|73\/100\n|-unboost|p1a: Amoonguss|spe|1\n|move|p2a: Gyarados|Iron Head|p1a: Amoonguss\n|-damage|p1a: Amoonguss|43\/100\n|move|p1b: Garganacl|Salt Cure|p2b: Breloom\n|-resisted|p2b: Breloom\n|-damage|p2b: Breloom|2\/100\n|-start|p2b: Breloom|Salt Cure\n|cant|p1a: Amoonguss|flinch\n|\n|-damage|p2b: Breloom|0 fnt|[from] Salt Cure\n|faint|p2b: Breloom\n|-damage|p2a: Gyarados|0 fnt|[from] Salt Cure\n|faint|p2a: Gyarados\n|upkeep\n|\n|t:|1682560741\n|switch|p2b: Flutter Mane|Flutter Mane, L50|56\/100\n|turn|11\n|\n|t:|1682560746\n|switch|p1a: Ting-Lu|Ting-Lu, L50|27\/100\n|-ability|p1a: Ting-Lu|Vessel of Ruin\n|move|p1b: Garganacl|Protect|p1b: Garganacl\n|-singleturn|p1b: Garganacl|Protect\n|move|p2b: Flutter Mane|Shadow Ball|p1b: Garganacl\n|-activate|p1b: Garganacl|move: Protect\n|\n|upkeep\n|turn|12\n|\n|t:|1682560762\n|switch|p1b: Amoonguss|Amoonguss, L50, F, shiny|76\/100\n|move|p2b: Flutter Mane|Moonblast|p1a: Ting-Lu\n|-supereffective|p1a: Ting-Lu\n|-damage|p1a: Ting-Lu|0 fnt\n|faint|p1a: Ting-Lu\n|\n|upkeep\n|\n|t:|1682560767\n|switch|p1a: Garganacl|Garganacl, L50, F, shiny, tera:Ghost|68\/100\n|turn|13\n|\n|t:|1682560773\n|move|p1a: Garganacl|Protect|p1a: Garganacl\n|-singleturn|p1a: Garganacl|Protect\n|move|p2b: Flutter Mane|Shadow Ball|p1b: Amoonguss\n|-damage|p1b: Amoonguss|39\/100\n|move|p1b: Amoonguss|Spore|p2b: Flutter Mane\n|-status|p2b: Flutter Mane|slp|[from] move: Spore\n|\n|upkeep\n|turn|14\n|\n|t:|1682560786\n|cant|p2b: Flutter Mane|slp\n|move|p1a: Garganacl|Salt Cure|p2b: Flutter Mane\n|-damage|p2b: Flutter Mane|35\/100 slp\n|-start|p2b: Flutter Mane|Salt Cure\n|move|p1b: Amoonguss|Pollen Puff|p1a: Garganacl\n|-heal|p1a: Garganacl|100\/100\n|\n|-damage|p2b: Flutter Mane|23\/100 slp|[from] Salt Cure\n|upkeep\n|turn|15\n|\n|t:|1682560798\n|move|p1a: Garganacl|Protect|p1a: Garganacl\n|-singleturn|p1a: Garganacl|Protect\n|move|p1b: Amoonguss|Protect|p1b: Amoonguss\n|-singleturn|p1b: Amoonguss|Protect\n|cant|p2b: Flutter Mane|slp\n|\n|-damage|p2b: Flutter Mane|11\/100 slp|[from] Salt Cure\n|upkeep\n|turn|16\n|\n|t:|1682560809\n|-curestatus|p2b: Flutter Mane|slp|[msg]\n|move|p2b: Flutter Mane|Dazzling Gleam|p1b: Amoonguss|[spread] p1a,p1b\n|-resisted|p1b: Amoonguss\n|-damage|p1a: Garganacl|78\/100\n|-damage|p1b: Amoonguss|26\/100\n|move|p1a: Garganacl|Salt Cure|p2b: Flutter Mane\n|-damage|p2b: Flutter Mane|0 fnt\n|faint|p2b: Flutter Mane\n|-end|p2b: Flutter Mane|Protosynthesis|[silent]\n|\n|win|xzymandias\n|raw|xzymandias's rating: 1336 → 1351<\/strong> (+15 for winning)\n|raw|foiledfeline's rating: 1251 → 1232<\/strong> (-19 for losing)\n|l|\u2606xzymandias\n","uploadtime":1682560821,"views":10,"p1id":"xzymandias","p2id":"foiledfeline","formatid":"gen9vgc2023regulationc","rating":1232,"private":0,"password":""}