{"id":"gen9vgc2023regulationc-1847673941","p1":"Sadkeum","p2":"Mason117","format":"[Gen 9] VGC 2023 Regulation C","log":"|j|\u2606Sadkeum\n|j|\u2606Mason117\n|t:|1681990858\n|gametype|doubles\n|player|p1|Sadkeum|265|1108\n|player|p2|Mason117|169|1009\n|teamsize|p1|6\n|teamsize|p2|6\n|gen|9\n|tier|[Gen 9] VGC 2023 Regulation C\n|rated|\n|rule|Species Clause: Limit one of each Pok\u00e9mon\n|rule|Item Clause: Limit one of each item\n|clearpoke\n|poke|p1|Maushold-Four, L50|\n|poke|p1|Roaring Moon, L50|\n|poke|p1|Arcanine, L50, M|\n|poke|p1|Meowscarada, L50, F|\n|poke|p1|Chien-Pao, L50|\n|poke|p1|Flutter Mane, L50|\n|poke|p2|Ting-Lu, L50|\n|poke|p2|Arcanine, L50, M|\n|poke|p2|Amoonguss, L50, M|\n|poke|p2|Chien-Pao, L50|\n|poke|p2|Garchomp, L50, M|\n|poke|p2|Flutter Mane, L50|\n|teampreview|4\n|inactive|Battle timer is ON: inactive players will automatically lose when time's up. (requested by Sadkeum)\nSadkeum has agreed to open team sheets.\n|\n|t:|1681990883\n|start\n|switch|p1a: Roaring Moon|Roaring Moon, L50|100\/100\n|switch|p1b: Meowscarada|Meowscarada, L50, F|100\/100\n|switch|p2a: Arcanine|Arcanine, L50, M|100\/100\n|switch|p2b: Garchomp|Garchomp, L50, M|100\/100\n|-ability|p2a: Arcanine|Intimidate|boost\n|-unboost|p1a: Roaring Moon|atk|1\n|-unboost|p1b: Meowscarada|atk|1\n|-enditem|p1a: Roaring Moon|Booster Energy\n|-activate|p1a: Roaring Moon|ability: Protosynthesis|[fromitem]\n|-start|p1a: Roaring Moon|protosynthesisspe\n|turn|1\n|inactive|Sadkeum has 30 seconds left.\n|\n|t:|1681990915\n|move|p2b: Garchomp|Protect|p2b: Garchomp\n|-singleturn|p2b: Garchomp|Protect\n|move|p1a: Roaring Moon|Breaking Swipe|p2b: Garchomp|[spread] p2a\n|-activate|p2b: Garchomp|move: Protect\n|-damage|p2a: Arcanine|82\/100\n|-unboost|p2a: Arcanine|atk|1\n|move|p1b: Meowscarada|U-turn|p2a: Arcanine\n|-start|p1b: Meowscarada|typechange|Bug|[from] ability: Protean\n|-resisted|p2a: Arcanine\n|-damage|p2a: Arcanine|62\/100\n|\n|t:|1681990928\n|switch|p1b: Arcanine|Arcanine, L50, M|100\/100|[from] U-turn\n|-ability|p1b: Arcanine|Intimidate|boost\n|-unboost|p2a: Arcanine|atk|1\n|-unboost|p2b: Garchomp|atk|1\n|move|p2a: Arcanine|Flare Blitz|p1b: Arcanine\n|-resisted|p1b: Arcanine\n|-damage|p1b: Arcanine|88\/100\n|-damage|p2a: Arcanine|57\/100|[from] Recoil\n|\n|upkeep\n|turn|2\n|\n|t:|1681990943\n|switch|p2b: Chien-Pao|Chien-Pao, L50|100\/100\n|-ability|p2b: Chien-Pao|Sword of Ruin\n|switch|p2a: Ting-Lu|Ting-Lu, L50|100\/100\n|-ability|p2a: Ting-Lu|Vessel of Ruin\n|switch|p1b: Meowscarada|Meowscarada, L50, F|100\/100\n|move|p1a: Roaring Moon|Tailwind|p1a: Roaring Moon\n|-sidestart|p1: Sadkeum|move: Tailwind\n|\n|upkeep\n|turn|3\n|\n|t:|1681990964\n|switch|p2a: Arcanine|Arcanine, L50, M|57\/100\n|-ability|p2a: Arcanine|Intimidate|boost\n|-unboost|p1a: Roaring Moon|atk|1\n|-unboost|p1b: Meowscarada|atk|1\n|move|p1a: Roaring Moon|Breaking Swipe|p2a: Arcanine|[spread] p2a,p2b\n|-crit|p2a: Arcanine\n|-damage|p2a: Arcanine|0 fnt\n|-damage|p2b: Chien-Pao|85\/100\n|-unboost|p2b: Chien-Pao|atk|1\n|faint|p2a: Arcanine\n|move|p1b: Meowscarada|Play Rough|p2b: Chien-Pao\n|-start|p1b: Meowscarada|typechange|Fairy|[from] ability: Protean\n|-supereffective|p2b: Chien-Pao\n|-damage|p2b: Chien-Pao|0 fnt\n|faint|p2b: Chien-Pao\n|\n|upkeep\n|inactive|Mason117 has 30 seconds left.\n|inactive|Mason117 has 20 seconds left.\n|inactive|Mason117 has 15 seconds left.\n|inactive|Mason117 has 10 seconds left.\n|inactive|Mason117 has 5 seconds left.\n|\n|t:|1681991019\n|switch|p2b: Garchomp|Garchomp, L50, M|100\/100\n|switch|p2a: Ting-Lu|Ting-Lu, L50|100\/100\n|-ability|p2a: Ting-Lu|Vessel of Ruin\n|turn|4\n|inactive|Mason117 has 30 seconds left.\n|inactive|Mason117 has 20 seconds left.\n|inactive|Mason117 has 15 seconds left.\n|inactive|Mason117 has 10 seconds left.\n|inactive|Mason117 has 5 seconds left.\n|\n|t:|1681991074\n|switch|p1b: Arcanine|Arcanine, L50, M|88\/100\n|-ability|p1b: Arcanine|Intimidate|boost\n|-unboost|p2a: Ting-Lu|atk|1\n|-unboost|p2b: Garchomp|atk|1\n|move|p1a: Roaring Moon|Breaking Swipe|p2b: Garchomp|[spread] p2a,p2b\n|-supereffective|p2b: Garchomp\n|-damage|p2a: Ting-Lu|94\/100\n|-damage|p2b: Garchomp|78\/100\n|-unboost|p2a: Ting-Lu|atk|1\n|-unboost|p2b: Garchomp|atk|1\n|-damage|p1a: Roaring Moon|88\/100|[from] ability: Rough Skin|[of] p2b: Garchomp\n|move|p2b: Garchomp|Earthquake|p1a: Roaring Moon|[spread] p2a,p1a,p1b\n|-supereffective|p1b: Arcanine\n|-damage|p2a: Ting-Lu|76\/100\n|-damage|p1a: Roaring Moon|55\/100\n|-damage|p1b: Arcanine|42\/100\n|-damage|p2b: Garchomp|68\/100|[from] item: Life Orb\n|move|p2a: Ting-Lu|Heavy Slam|p1a: Roaring Moon\n|-damage|p1a: Roaring Moon|46\/100\n|\n|upkeep\n|turn|5\n|-message|Mason117 forfeited.\n|\n|win|Sadkeum\n|raw|Sadkeum's rating: 1108 → 1126<\/strong> (+18 for winning)\n|raw|Mason117's rating: 1009 → 1001<\/strong> (-8 for losing)\n|l|\u2606Mason117\n","uploadtime":1681991096,"views":14,"p1id":"sadkeum","p2id":"mason117","formatid":"gen9vgc2023regulationc","rating":1001,"private":0,"password":""}