{"id":"gen9vgc2023regulationc-1855127896","p1":"MCsquidzy","p2":"Charlisito","format":"[Gen 9] VGC 2023 Regulation C","log":"|j|\u2606MCsquidzy\n|j|\u2606Charlisito\n|t:|1682904660\n|gametype|doubles\n|player|p1|MCsquidzy|wattson|1168\n|player|p2|Charlisito|2|1112\n|teamsize|p1|6\n|teamsize|p2|6\n|gen|9\n|tier|[Gen 9] VGC 2023 Regulation C\n|rated|\n|rule|Species Clause: Limit one of each Pok\u00e9mon\n|rule|Item Clause: Limit one of each item\n|clearpoke\n|poke|p1|Annihilape, L50, M|\n|poke|p1|Maushold-Four, L50|\n|poke|p1|Pawmot, L50, F|\n|poke|p1|Dondozo, L50, F|\n|poke|p1|Tatsugiri, L50, M|\n|poke|p1|Hydreigon, L50, M|\n|poke|p2|Bellibolt, L50, F|\n|poke|p2|Palafin, L50, M|\n|poke|p2|Arcanine, L50, M|\n|poke|p2|Amoonguss, L50, M|\n|poke|p2|Flutter Mane, L50|\n|poke|p2|Ting-Lu, L50|\n|teampreview|4\n|inactive|Battle timer is ON: inactive players will automatically lose when time's up. (requested by MCsquidzy)\n|inactive|MCsquidzy has 60 seconds left.\n|\n|t:|1682904709\n|start\n|switch|p1a: Annihilape|Annihilape, L50, M|100\/100\n|switch|p1b: Dondozo|Dondozo, L50, F|100\/100\n|switch|p2a: Flutter Mane|Flutter Mane, L50|100\/100\n|switch|p2b: Palafin|Palafin, L50, M|100\/100\n|-enditem|p2a: Flutter Mane|Booster Energy\n|-activate|p2a: Flutter Mane|ability: Protosynthesis|[fromitem]\n|-start|p2a: Flutter Mane|protosynthesisspa\n|turn|1\n|\n|t:|1682904727\n|move|p2a: Flutter Mane|Protect|p2a: Flutter Mane\n|-singleturn|p2a: Flutter Mane|Protect\n|move|p1a: Annihilape|Final Gambit|p2b: Palafin\n|-damage|p2b: Palafin|0 fnt\n|faint|p1a: Annihilape\n|faint|p2b: Palafin\n|move|p1b: Dondozo|Liquidation|p2a: Flutter Mane\n|-activate|p2a: Flutter Mane|move: Protect\n|\n|upkeep\n|\n|t:|1682904736\n|switch|p2b: Amoonguss|Amoonguss, L50, M|100\/100\n|switch|p1a: Tatsugiri|Tatsugiri, L50, M|100\/100\n|-activate|p1a: Tatsugiri|ability: Commander|[of] p1b: Dondozo\n|-boost|p1b: Dondozo|atk|2\n|-boost|p1b: Dondozo|spa|2\n|-boost|p1b: Dondozo|spe|2\n|-boost|p1b: Dondozo|def|2\n|-boost|p1b: Dondozo|spd|2\n|turn|2\n|\n|t:|1682904751\n|move|p2b: Amoonguss|Rage Powder|p2b: Amoonguss\n|-singleturn|p2b: Amoonguss|move: Rage Powder\n|move|p2a: Flutter Mane|Shadow Ball|p1b: Dondozo\n|-damage|p1b: Dondozo|74\/100\n|-unboost|p1b: Dondozo|spd|1\n|move|p1b: Dondozo|Liquidation|p2b: Amoonguss\n|-resisted|p2b: Amoonguss\n|-damage|p2b: Amoonguss|71\/100\n|\n|-heal|p1b: Dondozo|81\/100|[from] item: Leftovers\n|upkeep\n|turn|3\n|\n|t:|1682904774\n|move|p2a: Flutter Mane|Protect|p2a: Flutter Mane\n|-singleturn|p2a: Flutter Mane|Protect\n|move|p1b: Dondozo|Order Up|p2b: Amoonguss\n|-damage|p2b: Amoonguss|28\/100\n|-enditem|p2b: Amoonguss|Sitrus Berry|[eat]\n|-heal|p2b: Amoonguss|53\/100|[from] item: Sitrus Berry\n|-boost|p1b: Dondozo|atk|1\n|move|p2b: Amoonguss|Spore|p1b: Dondozo\n|-status|p1b: Dondozo|slp|[from] move: Spore\n|\n|-heal|p1b: Dondozo|87\/100 slp|[from] item: Leftovers\n|upkeep\n|turn|4\n|\n|t:|1682904790\n|move|p2a: Flutter Mane|Moonblast|p1b: Dondozo\n|-damage|p1b: Dondozo|39\/100 slp\n|cant|p1b: Dondozo|slp\n|move|p1b: Dondozo|Sleep Talk|p1b: Dondozo\n|move|p1b: Dondozo|Order Up|p2b: Amoonguss|[from]move: Sleep Talk\n|-damage|p2b: Amoonguss|1\/100\n|-boost|p1b: Dondozo|atk|1\n|move|p2b: Amoonguss|Pollen Puff|p1b: Dondozo\n|-damage|p1b: Dondozo|27\/100 slp\n|\n|-heal|p1b: Dondozo|33\/100 slp|[from] item: Leftovers\n|upkeep\n|turn|5\n|\n|t:|1682904806\n|switch|p2b: Ting-Lu|Ting-Lu, L50|100\/100\n|-ability|p2b: Ting-Lu|Vessel of Ruin\n|move|p2a: Flutter Mane|Moonblast|p1b: Dondozo\n|-damage|p1b: Dondozo|0 fnt\n|faint|p1b: Dondozo\n|\n|upkeep\n|\n|t:|1682904815\n|switch|p1b: Pawmot|Pawmot, L50, F|100\/100\n|turn|6\n|inactive|MCsquidzy has 30 seconds left.\n|inactive|MCsquidzy has 20 seconds left.\n|inactive|MCsquidzy has 15 seconds left.\n|inactive|MCsquidzy has 10 seconds left.\n|inactive|MCsquidzy has 5 seconds left.\n|\n|t:|1682904865\n|move|p2a: Flutter Mane|Dazzling Gleam|p1a: Tatsugiri|[spread] p1a,p1b\n|-supereffective|p1a: Tatsugiri\n|-supereffective|p1b: Pawmot\n|-damage|p1a: Tatsugiri|21\/100\n|-enditem|p1b: Pawmot|Focus Sash\n|-damage|p1b: Pawmot|1\/100\n|move|p1b: Pawmot|Revival Blessing|p1b: Pawmot\n|\n|t:|1682904875\n|-heal|p1: Dondozo|50\/100|[from] move: Revival Blessing\n|move|p1a: Tatsugiri|Hydro Pump|p2b: Ting-Lu\n|-supereffective|p2b: Ting-Lu\n|-damage|p2b: Ting-Lu|2\/100\n|move|p2b: Ting-Lu|Stomping Tantrum|p1b: Pawmot\n|-supereffective|p1b: Pawmot\n|-crit|p1b: Pawmot\n|-damage|p1b: Pawmot|0 fnt\n|faint|p1b: Pawmot\n|\n|-heal|p2b: Ting-Lu|8\/100|[from] item: Leftovers\n|upkeep\n|\n|t:|1682904885\n|switch|p1b: Dondozo|Dondozo, L50, F|50\/100\n|-activate|p1a: Tatsugiri|ability: Commander|[of] p1b: Dondozo\n|-boost|p1b: Dondozo|atk|2\n|-boost|p1b: Dondozo|spa|2\n|-boost|p1b: Dondozo|spe|2\n|-boost|p1b: Dondozo|def|2\n|-boost|p1b: Dondozo|spd|2\n|turn|7\n|\n|t:|1682904903\n|move|p2a: Flutter Mane|Protect|p2a: Flutter Mane\n|-singleturn|p2a: Flutter Mane|Protect\n|move|p1b: Dondozo|Rest|p1b: Dondozo\n|-status|p1b: Dondozo|slp|[from] move: Rest\n|-heal|p1b: Dondozo|100\/100 slp|[silent]\n|move|p2b: Ting-Lu|Ruination|p1b: Dondozo\n|-damage|p1b: Dondozo|51\/100 slp\n|\n|-heal|p1b: Dondozo|57\/100 slp|[from] item: Leftovers\n|-heal|p2b: Ting-Lu|14\/100|[from] item: Leftovers\n|upkeep\n|turn|8\n|\n|t:|1682904917\n|-terastallize|p2a: Flutter Mane|Fairy\n|move|p2a: Flutter Mane|Moonblast|p1b: Dondozo\n|-damage|p1b: Dondozo|26\/100 slp\n|cant|p1b: Dondozo|slp\n|move|p1b: Dondozo|Sleep Talk|p1b: Dondozo\n|move|p1b: Dondozo|Liquidation|p2b: Ting-Lu|[from]move: Sleep Talk\n|-supereffective|p2b: Ting-Lu\n|-damage|p2b: Ting-Lu|0 fnt\n|faint|p2b: Ting-Lu\n|\n|-heal|p1b: Dondozo|32\/100 slp|[from] item: Leftovers\n|upkeep\n|\n|t:|1682904920\n|switch|p2b: Amoonguss|Amoonguss, L50, M|34\/100\n|turn|9\n|\n|t:|1682904932\n|move|p2b: Amoonguss|Protect|p2b: Amoonguss\n|-singleturn|p2b: Amoonguss|Protect\n|move|p2a: Flutter Mane|Moonblast|p1b: Dondozo\n|-damage|p1b: Dondozo|0 fnt\n|faint|p1b: Dondozo\n|\n|upkeep\n|turn|10\n|\n|t:|1682904941\n|move|p2a: Flutter Mane|Dazzling Gleam|p1a: Tatsugiri\n|-supereffective|p1a: Tatsugiri\n|-damage|p1a: Tatsugiri|0 fnt\n|faint|p1a: Tatsugiri\n|\n|win|Charlisito\n|raw|MCsquidzy's rating: 1168 → 1139<\/strong> (-29 for losing)\n|raw|Charlisito's rating: 1112 → 1141<\/strong> (+29 for winning)\n|l|\u2606MCsquidzy\n","uploadtime":1682906149,"views":11,"p1id":"mcsquidzy","p2id":"charlisito","formatid":"gen9vgc2023regulationc","rating":1139,"private":0,"password":""}