{"id":"gen9vgc2023regulationc-1859021018","p1":"KaesyGard","p2":"Litopardo","format":"[Gen 9] VGC 2023 Regulation C","log":"|j|\u2606KaesyGard\n|j|\u2606Litopardo\n|t:|1683395194\n|gametype|doubles\n|player|p1|KaesyGard|1|\n|player|p2|Litopardo|2|\n|teamsize|p1|6\n|teamsize|p2|6\n|gen|9\n|tier|[Gen 9] VGC 2023 Regulation C\n|rule|Species Clause: Limit one of each Pok\u00e9mon\n|rule|Item Clause: Limit one of each item\n|clearpoke\n|poke|p1|Ting-Lu, L50|\n|poke|p1|Corviknight, L50, F|\n|poke|p1|Klefki, L50, F|\n|poke|p1|Annihilape, L50, F|\n|poke|p1|Iron Bundle, L50|\n|poke|p1|Brute Bonnet, L50|\n|poke|p2|Chi-Yu, L50|\n|poke|p2|Flutter Mane, L50|\n|poke|p2|Torkoal, L50, F|\n|poke|p2|Great Tusk, L50|\n|poke|p2|Slither Wing, L50|\n|poke|p2|Foongus, L50, F|\n|teampreview|4\n|c|\u2606KaesyGard|Suertee!!\n|\n|t:|1683395350\n|start\n|switch|p1a: Ting-Lu|Ting-Lu, L50|100\/100\n|switch|p1b: Klefki|Klefki, L50, F|100\/100\n|switch|p2a: Flutter Mane|Flutter Mane, L50|100\/100\n|switch|p2b: Slither Wing|Slither Wing, L50|100\/100\n|-ability|p1a: Ting-Lu|Vessel of Ruin\n|turn|1\n|\n|t:|1683395386\n|move|p1a: Ting-Lu|Protect|p1a: Ting-Lu\n|-singleturn|p1a: Ting-Lu|Protect\n|move|p1b: Klefki|Thunder Wave|p2a: Flutter Mane\n|-status|p2a: Flutter Mane|par\n|move|p2a: Flutter Mane|Mystical Fire|p1b: Klefki\n|-supereffective|p1b: Klefki\n|-damage|p1b: Klefki|47\/100\n|-unboost|p1b: Klefki|spa|1\n|move|p2b: Slither Wing|Close Combat|p1b: Klefki\n|-damage|p1b: Klefki|0 fnt\n|-unboost|p2b: Slither Wing|def|1\n|-unboost|p2b: Slither Wing|spd|1\n|faint|p1b: Klefki\n|\n|upkeep\n|\n|t:|1683395404\n|switch|p1b: Corviknight|Corviknight, L50, F|100\/100\n|turn|2\n|\n|t:|1683395444\n|-end|p2a: Flutter Mane|Protosynthesis|[silent]\n|switch|p2a: Torkoal|Torkoal, L50, F|100\/100\n|-weather|SunnyDay|[from] ability: Drought|[of] p2a: Torkoal\n|-activate|p2b: Slither Wing|ability: Protosynthesis\n|-start|p2b: Slither Wing|protosynthesisatk\n|-terastallize|p1a: Ting-Lu|Fire\n|move|p2b: Slither Wing|Protect|p2b: Slither Wing\n|-singleturn|p2b: Slither Wing|Protect\n|move|p1b: Corviknight|Tailwind|p1b: Corviknight\n|-sidestart|p1: KaesyGard|move: Tailwind\n|move|p1a: Ting-Lu|Heavy Slam|p2a: Torkoal\n|-resisted|p2a: Torkoal\n|-damage|p2a: Torkoal|85\/100\n|\n|-weather|SunnyDay|[upkeep]\n|upkeep\n|turn|3\n|\n|t:|1683395492\n|-end|p2b: Slither Wing|Protosynthesis|[silent]\n|switch|p2b: Foongus|Foongus, L50, F|100\/100\n|move|p1b: Corviknight|Brave Bird|p2a: Torkoal\n|-crit|p2a: Torkoal\n|-damage|p2a: Torkoal|27\/100\n|-damage|p1b: Corviknight|87\/100|[from] Recoil\n|move|p1a: Ting-Lu|Fissure|p2a: Torkoal|[miss]\n|-miss|p1a: Ting-Lu|p2a: Torkoal\n|move|p2a: Torkoal|Overheat|p1b: Corviknight\n|-supereffective|p1b: Corviknight\n|-damage|p1b: Corviknight|0 fnt\n|-unboost|p2a: Torkoal|spa|2\n|faint|p1b: Corviknight\n|\n|-weather|SunnyDay|[upkeep]\n|upkeep\n|\n|t:|1683395509\n|switch|p1b: Annihilape|Annihilape, L50, F|100\/100\n|turn|4\n|\n|t:|1683395536\n|switch|p2a: Flutter Mane|Flutter Mane, L50|100\/100 par\n|-activate|p2a: Flutter Mane|ability: Protosynthesis\n|-start|p2a: Flutter Mane|protosynthesisspe\n|move|p1b: Annihilape|Bulk Up|p1b: Annihilape\n|-boost|p1b: Annihilape|atk|1\n|-boost|p1b: Annihilape|def|1\n|move|p1a: Ting-Lu|Stomping Tantrum|p2a: Flutter Mane\n|-damage|p2a: Flutter Mane|0 fnt\n|faint|p2a: Flutter Mane\n|-end|p2a: Flutter Mane|Protosynthesis|[silent]\n|move|p2b: Foongus|Spore|p1a: Ting-Lu\n|-status|p1a: Ting-Lu|slp|[from] move: Spore\n|\n|-weather|SunnyDay|[upkeep]\n|upkeep\n|\n|t:|1683395583\n|switch|p2a: Slither Wing|Slither Wing, L50|100\/100\n|-activate|p2a: Slither Wing|ability: Protosynthesis\n|-start|p2a: Slither Wing|protosynthesisatk\n|turn|5\n|\n|t:|1683395637\n|-end|p2a: Slither Wing|Protosynthesis|[silent]\n|switch|p2a: Torkoal|Torkoal, L50, F|27\/100\n|move|p1b: Annihilape|Drain Punch|p2a: Torkoal\n|-damage|p2a: Torkoal|0 fnt\n|faint|p2a: Torkoal\n|cant|p1a: Ting-Lu|slp\n|move|p2b: Foongus|Spore|p1b: Annihilape\n|-status|p1b: Annihilape|slp|[from] move: Spore\n|-enditem|p1b: Annihilape|Lum Berry|[eat]\n|-curestatus|p1b: Annihilape|slp|[msg]\n|\n|-weather|SunnyDay|[upkeep]\n|-sideend|p1: KaesyGard|move: Tailwind\n|upkeep\n|\n|t:|1683395647\n|switch|p2a: Slither Wing|Slither Wing, L50|100\/100\n|-activate|p2a: Slither Wing|ability: Protosynthesis\n|-start|p2a: Slither Wing|protosynthesisatk\n|turn|6\n|\n|t:|1683395669\n|move|p1b: Annihilape|Protect|p1b: Annihilape\n|-singleturn|p1b: Annihilape|Protect\n|move|p2a: Slither Wing|Wild Charge|p1a: Ting-Lu\n|-damage|p1a: Ting-Lu|75\/100 slp\n|-damage|p2a: Slither Wing|91\/100|[from] Recoil\n|cant|p1a: Ting-Lu|slp\n|move|p2b: Foongus|Spore|p1b: Annihilape\n|-activate|p1b: Annihilape|move: Protect\n|\n|-weather|none\n|-end|p2a: Slither Wing|Protosynthesis\n|upkeep\n|turn|7\n|\n|t:|1683395700\n|move|p2a: Slither Wing|Protect|p2a: Slither Wing\n|-singleturn|p2a: Slither Wing|Protect\n|move|p1b: Annihilape|Rage Fist|p2b: Foongus\n|-damage|p2b: Foongus|69\/100\n|-curestatus|p1a: Ting-Lu|slp|[msg]\n|move|p1a: Ting-Lu|Stomping Tantrum|p2b: Foongus\n|-damage|p2b: Foongus|0 fnt\n|faint|p2b: Foongus\n|\n|upkeep\n|turn|8\n|\n|t:|1683395769\n|move|p1b: Annihilape|Rage Fist|p2a: Slither Wing\n|-damage|p2a: Slither Wing|55\/100\n|move|p2a: Slither Wing|Wild Charge|p1b: Annihilape\n|-damage|p1b: Annihilape|78\/100\n|-damage|p2a: Slither Wing|48\/100|[from] Recoil\n|move|p1a: Ting-Lu|Fissure|p2a: Slither Wing|[miss]\n|-miss|p1a: Ting-Lu|p2a: Slither Wing\n|\n|upkeep\n|turn|9\n|\n|t:|1683395783\n|move|p1b: Annihilape|Rage Fist|p2a: Slither Wing\n|-damage|p2a: Slither Wing|0 fnt\n|faint|p2a: Slither Wing\n|-end|p2a: Slither Wing|Protosynthesis|[silent]\n|\n|win|KaesyGard\n|l|\u2606Litopardo\n","uploadtime":1683395793,"views":15,"p1id":"kaesygard","p2id":"litopardo","formatid":"gen9vgc2023regulationc","rating":0,"private":0,"password":""}