{"id":"gen9vgc2023regulationc-1862197006","p1":"Radio Free C-Side","p2":"Moxie Boosted","format":"[Gen 9] VGC 2023 Regulation C","log":"|j|\u2606Radio Free C-Side\n|j|\u2606Moxie Boosted\n|t:|1683848209\n|gametype|doubles\n|player|p1|Radio Free C-Side|steven|\n|player|p2|Moxie Boosted|clay|\n|teamsize|p1|6\n|teamsize|p2|6\n|gen|9\n|tier|[Gen 9] VGC 2023 Regulation C\n|rated|Tournament battle\n|rule|Species Clause: Limit one of each Pok\u00e9mon\n|rule|Item Clause: Limit one of each item\n|clearpoke\n|poke|p1|Scizor, L50, F|\n|poke|p1|Baxcalibur, L50, F|\n|poke|p1|Chi-Yu, L50|\n|poke|p1|Murkrow, L50, F|\n|poke|p1|Maushold, L50|\n|poke|p1|Flutter Mane, L50|\n|poke|p2|Gyarados, L50, F|\n|poke|p2|Wo-Chien, L50|\n|poke|p2|Glimmora, L50, M|\n|poke|p2|Chi-Yu, L50|\n|poke|p2|Iron Bundle, L50|\n|poke|p2|Flutter Mane, L50|\n|teampreview|4\n|raw| Open Team Sheet for Radio Free C-Side<\/summary>Scizor @ Choice Band Ability: Technician Level: 50 Tera Type: Fire - Aerial Ace - Close Combat - Bullet Punch - U-turn Baxcalibur @ Clear Amulet Ability: Thermal Exchange Level: 50 Tera Type: Poison - Dragon Dance - Protect - Glaive Rush - Ice Shard Chi-Yu @ Eject Pack Ability: Beads of Ruin Level: 50 Tera Type: Fire - Overheat - Heat Wave - Dark Pulse - Protect Murkrow @ Eviolite Ability: Prankster Level: 50 Tera Type: Ghost - Sunny Day - Tailwind - Haze - Foul Play Maushold @ Safety Goggles Ability: Friend Guard Level: 50 Tera Type: Ghost - Follow Me - Encore - Super Fang - Protect Flutter Mane @ Choice Specs Ability: Protosynthesis Level: 50 Tera Type: Fairy - Moonblast - Dazzling Gleam - Shadow Ball - Power Gem <\/details><\/div> Open Team Sheet for Moxie Boosted<\/summary>Gyarados @ Safety Goggles Ability: Intimidate Level: 50 Tera Type: Poison - Protect - Thunder Wave - Waterfall - Taunt Wo-Chien @ Leftovers Ability: Tablets of Ruin Level: 50 Tera Type: Poison - Foul Play - Leech Seed - Pollen Puff - Protect Glimmora @ Assault Vest Ability: Corrosion Level: 50 Tera Type: Grass - Power Gem - Earth Power - Mortal Spin - Venoshock Chi-Yu @ Charcoal Ability: Beads of Ruin Level: 50 Tera Type: Ghost - Heat Wave - Dark Pulse - Overheat - Protect Iron Bundle @ Booster Energy Ability: Quark Drive Level: 50 Tera Type: Ice - Protect - Hydro Pump - Icy Wind - Freeze-Dry Flutter Mane @ Choice Specs Ability: Protosynthesis Level: 50 Tera Type: Water - Shadow Ball - Dazzling Gleam - Protect - Moonblast <\/details><\/div>\n|j| Beyontle\n|c|\u2606Radio Free C-Side|glhf\n|c|\u2606Moxie Boosted|gl hf\n|j| sonc27\n|c| Beyontle|Hello mr.boosted\n|\n|t:|1683848239\n|start\n|switch|p1a: Murkrow|Murkrow, L50, F|100\/100\n|switch|p1b: Flutter Mane|Flutter Mane, L50|100\/100\n|switch|p2a: Gyarados|Gyarados, L50, F|100\/100\n|switch|p2b: Glimmora|Glimmora, L50, M|100\/100\n|-ability|p2a: Gyarados|Intimidate|boost\n|-unboost|p1a: Murkrow|atk|1\n|-unboost|p1b: Flutter Mane|atk|1\n|turn|1\n|\n|t:|1683848259\n|-terastallize|p2a: Gyarados|Poison\n|move|p1a: Murkrow|Sunny Day|p1a: Murkrow\n|-weather|SunnyDay\n|-activate|p1b: Flutter Mane|ability: Protosynthesis\n|-start|p1b: Flutter Mane|protosynthesisspa\n|move|p1b: Flutter Mane|Power Gem|p2a: Gyarados\n|-damage|p2a: Gyarados|47\/100\n|move|p2a: Gyarados|Waterfall|p1b: Flutter Mane\n|-damage|p1b: Flutter Mane|56\/100\n|move|p2b: Glimmora|Mortal Spin|p1a: Murkrow|[spread] p1a,p1b\n|-damage|p1a: Murkrow|95\/100\n|-damage|p1b: Flutter Mane|47\/100\n|-status|p1a: Murkrow|psn\n|-status|p1b: Flutter Mane|psn\n|\n|-weather|SunnyDay|[upkeep]\n|-damage|p1b: Flutter Mane|35\/100 psn|[from] psn\n|-damage|p1a: Murkrow|82\/100 psn|[from] psn\n|upkeep\n|turn|2\n|\n|t:|1683848279\n|switch|p2a: Wo-Chien|Wo-Chien, L50|100\/100\n|-ability|p2a: Wo-Chien|Tablets of Ruin\n|move|p1a: Murkrow|Tailwind|p1a: Murkrow\n|-sidestart|p1: Radio Free C-Side|move: Tailwind\n|move|p1b: Flutter Mane|Power Gem|p2a: Wo-Chien\n|-damage|p2a: Wo-Chien|64\/100\n|move|p2b: Glimmora|Venoshock|p1b: Flutter Mane\n|-damage|p1b: Flutter Mane|0 fnt\n|faint|p1b: Flutter Mane\n|-end|p1b: Flutter Mane|Protosynthesis|[silent]\n|\n|-weather|SunnyDay|[upkeep]\n|-heal|p2a: Wo-Chien|70\/100|[from] item: Leftovers\n|-damage|p1a: Murkrow|70\/100 psn|[from] psn\n|upkeep\n|\n|t:|1683848292\n|switch|p1b: Scizor|Scizor, L50, F|100\/100\n|turn|3\n|\n|t:|1683848324\n|switch|p1a: Chi-Yu|Chi-Yu, L50|100\/100\n|-ability|p1a: Chi-Yu|Beads of Ruin\n|switch|p2a: Gyarados|Gyarados, L50, F, tera:Poison|47\/100\n|-ability|p2a: Gyarados|Intimidate|boost\n|-unboost|p1a: Chi-Yu|atk|1\n|-enditem|p1a: Chi-Yu|Eject Pack\n|-unboost|p1b: Scizor|atk|1\n|\n|t:|1683848335\n|switch|p1a: Murkrow|Murkrow, L50, F|70\/100 psn\n|move|p1b: Scizor|Bullet Punch|p2b: Glimmora\n|-supereffective|p2b: Glimmora\n|-damage|p2b: Glimmora|28\/100\n|move|p2b: Glimmora|Venoshock|p1a: Murkrow\n|-damage|p1a: Murkrow|5\/100 psn\n|\n|-weather|SunnyDay|[upkeep]\n|-damage|p1a: Murkrow|0 fnt|[from] psn\n|faint|p1a: Murkrow\n|upkeep\n|\n|t:|1683848341\n|switch|p1a: Chi-Yu|Chi-Yu, L50|100\/100\n|-ability|p1a: Chi-Yu|Beads of Ruin\n|turn|4\n|\n|t:|1683848355\n|switch|p2b: Wo-Chien|Wo-Chien, L50|70\/100\n|-ability|p2b: Wo-Chien|Tablets of Ruin\n|-terastallize|p1a: Chi-Yu|Fire\n|move|p2a: Gyarados|Protect|p2a: Gyarados\n|-singleturn|p2a: Gyarados|Protect\n|move|p1b: Scizor|Bullet Punch|p2a: Gyarados\n|-activate|p2a: Gyarados|move: Protect\n|move|p1a: Chi-Yu|Heat Wave|p2b: Wo-Chien|[spread] p2b\n|-activate|p2a: Gyarados|move: Protect\n|-supereffective|p2b: Wo-Chien\n|-damage|p2b: Wo-Chien|0 fnt\n|faint|p2b: Wo-Chien\n|\n|-weather|SunnyDay|[upkeep]\n|upkeep\n|\n|t:|1683848366\n|switch|p2b: Glimmora|Glimmora, L50, M|28\/100\n|turn|5\n|\n|t:|1683848374\n|move|p2a: Gyarados|Protect||[still]\n|-fail|p2a: Gyarados\n|move|p1b: Scizor|Bullet Punch|p2a: Gyarados\n|-damage|p2a: Gyarados|8\/100\n|move|p1a: Chi-Yu|Heat Wave|p2b: Glimmora|[spread] p2a,p2b\n|-resisted|p2b: Glimmora\n|-damage|p2a: Gyarados|0 fnt\n|-damage|p2b: Glimmora|0 fnt\n|faint|p2a: Gyarados\n|faint|p2b: Glimmora\n|\n|-weather|none\n|-sideend|p1: Radio Free C-Side|move: Tailwind\n|upkeep\n|\n|t:|1683848378\n|switch|p2b: Iron Bundle|Iron Bundle, L50|100\/100\n|-enditem|p2b: Iron Bundle|Booster Energy\n|-activate|p2b: Iron Bundle|ability: Quark Drive|[fromitem]\n|-start|p2b: Iron Bundle|quarkdrivespe\n|turn|6\n|\n|t:|1683848388\n|move|p2b: Iron Bundle|Protect|p2b: Iron Bundle\n|-singleturn|p2b: Iron Bundle|Protect\n|move|p1b: Scizor|Bullet Punch|p2b: Iron Bundle\n|-activate|p2b: Iron Bundle|move: Protect\n|move|p1a: Chi-Yu|Overheat|p2b: Iron Bundle\n|-activate|p2b: Iron Bundle|move: Protect\n|\n|upkeep\n|turn|7\n|\n|t:|1683848395\n|move|p1b: Scizor|Bullet Punch|p2b: Iron Bundle\n|-damage|p2b: Iron Bundle|68\/100\n|move|p2b: Iron Bundle|Hydro Pump|p1a: Chi-Yu\n|-supereffective|p1a: Chi-Yu\n|-damage|p1a: Chi-Yu|3\/100\n|move|p1a: Chi-Yu|Overheat|p2b: Iron Bundle|[miss]\n|-miss|p1a: Chi-Yu|p2b: Iron Bundle\n|\n|upkeep\n|turn|8\n|\n|t:|1683848405\n|move|p1b: Scizor|Bullet Punch|p2b: Iron Bundle\n|-damage|p2b: Iron Bundle|35\/100\n|move|p2b: Iron Bundle|Icy Wind|p1a: Chi-Yu|[spread] p1a,p1b\n|-resisted|p1a: Chi-Yu\n|-resisted|p1b: Scizor\n|-damage|p1a: Chi-Yu|0 fnt\n|-damage|p1b: Scizor|85\/100\n|-unboost|p1b: Scizor|spe|1\n|faint|p1a: Chi-Yu\n|\n|upkeep\n|turn|9\n|\n|t:|1683848413\n|move|p1b: Scizor|Bullet Punch|p2b: Iron Bundle\n|-damage|p2b: Iron Bundle|2\/100\n|move|p2b: Iron Bundle|Hydro Pump|p1b: Scizor\n|-damage|p1b: Scizor|17\/100\n|\n|upkeep\n|turn|10\n|c|\u2606Radio Free C-Side|gg\n|c|\u2606Moxie Boosted|he can take it\n|\n|t:|1683848424\n|move|p1b: Scizor|Bullet Punch|p2b: Iron Bundle\n|-damage|p2b: Iron Bundle|0 fnt\n|faint|p2b: Iron Bundle\n|-end|p2b: Iron Bundle|Quark Drive|[silent]\n|\n|win|Radio Free C-Side\n|n|\u2606Radio Free C-Side|radiofreecside\n|n|\u2606Moxie Boosted|moxieboosted\n|n| Beyontle|beyontle\n|n| sonc27|sonc27\n|c|\u2606Radio Free C-Side|I believe\n|c|\u2606Moxie Boosted|yoooo\n|c| Beyontle|yeah\n|c|\u2606Moxie Boosted|gg wp\n|l|\u2606Moxie Boosted\n","uploadtime":1683848440,"views":8,"p1id":"radiofreecside","p2id":"moxieboosted","formatid":"gen9vgc2023regulationc","rating":0,"private":0,"password":""}