{"id":"gen9vgc2023regulationc-1855878232","p1":"dotcubus","p2":"Kirizioaro","format":"[Gen 9] VGC 2023 Regulation C","log":"|j|\u2606dotcubus\n|j|\u2606Kirizioaro\n|t:|1682995060\n|gametype|doubles\n|player|p1|dotcubus|guitarist|1195\n|player|p2|Kirizioaro|lance|1081\n|teamsize|p1|6\n|teamsize|p2|6\n|gen|9\n|tier|[Gen 9] VGC 2023 Regulation C\n|rated|\n|rule|Species Clause: Limit one of each Pok\u00e9mon\n|rule|Item Clause: Limit one of each item\n|clearpoke\n|poke|p1|Flutter Mane, L50|\n|poke|p1|Wo-Chien, L50|\n|poke|p1|Glimmora, L50, F|\n|poke|p1|Chi-Yu, L50|\n|poke|p1|Corviknight, L50, F|\n|poke|p1|Rotom-Wash, L50|\n|poke|p2|Dondozo, L50, F|\n|poke|p2|Tatsugiri-Stretchy, L50, F|\n|poke|p2|Chi-Yu, L50|\n|poke|p2|Flutter Mane, L50|\n|poke|p2|Dragonite, L50, M|\n|poke|p2|Glimmora, L50, F|\n|teampreview|4\n|inactive|Battle timer is ON: inactive players will automatically lose when time's up. (requested by dotcubus)\n|inactive|dotcubus has 60 seconds left.\n|inactive|Kirizioaro has 60 seconds left.\n|\n|t:|1682995099\n|start\n|switch|p1a: Rotom|Rotom-Wash, L50|100\/100\n|switch|p1b: Glimmora|Glimmora, L50, F|100\/100\n|switch|p2a: Tatsugiri|Tatsugiri-Stretchy, L50, F|100\/100\n|switch|p2b: Glimmora|Glimmora, L50, F|100\/100\n|turn|1\n|inactive|dotcubus has 30 seconds left.\n|\n|t:|1682995134\n|-terastallize|p2a: Tatsugiri|Ghost\n|move|p2b: Glimmora|Earth Power|p1b: Glimmora\n|-supereffective|p1b: Glimmora\n|-damage|p1b: Glimmora|18\/100\n|move|p1a: Rotom|Hydro Pump|p2a: Tatsugiri\n|-activate|p2a: Tatsugiri|ability: Storm Drain\n|-ability|p2a: Tatsugiri|Storm Drain|boost\n|-boost|p2a: Tatsugiri|spa|1\n|move|p1b: Glimmora|Mortal Spin|p2b: Glimmora|[spread] p2a,p2b\n|-resisted|p2a: Tatsugiri\n|-resisted|p2b: Glimmora\n|-damage|p2a: Tatsugiri|97\/100\n|-damage|p2b: Glimmora|99\/100\n|-status|p2a: Tatsugiri|psn\n|-status|p2b: Glimmora|psn\n|-activate|p2b: Glimmora|ability: Toxic Debris\n|-sidestart|p1: dotcubus|move: Toxic Spikes\n|-sideend|p1: dotcubus|Toxic Spikes|[from] move: Mortal Spin|[of] p1b: Glimmora\n|move|p2a: Tatsugiri|Muddy Water|p1a: Rotom|[spread] p1a,p1b\n|-resisted|p1a: Rotom\n|-supereffective|p1b: Glimmora\n|-damage|p1a: Rotom|62\/100\n|-damage|p1b: Glimmora|0 fnt\n|faint|p1b: Glimmora\n|\n|-damage|p2b: Glimmora|87\/100 psn|[from] psn\n|-damage|p2a: Tatsugiri|85\/100 psn|[from] psn\n|upkeep\n|\n|t:|1682995157\n|switch|p1b: Wo-Chien|Wo-Chien, L50|100\/100\n|-ability|p1b: Wo-Chien|Tablets of Ruin\n|turn|2\n|\n|t:|1682995168\n|move|p2b: Glimmora|Toxic|p1b: Wo-Chien\n|-status|p1b: Wo-Chien|tox\n|move|p1a: Rotom|Thunderbolt|p2a: Tatsugiri\n|-damage|p2a: Tatsugiri|39\/100 psn\n|move|p2a: Tatsugiri|Muddy Water|p1b: Wo-Chien|[spread] p1a,p1b\n|-resisted|p1a: Rotom\n|-resisted|p1b: Wo-Chien\n|-damage|p1a: Rotom|18\/100\n|-damage|p1b: Wo-Chien|78\/100 tox\n|move|p1b: Wo-Chien|Leech Seed|p2b: Glimmora\n|-start|p2b: Glimmora|move: Leech Seed\n|\n|-heal|p1b: Wo-Chien|84\/100 tox|[from] item: Leftovers\n|-damage|p2b: Glimmora|75\/100 psn|[from] Leech Seed|[of] p1b: Wo-Chien\n|-heal|p1b: Wo-Chien|94\/100 tox|[silent]\n|-damage|p2b: Glimmora|63\/100 psn|[from] psn\n|-damage|p2a: Tatsugiri|27\/100 psn|[from] psn\n|-damage|p1b: Wo-Chien|87\/100 tox|[from] psn\n|upkeep\n|turn|3\n|\n|t:|1682995186\n|move|p1a: Rotom|Protect|p1a: Rotom\n|-singleturn|p1a: Rotom|Protect\n|move|p2b: Glimmora|Toxic|p1a: Rotom\n|-activate|p1a: Rotom|move: Protect\n|move|p2a: Tatsugiri|Muddy Water|p1a: Rotom|[spread] p1b\n|-activate|p1a: Rotom|move: Protect\n|-resisted|p1b: Wo-Chien\n|-damage|p1b: Wo-Chien|61\/100 tox\n|move|p1b: Wo-Chien|Leech Seed|p2a: Tatsugiri\n|-start|p2a: Tatsugiri|move: Leech Seed\n|\n|-heal|p1b: Wo-Chien|68\/100 tox|[from] item: Leftovers\n|-damage|p2b: Glimmora|51\/100 psn|[from] Leech Seed|[of] p1b: Wo-Chien\n|-heal|p1b: Wo-Chien|78\/100 tox|[silent]\n|-damage|p2a: Tatsugiri|15\/100 psn|[from] Leech Seed|[of] p1b: Wo-Chien\n|-heal|p1b: Wo-Chien|89\/100 tox|[silent]\n|-damage|p2b: Glimmora|39\/100 psn|[from] psn\n|-damage|p2a: Tatsugiri|3\/100 psn|[from] psn\n|-damage|p1b: Wo-Chien|76\/100 tox|[from] psn\n|upkeep\n|turn|4\n|inactive|dotcubus has 30 seconds left.\n|\n|t:|1682995212\n|switch|p1a: Corviknight|Corviknight, L50, F|100\/100\n|move|p2b: Glimmora|Power Gem|p1a: Corviknight\n|-damage|p1a: Corviknight|62\/100\n|move|p2a: Tatsugiri|Muddy Water|p1a: Corviknight|[spread] \n|-miss|p2a: Tatsugiri|p1a: Corviknight\n|-miss|p2a: Tatsugiri|p1b: Wo-Chien\n|move|p1b: Wo-Chien|Pollen Puff|p2b: Glimmora\n|-resisted|p2b: Glimmora\n|-damage|p2b: Glimmora|26\/100 psn\n|\n|-heal|p1b: Wo-Chien|82\/100 tox|[from] item: Leftovers\n|-damage|p2b: Glimmora|14\/100 psn|[from] Leech Seed|[of] p1b: Wo-Chien\n|-heal|p1b: Wo-Chien|92\/100 tox|[silent]\n|-damage|p2a: Tatsugiri|0 fnt|[from] Leech Seed|[of] p1b: Wo-Chien\n|-heal|p1b: Wo-Chien|94\/100 tox|[silent]\n|faint|p2a: Tatsugiri\n|-damage|p2b: Glimmora|2\/100 psn|[from] psn\n|-damage|p1b: Wo-Chien|75\/100 tox|[from] psn\n|upkeep\n|\n|t:|1682995233\n|switch|p2a: Dondozo|Dondozo, L50, F|100\/100\n|turn|5\n|\n|t:|1682995243\n|move|p2a: Dondozo|Protect|p2a: Dondozo\n|-singleturn|p2a: Dondozo|Protect\n|move|p2b: Glimmora|Power Gem|p1a: Corviknight\n|-damage|p1a: Corviknight|24\/100\n|move|p1b: Wo-Chien|Leech Seed|p2a: Dondozo\n|-activate|p2a: Dondozo|move: Protect\n|move|p1a: Corviknight|Bulk Up|p1a: Corviknight\n|-boost|p1a: Corviknight|atk|1\n|-boost|p1a: Corviknight|def|1\n|\n|-heal|p1b: Wo-Chien|82\/100 tox|[from] item: Leftovers\n|-damage|p2b: Glimmora|0 fnt|[from] Leech Seed|[of] p1b: Wo-Chien\n|-heal|p1b: Wo-Chien|83\/100 tox|[silent]\n|faint|p2b: Glimmora\n|-damage|p1b: Wo-Chien|58\/100 tox|[from] psn\n|upkeep\n|\n|t:|1682995257\n|switch|p2b: Flutter Mane|Flutter Mane, L50|100\/100\n|-enditem|p2b: Flutter Mane|Booster Energy\n|-activate|p2b: Flutter Mane|ability: Protosynthesis|[fromitem]\n|-start|p2b: Flutter Mane|protosynthesisspe\n|turn|6\n|\n|t:|1682995280\n|-terastallize|p1b: Wo-Chien|Poison\n|move|p2b: Flutter Mane|Substitute|p2b: Flutter Mane\n|-start|p2b: Flutter Mane|Substitute\n|-damage|p2b: Flutter Mane|76\/100\n|move|p1b: Wo-Chien|Leech Seed|p2a: Dondozo\n|-start|p2a: Dondozo|move: Leech Seed\n|move|p1a: Corviknight|Roost|p1a: Corviknight\n|-heal|p1a: Corviknight|75\/100\n|-singleturn|p1a: Corviknight|move: Roost\n|move|p2a: Dondozo|Yawn|p1a: Corviknight\n|-start|p1a: Corviknight|move: Yawn|[of] p2a: Dondozo\n|\n|-heal|p1b: Wo-Chien|65\/100 tox|[from] item: Leftovers\n|-damage|p2a: Dondozo|88\/100|[from] Leech Seed|[of] p1b: Wo-Chien\n|-heal|p1b: Wo-Chien|81\/100 tox|[silent]\n|-damage|p1b: Wo-Chien|50\/100 tox|[from] psn\n|upkeep\n|turn|7\n|inactive|dotcubus has 30 seconds left.\n|inactive|Kirizioaro has 30 seconds left.\n|inactive|dotcubus has 20 seconds left.\n|inactive|dotcubus has 15 seconds left.\n|inactive|dotcubus has 10 seconds left.\n|inactive|dotcubus has 5 seconds left.\n|\n|t:|1682995332\n|move|p2b: Flutter Mane|Protect|p2b: Flutter Mane\n|-singleturn|p2b: Flutter Mane|Protect\n|move|p1b: Wo-Chien|Leech Seed|p2b: Flutter Mane\n|-activate|p2b: Flutter Mane|move: Protect\n|move|p1a: Corviknight|Brave Bird|p2b: Flutter Mane\n|-activate|p2b: Flutter Mane|move: Protect\n|move|p2a: Dondozo|Wave Crash|p1a: Corviknight\n|-damage|p1a: Corviknight|51\/100\n|-damage|p2a: Dondozo|82\/100|[from] Recoil\n|\n|-heal|p1b: Wo-Chien|56\/100 tox|[from] item: Leftovers\n|-damage|p2a: Dondozo|69\/100|[from] Leech Seed|[of] p1b: Wo-Chien\n|-heal|p1b: Wo-Chien|73\/100 tox|[silent]\n|-damage|p1b: Wo-Chien|35\/100 tox|[from] psn\n|-end|p1a: Corviknight|move: Yawn|[silent]\n|-status|p1a: Corviknight|slp\n|-enditem|p1a: Corviknight|Lum Berry|[eat]\n|-curestatus|p1a: Corviknight|slp|[msg]\n|upkeep\n|turn|8\n|inactive|Kirizioaro has 30 seconds left.\n|\n|t:|1682995357\n|move|p2b: Flutter Mane|Hex|p1a: Corviknight\n|-damage|p1a: Corviknight|20\/100\n|move|p1b: Wo-Chien|Leech Seed||[still]\n|-fail|p1b: Wo-Chien\n|move|p1a: Corviknight|Brave Bird|p2b: Flutter Mane\n|-end|p2b: Flutter Mane|Substitute\n|-damage|p1a: Corviknight|14\/100|[from] Recoil|[of] p2b: Flutter Mane\n|move|p2a: Dondozo|Wave Crash|p1a: Corviknight\n|-damage|p1a: Corviknight|0 fnt\n|faint|p1a: Corviknight\n|-damage|p2a: Dondozo|66\/100|[from] Recoil\n|\n|-heal|p1b: Wo-Chien|42\/100 tox|[from] item: Leftovers\n|-damage|p2a: Dondozo|53\/100|[from] Leech Seed|[of] p1b: Wo-Chien\n|-heal|p1b: Wo-Chien|58\/100 tox|[silent]\n|-damage|p1b: Wo-Chien|15\/100 tox|[from] psn\n|upkeep\n|\n|t:|1682995374\n|switch|p1a: Rotom|Rotom-Wash, L50|18\/100\n|turn|9\n|\n|t:|1682995383\n|move|p2b: Flutter Mane|Protect|p2b: Flutter Mane\n|-singleturn|p2b: Flutter Mane|Protect\n|move|p1a: Rotom|Thunderbolt|p2a: Dondozo\n|-supereffective|p2a: Dondozo\n|-damage|p2a: Dondozo|1\/100\n|-enditem|p2a: Dondozo|Sitrus Berry|[eat]\n|-heal|p2a: Dondozo|26\/100|[from] item: Sitrus Berry\n|move|p1b: Wo-Chien|Leech Seed|p2b: Flutter Mane\n|-activate|p2b: Flutter Mane|move: Protect\n|move|p2a: Dondozo|Yawn|p1a: Rotom\n|-start|p1a: Rotom|move: Yawn|[of] p2a: Dondozo\n|\n|-heal|p1b: Wo-Chien|21\/100 tox|[from] item: Leftovers\n|-damage|p2a: Dondozo|13\/100|[from] Leech Seed|[of] p1b: Wo-Chien\n|-heal|p1b: Wo-Chien|37\/100 tox|[silent]\n|-damage|p1b: Wo-Chien|0 fnt|[from] psn\n|faint|p1b: Wo-Chien\n|upkeep\n|turn|10\n|\n|t:|1682995401\n|move|p2a: Dondozo|Protect|p2a: Dondozo\n|-singleturn|p2a: Dondozo|Protect\n|move|p2b: Flutter Mane|Substitute|p2b: Flutter Mane\n|-start|p2b: Flutter Mane|Substitute\n|-damage|p2b: Flutter Mane|51\/100\n|move|p1a: Rotom|Thunderbolt|p2a: Dondozo\n|-activate|p2a: Dondozo|move: Protect\n|\n|-end|p1a: Rotom|move: Yawn|[silent]\n|-status|p1a: Rotom|slp\n|upkeep\n|turn|11\n|\n|t:|1682995422\n|move|p2b: Flutter Mane|Hex|p1a: Rotom\n|-damage|p1a: Rotom|0 fnt\n|faint|p1a: Rotom\n|\n|win|Kirizioaro\n|raw|dotcubus's rating: 1195 → 1162<\/strong> (-33 for losing)\n|raw|Kirizioaro's rating: 1081 → 1118<\/strong> (+37 for winning)\n","uploadtime":1682995430,"views":11,"p1id":"dotcubus","p2id":"kirizioaro","formatid":"gen9vgc2023regulationc","rating":1118,"private":0,"password":""}