{"id":"gen9vgc2023regulationc-1856376370","p1":"mike3092","p2":"R3quiemVGC","format":"[Gen 9] VGC 2023 Regulation C","log":"|j|\u2606mike3092\n|j|\u203dR3quiemVGC\n|t:|1683055562\n|gametype|doubles\n|player|p1|mike3092|101|\n|player|p2|R3quiemVGC|1|\n|teamsize|p1|6\n|teamsize|p2|6\n|gen|9\n|tier|[Gen 9] VGC 2023 Regulation C\n|rule|Species Clause: Limit one of each Pok\u00e9mon\n|rule|Item Clause: Limit one of each item\n|clearpoke\n|poke|p1|Garganacl, L50, M|\n|poke|p1|Amoonguss, L50, M|\n|poke|p1|Roaring Moon, L50|\n|poke|p1|Arcanine, L50, M|\n|poke|p1|Ting-Lu, L50|\n|poke|p1|Iron Bundle, L50|\n|poke|p2|Glimmora, L50, F|\n|poke|p2|Wo-Chien, L50|\n|poke|p2|Flutter Mane, L50|\n|poke|p2|Dondozo, L50, F|\n|poke|p2|Tatsugiri, L50, M|\n|poke|p2|Chi-Yu, L50|\n|teampreview|4\nR3quiemVGC has agreed to open team sheets.\nmike3092 has agreed to open team sheets.\n|\n|t:|1683055653\n|start\n|switch|p1a: Garganacl|Garganacl, L50, M, shiny|100\/100\n|switch|p1b: Ting-Lu|Ting-Lu, L50|100\/100\n|switch|p2a: Flutter Mane|Flutter Mane, L50|100\/100\n|switch|p2b: Chi-Yu|Chi-Yu, L50|100\/100\n|-ability|p2b: Chi-Yu|Beads of Ruin\n|-ability|p1b: Ting-Lu|Vessel of Ruin\n|turn|1\n|\n|t:|1683055705\n|move|p2a: Flutter Mane|Moonblast|p1b: Ting-Lu\n|-supereffective|p1b: Ting-Lu\n|-damage|p1b: Ting-Lu|31\/100\n|move|p2b: Chi-Yu|Dark Pulse|p1a: Garganacl\n|-damage|p1a: Garganacl|67\/100\n|move|p1b: Ting-Lu|Heavy Slam|p2a: Flutter Mane\n|-supereffective|p2a: Flutter Mane\n|-damage|p2a: Flutter Mane|0 fnt\n|faint|p2a: Flutter Mane\n|-end|p2a: Flutter Mane|Protosynthesis|[silent]\n|cant|p1a: Garganacl|flinch\n|\n|-heal|p1a: Garganacl|72\/100|[from] item: Leftovers\n|upkeep\n|\n|t:|1683055718\n|switch|p2a: Dondozo|Dondozo, L50, F|100\/100\n|turn|2\n|\n|t:|1683055736\n|switch|p1b: Arcanine|Arcanine, L50, M|100\/100\n|-ability|p1b: Arcanine|Intimidate|boost\n|-unboost|p2a: Dondozo|atk|1\n|-unboost|p2b: Chi-Yu|atk|1\n|move|p1a: Garganacl|Protect|p1a: Garganacl\n|-singleturn|p1a: Garganacl|Protect\n|move|p2b: Chi-Yu|Dark Pulse|p1b: Arcanine\n|-damage|p1b: Arcanine|43\/100\n|move|p2a: Dondozo|Wave Crash|p1a: Garganacl\n|-activate|p1a: Garganacl|move: Protect\n|\n|-heal|p1a: Garganacl|78\/100|[from] item: Leftovers\n|upkeep\n|turn|3\n|\n|t:|1683055765\n|switch|p2b: Tatsugiri|Tatsugiri, L50, M|100\/100\n|-activate|p2b: Tatsugiri|ability: Commander|[of] p2a: Dondozo\n|-boost|p2a: Dondozo|atk|2\n|-boost|p2a: Dondozo|spa|2\n|-boost|p2a: Dondozo|spe|2\n|-boost|p2a: Dondozo|def|2\n|-boost|p2a: Dondozo|spd|2\n|switch|p1b: Ting-Lu|Ting-Lu, L50|31\/100\n|-ability|p1b: Ting-Lu|Vessel of Ruin\n|move|p2a: Dondozo|Wave Crash|p1a: Garganacl\n|-supereffective|p1a: Garganacl\n|-damage|p1a: Garganacl|0 fnt\n|faint|p1a: Garganacl\n|-damage|p2a: Dondozo|77\/100|[from] Recoil\n|\n|-heal|p2a: Dondozo|83\/100|[from] item: Leftovers\n|upkeep\n|\n|t:|1683055782\n|switch|p1a: Arcanine|Arcanine, L50, M|43\/100\n|-ability|p1a: Arcanine|Intimidate|boost\n|-unboost|p2a: Dondozo|atk|1\n|-unboost|p2b: Tatsugiri|atk|1\n|turn|4\n|\n|t:|1683055791\n|-terastallize|p1a: Arcanine|Grass\n|move|p2a: Dondozo|Earthquake|p1a: Arcanine|[spread] p1a,p1b\n|-miss|p2a: Dondozo|p2b: Tatsugiri\n|-resisted|p1a: Arcanine\n|-damage|p1a: Arcanine|30\/100\n|-damage|p1b: Ting-Lu|19\/100\n|move|p1a: Arcanine|Will-O-Wisp|p2a: Dondozo|[miss]\n|-miss|p1a: Arcanine|p2a: Dondozo\n|move|p1b: Ting-Lu|Fissure|p2a: Dondozo|[miss]\n|-miss|p1b: Ting-Lu|p2a: Dondozo\n|\n|-heal|p2a: Dondozo|90\/100|[from] item: Leftovers\n|upkeep\n|turn|5\n|\n|t:|1683055808\n|-terastallize|p2a: Dondozo|Flying\n|move|p1a: Arcanine|Protect|p1a: Arcanine\n|-singleturn|p1a: Arcanine|Protect\n|move|p2a: Dondozo|Wave Crash|p1b: Ting-Lu\n|-supereffective|p1b: Ting-Lu\n|-damage|p1b: Ting-Lu|0 fnt\n|faint|p1b: Ting-Lu\n|-damage|p2a: Dondozo|83\/100|[from] Recoil\n|\n|-heal|p2a: Dondozo|89\/100|[from] item: Leftovers\n|upkeep\n|\n|t:|1683055818\n|switch|p1b: Roaring Moon|Roaring Moon, L50|100\/100\n|-enditem|p1b: Roaring Moon|Booster Energy\n|-activate|p1b: Roaring Moon|ability: Protosynthesis|[fromitem]\n|-start|p1b: Roaring Moon|protosynthesisatk\n|turn|6\n|\n|t:|1683055833\n|move|p1a: Arcanine|Protect||[still]\n|-fail|p1a: Arcanine\n|move|p2a: Dondozo|Wave Crash|p1b: Roaring Moon\n|-resisted|p1b: Roaring Moon\n|-damage|p1b: Roaring Moon|70\/100\n|-damage|p2a: Dondozo|80\/100|[from] Recoil\n|move|p1b: Roaring Moon|Tailwind|p1b: Roaring Moon\n|-sidestart|p1: mike3092|move: Tailwind\n|\n|-heal|p2a: Dondozo|86\/100|[from] item: Leftovers\n|upkeep\n|turn|7\n|\n|t:|1683055846\n|move|p2a: Dondozo|Protect|p2a: Dondozo\n|-singleturn|p2a: Dondozo|Protect\n|move|p1a: Arcanine|Will-O-Wisp|p2a: Dondozo\n|-activate|p2a: Dondozo|move: Protect\n|move|p1b: Roaring Moon|Breaking Swipe|p2b: Tatsugiri|[spread] \n|-miss|p1b: Roaring Moon|p2b: Tatsugiri\n|-activate|p2a: Dondozo|move: Protect\n|\n|-heal|p2a: Dondozo|92\/100|[from] item: Leftovers\n|upkeep\n|turn|8\n|\n|t:|1683055859\n|move|p1a: Arcanine|Will-O-Wisp|p2a: Dondozo|[miss]\n|-miss|p1a: Arcanine|p2a: Dondozo\n|move|p1b: Roaring Moon|Breaking Swipe|p2a: Dondozo|[spread] p2a\n|-miss|p1b: Roaring Moon|p2b: Tatsugiri\n|-damage|p2a: Dondozo|79\/100\n|-unboost|p2a: Dondozo|atk|1\n|move|p2a: Dondozo|Earthquake|p1a: Arcanine|[spread] p1a,p1b\n|-miss|p2a: Dondozo|p2b: Tatsugiri\n|-resisted|p1a: Arcanine\n|-damage|p1a: Arcanine|23\/100\n|-damage|p1b: Roaring Moon|54\/100\n|\n|-heal|p2a: Dondozo|85\/100|[from] item: Leftovers\n|upkeep\n|turn|9\n|\n|t:|1683055880\n|move|p2a: Dondozo|Protect|p2a: Dondozo\n|-singleturn|p2a: Dondozo|Protect\n|move|p1a: Arcanine|Will-O-Wisp|p2a: Dondozo\n|-activate|p2a: Dondozo|move: Protect\n|move|p1b: Roaring Moon|Breaking Swipe|p2b: Tatsugiri|[spread] \n|-miss|p1b: Roaring Moon|p2b: Tatsugiri\n|-activate|p2a: Dondozo|move: Protect\n|\n|-heal|p2a: Dondozo|91\/100|[from] item: Leftovers\n|-sideend|p1: mike3092|move: Tailwind\n|upkeep\n|turn|10\n|\n|t:|1683055894\n|move|p2a: Dondozo|Wave Crash|p1b: Roaring Moon\n|-resisted|p1b: Roaring Moon\n|-damage|p1b: Roaring Moon|34\/100\n|-damage|p2a: Dondozo|86\/100|[from] Recoil\n|move|p1a: Arcanine|Will-O-Wisp|p2a: Dondozo\n|-status|p2a: Dondozo|brn\n|move|p1b: Roaring Moon|Breaking Swipe|p2a: Dondozo|[spread] p2a\n|-miss|p1b: Roaring Moon|p2b: Tatsugiri\n|-crit|p2a: Dondozo\n|-damage|p2a: Dondozo|52\/100 brn\n|-unboost|p2a: Dondozo|atk|1\n|\n|-heal|p2a: Dondozo|58\/100 brn|[from] item: Leftovers\n|-damage|p2a: Dondozo|52\/100 brn|[from] brn\n|upkeep\n|turn|11\n|\n|t:|1683055918\n|move|p2a: Dondozo|Yawn|p1b: Roaring Moon\n|-start|p1b: Roaring Moon|move: Yawn|[of] p2a: Dondozo\n|move|p1a: Arcanine|Flare Blitz|p2a: Dondozo\n|-damage|p2a: Dondozo|36\/100 brn\n|-damage|p1a: Arcanine|17\/100|[from] Recoil\n|move|p1b: Roaring Moon|Acrobatics|p2a: Dondozo\n|-damage|p2a: Dondozo|16\/100 brn\n|\n|-heal|p2a: Dondozo|22\/100 brn|[from] item: Leftovers\n|-damage|p2a: Dondozo|16\/100 brn|[from] brn\n|upkeep\n|turn|12\n|\n|t:|1683055933\n|move|p2a: Dondozo|Protect|p2a: Dondozo\n|-singleturn|p2a: Dondozo|Protect\n|move|p1a: Arcanine|Flare Blitz|p2a: Dondozo\n|-activate|p2a: Dondozo|move: Protect\n|move|p1b: Roaring Moon|Tailwind|p1b: Roaring Moon\n|-sidestart|p1: mike3092|move: Tailwind\n|\n|-heal|p2a: Dondozo|22\/100 brn|[from] item: Leftovers\n|-damage|p2a: Dondozo|16\/100 brn|[from] brn\n|-end|p1b: Roaring Moon|move: Yawn|[silent]\n|-status|p1b: Roaring Moon|slp\n|upkeep\n|turn|13\n|\n|t:|1683055953\n|move|p1a: Arcanine|Flare Blitz|p2a: Dondozo\n|-damage|p2a: Dondozo|0 fnt\n|faint|p2a: Dondozo\n|-damage|p1a: Arcanine|11\/100|[from] Recoil\n|cant|p1b: Roaring Moon|slp\n|\n|upkeep\n|\n|t:|1683055960\n|switch|p2a: Chi-Yu|Chi-Yu, L50|100\/100\n|-ability|p2a: Chi-Yu|Beads of Ruin\n|turn|14\n|\n|t:|1683055969\n|move|p1a: Arcanine|Snarl|p2a: Chi-Yu|[spread] p2a,p2b\n|-resisted|p2a: Chi-Yu\n|-damage|p2a: Chi-Yu|96\/100\n|-damage|p2b: Tatsugiri|85\/100\n|-unboost|p2a: Chi-Yu|spa|1\n|-unboost|p2b: Tatsugiri|spa|1\n|cant|p1b: Roaring Moon|slp\n|move|p2b: Tatsugiri|Icy Wind|p1b: Roaring Moon|[spread] p1a,p1b\n|-supereffective|p1a: Arcanine\n|-supereffective|p1b: Roaring Moon\n|-damage|p1a: Arcanine|0 fnt\n|-damage|p1b: Roaring Moon|13\/100 slp\n|-unboost|p1b: Roaring Moon|spe|1\n|faint|p1a: Arcanine\n|move|p2a: Chi-Yu|Heat Wave|p1b: Roaring Moon\n|-resisted|p1b: Roaring Moon\n|-damage|p1b: Roaring Moon|0 fnt\n|faint|p1b: Roaring Moon\n|-end|p1b: Roaring Moon|Protosynthesis|[silent]\n|\n|win|R3quiemVGC\n","uploadtime":1683056984,"views":8,"p1id":"mike3092","p2id":"r3quiemvgc","formatid":"gen9vgc2023regulationc","rating":0,"private":0,"password":""}