{"id":"gen9vgc2023regulationc-1856477022","p1":"parnalla","p2":"Hdfk","format":"[Gen 9] VGC 2023 Regulation C","log":"|j|\u2606parnalla\n|j|\u2606Hdfk\n|t:|1683065799\n|gametype|doubles\n|player|p1|parnalla|169|1104\n|player|p2|Hdfk|169|1000\n|teamsize|p1|6\n|teamsize|p2|6\n|gen|9\n|tier|[Gen 9] VGC 2023 Regulation C\n|rated|\n|rule|Species Clause: Limit one of each Pok\u00e9mon\n|rule|Item Clause: Limit one of each item\n|clearpoke\n|poke|p1|Abomasnow, L50, M|\n|poke|p1|Iron Bundle, L50|\n|poke|p1|Arcanine, L50, M|\n|poke|p1|Flutter Mane, L50|\n|poke|p1|Dragapult, L50, M|\n|poke|p1|Corviknight, L50, F|\n|poke|p2|Dondozo, L50, M|\n|poke|p2|Tatsugiri-Droopy, L50, F|\n|poke|p2|Pelipper, L50, F|\n|poke|p2|Drednaw, L50, M|\n|poke|p2|Dragonite, L50, M|\n|poke|p2|Chien-Pao, L50|\n|teampreview|4\n|\n|t:|1683065849\n|start\n|switch|p1a: Iron Bundle|Iron Bundle, L50|100\/100\n|switch|p1b: Flutter Mane|Flutter Mane, L50|100\/100\n|switch|p2a: Tatsugiri|Tatsugiri-Droopy, L50, F, shiny|100\/100\n|switch|p2b: Chien-Pao|Chien-Pao, L50|100\/100\n|-ability|p2b: Chien-Pao|Sword of Ruin\n|turn|1\n|inactive|Battle timer is ON: inactive players will automatically lose when time's up. (requested by Hdfk)\n|\n|t:|1683065875\n|-end|p1b: Flutter Mane|Protosynthesis|[silent]\n|switch|p1b: Abomasnow|Abomasnow, L50, M|100\/100\n|-weather|Snow|[from] ability: Snow Warning|[of] p1b: Abomasnow\n|move|p2b: Chien-Pao|Sucker Punch||[still]\n|-fail|p2b: Chien-Pao\n|move|p2a: Tatsugiri|Muddy Water|p1a: Iron Bundle|[spread] p1a,p1b\n|-resisted|p1a: Iron Bundle\n|-resisted|p1b: Abomasnow\n|-damage|p1a: Iron Bundle|73\/100\n|-damage|p1b: Abomasnow|89\/100\n|move|p1a: Iron Bundle|Aurora Veil|p1a: Iron Bundle\n|-sidestart|p1: parnalla|move: Aurora Veil\n|\n|-weather|Snow|[upkeep]\n|upkeep\n|turn|2\n|inactive|parnalla has 30 seconds left.\n|inactive|parnalla has 20 seconds left.\n|\n|t:|1683065914\n|switch|p2b: Pelipper|Pelipper, L50, F|100\/100\n|-weather|RainDance|[from] ability: Drizzle|[of] p2b: Pelipper\n|move|p2a: Tatsugiri|Muddy Water|p1b: Abomasnow|[spread] p1a,p1b\n|-resisted|p1a: Iron Bundle\n|-resisted|p1b: Abomasnow\n|-damage|p1a: Iron Bundle|46\/100\n|-damage|p1b: Abomasnow|77\/100\n|move|p1a: Iron Bundle|Blizzard|p2b: Pelipper|[spread] p2a,p2b\n|-damage|p2a: Tatsugiri|50\/100\n|-damage|p2b: Pelipper|48\/100\n|move|p1b: Abomasnow|Giga Drain|p2b: Pelipper\n|-damage|p2b: Pelipper|0 fnt\n|-heal|p1b: Abomasnow|98\/100|[from] drain|[of] p2b: Pelipper\n|faint|p2b: Pelipper\n|\n|-weather|RainDance|[upkeep]\n|upkeep\n|\n|t:|1683065932\n|switch|p2b: Chien-Pao|Chien-Pao, L50|100\/100\n|-ability|p2b: Chien-Pao|Sword of Ruin\n|turn|3\n|\n|t:|1683065945\n|switch|p1b: Corviknight|Corviknight, L50, F|100\/100\n|-ability|p1b: Corviknight|Pressure\n|move|p2b: Chien-Pao|Sucker Punch|p1a: Iron Bundle\n|-damage|p1a: Iron Bundle|14\/100\n|move|p2a: Tatsugiri|Muddy Water|p1a: Iron Bundle|[spread] p1a,p1b\n|-resisted|p1a: Iron Bundle\n|-damage|p1a: Iron Bundle|0 fnt\n|-damage|p1b: Corviknight|77\/100\n|faint|p1a: Iron Bundle\n|-end|p1a: Iron Bundle|Quark Drive|[silent]\n|\n|-weather|RainDance|[upkeep]\n|upkeep\n|\n|t:|1683065959\n|switch|p1a: Abomasnow|Abomasnow, L50, M|98\/100\n|-weather|Snow|[from] ability: Snow Warning|[of] p1a: Abomasnow\n|turn|4\n|inactive|Hdfk has 30 seconds left.\n|inactive|Hdfk has 20 seconds left.\n|\n|t:|1683065997\n|move|p2a: Tatsugiri|Muddy Water|p1b: Corviknight|[spread] p1a,p1b\n|-resisted|p1a: Abomasnow\n|-damage|p1a: Abomasnow|91\/100\n|-damage|p1b: Corviknight|61\/100\n|move|p2b: Chien-Pao|Sacred Sword|p1a: Abomasnow\n|-supereffective|p1a: Abomasnow\n|-damage|p1a: Abomasnow|47\/100\n|move|p1a: Abomasnow|Blizzard|p2b: Chien-Pao|[spread] p2a,p2b\n|-resisted|p2b: Chien-Pao\n|-damage|p2a: Tatsugiri|7\/100\n|-damage|p2b: Chien-Pao|72\/100\n|move|p1b: Corviknight|Bulk Up|p1b: Corviknight\n|-boost|p1b: Corviknight|atk|1\n|-boost|p1b: Corviknight|def|1\n|\n|-weather|Snow|[upkeep]\n|upkeep\n|turn|5\n|inactive|parnalla has 30 seconds left.\n|inactive|parnalla has 20 seconds left.\n|inactive|parnalla has 15 seconds left.\n|inactive|parnalla has 10 seconds left.\n|\n|t:|1683066043\n|switch|p2b: Dondozo|Dondozo, L50, M|100\/100\n|-activate|p2a: Tatsugiri|ability: Commander|[of] p2b: Dondozo\n|-boost|p2b: Dondozo|atk|2\n|-boost|p2b: Dondozo|spa|2\n|-boost|p2b: Dondozo|spe|2\n|-boost|p2b: Dondozo|def|2\n|-boost|p2b: Dondozo|spd|2\n|move|p1a: Abomasnow|Blizzard|p2a: Tatsugiri|[spread] p2b\n|-miss|p1a: Abomasnow|p2a: Tatsugiri\n|-resisted|p2b: Dondozo\n|-damage|p2b: Dondozo|91\/100\n|move|p1b: Corviknight|Bulk Up|p1b: Corviknight\n|-boost|p1b: Corviknight|atk|1\n|-boost|p1b: Corviknight|def|1\n|\n|-weather|Snow|[upkeep]\n|-sideend|p1: parnalla|move: Aurora Veil\n|upkeep\n|turn|6\n|inactive|parnalla has 30 seconds left.\n|\n|t:|1683066068\n|-terastallize|p2b: Dondozo|Water\n|move|p2b: Dondozo|Surf|p1a: Abomasnow|[spread] p1a,p1b\n|-miss|p2b: Dondozo|p2a: Tatsugiri\n|-resisted|p1a: Abomasnow\n|-damage|p1a: Abomasnow|18\/100\n|-damage|p1b: Corviknight|9\/100\n|-damage|p2b: Dondozo|81\/100|[from] item: Life Orb\n|move|p1a: Abomasnow|Giga Drain|p2b: Dondozo\n|-supereffective|p2b: Dondozo\n|-damage|p2b: Dondozo|46\/100\n|-heal|p1a: Abomasnow|38\/100|[from] drain|[of] p2b: Dondozo\n|move|p1b: Corviknight|Iron Head|p2b: Dondozo\n|-resisted|p2b: Dondozo\n|-damage|p2b: Dondozo|42\/100\n|\n|-weather|Snow|[upkeep]\n|upkeep\n|turn|7\n|inactive|parnalla has 30 seconds left.\n|inactive|Hdfk has 30 seconds left.\n|\n|t:|1683066096\n|move|p2b: Dondozo|Surf|p1b: Corviknight|[spread] p1a,p1b\n|-miss|p2b: Dondozo|p2a: Tatsugiri\n|-resisted|p1a: Abomasnow\n|-damage|p1a: Abomasnow|11\/100\n|-damage|p1b: Corviknight|0 fnt\n|faint|p1b: Corviknight\n|-damage|p2b: Dondozo|32\/100|[from] item: Life Orb\n|move|p1a: Abomasnow|Giga Drain|p2b: Dondozo\n|-supereffective|p2b: Dondozo\n|-damage|p2b: Dondozo|0 fnt\n|-heal|p1a: Abomasnow|30\/100|[from] drain|[of] p2b: Dondozo\n|faint|p2b: Dondozo\n|\n|-weather|Snow|[upkeep]\n|upkeep\n|\n|t:|1683066109\n|switch|p2b: Chien-Pao|Chien-Pao, L50|72\/100\n|switch|p1b: Flutter Mane|Flutter Mane, L50|100\/100\n|-ability|p2b: Chien-Pao|Sword of Ruin\n|turn|8\n|\n|t:|1683066131\n|-terastallize|p1b: Flutter Mane|Fairy\n|move|p2b: Chien-Pao|Sucker Punch|p1b: Flutter Mane\n|-resisted|p1b: Flutter Mane\n|-crit|p1b: Flutter Mane\n|-damage|p1b: Flutter Mane|17\/100\n|move|p2a: Tatsugiri|Muddy Water|p1a: Abomasnow|[spread] p1b\n|-miss|p2a: Tatsugiri|p1a: Abomasnow\n|-damage|p1b: Flutter Mane|0 fnt\n|faint|p1b: Flutter Mane\n|-end|p1b: Flutter Mane|Protosynthesis|[silent]\n|move|p1a: Abomasnow|Blizzard|p2a: Tatsugiri|[spread] p2a,p2b\n|-resisted|p2b: Chien-Pao\n|-damage|p2a: Tatsugiri|0 fnt\n|-damage|p2b: Chien-Pao|41\/100\n|faint|p2a: Tatsugiri\n|\n|-weather|none\n|upkeep\n|turn|9\n|\n|t:|1683066149\n|move|p2b: Chien-Pao|Sacred Sword|p1a: Abomasnow\n|-supereffective|p1a: Abomasnow\n|-damage|p1a: Abomasnow|0 fnt\n|faint|p1a: Abomasnow\n|\n|win|Hdfk\n|raw|parnalla's rating: 1104 → 1072<\/strong> (-32 for losing)\n|raw|Hdfk's rating: 1000 → 1052<\/strong> (+52 for winning)\n","uploadtime":1683066160,"views":13,"p1id":"parnalla","p2id":"hdfk","formatid":"gen9vgc2023regulationc","rating":1052,"private":0,"password":""}