{"id":"gen9vgc2023regulationc-1861551658","p1":"Championx18","p2":"Xalvadore","format":"[Gen 9] VGC 2023 Regulation C","log":"|j|\u2606Championx18\n|j|\u2606Xalvadore\n|t:|1683772123\n|gametype|doubles\n|player|p1|Championx18|102|1090\n|player|p2|Xalvadore|marnie|1157\n|teamsize|p1|6\n|teamsize|p2|6\n|gen|9\n|tier|[Gen 9] VGC 2023 Regulation C\n|rated|\n|rule|Species Clause: Limit one of each Pok\u00e9mon\n|rule|Item Clause: Limit one of each item\n|clearpoke\n|poke|p1|Palafin, L50, F|\n|poke|p1|Chien-Pao, L50|\n|poke|p1|Dragapult, L50, M|\n|poke|p1|Amoonguss, L50, F|\n|poke|p1|Arcanine, L50, M|\n|poke|p1|Flutter Mane, L50|\n|poke|p2|Dragonite, L50, F|\n|poke|p2|Tyranitar, L50, M|\n|poke|p2|Gastrodon, L50, F|\n|poke|p2|Arcanine, L50, M|\n|poke|p2|Flutter Mane, L50|\n|poke|p2|Corviknight, L50, M|\n|teampreview|4\n|inactive|Battle timer is ON: inactive players will automatically lose when time's up. (requested by Championx18)\nChampionx18 has agreed to open team sheets.\nXalvadore has agreed to open team sheets.\n|inactive|Xalvadore has 60 seconds left.\n|\n|t:|1683772172\n|start\n|switch|p1a: Bundle|Chien-Pao, L50|100\/100\n|switch|p1b: Dnite|Dragapult, L50, M|100\/100\n|switch|p2a: Tyranitar|Tyranitar, L50, M|100\/100\n|switch|p2b: Corviknight|Corviknight, L50, M|100\/100\n|-ability|p1a: Bundle|Sword of Ruin\n|-weather|Sandstorm|[from] ability: Sand Stream|[of] p2a: Tyranitar\n|turn|1\n|\n|t:|1683772187\n|move|p1b: Dnite|Phantom Force||[still]\n|-prepare|p1b: Dnite|Phantom Force\n|move|p1a: Bundle|Sacred Sword|p2a: Tyranitar\n|-supereffective|p2a: Tyranitar\n|-damage|p2a: Tyranitar|0 fnt\n|faint|p2a: Tyranitar\n|move|p2b: Corviknight|Iron Defense|p2b: Corviknight\n|-boost|p2b: Corviknight|def|2\n|\n|-weather|Sandstorm|[upkeep]\n|-damage|p1b: Dnite|95\/100|[from] Sandstorm\n|-damage|p1a: Bundle|95\/100|[from] Sandstorm\n|upkeep\n|\n|t:|1683772197\n|switch|p2a: Gastrodon|Gastrodon, L50, F|100\/100\n|turn|2\n|\n|t:|1683772206\n|move|p1b: Dnite|Phantom Force|p2b: Corviknight|[from]lockedmove\n|-damage|p2b: Corviknight|68\/100\n|move|p1a: Bundle|Sacred Sword|p2b: Corviknight\n|-damage|p2b: Corviknight|38\/100\n|move|p2b: Corviknight|Body Press|p1a: Bundle\n|-supereffective|p1a: Bundle\n|-damage|p1a: Bundle|0 fnt\n|faint|p1a: Bundle\n|move|p2a: Gastrodon|Recover||[still]\n|-fail|p2a: Gastrodon|heal\n|\n|-weather|Sandstorm|[upkeep]\n|-damage|p1b: Dnite|89\/100|[from] Sandstorm\n|upkeep\n|\n|t:|1683772218\n|switch|p1a: Mimi|Flutter Mane, L50|100\/100\n|-enditem|p1a: Mimi|Booster Energy\n|-activate|p1a: Mimi|ability: Protosynthesis|[fromitem]\n|-start|p1a: Mimi|protosynthesisspa\n|turn|3\n|\n|t:|1683772227\n|-terastallize|p2a: Gastrodon|Fairy\n|move|p1a: Mimi|Protect|p1a: Mimi\n|-singleturn|p1a: Mimi|Protect\n|move|p1b: Dnite|Phantom Force||[still]\n|-prepare|p1b: Dnite|Phantom Force\n|move|p2b: Corviknight|Roost|p2b: Corviknight\n|-heal|p2b: Corviknight|88\/100\n|-singleturn|p2b: Corviknight|move: Roost\n|move|p2a: Gastrodon|Tera Blast|p1b: Dnite|[miss]\n|-miss|p2a: Gastrodon|p1b: Dnite\n|\n|-weather|Sandstorm|[upkeep]\n|-damage|p1b: Dnite|83\/100|[from] Sandstorm\n|-damage|p1a: Mimi|95\/100|[from] Sandstorm\n|-damage|p2a: Gastrodon|95\/100|[from] Sandstorm\n|upkeep\n|turn|4\n|\n|t:|1683772243\n|move|p1b: Dnite|Phantom Force|p2b: Corviknight|[from]lockedmove\n|-damage|p2b: Corviknight|62\/100\n|move|p1a: Mimi|Shadow Ball|p2b: Corviknight\n|-damage|p2b: Corviknight|21\/100\n|move|p2b: Corviknight|Iron Head|p1a: Mimi\n|-supereffective|p1a: Mimi\n|-damage|p1a: Mimi|28\/100\n|move|p2a: Gastrodon|Tera Blast|p1b: Dnite\n|-supereffective|p1b: Dnite\n|-damage|p1b: Dnite|0 fnt\n|faint|p1b: Dnite\n|\n|-weather|Sandstorm|[upkeep]\n|-damage|p1a: Mimi|22\/100|[from] Sandstorm\n|-damage|p2a: Gastrodon|89\/100|[from] Sandstorm\n|upkeep\n|\n|t:|1683772247\n|switch|p1b: WoChien|Amoonguss, L50, F|100\/100\n|turn|5\n|inactive|Xalvadore has 30 seconds left.\n|inactive|Xalvadore has 20 seconds left.\n|\n|t:|1683772285\n|move|p1b: WoChien|Rage Powder|p1b: WoChien\n|-singleturn|p1b: WoChien|move: Rage Powder\n|move|p1a: Mimi|Shadow Ball|p2b: Corviknight\n|-crit|p2b: Corviknight\n|-damage|p2b: Corviknight|0 fnt\n|faint|p2b: Corviknight\n|move|p2a: Gastrodon|Earth Power|p1b: WoChien\n|-damage|p1b: WoChien|72\/100\n|\n|-weather|none\n|upkeep\n|\n|t:|1683772293\n|switch|p2b: Flutter Mane|Flutter Mane, L50|100\/100\n|turn|6\n|\n|t:|1683772307\n|move|p1a: Mimi|Protect|p1a: Mimi\n|-singleturn|p1a: Mimi|Protect\n|move|p2b: Flutter Mane|Shadow Ball|p1a: Mimi\n|-activate|p1a: Mimi|move: Protect\n|move|p2a: Gastrodon|Earth Power|p1b: WoChien\n|-damage|p1b: WoChien|45\/100\n|-enditem|p1b: WoChien|Sitrus Berry|[eat]\n|-heal|p1b: WoChien|70\/100|[from] item: Sitrus Berry\n|move|p1b: WoChien|Spore|p2b: Flutter Mane\n|-status|p2b: Flutter Mane|slp|[from] move: Spore\n|\n|upkeep\n|turn|7\n|\n|t:|1683772323\n|move|p1b: WoChien|Rage Powder|p1b: WoChien\n|-singleturn|p1b: WoChien|move: Rage Powder\n|cant|p2b: Flutter Mane|slp\n|move|p1a: Mimi|Shadow Ball|p2b: Flutter Mane\n|-supereffective|p2b: Flutter Mane\n|-damage|p2b: Flutter Mane|0 fnt\n|faint|p2b: Flutter Mane\n|-end|p2b: Flutter Mane|Protosynthesis|[silent]\n|move|p2a: Gastrodon|Earth Power|p1b: WoChien\n|-damage|p1b: WoChien|40\/100\n|\n|upkeep\n|turn|8\n|inactive|Championx18 has 30 seconds left.\n|\n|t:|1683772348\n|-terastallize|p1a: Mimi|Fairy\n|move|p1b: WoChien|Rage Powder|p1b: WoChien\n|-singleturn|p1b: WoChien|move: Rage Powder\n|move|p1a: Mimi|Moonblast|p2a: Gastrodon\n|-damage|p2a: Gastrodon|23\/100\n|-enditem|p2a: Gastrodon|Sitrus Berry|[eat]\n|-heal|p2a: Gastrodon|48\/100|[from] item: Sitrus Berry\n|move|p2a: Gastrodon|Earth Power|p1b: WoChien\n|-damage|p1b: WoChien|12\/100\n|\n|upkeep\n|turn|9\n|\n|t:|1683772359\n|move|p1b: WoChien|Rage Powder|p1b: WoChien\n|-singleturn|p1b: WoChien|move: Rage Powder\n|move|p1a: Mimi|Moonblast|p2a: Gastrodon\n|-damage|p2a: Gastrodon|0 fnt\n|faint|p2a: Gastrodon\n|\n|win|Championx18\n|raw|Championx18's rating: 1090 → 1122<\/strong> (+32 for winning)\n|raw|Xalvadore's rating: 1157 → 1127<\/strong> (-30 for losing)\n|c|\u2606Xalvadore|gg\n","uploadtime":1683772367,"views":14,"p1id":"championx18","p2id":"xalvadore","formatid":"gen9vgc2023regulationc","rating":1122,"private":0,"password":""}