{"id":"gen9vgc2023regulationc-1853004585","p1":"sylliewyllie","p2":"CaptainEricVGC","format":"[Gen 9] VGC 2023 Regulation C","log":"|j|\u2606sylliewyllie\n|j|\u2606CaptainEricVGC\n|t:|1682624842\n|gametype|doubles\n|player|p1|sylliewyllie|jupiter|1118\n|player|p2|CaptainEricVGC|170|1113\n|teamsize|p1|6\n|teamsize|p2|6\n|gen|9\n|tier|[Gen 9] VGC 2023 Regulation C\n|rated|\n|rule|Species Clause: Limit one of each Pok\u00e9mon\n|rule|Item Clause: Limit one of each item\n|clearpoke\n|poke|p1|Toxicroak, L50, M|\n|poke|p1|Toxapex, L50, F|\n|poke|p1|Glimmora, L50, F|\n|poke|p1|Chi-Yu, L50|\n|poke|p1|Wo-Chien, L50|\n|poke|p1|Clodsire, L50, M|\n|poke|p2|Arcanine, L50, F|\n|poke|p2|Baxcalibur, L50, F|\n|poke|p2|Brute Bonnet, L50|\n|poke|p2|Flutter Mane, L50|\n|poke|p2|Palafin, L50, F|\n|poke|p2|Ting-Lu, L50|\n|teampreview|4\n|inactive|Battle timer is ON: inactive players will automatically lose when time's up. (requested by CaptainEricVGC)\nCaptainEricVGC has agreed to open team sheets.\n|\n|t:|1682624895\n|start\n|switch|p1a: Glimmora|Glimmora, L50, F|100\/100\n|switch|p1b: Wo-Chien|Wo-Chien, L50|100\/100\n|switch|p2a: Arcanine|Arcanine, L50, F|100\/100\n|switch|p2b: Palafin|Palafin, L50, F|100\/100\n|-ability|p2a: Arcanine|Intimidate|boost\n|-unboost|p1a: Glimmora|atk|1\n|-unboost|p1b: Wo-Chien|atk|1\n|-ability|p1b: Wo-Chien|Tablets of Ruin\n|turn|1\n|inactive|sylliewyllie has 30 seconds left.\n|\n|t:|1682624920\n|detailschange|p2b: Palafin|Palafin-Hero, L50, F\n|switch|p2b: Baxcalibur|Baxcalibur, L50, F|100\/100\n|move|p2a: Arcanine|Protect|p2a: Arcanine\n|-singleturn|p2a: Arcanine|Protect\n|move|p1b: Wo-Chien|Protect|p1b: Wo-Chien\n|-singleturn|p1b: Wo-Chien|Protect\n|move|p1a: Glimmora|Mortal Spin|p2b: Baxcalibur|[spread] p2b\n|-activate|p2a: Arcanine|move: Protect\n|-damage|p2b: Baxcalibur|99\/100\n|-status|p2b: Baxcalibur|psn\n|\n|-damage|p2b: Baxcalibur|86\/100 psn|[from] psn\n|upkeep\n|turn|2\n|inactive|sylliewyllie has 30 seconds left.\n|inactive|CaptainEricVGC has 30 seconds left.\n|\n|t:|1682624946\n|switch|p2a: Ting-Lu|Ting-Lu, L50|100\/100\n|-ability|p2a: Ting-Lu|Vessel of Ruin\n|-terastallize|p1b: Wo-Chien|Water\n|move|p1a: Glimmora|Power Gem|p2a: Ting-Lu\n|-resisted|p2a: Ting-Lu\n|-damage|p2a: Ting-Lu|94\/100\n|move|p2b: Baxcalibur|Icicle Spear|p1b: Wo-Chien\n|-resisted|p1b: Wo-Chien\n|-damage|p1b: Wo-Chien|95\/100\n|-resisted|p1b: Wo-Chien\n|-damage|p1b: Wo-Chien|91\/100\n|-resisted|p1b: Wo-Chien\n|-damage|p1b: Wo-Chien|86\/100\n|-resisted|p1b: Wo-Chien\n|-damage|p1b: Wo-Chien|81\/100\n|-hitcount|p1b: Wo-Chien|4\n|move|p1b: Wo-Chien|Leech Seed|p2b: Baxcalibur\n|-start|p2b: Baxcalibur|move: Leech Seed\n|\n|-heal|p1b: Wo-Chien|86\/100|[from] item: Leftovers\n|-damage|p2b: Baxcalibur|74\/100 psn|[from] Leech Seed|[of] p1b: Wo-Chien\n|-heal|p1b: Wo-Chien|100\/100|[silent]\n|-damage|p2b: Baxcalibur|62\/100 psn|[from] psn\n|upkeep\n|turn|3\n|inactive|sylliewyllie has 30 seconds left.\n|inactive|CaptainEricVGC has 30 seconds left.\n|inactive|sylliewyllie has 20 seconds left.\n|inactive|sylliewyllie has 15 seconds left.\n|\n|t:|1682624991\n|switch|p2b: Arcanine|Arcanine, L50, F|100\/100\n|-ability|p2b: Arcanine|Intimidate|boost\n|-unboost|p1a: Glimmora|atk|1\n|-unboost|p1b: Wo-Chien|atk|1\n|move|p1a: Glimmora|Venoshock|p2b: Arcanine\n|-damage|p2b: Arcanine|76\/100\n|move|p1b: Wo-Chien|Giga Drain|p2a: Ting-Lu\n|-supereffective|p2a: Ting-Lu\n|-damage|p2a: Ting-Lu|75\/100\n|move|p2a: Ting-Lu|Fissure|p1b: Wo-Chien|[miss]\n|-miss|p2a: Ting-Lu|p1b: Wo-Chien\n|\n|upkeep\n|turn|4\n|\n|t:|1682625006\n|move|p2b: Arcanine|Protect|p2b: Arcanine\n|-singleturn|p2b: Arcanine|Protect\n|move|p1b: Wo-Chien|Protect|p1b: Wo-Chien\n|-singleturn|p1b: Wo-Chien|Protect\n|move|p1a: Glimmora|Mortal Spin|p2b: Arcanine|[spread] p2a\n|-activate|p2b: Arcanine|move: Protect\n|-resisted|p2a: Ting-Lu\n|-damage|p2a: Ting-Lu|75\/100\n|-status|p2a: Ting-Lu|psn\n|move|p2a: Ting-Lu|Stomping Tantrum|p1a: Glimmora\n|-supereffective|p1a: Glimmora\n|-damage|p1a: Glimmora|0 fnt\n|-activate|p1a: Glimmora|ability: Toxic Debris\n|-sidestart|p2: CaptainEricVGC|move: Toxic Spikes\n|faint|p1a: Glimmora\n|\n|-damage|p2a: Ting-Lu|63\/100 psn|[from] psn\n|upkeep\n|\n|t:|1682625028\n|switch|p1a: Toxapex|Toxapex, L50, F|100\/100\n|turn|5\n|\n|t:|1682625039\n|move|p2b: Arcanine|Will-O-Wisp|p1a: Toxapex\n|-status|p1a: Toxapex|brn\n|move|p1b: Wo-Chien|Leech Seed|p2b: Arcanine\n|-start|p2b: Arcanine|move: Leech Seed\n|move|p2a: Ting-Lu|Fissure|p1b: Wo-Chien|[miss]\n|-miss|p2a: Ting-Lu|p1b: Wo-Chien\n|move|p1a: Toxapex|Surf|p2b: Arcanine|[spread] p1b,p2a,p2b\n|-resisted|p1b: Wo-Chien\n|-supereffective|p2a: Ting-Lu\n|-crit|p2a: Ting-Lu\n|-supereffective|p2b: Arcanine\n|-damage|p1b: Wo-Chien|95\/100\n|-damage|p2a: Ting-Lu|39\/100 psn\n|-damage|p2b: Arcanine|48\/100\n|\n|-heal|p1b: Wo-Chien|100\/100|[from] item: Leftovers\n|-damage|p2b: Arcanine|36\/100|[from] Leech Seed|[of] p1b: Wo-Chien\n|-damage|p2a: Ting-Lu|27\/100 psn|[from] psn\n|-damage|p1a: Toxapex|95\/100 brn|[from] brn\n|upkeep\n|turn|6\n|\n|t:|1682625062\n|switch|p2b: Baxcalibur|Baxcalibur, L50, F|62\/100 psn\n|move|p1b: Wo-Chien|Giga Drain|p2a: Ting-Lu\n|-supereffective|p2a: Ting-Lu\n|-damage|p2a: Ting-Lu|7\/100 psn\n|move|p2a: Ting-Lu|Stomping Tantrum|p1a: Toxapex\n|-supereffective|p1a: Toxapex\n|-damage|p1a: Toxapex|0 fnt\n|faint|p1a: Toxapex\n|\n|-damage|p2b: Baxcalibur|50\/100 psn|[from] psn\n|-damage|p2a: Ting-Lu|0 fnt|[from] psn\n|faint|p2a: Ting-Lu\n|upkeep\n|\n|t:|1682625079\n|switch|p2a: Arcanine|Arcanine, L50, F|36\/100\n|switch|p1a: Clodsire|Clodsire, L50, M|100\/100\n|-status|p2a: Arcanine|psn\n|-ability|p2a: Arcanine|Intimidate|boost\n|-unboost|p1a: Clodsire|atk|1\n|-unboost|p1b: Wo-Chien|atk|1\n|turn|7\n|inactive|sylliewyllie has 30 seconds left.\n|\n|t:|1682625106\n|move|p2a: Arcanine|Flare Blitz|p1a: Clodsire\n|-crit|p1a: Clodsire\n|-damage|p1a: Clodsire|62\/100\n|-damage|p2a: Arcanine|19\/100 psn|[from] item: Rocky Helmet|[of] p1a: Clodsire\n|-damage|p2a: Arcanine|5\/100 psn|[from] Recoil\n|move|p2b: Baxcalibur|Icicle Spear|p1a: Clodsire\n|-supereffective|p1a: Clodsire\n|-damage|p1a: Clodsire|41\/100\n|-supereffective|p1a: Clodsire\n|-damage|p1a: Clodsire|22\/100\n|-supereffective|p1a: Clodsire\n|-damage|p1a: Clodsire|3\/100\n|-supereffective|p1a: Clodsire\n|-damage|p1a: Clodsire|0 fnt\n|faint|p1a: Clodsire\n|-hitcount|p1: Clodsire|4\n|move|p1b: Wo-Chien|Leech Seed|p2a: Arcanine\n|-start|p2a: Arcanine|move: Leech Seed\n|\n|-damage|p2a: Arcanine|0 fnt|[from] Leech Seed|[of] p1b: Wo-Chien\n|faint|p2a: Arcanine\n|-damage|p2b: Baxcalibur|37\/100 psn|[from] psn\n|upkeep\n|\n|t:|1682625117\n|switch|p2a: Palafin|Palafin-Hero, L50, F|100\/100\n|-status|p2a: Palafin|psn\n|-activate|p2a: Palafin|ability: Zero to Hero\n|turn|8\n|\n|t:|1682625129\n|-terastallize|p2a: Palafin|Water\n|move|p1b: Wo-Chien|Protect|p1b: Wo-Chien\n|-singleturn|p1b: Wo-Chien|Protect\n|move|p2a: Palafin|Wave Crash|p1b: Wo-Chien\n|-activate|p1b: Wo-Chien|move: Protect\n|move|p2b: Baxcalibur|Glaive Rush|p1b: Wo-Chien\n|-activate|p1b: Wo-Chien|move: Protect\n|\n|-damage|p2a: Palafin|88\/100 psn|[from] psn\n|-damage|p2b: Baxcalibur|25\/100 psn|[from] psn\n|upkeep\n|turn|9\n|\n|t:|1682625147\n|move|p2a: Palafin|Wave Crash|p1b: Wo-Chien\n|-resisted|p1b: Wo-Chien\n|-damage|p1b: Wo-Chien|62\/100\n|-damage|p2a: Palafin|76\/100 psn|[from] Recoil\n|move|p2b: Baxcalibur|Glaive Rush|p1b: Wo-Chien\n|-damage|p1b: Wo-Chien|18\/100\n|-singlemove|p2b: Baxcalibur|Glaive Rush|[silent]\n|move|p1b: Wo-Chien|Leech Seed|p2a: Palafin\n|-start|p2a: Palafin|move: Leech Seed\n|\n|-heal|p1b: Wo-Chien|24\/100|[from] item: Leftovers\n|-damage|p2a: Palafin|64\/100 psn|[from] Leech Seed|[of] p1b: Wo-Chien\n|-heal|p1b: Wo-Chien|37\/100|[silent]\n|-damage|p2a: Palafin|51\/100 psn|[from] psn\n|-damage|p2b: Baxcalibur|13\/100 psn|[from] psn\n|upkeep\n|turn|10\n|\n|t:|1682625168\n|move|p1b: Wo-Chien|Protect|p1b: Wo-Chien\n|-singleturn|p1b: Wo-Chien|Protect\n|move|p2a: Palafin|Wave Crash|p1b: Wo-Chien\n|-activate|p1b: Wo-Chien|move: Protect\n|move|p2b: Baxcalibur|Glaive Rush|p1b: Wo-Chien\n|-activate|p1b: Wo-Chien|move: Protect\n|\n|-heal|p1b: Wo-Chien|42\/100|[from] item: Leftovers\n|-damage|p2a: Palafin|39\/100 psn|[from] Leech Seed|[of] p1b: Wo-Chien\n|-heal|p1b: Wo-Chien|55\/100|[silent]\n|-damage|p2a: Palafin|27\/100 psn|[from] psn\n|-damage|p2b: Baxcalibur|0 fnt|[from] psn\n|faint|p2b: Baxcalibur\n|upkeep\n|turn|11\n|\n|t:|1682625183\n|move|p2a: Palafin|Wave Crash|p1b: Wo-Chien\n|-resisted|p1b: Wo-Chien\n|-damage|p1b: Wo-Chien|14\/100\n|-damage|p2a: Palafin|14\/100 psn|[from] Recoil\n|move|p1b: Wo-Chien|Giga Drain|p2a: Palafin\n|-supereffective|p2a: Palafin\n|-damage|p2a: Palafin|0 fnt\n|-heal|p1b: Wo-Chien|21\/100|[from] drain|[of] p2a: Palafin\n|faint|p2a: Palafin\n|\n|win|sylliewyllie\n|raw|sylliewyllie's rating: 1118 → 1143<\/strong> (+25 for winning)\n|raw|CaptainEricVGC's rating: 1113 → 1088<\/strong> (-25 for losing)\n|l|\u2606sylliewyllie\n","uploadtime":1682625198,"views":13,"p1id":"sylliewyllie","p2id":"captainericvgc","formatid":"gen9vgc2023regulationc","rating":1088,"private":0,"password":""}