{"id":"gen9vgc2023regulationc-1861346769","p1":"Igortal","p2":"Funnyman Krebs","format":"[Gen 9] VGC 2023 Regulation C","log":"|j|\u2606Igortal\n|j|\u2606Funnyman Krebs\n|t:|1683748146\n|gametype|doubles\n|player|p1|Igortal|bruno|1496\n|player|p2|Funnyman Krebs|wallace|1608\n|teamsize|p1|6\n|teamsize|p2|6\n|gen|9\n|tier|[Gen 9] VGC 2023 Regulation C\n|rated|\n|rule|Species Clause: Limit one of each Pok\u00e9mon\n|rule|Item Clause: Limit one of each item\n|clearpoke\n|poke|p1|Palafin, L50, M|\n|poke|p1|Chien-Pao, L50|\n|poke|p1|Dragapult, L50, F|\n|poke|p1|Amoonguss, L50, M|\n|poke|p1|Arcanine, L50, F|\n|poke|p1|Flutter Mane, L50|\n|poke|p2|Glimmora, L50, M|\n|poke|p2|Iron Bundle, L50|\n|poke|p2|Chi-Yu, L50|\n|poke|p2|Dragonite, L50, M|\n|poke|p2|Dondozo, L50, F|\n|poke|p2|Tatsugiri, L50, M|\n|teampreview|4\nFunnyman Krebs has agreed to open team sheets.\n|\n|t:|1683748180\n|start\n|switch|p1a: Dozo|Palafin, L50, M|100\/100\n|switch|p1b: Mimi|Flutter Mane, L50|100\/100\n|switch|p2a: Iron Santa|Iron Bundle, L50, shiny|100\/100\n|switch|p2b: Pain meds|Chi-Yu, L50|100\/100\n|-ability|p2b: Pain meds|Beads of Ruin\n|-enditem|p2a: Iron Santa|Booster Energy\n|-activate|p2a: Iron Santa|ability: Quark Drive|[fromitem]\n|-start|p2a: Iron Santa|quarkdrivespe\n|-enditem|p1b: Mimi|Booster Energy\n|-activate|p1b: Mimi|ability: Protosynthesis|[fromitem]\n|-start|p1b: Mimi|protosynthesisspa\n|turn|1\n|inactive|Battle timer is ON: inactive players will automatically lose when time's up. (requested by Funnyman Krebs)\n|\n|t:|1683748211\n|-terastallize|p1b: Mimi|Fairy\n|move|p1a: Dozo|Protect|p1a: Dozo\n|-singleturn|p1a: Dozo|Protect\n|move|p2a: Iron Santa|Icy Wind|p1b: Mimi|[spread] p1b\n|-activate|p1a: Dozo|move: Protect\n|-damage|p1b: Mimi|73\/100\n|-unboost|p1b: Mimi|spe|1\n|move|p2b: Pain meds|Heat Wave|p1a: Dozo|[spread] p1b\n|-activate|p1a: Dozo|move: Protect\n|-damage|p1b: Mimi|27\/100\n|move|p1b: Mimi|Moonblast|p2a: Iron Santa\n|-crit|p2a: Iron Santa\n|-damage|p2a: Iron Santa|0 fnt\n|faint|p2a: Iron Santa\n|-end|p2a: Iron Santa|Quark Drive|[silent]\n|\n|upkeep\n|inactive|Funnyman Krebs has 30 seconds left.\n|\n|t:|1683748237\n|switch|p2a: Tiny|Dragonite, L50, M|100\/100\n|turn|2\n|\n|t:|1683748252\n|detailschange|p1a: Dozo|Palafin-Hero, L50, M\n|switch|p1a: ChiYu|Arcanine, L50, F|100\/100\n|-ability|p1a: ChiYu|Intimidate|boost\n|-unboost|p2a: Tiny|atk|1\n|-unboost|p2b: Pain meds|atk|1\n|move|p1b: Mimi|Protect|p1b: Mimi\n|-singleturn|p1b: Mimi|Protect\n|move|p2a: Tiny|Extreme Speed|p1b: Mimi\n|-activate|p1b: Mimi|move: Protect\n|move|p2b: Pain meds|Heat Wave|p1b: Mimi|[spread] p1a\n|-activate|p1b: Mimi|move: Protect\n|-resisted|p1a: ChiYu\n|-damage|p1a: ChiYu|75\/100\n|\n|upkeep\n|turn|3\n|inactive|Igortal has 30 seconds left.\n|\n|t:|1683748281\n|-end|p1b: Mimi|Protosynthesis|[silent]\n|switch|p1b: WoChien|Amoonguss, L50, M|100\/100\n|-terastallize|p2a: Tiny|Normal\n|move|p1a: ChiYu|Extreme Speed|p2b: Pain meds\n|-damage|p2b: Pain meds|68\/100\n|move|p2a: Tiny|Extreme Speed|p1a: ChiYu\n|-damage|p1a: ChiYu|28\/100\n|move|p2b: Pain meds|Heat Wave|p1a: ChiYu|[spread] p1a,p1b\n|-resisted|p1a: ChiYu\n|-supereffective|p1b: WoChien\n|-damage|p1a: ChiYu|2\/100\n|-damage|p1b: WoChien|20\/100\n|-enditem|p1b: WoChien|Sitrus Berry|[eat]\n|-heal|p1b: WoChien|45\/100|[from] item: Sitrus Berry\n|\n|upkeep\n|turn|4\n|inactive|Igortal has 30 seconds left.\n|inactive|Igortal has 20 seconds left.\n|\n|t:|1683748318\n|switch|p1a: Mimi|Flutter Mane, L50, tera:Fairy|27\/100\n|move|p1b: WoChien|Protect|p1b: WoChien\n|-singleturn|p1b: WoChien|Protect\n|move|p2a: Tiny|Extreme Speed|p1a: Mimi\n|-damage|p1a: Mimi|0 fnt\n|faint|p1a: Mimi\n|-end|p1a: Mimi|Protosynthesis|[silent]\n|move|p2b: Pain meds|Heat Wave|p1b: WoChien\n|-activate|p1b: WoChien|move: Protect\n|\n|upkeep\n|\n|t:|1683748324\n|switch|p1a: Dozo|Palafin-Hero, L50, M|100\/100\n|-activate|p1a: Dozo|ability: Zero to Hero\n|turn|5\n|\n|t:|1683748340\n|switch|p2b: Sashimi|Tatsugiri, L50, M|100\/100\n|switch|p1b: ChiYu|Arcanine, L50, F|2\/100\n|-ability|p1b: ChiYu|Intimidate|boost\n|-unboost|p2a: Tiny|atk|1\n|-unboost|p2b: Sashimi|atk|1\n|move|p2a: Tiny|Extreme Speed|p1b: ChiYu\n|-damage|p1b: ChiYu|0 fnt\n|faint|p1b: ChiYu\n|move|p1a: Dozo|Jet Punch|p2b: Sashimi\n|-resisted|p2b: Sashimi\n|-damage|p2b: Sashimi|78\/100\n|\n|upkeep\n|\n|t:|1683748351\n|switch|p1b: WoChien|Amoonguss, L50, M|79\/100\n|turn|6\n|inactive|Igortal has 30 seconds left.\n|\n|t:|1683748382\n|switch|p2a: Pain meds|Chi-Yu, L50|68\/100\n|-ability|p2a: Pain meds|Beads of Ruin\n|move|p2b: Sashimi|Muddy Water|p1a: Dozo|[spread] p1b\n|-miss|p2b: Sashimi|p1a: Dozo\n|-resisted|p1b: WoChien\n|-damage|p1b: WoChien|60\/100\n|move|p1a: Dozo|Wave Crash|p2a: Pain meds\n|-supereffective|p2a: Pain meds\n|-damage|p2a: Pain meds|0 fnt\n|faint|p2a: Pain meds\n|-damage|p1a: Dozo|86\/100|[from] Recoil\n|move|p1b: WoChien|Spore|p2b: Sashimi\n|-status|p2b: Sashimi|slp|[from] move: Spore\n|\n|upkeep\n|\n|t:|1683748394\n|switch|p2a: Tiny|Dragonite, L50, M, tera:Normal|100\/100\n|turn|7\n|\n|t:|1683748411\n|cant|p2b: Sashimi|slp\n|move|p2a: Tiny|Ice Spinner|p1b: WoChien\n|-supereffective|p1b: WoChien\n|-damage|p1b: WoChien|0 fnt\n|faint|p1b: WoChien\n|move|p1a: Dozo|Wave Crash|p2a: Tiny\n|-damage|p2a: Tiny|49\/100\n|-damage|p1a: Dozo|72\/100|[from] Recoil\n|\n|upkeep\n|turn|8\n|\n|t:|1683748425\n|cant|p2b: Sashimi|slp\n|move|p2a: Tiny|Ice Spinner|p1a: Dozo\n|-resisted|p1a: Dozo\n|-damage|p1a: Dozo|53\/100\n|move|p1a: Dozo|Wave Crash|p2a: Tiny\n|-damage|p2a: Tiny|0 fnt\n|faint|p2a: Tiny\n|-damage|p1a: Dozo|40\/100|[from] Recoil\n|\n|upkeep\n|turn|9\n|\n|t:|1683748437\n|cant|p2b: Sashimi|slp\n|move|p1a: Dozo|Wave Crash|p2b: Sashimi\n|-resisted|p2b: Sashimi\n|-damage|p2b: Sashimi|35\/100 slp\n|-damage|p1a: Dozo|30\/100|[from] Recoil\n|\n|upkeep\n|turn|10\n|\n|t:|1683748445\n|-curestatus|p2b: Sashimi|slp|[msg]\n|move|p2b: Sashimi|Muddy Water|p1a: Dozo\n|-resisted|p1a: Dozo\n|-damage|p1a: Dozo|8\/100\n|-unboost|p1a: Dozo|accuracy|1\n|move|p1a: Dozo|Wave Crash|p2b: Sashimi\n|-resisted|p2b: Sashimi\n|-damage|p2b: Sashimi|0 fnt\n|faint|p2b: Sashimi\n|-damage|p1a: Dozo|0 fnt|[from] Recoil\n|faint|p1a: Dozo\n|\n|win|Igortal\n|raw|Igortal's rating: 1496 → 1522<\/strong> (+26 for winning)\n|raw|Funnyman Krebs's rating: 1608 → 1582<\/strong> (-26 for losing)\n","uploadtime":1683748458,"views":9,"p1id":"igortal","p2id":"funnymankrebs","formatid":"gen9vgc2023regulationc","rating":1522,"private":0,"password":""}