{"id":"gen9vgc2023regulationc-1850904511","p1":"WOLFIELIL","p2":"ScrubShadedPurple","format":"[Gen 9] VGC 2023 Regulation C","log":"|j|\u2606WOLFIELIL\n|j|\u2606ScrubShadedPurple\n|t:|1682380516\n|gametype|doubles\n|player|p1|WOLFIELIL|unknown|1246\n|player|p2|ScrubShadedPurple|265|1239\n|teamsize|p1|6\n|teamsize|p2|6\n|gen|9\n|tier|[Gen 9] VGC 2023 Regulation C\n|rated|\n|rule|Species Clause: Limit one of each Pok\u00e9mon\n|rule|Item Clause: Limit one of each item\n|clearpoke\n|poke|p1|Gastrodon, L50, M|\n|poke|p1|Hatterene, L50, F|\n|poke|p1|Hariyama, L50, F|\n|poke|p1|Oranguru, L50, M|\n|poke|p1|Torkoal, L50, F|\n|poke|p1|Mimikyu, L50, F|\n|poke|p2|Dragapult, L50, M|\n|poke|p2|Chien-Pao, L50|\n|poke|p2|Amoonguss, L50, F|\n|poke|p2|Arcanine, L50, M|\n|poke|p2|Palafin, L50, F|\n|poke|p2|Flutter Mane, L50|\n|teampreview|4\n|inactive|Battle timer is ON: inactive players will automatically lose when time's up. (requested by ScrubShadedPurple)\n|inactive|WOLFIELIL has 60 seconds left.\n|\n|t:|1682380569\n|start\n|switch|p1a: Mimikyu|Mimikyu, L50, F|100\/100\n|switch|p1b: Torkoal|Torkoal, L50, F|100\/100\n|switch|p2a: Palafin|Palafin, L50, F|100\/100\n|switch|p2b: Amoonguss|Amoonguss, L50, F|100\/100\n|-weather|SunnyDay|[from] ability: Drought|[of] p1b: Torkoal\n|turn|1\n|inactive|ScrubShadedPurple has 30 seconds left.\n|\n|t:|1682380595\n|detailschange|p2a: Palafin|Palafin-Hero, L50, F\n|switch|p2a: Arcanine|Arcanine, L50, M|100\/100\n|-ability|p2a: Arcanine|Intimidate|boost\n|-unboost|p1a: Mimikyu|atk|1\n|-unboost|p1b: Torkoal|atk|1\n|switch|p1a: Gastrodon|Gastrodon, L50, M|100\/100\n|-terastallize|p2b: Amoonguss|Water\n|-terastallize|p1b: Torkoal|Fire\n|move|p2b: Amoonguss|Spore|p1b: Torkoal\n|-status|p1b: Torkoal|slp|[from] move: Spore\n|cant|p1b: Torkoal|slp\n|\n|-weather|SunnyDay|[upkeep]\n|upkeep\n|turn|2\n|inactive|ScrubShadedPurple has 30 seconds left.\n|inactive|ScrubShadedPurple has 20 seconds left.\n|inactive|ScrubShadedPurple has 15 seconds left.\n|\n|t:|1682380640\n|move|p2a: Arcanine|Protect|p2a: Arcanine\n|-singleturn|p2a: Arcanine|Protect\n|cant|p1b: Torkoal|slp\n|move|p1a: Gastrodon|Muddy Water|p2a: Arcanine|[spread] p2b\n|-activate|p2a: Arcanine|move: Protect\n|-resisted|p2b: Amoonguss\n|-damage|p2b: Amoonguss|95\/100\n|move|p2b: Amoonguss|Spore|p1a: Gastrodon\n|-status|p1a: Gastrodon|slp|[from] move: Spore\n|\n|-weather|SunnyDay|[upkeep]\n|upkeep\n|turn|3\n|\n|t:|1682380664\n|switch|p2a: Dragapult|Dragapult, L50, M|100\/100\n|cant|p1a: Gastrodon|slp\n|move|p2b: Amoonguss|Spore|p1b: Torkoal\n|-fail|p1b: Torkoal|slp\n|cant|p1b: Torkoal|slp\n|\n|-weather|SunnyDay|[upkeep]\n|upkeep\n|turn|4\n|inactive|WOLFIELIL has 30 seconds left.\n|inactive|WOLFIELIL has 20 seconds left.\n|inactive|WOLFIELIL has 15 seconds left.\n|\n|t:|1682380708\n|switch|p1b: Mimikyu|Mimikyu, L50, F|100\/100\n|move|p2a: Dragapult|Dragon Darts|p1a: Gastrodon\n|-damage|p1a: Gastrodon|59\/100 slp\n|-anim|p2a: Dragapult|Dragon Darts|p1a: Gastrodon\n|-damage|p1a: Gastrodon|19\/100 slp\n|cant|p1a: Gastrodon|slp\n|move|p2b: Amoonguss|Spore|p1b: Mimikyu\n|-status|p1b: Mimikyu|slp|[from] move: Spore\n|\n|-weather|SunnyDay|[upkeep]\n|-heal|p1a: Gastrodon|25\/100 slp|[from] item: Leftovers\n|upkeep\n|turn|5\n|\n|t:|1682380727\n|move|p2a: Dragapult|Dragon Darts|p1a: Gastrodon\n|-damage|p1a: Gastrodon|0 fnt\n|faint|p1a: Gastrodon\n|cant|p1b: Mimikyu|slp\n|move|p2b: Amoonguss|Spore|p1b: Mimikyu\n|-fail|p1b: Mimikyu|slp\n|\n|-weather|none\n|upkeep\n|\n|t:|1682380743\n|switch|p1a: Torkoal|Torkoal, L50, F, tera:Fire|100\/100 slp\n|-weather|SunnyDay|[from] ability: Drought|[of] p1a: Torkoal\n|turn|6\n|\n|t:|1682380752\n|-curestatus|p1a: Torkoal|slp|[msg]\n|move|p1a: Torkoal|Protect|p1a: Torkoal\n|-singleturn|p1a: Torkoal|Protect\n|move|p2a: Dragapult|Dragon Darts|p1a: Torkoal\n|-immune|p1b: Mimikyu\n|move|p2b: Amoonguss|Spore|p1a: Torkoal\n|-activate|p1a: Torkoal|move: Protect\n|cant|p1b: Mimikyu|slp\n|\n|-weather|SunnyDay|[upkeep]\n|upkeep\n|turn|7\n|inactive|ScrubShadedPurple has 30 seconds left.\n|\n|t:|1682380779\n|switch|p2a: Arcanine|Arcanine, L50, M|100\/100\n|-ability|p2a: Arcanine|Intimidate|boost\n|-unboost|p1a: Torkoal|atk|1\n|-unboost|p1b: Mimikyu|atk|1\n|switch|p1a: Hariyama|Hariyama, L50, F|100\/100\n|move|p2b: Amoonguss|Spore|p1a: Hariyama\n|-status|p1a: Hariyama|slp|[from] move: Spore\n|-curestatus|p1b: Mimikyu|slp|[msg]\n|move|p1b: Mimikyu|Trick Room|p1b: Mimikyu\n|-fieldstart|move: Trick Room|[of] p1b: Mimikyu\n|\n|-weather|SunnyDay|[upkeep]\n|upkeep\n|turn|8\n|inactive|WOLFIELIL has 30 seconds left.\n|\n|t:|1682380804\n|switch|p1b: Torkoal|Torkoal, L50, F, tera:Fire|100\/100\n|move|p2b: Amoonguss|Rage Powder|p2b: Amoonguss\n|-singleturn|p2b: Amoonguss|move: Rage Powder\n|cant|p1a: Hariyama|slp\n|move|p2a: Arcanine|Will-O-Wisp|p1b: Torkoal\n|-immune|p1b: Torkoal\n|\n|-weather|SunnyDay|[upkeep]\n|upkeep\n|turn|9\n|\n|t:|1682380822\n|move|p1b: Torkoal|Eruption|p2a: Arcanine|[spread] p2a,p2b\n|-resisted|p2a: Arcanine\n|-resisted|p2b: Amoonguss\n|-damage|p2a: Arcanine|49\/100\n|-damage|p2b: Amoonguss|53\/100\n|move|p2b: Amoonguss|Spore|p1b: Torkoal\n|-status|p1b: Torkoal|slp|[from] move: Spore\n|cant|p1a: Hariyama|slp\n|move|p2a: Arcanine|Flare Blitz|p1a: Hariyama\n|-damage|p1a: Hariyama|25\/100 slp\n|-damage|p2a: Arcanine|20\/100|[from] Recoil\n|\n|-weather|SunnyDay|[upkeep]\n|upkeep\n|turn|10\n|inactive|WOLFIELIL has 30 seconds left.\n|inactive|WOLFIELIL has 20 seconds left.\n|inactive|WOLFIELIL has 15 seconds left.\n|inactive|WOLFIELIL has 10 seconds left.\n|\n|t:|1682380871\n|move|p2a: Arcanine|Extreme Speed|p1a: Hariyama\n|-damage|p1a: Hariyama|0 fnt\n|faint|p1a: Hariyama\n|cant|p1b: Torkoal|slp\n|move|p2b: Amoonguss|Pollen Puff|p2a: Arcanine\n|-heal|p2a: Arcanine|70\/100\n|\n|-weather|none\n|upkeep\n|\n|t:|1682380875\n|switch|p1a: Mimikyu|Mimikyu, L50, F|100\/100\n|turn|11\n|\n|t:|1682380893\n|move|p2b: Amoonguss|Rage Powder|p2b: Amoonguss\n|-singleturn|p2b: Amoonguss|move: Rage Powder\n|move|p1a: Mimikyu|Shadow Sneak|p2b: Amoonguss\n|-damage|p2b: Amoonguss|39\/100\n|cant|p1b: Torkoal|slp\n|move|p2a: Arcanine|Will-O-Wisp|p1a: Mimikyu\n|-status|p1a: Mimikyu|brn\n|\n|-damage|p1a: Mimikyu|94\/100 brn|[from] brn\n|-fieldend|move: Trick Room\n|upkeep\n|turn|12\n|-message|WOLFIELIL forfeited.\n|\n|win|ScrubShadedPurple\n|raw|WOLFIELIL's rating: 1246 → 1220<\/strong> (-26 for losing)\n|raw|ScrubShadedPurple's rating: 1239 → 1265<\/strong> (+26 for winning)\n|l|\u2606WOLFIELIL\n","uploadtime":1682380914,"views":8,"p1id":"wolfielil","p2id":"scrubshadedpurple","formatid":"gen9vgc2023regulationc","rating":1220,"private":0,"password":""}