{"id":"gen9vgc2023regulationc-1844850309","p1":"Rhyfinn18","p2":"itsnotkamii","format":"[Gen 9] VGC 2023 Regulation C","log":"|j|\u2606Rhyfinn18\n|j|\u2606itsnotkamii\n|t:|1681656319\n|gametype|doubles\n|player|p1|Rhyfinn18|ninjaboy|1074\n|player|p2|itsnotkamii|gentleman-gen4|1085\n|teamsize|p1|6\n|teamsize|p2|6\n|gen|9\n|tier|[Gen 9] VGC 2023 Regulation C\n|rated|\n|rule|Species Clause: Limit one of each Pok\u00e9mon\n|rule|Item Clause: Limit one of each item\n|clearpoke\n|poke|p1|Flutter Mane, L50|\n|poke|p1|Chi-Yu, L50|\n|poke|p1|Gastrodon-East, L50, M|\n|poke|p1|Chien-Pao, L50|\n|poke|p1|Annihilape, L50, M|\n|poke|p1|Murkrow, L50, M|\n|poke|p2|Flutter Mane, L50|\n|poke|p2|Great Tusk, L50|\n|poke|p2|Iron Hands, L50|\n|poke|p2|Arcanine, L50, F|\n|poke|p2|Palafin, L50, M|\n|poke|p2|Amoonguss, L50, F|\n|teampreview|4\n|inactive|Battle timer is ON: inactive players will automatically lose when time's up. (requested by Rhyfinn18)\n|inactive|Rhyfinn18 has 60 seconds left.\n|inactive|itsnotkamii has 60 seconds left.\n|\n|t:|1681656370\n|start\n|switch|p1a: Tweak or Tweet|Murkrow, L50, M|100\/100\n|switch|p1b: A Bad Hair Day|Flutter Mane, L50|100\/100\n|switch|p2a: Arcanine|Arcanine, L50, F|100\/100\n|switch|p2b: Iron Hands|Iron Hands, L50|100\/100\n|-ability|p2a: Arcanine|Intimidate|boost\n|-unboost|p1a: Tweak or Tweet|atk|1\n|-unboost|p1b: A Bad Hair Day|atk|1\n|-enditem|p1b: A Bad Hair Day|Booster Energy\n|-activate|p1b: A Bad Hair Day|ability: Protosynthesis|[fromitem]\n|-start|p1b: A Bad Hair Day|protosynthesisspa\n|turn|1\n|inactive|Rhyfinn18 has 30 seconds left.\n|\n|t:|1681656398\n|-terastallize|p1b: A Bad Hair Day|Fairy\n|move|p2b: Iron Hands|Fake Out|p1a: Tweak or Tweet\n|-damage|p1a: Tweak or Tweet|83\/100\n|move|p1b: A Bad Hair Day|Dazzling Gleam|p2b: Iron Hands|[spread] p2a,p2b\n|-resisted|p2a: Arcanine\n|-supereffective|p2b: Iron Hands\n|-damage|p2a: Arcanine|79\/100\n|-damage|p2b: Iron Hands|31\/100\n|move|p2a: Arcanine|Flare Blitz|p1b: A Bad Hair Day\n|-damage|p1b: A Bad Hair Day|8\/100\n|-damage|p2a: Arcanine|58\/100|[from] Recoil\n|cant|p1a: Tweak or Tweet|flinch\n|\n|upkeep\n|turn|2\n|\n|t:|1681656413\n|switch|p1a: \u91d1\u9b5a|Chi-Yu, L50|100\/100\n|-ability|p1a: \u91d1\u9b5a|Beads of Ruin\n|move|p2a: Arcanine|Extreme Speed|p1b: A Bad Hair Day\n|-damage|p1b: A Bad Hair Day|0 fnt\n|faint|p1b: A Bad Hair Day\n|-end|p1b: A Bad Hair Day|Protosynthesis|[silent]\n|move|p2b: Iron Hands|Wild Charge|p1a: \u91d1\u9b5a\n|-damage|p1a: \u91d1\u9b5a|13\/100\n|-damage|p2b: Iron Hands|20\/100|[from] Recoil\n|\n|upkeep\n|\n|t:|1681656424\n|switch|p1b: To Mad to Live|Annihilape, L50, M|100\/100\n|turn|3\n|\n|t:|1681656436\n|move|p1a: \u91d1\u9b5a|Protect|p1a: \u91d1\u9b5a\n|-singleturn|p1a: \u91d1\u9b5a|Protect\n|move|p2a: Arcanine|Will-O-Wisp|p1b: To Mad to Live\n|-status|p1b: To Mad to Live|brn\n|-enditem|p1b: To Mad to Live|Lum Berry|[eat]\n|-curestatus|p1b: To Mad to Live|brn|[msg]\n|move|p1b: To Mad to Live|Bulk Up|p1b: To Mad to Live\n|-boost|p1b: To Mad to Live|atk|1\n|-boost|p1b: To Mad to Live|def|1\n|move|p2b: Iron Hands|Drain Punch|p1a: \u91d1\u9b5a\n|-activate|p1a: \u91d1\u9b5a|move: Protect\n|\n|upkeep\n|turn|4\n|\n|t:|1681656454\n|move|p1a: \u91d1\u9b5a|Dark Pulse|p2a: Arcanine\n|-damage|p2a: Arcanine|0 fnt\n|faint|p2a: Arcanine\n|-damage|p1a: \u91d1\u9b5a|3\/100|[from] item: Life Orb\n|move|p1b: To Mad to Live|Drain Punch|p2b: Iron Hands\n|-damage|p2b: Iron Hands|0 fnt\n|faint|p2b: Iron Hands\n|-end|p2b: Iron Hands|Quark Drive|[silent]\n|\n|upkeep\n|\n|t:|1681656459\n|switch|p2a: Great Tusk|Great Tusk, L50|100\/100\n|switch|p2b: Flutter Mane|Flutter Mane, L50|100\/100\n|-enditem|p2a: Great Tusk|Booster Energy\n|-activate|p2a: Great Tusk|ability: Protosynthesis|[fromitem]\n|-start|p2a: Great Tusk|protosynthesisatk\n|turn|5\n|inactive|itsnotkamii has 30 seconds left.\n|\n|t:|1681656492\n|move|p1b: To Mad to Live|Protect|p1b: To Mad to Live\n|-singleturn|p1b: To Mad to Live|Protect\n|move|p2b: Flutter Mane|Icy Wind|p1a: \u91d1\u9b5a|[spread] p1a\n|-activate|p1b: To Mad to Live|move: Protect\n|-resisted|p1a: \u91d1\u9b5a\n|-damage|p1a: \u91d1\u9b5a|0 fnt\n|faint|p1a: \u91d1\u9b5a\n|-damage|p2b: Flutter Mane|90\/100|[from] item: Life Orb\n|move|p2a: Great Tusk|Headlong Rush|p1b: To Mad to Live\n|-activate|p1b: To Mad to Live|move: Protect\n|\n|upkeep\n|\n|t:|1681656498\n|switch|p1a: Tweak or Tweet|Murkrow, L50, M|83\/100\n|turn|6\n|l|\u2606Rhyfinn18\n|inactive|Rhyfinn18 disconnected and has a minute to reconnect!\n|player|p1|\n|inactive|Rhyfinn18 has 30 seconds left.\n|inactive|Rhyfinn18 has 20 seconds left.\n|j|\u2606Rhyfinn18\n|inactive|Rhyfinn18 reconnected and has 20 seconds left.\n|player|p1|Rhyfinn18|ninjaboy\n|inactive|Rhyfinn18 has 15 seconds left.\n|inactive|Rhyfinn18 has 10 seconds left.\n|inactive|Rhyfinn18 has 5 seconds left.\n|\n|t:|1681656548\n|move|p1a: Tweak or Tweet|Tailwind|p1a: Tweak or Tweet\n|-sidestart|p1: Rhyfinn18|move: Tailwind\n|move|p1b: To Mad to Live|Rage Fist|p2b: Flutter Mane\n|-supereffective|p2b: Flutter Mane\n|-damage|p2b: Flutter Mane|0 fnt\n|faint|p2b: Flutter Mane\n|-end|p2b: Flutter Mane|Protosynthesis|[silent]\n|move|p2a: Great Tusk|Headlong Rush|p1b: To Mad to Live\n|-damage|p1b: To Mad to Live|46\/100\n|-unboost|p2a: Great Tusk|def|1\n|-unboost|p2a: Great Tusk|spd|1\n|\n|upkeep\n|turn|7\n|\n|t:|1681656567\n|move|p1b: To Mad to Live|Protect|p1b: To Mad to Live\n|-singleturn|p1b: To Mad to Live|Protect\n|move|p1a: Tweak or Tweet|Icy Wind|p2a: Great Tusk\n|-supereffective|p2a: Great Tusk\n|-damage|p2a: Great Tusk|48\/100\n|-unboost|p2a: Great Tusk|spe|1\n|move|p2a: Great Tusk|Headlong Rush|p1b: To Mad to Live\n|-activate|p1b: To Mad to Live|move: Protect\n|\n|upkeep\n|turn|8\n|-message|itsnotkamii forfeited.\n|\n|win|Rhyfinn18\n|raw|Rhyfinn18's rating: 1057 → 1091<\/strong> (+34 for winning)\n|raw|itsnotkamii's rating: 1085 → 1060<\/strong> (-25 for losing)\n|l|\u2606itsnotkamii\n","uploadtime":1681656586,"views":12,"p1id":"rhyfinn18","p2id":"itsnotkamii","formatid":"gen9vgc2023regulationc","rating":1060,"private":0,"password":""}