{"id":"gen9vgc2023regulationc-1857389593","p1":"tadano-reol","p2":"Caterpillar24\/1","format":"[Gen 9] VGC 2023 Regulation C","log":"|j|\u2606tadano-reol\n|j|\u2606Caterpillar24\/1\n|t:|1683185120\n|gametype|doubles\n|player|p1|tadano-reol|red|1157\n|player|p2|Caterpillar24\/1|emmet|1140\n|teamsize|p1|6\n|teamsize|p2|6\n|gen|9\n|tier|[Gen 9] VGC 2023 Regulation C\n|rated|\n|rule|Species Clause: Limit one of each Pok\u00e9mon\n|rule|Item Clause: Limit one of each item\n|clearpoke\n|poke|p1|Armarouge, L50, M|\n|poke|p1|Indeedee-F, L50, F|\n|poke|p1|Roaring Moon, L50|\n|poke|p1|Corviknight, L50, M|\n|poke|p1|Garchomp, L50, F|\n|poke|p1|Flutter Mane, L50|\n|poke|p2|Wo-Chien, L50|\n|poke|p2|Mudsdale, L50, M|\n|poke|p2|Salazzle, L50, F|\n|poke|p2|Azumarill, L50, M|\n|poke|p2|Annihilape, L50, M|\n|poke|p2|Indeedee-F, L50, F|\n|teampreview|4\n|inactive|Battle timer is ON: inactive players will automatically lose when time's up. (requested by Caterpillar24\/1)\n|j| hisanory\n|inactive|Caterpillar24\/1 has 60 seconds left.\n|\n|t:|1683185165\n|start\n|switch|p1a: Flutter Mane|Flutter Mane, L50|100\/100\n|switch|p1b: Roaring Moon|Roaring Moon, L50, shiny|100\/100\n|switch|p2a: Annihilape|Annihilape, L50, M, shiny|100\/100\n|switch|p2b: Salazzle|Salazzle, L50, F, shiny|100\/100\n|-enditem|p1b: Roaring Moon|Booster Energy\n|-activate|p1b: Roaring Moon|ability: Protosynthesis|[fromitem]\n|-start|p1b: Roaring Moon|protosynthesisspe\n|turn|1\n|\n|t:|1683185183\n|move|p2b: Salazzle|Fake Out|p1b: Roaring Moon\n|-damage|p1b: Roaring Moon|92\/100\n|cant|p1b: Roaring Moon|flinch\n|move|p2a: Annihilape|Final Gambit|p1b: Roaring Moon\n|-damage|p1b: Roaring Moon|0 fnt\n|faint|p2a: Annihilape\n|faint|p1b: Roaring Moon\n|-end|p1b: Roaring Moon|Protosynthesis|[silent]\n|move|p1a: Flutter Mane|Moonblast|p2b: Salazzle\n|-resisted|p2b: Salazzle\n|-damage|p2b: Salazzle|66\/100\n|-unboost|p2b: Salazzle|spa|1\n|\n|upkeep\n|\n|t:|1683185196\n|switch|p1b: Corviknight|Corviknight, L50, M|100\/100\n|switch|p2a: Mudsdale|Mudsdale, L50, M, shiny|100\/100\n|turn|2\n|\n|t:|1683185210\n|move|p1a: Flutter Mane|Moonblast|p2a: Mudsdale\n|-damage|p2a: Mudsdale|55\/100\n|move|p2b: Salazzle|Swagger|p2a: Mudsdale\n|-boost|p2a: Mudsdale|atk|2\n|-immune|p2a: Mudsdale|confusion|[from] ability: Own Tempo\n|move|p1b: Corviknight|Tailwind|p1b: Corviknight\n|-sidestart|p1: tadano-reol|move: Tailwind\n|move|p2a: Mudsdale|Heavy Slam|p1a: Flutter Mane\n|-supereffective|p1a: Flutter Mane\n|-damage|p1a: Flutter Mane|0 fnt\n|faint|p1a: Flutter Mane\n|-end|p1a: Flutter Mane|Protosynthesis|[silent]\n|\n|upkeep\n|\n|t:|1683185221\n|switch|p1a: Garchomp|Garchomp, L50, F|100\/100\n|turn|3\n|l| hisanory\n|\n|t:|1683185233\n|-terastallize|p1a: Garchomp|Ground\n|move|p1a: Garchomp|Earthquake|p2b: Salazzle|[spread] p2a,p2b\n|-immune|p1b: Corviknight\n|-supereffective|p2b: Salazzle\n|-damage|p2a: Mudsdale|4\/100\n|-damage|p2b: Salazzle|0 fnt\n|faint|p2b: Salazzle\n|move|p1b: Corviknight|Iron Head|p2a: Mudsdale\n|-damage|p2a: Mudsdale|0 fnt\n|faint|p2a: Mudsdale\n|\n|upkeep\n|\n|t:|1683185240\n|switch|p2b: Wo-Chien|Wo-Chien, L50|100\/100\n|-ability|p2b: Wo-Chien|Tablets of Ruin\n|turn|4\n|\n|t:|1683185246\n|move|p1a: Garchomp|Earthquake|p2b: Wo-Chien|[spread] p2b\n|-immune|p1b: Corviknight\n|-resisted|p2b: Wo-Chien\n|-crit|p2b: Wo-Chien\n|-damage|p2b: Wo-Chien|71\/100\n|move|p1b: Corviknight|Brave Bird|p2b: Wo-Chien\n|-supereffective|p2b: Wo-Chien\n|-damage|p2b: Wo-Chien|8\/100\n|-damage|p1b: Corviknight|81\/100|[from] Recoil\n|move|p2b: Wo-Chien|Leech Seed|p1b: Corviknight\n|-start|p1b: Corviknight|move: Leech Seed\n|\n|-heal|p2b: Wo-Chien|15\/100|[from] item: Leftovers\n|-damage|p1b: Corviknight|69\/100|[from] Leech Seed|[of] p2b: Wo-Chien\n|-heal|p2b: Wo-Chien|28\/100|[silent]\n|upkeep\n|turn|5\n|\n|t:|1683185260\n|move|p2b: Wo-Chien|Protect|p2b: Wo-Chien\n|-singleturn|p2b: Wo-Chien|Protect\n|move|p1a: Garchomp|Earthquake|p2b: Wo-Chien|[spread] \n|-activate|p2b: Wo-Chien|move: Protect\n|-immune|p1b: Corviknight\n|move|p1b: Corviknight|Roost|p1b: Corviknight\n|-heal|p1b: Corviknight|100\/100\n|-singleturn|p1b: Corviknight|move: Roost\n|\n|-heal|p2b: Wo-Chien|34\/100|[from] item: Leftovers\n|-damage|p1b: Corviknight|88\/100|[from] Leech Seed|[of] p2b: Wo-Chien\n|-heal|p2b: Wo-Chien|47\/100|[silent]\n|-sideend|p1: tadano-reol|move: Tailwind\n|upkeep\n|turn|6\n|j| hisanory\n|\n|t:|1683185271\n|move|p1a: Garchomp|Earthquake|p2b: Wo-Chien|[spread] p2b\n|-immune|p1b: Corviknight\n|-resisted|p2b: Wo-Chien\n|-damage|p2b: Wo-Chien|28\/100\n|move|p1b: Corviknight|Brave Bird|p2b: Wo-Chien\n|-supereffective|p2b: Wo-Chien\n|-damage|p2b: Wo-Chien|0 fnt\n|faint|p2b: Wo-Chien\n|-damage|p1b: Corviknight|80\/100|[from] Recoil\n|\n|win|tadano-reol\n|raw|tadano-reol's rating: 1157 → 1181<\/strong> (+24 for winning)\n|raw|Caterpillar24/1's rating: 1140 → 1116<\/strong> (-24 for losing)\n|l|\u2606Caterpillar24\/1\n|l|\u2606tadano-reol\n","uploadtime":1683185314,"views":8,"p1id":"tadanoreol","p2id":"caterpillar241","formatid":"gen9vgc2023regulationc","rating":1116,"private":0,"password":""}