{"id":"gen9vgc2023regulationc-1855079137","p1":"Zzag","p2":"mazyvgc","format":"[Gen 9] VGC 2023 Regulation C","log":"|j|\u2606Zzag\n|j|\u2606mazyvgc\n|t:|1682898736\n|gametype|doubles\n|player|p1|Zzag|2|1377\n|player|p2|mazyvgc|acetrainerf-gen4dp|1345\n|teamsize|p1|6\n|teamsize|p2|6\n|gen|9\n|tier|[Gen 9] VGC 2023 Regulation C\n|rated|\n|rule|Species Clause: Limit one of each Pok\u00e9mon\n|rule|Item Clause: Limit one of each item\n|clearpoke\n|poke|p1|Arcanine, L50, M|\n|poke|p1|Amoonguss, L50, M|\n|poke|p1|Flutter Mane, L50|\n|poke|p1|Palafin, L50, M|\n|poke|p1|Ting-Lu, L50|\n|poke|p1|Dragonite, L50, M|\n|poke|p2|Torkoal, L50, F|\n|poke|p2|Dragonite, L50, M|\n|poke|p2|Great Tusk, L50|\n|poke|p2|Lilligant, L50, F|\n|poke|p2|Flutter Mane, L50|\n|poke|p2|Chien-Pao, L50|\n|teampreview|4\nZzag has agreed to open team sheets.\n|\n|t:|1682898789\n|start\n|switch|p1a: Hiro|Arcanine, L50, M|100\/100\n|switch|p1b: Hero|Palafin, L50, M|100\/100\n|switch|p2a: Saben|Dragonite, L50, M|100\/100\n|switch|p2b: Book|Chien-Pao, L50|100\/100\n|-ability|p2b: Book|Sword of Ruin\n|-ability|p1a: Hiro|Intimidate|boost\n|-fail|p2a: Saben|unboost|Attack|[from] ability: Inner Focus|[of] p2a: Saben\n|-unboost|p2b: Book|atk|1\n|turn|1\n|\n|t:|1682898816\n|switch|p2b: TJ|Great Tusk, L50|100\/100\n|move|p1a: Hiro|Will-O-Wisp|p2a: Saben\n|-status|p2a: Saben|brn\n|move|p1b: Hero|Drain Punch|p2b: TJ\n|-damage|p2b: TJ|87\/100\n|move|p2a: Saben|Outrage|p1a: Hiro\n|-damage|p1a: Hiro|53\/100\n|\n|-damage|p2a: Saben|95\/100 brn|[from] brn\n|upkeep\n|turn|2\n|\n|t:|1682898840\n|switch|p1a: Ouijashroom|Amoonguss, L50, M|100\/100\n|move|p1b: Hero|Protect|p1b: Hero\n|-singleturn|p1b: Hero|Protect\n|move|p2b: TJ|Earthquake|p1b: Hero|[spread] p1a\n|-activate|p1b: Hero|move: Protect\n|-immune|p2a: Saben\n|-damage|p1a: Ouijashroom|66\/100\n|move|p2a: Saben|Outrage|p1b: Hero|[from]lockedmove\n|-activate|p1b: Hero|move: Protect\n|\n|-damage|p2a: Saben|89\/100 brn|[from] brn\n|upkeep\n|turn|3\n|\n|t:|1682898889\n|detailschange|p1b: Hero|Palafin-Hero, L50, M\n|switch|p1b: Hiro|Arcanine, L50, M|53\/100\n|-ability|p1b: Hiro|Intimidate|boost\n|-fail|p2a: Saben|unboost|Attack|[from] ability: Inner Focus|[of] p2a: Saben\n|-unboost|p2b: TJ|atk|1\n|move|p2b: TJ|Earthquake|p1b: Hiro|[spread] p1a,p1b\n|-immune|p2a: Saben\n|-supereffective|p1b: Hiro\n|-damage|p1a: Ouijashroom|43\/100\n|-damage|p1b: Hiro|8\/100\n|move|p2a: Saben|Outrage|p1a: Ouijashroom\n|-damage|p1a: Ouijashroom|0 fnt\n|-damage|p2a: Saben|72\/100 brn|[from] item: Rocky Helmet|[of] p1a: Ouijashroom\n|faint|p1a: Ouijashroom\n|\n|-damage|p2a: Saben|67\/100 brn|[from] brn\n|upkeep\n|\n|t:|1682898908\n|switch|p1a: Hero|Palafin-Hero, L50, M|100\/100\n|-activate|p1a: Hero|ability: Zero to Hero\n|turn|4\n|\n|t:|1682898932\n|move|p1a: Hero|Jet Punch|p2b: TJ\n|-supereffective|p2b: TJ\n|-damage|p2b: TJ|18\/100\n|move|p2b: TJ|Earthquake|p1b: Hiro|[spread] p1a,p1b\n|-immune|p2a: Saben\n|-supereffective|p1b: Hiro\n|-damage|p1a: Hero|78\/100\n|-damage|p1b: Hiro|0 fnt\n|faint|p1b: Hiro\n|move|p2a: Saben|Outrage|p1a: Hero|[from]lockedmove\n|-damage|p1a: Hero|33\/100\n|\n|-damage|p2a: Saben|61\/100 brn|[from] brn\n|upkeep\n|\n|t:|1682898961\n|switch|p1b: Ting-Lu|Ting-Lu, L50|100\/100\n|-ability|p1b: Ting-Lu|Vessel of Ruin\n|turn|5\n|\n|t:|1682898994\n|move|p1a: Hero|Jet Punch|p2b: TJ\n|-supereffective|p2b: TJ\n|-damage|p2b: TJ|0 fnt\n|faint|p2b: TJ\n|-end|p2b: TJ|Protosynthesis|[silent]\n|move|p2a: Saben|Outrage|p1b: Ting-Lu|[from]lockedmove\n|-damage|p1b: Ting-Lu|65\/100\n|-start|p2a: Saben|confusion|[fatigue]\n|move|p1b: Ting-Lu|Ruination|p2a: Saben\n|-damage|p2a: Saben|31\/100 brn\n|\n|-damage|p2a: Saben|25\/100 brn|[from] brn\n|upkeep\n|\n|t:|1682899002\n|switch|p2b: Book|Chien-Pao, L50|100\/100\n|-ability|p2b: Book|Sword of Ruin\n|turn|6\n|\n|t:|1682899024\n|move|p1a: Hero|Protect|p1a: Hero\n|-singleturn|p1a: Hero|Protect\n|move|p2b: Book|Sucker Punch||[still]\n|-fail|p2b: Book\n|-activate|p2a: Saben|confusion\n|-damage|p2a: Saben|9\/100 brn|[from] confusion\n|move|p1b: Ting-Lu|Heavy Slam|p2b: Book\n|-supereffective|p2b: Book\n|-damage|p2b: Book|9\/100\n|\n|-damage|p2a: Saben|4\/100 brn|[from] brn\n|upkeep\n|turn|7\n|\n|t:|1682899046\n|move|p2b: Book|Sacred Sword|p1a: Hero\n|-damage|p1a: Hero|0 fnt\n|faint|p1a: Hero\n|-end|p2a: Saben|confusion\n|move|p2a: Saben|Outrage|p1b: Ting-Lu\n|-damage|p1b: Ting-Lu|19\/100\n|move|p1b: Ting-Lu|Heavy Slam|p2b: Book\n|-supereffective|p2b: Book\n|-damage|p2b: Book|0 fnt\n|faint|p2b: Book\n|\n|-damage|p2a: Saben|0 fnt|[from] brn\n|faint|p2a: Saben\n|upkeep\n|\n|t:|1682899053\n|switch|p2b: Bizzy|Flutter Mane, L50|100\/100\n|turn|8\n|c|\u2606mazyvgc|gg\n|\n|t:|1682899064\n|-terastallize|p2b: Bizzy|Fairy\n|-terastallize|p1b: Ting-Lu|Poison\n|move|p2b: Bizzy|Moonblast|p1b: Ting-Lu\n|-resisted|p1b: Ting-Lu\n|-damage|p1b: Ting-Lu|2\/100\n|-unboost|p1b: Ting-Lu|spa|1\n|move|p1b: Ting-Lu|Heavy Slam|p2b: Bizzy\n|-supereffective|p2b: Bizzy\n|-damage|p2b: Bizzy|0 fnt\n|faint|p2b: Bizzy\n|-end|p2b: Bizzy|Protosynthesis|[silent]\n|\n|win|Zzag\n|raw|Zzag's rating: 1377 → 1395<\/strong> (+18 for winning)\n|raw|mazyvgc's rating: 1345 → 1327<\/strong> (-18 for losing)\n|l|\u2606mazyvgc\n|c|\u2606Zzag|gg\n","uploadtime":1682899088,"views":13,"p1id":"zzag","p2id":"mazyvgc","formatid":"gen9vgc2023regulationc","rating":1327,"private":0,"password":""}