{"id":"gen9vgc2023regulationc-1846949114","p1":"waterworld james","p2":"Alaskan_fisher","format":"[Gen 9] VGC 2023 Regulation C","log":"|j|\u2606waterworld james\n|j|\u2606Alaskan_fisher\n|t:|1681904981\n|gametype|doubles\n|player|p1|waterworld james|baker|1163\n|player|p2|Alaskan_fisher|fisherman-gen4|1153\n|teamsize|p1|6\n|teamsize|p2|6\n|gen|9\n|tier|[Gen 9] VGC 2023 Regulation C\n|rated|\n|rule|Species Clause: Limit one of each Pok\u00e9mon\n|rule|Item Clause: Limit one of each item\n|clearpoke\n|poke|p1|Baxcalibur, L50, F|\n|poke|p1|Ting-Lu, L50|\n|poke|p1|Corviknight, L50, M|\n|poke|p1|Glimmora, L50, M|\n|poke|p1|Amoonguss, L50, M|\n|poke|p1|Palafin, L50, F|\n|poke|p2|Maushold-Four, L50|\n|poke|p2|Annihilape, L50, M|\n|poke|p2|Palafin, L50, F|\n|poke|p2|Ting-Lu, L50|\n|poke|p2|Flutter Mane, L50|\n|poke|p2|Arcanine, L50, M|\n|teampreview|4\nAlaskan_fisher has agreed to open team sheets.\n|\n|t:|1681905023\n|start\n|switch|p1a: Baxcalibur|Baxcalibur, L50, F|100\/100\n|switch|p1b: Amoonguss|Amoonguss, L50, M|100\/100\n|switch|p2a: Maushold|Maushold-Four, L50|100\/100\n|switch|p2b: Palafin|Palafin, L50, F|100\/100\n|turn|1\n|\n|t:|1681905040\n|detailschange|p2b: Palafin|Palafin-Hero, L50, F\n|switch|p2b: Annihilape|Annihilape, L50, M|100\/100\n|move|p2a: Maushold|Protect|p2a: Maushold\n|-singleturn|p2a: Maushold|Protect\n|move|p1a: Baxcalibur|Glaive Rush|p2a: Maushold\n|-activate|p2a: Maushold|move: Protect\n|move|p1b: Amoonguss|Spore|p2b: Annihilape\n|-immune|p2b: Annihilape|[from] ability: Vital Spirit\n|\n|upkeep\n|turn|2\n|\n|t:|1681905084\n|switch|p2a: Ting-Lu|Ting-Lu, L50|100\/100\n|-ability|p2a: Ting-Lu|Vessel of Ruin\n|move|p1b: Amoonguss|Rage Powder|p1b: Amoonguss\n|-singleturn|p1b: Amoonguss|move: Rage Powder\n|move|p1a: Baxcalibur|Glaive Rush|p2b: Annihilape\n|-damage|p2b: Annihilape|47\/100\n|-singlemove|p1a: Baxcalibur|Glaive Rush|[silent]\n|move|p2b: Annihilape|Bulk Up|p2b: Annihilape\n|-boost|p2b: Annihilape|atk|1\n|-boost|p2b: Annihilape|def|1\n|\n|-heal|p2b: Annihilape|53\/100|[from] item: Leftovers\n|upkeep\n|turn|3\n|inactive|Battle timer is ON: inactive players will automatically lose when time's up. (requested by waterworld james)\n|\n|t:|1681905105\n|switch|p2a: Maushold|Maushold-Four, L50|100\/100\n|move|p1b: Amoonguss|Rage Powder|p1b: Amoonguss\n|-singleturn|p1b: Amoonguss|move: Rage Powder\n|move|p1a: Baxcalibur|Glaive Rush|p2b: Annihilape\n|-damage|p2b: Annihilape|25\/100\n|-singlemove|p1a: Baxcalibur|Glaive Rush|[silent]\n|move|p2b: Annihilape|Rage Fist|p1b: Amoonguss\n|-damage|p1b: Amoonguss|13\/100\n|-enditem|p1b: Amoonguss|Sitrus Berry|[eat]\n|-heal|p1b: Amoonguss|37\/100|[from] item: Sitrus Berry\n|\n|-heal|p2b: Annihilape|31\/100|[from] item: Leftovers\n|upkeep\n|turn|4\n|inactive|Alaskan_fisher has 30 seconds left.\n|inactive|Alaskan_fisher has 20 seconds left.\n|\n|t:|1681905142\n|move|p2a: Maushold|Follow Me|p2a: Maushold\n|-singleturn|p2a: Maushold|move: Follow Me\n|move|p1b: Amoonguss|Rage Powder|p1b: Amoonguss\n|-singleturn|p1b: Amoonguss|move: Rage Powder\n|move|p1a: Baxcalibur|Glaive Rush|p2a: Maushold\n|-damage|p2a: Maushold|16\/100\n|-singlemove|p1a: Baxcalibur|Glaive Rush|[silent]\n|move|p2b: Annihilape|Drain Punch|p1b: Amoonguss\n|-resisted|p1b: Amoonguss\n|-damage|p1b: Amoonguss|18\/100\n|-heal|p2b: Annihilape|42\/100|[from] drain|[of] p1b: Amoonguss\n|\n|-heal|p2b: Annihilape|48\/100|[from] item: Leftovers\n|upkeep\n|turn|5\n|\n|t:|1681905167\n|move|p2a: Maushold|Protect|p2a: Maushold\n|-singleturn|p2a: Maushold|Protect\n|move|p1b: Amoonguss|Rage Powder|p1b: Amoonguss\n|-singleturn|p1b: Amoonguss|move: Rage Powder\n|move|p1a: Baxcalibur|Glaive Rush|p2b: Annihilape\n|-damage|p2b: Annihilape|22\/100\n|-singlemove|p1a: Baxcalibur|Glaive Rush|[silent]\n|move|p2b: Annihilape|Drain Punch|p1b: Amoonguss\n|-resisted|p1b: Amoonguss\n|-damage|p1b: Amoonguss|0 fnt\n|-heal|p2b: Annihilape|31\/100|[from] drain|[of] p1b: Amoonguss\n|faint|p1b: Amoonguss\n|\n|-heal|p2b: Annihilape|37\/100|[from] item: Leftovers\n|upkeep\n|\n|t:|1681905188\n|switch|p1b: Corviknight|Corviknight, L50, M|100\/100\n|turn|6\n|inactive|Alaskan_fisher has 30 seconds left.\n|inactive|Alaskan_fisher has 20 seconds left.\n|\n|t:|1681905224\n|-terastallize|p2b: Annihilape|Fire\n|move|p1a: Baxcalibur|Protect|p1a: Baxcalibur\n|-singleturn|p1a: Baxcalibur|Protect\n|move|p2a: Maushold|Follow Me|p2a: Maushold\n|-singleturn|p2a: Maushold|move: Follow Me\n|move|p2b: Annihilape|Drain Punch|p1b: Corviknight\n|-damage|p1b: Corviknight|67\/100\n|-heal|p2b: Annihilape|54\/100|[from] drain|[of] p1b: Corviknight\n|move|p1b: Corviknight|Brave Bird|p2a: Maushold\n|-damage|p2a: Maushold|0 fnt\n|faint|p2a: Maushold\n|-damage|p1b: Corviknight|62\/100|[from] Recoil\n|\n|-heal|p2b: Annihilape|60\/100|[from] item: Leftovers\n|-heal|p1b: Corviknight|68\/100|[from] item: Leftovers\n|upkeep\n|\n|t:|1681905245\n|switch|p2a: Palafin|Palafin-Hero, L50, F|100\/100\n|-activate|p2a: Palafin|ability: Zero to Hero\n|turn|7\n|\n|t:|1681905257\n|-terastallize|p1a: Baxcalibur|Poison\n|move|p1a: Baxcalibur|Glaive Rush|p2b: Annihilape\n|-damage|p2b: Annihilape|25\/100\n|-singlemove|p1a: Baxcalibur|Glaive Rush|[silent]\n|move|p2a: Palafin|Wave Crash|p1b: Corviknight\n|-damage|p1b: Corviknight|0 fnt\n|faint|p1b: Corviknight\n|-damage|p2a: Palafin|78\/100|[from] Recoil\n|move|p2b: Annihilape|Drain Punch|p1a: Baxcalibur\n|-resisted|p1a: Baxcalibur\n|-damage|p1a: Baxcalibur|64\/100\n|-heal|p2b: Annihilape|45\/100|[from] drain|[of] p1a: Baxcalibur\n|\n|-heal|p2b: Annihilape|51\/100|[from] item: Leftovers\n|upkeep\n|\n|t:|1681905274\n|switch|p1b: Wailad|Palafin, L50, F|100\/100\n|turn|8\n|inactive|Alaskan_fisher has 30 seconds left.\n|\n|t:|1681905300\n|move|p2a: Palafin|Jet Punch|p1a: Baxcalibur\n|-damage|p1a: Baxcalibur|0 fnt\n|faint|p1a: Baxcalibur\n|move|p1b: Wailad|Wave Crash|p2b: Annihilape\n|-supereffective|p2b: Annihilape\n|-crit|p2b: Annihilape\n|-damage|p2b: Annihilape|0 fnt\n|faint|p2b: Annihilape\n|-damage|p1b: Wailad|82\/100|[from] Recoil\n|\n|upkeep\n|\n|t:|1681905310\n|switch|p2b: Ting-Lu|Ting-Lu, L50|100\/100\n|-ability|p2b: Ting-Lu|Vessel of Ruin\n|turn|9\n|\n|t:|1681905321\n|move|p1b: Wailad|Wave Crash|p2b: Ting-Lu\n|-supereffective|p2b: Ting-Lu\n|-damage|p2b: Ting-Lu|52\/100\n|-damage|p1b: Wailad|60\/100|[from] Recoil\n|move|p2a: Palafin|Wave Crash|p1b: Wailad\n|-resisted|p1b: Wailad\n|-damage|p1b: Wailad|9\/100\n|-damage|p2a: Palafin|63\/100|[from] Recoil\n|move|p2b: Ting-Lu|Stomping Tantrum|p1b: Wailad\n|-damage|p1b: Wailad|0 fnt\n|faint|p1b: Wailad\n|\n|win|Alaskan_fisher\n|raw|waterworld james's rating: 1163 → 1137<\/strong> (-26 for losing)\n|raw|Alaskan_fisher's rating: 1153 → 1179<\/strong> (+26 for winning)\n|l|\u2606waterworld james\n","uploadtime":1681905331,"views":9,"p1id":"waterworldjames","p2id":"alaskanfisher","formatid":"gen9vgc2023regulationc","rating":1137,"private":0,"password":""}