{"id":"gen9vgc2023regulationc-1849459390","p1":"jchemmy","p2":"brauli94","format":"[Gen 9] VGC 2023 Regulation C","log":"|j|\u2606jchemmy\n|j|\u2606brauli94\n|t:|1682200914\n|gametype|doubles\n|player|p1|jchemmy|brock|1319\n|player|p2|brauli94|2|1372\n|teamsize|p1|6\n|teamsize|p2|6\n|gen|9\n|tier|[Gen 9] VGC 2023 Regulation C\n|rated|\n|rule|Species Clause: Limit one of each Pok\u00e9mon\n|rule|Item Clause: Limit one of each item\n|clearpoke\n|poke|p1|Arcanine, L50, M|\n|poke|p1|Palafin, L50, M|\n|poke|p1|Flutter Mane, L50|\n|poke|p1|Ting-Lu, L50|\n|poke|p1|Amoonguss, L50, M|\n|poke|p1|Baxcalibur, L50, M|\n|poke|p2|Ceruledge, L50, M|\n|poke|p2|Tinkaton, L50, F|\n|poke|p2|Espathra, L50, M|\n|poke|p2|Flutter Mane, L50|\n|poke|p2|Gyarados, L50, M|\n|poke|p2|Sandy Shocks, L50|\n|teampreview|4\n|inactive|Battle timer is ON: inactive players will automatically lose when time's up. (requested by jchemmy)\njchemmy has agreed to open team sheets.\nbrauli94 rejected open team sheets.\n|inactive|jchemmy has 60 seconds left.\n|\n|t:|1682200966\n|start\n|switch|p1a: Palafin|Palafin, L50, M|100\/100\n|switch|p1b: Baxcalibur|Baxcalibur, L50, M|100\/100\n|switch|p2a: Espathra|Espathra, L50, M|100\/100\n|switch|p2b: Sandy Shocks|Sandy Shocks, L50|100\/100\n|-enditem|p2b: Sandy Shocks|Booster Energy\n|-activate|p2b: Sandy Shocks|ability: Protosynthesis|[fromitem]\n|-start|p2b: Sandy Shocks|protosynthesisspe\n|turn|1\n|\n|t:|1682200990\n|detailschange|p1a: Palafin|Palafin-Hero, L50, M\n|switch|p1a: Ting-Lu|Ting-Lu, L50|100\/100\n|-ability|p1a: Ting-Lu|Vessel of Ruin\n|move|p2b: Sandy Shocks|Gravity|p2b: Sandy Shocks\n|-fieldstart|move: Gravity\n|move|p2a: Espathra|Hypnosis|p1b: Baxcalibur\n|-status|p1b: Baxcalibur|slp|[from] move: Hypnosis\n|cant|p1b: Baxcalibur|slp\n|\n|-ability|p2a: Espathra|Speed Boost|boost\n|-boost|p2a: Espathra|spe|1\n|upkeep\n|turn|2\n|\n|t:|1682201010\n|move|p2a: Espathra|Hypnosis|p1a: Ting-Lu\n|-status|p1a: Ting-Lu|slp|[from] move: Hypnosis\n|move|p2b: Sandy Shocks|Earth Power|p1b: Baxcalibur\n|-damage|p1b: Baxcalibur|72\/100 slp\n|cant|p1b: Baxcalibur|slp\n|cant|p1a: Ting-Lu|slp\n|\n|-ability|p2a: Espathra|Speed Boost|boost\n|-boost|p2a: Espathra|spe|1\n|upkeep\n|turn|3\n|\n|t:|1682201022\n|move|p2a: Espathra|Lumina Crash|p1b: Baxcalibur\n|-damage|p1b: Baxcalibur|48\/100 slp\n|move|p2b: Sandy Shocks|Earth Power|p1b: Baxcalibur\n|-damage|p1b: Baxcalibur|20\/100 slp\n|-curestatus|p1b: Baxcalibur|slp|[msg]\n|move|p1b: Baxcalibur|Glaive Rush|p2a: Espathra\n|-enditem|p2a: Espathra|Focus Sash\n|-damage|p2a: Espathra|1\/100\n|-singlemove|p1b: Baxcalibur|Glaive Rush|[silent]\n|cant|p1a: Ting-Lu|slp\n|\n|-ability|p2a: Espathra|Speed Boost|boost\n|-boost|p2a: Espathra|spe|1\n|upkeep\n|turn|4\n|\n|t:|1682201042\n|move|p1b: Baxcalibur|Ice Shard|p2a: Espathra\n|-damage|p2a: Espathra|0 fnt\n|faint|p2a: Espathra\n|move|p2b: Sandy Shocks|Earth Power|p1a: Ting-Lu\n|-damage|p1a: Ting-Lu|87\/100 slp\n|cant|p1a: Ting-Lu|slp\n|\n|upkeep\n|\n|t:|1682201048\n|switch|p2a: Gyarados|Gyarados, L50, M|100\/100\n|-ability|p2a: Gyarados|Intimidate|boost\n|-unboost|p1a: Ting-Lu|atk|1\n|-fail|p1b: Baxcalibur|unboost|[from] item: Clear Amulet|[of] p1b: Baxcalibur\n|turn|5\n|\n|t:|1682201059\n|move|p2b: Sandy Shocks|Protect|p2b: Sandy Shocks\n|-singleturn|p2b: Sandy Shocks|Protect\n|move|p1b: Baxcalibur|Ice Shard|p2b: Sandy Shocks\n|-activate|p2b: Sandy Shocks|move: Protect\n|move|p2a: Gyarados|Dragon Dance|p2a: Gyarados\n|-boost|p2a: Gyarados|atk|1\n|-boost|p2a: Gyarados|spe|1\n|-curestatus|p1a: Ting-Lu|slp|[msg]\n|move|p1a: Ting-Lu|Stomping Tantrum|p2b: Sandy Shocks\n|-activate|p2b: Sandy Shocks|move: Protect\n|\n|-fieldend|move: Gravity\n|upkeep\n|turn|6\n|\n|t:|1682201076\n|move|p2b: Sandy Shocks|Earth Power|p1b: Baxcalibur\n|-damage|p1b: Baxcalibur|0 fnt\n|faint|p1b: Baxcalibur\n|move|p2a: Gyarados|Waterfall|p1a: Ting-Lu\n|-supereffective|p1a: Ting-Lu\n|-damage|p1a: Ting-Lu|19\/100\n|move|p1a: Ting-Lu|Stomping Tantrum|p2b: Sandy Shocks\n|-supereffective|p2b: Sandy Shocks\n|-damage|p2b: Sandy Shocks|46\/100\n|\n|upkeep\n|\n|t:|1682201087\n|switch|p1b: Palafin|Palafin-Hero, L50, M|100\/100\n|-activate|p1b: Palafin|ability: Zero to Hero\n|turn|7\n|\n|t:|1682201099\n|switch|p1a: Flutter Mane|Flutter Mane, L50|100\/100\n|move|p2b: Sandy Shocks|Protect|p2b: Sandy Shocks\n|-singleturn|p2b: Sandy Shocks|Protect\n|move|p2a: Gyarados|Waterfall|p1a: Flutter Mane\n|-damage|p1a: Flutter Mane|14\/100\n|move|p1b: Palafin|Haze|p1b: Palafin\n|-clearallboost\n|\n|upkeep\n|turn|8\n|inactive|brauli94 has 30 seconds left.\n|\n|t:|1682201132\n|move|p1b: Palafin|Jet Punch|p2b: Sandy Shocks\n|-supereffective|p2b: Sandy Shocks\n|-damage|p2b: Sandy Shocks|0 fnt\n|faint|p2b: Sandy Shocks\n|-end|p2b: Sandy Shocks|Protosynthesis|[silent]\n|move|p1a: Flutter Mane|Thunderbolt|p2a: Gyarados\n|-supereffective|p2a: Gyarados\n|-damage|p2a: Gyarados|0 fnt\n|faint|p2a: Gyarados\n|\n|upkeep\n|\n|t:|1682201135\n|switch|p2b: Ceruledge|Ceruledge, L50, M|100\/100\n|turn|9\n|\n|t:|1682201145\n|-end|p1a: Flutter Mane|Protosynthesis|[silent]\n|switch|p1a: Ting-Lu|Ting-Lu, L50|19\/100\n|-ability|p1a: Ting-Lu|Vessel of Ruin\n|-terastallize|p2b: Ceruledge|Grass\n|move|p1b: Palafin|Wave Crash|p2b: Ceruledge\n|-resisted|p2b: Ceruledge\n|-damage|p2b: Ceruledge|64\/100\n|-damage|p1b: Palafin|90\/100|[from] Recoil\n|move|p2b: Ceruledge|Tera Blast|p1b: Palafin\n|-supereffective|p1b: Palafin\n|-damage|p1b: Palafin|25\/100\n|\n|upkeep\n|turn|10\n|inactive|jchemmy has 30 seconds left.\n|\n|t:|1682201170\n|-terastallize|p1a: Ting-Lu|Poison\n|move|p1b: Palafin|Protect|p1b: Palafin\n|-singleturn|p1b: Palafin|Protect\n|move|p2b: Ceruledge|Tera Blast|p1b: Palafin\n|-activate|p1b: Palafin|move: Protect\n|move|p1a: Ting-Lu|Ruination|p2b: Ceruledge\n|-damage|p2b: Ceruledge|32\/100\n|\n|upkeep\n|turn|11\n|\n|t:|1682201183\n|move|p1b: Palafin|Jet Punch|p2b: Ceruledge\n|-resisted|p2b: Ceruledge\n|-damage|p2b: Ceruledge|13\/100\n|move|p2b: Ceruledge|Shadow Sneak|p1b: Palafin\n|-damage|p1b: Palafin|12\/100\n|move|p1a: Ting-Lu|Stomping Tantrum|p2b: Ceruledge\n|-resisted|p2b: Ceruledge\n|-damage|p2b: Ceruledge|0 fnt\n|faint|p2b: Ceruledge\n|\n|win|jchemmy\n|raw|jchemmy's rating: 1319 → 1342<\/strong> (+23 for winning)\n|raw|brauli94's rating: 1372 → 1349<\/strong> (-23 for losing)\n|l|\u2606brauli94\n","uploadtime":1682201191,"views":12,"p1id":"jchemmy","p2id":"brauli94","formatid":"gen9vgc2023regulationc","rating":1342,"private":0,"password":""}