{"id":"gen9vgc2023regulationc-1861344246","p1":"TalonMasterJ","p2":"nijisanjifan","format":"[Gen 9] VGC 2023 Regulation C","log":"|j|\u2606TalonMasterJ\n|j|\u2606nijisanjifan\n|t:|1683747905\n|gametype|doubles\n|player|p1|TalonMasterJ|steven|1177\n|player|p2|nijisanjifan|101|1238\n|teamsize|p1|6\n|teamsize|p2|6\n|gen|9\n|tier|[Gen 9] VGC 2023 Regulation C\n|rated|\n|rule|Species Clause: Limit one of each Pok\u00e9mon\n|rule|Item Clause: Limit one of each item\n|clearpoke\n|poke|p1|Baxcalibur, L50, F|\n|poke|p1|Chi-Yu, L50|\n|poke|p1|Iron Bundle, L50|\n|poke|p1|Gholdengo, L50|\n|poke|p1|Flutter Mane, L50|\n|poke|p1|Kingambit, L50, F|\n|poke|p2|Iron Thorns, L50|\n|poke|p2|Arcanine, L50, F|\n|poke|p2|Amoonguss, L50, F|\n|poke|p2|Azumarill, L50, F|\n|poke|p2|Abomasnow, L50, M|\n|poke|p2|Iron Bundle, L50|\n|teampreview|4\n|\n|t:|1683747960\n|start\n|switch|p1a: Kingambit|Kingambit, L50, F|100\/100\n|switch|p1b: Gholdengo|Gholdengo, L50|100\/100\n|switch|p2a: Iron Bundle|Iron Bundle, L50|100\/100\n|switch|p2b: Iron Thorns|Iron Thorns, L50|100\/100\n|-enditem|p2a: Iron Bundle|Booster Energy\n|-activate|p2a: Iron Bundle|ability: Quark Drive|[fromitem]\n|-start|p2a: Iron Bundle|quarkdrivespe\n|turn|1\n|\n|t:|1683747986\n|move|p2a: Iron Bundle|Hydro Pump|p1a: Kingambit\n|-damage|p1a: Kingambit|70\/100\n|move|p2b: Iron Thorns|Wild Charge|p1a: Kingambit\n|-damage|p1a: Kingambit|29\/100\n|-damage|p2b: Iron Thorns|90\/100|[from] Recoil\n|move|p1b: Gholdengo|Nasty Plot|p1b: Gholdengo\n|-boost|p1b: Gholdengo|spa|2\n|move|p1a: Kingambit|Iron Head|p2b: Iron Thorns\n|-damage|p2b: Iron Thorns|50\/100\n|\n|upkeep\n|turn|2\n|\n|t:|1683748008\n|move|p1a: Kingambit|Sucker Punch|p2a: Iron Bundle\n|-damage|p2a: Iron Bundle|56\/100\n|move|p2a: Iron Bundle|Hydro Pump|p1a: Kingambit\n|-crit|p1a: Kingambit\n|-damage|p1a: Kingambit|0 fnt\n|faint|p1a: Kingambit\n|move|p2b: Iron Thorns|Wild Charge|p1b: Gholdengo\n|-damage|p1b: Gholdengo|42\/100\n|-damage|p2b: Iron Thorns|36\/100|[from] Recoil\n|move|p1b: Gholdengo|Make It Rain|p2a: Iron Bundle|[spread] p2a,p2b\n|-damage|p2a: Iron Bundle|0 fnt\n|-damage|p2b: Iron Thorns|0 fnt\n|-unboost|p1b: Gholdengo|spa|1\n|faint|p2a: Iron Bundle\n|-end|p2a: Iron Bundle|Quark Drive|[silent]\n|faint|p2b: Iron Thorns\n|-end|p2b: Iron Thorns|Quark Drive|[silent]\n|-damage|p1b: Gholdengo|32\/100|[from] item: Life Orb\n|\n|upkeep\n|\n|t:|1683748026\n|switch|p2a: Azumarill|Azumarill, L50, F|100\/100\n|switch|p2b: Arcanine|Arcanine, L50, F|100\/100\n|switch|p1a: Iron Bundle|Iron Bundle, L50|100\/100\n|-ability|p2b: Arcanine|Intimidate|boost\n|-unboost|p1a: Iron Bundle|atk|1\n|-unboost|p1b: Gholdengo|atk|1\n|-enditem|p1a: Iron Bundle|Booster Energy\n|-activate|p1a: Iron Bundle|ability: Quark Drive|[fromitem]\n|-start|p1a: Iron Bundle|quarkdrivespe\n|turn|3\n|\n|t:|1683748049\n|move|p1a: Iron Bundle|Protect|p1a: Iron Bundle\n|-singleturn|p1a: Iron Bundle|Protect\n|move|p1b: Gholdengo|Protect|p1b: Gholdengo\n|-singleturn|p1b: Gholdengo|Protect\n|move|p2b: Arcanine|Flare Blitz|p1b: Gholdengo\n|-activate|p1b: Gholdengo|move: Protect\n|move|p2a: Azumarill|Brick Break|p1a: Iron Bundle\n|-activate|p1a: Iron Bundle|move: Protect\n|\n|upkeep\n|turn|4\n|\n|t:|1683748069\n|move|p1a: Iron Bundle|Hydro Pump|p2b: Arcanine\n|-supereffective|p2b: Arcanine\n|-damage|p2b: Arcanine|0 fnt\n|faint|p2b: Arcanine\n|move|p1b: Gholdengo|Shadow Ball|p2a: Azumarill\n|-damage|p2a: Azumarill|34\/100\n|-damage|p1b: Gholdengo|22\/100|[from] item: Life Orb\n|move|p2a: Azumarill|Brick Break|p1a: Iron Bundle\n|-supereffective|p1a: Iron Bundle\n|-damage|p1a: Iron Bundle|40\/100\n|\n|upkeep\n|turn|5\n|\n|t:|1683748102\n|move|p2a: Azumarill|Aqua Jet|p1b: Gholdengo\n|-damage|p1b: Gholdengo|0 fnt\n|faint|p1b: Gholdengo\n|move|p1a: Iron Bundle|Freeze-Dry|p2a: Azumarill\n|-supereffective|p2a: Azumarill\n|-damage|p2a: Azumarill|0 fnt\n|faint|p2a: Azumarill\n|\n|win|TalonMasterJ\n|raw|TalonMasterJ's rating: 1177 → 1206<\/strong> (+29 for winning)\n|raw|nijisanjifan's rating: 1238 → 1209<\/strong> (-29 for losing)\n","uploadtime":1683748160,"views":14,"p1id":"talonmasterj","p2id":"nijisanjifan","formatid":"gen9vgc2023regulationc","rating":1206,"private":0,"password":""}