{"id":"gen9vgc2023regulationc-1860941336","p1":"Gozie Mas","p2":"mainacchacked","format":"[Gen 9] VGC 2023 Regulation C","log":"|j|\u2606Gozie Mas\n|j|\u2606mainacchacked\n|t:|1683700049\n|gametype|doubles\n|player|p1|Gozie Mas|ninjaboy|\n|player|p2|mainacchacked|teamrocket|\n|teamsize|p1|6\n|teamsize|p2|6\n|gen|9\n|tier|[Gen 9] VGC 2023 Regulation C\n|rated|Tournament battle\n|rule|Species Clause: Limit one of each Pok\u00e9mon\n|rule|Item Clause: Limit one of each item\n|clearpoke\n|poke|p1|Chien-Pao, L50|\n|poke|p1|Flutter Mane, L50|\n|poke|p1|Dragonite, L50, M|\n|poke|p1|Ting-Lu, L50|\n|poke|p1|Orthworm, L50, M|\n|poke|p1|Gyarados, L50, M|\n|poke|p2|Toedscruel, L50, M|\n|poke|p2|Bruxish, L50, F|\n|poke|p2|Grimmsnarl, L50, M|\n|poke|p2|Flutter Mane, L50|\n|poke|p2|Chi-Yu, L50|\n|poke|p2|Crabominable, L50, M|\n|teampreview|4\n|inactive|Battle timer is ON: inactive players will automatically lose when time's up. (requested by mainacchacked)\n|c|\u2606mainacchacked|glhf\nmainacchacked has agreed to open team sheets.\nGozie Mas has agreed to open team sheets.\n|c|\u2606Gozie Mas|glhf\n|inactive|Gozie Mas has 60 seconds left.\n|\n|t:|1683700101\n|start\n|switch|p1a: Ting-Lu|Ting-Lu, L50|100\/100\n|switch|p1b: Orthworm|Orthworm, L50, M|100\/100\n|switch|p2a: Crabominable|Crabominable, L50, M|100\/100\n|switch|p2b: Bruxish|Bruxish, L50, F|100\/100\n|-ability|p1a: Ting-Lu|Vessel of Ruin\n|turn|1\n|inactive|mainacchacked has 30 seconds left.\n|inactive|mainacchacked has 20 seconds left.\n|inactive|mainacchacked has 15 seconds left.\n|inactive|mainacchacked has 10 seconds left.\n|inactive|mainacchacked has 5 seconds left.\n|\n|t:|1683700156\n|-terastallize|p1a: Ting-Lu|Water\n|move|p2b: Bruxish|Wave Crash|p1a: Ting-Lu\n|-resisted|p1a: Ting-Lu\n|-damage|p1a: Ting-Lu|83\/100\n|-damage|p2b: Bruxish|91\/100|[from] Recoil\n|move|p1a: Ting-Lu|Earthquake|p2b: Bruxish|[spread] p2a,p2b\n|-immune|p1b: Orthworm|[from] ability: Earth Eater\n|-damage|p2a: Crabominable|24\/100\n|-damage|p2b: Bruxish|3\/100\n|move|p1b: Orthworm|Shed Tail|p1b: Orthworm\n|-start|p1b: Orthworm|Substitute|[from] move: Shed Tail\n|-damage|p1b: Orthworm|50\/100\n|-enditem|p1b: Orthworm|Sitrus Berry|[eat]\n|-heal|p1b: Orthworm|75\/100|[from] item: Sitrus Berry\n|j| No1OhioVGC\n|inactive|Gozie Mas has 30 seconds left.\n|\n|t:|1683700183\n|switch|p1b: Dragonite|Dragonite, L50, M|100\/100|[from] Shed Tail\n|move|p2a: Crabominable|Ice Hammer|p1a: Ting-Lu\n|-resisted|p1a: Ting-Lu\n|-damage|p1a: Ting-Lu|61\/100\n|-unboost|p2a: Crabominable|spe|1\n|\n|upkeep\n|turn|2\n|c|\u2606mainacchacked|???????????????????????\n|c|\u2606Gozie Mas|???????\n|c|\u2606mainacchacked|nvm\n|c|\u2606Gozie Mas|what are you waffling about\n|inactive|Gozie Mas has 30 seconds left.\n|\n|t:|1683700214\n|move|p2b: Bruxish|Wave Crash|p1b: Dragonite\n|-resisted|p1b: Dragonite\n|-activate|p1b: Dragonite|move: Substitute|[damage]\n|-damage|p2b: Bruxish|0 fnt|[from] Recoil|[of] p1b: Dragonite\n|faint|p2b: Bruxish\n|move|p1b: Dragonite|Dragon Dance|p1b: Dragonite\n|-boost|p1b: Dragonite|atk|1\n|-boost|p1b: Dragonite|spe|1\n|move|p1a: Ting-Lu|Earthquake|p2a: Crabominable|[spread] p2a\n|-immune|p1b: Dragonite\n|-damage|p2a: Crabominable|0 fnt\n|faint|p2a: Crabominable\n|\n|upkeep\n|inactive|mainacchacked has 30 seconds left.\n|\n|t:|1683700243\n|switch|p2b: Grimmsnarl|Grimmsnarl, L50, M|100\/100\n|switch|p2a: Flutter Mane|Flutter Mane, L50|100\/100\n|-enditem|p2a: Flutter Mane|Booster Energy\n|-activate|p2a: Flutter Mane|ability: Protosynthesis|[fromitem]\n|-start|p2a: Flutter Mane|protosynthesisspe\n|turn|3\n|\n|t:|1683700258\n|move|p2b: Grimmsnarl|Fake Out|p1b: Dragonite\n|-activate|p1b: Dragonite|move: Substitute|[damage]\n|move|p2a: Flutter Mane|Dazzling Gleam|p1b: Dragonite|[spread] p1a,p1b\n|-supereffective|p1b: Dragonite\n|-end|p1b: Dragonite|Substitute\n|-damage|p1a: Ting-Lu|37\/100\n|move|p1b: Dragonite|Rock Slide|p2a: Flutter Mane|[spread] p2a\n|-miss|p1b: Dragonite|p2b: Grimmsnarl\n|-damage|p2a: Flutter Mane|29\/100\n|move|p1a: Ting-Lu|Earthquake|p2b: Grimmsnarl|[spread] p2a,p2b\n|-immune|p1b: Dragonite\n|-crit|p2a: Flutter Mane\n|-damage|p2a: Flutter Mane|0 fnt\n|-damage|p2b: Grimmsnarl|43\/100\n|-enditem|p2b: Grimmsnarl|Sitrus Berry|[eat]\n|-heal|p2b: Grimmsnarl|67\/100|[from] item: Sitrus Berry\n|faint|p2a: Flutter Mane\n|-end|p2a: Flutter Mane|Protosynthesis|[silent]\n|\n|upkeep\n|turn|4\n|c|\u2606mainacchacked|low roll smh\n|inactive|Gozie Mas has 30 seconds left.\n|c|\u2606Gozie Mas|bruh\n|inactive|Gozie Mas has 20 seconds left.\n|c|\u2606mainacchacked|both bruxish wave crash AND grimmsnnarl fakeout\n|inactive|Gozie Mas has 15 seconds left.\n|c|\u2606Gozie Mas|multiscale + lmao?\n|inactive|Gozie Mas has 10 seconds left.\n|\n|t:|1683700303\n|move|p1b: Dragonite|Rock Slide|p2b: Grimmsnarl|[miss]\n|-miss|p1b: Dragonite|p2b: Grimmsnarl\n|move|p2b: Grimmsnarl|Play Rough|p1b: Dragonite\n|-supereffective|p1b: Dragonite\n|-damage|p1b: Dragonite|58\/100\n|move|p1a: Ting-Lu|Earthquake|p2b: Grimmsnarl|[spread] p2b\n|-immune|p1b: Dragonite\n|-damage|p2b: Grimmsnarl|8\/100\n|\n|upkeep\n|turn|5\n|inactive|mainacchacked has 30 seconds left.\n|c|\u2606mainacchacked|oh ok\n|j| altarboy69\n|c|\u2606mainacchacked|gg\n|\n|t:|1683700335\n|-terastallize|p2b: Grimmsnarl|Steel\n|move|p1b: Dragonite|Earthquake|p2b: Grimmsnarl|[spread] p1a,p2b\n|-supereffective|p2b: Grimmsnarl\n|-damage|p1a: Ting-Lu|10\/100\n|-damage|p2b: Grimmsnarl|0 fnt\n|faint|p2b: Grimmsnarl\n|\n|win|Gozie Mas\n|n|\u2606Gozie Mas|goziemas\n|n|\u2606mainacchacked|mainacchacked\n|n| No1OhioVGC|no1ohiovgc\n|n| altarboy69|altarboy69\n|l|\u2606mainacchacked\n|c|\u2606Gozie Mas|gg\n","uploadtime":1683700347,"views":18,"p1id":"goziemas","p2id":"mainacchacked","formatid":"gen9vgc2023regulationc","rating":0,"private":0,"password":""}