{"id":"gen9vgc2023regulationc-1856416297","p1":"furiousduffman","p2":"tanjibanana","format":"[Gen 9] VGC 2023 Regulation C","log":"|j|\u2606furiousduffman\n|j|\u2606tanjibanana\n|t:|1683059354\n|gametype|doubles\n|player|p1|furiousduffman|265|1000\n|player|p2|tanjibanana|elesa|1000\n|teamsize|p1|6\n|teamsize|p2|6\n|gen|9\n|tier|[Gen 9] VGC 2023 Regulation C\n|rated|\n|rule|Species Clause: Limit one of each Pok\u00e9mon\n|rule|Item Clause: Limit one of each item\n|clearpoke\n|poke|p1|Tatsugiri, L50, M|\n|poke|p1|Dondozo, L50, M|\n|poke|p1|Glimmora, L50, F|\n|poke|p1|Flutter Mane, L50|\n|poke|p1|Amoonguss, L50, F|\n|poke|p1|Arcanine, L50, F|\n|poke|p2|Iron Valiant, L50|\n|poke|p2|Hydreigon, L50, F|\n|poke|p2|Pawmot, L50, M|\n|poke|p2|Ceruledge, L50, M|\n|poke|p2|Meowscarada, L50, F|\n|poke|p2|Hatterene, L50, F|\n|teampreview|4\n|inactive|Battle timer is ON: inactive players will automatically lose when time's up. (requested by furiousduffman)\n|\n|t:|1683059386\n|start\n|switch|p1a: Glimmora|Glimmora, L50, F|100\/100\n|switch|p1b: Dondozo|Dondozo, L50, M|100\/100\n|switch|p2a: Meowscarada|Meowscarada, L50, F|100\/100\n|switch|p2b: Hatterene|Hatterene, L50, F|100\/100\n|-item|p1a: Glimmora|Air Balloon\n|turn|1\n|inactive|furiousduffman has 30 seconds left.\n|\n|t:|1683059416\n|move|p2a: Meowscarada|Flower Trick|p1b: Dondozo\n|-start|p2a: Meowscarada|typechange|Grass|[from] ability: Protean\n|-supereffective|p1b: Dondozo\n|-crit|p1b: Dondozo\n|-damage|p1b: Dondozo|24\/100\n|move|p1a: Glimmora|Reflect|p1a: Glimmora\n|-sidestart|p1: furiousduffman|Reflect\n|move|p1b: Dondozo|Heavy Slam|p2b: Hatterene\n|-supereffective|p2b: Hatterene\n|-damage|p2b: Hatterene|41\/100\n|move|p2b: Hatterene|Reflect|p2b: Hatterene\n|-sidestart|p2: tanjibanana|Reflect\n|\n|upkeep\n|turn|2\n|inactive|furiousduffman has 30 seconds left.\n|inactive|furiousduffman has 20 seconds left.\n|\n|t:|1683059452\n|move|p2a: Meowscarada|Flower Trick|p1b: Dondozo\n|-supereffective|p1b: Dondozo\n|-crit|p1b: Dondozo\n|-damage|p1b: Dondozo|0 fnt\n|faint|p1b: Dondozo\n|move|p1a: Glimmora|Venoshock|p2a: Meowscarada\n|-supereffective|p2a: Meowscarada\n|-damage|p2a: Meowscarada|14\/100\n|move|p2b: Hatterene|Life Dew|p2b: Hatterene|[spread] p2a,p2b\n|-heal|p2a: Meowscarada|39\/100\n|-heal|p2b: Hatterene|66\/100\n|\n|upkeep\n|inactive|furiousduffman has 30 seconds left.\n|\n|t:|1683059482\n|switch|p1b: Tatsugiri|Tatsugiri, L50, M|100\/100\n|turn|3\n|\n|t:|1683059506\n|move|p2a: Meowscarada|Flower Trick|p1a: Glimmora\n|-crit|p1a: Glimmora\n|-damage|p1a: Glimmora|47\/100\n|-activate|p1a: Glimmora|ability: Toxic Debris\n|-sidestart|p2: tanjibanana|move: Toxic Spikes\n|-enditem|p1a: Glimmora|Air Balloon\n|move|p1b: Tatsugiri|Icy Wind|p2b: Hatterene|[spread] p2a,p2b\n|-supereffective|p2a: Meowscarada\n|-damage|p2a: Meowscarada|0 fnt\n|-damage|p2b: Hatterene|45\/100\n|-unboost|p2b: Hatterene|spe|1\n|faint|p2a: Meowscarada\n|move|p1a: Glimmora|Mortal Spin|p2b: Hatterene\n|-supereffective|p2b: Hatterene\n|-damage|p2b: Hatterene|38\/100\n|-status|p2b: Hatterene|psn\n|move|p2b: Hatterene|Light Screen|p2b: Hatterene\n|-sidestart|p2: tanjibanana|move: Light Screen\n|\n|-damage|p2b: Hatterene|25\/100 psn|[from] psn\n|upkeep\n|\n|t:|1683059524\n|switch|p2a: Pawmot|Pawmot, L50, M|100\/100\n|-status|p2a: Pawmot|psn\n|turn|4\n|\n|t:|1683059542\n|switch|p1b: Flutter Mane|Flutter Mane, L50|100\/100\n|move|p2a: Pawmot|Brick Break|p1a: Glimmora\n|-sideend|p1: furiousduffman|Reflect\n|-damage|p1a: Glimmora|13\/100\n|-activate|p1a: Glimmora|ability: Toxic Debris\n|-sidestart|p2: tanjibanana|move: Toxic Spikes\n|move|p1a: Glimmora|Venoshock|p2a: Pawmot\n|-damage|p2a: Pawmot|27\/100 psn\n|move|p2b: Hatterene|Draining Kiss|p1b: Flutter Mane\n|-damage|p1b: Flutter Mane|75\/100\n|-heal|p2b: Hatterene|41\/100 psn|[from] drain|[of] p1b: Flutter Mane\n|\n|-damage|p2a: Pawmot|15\/100 psn|[from] psn\n|-damage|p2b: Hatterene|29\/100 psn|[from] psn\n|upkeep\n|turn|5\n|inactive|furiousduffman has 30 seconds left.\n|\n|t:|1683059569\n|move|p1b: Flutter Mane|Dazzling Gleam|p2b: Hatterene|[spread] p2a,p2b\n|-supereffective|p2a: Pawmot\n|-crit|p2a: Pawmot\n|-damage|p2a: Pawmot|0 fnt\n|-damage|p2b: Hatterene|1\/100 psn\n|faint|p2a: Pawmot\n|-damage|p1b: Flutter Mane|65\/100|[from] item: Life Orb\n|move|p1a: Glimmora|Reflect|p1a: Glimmora\n|-sidestart|p1: furiousduffman|Reflect\n|move|p2b: Hatterene|Life Dew|p2b: Hatterene\n|-heal|p2b: Hatterene|26\/100 psn\n|\n|-damage|p2b: Hatterene|14\/100 psn|[from] psn\n|upkeep\n|\n|t:|1683059579\n|switch|p2a: Iron Valiant|Iron Valiant, L50|100\/100\n|-status|p2a: Iron Valiant|tox\n|-enditem|p2a: Iron Valiant|Booster Energy\n|-activate|p2a: Iron Valiant|ability: Quark Drive|[fromitem]\n|-start|p2a: Iron Valiant|quarkdrivespe\n|turn|6\n|\n|t:|1683059599\n|-terastallize|p2a: Iron Valiant|Fairy\n|move|p2a: Iron Valiant|Brick Break|p1a: Glimmora\n|-sideend|p1: furiousduffman|Reflect\n|-damage|p1a: Glimmora|0 fnt\n|faint|p1a: Glimmora\n|move|p1b: Flutter Mane|Dazzling Gleam|p2b: Hatterene|[spread] p2a,p2b\n|-damage|p2a: Iron Valiant|55\/100 tox\n|-damage|p2b: Hatterene|0 fnt\n|faint|p2b: Hatterene\n|-damage|p1b: Flutter Mane|55\/100|[from] item: Life Orb\n|\n|-damage|p2a: Iron Valiant|49\/100 tox|[from] psn\n|upkeep\n|\n|t:|1683059610\n|switch|p1a: Tatsugiri|Tatsugiri, L50, M|100\/100\n|turn|7\n|\n|t:|1683059627\n|-terastallize|p1a: Tatsugiri|Poison\n|move|p2a: Iron Valiant|Poison Jab|p1b: Flutter Mane\n|-damage|p1b: Flutter Mane|0 fnt\n|faint|p1b: Flutter Mane\n|-end|p1b: Flutter Mane|Protosynthesis|[silent]\n|move|p1a: Tatsugiri|Tera Blast|p2a: Iron Valiant\n|-supereffective|p2a: Iron Valiant\n|-damage|p2a: Iron Valiant|0 fnt\n|faint|p2a: Iron Valiant\n|-end|p2a: Iron Valiant|Quark Drive|[silent]\n|\n|win|furiousduffman\n|raw|furiousduffman's rating: 1000 → 1040<\/strong> (+40 for winning)\n|raw|tanjibanana's rating: 1000 → 1000<\/strong> (+0 for losing)\n|l|\u2606tanjibanana\n","uploadtime":1683059642,"views":12,"p1id":"furiousduffman","p2id":"tanjibanana","formatid":"gen9vgc2023regulationc","rating":1000,"private":0,"password":""}