{"id":"gen9vgc2023regulationc-1856626404","p1":"AintItJay187","p2":"Vitalis24","format":"[Gen 9] VGC 2023 Regulation C","log":"|j|\u2606AintItJay187\n|j|\u2606Vitalis24\n|t:|1683084407\n|gametype|doubles\n|player|p1|AintItJay187|plasmagrunt|1222\n|player|p2|Vitalis24|ethan|1325\n|teamsize|p1|6\n|teamsize|p2|6\n|gen|9\n|tier|[Gen 9] VGC 2023 Regulation C\n|rated|\n|rule|Species Clause: Limit one of each Pok\u00e9mon\n|rule|Item Clause: Limit one of each item\n|clearpoke\n|poke|p1|Iron Valiant, L50|\n|poke|p1|Ting-Lu, L50|\n|poke|p1|Scizor, L50, F|\n|poke|p1|Iron Moth, L50|\n|poke|p1|Wo-Chien, L50|\n|poke|p1|Gyarados, L50, F|\n|poke|p2|Indeedee-F, L50, F|\n|poke|p2|Flutter Mane, L50|\n|poke|p2|Murkrow, L50, F|\n|poke|p2|Great Tusk, L50|\n|poke|p2|Iron Bundle, L50|\n|poke|p2|Chi-Yu, L50|\n|teampreview|4\n|l|\u2606Vitalis24\n|player|p2|\n|j|\u2606Vitalis24\n|player|p2|Vitalis24|ethan\n|inactive|Battle timer is ON: inactive players will automatically lose when time's up. (requested by AintItJay187)\nAintItJay187 has agreed to open team sheets.\n|inactive|Vitalis24 has 60 seconds left.\n|\n|t:|1683084510\n|start\n|switch|p1a: Scizor|Scizor, L50, F|100\/100\n|switch|p1b: Iron Moth|Iron Moth, L50|100\/100\n|switch|p2a: Iron Bundle|Iron Bundle, L50|100\/100\n|switch|p2b: Chi-Yu|Chi-Yu, L50|100\/100\n|-ability|p2b: Chi-Yu|Beads of Ruin\n|-enditem|p2a: Iron Bundle|Booster Energy\n|-activate|p2a: Iron Bundle|ability: Quark Drive|[fromitem]\n|-start|p2a: Iron Bundle|quarkdrivespe\n|turn|1\n|inactive|AintItJay187 has 30 seconds left.\n|inactive|AintItJay187 has 20 seconds left.\n|inactive|AintItJay187 has 15 seconds left.\n|inactive|AintItJay187 has 10 seconds left.\n|inactive|AintItJay187 has 5 seconds left.\n|\n|t:|1683084563\n|-end|p1b: Iron Moth|Quark Drive|[silent]\n|switch|p1b: Ting-Lu|Ting-Lu, L50|100\/100\n|-ability|p1b: Ting-Lu|Vessel of Ruin\n|-terastallize|p1a: Scizor|Water\n|move|p2a: Iron Bundle|Freeze-Dry|p1b: Ting-Lu\n|-supereffective|p1b: Ting-Lu\n|-damage|p1b: Ting-Lu|50\/100\n|-enditem|p1b: Ting-Lu|Sitrus Berry|[eat]\n|-heal|p1b: Ting-Lu|75\/100|[from] item: Sitrus Berry\n|move|p2b: Chi-Yu|Flamethrower|p1a: Scizor\n|-resisted|p1a: Scizor\n|-damage|p1a: Scizor|75\/100\n|move|p1a: Scizor|Tera Blast|p2b: Chi-Yu\n|-supereffective|p2b: Chi-Yu\n|-enditem|p2b: Chi-Yu|Focus Sash\n|-damage|p2b: Chi-Yu|1\/100\n|\n|upkeep\n|turn|2\n|inactive|AintItJay187 has 30 seconds left.\n|inactive|Vitalis24 has 30 seconds left.\n|inactive|AintItJay187 has 20 seconds left.\n|\n|t:|1683084602\n|move|p2b: Chi-Yu|Protect|p2b: Chi-Yu\n|-singleturn|p2b: Chi-Yu|Protect\n|move|p1a: Scizor|Bullet Punch|p2b: Chi-Yu\n|-activate|p2b: Chi-Yu|move: Protect\n|move|p2a: Iron Bundle|Freeze-Dry|p1a: Scizor\n|-supereffective|p1a: Scizor\n|-damage|p1a: Scizor|0 fnt\n|faint|p1a: Scizor\n|move|p1b: Ting-Lu|Throat Chop|p2a: Iron Bundle\n|-damage|p2a: Iron Bundle|50\/100\n|-start|p2a: Iron Bundle|Throat Chop|[silent]\n|\n|upkeep\n|\n|t:|1683084619\n|switch|p1a: Iron Moth|Iron Moth, L50|100\/100\n|turn|3\n|\n|t:|1683084640\n|switch|p1b: Iron Valiant|Iron Valiant, L50|100\/100\n|move|p2a: Iron Bundle|Hydro Pump|p1a: Iron Moth\n|-supereffective|p1a: Iron Moth\n|-damage|p1a: Iron Moth|0 fnt\n|faint|p1a: Iron Moth\n|-end|p1a: Iron Moth|Quark Drive|[silent]\n|move|p2b: Chi-Yu|Will-O-Wisp|p1b: Iron Valiant\n|-status|p1b: Iron Valiant|brn\n|\n|-damage|p1b: Iron Valiant|95\/100 brn|[from] brn\n|-end|p2a: Iron Bundle|Throat Chop|[silent]\n|upkeep\n|\n|t:|1683084653\n|switch|p1a: Ting-Lu|Ting-Lu, L50|75\/100\n|-ability|p1a: Ting-Lu|Vessel of Ruin\n|turn|4\n|\n|t:|1683084677\n|move|p1b: Iron Valiant|Shadow Sneak|p2b: Chi-Yu\n|-resisted|p2b: Chi-Yu\n|-damage|p2b: Chi-Yu|0 fnt\n|faint|p2b: Chi-Yu\n|move|p2a: Iron Bundle|Hydro Pump|p1a: Ting-Lu\n|-supereffective|p1a: Ting-Lu\n|-damage|p1a: Ting-Lu|9\/100\n|move|p1a: Ting-Lu|Throat Chop|p2a: Iron Bundle\n|-damage|p2a: Iron Bundle|1\/100\n|-start|p2a: Iron Bundle|Throat Chop|[silent]\n|\n|-damage|p1b: Iron Valiant|89\/100 brn|[from] brn\n|upkeep\n|\n|t:|1683084689\n|switch|p2b: Indeedee|Indeedee-F, L50, F|100\/100\n|-fieldstart|move: Psychic Terrain|[from] ability: Psychic Surge|[of] p2b: Indeedee\n|-enditem|p2b: Indeedee|Psychic Seed\n|-boost|p2b: Indeedee|spd|1|[from] item: Psychic Seed\n|turn|5\n|inactive|AintItJay187 has 30 seconds left.\n|\n|t:|1683084716\n|move|p2a: Iron Bundle|Icy Wind|p1a: Ting-Lu|[spread] p1a,p1b\n|-supereffective|p1a: Ting-Lu\n|-damage|p1a: Ting-Lu|0 fnt\n|-damage|p1b: Iron Valiant|71\/100 brn\n|-unboost|p1b: Iron Valiant|spe|1\n|faint|p1a: Ting-Lu\n|move|p1b: Iron Valiant|Spirit Break|p2a: Iron Bundle\n|-damage|p2a: Iron Bundle|0 fnt\n|faint|p2a: Iron Bundle\n|-end|p2a: Iron Bundle|Quark Drive|[silent]\n|move|p2b: Indeedee|Dazzling Gleam|p1b: Iron Valiant\n|-supereffective|p1b: Iron Valiant\n|-damage|p1b: Iron Valiant|31\/100 brn\n|\n|-damage|p1b: Iron Valiant|25\/100 brn|[from] brn\n|upkeep\n|\n|t:|1683084731\n|switch|p2a: Flutter Mane|Flutter Mane, L50|100\/100\n|turn|6\n|-message|AintItJay187 forfeited.\n|\n|win|Vitalis24\n|raw|AintItJay187's rating: 1222 → 1204<\/strong> (-18 for losing)\n|raw|Vitalis24's rating: 1325 → 1339<\/strong> (+14 for winning)\n|l|\u2606AintItJay187\n","uploadtime":1683084736,"views":7,"p1id":"aintitjay187","p2id":"vitalis24","formatid":"gen9vgc2023regulationc","rating":1204,"private":0,"password":""}