{"id":"gen9vgc2023regulationc-1849400042","p1":"Lorge Coffee","p2":"EpicDJPlayzPokemon","format":"[Gen 9] VGC 2023 Regulation C","log":"|j|\u2606Lorge Coffee\n|j|\u2606EpicDJPlayzPokemon\n|t:|1682194191\n|gametype|doubles\n|player|p1|Lorge Coffee|shauntal|1033\n|player|p2|EpicDJPlayzPokemon|1|1029\n|teamsize|p1|6\n|teamsize|p2|6\n|gen|9\n|tier|[Gen 9] VGC 2023 Regulation C\n|rated|\n|rule|Species Clause: Limit one of each Pok\u00e9mon\n|rule|Item Clause: Limit one of each item\n|clearpoke\n|poke|p1|Iron Bundle, L50|\n|poke|p1|Iron Treads, L50|\n|poke|p1|Iron Thorns, L50|\n|poke|p1|Talonflame, L50, M|\n|poke|p1|Annihilape, L50, M|\n|poke|p1|Wo-Chien, L50|\n|poke|p2|Farigiraf, L50, M|\n|poke|p2|Armarouge, L50, M|\n|poke|p2|Indeedee-F, L50, F|\n|poke|p2|Amoonguss, L50, F|\n|poke|p2|Annihilape, L50, F|\n|poke|p2|Arcanine, L50, M|\n|teampreview|4\n|inactive|Battle timer is ON: inactive players will automatically lose when time's up. (requested by Lorge Coffee)\n|inactive|Lorge Coffee has 60 seconds left.\n|\n|t:|1682194226\n|start\n|switch|p1a: Iron Bundle|Iron Bundle, L50|100\/100\n|switch|p1b: Wo-Chien|Wo-Chien, L50|100\/100\n|switch|p2a: Annihilape|Annihilape, L50, F|100\/100\n|switch|p2b: Indeedee|Indeedee-F, L50, F|100\/100\n|-fieldstart|move: Psychic Terrain|[from] ability: Psychic Surge|[of] p2b: Indeedee\n|-enditem|p2b: Indeedee|Psychic Seed\n|-boost|p2b: Indeedee|spd|1|[from] item: Psychic Seed\n|-ability|p1b: Wo-Chien|Tablets of Ruin\n|turn|1\n|inactive|EpicDJPlayzPokemon has 30 seconds left.\n|inactive|EpicDJPlayzPokemon has 20 seconds left.\n|inactive|EpicDJPlayzPokemon has 15 seconds left.\n|inactive|EpicDJPlayzPokemon has 10 seconds left.\n|inactive|EpicDJPlayzPokemon has 5 seconds left.\n|\n|t:|1682194281\n|move|p2a: Annihilape|Protect|p2a: Annihilape\n|-singleturn|p2a: Annihilape|Protect\n|move|p1a: Iron Bundle|Electric Terrain|p1a: Iron Bundle\n|-fieldstart|move: Electric Terrain\n|-activate|p1a: Iron Bundle|ability: Quark Drive\n|-start|p1a: Iron Bundle|quarkdrivespe\n|move|p2b: Indeedee|Psychic|p1a: Iron Bundle\n|-damage|p1a: Iron Bundle|26\/100\n|move|p1b: Wo-Chien|Growth|p1b: Wo-Chien\n|-boost|p1b: Wo-Chien|atk|1\n|-boost|p1b: Wo-Chien|spa|1\n|\n|upkeep\n|turn|2\n|inactive|EpicDJPlayzPokemon has 30 seconds left.\n|inactive|Lorge Coffee has 30 seconds left.\n|inactive|EpicDJPlayzPokemon has 20 seconds left.\n|inactive|EpicDJPlayzPokemon has 15 seconds left.\n|inactive|EpicDJPlayzPokemon has 10 seconds left.\n|inactive|EpicDJPlayzPokemon has 5 seconds left.\n|\n|t:|1682194336\n|move|p1a: Iron Bundle|Protect|p1a: Iron Bundle\n|-singleturn|p1a: Iron Bundle|Protect\n|move|p2a: Annihilape|Protect||[still]\n|-fail|p2a: Annihilape\n|move|p2b: Indeedee|Psychic|p1a: Iron Bundle\n|-activate|p1a: Iron Bundle|move: Protect\n|move|p1b: Wo-Chien|Dark Pulse|p2b: Indeedee\n|-supereffective|p2b: Indeedee\n|-damage|p2b: Indeedee|34\/100\n|\n|upkeep\n|turn|3\n|\n|t:|1682194359\n|-end|p1a: Iron Bundle|Quark Drive|[silent]\n|switch|p1a: Iron Thorns|Iron Thorns, L50|100\/100\n|-activate|p1a: Iron Thorns|ability: Quark Drive\n|-start|p1a: Iron Thorns|quarkdriveatk\n|switch|p2a: Farigiraf|Farigiraf, L50, M|100\/100\n|move|p1b: Wo-Chien|Growth|p1b: Wo-Chien\n|-boost|p1b: Wo-Chien|atk|1\n|-boost|p1b: Wo-Chien|spa|1\n|move|p2b: Indeedee|Trick Room|p2b: Indeedee\n|-fieldstart|move: Trick Room|[of] p2b: Indeedee\n|\n|upkeep\n|turn|4\n|inactive|EpicDJPlayzPokemon has 30 seconds left.\n|inactive|EpicDJPlayzPokemon has 20 seconds left.\n|inactive|EpicDJPlayzPokemon has 15 seconds left.\n|inactive|EpicDJPlayzPokemon has 10 seconds left.\n|inactive|EpicDJPlayzPokemon has 5 seconds left.\n|\n|t:|1682194414\n|move|p2a: Farigiraf|Calm Mind|p2a: Farigiraf\n|-boost|p2a: Farigiraf|spa|1\n|-boost|p2a: Farigiraf|spd|1\n|move|p1b: Wo-Chien|Dark Pulse|p2a: Farigiraf\n|-supereffective|p2a: Farigiraf\n|-damage|p2a: Farigiraf|23\/100\n|move|p1a: Iron Thorns|Rock Slide|p2b: Indeedee|[spread] p2b\n|-miss|p1a: Iron Thorns|p2a: Farigiraf\n|-damage|p2b: Indeedee|0 fnt\n|faint|p2b: Indeedee\n|\n|upkeep\n|\n|t:|1682194430\n|switch|p2b: Armarouge|Armarouge, L50, M|100\/100\n|turn|5\n|\n|t:|1682194439\n|move|p2a: Farigiraf|Hyper Voice|p1b: Wo-Chien|[spread] p1a,p1b\n|-resisted|p1a: Iron Thorns\n|-damage|p1a: Iron Thorns|74\/100\n|-damage|p1b: Wo-Chien|66\/100\n|-enditem|p2a: Farigiraf|Throat Spray\n|-boost|p2a: Farigiraf|spa|1|[from] item: Throat Spray\n|move|p1b: Wo-Chien|Dark Pulse|p2b: Armarouge\n|-supereffective|p2b: Armarouge\n|-damage|p2b: Armarouge|0 fnt\n|faint|p2b: Armarouge\n|move|p1a: Iron Thorns|Rock Slide|p2a: Farigiraf\n|-crit|p2a: Farigiraf\n|-damage|p2a: Farigiraf|0 fnt\n|faint|p2a: Farigiraf\n|\n|-fieldend|move: Electric Terrain\n|-end|p1a: Iron Thorns|Quark Drive\n|upkeep\n|-enditem|p1a: Iron Thorns|Booster Energy\n|-activate|p1a: Iron Thorns|ability: Quark Drive|[fromitem]\n|-start|p1a: Iron Thorns|quarkdriveatk\n|\n|t:|1682194461\n|switch|p2a: Annihilape|Annihilape, L50, F|100\/100\n|turn|6\n|\n|t:|1682194468\n|-terastallize|p1a: Iron Thorns|Flying\n|-terastallize|p2a: Annihilape|Fighting\n|move|p1b: Wo-Chien|Giga Drain|p2a: Annihilape\n|-damage|p2a: Annihilape|42\/100\n|-heal|p1b: Wo-Chien|94\/100|[from] drain|[of] p2a: Annihilape\n|move|p1a: Iron Thorns|Tera Blast|p2a: Annihilape\n|-supereffective|p2a: Annihilape\n|-damage|p2a: Annihilape|0 fnt\n|faint|p2a: Annihilape\n|\n|win|Lorge Coffee\n|raw|Lorge Coffee's rating: 1033 → 1068<\/strong> (+35 for winning)\n|raw|EpicDJPlayzPokemon's rating: 1029 → 1015<\/strong> (-14 for losing)\n","uploadtime":1682194483,"views":18,"p1id":"lorgecoffee","p2id":"epicdjplayzpokemon","formatid":"gen9vgc2023regulationc","rating":1015,"private":0,"password":""}