{"id":"gen9vgc2023regulationc-1853348870","p1":"haha u rage quit","p2":"hysaaron","format":"[Gen 9] VGC 2023 Regulation C","log":"|j|\u2606haha u rage quit\n|j|\u2606hysaaron\n|t:|1682672310\n|gametype|doubles\n|player|p1|haha u rage quit|pokemaniac|1297\n|player|p2|hysaaron|266|1257\n|teamsize|p1|6\n|teamsize|p2|6\n|gen|9\n|tier|[Gen 9] VGC 2023 Regulation C\n|rated|\n|rule|Species Clause: Limit one of each Pok\u00e9mon\n|rule|Item Clause: Limit one of each item\n|clearpoke\n|poke|p1|Roaring Moon, L50|\n|poke|p1|Hippowdon, L50, M|\n|poke|p1|Tyranitar, L50, M|\n|poke|p1|Great Tusk, L50|\n|poke|p1|Garchomp, L50, M|\n|poke|p1|Lycanroc, L50, M|\n|poke|p2|Corviknight, L50, M|\n|poke|p2|Ceruledge, L50, M|\n|poke|p2|Great Tusk, L50|\n|poke|p2|Gyarados, L50, M|\n|poke|p2|Amoonguss, L50, F|\n|poke|p2|Ting-Lu, L50|\n|teampreview|4\n|inactive|Battle timer is ON: inactive players will automatically lose when time's up. (requested by hysaaron)\n|inactive|haha u rage quit has 60 seconds left.\n|\n|t:|1682672350\n|start\n|switch|p1a: Roaring Moon|Roaring Moon, L50|100\/100\n|switch|p1b: Garchomp|Garchomp, L50, M|100\/100\n|switch|p2a: Corviknight|Corviknight, L50, M, shiny|100\/100\n|switch|p2b: Great Tusk|Great Tusk, L50, shiny|100\/100\n|-enditem|p1a: Roaring Moon|Booster Energy\n|-activate|p1a: Roaring Moon|ability: Protosynthesis|[fromitem]\n|-start|p1a: Roaring Moon|protosynthesisspe\n|turn|1\n|inactive|haha u rage quit has 30 seconds left.\n|inactive|hysaaron has 30 seconds left.\n|inactive|haha u rage quit has 20 seconds left.\n|\n|t:|1682672388\n|-end|p2b: Great Tusk|Protosynthesis|[silent]\n|switch|p2b: Gyarados|Gyarados, L50, M, shiny|100\/100\n|-ability|p2b: Gyarados|Intimidate|boost\n|-unboost|p1a: Roaring Moon|atk|1\n|-unboost|p1b: Garchomp|atk|1\n|move|p1a: Roaring Moon|Tailwind|p1a: Roaring Moon\n|-sidestart|p1: haha u rage quit|move: Tailwind\n|move|p1b: Garchomp|Rock Slide|p2b: Gyarados|[spread] p2a,p2b\n|-supereffective|p2b: Gyarados\n|-damage|p2a: Corviknight|88\/100\n|-damage|p2b: Gyarados|70\/100\n|move|p2a: Corviknight|Tailwind|p2a: Corviknight\n|-sidestart|p2: hysaaron|move: Tailwind\n|\n|upkeep\n|turn|2\n|inactive|hysaaron has 30 seconds left.\n|inactive|hysaaron has 20 seconds left.\n|\n|t:|1682672426\n|switch|p2a: Amoonguss|Amoonguss, L50, F, shiny|100\/100\n|move|p1a: Roaring Moon|Rock Slide|p2b: Gyarados|[spread] p2a,p2b\n|-supereffective|p2b: Gyarados\n|-damage|p2a: Amoonguss|90\/100\n|-damage|p2b: Gyarados|44\/100\n|-enditem|p2b: Gyarados|Sitrus Berry|[eat]\n|-heal|p2b: Gyarados|69\/100|[from] item: Sitrus Berry\n|move|p2b: Gyarados|Waterfall|p1b: Garchomp\n|-damage|p1b: Garchomp|71\/100\n|move|p1b: Garchomp|Rock Slide|p2a: Amoonguss|[spread] p2b\n|-miss|p1b: Garchomp|p2a: Amoonguss\n|-supereffective|p2b: Gyarados\n|-damage|p2b: Gyarados|39\/100\n|\n|upkeep\n|turn|3\n|inactive|hysaaron has 30 seconds left.\n|\n|t:|1682672457\n|-terastallize|p1b: Garchomp|Fire\n|move|p1a: Roaring Moon|Acrobatics|p2a: Amoonguss\n|-supereffective|p2a: Amoonguss\n|-damage|p2a: Amoonguss|51\/100\n|-damage|p1a: Roaring Moon|84\/100|[from] item: Rocky Helmet|[of] p2a: Amoonguss\n|move|p2b: Gyarados|Iron Head|p1a: Roaring Moon\n|-crit|p1a: Roaring Moon\n|-damage|p1a: Roaring Moon|43\/100\n|move|p1b: Garchomp|Tera Blast|p2a: Amoonguss\n|-supereffective|p2a: Amoonguss\n|-damage|p2a: Amoonguss|3\/100\n|move|p2a: Amoonguss|Spore|p1b: Garchomp\n|-status|p1b: Garchomp|slp|[from] move: Spore\n|\n|upkeep\n|turn|4\n|inactive|haha u rage quit has 30 seconds left.\n|inactive|hysaaron has 30 seconds left.\n|inactive|haha u rage quit has 20 seconds left.\n|inactive|hysaaron has 20 seconds left.\n|\n|t:|1682672493\n|switch|p1b: Tyranitar|Tyranitar, L50, M|100\/100\n|-weather|Sandstorm|[from] ability: Sand Stream|[of] p1b: Tyranitar\n|switch|p2a: Corviknight|Corviknight, L50, M, shiny|88\/100\n|move|p1a: Roaring Moon|Rock Slide|p2b: Gyarados|[spread] p2a,p2b\n|-supereffective|p2b: Gyarados\n|-damage|p2a: Corviknight|77\/100\n|-damage|p2b: Gyarados|12\/100\n|move|p2b: Gyarados|Waterfall|p1b: Tyranitar\n|-supereffective|p1b: Tyranitar\n|-damage|p1b: Tyranitar|44\/100\n|\n|-weather|Sandstorm|[upkeep]\n|-damage|p1a: Roaring Moon|37\/100|[from] Sandstorm\n|-damage|p2b: Gyarados|6\/100|[from] Sandstorm\n|-sideend|p2: hysaaron|move: Tailwind\n|-sideend|p1: haha u rage quit|move: Tailwind\n|upkeep\n|turn|5\n|inactive|hysaaron has 30 seconds left.\n|\n|t:|1682672521\n|switch|p2b: Great Tusk|Great Tusk, L50, shiny|100\/100\n|move|p1a: Roaring Moon|Tailwind|p1a: Roaring Moon\n|-sidestart|p1: haha u rage quit|move: Tailwind\n|move|p1b: Tyranitar|Rock Slide|p2b: Great Tusk|[spread] p2a,p2b\n|-resisted|p2b: Great Tusk\n|-damage|p2a: Corviknight|45\/100\n|-damage|p2b: Great Tusk|94\/100\n|move|p2a: Corviknight|Tailwind|p2a: Corviknight\n|-sidestart|p2: hysaaron|move: Tailwind\n|\n|-weather|Sandstorm|[upkeep]\n|-damage|p1a: Roaring Moon|31\/100|[from] Sandstorm\n|upkeep\n|turn|6\n|inactive|hysaaron has 30 seconds left.\n|\n|t:|1682672551\n|move|p1a: Roaring Moon|Rock Slide|p2a: Corviknight|[spread] p2a,p2b\n|-resisted|p2b: Great Tusk\n|-damage|p2a: Corviknight|34\/100\n|-damage|p2b: Great Tusk|92\/100\n|move|p2b: Great Tusk|Earthquake|p1b: Tyranitar|[spread] p1a,p1b\n|-immune|p2a: Corviknight\n|-supereffective|p1b: Tyranitar\n|-damage|p1a: Roaring Moon|0 fnt\n|-damage|p1b: Tyranitar|0 fnt\n|faint|p1a: Roaring Moon\n|-end|p1a: Roaring Moon|Protosynthesis|[silent]\n|faint|p1b: Tyranitar\n|move|p2a: Corviknight|Roost|p2a: Corviknight\n|-heal|p2a: Corviknight|84\/100\n|-singleturn|p2a: Corviknight|move: Roost\n|\n|-weather|Sandstorm|[upkeep]\n|upkeep\n|\n|t:|1682672563\n|switch|p1a: Garchomp|Garchomp, L50, M, tera:Fire|71\/100 slp\n|switch|p1b: Great Tusk|Great Tusk, L50, shiny|100\/100\n|turn|7\n|\n|t:|1682672587\n|move|p1b: Great Tusk|Close Combat|p2b: Great Tusk\n|-damage|p2b: Great Tusk|37\/100\n|-unboost|p1b: Great Tusk|def|1\n|-unboost|p1b: Great Tusk|spd|1\n|move|p2b: Great Tusk|Earthquake|p1a: Garchomp|[spread] p1b\n|-immune|p2a: Corviknight\n|-miss|p2b: Great Tusk|p1a: Garchomp\n|-damage|p1b: Great Tusk|52\/100\n|cant|p1a: Garchomp|slp\n|move|p2a: Corviknight|Brave Bird|p1b: Great Tusk\n|-supereffective|p1b: Great Tusk\n|-damage|p1b: Great Tusk|0 fnt\n|faint|p1b: Great Tusk\n|-end|p1b: Great Tusk|Protosynthesis|[silent]\n|-damage|p2a: Corviknight|68\/100|[from] Recoil\n|\n|-weather|Sandstorm|[upkeep]\n|upkeep\n|turn|8\n|inactive|haha u rage quit has 30 seconds left.\n|inactive|hysaaron has 30 seconds left.\n|-message|haha u rage quit forfeited.\n|\n|win|hysaaron\n|raw|haha u rage quit's rating: 1297 → 1268<\/strong> (-29 for losing)\n|raw|hysaaron's rating: 1239 → 1268<\/strong> (+29 for winning)\n|l|\u2606haha u rage quit\n","uploadtime":1682672617,"views":6,"p1id":"hahauragequit","p2id":"hysaaron","formatid":"gen9vgc2023regulationc","rating":1268,"private":0,"password":""}