{"id":"gen9vgc2023regulationc-1860166940","p1":"Ewiky","p2":"Some_Nerd95","format":"[Gen 9] VGC 2023 Regulation C","log":"|j|\u2606Ewiky\n|j|\u2606Some_Nerd95\n|t:|1683603677\n|gametype|doubles\n|player|p1|Ewiky|lady-gen4|1248\n|player|p2|Some_Nerd95|supernerd|1131\n|teamsize|p1|6\n|teamsize|p2|6\n|gen|9\n|tier|[Gen 9] VGC 2023 Regulation C\n|rated|\n|rule|Species Clause: Limit one of each Pok\u00e9mon\n|rule|Item Clause: Limit one of each item\n|clearpoke\n|poke|p1|Annihilape, L50, F|\n|poke|p1|Palafin, L50, M|\n|poke|p1|Pelipper, L50, M|\n|poke|p1|Rotom-Wash, L50|\n|poke|p1|Chien-Pao, L50|\n|poke|p1|Lurantis, L50, M|\n|poke|p2|Arcanine, L50, F|\n|poke|p2|Flutter Mane, L50|\n|poke|p2|Palafin, L50, M|\n|poke|p2|Amoonguss, L50, F|\n|poke|p2|Iron Hands, L50|\n|poke|p2|Roaring Moon, L50|\n|teampreview|4\n|inactive|Battle timer is ON: inactive players will automatically lose when time's up. (requested by Ewiky)\n|\n|t:|1683603703\n|start\n|switch|p1a: Annihilape|Annihilape, L50, F|100\/100\n|switch|p1b: Palafin|Palafin, L50, M|100\/100\n|switch|p2a: Flutter Mane|Flutter Mane, L50|100\/100\n|switch|p2b: Master Hand|Iron Hands, L50|100\/100\n|turn|1\n|inactive|Some_Nerd95 has 30 seconds left.\n|\n|t:|1683603728\n|detailschange|p1b: Palafin|Palafin-Hero, L50, M\n|switch|p1b: Pelipper|Pelipper, L50, M|100\/100\n|-weather|RainDance|[from] ability: Drizzle|[of] p1b: Pelipper\n|-terastallize|p2a: Flutter Mane|Normal\n|move|p1a: Annihilape|Final Gambit|p2b: Master Hand\n|-damage|p2b: Master Hand|17\/100\n|-enditem|p2b: Master Hand|Aguav Berry|[eat]\n|-heal|p2b: Master Hand|51\/100|[from] item: Aguav Berry\n|faint|p1a: Annihilape\n|move|p2a: Flutter Mane|Shadow Ball|p1b: Pelipper\n|-damage|p1b: Pelipper|57\/100\n|move|p2b: Master Hand|Swords Dance|p2b: Master Hand\n|-boost|p2b: Master Hand|atk|2\n|\n|-weather|RainDance|[upkeep]\n|upkeep\n|inactive|Ewiky has 30 seconds left.\n|\n|t:|1683603754\n|switch|p1a: Palafin|Palafin-Hero, L50, M|100\/100\n|-activate|p1a: Palafin|ability: Zero to Hero\n|turn|2\n|\n|t:|1683603772\n|switch|p1b: Chien-Pao|Chien-Pao, L50|100\/100\n|-ability|p1b: Chien-Pao|Sword of Ruin\n|move|p1a: Palafin|Protect|p1a: Palafin\n|-singleturn|p1a: Palafin|Protect\n|move|p2a: Flutter Mane|Hyper Voice|p1a: Palafin|[spread] p1b\n|-activate|p1a: Palafin|move: Protect\n|-damage|p1b: Chien-Pao|40\/100\n|move|p2b: Master Hand|Wild Charge|p1a: Palafin\n|-activate|p1a: Palafin|move: Protect\n|\n|-weather|RainDance|[upkeep]\n|upkeep\n|turn|3\n|inactive|Ewiky has 30 seconds left.\n|\n|t:|1683603799\n|-terastallize|p1a: Palafin|Grass\n|move|p1a: Palafin|Jet Punch|p2b: Master Hand\n|-damage|p2b: Master Hand|1\/100\n|move|p1b: Chien-Pao|Crunch|p2a: Flutter Mane\n|-damage|p2a: Flutter Mane|1\/100\n|move|p2a: Flutter Mane|Hyper Voice|p1a: Palafin|[spread] p1a,p1b\n|-damage|p1a: Palafin|67\/100\n|-damage|p1b: Chien-Pao|0 fnt\n|faint|p1b: Chien-Pao\n|move|p2b: Master Hand|Wild Charge|p1a: Palafin\n|-resisted|p1a: Palafin\n|-damage|p1a: Palafin|27\/100\n|-damage|p2b: Master Hand|0 fnt|[from] Recoil\n|faint|p2b: Master Hand\n|-end|p2b: Master Hand|Quark Drive|[silent]\n|\n|-weather|RainDance|[upkeep]\n|-heal|p1a: Palafin|33\/100|[from] item: Leftovers\n|upkeep\n|c|\u2606Ewiky|Wow\n|c|\u2606Some_Nerd95|what just happened\n|\n|t:|1683603824\n|switch|p1b: Pelipper|Pelipper, L50, M|57\/100\n|switch|p2b: Arcanine|Arcanine, L50, F|100\/100\n|-ability|p2b: Arcanine|Intimidate|boost\n|-unboost|p1a: Palafin|atk|1\n|-unboost|p1b: Pelipper|atk|1\n|turn|4\n|inactive|Some_Nerd95 has 30 seconds left.\n|\n|t:|1683603849\n|move|p1a: Palafin|Protect|p1a: Palafin\n|-singleturn|p1a: Palafin|Protect\n|move|p2b: Arcanine|Extreme Speed|p1a: Palafin\n|-activate|p1a: Palafin|move: Protect\n|move|p2a: Flutter Mane|Icy Wind|p1b: Pelipper|[spread] p1b\n|-activate|p1a: Palafin|move: Protect\n|-crit|p1b: Pelipper\n|-damage|p1b: Pelipper|32\/100\n|-unboost|p1b: Pelipper|spe|1\n|move|p1b: Pelipper|Hydro Pump|p2b: Arcanine\n|-supereffective|p2b: Arcanine\n|-damage|p2b: Arcanine|0 fnt\n|faint|p2b: Arcanine\n|\n|-weather|RainDance|[upkeep]\n|-heal|p1a: Palafin|39\/100|[from] item: Leftovers\n|upkeep\n|\n|t:|1683603865\n|switch|p2b: Salamece+|Roaring Moon, L50|100\/100\n|-enditem|p2b: Salamece+|Booster Energy\n|-activate|p2b: Salamece+|ability: Protosynthesis|[fromitem]\n|-start|p2b: Salamece+|protosynthesisatk\n|turn|5\n|\n|t:|1683603881\n|move|p1a: Palafin|Jet Punch|p2a: Flutter Mane\n|-damage|p2a: Flutter Mane|0 fnt\n|faint|p2a: Flutter Mane\n|-end|p2a: Flutter Mane|Protosynthesis|[silent]\n|move|p2b: Salamece+|Acrobatics|p1a: Palafin\n|-supereffective|p1a: Palafin\n|-damage|p1a: Palafin|0 fnt\n|faint|p1a: Palafin\n|move|p1b: Pelipper|Tailwind|p1b: Pelipper\n|-sidestart|p1: Ewiky|move: Tailwind\n|\n|-weather|RainDance|[upkeep]\n|upkeep\n|turn|6\n|\n|t:|1683603897\n|move|p2b: Salamece+|Dragon Claw|p1b: Pelipper\n|-damage|p1b: Pelipper|0 fnt\n|faint|p1b: Pelipper\n|\n|win|Some_Nerd95\n|raw|Ewiky's rating: 1248 → 1215<\/strong> (-33 for losing)\n|raw|Some_Nerd95's rating: 1131 → 1164<\/strong> (+33 for winning)\n|l|\u2606Ewiky\n|c|\u2606Some_Nerd95|pure skill\n","uploadtime":1683603918,"views":9,"p1id":"ewiky","p2id":"somenerd95","formatid":"gen9vgc2023regulationc","rating":1164,"private":0,"password":""}