{"id":"gen9vgc2023regulationc-1851345144","p1":"mpduncan75","p2":"Fetus Karate","format":"[Gen 9] VGC 2023 Regulation C","log":"|j|\u2606mpduncan75\n|j|\u2606Fetus Karate\n|t:|1682437580\n|gametype|doubles\n|player|p1|mpduncan75|102|1101\n|player|p2|Fetus Karate|hilda|1100\n|teamsize|p1|6\n|teamsize|p2|6\n|gen|9\n|tier|[Gen 9] VGC 2023 Regulation C\n|rated|\n|rule|Species Clause: Limit one of each Pok\u00e9mon\n|rule|Item Clause: Limit one of each item\n|clearpoke\n|poke|p1|Scizor, L50, M|\n|poke|p1|Amoonguss, L50, F|\n|poke|p1|Tinkaton, L50, F|\n|poke|p1|Iron Hands, L50|\n|poke|p1|Arcanine, L50, F|\n|poke|p1|Iron Bundle, L50|\n|poke|p2|Tinkaton, L50, F|\n|poke|p2|Gyarados, L50, M|\n|poke|p2|Flutter Mane, L50|\n|poke|p2|Garchomp, L50, M|\n|poke|p2|Talonflame, L50, F|\n|poke|p2|Chien-Pao, L50|\n|teampreview|4\n|inactive|Battle timer is ON: inactive players will automatically lose when time's up. (requested by mpduncan75)\nmpduncan75 has agreed to open team sheets.\n|\n|t:|1682437611\n|start\n|switch|p1a: Iron Hands|Iron Hands, L50|100\/100\n|switch|p1b: Tinkaton|Tinkaton, L50, F|100\/100\n|switch|p2a: Tinkaton|Tinkaton, L50, F|100\/100\n|switch|p2b: Gyarados|Gyarados, L50, M|100\/100\n|-ability|p2a: Tinkaton|Mold Breaker\n|-ability|p1b: Tinkaton|Mold Breaker\n|-item|p1b: Tinkaton|Air Balloon\n|-ability|p2b: Gyarados|Intimidate|boost\n|-unboost|p1a: Iron Hands|atk|1\n|-unboost|p1b: Tinkaton|atk|1\n|turn|1\n|inactive|mpduncan75 has 30 seconds left.\n|\n|t:|1682437639\n|switch|p2b: Garchomp|Garchomp, L50, M|100\/100\n|-end|p1a: Iron Hands|Quark Drive|[silent]\n|switch|p1a: Amoonguss|Amoonguss, L50, F|100\/100\n|move|p2a: Tinkaton|Fake Out|p1b: Tinkaton\n|-resisted|p1b: Tinkaton\n|-crit|p1b: Tinkaton\n|-damage|p1b: Tinkaton|95\/100\n|-enditem|p1b: Tinkaton|Air Balloon\n|cant|p1b: Tinkaton|flinch\n|\n|upkeep\n|turn|2\n|\n|t:|1682437662\n|move|p2b: Garchomp|Swords Dance|p2b: Garchomp\n|-boost|p2b: Garchomp|atk|2\n|move|p2a: Tinkaton|Knock Off|p1a: Amoonguss\n|-damage|p1a: Amoonguss|86\/100\n|-enditem|p1a: Amoonguss|Sitrus Berry|[from] move: Knock Off|[of] p2a: Tinkaton\n|move|p1b: Tinkaton|Thunder Wave|p2a: Tinkaton\n|-status|p2a: Tinkaton|par\n|move|p1a: Amoonguss|Spore|p2b: Garchomp\n|-status|p2b: Garchomp|slp|[from] move: Spore\n|\n|upkeep\n|turn|3\n|inactive|mpduncan75 has 30 seconds left.\n|inactive|mpduncan75 has 20 seconds left.\n|\n|t:|1682437697\n|switch|p1b: Iron Hands|Iron Hands, L50|100\/100\n|cant|p2b: Garchomp|slp\n|move|p2a: Tinkaton|Thunder Wave|p1a: Amoonguss\n|-status|p1a: Amoonguss|par\n|move|p1a: Amoonguss|Pollen Puff|p2b: Garchomp\n|-damage|p2b: Garchomp|79\/100 slp\n|\n|upkeep\n|turn|4\n|\n|t:|1682437716\n|switch|p2a: Gyarados|Gyarados, L50, M|100\/100\n|-ability|p2a: Gyarados|Intimidate|boost\n|-unboost|p1a: Amoonguss|atk|1\n|-unboost|p1b: Iron Hands|atk|1\n|-terastallize|p1b: Iron Hands|Grass\n|-curestatus|p2b: Garchomp|slp|[msg]\n|move|p2b: Garchomp|Earthquake|p1b: Iron Hands|[spread] p1a,p1b\n|-immune|p2a: Gyarados\n|-resisted|p1b: Iron Hands\n|-damage|p1a: Amoonguss|27\/100 par\n|-damage|p1b: Iron Hands|73\/100\n|move|p1b: Iron Hands|Swords Dance|p1b: Iron Hands\n|-boost|p1b: Iron Hands|atk|2\n|move|p1a: Amoonguss|Spore|p2b: Garchomp\n|-status|p2b: Garchomp|slp|[from] move: Spore\n|\n|-heal|p1b: Iron Hands|79\/100|[from] item: Leftovers\n|upkeep\n|turn|5\n|inactive|Fetus Karate has 30 seconds left.\n|inactive|Fetus Karate has 20 seconds left.\n|\n|t:|1682437754\n|switch|p2b: Flutter Mane|Flutter Mane, L50|100\/100\n|-enditem|p2b: Flutter Mane|Booster Energy\n|-activate|p2b: Flutter Mane|ability: Protosynthesis|[fromitem]\n|-start|p2b: Flutter Mane|protosynthesisspa\n|move|p2a: Gyarados|Protect|p2a: Gyarados\n|-singleturn|p2a: Gyarados|Protect\n|move|p1b: Iron Hands|Drain Punch|p2b: Flutter Mane\n|-immune|p2b: Flutter Mane\n|move|p1a: Amoonguss|Spore|p2a: Gyarados\n|-activate|p2a: Gyarados|move: Protect\n|\n|-heal|p1b: Iron Hands|85\/100|[from] item: Leftovers\n|upkeep\n|turn|6\n|inactive|Fetus Karate has 30 seconds left.\n|inactive|Fetus Karate has 20 seconds left.\n|\n|t:|1682437793\n|switch|p2a: Garchomp|Garchomp, L50, M|79\/100 slp\n|move|p2b: Flutter Mane|Shadow Ball|p1b: Iron Hands\n|-crit|p1b: Iron Hands\n|-damage|p1b: Iron Hands|26\/100\n|-unboost|p1b: Iron Hands|spd|1\n|move|p1b: Iron Hands|Wild Charge|p2a: Garchomp\n|-immune|p2a: Garchomp\n|cant|p1a: Amoonguss|par\n|\n|-heal|p1b: Iron Hands|32\/100|[from] item: Leftovers\n|upkeep\n|turn|7\n|inactive|Fetus Karate has 30 seconds left.\n|\n|t:|1682437820\n|move|p2b: Flutter Mane|Shadow Ball|p1b: Iron Hands\n|-damage|p1b: Iron Hands|0 fnt\n|faint|p1b: Iron Hands\n|-end|p1b: Iron Hands|Quark Drive|[silent]\n|cant|p2a: Garchomp|slp\n|cant|p1a: Amoonguss|par\n|\n|upkeep\n|\n|t:|1682437828\n|switch|p1b: Tinkaton|Tinkaton, L50, F|95\/100\n|-ability|p1b: Tinkaton|Mold Breaker\n|turn|8\n|\n|t:|1682437841\n|switch|p2a: Gyarados|Gyarados, L50, M|100\/100\n|-ability|p2a: Gyarados|Intimidate|boost\n|-unboost|p1a: Amoonguss|atk|1\n|-unboost|p1b: Tinkaton|atk|1\n|move|p2b: Flutter Mane|Protect|p2b: Flutter Mane\n|-singleturn|p2b: Flutter Mane|Protect\n|move|p1a: Amoonguss|Rage Powder|p1a: Amoonguss\n|-singleturn|p1a: Amoonguss|move: Rage Powder\n|move|p1b: Tinkaton|Gigaton Hammer|p2b: Flutter Mane\n|-activate|p2b: Flutter Mane|move: Protect\n|\n|upkeep\n|turn|9\n|inactive|mpduncan75 has 30 seconds left.\n|\n|t:|1682437867\n|-end|p2b: Flutter Mane|Protosynthesis|[silent]\n|switch|p2b: Garchomp|Garchomp, L50, M|79\/100 slp\n|switch|p1b: Arcanine|Arcanine, L50, F|100\/100\n|-ability|p1b: Arcanine|Intimidate|boost\n|-unboost|p2a: Gyarados|atk|1\n|-fail|p2b: Garchomp|unboost|[from] item: Clear Amulet|[of] p2b: Garchomp\n|move|p2a: Gyarados|Taunt|p1a: Amoonguss\n|-start|p1a: Amoonguss|move: Taunt\n|cant|p1a: Amoonguss|move: Taunt|Spore\n|\n|upkeep\n|turn|10\n|inactive|Fetus Karate has 30 seconds left.\n|\n|t:|1682437900\n|switch|p1b: Tinkaton|Tinkaton, L50, F|95\/100\n|-ability|p1b: Tinkaton|Mold Breaker\n|-terastallize|p2b: Garchomp|Fire\n|cant|p2b: Garchomp|slp\n|move|p2a: Gyarados|Waterfall|p1b: Tinkaton\n|-damage|p1b: Tinkaton|71\/100\n|move|p1a: Amoonguss|Pollen Puff|p2b: Garchomp\n|-resisted|p2b: Garchomp\n|-damage|p2b: Garchomp|68\/100 slp\n|\n|upkeep\n|turn|11\n|\n|t:|1682437923\n|cant|p2b: Garchomp|slp\n|move|p1b: Tinkaton|Gigaton Hammer|p2b: Garchomp\n|-resisted|p2b: Garchomp\n|-damage|p2b: Garchomp|47\/100 slp\n|move|p2a: Gyarados|Taunt|p1b: Tinkaton\n|-start|p1b: Tinkaton|move: Taunt\n|move|p1a: Amoonguss|Pollen Puff|p1b: Tinkaton\n|-heal|p1b: Tinkaton|100\/100\n|\n|-end|p1a: Amoonguss|move: Taunt\n|upkeep\n|turn|12\n|\n|t:|1682437946\n|-curestatus|p2b: Garchomp|slp|[msg]\n|move|p2b: Garchomp|Earthquake|p1b: Tinkaton|[spread] p1a,p1b\n|-immune|p2a: Gyarados\n|-supereffective|p1b: Tinkaton\n|-damage|p1a: Amoonguss|0 fnt\n|-damage|p1b: Tinkaton|32\/100\n|faint|p1a: Amoonguss\n|move|p1b: Tinkaton|Knock Off|p2b: Garchomp\n|-damage|p2b: Garchomp|28\/100\n|-damage|p1b: Tinkaton|19\/100|[from] ability: Rough Skin|[of] p2b: Garchomp\n|-enditem|p2b: Garchomp|Clear Amulet|[from] move: Knock Off|[of] p1b: Tinkaton\n|move|p2a: Gyarados|Waterfall|p1b: Tinkaton\n|-crit|p1b: Tinkaton\n|-damage|p1b: Tinkaton|0 fnt\n|faint|p1b: Tinkaton\n|\n|upkeep\n|-message|mpduncan75 forfeited.\n|\n|win|Fetus Karate\n|raw|mpduncan75's rating: 1101 → 1076<\/strong> (-25 for losing)\n|raw|Fetus Karate's rating: 1100 → 1125<\/strong> (+25 for winning)\n|l|\u2606mpduncan75\n","uploadtime":1682437970,"views":21,"p1id":"mpduncan75","p2id":"fetuskarate","formatid":"gen9vgc2023regulationc","rating":1076,"private":0,"password":""}