{"id":"gen9vgc2023regulationc-1857261346","p1":"kevsmoreno","p2":"Gazzlb","format":"[Gen 9] VGC 2023 Regulation C","log":"|j|\u2606kevsmoreno\n|j|\u2606Gazzlb\n|t:|1683164795\n|gametype|doubles\n|player|p1|kevsmoreno|265|\n|player|p2|Gazzlb|266|\n|teamsize|p1|6\n|teamsize|p2|6\n|gen|9\n|tier|[Gen 9] VGC 2023 Regulation C\n|rule|Species Clause: Limit one of each Pok\u00e9mon\n|rule|Item Clause: Limit one of each item\n|clearpoke\n|poke|p1|Chien-Pao, L50|\n|poke|p1|Dragapult, L50, M|\n|poke|p1|Donphan, L50, M|\n|poke|p1|Rotom-Mow, L50|\n|poke|p1|Persian, L50, M|\n|poke|p1|Skuntank, L50, F|\n|poke|p2|Indeedee-F, L50, F|\n|poke|p2|Armarouge, L50, F|\n|poke|p2|Dachsbun, L50, F|\n|poke|p2|Clawitzer, L50, F|\n|poke|p2|Corviknight, L50, F|\n|poke|p2|Falinks, L50|\n|teampreview|4\n|c|\u2606Gazzlb|g2\nkevsmoreno rejected open team sheets.\n|j| Memebasedgod\n|c| Memebasedgod|glhf gazz\n|c|\u2606Gazzlb|thanks\n|\n|t:|1683165564\n|start\n|switch|p1a: Dragapult|Dragapult, L50, M|100\/100\n|switch|p1b: Skuntank|Skuntank, L50, F|100\/100\n|switch|p2a: Falinks|Falinks, L50, shiny|100\/100\n|switch|p2b: Dachsbun|Dachsbun, L50, F|100\/100\n|turn|1\n|\n|t:|1683165634\n|-terastallize|p2b: Dachsbun|Steel\n|move|p2a: Falinks|First Impression|p1a: Dragapult\n|-resisted|p1a: Dragapult\n|-damage|p1a: Dragapult|72\/100\n|move|p1a: Dragapult|U-turn|p2a: Falinks\n|-resisted|p2a: Falinks\n|-damage|p2a: Falinks|84\/100\n|\n|t:|1683165646\n|switch|p1a: Donphan|Donphan, L50, M|100\/100|[from] U-turn\n|move|p2b: Dachsbun|Play Rough|p1a: Donphan\n|-damage|p1a: Donphan|67\/100\n|move|p1b: Skuntank|Taunt|p2b: Dachsbun\n|-start|p2b: Dachsbun|move: Taunt\n|\n|upkeep\n|turn|2\n|\n|t:|1683165682\n|switch|p1b: Rotom|Rotom-Mow, L50|100\/100\n|switch|p2a: Indeedee|Indeedee-F, L50, F|100\/100\n|-fieldstart|move: Psychic Terrain|[from] ability: Psychic Surge|[of] p2a: Indeedee\n|move|p2b: Dachsbun|Ice Fang|p1a: Donphan\n|-supereffective|p1a: Donphan\n|-damage|p1a: Donphan|40\/100\n|move|p1a: Donphan|Earthquake|p2b: Dachsbun|[spread] p2a,p2b\n|-immune|p1b: Rotom|[from] ability: Levitate\n|-supereffective|p2b: Dachsbun\n|-damage|p2a: Indeedee|60\/100\n|-damage|p2b: Dachsbun|31\/100\n|\n|upkeep\n|turn|3\n|\n|t:|1683165744\n|move|p2a: Indeedee|Protect|p2a: Indeedee\n|-singleturn|p2a: Indeedee|Protect\n|move|p2b: Dachsbun|Ice Fang|p1a: Donphan\n|-supereffective|p1a: Donphan\n|-damage|p1a: Donphan|10\/100\n|move|p1b: Rotom|Discharge|p2b: Dachsbun|[spread] p2b\n|-activate|p2a: Indeedee|move: Protect\n|-immune|p1a: Donphan\n|-damage|p2b: Dachsbun|0 fnt\n|faint|p2b: Dachsbun\n|cant|p1a: Donphan|flinch\n|\n|upkeep\n|\n|t:|1683165766\n|switch|p2b: Armarouge|Armarouge, L50, F, shiny|100\/100\n|turn|4\n|\n|t:|1683165804\n|switch|p1a: Skuntank|Skuntank, L50, F|100\/100\n|move|p1b: Rotom|Protect|p1b: Rotom\n|-singleturn|p1b: Rotom|Protect\n|move|p2a: Indeedee|Dazzling Gleam|p1a: Skuntank|[spread] p1a\n|-activate|p1b: Rotom|move: Protect\n|-damage|p1a: Skuntank|85\/100\n|move|p2b: Armarouge|Heat Wave|p1a: Skuntank|[spread] p1a\n|-activate|p1b: Rotom|move: Protect\n|-damage|p1a: Skuntank|44\/100\n|\n|-heal|p1a: Skuntank|50\/100|[from] item: Leftovers\n|upkeep\n|turn|5\n|j| Kyogre Canucks\n|\n|t:|1683165863\n|switch|p2a: Falinks|Falinks, L50, shiny|84\/100\n|move|p1a: Skuntank|Protect|p1a: Skuntank\n|-singleturn|p1a: Skuntank|Protect\n|move|p1b: Rotom|Discharge|p2a: Falinks|[spread] p2a,p2b\n|-activate|p1a: Skuntank|move: Protect\n|-damage|p2a: Falinks|47\/100\n|-damage|p2b: Armarouge|75\/100\n|move|p2b: Armarouge|Trick Room|p2b: Armarouge\n|-fieldstart|move: Trick Room|[of] p2b: Armarouge\n|\n|-heal|p1a: Skuntank|57\/100|[from] item: Leftovers\n|upkeep\n|turn|6\n|c| Kyogre Canucks|Dont lose guy\n|\n|t:|1683165927\n|move|p1b: Rotom|Protect|p1b: Rotom\n|-singleturn|p1b: Rotom|Protect\n|move|p2b: Armarouge|Heat Wave|p1b: Rotom|[spread] p1a\n|-activate|p1b: Rotom|move: Protect\n|-damage|p1a: Skuntank|21\/100\n|move|p2a: Falinks|Megahorn|p1a: Skuntank\n|-damage|p1a: Skuntank|0 fnt\n|faint|p1a: Skuntank\n|\n|-fieldend|move: Psychic Terrain\n|upkeep\n|\n|t:|1683165937\n|switch|p1a: Donphan|Donphan, L50, M|10\/100\n|turn|7\n|\n|t:|1683165962\n|switch|p2b: Indeedee|Indeedee-F, L50, F|60\/100\n|-fieldstart|move: Psychic Terrain|[from] ability: Psychic Surge|[of] p2b: Indeedee\n|move|p1a: Donphan|Knock Off|p2b: Indeedee\n|-supereffective|p2b: Indeedee\n|-enditem|p2b: Indeedee|Colbur Berry|[eat]\n|-enditem|p2b: Indeedee|Colbur Berry|[weaken]\n|-damage|p2b: Indeedee|25\/100\n|move|p2a: Falinks|Megahorn|p1a: Donphan|[miss]\n|-miss|p2a: Falinks|p1a: Donphan\n|move|p1b: Rotom|Leaf Storm|p2a: Falinks\n|-damage|p2a: Falinks|0 fnt\n|-unboost|p1b: Rotom|spa|2\n|faint|p2a: Falinks\n|\n|upkeep\n|\n|t:|1683165993\n|switch|p2a: Armarouge|Armarouge, L50, F, shiny|75\/100\n|turn|8\n|l| Kyogre Canucks\n|\n|t:|1683166019\n|move|p1a: Donphan|Earthquake|p2a: Armarouge|[spread] p2a,p2b\n|-immune|p1b: Rotom|[from] ability: Levitate\n|-supereffective|p2a: Armarouge\n|-crit|p2a: Armarouge\n|-damage|p2a: Armarouge|0 fnt\n|-damage|p2b: Indeedee|0 fnt\n|faint|p2a: Armarouge\n|faint|p2b: Indeedee\n|\n|win|kevsmoreno\n|c|\u2606kevsmoreno|ggs\n|c|\u2606Gazzlb|gg\n","uploadtime":1683166030,"views":8,"p1id":"kevsmoreno","p2id":"gazzlb","formatid":"gen9vgc2023regulationc","rating":0,"private":0,"password":""}