{"id":"gen9vgc2023regulationc-1847575718","p1":"Ujujyhh","p2":"rikysama","format":"[Gen 9] VGC 2023 Regulation C","log":"|j|\u2606Ujujyhh\n|j|\u2606rikysama\n|t:|1681976122\n|gametype|doubles\n|player|p1|Ujujyhh|266|1393\n|player|p2|rikysama|lucas|1377\n|teamsize|p1|6\n|teamsize|p2|6\n|gen|9\n|tier|[Gen 9] VGC 2023 Regulation C\n|rated|\n|rule|Species Clause: Limit one of each Pok\u00e9mon\n|rule|Item Clause: Limit one of each item\n|clearpoke\n|poke|p1|Amoonguss, L50, F|\n|poke|p1|Palafin, L50, M|\n|poke|p1|Arcanine, L50, F|\n|poke|p1|Flutter Mane, L50|\n|poke|p1|Roaring Moon, L50|\n|poke|p1|Ting-Lu, L50|\n|poke|p2|Iron Hands, L50|\n|poke|p2|Farigiraf, L50, F|\n|poke|p2|Amoonguss, L50, M|\n|poke|p2|Chi-Yu, L50|\n|poke|p2|Flutter Mane, L50|\n|poke|p2|Gyarados, L50, M|\n|teampreview|4\nrikysama has agreed to open team sheets.\n|inactive|Battle timer is ON: inactive players will automatically lose when time's up. (requested by rikysama)\nUjujyhh has agreed to open team sheets.\n|inactive|rikysama has 60 seconds left.\n|\n|t:|1681976187\n|start\n|switch|p1a: Arcanine|Arcanine, L50, F|100\/100\n|switch|p1b: Flutter Mane|Flutter Mane, L50|100\/100\n|switch|p2a: Omega Red|Gyarados, L50, M, shiny|100\/100\n|switch|p2b: Enchantress|Farigiraf, L50, F|100\/100\n|-ability|p1a: Arcanine|Intimidate|boost\n|-unboost|p2a: Omega Red|atk|1\n|-unboost|p2b: Enchantress|atk|1\n|-ability|p2a: Omega Red|Intimidate|boost\n|-unboost|p1a: Arcanine|atk|1\n|-unboost|p1b: Flutter Mane|atk|1\n|turn|1\n|\n|t:|1681976211\n|-terastallize|p1b: Flutter Mane|Fairy\n|move|p2a: Omega Red|Protect|p2a: Omega Red\n|-singleturn|p2a: Omega Red|Protect\n|move|p1b: Flutter Mane|Dazzling Gleam|p2a: Omega Red|[spread] p2b\n|-activate|p2a: Omega Red|move: Protect\n|-damage|p2b: Enchantress|38\/100\n|move|p1a: Arcanine|Will-O-Wisp|p2a: Omega Red\n|-activate|p2a: Omega Red|move: Protect\n|move|p2b: Enchantress|Trick Room|p2b: Enchantress\n|-fieldstart|move: Trick Room|[of] p2b: Enchantress\n|\n|upkeep\n|turn|2\n|inactive|rikysama has 30 seconds left.\n|\n|t:|1681976245\n|move|p2b: Enchantress|Hyper Voice|p1a: Arcanine|[spread] p1a,p1b\n|-damage|p1a: Arcanine|70\/100\n|-damage|p1b: Flutter Mane|73\/100\n|-enditem|p2b: Enchantress|Throat Spray\n|-boost|p2b: Enchantress|spa|1|[from] item: Throat Spray\n|move|p2a: Omega Red|Waterfall|p1b: Flutter Mane\n|-crit|p1b: Flutter Mane\n|-damage|p1b: Flutter Mane|0 fnt\n|faint|p1b: Flutter Mane\n|-end|p1b: Flutter Mane|Protosynthesis|[silent]\n|move|p1a: Arcanine|Flare Blitz|p2b: Enchantress\n|-damage|p2b: Enchantress|6\/100\n|-damage|p1a: Arcanine|58\/100|[from] Recoil\n|\n|upkeep\n|inactive|Ujujyhh has 30 seconds left.\n|\n|t:|1681976271\n|switch|p1b: Amoonguss|Amoonguss, L50, F|100\/100\n|turn|3\n|\n|t:|1681976290\n|switch|p2a: Hazmat|Amoonguss, L50, M|100\/100\n|-terastallize|p2b: Enchantress|Grass\n|move|p1b: Amoonguss|Spore|p2a: Hazmat\n|-immune|p2a: Hazmat\n|move|p2b: Enchantress|Psyshock|p1b: Amoonguss\n|-supereffective|p1b: Amoonguss\n|-damage|p1b: Amoonguss|13\/100\n|-enditem|p1b: Amoonguss|Sitrus Berry|[eat]\n|-heal|p1b: Amoonguss|37\/100|[from] item: Sitrus Berry\n|move|p1a: Arcanine|Flare Blitz|p2b: Enchantress\n|-supereffective|p2b: Enchantress\n|-damage|p2b: Enchantress|0 fnt\n|faint|p2b: Enchantress\n|-damage|p1a: Arcanine|56\/100|[from] Recoil\n|\n|upkeep\n|\n|t:|1681976305\n|switch|p2b: Bishop|Iron Hands, L50|100\/100\n|turn|4\n|\n|t:|1681976322\n|switch|p2a: Omega Red|Gyarados, L50, M, shiny|100\/100\n|-ability|p2a: Omega Red|Intimidate|boost\n|-unboost|p1a: Arcanine|atk|1\n|-unboost|p1b: Amoonguss|atk|1\n|switch|p1a: Roaring Moon|Roaring Moon, L50|100\/100\n|-enditem|p1a: Roaring Moon|Booster Energy\n|-activate|p1a: Roaring Moon|ability: Protosynthesis|[fromitem]\n|-start|p1a: Roaring Moon|protosynthesisatk\n|move|p1b: Amoonguss|Pollen Puff|p1a: Roaring Moon\n|-immune|p1a: Roaring Moon\n|move|p2b: Bishop|Swords Dance|p2b: Bishop\n|-boost|p2b: Bishop|atk|2\n|\n|upkeep\n|turn|5\n|inactive|Ujujyhh has 30 seconds left.\n|\n|t:|1681976349\n|switch|p1b: Arcanine|Arcanine, L50, F|56\/100\n|-ability|p1b: Arcanine|Intimidate|boost\n|-unboost|p2a: Omega Red|atk|1\n|-unboost|p2b: Bishop|atk|1\n|move|p1a: Roaring Moon|Protect|p1a: Roaring Moon\n|-singleturn|p1a: Roaring Moon|Protect\n|move|p2b: Bishop|Drain Punch|p1a: Roaring Moon\n|-activate|p1a: Roaring Moon|move: Protect\n|move|p2a: Omega Red|Taunt|p1b: Arcanine\n|-start|p1b: Arcanine|move: Taunt\n|\n|-fieldend|move: Trick Room\n|upkeep\n|turn|6\n|\n|t:|1681976366\n|move|p1a: Roaring Moon|Acrobatics|p2b: Bishop\n|-damage|p2b: Bishop|65\/100\n|move|p1b: Arcanine|Flare Blitz|p2b: Bishop\n|-damage|p2b: Bishop|29\/100\n|-damage|p1b: Arcanine|42\/100|[from] Recoil\n|move|p2a: Omega Red|Thunder Wave|p1a: Roaring Moon\n|-status|p1a: Roaring Moon|par\n|move|p2b: Bishop|Drain Punch|p1a: Roaring Moon\n|-supereffective|p1a: Roaring Moon\n|-damage|p1a: Roaring Moon|0 fnt\n|-heal|p2b: Bishop|72\/100|[from] drain|[of] p1a: Roaring Moon\n|faint|p1a: Roaring Moon\n|-end|p1a: Roaring Moon|Protosynthesis|[silent]\n|\n|upkeep\n|\n|t:|1681976371\n|switch|p1a: Amoonguss|Amoonguss, L50, F|71\/100\n|turn|7\n|\n|t:|1681976387\n|move|p1a: Amoonguss|Rage Powder|p1a: Amoonguss\n|-singleturn|p1a: Amoonguss|move: Rage Powder\n|move|p1b: Arcanine|Flare Blitz|p2b: Bishop\n|-damage|p2b: Bishop|37\/100\n|-damage|p1b: Arcanine|27\/100|[from] Recoil\n|move|p2a: Omega Red|Taunt|p1a: Amoonguss\n|-start|p1a: Amoonguss|move: Taunt\n|move|p2b: Bishop|Drain Punch|p1b: Arcanine\n|-damage|p1b: Arcanine|0 fnt\n|-heal|p2b: Bishop|48\/100|[from] drain|[of] p1b: Arcanine\n|faint|p1b: Arcanine\n|\n|upkeep\n|turn|8\n|-message|Ujujyhh forfeited.\n|\n|win|rikysama\n|raw|Ujujyhh's rating: 1393 → 1372<\/strong> (-21 for losing)\n|raw|rikysama's rating: 1377 → 1398<\/strong> (+21 for winning)\n|l|\u2606Ujujyhh\n","uploadtime":1681976405,"views":9,"p1id":"ujujyhh","p2id":"rikysama","formatid":"gen9vgc2023regulationc","rating":1372,"private":0,"password":""}