{"id":"gen9vgc2023regulationc-1846806008","p1":"Realpokehrzz","p2":"Null022266","format":"[Gen 9] VGC 2023 Regulation C","log":"|j|\u2606Realpokehrzz\n|j|\u2606Null022266\n|t:|1681882557\n|gametype|doubles\n|player|p1|Realpokehrzz|101|1391\n|player|p2|Null022266|winona|1336\n|teamsize|p1|6\n|teamsize|p2|6\n|gen|9\n|tier|[Gen 9] VGC 2023 Regulation C\n|rated|\n|rule|Species Clause: Limit one of each Pok\u00e9mon\n|rule|Item Clause: Limit one of each item\n|clearpoke\n|poke|p1|Palafin, L50, M|\n|poke|p1|Flutter Mane, L50|\n|poke|p1|Arcanine, L50, F|\n|poke|p1|Ting-Lu, L50|\n|poke|p1|Amoonguss, L50, F|\n|poke|p1|Kingambit, L50, M|\n|poke|p2|Garchomp, L50, M|\n|poke|p2|Gyarados, L50, M|\n|poke|p2|Corviknight, L50, F|\n|poke|p2|Iron Bundle, L50|\n|poke|p2|Chi-Yu, L50|\n|poke|p2|Wo-Chien, L50|\n|teampreview|4\n|inactive|Battle timer is ON: inactive players will automatically lose when time's up. (requested by Null022266)\n|inactive|Null022266 has 60 seconds left.\n|\n|t:|1681882611\n|start\n|switch|p1a: Palafin|Palafin, L50, M|100\/100\n|switch|p1b: Kingambit|Kingambit, L50, M|100\/100\n|switch|p2a: Garchomp|Garchomp, L50, M, shiny|100\/100\n|switch|p2b: Corviknight|Corviknight, L50, F|100\/100\n|turn|1\n|inactive|Realpokehrzz has 30 seconds left.\n|inactive|Null022266 has 30 seconds left.\n|\n|t:|1681882640\n|detailschange|p1a: Palafin|Palafin-Hero, L50, M\n|switch|p1a: Arcanine|Arcanine, L50, F|100\/100\n|-ability|p1a: Arcanine|Intimidate|boost\n|-fail|p2a: Garchomp|unboost|[from] item: Clear Amulet|[of] p2a: Garchomp\n|-ability|p2b: Corviknight|Mirror Armor\n|-unboost|p1a: Arcanine|atk|1\n|-terastallize|p2a: Garchomp|Steel\n|-terastallize|p1b: Kingambit|Dark\n|move|p2a: Garchomp|Earthquake|p1b: Kingambit|[spread] p1a,p1b\n|-immune|p2b: Corviknight\n|-supereffective|p1a: Arcanine\n|-damage|p1a: Arcanine|15\/100\n|-damage|p1b: Kingambit|68\/100\n|move|p2b: Corviknight|Bulk Up|p2b: Corviknight\n|-boost|p2b: Corviknight|atk|1\n|-boost|p2b: Corviknight|def|1\n|move|p1b: Kingambit|Swords Dance|p1b: Kingambit\n|-boost|p1b: Kingambit|atk|2\n|\n|upkeep\n|turn|2\n|inactive|Realpokehrzz has 30 seconds left.\n|inactive|Null022266 has 30 seconds left.\n|inactive|Realpokehrzz has 20 seconds left.\n|inactive|Null022266 has 20 seconds left.\n|inactive|Null022266 has 15 seconds left.\n|inactive|Null022266 has 10 seconds left.\n|\n|t:|1681882686\n|move|p1a: Arcanine|Extreme Speed|p2b: Corviknight\n|-resisted|p2b: Corviknight\n|-damage|p2b: Corviknight|97\/100\n|move|p1b: Kingambit|Sucker Punch|p2a: Garchomp\n|-damage|p2a: Garchomp|0 fnt\n|-damage|p1b: Kingambit|56\/100|[from] ability: Rough Skin|[of] p2a: Garchomp\n|faint|p2a: Garchomp\n|move|p2b: Corviknight|Tailwind|p2b: Corviknight\n|-sidestart|p2: Null022266|move: Tailwind\n|\n|upkeep\n|\n|t:|1681882698\n|switch|p2a: Chi-Yu|Chi-Yu, L50|100\/100\n|-ability|p2a: Chi-Yu|Beads of Ruin\n|turn|3\n|\n|t:|1681882721\n|switch|p1a: Palafin|Palafin-Hero, L50, M|100\/100\n|-activate|p1a: Palafin|ability: Zero to Hero\n|move|p2a: Chi-Yu|Protect|p2a: Chi-Yu\n|-singleturn|p2a: Chi-Yu|Protect\n|move|p1b: Kingambit|Protect|p1b: Kingambit\n|-singleturn|p1b: Kingambit|Protect\n|move|p2b: Corviknight|Bulk Up|p2b: Corviknight\n|-boost|p2b: Corviknight|atk|1\n|-boost|p2b: Corviknight|def|1\n|\n|upkeep\n|turn|4\n|inactive|Realpokehrzz has 30 seconds left.\n|inactive|Null022266 has 30 seconds left.\n|\n|t:|1681882748\n|switch|p2a: Iron Bundle|Iron Bundle, L50, shiny|100\/100\n|-enditem|p2a: Iron Bundle|Booster Energy\n|-activate|p2a: Iron Bundle|ability: Quark Drive|[fromitem]\n|-start|p2a: Iron Bundle|quarkdrivespe\n|move|p1b: Kingambit|Sucker Punch||[still]\n|-fail|p1b: Kingambit\n|move|p2b: Corviknight|Brave Bird|p1a: Palafin\n|-damage|p1a: Palafin|29\/100\n|-damage|p2b: Corviknight|73\/100|[from] Recoil\n|move|p1a: Palafin|Haze|p1a: Palafin\n|-clearallboost\n|\n|upkeep\n|turn|5\n|inactive|Null022266 has 30 seconds left.\n|\n|t:|1681882777\n|move|p1a: Palafin|Protect|p1a: Palafin\n|-singleturn|p1a: Palafin|Protect\n|move|p2a: Iron Bundle|Hydro Pump|p1b: Kingambit\n|-crit|p1b: Kingambit\n|-damage|p1b: Kingambit|0 fnt\n|faint|p1b: Kingambit\n|move|p2b: Corviknight|Bulk Up|p2b: Corviknight\n|-boost|p2b: Corviknight|atk|1\n|-boost|p2b: Corviknight|def|1\n|\n|-sideend|p2: Null022266|move: Tailwind\n|upkeep\n|\n|t:|1681882784\n|switch|p1b: Amoonguss|Amoonguss, L50, F|100\/100\n|turn|6\n|\n|t:|1681882809\n|move|p1a: Palafin|Protect||[still]\n|-fail|p1a: Palafin\n|move|p2a: Iron Bundle|Freeze-Dry|p1a: Palafin\n|-supereffective|p1a: Palafin\n|-damage|p1a: Palafin|0 fnt\n|faint|p1a: Palafin\n|move|p2b: Corviknight|Brave Bird|p1b: Amoonguss\n|-supereffective|p1b: Amoonguss\n|-damage|p1b: Amoonguss|0 fnt\n|-damage|p2b: Corviknight|56\/100|[from] item: Rocky Helmet|[of] p1b: Amoonguss\n|faint|p1b: Amoonguss\n|-damage|p2b: Corviknight|21\/100|[from] Recoil\n|\n|upkeep\n|c|\u2606Null022266|ggqs\n|c|\u2606Null022266|gg*\n|inactive|Realpokehrzz has 30 seconds left.\n|c|\u2606Realpokehrzz|Suck my ass bro\n|c|\u2606Null022266|ok dude\n|-message|Realpokehrzz forfeited.\n|\n|win|Null022266\n|raw|Realpokehrzz's rating: 1391 → 1368<\/strong> (-23 for losing)\n|raw|Null022266's rating: 1336 → 1359<\/strong> (+23 for winning)\n|l|\u2606Realpokehrzz\n|c|\u2606Null022266|twas easy\n","uploadtime":1681882835,"views":8,"p1id":"realpokehrzz","p2id":"null022266","formatid":"gen9vgc2023regulationc","rating":1359,"private":0,"password":""}