{"id":"gen9vgc2023regulationc-1856813488","p1":"HoodWNKD","p2":"choicebadkyurem","format":"[Gen 9] VGC 2023 Regulation C","log":"|j|\u2606HoodWNKD\n|j|\u2606choicebadkyurem\n|t:|1683114987\n|gametype|doubles\n|player|p1|HoodWNKD|juan|\n|player|p2|choicebadkyurem|backersf|\n|teamsize|p1|6\n|teamsize|p2|6\n|gen|9\n|tier|[Gen 9] VGC 2023 Regulation C\n|rated|Tournament battle\n|rule|Species Clause: Limit one of each Pok\u00e9mon\n|rule|Item Clause: Limit one of each item\n|clearpoke\n|poke|p1|Amoonguss, L50, F|\n|poke|p1|Arcanine, L50, F|\n|poke|p1|Rotom-Wash, L50|\n|poke|p1|Annihilape, L50, F|\n|poke|p1|Chien-Pao, L50|\n|poke|p1|Ting-Lu, L50|\n|poke|p2|Flutter Mane, L50|\n|poke|p2|Chi-Yu, L50|\n|poke|p2|Corviknight, L50, M|\n|poke|p2|Great Tusk, L50|\n|poke|p2|Iron Hands, L50|\n|poke|p2|Gyarados, L50, M|\n|teampreview|4\nchoicebadkyurem rejected open team sheets.\n|c|\u2606HoodWNKD|gl hf\n|c|\u2606choicebadkyurem|no u\n|c|\u2606HoodWNKD|NO U\n|c|\u2606choicebadkyurem|no u\n|c|\u2606HoodWNKD|ok thanks\n|c|\u2606choicebadkyurem|:DDD\n|c|\u2606choicebadkyurem|np\n|j| winnie1906\n|\n|t:|1683115042\n|start\n|switch|p1a: Arcanine|Arcanine, L50, F|100\/100\n|switch|p1b: Ting-Lu|Ting-Lu, L50|100\/100\n|switch|p2a: Great Tusk|Great Tusk, L50|100\/100\n|switch|p2b: Gyarados|Gyarados, L50, M|100\/100\n|-ability|p1a: Arcanine|Intimidate|boost\n|-unboost|p2a: Great Tusk|atk|1\n|-unboost|p2b: Gyarados|atk|1\n|-ability|p2b: Gyarados|Intimidate|boost\n|-unboost|p1a: Arcanine|atk|1\n|-unboost|p1b: Ting-Lu|atk|1\n|-ability|p1b: Ting-Lu|Vessel of Ruin\n|turn|1\n|\n|t:|1683115061\n|switch|p1b: Rotom|Rotom-Wash, L50|100\/100\n|-terastallize|p1a: Arcanine|Water\n|move|p2a: Great Tusk|Headlong Rush|p1a: Arcanine\n|-damage|p1a: Arcanine|52\/100\n|-unboost|p2a: Great Tusk|def|1\n|-unboost|p2a: Great Tusk|spd|1\n|move|p1a: Arcanine|Will-O-Wisp|p2a: Great Tusk\n|-status|p2a: Great Tusk|brn\n|move|p2b: Gyarados|Dragon Dance|p2b: Gyarados\n|-boost|p2b: Gyarados|atk|1\n|-boost|p2b: Gyarados|spe|1\n|\n|-damage|p2a: Great Tusk|95\/100 brn|[from] brn\n|upkeep\n|turn|2\n|\n|t:|1683115081\n|-end|p2a: Great Tusk|Protosynthesis|[silent]\n|switch|p2a: Flutter Mane|Flutter Mane, L50|100\/100\n|-terastallize|p2b: Gyarados|Flying\n|move|p2b: Gyarados|Tera Blast|p1a: Arcanine\n|-damage|p1a: Arcanine|0 fnt\n|faint|p1a: Arcanine\n|move|p1b: Rotom|Thunderbolt|p2b: Gyarados\n|-supereffective|p2b: Gyarados\n|-damage|p2b: Gyarados|0 fnt\n|faint|p2b: Gyarados\n|-damage|p1b: Rotom|91\/100|[from] item: Life Orb\n|\n|upkeep\n|\n|t:|1683115091\n|switch|p1a: Ting-Lu|Ting-Lu, L50|100\/100\n|switch|p2b: Chi-Yu|Chi-Yu, L50|100\/100\n|-ability|p2b: Chi-Yu|Beads of Ruin\n|-ability|p1a: Ting-Lu|Vessel of Ruin\n|turn|3\n|\n|t:|1683115103\n|move|p2a: Flutter Mane|Dazzling Gleam|p1a: Ting-Lu|[spread] p1a,p1b\n|-supereffective|p1a: Ting-Lu\n|-damage|p1a: Ting-Lu|55\/100\n|-damage|p1b: Rotom|32\/100\n|-damage|p2a: Flutter Mane|91\/100|[from] item: Life Orb\n|move|p2b: Chi-Yu|Dark Pulse|p1b: Rotom\n|-damage|p1b: Rotom|0 fnt\n|faint|p1b: Rotom\n|move|p1a: Ting-Lu|Heavy Slam|p2a: Flutter Mane\n|-supereffective|p2a: Flutter Mane\n|-damage|p2a: Flutter Mane|0 fnt\n|faint|p2a: Flutter Mane\n|-end|p2a: Flutter Mane|Protosynthesis|[silent]\n|\n|upkeep\n|\n|t:|1683115112\n|switch|p2a: Great Tusk|Great Tusk, L50|95\/100 brn\n|switch|p1b: Annihilape|Annihilape, L50, F|100\/100\n|turn|4\n|\n|t:|1683115129\n|move|p2a: Great Tusk|Close Combat|p1a: Ting-Lu\n|-supereffective|p1a: Ting-Lu\n|-damage|p1a: Ting-Lu|18\/100\n|-unboost|p2a: Great Tusk|def|1\n|-unboost|p2a: Great Tusk|spd|1\n|move|p2b: Chi-Yu|Heat Wave|p1b: Annihilape|[spread] p1b\n|-miss|p2b: Chi-Yu|p1a: Ting-Lu\n|-damage|p1b: Annihilape|64\/100\n|move|p1b: Annihilape|Drain Punch|p2b: Chi-Yu\n|-supereffective|p2b: Chi-Yu\n|-enditem|p2b: Chi-Yu|Focus Sash\n|-damage|p2b: Chi-Yu|1\/100\n|-heal|p1b: Annihilape|94\/100|[from] drain|[of] p2b: Chi-Yu\n|move|p1a: Ting-Lu|Stomping Tantrum|p2b: Chi-Yu\n|-supereffective|p2b: Chi-Yu\n|-damage|p2b: Chi-Yu|0 fnt\n|faint|p2b: Chi-Yu\n|\n|-heal|p1b: Annihilape|99\/100|[from] item: Leftovers\n|-damage|p2a: Great Tusk|89\/100 brn|[from] brn\n|upkeep\n|turn|5\n|c|\u2606choicebadkyurem|ripo\n|c|\u2606choicebadkyurem|ggg\n|c|\u2606HoodWNKD|huge miss\n|c|\u2606HoodWNKD|gg\n|-message|choicebadkyurem forfeited.\n|\n|win|HoodWNKD\n|n|\u2606HoodWNKD|hoodwnkd\n|n|\u2606choicebadkyurem|choicebadkyurem\n|n| winnie1906|winnie1906\n","uploadtime":1683115153,"views":8,"p1id":"hoodwnkd","p2id":"choicebadkyurem","formatid":"gen9vgc2023regulationc","rating":0,"private":0,"password":""}