{"id":"gen9vgc2023regulationc-1864178930","p1":"brocksoup","p2":"xnhdh","format":"[Gen 9] VGC 2023 Regulation C","log":"|j|\u2606brocksoup\n|j|\u2606xnhdh\n|t:|1684131089\n|gametype|doubles\n|player|p1|brocksoup|unknown|1032\n|player|p2|xnhdh|102|1049\n|teamsize|p1|6\n|teamsize|p2|6\n|gen|9\n|tier|[Gen 9] VGC 2023 Regulation C\n|rated|\n|rule|Species Clause: Limit one of each Pok\u00e9mon\n|rule|Item Clause: Limit one of each item\n|clearpoke\n|poke|p1|Jigglypuff, L50, F|\n|poke|p1|Palafin, L50, M|\n|poke|p1|Gothitelle, L50, F|\n|poke|p1|Amoonguss, L50, M|\n|poke|p1|Ceruledge, L50, M|\n|poke|p1|Ting-Lu, L50|\n|poke|p2|Iron Valiant, L50|\n|poke|p2|Iron Bundle, L50|\n|poke|p2|Chi-Yu, L50|\n|poke|p2|Flutter Mane, L50|\n|poke|p2|Amoonguss, L50, F|\n|poke|p2|Talonflame, L50, M|\n|teampreview|4\n|inactive|Battle timer is ON: inactive players will automatically lose when time's up. (requested by brocksoup)\n|inactive|xnhdh has 60 seconds left.\n|inactive|xnhdh has 30 seconds left.\n|inactive|xnhdh has 20 seconds left.\n|inactive|xnhdh has 15 seconds left.\n|inactive|xnhdh has 10 seconds left.\n|inactive|xnhdh has 5 seconds left.\n|\n|t:|1684131192\n|start\n|switch|p1a: Ceruledge|Ceruledge, L50, M|100\/100\n|switch|p1b: Palafin|Palafin, L50, M|100\/100\n|switch|p2a: Talonflame|Talonflame, L50, M|100\/100\n|switch|p2b: Iron Valiant|Iron Valiant, L50|100\/100\n|turn|1\n|inactive|xnhdh has 30 seconds left.\n|inactive|brocksoup has 30 seconds left.\n|inactive|xnhdh has 20 seconds left.\n|inactive|xnhdh has 15 seconds left.\n|\n|t:|1684131236\n|move|p2a: Talonflame|Brave Bird|p1a: Ceruledge\n|-damage|p1a: Ceruledge|56\/100\n|-damage|p2a: Talonflame|86\/100|[from] Recoil\n|move|p2b: Iron Valiant|Psychic|p1a: Ceruledge\n|-damage|p1a: Ceruledge|16\/100\n|move|p1b: Palafin|Close Combat|p2a: Talonflame\n|-resisted|p2a: Talonflame\n|-damage|p2a: Talonflame|68\/100\n|-unboost|p1b: Palafin|def|1\n|-unboost|p1b: Palafin|spd|1\n|-enditem|p1b: Palafin|Eject Pack\n|\n|t:|1684131248\n|detailschange|p1b: Palafin|Palafin-Hero, L50, M\n|switch|p1b: Jigglypuff|Jigglypuff, L50, F|100\/100\n|move|p1a: Ceruledge|Bulk Up|p1a: Ceruledge\n|-boost|p1a: Ceruledge|atk|1\n|-boost|p1a: Ceruledge|def|1\n|\n|-heal|p1a: Ceruledge|23\/100|[from] item: Leftovers\n|upkeep\n|turn|2\n|\n|t:|1684131269\n|move|p1a: Ceruledge|Protect|p1a: Ceruledge\n|-singleturn|p1a: Ceruledge|Protect\n|move|p2a: Talonflame|Taunt|p1b: Jigglypuff\n|-start|p1b: Jigglypuff|move: Taunt\n|move|p2b: Iron Valiant|Psychic|p1a: Ceruledge\n|-activate|p1a: Ceruledge|move: Protect\n|cant|p1b: Jigglypuff|move: Taunt|Taunt\n|\n|-heal|p1a: Ceruledge|29\/100|[from] item: Leftovers\n|upkeep\n|turn|3\n|\n|t:|1684131294\n|switch|p2a: Chi-Yu|Chi-Yu, L50|100\/100\n|-ability|p2a: Chi-Yu|Beads of Ruin\n|switch|p1a: Ting-Lu|Ting-Lu, L50|100\/100\n|-ability|p1a: Ting-Lu|Vessel of Ruin\n|switch|p1b: Palafin|Palafin-Hero, L50, M|100\/100\n|-activate|p1b: Palafin|ability: Zero to Hero\n|move|p2b: Iron Valiant|Psychic|p1a: Ting-Lu\n|-immune|p1a: Ting-Lu\n|\n|upkeep\n|turn|4\n|inactive|xnhdh has 30 seconds left.\n|inactive|xnhdh has 20 seconds left.\n|inactive|xnhdh has 15 seconds left.\n|inactive|xnhdh has 10 seconds left.\n|inactive|xnhdh has 5 seconds left.\n|\n|t:|1684131346\n|-terastallize|p2a: Chi-Yu|Ghost\n|-terastallize|p1b: Palafin|Water\n|move|p1b: Palafin|Jet Punch|p2a: Chi-Yu\n|-damage|p2a: Chi-Yu|20\/100\n|move|p2b: Iron Valiant|Psychic|p1b: Palafin\n|-damage|p1b: Palafin|43\/100\n|move|p2a: Chi-Yu|Dark Pulse|p1b: Palafin\n|-damage|p1b: Palafin|0 fnt\n|faint|p1b: Palafin\n|move|p1a: Ting-Lu|Heavy Slam|p2b: Iron Valiant\n|-supereffective|p2b: Iron Valiant\n|-damage|p2b: Iron Valiant|0 fnt\n|faint|p2b: Iron Valiant\n|-end|p2b: Iron Valiant|Quark Drive|[silent]\n|\n|upkeep\n|\n|t:|1684131366\n|switch|p2b: Talonflame|Talonflame, L50, M|68\/100\n|switch|p1b: Jigglypuff|Jigglypuff, L50, F|100\/100\n|turn|5\n|\n|t:|1684131374\n|move|p2a: Chi-Yu|Protect|p2a: Chi-Yu\n|-singleturn|p2a: Chi-Yu|Protect\n|move|p1b: Jigglypuff|Protect|p1b: Jigglypuff\n|-singleturn|p1b: Jigglypuff|Protect\n|move|p2b: Talonflame|Taunt|p1b: Jigglypuff\n|-activate|p1b: Jigglypuff|move: Protect\n|move|p1a: Ting-Lu|Stomping Tantrum|p2a: Chi-Yu\n|-activate|p2a: Chi-Yu|move: Protect\n|\n|upkeep\n|turn|6\n|\n|t:|1684131390\n|switch|p1b: Ceruledge|Ceruledge, L50, M|29\/100\n|move|p2b: Talonflame|Will-O-Wisp|p1a: Ting-Lu\n|-status|p1a: Ting-Lu|brn\n|move|p2a: Chi-Yu|Heat Wave|p1a: Ting-Lu|[spread] p1a\n|-start|p1b: Ceruledge|ability: Flash Fire\n|-damage|p1a: Ting-Lu|83\/100 brn\n|move|p1a: Ting-Lu|Stomping Tantrum|p2a: Chi-Yu\n|-damage|p2a: Chi-Yu|0 fnt\n|faint|p2a: Chi-Yu\n|\n|-heal|p1b: Ceruledge|35\/100|[from] item: Leftovers\n|-damage|p1a: Ting-Lu|77\/100 brn|[from] brn\n|upkeep\n|\n|t:|1684131393\n|switch|p2a: Flutter Mane|Flutter Mane, L50|100\/100\n|-enditem|p2a: Flutter Mane|Booster Energy\n|-activate|p2a: Flutter Mane|ability: Protosynthesis|[fromitem]\n|-start|p2a: Flutter Mane|protosynthesisspa\n|turn|7\n|\n|t:|1684131409\n|move|p2a: Flutter Mane|Protect|p2a: Flutter Mane\n|-singleturn|p2a: Flutter Mane|Protect\n|move|p1b: Ceruledge|Shadow Sneak|p2a: Flutter Mane\n|-activate|p2a: Flutter Mane|move: Protect\n|move|p2b: Talonflame|Brave Bird|p1b: Ceruledge\n|-crit|p1b: Ceruledge\n|-damage|p1b: Ceruledge|0 fnt\n|faint|p1b: Ceruledge\n|-damage|p2b: Talonflame|57\/100|[from] Recoil\n|move|p1a: Ting-Lu|Heavy Slam|p2a: Flutter Mane\n|-activate|p2a: Flutter Mane|move: Protect\n|\n|-damage|p1a: Ting-Lu|71\/100 brn|[from] brn\n|upkeep\n|\n|t:|1684131423\n|switch|p1b: Jigglypuff|Jigglypuff, L50, F|100\/100\n|turn|8\n|\n|t:|1684131433\n|move|p1b: Jigglypuff|Protect|p1b: Jigglypuff\n|-singleturn|p1b: Jigglypuff|Protect\n|move|p2b: Talonflame|Taunt|p1b: Jigglypuff\n|-activate|p1b: Jigglypuff|move: Protect\n|move|p2a: Flutter Mane|Moonblast|p1a: Ting-Lu\n|-supereffective|p1a: Ting-Lu\n|-damage|p1a: Ting-Lu|39\/100 brn\n|-unboost|p1a: Ting-Lu|spa|1\n|move|p1a: Ting-Lu|Throat Chop|p2b: Talonflame\n|-damage|p2b: Talonflame|31\/100\n|-start|p2b: Talonflame|Throat Chop|[silent]\n|\n|-damage|p1a: Ting-Lu|33\/100 brn|[from] brn\n|upkeep\n|turn|9\n|-message|brocksoup forfeited.\n|\n|win|xnhdh\n|raw|brocksoup's rating: 1032 → 1018<\/strong> (-14 for losing)\n|raw|xnhdh's rating: 1049 → 1080<\/strong> (+31 for winning)\n|l|\u2606brocksoup\n","uploadtime":1684131451,"views":11,"p1id":"brocksoup","p2id":"xnhdh","formatid":"gen9vgc2023regulationc","rating":1018,"private":0,"password":""}