{"id":"gen9vgc2023regulationc-1863009152","p1":"KDotWE","p2":"Boony Lim","format":"[Gen 9] VGC 2023 Regulation C","log":"|j|\u2606KDotWE\n|j|\u2606Boony Lim\n|t:|1683951620\n|gametype|doubles\n|player|p1|KDotWE|clair|1152\n|player|p2|Boony Lim|170|1213\n|teamsize|p1|6\n|teamsize|p2|6\n|gen|9\n|tier|[Gen 9] VGC 2023 Regulation C\n|rated|\n|rule|Species Clause: Limit one of each Pok\u00e9mon\n|rule|Item Clause: Limit one of each item\n|clearpoke\n|poke|p1|Arcanine, L50, F|\n|poke|p1|Tyranitar, L50, F|\n|poke|p1|Scizor, L50, F|\n|poke|p1|Tauros-Paldea-Aqua, L50, M|\n|poke|p1|Ting-Lu, L50|\n|poke|p1|Amoonguss, L50, M|\n|poke|p2|Pelipper, L50, M|\n|poke|p2|Dondozo, L50, F|\n|poke|p2|Tatsugiri, L50, F|\n|poke|p2|Drednaw, L50, F|\n|poke|p2|Iron Hands, L50|\n|poke|p2|Amoonguss, L50, M|\n|teampreview|4\n|inactive|Battle timer is ON: inactive players will automatically lose when time's up. (requested by KDotWE)\nKDotWE rejected open team sheets.\n|\n|t:|1683951700\n|start\n|switch|p1a: Amoonguss|Amoonguss, L50, M|100\/100\n|switch|p1b: Tauros|Tauros-Paldea-Aqua, L50, M|100\/100\n|switch|p2a: Pelipper|Pelipper, L50, M|100\/100\n|switch|p2b: Dondozo|Dondozo, L50, F|100\/100\n|-ability|p1b: Tauros|Intimidate|boost\n|-unboost|p2a: Pelipper|atk|1\n|-unboost|p2b: Dondozo|atk|1\n|-weather|RainDance|[from] ability: Drizzle|[of] p2a: Pelipper\n|turn|1\n|inactive|KDotWE has 30 seconds left.\n|\n|t:|1683951733\n|move|p1b: Tauros|Wild Charge|p2b: Dondozo\n|-supereffective|p2b: Dondozo\n|-damage|p2b: Dondozo|55\/100\n|-damage|p1b: Tauros|86\/100|[from] Recoil\n|move|p2b: Dondozo|Surf|p1b: Tauros|[spread] p2a,p1a,p1b\n|-resisted|p2a: Pelipper\n|-resisted|p1a: Amoonguss\n|-crit|p1a: Amoonguss\n|-resisted|p1b: Tauros\n|-damage|p2a: Pelipper|70\/100\n|-damage|p1a: Amoonguss|72\/100\n|-damage|p1b: Tauros|69\/100\n|-damage|p2b: Dondozo|46\/100|[from] item: Life Orb\n|move|p2a: Pelipper|Hurricane|p1a: Amoonguss\n|-supereffective|p1a: Amoonguss\n|-damage|p1a: Amoonguss|0 fnt\n|faint|p1a: Amoonguss\n|\n|-weather|RainDance|[upkeep]\n|upkeep\n|\n|t:|1683951751\n|switch|p1a: Scizor|Scizor, L50, F|100\/100\n|turn|2\n|\n|t:|1683951764\n|switch|p2a: Tatsugiri|Tatsugiri, L50, F|100\/100\n|-activate|p2a: Tatsugiri|ability: Commander|[of] p2b: Dondozo\n|-boost|p2b: Dondozo|atk|2\n|-boost|p2b: Dondozo|spa|2\n|-boost|p2b: Dondozo|spe|2\n|-boost|p2b: Dondozo|def|2\n|-boost|p2b: Dondozo|spd|2\n|move|p2b: Dondozo|Surf|p1a: Scizor|[spread] p1a,p1b\n|-miss|p2b: Dondozo|p2a: Tatsugiri\n|-resisted|p1b: Tauros\n|-damage|p1a: Scizor|2\/100\n|-damage|p1b: Tauros|33\/100\n|-enditem|p1a: Scizor|Sitrus Berry|[eat]\n|-heal|p1a: Scizor|26\/100|[from] item: Sitrus Berry\n|-damage|p2b: Dondozo|36\/100|[from] item: Life Orb\n|move|p1b: Tauros|Wild Charge|p2b: Dondozo\n|-supereffective|p2b: Dondozo\n|-damage|p2b: Dondozo|12\/100\n|-damage|p1b: Tauros|26\/100|[from] Recoil\n|move|p1a: Scizor|Aerial Ace|p2b: Dondozo\n|-damage|p2b: Dondozo|0 fnt\n|faint|p2b: Dondozo\n|\n|-weather|RainDance|[upkeep]\n|upkeep\n|\n|t:|1683951788\n|switch|p2b: Drednaw|Drednaw, L50, F|100\/100\n|turn|3\n|inactive|Boony Lim has 30 seconds left.\n|\n|t:|1683951820\n|-terastallize|p2b: Drednaw|Grass\n|move|p1a: Scizor|Bullet Punch|p2b: Drednaw\n|-damage|p2b: Drednaw|64\/100\n|move|p2b: Drednaw|Waterfall|p1a: Scizor\n|-damage|p1a: Scizor|0 fnt\n|faint|p1a: Scizor\n|move|p2a: Tatsugiri|Muddy Water|p1b: Tauros\n|-resisted|p1b: Tauros\n|-damage|p1b: Tauros|2\/100\n|move|p1b: Tauros|Close Combat|p2b: Drednaw\n|-damage|p2b: Drednaw|2\/100\n|-unboost|p1b: Tauros|def|1\n|-unboost|p1b: Tauros|spd|1\n|\n|-weather|RainDance|[upkeep]\n|upkeep\n|\n|t:|1683951837\n|switch|p1a: Tyranitar|Tyranitar, L50, F|100\/100\n|-weather|Sandstorm|[from] ability: Sand Stream|[of] p1a: Tyranitar\n|turn|4\n|\n|t:|1683951853\n|switch|p2b: Pelipper|Pelipper, L50, M|70\/100\n|-weather|RainDance|[from] ability: Drizzle|[of] p2b: Pelipper\n|move|p2a: Tatsugiri|Muddy Water|p1a: Tyranitar|[spread] p1a,p1b\n|-supereffective|p1a: Tyranitar\n|-resisted|p1b: Tauros\n|-damage|p1a: Tyranitar|14\/100\n|-damage|p1b: Tauros|0 fnt\n|-unboost|p1a: Tyranitar|accuracy|1\n|-enditem|p1a: Tyranitar|Weakness Policy\n|-boost|p1a: Tyranitar|atk|2|[from] item: Weakness Policy\n|-boost|p1a: Tyranitar|spa|2|[from] item: Weakness Policy\n|faint|p1b: Tauros\n|move|p1a: Tyranitar|Rock Slide|p2b: Pelipper|[spread] p2a\n|-miss|p1a: Tyranitar|p2b: Pelipper\n|-crit|p2a: Tatsugiri\n|-damage|p2a: Tatsugiri|0 fnt\n|faint|p2a: Tatsugiri\n|\n|-weather|RainDance|[upkeep]\n|upkeep\n|\n|t:|1683951870\n|switch|p2a: Drednaw|Drednaw, L50, F, tera:Grass|2\/100\n|turn|5\n|\n|t:|1683951876\n|-terastallize|p1a: Tyranitar|Fairy\n|move|p2a: Drednaw|Waterfall|p1a: Tyranitar\n|-damage|p1a: Tyranitar|0 fnt\n|faint|p1a: Tyranitar\n|\n|win|Boony Lim\n|raw|KDotWE's rating: 1152 → 1131<\/strong> (-21 for losing)\n|raw|Boony Lim's rating: 1213 → 1234<\/strong> (+21 for winning)\n|c|\u2606Boony Lim|gg\n|l|\u2606KDotWE\n","uploadtime":1683952049,"views":14,"p1id":"kdotwe","p2id":"boonylim","formatid":"gen9vgc2023regulationc","rating":1131,"private":0,"password":""}