{"id":"gen9vgc2023regulationc-1861554665","p1":"Isaiahwillwin","p2":"RonJohn","format":"[Gen 9] VGC 2023 Regulation C","log":"|j|\u2606Isaiahwillwin\n|j|\u2606RonJohn\n|t:|1683772531\n|gametype|doubles\n|player|p1|Isaiahwillwin|169|1186\n|player|p2|RonJohn|266|1115\n|teamsize|p1|6\n|teamsize|p2|6\n|gen|9\n|tier|[Gen 9] VGC 2023 Regulation C\n|rated|\n|rule|Species Clause: Limit one of each Pok\u00e9mon\n|rule|Item Clause: Limit one of each item\n|clearpoke\n|poke|p1|Amoonguss, L50, M|\n|poke|p1|Palafin, L50, M|\n|poke|p1|Flutter Mane, L50|\n|poke|p1|Scizor, L50, M|\n|poke|p1|Arcanine, L50, F|\n|poke|p1|Ting-Lu, L50|\n|poke|p2|Flutter Mane, L50|\n|poke|p2|Orthworm, L50, F|\n|poke|p2|Dragonite, L50, F|\n|poke|p2|Amoonguss, L50, F|\n|poke|p2|Gyarados, L50, M|\n|poke|p2|Ting-Lu, L50|\n|teampreview|4\nIsaiahwillwin has agreed to open team sheets.\n|inactive|Battle timer is ON: inactive players will automatically lose when time's up. (requested by Isaiahwillwin)\nRonJohn has agreed to open team sheets.\n|inactive|Isaiahwillwin has 60 seconds left.\n|\n|t:|1683772581\n|start\n|switch|p1a: Finn|Palafin, L50, M|100\/100\n|switch|p1b: Skiisoar|Scizor, L50, M|100\/100\n|switch|p2a: Ting-Lu|Ting-Lu, L50|100\/100\n|switch|p2b: Gyarados|Gyarados, L50, M|100\/100\n|-ability|p2b: Gyarados|Intimidate|boost\n|-unboost|p1a: Finn|atk|1\n|-fail|p1b: Skiisoar|unboost|[from] item: Clear Amulet|[of] p1b: Skiisoar\n|-ability|p2a: Ting-Lu|Vessel of Ruin\n|turn|1\n|inactive|Isaiahwillwin has 30 seconds left.\n|\n|t:|1683772607\n|detailschange|p1a: Finn|Palafin-Hero, L50, M\n|switch|p1a: Arkaneenay|Arcanine, L50, F|100\/100\n|-ability|p1a: Arkaneenay|Intimidate|boost\n|-unboost|p2a: Ting-Lu|atk|1\n|-unboost|p2b: Gyarados|atk|1\n|move|p2b: Gyarados|Taunt|p1b: Skiisoar\n|-start|p1b: Skiisoar|move: Taunt\n|move|p2a: Ting-Lu|Earthquake|p1a: Arkaneenay|[spread] p1a,p1b\n|-immune|p2b: Gyarados\n|-supereffective|p1a: Arkaneenay\n|-damage|p1a: Arkaneenay|52\/100\n|-damage|p1b: Skiisoar|76\/100\n|move|p1b: Skiisoar|U-turn|p2a: Ting-Lu\n|-supereffective|p2a: Ting-Lu\n|-damage|p2a: Ting-Lu|52\/100\n|\n|t:|1683772622\n|switch|p1b: Finn|Palafin-Hero, L50, M|100\/100|[from] U-turn\n|-activate|p1b: Finn|ability: Zero to Hero\n|\n|upkeep\n|turn|2\n|\n|t:|1683772646\n|switch|p1a: Skiisoar|Scizor, L50, M|76\/100\n|switch|p2b: Orthworm|Orthworm, L50, F|100\/100\n|move|p1b: Finn|Jet Punch|p2a: Ting-Lu\n|-supereffective|p2a: Ting-Lu\n|-crit|p2a: Ting-Lu\n|-damage|p2a: Ting-Lu|0 fnt\n|faint|p2a: Ting-Lu\n|\n|upkeep\n|\n|t:|1683772658\n|switch|p2a: Gyarados|Gyarados, L50, M|100\/100\n|-ability|p2a: Gyarados|Intimidate|boost\n|-fail|p1a: Skiisoar|unboost|[from] item: Clear Amulet|[of] p1a: Skiisoar\n|-unboost|p1b: Finn|atk|1\n|turn|3\n|inactive|Isaiahwillwin has 30 seconds left.\n|inactive|RonJohn has 30 seconds left.\n|\n|t:|1683772687\n|-terastallize|p2b: Orthworm|Poison\n|move|p1b: Finn|Wave Crash|p2b: Orthworm\n|-damage|p2b: Orthworm|54\/100\n|-damage|p1b: Finn|85\/100|[from] Recoil\n|move|p2a: Gyarados|Thunder Wave|p1b: Finn\n|-status|p1b: Finn|par\n|move|p1a: Skiisoar|Close Combat|p2b: Orthworm\n|-resisted|p2b: Orthworm\n|-damage|p2b: Orthworm|39\/100\n|-unboost|p1a: Skiisoar|def|1\n|-unboost|p1a: Skiisoar|spd|1\n|-enditem|p2b: Orthworm|Sitrus Berry|[eat]\n|-heal|p2b: Orthworm|64\/100|[from] item: Sitrus Berry\n|move|p2b: Orthworm|Shed Tail|p2b: Orthworm\n|-start|p2b: Orthworm|Substitute|[from] move: Shed Tail\n|-damage|p2b: Orthworm|14\/100\n|\n|t:|1683772705\n|switch|p2b: Dragonite|Dragonite, L50, F|100\/100|[from] Shed Tail\n|\n|upkeep\n|turn|4\n|\n|t:|1683772737\n|switch|p1b: Arkaneenay|Arcanine, L50, F|52\/100\n|-ability|p1b: Arkaneenay|Intimidate|boost\n|-unboost|p2a: Gyarados|atk|1\n|-immune|p2b: Dragonite\n|move|p1a: Skiisoar|Bullet Punch|p2b: Dragonite\n|-activate|p2b: Dragonite|move: Substitute|[damage]\n|move|p2b: Dragonite|Dragon Dance|p2b: Dragonite\n|-boost|p2b: Dragonite|atk|1\n|-boost|p2b: Dragonite|spe|1\n|move|p2a: Gyarados|Thunder Wave|p1a: Skiisoar\n|-status|p1a: Skiisoar|par\n|\n|upkeep\n|turn|5\n|\n|t:|1683772755\n|switch|p2a: Orthworm|Orthworm, L50, F, tera:Poison|14\/100\n|move|p1a: Skiisoar|Bullet Punch|p2b: Dragonite\n|-end|p2b: Dragonite|Substitute\n|move|p2b: Dragonite|Earthquake|p1b: Arkaneenay|[spread] p1a,p1b\n|-heal|p2a: Orthworm|39\/100|[from] ability: Earth Eater|[of] p2b: Dragonite\n|-supereffective|p1b: Arkaneenay\n|-damage|p1a: Skiisoar|10\/100 par\n|-damage|p1b: Arkaneenay|0 fnt\n|faint|p1b: Arkaneenay\n|\n|upkeep\n|\n|t:|1683772765\n|switch|p1b: My Mane|Flutter Mane, L50|100\/100\n|-enditem|p1b: My Mane|Booster Energy\n|-activate|p1b: My Mane|ability: Protosynthesis|[fromitem]\n|-start|p1b: My Mane|protosynthesisspa\n|turn|6\n|\n|t:|1683772784\n|move|p1a: Skiisoar|Bullet Punch|p2b: Dragonite\n|-damage|p2b: Dragonite|81\/100\n|move|p2b: Dragonite|Earthquake|p1a: Skiisoar|[spread] p1a,p1b\n|-heal|p2a: Orthworm|64\/100|[from] ability: Earth Eater|[of] p2b: Dragonite\n|-damage|p1a: Skiisoar|0 fnt\n|-damage|p1b: My Mane|48\/100\n|faint|p1a: Skiisoar\n|move|p1b: My Mane|Dazzling Gleam|p2b: Dragonite|[spread] p2a,p2b\n|-resisted|p2a: Orthworm\n|-supereffective|p2b: Dragonite\n|-damage|p2a: Orthworm|32\/100\n|-damage|p2b: Dragonite|0 fnt\n|faint|p2b: Dragonite\n|move|p2a: Orthworm|Heavy Slam|p1b: My Mane\n|-supereffective|p1b: My Mane\n|-damage|p1b: My Mane|0 fnt\n|faint|p1b: My Mane\n|-end|p1b: My Mane|Protosynthesis|[silent]\n|\n|upkeep\n|\n|t:|1683772801\n|switch|p1b: Finn|Palafin-Hero, L50, M|85\/100 par\n|switch|p2b: Gyarados|Gyarados, L50, M|100\/100\n|-ability|p2b: Gyarados|Intimidate|boost\n|-unboost|p1b: Finn|atk|1\n|turn|7\n|inactive|RonJohn has 30 seconds left.\n|inactive|RonJohn has 20 seconds left.\n|\n|t:|1683772837\n|-terastallize|p1b: Finn|Water\n|move|p2b: Gyarados|Waterfall|p1b: Finn\n|-resisted|p1b: Finn\n|-damage|p1b: Finn|66\/100 par\n|cant|p1b: Finn|flinch\n|move|p2a: Orthworm|Heavy Slam|p1b: Finn\n|-resisted|p1b: Finn\n|-damage|p1b: Finn|49\/100 par\n|\n|upkeep\n|turn|8\n|\n|t:|1683772857\n|move|p2b: Gyarados|Waterfall|p1b: Finn\n|-resisted|p1b: Finn\n|-damage|p1b: Finn|30\/100 par\n|cant|p1b: Finn|par\n|move|p2a: Orthworm|Heavy Slam|p1b: Finn\n|-resisted|p1b: Finn\n|-damage|p1b: Finn|12\/100 par\n|\n|upkeep\n|turn|9\n|\n|t:|1683772870\n|move|p1b: Finn|Jet Punch|p2a: Orthworm\n|-damage|p2a: Orthworm|0 fnt\n|faint|p2a: Orthworm\n|move|p2b: Gyarados|Waterfall|p1b: Finn\n|-resisted|p1b: Finn\n|-damage|p1b: Finn|0 fnt\n|faint|p1b: Finn\n|\n|win|RonJohn\n|raw|Isaiahwillwin's rating: 1186 → 1156<\/strong> (-30 for losing)\n|raw|RonJohn's rating: 1115 → 1145<\/strong> (+30 for winning)\n|l|\u2606Isaiahwillwin\n","uploadtime":1683772886,"views":23,"p1id":"isaiahwillwin","p2id":"ronjohn","formatid":"gen9vgc2023regulationc","rating":1145,"private":0,"password":""}