{"id":"gen9vgc2023regulationc-1856147190","p1":"Thossq","p2":"Chevan_One","format":"[Gen 9] VGC 2023 Regulation C","log":"|j|\u2606Thossq\n|j|\u2606Chevan_One\n|t:|1683034994\n|gametype|doubles\n|player|p1|Thossq|sabrina|1087\n|player|p2|Chevan_One|101|1000\n|teamsize|p1|6\n|teamsize|p2|6\n|gen|9\n|tier|[Gen 9] VGC 2023 Regulation C\n|rated|\n|rule|Species Clause: Limit one of each Pok\u00e9mon\n|rule|Item Clause: Limit one of each item\n|clearpoke\n|poke|p1|Cetitan, L50, M|\n|poke|p1|Kingambit, L50, M|\n|poke|p1|Indeedee-F, L50, F|\n|poke|p1|Abomasnow, L50, M|\n|poke|p1|Armarouge, L50, F|\n|poke|p1|Glimmora, L50, M|\n|poke|p2|Roaring Moon, L50|\n|poke|p2|Iron Valiant, L50|\n|poke|p2|Amoonguss, L50, F|\n|poke|p2|Murkrow, L50, M|\n|poke|p2|Garchomp, L50, F|\n|poke|p2|Gastrodon, L50, M|\n|teampreview|4\n|j| GEAV\n|l| GEAV\n|\n|t:|1683035046\n|start\n|switch|p1a: Outdodo|Indeedee-F, L50, F|100\/100\n|switch|p1b: Obamasnow|Abomasnow, L50, M|100\/100\n|switch|p2a: Garchomp|Garchomp, L50, F|100\/100\n|switch|p2b: Murkrow|Murkrow, L50, M|100\/100\n|-fieldstart|move: Psychic Terrain|[from] ability: Psychic Surge|[of] p1a: Outdodo\n|-weather|Snow|[from] ability: Snow Warning|[of] p1b: Obamasnow\n|turn|1\n|\n|t:|1683035077\n|-terastallize|p2a: Garchomp|Steel\n|move|p1a: Outdodo|Follow Me|p1a: Outdodo\n|-singleturn|p1a: Outdodo|move: Follow Me\n|move|p2b: Murkrow|Sunny Day|p2b: Murkrow\n|-weather|SunnyDay\n|move|p2a: Garchomp|Iron Head|p1a: Outdodo\n|-damage|p1a: Outdodo|39\/100\n|move|p1b: Obamasnow|Aurora Veil||[still]\n|-fail|p1b: Obamasnow\n|\n|-weather|SunnyDay|[upkeep]\n|upkeep\n|turn|2\n|j| GEAV\n|\n|t:|1683035108\n|move|p1a: Outdodo|Protect|p1a: Outdodo\n|-singleturn|p1a: Outdodo|Protect\n|move|p2b: Murkrow|Tailwind|p2b: Murkrow\n|-sidestart|p2: Chevan_One|move: Tailwind\n|move|p2a: Garchomp|Iron Head|p1a: Outdodo\n|-activate|p1a: Outdodo|move: Protect\n|move|p1b: Obamasnow|Blizzard|p2a: Garchomp|[spread] p2a,p2b\n|-resisted|p2a: Garchomp\n|-supereffective|p2b: Murkrow\n|-damage|p2a: Garchomp|92\/100\n|-damage|p2b: Murkrow|4\/100\n|\n|-weather|SunnyDay|[upkeep]\n|upkeep\n|turn|3\n|l| GEAV\n|j| GEAV\n|\n|t:|1683035147\n|switch|p2b: Gastrodon|Gastrodon, L50, M|100\/100\n|switch|p1b: Ilovechess|Kingambit, L50, M|100\/100\n|move|p1a: Outdodo|Follow Me|p1a: Outdodo\n|-singleturn|p1a: Outdodo|move: Follow Me\n|move|p2a: Garchomp|Iron Head|p1a: Outdodo\n|-damage|p1a: Outdodo|0 fnt\n|faint|p1a: Outdodo\n|\n|-weather|SunnyDay|[upkeep]\n|upkeep\n|\n|t:|1683035162\n|switch|p1a: Obamasnow|Abomasnow, L50, M|100\/100\n|-weather|Snow|[from] ability: Snow Warning|[of] p1a: Obamasnow\n|turn|4\n|\n|t:|1683035209\n|move|p2b: Gastrodon|Helping Hand|p2a: Garchomp\n|-singleturn|p2a: Garchomp|Helping Hand|[of] p2b: Gastrodon\n|move|p2a: Garchomp|Iron Head|p1a: Obamasnow\n|-supereffective|p1a: Obamasnow\n|-damage|p1a: Obamasnow|6\/100\n|move|p1a: Obamasnow|Giga Drain|p2b: Gastrodon\n|-supereffective|p2b: Gastrodon\n|-damage|p2b: Gastrodon|5\/100\n|-heal|p1a: Obamasnow|59\/100|[from] drain|[of] p2b: Gastrodon\n|move|p1b: Ilovechess|Brick Break|p2a: Garchomp\n|-supereffective|p2a: Garchomp\n|-damage|p2a: Garchomp|41\/100\n|-damage|p1b: Ilovechess|88\/100|[from] ability: Rough Skin|[of] p2a: Garchomp\n|\n|-weather|Snow|[upkeep]\n|-heal|p2b: Gastrodon|11\/100|[from] item: Leftovers\n|-heal|p1b: Ilovechess|94\/100|[from] item: Leftovers\n|upkeep\n|turn|5\n|l| GEAV\n|\n|t:|1683035246\n|move|p1a: Obamasnow|Protect|p1a: Obamasnow\n|-singleturn|p1a: Obamasnow|Protect\n|move|p2a: Garchomp|Iron Head|p1a: Obamasnow\n|-activate|p1a: Obamasnow|move: Protect\n|move|p2b: Gastrodon|Recover|p2b: Gastrodon\n|-heal|p2b: Gastrodon|61\/100\n|move|p1b: Ilovechess|Brick Break|p2a: Garchomp\n|-supereffective|p2a: Garchomp\n|-damage|p2a: Garchomp|0 fnt\n|-damage|p1b: Ilovechess|82\/100|[from] ability: Rough Skin|[of] p2a: Garchomp\n|faint|p2a: Garchomp\n|\n|-weather|Snow|[upkeep]\n|-heal|p2b: Gastrodon|67\/100|[from] item: Leftovers\n|-heal|p1b: Ilovechess|88\/100|[from] item: Leftovers\n|-sideend|p2: Chevan_One|move: Tailwind\n|-fieldend|move: Psychic Terrain\n|upkeep\n|\n|t:|1683035266\n|switch|p2a: Iron Valiant|Iron Valiant, L50|100\/100\n|-enditem|p2a: Iron Valiant|Booster Energy\n|-activate|p2a: Iron Valiant|ability: Quark Drive|[fromitem]\n|-start|p2a: Iron Valiant|quarkdrivespe\n|turn|6\n|\n|t:|1683035297\n|-terastallize|p1b: Ilovechess|Flying\n|move|p2b: Gastrodon|Helping Hand|p2a: Iron Valiant\n|-singleturn|p2a: Iron Valiant|Helping Hand|[of] p2b: Gastrodon\n|move|p2a: Iron Valiant|Close Combat|p1a: Obamasnow\n|-supereffective|p1a: Obamasnow\n|-damage|p1a: Obamasnow|0 fnt\n|-unboost|p2a: Iron Valiant|def|1\n|-unboost|p2a: Iron Valiant|spd|1\n|faint|p1a: Obamasnow\n|move|p1b: Ilovechess|Iron Head|p2a: Iron Valiant\n|-supereffective|p2a: Iron Valiant\n|-damage|p2a: Iron Valiant|0 fnt\n|faint|p2a: Iron Valiant\n|-end|p2a: Iron Valiant|Quark Drive|[silent]\n|\n|-weather|Snow|[upkeep]\n|-heal|p1b: Ilovechess|94\/100|[from] item: Leftovers\n|-heal|p2b: Gastrodon|73\/100|[from] item: Leftovers\n|upkeep\n|\n|t:|1683035313\n|switch|p2a: Murkrow|Murkrow, L50, M|4\/100\n|switch|p1a: WHO DAT BOY|Cetitan, L50, M|100\/100\n|turn|7\n|\n|t:|1683035329\n|move|p2a: Murkrow|Sunny Day|p2a: Murkrow\n|-weather|SunnyDay\n|move|p1a: WHO DAT BOY|Ice Shard|p2a: Murkrow\n|-supereffective|p2a: Murkrow\n|-damage|p2a: Murkrow|0 fnt\n|faint|p2a: Murkrow\n|move|p1b: Ilovechess|Kowtow Cleave|p2b: Gastrodon\n|-damage|p2b: Gastrodon|22\/100\n|move|p2b: Gastrodon|Earth Power|p1b: Ilovechess\n|-immune|p1b: Ilovechess\n|\n|-weather|SunnyDay|[upkeep]\n|-heal|p1b: Ilovechess|99\/100|[from] item: Leftovers\n|-heal|p2b: Gastrodon|28\/100|[from] item: Leftovers\n|upkeep\n|turn|8\n|\n|t:|1683035348\n|move|p1a: WHO DAT BOY|Ice Shard|p2b: Gastrodon\n|-damage|p2b: Gastrodon|5\/100\n|move|p1b: Ilovechess|Kowtow Cleave|p2b: Gastrodon\n|-damage|p2b: Gastrodon|0 fnt\n|faint|p2b: Gastrodon\n|\n|win|Thossq\n|raw|Thossq's rating: 1087 → 1107<\/strong> (+20 for winning)\n|raw|Chevan_One's rating: 1000 → 1000<\/strong> (+0 for losing)\n","uploadtime":1683035372,"views":3,"p1id":"thossq","p2id":"chevanone","formatid":"gen9vgc2023regulationc","rating":1000,"private":0,"password":""}