{"id":"gen9vgc2023regulationc-1857930959","p1":"uoierw'","p2":"marioman6444","format":"[Gen 9] VGC 2023 Regulation C","log":"|j|\u2606uoierw'\n|j|\u2606marioman6444\n|t:|1683248800\n|gametype|doubles\n|player|p1|uoierw'|169|1137\n|player|p2|marioman6444|hoopster|1184\n|teamsize|p1|6\n|teamsize|p2|6\n|gen|9\n|tier|[Gen 9] VGC 2023 Regulation C\n|rated|\n|rule|Species Clause: Limit one of each Pok\u00e9mon\n|rule|Item Clause: Limit one of each item\n|clearpoke\n|poke|p1|Amoonguss, L50, M|\n|poke|p1|Pelipper, L50, M|\n|poke|p1|Palafin, L50, M|\n|poke|p1|Barraskewda, L50, M|\n|poke|p1|Chien-Pao, L50|\n|poke|p1|Gholdengo, L50|\n|poke|p2|Orthworm, L50, F|\n|poke|p2|Dragonite, L50, F|\n|poke|p2|Ting-Lu, L50|\n|poke|p2|Amoonguss, L50, F|\n|poke|p2|Garganacl, L50, M|\n|poke|p2|Flutter Mane, L50|\n|teampreview|4\n|inactive|Battle timer is ON: inactive players will automatically lose when time's up. (requested by marioman6444)\n|inactive|marioman6444 has 60 seconds left.\n|\n|t:|1683248835\n|start\n|switch|p1a: Palafin|Palafin, L50, M|100\/100\n|switch|p1b: Barraskewda|Barraskewda, L50, M|100\/100\n|switch|p2a: Orthworm|Orthworm, L50, F|100\/100\n|switch|p2b: Amoonguss|Amoonguss, L50, F|100\/100\n|turn|1\n|\n|t:|1683248849\n|detailschange|p1a: Palafin|Palafin-Hero, L50, M\n|switch|p1a: Pelipper|Pelipper, L50, M|100\/100\n|-weather|RainDance|[from] ability: Drizzle|[of] p1a: Pelipper\n|move|p1b: Barraskewda|Close Combat|p2a: Orthworm\n|-supereffective|p2a: Orthworm\n|-damage|p2a: Orthworm|35\/100\n|-unboost|p1b: Barraskewda|def|1\n|-unboost|p1b: Barraskewda|spd|1\n|-enditem|p2a: Orthworm|Sitrus Berry|[eat]\n|-heal|p2a: Orthworm|60\/100|[from] item: Sitrus Berry\n|move|p2a: Orthworm|Shed Tail|p2a: Orthworm\n|-start|p2a: Orthworm|Substitute|[from] move: Shed Tail\n|-damage|p2a: Orthworm|10\/100\n|\n|t:|1683248863\n|switch|p2a: Dragonite|Dragonite, L50, F|100\/100|[from] Shed Tail\n|move|p2b: Amoonguss|Spore|p1b: Barraskewda\n|-status|p1b: Barraskewda|slp|[from] move: Spore\n|\n|-weather|RainDance|[upkeep]\n|upkeep\n|turn|2\n|\n|t:|1683248876\n|cant|p1b: Barraskewda|slp\n|move|p2a: Dragonite|Dragon Dance|p2a: Dragonite\n|-boost|p2a: Dragonite|atk|1\n|-boost|p2a: Dragonite|spe|1\n|move|p1a: Pelipper|Hurricane|p2b: Amoonguss\n|-supereffective|p2b: Amoonguss\n|-crit|p2b: Amoonguss\n|-damage|p2b: Amoonguss|0 fnt\n|faint|p2b: Amoonguss\n|\n|-weather|RainDance|[upkeep]\n|upkeep\n|\n|t:|1683248888\n|switch|p2b: Garganacl|Garganacl, L50, M|100\/100\n|turn|3\n|\n|t:|1683248899\n|-curestatus|p1b: Barraskewda|slp|[msg]\n|move|p1b: Barraskewda|Liquidation|p2b: Garganacl\n|-supereffective|p2b: Garganacl\n|-damage|p2b: Garganacl|19\/100\n|-unboost|p2b: Garganacl|def|1\n|move|p2a: Dragonite|Dragon Dance|p2a: Dragonite\n|-boost|p2a: Dragonite|atk|1\n|-boost|p2a: Dragonite|spe|1\n|move|p1a: Pelipper|Hurricane|p2a: Dragonite\n|-activate|p2a: Dragonite|move: Substitute|[damage]\n|move|p2b: Garganacl|Salt Cure|p1b: Barraskewda\n|-damage|p1b: Barraskewda|61\/100\n|-start|p1b: Barraskewda|Salt Cure\n|\n|-weather|RainDance|[upkeep]\n|-heal|p2b: Garganacl|25\/100|[from] item: Leftovers\n|-damage|p1b: Barraskewda|36\/100|[from] Salt Cure\n|upkeep\n|turn|4\n|inactive|marioman6444 has 30 seconds left.\n|\n|t:|1683248934\n|-terastallize|p2a: Dragonite|Flying\n|move|p1b: Barraskewda|Liquidation|p2a: Dragonite\n|-end|p2a: Dragonite|Substitute\n|move|p2a: Dragonite|Tera Blast|p1b: Barraskewda\n|-damage|p1b: Barraskewda|0 fnt\n|faint|p1b: Barraskewda\n|move|p1a: Pelipper|Hurricane|p2a: Dragonite\n|-damage|p2a: Dragonite|80\/100\n|move|p2b: Garganacl|Salt Cure|p1a: Pelipper\n|-supereffective|p1a: Pelipper\n|-damage|p1a: Pelipper|78\/100\n|-start|p1a: Pelipper|Salt Cure\n|\n|-weather|RainDance|[upkeep]\n|-heal|p2b: Garganacl|31\/100|[from] item: Leftovers\n|-damage|p1a: Pelipper|53\/100|[from] Salt Cure\n|upkeep\n|\n|t:|1683248951\n|switch|p1b: Palafin|Palafin-Hero, L50, M|100\/100\n|-activate|p1b: Palafin|ability: Zero to Hero\n|turn|5\n|\n|t:|1683248966\n|move|p1b: Palafin|Protect|p1b: Palafin\n|-singleturn|p1b: Palafin|Protect\n|move|p2a: Dragonite|Tera Blast|p1a: Pelipper\n|-damage|p1a: Pelipper|0 fnt\n|faint|p1a: Pelipper\n|move|p2b: Garganacl|Salt Cure|p1b: Palafin\n|-activate|p1b: Palafin|move: Protect\n|\n|-weather|RainDance|[upkeep]\n|-heal|p2b: Garganacl|36\/100|[from] item: Leftovers\n|upkeep\n|\n|t:|1683248976\n|switch|p1a: Gholdengo|Gholdengo, L50|100\/100\n|turn|6\n|\n|t:|1683248990\n|move|p2b: Garganacl|Wide Guard|p2b: Garganacl\n|-singleturn|p2b: Garganacl|Wide Guard\n|move|p2a: Dragonite|Tera Blast|p1b: Palafin\n|-damage|p1b: Palafin|2\/100\n|move|p1a: Gholdengo|Make It Rain|p2b: Garganacl|[spread] \n|-activate|p2a: Dragonite|move: Wide Guard\n|-activate|p2b: Garganacl|move: Wide Guard\n|move|p1b: Palafin|Wave Crash|p2a: Dragonite\n|-damage|p2a: Dragonite|0 fnt\n|faint|p2a: Dragonite\n|-damage|p1b: Palafin|0 fnt|[from] Recoil\n|faint|p1b: Palafin\n|\n|-weather|RainDance|[upkeep]\n|-heal|p2b: Garganacl|42\/100|[from] item: Leftovers\n|upkeep\n|-message|uoierw' forfeited.\n|\n|win|marioman6444\n|raw|uoierw''s rating: 1137 → 1115<\/strong> (-22 for losing)\n|raw|marioman6444's rating: 1184 → 1206<\/strong> (+22 for winning)\n|l|\u2606uoierw'\n","uploadtime":1683249011,"views":13,"p1id":"uoierw","p2id":"marioman6444","formatid":"gen9vgc2023regulationc","rating":1115,"private":0,"password":""}