{"id":"gen9vgc2023regulationc-1848959100","p1":"Licano089","p2":"tkwime1695","format":"[Gen 9] VGC 2023 Regulation C","log":"|j|\u2606Licano089\n|j|\u2606tkwime1695\n|t:|1682131232\n|gametype|doubles\n|player|p1|Licano089|169|\n|player|p2|tkwime1695|101|\n|teamsize|p1|6\n|teamsize|p2|6\n|gen|9\n|tier|[Gen 9] VGC 2023 Regulation C\n|rule|Species Clause: Limit one of each Pok\u00e9mon\n|rule|Item Clause: Limit one of each item\n|clearpoke\n|poke|p1|Annihilape, L50, F|\n|poke|p1|Maushold-Four, L50|\n|poke|p1|Chi-Yu, L50|\n|poke|p1|Flutter Mane, L50|\n|poke|p1|Iron Bundle, L50|\n|poke|p1|Gholdengo, L50|\n|poke|p2|Amoonguss, L50, F|\n|poke|p2|Ting-Lu, L50|\n|poke|p2|Iron Hands, L50|\n|poke|p2|Arcanine, L50, F|\n|poke|p2|Palafin, L50, M|\n|poke|p2|Flutter Mane, L50|\n|teampreview|4\ntkwime1695 has agreed to open team sheets.\nLicano089 has agreed to open team sheets.\n|c|\u2606Licano089|g1\n|c|\u2606tkwime1695|ok\n|c|\u2606tkwime1695|manda los combates de una\n|c|\u2606Licano089|listo\n|\n|t:|1682131477\n|start\n|switch|p1a: Annihilape|Annihilape, L50, F|100\/100\n|switch|p1b: Maushold|Maushold-Four, L50|100\/100\n|switch|p2a: Palafin|Palafin, L50, M, shiny|100\/100\n|switch|p2b: Flutter Mane|Flutter Mane, L50, shiny|100\/100\n|turn|1\n|\n|t:|1682131513\n|-terastallize|p2b: Flutter Mane|Fairy\n|-terastallize|p1a: Annihilape|Fire\n|move|p2a: Palafin|Jet Punch|p1a: Annihilape\n|-supereffective|p1a: Annihilape\n|-damage|p1a: Annihilape|68\/100\n|move|p2b: Flutter Mane|Dazzling Gleam|p1a: Annihilape|[spread] p1a,p1b\n|-resisted|p1a: Annihilape\n|-damage|p1a: Annihilape|51\/100\n|-damage|p1b: Maushold|43\/100\n|-damage|p2b: Flutter Mane|90\/100|[from] item: Life Orb\n|move|p1b: Maushold|Beat Up|p1a: Annihilape\n|-damage|p1a: Annihilape|49\/100\n|-crit|p1a: Annihilape\n|-damage|p1a: Annihilape|47\/100\n|-damage|p1a: Annihilape|46\/100\n|-damage|p1a: Annihilape|44\/100\n|-hitcount|p1a: Annihilape|4\n|move|p1a: Annihilape|Rage Fist|p2a: Palafin\n|-damage|p2a: Palafin|0 fnt\n|faint|p2a: Palafin\n|\n|-heal|p1a: Annihilape|50\/100|[from] item: Leftovers\n|upkeep\n|\n|t:|1682131539\n|switch|p2a: Iron Hands|Iron Hands, L50|100\/100\n|turn|2\n|\n|t:|1682131545\n|move|p1b: Maushold|Protect|p1b: Maushold\n|-singleturn|p1b: Maushold|Protect\n|move|p1a: Annihilape|Protect|p1a: Annihilape\n|-singleturn|p1a: Annihilape|Protect\n|move|p2a: Iron Hands|Fake Out|p1a: Annihilape\n|-activate|p1a: Annihilape|move: Protect\n|move|p2b: Flutter Mane|Dazzling Gleam|p1b: Maushold|[spread] \n|-activate|p1a: Annihilape|move: Protect\n|-activate|p1b: Maushold|move: Protect\n|\n|-heal|p1a: Annihilape|56\/100|[from] item: Leftovers\n|upkeep\n|turn|3\n|\n|t:|1682131570\n|move|p1b: Maushold|Baby-Doll Eyes|p2a: Iron Hands\n|-fail|p2a: Iron Hands|unboost|[from] item: Clear Amulet|[of] p2a: Iron Hands\n|move|p2b: Flutter Mane|Shadow Ball|p1a: Annihilape\n|-damage|p1a: Annihilape|25\/100\n|-damage|p2b: Flutter Mane|80\/100|[from] item: Life Orb\n|move|p1a: Annihilape|Rage Fist|p2b: Flutter Mane\n|-damage|p2b: Flutter Mane|0 fnt\n|faint|p2b: Flutter Mane\n|-end|p2b: Flutter Mane|Protosynthesis|[silent]\n|move|p2a: Iron Hands|Drain Punch|p1b: Maushold\n|-supereffective|p1b: Maushold\n|-damage|p1b: Maushold|0 fnt\n|faint|p1b: Maushold\n|\n|-heal|p1a: Annihilape|31\/100|[from] item: Leftovers\n|upkeep\n|\n|t:|1682131583\n|switch|p2b: Ting-Lu|Ting-Lu, L50|100\/100\n|switch|p1b: Flutter Mane|Flutter Mane, L50|100\/100\n|-ability|p2b: Ting-Lu|Vessel of Ruin\n|turn|4\n|\n|t:|1682131600\n|move|p2a: Iron Hands|Protect|p2a: Iron Hands\n|-singleturn|p2a: Iron Hands|Protect\n|move|p1b: Flutter Mane|Dazzling Gleam|p2a: Iron Hands|[spread] p2b\n|-activate|p2a: Iron Hands|move: Protect\n|-supereffective|p2b: Ting-Lu\n|-damage|p2b: Ting-Lu|59\/100\n|move|p1a: Annihilape|Drain Punch|p2b: Ting-Lu\n|-supereffective|p2b: Ting-Lu\n|-damage|p2b: Ting-Lu|33\/100\n|-heal|p1a: Annihilape|47\/100|[from] drain|[of] p2b: Ting-Lu\n|move|p2b: Ting-Lu|Fissure|p1b: Flutter Mane\n|-damage|p1b: Flutter Mane|0 fnt\n|faint|p1b: Flutter Mane\n|-end|p1b: Flutter Mane|Protosynthesis|[silent]\n|-ohko\n|\n|-heal|p1a: Annihilape|54\/100|[from] item: Leftovers\n|upkeep\n|\n|t:|1682131615\n|switch|p1b: Iron Bundle|Iron Bundle, L50|100\/100\n|turn|5\n|\n|t:|1682131629\n|move|p1b: Iron Bundle|Icy Wind|p2b: Ting-Lu|[spread] p2a,p2b\n|-supereffective|p2b: Ting-Lu\n|-damage|p2a: Iron Hands|87\/100\n|-damage|p2b: Ting-Lu|16\/100\n|-unboost|p2b: Ting-Lu|spe|1\n|move|p1a: Annihilape|Rage Fist|p2a: Iron Hands\n|-damage|p2a: Iron Hands|0 fnt\n|faint|p2a: Iron Hands\n|-end|p2a: Iron Hands|Quark Drive|[silent]\n|move|p2b: Ting-Lu|Stomping Tantrum|p1a: Annihilape\n|-supereffective|p1a: Annihilape\n|-damage|p1a: Annihilape|2\/100\n|\n|-heal|p1a: Annihilape|8\/100|[from] item: Leftovers\n|upkeep\n|turn|6\n|\n|t:|1682131645\n|move|p1b: Iron Bundle|Freeze-Dry|p2b: Ting-Lu\n|-supereffective|p2b: Ting-Lu\n|-damage|p2b: Ting-Lu|0 fnt\n|faint|p2b: Ting-Lu\n|\n|win|Licano089\n|l|\u2606tkwime1695\n","uploadtime":1682132082,"views":14,"p1id":"licano089","p2id":"tkwime1695","formatid":"gen9vgc2023regulationc","rating":0,"private":0,"password":""}