{"id":"gen9vgc2023regulationc-1856883169","p1":"chc00914","p2":"BapeChiang","format":"[Gen 9] VGC 2023 Regulation C","log":"|j|\u2606chc00914\n|j|\u2606BapeChiang\n|t:|1683122505\n|gametype|doubles\n|player|p1|chc00914|169|1444\n|player|p2|BapeChiang|roark|1495\n|teamsize|p1|6\n|teamsize|p2|6\n|gen|9\n|tier|[Gen 9] VGC 2023 Regulation C\n|rated|\n|rule|Species Clause: Limit one of each Pok\u00e9mon\n|rule|Item Clause: Limit one of each item\n|clearpoke\n|poke|p1|Glimmora, L50, M|\n|poke|p1|Iron Bundle, L50|\n|poke|p1|Dondozo, L50, F|\n|poke|p1|Tatsugiri, L50, F|\n|poke|p1|Chi-Yu, L50|\n|poke|p1|Dragonite, L50, F|\n|poke|p2|Dragapult, L50, M|\n|poke|p2|Rotom-Mow, L50|\n|poke|p2|Scizor, L50, M|\n|poke|p2|Coalossal, L50, M|\n|poke|p2|Bruxish, L50, M|\n|poke|p2|Chien-Pao, L50|\n|teampreview|4\nBapeChiang rejected open team sheets.\n|inactive|Battle timer is ON: inactive players will automatically lose when time's up. (requested by BapeChiang)\n|inactive|chc00914 has 60 seconds left.\n|\n|t:|1683122574\n|start\n|switch|p1a: Dondozo|Dondozo, L50, F|100\/100\n|switch|p1b: Chi-Yu|Chi-Yu, L50|100\/100\n|switch|p2a: Coalossal|Coalossal, L50, M, shiny|100\/100\n|switch|p2b: Bruxish|Bruxish, L50, M|100\/100\n|-ability|p1b: Chi-Yu|Beads of Ruin\n|turn|1\n|inactive|chc00914 has 30 seconds left.\n|inactive|chc00914 has 20 seconds left.\n|inactive|chc00914 has 15 seconds left.\n|\n|t:|1683122616\n|switch|p1b: Tatsugiri|Tatsugiri, L50, F|100\/100\n|-activate|p1b: Tatsugiri|ability: Commander|[of] p1a: Dondozo\n|-boost|p1a: Dondozo|atk|2\n|-boost|p1a: Dondozo|spa|2\n|-boost|p1a: Dondozo|spe|2\n|-boost|p1a: Dondozo|def|2\n|-boost|p1a: Dondozo|spd|2\n|switch|p2a: Rotom|Rotom-Mow, L50, shiny|100\/100\n|move|p2b: Bruxish|Protect|p2b: Bruxish\n|-singleturn|p2b: Bruxish|Protect\n|move|p1a: Dondozo|Earthquake|p2a: Rotom|[spread] \n|-miss|p1a: Dondozo|p1b: Tatsugiri\n|-activate|p2b: Bruxish|move: Protect\n|-immune|p2a: Rotom|[from] ability: Levitate\n|\n|upkeep\n|turn|2\n|\n|t:|1683122640\n|switch|p2b: Chien-Pao|Chien-Pao, L50|100\/100\n|-ability|p2b: Chien-Pao|Sword of Ruin\n|-terastallize|p1a: Dondozo|Grass\n|move|p1a: Dondozo|Wave Crash|p2b: Chien-Pao\n|-enditem|p2b: Chien-Pao|Focus Sash\n|-damage|p2b: Chien-Pao|1\/100\n|-damage|p1a: Dondozo|78\/100|[from] Recoil\n|move|p2a: Rotom|Leaf Storm|p1a: Dondozo\n|-resisted|p1a: Dondozo\n|-damage|p1a: Dondozo|61\/100\n|-unboost|p2a: Rotom|spa|2\n|\n|upkeep\n|turn|3\n|inactive|chc00914 has 30 seconds left.\n|inactive|chc00914 has 20 seconds left.\n|inactive|chc00914 has 15 seconds left.\n|\n|t:|1683122680\n|switch|p2a: Bruxish|Bruxish, L50, M|100\/100\n|move|p2b: Chien-Pao|Ice Spinner|p1a: Dondozo\n|-supereffective|p1a: Dondozo\n|-damage|p1a: Dondozo|23\/100\n|move|p1a: Dondozo|Wave Crash|p2b: Chien-Pao\n|-damage|p2b: Chien-Pao|0 fnt\n|faint|p2b: Chien-Pao\n|-damage|p1a: Dondozo|23\/100|[from] Recoil\n|\n|upkeep\n|\n|t:|1683122690\n|switch|p2b: Coalossal|Coalossal, L50, M, shiny|100\/100\n|turn|4\n|\n|t:|1683122701\n|-terastallize|p2b: Coalossal|Rock\n|move|p2a: Bruxish|Aqua Jet|p2b: Coalossal\n|-supereffective|p2b: Coalossal\n|-damage|p2b: Coalossal|71\/100\n|-ability|p2b: Coalossal|Steam Engine|boost\n|-boost|p2b: Coalossal|spe|6\n|-enditem|p2b: Coalossal|Weakness Policy\n|-boost|p2b: Coalossal|atk|2|[from] item: Weakness Policy\n|-boost|p2b: Coalossal|spa|2|[from] item: Weakness Policy\n|move|p2b: Coalossal|Flare Blitz|p1a: Dondozo\n|-supereffective|p1a: Dondozo\n|-damage|p1a: Dondozo|0 fnt\n|faint|p1a: Dondozo\n|-damage|p2b: Coalossal|62\/100|[from] Recoil\n|\n|upkeep\n|\n|t:|1683122720\n|switch|p1a: Chi-Yu|Chi-Yu, L50|100\/100\n|-ability|p1a: Chi-Yu|Beads of Ruin\n|turn|5\n|\n|t:|1683122730\n|move|p1a: Chi-Yu|Protect|p1a: Chi-Yu\n|-singleturn|p1a: Chi-Yu|Protect\n|move|p2a: Bruxish|Aqua Jet|p1b: Tatsugiri\n|-resisted|p1b: Tatsugiri\n|-damage|p1b: Tatsugiri|91\/100\n|move|p2b: Coalossal|Rock Slide|p1b: Tatsugiri|[spread] p1b\n|-activate|p1a: Chi-Yu|move: Protect\n|-damage|p1b: Tatsugiri|0 fnt\n|faint|p1b: Tatsugiri\n|\n|upkeep\n|\n|t:|1683122742\n|switch|p1b: Iron Bundle|Iron Bundle, L50|100\/100\n|-enditem|p1b: Iron Bundle|Booster Energy\n|-activate|p1b: Iron Bundle|ability: Quark Drive|[fromitem]\n|-start|p1b: Iron Bundle|quarkdrivespe\n|turn|6\n|\n|t:|1683122759\n|move|p2a: Bruxish|Aqua Jet|p1a: Chi-Yu\n|-supereffective|p1a: Chi-Yu\n|-damage|p1a: Chi-Yu|36\/100\n|move|p2b: Coalossal|Rock Slide|p1b: Iron Bundle|[spread] p1a,p1b\n|-supereffective|p1a: Chi-Yu\n|-supereffective|p1b: Iron Bundle\n|-damage|p1a: Chi-Yu|0 fnt\n|-damage|p1b: Iron Bundle|0 fnt\n|faint|p1a: Chi-Yu\n|faint|p1b: Iron Bundle\n|-end|p1b: Iron Bundle|Quark Drive|[silent]\n|\n|win|BapeChiang\n|raw|chc00914's rating: 1444 → 1427<\/strong> (-17 for losing)\n|raw|BapeChiang's rating: 1495 → 1512<\/strong> (+17 for winning)\n|l|\u2606chc00914\n","uploadtime":1683122772,"views":15,"p1id":"chc00914","p2id":"bapechiang","formatid":"gen9vgc2023regulationc","rating":1427,"private":0,"password":""}