{"id":"gen9vgc2023regulationc-1855751284","p1":"Felipe.Miller.V","p2":"STRVW","format":"[Gen 9] VGC 2023 Regulation C","log":"|j|\u2606Felipe.Miller.V\n|j|\u2606STRVW\n|t:|1682979930\n|gametype|doubles\n|player|p1|Felipe.Miller.V|170|1334\n|player|p2|STRVW|102|1345\n|teamsize|p1|6\n|teamsize|p2|6\n|gen|9\n|tier|[Gen 9] VGC 2023 Regulation C\n|rated|\n|rule|Species Clause: Limit one of each Pok\u00e9mon\n|rule|Item Clause: Limit one of each item\n|clearpoke\n|poke|p1|Bruxish, L50, F|\n|poke|p1|Copperajah, L50, M|\n|poke|p1|Sylveon, L50, F|\n|poke|p1|Appletun, L50, M|\n|poke|p1|Heracross, L50, F|\n|poke|p1|Oranguru, L50, M|\n|poke|p2|Abomasnow, L50, F|\n|poke|p2|Iron Bundle, L50|\n|poke|p2|Grimmsnarl, L50, M|\n|poke|p2|Chi-Yu, L50|\n|poke|p2|Baxcalibur, L50, M|\n|poke|p2|Kingambit, L50, M|\n|teampreview|4\n|\n|t:|1682979957\n|start\n|switch|p1a: Bruxish|Bruxish, L50, F|100\/100\n|switch|p1b: Sylveon|Sylveon, L50, F, shiny|100\/100\n|switch|p2a: Grimmsnarl|Grimmsnarl, L50, M|100\/100\n|switch|p2b: Chi-Yu|Chi-Yu, L50|100\/100\n|-ability|p2b: Chi-Yu|Beads of Ruin\n|turn|1\n|\n|t:|1682979975\n|move|p2b: Chi-Yu|Protect|p2b: Chi-Yu\n|-singleturn|p2b: Chi-Yu|Protect\n|move|p1b: Sylveon|Hyper Voice|p2a: Grimmsnarl|[spread] p2a\n|-activate|p2b: Chi-Yu|move: Protect\n|-supereffective|p2a: Grimmsnarl\n|-damage|p2a: Grimmsnarl|0 fnt\n|faint|p2a: Grimmsnarl\n|move|p1a: Bruxish|Trick Room|p1a: Bruxish\n|-fieldstart|move: Trick Room|[of] p1a: Bruxish\n|\n|upkeep\n|\n|t:|1682979985\n|switch|p2a: Kingambit|Kingambit, L50, M|100\/100\n|turn|2\n|\n|t:|1682980001\n|-terastallize|p2b: Chi-Yu|Water\n|move|p1a: Bruxish|Protect|p1a: Bruxish\n|-singleturn|p1a: Bruxish|Protect\n|move|p2a: Kingambit|Iron Head|p1b: Sylveon\n|-supereffective|p1b: Sylveon\n|-damage|p1b: Sylveon|0 fnt\n|faint|p1b: Sylveon\n|move|p2b: Chi-Yu|Nasty Plot|p2b: Chi-Yu\n|-boost|p2b: Chi-Yu|spa|2\n|\n|upkeep\n|\n|t:|1682980011\n|switch|p1b: Appletun|Appletun, L50, M, shiny|100\/100\n|turn|3\n|\n|t:|1682980021\n|move|p1b: Appletun|Apple Acid|p2b: Chi-Yu\n|-supereffective|p2b: Chi-Yu\n|-damage|p2b: Chi-Yu|18\/100\n|-unboost|p2b: Chi-Yu|spd|1\n|move|p2a: Kingambit|Iron Head|p1b: Appletun\n|-damage|p1b: Appletun|57\/100\n|move|p1a: Bruxish|Psychic Fangs|p2b: Chi-Yu\n|-damage|p2b: Chi-Yu|0 fnt\n|faint|p2b: Chi-Yu\n|\n|upkeep\n|\n|t:|1682980031\n|switch|p2b: Baxcalibur|Baxcalibur, L50, M|100\/100\n|turn|4\n|\n|t:|1682980050\n|-terastallize|p1b: Appletun|Poison\n|move|p2b: Baxcalibur|Protect|p2b: Baxcalibur\n|-singleturn|p2b: Baxcalibur|Protect\n|move|p1b: Appletun|Dragon Pulse|p2a: Kingambit\n|-resisted|p2a: Kingambit\n|-damage|p2a: Kingambit|82\/100\n|move|p2a: Kingambit|Iron Head|p1a: Bruxish\n|-resisted|p1a: Bruxish\n|-damage|p1a: Bruxish|71\/100\n|move|p1a: Bruxish|Wave Crash|p2a: Kingambit\n|-damage|p2a: Kingambit|41\/100\n|-damage|p1a: Bruxish|55\/100|[from] Recoil\n|\n|upkeep\n|turn|5\n|\n|t:|1682980072\n|move|p1b: Appletun|Dragon Pulse|p2b: Baxcalibur\n|-supereffective|p2b: Baxcalibur\n|-damage|p2b: Baxcalibur|30\/100\n|move|p2a: Kingambit|Iron Head|p1a: Bruxish\n|-resisted|p1a: Bruxish\n|-damage|p1a: Bruxish|20\/100\n|move|p1a: Bruxish|Psychic Fangs|p2b: Baxcalibur\n|-damage|p2b: Baxcalibur|0 fnt\n|faint|p2b: Baxcalibur\n|\n|-fieldend|move: Trick Room\n|upkeep\n|turn|6\n|\n|t:|1682980091\n|move|p1a: Bruxish|Wave Crash|p2a: Kingambit\n|-damage|p2a: Kingambit|0 fnt\n|faint|p2a: Kingambit\n|-damage|p1a: Bruxish|4\/100|[from] Recoil\n|\n|win|Felipe.Miller.V\n|raw|Felipe.Miller.V's rating: 1334 → 1355<\/strong> (+21 for winning)\n|raw|STRVW's rating: 1345 → 1324<\/strong> (-21 for losing)\n","uploadtime":1682980098,"views":18,"p1id":"felipemillerv","p2id":"strvw","formatid":"gen9vgc2023regulationc","rating":1324,"private":0,"password":""}