{"id":"gen9vgc2023regulationc-1848941462","p1":"Nath555","p2":"SwiftRoy","format":"[Gen 9] VGC 2023 Regulation C","log":"|j|\u2606Nath555\n|j|\u2606SwiftRoy\n|t:|1682128979\n|gametype|doubles\n|player|p1|Nath555|crasherwake|1013\n|player|p2|SwiftRoy|265|1046\n|teamsize|p1|6\n|teamsize|p2|6\n|gen|9\n|tier|[Gen 9] VGC 2023 Regulation C\n|rated|\n|rule|Species Clause: Limit one of each Pok\u00e9mon\n|rule|Item Clause: Limit one of each item\n|clearpoke\n|poke|p1|Amoonguss, L50, M|\n|poke|p1|Flutter Mane, L50|\n|poke|p1|Arcanine, L50, M|\n|poke|p1|Palafin, L50, M|\n|poke|p1|Gyarados, L50, M|\n|poke|p1|Roaring Moon, L50|\n|poke|p2|Flutter Mane, L50|\n|poke|p2|Palafin, L50, F|\n|poke|p2|Ting-Lu, L50|\n|poke|p2|Amoonguss, L50, F|\n|poke|p2|Dondozo, L50, F|\n|poke|p2|Tatsugiri, L50, F|\n|teampreview|4\nNath555 rejected open team sheets.\n|\n|t:|1682129018\n|start\n|switch|p1a: Flutter Mane|Flutter Mane, L50|100\/100\n|switch|p1b: Palafin|Palafin, L50, M|100\/100\n|switch|p2a: Palafin|Palafin, L50, F|100\/100\n|switch|p2b: Amoonguss|Amoonguss, L50, F|100\/100\n|turn|1\n|\n|t:|1682129043\n|detailschange|p1b: Palafin|Palafin-Hero, L50, M\n|switch|p1b: Amoonguss|Amoonguss, L50, M|100\/100\n|-terastallize|p2a: Palafin|Water\n|move|p2b: Amoonguss|Rage Powder|p2b: Amoonguss\n|-singleturn|p2b: Amoonguss|move: Rage Powder\n|move|p1a: Flutter Mane|Thunderbolt|p2b: Amoonguss\n|-resisted|p2b: Amoonguss\n|-damage|p2b: Amoonguss|88\/100\n|move|p2a: Palafin|Wave Crash|p1a: Flutter Mane\n|-enditem|p1a: Flutter Mane|Focus Sash\n|-damage|p1a: Flutter Mane|1\/100\n|-damage|p2a: Palafin|80\/100|[from] Recoil\n|\n|upkeep\n|turn|2\n|\n|t:|1682129079\n|move|p1a: Flutter Mane|Protect|p1a: Flutter Mane\n|-singleturn|p1a: Flutter Mane|Protect\n|move|p2a: Palafin|Protect|p2a: Palafin\n|-singleturn|p2a: Palafin|Protect\n|move|p2b: Amoonguss|Spore|p1a: Flutter Mane\n|-activate|p1a: Flutter Mane|move: Protect\n|move|p1b: Amoonguss|Spore|p2a: Palafin\n|-activate|p2a: Palafin|move: Protect\n|\n|upkeep\n|turn|3\n|\n|t:|1682129131\n|move|p1b: Amoonguss|Rage Powder|p1b: Amoonguss\n|-singleturn|p1b: Amoonguss|move: Rage Powder\n|move|p2a: Palafin|Aqua Jet|p1b: Amoonguss\n|-resisted|p1b: Amoonguss\n|-damage|p1b: Amoonguss|92\/100\n|move|p1a: Flutter Mane|Thunderbolt|p2a: Palafin\n|-supereffective|p2a: Palafin\n|-crit|p2a: Palafin\n|-damage|p2a: Palafin|0 fnt\n|faint|p2a: Palafin\n|move|p2b: Amoonguss|Spore|p1a: Flutter Mane\n|-status|p1a: Flutter Mane|slp|[from] move: Spore\n|\n|upkeep\n|\n|t:|1682129145\n|switch|p2a: Tatsugiri|Tatsugiri, L50, F|100\/100\n|turn|4\n|\n|t:|1682129171\n|cant|p1a: Flutter Mane|slp\n|move|p2a: Tatsugiri|Muddy Water|p1a: Flutter Mane|[spread] p1a,p1b\n|-resisted|p1b: Amoonguss\n|-damage|p1a: Flutter Mane|0 fnt\n|-damage|p1b: Amoonguss|75\/100\n|faint|p1a: Flutter Mane\n|-end|p1a: Flutter Mane|Protosynthesis|[silent]\n|-damage|p2a: Tatsugiri|91\/100|[from] item: Life Orb\n|move|p1b: Amoonguss|Spore|p2b: Amoonguss\n|-immune|p2b: Amoonguss\n|move|p2b: Amoonguss|Pollen Puff|p2a: Tatsugiri\n|-heal|p2a: Tatsugiri|100\/100\n|\n|upkeep\n|\n|t:|1682129185\n|switch|p1a: Palafin|Palafin-Hero, L50, M|100\/100\n|-activate|p1a: Palafin|ability: Zero to Hero\n|turn|5\n|\n|t:|1682129214\n|move|p2b: Amoonguss|Rage Powder|p2b: Amoonguss\n|-singleturn|p2b: Amoonguss|move: Rage Powder\n|move|p1b: Amoonguss|Rage Powder|p1b: Amoonguss\n|-singleturn|p1b: Amoonguss|move: Rage Powder\n|move|p2a: Tatsugiri|Draco Meteor|p1b: Amoonguss\n|-damage|p1b: Amoonguss|7\/100\n|-unboost|p2a: Tatsugiri|spa|2\n|-enditem|p1b: Amoonguss|Sitrus Berry|[eat]\n|-heal|p1b: Amoonguss|32\/100|[from] item: Sitrus Berry\n|-damage|p2a: Tatsugiri|91\/100|[from] item: Life Orb\n|move|p1a: Palafin|Wave Crash|p2b: Amoonguss\n|-resisted|p2b: Amoonguss\n|-damage|p2b: Amoonguss|43\/100\n|-enditem|p2b: Amoonguss|Sitrus Berry|[eat]\n|-heal|p2b: Amoonguss|68\/100|[from] item: Sitrus Berry\n|-damage|p1a: Palafin|85\/100|[from] Recoil\n|\n|upkeep\n|turn|6\n|\n|t:|1682129241\n|switch|p1b: Arcanine|Arcanine, L50, M|100\/100\n|-ability|p1b: Arcanine|Intimidate|boost\n|-unboost|p2a: Tatsugiri|atk|1\n|-unboost|p2b: Amoonguss|atk|1\n|move|p2a: Tatsugiri|Icy Wind|p1b: Arcanine|[spread] p1a,p1b\n|-resisted|p1a: Palafin\n|-resisted|p1b: Arcanine\n|-damage|p1a: Palafin|80\/100\n|-damage|p1b: Arcanine|96\/100\n|-unboost|p1a: Palafin|spe|1\n|-unboost|p1b: Arcanine|spe|1\n|-damage|p2a: Tatsugiri|81\/100|[from] item: Life Orb\n|move|p1a: Palafin|Wave Crash|p2b: Amoonguss\n|-resisted|p2b: Amoonguss\n|-damage|p2b: Amoonguss|23\/100\n|-damage|p1a: Palafin|64\/100|[from] Recoil\n|move|p2b: Amoonguss|Spore|p1a: Palafin\n|-status|p1a: Palafin|slp|[from] move: Spore\n|\n|upkeep\n|turn|7\n|\n|t:|1682129274\n|switch|p2b: Dondozo|Dondozo, L50, F|100\/100\n|-activate|p2a: Tatsugiri|ability: Commander|[of] p2b: Dondozo\n|-boost|p2b: Dondozo|atk|2\n|-boost|p2b: Dondozo|spa|2\n|-boost|p2b: Dondozo|spe|2\n|-boost|p2b: Dondozo|def|2\n|-boost|p2b: Dondozo|spd|2\n|-terastallize|p1b: Arcanine|Normal\n|cant|p1a: Palafin|slp\n|move|p1b: Arcanine|Extreme Speed|p2a: Tatsugiri|[miss]\n|-miss|p1b: Arcanine|p2a: Tatsugiri\n|\n|upkeep\n|turn|8\n|\n|t:|1682129300\n|switch|p1a: Amoonguss|Amoonguss, L50, M|65\/100\n|move|p2b: Dondozo|Liquidation|p1b: Arcanine\n|-damage|p1b: Arcanine|15\/100\n|move|p1b: Arcanine|Will-O-Wisp|p2b: Dondozo\n|-status|p2b: Dondozo|brn\n|\n|-damage|p2b: Dondozo|94\/100 brn|[from] brn\n|upkeep\n|turn|9\n|\n|t:|1682129319\n|move|p1b: Arcanine|Extreme Speed|p2b: Dondozo\n|-damage|p2b: Dondozo|80\/100 brn\n|move|p1a: Amoonguss|Rage Powder|p1a: Amoonguss\n|-singleturn|p1a: Amoonguss|move: Rage Powder\n|move|p2b: Dondozo|Facade|p1a: Amoonguss\n|-damage|p1a: Amoonguss|0 fnt\n|faint|p1a: Amoonguss\n|\n|-damage|p2b: Dondozo|74\/100 brn|[from] brn\n|upkeep\n|c|\u2606SwiftRoy|RAAAAAAAAAAAAAAAAAAAAAAA\n|\n|t:|1682129328\n|switch|p1a: Palafin|Palafin-Hero, L50, M|64\/100 slp\n|turn|10\n|\n|t:|1682129343\n|move|p1b: Arcanine|Extreme Speed|p2b: Dondozo\n|-crit|p2b: Dondozo\n|-damage|p2b: Dondozo|38\/100 brn\n|-curestatus|p1a: Palafin|slp|[msg]\n|move|p1a: Palafin|Wave Crash|p2b: Dondozo\n|-resisted|p2b: Dondozo\n|-damage|p2b: Dondozo|23\/100 brn\n|-damage|p1a: Palafin|58\/100|[from] Recoil\n|move|p2b: Dondozo|Facade|p1a: Palafin\n|-damage|p1a: Palafin|0 fnt\n|faint|p1a: Palafin\n|\n|-damage|p2b: Dondozo|17\/100 brn|[from] brn\n|upkeep\n|turn|11\n|\n|t:|1682129360\n|move|p1b: Arcanine|Extreme Speed|p2b: Dondozo\n|-damage|p2b: Dondozo|3\/100 brn\n|move|p2b: Dondozo|Rest|p2b: Dondozo\n|-status|p2b: Dondozo|slp|[from] move: Rest\n|-heal|p2b: Dondozo|100\/100 slp|[silent]\n|\n|upkeep\n|turn|12\n|-message|Nath555 forfeited.\n|\n|win|SwiftRoy\n|raw|Nath555's rating: 1013 → 1002<\/strong> (-11 for losing)\n|raw|SwiftRoy's rating: 1046 → 1076<\/strong> (+30 for winning)\n|l|\u2606Nath555\n","uploadtime":1682129428,"views":6,"p1id":"nath555","p2id":"swiftroy","formatid":"gen9vgc2023regulationc","rating":1002,"private":0,"password":""}