{"id":"gen9vgc2023regulationc-1854942631","p1":"BumpyBumps","p2":"aquaarmor23","format":"[Gen 9] VGC 2023 Regulation C","log":"|j|\u2606BumpyBumps\n|j|\u2606aquaarmor23\n|t:|1682883307\n|gametype|doubles\n|player|p1|BumpyBumps|wallace|\n|player|p2|aquaarmor23|266|\n|teamsize|p1|6\n|teamsize|p2|6\n|gen|9\n|tier|[Gen 9] VGC 2023 Regulation C\n|rule|Species Clause: Limit one of each Pok\u00e9mon\n|rule|Item Clause: Limit one of each item\n|clearpoke\n|poke|p1|Flutter Mane, L50|\n|poke|p1|Chien-Pao, L50|\n|poke|p1|Ting-Lu, L50|\n|poke|p1|Arcanine, L50, F|\n|poke|p1|Dragonite, L50, F|\n|poke|p1|Amoonguss, L50, F|\n|poke|p2|Lilligant, L50, F|\n|poke|p2|Torkoal, L50, F|\n|poke|p2|Flutter Mane, L50|\n|poke|p2|Iron Hands, L50|\n|poke|p2|Chien-Pao, L50|\n|poke|p2|Great Tusk, L50|\n|teampreview|4\nBumpyBumps rejected open team sheets.\n|\n|t:|1682883355\n|start\n|switch|p1a: Ting-Lu|Ting-Lu, L50|100\/100\n|switch|p1b: Dragonite|Dragonite, L50, F|100\/100\n|switch|p2a: Lilligant|Lilligant, L50, F|100\/100\n|switch|p2b: Iron Hands|Iron Hands, L50|100\/100\n|-ability|p1a: Ting-Lu|Vessel of Ruin\n|-enditem|p2b: Iron Hands|Booster Energy\n|-activate|p2b: Iron Hands|ability: Quark Drive|[fromitem]\n|-start|p2b: Iron Hands|quarkdriveatk\n|turn|1\n|j| awesome10billion\n|\n|t:|1682883389\n|-terastallize|p1b: Dragonite|Normal\n|move|p2a: Lilligant|Protect|p2a: Lilligant\n|-singleturn|p2a: Lilligant|Protect\n|move|p2b: Iron Hands|Fake Out|p1b: Dragonite\n|-damage|p1b: Dragonite|89\/100\n|cant|p1b: Dragonite|flinch\n|move|p1a: Ting-Lu|Stomping Tantrum|p2b: Iron Hands\n|-supereffective|p2b: Iron Hands\n|-damage|p2b: Iron Hands|61\/100\n|\n|upkeep\n|turn|2\n|\n|t:|1682883407\n|move|p2a: Lilligant|Sleep Powder|p1a: Ting-Lu|[miss]\n|-miss|p2a: Lilligant|p1a: Ting-Lu\n|move|p1b: Dragonite|Ice Spinner|p2a: Lilligant\n|-supereffective|p2a: Lilligant\n|-damage|p2a: Lilligant|20\/100\n|move|p2b: Iron Hands|Close Combat|p1b: Dragonite\n|-supereffective|p1b: Dragonite\n|-damage|p1b: Dragonite|0 fnt\n|-unboost|p2b: Iron Hands|def|1\n|-unboost|p2b: Iron Hands|spd|1\n|faint|p1b: Dragonite\n|move|p1a: Ting-Lu|Stomping Tantrum|p2b: Iron Hands\n|-supereffective|p2b: Iron Hands\n|-damage|p2b: Iron Hands|0 fnt\n|faint|p2b: Iron Hands\n|-end|p2b: Iron Hands|Quark Drive|[silent]\n|\n|upkeep\n|\n|t:|1682883429\n|switch|p1b: Chien-Pao|Chien-Pao, L50|100\/100\n|switch|p2b: Torkoal|Torkoal, L50, F|100\/100\n|-ability|p1b: Chien-Pao|Sword of Ruin\n|-weather|SunnyDay|[from] ability: Drought|[of] p2b: Torkoal\n|turn|3\n|\n|t:|1682883440\n|move|p1b: Chien-Pao|Protect|p1b: Chien-Pao\n|-singleturn|p1b: Chien-Pao|Protect\n|move|p2b: Torkoal|Protect|p2b: Torkoal\n|-singleturn|p2b: Torkoal|Protect\n|move|p2a: Lilligant|Sleep Powder|p1b: Chien-Pao\n|-activate|p1b: Chien-Pao|move: Protect\n|move|p1a: Ting-Lu|Fissure|p2b: Torkoal\n|-activate|p2b: Torkoal|move: Protect\n|\n|-weather|SunnyDay|[upkeep]\n|upkeep\n|turn|4\n|\n|t:|1682883465\n|move|p2a: Lilligant|Sleep Powder|p1b: Chien-Pao\n|-status|p1b: Chien-Pao|slp|[from] move: Sleep Powder\n|cant|p1b: Chien-Pao|slp\n|move|p1a: Ting-Lu|Stomping Tantrum|p2b: Torkoal\n|-supereffective|p2b: Torkoal\n|-damage|p2b: Torkoal|29\/100\n|move|p2b: Torkoal|Eruption|p1b: Chien-Pao|[spread] p1a,p1b\n|-supereffective|p1b: Chien-Pao\n|-damage|p1a: Ting-Lu|93\/100\n|-damage|p1b: Chien-Pao|53\/100 slp\n|\n|-weather|SunnyDay|[upkeep]\n|upkeep\n|turn|5\n|\n|t:|1682883488\n|switch|p2b: Great Tusk|Great Tusk, L50|100\/100\n|-activate|p2b: Great Tusk|ability: Protosynthesis\n|-start|p2b: Great Tusk|protosynthesisatk\n|-curestatus|p1b: Chien-Pao|slp|[msg]\n|move|p1b: Chien-Pao|Protect|p1b: Chien-Pao\n|-singleturn|p1b: Chien-Pao|Protect\n|move|p2a: Lilligant|Sleep Powder|p1a: Ting-Lu\n|-status|p1a: Ting-Lu|slp|[from] move: Sleep Powder\n|cant|p1a: Ting-Lu|slp\n|\n|-weather|SunnyDay|[upkeep]\n|upkeep\n|turn|6\n|\n|t:|1682883530\n|switch|p1b: Arcanine|Arcanine, L50, F|100\/100\n|-ability|p1b: Arcanine|Intimidate|boost\n|-unboost|p2a: Lilligant|atk|1\n|-unboost|p2b: Great Tusk|atk|1\n|move|p2a: Lilligant|Sleep Powder|p1b: Arcanine\n|-activate|p1b: Arcanine|item: Safety Goggles|Sleep Powder\n|move|p2b: Great Tusk|Close Combat|p1a: Ting-Lu\n|-supereffective|p1a: Ting-Lu\n|-damage|p1a: Ting-Lu|22\/100 slp\n|-unboost|p2b: Great Tusk|def|1\n|-unboost|p2b: Great Tusk|spd|1\n|cant|p1a: Ting-Lu|slp\n|\n|-weather|SunnyDay|[upkeep]\n|upkeep\n|turn|7\n|\n|t:|1682883579\n|move|p2a: Lilligant|Protect|p2a: Lilligant\n|-singleturn|p2a: Lilligant|Protect\n|move|p1b: Arcanine|Flare Blitz|p2a: Lilligant\n|-activate|p2a: Lilligant|move: Protect\n|move|p2b: Great Tusk|Close Combat|p1a: Ting-Lu\n|-supereffective|p1a: Ting-Lu\n|-damage|p1a: Ting-Lu|0 fnt\n|-unboost|p2b: Great Tusk|def|1\n|-unboost|p2b: Great Tusk|spd|1\n|faint|p1a: Ting-Lu\n|\n|-weather|SunnyDay|[upkeep]\n|upkeep\n|\n|t:|1682883587\n|switch|p1a: Chien-Pao|Chien-Pao, L50|53\/100\n|-ability|p1a: Chien-Pao|Sword of Ruin\n|turn|8\n|\n|t:|1682883605\n|move|p1a: Chien-Pao|Protect|p1a: Chien-Pao\n|-singleturn|p1a: Chien-Pao|Protect\n|move|p2a: Lilligant|Sleep Powder|p1a: Chien-Pao\n|-activate|p1a: Chien-Pao|move: Protect\n|move|p1b: Arcanine|Flare Blitz|p2a: Lilligant\n|-supereffective|p2a: Lilligant\n|-damage|p2a: Lilligant|0 fnt\n|faint|p2a: Lilligant\n|-damage|p1b: Arcanine|94\/100|[from] Recoil\n|move|p2b: Great Tusk|Close Combat|p1a: Chien-Pao\n|-activate|p1a: Chien-Pao|move: Protect\n|\n|-weather|SunnyDay|[upkeep]\n|upkeep\n|\n|t:|1682883620\n|switch|p2a: Torkoal|Torkoal, L50, F|29\/100\n|turn|9\n|\n|t:|1682883645\n|move|p1a: Chien-Pao|Sucker Punch|p2a: Torkoal\n|-damage|p2a: Torkoal|0 fnt\n|faint|p2a: Torkoal\n|move|p1b: Arcanine|Will-O-Wisp|p2b: Great Tusk\n|-status|p2b: Great Tusk|brn\n|move|p2b: Great Tusk|Close Combat|p1a: Chien-Pao\n|-supereffective|p1a: Chien-Pao\n|-damage|p1a: Chien-Pao|0 fnt\n|-unboost|p2b: Great Tusk|def|1\n|-unboost|p2b: Great Tusk|spd|1\n|faint|p1a: Chien-Pao\n|\n|-weather|SunnyDay|[upkeep]\n|-damage|p2b: Great Tusk|95\/100 brn|[from] brn\n|upkeep\n|turn|10\n|\n|t:|1682883663\n|-terastallize|p2b: Great Tusk|Ground\n|move|p1b: Arcanine|Protect|p1b: Arcanine\n|-singleturn|p1b: Arcanine|Protect\n|move|p2b: Great Tusk|Headlong Rush|p1b: Arcanine\n|-activate|p1b: Arcanine|move: Protect\n|\n|-weather|none\n|-end|p2b: Great Tusk|Protosynthesis\n|-damage|p2b: Great Tusk|89\/100 brn|[from] brn\n|upkeep\n|turn|11\n|\n|t:|1682883675\n|move|p1b: Arcanine|Flare Blitz|p2b: Great Tusk\n|-damage|p2b: Great Tusk|3\/100 brn\n|-damage|p1b: Arcanine|62\/100|[from] Recoil\n|move|p2b: Great Tusk|Headlong Rush|p1b: Arcanine\n|-supereffective|p1b: Arcanine\n|-damage|p1b: Arcanine|0 fnt\n|-unboost|p2b: Great Tusk|def|1\n|-unboost|p2b: Great Tusk|spd|1\n|faint|p1b: Arcanine\n|\n|win|aquaarmor23\n|c|\u2606BumpyBumps|no way\n","uploadtime":1682883691,"views":8,"p1id":"bumpybumps","p2id":"aquaarmor23","formatid":"gen9vgc2023regulationc","rating":0,"private":0,"password":""}