{"id":"gen9vgc2023regulationc-1860637361","p1":"Stowlas","p2":"duderob92","format":"[Gen 9] VGC 2023 Regulation C","log":"|j|\u2606Stowlas\n|j|\u2606duderob92\n|t:|1683661353\n|gametype|doubles\n|player|p1|Stowlas|giovanni|\n|player|p2|duderob92|alder|\n|teamsize|p1|6\n|teamsize|p2|6\n|gen|9\n|tier|[Gen 9] VGC 2023 Regulation C\n|rule|Species Clause: Limit one of each Pok\u00e9mon\n|rule|Item Clause: Limit one of each item\n|clearpoke\n|poke|p1|Orthworm, L50, M|\n|poke|p1|Tinkaton, L50, F|\n|poke|p1|Frosmoth, L50, M|\n|poke|p1|Amoonguss, L50, M|\n|poke|p1|Tauros-Paldea-Aqua, L50, M|\n|poke|p1|Dragalge, L50, F|\n|poke|p2|Palafin, L50, F|\n|poke|p2|Ting-Lu, L50|\n|poke|p2|Roaring Moon, L50|\n|poke|p2|Abomasnow, L50, M|\n|poke|p2|Tsareena, L50, F|\n|poke|p2|Talonflame, L50, F|\n|teampreview|4\n|j| Quikwix\n|c| Quikwix|gl gents\n|j| Tomatosaurs\n|j| S4mm3h\nStowlas rejected open team sheets.\n|\n|t:|1683661660\n|start\n|switch|p1a: Orthworm|Orthworm, L50, M, shiny|100\/100\n|switch|p1b: Tinkaton|Tinkaton, L50, F, shiny|100\/100\n|switch|p2a: Palafin|Palafin, L50, F, shiny|100\/100\n|switch|p2b: Ting-Lu|Ting-Lu, L50|100\/100\n|-ability|p1b: Tinkaton|Mold Breaker\n|-ability|p2b: Ting-Lu|Vessel of Ruin\n|turn|1\n|\n|t:|1683661818\n|move|p1b: Tinkaton|Fake Out|p2b: Ting-Lu\n|-damage|p2b: Ting-Lu|94\/100\n|move|p2a: Palafin|Flip Turn|p1a: Orthworm\n|-damage|p1a: Orthworm|78\/100\n|\n|t:|1683661825\n|detailschange|p2a: Palafin|Palafin-Hero, L50, F, shiny\n|switch|p2a: Talonflame|Talonflame, L50, F, shiny|100\/100|[from] Flip Turn\n|move|p1a: Orthworm|Shed Tail|p1a: Orthworm\n|-start|p1a: Orthworm|Substitute|[from] move: Shed Tail\n|-damage|p1a: Orthworm|28\/100\n|-enditem|p1a: Orthworm|Sitrus Berry|[eat]\n|-heal|p1a: Orthworm|53\/100|[from] item: Sitrus Berry\n|\n|t:|1683661834\n|switch|p1a: Tauros|Tauros-Paldea-Aqua, L50, M|100\/100|[from] Shed Tail\n|-ability|p1a: Tauros|Intimidate|boost\n|-unboost|p2a: Talonflame|atk|1\n|-unboost|p2b: Ting-Lu|atk|1\n|cant|p2b: Ting-Lu|flinch\n|\n|-heal|p2b: Ting-Lu|99\/100|[from] item: Leftovers\n|upkeep\n|turn|2\n|\n|t:|1683661946\n|move|p1a: Tauros|Rock Slide|p2a: Talonflame|[spread] p2b\n|-miss|p1a: Tauros|p2a: Talonflame\n|-resisted|p2b: Ting-Lu\n|-damage|p2b: Ting-Lu|94\/100\n|move|p2a: Talonflame|Flamethrower|p1b: Tinkaton\n|-supereffective|p1b: Tinkaton\n|-damage|p1b: Tinkaton|81\/100\n|move|p1b: Tinkaton|Play Rough|p2b: Ting-Lu|[miss]\n|-miss|p1b: Tinkaton|p2b: Ting-Lu\n|move|p2b: Ting-Lu|Stealth Rock|p1b: Tinkaton\n|-sidestart|p1: Stowlas|move: Stealth Rock\n|\n|-heal|p2b: Ting-Lu|99\/100|[from] item: Leftovers\n|upkeep\n|turn|3\n|\n|t:|1683661970\n|move|p2b: Ting-Lu|Protect|p2b: Ting-Lu\n|-singleturn|p2b: Ting-Lu|Protect\n|move|p1a: Tauros|Rock Slide|p2a: Talonflame|[spread] \n|-activate|p2b: Ting-Lu|move: Protect\n|-miss|p1a: Tauros|p2a: Talonflame\n|move|p2a: Talonflame|Will-O-Wisp|p1b: Tinkaton\n|-status|p1b: Tinkaton|brn\n|move|p1b: Tinkaton|Knock Off|p2b: Ting-Lu\n|-activate|p2b: Ting-Lu|move: Protect\n|\n|-heal|p2b: Ting-Lu|100\/100|[from] item: Leftovers\n|-damage|p1b: Tinkaton|74\/100 brn|[from] brn\n|upkeep\n|turn|4\n|\n|t:|1683662019\n|switch|p2a: Abomasnow|Abomasnow, L50, M|100\/100\n|-weather|Snow|[from] ability: Snow Warning|[of] p2a: Abomasnow\n|move|p1a: Tauros|Rock Slide|p2b: Ting-Lu|[spread] p2a,p2b\n|-supereffective|p2a: Abomasnow\n|-resisted|p2b: Ting-Lu\n|-damage|p2a: Abomasnow|70\/100\n|-damage|p2b: Ting-Lu|95\/100\n|move|p1b: Tinkaton|Knock Off|p2b: Ting-Lu\n|-resisted|p2b: Ting-Lu\n|-damage|p2b: Ting-Lu|91\/100\n|-enditem|p2b: Ting-Lu|Leftovers|[from] move: Knock Off|[of] p1b: Tinkaton\n|cant|p2b: Ting-Lu|flinch\n|\n|-weather|Snow|[upkeep]\n|-damage|p1b: Tinkaton|68\/100 brn|[from] brn\n|upkeep\n|turn|5\n|\n|t:|1683662113\n|move|p1a: Tauros|Rock Slide|p2b: Ting-Lu|[spread] p2a,p2b\n|-supereffective|p2a: Abomasnow\n|-resisted|p2b: Ting-Lu\n|-damage|p2a: Abomasnow|37\/100\n|-damage|p2b: Ting-Lu|85\/100\n|move|p1b: Tinkaton|Knock Off|p2a: Abomasnow\n|-damage|p2a: Abomasnow|27\/100\n|-enditem|p2a: Abomasnow|Icy Rock|[from] move: Knock Off|[of] p1b: Tinkaton\n|move|p2a: Abomasnow|Leaf Storm|p1a: Tauros\n|-supereffective|p1a: Tauros\n|-end|p1a: Tauros|Substitute\n|-unboost|p2a: Abomasnow|spa|2\n|move|p2b: Ting-Lu|Stomping Tantrum|p1b: Tinkaton\n|-supereffective|p1b: Tinkaton\n|-damage|p1b: Tinkaton|0 fnt\n|faint|p1b: Tinkaton\n|\n|-weather|Snow|[upkeep]\n|upkeep\n|\n|t:|1683662146\n|switch|p1b: Orthworm|Orthworm, L50, M, shiny|53\/100\n|-damage|p1b: Orthworm|47\/100|[from] Stealth Rock\n|turn|6\n|\n|t:|1683662232\n|move|p2b: Ting-Lu|Protect|p2b: Ting-Lu\n|-singleturn|p2b: Ting-Lu|Protect\n|move|p1a: Tauros|Rock Slide|p2a: Abomasnow|[spread] p2a\n|-activate|p2b: Ting-Lu|move: Protect\n|-supereffective|p2a: Abomasnow\n|-damage|p2a: Abomasnow|0 fnt\n|faint|p2a: Abomasnow\n|move|p1b: Orthworm|Iron Defense|p1b: Orthworm\n|-boost|p1b: Orthworm|def|2\n|\n|-weather|Snow|[upkeep]\n|upkeep\n|\n|t:|1683662275\n|switch|p2a: Talonflame|Talonflame, L50, F, shiny|100\/100\n|turn|7\n|\n|t:|1683662290\n|move|p1a: Tauros|Rock Slide|p2a: Talonflame|[spread] p2a,p2b\n|-supereffective|p2a: Talonflame\n|-resisted|p2b: Ting-Lu\n|-damage|p2a: Talonflame|25\/100\n|-damage|p2b: Ting-Lu|79\/100\n|move|p2a: Talonflame|Air Slash|p1a: Tauros\n|-supereffective|p1a: Tauros\n|-damage|p1a: Tauros|61\/100\n|move|p1b: Orthworm|Body Press|p2b: Ting-Lu\n|-supereffective|p2b: Ting-Lu\n|-damage|p2b: Ting-Lu|18\/100\n|move|p2b: Ting-Lu|Stomping Tantrum|p1b: Orthworm\n|-heal|p1b: Orthworm|72\/100|[from] ability: Earth Eater|[of] p2b: Ting-Lu\n|\n|-weather|Snow|[upkeep]\n|upkeep\n|turn|8\n|\n|t:|1683662332\n|move|p2b: Ting-Lu|Protect|p2b: Ting-Lu\n|-singleturn|p2b: Ting-Lu|Protect\n|move|p1a: Tauros|Rock Slide|p2a: Talonflame|[spread] p2a\n|-activate|p2b: Ting-Lu|move: Protect\n|-supereffective|p2a: Talonflame\n|-damage|p2a: Talonflame|0 fnt\n|faint|p2a: Talonflame\n|move|p1b: Orthworm|Shed Tail|p1b: Orthworm\n|-start|p1b: Orthworm|Substitute|[from] move: Shed Tail\n|-damage|p1b: Orthworm|21\/100\n|\n|t:|1683662343\n|switch|p1b: Frosmoth|Frosmoth, L50, M|100\/100|[from] Shed Tail\n|-damage|p1b: Frosmoth|51\/100|[from] Stealth Rock\n|\n|-weather|Snow|[upkeep]\n|-heal|p1b: Frosmoth|57\/100|[from] item: Leftovers\n|upkeep\n|\n|t:|1683662350\n|switch|p2a: Palafin|Palafin-Hero, L50, F, shiny|100\/100\n|-activate|p2a: Palafin|ability: Zero to Hero\n|turn|9\n|\n|t:|1683662433\n|switch|p1a: Orthworm|Orthworm, L50, M, shiny|21\/100\n|-damage|p1a: Orthworm|15\/100|[from] Stealth Rock\n|-terastallize|p2a: Palafin|Water\n|move|p1b: Frosmoth|Protect|p1b: Frosmoth\n|-singleturn|p1b: Frosmoth|Protect\n|move|p2a: Palafin|Jet Punch|p1a: Orthworm\n|-damage|p1a: Orthworm|0 fnt\n|faint|p1a: Orthworm\n|move|p2b: Ting-Lu|Stomping Tantrum|p1b: Frosmoth\n|-activate|p1b: Frosmoth|move: Protect\n|\n|-weather|Snow|[upkeep]\n|-heal|p1b: Frosmoth|63\/100|[from] item: Leftovers\n|upkeep\n|\n|t:|1683662446\n|switch|p1a: Tauros|Tauros-Paldea-Aqua, L50, M|61\/100\n|-damage|p1a: Tauros|55\/100|[from] Stealth Rock\n|-ability|p1a: Tauros|Intimidate|boost\n|-unboost|p2a: Palafin|atk|1\n|-unboost|p2b: Ting-Lu|atk|1\n|turn|10\n|\n|t:|1683662474\n|move|p2b: Ting-Lu|Protect|p2b: Ting-Lu\n|-singleturn|p2b: Ting-Lu|Protect\n|move|p2a: Palafin|Jet Punch|p1a: Tauros\n|-resisted|p1a: Tauros\n|-damage|p1a: Tauros|31\/100\n|move|p1a: Tauros|Close Combat|p2a: Palafin\n|-damage|p2a: Palafin|42\/100\n|-unboost|p1a: Tauros|def|1\n|-unboost|p1a: Tauros|spd|1\n|move|p1b: Frosmoth|Quiver Dance|p1b: Frosmoth\n|-boost|p1b: Frosmoth|spa|1\n|-boost|p1b: Frosmoth|spd|1\n|-boost|p1b: Frosmoth|spe|1\n|\n|-weather|Snow|[upkeep]\n|-heal|p1b: Frosmoth|69\/100|[from] item: Leftovers\n|upkeep\n|turn|11\n|\n|t:|1683662495\n|move|p2a: Palafin|Jet Punch|p1a: Tauros\n|-resisted|p1a: Tauros\n|-damage|p1a: Tauros|0 fnt\n|faint|p1a: Tauros\n|move|p1b: Frosmoth|Giga Drain|p2b: Ting-Lu\n|-supereffective|p2b: Ting-Lu\n|-damage|p2b: Ting-Lu|0 fnt\n|-heal|p1b: Frosmoth|82\/100|[from] drain|[of] p2b: Ting-Lu\n|faint|p2b: Ting-Lu\n|\n|-weather|none\n|-heal|p1b: Frosmoth|88\/100|[from] item: Leftovers\n|upkeep\n|turn|12\n|\n|t:|1683662514\n|move|p2a: Palafin|Jet Punch|p1b: Frosmoth\n|-end|p1b: Frosmoth|Substitute\n|move|p1b: Frosmoth|Giga Drain|p2a: Palafin\n|-supereffective|p2a: Palafin\n|-damage|p2a: Palafin|0 fnt\n|-heal|p1b: Frosmoth|100\/100|[from] drain|[of] p2a: Palafin\n|faint|p2a: Palafin\n|\n|win|Stowlas\n","uploadtime":1683662581,"views":15,"p1id":"stowlas","p2id":"duderob92","formatid":"gen9vgc2023regulationc","rating":0,"private":0,"password":""}