{"id":"gen9vgc2023regulationc-1850275478","p1":"megaprawn","p2":"bigemilywangfan69","format":"[Gen 9] VGC 2023 Regulation C","log":"|j|\u2606megaprawn\n|j|\u2606bigemilywangfan69\n|t:|1682309475\n|gametype|doubles\n|player|p1|megaprawn|brycen|1233\n|player|p2|bigemilywangfan69|2|1324\n|teamsize|p1|6\n|teamsize|p2|6\n|gen|9\n|tier|[Gen 9] VGC 2023 Regulation C\n|rated|\n|rule|Species Clause: Limit one of each Pok\u00e9mon\n|rule|Item Clause: Limit one of each item\n|clearpoke\n|poke|p1|Armarouge, L50, M|\n|poke|p1|Great Tusk, L50|\n|poke|p1|Talonflame, L50, M|\n|poke|p1|Indeedee-F, L50, F|\n|poke|p1|Gyarados, L50, F|\n|poke|p1|Flutter Mane, L50|\n|poke|p2|Wo-Chien, L50|\n|poke|p2|Flutter Mane, L50|\n|poke|p2|Armarouge, L50, M|\n|poke|p2|Indeedee-F, L50, F|\n|poke|p2|Gyarados, L50, M|\n|poke|p2|Kingambit, L50, F|\n|teampreview|4\nmegaprawn has agreed to open team sheets.\nbigemilywangfan69 has agreed to open team sheets.\n|inactive|Battle timer is ON: inactive players will automatically lose when time's up. (requested by bigemilywangfan69)\n|inactive|megaprawn has 60 seconds left.\n|\n|t:|1682309589\n|start\n|switch|p1a: Gyarados|Gyarados, L50, F, shiny|100\/100\n|switch|p1b: Armarouge|Armarouge, L50, M|100\/100\n|switch|p2a: Armarouge|Armarouge, L50, M|100\/100\n|switch|p2b: Indeedee|Indeedee-F, L50, F|100\/100\n|-ability|p1a: Gyarados|Intimidate|boost\n|-unboost|p2a: Armarouge|atk|1\n|-unboost|p2b: Indeedee|atk|1\n|-fieldstart|move: Psychic Terrain|[from] ability: Psychic Surge|[of] p2b: Indeedee\n|-enditem|p1a: Gyarados|Psychic Seed\n|-boost|p1a: Gyarados|spd|1|[from] item: Psychic Seed\n|-enditem|p2b: Indeedee|Psychic Seed\n|-boost|p2b: Indeedee|spd|1|[from] item: Psychic Seed\n|turn|1\n|\n|t:|1682309609\n|-terastallize|p1b: Armarouge|Psychic\n|-terastallize|p2a: Armarouge|Grass\n|move|p1b: Armarouge|Expanding Force|p2a: Armarouge|[spread] p2a,p2b\n|-resisted|p2b: Indeedee\n|-damage|p2a: Armarouge|22\/100\n|-damage|p2b: Indeedee|80\/100\n|move|p1a: Gyarados|Taunt|p2a: Armarouge\n|-start|p2a: Armarouge|move: Taunt\n|cant|p2a: Armarouge|move: Taunt|Calm Mind\n|move|p2b: Indeedee|Trick Room|p2b: Indeedee\n|-fieldstart|move: Trick Room|[of] p2b: Indeedee\n|\n|upkeep\n|turn|2\n|inactive|bigemilywangfan69 has 30 seconds left.\n|\n|t:|1682309635\n|move|p2b: Indeedee|Helping Hand|p2a: Armarouge\n|-singleturn|p2a: Armarouge|Helping Hand|[of] p2b: Indeedee\n|move|p2a: Armarouge|Expanding Force|p1b: Armarouge|[spread] p1a,p1b\n|-resisted|p1b: Armarouge\n|-damage|p1a: Gyarados|53\/100\n|-damage|p1b: Armarouge|32\/100\n|-damage|p2a: Armarouge|12\/100|[from] item: Life Orb\n|move|p1a: Gyarados|Taunt|p2b: Indeedee\n|-start|p2b: Indeedee|move: Taunt\n|move|p1b: Armarouge|Expanding Force|p2b: Indeedee|[spread] p2a,p2b\n|-resisted|p2b: Indeedee\n|-damage|p2a: Armarouge|0 fnt\n|-damage|p2b: Indeedee|58\/100\n|faint|p2a: Armarouge\n|\n|upkeep\n|\n|t:|1682309649\n|switch|p2a: Gyarados|Gyarados, L50, M|100\/100\n|-ability|p2a: Gyarados|Intimidate|boost\n|-unboost|p1a: Gyarados|atk|1\n|-unboost|p1b: Armarouge|atk|1\n|turn|3\n|\n|t:|1682309665\n|switch|p1b: Flutter Mane|Flutter Mane, L50|100\/100\n|move|p2b: Indeedee|Dazzling Gleam|p1a: Gyarados|[spread] p1a,p1b\n|-damage|p1a: Gyarados|47\/100\n|-damage|p1b: Flutter Mane|86\/100\n|move|p2a: Gyarados|Waterfall|p1b: Flutter Mane\n|-damage|p1b: Flutter Mane|8\/100\n|move|p1a: Gyarados|Thunder Wave|p2a: Gyarados\n|-status|p2a: Gyarados|par\n|\n|upkeep\n|turn|4\n|\n|t:|1682309687\n|move|p1a: Gyarados|Protect|p1a: Gyarados\n|-singleturn|p1a: Gyarados|Protect\n|move|p2a: Gyarados|Waterfall|p1b: Flutter Mane\n|-damage|p1b: Flutter Mane|0 fnt\n|faint|p1b: Flutter Mane\n|-end|p1b: Flutter Mane|Protosynthesis|[silent]\n|move|p2b: Indeedee|Dazzling Gleam|p1a: Gyarados\n|-activate|p1a: Gyarados|move: Protect\n|\n|upkeep\n|\n|t:|1682309693\n|switch|p1b: Armarouge|Armarouge, L50, M, tera:Psychic|32\/100\n|turn|5\n|\n|t:|1682309699\n|switch|p1a: Great Tusk|Great Tusk, L50|100\/100\n|move|p1b: Armarouge|Endure|p1b: Armarouge\n|-singleturn|p1b: Armarouge|move: Endure\n|move|p2a: Gyarados|Waterfall|p1b: Armarouge\n|-activate|p1b: Armarouge|move: Endure\n|-damage|p1b: Armarouge|1\/100\n|-ability|p1b: Armarouge|Weak Armor|boost\n|-unboost|p1b: Armarouge|def|1\n|-boost|p1b: Armarouge|spe|2\n|move|p2b: Indeedee|Dazzling Gleam|p1b: Armarouge|[spread] p1a,p1b\n|-supereffective|p1a: Great Tusk\n|-damage|p1a: Great Tusk|60\/100\n|-activate|p1b: Armarouge|move: Endure\n|-damage|p1b: Armarouge|1\/100\n|\n|-end|p2b: Indeedee|move: Taunt\n|-fieldend|move: Trick Room\n|-fieldend|move: Psychic Terrain\n|upkeep\n|turn|6\n|\n|t:|1682309724\n|cant|p2a: Gyarados|par\n|move|p1b: Armarouge|Expanding Force|p2a: Gyarados\n|-damage|p2a: Gyarados|42\/100 par\n|-enditem|p2a: Gyarados|Sitrus Berry|[eat]\n|-heal|p2a: Gyarados|67\/100 par|[from] item: Sitrus Berry\n|move|p1a: Great Tusk|Rock Slide|p2a: Gyarados|[spread] p2a,p2b\n|-supereffective|p2a: Gyarados\n|-damage|p2a: Gyarados|29\/100 par\n|-damage|p2b: Indeedee|29\/100\n|move|p2b: Indeedee|Dazzling Gleam|p1b: Armarouge|[spread] p1a,p1b\n|-supereffective|p1a: Great Tusk\n|-damage|p1a: Great Tusk|22\/100\n|-damage|p1b: Armarouge|0 fnt\n|faint|p1b: Armarouge\n|\n|upkeep\n|\n|t:|1682309734\n|switch|p1b: Gyarados|Gyarados, L50, F, shiny|47\/100\n|-ability|p1b: Gyarados|Intimidate|boost\n|-unboost|p2a: Gyarados|atk|1\n|-unboost|p2b: Indeedee|atk|1\n|turn|7\n|\n|t:|1682309744\n|move|p1a: Great Tusk|Rock Slide|p2a: Gyarados|[spread] p2a,p2b\n|-supereffective|p2a: Gyarados\n|-damage|p2a: Gyarados|0 fnt\n|-damage|p2b: Indeedee|0 fnt\n|faint|p2a: Gyarados\n|faint|p2b: Indeedee\n|move|p1b: Gyarados|Waterfall|p2: Gyarados|[notarget]\n|-fail|p1b: Gyarados\n|\n|upkeep\n|\n|t:|1682309753\n|switch|p2a: Kingambit|Kingambit, L50, F|100\/100\n|turn|8\n|\n|t:|1682309766\n|move|p2a: Kingambit|Sucker Punch|p1a: Great Tusk\n|-resisted|p1a: Great Tusk\n|-damage|p1a: Great Tusk|6\/100\n|move|p1a: Great Tusk|Rock Slide|p2a: Kingambit\n|-resisted|p2a: Kingambit\n|-damage|p2a: Kingambit|89\/100\n|move|p1b: Gyarados|Thunder Wave|p2a: Kingambit|[miss]\n|-miss|p1b: Gyarados|p2a: Kingambit\n|\n|upkeep\n|turn|9\n|\n|t:|1682309778\n|move|p2a: Kingambit|Sucker Punch|p1a: Great Tusk\n|-resisted|p1a: Great Tusk\n|-damage|p1a: Great Tusk|0 fnt\n|faint|p1a: Great Tusk\n|-end|p1a: Great Tusk|Protosynthesis|[silent]\n|move|p1b: Gyarados|Thunder Wave|p2a: Kingambit|[miss]\n|-miss|p1b: Gyarados|p2a: Kingambit\n|\n|upkeep\n|turn|10\n|c|\u2606megaprawn|lol\n|\n|t:|1682309789\n|move|p1b: Gyarados|Thunder Wave|p2a: Kingambit\n|-status|p2a: Kingambit|par\n|move|p2a: Kingambit|Assurance|p1b: Gyarados\n|-damage|p1b: Gyarados|13\/100\n|\n|upkeep\n|turn|11\n|\n|t:|1682309795\n|move|p2a: Kingambit|Sucker Punch|p1b: Gyarados\n|-damage|p1b: Gyarados|0 fnt\n|faint|p1b: Gyarados\n|\n|win|bigemilywangfan69\n|raw|megaprawn's rating: 1233 → 1214<\/strong> (-19 for losing)\n|raw|bigemilywangfan69's rating: 1324 → 1339<\/strong> (+15 for winning)\n|l|\u2606bigemilywangfan69\n","uploadtime":1682309812,"views":40,"p1id":"megaprawn","p2id":"bigemilywangfan69","formatid":"gen9vgc2023regulationc","rating":1214,"private":0,"password":""}