{"id":"gen9vgc2023regulationc-1852731784","p1":"AlecIan","p2":"NicoHaxVGC","format":"[Gen 9] VGC 2023 Regulation C","log":"|j|\u2606AlecIan\n|j|\u2606NicoHaxVGC\n|t:|1682601266\n|gametype|doubles\n|player|p1|AlecIan|169|1178\n|player|p2|NicoHaxVGC|hilbert-wonderlauncher|1222\n|teamsize|p1|6\n|teamsize|p2|6\n|gen|9\n|tier|[Gen 9] VGC 2023 Regulation C\n|rated|\n|rule|Species Clause: Limit one of each Pok\u00e9mon\n|rule|Item Clause: Limit one of each item\n|clearpoke\n|poke|p1|Gastrodon-East, L50, F|\n|poke|p1|Arcanine, L50, M|\n|poke|p1|Amoonguss, L50, M|\n|poke|p1|Flutter Mane, L50|\n|poke|p1|Dragonite, L50, F|\n|poke|p1|Chien-Pao, L50|\n|poke|p2|Corviknight, L50, F|\n|poke|p2|Annihilape, L50, M|\n|poke|p2|Amoonguss, L50, F|\n|poke|p2|Ting-Lu, L50|\n|poke|p2|Flutter Mane, L50|\n|poke|p2|Iron Bundle, L50|\n|teampreview|4\n|inactive|Battle timer is ON: inactive players will automatically lose when time's up. (requested by NicoHaxVGC)\n|inactive|AlecIan has 60 seconds left.\n|inactive|AlecIan has 30 seconds left.\n|\n|t:|1682601329\n|start\n|switch|p1a: Flutter Mane|Flutter Mane, L50|100\/100\n|switch|p1b: Amoonguss|Amoonguss, L50, M|100\/100\n|switch|p2a: Flutter Mane|Flutter Mane, L50|100\/100\n|switch|p2b: Annihilape|Annihilape, L50, M|100\/100\n|-enditem|p1a: Flutter Mane|Booster Energy\n|-activate|p1a: Flutter Mane|ability: Protosynthesis|[fromitem]\n|-start|p1a: Flutter Mane|protosynthesisspa\n|turn|1\n|inactive|NicoHaxVGC has 30 seconds left.\n|inactive|NicoHaxVGC has 20 seconds left.\n|inactive|NicoHaxVGC has 15 seconds left.\n|inactive|NicoHaxVGC has 10 seconds left.\n|\n|t:|1682601374\n|-end|p2a: Flutter Mane|Protosynthesis|[silent]\n|switch|p2a: Amoonguss|Amoonguss, L50, F|100\/100\n|-terastallize|p2b: Annihilape|Fire\n|move|p1a: Flutter Mane|Protect|p1a: Flutter Mane\n|-singleturn|p1a: Flutter Mane|Protect\n|move|p2b: Annihilape|Rage Fist|p1a: Flutter Mane\n|-activate|p1a: Flutter Mane|move: Protect\n|move|p1b: Amoonguss|Spore|p2b: Annihilape\n|-status|p2b: Annihilape|slp|[from] move: Spore\n|\n|upkeep\n|turn|2\n|inactive|AlecIan has 30 seconds left.\n|\n|t:|1682601408\n|switch|p1b: Gastrodon|Gastrodon-East, L50, F|100\/100\n|move|p1a: Flutter Mane|Shadow Ball|p2b: Annihilape\n|-damage|p2b: Annihilape|58\/100 slp\n|-unboost|p2b: Annihilape|spd|1\n|-ability|p2b: Annihilape|Defiant|boost\n|-boost|p2b: Annihilape|atk|2\n|cant|p2b: Annihilape|slp\n|move|p2a: Amoonguss|Spore|p1a: Flutter Mane\n|-status|p1a: Flutter Mane|slp|[from] move: Spore\n|\n|-heal|p2b: Annihilape|64\/100 slp|[from] item: Leftovers\n|upkeep\n|turn|3\n|inactive|NicoHaxVGC has 30 seconds left.\n|\n|t:|1682601435\n|-end|p1a: Flutter Mane|Protosynthesis|[silent]\n|switch|p1a: Amoonguss|Amoonguss, L50, M|100\/100\n|switch|p2b: JH|Iron Bundle, L50|100\/100\n|-enditem|p2b: JH|Booster Energy\n|-activate|p2b: JH|ability: Quark Drive|[fromitem]\n|-start|p2b: JH|quarkdrivespe\n|move|p1b: Gastrodon|Muddy Water|p2b: JH|[spread] p2a,p2b\n|-resisted|p2a: Amoonguss\n|-resisted|p2b: JH\n|-damage|p2a: Amoonguss|91\/100\n|-damage|p2b: JH|81\/100\n|move|p2a: Amoonguss|Spore|p1b: Gastrodon\n|-status|p1b: Gastrodon|slp|[from] move: Spore\n|\n|upkeep\n|turn|4\n|inactive|AlecIan has 30 seconds left.\n|inactive|NicoHaxVGC has 30 seconds left.\n|inactive|AlecIan has 20 seconds left.\n|inactive|NicoHaxVGC has 20 seconds left.\n|inactive|AlecIan has 15 seconds left.\n|inactive|NicoHaxVGC has 15 seconds left.\n|inactive|AlecIan has 10 seconds left.\n|\n|t:|1682601481\n|switch|p2a: Annihilape|Annihilape, L50, M, tera:Fire|64\/100 slp\n|-terastallize|p1b: Gastrodon|Fire\n|move|p2b: JH|Freeze-Dry|p1b: Gastrodon\n|-resisted|p1b: Gastrodon\n|-damage|p1b: Gastrodon|91\/100 slp\n|cant|p1b: Gastrodon|slp\n|move|p1a: Amoonguss|Spore|p2b: JH\n|-status|p2b: JH|slp|[from] move: Spore\n|\n|-heal|p2a: Annihilape|71\/100 slp|[from] item: Leftovers\n|upkeep\n|turn|5\n|\n|t:|1682601505\n|cant|p2b: JH|slp\n|-curestatus|p2a: Annihilape|slp|[msg]\n|move|p2a: Annihilape|Bulk Up|p2a: Annihilape\n|-boost|p2a: Annihilape|atk|1\n|-boost|p2a: Annihilape|def|1\n|-curestatus|p1b: Gastrodon|slp|[msg]\n|move|p1b: Gastrodon|Earth Power|p2a: Annihilape\n|-supereffective|p2a: Annihilape\n|-damage|p2a: Annihilape|21\/100\n|move|p1a: Amoonguss|Spore|p2a: Annihilape\n|-status|p2a: Annihilape|slp|[from] move: Spore\n|\n|-heal|p2a: Annihilape|27\/100 slp|[from] item: Leftovers\n|upkeep\n|turn|6\n|\n|t:|1682601526\n|switch|p2a: Amoonguss|Amoonguss, L50, F|100\/100\n|move|p1a: Amoonguss|Protect|p1a: Amoonguss\n|-singleturn|p1a: Amoonguss|Protect\n|-curestatus|p2b: JH|slp|[msg]\n|move|p2b: JH|Freeze-Dry|p1a: Amoonguss\n|-activate|p1a: Amoonguss|move: Protect\n|move|p1b: Gastrodon|Muddy Water|p2b: JH|[spread] p2b\n|-miss|p1b: Gastrodon|p2a: Amoonguss\n|-resisted|p2b: JH\n|-damage|p2b: JH|62\/100\n|-unboost|p2b: JH|accuracy|1\n|\n|upkeep\n|turn|7\n|inactive|AlecIan has 30 seconds left.\n|inactive|AlecIan has 20 seconds left.\n|\n|t:|1682601561\n|switch|p1b: Arcanine|Arcanine, L50, M|100\/100\n|-ability|p1b: Arcanine|Intimidate|boost\n|-unboost|p2a: Amoonguss|atk|1\n|-unboost|p2b: JH|atk|1\n|move|p2b: JH|Freeze-Dry|p1a: Amoonguss\n|-supereffective|p1a: Amoonguss\n|-damage|p1a: Amoonguss|47\/100\n|-enditem|p1a: Amoonguss|Sitrus Berry|[eat]\n|-heal|p1a: Amoonguss|72\/100|[from] item: Sitrus Berry\n|move|p2a: Amoonguss|Spore|p1b: Arcanine\n|-activate|p1b: Arcanine|item: Safety Goggles|Spore\n|move|p1a: Amoonguss|Pollen Puff|p2b: JH\n|-damage|p2b: JH|30\/100\n|\n|upkeep\n|turn|8\n|inactive|AlecIan has 30 seconds left.\n|\n|t:|1682601595\n|switch|p1b: Gastrodon|Gastrodon-East, L50, F, tera:Fire|91\/100\n|move|p2a: Amoonguss|Protect|p2a: Amoonguss\n|-singleturn|p2a: Amoonguss|Protect\n|move|p2b: JH|Freeze-Dry|p1a: Amoonguss\n|-supereffective|p1a: Amoonguss\n|-damage|p1a: Amoonguss|16\/100\n|move|p1a: Amoonguss|Pollen Puff|p2b: JH\n|-damage|p2b: JH|0 fnt\n|faint|p2b: JH\n|-end|p2b: JH|Quark Drive|[silent]\n|\n|upkeep\n|\n|t:|1682601607\n|switch|p2b: Flutter Mane|Flutter Mane, L50|100\/100\n|turn|9\n|\n|t:|1682601627\n|switch|p1a: Arcanine|Arcanine, L50, M|100\/100\n|-ability|p1a: Arcanine|Intimidate|boost\n|-unboost|p2a: Amoonguss|atk|1\n|-unboost|p2b: Flutter Mane|atk|1\n|move|p2b: Flutter Mane|Shadow Ball|p1a: Arcanine\n|-damage|p1a: Arcanine|47\/100\n|move|p1b: Gastrodon|Ice Beam|p2a: Amoonguss\n|-supereffective|p2a: Amoonguss\n|-damage|p2a: Amoonguss|69\/100\n|move|p2a: Amoonguss|Spore|p1b: Gastrodon\n|-status|p1b: Gastrodon|slp|[from] move: Spore\n|\n|upkeep\n|turn|10\n|\n|t:|1682601649\n|switch|p1b: Amoonguss|Amoonguss, L50, M|50\/100\n|switch|p2a: Annihilape|Annihilape, L50, M, tera:Fire|27\/100 slp\n|move|p2b: Flutter Mane|Shadow Ball|p1a: Arcanine\n|-damage|p1a: Arcanine|0 fnt\n|faint|p1a: Arcanine\n|\n|-heal|p2a: Annihilape|33\/100 slp|[from] item: Leftovers\n|upkeep\n|\n|t:|1682601663\n|switch|p1a: Gastrodon|Gastrodon-East, L50, F, tera:Fire|91\/100 slp\n|turn|11\n|\n|t:|1682601670\n|move|p2b: Flutter Mane|Shadow Ball|p1b: Amoonguss\n|-damage|p1b: Amoonguss|0 fnt\n|faint|p1b: Amoonguss\n|cant|p2a: Annihilape|slp\n|cant|p1a: Gastrodon|slp\n|\n|-heal|p2a: Annihilape|39\/100 slp|[from] item: Leftovers\n|upkeep\n|\n|t:|1682601674\n|switch|p1b: Flutter Mane|Flutter Mane, L50|100\/100 slp\n|turn|12\n|\n|t:|1682601688\n|move|p2b: Flutter Mane|Shadow Ball|p1a: Gastrodon\n|-damage|p1a: Gastrodon|59\/100 slp\n|cant|p1b: Flutter Mane|slp\n|cant|p2a: Annihilape|slp\n|cant|p1a: Gastrodon|slp\n|\n|-heal|p2a: Annihilape|46\/100 slp|[from] item: Leftovers\n|upkeep\n|turn|13\n|\n|t:|1682601703\n|cant|p1b: Flutter Mane|slp\n|move|p2b: Flutter Mane|Shadow Ball|p1a: Gastrodon\n|-damage|p1a: Gastrodon|23\/100 slp\n|-curestatus|p2a: Annihilape|slp|[msg]\n|move|p2a: Annihilape|Rage Fist|p1a: Gastrodon\n|-damage|p1a: Gastrodon|0 fnt\n|faint|p1a: Gastrodon\n|\n|-heal|p2a: Annihilape|52\/100|[from] item: Leftovers\n|upkeep\n|turn|14\n|-message|AlecIan forfeited.\n|\n|win|NicoHaxVGC\n|raw|AlecIan's rating: 1178 → 1156<\/strong> (-22 for losing)\n|raw|NicoHaxVGC's rating: 1222 → 1244<\/strong> (+22 for winning)\n|l|\u2606AlecIan\n","uploadtime":1682601728,"views":11,"p1id":"alecian","p2id":"nicohaxvgc","formatid":"gen9vgc2023regulationc","rating":1156,"private":0,"password":""}