{"id":"gen9vgc2023regulationc-1859245313","p1":"7AVO_LEON21","p2":"akasia","format":"[Gen 9] VGC 2023 Regulation C","log":"|j|\u26067AVO_LEON21\n|j|\u2606akasia\n|t:|1683423176\n|gametype|doubles\n|player|p1|7AVO_LEON21|266|1225\n|player|p2|akasia|2|1277\n|teamsize|p1|6\n|teamsize|p2|6\n|gen|9\n|tier|[Gen 9] VGC 2023 Regulation C\n|rated|\n|rule|Species Clause: Limit one of each Pok\u00e9mon\n|rule|Item Clause: Limit one of each item\n|clearpoke\n|poke|p1|Palafin, L50, M|\n|poke|p1|Ting-Lu, L50|\n|poke|p1|Flutter Mane, L50|\n|poke|p1|Arcanine, L50, F|\n|poke|p1|Dragonite, L50, F|\n|poke|p1|Iron Hands, L50|\n|poke|p2|Flutter Mane, L50|\n|poke|p2|Baxcalibur, L50, M|\n|poke|p2|Chi-Yu, L50|\n|poke|p2|Gyarados, L50, M|\n|poke|p2|Amoonguss, L50, F|\n|poke|p2|Kingambit, L50, F|\n|teampreview|4\n|inactive|Battle timer is ON: inactive players will automatically lose when time's up. (requested by akasia)\n|\n|t:|1683423258\n|start\n|switch|p1a: Ting-Lu|Ting-Lu, L50|100\/100\n|switch|p1b: Arcanine|Arcanine, L50, F|100\/100\n|switch|p2a: Flutter Mane|Flutter Mane, L50|100\/100\n|switch|p2b: Gyarados|Gyarados, L50, M|100\/100\n|-ability|p2b: Gyarados|Intimidate|boost\n|-unboost|p1a: Ting-Lu|atk|1\n|-unboost|p1b: Arcanine|atk|1\n|-ability|p1b: Arcanine|Intimidate|boost\n|-unboost|p2a: Flutter Mane|atk|1\n|-unboost|p2b: Gyarados|atk|1\n|-ability|p1a: Ting-Lu|Vessel of Ruin\n|turn|1\n|\n|t:|1683423276\n|-terastallize|p1b: Arcanine|Flying\n|move|p2a: Flutter Mane|Power Gem|p1b: Arcanine\n|-supereffective|p1b: Arcanine\n|-damage|p1b: Arcanine|23\/100\n|move|p2b: Gyarados|Dragon Dance|p2b: Gyarados\n|-boost|p2b: Gyarados|atk|1\n|-boost|p2b: Gyarados|spe|1\n|move|p1b: Arcanine|Howl|p1b: Arcanine|[spread] p1a,p1b\n|-boost|p1a: Ting-Lu|atk|1\n|-boost|p1b: Arcanine|atk|1\n|move|p1a: Ting-Lu|Heavy Slam|p2a: Flutter Mane\n|-supereffective|p2a: Flutter Mane\n|-damage|p2a: Flutter Mane|0 fnt\n|faint|p2a: Flutter Mane\n|-end|p2a: Flutter Mane|Protosynthesis|[silent]\n|\n|upkeep\n|inactive|akasia has 30 seconds left.\n|\n|t:|1683423308\n|switch|p2a: Amoonguss|Amoonguss, L50, F|100\/100\n|turn|2\n|\n|t:|1683423320\n|switch|p1a: Su Hermano|Iron Hands, L50, shiny|100\/100\n|move|p1b: Arcanine|Protect|p1b: Arcanine\n|-singleturn|p1b: Arcanine|Protect\n|move|p2b: Gyarados|Waterfall|p1b: Arcanine\n|-activate|p1b: Arcanine|move: Protect\n|move|p2a: Amoonguss|Spore|p1a: Su Hermano\n|-status|p1a: Su Hermano|slp|[from] move: Spore\n|\n|upkeep\n|turn|3\n|inactive|7AVO_LEON21 has 30 seconds left.\n|inactive|akasia has 30 seconds left.\n|inactive|7AVO_LEON21 has 20 seconds left.\n|inactive|7AVO_LEON21 has 15 seconds left.\n|\n|t:|1683423363\n|switch|p1b: Ting-Lu|Ting-Lu, L50|100\/100\n|-ability|p1b: Ting-Lu|Vessel of Ruin\n|move|p2b: Gyarados|Dragon Dance|p2b: Gyarados\n|-boost|p2b: Gyarados|atk|1\n|-boost|p2b: Gyarados|spe|1\n|cant|p1a: Su Hermano|slp\n|move|p2a: Amoonguss|Clear Smog|p1b: Ting-Lu\n|-resisted|p1b: Ting-Lu\n|-damage|p1b: Ting-Lu|96\/100\n|-clearboost|p1b: Ting-Lu\n|\n|upkeep\n|turn|4\n|\n|t:|1683423387\n|switch|p1b: Arcanine|Arcanine, L50, F, tera:Flying|23\/100\n|-ability|p1b: Arcanine|Intimidate|boost\n|-unboost|p2a: Amoonguss|atk|1\n|-unboost|p2b: Gyarados|atk|1\n|move|p2b: Gyarados|Dragon Dance|p2b: Gyarados\n|-boost|p2b: Gyarados|atk|1\n|-boost|p2b: Gyarados|spe|1\n|cant|p1a: Su Hermano|slp\n|move|p2a: Amoonguss|Spore|p1b: Arcanine\n|-activate|p1b: Arcanine|item: Safety Goggles|Spore\n|\n|upkeep\n|turn|5\n|\n|t:|1683423405\n|move|p2a: Amoonguss|Rage Powder|p2a: Amoonguss\n|-singleturn|p2a: Amoonguss|move: Rage Powder\n|move|p2b: Gyarados|Earthquake|p1b: Arcanine|[spread] p2a,p1a\n|-immune|p1b: Arcanine\n|-supereffective|p1a: Su Hermano\n|-damage|p2a: Amoonguss|77\/100\n|-damage|p1a: Su Hermano|59\/100 slp\n|move|p1b: Arcanine|Flare Blitz|p2a: Amoonguss\n|-supereffective|p2a: Amoonguss\n|-damage|p2a: Amoonguss|0 fnt\n|faint|p2a: Amoonguss\n|-damage|p1b: Arcanine|0 fnt|[from] Recoil\n|faint|p1b: Arcanine\n|-curestatus|p1a: Su Hermano|slp|[msg]\n|move|p1a: Su Hermano|Wild Charge|p2b: Gyarados\n|-supereffective|p2b: Gyarados\n|-damage|p2b: Gyarados|0 fnt\n|faint|p2b: Gyarados\n|-damage|p1a: Su Hermano|40\/100|[from] Recoil\n|\n|upkeep\n|inactive|7AVO_LEON21 has 30 seconds left.\n|\n|t:|1683423435\n|switch|p1b: Ting-Lu|Ting-Lu, L50|96\/100\n|switch|p2a: Chi-Yu|Chi-Yu, L50|100\/100\n|-ability|p2a: Chi-Yu|Beads of Ruin\n|-ability|p1b: Ting-Lu|Vessel of Ruin\n|turn|6\n|\n|t:|1683423446\n|move|p2a: Chi-Yu|Heat Wave|p1b: Ting-Lu|[spread] p1a,p1b\n|-crit|p1a: Su Hermano\n|-damage|p1a: Su Hermano|3\/100\n|-damage|p1b: Ting-Lu|68\/100\n|-status|p1b: Ting-Lu|brn\n|move|p1a: Su Hermano|Drain Punch|p2a: Chi-Yu\n|-supereffective|p2a: Chi-Yu\n|-damage|p2a: Chi-Yu|0 fnt\n|-heal|p1a: Su Hermano|29\/100|[from] drain|[of] p2a: Chi-Yu\n|faint|p2a: Chi-Yu\n|\n|win|7AVO_LEON21\n|raw|7AVO_LEON21's rating: 1225 → 1254<\/strong> (+29 for winning)\n|raw|akasia's rating: 1277 → 1248<\/strong> (-29 for losing)\n|l|\u2606akasia\n","uploadtime":1683423595,"views":20,"p1id":"7avoleon21","p2id":"akasia","formatid":"gen9vgc2023regulationc","rating":1248,"private":0,"password":""}