{"id":"gen9vgc2023regulationc-1847692718","p1":"gankyburner","p2":"Simugo","format":"[Gen 9] VGC 2023 Regulation C","log":"|j|\u2606gankyburner\n|j|\u2606Simugo\n|t:|1681993085\n|gametype|doubles\n|player|p1|gankyburner|266|1310\n|player|p2|Simugo|2|1307\n|teamsize|p1|6\n|teamsize|p2|6\n|gen|9\n|tier|[Gen 9] VGC 2023 Regulation C\n|rated|\n|rule|Species Clause: Limit one of each Pok\u00e9mon\n|rule|Item Clause: Limit one of each item\n|clearpoke\n|poke|p1|Murkrow, L50, F|\n|poke|p1|Houndstone, L50, F|\n|poke|p1|Chi-Yu, L50|\n|poke|p1|Tyranitar, L50, M|\n|poke|p1|Gastrodon, L50, F|\n|poke|p1|Corviknight, L50, M|\n|poke|p2|Drednaw, L50, M|\n|poke|p2|Dragonite, L50, M|\n|poke|p2|Tatsugiri-Droopy, L50, F|\n|poke|p2|Dondozo, L50, M|\n|poke|p2|Pelipper, L50, M|\n|poke|p2|Chien-Pao, L50|\n|teampreview|4\n|\n|t:|1681993146\n|start\n|switch|p1a: Dragula|Houndstone, L50, F, shiny|100\/100\n|switch|p1b: Godzilla|Tyranitar, L50, M, shiny|100\/100\n|switch|p2a: Pelipper|Pelipper, L50, M|100\/100\n|switch|p2b: Drednaw|Drednaw, L50, M|100\/100\n|-weather|RainDance|[from] ability: Drizzle|[of] p2a: Pelipper\n|-weather|Sandstorm|[from] ability: Sand Stream|[of] p1b: Godzilla\n|turn|1\n|\n|t:|1681993175\n|switch|p2a: Dondozo|Dondozo, L50, M|100\/100\n|switch|p2b: Tatsugiri|Tatsugiri-Droopy, L50, F|100\/100\n|-activate|p2b: Tatsugiri|ability: Commander|[of] p2a: Dondozo\n|-boost|p2a: Dondozo|atk|2\n|-boost|p2a: Dondozo|spa|2\n|-boost|p2a: Dondozo|spe|2\n|-boost|p2a: Dondozo|def|2\n|-boost|p2a: Dondozo|spd|2\n|move|p1a: Dragula|Will-O-Wisp|p2b: Tatsugiri|[miss]\n|-miss|p1a: Dragula|p2b: Tatsugiri\n|move|p1b: Godzilla|Rock Slide|p2b: Tatsugiri|[spread] p2a\n|-miss|p1b: Godzilla|p2b: Tatsugiri\n|-damage|p2a: Dondozo|91\/100\n|\n|-weather|Sandstorm|[upkeep]\n|-damage|p2b: Tatsugiri|94\/100|[from] Sandstorm\n|-damage|p2a: Dondozo|84\/100|[from] Sandstorm\n|upkeep\n|turn|2\n|\n|t:|1681993201\n|switch|p1b: C'mon C'mon|Murkrow, L50, F|100\/100\n|move|p1a: Dragula|Will-O-Wisp|p2a: Dondozo\n|-status|p2a: Dondozo|brn\n|move|p2a: Dondozo|Surf|p1b: C'mon C'mon|[spread] p1a,p1b\n|-miss|p2a: Dondozo|p2b: Tatsugiri\n|-damage|p1a: Dragula|44\/100\n|-damage|p1b: C'mon C'mon|40\/100\n|-enditem|p1a: Dragula|Sitrus Berry|[eat]\n|-heal|p1a: Dragula|69\/100|[from] item: Sitrus Berry\n|-damage|p2a: Dondozo|74\/100 brn|[from] item: Life Orb\n|\n|-weather|Sandstorm|[upkeep]\n|-damage|p2b: Tatsugiri|88\/100|[from] Sandstorm\n|-damage|p2a: Dondozo|68\/100 brn|[from] Sandstorm\n|-damage|p1b: C'mon C'mon|34\/100|[from] Sandstorm\n|-damage|p2a: Dondozo|62\/100 brn|[from] brn\n|upkeep\n|turn|3\n|\n|t:|1681993229\n|move|p1b: C'mon C'mon|Haze|p1b: C'mon C'mon\n|-clearallboost\n|move|p1a: Dragula|Scary Face|p2a: Dondozo\n|-unboost|p2a: Dondozo|spe|2\n|move|p2a: Dondozo|Surf|p1a: Dragula|[spread] p1a,p1b\n|-miss|p2a: Dondozo|p2b: Tatsugiri\n|-damage|p1a: Dragula|42\/100\n|-damage|p1b: C'mon C'mon|7\/100\n|-damage|p2a: Dondozo|52\/100 brn|[from] item: Life Orb\n|\n|-weather|Sandstorm|[upkeep]\n|-damage|p2b: Tatsugiri|82\/100|[from] Sandstorm\n|-damage|p1b: C'mon C'mon|1\/100|[from] Sandstorm\n|-damage|p2a: Dondozo|46\/100 brn|[from] Sandstorm\n|-damage|p2a: Dondozo|40\/100 brn|[from] brn\n|upkeep\n|turn|4\n|\n|t:|1681993264\n|switch|p1b: Godzilla|Tyranitar, L50, M, shiny|100\/100\n|move|p1a: Dragula|Howl|p1a: Dragula|[spread] p1a,p1b\n|-boost|p1a: Dragula|atk|1\n|-boost|p1b: Godzilla|atk|1\n|move|p2a: Dondozo|Surf|p1a: Dragula|[spread] p1a,p1b\n|-miss|p2a: Dondozo|p2b: Tatsugiri\n|-supereffective|p1b: Godzilla\n|-damage|p1a: Dragula|16\/100\n|-damage|p1b: Godzilla|80\/100\n|-damage|p2a: Dondozo|30\/100 brn|[from] item: Life Orb\n|\n|-weather|Sandstorm|[upkeep]\n|-damage|p2b: Tatsugiri|75\/100|[from] Sandstorm\n|-damage|p2a: Dondozo|24\/100 brn|[from] Sandstorm\n|-damage|p2a: Dondozo|17\/100 brn|[from] brn\n|upkeep\n|turn|5\n|\n|t:|1681993292\n|move|p1a: Dragula|Howl|p1a: Dragula|[spread] p1a,p1b\n|-boost|p1a: Dragula|atk|1\n|-boost|p1b: Godzilla|atk|1\n|move|p1b: Godzilla|Assurance|p2a: Dondozo\n|-damage|p2a: Dondozo|0 fnt\n|faint|p2a: Dondozo\n|\n|-weather|none\n|upkeep\n|\n|t:|1681993307\n|switch|p2a: Drednaw|Drednaw, L50, M|100\/100\n|turn|6\n|\n|t:|1681993323\n|-terastallize|p1b: Godzilla|Flying\n|move|p2b: Tatsugiri|Draco Meteor|p1b: Godzilla\n|-damage|p1b: Godzilla|37\/100\n|-unboost|p2b: Tatsugiri|spa|2\n|move|p1a: Dragula|Scary Face|p2a: Drednaw\n|-unboost|p2a: Drednaw|spe|2\n|move|p1b: Godzilla|Low Kick|p2a: Drednaw\n|-supereffective|p2a: Drednaw\n|-damage|p2a: Drednaw|0 fnt\n|faint|p2a: Drednaw\n|\n|upkeep\n|-message|Simugo forfeited.\n|\n|win|gankyburner\n|raw|gankyburner's rating: 1310 → 1330<\/strong> (+20 for winning)\n|raw|Simugo's rating: 1307 → 1287<\/strong> (-20 for losing)\n|l|\u2606Simugo\n","uploadtime":1681993343,"views":12,"p1id":"gankyburner","p2id":"simugo","formatid":"gen9vgc2023regulationc","rating":1287,"private":0,"password":""}