{"id":"gen9vgc2023regulationc-1857917602","p1":"Bjoerno","p2":"Hadrian1917","format":"[Gen 9] VGC 2023 Regulation C","log":"|j|\u2606Bjoerno\n|j|\u2606Hadrian1917\n|t:|1683247115\n|gametype|doubles\n|player|p1|Bjoerno|169|1098\n|player|p2|Hadrian1917|brock|1168\n|teamsize|p1|6\n|teamsize|p2|6\n|gen|9\n|tier|[Gen 9] VGC 2023 Regulation C\n|rated|\n|rule|Species Clause: Limit one of each Pok\u00e9mon\n|rule|Item Clause: Limit one of each item\n|clearpoke\n|poke|p1|Pikachu, L50, M|\n|poke|p1|Pelipper, L50, F|\n|poke|p1|Palafin, L50, M|\n|poke|p1|Toxicroak, L50, M|\n|poke|p1|Iron Bundle, L50|\n|poke|p1|Drednaw, L50, F|\n|poke|p2|Flutter Mane, L50|\n|poke|p2|Chi-Yu, L50|\n|poke|p2|Iron Hands, L50|\n|poke|p2|Ting-Lu, L50|\n|poke|p2|Gyarados, L50, F|\n|poke|p2|Amoonguss, L50, M|\n|teampreview|4\n|inactive|Battle timer is ON: inactive players will automatically lose when time's up. (requested by Hadrian1917)\n|inactive|Hadrian1917 has 60 seconds left.\n|\n|t:|1683247171\n|start\n|switch|p1a: Pelipper|Pelipper, L50, F|100\/100\n|switch|p1b: Palafin|Palafin, L50, M|100\/100\n|switch|p2a: Gyarados|Gyarados, L50, F|100\/100\n|switch|p2b: Ting-Lu|Ting-Lu, L50|100\/100\n|-ability|p2a: Gyarados|Intimidate|boost\n|-unboost|p1a: Pelipper|atk|1\n|-unboost|p1b: Palafin|atk|1\n|-weather|RainDance|[from] ability: Drizzle|[of] p1a: Pelipper\n|-ability|p2b: Ting-Lu|Vessel of Ruin\n|turn|1\n|inactive|Bjoerno has 30 seconds left.\n|\n|t:|1683247197\n|detailschange|p1b: Palafin|Palafin-Hero, L50, M\n|switch|p1b: Drednaw|Drednaw, L50, F|100\/100\n|move|p2a: Gyarados|Thunder Wave|p1b: Drednaw\n|-status|p1b: Drednaw|par\n|move|p1a: Pelipper|Tailwind|p1a: Pelipper\n|-sidestart|p1: Bjoerno|move: Tailwind\n|move|p2b: Ting-Lu|Rock Tomb|p1a: Pelipper\n|-supereffective|p1a: Pelipper\n|-damage|p1a: Pelipper|73\/100\n|-unboost|p1a: Pelipper|spe|1\n|\n|-weather|RainDance|[upkeep]\n|upkeep\n|turn|2\n|inactive|Bjoerno has 30 seconds left.\n|\n|t:|1683247222\n|move|p2a: Gyarados|Protect|p2a: Gyarados\n|-singleturn|p2a: Gyarados|Protect\n|move|p1b: Drednaw|Rock Slide|p2b: Ting-Lu|[spread] p2b\n|-activate|p2a: Gyarados|move: Protect\n|-resisted|p2b: Ting-Lu\n|-damage|p2b: Ting-Lu|88\/100\n|move|p1a: Pelipper|Hydro Pump|p2b: Ting-Lu\n|-supereffective|p2b: Ting-Lu\n|-damage|p2b: Ting-Lu|23\/100\n|move|p2b: Ting-Lu|Rock Tomb|p1b: Drednaw\n|-damage|p1b: Drednaw|82\/100 par\n|-unboost|p1b: Drednaw|spe|1\n|\n|-weather|RainDance|[upkeep]\n|-heal|p2b: Ting-Lu|29\/100|[from] item: Leftovers\n|upkeep\n|turn|3\n|inactive|Bjoerno has 30 seconds left.\n|\n|t:|1683247253\n|switch|p2a: Iron Hands|Iron Hands, L50|100\/100\n|move|p1b: Drednaw|Rock Slide|p2a: Iron Hands|[spread] p2a,p2b\n|-resisted|p2a: Iron Hands\n|-resisted|p2b: Ting-Lu\n|-damage|p2a: Iron Hands|87\/100\n|-damage|p2b: Ting-Lu|18\/100\n|move|p1a: Pelipper|Hurricane|p2a: Iron Hands\n|-damage|p2a: Iron Hands|70\/100\n|-start|p2a: Iron Hands|confusion\n|cant|p2b: Ting-Lu|flinch\n|\n|-weather|RainDance|[upkeep]\n|-heal|p2b: Ting-Lu|24\/100|[from] item: Leftovers\n|upkeep\n|turn|4\n|inactive|Bjoerno has 30 seconds left.\n|inactive|Hadrian1917 has 30 seconds left.\n|\n|t:|1683247278\n|switch|p1b: Pikachu|Pikachu, L50, M|100\/100\n|-end|p2a: Iron Hands|Quark Drive|[silent]\n|switch|p2a: Gyarados|Gyarados, L50, F|100\/100\n|-ability|p2a: Gyarados|Intimidate|boost\n|-unboost|p1a: Pelipper|atk|1\n|-unboost|p1b: Pikachu|atk|1\n|move|p1a: Pelipper|Hydro Pump|p2b: Ting-Lu\n|-supereffective|p2b: Ting-Lu\n|-crit|p2b: Ting-Lu\n|-damage|p2b: Ting-Lu|0 fnt\n|faint|p2b: Ting-Lu\n|\n|-weather|RainDance|[upkeep]\n|-sideend|p1: Bjoerno|move: Tailwind\n|upkeep\n|\n|t:|1683247290\n|switch|p2b: Iron Hands|Iron Hands, L50|70\/100\n|turn|5\n|\n|t:|1683247308\n|switch|p1a: Drednaw|Drednaw, L50, F|82\/100 par\n|move|p1b: Pikachu|Fake Out|p2b: Iron Hands\n|-damage|p2b: Iron Hands|65\/100\n|cant|p2b: Iron Hands|flinch\n|move|p2a: Gyarados|Taunt|p1a: Drednaw\n|-start|p1a: Drednaw|move: Taunt\n|\n|-weather|RainDance|[upkeep]\n|upkeep\n|turn|6\n|inactive|Bjoerno has 30 seconds left.\n|inactive|Hadrian1917 has 30 seconds left.\n|\n|t:|1683247340\n|move|p2a: Gyarados|Protect|p2a: Gyarados\n|-singleturn|p2a: Gyarados|Protect\n|move|p1b: Pikachu|Charge Beam|p2a: Gyarados\n|-activate|p2a: Gyarados|move: Protect\n|move|p1a: Drednaw|Head Smash|p2b: Iron Hands\n|-resisted|p2b: Iron Hands\n|-crit|p2b: Iron Hands\n|-damage|p2b: Iron Hands|11\/100\n|-damage|p1a: Drednaw|42\/100 par|[from] Recoil\n|move|p2b: Iron Hands|Drain Punch|p1b: Pikachu\n|-damage|p1b: Pikachu|0 fnt\n|-heal|p2b: Iron Hands|34\/100|[from] drain|[of] p1b: Pikachu\n|faint|p1b: Pikachu\n|\n|-weather|RainDance|[upkeep]\n|upkeep\n|\n|t:|1683247362\n|switch|p1b: Palafin|Palafin-Hero, L50, M|100\/100\n|-activate|p1b: Palafin|ability: Zero to Hero\n|turn|7\n|\n|t:|1683247379\n|-terastallize|p1b: Palafin|Water\n|move|p1b: Palafin|Jet Punch|p2b: Iron Hands\n|-damage|p2b: Iron Hands|0 fnt\n|faint|p2b: Iron Hands\n|-end|p2b: Iron Hands|Quark Drive|[silent]\n|-damage|p1b: Palafin|91\/100|[from] item: Life Orb\n|move|p1a: Drednaw|Head Smash|p2a: Gyarados\n|-supereffective|p2a: Gyarados\n|-damage|p2a: Gyarados|0 fnt\n|faint|p2a: Gyarados\n|-damage|p1a: Drednaw|0 fnt|[from] Recoil\n|faint|p1a: Drednaw\n|\n|-weather|RainDance|[upkeep]\n|upkeep\n|\n|t:|1683247396\n|switch|p1a: Pelipper|Pelipper, L50, F|73\/100\n|switch|p2b: Flutter Mane|Flutter Mane, L50|100\/100\n|-enditem|p2b: Flutter Mane|Booster Energy\n|-activate|p2b: Flutter Mane|ability: Protosynthesis|[fromitem]\n|-start|p2b: Flutter Mane|protosynthesisspa\n|turn|8\n|\n|t:|1683247412\n|-terastallize|p2b: Flutter Mane|Fairy\n|move|p1b: Palafin|Jet Punch|p2b: Flutter Mane\n|-damage|p2b: Flutter Mane|0 fnt\n|faint|p2b: Flutter Mane\n|-end|p2b: Flutter Mane|Protosynthesis|[silent]\n|-damage|p1b: Palafin|81\/100|[from] item: Life Orb\n|\n|win|Bjoerno\n|raw|Bjoerno's rating: 1098 → 1128<\/strong> (+30 for winning)\n|raw|Hadrian1917's rating: 1168 → 1138<\/strong> (-30 for losing)\n","uploadtime":1683247420,"views":9,"p1id":"bjoerno","p2id":"hadrian1917","formatid":"gen9vgc2023regulationc","rating":1128,"private":0,"password":""}