{"id":"gen9vgc2023regulationc-1863444752","p1":"Leroygendary","p2":"JoyBoy869","format":"[Gen 9] VGC 2023 Regulation C","log":"|j|\u2606Leroygendary\n|j|\u2606JoyBoy869\n|t:|1684018072\n|gametype|doubles\n|player|p1|Leroygendary|1|1199\n|player|p2|JoyBoy869|bugcatcher-gen4dp|1204\n|teamsize|p1|6\n|teamsize|p2|6\n|gen|9\n|tier|[Gen 9] VGC 2023 Regulation C\n|rated|\n|rule|Species Clause: Limit one of each Pok\u00e9mon\n|rule|Item Clause: Limit one of each item\n|clearpoke\n|poke|p1|Palafin, L50, F|\n|poke|p1|Indeedee-F, L50, F|\n|poke|p1|Armarouge, L50, M|\n|poke|p1|Hawlucha, L50, M|\n|poke|p1|Sandy Shocks, L50|\n|poke|p1|Chien-Pao, L50|\n|poke|p2|Annihilape, L50, M|\n|poke|p2|Tyranitar, L50, F|\n|poke|p2|Indeedee-F, L50, F|\n|poke|p2|Hatterene, L50, F|\n|poke|p2|Brute Bonnet, L50|\n|poke|p2|Torkoal, L50, M|\n|teampreview|4\n|inactive|Battle timer is ON: inactive players will automatically lose when time's up. (requested by Leroygendary)\n|inactive|JoyBoy869 has 60 seconds left.\n|\n|t:|1684018139\n|start\n|switch|p1a: Zipper|Palafin, L50, F|100\/100\n|switch|p1b: BIGPHARMA|Indeedee-F, L50, F|100\/100\n|switch|p2a: Hatterene|Hatterene, L50, F|100\/100\n|switch|p2b: Tyranitar|Tyranitar, L50, F|100\/100\n|-fieldstart|move: Psychic Terrain|[from] ability: Psychic Surge|[of] p1b: BIGPHARMA\n|-weather|Sandstorm|[from] ability: Sand Stream|[of] p2b: Tyranitar\n|turn|1\n|\n|t:|1684018160\n|-terastallize|p2b: Tyranitar|Fairy\n|move|p1b: BIGPHARMA|Protect|p1b: BIGPHARMA\n|-singleturn|p1b: BIGPHARMA|Protect\n|move|p1a: Zipper|Close Combat|p2b: Tyranitar\n|-resisted|p2b: Tyranitar\n|-damage|p2b: Tyranitar|89\/100\n|-unboost|p1a: Zipper|def|1\n|-unboost|p1a: Zipper|spd|1\n|-enditem|p1a: Zipper|Eject Pack\n|\n|t:|1684018178\n|detailschange|p1a: Zipper|Palafin-Hero, L50, F\n|switch|p1a: MagMax|Sandy Shocks, L50|100\/100\n|-enditem|p1a: MagMax|Booster Energy\n|-activate|p1a: MagMax|ability: Protosynthesis|[fromitem]\n|-start|p1a: MagMax|protosynthesisspe\n|move|p2b: Tyranitar|Thunder Punch|p1a: MagMax\n|-immune|p1a: MagMax\n|move|p2a: Hatterene|Trick Room|p2a: Hatterene\n|-fieldstart|move: Trick Room|[of] p2a: Hatterene\n|\n|-weather|Sandstorm|[upkeep]\n|-damage|p2a: Hatterene|94\/100|[from] Sandstorm\n|-damage|p2b: Tyranitar|84\/100|[from] Sandstorm\n|upkeep\n|turn|2\n|inactive|Leroygendary has 30 seconds left.\n|inactive|JoyBoy869 has 30 seconds left.\n|inactive|JoyBoy869 has 20 seconds left.\n|inactive|JoyBoy869 has 15 seconds left.\n|inactive|Leroygendary has 20 seconds left.\n|\n|t:|1684018226\n|move|p1b: BIGPHARMA|Follow Me|p1b: BIGPHARMA\n|-singleturn|p1b: BIGPHARMA|move: Follow Me\n|move|p2a: Hatterene|Giga Drain|p1b: BIGPHARMA\n|-crit|p1b: BIGPHARMA\n|-damage|p1b: BIGPHARMA|54\/100\n|-heal|p2a: Hatterene|100\/100|[from] drain|[of] p1b: BIGPHARMA\n|-damage|p2a: Hatterene|91\/100|[from] item: Life Orb\n|move|p2b: Tyranitar|Tera Blast|p1b: BIGPHARMA\n|-damage|p1b: BIGPHARMA|11\/100\n|move|p1a: MagMax|Earth Power|p2a: Hatterene\n|-damage|p2a: Hatterene|45\/100\n|\n|-weather|Sandstorm|[upkeep]\n|-damage|p2a: Hatterene|39\/100|[from] Sandstorm\n|-damage|p2b: Tyranitar|78\/100|[from] Sandstorm\n|upkeep\n|turn|3\n|inactive|Leroygendary has 30 seconds left.\n|inactive|JoyBoy869 has 30 seconds left.\n|inactive|JoyBoy869 has 20 seconds left.\n|inactive|JoyBoy869 has 15 seconds left.\n|inactive|JoyBoy869 has 10 seconds left.\n|\n|t:|1684018272\n|move|p1b: BIGPHARMA|Follow Me|p1b: BIGPHARMA\n|-singleturn|p1b: BIGPHARMA|move: Follow Me\n|move|p2a: Hatterene|Giga Drain|p1b: BIGPHARMA\n|-damage|p1b: BIGPHARMA|0 fnt\n|-heal|p2a: Hatterene|45\/100|[from] drain|[of] p1b: BIGPHARMA\n|faint|p1b: BIGPHARMA\n|-damage|p2a: Hatterene|35\/100|[from] item: Life Orb\n|move|p2b: Tyranitar|Stomping Tantrum|p1a: MagMax\n|-supereffective|p1a: MagMax\n|-damage|p1a: MagMax|34\/100\n|move|p1a: MagMax|Earth Power|p2a: Hatterene\n|-damage|p2a: Hatterene|0 fnt\n|faint|p2a: Hatterene\n|\n|-weather|Sandstorm|[upkeep]\n|-damage|p2b: Tyranitar|72\/100|[from] Sandstorm\n|upkeep\n|inactive|Leroygendary has 30 seconds left.\n|\n|t:|1684018298\n|switch|p2a: MankeyDLuffy|Annihilape, L50, M|100\/100\n|switch|p1b: NachoLibre|Hawlucha, L50, M|100\/100\n|-enditem|p1b: NachoLibre|Psychic Seed\n|-boost|p1b: NachoLibre|spd|1|[from] item: Psychic Seed\n|turn|4\n|\n|t:|1684018318\n|move|p2a: MankeyDLuffy|Protect|p2a: MankeyDLuffy\n|-singleturn|p2a: MankeyDLuffy|Protect\n|move|p1a: MagMax|Protect|p1a: MagMax\n|-singleturn|p1a: MagMax|Protect\n|move|p2b: Tyranitar|Thunder Punch|p1b: NachoLibre\n|-supereffective|p1b: NachoLibre\n|-damage|p1b: NachoLibre|29\/100\n|move|p1b: NachoLibre|Acrobatics|p2a: MankeyDLuffy\n|-activate|p2a: MankeyDLuffy|move: Protect\n|\n|-weather|Sandstorm|[upkeep]\n|-damage|p2b: Tyranitar|66\/100|[from] Sandstorm\n|-damage|p2a: MankeyDLuffy|94\/100|[from] Sandstorm\n|-damage|p1b: NachoLibre|23\/100|[from] Sandstorm\n|-heal|p2a: MankeyDLuffy|100\/100|[from] item: Leftovers\n|upkeep\n|turn|5\n|inactive|Leroygendary has 30 seconds left.\n|inactive|JoyBoy869 has 30 seconds left.\n|inactive|JoyBoy869 has 20 seconds left.\n|\n|t:|1684018356\n|move|p2b: Tyranitar|Stomping Tantrum|p1a: MagMax\n|-supereffective|p1a: MagMax\n|-damage|p1a: MagMax|0 fnt\n|faint|p1a: MagMax\n|-end|p1a: MagMax|Protosynthesis|[silent]\n|move|p2a: MankeyDLuffy|Drain Punch|p1b: NachoLibre\n|-resisted|p1b: NachoLibre\n|-damage|p1b: NachoLibre|0 fnt\n|faint|p1b: NachoLibre\n|\n|-weather|none\n|-fieldend|move: Trick Room\n|-fieldend|move: Psychic Terrain\n|upkeep\n|\n|t:|1684018368\n|switch|p1a: Zipper|Palafin-Hero, L50, F|100\/100\n|-activate|p1a: Zipper|ability: Zero to Hero\n|turn|6\n|\n|t:|1684018385\n|-terastallize|p1a: Zipper|Water\n|move|p1a: Zipper|Wave Crash|p2b: Tyranitar\n|-damage|p2b: Tyranitar|0 fnt\n|faint|p2b: Tyranitar\n|-damage|p1a: Zipper|77\/100|[from] Recoil\n|move|p2a: MankeyDLuffy|Drain Punch|p1a: Zipper\n|-damage|p1a: Zipper|46\/100\n|\n|upkeep\n|\n|t:|1684018395\n|switch|p2b: Torkoal|Torkoal, L50, M|100\/100\n|-weather|SunnyDay|[from] ability: Drought|[of] p2b: Torkoal\n|turn|7\n|\n|t:|1684018407\n|move|p2b: Torkoal|Protect|p2b: Torkoal\n|-singleturn|p2b: Torkoal|Protect\n|move|p1a: Zipper|Wave Crash|p2b: Torkoal\n|-activate|p2b: Torkoal|move: Protect\n|move|p2a: MankeyDLuffy|Drain Punch|p1a: Zipper\n|-damage|p1a: Zipper|13\/100\n|\n|-weather|SunnyDay|[upkeep]\n|upkeep\n|turn|8\n|\n|t:|1684018426\n|move|p1a: Zipper|Protect|p1a: Zipper\n|-singleturn|p1a: Zipper|Protect\n|move|p2a: MankeyDLuffy|Drain Punch|p1a: Zipper\n|-activate|p1a: Zipper|move: Protect\n|move|p2b: Torkoal|Solar Beam||[still]\n|-prepare|p2b: Torkoal|Solar Beam\n|-anim|p2b: Torkoal|Solar Beam|p1a: Zipper\n|-activate|p1a: Zipper|move: Protect\n|\n|-weather|SunnyDay|[upkeep]\n|upkeep\n|turn|9\n|\n|t:|1684018440\n|move|p1a: Zipper|Wave Crash|p2b: Torkoal\n|-supereffective|p2b: Torkoal\n|-damage|p2b: Torkoal|24\/100\n|-damage|p1a: Zipper|0 fnt|[from] Recoil\n|faint|p1a: Zipper\n|\n|win|JoyBoy869\n|raw|Leroygendary's rating: 1199 → 1174<\/strong> (-25 for losing)\n|raw|JoyBoy869's rating: 1204 → 1229<\/strong> (+25 for winning)\n|l|\u2606Leroygendary\n","uploadtime":1684018450,"views":10,"p1id":"leroygendary","p2id":"joyboy869","formatid":"gen9vgc2023regulationc","rating":1174,"private":0,"password":""}