{"id":"gen9vgc2023regulationc-1852438845","p1":"Nth Dimensional","p2":"Silralisk","format":"[Gen 9] VGC 2023 Regulation C","log":"|j|\u2606Nth Dimensional\n|j|\u2606Silralisk\n|t:|1682557704\n|gametype|doubles\n|player|p1|Nth Dimensional|2|1195\n|player|p2|Silralisk|101|1223\n|teamsize|p1|6\n|teamsize|p2|6\n|gen|9\n|tier|[Gen 9] VGC 2023 Regulation C\n|rated|\n|rule|Species Clause: Limit one of each Pok\u00e9mon\n|rule|Item Clause: Limit one of each item\n|clearpoke\n|poke|p1|Scream Tail, L50|\n|poke|p1|Gastrodon, L50, M|\n|poke|p1|Chien-Pao, L50|\n|poke|p1|Dragonite, L50, F|\n|poke|p1|Pelipper, L50, F|\n|poke|p1|Iron Hands, L50|\n|poke|p2|Hippowdon, L50, F|\n|poke|p2|Gastrodon, L50, M|\n|poke|p2|Amoonguss, L50, F|\n|poke|p2|Scream Tail, L50|\n|poke|p2|Ting-Lu, L50|\n|poke|p2|Garganacl, L50, F|\n|teampreview|4\n|inactive|Battle timer is ON: inactive players will automatically lose when time's up. (requested by Silralisk)\nNth Dimensional has agreed to open team sheets.\n|inactive|Nth Dimensional has 60 seconds left.\n|inactive|Silralisk has 60 seconds left.\n|inactive|Nth Dimensional has 30 seconds left.\n|\n|t:|1682557769\n|start\n|switch|p1a: Dragonite|Dragonite, L50, F|100\/100\n|switch|p1b: Iron Hands|Iron Hands, L50|100\/100\n|switch|p2a: Hippowdon|Hippowdon, L50, F|100\/100\n|switch|p2b: Garganacl|Garganacl, L50, F|100\/100\n|-weather|Sandstorm|[from] ability: Sand Stream|[of] p2a: Hippowdon\n|turn|1\n|inactive|Nth Dimensional has 30 seconds left.\n|inactive|Silralisk has 30 seconds left.\n|inactive|Nth Dimensional has 20 seconds left.\n|inactive|Nth Dimensional has 15 seconds left.\n|\n|t:|1682557812\n|-terastallize|p1a: Dragonite|Flying\n|-terastallize|p2b: Garganacl|Ghost\n|move|p1a: Dragonite|Tera Blast|p2a: Hippowdon\n|-damage|p2a: Hippowdon|34\/100\n|move|p1b: Iron Hands|Drain Punch|p2b: Garganacl\n|-immune|p2b: Garganacl\n|move|p2a: Hippowdon|Yawn|p1a: Dragonite\n|-start|p1a: Dragonite|move: Yawn|[of] p2a: Hippowdon\n|move|p2b: Garganacl|Stealth Rock|p1b: Iron Hands\n|-sidestart|p1: Nth Dimensional|move: Stealth Rock\n|\n|-weather|Sandstorm|[upkeep]\n|-damage|p1a: Dragonite|95\/100|[from] Sandstorm\n|-damage|p1b: Iron Hands|94\/100|[from] Sandstorm\n|-damage|p2b: Garganacl|95\/100|[from] Sandstorm\n|-heal|p2b: Garganacl|100\/100|[from] item: Leftovers\n|upkeep\n|turn|2\n|inactive|Nth Dimensional has 30 seconds left.\n|inactive|Silralisk has 30 seconds left.\n|inactive|Nth Dimensional has 20 seconds left.\n|inactive|Silralisk has 20 seconds left.\n|\n|t:|1682557850\n|switch|p1a: Scream Tail|Scream Tail, L50|100\/100\n|-enditem|p1a: Scream Tail|Booster Energy\n|-activate|p1a: Scream Tail|ability: Protosynthesis|[fromitem]\n|-start|p1a: Scream Tail|protosynthesisspe\n|-damage|p1a: Scream Tail|88\/100|[from] Stealth Rock\n|move|p2a: Hippowdon|Protect|p2a: Hippowdon\n|-singleturn|p2a: Hippowdon|Protect\n|move|p1b: Iron Hands|Drain Punch|p2a: Hippowdon\n|-activate|p2a: Hippowdon|move: Protect\n|move|p2b: Garganacl|Salt Cure|p1b: Iron Hands\n|-resisted|p1b: Iron Hands\n|-damage|p1b: Iron Hands|90\/100\n|-start|p1b: Iron Hands|Salt Cure\n|\n|-weather|Sandstorm|[upkeep]\n|-damage|p1a: Scream Tail|82\/100|[from] Sandstorm\n|-damage|p1b: Iron Hands|83\/100|[from] Sandstorm\n|-damage|p2b: Garganacl|95\/100|[from] Sandstorm\n|-heal|p2b: Garganacl|100\/100|[from] item: Leftovers\n|-damage|p1b: Iron Hands|71\/100|[from] Salt Cure\n|upkeep\n|turn|3\n|inactive|Silralisk has 30 seconds left.\n|\n|t:|1682557878\n|switch|p2a: Amoonguss|Amoonguss, L50, F|100\/100\n|move|p1a: Scream Tail|Howl|p1a: Scream Tail|[spread] p1a,p1b\n|-boost|p1a: Scream Tail|atk|1\n|-boost|p1b: Iron Hands|atk|1\n|move|p1b: Iron Hands|Drain Punch|p2a: Amoonguss\n|-resisted|p2a: Amoonguss\n|-damage|p2a: Amoonguss|66\/100\n|-heal|p1b: Iron Hands|88\/100|[from] drain|[of] p2a: Amoonguss\n|move|p2b: Garganacl|Salt Cure|p1a: Scream Tail\n|-damage|p1a: Scream Tail|74\/100\n|-start|p1a: Scream Tail|Salt Cure\n|\n|-weather|Sandstorm|[upkeep]\n|-damage|p1a: Scream Tail|68\/100|[from] Sandstorm\n|-damage|p1b: Iron Hands|82\/100|[from] Sandstorm\n|-damage|p2b: Garganacl|95\/100|[from] Sandstorm\n|-damage|p2a: Amoonguss|60\/100|[from] Sandstorm\n|-heal|p2b: Garganacl|100\/100|[from] item: Leftovers\n|-heal|p2a: Amoonguss|66\/100|[from] item: Black Sludge\n|-damage|p1a: Scream Tail|56\/100|[from] Salt Cure\n|-damage|p1b: Iron Hands|69\/100|[from] Salt Cure\n|upkeep\n|turn|4\n|inactive|Nth Dimensional has 30 seconds left.\n|inactive|Silralisk has 30 seconds left.\n|inactive|Nth Dimensional has 20 seconds left.\n|inactive|Silralisk has 20 seconds left.\n|inactive|Nth Dimensional has 15 seconds left.\n|inactive|Silralisk has 15 seconds left.\n|inactive|Nth Dimensional has 10 seconds left.\n|inactive|Nth Dimensional has 5 seconds left.\n|\n|t:|1682557930\n|-end|p1b: Iron Hands|Quark Drive|[silent]\n|switch|p1b: Dragonite|Dragonite, L50, F, tera:Flying|95\/100\n|-damage|p1b: Dragonite|70\/100|[from] Stealth Rock\n|move|p1a: Scream Tail|Play Rough|p2b: Garganacl\n|-damage|p2b: Garganacl|79\/100\n|move|p2b: Garganacl|Salt Cure|p1a: Scream Tail\n|-damage|p1a: Scream Tail|46\/100\n|move|p2a: Amoonguss|Spore|p1b: Dragonite\n|-status|p1b: Dragonite|slp|[from] move: Spore\n|\n|-weather|Sandstorm|[upkeep]\n|-damage|p1a: Scream Tail|41\/100|[from] Sandstorm\n|-damage|p1b: Dragonite|64\/100 slp|[from] Sandstorm\n|-damage|p2b: Garganacl|73\/100|[from] Sandstorm\n|-damage|p2a: Amoonguss|60\/100|[from] Sandstorm\n|-heal|p2b: Garganacl|79\/100|[from] item: Leftovers\n|-heal|p2a: Amoonguss|66\/100|[from] item: Black Sludge\n|-damage|p1a: Scream Tail|28\/100|[from] Salt Cure\n|upkeep\n|turn|5\n|inactive|Nth Dimensional has 30 seconds left.\n|\n|t:|1682557956\n|move|p1a: Scream Tail|Howl|p1a: Scream Tail|[spread] p1a,p1b\n|-boost|p1a: Scream Tail|atk|1\n|-boost|p1b: Dragonite|atk|1\n|cant|p1b: Dragonite|slp\n|move|p2b: Garganacl|Salt Cure|p1b: Dragonite\n|-supereffective|p1b: Dragonite\n|-crit|p1b: Dragonite\n|-damage|p1b: Dragonite|20\/100 slp\n|-start|p1b: Dragonite|Salt Cure\n|move|p2a: Amoonguss|Spore|p1a: Scream Tail\n|-status|p1a: Scream Tail|slp|[from] move: Spore\n|\n|-weather|Sandstorm|[upkeep]\n|-damage|p1a: Scream Tail|23\/100 slp|[from] Sandstorm\n|-damage|p1b: Dragonite|15\/100 slp|[from] Sandstorm\n|-damage|p2b: Garganacl|73\/100|[from] Sandstorm\n|-damage|p2a: Amoonguss|60\/100|[from] Sandstorm\n|-heal|p2b: Garganacl|79\/100|[from] item: Leftovers\n|-heal|p2a: Amoonguss|66\/100|[from] item: Black Sludge\n|-damage|p1a: Scream Tail|10\/100 slp|[from] Salt Cure\n|-damage|p1b: Dragonite|3\/100 slp|[from] Salt Cure\n|upkeep\n|turn|6\n|inactive|Nth Dimensional has 30 seconds left.\n|inactive|Silralisk has 30 seconds left.\n|\n|t:|1682557990\n|switch|p2b: Hippowdon|Hippowdon, L50, F|34\/100\n|cant|p1a: Scream Tail|slp\n|cant|p1b: Dragonite|slp\n|move|p2a: Amoonguss|Pollen Puff|p2b: Hippowdon\n|-heal|p2b: Hippowdon|84\/100\n|\n|-weather|Sandstorm|[upkeep]\n|-damage|p1a: Scream Tail|5\/100 slp|[from] Sandstorm\n|-damage|p1b: Dragonite|0 fnt|[from] Sandstorm\n|-damage|p2a: Amoonguss|60\/100|[from] Sandstorm\n|faint|p1b: Dragonite\n|-heal|p2a: Amoonguss|66\/100|[from] item: Black Sludge\n|-damage|p1a: Scream Tail|0 fnt|[from] Salt Cure\n|faint|p1a: Scream Tail\n|-end|p1a: Scream Tail|Protosynthesis|[silent]\n|upkeep\n|\n|t:|1682558005\n|switch|p1a: Iron Hands|Iron Hands, L50|69\/100\n|switch|p1b: Pelipper|Pelipper, L50, F|100\/100\n|-damage|p1b: Pelipper|76\/100|[from] Stealth Rock\n|-weather|RainDance|[from] ability: Drizzle|[of] p1b: Pelipper\n|-damage|p1a: Iron Hands|63\/100|[from] Stealth Rock\n|turn|7\n|\n|t:|1682558030\n|switch|p2b: Ting-Lu|Ting-Lu, L50|100\/100\n|-ability|p2b: Ting-Lu|Vessel of Ruin\n|move|p1a: Iron Hands|Fake Out|p2b: Ting-Lu\n|-damage|p2b: Ting-Lu|93\/100\n|move|p1b: Pelipper|Hurricane|p2a: Amoonguss\n|-supereffective|p2a: Amoonguss\n|-crit|p2a: Amoonguss\n|-damage|p2a: Amoonguss|11\/100\n|-start|p2a: Amoonguss|confusion\n|-activate|p2a: Amoonguss|confusion\n|move|p2a: Amoonguss|Spore|p1a: Iron Hands\n|-status|p1a: Iron Hands|slp|[from] move: Spore\n|\n|-weather|RainDance|[upkeep]\n|-heal|p2a: Amoonguss|17\/100|[from] item: Black Sludge\n|upkeep\n|turn|8\n|inactive|Nth Dimensional has 30 seconds left.\n|inactive|Silralisk has 30 seconds left.\n|\n|t:|1682558058\n|switch|p2a: Hippowdon|Hippowdon, L50, F|84\/100\n|-weather|Sandstorm|[from] ability: Sand Stream|[of] p2a: Hippowdon\n|move|p1b: Pelipper|Surf|p2b: Ting-Lu|[spread] p1a,p2a,p2b\n|-supereffective|p2a: Hippowdon\n|-supereffective|p2b: Ting-Lu\n|-damage|p1a: Iron Hands|54\/100 slp\n|-damage|p2a: Hippowdon|58\/100\n|-damage|p2b: Ting-Lu|68\/100\n|cant|p1a: Iron Hands|slp\n|move|p2b: Ting-Lu|Ruination|p1a: Iron Hands\n|-damage|p1a: Iron Hands|28\/100 slp\n|\n|-weather|Sandstorm|[upkeep]\n|-damage|p1a: Iron Hands|21\/100 slp|[from] Sandstorm\n|upkeep\n|turn|9\n|\n|t:|1682558078\n|move|p1b: Pelipper|Hurricane|p2a: Hippowdon\n|-damage|p2a: Hippowdon|38\/100\n|-curestatus|p1a: Iron Hands|slp|[msg]\n|move|p1a: Iron Hands|Drain Punch|p2b: Ting-Lu\n|-supereffective|p2b: Ting-Lu\n|-damage|p2b: Ting-Lu|29\/100\n|-heal|p1a: Iron Hands|44\/100|[from] drain|[of] p2b: Ting-Lu\n|move|p2a: Hippowdon|Yawn|p1b: Pelipper\n|-start|p1b: Pelipper|move: Yawn|[of] p2a: Hippowdon\n|move|p2b: Ting-Lu|Stomping Tantrum|p1a: Iron Hands\n|-supereffective|p1a: Iron Hands\n|-damage|p1a: Iron Hands|1\/100\n|\n|-weather|Sandstorm|[upkeep]\n|-damage|p1a: Iron Hands|0 fnt|[from] Sandstorm\n|faint|p1a: Iron Hands\n|-end|p1a: Iron Hands|Quark Drive|[silent]\n|upkeep\n|turn|10\n|inactive|Silralisk has 30 seconds left.\n|\n|t:|1682558105\n|switch|p2a: Garganacl|Garganacl, L50, F, tera:Ghost|79\/100\n|move|p1b: Pelipper|Surf|p2b: Ting-Lu|[spread] p2a,p2b\n|-supereffective|p2b: Ting-Lu\n|-damage|p2a: Garganacl|65\/100\n|-damage|p2b: Ting-Lu|3\/100\n|-enditem|p2b: Ting-Lu|Aguav Berry|[eat]\n|-heal|p2b: Ting-Lu|36\/100|[from] item: Aguav Berry\n|move|p2b: Ting-Lu|Ruination|p1b: Pelipper\n|-damage|p1b: Pelipper|38\/100\n|\n|-weather|Sandstorm|[upkeep]\n|-damage|p2a: Garganacl|59\/100|[from] Sandstorm\n|-heal|p2a: Garganacl|65\/100|[from] item: Leftovers\n|-end|p1b: Pelipper|move: Yawn|[silent]\n|-status|p1b: Pelipper|slp\n|upkeep\n|turn|11\n|\n|t:|1682558122\n|switch|p2b: Amoonguss|Amoonguss, L50, F|50\/100\n|cant|p1b: Pelipper|slp\n|move|p2a: Garganacl|Salt Cure|p1b: Pelipper\n|-supereffective|p1b: Pelipper\n|-damage|p1b: Pelipper|19\/100 slp\n|-start|p1b: Pelipper|Salt Cure\n|\n|-weather|Sandstorm|[upkeep]\n|-damage|p2a: Garganacl|59\/100|[from] Sandstorm\n|-damage|p2b: Amoonguss|44\/100|[from] Sandstorm\n|-heal|p2a: Garganacl|65\/100|[from] item: Leftovers\n|-heal|p2b: Amoonguss|50\/100|[from] item: Black Sludge\n|-damage|p1b: Pelipper|0 fnt|[from] Salt Cure\n|faint|p1b: Pelipper\n|\n|win|Silralisk\n|upkeep\n|raw|Nth Dimensional's rating: 1195 → 1172<\/strong> (-23 for losing)\n|raw|Silralisk's rating: 1223 → 1246<\/strong> (+23 for winning)\n|l|\u2606Nth Dimensional\n","uploadtime":1682558142,"views":13,"p1id":"nthdimensional","p2id":"silralisk","formatid":"gen9vgc2023regulationc","rating":1172,"private":0,"password":""}