{"id":"gen9vgc2023regulationc-1850091357","p1":"megaprawn","p2":"C4badman","format":"[Gen 9] VGC 2023 Regulation C","log":"|j|\u2606megaprawn\n|j|\u2606C4badman\n|t:|1682286233\n|gametype|doubles\n|player|p1|megaprawn|brycen|1072\n|player|p2|C4badman|brock|1168\n|teamsize|p1|6\n|teamsize|p2|6\n|gen|9\n|tier|[Gen 9] VGC 2023 Regulation C\n|rated|\n|rule|Species Clause: Limit one of each Pok\u00e9mon\n|rule|Item Clause: Limit one of each item\n|clearpoke\n|poke|p1|Armarouge, L50, M|\n|poke|p1|Great Tusk, L50|\n|poke|p1|Talonflame, L50, F|\n|poke|p1|Indeedee-F, L50, F|\n|poke|p1|Gyarados, L50, M|\n|poke|p1|Flutter Mane, L50|\n|poke|p2|Dondozo, L50, M|\n|poke|p2|Tatsugiri, L50, F|\n|poke|p2|Pelipper, L50, F|\n|poke|p2|Chien-Pao, L50|\n|poke|p2|Dragonite, L50, M|\n|poke|p2|Scizor, L50, F|\n|teampreview|4\n|inactive|Battle timer is ON: inactive players will automatically lose when time's up. (requested by C4badman)\nmegaprawn has agreed to open team sheets.\n|inactive|megaprawn has 60 seconds left.\n|inactive|C4badman has 60 seconds left.\n|inactive|megaprawn has 30 seconds left.\n|inactive|megaprawn has 20 seconds left.\n|inactive|megaprawn has 15 seconds left.\n|inactive|megaprawn has 10 seconds left.\n|\n|t:|1682286318\n|start\n|switch|p1a: Gyarados|Gyarados, L50, M, shiny|100\/100\n|switch|p1b: Armarouge|Armarouge, L50, M|100\/100\n|switch|p2a: Pelipper|Pelipper, L50, F|100\/100\n|switch|p2b: Dragonite|Dragonite, L50, M|100\/100\n|-ability|p1a: Gyarados|Intimidate|boost\n|-unboost|p2a: Pelipper|atk|1\n|-unboost|p2b: Dragonite|atk|1\n|-weather|RainDance|[from] ability: Drizzle|[of] p2a: Pelipper\n|turn|1\n|inactive|megaprawn has 30 seconds left.\n|\n|t:|1682286347\n|-terastallize|p1b: Armarouge|Psychic\n|move|p2b: Dragonite|Aqua Jet|p1b: Armarouge\n|-damage|p1b: Armarouge|84\/100\n|-ability|p1b: Armarouge|Weak Armor|boost\n|-unboost|p1b: Armarouge|def|1\n|-boost|p1b: Armarouge|spe|2\n|move|p1b: Armarouge|Expanding Force|p2b: Dragonite\n|-damage|p2b: Dragonite|72\/100\n|move|p1a: Gyarados|Taunt|p2a: Pelipper\n|-start|p2a: Pelipper|move: Taunt\n|cant|p2a: Pelipper|move: Taunt|Tailwind\n|\n|-weather|RainDance|[upkeep]\n|upkeep\n|turn|2\n|\n|t:|1682286367\n|switch|p1a: Indeedee|Indeedee-F, L50, F|100\/100\n|-fieldstart|move: Psychic Terrain|[from] ability: Psychic Surge|[of] p1a: Indeedee\n|switch|p2b: Chien-Pao|Chien-Pao, L50|100\/100\n|-ability|p2b: Chien-Pao|Sword of Ruin\n|move|p1b: Armarouge|Expanding Force|p2b: Chien-Pao|[spread] p2a\n|-immune|p2b: Chien-Pao\n|-damage|p2a: Pelipper|0 fnt\n|faint|p2a: Pelipper\n|\n|-weather|RainDance|[upkeep]\n|upkeep\n|\n|t:|1682286389\n|switch|p2a: Scizor|Scizor, L50, F|100\/100\n|turn|3\n|inactive|megaprawn has 30 seconds left.\n|inactive|megaprawn has 20 seconds left.\n|inactive|megaprawn has 15 seconds left.\n|inactive|C4badman has 30 seconds left.\n|\n|t:|1682286439\n|switch|p1a: Gyarados|Gyarados, L50, M, shiny|100\/100\n|-ability|p1a: Gyarados|Intimidate|boost\n|-unboost|p2a: Scizor|atk|1\n|-unboost|p2b: Chien-Pao|atk|1\n|-enditem|p1a: Gyarados|Psychic Seed\n|-boost|p1a: Gyarados|spd|1|[from] item: Psychic Seed\n|move|p1b: Armarouge|Heat Wave|p2a: Scizor|[spread] p2b\n|-miss|p1b: Armarouge|p2a: Scizor\n|-supereffective|p2b: Chien-Pao\n|-damage|p2b: Chien-Pao|39\/100\n|move|p2b: Chien-Pao|Ice Spinner|p1b: Armarouge\n|-damage|p1b: Armarouge|24\/100\n|-fieldend|move: Psychic Terrain\n|-ability|p1b: Armarouge|Weak Armor|boost\n|-unboost|p1b: Armarouge|def|1\n|-boost|p1b: Armarouge|spe|2\n|move|p2a: Scizor|U-turn|p1b: Armarouge\n|-supereffective|p1b: Armarouge\n|-damage|p1b: Armarouge|0 fnt\n|faint|p1b: Armarouge\n|\n|t:|1682286456\n|switch|p2a: Dragonite|Dragonite, L50, M|72\/100|[from] U-turn\n|\n|-weather|RainDance|[upkeep]\n|upkeep\n|\n|t:|1682286467\n|switch|p1b: Great Tusk|Great Tusk, L50|100\/100\n|turn|4\n|\n|t:|1682286481\n|move|p2a: Dragonite|Aqua Jet|p1b: Great Tusk\n|-supereffective|p1b: Great Tusk\n|-damage|p1b: Great Tusk|52\/100\n|move|p1b: Great Tusk|Rock Slide|p2a: Dragonite|[spread] p2a,p2b\n|-supereffective|p2a: Dragonite\n|-supereffective|p2b: Chien-Pao\n|-damage|p2a: Dragonite|19\/100\n|-damage|p2b: Chien-Pao|0 fnt\n|faint|p2b: Chien-Pao\n|move|p1a: Gyarados|Waterfall|p2a: Dragonite\n|-resisted|p2a: Dragonite\n|-damage|p2a: Dragonite|0 fnt\n|faint|p2a: Dragonite\n|\n|-weather|RainDance|[upkeep]\n|upkeep\n|\n|t:|1682286496\n|switch|p2b: Scizor|Scizor, L50, F|100\/100\n|turn|5\n|\n|t:|1682286505\n|move|p1b: Great Tusk|Rock Slide|p2b: Scizor\n|-damage|p2b: Scizor|81\/100\n|move|p1a: Gyarados|Thunder Wave|p2b: Scizor\n|-status|p2b: Scizor|par\n|cant|p2b: Scizor|flinch\n|\n|-weather|none\n|upkeep\n|turn|6\n|-message|C4badman forfeited.\n|\n|win|megaprawn\n|raw|megaprawn's rating: 1072 → 1109<\/strong> (+37 for winning)\n|raw|C4badman's rating: 1168 → 1136<\/strong> (-32 for losing)\n|l|\u2606C4badman\n","uploadtime":1682286516,"views":10,"p1id":"megaprawn","p2id":"c4badman","formatid":"gen9vgc2023regulationc","rating":1109,"private":0,"password":""}