{"id":"gen9vgc2023regulationc-1857051925","p1":"Kiwigal","p2":"zarderino","format":"[Gen 9] VGC 2023 Regulation C","log":"|j|\u2606Kiwigal\n|j|\u2606zarderino\n|t:|1683141052\n|gametype|doubles\n|player|p1|Kiwigal|emma|1543\n|player|p2|zarderino|steven|1456\n|teamsize|p1|6\n|teamsize|p2|6\n|gen|9\n|tier|[Gen 9] VGC 2023 Regulation C\n|rated|\n|rule|Species Clause: Limit one of each Pok\u00e9mon\n|rule|Item Clause: Limit one of each item\n|clearpoke\n|poke|p1|Dragonite, L50, F|\n|poke|p1|Ting-Lu, L50|\n|poke|p1|Flutter Mane, L50|\n|poke|p1|Arcanine, L50, F|\n|poke|p1|Wo-Chien, L50|\n|poke|p1|Glimmora, L50, M|\n|poke|p2|Ting-Lu, L50|\n|poke|p2|Annihilape, L50, M|\n|poke|p2|Corviknight, L50, F|\n|poke|p2|Iron Moth, L50|\n|poke|p2|Grimmsnarl, L50, M|\n|poke|p2|Gholdengo, L50|\n|teampreview|4\nKiwigal has agreed to open team sheets.\nzarderino rejected open team sheets.\n|inactive|Battle timer is ON: inactive players will automatically lose when time's up. (requested by zarderino)\n|j| DarkRinoRex\n|inactive|zarderino has 60 seconds left.\n|\n|t:|1683141094\n|start\n|switch|p1a: Ting-Lu|Ting-Lu, L50|100\/100\n|switch|p1b: Flutter Mane|Flutter Mane, L50|100\/100\n|switch|p2a: Grimmsnarl|Grimmsnarl, L50, M|100\/100\n|switch|p2b: Gholdengo|Gholdengo, L50|100\/100\n|-ability|p1a: Ting-Lu|Vessel of Ruin\n|turn|1\n|\n|t:|1683141114\n|-terastallize|p2b: Gholdengo|Water\n|move|p2a: Grimmsnarl|Light Screen|p2a: Grimmsnarl\n|-sidestart|p2: zarderino|move: Light Screen\n|move|p1b: Flutter Mane|Moonblast|p2a: Grimmsnarl\n|-supereffective|p2a: Grimmsnarl\n|-damage|p2a: Grimmsnarl|37\/100\n|move|p2b: Gholdengo|Nasty Plot|p2b: Gholdengo\n|-boost|p2b: Gholdengo|spa|2\n|move|p1a: Ting-Lu|Heavy Slam|p2a: Grimmsnarl\n|-supereffective|p2a: Grimmsnarl\n|-damage|p2a: Grimmsnarl|0 fnt\n|faint|p2a: Grimmsnarl\n|\n|upkeep\n|\n|t:|1683141128\n|switch|p2a: Ting-Lu|Ting-Lu, L50|100\/100\n|-ability|p2a: Ting-Lu|Vessel of Ruin\n|turn|2\n|\n|t:|1683141137\n|-end|p1b: Flutter Mane|Protosynthesis|[silent]\n|switch|p1b: Arcanine|Arcanine, L50, F|100\/100\n|-ability|p1b: Arcanine|Intimidate|boost\n|-unboost|p2a: Ting-Lu|atk|1\n|-unboost|p2b: Gholdengo|atk|1\n|move|p1a: Ting-Lu|Protect|p1a: Ting-Lu\n|-singleturn|p1a: Ting-Lu|Protect\n|move|p2b: Gholdengo|Nasty Plot|p2b: Gholdengo\n|-boost|p2b: Gholdengo|spa|2\n|move|p2a: Ting-Lu|Heavy Slam|p1b: Arcanine\n|-resisted|p1b: Arcanine\n|-damage|p1b: Arcanine|90\/100\n|\n|upkeep\n|turn|3\n|\n|t:|1683141154\n|-terastallize|p1a: Ting-Lu|Water\n|move|p1b: Arcanine|Will-O-Wisp|p2a: Ting-Lu\n|-status|p2a: Ting-Lu|brn\n|move|p2b: Gholdengo|Shadow Ball|p1b: Arcanine\n|-damage|p1b: Arcanine|0 fnt\n|faint|p1b: Arcanine\n|move|p1a: Ting-Lu|Rock Slide|p2b: Gholdengo|[spread] p2a,p2b\n|-resisted|p2a: Ting-Lu\n|-damage|p2a: Ting-Lu|95\/100 brn\n|-damage|p2b: Gholdengo|83\/100\n|cant|p2a: Ting-Lu|flinch\n|\n|-heal|p2b: Gholdengo|89\/100|[from] item: Leftovers\n|-damage|p2a: Ting-Lu|89\/100 brn|[from] brn\n|upkeep\n|\n|t:|1683141167\n|switch|p1b: Dragonite|Dragonite, L50, F|100\/100\n|turn|4\n|\n|t:|1683141178\n|move|p2b: Gholdengo|Protect|p2b: Gholdengo\n|-singleturn|p2b: Gholdengo|Protect\n|move|p1b: Dragonite|Stomping Tantrum|p2b: Gholdengo\n|-activate|p2b: Gholdengo|move: Protect\n|move|p1a: Ting-Lu|Earthquake|p2a: Ting-Lu|[spread] p2a\n|-activate|p2b: Gholdengo|move: Protect\n|-immune|p1b: Dragonite\n|-damage|p2a: Ting-Lu|68\/100 brn\n|move|p2a: Ting-Lu|Heavy Slam|p1b: Dragonite\n|-crit|p1b: Dragonite\n|-damage|p1b: Dragonite|92\/100\n|\n|-heal|p2b: Gholdengo|95\/100|[from] item: Leftovers\n|-damage|p2a: Ting-Lu|62\/100 brn|[from] brn\n|upkeep\n|turn|5\n|\n|t:|1683141199\n|move|p1b: Dragonite|Protect|p1b: Dragonite\n|-singleturn|p1b: Dragonite|Protect\n|move|p1a: Ting-Lu|Protect|p1a: Ting-Lu\n|-singleturn|p1a: Ting-Lu|Protect\n|move|p2b: Gholdengo|Shadow Ball|p1b: Dragonite\n|-activate|p1b: Dragonite|move: Protect\n|move|p2a: Ting-Lu|Ruination|p1a: Ting-Lu\n|-activate|p1a: Ting-Lu|move: Protect\n|\n|-heal|p2b: Gholdengo|100\/100|[from] item: Leftovers\n|-damage|p2a: Ting-Lu|56\/100 brn|[from] brn\n|upkeep\n|turn|6\n|\n|t:|1683141215\n|move|p1b: Dragonite|Extreme Speed|p2b: Gholdengo\n|-damage|p2b: Gholdengo|72\/100\n|move|p2b: Gholdengo|Shadow Ball|p1b: Dragonite\n|-damage|p1b: Dragonite|0 fnt\n|faint|p1b: Dragonite\n|move|p1a: Ting-Lu|Earthquake|p2b: Gholdengo|[spread] p2a,p2b\n|-damage|p2a: Ting-Lu|32\/100 brn\n|-damage|p2b: Gholdengo|38\/100\n|move|p2a: Ting-Lu|Ruination|p1a: Ting-Lu\n|-damage|p1a: Ting-Lu|50\/100\n|\n|-heal|p2b: Gholdengo|44\/100|[from] item: Leftovers\n|-damage|p2a: Ting-Lu|26\/100 brn|[from] brn\n|upkeep\n|\n|t:|1683141226\n|switch|p1b: Flutter Mane|Flutter Mane, L50|100\/100\n|turn|7\n|\n|t:|1683141243\n|move|p2b: Gholdengo|Protect|p2b: Gholdengo\n|-singleturn|p2b: Gholdengo|Protect\n|move|p1b: Flutter Mane|Thunderbolt|p2b: Gholdengo\n|-activate|p2b: Gholdengo|move: Protect\n|move|p1a: Ting-Lu|Rock Slide|p2a: Ting-Lu|[spread] p2a\n|-activate|p2b: Gholdengo|move: Protect\n|-resisted|p2a: Ting-Lu\n|-damage|p2a: Ting-Lu|20\/100 brn\n|move|p2a: Ting-Lu|Heavy Slam|p1b: Flutter Mane\n|-supereffective|p1b: Flutter Mane\n|-damage|p1b: Flutter Mane|57\/100\n|\n|-heal|p2b: Gholdengo|50\/100|[from] item: Leftovers\n|-damage|p2a: Ting-Lu|14\/100 brn|[from] brn\n|upkeep\n|turn|8\n|\n|t:|1683141263\n|move|p1b: Flutter Mane|Thunderbolt|p2b: Gholdengo\n|-supereffective|p2b: Gholdengo\n|-damage|p2b: Gholdengo|9\/100\n|-status|p2b: Gholdengo|par\n|move|p1a: Ting-Lu|Rock Slide|p2a: Ting-Lu|[spread] p2a,p2b\n|-resisted|p2a: Ting-Lu\n|-damage|p2a: Ting-Lu|8\/100 brn\n|-damage|p2b: Gholdengo|0 fnt\n|faint|p2b: Gholdengo\n|move|p2a: Ting-Lu|Heavy Slam|p1b: Flutter Mane\n|-supereffective|p1b: Flutter Mane\n|-damage|p1b: Flutter Mane|19\/100\n|\n|-damage|p2a: Ting-Lu|2\/100 brn|[from] brn\n|-sideend|p2: zarderino|move: Light Screen\n|upkeep\n|c|\u2606zarderino|lol\n|c|\u2606Kiwigal|omfg\n|\n|t:|1683141276\n|switch|p2b: Iron Moth|Iron Moth, L50|100\/100\n|-enditem|p2b: Iron Moth|Booster Energy\n|-activate|p2b: Iron Moth|ability: Quark Drive|[fromitem]\n|-start|p2b: Iron Moth|quarkdrivespa\n|turn|9\n|inactive|zarderino has 30 seconds left.\n|\n|t:|1683141305\n|move|p1a: Ting-Lu|Protect|p1a: Ting-Lu\n|-singleturn|p1a: Ting-Lu|Protect\n|move|p1b: Flutter Mane|Thunderbolt|p2b: Iron Moth\n|-damage|p2b: Iron Moth|64\/100\n|move|p2b: Iron Moth|Energy Ball|p1a: Ting-Lu\n|-activate|p1a: Ting-Lu|move: Protect\n|move|p2a: Ting-Lu|Heavy Slam|p1b: Flutter Mane\n|-supereffective|p1b: Flutter Mane\n|-damage|p1b: Flutter Mane|0 fnt\n|faint|p1b: Flutter Mane\n|-end|p1b: Flutter Mane|Protosynthesis|[silent]\n|\n|-damage|p2a: Ting-Lu|0 fnt|[from] brn\n|faint|p2a: Ting-Lu\n|upkeep\n|turn|10\n|c|\u2606Kiwigal|gg\n|\n|t:|1683141320\n|move|p2b: Iron Moth|Energy Ball|p1a: Ting-Lu\n|-supereffective|p1a: Ting-Lu\n|-damage|p1a: Ting-Lu|4\/100\n|move|p1a: Ting-Lu|Earthquake|p2b: Iron Moth\n|-supereffective|p2b: Iron Moth\n|-damage|p2b: Iron Moth|0 fnt\n|faint|p2b: Iron Moth\n|-end|p2b: Iron Moth|Quark Drive|[silent]\n|\n|win|Kiwigal\n|raw|Kiwigal's rating: 1543 → 1558<\/strong> (+15 for winning)\n|raw|zarderino's rating: 1456 → 1441<\/strong> (-15 for losing)\n|c|\u2606zarderino|gg\n","uploadtime":1683141339,"views":8,"p1id":"kiwigal","p2id":"zarderino","formatid":"gen9vgc2023regulationc","rating":1441,"private":0,"password":""}