{"id":"gen9vgc2023regulationc-1858446268","p1":"KlausWole","p2":"nimitznation","format":"[Gen 9] VGC 2023 Regulation C","log":"|j|\u2606KlausWole\n|j|\u2606nimitznation\n|t:|1683313083\n|gametype|doubles\n|player|p1|KlausWole|1|1205\n|player|p2|nimitznation|firebreather|1112\n|teamsize|p1|6\n|teamsize|p2|6\n|gen|9\n|tier|[Gen 9] VGC 2023 Regulation C\n|rated|\n|rule|Species Clause: Limit one of each Pok\u00e9mon\n|rule|Item Clause: Limit one of each item\n|clearpoke\n|poke|p1|Scream Tail, L50|\n|poke|p1|Torkoal, L50, F|\n|poke|p1|Brute Bonnet, L50|\n|poke|p1|Chi-Yu, L50|\n|poke|p1|Talonflame, L50, F|\n|poke|p1|Flutter Mane, L50|\n|poke|p2|Krookodile, L50, M|\n|poke|p2|Meowscarada, L50, F|\n|poke|p2|Flamigo, L50, F|\n|poke|p2|Palafin, L50, M|\n|poke|p2|Flutter Mane, L50|\n|poke|p2|Amoonguss, L50, M|\n|teampreview|4\n|inactive|Battle timer is ON: inactive players will automatically lose when time's up. (requested by KlausWole)\n|inactive|nimitznation has 60 seconds left.\n|\n|t:|1683313143\n|start\n|switch|p1a: Scream Tail|Scream Tail, L50, shiny|100\/100\n|switch|p1b: Torkoal|Torkoal, L50, F|100\/100\n|switch|p2a: Krookodile|Krookodile, L50, M|100\/100\n|switch|p2b: Meowscarada|Meowscarada, L50, F|100\/100\n|-ability|p2a: Krookodile|Intimidate|boost\n|-unboost|p1a: Scream Tail|atk|1\n|-unboost|p1b: Torkoal|atk|1\n|-weather|SunnyDay|[from] ability: Drought|[of] p1b: Torkoal\n|-activate|p1a: Scream Tail|ability: Protosynthesis\n|-start|p1a: Scream Tail|protosynthesisspd\n|turn|1\n|\n|t:|1683313167\n|move|p2b: Meowscarada|Protect|p2b: Meowscarada\n|-singleturn|p2b: Meowscarada|Protect\n|move|p1b: Torkoal|Protect|p1b: Torkoal\n|-singleturn|p1b: Torkoal|Protect\n|move|p2a: Krookodile|Earthquake|p1b: Torkoal|[spread] p1a\n|-activate|p2b: Meowscarada|move: Protect\n|-activate|p1b: Torkoal|move: Protect\n|-damage|p1a: Scream Tail|67\/100\n|-damage|p2a: Krookodile|90\/100|[from] item: Life Orb\n|move|p1a: Scream Tail|Trick Room|p1a: Scream Tail\n|-fieldstart|move: Trick Room|[of] p1a: Scream Tail\n|\n|-weather|SunnyDay|[upkeep]\n|upkeep\n|turn|2\n|inactive|nimitznation has 30 seconds left.\n|\n|t:|1683313199\n|switch|p2b: Palafin|Palafin, L50, M|100\/100\n|-terastallize|p1b: Torkoal|Fire\n|move|p1a: Scream Tail|Helping Hand|p1b: Torkoal\n|-singleturn|p1b: Torkoal|Helping Hand|[of] p1a: Scream Tail\n|move|p2a: Krookodile|Protect|p2a: Krookodile\n|-singleturn|p2a: Krookodile|Protect\n|move|p1b: Torkoal|Eruption|p2a: Krookodile|[spread] p2b\n|-activate|p2a: Krookodile|move: Protect\n|-resisted|p2b: Palafin\n|-enditem|p2b: Palafin|Focus Sash\n|-damage|p2b: Palafin|1\/100\n|\n|-weather|SunnyDay|[upkeep]\n|upkeep\n|turn|3\n|\n|t:|1683313224\n|move|p2b: Palafin|Protect|p2b: Palafin\n|-singleturn|p2b: Palafin|Protect\n|move|p1b: Torkoal|Eruption|p2a: Krookodile|[spread] p2a\n|-activate|p2b: Palafin|move: Protect\n|-damage|p2a: Krookodile|0 fnt\n|faint|p2a: Krookodile\n|move|p1a: Scream Tail|Encore|p2b: Palafin\n|-activate|p2b: Palafin|move: Protect\n|\n|-weather|SunnyDay|[upkeep]\n|upkeep\n|inactive|nimitznation has 30 seconds left.\n|inactive|nimitznation has 20 seconds left.\n|\n|t:|1683313259\n|switch|p2a: Flutter Mane|Flutter Mane, L50|100\/100\n|-activate|p2a: Flutter Mane|ability: Protosynthesis\n|-start|p2a: Flutter Mane|protosynthesisspe\n|turn|4\n|\n|t:|1683313279\n|detailschange|p2b: Palafin|Palafin-Hero, L50, M\n|switch|p2b: Meowscarada|Meowscarada, L50, F|100\/100\n|move|p1a: Scream Tail|Helping Hand|p1b: Torkoal\n|-singleturn|p1b: Torkoal|Helping Hand|[of] p1a: Scream Tail\n|move|p2a: Flutter Mane|Protect|p2a: Flutter Mane\n|-singleturn|p2a: Flutter Mane|Protect\n|move|p1b: Torkoal|Eruption|p2b: Meowscarada|[spread] p2b\n|-activate|p2a: Flutter Mane|move: Protect\n|-supereffective|p2b: Meowscarada\n|-damage|p2b: Meowscarada|0 fnt\n|faint|p2b: Meowscarada\n|\n|-weather|SunnyDay|[upkeep]\n|upkeep\n|\n|t:|1683313294\n|switch|p2b: Palafin|Palafin-Hero, L50, M|1\/100\n|-activate|p2b: Palafin|ability: Zero to Hero\n|turn|5\n|\n|t:|1683313310\n|move|p1a: Scream Tail|Helping Hand|p1b: Torkoal\n|-singleturn|p1b: Torkoal|Helping Hand|[of] p1a: Scream Tail\n|move|p2b: Palafin|Protect|p2b: Palafin\n|-singleturn|p2b: Palafin|Protect\n|move|p2a: Flutter Mane|Protect||[still]\n|-fail|p2a: Flutter Mane\n|move|p1b: Torkoal|Eruption|p2b: Palafin|[spread] p2a\n|-activate|p2b: Palafin|move: Protect\n|-damage|p2a: Flutter Mane|0 fnt\n|faint|p2a: Flutter Mane\n|-end|p2a: Flutter Mane|Protosynthesis|[silent]\n|\n|-weather|none\n|-end|p1a: Scream Tail|Protosynthesis\n|-fieldend|move: Trick Room\n|upkeep\n|turn|6\n|\n|t:|1683313329\n|move|p2b: Palafin|Jet Punch|p1b: Torkoal\n|-supereffective|p1b: Torkoal\n|-damage|p1b: Torkoal|46\/100\n|move|p1a: Scream Tail|Psychic Fangs|p2b: Palafin\n|-damage|p2b: Palafin|0 fnt\n|faint|p2b: Palafin\n|\n|win|KlausWole\n|raw|KlausWole's rating: 1205 → 1223<\/strong> (+18 for winning)\n|raw|nimitznation's rating: 1112 → 1094<\/strong> (-18 for losing)\n","uploadtime":1683313339,"views":12,"p1id":"klauswole","p2id":"nimitznation","formatid":"gen9vgc2023regulationc","rating":1094,"private":0,"password":""}