{"id":"gen9vgc2023regulationc-1861956395","p1":"SwampCorner","p2":"Alfredd2640","format":"[Gen 9] VGC 2023 Regulation C","log":"|j|\u2606SwampCorner\n|j|\u2606Alfredd2640\n|t:|1683823948\n|gametype|doubles\n|player|p1|SwampCorner|boarder|1304\n|player|p2|Alfredd2640|cynthia-gen4|1205\n|teamsize|p1|6\n|teamsize|p2|6\n|gen|9\n|tier|[Gen 9] VGC 2023 Regulation C\n|rated|\n|rule|Species Clause: Limit one of each Pok\u00e9mon\n|rule|Item Clause: Limit one of each item\n|clearpoke\n|poke|p1|Armarouge, L50, M|\n|poke|p1|Indeedee-F, L50, F|\n|poke|p1|Hatterene, L50, F|\n|poke|p1|Iron Hands, L50|\n|poke|p1|Kingambit, L50, F|\n|poke|p1|Torkoal, L50, F|\n|poke|p2|Rotom-Heat, L50|\n|poke|p2|Gastrodon, L50, M|\n|poke|p2|Amoonguss, L50, F|\n|poke|p2|Scizor, L50, F|\n|poke|p2|Flutter Mane, L50|\n|poke|p2|Arcanine, L50, M|\n|teampreview|4\n|inactive|Battle timer is ON: inactive players will automatically lose when time's up. (requested by Alfredd2640)\nSwampCorner has agreed to open team sheets.\n|inactive|Alfredd2640 has 60 seconds left.\n|\n|t:|1683823985\n|start\n|switch|p1a: Indeedee|Indeedee-F, L50, F|100\/100\n|switch|p1b: Armarouge|Armarouge, L50, M|100\/100\n|switch|p2a: Cha Siu|Arcanine, L50, M|100\/100\n|switch|p2b: Flutter Mane|Flutter Mane, L50|100\/100\n|-ability|p2a: Cha Siu|Intimidate|boost\n|-unboost|p1a: Indeedee|atk|1\n|-unboost|p1b: Armarouge|atk|1\n|-fieldstart|move: Psychic Terrain|[from] ability: Psychic Surge|[of] p1a: Indeedee\n|-enditem|p1a: Indeedee|Psychic Seed\n|-boost|p1a: Indeedee|spd|1|[from] item: Psychic Seed\n|turn|1\n|\n|t:|1683823993\n|move|p1a: Indeedee|Follow Me|p1a: Indeedee\n|-singleturn|p1a: Indeedee|move: Follow Me\n|move|p2b: Flutter Mane|Substitute|p2b: Flutter Mane\n|-start|p2b: Flutter Mane|Substitute\n|-damage|p2b: Flutter Mane|76\/100\n|move|p2a: Cha Siu|Snarl|p1a: Indeedee|[spread] p1a,p1b\n|-supereffective|p1a: Indeedee\n|-supereffective|p1b: Armarouge\n|-damage|p1a: Indeedee|88\/100\n|-damage|p1b: Armarouge|83\/100\n|-unboost|p1a: Indeedee|spa|1\n|-unboost|p1b: Armarouge|spa|1\n|move|p1b: Armarouge|Trick Room|p1b: Armarouge\n|-fieldstart|move: Trick Room|[of] p1b: Armarouge\n|\n|upkeep\n|turn|2\n|\n|t:|1683824015\n|move|p2b: Flutter Mane|Protect|p2b: Flutter Mane\n|-singleturn|p2b: Flutter Mane|Protect\n|move|p1a: Indeedee|Psyshock|p2b: Flutter Mane\n|-activate|p2b: Flutter Mane|move: Protect\n|move|p1b: Armarouge|Disable|p2a: Cha Siu\n|-start|p2a: Cha Siu|Disable|Snarl\n|cant|p2a: Cha Siu|Disable|Snarl\n|\n|upkeep\n|turn|3\n|\n|t:|1683824036\n|switch|p2a: Gastrodon|Gastrodon, L50, M|100\/100\n|move|p1a: Indeedee|Psyshock|p2b: Flutter Mane\n|-end|p2b: Flutter Mane|Substitute\n|move|p1b: Armarouge|Expanding Force|p2a: Gastrodon|[spread] p2a,p2b\n|-damage|p2a: Gastrodon|55\/100\n|-damage|p2b: Flutter Mane|25\/100\n|move|p2b: Flutter Mane|Shadow Ball|p1b: Armarouge\n|-supereffective|p1b: Armarouge\n|-damage|p1b: Armarouge|0 fnt\n|faint|p1b: Armarouge\n|-damage|p2b: Flutter Mane|15\/100|[from] item: Life Orb\n|\n|-heal|p2a: Gastrodon|61\/100|[from] item: Leftovers\n|upkeep\n|\n|t:|1683824045\n|switch|p1b: Torkoal|Torkoal, L50, F|100\/100\n|-weather|SunnyDay|[from] ability: Drought|[of] p1b: Torkoal\n|-activate|p2b: Flutter Mane|ability: Protosynthesis\n|-start|p2b: Flutter Mane|protosynthesisspe\n|turn|4\n|\n|t:|1683824056\n|-terastallize|p1b: Torkoal|Fire\n|move|p2b: Flutter Mane|Protect|p2b: Flutter Mane\n|-singleturn|p2b: Flutter Mane|Protect\n|move|p1a: Indeedee|Follow Me|p1a: Indeedee\n|-singleturn|p1a: Indeedee|move: Follow Me\n|move|p1b: Torkoal|Eruption|p2a: Gastrodon|[spread] p2a\n|-activate|p2b: Flutter Mane|move: Protect\n|-resisted|p2a: Gastrodon\n|-damage|p2a: Gastrodon|13\/100\n|move|p2a: Gastrodon|Recover|p2a: Gastrodon\n|-heal|p2a: Gastrodon|63\/100\n|\n|-weather|SunnyDay|[upkeep]\n|-heal|p2a: Gastrodon|69\/100|[from] item: Leftovers\n|upkeep\n|turn|5\n|\n|t:|1683824074\n|-end|p2b: Flutter Mane|Protosynthesis|[silent]\n|switch|p2b: Cha Siu|Arcanine, L50, M|100\/100\n|-ability|p2b: Cha Siu|Intimidate|boost\n|-unboost|p1a: Indeedee|atk|1\n|-unboost|p1b: Torkoal|atk|1\n|move|p1a: Indeedee|Helping Hand|p1b: Torkoal\n|-singleturn|p1b: Torkoal|Helping Hand|[of] p1a: Indeedee\n|move|p1b: Torkoal|Eruption|p2a: Gastrodon|[spread] p2a,p2b\n|-resisted|p2a: Gastrodon\n|-resisted|p2b: Cha Siu\n|-damage|p2a: Gastrodon|0 fnt\n|-damage|p2b: Cha Siu|16\/100\n|-enditem|p2b: Cha Siu|Mago Berry|[eat]\n|-heal|p2b: Cha Siu|49\/100|[from] item: Mago Berry\n|faint|p2a: Gastrodon\n|\n|-weather|SunnyDay|[upkeep]\n|-fieldend|move: Trick Room\n|-fieldend|move: Psychic Terrain\n|upkeep\n|\n|t:|1683824084\n|switch|p2a: Flutter Mane|Flutter Mane, L50|15\/100\n|-activate|p2a: Flutter Mane|ability: Protosynthesis\n|-start|p2a: Flutter Mane|protosynthesisspe\n|turn|6\n|\n|t:|1683824095\n|move|p1a: Indeedee|Follow Me|p1a: Indeedee\n|-singleturn|p1a: Indeedee|move: Follow Me\n|move|p2a: Flutter Mane|Moonblast|p1a: Indeedee\n|-crit|p1a: Indeedee\n|-damage|p1a: Indeedee|0 fnt\n|faint|p1a: Indeedee\n|-damage|p2a: Flutter Mane|5\/100|[from] item: Life Orb\n|move|p2b: Cha Siu|Snarl|p1b: Torkoal\n|-damage|p1b: Torkoal|86\/100\n|-unboost|p1b: Torkoal|spa|1\n|move|p1b: Torkoal|Eruption|p2a: Flutter Mane|[spread] p2a,p2b\n|-resisted|p2b: Cha Siu\n|-damage|p2a: Flutter Mane|0 fnt\n|-damage|p2b: Cha Siu|17\/100\n|faint|p2a: Flutter Mane\n|-end|p2a: Flutter Mane|Protosynthesis|[silent]\n|\n|-weather|SunnyDay|[upkeep]\n|upkeep\n|\n|t:|1683824107\n|switch|p2a: Amoonguss|Amoonguss, L50, F|100\/100\n|switch|p1a: Iron Hands|Iron Hands, L50|100\/100\n|turn|7\n|\n|t:|1683824121\n|move|p2a: Amoonguss|Protect|p2a: Amoonguss\n|-singleturn|p2a: Amoonguss|Protect\n|move|p1a: Iron Hands|Fake Out|p2b: Cha Siu\n|-damage|p2b: Cha Siu|0 fnt\n|faint|p2b: Cha Siu\n|move|p1b: Torkoal|Eruption|p2a: Amoonguss\n|-activate|p2a: Amoonguss|move: Protect\n|\n|-weather|SunnyDay|[upkeep]\n|upkeep\n|turn|8\n|-message|Alfredd2640 forfeited.\n|\n|win|SwampCorner\n|raw|SwampCorner's rating: 1304 → 1318<\/strong> (+14 for winning)\n|raw|Alfredd2640's rating: 1205 → 1187<\/strong> (-18 for losing)\n|l|\u2606Alfredd2640\n","uploadtime":1683824286,"views":12,"p1id":"swampcorner","p2id":"alfredd2640","formatid":"gen9vgc2023regulationc","rating":1187,"private":0,"password":""}