{"id":"gen9vgc2023regulationc-1844926832","p1":"YveltalAllegations","p2":"0rion1798","format":"[Gen 9] VGC 2023 Regulation C","log":"|j|\u2606YveltalAllegations\n|j|\u26060rion1798\n|t:|1681664918\n|gametype|doubles\n|player|p1|YveltalAllegations|brycenman|1197\n|player|p2|0rion1798|cynthia|1111\n|teamsize|p1|6\n|teamsize|p2|6\n|gen|9\n|tier|[Gen 9] VGC 2023 Regulation C\n|rated|\n|rule|Species Clause: Limit one of each Pok\u00e9mon\n|rule|Item Clause: Limit one of each item\n|clearpoke\n|poke|p1|Palafin, L50, F|\n|poke|p1|Chien-Pao, L50|\n|poke|p1|Lokix, L50, M|\n|poke|p1|Flutter Mane, L50|\n|poke|p1|Arcanine, L50, F|\n|poke|p1|Scream Tail, L50|\n|poke|p2|Tyranitar, L50, F|\n|poke|p2|Glimmora, L50, M|\n|poke|p2|Chi-Yu, L50|\n|poke|p2|Flutter Mane, L50|\n|poke|p2|Amoonguss, L50, M|\n|poke|p2|Palafin, L50, F|\n|teampreview|4\nYveltalAllegations has agreed to open team sheets.\n|\n|t:|1681664986\n|start\n|switch|p1a: Super|Palafin, L50, F, shiny|100\/100\n|switch|p1b: Suffer|Flutter Mane, L50, shiny|100\/100\n|switch|p2a: Landorus Apologist|Tyranitar, L50, F|100\/100\n|switch|p2b: Amongus Hater|Glimmora, L50, M|100\/100\n|-weather|Sandstorm|[from] ability: Sand Stream|[of] p2a: Landorus Apologist\n|turn|1\n|\n|t:|1681665018\n|move|p1a: Super|Flip Turn|p2a: Landorus Apologist\n|-supereffective|p2a: Landorus Apologist\n|-damage|p2a: Landorus Apologist|58\/100\n|\n|t:|1681665022\n|detailschange|p1a: Super|Palafin-Hero, L50, F, shiny\n|switch|p1a: Steve|Arcanine, L50, F|100\/100|[from] Flip Turn\n|-ability|p1a: Steve|Intimidate|boost\n|-unboost|p2a: Landorus Apologist|atk|1\n|-unboost|p2b: Amongus Hater|atk|1\n|move|p1b: Suffer|Dazzling Gleam|p2b: Amongus Hater|[spread] p2a,p2b\n|-supereffective|p2a: Landorus Apologist\n|-resisted|p2b: Amongus Hater\n|-damage|p2a: Landorus Apologist|0 fnt\n|-damage|p2b: Amongus Hater|82\/100\n|faint|p2a: Landorus Apologist\n|move|p2b: Amongus Hater|Mortal Spin|p1b: Suffer|[spread] p1a,p1b\n|-damage|p1a: Steve|97\/100\n|-damage|p1b: Suffer|96\/100\n|-status|p1a: Steve|psn\n|-status|p1b: Suffer|psn\n|\n|-weather|Sandstorm|[upkeep]\n|-damage|p1b: Suffer|90\/100 psn|[from] Sandstorm\n|-heal|p2b: Amongus Hater|88\/100|[from] item: Leftovers\n|-damage|p1b: Suffer|78\/100 psn|[from] psn\n|-damage|p1a: Steve|85\/100 psn|[from] psn\n|upkeep\n|\n|t:|1681665047\n|switch|p2a: Gen 9 Incin|Flutter Mane, L50|100\/100\n|-enditem|p2a: Gen 9 Incin|Booster Energy\n|-activate|p2a: Gen 9 Incin|ability: Protosynthesis|[fromitem]\n|-start|p2a: Gen 9 Incin|protosynthesisspe\n|turn|2\n|\n|t:|1681665084\n|move|p1a: Steve|Extreme Speed|p2b: Amongus Hater\n|-resisted|p2b: Amongus Hater\n|-damage|p2b: Amongus Hater|79\/100\n|move|p2a: Gen 9 Incin|Imprison|p2a: Gen 9 Incin\n|-start|p2a: Gen 9 Incin|move: Imprison\n|move|p1b: Suffer|Dazzling Gleam|p2a: Gen 9 Incin|[spread] p2a,p2b\n|-resisted|p2b: Amongus Hater\n|-damage|p2a: Gen 9 Incin|60\/100\n|-damage|p2b: Amongus Hater|61\/100\n|move|p2b: Amongus Hater|Venoshock|p1b: Suffer\n|-damage|p1b: Suffer|18\/100 psn\n|\n|-weather|Sandstorm|[upkeep]\n|-damage|p2a: Gen 9 Incin|54\/100|[from] Sandstorm\n|-damage|p1b: Suffer|12\/100 psn|[from] Sandstorm\n|-heal|p2b: Amongus Hater|67\/100|[from] item: Leftovers\n|-damage|p1b: Suffer|0 fnt|[from] psn\n|faint|p1b: Suffer\n|-end|p1b: Suffer|Protosynthesis|[silent]\n|-damage|p1a: Steve|73\/100 psn|[from] psn\n|upkeep\n|\n|t:|1681665110\n|switch|p1b: Super|Palafin-Hero, L50, F, shiny|100\/100\n|-activate|p1b: Super|ability: Zero to Hero\n|turn|3\n|\n|t:|1681665142\n|-terastallize|p2b: Amongus Hater|Grass\n|move|p2a: Gen 9 Incin|Protect|p2a: Gen 9 Incin\n|-singleturn|p2a: Gen 9 Incin|Protect\n|move|p1b: Super|Wave Crash|p2a: Gen 9 Incin\n|-activate|p2a: Gen 9 Incin|move: Protect\n|move|p1a: Steve|Flare Blitz|p2b: Amongus Hater\n|-supereffective|p2b: Amongus Hater\n|-damage|p2b: Amongus Hater|0 fnt\n|faint|p2b: Amongus Hater\n|-damage|p1a: Steve|52\/100 psn|[from] Recoil\n|\n|-weather|Sandstorm|[upkeep]\n|-damage|p2a: Gen 9 Incin|47\/100|[from] Sandstorm\n|-damage|p1b: Super|94\/100|[from] Sandstorm\n|-damage|p1a: Steve|39\/100 psn|[from] psn\n|upkeep\n|\n|t:|1681665155\n|switch|p2b: Amongus|Amoonguss, L50, M|100\/100\n|turn|4\n|\n|t:|1681665175\n|move|p2b: Amongus|Rage Powder|p2b: Amongus\n|-singleturn|p2b: Amongus|move: Rage Powder\n|move|p2a: Gen 9 Incin|Moonblast|p1b: Super\n|-damage|p1b: Super|48\/100\n|-unboost|p1b: Super|spa|1\n|move|p1b: Super|Wave Crash|p2b: Amongus\n|-resisted|p2b: Amongus\n|-damage|p2b: Amongus|68\/100\n|-damage|p1b: Super|34\/100|[from] Recoil\n|move|p1a: Steve|Flare Blitz|p2b: Amongus\n|-supereffective|p2b: Amongus\n|-damage|p2b: Amongus|0 fnt\n|faint|p2b: Amongus\n|-damage|p1a: Steve|13\/100 psn|[from] Recoil\n|\n|-weather|Sandstorm|[upkeep]\n|-damage|p2a: Gen 9 Incin|41\/100|[from] Sandstorm\n|-damage|p1b: Super|28\/100|[from] Sandstorm\n|-damage|p1a: Steve|1\/100 psn|[from] psn\n|upkeep\n|turn|5\n|\n|t:|1681665197\n|switch|p1a: Slasher|Lokix, L50, M, shiny|100\/100\n|move|p2a: Gen 9 Incin|Moonblast|p1b: Super\n|-damage|p1b: Super|0 fnt\n|faint|p1b: Super\n|\n|-weather|none\n|upkeep\n|\n|t:|1681665203\n|switch|p1b: Steve|Arcanine, L50, F|1\/100 psn\n|-ability|p1b: Steve|Intimidate|boost\n|-unboost|p2a: Gen 9 Incin|atk|1\n|turn|6\n|\n|t:|1681665226\n|move|p2a: Gen 9 Incin|Protect|p2a: Gen 9 Incin\n|-singleturn|p2a: Gen 9 Incin|Protect\n|move|p1a: Slasher|First Impression|p2a: Gen 9 Incin\n|-activate|p2a: Gen 9 Incin|move: Protect\n|move|p1b: Steve|Flare Blitz|p2a: Gen 9 Incin\n|-activate|p2a: Gen 9 Incin|move: Protect\n|\n|-damage|p1b: Steve|0 fnt|[from] psn\n|faint|p1b: Steve\n|upkeep\n|turn|7\n|\n|t:|1681665238\n|-terastallize|p1a: Slasher|Ghost\n|move|p2a: Gen 9 Incin|Moonblast|p1a: Slasher\n|-damage|p1a: Slasher|22\/100\n|-unboost|p1a: Slasher|spa|1\n|move|p1a: Slasher|Throat Chop|p2a: Gen 9 Incin\n|-damage|p2a: Gen 9 Incin|0 fnt\n|faint|p2a: Gen 9 Incin\n|-end|p2a: Gen 9 Incin|Protosynthesis|[silent]\n|-damage|p1a: Slasher|13\/100|[from] item: Life Orb\n|\n|win|YveltalAllegations\n|raw|YveltalAllegations's rating: 1197 → 1216<\/strong> (+19 for winning)\n|raw|0rion1798's rating: 1111 → 1092<\/strong> (-19 for losing)\n|c|\u2606YveltalAllegations|GG\n|l|\u26060rion1798\n","uploadtime":1681665253,"views":34,"p1id":"yveltalallegations","p2id":"0rion1798","formatid":"gen9vgc2023regulationc","rating":1092,"private":0,"password":""}