{"id":"gen9vgc2023regulationc-1846080679","p1":"sergefxz","p2":"tghdfgh","format":"[Gen 9] VGC 2023 Regulation C","log":"|j|\u2606sergefxz\n|j|\u2606tghdfgh\n|t:|1681803020\n|gametype|doubles\n|player|p1|sergefxz|roxie|1135\n|player|p2|tghdfgh|1|1095\n|teamsize|p1|6\n|teamsize|p2|6\n|gen|9\n|tier|[Gen 9] VGC 2023 Regulation C\n|rated|\n|rule|Species Clause: Limit one of each Pok\u00e9mon\n|rule|Item Clause: Limit one of each item\n|clearpoke\n|poke|p1|Gyarados, L50, M|\n|poke|p1|Chi-Yu, L50|\n|poke|p1|Iron Hands, L50|\n|poke|p1|Kingambit, L50, M|\n|poke|p1|Amoonguss, L50, F|\n|poke|p1|Flutter Mane, L50|\n|poke|p2|Torkoal, L50, F|\n|poke|p2|Chi-Yu, L50|\n|poke|p2|Bronzong, L50|\n|poke|p2|Gastrodon, L50, M|\n|poke|p2|Grimmsnarl, L50, M|\n|poke|p2|Skeledirge, L50, M|\n|teampreview|4\n|inactive|Battle timer is ON: inactive players will automatically lose when time's up. (requested by tghdfgh)\nsergefxz has agreed to open team sheets.\n|inactive|sergefxz has 60 seconds left.\n|\n|t:|1681803080\n|start\n|switch|p1a: Flutter Mane|Flutter Mane, L50|100\/100\n|switch|p1b: Kingambit|Kingambit, L50, M|100\/100\n|switch|p2a: Gastrodon|Gastrodon, L50, M|100\/100\n|switch|p2b: Grimmsnarl|Grimmsnarl, L50, M|100\/100\n|-enditem|p1a: Flutter Mane|Booster Energy\n|-activate|p1a: Flutter Mane|ability: Protosynthesis|[fromitem]\n|-start|p1a: Flutter Mane|protosynthesisspa\n|turn|1\n|\n|t:|1681803102\n|-end|p1a: Flutter Mane|Protosynthesis|[silent]\n|switch|p1a: Gyarados|Gyarados, L50, M|100\/100\n|-ability|p1a: Gyarados|Intimidate|boost\n|-unboost|p2a: Gastrodon|atk|1\n|-unboost|p2b: Grimmsnarl|atk|1\n|move|p2a: Gastrodon|Protect|p2a: Gastrodon\n|-singleturn|p2a: Gastrodon|Protect\n|move|p2b: Grimmsnarl|Trick|p1a: Gyarados\n|-activate|p2b: Grimmsnarl|move: Trick|[of] p1a: Gyarados\n|-item|p1a: Gyarados|Lagging Tail|[from] move: Trick\n|-item|p2b: Grimmsnarl|Sitrus Berry|[from] move: Trick\n|move|p1b: Kingambit|Iron Head|p2b: Grimmsnarl\n|-supereffective|p2b: Grimmsnarl\n|-damage|p2b: Grimmsnarl|5\/100\n|-enditem|p2b: Grimmsnarl|Sitrus Berry|[eat]\n|-heal|p2b: Grimmsnarl|30\/100|[from] item: Sitrus Berry\n|\n|upkeep\n|turn|2\n|inactive|sergefxz has 30 seconds left.\n|inactive|sergefxz has 20 seconds left.\n|inactive|sergefxz has 15 seconds left.\n|\n|t:|1681803146\n|switch|p2b: Skeledirge|Skeledirge, L50, M|100\/100\n|move|p1b: Kingambit|Iron Head|p2b: Skeledirge\n|-resisted|p2b: Skeledirge\n|-damage|p2b: Skeledirge|81\/100\n|move|p2a: Gastrodon|Earth Power|p1b: Kingambit\n|-supereffective|p1b: Kingambit\n|-crit|p1b: Kingambit\n|-damage|p1b: Kingambit|34\/100\n|move|p1a: Gyarados|Icy Wind|p2a: Gastrodon|[spread] \n|-miss|p1a: Gyarados|p2a: Gastrodon\n|-miss|p1a: Gyarados|p2b: Skeledirge\n|\n|-heal|p2b: Skeledirge|87\/100|[from] item: Leftovers\n|upkeep\n|turn|3\n|inactive|sergefxz has 30 seconds left.\n|\n|t:|1681803178\n|move|p1b: Kingambit|Sucker Punch|p2a: Gastrodon\n|-damage|p2a: Gastrodon|51\/100\n|move|p2b: Skeledirge|Encore|p1a: Gyarados\n|-start|p1a: Gyarados|Encore\n|move|p2a: Gastrodon|Earth Power|p1b: Kingambit\n|-supereffective|p1b: Kingambit\n|-damage|p1b: Kingambit|0 fnt\n|faint|p1b: Kingambit\n|move|p1a: Gyarados|Icy Wind|p2a: Gastrodon|[spread] p2a,p2b\n|-resisted|p2b: Skeledirge\n|-damage|p2a: Gastrodon|46\/100\n|-damage|p2b: Skeledirge|84\/100\n|-unboost|p2b: Skeledirge|spe|1\n|\n|-heal|p2b: Skeledirge|90\/100|[from] item: Leftovers\n|upkeep\n|\n|t:|1681803192\n|switch|p1b: Flutter Mane|Flutter Mane, L50|100\/100\n|turn|4\n|\n|t:|1681803208\n|-terastallize|p1b: Flutter Mane|Fairy\n|move|p2b: Skeledirge|Protect|p2b: Skeledirge\n|-singleturn|p2b: Skeledirge|Protect\n|move|p1b: Flutter Mane|Shadow Ball|p2b: Skeledirge\n|-activate|p2b: Skeledirge|move: Protect\n|move|p2a: Gastrodon|Earth Power|p1a: Gyarados\n|-immune|p1a: Gyarados\n|move|p1a: Gyarados|Icy Wind|p2b: Skeledirge|[spread] p2a\n|-activate|p2b: Skeledirge|move: Protect\n|-crit|p2a: Gastrodon\n|-damage|p2a: Gastrodon|40\/100\n|\n|-heal|p2b: Skeledirge|96\/100|[from] item: Leftovers\n|upkeep\n|turn|5\n|\n|t:|1681803225\n|switch|p2b: Chi-Yu|Chi-Yu, L50|100\/100\n|-ability|p2b: Chi-Yu|Beads of Ruin\n|move|p1b: Flutter Mane|Shadow Ball|p2b: Chi-Yu\n|-resisted|p2b: Chi-Yu\n|-damage|p2b: Chi-Yu|82\/100\n|move|p2a: Gastrodon|Sludge Bomb|p1b: Flutter Mane\n|-supereffective|p1b: Flutter Mane\n|-damage|p1b: Flutter Mane|40\/100\n|move|p1a: Gyarados|Icy Wind|p2a: Gastrodon|[spread] p2a,p2b\n|-resisted|p2b: Chi-Yu\n|-damage|p2a: Gastrodon|33\/100\n|-damage|p2b: Chi-Yu|79\/100\n|-unboost|p2b: Chi-Yu|spe|1\n|\n|-end|p1a: Gyarados|Encore\n|upkeep\n|turn|6\n|\n|t:|1681803246\n|move|p2a: Gastrodon|Protect|p2a: Gastrodon\n|-singleturn|p2a: Gastrodon|Protect\n|move|p1b: Flutter Mane|Dazzling Gleam|p2a: Gastrodon|[spread] p2b\n|-activate|p2a: Gastrodon|move: Protect\n|-damage|p2b: Chi-Yu|39\/100\n|move|p2b: Chi-Yu|Snarl|p1a: Gyarados|[spread] p1a,p1b\n|-resisted|p1b: Flutter Mane\n|-damage|p1a: Gyarados|81\/100\n|-damage|p1b: Flutter Mane|28\/100\n|-unboost|p1a: Gyarados|spa|1\n|-unboost|p1b: Flutter Mane|spa|1\n|move|p1a: Gyarados|Waterfall|p2a: Gastrodon\n|-activate|p2a: Gastrodon|ability: Storm Drain\n|-activate|p2a: Gastrodon|move: Protect\n|\n|upkeep\n|turn|7\n|inactive|tghdfgh has 30 seconds left.\n|inactive|tghdfgh has 20 seconds left.\n|inactive|tghdfgh has 15 seconds left.\n|\n|t:|1681803287\n|-terastallize|p2a: Gastrodon|Steel\n|move|p2b: Chi-Yu|Protect|p2b: Chi-Yu\n|-singleturn|p2b: Chi-Yu|Protect\n|move|p1b: Flutter Mane|Dazzling Gleam|p2a: Gastrodon|[spread] p2a\n|-activate|p2b: Chi-Yu|move: Protect\n|-resisted|p2a: Gastrodon\n|-crit|p2a: Gastrodon\n|-damage|p2a: Gastrodon|1\/100\n|move|p2a: Gastrodon|Sludge Bomb|p1b: Flutter Mane\n|-supereffective|p1b: Flutter Mane\n|-damage|p1b: Flutter Mane|0 fnt\n|faint|p1b: Flutter Mane\n|-end|p1b: Flutter Mane|Protosynthesis|[silent]\n|move|p1a: Gyarados|Icy Wind|p2a: Gastrodon|[spread] p2a\n|-activate|p2b: Chi-Yu|move: Protect\n|-resisted|p2a: Gastrodon\n|-damage|p2a: Gastrodon|0 fnt\n|faint|p2a: Gastrodon\n|\n|upkeep\n|inactive|sergefxz has 30 seconds left.\n|\n|t:|1681803315\n|switch|p1b: Chi-Yu|Chi-Yu, L50|100\/100\n|switch|p2a: Grimmsnarl|Grimmsnarl, L50, M|30\/100\n|-ability|p1b: Chi-Yu|Beads of Ruin\n|turn|8\n|inactive|tghdfgh has 30 seconds left.\n|\n|t:|1681803340\n|move|p2a: Grimmsnarl|Fake Out|p1a: Gyarados\n|-damage|p1a: Gyarados|67\/100\n|move|p1b: Chi-Yu|Heat Wave|p2a: Grimmsnarl|[spread] p2a,p2b\n|-resisted|p2b: Chi-Yu\n|-damage|p2a: Grimmsnarl|0 fnt\n|-damage|p2b: Chi-Yu|20\/100\n|-enditem|p2b: Chi-Yu|Wiki Berry|[eat]\n|-heal|p2b: Chi-Yu|53\/100|[from] item: Wiki Berry\n|faint|p2a: Grimmsnarl\n|move|p2b: Chi-Yu|Snarl|p1a: Gyarados|[spread] p1a,p1b\n|-resisted|p1b: Chi-Yu\n|-damage|p1a: Gyarados|47\/100\n|-damage|p1b: Chi-Yu|89\/100\n|-unboost|p1a: Gyarados|spa|1\n|-unboost|p1b: Chi-Yu|spa|1\n|cant|p1a: Gyarados|flinch\n|\n|upkeep\n|\n|t:|1681803350\n|switch|p2a: Skeledirge|Skeledirge, L50, M|96\/100\n|turn|9\n|\n|t:|1681803371\n|move|p1b: Chi-Yu|Dark Pulse|p2a: Skeledirge\n|-supereffective|p2a: Skeledirge\n|-damage|p2a: Skeledirge|5\/100\n|move|p2b: Chi-Yu|Tera Blast|p1a: Gyarados\n|-damage|p1a: Gyarados|23\/100\n|move|p2a: Skeledirge|Tera Blast|p1a: Gyarados\n|-damage|p1a: Gyarados|0 fnt\n|faint|p1a: Gyarados\n|\n|-heal|p2a: Skeledirge|11\/100|[from] item: Leftovers\n|upkeep\n|turn|10\n|\n|t:|1681803384\n|move|p2a: Skeledirge|Protect|p2a: Skeledirge\n|-singleturn|p2a: Skeledirge|Protect\n|move|p1b: Chi-Yu|Dark Pulse|p2a: Skeledirge\n|-activate|p2a: Skeledirge|move: Protect\n|move|p2b: Chi-Yu|Snarl|p1b: Chi-Yu\n|-resisted|p1b: Chi-Yu\n|-damage|p1b: Chi-Yu|76\/100\n|-unboost|p1b: Chi-Yu|spa|1\n|\n|-heal|p2a: Skeledirge|16\/100|[from] item: Leftovers\n|upkeep\n|turn|11\n|\n|t:|1681803396\n|move|p1b: Chi-Yu|Dark Pulse|p2a: Skeledirge\n|-supereffective|p2a: Skeledirge\n|-damage|p2a: Skeledirge|0 fnt\n|faint|p2a: Skeledirge\n|move|p2b: Chi-Yu|Tera Blast|p1b: Chi-Yu\n|-damage|p1b: Chi-Yu|46\/100\n|\n|upkeep\n|turn|12\n|\n|t:|1681803404\n|move|p2b: Chi-Yu|Protect|p2b: Chi-Yu\n|-singleturn|p2b: Chi-Yu|Protect\n|move|p1b: Chi-Yu|Dark Pulse|p2b: Chi-Yu\n|-activate|p2b: Chi-Yu|move: Protect\n|\n|upkeep\n|turn|13\n|\n|t:|1681803410\n|move|p1b: Chi-Yu|Overheat|p2b: Chi-Yu\n|-resisted|p2b: Chi-Yu\n|-damage|p2b: Chi-Yu|36\/100\n|-unboost|p1b: Chi-Yu|spa|2\n|move|p2b: Chi-Yu|Tera Blast|p1b: Chi-Yu\n|-damage|p1b: Chi-Yu|16\/100\n|\n|upkeep\n|turn|14\n|-message|sergefxz forfeited.\n|\n|win|tghdfgh\n|raw|sergefxz's rating: 1135 → 1107<\/strong> (-28 for losing)\n|raw|tghdfgh's rating: 1095 → 1124<\/strong> (+29 for winning)\n|l|\u2606sergefxz\n","uploadtime":1681803421,"views":10,"p1id":"sergefxz","p2id":"tghdfgh","formatid":"gen9vgc2023regulationc","rating":1107,"private":0,"password":""}