{"id":"gen9vgc2023regulationc-1851263175","p1":"AnthonyL","p2":"Rlcorleone10","format":"[Gen 9] VGC 2023 Regulation C","log":"|j|\u2606AnthonyL\n|j|\u2606Rlcorleone10\n|t:|1682430692\n|gametype|doubles\n|player|p1|AnthonyL|265|1379\n|player|p2|Rlcorleone10|lance|1408\n|teamsize|p1|6\n|teamsize|p2|6\n|gen|9\n|tier|[Gen 9] VGC 2023 Regulation C\n|rated|\n|rule|Species Clause: Limit one of each Pok\u00e9mon\n|rule|Item Clause: Limit one of each item\n|clearpoke\n|poke|p1|Garchomp, L50, F|\n|poke|p1|Gyarados, L50, M|\n|poke|p1|Amoonguss, L50, F|\n|poke|p1|Corviknight, L50, M|\n|poke|p1|Chi-Yu, L50|\n|poke|p1|Flutter Mane, L50|\n|poke|p2|Chien-Pao, L50|\n|poke|p2|Haxorus, L50, F|\n|poke|p2|Flutter Mane, L50|\n|poke|p2|Amoonguss, L50, F|\n|poke|p2|Palafin, L50, M|\n|poke|p2|Talonflame, L50, F|\n|teampreview|4\n|inactive|Battle timer is ON: inactive players will automatically lose when time's up. (requested by AnthonyL)\nAnthonyL has agreed to open team sheets.\n|inactive|Rlcorleone10 has 60 seconds left.\n|\n|t:|1682430735\n|start\n|switch|p1a: Gyarados|Gyarados, L50, M|100\/100\n|switch|p1b: Corviknight|Corviknight, L50, M|100\/100\n|switch|p2a: Haxorus|Haxorus, L50, F, shiny|100\/100\n|switch|p2b: Talonflame|Talonflame, L50, F, shiny|100\/100\n|-ability|p2a: Haxorus|Mold Breaker\n|-ability|p1a: Gyarados|Intimidate|boost\n|-unboost|p2a: Haxorus|atk|1\n|-unboost|p2b: Talonflame|atk|1\n|turn|1\n|inactive|Rlcorleone10 has 30 seconds left.\n|inactive|Rlcorleone10 has 20 seconds left.\n|inactive|Rlcorleone10 has 15 seconds left.\n|inactive|Rlcorleone10 has 10 seconds left.\n|inactive|Rlcorleone10 has 5 seconds left.\n|\n|t:|1682430788\n|move|p2b: Talonflame|Will-O-Wisp|p1a: Gyarados\n|-status|p1a: Gyarados|brn\n|move|p2a: Haxorus|Rock Slide|p1b: Corviknight|[spread] p1a,p1b\n|-supereffective|p1a: Gyarados\n|-damage|p1a: Gyarados|59\/100 brn\n|-damage|p1b: Corviknight|85\/100\n|-damage|p2a: Haxorus|90\/100|[from] item: Life Orb\n|move|p1a: Gyarados|Thunder Wave|p2b: Talonflame\n|-status|p2b: Talonflame|par\n|move|p1b: Corviknight|Tailwind|p1b: Corviknight\n|-sidestart|p1: AnthonyL|move: Tailwind\n|\n|-damage|p1a: Gyarados|53\/100 brn|[from] brn\n|upkeep\n|turn|2\n|inactive|AnthonyL has 30 seconds left.\n|inactive|Rlcorleone10 has 30 seconds left.\n|\n|t:|1682430820\n|move|p1a: Gyarados|Waterfall|p2b: Talonflame\n|-supereffective|p2b: Talonflame\n|-damage|p2b: Talonflame|57\/100 par\n|move|p1b: Corviknight|Body Press|p2a: Haxorus\n|-damage|p2a: Haxorus|65\/100\n|move|p2a: Haxorus|Rock Slide|p1b: Corviknight|[spread] p1a,p1b\n|-supereffective|p1a: Gyarados\n|-damage|p1a: Gyarados|12\/100 brn\n|-damage|p1b: Corviknight|68\/100\n|-damage|p2a: Haxorus|55\/100|[from] item: Life Orb\n|cant|p2b: Talonflame|par\n|\n|-damage|p1a: Gyarados|6\/100 brn|[from] brn\n|upkeep\n|turn|3\n|inactive|Rlcorleone10 has 30 seconds left.\n|\n|t:|1682430853\n|move|p2a: Haxorus|Protect|p2a: Haxorus\n|-singleturn|p2a: Haxorus|Protect\n|move|p1a: Gyarados|Waterfall|p2b: Talonflame\n|-supereffective|p2b: Talonflame\n|-damage|p2b: Talonflame|14\/100 par\n|move|p1b: Corviknight|Brave Bird|p2b: Talonflame\n|-damage|p2b: Talonflame|0 fnt\n|faint|p2b: Talonflame\n|-damage|p1b: Corviknight|64\/100|[from] Recoil\n|\n|-damage|p1a: Gyarados|0 fnt|[from] brn\n|faint|p1a: Gyarados\n|upkeep\n|\n|t:|1682430867\n|switch|p2b: Amoonguss|Amoonguss, L50, F|100\/100\n|switch|p1a: Flutter Mane|Flutter Mane, L50|100\/100\n|-enditem|p1a: Flutter Mane|Booster Energy\n|-activate|p1a: Flutter Mane|ability: Protosynthesis|[fromitem]\n|-start|p1a: Flutter Mane|protosynthesisspe\n|turn|4\n|inactive|Rlcorleone10 has 30 seconds left.\n|\n|t:|1682430899\n|switch|p2a: Flutter Mane|Flutter Mane, L50|100\/100\n|move|p1a: Flutter Mane|Protect|p1a: Flutter Mane\n|-singleturn|p1a: Flutter Mane|Protect\n|move|p1b: Corviknight|Brave Bird|p2b: Amoonguss\n|-supereffective|p2b: Amoonguss\n|-damage|p2b: Amoonguss|32\/100\n|-enditem|p2b: Amoonguss|Sitrus Berry|[eat]\n|-heal|p2b: Amoonguss|57\/100|[from] item: Sitrus Berry\n|-damage|p1b: Corviknight|40\/100|[from] Recoil\n|move|p2b: Amoonguss|Spore|p1a: Flutter Mane\n|-activate|p1a: Flutter Mane|move: Protect\n|\n|-sideend|p1: AnthonyL|move: Tailwind\n|upkeep\n|turn|5\n|inactive|Rlcorleone10 has 30 seconds left.\n|\n|t:|1682430938\n|-terastallize|p1a: Flutter Mane|Fairy\n|-terastallize|p2a: Flutter Mane|Fairy\n|move|p1a: Flutter Mane|Dazzling Gleam|p2b: Amoonguss|[spread] p2a,p2b\n|-resisted|p2b: Amoonguss\n|-damage|p2a: Flutter Mane|55\/100\n|-damage|p2b: Amoonguss|39\/100\n|move|p2a: Flutter Mane|Moonblast|p1b: Corviknight\n|-resisted|p1b: Corviknight\n|-damage|p1b: Corviknight|0 fnt\n|faint|p1b: Corviknight\n|move|p2b: Amoonguss|Spore|p1a: Flutter Mane\n|-status|p1a: Flutter Mane|slp|[from] move: Spore\n|\n|upkeep\n|\n|t:|1682430946\n|switch|p1b: Chi-Yu|Chi-Yu, L50|100\/100\n|-ability|p1b: Chi-Yu|Beads of Ruin\n|turn|6\n|\n|t:|1682430967\n|move|p2b: Amoonguss|Protect|p2b: Amoonguss\n|-singleturn|p2b: Amoonguss|Protect\n|cant|p1a: Flutter Mane|slp\n|move|p1b: Chi-Yu|Heat Wave|p2a: Flutter Mane|[spread] p2a\n|-activate|p2b: Amoonguss|move: Protect\n|-damage|p2a: Flutter Mane|0 fnt\n|faint|p2a: Flutter Mane\n|-end|p2a: Flutter Mane|Protosynthesis|[silent]\n|\n|upkeep\n|\n|t:|1682430978\n|switch|p2a: Haxorus|Haxorus, L50, F, shiny|55\/100\n|-ability|p2a: Haxorus|Mold Breaker\n|turn|7\n|inactive|Rlcorleone10 has 30 seconds left.\n|\n|t:|1682431004\n|move|p2a: Haxorus|First Impression|p1b: Chi-Yu\n|-damage|p1b: Chi-Yu|24\/100\n|-damage|p2a: Haxorus|45\/100|[from] item: Life Orb\n|cant|p1a: Flutter Mane|slp\n|move|p1b: Chi-Yu|Heat Wave|p2b: Amoonguss|[spread] p2a,p2b\n|-resisted|p2a: Haxorus\n|-supereffective|p2b: Amoonguss\n|-damage|p2a: Haxorus|10\/100\n|-damage|p2b: Amoonguss|0 fnt\n|faint|p2b: Amoonguss\n|\n|upkeep\n|turn|8\n|\n|t:|1682431018\n|cant|p1a: Flutter Mane|slp\n|move|p1b: Chi-Yu|Heat Wave|p2a: Haxorus\n|-resisted|p2a: Haxorus\n|-damage|p2a: Haxorus|0 fnt\n|faint|p2a: Haxorus\n|\n|win|AnthonyL\n|raw|AnthonyL's rating: 1379 → 1401<\/strong> (+22 for winning)\n|raw|Rlcorleone10's rating: 1408 → 1386<\/strong> (-22 for losing)\n|c|\u2606AnthonyL|ggs\n|l|\u2606Rlcorleone10\n","uploadtime":1682431030,"views":11,"p1id":"anthonyl","p2id":"rlcorleone10","formatid":"gen9vgc2023regulationc","rating":1386,"private":0,"password":""}