{"id":"gen9vgc2023regulationc-1849935833","p1":"TFrickinDizzle","p2":"Sr.Jedito1996","format":"[Gen 9] VGC 2023 Regulation C","log":"|j|\u2606TFrickinDizzle\n|j|\u2606Sr.Jedito1996\n|t:|1682269856\n|gametype|doubles\n|player|p1|TFrickinDizzle|swimmer-gen4dp|1075\n|player|p2|Sr.Jedito1996|hilda|1000\n|teamsize|p1|6\n|teamsize|p2|6\n|gen|9\n|tier|[Gen 9] VGC 2023 Regulation C\n|rated|\n|rule|Species Clause: Limit one of each Pok\u00e9mon\n|rule|Item Clause: Limit one of each item\n|clearpoke\n|poke|p1|Armarouge, L50, M|\n|poke|p1|Indeedee-F, L50, F|\n|poke|p1|Torkoal, L50, M|\n|poke|p1|Palafin, L50, M|\n|poke|p1|Amoonguss, L50, F|\n|poke|p1|Arcanine, L50, M|\n|poke|p2|Lurantis, L50, F|\n|poke|p2|Torkoal, L50, M|\n|poke|p2|Dachsbun, L50, M|\n|poke|p2|Chi-Yu, L50|\n|poke|p2|Flutter Mane, L50|\n|poke|p2|Farigiraf, L50, M|\n|teampreview|4\n|inactive|Battle timer is ON: inactive players will automatically lose when time's up. (requested by TFrickinDizzle)\nTFrickinDizzle has agreed to open team sheets.\nSr.Jedito1996 has agreed to open team sheets.\n|inactive|TFrickinDizzle has 60 seconds left.\n|\n|t:|1682269910\n|start\n|switch|p1a: Indeedee|Indeedee-F, L50, F|100\/100\n|switch|p1b: Palafin|Palafin, L50, M, shiny|100\/100\n|switch|p2a: Torkoal|Torkoal, L50, M|100\/100\n|switch|p2b: Dachsbun|Dachsbun, L50, M|100\/100\n|-fieldstart|move: Psychic Terrain|[from] ability: Psychic Surge|[of] p1a: Indeedee\n|-weather|SunnyDay|[from] ability: Drought|[of] p2a: Torkoal\n|turn|1\n|\n|t:|1682269932\n|move|p1b: Palafin|Protect|p1b: Palafin\n|-singleturn|p1b: Palafin|Protect\n|move|p2b: Dachsbun|Body Press|p1b: Palafin\n|-activate|p1b: Palafin|move: Protect\n|move|p2a: Torkoal|Eruption|p1a: Indeedee|[spread] p1a\n|-activate|p1b: Palafin|move: Protect\n|-damage|p1a: Indeedee|36\/100\n|move|p1a: Indeedee|Trick Room|p1a: Indeedee\n|-fieldstart|move: Trick Room|[of] p1a: Indeedee\n|\n|-weather|SunnyDay|[upkeep]\n|upkeep\n|turn|2\n|inactive|TFrickinDizzle has 30 seconds left.\n|\n|t:|1682269965\n|switch|p2a: Chi-Yu|Chi-Yu, L50|100\/100\n|-ability|p2a: Chi-Yu|Beads of Ruin\n|switch|p1a: Arcanine|Arcanine, L50, M|100\/100\n|-ability|p1a: Arcanine|Intimidate|boost\n|-unboost|p2a: Chi-Yu|atk|1\n|-unboost|p2b: Dachsbun|atk|1\n|detailschange|p1b: Palafin|Palafin-Hero, L50, M, shiny\n|switch|p1b: Torkoal|Torkoal, L50, M|100\/100\n|move|p2b: Dachsbun|Protect||[still]\n|-fail|p2b: Dachsbun\n|\n|-weather|SunnyDay|[upkeep]\n|upkeep\n|turn|3\n|inactive|TFrickinDizzle has 30 seconds left.\n|inactive|Sr.Jedito1996 has 30 seconds left.\n|\n|t:|1682269997\n|move|p1b: Torkoal|Earth Power|p2a: Chi-Yu\n|-supereffective|p2a: Chi-Yu\n|-damage|p2a: Chi-Yu|36\/100\n|move|p2b: Dachsbun|Body Press|p1b: Torkoal\n|-damage|p1b: Torkoal|86\/100\n|move|p1a: Arcanine|Will-O-Wisp|p2b: Dachsbun\n|-ability|p2b: Dachsbun|Well-Baked Body|boost\n|-boost|p2b: Dachsbun|def|2\n|move|p2a: Chi-Yu|Snarl|p1a: Arcanine|[spread] p1a,p1b\n|-damage|p1a: Arcanine|59\/100\n|-damage|p1b: Torkoal|45\/100\n|-unboost|p1a: Arcanine|spa|1\n|-unboost|p1b: Torkoal|spa|1\n|\n|-weather|SunnyDay|[upkeep]\n|upkeep\n|turn|4\n|c|\u2606TFrickinDizzle|oop\n|inactive|TFrickinDizzle has 30 seconds left.\n|\n|t:|1682270024\n|move|p1b: Torkoal|Protect|p1b: Torkoal\n|-singleturn|p1b: Torkoal|Protect\n|move|p1a: Arcanine|Protect|p1a: Arcanine\n|-singleturn|p1a: Arcanine|Protect\n|move|p2b: Dachsbun|Body Press|p1a: Arcanine\n|-activate|p1a: Arcanine|move: Protect\n|move|p2a: Chi-Yu|Snarl|p1b: Torkoal|[spread] \n|-activate|p1a: Arcanine|move: Protect\n|-activate|p1b: Torkoal|move: Protect\n|\n|-weather|SunnyDay|[upkeep]\n|upkeep\n|turn|5\n|\n|t:|1682270048\n|switch|p1a: Indeedee|Indeedee-F, L50, F|36\/100\n|move|p1b: Torkoal|Earth Power|p2a: Chi-Yu\n|-supereffective|p2a: Chi-Yu\n|-damage|p2a: Chi-Yu|0 fnt\n|faint|p2a: Chi-Yu\n|move|p2b: Dachsbun|Body Press|p1a: Indeedee\n|-damage|p1a: Indeedee|0 fnt\n|faint|p1a: Indeedee\n|\n|-weather|none\n|-fieldend|move: Trick Room\n|-fieldend|move: Psychic Terrain\n|upkeep\n|\n|t:|1682270067\n|switch|p2a: Lurantis|Lurantis, L50, F|100\/100\n|switch|p1a: Arcanine|Arcanine, L50, M|59\/100\n|-ability|p1a: Arcanine|Intimidate|boost\n|-boost|p2a: Lurantis|atk|1\n|-unboost|p2b: Dachsbun|atk|1\n|turn|6\n|inactive|Sr.Jedito1996 has 30 seconds left.\n|\n|t:|1682270093\n|-terastallize|p2a: Lurantis|Water\n|move|p1a: Arcanine|Will-O-Wisp|p2a: Lurantis\n|-status|p2a: Lurantis|brn\n|move|p2b: Dachsbun|Body Press|p1a: Arcanine\n|-damage|p1a: Arcanine|3\/100\n|move|p2a: Lurantis|Leaf Storm|p1b: Torkoal\n|-resisted|p1b: Torkoal\n|-damage|p1b: Torkoal|19\/100\n|-boost|p2a: Lurantis|spa|2\n|move|p1b: Torkoal|Eruption|p2a: Lurantis|[spread] p2a\n|-ability|p2b: Dachsbun|Well-Baked Body|boost\n|-boost|p2b: Dachsbun|def|2\n|-resisted|p2a: Lurantis\n|-damage|p2a: Lurantis|97\/100 brn\n|\n|-damage|p2a: Lurantis|91\/100 brn|[from] brn\n|upkeep\n|turn|7\n|c|\u2606TFrickinDizzle|oh i messed up bad lmfao\n|inactive|TFrickinDizzle has 30 seconds left.\n|inactive|Sr.Jedito1996 has 30 seconds left.\n|-message|TFrickinDizzle forfeited.\n|\n|win|Sr.Jedito1996\n|raw|TFrickinDizzle's rating: 1075 → 1049<\/strong> (-26 for losing)\n|raw|Sr.Jedito1996's rating: 1000 → 1049<\/strong> (+49 for winning)\n|l|\u2606TFrickinDizzle\n|c|\u2606Sr.Jedito1996|yeah me too\n","uploadtime":1682270151,"views":7,"p1id":"tfrickindizzle","p2id":"srjedito1996","formatid":"gen9vgc2023regulationc","rating":1049,"private":0,"password":""}