{"id":"gen9vgc2023regulationc-1847454262","p1":"The Penguinari","p2":"TrainerRYSA","format":"[Gen 9] VGC 2023 Regulation C","log":"|j|\u2606The Penguinari\n|j|\u2606TrainerRYSA\n|t:|1681957072\n|gametype|doubles\n|player|p1|The Penguinari|grimsley|\n|player|p2|TrainerRYSA|169|\n|teamsize|p1|6\n|teamsize|p2|6\n|gen|9\n|tier|[Gen 9] VGC 2023 Regulation C\n|rule|Species Clause: Limit one of each Pok\u00e9mon\n|rule|Item Clause: Limit one of each item\n|clearpoke\n|poke|p1|Iron Bundle, L50|\n|poke|p1|Amoonguss, L50, F|\n|poke|p1|Chi-Yu, L50|\n|poke|p1|Gyarados, L50, F|\n|poke|p1|Dragapult, L50, M|\n|poke|p1|Chien-Pao, L50|\n|poke|p2|Flutter Mane, L50|\n|poke|p2|Iron Hands, L50|\n|poke|p2|Dragonite, L50, M|\n|poke|p2|Umbreon, L50, M|\n|poke|p2|Gyarados, L50, M|\n|poke|p2|Palafin, L50, F|\n|teampreview|4\nThe Penguinari has agreed to open team sheets.\nTrainerRYSA has agreed to open team sheets.\n|\n|t:|1681957127\n|start\n|switch|p1a: Iron Bundle|Iron Bundle, L50|100\/100\n|switch|p1b: Chi-Yu|Chi-Yu, L50|100\/100\n|switch|p2a: Flutter Mane|Flutter Mane, L50|100\/100\n|switch|p2b: Iron Hands|Iron Hands, L50|100\/100\n|-ability|p1b: Chi-Yu|Beads of Ruin\n|-enditem|p1a: Iron Bundle|Booster Energy\n|-activate|p1a: Iron Bundle|ability: Quark Drive|[fromitem]\n|-start|p1a: Iron Bundle|quarkdrivespe\n|-enditem|p2a: Flutter Mane|Booster Energy\n|-activate|p2a: Flutter Mane|ability: Protosynthesis|[fromitem]\n|-start|p2a: Flutter Mane|protosynthesisspa\n|turn|1\n|\n|t:|1681957169\n|-end|p2a: Flutter Mane|Protosynthesis|[silent]\n|switch|p2a: Gyarados|Gyarados, L50, M, shiny|100\/100\n|-ability|p2a: Gyarados|Intimidate|boost\n|-unboost|p1a: Iron Bundle|atk|1\n|-unboost|p1b: Chi-Yu|atk|1\n|-terastallize|p1b: Chi-Yu|Ghost\n|move|p1a: Iron Bundle|Protect|p1a: Iron Bundle\n|-singleturn|p1a: Iron Bundle|Protect\n|move|p1b: Chi-Yu|Heat Wave|p2a: Gyarados|[spread] p2a,p2b\n|-resisted|p2a: Gyarados\n|-damage|p2a: Gyarados|75\/100\n|-damage|p2b: Iron Hands|74\/100\n|move|p2b: Iron Hands|Drain Punch|p1a: Iron Bundle\n|-activate|p1a: Iron Bundle|move: Protect\n|\n|upkeep\n|turn|2\n|\n|t:|1681957224\n|-terastallize|p2a: Gyarados|Poison\n|move|p1a: Iron Bundle|Freeze-Dry|p2a: Gyarados\n|-damage|p2a: Gyarados|22\/100\n|-enditem|p2a: Gyarados|Sitrus Berry|[eat]\n|-heal|p2a: Gyarados|46\/100|[from] item: Sitrus Berry\n|move|p2a: Gyarados|Thunder Wave|p1a: Iron Bundle\n|-status|p1a: Iron Bundle|par\n|move|p1b: Chi-Yu|Overheat|p2b: Iron Hands\n|-damage|p2b: Iron Hands|30\/100\n|-unboost|p1b: Chi-Yu|spa|2\n|move|p2b: Iron Hands|Drain Punch|p1a: Iron Bundle\n|-supereffective|p1a: Iron Bundle\n|-damage|p1a: Iron Bundle|17\/100 par\n|-heal|p2b: Iron Hands|54\/100|[from] drain|[of] p1a: Iron Bundle\n|\n|upkeep\n|turn|3\n|\n|t:|1681957270\n|switch|p1b: Gyarados|Gyarados, L50, F|100\/100\n|-ability|p1b: Gyarados|Intimidate|boost\n|-unboost|p2a: Gyarados|atk|1\n|-unboost|p2b: Iron Hands|atk|1\n|move|p1a: Iron Bundle|Hydro Pump|p2b: Iron Hands\n|-damage|p2b: Iron Hands|26\/100\n|move|p2a: Gyarados|Dragon Dance|p2a: Gyarados\n|-boost|p2a: Gyarados|atk|1\n|-boost|p2a: Gyarados|spe|1\n|move|p2b: Iron Hands|Heavy Slam|p1a: Iron Bundle\n|-damage|p1a: Iron Bundle|0 fnt\n|faint|p1a: Iron Bundle\n|-end|p1a: Iron Bundle|Quark Drive|[silent]\n|\n|upkeep\n|\n|t:|1681957282\n|switch|p1a: Dragapult|Dragapult, L50, M|100\/100\n|turn|4\n|\n|t:|1681957320\n|-end|p2b: Iron Hands|Quark Drive|[silent]\n|switch|p2b: Flutter Mane|Flutter Mane, L50|100\/100\n|move|p1a: Dragapult|Phantom Force||[still]\n|-prepare|p1a: Dragapult|Phantom Force\n|move|p2a: Gyarados|Taunt|p1b: Gyarados\n|-start|p1b: Gyarados|move: Taunt\n|cant|p1b: Gyarados|move: Taunt|Thunder Wave\n|\n|upkeep\n|turn|5\n|\n|t:|1681957366\n|move|p1a: Dragapult|Phantom Force|p2a: Gyarados|[from]lockedmove\n|-damage|p2a: Gyarados|0 fnt\n|faint|p2a: Gyarados\n|move|p2b: Flutter Mane|Dazzling Gleam|p1b: Gyarados|[spread] p1a,p1b\n|-supereffective|p1a: Dragapult\n|-damage|p1a: Dragapult|20\/100\n|-damage|p1b: Gyarados|81\/100\n|move|p1b: Gyarados|Waterfall|p2b: Flutter Mane\n|-damage|p2b: Flutter Mane|53\/100\n|\n|upkeep\n|\n|t:|1681957383\n|switch|p2a: Dragonite|Dragonite, L50, M, shiny|100\/100\n|turn|6\n|\n|t:|1681957413\n|switch|p1b: Chi-Yu|Chi-Yu, L50, tera:Ghost|100\/100\n|-ability|p1b: Chi-Yu|Beads of Ruin\n|move|p1a: Dragapult|Phantom Force||[still]\n|-prepare|p1a: Dragapult|Phantom Force\n|move|p2b: Flutter Mane|Dazzling Gleam|p1a: Dragapult|[spread] p1b\n|-miss|p2b: Flutter Mane|p1a: Dragapult\n|-damage|p1b: Chi-Yu|68\/100\n|move|p2a: Dragonite|Outrage|p1a: Dragapult|[miss]\n|-miss|p2a: Dragonite|p1a: Dragapult\n|\n|upkeep\n|turn|7\n|\n|t:|1681957433\n|-end|p2b: Flutter Mane|Protosynthesis|[silent]\n|switch|p2b: Iron Hands|Iron Hands, L50|26\/100\n|move|p1a: Dragapult|Phantom Force|p2b: Iron Hands|[from]lockedmove\n|-damage|p2b: Iron Hands|0 fnt\n|faint|p2b: Iron Hands\n|-end|p2b: Iron Hands|Quark Drive|[silent]\n|move|p1b: Chi-Yu|Dark Pulse|p2a: Dragonite\n|-damage|p2a: Dragonite|47\/100\n|move|p2a: Dragonite|Outrage|p1a: Dragapult\n|-supereffective|p1a: Dragapult\n|-damage|p1a: Dragapult|0 fnt\n|faint|p1a: Dragapult\n|\n|upkeep\n|\n|t:|1681957445\n|switch|p1a: Gyarados|Gyarados, L50, F|81\/100\n|switch|p2b: Flutter Mane|Flutter Mane, L50|53\/100\n|-ability|p1a: Gyarados|Intimidate|boost\n|-fail|p2a: Dragonite|unboost|Attack|[from] ability: Inner Focus|[of] p2a: Dragonite\n|-unboost|p2b: Flutter Mane|atk|1\n|turn|8\n|\n|t:|1681957489\n|move|p2b: Flutter Mane|Shadow Ball|p1b: Chi-Yu\n|-supereffective|p1b: Chi-Yu\n|-damage|p1b: Chi-Yu|0 fnt\n|faint|p1b: Chi-Yu\n|move|p2a: Dragonite|Outrage|p1a: Gyarados|[from]lockedmove\n|-damage|p1a: Gyarados|0 fnt\n|faint|p1a: Gyarados\n|\n|win|TrainerRYSA\n|c|\u2606The Penguinari|gg\n|l|\u2606TrainerRYSA\n","uploadtime":1681957982,"views":12,"p1id":"thepenguinari","p2id":"trainerrysa","formatid":"gen9vgc2023regulationc","rating":0,"private":0,"password":""}