{"id":"gen9vgc2023regulationc-1846703481","p1":"CPU_35","p2":"sdkjfhdmz","format":"[Gen 9] VGC 2023 Regulation C","log":"|j|\u2606CPU_35\n|j|\u2606sdkjfhdmz\n|t:|1681867862\n|gametype|doubles\n|player|p1|CPU_35|unknown|1000\n|player|p2|sdkjfhdmz|li|1042\n|teamsize|p1|6\n|teamsize|p2|6\n|gen|9\n|tier|[Gen 9] VGC 2023 Regulation C\n|rated|\n|rule|Species Clause: Limit one of each Pok\u00e9mon\n|rule|Item Clause: Limit one of each item\n|clearpoke\n|poke|p1|Altaria, L50, F|\n|poke|p1|Garganacl, L50, F|\n|poke|p1|Iron Valiant, L50|\n|poke|p1|Ceruledge, L50, F|\n|poke|p1|Meowscarada, L50, F|\n|poke|p1|Ting-Lu, L50|\n|poke|p2|Pelipper, L50, F|\n|poke|p2|Palafin, L50, F|\n|poke|p2|Chien-Pao, L50|\n|poke|p2|Amoonguss, L50, M|\n|poke|p2|Hydreigon, L50, M|\n|poke|p2|Raichu, L50, F|\n|teampreview|4\n|inactive|Battle timer is ON: inactive players will automatically lose when time's up. (requested by sdkjfhdmz)\n|inactive|sdkjfhdmz has 60 seconds left.\n|\n|t:|1681867897\n|start\n|switch|p1a: Midas|Altaria, L50, F, shiny|100\/100\n|switch|p1b: Dwayne|Garganacl, L50, F|100\/100\n|switch|p2a: Palafin|Palafin, L50, F|100\/100\n|switch|p2b: Chien-Pao|Chien-Pao, L50|100\/100\n|-ability|p2b: Chien-Pao|Sword of Ruin\n|-ability|p1a: Midas|Cloud Nine\n|turn|1\n|\n|t:|1681867921\n|switch|p2b: Pelipper|Pelipper, L50, F|100\/100\n|-weather|RainDance|[from] ability: Drizzle|[of] p2b: Pelipper\n|-terastallize|p2a: Palafin|Water\n|move|p2a: Palafin|Jet Punch|p1b: Dwayne\n|-supereffective|p1b: Dwayne\n|-damage|p1b: Dwayne|46\/100\n|-damage|p2a: Palafin|84\/100|[from] item: Rocky Helmet|[of] p1b: Dwayne\n|move|p1a: Midas|Cotton Guard|p1a: Midas\n|-boost|p1a: Midas|def|3\n|move|p1b: Dwayne|Brick Break|p2b: Pelipper\n|-resisted|p2b: Pelipper\n|-damage|p2b: Pelipper|92\/100\n|\n|-weather|RainDance|[upkeep]\n|upkeep\n|turn|2\n|inactive|CPU_35 has 30 seconds left.\n|\n|t:|1681867953\n|move|p2a: Palafin|Jet Punch|p1b: Dwayne\n|-supereffective|p1b: Dwayne\n|-damage|p1b: Dwayne|0 fnt\n|-damage|p2a: Palafin|67\/100|[from] item: Rocky Helmet|[of] p1b: Dwayne\n|faint|p1b: Dwayne\n|move|p1a: Midas|Dazzling Gleam|p2b: Pelipper|[spread] p2a,p2b\n|-damage|p2a: Palafin|51\/100\n|-damage|p2b: Pelipper|75\/100\n|move|p2b: Pelipper|Tailwind|p2b: Pelipper\n|-sidestart|p2: sdkjfhdmz|move: Tailwind\n|\n|-weather|RainDance|[upkeep]\n|upkeep\n|\n|t:|1681867966\n|switch|p1b: Sharpie|Iron Valiant, L50, shiny|100\/100\n|-enditem|p1b: Sharpie|Booster Energy\n|-activate|p1b: Sharpie|ability: Quark Drive|[fromitem]\n|-start|p1b: Sharpie|quarkdrivespe\n|turn|3\n|inactive|sdkjfhdmz has 30 seconds left.\n|\n|t:|1681867995\n|detailschange|p2a: Palafin|Palafin-Hero, L50, F, tera:Water\n|switch|p2a: Amoonguss|Amoonguss, L50, M|100\/100\n|move|p2b: Pelipper|Protect|p2b: Pelipper\n|-singleturn|p2b: Pelipper|Protect\n|move|p1b: Sharpie|Grass Knot|p2a: Amoonguss\n|-resisted|p2a: Amoonguss\n|-damage|p2a: Amoonguss|99\/100\n|move|p1a: Midas|Dazzling Gleam|p2a: Amoonguss|[spread] p2a\n|-activate|p2b: Pelipper|move: Protect\n|-resisted|p2a: Amoonguss\n|-damage|p2a: Amoonguss|96\/100\n|\n|-weather|RainDance|[upkeep]\n|upkeep\n|turn|4\n|inactive|CPU_35 has 30 seconds left.\n|inactive|sdkjfhdmz has 30 seconds left.\n|\n|t:|1681868021\n|move|p2b: Pelipper|Wide Guard|p2b: Pelipper\n|-singleturn|p2b: Pelipper|Wide Guard\n|move|p1b: Sharpie|Moonblast|p2b: Pelipper\n|-crit|p2b: Pelipper\n|-damage|p2b: Pelipper|0 fnt\n|faint|p2b: Pelipper\n|move|p1a: Midas|Acrobatics|p2a: Amoonguss\n|-supereffective|p2a: Amoonguss\n|-damage|p2a: Amoonguss|17\/100\n|move|p2a: Amoonguss|Spore|p1b: Sharpie\n|-status|p1b: Sharpie|slp|[from] move: Spore\n|\n|-weather|RainDance|[upkeep]\n|upkeep\n|inactive|sdkjfhdmz has 30 seconds left.\n|\n|t:|1681868047\n|switch|p2b: Chien-Pao|Chien-Pao, L50|100\/100\n|-ability|p2b: Chien-Pao|Sword of Ruin\n|turn|5\n|\n|t:|1681868064\n|switch|p2b: Palafin|Palafin-Hero, L50, F, tera:Water|51\/100\n|-activate|p2b: Palafin|ability: Zero to Hero\n|cant|p1b: Sharpie|slp\n|move|p1a: Midas|Acrobatics|p2a: Amoonguss\n|-supereffective|p2a: Amoonguss\n|-damage|p2a: Amoonguss|0 fnt\n|faint|p2a: Amoonguss\n|\n|-weather|RainDance|[upkeep]\n|-sideend|p2: sdkjfhdmz|move: Tailwind\n|upkeep\n|\n|t:|1681868072\n|switch|p2a: Chien-Pao|Chien-Pao, L50|100\/100\n|-ability|p2a: Chien-Pao|Sword of Ruin\n|turn|6\n|\n|t:|1681868094\n|-curestatus|p1b: Sharpie|slp|[msg]\n|move|p1b: Sharpie|Grass Knot|p2b: Palafin\n|-supereffective|p2b: Palafin\n|-damage|p2b: Palafin|0 fnt\n|faint|p2b: Palafin\n|move|p2a: Chien-Pao|Ice Spinner|p1a: Midas\n|-supereffective|p1a: Midas\n|-damage|p1a: Midas|0 fnt\n|faint|p1a: Midas\n|\n|-weather|RainDance|[upkeep]\n|upkeep\n|\n|t:|1681868107\n|switch|p1a: Heaven\u2019s door|Ceruledge, L50, F|100\/100\n|turn|7\n|\n|t:|1681868119\n|move|p1b: Sharpie|Aura Sphere|p2a: Chien-Pao\n|-supereffective|p2a: Chien-Pao\n|-damage|p2a: Chien-Pao|0 fnt\n|faint|p2a: Chien-Pao\n|\n|win|CPU_35\n|raw|CPU_35's rating: 1000 → 1045<\/strong> (+45 for winning)\n|raw|sdkjfhdmz's rating: 1042 → 1024<\/strong> (-18 for losing)\n|l|\u2606sdkjfhdmz\n","uploadtime":1681868131,"views":15,"p1id":"cpu35","p2id":"sdkjfhdmz","formatid":"gen9vgc2023regulationc","rating":1024,"private":0,"password":""}