{"id":"gen9vgc2023regulationc-1851895102","p1":"lamp114514","p2":"360pk","format":"[Gen 9] VGC 2023 Regulation C","log":"|j|\u2606lamp114514\n|j|\u2606360pk\n|t:|1682502161\n|gametype|doubles\n|player|p1|lamp114514|169|1263\n|player|p2|360pk|2|1295\n|teamsize|p1|6\n|teamsize|p2|6\n|gen|9\n|tier|[Gen 9] VGC 2023 Regulation C\n|rated|\n|rule|Species Clause: Limit one of each Pok\u00e9mon\n|rule|Item Clause: Limit one of each item\n|clearpoke\n|poke|p1|Scizor, L50, M|\n|poke|p1|Flutter Mane, L50|\n|poke|p1|Rotom-Wash, L50|\n|poke|p1|Great Tusk, L50|\n|poke|p1|Arcanine, L50, F|\n|poke|p1|Chien-Pao, L50|\n|poke|p2|Palafin, L50, M|\n|poke|p2|Ting-Lu, L50|\n|poke|p2|Kingambit, L50, M|\n|poke|p2|Amoonguss, L50, M|\n|poke|p2|Arcanine, L50, M|\n|poke|p2|Flutter Mane, L50|\n|teampreview|4\n|\n|t:|1682502197\n|start\n|switch|p1a: Great Tusk|Great Tusk, L50|100\/100\n|switch|p1b: dont miss|Rotom-Wash, L50|100\/100\n|switch|p2a: ChiYu|Arcanine, L50, M|100\/100\n|switch|p2b: Dozo|Palafin, L50, M|100\/100\n|-ability|p2a: ChiYu|Intimidate|boost\n|-unboost|p1a: Great Tusk|atk|1\n|-unboost|p1b: dont miss|atk|1\n|turn|1\n|\n|t:|1682502219\n|-end|p1a: Great Tusk|Protosynthesis|[silent]\n|switch|p1a: Arcanine|Arcanine, L50, F|100\/100\n|-ability|p1a: Arcanine|Intimidate|boost\n|-unboost|p2a: ChiYu|atk|1\n|-unboost|p2b: Dozo|atk|1\n|detailschange|p2b: Dozo|Palafin-Hero, L50, M\n|switch|p2b: Ting-Lu|Ting-Lu, L50|100\/100\n|-ability|p2b: Ting-Lu|Vessel of Ruin\n|move|p2a: ChiYu|Will-O-Wisp|p1a: Arcanine\n|-immune|p1a: Arcanine\n|move|p1b: dont miss|Will-O-Wisp|p2b: Ting-Lu\n|-status|p2b: Ting-Lu|brn\n|\n|-damage|p2b: Ting-Lu|95\/100 brn|[from] brn\n|upkeep\n|turn|2\n|\n|t:|1682502243\n|move|p1a: Arcanine|Extreme Speed|p2a: ChiYu\n|-damage|p2a: ChiYu|72\/100\n|move|p2a: ChiYu|Will-O-Wisp|p1b: dont miss\n|-status|p1b: dont miss|brn\n|move|p1b: dont miss|Thunderbolt|p2a: ChiYu\n|-damage|p2a: ChiYu|45\/100\n|move|p2b: Ting-Lu|Ruination|p1b: dont miss\n|-damage|p1b: dont miss|51\/100 brn\n|\n|-damage|p1b: dont miss|45\/100 brn|[from] brn\n|-damage|p2b: Ting-Lu|89\/100 brn|[from] brn\n|upkeep\n|-enditem|p1b: dont miss|Sitrus Berry|[eat]\n|-heal|p1b: dont miss|70\/100 brn|[from] item: Sitrus Berry\n|turn|3\n|\n|t:|1682502272\n|move|p2a: ChiYu|Extreme Speed|p1b: dont miss\n|-damage|p1b: dont miss|55\/100 brn\n|move|p1a: Arcanine|Extreme Speed|p2a: ChiYu\n|-damage|p2a: ChiYu|19\/100\n|move|p1b: dont miss|Thunderbolt|p2a: ChiYu\n|-damage|p2a: ChiYu|0 fnt\n|faint|p2a: ChiYu\n|move|p2b: Ting-Lu|Stomping Tantrum|p1a: Arcanine\n|-supereffective|p1a: Arcanine\n|-damage|p1a: Arcanine|59\/100\n|\n|-damage|p1b: dont miss|50\/100 brn|[from] brn\n|-damage|p2b: Ting-Lu|83\/100 brn|[from] brn\n|upkeep\n|\n|t:|1682502285\n|switch|p2a: Dozo|Palafin-Hero, L50, M|100\/100\n|-activate|p2a: Dozo|ability: Zero to Hero\n|turn|4\n|\n|t:|1682502289\n|switch|p1a: Scizor|Scizor, L50, M|100\/100\n|switch|p2b: Kingambit|Kingambit, L50, M|100\/100\n|-terastallize|p2a: Dozo|Water\n|move|p1b: dont miss|Protect|p1b: dont miss\n|-singleturn|p1b: dont miss|Protect\n|move|p2a: Dozo|Jet Punch|p1b: dont miss\n|-activate|p1b: dont miss|move: Protect\n|\n|-damage|p1b: dont miss|44\/100 brn|[from] brn\n|upkeep\n|turn|5\n|\n|t:|1682502312\n|move|p2a: Dozo|Protect|p2a: Dozo\n|-singleturn|p2a: Dozo|Protect\n|move|p1b: dont miss|Will-O-Wisp|p2a: Dozo\n|-activate|p2a: Dozo|move: Protect\n|move|p1a: Scizor|Close Combat|p2b: Kingambit\n|-supereffective|p2b: Kingambit\n|-damage|p2b: Kingambit|0 fnt\n|-unboost|p1a: Scizor|def|1\n|-unboost|p1a: Scizor|spd|1\n|faint|p2b: Kingambit\n|\n|-damage|p1b: dont miss|38\/100 brn|[from] brn\n|upkeep\n|-message|360pk forfeited.\n|\n|win|lamp114514\n|raw|lamp114514's rating: 1263 → 1290<\/strong> (+27 for winning)\n|raw|360pk's rating: 1295 → 1268<\/strong> (-27 for losing)\n|l|\u2606360pk\n","uploadtime":1682502336,"views":21,"p1id":"lamp114514","p2id":"360pk","formatid":"gen9vgc2023regulationc","rating":1268,"private":0,"password":""}