{"id":"gen9vgc2023regulationc-1855802092","p1":"fake_rbital","p2":"mcdub","format":"[Gen 9] VGC 2023 Regulation C","log":"|j|\u2606fake_rbital\n|j|\u2606mcdub\n|t:|1682985880\n|gametype|doubles\n|player|p1|fake_rbital|pokemaniac|\n|player|p2|mcdub|brycen|\n|teamsize|p1|6\n|teamsize|p2|6\n|gen|9\n|tier|[Gen 9] VGC 2023 Regulation C\n|rule|Species Clause: Limit one of each Pok\u00e9mon\n|rule|Item Clause: Limit one of each item\n|clearpoke\n|poke|p1|Slither Wing, L50|\n|poke|p1|Maushold-Four, L50|\n|poke|p1|Donphan, L50, M|\n|poke|p1|Azumarill, L50, M|\n|poke|p1|Braviary, L50, M|\n|poke|p1|Growlithe, L50, M|\n|poke|p2|Tyranitar, L50, F|\n|poke|p2|Sableye, L50, M|\n|poke|p2|Brute Bonnet, L50|\n|poke|p2|Gardevoir, L50, M|\n|poke|p2|Tsareena, L50, F|\n|poke|p2|Lycanroc, L50, M|\n|teampreview|4\n|j| pokemon_and_beer\nfake_rbital rejected open team sheets.\n|c|\u2606fake_rbital|glhf! do you want links or replays?\n|c| pokemon_and_beer|Glhf!\n|c|\u2606mcdub|i will do links\n|c|\u2606fake_rbital|okay cool\n|j| MikeTitan\n|j| N3rdSl4y3r\n|j| Thia_Nikki\n|c| Thia_Nikki|YOOO\n|c| Thia_Nikki|BIRD GANG\n|\n|t:|1682986042\n|start\n|switch|p1a: walmart yodeler|Growlithe, L50, M|100\/100\n|switch|p1b: pitbull|Braviary, L50, M|100\/100\n|switch|p2a: Tyranitar|Tyranitar, L50, F|100\/100\n|switch|p2b: Sableye|Sableye, L50, M|100\/100\n|-ability|p1a: walmart yodeler|Intimidate|boost\n|-unboost|p2a: Tyranitar|atk|1\n|-unboost|p2b: Sableye|atk|1\n|-weather|Sandstorm|[from] ability: Sand Stream|[of] p2a: Tyranitar\n|turn|1\n|\n|t:|1682986069\n|-terastallize|p1b: pitbull|Fighting\n|move|p2b: Sableye|Fake Out|p1b: pitbull\n|-damage|p1b: pitbull|94\/100\n|cant|p1b: pitbull|flinch\n|move|p1a: walmart yodeler|Will-O-Wisp|p2a: Tyranitar\n|-status|p2a: Tyranitar|brn\n|move|p2a: Tyranitar|Rock Slide|p1b: pitbull|[spread] p1a,p1b\n|-supereffective|p1a: walmart yodeler\n|-resisted|p1b: pitbull\n|-damage|p1a: walmart yodeler|82\/100\n|-damage|p1b: pitbull|88\/100\n|\n|-weather|Sandstorm|[upkeep]\n|-damage|p1a: walmart yodeler|76\/100|[from] Sandstorm\n|-damage|p2b: Sableye|95\/100|[from] Sandstorm\n|-damage|p2a: Tyranitar|95\/100 brn|[from] brn\n|upkeep\n|turn|2\n|\n|t:|1682986107\n|switch|p1a: deadmau5|Maushold-Four, L50|100\/100\n|switch|p2a: Gardevoir|Gardevoir, L50, M|100\/100\n|-ability|p2a: Gardevoir|Friend Guard|[from] ability: Trace|[of] p1a: deadmau5\n|move|p2b: Sableye|Will-O-Wisp|p1b: pitbull\n|-status|p1b: pitbull|brn\n|move|p1b: pitbull|Close Combat|p2a: Gardevoir\n|-resisted|p2a: Gardevoir\n|-damage|p2a: Gardevoir|90\/100\n|-unboost|p1b: pitbull|def|1\n|-unboost|p1b: pitbull|spd|1\n|\n|-weather|Sandstorm|[upkeep]\n|-damage|p1a: deadmau5|95\/100|[from] Sandstorm\n|-damage|p2a: Gardevoir|84\/100|[from] Sandstorm\n|-damage|p2b: Sableye|89\/100|[from] Sandstorm\n|-damage|p1b: pitbull|82\/100 brn|[from] brn\n|upkeep\n|turn|3\n|\n|t:|1682986143\n|move|p1b: pitbull|Protect|p1b: pitbull\n|-singleturn|p1b: pitbull|Protect\n|move|p2b: Sableye|Will-O-Wisp|p1a: deadmau5\n|-status|p1a: deadmau5|brn\n|move|p1a: deadmau5|Taunt|p2b: Sableye\n|-start|p2b: Sableye|move: Taunt\n|move|p2a: Gardevoir|Moonblast|p1b: pitbull\n|-activate|p1b: pitbull|move: Protect\n|\n|-weather|Sandstorm|[upkeep]\n|-damage|p1a: deadmau5|89\/100 brn|[from] Sandstorm\n|-damage|p2a: Gardevoir|79\/100|[from] Sandstorm\n|-damage|p2b: Sableye|83\/100|[from] Sandstorm\n|-damage|p1a: deadmau5|83\/100 brn|[from] brn\n|-damage|p1b: pitbull|76\/100 brn|[from] brn\n|upkeep\n|turn|4\n|\n|t:|1682986170\n|switch|p1b: macklemore|Azumarill, L50, M|100\/100\n|move|p1a: deadmau5|Super Fang|p2a: Gardevoir\n|-damage|p2a: Gardevoir|40\/100\n|move|p2a: Gardevoir|Moonblast|p1b: macklemore\n|-damage|p1b: macklemore|57\/100\n|move|p2b: Sableye|Foul Play|p1b: macklemore\n|-resisted|p1b: macklemore\n|-damage|p1b: macklemore|45\/100\n|-enditem|p1b: macklemore|Sitrus Berry|[eat]\n|-heal|p1b: macklemore|70\/100|[from] item: Sitrus Berry\n|\n|-weather|Sandstorm|[upkeep]\n|-damage|p1a: deadmau5|78\/100 brn|[from] Sandstorm\n|-damage|p2a: Gardevoir|34\/100|[from] Sandstorm\n|-damage|p1b: macklemore|64\/100|[from] Sandstorm\n|-damage|p2b: Sableye|78\/100|[from] Sandstorm\n|-damage|p1a: deadmau5|72\/100 brn|[from] brn\n|upkeep\n|turn|5\n|\n|t:|1682986225\n|switch|p2b: Brute Bonnet|Brute Bonnet, L50|100\/100\n|-enditem|p2b: Brute Bonnet|Booster Energy\n|-activate|p2b: Brute Bonnet|ability: Protosynthesis|[fromitem]\n|-start|p2b: Brute Bonnet|protosynthesisatk\n|move|p1a: deadmau5|Follow Me|p1a: deadmau5\n|-singleturn|p1a: deadmau5|move: Follow Me\n|move|p2a: Gardevoir|Moonblast|p1a: deadmau5\n|-damage|p1a: deadmau5|0 fnt\n|faint|p1a: deadmau5\n|move|p1b: macklemore|Liquidation|p2a: Gardevoir\n|-damage|p2a: Gardevoir|0 fnt\n|faint|p2a: Gardevoir\n|\n|-weather|none\n|upkeep\n|\n|t:|1682986246\n|switch|p1a: walmart yodeler|Growlithe, L50, M|76\/100\n|switch|p2a: Sableye|Sableye, L50, M|78\/100\n|-ability|p1a: walmart yodeler|Intimidate|boost\n|-unboost|p2a: Sableye|atk|1\n|-unboost|p2b: Brute Bonnet|atk|1\n|turn|6\n|\n|t:|1682986269\n|-terastallize|p2b: Brute Bonnet|Grass\n|move|p2a: Sableye|Fake Out|p1a: walmart yodeler\n|-damage|p1a: walmart yodeler|72\/100\n|move|p1b: macklemore|Play Rough|p2a: Sableye\n|-supereffective|p2a: Sableye\n|-damage|p2a: Sableye|1\/100\n|-damage|p1b: macklemore|47\/100|[from] item: Rocky Helmet|[of] p2a: Sableye\n|move|p2b: Brute Bonnet|Seed Bomb|p1b: macklemore\n|-ability|p1b: macklemore|Sap Sipper|boost\n|-boost|p1b: macklemore|atk|1\n|cant|p1a: walmart yodeler|flinch\n|\n|upkeep\n|turn|7\n|c|\u2606mcdub|loll\n|l| Thia_Nikki\n|\n|t:|1682986297\n|move|p2a: Sableye|Quash|p1b: macklemore\n|-activate|p1b: macklemore|move: Quash\n|move|p2b: Brute Bonnet|Crunch|p1b: macklemore\n|-resisted|p1b: macklemore\n|-damage|p1b: macklemore|27\/100\n|-unboost|p1b: macklemore|def|1\n|move|p1a: walmart yodeler|Roar|p2b: Brute Bonnet\n|-end|p2b: Brute Bonnet|Protosynthesis|[silent]\n|drag|p2b: Tyranitar|Tyranitar, L50, F|95\/100 brn\n|-weather|Sandstorm|[from] ability: Sand Stream|[of] p2b: Tyranitar\n|move|p1b: macklemore|Aqua Jet|p2a: Sableye\n|-damage|p2a: Sableye|0 fnt\n|-damage|p1b: macklemore|10\/100|[from] item: Rocky Helmet|[of] p2a: Sableye\n|faint|p2a: Sableye\n|\n|-weather|Sandstorm|[upkeep]\n|-damage|p1a: walmart yodeler|66\/100|[from] Sandstorm\n|-damage|p1b: macklemore|4\/100|[from] Sandstorm\n|-damage|p2b: Tyranitar|89\/100 brn|[from] brn\n|upkeep\n|c|\u2606mcdub|forgot about that one\n|\n|t:|1682986305\n|switch|p2a: Brute Bonnet|Brute Bonnet, L50, tera:Grass|100\/100\n|turn|8\n|\n|t:|1682986324\n|move|p1b: macklemore|Aqua Jet|p2b: Tyranitar\n|-supereffective|p2b: Tyranitar\n|-damage|p2b: Tyranitar|60\/100 brn\n|move|p2a: Brute Bonnet|Sucker Punch||[still]\n|-fail|p2a: Brute Bonnet\n|move|p1a: walmart yodeler|Will-O-Wisp|p2a: Brute Bonnet|[miss]\n|-miss|p1a: walmart yodeler|p2a: Brute Bonnet\n|move|p2b: Tyranitar|Rock Slide|p1a: walmart yodeler|[spread] p1a,p1b\n|-supereffective|p1a: walmart yodeler\n|-damage|p1a: walmart yodeler|36\/100\n|-damage|p1b: macklemore|0 fnt\n|faint|p1b: macklemore\n|\n|-weather|Sandstorm|[upkeep]\n|-damage|p1a: walmart yodeler|30\/100|[from] Sandstorm\n|-damage|p2a: Brute Bonnet|95\/100|[from] Sandstorm\n|-damage|p2b: Tyranitar|54\/100 brn|[from] brn\n|upkeep\n|\n|t:|1682986338\n|switch|p1b: pitbull|Braviary, L50, M, tera:Fighting|76\/100 brn\n|turn|9\n|\n|t:|1682986364\n|move|p1a: walmart yodeler|Helping Hand|p1b: pitbull\n|-singleturn|p1b: pitbull|Helping Hand|[of] p1a: walmart yodeler\n|move|p1b: pitbull|Brave Bird|p2a: Brute Bonnet\n|-supereffective|p2a: Brute Bonnet\n|-damage|p2a: Brute Bonnet|27\/100\n|-damage|p1b: pitbull|50\/100 brn|[from] Recoil\n|move|p2a: Brute Bonnet|Spore|p1b: pitbull\n|-activate|p1b: pitbull|item: Safety Goggles|Spore\n|move|p2b: Tyranitar|Earthquake|p1b: pitbull|[spread] p2a,p1a,p1b\n|-resisted|p2a: Brute Bonnet\n|-supereffective|p1a: walmart yodeler\n|-damage|p2a: Brute Bonnet|21\/100\n|-damage|p1a: walmart yodeler|7\/100\n|-damage|p1b: pitbull|33\/100 brn\n|\n|-weather|Sandstorm|[upkeep]\n|-damage|p1a: walmart yodeler|1\/100|[from] Sandstorm\n|-damage|p2a: Brute Bonnet|15\/100|[from] Sandstorm\n|-damage|p1b: pitbull|27\/100 brn|[from] brn\n|-damage|p2b: Tyranitar|48\/100 brn|[from] brn\n|upkeep\n|turn|10\n|c|\u2606mcdub|im trollin\n|\n|t:|1682986405\n|move|p1a: walmart yodeler|Helping Hand|p1b: pitbull\n|-singleturn|p1b: pitbull|Helping Hand|[of] p1a: walmart yodeler\n|move|p2a: Brute Bonnet|Sucker Punch|p1b: pitbull\n|-resisted|p1b: pitbull\n|-crit|p1b: pitbull\n|-damage|p1b: pitbull|0 fnt\n|faint|p1b: pitbull\n|move|p2b: Tyranitar|Earthquake|p1a: walmart yodeler|[spread] p2a,p1a\n|-resisted|p2a: Brute Bonnet\n|-supereffective|p1a: walmart yodeler\n|-damage|p2a: Brute Bonnet|9\/100\n|-damage|p1a: walmart yodeler|0 fnt\n|faint|p1a: walmart yodeler\n|\n|win|mcdub\n|c|\u2606mcdub|gg\n|c|\u2606fake_rbital|ahhhh gg\n|l|\u2606mcdub\n","uploadtime":1682986429,"views":17,"p1id":"fakerbital","p2id":"mcdub","formatid":"gen9vgc2023regulationc","rating":0,"private":0,"password":""}