{"id":"gen9vgc2023regulationc-1850758210","p1":"kaizerfattah","p2":"justmar1","format":"[Gen 9] VGC 2023 Regulation C","log":"|j|\u2606kaizerfattah\n|j|\u2606justmar1\n|t:|1682365168\n|gametype|doubles\n|player|p1|kaizerfattah|hilda-wonderlauncher|1396\n|player|p2|justmar1|169|1447\n|teamsize|p1|6\n|teamsize|p2|6\n|gen|9\n|tier|[Gen 9] VGC 2023 Regulation C\n|rated|\n|rule|Species Clause: Limit one of each Pok\u00e9mon\n|rule|Item Clause: Limit one of each item\n|clearpoke\n|poke|p1|Dachsbun, L50, M|\n|poke|p1|Flutter Mane, L50|\n|poke|p1|Baxcalibur, L50, M|\n|poke|p1|Chi-Yu, L50|\n|poke|p1|Azumarill, L50, F|\n|poke|p1|Iron Hands, L50|\n|poke|p2|Glimmora, L50, M|\n|poke|p2|Wo-Chien, L50|\n|poke|p2|Garganacl, L50, M|\n|poke|p2|Gyarados, L50, F|\n|poke|p2|Amoonguss, L50, F|\n|poke|p2|Rotom-Heat, L50|\n|teampreview|4\n|inactive|Battle timer is ON: inactive players will automatically lose when time's up. (requested by kaizerfattah)\n|\n|t:|1682365209\n|start\n|switch|p1a: Smoked fillet|Chi-Yu, L50|100\/100\n|switch|p1b: Hot Loaf|Dachsbun, L50, M|100\/100\n|switch|p2a: Glimmora|Glimmora, L50, M|100\/100\n|switch|p2b: Rotom|Rotom-Heat, L50|100\/100\n|-ability|p1a: Smoked fillet|Beads of Ruin\n|turn|1\n|\n|t:|1682365234\n|-terastallize|p1a: Smoked fillet|Grass\n|move|p1a: Smoked fillet|Lava Plume|p2a: Glimmora|[spread] p2a,p2b\n|-ability|p1b: Hot Loaf|Well-Baked Body|boost\n|-boost|p1b: Hot Loaf|def|2\n|-resisted|p2a: Glimmora\n|-resisted|p2b: Rotom\n|-damage|p2a: Glimmora|82\/100\n|-damage|p2b: Rotom|76\/100\n|move|p2b: Rotom|Volt Switch|p1a: Smoked fillet\n|-resisted|p1a: Smoked fillet\n|-damage|p1a: Smoked fillet|81\/100\n|\n|t:|1682365244\n|switch|p2b: Wo-Chien|Wo-Chien, L50|100\/100|[from] Volt Switch\n|-ability|p2b: Wo-Chien|Tablets of Ruin\n|move|p1b: Hot Loaf|Body Press|p2a: Glimmora\n|-damage|p2a: Glimmora|49\/100\n|-activate|p2a: Glimmora|ability: Toxic Debris\n|-sidestart|p1: kaizerfattah|move: Toxic Spikes\n|move|p2a: Glimmora|Power Gem|p1a: Smoked fillet\n|-damage|p1a: Smoked fillet|30\/100\n|\n|upkeep\n|turn|2\n|inactive|justmar1 has 30 seconds left.\n|\n|t:|1682365274\n|-terastallize|p2b: Wo-Chien|Poison\n|move|p1a: Smoked fillet|Lava Plume|p2b: Wo-Chien|[spread] p2a,p2b\n|-ability|p1b: Hot Loaf|Well-Baked Body|boost\n|-boost|p1b: Hot Loaf|def|2\n|-resisted|p2a: Glimmora\n|-damage|p2a: Glimmora|32\/100\n|-damage|p2b: Wo-Chien|73\/100\n|-status|p2b: Wo-Chien|brn\n|move|p1b: Hot Loaf|Body Press|p2b: Wo-Chien\n|-resisted|p2b: Wo-Chien\n|-damage|p2b: Wo-Chien|56\/100 brn\n|move|p2a: Glimmora|Mortal Spin|p1a: Smoked fillet|[spread] p1a,p1b\n|-supereffective|p1a: Smoked fillet\n|-supereffective|p1b: Hot Loaf\n|-damage|p1a: Smoked fillet|20\/100\n|-damage|p1b: Hot Loaf|99\/100\n|-status|p1a: Smoked fillet|psn\n|-status|p1b: Hot Loaf|psn\n|move|p2b: Wo-Chien|Leech Seed|p1a: Smoked fillet\n|-immune|p1a: Smoked fillet\n|\n|-heal|p1b: Hot Loaf|100\/100 psn|[from] item: Leftovers\n|-damage|p1a: Smoked fillet|8\/100 psn|[from] psn\n|-damage|p1b: Hot Loaf|88\/100 psn|[from] psn\n|-damage|p2b: Wo-Chien|49\/100 brn|[from] brn\n|upkeep\n|-enditem|p2b: Wo-Chien|Sitrus Berry|[eat]\n|-heal|p2b: Wo-Chien|74\/100 brn|[from] item: Sitrus Berry\n|turn|3\n|inactive|kaizerfattah has 30 seconds left.\n|\n|t:|1682365303\n|move|p2b: Wo-Chien|Protect|p2b: Wo-Chien\n|-singleturn|p2b: Wo-Chien|Protect\n|move|p1a: Smoked fillet|Lava Plume|p2b: Wo-Chien|[spread] p2a\n|-activate|p2b: Wo-Chien|move: Protect\n|-ability|p1b: Hot Loaf|Well-Baked Body|boost\n|-boost|p1b: Hot Loaf|def|2\n|-resisted|p2a: Glimmora\n|-damage|p2a: Glimmora|14\/100\n|-status|p2a: Glimmora|brn\n|move|p1b: Hot Loaf|Body Press|p2a: Glimmora\n|-damage|p2a: Glimmora|0 fnt\n|-activate|p2a: Glimmora|ability: Toxic Debris\n|-sidestart|p1: kaizerfattah|move: Toxic Spikes\n|faint|p2a: Glimmora\n|\n|-heal|p1b: Hot Loaf|94\/100 psn|[from] item: Leftovers\n|-damage|p1a: Smoked fillet|0 fnt|[from] psn\n|faint|p1a: Smoked fillet\n|-damage|p1b: Hot Loaf|82\/100 psn|[from] psn\n|-damage|p2b: Wo-Chien|68\/100 brn|[from] brn\n|upkeep\n|\n|t:|1682365327\n|switch|p1a: Ghost pepper|Flutter Mane, L50|100\/100\n|switch|p2a: Rotom|Rotom-Heat, L50|76\/100\n|-status|p1a: Ghost pepper|tox\n|-enditem|p1a: Ghost pepper|Booster Energy\n|-activate|p1a: Ghost pepper|ability: Protosynthesis|[fromitem]\n|-start|p1a: Ghost pepper|protosynthesisspe\n|turn|4\n|inactive|kaizerfattah has 30 seconds left.\n|\n|t:|1682365356\n|move|p1a: Ghost pepper|Protect|p1a: Ghost pepper\n|-singleturn|p1a: Ghost pepper|Protect\n|move|p2a: Rotom|Volt Switch|p1a: Ghost pepper\n|-activate|p1a: Ghost pepper|move: Protect\n|move|p1b: Hot Loaf|Body Press|p2a: Rotom\n|-damage|p2a: Rotom|5\/100\n|move|p2b: Wo-Chien|Leech Seed|p1a: Ghost pepper\n|-activate|p1a: Ghost pepper|move: Protect\n|\n|-heal|p1b: Hot Loaf|88\/100 psn|[from] item: Leftovers\n|-damage|p1a: Ghost pepper|94\/100 tox|[from] psn\n|-damage|p1b: Hot Loaf|76\/100 psn|[from] psn\n|-damage|p2b: Wo-Chien|62\/100 brn|[from] brn\n|upkeep\n|turn|5\n|\n|t:|1682365376\n|move|p1a: Ghost pepper|Dazzling Gleam|p2a: Rotom|[spread] p2a,p2b\n|-resisted|p2a: Rotom\n|-resisted|p2b: Wo-Chien\n|-damage|p2a: Rotom|0 fnt\n|-damage|p2b: Wo-Chien|53\/100 brn\n|faint|p2a: Rotom\n|move|p1b: Hot Loaf|Body Press|p2b: Wo-Chien\n|-resisted|p2b: Wo-Chien\n|-damage|p2b: Wo-Chien|26\/100 brn\n|move|p2b: Wo-Chien|Leech Seed|p1a: Ghost pepper\n|-start|p1a: Ghost pepper|move: Leech Seed\n|\n|-heal|p1b: Hot Loaf|82\/100 psn|[from] item: Leftovers\n|-damage|p1a: Ghost pepper|82\/100 tox|[from] Leech Seed|[of] p2b: Wo-Chien\n|-heal|p2b: Wo-Chien|35\/100 brn|[silent]\n|-damage|p1a: Ghost pepper|69\/100 tox|[from] psn\n|-damage|p1b: Hot Loaf|70\/100 psn|[from] psn\n|-damage|p2b: Wo-Chien|29\/100 brn|[from] brn\n|upkeep\n|\n|t:|1682365378\n|switch|p2a: Gyarados|Gyarados, L50, F|100\/100\n|-ability|p2a: Gyarados|Intimidate|boost\n|-unboost|p1a: Ghost pepper|atk|1\n|-unboost|p1b: Hot Loaf|atk|1\n|turn|6\n|\n|t:|1682365398\n|move|p2b: Wo-Chien|Protect|p2b: Wo-Chien\n|-singleturn|p2b: Wo-Chien|Protect\n|move|p1a: Ghost pepper|Perish Song|p1a: Ghost pepper\n|-start|p1a: Ghost pepper|perish3|[silent]\n|-start|p1b: Hot Loaf|perish3|[silent]\n|-start|p2a: Gyarados|perish3|[silent]\n|-start|p2b: Wo-Chien|perish3|[silent]\n|-fieldactivate|move: Perish Song\n|move|p1b: Hot Loaf|Body Press|p2a: Gyarados\n|-resisted|p2a: Gyarados\n|-damage|p2a: Gyarados|69\/100\n|move|p2a: Gyarados|Thunder Wave||[still]\n|-fail|p2a: Gyarados\n|\n|-heal|p1b: Hot Loaf|76\/100 psn|[from] item: Leftovers\n|-damage|p1a: Ghost pepper|57\/100 tox|[from] Leech Seed|[of] p2b: Wo-Chien\n|-heal|p2b: Wo-Chien|39\/100 brn|[silent]\n|-damage|p1a: Ghost pepper|38\/100 tox|[from] psn\n|-damage|p1b: Hot Loaf|64\/100 psn|[from] psn\n|-damage|p2b: Wo-Chien|32\/100 brn|[from] brn\n|-start|p1a: Ghost pepper|perish3\n|-start|p1b: Hot Loaf|perish3\n|-start|p2a: Gyarados|perish3\n|-start|p2b: Wo-Chien|perish3\n|upkeep\n|turn|7\n|-message|justmar1 forfeited.\n|\n|win|kaizerfattah\n|raw|kaizerfattah's rating: 1396 → 1419<\/strong> (+23 for winning)\n|raw|justmar1's rating: 1447 → 1424<\/strong> (-23 for losing)\n|l|\u2606justmar1\n|l|\u2606kaizerfattah\n|j|\u2606kaizerfattah\n|player|p1|kaizerfattah|hilda-wonderlauncher\n","uploadtime":1682365672,"views":14,"p1id":"kaizerfattah","p2id":"justmar1","formatid":"gen9vgc2023regulationc","rating":1419,"private":0,"password":""}