{"id":"gen9vgc2023regulationc-1854978039","p1":"Sobral4108","p2":"Steakman5","format":"[Gen 9] VGC 2023 Regulation C","log":"|j|\u2606Sobral4108\n|j|\u2606Steakman5\n|t:|1682887093\n|gametype|doubles\n|player|p1|Sobral4108|lucas-gen4pt|1000\n|player|p2|Steakman5|swimmer-gen4|1089\n|teamsize|p1|6\n|teamsize|p2|6\n|gen|9\n|tier|[Gen 9] VGC 2023 Regulation C\n|rated|\n|rule|Species Clause: Limit one of each Pok\u00e9mon\n|rule|Item Clause: Limit one of each item\n|clearpoke\n|poke|p1|Flutter Mane, L50|\n|poke|p1|Amoonguss, L50, M|\n|poke|p1|Ting-Lu, L50|\n|poke|p1|Arcanine, L50, M|\n|poke|p1|Dragonite, L50, F|\n|poke|p1|Iron Bundle, L50|\n|poke|p2|Flamigo, L50, F|\n|poke|p2|Dondozo, L50, M|\n|poke|p2|Flutter Mane, L50|\n|poke|p2|Tatsugiri-Droopy, L50, M|\n|poke|p2|Great Tusk, L50|\n|poke|p2|Talonflame, L50, M|\n|teampreview|4\n|\n|t:|1682887127\n|start\n|switch|p1a: Ting-Lu|Ting-Lu, L50|100\/100\n|switch|p1b: Arcanine|Arcanine, L50, M|100\/100\n|switch|p2a: Flutter Mane|Flutter Mane, L50|100\/100\n|switch|p2b: Tatsugiri|Tatsugiri-Droopy, L50, M|100\/100\n|-ability|p1b: Arcanine|Intimidate|boost\n|-unboost|p2a: Flutter Mane|atk|1\n|-unboost|p2b: Tatsugiri|atk|1\n|-ability|p1a: Ting-Lu|Vessel of Ruin\n|-enditem|p2a: Flutter Mane|Booster Energy\n|-activate|p2a: Flutter Mane|ability: Protosynthesis|[fromitem]\n|-start|p2a: Flutter Mane|protosynthesisspe\n|turn|1\n|\n|t:|1682887150\n|move|p2b: Tatsugiri|Protect|p2b: Tatsugiri\n|-singleturn|p2b: Tatsugiri|Protect\n|move|p1b: Arcanine|Extreme Speed|p2b: Tatsugiri\n|-activate|p2b: Tatsugiri|move: Protect\n|move|p2a: Flutter Mane|Perish Song|p2a: Flutter Mane\n|-start|p1a: Ting-Lu|perish3|[silent]\n|-start|p1b: Arcanine|perish3|[silent]\n|-start|p2a: Flutter Mane|perish3|[silent]\n|-start|p2b: Tatsugiri|perish3|[silent]\n|-fieldactivate|move: Perish Song\n|move|p1a: Ting-Lu|Heavy Slam|p2a: Flutter Mane\n|-supereffective|p2a: Flutter Mane\n|-damage|p2a: Flutter Mane|0 fnt\n|faint|p2a: Flutter Mane\n|-end|p2a: Flutter Mane|Protosynthesis|[silent]\n|\n|-start|p1b: Arcanine|perish3\n|-start|p2b: Tatsugiri|perish3\n|-start|p1a: Ting-Lu|perish3\n|upkeep\n|\n|t:|1682887161\n|switch|p2a: Dondozo|Dondozo, L50, M|100\/100\n|-activate|p2b: Tatsugiri|ability: Commander|[of] p2a: Dondozo\n|-boost|p2a: Dondozo|atk|2\n|-boost|p2a: Dondozo|spa|2\n|-boost|p2a: Dondozo|spe|2\n|-boost|p2a: Dondozo|def|2\n|-boost|p2a: Dondozo|spd|2\n|turn|2\n|inactive|Battle timer is ON: inactive players will automatically lose when time's up. (requested by Steakman5)\n|inactive|Sobral4108 has 60 seconds left.\n|\n|t:|1682887203\n|switch|p1a: Flutter Mane|Flutter Mane, L50|100\/100\n|-terastallize|p2a: Dondozo|Water\n|move|p2a: Dondozo|Surf|p1a: Flutter Mane|[spread] p1a,p1b\n|-miss|p2a: Dondozo|p2b: Tatsugiri\n|-supereffective|p1b: Arcanine\n|-damage|p1a: Flutter Mane|20\/100\n|-damage|p1b: Arcanine|0 fnt\n|faint|p1b: Arcanine\n|-damage|p2a: Dondozo|91\/100|[from] item: Life Orb\n|\n|-start|p2b: Tatsugiri|perish2\n|upkeep\n|\n|t:|1682887226\n|switch|p1b: Amoonguss|Amoonguss, L50, M|100\/100\n|turn|3\n|\n|t:|1682887246\n|move|p2a: Dondozo|Protect|p2a: Dondozo\n|-singleturn|p2a: Dondozo|Protect\n|move|p1a: Flutter Mane|Moonblast|p2b: Tatsugiri|[miss]\n|-miss|p1a: Flutter Mane|p2b: Tatsugiri\n|move|p1b: Amoonguss|Spore|p2a: Dondozo\n|-activate|p2a: Dondozo|move: Protect\n|\n|-start|p2b: Tatsugiri|perish1\n|upkeep\n|turn|4\n|\n|t:|1682887262\n|move|p1a: Flutter Mane|Moonblast|p2b: Tatsugiri|[miss]\n|-miss|p1a: Flutter Mane|p2b: Tatsugiri\n|move|p2a: Dondozo|Surf|p1a: Flutter Mane|[spread] p1a,p1b\n|-miss|p2a: Dondozo|p2b: Tatsugiri\n|-resisted|p1b: Amoonguss\n|-damage|p1a: Flutter Mane|0 fnt\n|-damage|p1b: Amoonguss|59\/100\n|faint|p1a: Flutter Mane\n|-end|p1a: Flutter Mane|Protosynthesis|[silent]\n|-damage|p2a: Dondozo|81\/100|[from] item: Life Orb\n|move|p1b: Amoonguss|Spore|p2b: Tatsugiri|[miss]\n|-miss|p1b: Amoonguss|p2b: Tatsugiri\n|\n|-start|p2b: Tatsugiri|perish0\n|upkeep\n|faint|p2b: Tatsugiri\n|\n|t:|1682887275\n|switch|p1a: Ting-Lu|Ting-Lu, L50|100\/100\n|switch|p2b: Flamigo|Flamigo, L50, F|100\/100\n|-copyboost|p2b: Flamigo|p2a: Dondozo|[from] ability: Costar\n|-ability|p1a: Ting-Lu|Vessel of Ruin\n|turn|5\n|\n|t:|1682887293\n|move|p2b: Flamigo|Brave Bird|p1b: Amoonguss\n|-supereffective|p1b: Amoonguss\n|-damage|p1b: Amoonguss|0 fnt\n|-damage|p2b: Flamigo|84\/100|[from] item: Rocky Helmet|[of] p1b: Amoonguss\n|faint|p1b: Amoonguss\n|-damage|p2b: Flamigo|57\/100|[from] Recoil\n|move|p2a: Dondozo|Wave Crash|p1a: Ting-Lu\n|-supereffective|p1a: Ting-Lu\n|-damage|p1a: Ting-Lu|0 fnt\n|faint|p1a: Ting-Lu\n|-damage|p2a: Dondozo|43\/100|[from] Recoil\n|-damage|p2a: Dondozo|33\/100|[from] item: Life Orb\n|\n|win|Steakman5\n|raw|Sobral4108's rating: 1000 → 1000<\/strong> (+0 for losing)\n|raw|Steakman5's rating: 1089 → 1109<\/strong> (+20 for winning)\n","uploadtime":1682887308,"views":5,"p1id":"sobral4108","p2id":"steakman5","formatid":"gen9vgc2023regulationc","rating":1000,"private":0,"password":""}