{"id":"gen9vgc2023regulationc-1863576191","p1":"Ace98121212","p2":"WoahThereAdo","format":"[Gen 9] VGC 2023 Regulation C","log":"|j|\u2606Ace98121212\n|j|\u2606WoahThereAdo\n|t:|1684036865\n|gametype|doubles\n|player|p1|Ace98121212|170|\n|player|p2|WoahThereAdo|dawn-gen4pt|\n|teamsize|p1|6\n|teamsize|p2|6\n|gen|9\n|tier|[Gen 9] VGC 2023 Regulation C\n|rule|Tera Type Preview: Tera Types are shown at Team Preview\n|rule|Species Clause: Limit one of each Pok\u00e9mon\n|rule|Item Clause: Limit one of each item\n|clearpoke\n|poke|p1|Torkoal, L50, F|\n|poke|p1|Oranguru, L50, F|\n|poke|p1|Amoonguss, L50, M|\n|poke|p1|Gastrodon, L50, M|\n|poke|p1|Skeledirge, L50, M|\n|poke|p1|Rabsca, L50, F|\n|poke|p2|Chi-Yu, L50|\n|poke|p2|Grimmsnarl, L50, M|\n|poke|p2|Glimmora, L50, F|\n|poke|p2|Corviknight, L50, F|\n|poke|p2|Quaquaval, L50, F|\n|poke|p2|Jumpluff, L50, M|\n|teampreview|4\n|raw|Ace98121212's Tera Types: \/ \/ \/ \/ \/ \n|raw|WoahThereAdo's Tera Types: \/ \/ \/ \/ \/ \n|c|\u2606Ace98121212|G1\nAce98121212 rejected open team sheets.\n|c|\u2606WoahThereAdo|gl\n|c|\u2606Ace98121212|Accept the other can\n|c|\u2606Ace98121212|Chal*\n|c|\u2606WoahThereAdo|?\n|c|\u2606Ace98121212|We have to open three games at once\n|c|\u2606WoahThereAdo|wait why\n|c|\u2606Ace98121212|It's the rule\n|c|\u2606WoahThereAdo|nah its best of three\n|c|\u2606WoahThereAdo|one game at the time\n|c|\u2606Ace98121212|We have to battle one game at a time\n|c|\u2606WoahThereAdo|that's how best of threes are played\n|c|\u2606Ace98121212|But we have to open three games at\n|c|\u2606Ace98121212|You can ask any admin\n|c|\u2606WoahThereAdo|screenshot the rule for me cause I dont see it\n|c|\u2606Ace98121212|Bro go and ask a admin\n|c|\u2606Ace98121212|If you don't trust me\n|c|\u2606WoahThereAdo|wait nvm\n|c|\u2606Ace98121212|Every battle has want this way\n|c|\u2606WoahThereAdo|I was reading the old ruleset\n|c|\u2606WoahThereAdo|my badf\n|c|\u2606Ace98121212|K\n|c|\u2606WoahThereAdo|Was reading the vgc ruleset before this one lol mb\n|c|\u2606WoahThereAdo|ok we can start game 1 now\n|c|\u2606Ace98121212|We have to send the links\n|c|\u2606WoahThereAdo|yup live-battles chat\n|c|\u2606Ace98121212|We can start now\n|c|\u2606WoahThereAdo|yup\n|\n|t:|1684037381\n|start\n|switch|p1a: Torkoal|Torkoal, L50, F|100\/100\n|switch|p1b: Oranguru|Oranguru, L50, F|100\/100\n|switch|p2a: Jumpluff|Jumpluff, L50, M|100\/100\n|switch|p2b: Glimmora|Glimmora, L50, F|100\/100\n|-weather|SunnyDay|[from] ability: Drought|[of] p1a: Torkoal\n|turn|1\n|\n|t:|1684037412\n|-terastallize|p2a: Jumpluff|Water\n|move|p2b: Glimmora|Spiky Shield|p2b: Glimmora\n|-singleturn|p2b: Glimmora|move: Protect\n|move|p1a: Torkoal|Protect|p1a: Torkoal\n|-singleturn|p1a: Torkoal|Protect\n|move|p2a: Jumpluff|Rain Dance|p2a: Jumpluff\n|-weather|RainDance\n|move|p1b: Oranguru|Trick Room|p1b: Oranguru\n|-fieldstart|move: Trick Room|[of] p1b: Oranguru\n|\n|-weather|RainDance|[upkeep]\n|upkeep\n|turn|2\n|\n|t:|1684037437\n|switch|p1a: Gastrodon|Gastrodon, L50, M|100\/100\n|switch|p2b: Grimmsnarl|Grimmsnarl, L50, M|100\/100\n|move|p1b: Oranguru|Thunderbolt|p2a: Jumpluff\n|-supereffective|p2a: Jumpluff\n|-damage|p2a: Jumpluff|63\/100\n|move|p2a: Jumpluff|Tailwind|p2a: Jumpluff\n|-sidestart|p2: WoahThereAdo|move: Tailwind\n|\n|-weather|RainDance|[upkeep]\n|upkeep\n|turn|3\n|\n|t:|1684037461\n|switch|p2a: Glimmora|Glimmora, L50, F|100\/100\n|move|p2b: Grimmsnarl|Sucker Punch||[still]\n|-fail|p2b: Grimmsnarl\n|move|p1b: Oranguru|Instruct||[still]\n|-fail|p1b: Oranguru\n|move|p1a: Gastrodon|Earth Power|p2b: Grimmsnarl\n|-damage|p2b: Grimmsnarl|65\/100\n|-unboost|p2b: Grimmsnarl|spd|1\n|\n|-weather|RainDance|[upkeep]\n|upkeep\n|turn|4\n|\n|t:|1684037478\n|move|p2b: Grimmsnarl|Light Screen|p2b: Grimmsnarl\n|-sidestart|p2: WoahThereAdo|move: Light Screen\n|move|p1b: Oranguru|Instruct|p1a: Gastrodon\n|-singleturn|p1a: Gastrodon|move: Instruct|[of] p1b: Oranguru\n|move|p1a: Gastrodon|Earth Power|p2b: Grimmsnarl\n|-damage|p2b: Grimmsnarl|31\/100\n|move|p1a: Gastrodon|Earth Power|p2a: Glimmora\n|-supereffective|p2a: Glimmora\n|-enditem|p2a: Glimmora|Focus Sash\n|-damage|p2a: Glimmora|1\/100\n|move|p2a: Glimmora|Energy Ball|p1a: Gastrodon\n|-supereffective|p1a: Gastrodon\n|-damage|p1a: Gastrodon|18\/100\n|\n|-weather|RainDance|[upkeep]\n|upkeep\n|turn|5\n|\n|t:|1684037508\n|move|p2a: Glimmora|Spiky Shield|p2a: Glimmora\n|-singleturn|p2a: Glimmora|move: Protect\n|move|p2b: Grimmsnarl|Sucker Punch||[still]\n|-fail|p2b: Grimmsnarl\n|move|p1b: Oranguru|Instruct|p1a: Gastrodon\n|-singleturn|p1a: Gastrodon|move: Instruct|[of] p1b: Oranguru\n|move|p1a: Gastrodon|Earth Power|p2a: Glimmora\n|-activate|p2a: Glimmora|move: Protect\n|move|p1a: Gastrodon|Earth Power|p2b: Grimmsnarl\n|-damage|p2b: Grimmsnarl|0 fnt\n|faint|p2b: Grimmsnarl\n|\n|-weather|none\n|-sideend|p2: WoahThereAdo|move: Tailwind\n|-fieldend|move: Trick Room\n|upkeep\n|\n|t:|1684037526\n|switch|p2b: Jumpluff|Jumpluff, L50, M, tera:Water|63\/100\n|turn|6\n|\n|t:|1684037551\n|move|p2a: Glimmora|Energy Ball|p1a: Gastrodon\n|-supereffective|p1a: Gastrodon\n|-damage|p1a: Gastrodon|0 fnt\n|faint|p1a: Gastrodon\n|move|p2b: Jumpluff|Pollen Puff|p2a: Glimmora\n|-heal|p2a: Glimmora|51\/100\n|move|p1b: Oranguru|Trick Room|p1b: Oranguru\n|-fieldstart|move: Trick Room|[of] p1b: Oranguru\n|\n|upkeep\n|\n|t:|1684037562\n|switch|p1a: Torkoal|Torkoal, L50, F|100\/100\n|-weather|SunnyDay|[from] ability: Drought|[of] p1a: Torkoal\n|turn|7\n|\n|t:|1684037571\n|-terastallize|p1a: Torkoal|Fire\n|move|p1a: Torkoal|Eruption|p2b: Jumpluff|[spread] p2a,p2b\n|-resisted|p2a: Glimmora\n|-resisted|p2b: Jumpluff\n|-damage|p2a: Glimmora|0 fnt\n|-damage|p2b: Jumpluff|26\/100\n|faint|p2a: Glimmora\n|move|p1b: Oranguru|Instruct|p1a: Torkoal\n|-singleturn|p1a: Torkoal|move: Instruct|[of] p1b: Oranguru\n|move|p1a: Torkoal|Eruption|p2b: Jumpluff\n|-resisted|p2b: Jumpluff\n|-damage|p2b: Jumpluff|0 fnt\n|faint|p2b: Jumpluff\n|\n|-weather|SunnyDay|[upkeep]\n|upkeep\n|\n|t:|1684037582\n|switch|p2b: Quaquaval|Quaquaval, L50, F|100\/100\n|turn|8\n|\n|t:|1684037595\n|move|p1a: Torkoal|Solar Beam||[still]\n|-prepare|p1a: Torkoal|Solar Beam\n|-anim|p1a: Torkoal|Solar Beam|p2b: Quaquaval\n|-supereffective|p2b: Quaquaval\n|-damage|p2b: Quaquaval|34\/100\n|move|p1b: Oranguru|Instruct||[still]\n|-fail|p1b: Oranguru\n|move|p2b: Quaquaval|Close Combat|p1b: Oranguru\n|-damage|p1b: Oranguru|24\/100\n|-unboost|p2b: Quaquaval|def|1\n|-unboost|p2b: Quaquaval|spd|1\n|\n|-weather|SunnyDay|[upkeep]\n|-heal|p1b: Oranguru|30\/100|[from] item: Leftovers\n|upkeep\n|turn|9\n|\n|t:|1684037613\n|move|p1a: Torkoal|Solar Beam||[still]\n|-prepare|p1a: Torkoal|Solar Beam\n|-anim|p1a: Torkoal|Solar Beam|p2b: Quaquaval\n|-supereffective|p2b: Quaquaval\n|-damage|p2b: Quaquaval|0 fnt\n|faint|p2b: Quaquaval\n|\n|win|Ace98121212\n|c|\u2606Ace98121212|Gg\n|c|\u2606WoahThereAdo|gg\n|l|\u2606Ace98121212\n|j| Feyette\n|l|\u2606WoahThereAdo\n|j| Wow02\n|l| Wow02\n","uploadtime":1684037628,"views":19,"p1id":"ace98121212","p2id":"woahthereado","formatid":"gen9vgc2023regulationc","rating":0,"private":0,"password":""}