{"id":"gen9vgc2023regulationc-1858541756","p1":"seismattersCORNER","p2":"immatwork","format":"[Gen 9] VGC 2023 Regulation C","log":"|j|\u2606seismattersCORNER\n|j|\u2606immatwork\n|t:|1683323235\n|gametype|doubles\n|player|p1|seismattersCORNER|emmet|1302\n|player|p2|immatwork|1|1286\n|teamsize|p1|6\n|teamsize|p2|6\n|gen|9\n|tier|[Gen 9] VGC 2023 Regulation C\n|rated|\n|rule|Species Clause: Limit one of each Pok\u00e9mon\n|rule|Item Clause: Limit one of each item\n|clearpoke\n|poke|p1|Palafin, L50, M|\n|poke|p1|Arcanine, L50, M|\n|poke|p1|Amoonguss, L50, F|\n|poke|p1|Flutter Mane, L50|\n|poke|p1|Baxcalibur, L50, M|\n|poke|p1|Kingambit, L50, F|\n|poke|p2|Tyranitar, L50, F|\n|poke|p2|Lycanroc, L50, F|\n|poke|p2|Orthworm, L50, F|\n|poke|p2|Garchomp, L50, F|\n|poke|p2|Corviknight, L50, M|\n|poke|p2|Gastrodon, L50, F|\n|teampreview|4\nseismattersCORNER has agreed to open team sheets.\n|inactive|Battle timer is ON: inactive players will automatically lose when time's up. (requested by seismattersCORNER)\nimmatwork has agreed to open team sheets.\n|inactive|seismattersCORNER has 60 seconds left.\n|inactive|immatwork has 60 seconds left.\n|inactive|seismattersCORNER has 30 seconds left.\n|\n|t:|1683323307\n|start\n|switch|p1a: Palafin|Palafin, L50, M, shiny|100\/100\n|switch|p1b: Arcanine|Arcanine, L50, M|100\/100\n|switch|p2a: Tyranitar|Tyranitar, L50, F|100\/100\n|switch|p2b: Orthworm|Orthworm, L50, F|100\/100\n|-ability|p1b: Arcanine|Intimidate|boost\n|-unboost|p2a: Tyranitar|atk|1\n|-unboost|p2b: Orthworm|atk|1\n|-weather|Sandstorm|[from] ability: Sand Stream|[of] p2a: Tyranitar\n|turn|1\n|\n|t:|1683323328\n|detailschange|p1a: Palafin|Palafin-Hero, L50, M, shiny\n|switch|p1a: Amoonguss|Amoonguss, L50, F|100\/100\n|-terastallize|p2b: Orthworm|Fire\n|move|p1b: Arcanine|Will-O-Wisp|p2a: Tyranitar\n|-status|p2a: Tyranitar|brn\n|move|p2b: Orthworm|Shed Tail|p2b: Orthworm\n|-start|p2b: Orthworm|Substitute|[from] move: Shed Tail\n|-damage|p2b: Orthworm|50\/100\n|-enditem|p2b: Orthworm|Sitrus Berry|[eat]\n|-heal|p2b: Orthworm|75\/100|[from] item: Sitrus Berry\n|\n|t:|1683323339\n|switch|p2b: Lycanroc|Lycanroc, L50, F|100\/100|[from] Shed Tail\n|move|p2a: Tyranitar|Rock Slide|p1b: Arcanine|[spread] p1a,p1b\n|-supereffective|p1b: Arcanine\n|-damage|p1a: Amoonguss|94\/100\n|-damage|p1b: Arcanine|82\/100\n|\n|-weather|Sandstorm|[upkeep]\n|-damage|p1a: Amoonguss|88\/100|[from] Sandstorm\n|-damage|p2a: Tyranitar|95\/100 brn|[from] brn\n|upkeep\n|turn|2\n|inactive|seismattersCORNER has 30 seconds left.\n|inactive|seismattersCORNER has 20 seconds left.\n|\n|t:|1683323377\n|move|p2b: Lycanroc|Rock Slide|p1a: Amoonguss|[spread] p1a\n|-miss|p2b: Lycanroc|p1b: Arcanine\n|-damage|p1a: Amoonguss|61\/100\n|move|p1b: Arcanine|Flare Blitz|p2b: Lycanroc\n|-resisted|p2b: Lycanroc\n|-end|p2b: Lycanroc|Substitute\n|-damage|p1b: Arcanine|73\/100|[from] Recoil|[of] p2b: Lycanroc\n|move|p2a: Tyranitar|Rock Slide|p1b: Arcanine|[spread] p1a,p1b\n|-supereffective|p1b: Arcanine\n|-damage|p1a: Amoonguss|53\/100\n|-damage|p1b: Arcanine|55\/100\n|cant|p1a: Amoonguss|flinch\n|\n|-weather|Sandstorm|[upkeep]\n|-damage|p1a: Amoonguss|47\/100|[from] Sandstorm\n|-enditem|p1a: Amoonguss|Sitrus Berry|[eat]\n|-heal|p1a: Amoonguss|72\/100|[from] item: Sitrus Berry\n|-damage|p2a: Tyranitar|89\/100 brn|[from] brn\n|upkeep\n|turn|3\n|\n|t:|1683323402\n|switch|p1a: Palafin|Palafin-Hero, L50, M, shiny|100\/100\n|-activate|p1a: Palafin|ability: Zero to Hero\n|move|p1b: Arcanine|Extreme Speed|p2b: Lycanroc\n|-resisted|p2b: Lycanroc\n|-damage|p2b: Lycanroc|78\/100\n|move|p2b: Lycanroc|Rock Slide|p1a: Palafin|[spread] p1b\n|-miss|p2b: Lycanroc|p1a: Palafin\n|-supereffective|p1b: Arcanine\n|-damage|p1b: Arcanine|0 fnt\n|faint|p1b: Arcanine\n|move|p2a: Tyranitar|Rock Slide|p1a: Palafin\n|-damage|p1a: Palafin|89\/100\n|\n|-weather|Sandstorm|[upkeep]\n|-damage|p1a: Palafin|83\/100|[from] Sandstorm\n|-damage|p2a: Tyranitar|83\/100 brn|[from] brn\n|upkeep\n|\n|t:|1683323419\n|switch|p1b: Amoonguss|Amoonguss, L50, F|100\/100\n|turn|4\n|\n|t:|1683323433\n|-terastallize|p1a: Palafin|Water\n|move|p2b: Lycanroc|Accelerock|p1a: Palafin\n|-crit|p1a: Palafin\n|-damage|p1a: Palafin|52\/100\n|move|p1a: Palafin|Wave Crash|p2a: Tyranitar\n|-supereffective|p2a: Tyranitar\n|-damage|p2a: Tyranitar|0 fnt\n|faint|p2a: Tyranitar\n|-damage|p1a: Palafin|24\/100|[from] Recoil\n|move|p1b: Amoonguss|Spore|p2b: Lycanroc\n|-status|p2b: Lycanroc|slp|[from] move: Spore\n|\n|-weather|Sandstorm|[upkeep]\n|-damage|p1a: Palafin|18\/100|[from] Sandstorm\n|-damage|p1b: Amoonguss|95\/100|[from] Sandstorm\n|upkeep\n|\n|t:|1683323442\n|switch|p2a: Corviknight|Corviknight, L50, M|100\/100\n|turn|5\n|inactive|seismattersCORNER has 30 seconds left.\n|\n|t:|1683323475\n|cant|p2b: Lycanroc|slp\n|move|p1a: Palafin|Jet Punch|p2b: Lycanroc\n|-supereffective|p2b: Lycanroc\n|-damage|p2b: Lycanroc|0 fnt\n|faint|p2b: Lycanroc\n|move|p2a: Corviknight|Bulk Up|p2a: Corviknight\n|-boost|p2a: Corviknight|atk|1\n|-boost|p2a: Corviknight|def|1\n|move|p1b: Amoonguss|Spore|p2a: Corviknight\n|-status|p2a: Corviknight|slp|[from] move: Spore\n|\n|-weather|none\n|upkeep\n|\n|t:|1683323484\n|switch|p2b: Orthworm|Orthworm, L50, F, tera:Fire|75\/100\n|turn|6\n|\n|t:|1683323493\n|move|p1a: Palafin|Jet Punch|p2b: Orthworm\n|-supereffective|p2b: Orthworm\n|-damage|p2b: Orthworm|0 fnt\n|faint|p2b: Orthworm\n|cant|p2a: Corviknight|slp\n|move|p1b: Amoonguss|Pollen Puff|p1a: Palafin\n|-heal|p1a: Palafin|68\/100\n|\n|upkeep\n|turn|7\n|\n|t:|1683323515\n|move|p1b: Amoonguss|Rage Powder|p1b: Amoonguss\n|-singleturn|p1b: Amoonguss|move: Rage Powder\n|move|p1a: Palafin|Wave Crash|p2a: Corviknight\n|-damage|p2a: Corviknight|36\/100 slp\n|-damage|p1a: Palafin|46\/100|[from] Recoil\n|cant|p2a: Corviknight|slp\n|\n|-heal|p2a: Corviknight|42\/100 slp|[from] item: Leftovers\n|upkeep\n|turn|8\n|-message|immatwork forfeited.\n|\n|win|seismattersCORNER\n|raw|seismattersCORNER's rating: 1302 → 1321<\/strong> (+19 for winning)\n|raw|immatwork's rating: 1286 → 1262<\/strong> (-24 for losing)\n|l|\u2606immatwork\n","uploadtime":1683323524,"views":4,"p1id":"seismatterscorner","p2id":"immatwork","formatid":"gen9vgc2023regulationc","rating":1262,"private":0,"password":""}