{"id":"gen9vgc2023regulationc-1847287687","p1":"Savanna del cour","p2":"nightmrep4nda","format":"[Gen 9] VGC 2023 Regulation C","log":"|j|\u2606Savanna del cour\n|j|\u2606nightmrep4nda\n|t:|1681934934\n|gametype|doubles\n|player|p1|Savanna del cour|2|1058\n|player|p2|nightmrep4nda|102|1070\n|teamsize|p1|6\n|teamsize|p2|6\n|gen|9\n|tier|[Gen 9] VGC 2023 Regulation C\n|rated|\n|rule|Species Clause: Limit one of each Pok\u00e9mon\n|rule|Item Clause: Limit one of each item\n|clearpoke\n|poke|p1|Maushold-Four, L50|\n|poke|p1|Garganacl, L50, F|\n|poke|p1|Chien-Pao, L50|\n|poke|p1|Ceruledge, L50, F|\n|poke|p1|Palafin, L50, M|\n|poke|p1|Dragonite, L50, F|\n|poke|p2|Jumpluff, L50, M|\n|poke|p2|Talonflame, L50, F|\n|poke|p2|Iron Bundle, L50|\n|poke|p2|Gardevoir, L50, M|\n|poke|p2|Orthworm, L50, F|\n|poke|p2|Flutter Mane, L50|\n|teampreview|4\n|\n|t:|1681934960\n|start\n|switch|p1a: Chien-Pao|Chien-Pao, L50|100\/100\n|switch|p1b: Palafin|Palafin, L50, M|100\/100\n|switch|p2a: Talonflame|Talonflame, L50, F|100\/100\n|switch|p2b: Jumpluff|Jumpluff, L50, M, shiny|100\/100\n|-ability|p1a: Chien-Pao|Sword of Ruin\n|turn|1\n|\n|t:|1681934981\n|-terastallize|p2b: Jumpluff|Fire\n|move|p2a: Talonflame|Tailwind|p2a: Talonflame\n|-sidestart|p2: nightmrep4nda|move: Tailwind\n|move|p1b: Palafin|Jet Punch|p2a: Talonflame\n|-supereffective|p2a: Talonflame\n|-damage|p2a: Talonflame|45\/100\n|move|p2b: Jumpluff|Sleep Powder|p1b: Palafin\n|-status|p1b: Palafin|slp|[from] move: Sleep Powder\n|move|p1a: Chien-Pao|Icicle Crash|p2b: Jumpluff\n|-resisted|p2b: Jumpluff\n|-damage|p2b: Jumpluff|55\/100\n|\n|upkeep\n|turn|2\n|\n|t:|1681935003\n|cant|p1b: Palafin|slp\n|move|p2a: Talonflame|Heat Wave|p1a: Chien-Pao|[spread] p1a\n|-miss|p2a: Talonflame|p1b: Palafin\n|-supereffective|p1a: Chien-Pao\n|-damage|p1a: Chien-Pao|39\/100\n|move|p2b: Jumpluff|Sleep Powder|p1a: Chien-Pao\n|-status|p1a: Chien-Pao|slp|[from] move: Sleep Powder\n|cant|p1a: Chien-Pao|slp\n|\n|upkeep\n|turn|3\n|\n|t:|1681935019\n|cant|p1b: Palafin|slp\n|move|p2a: Talonflame|Heat Wave|p1a: Chien-Pao|[spread] p1a,p1b\n|-supereffective|p1a: Chien-Pao\n|-crit|p1a: Chien-Pao\n|-resisted|p1b: Palafin\n|-damage|p1a: Chien-Pao|0 fnt\n|-damage|p1b: Palafin|93\/100 slp\n|faint|p1a: Chien-Pao\n|-enditem|p1b: Palafin|Eject Button\n|\n|t:|1681935027\n|detailschange|p1b: Palafin|Palafin-Hero, L50, M\n|switch|p1b: Garganacl|Garganacl, L50, F|100\/100\n|move|p2b: Jumpluff|Energy Ball|p1b: Garganacl\n|-supereffective|p1b: Garganacl\n|-damage|p1b: Garganacl|62\/100\n|\n|-heal|p1b: Garganacl|68\/100|[from] item: Leftovers\n|upkeep\n|\n|t:|1681935036\n|switch|p1a: Dragonite|Dragonite, L50, F|100\/100\n|turn|4\n|\n|t:|1681935045\n|move|p1a: Dragonite|Extreme Speed|p2a: Talonflame\n|-damage|p2a: Talonflame|4\/100\n|move|p2a: Talonflame|Taunt|p1b: Garganacl\n|-start|p1b: Garganacl|move: Taunt\n|move|p2b: Jumpluff|Sleep Powder|p1a: Dragonite\n|-status|p1a: Dragonite|slp|[from] move: Sleep Powder\n|-enditem|p1a: Dragonite|Chesto Berry|[eat]\n|-curestatus|p1a: Dragonite|slp|[msg]\n|move|p1b: Garganacl|Body Press|p2b: Jumpluff\n|-damage|p2b: Jumpluff|13\/100\n|\n|-heal|p1b: Garganacl|73\/100|[from] item: Leftovers\n|-sideend|p2: nightmrep4nda|move: Tailwind\n|upkeep\n|turn|5\n|\n|t:|1681935066\n|move|p1a: Dragonite|Extreme Speed|p2a: Talonflame\n|-damage|p2a: Talonflame|0 fnt\n|faint|p2a: Talonflame\n|move|p2b: Jumpluff|Sleep Powder|p1a: Dragonite\n|-status|p1a: Dragonite|slp|[from] move: Sleep Powder\n|move|p1b: Garganacl|Body Press|p2b: Jumpluff\n|-damage|p2b: Jumpluff|0 fnt\n|faint|p2b: Jumpluff\n|\n|-heal|p1b: Garganacl|79\/100|[from] item: Leftovers\n|upkeep\n|\n|t:|1681935080\n|switch|p2a: Iron Bundle|Iron Bundle, L50|100\/100\n|switch|p2b: Flutter Mane|Flutter Mane, L50|100\/100\n|-enditem|p2a: Iron Bundle|Booster Energy\n|-activate|p2a: Iron Bundle|ability: Quark Drive|[fromitem]\n|-start|p2a: Iron Bundle|quarkdrivespe\n|turn|6\n|\n|t:|1681935093\n|-terastallize|p1a: Dragonite|Normal\n|cant|p1a: Dragonite|slp\n|move|p2a: Iron Bundle|Hydro Pump|p1b: Garganacl|[miss]\n|-miss|p2a: Iron Bundle|p1b: Garganacl\n|move|p2b: Flutter Mane|Moonblast|p1a: Dragonite\n|-damage|p1a: Dragonite|60\/100 slp\n|move|p1b: Garganacl|Salt Cure|p2a: Iron Bundle\n|-supereffective|p2a: Iron Bundle\n|-damage|p2a: Iron Bundle|64\/100\n|-start|p2a: Iron Bundle|Salt Cure\n|\n|-heal|p1b: Garganacl|85\/100|[from] item: Leftovers\n|-damage|p2a: Iron Bundle|39\/100|[from] Salt Cure\n|-end|p1b: Garganacl|move: Taunt\n|upkeep\n|turn|7\n|\n|t:|1681935123\n|move|p2a: Iron Bundle|Hydro Pump|p1b: Garganacl\n|-supereffective|p1b: Garganacl\n|-damage|p1b: Garganacl|7\/100\n|move|p2b: Flutter Mane|Moonblast|p1a: Dragonite\n|-damage|p1a: Dragonite|0 fnt\n|faint|p1a: Dragonite\n|move|p1b: Garganacl|Salt Cure|p2b: Flutter Mane\n|-damage|p2b: Flutter Mane|67\/100\n|-start|p2b: Flutter Mane|Salt Cure\n|\n|-heal|p1b: Garganacl|13\/100|[from] item: Leftovers\n|-damage|p2a: Iron Bundle|15\/100|[from] Salt Cure\n|-damage|p2b: Flutter Mane|55\/100|[from] Salt Cure\n|upkeep\n|\n|t:|1681935138\n|switch|p1a: Palafin|Palafin-Hero, L50, M|93\/100 slp\n|-activate|p1a: Palafin|ability: Zero to Hero\n|turn|8\n|\n|t:|1681935147\n|cant|p1a: Palafin|slp\n|move|p2a: Iron Bundle|Freeze-Dry|p1a: Palafin\n|-supereffective|p1a: Palafin\n|-damage|p1a: Palafin|42\/100 slp\n|move|p2b: Flutter Mane|Moonblast|p1b: Garganacl\n|-damage|p1b: Garganacl|0 fnt\n|faint|p1b: Garganacl\n|\n|-damage|p2a: Iron Bundle|0 fnt|[from] Salt Cure\n|faint|p2a: Iron Bundle\n|-end|p2a: Iron Bundle|Quark Drive|[silent]\n|-damage|p2b: Flutter Mane|43\/100|[from] Salt Cure\n|upkeep\n|turn|9\n|\n|t:|1681935166\n|-curestatus|p1a: Palafin|slp|[msg]\n|move|p1a: Palafin|Jet Punch|p2b: Flutter Mane\n|-crit|p2b: Flutter Mane\n|-damage|p2b: Flutter Mane|0 fnt\n|faint|p2b: Flutter Mane\n|-end|p2b: Flutter Mane|Protosynthesis|[silent]\n|\n|win|Savanna del cour\n|raw|Savanna del cour's rating: 1058 → 1090<\/strong> (+32 for winning)\n|raw|nightmrep4nda's rating: 1070 → 1049<\/strong> (-21 for losing)\n|c|\u2606nightmrep4nda|Gg\n","uploadtime":1681935178,"views":7,"p1id":"savannadelcour","p2id":"nightmrep4nda","formatid":"gen9vgc2023regulationc","rating":1049,"private":0,"password":""}