{"id":"gen9vgc2023regulationc-1852733513","p1":"McDubbieEnthusiast","p2":"grookey321","format":"[Gen 9] VGC 2023 Regulation C","log":"|j|\u2606McDubbieEnthusiast\n|j|\u2606grookey321\n|t:|1682601429\n|gametype|doubles\n|player|p1|McDubbieEnthusiast|pokemonbreeder-gen4|1149\n|player|p2|grookey321|hilbert|1101\n|teamsize|p1|6\n|teamsize|p2|6\n|gen|9\n|tier|[Gen 9] VGC 2023 Regulation C\n|rated|\n|rule|Species Clause: Limit one of each Pok\u00e9mon\n|rule|Item Clause: Limit one of each item\n|clearpoke\n|poke|p1|Tyranitar, L50, M|\n|poke|p1|Garchomp, L50, F|\n|poke|p1|Scream Tail, L50|\n|poke|p1|Corviknight, L50, F|\n|poke|p1|Tatsugiri, L50, M|\n|poke|p1|Dondozo, L50, F|\n|poke|p2|Pawmot, L50, F|\n|poke|p2|Gholdengo, L50|\n|poke|p2|Great Tusk, L50|\n|poke|p2|Dragonite, L50, F|\n|poke|p2|Flutter Mane, L50|\n|poke|p2|Chien-Pao, L50|\n|teampreview|4\n|\n|t:|1682601515\n|start\n|switch|p1a: Tarrasque|Tyranitar, L50, M, shiny|100\/100\n|switch|p1b: Marid|Dondozo, L50, F|100\/100\n|switch|p2a: Dragonite|Dragonite, L50, F|100\/100\n|switch|p2b: Chien-Pao|Chien-Pao, L50|100\/100\n|-ability|p2b: Chien-Pao|Sword of Ruin\n|-weather|Sandstorm|[from] ability: Sand Stream|[of] p1a: Tarrasque\n|turn|1\n|\n|t:|1682601542\n|move|p1a: Tarrasque|Protect|p1a: Tarrasque\n|-singleturn|p1a: Tarrasque|Protect\n|move|p2b: Chien-Pao|Sacred Sword|p1a: Tarrasque\n|-activate|p1a: Tarrasque|move: Protect\n|move|p2a: Dragonite|Dragon Dance|p2a: Dragonite\n|-boost|p2a: Dragonite|atk|1\n|-boost|p2a: Dragonite|spe|1\n|move|p1b: Marid|Yawn|p2b: Chien-Pao\n|-start|p2b: Chien-Pao|move: Yawn|[of] p1b: Marid\n|\n|-weather|Sandstorm|[upkeep]\n|-damage|p2b: Chien-Pao|94\/100|[from] Sandstorm\n|-damage|p2a: Dragonite|94\/100|[from] Sandstorm\n|-damage|p1b: Marid|94\/100|[from] Sandstorm\n|-heal|p1b: Marid|100\/100|[from] item: Leftovers\n|upkeep\n|turn|2\n|\n|t:|1682601578\n|switch|p2b: RABBIT|Pawmot, L50, F|100\/100\n|-terastallize|p1a: Tarrasque|Rock\n|move|p2a: Dragonite|Dragon Dance|p2a: Dragonite\n|-boost|p2a: Dragonite|atk|1\n|-boost|p2a: Dragonite|spe|1\n|move|p1a: Tarrasque|Rock Slide|p2a: Dragonite|[spread] p2a,p2b\n|-supereffective|p2a: Dragonite\n|-resisted|p2b: RABBIT\n|-damage|p2a: Dragonite|17\/100\n|-damage|p2b: RABBIT|73\/100\n|move|p1b: Marid|Yawn|p2a: Dragonite\n|-start|p2a: Dragonite|move: Yawn|[of] p1b: Marid\n|\n|-weather|Sandstorm|[upkeep]\n|-damage|p2a: Dragonite|10\/100|[from] Sandstorm\n|-damage|p2b: RABBIT|67\/100|[from] Sandstorm\n|-damage|p1b: Marid|94\/100|[from] Sandstorm\n|-heal|p2b: RABBIT|73\/100|[from] item: Leftovers\n|-heal|p1b: Marid|100\/100|[from] item: Leftovers\n|upkeep\n|turn|3\n|\n|t:|1682601611\n|switch|p1a: Aboleth|Tatsugiri, L50, M|100\/100\n|-activate|p1a: Aboleth|ability: Commander|[of] p1b: Marid\n|-boost|p1b: Marid|atk|2\n|-boost|p1b: Marid|spa|2\n|-boost|p1b: Marid|spe|2\n|-boost|p1b: Marid|def|2\n|-boost|p1b: Marid|spd|2\n|move|p2a: Dragonite|Waterfall|p1a: Aboleth|[miss]\n|-miss|p2a: Dragonite|p1a: Aboleth\n|move|p1b: Marid|Earthquake|p2b: RABBIT|[spread] p2b\n|-miss|p1b: Marid|p1a: Aboleth\n|-immune|p2a: Dragonite\n|-supereffective|p2b: RABBIT\n|-damage|p2b: RABBIT|0 fnt\n|faint|p2b: RABBIT\n|\n|-weather|Sandstorm|[upkeep]\n|-damage|p2a: Dragonite|4\/100|[from] Sandstorm\n|-damage|p1a: Aboleth|95\/100|[from] Sandstorm\n|-damage|p1b: Marid|94\/100|[from] Sandstorm\n|-heal|p1b: Marid|100\/100|[from] item: Leftovers\n|-end|p2a: Dragonite|move: Yawn|[silent]\n|-status|p2a: Dragonite|slp\n|upkeep\n|\n|t:|1682601675\n|switch|p2b: Chien-Pao|Chien-Pao, L50|94\/100\n|-ability|p2b: Chien-Pao|Sword of Ruin\n|turn|4\n|\n|t:|1682601691\n|cant|p2a: Dragonite|slp\n|move|p2b: Chien-Pao|Sacred Sword|p1b: Marid\n|-damage|p1b: Marid|68\/100\n|-damage|p2b: Chien-Pao|84\/100|[from] item: Life Orb\n|move|p1b: Marid|Wave Crash|p2b: Chien-Pao\n|-damage|p2b: Chien-Pao|0 fnt\n|faint|p2b: Chien-Pao\n|-damage|p1b: Marid|49\/100|[from] Recoil\n|\n|-weather|Sandstorm|[upkeep]\n|-damage|p2a: Dragonite|0 fnt|[from] Sandstorm\n|-damage|p1a: Aboleth|89\/100|[from] Sandstorm\n|-damage|p1b: Marid|42\/100|[from] Sandstorm\n|faint|p2a: Dragonite\n|-heal|p1b: Marid|49\/100|[from] item: Leftovers\n|upkeep\n|\n|t:|1682601711\n|switch|p2b: Gholdengo|Gholdengo, L50|100\/100\n|turn|5\n|\n|t:|1682601732\n|move|p1b: Marid|Earthquake|p2b: Gholdengo|[spread] p2b\n|-miss|p1b: Marid|p1a: Aboleth\n|-supereffective|p2b: Gholdengo\n|-damage|p2b: Gholdengo|12\/100\n|move|p2b: Gholdengo|Thunderbolt|p1b: Marid\n|-supereffective|p1b: Marid\n|-damage|p1b: Marid|3\/100\n|\n|-weather|none\n|-heal|p1b: Marid|9\/100|[from] item: Leftovers\n|upkeep\n|turn|6\n|\n|t:|1682601745\n|move|p1b: Marid|Earthquake|p2b: Gholdengo|[spread] p2b\n|-miss|p1b: Marid|p1a: Aboleth\n|-supereffective|p2b: Gholdengo\n|-damage|p2b: Gholdengo|0 fnt\n|faint|p2b: Gholdengo\n|\n|win|McDubbieEnthusiast\n|raw|McDubbieEnthusiast's rating: 1149 → 1171<\/strong> (+22 for winning)\n|raw|grookey321's rating: 1101 → 1079<\/strong> (-22 for losing)\n","uploadtime":1682601753,"views":17,"p1id":"mcdubbieenthusiast","p2id":"grookey321","formatid":"gen9vgc2023regulationc","rating":1079,"private":0,"password":""}