{"id":"gen9vgc2023regulationc-1860015472","p1":"pokeway96","p2":"AmongusMAster5678","format":"[Gen 9] VGC 2023 Regulation C","log":"|j|\u2606pokeway96\n|j|\u2606AmongusMAster5678\n|t:|1683585348\n|gametype|doubles\n|player|p1|pokeway96|leon-masters|\n|player|p2|AmongusMAster5678|102|\n|teamsize|p1|6\n|teamsize|p2|6\n|gen|9\n|tier|[Gen 9] VGC 2023 Regulation C\n|rated|Tournament battle\n|rule|Species Clause: Limit one of each Pok\u00e9mon\n|rule|Item Clause: Limit one of each item\n|clearpoke\n|poke|p1|Flutter Mane, L50|\n|poke|p1|Chi-Yu, L50|\n|poke|p1|Gyarados, L50, M|\n|poke|p1|Ting-Lu, L50|\n|poke|p1|Iron Hands, L50|\n|poke|p1|Amoonguss, L50, M|\n|poke|p2|Glimmora, L50, M|\n|poke|p2|Dragonite, L50, M|\n|poke|p2|Dondozo, L50, M|\n|poke|p2|Tatsugiri, L50, F|\n|poke|p2|Chi-Yu, L50|\n|poke|p2|Iron Bundle, L50|\n|teampreview|4\n|raw| Open Team Sheet for pokeway96<\/summary>Flutter Mane @ Booster Energy Ability: Protosynthesis Level: 50 Tera Type: Fairy - Moonblast - Shadow Ball - Substitute - Protect Chi-Yu @ Safety Goggles Ability: Beads of Ruin Level: 50 Tera Type: Water - Heat Wave - Dark Pulse - Nasty Plot - Protect Gyarados (M) @ Aguav Berry Ability: Intimidate Level: 50 Shiny: Yes Tera Type: Fairy - Waterfall - Thunder Wave - Taunt - Protect Ting-Lu @ Leftovers Ability: Vessel of Ruin Level: 50 Tera Type: Water - Stomping Tantrum - Ruination - Heavy Slam - Protect Iron Hands @ Assault Vest Ability: Quark Drive Level: 50 Tera Type: Grass - Drain Punch - Wild Charge - Volt Switch - Fake Out Amoonguss (M) @ Sitrus Berry Ability: Regenerator Level: 50 Shiny: Yes Tera Type: Water - Pollen Puff - Rage Powder - Spore - Clear Smog <\/details><\/div> Open Team Sheet for AmongusMAster5678<\/summary>Glimmora (M) @ Assault Vest Ability: Toxic Debris Level: 50 Shiny: Yes Tera Type: Grass - Mortal Spin - Power Gem - Earth Power - Energy Ball Dragonite (M) @ Choice Band Ability: Multiscale Level: 50 Shiny: Yes Tera Type: Normal - Outrage - Ice Spinner - Extreme Speed - Earthquake Dondozo (M) @ Leftovers Ability: Oblivious Level: 50 Tera Type: Grass - Wave Crash - Earthquake - Tera Blast - Protect Tatsugiri (F) @ Choice Scarf Ability: Commander Level: 50 Tera Type: Steel - Draco Meteor - Muddy Water - Icy Wind - Sleep Talk Chi-Yu @ Focus Sash Ability: Beads of Ruin Level: 50 Tera Type: Ghost - Overheat - Heat Wave - Dark Pulse - Protect Iron Bundle @ Booster Energy Ability: Quark Drive Level: 50 Shiny: Yes Tera Type: Ice - Hydro Pump - Icy Wind - Freeze-Dry - Protect <\/details><\/div>\n|inactive|Battle timer is ON: inactive players will automatically lose when time's up. (requested by AmongusMAster5678)\n|c|\u2606AmongusMAster5678|glhf\n|inactive|pokeway96 has 60 seconds left.\n|inactive|AmongusMAster5678 has 60 seconds left.\n|j| w0wells\n|l| w0wells\n|j| ChampionNBloom\n|j| ale cog\n|inactive|pokeway96 has 30 seconds left.\n|inactive|AmongusMAster5678 has 30 seconds left.\n|l| ale cog\n|inactive|pokeway96 has 20 seconds left.\n|inactive|pokeway96 has 15 seconds left.\n|inactive|pokeway96 has 10 seconds left.\n|inactive|pokeway96 has 5 seconds left.\n|\n|t:|1683585435\n|start\n|switch|p1a: Iron Hands|Iron Hands, L50|100\/100\n|switch|p1b: Flutter Mane|Flutter Mane, L50|100\/100\n|switch|p2a: Glimmora|Glimmora, L50, M, shiny|100\/100\n|switch|p2b: Iron Bundle|Iron Bundle, L50, shiny|100\/100\n|-enditem|p2b: Iron Bundle|Booster Energy\n|-activate|p2b: Iron Bundle|ability: Quark Drive|[fromitem]\n|-start|p2b: Iron Bundle|quarkdrivespe\n|-enditem|p1b: Flutter Mane|Booster Energy\n|-activate|p1b: Flutter Mane|ability: Protosynthesis|[fromitem]\n|-start|p1b: Flutter Mane|protosynthesisspa\n|turn|1\n|inactive|pokeway96 has 30 seconds left.\n|inactive|pokeway96 has 20 seconds left.\n|inactive|pokeway96 has 15 seconds left.\n|inactive|pokeway96 has 10 seconds left.\n|\n|t:|1683585483\n|move|p2b: Iron Bundle|Protect|p2b: Iron Bundle\n|-singleturn|p2b: Iron Bundle|Protect\n|move|p1a: Iron Hands|Fake Out|p2a: Glimmora\n|-resisted|p2a: Glimmora\n|-damage|p2a: Glimmora|94\/100\n|-activate|p2a: Glimmora|ability: Toxic Debris\n|-sidestart|p1: pokeway96|move: Toxic Spikes\n|move|p1b: Flutter Mane|Substitute|p1b: Flutter Mane\n|-start|p1b: Flutter Mane|Substitute\n|-damage|p1b: Flutter Mane|76\/100\n|cant|p2a: Glimmora|flinch\n|\n|upkeep\n|turn|2\n|\n|t:|1683585500\n|move|p1b: Flutter Mane|Protect|p1b: Flutter Mane\n|-singleturn|p1b: Flutter Mane|Protect\n|move|p2b: Iron Bundle|Freeze-Dry|p1b: Flutter Mane\n|-activate|p1b: Flutter Mane|move: Protect\n|move|p2a: Glimmora|Mortal Spin|p1b: Flutter Mane|[spread] p1a\n|-activate|p1b: Flutter Mane|move: Protect\n|-damage|p1a: Iron Hands|98\/100\n|-status|p1a: Iron Hands|psn\n|move|p1a: Iron Hands|Wild Charge|p2b: Iron Bundle\n|-supereffective|p2b: Iron Bundle\n|-damage|p2b: Iron Bundle|0 fnt\n|faint|p2b: Iron Bundle\n|-end|p2b: Iron Bundle|Quark Drive|[silent]\n|-damage|p1a: Iron Hands|84\/100 psn|[from] Recoil\n|\n|-damage|p1a: Iron Hands|72\/100 psn|[from] psn\n|upkeep\n|\n|t:|1683585507\n|switch|p2b: Chi-Yu|Chi-Yu, L50|100\/100\n|-ability|p2b: Chi-Yu|Beads of Ruin\n|turn|3\n|inactive|pokeway96 has 30 seconds left.\n|\n|t:|1683585536\n|move|p1b: Flutter Mane|Shadow Ball|p2a: Glimmora\n|-damage|p2a: Glimmora|44\/100\n|-unboost|p2a: Glimmora|spd|1\n|move|p2b: Chi-Yu|Heat Wave|p1b: Flutter Mane|[spread] p1a,p1b\n|-end|p1b: Flutter Mane|Substitute\n|-damage|p1a: Iron Hands|48\/100 psn\n|move|p2a: Glimmora|Earth Power|p1a: Iron Hands\n|-supereffective|p1a: Iron Hands\n|-damage|p1a: Iron Hands|13\/100 psn\n|move|p1a: Iron Hands|Drain Punch|p2a: Glimmora\n|-damage|p2a: Glimmora|7\/100\n|-heal|p1a: Iron Hands|28\/100 psn|[from] drain|[of] p2a: Glimmora\n|-activate|p2a: Glimmora|ability: Toxic Debris\n|-sidestart|p1: pokeway96|move: Toxic Spikes\n|\n|-damage|p1a: Iron Hands|16\/100 psn|[from] psn\n|upkeep\n|turn|4\n|inactive|pokeway96 has 30 seconds left.\n|\n|t:|1683585564\n|switch|p2a: Dragonite|Dragonite, L50, M, shiny|100\/100\n|move|p1b: Flutter Mane|Protect|p1b: Flutter Mane\n|-singleturn|p1b: Flutter Mane|Protect\n|move|p2b: Chi-Yu|Heat Wave|p1a: Iron Hands|[spread] p1a\n|-activate|p1b: Flutter Mane|move: Protect\n|-damage|p1a: Iron Hands|0 fnt\n|faint|p1a: Iron Hands\n|-end|p1a: Iron Hands|Quark Drive|[silent]\n|\n|upkeep\n|\n|t:|1683585574\n|switch|p1a: Gyarados|Gyarados, L50, M, shiny|100\/100\n|-ability|p1a: Gyarados|Intimidate|boost\n|-unboost|p2a: Dragonite|atk|1\n|-unboost|p2b: Chi-Yu|atk|1\n|turn|5\n|inactive|pokeway96 has 30 seconds left.\n|\n|t:|1683585605\n|-terastallize|p2a: Dragonite|Normal\n|move|p2a: Dragonite|Extreme Speed|p1a: Gyarados\n|-damage|p1a: Gyarados|54\/100\n|move|p1b: Flutter Mane|Substitute|p1b: Flutter Mane\n|-start|p1b: Flutter Mane|Substitute\n|-damage|p1b: Flutter Mane|52\/100\n|move|p2b: Chi-Yu|Dark Pulse|p1a: Gyarados\n|-damage|p1a: Gyarados|4\/100\n|-enditem|p1a: Gyarados|Aguav Berry|[eat]\n|-heal|p1a: Gyarados|38\/100|[from] item: Aguav Berry\n|move|p1a: Gyarados|Waterfall|p2b: Chi-Yu\n|-supereffective|p2b: Chi-Yu\n|-enditem|p2b: Chi-Yu|Focus Sash\n|-damage|p2b: Chi-Yu|1\/100\n|\n|upkeep\n|turn|6\n|j| rina slaywayama\n|\n|t:|1683585625\n|switch|p2a: Glimmora|Glimmora, L50, M, shiny|7\/100\n|move|p1b: Flutter Mane|Moonblast|p2b: Chi-Yu\n|-damage|p2b: Chi-Yu|0 fnt\n|faint|p2b: Chi-Yu\n|move|p1a: Gyarados|Waterfall|p2a: Glimmora\n|-supereffective|p2a: Glimmora\n|-damage|p2a: Glimmora|0 fnt\n|faint|p2a: Glimmora\n|\n|upkeep\n|\n|t:|1683585631\n|switch|p2b: Dragonite|Dragonite, L50, M, shiny, tera:Normal|100\/100\n|turn|7\n|\n|t:|1683585640\n|move|p1b: Flutter Mane|Protect|p1b: Flutter Mane\n|-singleturn|p1b: Flutter Mane|Protect\n|move|p2b: Dragonite|Ice Spinner|p1a: Gyarados\n|-damage|p1a: Gyarados|0 fnt\n|faint|p1a: Gyarados\n|\n|upkeep\n|\n|t:|1683585645\n|switch|p1a: Amoonguss|Amoonguss, L50, M, shiny|100\/100\n|-sideend|p1: pokeway96|move: Toxic Spikes|[of] p1a: Amoonguss\n|turn|8\n|l| rina slaywayama\n|\n|t:|1683585651\n|-terastallize|p1a: Amoonguss|Water\n|move|p1b: Flutter Mane|Moonblast|p2b: Dragonite\n|-damage|p2b: Dragonite|66\/100\n|move|p2b: Dragonite|Ice Spinner|p1a: Amoonguss\n|-resisted|p1a: Amoonguss\n|-damage|p1a: Amoonguss|84\/100\n|move|p1a: Amoonguss|Spore|p2b: Dragonite\n|-status|p2b: Dragonite|slp|[from] move: Spore\n|\n|upkeep\n|turn|9\n|\n|t:|1683585661\n|move|p1b: Flutter Mane|Moonblast|p2b: Dragonite\n|-damage|p2b: Dragonite|2\/100 slp\n|cant|p2b: Dragonite|slp\n|move|p1a: Amoonguss|Pollen Puff|p2b: Dragonite\n|-damage|p2b: Dragonite|0 fnt\n|faint|p2b: Dragonite\n|\n|win|pokeway96\n|n|\u2606pokeway96|pokeway96\n|n|\u2606AmongusMAster5678|amongusmaster5678\n|n| ChampionNBloom|championnbloom\n","uploadtime":1683585662,"views":5,"p1id":"pokeway96","p2id":"amongusmaster5678","formatid":"gen9vgc2023regulationc","rating":0,"private":0,"password":""}