{"id":"gen9vgc2023regulationc-1857570710","p1":"vyxl","p2":"Friendly Patches","format":"[Gen 9] VGC 2023 Regulation C","log":"|j|\u2606vyxl\n|j|\u2606Friendly Patches\n|t:|1683209267\n|gametype|doubles\n|player|p1|vyxl|170|1141\n|player|p2|Friendly Patches|steven|1112\n|teamsize|p1|6\n|teamsize|p2|6\n|gen|9\n|tier|[Gen 9] VGC 2023 Regulation C\n|rated|\n|rule|Species Clause: Limit one of each Pok\u00e9mon\n|rule|Item Clause: Limit one of each item\n|clearpoke\n|poke|p1|Murkrow, L50, M|\n|poke|p1|Ceruledge, L50, M|\n|poke|p1|Flutter Mane, L50|\n|poke|p1|Gyarados, L50, F|\n|poke|p1|Great Tusk, L50|\n|poke|p1|Wo-Chien, L50|\n|poke|p2|Gallade, L50, M|\n|poke|p2|Noivern, L50, F|\n|poke|p2|Scizor, L50, M|\n|poke|p2|Slowbro, L50, M|\n|poke|p2|Ceruledge, L50, M|\n|poke|p2|Iron Bundle, L50|\n|teampreview|4\n|inactive|Battle timer is ON: inactive players will automatically lose when time's up. (requested by vyxl)\nvyxl has agreed to open team sheets.\n|\n|t:|1683209294\n|start\n|switch|p1a: Murkrow|Murkrow, L50, M|100\/100\n|switch|p1b: Flutter Mane|Flutter Mane, L50|100\/100\n|switch|p2a: Scizor|Scizor, L50, M|100\/100\n|switch|p2b: Iron Bundle|Iron Bundle, L50|100\/100\n|-enditem|p2b: Iron Bundle|Booster Energy\n|-activate|p2b: Iron Bundle|ability: Quark Drive|[fromitem]\n|-start|p2b: Iron Bundle|quarkdrivespe\n|turn|1\n|\n|t:|1683209312\n|move|p1b: Flutter Mane|Protect|p1b: Flutter Mane\n|-singleturn|p1b: Flutter Mane|Protect\n|move|p1a: Murkrow|Sunny Day|p1a: Murkrow\n|-weather|SunnyDay\n|-activate|p1b: Flutter Mane|ability: Protosynthesis\n|-start|p1b: Flutter Mane|protosynthesisspa\n|move|p2a: Scizor|Bullet Punch|p1b: Flutter Mane\n|-activate|p1b: Flutter Mane|move: Protect\n|move|p2b: Iron Bundle|Icy Wind|p1b: Flutter Mane|[spread] p1a\n|-activate|p1b: Flutter Mane|move: Protect\n|-supereffective|p1a: Murkrow\n|-damage|p1a: Murkrow|12\/100\n|-unboost|p1a: Murkrow|spe|1\n|\n|-weather|SunnyDay|[upkeep]\n|upkeep\n|turn|2\n|\n|t:|1683209336\n|-end|p1b: Flutter Mane|Protosynthesis|[silent]\n|switch|p1b: Wo-Chien|Wo-Chien, L50|100\/100\n|-ability|p1b: Wo-Chien|Tablets of Ruin\n|move|p2a: Scizor|Bullet Punch|p1b: Wo-Chien\n|-damage|p1b: Wo-Chien|78\/100\n|move|p1a: Murkrow|Tailwind|p1a: Murkrow\n|-sidestart|p1: vyxl|move: Tailwind\n|move|p2b: Iron Bundle|Icy Wind|p1b: Wo-Chien|[spread] p1a,p1b\n|-supereffective|p1a: Murkrow\n|-supereffective|p1b: Wo-Chien\n|-damage|p1a: Murkrow|0 fnt\n|-damage|p1b: Wo-Chien|56\/100\n|-unboost|p1b: Wo-Chien|spe|1\n|faint|p1a: Murkrow\n|\n|-weather|SunnyDay|[upkeep]\n|-heal|p1b: Wo-Chien|62\/100|[from] item: Leftovers\n|upkeep\n|\n|t:|1683209351\n|switch|p1a: Great Tusk|Great Tusk, L50|100\/100\n|-activate|p1a: Great Tusk|ability: Protosynthesis\n|-start|p1a: Great Tusk|protosynthesisatk\n|turn|3\n|\n|t:|1683209373\n|-terastallize|p1a: Great Tusk|Ground\n|move|p1b: Wo-Chien|Protect|p1b: Wo-Chien\n|-singleturn|p1b: Wo-Chien|Protect\n|move|p1a: Great Tusk|Earthquake|p2a: Scizor|[spread] p2a,p2b\n|-activate|p1b: Wo-Chien|move: Protect\n|-damage|p2a: Scizor|30\/100\n|-damage|p2b: Iron Bundle|46\/100\n|move|p2b: Iron Bundle|Chilling Water|p1a: Great Tusk\n|-supereffective|p1a: Great Tusk\n|-damage|p1a: Great Tusk|65\/100\n|-unboost|p1a: Great Tusk|atk|1\n|move|p2a: Scizor|X-Scissor|p1b: Wo-Chien\n|-activate|p1b: Wo-Chien|move: Protect\n|\n|-weather|SunnyDay|[upkeep]\n|-heal|p1b: Wo-Chien|69\/100|[from] item: Leftovers\n|upkeep\n|turn|4\n|inactive|Friendly Patches has 30 seconds left.\n|inactive|Friendly Patches has 20 seconds left.\n|inactive|Friendly Patches has 15 seconds left.\n|inactive|Friendly Patches has 10 seconds left.\n|inactive|Friendly Patches has 5 seconds left.\n|\n|t:|1683209427\n|move|p2a: Scizor|Protect|p2a: Scizor\n|-singleturn|p2a: Scizor|Protect\n|move|p1a: Great Tusk|Earthquake|p2b: Iron Bundle|[spread] p1b,p2b\n|-activate|p2a: Scizor|move: Protect\n|-resisted|p1b: Wo-Chien\n|-damage|p1b: Wo-Chien|53\/100\n|-damage|p2b: Iron Bundle|4\/100\n|move|p2b: Iron Bundle|Icy Wind|p1a: Great Tusk|[spread] p1a,p1b\n|-supereffective|p1a: Great Tusk\n|-supereffective|p1b: Wo-Chien\n|-damage|p1a: Great Tusk|4\/100\n|-damage|p1b: Wo-Chien|31\/100\n|-unboost|p1a: Great Tusk|spe|1\n|-unboost|p1b: Wo-Chien|spe|1\n|move|p1b: Wo-Chien|Pollen Puff|p1a: Great Tusk\n|-heal|p1a: Great Tusk|54\/100\n|\n|-weather|SunnyDay|[upkeep]\n|-heal|p1b: Wo-Chien|37\/100|[from] item: Leftovers\n|upkeep\n|turn|5\n|inactive|Friendly Patches has 30 seconds left.\n|\n|t:|1683209454\n|move|p2b: Iron Bundle|Chilling Water|p1a: Great Tusk\n|-supereffective|p1a: Great Tusk\n|-damage|p1a: Great Tusk|18\/100\n|-unboost|p1a: Great Tusk|atk|1\n|move|p1a: Great Tusk|Earthquake|p2a: Scizor|[spread] p1b,p2a,p2b\n|-resisted|p1b: Wo-Chien\n|-damage|p1b: Wo-Chien|27\/100\n|-damage|p2a: Scizor|0 fnt\n|-damage|p2b: Iron Bundle|0 fnt\n|faint|p2a: Scizor\n|faint|p2b: Iron Bundle\n|-end|p2b: Iron Bundle|Quark Drive|[silent]\n|move|p1b: Wo-Chien|Pollen Puff|p1a: Great Tusk\n|-heal|p1a: Great Tusk|68\/100\n|\n|-weather|none\n|-end|p1a: Great Tusk|Protosynthesis\n|-heal|p1b: Wo-Chien|33\/100|[from] item: Leftovers\n|-sideend|p1: vyxl|move: Tailwind\n|upkeep\n|\n|t:|1683209470\n|switch|p2b: Gallade|Gallade, L50, M|100\/100\n|switch|p2a: Ceruledge|Ceruledge, L50, M|100\/100\n|turn|6\n|\n|t:|1683209494\n|-end|p1a: Great Tusk|Protosynthesis|[silent]\n|switch|p1a: Flutter Mane|Flutter Mane, L50|100\/100\n|-terastallize|p2a: Ceruledge|Grass\n|move|p1b: Wo-Chien|Protect|p1b: Wo-Chien\n|-singleturn|p1b: Wo-Chien|Protect\n|move|p2a: Ceruledge|Bitter Blade|p1b: Wo-Chien\n|-activate|p1b: Wo-Chien|move: Protect\n|move|p2b: Gallade|Leaf Blade|p1a: Flutter Mane\n|-damage|p1a: Flutter Mane|21\/100\n|\n|-heal|p1b: Wo-Chien|39\/100|[from] item: Leftovers\n|upkeep\n|turn|7\n|inactive|vyxl has 30 seconds left.\n|\n|t:|1683209521\n|move|p2a: Ceruledge|Shadow Sneak|p1a: Flutter Mane\n|-supereffective|p1a: Flutter Mane\n|-damage|p1a: Flutter Mane|0 fnt\n|faint|p1a: Flutter Mane\n|-end|p1a: Flutter Mane|Protosynthesis|[silent]\n|-damage|p2a: Ceruledge|91\/100|[from] item: Life Orb\n|move|p2b: Gallade|Sacred Sword|p1b: Wo-Chien\n|-supereffective|p1b: Wo-Chien\n|-damage|p1b: Wo-Chien|0 fnt\n|faint|p1b: Wo-Chien\n|\n|upkeep\n|\n|t:|1683209531\n|switch|p1b: Great Tusk|Great Tusk, L50, tera:Ground|68\/100\n|turn|8\n|\n|t:|1683209542\n|move|p1b: Great Tusk|Headlong Rush|p2b: Gallade\n|-damage|p2b: Gallade|0 fnt\n|-unboost|p1b: Great Tusk|def|1\n|-unboost|p1b: Great Tusk|spd|1\n|faint|p2b: Gallade\n|move|p2a: Ceruledge|Will-O-Wisp|p1b: Great Tusk\n|-status|p1b: Great Tusk|brn\n|\n|-damage|p1b: Great Tusk|62\/100 brn|[from] brn\n|upkeep\n|turn|9\n|\n|t:|1683209559\n|move|p1b: Great Tusk|Headlong Rush|p2a: Ceruledge\n|-resisted|p2a: Ceruledge\n|-damage|p2a: Ceruledge|61\/100\n|-unboost|p1b: Great Tusk|def|1\n|-unboost|p1b: Great Tusk|spd|1\n|move|p2a: Ceruledge|Bitter Blade|p1b: Great Tusk\n|-damage|p1b: Great Tusk|0 fnt\n|-heal|p2a: Ceruledge|99\/100|[from] drain|[of] p1b: Great Tusk\n|faint|p1b: Great Tusk\n|-end|p1b: Great Tusk|Protosynthesis|[silent]\n|-damage|p2a: Ceruledge|89\/100|[from] item: Life Orb\n|\n|win|Friendly Patches\n|raw|vyxl's rating: 1141 → 1114<\/strong> (-27 for losing)\n|raw|Friendly Patches's rating: 1112 → 1139<\/strong> (+27 for winning)\n","uploadtime":1683209570,"views":24,"p1id":"vyxl","p2id":"friendlypatches","formatid":"gen9vgc2023regulationc","rating":1114,"private":0,"password":""}