{"id":"gen9vgc2023regulationc-1854783828","p1":"Vengeful potato","p2":"AzInWhat?","format":"[Gen 9] VGC 2023 Regulation C","log":"|j|\u2606Vengeful potato\n|j|\u2606AzInWhat?\n|t:|1682865557\n|gametype|doubles\n|player|p1|Vengeful potato|swimmer-gen4|1249\n|player|p2|AzInWhat?|hilbert|1177\n|teamsize|p1|6\n|teamsize|p2|6\n|gen|9\n|tier|[Gen 9] VGC 2023 Regulation C\n|rated|\n|rule|Species Clause: Limit one of each Pok\u00e9mon\n|rule|Item Clause: Limit one of each item\n|clearpoke\n|poke|p1|Dudunsparce-*, L50, M|\n|poke|p1|Flamigo, L50, F|\n|poke|p1|Tinkaton, L50, F|\n|poke|p1|Qwilfish, L50, M|\n|poke|p1|Appletun, L50, F|\n|poke|p1|Flutter Mane, L50|\n|poke|p2|Flutter Mane, L50|\n|poke|p2|Amoonguss, L50, F|\n|poke|p2|Ting-Lu, L50|\n|poke|p2|Arcanine, L50, M|\n|poke|p2|Palafin, L50, F|\n|poke|p2|Garganacl, L50, M|\n|teampreview|4\n|inactive|Battle timer is ON: inactive players will automatically lose when time's up. (requested by AzInWhat?)\n|inactive|Vengeful potato has 60 seconds left.\n|inactive|AzInWhat? has 60 seconds left.\n|\n|t:|1682865593\n|start\n|switch|p1a: It\u2019s Sparcin\u2019 time|Dudunsparce, L50, M|100\/100\n|switch|p1b: Bubblegum KK|Qwilfish, L50, M, shiny|100\/100\n|switch|p2a: BORK WOOF|Arcanine, L50, M|100\/100\n|switch|p2b: SUS AMOGUS|Amoonguss, L50, F|100\/100\n|-ability|p2a: BORK WOOF|Intimidate|boost\n|-unboost|p1a: It\u2019s Sparcin\u2019 time|atk|1\n|-unboost|p1b: Bubblegum KK|atk|1\n|-ability|p1b: Bubblegum KK|Intimidate|boost\n|-unboost|p2a: BORK WOOF|atk|1\n|-unboost|p2b: SUS AMOGUS|atk|1\n|turn|1\n|\n|t:|1682865606\n|move|p2a: BORK WOOF|Protect|p2a: BORK WOOF\n|-singleturn|p2a: BORK WOOF|Protect\n|move|p1b: Bubblegum KK|Taunt|p2b: SUS AMOGUS\n|-start|p2b: SUS AMOGUS|move: Taunt\n|move|p1a: It\u2019s Sparcin\u2019 time|Glare|p2a: BORK WOOF\n|-activate|p2a: BORK WOOF|move: Protect\n|cant|p2b: SUS AMOGUS|move: Taunt|Spore\n|\n|upkeep\n|turn|2\n|\n|t:|1682865621\n|move|p2a: BORK WOOF|Flare Blitz|p1b: Bubblegum KK\n|-resisted|p1b: Bubblegum KK\n|-damage|p1b: Bubblegum KK|77\/100\n|-damage|p2a: BORK WOOF|93\/100|[from] Recoil\n|move|p1b: Bubblegum KK|Gunk Shot|p2b: SUS AMOGUS\n|-damage|p2b: SUS AMOGUS|78\/100\n|move|p1a: It\u2019s Sparcin\u2019 time|Glare|p2a: BORK WOOF\n|-status|p2a: BORK WOOF|par\n|move|p2b: SUS AMOGUS|Pollen Puff|p2a: BORK WOOF\n|-heal|p2a: BORK WOOF|100\/100 par\n|\n|upkeep\n|turn|3\n|\n|t:|1682865639\n|switch|p2b: IMMADOITBRO|Ting-Lu, L50|100\/100\n|-ability|p2b: IMMADOITBRO|Vessel of Ruin\n|move|p1b: Bubblegum KK|Waterfall|p2a: BORK WOOF\n|-supereffective|p2a: BORK WOOF\n|-damage|p2a: BORK WOOF|58\/100 par\n|move|p1a: It\u2019s Sparcin\u2019 time|Glare|p2b: IMMADOITBRO\n|-status|p2b: IMMADOITBRO|par\n|move|p2a: BORK WOOF|Will-O-Wisp|p1b: Bubblegum KK|[miss]\n|-miss|p2a: BORK WOOF|p1b: Bubblegum KK\n|\n|upkeep\n|turn|4\n|\n|t:|1682865655\n|switch|p2a: SUS AMOGUS|Amoonguss, L50, F|100\/100\n|move|p1b: Bubblegum KK|Waterfall|p2b: IMMADOITBRO\n|-supereffective|p2b: IMMADOITBRO\n|-damage|p2b: IMMADOITBRO|82\/100 par\n|move|p1a: It\u2019s Sparcin\u2019 time|Rock Slide|p2a: SUS AMOGUS|[spread] \n|-miss|p1a: It\u2019s Sparcin\u2019 time|p2a: SUS AMOGUS\n|-miss|p1a: It\u2019s Sparcin\u2019 time|p2b: IMMADOITBRO\n|move|p2b: IMMADOITBRO|Stomping Tantrum|p1b: Bubblegum KK\n|-supereffective|p1b: Bubblegum KK\n|-damage|p1b: Bubblegum KK|3\/100\n|-enditem|p1b: Bubblegum KK|Mago Berry|[eat]\n|-heal|p1b: Bubblegum KK|37\/100|[from] item: Mago Berry\n|\n|upkeep\n|turn|5\n|\n|t:|1682865676\n|switch|p1b: The Homie|Flamigo, L50, F, shiny|100\/100\n|move|p1a: It\u2019s Sparcin\u2019 time|Protect|p1a: It\u2019s Sparcin\u2019 time\n|-singleturn|p1a: It\u2019s Sparcin\u2019 time|Protect\n|move|p2a: SUS AMOGUS|Pollen Puff|p2b: IMMADOITBRO\n|-heal|p2b: IMMADOITBRO|100\/100 par\n|move|p2b: IMMADOITBRO|Stomping Tantrum|p1b: The Homie\n|-immune|p1b: The Homie\n|\n|upkeep\n|turn|6\n|\n|t:|1682865696\n|-terastallize|p2a: SUS AMOGUS|Water\n|move|p1b: The Homie|Brave Bird|p2a: SUS AMOGUS\n|-crit|p2a: SUS AMOGUS\n|-damage|p2a: SUS AMOGUS|26\/100\n|-damage|p1b: The Homie|71\/100|[from] Recoil\n|move|p1a: It\u2019s Sparcin\u2019 time|Rock Slide|p2b: IMMADOITBRO|[spread] p2a,p2b\n|-resisted|p2b: IMMADOITBRO\n|-damage|p2a: SUS AMOGUS|18\/100\n|-damage|p2b: IMMADOITBRO|99\/100 par\n|move|p2a: SUS AMOGUS|Spore|p1b: The Homie\n|-status|p1b: The Homie|slp|[from] move: Spore\n|cant|p2b: IMMADOITBRO|flinch\n|\n|upkeep\n|turn|7\n|\n|t:|1682865716\n|switch|p2a: BORK WOOF|Arcanine, L50, M|58\/100 par\n|-ability|p2a: BORK WOOF|Intimidate|boost\n|-unboost|p1a: It\u2019s Sparcin\u2019 time|atk|1\n|-fail|p1b: The Homie|unboost|Attack|[from] ability: Scrappy|[of] p1b: The Homie\n|cant|p1b: The Homie|slp\n|move|p1a: It\u2019s Sparcin\u2019 time|Rock Slide|p2b: IMMADOITBRO|[spread] p2a,p2b\n|-supereffective|p2a: BORK WOOF\n|-resisted|p2b: IMMADOITBRO\n|-damage|p2a: BORK WOOF|41\/100 par\n|-damage|p2b: IMMADOITBRO|97\/100 par\n|move|p2b: IMMADOITBRO|Ruination|p1a: It\u2019s Sparcin\u2019 time\n|-damage|p1a: It\u2019s Sparcin\u2019 time|50\/100\n|-enditem|p1a: It\u2019s Sparcin\u2019 time|Sitrus Berry|[eat]\n|-heal|p1a: It\u2019s Sparcin\u2019 time|75\/100|[from] item: Sitrus Berry\n|\n|upkeep\n|turn|8\n|\n|t:|1682865736\n|-curestatus|p1b: The Homie|slp|[msg]\n|move|p1b: The Homie|Close Combat|p2b: IMMADOITBRO\n|-supereffective|p2b: IMMADOITBRO\n|-damage|p2b: IMMADOITBRO|35\/100 par\n|-unboost|p1b: The Homie|def|1\n|-unboost|p1b: The Homie|spd|1\n|move|p1a: It\u2019s Sparcin\u2019 time|Rock Slide|p2a: BORK WOOF|[spread] p2a,p2b\n|-supereffective|p2a: BORK WOOF\n|-resisted|p2b: IMMADOITBRO\n|-damage|p2a: BORK WOOF|25\/100 par\n|-damage|p2b: IMMADOITBRO|33\/100 par\n|move|p2a: BORK WOOF|Flare Blitz|p1b: The Homie\n|-damage|p1b: The Homie|0 fnt\n|faint|p1b: The Homie\n|-damage|p2a: BORK WOOF|1\/100 par|[from] Recoil\n|cant|p2b: IMMADOITBRO|flinch\n|\n|upkeep\n|\n|t:|1682865751\n|switch|p1b: THICC|Appletun, L50, F, shiny|100\/100\n|turn|9\n|\n|t:|1682865766\n|move|p2a: BORK WOOF|Protect|p2a: BORK WOOF\n|-singleturn|p2a: BORK WOOF|Protect\n|move|p1a: It\u2019s Sparcin\u2019 time|Rock Slide|p2a: BORK WOOF|[spread] \n|-activate|p2a: BORK WOOF|move: Protect\n|-miss|p1a: It\u2019s Sparcin\u2019 time|p2b: IMMADOITBRO\n|move|p1b: THICC|Apple Acid|p2b: IMMADOITBRO\n|-supereffective|p2b: IMMADOITBRO\n|-damage|p2b: IMMADOITBRO|11\/100 par\n|-unboost|p2b: IMMADOITBRO|spd|1\n|move|p2b: IMMADOITBRO|Ruination|p1b: THICC\n|-damage|p1b: THICC|50\/100\n|\n|-heal|p1b: THICC|57\/100|[from] item: Leftovers\n|upkeep\n|turn|10\n|\n|t:|1682865783\n|move|p1a: It\u2019s Sparcin\u2019 time|Rock Slide|p2b: IMMADOITBRO|[spread] p2a,p2b\n|-supereffective|p2a: BORK WOOF\n|-resisted|p2b: IMMADOITBRO\n|-crit|p2b: IMMADOITBRO\n|-damage|p2a: BORK WOOF|0 fnt\n|-damage|p2b: IMMADOITBRO|6\/100 par\n|faint|p2a: BORK WOOF\n|move|p1b: THICC|Recover|p1b: THICC\n|-heal|p1b: THICC|100\/100\n|move|p2b: IMMADOITBRO|Stomping Tantrum|p1a: It\u2019s Sparcin\u2019 time\n|-damage|p1a: It\u2019s Sparcin\u2019 time|51\/100\n|\n|upkeep\n|\n|t:|1682865787\n|switch|p2a: ROCK HARD|Garganacl, L50, M|100\/100\n|turn|11\n|\n|t:|1682865799\n|move|p1a: It\u2019s Sparcin\u2019 time|Rock Slide|p2a: ROCK HARD|[spread] p2a,p2b\n|-resisted|p2b: IMMADOITBRO\n|-damage|p2a: ROCK HARD|96\/100\n|-damage|p2b: IMMADOITBRO|5\/100 par\n|cant|p2a: ROCK HARD|flinch\n|move|p1b: THICC|Leech Seed|p2a: ROCK HARD\n|-start|p2a: ROCK HARD|move: Leech Seed\n|cant|p2b: IMMADOITBRO|flinch\n|\n|-heal|p2a: ROCK HARD|100\/100|[from] item: Leftovers\n|-damage|p2a: ROCK HARD|88\/100|[from] Leech Seed|[of] p1b: THICC\n|upkeep\n|turn|12\n|\n|t:|1682865813\n|switch|p2a: SUS AMOGUS|Amoonguss, L50, F, tera:Water|51\/100\n|move|p1a: It\u2019s Sparcin\u2019 time|Rock Slide|p2a: SUS AMOGUS|[spread] p2a,p2b\n|-resisted|p2b: IMMADOITBRO\n|-damage|p2a: SUS AMOGUS|46\/100\n|-damage|p2b: IMMADOITBRO|3\/100 par\n|move|p1b: THICC|Apple Acid|p2b: IMMADOITBRO\n|-supereffective|p2b: IMMADOITBRO\n|-damage|p2b: IMMADOITBRO|0 fnt\n|faint|p2b: IMMADOITBRO\n|\n|upkeep\n|\n|t:|1682865821\n|switch|p2b: ROCK HARD|Garganacl, L50, M|88\/100\n|turn|13\n|\n|t:|1682865834\n|move|p1a: It\u2019s Sparcin\u2019 time|Rock Slide|p2b: ROCK HARD|[spread] p2a\n|-miss|p1a: It\u2019s Sparcin\u2019 time|p2b: ROCK HARD\n|-damage|p2a: SUS AMOGUS|40\/100\n|move|p2b: ROCK HARD|Salt Cure|p1b: THICC\n|-damage|p1b: THICC|86\/100\n|-start|p1b: THICC|Salt Cure\n|move|p1b: THICC|Leech Seed|p2b: ROCK HARD\n|-start|p2b: ROCK HARD|move: Leech Seed\n|move|p2a: SUS AMOGUS|Spore|p1a: It\u2019s Sparcin\u2019 time\n|-status|p1a: It\u2019s Sparcin\u2019 time|slp|[from] move: Spore\n|\n|-heal|p2b: ROCK HARD|94\/100|[from] item: Leftovers\n|-heal|p1b: THICC|92\/100|[from] item: Leftovers\n|-damage|p2b: ROCK HARD|82\/100|[from] Leech Seed|[of] p1b: THICC\n|-heal|p1b: THICC|100\/100|[silent]\n|-damage|p1b: THICC|88\/100|[from] Salt Cure\n|upkeep\n|turn|14\n|\n|t:|1682865865\n|switch|p1a: Bubblegum KK|Qwilfish, L50, M, shiny|37\/100\n|-ability|p1a: Bubblegum KK|Intimidate|boost\n|-unboost|p2a: SUS AMOGUS|atk|1\n|-unboost|p2b: ROCK HARD|atk|1\n|move|p2b: ROCK HARD|Curse|p2b: ROCK HARD\n|-unboost|p2b: ROCK HARD|spe|1\n|-boost|p2b: ROCK HARD|atk|1\n|-boost|p2b: ROCK HARD|def|1\n|move|p2a: SUS AMOGUS|Clear Smog|p1b: THICC\n|-supereffective|p1b: THICC\n|-damage|p1b: THICC|63\/100\n|-clearboost|p1b: THICC\n|move|p1b: THICC|Leech Seed|p2a: SUS AMOGUS\n|-start|p2a: SUS AMOGUS|move: Leech Seed\n|\n|-heal|p1b: THICC|69\/100|[from] item: Leftovers\n|-heal|p2b: ROCK HARD|88\/100|[from] item: Leftovers\n|-damage|p2a: SUS AMOGUS|28\/100|[from] Leech Seed|[of] p1b: THICC\n|-heal|p1b: THICC|82\/100|[silent]\n|-damage|p2b: ROCK HARD|76\/100|[from] Leech Seed|[of] p1b: THICC\n|-heal|p1b: THICC|95\/100|[silent]\n|-damage|p1b: THICC|82\/100|[from] Salt Cure\n|upkeep\n|turn|15\n|\n|t:|1682865887\n|move|p2a: SUS AMOGUS|Rage Powder|p2a: SUS AMOGUS\n|-singleturn|p2a: SUS AMOGUS|move: Rage Powder\n|move|p1a: Bubblegum KK|Waterfall|p2a: SUS AMOGUS\n|-resisted|p2a: SUS AMOGUS\n|-damage|p2a: SUS AMOGUS|17\/100\n|move|p1b: THICC|Apple Acid|p2b: ROCK HARD\n|-supereffective|p2b: ROCK HARD\n|-damage|p2b: ROCK HARD|35\/100\n|-unboost|p2b: ROCK HARD|spd|1\n|move|p2b: ROCK HARD|Salt Cure|p1a: Bubblegum KK\n|-damage|p1a: Bubblegum KK|21\/100\n|-start|p1a: Bubblegum KK|Salt Cure\n|\n|-heal|p1b: THICC|88\/100|[from] item: Leftovers\n|-heal|p2b: ROCK HARD|41\/100|[from] item: Leftovers\n|-damage|p2a: SUS AMOGUS|4\/100|[from] Leech Seed|[of] p1b: THICC\n|-heal|p1b: THICC|100\/100|[silent]\n|-damage|p2b: ROCK HARD|29\/100|[from] Leech Seed|[of] p1b: THICC\n|-damage|p1a: Bubblegum KK|0 fnt|[from] Salt Cure\n|faint|p1a: Bubblegum KK\n|-damage|p1b: THICC|88\/100|[from] Salt Cure\n|upkeep\n|\n|t:|1682865897\n|switch|p1a: It\u2019s Sparcin\u2019 time|Dudunsparce, L50, M|51\/100 slp\n|turn|16\n|\n|t:|1682865903\n|cant|p1a: It\u2019s Sparcin\u2019 time|slp\n|move|p1b: THICC|Apple Acid|p2a: SUS AMOGUS\n|-supereffective|p2a: SUS AMOGUS\n|-damage|p2a: SUS AMOGUS|0 fnt\n|faint|p2a: SUS AMOGUS\n|move|p2b: ROCK HARD|Salt Cure|p1a: It\u2019s Sparcin\u2019 time\n|-damage|p1a: It\u2019s Sparcin\u2019 time|39\/100 slp\n|-start|p1a: It\u2019s Sparcin\u2019 time|Salt Cure\n|\n|-heal|p1b: THICC|94\/100|[from] item: Leftovers\n|-heal|p2b: ROCK HARD|35\/100|[from] item: Leftovers\n|-damage|p2b: ROCK HARD|23\/100|[from] Leech Seed|[of] p1b: THICC\n|-heal|p1b: THICC|100\/100|[silent]\n|-damage|p1a: It\u2019s Sparcin\u2019 time|26\/100 slp|[from] Salt Cure\n|-damage|p1b: THICC|88\/100|[from] Salt Cure\n|upkeep\n|turn|17\n|\n|t:|1682865910\n|cant|p1a: It\u2019s Sparcin\u2019 time|slp\n|move|p1b: THICC|Apple Acid|p2b: ROCK HARD\n|-supereffective|p2b: ROCK HARD\n|-damage|p2b: ROCK HARD|0 fnt\n|faint|p2b: ROCK HARD\n|\n|win|Vengeful potato\n|raw|Vengeful potato's rating: 1249 → 1269<\/strong> (+20 for winning)\n|raw|AzInWhat?'s rating: 1177 → 1157<\/strong> (-20 for losing)\n|l|\u2606AzInWhat?\n|c|\u2606Vengeful potato|Ggs\n","uploadtime":1682865922,"views":15,"p1id":"vengefulpotato","p2id":"azinwhat","formatid":"gen9vgc2023regulationc","rating":1157,"private":0,"password":""}