{"id":"gen9vgc2023regulationc-1844808117","p1":"S0oth","p2":"Dollarmonke","format":"[Gen 9] VGC 2023 Regulation C","log":"|j|\u2606S0oth\n|j|\u2606Dollarmonke\n|t:|1681650827\n|gametype|doubles\n|player|p1|S0oth|170|1000\n|player|p2|Dollarmonke|1|1060\n|teamsize|p1|6\n|teamsize|p2|6\n|gen|9\n|tier|[Gen 9] VGC 2023 Regulation C\n|rated|\n|rule|Species Clause: Limit one of each Pok\u00e9mon\n|rule|Item Clause: Limit one of each item\n|clearpoke\n|poke|p1|Iron Bundle, L50|\n|poke|p1|Gholdengo, L50|\n|poke|p1|Amoonguss, L50, F|\n|poke|p1|Chi-Yu, L50|\n|poke|p1|Dragonite, L50, M|\n|poke|p1|Flutter Mane, L50|\n|poke|p2|Annihilape, L50, M|\n|poke|p2|Chi-Yu, L50|\n|poke|p2|Flutter Mane, L50|\n|poke|p2|Kingambit, L50, M|\n|poke|p2|Murkrow, L50, M|\n|poke|p2|Great Tusk, L50|\n|teampreview|4\n|\n|t:|1681650879\n|start\n|switch|p1a: Iron Bundle|Iron Bundle, L50|100\/100\n|switch|p1b: Gholdengo|Gholdengo, L50|100\/100\n|switch|p2a: Murkrow|Murkrow, L50, M|100\/100\n|switch|p2b: Great Tusk|Great Tusk, L50|100\/100\n|turn|1\n|\n|t:|1681650907\n|move|p2a: Murkrow|Tailwind|p2a: Murkrow\n|-sidestart|p2: Dollarmonke|move: Tailwind\n|move|p2b: Great Tusk|Earthquake|p1a: Iron Bundle|[spread] p1a,p1b\n|-immune|p2a: Murkrow\n|-supereffective|p1b: Gholdengo\n|-damage|p1a: Iron Bundle|55\/100\n|-damage|p1b: Gholdengo|11\/100\n|move|p1a: Iron Bundle|Hydro Pump|p2b: Great Tusk|[miss]\n|-miss|p1a: Iron Bundle|p2b: Great Tusk\n|move|p1b: Gholdengo|Nasty Plot|p1b: Gholdengo\n|-boost|p1b: Gholdengo|spa|2\n|\n|-heal|p1b: Gholdengo|17\/100|[from] item: Leftovers\n|upkeep\n|turn|2\n|\n|t:|1681650949\n|move|p2b: Great Tusk|Protect|p2b: Great Tusk\n|-singleturn|p2b: Great Tusk|Protect\n|move|p1b: Gholdengo|Protect|p1b: Gholdengo\n|-singleturn|p1b: Gholdengo|Protect\n|move|p2a: Murkrow|Haze|p2a: Murkrow\n|-clearallboost\n|move|p1a: Iron Bundle|Hydro Pump|p2b: Great Tusk\n|-activate|p2b: Great Tusk|move: Protect\n|\n|-heal|p1b: Gholdengo|23\/100|[from] item: Leftovers\n|upkeep\n|turn|3\n|\n|t:|1681650976\n|move|p2a: Murkrow|Sunny Day|p2a: Murkrow\n|-weather|SunnyDay\n|-activate|p2b: Great Tusk|ability: Protosynthesis\n|-start|p2b: Great Tusk|protosynthesisatk\n|move|p2b: Great Tusk|Earthquake|p1a: Iron Bundle|[spread] p1a,p1b\n|-immune|p2a: Murkrow\n|-supereffective|p1b: Gholdengo\n|-damage|p1a: Iron Bundle|0 fnt\n|-damage|p1b: Gholdengo|0 fnt\n|faint|p1a: Iron Bundle\n|-end|p1a: Iron Bundle|Quark Drive|[silent]\n|faint|p1b: Gholdengo\n|\n|-weather|SunnyDay|[upkeep]\n|upkeep\n|\n|t:|1681650989\n|switch|p1a: Chi-Yu|Chi-Yu, L50|100\/100\n|switch|p1b: Flutter Mane|Flutter Mane, L50|100\/100\n|-ability|p1a: Chi-Yu|Beads of Ruin\n|-activate|p1b: Flutter Mane|ability: Protosynthesis\n|-start|p1b: Flutter Mane|protosynthesisspe\n|turn|4\n|\n|t:|1681651038\n|switch|p2a: Flutter Mane|Flutter Mane, L50|100\/100\n|-activate|p2a: Flutter Mane|ability: Protosynthesis\n|-start|p2a: Flutter Mane|protosynthesisspa\n|move|p1b: Flutter Mane|Moonblast|p2a: Flutter Mane\n|-damage|p2a: Flutter Mane|15\/100\n|-unboost|p2a: Flutter Mane|spa|1\n|move|p2b: Great Tusk|Headlong Rush|p1b: Flutter Mane\n|-damage|p1b: Flutter Mane|0 fnt\n|-unboost|p2b: Great Tusk|def|1\n|-unboost|p2b: Great Tusk|spd|1\n|faint|p1b: Flutter Mane\n|-end|p1b: Flutter Mane|Protosynthesis|[silent]\n|move|p1a: Chi-Yu|Will-O-Wisp|p2b: Great Tusk\n|-status|p2b: Great Tusk|brn\n|\n|-weather|SunnyDay|[upkeep]\n|-damage|p2b: Great Tusk|95\/100 brn|[from] brn\n|-sideend|p2: Dollarmonke|move: Tailwind\n|upkeep\n|turn|5\n|-message|S0oth forfeited.\n|\n|win|Dollarmonke\n|raw|S0oth's rating: 1000 → 1000<\/strong> (+0 for losing)\n|raw|Dollarmonke's rating: 1060 → 1086<\/strong> (+26 for winning)\n|l|\u2606S0oth\n","uploadtime":1681651084,"views":11,"p1id":"s0oth","p2id":"dollarmonke","formatid":"gen9vgc2023regulationc","rating":1000,"private":0,"password":""}