{"id":"gen9vgc2023regulationc-1854940647","p1":"YveltalAllegations","p2":"Bb4210","format":"[Gen 9] VGC 2023 Regulation C","log":"|j|\u2606YveltalAllegations\n|j|\u2606Bb4210\n|t:|1682883094\n|gametype|doubles\n|player|p1|YveltalAllegations|brycenman|1267\n|player|p2|Bb4210|169|1257\n|teamsize|p1|6\n|teamsize|p2|6\n|gen|9\n|tier|[Gen 9] VGC 2023 Regulation C\n|rated|\n|rule|Species Clause: Limit one of each Pok\u00e9mon\n|rule|Item Clause: Limit one of each item\n|clearpoke\n|poke|p1|Flutter Mane, L50|\n|poke|p1|Ting-Lu, L50|\n|poke|p1|Gyarados, L50, F|\n|poke|p1|Baxcalibur, L50, M|\n|poke|p1|Oinkologne, L50, M|\n|poke|p1|Brute Bonnet, L50|\n|poke|p2|Gyarados, L50, M|\n|poke|p2|Flutter Mane, L50|\n|poke|p2|Tinkaton, L50, F|\n|poke|p2|Wo-Chien, L50|\n|poke|p2|Dragonite, L50, F|\n|poke|p2|Glimmora, L50, F|\n|teampreview|4\nYveltalAllegations has agreed to open team sheets.\n|inactive|Battle timer is ON: inactive players will automatically lose when time's up. (requested by Bb4210)\n|\n|t:|1682883131\n|start\n|switch|p1a: Haircut?|Brute Bonnet, L50|100\/100\n|switch|p1b: Kaiju|Baxcalibur, L50, M|100\/100\n|switch|p2a: Tinkaton|Tinkaton, L50, F|100\/100\n|switch|p2b: Gyarados|Gyarados, L50, M|100\/100\n|-ability|p2a: Tinkaton|Mold Breaker\n|-ability|p2b: Gyarados|Intimidate|boost\n|-unboost|p1a: Haircut?|atk|1\n|-unboost|p1b: Kaiju|atk|1\n|turn|1\n|\n|t:|1682883154\n|-end|p1a: Haircut?|Protosynthesis|[silent]\n|switch|p1a: #1 Palafan|Gyarados, L50, F, shiny|100\/100\n|-ability|p1a: #1 Palafan|Intimidate|boost\n|-unboost|p2a: Tinkaton|atk|1\n|-unboost|p2b: Gyarados|atk|1\n|move|p1b: Kaiju|Protect|p1b: Kaiju\n|-singleturn|p1b: Kaiju|Protect\n|move|p2a: Tinkaton|Fake Out|p1b: Kaiju\n|-activate|p1b: Kaiju|move: Protect\n|move|p2b: Gyarados|Dragon Dance|p2b: Gyarados\n|-boost|p2b: Gyarados|atk|1\n|-boost|p2b: Gyarados|spe|1\n|\n|upkeep\n|turn|2\n|\n|t:|1682883171\n|move|p2b: Gyarados|Waterfall|p1b: Kaiju\n|-resisted|p1b: Kaiju\n|-damage|p1b: Kaiju|80\/100\n|move|p2a: Tinkaton|Gigaton Hammer|p1b: Kaiju\n|-supereffective|p1b: Kaiju\n|-damage|p1b: Kaiju|11\/100\n|move|p1a: #1 Palafan|Thunder Wave|p2b: Gyarados\n|-status|p2b: Gyarados|par\n|move|p1b: Kaiju|Glaive Rush|p2b: Gyarados\n|-damage|p2b: Gyarados|20\/100 par\n|-singlemove|p1b: Kaiju|Glaive Rush|[silent]\n|-damage|p1b: Kaiju|1\/100|[from] item: Life Orb\n|\n|upkeep\n|turn|3\n|\n|t:|1682883190\n|move|p2b: Gyarados|Protect|p2b: Gyarados\n|-singleturn|p2b: Gyarados|Protect\n|move|p1b: Kaiju|Ice Shard|p2b: Gyarados\n|-activate|p2b: Gyarados|move: Protect\n|move|p2a: Tinkaton|Thunder Wave|p1a: #1 Palafan\n|-status|p1a: #1 Palafan|par\n|move|p1a: #1 Palafan|Thunder Wave|p2a: Tinkaton\n|-status|p2a: Tinkaton|par\n|\n|upkeep\n|turn|4\n|\n|t:|1682883205\n|move|p1a: #1 Palafan|Helping Hand|p1b: Kaiju\n|-singleturn|p1b: Kaiju|Helping Hand|[of] p1a: #1 Palafan\n|move|p1b: Kaiju|Ice Shard|p2b: Gyarados\n|-damage|p2b: Gyarados|0 fnt\n|faint|p2b: Gyarados\n|-damage|p1b: Kaiju|0 fnt|[from] item: Life Orb\n|faint|p1b: Kaiju\n|move|p2a: Tinkaton|Gigaton Hammer|p1a: #1 Palafan\n|-resisted|p1a: #1 Palafan\n|-damage|p1a: #1 Palafan|81\/100 par\n|\n|upkeep\n|\n|t:|1682883216\n|switch|p2b: Flutter Mane|Flutter Mane, L50|100\/100\n|switch|p1b: Lorule|Flutter Mane, L50|100\/100\n|-enditem|p2b: Flutter Mane|Booster Energy\n|-activate|p2b: Flutter Mane|ability: Protosynthesis|[fromitem]\n|-start|p2b: Flutter Mane|protosynthesisspe\n|-enditem|p1b: Lorule|Booster Energy\n|-activate|p1b: Lorule|ability: Protosynthesis|[fromitem]\n|-start|p1b: Lorule|protosynthesisspe\n|turn|5\n|\n|t:|1682883231\n|-terastallize|p1b: Lorule|Fairy\n|move|p2b: Flutter Mane|Protect|p2b: Flutter Mane\n|-singleturn|p2b: Flutter Mane|Protect\n|move|p1b: Lorule|Substitute|p1b: Lorule\n|-start|p1b: Lorule|Substitute\n|-damage|p1b: Lorule|76\/100\n|cant|p2a: Tinkaton|par\n|cant|p1a: #1 Palafan|par\n|\n|upkeep\n|turn|6\n|inactive|Bb4210 has 30 seconds left.\n|\n|t:|1682883256\n|switch|p2a: Wo-Chien|Wo-Chien, L50|100\/100\n|-ability|p2a: Wo-Chien|Tablets of Ruin\n|move|p2b: Flutter Mane|Dazzling Gleam|p1b: Lorule|[spread] p1a,p1b\n|-crit|p1b: Lorule\n|-end|p1b: Lorule|Substitute\n|-damage|p1a: #1 Palafan|54\/100 par\n|move|p1b: Lorule|Hex|p2a: Wo-Chien\n|-resisted|p2a: Wo-Chien\n|-damage|p2a: Wo-Chien|92\/100\n|cant|p1a: #1 Palafan|par\n|\n|-heal|p2a: Wo-Chien|98\/100|[from] item: Leftovers\n|upkeep\n|turn|7\n|\n|t:|1682883275\n|-terastallize|p2a: Wo-Chien|Poison\n|move|p2b: Flutter Mane|Moonblast|p1b: Lorule\n|-damage|p1b: Lorule|22\/100\n|-unboost|p1b: Lorule|spa|1\n|move|p1b: Lorule|Moonblast|p2a: Wo-Chien\n|-resisted|p2a: Wo-Chien\n|-crit|p2a: Wo-Chien\n|-damage|p2a: Wo-Chien|72\/100\n|move|p2a: Wo-Chien|Leech Seed|p1a: #1 Palafan\n|-start|p1a: #1 Palafan|move: Leech Seed\n|cant|p1a: #1 Palafan|par\n|\n|-heal|p2a: Wo-Chien|78\/100|[from] item: Leftovers\n|-damage|p1a: #1 Palafan|41\/100 par|[from] Leech Seed|[of] p2a: Wo-Chien\n|-heal|p2a: Wo-Chien|91\/100|[silent]\n|upkeep\n|turn|8\n|\n|t:|1682883290\n|move|p1b: Lorule|Protect|p1b: Lorule\n|-singleturn|p1b: Lorule|Protect\n|move|p2b: Flutter Mane|Dazzling Gleam|p1b: Lorule|[spread] p1a\n|-activate|p1b: Lorule|move: Protect\n|-damage|p1a: #1 Palafan|18\/100 par\n|move|p2a: Wo-Chien|Foul Play|p1b: Lorule\n|-activate|p1b: Lorule|move: Protect\n|move|p1a: #1 Palafan|Iron Head|p2b: Flutter Mane\n|-supereffective|p2b: Flutter Mane\n|-damage|p2b: Flutter Mane|22\/100\n|\n|-heal|p2a: Wo-Chien|97\/100|[from] item: Leftovers\n|-damage|p1a: #1 Palafan|6\/100 par|[from] Leech Seed|[of] p2a: Wo-Chien\n|-heal|p2a: Wo-Chien|100\/100|[silent]\n|upkeep\n|turn|9\n|\n|t:|1682883316\n|switch|p2a: Tinkaton|Tinkaton, L50, F|100\/100 par\n|-ability|p2a: Tinkaton|Mold Breaker\n|move|p1b: Lorule|Protect|p1b: Lorule\n|-singleturn|p1b: Lorule|Protect\n|move|p2b: Flutter Mane|Dazzling Gleam|p1b: Lorule|[spread] p1a\n|-activate|p1b: Lorule|move: Protect\n|-damage|p1a: #1 Palafan|0 fnt\n|faint|p1a: #1 Palafan\n|\n|upkeep\n|\n|t:|1682883326\n|switch|p1a: Haircut?|Brute Bonnet, L50|100\/100\n|turn|10\n|\n|t:|1682883343\n|cant|p2a: Tinkaton|par\n|move|p1a: Haircut?|Sucker Punch|p2b: Flutter Mane\n|-damage|p2b: Flutter Mane|0 fnt\n|faint|p2b: Flutter Mane\n|-end|p2b: Flutter Mane|Protosynthesis|[silent]\n|move|p1b: Lorule|Moonblast|p2a: Tinkaton\n|-resisted|p2a: Tinkaton\n|-damage|p2a: Tinkaton|76\/100 par\n|\n|upkeep\n|\n|t:|1682883347\n|switch|p2b: Wo-Chien|Wo-Chien, L50, tera:Poison|100\/100\n|-ability|p2b: Wo-Chien|Tablets of Ruin\n|turn|11\n|\n|t:|1682883358\n|move|p1b: Lorule|Hex|p2a: Tinkaton\n|-damage|p2a: Tinkaton|27\/100 par\n|move|p2b: Wo-Chien|Leech Seed|p1b: Lorule\n|-start|p1b: Lorule|move: Leech Seed\n|move|p2a: Tinkaton|Thunder Wave|p1a: Haircut?\n|-status|p1a: Haircut?|par\n|move|p1a: Haircut?|Spore|p2b: Wo-Chien\n|-status|p2b: Wo-Chien|slp|[from] move: Spore\n|\n|-damage|p1b: Lorule|10\/100|[from] Leech Seed|[of] p2b: Wo-Chien\n|upkeep\n|turn|12\n|\n|t:|1682883379\n|cant|p2b: Wo-Chien|slp\n|move|p1b: Lorule|Hex|p2b: Wo-Chien\n|-damage|p2b: Wo-Chien|75\/100 slp\n|move|p2a: Tinkaton|Gigaton Hammer|p1a: Haircut?\n|-damage|p1a: Haircut?|63\/100 par\n|cant|p1a: Haircut?|par\n|\n|-heal|p2b: Wo-Chien|81\/100 slp|[from] item: Leftovers\n|-damage|p1b: Lorule|0 fnt|[from] Leech Seed|[of] p2b: Wo-Chien\n|-heal|p2b: Wo-Chien|87\/100 slp|[silent]\n|faint|p1b: Lorule\n|-end|p1b: Lorule|Protosynthesis|[silent]\n|upkeep\n|turn|13\n|\n|t:|1682883392\n|move|p2a: Tinkaton|Helping Hand|p2b: Wo-Chien\n|-singleturn|p2b: Wo-Chien|Helping Hand|[of] p2a: Tinkaton\n|-curestatus|p2b: Wo-Chien|slp|[msg]\n|move|p2b: Wo-Chien|Foul Play|p1a: Haircut?\n|-resisted|p1a: Haircut?\n|-damage|p1a: Haircut?|29\/100 par\n|move|p1a: Haircut?|Bullet Seed|p2a: Tinkaton\n|-resisted|p2a: Tinkaton\n|-damage|p2a: Tinkaton|19\/100 par\n|-resisted|p2a: Tinkaton\n|-damage|p2a: Tinkaton|12\/100 par\n|-resisted|p2a: Tinkaton\n|-damage|p2a: Tinkaton|4\/100 par\n|-resisted|p2a: Tinkaton\n|-damage|p2a: Tinkaton|0 fnt\n|faint|p2a: Tinkaton\n|-hitcount|p2: Tinkaton|4\n|\n|-heal|p2b: Wo-Chien|94\/100|[from] item: Leftovers\n|upkeep\n|turn|14\n|\n|t:|1682883409\n|move|p2b: Wo-Chien|Foul Play|p1a: Haircut?\n|-resisted|p1a: Haircut?\n|-damage|p1a: Haircut?|5\/100 par\n|cant|p1a: Haircut?|par\n|\n|-heal|p2b: Wo-Chien|99\/100|[from] item: Leftovers\n|upkeep\n|turn|15\n|c|\u2606YveltalAllegations|This is the most status game I have ever seen\n|\n|t:|1682883426\n|move|p2b: Wo-Chien|Foul Play|p1a: Haircut?\n|-resisted|p1a: Haircut?\n|-damage|p1a: Haircut?|0 fnt\n|faint|p1a: Haircut?\n|-end|p1a: Haircut?|Protosynthesis|[silent]\n|\n|win|Bb4210\n|raw|YveltalAllegations's rating: 1267 → 1241<\/strong> (-26 for losing)\n|raw|Bb4210's rating: 1257 → 1283<\/strong> (+26 for winning)\n|c|\u2606YveltalAllegations|That was funny as hell\n","uploadtime":1682883448,"views":10,"p1id":"yveltalallegations","p2id":"bb4210","formatid":"gen9vgc2023regulationc","rating":1241,"private":0,"password":""}