{"id":"gen9vgc2023regulationc-1861428827","p1":"CornAria","p2":"YveltalAllegations","format":"[Gen 9] VGC 2023 Regulation C","log":"|j|\u2606CornAria\n|j|\u2606YveltalAllegations\n|t:|1683756779\n|gametype|doubles\n|player|p1|CornAria|riley|1246\n|player|p2|YveltalAllegations|brycenman|1338\n|teamsize|p1|6\n|teamsize|p2|6\n|gen|9\n|tier|[Gen 9] VGC 2023 Regulation C\n|rated|\n|rule|Species Clause: Limit one of each Pok\u00e9mon\n|rule|Item Clause: Limit one of each item\n|clearpoke\n|poke|p1|Murkrow, L50, M|\n|poke|p1|Chi-Yu, L50|\n|poke|p1|Flutter Mane, L50|\n|poke|p1|Great Tusk, L50|\n|poke|p1|Brute Bonnet, L50|\n|poke|p1|Corviknight, L50, M|\n|poke|p2|Flutter Mane, L50|\n|poke|p2|Ting-Lu, L50|\n|poke|p2|Gyarados, L50, F|\n|poke|p2|Baxcalibur, L50, M|\n|poke|p2|Oinkologne, L50, M|\n|poke|p2|Abomasnow, L50, M|\n|teampreview|4\nYveltalAllegations has agreed to open team sheets.\n|\n|t:|1683756811\n|start\n|switch|p1a: Corviknight|Corviknight, L50, M|100\/100\n|switch|p1b: Murkrow|Murkrow, L50, M|100\/100\n|switch|p2a: Kaiju|Baxcalibur, L50, M|100\/100\n|switch|p2b: Mr. 44|Abomasnow, L50, M|100\/100\n|-weather|Snow|[from] ability: Snow Warning|[of] p2b: Mr. 44\n|turn|1\n|\n|t:|1683756825\n|switch|p2b: Peindeer|Ting-Lu, L50|100\/100\n|-ability|p2b: Peindeer|Vessel of Ruin\n|-terastallize|p2a: Kaiju|Electric\n|move|p1b: Murkrow|Sunny Day|p1b: Murkrow\n|-weather|SunnyDay\n|move|p2a: Kaiju|Tera Blast|p1b: Murkrow\n|-supereffective|p1b: Murkrow\n|-damage|p1b: Murkrow|0 fnt\n|faint|p1b: Murkrow\n|-damage|p2a: Kaiju|91\/100|[from] item: Life Orb\n|move|p1a: Corviknight|Iron Head|p2a: Kaiju\n|-resisted|p2a: Kaiju\n|-damage|p2a: Kaiju|69\/100\n|\n|-weather|SunnyDay|[upkeep]\n|upkeep\n|\n|t:|1683756838\n|switch|p1b: Flutter Mane|Flutter Mane, L50|100\/100\n|-activate|p1b: Flutter Mane|ability: Protosynthesis\n|-start|p1b: Flutter Mane|protosynthesisspa\n|turn|2\n|\n|t:|1683756850\n|switch|p2b: Mr. 44|Abomasnow, L50, M|100\/100\n|-weather|Snow|[from] ability: Snow Warning|[of] p2b: Mr. 44\n|-end|p1b: Flutter Mane|Protosynthesis\n|-terastallize|p1b: Flutter Mane|Fairy\n|move|p1b: Flutter Mane|Moonblast|p2b: Mr. 44\n|-damage|p2b: Mr. 44|9\/100\n|move|p2a: Kaiju|Tera Blast|p1b: Flutter Mane\n|-damage|p1b: Flutter Mane|0 fnt\n|faint|p1b: Flutter Mane\n|-end|p1b: Flutter Mane|Protosynthesis|[silent]\n|-damage|p2a: Kaiju|59\/100|[from] item: Life Orb\n|move|p1a: Corviknight|Iron Head|p2b: Mr. 44\n|-supereffective|p2b: Mr. 44\n|-damage|p2b: Mr. 44|0 fnt\n|faint|p2b: Mr. 44\n|\n|-weather|Snow|[upkeep]\n|upkeep\n|\n|t:|1683756867\n|switch|p1b: Chi-Yu|Chi-Yu, L50|100\/100\n|switch|p2b: Lorule|Flutter Mane, L50|100\/100\n|-ability|p1b: Chi-Yu|Beads of Ruin\n|-enditem|p2b: Lorule|Booster Energy\n|-activate|p2b: Lorule|ability: Protosynthesis|[fromitem]\n|-start|p2b: Lorule|protosynthesisspa\n|turn|3\n|\n|t:|1683756879\n|switch|p2a: Peindeer|Ting-Lu, L50|100\/100\n|-ability|p2a: Peindeer|Vessel of Ruin\n|move|p2b: Lorule|Protect|p2b: Lorule\n|-singleturn|p2b: Lorule|Protect\n|move|p1b: Chi-Yu|Heat Wave|p2a: Peindeer|[spread] p2a\n|-activate|p2b: Lorule|move: Protect\n|-damage|p2a: Peindeer|62\/100\n|-damage|p1b: Chi-Yu|90\/100|[from] item: Life Orb\n|move|p1a: Corviknight|Iron Head|p2b: Lorule\n|-activate|p2b: Lorule|move: Protect\n|\n|-weather|Snow|[upkeep]\n|upkeep\n|turn|4\n|\n|t:|1683756895\n|move|p2b: Lorule|Substitute|p2b: Lorule\n|-start|p2b: Lorule|Substitute\n|-damage|p2b: Lorule|76\/100\n|move|p1b: Chi-Yu|Overheat|p2a: Peindeer|[miss]\n|-miss|p1b: Chi-Yu|p2a: Peindeer\n|move|p1a: Corviknight|Iron Head|p2b: Lorule\n|-supereffective|p2b: Lorule\n|-end|p2b: Lorule|Substitute\n|move|p2a: Peindeer|Stomping Tantrum|p1b: Chi-Yu\n|-supereffective|p1b: Chi-Yu\n|-damage|p1b: Chi-Yu|0 fnt\n|faint|p1b: Chi-Yu\n|\n|-weather|Snow|[upkeep]\n|upkeep\n|turn|5\n|\n|t:|1683756911\n|switch|p2a: Kaiju|Baxcalibur, L50, M, tera:Electric|59\/100\n|move|p2b: Lorule|Substitute|p2b: Lorule\n|-start|p2b: Lorule|Substitute\n|-damage|p2b: Lorule|52\/100\n|move|p1a: Corviknight|Iron Head|p2b: Lorule\n|-supereffective|p2b: Lorule\n|-end|p2b: Lorule|Substitute\n|\n|-weather|Snow|[upkeep]\n|upkeep\n|turn|6\n|-message|CornAria forfeited.\n|\n|win|YveltalAllegations\n|raw|CornAria's rating: 1246 → 1227<\/strong> (-19 for losing)\n|raw|YveltalAllegations's rating: 1338 → 1353<\/strong> (+15 for winning)\n|l|\u2606CornAria\n","uploadtime":1683756922,"views":13,"p1id":"cornaria","p2id":"yveltalallegations","formatid":"gen9vgc2023regulationc","rating":1227,"private":0,"password":""}