{"id":"gen9vgc2023regulationc-1862212799","p1":"XJ09","p2":"blinkdeep","format":"[Gen 9] VGC 2023 Regulation C","log":"|j|\u2606XJ09\n|j|\u2606blinkdeep\n|t:|1683850213\n|gametype|doubles\n|player|p1|XJ09|dahlia|1293\n|player|p2|blinkdeep|hilbert-wonderlauncher|1193\n|teamsize|p1|6\n|teamsize|p2|6\n|gen|9\n|tier|[Gen 9] VGC 2023 Regulation C\n|rated|\n|rule|Species Clause: Limit one of each Pok\u00e9mon\n|rule|Item Clause: Limit one of each item\n|clearpoke\n|poke|p1|Roaring Moon, L50|\n|poke|p1|Garganacl, L50, F|\n|poke|p1|Ting-Lu, L50|\n|poke|p1|Gyarados, L50, F|\n|poke|p1|Annihilape, L50, F|\n|poke|p1|Grimmsnarl, L50, M|\n|poke|p2|Arcanine, L50, M|\n|poke|p2|Gothitelle, L50, F|\n|poke|p2|Flutter Mane, L50|\n|poke|p2|Dragapult, L50, M|\n|poke|p2|Palafin, L50, M|\n|poke|p2|Chien-Pao, L50|\n|teampreview|4\n|inactive|Battle timer is ON: inactive players will automatically lose when time's up. (requested by blinkdeep)\n|inactive|XJ09 has 60 seconds left.\n|inactive|blinkdeep has 60 seconds left.\n|inactive|blinkdeep has 30 seconds left.\n|inactive|blinkdeep has 20 seconds left.\n|inactive|blinkdeep has 15 seconds left.\n|inactive|blinkdeep has 10 seconds left.\n|\n|t:|1683850295\n|start\n|switch|p1a: Roaring Moon|Roaring Moon, L50|100\/100\n|switch|p1b: Grimmsnarl|Grimmsnarl, L50, M|100\/100\n|switch|p2a: Flutter Mane|Flutter Mane, L50|100\/100\n|switch|p2b: Gothitelle|Gothitelle, L50, F|100\/100\n|-enditem|p2a: Flutter Mane|Booster Energy\n|-activate|p2a: Flutter Mane|ability: Protosynthesis|[fromitem]\n|-start|p2a: Flutter Mane|protosynthesisspe\n|-enditem|p1a: Roaring Moon|Booster Energy\n|-activate|p1a: Roaring Moon|ability: Protosynthesis|[fromitem]\n|-start|p1a: Roaring Moon|protosynthesisspe\n|turn|1\n|inactive|XJ09 has 30 seconds left.\n|inactive|blinkdeep has 30 seconds left.\n|inactive|blinkdeep has 20 seconds left.\n|inactive|blinkdeep has 15 seconds left.\n|\n|t:|1683850338\n|-terastallize|p2a: Flutter Mane|Water\n|-terastallize|p1a: Roaring Moon|Fairy\n|move|p2b: Gothitelle|Fake Out|p1b: Grimmsnarl\n|-damage|p1b: Grimmsnarl|95\/100\n|cant|p1b: Grimmsnarl|flinch\n|move|p2a: Flutter Mane|Moonblast|p1a: Roaring Moon\n|-damage|p1a: Roaring Moon|56\/100\n|-unboost|p1a: Roaring Moon|spa|1\n|move|p1a: Roaring Moon|Snarl|p2b: Gothitelle|[spread] p2a,p2b\n|-supereffective|p2b: Gothitelle\n|-damage|p2a: Flutter Mane|94\/100\n|-damage|p2b: Gothitelle|93\/100\n|-unboost|p2a: Flutter Mane|spa|1\n|-unboost|p2b: Gothitelle|spa|1\n|\n|-heal|p2b: Gothitelle|99\/100|[from] item: Leftovers\n|upkeep\n|turn|2\n|inactive|XJ09 has 30 seconds left.\n|inactive|blinkdeep has 30 seconds left.\n|\n|t:|1683850372\n|move|p2a: Flutter Mane|Protect|p2a: Flutter Mane\n|-singleturn|p2a: Flutter Mane|Protect\n|move|p1b: Grimmsnarl|Parting Shot|p2a: Flutter Mane\n|-activate|p2a: Flutter Mane|move: Protect\n|move|p1a: Roaring Moon|Snarl|p2a: Flutter Mane|[spread] p2b\n|-activate|p2a: Flutter Mane|move: Protect\n|-supereffective|p2b: Gothitelle\n|-damage|p2b: Gothitelle|89\/100\n|-unboost|p2b: Gothitelle|spa|1\n|move|p2b: Gothitelle|Taunt|p1b: Grimmsnarl\n|-start|p1b: Grimmsnarl|move: Taunt\n|\n|-heal|p2b: Gothitelle|95\/100|[from] item: Leftovers\n|upkeep\n|turn|3\n|inactive|XJ09 has 30 seconds left.\n|inactive|blinkdeep has 30 seconds left.\n|\n|t:|1683850400\n|-end|p2a: Flutter Mane|Protosynthesis|[silent]\n|switch|p2a: Chien-Pao|Chien-Pao, L50|100\/100\n|-ability|p2a: Chien-Pao|Sword of Ruin\n|move|p1a: Roaring Moon|Protect|p1a: Roaring Moon\n|-singleturn|p1a: Roaring Moon|Protect\n|move|p2b: Gothitelle|Protect|p2b: Gothitelle\n|-singleturn|p2b: Gothitelle|Protect\n|move|p1b: Grimmsnarl|Spirit Break|p2a: Chien-Pao\n|-supereffective|p2a: Chien-Pao\n|-damage|p2a: Chien-Pao|22\/100\n|-unboost|p2a: Chien-Pao|spa|1\n|\n|-heal|p2b: Gothitelle|100\/100|[from] item: Leftovers\n|upkeep\n|turn|4\n|inactive|blinkdeep has 30 seconds left.\n|inactive|blinkdeep has 20 seconds left.\n|inactive|blinkdeep has 15 seconds left.\n|inactive|blinkdeep has 10 seconds left.\n|inactive|blinkdeep has 5 seconds left.\n|\n|t:|1683850452\n|switch|p2b: Flutter Mane|Flutter Mane, L50, tera:Water|94\/100\n|move|p1a: Roaring Moon|Breaking Swipe|p2b: Flutter Mane|[spread] p2a,p2b\n|-damage|p2a: Chien-Pao|0 fnt\n|-damage|p2b: Flutter Mane|36\/100\n|-unboost|p2b: Flutter Mane|atk|1\n|faint|p2a: Chien-Pao\n|move|p1b: Grimmsnarl|Spirit Break|p2b: Flutter Mane\n|-damage|p2b: Flutter Mane|0 fnt\n|faint|p2b: Flutter Mane\n|-end|p2b: Flutter Mane|Protosynthesis|[silent]\n|\n|upkeep\n|\n|t:|1683850464\n|switch|p2b: Gothitelle|Gothitelle, L50, F|100\/100\n|switch|p2a: Dragapult|Dragapult, L50, M, shiny|100\/100\n|turn|5\n|\n|t:|1683850476\n|move|p1a: Roaring Moon|Protect|p1a: Roaring Moon\n|-singleturn|p1a: Roaring Moon|Protect\n|move|p2b: Gothitelle|Fake Out|p1a: Roaring Moon\n|-activate|p1a: Roaring Moon|move: Protect\n|move|p2a: Dragapult|Phantom Force||[still]\n|-prepare|p2a: Dragapult|Phantom Force\n|move|p1b: Grimmsnarl|Spirit Break|p2a: Dragapult|[miss]\n|-miss|p1b: Grimmsnarl|p2a: Dragapult\n|\n|-end|p1b: Grimmsnarl|move: Taunt\n|upkeep\n|turn|6\n|\n|t:|1683850499\n|move|p1b: Grimmsnarl|Parting Shot|p2b: Gothitelle\n|-unboost|p2b: Gothitelle|atk|1\n|-unboost|p2b: Gothitelle|spa|1\n|\n|t:|1683850505\n|switch|p1b: Gyarados|Gyarados, L50, F|100\/100|[from] Parting Shot\n|-ability|p1b: Gyarados|Intimidate|boost\n|-fail|p2a: Dragapult|unboost|[from] ability: Clear Body|[of] p2a: Dragapult\n|-unboost|p2b: Gothitelle|atk|1\n|move|p1a: Roaring Moon|Tailwind|p1a: Roaring Moon\n|-sidestart|p1: XJ09|move: Tailwind\n|move|p2a: Dragapult|Phantom Force|p1a: Roaring Moon|[from]lockedmove\n|-damage|p1a: Roaring Moon|0 fnt\n|faint|p1a: Roaring Moon\n|-end|p1a: Roaring Moon|Protosynthesis|[silent]\n|move|p2b: Gothitelle|Psychic|p1b: Gyarados\n|-damage|p1b: Gyarados|79\/100\n|\n|upkeep\n|\n|t:|1683850525\n|switch|p1a: Grimmsnarl|Grimmsnarl, L50, M|95\/100\n|turn|7\n|\n|t:|1683850544\n|move|p1a: Grimmsnarl|Thunder Wave|p2a: Dragapult\n|-status|p2a: Dragapult|par\n|move|p1b: Gyarados|Ice Fang|p2a: Dragapult\n|-supereffective|p2a: Dragapult\n|-damage|p2a: Dragapult|36\/100 par\n|cant|p2a: Dragapult|par\n|move|p2b: Gothitelle|Taunt|p1a: Grimmsnarl\n|-start|p1a: Grimmsnarl|move: Taunt\n|\n|upkeep\n|turn|8\n|-message|blinkdeep forfeited.\n|\n|win|XJ09\n|raw|XJ09's rating: 1293 → 1311<\/strong> (+18 for winning)\n|raw|blinkdeep's rating: 1193 → 1175<\/strong> (-18 for losing)\n|l|\u2606blinkdeep\n","uploadtime":1683850572,"views":6,"p1id":"xj09","p2id":"blinkdeep","formatid":"gen9vgc2023regulationc","rating":1175,"private":0,"password":""}