{"id":"gen9vgc2023regulationc-1850593309","p1":"Shnipe_Cizy","p2":"mike3092","format":"[Gen 9] VGC 2023 Regulation C","log":"|j|\u2606Shnipe_Cizy\n|j|\u2606mike3092\n|t:|1682351426\n|gametype|doubles\n|player|p1|Shnipe_Cizy|ghetsis|1301\n|player|p2|mike3092|170|1221\n|teamsize|p1|6\n|teamsize|p2|6\n|gen|9\n|tier|[Gen 9] VGC 2023 Regulation C\n|rated|\n|rule|Species Clause: Limit one of each Pok\u00e9mon\n|rule|Item Clause: Limit one of each item\n|clearpoke\n|poke|p1|Palafin, L50, F|\n|poke|p1|Scream Tail, L50|\n|poke|p1|Flutter Mane, L50|\n|poke|p1|Amoonguss, L50, F|\n|poke|p1|Arcanine, L50, M|\n|poke|p1|Gothitelle, L50, F|\n|poke|p2|Flutter Mane, L50|\n|poke|p2|Chi-Yu, L50|\n|poke|p2|Palafin, L50, M|\n|poke|p2|Amoonguss, L50, F|\n|poke|p2|Arcanine, L50, M|\n|poke|p2|Garganacl, L50, F|\n|teampreview|4\nShnipe_Cizy has agreed to open team sheets.\n|inactive|Battle timer is ON: inactive players will automatically lose when time's up. (requested by Shnipe_Cizy)\n|\n|t:|1682351518\n|start\n|switch|p1a: Palafin|Palafin, L50, F|100\/100\n|switch|p1b: Scream Tail|Scream Tail, L50, shiny|100\/100\n|switch|p2a: Garganacl|Garganacl, L50, F|100\/100\n|switch|p2b: 1899|Flutter Mane, L50|100\/100\n|-enditem|p2b: 1899|Booster Energy\n|-activate|p2b: 1899|ability: Protosynthesis|[fromitem]\n|-start|p2b: 1899|protosynthesisspe\n|-enditem|p1b: Scream Tail|Booster Energy\n|-activate|p1b: Scream Tail|ability: Protosynthesis|[fromitem]\n|-start|p1b: Scream Tail|protosynthesisspe\n|turn|1\n|\n|t:|1682351536\n|detailschange|p1a: Palafin|Palafin-Hero, L50, F\n|switch|p1a: Gothitelle|Gothitelle, L50, F|100\/100\n|move|p2b: 1899|Moonblast|p1a: Gothitelle\n|-damage|p1a: Gothitelle|61\/100\n|-unboost|p1a: Gothitelle|spa|1\n|move|p1b: Scream Tail|Perish Song|p1b: Scream Tail\n|-start|p1a: Gothitelle|perish3|[silent]\n|-start|p1b: Scream Tail|perish3|[silent]\n|-start|p2a: Garganacl|perish3|[silent]\n|-start|p2b: 1899|perish3|[silent]\n|-fieldactivate|move: Perish Song\n|move|p2a: Garganacl|Salt Cure|p1a: Gothitelle\n|-damage|p1a: Gothitelle|47\/100\n|-start|p1a: Gothitelle|Salt Cure\n|-enditem|p1a: Gothitelle|Sitrus Berry|[eat]\n|-heal|p1a: Gothitelle|72\/100|[from] item: Sitrus Berry\n|\n|-damage|p1a: Gothitelle|59\/100|[from] Salt Cure\n|-start|p2b: 1899|perish3\n|-start|p1b: Scream Tail|perish3\n|-start|p1a: Gothitelle|perish3\n|-start|p2a: Garganacl|perish3\n|upkeep\n|turn|2\n|inactive|mike3092 has 30 seconds left.\n|inactive|mike3092 has 20 seconds left.\n|\n|t:|1682351574\n|move|p1a: Gothitelle|Fake Out|p2a: Garganacl\n|-resisted|p2a: Garganacl\n|-damage|p2a: Garganacl|99\/100\n|move|p2b: 1899|Shadow Ball|p1b: Scream Tail\n|-supereffective|p1b: Scream Tail\n|-damage|p1b: Scream Tail|40\/100\n|move|p1b: Scream Tail|Encore|p2b: 1899\n|-start|p2b: 1899|Encore\n|cant|p2a: Garganacl|flinch\n|\n|-heal|p2a: Garganacl|100\/100|[from] item: Leftovers\n|-damage|p1a: Gothitelle|47\/100|[from] Salt Cure\n|-start|p2b: 1899|perish2\n|-start|p1b: Scream Tail|perish2\n|-start|p1a: Gothitelle|perish2\n|-start|p2a: Garganacl|perish2\n|upkeep\n|turn|3\n|\n|t:|1682351594\n|switch|p1a: Palafin|Palafin-Hero, L50, F|100\/100\n|-activate|p1a: Palafin|ability: Zero to Hero\n|move|p1b: Scream Tail|Protect|p1b: Scream Tail\n|-singleturn|p1b: Scream Tail|Protect\n|move|p2b: 1899|Shadow Ball|p1a: Palafin\n|-damage|p1a: Palafin|60\/100\n|move|p2a: Garganacl|Salt Cure|p1b: Scream Tail\n|-activate|p1b: Scream Tail|move: Protect\n|\n|-start|p2b: 1899|perish1\n|-start|p1b: Scream Tail|perish1\n|-start|p2a: Garganacl|perish1\n|upkeep\n|turn|4\n|\n|t:|1682351614\n|-end|p1b: Scream Tail|Protosynthesis|[silent]\n|switch|p1b: Gothitelle|Gothitelle, L50, F|47\/100\n|-terastallize|p1a: Palafin|Water\n|move|p1a: Palafin|Jet Punch|p2b: 1899\n|-damage|p2b: 1899|0 fnt\n|faint|p2b: 1899\n|-end|p2b: 1899|Protosynthesis|[silent]\n|move|p2a: Garganacl|Salt Cure|p1b: Gothitelle\n|-damage|p1b: Gothitelle|33\/100\n|-start|p1b: Gothitelle|Salt Cure\n|\n|-damage|p1b: Gothitelle|20\/100|[from] Salt Cure\n|-start|p2a: Garganacl|perish0\n|upkeep\n|faint|p2a: Garganacl\n|\n|t:|1682351625\n|switch|p2b: Chi-Yu|Chi-Yu, L50|100\/100\n|switch|p2a: Palafin|Palafin, L50, M|100\/100\n|-ability|p2b: Chi-Yu|Beads of Ruin\n|turn|5\n|\n|t:|1682351644\n|-terastallize|p2b: Chi-Yu|Grass\n|move|p1b: Gothitelle|Fake Out|p2b: Chi-Yu\n|-damage|p2b: Chi-Yu|93\/100\n|move|p1a: Palafin|Jet Punch|p2b: Chi-Yu\n|-resisted|p2b: Chi-Yu\n|-damage|p2b: Chi-Yu|41\/100\n|move|p2a: Palafin|Jet Punch|p1b: Gothitelle\n|-damage|p1b: Gothitelle|0 fnt\n|faint|p1b: Gothitelle\n|cant|p2b: Chi-Yu|flinch\n|\n|upkeep\n|\n|t:|1682351660\n|switch|p1b: Scream Tail|Scream Tail, L50, shiny|40\/100\n|turn|6\n|\n|t:|1682351671\n|move|p1a: Palafin|Protect|p1a: Palafin\n|-singleturn|p1a: Palafin|Protect\n|move|p2b: Chi-Yu|Tera Blast|p1a: Palafin\n|-activate|p1a: Palafin|move: Protect\n|move|p1b: Scream Tail|Perish Song|p1b: Scream Tail\n|-start|p1a: Palafin|perish3|[silent]\n|-start|p1b: Scream Tail|perish3|[silent]\n|-start|p2a: Palafin|perish3|[silent]\n|-start|p2b: Chi-Yu|perish3|[silent]\n|-fieldactivate|move: Perish Song\n|move|p2a: Palafin|Wave Crash|p1b: Scream Tail\n|-damage|p1b: Scream Tail|0 fnt\n|faint|p1b: Scream Tail\n|-end|p1b: Scream Tail|Protosynthesis|[silent]\n|-damage|p2a: Palafin|86\/100|[from] Recoil\n|\n|-start|p2b: Chi-Yu|perish3\n|-start|p1a: Palafin|perish3\n|-start|p2a: Palafin|perish3\n|upkeep\n|\n|t:|1682351682\n|switch|p1b: Flutter Mane|Flutter Mane, L50|100\/100\n|turn|7\n|\n|t:|1682351688\n|move|p1b: Flutter Mane|Protect|p1b: Flutter Mane\n|-singleturn|p1b: Flutter Mane|Protect\n|move|p1a: Palafin|Jet Punch|p2b: Chi-Yu\n|-resisted|p2b: Chi-Yu\n|-damage|p2b: Chi-Yu|0 fnt\n|faint|p2b: Chi-Yu\n|move|p2a: Palafin|Wave Crash|p1b: Flutter Mane\n|-activate|p1b: Flutter Mane|move: Protect\n|\n|-start|p1a: Palafin|perish2\n|-start|p2a: Palafin|perish2\n|upkeep\n|turn|8\n|-message|mike3092 forfeited.\n|\n|win|Shnipe_Cizy\n|raw|Shnipe_Cizy's rating: 1301 → 1316<\/strong> (+15 for winning)\n|raw|mike3092's rating: 1221 → 1202<\/strong> (-19 for losing)\n","uploadtime":1682351700,"views":20,"p1id":"shnipecizy","p2id":"mike3092","formatid":"gen9vgc2023regulationc","rating":1202,"private":0,"password":""}