{"id":"gen9vgc2023regulationc-1846990934","p1":"tpejic15","p2":"Zoono","format":"[Gen 9] VGC 2023 Regulation C","log":"|j|\u2606tpejic15\n|j|\u2606Zoono\n|t:|1681909583\n|gametype|doubles\n|player|p1|tpejic15|102|1124\n|player|p2|Zoono|ghetsis-gen5bw|1087\n|teamsize|p1|6\n|teamsize|p2|6\n|gen|9\n|tier|[Gen 9] VGC 2023 Regulation C\n|rated|\n|rule|Species Clause: Limit one of each Pok\u00e9mon\n|rule|Item Clause: Limit one of each item\n|clearpoke\n|poke|p1|Flutter Mane, L50|\n|poke|p1|Corviknight, L50, M|\n|poke|p1|Roaring Moon, L50|\n|poke|p1|Ting-Lu, L50|\n|poke|p1|Arcanine, L50, M|\n|poke|p1|Mimikyu, L50, M|\n|poke|p2|Flutter Mane, L50|\n|poke|p2|Amoonguss, L50, M|\n|poke|p2|Arcanine, L50, F|\n|poke|p2|Palafin, L50, M|\n|poke|p2|Ting-Lu, L50|\n|poke|p2|Dragonite, L50, F|\n|teampreview|4\nZoono has agreed to open team sheets.\n|c|\u2606tpejic15|glhf\n|c|\u2606Zoono|gl\ntpejic15 has agreed to open team sheets.\n|\n|t:|1681909634\n|start\n|switch|p1a: Flutter Mane|Flutter Mane, L50|100\/100\n|switch|p1b: Corviknight|Corviknight, L50, M|100\/100\n|switch|p2a: PalaWIN|Palafin, L50, M|100\/100\n|switch|p2b: Nugget|Arcanine, L50, F, shiny|100\/100\n|-ability|p2b: Nugget|Intimidate|boost\n|-unboost|p1a: Flutter Mane|atk|1\n|-ability|p1b: Corviknight|Mirror Armor\n|-unboost|p2b: Nugget|atk|1\n|turn|1\n|\n|t:|1681909655\n|detailschange|p2a: PalaWIN|Palafin-Hero, L50, M\n|switch|p2a: Ting-Lu|Ting-Lu, L50|100\/100\n|-ability|p2a: Ting-Lu|Vessel of Ruin\n|move|p1a: Flutter Mane|Shadow Ball|p2a: Ting-Lu\n|-resisted|p2a: Ting-Lu\n|-damage|p2a: Ting-Lu|89\/100\n|-unboost|p2a: Ting-Lu|spd|1\n|move|p2b: Nugget|Snarl|p1a: Flutter Mane|[spread] p1a,p1b\n|-damage|p1a: Flutter Mane|94\/100\n|-damage|p1b: Corviknight|94\/100\n|-unboost|p1a: Flutter Mane|spa|1\n|-ability|p1b: Corviknight|Mirror Armor\n|-unboost|p2b: Nugget|spa|1\n|move|p1b: Corviknight|Tailwind|p1b: Corviknight\n|-sidestart|p1: tpejic15|move: Tailwind\n|\n|-heal|p1b: Corviknight|99\/100|[from] item: Leftovers\n|upkeep\n|turn|2\n|\n|t:|1681909681\n|-end|p1a: Flutter Mane|Protosynthesis|[silent]\n|switch|p1a: Mimikyu|Mimikyu, L50, M, shiny|100\/100\n|move|p1b: Corviknight|Brave Bird|p2b: Nugget\n|-damage|p2b: Nugget|59\/100\n|-damage|p1b: Corviknight|86\/100|[from] Recoil\n|move|p2b: Nugget|Will-O-Wisp|p1b: Corviknight\n|-status|p1b: Corviknight|brn\n|move|p2a: Ting-Lu|Rock Slide|p1b: Corviknight|[spread] p1a\n|-miss|p2a: Ting-Lu|p1b: Corviknight\n|-activate|p1a: Mimikyu|ability: Disguise\n|-damage|p1a: Mimikyu|100\/100\n|detailschange|p1a: Mimikyu|Mimikyu-Busted, L50, M, shiny\n|-damage|p1a: Mimikyu|88\/100|[from] pokemon: Mimikyu-Busted\n|\n|-heal|p1b: Corviknight|92\/100 brn|[from] item: Leftovers\n|-damage|p1b: Corviknight|86\/100 brn|[from] brn\n|upkeep\n|turn|3\n|\n|t:|1681909708\n|switch|p2a: PalaWIN|Palafin-Hero, L50, M|100\/100\n|-activate|p2a: PalaWIN|ability: Zero to Hero\n|move|p1a: Mimikyu|Protect|p1a: Mimikyu\n|-singleturn|p1a: Mimikyu|Protect\n|move|p1b: Corviknight|Roost|p1b: Corviknight\n|-heal|p1b: Corviknight|100\/100 brn\n|-singleturn|p1b: Corviknight|move: Roost\n|move|p2b: Nugget|Will-O-Wisp|p1a: Mimikyu\n|-activate|p1a: Mimikyu|move: Protect\n|\n|-damage|p1b: Corviknight|95\/100 brn|[from] brn\n|upkeep\n|turn|4\n|\n|t:|1681909730\n|switch|p2b: Ting-Lu|Ting-Lu, L50|89\/100\n|-ability|p2b: Ting-Lu|Vessel of Ruin\n|move|p2a: PalaWIN|Jet Punch|p1a: Mimikyu\n|-damage|p1a: Mimikyu|29\/100\n|move|p1a: Mimikyu|Curse|p2a: PalaWIN\n|-start|p2a: PalaWIN|Curse|[of] p1a: Mimikyu\n|-damage|p1a: Mimikyu|0 fnt\n|faint|p1a: Mimikyu\n|move|p1b: Corviknight|Brave Bird|p2a: PalaWIN\n|-damage|p2a: PalaWIN|81\/100\n|-damage|p1b: Corviknight|88\/100 brn|[from] Recoil\n|\n|-heal|p1b: Corviknight|94\/100 brn|[from] item: Leftovers\n|-damage|p1b: Corviknight|88\/100 brn|[from] brn\n|-damage|p2a: PalaWIN|56\/100|[from] Curse\n|-sideend|p1: tpejic15|move: Tailwind\n|upkeep\n|\n|t:|1681909748\n|switch|p1a: Flutter Mane|Flutter Mane, L50|94\/100\n|turn|5\n|\n|t:|1681909775\n|move|p2a: PalaWIN|Jet Punch|p1a: Flutter Mane\n|-damage|p1a: Flutter Mane|22\/100\n|move|p1a: Flutter Mane|Dazzling Gleam|p2a: PalaWIN|[spread] p2a,p2b\n|-supereffective|p2b: Ting-Lu\n|-damage|p2a: PalaWIN|20\/100\n|-damage|p2b: Ting-Lu|54\/100\n|move|p1b: Corviknight|Tailwind|p1b: Corviknight\n|-sidestart|p1: tpejic15|move: Tailwind\n|move|p2b: Ting-Lu|Rock Slide|p1a: Flutter Mane|[spread] p1a\n|-miss|p2b: Ting-Lu|p1b: Corviknight\n|-damage|p1a: Flutter Mane|0 fnt\n|faint|p1a: Flutter Mane\n|-end|p1a: Flutter Mane|Protosynthesis|[silent]\n|\n|-heal|p1b: Corviknight|94\/100 brn|[from] item: Leftovers\n|-damage|p1b: Corviknight|88\/100 brn|[from] brn\n|-damage|p2a: PalaWIN|0 fnt|[from] Curse\n|faint|p2a: PalaWIN\n|upkeep\n|\n|t:|1681909793\n|switch|p1a: Roaring Moon|Roaring Moon, L50, shiny|100\/100\n|switch|p2a: Nugget|Arcanine, L50, F, shiny|59\/100\n|-ability|p2a: Nugget|Intimidate|boost\n|-unboost|p1a: Roaring Moon|atk|1\n|-ability|p1b: Corviknight|Mirror Armor\n|-unboost|p2a: Nugget|atk|1\n|-enditem|p1a: Roaring Moon|Booster Energy\n|-activate|p1a: Roaring Moon|ability: Protosynthesis|[fromitem]\n|-start|p1a: Roaring Moon|protosynthesisspe\n|turn|6\n|\n|t:|1681909832\n|-terastallize|p1a: Roaring Moon|Flying\n|move|p1a: Roaring Moon|Breaking Swipe|p2b: Ting-Lu|[spread] p2a,p2b\n|-damage|p2a: Nugget|41\/100\n|-damage|p2b: Ting-Lu|44\/100\n|-unboost|p2a: Nugget|atk|1\n|-unboost|p2b: Ting-Lu|atk|1\n|move|p1b: Corviknight|Iron Head|p2b: Ting-Lu\n|-damage|p2b: Ting-Lu|36\/100\n|move|p2a: Nugget|Will-O-Wisp|p1a: Roaring Moon\n|-status|p1a: Roaring Moon|brn\n|cant|p2b: Ting-Lu|flinch\n|\n|-heal|p1b: Corviknight|94\/100 brn|[from] item: Leftovers\n|-damage|p1a: Roaring Moon|94\/100 brn|[from] brn\n|-damage|p1b: Corviknight|88\/100 brn|[from] brn\n|upkeep\n|turn|7\n|c|\u2606tpejic15|gg\n|\n|t:|1681909857\n|switch|p2b: Amogus|Amoonguss, L50, M, shiny|100\/100\n|move|p1a: Roaring Moon|Acrobatics|p2b: Amogus\n|-supereffective|p2b: Amogus\n|-damage|p2b: Amogus|65\/100\n|-damage|p1a: Roaring Moon|78\/100 brn|[from] item: Rocky Helmet|[of] p2b: Amogus\n|move|p1b: Corviknight|Brave Bird|p2a: Nugget\n|-damage|p2a: Nugget|20\/100\n|-damage|p1b: Corviknight|81\/100 brn|[from] Recoil\n|move|p2a: Nugget|Morning Sun|p2a: Nugget\n|-heal|p2a: Nugget|70\/100\n|\n|-heal|p1b: Corviknight|87\/100 brn|[from] item: Leftovers\n|-damage|p1a: Roaring Moon|72\/100 brn|[from] brn\n|-damage|p1b: Corviknight|81\/100 brn|[from] brn\n|upkeep\n|turn|8\n|-message|tpejic15 forfeited.\n|\n|win|Zoono\n|raw|tpejic15's rating: 1124 → 1096<\/strong> (-28 for losing)\n|raw|Zoono's rating: 1087 → 1117<\/strong> (+30 for winning)\n|l|\u2606tpejic15\n","uploadtime":1681909888,"views":8,"p1id":"tpejic15","p2id":"zoono","formatid":"gen9vgc2023regulationc","rating":1096,"private":0,"password":""}