{"id":"gen9vgc2023regulationc-1850083910","p1":"Echo Miss Vix","p2":"Gfazzo","format":"[Gen 9] VGC 2023 Regulation C","log":"|j|\u2606Echo Miss Vix\n|j|\u2606Gfazzo\n|t:|1682285409\n|gametype|doubles\n|player|p1|Echo Miss Vix|kimonogirl|\n|player|p2|Gfazzo|n-masters2|\n|teamsize|p1|6\n|teamsize|p2|6\n|gen|9\n|tier|[Gen 9] VGC 2023 Regulation C\n|rated|Tournament battle\n|rule|Species Clause: Limit one of each Pok\u00e9mon\n|rule|Item Clause: Limit one of each item\n|clearpoke\n|poke|p1|Iron Hands, L50|\n|poke|p1|Tatsugiri, L50, F|\n|poke|p1|Chi-Yu, L50|\n|poke|p1|Flutter Mane, L50|\n|poke|p1|Corviknight, L50, F|\n|poke|p1|Amoonguss, L50, F|\n|poke|p2|Glimmora, L50, M|\n|poke|p2|Wo-Chien, L50|\n|poke|p2|Scream Tail, L50|\n|poke|p2|Garchomp, L50, F|\n|poke|p2|Dondozo, L50, F|\n|poke|p2|Tatsugiri-Stretchy, L50, F|\n|teampreview|4\n|raw| Open Team Sheet for Echo Miss Vix<\/summary>Emplastro (Iron Hands) @ Assault Vest Ability: Quark Drive Level: 50 Shiny: Yes Tera Type: Fire - Drain Punch - Thunder Punch - Heavy Slam - Fake Out Bacalau (Tatsugiri) (F) @ Choice Scarf Ability: Storm Drain Level: 50 Shiny: Yes Tera Type: Water - Muddy Water - Draco Meteor - Icy Wind - Dragon Pulse Estrugido (Chi-Yu) @ Safety Goggles Ability: Beads of Ruin Level: 50 Tera Type: Grass - Heat Wave - Dark Pulse - Tera Blast - Protect AndorBioleta (Flutter Mane) @ Booster Energy Ability: Protosynthesis Level: 50 Shiny: Yes Tera Type: Grass - Dazzling Gleam - Shadow Ball - Energy Ball - Protect Uvar (Corviknight) @ Leftovers Ability: Mirror Armor Level: 50 Tera Type: Flying - Tailwind - Bulk Up - Brave Bird - Roost Eva (Amoonguss) (F) @ Sitrus Berry Ability: Regenerator Level: 50 Tera Type: Water - Clear Smog - Pollen Puff - Spore - Rage Powder <\/details><\/div> Open Team Sheet for Gfazzo<\/summary>Glimmora @ Assault Vest Ability: Toxic Debris Level: 50 Tera Type: Grass - Mortal Spin - Earth Power - Power Gem - Venoshock Wo-Chien @ Sitrus Berry Ability: Tablets of Ruin Level: 50 Tera Type: Poison - Snarl - Protect - Leech Seed - Pollen Puff Scream Tail @ Booster Energy Ability: Protosynthesis Level: 50 Tera Type: Ghost - Thunder Wave - Play Rough - Disable - Protect Garchomp @ Choice Scarf Ability: Rough Skin Level: 50 Tera Type: Fire - Rock Slide - Tera Blast - Stomping Tantrum - Dragon Claw Dondozo @ Leftovers Ability: Unaware Level: 50 Tera Type: Grass - Substitute - Wave Crash - Order Up - Protect Tatsugiri (Tatsugiri-Stretchy) @ Focus Sash Ability: Commander Level: 50 Tera Type: Dragon - Protect - Muddy Water - Icy Wind - Draco Meteor <\/details><\/div>\n|inactive|Battle timer is ON: inactive players will automatically lose when time's up. (requested by Echo Miss Vix)\n|j|+TheEeveeAnimations\n|c|\u2606Gfazzo|hf\n|c|\u2606Gfazzo|can we go no timer pls\n|c|+TheEeveeAnimations|this team is very much designed for the opponent not to have fun\n|inactive|Echo Miss Vix has 60 seconds left.\n|inactive|Gfazzo has 60 seconds left.\n|c|\u2606Gfazzo|i gotta learn what im doing with this lol\n|inactive|Echo Miss Vix has 30 seconds left.\n|inactive|Gfazzo has 30 seconds left.\n|inactive|Gfazzo has 20 seconds left.\n|c|+TheEeveeAnimations|so there's paraflinch\n|inactive|Gfazzo has 15 seconds left.\n|c|+TheEeveeAnimations|there's poison stall\n|inactive|Gfazzo has 10 seconds left.\n|inactive|Gfazzo has 5 seconds left.\n|\n|t:|1682285496\n|start\n|switch|p1a: AndorBioleta|Flutter Mane, L50, shiny|100\/100\n|switch|p1b: Emplastro|Iron Hands, L50, shiny|100\/100\n|switch|p2a: Wo-Chien|Wo-Chien, L50|100\/100\n|switch|p2b: Glimmora|Glimmora, L50, M|100\/100\n|-ability|p2a: Wo-Chien|Tablets of Ruin\n|-enditem|p1a: AndorBioleta|Booster Energy\n|-activate|p1a: AndorBioleta|ability: Protosynthesis|[fromitem]\n|-start|p1a: AndorBioleta|protosynthesisspe\n|turn|1\n|inactive|Echo Miss Vix has 30 seconds left.\n|\n|t:|1682285529\n|-terastallize|p1a: AndorBioleta|Grass\n|-terastallize|p2a: Wo-Chien|Poison\n|move|p1b: Emplastro|Fake Out|p2b: Glimmora\n|-resisted|p2b: Glimmora\n|-damage|p2b: Glimmora|95\/100\n|-activate|p2b: Glimmora|ability: Toxic Debris\n|-sidestart|p1: Echo Miss Vix|move: Toxic Spikes\n|move|p1a: AndorBioleta|Energy Ball|p2b: Glimmora\n|-damage|p2b: Glimmora|60\/100\n|cant|p2b: Glimmora|flinch\n|move|p2a: Wo-Chien|Snarl|p1b: Emplastro|[spread] p1a,p1b\n|-resisted|p1b: Emplastro\n|-damage|p1a: AndorBioleta|86\/100\n|-damage|p1b: Emplastro|97\/100\n|-unboost|p1a: AndorBioleta|spa|1\n|-unboost|p1b: Emplastro|spa|1\n|\n|upkeep\n|turn|2\n|inactive|Echo Miss Vix has 30 seconds left.\n|inactive|Gfazzo has 30 seconds left.\n|\n|t:|1682285557\n|move|p1a: AndorBioleta|Energy Ball|p2b: Glimmora\n|-damage|p2b: Glimmora|36\/100\n|move|p2b: Glimmora|Earth Power|p1b: Emplastro\n|-supereffective|p1b: Emplastro\n|-damage|p1b: Emplastro|65\/100\n|move|p2a: Wo-Chien|Leech Seed|p1b: Emplastro\n|-start|p1b: Emplastro|move: Leech Seed\n|move|p1b: Emplastro|Drain Punch|p2b: Glimmora\n|-damage|p2b: Glimmora|3\/100\n|-heal|p1b: Emplastro|77\/100|[from] drain|[of] p2b: Glimmora\n|-activate|p2b: Glimmora|ability: Toxic Debris\n|-sidestart|p1: Echo Miss Vix|move: Toxic Spikes\n|\n|-damage|p1b: Emplastro|65\/100|[from] Leech Seed|[of] p2a: Wo-Chien\n|upkeep\n|turn|3\n|\n|t:|1682285578\n|move|p1a: AndorBioleta|Dazzling Gleam|p2b: Glimmora|[spread] p2a,p2b\n|-resisted|p2a: Wo-Chien\n|-resisted|p2b: Glimmora\n|-damage|p2a: Wo-Chien|94\/100\n|-damage|p2b: Glimmora|0 fnt\n|faint|p2b: Glimmora\n|move|p2a: Wo-Chien|Snarl|p1b: Emplastro|[spread] p1a,p1b\n|-resisted|p1b: Emplastro\n|-damage|p1a: AndorBioleta|70\/100\n|-damage|p1b: Emplastro|61\/100\n|-unboost|p1a: AndorBioleta|spa|1\n|-unboost|p1b: Emplastro|spa|1\n|move|p1b: Emplastro|Drain Punch|p2a: Wo-Chien\n|-resisted|p2a: Wo-Chien\n|-damage|p2a: Wo-Chien|82\/100\n|-heal|p1b: Emplastro|66\/100|[from] drain|[of] p2a: Wo-Chien\n|\n|-damage|p1b: Emplastro|54\/100|[from] Leech Seed|[of] p2a: Wo-Chien\n|-heal|p2a: Wo-Chien|98\/100|[silent]\n|upkeep\n|inactive|Gfazzo has 30 seconds left.\n|\n|t:|1682285604\n|switch|p2b: Garchomp|Garchomp, L50, F|100\/100\n|turn|4\n|c|+TheEeveeAnimations|gfazzo do u know what mortal spin does\n|c|\u2606Gfazzo|not at all\n|c|+TheEeveeAnimations|spread move, poisons both opponents\n|j| cristo.ct3\n|c|\u2606Gfazzo|oh\n|c|+TheEeveeAnimations|100% chance\n|l| cristo.ct3\n|c|+TheEeveeAnimations|yeah its busted\n|inactive|Echo Miss Vix has 30 seconds left.\n|\n|t:|1682285633\n|move|p1a: AndorBioleta|Dazzling Gleam|p2b: Garchomp|[spread] p2a,p2b\n|-resisted|p2a: Wo-Chien\n|-supereffective|p2b: Garchomp\n|-damage|p2a: Wo-Chien|92\/100\n|-damage|p2b: Garchomp|64\/100\n|move|p2b: Garchomp|Stomping Tantrum|p1b: Emplastro\n|-supereffective|p1b: Emplastro\n|-damage|p1b: Emplastro|12\/100\n|move|p2a: Wo-Chien|Pollen Puff|p1a: AndorBioleta\n|-supereffective|p1a: AndorBioleta\n|-damage|p1a: AndorBioleta|29\/100\n|move|p1b: Emplastro|Drain Punch|p2b: Garchomp\n|-damage|p2b: Garchomp|33\/100\n|-heal|p1b: Emplastro|24\/100|[from] drain|[of] p2b: Garchomp\n|-damage|p1b: Emplastro|12\/100|[from] ability: Rough Skin|[of] p2b: Garchomp\n|\n|-damage|p1b: Emplastro|0 fnt|[from] Leech Seed|[of] p2a: Wo-Chien\n|-heal|p2a: Wo-Chien|100\/100|[silent]\n|faint|p1b: Emplastro\n|-end|p1b: Emplastro|Quark Drive|[silent]\n|upkeep\n|c|\u2606Gfazzo|i need to learn these things, ive been gone forever\n|inactive|Echo Miss Vix has 30 seconds left.\n|\n|t:|1682285658\n|switch|p1b: Bacalau|Tatsugiri, L50, F, shiny|100\/100\n|-status|p1b: Bacalau|tox\n|turn|5\n|c|+TheEeveeAnimations|its the glimm unique move\n|\n|t:|1682285673\n|switch|p2b: Dondozo|Dondozo, L50, F|100\/100\n|move|p1a: AndorBioleta|Dazzling Gleam|p2b: Dondozo|[spread] p2a,p2b\n|-resisted|p2a: Wo-Chien\n|-damage|p2a: Wo-Chien|95\/100\n|-damage|p2b: Dondozo|71\/100\n|move|p1b: Bacalau|Muddy Water|p2b: Dondozo|[spread] p2a,p2b\n|-resisted|p2b: Dondozo\n|-damage|p2a: Wo-Chien|71\/100\n|-damage|p2b: Dondozo|56\/100\n|move|p2a: Wo-Chien|Snarl|p1a: AndorBioleta|[spread] p1a,p1b\n|-damage|p1a: AndorBioleta|13\/100\n|-damage|p1b: Bacalau|82\/100 tox\n|-unboost|p1a: AndorBioleta|spa|1\n|-unboost|p1b: Bacalau|spa|1\n|\n|-heal|p2b: Dondozo|62\/100|[from] item: Leftovers\n|-damage|p1b: Bacalau|76\/100 tox|[from] psn\n|upkeep\n|turn|6\n|inactive|Gfazzo has 30 seconds left.\n|inactive|Gfazzo has 20 seconds left.\n|inactive|Gfazzo has 15 seconds left.\n|\n|t:|1682285714\n|move|p2b: Dondozo|Protect|p2b: Dondozo\n|-singleturn|p2b: Dondozo|Protect\n|move|p1a: AndorBioleta|Energy Ball|p2b: Dondozo\n|-activate|p2b: Dondozo|move: Protect\n|move|p1b: Bacalau|Muddy Water|p2b: Dondozo|[spread] \n|-activate|p2b: Dondozo|move: Protect\n|-miss|p1b: Bacalau|p2a: Wo-Chien\n|move|p2a: Wo-Chien|Pollen Puff|p1a: AndorBioleta\n|-supereffective|p1a: AndorBioleta\n|-damage|p1a: AndorBioleta|0 fnt\n|faint|p1a: AndorBioleta\n|-end|p1a: AndorBioleta|Protosynthesis|[silent]\n|\n|-heal|p2b: Dondozo|68\/100|[from] item: Leftovers\n|-damage|p1b: Bacalau|65\/100 tox|[from] psn\n|upkeep\n|\n|t:|1682285729\n|switch|p1a: Estrugido|Chi-Yu, L50|100\/100\n|-status|p1a: Estrugido|tox\n|-ability|p1a: Estrugido|Beads of Ruin\n|turn|7\n|\n|t:|1682285748\n|move|p1b: Bacalau|Muddy Water|p2b: Dondozo|[spread] \n|-miss|p1b: Bacalau|p2a: Wo-Chien\n|-miss|p1b: Bacalau|p2b: Dondozo\n|move|p1a: Estrugido|Heat Wave|p2b: Dondozo|[spread] p2a,p2b\n|-resisted|p2b: Dondozo\n|-damage|p2a: Wo-Chien|39\/100\n|-damage|p2b: Dondozo|44\/100\n|-status|p2a: Wo-Chien|brn\n|-enditem|p2a: Wo-Chien|Sitrus Berry|[eat]\n|-heal|p2a: Wo-Chien|64\/100 brn|[from] item: Sitrus Berry\n|move|p2b: Dondozo|Wave Crash|p1b: Bacalau\n|-activate|p1b: Bacalau|ability: Storm Drain\n|-ability|p1b: Bacalau|Storm Drain|boost\n|-boost|p1b: Bacalau|spa|1\n|move|p2a: Wo-Chien|Pollen Puff|p2b: Dondozo\n|-heal|p2b: Dondozo|94\/100\n|\n|-heal|p2b: Dondozo|100\/100|[from] item: Leftovers\n|-damage|p1b: Bacalau|48\/100 tox|[from] psn\n|-damage|p1a: Estrugido|94\/100 tox|[from] psn\n|-damage|p2a: Wo-Chien|58\/100 brn|[from] brn\n|upkeep\n|turn|8\n|c|\u2606Gfazzo|oh\n|c|\u2606Gfazzo|lol\n|inactive|Echo Miss Vix has 30 seconds left.\n|inactive|Gfazzo has 30 seconds left.\n|\n|t:|1682285777\n|move|p2a: Wo-Chien|Protect|p2a: Wo-Chien\n|-singleturn|p2a: Wo-Chien|Protect\n|move|p1b: Bacalau|Muddy Water|p2a: Wo-Chien|[spread] p2b\n|-activate|p2a: Wo-Chien|move: Protect\n|-resisted|p2b: Dondozo\n|-damage|p2b: Dondozo|82\/100\n|move|p1a: Estrugido|Dark Pulse|p2b: Dondozo\n|-damage|p2b: Dondozo|29\/100\n|move|p2b: Dondozo|Order Up|p1b: Bacalau\n|-supereffective|p1b: Bacalau\n|-damage|p1b: Bacalau|0 fnt\n|faint|p1b: Bacalau\n|\n|-heal|p2b: Dondozo|35\/100|[from] item: Leftovers\n|-damage|p1a: Estrugido|82\/100 tox|[from] psn\n|-damage|p2a: Wo-Chien|52\/100 brn|[from] brn\n|upkeep\n|turn|9\n|c|+TheEeveeAnimations|that killed\n|c|+TheEeveeAnimations|wow\n|inactive|Gfazzo has 30 seconds left.\n|\n|t:|1682285803\n|move|p2b: Dondozo|Protect|p2b: Dondozo\n|-singleturn|p2b: Dondozo|Protect\n|move|p1a: Estrugido|Dark Pulse|p2b: Dondozo\n|-activate|p2b: Dondozo|move: Protect\n|move|p2a: Wo-Chien|Leech Seed|p1a: Estrugido\n|-start|p1a: Estrugido|move: Leech Seed\n|\n|-heal|p2b: Dondozo|41\/100|[from] item: Leftovers\n|-damage|p1a: Estrugido|70\/100 tox|[from] Leech Seed|[of] p2a: Wo-Chien\n|-heal|p2a: Wo-Chien|60\/100 brn|[silent]\n|-damage|p1a: Estrugido|51\/100 tox|[from] psn\n|-damage|p2a: Wo-Chien|55\/100 brn|[from] brn\n|upkeep\n|turn|10\n|\n|t:|1682285819\n|move|p1a: Estrugido|Dark Pulse|p2b: Dondozo\n|-damage|p2b: Dondozo|0 fnt\n|faint|p2b: Dondozo\n|move|p2a: Wo-Chien|Snarl|p1a: Estrugido|[miss]\n|-miss|p2a: Wo-Chien|p1a: Estrugido\n|\n|-damage|p1a: Estrugido|39\/100 tox|[from] Leech Seed|[of] p2a: Wo-Chien\n|-heal|p2a: Wo-Chien|63\/100 brn|[silent]\n|-damage|p1a: Estrugido|14\/100 tox|[from] psn\n|-damage|p2a: Wo-Chien|57\/100 brn|[from] brn\n|upkeep\n|\n|t:|1682285827\n|switch|p2b: Garchomp|Garchomp, L50, F|33\/100\n|turn|11\n|c|\u2606Gfazzo|gg\n|\n|t:|1682285835\n|move|p2b: Garchomp|Stomping Tantrum|p1a: Estrugido\n|-supereffective|p1a: Estrugido\n|-damage|p1a: Estrugido|0 fnt\n|faint|p1a: Estrugido\n|\n|win|Gfazzo\n|n|\u2606Echo Miss Vix|echomissvix\n|n|\u2606Gfazzo|gfazzo\n|n| TheEeveeAnimations|theeeveeanimations\n|c|\u2606Echo Miss Vix|gg\n|l| TheEeveeAnimations\n","uploadtime":1682285886,"views":10,"p1id":"echomissvix","p2id":"gfazzo","formatid":"gen9vgc2023regulationc","rating":0,"private":0,"password":""}