{"id":"gen9vgc2023regulationc-1850872148","p1":"birIkiUc","p2":"hl498","format":"[Gen 9] VGC 2023 Regulation C","log":"|j|\u2606birIkiUc\n|j|\u2606hl498\n|t:|1682376707\n|gametype|doubles\n|player|p1|birIkiUc|bugcatcher-gen4dp|1090\n|player|p2|hl498|hilbert|1173\n|teamsize|p1|6\n|teamsize|p2|6\n|gen|9\n|tier|[Gen 9] VGC 2023 Regulation C\n|rated|\n|rule|Species Clause: Limit one of each Pok\u00e9mon\n|rule|Item Clause: Limit one of each item\n|clearpoke\n|poke|p1|Baxcalibur, L50, F|\n|poke|p1|Amoonguss, L50, M|\n|poke|p1|Ting-Lu, L50|\n|poke|p1|Arcanine, L50, M|\n|poke|p1|Palafin, L50, M|\n|poke|p1|Flutter Mane, L50|\n|poke|p2|Talonflame, L50, M|\n|poke|p2|Garchomp, L50, M|\n|poke|p2|Iron Bundle, L50|\n|poke|p2|Amoonguss, L50, F|\n|poke|p2|Kingambit, L50, M|\n|poke|p2|Flutter Mane, L50|\n|teampreview|4\n|\n|t:|1682376747\n|start\n|switch|p1a: Amoonguss|Amoonguss, L50, M|100\/100\n|switch|p1b: Arcanine|Arcanine, L50, M|100\/100\n|switch|p2a: Garchomp|Garchomp, L50, M|100\/100\n|switch|p2b: Talonflame|Talonflame, L50, M|100\/100\n|-ability|p1b: Arcanine|Intimidate|boost\n|-fail|p2a: Garchomp|unboost|[from] item: Clear Amulet|[of] p2a: Garchomp\n|-unboost|p2b: Talonflame|atk|1\n|turn|1\n|\n|t:|1682376773\n|switch|p1b: Palafin|Palafin, L50, M|100\/100\n|move|p2b: Talonflame|Taunt|p1a: Amoonguss\n|-start|p1a: Amoonguss|move: Taunt\n|move|p2a: Garchomp|Earthquake|p1a: Amoonguss|[spread] p1a,p1b\n|-immune|p2b: Talonflame\n|-damage|p1a: Amoonguss|65\/100\n|-damage|p1b: Palafin|55\/100\n|cant|p1a: Amoonguss|move: Taunt|Spore\n|\n|upkeep\n|turn|2\n|\n|t:|1682376801\n|move|p1b: Palafin|Jet Punch|p2a: Garchomp\n|-damage|p2a: Garchomp|74\/100\n|-damage|p1b: Palafin|43\/100|[from] ability: Rough Skin|[of] p2a: Garchomp\n|move|p2b: Talonflame|Will-O-Wisp|p1b: Palafin\n|-status|p1b: Palafin|brn\n|move|p2a: Garchomp|Earthquake|p1b: Palafin|[spread] p1a,p1b\n|-immune|p2b: Talonflame\n|-damage|p1a: Amoonguss|30\/100\n|-damage|p1b: Palafin|0 fnt\n|-enditem|p1a: Amoonguss|Sitrus Berry|[eat]\n|-heal|p1a: Amoonguss|55\/100|[from] item: Sitrus Berry\n|faint|p1b: Palafin\n|move|p1a: Amoonguss|Pollen Puff|p1: Palafin|[notarget]\n|-fail|p1a: Amoonguss\n|\n|upkeep\n|\n|t:|1682376815\n|switch|p1b: Ting-Lu|Ting-Lu, L50|100\/100\n|-ability|p1b: Ting-Lu|Vessel of Ruin\n|turn|3\n|\n|t:|1682376839\n|switch|p1a: Arcanine|Arcanine, L50, M|100\/100\n|-ability|p1a: Arcanine|Intimidate|boost\n|-fail|p2a: Garchomp|unboost|[from] item: Clear Amulet|[of] p2a: Garchomp\n|-unboost|p2b: Talonflame|atk|1\n|move|p2b: Talonflame|Will-O-Wisp|p1b: Ting-Lu\n|-status|p1b: Ting-Lu|brn\n|move|p2a: Garchomp|Earthquake|p1b: Ting-Lu|[spread] p1a,p1b\n|-immune|p2b: Talonflame\n|-supereffective|p1a: Arcanine\n|-damage|p1a: Arcanine|18\/100\n|-damage|p1b: Ting-Lu|75\/100 brn\n|move|p1b: Ting-Lu|Heavy Slam|p2a: Garchomp\n|-damage|p2a: Garchomp|55\/100\n|-damage|p1b: Ting-Lu|63\/100 brn|[from] ability: Rough Skin|[of] p2a: Garchomp\n|\n|-damage|p1b: Ting-Lu|57\/100 brn|[from] brn\n|upkeep\n|turn|4\n|\n|t:|1682376862\n|move|p2b: Talonflame|Tailwind|p2b: Talonflame\n|-sidestart|p2: hl498|move: Tailwind\n|move|p2a: Garchomp|Earthquake|p1a: Arcanine|[spread] p1a,p1b\n|-immune|p2b: Talonflame\n|-supereffective|p1a: Arcanine\n|-damage|p1a: Arcanine|0 fnt\n|-damage|p1b: Ting-Lu|32\/100 brn\n|faint|p1a: Arcanine\n|move|p1b: Ting-Lu|Fissure|p2a: Garchomp|[miss]\n|-miss|p1b: Ting-Lu|p2a: Garchomp\n|\n|-damage|p1b: Ting-Lu|26\/100 brn|[from] brn\n|upkeep\n|\n|t:|1682376873\n|switch|p1a: Amoonguss|Amoonguss, L50, M|88\/100\n|turn|5\n|\n|t:|1682376879\n|move|p2b: Talonflame|Taunt|p1a: Amoonguss\n|-start|p1a: Amoonguss|move: Taunt\n|move|p2a: Garchomp|Earthquake|p1b: Ting-Lu|[spread] p1a,p1b\n|-immune|p2b: Talonflame\n|-damage|p1a: Amoonguss|54\/100\n|-damage|p1b: Ting-Lu|0 fnt\n|faint|p1b: Ting-Lu\n|move|p1a: Amoonguss|Pollen Puff|p1: Ting-Lu|[notarget]\n|-fail|p1a: Amoonguss\n|\n|upkeep\n|turn|6\n|\n|t:|1682376890\n|move|p2b: Talonflame|Brave Bird|p1a: Amoonguss\n|-supereffective|p1a: Amoonguss\n|-damage|p1a: Amoonguss|25\/100\n|-damage|p2b: Talonflame|90\/100|[from] Recoil\n|move|p2a: Garchomp|Earthquake|p1a: Amoonguss|[spread] p1a\n|-immune|p2b: Talonflame\n|-damage|p1a: Amoonguss|0 fnt\n|faint|p1a: Amoonguss\n|\n|win|hl498\n|raw|birIkiUc's rating: 1090 → 1072<\/strong> (-18 for losing)\n|raw|hl498's rating: 1173 → 1192<\/strong> (+19 for winning)\n","uploadtime":1682376915,"views":10,"p1id":"birikiuc","p2id":"hl498","formatid":"gen9vgc2023regulationc","rating":1072,"private":0,"password":""}