{"id":"gen9vgc2023regulationc-1847767093","p1":"ClaymoreShoebill","p2":"whyuwannalink","format":"[Gen 9] VGC 2023 Regulation C","log":"|j|\u2606ClaymoreShoebill\n|j|\u2606whyuwannalink\n|t:|1682000239\n|gametype|doubles\n|player|p1|ClaymoreShoebill|gardenia|1000\n|player|p2|whyuwannalink|grimsley|1000\n|teamsize|p1|6\n|teamsize|p2|6\n|gen|9\n|tier|[Gen 9] VGC 2023 Regulation C\n|rated|\n|rule|Species Clause: Limit one of each Pok\u00e9mon\n|rule|Item Clause: Limit one of each item\n|clearpoke\n|poke|p1|Orthworm, L50, F|\n|poke|p1|Krookodile, L50, F|\n|poke|p1|Flutter Mane, L50|\n|poke|p1|Chi-Yu, L50|\n|poke|p1|Dondozo, L50, M|\n|poke|p1|Amoonguss, L50, F|\n|poke|p2|Palafin, L50, M|\n|poke|p2|Raichu, L50, M|\n|poke|p2|Iron Jugulis, L50|\n|poke|p2|Pelipper, L50, M|\n|poke|p2|Barraskewda, L50, M|\n|poke|p2|Chien-Pao, L50|\n|teampreview|4\nwhyuwannalink has agreed to open team sheets.\n|\n|t:|1682000263\n|start\n|switch|p1a: Dondozo|Dondozo, L50, M|100\/100\n|switch|p1b: Amoonguss|Amoonguss, L50, F|100\/100\n|switch|p2a: Raichu|Raichu, L50, M, shiny|100\/100\n|switch|p2b: Pelipper|Pelipper, L50, M|100\/100\n|-weather|RainDance|[from] ability: Drizzle|[of] p2b: Pelipper\n|turn|1\n|\n|t:|1682000300\n|move|p1a: Dondozo|Protect|p1a: Dondozo\n|-singleturn|p1a: Dondozo|Protect\n|move|p2a: Raichu|Fake Out|p1a: Dondozo\n|-activate|p1a: Dondozo|move: Protect\n|move|p2b: Pelipper|Icy Wind|p1b: Amoonguss|[spread] p1b\n|-activate|p1a: Dondozo|move: Protect\n|-supereffective|p1b: Amoonguss\n|-damage|p1b: Amoonguss|84\/100\n|-unboost|p1b: Amoonguss|spe|1\n|move|p1b: Amoonguss|Spore|p2a: Raichu\n|-activate|p2a: Raichu|item: Safety Goggles|Spore\n|\n|-weather|RainDance|[upkeep]\n|-heal|p1b: Amoonguss|90\/100|[from] item: Black Sludge\n|upkeep\n|turn|2\n|\n|t:|1682000333\n|move|p2b: Pelipper|Wide Guard|p2b: Pelipper\n|-singleturn|p2b: Pelipper|Wide Guard\n|move|p1b: Amoonguss|Rage Powder|p1b: Amoonguss\n|-singleturn|p1b: Amoonguss|move: Rage Powder\n|move|p2a: Raichu|Nuzzle|p1a: Dondozo\n|-supereffective|p1a: Dondozo\n|-damage|p1a: Dondozo|93\/100\n|-status|p1a: Dondozo|par\n|move|p1a: Dondozo|Bulldoze|p2b: Pelipper|[spread] p1b\n|-activate|p2a: Raichu|move: Wide Guard\n|-activate|p2b: Pelipper|move: Wide Guard\n|-damage|p1b: Amoonguss|78\/100\n|-unboost|p1b: Amoonguss|spe|1\n|\n|-weather|RainDance|[upkeep]\n|-heal|p1a: Dondozo|99\/100 par|[from] item: Leftovers\n|-heal|p1b: Amoonguss|84\/100|[from] item: Black Sludge\n|upkeep\n|turn|3\n|\n|t:|1682000359\n|move|p2b: Pelipper|Helping Hand|p2a: Raichu\n|-singleturn|p2a: Raichu|Helping Hand|[of] p2b: Pelipper\n|move|p2a: Raichu|Volt Switch|p1a: Dondozo\n|-supereffective|p1a: Dondozo\n|-damage|p1a: Dondozo|6\/100 par\n|\n|t:|1682000364\n|switch|p2a: Palafin|Palafin, L50, M, shiny|100\/100|[from] Volt Switch\n|move|p1a: Dondozo|Bulldoze|p2b: Pelipper|[spread] p1b,p2a\n|-immune|p2b: Pelipper\n|-damage|p1b: Amoonguss|73\/100\n|-damage|p2a: Palafin|88\/100\n|-unboost|p1b: Amoonguss|spe|1\n|-unboost|p2a: Palafin|spe|1\n|move|p1b: Amoonguss|Pollen Puff|p2a: Palafin\n|-damage|p2a: Palafin|64\/100\n|\n|-weather|RainDance|[upkeep]\n|-heal|p1a: Dondozo|12\/100 par|[from] item: Leftovers\n|-heal|p1b: Amoonguss|79\/100|[from] item: Black Sludge\n|upkeep\n|turn|4\n|\n|t:|1682000395\n|detailschange|p2a: Palafin|Palafin-Hero, L50, M, shiny\n|switch|p2a: Raichu|Raichu, L50, M, shiny|100\/100\n|move|p1a: Dondozo|Protect|p1a: Dondozo\n|-singleturn|p1a: Dondozo|Protect\n|move|p2b: Pelipper|Icy Wind|p1b: Amoonguss|[spread] p1b\n|-activate|p1a: Dondozo|move: Protect\n|-supereffective|p1b: Amoonguss\n|-crit|p1b: Amoonguss\n|-damage|p1b: Amoonguss|51\/100\n|-unboost|p1b: Amoonguss|spe|1\n|move|p1b: Amoonguss|Spore|p2a: Raichu\n|-activate|p2a: Raichu|item: Safety Goggles|Spore\n|\n|-weather|RainDance|[upkeep]\n|-heal|p1a: Dondozo|18\/100 par|[from] item: Leftovers\n|-heal|p1b: Amoonguss|57\/100|[from] item: Black Sludge\n|upkeep\n|turn|5\n|\n|t:|1682000421\n|move|p2a: Raichu|Fake Out|p1a: Dondozo\n|-damage|p1a: Dondozo|14\/100 par\n|move|p2b: Pelipper|Icy Wind|p1b: Amoonguss|[spread] p1a,p1b\n|-resisted|p1a: Dondozo\n|-supereffective|p1b: Amoonguss\n|-damage|p1a: Dondozo|8\/100 par\n|-damage|p1b: Amoonguss|40\/100\n|-unboost|p1a: Dondozo|spe|1\n|-unboost|p1b: Amoonguss|spe|1\n|cant|p1a: Dondozo|flinch\n|move|p1b: Amoonguss|Pollen Puff|p2a: Raichu\n|-damage|p2a: Raichu|74\/100\n|\n|-weather|none\n|-heal|p1a: Dondozo|14\/100 par|[from] item: Leftovers\n|-heal|p1b: Amoonguss|46\/100|[from] item: Black Sludge\n|upkeep\n|turn|6\n|\n|t:|1682000446\n|switch|p2b: Barraskewda|Barraskewda, L50, M, shiny|100\/100\n|move|p2a: Raichu|Volt Switch|p1a: Dondozo\n|-supereffective|p1a: Dondozo\n|-damage|p1a: Dondozo|0 fnt\n|faint|p1a: Dondozo\n|\n|t:|1682000453\n|switch|p2a: Palafin|Palafin-Hero, L50, M, shiny|64\/100|[from] Volt Switch\n|-activate|p2a: Palafin|ability: Zero to Hero\n|move|p1b: Amoonguss|Spore|p2b: Barraskewda\n|-status|p2b: Barraskewda|slp|[from] move: Spore\n|\n|-heal|p1b: Amoonguss|52\/100|[from] item: Black Sludge\n|upkeep\n|\n|t:|1682000467\n|switch|p1a: Chi-Yu|Chi-Yu, L50|100\/100\n|-ability|p1a: Chi-Yu|Beads of Ruin\n|turn|7\n|\n|t:|1682000481\n|switch|p2b: Pelipper|Pelipper, L50, M|100\/100\n|-weather|RainDance|[from] ability: Drizzle|[of] p2b: Pelipper\n|-terastallize|p1a: Chi-Yu|Grass\n|move|p1b: Amoonguss|Rage Powder|p1b: Amoonguss\n|-singleturn|p1b: Amoonguss|move: Rage Powder\n|move|p2a: Palafin|Jet Punch|p1b: Amoonguss\n|-resisted|p1b: Amoonguss\n|-damage|p1b: Amoonguss|18\/100\n|move|p1a: Chi-Yu|Tera Blast|p2a: Palafin\n|-supereffective|p2a: Palafin\n|-damage|p2a: Palafin|0 fnt\n|faint|p2a: Palafin\n|\n|-weather|RainDance|[upkeep]\n|-heal|p1b: Amoonguss|24\/100|[from] item: Black Sludge\n|upkeep\n|\n|t:|1682000499\n|switch|p2a: Barraskewda|Barraskewda, L50, M, shiny|100\/100 slp\n|turn|8\n|\n|t:|1682000535\n|-terastallize|p2b: Pelipper|Ice\n|cant|p2a: Barraskewda|slp\n|move|p1a: Chi-Yu|Tera Blast|p2a: Barraskewda\n|-supereffective|p2a: Barraskewda\n|-enditem|p2a: Barraskewda|Focus Sash\n|-damage|p2a: Barraskewda|1\/100 slp\n|move|p2b: Pelipper|Icy Wind|p1b: Amoonguss|[spread] p1a,p1b\n|-supereffective|p1a: Chi-Yu\n|-supereffective|p1b: Amoonguss\n|-damage|p1a: Chi-Yu|53\/100\n|-damage|p1b: Amoonguss|0 fnt\n|-unboost|p1a: Chi-Yu|spe|1\n|faint|p1b: Amoonguss\n|\n|-weather|RainDance|[upkeep]\n|upkeep\n|\n|t:|1682000542\n|switch|p1b: Flutter Mane|Flutter Mane, L50|100\/100\n|-enditem|p1b: Flutter Mane|Booster Energy\n|-activate|p1b: Flutter Mane|ability: Protosynthesis|[fromitem]\n|-start|p1b: Flutter Mane|protosynthesisspa\n|turn|9\n|\n|t:|1682000560\n|switch|p2a: Raichu|Raichu, L50, M, shiny|74\/100\n|move|p1b: Flutter Mane|Dazzling Gleam|p2a: Raichu|[spread] p2a,p2b\n|-damage|p2a: Raichu|0 fnt\n|-damage|p2b: Pelipper|16\/100\n|faint|p2a: Raichu\n|move|p1a: Chi-Yu|Tera Blast|p2b: Pelipper\n|-damage|p2b: Pelipper|0 fnt\n|faint|p2b: Pelipper\n|\n|-weather|RainDance|[upkeep]\n|upkeep\n|\n|t:|1682000568\n|switch|p2b: Barraskewda|Barraskewda, L50, M, shiny|1\/100 slp\n|turn|10\n|\n|t:|1682000575\n|-curestatus|p2b: Barraskewda|slp|[msg]\n|move|p2b: Barraskewda|Poison Jab|p1b: Flutter Mane\n|-damage|p1b: Flutter Mane|35\/100\n|-status|p1b: Flutter Mane|psn\n|move|p1b: Flutter Mane|Dazzling Gleam|p2b: Barraskewda\n|-damage|p2b: Barraskewda|0 fnt\n|faint|p2b: Barraskewda\n|\n|win|ClaymoreShoebill\n|raw|ClaymoreShoebill's rating: 1000 → 1040<\/strong> (+40 for winning)\n|raw|whyuwannalink's rating: 1000 → 1000<\/strong> (+0 for losing)\n|l|\u2606whyuwannalink\n","uploadtime":1682000657,"views":9,"p1id":"claymoreshoebill","p2id":"whyuwannalink","formatid":"gen9vgc2023regulationc","rating":1000,"private":0,"password":""}