{"id":"gen9vgc2023regulationc-1860957927","p1":"TheTantricPoke","p2":"shm0406","format":"[Gen 9] VGC 2023 Regulation C","log":"|j|\u2606TheTantricPoke\n|j|\u2606shm0406\n|t:|1683703093\n|gametype|doubles\n|player|p1|TheTantricPoke|acetrainer-gen4|1278\n|player|p2|shm0406|n|1290\n|teamsize|p1|6\n|teamsize|p2|6\n|gen|9\n|tier|[Gen 9] VGC 2023 Regulation C\n|rated|\n|rule|Species Clause: Limit one of each Pok\u00e9mon\n|rule|Item Clause: Limit one of each item\n|clearpoke\n|poke|p1|Amoonguss, L50, M|\n|poke|p1|Glimmora, L50, F|\n|poke|p1|Pelipper, L50, F|\n|poke|p1|Palafin, L50, M|\n|poke|p1|Gholdengo, L50|\n|poke|p1|Chien-Pao, L50|\n|poke|p2|Brambleghast, L50, M|\n|poke|p2|Kilowattrel, L50, M|\n|poke|p2|Dudunsparce-*, L50, M|\n|poke|p2|Orthworm, L50, M|\n|poke|p2|Hatterene, L50, F|\n|poke|p2|Toxtricity, L50, M|\n|teampreview|4\n|\n|t:|1683703132\n|start\n|switch|p1a: MethCristal|Glimmora, L50, F, shiny|100\/100\n|switch|p1b: Leopoldo|Chien-Pao, L50|100\/100\n|switch|p2a: Kilowattrel|Kilowattrel, L50, M|100\/100\n|switch|p2b: Orthworm|Orthworm, L50, M|100\/100\n|-ability|p1b: Leopoldo|Sword of Ruin\n|turn|1\n|c|\u2606TheTantricPoke|Nice team!glhf Bud\n|\n|t:|1683703177\n|-terastallize|p2b: Orthworm|Ghost\n|move|p2a: Kilowattrel|Tailwind|p2a: Kilowattrel\n|-sidestart|p2: shm0406|move: Tailwind\n|-start|p2a: Kilowattrel|Charge|Tailwind|[from] ability: Wind Power\n|move|p1b: Leopoldo|Sacred Sword|p2b: Orthworm\n|-immune|p2b: Orthworm\n|move|p2b: Orthworm|Body Press|p1b: Leopoldo\n|-supereffective|p1b: Leopoldo\n|-enditem|p1b: Leopoldo|Focus Sash\n|-damage|p1b: Leopoldo|1\/100\n|move|p1a: MethCristal|Power Gem|p2a: Kilowattrel\n|-supereffective|p2a: Kilowattrel\n|-enditem|p2a: Kilowattrel|Focus Sash\n|-damage|p2a: Kilowattrel|1\/100\n|\n|upkeep\n|turn|2\n|\n|t:|1683703212\n|move|p1b: Leopoldo|Protect|p1b: Leopoldo\n|-singleturn|p1b: Leopoldo|Protect\n|move|p2a: Kilowattrel|Volt Switch|p1b: Leopoldo\n|-activate|p1b: Leopoldo|move: Protect\n|-end|p2a: Kilowattrel|Charge|[silent]\n|move|p2b: Orthworm|Shed Tail|p2b: Orthworm\n|-start|p2b: Orthworm|Substitute|[from] move: Shed Tail\n|-damage|p2b: Orthworm|50\/100\n|-enditem|p2b: Orthworm|Sitrus Berry|[eat]\n|-heal|p2b: Orthworm|75\/100|[from] item: Sitrus Berry\n|\n|t:|1683703222\n|switch|p2b: Brambleghast|Brambleghast, L50, M|100\/100|[from] Shed Tail\n|-ability|p2b: Brambleghast|Wind Rider|boost\n|-boost|p2b: Brambleghast|atk|1\n|move|p1a: MethCristal|Power Gem|p2a: Kilowattrel\n|-supereffective|p2a: Kilowattrel\n|-damage|p2a: Kilowattrel|0 fnt\n|faint|p2a: Kilowattrel\n|\n|upkeep\n|\n|t:|1683703230\n|switch|p2a: Hatterene|Hatterene, L50, F|100\/100\n|turn|3\n|\n|t:|1683703268\n|move|p2b: Brambleghast|Seed Bomb|p1a: MethCristal\n|-damage|p1a: MethCristal|0 fnt\n|-activate|p1a: MethCristal|ability: Toxic Debris\n|-sidestart|p2: shm0406|move: Toxic Spikes\n|faint|p1a: MethCristal\n|-damage|p2b: Brambleghast|91\/100|[from] item: Life Orb\n|move|p1b: Leopoldo|Ice Spinner|p2b: Brambleghast\n|-supereffective|p2b: Brambleghast\n|-end|p2b: Brambleghast|Substitute\n|move|p2a: Hatterene|Dazzling Gleam|p1b: Leopoldo\n|-supereffective|p1b: Leopoldo\n|-damage|p1b: Leopoldo|0 fnt\n|faint|p1b: Leopoldo\n|\n|upkeep\n|\n|t:|1683703283\n|switch|p1b: Fun-Guy|Amoonguss, L50, M, shiny|100\/100\n|switch|p1a: MoneyGrabber|Gholdengo, L50|100\/100\n|turn|4\n|\n|t:|1683703300\n|move|p2b: Brambleghast|Phantom Force||[still]\n|-prepare|p2b: Brambleghast|Phantom Force\n|move|p1a: MoneyGrabber|Shadow Ball|p2b: Brambleghast|[miss]\n|-miss|p1a: MoneyGrabber|p2b: Brambleghast\n|move|p2a: Hatterene|Psyshock|p1b: Fun-Guy\n|-supereffective|p1b: Fun-Guy\n|-crit|p1b: Fun-Guy\n|-damage|p1b: Fun-Guy|21\/100\n|-enditem|p1b: Fun-Guy|Iapapa Berry|[eat]\n|-heal|p1b: Fun-Guy|55\/100|[from] item: Iapapa Berry\n|move|p1b: Fun-Guy|Pollen Puff|p1a: MoneyGrabber\n|-immune|p1a: MoneyGrabber\n|\n|-sideend|p2: shm0406|move: Tailwind\n|upkeep\n|turn|5\n|\n|t:|1683703325\n|move|p1a: MoneyGrabber|Protect|p1a: MoneyGrabber\n|-singleturn|p1a: MoneyGrabber|Protect\n|move|p2b: Brambleghast|Phantom Force|p1a: MoneyGrabber|[from]lockedmove\n|-activate|p1a: MoneyGrabber|move: Phantom Force|[broken]\n|-supereffective|p1a: MoneyGrabber\n|-damage|p1a: MoneyGrabber|0 fnt\n|faint|p1a: MoneyGrabber\n|-damage|p2b: Brambleghast|81\/100|[from] item: Life Orb\n|move|p1b: Fun-Guy|Pollen Puff|p2b: Brambleghast\n|-damage|p2b: Brambleghast|49\/100\n|move|p2a: Hatterene|Psyshock|p1b: Fun-Guy\n|-supereffective|p1b: Fun-Guy\n|-damage|p1b: Fun-Guy|5\/100\n|\n|upkeep\n|turn|6\n|-message|TheTantricPoke forfeited.\n|\n|win|shm0406\n|raw|TheTantricPoke's rating: 1278 → 1254<\/strong> (-24 for losing)\n|raw|shm0406's rating: 1290 → 1314<\/strong> (+24 for winning)\n|l|\u2606TheTantricPoke\n","uploadtime":1683703347,"views":14,"p1id":"thetantricpoke","p2id":"shm0406","formatid":"gen9vgc2023regulationc","rating":1254,"private":0,"password":""}