{"id":"gen9vgc2023regulationc-1851712719","p1":"Cheeseless","p2":"Shnipe_Cizy","format":"[Gen 9] VGC 2023 Regulation C","log":"|j|\u203dCheeseless\n|j|\u2606Shnipe_Cizy\n|t:|1682473083\n|gametype|doubles\n|player|p1|Cheeseless|170|1177\n|player|p2|Shnipe_Cizy|ghetsis|1218\n|teamsize|p1|6\n|teamsize|p2|6\n|gen|9\n|tier|[Gen 9] VGC 2023 Regulation C\n|rated|\n|rule|Species Clause: Limit one of each Pok\u00e9mon\n|rule|Item Clause: Limit one of each item\n|clearpoke\n|poke|p1|Palafin, L50, M|\n|poke|p1|Scream Tail, L50|\n|poke|p1|Flutter Mane, L50|\n|poke|p1|Amoonguss, L50, F|\n|poke|p1|Gothitelle, L50, F|\n|poke|p1|Pyroar, L50, M|\n|poke|p2|Gyarados, L50, F|\n|poke|p2|Iron Hands, L50|\n|poke|p2|Amoonguss, L50, M|\n|poke|p2|Kingambit, L50, M|\n|poke|p2|Flutter Mane, L50|\n|poke|p2|Chi-Yu, L50|\n|teampreview|4\nCheeseless has agreed to open team sheets.\nShnipe_Cizy has agreed to open team sheets.\n|\n|t:|1682473129\n|start\n|switch|p1a: Flutter Mane|Flutter Mane, L50|100\/100\n|switch|p1b: Palafin|Palafin, L50, M|100\/100\n|switch|p2a: Chi-Yu|Chi-Yu, L50|100\/100\n|switch|p2b: Flutter Mane|Flutter Mane, L50|100\/100\n|-ability|p2a: Chi-Yu|Beads of Ruin\n|turn|1\n|inactive|Battle timer is ON: inactive players will automatically lose when time's up. (requested by Cheeseless)\n|\n|t:|1682473151\n|-terastallize|p2b: Flutter Mane|Fairy\n|move|p1a: Flutter Mane|Protect|p1a: Flutter Mane\n|-singleturn|p1a: Flutter Mane|Protect\n|move|p1b: Palafin|Protect|p1b: Palafin\n|-singleturn|p1b: Palafin|Protect\n|move|p2b: Flutter Mane|Dazzling Gleam|p1b: Palafin|[spread] \n|-activate|p1a: Flutter Mane|move: Protect\n|-activate|p1b: Palafin|move: Protect\n|move|p2a: Chi-Yu|Heat Wave|p1b: Palafin|[spread] \n|-activate|p1a: Flutter Mane|move: Protect\n|-activate|p1b: Palafin|move: Protect\n|\n|upkeep\n|turn|2\n|inactive|Cheeseless has 30 seconds left.\n|inactive|Cheeseless has 20 seconds left.\n|\n|t:|1682473188\n|-terastallize|p1b: Palafin|Water\n|move|p1b: Palafin|Jet Punch|p2a: Chi-Yu\n|-supereffective|p2a: Chi-Yu\n|-enditem|p2a: Chi-Yu|Focus Sash\n|-damage|p2a: Chi-Yu|1\/100\n|move|p1a: Flutter Mane|Moonblast|p2a: Chi-Yu\n|-damage|p2a: Chi-Yu|0 fnt\n|faint|p2a: Chi-Yu\n|move|p2b: Flutter Mane|Dazzling Gleam|p1a: Flutter Mane|[spread] p1a,p1b\n|-crit|p1a: Flutter Mane\n|-enditem|p1a: Flutter Mane|Focus Sash\n|-damage|p1a: Flutter Mane|1\/100\n|-damage|p1b: Palafin|10\/100\n|\n|upkeep\n|\n|t:|1682473204\n|switch|p2a: Iron Hands|Iron Hands, L50|100\/100\n|turn|3\n|inactive|Cheeseless has 30 seconds left.\n|\n|t:|1682473232\n|move|p1b: Palafin|Protect|p1b: Palafin\n|-singleturn|p1b: Palafin|Protect\n|move|p1a: Flutter Mane|Moonblast|p2a: Iron Hands\n|-supereffective|p2a: Iron Hands\n|-damage|p2a: Iron Hands|51\/100\n|move|p2b: Flutter Mane|Dazzling Gleam|p1b: Palafin|[spread] p1a\n|-activate|p1b: Palafin|move: Protect\n|-damage|p1a: Flutter Mane|0 fnt\n|faint|p1a: Flutter Mane\n|-end|p1a: Flutter Mane|Protosynthesis|[silent]\n|move|p2a: Iron Hands|Wild Charge|p1b: Palafin\n|-activate|p1b: Palafin|move: Protect\n|\n|upkeep\n|\n|t:|1682473255\n|switch|p1a: Gothitelle|Gothitelle, L50, F|100\/100\n|turn|4\n|\n|t:|1682473269\n|move|p1a: Gothitelle|Fake Out|p2b: Flutter Mane\n|-damage|p2b: Flutter Mane|92\/100\n|cant|p2b: Flutter Mane|flinch\n|move|p1b: Palafin|Wave Crash|p2a: Iron Hands\n|-damage|p2a: Iron Hands|0 fnt\n|faint|p2a: Iron Hands\n|-end|p2a: Iron Hands|Quark Drive|[silent]\n|-damage|p1b: Palafin|0 fnt|[from] Recoil\n|faint|p1b: Palafin\n|\n|upkeep\n|\n|t:|1682473278\n|switch|p1b: Pyroar|Pyroar, L50, M|100\/100\n|switch|p2a: Kingambit|Kingambit, L50, M|100\/100\n|-ability|p1b: Pyroar|Unnerve\n|turn|5\n|\n|t:|1682473303\n|move|p2a: Kingambit|Sucker Punch|p1b: Pyroar\n|-damage|p1b: Pyroar|45\/100\n|move|p2b: Flutter Mane|Dazzling Gleam|p1b: Pyroar|[spread] p1a,p1b\n|-resisted|p1b: Pyroar\n|-damage|p1a: Gothitelle|45\/100\n|-damage|p1b: Pyroar|0 fnt\n|-enditem|p1a: Gothitelle|Sitrus Berry|[eat]\n|-heal|p1a: Gothitelle|70\/100|[from] item: Sitrus Berry\n|faint|p1b: Pyroar\n|move|p1a: Gothitelle|Heal Pulse|p1: Pyroar|[notarget]\n|-fail|p1a: Gothitelle\n|\n|upkeep\n|turn|6\n|-message|Cheeseless forfeited.\n|\n|win|Shnipe_Cizy\n|raw|Cheeseless's rating: 1177 → 1155<\/strong> (-22 for losing)\n|raw|Shnipe_Cizy's rating: 1218 → 1240<\/strong> (+22 for winning)\n","uploadtime":1682473321,"views":11,"p1id":"cheeseless","p2id":"shnipecizy","formatid":"gen9vgc2023regulationc","rating":1155,"private":0,"password":""}