{"id":"gen9vgc2023regulationc-1864014647","p1":"Ciq108","p2":"RylektVGC","format":"[Gen 9] VGC 2023 Regulation C","log":"|j|\u2606Ciq108\n|j|\u2606RylektVGC\n|t:|1684105453\n|gametype|doubles\n|player|p1|Ciq108|170|\n|player|p2|RylektVGC|flannery|\n|teamsize|p1|6\n|teamsize|p2|6\n|gen|9\n|tier|[Gen 9] VGC 2023 Regulation C\n|rule|Species Clause: Limit one of each Pok\u00e9mon\n|rule|Item Clause: Limit one of each item\n|clearpoke\n|poke|p1|Chien-Pao, L50|\n|poke|p1|Lucario, L50, F|\n|poke|p1|Gardevoir, L50, M|\n|poke|p1|Rotom-Heat, L50|\n|poke|p1|Garchomp, L50, M|\n|poke|p1|Gastrodon, L50, M|\n|poke|p2|Great Tusk, L50|\n|poke|p2|Kilowattrel, L50, F|\n|poke|p2|Torkoal, L50, M|\n|poke|p2|Oranguru, L50, M|\n|poke|p2|Umbreon, L50, M|\n|poke|p2|Persian, L50, F|\n|teampreview|4\n|j| Memebasedgod\n|c|\u2606Ciq108|Glhf\n|j| thefriending\n|c|\u2606Ciq108|Sry was salty af after chomp crit\n|j| SusJingles\n|c| thefriending|Kek\n|c|\u2606RylektVGC|glhf\n|c|\u2606RylektVGC|Youre good lol\n|c|\u2606RylektVGC|I get it\n|\n|t:|1684106109\n|start\n|switch|p1a: Gardevoir|Gardevoir, L50, M|100\/100\n|switch|p1b: Garchomp|Garchomp, L50, M|100\/100\n|switch|p2a: Open Your Heart|Persian, L50, F|100\/100\n|switch|p2b: I Am... All of Me|Oranguru, L50, M, shiny|100\/100\n|turn|1\n|\n|t:|1684106119\n|move|p2a: Open Your Heart|Fake Out|p1a: Gardevoir\n|-damage|p1a: Gardevoir|75\/100\n|cant|p1a: Gardevoir|flinch\n|move|p1b: Garchomp|Earthquake|p2a: Open Your Heart|[spread] p2a,p2b\n|-activate|p1a: Gardevoir|ability: Telepathy\n|-damage|p2a: Open Your Heart|41\/100\n|-damage|p2b: I Am... All of Me|67\/100\n|move|p2b: I Am... All of Me|Trick Room|p2b: I Am... All of Me\n|-fieldstart|move: Trick Room|[of] p2b: I Am... All of Me\n|\n|upkeep\n|turn|2\n|\n|t:|1684106155\n|move|p2b: I Am... All of Me|Foul Play|p1b: Garchomp\n|-damage|p1b: Garchomp|69\/100\n|-damage|p2b: I Am... All of Me|55\/100|[from] ability: Rough Skin|[of] p1b: Garchomp\n|move|p1b: Garchomp|Earthquake|p2b: I Am... All of Me|[spread] p2a,p2b\n|-activate|p1a: Gardevoir|ability: Telepathy\n|-damage|p2a: Open Your Heart|0 fnt\n|-damage|p2b: I Am... All of Me|20\/100\n|faint|p2a: Open Your Heart\n|move|p1a: Gardevoir|Moonblast|p2b: I Am... All of Me\n|-damage|p2b: I Am... All of Me|0 fnt\n|faint|p2b: I Am... All of Me\n|\n|upkeep\n|\n|t:|1684106164\n|switch|p2b: Never Turn Back|Torkoal, L50, M, shiny|100\/100\n|switch|p2a: Live & Learn|Great Tusk, L50|100\/100\n|-weather|SunnyDay|[from] ability: Drought|[of] p2b: Never Turn Back\n|-activate|p2a: Live & Learn|ability: Protosynthesis\n|-start|p2a: Live & Learn|protosynthesisatk\n|turn|3\n|\n|t:|1684106196\n|switch|p1a: Rotom|Rotom-Heat, L50|100\/100\n|-terastallize|p2b: Never Turn Back|Fire\n|move|p1b: Garchomp|Protect|p1b: Garchomp\n|-singleturn|p1b: Garchomp|Protect\n|move|p2b: Never Turn Back|Eruption|p1b: Garchomp|[spread] p1a\n|-activate|p1b: Garchomp|move: Protect\n|-resisted|p1a: Rotom\n|-damage|p1a: Rotom|36\/100\n|-enditem|p1a: Rotom|Sitrus Berry|[eat]\n|-heal|p1a: Rotom|60\/100|[from] item: Sitrus Berry\n|move|p2a: Live & Learn|Ice Spinner|p1b: Garchomp\n|-activate|p1b: Garchomp|move: Protect\n|\n|-weather|SunnyDay|[upkeep]\n|upkeep\n|turn|4\n|\n|t:|1684106220\n|move|p1b: Garchomp|Protect||[still]\n|-fail|p1b: Garchomp\n|move|p2b: Never Turn Back|Eruption|p1a: Rotom|[spread] p1a,p1b\n|-resisted|p1a: Rotom\n|-resisted|p1b: Garchomp\n|-damage|p1a: Rotom|0 fnt\n|-damage|p1b: Garchomp|2\/100\n|faint|p1a: Rotom\n|move|p2a: Live & Learn|Close Combat|p1b: Garchomp\n|-damage|p1b: Garchomp|0 fnt\n|-unboost|p2a: Live & Learn|def|1\n|-unboost|p2a: Live & Learn|spd|1\n|-damage|p2a: Live & Learn|88\/100|[from] ability: Rough Skin|[of] p1b: Garchomp\n|faint|p1b: Garchomp\n|\n|-weather|SunnyDay|[upkeep]\n|upkeep\n|\n|t:|1684106238\n|switch|p1a: Chien-Pao|Chien-Pao, L50|100\/100\n|switch|p1b: Gardevoir|Gardevoir, L50, M|75\/100\n|-ability|p1a: Chien-Pao|Sword of Ruin\n|turn|5\n|\n|t:|1684106288\n|move|p1a: Chien-Pao|Protect|p1a: Chien-Pao\n|-singleturn|p1a: Chien-Pao|Protect\n|move|p2b: Never Turn Back|Eruption|p1b: Gardevoir|[spread] p1b\n|-activate|p1a: Chien-Pao|move: Protect\n|-damage|p1b: Gardevoir|0 fnt\n|faint|p1b: Gardevoir\n|move|p2a: Live & Learn|Close Combat|p1a: Chien-Pao\n|-activate|p1a: Chien-Pao|move: Protect\n|\n|-weather|SunnyDay|[upkeep]\n|-fieldend|move: Trick Room\n|upkeep\n|turn|6\n|\n|t:|1684106305\n|move|p1a: Chien-Pao|Ice Spinner|p2a: Live & Learn\n|-supereffective|p2a: Live & Learn\n|-damage|p2a: Live & Learn|0 fnt\n|faint|p2a: Live & Learn\n|-end|p2a: Live & Learn|Protosynthesis|[silent]\n|move|p2b: Never Turn Back|Eruption|p1a: Chien-Pao\n|-supereffective|p1a: Chien-Pao\n|-enditem|p1a: Chien-Pao|Focus Sash\n|-damage|p1a: Chien-Pao|1\/100\n|\n|-weather|SunnyDay|[upkeep]\n|upkeep\n|turn|7\n|l| SusJingles\n|j| SusJingles\n|\n|t:|1684106315\n|-terastallize|p1a: Chien-Pao|Dark\n|move|p1a: Chien-Pao|Crunch|p2b: Never Turn Back\n|-damage|p2b: Never Turn Back|47\/100\n|move|p2b: Never Turn Back|Eruption|p1a: Chien-Pao\n|-crit|p1a: Chien-Pao\n|-damage|p1a: Chien-Pao|0 fnt\n|faint|p1a: Chien-Pao\n|\n|win|RylektVGC\n|c|\u2606RylektVGC|gg\n|c| Memebasedgod|crit mattered\n","uploadtime":1684106326,"views":9,"p1id":"ciq108","p2id":"rylektvgc","formatid":"gen9vgc2023regulationc","rating":0,"private":0,"password":""}