{"id":"gen9vgc2023regulationc-1863156479","p1":"HorizonKeter659","p2":"AskKetchum680","format":"[Gen 9] VGC 2023 Regulation C","log":"|j|\u2606HorizonKeter659\n|j|\u2606AskKetchum680\n|t:|1683981023\n|gametype|doubles\n|player|p1|HorizonKeter659|steven|1020\n|player|p2|AskKetchum680|lucas-gen4pt|1051\n|teamsize|p1|6\n|teamsize|p2|6\n|gen|9\n|tier|[Gen 9] VGC 2023 Regulation C\n|rated|\n|rule|Species Clause: Limit one of each Pok\u00e9mon\n|rule|Item Clause: Limit one of each item\n|clearpoke\n|poke|p1|Hawlucha, L50, M|\n|poke|p1|Indeedee-F, L50, F|\n|poke|p1|Armarouge, L50, M|\n|poke|p1|Palafin, L50, F|\n|poke|p1|Sandy Shocks, L50|\n|poke|p1|Chien-Pao, L50|\n|poke|p2|Scovillain, L50, M|\n|poke|p2|Bronzong, L50|\n|poke|p2|Coalossal, L50, M|\n|poke|p2|Baxcalibur, L50, M|\n|poke|p2|Gyarados, L50, F|\n|poke|p2|Garganacl, L50, F|\n|teampreview|4\nAskKetchum680 rejected open team sheets.\n|inactive|Battle timer is ON: inactive players will automatically lose when time's up. (requested by AskKetchum680)\n|\n|t:|1683981057\n|start\n|switch|p1a: Isabelle|Indeedee-F, L50, F|100\/100\n|switch|p1b: Mega Man|Armarouge, L50, M|100\/100\n|switch|p2a: Scovillain|Scovillain, L50, M|100\/100\n|switch|p2b: Gyarados|Gyarados, L50, F|100\/100\n|-ability|p2b: Gyarados|Intimidate|boost\n|-unboost|p1a: Isabelle|atk|1\n|-unboost|p1b: Mega Man|atk|1\n|-fieldstart|move: Psychic Terrain|[from] ability: Psychic Surge|[of] p1a: Isabelle\n|turn|1\n|inactive|HorizonKeter659 has 30 seconds left.\n|c|\u2606AskKetchum680|calm mind follow me?\n|\n|t:|1683981086\n|move|p1a: Isabelle|Follow Me|p1a: Isabelle\n|-singleturn|p1a: Isabelle|move: Follow Me\n|move|p2b: Gyarados|Waterfall|p1a: Isabelle\n|-damage|p1a: Isabelle|60\/100\n|move|p1b: Mega Man|Expanding Force|p2a: Scovillain|[spread] p2a,p2b\n|-damage|p2a: Scovillain|24\/100\n|-damage|p2b: Gyarados|13\/100\n|-damage|p1b: Mega Man|91\/100|[from] item: Life Orb\n|move|p2a: Scovillain|Leech Seed|p1a: Isabelle\n|-start|p1a: Isabelle|move: Leech Seed\n|\n|-damage|p1a: Isabelle|47\/100|[from] Leech Seed|[of] p2a: Scovillain\n|-heal|p2a: Scovillain|37\/100|[silent]\n|-ability|p2a: Scovillain|Moody|boost\n|-boost|p2a: Scovillain|atk|2\n|-unboost|p2a: Scovillain|spe|1\n|upkeep\n|turn|2\n|inactive|HorizonKeter659 has 30 seconds left.\n|c|\u2606AskKetchum680|nice\n|inactive|HorizonKeter659 has 20 seconds left.\n|c|\u2606AskKetchum680|man u r really good\n|inactive|HorizonKeter659 has 15 seconds left.\n|inactive|HorizonKeter659 has 10 seconds left.\n|c|\u2606AskKetchum680|but i am just getting started\n|inactive|HorizonKeter659 has 5 seconds left.\n|\n|t:|1683981139\n|switch|p1a: C. Falcon|Hawlucha, L50, M, shiny|100\/100\n|-enditem|p1a: C. Falcon|Psychic Seed\n|-boost|p1a: C. Falcon|spd|1|[from] item: Psychic Seed\n|move|p1b: Mega Man|Protect|p1b: Mega Man\n|-singleturn|p1b: Mega Man|Protect\n|move|p2a: Scovillain|Protect|p2a: Scovillain\n|-singleturn|p2a: Scovillain|Protect\n|move|p2b: Gyarados|Waterfall|p1b: Mega Man\n|-activate|p1b: Mega Man|move: Protect\n|\n|-ability|p2a: Scovillain|Moody|boost\n|-boost|p2a: Scovillain|def|2\n|-unboost|p2a: Scovillain|spe|1\n|upkeep\n|turn|3\n|inactive|HorizonKeter659 has 30 seconds left.\n|inactive|HorizonKeter659 has 20 seconds left.\n|\n|t:|1683981177\n|-terastallize|p1b: Mega Man|Grass\n|move|p1a: C. Falcon|Detect|p1a: C. Falcon\n|-singleturn|p1a: C. Falcon|Protect\n|move|p2b: Gyarados|Waterfall|p1b: Mega Man\n|-resisted|p1b: Mega Man\n|-damage|p1b: Mega Man|68\/100\n|move|p1b: Mega Man|Expanding Force|p2b: Gyarados|[spread] p2a,p2b\n|-damage|p2a: Scovillain|0 fnt\n|-damage|p2b: Gyarados|0 fnt\n|faint|p2a: Scovillain\n|faint|p2b: Gyarados\n|-damage|p1b: Mega Man|59\/100|[from] item: Life Orb\n|\n|upkeep\n|\n|t:|1683981189\n|switch|p2b: Bronzong|Bronzong, L50|100\/100\n|switch|p2a: Coalossal|Coalossal, L50, M|100\/100\n|turn|4\n|inactive|HorizonKeter659 has 30 seconds left.\n|inactive|HorizonKeter659 has 20 seconds left.\n|c|\u2606AskKetchum680|bro u r soo good\n|\n|t:|1683981229\n|-terastallize|p2a: Coalossal|Grass\n|move|p1a: C. Falcon|Flying Press|p2a: Coalossal\n|-supereffective|p2a: Coalossal\n|-damage|p2a: Coalossal|31\/100\n|-enditem|p2a: Coalossal|Weakness Policy\n|-boost|p2a: Coalossal|atk|2|[from] item: Weakness Policy\n|-boost|p2a: Coalossal|spa|2|[from] item: Weakness Policy\n|move|p1b: Mega Man|Armor Cannon|p2b: Bronzong\n|-supereffective|p2b: Bronzong\n|-enditem|p2b: Bronzong|Focus Sash\n|-damage|p2b: Bronzong|1\/100\n|-unboost|p1b: Mega Man|def|1\n|-unboost|p1b: Mega Man|spd|1\n|-damage|p1b: Mega Man|49\/100|[from] item: Life Orb\n|move|p2a: Coalossal|Will-O-Wisp|p1a: C. Falcon\n|-status|p1a: C. Falcon|brn\n|move|p2b: Bronzong|Trick Room|p2b: Bronzong\n|-fieldstart|move: Trick Room|[of] p2b: Bronzong\n|\n|-damage|p1a: C. Falcon|94\/100 brn|[from] brn\n|upkeep\n|turn|5\n|c|\u2606AskKetchum680|how\n|c|\u2606AskKetchum680|how\n|inactive|HorizonKeter659 has 30 seconds left.\n|c|\u2606AskKetchum680|pls tell\n|c|\u2606AskKetchum680|bruh\n|c|\u2606AskKetchum680|pls tell\n|inactive|HorizonKeter659 has 20 seconds left.\n|inactive|HorizonKeter659 has 15 seconds left.\n|\n|t:|1683981273\n|move|p2a: Coalossal|Rock Slide|p1a: C. Falcon|[spread] p1a\n|-miss|p2a: Coalossal|p1b: Mega Man\n|-damage|p1a: C. Falcon|53\/100 brn\n|move|p2b: Bronzong|Hypnosis|p1b: Mega Man|[miss]\n|-miss|p2b: Bronzong|p1b: Mega Man\n|move|p1b: Mega Man|Expanding Force|p2b: Bronzong|[spread] p2a,p2b\n|-resisted|p2b: Bronzong\n|-damage|p2a: Coalossal|0 fnt\n|-damage|p2b: Bronzong|0 fnt\n|faint|p2a: Coalossal\n|faint|p2b: Bronzong\n|-damage|p1b: Mega Man|40\/100|[from] item: Life Orb\n|\n|win|HorizonKeter659\n|raw|HorizonKeter659's rating: 1020 → 1060<\/strong> (+40 for winning)\n|raw|AskKetchum680's rating: 1051 → 1032<\/strong> (-19 for losing)\n|l|\u2606AskKetchum680\n|c|\u2606HorizonKeter659|gg\n","uploadtime":1683981296,"views":13,"p1id":"horizonketer659","p2id":"askketchum680","formatid":"gen9vgc2023regulationc","rating":1032,"private":0,"password":""}