{"id":"gen9vgc2023regulationc-1852627145","p1":"ChiangWu","p2":"Jaferlle17","format":"[Gen 9] VGC 2023 Regulation C","log":"|j|\u2606ChiangWu\n|j|\u2606Jaferlle17\n|t:|1682587609\n|gametype|doubles\n|player|p1|ChiangWu|170|1512\n|player|p2|Jaferlle17|steven|1418\n|teamsize|p1|6\n|teamsize|p2|6\n|gen|9\n|tier|[Gen 9] VGC 2023 Regulation C\n|rated|\n|rule|Species Clause: Limit one of each Pok\u00e9mon\n|rule|Item Clause: Limit one of each item\n|clearpoke\n|poke|p1|Dragapult, L50, M|\n|poke|p1|Rotom-Mow, L50|\n|poke|p1|Coalossal, L50, M|\n|poke|p1|Scizor, L50, M|\n|poke|p1|Bruxish, L50, M|\n|poke|p1|Chien-Pao, L50|\n|poke|p2|Arcanine, L50, M|\n|poke|p2|Flutter Mane, L50|\n|poke|p2|Kingambit, L50, M|\n|poke|p2|Amoonguss, L50, F|\n|poke|p2|Ting-Lu, L50|\n|poke|p2|Palafin, L50, M|\n|teampreview|4\n|inactive|Battle timer is ON: inactive players will automatically lose when time's up. (requested by Jaferlle17)\n|inactive|ChiangWu has 60 seconds left.\n|inactive|Jaferlle17 has 60 seconds left.\nChiangWu rejected open team sheets.\n|inactive|Jaferlle17 has 30 seconds left.\n|inactive|Jaferlle17 has 20 seconds left.\n|inactive|Jaferlle17 has 15 seconds left.\n|inactive|Jaferlle17 has 10 seconds left.\n|\n|t:|1682587691\n|start\n|switch|p1a: Dragapult|Dragapult, L50, M, shiny|100\/100\n|switch|p1b: Chien-Pao|Chien-Pao, L50|100\/100\n|switch|p2a: Ting-Lu|Ting-Lu, L50|100\/100\n|switch|p2b: Amoonguss|Amoonguss, L50, F|100\/100\n|-ability|p1b: Chien-Pao|Sword of Ruin\n|-ability|p2a: Ting-Lu|Vessel of Ruin\n|turn|1\n|\n|t:|1682587709\n|switch|p1a: Rotom|Rotom-Mow, L50, shiny|100\/100\n|-terastallize|p2b: Amoonguss|Water\n|move|p1b: Chien-Pao|Protect|p1b: Chien-Pao\n|-singleturn|p1b: Chien-Pao|Protect\n|move|p2a: Ting-Lu|Sand Tomb|p1a: Rotom\n|-immune|p1a: Rotom|[from] ability: Levitate\n|move|p2b: Amoonguss|Spore|p1b: Chien-Pao\n|-activate|p1b: Chien-Pao|move: Protect\n|\n|upkeep\n|turn|2\n|\n|t:|1682587731\n|switch|p2b: Arcanine|Arcanine, L50, M|100\/100\n|-ability|p2b: Arcanine|Intimidate|boost\n|-unboost|p1a: Rotom|atk|1\n|-unboost|p1b: Chien-Pao|atk|1\n|move|p1b: Chien-Pao|Ice Spinner|p2a: Ting-Lu\n|-supereffective|p2a: Ting-Lu\n|-damage|p2a: Ting-Lu|67\/100\n|move|p1a: Rotom|Nasty Plot|p1a: Rotom\n|-boost|p1a: Rotom|spa|2\n|move|p2a: Ting-Lu|Sand Tomb|p1b: Chien-Pao\n|-damage|p1b: Chien-Pao|81\/100\n|-activate|p1b: Chien-Pao|move: Sand Tomb|[of] p2a: Ting-Lu\n|\n|-damage|p1b: Chien-Pao|68\/100|[from] move: Sand Tomb|[partiallytrapped]\n|upkeep\n|turn|3\n|inactive|ChiangWu has 30 seconds left.\n|\n|t:|1682587762\n|-terastallize|p1a: Rotom|Water\n|move|p1b: Chien-Pao|Ice Spinner|p2a: Ting-Lu\n|-supereffective|p2a: Ting-Lu\n|-damage|p2a: Ting-Lu|33\/100\n|move|p2b: Arcanine|Flare Blitz|p1a: Rotom\n|-resisted|p1a: Rotom\n|-damage|p1a: Rotom|59\/100\n|-damage|p2b: Arcanine|90\/100|[from] Recoil\n|move|p1a: Rotom|Thunderbolt|p2b: Arcanine\n|-damage|p2b: Arcanine|15\/100\n|move|p2a: Ting-Lu|Heavy Slam|p1b: Chien-Pao\n|-supereffective|p1b: Chien-Pao\n|-damage|p1b: Chien-Pao|0 fnt\n|faint|p1b: Chien-Pao\n|\n|upkeep\n|\n|t:|1682587779\n|switch|p1b: Dragapult|Dragapult, L50, M, shiny|100\/100\n|turn|4\n|\n|t:|1682587789\n|move|p2b: Arcanine|Extreme Speed|p1a: Rotom\n|-damage|p1a: Rotom|32\/100\n|-enditem|p1a: Rotom|Sitrus Berry|[eat]\n|-heal|p1a: Rotom|57\/100|[from] item: Sitrus Berry\n|move|p1b: Dragapult|Dragon Darts|p2b: Arcanine\n|-damage|p2b: Arcanine|0 fnt\n|-anim|p1b: Dragapult|Dragon Darts|p2a: Ting-Lu\n|-damage|p2a: Ting-Lu|13\/100\n|faint|p2b: Arcanine\n|move|p1a: Rotom|Leaf Storm|p2a: Ting-Lu\n|-supereffective|p2a: Ting-Lu\n|-damage|p2a: Ting-Lu|0 fnt\n|-unboost|p1a: Rotom|spa|2\n|faint|p2a: Ting-Lu\n|\n|upkeep\n|\n|t:|1682587800\n|switch|p2b: Amoonguss|Amoonguss, L50, F, tera:Water|100\/100\n|switch|p2a: Flutter Mane|Flutter Mane, L50|100\/100\n|-enditem|p2a: Flutter Mane|Booster Energy\n|-activate|p2a: Flutter Mane|ability: Protosynthesis|[fromitem]\n|-start|p2a: Flutter Mane|protosynthesisspa\n|turn|5\n|inactive|ChiangWu has 30 seconds left.\n|\n|t:|1682587826\n|move|p1a: Rotom|Protect|p1a: Rotom\n|-singleturn|p1a: Rotom|Protect\n|move|p1b: Dragapult|Dragon Darts|p2b: Amoonguss\n|-damage|p2b: Amoonguss|66\/100\n|-anim|p1b: Dragapult|Dragon Darts|p2b: Amoonguss\n|-damage|p2b: Amoonguss|32\/100\n|-enditem|p2b: Amoonguss|Sitrus Berry|[eat]\n|-heal|p2b: Amoonguss|57\/100|[from] item: Sitrus Berry\n|move|p2a: Flutter Mane|Dazzling Gleam|p1a: Rotom|[spread] p1b\n|-activate|p1a: Rotom|move: Protect\n|-supereffective|p1b: Dragapult\n|-damage|p1b: Dragapult|0 fnt\n|faint|p1b: Dragapult\n|move|p2b: Amoonguss|Spore|p1a: Rotom\n|-activate|p1a: Rotom|move: Protect\n|\n|upkeep\n|\n|t:|1682587843\n|switch|p1b: Scizor|Scizor, L50, M|100\/100\n|turn|6\n|\n|t:|1682587867\n|move|p2a: Flutter Mane|Protect|p2a: Flutter Mane\n|-singleturn|p2a: Flutter Mane|Protect\n|move|p1a: Rotom|Thunderbolt|p2b: Amoonguss\n|-supereffective|p2b: Amoonguss\n|-damage|p2b: Amoonguss|0 fnt\n|faint|p2b: Amoonguss\n|move|p1b: Scizor|U-turn|p2a: Flutter Mane\n|-activate|p2a: Flutter Mane|move: Protect\n|\n|upkeep\n|turn|7\n|\n|t:|1682587879\n|move|p1b: Scizor|Bullet Punch|p2a: Flutter Mane\n|-supereffective|p2a: Flutter Mane\n|-damage|p2a: Flutter Mane|0 fnt\n|faint|p2a: Flutter Mane\n|-end|p2a: Flutter Mane|Protosynthesis|[silent]\n|\n|win|ChiangWu\n|raw|ChiangWu's rating: 1512 → 1527<\/strong> (+15 for winning)\n|raw|Jaferlle17's rating: 1418 → 1403<\/strong> (-15 for losing)\n|l|\u2606Jaferlle17\n","uploadtime":1682587890,"views":21,"p1id":"chiangwu","p2id":"jaferlle17","formatid":"gen9vgc2023regulationc","rating":1403,"private":0,"password":""}