{"id":"gen9vgc2023regulationc-1852151594","p1":"Reuselation","p2":"Rylexis","format":"[Gen 9] VGC 2023 Regulation C","log":"|j|\u2606Reuselation\n|j|\u2606Rylexis\n|t:|1682528372\n|gametype|doubles\n|player|p1|Reuselation|red|1120\n|player|p2|Rylexis|hugh|1138\n|teamsize|p1|6\n|teamsize|p2|6\n|gen|9\n|tier|[Gen 9] VGC 2023 Regulation C\n|rated|\n|rule|Species Clause: Limit one of each Pok\u00e9mon\n|rule|Item Clause: Limit one of each item\n|clearpoke\n|poke|p1|Pelipper, L50, F|\n|poke|p1|Palafin, L50, F|\n|poke|p1|Amoonguss, L50, M|\n|poke|p1|Iron Hands, L50|\n|poke|p1|Salamence, L50, F|\n|poke|p1|Chien-Pao, L50|\n|poke|p2|Tinkaton, L50, F|\n|poke|p2|Kingambit, L50, F|\n|poke|p2|Corviknight, L50, M|\n|poke|p2|Gholdengo, L50|\n|poke|p2|Scizor, L50, F|\n|poke|p2|Klefki, L50, M|\n|teampreview|4\n|c|\u2606Reuselation|Mono steel?\n|\n|t:|1682528415\n|start\n|switch|p1a: Iron Hands|Iron Hands, L50|100\/100\n|switch|p1b: Palafin|Palafin, L50, F|100\/100\n|switch|p2a: Corviknight|Corviknight, L50, M|100\/100\n|switch|p2b: Scizor|Scizor, L50, F|100\/100\n|turn|1\n|\n|t:|1682528435\n|move|p1b: Palafin|Protect|p1b: Palafin\n|-singleturn|p1b: Palafin|Protect\n|move|p2a: Corviknight|Protect|p2a: Corviknight\n|-singleturn|p2a: Corviknight|Protect\n|move|p1a: Iron Hands|Fake Out|p2b: Scizor\n|-resisted|p2b: Scizor\n|-damage|p2b: Scizor|93\/100\n|cant|p2b: Scizor|flinch\n|\n|upkeep\n|turn|2\n|\n|t:|1682528460\n|detailschange|p1b: Palafin|Palafin-Hero, L50, F\n|switch|p1b: Amoonguss|Amoonguss, L50, M|100\/100\n|switch|p2a: Tinkaton|Tinkaton, L50, F|100\/100\n|move|p2b: Scizor|Swords Dance|p2b: Scizor\n|-boost|p2b: Scizor|atk|2\n|move|p1a: Iron Hands|Drain Punch|p2b: Scizor\n|-damage|p2b: Scizor|47\/100\n|\n|upkeep\n|turn|3\n|\n|t:|1682528487\n|move|p2b: Scizor|Bullet Punch|p1a: Iron Hands\n|-resisted|p1a: Iron Hands\n|-damage|p1a: Iron Hands|79\/100\n|move|p2a: Tinkaton|Play Rough|p1a: Iron Hands\n|-supereffective|p1a: Iron Hands\n|-crit|p1a: Iron Hands\n|-damage|p1a: Iron Hands|0 fnt\n|faint|p1a: Iron Hands\n|-end|p1a: Iron Hands|Quark Drive|[silent]\n|-damage|p2a: Tinkaton|90\/100|[from] item: Life Orb\n|move|p1b: Amoonguss|Spore|p2a: Tinkaton\n|-status|p2a: Tinkaton|slp|[from] move: Spore\n|\n|upkeep\n|\n|t:|1682528500\n|switch|p1a: Palafin|Palafin-Hero, L50, F|100\/100\n|-activate|p1a: Palafin|ability: Zero to Hero\n|turn|4\n|\n|t:|1682528515\n|switch|p1b: Pelipper|Pelipper, L50, F|100\/100\n|-weather|RainDance|[from] ability: Drizzle|[of] p1b: Pelipper\n|-terastallize|p1a: Palafin|Water\n|cant|p2a: Tinkaton|slp\n|move|p2b: Scizor|Protect|p2b: Scizor\n|-singleturn|p2b: Scizor|Protect\n|move|p1a: Palafin|Jet Punch|p2b: Scizor\n|-activate|p2b: Scizor|move: Protect\n|\n|-weather|RainDance|[upkeep]\n|upkeep\n|turn|5\n|\n|t:|1682528537\n|move|p1a: Palafin|Jet Punch|p2b: Scizor\n|-damage|p2b: Scizor|0 fnt\n|faint|p2b: Scizor\n|cant|p2a: Tinkaton|slp\n|move|p1b: Pelipper|Hydro Pump|p2a: Tinkaton\n|-damage|p2a: Tinkaton|30\/100 slp\n|\n|-weather|RainDance|[upkeep]\n|upkeep\n|\n|t:|1682528547\n|switch|p2b: Corviknight|Corviknight, L50, M|100\/100\n|turn|6\n|\n|t:|1682528553\n|-curestatus|p2a: Tinkaton|slp|[msg]\n|move|p2a: Tinkaton|Protect|p2a: Tinkaton\n|-singleturn|p2a: Tinkaton|Protect\n|move|p1a: Palafin|Jet Punch|p2a: Tinkaton\n|-activate|p2a: Tinkaton|move: Protect\n|move|p1b: Pelipper|Hydro Pump|p2b: Corviknight\n|-damage|p2b: Corviknight|43\/100\n|-enditem|p2b: Corviknight|Sitrus Berry|[eat]\n|-heal|p2b: Corviknight|68\/100|[from] item: Sitrus Berry\n|move|p2b: Corviknight|Tailwind|p2b: Corviknight\n|-sidestart|p2: Rylexis|move: Tailwind\n|\n|-weather|RainDance|[upkeep]\n|upkeep\n|turn|7\n|\n|t:|1682528573\n|move|p1a: Palafin|Jet Punch|p2a: Tinkaton\n|-damage|p2a: Tinkaton|0 fnt\n|faint|p2a: Tinkaton\n|move|p2b: Corviknight|Brave Bird|p1a: Palafin\n|-damage|p1a: Palafin|62\/100\n|-damage|p2b: Corviknight|55\/100|[from] Recoil\n|move|p1b: Pelipper|Tailwind|p1b: Pelipper\n|-sidestart|p1: Reuselation|move: Tailwind\n|\n|-weather|RainDance|[upkeep]\n|upkeep\n|\n|t:|1682528582\n|switch|p2a: Gholdengo|Gholdengo, L50|100\/100\n|turn|8\n|\n|t:|1682528592\n|move|p2b: Corviknight|Protect|p2b: Corviknight\n|-singleturn|p2b: Corviknight|Protect\n|move|p1a: Palafin|Wave Crash|p2a: Gholdengo\n|-damage|p2a: Gholdengo|0 fnt\n|faint|p2a: Gholdengo\n|-damage|p1a: Palafin|31\/100|[from] Recoil\n|move|p1b: Pelipper|Hydro Pump|p2b: Corviknight\n|-activate|p2b: Corviknight|move: Protect\n|\n|-weather|RainDance|[upkeep]\n|upkeep\n|turn|9\n|-message|Rylexis forfeited.\n|\n|win|Reuselation\n|raw|Reuselation's rating: 1120 → 1146<\/strong> (+26 for winning)\n|raw|Rylexis's rating: 1138 → 1112<\/strong> (-26 for losing)\n|l|\u2606Rylexis\n","uploadtime":1682528609,"views":19,"p1id":"reuselation","p2id":"rylexis","formatid":"gen9vgc2023regulationc","rating":1112,"private":0,"password":""}