{"id":"gen9vgc2023regulationc-1847714803","p1":"Ricardo Randorez","p2":"Tumes92","format":"[Gen 9] VGC 2023 Regulation C","log":"|j|\u2606Ricardo Randorez\n|j|\u2606Tumes92\n|t:|1681995447\n|gametype|doubles\n|player|p1|Ricardo Randorez|266|1244\n|player|p2|Tumes92|red|1353\n|teamsize|p1|6\n|teamsize|p2|6\n|gen|9\n|tier|[Gen 9] VGC 2023 Regulation C\n|rated|\n|rule|Species Clause: Limit one of each Pok\u00e9mon\n|rule|Item Clause: Limit one of each item\n|clearpoke\n|poke|p1|Pachirisu, L50, F|\n|poke|p1|Gholdengo, L50|\n|poke|p1|Azumarill, L50, F|\n|poke|p1|Chien-Pao, L50|\n|poke|p1|Dragonite, L50, M|\n|poke|p1|Brute Bonnet, L50|\n|poke|p2|Chien-Pao, L50|\n|poke|p2|Palafin, L50, F|\n|poke|p2|Amoonguss, L50, M|\n|poke|p2|Dragapult, L50, M|\n|poke|p2|Maushold, L50|\n|poke|p2|Annihilape, L50, M|\n|teampreview|4\n|inactive|Battle timer is ON: inactive players will automatically lose when time's up. (requested by Tumes92)\n|inactive|Ricardo Randorez has 60 seconds left.\n|\n|t:|1681995491\n|start\n|switch|p1a: Brute Bonnet|Brute Bonnet, L50|100\/100\n|switch|p1b: Gholdengo|Gholdengo, L50|100\/100\n|switch|p2a: Maushold|Maushold, L50|100\/100\n|switch|p2b: Annihilape|Annihilape, L50, M|100\/100\n|turn|1\n|\n|t:|1681995515\n|switch|p2b: Chien-Pao|Chien-Pao, L50|100\/100\n|-ability|p2b: Chien-Pao|Sword of Ruin\n|move|p1b: Gholdengo|Protect|p1b: Gholdengo\n|-singleturn|p1b: Gholdengo|Protect\n|move|p2a: Maushold|Population Bomb|p1a: Brute Bonnet\n|-damage|p1a: Brute Bonnet|87\/100\n|-damage|p1a: Brute Bonnet|75\/100\n|-crit|p1a: Brute Bonnet\n|-damage|p1a: Brute Bonnet|56\/100\n|-damage|p1a: Brute Bonnet|43\/100\n|-damage|p1a: Brute Bonnet|30\/100\n|-damage|p1a: Brute Bonnet|17\/100\n|-enditem|p1a: Brute Bonnet|Aguav Berry|[eat]\n|-heal|p1a: Brute Bonnet|50\/100|[from] item: Aguav Berry\n|-damage|p1a: Brute Bonnet|38\/100\n|-damage|p1a: Brute Bonnet|26\/100\n|-damage|p1a: Brute Bonnet|14\/100\n|-damage|p1a: Brute Bonnet|3\/100\n|-hitcount|p1a: Brute Bonnet|10\n|move|p1a: Brute Bonnet|Spore|p2b: Chien-Pao\n|-status|p2b: Chien-Pao|slp|[from] move: Spore\n|\n|upkeep\n|turn|2\n|inactive|Tumes92 has 30 seconds left.\n|\n|t:|1681995548\n|switch|p2b: Annihilape|Annihilape, L50, M|100\/100\n|move|p2a: Maushold|Beat Up|p2b: Annihilape\n|-damage|p2b: Annihilape|96\/100\n|-damage|p2b: Annihilape|89\/100\n|-damage|p2b: Annihilape|82\/100\n|-hitcount|p2b: Annihilape|3\n|move|p1b: Gholdengo|Nasty Plot|p1b: Gholdengo\n|-boost|p1b: Gholdengo|spa|2\n|move|p1a: Brute Bonnet|Spore|p2a: Maushold\n|-status|p2a: Maushold|slp|[from] move: Spore\n|\n|-heal|p2b: Annihilape|88\/100|[from] item: Leftovers\n|upkeep\n|turn|3\n|inactive|Ricardo Randorez has 30 seconds left.\n|inactive|Tumes92 has 30 seconds left.\n|\n|t:|1681995575\n|-terastallize|p2b: Annihilape|Fire\n|move|p1b: Gholdengo|Protect|p1b: Gholdengo\n|-singleturn|p1b: Gholdengo|Protect\n|cant|p2a: Maushold|slp\n|move|p2b: Annihilape|Rage Fist|p1b: Gholdengo\n|-activate|p1b: Gholdengo|move: Protect\n|move|p1a: Brute Bonnet|Spore|p2b: Annihilape\n|-immune|p2b: Annihilape|[from] ability: Vital Spirit\n|\n|-heal|p2b: Annihilape|94\/100|[from] item: Leftovers\n|upkeep\n|turn|4\n|inactive|Ricardo Randorez has 30 seconds left.\n|\n|t:|1681995602\n|-terastallize|p1b: Gholdengo|Water\n|cant|p2a: Maushold|slp\n|move|p2b: Annihilape|Rage Fist|p1b: Gholdengo\n|-damage|p1b: Gholdengo|22\/100\n|move|p1b: Gholdengo|Shadow Ball|p2b: Annihilape\n|-damage|p2b: Annihilape|28\/100\n|move|p1a: Brute Bonnet|Close Combat|p2a: Maushold\n|-supereffective|p2a: Maushold\n|-damage|p2a: Maushold|0 fnt\n|-unboost|p1a: Brute Bonnet|def|1\n|-unboost|p1a: Brute Bonnet|spd|1\n|faint|p2a: Maushold\n|\n|-heal|p2b: Annihilape|34\/100|[from] item: Leftovers\n|-heal|p1b: Gholdengo|28\/100|[from] item: Leftovers\n|upkeep\n|\n|t:|1681995621\n|switch|p2a: Dragapult|Dragapult, L50, M|100\/100\n|turn|5\n|\n|t:|1681995629\n|move|p1b: Gholdengo|Protect|p1b: Gholdengo\n|-singleturn|p1b: Gholdengo|Protect\n|move|p1a: Brute Bonnet|Sucker Punch|p2b: Annihilape\n|-damage|p2b: Annihilape|0 fnt\n|faint|p2b: Annihilape\n|move|p2a: Dragapult|Dragon Darts|p1a: Brute Bonnet\n|-damage|p1a: Brute Bonnet|0 fnt\n|faint|p1a: Brute Bonnet\n|-end|p1a: Brute Bonnet|Protosynthesis|[silent]\n|\n|-heal|p1b: Gholdengo|34\/100|[from] item: Leftovers\n|upkeep\n|\n|t:|1681995644\n|switch|p2b: Chien-Pao|Chien-Pao, L50|100\/100 slp\n|switch|p1a: Pachirisu|Pachirisu, L50, F|100\/100\n|-ability|p2b: Chien-Pao|Sword of Ruin\n|turn|6\n|\n|t:|1681995660\n|move|p1a: Pachirisu|Follow Me|p1a: Pachirisu\n|-singleturn|p1a: Pachirisu|move: Follow Me\n|move|p2a: Dragapult|Dragon Darts|p1a: Pachirisu\n|-damage|p1a: Pachirisu|32\/100\n|-enditem|p1a: Pachirisu|Sitrus Berry|[eat]\n|-heal|p1a: Pachirisu|56\/100|[from] item: Sitrus Berry\n|-anim|p2a: Dragapult|Dragon Darts|p1a: Pachirisu\n|-damage|p1a: Pachirisu|0 fnt\n|faint|p1a: Pachirisu\n|cant|p2b: Chien-Pao|slp\n|move|p1b: Gholdengo|Make It Rain|p2b: Chien-Pao|[spread] p2a,p2b\n|-supereffective|p2b: Chien-Pao\n|-damage|p2a: Dragapult|0 fnt\n|-enditem|p2b: Chien-Pao|Focus Sash\n|-damage|p2b: Chien-Pao|1\/100 slp\n|-unboost|p1b: Gholdengo|spa|1\n|faint|p2a: Dragapult\n|\n|-heal|p1b: Gholdengo|40\/100|[from] item: Leftovers\n|upkeep\n|-message|Tumes92 forfeited.\n|\n|win|Ricardo Randorez\n|raw|Ricardo Randorez's rating: 1244 → 1277<\/strong> (+33 for winning)\n|raw|Tumes92's rating: 1353 → 1327<\/strong> (-26 for losing)\n|l|\u2606Tumes92\n","uploadtime":1681995685,"views":6,"p1id":"ricardorandorez","p2id":"tumes92","formatid":"gen9vgc2023regulationc","rating":1277,"private":0,"password":""}