{"id":"gen9vgc2023regulationc-1847989281","p1":"Whismuravocado","p2":"Supersuperscoops","format":"[Gen 9] VGC 2023 Regulation C","log":"|j|\u2606Whismuravocado\n|j|\u2606Supersuperscoops\n|t:|1682018500\n|gametype|doubles\n|player|p1|Whismuravocado|sabrina|1468\n|player|p2|Supersuperscoops|265|1370\n|teamsize|p1|6\n|teamsize|p2|6\n|gen|9\n|tier|[Gen 9] VGC 2023 Regulation C\n|rated|\n|rule|Species Clause: Limit one of each Pok\u00e9mon\n|rule|Item Clause: Limit one of each item\n|clearpoke\n|poke|p1|Hippowdon, L50, F|\n|poke|p1|Corviknight, L50, F|\n|poke|p1|Houndstone, L50, F|\n|poke|p1|Amoonguss, L50, F|\n|poke|p1|Gastrodon, L50, M|\n|poke|p1|Farigiraf, L50, M|\n|poke|p2|Ting-Lu, L50|\n|poke|p2|Chi-Yu, L50|\n|poke|p2|Amoonguss, L50, M|\n|poke|p2|Azumarill, L50, M|\n|poke|p2|Orthworm, L50, M|\n|poke|p2|Flutter Mane, L50|\n|teampreview|4\n|inactive|Battle timer is ON: inactive players will automatically lose when time's up. (requested by Whismuravocado)\n|inactive|Whismuravocado has 60 seconds left.\n|\n|t:|1682018546\n|start\n|switch|p1a: Hippowdon|Hippowdon, L50, F|100\/100\n|switch|p1b: Gastrodon|Gastrodon, L50, M|100\/100\n|switch|p2a: Orthworm|Orthworm, L50, M|100\/100\n|switch|p2b: Amoonguss|Amoonguss, L50, M|100\/100\n|-weather|Sandstorm|[from] ability: Sand Stream|[of] p1a: Hippowdon\n|turn|1\n|\n|t:|1682018567\n|-terastallize|p1b: Gastrodon|Fire\n|move|p2a: Orthworm|Shed Tail|p2a: Orthworm\n|-start|p2a: Orthworm|Substitute|[from] move: Shed Tail\n|-damage|p2a: Orthworm|50\/100\n|-enditem|p2a: Orthworm|Sitrus Berry|[eat]\n|-heal|p2a: Orthworm|75\/100|[from] item: Sitrus Berry\n|\n|t:|1682018572\n|switch|p2a: Azumarill|Azumarill, L50, M|100\/100|[from] Shed Tail\n|move|p1a: Hippowdon|Stone Edge|p2b: Amoonguss\n|-crit|p2b: Amoonguss\n|-damage|p2b: Amoonguss|58\/100\n|move|p1b: Gastrodon|Tera Blast|p2b: Amoonguss\n|-supereffective|p2b: Amoonguss\n|-damage|p2b: Amoonguss|0 fnt\n|faint|p2b: Amoonguss\n|\n|-weather|Sandstorm|[upkeep]\n|-damage|p1b: Gastrodon|95\/100|[from] Sandstorm\n|upkeep\n|\n|t:|1682018580\n|switch|p2b: Orthworm|Orthworm, L50, M|75\/100\n|turn|2\n|\n|t:|1682018594\n|move|p2b: Orthworm|Protect|p2b: Orthworm\n|-singleturn|p2b: Orthworm|Protect\n|move|p2a: Azumarill|Belly Drum|p2a: Azumarill\n|-damage|p2a: Azumarill|50\/100\n|-setboost|p2a: Azumarill|atk|6|[from] move: Belly Drum\n|move|p1a: Hippowdon|Yawn|p2b: Orthworm\n|-activate|p2b: Orthworm|move: Protect\n|move|p1b: Gastrodon|Muddy Water|p2a: Azumarill|[spread] p2a\n|-activate|p2b: Orthworm|move: Protect\n|-resisted|p2a: Azumarill\n|-activate|p2a: Azumarill|move: Substitute|[damage]\n|\n|-weather|Sandstorm|[upkeep]\n|-damage|p1b: Gastrodon|89\/100|[from] Sandstorm\n|upkeep\n|turn|3\n|\n|t:|1682018616\n|move|p2b: Orthworm|Helping Hand|p2a: Azumarill\n|-singleturn|p2a: Azumarill|Helping Hand|[of] p2b: Orthworm\n|move|p2a: Azumarill|Play Rough|p1b: Gastrodon|[miss]\n|-miss|p2a: Azumarill|p1b: Gastrodon\n|move|p1a: Hippowdon|Stone Edge|p2a: Azumarill|[miss]\n|-miss|p1a: Hippowdon|p2a: Azumarill\n|move|p1b: Gastrodon|Muddy Water|p2a: Azumarill|[spread] \n|-miss|p1b: Gastrodon|p2a: Azumarill\n|-miss|p1b: Gastrodon|p2b: Orthworm\n|\n|-weather|Sandstorm|[upkeep]\n|-damage|p1b: Gastrodon|83\/100|[from] Sandstorm\n|upkeep\n|turn|4\n|\n|t:|1682018631\n|move|p2b: Orthworm|Helping Hand|p2a: Azumarill\n|-singleturn|p2a: Azumarill|Helping Hand|[of] p2b: Orthworm\n|move|p2a: Azumarill|Play Rough|p1b: Gastrodon\n|-resisted|p1b: Gastrodon\n|-damage|p1b: Gastrodon|0 fnt\n|faint|p1b: Gastrodon\n|move|p1a: Hippowdon|Stone Edge|p2a: Azumarill\n|-end|p2a: Azumarill|Substitute\n|\n|-weather|Sandstorm|[upkeep]\n|upkeep\n|\n|t:|1682018642\n|switch|p1b: Houndstone|Houndstone, L50, F|100\/100\n|turn|5\n|\n|t:|1682018649\n|move|p2b: Orthworm|Helping Hand|p2a: Azumarill\n|-singleturn|p2a: Azumarill|Helping Hand|[of] p2b: Orthworm\n|move|p1a: Hippowdon|Protect|p1a: Hippowdon\n|-singleturn|p1a: Hippowdon|Protect\n|move|p2a: Azumarill|Aqua Jet|p1b: Houndstone\n|-enditem|p1b: Houndstone|Focus Sash\n|-damage|p1b: Houndstone|1\/100\n|move|p1b: Houndstone|Last Respects|p2a: Azumarill\n|-damage|p2a: Azumarill|0 fnt\n|faint|p2a: Azumarill\n|\n|-weather|none\n|upkeep\n|\n|t:|1682018657\n|switch|p2a: Flutter Mane|Flutter Mane, L50|100\/100\n|-enditem|p2a: Flutter Mane|Booster Energy\n|-activate|p2a: Flutter Mane|ability: Protosynthesis|[fromitem]\n|-start|p2a: Flutter Mane|protosynthesisspe\n|turn|6\n|\n|t:|1682018672\n|switch|p1a: Farigiraf|Farigiraf, L50, M|100\/100\n|move|p2a: Flutter Mane|Protect|p2a: Flutter Mane\n|-singleturn|p2a: Flutter Mane|Protect\n|move|p1b: Houndstone|Protect|p1b: Houndstone\n|-singleturn|p1b: Houndstone|Protect\n|move|p2b: Orthworm|Heavy Slam|p1b: Houndstone\n|-activate|p1b: Houndstone|move: Protect\n|\n|upkeep\n|turn|7\n|inactive|Supersuperscoops has 30 seconds left.\n|\n|t:|1682018701\n|switch|p1a: Hippowdon|Hippowdon, L50, F|100\/100\n|-weather|Sandstorm|[from] ability: Sand Stream|[of] p1a: Hippowdon\n|-terastallize|p2a: Flutter Mane|Fairy\n|move|p2b: Orthworm|Helping Hand|p2a: Flutter Mane\n|-singleturn|p2a: Flutter Mane|Helping Hand|[of] p2b: Orthworm\n|move|p2a: Flutter Mane|Dazzling Gleam|p1b: Houndstone|[spread] p1a,p1b\n|-damage|p1a: Hippowdon|41\/100\n|-damage|p1b: Houndstone|0 fnt\n|faint|p1b: Houndstone\n|\n|-weather|Sandstorm|[upkeep]\n|-damage|p2a: Flutter Mane|95\/100|[from] Sandstorm\n|-heal|p1a: Hippowdon|46\/100|[from] item: Leftovers\n|upkeep\n|\n|t:|1682018717\n|switch|p1b: Farigiraf|Farigiraf, L50, M|100\/100\n|turn|8\n|\n|t:|1682018727\n|move|p2b: Orthworm|Helping Hand|p2a: Flutter Mane\n|-singleturn|p2a: Flutter Mane|Helping Hand|[of] p2b: Orthworm\n|move|p1a: Hippowdon|Protect|p1a: Hippowdon\n|-singleturn|p1a: Hippowdon|Protect\n|move|p2a: Flutter Mane|Dazzling Gleam|p1b: Farigiraf|[spread] p1b\n|-activate|p1a: Hippowdon|move: Protect\n|-damage|p1b: Farigiraf|36\/100\n|move|p1b: Farigiraf|Trick Room|p1b: Farigiraf\n|-fieldstart|move: Trick Room|[of] p1b: Farigiraf\n|\n|-weather|Sandstorm|[upkeep]\n|-damage|p2a: Flutter Mane|89\/100|[from] Sandstorm\n|-heal|p1a: Hippowdon|52\/100|[from] item: Leftovers\n|upkeep\n|turn|9\n|\n|t:|1682018745\n|move|p2b: Orthworm|Helping Hand|p2a: Flutter Mane\n|-singleturn|p2a: Flutter Mane|Helping Hand|[of] p2b: Orthworm\n|move|p1a: Hippowdon|Stone Edge|p2a: Flutter Mane\n|-damage|p2a: Flutter Mane|26\/100\n|move|p1b: Farigiraf|Hyper Voice|p2b: Orthworm|[spread] p2a,p2b\n|-resisted|p2b: Orthworm\n|-damage|p2a: Flutter Mane|0 fnt\n|-damage|p2b: Orthworm|55\/100\n|faint|p2a: Flutter Mane\n|-end|p2a: Flutter Mane|Protosynthesis|[silent]\n|\n|-weather|Sandstorm|[upkeep]\n|-heal|p1a: Hippowdon|58\/100|[from] item: Leftovers\n|upkeep\n|turn|10\n|l|\u2606Supersuperscoops\n|inactive|Supersuperscoops disconnected and has a minute to reconnect!\n|player|p2|\n|inactive|Supersuperscoops has 30 seconds left.\n|inactive|Supersuperscoops has 20 seconds left.\n|inactive|Supersuperscoops has 15 seconds left.\n|inactive|Supersuperscoops has 10 seconds left.\n|inactive|Supersuperscoops has 5 seconds left.\n|-message|Supersuperscoops lost due to inactivity.\n|\n|win|Whismuravocado\n|raw|Whismuravocado's rating: 1468 → 1483<\/strong> (+15 for winning)\n|raw|Supersuperscoops's rating: 1370 → 1355<\/strong> (-15 for losing)\n","uploadtime":1682018814,"views":10,"p1id":"whismuravocado","p2id":"supersuperscoops","formatid":"gen9vgc2023regulationc","rating":1355,"private":0,"password":""}