{"id":"gen9vgc2023regulationc-1845707138","p1":"big chippy","p2":"Ab0ve5029","format":"[Gen 9] VGC 2023 Regulation C","log":"|j|\u2606big chippy\n|j|\u2606Ab0ve5029\n|t:|1681757261\n|gametype|doubles\n|player|p1|big chippy|drayden|\n|player|p2|Ab0ve5029|n|\n|teamsize|p1|6\n|teamsize|p2|6\n|gen|9\n|tier|[Gen 9] VGC 2023 Regulation C\n|rated|Tournament battle\n|rule|Species Clause: Limit one of each Pok\u00e9mon\n|rule|Item Clause: Limit one of each item\n|clearpoke\n|poke|p1|Chi-Yu, L50|\n|poke|p1|Flutter Mane, L50|\n|poke|p1|Maushold-Four, L50|\n|poke|p1|Garchomp, L50, F|\n|poke|p1|Rotom-Wash, L50|\n|poke|p1|Orthworm, L50, M|\n|poke|p2|Chien-Pao, L50|\n|poke|p2|Kingambit, L50, F|\n|poke|p2|Palafin, L50, M|\n|poke|p2|Dragapult, L50, F|\n|poke|p2|Arcanine, L50, F|\n|poke|p2|Amoonguss, L50, F|\n|teampreview|4\n|raw| Open Team Sheet for big chippy<\/summary>Chi-Yu @ Choice Scarf Ability: Beads of Ruin Level: 50 Tera Type: Grass - Heat Wave - Overheat - Dark Pulse - Tera Blast Flutter Mane @ Focus Sash Ability: Protosynthesis Level: 50 Tera Type: Fairy - Protect - Moonblast - Shadow Ball - Dazzling Gleam Maushold (Maushold-Four) @ Safety Goggles Ability: Friend Guard Level: 50 Tera Type: Ghost - Super Fang - Follow Me - Protect - Taunt Garchomp @ Life Orb Ability: Rough Skin Level: 50 Tera Type: Ground - Earthquake - Dragon Claw - Rock Slide - Protect Rotom (Rotom-Wash) @ Choice Specs Ability: Levitate Level: 50 Tera Type: Electric - Discharge - Hydro Pump - Thunderbolt - Trick Orthworm @ Sitrus Berry Ability: Earth Eater Level: 50 Tera Type: Fire - Shed Tail - Body Press - Heavy Slam - Protect <\/details><\/div> Open Team Sheet for Ab0ve5029<\/summary>Astrumy (Chien-Pao) @ Focus Sash Ability: Sword of Ruin Level: 50 Tera Type: Ghost - Ice Spinner - Throat Chop - Sacred Sword - Protect hancec (Kingambit) @ Lum Berry Ability: Defiant Level: 50 Tera Type: Dark - Kowtow Cleave - Sucker Punch - Swords Dance - Protect Palafin @ Mystic Water Ability: Zero to Hero Level: 50 Tera Type: Water - Wave Crash - Jet Punch - Haze - Protect RulingWill (Dragapult) @ Choice Band Ability: Clear Body Level: 50 Tera Type: Steel - Dragon Darts - Phantom Force - Tera Blast - U-turn CaLdAbOoS (Arcanine) @ Safety Goggles Ability: Intimidate Level: 50 Tera Type: Flying - Flare Blitz - Extreme Speed - Will-O-Wisp - Protect Whynus (Amoonguss) @ Sitrus Berry Ability: Regenerator Level: 50 Tera Type: Water - Pollen Puff - Spore - Rage Powder - Protect <\/details><\/div>\n|j| godlydefeater\n|c|\u2606Ab0ve5029|glhf\n|j| Music_Man3\n|c|\u2606big chippy|you too\n|j| T-Goose\n|j| nat3lol\n|c| nat3lol|big gaming\n|\n|t:|1681757308\n|start\n|switch|p1a: Orthworm|Orthworm, L50, M|100\/100\n|switch|p1b: Maushold|Maushold-Four, L50|100\/100\n|switch|p2a: Palafin|Palafin, L50, M|100\/100\n|switch|p2b: Whynus|Amoonguss, L50, F|100\/100\n|turn|1\n|l| nat3lol\n|j| Sadgirl23\n|j| jrdog\n|\n|t:|1681757362\n|move|p1b: Maushold|Taunt|p2b: Whynus\n|-start|p2b: Whynus|move: Taunt\n|move|p2a: Palafin|Wave Crash|p1a: Orthworm\n|-damage|p1a: Orthworm|71\/100\n|-damage|p2a: Palafin|92\/100|[from] Recoil\n|move|p1a: Orthworm|Shed Tail|p1a: Orthworm\n|-start|p1a: Orthworm|Substitute|[from] move: Shed Tail\n|-damage|p1a: Orthworm|21\/100\n|-enditem|p1a: Orthworm|Sitrus Berry|[eat]\n|-heal|p1a: Orthworm|46\/100|[from] item: Sitrus Berry\n|\n|t:|1681757387\n|switch|p1a: Rotom|Rotom-Wash, L50|100\/100|[from] Shed Tail\n|move|p2b: Whynus|Pollen Puff|p2a: Palafin\n|-heal|p2a: Palafin|100\/100\n|\n|upkeep\n|turn|2\n|\n|t:|1681757408\n|detailschange|p2a: Palafin|Palafin-Hero, L50, M\n|switch|p2a: CaLdAbOoS|Arcanine, L50, F|100\/100\n|-ability|p2a: CaLdAbOoS|Intimidate|boost\n|-immune|p1a: Rotom\n|-unboost|p1b: Maushold|atk|1\n|move|p1b: Maushold|Protect|p1b: Maushold\n|-singleturn|p1b: Maushold|Protect\n|move|p1a: Rotom|Discharge|p2b: Whynus|[spread] p2a,p2b\n|-activate|p1b: Maushold|move: Protect\n|-resisted|p2b: Whynus\n|-damage|p2a: CaLdAbOoS|53\/100\n|-damage|p2b: Whynus|81\/100\n|move|p2b: Whynus|Pollen Puff|p1a: Rotom\n|-activate|p1a: Rotom|move: Substitute|[damage]\n|\n|upkeep\n|turn|3\n|\n|t:|1681757430\n|move|p2a: CaLdAbOoS|Extreme Speed|p1a: Rotom\n|-end|p1a: Rotom|Substitute\n|move|p1b: Maushold|Super Fang|p2b: Whynus\n|-damage|p2b: Whynus|41\/100\n|-enditem|p2b: Whynus|Sitrus Berry|[eat]\n|-heal|p2b: Whynus|66\/100|[from] item: Sitrus Berry\n|move|p1a: Rotom|Discharge|p2a: CaLdAbOoS|[spread] p1b,p2a,p2b\n|-resisted|p2b: Whynus\n|-damage|p1b: Maushold|51\/100\n|-damage|p2a: CaLdAbOoS|3\/100\n|-damage|p2b: Whynus|47\/100\n|-status|p2a: CaLdAbOoS|par\n|-status|p2b: Whynus|par\n|move|p2b: Whynus|Pollen Puff|p2a: CaLdAbOoS\n|-heal|p2a: CaLdAbOoS|53\/100 par\n|\n|-end|p2b: Whynus|move: Taunt\n|upkeep\n|turn|4\n|j| SlowHomie\n|\n|t:|1681757451\n|move|p1b: Maushold|Protect|p1b: Maushold\n|-singleturn|p1b: Maushold|Protect\n|move|p1a: Rotom|Discharge|p2a: CaLdAbOoS|[spread] p2a,p2b\n|-activate|p1b: Maushold|move: Protect\n|-resisted|p2b: Whynus\n|-damage|p2a: CaLdAbOoS|3\/100 par\n|-damage|p2b: Whynus|29\/100 par\n|cant|p2a: CaLdAbOoS|par\n|move|p2b: Whynus|Spore|p1a: Rotom\n|-status|p1a: Rotom|slp|[from] move: Spore\n|\n|upkeep\n|turn|5\n|l| SlowHomie\n|c| jrdog|oml\n|\n|t:|1681757471\n|switch|p2b: Palafin|Palafin-Hero, L50, M|100\/100\n|-activate|p2b: Palafin|ability: Zero to Hero\n|move|p1b: Maushold|Taunt|p2b: Palafin\n|-start|p2b: Palafin|move: Taunt\n|cant|p1a: Rotom|slp\n|move|p2a: CaLdAbOoS|Flare Blitz|p1b: Maushold\n|-damage|p1b: Maushold|3\/100\n|-damage|p2a: CaLdAbOoS|0 fnt|[from] Recoil\n|faint|p2a: CaLdAbOoS\n|\n|upkeep\n|\n|t:|1681757486\n|switch|p2a: Astrumy|Chien-Pao, L50|100\/100\n|-ability|p2a: Astrumy|Sword of Ruin\n|turn|6\n|\n|t:|1681757495\n|move|p1b: Maushold|Protect|p1b: Maushold\n|-singleturn|p1b: Maushold|Protect\n|move|p2b: Palafin|Jet Punch|p1b: Maushold\n|-activate|p1b: Maushold|move: Protect\n|move|p2a: Astrumy|Throat Chop|p1a: Rotom\n|-damage|p1a: Rotom|58\/100 slp\n|-start|p1a: Rotom|Throat Chop|[silent]\n|cant|p1a: Rotom|slp\n|\n|upkeep\n|turn|7\n|j| SlowHomie\n|l| Sadgirl23\n|l| SlowHomie\n|\n|t:|1681757521\n|move|p2b: Palafin|Jet Punch|p1b: Maushold\n|-damage|p1b: Maushold|0 fnt\n|faint|p1b: Maushold\n|move|p2a: Astrumy|Throat Chop|p1a: Rotom\n|-damage|p1a: Rotom|2\/100 slp\n|-curestatus|p1a: Rotom|slp|[msg]\n|move|p1a: Rotom|Discharge|p2b: Palafin|[spread] p2a,p2b\n|-supereffective|p2b: Palafin\n|-damage|p2a: Astrumy|27\/100\n|-damage|p2b: Palafin|17\/100\n|\n|-end|p2b: Palafin|move: Taunt\n|-end|p1a: Rotom|Throat Chop|[silent]\n|upkeep\n|\n|t:|1681757541\n|switch|p1b: Garchomp|Garchomp, L50, F|100\/100\n|turn|8\n|\n|t:|1681757555\n|-terastallize|p1b: Garchomp|Ground\n|move|p2a: Astrumy|Protect|p2a: Astrumy\n|-singleturn|p2a: Astrumy|Protect\n|move|p2b: Palafin|Protect|p2b: Palafin\n|-singleturn|p2b: Palafin|Protect\n|move|p1b: Garchomp|Earthquake|p2b: Palafin|[spread] \n|-activate|p2a: Astrumy|move: Protect\n|-activate|p2b: Palafin|move: Protect\n|-immune|p1a: Rotom|[from] ability: Levitate\n|move|p1a: Rotom|Discharge|p2a: Astrumy|[spread] \n|-activate|p2a: Astrumy|move: Protect\n|-activate|p2b: Palafin|move: Protect\n|-immune|p1b: Garchomp\n|\n|upkeep\n|turn|9\n|j| fyfyy\n|\n|t:|1681757576\n|-terastallize|p2b: Palafin|Water\n|move|p1b: Garchomp|Protect|p1b: Garchomp\n|-singleturn|p1b: Garchomp|Protect\n|move|p2b: Palafin|Jet Punch|p1b: Garchomp\n|-activate|p1b: Garchomp|move: Protect\n|move|p2a: Astrumy|Throat Chop|p1a: Rotom\n|-damage|p1a: Rotom|0 fnt\n|faint|p1a: Rotom\n|\n|upkeep\n|\n|t:|1681757584\n|switch|p1a: Orthworm|Orthworm, L50, M|46\/100\n|turn|10\n|\n|t:|1681757597\n|move|p2b: Palafin|Jet Punch|p1b: Garchomp\n|-supereffective|p1b: Garchomp\n|-damage|p1b: Garchomp|0 fnt\n|-damage|p2b: Palafin|5\/100|[from] ability: Rough Skin|[of] p1b: Garchomp\n|faint|p1b: Garchomp\n|move|p2a: Astrumy|Sacred Sword|p1a: Orthworm\n|-supereffective|p1a: Orthworm\n|-damage|p1a: Orthworm|0 fnt\n|faint|p1a: Orthworm\n|\n|win|Ab0ve5029\n|n|\u2606big chippy|bigchippy\n|n|\u2606Ab0ve5029|ab0ve5029\n|n| godlydefeater|godlydefeater\n|n| Music_Man3|musicman3\n|n| T-Goose|tgoose\n|n| jrdog|jrdog\n|n| fyfyy|fyfyy\n","uploadtime":1681757599,"views":5,"p1id":"bigchippy","p2id":"ab0ve5029","formatid":"gen9vgc2023regulationc","rating":0,"private":0,"password":""}