{"id":"gen9vgc2023regulationc-1862927860","p1":"rose_zkldin","p2":"Baileyballer08","format":"[Gen 9] VGC 2023 Regulation C","log":"|j|\u2606rose_zkldin\n|j|\u2606Baileyballer08\n|t:|1683939591\n|gametype|doubles\n|player|p1|rose_zkldin|1|1000\n|player|p2|Baileyballer08|2|1042\n|teamsize|p1|4\n|teamsize|p2|6\n|gen|9\n|tier|[Gen 9] VGC 2023 Regulation C\n|rated|\n|rule|Species Clause: Limit one of each Pok\u00e9mon\n|rule|Item Clause: Limit one of each item\n|clearpoke\n|poke|p1|Gyarados, L50, F|\n|poke|p1|Spiritomb, L50, M|\n|poke|p1|Slaking, L50, F|\n|poke|p1|Grafaiai, L50, M|\n|poke|p2|Amoonguss, L50, F|\n|poke|p2|Palafin, L50, M|\n|poke|p2|Flutter Mane, L50|\n|poke|p2|Meowscarada, L50, M|\n|poke|p2|Ceruledge, L50, F|\n|poke|p2|Annihilape, L50, M|\n|teampreview|4\nBaileyballer08 has agreed to open team sheets.\n|\n|t:|1683939616\n|start\n|switch|p1a: Gyarados|Gyarados, L50, F|100\/100\n|switch|p1b: Spiritomb|Spiritomb, L50, M|100\/100\n|switch|p2a: Amoonguss|Amoonguss, L50, F|100\/100\n|switch|p2b: Ceruledge|Ceruledge, L50, F|100\/100\n|-ability|p1a: Gyarados|Intimidate|boost\n|-unboost|p2a: Amoonguss|atk|1\n|-unboost|p2b: Ceruledge|atk|1\n|turn|1\n|\n|t:|1683939680\n|move|p1a: Gyarados|Protect|p1a: Gyarados\n|-singleturn|p1a: Gyarados|Protect\n|move|p2a: Amoonguss|Rage Powder|p2a: Amoonguss\n|-singleturn|p2a: Amoonguss|move: Rage Powder\n|move|p2b: Ceruledge|Swords Dance|p2b: Ceruledge\n|-boost|p2b: Ceruledge|atk|2\n|move|p1b: Spiritomb|Taunt|p2a: Amoonguss\n|-start|p2a: Amoonguss|move: Taunt\n|\n|upkeep\n|turn|2\n|\n|t:|1683939698\n|switch|p2a: Meowscarada|Meowscarada, L50, M|100\/100\n|-terastallize|p2b: Ceruledge|Grass\n|move|p1b: Spiritomb|Ally Switch|p1b: Spiritomb\n|swap|p1b: Spiritomb|0|[from] move: Ally Switch\n|move|p2b: Ceruledge|Swords Dance|p2b: Ceruledge\n|-boost|p2b: Ceruledge|atk|2\n|move|p1b: Gyarados|Thunder Wave|p2b: Ceruledge\n|-status|p2b: Ceruledge|par\n|\n|upkeep\n|turn|3\n|\n|t:|1683939722\n|switch|p1b: Grafaiai|Grafaiai, L50, M|100\/100\n|move|p2a: Meowscarada|Taunt|p1a: Spiritomb\n|-start|p1a: Spiritomb|move: Taunt\n|cant|p1a: Spiritomb|move: Taunt|Taunt\n|move|p2b: Ceruledge|Bitter Blade|p1a: Spiritomb\n|-damage|p1a: Spiritomb|29\/100\n|-damage|p2b: Ceruledge|84\/100 par|[from] item: Rocky Helmet|[of] p1a: Spiritomb\n|\n|upkeep\n|turn|4\n|\n|t:|1683939747\n|switch|p1a: Gyarados|Gyarados, L50, F|100\/100\n|-ability|p1a: Gyarados|Intimidate|boost\n|-unboost|p2a: Meowscarada|atk|1\n|-unboost|p2b: Ceruledge|atk|1\n|move|p2a: Meowscarada|Helping Hand|p2b: Ceruledge\n|-singleturn|p2b: Ceruledge|Helping Hand|[of] p2a: Meowscarada\n|move|p1b: Grafaiai|Doodle|p2b: Ceruledge\n|-endability|p1a: Gyarados|Intimidate|[from] move: Doodle\n|-ability|p1a: Gyarados|Flash Fire|[from] move: Doodle\n|-endability|p1b: Grafaiai|Prankster|[from] move: Doodle\n|-ability|p1b: Grafaiai|Flash Fire|[from] move: Doodle\n|move|p2b: Ceruledge|Bitter Blade|p1b: Grafaiai\n|-start|p1b: Grafaiai|ability: Flash Fire\n|\n|upkeep\n|turn|5\n|\n|t:|1683939769\n|move|p2a: Meowscarada|Flower Trick|p1a: Gyarados\n|-crit|p1a: Gyarados\n|-damage|p1a: Gyarados|56\/100\n|move|p1b: Grafaiai|Doodle|p2a: Meowscarada\n|-endability|p1a: Gyarados|Flash Fire|[from] move: Doodle\n|-ability|p1a: Gyarados|Overgrow|[from] move: Doodle\n|-end|p1b: Grafaiai|ability: Flash Fire|[silent]\n|-endability|p1b: Grafaiai|Flash Fire|[from] move: Doodle\n|-ability|p1b: Grafaiai|Overgrow|[from] move: Doodle\n|move|p1a: Gyarados|Dragon Dance|p1a: Gyarados\n|-boost|p1a: Gyarados|atk|1\n|-boost|p1a: Gyarados|spe|1\n|move|p2b: Ceruledge|Will-O-Wisp|p1a: Gyarados\n|-status|p1a: Gyarados|brn\n|\n|-damage|p1a: Gyarados|50\/100 brn|[from] brn\n|upkeep\n|-enditem|p1a: Gyarados|Sitrus Berry|[eat]\n|-heal|p1a: Gyarados|75\/100 brn|[from] item: Sitrus Berry\n|turn|6\n|\n|t:|1683939807\n|move|p2a: Meowscarada|Helping Hand|p2b: Ceruledge\n|-singleturn|p2b: Ceruledge|Helping Hand|[of] p2a: Meowscarada\n|move|p1b: Grafaiai|Gunk Shot|p2b: Ceruledge\n|-supereffective|p2b: Ceruledge\n|-damage|p2b: Ceruledge|0 fnt\n|faint|p2b: Ceruledge\n|move|p1a: Gyarados|Thunder Wave|p2a: Meowscarada|[miss]\n|-miss|p1a: Gyarados|p2a: Meowscarada\n|\n|-damage|p1a: Gyarados|69\/100 brn|[from] brn\n|upkeep\n|\n|t:|1683939820\n|switch|p2b: Amoonguss|Amoonguss, L50, F|100\/100\n|turn|7\n|\n|t:|1683939840\n|move|p2a: Meowscarada|Taunt|p1b: Grafaiai\n|-start|p1b: Grafaiai|move: Taunt\n|move|p1b: Grafaiai|Gunk Shot|p2a: Meowscarada\n|-supereffective|p2a: Meowscarada\n|-damage|p2a: Meowscarada|2\/100\n|-enditem|p2a: Meowscarada|Iapapa Berry|[eat]\n|-heal|p2a: Meowscarada|35\/100|[from] item: Iapapa Berry\n|move|p1a: Gyarados|Thunder Wave|p2b: Amoonguss\n|-status|p2b: Amoonguss|par\n|move|p2b: Amoonguss|Spore|p1b: Grafaiai\n|-activate|p1b: Grafaiai|item: Safety Goggles|Spore\n|\n|-damage|p1a: Gyarados|63\/100 brn|[from] brn\n|upkeep\n|turn|8\n|\n|t:|1683939864\n|move|p1a: Gyarados|Protect|p1a: Gyarados\n|-singleturn|p1a: Gyarados|Protect\n|move|p2a: Meowscarada|Flower Trick|p1b: Grafaiai\n|-resisted|p1b: Grafaiai\n|-crit|p1b: Grafaiai\n|-damage|p1b: Grafaiai|73\/100\n|move|p1b: Grafaiai|Super Fang|p2b: Amoonguss\n|-damage|p2b: Amoonguss|51\/100 par\n|move|p2b: Amoonguss|Pollen Puff|p2a: Meowscarada\n|-heal|p2a: Meowscarada|85\/100\n|\n|-heal|p2b: Amoonguss|57\/100 par|[from] item: Black Sludge\n|-damage|p1a: Gyarados|57\/100 brn|[from] brn\n|upkeep\n|turn|9\n|\n|t:|1683939888\n|move|p2a: Meowscarada|Flower Trick|p1a: Gyarados\n|-crit|p1a: Gyarados\n|-damage|p1a: Gyarados|13\/100 brn\n|move|p1b: Grafaiai|Gunk Shot|p2b: Amoonguss\n|-damage|p2b: Amoonguss|15\/100 par\n|move|p1a: Gyarados|Thunder Wave|p2a: Meowscarada\n|-status|p2a: Meowscarada|par\n|cant|p2b: Amoonguss|par\n|\n|-heal|p2b: Amoonguss|20\/100 par|[from] item: Black Sludge\n|-damage|p1a: Gyarados|7\/100 brn|[from] brn\n|-end|p1b: Grafaiai|move: Taunt\n|upkeep\n|turn|10\n|\n|t:|1683939930\n|move|p1a: Gyarados|Protect|p1a: Gyarados\n|-singleturn|p1a: Gyarados|Protect\n|move|p1b: Grafaiai|Doodle|p2b: Amoonguss\n|-endability|p1a: Gyarados|Overgrow|[from] move: Doodle\n|-ability|p1a: Gyarados|Effect Spore|[from] move: Doodle\n|-endability|p1b: Grafaiai|Overgrow|[from] move: Doodle\n|-ability|p1b: Grafaiai|Effect Spore|[from] move: Doodle\n|move|p2a: Meowscarada|Flower Trick|p1b: Grafaiai\n|-resisted|p1b: Grafaiai\n|-crit|p1b: Grafaiai\n|-damage|p1b: Grafaiai|43\/100\n|move|p2b: Amoonguss|Pollen Puff|p1a: Gyarados\n|-activate|p1a: Gyarados|move: Protect\n|\n|-heal|p2b: Amoonguss|26\/100 par|[from] item: Black Sludge\n|-damage|p1a: Gyarados|0 fnt|[from] brn\n|faint|p1a: Gyarados\n|upkeep\n|\n|t:|1683939950\n|switch|p1a: Slaking|Slaking, L50, F|100\/100\n|turn|11\n|\n|t:|1683939967\n|cant|p2b: Amoonguss|par\n|move|p1b: Grafaiai|Doodle|p2a: Meowscarada\n|-endability|p1a: Slaking|Truant|[from] move: Doodle\n|-ability|p1a: Slaking|Overgrow|[from] move: Doodle\n|-endability|p1b: Grafaiai|Effect Spore|[from] move: Doodle\n|-ability|p1b: Grafaiai|Overgrow|[from] move: Doodle\n|move|p1a: Slaking|Fire Punch|p2a: Meowscarada\n|-supereffective|p2a: Meowscarada\n|-damage|p2a: Meowscarada|4\/100 par\n|cant|p2a: Meowscarada|par\n|\n|-heal|p2b: Amoonguss|32\/100 par|[from] item: Black Sludge\n|upkeep\n|turn|12\n|\n|t:|1683939984\n|-terastallize|p1a: Slaking|Ground\n|move|p1b: Grafaiai|Protect|p1b: Grafaiai\n|-singleturn|p1b: Grafaiai|Protect\n|move|p1a: Slaking|Earthquake|p2b: Amoonguss|[spread] p2a,p2b\n|-activate|p1b: Grafaiai|move: Protect\n|-resisted|p2a: Meowscarada\n|-damage|p2a: Meowscarada|0 fnt\n|-damage|p2b: Amoonguss|0 fnt\n|faint|p2a: Meowscarada\n|faint|p2b: Amoonguss\n|\n|upkeep\n|\n|t:|1683939997\n|switch|p2b: Flutter Mane|Flutter Mane, L50|100\/100\n|-enditem|p2b: Flutter Mane|Booster Energy\n|-activate|p2b: Flutter Mane|ability: Protosynthesis|[fromitem]\n|-start|p2b: Flutter Mane|protosynthesisspe\n|turn|13\n|c|\u2606rose_zkldin|Lmfao\n|\n|t:|1683940009\n|move|p2b: Flutter Mane|Energy Ball|p1a: Slaking\n|-supereffective|p1a: Slaking\n|-damage|p1a: Slaking|35\/100\n|move|p1b: Grafaiai|Gunk Shot|p2b: Flutter Mane|[miss]\n|-miss|p1b: Grafaiai|p2b: Flutter Mane\n|move|p1a: Slaking|Earthquake|p2b: Flutter Mane|[spread] p1b,p2b\n|-supereffective|p1b: Grafaiai\n|-damage|p1b: Grafaiai|0 fnt\n|-damage|p2b: Flutter Mane|0 fnt\n|faint|p1b: Grafaiai\n|faint|p2b: Flutter Mane\n|-end|p2b: Flutter Mane|Protosynthesis|[silent]\n|\n|win|rose_zkldin\n|raw|rose_zkldin's rating: 1000 → 1045<\/strong> (+45 for winning)\n|raw|Baileyballer08's rating: 1042 → 1024<\/strong> (-18 for losing)\n|l|\u2606Baileyballer08\n","uploadtime":1683940023,"views":9,"p1id":"rosezkldin","p2id":"baileyballer08","formatid":"gen9vgc2023regulationc","rating":1024,"private":0,"password":""}