{"id":"gen9vgc2023regulationc-1852772107","p1":"Poke Chiyo","p2":"idolhunter28273","format":"[Gen 9] VGC 2023 Regulation C","log":"|j|\u2606Poke Chiyo\n|j|\u2606idolhunter28273\n|t:|1682604987\n|gametype|doubles\n|player|p1|Poke Chiyo|fisherman|1234\n|player|p2|idolhunter28273|169|1253\n|teamsize|p1|6\n|teamsize|p2|6\n|gen|9\n|tier|[Gen 9] VGC 2023 Regulation C\n|rated|\n|rule|Species Clause: Limit one of each Pok\u00e9mon\n|rule|Item Clause: Limit one of each item\n|clearpoke\n|poke|p1|Ting-Lu, L50|\n|poke|p1|Gyarados, L50, M|\n|poke|p1|Arcanine, L50, M|\n|poke|p1|Amoonguss, L50, M|\n|poke|p1|Annihilape, L50, F|\n|poke|p1|Maushold, L50|\n|poke|p2|Maushold, L50|\n|poke|p2|Annihilape, L50, M|\n|poke|p2|Iron Bundle, L50|\n|poke|p2|Kingambit, L50, M|\n|poke|p2|Amoonguss, L50, F|\n|poke|p2|Arcanine, L50, M|\n|teampreview|4\n|inactive|Battle timer is ON: inactive players will automatically lose when time's up. (requested by idolhunter28273)\n|inactive|Poke Chiyo has 60 seconds left.\n|inactive|Poke Chiyo has 30 seconds left.\n|inactive|Poke Chiyo has 20 seconds left.\n|\n|t:|1682605076\n|start\n|switch|p1a: Amoonguss|Amoonguss, L50, M|100\/100\n|switch|p1b: Annihilape|Annihilape, L50, F|100\/100\n|switch|p2a: Maushold|Maushold, L50|100\/100\n|switch|p2b: Annihilape|Annihilape, L50, M|100\/100\n|turn|1\n|inactive|idolhunter28273 has 30 seconds left.\n|\n|t:|1682605108\n|move|p2a: Maushold|Follow Me|p2a: Maushold\n|-singleturn|p2a: Maushold|move: Follow Me\n|move|p1a: Amoonguss|Rage Powder|p1a: Amoonguss\n|-singleturn|p1a: Amoonguss|move: Rage Powder\n|move|p2b: Annihilape|Bulk Up|p2b: Annihilape\n|-boost|p2b: Annihilape|atk|1\n|-boost|p2b: Annihilape|def|1\n|move|p1b: Annihilape|Bulk Up|p1b: Annihilape\n|-boost|p1b: Annihilape|atk|1\n|-boost|p1b: Annihilape|def|1\n|\n|upkeep\n|turn|2\n|inactive|Poke Chiyo has 30 seconds left.\n|\n|t:|1682605139\n|move|p1a: Amoonguss|Rage Powder|p1a: Amoonguss\n|-singleturn|p1a: Amoonguss|move: Rage Powder\n|move|p2a: Maushold|Beat Up|p2b: Annihilape\n|-damage|p2b: Annihilape|99\/100\n|-damage|p2b: Annihilape|98\/100\n|-damage|p2b: Annihilape|97\/100\n|-damage|p2b: Annihilape|96\/100\n|-hitcount|p2b: Annihilape|4\n|move|p2b: Annihilape|Rage Fist|p1a: Amoonguss\n|-damage|p1a: Amoonguss|0 fnt\n|-damage|p2b: Annihilape|79\/100|[from] item: Rocky Helmet|[of] p1a: Amoonguss\n|-status|p2b: Annihilape|psn|[from] ability: Effect Spore|[of] p1a: Amoonguss\n|faint|p1a: Amoonguss\n|move|p1b: Annihilape|Bulk Up|p1b: Annihilape\n|-boost|p1b: Annihilape|atk|1\n|-boost|p1b: Annihilape|def|1\n|\n|-heal|p2b: Annihilape|86\/100 psn|[from] item: Leftovers\n|-damage|p2b: Annihilape|73\/100 psn|[from] psn\n|upkeep\n|\n|t:|1682605159\n|switch|p1a: Maushold|Maushold, L50|100\/100\n|turn|3\n|\n|t:|1682605183\n|-terastallize|p1a: Maushold|Ghost\n|move|p1a: Maushold|Follow Me|p1a: Maushold\n|-singleturn|p1a: Maushold|move: Follow Me\n|move|p2a: Maushold|Follow Me|p2a: Maushold\n|-singleturn|p2a: Maushold|move: Follow Me\n|move|p2b: Annihilape|Drain Punch|p1a: Maushold\n|-immune|p1a: Maushold\n|move|p1b: Annihilape|Drain Punch|p2a: Maushold\n|-supereffective|p2a: Maushold\n|-damage|p2a: Maushold|0 fnt\n|faint|p2a: Maushold\n|\n|-heal|p2b: Annihilape|79\/100 psn|[from] item: Leftovers\n|-damage|p2b: Annihilape|67\/100 psn|[from] psn\n|upkeep\n|\n|t:|1682605197\n|switch|p2a: Amoonguss|Amoonguss, L50, F|100\/100\n|turn|4\n|inactive|Poke Chiyo has 30 seconds left.\n|\n|t:|1682605227\n|move|p1a: Maushold|Helping Hand|p1b: Annihilape\n|-singleturn|p1b: Annihilape|Helping Hand|[of] p1a: Maushold\n|move|p2a: Amoonguss|Protect|p2a: Amoonguss\n|-singleturn|p2a: Amoonguss|Protect\n|move|p2b: Annihilape|Rage Fist|p1b: Annihilape\n|-supereffective|p1b: Annihilape\n|-damage|p1b: Annihilape|0 fnt\n|faint|p1b: Annihilape\n|\n|-heal|p2b: Annihilape|73\/100 psn|[from] item: Leftovers\n|-damage|p2b: Annihilape|61\/100 psn|[from] psn\n|upkeep\n|\n|t:|1682605238\n|switch|p1b: Ting-Lu|Ting-Lu, L50|100\/100\n|-ability|p1b: Ting-Lu|Vessel of Ruin\n|turn|5\n|\n|t:|1682605251\n|move|p1a: Maushold|Helping Hand|p1b: Ting-Lu\n|-singleturn|p1b: Ting-Lu|Helping Hand|[of] p1a: Maushold\n|move|p2b: Annihilape|Protect|p2b: Annihilape\n|-singleturn|p2b: Annihilape|Protect\n|move|p2a: Amoonguss|Spore|p1b: Ting-Lu\n|-status|p1b: Ting-Lu|slp|[from] move: Spore\n|cant|p1b: Ting-Lu|slp\n|\n|-heal|p2b: Annihilape|67\/100 psn|[from] item: Leftovers\n|-damage|p2b: Annihilape|54\/100 psn|[from] psn\n|upkeep\n|turn|6\n|-message|Poke Chiyo forfeited.\n|\n|win|idolhunter28273\n|raw|Poke Chiyo's rating: 1234 → 1210<\/strong> (-24 for losing)\n|raw|idolhunter28273's rating: 1253 → 1277<\/strong> (+24 for winning)\n|l|\u2606Poke Chiyo\n","uploadtime":1682605266,"views":8,"p1id":"pokechiyo","p2id":"idolhunter28273","formatid":"gen9vgc2023regulationc","rating":1210,"private":0,"password":""}