{"id":"gen9vgc2023regulationc-1864253647","p1":"yuki \u266a","p2":"IamMx3","format":"[Gen 9] VGC 2023 Regulation C","log":"|j|\u2606yuki \u266a\n|j|\u2606IamMx3\n|t:|1684145168\n|gametype|doubles\n|player|p1|yuki \u266a|n|\n|player|p2|IamMx3|palmer|\n|teamsize|p1|6\n|teamsize|p2|6\n|gen|9\n|tier|[Gen 9] VGC 2023 Regulation C\n|rule|Tera Type Preview: Tera Types are shown at Team Preview\n|rule|Species Clause: Limit one of each Pok\u00e9mon\n|rule|Item Clause: Limit one of each item\n|clearpoke\n|poke|p1|Torkoal, L50, F|\n|poke|p1|Lilligant, L50, F|\n|poke|p1|Flutter Mane, L50|\n|poke|p1|Gothitelle, L50, M|\n|poke|p1|Orthworm, L50, M|\n|poke|p1|Eelektross, L50, M|\n|poke|p2|Murkrow, L50, M|\n|poke|p2|Chi-Yu, L50|\n|poke|p2|Great Tusk, L50|\n|poke|p2|Iron Bundle, L50|\n|poke|p2|Medicham, L50, F|\n|poke|p2|Abomasnow, L50, M|\n|teampreview|4\n|raw|yuki \u266a's Tera Types: \/ \/ \/ \/ \/ \n|raw|IamMx3's Tera Types: \/ \/ \/ \/ \/ \n|c|\u2606yuki \u266a|g2\nyuki \u266a rejected open team sheets.\n|c|\u2606IamMx3|glhf!\n|c|\u2606yuki \u266a|glhf\n|\n|t:|1684145483\n|start\n|switch|p1a: Torkoal|Torkoal, L50, F|100\/100\n|switch|p1b: Gothitelle|Gothitelle, L50, M|100\/100\n|switch|p2a: Chi-Yu|Chi-Yu, L50|100\/100\n|switch|p2b: Murkrow|Murkrow, L50, M|100\/100\n|-ability|p2a: Chi-Yu|Beads of Ruin\n|-weather|SunnyDay|[from] ability: Drought|[of] p1a: Torkoal\n|turn|1\n|\n|t:|1684145498\n|move|p1b: Gothitelle|Fake Out|p2a: Chi-Yu\n|-damage|p2a: Chi-Yu|93\/100\n|move|p2b: Murkrow|Rain Dance|p2b: Murkrow\n|-weather|RainDance\n|cant|p2a: Chi-Yu|flinch\n|move|p1a: Torkoal|Earth Power|p2a: Chi-Yu\n|-supereffective|p2a: Chi-Yu\n|-damage|p2a: Chi-Yu|34\/100\n|-unboost|p2a: Chi-Yu|spd|1\n|\n|-weather|RainDance|[upkeep]\n|upkeep\n|turn|2\n|\n|t:|1684145526\n|switch|p1b: Orthworm|Orthworm, L50, M|100\/100\n|switch|p1a: Eelektross|Eelektross, L50, M|100\/100\n|-terastallize|p2a: Chi-Yu|Grass\n|move|p2a: Chi-Yu|Dark Pulse|p1b: Orthworm\n|-crit|p1b: Orthworm\n|-damage|p1b: Orthworm|0 fnt\n|faint|p1b: Orthworm\n|move|p2b: Murkrow|Foul Play|p1a: Eelektross\n|-damage|p1a: Eelektross|55\/100\n|\n|-weather|RainDance|[upkeep]\n|upkeep\n|\n|t:|1684145537\n|switch|p1b: Gothitelle|Gothitelle, L50, M|100\/100\n|turn|3\n|\n|t:|1684145555\n|move|p1b: Gothitelle|Fake Out|p2a: Chi-Yu\n|-damage|p2a: Chi-Yu|25\/100\n|move|p2b: Murkrow|Taunt|p1b: Gothitelle\n|-start|p1b: Gothitelle|move: Taunt\n|cant|p2a: Chi-Yu|flinch\n|move|p1a: Eelektross|Volt Switch|p2a: Chi-Yu\n|-resisted|p2a: Chi-Yu\n|-damage|p2a: Chi-Yu|0 fnt\n|faint|p2a: Chi-Yu\n|\n|t:|1684145564\n|switch|p1a: Torkoal|Torkoal, L50, F|100\/100|[from] Volt Switch\n|-weather|SunnyDay|[from] ability: Drought|[of] p1a: Torkoal\n|\n|-weather|SunnyDay|[upkeep]\n|upkeep\n|\n|t:|1684145571\n|switch|p2a: Abomasnow|Abomasnow, L50, M|100\/100\n|-weather|Snow|[from] ability: Snow Warning|[of] p2a: Abomasnow\n|turn|4\n|\n|t:|1684145587\n|switch|p1a: Eelektross|Eelektross, L50, M|55\/100\n|move|p2b: Murkrow|Foul Play|p1a: Eelektross\n|-damage|p1a: Eelektross|11\/100\n|move|p1b: Gothitelle|Psychic|p2a: Abomasnow\n|-damage|p2a: Abomasnow|70\/100\n|move|p2a: Abomasnow|Aurora Veil|p2a: Abomasnow\n|-sidestart|p2: IamMx3|move: Aurora Veil\n|\n|-weather|Snow|[upkeep]\n|upkeep\n|turn|5\n|\n|t:|1684145620\n|move|p2b: Murkrow|Foul Play|p1a: Eelektross\n|-damage|p1a: Eelektross|0 fnt\n|faint|p1a: Eelektross\n|move|p1b: Gothitelle|Psychic|p2a: Abomasnow\n|-damage|p2a: Abomasnow|51\/100\n|move|p2a: Abomasnow|Energy Ball|p1b: Gothitelle\n|-damage|p1b: Gothitelle|67\/100\n|\n|-weather|Snow|[upkeep]\n|upkeep\n|\n|t:|1684145629\n|switch|p1a: Torkoal|Torkoal, L50, F|100\/100\n|-weather|SunnyDay|[from] ability: Drought|[of] p1a: Torkoal\n|turn|6\n|\n|t:|1684145651\n|-terastallize|p1a: Torkoal|Fire\n|move|p2b: Murkrow|Rain Dance|p2b: Murkrow\n|-weather|RainDance\n|move|p1b: Gothitelle|Psychic|p2a: Abomasnow\n|-damage|p2a: Abomasnow|30\/100\n|move|p2a: Abomasnow|Energy Ball|p1b: Gothitelle\n|-damage|p1b: Gothitelle|27\/100\n|move|p1a: Torkoal|Heat Wave|p2a: Abomasnow|[spread] p2a,p2b\n|-supereffective|p2a: Abomasnow\n|-damage|p2a: Abomasnow|0 fnt\n|-damage|p2b: Murkrow|86\/100\n|-status|p2b: Murkrow|brn\n|faint|p2a: Abomasnow\n|\n|-weather|RainDance|[upkeep]\n|-damage|p2b: Murkrow|80\/100 brn|[from] brn\n|-end|p1b: Gothitelle|move: Taunt\n|upkeep\n|\n|t:|1684145667\n|switch|p2a: Iron Bundle|Iron Bundle, L50|100\/100\n|-enditem|p2a: Iron Bundle|Booster Energy\n|-activate|p2a: Iron Bundle|ability: Quark Drive|[fromitem]\n|-start|p2a: Iron Bundle|quarkdrivespe\n|turn|7\n|\n|t:|1684145677\n|move|p2b: Murkrow|Taunt|p1b: Gothitelle\n|-start|p1b: Gothitelle|move: Taunt\n|move|p2a: Iron Bundle|Hydro Pump|p1a: Torkoal\n|-supereffective|p1a: Torkoal\n|-damage|p1a: Torkoal|0 fnt\n|faint|p1a: Torkoal\n|cant|p1b: Gothitelle|move: Taunt|Trick Room\n|\n|-weather|RainDance|[upkeep]\n|-damage|p2b: Murkrow|74\/100 brn|[from] brn\n|upkeep\n|turn|8\n|j|@trace\n|-message|yuki \u266a forfeited.\n|\n|win|IamMx3\n|c|\u2606yuki \u266a|ggs\n|c|\u2606IamMx3|ggs\n|l|\u2606yuki \u266a\n|l|@trace\n","uploadtime":1684145757,"views":23,"p1id":"yuki","p2id":"iammx3","formatid":"gen9vgc2023regulationc","rating":0,"private":0,"password":""}