{"id":"gen9vgc2023regulationc-1848827516","p1":"Itdbiyscjggfee","p2":"TomoTaco69","format":"[Gen 9] VGC 2023 Regulation C","log":"|j|\u2606Itdbiyscjggfee\n|j|\u2606TomoTaco69\n|t:|1682114727\n|gametype|doubles\n|player|p1|Itdbiyscjggfee|cynthia|1084\n|player|p2|TomoTaco69|1|1116\n|teamsize|p1|6\n|teamsize|p2|6\n|gen|9\n|tier|[Gen 9] VGC 2023 Regulation C\n|rated|\n|rule|Species Clause: Limit one of each Pok\u00e9mon\n|rule|Item Clause: Limit one of each item\n|clearpoke\n|poke|p1|Brute Bonnet, L50|\n|poke|p1|Flutter Mane, L50|\n|poke|p1|Iron Bundle, L50|\n|poke|p1|Gholdengo, L50|\n|poke|p1|Palafin, L50, F|\n|poke|p1|Garchomp, L50, M|\n|poke|p2|Armarouge, L50, M|\n|poke|p2|Indeedee-F, L50, F|\n|poke|p2|Torkoal, L50, M|\n|poke|p2|Lilligant, L50, F|\n|poke|p2|Flutter Mane, L50|\n|poke|p2|Roaring Moon, L50|\n|teampreview|4\n|inactive|Battle timer is ON: inactive players will automatically lose when time's up. (requested by Itdbiyscjggfee)\n|\n|t:|1682114745\n|start\n|switch|p1a: Brute Bonnet|Brute Bonnet, L50, shiny|100\/100\n|switch|p1b: Garchomp|Garchomp, L50, M|100\/100\n|switch|p2a: Big Smoke|Torkoal, L50, M|100\/100\n|switch|p2b: Touches Grass|Lilligant, L50, F|100\/100\n|-weather|SunnyDay|[from] ability: Drought|[of] p2a: Big Smoke\n|-activate|p1a: Brute Bonnet|ability: Protosynthesis\n|-start|p1a: Brute Bonnet|protosynthesisspd\n|turn|1\n|\n|t:|1682114752\n|-terastallize|p1b: Garchomp|Ground\n|move|p1a: Brute Bonnet|Rage Powder|p1a: Brute Bonnet\n|-singleturn|p1a: Brute Bonnet|move: Rage Powder\n|move|p2b: Touches Grass|Sleep Powder|p1b: Garchomp\n|-status|p1b: Garchomp|slp|[from] move: Sleep Powder\n|cant|p1b: Garchomp|slp\n|move|p2a: Big Smoke|Eruption|p1b: Garchomp|[spread] p1a,p1b\n|-supereffective|p1a: Brute Bonnet\n|-damage|p1a: Brute Bonnet|54\/100\n|-damage|p1b: Garchomp|44\/100 slp\n|\n|-weather|SunnyDay|[upkeep]\n|upkeep\n|turn|2\n|\n|t:|1682114769\n|move|p2b: Touches Grass|Pollen Puff|p1a: Brute Bonnet\n|-supereffective|p1a: Brute Bonnet\n|-damage|p1a: Brute Bonnet|8\/100\n|-enditem|p1a: Brute Bonnet|Aguav Berry|[eat]\n|-heal|p1a: Brute Bonnet|41\/100|[from] item: Aguav Berry\n|cant|p1b: Garchomp|slp\n|move|p1a: Brute Bonnet|Spore|p2a: Big Smoke\n|-status|p2a: Big Smoke|slp|[from] move: Spore\n|cant|p2a: Big Smoke|slp\n|\n|-weather|SunnyDay|[upkeep]\n|upkeep\n|turn|3\n|\n|t:|1682114789\n|move|p1a: Brute Bonnet|Sucker Punch|p2b: Touches Grass\n|-damage|p2b: Touches Grass|62\/100\n|move|p2b: Touches Grass|Pollen Puff|p1a: Brute Bonnet\n|-supereffective|p1a: Brute Bonnet\n|-damage|p1a: Brute Bonnet|0 fnt\n|faint|p1a: Brute Bonnet\n|-end|p1a: Brute Bonnet|Protosynthesis|[silent]\n|-curestatus|p1b: Garchomp|slp|[msg]\n|move|p1b: Garchomp|Earthquake|p2b: Touches Grass|[spread] p2a,p2b\n|-supereffective|p2a: Big Smoke\n|-resisted|p2b: Touches Grass\n|-damage|p2a: Big Smoke|0 fnt\n|-damage|p2b: Touches Grass|8\/100\n|-enditem|p2b: Touches Grass|Sitrus Berry|[eat]\n|-heal|p2b: Touches Grass|33\/100|[from] item: Sitrus Berry\n|faint|p2a: Big Smoke\n|\n|-weather|SunnyDay|[upkeep]\n|upkeep\n|\n|t:|1682114805\n|switch|p1a: Iron Bundle|Iron Bundle, L50|100\/100\n|switch|p2a: Yama Tsukami|Flutter Mane, L50|100\/100\n|-activate|p2a: Yama Tsukami|ability: Protosynthesis\n|-start|p2a: Yama Tsukami|protosynthesisspe\n|-enditem|p1a: Iron Bundle|Booster Energy\n|-activate|p1a: Iron Bundle|ability: Quark Drive|[fromitem]\n|-start|p1a: Iron Bundle|quarkdrivespa\n|turn|4\n|\n|t:|1682114818\n|switch|p1b: Palafin|Palafin, L50, F|100\/100\n|move|p2b: Touches Grass|Giga Drain|p1a: Iron Bundle\n|-supereffective|p1a: Iron Bundle\n|-damage|p1a: Iron Bundle|0 fnt\n|-heal|p2b: Touches Grass|75\/100|[from] drain|[of] p1a: Iron Bundle\n|faint|p1a: Iron Bundle\n|-end|p1a: Iron Bundle|Quark Drive|[silent]\n|move|p2a: Yama Tsukami|Moonblast|p1b: Palafin\n|-damage|p1b: Palafin|25\/100\n|-unboost|p1b: Palafin|spa|1\n|\n|-weather|SunnyDay|[upkeep]\n|upkeep\n|\n|t:|1682114824\n|switch|p1a: Garchomp|Garchomp, L50, M, tera:Ground|44\/100\n|turn|5\n|\n|t:|1682114845\n|move|p1b: Palafin|Protect|p1b: Palafin\n|-singleturn|p1b: Palafin|Protect\n|move|p2b: Touches Grass|Giga Drain|p1a: Garchomp\n|-supereffective|p1a: Garchomp\n|-damage|p1a: Garchomp|0 fnt\n|-heal|p2b: Touches Grass|99\/100|[from] drain|[of] p1a: Garchomp\n|faint|p1a: Garchomp\n|move|p2a: Yama Tsukami|Moonblast|p1b: Palafin\n|-activate|p1b: Palafin|move: Protect\n|\n|-weather|SunnyDay|[upkeep]\n|upkeep\n|turn|6\n|-message|Itdbiyscjggfee forfeited.\n|\n|win|TomoTaco69\n|raw|Itdbiyscjggfee's rating: 1084 → 1063<\/strong> (-21 for losing)\n|raw|TomoTaco69's rating: 1116 → 1139<\/strong> (+23 for winning)\n|l|\u2606Itdbiyscjggfee\n","uploadtime":1682114860,"views":7,"p1id":"itdbiyscjggfee","p2id":"tomotaco69","formatid":"gen9vgc2023regulationc","rating":1063,"private":0,"password":""}