{"id":"gen9vgc2023regulationc-1848066275","p1":"KingOfGreed64","p2":"soraesc","format":"[Gen 9] VGC 2023 Regulation C","log":"|j|\u2606KingOfGreed64\n|j|\u2606soraesc\n|t:|1682025900\n|gametype|doubles\n|player|p1|KingOfGreed64|guzma|1259\n|player|p2|soraesc|n|1252\n|teamsize|p1|6\n|teamsize|p2|6\n|gen|9\n|tier|[Gen 9] VGC 2023 Regulation C\n|rated|\n|rule|Species Clause: Limit one of each Pok\u00e9mon\n|rule|Item Clause: Limit one of each item\n|clearpoke\n|poke|p1|Dachsbun, L50, F|\n|poke|p1|Chi-Yu, L50|\n|poke|p1|Dragonite, L50, F|\n|poke|p1|Chien-Pao, L50|\n|poke|p1|Flutter Mane, L50|\n|poke|p1|Azumarill, L50, F|\n|poke|p2|Dragonite, L50, F|\n|poke|p2|Arcanine, L50, F|\n|poke|p2|Flutter Mane, L50|\n|poke|p2|Glimmora, L50, F|\n|poke|p2|Dondozo, L50, F|\n|poke|p2|Tatsugiri, L50, M|\n|teampreview|4\n|inactive|Battle timer is ON: inactive players will automatically lose when time's up. (requested by soraesc)\n|\n|t:|1682025925\n|start\n|switch|p1a: le fishe|Chi-Yu, L50|100\/100\n|switch|p1b: dog|Dachsbun, L50, F|100\/100\n|switch|p2a: Dondozo|Dondozo, L50, F|100\/100\n|switch|p2b: Tatsugiri|Tatsugiri, L50, M|100\/100\n|-activate|p2b: Tatsugiri|ability: Commander|[of] p2a: Dondozo\n|-boost|p2a: Dondozo|atk|2\n|-boost|p2a: Dondozo|spa|2\n|-boost|p2a: Dondozo|spe|2\n|-boost|p2a: Dondozo|def|2\n|-boost|p2a: Dondozo|spd|2\n|-ability|p1a: le fishe|Beads of Ruin\n|turn|1\n|\n|t:|1682025945\n|switch|p1a: Marilland|Azumarill, L50, F|100\/100\n|move|p1b: dog|Yawn|p2a: Dondozo\n|-start|p2a: Dondozo|move: Yawn|[of] p1b: dog\n|move|p2a: Dondozo|Earthquake|p1a: Marilland|[spread] p1a,p1b\n|-miss|p2a: Dondozo|p2b: Tatsugiri\n|-crit|p1a: Marilland\n|-damage|p1a: Marilland|30\/100\n|-damage|p1b: dog|50\/100\n|\n|-heal|p1b: dog|57\/100|[from] item: Leftovers\n|upkeep\n|turn|2\n|\n|t:|1682025957\n|move|p1a: Marilland|Protect|p1a: Marilland\n|-singleturn|p1a: Marilland|Protect\n|move|p1b: dog|Wish|p1b: dog\n|move|p2a: Dondozo|Earthquake|p1a: Marilland|[spread] p1b\n|-miss|p2a: Dondozo|p2b: Tatsugiri\n|-activate|p1a: Marilland|move: Protect\n|-crit|p1b: dog\n|-damage|p1b: dog|0 fnt\n|faint|p1b: dog\n|\n|-end|p2a: Dondozo|move: Yawn|[silent]\n|-status|p2a: Dondozo|slp\n|upkeep\n|-enditem|p2a: Dondozo|Chesto Berry|[eat]\n|-curestatus|p2a: Dondozo|slp|[msg]\n|\n|t:|1682025962\n|switch|p1b: spooky|Flutter Mane, L50|100\/100\n|-enditem|p1b: spooky|Booster Energy\n|-activate|p1b: spooky|ability: Protosynthesis|[fromitem]\n|-start|p1b: spooky|protosynthesisspe\n|turn|3\n|\n|t:|1682025970\n|move|p1b: spooky|Perish Song|p1b: spooky\n|-start|p1a: Marilland|perish3|[silent]\n|-start|p1b: spooky|perish3|[silent]\n|-start|p2a: Dondozo|perish3|[silent]\n|-miss|p1b: spooky|p2b: Tatsugiri\n|-fieldactivate|move: Perish Song\n|move|p2a: Dondozo|Earthquake|p1a: Marilland|[spread] p1a,p1b\n|-miss|p2a: Dondozo|p2b: Tatsugiri\n|-damage|p1a: Marilland|0 fnt\n|-damage|p1b: spooky|13\/100\n|faint|p1a: Marilland\n|\n|-heal|p1b: spooky|69\/100|[from] move: Wish|[wisher] dog\n|-start|p1b: spooky|perish3\n|-start|p2a: Dondozo|perish3\n|upkeep\n|\n|t:|1682025973\n|switch|p1a: le fishe|Chi-Yu, L50|100\/100\n|-ability|p1a: le fishe|Beads of Ruin\n|turn|4\n|\n|t:|1682025995\n|-terastallize|p1a: le fishe|Ghost\n|move|p1b: spooky|Dazzling Gleam|p2b: Tatsugiri|[spread] p2a\n|-miss|p1b: spooky|p2b: Tatsugiri\n|-damage|p2a: Dondozo|81\/100\n|move|p1a: le fishe|Heat Wave|p2b: Tatsugiri|[spread] p2a\n|-miss|p1a: le fishe|p2b: Tatsugiri\n|-resisted|p2a: Dondozo\n|-damage|p2a: Dondozo|68\/100\n|move|p2a: Dondozo|Earthquake|p1a: le fishe|[spread] p1a,p1b\n|-miss|p2a: Dondozo|p2b: Tatsugiri\n|-damage|p1a: le fishe|16\/100\n|-damage|p1b: spooky|0 fnt\n|faint|p1b: spooky\n|-end|p1b: spooky|Protosynthesis|[silent]\n|\n|-start|p2a: Dondozo|perish2\n|upkeep\n|turn|5\n|-message|KingOfGreed64 forfeited.\n|\n|win|soraesc\n|raw|KingOfGreed64's rating: 1259 → 1233<\/strong> (-26 for losing)\n|raw|soraesc's rating: 1252 → 1278<\/strong> (+26 for winning)\n|l|\u2606KingOfGreed64\n|c|\u2606soraesc|lol\n","uploadtime":1682026013,"views":10,"p1id":"kingofgreed64","p2id":"soraesc","formatid":"gen9vgc2023regulationc","rating":1233,"private":0,"password":""}