{"id":"gen9vgc2023regulationc-1856461033","p1":"RibombeeForUbers","p2":"Salesforce Sans","format":"[Gen 9] VGC 2023 Regulation C","log":"|j|\u2606RibombeeForUbers\n|j|\u2606Salesforce Sans\n|t:|1683063984\n|gametype|doubles\n|player|p1|RibombeeForUbers|101|1385\n|player|p2|Salesforce Sans|lucas-gen4pt|1493\n|teamsize|p1|6\n|teamsize|p2|6\n|gen|9\n|tier|[Gen 9] VGC 2023 Regulation C\n|rated|\n|rule|Species Clause: Limit one of each Pok\u00e9mon\n|rule|Item Clause: Limit one of each item\n|clearpoke\n|poke|p1|Chi-Yu, L50|\n|poke|p1|Chien-Pao, L50|\n|poke|p1|Iron Moth, L50|\n|poke|p1|Flutter Mane, L50|\n|poke|p1|Palafin, L50, M|\n|poke|p1|Dragonite, L50, M|\n|poke|p2|Ceruledge, L50, F|\n|poke|p2|Azumarill, L50, F|\n|poke|p2|Corviknight, L50, M|\n|poke|p2|Chien-Pao, L50|\n|poke|p2|Amoonguss, L50, M|\n|poke|p2|Iron Hands, L50|\n|teampreview|4\nSalesforce Sans has agreed to open team sheets.\nRibombeeForUbers has agreed to open team sheets.\n|c|\u2606RibombeeForUbers|Gl hf\n|c|\u2606Salesforce Sans|glhf\n|\n|t:|1683064110\n|start\n|switch|p1a: Flutter Mane|Flutter Mane, L50|100\/100\n|switch|p1b: Chien-Pao|Chien-Pao, L50|100\/100\n|switch|p2a: Rick Astley|Iron Hands, L50|100\/100\n|switch|p2b: Give You Up|Azumarill, L50, F|100\/100\n|-ability|p1b: Chien-Pao|Sword of Ruin\n|turn|1\n|\n|t:|1683064167\n|switch|p1b: Dragonite|Dragonite, L50, M|100\/100\n|move|p1a: Flutter Mane|Moonblast|p2a: Rick Astley\n|-supereffective|p2a: Rick Astley\n|-damage|p2a: Rick Astley|44\/100\n|move|p2b: Give You Up|Liquidation|p1b: Dragonite\n|-resisted|p1b: Dragonite\n|-damage|p1b: Dragonite|74\/100\n|move|p2a: Rick Astley|Volt Switch|p1b: Dragonite\n|-damage|p1b: Dragonite|63\/100\n|\n|t:|1683064178\n|-end|p2a: Rick Astley|Quark Drive|[silent]\n|switch|p2a: Run Around|Chien-Pao, L50|100\/100|[from] Volt Switch\n|-ability|p2a: Run Around|Sword of Ruin\n|\n|upkeep\n|turn|2\n|\n|t:|1683064228\n|-terastallize|p1b: Dragonite|Normal\n|move|p1a: Flutter Mane|Protect|p1a: Flutter Mane\n|-singleturn|p1a: Flutter Mane|Protect\n|move|p2a: Run Around|Protect|p2a: Run Around\n|-singleturn|p2a: Run Around|Protect\n|move|p1b: Dragonite|Extreme Speed|p2a: Run Around\n|-activate|p2a: Run Around|move: Protect\n|move|p2b: Give You Up|Liquidation|p1a: Flutter Mane\n|-activate|p1a: Flutter Mane|move: Protect\n|\n|upkeep\n|turn|3\n|\n|t:|1683064274\n|switch|p2b: Desert You|Amoonguss, L50, M|100\/100\n|move|p1b: Dragonite|Extreme Speed|p2b: Desert You\n|-crit|p2b: Desert You\n|-damage|p2b: Desert You|0 fnt\n|faint|p2b: Desert You\n|-damage|p1b: Dragonite|53\/100|[from] item: Life Orb\n|move|p1a: Flutter Mane|Moonblast|p2a: Run Around\n|-supereffective|p2a: Run Around\n|-enditem|p2a: Run Around|Focus Sash\n|-damage|p2a: Run Around|1\/100\n|-unboost|p2a: Run Around|spa|1\n|move|p2a: Run Around|Sacred Sword|p1b: Dragonite\n|-supereffective|p1b: Dragonite\n|-damage|p1b: Dragonite|0 fnt\n|faint|p1b: Dragonite\n|\n|upkeep\n|\n|t:|1683064306\n|switch|p1b: Chien-Pao|Chien-Pao, L50|100\/100\n|switch|p2b: Give You Up|Azumarill, L50, F|100\/100\n|-ability|p1b: Chien-Pao|Sword of Ruin\n|turn|4\n|\n|t:|1683064373\n|-terastallize|p2b: Give You Up|Poison\n|move|p2a: Run Around|Protect|p2a: Run Around\n|-singleturn|p2a: Run Around|Protect\n|move|p1b: Chien-Pao|Ice Shard|p2a: Run Around\n|-activate|p2a: Run Around|move: Protect\n|move|p1a: Flutter Mane|Thunderbolt|p2b: Give You Up\n|-damage|p2b: Give You Up|63\/100\n|move|p2b: Give You Up|Play Rough|p1b: Chien-Pao\n|-supereffective|p1b: Chien-Pao\n|-enditem|p1b: Chien-Pao|Focus Sash\n|-damage|p1b: Chien-Pao|1\/100\n|-unboost|p1b: Chien-Pao|atk|1\n|\n|upkeep\n|turn|5\n|\n|t:|1683064418\n|switch|p2a: Rick Astley|Iron Hands, L50|44\/100\n|move|p1b: Chien-Pao|Ice Shard|p2a: Rick Astley\n|-damage|p2a: Rick Astley|32\/100\n|move|p2b: Give You Up|Aqua Jet|p1b: Chien-Pao\n|-damage|p1b: Chien-Pao|0 fnt\n|faint|p1b: Chien-Pao\n|move|p1a: Flutter Mane|Shadow Ball|p2b: Give You Up\n|-damage|p2b: Give You Up|11\/100\n|-enditem|p2b: Give You Up|Sitrus Berry|[eat]\n|-heal|p2b: Give You Up|36\/100|[from] item: Sitrus Berry\n|\n|upkeep\n|\n|t:|1683064427\n|switch|p1b: Iron Moth|Iron Moth, L50|100\/100\n|-enditem|p1b: Iron Moth|Booster Energy\n|-activate|p1b: Iron Moth|ability: Quark Drive|[fromitem]\n|-start|p1b: Iron Moth|quarkdrivespe\n|turn|6\n|\n|t:|1683064458\n|move|p2a: Rick Astley|Fake Out|p1b: Iron Moth\n|-damage|p1b: Iron Moth|78\/100\n|move|p2b: Give You Up|Aqua Jet|p1b: Iron Moth\n|-supereffective|p1b: Iron Moth\n|-damage|p1b: Iron Moth|0 fnt\n|faint|p1b: Iron Moth\n|-end|p1b: Iron Moth|Quark Drive|[silent]\n|move|p1a: Flutter Mane|Shadow Ball|p2b: Give You Up\n|-damage|p2b: Give You Up|0 fnt\n|faint|p2b: Give You Up\n|\n|upkeep\n|\n|t:|1683064470\n|switch|p2b: Run Around|Chien-Pao, L50|1\/100\n|-ability|p2b: Run Around|Sword of Ruin\n|turn|7\n|\n|t:|1683064477\n|move|p2b: Run Around|Sucker Punch|p1a: Flutter Mane\n|-damage|p1a: Flutter Mane|0 fnt\n|faint|p1a: Flutter Mane\n|-end|p1a: Flutter Mane|Protosynthesis|[silent]\n|\n|win|Salesforce Sans\n|raw|RibombeeForUbers's rating: 1385 → 1371<\/strong> (-14 for losing)\n|raw|Salesforce Sans's rating: 1493 → 1507<\/strong> (+14 for winning)\n|c|\u2606Salesforce Sans|gg\n|l|\u2606RibombeeForUbers\n","uploadtime":1683064502,"views":6,"p1id":"ribombeeforubers","p2id":"salesforcesans","formatid":"gen9vgc2023regulationc","rating":1371,"private":0,"password":""}