{"id":"gen9vgc2023regulationc-1845746258","p1":"Vivixification","p2":"Phelon","format":"[Gen 9] VGC 2023 Regulation C","log":"|j|\u2606Vivixification\n|j|\u2606Phelon\n|t:|1681760720\n|gametype|doubles\n|player|p1|Vivixification|backersf|1404\n|player|p2|Phelon|burglar|1396\n|teamsize|p1|6\n|teamsize|p2|6\n|gen|9\n|tier|[Gen 9] VGC 2023 Regulation C\n|rated|\n|rule|Species Clause: Limit one of each Pok\u00e9mon\n|rule|Item Clause: Limit one of each item\n|clearpoke\n|poke|p1|Iron Bundle, L50|\n|poke|p1|Palafin, L50, F|\n|poke|p1|Pelipper, L50, F|\n|poke|p1|Dondozo, L50, F|\n|poke|p1|Tatsugiri-Stretchy, L50, M|\n|poke|p1|Scizor, L50, M|\n|poke|p2|Volcarona, L50, M|\n|poke|p2|Gyarados, L50, M|\n|poke|p2|Wo-Chien, L50|\n|poke|p2|Flutter Mane, L50|\n|poke|p2|Glimmora, L50, F|\n|poke|p2|Baxcalibur, L50, M|\n|teampreview|4\n|inactive|Battle timer is ON: inactive players will automatically lose when time's up. (requested by Vivixification)\nPhelon has agreed to open team sheets.\nVivixification has agreed to open team sheets.\n|\n|t:|1681760750\n|start\n|switch|p1a: Pelipper|Pelipper, L50, F|100\/100\n|switch|p1b: Gen3WaterLegendary|Dondozo, L50, F|100\/100\n|switch|p2a: Gyarados|Gyarados, L50, M|100\/100\n|switch|p2b: Volcarona|Volcarona, L50, M|100\/100\n|-ability|p2a: Gyarados|Intimidate|boost\n|-unboost|p1a: Pelipper|atk|1\n|-unboost|p1b: Gen3WaterLegendary|atk|1\n|-weather|RainDance|[from] ability: Drizzle|[of] p1a: Pelipper\n|turn|1\n|\n|t:|1681760765\n|move|p2b: Volcarona|Protect|p2b: Volcarona\n|-singleturn|p2b: Volcarona|Protect\n|move|p1b: Gen3WaterLegendary|Protect|p1b: Gen3WaterLegendary\n|-singleturn|p1b: Gen3WaterLegendary|Protect\n|move|p2a: Gyarados|Taunt|p1a: Pelipper\n|-start|p1a: Pelipper|move: Taunt\n|move|p1a: Pelipper|Hurricane|p2b: Volcarona\n|-activate|p2b: Volcarona|move: Protect\n|\n|-weather|RainDance|[upkeep]\n|upkeep\n|turn|2\n|\n|t:|1681760778\n|switch|p1a: Tatsugiri|Tatsugiri-Stretchy, L50, M, shiny|100\/100\n|-activate|p1a: Tatsugiri|ability: Commander|[of] p1b: Gen3WaterLegendary\n|-boost|p1b: Gen3WaterLegendary|atk|2\n|-boost|p1b: Gen3WaterLegendary|spa|2\n|-boost|p1b: Gen3WaterLegendary|spe|2\n|-boost|p1b: Gen3WaterLegendary|def|2\n|-boost|p1b: Gen3WaterLegendary|spd|2\n|-terastallize|p2b: Volcarona|Water\n|-terastallize|p1b: Gen3WaterLegendary|Water\n|move|p1b: Gen3WaterLegendary|Surf|p2b: Volcarona|[spread] p2a,p2b\n|-miss|p1b: Gen3WaterLegendary|p1a: Tatsugiri\n|-resisted|p2a: Gyarados\n|-resisted|p2b: Volcarona\n|-damage|p2a: Gyarados|53\/100\n|-damage|p2b: Volcarona|52\/100\n|move|p2b: Volcarona|Quiver Dance|p2b: Volcarona\n|-boost|p2b: Volcarona|spa|1\n|-boost|p2b: Volcarona|spd|1\n|-boost|p2b: Volcarona|spe|1\n|move|p2a: Gyarados|Waterfall|p1a: Tatsugiri|[miss]\n|-miss|p2a: Gyarados|p1a: Tatsugiri\n|\n|-weather|RainDance|[upkeep]\n|upkeep\n|turn|3\n|\n|t:|1681760801\n|move|p2b: Volcarona|Bug Buzz|p1b: Gen3WaterLegendary\n|-damage|p1b: Gen3WaterLegendary|75\/100\n|-unboost|p1b: Gen3WaterLegendary|spd|1\n|move|p1b: Gen3WaterLegendary|Surf|p2b: Volcarona|[spread] p2a,p2b\n|-miss|p1b: Gen3WaterLegendary|p1a: Tatsugiri\n|-resisted|p2a: Gyarados\n|-resisted|p2b: Volcarona\n|-damage|p2a: Gyarados|6\/100\n|-damage|p2b: Volcarona|3\/100\n|-enditem|p2a: Gyarados|Sitrus Berry|[eat]\n|-heal|p2a: Gyarados|31\/100|[from] item: Sitrus Berry\n|move|p2a: Gyarados|Waterfall|p1b: Gen3WaterLegendary\n|-resisted|p1b: Gen3WaterLegendary\n|-damage|p1b: Gen3WaterLegendary|63\/100\n|\n|-weather|RainDance|[upkeep]\n|upkeep\n|turn|4\n|\n|t:|1681760824\n|move|p2b: Volcarona|Protect|p2b: Volcarona\n|-singleturn|p2b: Volcarona|Protect\n|move|p2a: Gyarados|Protect|p2a: Gyarados\n|-singleturn|p2a: Gyarados|Protect\n|move|p1b: Gen3WaterLegendary|Surf|p2b: Volcarona|[spread] \n|-miss|p1b: Gen3WaterLegendary|p1a: Tatsugiri\n|-activate|p2a: Gyarados|move: Protect\n|-activate|p2b: Volcarona|move: Protect\n|\n|-weather|RainDance|[upkeep]\n|upkeep\n|turn|5\n|\n|t:|1681760838\n|switch|p2a: Wo-Chien|Wo-Chien, L50|100\/100\n|-ability|p2a: Wo-Chien|Tablets of Ruin\n|move|p2b: Volcarona|Heat Wave|p1a: Tatsugiri|[spread] p1b\n|-miss|p2b: Volcarona|p1a: Tatsugiri\n|-resisted|p1b: Gen3WaterLegendary\n|-crit|p1b: Gen3WaterLegendary\n|-damage|p1b: Gen3WaterLegendary|48\/100\n|move|p1b: Gen3WaterLegendary|Surf|p2b: Volcarona|[spread] p2a,p2b\n|-miss|p1b: Gen3WaterLegendary|p1a: Tatsugiri\n|-resisted|p2a: Wo-Chien\n|-resisted|p2b: Volcarona\n|-damage|p2a: Wo-Chien|68\/100\n|-damage|p2b: Volcarona|0 fnt\n|faint|p2b: Volcarona\n|\n|-weather|RainDance|[upkeep]\n|-heal|p2a: Wo-Chien|74\/100|[from] item: Leftovers\n|upkeep\n|\n|t:|1681760851\n|switch|p2b: Gyarados|Gyarados, L50, M|31\/100\n|-ability|p2b: Gyarados|Intimidate|boost\n|-unboost|p1a: Tatsugiri|atk|1\n|-unboost|p1b: Gen3WaterLegendary|atk|1\n|turn|6\n|\n|t:|1681760865\n|move|p1b: Gen3WaterLegendary|Protect|p1b: Gen3WaterLegendary\n|-singleturn|p1b: Gen3WaterLegendary|Protect\n|move|p2b: Gyarados|Waterfall|p1b: Gen3WaterLegendary\n|-activate|p1b: Gen3WaterLegendary|move: Protect\n|move|p2a: Wo-Chien|Leech Seed|p1b: Gen3WaterLegendary\n|-activate|p1b: Gen3WaterLegendary|move: Protect\n|\n|-weather|RainDance|[upkeep]\n|-heal|p2a: Wo-Chien|81\/100|[from] item: Leftovers\n|upkeep\n|turn|7\n|\n|t:|1681760870\n|move|p1b: Gen3WaterLegendary|Surf|p2b: Gyarados|[spread] p2a,p2b\n|-miss|p1b: Gen3WaterLegendary|p1a: Tatsugiri\n|-resisted|p2a: Wo-Chien\n|-resisted|p2b: Gyarados\n|-damage|p2a: Wo-Chien|43\/100\n|-damage|p2b: Gyarados|0 fnt\n|faint|p2b: Gyarados\n|move|p2a: Wo-Chien|Leech Seed|p1b: Gen3WaterLegendary\n|-start|p1b: Gen3WaterLegendary|move: Leech Seed\n|\n|-weather|RainDance|[upkeep]\n|-heal|p2a: Wo-Chien|49\/100|[from] item: Leftovers\n|-damage|p1b: Gen3WaterLegendary|36\/100|[from] Leech Seed|[of] p2a: Wo-Chien\n|-heal|p2a: Wo-Chien|64\/100|[silent]\n|upkeep\n|\n|t:|1681760878\n|switch|p2b: Flutter Mane|Flutter Mane, L50|100\/100\n|turn|8\n|\n|t:|1681760892\n|move|p1b: Gen3WaterLegendary|Surf|p2b: Flutter Mane|[spread] p2a,p2b\n|-miss|p1b: Gen3WaterLegendary|p1a: Tatsugiri\n|-resisted|p2a: Wo-Chien\n|-damage|p2a: Wo-Chien|32\/100\n|-damage|p2b: Flutter Mane|4\/100\n|move|p2b: Flutter Mane|Thunderbolt|p1b: Gen3WaterLegendary\n|-supereffective|p1b: Gen3WaterLegendary\n|-damage|p1b: Gen3WaterLegendary|0 fnt\n|faint|p1b: Gen3WaterLegendary\n|move|p2a: Wo-Chien|Leech Seed|p1a: Tatsugiri\n|-start|p1a: Tatsugiri|move: Leech Seed\n|\n|-weather|none\n|-heal|p2a: Wo-Chien|38\/100|[from] item: Leftovers\n|-damage|p1a: Tatsugiri|89\/100|[from] Leech Seed|[of] p2a: Wo-Chien\n|-heal|p2a: Wo-Chien|47\/100|[silent]\n|upkeep\n|\n|t:|1681760898\n|switch|p1b: Pelipper|Pelipper, L50, F|100\/100\n|-weather|RainDance|[from] ability: Drizzle|[of] p1b: Pelipper\n|turn|9\n|\n|t:|1681760915\n|switch|p1b: Scizor|Scizor, L50, M|100\/100\n|move|p2a: Wo-Chien|Protect|p2a: Wo-Chien\n|-singleturn|p2a: Wo-Chien|Protect\n|move|p1a: Tatsugiri|Icy Wind|p2a: Wo-Chien|[spread] p2b\n|-activate|p2a: Wo-Chien|move: Protect\n|-crit|p2b: Flutter Mane\n|-damage|p2b: Flutter Mane|0 fnt\n|faint|p2b: Flutter Mane\n|-end|p2b: Flutter Mane|Protosynthesis|[silent]\n|\n|-weather|RainDance|[upkeep]\n|-heal|p2a: Wo-Chien|53\/100|[from] item: Leftovers\n|-damage|p1a: Tatsugiri|77\/100|[from] Leech Seed|[of] p2a: Wo-Chien\n|-heal|p2a: Wo-Chien|62\/100|[silent]\n|upkeep\n|turn|10\n|\n|t:|1681760926\n|move|p1a: Tatsugiri|Icy Wind|p2a: Wo-Chien\n|-supereffective|p2a: Wo-Chien\n|-damage|p2a: Wo-Chien|39\/100\n|-unboost|p2a: Wo-Chien|spe|1\n|move|p1b: Scizor|Pounce|p2a: Wo-Chien\n|-supereffective|p2a: Wo-Chien\n|-damage|p2a: Wo-Chien|0 fnt\n|faint|p2a: Wo-Chien\n|-damage|p1b: Scizor|91\/100|[from] item: Life Orb\n|\n|win|Vivixification\n|raw|Vivixification's rating: 1404 → 1424<\/strong> (+20 for winning)\n|raw|Phelon's rating: 1396 → 1376<\/strong> (-20 for losing)\n|l|\u2606Phelon\n|l|\u2606Vivixification\n|j|\u2606Phelon\n|player|p2|Phelon|burglar\n","uploadtime":1681760991,"views":13,"p1id":"vivixification","p2id":"phelon","formatid":"gen9vgc2023regulationc","rating":1376,"private":0,"password":""}