{"id":"gen9vgc2023regulationc-1855810581","p1":"serdddddd","p2":"feetway","format":"[Gen 9] VGC 2023 Regulation C","log":"|j|\u2606serdddddd\n|j|\u2606feetway\n|t:|1682986871\n|gametype|doubles\n|player|p1|serdddddd|2|1109\n|player|p2|feetway|veteran-gen4|1058\n|teamsize|p1|6\n|teamsize|p2|6\n|gen|9\n|tier|[Gen 9] VGC 2023 Regulation C\n|rated|\n|rule|Species Clause: Limit one of each Pok\u00e9mon\n|rule|Item Clause: Limit one of each item\n|clearpoke\n|poke|p1|Dondozo, L50, F|\n|poke|p1|Tatsugiri, L50, F|\n|poke|p1|Kingambit, L50, F|\n|poke|p1|Torkoal, L50, M|\n|poke|p1|Hatterene, L50, F|\n|poke|p1|Indeedee-F, L50, F|\n|poke|p2|Iron Hands, L50|\n|poke|p2|Dragonite, L50, M|\n|poke|p2|Flutter Mane, L50|\n|poke|p2|Brute Bonnet, L50|\n|poke|p2|Gastrodon-East, L50, M|\n|poke|p2|Arcanine, L50, F|\n|teampreview|4\nfeetway has agreed to open team sheets.\n|inactive|Battle timer is ON: inactive players will automatically lose when time's up. (requested by serdddddd)\n|inactive|feetway has 60 seconds left.\n|\n|t:|1682986937\n|start\n|switch|p1a: Dondozo|Dondozo, L50, F|100\/100\n|switch|p1b: Tatsugiri|Tatsugiri, L50, F|100\/100\n|switch|p2a: Gastroworld|Gastrodon-East, L50, M|100\/100\n|switch|p2b: Ms. Magius|Flutter Mane, L50|100\/100\n|-activate|p1b: Tatsugiri|ability: Commander|[of] p1a: Dondozo\n|-boost|p1a: Dondozo|atk|2\n|-boost|p1a: Dondozo|spa|2\n|-boost|p1a: Dondozo|spe|2\n|-boost|p1a: Dondozo|def|2\n|-boost|p1a: Dondozo|spd|2\n|turn|1\n|\n|t:|1682986958\n|-end|p2b: Ms. Magius|Protosynthesis|[silent]\n|switch|p2b: catch deez hands|Iron Hands, L50|100\/100\n|-terastallize|p1a: Dondozo|Grass\n|move|p1a: Dondozo|Tera Blast|p2a: Gastroworld\n|-supereffective|p2a: Gastroworld\n|-damage|p2a: Gastroworld|0 fnt\n|faint|p2a: Gastroworld\n|\n|upkeep\n|\n|t:|1682986971\n|switch|p2a: Arcanine|Arcanine, L50, F|100\/100\n|-ability|p2a: Arcanine|Intimidate|boost\n|-fail|p1a: Dondozo|unboost|Attack|[from] ability: Oblivious|[of] p1a: Dondozo\n|-unboost|p1b: Tatsugiri|atk|1\n|turn|2\n|\n|t:|1682986982\n|move|p2b: catch deez hands|Fake Out|p1a: Dondozo\n|-damage|p1a: Dondozo|95\/100\n|cant|p1a: Dondozo|flinch\n|move|p2a: Arcanine|Will-O-Wisp|p1a: Dondozo\n|-status|p1a: Dondozo|brn\n|\n|-damage|p1a: Dondozo|89\/100 brn|[from] brn\n|upkeep\n|turn|3\n|inactive|feetway has 30 seconds left.\n|\n|t:|1682987011\n|move|p1a: Dondozo|Tera Blast|p2a: Arcanine\n|-resisted|p2a: Arcanine\n|-damage|p2a: Arcanine|65\/100\n|move|p2a: Arcanine|Flare Blitz|p1a: Dondozo\n|-supereffective|p1a: Dondozo\n|-damage|p1a: Dondozo|43\/100 brn\n|-damage|p2a: Arcanine|46\/100|[from] Recoil\n|move|p2b: catch deez hands|Ice Punch|p1a: Dondozo\n|-supereffective|p1a: Dondozo\n|-damage|p1a: Dondozo|20\/100 brn\n|\n|-damage|p1a: Dondozo|14\/100 brn|[from] brn\n|upkeep\n|turn|4\n|\n|t:|1682987025\n|move|p1a: Dondozo|Tera Blast|p2b: catch deez hands\n|-damage|p2b: catch deez hands|64\/100\n|move|p2a: Arcanine|Flare Blitz|p1a: Dondozo\n|-supereffective|p1a: Dondozo\n|-damage|p1a: Dondozo|0 fnt\n|faint|p1a: Dondozo\n|-damage|p2a: Arcanine|41\/100|[from] Recoil\n|move|p2b: catch deez hands|Wild Charge|p1b: Tatsugiri\n|-damage|p1b: Tatsugiri|0 fnt\n|faint|p1b: Tatsugiri\n|-damage|p2b: catch deez hands|51\/100|[from] Recoil\n|\n|upkeep\n|\n|t:|1682987039\n|switch|p1b: Indeedee|Indeedee-F, L50, F|100\/100\n|switch|p1a: Kingambit|Kingambit, L50, F|100\/100\n|-fieldstart|move: Psychic Terrain|[from] ability: Psychic Surge|[of] p1b: Indeedee\n|-enditem|p1b: Indeedee|Psychic Seed\n|-boost|p1b: Indeedee|spd|1|[from] item: Psychic Seed\n|turn|5\n|\n|t:|1682987053\n|move|p1a: Kingambit|Sucker Punch||[still]\n|-fail|p1a: Kingambit\n|move|p2a: Arcanine|Will-O-Wisp|p1a: Kingambit|[miss]\n|-miss|p2a: Arcanine|p1a: Kingambit\n|move|p2b: catch deez hands|Drain Punch|p1a: Kingambit\n|-supereffective|p1a: Kingambit\n|-damage|p1a: Kingambit|0 fnt\n|-heal|p2b: catch deez hands|91\/100|[from] drain|[of] p1a: Kingambit\n|faint|p1a: Kingambit\n|move|p1b: Indeedee|Trick Room|p1b: Indeedee\n|-fieldstart|move: Trick Room|[of] p1b: Indeedee\n|\n|upkeep\n|turn|6\n|-message|serdddddd forfeited.\n|\n|win|feetway\n|raw|serdddddd's rating: 1109 → 1080<\/strong> (-29 for losing)\n|raw|feetway's rating: 1058 → 1094<\/strong> (+36 for winning)\n|l|\u2606serdddddd\n","uploadtime":1682987074,"views":12,"p1id":"serdddddd","p2id":"feetway","formatid":"gen9vgc2023regulationc","rating":1080,"private":0,"password":""}