{"id":"gen9vgc2023regulationc-1859456015","p1":"iraqanid","p2":"bluezuzu","format":"[Gen 9] VGC 2023 Regulation C","log":"|j|\u2606iraqanid\n|j|\u2606bluezuzu\n|t:|1683470872\n|gametype|doubles\n|player|p1|iraqanid|biker|1163\n|player|p2|bluezuzu|169|1215\n|teamsize|p1|6\n|teamsize|p2|6\n|gen|9\n|tier|[Gen 9] VGC 2023 Regulation C\n|rated|\n|rule|Species Clause: Limit one of each Pok\u00e9mon\n|rule|Item Clause: Limit one of each item\n|clearpoke\n|poke|p1|Chien-Pao, L50|\n|poke|p1|Breloom, L50, M|\n|poke|p1|Garganacl, L50, M|\n|poke|p1|Dondozo, L50, F|\n|poke|p1|Arcanine, L50, M|\n|poke|p1|Iron Bundle, L50|\n|poke|p2|Tyranitar, L50, F|\n|poke|p2|Gastrodon, L50, F|\n|poke|p2|Scizor, L50, F|\n|poke|p2|Arcanine, L50, F|\n|poke|p2|Magnezone, L50|\n|poke|p2|Sylveon, L50, M|\n|teampreview|4\niraqanid has agreed to open team sheets.\n|\n|t:|1683470936\n|start\n|switch|p1a: Garganacl|Garganacl, L50, M|100\/100\n|switch|p1b: Dondozo|Dondozo, L50, F|100\/100\n|switch|p2a: Gastrodon|Gastrodon, L50, F|100\/100\n|switch|p2b: Tyranitar|Tyranitar, L50, F|100\/100\n|-weather|Sandstorm|[from] ability: Sand Stream|[of] p2b: Tyranitar\n|turn|1\n|\n|t:|1683470956\n|move|p2b: Tyranitar|Ice Punch|p1a: Garganacl\n|-damage|p1a: Garganacl|83\/100\n|move|p1b: Dondozo|Yawn|p2b: Tyranitar\n|-start|p2b: Tyranitar|move: Yawn|[of] p1b: Dondozo\n|move|p1a: Garganacl|Salt Cure|p2a: Gastrodon\n|-resisted|p2a: Gastrodon\n|-damage|p2a: Gastrodon|93\/100\n|-start|p2a: Gastrodon|Salt Cure\n|move|p2a: Gastrodon|Hydro Pump|p1a: Garganacl\n|-supereffective|p1a: Garganacl\n|-crit|p1a: Garganacl\n|-damage|p1a: Garganacl|12\/100\n|-enditem|p1a: Garganacl|Sitrus Berry|[eat]\n|-heal|p1a: Garganacl|37\/100|[from] item: Sitrus Berry\n|\n|-weather|Sandstorm|[upkeep]\n|-damage|p1b: Dondozo|95\/100|[from] Sandstorm\n|-heal|p1b: Dondozo|100\/100|[from] item: Leftovers\n|-heal|p2a: Gastrodon|99\/100|[from] item: Leftovers\n|-damage|p2a: Gastrodon|74\/100|[from] Salt Cure\n|upkeep\n|turn|2\n|\n|t:|1683470984\n|switch|p2a: Magnezone|Magnezone, L50|100\/100\n|-terastallize|p1a: Garganacl|Water\n|move|p2b: Tyranitar|Rock Slide|p1b: Dondozo|[spread] p1a,p1b\n|-damage|p1a: Garganacl|15\/100\n|-damage|p1b: Dondozo|80\/100\n|cant|p1b: Dondozo|flinch\n|move|p1a: Garganacl|Recover|p1a: Garganacl\n|-heal|p1a: Garganacl|65\/100\n|\n|-weather|Sandstorm|[upkeep]\n|-damage|p1b: Dondozo|74\/100|[from] Sandstorm\n|-damage|p1a: Garganacl|59\/100|[from] Sandstorm\n|-heal|p1b: Dondozo|80\/100|[from] item: Leftovers\n|-end|p2b: Tyranitar|move: Yawn|[silent]\n|-status|p2b: Tyranitar|slp\n|upkeep\n|turn|3\n|\n|t:|1683471010\n|switch|p1a: Breloom|Breloom, L50, M|100\/100\n|cant|p2b: Tyranitar|slp\n|move|p1b: Dondozo|Protect|p1b: Dondozo\n|-singleturn|p1b: Dondozo|Protect\n|move|p2a: Magnezone|Thunderbolt|p1a: Breloom\n|-resisted|p1a: Breloom\n|-damage|p1a: Breloom|55\/100\n|\n|-weather|Sandstorm|[upkeep]\n|-damage|p1a: Breloom|49\/100|[from] Sandstorm\n|-damage|p1b: Dondozo|74\/100|[from] Sandstorm\n|-heal|p1b: Dondozo|80\/100|[from] item: Leftovers\n|upkeep\n|turn|4\n|\n|t:|1683471030\n|move|p1a: Breloom|Spore|p2a: Magnezone\n|-status|p2a: Magnezone|slp|[from] move: Spore\n|cant|p2b: Tyranitar|slp\n|cant|p2a: Magnezone|slp\n|move|p1b: Dondozo|Liquidation|p2a: Magnezone\n|-damage|p2a: Magnezone|65\/100 slp\n|\n|-weather|Sandstorm|[upkeep]\n|-damage|p1a: Breloom|43\/100|[from] Sandstorm\n|-damage|p1b: Dondozo|74\/100|[from] Sandstorm\n|-heal|p1b: Dondozo|80\/100|[from] item: Leftovers\n|upkeep\n|turn|5\n|\n|t:|1683471045\n|move|p1a: Breloom|Bullet Seed|p2b: Tyranitar\n|-supereffective|p2b: Tyranitar\n|-damage|p2b: Tyranitar|65\/100 slp\n|-supereffective|p2b: Tyranitar\n|-damage|p2b: Tyranitar|31\/100 slp\n|-supereffective|p2b: Tyranitar\n|-damage|p2b: Tyranitar|0 fnt\n|faint|p2b: Tyranitar\n|-hitcount|p2: Tyranitar|3\n|cant|p2a: Magnezone|slp\n|move|p1b: Dondozo|Liquidation|p2a: Magnezone\n|-damage|p2a: Magnezone|33\/100 slp\n|\n|-weather|none\n|-heal|p1b: Dondozo|86\/100|[from] item: Leftovers\n|upkeep\n|\n|t:|1683471062\n|switch|p2b: Scizor|Scizor, L50, F|100\/100\n|turn|6\n|\n|t:|1683471089\n|switch|p1b: Arcanine|Arcanine, L50, M|100\/100\n|-ability|p1b: Arcanine|Intimidate|boost\n|-unboost|p2a: Magnezone|atk|1\n|-unboost|p2b: Scizor|atk|1\n|-terastallize|p2b: Scizor|Steel\n|move|p1a: Breloom|Protect|p1a: Breloom\n|-singleturn|p1a: Breloom|Protect\n|move|p2b: Scizor|Bullet Punch|p1a: Breloom\n|-activate|p1a: Breloom|move: Protect\n|-curestatus|p2a: Magnezone|slp|[msg]\n|move|p2a: Magnezone|Electric Terrain|p2a: Magnezone\n|-fieldstart|move: Electric Terrain\n|\n|upkeep\n|turn|7\n|\n|t:|1683471116\n|switch|p2b: Gastrodon|Gastrodon, L50, F|74\/100\n|move|p1a: Breloom|Mach Punch|p2a: Magnezone\n|-supereffective|p2a: Magnezone\n|-damage|p2a: Magnezone|0 fnt\n|faint|p2a: Magnezone\n|move|p1b: Arcanine|Flare Blitz|p2b: Gastrodon\n|-resisted|p2b: Gastrodon\n|-damage|p2b: Gastrodon|48\/100\n|-damage|p1b: Arcanine|92\/100|[from] Recoil\n|\n|-heal|p2b: Gastrodon|54\/100|[from] item: Leftovers\n|upkeep\n|\n|t:|1683471129\n|switch|p2a: Scizor|Scizor, L50, F, tera:Steel|100\/100\n|turn|8\n|\n|t:|1683471146\n|switch|p1b: Garganacl|Garganacl, L50, M, tera:Water|59\/100\n|switch|p1a: Dondozo|Dondozo, L50, F|86\/100\n|move|p2a: Scizor|X-Scissor|p1a: Dondozo\n|-damage|p1a: Dondozo|59\/100\n|move|p2b: Gastrodon|Hydro Pump|p1b: Garganacl\n|-resisted|p1b: Garganacl\n|-damage|p1b: Garganacl|42\/100\n|\n|-heal|p1a: Dondozo|65\/100|[from] item: Leftovers\n|-heal|p2b: Gastrodon|60\/100|[from] item: Leftovers\n|upkeep\n|turn|9\n|\n|t:|1683471175\n|switch|p1a: Arcanine|Arcanine, L50, M|92\/100\n|-ability|p1a: Arcanine|Intimidate|boost\n|-unboost|p2a: Scizor|atk|1\n|-unboost|p2b: Gastrodon|atk|1\n|move|p2a: Scizor|Swords Dance|p2a: Scizor\n|-boost|p2a: Scizor|atk|2\n|move|p1b: Garganacl|Recover|p1b: Garganacl\n|-heal|p1b: Garganacl|92\/100\n|move|p2b: Gastrodon|Earth Power|p1b: Garganacl\n|-damage|p1b: Garganacl|61\/100\n|\n|-heal|p2b: Gastrodon|66\/100|[from] item: Leftovers\n|upkeep\n|turn|10\n|\n|t:|1683471200\n|move|p2a: Scizor|Bullet Punch|p1b: Garganacl\n|-resisted|p1b: Garganacl\n|-damage|p1b: Garganacl|38\/100\n|move|p1a: Arcanine|Will-O-Wisp|p2a: Scizor\n|-status|p2a: Scizor|brn\n|move|p1b: Garganacl|Salt Cure|p2b: Gastrodon\n|-resisted|p2b: Gastrodon\n|-damage|p2b: Gastrodon|58\/100\n|-start|p2b: Gastrodon|Salt Cure\n|move|p2b: Gastrodon|Hydro Pump|p1a: Arcanine\n|-supereffective|p1a: Arcanine\n|-damage|p1a: Arcanine|0 fnt\n|faint|p1a: Arcanine\n|\n|-heal|p2b: Gastrodon|64\/100|[from] item: Leftovers\n|-damage|p2a: Scizor|94\/100 brn|[from] brn\n|-damage|p2b: Gastrodon|40\/100|[from] Salt Cure\n|-fieldend|move: Electric Terrain\n|upkeep\n|\n|t:|1683471209\n|switch|p1a: Dondozo|Dondozo, L50, F|65\/100\n|turn|11\n|\n|t:|1683471234\n|move|p2a: Scizor|Swords Dance|p2a: Scizor\n|-boost|p2a: Scizor|atk|2\n|move|p1a: Dondozo|Yawn|p2b: Gastrodon\n|-start|p2b: Gastrodon|move: Yawn|[of] p1a: Dondozo\n|move|p1b: Garganacl|Recover|p1b: Garganacl\n|-heal|p1b: Garganacl|88\/100\n|move|p2b: Gastrodon|Hydro Pump|p1b: Garganacl\n|-resisted|p1b: Garganacl\n|-damage|p1b: Garganacl|71\/100\n|\n|-heal|p1a: Dondozo|71\/100|[from] item: Leftovers\n|-heal|p2b: Gastrodon|45\/100|[from] item: Leftovers\n|-damage|p2a: Scizor|88\/100 brn|[from] brn\n|-damage|p2b: Gastrodon|21\/100|[from] Salt Cure\n|upkeep\n|turn|12\n|\n|t:|1683471259\n|move|p2a: Scizor|X-Scissor|p1b: Garganacl\n|-damage|p1b: Garganacl|34\/100\n|move|p1a: Dondozo|Substitute|p1a: Dondozo\n|-start|p1a: Dondozo|Substitute\n|-damage|p1a: Dondozo|46\/100\n|move|p1b: Garganacl|Salt Cure|p2a: Scizor\n|-resisted|p2a: Scizor\n|-damage|p2a: Scizor|80\/100 brn\n|-start|p2a: Scizor|Salt Cure\n|move|p2b: Gastrodon|Hydro Pump|p1b: Garganacl\n|-resisted|p1b: Garganacl\n|-damage|p1b: Garganacl|15\/100\n|\n|-heal|p1a: Dondozo|52\/100|[from] item: Leftovers\n|-heal|p2b: Gastrodon|27\/100|[from] item: Leftovers\n|-damage|p2a: Scizor|74\/100 brn|[from] brn\n|-damage|p2a: Scizor|49\/100 brn|[from] Salt Cure\n|-damage|p2b: Gastrodon|2\/100|[from] Salt Cure\n|-end|p2b: Gastrodon|move: Yawn|[silent]\n|-status|p2b: Gastrodon|slp\n|upkeep\n|turn|13\n|\n|t:|1683471284\n|move|p1a: Dondozo|Protect|p1a: Dondozo\n|-singleturn|p1a: Dondozo|Protect\n|move|p1b: Garganacl|Protect|p1b: Garganacl\n|-singleturn|p1b: Garganacl|Protect\n|move|p2a: Scizor|Bullet Punch|p1b: Garganacl\n|-activate|p1b: Garganacl|move: Protect\n|cant|p2b: Gastrodon|slp\n|\n|-heal|p1a: Dondozo|58\/100|[from] item: Leftovers\n|-heal|p2b: Gastrodon|8\/100 slp|[from] item: Leftovers\n|-damage|p2a: Scizor|43\/100 brn|[from] brn\n|-damage|p2a: Scizor|18\/100 brn|[from] Salt Cure\n|-damage|p2b: Gastrodon|0 fnt|[from] Salt Cure\n|faint|p2b: Gastrodon\n|upkeep\n|turn|14\n|-message|bluezuzu forfeited.\n|\n|win|iraqanid\n|raw|iraqanid's rating: 1163 → 1192<\/strong> (+29 for winning)\n|raw|bluezuzu's rating: 1215 → 1186<\/strong> (-29 for losing)\n|l|\u2606bluezuzu\n","uploadtime":1683471307,"views":8,"p1id":"iraqanid","p2id":"bluezuzu","formatid":"gen9vgc2023regulationc","rating":1186,"private":0,"password":""}