{"id":"gen9vgc2023regulationc-1862075139","p1":"DrippnDreepy","p2":"taterstotz","format":"[Gen 9] VGC 2023 Regulation C","log":"|j|\u2606DrippnDreepy\n|j|\u2606taterstotz\n|t:|1683834459\n|gametype|doubles\n|player|p1|DrippnDreepy|pokemaniac|1319\n|player|p2|taterstotz|266|1401\n|teamsize|p1|6\n|teamsize|p2|6\n|gen|9\n|tier|[Gen 9] VGC 2023 Regulation C\n|rated|\n|rule|Species Clause: Limit one of each Pok\u00e9mon\n|rule|Item Clause: Limit one of each item\n|clearpoke\n|poke|p1|Palafin, L50, M|\n|poke|p1|Flutter Mane, L50|\n|poke|p1|Iron Bundle, L50|\n|poke|p1|Chi-Yu, L50|\n|poke|p1|Dondozo, L50, M|\n|poke|p1|Tatsugiri, L50, F|\n|poke|p2|Palafin, L50, F|\n|poke|p2|Pelipper, L50, M|\n|poke|p2|Amoonguss, L50, F|\n|poke|p2|Scream Tail, L50|\n|poke|p2|Gothitelle, L50, M|\n|poke|p2|Kingambit, L50, M|\n|teampreview|4\n|inactive|Battle timer is ON: inactive players will automatically lose when time's up. (requested by taterstotz)\ntaterstotz has agreed to open team sheets.\n|inactive|DrippnDreepy has 60 seconds left.\n|\n|t:|1683834509\n|start\n|switch|p1a: Flutter Mane|Flutter Mane, L50|100\/100\n|switch|p1b: Chi-Yu|Chi-Yu, L50|100\/100\n|switch|p2a: Palafin|Palafin, L50, F|100\/100\n|switch|p2b: Scream Tail|Scream Tail, L50|100\/100\n|-ability|p1b: Chi-Yu|Beads of Ruin\n|-enditem|p2b: Scream Tail|Booster Energy\n|-activate|p2b: Scream Tail|ability: Protosynthesis|[fromitem]\n|-start|p2b: Scream Tail|protosynthesisspe\n|turn|1\n|\n|t:|1683834527\n|-terastallize|p2a: Palafin|Water\n|move|p2a: Palafin|Jet Punch|p1a: Flutter Mane\n|-damage|p1a: Flutter Mane|19\/100\n|move|p2b: Scream Tail|Play Rough|p1a: Flutter Mane\n|-damage|p1a: Flutter Mane|0 fnt\n|faint|p1a: Flutter Mane\n|-end|p1a: Flutter Mane|Protosynthesis|[silent]\n|move|p1b: Chi-Yu|Heat Wave|p2b: Scream Tail|[spread] p2a\n|-miss|p1b: Chi-Yu|p2b: Scream Tail\n|-resisted|p2a: Palafin\n|-damage|p2a: Palafin|66\/100\n|\n|upkeep\n|\n|t:|1683834533\n|switch|p1a: Dondozo|Dondozo, L50, M|100\/100\n|turn|2\n|\n|t:|1683834541\n|detailschange|p2a: Palafin|Palafin-Hero, L50, F, tera:Water\n|switch|p2a: Gothitelle|Gothitelle, L50, M|100\/100\n|move|p1b: Chi-Yu|Protect|p1b: Chi-Yu\n|-singleturn|p1b: Chi-Yu|Protect\n|move|p2b: Scream Tail|Perish Song|p2b: Scream Tail\n|-start|p1a: Dondozo|perish3|[silent]\n|-start|p1b: Chi-Yu|perish3|[silent]\n|-start|p2a: Gothitelle|perish3|[silent]\n|-start|p2b: Scream Tail|perish3|[silent]\n|-fieldactivate|move: Perish Song\n|move|p1a: Dondozo|Earthquake|p2a: Gothitelle|[spread] p2a,p2b\n|-activate|p1b: Chi-Yu|move: Protect\n|-damage|p2a: Gothitelle|86\/100\n|-damage|p2b: Scream Tail|86\/100\n|\n|-start|p2b: Scream Tail|perish3\n|-start|p1b: Chi-Yu|perish3\n|-start|p1a: Dondozo|perish3\n|-start|p2a: Gothitelle|perish3\n|upkeep\n|turn|3\n|\n|t:|1683834560\n|move|p2a: Gothitelle|Fake Out|p1a: Dondozo\n|-damage|p1a: Dondozo|96\/100\n|move|p2b: Scream Tail|Encore|p1b: Chi-Yu\n|-start|p1b: Chi-Yu|Encore\n|move|p1b: Chi-Yu|Protect|p1b: Chi-Yu\n|-singleturn|p1b: Chi-Yu|Protect\n|cant|p1a: Dondozo|flinch\n|\n|-heal|p1a: Dondozo|100\/100|[from] item: Leftovers\n|-start|p2b: Scream Tail|perish2\n|-start|p1b: Chi-Yu|perish2\n|-start|p1a: Dondozo|perish2\n|-start|p2a: Gothitelle|perish2\n|upkeep\n|turn|4\n|\n|t:|1683834581\n|move|p1b: Chi-Yu|Protect||[still]\n|-fail|p1b: Chi-Yu\n|move|p2b: Scream Tail|Disable|p1a: Dondozo\n|-start|p1a: Dondozo|Disable|Earthquake\n|move|p1a: Dondozo|Wave Crash|p2a: Gothitelle\n|-damage|p2a: Gothitelle|51\/100\n|-damage|p1a: Dondozo|92\/100|[from] Recoil\n|move|p2a: Gothitelle|Heal Pulse|p2b: Scream Tail\n|-heal|p2b: Scream Tail|100\/100\n|\n|-heal|p1a: Dondozo|98\/100|[from] item: Leftovers\n|-start|p2b: Scream Tail|perish1\n|-start|p1b: Chi-Yu|perish1\n|-start|p1a: Dondozo|perish1\n|-start|p2a: Gothitelle|perish1\n|upkeep\n|turn|5\n|\n|t:|1683834600\n|-end|p2b: Scream Tail|Protosynthesis|[silent]\n|switch|p2b: Palafin|Palafin-Hero, L50, F, tera:Water|66\/100\n|-activate|p2b: Palafin|ability: Zero to Hero\n|switch|p2a: Kingambit|Kingambit, L50, M|100\/100\n|move|p1b: Chi-Yu|Protect|p1b: Chi-Yu\n|-singleturn|p1b: Chi-Yu|Protect\n|move|p1a: Dondozo|Fissure|p2a: Kingambit|[miss]\n|-miss|p1a: Dondozo|p2a: Kingambit\n|\n|-heal|p1a: Dondozo|100\/100|[from] item: Leftovers\n|-end|p1b: Chi-Yu|Encore\n|-start|p1b: Chi-Yu|perish0\n|-start|p1a: Dondozo|perish0\n|faint|p1b: Chi-Yu\n|faint|p1a: Dondozo\n|upkeep\n|-message|DrippnDreepy forfeited.\n|\n|win|taterstotz\n|raw|DrippnDreepy's rating: 1319 → 1304<\/strong> (-15 for losing)\n|raw|taterstotz's rating: 1401 → 1416<\/strong> (+15 for winning)\n|l|\u2606DrippnDreepy\n","uploadtime":1683834619,"views":20,"p1id":"drippndreepy","p2id":"taterstotz","formatid":"gen9vgc2023regulationc","rating":1304,"private":0,"password":""}