{"id":"gen9vgc2023regulationc-1852367709","p1":"Loomer91","p2":"b(R)2","format":"[Gen 9] VGC 2023 Regulation C","log":"|j|\u2606Loomer91\n|j|\u2606b(R)2\n|t:|1682548976\n|gametype|doubles\n|player|p1|Loomer91|steven|1071\n|player|p2|b(R)2|266|1172\n|teamsize|p1|6\n|teamsize|p2|6\n|gen|9\n|tier|[Gen 9] VGC 2023 Regulation C\n|rated|\n|rule|Species Clause: Limit one of each Pok\u00e9mon\n|rule|Item Clause: Limit one of each item\n|clearpoke\n|poke|p1|Flutter Mane, L50|\n|poke|p1|Chi-Yu, L50|\n|poke|p1|Amoonguss, L50, F|\n|poke|p1|Gyarados, L50, F|\n|poke|p1|Kingambit, L50, M|\n|poke|p1|Dragonite, L50, F|\n|poke|p2|Ting-Lu, L50|\n|poke|p2|Amoonguss, L50, F|\n|poke|p2|Garganacl, L50, F|\n|poke|p2|Arcanine, L50, M|\n|poke|p2|Roaring Moon, L50|\n|poke|p2|Iron Bundle, L50|\n|teampreview|4\nb(R)2 has agreed to open team sheets.\n|\n|t:|1682549015\n|start\n|switch|p1a: Gyarados|Gyarados, L50, F, shiny|100\/100\n|switch|p1b: Amoonguss|Amoonguss, L50, F|100\/100\n|switch|p2a: Garganacl|Garganacl, L50, F|100\/100\n|switch|p2b: Ting-Lu|Ting-Lu, L50|100\/100\n|-ability|p1a: Gyarados|Intimidate|boost\n|-unboost|p2a: Garganacl|atk|1\n|-unboost|p2b: Ting-Lu|atk|1\n|-ability|p2b: Ting-Lu|Vessel of Ruin\n|turn|1\n|\n|t:|1682549042\n|switch|p2b: Arcanine|Arcanine, L50, M|100\/100\n|-ability|p2b: Arcanine|Intimidate|boost\n|-unboost|p1a: Gyarados|atk|1\n|-unboost|p1b: Amoonguss|atk|1\n|move|p1b: Amoonguss|Rage Powder|p1b: Amoonguss\n|-singleturn|p1b: Amoonguss|move: Rage Powder\n|move|p1a: Gyarados|Dragon Dance|p1a: Gyarados\n|-boost|p1a: Gyarados|atk|1\n|-boost|p1a: Gyarados|spe|1\n|move|p2a: Garganacl|Salt Cure|p1b: Amoonguss\n|-damage|p1b: Amoonguss|93\/100\n|-start|p1b: Amoonguss|Salt Cure\n|\n|-damage|p1b: Amoonguss|81\/100|[from] Salt Cure\n|upkeep\n|turn|2\n|\n|t:|1682549067\n|switch|p2b: Amoonguss|Amoonguss, L50, F|100\/100\n|switch|p1b: Dragonite|Dragonite, L50, F, shiny|100\/100\n|-terastallize|p1a: Gyarados|Ground\n|-terastallize|p2a: Garganacl|Ghost\n|move|p1a: Gyarados|Earthquake|p2b: Amoonguss|[spread] p2a,p2b\n|-immune|p1b: Dragonite\n|-damage|p2a: Garganacl|73\/100\n|-damage|p2b: Amoonguss|67\/100\n|move|p2a: Garganacl|Salt Cure|p1a: Gyarados\n|-resisted|p1a: Gyarados\n|-damage|p1a: Gyarados|96\/100\n|-start|p1a: Gyarados|Salt Cure\n|\n|-heal|p2a: Garganacl|79\/100|[from] item: Leftovers\n|-damage|p1a: Gyarados|84\/100|[from] Salt Cure\n|upkeep\n|turn|3\n|\n|t:|1682549114\n|switch|p2b: Arcanine|Arcanine, L50, M|100\/100\n|-ability|p2b: Arcanine|Intimidate|boost\n|-unboost|p1a: Gyarados|atk|1\n|-unboost|p1b: Dragonite|atk|1\n|move|p1a: Gyarados|Dragon Dance|p1a: Gyarados\n|-boost|p1a: Gyarados|atk|1\n|-boost|p1a: Gyarados|spe|1\n|move|p1b: Dragonite|Ice Spinner|p2b: Arcanine\n|-resisted|p2b: Arcanine\n|-damage|p2b: Arcanine|86\/100\n|move|p2a: Garganacl|Salt Cure|p1b: Dragonite\n|-supereffective|p1b: Dragonite\n|-damage|p1b: Dragonite|89\/100\n|-start|p1b: Dragonite|Salt Cure\n|\n|-heal|p2a: Garganacl|85\/100|[from] item: Leftovers\n|-damage|p1a: Gyarados|71\/100|[from] Salt Cure\n|-damage|p1b: Dragonite|77\/100|[from] Salt Cure\n|upkeep\n|turn|4\n|\n|t:|1682549138\n|switch|p1b: Amoonguss|Amoonguss, L50, F|81\/100\n|move|p2b: Arcanine|Protect|p2b: Arcanine\n|-singleturn|p2b: Arcanine|Protect\n|move|p1a: Gyarados|Earthquake|p2a: Garganacl|[spread] p1b,p2a\n|-activate|p2b: Arcanine|move: Protect\n|-damage|p1b: Amoonguss|49\/100\n|-damage|p2a: Garganacl|57\/100\n|-enditem|p1b: Amoonguss|Sitrus Berry|[eat]\n|-heal|p1b: Amoonguss|74\/100|[from] item: Sitrus Berry\n|move|p2a: Garganacl|Stealth Rock|p1b: Amoonguss\n|-sidestart|p1: Loomer91|move: Stealth Rock\n|\n|-heal|p2a: Garganacl|62\/100|[from] item: Leftovers\n|-damage|p1a: Gyarados|59\/100|[from] Salt Cure\n|upkeep\n|turn|5\n|\n|t:|1682549168\n|switch|p2b: Amoonguss|Amoonguss, L50, F|100\/100\n|move|p1b: Amoonguss|Protect|p1b: Amoonguss\n|-singleturn|p1b: Amoonguss|Protect\n|move|p1a: Gyarados|Waterfall|p2b: Amoonguss\n|-resisted|p2b: Amoonguss\n|-damage|p2b: Amoonguss|84\/100\n|move|p2a: Garganacl|Salt Cure|p1a: Gyarados\n|-resisted|p1a: Gyarados\n|-crit|p1a: Gyarados\n|-damage|p1a: Gyarados|47\/100\n|\n|-heal|p2a: Garganacl|68\/100|[from] item: Leftovers\n|-damage|p1a: Gyarados|34\/100|[from] Salt Cure\n|upkeep\n|turn|6\n|\n|t:|1682549194\n|move|p1a: Gyarados|Waterfall|p2a: Garganacl\n|-damage|p2a: Garganacl|36\/100\n|move|p1b: Amoonguss|Spore|p2a: Garganacl\n|-immune|p2a: Garganacl|[from] ability: Purifying Salt\n|move|p2a: Garganacl|Salt Cure|p1b: Amoonguss\n|-crit|p1b: Amoonguss\n|-damage|p1b: Amoonguss|58\/100\n|-start|p1b: Amoonguss|Salt Cure\n|move|p2b: Amoonguss|Pollen Puff|p2a: Garganacl\n|-heal|p2a: Garganacl|86\/100\n|\n|-heal|p2a: Garganacl|91\/100|[from] item: Leftovers\n|-damage|p1a: Gyarados|22\/100|[from] Salt Cure\n|-damage|p1b: Amoonguss|45\/100|[from] Salt Cure\n|upkeep\n|turn|7\n|-message|Loomer91 forfeited.\n|\n|win|b(R)2\n|raw|Loomer91's rating: 1071 → 1056<\/strong> (-15 for losing)\n|raw|b(R)2's rating: 1172 → 1190<\/strong> (+18 for winning)\n|l|\u2606Loomer91\n","uploadtime":1682549212,"views":19,"p1id":"loomer91","p2id":"br2","formatid":"gen9vgc2023regulationc","rating":1056,"private":0,"password":""}