{"id":"gen9vgc2023regulationc-1859977271","p1":"shaunpokefan","p2":"Aigashu-15","format":"[Gen 9] VGC 2023 Regulation C","log":"|j|\u2606shaunpokefan\n|j|\u2606Aigashu-15\n|t:|1683581233\n|gametype|doubles\n|player|p1|shaunpokefan|bugcatcher|1126\n|player|p2|Aigashu-15|1|1081\n|teamsize|p1|6\n|teamsize|p2|6\n|gen|9\n|tier|[Gen 9] VGC 2023 Regulation C\n|rated|\n|rule|Species Clause: Limit one of each Pok\u00e9mon\n|rule|Item Clause: Limit one of each item\n|clearpoke\n|poke|p1|Roaring Moon, L50|\n|poke|p1|Meowscarada, L50, F|\n|poke|p1|Maushold, L50|\n|poke|p1|Iron Hands, L50|\n|poke|p1|Rotom-Wash, L50|\n|poke|p1|Grimmsnarl, L50, M|\n|poke|p2|Arboliva, L50, M|\n|poke|p2|Iron Hands, L50|\n|poke|p2|Farigiraf, L50, F|\n|poke|p2|Ceruledge, L50, F|\n|poke|p2|Corviknight, L50, F|\n|poke|p2|Baxcalibur, L50, F|\n|teampreview|4\nshaunpokefan rejected open team sheets.\n|inactive|Battle timer is ON: inactive players will automatically lose when time's up. (requested by shaunpokefan)\n|inactive|Aigashu-15 has 60 seconds left.\n|\n|t:|1683581286\n|start\n|switch|p1a: Grimmsnarl|Grimmsnarl, L50, M|100\/100\n|switch|p1b: Rotom|Rotom-Wash, L50|100\/100\n|switch|p2a: Agamenon|Farigiraf, L50, F|100\/100\n|switch|p2b: Manoalegre2|Iron Hands, L50|100\/100\n|turn|1\n|\n|t:|1683581310\n|move|p2b: Manoalegre2|Fake Out|p1a: Grimmsnarl\n|-damage|p1a: Grimmsnarl|83\/100\n|cant|p1a: Grimmsnarl|flinch\n|move|p1b: Rotom|Thunderbolt|p2a: Agamenon\n|-damage|p2a: Agamenon|63\/100\n|move|p2a: Agamenon|Trick Room|p2a: Agamenon\n|-fieldstart|move: Trick Room|[of] p2a: Agamenon\n|\n|upkeep\n|turn|2\n|\n|t:|1683581329\n|move|p1a: Grimmsnarl|Reflect|p1a: Grimmsnarl\n|-sidestart|p1: shaunpokefan|Reflect\n|move|p2a: Agamenon|Energy Ball|p1b: Rotom\n|-supereffective|p1b: Rotom\n|-damage|p1b: Rotom|65\/100\n|move|p2b: Manoalegre2|Wild Charge|p1b: Rotom\n|-damage|p1b: Rotom|27\/100\n|-damage|p2b: Manoalegre2|94\/100|[from] Recoil\n|move|p1b: Rotom|Dark Pulse|p2a: Agamenon\n|-supereffective|p2a: Agamenon\n|-damage|p2a: Agamenon|18\/100\n|\n|upkeep\n|turn|3\n|inactive|shaunpokefan has 30 seconds left.\n|\n|t:|1683581355\n|switch|p1b: Iron Hands|Iron Hands, L50|100\/100\n|move|p2a: Agamenon|Dazzling Gleam|p1a: Grimmsnarl|[spread] p1a,p1b\n|-supereffective|p1a: Grimmsnarl\n|-supereffective|p1b: Iron Hands\n|-crit|p1b: Iron Hands\n|-damage|p1a: Grimmsnarl|54\/100\n|-damage|p1b: Iron Hands|56\/100\n|move|p2b: Manoalegre2|Wild Charge|p1b: Iron Hands\n|-resisted|p1b: Iron Hands\n|-damage|p1b: Iron Hands|43\/100\n|-damage|p2b: Manoalegre2|91\/100|[from] Recoil\n|move|p1a: Grimmsnarl|Spirit Break|p2a: Agamenon\n|-damage|p2a: Agamenon|0 fnt\n|faint|p2a: Agamenon\n|\n|upkeep\n|\n|t:|1683581377\n|switch|p2a: KenobiDos|Corviknight, L50, F|100\/100\n|turn|4\n|\n|t:|1683581395\n|move|p2b: Manoalegre2|Protect|p2b: Manoalegre2\n|-singleturn|p2b: Manoalegre2|Protect\n|move|p1b: Iron Hands|Fake Out|p2b: Manoalegre2\n|-activate|p2b: Manoalegre2|move: Protect\n|move|p1a: Grimmsnarl|Taunt|p2a: KenobiDos\n|-start|p2a: KenobiDos|move: Taunt\n|cant|p2a: KenobiDos|move: Taunt|Bulk Up\n|\n|upkeep\n|turn|5\n|inactive|shaunpokefan has 30 seconds left.\n|inactive|Aigashu-15 has 30 seconds left.\n|\n|t:|1683581420\n|switch|p1a: Rotom|Rotom-Wash, L50|27\/100\n|move|p1b: Iron Hands|Wild Charge|p2a: KenobiDos\n|-supereffective|p2a: KenobiDos\n|-damage|p2a: KenobiDos|0 fnt\n|faint|p2a: KenobiDos\n|-damage|p1b: Iron Hands|24\/100|[from] Recoil\n|-damage|p1b: Iron Hands|14\/100|[from] item: Life Orb\n|move|p2b: Manoalegre2|Drain Punch|p1b: Iron Hands\n|-damage|p1b: Iron Hands|0 fnt\n|-heal|p2b: Manoalegre2|98\/100|[from] drain|[of] p1b: Iron Hands\n|faint|p1b: Iron Hands\n|-end|p1b: Iron Hands|Quark Drive|[silent]\n|\n|-fieldend|move: Trick Room\n|upkeep\n|inactive|shaunpokefan has 30 seconds left.\n|inactive|shaunpokefan has 20 seconds left.\n|inactive|shaunpokefan has 15 seconds left.\n|inactive|shaunpokefan has 10 seconds left.\n|inactive|shaunpokefan has 5 seconds left.\n|\n|t:|1683581475\n|switch|p2a: Majar\u00e9|Arboliva, L50, M, shiny|100\/100\n|switch|p1b: Grimmsnarl|Grimmsnarl, L50, M|54\/100\n|turn|6\n|inactive|shaunpokefan has 30 seconds left.\n|inactive|shaunpokefan has 20 seconds left.\n|inactive|shaunpokefan has 15 seconds left.\n|inactive|shaunpokefan has 10 seconds left.\n|inactive|shaunpokefan has 5 seconds left.\n|\n|t:|1683581529\n|move|p1a: Rotom|Thunderbolt|p2a: Majar\u00e9\n|-resisted|p2a: Majar\u00e9\n|-damage|p2a: Majar\u00e9|81\/100\n|-fieldstart|move: Grassy Terrain|[from] ability: Seed Sower|[of] p2a: Majar\u00e9\n|move|p1b: Grimmsnarl|Spirit Break|p2a: Majar\u00e9\n|-damage|p2a: Majar\u00e9|46\/100\n|-unboost|p2a: Majar\u00e9|spa|1\n|move|p2b: Manoalegre2|Drain Punch|p1b: Grimmsnarl\n|-damage|p1b: Grimmsnarl|17\/100\n|-heal|p2b: Manoalegre2|100\/100|[from] drain|[of] p1b: Grimmsnarl\n|move|p2a: Majar\u00e9|Hyper Voice|p1b: Grimmsnarl|[spread] p1a,p1b\n|-damage|p1a: Rotom|9\/100\n|-damage|p1b: Grimmsnarl|0 fnt\n|faint|p1b: Grimmsnarl\n|-enditem|p2a: Majar\u00e9|Throat Spray\n|-boost|p2a: Majar\u00e9|spa|1|[from] item: Throat Spray\n|\n|-heal|p2a: Majar\u00e9|51\/100|[from] Grassy Terrain\n|upkeep\n|\n|t:|1683581547\n|switch|p1b: Roaring Moon|Roaring Moon, L50|100\/100\n|-enditem|p1b: Roaring Moon|Booster Energy\n|-activate|p1b: Roaring Moon|ability: Protosynthesis|[fromitem]\n|-start|p1b: Roaring Moon|protosynthesisatk\n|turn|7\n|inactive|shaunpokefan has 30 seconds left.\n|inactive|Aigashu-15 has 30 seconds left.\n|inactive|shaunpokefan has 20 seconds left.\n|inactive|shaunpokefan has 15 seconds left.\n|\n|t:|1683581589\n|move|p1b: Roaring Moon|Acrobatics|p2b: Manoalegre2\n|-damage|p2b: Manoalegre2|59\/100\n|move|p1a: Rotom|Dark Pulse|p2b: Manoalegre2\n|-resisted|p2b: Manoalegre2\n|-damage|p2b: Manoalegre2|50\/100\n|-enditem|p2b: Manoalegre2|Sitrus Berry|[eat]\n|-heal|p2b: Manoalegre2|75\/100|[from] item: Sitrus Berry\n|move|p2b: Manoalegre2|Drain Punch|p1b: Roaring Moon\n|-supereffective|p1b: Roaring Moon\n|-damage|p1b: Roaring Moon|23\/100\n|-heal|p2b: Manoalegre2|100\/100|[from] drain|[of] p1b: Roaring Moon\n|move|p2a: Majar\u00e9|Strength Sap|p1b: Roaring Moon\n|-unboost|p1b: Roaring Moon|atk|1\n|-heal|p2a: Majar\u00e9|100\/100\n|\n|-heal|p1b: Roaring Moon|29\/100|[from] Grassy Terrain\n|upkeep\n|turn|8\n|inactive|shaunpokefan has 30 seconds left.\n|\n|t:|1683581615\n|move|p1b: Roaring Moon|Acrobatics|p2b: Manoalegre2\n|-damage|p2b: Manoalegre2|73\/100\n|move|p1a: Rotom|Thunderbolt|p2b: Manoalegre2\n|-resisted|p2b: Manoalegre2\n|-damage|p2b: Manoalegre2|56\/100\n|move|p2b: Manoalegre2|Drain Punch|p1b: Roaring Moon\n|-supereffective|p1b: Roaring Moon\n|-damage|p1b: Roaring Moon|0 fnt\n|-heal|p2b: Manoalegre2|67\/100|[from] drain|[of] p1b: Roaring Moon\n|faint|p1b: Roaring Moon\n|-end|p1b: Roaring Moon|Protosynthesis|[silent]\n|move|p2a: Majar\u00e9|Terrain Pulse|p1a: Rotom\n|-supereffective|p1a: Rotom\n|-damage|p1a: Rotom|0 fnt\n|faint|p1a: Rotom\n|\n|win|Aigashu-15\n|raw|shaunpokefan's rating: 1126 → 1098<\/strong> (-28 for losing)\n|raw|Aigashu-15's rating: 1081 → 1112<\/strong> (+31 for winning)\n|l|\u2606shaunpokefan\n","uploadtime":1683581633,"views":10,"p1id":"shaunpokefan","p2id":"aigashu15","formatid":"gen9vgc2023regulationc","rating":1098,"private":0,"password":""}