{"id":"gen9vgc2023regulationc-1858710497","p1":"ocfrey","p2":"sejuntest","format":"[Gen 9] VGC 2023 Regulation C","log":"|j|\u2606ocfrey\n|j|\u203dsejuntest\n|t:|1683346226\n|gametype|doubles\n|player|p1|ocfrey|169|\n|player|p2|sejuntest|1|\n|teamsize|p1|6\n|teamsize|p2|6\n|gen|9\n|tier|[Gen 9] VGC 2023 Regulation C\n|rule|Species Clause: Limit one of each Pok\u00e9mon\n|rule|Item Clause: Limit one of each item\n|clearpoke\n|poke|p1|Indeedee-F, L50, F|\n|poke|p1|Dragapult, L50, F|\n|poke|p1|Donphan, L50, F|\n|poke|p1|Skeledirge, L50, F|\n|poke|p1|Bronzong, L50|\n|poke|p1|Iron Hands, L50|\n|poke|p2|Iron Hands, L50|\n|poke|p2|Volcarona, L50, F|\n|poke|p2|Dragapult, L50, F|\n|poke|p2|Palafin, L50, M|\n|poke|p2|Bisharp, L50, M|\n|poke|p2|Scream Tail, L50|\n|teampreview|4\n|c|\u2606ocfrey|wait forgot the command\nocfrey has agreed to open team sheets.\nsejuntest rejected open team sheets.\n|\n|t:|1683346253\n|start\n|switch|p1a: Dragapult|Dragapult, L50, F|100\/100\n|switch|p1b: Donphan|Donphan, L50, F|100\/100\n|switch|p2a: Palafin|Palafin, L50, M|100\/100\n|switch|p2b: Bisharp|Bisharp, L50, M|100\/100\n|turn|1\n|j| Ace98121212\n|\n|t:|1683346276\n|detailschange|p2a: Palafin|Palafin-Hero, L50, M\n|switch|p2a: Iron Hands|Iron Hands, L50|100\/100\n|switch|p1b: Iron Hands|Iron Hands, L50|100\/100\n|-terastallize|p1a: Dragapult|Fighting\n|-terastallize|p2b: Bisharp|Fairy\n|move|p1a: Dragapult|Tera Blast|p2b: Bisharp\n|-resisted|p2b: Bisharp\n|-damage|p2b: Bisharp|87\/100\n|move|p2b: Bisharp|Swords Dance|p2b: Bisharp\n|-boost|p2b: Bisharp|atk|2\n|\n|upkeep\n|turn|2\n|\n|t:|1683346299\n|switch|p1a: Indeedee|Indeedee-F, L50, F|100\/100\n|-fieldstart|move: Psychic Terrain|[from] ability: Psychic Surge|[of] p1a: Indeedee\n|move|p2b: Bisharp|Tera Blast|p1b: Iron Hands\n|-supereffective|p1b: Iron Hands\n|-damage|p1b: Iron Hands|0 fnt\n|faint|p1b: Iron Hands\n|-end|p1b: Iron Hands|Quark Drive|[silent]\n|move|p2a: Iron Hands|Play Rough|p1a: Indeedee\n|-damage|p1a: Indeedee|21\/100\n|\n|upkeep\n|c|\u2606ocfrey|ok i really need to figure my team out\n|c|\u2606ocfrey|bc i am just not playing well at all\n|\n|t:|1683346324\n|switch|p1b: Dragapult|Dragapult, L50, F, tera:Fighting|100\/100\n|turn|3\n|c| Ace98121212|Yeah\n|\n|t:|1683346337\n|move|p1a: Indeedee|Protect|p1a: Indeedee\n|-singleturn|p1a: Indeedee|Protect\n|move|p1b: Dragapult|Phantom Force||[still]\n|-prepare|p1b: Dragapult|Phantom Force\n|move|p2b: Bisharp|Iron Head|p1a: Indeedee\n|-activate|p1a: Indeedee|move: Protect\n|move|p2a: Iron Hands|Play Rough|p1b: Dragapult|[miss]\n|-miss|p2a: Iron Hands|p1b: Dragapult\n|\n|upkeep\n|turn|4\n|\n|t:|1683346347\n|move|p1a: Indeedee|Follow Me|p1a: Indeedee\n|-singleturn|p1a: Indeedee|move: Follow Me\n|move|p1b: Dragapult|Phantom Force|p2b: Bisharp|[from]lockedmove\n|-damage|p2b: Bisharp|53\/100\n|move|p2b: Bisharp|Iron Head|p1a: Indeedee\n|-damage|p1a: Indeedee|0 fnt\n|faint|p1a: Indeedee\n|move|p2a: Iron Hands|Play Rough|p1b: Dragapult\n|-supereffective|p1b: Dragapult\n|-damage|p1b: Dragapult|0 fnt\n|faint|p1b: Dragapult\n|\n|upkeep\n|\n|t:|1683346353\n|switch|p1b: Donphan|Donphan, L50, F|100\/100\n|turn|5\n|c| Ace98121212|There is no sync in this team\n|\n|t:|1683346364\n|-end|p2a: Iron Hands|Quark Drive|[silent]\n|switch|p2a: Scream Tail|Scream Tail, L50|100\/100\n|move|p2b: Bisharp|Tera Blast|p1b: Donphan\n|-damage|p1b: Donphan|35\/100\n|move|p1b: Donphan|High Horsepower|p2a: Scream Tail\n|-damage|p2a: Scream Tail|71\/100\n|\n|-heal|p2a: Scream Tail|77\/100|[from] item: Leftovers\n|upkeep\n|turn|6\n|c|\u2606ocfrey|nah there is\n|c|\u2606ocfrey|i just need to figure it out better\n|c|\u2606ocfrey|i ususally draft much more offensive archetypes\n|\n|t:|1683346391\n|move|p2a: Scream Tail|Play Rough|p1b: Donphan\n|-damage|p1b: Donphan|17\/100\n|move|p2b: Bisharp|Tera Blast|p1b: Donphan\n|-damage|p1b: Donphan|0 fnt\n|faint|p1b: Donphan\n|\n|win|sejuntest\n|c|\u2606ocfrey|ggs\n|l|\u2606ocfrey\n|c| Ace98121212|K try it out\n|l| Ace98121212\n","uploadtime":1683346748,"views":11,"p1id":"ocfrey","p2id":"sejuntest","formatid":"gen9vgc2023regulationc","rating":0,"private":0,"password":""}