{"id":"gen9vgc2023regulationc-1863987770","p1":"wackomarko","p2":"altijd6","format":"[Gen 9] VGC 2023 Regulation C","log":"|j|\u2606wackomarko\n|j|\u2606altijd6\n|t:|1684101769\n|gametype|doubles\n|player|p1|wackomarko|hiker-gen4|1149\n|player|p2|altijd6|170|1104\n|teamsize|p1|6\n|teamsize|p2|6\n|gen|9\n|tier|[Gen 9] VGC 2023 Regulation C\n|rated|\n|rule|Species Clause: Limit one of each Pok\u00e9mon\n|rule|Item Clause: Limit one of each item\n|clearpoke\n|poke|p1|Talonflame, L50, M|\n|poke|p1|Amoonguss, L50, M|\n|poke|p1|Flutter Mane, L50|\n|poke|p1|Chien-Pao, L50|\n|poke|p1|Gyarados, L50, F|\n|poke|p1|Dragapult, L50, F|\n|poke|p2|Meowscarada, L50, M|\n|poke|p2|Tinkaton, L50, F|\n|poke|p2|Arboliva, L50, M|\n|poke|p2|Rotom-Wash, L50|\n|poke|p2|Torkoal, L50, M|\n|poke|p2|Kilowattrel, L50, F|\n|teampreview|4\n|inactive|Battle timer is ON: inactive players will automatically lose when time's up. (requested by altijd6)\n|\n|t:|1684101815\n|start\n|switch|p1a: Talonflame|Talonflame, L50, M, shiny|100\/100\n|switch|p1b: Chien-Pao|Chien-Pao, L50|100\/100\n|switch|p2a: Meowscarada|Meowscarada, L50, M|100\/100\n|switch|p2b: Rotom|Rotom-Wash, L50|100\/100\n|-ability|p1b: Chien-Pao|Sword of Ruin\n|turn|1\n|inactive|wackomarko has 30 seconds left.\n|inactive|altijd6 has 30 seconds left.\n|inactive|wackomarko has 20 seconds left.\n|\n|t:|1684101855\n|switch|p2a: Torkoal|Torkoal, L50, M|100\/100\n|-weather|SunnyDay|[from] ability: Drought|[of] p2a: Torkoal\n|-terastallize|p1a: Talonflame|Flying\n|move|p1a: Talonflame|Brave Bird|p2a: Torkoal\n|-damage|p2a: Torkoal|51\/100\n|-damage|p1a: Talonflame|83\/100|[from] Recoil\n|move|p1b: Chien-Pao|Ice Spinner|p2a: Torkoal\n|-resisted|p2a: Torkoal\n|-damage|p2a: Torkoal|32\/100\n|move|p2b: Rotom|Will-O-Wisp|p1b: Chien-Pao\n|-status|p1b: Chien-Pao|brn\n|\n|-weather|SunnyDay|[upkeep]\n|-damage|p1b: Chien-Pao|95\/100 brn|[from] brn\n|upkeep\n|turn|2\n|inactive|wackomarko has 30 seconds left.\n|inactive|altijd6 has 30 seconds left.\n|inactive|altijd6 has 20 seconds left.\n|inactive|altijd6 has 15 seconds left.\n|\n|t:|1684101896\n|move|p1b: Chien-Pao|Sucker Punch|p2a: Torkoal\n|-damage|p2a: Torkoal|15\/100\n|move|p1a: Talonflame|Tailwind|p1a: Talonflame\n|-sidestart|p1: wackomarko|move: Tailwind\n|move|p2b: Rotom|Thunderbolt|p1a: Talonflame\n|-supereffective|p1a: Talonflame\n|-damage|p1a: Talonflame|0 fnt\n|faint|p1a: Talonflame\n|move|p2a: Torkoal|Overheat|p1b: Chien-Pao\n|-supereffective|p1b: Chien-Pao\n|-damage|p1b: Chien-Pao|0 fnt\n|-unboost|p2a: Torkoal|spa|2\n|-enditem|p2a: Torkoal|Eject Pack\n|faint|p1b: Chien-Pao\n|\n|t:|1684101909\n|switch|p2a: Tinkaton|Tinkaton, L50, F|100\/100\n|-ability|p2a: Tinkaton|Mold Breaker\n|\n|-weather|SunnyDay|[upkeep]\n|upkeep\n|\n|t:|1684101918\n|switch|p1b: Dragapult|Dragapult, L50, F, shiny|100\/100\n|switch|p1a: Flutter Mane|Flutter Mane, L50, shiny|100\/100\n|-activate|p1a: Flutter Mane|ability: Protosynthesis\n|-start|p1a: Flutter Mane|protosynthesisspe\n|turn|3\n|inactive|wackomarko has 30 seconds left.\n|inactive|altijd6 has 30 seconds left.\n|inactive|altijd6 has 20 seconds left.\n|inactive|altijd6 has 15 seconds left.\n|\n|t:|1684101958\n|move|p1a: Flutter Mane|Shadow Ball|p2a: Tinkaton\n|-damage|p2a: Tinkaton|62\/100\n|-unboost|p2a: Tinkaton|spd|1\n|-damage|p1a: Flutter Mane|91\/100|[from] item: Life Orb\n|move|p1b: Dragapult|Phantom Force||[still]\n|-prepare|p1b: Dragapult|Phantom Force\n|move|p2a: Tinkaton|Thunder Wave|p1a: Flutter Mane\n|-status|p1a: Flutter Mane|par\n|move|p2b: Rotom|Thunderbolt|p1b: Dragapult|[miss]\n|-miss|p2b: Rotom|p1b: Dragapult\n|\n|-weather|SunnyDay|[upkeep]\n|upkeep\n|turn|4\n|\n|t:|1684101982\n|move|p1b: Dragapult|Phantom Force|p2a: Tinkaton|[from]lockedmove\n|-damage|p2a: Tinkaton|0 fnt\n|faint|p2a: Tinkaton\n|cant|p1a: Flutter Mane|par\n|move|p2b: Rotom|Hydro Pump|p1a: Flutter Mane\n|-damage|p1a: Flutter Mane|66\/100 par\n|\n|-weather|SunnyDay|[upkeep]\n|upkeep\n|\n|t:|1684101994\n|switch|p2a: Torkoal|Torkoal, L50, M|15\/100\n|turn|5\n|inactive|altijd6 has 30 seconds left.\n|\n|t:|1684102024\n|move|p1b: Dragapult|Phantom Force||[still]\n|-prepare|p1b: Dragapult|Phantom Force\n|move|p1a: Flutter Mane|Thunderbolt|p2b: Rotom\n|-damage|p2b: Rotom|56\/100\n|-damage|p1a: Flutter Mane|57\/100 par|[from] item: Life Orb\n|move|p2b: Rotom|Hydro Pump|p1b: Dragapult|[miss]\n|-miss|p2b: Rotom|p1b: Dragapult\n|move|p2a: Torkoal|Yawn|p1b: Dragapult|[miss]\n|-miss|p2a: Torkoal|p1b: Dragapult\n|\n|-weather|none\n|-end|p1a: Flutter Mane|Protosynthesis\n|-sideend|p1: wackomarko|move: Tailwind\n|upkeep\n|turn|6\n|\n|t:|1684102047\n|move|p1b: Dragapult|Phantom Force|p2a: Torkoal|[from]lockedmove\n|-damage|p2a: Torkoal|0 fnt\n|faint|p2a: Torkoal\n|move|p2b: Rotom|Will-O-Wisp|p1b: Dragapult\n|-status|p1b: Dragapult|brn\n|move|p1a: Flutter Mane|Thunderbolt|p2b: Rotom\n|-damage|p2b: Rotom|12\/100\n|-enditem|p2b: Rotom|Sitrus Berry|[eat]\n|-heal|p2b: Rotom|37\/100|[from] item: Sitrus Berry\n|-damage|p1a: Flutter Mane|47\/100 par|[from] item: Life Orb\n|\n|-damage|p1b: Dragapult|94\/100 brn|[from] brn\n|upkeep\n|\n|t:|1684102060\n|switch|p2a: Meowscarada|Meowscarada, L50, M|100\/100\n|turn|7\n|\n|t:|1684102084\n|-terastallize|p2a: Meowscarada|Grass\n|move|p2a: Meowscarada|Sucker Punch|p1b: Dragapult\n|-supereffective|p1b: Dragapult\n|-damage|p1b: Dragapult|0 fnt\n|faint|p1b: Dragapult\n|move|p2b: Rotom|Hydro Pump|p1a: Flutter Mane|[miss]\n|-miss|p2b: Rotom|p1a: Flutter Mane\n|move|p1a: Flutter Mane|Dazzling Gleam|p2b: Rotom|[spread] p2a,p2b\n|-damage|p2a: Meowscarada|32\/100\n|-damage|p2b: Rotom|0 fnt\n|faint|p2b: Rotom\n|-damage|p1a: Flutter Mane|38\/100 par|[from] item: Life Orb\n|\n|upkeep\n|turn|8\n|\n|t:|1684102106\n|move|p2a: Meowscarada|Sucker Punch|p1a: Flutter Mane\n|-damage|p1a: Flutter Mane|0 fnt\n|faint|p1a: Flutter Mane\n|-end|p1a: Flutter Mane|Protosynthesis|[silent]\n|\n|win|altijd6\n|raw|wackomarko's rating: 1149 → 1121<\/strong> (-28 for losing)\n|raw|altijd6's rating: 1104 → 1132<\/strong> (+28 for winning)\n|l|\u2606altijd6\n|c|\u2606wackomarko|GG\n","uploadtime":1684102121,"views":6,"p1id":"wackomarko","p2id":"altijd6","formatid":"gen9vgc2023regulationc","rating":1121,"private":0,"password":""}