{"id":"gen9vgc2023regulationc-1854684813","p1":"fffbb","p2":"Edoardo.Versari","format":"[Gen 9] VGC 2023 Regulation C","log":"|j|\u2606fffbb\n|j|\u2606Edoardo.Versari\n|t:|1682850048\n|gametype|doubles\n|player|p1|fffbb|1|1314\n|player|p2|Edoardo.Versari|1|1363\n|teamsize|p1|6\n|teamsize|p2|6\n|gen|9\n|tier|[Gen 9] VGC 2023 Regulation C\n|rated|\n|rule|Species Clause: Limit one of each Pok\u00e9mon\n|rule|Item Clause: Limit one of each item\n|clearpoke\n|poke|p1|Torkoal, L50, F|\n|poke|p1|Chi-Yu, L50|\n|poke|p1|Bronzong, L50|\n|poke|p1|Gastrodon, L50, F|\n|poke|p1|Grimmsnarl, L50, M|\n|poke|p1|Skeledirge, L50, M|\n|poke|p2|Iron Hands, L50|\n|poke|p2|Glimmora, L50, F|\n|poke|p2|Amoonguss, L50, M|\n|poke|p2|Gholdengo, L50|\n|poke|p2|Palafin, L50, F|\n|poke|p2|Arcanine, L50, M|\n|teampreview|4\n|inactive|Battle timer is ON: inactive players will automatically lose when time's up. (requested by Edoardo.Versari)\n|inactive|Edoardo.Versari has 60 seconds left.\n|inactive|Edoardo.Versari has 30 seconds left.\n|inactive|Edoardo.Versari has 20 seconds left.\n|\n|t:|1682850123\n|start\n|switch|p1a: Grimmsnarl|Grimmsnarl, L50, M|100\/100\n|switch|p1b: Chi-Yu|Chi-Yu, L50|100\/100\n|switch|p2a: Glimmora|Glimmora, L50, F|100\/100\n|switch|p2b: Iron Hands|Iron Hands, L50|100\/100\n|-ability|p1b: Chi-Yu|Beads of Ruin\n|turn|1\n|\n|t:|1682850144\n|move|p1b: Chi-Yu|Protect|p1b: Chi-Yu\n|-singleturn|p1b: Chi-Yu|Protect\n|move|p2b: Iron Hands|Fake Out|p1b: Chi-Yu\n|-activate|p1b: Chi-Yu|move: Protect\n|move|p1a: Grimmsnarl|Trick|p2a: Glimmora\n|-activate|p1a: Grimmsnarl|move: Trick|[of] p2a: Glimmora\n|-item|p2a: Glimmora|Lagging Tail|[from] move: Trick\n|-item|p1a: Grimmsnarl|Focus Sash|[from] move: Trick\n|move|p2a: Glimmora|Mortal Spin|p1a: Grimmsnarl|[spread] p1a\n|-activate|p1b: Chi-Yu|move: Protect\n|-supereffective|p1a: Grimmsnarl\n|-damage|p1a: Grimmsnarl|91\/100\n|-status|p1a: Grimmsnarl|psn\n|\n|-damage|p1a: Grimmsnarl|79\/100 psn|[from] psn\n|upkeep\n|turn|2\n|inactive|Edoardo.Versari has 30 seconds left.\n|inactive|fffbb has 30 seconds left.\n|\n|t:|1682850175\n|switch|p2a: Arcanine|Arcanine, L50, M|100\/100\n|-ability|p2a: Arcanine|Intimidate|boost\n|-unboost|p1a: Grimmsnarl|atk|1\n|-unboost|p1b: Chi-Yu|atk|1\n|move|p1b: Chi-Yu|Substitute|p1b: Chi-Yu\n|-start|p1b: Chi-Yu|Substitute\n|-damage|p1b: Chi-Yu|76\/100\n|move|p1a: Grimmsnarl|Spirit Break|p2b: Iron Hands\n|-supereffective|p2b: Iron Hands\n|-damage|p2b: Iron Hands|68\/100\n|-unboost|p2b: Iron Hands|spa|1\n|move|p2b: Iron Hands|Drain Punch|p1b: Chi-Yu\n|-supereffective|p1b: Chi-Yu\n|-end|p1b: Chi-Yu|Substitute\n|-heal|p2b: Iron Hands|76\/100|[from] drain|[of] p1b: Chi-Yu\n|\n|-damage|p1a: Grimmsnarl|67\/100 psn|[from] psn\n|upkeep\n|turn|3\n|inactive|Edoardo.Versari has 30 seconds left.\n|\n|t:|1682850206\n|move|p1b: Chi-Yu|Protect|p1b: Chi-Yu\n|-singleturn|p1b: Chi-Yu|Protect\n|move|p1a: Grimmsnarl|Trick|p2a: Arcanine\n|-activate|p1a: Grimmsnarl|move: Trick|[of] p2a: Arcanine\n|-item|p2a: Arcanine|Focus Sash|[from] move: Trick\n|-item|p1a: Grimmsnarl|Safety Goggles|[from] move: Trick\n|move|p2a: Arcanine|Howl|p2a: Arcanine|[spread] p2a,p2b\n|-boost|p2a: Arcanine|atk|1\n|-boost|p2b: Iron Hands|atk|1\n|move|p2b: Iron Hands|Drain Punch|p1b: Chi-Yu\n|-activate|p1b: Chi-Yu|move: Protect\n|\n|-damage|p1a: Grimmsnarl|55\/100 psn|[from] psn\n|upkeep\n|turn|4\n|\n|t:|1682850222\n|switch|p1a: Skeledirge|Skeledirge, L50, M|100\/100\n|-terastallize|p1b: Chi-Yu|Ghost\n|move|p1b: Chi-Yu|Substitute|p1b: Chi-Yu\n|-start|p1b: Chi-Yu|Substitute\n|-damage|p1b: Chi-Yu|51\/100\n|move|p2a: Arcanine|Flare Blitz|p1a: Skeledirge\n|-resisted|p1a: Skeledirge\n|-damage|p1a: Skeledirge|74\/100\n|-damage|p2a: Arcanine|90\/100|[from] Recoil\n|move|p2b: Iron Hands|Drain Punch|p1b: Chi-Yu\n|-immune|p1b: Chi-Yu\n|\n|-heal|p1a: Skeledirge|80\/100|[from] item: Leftovers\n|upkeep\n|turn|5\n|inactive|Edoardo.Versari has 30 seconds left.\n|\n|t:|1682850252\n|move|p1b: Chi-Yu|Protect|p1b: Chi-Yu\n|-singleturn|p1b: Chi-Yu|Protect\n|move|p2a: Arcanine|Flare Blitz|p1b: Chi-Yu\n|-activate|p1b: Chi-Yu|move: Protect\n|move|p1a: Skeledirge|Encore|p2b: Iron Hands\n|-start|p2b: Iron Hands|Encore\n|move|p2b: Iron Hands|Drain Punch|p1b: Chi-Yu\n|-activate|p1b: Chi-Yu|move: Protect\n|\n|-heal|p1a: Skeledirge|86\/100|[from] item: Leftovers\n|upkeep\n|turn|6\n|\n|t:|1682850263\n|-end|p2b: Iron Hands|Quark Drive|[silent]\n|switch|p2b: Glimmora|Glimmora, L50, F|100\/100\n|move|p1b: Chi-Yu|Tera Blast|p2a: Arcanine\n|-damage|p2a: Arcanine|34\/100\n|move|p2a: Arcanine|Flare Blitz|p1b: Chi-Yu\n|-end|p1b: Chi-Yu|Substitute\n|-damage|p2a: Arcanine|26\/100|[from] Recoil|[of] p1b: Chi-Yu\n|move|p1a: Skeledirge|Torch Song|p2a: Arcanine\n|-resisted|p2a: Arcanine\n|-damage|p2a: Arcanine|0 fnt\n|-boost|p1a: Skeledirge|spa|1\n|faint|p2a: Arcanine\n|\n|-heal|p1a: Skeledirge|91\/100|[from] item: Leftovers\n|upkeep\n|\n|t:|1682850273\n|switch|p2a: Iron Hands|Iron Hands, L50|76\/100\n|turn|7\n|\n|t:|1682850297\n|switch|p1b: Grimmsnarl|Grimmsnarl, L50, M|55\/100 psn\n|move|p1a: Skeledirge|Protect|p1a: Skeledirge\n|-singleturn|p1a: Skeledirge|Protect\n|move|p2a: Iron Hands|Thunder Punch|p1b: Grimmsnarl\n|-damage|p1b: Grimmsnarl|8\/100 psn\n|move|p2b: Glimmora|Power Gem|p1a: Skeledirge\n|-activate|p1a: Skeledirge|move: Protect\n|\n|-heal|p1a: Skeledirge|97\/100|[from] item: Leftovers\n|-damage|p1b: Grimmsnarl|0 fnt|[from] psn\n|faint|p1b: Grimmsnarl\n|upkeep\n|\n|t:|1682850305\n|switch|p1b: Gastrodon|Gastrodon, L50, F|100\/100\n|turn|8\n|\n|t:|1682850316\n|move|p1a: Skeledirge|Torch Song|p2b: Glimmora\n|-resisted|p2b: Glimmora\n|-damage|p2b: Glimmora|63\/100\n|-boost|p1a: Skeledirge|spa|1\n|move|p2a: Iron Hands|Thunder Punch|p1a: Skeledirge\n|-damage|p1a: Skeledirge|62\/100\n|move|p1b: Gastrodon|Earth Power|p2b: Glimmora\n|-supereffective|p2b: Glimmora\n|-damage|p2b: Glimmora|0 fnt\n|faint|p2b: Glimmora\n|\n|-heal|p1a: Skeledirge|68\/100|[from] item: Leftovers\n|upkeep\n|\n|t:|1682850327\n|switch|p2b: Gholdengo|Gholdengo, L50|100\/100\n|turn|9\n|\n|t:|1682850337\n|-terastallize|p2b: Gholdengo|Water\n|move|p1a: Skeledirge|Protect|p1a: Skeledirge\n|-singleturn|p1a: Skeledirge|Protect\n|move|p2b: Gholdengo|Nasty Plot|p2b: Gholdengo\n|-boost|p2b: Gholdengo|spa|2\n|move|p2a: Iron Hands|Thunder Punch|p1a: Skeledirge\n|-activate|p1a: Skeledirge|move: Protect\n|move|p1b: Gastrodon|Earth Power|p2a: Iron Hands\n|-supereffective|p2a: Iron Hands\n|-damage|p2a: Iron Hands|34\/100\n|\n|-heal|p1a: Skeledirge|73\/100|[from] item: Leftovers\n|upkeep\n|turn|10\n|inactive|Edoardo.Versari has 30 seconds left.\n|\n|t:|1682850363\n|move|p1b: Gastrodon|Protect|p1b: Gastrodon\n|-singleturn|p1b: Gastrodon|Protect\n|move|p2b: Gholdengo|Shadow Ball|p1b: Gastrodon\n|-activate|p1b: Gastrodon|move: Protect\n|move|p1a: Skeledirge|Torch Song|p2a: Iron Hands\n|-damage|p2a: Iron Hands|0 fnt\n|-boost|p1a: Skeledirge|spa|1\n|faint|p2a: Iron Hands\n|-end|p2a: Iron Hands|Quark Drive|[silent]\n|\n|-heal|p1a: Skeledirge|79\/100|[from] item: Leftovers\n|upkeep\n|turn|11\n|\n|t:|1682850378\n|move|p2b: Gholdengo|Shadow Ball|p1b: Gastrodon\n|-damage|p1b: Gastrodon|23\/100\n|move|p1a: Skeledirge|Torch Song|p2b: Gholdengo\n|-resisted|p2b: Gholdengo\n|-damage|p2b: Gholdengo|50\/100\n|-boost|p1a: Skeledirge|spa|1\n|move|p1b: Gastrodon|Clear Smog|p2b: Gholdengo\n|-damage|p2b: Gholdengo|35\/100\n|-clearboost|p2b: Gholdengo\n|\n|-heal|p2b: Gholdengo|41\/100|[from] item: Leftovers\n|-heal|p1a: Skeledirge|85\/100|[from] item: Leftovers\n|upkeep\n|turn|12\n|\n|t:|1682850386\n|move|p2b: Gholdengo|Protect|p2b: Gholdengo\n|-singleturn|p2b: Gholdengo|Protect\n|move|p1a: Skeledirge|Protect|p1a: Skeledirge\n|-singleturn|p1a: Skeledirge|Protect\n|move|p1b: Gastrodon|Clear Smog|p2b: Gholdengo\n|-activate|p2b: Gholdengo|move: Protect\n|\n|-heal|p2b: Gholdengo|47\/100|[from] item: Leftovers\n|-heal|p1a: Skeledirge|91\/100|[from] item: Leftovers\n|upkeep\n|turn|13\n|-message|Edoardo.Versari forfeited.\n|\n|win|fffbb\n|raw|fffbb's rating: 1314 → 1337<\/strong> (+23 for winning)\n|raw|Edoardo.Versari's rating: 1363 → 1340<\/strong> (-23 for losing)\n|l|\u2606Edoardo.Versari\n","uploadtime":1682850395,"views":19,"p1id":"fffbb","p2id":"edoardoversari","formatid":"gen9vgc2023regulationc","rating":1337,"private":0,"password":""}