{"id":"gen9vgc2023regulationc-1857335799","p1":"Missed Ledgedash","p2":"WithAnE","format":"[Gen 9] VGC 2023 Regulation C","log":"|j|\u203dMissed Ledgedash\n|j|\u2606WithAnE\n|t:|1683175372\n|gametype|doubles\n|player|p1|Missed Ledgedash|juan-gen3|1378\n|player|p2|WithAnE|265|1286\n|teamsize|p1|6\n|teamsize|p2|6\n|gen|9\n|tier|[Gen 9] VGC 2023 Regulation C\n|rated|\n|rule|Species Clause: Limit one of each Pok\u00e9mon\n|rule|Item Clause: Limit one of each item\n|clearpoke\n|poke|p1|Flutter Mane, L50|\n|poke|p1|Arcanine, L50, M|\n|poke|p1|Amoonguss, L50, M|\n|poke|p1|Palafin, L50, M|\n|poke|p1|Corviknight, L50, F|\n|poke|p1|Iron Hands, L50|\n|poke|p2|Torkoal, L50, F|\n|poke|p2|Jumpluff, L50, F|\n|poke|p2|Flutter Mane, L50|\n|poke|p2|Great Tusk, L50|\n|poke|p2|Chien-Pao, L50|\n|poke|p2|Kingambit, L50, M|\n|teampreview|4\nMissed Ledgedash has agreed to open team sheets.\n|\n|t:|1683175406\n|start\n|switch|p1a: Flutter Mane|Flutter Mane, L50|100\/100\n|switch|p1b: Palafin|Palafin, L50, M|100\/100\n|switch|p2a: Great Tusk|Great Tusk, L50|100\/100\n|switch|p2b: Torkoal|Torkoal, L50, F, shiny|100\/100\n|-weather|SunnyDay|[from] ability: Drought|[of] p2b: Torkoal\n|-activate|p2a: Great Tusk|ability: Protosynthesis\n|-start|p2a: Great Tusk|protosynthesisatk\n|-activate|p1a: Flutter Mane|ability: Protosynthesis\n|-start|p1a: Flutter Mane|protosynthesisspe\n|turn|1\n|\n|t:|1683175433\n|detailschange|p1b: Palafin|Palafin-Hero, L50, M\n|switch|p1b: Iron Hands|Iron Hands, L50|100\/100\n|move|p1a: Flutter Mane|Moonblast|p2a: Great Tusk\n|-supereffective|p2a: Great Tusk\n|-damage|p2a: Great Tusk|0 fnt\n|faint|p2a: Great Tusk\n|-end|p2a: Great Tusk|Protosynthesis|[silent]\n|move|p2b: Torkoal|Overheat|p1b: Iron Hands\n|-damage|p1b: Iron Hands|71\/100\n|-unboost|p2b: Torkoal|spa|2\n|-enditem|p2b: Torkoal|Eject Pack\n|\n|t:|1683175442\n|switch|p2b: Jumpluff|Jumpluff, L50, F, shiny|100\/100\n|\n|-weather|SunnyDay|[upkeep]\n|upkeep\n|\n|t:|1683175450\n|switch|p2a: Flutter Mane|Flutter Mane, L50|100\/100\n|-activate|p2a: Flutter Mane|ability: Protosynthesis\n|-start|p2a: Flutter Mane|protosynthesisspe\n|turn|2\n|\n|t:|1683175464\n|move|p2b: Jumpluff|Sleep Powder|p1a: Flutter Mane\n|-status|p1a: Flutter Mane|slp|[from] move: Sleep Powder\n|cant|p1a: Flutter Mane|slp\n|move|p2a: Flutter Mane|Dazzling Gleam|p1b: Iron Hands|[spread] p1a,p1b\n|-supereffective|p1b: Iron Hands\n|-damage|p1a: Flutter Mane|54\/100 slp\n|-damage|p1b: Iron Hands|30\/100\n|move|p1b: Iron Hands|Heavy Slam|p2a: Flutter Mane\n|-supereffective|p2a: Flutter Mane\n|-damage|p2a: Flutter Mane|0 fnt\n|faint|p2a: Flutter Mane\n|-end|p2a: Flutter Mane|Protosynthesis|[silent]\n|\n|-weather|SunnyDay|[upkeep]\n|upkeep\n|\n|t:|1683175475\n|switch|p2a: Torkoal|Torkoal, L50, F, shiny|100\/100\n|turn|3\n|\n|t:|1683175490\n|move|p2a: Torkoal|Helping Hand|p2b: Jumpluff\n|-singleturn|p2b: Jumpluff|Helping Hand|[of] p2a: Torkoal\n|move|p2b: Jumpluff|Leaf Storm|p1a: Flutter Mane\n|-damage|p1a: Flutter Mane|10\/100 slp\n|-unboost|p2b: Jumpluff|spa|2\n|cant|p1a: Flutter Mane|slp\n|move|p1b: Iron Hands|Drain Punch|p2a: Torkoal\n|-damage|p2a: Torkoal|70\/100\n|-heal|p1b: Iron Hands|41\/100|[from] drain|[of] p2a: Torkoal\n|\n|-weather|SunnyDay|[upkeep]\n|upkeep\n|turn|4\n|\n|t:|1683175504\n|move|p2b: Jumpluff|Leaf Storm|p1a: Flutter Mane\n|-damage|p1a: Flutter Mane|0 fnt\n|-unboost|p2b: Jumpluff|spa|2\n|faint|p1a: Flutter Mane\n|-end|p1a: Flutter Mane|Protosynthesis|[silent]\n|move|p1b: Iron Hands|Drain Punch|p2a: Torkoal\n|-damage|p2a: Torkoal|41\/100\n|-heal|p1b: Iron Hands|52\/100|[from] drain|[of] p2a: Torkoal\n|move|p2a: Torkoal|Overheat|p1b: Iron Hands\n|-damage|p1b: Iron Hands|24\/100\n|-unboost|p2a: Torkoal|spa|2\n|\n|-weather|SunnyDay|[upkeep]\n|upkeep\n|\n|t:|1683175515\n|switch|p1a: Palafin|Palafin-Hero, L50, M|100\/100\n|-activate|p1a: Palafin|ability: Zero to Hero\n|turn|5\n|\n|t:|1683175526\n|move|p2a: Torkoal|Helping Hand|p2b: Jumpluff\n|-singleturn|p2b: Jumpluff|Helping Hand|[of] p2a: Torkoal\n|move|p1a: Palafin|Protect|p1a: Palafin\n|-singleturn|p1a: Palafin|Protect\n|move|p2b: Jumpluff|Leaf Storm|p1a: Palafin\n|-activate|p1a: Palafin|move: Protect\n|move|p1b: Iron Hands|Wild Charge|p2b: Jumpluff\n|-damage|p2b: Jumpluff|42\/100\n|-damage|p1b: Iron Hands|13\/100|[from] Recoil\n|\n|-weather|none\n|upkeep\n|turn|6\n|l|\u2606WithAnE\n|player|p2|\n|inactive|Battle timer is ON: inactive players will automatically lose when time's up. (requested by Missed Ledgedash)\n|inactive|WithAnE has 30 seconds to reconnect!\n|inactive|WithAnE has 20 seconds to reconnect!\n|inactive|WithAnE has 15 seconds to reconnect!\n|inactive|WithAnE has 10 seconds to reconnect!\n|inactive|WithAnE has 5 seconds to reconnect!\n|-message|WithAnE lost due to inactivity.\n|\n|win|Missed Ledgedash\n|raw|Missed Ledgedash's rating: 1378 → 1393<\/strong> (+15 for winning)\n|raw|WithAnE's rating: 1286 → 1267<\/strong> (-19 for losing)\n","uploadtime":1683175636,"views":15,"p1id":"missedledgedash","p2id":"withane","formatid":"gen9vgc2023regulationc","rating":1267,"private":0,"password":""}