{"id":"gen9vgc2023regulationc-1847831132","p1":"dreamswgh","p2":"Kelenar","format":"[Gen 9] VGC 2023 Regulation C","log":"|j|\u2606dreamswgh\n|j|\u2606Kelenar\n|t:|1682005535\n|gametype|doubles\n|player|p1|dreamswgh|nate|1372\n|player|p2|Kelenar|benga|1307\n|teamsize|p1|6\n|teamsize|p2|6\n|gen|9\n|tier|[Gen 9] VGC 2023 Regulation C\n|rated|\n|rule|Species Clause: Limit one of each Pok\u00e9mon\n|rule|Item Clause: Limit one of each item\n|clearpoke\n|poke|p1|Torkoal, L50, M|\n|poke|p1|Flutter Mane, L50|\n|poke|p1|Indeedee-F, L50, F|\n|poke|p1|Hatterene, L50, F|\n|poke|p1|Corviknight, L50, M|\n|poke|p1|Mudsdale, L50, M|\n|poke|p2|Wo-Chien, L50|\n|poke|p2|Ting-Lu, L50|\n|poke|p2|Glimmora, L50, M|\n|poke|p2|Arcanine, L50, F|\n|poke|p2|Grimmsnarl, L50, M|\n|poke|p2|Volcarona, L50, M|\n|teampreview|4\n|\n|t:|1682005591\n|start\n|switch|p1a: Nevada|Indeedee-F, L50, F|100\/100\n|switch|p1b: Okalahoma|Corviknight, L50, M|100\/100\n|switch|p2a: Glimmora|Glimmora, L50, M|100\/100\n|switch|p2b: Grimmsnarl|Grimmsnarl, L50, M|100\/100\n|-fieldstart|move: Psychic Terrain|[from] ability: Psychic Surge|[of] p1a: Nevada\n|-enditem|p1a: Nevada|Psychic Seed\n|-boost|p1a: Nevada|spd|1|[from] item: Psychic Seed\n|turn|1\n|\n|t:|1682005627\n|move|p2b: Grimmsnarl|Reflect|p2b: Grimmsnarl\n|-sidestart|p2: Kelenar|Reflect\n|move|p2a: Glimmora|Power Gem|p1b: Okalahoma\n|-damage|p1b: Okalahoma|64\/100\n|move|p1b: Okalahoma|U-turn|p2b: Grimmsnarl\n|-damage|p2b: Grimmsnarl|79\/100\n|\n|t:|1682005637\n|switch|p1b: Texas|Mudsdale, L50, M|100\/100|[from] U-turn\n|move|p1a: Nevada|Trick Room|p1a: Nevada\n|-fieldstart|move: Trick Room|[of] p1a: Nevada\n|\n|upkeep\n|turn|2\n|\n|t:|1682005693\n|move|p1a: Nevada|Helping Hand|p1b: Texas\n|-singleturn|p1b: Texas|Helping Hand|[of] p1a: Nevada\n|move|p2b: Grimmsnarl|Light Screen|p2b: Grimmsnarl\n|-sidestart|p2: Kelenar|move: Light Screen\n|move|p1b: Texas|Earthquake|p2a: Glimmora|[spread] p1a,p2a,p2b\n|-supereffective|p2a: Glimmora\n|-damage|p1a: Nevada|42\/100\n|-enditem|p2a: Glimmora|Focus Sash\n|-damage|p2a: Glimmora|1\/100\n|-damage|p2b: Grimmsnarl|40\/100\n|-activate|p2a: Glimmora|ability: Toxic Debris\n|-sidestart|p1: dreamswgh|move: Toxic Spikes\n|move|p2a: Glimmora|Mortal Spin|p1a: Nevada|[spread] p1a,p1b\n|-resisted|p1b: Texas\n|-damage|p1a: Nevada|38\/100\n|-damage|p1b: Texas|98\/100\n|-status|p1a: Nevada|psn\n|-status|p1b: Texas|psn\n|\n|-damage|p1b: Texas|86\/100 psn|[from] psn\n|-damage|p1a: Nevada|26\/100 psn|[from] psn\n|upkeep\n|turn|3\n|\n|t:|1682005723\n|move|p2b: Grimmsnarl|Parting Shot|p1b: Texas\n|-activate|p1b: Texas|move: Psychic Terrain\n|move|p1b: Texas|Heavy Slam|p2b: Grimmsnarl\n|-supereffective|p2b: Grimmsnarl\n|-damage|p2b: Grimmsnarl|0 fnt\n|faint|p2b: Grimmsnarl\n|move|p1a: Nevada|Dazzling Gleam|p2a: Glimmora\n|-resisted|p2a: Glimmora\n|-damage|p2a: Glimmora|0 fnt\n|faint|p2a: Glimmora\n|\n|-damage|p1b: Texas|74\/100 psn|[from] psn\n|-damage|p1a: Nevada|13\/100 psn|[from] psn\n|upkeep\n|\n|t:|1682005741\n|switch|p2b: Wo-Chien|Wo-Chien, L50|100\/100\n|switch|p2a: Volcarona|Volcarona, L50, M|100\/100\n|-ability|p2b: Wo-Chien|Tablets of Ruin\n|turn|4\n|\n|t:|1682005779\n|-terastallize|p2a: Volcarona|Grass\n|move|p1a: Nevada|Helping Hand|p1b: Texas\n|-singleturn|p1b: Texas|Helping Hand|[of] p1a: Nevada\n|move|p1b: Texas|Earthquake|p2b: Wo-Chien|[spread] p1a,p2a,p2b\n|-resisted|p2a: Volcarona\n|-resisted|p2b: Wo-Chien\n|-damage|p1a: Nevada|0 fnt\n|-damage|p2a: Volcarona|85\/100\n|-damage|p2b: Wo-Chien|88\/100\n|faint|p1a: Nevada\n|move|p2b: Wo-Chien|Leech Seed|p1b: Texas\n|-start|p1b: Texas|move: Leech Seed\n|move|p2a: Volcarona|Heat Wave|p1b: Texas\n|-damage|p1b: Texas|45\/100 psn\n|\n|-heal|p2b: Wo-Chien|94\/100|[from] item: Leftovers\n|-damage|p1b: Texas|33\/100 psn|[from] Leech Seed|[of] p2b: Wo-Chien\n|-heal|p2b: Wo-Chien|100\/100|[silent]\n|-damage|p1b: Texas|21\/100 psn|[from] psn\n|upkeep\n|\n|t:|1682005803\n|switch|p1a: Arizona|Torkoal, L50, M|100\/100\n|-status|p1a: Arizona|psn\n|-weather|SunnyDay|[from] ability: Drought|[of] p1a: Arizona\n|turn|5\n|\n|t:|1682005821\n|move|p2b: Wo-Chien|Protect|p2b: Wo-Chien\n|-singleturn|p2b: Wo-Chien|Protect\n|move|p1a: Arizona|Eruption|p2b: Wo-Chien|[spread] p2a\n|-activate|p2b: Wo-Chien|move: Protect\n|-supereffective|p2a: Volcarona\n|-damage|p2a: Volcarona|0 fnt\n|faint|p2a: Volcarona\n|move|p1b: Texas|Rock Slide|p2b: Wo-Chien\n|-activate|p2b: Wo-Chien|move: Protect\n|\n|-weather|SunnyDay|[upkeep]\n|-damage|p1b: Texas|9\/100 psn|[from] Leech Seed|[of] p2b: Wo-Chien\n|-damage|p1a: Arizona|88\/100 psn|[from] psn\n|-damage|p1b: Texas|0 fnt|[from] psn\n|faint|p1b: Texas\n|-fieldend|move: Trick Room\n|-fieldend|move: Psychic Terrain\n|upkeep\n|\n|t:|1682005828\n|switch|p1b: Okalahoma|Corviknight, L50, M|64\/100\n|turn|6\n|\n|t:|1682005844\n|-terastallize|p1a: Arizona|Fire\n|move|p2b: Wo-Chien|Leech Seed|p1a: Arizona\n|-start|p1a: Arizona|move: Leech Seed\n|move|p1b: Okalahoma|Brave Bird|p2b: Wo-Chien\n|-supereffective|p2b: Wo-Chien\n|-damage|p2b: Wo-Chien|46\/100\n|-damage|p1b: Okalahoma|47\/100|[from] Recoil\n|move|p1a: Arizona|Eruption|p2b: Wo-Chien\n|-supereffective|p2b: Wo-Chien\n|-damage|p2b: Wo-Chien|0 fnt\n|faint|p2b: Wo-Chien\n|\n|win|dreamswgh\n|raw|dreamswgh's rating: 1372 → 1388<\/strong> (+16 for winning)\n|raw|Kelenar's rating: 1307 → 1291<\/strong> (-16 for losing)\n|c|\u2606dreamswgh|ggwp\n","uploadtime":1682005865,"views":7,"p1id":"dreamswgh","p2id":"kelenar","formatid":"gen9vgc2023regulationc","rating":1291,"private":0,"password":""}