{"id":"gen9vgc2023regulationc-1849335523","p1":"FurretSucksVGC","p2":"xingtian666","format":"[Gen 9] VGC 2023 Regulation C","log":"|j|\u2606FurretSucksVGC\n|j|\u2606xingtian666\n|t:|1682187173\n|gametype|doubles\n|player|p1|FurretSucksVGC|hilbert|1503\n|player|p2|xingtian666|265|1428\n|teamsize|p1|6\n|teamsize|p2|6\n|gen|9\n|tier|[Gen 9] VGC 2023 Regulation C\n|rated|\n|rule|Species Clause: Limit one of each Pok\u00e9mon\n|rule|Item Clause: Limit one of each item\n|clearpoke\n|poke|p1|Skeledirge, L50, M|\n|poke|p1|Kingambit, L50, F|\n|poke|p1|Maushold, L50|\n|poke|p1|Wo-Chien, L50|\n|poke|p1|Florges, L50, F|\n|poke|p1|Lucario, L50, M|\n|poke|p2|Ting-Lu, L50|\n|poke|p2|Amoonguss, L50, F|\n|poke|p2|Abomasnow, L50, F|\n|poke|p2|Iron Bundle, L50|\n|poke|p2|Baxcalibur, L50, M|\n|poke|p2|Gyarados, L50, F|\n|teampreview|4\n|inactive|Battle timer is ON: inactive players will automatically lose when time's up. (requested by xingtian666)\nFurretSucksVGC has agreed to open team sheets.\n|inactive|FurretSucksVGC has 60 seconds left.\n|inactive|FurretSucksVGC has 30 seconds left.\n|inactive|FurretSucksVGC has 20 seconds left.\n|inactive|FurretSucksVGC has 15 seconds left.\n|inactive|FurretSucksVGC has 10 seconds left.\n|\n|t:|1682187258\n|start\n|switch|p1a: Kingambit|Kingambit, L50, F|100\/100\n|switch|p1b: Florges|Florges, L50, F|100\/100\n|switch|p2a: Gyarados|Gyarados, L50, F, shiny|100\/100\n|switch|p2b: Amoonguss|Amoonguss, L50, F, shiny|100\/100\n|-ability|p2a: Gyarados|Intimidate|boost\n|-unboost|p1a: Kingambit|atk|1\n|-ability|p1a: Kingambit|Defiant|boost\n|-boost|p1a: Kingambit|atk|2\n|-unboost|p1b: Florges|atk|1\n|turn|1\n|inactive|xingtian666 has 30 seconds left.\n|inactive|xingtian666 has 20 seconds left.\n|inactive|xingtian666 has 15 seconds left.\n|inactive|xingtian666 has 10 seconds left.\n|\n|t:|1682187303\n|-terastallize|p2a: Gyarados|Electric\n|move|p2b: Amoonguss|Protect|p2b: Amoonguss\n|-singleturn|p2b: Amoonguss|Protect\n|move|p2a: Gyarados|Tera Blast|p1a: Kingambit\n|-damage|p1a: Kingambit|58\/100\n|-damage|p2a: Gyarados|91\/100|[from] item: Life Orb\n|move|p1b: Florges|Misty Terrain|p1b: Florges\n|-fieldstart|move: Misty Terrain\n|move|p1a: Kingambit|Swords Dance|p1a: Kingambit\n|-boost|p1a: Kingambit|atk|2\n|\n|upkeep\n|turn|2\n|\n|t:|1682187323\n|move|p2b: Amoonguss|Rage Powder|p2b: Amoonguss\n|-singleturn|p2b: Amoonguss|move: Rage Powder\n|move|p2a: Gyarados|Waterfall|p1a: Kingambit\n|-damage|p1a: Kingambit|16\/100\n|-damage|p2a: Gyarados|81\/100|[from] item: Life Orb\n|move|p1b: Florges|Pollen Puff|p2b: Amoonguss\n|-damage|p2b: Amoonguss|81\/100\n|move|p1a: Kingambit|Kowtow Cleave|p2b: Amoonguss\n|-damage|p2b: Amoonguss|0 fnt\n|faint|p2b: Amoonguss\n|\n|upkeep\n|j| RedCharonKnight\n|\n|t:|1682187337\n|switch|p2b: Iron Bundle|Iron Bundle, L50, shiny|100\/100\n|-enditem|p2b: Iron Bundle|Booster Energy\n|-activate|p2b: Iron Bundle|ability: Quark Drive|[fromitem]\n|-start|p2b: Iron Bundle|quarkdrivespe\n|turn|3\n|\n|t:|1682187351\n|move|p2a: Gyarados|Protect|p2a: Gyarados\n|-singleturn|p2a: Gyarados|Protect\n|move|p1a: Kingambit|Protect|p1a: Kingambit\n|-singleturn|p1a: Kingambit|Protect\n|move|p2b: Iron Bundle|Hydro Pump|p1a: Kingambit\n|-activate|p1a: Kingambit|move: Protect\n|move|p1b: Florges|Moonblast|p2b: Iron Bundle\n|-damage|p2b: Iron Bundle|34\/100\n|\n|upkeep\n|turn|4\n|\n|t:|1682187371\n|move|p1a: Kingambit|Sucker Punch||[still]\n|-fail|p1a: Kingambit\n|move|p2b: Iron Bundle|Hydro Pump|p1a: Kingambit\n|-damage|p1a: Kingambit|0 fnt\n|faint|p1a: Kingambit\n|move|p2a: Gyarados|Taunt|p1b: Florges\n|-start|p1b: Florges|move: Taunt\n|move|p1b: Florges|Pollen Puff|p1: Kingambit|[notarget]\n|-fail|p1b: Florges\n|\n|upkeep\n|\n|t:|1682187384\n|switch|p1a: Lucario|Lucario, L50, M|100\/100\n|turn|5\n|inactive|FurretSucksVGC has 30 seconds left.\n|inactive|FurretSucksVGC has 20 seconds left.\n|\n|t:|1682187424\n|-terastallize|p1a: Lucario|Steel\n|move|p2b: Iron Bundle|Protect|p2b: Iron Bundle\n|-singleturn|p2b: Iron Bundle|Protect\n|move|p1a: Lucario|Bullet Punch|p2b: Iron Bundle\n|-activate|p2b: Iron Bundle|move: Protect\n|move|p2a: Gyarados|Waterfall|p1a: Lucario\n|-damage|p1a: Lucario|9\/100\n|-damage|p2a: Gyarados|71\/100|[from] item: Life Orb\n|move|p1b: Florges|Pollen Puff|p1a: Lucario\n|-heal|p1a: Lucario|58\/100\n|\n|-fieldend|Misty Terrain\n|upkeep\n|turn|6\n|inactive|FurretSucksVGC has 30 seconds left.\n|inactive|xingtian666 has 30 seconds left.\n|inactive|xingtian666 has 20 seconds left.\n|\n|t:|1682187460\n|move|p1a: Lucario|Bullet Punch|p2b: Iron Bundle\n|-damage|p2b: Iron Bundle|0 fnt\n|faint|p2b: Iron Bundle\n|-end|p2b: Iron Bundle|Quark Drive|[silent]\n|move|p2a: Gyarados|Waterfall|p1b: Florges\n|-damage|p1b: Florges|50\/100\n|-damage|p2a: Gyarados|62\/100|[from] item: Life Orb\n|move|p1b: Florges|Moonblast|p2a: Gyarados\n|-damage|p2a: Gyarados|26\/100\n|-unboost|p2a: Gyarados|spa|1\n|\n|-heal|p1b: Florges|56\/100|[from] item: Leftovers\n|-end|p1b: Florges|move: Taunt\n|upkeep\n|\n|t:|1682187471\n|switch|p2b: Baxcalibur|Baxcalibur, L50, M, shiny|100\/100\n|turn|7\n|\n|t:|1682187492\n|move|p2b: Baxcalibur|Protect|p2b: Baxcalibur\n|-singleturn|p2b: Baxcalibur|Protect\n|move|p1a: Lucario|Close Combat|p2b: Baxcalibur\n|-activate|p2b: Baxcalibur|move: Protect\n|move|p2a: Gyarados|Waterfall|p1a: Lucario\n|-damage|p1a: Lucario|0 fnt\n|faint|p1a: Lucario\n|-damage|p2a: Gyarados|16\/100|[from] item: Life Orb\n|move|p1b: Florges|Moonblast|p2a: Gyarados\n|-damage|p2a: Gyarados|0 fnt\n|faint|p2a: Gyarados\n|\n|-heal|p1b: Florges|62\/100|[from] item: Leftovers\n|upkeep\n|\n|t:|1682187507\n|switch|p1a: Maushold|Maushold, L50|100\/100\n|turn|8\n|\n|t:|1682187518\n|move|p1a: Maushold|Encore|p2b: Baxcalibur\n|-start|p2b: Baxcalibur|Encore\n|move|p2b: Baxcalibur|Protect||[still]\n|-fail|p2b: Baxcalibur\n|move|p1b: Florges|Moonblast|p2b: Baxcalibur\n|-supereffective|p2b: Baxcalibur\n|-damage|p2b: Baxcalibur|19\/100\n|\n|-heal|p1b: Florges|68\/100|[from] item: Leftovers\n|upkeep\n|turn|9\n|-message|xingtian666 forfeited.\n|\n|win|FurretSucksVGC\n|raw|FurretSucksVGC's rating: 1503 → 1519<\/strong> (+16 for winning)\n|raw|xingtian666's rating: 1428 → 1412<\/strong> (-16 for losing)\n|l|\u2606xingtian666\n","uploadtime":1682187534,"views":13,"p1id":"furretsucksvgc","p2id":"xingtian666","formatid":"gen9vgc2023regulationc","rating":1412,"private":0,"password":""}