{"id":"gen9vgc2023regulationc-1862335878","p1":"2245663y","p2":"eddypollo","format":"[Gen 9] VGC 2023 Regulation C","log":"|j|\u26062245663y\n|j|\u2606eddypollo\n|t:|1683868016\n|gametype|doubles\n|player|p1|2245663y|dawn-gen4pt|1282\n|player|p2|eddypollo|swimmer-gen4|1261\n|teamsize|p1|6\n|teamsize|p2|6\n|gen|9\n|tier|[Gen 9] VGC 2023 Regulation C\n|rated|\n|rule|Species Clause: Limit one of each Pok\u00e9mon\n|rule|Item Clause: Limit one of each item\n|clearpoke\n|poke|p1|Klefki, L50, F|\n|poke|p1|Amoonguss, L50, M|\n|poke|p1|Iron Bundle, L50|\n|poke|p1|Flutter Mane, L50|\n|poke|p1|Chi-Yu, L50|\n|poke|p1|Salamence, L50, F|\n|poke|p2|Garchomp, L50, M|\n|poke|p2|Ting-Lu, L50|\n|poke|p2|Flutter Mane, L50|\n|poke|p2|Kilowattrel, L50, F|\n|poke|p2|Ceruledge, L50, M|\n|poke|p2|Gyarados, L50, M|\n|teampreview|4\n|inactive|Battle timer is ON: inactive players will automatically lose when time's up. (requested by eddypollo)\n|\n|t:|1683868048\n|start\n|switch|p1a: Iron Bundle|Iron Bundle, L50, shiny|100\/100\n|switch|p1b: Flutter Mane|Flutter Mane, L50|100\/100\n|switch|p2a: Gyarados|Gyarados, L50, M|100\/100\n|switch|p2b: Kilowattrel|Kilowattrel, L50, F|100\/100\n|-ability|p2a: Gyarados|Intimidate|boost\n|-unboost|p1a: Iron Bundle|atk|1\n|-unboost|p1b: Flutter Mane|atk|1\n|-enditem|p1a: Iron Bundle|Booster Energy\n|-activate|p1a: Iron Bundle|ability: Quark Drive|[fromitem]\n|-start|p1a: Iron Bundle|quarkdrivespe\n|turn|1\n|inactive|eddypollo has 30 seconds left.\n|\n|t:|1683868074\n|-terastallize|p1b: Flutter Mane|Fairy\n|move|p2b: Kilowattrel|Protect|p2b: Kilowattrel\n|-singleturn|p2b: Kilowattrel|Protect\n|move|p1a: Iron Bundle|Icy Wind|p2a: Gyarados|[spread] p2a\n|-activate|p2b: Kilowattrel|move: Protect\n|-damage|p2a: Gyarados|87\/100\n|-unboost|p2a: Gyarados|spe|1\n|move|p1b: Flutter Mane|Dazzling Gleam|p2a: Gyarados|[spread] p2a\n|-activate|p2b: Kilowattrel|move: Protect\n|-damage|p2a: Gyarados|35\/100\n|-damage|p1b: Flutter Mane|91\/100|[from] item: Life Orb\n|move|p2a: Gyarados|Thunder Wave|p1a: Iron Bundle\n|-status|p1a: Iron Bundle|par\n|\n|upkeep\n|turn|2\n|\n|t:|1683868097\n|switch|p2a: Ceruledge|Ceruledge, L50, M|100\/100\n|move|p2b: Kilowattrel|Tailwind|p2b: Kilowattrel\n|-sidestart|p2: eddypollo|move: Tailwind\n|move|p1b: Flutter Mane|Dazzling Gleam|p2b: Kilowattrel|[spread] p2a,p2b\n|-resisted|p2a: Ceruledge\n|-damage|p2a: Ceruledge|70\/100\n|-enditem|p2b: Kilowattrel|Focus Sash\n|-damage|p2b: Kilowattrel|1\/100\n|-damage|p1b: Flutter Mane|82\/100|[from] item: Life Orb\n|move|p1a: Iron Bundle|Icy Wind|p2b: Kilowattrel|[spread] p2a,p2b\n|-resisted|p2a: Ceruledge\n|-supereffective|p2b: Kilowattrel\n|-damage|p2a: Ceruledge|62\/100\n|-damage|p2b: Kilowattrel|0 fnt\n|faint|p2b: Kilowattrel\n|\n|upkeep\n|\n|t:|1683868114\n|switch|p2b: Garchomp|Garchomp, L50, M|100\/100\n|turn|3\n|\n|t:|1683868124\n|-end|p1b: Flutter Mane|Protosynthesis|[silent]\n|switch|p1b: Salamence|Salamence, L50, F|100\/100\n|-ability|p1b: Salamence|Intimidate|boost\n|-fail|p2a: Ceruledge|unboost|[from] item: Clear Amulet|[of] p2a: Ceruledge\n|-unboost|p2b: Garchomp|atk|1\n|move|p2b: Garchomp|Rock Slide|p1a: Iron Bundle|[spread] p1a\n|-miss|p2b: Garchomp|p1b: Salamence\n|-supereffective|p1a: Iron Bundle\n|-damage|p1a: Iron Bundle|55\/100 par\n|move|p2a: Ceruledge|Bitter Blade|p1a: Iron Bundle\n|-damage|p1a: Iron Bundle|8\/100 par\n|-heal|p2a: Ceruledge|83\/100|[from] drain|[of] p1a: Iron Bundle\n|cant|p1a: Iron Bundle|flinch\n|\n|upkeep\n|turn|4\n|inactive|2245663y has 30 seconds left.\n|\n|t:|1683868156\n|switch|p2b: Gyarados|Gyarados, L50, M|35\/100\n|-ability|p2b: Gyarados|Intimidate|boost\n|-unboost|p1a: Iron Bundle|atk|1\n|-unboost|p1b: Salamence|atk|1\n|cant|p1a: Iron Bundle|par\n|move|p2a: Ceruledge|Bitter Blade|p1a: Iron Bundle\n|-damage|p1a: Iron Bundle|0 fnt\n|-heal|p2a: Ceruledge|86\/100|[from] drain|[of] p1a: Iron Bundle\n|faint|p1a: Iron Bundle\n|-end|p1a: Iron Bundle|Quark Drive|[silent]\n|move|p1b: Salamence|Rock Slide|p2b: Gyarados|[spread] p2a\n|-miss|p1b: Salamence|p2b: Gyarados\n|-supereffective|p2a: Ceruledge\n|-crit|p2a: Ceruledge\n|-damage|p2a: Ceruledge|5\/100\n|\n|upkeep\n|inactive|2245663y has 30 seconds left.\n|inactive|2245663y has 20 seconds left.\n|\n|t:|1683868193\n|switch|p1a: Flutter Mane|Flutter Mane, L50, tera:Fairy|82\/100\n|turn|5\n|\n|t:|1683868205\n|move|p1a: Flutter Mane|Protect|p1a: Flutter Mane\n|-singleturn|p1a: Flutter Mane|Protect\n|move|p2b: Gyarados|Thunder Wave|p1b: Salamence|[miss]\n|-miss|p2b: Gyarados|p1b: Salamence\n|move|p2a: Ceruledge|Bitter Blade|p1a: Flutter Mane\n|-activate|p1a: Flutter Mane|move: Protect\n|move|p1b: Salamence|Rock Slide|p2a: Ceruledge|[spread] p2a,p2b\n|-supereffective|p2a: Ceruledge\n|-supereffective|p2b: Gyarados\n|-damage|p2a: Ceruledge|0 fnt\n|-damage|p2b: Gyarados|7\/100\n|faint|p2a: Ceruledge\n|\n|-sideend|p2: eddypollo|move: Tailwind\n|upkeep\n|\n|t:|1683868218\n|switch|p2a: Garchomp|Garchomp, L50, M|100\/100\n|turn|6\n|\n|t:|1683868225\n|switch|p1b: Chi-Yu|Chi-Yu, L50|100\/100\n|-ability|p1b: Chi-Yu|Beads of Ruin\n|-terastallize|p2a: Garchomp|Rock\n|move|p1a: Flutter Mane|Dazzling Gleam|p2b: Gyarados|[spread] p2a,p2b\n|-damage|p2a: Garchomp|18\/100\n|-damage|p2b: Gyarados|0 fnt\n|faint|p2b: Gyarados\n|-damage|p1a: Flutter Mane|72\/100|[from] item: Life Orb\n|move|p2a: Garchomp|Rock Slide|p1a: Flutter Mane|[spread] p1a,p1b\n|-supereffective|p1b: Chi-Yu\n|-damage|p1a: Flutter Mane|0 fnt\n|-damage|p1b: Chi-Yu|0 fnt\n|faint|p1a: Flutter Mane\n|-end|p1a: Flutter Mane|Protosynthesis|[silent]\n|faint|p1b: Chi-Yu\n|\n|upkeep\n|\n|t:|1683868240\n|switch|p1a: Salamence|Salamence, L50, F|100\/100\n|-ability|p1a: Salamence|Intimidate|boost\n|-unboost|p2a: Garchomp|atk|1\n|turn|7\n|\n|t:|1683868245\n|move|p1a: Salamence|Iron Head|p2a: Garchomp\n|-supereffective|p2a: Garchomp\n|-damage|p2a: Garchomp|0 fnt\n|-damage|p1a: Salamence|88\/100|[from] ability: Rough Skin|[of] p2a: Garchomp\n|faint|p2a: Garchomp\n|\n|win|2245663y\n|raw|2245663y's rating: 1282 → 1305<\/strong> (+23 for winning)\n|raw|eddypollo's rating: 1261 → 1238<\/strong> (-23 for losing)\n|l|\u2606eddypollo\n","uploadtime":1683868257,"views":8,"p1id":"2245663y","p2id":"eddypollo","formatid":"gen9vgc2023regulationc","rating":1238,"private":0,"password":""}