{"id":"gen9vgc2023regulationc-1858836404","p1":"RedsilverFR","p2":"mufengvgc","format":"[Gen 9] VGC 2023 Regulation C","log":"|j|\u2606RedsilverFR\n|j|\u2606mufengvgc\n|t:|1683370856\n|gametype|doubles\n|player|p1|RedsilverFR|red|\n|player|p2|mufengvgc|266|\n|teamsize|p1|6\n|teamsize|p2|6\n|gen|9\n|tier|[Gen 9] VGC 2023 Regulation C\n|rule|Species Clause: Limit one of each Pok\u00e9mon\n|rule|Item Clause: Limit one of each item\n|clearpoke\n|poke|p1|Arcanine, L50, M|\n|poke|p1|Gholdengo, L50|\n|poke|p1|Amoonguss, L50, F|\n|poke|p1|Grimmsnarl, L50, M|\n|poke|p1|Rotom-Wash, L50|\n|poke|p1|Flutter Mane, L50|\n|poke|p2|Palafin, L50, F|\n|poke|p2|Amoonguss, L50, M|\n|poke|p2|Arcanine, L50, M|\n|poke|p2|Ting-Lu, L50|\n|poke|p2|Flutter Mane, L50|\n|poke|p2|Baxcalibur, L50, M|\n|teampreview|4\nmufengvgc has agreed to open team sheets.\nRedsilverFR has agreed to open team sheets.\n|c|\u2606RedsilverFR|\/log RedsilverFR made this room public.\n|c|\u2606mufengvgc|g2\n|j| baaaaat_\n|c|\u2606mufengvgc|glhf\n|j| UberVylit\n|c|\u2606RedsilverFR|u2\n|\n|t:|1683371329\n|start\n|switch|p1a: Gholdengo|Gholdengo, L50|100\/100\n|switch|p1b: Grimmsnarl|Grimmsnarl, L50, M|100\/100\n|switch|p2a: Flutter Mane|Flutter Mane, L50|100\/100\n|switch|p2b: Amoonguss|Amoonguss, L50, M|100\/100\n|-enditem|p2a: Flutter Mane|Booster Energy\n|-activate|p2a: Flutter Mane|ability: Protosynthesis|[fromitem]\n|-start|p2a: Flutter Mane|protosynthesisspa\n|turn|1\n|\n|t:|1683371355\n|switch|p1a: Amoonguss|Amoonguss, L50, F|100\/100\n|move|p2a: Flutter Mane|Protect|p2a: Flutter Mane\n|-singleturn|p2a: Flutter Mane|Protect\n|move|p1b: Grimmsnarl|Light Screen|p1b: Grimmsnarl\n|-sidestart|p1: RedsilverFR|move: Light Screen\n|move|p2b: Amoonguss|Spore|p1b: Grimmsnarl\n|-status|p1b: Grimmsnarl|slp|[from] move: Spore\n|\n|upkeep\n|turn|2\n|\n|t:|1683371379\n|switch|p2b: Baxcalibur|Baxcalibur, L50, M|100\/100\n|cant|p1b: Grimmsnarl|slp\n|move|p2a: Flutter Mane|Moonblast|p1b: Grimmsnarl\n|-supereffective|p1b: Grimmsnarl\n|-damage|p1b: Grimmsnarl|19\/100 slp\n|move|p1a: Amoonguss|Spore|p2a: Flutter Mane\n|-status|p2a: Flutter Mane|slp|[from] move: Spore\n|\n|upkeep\n|turn|3\n|\n|t:|1683371401\n|-curestatus|p1b: Grimmsnarl|slp|[msg]\n|move|p1b: Grimmsnarl|Parting Shot|p2a: Flutter Mane\n|-unboost|p2a: Flutter Mane|atk|1\n|-unboost|p2a: Flutter Mane|spa|1\n|\n|t:|1683371403\n|switch|p1b: Gholdengo|Gholdengo, L50|100\/100|[from] Parting Shot\n|cant|p2a: Flutter Mane|slp\n|move|p2b: Baxcalibur|Icicle Crash|p1a: Amoonguss\n|-supereffective|p1a: Amoonguss\n|-damage|p1a: Amoonguss|13\/100\n|move|p1a: Amoonguss|Spore|p2b: Baxcalibur\n|-status|p2b: Baxcalibur|slp|[from] move: Spore\n|\n|upkeep\n|turn|4\n|\n|t:|1683371443\n|switch|p2b: Ting-Lu|Ting-Lu, L50|100\/100\n|-ability|p2b: Ting-Lu|Vessel of Ruin\n|move|p1a: Amoonguss|Rage Powder|p1a: Amoonguss\n|-singleturn|p1a: Amoonguss|move: Rage Powder\n|-curestatus|p2a: Flutter Mane|slp|[msg]\n|move|p2a: Flutter Mane|Shadow Ball|p1a: Amoonguss\n|-damage|p1a: Amoonguss|0 fnt\n|faint|p1a: Amoonguss\n|move|p1b: Gholdengo|Nasty Plot|p1b: Gholdengo\n|-boost|p1b: Gholdengo|spa|2\n|\n|upkeep\n|\n|t:|1683371456\n|switch|p1a: Rotom|Rotom-Wash, L50|100\/100\n|turn|5\n|\n|t:|1683371493\n|-end|p2a: Flutter Mane|Protosynthesis|[silent]\n|switch|p2a: Baxcalibur|Baxcalibur, L50, M|100\/100 slp\n|-terastallize|p2b: Ting-Lu|Poison\n|move|p1b: Gholdengo|Protect|p1b: Gholdengo\n|-singleturn|p1b: Gholdengo|Protect\n|move|p1a: Rotom|Hydro Pump|p2b: Ting-Lu\n|-damage|p2b: Ting-Lu|84\/100\n|move|p2b: Ting-Lu|Fissure|p1b: Gholdengo\n|-activate|p1b: Gholdengo|move: Protect\n|\n|upkeep\n|turn|6\n|\n|t:|1683371528\n|-terastallize|p1b: Gholdengo|Water\n|cant|p2a: Baxcalibur|slp\n|move|p1a: Rotom|Thunderbolt|p2b: Ting-Lu\n|-damage|p2b: Ting-Lu|68\/100\n|move|p1b: Gholdengo|Nasty Plot|p1b: Gholdengo\n|-boost|p1b: Gholdengo|spa|2\n|move|p2b: Ting-Lu|Stomping Tantrum|p1b: Gholdengo\n|-crit|p1b: Gholdengo\n|-damage|p1b: Gholdengo|52\/100\n|\n|-heal|p1b: Gholdengo|59\/100|[from] item: Leftovers\n|upkeep\n|turn|7\n|\n|t:|1683371561\n|cant|p2a: Baxcalibur|slp\n|move|p1a: Rotom|Thunderbolt|p2b: Ting-Lu\n|-damage|p2b: Ting-Lu|53\/100\n|move|p1b: Gholdengo|Make It Rain|p2b: Ting-Lu|[spread] p2a,p2b\n|-supereffective|p2a: Baxcalibur\n|-damage|p2a: Baxcalibur|0 fnt\n|-damage|p2b: Ting-Lu|3\/100\n|-unboost|p1b: Gholdengo|spa|1\n|faint|p2a: Baxcalibur\n|move|p2b: Ting-Lu|Rock Slide|p1b: Gholdengo|[spread] p1a,p1b\n|-damage|p1a: Rotom|81\/100\n|-damage|p1b: Gholdengo|43\/100\n|\n|-heal|p1b: Gholdengo|49\/100|[from] item: Leftovers\n|upkeep\n|j| Polpolpo\n|\n|t:|1683371572\n|switch|p2a: Flutter Mane|Flutter Mane, L50|100\/100\n|turn|8\n|l| Polpolpo\n|\n|t:|1683371590\n|switch|p2b: Amoonguss|Amoonguss, L50, M|100\/100\n|move|p2a: Flutter Mane|Thunderbolt|p1b: Gholdengo\n|-supereffective|p1b: Gholdengo\n|-damage|p1b: Gholdengo|11\/100\n|-status|p1b: Gholdengo|par\n|move|p1a: Rotom|Thunderbolt|p2b: Amoonguss\n|-resisted|p2b: Amoonguss\n|-damage|p2b: Amoonguss|85\/100\n|cant|p1b: Gholdengo|par\n|\n|-heal|p1b: Gholdengo|18\/100 par|[from] item: Leftovers\n|-sideend|p1: RedsilverFR|move: Light Screen\n|upkeep\n|turn|9\n|j| Polpolpo\n|l| Polpolpo\n|j| Polpolpo\n|\n|t:|1683371617\n|move|p1b: Gholdengo|Protect|p1b: Gholdengo\n|-singleturn|p1b: Gholdengo|Protect\n|move|p2a: Flutter Mane|Thunderbolt|p1b: Gholdengo\n|-activate|p1b: Gholdengo|move: Protect\n|move|p1a: Rotom|Thunderbolt|p2a: Flutter Mane\n|-damage|p2a: Flutter Mane|60\/100\n|move|p2b: Amoonguss|Spore|p1a: Rotom\n|-status|p1a: Rotom|slp|[from] move: Spore\n|\n|-heal|p1b: Gholdengo|24\/100 par|[from] item: Leftovers\n|upkeep\n|turn|10\n|c|\u2606RedsilverFR|ggs\n|-message|RedsilverFR forfeited.\n|\n|win|mufengvgc\n|l|\u2606RedsilverFR\n","uploadtime":1683371634,"views":32,"p1id":"redsilverfr","p2id":"mufengvgc","formatid":"gen9vgc2023regulationc","rating":0,"private":0,"password":""}