{"id":"gen9vgc2023regulationc-1855766023","p1":"hhhyy6","p2":"poop00","format":"[Gen 9] VGC 2023 Regulation C","log":"|j|\u2606hhhyy6\n|j|\u2606poop00\n|t:|1682981618\n|gametype|doubles\n|player|p1|hhhyy6|2|1183\n|player|p2|poop00|169|1170\n|teamsize|p1|6\n|teamsize|p2|6\n|gen|9\n|tier|[Gen 9] VGC 2023 Regulation C\n|rated|\n|rule|Species Clause: Limit one of each Pok\u00e9mon\n|rule|Item Clause: Limit one of each item\n|clearpoke\n|poke|p1|Torkoal, L50, F|\n|poke|p1|Chi-Yu, L50|\n|poke|p1|Bronzong, L50|\n|poke|p1|Gastrodon, L50, F|\n|poke|p1|Grimmsnarl, L50, M|\n|poke|p1|Skeledirge, L50, F|\n|poke|p2|Gyarados, L50, F|\n|poke|p2|Amoonguss, L50, F|\n|poke|p2|Flutter Mane, L50|\n|poke|p2|Iron Hands, L50|\n|poke|p2|Garganacl, L50, M|\n|poke|p2|Chi-Yu, L50|\n|teampreview|4\n|inactive|Battle timer is ON: inactive players will automatically lose when time's up. (requested by hhhyy6)\n|\n|t:|1682981639\n|start\n|switch|p1a: Grimmsnarl|Grimmsnarl, L50, M|100\/100\n|switch|p1b: Bronzong|Bronzong, L50|100\/100\n|switch|p2a: Chi-Yu|Chi-Yu, L50|100\/100\n|switch|p2b: Iron Hands|Iron Hands, L50|100\/100\n|-ability|p2a: Chi-Yu|Beads of Ruin\n|turn|1\n|\n|t:|1682981653\n|switch|p1a: Skeledirge|Skeledirge, L50, F|100\/100\n|-terastallize|p1b: Bronzong|Fighting\n|move|p2a: Chi-Yu|Heat Wave|p1b: Bronzong|[spread] p1a,p1b\n|-resisted|p1a: Skeledirge\n|-damage|p1a: Skeledirge|70\/100\n|-damage|p1b: Bronzong|50\/100\n|move|p2b: Iron Hands|Swords Dance|p2b: Iron Hands\n|-boost|p2b: Iron Hands|atk|2\n|move|p1b: Bronzong|Body Press|p2a: Chi-Yu\n|-supereffective|p2a: Chi-Yu\n|-enditem|p2a: Chi-Yu|Focus Sash\n|-damage|p2a: Chi-Yu|1\/100\n|\n|-heal|p1a: Skeledirge|75\/100|[from] item: Leftovers\n|upkeep\n|turn|2\n|\n|t:|1682981672\n|switch|p1b: Grimmsnarl|Grimmsnarl, L50, M|100\/100\n|move|p2a: Chi-Yu|Heat Wave|p1a: Skeledirge|[spread] p1a,p1b\n|-resisted|p1a: Skeledirge\n|-damage|p1a: Skeledirge|48\/100\n|-damage|p1b: Grimmsnarl|37\/100\n|move|p1a: Skeledirge|Encore|p2b: Iron Hands\n|-start|p2b: Iron Hands|Encore\n|move|p2b: Iron Hands|Swords Dance|p2b: Iron Hands\n|-boost|p2b: Iron Hands|atk|2\n|\n|-heal|p1a: Skeledirge|54\/100|[from] item: Leftovers\n|upkeep\n|turn|3\n|\n|t:|1682981684\n|move|p1b: Grimmsnarl|Fake Out|p2a: Chi-Yu\n|-damage|p2a: Chi-Yu|0 fnt\n|faint|p2a: Chi-Yu\n|move|p1a: Skeledirge|Torch Song|p2b: Iron Hands\n|-damage|p2b: Iron Hands|72\/100\n|-boost|p1a: Skeledirge|spa|1\n|move|p2b: Iron Hands|Swords Dance|p2b: Iron Hands\n|-boost|p2b: Iron Hands|atk|2\n|\n|-heal|p1a: Skeledirge|59\/100|[from] item: Leftovers\n|upkeep\n|\n|t:|1682981695\n|switch|p2a: Flutter Mane|Flutter Mane, L50|100\/100\n|-enditem|p2a: Flutter Mane|Booster Energy\n|-activate|p2a: Flutter Mane|ability: Protosynthesis|[fromitem]\n|-start|p2a: Flutter Mane|protosynthesisspa\n|turn|4\n|\n|t:|1682981703\n|-terastallize|p2a: Flutter Mane|Fairy\n|move|p1a: Skeledirge|Protect|p1a: Skeledirge\n|-singleturn|p1a: Skeledirge|Protect\n|move|p1b: Grimmsnarl|Trick|p2a: Flutter Mane\n|-activate|p1b: Grimmsnarl|move: Trick|[of] p2a: Flutter Mane\n|-item|p2a: Flutter Mane|Lagging Tail|[from] move: Trick\n|-enditem|p1b: Grimmsnarl|Lagging Tail|[silent]|[from] move: Trick\n|move|p2a: Flutter Mane|Dazzling Gleam|p1a: Skeledirge|[spread] p1b\n|-activate|p1a: Skeledirge|move: Protect\n|-supereffective|p1b: Grimmsnarl\n|-damage|p1b: Grimmsnarl|0 fnt\n|faint|p1b: Grimmsnarl\n|move|p2b: Iron Hands|Swords Dance|p2b: Iron Hands\n|-boost|p2b: Iron Hands|atk|0\n|\n|-heal|p1a: Skeledirge|65\/100|[from] item: Leftovers\n|-end|p2b: Iron Hands|Encore\n|upkeep\n|\n|t:|1682981707\n|switch|p1b: Bronzong|Bronzong, L50, tera:Fighting|50\/100\n|turn|5\n|\n|t:|1682981723\n|move|p1a: Skeledirge|Encore|p2b: Iron Hands\n|-start|p2b: Iron Hands|Encore\n|move|p2b: Iron Hands|Swords Dance|p2b: Iron Hands\n|-boost|p2b: Iron Hands|atk|0\n|move|p1b: Bronzong|Iron Head|p2a: Flutter Mane\n|-supereffective|p2a: Flutter Mane\n|-damage|p2a: Flutter Mane|2\/100\n|cant|p2a: Flutter Mane|flinch\n|\n|-heal|p1a: Skeledirge|71\/100|[from] item: Leftovers\n|upkeep\n|turn|6\n|\n|t:|1682981736\n|move|p2a: Flutter Mane|Protect|p2a: Flutter Mane\n|-singleturn|p2a: Flutter Mane|Protect\n|move|p1a: Skeledirge|Torch Song|p2b: Iron Hands\n|-damage|p2b: Iron Hands|25\/100\n|-boost|p1a: Skeledirge|spa|1\n|move|p2b: Iron Hands|Swords Dance|p2b: Iron Hands\n|-boost|p2b: Iron Hands|atk|0\n|move|p1b: Bronzong|Iron Head|p2a: Flutter Mane\n|-activate|p2a: Flutter Mane|move: Protect\n|\n|-heal|p1a: Skeledirge|77\/100|[from] item: Leftovers\n|upkeep\n|turn|7\n|\n|t:|1682981757\n|move|p1a: Skeledirge|Torch Song|p2b: Iron Hands\n|-damage|p2b: Iron Hands|0 fnt\n|-boost|p1a: Skeledirge|spa|1\n|faint|p2b: Iron Hands\n|-end|p2b: Iron Hands|Quark Drive|[silent]\n|move|p1b: Bronzong|Iron Head|p2a: Flutter Mane\n|-supereffective|p2a: Flutter Mane\n|-damage|p2a: Flutter Mane|0 fnt\n|faint|p2a: Flutter Mane\n|-end|p2a: Flutter Mane|Protosynthesis|[silent]\n|\n|-heal|p1a: Skeledirge|83\/100|[from] item: Leftovers\n|upkeep\n|\n|t:|1682981763\n|switch|p2b: Garganacl|Garganacl, L50, M|100\/100\n|turn|8\n|-message|poop00 forfeited.\n|\n|win|hhhyy6\n|raw|hhhyy6's rating: 1151 → 1177<\/strong> (+26 for winning)\n|raw|poop00's rating: 1170 → 1144<\/strong> (-26 for losing)\n|l|\u2606poop00\n","uploadtime":1682981770,"views":17,"p1id":"hhhyy6","p2id":"poop00","formatid":"gen9vgc2023regulationc","rating":1144,"private":0,"password":""}