{"id":"gen9vgc2023regulationc-1851679296","p1":"SlowHomie","p2":"Silralisk","format":"[Gen 9] VGC 2023 Regulation C","log":"|j|\u2606SlowHomie\n|j|\u2606Silralisk\n|t:|1682469022\n|gametype|doubles\n|player|p1|SlowHomie|youngster-gen4dp|1497\n|player|p2|Silralisk|101|1403\n|teamsize|p1|6\n|teamsize|p2|6\n|gen|9\n|tier|[Gen 9] VGC 2023 Regulation C\n|rated|\n|rule|Species Clause: Limit one of each Pok\u00e9mon\n|rule|Item Clause: Limit one of each item\n|clearpoke\n|poke|p1|Glimmora, L50, M|\n|poke|p1|Dragonite, L50, M|\n|poke|p1|Dondozo, L50, M|\n|poke|p1|Tatsugiri, L50, F|\n|poke|p1|Chi-Yu, L50|\n|poke|p1|Iron Bundle, L50|\n|poke|p2|Glimmora, L50, M|\n|poke|p2|Scream Tail, L50|\n|poke|p2|Garganacl, L50, F|\n|poke|p2|Rotom-Wash, L50|\n|poke|p2|Wo-Chien, L50|\n|poke|p2|Baxcalibur, L50, F|\n|teampreview|4\nSlowHomie has agreed to open team sheets.\n|\n|t:|1682469070\n|start\n|switch|p1a: Dondozo|Dondozo, L50, M|100\/100\n|switch|p1b: Dragonite|Dragonite, L50, M, shiny|100\/100\n|switch|p2a: Glimmora|Glimmora, L50, M, shiny|100\/100\n|switch|p2b: Scream Tail|Scream Tail, L50|100\/100\n|-enditem|p2b: Scream Tail|Booster Energy\n|-activate|p2b: Scream Tail|ability: Protosynthesis|[fromitem]\n|-start|p2b: Scream Tail|protosynthesisspe\n|turn|1\n|\n|t:|1682469091\n|switch|p1a: Iron Bundle|Iron Bundle, L50, shiny|100\/100\n|-enditem|p1a: Iron Bundle|Booster Energy\n|-activate|p1a: Iron Bundle|ability: Quark Drive|[fromitem]\n|-start|p1a: Iron Bundle|quarkdrivespe\n|move|p2a: Glimmora|Spiky Shield|p2a: Glimmora\n|-singleturn|p2a: Glimmora|move: Protect\n|move|p2b: Scream Tail|Stealth Rock|p1a: Iron Bundle\n|-sidestart|p1: SlowHomie|move: Stealth Rock\n|move|p1b: Dragonite|Ice Spinner|p2a: Glimmora\n|-activate|p2a: Glimmora|move: Protect\n|-damage|p1b: Dragonite|88\/100|[from] Spiky Shield|[of] p2a: Glimmora\n|\n|upkeep\n|turn|2\n|\n|t:|1682469115\n|switch|p1b: Dondozo|Dondozo, L50, M|100\/100\n|-damage|p1b: Dondozo|88\/100|[from] Stealth Rock\n|move|p1a: Iron Bundle|Freeze-Dry|p2a: Glimmora\n|-damage|p2a: Glimmora|56\/100\n|move|p2b: Scream Tail|Disable||[still]\n|-fail|p2b: Scream Tail\n|move|p2a: Glimmora|Mortal Spin|p1a: Iron Bundle|[spread] p1a,p1b\n|-damage|p1a: Iron Bundle|95\/100\n|-damage|p1b: Dondozo|84\/100\n|-status|p1a: Iron Bundle|psn\n|-status|p1b: Dondozo|psn\n|\n|-heal|p1b: Dondozo|90\/100 psn|[from] item: Leftovers\n|-damage|p1a: Iron Bundle|83\/100 psn|[from] psn\n|-damage|p1b: Dondozo|78\/100 psn|[from] psn\n|upkeep\n|turn|3\n|\n|t:|1682469157\n|move|p1a: Iron Bundle|Protect|p1a: Iron Bundle\n|-singleturn|p1a: Iron Bundle|Protect\n|move|p2b: Scream Tail|Play Rough|p1b: Dondozo\n|-damage|p1b: Dondozo|62\/100 psn\n|move|p2a: Glimmora|Venoshock|p1b: Dondozo\n|-damage|p1b: Dondozo|15\/100 psn\n|move|p1b: Dondozo|Earthquake|p2b: Scream Tail|[spread] p2a,p2b\n|-activate|p1a: Iron Bundle|move: Protect\n|-supereffective|p2a: Glimmora\n|-damage|p2a: Glimmora|0 fnt\n|-damage|p2b: Scream Tail|85\/100\n|faint|p2a: Glimmora\n|\n|-heal|p1b: Dondozo|21\/100 psn|[from] item: Leftovers\n|-damage|p1a: Iron Bundle|71\/100 psn|[from] psn\n|-damage|p1b: Dondozo|9\/100 psn|[from] psn\n|upkeep\n|\n|t:|1682469186\n|switch|p2a: Garganacl|Garganacl, L50, F|100\/100\n|turn|4\n|\n|t:|1682469224\n|-end|p1a: Iron Bundle|Quark Drive|[silent]\n|switch|p1a: Tatsugiri|Tatsugiri, L50, F|100\/100\n|-activate|p1a: Tatsugiri|ability: Commander|[of] p1b: Dondozo\n|-boost|p1b: Dondozo|atk|2\n|-boost|p1b: Dondozo|spa|2\n|-boost|p1b: Dondozo|spe|2\n|-boost|p1b: Dondozo|def|2\n|-boost|p1b: Dondozo|spd|2\n|-terastallize|p2a: Garganacl|Ghost\n|move|p2b: Scream Tail|Play Rough|p1b: Dondozo\n|-damage|p1b: Dondozo|1\/100 psn\n|move|p1b: Dondozo|Wave Crash|p2a: Garganacl\n|-damage|p2a: Garganacl|40\/100\n|-damage|p1b: Dondozo|0 fnt|[from] Recoil\n|faint|p1b: Dondozo\n|move|p2a: Garganacl|Salt Cure|p1a: Tatsugiri\n|-damage|p1a: Tatsugiri|73\/100\n|-start|p1a: Tatsugiri|Salt Cure\n|\n|-heal|p2a: Garganacl|45\/100|[from] item: Leftovers\n|-damage|p1a: Tatsugiri|49\/100|[from] Salt Cure\n|upkeep\n|\n|t:|1682469240\n|switch|p1b: Dragonite|Dragonite, L50, M, shiny|88\/100\n|-damage|p1b: Dragonite|63\/100|[from] Stealth Rock\n|turn|5\n|\n|t:|1682469263\n|-terastallize|p1b: Dragonite|Normal\n|move|p2b: Scream Tail|Play Rough|p1b: Dragonite\n|-damage|p1b: Dragonite|41\/100\n|move|p1a: Tatsugiri|Draco Meteor|p2a: Garganacl\n|-damage|p2a: Garganacl|0 fnt\n|-unboost|p1a: Tatsugiri|spa|2\n|faint|p2a: Garganacl\n|move|p1b: Dragonite|Ice Spinner|p2b: Scream Tail\n|-damage|p2b: Scream Tail|49\/100\n|\n|-damage|p1a: Tatsugiri|24\/100|[from] Salt Cure\n|upkeep\n|\n|t:|1682469278\n|switch|p2a: Wo-Chien|Wo-Chien, L50|100\/100\n|-ability|p2a: Wo-Chien|Tablets of Ruin\n|turn|6\n|\n|t:|1682469295\n|move|p2b: Scream Tail|Play Rough|p1a: Tatsugiri\n|-supereffective|p1a: Tatsugiri\n|-damage|p1a: Tatsugiri|0 fnt\n|faint|p1a: Tatsugiri\n|move|p1b: Dragonite|Ice Spinner|p2b: Scream Tail\n|-damage|p2b: Scream Tail|22\/100\n|move|p2a: Wo-Chien|Leech Seed|p1b: Dragonite\n|-start|p1b: Dragonite|move: Leech Seed\n|\n|-damage|p1b: Dragonite|28\/100|[from] Leech Seed|[of] p2a: Wo-Chien\n|upkeep\n|\n|t:|1682469298\n|switch|p1a: Iron Bundle|Iron Bundle, L50, shiny|71\/100 psn\n|-damage|p1a: Iron Bundle|46\/100 psn|[from] Stealth Rock\n|turn|7\n|\n|t:|1682469314\n|move|p2b: Scream Tail|Disable|p1b: Dragonite\n|-start|p1b: Dragonite|Disable|Ice Spinner\n|move|p1a: Iron Bundle|Freeze-Dry|p2b: Scream Tail\n|-damage|p2b: Scream Tail|0 fnt\n|faint|p2b: Scream Tail\n|-end|p2b: Scream Tail|Protosynthesis|[silent]\n|cant|p1b: Dragonite|Disable|Ice Spinner\n|move|p2a: Wo-Chien|Snarl|p1a: Iron Bundle|[spread] p1a,p1b\n|-damage|p1a: Iron Bundle|16\/100 psn\n|-damage|p1b: Dragonite|14\/100\n|-unboost|p1a: Iron Bundle|spa|1\n|-unboost|p1b: Dragonite|spa|1\n|\n|-damage|p1b: Dragonite|2\/100|[from] Leech Seed|[of] p2a: Wo-Chien\n|-damage|p1a: Iron Bundle|4\/100 psn|[from] psn\n|upkeep\n|turn|8\n|\n|t:|1682469331\n|move|p2a: Wo-Chien|Protect|p2a: Wo-Chien\n|-singleturn|p2a: Wo-Chien|Protect\n|move|p1a: Iron Bundle|Freeze-Dry|p2a: Wo-Chien\n|-activate|p2a: Wo-Chien|move: Protect\n|-activate|p1b: Dragonite|move: Struggle\n|move|p1b: Dragonite|Struggle|p2a: Wo-Chien\n|-activate|p2a: Wo-Chien|move: Protect\n|\n|-damage|p1b: Dragonite|0 fnt|[from] Leech Seed|[of] p2a: Wo-Chien\n|faint|p1b: Dragonite\n|-damage|p1a: Iron Bundle|0 fnt|[from] psn\n|faint|p1a: Iron Bundle\n|-end|p1a: Iron Bundle|Quark Drive|[silent]\n|\n|win|Silralisk\n|upkeep\n|raw|SlowHomie's rating: 1497 → 1472<\/strong> (-25 for losing)\n|raw|Silralisk's rating: 1403 → 1428<\/strong> (+25 for winning)\n|l|\u2606SlowHomie\n","uploadtime":1682469349,"views":19,"p1id":"slowhomie","p2id":"silralisk","formatid":"gen9vgc2023regulationc","rating":1428,"private":0,"password":""}