{"id":"gen9vgc2023regulationc-1856331058","p1":"Count Sliggoo","p2":"saweaaaa","format":"[Gen 9] VGC 2023 Regulation C","log":"|j|\u2606Count Sliggoo\n|j|\u2606saweaaaa\n|t:|1683051514\n|gametype|doubles\n|player|p1|Count Sliggoo|ruinmaniac-gen3rs|1217\n|player|p2|saweaaaa|giovanni|1242\n|teamsize|p1|6\n|teamsize|p2|6\n|gen|9\n|tier|[Gen 9] VGC 2023 Regulation C\n|rated|\n|rule|Species Clause: Limit one of each Pok\u00e9mon\n|rule|Item Clause: Limit one of each item\n|clearpoke\n|poke|p1|Gallade, L50, M|\n|poke|p1|Garganacl, L50, M|\n|poke|p1|Flutter Mane, L50|\n|poke|p1|Indeedee-F, L50, F|\n|poke|p1|Armarouge, L50, F|\n|poke|p1|Dragonite, L50, M|\n|poke|p2|Tyranitar, L50, M|\n|poke|p2|Palafin, L50, M|\n|poke|p2|Arcanine, L50, M|\n|poke|p2|Amoonguss, L50, F|\n|poke|p2|Flutter Mane, L50|\n|poke|p2|Meowscarada, L50, M|\n|teampreview|4\n|\n|t:|1683051554\n|start\n|switch|p1a: Mr. Sandstone|Garganacl, L50, M, shiny|100\/100\n|switch|p1b: Elre Olaric|Gallade, L50, M, shiny|100\/100\n|switch|p2a: Roma|Tyranitar, L50, M|100\/100\n|switch|p2b: Jinx|Meowscarada, L50, M|100\/100\n|-weather|Sandstorm|[from] ability: Sand Stream|[of] p2a: Roma\n|turn|1\n|\n|t:|1683051591\n|switch|p2a: Camilita|Amoonguss, L50, F|100\/100\n|-terastallize|p1a: Mr. Sandstone|Grass\n|move|p2b: Jinx|Protect|p2b: Jinx\n|-singleturn|p2b: Jinx|Protect\n|move|p1b: Elre Olaric|Protect|p1b: Elre Olaric\n|-singleturn|p1b: Elre Olaric|Protect\n|move|p1a: Mr. Sandstone|Body Press|p2b: Jinx\n|-activate|p2b: Jinx|move: Protect\n|\n|-weather|Sandstorm|[upkeep]\n|-damage|p2b: Jinx|95\/100|[from] Sandstorm\n|-damage|p1b: Elre Olaric|95\/100|[from] Sandstorm\n|-damage|p2a: Camilita|95\/100|[from] Sandstorm\n|-damage|p1a: Mr. Sandstone|95\/100|[from] Sandstorm\n|-heal|p1a: Mr. Sandstone|100\/100|[from] item: Leftovers\n|upkeep\n|turn|2\n|\n|t:|1683051612\n|move|p2a: Camilita|Rage Powder|p2a: Camilita\n|-singleturn|p2a: Camilita|move: Rage Powder\n|move|p2b: Jinx|Knock Off|p1b: Elre Olaric\n|-crit|p1b: Elre Olaric\n|-damage|p1b: Elre Olaric|0 fnt\n|-enditem|p1b: Elre Olaric|Life Orb|[from] move: Knock Off|[of] p2b: Jinx\n|faint|p1b: Elre Olaric\n|move|p1a: Mr. Sandstone|Body Press|p2b: Jinx\n|-supereffective|p2b: Jinx\n|-damage|p2b: Jinx|18\/100\n|\n|-weather|Sandstorm|[upkeep]\n|-damage|p2b: Jinx|12\/100|[from] Sandstorm\n|-damage|p2a: Camilita|89\/100|[from] Sandstorm\n|-damage|p1a: Mr. Sandstone|95\/100|[from] Sandstorm\n|-heal|p1a: Mr. Sandstone|100\/100|[from] item: Leftovers\n|upkeep\n|l|\u2606saweaaaa\n|player|p2|\n|\n|t:|1683051645\n|switch|p1b: Baelnorn|Flutter Mane, L50|100\/100\n|-enditem|p1b: Baelnorn|Booster Energy\n|-activate|p1b: Baelnorn|ability: Protosynthesis|[fromitem]\n|-start|p1b: Baelnorn|protosynthesisspe\n|turn|3\n|j|\u2606saweaaaa\n|player|p2|saweaaaa|giovanni\n|\n|t:|1683051666\n|move|p1b: Baelnorn|Protect|p1b: Baelnorn\n|-singleturn|p1b: Baelnorn|Protect\n|move|p2b: Jinx|Protect|p2b: Jinx\n|-singleturn|p2b: Jinx|Protect\n|move|p2a: Camilita|Spore|p1b: Baelnorn\n|-activate|p1b: Baelnorn|move: Protect\n|move|p1a: Mr. Sandstone|Salt Cure|p2a: Camilita\n|-damage|p2a: Camilita|77\/100\n|-start|p2a: Camilita|Salt Cure\n|\n|-weather|Sandstorm|[upkeep]\n|-damage|p1b: Baelnorn|94\/100|[from] Sandstorm\n|-damage|p2b: Jinx|6\/100|[from] Sandstorm\n|-damage|p2a: Camilita|71\/100|[from] Sandstorm\n|-damage|p1a: Mr. Sandstone|95\/100|[from] Sandstorm\n|-heal|p1a: Mr. Sandstone|100\/100|[from] item: Leftovers\n|-damage|p2a: Camilita|58\/100|[from] Salt Cure\n|upkeep\n|turn|4\n|\n|t:|1683051705\n|move|p2b: Jinx|Sucker Punch|p1b: Baelnorn\n|-damage|p1b: Baelnorn|49\/100\n|move|p1b: Baelnorn|Shadow Ball|p2a: Camilita\n|-damage|p2a: Camilita|24\/100\n|-enditem|p2a: Camilita|Sitrus Berry|[eat]\n|-heal|p2a: Camilita|49\/100|[from] item: Sitrus Berry\n|move|p2a: Camilita|Spore|p1b: Baelnorn\n|-status|p1b: Baelnorn|slp|[from] move: Spore\n|move|p1a: Mr. Sandstone|Body Press|p2a: Camilita\n|-resisted|p2a: Camilita\n|-damage|p2a: Camilita|40\/100\n|\n|-weather|Sandstorm|[upkeep]\n|-damage|p1b: Baelnorn|43\/100 slp|[from] Sandstorm\n|-damage|p2b: Jinx|0 fnt|[from] Sandstorm\n|-damage|p2a: Camilita|34\/100|[from] Sandstorm\n|-damage|p1a: Mr. Sandstone|95\/100|[from] Sandstorm\n|faint|p2b: Jinx\n|-heal|p1a: Mr. Sandstone|100\/100|[from] item: Leftovers\n|-damage|p2a: Camilita|22\/100|[from] Salt Cure\n|upkeep\n|\n|t:|1683051719\n|switch|p2b: Pride|Palafin, L50, M|100\/100\n|turn|5\n|\n|t:|1683051752\n|switch|p1a: Loki|Indeedee-F, L50, F, shiny|100\/100\n|-fieldstart|move: Psychic Terrain|[from] ability: Psychic Surge|[of] p1a: Loki\n|-enditem|p1a: Loki|Psychic Seed\n|-boost|p1a: Loki|spd|1|[from] item: Psychic Seed\n|cant|p1b: Baelnorn|slp\n|move|p2b: Pride|Jet Punch|p1b: Baelnorn\n|-activate|p1b: Baelnorn|move: Psychic Terrain\n|move|p2a: Camilita|Pollen Puff|p2b: Pride\n|-immune|p2b: Pride\n|\n|-weather|none\n|-damage|p2a: Camilita|10\/100|[from] Salt Cure\n|upkeep\n|turn|6\n|\n|t:|1683051784\n|move|p1a: Loki|Helping Hand|p1b: Baelnorn\n|-singleturn|p1b: Baelnorn|Helping Hand|[of] p1a: Loki\n|cant|p1b: Baelnorn|slp\n|move|p2b: Pride|Wave Crash|p1b: Baelnorn\n|-damage|p1b: Baelnorn|0 fnt\n|faint|p1b: Baelnorn\n|-end|p1b: Baelnorn|Protosynthesis|[silent]\n|-damage|p2b: Pride|91\/100|[from] Recoil\n|move|p2a: Camilita|Pollen Puff|p2b: Pride\n|-heal|p2b: Pride|100\/100\n|\n|-damage|p2a: Camilita|0 fnt|[from] Salt Cure\n|faint|p2a: Camilita\n|upkeep\n|\n|t:|1683051800\n|switch|p1b: Mr. Sandstone|Garganacl, L50, M, shiny, tera:Grass|100\/100\n|switch|p2a: Roma|Tyranitar, L50, M|100\/100\n|-weather|Sandstorm|[from] ability: Sand Stream|[of] p2a: Roma\n|turn|7\n|\n|t:|1683051820\n|-terastallize|p2a: Roma|Flying\n|move|p1a: Loki|Protect|p1a: Loki\n|-singleturn|p1a: Loki|Protect\n|move|p2b: Pride|Close Combat|p1b: Mr. Sandstone\n|-damage|p1b: Mr. Sandstone|82\/100\n|-unboost|p2b: Pride|def|1\n|-unboost|p2b: Pride|spd|1\n|move|p2a: Roma|Crunch|p1b: Mr. Sandstone\n|-damage|p1b: Mr. Sandstone|53\/100\n|move|p1b: Mr. Sandstone|Salt Cure|p2b: Pride\n|-damage|p2b: Pride|76\/100\n|-start|p2b: Pride|Salt Cure\n|\n|-weather|Sandstorm|[upkeep]\n|-damage|p2b: Pride|70\/100|[from] Sandstorm\n|-damage|p1a: Loki|94\/100|[from] Sandstorm\n|-damage|p2a: Roma|95\/100|[from] Sandstorm\n|-damage|p1b: Mr. Sandstone|47\/100|[from] Sandstorm\n|-heal|p1b: Mr. Sandstone|53\/100|[from] item: Leftovers\n|-damage|p2b: Pride|45\/100|[from] Salt Cure\n|upkeep\n|turn|8\n|\n|t:|1683051848\n|move|p2b: Pride|Close Combat|p1b: Mr. Sandstone\n|-damage|p1b: Mr. Sandstone|33\/100\n|-unboost|p2b: Pride|def|1\n|-unboost|p2b: Pride|spd|1\n|move|p1a: Loki|Heal Pulse|p1b: Mr. Sandstone\n|-heal|p1b: Mr. Sandstone|83\/100\n|move|p2a: Roma|Tera Blast|p1b: Mr. Sandstone\n|-supereffective|p1b: Mr. Sandstone\n|-damage|p1b: Mr. Sandstone|22\/100\n|move|p1b: Mr. Sandstone|Salt Cure|p2a: Roma\n|-supereffective|p2a: Roma\n|-damage|p2a: Roma|69\/100\n|-start|p2a: Roma|Salt Cure\n|\n|-weather|Sandstorm|[upkeep]\n|-damage|p2b: Pride|40\/100|[from] Sandstorm\n|-damage|p1a: Loki|88\/100|[from] Sandstorm\n|-damage|p2a: Roma|63\/100|[from] Sandstorm\n|-damage|p1b: Mr. Sandstone|16\/100|[from] Sandstorm\n|-heal|p1b: Mr. Sandstone|22\/100|[from] item: Leftovers\n|-damage|p2b: Pride|15\/100|[from] Salt Cure\n|-damage|p2a: Roma|51\/100|[from] Salt Cure\n|upkeep\n|turn|9\n|\n|t:|1683051867\n|move|p1a: Loki|Follow Me|p1a: Loki\n|-singleturn|p1a: Loki|move: Follow Me\n|move|p2b: Pride|Wave Crash|p1a: Loki\n|-damage|p1a: Loki|35\/100\n|-damage|p2b: Pride|0 fnt|[from] Recoil\n|faint|p2b: Pride\n|move|p2a: Roma|Tera Blast|p1a: Loki\n|-damage|p1a: Loki|0 fnt\n|faint|p1a: Loki\n|move|p1b: Mr. Sandstone|Recover|p1b: Mr. Sandstone\n|-heal|p1b: Mr. Sandstone|72\/100\n|\n|-weather|Sandstorm|[upkeep]\n|-damage|p2a: Roma|45\/100|[from] Sandstorm\n|-damage|p1b: Mr. Sandstone|67\/100|[from] Sandstorm\n|-heal|p1b: Mr. Sandstone|72\/100|[from] item: Leftovers\n|-damage|p2a: Roma|33\/100|[from] Salt Cure\n|-fieldend|move: Psychic Terrain\n|upkeep\n|turn|10\n|\n|t:|1683051898\n|move|p2a: Roma|Tera Blast|p1b: Mr. Sandstone\n|-supereffective|p1b: Mr. Sandstone\n|-damage|p1b: Mr. Sandstone|15\/100\n|move|p1b: Mr. Sandstone|Salt Cure|p2a: Roma\n|-supereffective|p2a: Roma\n|-damage|p2a: Roma|10\/100\n|\n|-weather|Sandstorm|[upkeep]\n|-damage|p2a: Roma|4\/100|[from] Sandstorm\n|-damage|p1b: Mr. Sandstone|9\/100|[from] Sandstorm\n|-heal|p1b: Mr. Sandstone|15\/100|[from] item: Leftovers\n|-damage|p2a: Roma|0 fnt|[from] Salt Cure\n|faint|p2a: Roma\n|\n|win|Count Sliggoo\n|upkeep\n|raw|Count Sliggoo's rating: 1217 → 1244<\/strong> (+27 for winning)\n|raw|saweaaaa's rating: 1242 → 1215<\/strong> (-27 for losing)\n|c|\u2606Count Sliggoo|Gg.\n","uploadtime":1683051928,"views":8,"p1id":"countsliggoo","p2id":"saweaaaa","formatid":"gen9vgc2023regulationc","rating":1215,"private":0,"password":""}