{"id":"gen9vgc2023regulationc-1848101659","p1":"r3gCt3st","p2":"TharoksVGC","format":"[Gen 9] VGC 2023 Regulation C","log":"|j|\u2606r3gCt3st\n|j|\u2606TharoksVGC\n|t:|1682029853\n|gametype|doubles\n|player|p1|r3gCt3st|unknown|1345\n|player|p2|TharoksVGC|hoopster|1244\n|teamsize|p1|6\n|teamsize|p2|6\n|gen|9\n|tier|[Gen 9] VGC 2023 Regulation C\n|rated|\n|rule|Species Clause: Limit one of each Pok\u00e9mon\n|rule|Item Clause: Limit one of each item\n|clearpoke\n|poke|p1|Arcanine, L50, M|\n|poke|p1|Annihilape, L50, F|\n|poke|p1|Amoonguss, L50, F|\n|poke|p1|Armarouge, L50, M|\n|poke|p1|Azumarill, L50, M|\n|poke|p1|Abomasnow, L50, M|\n|poke|p2|Forretress, L50, F|\n|poke|p2|Chien-Pao, L50|\n|poke|p2|Gastrodon-East, L50, F|\n|poke|p2|Ting-Lu, L50|\n|poke|p2|Talonflame, L50, F|\n|poke|p2|Arcanine, L50, M|\n|teampreview|4\n|\n|t:|1682029903\n|start\n|switch|p1a: Abomasnow|Abomasnow, L50, M|100\/100\n|switch|p1b: Annihilape|Annihilape, L50, F|100\/100\n|switch|p2a: Arcanine|Arcanine, L50, M|100\/100\n|switch|p2b: Ting-Lu|Ting-Lu, L50|100\/100\n|-ability|p2a: Arcanine|Intimidate|boost\n|-unboost|p1a: Abomasnow|atk|1\n|-unboost|p1b: Annihilape|atk|1\n|-weather|Snow|[from] ability: Snow Warning|[of] p1a: Abomasnow\n|-ability|p2b: Ting-Lu|Vessel of Ruin\n|turn|1\n|\n|t:|1682029922\n|switch|p1a: Armarouge|Armarouge, L50, M|100\/100\n|-terastallize|p1b: Annihilape|Fire\n|move|p2a: Arcanine|Flamethrower|p1a: Armarouge\n|-start|p1a: Armarouge|ability: Flash Fire\n|move|p1b: Annihilape|Bulk Up|p1b: Annihilape\n|-boost|p1b: Annihilape|atk|1\n|-boost|p1b: Annihilape|def|1\n|move|p2b: Ting-Lu|Fissure|p1b: Annihilape\n|-damage|p1b: Annihilape|0 fnt\n|faint|p1b: Annihilape\n|-ohko\n|\n|-weather|Snow|[upkeep]\n|upkeep\n|c|\u2606r3gCt3st|this game\n|\n|t:|1682029936\n|switch|p1b: Abomasnow|Abomasnow, L50, M|100\/100\n|turn|2\n|\n|t:|1682029948\n|move|p1b: Abomasnow|Protect|p1b: Abomasnow\n|-singleturn|p1b: Abomasnow|Protect\n|move|p2a: Arcanine|Flamethrower|p1b: Abomasnow\n|-activate|p1b: Abomasnow|move: Protect\n|move|p1a: Armarouge|Expanding Force|p2a: Arcanine\n|-crit|p2a: Arcanine\n|-damage|p2a: Arcanine|19\/100\n|-damage|p1a: Armarouge|91\/100|[from] item: Life Orb\n|move|p2b: Ting-Lu|Throat Chop|p1a: Armarouge\n|-supereffective|p1a: Armarouge\n|-damage|p1a: Armarouge|33\/100\n|-start|p1a: Armarouge|Throat Chop|[silent]\n|\n|-weather|Snow|[upkeep]\n|upkeep\n|turn|3\n|\n|t:|1682029973\n|move|p2a: Arcanine|Flamethrower|p1b: Abomasnow\n|-supereffective|p1b: Abomasnow\n|-damage|p1b: Abomasnow|11\/100\n|move|p1a: Armarouge|Armor Cannon|p2a: Arcanine\n|-resisted|p2a: Arcanine\n|-damage|p2a: Arcanine|0 fnt\n|-unboost|p1a: Armarouge|def|1\n|-unboost|p1a: Armarouge|spd|1\n|faint|p2a: Arcanine\n|-damage|p1a: Armarouge|23\/100|[from] item: Life Orb\n|move|p1b: Abomasnow|Aurora Veil|p1b: Abomasnow\n|-sidestart|p1: r3gCt3st|move: Aurora Veil\n|move|p2b: Ting-Lu|Throat Chop|p1a: Armarouge\n|-supereffective|p1a: Armarouge\n|-damage|p1a: Armarouge|0 fnt\n|faint|p1a: Armarouge\n|\n|-weather|Snow|[upkeep]\n|upkeep\n|\n|t:|1682029996\n|switch|p2a: Forretress|Forretress, L50, F|100\/100\n|switch|p1a: Amoonguss|Amoonguss, L50, F|100\/100\n|turn|4\n|\n|t:|1682030021\n|move|p1b: Abomasnow|Protect|p1b: Abomasnow\n|-singleturn|p1b: Abomasnow|Protect\n|move|p2b: Ting-Lu|Fissure|p1a: Amoonguss\n|-damage|p1a: Amoonguss|0 fnt\n|faint|p1a: Amoonguss\n|-ohko\n|move|p2a: Forretress|Pin Missile|p1b: Abomasnow\n|-activate|p1b: Abomasnow|move: Protect\n|\n|-weather|Snow|[upkeep]\n|upkeep\n|turn|5\n|-message|r3gCt3st forfeited.\n|\n|win|TharoksVGC\n|raw|r3gCt3st's rating: 1345 → 1319<\/strong> (-26 for losing)\n|raw|TharoksVGC's rating: 1244 → 1276<\/strong> (+32 for winning)\n|l|\u2606r3gCt3st\n","uploadtime":1682030035,"views":12,"p1id":"r3gct3st","p2id":"tharoksvgc","formatid":"gen9vgc2023regulationc","rating":1276,"private":0,"password":""}