{"id":"gen9vgc2023regulationc-1861330821","p1":"Mafiapony","p2":"redstonejesus","format":"[Gen 9] VGC 2023 Regulation C","log":"|j|\u2606Mafiapony\n|j|\u2606redstonejesus\n|t:|1683746599\n|gametype|doubles\n|player|p1|Mafiapony|265|1120\n|player|p2|redstonejesus|170|1173\n|teamsize|p1|6\n|teamsize|p2|6\n|gen|9\n|tier|[Gen 9] VGC 2023 Regulation C\n|rated|\n|rule|Species Clause: Limit one of each Pok\u00e9mon\n|rule|Item Clause: Limit one of each item\n|clearpoke\n|poke|p1|Scream Tail, L50|\n|poke|p1|Maushold-Four, L50|\n|poke|p1|Dragapult, L50, M|\n|poke|p1|Iron Hands, L50|\n|poke|p1|Ceruledge, L50, M|\n|poke|p1|Dragonite, L50, M|\n|poke|p2|Great Tusk, L50|\n|poke|p2|Murkrow, L50, M|\n|poke|p2|Flutter Mane, L50|\n|poke|p2|Iron Bundle, L50|\n|poke|p2|Kingambit, L50, M|\n|poke|p2|Amoonguss, L50, M|\n|teampreview|4\n|\n|t:|1683746648\n|start\n|switch|p1a: Scream Tail|Scream Tail, L50|100\/100\n|switch|p1b: Iron Hands|Iron Hands, L50|100\/100\n|switch|p2a: Goodlife|Great Tusk, L50, shiny|100\/100\n|switch|p2b: Nevermore|Murkrow, L50, M|100\/100\n|-enditem|p1a: Scream Tail|Booster Energy\n|-activate|p1a: Scream Tail|ability: Protosynthesis|[fromitem]\n|-start|p1a: Scream Tail|protosynthesisspe\n|turn|1\n|\n|t:|1683746681\n|move|p1b: Iron Hands|Fake Out|p2a: Goodlife\n|-damage|p2a: Goodlife|88\/100\n|move|p2b: Nevermore|Sunny Day|p2b: Nevermore\n|-weather|SunnyDay\n|-activate|p2a: Goodlife|ability: Protosynthesis\n|-start|p2a: Goodlife|protosynthesisatk\n|move|p1a: Scream Tail|Howl|p1a: Scream Tail|[spread] p1a,p1b\n|-boost|p1a: Scream Tail|atk|1\n|-boost|p1b: Iron Hands|atk|1\n|cant|p2a: Goodlife|flinch\n|\n|-weather|SunnyDay|[upkeep]\n|upkeep\n|turn|2\n|\n|t:|1683746709\n|-terastallize|p1b: Iron Hands|Grass\n|move|p2b: Nevermore|Tailwind|p2b: Nevermore\n|-sidestart|p2: redstonejesus|move: Tailwind\n|move|p2a: Goodlife|Earthquake|p1b: Iron Hands|[spread] p1a,p1b\n|-immune|p2b: Nevermore\n|-resisted|p1b: Iron Hands\n|-damage|p1a: Scream Tail|64\/100\n|-damage|p1b: Iron Hands|82\/100\n|move|p1a: Scream Tail|Play Rough|p2b: Nevermore\n|-supereffective|p2b: Nevermore\n|-damage|p2b: Nevermore|29\/100\n|move|p1b: Iron Hands|Drain Punch|p2a: Goodlife\n|-damage|p2a: Goodlife|38\/100\n|-heal|p1b: Iron Hands|100\/100|[from] drain|[of] p2a: Goodlife\n|\n|-weather|SunnyDay|[upkeep]\n|upkeep\n|turn|3\n|\n|t:|1683746734\n|move|p2a: Goodlife|Earthquake|p1a: Scream Tail|[spread] p1a,p1b\n|-immune|p2b: Nevermore\n|-resisted|p1b: Iron Hands\n|-damage|p1a: Scream Tail|26\/100\n|-damage|p1b: Iron Hands|83\/100\n|move|p2b: Nevermore|Foul Play|p1b: Iron Hands\n|-damage|p1b: Iron Hands|26\/100\n|move|p1a: Scream Tail|Howl|p1a: Scream Tail|[spread] p1a,p1b\n|-boost|p1a: Scream Tail|atk|1\n|-boost|p1b: Iron Hands|atk|1\n|move|p1b: Iron Hands|Drain Punch|p2b: Nevermore\n|-damage|p2b: Nevermore|0 fnt\n|-heal|p1b: Iron Hands|37\/100|[from] drain|[of] p2b: Nevermore\n|faint|p2b: Nevermore\n|\n|-weather|SunnyDay|[upkeep]\n|upkeep\n|\n|t:|1683746746\n|switch|p2b: Move Along|Iron Bundle, L50|100\/100\n|-enditem|p2b: Move Along|Booster Energy\n|-activate|p2b: Move Along|ability: Quark Drive|[fromitem]\n|-start|p2b: Move Along|quarkdrivespe\n|turn|4\n|\n|t:|1683746765\n|-end|p2a: Goodlife|Protosynthesis|[silent]\n|switch|p2a: Kingslayer|Flutter Mane, L50|100\/100\n|-activate|p2a: Kingslayer|ability: Protosynthesis\n|-start|p2a: Kingslayer|protosynthesisspa\n|move|p2b: Move Along|Icy Wind|p1b: Iron Hands|[spread] p1a,p1b\n|-supereffective|p1b: Iron Hands\n|-damage|p1a: Scream Tail|13\/100\n|-damage|p1b: Iron Hands|15\/100\n|-unboost|p1a: Scream Tail|spe|1\n|-unboost|p1b: Iron Hands|spe|1\n|move|p1a: Scream Tail|Baton Pass|p1a: Scream Tail\n|\n|t:|1683746777\n|-end|p1a: Scream Tail|Protosynthesis|[silent]\n|switch|p1a: Ceruledge|Ceruledge, L50, M|100\/100|[from] Baton Pass\n|move|p1b: Iron Hands|Drain Punch|p2b: Move Along\n|-supereffective|p2b: Move Along\n|-damage|p2b: Move Along|0 fnt\n|-heal|p1b: Iron Hands|44\/100|[from] drain|[of] p2b: Move Along\n|faint|p2b: Move Along\n|-end|p2b: Move Along|Quark Drive|[silent]\n|\n|-weather|SunnyDay|[upkeep]\n|upkeep\n|\n|t:|1683746784\n|switch|p2b: Goodlife|Great Tusk, L50, shiny|38\/100\n|-activate|p2b: Goodlife|ability: Protosynthesis\n|-start|p2b: Goodlife|protosynthesisatk\n|turn|5\n|\n|t:|1683746798\n|-terastallize|p2a: Kingslayer|Fairy\n|move|p1a: Ceruledge|Shadow Sneak|p2a: Kingslayer\n|-damage|p2a: Kingslayer|54\/100\n|move|p2b: Goodlife|Headlong Rush|p1a: Ceruledge\n|-supereffective|p1a: Ceruledge\n|-damage|p1a: Ceruledge|0 fnt\n|-unboost|p2b: Goodlife|def|1\n|-unboost|p2b: Goodlife|spd|1\n|faint|p1a: Ceruledge\n|move|p2a: Kingslayer|Dazzling Gleam|p1b: Iron Hands\n|-damage|p1b: Iron Hands|0 fnt\n|faint|p1b: Iron Hands\n|-end|p1b: Iron Hands|Quark Drive|[silent]\n|\n|-weather|none\n|-end|p2b: Goodlife|Protosynthesis\n|-end|p2a: Kingslayer|Protosynthesis\n|-sideend|p2: redstonejesus|move: Tailwind\n|upkeep\n|\n|t:|1683746817\n|switch|p1a: Dragapult|Dragapult, L50, M|100\/100\n|switch|p1b: Scream Tail|Scream Tail, L50|13\/100\n|turn|6\n|\n|t:|1683746833\n|move|p1a: Dragapult|Disable|p2a: Kingslayer\n|-start|p2a: Kingslayer|Disable|Dazzling Gleam\n|move|p2b: Goodlife|Headlong Rush|p1a: Dragapult\n|-damage|p1a: Dragapult|12\/100\n|-unboost|p2b: Goodlife|def|1\n|-unboost|p2b: Goodlife|spd|1\n|cant|p2a: Kingslayer|Disable|Dazzling Gleam\n|move|p1b: Scream Tail|Encore|p2a: Kingslayer\n|-start|p2a: Kingslayer|Encore\n|\n|upkeep\n|turn|7\n|\n|t:|1683746857\n|move|p1a: Dragapult|Dragon Darts|p2b: Goodlife\n|-damage|p2b: Goodlife|3\/100\n|-anim|p1a: Dragapult|Dragon Darts|p2b: Goodlife\n|-damage|p2b: Goodlife|0 fnt\n|faint|p2b: Goodlife\n|-end|p2b: Goodlife|Protosynthesis|[silent]\n|-activate|p2a: Kingslayer|move: Struggle\n|move|p2a: Kingslayer|Struggle|p1b: Scream Tail\n|-damage|p1b: Scream Tail|9\/100\n|-damage|p2a: Kingslayer|29\/100|[from] recoil\n|move|p1b: Scream Tail|Play Rough|p2a: Kingslayer|[miss]\n|-miss|p1b: Scream Tail|p2a: Kingslayer\n|\n|upkeep\n|turn|8\n|\n|t:|1683746875\n|move|p1a: Dragapult|Will-O-Wisp|p2a: Kingslayer\n|-status|p2a: Kingslayer|brn\n|-activate|p2a: Kingslayer|move: Struggle\n|move|p2a: Kingslayer|Struggle|p1b: Scream Tail\n|-damage|p1b: Scream Tail|7\/100\n|-damage|p2a: Kingslayer|4\/100 brn|[from] recoil\n|move|p1b: Scream Tail|Play Rough|p2a: Kingslayer\n|-damage|p2a: Kingslayer|0 fnt\n|faint|p2a: Kingslayer\n|-end|p2a: Kingslayer|Protosynthesis|[silent]\n|\n|win|Mafiapony\n|raw|Mafiapony's rating: 1120 → 1149<\/strong> (+29 for winning)\n|raw|redstonejesus's rating: 1173 → 1144<\/strong> (-29 for losing)\n|l|\u2606redstonejesus\n|j|\u2606redstonejesus\n|player|p2|redstonejesus|170\n","uploadtime":1683746919,"views":15,"p1id":"mafiapony","p2id":"redstonejesus","formatid":"gen9vgc2023regulationc","rating":1144,"private":0,"password":""}