{"id":"gen9vgc2023regulationc-1859646031","p1":"sspark","p2":"FluigVGC","format":"[Gen 9] VGC 2023 Regulation C","log":"|j|\u2606sspark\n|j|\u2606FluigVGC\n|t:|1683552327\n|gametype|doubles\n|player|p1|sspark|102|1347\n|player|p2|FluigVGC|clay|1246\n|teamsize|p1|6\n|teamsize|p2|6\n|gen|9\n|tier|[Gen 9] VGC 2023 Regulation C\n|rated|\n|rule|Species Clause: Limit one of each Pok\u00e9mon\n|rule|Item Clause: Limit one of each item\n|clearpoke\n|poke|p1|Flutter Mane, L50|\n|poke|p1|Chi-Yu, L50|\n|poke|p1|Iron Bundle, L50|\n|poke|p1|Maushold, L50|\n|poke|p1|Great Tusk, L50|\n|poke|p1|Gyarados, L50, F|\n|poke|p2|Wo-Chien, L50|\n|poke|p2|Ting-Lu, L50|\n|poke|p2|Arcanine, L50, M|\n|poke|p2|Garganacl, L50, F|\n|poke|p2|Gothitelle, L50, F|\n|poke|p2|Scream Tail, L50|\n|teampreview|4\n|inactive|Battle timer is ON: inactive players will automatically lose when time's up. (requested by sspark)\n|inactive|sspark has 60 seconds left.\n|\n|t:|1683552373\n|start\n|switch|p1a: Great Tusk|Great Tusk, L50|100\/100\n|switch|p1b: Gyarados|Gyarados, L50, F|100\/100\n|switch|p2a: Ting-Lu|Ting-Lu, L50|100\/100\n|switch|p2b: Scream Tail|Scream Tail, L50|100\/100\n|-ability|p1b: Gyarados|Intimidate|boost\n|-unboost|p2a: Ting-Lu|atk|1\n|-unboost|p2b: Scream Tail|atk|1\n|-ability|p2a: Ting-Lu|Vessel of Ruin\n|turn|1\n|inactive|sspark has 30 seconds left.\n|inactive|FluigVGC has 30 seconds left.\n|\n|t:|1683552400\n|-end|p1a: Great Tusk|Protosynthesis|[silent]\n|switch|p1a: Flutter Mane|Flutter Mane, L50|100\/100\n|-enditem|p1a: Flutter Mane|Booster Energy\n|-activate|p1a: Flutter Mane|ability: Protosynthesis|[fromitem]\n|-start|p1a: Flutter Mane|protosynthesisspe\n|-terastallize|p2a: Ting-Lu|Poison\n|move|p2b: Scream Tail|Play Rough|p1a: Flutter Mane\n|-damage|p1a: Flutter Mane|78\/100\n|move|p1b: Gyarados|Dragon Dance|p1b: Gyarados\n|-boost|p1b: Gyarados|atk|1\n|-boost|p1b: Gyarados|spe|1\n|move|p2a: Ting-Lu|Stomping Tantrum|p1a: Flutter Mane\n|-damage|p1a: Flutter Mane|47\/100\n|\n|upkeep\n|turn|2\n|inactive|sspark has 30 seconds left.\n|inactive|FluigVGC has 30 seconds left.\n|\n|t:|1683552433\n|move|p1a: Flutter Mane|Protect|p1a: Flutter Mane\n|-singleturn|p1a: Flutter Mane|Protect\n|move|p1b: Gyarados|Waterfall|p2b: Scream Tail\n|-damage|p2b: Scream Tail|53\/100\n|move|p2b: Scream Tail|Encore|p1b: Gyarados\n|-start|p1b: Gyarados|Encore\n|move|p2a: Ting-Lu|Stomping Tantrum|p1a: Flutter Mane\n|-activate|p1a: Flutter Mane|move: Protect\n|\n|upkeep\n|turn|3\n|\n|t:|1683552449\n|-end|p1a: Flutter Mane|Protosynthesis|[silent]\n|switch|p1a: Great Tusk|Great Tusk, L50|100\/100\n|move|p1b: Gyarados|Waterfall|p2b: Scream Tail\n|-damage|p2b: Scream Tail|7\/100\n|move|p2b: Scream Tail|Disable|p1b: Gyarados\n|-start|p1b: Gyarados|Disable|Waterfall\n|move|p2a: Ting-Lu|Stomping Tantrum|p1a: Great Tusk\n|-damage|p1a: Great Tusk|87\/100\n|\n|upkeep\n|turn|4\n|\n|t:|1683552467\n|-activate|p1b: Gyarados|move: Struggle\n|move|p1b: Gyarados|Struggle|p2b: Scream Tail\n|-damage|p2b: Scream Tail|0 fnt\n|faint|p2b: Scream Tail\n|-end|p2b: Scream Tail|Protosynthesis|[silent]\n|-damage|p1b: Gyarados|75\/100|[from] recoil\n|move|p1a: Great Tusk|Headlong Rush|p2a: Ting-Lu\n|-supereffective|p2a: Ting-Lu\n|-damage|p2a: Ting-Lu|40\/100\n|-unboost|p1a: Great Tusk|def|1\n|-unboost|p1a: Great Tusk|spd|1\n|move|p2a: Ting-Lu|Fissure|p1a: Great Tusk|[miss]\n|-miss|p2a: Ting-Lu|p1a: Great Tusk\n|\n|upkeep\n|\n|t:|1683552482\n|switch|p2b: Gothitelle|Gothitelle, L50, F|100\/100\n|turn|5\n|\n|t:|1683552492\n|move|p2b: Gothitelle|Fake Out|p1a: Great Tusk\n|-damage|p1a: Great Tusk|81\/100\n|-activate|p1b: Gyarados|move: Struggle\n|move|p1b: Gyarados|Struggle|p2b: Gothitelle\n|-damage|p2b: Gothitelle|76\/100\n|-damage|p1b: Gyarados|50\/100|[from] recoil\n|cant|p1a: Great Tusk|flinch\n|move|p2a: Ting-Lu|Fissure|p1a: Great Tusk\n|-damage|p1a: Great Tusk|0 fnt\n|faint|p1a: Great Tusk\n|-end|p1a: Great Tusk|Protosynthesis|[silent]\n|-ohko\n|\n|-end|p1b: Gyarados|Encore\n|upkeep\n|\n|t:|1683552512\n|switch|p1a: Flutter Mane|Flutter Mane, L50|47\/100\n|turn|6\n|\n|t:|1683552525\n|move|p1b: Gyarados|Iron Head|p2a: Ting-Lu\n|-damage|p2a: Ting-Lu|20\/100\n|move|p1a: Flutter Mane|Shadow Ball|p2a: Ting-Lu\n|-damage|p2a: Ting-Lu|5\/100\n|move|p2b: Gothitelle|Psychic|p1b: Gyarados\n|-damage|p1b: Gyarados|27\/100\n|cant|p2a: Ting-Lu|flinch\n|\n|upkeep\n|turn|7\n|\n|t:|1683552541\n|move|p1b: Gyarados|Iron Head|p2a: Ting-Lu\n|-crit|p2a: Ting-Lu\n|-damage|p2a: Ting-Lu|0 fnt\n|faint|p2a: Ting-Lu\n|move|p1a: Flutter Mane|Shadow Ball|p2b: Gothitelle\n|-supereffective|p2b: Gothitelle\n|-enditem|p2b: Gothitelle|Kasib Berry|[eat]\n|-enditem|p2b: Gothitelle|Kasib Berry|[weaken]\n|-damage|p2b: Gothitelle|49\/100\n|move|p2b: Gothitelle|Psychic|p1b: Gyarados\n|-crit|p1b: Gyarados\n|-damage|p1b: Gyarados|0 fnt\n|faint|p1b: Gyarados\n|\n|upkeep\n|\n|t:|1683552552\n|switch|p1b: Iron Bundle|Iron Bundle, L50|100\/100\n|switch|p2a: Garganacl|Garganacl, L50, F|100\/100\n|turn|8\n|\n|t:|1683552570\n|-terastallize|p1b: Iron Bundle|Ghost\n|move|p1b: Iron Bundle|Hydro Pump|p2a: Garganacl|[miss]\n|-miss|p1b: Iron Bundle|p2a: Garganacl\n|move|p1a: Flutter Mane|Shadow Ball|p2b: Gothitelle\n|-supereffective|p2b: Gothitelle\n|-damage|p2b: Gothitelle|0 fnt\n|faint|p2b: Gothitelle\n|move|p2a: Garganacl|Salt Cure|p1a: Flutter Mane\n|-damage|p1a: Flutter Mane|25\/100\n|-start|p1a: Flutter Mane|Salt Cure\n|\n|-damage|p1a: Flutter Mane|13\/100|[from] Salt Cure\n|upkeep\n|turn|9\n|\n|t:|1683552583\n|move|p2a: Garganacl|Protect|p2a: Garganacl\n|-singleturn|p2a: Garganacl|Protect\n|move|p1b: Iron Bundle|Hydro Pump|p2a: Garganacl\n|-activate|p2a: Garganacl|move: Protect\n|move|p1a: Flutter Mane|Dazzling Gleam|p2a: Garganacl\n|-activate|p2a: Garganacl|move: Protect\n|\n|-damage|p1a: Flutter Mane|1\/100|[from] Salt Cure\n|upkeep\n|turn|10\n|\n|t:|1683552593\n|move|p1b: Iron Bundle|Hydro Pump|p2a: Garganacl\n|-supereffective|p2a: Garganacl\n|-damage|p2a: Garganacl|30\/100\n|-enditem|p2a: Garganacl|Sitrus Berry|[eat]\n|-heal|p2a: Garganacl|55\/100|[from] item: Sitrus Berry\n|move|p1a: Flutter Mane|Dazzling Gleam|p2a: Garganacl\n|-damage|p2a: Garganacl|25\/100\n|move|p2a: Garganacl|Salt Cure|p1b: Iron Bundle\n|-damage|p1b: Iron Bundle|86\/100\n|-start|p1b: Iron Bundle|Salt Cure\n|\n|-damage|p1b: Iron Bundle|74\/100|[from] Salt Cure\n|-damage|p1a: Flutter Mane|0 fnt|[from] Salt Cure\n|faint|p1a: Flutter Mane\n|-end|p1a: Flutter Mane|Protosynthesis|[silent]\n|upkeep\n|turn|11\n|\n|t:|1683552606\n|move|p2a: Garganacl|Protect|p2a: Garganacl\n|-singleturn|p2a: Garganacl|Protect\n|move|p1b: Iron Bundle|Hydro Pump|p2a: Garganacl\n|-activate|p2a: Garganacl|move: Protect\n|\n|-damage|p1b: Iron Bundle|61\/100|[from] Salt Cure\n|upkeep\n|turn|12\n|\n|t:|1683552612\n|move|p1b: Iron Bundle|Hydro Pump|p2a: Garganacl\n|-supereffective|p2a: Garganacl\n|-damage|p2a: Garganacl|0 fnt\n|faint|p2a: Garganacl\n|\n|win|sspark\n|raw|sspark's rating: 1347 → 1361<\/strong> (+14 for winning)\n|raw|FluigVGC's rating: 1246 → 1228<\/strong> (-18 for losing)\n|l|\u2606FluigVGC\n","uploadtime":1683552622,"views":7,"p1id":"sspark","p2id":"fluigvgc","formatid":"gen9vgc2023regulationc","rating":1228,"private":0,"password":""}