{"id":"gen9vgc2023regulationc-1854399544","p1":"SpyroStudios","p2":"Abugbog","format":"[Gen 9] VGC 2023 Regulation C","log":"|j|\u2606SpyroStudios\n|j|\u2606Abugbog\n|t:|1682806041\n|gametype|doubles\n|player|p1|SpyroStudios|steven|1155\n|player|p2|Abugbog|266|1219\n|teamsize|p1|6\n|teamsize|p2|6\n|gen|9\n|tier|[Gen 9] VGC 2023 Regulation C\n|rated|\n|rule|Species Clause: Limit one of each Pok\u00e9mon\n|rule|Item Clause: Limit one of each item\n|clearpoke\n|poke|p1|Palafin, L50, M|\n|poke|p1|Flutter Mane, L50|\n|poke|p1|Arcanine, L50, M|\n|poke|p1|Amoonguss, L50, F|\n|poke|p1|Ting-Lu, L50|\n|poke|p1|Roaring Moon, L50|\n|poke|p2|Chien-Pao, L50|\n|poke|p2|Dragonite, L50, M|\n|poke|p2|Drednaw, L50, M|\n|poke|p2|Pelipper, L50, M|\n|poke|p2|Dondozo, L50, M|\n|poke|p2|Tatsugiri-Droopy, L50, M|\n|teampreview|4\n|inactive|Battle timer is ON: inactive players will automatically lose when time's up. (requested by SpyroStudios)\n|inactive|SpyroStudios has 60 seconds left.\n|inactive|Abugbog has 60 seconds left.\n|inactive|SpyroStudios has 30 seconds left.\n|inactive|Abugbog has 30 seconds left.\n|\n|t:|1682806110\n|start\n|switch|p1a: Flutter Mane|Flutter Mane, L50|100\/100\n|switch|p1b: Amoonguss|Amoonguss, L50, F|100\/100\n|switch|p2a: Pelipper|Pelipper, L50, M|100\/100\n|switch|p2b: Drednaw|Drednaw, L50, M, shiny|100\/100\n|-weather|RainDance|[from] ability: Drizzle|[of] p2a: Pelipper\n|turn|1\n|c|\u2606SpyroStudios|glhf\n|inactive|Abugbog has 30 seconds left.\n|\n|t:|1682806141\n|-terastallize|p2b: Drednaw|Grass\n|move|p1b: Amoonguss|Rage Powder|p1b: Amoonguss\n|-singleturn|p1b: Amoonguss|move: Rage Powder\n|move|p2b: Drednaw|Rock Slide|p1b: Amoonguss|[spread] p1a,p1b\n|-damage|p1a: Flutter Mane|20\/100\n|-damage|p1b: Amoonguss|70\/100\n|-damage|p2b: Drednaw|91\/100|[from] item: Life Orb\n|move|p1a: Flutter Mane|Thunderbolt|p2a: Pelipper\n|-supereffective|p2a: Pelipper\n|-damage|p2a: Pelipper|0 fnt\n|faint|p2a: Pelipper\n|\n|-weather|RainDance|[upkeep]\n|upkeep\n|inactive|Abugbog has 30 seconds left.\n|\n|t:|1682806169\n|switch|p2a: Chien-Pao|Chien-Pao, L50|100\/100\n|-ability|p2a: Chien-Pao|Sword of Ruin\n|turn|2\n|\n|t:|1682806181\n|move|p2b: Drednaw|Rock Slide|p1a: Flutter Mane|[spread] p1a,p1b\n|-damage|p1a: Flutter Mane|0 fnt\n|-damage|p1b: Amoonguss|26\/100\n|-enditem|p1b: Amoonguss|Sitrus Berry|[eat]\n|-heal|p1b: Amoonguss|51\/100|[from] item: Sitrus Berry\n|faint|p1a: Flutter Mane\n|-end|p1a: Flutter Mane|Protosynthesis|[silent]\n|-damage|p2b: Drednaw|81\/100|[from] item: Life Orb\n|move|p2a: Chien-Pao|Ice Spinner|p1b: Amoonguss\n|-supereffective|p1b: Amoonguss\n|-damage|p1b: Amoonguss|0 fnt\n|faint|p1b: Amoonguss\n|\n|-weather|RainDance|[upkeep]\n|upkeep\n|\n|t:|1682806186\n|switch|p1a: Ting-Lu|Ting-Lu, L50|100\/100\n|switch|p1b: Arcanine|Arcanine, L50, M|100\/100\n|-ability|p1b: Arcanine|Intimidate|boost\n|-unboost|p2a: Chien-Pao|atk|1\n|-unboost|p2b: Drednaw|atk|1\n|-ability|p1a: Ting-Lu|Vessel of Ruin\n|turn|3\n|inactive|Abugbog has 30 seconds left.\n|inactive|Abugbog has 20 seconds left.\n|\n|t:|1682806226\n|switch|p2a: Dragonite|Dragonite, L50, M|100\/100\n|move|p1b: Arcanine|Protect|p1b: Arcanine\n|-singleturn|p1b: Arcanine|Protect\n|move|p2b: Drednaw|Liquidation|p1b: Arcanine\n|-activate|p1b: Arcanine|move: Protect\n|move|p1a: Ting-Lu|Heavy Slam|p2b: Drednaw\n|-damage|p2b: Drednaw|49\/100\n|\n|-weather|RainDance|[upkeep]\n|upkeep\n|turn|4\n|inactive|SpyroStudios has 30 seconds left.\n|inactive|Abugbog has 30 seconds left.\n|\n|t:|1682806261\n|-terastallize|p1b: Arcanine|Grass\n|move|p2b: Drednaw|Tera Blast|p1a: Ting-Lu\n|-supereffective|p1a: Ting-Lu\n|-damage|p1a: Ting-Lu|56\/100\n|-damage|p2b: Drednaw|39\/100|[from] item: Life Orb\n|move|p1b: Arcanine|Will-O-Wisp|p2a: Dragonite\n|-status|p2a: Dragonite|brn\n|move|p2a: Dragonite|Stomping Tantrum|p1b: Arcanine\n|-resisted|p1b: Arcanine\n|-damage|p1b: Arcanine|93\/100\n|move|p1a: Ting-Lu|Ruination|p2a: Dragonite\n|-damage|p2a: Dragonite|50\/100 brn\n|\n|-weather|RainDance|[upkeep]\n|-damage|p2a: Dragonite|44\/100 brn|[from] brn\n|upkeep\n|turn|5\n|inactive|SpyroStudios has 30 seconds left.\n|inactive|Abugbog has 30 seconds left.\n|\n|t:|1682806293\n|move|p1b: Arcanine|Extreme Speed|p2a: Dragonite\n|-damage|p2a: Dragonite|25\/100 brn\n|move|p2b: Drednaw|Tera Blast|p1a: Ting-Lu\n|-supereffective|p1a: Ting-Lu\n|-damage|p1a: Ting-Lu|10\/100\n|-damage|p2b: Drednaw|29\/100|[from] item: Life Orb\n|move|p2a: Dragonite|Ice Spinner|p1b: Arcanine\n|-supereffective|p1b: Arcanine\n|-damage|p1b: Arcanine|61\/100\n|move|p1a: Ting-Lu|Heavy Slam|p2b: Drednaw\n|-damage|p2b: Drednaw|0 fnt\n|faint|p2b: Drednaw\n|\n|-weather|RainDance|[upkeep]\n|-damage|p2a: Dragonite|19\/100 brn|[from] brn\n|upkeep\n|\n|t:|1682806312\n|switch|p2b: Chien-Pao|Chien-Pao, L50|100\/100\n|-ability|p2b: Chien-Pao|Sword of Ruin\n|turn|6\n|\n|t:|1682806332\n|move|p1b: Arcanine|Extreme Speed|p2a: Dragonite\n|-damage|p2a: Dragonite|0 fnt\n|faint|p2a: Dragonite\n|move|p2b: Chien-Pao|Ice Spinner|p1b: Arcanine\n|-supereffective|p1b: Arcanine\n|-damage|p1b: Arcanine|0 fnt\n|faint|p1b: Arcanine\n|move|p1a: Ting-Lu|Heavy Slam|p2b: Chien-Pao\n|-supereffective|p2b: Chien-Pao\n|-damage|p2b: Chien-Pao|30\/100\n|\n|-weather|RainDance|[upkeep]\n|upkeep\n|turn|7\n|c|\u2606SpyroStudios|gg wp\n|\n|t:|1682806347\n|move|p2b: Chien-Pao|Sacred Sword|p1a: Ting-Lu\n|-supereffective|p1a: Ting-Lu\n|-damage|p1a: Ting-Lu|0 fnt\n|faint|p1a: Ting-Lu\n|\n|win|Abugbog\n|raw|SpyroStudios's rating: 1155 → 1135<\/strong> (-20 for losing)\n|raw|Abugbog's rating: 1219 → 1239<\/strong> (+20 for winning)\n|l|\u2606SpyroStudios\n","uploadtime":1682806357,"views":17,"p1id":"spyrostudios","p2id":"abugbog","formatid":"gen9vgc2023regulationc","rating":1135,"private":0,"password":""}