{"id":"gen9vgc2023regulationc-1856565887","p1":"captain pope","p2":"PiccoloRuiz","format":"[Gen 9] VGC 2023 Regulation C","log":"|j|\u2606captain pope\n|j|\u2606PiccoloRuiz\n|t:|1683076511\n|gametype|doubles\n|player|p1|captain pope|1|1472\n|player|p2|PiccoloRuiz|valerie|1479\n|teamsize|p1|6\n|teamsize|p2|6\n|gen|9\n|tier|[Gen 9] VGC 2023 Regulation C\n|rated|\n|rule|Species Clause: Limit one of each Pok\u00e9mon\n|rule|Item Clause: Limit one of each item\n|clearpoke\n|poke|p1|Pelipper, L50, M|\n|poke|p1|Drednaw, L50, F|\n|poke|p1|Dragonite, L50, F|\n|poke|p1|Chien-Pao, L50|\n|poke|p1|Iron Bundle, L50|\n|poke|p1|Gholdengo, L50|\n|poke|p2|Flutter Mane, L50|\n|poke|p2|Amoonguss, L50, F|\n|poke|p2|Gyarados, L50, F|\n|poke|p2|Arcanine, L50, F|\n|poke|p2|Ting-Lu, L50|\n|poke|p2|Baxcalibur, L50, F|\n|teampreview|4\n|inactive|Battle timer is ON: inactive players will automatically lose when time's up. (requested by PiccoloRuiz)\n|inactive|captain pope also wants the timer to be on.\n|inactive|captain pope has 60 seconds left.\n|\n|t:|1683076558\n|start\n|switch|p1a: Iron Bundle|Iron Bundle, L50|100\/100\n|switch|p1b: Chien-Pao|Chien-Pao, L50|100\/100\n|switch|p2a: Sasha Colby|Flutter Mane, L50|100\/100\n|switch|p2b: Amoonguss|Amoonguss, L50, F, shiny|100\/100\n|-ability|p1b: Chien-Pao|Sword of Ruin\n|-enditem|p1a: Iron Bundle|Booster Energy\n|-activate|p1a: Iron Bundle|ability: Quark Drive|[fromitem]\n|-start|p1a: Iron Bundle|quarkdrivespe\n|-enditem|p2a: Sasha Colby|Booster Energy\n|-activate|p2a: Sasha Colby|ability: Protosynthesis|[fromitem]\n|-start|p2a: Sasha Colby|protosynthesisspa\n|turn|1\n|inactive|captain pope has 30 seconds left.\n|inactive|PiccoloRuiz has 30 seconds left.\n|inactive|captain pope has 20 seconds left.\n|inactive|PiccoloRuiz has 20 seconds left.\n|inactive|captain pope has 15 seconds left.\n|\n|t:|1683076602\n|move|p2b: Amoonguss|Rage Powder|p2b: Amoonguss\n|-singleturn|p2b: Amoonguss|move: Rage Powder\n|move|p1a: Iron Bundle|Icy Wind|p2a: Sasha Colby|[spread] p2a,p2b\n|-supereffective|p2b: Amoonguss\n|-damage|p2a: Sasha Colby|77\/100\n|-damage|p2b: Amoonguss|59\/100\n|-unboost|p2a: Sasha Colby|spe|1\n|-unboost|p2b: Amoonguss|spe|1\n|move|p1b: Chien-Pao|Ice Spinner|p2b: Amoonguss\n|-supereffective|p2b: Amoonguss\n|-damage|p2b: Amoonguss|0 fnt\n|-damage|p1b: Chien-Pao|84\/100|[from] item: Rocky Helmet|[of] p2b: Amoonguss\n|faint|p2b: Amoonguss\n|move|p2a: Sasha Colby|Dazzling Gleam|p1b: Chien-Pao|[spread] p1a,p1b\n|-supereffective|p1b: Chien-Pao\n|-damage|p1a: Iron Bundle|9\/100\n|-damage|p1b: Chien-Pao|0 fnt\n|faint|p1b: Chien-Pao\n|\n|upkeep\n|inactive|captain pope has 30 seconds left.\n|\n|t:|1683076629\n|switch|p1b: Dragonite|Dragonite, L50, F|100\/100\n|switch|p2b: Bianca|Gyarados, L50, F, shiny|100\/100\n|-ability|p2b: Bianca|Intimidate|boost\n|-unboost|p1a: Iron Bundle|atk|1\n|-unboost|p1b: Dragonite|atk|1\n|turn|2\n|inactive|captain pope has 30 seconds left.\n|inactive|captain pope has 20 seconds left.\n|inactive|captain pope has 15 seconds left.\n|\n|t:|1683076672\n|-end|p2a: Sasha Colby|Protosynthesis|[silent]\n|switch|p2a: Ting-Lu|Ting-Lu, L50|100\/100\n|-ability|p2a: Ting-Lu|Vessel of Ruin\n|move|p1a: Iron Bundle|Icy Wind|p2b: Bianca|[spread] p2a,p2b\n|-supereffective|p2a: Ting-Lu\n|-crit|p2b: Bianca\n|-damage|p2a: Ting-Lu|85\/100\n|-damage|p2b: Bianca|81\/100\n|-unboost|p2a: Ting-Lu|spe|1\n|-unboost|p2b: Bianca|spe|1\n|move|p1b: Dragonite|Thunder Punch|p2b: Bianca\n|-supereffective|p2b: Bianca\n|-damage|p2b: Bianca|13\/100\n|-enditem|p2b: Bianca|Sitrus Berry|[eat]\n|-heal|p2b: Bianca|38\/100|[from] item: Sitrus Berry\n|move|p2b: Bianca|Waterfall|p1a: Iron Bundle\n|-resisted|p1a: Iron Bundle\n|-damage|p1a: Iron Bundle|0 fnt\n|faint|p1a: Iron Bundle\n|-end|p1a: Iron Bundle|Quark Drive|[silent]\n|\n|upkeep\n|\n|t:|1683076688\n|switch|p1a: Drednaw|Drednaw, L50, F|100\/100\n|turn|3\n|inactive|captain pope has 30 seconds left.\n|inactive|captain pope has 20 seconds left.\n|\n|t:|1683076724\n|-terastallize|p1b: Dragonite|Flying\n|move|p1a: Drednaw|Rock Slide|p2b: Bianca|[spread] p2a,p2b\n|-resisted|p2a: Ting-Lu\n|-supereffective|p2b: Bianca\n|-damage|p2a: Ting-Lu|74\/100\n|-damage|p2b: Bianca|0 fnt\n|faint|p2b: Bianca\n|move|p1b: Dragonite|Tera Blast|p2a: Ting-Lu\n|-damage|p2a: Ting-Lu|53\/100\n|cant|p2a: Ting-Lu|flinch\n|\n|upkeep\n|\n|t:|1683076734\n|switch|p2b: Sasha Colby|Flutter Mane, L50|77\/100\n|turn|4\n|\n|t:|1683076746\n|move|p2b: Sasha Colby|Protect|p2b: Sasha Colby\n|-singleturn|p2b: Sasha Colby|Protect\n|move|p1a: Drednaw|Rock Slide|p2b: Sasha Colby|[spread] p2a\n|-activate|p2b: Sasha Colby|move: Protect\n|-resisted|p2a: Ting-Lu\n|-damage|p2a: Ting-Lu|42\/100\n|move|p1b: Dragonite|Tera Blast|p2b: Sasha Colby\n|-activate|p2b: Sasha Colby|move: Protect\n|move|p2a: Ting-Lu|Rock Tomb|p1b: Dragonite\n|-supereffective|p1b: Dragonite\n|-damage|p1b: Dragonite|84\/100\n|-unboost|p1b: Dragonite|spe|1\n|\n|upkeep\n|turn|5\n|inactive|PiccoloRuiz has 30 seconds left.\n|\n|t:|1683076780\n|-terastallize|p2b: Sasha Colby|Fairy\n|move|p2b: Sasha Colby|Moonblast|p1b: Dragonite\n|-damage|p1b: Dragonite|37\/100\n|-unboost|p1b: Dragonite|spa|1\n|move|p1a: Drednaw|Rock Slide|p2a: Ting-Lu|[spread] p2b\n|-miss|p1a: Drednaw|p2a: Ting-Lu\n|-damage|p2b: Sasha Colby|0 fnt\n|faint|p2b: Sasha Colby\n|-end|p2b: Sasha Colby|Protosynthesis|[silent]\n|move|p1b: Dragonite|Tera Blast|p2a: Ting-Lu\n|-damage|p2a: Ting-Lu|18\/100\n|move|p2a: Ting-Lu|Stomping Tantrum|p1a: Drednaw\n|-supereffective|p1a: Drednaw\n|-damage|p1a: Drednaw|25\/100\n|\n|upkeep\n|turn|6\n|-message|PiccoloRuiz forfeited.\n|\n|win|captain pope\n|raw|captain pope's rating: 1472 → 1492<\/strong> (+20 for winning)\n|raw|PiccoloRuiz's rating: 1479 → 1459<\/strong> (-20 for losing)\n","uploadtime":1683076799,"views":10,"p1id":"captainpope","p2id":"piccoloruiz","formatid":"gen9vgc2023regulationc","rating":1459,"private":0,"password":""}