{"id":"gen9vgc2023regulationc-1863193579","p1":"Lefties Chi-Yu","p2":"Getmelit","format":"[Gen 9] VGC 2023 Regulation C","log":"|j|\u2606Lefties Chi-Yu\n|j|\u2606Getmelit\n|t:|1683986496\n|gametype|doubles\n|player|p1|Lefties Chi-Yu|acetrainer-gen6xy|\n|player|p2|Getmelit|101|\n|teamsize|p1|6\n|teamsize|p2|6\n|gen|9\n|tier|[Gen 9] VGC 2023 Regulation C\n|rule|Species Clause: Limit one of each Pok\u00e9mon\n|rule|Item Clause: Limit one of each item\n|clearpoke\n|poke|p1|Chi-Yu, L50|\n|poke|p1|Amoonguss, L50, M|\n|poke|p1|Iron Hands, L50|\n|poke|p1|Flutter Mane, L50|\n|poke|p1|Iron Bundle, L50|\n|poke|p1|Kingambit, L50, M|\n|poke|p2|Murkrow, L50, F|\n|poke|p2|Great Tusk, L50|\n|poke|p2|Gyarados, L50, F|\n|poke|p2|Amoonguss, L50, M|\n|poke|p2|Flutter Mane, L50|\n|poke|p2|Chi-Yu, L50|\n|teampreview|4\nGetmelit has agreed to open team sheets.\nLefties Chi-Yu has agreed to open team sheets.\n|c|\u2606Lefties Chi-Yu|a sun hybird\n|c|\u2606Lefties Chi-Yu|cool\n|\n|t:|1683986611\n|start\n|switch|p1a: Eren|Iron Bundle, L50|100\/100\n|switch|p1b: Iron Hands|Iron Hands, L50|100\/100\n|switch|p2a: Flutter Mane|Flutter Mane, L50|100\/100\n|switch|p2b: Chi-Yu|Chi-Yu, L50|100\/100\n|-ability|p2b: Chi-Yu|Beads of Ruin\n|-enditem|p1a: Eren|Booster Energy\n|-activate|p1a: Eren|ability: Quark Drive|[fromitem]\n|-start|p1a: Eren|quarkdrivespe\n|turn|1\n|\n|t:|1683986664\n|-end|p2a: Flutter Mane|Protosynthesis|[silent]\n|switch|p2a: Gyarados|Gyarados, L50, F|100\/100\n|-ability|p2a: Gyarados|Intimidate|boost\n|-unboost|p1a: Eren|atk|1\n|-unboost|p1b: Iron Hands|atk|1\n|move|p1a: Eren|Protect|p1a: Eren\n|-singleturn|p1a: Eren|Protect\n|move|p2b: Chi-Yu|Nasty Plot|p2b: Chi-Yu\n|-boost|p2b: Chi-Yu|spa|2\n|move|p1b: Iron Hands|Volt Switch|p2a: Gyarados\n|-supereffective|p2a: Gyarados\n|-damage|p2a: Gyarados|52\/100\n|\n|t:|1683986682\n|-end|p1b: Iron Hands|Quark Drive|[silent]\n|switch|p1b: Chi-Yu|Chi-Yu, L50|100\/100|[from] Volt Switch\n|-ability|p1b: Chi-Yu|Beads of Ruin\n|\n|upkeep\n|turn|2\n|\n|t:|1683986708\n|switch|p2a: Amoonguss|Amoonguss, L50, M|100\/100\n|-terastallize|p1b: Chi-Yu|Water\n|move|p1a: Eren|Encore|p2b: Chi-Yu\n|-start|p2b: Chi-Yu|Encore\n|move|p2b: Chi-Yu|Nasty Plot|p2b: Chi-Yu\n|-boost|p2b: Chi-Yu|spa|2\n|move|p1b: Chi-Yu|Nasty Plot|p1b: Chi-Yu\n|-boost|p1b: Chi-Yu|spa|2\n|\n|upkeep\n|turn|3\n|\n|t:|1683986745\n|move|p2a: Amoonguss|Protect|p2a: Amoonguss\n|-singleturn|p2a: Amoonguss|Protect\n|move|p1a: Eren|Freeze-Dry|p2a: Amoonguss\n|-activate|p2a: Amoonguss|move: Protect\n|move|p2b: Chi-Yu|Nasty Plot|p2b: Chi-Yu\n|-boost|p2b: Chi-Yu|spa|2\n|move|p1b: Chi-Yu|Dark Pulse|p2a: Amoonguss\n|-activate|p2a: Amoonguss|move: Protect\n|\n|upkeep\n|turn|4\n|\n|t:|1683986771\n|switch|p2a: Gyarados|Gyarados, L50, F|52\/100\n|-ability|p2a: Gyarados|Intimidate|boost\n|-unboost|p1a: Eren|atk|1\n|-unboost|p1b: Chi-Yu|atk|1\n|move|p1a: Eren|Freeze-Dry|p2a: Gyarados\n|-supereffective|p2a: Gyarados\n|-damage|p2a: Gyarados|0 fnt\n|faint|p2a: Gyarados\n|move|p2b: Chi-Yu|Nasty Plot|p2b: Chi-Yu\n|-boost|p2b: Chi-Yu|spa|0\n|move|p1b: Chi-Yu|Dark Pulse|p2b: Chi-Yu\n|-resisted|p2b: Chi-Yu\n|-damage|p2b: Chi-Yu|63\/100\n|\n|-end|p2b: Chi-Yu|Encore\n|upkeep\n|\n|t:|1683986785\n|switch|p2a: Amoonguss|Amoonguss, L50, M|100\/100\n|turn|5\n|\n|t:|1683986814\n|move|p1a: Eren|Protect|p1a: Eren\n|-singleturn|p1a: Eren|Protect\n|move|p2b: Chi-Yu|Protect|p2b: Chi-Yu\n|-singleturn|p2b: Chi-Yu|Protect\n|move|p1b: Chi-Yu|Flamethrower|p2a: Amoonguss\n|-supereffective|p2a: Amoonguss\n|-damage|p2a: Amoonguss|0 fnt\n|faint|p2a: Amoonguss\n|\n|upkeep\n|-message|Getmelit forfeited.\n|\n|win|Lefties Chi-Yu\n","uploadtime":1683986827,"views":6,"p1id":"leftieschiyu","p2id":"getmelit","formatid":"gen9vgc2023regulationc","rating":0,"private":0,"password":""}