{"id":"gen9vgc2023regulationc-1856961656","p1":"Master7Melon","p2":"WhatWasIC00KING","format":"[Gen 9] VGC 2023 Regulation C","log":"|j|\u2606Master7Melon\n|j|\u2606WhatWasIC00KING\n|t:|1683130881\n|gametype|doubles\n|player|p1|Master7Melon|byron|1297\n|player|p2|WhatWasIC00KING|gambler|1340\n|teamsize|p1|6\n|teamsize|p2|6\n|gen|9\n|tier|[Gen 9] VGC 2023 Regulation C\n|rated|\n|rule|Species Clause: Limit one of each Pok\u00e9mon\n|rule|Item Clause: Limit one of each item\n|clearpoke\n|poke|p1|Amoonguss, L50, F|\n|poke|p1|Rotom-Heat, L50|\n|poke|p1|Ting-Lu, L50|\n|poke|p1|Flutter Mane, L50|\n|poke|p1|Bronzong, L50|\n|poke|p1|Gyarados, L50, M|\n|poke|p2|Ting-Lu, L50|\n|poke|p2|Annihilape, L50, M|\n|poke|p2|Palafin, L50, F|\n|poke|p2|Flutter Mane, L50|\n|poke|p2|Arcanine, L50, M|\n|poke|p2|Amoonguss, L50, M|\n|teampreview|4\nWhatWasIC00KING has agreed to open team sheets.\nMaster7Melon rejected open team sheets.\n|\n|t:|1683130927\n|start\n|switch|p1a: Bronzong|Bronzong, L50|100\/100\n|switch|p1b: Ting-Lu|Ting-Lu, L50|100\/100\n|switch|p2a: Ares|Annihilape, L50, M, shiny|100\/100\n|switch|p2b: Hypnos|Amoonguss, L50, M, shiny|100\/100\n|-ability|p1b: Ting-Lu|Vessel of Ruin\n|turn|1\n|inactive|Battle timer is ON: inactive players will automatically lose when time's up. (requested by WhatWasIC00KING)\n|\n|t:|1683130949\n|switch|p1b: Amoonguss|Amoonguss, L50, F|100\/100\n|move|p2a: Ares|Bulk Up|p2a: Ares\n|-boost|p2a: Ares|atk|1\n|-boost|p2a: Ares|def|1\n|move|p2b: Hypnos|Spore|p1b: Amoonguss\n|-immune|p1b: Amoonguss\n|move|p1a: Bronzong|Trick Room|p1a: Bronzong\n|-fieldstart|move: Trick Room|[of] p1a: Bronzong\n|\n|upkeep\n|turn|2\n|\n|t:|1683130965\n|move|p2a: Ares|Protect|p2a: Ares\n|-singleturn|p2a: Ares|Protect\n|move|p1b: Amoonguss|Spore|p2a: Ares\n|-activate|p2a: Ares|move: Protect\n|move|p1a: Bronzong|Iron Defense|p1a: Bronzong\n|-boost|p1a: Bronzong|def|2\n|move|p2b: Hypnos|Spore|p1a: Bronzong\n|-status|p1a: Bronzong|slp|[from] move: Spore\n|\n|upkeep\n|turn|3\n|inactive|Master7Melon has 30 seconds left.\n|\n|t:|1683130994\n|move|p1b: Amoonguss|Spore|p2a: Ares\n|-status|p2a: Ares|slp|[from] move: Spore\n|cant|p1a: Bronzong|slp\n|move|p2b: Hypnos|Pollen Puff|p1b: Amoonguss\n|-damage|p1b: Amoonguss|85\/100\n|cant|p2a: Ares|slp\n|\n|upkeep\n|turn|4\n|\n|t:|1683131015\n|move|p1b: Amoonguss|Clear Smog|p2a: Ares\n|-resisted|p2a: Ares\n|-damage|p2a: Ares|95\/100 slp\n|-clearboost|p2a: Ares\n|-curestatus|p1a: Bronzong|slp|[msg]\n|move|p1a: Bronzong|Iron Defense|p1a: Bronzong\n|-boost|p1a: Bronzong|def|2\n|move|p2b: Hypnos|Spore|p1b: Amoonguss\n|-immune|p1b: Amoonguss\n|cant|p2a: Ares|slp\n|\n|-heal|p2a: Ares|100\/100 slp|[from] item: Leftovers\n|upkeep\n|turn|5\n|inactive|Master7Melon has 30 seconds left.\n|\n|t:|1683131042\n|switch|p1a: Ting-Lu|Ting-Lu, L50|100\/100\n|-ability|p1a: Ting-Lu|Vessel of Ruin\n|move|p1b: Amoonguss|Rage Powder|p1b: Amoonguss\n|-singleturn|p1b: Amoonguss|move: Rage Powder\n|move|p2b: Hypnos|Spore|p1a: Ting-Lu\n|-status|p1a: Ting-Lu|slp|[from] move: Spore\n|cant|p2a: Ares|slp\n|\n|-fieldend|move: Trick Room\n|upkeep\n|turn|6\n|\n|t:|1683131063\n|switch|p2b: Eris|Flutter Mane, L50|100\/100\n|-curestatus|p2a: Ares|slp|[msg]\n|move|p2a: Ares|Protect|p2a: Ares\n|-singleturn|p2a: Ares|Protect\n|move|p1b: Amoonguss|Protect|p1b: Amoonguss\n|-singleturn|p1b: Amoonguss|Protect\n|cant|p1a: Ting-Lu|slp\n|\n|upkeep\n|turn|7\n|\n|t:|1683131086\n|-terastallize|p1a: Ting-Lu|Fire\n|move|p1b: Amoonguss|Rage Powder|p1b: Amoonguss\n|-singleturn|p1b: Amoonguss|move: Rage Powder\n|move|p2b: Eris|Dazzling Gleam|p1a: Ting-Lu|[spread] p1a,p1b\n|-resisted|p1a: Ting-Lu\n|-resisted|p1b: Amoonguss\n|-damage|p1a: Ting-Lu|90\/100 slp\n|-damage|p1b: Amoonguss|70\/100\n|move|p2a: Ares|Drain Punch|p1b: Amoonguss\n|-resisted|p1b: Amoonguss\n|-damage|p1b: Amoonguss|58\/100\n|-curestatus|p1a: Ting-Lu|slp|[msg]\n|move|p1a: Ting-Lu|Earthquake|p2a: Ares|[spread] p1b,p2a,p2b\n|-damage|p1b: Amoonguss|29\/100\n|-damage|p2a: Ares|68\/100\n|-damage|p2b: Eris|52\/100\n|-enditem|p1b: Amoonguss|Sitrus Berry|[eat]\n|-heal|p1b: Amoonguss|53\/100|[from] item: Sitrus Berry\n|\n|-heal|p2a: Ares|74\/100|[from] item: Leftovers\n|upkeep\n|turn|8\n|\n|t:|1683131111\n|-end|p2b: Eris|Protosynthesis|[silent]\n|switch|p2b: Hypnos|Amoonguss, L50, M, shiny|100\/100\n|switch|p1b: Bronzong|Bronzong, L50|100\/100\n|move|p2a: Ares|Rage Fist|p1b: Bronzong\n|-supereffective|p1b: Bronzong\n|-damage|p1b: Bronzong|0 fnt\n|faint|p1b: Bronzong\n|move|p1a: Ting-Lu|Earthquake|p2a: Ares|[spread] p2a,p2b\n|-damage|p2a: Ares|41\/100\n|-damage|p2b: Hypnos|73\/100\n|\n|-heal|p2a: Ares|47\/100|[from] item: Leftovers\n|upkeep\n|\n|t:|1683131123\n|switch|p1b: Flutter Mane|Flutter Mane, L50|100\/100\n|-enditem|p1b: Flutter Mane|Booster Energy\n|-activate|p1b: Flutter Mane|ability: Protosynthesis|[fromitem]\n|-start|p1b: Flutter Mane|protosynthesisspa\n|turn|9\n|\n|t:|1683131130\n|move|p2a: Ares|Protect|p2a: Ares\n|-singleturn|p2a: Ares|Protect\n|move|p2b: Hypnos|Protect|p2b: Hypnos\n|-singleturn|p2b: Hypnos|Protect\n|move|p1b: Flutter Mane|Dazzling Gleam|p2a: Ares|[spread] \n|-activate|p2a: Ares|move: Protect\n|-activate|p2b: Hypnos|move: Protect\n|move|p1a: Ting-Lu|Earthquake|p2a: Ares|[spread] p1b\n|-activate|p2a: Ares|move: Protect\n|-activate|p2b: Hypnos|move: Protect\n|-damage|p1b: Flutter Mane|52\/100\n|\n|-heal|p2a: Ares|53\/100|[from] item: Leftovers\n|upkeep\n|turn|10\n|inactive|WhatWasIC00KING has 30 seconds left.\n|\n|t:|1683131156\n|-terastallize|p2a: Ares|Fire\n|move|p1b: Flutter Mane|Protect|p1b: Flutter Mane\n|-singleturn|p1b: Flutter Mane|Protect\n|move|p2a: Ares|Rage Fist|p1b: Flutter Mane\n|-activate|p1b: Flutter Mane|move: Protect\n|move|p2b: Hypnos|Spore|p1a: Ting-Lu\n|-status|p1a: Ting-Lu|slp|[from] move: Spore\n|cant|p1a: Ting-Lu|slp\n|\n|-heal|p2a: Ares|59\/100|[from] item: Leftovers\n|upkeep\n|turn|11\n|inactive|Master7Melon has 30 seconds left.\n|\n|t:|1683131188\n|-end|p1b: Flutter Mane|Protosynthesis|[silent]\n|switch|p1b: Amoonguss|Amoonguss, L50, F|53\/100\n|move|p2a: Ares|Rage Fist|p1b: Amoonguss\n|-damage|p1b: Amoonguss|0 fnt\n|faint|p1b: Amoonguss\n|move|p2b: Hypnos|Pollen Puff|p2a: Ares\n|-heal|p2a: Ares|100\/100\n|cant|p1a: Ting-Lu|slp\n|\n|upkeep\n|\n|t:|1683131190\n|switch|p1b: Flutter Mane|Flutter Mane, L50|52\/100\n|turn|12\n|\n|t:|1683131207\n|move|p1b: Flutter Mane|Protect|p1b: Flutter Mane\n|-singleturn|p1b: Flutter Mane|Protect\n|move|p2a: Ares|Rage Fist|p1b: Flutter Mane\n|-activate|p1b: Flutter Mane|move: Protect\n|move|p2b: Hypnos|Spore|p1a: Ting-Lu\n|-fail|p1a: Ting-Lu|slp\n|cant|p1a: Ting-Lu|slp\n|\n|upkeep\n|turn|13\n|\n|t:|1683131221\n|move|p1b: Flutter Mane|Protect||[still]\n|-fail|p1b: Flutter Mane\n|-curestatus|p1a: Ting-Lu|slp|[msg]\n|move|p1a: Ting-Lu|Protect|p1a: Ting-Lu\n|-singleturn|p1a: Ting-Lu|Protect\n|move|p2a: Ares|Rage Fist|p1b: Flutter Mane\n|-supereffective|p1b: Flutter Mane\n|-damage|p1b: Flutter Mane|0 fnt\n|faint|p1b: Flutter Mane\n|-end|p1b: Flutter Mane|Protosynthesis|[silent]\n|move|p2b: Hypnos|Spore|p1a: Ting-Lu\n|-activate|p1a: Ting-Lu|move: Protect\n|\n|upkeep\n|turn|14\n|\n|t:|1683131239\n|move|p2a: Ares|Rage Fist|p1a: Ting-Lu\n|-damage|p1a: Ting-Lu|41\/100\n|move|p2b: Hypnos|Spore|p1a: Ting-Lu\n|-status|p1a: Ting-Lu|slp|[from] move: Spore\n|cant|p1a: Ting-Lu|slp\n|\n|upkeep\n|turn|15\n|-message|Master7Melon forfeited.\n|\n|win|WhatWasIC00KING\n|raw|Master7Melon's rating: 1297 → 1275<\/strong> (-22 for losing)\n|raw|WhatWasIC00KING's rating: 1340 → 1358<\/strong> (+18 for winning)\n|l|\u2606Master7Melon\n","uploadtime":1683131277,"views":29,"p1id":"master7melon","p2id":"whatwasic00king","formatid":"gen9vgc2023regulationc","rating":1275,"private":0,"password":""}