{"id":"gen9vgc2023regulationc-1862050766","p1":"GuardiansLight1","p2":"ThatGuyTi","format":"[Gen 9] VGC 2023 Regulation C","log":"|j|\u203dGuardiansLight1\n|j|\u2606ThatGuyTi\n|t:|1683832162\n|gametype|doubles\n|player|p1|GuardiansLight1|266|1050\n|player|p2|ThatGuyTi|lance|1072\n|teamsize|p1|6\n|teamsize|p2|6\n|gen|9\n|tier|[Gen 9] VGC 2023 Regulation C\n|rated|\n|rule|Species Clause: Limit one of each Pok\u00e9mon\n|rule|Item Clause: Limit one of each item\n|clearpoke\n|poke|p1|Skeledirge, L50, M|\n|poke|p1|Meowscarada, L50, F|\n|poke|p1|Kingambit, L50, M|\n|poke|p1|Toedscruel, L50, M|\n|poke|p1|Hydreigon, L50, M|\n|poke|p1|Annihilape, L50, M|\n|poke|p2|Abomasnow, L50, F|\n|poke|p2|Iron Bundle, L50|\n|poke|p2|Indeedee-F, L50, F|\n|poke|p2|Annihilape, L50, F|\n|poke|p2|Chi-Yu, L50|\n|poke|p2|Meowscarada, L50, M|\n|teampreview|4\n|\n|t:|1683832188\n|start\n|switch|p1a: Skeledirge|Skeledirge, L50, M, shiny|100\/100\n|switch|p1b: Annihilape|Annihilape, L50, M, shiny|100\/100\n|switch|p2a: Abomasnow|Abomasnow, L50, F, shiny|100\/100\n|switch|p2b: Indeedee|Indeedee-F, L50, F|100\/100\n|-fieldstart|move: Psychic Terrain|[from] ability: Psychic Surge|[of] p2b: Indeedee\n|-enditem|p2b: Indeedee|Psychic Seed\n|-boost|p2b: Indeedee|spd|1|[from] item: Psychic Seed\n|-weather|Snow|[from] ability: Snow Warning|[of] p2a: Abomasnow\n|turn|1\n|\n|t:|1683832231\n|switch|p1b: Kingambit|Kingambit, L50, M|100\/100\n|-terastallize|p1a: Skeledirge|Fairy\n|-terastallize|p2a: Abomasnow|Water\n|move|p2b: Indeedee|Psychic|p1b: Kingambit\n|-immune|p1b: Kingambit\n|move|p1a: Skeledirge|Torch Song|p2a: Abomasnow\n|-resisted|p2a: Abomasnow\n|-damage|p2a: Abomasnow|82\/100\n|-boost|p1a: Skeledirge|spa|1\n|move|p2a: Abomasnow|Aurora Veil|p2a: Abomasnow\n|-sidestart|p2: ThatGuyTi|move: Aurora Veil\n|\n|-weather|Snow|[upkeep]\n|upkeep\n|turn|2\n|\n|t:|1683832256\n|move|p2b: Indeedee|Psychic|p1a: Skeledirge\n|-damage|p1a: Skeledirge|56\/100\n|move|p1a: Skeledirge|Torch Song|p2a: Abomasnow\n|-resisted|p2a: Abomasnow\n|-damage|p2a: Abomasnow|63\/100\n|-boost|p1a: Skeledirge|spa|1\n|move|p1b: Kingambit|Iron Head|p2a: Abomasnow\n|-resisted|p2a: Abomasnow\n|-damage|p2a: Abomasnow|47\/100\n|move|p2a: Abomasnow|Blizzard|p1a: Skeledirge|[spread] p1a,p1b\n|-resisted|p1b: Kingambit\n|-damage|p1a: Skeledirge|23\/100\n|-damage|p1b: Kingambit|86\/100\n|\n|-weather|Snow|[upkeep]\n|-heal|p1a: Skeledirge|29\/100|[from] item: Leftovers\n|upkeep\n|turn|3\n|\n|t:|1683832289\n|switch|p2a: Chi-Yu|Chi-Yu, L50|100\/100\n|-ability|p2a: Chi-Yu|Beads of Ruin\n|move|p1a: Skeledirge|Protect|p1a: Skeledirge\n|-singleturn|p1a: Skeledirge|Protect\n|move|p2b: Indeedee|Psychic|p1a: Skeledirge\n|-activate|p1a: Skeledirge|move: Protect\n|move|p1b: Kingambit|Iron Head|p2a: Chi-Yu\n|-resisted|p2a: Chi-Yu\n|-damage|p2a: Chi-Yu|77\/100\n|\n|-weather|Snow|[upkeep]\n|-heal|p1a: Skeledirge|35\/100|[from] item: Leftovers\n|upkeep\n|turn|4\n|\n|t:|1683832307\n|move|p1b: Kingambit|Protect|p1b: Kingambit\n|-singleturn|p1b: Kingambit|Protect\n|move|p2a: Chi-Yu|Heat Wave|p1b: Kingambit|[spread] p1a\n|-activate|p1b: Kingambit|move: Protect\n|-damage|p1a: Skeledirge|0 fnt\n|faint|p1a: Skeledirge\n|move|p2b: Indeedee|Psychic|p1b: Kingambit\n|-activate|p1b: Kingambit|move: Protect\n|\n|-weather|Snow|[upkeep]\n|upkeep\n|\n|t:|1683832355\n|switch|p1a: Annihilape|Annihilape, L50, M, shiny|100\/100\n|turn|5\n|\n|t:|1683832369\n|move|p2b: Indeedee|Follow Me|p2b: Indeedee\n|-singleturn|p2b: Indeedee|move: Follow Me\n|move|p1b: Kingambit|Sucker Punch||[still]\n|-fail|p1b: Kingambit\n|move|p1a: Annihilape|Close Combat|p2b: Indeedee\n|-damage|p2b: Indeedee|62\/100\n|-unboost|p1a: Annihilape|def|1\n|-unboost|p1a: Annihilape|spd|1\n|move|p2a: Chi-Yu|Heat Wave|p1b: Kingambit|[spread] p1a,p1b\n|-supereffective|p1b: Kingambit\n|-damage|p1a: Annihilape|34\/100\n|-damage|p1b: Kingambit|0 fnt\n|faint|p1b: Kingambit\n|\n|-weather|none\n|-fieldend|move: Psychic Terrain\n|upkeep\n|-message|GuardiansLight1 forfeited.\n|\n|win|ThatGuyTi\n|raw|GuardiansLight1's rating: 1050 → 1034<\/strong> (-16 for losing)\n|raw|ThatGuyTi's rating: 1072 → 1099<\/strong> (+27 for winning)\n|l|\u203dGuardiansLight1\n","uploadtime":1683832387,"views":11,"p1id":"guardianslight1","p2id":"thatguyti","formatid":"gen9vgc2023regulationc","rating":1034,"private":0,"password":""}