{"id":"gen9vgc2023regulationc-1860284073","p1":"i beed my ped","p2":"PREMIERCONTEVGC","format":"[Gen 9] VGC 2023 Regulation C","log":"|j|\u2606i beed my ped\n|j|\u2606PREMIERCONTEVGC\n|t:|1683625415\n|gametype|doubles\n|player|p1|i beed my ped|1|1361\n|player|p2|PREMIERCONTEVGC|gentleman|1278\n|teamsize|p1|6\n|teamsize|p2|6\n|gen|9\n|tier|[Gen 9] VGC 2023 Regulation C\n|rated|\n|rule|Species Clause: Limit one of each Pok\u00e9mon\n|rule|Item Clause: Limit one of each item\n|clearpoke\n|poke|p1|Chi-Yu, L50|\n|poke|p1|Talonflame, L50, F|\n|poke|p1|Garchomp, L50, M|\n|poke|p1|Flutter Mane, L50|\n|poke|p1|Breloom, L50, M|\n|poke|p1|Iron Bundle, L50|\n|poke|p2|Scizor, L50, M|\n|poke|p2|Iron Bundle, L50|\n|poke|p2|Great Tusk, L50|\n|poke|p2|Talonflame, L50, M|\n|poke|p2|Dragonite, L50, M|\n|poke|p2|Flutter Mane, L50|\n|teampreview|4\n|inactive|Battle timer is ON: inactive players will automatically lose when time's up. (requested by PREMIERCONTEVGC)\n|inactive|i beed my ped has 60 seconds left.\n|\n|t:|1683625468\n|start\n|switch|p1a: Talonflame|Talonflame, L50, F|100\/100\n|switch|p1b: Garchomp|Garchomp, L50, M|100\/100\n|switch|p2a: Talonflame|Talonflame, L50, M, shiny|100\/100\n|switch|p2b: I'M GOOD|Flutter Mane, L50, shiny|100\/100\n|turn|1\n|inactive|i beed my ped has 30 seconds left.\n|\n|t:|1683625499\n|-terastallize|p1b: Garchomp|Fire\n|move|p1a: Talonflame|Tailwind|p1a: Talonflame\n|-sidestart|p1: i beed my ped|move: Tailwind\n|move|p2a: Talonflame|Tailwind|p2a: Talonflame\n|-sidestart|p2: PREMIERCONTEVGC|move: Tailwind\n|move|p2b: I'M GOOD|Dazzling Gleam|p1a: Talonflame|[spread] p1a,p1b\n|-resisted|p1a: Talonflame\n|-resisted|p1b: Garchomp\n|-damage|p1a: Talonflame|68\/100\n|-damage|p1b: Garchomp|70\/100\n|move|p1b: Garchomp|Swords Dance|p1b: Garchomp\n|-boost|p1b: Garchomp|atk|2\n|\n|upkeep\n|turn|2\n|\n|t:|1683625522\n|move|p1b: Garchomp|Protect|p1b: Garchomp\n|-singleturn|p1b: Garchomp|Protect\n|move|p1a: Talonflame|Brave Bird|p2b: I'M GOOD\n|-damage|p2b: I'M GOOD|21\/100\n|-damage|p1a: Talonflame|50\/100|[from] Recoil\n|move|p2a: Talonflame|Heat Wave|p1a: Talonflame|[spread] p1a\n|-activate|p1b: Garchomp|move: Protect\n|-resisted|p1a: Talonflame\n|-damage|p1a: Talonflame|37\/100\n|move|p2b: I'M GOOD|Dazzling Gleam|p1b: Garchomp|[spread] p1a\n|-activate|p1b: Garchomp|move: Protect\n|-resisted|p1a: Talonflame\n|-damage|p1a: Talonflame|2\/100\n|\n|upkeep\n|turn|3\n|inactive|i beed my ped has 30 seconds left.\n|\n|t:|1683625547\n|move|p2a: Talonflame|Heat Wave|p1a: Talonflame|[spread] p1a,p1b\n|-resisted|p1a: Talonflame\n|-resisted|p1b: Garchomp\n|-damage|p1a: Talonflame|0 fnt\n|-damage|p1b: Garchomp|61\/100\n|faint|p1a: Talonflame\n|move|p2b: I'M GOOD|Dazzling Gleam|p1b: Garchomp\n|-resisted|p1b: Garchomp\n|-damage|p1b: Garchomp|23\/100\n|move|p1b: Garchomp|Rock Slide|p2a: Talonflame|[spread] p2a,p2b\n|-supereffective|p2a: Talonflame\n|-crit|p2a: Talonflame\n|-damage|p2a: Talonflame|0 fnt\n|-damage|p2b: I'M GOOD|0 fnt\n|faint|p2a: Talonflame\n|faint|p2b: I'M GOOD\n|-end|p2b: I'M GOOD|Protosynthesis|[silent]\n|\n|upkeep\n|inactive|i beed my ped has 30 seconds left.\n|\n|t:|1683625575\n|switch|p1a: Iron Bundle|Iron Bundle, L50|100\/100\n|switch|p2a: PENGUIN|Iron Bundle, L50, shiny|100\/100\n|switch|p2b: BIG D*CK|Great Tusk, L50, shiny|100\/100\n|-enditem|p1a: Iron Bundle|Booster Energy\n|-activate|p1a: Iron Bundle|ability: Quark Drive|[fromitem]\n|-start|p1a: Iron Bundle|quarkdrivespe\n|-enditem|p2a: PENGUIN|Booster Energy\n|-activate|p2a: PENGUIN|ability: Quark Drive|[fromitem]\n|-start|p2a: PENGUIN|quarkdrivespe\n|turn|4\n|inactive|i beed my ped has 30 seconds left.\n|inactive|i beed my ped has 20 seconds left.\n|\n|t:|1683625614\n|move|p2b: BIG D*CK|Protect|p2b: BIG D*CK\n|-singleturn|p2b: BIG D*CK|Protect\n|move|p2a: PENGUIN|Icy Wind|p1a: Iron Bundle|[spread] p1a,p1b\n|-resisted|p1a: Iron Bundle\n|-resisted|p1b: Garchomp\n|-damage|p1a: Iron Bundle|91\/100\n|-damage|p1b: Garchomp|11\/100\n|-unboost|p1a: Iron Bundle|spe|1\n|move|p1a: Iron Bundle|Icy Wind|p2a: PENGUIN|[spread] p2a\n|-activate|p2b: BIG D*CK|move: Protect\n|-resisted|p2a: PENGUIN\n|-damage|p2a: PENGUIN|90\/100\n|-unboost|p2a: PENGUIN|spe|1\n|move|p1b: Garchomp|Rock Slide|p2b: BIG D*CK|[spread] p2a\n|-activate|p2b: BIG D*CK|move: Protect\n|-supereffective|p2a: PENGUIN\n|-damage|p2a: PENGUIN|0 fnt\n|faint|p2a: PENGUIN\n|-end|p2a: PENGUIN|Quark Drive|[silent]\n|\n|-sideend|p1: i beed my ped|move: Tailwind\n|-sideend|p2: PREMIERCONTEVGC|move: Tailwind\n|upkeep\n|turn|5\n|inactive|i beed my ped has 30 seconds left.\n|\n|t:|1683625647\n|move|p1a: Iron Bundle|Encore|p2b: BIG D*CK\n|-start|p2b: BIG D*CK|Encore\n|move|p1b: Garchomp|Swords Dance|p1b: Garchomp\n|-boost|p1b: Garchomp|atk|2\n|move|p2b: BIG D*CK|Protect||[still]\n|-fail|p2b: BIG D*CK\n|\n|upkeep\n|turn|6\n|\n|t:|1683625663\n|-terastallize|p2b: BIG D*CK|Ground\n|move|p2b: BIG D*CK|Protect|p2b: BIG D*CK\n|-singleturn|p2b: BIG D*CK|Protect\n|move|p1a: Iron Bundle|Icy Wind|p2b: BIG D*CK\n|-activate|p2b: BIG D*CK|move: Protect\n|move|p1b: Garchomp|Swords Dance|p1b: Garchomp\n|-boost|p1b: Garchomp|atk|2\n|\n|upkeep\n|turn|7\n|-message|PREMIERCONTEVGC forfeited.\n|\n|win|i beed my ped\n|raw|i beed my ped's rating: 1361 → 1376<\/strong> (+15 for winning)\n|raw|PREMIERCONTEVGC's rating: 1278 → 1259<\/strong> (-19 for losing)\n|l|\u2606PREMIERCONTEVGC\n","uploadtime":1683625697,"views":8,"p1id":"ibeedmyped","p2id":"premiercontevgc","formatid":"gen9vgc2023regulationc","rating":1259,"private":0,"password":""}