{"id":"gen9vgc2023regulationc-1847218717","p1":"FuryKillingz","p2":"Asd4321","format":"[Gen 9] VGC 2023 Regulation C","log":"|j|\u2606FuryKillingz\n|j|\u2606Asd4321\n|t:|1681928750\n|gametype|doubles\n|player|p1|FuryKillingz|102|1150\n|player|p2|Asd4321|supernerd|1247\n|teamsize|p1|6\n|teamsize|p2|6\n|gen|9\n|tier|[Gen 9] VGC 2023 Regulation C\n|rated|\n|rule|Species Clause: Limit one of each Pok\u00e9mon\n|rule|Item Clause: Limit one of each item\n|clearpoke\n|poke|p1|Lilligant, L50, F|\n|poke|p1|Torkoal, L50, F|\n|poke|p1|Flutter Mane, L50|\n|poke|p1|Kingambit, L50, F|\n|poke|p1|Dragonite, L50, F|\n|poke|p1|Great Tusk, L50|\n|poke|p2|Chi-Yu, L50|\n|poke|p2|Flutter Mane, L50|\n|poke|p2|Great Tusk, L50|\n|poke|p2|Corviknight, L50, F|\n|poke|p2|Palafin, L50, F|\n|poke|p2|Amoonguss, L50, F|\n|teampreview|4\n|\n|t:|1681928787\n|start\n|switch|p1a: TT|Lilligant, L50, F, shiny|100\/100\n|switch|p1b: Breakthrough|Torkoal, L50, F, shiny|100\/100\n|switch|p2a: Chi-Yu|Chi-Yu, L50|100\/100\n|switch|p2b: Palafin|Palafin, L50, F|100\/100\n|-ability|p2a: Chi-Yu|Beads of Ruin\n|-weather|SunnyDay|[from] ability: Drought|[of] p1b: Breakthrough\n|turn|1\n|\n|t:|1681928812\n|move|p2b: Palafin|Protect|p2b: Palafin\n|-singleturn|p2b: Palafin|Protect\n|move|p1a: TT|Leaf Storm|p2b: Palafin\n|-activate|p2b: Palafin|move: Protect\n|move|p2a: Chi-Yu|Heat Wave|p1a: TT|[spread] p1a,p1b\n|-supereffective|p1a: TT\n|-resisted|p1b: Breakthrough\n|-enditem|p1a: TT|Focus Sash\n|-damage|p1a: TT|1\/100\n|-damage|p1b: Breakthrough|51\/100\n|move|p1b: Breakthrough|Earth Power|p2a: Chi-Yu\n|-supereffective|p2a: Chi-Yu\n|-damage|p2a: Chi-Yu|39\/100\n|\n|-weather|SunnyDay|[upkeep]\n|upkeep\n|turn|2\n|\n|t:|1681928837\n|detailschange|p2b: Palafin|Palafin-Hero, L50, F\n|switch|p2b: Amoonguss|Amoonguss, L50, F|100\/100\n|move|p1a: TT|After You|p1b: Breakthrough\n|-activate|p1b: Breakthrough|move: After You\n|move|p1b: Breakthrough|Earth Power|p2a: Chi-Yu\n|-supereffective|p2a: Chi-Yu\n|-damage|p2a: Chi-Yu|0 fnt\n|faint|p2a: Chi-Yu\n|\n|-weather|SunnyDay|[upkeep]\n|upkeep\n|\n|t:|1681928845\n|switch|p2a: Palafin|Palafin-Hero, L50, F|100\/100\n|-activate|p2a: Palafin|ability: Zero to Hero\n|turn|3\n|\n|t:|1681928852\n|move|p2a: Palafin|Jet Punch|p1a: TT\n|-resisted|p1a: TT\n|-damage|p1a: TT|0 fnt\n|faint|p1a: TT\n|move|p2b: Amoonguss|Spore|p1b: Breakthrough\n|-status|p1b: Breakthrough|slp|[from] move: Spore\n|cant|p1b: Breakthrough|slp\n|\n|-weather|SunnyDay|[upkeep]\n|upkeep\n|\n|t:|1681928861\n|switch|p1a: HOT|Kingambit, L50, F, shiny|100\/100\n|turn|4\n|\n|t:|1681928883\n|move|p2a: Palafin|Protect|p2a: Palafin\n|-singleturn|p2a: Palafin|Protect\n|move|p1a: HOT|Kowtow Cleave|p2a: Palafin\n|-activate|p2a: Palafin|move: Protect\n|move|p2b: Amoonguss|Spore|p1a: HOT\n|-status|p1a: HOT|slp|[from] move: Spore\n|cant|p1b: Breakthrough|slp\n|\n|-weather|SunnyDay|[upkeep]\n|upkeep\n|turn|5\n|inactive|Battle timer is ON: inactive players will automatically lose when time's up. (requested by Asd4321)\n|\n|t:|1681928952\n|-terastallize|p2a: Palafin|Water\n|move|p2a: Palafin|Wave Crash|p1b: Breakthrough\n|-supereffective|p1b: Breakthrough\n|-damage|p1b: Breakthrough|0 fnt\n|faint|p1b: Breakthrough\n|-damage|p2a: Palafin|86\/100|[from] Recoil\n|cant|p1a: HOT|slp\n|move|p2b: Amoonguss|Pollen Puff|p2a: Palafin\n|-heal|p2a: Palafin|100\/100\n|\n|-weather|none\n|upkeep\n|c|\u2606FuryKillingz|this is bs\n|c|\u2606FuryKillingz|game\n|c|\u2606FuryKillingz|stuoid amoongus\n|\n|t:|1681928966\n|switch|p1b: Espresso|Dragonite, L50, F|100\/100\n|turn|6\n|\n|t:|1681928977\n|-terastallize|p1b: Espresso|Flying\n|move|p2a: Palafin|Wave Crash|p1a: HOT\n|-damage|p1a: HOT|3\/100 slp\n|-damage|p2a: Palafin|67\/100|[from] Recoil\n|move|p1b: Espresso|Tera Blast|p2b: Amoonguss\n|-supereffective|p2b: Amoonguss\n|-damage|p2b: Amoonguss|0 fnt\n|faint|p2b: Amoonguss\n|cant|p1a: HOT|slp\n|\n|upkeep\n|\n|t:|1681928984\n|switch|p2b: Great Tusk|Great Tusk, L50|100\/100\n|turn|7\n|\n|t:|1681928994\n|move|p1b: Espresso|Extreme Speed|p2a: Palafin\n|-damage|p2a: Palafin|38\/100\n|move|p2a: Palafin|Jet Punch|p1a: HOT\n|-damage|p1a: HOT|0 fnt\n|faint|p1a: HOT\n|move|p2b: Great Tusk|Ice Spinner|p1b: Espresso\n|-supereffective|p1b: Espresso\n|-damage|p1b: Espresso|73\/100\n|\n|upkeep\n|turn|8\n|\n|t:|1681929009\n|move|p2a: Palafin|Jet Punch|p1b: Espresso\n|-damage|p1b: Espresso|8\/100\n|move|p2b: Great Tusk|Ice Spinner|p1b: Espresso\n|-supereffective|p1b: Espresso\n|-damage|p1b: Espresso|0 fnt\n|faint|p1b: Espresso\n|\n|win|Asd4321\n|raw|FuryKillingz's rating: 1150 → 1132<\/strong> (-18 for losing)\n|raw|Asd4321's rating: 1247 → 1265<\/strong> (+18 for winning)\n|c|\u2606Asd4321|EZ\n|l|\u2606FuryKillingz\n","uploadtime":1681929066,"views":13,"p1id":"furykillingz","p2id":"asd4321","formatid":"gen9vgc2023regulationc","rating":1132,"private":0,"password":""}